{"id":"gen9vgc2023regulationc-1846745738","p1":"tatsugirl i~","p2":"PTP_VGC","format":"[Gen 9] VGC 2023 Regulation C","log":"|j|\u2606tatsugirl i~\n|j|\u2606PTP_VGC\n|t:|1681873199\n|gametype|doubles\n|player|p1|tatsugirl i~|may-masters|\n|player|p2|PTP_VGC|biker-gen4|\n|teamsize|p1|6\n|teamsize|p2|6\n|gen|9\n|tier|[Gen 9] VGC 2023 Regulation C\n|rated|Tournament battle\n|rule|Species Clause: Limit one of each Pok\u00e9mon\n|rule|Item Clause: Limit one of each item\n|clearpoke\n|poke|p1|Kingambit, L50, F|\n|poke|p1|Gyarados, L50, M|\n|poke|p1|Dragapult, L50, M|\n|poke|p1|Flutter Mane, L50|\n|poke|p1|Chi-Yu, L50|\n|poke|p1|Dachsbun, L50, F|\n|poke|p2|Chien-Pao, L50|\n|poke|p2|Hawlucha, L50, M|\n|poke|p2|Indeedee-F, L50, F|\n|poke|p2|Armarouge, L50, F|\n|poke|p2|Palafin, L50, M|\n|poke|p2|Sandy Shocks, L50|\n|teampreview|4\n|raw| Open Team Sheet for tatsugirl i~<\/summary>Kingambit @ Safety Goggles Ability: Defiant Level: 50 Tera Type: Fire - Sucker Punch - Iron Head - Kowtow Cleave - Protect Gyarados @ Rocky Helmet Ability: Intimidate Level: 50 Tera Type: Steel - Waterfall - Iron Head - Icy Wind - Protect Dragapult @ Life Orb Ability: Clear Body Level: 50 Tera Type: Steel - Dragon Darts - Phantom Force - Will-O-Wisp - Protect Flutter Mane @ Booster Energy Ability: Protosynthesis Level: 50 Tera Type: Fairy - Shadow Ball - Moonblast - Dazzling Gleam - Protect Chi-Yu @ Charcoal Ability: Beads of Ruin Level: 50 Tera Type: Grass - Lava Plume - Heat Wave - Dark Pulse - Protect Dachsbun @ Leftovers Ability: Well-Baked Body Level: 50 Tera Type: Steel - Body Press - Play Rough - Yawn - Protect <\/details><\/div> Open Team Sheet for PTP_VGC<\/summary>Chien-Pao @ Focus Sash Ability: Sword of Ruin Level: 50 Tera Type: Dark - Throat Chop - Ice Spinner - Haze - Protect Hawlucha @ Psychic Seed Ability: Unburden Level: 50 Tera Type: Steel - Flying Press - Acrobatics - Swords Dance - Detect Indeedee (Indeedee-F) (F) @ Safety Goggles Ability: Psychic Surge Level: 50 Tera Type: Fairy - Follow Me - Psychic - Heal Pulse - Protect Armarouge @ Life Orb Ability: Flash Fire Level: 50 Tera Type: Grass - Armor Cannon - Expanding Force - Trick Room - Protect Palafin @ Eject Pack Ability: Zero to Hero Level: 50 Tera Type: Water - Wave Crash - Jet Punch - Close Combat - Protect Sandy Shocks @ Booster Energy Ability: Protosynthesis Level: 50 Tera Type: Grass - Thunderbolt - Earth Power - Tera Blast - Protect <\/details><\/div>\n|inactive|Battle timer is ON: inactive players will automatically lose when time's up. (requested by PTP_VGC)\n|j| Radio Free C-Side\n|inactive|tatsugirl i~ has 60 seconds left.\n|inactive|PTP_VGC has 60 seconds left.\n|inactive|PTP_VGC has 30 seconds left.\n|\n|t:|1681873272\n|start\n|switch|p1a: Gyarados|Gyarados, L50, M|100\/100\n|switch|p1b: Dragapult|Dragapult, L50, M|100\/100\n|switch|p2a: Hawlucha|Hawlucha, L50, M|100\/100\n|switch|p2b: Palafin|Palafin, L50, M|100\/100\n|-ability|p1a: Gyarados|Intimidate|boost\n|-unboost|p2a: Hawlucha|atk|1\n|-unboost|p2b: Palafin|atk|1\n|-enditem|p2b: Palafin|Eject Pack\n|\n|t:|1681873287\n|detailschange|p2b: Palafin|Palafin-Hero, L50, M\n|switch|p2b: Armarouge|Armarouge, L50, F|100\/100\n|turn|1\n|inactive|tatsugirl i~ has 30 seconds left.\n|\n|t:|1681873319\n|switch|p2a: Indeedee|Indeedee-F, L50, F|100\/100\n|-fieldstart|move: Psychic Terrain|[from] ability: Psychic Surge|[of] p2a: Indeedee\n|switch|p1a: Kingambit|Kingambit, L50, F|100\/100\n|-terastallize|p2b: Armarouge|Grass\n|move|p1b: Dragapult|Dragon Darts|p2a: Indeedee\n|-damage|p2a: Indeedee|71\/100\n|-anim|p1b: Dragapult|Dragon Darts|p2b: Armarouge\n|-damage|p2b: Armarouge|71\/100\n|-damage|p1b: Dragapult|91\/100|[from] item: Life Orb\n|move|p2b: Armarouge|Expanding Force|p1a: Kingambit|[spread] p1b\n|-immune|p1a: Kingambit\n|-damage|p1b: Dragapult|0 fnt\n|faint|p1b: Dragapult\n|-damage|p2b: Armarouge|62\/100|[from] item: Life Orb\n|\n|upkeep\n|\n|t:|1681873337\n|switch|p1b: Flutter Mane|Flutter Mane, L50|100\/100\n|-enditem|p1b: Flutter Mane|Booster Energy\n|-activate|p1b: Flutter Mane|ability: Protosynthesis|[fromitem]\n|-start|p1b: Flutter Mane|protosynthesisspe\n|turn|2\n|inactive|tatsugirl i~ has 30 seconds left.\n|inactive|PTP_VGC has 30 seconds left.\n|\n|t:|1681873372\n|move|p1b: Flutter Mane|Protect|p1b: Flutter Mane\n|-singleturn|p1b: Flutter Mane|Protect\n|move|p2b: Armarouge|Protect|p2b: Armarouge\n|-singleturn|p2b: Armarouge|Protect\n|move|p2a: Indeedee|Protect|p2a: Indeedee\n|-singleturn|p2a: Indeedee|Protect\n|move|p1a: Kingambit|Protect||[still]\n|-fail|p1a: Kingambit\n|\n|upkeep\n|turn|3\n|c| Radio Free C-Side|twas a lot of protects\n|inactive|tatsugirl i~ has 30 seconds left.\n|\n|t:|1681873403\n|-terastallize|p1b: Flutter Mane|Fairy\n|move|p2a: Indeedee|Follow Me|p2a: Indeedee\n|-singleturn|p2a: Indeedee|move: Follow Me\n|move|p1b: Flutter Mane|Dazzling Gleam|p2a: Indeedee|[spread] p2a,p2b\n|-damage|p2a: Indeedee|30\/100\n|-damage|p2b: Armarouge|7\/100\n|move|p2b: Armarouge|Armor Cannon|p1a: Kingambit\n|-supereffective|p1a: Kingambit\n|-damage|p1a: Kingambit|0 fnt\n|-unboost|p2b: Armarouge|def|1\n|-unboost|p2b: Armarouge|spd|1\n|faint|p1a: Kingambit\n|-damage|p2b: Armarouge|0 fnt|[from] item: Life Orb\n|faint|p2b: Armarouge\n|\n|upkeep\n|inactive|PTP_VGC has 30 seconds left.\n|\n|t:|1681873436\n|switch|p2b: Hawlucha|Hawlucha, L50, M|100\/100\n|switch|p1a: Gyarados|Gyarados, L50, M|100\/100\n|-enditem|p2b: Hawlucha|Psychic Seed\n|-boost|p2b: Hawlucha|spd|1|[from] item: Psychic Seed\n|-ability|p1a: Gyarados|Intimidate|boost\n|-unboost|p2a: Indeedee|atk|1\n|-unboost|p2b: Hawlucha|atk|1\n|turn|4\n|\n|t:|1681873453\n|move|p2a: Indeedee|Protect|p2a: Indeedee\n|-singleturn|p2a: Indeedee|Protect\n|move|p2b: Hawlucha|Acrobatics|p1b: Flutter Mane\n|-damage|p1b: Flutter Mane|38\/100\n|move|p1b: Flutter Mane|Dazzling Gleam|p2a: Indeedee|[spread] p2b\n|-activate|p2a: Indeedee|move: Protect\n|-supereffective|p2b: Hawlucha\n|-damage|p2b: Hawlucha|16\/100\n|move|p1a: Gyarados|Waterfall|p2b: Hawlucha\n|-damage|p2b: Hawlucha|0 fnt\n|faint|p2b: Hawlucha\n|\n|upkeep\n|j| CursedWords\n|\n|t:|1681873460\n|switch|p2b: Palafin|Palafin-Hero, L50, M|100\/100\n|-activate|p2b: Palafin|ability: Zero to Hero\n|turn|5\n|c|\u2606tatsugirl i~|maybe this gyara needs twave after all\n|inactive|PTP_VGC has 30 seconds left.\n|\n|t:|1681873491\n|move|p2b: Palafin|Protect|p2b: Palafin\n|-singleturn|p2b: Palafin|Protect\n|move|p2a: Indeedee|Protect||[still]\n|-fail|p2a: Indeedee\n|move|p1b: Flutter Mane|Dazzling Gleam|p2b: Palafin|[spread] p2a\n|-activate|p2b: Palafin|move: Protect\n|-damage|p2a: Indeedee|0 fnt\n|faint|p2a: Indeedee\n|move|p1a: Gyarados|Waterfall|p2b: Palafin\n|-activate|p2b: Palafin|move: Protect\n|\n|-fieldend|move: Psychic Terrain\n|upkeep\n|turn|6\n|\n|t:|1681873502\n|move|p1b: Flutter Mane|Protect|p1b: Flutter Mane\n|-singleturn|p1b: Flutter Mane|Protect\n|move|p2b: Palafin|Wave Crash|p1a: Gyarados\n|-resisted|p1a: Gyarados\n|-damage|p1a: Gyarados|62\/100\n|-damage|p2b: Palafin|84\/100|[from] item: Rocky Helmet|[of] p1a: Gyarados\n|-damage|p2b: Palafin|70\/100|[from] Recoil\n|move|p1a: Gyarados|Waterfall|p2b: Palafin\n|-resisted|p2b: Palafin\n|-damage|p2b: Palafin|53\/100\n|\n|upkeep\n|turn|7\n|\n|t:|1681873514\n|move|p1b: Flutter Mane|Protect||[still]\n|-fail|p1b: Flutter Mane\n|move|p2b: Palafin|Jet Punch|p1b: Flutter Mane\n|-damage|p1b: Flutter Mane|0 fnt\n|faint|p1b: Flutter Mane\n|-end|p1b: Flutter Mane|Protosynthesis|[silent]\n|move|p1a: Gyarados|Icy Wind|p2b: Palafin\n|-resisted|p2b: Palafin\n|-damage|p2b: Palafin|49\/100\n|-unboost|p2b: Palafin|spe|1\n|\n|upkeep\n|turn|8\n|\n|t:|1681873523\n|move|p1a: Gyarados|Waterfall|p2b: Palafin\n|-resisted|p2b: Palafin\n|-damage|p2b: Palafin|33\/100\n|cant|p2b: Palafin|flinch\n|\n|upkeep\n|turn|9\n|\n|t:|1681873544\n|move|p1a: Gyarados|Waterfall|p2b: Palafin\n|-resisted|p2b: Palafin\n|-damage|p2b: Palafin|17\/100\n|move|p2b: Palafin|Wave Crash|p1a: Gyarados\n|-resisted|p1a: Gyarados\n|-damage|p1a: Gyarados|21\/100\n|-damage|p2b: Palafin|1\/100|[from] item: Rocky Helmet|[of] p1a: Gyarados\n|-damage|p2b: Palafin|0 fnt|[from] Recoil\n|faint|p2b: Palafin\n|\n|win|tatsugirl i~\n|n|\u2606tatsugirl i~|tatsugirli\n|n|\u2606PTP_VGC|ptpvgc\n|n| Radio Free C-Side|radiofreecside\n|n| CursedWords|cursedwords\n|c|\u2606PTP_VGC|gg\n|c|\u2606tatsugirl i~|gg\n|l| Radio Free C-Side\n|l|\u2606PTP_VGC\n","uploadtime":1681873555,"views":11,"p1id":"tatsugirli","p2id":"ptpvgc","formatid":"gen9vgc2023regulationc","rating":0,"private":0,"password":""}