{"id":"gen9vgc2023regulationc-1862734335","p1":"Garganacl_HATER","p2":"Arcacagne","format":"[Gen 9] VGC 2023 Regulation C","log":"|j|\u2606Garganacl_HATER\n|j|\u2606Arcacagne\n|t:|1683916540\n|gametype|doubles\n|player|p1|Garganacl_HATER|brycenman|1226\n|player|p2|Arcacagne|169|1168\n|teamsize|p1|6\n|teamsize|p2|6\n|gen|9\n|tier|[Gen 9] VGC 2023 Regulation C\n|rated|\n|rule|Species Clause: Limit one of each Pok\u00e9mon\n|rule|Item Clause: Limit one of each item\n|clearpoke\n|poke|p1|Tinkaton, L50, F|\n|poke|p1|Iron Hands, L50|\n|poke|p1|Gholdengo, L50|\n|poke|p1|Iron Bundle, L50|\n|poke|p1|Roaring Moon, L50|\n|poke|p1|Chi-Yu, L50|\n|poke|p2|Chi-Yu, L50|\n|poke|p2|Flutter Mane, L50|\n|poke|p2|Amoonguss, L50, M|\n|poke|p2|Ting-Lu, L50|\n|poke|p2|Iron Hands, L50|\n|poke|p2|Gyarados, L50, M|\n|teampreview|4\n|c|\u2606Garganacl_HATER|glhf\n|c|\u2606Arcacagne|glhf\n|\n|t:|1683916576\n|start\n|switch|p1a: Deliveroo|Iron Bundle, L50|100\/100\n|switch|p1b: Nemo|Chi-Yu, L50|100\/100\n|switch|p2a: Chi-Yu|Chi-Yu, L50|100\/100\n|switch|p2b: Iron Hands|Iron Hands, L50|100\/100\n|-ability|p2a: Chi-Yu|Beads of Ruin\n|-ability|p1b: Nemo|Beads of Ruin\n|turn|1\n|\n|t:|1683916616\n|move|p1a: Deliveroo|Hydro Pump|p2a: Chi-Yu\n|-supereffective|p2a: Chi-Yu\n|-enditem|p2a: Chi-Yu|Focus Sash\n|-damage|p2a: Chi-Yu|1\/100\n|move|p2a: Chi-Yu|Dark Pulse|p1a: Deliveroo\n|-enditem|p1a: Deliveroo|Focus Sash\n|-damage|p1a: Deliveroo|1\/100\n|move|p1b: Nemo|Heat Wave|p2a: Chi-Yu|[spread] p2a,p2b\n|-resisted|p2a: Chi-Yu\n|-damage|p2a: Chi-Yu|0 fnt\n|-damage|p2b: Iron Hands|65\/100\n|-status|p2b: Iron Hands|brn\n|-enditem|p2b: Iron Hands|Lum Berry|[eat]\n|-curestatus|p2b: Iron Hands|brn|[msg]\n|faint|p2a: Chi-Yu\n|move|p2b: Iron Hands|Drain Punch|p1b: Nemo\n|-supereffective|p1b: Nemo\n|-damage|p1b: Nemo|0 fnt\n|-heal|p2b: Iron Hands|91\/100|[from] drain|[of] p1b: Nemo\n|faint|p1b: Nemo\n|\n|upkeep\n|\n|t:|1683916639\n|switch|p2a: Ting-Lu|Ting-Lu, L50|100\/100\n|switch|p1b: Indiana Gold|Gholdengo, L50|100\/100\n|-ability|p2a: Ting-Lu|Vessel of Ruin\n|turn|2\n|\n|t:|1683916653\n|-end|p2b: Iron Hands|Quark Drive|[silent]\n|switch|p2b: Gyarados|Gyarados, L50, M|100\/100\n|-ability|p2b: Gyarados|Intimidate|boost\n|-unboost|p1a: Deliveroo|atk|1\n|-unboost|p1b: Indiana Gold|atk|1\n|-terastallize|p2a: Ting-Lu|Poison\n|move|p1a: Deliveroo|Hydro Pump|p2a: Ting-Lu\n|-damage|p2a: Ting-Lu|69\/100\n|move|p1b: Indiana Gold|Nasty Plot|p1b: Indiana Gold\n|-boost|p1b: Indiana Gold|spa|2\n|move|p2a: Ting-Lu|Earthquake|p1a: Deliveroo|[spread] p1a,p1b\n|-immune|p2b: Gyarados\n|-supereffective|p1b: Indiana Gold\n|-damage|p1a: Deliveroo|0 fnt\n|-damage|p1b: Indiana Gold|0 fnt\n|faint|p1a: Deliveroo\n|-end|p1a: Deliveroo|Quark Drive|[silent]\n|faint|p1b: Indiana Gold\n|\n|upkeep\n|\n|t:|1683916664\n|switch|p1b: Cresendo|Roaring Moon, L50|100\/100\n|-enditem|p1b: Cresendo|Booster Energy\n|-activate|p1b: Cresendo|ability: Protosynthesis|[fromitem]\n|-start|p1b: Cresendo|protosynthesisatk\n|turn|3\n|\n|t:|1683916675\n|-terastallize|p1b: Cresendo|Flying\n|move|p1b: Cresendo|Dragon Dance|p1b: Cresendo\n|-boost|p1b: Cresendo|atk|1\n|-boost|p1b: Cresendo|spe|1\n|move|p2b: Gyarados|Thunder Wave|p1b: Cresendo\n|-status|p1b: Cresendo|par\n|move|p2a: Ting-Lu|Earthquake|p1b: Cresendo|[spread] \n|-immune|p2b: Gyarados\n|-immune|p1b: Cresendo\n|\n|upkeep\n|turn|4\n|\n|t:|1683916688\n|switch|p2a: Iron Hands|Iron Hands, L50|91\/100\n|move|p2b: Gyarados|Waterfall|p1b: Cresendo\n|-damage|p1b: Cresendo|66\/100 par\n|cant|p1b: Cresendo|par\n|\n|upkeep\n|turn|5\n|\n|t:|1683916703\n|move|p2a: Iron Hands|Fake Out|p1b: Cresendo\n|-damage|p1b: Cresendo|52\/100 par\n|move|p2b: Gyarados|Waterfall|p1b: Cresendo\n|-damage|p1b: Cresendo|16\/100 par\n|cant|p1b: Cresendo|flinch\n|\n|upkeep\n|turn|6\n|c|\u2606Arcacagne|gg\n|c|\u2606Garganacl_HATER|gg\n|\n|t:|1683916714\n|move|p2b: Gyarados|Waterfall|p1b: Cresendo\n|-crit|p1b: Cresendo\n|-damage|p1b: Cresendo|0 fnt\n|faint|p1b: Cresendo\n|-end|p1b: Cresendo|Protosynthesis|[silent]\n|\n|win|Arcacagne\n|raw|Garganacl_HATER's rating: 1226 → 1197<\/strong> (-29 for losing)\n|raw|Arcacagne's rating: 1168 → 1197<\/strong> (+29 for winning)\n|l|\u2606Garganacl_HATER\n","uploadtime":1683916722,"views":16,"p1id":"garganaclhater","p2id":"arcacagne","formatid":"gen9vgc2023regulationc","rating":1197,"private":0,"password":""}