{"id":"gen9vgc2023regulationc-1857393064","p1":"MidianVGC","p2":"Camitest","format":"[Gen 9] VGC 2023 Regulation C","log":"|j|\u2606MidianVGC\n|j|\u2606Camitest\n|t:|1683185718\n|gametype|doubles\n|player|p1|MidianVGC|265|1311\n|player|p2|Camitest|gladion|1346\n|teamsize|p1|6\n|teamsize|p2|6\n|gen|9\n|tier|[Gen 9] VGC 2023 Regulation C\n|rated|\n|rule|Species Clause: Limit one of each Pok\u00e9mon\n|rule|Item Clause: Limit one of each item\n|clearpoke\n|poke|p1|Iron Moth, L50|\n|poke|p1|Garganacl, L50, M|\n|poke|p1|Indeedee-F, L50, F|\n|poke|p1|Ting-Lu, L50|\n|poke|p1|Bronzong, L50|\n|poke|p1|Gholdengo, L50|\n|poke|p2|Ting-Lu, L50|\n|poke|p2|Baxcalibur, L50, F|\n|poke|p2|Arcanine, L50, M|\n|poke|p2|Amoonguss, L50, M|\n|poke|p2|Palafin, L50, M|\n|poke|p2|Flutter Mane, L50|\n|teampreview|4\n|\n|t:|1683185787\n|start\n|switch|p1a: Garganacl|Garganacl, L50, M, shiny|100\/100\n|switch|p1b: Bronzong|Bronzong, L50, shiny|100\/100\n|switch|p2a: Ting-Lu|Ting-Lu, L50|100\/100\n|switch|p2b: Palafin|Palafin, L50, M, shiny|100\/100\n|-ability|p2a: Ting-Lu|Vessel of Ruin\n|turn|1\n|\n|t:|1683185804\n|-terastallize|p2b: Palafin|Water\n|-terastallize|p1a: Garganacl|Grass\n|move|p2b: Palafin|Wave Crash|p1a: Garganacl\n|-resisted|p1a: Garganacl\n|-damage|p1a: Garganacl|75\/100\n|-damage|p2b: Palafin|92\/100|[from] Recoil\n|move|p2a: Ting-Lu|Stomping Tantrum|p1a: Garganacl\n|-resisted|p1a: Garganacl\n|-damage|p1a: Garganacl|62\/100\n|move|p1a: Garganacl|Salt Cure|p2a: Ting-Lu\n|-resisted|p2a: Ting-Lu\n|-damage|p2a: Ting-Lu|96\/100\n|-start|p2a: Ting-Lu|Salt Cure\n|move|p1b: Bronzong|Trick Room|p1b: Bronzong\n|-fieldstart|move: Trick Room|[of] p1b: Bronzong\n|\n|-heal|p1a: Garganacl|68\/100|[from] item: Leftovers\n|-damage|p2a: Ting-Lu|84\/100|[from] Salt Cure\n|upkeep\n|turn|2\n|\n|t:|1683185822\n|detailschange|p2b: Palafin|Palafin-Hero, L50, M, shiny, tera:Water\n|switch|p2b: Baxcalibur|Baxcalibur, L50, F|100\/100\n|move|p1b: Bronzong|Iron Defense|p1b: Bronzong\n|-boost|p1b: Bronzong|def|2\n|move|p1a: Garganacl|Salt Cure|p2b: Baxcalibur\n|-supereffective|p2b: Baxcalibur\n|-damage|p2b: Baxcalibur|78\/100\n|-start|p2b: Baxcalibur|Salt Cure\n|move|p2a: Ting-Lu|Ruination|p1b: Bronzong|[miss]\n|-miss|p2a: Ting-Lu|p1b: Bronzong\n|\n|-heal|p1a: Garganacl|74\/100|[from] item: Leftovers\n|-damage|p2a: Ting-Lu|71\/100|[from] Salt Cure\n|-damage|p2b: Baxcalibur|65\/100|[from] Salt Cure\n|upkeep\n|turn|3\n|\n|t:|1683185854\n|switch|p2b: Flutter Mane|Flutter Mane, L50|100\/100\n|move|p1b: Bronzong|Iron Defense|p1b: Bronzong\n|-boost|p1b: Bronzong|def|2\n|move|p1a: Garganacl|Recover|p1a: Garganacl\n|-heal|p1a: Garganacl|100\/100\n|move|p2a: Ting-Lu|Ruination|p1b: Bronzong\n|-damage|p1b: Bronzong|50\/100\n|\n|-damage|p2a: Ting-Lu|59\/100|[from] Salt Cure\n|upkeep\n|turn|4\n|\n|t:|1683185881\n|-end|p2b: Flutter Mane|Protosynthesis|[silent]\n|switch|p2b: Palafin|Palafin-Hero, L50, M, shiny, tera:Water|92\/100\n|-activate|p2b: Palafin|ability: Zero to Hero\n|move|p1b: Bronzong|Body Press|p2a: Ting-Lu\n|-supereffective|p2a: Ting-Lu\n|-damage|p2a: Ting-Lu|0 fnt\n|faint|p2a: Ting-Lu\n|move|p1a: Garganacl|Heavy Slam|p2b: Palafin\n|-resisted|p2b: Palafin\n|-damage|p2b: Palafin|86\/100\n|\n|upkeep\n|\n|t:|1683185896\n|switch|p2a: Baxcalibur|Baxcalibur, L50, F|65\/100\n|turn|5\n|\n|t:|1683185907\n|switch|p2b: Flutter Mane|Flutter Mane, L50|100\/100\n|move|p2a: Baxcalibur|Protect|p2a: Baxcalibur\n|-singleturn|p2a: Baxcalibur|Protect\n|move|p1b: Bronzong|Body Press|p2a: Baxcalibur\n|-activate|p2a: Baxcalibur|move: Protect\n|move|p1a: Garganacl|Salt Cure|p2b: Flutter Mane\n|-damage|p2b: Flutter Mane|82\/100\n|-start|p2b: Flutter Mane|Salt Cure\n|\n|-damage|p2b: Flutter Mane|70\/100|[from] Salt Cure\n|-fieldend|move: Trick Room\n|upkeep\n|turn|6\n|\n|t:|1683185947\n|move|p2b: Flutter Mane|Shadow Ball|p1b: Bronzong\n|-supereffective|p1b: Bronzong\n|-damage|p1b: Bronzong|0 fnt\n|faint|p1b: Bronzong\n|move|p2a: Baxcalibur|Icicle Crash|p1a: Garganacl\n|-supereffective|p1a: Garganacl\n|-damage|p1a: Garganacl|27\/100\n|move|p1a: Garganacl|Salt Cure|p2a: Baxcalibur\n|-supereffective|p2a: Baxcalibur\n|-damage|p2a: Baxcalibur|42\/100\n|-start|p2a: Baxcalibur|Salt Cure\n|\n|-heal|p1a: Garganacl|33\/100|[from] item: Leftovers\n|-damage|p2b: Flutter Mane|58\/100|[from] Salt Cure\n|-damage|p2a: Baxcalibur|30\/100|[from] Salt Cure\n|upkeep\n|\n|t:|1683185965\n|switch|p1b: Gholdengo|Gholdengo, L50|100\/100\n|turn|7\n|\n|t:|1683185986\n|switch|p2a: Palafin|Palafin-Hero, L50, M, shiny, tera:Water|86\/100\n|move|p1b: Gholdengo|Make It Rain|p2b: Flutter Mane|[spread] p2a,p2b\n|-resisted|p2a: Palafin\n|-supereffective|p2b: Flutter Mane\n|-damage|p2a: Palafin|64\/100\n|-damage|p2b: Flutter Mane|0 fnt\n|-unboost|p1b: Gholdengo|spa|1\n|faint|p2b: Flutter Mane\n|-end|p2b: Flutter Mane|Protosynthesis|[silent]\n|move|p1a: Garganacl|Heavy Slam|p2a: Palafin\n|-resisted|p2a: Palafin\n|-damage|p2a: Palafin|59\/100\n|\n|-heal|p1a: Garganacl|39\/100|[from] item: Leftovers\n|upkeep\n|\n|t:|1683185993\n|switch|p2b: Baxcalibur|Baxcalibur, L50, F|30\/100\n|turn|8\n|\n|t:|1683186013\n|move|p2b: Baxcalibur|Protect|p2b: Baxcalibur\n|-singleturn|p2b: Baxcalibur|Protect\n|move|p1b: Gholdengo|Make It Rain|p2a: Palafin|[spread] p2a\n|-activate|p2b: Baxcalibur|move: Protect\n|-resisted|p2a: Palafin\n|-damage|p2a: Palafin|44\/100\n|-unboost|p1b: Gholdengo|spa|1\n|move|p2a: Palafin|Wave Crash|p1b: Gholdengo\n|-damage|p1b: Gholdengo|0 fnt\n|faint|p1b: Gholdengo\n|-damage|p2a: Palafin|17\/100|[from] Recoil\n|move|p1a: Garganacl|Salt Cure|p2a: Palafin\n|-damage|p2a: Palafin|4\/100\n|-start|p2a: Palafin|Salt Cure\n|\n|-heal|p1a: Garganacl|44\/100|[from] item: Leftovers\n|-damage|p2a: Palafin|0 fnt|[from] Salt Cure\n|faint|p2a: Palafin\n|upkeep\n|\n|t:|1683186031\n|switch|p1b: Iron Moth|Iron Moth, L50, shiny|100\/100\n|-enditem|p1b: Iron Moth|Booster Energy\n|-activate|p1b: Iron Moth|ability: Quark Drive|[fromitem]\n|-start|p1b: Iron Moth|quarkdrivespa\n|turn|9\n|\n|t:|1683186052\n|move|p1b: Iron Moth|Fiery Dance|p2b: Baxcalibur\n|-damage|p2b: Baxcalibur|0 fnt\n|faint|p2b: Baxcalibur\n|\n|win|MidianVGC\n|raw|MidianVGC's rating: 1311 → 1333<\/strong> (+22 for winning)\n|raw|Camitest's rating: 1346 → 1324<\/strong> (-22 for losing)\n|l|\u2606Camitest\n","uploadtime":1683186069,"views":8,"p1id":"midianvgc","p2id":"camitest","formatid":"gen9vgc2023regulationc","rating":1324,"private":0,"password":""}