{"id":"gen9vgc2023regulationc-1856311952","p1":"Dr necro","p2":"Rest9","format":"[Gen 9] VGC 2023 Regulation C","log":"|j|\u2606Dr necro\n|j|\u2606Rest9\n|t:|1683049867\n|gametype|doubles\n|player|p1|Dr necro|170|1534\n|player|p2|Rest9|266|1563\n|teamsize|p1|6\n|teamsize|p2|6\n|gen|9\n|tier|[Gen 9] VGC 2023 Regulation C\n|rated|\n|rule|Species Clause: Limit one of each Pok\u00e9mon\n|rule|Item Clause: Limit one of each item\n|clearpoke\n|poke|p1|Dragonite, L50, F|\n|poke|p1|Iron Bundle, L50|\n|poke|p1|Chi-Yu, L50|\n|poke|p1|Glimmora, L50, M|\n|poke|p1|Dondozo, L50, M|\n|poke|p1|Tatsugiri, L50, F|\n|poke|p2|Glimmora, L50, M|\n|poke|p2|Chi-Yu, L50|\n|poke|p2|Dondozo, L50, F|\n|poke|p2|Tatsugiri-Stretchy, L50, F|\n|poke|p2|Iron Bundle, L50|\n|poke|p2|Scizor, L50, M|\n|teampreview|4\n|inactive|Battle timer is ON: inactive players will automatically lose when time's up. (requested by Rest9)\nDr necro has agreed to open team sheets.\n|j| Sc2Nova\n|\n|t:|1683049891\n|start\n|switch|p1a: Glimmora|Glimmora, L50, M|100\/100\n|switch|p1b: Dondozo|Dondozo, L50, M|100\/100\n|switch|p2a: Glimmora|Glimmora, L50, M|100\/100\n|switch|p2b: Iron Bundle|Iron Bundle, L50, shiny|100\/100\n|-enditem|p2b: Iron Bundle|Booster Energy\n|-activate|p2b: Iron Bundle|ability: Quark Drive|[fromitem]\n|-start|p2b: Iron Bundle|quarkdrivespe\n|turn|1\n|inactive|Dr necro has 30 seconds left.\n|inactive|Dr necro has 20 seconds left.\n|\n|t:|1683049931\n|-terastallize|p1a: Glimmora|Grass\n|move|p1b: Dondozo|Protect|p1b: Dondozo\n|-singleturn|p1b: Dondozo|Protect\n|move|p2b: Iron Bundle|Freeze-Dry|p1b: Dondozo\n|-activate|p1b: Dondozo|move: Protect\n|move|p2a: Glimmora|Mortal Spin|p1a: Glimmora|[spread] p1a\n|-activate|p1b: Dondozo|move: Protect\n|-supereffective|p1a: Glimmora\n|-crit|p1a: Glimmora\n|-damage|p1a: Glimmora|86\/100\n|-status|p1a: Glimmora|psn\n|-activate|p1a: Glimmora|ability: Toxic Debris\n|-sidestart|p2: Rest9|move: Toxic Spikes\n|-sideend|p2: Rest9|Toxic Spikes|[from] move: Mortal Spin|[of] p2a: Glimmora\n|move|p1a: Glimmora|Power Gem|p2b: Iron Bundle\n|-supereffective|p2b: Iron Bundle\n|-damage|p2b: Iron Bundle|0 fnt\n|faint|p2b: Iron Bundle\n|-end|p2b: Iron Bundle|Quark Drive|[silent]\n|\n|-damage|p1a: Glimmora|74\/100 psn|[from] psn\n|upkeep\n|\n|t:|1683049952\n|switch|p2b: Dondozo|Dondozo, L50, F|100\/100\n|turn|2\n|j| VGCGargamel\n|\n|t:|1683049976\n|move|p2a: Glimmora|Sludge Bomb|p1a: Glimmora\n|-supereffective|p1a: Glimmora\n|-damage|p1a: Glimmora|11\/100 psn\n|move|p1a: Glimmora|Mortal Spin|p2a: Glimmora|[spread] p2a,p2b\n|-resisted|p2a: Glimmora\n|-crit|p2a: Glimmora\n|-damage|p2a: Glimmora|99\/100\n|-damage|p2b: Dondozo|97\/100\n|-status|p2b: Dondozo|psn\n|-activate|p2a: Glimmora|ability: Toxic Debris\n|-sidestart|p1: Dr necro|move: Toxic Spikes\n|-sideend|p1: Dr necro|Toxic Spikes|[from] move: Mortal Spin|[of] p1a: Glimmora\n|move|p2b: Dondozo|Rock Slide|p1b: Dondozo|[spread] p1a,p1b\n|-damage|p1a: Glimmora|0 fnt\n|-damage|p1b: Dondozo|88\/100\n|-activate|p1a: Glimmora|ability: Toxic Debris\n|-sidestart|p2: Rest9|move: Toxic Spikes\n|faint|p1a: Glimmora\n|move|p1b: Dondozo|Wave Crash|p2b: Dondozo\n|-resisted|p2b: Dondozo\n|-damage|p2b: Dondozo|80\/100 psn\n|-damage|p1b: Dondozo|82\/100|[from] Recoil\n|\n|-heal|p1b: Dondozo|88\/100|[from] item: Leftovers\n|-damage|p2b: Dondozo|68\/100 psn|[from] psn\n|upkeep\n|\n|t:|1683050000\n|switch|p1a: Iron Bundle|Iron Bundle, L50|100\/100\n|-enditem|p1a: Iron Bundle|Booster Energy\n|-activate|p1a: Iron Bundle|ability: Quark Drive|[fromitem]\n|-start|p1a: Iron Bundle|quarkdrivespe\n|turn|3\n|\n|t:|1683050009\n|switch|p2b: Tatsugiri|Tatsugiri-Stretchy, L50, F|100\/100\n|-status|p2b: Tatsugiri|psn\n|move|p1a: Iron Bundle|Protect|p1a: Iron Bundle\n|-singleturn|p1a: Iron Bundle|Protect\n|move|p2a: Glimmora|Mortal Spin|p1a: Iron Bundle|[spread] p1b\n|-activate|p1a: Iron Bundle|move: Protect\n|-damage|p1b: Dondozo|85\/100\n|-status|p1b: Dondozo|psn\n|-sideend|p2: Rest9|Toxic Spikes|[from] move: Mortal Spin|[of] p2a: Glimmora\n|move|p1b: Dondozo|Wave Crash|p2a: Glimmora\n|-supereffective|p2a: Glimmora\n|-damage|p2a: Glimmora|0 fnt\n|-activate|p2a: Glimmora|ability: Toxic Debris\n|-sidestart|p1: Dr necro|move: Toxic Spikes\n|faint|p2a: Glimmora\n|-damage|p1b: Dondozo|63\/100 psn|[from] Recoil\n|\n|-heal|p1b: Dondozo|69\/100 psn|[from] item: Leftovers\n|-damage|p2b: Tatsugiri|88\/100 psn|[from] psn\n|-damage|p1b: Dondozo|57\/100 psn|[from] psn\n|upkeep\n|\n|t:|1683050028\n|switch|p2a: Dondozo|Dondozo, L50, F|68\/100 psn\n|-activate|p2b: Tatsugiri|ability: Commander|[of] p2a: Dondozo\n|-boost|p2a: Dondozo|atk|2\n|-boost|p2a: Dondozo|spa|2\n|-boost|p2a: Dondozo|spe|2\n|-boost|p2a: Dondozo|def|2\n|-boost|p2a: Dondozo|spd|2\n|turn|4\n|\n|t:|1683050036\n|move|p1a: Iron Bundle|Freeze-Dry|p2a: Dondozo\n|-supereffective|p2a: Dondozo\n|-damage|p2a: Dondozo|33\/100 psn\n|move|p2a: Dondozo|Rock Slide|p1b: Dondozo|[spread] p1a\n|-miss|p2a: Dondozo|p1b: Dondozo\n|-supereffective|p1a: Iron Bundle\n|-damage|p1a: Iron Bundle|9\/100\n|move|p1b: Dondozo|Wave Crash|p2a: Dondozo\n|-resisted|p2a: Dondozo\n|-damage|p2a: Dondozo|17\/100 psn\n|-damage|p1b: Dondozo|52\/100 psn|[from] Recoil\n|\n|-heal|p1b: Dondozo|58\/100 psn|[from] item: Leftovers\n|-damage|p2b: Tatsugiri|76\/100 psn|[from] psn\n|-damage|p2a: Dondozo|5\/100 psn|[from] psn\n|-damage|p1b: Dondozo|45\/100 psn|[from] psn\n|upkeep\n|turn|5\n|-message|Rest9 forfeited.\n|\n|win|Dr necro\n|raw|Dr necro's rating: 1555 → 1575<\/strong> (+20 for winning)\n|raw|Rest9's rating: 1563 → 1543<\/strong> (-20 for losing)\n|l|\u2606Rest9\n","uploadtime":1683050068,"views":6,"p1id":"drnecro","p2id":"rest9","formatid":"gen9vgc2023regulationc","rating":1543,"private":0,"password":""}