{"id":"gen9vgc2023regulationc-1858460017","p1":"vrumvrumnatal","p2":"ToadSageHokage","format":"[Gen 9] VGC 2023 Regulation C","log":"|j|\u2606vrumvrumnatal\n|j|\u2606ToadSageHokage\n|t:|1683314410\n|gametype|doubles\n|player|p1|vrumvrumnatal|170|1386\n|player|p2|ToadSageHokage|gambler|1464\n|teamsize|p1|6\n|teamsize|p2|6\n|gen|9\n|tier|[Gen 9] VGC 2023 Regulation C\n|rated|\n|rule|Species Clause: Limit one of each Pok\u00e9mon\n|rule|Item Clause: Limit one of each item\n|clearpoke\n|poke|p1|Orthworm, L50, M|\n|poke|p1|Dragonite, L50, F|\n|poke|p1|Ting-Lu, L50|\n|poke|p1|Gyarados, L50, F|\n|poke|p1|Flutter Mane, L50|\n|poke|p1|Chien-Pao, L50|\n|poke|p2|Flutter Mane, L50|\n|poke|p2|Scizor, L50, F|\n|poke|p2|Chi-Yu, L50|\n|poke|p2|Amoonguss, L50, M|\n|poke|p2|Dragonite, L50, F|\n|poke|p2|Chien-Pao, L50|\n|teampreview|4\n|inactive|Battle timer is ON: inactive players will automatically lose when time's up. (requested by ToadSageHokage)\n|inactive|vrumvrumnatal has 60 seconds left.\n|\n|t:|1683314481\n|start\n|switch|p1a: Orthworm|Orthworm, L50, M|100\/100\n|switch|p1b: Gyarados|Gyarados, L50, F|100\/100\n|switch|p2a: Chi-Yu|Chi-Yu, L50|100\/100\n|switch|p2b: Flutter Mane|Flutter Mane, L50|100\/100\n|-ability|p2a: Chi-Yu|Beads of Ruin\n|-ability|p1b: Gyarados|Intimidate|boost\n|-unboost|p2a: Chi-Yu|atk|1\n|-unboost|p2b: Flutter Mane|atk|1\n|-enditem|p2b: Flutter Mane|Booster Energy\n|-activate|p2b: Flutter Mane|ability: Protosynthesis|[fromitem]\n|-start|p2b: Flutter Mane|protosynthesisspe\n|turn|1\n|\n|t:|1683314502\n|-terastallize|p2a: Chi-Yu|Water\n|-terastallize|p1a: Orthworm|Fire\n|move|p2b: Flutter Mane|Protect|p2b: Flutter Mane\n|-singleturn|p2b: Flutter Mane|Protect\n|move|p2a: Chi-Yu|Dark Pulse|p1b: Gyarados\n|-damage|p1b: Gyarados|46\/100\n|-damage|p2a: Chi-Yu|91\/100|[from] item: Life Orb\n|move|p1b: Gyarados|Bulldoze|p2a: Chi-Yu|[spread] p2a\n|-activate|p2b: Flutter Mane|move: Protect\n|-immune|p1a: Orthworm|[from] ability: Earth Eater\n|-damage|p2a: Chi-Yu|72\/100\n|-unboost|p2a: Chi-Yu|spe|1\n|move|p1a: Orthworm|Heavy Slam|p2b: Flutter Mane\n|-activate|p2b: Flutter Mane|move: Protect\n|\n|upkeep\n|turn|2\n|inactive|vrumvrumnatal has 30 seconds left.\n|\n|t:|1683314531\n|move|p2b: Flutter Mane|Moonblast|p1b: Gyarados\n|-damage|p1b: Gyarados|0 fnt\n|faint|p1b: Gyarados\n|move|p2a: Chi-Yu|Tera Blast|p1a: Orthworm\n|-supereffective|p1a: Orthworm\n|-damage|p1a: Orthworm|0 fnt\n|faint|p1a: Orthworm\n|-damage|p2a: Chi-Yu|62\/100|[from] item: Life Orb\n|\n|upkeep\n|\n|t:|1683314540\n|switch|p1b: Flutter Mane|Flutter Mane, L50|100\/100\n|switch|p1a: Ting-Lu|Ting-Lu, L50|100\/100\n|-ability|p1a: Ting-Lu|Vessel of Ruin\n|turn|3\n|\n|t:|1683314555\n|move|p2a: Chi-Yu|Protect|p2a: Chi-Yu\n|-singleturn|p2a: Chi-Yu|Protect\n|move|p2b: Flutter Mane|Dazzling Gleam|p1a: Ting-Lu|[spread] p1a,p1b\n|-supereffective|p1a: Ting-Lu\n|-damage|p1a: Ting-Lu|59\/100\n|-damage|p1b: Flutter Mane|76\/100\n|move|p1b: Flutter Mane|Dazzling Gleam|p2a: Chi-Yu|[spread] p2b\n|-activate|p2a: Chi-Yu|move: Protect\n|-damage|p2b: Flutter Mane|61\/100\n|move|p1a: Ting-Lu|Rock Slide|p2b: Flutter Mane|[spread] \n|-activate|p2a: Chi-Yu|move: Protect\n|-miss|p1a: Ting-Lu|p2b: Flutter Mane\n|\n|upkeep\n|turn|4\n|\n|t:|1683314580\n|move|p2b: Flutter Mane|Dazzling Gleam|p1a: Ting-Lu|[spread] p1a,p1b\n|-supereffective|p1a: Ting-Lu\n|-damage|p1a: Ting-Lu|17\/100\n|-damage|p1b: Flutter Mane|49\/100\n|move|p1b: Flutter Mane|Dazzling Gleam|p2a: Chi-Yu|[spread] p2a,p2b\n|-damage|p2a: Chi-Yu|29\/100\n|-damage|p2b: Flutter Mane|19\/100\n|move|p2a: Chi-Yu|Tera Blast|p1a: Ting-Lu\n|-supereffective|p1a: Ting-Lu\n|-damage|p1a: Ting-Lu|0 fnt\n|faint|p1a: Ting-Lu\n|-damage|p2a: Chi-Yu|20\/100|[from] item: Life Orb\n|\n|upkeep\n|turn|5\n|\n|t:|1683314596\n|switch|p2a: Scizor|Scizor, L50, F|100\/100\n|move|p2b: Flutter Mane|Shadow Ball|p1b: Flutter Mane\n|-supereffective|p1b: Flutter Mane\n|-damage|p1b: Flutter Mane|0 fnt\n|faint|p1b: Flutter Mane\n|-end|p1b: Flutter Mane|Protosynthesis|[silent]\n|\n|win|ToadSageHokage\n|raw|vrumvrumnatal's rating: 1386 → 1370<\/strong> (-16 for losing)\n|raw|ToadSageHokage's rating: 1464 → 1480<\/strong> (+16 for winning)\n","uploadtime":1683314604,"views":13,"p1id":"vrumvrumnatal","p2id":"toadsagehokage","formatid":"gen9vgc2023regulationc","rating":1370,"private":0,"password":""}