{"id":"gen9vgc2023regulationc-1856818877","p1":"parnalla","p2":"Pikaberto","format":"[Gen 9] VGC 2023 Regulation C","log":"|j|\u2606parnalla\n|j|\u2606Pikaberto\n|t:|1683115664\n|gametype|doubles\n|player|p1|parnalla|2|1093\n|player|p2|Pikaberto|101|1102\n|teamsize|p1|6\n|teamsize|p2|6\n|gen|9\n|tier|[Gen 9] VGC 2023 Regulation C\n|rated|\n|rule|Species Clause: Limit one of each Pok\u00e9mon\n|rule|Item Clause: Limit one of each item\n|clearpoke\n|poke|p1|Flutter Mane, L50|\n|poke|p1|Chi-Yu, L50|\n|poke|p1|Indeedee-F, L50, F|\n|poke|p1|Dondozo, L50, F|\n|poke|p1|Tatsugiri, L50, F|\n|poke|p1|Dragapult, L50, F|\n|poke|p2|Murkrow, L50, F|\n|poke|p2|Great Tusk, L50|\n|poke|p2|Rabsca, L50, M|\n|poke|p2|Armarouge, L50, F|\n|poke|p2|Tsareena, L50, F|\n|poke|p2|Iron Bundle, L50|\n|teampreview|4\n|inactive|Battle timer is ON: inactive players will automatically lose when time's up. (requested by parnalla)\n|\n|t:|1683115711\n|start\n|switch|p1a: Flutter Mane|Flutter Mane, L50|100\/100\n|switch|p1b: Indeedee|Indeedee-F, L50, F|100\/100\n|switch|p2a: Rabsca|Rabsca, L50, M|100\/100\n|switch|p2b: Armarouge|Armarouge, L50, F|100\/100\n|-fieldstart|move: Psychic Terrain|[from] ability: Psychic Surge|[of] p1b: Indeedee\n|-enditem|p1b: Indeedee|Psychic Seed\n|-boost|p1b: Indeedee|spd|1|[from] item: Psychic Seed\n|turn|1\n|inactive|parnalla has 30 seconds left.\n|\n|t:|1683115739\n|-terastallize|p1a: Flutter Mane|Fairy\n|move|p2b: Armarouge|Protect|p2b: Armarouge\n|-singleturn|p2b: Armarouge|Protect\n|move|p1a: Flutter Mane|Dazzling Gleam|p2b: Armarouge|[spread] p2a\n|-activate|p2b: Armarouge|move: Protect\n|-damage|p2a: Rabsca|38\/100\n|move|p1b: Indeedee|Psychic|p2b: Armarouge\n|-activate|p2b: Armarouge|move: Protect\n|move|p2a: Rabsca|Trick Room|p2a: Rabsca\n|-fieldstart|move: Trick Room|[of] p2a: Rabsca\n|\n|upkeep\n|turn|2\n|\n|t:|1683115762\n|move|p2a: Rabsca|Fling|p2b: Armarouge\n|-supereffective|p2b: Armarouge\n|-damage|p2b: Armarouge|97\/100\n|-enditem|p2b: Armarouge|Weakness Policy\n|-boost|p2b: Armarouge|atk|2|[from] item: Weakness Policy\n|-boost|p2b: Armarouge|spa|2|[from] item: Weakness Policy\n|-enditem|p2a: Rabsca|Focus Sash|[from] move: Fling\n|move|p2b: Armarouge|Psychic|p1a: Flutter Mane\n|-damage|p1a: Flutter Mane|0 fnt\n|faint|p1a: Flutter Mane\n|-end|p1a: Flutter Mane|Protosynthesis|[silent]\n|move|p1b: Indeedee|Psychic|p2b: Armarouge\n|-resisted|p2b: Armarouge\n|-damage|p2b: Armarouge|65\/100\n|\n|upkeep\n|\n|t:|1683115776\n|switch|p1a: Dondozo|Dondozo, L50, F|100\/100\n|turn|3\n|\n|t:|1683115790\n|move|p1a: Dondozo|Protect|p1a: Dondozo\n|-singleturn|p1a: Dondozo|Protect\n|move|p2a: Rabsca|Bug Buzz|p1b: Indeedee\n|-supereffective|p1b: Indeedee\n|-damage|p1b: Indeedee|26\/100\n|move|p2b: Armarouge|Psychic|p1a: Dondozo\n|-activate|p1a: Dondozo|move: Protect\n|move|p1b: Indeedee|Psychic|p2a: Rabsca\n|-resisted|p2a: Rabsca\n|-damage|p2a: Rabsca|10\/100\n|\n|upkeep\n|turn|4\n|\n|t:|1683115810\n|switch|p1b: Tatsugiri|Tatsugiri, L50, F|100\/100\n|-activate|p1b: Tatsugiri|ability: Commander|[of] p1a: Dondozo\n|-boost|p1a: Dondozo|atk|2\n|-boost|p1a: Dondozo|spa|2\n|-boost|p1a: Dondozo|spe|2\n|-boost|p1a: Dondozo|def|2\n|-boost|p1a: Dondozo|spd|2\n|move|p2a: Rabsca|Bug Buzz|p1b: Tatsugiri|[miss]\n|-miss|p2a: Rabsca|p1b: Tatsugiri\n|move|p2b: Armarouge|Psychic|p1a: Dondozo\n|-damage|p1a: Dondozo|68\/100\n|move|p1a: Dondozo|Earthquake|p2a: Rabsca|[spread] p2a,p2b\n|-miss|p1a: Dondozo|p1b: Tatsugiri\n|-resisted|p2a: Rabsca\n|-supereffective|p2b: Armarouge\n|-damage|p2a: Rabsca|0 fnt\n|-damage|p2b: Armarouge|0 fnt\n|faint|p2a: Rabsca\n|faint|p2b: Armarouge\n|\n|-heal|p1a: Dondozo|75\/100|[from] item: Leftovers\n|upkeep\n|\n|t:|1683115828\n|switch|p2a: Murkrow|Murkrow, L50, F|100\/100\n|switch|p2b: Iron Bundle|Iron Bundle, L50|100\/100\n|-enditem|p2b: Iron Bundle|Booster Energy\n|-activate|p2b: Iron Bundle|ability: Quark Drive|[fromitem]\n|-start|p2b: Iron Bundle|quarkdrivespe\n|turn|5\n|\n|t:|1683115851\n|-terastallize|p2b: Iron Bundle|Ice\n|move|p2a: Murkrow|Haze|p2a: Murkrow\n|-clearallboost\n|move|p1a: Dondozo|Wave Crash|p2b: Iron Bundle\n|-crit|p2b: Iron Bundle\n|-damage|p2b: Iron Bundle|15\/100\n|-damage|p1a: Dondozo|60\/100|[from] Recoil\n|move|p2b: Iron Bundle|Freeze-Dry|p1a: Dondozo\n|-supereffective|p1a: Dondozo\n|-damage|p1a: Dondozo|0 fnt\n|faint|p1a: Dondozo\n|\n|-fieldend|move: Trick Room\n|-fieldend|move: Psychic Terrain\n|upkeep\n|\n|t:|1683115860\n|switch|p1a: Indeedee|Indeedee-F, L50, F|26\/100\n|-fieldstart|move: Psychic Terrain|[from] ability: Psychic Surge|[of] p1a: Indeedee\n|turn|6\n|\n|t:|1683115880\n|move|p2a: Murkrow|Tailwind|p2a: Murkrow\n|-sidestart|p2: Pikaberto|move: Tailwind\n|move|p2b: Iron Bundle|Icy Wind|p1a: Indeedee|[spread] p1a,p1b\n|-damage|p1a: Indeedee|0 fnt\n|-damage|p1b: Tatsugiri|57\/100\n|-unboost|p1b: Tatsugiri|spe|1\n|faint|p1a: Indeedee\n|move|p1b: Tatsugiri|Icy Wind|p2a: Murkrow|[spread] p2a,p2b\n|-supereffective|p2a: Murkrow\n|-resisted|p2b: Iron Bundle\n|-damage|p2a: Murkrow|72\/100\n|-damage|p2b: Iron Bundle|2\/100\n|-unboost|p2a: Murkrow|spe|1\n|-unboost|p2b: Iron Bundle|spe|1\n|\n|upkeep\n|turn|7\n|inactive|Pikaberto has 30 seconds left.\n|\n|t:|1683115906\n|move|p2b: Iron Bundle|Freeze-Dry|p1b: Tatsugiri\n|-supereffective|p1b: Tatsugiri\n|-damage|p1b: Tatsugiri|0 fnt\n|faint|p1b: Tatsugiri\n|\n|win|Pikaberto\n|raw|parnalla's rating: 1093 → 1070<\/strong> (-23 for losing)\n|raw|Pikaberto's rating: 1102 → 1126<\/strong> (+24 for winning)\n|l|\u2606parnalla\n|c|\u2606Pikaberto|gg\n","uploadtime":1683115918,"views":7,"p1id":"parnalla","p2id":"pikaberto","formatid":"gen9vgc2023regulationc","rating":1070,"private":0,"password":""}