{"id":"gen9vgc2023regulationc-1850973729","p1":"tomciv20","p2":"labmonjo1210","format":"[Gen 9] VGC 2023 Regulation C","log":"|j|\u2606tomciv20\n|j|\u2606labmonjo1210\n|t:|1682388858\n|gametype|doubles\n|player|p1|tomciv20|169|\n|player|p2|labmonjo1210|102|\n|teamsize|p1|6\n|teamsize|p2|6\n|gen|9\n|tier|[Gen 9] VGC 2023 Regulation C\n|rule|Species Clause: Limit one of each Pok\u00e9mon\n|rule|Item Clause: Limit one of each item\n|clearpoke\n|poke|p1|Garganacl, L50, F|\n|poke|p1|Grimmsnarl, L50, M|\n|poke|p1|Hydreigon, L50, M|\n|poke|p1|Meowscarada, L50, F|\n|poke|p1|Iron Hands, L50|\n|poke|p1|Oranguru, L50, F|\n|poke|p2|Armarouge, L50, M|\n|poke|p2|Gastrodon, L50, M|\n|poke|p2|Roaring Moon, L50|\n|poke|p2|Iron Moth, L50|\n|poke|p2|Cetitan, L50, M|\n|poke|p2|Pelipper, L50, F|\n|teampreview|4\n|inactive|Battle timer is ON: inactive players will automatically lose when time's up. (requested by labmonjo1210)\n|\n|t:|1682388899\n|start\n|switch|p1a: Garganacl|Garganacl, L50, F|100\/100\n|switch|p1b: Grimmsnarl|Grimmsnarl, L50, M|100\/100\n|switch|p2a: Pepe|Pelipper, L50, F|100\/100\n|switch|p2b: Glorpis|Gastrodon, L50, M, shiny|100\/100\n|-weather|RainDance|[from] ability: Drizzle|[of] p2a: Pepe\n|turn|1\n|\n|t:|1682388917\n|move|p1b: Grimmsnarl|Light Screen|p1b: Grimmsnarl\n|-sidestart|p1: tomciv20|move: Light Screen\n|move|p2a: Pepe|Tailwind|p2a: Pepe\n|-sidestart|p2: labmonjo1210|move: Tailwind\n|move|p2b: Glorpis|Earthquake|p1a: Garganacl|[spread] p1a,p1b\n|-immune|p2a: Pepe\n|-supereffective|p1a: Garganacl\n|-damage|p1a: Garganacl|70\/100\n|-damage|p1b: Grimmsnarl|70\/100\n|move|p1a: Garganacl|Salt Cure|p2a: Pepe\n|-supereffective|p2a: Pepe\n|-damage|p2a: Pepe|68\/100\n|-start|p2a: Pepe|Salt Cure\n|\n|-weather|RainDance|[upkeep]\n|-heal|p1a: Garganacl|76\/100|[from] item: Leftovers\n|-damage|p2a: Pepe|44\/100|[from] Salt Cure\n|upkeep\n|turn|2\n|inactive|labmonjo1210 has 30 seconds left.\n|\n|t:|1682388949\n|move|p1b: Grimmsnarl|Reflect|p1b: Grimmsnarl\n|-sidestart|p1: tomciv20|Reflect\n|move|p2a: Pepe|Surf|p1a: Garganacl|[spread] p1a,p1b\n|-ability|p2b: Glorpis|Storm Drain|boost\n|-boost|p2b: Glorpis|spa|1\n|-supereffective|p1a: Garganacl\n|-damage|p1a: Garganacl|33\/100\n|-damage|p1b: Grimmsnarl|47\/100\n|move|p2b: Glorpis|Earthquake|p1b: Grimmsnarl|[spread] p1a,p1b\n|-immune|p2a: Pepe\n|-supereffective|p1a: Garganacl\n|-damage|p1a: Garganacl|12\/100\n|-damage|p1b: Grimmsnarl|26\/100\n|move|p1a: Garganacl|Salt Cure|p2b: Glorpis\n|-resisted|p2b: Glorpis\n|-crit|p2b: Glorpis\n|-damage|p2b: Glorpis|91\/100\n|-start|p2b: Glorpis|Salt Cure\n|\n|-weather|RainDance|[upkeep]\n|-heal|p1a: Garganacl|18\/100|[from] item: Leftovers\n|-damage|p2a: Pepe|19\/100|[from] Salt Cure\n|-damage|p2b: Glorpis|66\/100|[from] Salt Cure\n|upkeep\n|turn|3\n|inactive|tomciv20 has 30 seconds left.\n|inactive|labmonjo1210 has 30 seconds left.\n|inactive|labmonjo1210 has 20 seconds left.\n|\n|t:|1682388987\n|move|p1b: Grimmsnarl|Thunder Wave|p2a: Pepe\n|-status|p2a: Pepe|par\n|move|p2b: Glorpis|Earthquake|p1b: Grimmsnarl|[spread] p1a,p1b\n|-immune|p2a: Pepe\n|-supereffective|p1a: Garganacl\n|-damage|p1a: Garganacl|0 fnt\n|-damage|p1b: Grimmsnarl|6\/100\n|faint|p1a: Garganacl\n|move|p2a: Pepe|Surf|p1b: Grimmsnarl|[spread] p1b\n|-ability|p2b: Glorpis|Storm Drain|boost\n|-boost|p2b: Glorpis|spa|1\n|-damage|p1b: Grimmsnarl|0 fnt\n|faint|p1b: Grimmsnarl\n|\n|-weather|RainDance|[upkeep]\n|-damage|p2b: Glorpis|41\/100|[from] Salt Cure\n|-damage|p2a: Pepe|0 fnt|[from] Salt Cure\n|faint|p2a: Pepe\n|upkeep\n|\n|t:|1682389002\n|switch|p2a: Morty|Cetitan, L50, M|100\/100\n|switch|p1b: Iron Hands|Iron Hands, L50|100\/100\n|switch|p1a: Hydreigon|Hydreigon, L50, M|100\/100\n|-enditem|p1b: Iron Hands|Booster Energy\n|-activate|p1b: Iron Hands|ability: Quark Drive|[fromitem]\n|-start|p1b: Iron Hands|quarkdriveatk\n|turn|4\n|\n|t:|1682389023\n|-terastallize|p1a: Hydreigon|Steel\n|move|p1b: Iron Hands|Fake Out|p2b: Glorpis\n|-damage|p2b: Glorpis|25\/100\n|-enditem|p2b: Glorpis|Figy Berry|[eat]\n|-heal|p2b: Glorpis|58\/100|[from] item: Figy Berry\n|move|p1a: Hydreigon|Flash Cannon|p2a: Morty\n|-supereffective|p2a: Morty\n|-damage|p2a: Morty|44\/100\n|move|p2a: Morty|Play Rough|p1a: Hydreigon\n|-resisted|p1a: Hydreigon\n|-damage|p1a: Hydreigon|86\/100\n|cant|p2b: Glorpis|flinch\n|\n|-weather|RainDance|[upkeep]\n|-damage|p2b: Glorpis|34\/100|[from] Salt Cure\n|-sideend|p2: labmonjo1210|move: Tailwind\n|upkeep\n|turn|5\n|inactive|tomciv20 has 30 seconds left.\n|inactive|labmonjo1210 has 30 seconds left.\n|\n|t:|1682389055\n|move|p1a: Hydreigon|Flash Cannon|p2a: Morty\n|-supereffective|p2a: Morty\n|-crit|p2a: Morty\n|-damage|p2a: Morty|0 fnt\n|faint|p2a: Morty\n|move|p1b: Iron Hands|Drain Punch|p2b: Glorpis\n|-damage|p2b: Glorpis|0 fnt\n|faint|p2b: Glorpis\n|\n|-weather|none\n|upkeep\n|\n|t:|1682389062\n|switch|p2a: Intigua|Roaring Moon, L50, shiny|100\/100\n|-enditem|p2a: Intigua|Booster Energy\n|-activate|p2a: Intigua|ability: Protosynthesis|[fromitem]\n|-start|p2a: Intigua|protosynthesisatk\n|turn|6\n|\n|t:|1682389071\n|move|p1a: Hydreigon|Flash Cannon|p2a: Intigua\n|-damage|p2a: Intigua|58\/100\n|move|p2a: Intigua|Acrobatics|p1b: Iron Hands\n|-damage|p1b: Iron Hands|78\/100\n|move|p1b: Iron Hands|Drain Punch|p2a: Intigua\n|-supereffective|p2a: Intigua\n|-damage|p2a: Intigua|0 fnt\n|-heal|p1b: Iron Hands|97\/100|[from] drain|[of] p2a: Intigua\n|faint|p2a: Intigua\n|-end|p2a: Intigua|Protosynthesis|[silent]\n|\n|win|tomciv20\n|l|\u2606labmonjo1210\n","uploadtime":1682389457,"views":13,"p1id":"tomciv20","p2id":"labmonjo1210","formatid":"gen9vgc2023regulationc","rating":0,"private":0,"password":""}