{"id":"gen9vgc2023regulationc-1858003980","p1":"swifferrr","p2":"IM ON CRACKROCKS","format":"[Gen 9] VGC 2023 Regulation C","log":"|j|\u2606swifferrr\n|j|\u2606IM ON CRACKROCKS\n|t:|1683258747\n|gametype|doubles\n|player|p1|swifferrr|bruno|1238\n|player|p2|IM ON CRACKROCKS|benga|1210\n|teamsize|p1|6\n|teamsize|p2|6\n|gen|9\n|tier|[Gen 9] VGC 2023 Regulation C\n|rated|\n|rule|Species Clause: Limit one of each Pok\u00e9mon\n|rule|Item Clause: Limit one of each item\n|clearpoke\n|poke|p1|Flutter Mane, L50|\n|poke|p1|Dragonite, L50, M|\n|poke|p1|Chi-Yu, L50|\n|poke|p1|Chien-Pao, L50|\n|poke|p1|Iron Bundle, L50|\n|poke|p1|Kingambit, L50, M|\n|poke|p2|Cyclizar, L50, M|\n|poke|p2|Iron Bundle, L50|\n|poke|p2|Gyarados, L50, M|\n|poke|p2|Heracross, L50, F|\n|poke|p2|Ting-Lu, L50|\n|poke|p2|Kingambit, L50, F|\n|teampreview|4\n|\n|t:|1683258788\n|start\n|switch|p1a: Iron Bundle|Iron Bundle, L50|100\/100\n|switch|p1b: Chi-Yu|Chi-Yu, L50|100\/100\n|switch|p2a: Cyclizar|Cyclizar, L50, M|100\/100\n|switch|p2b: Iron Bundle|Iron Bundle, L50|100\/100\n|-ability|p1b: Chi-Yu|Beads of Ruin\n|-enditem|p2b: Iron Bundle|Booster Energy\n|-activate|p2b: Iron Bundle|ability: Quark Drive|[fromitem]\n|-start|p2b: Iron Bundle|quarkdrivespe\n|turn|1\n|\n|t:|1683258830\n|move|p2b: Iron Bundle|Protect|p2b: Iron Bundle\n|-singleturn|p2b: Iron Bundle|Protect\n|move|p1b: Chi-Yu|Snarl|p2a: Cyclizar|[spread] p2a\n|-activate|p2b: Iron Bundle|move: Protect\n|-damage|p2a: Cyclizar|58\/100\n|-unboost|p2a: Cyclizar|spa|1\n|move|p1a: Iron Bundle|Freeze-Dry|p2b: Iron Bundle\n|-activate|p2b: Iron Bundle|move: Protect\n|move|p2a: Cyclizar|Knock Off|p1a: Iron Bundle\n|-damage|p1a: Iron Bundle|75\/100\n|-enditem|p1a: Iron Bundle|Focus Sash|[from] move: Knock Off|[of] p2a: Cyclizar\n|\n|upkeep\n|turn|2\n|\n|t:|1683258859\n|-end|p1a: Iron Bundle|Quark Drive|[silent]\n|switch|p1a: Chien-Pao|Chien-Pao, L50|100\/100\n|-ability|p1a: Chien-Pao|Sword of Ruin\n|move|p2b: Iron Bundle|Hydro Pump|p1b: Chi-Yu\n|-supereffective|p1b: Chi-Yu\n|-damage|p1b: Chi-Yu|0 fnt\n|faint|p1b: Chi-Yu\n|move|p2a: Cyclizar|Shed Tail|p2a: Cyclizar\n|-start|p2a: Cyclizar|Substitute|[from] move: Shed Tail\n|-damage|p2a: Cyclizar|8\/100\n|\n|t:|1683258867\n|switch|p2a: bird flipper|Heracross, L50, F|100\/100|[from] Shed Tail\n|\n|-status|p2a: bird flipper|brn|[from] item: Flame Orb\n|upkeep\n|\n|t:|1683258873\n|switch|p1b: Dragonite|Dragonite, L50, M|100\/100\n|turn|3\n|\n|t:|1683258905\n|-terastallize|p2a: bird flipper|Rock\n|move|p1b: Dragonite|Protect|p1b: Dragonite\n|-singleturn|p1b: Dragonite|Protect\n|move|p1a: Chien-Pao|Sucker Punch|p2b: Iron Bundle\n|-damage|p2b: Iron Bundle|0 fnt\n|faint|p2b: Iron Bundle\n|-end|p2b: Iron Bundle|Quark Drive|[silent]\n|move|p2a: bird flipper|Rock Slide|p1b: Dragonite|[spread] p1a\n|-activate|p1b: Dragonite|move: Protect\n|-supereffective|p1a: Chien-Pao\n|-damage|p1a: Chien-Pao|1\/100\n|\n|-damage|p2a: bird flipper|95\/100 brn|[from] brn\n|upkeep\n|\n|t:|1683258927\n|switch|p2b: Cyclizar|Cyclizar, L50, M|41\/100\n|turn|4\n|\n|t:|1683258942\n|move|p1b: Dragonite|Extreme Speed|p2b: Cyclizar\n|-damage|p2b: Cyclizar|0 fnt\n|faint|p2b: Cyclizar\n|move|p1a: Chien-Pao|Sucker Punch|p2a: bird flipper\n|-end|p2a: bird flipper|Substitute\n|move|p2a: bird flipper|Rock Slide|p1a: Chien-Pao|[spread] p1a,p1b\n|-supereffective|p1a: Chien-Pao\n|-crit|p1a: Chien-Pao\n|-supereffective|p1b: Dragonite\n|-damage|p1a: Chien-Pao|0 fnt\n|-damage|p1b: Dragonite|45\/100\n|faint|p1a: Chien-Pao\n|\n|-damage|p2a: bird flipper|89\/100 brn|[from] brn\n|upkeep\n|\n|t:|1683258954\n|switch|p2b: Kingambit|Kingambit, L50, F|100\/100\n|switch|p1a: Iron Bundle|Iron Bundle, L50|75\/100\n|turn|5\n|\n|t:|1683258984\n|-terastallize|p1a: Iron Bundle|Ghost\n|move|p2a: bird flipper|Protect|p2a: bird flipper\n|-singleturn|p2a: bird flipper|Protect\n|move|p1a: Iron Bundle|Hydro Pump|p2b: Kingambit|[miss]\n|-miss|p1a: Iron Bundle|p2b: Kingambit\n|move|p1b: Dragonite|Outrage|p2a: bird flipper\n|-activate|p2a: bird flipper|move: Protect\n|move|p2b: Kingambit|Kowtow Cleave|p1a: Iron Bundle\n|-supereffective|p1a: Iron Bundle\n|-damage|p1a: Iron Bundle|0 fnt\n|faint|p1a: Iron Bundle\n|-end|p1a: Iron Bundle|Quark Drive|[silent]\n|\n|-damage|p2a: bird flipper|83\/100 brn|[from] brn\n|upkeep\n|turn|6\n|\n|t:|1683259005\n|move|p2a: bird flipper|Rock Slide|p1b: Dragonite\n|-supereffective|p1b: Dragonite\n|-damage|p1b: Dragonite|0 fnt\n|faint|p1b: Dragonite\n|\n|win|IM ON CRACKROCKS\n|raw|swifferrr's rating: 1238 → 1211<\/strong> (-27 for losing)\n|raw|IM ON CRACKROCKS's rating: 1210 → 1237<\/strong> (+27 for winning)\n|l|\u2606swifferrr\n","uploadtime":1683259072,"views":7,"p1id":"swifferrr","p2id":"imoncrackrocks","formatid":"gen9vgc2023regulationc","rating":1211,"private":0,"password":""}