{"id":"gen9vgc2023regulationc-1854681706","p1":"Camitest","p2":"Sniperman25","format":"[Gen 9] VGC 2023 Regulation C","log":"|j|\u2606Camitest\n|j|\u2606Sniperman25\n|t:|1682849470\n|gametype|doubles\n|player|p1|Camitest|gladion|\n|player|p2|Sniperman25|blackbelt-gen4dp|\n|teamsize|p1|6\n|teamsize|p2|6\n|gen|9\n|tier|[Gen 9] VGC 2023 Regulation C\n|rated|Tournament battle\n|rule|Species Clause: Limit one of each Pok\u00e9mon\n|rule|Item Clause: Limit one of each item\n|clearpoke\n|poke|p1|Palafin, L50, M|\n|poke|p1|Arcanine, L50, M|\n|poke|p1|Flutter Mane, L50|\n|poke|p1|Amoonguss, L50, M|\n|poke|p1|Baxcalibur, L50, M|\n|poke|p1|Ting-Lu, L50|\n|poke|p2|Hatterene, L50, F|\n|poke|p2|Oranguru, L50, M|\n|poke|p2|Torkoal, L50, M|\n|poke|p2|Indeedee-F, L50, F|\n|poke|p2|Iron Hands, L50|\n|poke|p2|Ting-Lu, L50|\n|teampreview|4\n|raw| Open Team Sheet for Camitest<\/summary>Palafin (M) @ Mystic Water Ability: Zero to Hero Level: 50 Shiny: Yes Tera Type: Water - Jet Punch - Wave Crash - Substitute - Protect Arcanine (M) @ Safety Goggles Ability: Intimidate Level: 50 Tera Type: Water - Flare Blitz - Extreme Speed - Will-O-Wisp - Protect Flutter Mane @ Choice Specs Ability: Protosynthesis Level: 50 Tera Type: Water - Shadow Ball - Dazzling Gleam - Thunderbolt - Moonblast Amoonguss (M) @ Sitrus Berry Ability: Regenerator Level: 50 Tera Type: Water - Pollen Puff - Clear Smog - Rage Powder - Spore Baxcalibur @ Clear Amulet Ability: Thermal Exchange Level: 50 Tera Type: Poison - Glaive Rush - Icicle Crash - Ice Shard - Protect Ting-Lu @ Assault Vest Ability: Vessel of Ruin Level: 50 Tera Type: Water - Stomping Tantrum - Heavy Slam - Ruination - Rock Slide <\/details><\/div> Open Team Sheet for Sniperman25<\/summary>Hatterene (F) @ Life Orb Ability: Magic Bounce Level: 50 Tera Type: Water - Trick Room - Dazzling Gleam - Psychic - Protect Oranguru @ Mental Herb Ability: Telepathy Level: 50 Shiny: Yes Tera Type: Fire - Trick Room - Instruct - Yawn - Encore Torkoal @ Choice Specs Ability: Drought Level: 50 Tera Type: Fire - Eruption - Flamethrower - Clear Smog - Heat Wave Indeedee (Indeedee-F) (F) @ Safety Goggles Ability: Psychic Surge Level: 50 Tera Type: Fairy - Follow Me - Trick Room - Dazzling Gleam - Helping Hand Iron Hands @ Psychic Seed Ability: Quark Drive Level: 50 Tera Type: Flying - Fake Out - Swords Dance - Thunder Punch - Drain Punch Ting-Lu @ Assault Vest Ability: Vessel of Ruin Level: 50 Tera Type: Dark - Earthquake - Stomping Tantrum - Heavy Slam - Fissure <\/details><\/div>\n|inactive|Battle timer is ON: inactive players will automatically lose when time's up. (requested by Sniperman25)\n|inactive|Sniperman25 has 60 seconds left.\n|c|\u2606Camitest|glhf\n|j| LoveforVGC\n|c|\u2606Sniperman25|Gl hf\n|inactive|Sniperman25 has 30 seconds left.\n|inactive|Camitest has 60 seconds left.\n|\n|t:|1682849561\n|start\n|switch|p1a: Ting-Lu|Ting-Lu, L50|100\/100\n|switch|p1b: Flutter Mane|Flutter Mane, L50|100\/100\n|switch|p2a: Indeedee|Indeedee-F, L50, F|100\/100\n|switch|p2b: Hatterene|Hatterene, L50, F|100\/100\n|-fieldstart|move: Psychic Terrain|[from] ability: Psychic Surge|[of] p2a: Indeedee\n|-ability|p1a: Ting-Lu|Vessel of Ruin\n|turn|1\n|inactive|Sniperman25 has 30 seconds left.\n|j| FunneeMonkee\n|\n|t:|1682849598\n|move|p2a: Indeedee|Follow Me|p2a: Indeedee\n|-singleturn|p2a: Indeedee|move: Follow Me\n|move|p1b: Flutter Mane|Dazzling Gleam|p2a: Indeedee|[spread] p2a,p2b\n|-damage|p2a: Indeedee|73\/100\n|-damage|p2b: Hatterene|65\/100\n|move|p1a: Ting-Lu|Rock Slide|p2a: Indeedee|[spread] p2a,p2b\n|-damage|p2a: Indeedee|54\/100\n|-damage|p2b: Hatterene|46\/100\n|move|p2b: Hatterene|Trick Room|p2b: Hatterene\n|-fieldstart|move: Trick Room|[of] p2b: Hatterene\n|\n|upkeep\n|turn|2\n|\n|t:|1682849614\n|-end|p1b: Flutter Mane|Protosynthesis|[silent]\n|switch|p1b: Amoonguss|Amoonguss, L50, M|100\/100\n|move|p2a: Indeedee|Helping Hand|p2b: Hatterene\n|-singleturn|p2b: Hatterene|Helping Hand|[of] p2a: Indeedee\n|move|p2b: Hatterene|Dazzling Gleam|p1a: Ting-Lu|[spread] p1a,p1b\n|-supereffective|p1a: Ting-Lu\n|-resisted|p1b: Amoonguss\n|-damage|p1a: Ting-Lu|54\/100\n|-damage|p1b: Amoonguss|81\/100\n|-damage|p2b: Hatterene|36\/100|[from] item: Life Orb\n|move|p1a: Ting-Lu|Rock Slide|p2b: Hatterene|[spread] p2a\n|-miss|p1a: Ting-Lu|p2b: Hatterene\n|-damage|p2a: Indeedee|34\/100\n|\n|upkeep\n|turn|3\n|inactive|Sniperman25 has 30 seconds left.\n|\n|t:|1682849640\n|-terastallize|p1b: Amoonguss|Water\n|move|p2a: Indeedee|Helping Hand|p2b: Hatterene\n|-singleturn|p2b: Hatterene|Helping Hand|[of] p2a: Indeedee\n|move|p2b: Hatterene|Dazzling Gleam|p1b: Amoonguss|[spread] p1a,p1b\n|-supereffective|p1a: Ting-Lu\n|-damage|p1a: Ting-Lu|4\/100\n|-damage|p1b: Amoonguss|38\/100\n|-enditem|p1b: Amoonguss|Sitrus Berry|[eat]\n|-heal|p1b: Amoonguss|63\/100|[from] item: Sitrus Berry\n|-damage|p2b: Hatterene|26\/100|[from] item: Life Orb\n|move|p1b: Amoonguss|Pollen Puff|p1a: Ting-Lu\n|-heal|p1a: Ting-Lu|54\/100\n|move|p1a: Ting-Lu|Rock Slide|p2a: Indeedee|[spread] p2a,p2b\n|-crit|p2b: Hatterene\n|-damage|p2a: Indeedee|16\/100\n|-damage|p2b: Hatterene|0 fnt\n|faint|p2b: Hatterene\n|\n|upkeep\n|\n|t:|1682849644\n|switch|p2b: Torkoal|Torkoal, L50, M|100\/100\n|-weather|SunnyDay|[from] ability: Drought|[of] p2b: Torkoal\n|turn|4\n|\n|t:|1682849663\n|-terastallize|p2b: Torkoal|Fire\n|move|p2a: Indeedee|Helping Hand|p2b: Torkoal\n|-singleturn|p2b: Torkoal|Helping Hand|[of] p2a: Indeedee\n|move|p2b: Torkoal|Eruption|p1a: Ting-Lu|[spread] p1a,p1b\n|-resisted|p1b: Amoonguss\n|-damage|p1a: Ting-Lu|0 fnt\n|-damage|p1b: Amoonguss|0 fnt\n|faint|p1a: Ting-Lu\n|faint|p1b: Amoonguss\n|\n|-weather|SunnyDay|[upkeep]\n|upkeep\n|\n|t:|1682849670\n|switch|p1b: Flutter Mane|Flutter Mane, L50|100\/100\n|switch|p1a: Baxcalibur|Baxcalibur, L50, M|100\/100\n|-activate|p1b: Flutter Mane|ability: Protosynthesis\n|-start|p1b: Flutter Mane|protosynthesisspa\n|turn|5\n|\n|t:|1682849684\n|move|p2a: Indeedee|Helping Hand|p2b: Torkoal\n|-singleturn|p2b: Torkoal|Helping Hand|[of] p2a: Indeedee\n|move|p1a: Baxcalibur|Protect|p1a: Baxcalibur\n|-singleturn|p1a: Baxcalibur|Protect\n|move|p2b: Torkoal|Eruption|p1b: Flutter Mane|[spread] p1b\n|-activate|p1a: Baxcalibur|move: Protect\n|-damage|p1b: Flutter Mane|0 fnt\n|faint|p1b: Flutter Mane\n|-end|p1b: Flutter Mane|Protosynthesis|[silent]\n|\n|-weather|SunnyDay|[upkeep]\n|-fieldend|move: Trick Room\n|-fieldend|move: Psychic Terrain\n|upkeep\n|turn|6\n|\n|t:|1682849690\n|move|p2a: Indeedee|Follow Me|p2a: Indeedee\n|-singleturn|p2a: Indeedee|move: Follow Me\n|move|p1a: Baxcalibur|Glaive Rush|p2a: Indeedee\n|-damage|p2a: Indeedee|0 fnt\n|-singlemove|p1a: Baxcalibur|Glaive Rush|[silent]\n|faint|p2a: Indeedee\n|move|p2b: Torkoal|Eruption|p1a: Baxcalibur\n|-damage|p1a: Baxcalibur|0 fnt\n|faint|p1a: Baxcalibur\n|\n|win|Sniperman25\n|n|\u2606Camitest|camitest\n|n|\u2606Sniperman25|sniperman25\n|n| LoveforVGC|loveforvgc\n|n| FunneeMonkee|funneemonkee\n","uploadtime":1682849691,"views":9,"p1id":"camitest","p2id":"sniperman25","formatid":"gen9vgc2023regulationc","rating":0,"private":0,"password":""}