{"id":"gen9vgc2023regulationc-1859199775","p1":"Atrix MJ","p2":"AbbekerkManectrics","format":"[Gen 9] VGC 2023 Regulation C","log":"|j|\u2606Atrix MJ\n|j|\u2606AbbekerkManectrics\n|t:|1683416973\n|gametype|doubles\n|player|p1|Atrix MJ|adaman|1382\n|player|p2|AbbekerkManectrics|unknown|1346\n|teamsize|p1|6\n|teamsize|p2|6\n|gen|9\n|tier|[Gen 9] VGC 2023 Regulation C\n|rated|\n|rule|Species Clause: Limit one of each Pok\u00e9mon\n|rule|Item Clause: Limit one of each item\n|clearpoke\n|poke|p1|Chi-Yu, L50|\n|poke|p1|Amoonguss, L50, M|\n|poke|p1|Gyarados, L50, F|\n|poke|p1|Flutter Mane, L50|\n|poke|p1|Gothitelle, L50, F|\n|poke|p1|Iron Hands, L50|\n|poke|p2|Dondozo, L50, M|\n|poke|p2|Tatsugiri-Stretchy, L50, F|\n|poke|p2|Glimmora, L50, F|\n|poke|p2|Chi-Yu, L50|\n|poke|p2|Flutter Mane, L50|\n|poke|p2|Dragonite, L50, M|\n|teampreview|4\n|inactive|Battle timer is ON: inactive players will automatically lose when time's up. (requested by Atrix MJ)\n|inactive|Atrix MJ has 60 seconds left.\n|inactive|AbbekerkManectrics has 60 seconds left.\n|\n|t:|1683417024\n|start\n|switch|p1a: Amoonguss|Amoonguss, L50, M|100\/100\n|switch|p1b: Gothitelle|Gothitelle, L50, F|100\/100\n|switch|p2a: Glimmora|Glimmora, L50, F|100\/100\n|switch|p2b: Dragonite|Dragonite, L50, M|100\/100\n|turn|1\n|inactive|AbbekerkManectrics has 30 seconds left.\n|\n|t:|1683417059\n|-terastallize|p2a: Glimmora|Grass\n|move|p1a: Amoonguss|Protect|p1a: Amoonguss\n|-singleturn|p1a: Amoonguss|Protect\n|move|p2a: Glimmora|Mortal Spin|p1a: Amoonguss|[spread] p1b\n|-activate|p1a: Amoonguss|move: Protect\n|-damage|p1b: Gothitelle|97\/100\n|move|p2b: Dragonite|Aerial Ace|p1a: Amoonguss\n|-activate|p1a: Amoonguss|move: Protect\n|move|p1b: Gothitelle|Trick Room|p1b: Gothitelle\n|-fieldstart|move: Trick Room|[of] p1b: Gothitelle\n|\n|upkeep\n|turn|2\n|j| helga146\n|inactive|Atrix MJ has 30 seconds left.\n|inactive|AbbekerkManectrics has 30 seconds left.\n|\n|t:|1683417088\n|move|p1a: Amoonguss|Spore|p2b: Dragonite\n|-status|p2b: Dragonite|slp|[from] move: Spore\n|move|p1b: Gothitelle|Psychic|p2a: Glimmora\n|-damage|p2a: Glimmora|80\/100\n|cant|p2b: Dragonite|slp\n|move|p2a: Glimmora|Energy Ball|p1b: Gothitelle\n|-damage|p1b: Gothitelle|66\/100\n|\n|upkeep\n|turn|3\n|\n|t:|1683417105\n|move|p1a: Amoonguss|Pollen Puff|p2a: Glimmora\n|-supereffective|p2a: Glimmora\n|-damage|p2a: Glimmora|54\/100\n|move|p1b: Gothitelle|Psychic|p2b: Dragonite\n|-damage|p2b: Dragonite|87\/100 slp\n|cant|p2b: Dragonite|slp\n|move|p2a: Glimmora|Energy Ball|p1b: Gothitelle\n|-damage|p1b: Gothitelle|39\/100\n|\n|upkeep\n|turn|4\n|\n|t:|1683417122\n|move|p1a: Amoonguss|Pollen Puff|p1b: Gothitelle\n|-heal|p1b: Gothitelle|89\/100\n|move|p1b: Gothitelle|Psychic|p2a: Glimmora\n|-damage|p2a: Glimmora|32\/100\n|-curestatus|p2b: Dragonite|slp|[msg]\n|move|p2b: Dragonite|Aerial Ace|p1a: Amoonguss\n|-supereffective|p1a: Amoonguss\n|-damage|p1a: Amoonguss|13\/100\n|-enditem|p1a: Amoonguss|Sitrus Berry|[eat]\n|-heal|p1a: Amoonguss|37\/100|[from] item: Sitrus Berry\n|move|p2a: Glimmora|Energy Ball|p1b: Gothitelle\n|-damage|p1b: Gothitelle|58\/100\n|\n|upkeep\n|turn|5\n|\n|t:|1683417145\n|move|p1a: Amoonguss|Spore|p2b: Dragonite\n|-status|p2b: Dragonite|slp|[from] move: Spore\n|move|p1b: Gothitelle|Psychic|p2a: Glimmora\n|-damage|p2a: Glimmora|9\/100\n|cant|p2b: Dragonite|slp\n|move|p2a: Glimmora|Power Gem|p1a: Amoonguss\n|-damage|p1a: Amoonguss|10\/100\n|\n|-fieldend|move: Trick Room\n|upkeep\n|turn|6\n|\n|t:|1683417167\n|switch|p1a: Gyarados|Gyarados, L50, F, shiny|100\/100\n|-ability|p1a: Gyarados|Intimidate|boost\n|-unboost|p2a: Glimmora|atk|1\n|-unboost|p2b: Dragonite|atk|1\n|move|p2a: Glimmora|Energy Ball|p1b: Gothitelle\n|-damage|p1b: Gothitelle|30\/100\n|cant|p2b: Dragonite|slp\n|move|p1b: Gothitelle|Psychic|p2a: Glimmora\n|-damage|p2a: Glimmora|0 fnt\n|faint|p2a: Glimmora\n|\n|upkeep\n|\n|t:|1683417186\n|switch|p2a: Chi-Yu|Chi-Yu, L50|100\/100\n|-ability|p2a: Chi-Yu|Beads of Ruin\n|turn|7\n|\n|t:|1683417210\n|move|p2a: Chi-Yu|Dark Pulse|p1a: Gyarados\n|-damage|p1a: Gyarados|38\/100\n|move|p1a: Gyarados|Waterfall|p2a: Chi-Yu\n|-supereffective|p2a: Chi-Yu\n|-damage|p2a: Chi-Yu|0 fnt\n|faint|p2a: Chi-Yu\n|cant|p2b: Dragonite|slp\n|move|p1b: Gothitelle|Trick Room|p1b: Gothitelle\n|-fieldstart|move: Trick Room|[of] p1b: Gothitelle\n|\n|upkeep\n|\n|t:|1683417216\n|switch|p2a: Dondozo|Dondozo, L50, M|100\/100\n|turn|8\n|\n|t:|1683417236\n|move|p1a: Gyarados|Protect|p1a: Gyarados\n|-singleturn|p1a: Gyarados|Protect\n|move|p2a: Dondozo|Wave Crash|p1b: Gothitelle\n|-damage|p1b: Gothitelle|0 fnt\n|faint|p1b: Gothitelle\n|-damage|p2a: Dondozo|93\/100|[from] Recoil\n|-curestatus|p2b: Dragonite|slp|[msg]\n|move|p2b: Dragonite|Aerial Ace|p1a: Gyarados\n|-activate|p1a: Gyarados|move: Protect\n|\n|upkeep\n|\n|t:|1683417239\n|switch|p1b: Amoonguss|Amoonguss, L50, M|43\/100\n|turn|9\n|\n|t:|1683417255\n|switch|p1a: Chi-Yu|Chi-Yu, L50|100\/100\n|-ability|p1a: Chi-Yu|Beads of Ruin\n|move|p1b: Amoonguss|Spore|p2b: Dragonite\n|-status|p2b: Dragonite|slp|[from] move: Spore\n|move|p2a: Dondozo|Yawn|p1b: Amoonguss\n|-start|p1b: Amoonguss|move: Yawn|[of] p2a: Dondozo\n|cant|p2b: Dragonite|slp\n|\n|upkeep\n|turn|10\n|\n|t:|1683417276\n|switch|p1b: Gyarados|Gyarados, L50, F, shiny|38\/100\n|-ability|p1b: Gyarados|Intimidate|boost\n|-unboost|p2a: Dondozo|atk|1\n|-unboost|p2b: Dragonite|atk|1\n|-terastallize|p1a: Chi-Yu|Water\n|move|p2a: Dondozo|Wave Crash|p1a: Chi-Yu\n|-resisted|p1a: Chi-Yu\n|-damage|p1a: Chi-Yu|86\/100\n|-damage|p2a: Dondozo|90\/100|[from] Recoil\n|cant|p2b: Dragonite|slp\n|move|p1a: Chi-Yu|Dark Pulse|p2b: Dragonite\n|-damage|p2b: Dragonite|38\/100 slp\n|\n|-heal|p1a: Chi-Yu|92\/100|[from] item: Leftovers\n|upkeep\n|turn|11\n|\n|t:|1683417300\n|switch|p1b: Amoonguss|Amoonguss, L50, M|77\/100\n|move|p1a: Chi-Yu|Protect|p1a: Chi-Yu\n|-singleturn|p1a: Chi-Yu|Protect\n|move|p2a: Dondozo|Body Press|p1a: Chi-Yu\n|-activate|p1a: Chi-Yu|move: Protect\n|-curestatus|p2b: Dragonite|slp|[msg]\n|move|p2b: Dragonite|Aerial Ace|p1a: Chi-Yu\n|-activate|p1a: Chi-Yu|move: Protect\n|\n|-heal|p1a: Chi-Yu|98\/100|[from] item: Leftovers\n|-fieldend|move: Trick Room\n|upkeep\n|turn|12\n|inactive|Atrix MJ has 30 seconds left.\n|\n|t:|1683417325\n|move|p1b: Amoonguss|Rage Powder|p1b: Amoonguss\n|-singleturn|p1b: Amoonguss|move: Rage Powder\n|move|p1a: Chi-Yu|Dark Pulse|p2b: Dragonite\n|-damage|p2b: Dragonite|0 fnt\n|faint|p2b: Dragonite\n|move|p2a: Dondozo|Body Press|p1b: Amoonguss\n|-resisted|p1b: Amoonguss\n|-damage|p1b: Amoonguss|65\/100\n|\n|-heal|p1a: Chi-Yu|100\/100|[from] item: Leftovers\n|upkeep\n|turn|13\n|\n|t:|1683417335\n|move|p1a: Chi-Yu|Dark Pulse|p2a: Dondozo\n|-damage|p2a: Dondozo|52\/100\n|move|p2a: Dondozo|Body Press|p1a: Chi-Yu\n|-damage|p1a: Chi-Yu|73\/100\n|move|p1b: Amoonguss|Pollen Puff|p1a: Chi-Yu\n|-heal|p1a: Chi-Yu|100\/100\n|\n|upkeep\n|turn|14\n|\n|t:|1683417351\n|move|p1a: Chi-Yu|Dark Pulse|p2a: Dondozo\n|-damage|p2a: Dondozo|11\/100\n|-enditem|p2a: Dondozo|Sitrus Berry|[eat]\n|-heal|p2a: Dondozo|36\/100|[from] item: Sitrus Berry\n|move|p2a: Dondozo|Wave Crash|p1a: Chi-Yu\n|-resisted|p1a: Chi-Yu\n|-damage|p1a: Chi-Yu|87\/100\n|-damage|p2a: Dondozo|33\/100|[from] Recoil\n|move|p1b: Amoonguss|Pollen Puff|p1a: Chi-Yu\n|-heal|p1a: Chi-Yu|100\/100\n|\n|upkeep\n|turn|15\n|\n|t:|1683417357\n|move|p1a: Chi-Yu|Dark Pulse|p2a: Dondozo\n|-damage|p2a: Dondozo|0 fnt\n|faint|p2a: Dondozo\n|\n|win|Atrix MJ\n|raw|Atrix MJ's rating: 1382 → 1400<\/strong> (+18 for winning)\n|raw|AbbekerkManectrics's rating: 1346 → 1328<\/strong> (-18 for losing)\n|l|\u2606AbbekerkManectrics\n","uploadtime":1683417365,"views":11,"p1id":"atrixmj","p2id":"abbekerkmanectrics","formatid":"gen9vgc2023regulationc","rating":1328,"private":0,"password":""}