{"id":"gen9vgc2023regulationc-1846089701","p1":"Saltii_Pokemon","p2":"bronzongbroomsvgc","format":"[Gen 9] VGC 2023 Regulation C","log":"|j|\u2606Saltii_Pokemon\n|j|\u2606bronzongbroomsvgc\n|t:|1681804494\n|gametype|doubles\n|player|p1|Saltii_Pokemon|pryce|1337\n|player|p2|bronzongbroomsvgc|265|1394\n|teamsize|p1|6\n|teamsize|p2|6\n|gen|9\n|tier|[Gen 9] VGC 2023 Regulation C\n|rated|\n|rule|Species Clause: Limit one of each Pok\u00e9mon\n|rule|Item Clause: Limit one of each item\n|clearpoke\n|poke|p1|Annihilape, L50, M|\n|poke|p1|Maushold, L50|\n|poke|p1|Flutter Mane, L50|\n|poke|p1|Tyranitar, L50, M|\n|poke|p1|Lycanroc, L50, F|\n|poke|p1|Ting-Lu, L50|\n|poke|p2|Goodra, L50, M|\n|poke|p2|Wo-Chien, L50|\n|poke|p2|Pelipper, L50, M|\n|poke|p2|Corviknight, L50, F|\n|poke|p2|Tatsugiri-Droopy, L50, F|\n|poke|p2|Dondozo, L50, F|\n|teampreview|4\n|c|\u2606Saltii_Pokemon|nice surf dozo\n|c|\u2606Saltii_Pokemon|u have to be a great teambuilder\n|c|\u2606bronzongbroomsvgc|I am thank you\n|c|\u2606Saltii_Pokemon|i am thank you\n|c|\u2606Saltii_Pokemon|nice english too\n|c|\u2606Saltii_Pokemon|u have to be very high iq\n|\n|t:|1681804552\n|start\n|switch|p1a: Tyranitar|Tyranitar, L50, M|100\/100\n|switch|p1b: Lycanroc|Lycanroc, L50, F|100\/100\n|switch|p2a: Goodra|Goodra, L50, M|100\/100\n|switch|p2b: Wo-Chien|Wo-Chien, L50|100\/100\n|-ability|p2b: Wo-Chien|Tablets of Ruin\n|-weather|Sandstorm|[from] ability: Sand Stream|[of] p1a: Tyranitar\n|turn|1\n|c|\u2606bronzongbroomsvgc|I am thank you\n|\n|t:|1681804577\n|-terastallize|p1a: Tyranitar|Flying\n|move|p1b: Lycanroc|Rock Slide|p2a: Goodra|[spread] p2a,p2b\n|-damage|p2a: Goodra|82\/100\n|-damage|p2b: Wo-Chien|86\/100\n|move|p2a: Goodra|Acid Armor|p2a: Goodra\n|-boost|p2a: Goodra|def|2\n|move|p2b: Wo-Chien|Leech Seed|p1b: Lycanroc\n|-start|p1b: Lycanroc|move: Leech Seed\n|move|p1a: Tyranitar|Tera Blast|p2b: Wo-Chien\n|-supereffective|p2b: Wo-Chien\n|-damage|p2b: Wo-Chien|30\/100\n|\n|-weather|Sandstorm|[upkeep]\n|-damage|p2a: Goodra|76\/100|[from] Sandstorm\n|-damage|p2b: Wo-Chien|24\/100|[from] Sandstorm\n|-damage|p1a: Tyranitar|95\/100|[from] Sandstorm\n|-heal|p2b: Wo-Chien|30\/100|[from] item: Leftovers\n|-damage|p1b: Lycanroc|89\/100|[from] Leech Seed|[of] p2b: Wo-Chien\n|-heal|p2b: Wo-Chien|40\/100|[silent]\n|upkeep\n|turn|2\n|\n|t:|1681804599\n|move|p2b: Wo-Chien|Protect|p2b: Wo-Chien\n|-singleturn|p2b: Wo-Chien|Protect\n|move|p1b: Lycanroc|Rock Slide|p2a: Goodra|[spread] p2a\n|-activate|p2b: Wo-Chien|move: Protect\n|-damage|p2a: Goodra|66\/100\n|move|p2a: Goodra|Body Press|p1b: Lycanroc\n|-supereffective|p1b: Lycanroc\n|-damage|p1b: Lycanroc|2\/100\n|move|p1a: Tyranitar|Tera Blast|p2b: Wo-Chien\n|-activate|p2b: Wo-Chien|move: Protect\n|\n|-weather|Sandstorm|[upkeep]\n|-damage|p2a: Goodra|60\/100|[from] Sandstorm\n|-damage|p2b: Wo-Chien|33\/100|[from] Sandstorm\n|-damage|p1a: Tyranitar|89\/100|[from] Sandstorm\n|-heal|p2b: Wo-Chien|40\/100|[from] item: Leftovers\n|-damage|p1b: Lycanroc|0 fnt|[from] Leech Seed|[of] p2b: Wo-Chien\n|-heal|p2b: Wo-Chien|41\/100|[silent]\n|faint|p1b: Lycanroc\n|upkeep\n|\n|t:|1681804603\n|switch|p1b: Annihilape|Annihilape, L50, M|100\/100\n|turn|3\n|\n|t:|1681804637\n|move|p1b: Annihilape|Bulk Up|p1b: Annihilape\n|-boost|p1b: Annihilape|atk|1\n|-boost|p1b: Annihilape|def|1\n|move|p2a: Goodra|Muddy Water|p1b: Annihilape|[spread] p1a,p1b\n|-damage|p1a: Tyranitar|77\/100\n|-damage|p1b: Annihilape|87\/100\n|-unboost|p1a: Tyranitar|accuracy|1\n|move|p2b: Wo-Chien|Leech Seed|p1b: Annihilape\n|-start|p1b: Annihilape|move: Leech Seed\n|move|p1a: Tyranitar|Tera Blast|p2b: Wo-Chien\n|-supereffective|p2b: Wo-Chien\n|-damage|p2b: Wo-Chien|0 fnt\n|faint|p2b: Wo-Chien\n|\n|-weather|Sandstorm|[upkeep]\n|-damage|p1b: Annihilape|81\/100|[from] Sandstorm\n|-damage|p2a: Goodra|54\/100|[from] Sandstorm\n|-damage|p1a: Tyranitar|72\/100|[from] Sandstorm\n|-heal|p1b: Annihilape|87\/100|[from] item: Leftovers\n|upkeep\n|\n|t:|1681804653\n|switch|p2b: Dondozo|Dondozo, L50, F|100\/100\n|turn|4\n|\n|t:|1681804662\n|switch|p2a: Tatsugiri|Tatsugiri-Droopy, L50, F, shiny|100\/100\n|-activate|p2a: Tatsugiri|ability: Commander|[of] p2b: Dondozo\n|-boost|p2b: Dondozo|atk|2\n|-boost|p2b: Dondozo|spa|2\n|-boost|p2b: Dondozo|spe|2\n|-boost|p2b: Dondozo|def|2\n|-boost|p2b: Dondozo|spd|2\n|-terastallize|p2b: Dondozo|Water\n|move|p2b: Dondozo|Surf|p1a: Tyranitar|[spread] p1a,p1b\n|-miss|p2b: Dondozo|p2a: Tatsugiri\n|-damage|p1a: Tyranitar|32\/100\n|-damage|p1b: Annihilape|35\/100\n|move|p1b: Annihilape|Rage Fist|p2b: Dondozo\n|-damage|p2b: Dondozo|73\/100\n|move|p1a: Tyranitar|Assurance|p2b: Dondozo\n|-damage|p2b: Dondozo|43\/100\n|\n|-weather|Sandstorm|[upkeep]\n|-damage|p2a: Tatsugiri|94\/100|[from] Sandstorm\n|-damage|p2b: Dondozo|37\/100|[from] Sandstorm\n|-damage|p1b: Annihilape|29\/100|[from] Sandstorm\n|-damage|p1a: Tyranitar|26\/100|[from] Sandstorm\n|-heal|p1b: Annihilape|35\/100|[from] item: Leftovers\n|-damage|p1b: Annihilape|23\/100|[from] Leech Seed|[of] p2b: Dondozo\n|-heal|p2b: Dondozo|48\/100|[silent]\n|upkeep\n|turn|5\n|\n|t:|1681804684\n|move|p1b: Annihilape|Protect|p1b: Annihilape\n|-singleturn|p1b: Annihilape|Protect\n|move|p2b: Dondozo|Surf|p1b: Annihilape|[spread] p1a\n|-miss|p2b: Dondozo|p2a: Tatsugiri\n|-activate|p1b: Annihilape|move: Protect\n|-damage|p1a: Tyranitar|0 fnt\n|faint|p1a: Tyranitar\n|\n|-weather|none\n|-heal|p1b: Annihilape|29\/100|[from] item: Leftovers\n|-damage|p1b: Annihilape|16\/100|[from] Leech Seed|[of] p2b: Dondozo\n|-heal|p2b: Dondozo|60\/100|[silent]\n|upkeep\n|\n|t:|1681804695\n|switch|p1a: Flutter Mane|Flutter Mane, L50|100\/100\n|turn|6\n|\n|t:|1681804701\n|move|p2b: Dondozo|Protect|p2b: Dondozo\n|-singleturn|p2b: Dondozo|Protect\n|move|p1a: Flutter Mane|Thunderbolt|p2b: Dondozo\n|-activate|p2b: Dondozo|move: Protect\n|move|p1b: Annihilape|Rage Fist|p2b: Dondozo\n|-activate|p2b: Dondozo|move: Protect\n|\n|-heal|p1b: Annihilape|23\/100|[from] item: Leftovers\n|-damage|p1b: Annihilape|10\/100|[from] Leech Seed|[of] p2b: Dondozo\n|-heal|p2b: Dondozo|71\/100|[silent]\n|upkeep\n|turn|7\n|\n|t:|1681804713\n|move|p2b: Dondozo|Surf|p1a: Flutter Mane|[spread] p1a,p1b\n|-miss|p2b: Dondozo|p2a: Tatsugiri\n|-damage|p1a: Flutter Mane|28\/100\n|-damage|p1b: Annihilape|0 fnt\n|faint|p1b: Annihilape\n|move|p1a: Flutter Mane|Thunderbolt|p2b: Dondozo\n|-supereffective|p2b: Dondozo\n|-damage|p2b: Dondozo|7\/100\n|-status|p2b: Dondozo|par\n|\n|upkeep\n|turn|8\n|\n|t:|1681804724\n|move|p1a: Flutter Mane|Thunderbolt|p2b: Dondozo\n|-supereffective|p2b: Dondozo\n|-damage|p2b: Dondozo|0 fnt\n|faint|p2b: Dondozo\n|\n|upkeep\n|\n|t:|1681804725\n|switch|p2b: Goodra|Goodra, L50, M|54\/100\n|turn|9\n|\n|t:|1681804732\n|move|p2a: Tatsugiri|Muddy Water|p1a: Flutter Mane\n|-damage|p1a: Flutter Mane|0 fnt\n|faint|p1a: Flutter Mane\n|-end|p1a: Flutter Mane|Protosynthesis|[silent]\n|\n|win|bronzongbroomsvgc\n|raw|Saltii_Pokemon's rating: 1337 → 1320<\/strong> (-17 for losing)\n|raw|bronzongbroomsvgc's rating: 1394 → 1411<\/strong> (+17 for winning)\n|c|\u2606bronzongbroomsvgc|free\n|l|\u2606Saltii_Pokemon\n","uploadtime":1681804741,"views":13,"p1id":"saltiipokemon","p2id":"bronzongbroomsvgc","formatid":"gen9vgc2023regulationc","rating":1320,"private":0,"password":""}