{"id":"gen9vgc2023regulationc-1848672011","p1":"jonesy72","p2":"you got claped","format":"[Gen 9] VGC 2023 Regulation C","log":"|j|\u2606jonesy72\n|j|\u203dyou got claped\n|t:|1682099532\n|gametype|doubles\n|player|p1|jonesy72|266|1232\n|player|p2|you got claped|169|1212\n|teamsize|p1|6\n|teamsize|p2|6\n|gen|9\n|tier|[Gen 9] VGC 2023 Regulation C\n|rated|\n|rule|Species Clause: Limit one of each Pok\u00e9mon\n|rule|Item Clause: Limit one of each item\n|clearpoke\n|poke|p1|Palafin, L50, M|\n|poke|p1|Flutter Mane, L50|\n|poke|p1|Arcanine, L50, M|\n|poke|p1|Iron Hands, L50|\n|poke|p1|Chi-Yu, L50|\n|poke|p1|Amoonguss, L50, M|\n|poke|p2|Armarouge, L50, F|\n|poke|p2|Indeedee-F, L50, F|\n|poke|p2|Gallade, L50, M|\n|poke|p2|Ting-Lu, L50|\n|poke|p2|Talonflame, L50, F|\n|poke|p2|Great Tusk, L50|\n|teampreview|4\n|inactive|Battle timer is ON: inactive players will automatically lose when time's up. (requested by you got claped)\n|\n|t:|1682099551\n|start\n|switch|p1a: Palafin|Palafin, L50, M|100\/100\n|switch|p1b: Chi-Yu|Chi-Yu, L50|100\/100\n|switch|p2a: Indeedee|Indeedee-F, L50, F|100\/100\n|switch|p2b: Gallade|Gallade, L50, M|100\/100\n|-ability|p1b: Chi-Yu|Beads of Ruin\n|-fieldstart|move: Psychic Terrain|[from] ability: Psychic Surge|[of] p2a: Indeedee\n|turn|1\n|\n|t:|1682099570\n|detailschange|p1a: Palafin|Palafin-Hero, L50, M\n|switch|p1a: Flutter Mane|Flutter Mane, L50|100\/100\n|move|p1b: Chi-Yu|Protect|p1b: Chi-Yu\n|-singleturn|p1b: Chi-Yu|Protect\n|move|p2a: Indeedee|Follow Me|p2a: Indeedee\n|-singleturn|p2a: Indeedee|move: Follow Me\n|move|p2b: Gallade|Trick Room|p2b: Gallade\n|-fieldstart|move: Trick Room|[of] p2b: Gallade\n|\n|upkeep\n|turn|2\n|\n|t:|1682099595\n|switch|p1b: Arcanine|Arcanine, L50, M|100\/100\n|-ability|p1b: Arcanine|Intimidate|boost\n|-unboost|p2a: Indeedee|atk|1\n|-unboost|p2b: Gallade|atk|1\n|move|p2b: Gallade|Sacred Sword|p1b: Arcanine\n|-damage|p1b: Arcanine|50\/100\n|move|p2a: Indeedee|Psychic|p1a: Flutter Mane\n|-damage|p1a: Flutter Mane|57\/100\n|move|p1a: Flutter Mane|Dazzling Gleam|p2b: Gallade|[spread] p2a,p2b\n|-supereffective|p2b: Gallade\n|-damage|p2a: Indeedee|56\/100\n|-damage|p2b: Gallade|14\/100\n|\n|upkeep\n|turn|3\n|inactive|jonesy72 has 30 seconds left.\n|\n|t:|1682099621\n|switch|p1b: Palafin|Palafin-Hero, L50, M|100\/100\n|-activate|p1b: Palafin|ability: Zero to Hero\n|move|p2a: Indeedee|Helping Hand|p2b: Gallade\n|-singleturn|p2b: Gallade|Helping Hand|[of] p2a: Indeedee\n|move|p2b: Gallade|Psycho Cut|p1a: Flutter Mane\n|-crit|p1a: Flutter Mane\n|-damage|p1a: Flutter Mane|0 fnt\n|faint|p1a: Flutter Mane\n|-end|p1a: Flutter Mane|Protosynthesis|[silent]\n|\n|upkeep\n|\n|t:|1682099631\n|switch|p1a: Arcanine|Arcanine, L50, M|50\/100\n|-ability|p1a: Arcanine|Intimidate|boost\n|-unboost|p2a: Indeedee|atk|1\n|-unboost|p2b: Gallade|atk|1\n|turn|4\n|\n|t:|1682099650\n|move|p2a: Indeedee|Protect|p2a: Indeedee\n|-singleturn|p2a: Indeedee|Protect\n|move|p1b: Palafin|Protect|p1b: Palafin\n|-singleturn|p1b: Palafin|Protect\n|move|p2b: Gallade|Sacred Sword|p1a: Arcanine\n|-damage|p1a: Arcanine|7\/100\n|move|p1a: Arcanine|Flare Blitz|p2b: Gallade\n|-damage|p2b: Gallade|0 fnt\n|faint|p2b: Gallade\n|-damage|p1a: Arcanine|3\/100|[from] Recoil\n|\n|upkeep\n|\n|t:|1682099673\n|switch|p2b: Armarouge|Armarouge, L50, F|100\/100\n|turn|5\n|\n|t:|1682099692\n|switch|p1a: Chi-Yu|Chi-Yu, L50|100\/100\n|-ability|p1a: Chi-Yu|Beads of Ruin\n|move|p2a: Indeedee|Helping Hand|p2b: Armarouge\n|-singleturn|p2b: Armarouge|Helping Hand|[of] p2a: Indeedee\n|move|p2b: Armarouge|Expanding Force|p1b: Palafin|[spread] p1b\n|-immune|p1a: Chi-Yu\n|-damage|p1b: Palafin|0 fnt\n|faint|p1b: Palafin\n|-damage|p2b: Armarouge|91\/100|[from] item: Life Orb\n|\n|-fieldend|move: Trick Room\n|-fieldend|move: Psychic Terrain\n|upkeep\n|\n|t:|1682099704\n|switch|p1b: Arcanine|Arcanine, L50, M|3\/100\n|-ability|p1b: Arcanine|Intimidate|boost\n|-unboost|p2a: Indeedee|atk|1\n|-unboost|p2b: Armarouge|atk|1\n|turn|6\n|\n|t:|1682099722\n|switch|p2a: Ting-Lu|Ting-Lu, L50|100\/100\n|-ability|p2a: Ting-Lu|Vessel of Ruin\n|move|p2b: Armarouge|Wide Guard|p2b: Armarouge\n|-singleturn|p2b: Armarouge|Wide Guard\n|move|p1a: Chi-Yu|Dark Pulse|p2b: Armarouge\n|-supereffective|p2b: Armarouge\n|-damage|p2b: Armarouge|0 fnt\n|faint|p2b: Armarouge\n|-damage|p1a: Chi-Yu|91\/100|[from] item: Life Orb\n|move|p1b: Arcanine|Morning Sun|p1b: Arcanine\n|-heal|p1b: Arcanine|52\/100\n|\n|upkeep\n|\n|t:|1682099725\n|switch|p2b: Indeedee|Indeedee-F, L50, F|56\/100\n|-fieldstart|move: Psychic Terrain|[from] ability: Psychic Surge|[of] p2b: Indeedee\n|turn|7\n|\n|t:|1682099749\n|move|p2b: Indeedee|Protect|p2b: Indeedee\n|-singleturn|p2b: Indeedee|Protect\n|move|p1a: Chi-Yu|Dark Pulse|p2b: Indeedee\n|-activate|p2b: Indeedee|move: Protect\n|move|p1b: Arcanine|Flare Blitz|p2a: Ting-Lu\n|-damage|p2a: Ting-Lu|67\/100\n|-damage|p1b: Arcanine|37\/100|[from] Recoil\n|move|p2a: Ting-Lu|Fissure|p1a: Chi-Yu|[miss]\n|-miss|p2a: Ting-Lu|p1a: Chi-Yu\n|\n|-heal|p2a: Ting-Lu|74\/100|[from] item: Leftovers\n|upkeep\n|turn|8\n|inactive|jonesy72 has 30 seconds left.\n|\n|t:|1682099777\n|move|p2b: Indeedee|Follow Me|p2b: Indeedee\n|-singleturn|p2b: Indeedee|move: Follow Me\n|move|p1a: Chi-Yu|Heat Wave|p2a: Ting-Lu|[spread] p2a,p2b\n|-damage|p2a: Ting-Lu|33\/100\n|-damage|p2b: Indeedee|7\/100\n|-enditem|p2b: Indeedee|Sitrus Berry|[eat]\n|-heal|p2b: Indeedee|32\/100|[from] item: Sitrus Berry\n|-damage|p1a: Chi-Yu|81\/100|[from] item: Life Orb\n|move|p1b: Arcanine|Flare Blitz|p2b: Indeedee\n|-damage|p2b: Indeedee|0 fnt\n|faint|p2b: Indeedee\n|-damage|p1b: Arcanine|26\/100|[from] Recoil\n|move|p2a: Ting-Lu|Stomping Tantrum|p1b: Arcanine\n|-supereffective|p1b: Arcanine\n|-damage|p1b: Arcanine|0 fnt\n|faint|p1b: Arcanine\n|\n|-heal|p2a: Ting-Lu|39\/100|[from] item: Leftovers\n|upkeep\n|turn|9\n|inactive|you got claped has 30 seconds left.\n|\n|t:|1682099808\n|-terastallize|p1a: Chi-Yu|Fire\n|move|p2a: Ting-Lu|Protect|p2a: Ting-Lu\n|-singleturn|p2a: Ting-Lu|Protect\n|move|p1a: Chi-Yu|Flamethrower|p2a: Ting-Lu\n|-activate|p2a: Ting-Lu|move: Protect\n|\n|-heal|p2a: Ting-Lu|45\/100|[from] item: Leftovers\n|upkeep\n|turn|10\n|\n|t:|1682099820\n|-terastallize|p2a: Ting-Lu|Poison\n|move|p1a: Chi-Yu|Flamethrower|p2a: Ting-Lu\n|-damage|p2a: Ting-Lu|0 fnt\n|faint|p2a: Ting-Lu\n|-damage|p1a: Chi-Yu|71\/100|[from] item: Life Orb\n|\n|win|jonesy72\n|raw|jonesy72's rating: 1232 → 1256<\/strong> (+24 for winning)\n|raw|you got claped's rating: 1212 → 1188<\/strong> (-24 for losing)\n|j| brainsssss\n|l|\u203dyou got claped\n|l| brainsssss\n","uploadtime":1682099857,"views":10,"p1id":"jonesy72","p2id":"yougotclaped","formatid":"gen9vgc2023regulationc","rating":1188,"private":0,"password":""}