{"id":"gen9vgc2023regulationc-1846632640","p1":"Stempe","p2":"DegeneraVGC","format":"[Gen 9] VGC 2023 Regulation C","log":"|j|\u2606Stempe\n|j|\u2606DegeneraVGC\n|t:|1681859499\n|gametype|doubles\n|player|p1|Stempe|266|1306\n|player|p2|DegeneraVGC|266|1307\n|teamsize|p1|6\n|teamsize|p2|6\n|gen|9\n|tier|[Gen 9] VGC 2023 Regulation C\n|rated|\n|rule|Species Clause: Limit one of each Pok\u00e9mon\n|rule|Item Clause: Limit one of each item\n|clearpoke\n|poke|p1|Flutter Mane, L50|\n|poke|p1|Chi-Yu, L50|\n|poke|p1|Ceruledge, L50, F|\n|poke|p1|Murkrow, L50, M|\n|poke|p1|Great Tusk, L50|\n|poke|p1|Dachsbun, L50, M|\n|poke|p2|Haunter, L50, F|\n|poke|p2|Amoonguss, L50, F|\n|poke|p2|Tyranitar, L50, M|\n|poke|p2|Lycanroc, L50, F|\n|poke|p2|Gyarados, L50, F|\n|poke|p2|Garchomp, L50, F|\n|teampreview|4\n|j| zapdos95\n|\n|t:|1681859535\n|start\n|switch|p1a: Murkrow|Murkrow, L50, M|100\/100\n|switch|p1b: Dachsbun|Dachsbun, L50, M|100\/100\n|switch|p2a: Tyranitar|Tyranitar, L50, M|100\/100\n|switch|p2b: Lycanroc|Lycanroc, L50, F|100\/100\n|-weather|Sandstorm|[from] ability: Sand Stream|[of] p2a: Tyranitar\n|turn|1\n|\n|t:|1681859553\n|move|p1a: Murkrow|Tailwind|p1a: Murkrow\n|-sidestart|p1: Stempe|move: Tailwind\n|move|p2b: Lycanroc|Rock Slide|p1b: Dachsbun|[spread] p1a,p1b\n|-supereffective|p1a: Murkrow\n|-damage|p1a: Murkrow|23\/100\n|-damage|p1b: Dachsbun|73\/100\n|cant|p1b: Dachsbun|flinch\n|move|p2a: Tyranitar|Rock Slide|p1a: Murkrow|[spread] p1a,p1b\n|-supereffective|p1a: Murkrow\n|-damage|p1a: Murkrow|0 fnt\n|-damage|p1b: Dachsbun|44\/100\n|faint|p1a: Murkrow\n|\n|-weather|Sandstorm|[upkeep]\n|-damage|p1b: Dachsbun|38\/100|[from] Sandstorm\n|-heal|p1b: Dachsbun|44\/100|[from] item: Leftovers\n|upkeep\n|\n|t:|1681859563\n|switch|p1a: Great Tusk|Great Tusk, L50|100\/100\n|turn|2\n|\n|t:|1681859592\n|switch|p2a: Haunter|Haunter, L50, F|100\/100\n|move|p2b: Lycanroc|Rock Slide|p1b: Dachsbun|[spread] p1a,p1b\n|-resisted|p1a: Great Tusk\n|-damage|p1a: Great Tusk|95\/100\n|-damage|p1b: Dachsbun|13\/100\n|move|p1b: Dachsbun|Yawn|p2a: Haunter\n|-start|p2a: Haunter|move: Yawn|[of] p1b: Dachsbun\n|move|p1a: Great Tusk|Headlong Rush|p2b: Lycanroc\n|-supereffective|p2b: Lycanroc\n|-enditem|p2b: Lycanroc|Focus Sash\n|-damage|p2b: Lycanroc|1\/100\n|-unboost|p1a: Great Tusk|def|1\n|-unboost|p1a: Great Tusk|spd|1\n|\n|-weather|Sandstorm|[upkeep]\n|-damage|p1b: Dachsbun|7\/100|[from] Sandstorm\n|-damage|p2a: Haunter|95\/100|[from] Sandstorm\n|-heal|p1b: Dachsbun|13\/100|[from] item: Leftovers\n|-heal|p2a: Haunter|100\/100|[from] item: Leftovers\n|upkeep\n|turn|3\n|\n|t:|1681859620\n|switch|p2a: Amoonguss|Amoonguss, L50, F|100\/100\n|move|p1a: Great Tusk|Protect|p1a: Great Tusk\n|-singleturn|p1a: Great Tusk|Protect\n|move|p2b: Lycanroc|Rock Slide|p1a: Great Tusk|[spread] p1b\n|-activate|p1a: Great Tusk|move: Protect\n|-damage|p1b: Dachsbun|0 fnt\n|faint|p1b: Dachsbun\n|\n|-weather|Sandstorm|[upkeep]\n|-damage|p2a: Amoonguss|95\/100|[from] Sandstorm\n|upkeep\n|\n|t:|1681859624\n|switch|p1b: Flutter Mane|Flutter Mane, L50|100\/100\n|-enditem|p1b: Flutter Mane|Booster Energy\n|-activate|p1b: Flutter Mane|ability: Protosynthesis|[fromitem]\n|-start|p1b: Flutter Mane|protosynthesisspe\n|turn|4\n|\n|t:|1681859658\n|-terastallize|p1a: Great Tusk|Ground\n|move|p2b: Lycanroc|Protect|p2b: Lycanroc\n|-singleturn|p2b: Lycanroc|Protect\n|move|p1b: Flutter Mane|Substitute|p1b: Flutter Mane\n|-start|p1b: Flutter Mane|Substitute\n|-damage|p1b: Flutter Mane|76\/100\n|move|p1a: Great Tusk|Headlong Rush|p2a: Amoonguss\n|-damage|p2a: Amoonguss|24\/100\n|-unboost|p1a: Great Tusk|def|1\n|-unboost|p1a: Great Tusk|spd|1\n|-enditem|p2a: Amoonguss|Sitrus Berry|[eat]\n|-heal|p2a: Amoonguss|49\/100|[from] item: Sitrus Berry\n|move|p2a: Amoonguss|Spore||[still]\n|-fail|p2a: Amoonguss\n|\n|-weather|Sandstorm|[upkeep]\n|-damage|p1b: Flutter Mane|70\/100|[from] Sandstorm\n|-damage|p2a: Amoonguss|43\/100|[from] Sandstorm\n|-sideend|p1: Stempe|move: Tailwind\n|upkeep\n|turn|5\n|\n|t:|1681859693\n|move|p1b: Flutter Mane|Protect|p1b: Flutter Mane\n|-singleturn|p1b: Flutter Mane|Protect\n|move|p2a: Amoonguss|Rage Powder|p2a: Amoonguss\n|-singleturn|p2a: Amoonguss|move: Rage Powder\n|move|p2b: Lycanroc|Rock Slide|p1b: Flutter Mane|[spread] p1a\n|-activate|p1b: Flutter Mane|move: Protect\n|-resisted|p1a: Great Tusk\n|-damage|p1a: Great Tusk|73\/100\n|cant|p1a: Great Tusk|flinch\n|\n|-weather|none\n|upkeep\n|turn|6\n|c|\u2606Stempe|tough\n|c| zapdos95|too tough for you stempe?\n|\n|t:|1681859752\n|switch|p2b: Haunter|Haunter, L50, F|100\/100\n|move|p2a: Amoonguss|Rage Powder|p2a: Amoonguss\n|-singleturn|p2a: Amoonguss|move: Rage Powder\n|move|p1b: Flutter Mane|Shadow Ball|p2a: Amoonguss\n|-damage|p2a: Amoonguss|9\/100\n|move|p1a: Great Tusk|Headlong Rush|p2a: Amoonguss\n|-damage|p2a: Amoonguss|0 fnt\n|-unboost|p1a: Great Tusk|def|1\n|-unboost|p1a: Great Tusk|spd|1\n|faint|p2a: Amoonguss\n|\n|upkeep\n|c| zapdos95|whatever a stempe is supposed to be lol\n|c|\u2606Stempe|yeah too tough for me\n|\n|t:|1681859771\n|switch|p2a: Tyranitar|Tyranitar, L50, M|100\/100\n|-weather|Sandstorm|[from] ability: Sand Stream|[of] p2a: Tyranitar\n|turn|7\n|\n|t:|1681859788\n|-terastallize|p2a: Tyranitar|Flying\n|move|p1b: Flutter Mane|Protect|p1b: Flutter Mane\n|-singleturn|p1b: Flutter Mane|Protect\n|move|p2b: Haunter|Protect|p2b: Haunter\n|-singleturn|p2b: Haunter|Protect\n|move|p1a: Great Tusk|Protect|p1a: Great Tusk\n|-singleturn|p1a: Great Tusk|Protect\n|move|p2a: Tyranitar|Tera Blast|p1a: Great Tusk\n|-activate|p1a: Great Tusk|move: Protect\n|\n|-weather|Sandstorm|[upkeep]\n|-damage|p1b: Flutter Mane|64\/100|[from] Sandstorm\n|-damage|p2b: Haunter|95\/100|[from] Sandstorm\n|-damage|p2a: Tyranitar|95\/100|[from] Sandstorm\n|-heal|p2b: Haunter|100\/100|[from] item: Leftovers\n|upkeep\n|turn|8\n|\n|t:|1681859805\n|move|p1b: Flutter Mane|Shadow Ball|p2b: Haunter\n|-supereffective|p2b: Haunter\n|-damage|p2b: Haunter|0 fnt\n|faint|p2b: Haunter\n|move|p1a: Great Tusk|Close Combat|p2a: Tyranitar\n|-resisted|p2a: Tyranitar\n|-damage|p2a: Tyranitar|68\/100\n|-unboost|p1a: Great Tusk|def|1\n|-unboost|p1a: Great Tusk|spd|1\n|move|p2a: Tyranitar|Tera Blast|p1a: Great Tusk\n|-damage|p1a: Great Tusk|0 fnt\n|faint|p1a: Great Tusk\n|-end|p1a: Great Tusk|Protosynthesis|[silent]\n|\n|-weather|Sandstorm|[upkeep]\n|-damage|p1b: Flutter Mane|57\/100|[from] Sandstorm\n|-damage|p2a: Tyranitar|62\/100|[from] Sandstorm\n|upkeep\n|\n|t:|1681859817\n|switch|p2b: Lycanroc|Lycanroc, L50, F|1\/100\n|turn|9\n|\n|t:|1681859821\n|move|p1b: Flutter Mane|Protect|p1b: Flutter Mane\n|-singleturn|p1b: Flutter Mane|Protect\n|move|p2b: Lycanroc|Rock Slide|p1b: Flutter Mane\n|-activate|p1b: Flutter Mane|move: Protect\n|move|p2a: Tyranitar|Crunch|p1b: Flutter Mane\n|-activate|p1b: Flutter Mane|move: Protect\n|\n|-weather|Sandstorm|[upkeep]\n|-damage|p1b: Flutter Mane|51\/100|[from] Sandstorm\n|-damage|p2a: Tyranitar|56\/100|[from] Sandstorm\n|upkeep\n|turn|10\n|\n|t:|1681859833\n|move|p2b: Lycanroc|Rock Slide|p1b: Flutter Mane\n|-end|p1b: Flutter Mane|Substitute\n|move|p1b: Flutter Mane|Substitute|p1b: Flutter Mane\n|-start|p1b: Flutter Mane|Substitute\n|-damage|p1b: Flutter Mane|27\/100\n|move|p2a: Tyranitar|Crunch|p1b: Flutter Mane\n|-end|p1b: Flutter Mane|Substitute\n|\n|-weather|Sandstorm|[upkeep]\n|-damage|p1b: Flutter Mane|20\/100|[from] Sandstorm\n|-damage|p2a: Tyranitar|50\/100|[from] Sandstorm\n|upkeep\n|turn|11\n|\n|t:|1681859850\n|move|p1b: Flutter Mane|Protect|p1b: Flutter Mane\n|-singleturn|p1b: Flutter Mane|Protect\n|move|p2b: Lycanroc|Rock Slide|p1b: Flutter Mane\n|-activate|p1b: Flutter Mane|move: Protect\n|move|p2a: Tyranitar|Crunch|p1b: Flutter Mane\n|-activate|p1b: Flutter Mane|move: Protect\n|\n|-weather|none\n|upkeep\n|turn|12\n|\n|t:|1681859858\n|move|p1b: Flutter Mane|Moonblast|p2a: Tyranitar\n|-damage|p2a: Tyranitar|20\/100\n|-unboost|p2a: Tyranitar|spa|1\n|move|p2b: Lycanroc|Rock Slide|p1b: Flutter Mane\n|-damage|p1b: Flutter Mane|0 fnt\n|faint|p1b: Flutter Mane\n|-end|p1b: Flutter Mane|Protosynthesis|[silent]\n|\n|win|DegeneraVGC\n|raw|Stempe's rating: 1306 → 1286<\/strong> (-20 for losing)\n|raw|DegeneraVGC's rating: 1307 → 1327<\/strong> (+20 for winning)\n|c|\u2606DegeneraVGC|gg\n|c|\u2606Stempe|gg\n|l|\u2606Stempe\n","uploadtime":1681859882,"views":8,"p1id":"stempe","p2id":"degeneravgc","formatid":"gen9vgc2023regulationc","rating":1286,"private":0,"password":""}