{"id":"gen9vgc2023regulationc-1846513050","p1":"Gunkqing","p2":"iron brate","format":"[Gen 9] VGC 2023 Regulation C","log":"|j|\u2606Gunkqing\n|j|\u2606iron brate\n|t:|1681847287\n|gametype|doubles\n|player|p1|Gunkqing|blue|\n|player|p2|iron brate|1|\n|teamsize|p1|6\n|teamsize|p2|6\n|gen|9\n|tier|[Gen 9] VGC 2023 Regulation C\n|rule|Species Clause: Limit one of each Pok\u00e9mon\n|rule|Item Clause: Limit one of each item\n|clearpoke\n|poke|p1|Chien-Pao, L50|\n|poke|p1|Scream Tail, L50|\n|poke|p1|Arcanine, L50, M|\n|poke|p1|Goodra, L50, M|\n|poke|p1|Amoonguss, L50, M|\n|poke|p1|Palafin, L50, M|\n|poke|p2|Flutter Mane, L50|\n|poke|p2|Gothitelle, L50, F|\n|poke|p2|Iron Hands, L50|\n|poke|p2|Amoonguss, L50, M|\n|poke|p2|Ting-Lu, L50|\n|poke|p2|Gyarados, L50, M|\n|teampreview|4\n|inactive|Battle timer is ON: inactive players will automatically lose when time's up. (requested by Gunkqing)\n|inactive|iron brate also wants the timer to be on.\n|inactive|iron brate no longer wants the timer on, but the timer is staying on because gunkqing still does.\niron brate has agreed to open team sheets.\n|c|\u2606iron brate|g1\n|inactiveoff|Battle timer is now OFF.\nGunkqing has agreed to open team sheets.\n|c|\u2606Gunkqing|glhf!\n|c|\u2606iron brate|glhf\n|\n|t:|1681847383\n|start\n|switch|p1a: Scream Tail|Scream Tail, L50|100\/100\n|switch|p1b: Arcanine|Arcanine, L50, M|100\/100\n|switch|p2a: Gothitelle|Gothitelle, L50, F|100\/100\n|switch|p2b: Iron Hands|Iron Hands, L50|100\/100\n|-ability|p1b: Arcanine|Intimidate|boost\n|-unboost|p2a: Gothitelle|atk|1\n|-unboost|p2b: Iron Hands|atk|1\n|-enditem|p1a: Scream Tail|Booster Energy\n|-activate|p1a: Scream Tail|ability: Protosynthesis|[fromitem]\n|-start|p1a: Scream Tail|protosynthesisspe\n|turn|1\n|\n|t:|1681847424\n|move|p2a: Gothitelle|Fake Out|p1a: Scream Tail\n|-damage|p1a: Scream Tail|98\/100\n|cant|p1a: Scream Tail|flinch\n|move|p1b: Arcanine|Flare Blitz|p2a: Gothitelle\n|-damage|p2a: Gothitelle|34\/100\n|-enditem|p2a: Gothitelle|Sitrus Berry|[eat]\n|-heal|p2a: Gothitelle|59\/100|[from] item: Sitrus Berry\n|-damage|p1b: Arcanine|77\/100|[from] Recoil\n|move|p2b: Iron Hands|Swords Dance|p2b: Iron Hands\n|-boost|p2b: Iron Hands|atk|2\n|\n|upkeep\n|turn|2\n|\n|t:|1681847447\n|-terastallize|p2a: Gothitelle|Water\n|move|p1a: Scream Tail|Howl|p1a: Scream Tail|[spread] p1a,p1b\n|-boost|p1a: Scream Tail|atk|1\n|-boost|p1b: Arcanine|atk|1\n|move|p1b: Arcanine|Flare Blitz|p2b: Iron Hands\n|-damage|p2b: Iron Hands|16\/100\n|-damage|p1b: Arcanine|38\/100|[from] Recoil\n|move|p2b: Iron Hands|Drain Punch|p1b: Arcanine\n|-damage|p1b: Arcanine|0 fnt\n|-heal|p2b: Iron Hands|29\/100|[from] drain|[of] p1b: Arcanine\n|faint|p1b: Arcanine\n|move|p2a: Gothitelle|Trick Room|p2a: Gothitelle\n|-fieldstart|move: Trick Room|[of] p2a: Gothitelle\n|\n|upkeep\n|\n|t:|1681847457\n|switch|p1b: Amoonguss|Amoonguss, L50, M|100\/100\n|turn|3\n|\n|t:|1681847474\n|switch|p2a: Amoonguss|Amoonguss, L50, M, shiny|100\/100\n|move|p2b: Iron Hands|Protect|p2b: Iron Hands\n|-singleturn|p2b: Iron Hands|Protect\n|move|p1b: Amoonguss|Spore|p2a: Amoonguss\n|-immune|p2a: Amoonguss\n|move|p1a: Scream Tail|Play Rough|p2b: Iron Hands\n|-activate|p2b: Iron Hands|move: Protect\n|\n|upkeep\n|turn|4\n|\n|t:|1681847494\n|move|p1b: Amoonguss|Spore|p2b: Iron Hands\n|-activate|p2b: Iron Hands|item: Safety Goggles|Spore\n|move|p2a: Amoonguss|Pollen Puff|p2b: Iron Hands\n|-heal|p2b: Iron Hands|79\/100\n|move|p2b: Iron Hands|Wild Charge|p1a: Scream Tail\n|-damage|p1a: Scream Tail|45\/100\n|-damage|p2b: Iron Hands|66\/100|[from] Recoil\n|move|p1a: Scream Tail|Thunder Wave|p2a: Amoonguss\n|-status|p2a: Amoonguss|par\n|\n|upkeep\n|turn|5\n|\n|t:|1681847516\n|move|p2a: Amoonguss|Pollen Puff|p2b: Iron Hands\n|-heal|p2b: Iron Hands|100\/100\n|move|p1b: Amoonguss|Pollen Puff|p1a: Scream Tail\n|-heal|p1a: Scream Tail|95\/100\n|move|p2b: Iron Hands|Wild Charge|p1a: Scream Tail\n|-damage|p1a: Scream Tail|40\/100\n|-damage|p2b: Iron Hands|88\/100|[from] Recoil\n|move|p1a: Scream Tail|Play Rough|p2b: Iron Hands\n|-supereffective|p2b: Iron Hands\n|-damage|p2b: Iron Hands|33\/100\n|\n|upkeep\n|turn|6\n|\n|t:|1681847555\n|switch|p1b: Chien-Pao|Chien-Pao, L50|100\/100\n|-ability|p1b: Chien-Pao|Sword of Ruin\n|move|p1a: Scream Tail|Protect|p1a: Scream Tail\n|-singleturn|p1a: Scream Tail|Protect\n|move|p2a: Amoonguss|Pollen Puff|p2b: Iron Hands\n|-heal|p2b: Iron Hands|83\/100\n|move|p2b: Iron Hands|Swords Dance|p2b: Iron Hands\n|-boost|p2b: Iron Hands|atk|2\n|\n|-fieldend|move: Trick Room\n|upkeep\n|turn|7\n|\n|t:|1681847583\n|switch|p2a: Gothitelle|Gothitelle, L50, F, tera:Water|59\/100\n|move|p2b: Iron Hands|Protect|p2b: Iron Hands\n|-singleturn|p2b: Iron Hands|Protect\n|move|p1a: Scream Tail|Howl|p1a: Scream Tail|[spread] p1a,p1b\n|-boost|p1a: Scream Tail|atk|1\n|-boost|p1b: Chien-Pao|atk|1\n|move|p1b: Chien-Pao|Ice Spinner|p2a: Gothitelle\n|-resisted|p2a: Gothitelle\n|-crit|p2a: Gothitelle\n|-damage|p2a: Gothitelle|11\/100\n|\n|upkeep\n|turn|8\n|\n|t:|1681847624\n|move|p2a: Gothitelle|Fake Out|p1a: Scream Tail\n|-damage|p1a: Scream Tail|36\/100\n|cant|p1a: Scream Tail|flinch\n|move|p1b: Chien-Pao|Ice Spinner|p2b: Iron Hands\n|-damage|p2b: Iron Hands|31\/100\n|move|p2b: Iron Hands|Wild Charge|p1a: Scream Tail\n|-damage|p1a: Scream Tail|0 fnt\n|faint|p1a: Scream Tail\n|-end|p1a: Scream Tail|Protosynthesis|[silent]\n|-damage|p2b: Iron Hands|22\/100|[from] Recoil\n|\n|upkeep\n|\n|t:|1681847631\n|switch|p1a: Amoonguss|Amoonguss, L50, M|100\/100\n|turn|9\n|\n|t:|1681847665\n|move|p2b: Iron Hands|Protect|p2b: Iron Hands\n|-singleturn|p2b: Iron Hands|Protect\n|move|p1b: Chien-Pao|Ice Spinner|p2b: Iron Hands\n|-activate|p2b: Iron Hands|move: Protect\n|move|p1a: Amoonguss|Spore|p2a: Gothitelle\n|-status|p2a: Gothitelle|slp|[from] move: Spore\n|cant|p2a: Gothitelle|slp\n|\n|upkeep\n|turn|10\n|\n|t:|1681847693\n|-end|p2b: Iron Hands|Quark Drive|[silent]\n|switch|p2b: Ting-Lu|Ting-Lu, L50|100\/100\n|-ability|p2b: Ting-Lu|Vessel of Ruin\n|move|p1a: Amoonguss|Rage Powder|p1a: Amoonguss\n|-singleturn|p1a: Amoonguss|move: Rage Powder\n|move|p1b: Chien-Pao|Ice Spinner|p2b: Ting-Lu\n|-supereffective|p2b: Ting-Lu\n|-damage|p2b: Ting-Lu|0 fnt\n|faint|p2b: Ting-Lu\n|cant|p2a: Gothitelle|slp\n|\n|upkeep\n|\n|t:|1681847704\n|switch|p2b: Iron Hands|Iron Hands, L50|22\/100\n|turn|11\n|\n|t:|1681847715\n|switch|p2a: Amoonguss|Amoonguss, L50, M, shiny|100\/100 par\n|move|p2b: Iron Hands|Protect|p2b: Iron Hands\n|-singleturn|p2b: Iron Hands|Protect\n|move|p1b: Chien-Pao|Ice Spinner|p2b: Iron Hands\n|-activate|p2b: Iron Hands|move: Protect\n|move|p1a: Amoonguss|Pollen Puff|p2a: Amoonguss\n|-damage|p2a: Amoonguss|86\/100 par\n|\n|upkeep\n|turn|12\n|\n|t:|1681847744\n|switch|p2a: Gothitelle|Gothitelle, L50, F, tera:Water|11\/100 slp\n|move|p1a: Amoonguss|Rage Powder|p1a: Amoonguss\n|-singleturn|p1a: Amoonguss|move: Rage Powder\n|move|p1b: Chien-Pao|Ice Spinner|p2b: Iron Hands\n|-damage|p2b: Iron Hands|0 fnt\n|faint|p2b: Iron Hands\n|-end|p2b: Iron Hands|Quark Drive|[silent]\n|\n|upkeep\n|\n|t:|1681847753\n|switch|p2b: Amoonguss|Amoonguss, L50, M, shiny|100\/100 par\n|turn|13\n|\n|t:|1681847764\n|-curestatus|p2a: Gothitelle|slp|[msg]\n|move|p2a: Gothitelle|Fake Out|p1b: Chien-Pao\n|-damage|p1b: Chien-Pao|95\/100\n|cant|p1b: Chien-Pao|flinch\n|move|p1a: Amoonguss|Pollen Puff|p2a: Gothitelle\n|-damage|p2a: Gothitelle|0 fnt\n|faint|p2a: Gothitelle\n|move|p2b: Amoonguss|Spore|p1b: Chien-Pao\n|-status|p1b: Chien-Pao|slp|[from] move: Spore\n|\n|upkeep\n|turn|14\n|\n|t:|1681847776\n|cant|p1b: Chien-Pao|slp\n|move|p1a: Amoonguss|Pollen Puff|p1b: Chien-Pao\n|-heal|p1b: Chien-Pao|100\/100 slp\n|move|p2b: Amoonguss|Pollen Puff|p1b: Chien-Pao\n|-supereffective|p1b: Chien-Pao\n|-damage|p1b: Chien-Pao|39\/100 slp\n|\n|upkeep\n|turn|15\n|\n|t:|1681847793\n|cant|p1b: Chien-Pao|slp\n|move|p1a: Amoonguss|Pollen Puff|p1b: Chien-Pao\n|-heal|p1b: Chien-Pao|89\/100 slp\n|move|p2b: Amoonguss|Pollen Puff|p1b: Chien-Pao\n|-supereffective|p1b: Chien-Pao\n|-damage|p1b: Chien-Pao|26\/100 slp\n|\n|upkeep\n|turn|16\n|\n|t:|1681847806\n|cant|p1b: Chien-Pao|slp\n|move|p1a: Amoonguss|Pollen Puff|p1b: Chien-Pao\n|-heal|p1b: Chien-Pao|76\/100 slp\n|move|p2b: Amoonguss|Pollen Puff|p1b: Chien-Pao\n|-supereffective|p1b: Chien-Pao\n|-damage|p1b: Chien-Pao|16\/100 slp\n|\n|upkeep\n|turn|17\n|\n|t:|1681847818\n|-terastallize|p1b: Chien-Pao|Electric\n|-curestatus|p1b: Chien-Pao|slp|[msg]\n|move|p1b: Chien-Pao|Ice Spinner|p2b: Amoonguss\n|-supereffective|p2b: Amoonguss\n|-damage|p2b: Amoonguss|0 fnt\n|faint|p2b: Amoonguss\n|\n|win|Gunkqing\n|c|\u2606Gunkqing|gg\n|c|\u2606iron brate|gg\n","uploadtime":1681847823,"views":6,"p1id":"gunkqing","p2id":"ironbrate","formatid":"gen9vgc2023regulationc","rating":0,"private":0,"password":""}