{"id":"gen9vgc2023regulationc-1858452601","p1":"ELFEGONx","p2":"djjdhdhdhshs","format":"[Gen 9] VGC 2023 Regulation C","log":"|j|\u2606ELFEGONx\n|j|\u2606djjdhdhdhshs\n|t:|1683313690\n|gametype|doubles\n|player|p1|ELFEGONx|102|1111\n|player|p2|djjdhdhdhshs|caitlin|1020\n|teamsize|p1|6\n|teamsize|p2|6\n|gen|9\n|tier|[Gen 9] VGC 2023 Regulation C\n|rated|\n|rule|Species Clause: Limit one of each Pok\u00e9mon\n|rule|Item Clause: Limit one of each item\n|clearpoke\n|poke|p1|Flutter Mane, L50|\n|poke|p1|Chi-Yu, L50|\n|poke|p1|Baxcalibur, L50, F|\n|poke|p1|Amoonguss, L50, M|\n|poke|p1|Indeedee-F, L50, F|\n|poke|p1|Palafin, L50, F|\n|poke|p2|Orthworm, L50, F|\n|poke|p2|Ting-Lu, L50|\n|poke|p2|Sylveon, L50, M|\n|poke|p2|Iron Hands, L50|\n|poke|p2|Gyarados, L50, M|\n|poke|p2|Amoonguss, L50, M|\n|teampreview|4\n|\n|t:|1683313721\n|start\n|switch|p1a: Baxcalibur|Baxcalibur, L50, F|100\/100\n|switch|p1b: Indeedee|Indeedee-F, L50, F|100\/100\n|switch|p2a: Iron Hands|Iron Hands, L50|100\/100\n|switch|p2b: Orthworm|Orthworm, L50, F|100\/100\n|-fieldstart|move: Psychic Terrain|[from] ability: Psychic Surge|[of] p1b: Indeedee\n|-enditem|p1b: Indeedee|Psychic Seed\n|-boost|p1b: Indeedee|spd|1|[from] item: Psychic Seed\n|turn|1\n|\n|t:|1683313748\n|move|p1b: Indeedee|Follow Me|p1b: Indeedee\n|-singleturn|p1b: Indeedee|move: Follow Me\n|move|p1a: Baxcalibur|Dragon Dance|p1a: Baxcalibur\n|-boost|p1a: Baxcalibur|atk|1\n|-boost|p1a: Baxcalibur|spe|1\n|move|p2b: Orthworm|Iron Defense|p2b: Orthworm\n|-boost|p2b: Orthworm|def|2\n|move|p2a: Iron Hands|Swords Dance|p2a: Iron Hands\n|-boost|p2a: Iron Hands|atk|2\n|\n|upkeep\n|turn|2\n|l|\u2606djjdhdhdhshs\n|player|p2|\n|j|\u2606djjdhdhdhshs\n|player|p2|djjdhdhdhshs|caitlin\n|\n|t:|1683313811\n|move|p1b: Indeedee|Follow Me|p1b: Indeedee\n|-singleturn|p1b: Indeedee|move: Follow Me\n|move|p1a: Baxcalibur|Dragon Dance|p1a: Baxcalibur\n|-boost|p1a: Baxcalibur|atk|1\n|-boost|p1a: Baxcalibur|spe|1\n|move|p2b: Orthworm|Iron Defense|p2b: Orthworm\n|-boost|p2b: Orthworm|def|2\n|move|p2a: Iron Hands|Drain Punch|p1b: Indeedee\n|-damage|p1b: Indeedee|0 fnt\n|faint|p1b: Indeedee\n|\n|upkeep\n|\n|t:|1683313831\n|switch|p1b: Amoonguss|Amoonguss, L50, M|100\/100\n|turn|3\n|\n|t:|1683313861\n|switch|p1b: Palafin|Palafin, L50, F|100\/100\n|-terastallize|p1a: Baxcalibur|Steel\n|-terastallize|p2a: Iron Hands|Grass\n|move|p1a: Baxcalibur|Glaive Rush|p2a: Iron Hands\n|-damage|p2a: Iron Hands|0 fnt\n|-singlemove|p1a: Baxcalibur|Glaive Rush|[silent]\n|faint|p2a: Iron Hands\n|-end|p2a: Iron Hands|Quark Drive|[silent]\n|-damage|p1a: Baxcalibur|91\/100|[from] item: Life Orb\n|move|p2b: Orthworm|Shed Tail|p2b: Orthworm\n|-start|p2b: Orthworm|Substitute|[from] move: Shed Tail\n|-damage|p2b: Orthworm|50\/100\n|-enditem|p2b: Orthworm|Sitrus Berry|[eat]\n|-heal|p2b: Orthworm|75\/100|[from] item: Sitrus Berry\n|\n|t:|1683313872\n|switch|p2b: Sylveon|Sylveon, L50, M|100\/100|[from] Shed Tail\n|\n|upkeep\n|\n|t:|1683313874\n|switch|p2a: Gyarados|Gyarados, L50, M|100\/100\n|-ability|p2a: Gyarados|Intimidate|boost\n|-unboost|p1a: Baxcalibur|atk|1\n|-unboost|p1b: Palafin|atk|1\n|turn|4\n|\n|t:|1683313891\n|detailschange|p1b: Palafin|Palafin-Hero, L50, F\n|switch|p1b: Amoonguss|Amoonguss, L50, M|100\/100\n|move|p2b: Sylveon|Detect|p2b: Sylveon\n|-singleturn|p2b: Sylveon|Protect\n|move|p1a: Baxcalibur|Glaive Rush|p2a: Gyarados\n|-damage|p2a: Gyarados|0 fnt\n|-singlemove|p1a: Baxcalibur|Glaive Rush|[silent]\n|faint|p2a: Gyarados\n|-damage|p1a: Baxcalibur|81\/100|[from] item: Life Orb\n|\n|upkeep\n|\n|t:|1683313900\n|switch|p2a: Orthworm|Orthworm, L50, F|75\/100\n|turn|5\n|\n|t:|1683313918\n|move|p1a: Baxcalibur|Icicle Spear|p2b: Sylveon\n|-crit|p2b: Sylveon\n|-end|p2b: Sylveon|Substitute\n|-damage|p2b: Sylveon|74\/100\n|-damage|p2b: Sylveon|47\/100\n|-damage|p2b: Sylveon|19\/100\n|-hitcount|p2b: Sylveon|4\n|-damage|p1a: Baxcalibur|71\/100|[from] item: Life Orb\n|move|p2a: Orthworm|Iron Defense|p2a: Orthworm\n|-boost|p2a: Orthworm|def|2\n|move|p2b: Sylveon|Calm Mind|p2b: Sylveon\n|-boost|p2b: Sylveon|spa|1\n|-boost|p2b: Sylveon|spd|1\n|move|p1b: Amoonguss|Sludge Bomb|p2b: Sylveon\n|-supereffective|p2b: Sylveon\n|-damage|p2b: Sylveon|0 fnt\n|faint|p2b: Sylveon\n|\n|-fieldend|move: Psychic Terrain\n|upkeep\n|turn|6\n|\n|t:|1683313942\n|move|p1b: Amoonguss|Rage Powder|p1b: Amoonguss\n|-singleturn|p1b: Amoonguss|move: Rage Powder\n|move|p1a: Baxcalibur|Glaive Rush|p2a: Orthworm\n|-resisted|p2a: Orthworm\n|-damage|p2a: Orthworm|51\/100\n|-singlemove|p1a: Baxcalibur|Glaive Rush|[silent]\n|-damage|p1a: Baxcalibur|61\/100|[from] item: Life Orb\n|move|p2a: Orthworm|Body Press|p1b: Amoonguss\n|-resisted|p1b: Amoonguss\n|-damage|p1b: Amoonguss|81\/100\n|-damage|p2a: Orthworm|34\/100|[from] item: Rocky Helmet|[of] p1b: Amoonguss\n|\n|upkeep\n|turn|7\n|-message|djjdhdhdhshs forfeited.\n|\n|win|ELFEGONx\n|raw|ELFEGONx's rating: 1111 → 1130<\/strong> (+19 for winning)\n|raw|djjdhdhdhshs's rating: 1020 → 1010<\/strong> (-10 for losing)\n|l|\u2606djjdhdhdhshs\n","uploadtime":1683313965,"views":14,"p1id":"elfegonx","p2id":"djjdhdhdhshs","formatid":"gen9vgc2023regulationc","rating":1010,"private":0,"password":""}