{"id":"gen9vgc2023regulationc-1845664792","p1":"CasualTrainerName","p2":"Sotero23","format":"[Gen 9] VGC 2023 Regulation C","log":"|j|\u2606CasualTrainerName\n|j|\u2606Sotero23\n|t:|1681753723\n|gametype|doubles\n|player|p1|CasualTrainerName|1|1282\n|player|p2|Sotero23|101|1255\n|teamsize|p1|6\n|teamsize|p2|6\n|gen|9\n|tier|[Gen 9] VGC 2023 Regulation C\n|rated|\n|rule|Species Clause: Limit one of each Pok\u00e9mon\n|rule|Item Clause: Limit one of each item\n|clearpoke\n|poke|p1|Lurantis, L50, F|\n|poke|p1|Dugtrio, L50, F|\n|poke|p1|Tyranitar, L50, F|\n|poke|p1|Houndstone, L50, F|\n|poke|p1|Palafin, L50, M|\n|poke|p1|Coalossal, L50, M|\n|poke|p2|Scizor, L50, F|\n|poke|p2|Gothitelle, L50, F|\n|poke|p2|Chi-Yu, L50|\n|poke|p2|Dragonite, L50, M|\n|poke|p2|Amoonguss, L50, F|\n|poke|p2|Flutter Mane, L50|\n|teampreview|4\n|inactive|Battle timer is ON: inactive players will automatically lose when time's up. (requested by CasualTrainerName)\nCasualTrainerName rejected open team sheets.\n|inactive|Sotero23 has 60 seconds left.\n|\n|t:|1681753767\n|start\n|switch|p1a: Lurantis|Lurantis, L50, F|100\/100\n|switch|p1b: Dugtrio|Dugtrio, L50, F|100\/100\n|switch|p2a: Gothitelle|Gothitelle, L50, F|100\/100\n|switch|p2b: Flutter Mane|Flutter Mane, L50|100\/100\n|-enditem|p2b: Flutter Mane|Booster Energy\n|-activate|p2b: Flutter Mane|ability: Protosynthesis|[fromitem]\n|-start|p2b: Flutter Mane|protosynthesisspa\n|turn|1\n|inactive|CasualTrainerName has 30 seconds left.\n|inactive|CasualTrainerName has 20 seconds left.\n|\n|t:|1681753803\n|-terastallize|p2b: Flutter Mane|Fairy\n|move|p2a: Gothitelle|Fake Out|p1a: Lurantis\n|-damage|p1a: Lurantis|95\/100\n|move|p1b: Dugtrio|Night Slash|p2a: Gothitelle\n|-supereffective|p2a: Gothitelle\n|-damage|p2a: Gothitelle|68\/100\n|move|p2b: Flutter Mane|Dazzling Gleam|p1a: Lurantis|[spread] p1a,p1b\n|-damage|p1a: Lurantis|37\/100\n|-enditem|p1b: Dugtrio|Focus Sash\n|-damage|p1b: Dugtrio|1\/100\n|cant|p1a: Lurantis|flinch\n|\n|-heal|p2a: Gothitelle|74\/100|[from] item: Leftovers\n|-heal|p1a: Lurantis|43\/100|[from] item: Leftovers\n|upkeep\n|turn|2\n|\n|t:|1681753826\n|move|p2a: Gothitelle|Helping Hand|p2b: Flutter Mane\n|-singleturn|p2b: Flutter Mane|Helping Hand|[of] p2a: Gothitelle\n|move|p1b: Dugtrio|Bulldoze|p2b: Flutter Mane|[spread] p1a,p2a,p2b\n|-resisted|p1a: Lurantis\n|-damage|p1a: Lurantis|34\/100\n|-damage|p2a: Gothitelle|58\/100\n|-damage|p2b: Flutter Mane|65\/100\n|-boost|p1a: Lurantis|spe|1\n|-unboost|p2a: Gothitelle|spe|1\n|-unboost|p2b: Flutter Mane|spe|1\n|move|p2b: Flutter Mane|Dazzling Gleam|p1a: Lurantis|[spread] p1a,p1b\n|-damage|p1a: Lurantis|0 fnt\n|-damage|p1b: Dugtrio|0 fnt\n|faint|p1a: Lurantis\n|faint|p1b: Dugtrio\n|\n|-heal|p2a: Gothitelle|64\/100|[from] item: Leftovers\n|upkeep\n|\n|t:|1681753836\n|switch|p1b: Houndstone|Houndstone, L50, F|100\/100\n|switch|p1a: Tyranitar|Tyranitar, L50, F|100\/100\n|-weather|Sandstorm|[from] ability: Sand Stream|[of] p1a: Tyranitar\n|turn|3\n|\n|t:|1681753856\n|switch|p2a: Scizor|Scizor, L50, F|100\/100\n|move|p2b: Flutter Mane|Protect|p2b: Flutter Mane\n|-singleturn|p2b: Flutter Mane|Protect\n|move|p1b: Houndstone|Last Respects|p2b: Flutter Mane\n|-activate|p2b: Flutter Mane|move: Protect\n|move|p1a: Tyranitar|Dragon Dance|p1a: Tyranitar\n|-boost|p1a: Tyranitar|atk|1\n|-boost|p1a: Tyranitar|spe|1\n|\n|-weather|Sandstorm|[upkeep]\n|-damage|p2b: Flutter Mane|59\/100|[from] Sandstorm\n|upkeep\n|turn|4\n|inactive|Sotero23 has 30 seconds left.\n|\n|t:|1681753885\n|-end|p2b: Flutter Mane|Protosynthesis|[silent]\n|switch|p2b: Gothitelle|Gothitelle, L50, F|64\/100\n|-terastallize|p1a: Tyranitar|Bug\n|move|p1b: Houndstone|Last Respects|p2b: Gothitelle\n|-supereffective|p2b: Gothitelle\n|-damage|p2b: Gothitelle|0 fnt\n|faint|p2b: Gothitelle\n|move|p1a: Tyranitar|Dragon Dance|p1a: Tyranitar\n|-boost|p1a: Tyranitar|atk|1\n|-boost|p1a: Tyranitar|spe|1\n|move|p2a: Scizor|Pounce|p1a: Tyranitar\n|-damage|p1a: Tyranitar|66\/100\n|-unboost|p1a: Tyranitar|spe|1\n|\n|-weather|Sandstorm|[upkeep]\n|-damage|p1a: Tyranitar|60\/100|[from] Sandstorm\n|upkeep\n|\n|t:|1681753903\n|switch|p2b: Flutter Mane|Flutter Mane, L50, tera:Fairy|59\/100\n|turn|5\n|\n|t:|1681753914\n|move|p2a: Scizor|Protect|p2a: Scizor\n|-singleturn|p2a: Scizor|Protect\n|move|p1b: Houndstone|Last Respects|p2b: Flutter Mane\n|-damage|p2b: Flutter Mane|0 fnt\n|faint|p2b: Flutter Mane\n|-end|p2b: Flutter Mane|Protosynthesis|[silent]\n|move|p1a: Tyranitar|Crunch|p2a: Scizor\n|-activate|p2a: Scizor|move: Protect\n|\n|-weather|Sandstorm|[upkeep]\n|-damage|p1a: Tyranitar|54\/100|[from] Sandstorm\n|upkeep\n|\n|t:|1681753919\n|switch|p2b: Dragonite|Dragonite, L50, M|100\/100\n|turn|6\n|\n|t:|1681753933\n|move|p2b: Dragonite|Protect|p2b: Dragonite\n|-singleturn|p2b: Dragonite|Protect\n|move|p1b: Houndstone|Last Respects|p2a: Scizor\n|-damage|p2a: Scizor|37\/100\n|move|p1a: Tyranitar|Ice Punch|p2b: Dragonite\n|-activate|p2b: Dragonite|move: Protect\n|move|p2a: Scizor|Pounce|p1a: Tyranitar\n|-damage|p1a: Tyranitar|26\/100\n|-unboost|p1a: Tyranitar|spe|1\n|\n|-weather|Sandstorm|[upkeep]\n|-damage|p2b: Dragonite|95\/100|[from] Sandstorm\n|-damage|p1a: Tyranitar|20\/100|[from] Sandstorm\n|upkeep\n|turn|7\n|\n|t:|1681753946\n|move|p2a: Scizor|Bullet Punch|p1a: Tyranitar\n|-damage|p1a: Tyranitar|0 fnt\n|faint|p1a: Tyranitar\n|move|p1b: Houndstone|Last Respects|p2a: Scizor\n|-damage|p2a: Scizor|0 fnt\n|faint|p2a: Scizor\n|move|p2b: Dragonite|Dragon Dance|p2b: Dragonite\n|-boost|p2b: Dragonite|atk|1\n|-boost|p2b: Dragonite|spe|1\n|\n|-weather|Sandstorm|[upkeep]\n|-damage|p2b: Dragonite|89\/100|[from] Sandstorm\n|upkeep\n|turn|8\n|c|\u2606Sotero23|!dt Last Respects\n|raw| Last Respects<\/a><\/span> <\/span> Power<\/em> 50<\/span> Accuracy<\/em> 100%<\/span> PP<\/em> 16<\/span> +50 power for each time a party member fainted.<\/span> <\/li> <\/li><\/ul>\n|raw|Priority:<\/font> 0 |  Gen:<\/font> 9 |  Z-Power:<\/font> 100 |  Dynamax Power:<\/font> 100 |  Target:<\/font> One Adjacent Pok\u00e9mon<\/font>\n\n|c|\u2606CasualTrainerName|200 BP right now\n|inactive|Sotero23 has 30 seconds left.\n|c|\u2606CasualTrainerName|If you really want to know\n|inactive|Sotero23 has 20 seconds left.\n|inactive|Sotero23 has 15 seconds left.\n|c|\u2606Sotero23|yeah I wanted to know how much pp did it have\n|inactive|Sotero23 has 10 seconds left.\n|\n|t:|1681753992\n|move|p1b: Houndstone|Will-O-Wisp|p2b: Dragonite\n|-status|p2b: Dragonite|brn\n|-enditem|p2b: Dragonite|Lum Berry|[eat]\n|-curestatus|p2b: Dragonite|brn|[msg]\n|move|p2b: Dragonite|Dragon Claw|p1b: Houndstone\n|-damage|p1b: Houndstone|27\/100\n|-enditem|p1b: Houndstone|Sitrus Berry|[eat]\n|-heal|p1b: Houndstone|51\/100|[from] item: Sitrus Berry\n|\n|-weather|Sandstorm|[upkeep]\n|-damage|p2b: Dragonite|83\/100|[from] Sandstorm\n|upkeep\n|turn|9\n|c|\u2606CasualTrainerName|Probably screwed up\n|inactive|Sotero23 has 30 seconds left.\n|c|\u2606Sotero23|you might have\n|c|\u2606CasualTrainerName|Dragonite is quite bulky\n|\n|t:|1681754020\n|move|p2b: Dragonite|Protect|p2b: Dragonite\n|-singleturn|p2b: Dragonite|Protect\n|move|p1b: Houndstone|Last Respects|p2b: Dragonite\n|-activate|p2b: Dragonite|move: Protect\n|\n|-weather|Sandstorm|[upkeep]\n|-damage|p2b: Dragonite|77\/100|[from] Sandstorm\n|upkeep\n|turn|10\n|c|\u2606Sotero23|gotta dodthis\n|inactive|Sotero23 has 30 seconds left.\n|\n|t:|1681754045\n|move|p2b: Dragonite|Protect|p2b: Dragonite\n|-singleturn|p2b: Dragonite|Protect\n|move|p1b: Houndstone|Last Respects|p2b: Dragonite\n|-activate|p2b: Dragonite|move: Protect\n|\n|-weather|none\n|upkeep\n|turn|11\n|c|\u2606CasualTrainerName|damn\n|\n|t:|1681754052\n|move|p1b: Houndstone|Protect|p1b: Houndstone\n|-singleturn|p1b: Houndstone|Protect\n|move|p2b: Dragonite|Dragon Claw|p1b: Houndstone\n|-activate|p1b: Houndstone|move: Protect\n|\n|upkeep\n|turn|12\n|c|\u2606CasualTrainerName|gg\n|c|\u2606Sotero23|gg\n|\n|t:|1681754058\n|move|p2b: Dragonite|Dragon Claw|p1b: Houndstone\n|-damage|p1b: Houndstone|0 fnt\n|faint|p1b: Houndstone\n|\n|win|Sotero23\n|raw|CasualTrainerName's rating: 1282 → 1255<\/strong> (-27 for losing)\n|raw|Sotero23's rating: 1255 → 1282<\/strong> (+27 for winning)\n|l|\u2606CasualTrainerName\n","uploadtime":1681754289,"views":11,"p1id":"casualtrainername","p2id":"sotero23","formatid":"gen9vgc2023regulationc","rating":1255,"private":0,"password":""}