{"id":"gen9vgc2023regulationc-1845805246","p1":"Chaotic Raos","p2":"MIKESTA274","format":"[Gen 9] VGC 2023 Regulation C","log":"|j|\u2606Chaotic Raos\n|j|\u2606MIKESTA274\n|t:|1681766328\n|gametype|doubles\n|player|p1|Chaotic Raos|bellelba|1354\n|player|p2|MIKESTA274|blue|1398\n|teamsize|p1|6\n|teamsize|p2|6\n|gen|9\n|tier|[Gen 9] VGC 2023 Regulation C\n|rated|\n|rule|Species Clause: Limit one of each Pok\u00e9mon\n|rule|Item Clause: Limit one of each item\n|clearpoke\n|poke|p1|Iron Moth, L50|\n|poke|p1|Florges, L50, F|\n|poke|p1|Talonflame, L50, M|\n|poke|p1|Azumarill, L50, F|\n|poke|p1|Garchomp, L50, M|\n|poke|p1|Iron Hands, L50|\n|poke|p2|Ting-Lu, L50|\n|poke|p2|Chien-Pao, L50|\n|poke|p2|Oranguru, L50, M|\n|poke|p2|Dragonite, L50, M|\n|poke|p2|Gyarados, L50, F|\n|poke|p2|Kingambit, L50, M|\n|teampreview|4\n|\n|t:|1681766357\n|start\n|switch|p1a: Iron Petals|Florges, L50, F|100\/100\n|switch|p1b: Brave Bird|Talonflame, L50, M|100\/100\n|switch|p2a: Tai Lung|Chien-Pao, L50|100\/100\n|switch|p2b: Horus|Dragonite, L50, M, shiny|100\/100\n|-ability|p2a: Tai Lung|Sword of Ruin\n|turn|1\n|inactive|Battle timer is ON: inactive players will automatically lose when time's up. (requested by MIKESTA274)\n|inactive|MIKESTA274 has 60 seconds left.\n|inactive|MIKESTA274 has 30 seconds left.\n|inactive|MIKESTA274 has 20 seconds left.\n|\n|t:|1681766432\n|-terastallize|p1b: Brave Bird|Ghost\n|-terastallize|p2b: Horus|Normal\n|move|p1a: Iron Petals|Protect|p1a: Iron Petals\n|-singleturn|p1a: Iron Petals|Protect\n|move|p2b: Horus|Extreme Speed|p1b: Brave Bird\n|-immune|p1b: Brave Bird\n|move|p2a: Tai Lung|Ice Spinner|p1b: Brave Bird\n|-damage|p1b: Brave Bird|32\/100\n|move|p1b: Brave Bird|Will-O-Wisp|p2a: Tai Lung\n|-status|p2a: Tai Lung|brn\n|\n|-damage|p2a: Tai Lung|95\/100 brn|[from] brn\n|upkeep\n|turn|2\n|\n|t:|1681766455\n|move|p2b: Horus|Extreme Speed|p1a: Iron Petals\n|-damage|p1a: Iron Petals|22\/100\n|move|p2a: Tai Lung|Ice Spinner|p1b: Brave Bird\n|-damage|p1b: Brave Bird|0 fnt\n|faint|p1b: Brave Bird\n|move|p1a: Iron Petals|Chilling Water|p2b: Horus\n|-damage|p2b: Horus|91\/100\n|-unboost|p2b: Horus|atk|1\n|-damage|p1a: Iron Petals|12\/100|[from] item: Life Orb\n|\n|-damage|p2a: Tai Lung|89\/100 brn|[from] brn\n|upkeep\n|\n|t:|1681766466\n|switch|p1b: Iron Hands|Iron Hands, L50|100\/100\n|turn|3\n|inactive|MIKESTA274 has 30 seconds left.\n|inactive|MIKESTA274 has 20 seconds left.\n|inactive|MIKESTA274 has 15 seconds left.\n|\n|t:|1681766508\n|move|p1a: Iron Petals|Helping Hand|p1b: Iron Hands\n|-singleturn|p1b: Iron Hands|Helping Hand|[of] p1a: Iron Petals\n|move|p2b: Horus|Extreme Speed|p1b: Iron Hands\n|-damage|p1b: Iron Hands|65\/100\n|move|p2a: Tai Lung|Ice Spinner|p1a: Iron Petals\n|-damage|p1a: Iron Petals|0 fnt\n|faint|p1a: Iron Petals\n|move|p1b: Iron Hands|Drain Punch|p2b: Horus\n|-supereffective|p2b: Horus\n|-damage|p2b: Horus|0 fnt\n|-heal|p1b: Iron Hands|94\/100|[from] drain|[of] p2b: Horus\n|faint|p2b: Horus\n|\n|-damage|p2a: Tai Lung|83\/100 brn|[from] brn\n|upkeep\n|\n|t:|1681766530\n|switch|p2b: Taniwha|Gyarados, L50, F, shiny|100\/100\n|switch|p1a: Grandpa|Garchomp, L50, M|100\/100\n|-ability|p2b: Taniwha|Intimidate|boost\n|-unboost|p1a: Grandpa|atk|1\n|-unboost|p1b: Iron Hands|atk|1\n|turn|4\n|inactive|MIKESTA274 has 30 seconds left.\n|inactive|MIKESTA274 has 20 seconds left.\n|\n|t:|1681766566\n|move|p1a: Grandpa|Protect|p1a: Grandpa\n|-singleturn|p1a: Grandpa|Protect\n|move|p2a: Tai Lung|Ice Spinner|p1a: Grandpa\n|-activate|p1a: Grandpa|move: Protect\n|move|p2b: Taniwha|Waterfall|p1b: Iron Hands\n|-damage|p1b: Iron Hands|42\/100\n|-enditem|p1b: Iron Hands|Sitrus Berry|[eat]\n|-heal|p1b: Iron Hands|67\/100|[from] item: Sitrus Berry\n|-damage|p2b: Taniwha|90\/100|[from] item: Life Orb\n|move|p1b: Iron Hands|Drain Punch|p2a: Tai Lung\n|-supereffective|p2a: Tai Lung\n|-damage|p2a: Tai Lung|0 fnt\n|-heal|p1b: Iron Hands|92\/100|[from] drain|[of] p2a: Tai Lung\n|faint|p2a: Tai Lung\n|\n|upkeep\n|\n|t:|1681766583\n|switch|p2a: Kingambit|Kingambit, L50, M, shiny|100\/100\n|turn|5\n|\n|t:|1681766602\n|move|p2a: Kingambit|Sucker Punch|p1b: Iron Hands\n|-resisted|p1b: Iron Hands\n|-damage|p1b: Iron Hands|76\/100\n|move|p1a: Grandpa|Rock Slide|p2b: Taniwha|[spread] p2a,p2b\n|-resisted|p2a: Kingambit\n|-supereffective|p2b: Taniwha\n|-damage|p2a: Kingambit|96\/100\n|-damage|p2b: Taniwha|59\/100\n|move|p2b: Taniwha|Waterfall|p1b: Iron Hands\n|-damage|p1b: Iron Hands|41\/100\n|-damage|p2b: Taniwha|49\/100|[from] item: Life Orb\n|move|p1b: Iron Hands|Drain Punch|p2a: Kingambit\n|-supereffective|p2a: Kingambit\n|-damage|p2a: Kingambit|7\/100\n|-heal|p1b: Iron Hands|76\/100|[from] drain|[of] p2a: Kingambit\n|\n|upkeep\n|turn|6\n|-message|MIKESTA274 forfeited.\n|\n|win|Chaotic Raos\n|raw|Chaotic Raos's rating: 1354 → 1377<\/strong> (+23 for winning)\n|raw|MIKESTA274's rating: 1398 → 1375<\/strong> (-23 for losing)\n","uploadtime":1681766626,"views":56,"p1id":"chaoticraos","p2id":"mikesta274","formatid":"gen9vgc2023regulationc","rating":1375,"private":0,"password":""}