{"id":"gen9vgc2023regulationc-1852024160","p1":"Kim Wexler Gaming","p2":"Dev865","format":"[Gen 9] VGC 2023 Regulation C","log":"|j|\u2606Kim Wexler Gaming\n|j|\u2606Dev865\n|t:|1682517706\n|gametype|doubles\n|player|p1|Kim Wexler Gaming|penny|1163\n|player|p2|Dev865|burgh|1127\n|teamsize|p1|6\n|teamsize|p2|6\n|gen|9\n|tier|[Gen 9] VGC 2023 Regulation C\n|rated|\n|rule|Species Clause: Limit one of each Pok\u00e9mon\n|rule|Item Clause: Limit one of each item\n|clearpoke\n|poke|p1|Iron Jugulis, L50|\n|poke|p1|Garchomp, L50, F|\n|poke|p1|Chien-Pao, L50|\n|poke|p1|Kilowattrel, L50, F|\n|poke|p1|Mismagius, L50, F|\n|poke|p1|Ting-Lu, L50|\n|poke|p2|Iron Moth, L50|\n|poke|p2|Palafin, L50, M|\n|poke|p2|Klefki, L50, F|\n|poke|p2|Amoonguss, L50, F|\n|poke|p2|Flutter Mane, L50|\n|poke|p2|Chien-Pao, L50|\n|teampreview|4\n|inactive|Battle timer is ON: inactive players will automatically lose when time's up. (requested by Kim Wexler Gaming)\n|c|\u2606Kim Wexler Gaming|Good luck, have fun.\n|\n|t:|1682517735\n|start\n|switch|p1a: Dommy Mommy|Garchomp, L50, F, shiny|100\/100\n|switch|p1b: Whaaaaaat.|Iron Jugulis, L50|100\/100\n|switch|p2a: Iron Moth|Iron Moth, L50|100\/100\n|switch|p2b: Klefki|Klefki, L50, F|100\/100\n|-enditem|p2a: Iron Moth|Booster Energy\n|-activate|p2a: Iron Moth|ability: Quark Drive|[fromitem]\n|-start|p2a: Iron Moth|quarkdrivespe\n|-enditem|p1b: Whaaaaaat.|Booster Energy\n|-activate|p1b: Whaaaaaat.|ability: Quark Drive|[fromitem]\n|-start|p1b: Whaaaaaat.|quarkdrivespe\n|turn|1\n|inactive|Dev865 has 30 seconds left.\n|\n|t:|1682517765\n|-terastallize|p2a: Iron Moth|Grass\n|move|p2b: Klefki|Reflect|p2b: Klefki\n|-sidestart|p2: Dev865|Reflect\n|move|p2a: Iron Moth|Acid Spray|p1a: Dommy Mommy\n|-resisted|p1a: Dommy Mommy\n|-crit|p1a: Dommy Mommy\n|-damage|p1a: Dommy Mommy|84\/100\n|move|p1b: Whaaaaaat.|Tailwind|p1b: Whaaaaaat.\n|-sidestart|p1: Kim Wexler Gaming|move: Tailwind\n|move|p1a: Dommy Mommy|Swords Dance|p1a: Dommy Mommy\n|-boost|p1a: Dommy Mommy|atk|2\n|\n|upkeep\n|turn|2\n|\n|t:|1682517786\n|move|p2a: Iron Moth|Protect|p2a: Iron Moth\n|-singleturn|p2a: Iron Moth|Protect\n|move|p2b: Klefki|Thunder Wave|p1b: Whaaaaaat.\n|-hint|Since gen 7, Dark is immune to Prankster moves.\n|-immune|p1b: Whaaaaaat.\n|move|p1b: Whaaaaaat.|Air Slash|p2a: Iron Moth\n|-activate|p2a: Iron Moth|move: Protect\n|move|p1a: Dommy Mommy|Earthquake|p2a: Iron Moth|[spread] p2b\n|-activate|p2a: Iron Moth|move: Protect\n|-immune|p1b: Whaaaaaat.\n|-supereffective|p2b: Klefki\n|-damage|p2b: Klefki|20\/100\n|\n|upkeep\n|turn|3\n|\n|t:|1682517807\n|move|p2b: Klefki|Light Screen|p2b: Klefki\n|-sidestart|p2: Dev865|move: Light Screen\n|move|p1b: Whaaaaaat.|Air Slash|p2a: Iron Moth\n|-supereffective|p2a: Iron Moth\n|-damage|p2a: Iron Moth|57\/100\n|move|p1a: Dommy Mommy|Earthquake|p2a: Iron Moth|[spread] p2a,p2b\n|-immune|p1b: Whaaaaaat.\n|-resisted|p2a: Iron Moth\n|-supereffective|p2b: Klefki\n|-damage|p2a: Iron Moth|17\/100\n|-damage|p2b: Klefki|0 fnt\n|faint|p2b: Klefki\n|move|p2a: Iron Moth|Energy Ball|p1a: Dommy Mommy\n|-damage|p1a: Dommy Mommy|36\/100\n|\n|upkeep\n|\n|t:|1682517823\n|switch|p2b: Flutter Mane|Flutter Mane, L50|100\/100\n|turn|4\n|inactive|Kim Wexler Gaming has 30 seconds left.\n|\n|t:|1682517852\n|move|p2a: Iron Moth|Protect|p2a: Iron Moth\n|-singleturn|p2a: Iron Moth|Protect\n|move|p2b: Flutter Mane|Protect|p2b: Flutter Mane\n|-singleturn|p2b: Flutter Mane|Protect\n|move|p1b: Whaaaaaat.|Snarl|p2a: Iron Moth|[spread] \n|-activate|p2a: Iron Moth|move: Protect\n|-activate|p2b: Flutter Mane|move: Protect\n|move|p1a: Dommy Mommy|Earthquake|p2a: Iron Moth|[spread] \n|-activate|p2a: Iron Moth|move: Protect\n|-activate|p2b: Flutter Mane|move: Protect\n|-immune|p1b: Whaaaaaat.\n|\n|-sideend|p1: Kim Wexler Gaming|move: Tailwind\n|upkeep\n|turn|5\n|\n|t:|1682517870\n|-terastallize|p1a: Dommy Mommy|Fire\n|move|p2a: Iron Moth|Energy Ball|p1a: Dommy Mommy\n|-resisted|p1a: Dommy Mommy\n|-damage|p1a: Dommy Mommy|13\/100\n|move|p1b: Whaaaaaat.|Snarl|p2b: Flutter Mane|[spread] p2a,p2b\n|-damage|p2a: Iron Moth|5\/100\n|-damage|p2b: Flutter Mane|89\/100\n|-unboost|p2a: Iron Moth|spa|1\n|-unboost|p2b: Flutter Mane|spa|1\n|move|p2b: Flutter Mane|Moonblast|p1b: Whaaaaaat.\n|-supereffective|p1b: Whaaaaaat.\n|-damage|p1b: Whaaaaaat.|39\/100\n|move|p1a: Dommy Mommy|Earthquake|p2a: Iron Moth|[spread] p2a,p2b\n|-immune|p1b: Whaaaaaat.\n|-resisted|p2a: Iron Moth\n|-damage|p2a: Iron Moth|0 fnt\n|-damage|p2b: Flutter Mane|15\/100\n|faint|p2a: Iron Moth\n|-end|p2a: Iron Moth|Quark Drive|[silent]\n|\n|-heal|p2b: Flutter Mane|21\/100|[from] item: Leftovers\n|upkeep\n|-message|Dev865 forfeited.\n|\n|win|Kim Wexler Gaming\n|raw|Kim Wexler Gaming's rating: 1163 → 1185<\/strong> (+22 for winning)\n|raw|Dev865's rating: 1127 → 1105<\/strong> (-22 for losing)\n|l|\u2606Dev865\n","uploadtime":1682517887,"views":2,"p1id":"kimwexlergaming","p2id":"dev865","formatid":"gen9vgc2023regulationc","rating":1105,"private":0,"password":""}