{"id":"gen9vgc2023regulationc-1848694339","p1":"cristo.ct3","p2":"4gotPw","format":"[Gen 9] VGC 2023 Regulation C","log":"|j|\u2606cristo.ct3\n|j|\u26064gotPw\n|t:|1682101476\n|gametype|doubles\n|player|p1|cristo.ct3|169|\n|player|p2|4gotPw|265|\n|teamsize|p1|6\n|teamsize|p2|6\n|gen|9\n|tier|[Gen 9] VGC 2023 Regulation C\n|rated|Tournament battle\n|rule|Species Clause: Limit one of each Pok\u00e9mon\n|rule|Item Clause: Limit one of each item\n|clearpoke\n|poke|p1|Amoonguss, L50, F|\n|poke|p1|Torkoal, L50, F|\n|poke|p1|Hariyama, L50, F|\n|poke|p1|Hatterene, L50, F|\n|poke|p1|Oranguru, L50, F|\n|poke|p1|Kingambit, L50, M|\n|poke|p2|Gastrodon, L50, M|\n|poke|p2|Talonflame, L50, F|\n|poke|p2|Ceruledge, L50, F|\n|poke|p2|Klefki, L50, F|\n|poke|p2|Brambleghast, L50, M|\n|poke|p2|Iron Jugulis, L50|\n|teampreview|4\n|raw| Open Team Sheet for cristo.ct3<\/summary>Amoonguss @ Sitrus Berry Ability: Effect Spore Level: 50 Tera Type: Water - Spore - Pollen Puff - Rage Powder - Protect Torkoal @ Charcoal Ability: Drought Level: 50 Tera Type: Grass - Eruption - Flamethrower - Clear Smog - Protect Hariyama @ Flame Orb Ability: Guts Level: 50 Tera Type: Grass - Fake Out - Headlong Rush - Close Combat - Protect Hatterene (F) @ Life Orb Ability: Magic Bounce Level: 50 Tera Type: Fire - Psychic - Dazzling Gleam - Trick Room - Protect Oranguru @ Lum Berry Ability: Inner Focus Level: 50 Tera Type: Fire - Psyshock - Instruct - Trick Room - Protect Kingambit @ Safety Goggles Ability: Defiant Level: 50 Shiny: Yes Tera Type: Fire - Kowtow Cleave - Low Kick - Swords Dance - Sucker Punch <\/details><\/div> Open Team Sheet for 4gotPw<\/summary>Gastrodon @ Leftovers Ability: Storm Drain Level: 50 Tera Type: Water - Earth Power - Ice Beam - Protect - Clear Smog Talonflame @ Sitrus Berry Ability: Gale Wings Level: 50 Tera Type: Ghost - Tailwind - Brave Bird - Will-O-Wisp - Taunt Ceruledge @ Clear Amulet Ability: Flash Fire Level: 50 Tera Type: Grass - Bitter Blade - Shadow Sneak - Bulk Up - Protect Klefki @ Light Clay Ability: Prankster Level: 50 Tera Type: Fairy - Reflect - Light Screen - Dazzling Gleam - Thunder Wave Brambleghast @ Focus Sash Ability: Wind Rider Level: 50 Tera Type: Grass - Phantom Force - Disable - Strength Sap - Power Whip Iron Jugulis @ Booster Energy Ability: Quark Drive Level: 50 Tera Type: Flying - Tailwind - Snarl - Air Slash - Protect <\/details><\/div>\n|j| idontknow25\n|inactive|Battle timer is ON: inactive players will automatically lose when time's up. (requested by cristo.ct3)\n|\n|t:|1682101541\n|start\n|switch|p1a: Hariyama|Hariyama, L50, F|100\/100\n|switch|p1b: Hatterene|Hatterene, L50, F|100\/100\n|switch|p2a: Talonflame|Talonflame, L50, F|100\/100\n|switch|p2b: Ceruledge|Ceruledge, L50, F|100\/100\n|turn|1\n|\n|t:|1682101555\n|-terastallize|p2a: Talonflame|Ghost\n|move|p1a: Hariyama|Fake Out|p2a: Talonflame\n|-immune|p2a: Talonflame\n|move|p2a: Talonflame|Taunt|p1b: Hatterene\n|move|p1b: Hatterene|Taunt|p2a: Talonflame|[from]ability: Magic Bounce\n|-start|p2a: Talonflame|move: Taunt\n|move|p2b: Ceruledge|Bulk Up|p2b: Ceruledge\n|-boost|p2b: Ceruledge|atk|1\n|-boost|p2b: Ceruledge|def|1\n|move|p1b: Hatterene|Trick Room|p1b: Hatterene\n|-fieldstart|move: Trick Room|[of] p1b: Hatterene\n|\n|-status|p1a: Hariyama|brn|[from] item: Flame Orb\n|upkeep\n|turn|2\n|\n|t:|1682101574\n|move|p2b: Ceruledge|Shadow Sneak|p1b: Hatterene\n|-supereffective|p1b: Hatterene\n|-damage|p1b: Hatterene|29\/100\n|move|p2a: Talonflame|Brave Bird|p1a: Hariyama\n|-supereffective|p1a: Hariyama\n|-damage|p1a: Hariyama|19\/100 brn\n|-damage|p2a: Talonflame|68\/100|[from] Recoil\n|move|p1b: Hatterene|Psychic|p2a: Talonflame\n|-damage|p2a: Talonflame|0 fnt\n|faint|p2a: Talonflame\n|-damage|p1b: Hatterene|19\/100|[from] item: Life Orb\n|move|p1a: Hariyama|Headlong Rush|p2b: Ceruledge\n|-supereffective|p2b: Ceruledge\n|-damage|p2b: Ceruledge|14\/100\n|-unboost|p1a: Hariyama|def|1\n|-unboost|p1a: Hariyama|spd|1\n|\n|-damage|p1a: Hariyama|13\/100 brn|[from] brn\n|upkeep\n|inactive|4gotPw has 30 seconds left.\n|inactive|4gotPw has 20 seconds left.\n|\n|t:|1682101612\n|switch|p2a: Gastrodon|Gastrodon, L50, M|100\/100\n|turn|3\n|\n|t:|1682101624\n|move|p1b: Hatterene|Protect|p1b: Hatterene\n|-singleturn|p1b: Hatterene|Protect\n|move|p2b: Ceruledge|Protect|p2b: Ceruledge\n|-singleturn|p2b: Ceruledge|Protect\n|move|p1a: Hariyama|Headlong Rush|p2b: Ceruledge\n|-activate|p2b: Ceruledge|move: Protect\n|move|p2a: Gastrodon|Earth Power|p1a: Hariyama\n|-damage|p1a: Hariyama|0 fnt\n|faint|p1a: Hariyama\n|\n|upkeep\n|\n|t:|1682101630\n|switch|p1a: Kingambit|Kingambit, L50, M, shiny|100\/100\n|turn|4\n|inactive|4gotPw has 30 seconds left.\n|\n|t:|1682101659\n|move|p1a: Kingambit|Sucker Punch||[still]\n|-fail|p1a: Kingambit\n|move|p1b: Hatterene|Psychic|p2a: Gastrodon\n|-damage|p2a: Gastrodon|36\/100\n|-damage|p1b: Hatterene|10\/100|[from] item: Life Orb\n|move|p2a: Gastrodon|Earth Power|p1a: Kingambit\n|-supereffective|p1a: Kingambit\n|-damage|p1a: Kingambit|48\/100\n|move|p2b: Ceruledge|Bulk Up|p2b: Ceruledge\n|-boost|p2b: Ceruledge|atk|1\n|-boost|p2b: Ceruledge|def|1\n|\n|-heal|p2a: Gastrodon|42\/100|[from] item: Leftovers\n|upkeep\n|turn|5\n|inactive|4gotPw has 30 seconds left.\n|\n|t:|1682101692\n|move|p2a: Gastrodon|Protect|p2a: Gastrodon\n|-singleturn|p2a: Gastrodon|Protect\n|move|p2b: Ceruledge|Protect|p2b: Ceruledge\n|-singleturn|p2b: Ceruledge|Protect\n|move|p1a: Kingambit|Sucker Punch||[still]\n|-fail|p1a: Kingambit\n|move|p1b: Hatterene|Dazzling Gleam|p2a: Gastrodon|[spread] \n|-activate|p2a: Gastrodon|move: Protect\n|-activate|p2b: Ceruledge|move: Protect\n|\n|-heal|p2a: Gastrodon|48\/100|[from] item: Leftovers\n|-fieldend|move: Trick Room\n|upkeep\n|turn|6\n|inactive|4gotPw has 30 seconds left.\n|\n|t:|1682101726\n|move|p2b: Ceruledge|Shadow Sneak|p1b: Hatterene\n|-supereffective|p1b: Hatterene\n|-damage|p1b: Hatterene|0 fnt\n|faint|p1b: Hatterene\n|move|p1a: Kingambit|Sucker Punch||[still]\n|-fail|p1a: Kingambit\n|move|p2a: Gastrodon|Earth Power|p1a: Kingambit\n|-supereffective|p1a: Kingambit\n|-damage|p1a: Kingambit|0 fnt\n|faint|p1a: Kingambit\n|\n|-heal|p2a: Gastrodon|54\/100|[from] item: Leftovers\n|upkeep\n|-message|cristo.ct3 forfeited.\n|\n|win|4gotPw\n|n|\u2606cristo.ct3|cristoct3\n|n|\u26064gotPw|4gotpw\n|n| idontknow25|idontknow25\n|l|\u2606cristo.ct3\n|c|\u26064gotPw|gg\n","uploadtime":1682101749,"views":14,"p1id":"cristoct3","p2id":"4gotpw","formatid":"gen9vgc2023regulationc","rating":0,"private":0,"password":""}