{"id":"gen9vgc2023regulationc-1856553028","p1":"JackMcflurry7896","p2":"Esspecialy","format":"[Gen 9] VGC 2023 Regulation C","log":"|j|\u2606JackMcflurry7896\n|j|\u2606Esspecialy\n|t:|1683074960\n|gametype|doubles\n|player|p1|JackMcflurry7896|fisherman-gen4|1128\n|player|p2|Esspecialy|burglar|1232\n|teamsize|p1|6\n|teamsize|p2|6\n|gen|9\n|tier|[Gen 9] VGC 2023 Regulation C\n|rated|\n|rule|Species Clause: Limit one of each Pok\u00e9mon\n|rule|Item Clause: Limit one of each item\n|clearpoke\n|poke|p1|Meowscarada, L50, F|\n|poke|p1|Garchomp, L50, F|\n|poke|p1|Murkrow, L50, F|\n|poke|p1|Chi-Yu, L50|\n|poke|p1|Iron Bundle, L50|\n|poke|p1|Indeedee-F, L50, F|\n|poke|p2|Ting-Lu, L50|\n|poke|p2|Arcanine, L50, F|\n|poke|p2|Garganacl, L50, F|\n|poke|p2|Palafin, L50, M|\n|poke|p2|Roaring Moon, L50|\n|poke|p2|Amoonguss, L50, F|\n|teampreview|4\n|\n|t:|1683074995\n|start\n|switch|p1a: Indeedee|Indeedee-F, L50, F, shiny|100\/100\n|switch|p1b: Meowscarada|Meowscarada, L50, F|100\/100\n|switch|p2a: Arcabark|Arcanine, L50, F|100\/100\n|switch|p2b: PlzNoPalance|Palafin, L50, M, shiny|100\/100\n|-ability|p2a: Arcabark|Intimidate|boost\n|-unboost|p1a: Indeedee|atk|1\n|-unboost|p1b: Meowscarada|atk|1\n|-fieldstart|move: Psychic Terrain|[from] ability: Psychic Surge|[of] p1a: Indeedee\n|turn|1\n|\n|t:|1683075014\n|move|p1b: Meowscarada|Flower Trick|p2b: PlzNoPalance\n|-start|p1b: Meowscarada|typechange|Grass|[from] ability: Protean\n|-supereffective|p2b: PlzNoPalance\n|-crit|p2b: PlzNoPalance\n|-damage|p2b: PlzNoPalance|0 fnt\n|faint|p2b: PlzNoPalance\n|move|p2a: Arcabark|Flare Blitz|p1b: Meowscarada\n|-supereffective|p1b: Meowscarada\n|-damage|p1b: Meowscarada|0 fnt\n|faint|p1b: Meowscarada\n|-damage|p2a: Arcabark|73\/100|[from] Recoil\n|move|p1a: Indeedee|Psychic|p2a: Arcabark\n|-damage|p2a: Arcabark|12\/100\n|-enditem|p2a: Arcabark|Mago Berry|[eat]\n|-heal|p2a: Arcabark|45\/100|[from] item: Mago Berry\n|\n|upkeep\n|\n|t:|1683075038\n|switch|p1b: Iron Bundle|Iron Bundle, L50, shiny|100\/100\n|switch|p2b: FishSure|Ting-Lu, L50|100\/100\n|-ability|p2b: FishSure|Vessel of Ruin\n|-enditem|p1b: Iron Bundle|Booster Energy\n|-activate|p1b: Iron Bundle|ability: Quark Drive|[fromitem]\n|-start|p1b: Iron Bundle|quarkdrivespe\n|turn|2\n|\n|t:|1683075061\n|-terastallize|p1a: Indeedee|Fairy\n|-terastallize|p2b: FishSure|Water\n|move|p1b: Iron Bundle|Hydro Pump|p2a: Arcabark\n|-supereffective|p2a: Arcabark\n|-damage|p2a: Arcabark|0 fnt\n|faint|p2a: Arcabark\n|move|p1a: Indeedee|Dazzling Gleam|p2b: FishSure\n|-damage|p2b: FishSure|88\/100\n|move|p2b: FishSure|Stomping Tantrum|p1b: Iron Bundle\n|-damage|p1b: Iron Bundle|56\/100\n|\n|upkeep\n|\n|t:|1683075070\n|switch|p2a: Garglestackl|Garganacl, L50, F, shiny|100\/100\n|turn|3\n|\n|t:|1683075085\n|move|p1b: Iron Bundle|Hydro Pump|p2a: Garglestackl\n|-supereffective|p2a: Garglestackl\n|-damage|p2a: Garglestackl|40\/100\n|move|p1a: Indeedee|Dazzling Gleam|p2b: FishSure|[spread] p2a,p2b\n|-damage|p2a: Garglestackl|26\/100\n|-damage|p2b: FishSure|79\/100\n|move|p2b: FishSure|Stomping Tantrum|p1b: Iron Bundle\n|-damage|p1b: Iron Bundle|15\/100\n|move|p2a: Garglestackl|Salt Cure|p1b: Iron Bundle\n|-supereffective|p1b: Iron Bundle\n|-damage|p1b: Iron Bundle|0 fnt\n|faint|p1b: Iron Bundle\n|-end|p1b: Iron Bundle|Quark Drive|[silent]\n|\n|-heal|p2a: Garglestackl|32\/100|[from] item: Leftovers\n|upkeep\n|\n|t:|1683075088\n|switch|p1b: Garchomp|Garchomp, L50, F|100\/100\n|turn|4\n|\n|t:|1683075105\n|move|p1a: Indeedee|Helping Hand|p1b: Garchomp\n|-singleturn|p1b: Garchomp|Helping Hand|[of] p1a: Indeedee\n|move|p2a: Garglestackl|Protect|p2a: Garglestackl\n|-singleturn|p2a: Garglestackl|Protect\n|move|p1b: Garchomp|Earthquake|p2a: Garglestackl|[spread] p1a,p2b\n|-activate|p2a: Garglestackl|move: Protect\n|-damage|p1a: Indeedee|28\/100\n|-damage|p2b: FishSure|44\/100\n|move|p2b: FishSure|Fissure|p1b: Garchomp|[miss]\n|-miss|p2b: FishSure|p1b: Garchomp\n|\n|-heal|p1a: Indeedee|34\/100|[from] item: Leftovers\n|-heal|p2a: Garglestackl|38\/100|[from] item: Leftovers\n|upkeep\n|turn|5\n|\n|t:|1683075121\n|move|p1a: Indeedee|Helping Hand|p1b: Garchomp\n|-singleturn|p1b: Garchomp|Helping Hand|[of] p1a: Indeedee\n|move|p2a: Garglestackl|Wide Guard|p2a: Garglestackl\n|-singleturn|p2a: Garglestackl|Wide Guard\n|move|p1b: Garchomp|Earthquake|p2b: FishSure|[spread] p1a\n|-activate|p2a: Garglestackl|move: Wide Guard\n|-activate|p2b: FishSure|move: Wide Guard\n|-damage|p1a: Indeedee|0 fnt\n|faint|p1a: Indeedee\n|move|p2b: FishSure|Stomping Tantrum|p1b: Garchomp\n|-damage|p1b: Garchomp|23\/100\n|-damage|p2b: FishSure|32\/100|[from] ability: Rough Skin|[of] p1b: Garchomp\n|\n|-heal|p2a: Garglestackl|43\/100|[from] item: Leftovers\n|-fieldend|move: Psychic Terrain\n|upkeep\n|turn|6\n|\n|t:|1683075137\n|move|p2a: Garglestackl|Wide Guard|p2a: Garglestackl\n|-singleturn|p2a: Garglestackl|Wide Guard\n|move|p1b: Garchomp|Dragon Claw|p1: Indeedee|[notarget]\n|-fail|p1b: Garchomp\n|move|p2b: FishSure|Stomping Tantrum|p1b: Garchomp\n|-damage|p1b: Garchomp|0 fnt\n|-damage|p2b: FishSure|19\/100|[from] ability: Rough Skin|[of] p1b: Garchomp\n|faint|p1b: Garchomp\n|\n|win|Esspecialy\n|raw|JackMcflurry7896's rating: 1128 → 1110<\/strong> (-18 for losing)\n|raw|Esspecialy's rating: 1232 → 1250<\/strong> (+18 for winning)\n|l|\u2606JackMcflurry7896\n","uploadtime":1683075156,"views":15,"p1id":"jackmcflurry7896","p2id":"esspecialy","formatid":"gen9vgc2023regulationc","rating":1110,"private":0,"password":""}