{"id":"gen9vgc2023regulationc-1851142401","p1":"Trampasthetrainer","p2":"gijww","format":"[Gen 9] VGC 2023 Regulation C","log":"|j|\u2606Trampasthetrainer\n|j|\u2606gijww\n|t:|1682416177\n|gametype|doubles\n|player|p1|Trampasthetrainer|n|1059\n|player|p2|gijww|roxanne|1040\n|teamsize|p1|6\n|teamsize|p2|6\n|gen|9\n|tier|[Gen 9] VGC 2023 Regulation C\n|rated|\n|rule|Species Clause: Limit one of each Pok\u00e9mon\n|rule|Item Clause: Limit one of each item\n|clearpoke\n|poke|p1|Spiritomb, L50, F|\n|poke|p1|Salamence, L50, M|\n|poke|p1|Hariyama, L50, F|\n|poke|p1|Gholdengo, L50|\n|poke|p1|Ceruledge, L50, F|\n|poke|p1|Amoonguss, L50, M|\n|poke|p2|Grimmsnarl, L50, M|\n|poke|p2|Flutter Mane, L50|\n|poke|p2|Gholdengo, L50|\n|poke|p2|Iron Bundle, L50|\n|poke|p2|Chi-Yu, L50|\n|poke|p2|Amoonguss, L50, F|\n|teampreview|4\n|\n|t:|1682416239\n|start\n|switch|p1a: Spiritomb|Spiritomb, L50, F, shiny|100\/100\n|switch|p1b: Hariyama|Hariyama, L50, F|100\/100\n|switch|p2a: Grimmsnarl|Grimmsnarl, L50, M|100\/100\n|switch|p2b: Amoonguss|Amoonguss, L50, F|100\/100\n|turn|1\n|inactive|Battle timer is ON: inactive players will automatically lose when time's up. (requested by gijww)\n|\n|t:|1682416269\n|switch|p1b: Gholdengo|Gholdengo, L50|100\/100\n|move|p2b: Amoonguss|Rage Powder|p2b: Amoonguss\n|-singleturn|p2b: Amoonguss|move: Rage Powder\n|move|p2a: Grimmsnarl|Light Screen|p2a: Grimmsnarl\n|-sidestart|p2: gijww|move: Light Screen\n|move|p1a: Spiritomb|Will-O-Wisp|p2b: Amoonguss\n|-status|p2b: Amoonguss|brn\n|\n|-damage|p2b: Amoonguss|95\/100 brn|[from] brn\n|upkeep\n|turn|2\n|\n|t:|1682416292\n|switch|p1b: Hariyama|Hariyama, L50, F|100\/100\n|move|p2a: Grimmsnarl|Spirit Break|p1a: Spiritomb\n|-supereffective|p1a: Spiritomb\n|-damage|p1a: Spiritomb|39\/100\n|-unboost|p1a: Spiritomb|spa|1\n|move|p1a: Spiritomb|Snarl|p2a: Grimmsnarl|[spread] p2a,p2b\n|-resisted|p2a: Grimmsnarl\n|-damage|p2a: Grimmsnarl|99\/100\n|-damage|p2b: Amoonguss|87\/100 brn\n|-unboost|p2a: Grimmsnarl|spa|1\n|-unboost|p2b: Amoonguss|spa|1\n|move|p2b: Amoonguss|Spore|p1a: Spiritomb\n|-status|p1a: Spiritomb|slp|[from] move: Spore\n|\n|-heal|p1a: Spiritomb|45\/100 slp|[from] item: Leftovers\n|-damage|p2b: Amoonguss|81\/100 brn|[from] brn\n|-status|p1b: Hariyama|brn|[from] item: Flame Orb\n|upkeep\n|turn|3\n|inactive|Trampasthetrainer has 30 seconds left.\n|inactive|Trampasthetrainer has 20 seconds left.\n|\n|t:|1682416330\n|move|p1b: Hariyama|Protect|p1b: Hariyama\n|-singleturn|p1b: Hariyama|Protect\n|move|p2b: Amoonguss|Rage Powder|p2b: Amoonguss\n|-singleturn|p2b: Amoonguss|move: Rage Powder\n|move|p2a: Grimmsnarl|Reflect|p2a: Grimmsnarl\n|-sidestart|p2: gijww|Reflect\n|cant|p1a: Spiritomb|slp\n|\n|-heal|p1a: Spiritomb|50\/100 slp|[from] item: Leftovers\n|-damage|p1b: Hariyama|95\/100 brn|[from] brn\n|-damage|p2b: Amoonguss|75\/100 brn|[from] brn\n|upkeep\n|turn|4\n|inactive|gijww has 30 seconds left.\n|\n|t:|1682416363\n|switch|p1b: Gholdengo|Gholdengo, L50|100\/100\n|switch|p2b: Chi-Yu|Chi-Yu, L50|100\/100\n|-ability|p2b: Chi-Yu|Beads of Ruin\n|move|p2a: Grimmsnarl|Spirit Break|p1a: Spiritomb\n|-supereffective|p1a: Spiritomb\n|-damage|p1a: Spiritomb|0 fnt\n|faint|p1a: Spiritomb\n|\n|upkeep\n|\n|t:|1682416375\n|switch|p1a: Hariyama|Hariyama, L50, F|95\/100 brn\n|turn|5\n|\n|t:|1682416394\n|move|p1a: Hariyama|Wide Guard|p1a: Hariyama\n|-singleturn|p1a: Hariyama|Wide Guard\n|move|p2a: Grimmsnarl|Parting Shot|p1a: Hariyama\n|-unboost|p1a: Hariyama|atk|1\n|-unboost|p1a: Hariyama|spa|1\n|\n|t:|1682416415\n|switch|p2a: Iron Bundle|Iron Bundle, L50|100\/100|[from] Parting Shot\n|-enditem|p2a: Iron Bundle|Booster Energy\n|-activate|p2a: Iron Bundle|ability: Quark Drive|[fromitem]\n|-start|p2a: Iron Bundle|quarkdrivespe\n|move|p2b: Chi-Yu|Heat Wave|p1a: Hariyama|[spread] \n|-activate|p1a: Hariyama|move: Wide Guard\n|-activate|p1b: Gholdengo|move: Wide Guard\n|move|p1b: Gholdengo|Nasty Plot|p1b: Gholdengo\n|-boost|p1b: Gholdengo|spa|2\n|\n|-damage|p1a: Hariyama|89\/100 brn|[from] brn\n|upkeep\n|turn|6\n|\n|t:|1682416437\n|switch|p2b: Amoonguss|Amoonguss, L50, F|100\/100 brn\n|-terastallize|p1b: Gholdengo|Rock\n|move|p1a: Hariyama|Wide Guard|p1a: Hariyama\n|-singleturn|p1a: Hariyama|Wide Guard\n|move|p2a: Iron Bundle|Encore|p1b: Gholdengo\n|-immune|p1b: Gholdengo|[from] ability: Good as Gold\n|move|p1b: Gholdengo|Make It Rain|p2a: Iron Bundle|[spread] p2a,p2b\n|-damage|p2a: Iron Bundle|0 fnt\n|-damage|p2b: Amoonguss|48\/100 brn\n|-unboost|p1b: Gholdengo|spa|1\n|-enditem|p1b: Gholdengo|Eject Pack\n|faint|p2a: Iron Bundle\n|-end|p2a: Iron Bundle|Quark Drive|[silent]\n|\n|t:|1682416456\n|switch|p1b: Salamence|Salamence, L50, M|100\/100\n|\n|-damage|p1a: Hariyama|83\/100 brn|[from] brn\n|-damage|p2b: Amoonguss|43\/100 brn|[from] brn\n|upkeep\n|\n|t:|1682416467\n|switch|p2a: Grimmsnarl|Grimmsnarl, L50, M|99\/100\n|turn|7\n|\n|t:|1682416482\n|move|p1a: Hariyama|Wide Guard|p1a: Hariyama\n|-singleturn|p1a: Hariyama|Wide Guard\n|move|p2b: Amoonguss|Rage Powder|p2b: Amoonguss\n|-singleturn|p2b: Amoonguss|move: Rage Powder\n|move|p1b: Salamence|Earthquake|p2b: Amoonguss|[spread] p2a,p2b\n|-activate|p1a: Hariyama|move: Wide Guard\n|-damage|p2a: Grimmsnarl|74\/100\n|-damage|p2b: Amoonguss|22\/100 brn\n|-damage|p1b: Salamence|90\/100|[from] item: Life Orb\n|move|p2a: Grimmsnarl|Spirit Break|p1b: Salamence\n|-supereffective|p1b: Salamence\n|-damage|p1b: Salamence|8\/100\n|-unboost|p1b: Salamence|spa|1\n|\n|-damage|p1a: Hariyama|77\/100 brn|[from] brn\n|-damage|p2b: Amoonguss|16\/100 brn|[from] brn\n|upkeep\n|turn|8\n|inactive|Trampasthetrainer has 30 seconds left.\n|inactive|gijww has 30 seconds left.\n|\n|t:|1682416517\n|switch|p2b: Chi-Yu|Chi-Yu, L50|100\/100\n|-ability|p2b: Chi-Yu|Beads of Ruin\n|move|p1b: Salamence|Protect|p1b: Salamence\n|-singleturn|p1b: Salamence|Protect\n|move|p2a: Grimmsnarl|Parting Shot|p1a: Hariyama\n|-unboost|p1a: Hariyama|atk|1\n|-unboost|p1a: Hariyama|spa|1\n|\n|t:|1682416526\n|switch|p2a: Amoonguss|Amoonguss, L50, F|50\/100 brn|[from] Parting Shot\n|move|p1a: Hariyama|Close Combat|p2a: Amoonguss\n|-resisted|p2a: Amoonguss\n|-damage|p2a: Amoonguss|37\/100 brn\n|-unboost|p1a: Hariyama|def|1\n|-unboost|p1a: Hariyama|spd|1\n|-damage|p1a: Hariyama|60\/100 brn|[from] item: Rocky Helmet|[of] p2a: Amoonguss\n|\n|-damage|p1a: Hariyama|55\/100 brn|[from] brn\n|-damage|p2a: Amoonguss|32\/100 brn|[from] brn\n|-sideend|p2: gijww|move: Light Screen\n|upkeep\n|turn|9\n|inactive|gijww has 30 seconds left.\n|inactive|gijww has 20 seconds left.\n|inactive|gijww has 15 seconds left.\n|\n|t:|1682416568\n|switch|p2a: Grimmsnarl|Grimmsnarl, L50, M|74\/100\n|-terastallize|p2b: Chi-Yu|Grass\n|move|p1a: Hariyama|Wide Guard|p1a: Hariyama\n|-singleturn|p1a: Hariyama|Wide Guard\n|move|p2b: Chi-Yu|Tera Blast|p1b: Salamence\n|-resisted|p1b: Salamence\n|-damage|p1b: Salamence|0 fnt\n|faint|p1b: Salamence\n|\n|-damage|p1a: Hariyama|49\/100 brn|[from] brn\n|upkeep\n|\n|t:|1682416583\n|switch|p1b: Gholdengo|Gholdengo, L50, tera:Rock|100\/100\n|turn|10\n|-message|Trampasthetrainer forfeited by changing their name.\n|l|trampasthetrainer\n|\n|win|gijww\n|raw|Trampasthetrainer's rating: 1060 → 1040<\/strong> (-20 for losing)\n|raw|gijww's rating: 1040 → 1076<\/strong> (+36 for winning)\n|j|\u2606Trampasthetrainer\n|l|\u2606gijww\n","uploadtime":1682417384,"views":8,"p1id":"trampasthetrainer","p2id":"gijww","formatid":"gen9vgc2023regulationc","rating":1040,"private":0,"password":""}