{"id":"gen9vgc2023regulationc-1845862887","p1":"SlyAbby","p2":"accdefgh","format":"[Gen 9] VGC 2023 Regulation C","log":"|j|\u2606SlyAbby\n|j|\u2606accdefgh\n|t:|1681772688\n|gametype|doubles\n|player|p1|SlyAbby|skyla|1335\n|player|p2|accdefgh|1|1281\n|teamsize|p1|6\n|teamsize|p2|6\n|gen|9\n|tier|[Gen 9] VGC 2023 Regulation C\n|rated|\n|rule|Species Clause: Limit one of each Pok\u00e9mon\n|rule|Item Clause: Limit one of each item\n|clearpoke\n|poke|p1|Baxcalibur, L50, F|\n|poke|p1|Corviknight, L50, F|\n|poke|p1|Rotom-Wash, L50|\n|poke|p1|Ting-Lu, L50|\n|poke|p1|Scizor, L50, F|\n|poke|p1|Amoonguss, L50, F|\n|poke|p2|Scizor, L50, F|\n|poke|p2|Flutter Mane, L50|\n|poke|p2|Baxcalibur, L50, M|\n|poke|p2|Rotom-Wash, L50|\n|poke|p2|Grimmsnarl, L50, M|\n|poke|p2|Salamence, L50, M|\n|teampreview|4\n|inactive|Battle timer is ON: inactive players will automatically lose when time's up. (requested by SlyAbby)\nSlyAbby has agreed to open team sheets.\naccdefgh rejected open team sheets.\n|c|\u2606accdefgh|sorry bro im not reading all thata\n|c|\u2606accdefgh|glhf tho\n|inactive|SlyAbby has 60 seconds left.\n|inactive|accdefgh has 60 seconds left.\n|\n|t:|1681772746\n|start\n|switch|p1a: Baxcalibur|Baxcalibur, L50, F|100\/100\n|switch|p1b: Amoonguss|Amoonguss, L50, F|100\/100\n|switch|p2a: Rotom|Rotom-Wash, L50|100\/100\n|switch|p2b: Grimmsnarl|Grimmsnarl, L50, M|100\/100\n|turn|1\n|inactive|SlyAbby has 30 seconds left.\n|inactive|accdefgh has 30 seconds left.\n|\n|t:|1681772779\n|move|p2b: Grimmsnarl|Fake Out|p1b: Amoonguss\n|-damage|p1b: Amoonguss|91\/100\n|move|p2a: Rotom|Will-O-Wisp|p1a: Baxcalibur\n|-immune|p1a: Baxcalibur|[from] ability: Thermal Exchange\n|move|p1a: Baxcalibur|Glaive Rush|p2a: Rotom\n|-damage|p2a: Rotom|14\/100\n|-singlemove|p1a: Baxcalibur|Glaive Rush|[silent]\n|cant|p1b: Amoonguss|flinch\n|\n|upkeep\n|turn|2\n|\n|t:|1681772800\n|switch|p2a: Scizor|Scizor, L50, F, shiny|100\/100\n|move|p1a: Baxcalibur|Protect|p1a: Baxcalibur\n|-singleturn|p1a: Baxcalibur|Protect\n|move|p2b: Grimmsnarl|Reflect|p2b: Grimmsnarl\n|-sidestart|p2: accdefgh|Reflect\n|move|p1b: Amoonguss|Spore|p2b: Grimmsnarl\n|-status|p2b: Grimmsnarl|slp|[from] move: Spore\n|\n|upkeep\n|turn|3\n|inactive|accdefgh has 30 seconds left.\n|\n|t:|1681772826\n|switch|p1a: Corviknight|Corviknight, L50, F|100\/100\n|move|p2a: Scizor|U-turn|p1b: Amoonguss\n|-damage|p1b: Amoonguss|48\/100\n|-damage|p2a: Scizor|91\/100|[from] item: Life Orb\n|\n|t:|1681772836\n|switch|p2a: Rotom|Rotom-Wash, L50|14\/100|[from] U-turn\n|cant|p2b: Grimmsnarl|slp\n|move|p1b: Amoonguss|Spore|p2a: Rotom\n|-status|p2a: Rotom|slp|[from] move: Spore\n|\n|upkeep\n|turn|4\n|inactive|accdefgh has 30 seconds left.\n|\n|t:|1681772871\n|cant|p2b: Grimmsnarl|slp\n|cant|p2a: Rotom|slp\n|move|p1a: Corviknight|Bulk Up|p1a: Corviknight\n|-boost|p1a: Corviknight|atk|1\n|-boost|p1a: Corviknight|def|1\n|move|p1b: Amoonguss|Pollen Puff|p2a: Rotom\n|-damage|p2a: Rotom|0 fnt\n|faint|p2a: Rotom\n|\n|upkeep\n|\n|t:|1681772884\n|switch|p2a: Flutter Mane|Flutter Mane, L50|100\/100\n|turn|5\n|\n|t:|1681772898\n|switch|p1b: Scizor|Scizor, L50, F|100\/100\n|-curestatus|p2b: Grimmsnarl|slp|[msg]\n|move|p2b: Grimmsnarl|Thunder Wave|p1a: Corviknight\n|-status|p1a: Corviknight|par\n|move|p2a: Flutter Mane|Substitute|p2a: Flutter Mane\n|-start|p2a: Flutter Mane|Substitute\n|-damage|p2a: Flutter Mane|75\/100\n|move|p1a: Corviknight|Brave Bird|p2a: Flutter Mane\n|-end|p2a: Flutter Mane|Substitute\n|-damage|p1a: Corviknight|94\/100 par|[from] Recoil|[of] p2a: Flutter Mane\n|\n|-heal|p2a: Flutter Mane|82\/100|[from] item: Leftovers\n|upkeep\n|turn|6\n|inactive|accdefgh has 30 seconds left.\n|\n|t:|1681772932\n|-terastallize|p2a: Flutter Mane|Ghost\n|move|p1b: Scizor|Bullet Punch|p2a: Flutter Mane\n|-damage|p2a: Flutter Mane|37\/100\n|-damage|p1b: Scizor|91\/100|[from] item: Life Orb\n|move|p2b: Grimmsnarl|Thunder Wave|p1b: Scizor\n|-status|p1b: Scizor|par\n|move|p2a: Flutter Mane|Shadow Ball|p1a: Corviknight\n|-damage|p1a: Corviknight|45\/100 par\n|-enditem|p1a: Corviknight|Sitrus Berry|[eat]\n|-heal|p1a: Corviknight|70\/100 par|[from] item: Sitrus Berry\n|move|p1a: Corviknight|Brave Bird|p2b: Grimmsnarl\n|-damage|p2b: Grimmsnarl|50\/100\n|-enditem|p2b: Grimmsnarl|Sitrus Berry|[eat]\n|-heal|p2b: Grimmsnarl|74\/100|[from] item: Sitrus Berry\n|-damage|p1a: Corviknight|53\/100 par|[from] Recoil\n|\n|-heal|p2a: Flutter Mane|44\/100|[from] item: Leftovers\n|-sideend|p2: accdefgh|Reflect\n|upkeep\n|turn|7\n|inactive|accdefgh has 30 seconds left.\n|\n|t:|1681772959\n|move|p2a: Flutter Mane|Protect|p2a: Flutter Mane\n|-singleturn|p2a: Flutter Mane|Protect\n|move|p2b: Grimmsnarl|Reflect|p2b: Grimmsnarl\n|-sidestart|p2: accdefgh|Reflect\n|move|p1b: Scizor|Bullet Punch|p2a: Flutter Mane\n|-activate|p2a: Flutter Mane|move: Protect\n|move|p1a: Corviknight|Roost|p1a: Corviknight\n|-heal|p1a: Corviknight|100\/100 par\n|-singleturn|p1a: Corviknight|move: Roost\n|\n|-heal|p2a: Flutter Mane|50\/100|[from] item: Leftovers\n|upkeep\n|turn|8\n|inactive|accdefgh has 30 seconds left.\n|inactive|accdefgh has 20 seconds left.\n|\n|t:|1681772994\n|cant|p1b: Scizor|par\n|move|p2a: Flutter Mane|Shadow Ball|p1a: Corviknight\n|-damage|p1a: Corviknight|56\/100 par\n|move|p2b: Grimmsnarl|Foul Play|p1a: Corviknight\n|-damage|p1a: Corviknight|34\/100 par\n|cant|p1a: Corviknight|par\n|\n|-heal|p2a: Flutter Mane|56\/100|[from] item: Leftovers\n|upkeep\n|turn|9\n|\n|t:|1681773014\n|switch|p1a: Amoonguss|Amoonguss, L50, F|81\/100\n|move|p1b: Scizor|Bullet Punch|p2a: Flutter Mane\n|-damage|p2a: Flutter Mane|12\/100\n|-damage|p1b: Scizor|81\/100 par|[from] item: Life Orb\n|move|p2a: Flutter Mane|Shadow Ball|p1a: Amoonguss\n|-damage|p1a: Amoonguss|37\/100\n|-unboost|p1a: Amoonguss|spd|1\n|move|p2b: Grimmsnarl|Foul Play|p1b: Scizor\n|-damage|p1b: Scizor|22\/100 par\n|\n|-heal|p2a: Flutter Mane|19\/100|[from] item: Leftovers\n|upkeep\n|turn|10\n|inactive|accdefgh has 30 seconds left.\n|inactive|accdefgh has 20 seconds left.\n|\n|t:|1681773053\n|move|p2a: Flutter Mane|Protect|p2a: Flutter Mane\n|-singleturn|p2a: Flutter Mane|Protect\n|move|p1b: Scizor|Protect|p1b: Scizor\n|-singleturn|p1b: Scizor|Protect\n|move|p2b: Grimmsnarl|Foul Play|p1b: Scizor\n|-activate|p1b: Scizor|move: Protect\n|move|p1a: Amoonguss|Spore|p2b: Grimmsnarl\n|-status|p2b: Grimmsnarl|slp|[from] move: Spore\n|\n|-heal|p2a: Flutter Mane|25\/100|[from] item: Leftovers\n|upkeep\n|turn|11\n|\n|t:|1681773077\n|cant|p2b: Grimmsnarl|slp\n|move|p1b: Scizor|Bullet Punch|p2a: Flutter Mane\n|-damage|p2a: Flutter Mane|0 fnt\n|faint|p2a: Flutter Mane\n|-end|p2a: Flutter Mane|Protosynthesis|[silent]\n|-damage|p1b: Scizor|12\/100 par|[from] item: Life Orb\n|move|p1a: Amoonguss|Pollen Puff|p1b: Scizor\n|-heal|p1b: Scizor|62\/100 par\n|\n|-sideend|p2: accdefgh|Reflect\n|upkeep\n|\n|t:|1681773086\n|switch|p2a: Scizor|Scizor, L50, F, shiny|91\/100\n|turn|12\n|\n|t:|1681773100\n|move|p1a: Amoonguss|Rage Powder|p1a: Amoonguss\n|-singleturn|p1a: Amoonguss|move: Rage Powder\n|cant|p2b: Grimmsnarl|slp\n|move|p1b: Scizor|Bullet Punch|p2b: Grimmsnarl\n|-supereffective|p2b: Grimmsnarl\n|-damage|p2b: Grimmsnarl|0 fnt\n|faint|p2b: Grimmsnarl\n|-damage|p1b: Scizor|52\/100 par|[from] item: Life Orb\n|move|p2a: Scizor|U-turn|p1a: Amoonguss\n|-damage|p1a: Amoonguss|0 fnt\n|faint|p1a: Amoonguss\n|-damage|p2a: Scizor|81\/100|[from] item: Life Orb\n|\n|upkeep\n|\n|t:|1681773113\n|switch|p1a: Baxcalibur|Baxcalibur, L50, F|100\/100\n|turn|13\n|\n|t:|1681773122\n|move|p1a: Baxcalibur|Glaive Rush|p2a: Scizor\n|-resisted|p2a: Scizor\n|-damage|p2a: Scizor|42\/100\n|-singlemove|p1a: Baxcalibur|Glaive Rush|[silent]\n|move|p2a: Scizor|Close Combat|p1a: Baxcalibur\n|-supereffective|p1a: Baxcalibur\n|-damage|p1a: Baxcalibur|0 fnt\n|-unboost|p2a: Scizor|def|1\n|-unboost|p2a: Scizor|spd|1\n|faint|p1a: Baxcalibur\n|-damage|p2a: Scizor|33\/100|[from] item: Life Orb\n|move|p1b: Scizor|Close Combat|p2a: Scizor\n|-damage|p2a: Scizor|0 fnt\n|-unboost|p1b: Scizor|def|1\n|-unboost|p1b: Scizor|spd|1\n|faint|p2a: Scizor\n|-damage|p1b: Scizor|43\/100 par|[from] item: Life Orb\n|\n|win|SlyAbby\n|raw|SlyAbby's rating: 1335 → 1352<\/strong> (+17 for winning)\n|raw|accdefgh's rating: 1281 → 1260<\/strong> (-21 for losing)\n|c|\u2606accdefgh|gg\n","uploadtime":1681773139,"views":4,"p1id":"slyabby","p2id":"accdefgh","formatid":"gen9vgc2023regulationc","rating":1260,"private":0,"password":""}