{"id":"gen9vgc2023regulationc-1860589264","p1":"Elpirulas666","p2":"WillieDangerously","format":"[Gen 9] VGC 2023 Regulation C","log":"|j|\u2606Elpirulas666\n|j|\u2606WillieDangerously\n|t:|1683656994\n|gametype|doubles\n|player|p1|Elpirulas666|roxie|1340\n|player|p2|WillieDangerously|psychic-gen4|1261\n|teamsize|p1|6\n|teamsize|p2|6\n|gen|9\n|tier|[Gen 9] VGC 2023 Regulation C\n|rated|\n|rule|Species Clause: Limit one of each Pok\u00e9mon\n|rule|Item Clause: Limit one of each item\n|clearpoke\n|poke|p1|Orthworm, L50, F|\n|poke|p1|Ting-Lu, L50|\n|poke|p1|Flutter Mane, L50|\n|poke|p1|Chien-Pao, L50|\n|poke|p1|Gyarados, L50, F|\n|poke|p1|Dragonite, L50, F|\n|poke|p2|Gholdengo, L50|\n|poke|p2|Wo-Chien, L50|\n|poke|p2|Iron Bundle, L50|\n|poke|p2|Dragapult, L50, M|\n|poke|p2|Hippowdon, L50, F|\n|poke|p2|Glimmora, L50, M|\n|teampreview|4\n|inactive|Battle timer is ON: inactive players will automatically lose when time's up. (requested by Elpirulas666)\n|inactive|WillieDangerously has 60 seconds left.\n|\n|t:|1683657043\n|start\n|switch|p1a: Ting-Lu|Ting-Lu, L50|100\/100\n|switch|p1b: Orthworm|Orthworm, L50, F|100\/100\n|switch|p2a: Glimmora|Glimmora, L50, M|100\/100\n|switch|p2b: Gholdengo|Gholdengo, L50|100\/100\n|-ability|p1a: Ting-Lu|Vessel of Ruin\n|turn|1\n|inactive|WillieDangerously has 30 seconds left.\n|\n|t:|1683657070\n|switch|p2a: Iron Bundle|Iron Bundle, L50|100\/100\n|-enditem|p2a: Iron Bundle|Booster Energy\n|-activate|p2a: Iron Bundle|ability: Quark Drive|[fromitem]\n|-start|p2a: Iron Bundle|quarkdrivespe\n|-terastallize|p2b: Gholdengo|Water\n|move|p2b: Gholdengo|Nasty Plot|p2b: Gholdengo\n|-boost|p2b: Gholdengo|spa|2\n|move|p1b: Orthworm|Iron Defense|p1b: Orthworm\n|-boost|p1b: Orthworm|def|2\n|move|p1a: Ting-Lu|Earthquake|p2a: Iron Bundle|[spread] p2a,p2b\n|-immune|p1b: Orthworm|[from] ability: Earth Eater\n|-damage|p2a: Iron Bundle|46\/100\n|-damage|p2b: Gholdengo|50\/100\n|-enditem|p2b: Gholdengo|Sitrus Berry|[eat]\n|-heal|p2b: Gholdengo|75\/100|[from] item: Sitrus Berry\n|\n|upkeep\n|turn|2\n|inactive|Elpirulas666 has 30 seconds left.\n|inactive|WillieDangerously has 30 seconds left.\n|\n|t:|1683657102\n|-terastallize|p1a: Ting-Lu|Poison\n|move|p2a: Iron Bundle|Encore|p1b: Orthworm\n|-start|p1b: Orthworm|Encore\n|move|p2b: Gholdengo|Nasty Plot|p2b: Gholdengo\n|-boost|p2b: Gholdengo|spa|2\n|move|p1b: Orthworm|Iron Defense|p1b: Orthworm\n|-boost|p1b: Orthworm|def|2\n|move|p1a: Ting-Lu|Earthquake|p2a: Iron Bundle|[spread] p2a,p2b\n|-immune|p1b: Orthworm|[from] ability: Earth Eater\n|-damage|p2a: Iron Bundle|0 fnt\n|-damage|p2b: Gholdengo|29\/100\n|faint|p2a: Iron Bundle\n|-end|p2a: Iron Bundle|Quark Drive|[silent]\n|\n|upkeep\n|\n|t:|1683657125\n|switch|p2a: Dragapult|Dragapult, L50, M|100\/100\n|turn|3\n|\n|t:|1683657136\n|move|p2a: Dragapult|Disable|p1a: Ting-Lu\n|-start|p1a: Ting-Lu|Disable|Earthquake\n|move|p2b: Gholdengo|Shadow Ball|p1b: Orthworm\n|-damage|p1b: Orthworm|8\/100\n|move|p1b: Orthworm|Iron Defense|p1b: Orthworm\n|-boost|p1b: Orthworm|def|2\n|cant|p1a: Ting-Lu|Disable|Earthquake\n|\n|-heal|p1b: Orthworm|14\/100|[from] item: Leftovers\n|upkeep\n|turn|4\n|\n|t:|1683657157\n|move|p2a: Dragapult|Dragon Darts|p1b: Orthworm\n|-resisted|p1b: Orthworm\n|-damage|p1b: Orthworm|11\/100\n|-anim|p2a: Dragapult|Dragon Darts|p1a: Ting-Lu\n|-damage|p1a: Ting-Lu|82\/100\n|-damage|p2a: Dragapult|91\/100|[from] item: Life Orb\n|move|p2b: Gholdengo|Shadow Ball|p1b: Orthworm\n|-damage|p1b: Orthworm|0 fnt\n|faint|p1b: Orthworm\n|-activate|p1a: Ting-Lu|move: Struggle\n|move|p1a: Ting-Lu|Struggle|p2b: Gholdengo\n|-damage|p2b: Gholdengo|7\/100\n|-damage|p1a: Ting-Lu|57\/100|[from] recoil\n|\n|upkeep\n|\n|t:|1683657175\n|switch|p1b: Chien-Pao|Chien-Pao, L50|100\/100\n|-ability|p1b: Chien-Pao|Sword of Ruin\n|turn|5\n|\n|t:|1683657190\n|move|p2b: Gholdengo|Protect|p2b: Gholdengo\n|-singleturn|p2b: Gholdengo|Protect\n|move|p1b: Chien-Pao|Sucker Punch|p2a: Dragapult\n|-supereffective|p2a: Dragapult\n|-damage|p2a: Dragapult|0 fnt\n|faint|p2a: Dragapult\n|-activate|p1a: Ting-Lu|move: Struggle\n|move|p1a: Ting-Lu|Struggle|p2b: Gholdengo\n|-activate|p2b: Gholdengo|move: Protect\n|\n|upkeep\n|\n|t:|1683657200\n|switch|p2a: Glimmora|Glimmora, L50, M|100\/100\n|turn|6\n|\n|t:|1683657216\n|move|p1b: Chien-Pao|Sacred Sword|p2a: Glimmora\n|-damage|p2a: Glimmora|66\/100\n|-activate|p2a: Glimmora|ability: Toxic Debris\n|-sidestart|p1: Elpirulas666|move: Toxic Spikes\n|move|p2a: Glimmora|Mortal Spin|p1a: Ting-Lu|[spread] p1a,p1b\n|-resisted|p1a: Ting-Lu\n|-damage|p1a: Ting-Lu|55\/100\n|-damage|p1b: Chien-Pao|95\/100\n|-status|p1b: Chien-Pao|psn\n|move|p2b: Gholdengo|Nasty Plot|p2b: Gholdengo\n|-boost|p2b: Gholdengo|spa|2\n|-activate|p1a: Ting-Lu|move: Struggle\n|move|p1a: Ting-Lu|Struggle|p2b: Gholdengo\n|-damage|p2b: Gholdengo|0 fnt\n|faint|p2b: Gholdengo\n|-damage|p1a: Ting-Lu|30\/100|[from] recoil\n|\n|-damage|p1b: Chien-Pao|82\/100 psn|[from] psn\n|-end|p1a: Ting-Lu|Disable\n|upkeep\n|turn|7\n|\n|t:|1683657240\n|move|p1b: Chien-Pao|Ice Spinner|p2a: Glimmora\n|-damage|p2a: Glimmora|16\/100\n|-activate|p2a: Glimmora|ability: Toxic Debris\n|-sidestart|p1: Elpirulas666|move: Toxic Spikes\n|move|p2a: Glimmora|Earth Power|p1a: Ting-Lu\n|-supereffective|p1a: Ting-Lu\n|-damage|p1a: Ting-Lu|0 fnt\n|faint|p1a: Ting-Lu\n|\n|-damage|p1b: Chien-Pao|70\/100 psn|[from] psn\n|upkeep\n|\n|t:|1683657251\n|switch|p1a: Flutter Mane|Flutter Mane, L50|100\/100\n|-status|p1a: Flutter Mane|tox\n|turn|8\n|-message|WillieDangerously forfeited.\n|\n|win|Elpirulas666\n|raw|Elpirulas666's rating: 1340 → 1356<\/strong> (+16 for winning)\n|raw|WillieDangerously's rating: 1261 → 1242<\/strong> (-19 for losing)\n","uploadtime":1683657256,"views":9,"p1id":"elpirulas666","p2id":"williedangerously","formatid":"gen9vgc2023regulationc","rating":1242,"private":0,"password":""}