{"id":"gen9vgc2023regulationc-1851252239","p1":"NTMFG","p2":"Tronplex","format":"[Gen 9] VGC 2023 Regulation C","log":"|j|\u2606NTMFG\n|j|\u2606Tronplex\n|t:|1682429684\n|gametype|doubles\n|player|p1|NTMFG|benga|1052\n|player|p2|Tronplex|2|1130\n|teamsize|p1|6\n|teamsize|p2|6\n|gen|9\n|tier|[Gen 9] VGC 2023 Regulation C\n|rated|\n|rule|Species Clause: Limit one of each Pok\u00e9mon\n|rule|Item Clause: Limit one of each item\n|clearpoke\n|poke|p1|Gyarados, L50, M|\n|poke|p1|Amoonguss, L50, M|\n|poke|p1|Iron Bundle, L50|\n|poke|p1|Flutter Mane, L50|\n|poke|p1|Chien-Pao, L50|\n|poke|p1|Great Tusk, L50|\n|poke|p2|Chi-Yu, L50|\n|poke|p2|Magnezone, L50|\n|poke|p2|Gyarados, L50, F|\n|poke|p2|Hydreigon, L50, F|\n|poke|p2|Great Tusk, L50|\n|poke|p2|Brambleghast, L50, M|\n|teampreview|4\nNTMFG has agreed to open team sheets.\n|\n|t:|1682429734\n|start\n|switch|p1a: Gyarados|Gyarados, L50, M|100\/100\n|switch|p1b: Iron Bundle|Iron Bundle, L50|100\/100\n|switch|p2a: Hydreigon|Hydreigon, L50, F|100\/100\n|switch|p2b: Magnezone|Magnezone, L50|100\/100\n|-ability|p1a: Gyarados|Intimidate|boost\n|-unboost|p2a: Hydreigon|atk|1\n|-unboost|p2b: Magnezone|atk|1\n|-enditem|p1b: Iron Bundle|Booster Energy\n|-activate|p1b: Iron Bundle|ability: Quark Drive|[fromitem]\n|-start|p1b: Iron Bundle|quarkdrivespe\n|turn|1\n|\n|t:|1682429762\n|switch|p1a: Great Tusk|Great Tusk, L50|100\/100\n|move|p1b: Iron Bundle|Icy Wind|p2a: Hydreigon|[spread] p2a,p2b\n|-supereffective|p2a: Hydreigon\n|-resisted|p2b: Magnezone\n|-damage|p2a: Hydreigon|53\/100\n|-damage|p2b: Magnezone|89\/100\n|-unboost|p2a: Hydreigon|spe|1\n|-unboost|p2b: Magnezone|spe|1\n|move|p2a: Hydreigon|Tailwind|p2a: Hydreigon\n|-sidestart|p2: Tronplex|move: Tailwind\n|move|p2b: Magnezone|Volt Switch|p1b: Iron Bundle\n|-supereffective|p1b: Iron Bundle\n|-damage|p1b: Iron Bundle|0 fnt\n|faint|p1b: Iron Bundle\n|-end|p1b: Iron Bundle|Quark Drive|[silent]\n|\n|t:|1682429777\n|switch|p2b: Brambleghast|Brambleghast, L50, M|100\/100|[from] Volt Switch\n|-ability|p2b: Brambleghast|Wind Rider|boost\n|-boost|p2b: Brambleghast|atk|1\n|\n|upkeep\n|\n|t:|1682429784\n|switch|p1b: Flutter Mane|Flutter Mane, L50|100\/100\n|turn|2\n|\n|t:|1682429809\n|move|p2a: Hydreigon|Protect|p2a: Hydreigon\n|-singleturn|p2a: Hydreigon|Protect\n|move|p2b: Brambleghast|Shadow Sneak|p1b: Flutter Mane\n|-supereffective|p1b: Flutter Mane\n|-damage|p1b: Flutter Mane|0 fnt\n|faint|p1b: Flutter Mane\n|-end|p1b: Flutter Mane|Protosynthesis|[silent]\n|move|p1a: Great Tusk|Close Combat|p2a: Hydreigon\n|-activate|p2a: Hydreigon|move: Protect\n|\n|upkeep\n|\n|t:|1682429817\n|switch|p1b: Gyarados|Gyarados, L50, M|100\/100\n|-ability|p1b: Gyarados|Intimidate|boost\n|-unboost|p2a: Hydreigon|atk|1\n|-unboost|p2b: Brambleghast|atk|1\n|turn|3\n|\n|t:|1682429853\n|switch|p2b: Chi-Yu|Chi-Yu, L50|100\/100\n|-ability|p2b: Chi-Yu|Beads of Ruin\n|move|p2a: Hydreigon|Draco Meteor|p1b: Gyarados\n|-damage|p1b: Gyarados|5\/100\n|-unboost|p2a: Hydreigon|spa|2\n|move|p1a: Great Tusk|Close Combat|p2a: Hydreigon\n|-supereffective|p2a: Hydreigon\n|-damage|p2a: Hydreigon|0 fnt\n|-unboost|p1a: Great Tusk|def|1\n|-unboost|p1a: Great Tusk|spd|1\n|faint|p2a: Hydreigon\n|-damage|p1a: Great Tusk|90\/100|[from] item: Life Orb\n|move|p1b: Gyarados|Waterfall|p2b: Chi-Yu\n|-supereffective|p2b: Chi-Yu\n|-damage|p2b: Chi-Yu|0 fnt\n|faint|p2b: Chi-Yu\n|\n|upkeep\n|\n|t:|1682429873\n|switch|p2b: Brambleghast|Brambleghast, L50, M|100\/100\n|switch|p2a: Magnezone|Magnezone, L50|89\/100\n|-ability|p2b: Brambleghast|Wind Rider|boost\n|-boost|p2b: Brambleghast|atk|1\n|turn|4\n|\n|t:|1682429900\n|-terastallize|p2a: Magnezone|Flying\n|-terastallize|p1a: Great Tusk|Ground\n|move|p1b: Gyarados|Protect|p1b: Gyarados\n|-singleturn|p1b: Gyarados|Protect\n|move|p2b: Brambleghast|Power Whip|p1a: Great Tusk\n|-supereffective|p1a: Great Tusk\n|-damage|p1a: Great Tusk|0 fnt\n|faint|p1a: Great Tusk\n|-end|p1a: Great Tusk|Protosynthesis|[silent]\n|move|p2a: Magnezone|Volt Switch|p1b: Gyarados\n|-activate|p1b: Gyarados|move: Protect\n|\n|-sideend|p2: Tronplex|move: Tailwind\n|upkeep\n|turn|5\n|-message|NTMFG forfeited.\n|\n|win|Tronplex\n|raw|NTMFG's rating: 1052 → 1038<\/strong> (-14 for losing)\n|raw|Tronplex's rating: 1130 → 1149<\/strong> (+19 for winning)\n|l|\u2606NTMFG\n","uploadtime":1682429919,"views":12,"p1id":"ntmfg","p2id":"tronplex","formatid":"gen9vgc2023regulationc","rating":1038,"private":0,"password":""}