{"id":"gen9vgc2023regulationc-1862313250","p1":"chelindaben","p2":"yungelghonami","format":"[Gen 9] VGC 2023 Regulation C","log":"|j|\u2606chelindaben\n|j|\u2606yungelghonami\n|t:|1683863964\n|gametype|doubles\n|player|p1|chelindaben|crasherwake|1020\n|player|p2|yungelghonami|2|1027\n|teamsize|p1|6\n|teamsize|p2|6\n|gen|9\n|tier|[Gen 9] VGC 2023 Regulation C\n|rated|\n|rule|Species Clause: Limit one of each Pok\u00e9mon\n|rule|Item Clause: Limit one of each item\n|clearpoke\n|poke|p1|Iron Hands, L50|\n|poke|p1|Armarouge, L50, F|\n|poke|p1|Indeedee-F, L50, F|\n|poke|p1|Tyranitar, L50, M|\n|poke|p1|Farigiraf, L50, F|\n|poke|p1|Arboliva, L50, F|\n|poke|p2|Abomasnow, L50, M|\n|poke|p2|Scream Tail, L50|\n|poke|p2|Scizor, L50, M|\n|poke|p2|Sandy Shocks, L50|\n|poke|p2|Cetitan, L50, M|\n|poke|p2|Espathra, L50, F|\n|teampreview|4\nchelindaben rejected open team sheets.\n|\n|t:|1683864011\n|start\n|switch|p1a: geeraff|Farigiraf, L50, F|100\/100\n|switch|p1b: Don 2: number 2|Iron Hands, L50|100\/100\n|switch|p2a: Espathra|Espathra, L50, F|100\/100\n|switch|p2b: Sandy Shocks|Sandy Shocks, L50|100\/100\n|-enditem|p2b: Sandy Shocks|Booster Energy\n|-activate|p2b: Sandy Shocks|ability: Protosynthesis|[fromitem]\n|-start|p2b: Sandy Shocks|protosynthesisspa\n|turn|1\n|\n|t:|1683864025\n|move|p2a: Espathra|Protect|p2a: Espathra\n|-singleturn|p2a: Espathra|Protect\n|move|p1b: Don 2: number 2|Fake Out|p2b: Sandy Shocks\n|-damage|p2b: Sandy Shocks|80\/100\n|cant|p2b: Sandy Shocks|flinch\n|move|p1a: geeraff|Trick Room|p1a: geeraff\n|-fieldstart|move: Trick Room|[of] p1a: geeraff\n|\n|-ability|p2a: Espathra|Speed Boost|boost\n|-boost|p2a: Espathra|spe|1\n|upkeep\n|turn|2\n|\n|t:|1683864048\n|move|p1b: Don 2: number 2|Volt Switch|p2a: Espathra\n|-damage|p2a: Espathra|81\/100\n|\n|t:|1683864053\n|-end|p1b: Don 2: number 2|Quark Drive|[silent]\n|switch|p1b: yippee|Indeedee-F, L50, F|100\/100|[from] Volt Switch\n|-fieldstart|move: Psychic Terrain|[from] ability: Psychic Surge|[of] p1b: yippee\n|-enditem|p1b: yippee|Psychic Seed\n|-boost|p1b: yippee|spd|1|[from] item: Psychic Seed\n|move|p1a: geeraff|Hyper Voice|p2b: Sandy Shocks|[spread] p2a,p2b\n|-damage|p2a: Espathra|33\/100\n|-damage|p2b: Sandy Shocks|37\/100\n|-enditem|p1a: geeraff|Throat Spray\n|-boost|p1a: geeraff|spa|1|[from] item: Throat Spray\n|move|p2b: Sandy Shocks|Gravity|p2b: Sandy Shocks\n|-fieldstart|move: Gravity\n|move|p2a: Espathra|Trick Room|p2a: Espathra\n|-fieldend|move: Trick Room\n|\n|-ability|p2a: Espathra|Speed Boost|boost\n|-boost|p2a: Espathra|spe|1\n|upkeep\n|turn|3\n|\n|t:|1683864077\n|move|p2a: Espathra|Hypnosis|p1a: geeraff\n|-status|p1a: geeraff|slp|[from] move: Hypnosis\n|move|p2b: Sandy Shocks|Earth Power|p1b: yippee\n|-damage|p1b: yippee|63\/100\n|move|p1b: yippee|Dazzling Gleam|p2b: Sandy Shocks|[spread] p2a,p2b\n|-damage|p2a: Espathra|15\/100\n|-damage|p2b: Sandy Shocks|22\/100\n|cant|p1a: geeraff|slp\n|\n|-ability|p2a: Espathra|Speed Boost|boost\n|-boost|p2a: Espathra|spe|1\n|upkeep\n|turn|4\n|\n|t:|1683864102\n|move|p2a: Espathra|Hypnosis|p1b: yippee\n|-status|p1b: yippee|slp|[from] move: Hypnosis\n|move|p2b: Sandy Shocks|Thunderbolt|p1a: geeraff\n|-damage|p1a: geeraff|40\/100 slp\n|cant|p1a: geeraff|slp\n|cant|p1b: yippee|slp\n|\n|-ability|p2a: Espathra|Speed Boost|boost\n|-boost|p2a: Espathra|spe|1\n|upkeep\n|turn|5\n|\n|t:|1683864127\n|move|p2a: Espathra|Lumina Crash|p1b: yippee\n|-resisted|p1b: yippee\n|-damage|p1b: yippee|50\/100 slp\n|-unboost|p1b: yippee|spd|2\n|move|p2b: Sandy Shocks|Thunderbolt|p1a: geeraff\n|-damage|p1a: geeraff|0 fnt\n|faint|p1a: geeraff\n|-curestatus|p1b: yippee|slp|[msg]\n|move|p1b: yippee|Dazzling Gleam|p2a: Espathra|[spread] p2a,p2b\n|-damage|p2a: Espathra|0 fnt\n|-damage|p2b: Sandy Shocks|4\/100\n|faint|p2a: Espathra\n|\n|upkeep\n|\n|t:|1683864140\n|switch|p2a: Scream Tail|Scream Tail, L50|100\/100\n|switch|p1a: yippoo|Armarouge, L50, F|100\/100\n|turn|6\n|\n|t:|1683864159\n|-terastallize|p1a: yippoo|Psychic\n|move|p2b: Sandy Shocks|Earth Power|p1a: yippoo\n|-damage|p1a: yippoo|37\/100\n|move|p2a: Scream Tail|Sing|p1a: yippoo\n|-status|p1a: yippoo|slp|[from] move: Sing\n|move|p1b: yippee|Dazzling Gleam|p2a: Scream Tail|[spread] p2a,p2b\n|-damage|p2a: Scream Tail|92\/100\n|-damage|p2b: Sandy Shocks|0 fnt\n|faint|p2b: Sandy Shocks\n|-end|p2b: Sandy Shocks|Protosynthesis|[silent]\n|cant|p1a: yippoo|slp\n|\n|-fieldend|move: Gravity\n|-fieldend|move: Psychic Terrain\n|upkeep\n|\n|t:|1683864172\n|switch|p2b: Scizor|Scizor, L50, M|100\/100\n|turn|7\n|\n|t:|1683864183\n|move|p2a: Scream Tail|Howl|p2a: Scream Tail|[spread] p2a,p2b\n|-boost|p2a: Scream Tail|atk|1\n|-boost|p2b: Scizor|atk|1\n|move|p2b: Scizor|U-turn|p1a: yippoo\n|-supereffective|p1a: yippoo\n|-damage|p1a: yippoo|0 fnt\n|faint|p1a: yippoo\n|-damage|p2b: Scizor|91\/100|[from] item: Life Orb\n|move|p1b: yippee|Trick Room|p1b: yippee\n|-fieldstart|move: Trick Room|[of] p1b: yippee\n|\n|upkeep\n|\n|t:|1683864188\n|switch|p1a: Don 2: number 2|Iron Hands, L50|100\/100\n|turn|8\n|\n|t:|1683864198\n|move|p2b: Scizor|Protect|p2b: Scizor\n|-singleturn|p2b: Scizor|Protect\n|move|p1a: Don 2: number 2|Fake Out|p2b: Scizor\n|-activate|p2b: Scizor|move: Protect\n|move|p1b: yippee|Psychic|p2b: Scizor\n|-activate|p2b: Scizor|move: Protect\n|move|p2a: Scream Tail|Trick Room|p2a: Scream Tail\n|-fieldend|move: Trick Room\n|\n|upkeep\n|turn|9\n|\n|t:|1683864218\n|move|p2b: Scizor|Bullet Punch|p1b: yippee\n|-damage|p1b: yippee|0 fnt\n|faint|p1b: yippee\n|-damage|p2b: Scizor|81\/100|[from] item: Life Orb\n|move|p2a: Scream Tail|Play Rough|p1a: Don 2: number 2\n|-supereffective|p1a: Don 2: number 2\n|-damage|p1a: Don 2: number 2|46\/100\n|move|p1a: Don 2: number 2|Wild Charge|p2a: Scream Tail\n|-damage|p2a: Scream Tail|52\/100\n|-damage|p1a: Don 2: number 2|37\/100|[from] Recoil\n|\n|upkeep\n|turn|10\n|\n|t:|1683864232\n|move|p2a: Scream Tail|Play Rough|p1a: Don 2: number 2\n|-supereffective|p1a: Don 2: number 2\n|-crit|p1a: Don 2: number 2\n|-damage|p1a: Don 2: number 2|0 fnt\n|faint|p1a: Don 2: number 2\n|-end|p1a: Don 2: number 2|Quark Drive|[silent]\n|\n|win|yungelghonami\n|raw|chelindaben's rating: 1020 → 1007<\/strong> (-13 for losing)\n|raw|yungelghonami's rating: 1027 → 1062<\/strong> (+35 for winning)\n|l|\u2606chelindaben\n","uploadtime":1683864240,"views":18,"p1id":"chelindaben","p2id":"yungelghonami","formatid":"gen9vgc2023regulationc","rating":1007,"private":0,"password":""}