{"id":"gen9vgc2023regulationc-1850648202","p1":"Jero 14","p2":"Kirovz","format":"[Gen 9] VGC 2023 Regulation C","log":"|j|\u2606Jero 14\n|j|\u2606Kirovz\n|t:|1682355930\n|gametype|doubles\n|player|p1|Jero 14|n|1218\n|player|p2|Kirovz|lance|1274\n|teamsize|p1|6\n|teamsize|p2|6\n|gen|9\n|tier|[Gen 9] VGC 2023 Regulation C\n|rated|\n|rule|Species Clause: Limit one of each Pok\u00e9mon\n|rule|Item Clause: Limit one of each item\n|clearpoke\n|poke|p1|Annihilape, L50, M|\n|poke|p1|Maushold-Four, L50|\n|poke|p1|Ting-Lu, L50|\n|poke|p1|Roaring Moon, L50|\n|poke|p1|Arcanine, L50, M|\n|poke|p1|Sylveon, L50, M|\n|poke|p2|Dondozo, L50, F|\n|poke|p2|Tatsugiri-Stretchy, L50, F|\n|poke|p2|Chi-Yu, L50|\n|poke|p2|Flutter Mane, L50|\n|poke|p2|Dragonite, L50, F|\n|poke|p2|Glimmora, L50, F|\n|teampreview|4\n|inactive|Battle timer is ON: inactive players will automatically lose when time's up. (requested by Jero 14)\n|inactive|Jero 14 has 60 seconds left.\n|inactive|Kirovz has 60 seconds left.\n|\n|t:|1682355986\n|start\n|switch|p1a: Annihilape|Annihilape, L50, M|100\/100\n|switch|p1b: Maushold|Maushold-Four, L50|100\/100\n|switch|p2a: Flutter Mane|Flutter Mane, L50|100\/100\n|switch|p2b: Glimmora|Glimmora, L50, F|100\/100\n|-enditem|p2a: Flutter Mane|Booster Energy\n|-activate|p2a: Flutter Mane|ability: Protosynthesis|[fromitem]\n|-start|p2a: Flutter Mane|protosynthesisspe\n|turn|1\n|inactive|Jero 14 has 30 seconds left.\n|\n|t:|1682356017\n|-terastallize|p1a: Annihilape|Fire\n|move|p2a: Flutter Mane|Substitute|p2a: Flutter Mane\n|-start|p2a: Flutter Mane|Substitute\n|-damage|p2a: Flutter Mane|76\/100\n|move|p1b: Maushold|Beat Up|p1a: Annihilape\n|-damage|p1a: Annihilape|99\/100\n|-damage|p1a: Annihilape|97\/100\n|-damage|p1a: Annihilape|94\/100\n|-damage|p1a: Annihilape|92\/100\n|-hitcount|p1a: Annihilape|4\n|move|p1a: Annihilape|Rage Fist|p2b: Glimmora\n|-enditem|p2b: Glimmora|Focus Sash\n|-damage|p2b: Glimmora|1\/100\n|-activate|p2b: Glimmora|ability: Toxic Debris\n|-sidestart|p1: Jero 14|move: Toxic Spikes\n|move|p2b: Glimmora|Toxic|p1a: Annihilape\n|-status|p1a: Annihilape|tox\n|\n|-heal|p1a: Annihilape|98\/100 tox|[from] item: Leftovers\n|-damage|p1a: Annihilape|92\/100 tox|[from] psn\n|upkeep\n|turn|2\n|inactive|Jero 14 has 30 seconds left.\n|\n|t:|1682356048\n|move|p2a: Flutter Mane|Protect|p2a: Flutter Mane\n|-singleturn|p2a: Flutter Mane|Protect\n|move|p2b: Glimmora|Spiky Shield|p2b: Glimmora\n|-singleturn|p2b: Glimmora|move: Protect\n|move|p1b: Maushold|Beat Up|p2b: Glimmora\n|-activate|p2b: Glimmora|move: Protect\n|move|p1a: Annihilape|Bulk Up|p1a: Annihilape\n|-boost|p1a: Annihilape|atk|1\n|-boost|p1a: Annihilape|def|1\n|\n|-heal|p1a: Annihilape|98\/100 tox|[from] item: Leftovers\n|-damage|p1a: Annihilape|86\/100 tox|[from] psn\n|upkeep\n|turn|3\n|inactive|Jero 14 has 30 seconds left.\n|inactive|Kirovz has 30 seconds left.\n|inactive|Jero 14 has 20 seconds left.\n|inactive|Jero 14 has 15 seconds left.\n|inactive|Jero 14 has 10 seconds left.\n|\n|t:|1682356095\n|-terastallize|p2a: Flutter Mane|Steel\n|move|p2a: Flutter Mane|Hex|p1a: Annihilape\n|-crit|p1a: Annihilape\n|-damage|p1a: Annihilape|8\/100 tox\n|move|p1b: Maushold|Beat Up|p2b: Glimmora\n|-damage|p2b: Glimmora|0 fnt\n|-activate|p2b: Glimmora|ability: Toxic Debris\n|-sidestart|p1: Jero 14|move: Toxic Spikes\n|faint|p2b: Glimmora\n|-hitcount|p2: Glimmora|1\n|move|p1a: Annihilape|Rage Fist|p2a: Flutter Mane\n|-end|p2a: Flutter Mane|Substitute\n|\n|-heal|p1a: Annihilape|14\/100 tox|[from] item: Leftovers\n|-damage|p1a: Annihilape|0 fnt|[from] psn\n|faint|p1a: Annihilape\n|upkeep\n|\n|t:|1682356120\n|switch|p1a: Ting-Lu|Ting-Lu, L50|100\/100\n|switch|p2b: Dondozo|Dondozo, L50, F|100\/100\n|-status|p1a: Ting-Lu|tox\n|-ability|p1a: Ting-Lu|Vessel of Ruin\n|turn|4\n|\n|t:|1682356136\n|move|p2a: Flutter Mane|Protect|p2a: Flutter Mane\n|-singleturn|p2a: Flutter Mane|Protect\n|move|p2b: Dondozo|Protect|p2b: Dondozo\n|-singleturn|p2b: Dondozo|Protect\n|move|p1b: Maushold|Taunt|p2b: Dondozo\n|-activate|p2b: Dondozo|move: Protect\n|move|p1a: Ting-Lu|Ruination|p2b: Dondozo\n|-activate|p2b: Dondozo|move: Protect\n|\n|-damage|p1a: Ting-Lu|94\/100 tox|[from] psn\n|upkeep\n|turn|5\n|\n|t:|1682356155\n|move|p2a: Flutter Mane|Substitute|p2a: Flutter Mane\n|-start|p2a: Flutter Mane|Substitute\n|-damage|p2a: Flutter Mane|51\/100\n|move|p1b: Maushold|Taunt|p2b: Dondozo\n|-start|p2b: Dondozo|move: Taunt\n|move|p1a: Ting-Lu|Ruination|p2b: Dondozo\n|-damage|p2b: Dondozo|50\/100\n|-enditem|p2b: Dondozo|Sitrus Berry|[eat]\n|-heal|p2b: Dondozo|75\/100|[from] item: Sitrus Berry\n|move|p2b: Dondozo|Wave Crash|p1b: Maushold\n|-damage|p1b: Maushold|45\/100\n|-damage|p2b: Dondozo|63\/100|[from] Recoil\n|\n|-damage|p1a: Ting-Lu|82\/100 tox|[from] psn\n|upkeep\n|turn|6\n|\n|t:|1682356180\n|move|p2a: Flutter Mane|Protect|p2a: Flutter Mane\n|-singleturn|p2a: Flutter Mane|Protect\n|move|p1b: Maushold|Protect|p1b: Maushold\n|-singleturn|p1b: Maushold|Protect\n|move|p1a: Ting-Lu|Stomping Tantrum|p2a: Flutter Mane\n|-activate|p2a: Flutter Mane|move: Protect\n|move|p2b: Dondozo|Wave Crash|p1a: Ting-Lu\n|-supereffective|p1a: Ting-Lu\n|-damage|p1a: Ting-Lu|49\/100 tox\n|-damage|p2b: Dondozo|51\/100|[from] Recoil\n|\n|-damage|p1a: Ting-Lu|31\/100 tox|[from] psn\n|upkeep\n|turn|7\n|inactive|Jero 14 has 30 seconds left.\n|\n|t:|1682356207\n|move|p1b: Maushold|Follow Me|p1b: Maushold\n|-singleturn|p1b: Maushold|move: Follow Me\n|move|p2a: Flutter Mane|Moonblast|p1b: Maushold\n|-damage|p1b: Maushold|0 fnt\n|faint|p1b: Maushold\n|move|p1a: Ting-Lu|Stomping Tantrum|p2a: Flutter Mane\n|-supereffective|p2a: Flutter Mane\n|-end|p2a: Flutter Mane|Substitute\n|move|p2b: Dondozo|Wave Crash|p1a: Ting-Lu\n|-supereffective|p1a: Ting-Lu\n|-damage|p1a: Ting-Lu|0 fnt\n|faint|p1a: Ting-Lu\n|-damage|p2b: Dondozo|41\/100|[from] Recoil\n|\n|-end|p2b: Dondozo|move: Taunt\n|upkeep\n|inactive|Jero 14 has 30 seconds left.\n|-message|Jero 14 forfeited.\n|\n|win|Kirovz\n|raw|Jero 14's rating: 1218 → 1197<\/strong> (-21 for losing)\n|raw|Kirovz's rating: 1274 → 1295<\/strong> (+21 for winning)\n|l|\u2606Jero 14\n","uploadtime":1682356236,"views":15,"p1id":"jero14","p2id":"kirovz","formatid":"gen9vgc2023regulationc","rating":1197,"private":0,"password":""}