{"id":"gen9vgc2023regulationc-1863464488","p1":"joe stalin vgc","p2":"pitibaby","format":"[Gen 9] VGC 2023 Regulation C","log":"|j|\u2606joe stalin vgc\n|j|\u2606pitibaby\n|t:|1684020815\n|gametype|doubles\n|player|p1|joe stalin vgc|n|1107\n|player|p2|pitibaby|102|1074\n|teamsize|p1|6\n|teamsize|p2|6\n|gen|9\n|tier|[Gen 9] VGC 2023 Regulation C\n|rated|\n|rule|Species Clause: Limit one of each Pok\u00e9mon\n|rule|Item Clause: Limit one of each item\n|clearpoke\n|poke|p1|Pelipper, L50, F|\n|poke|p1|Palafin, L50, F|\n|poke|p1|Amoonguss, L50, F|\n|poke|p1|Baxcalibur, L50, M|\n|poke|p1|Gholdengo, L50|\n|poke|p1|Flutter Mane, L50|\n|poke|p2|Roaring Moon, L50|\n|poke|p2|Gyarados, L50, F|\n|poke|p2|Flutter Mane, L50|\n|poke|p2|Chi-Yu, L50|\n|poke|p2|Iron Hands, L50|\n|poke|p2|Amoonguss, L50, F|\n|teampreview|4\n|inactive|Battle timer is ON: inactive players will automatically lose when time's up. (requested by pitibaby)\npitibaby rejected open team sheets.\n|inactive|joe stalin vgc has 60 seconds left.\n|inactive|pitibaby has 60 seconds left.\n|inactive|joe stalin vgc has 30 seconds left.\n|inactive|joe stalin vgc has 20 seconds left.\n|inactive|joe stalin vgc has 15 seconds left.\n|inactive|joe stalin vgc has 10 seconds left.\n|inactive|joe stalin vgc has 5 seconds left.\n|\n|t:|1684020906\n|start\n|switch|p1a: Pelipper|Pelipper, L50, F|100\/100\n|switch|p1b: Palafin|Palafin, L50, F|100\/100\n|switch|p2a: Iron Hands|Iron Hands, L50, shiny|100\/100\n|switch|p2b: Flutter Mane|Flutter Mane, L50, shiny|100\/100\n|-weather|RainDance|[from] ability: Drizzle|[of] p1a: Pelipper\n|turn|1\n|inactive|joe stalin vgc has 30 seconds left.\n|inactive|pitibaby has 30 seconds left.\n|inactive|joe stalin vgc has 20 seconds left.\n|inactive|joe stalin vgc has 15 seconds left.\n|inactive|joe stalin vgc has 10 seconds left.\n|inactive|pitibaby has 20 seconds left.\n|\n|t:|1684020954\n|-end|p2b: Flutter Mane|Protosynthesis|[silent]\n|switch|p2b: Amoonguss|Amoonguss, L50, F, shiny|100\/100\n|detailschange|p1b: Palafin|Palafin-Hero, L50, F\n|switch|p1b: Flutter Mane|Flutter Mane, L50|100\/100\n|-enditem|p1b: Flutter Mane|Booster Energy\n|-activate|p1b: Flutter Mane|ability: Protosynthesis|[fromitem]\n|-start|p1b: Flutter Mane|protosynthesisspa\n|-terastallize|p1a: Pelipper|Grass\n|move|p1a: Pelipper|Tailwind|p1a: Pelipper\n|-sidestart|p1: joe stalin vgc|move: Tailwind\n|move|p2a: Iron Hands|Wild Charge|p1a: Pelipper\n|-resisted|p1a: Pelipper\n|-damage|p1a: Pelipper|77\/100\n|-damage|p2a: Iron Hands|96\/100|[from] Recoil\n|\n|-weather|RainDance|[upkeep]\n|upkeep\n|turn|2\n|inactive|joe stalin vgc has 30 seconds left.\n|inactive|pitibaby has 30 seconds left.\n|inactive|joe stalin vgc has 20 seconds left.\n|inactive|joe stalin vgc has 15 seconds left.\n|inactive|pitibaby has 20 seconds left.\n|inactive|joe stalin vgc has 10 seconds left.\n|inactive|pitibaby has 15 seconds left.\n|\n|t:|1684021008\n|-terastallize|p2a: Iron Hands|Grass\n|move|p1b: Flutter Mane|Moonblast|p2a: Iron Hands\n|-damage|p2a: Iron Hands|57\/100\n|-unboost|p2a: Iron Hands|spa|1\n|move|p1a: Pelipper|Hurricane|p2b: Amoonguss\n|-supereffective|p2b: Amoonguss\n|-damage|p2b: Amoonguss|31\/100\n|move|p2a: Iron Hands|Heavy Slam|p1b: Flutter Mane\n|-supereffective|p1b: Flutter Mane\n|-damage|p1b: Flutter Mane|0 fnt\n|faint|p1b: Flutter Mane\n|-end|p1b: Flutter Mane|Protosynthesis|[silent]\n|move|p2b: Amoonguss|Pollen Puff|p2a: Iron Hands\n|-heal|p2a: Iron Hands|100\/100\n|\n|-weather|RainDance|[upkeep]\n|upkeep\n|\n|t:|1684021024\n|switch|p1b: Baxcalibur|Baxcalibur, L50, M|100\/100\n|turn|3\n|inactive|joe stalin vgc has 30 seconds left.\n|\n|t:|1684021052\n|switch|p2b: Gyarados|Gyarados, L50, F, shiny|100\/100\n|-ability|p2b: Gyarados|Intimidate|boost\n|-unboost|p1a: Pelipper|atk|1\n|-fail|p1b: Baxcalibur|unboost|[from] item: Clear Amulet|[of] p1b: Baxcalibur\n|move|p1b: Baxcalibur|Icicle Crash|p2a: Iron Hands\n|-supereffective|p2a: Iron Hands\n|-damage|p2a: Iron Hands|20\/100\n|move|p1a: Pelipper|Hurricane|p2b: Gyarados\n|-damage|p2b: Gyarados|66\/100\n|move|p2a: Iron Hands|Drain Punch|p1b: Baxcalibur\n|-supereffective|p1b: Baxcalibur\n|-damage|p1b: Baxcalibur|19\/100\n|-heal|p2a: Iron Hands|59\/100|[from] drain|[of] p1b: Baxcalibur\n|\n|-weather|RainDance|[upkeep]\n|upkeep\n|turn|4\n|inactive|joe stalin vgc has 30 seconds left.\n|inactive|pitibaby has 30 seconds left.\n|inactive|joe stalin vgc has 20 seconds left.\n|inactive|joe stalin vgc has 15 seconds left.\n|inactive|joe stalin vgc has 10 seconds left.\n|inactive|joe stalin vgc has 5 seconds left.\n|\n|t:|1684021104\n|-end|p2a: Iron Hands|Quark Drive|[silent]\n|switch|p2a: Flutter Mane|Flutter Mane, L50, shiny|100\/100\n|move|p2b: Gyarados|Protect|p2b: Gyarados\n|-singleturn|p2b: Gyarados|Protect\n|move|p1b: Baxcalibur|Icicle Crash|p2a: Flutter Mane\n|-damage|p2a: Flutter Mane|0 fnt\n|faint|p2a: Flutter Mane\n|-end|p2a: Flutter Mane|Protosynthesis|[silent]\n|move|p1a: Pelipper|Hurricane|p2b: Gyarados\n|-activate|p2b: Gyarados|move: Protect\n|\n|-weather|RainDance|[upkeep]\n|-sideend|p1: joe stalin vgc|move: Tailwind\n|upkeep\n|\n|t:|1684021115\n|switch|p2a: Iron Hands|Iron Hands, L50, shiny, tera:Grass|59\/100\n|turn|5\n|inactive|joe stalin vgc has 30 seconds left.\n|inactive|joe stalin vgc has 20 seconds left.\n|\n|t:|1684021152\n|move|p2a: Iron Hands|Fake Out|p1b: Baxcalibur\n|-damage|p1b: Baxcalibur|3\/100\n|cant|p1b: Baxcalibur|flinch\n|move|p2b: Gyarados|Waterfall|p1b: Baxcalibur\n|-resisted|p1b: Baxcalibur\n|-damage|p1b: Baxcalibur|0 fnt\n|faint|p1b: Baxcalibur\n|move|p1a: Pelipper|Hurricane|p2b: Gyarados\n|-damage|p2b: Gyarados|31\/100\n|-enditem|p2b: Gyarados|Sitrus Berry|[eat]\n|-heal|p2b: Gyarados|55\/100|[from] item: Sitrus Berry\n|\n|-weather|none\n|upkeep\n|\n|t:|1684021158\n|switch|p1b: Palafin|Palafin-Hero, L50, F|100\/100\n|-activate|p1b: Palafin|ability: Zero to Hero\n|turn|6\n|inactive|joe stalin vgc has 30 seconds left.\n|\n|t:|1684021187\n|-end|p2a: Iron Hands|Quark Drive|[silent]\n|switch|p2a: Amoonguss|Amoonguss, L50, F, shiny|64\/100\n|move|p1b: Palafin|Wave Crash|p2b: Gyarados\n|-resisted|p2b: Gyarados\n|-damage|p2b: Gyarados|15\/100\n|-damage|p1b: Palafin|87\/100|[from] Recoil\n|move|p2b: Gyarados|Thunder Wave|p1a: Pelipper\n|-status|p1a: Pelipper|par\n|cant|p1a: Pelipper|par\n|\n|upkeep\n|turn|7\n|inactive|joe stalin vgc has 30 seconds left.\n|inactive|pitibaby has 30 seconds left.\n|\n|t:|1684021213\n|move|p1b: Palafin|Substitute|p1b: Palafin\n|-start|p1b: Palafin|Substitute\n|-damage|p1b: Palafin|63\/100\n|move|p2b: Gyarados|Waterfall|p1b: Palafin\n|-resisted|p1b: Palafin\n|-activate|p1b: Palafin|move: Substitute|[damage]\n|move|p1a: Pelipper|Hurricane|p2b: Gyarados\n|-damage|p2b: Gyarados|0 fnt\n|faint|p2b: Gyarados\n|move|p2a: Amoonguss|Spore||[still]\n|-fail|p2a: Amoonguss\n|\n|upkeep\n|\n|t:|1684021223\n|switch|p2b: Iron Hands|Iron Hands, L50, shiny, tera:Grass|59\/100\n|turn|8\n|inactive|joe stalin vgc has 30 seconds left.\n|inactive|pitibaby has 30 seconds left.\n|inactive|joe stalin vgc has 20 seconds left.\n|inactive|pitibaby has 20 seconds left.\n|\n|t:|1684021264\n|move|p2b: Iron Hands|Fake Out|p1b: Palafin\n|-end|p1b: Palafin|Substitute\n|move|p1b: Palafin|Wave Crash|p2b: Iron Hands\n|-resisted|p2b: Iron Hands\n|-damage|p2b: Iron Hands|26\/100\n|-damage|p1b: Palafin|51\/100|[from] Recoil\n|move|p1a: Pelipper|Hurricane|p2b: Iron Hands|[miss]\n|-miss|p1a: Pelipper|p2b: Iron Hands\n|move|p2a: Amoonguss|Spore|p1b: Palafin\n|-status|p1b: Palafin|slp|[from] move: Spore\n|\n|upkeep\n|turn|9\n|inactive|pitibaby has 30 seconds left.\n|\n|t:|1684021292\n|cant|p1b: Palafin|slp\n|move|p2a: Amoonguss|Rage Powder|p2a: Amoonguss\n|-singleturn|p2a: Amoonguss|move: Rage Powder\n|move|p2b: Iron Hands|Drain Punch|p1a: Pelipper\n|-damage|p1a: Pelipper|38\/100 par\n|-heal|p2b: Iron Hands|40\/100|[from] drain|[of] p1a: Pelipper\n|move|p1a: Pelipper|Hurricane|p2b: Iron Hands\n|-supereffective|p2b: Iron Hands\n|-damage|p2b: Iron Hands|0 fnt\n|faint|p2b: Iron Hands\n|-end|p2b: Iron Hands|Quark Drive|[silent]\n|\n|upkeep\n|turn|10\n|-message|pitibaby forfeited.\n|\n|win|joe stalin vgc\n|raw|joe stalin vgc's rating: 1107 → 1130<\/strong> (+23 for winning)\n|raw|pitibaby's rating: 1074 → 1055<\/strong> (-19 for losing)\n|l|\u2606pitibaby\n","uploadtime":1684021444,"views":7,"p1id":"joestalinvgc","p2id":"pitibaby","formatid":"gen9vgc2023regulationc","rating":1055,"private":0,"password":""}