{"id":"gen9vgc2023regulationc-1854754333","p1":"kekeletanant","p2":"BlindMagneton","format":"[Gen 9] VGC 2023 Regulation C","log":"|j|\u2606kekeletanant\n|j|\u2606BlindMagneton\n|t:|1682861709\n|gametype|doubles\n|player|p1|kekeletanant|265|1182\n|player|p2|BlindMagneton|wattson|1113\n|teamsize|p1|6\n|teamsize|p2|6\n|gen|9\n|tier|[Gen 9] VGC 2023 Regulation C\n|rated|\n|rule|Species Clause: Limit one of each Pok\u00e9mon\n|rule|Item Clause: Limit one of each item\n|clearpoke\n|poke|p1|Flutter Mane, L50|\n|poke|p1|Tatsugiri, L50, M|\n|poke|p1|Dondozo, L50, F|\n|poke|p1|Flamigo, L50, M|\n|poke|p1|Garchomp, L50, M|\n|poke|p1|Gholdengo, L50|\n|poke|p2|Iron Bundle, L50|\n|poke|p2|Sandy Shocks, L50|\n|poke|p2|Ceruledge, L50, M|\n|poke|p2|Pelipper, L50, F|\n|poke|p2|Chien-Pao, L50|\n|poke|p2|Scizor, L50, F|\n|teampreview|4\n|\n|t:|1682861790\n|start\n|switch|p1a: Flutter Mane|Flutter Mane, L50|100\/100\n|switch|p1b: Tatsugiri|Tatsugiri, L50, M|100\/100\n|switch|p2a: Iron Bundle|Iron Bundle, L50|100\/100\n|switch|p2b: Ceruledge|Ceruledge, L50, M|100\/100\n|turn|1\n|inactive|Battle timer is ON: inactive players will automatically lose when time's up. (requested by kekeletanant)\n|\n|t:|1682861821\n|move|p1b: Tatsugiri|Protect|p1b: Tatsugiri\n|-singleturn|p1b: Tatsugiri|Protect\n|move|p2a: Iron Bundle|Flip Turn|p2b: Ceruledge\n|-supereffective|p2b: Ceruledge\n|-damage|p2b: Ceruledge|64\/100\n|-ability|p2b: Ceruledge|Weak Armor|boost\n|-unboost|p2b: Ceruledge|def|1\n|-boost|p2b: Ceruledge|spe|2\n|-enditem|p2b: Ceruledge|Weakness Policy\n|-boost|p2b: Ceruledge|atk|2|[from] item: Weakness Policy\n|-boost|p2b: Ceruledge|spa|2|[from] item: Weakness Policy\n|\n|t:|1682861832\n|-end|p2a: Iron Bundle|Quark Drive|[silent]\n|switch|p2a: Chien-Pao|Chien-Pao, L50|100\/100|[from] Flip Turn\n|-ability|p2a: Chien-Pao|Sword of Ruin\n|move|p2b: Ceruledge|Bitter Blade|p1a: Flutter Mane\n|-enditem|p1a: Flutter Mane|Focus Sash\n|-damage|p1a: Flutter Mane|1\/100\n|-heal|p2b: Ceruledge|99\/100|[from] drain|[of] p1a: Flutter Mane\n|move|p1a: Flutter Mane|Perish Song|p1a: Flutter Mane\n|-start|p1a: Flutter Mane|perish3|[silent]\n|-start|p1b: Tatsugiri|perish3|[silent]\n|-start|p2a: Chien-Pao|perish3|[silent]\n|-start|p2b: Ceruledge|perish3|[silent]\n|-fieldactivate|move: Perish Song\n|\n|-start|p2b: Ceruledge|perish3\n|-start|p1a: Flutter Mane|perish3\n|-start|p2a: Chien-Pao|perish3\n|-start|p1b: Tatsugiri|perish3\n|-status|p1b: Tatsugiri|tox|[from] item: Toxic Orb\n|upkeep\n|turn|2\n|inactive|BlindMagneton has 30 seconds left.\n|inactive|BlindMagneton has 20 seconds left.\n|inactive|BlindMagneton has 15 seconds left.\n|\n|t:|1682861876\n|-end|p1a: Flutter Mane|Protosynthesis|[silent]\n|switch|p1a: Dondozo|Dondozo, L50, F|100\/100\n|-activate|p1b: Tatsugiri|ability: Commander|[of] p1a: Dondozo\n|-boost|p1a: Dondozo|atk|2\n|-boost|p1a: Dondozo|spa|2\n|-boost|p1a: Dondozo|spe|2\n|-boost|p1a: Dondozo|def|2\n|-boost|p1a: Dondozo|spd|2\n|move|p2a: Chien-Pao|Sucker Punch||[still]\n|-fail|p2a: Chien-Pao\n|move|p2b: Ceruledge|Will-O-Wisp|p1a: Dondozo\n|-immune|p1a: Dondozo|[from] ability: Water Veil\n|\n|-damage|p1b: Tatsugiri|95\/100 tox|[from] psn\n|-start|p2b: Ceruledge|perish2\n|-start|p2a: Chien-Pao|perish2\n|-start|p1b: Tatsugiri|perish2\n|upkeep\n|turn|3\n|inactive|BlindMagneton has 30 seconds left.\n|inactive|BlindMagneton has 20 seconds left.\n|inactive|BlindMagneton has 15 seconds left.\n|\n|t:|1682861917\n|move|p2b: Ceruledge|Bitter Blade|p1a: Dondozo\n|-resisted|p1a: Dondozo\n|-damage|p1a: Dondozo|86\/100\n|-heal|p2b: Ceruledge|100\/100|[from] drain|[of] p1a: Dondozo\n|move|p2a: Chien-Pao|Haze|p2a: Chien-Pao\n|-clearallboost\n|move|p1a: Dondozo|Earthquake|p2b: Ceruledge|[spread] p2a,p2b\n|-miss|p1a: Dondozo|p1b: Tatsugiri\n|-supereffective|p2b: Ceruledge\n|-damage|p2a: Chien-Pao|72\/100\n|-damage|p2b: Ceruledge|38\/100\n|-ability|p2b: Ceruledge|Weak Armor|boost\n|-unboost|p2b: Ceruledge|def|1\n|-boost|p2b: Ceruledge|spe|2\n|\n|-heal|p1a: Dondozo|92\/100|[from] item: Leftovers\n|-damage|p1b: Tatsugiri|84\/100 tox|[from] psn\n|-start|p2b: Ceruledge|perish1\n|-start|p2a: Chien-Pao|perish1\n|-start|p1b: Tatsugiri|perish1\n|upkeep\n|turn|4\n|inactive|BlindMagneton has 30 seconds left.\n|\n|t:|1682861942\n|switch|p2b: Scizor|Scizor, L50, F|100\/100\n|switch|p2a: Iron Bundle|Iron Bundle, L50|100\/100\n|move|p1a: Dondozo|Earthquake|p2b: Scizor|[spread] p2a,p2b\n|-miss|p1a: Dondozo|p1b: Tatsugiri\n|-damage|p2a: Iron Bundle|75\/100\n|-damage|p2b: Scizor|77\/100\n|\n|-heal|p1a: Dondozo|99\/100|[from] item: Leftovers\n|-damage|p1b: Tatsugiri|67\/100 tox|[from] psn\n|-start|p1b: Tatsugiri|perish0\n|faint|p1b: Tatsugiri\n|upkeep\n|\n|t:|1682861961\n|switch|p1b: Flutter Mane|Flutter Mane, L50|1\/100\n|turn|5\n|\n|t:|1682861984\n|move|p2b: Scizor|Bullet Punch|p1b: Flutter Mane\n|-supereffective|p1b: Flutter Mane\n|-damage|p1b: Flutter Mane|0 fnt\n|faint|p1b: Flutter Mane\n|-end|p1b: Flutter Mane|Protosynthesis|[silent]\n|move|p2a: Iron Bundle|Flip Turn|p1a: Dondozo\n|-resisted|p1a: Dondozo\n|-damage|p1a: Dondozo|94\/100\n|\n|t:|1682862004\n|-end|p2a: Iron Bundle|Quark Drive|[silent]\n|switch|p2a: Chien-Pao|Chien-Pao, L50|72\/100|[from] Flip Turn\n|-ability|p2a: Chien-Pao|Sword of Ruin\n|move|p1a: Dondozo|Order Up|p2a: Chien-Pao\n|-damage|p2a: Chien-Pao|40\/100\n|-boost|p1a: Dondozo|atk|1\n|\n|-heal|p1a: Dondozo|99\/100|[from] item: Leftovers\n|upkeep\n|\n|t:|1682862015\n|switch|p1b: Flamigo|Flamigo, L50, M|100\/100\n|-copyboost|p1b: Flamigo|p1a: Dondozo|[from] ability: Costar\n|turn|6\n|\n|t:|1682862035\n|-terastallize|p1b: Flamigo|Steel\n|move|p2b: Scizor|Bullet Punch|p1b: Flamigo\n|-resisted|p1b: Flamigo\n|-damage|p1b: Flamigo|68\/100\n|move|p2a: Chien-Pao|Ice Spinner|p1b: Flamigo\n|-resisted|p1b: Flamigo\n|-damage|p1b: Flamigo|30\/100\n|move|p1b: Flamigo|Close Combat|p2a: Chien-Pao\n|-supereffective|p2a: Chien-Pao\n|-damage|p2a: Chien-Pao|0 fnt\n|-unboost|p1b: Flamigo|def|1\n|-unboost|p1b: Flamigo|spd|1\n|faint|p2a: Chien-Pao\n|move|p1a: Dondozo|Wave Crash|p2b: Scizor\n|-damage|p2b: Scizor|0 fnt\n|faint|p2b: Scizor\n|-damage|p1a: Dondozo|85\/100|[from] Recoil\n|\n|-heal|p1a: Dondozo|91\/100|[from] item: Leftovers\n|upkeep\n|\n|t:|1682862053\n|switch|p2a: Iron Bundle|Iron Bundle, L50|75\/100\n|switch|p2b: Ceruledge|Ceruledge, L50, M|38\/100\n|turn|7\n|inactive|BlindMagneton has 30 seconds left.\n|\n|t:|1682862080\n|-terastallize|p2a: Iron Bundle|Water\n|move|p2a: Iron Bundle|Freeze-Dry|p1b: Flamigo\n|-resisted|p1b: Flamigo\n|-damage|p1b: Flamigo|0 fnt\n|faint|p1b: Flamigo\n|move|p2b: Ceruledge|Phantom Force||[still]\n|-prepare|p2b: Ceruledge|Phantom Force\n|move|p1a: Dondozo|Earthquake|p2a: Iron Bundle|[spread] p2a\n|-miss|p1a: Dondozo|p2b: Ceruledge\n|-damage|p2a: Iron Bundle|33\/100\n|\n|-heal|p1a: Dondozo|97\/100|[from] item: Leftovers\n|upkeep\n|turn|8\n|\n|t:|1682862096\n|move|p2a: Iron Bundle|Freeze-Dry|p1a: Dondozo\n|-supereffective|p1a: Dondozo\n|-damage|p1a: Dondozo|0 fnt\n|faint|p1a: Dondozo\n|\n|win|BlindMagneton\n|raw|kekeletanant's rating: 1182 → 1152<\/strong> (-30 for losing)\n|raw|BlindMagneton's rating: 1113 → 1143<\/strong> (+30 for winning)\n|l|\u2606kekeletanant\n","uploadtime":1682862104,"views":14,"p1id":"kekeletanant","p2id":"blindmagneton","formatid":"gen9vgc2023regulationc","rating":1143,"private":0,"password":""}