{"id":"gen9vgc2023regulationc-1851950668","p1":"usernameinserted","p2":"hysaaron","format":"[Gen 9] VGC 2023 Regulation C","log":"|j|\u2606usernameinserted\n|j|\u2606hysaaron\n|t:|1682510130\n|gametype|doubles\n|player|p1|usernameinserted|2|1125\n|player|p2|hysaaron|1|1208\n|teamsize|p1|6\n|teamsize|p2|6\n|gen|9\n|tier|[Gen 9] VGC 2023 Regulation C\n|rated|\n|rule|Species Clause: Limit one of each Pok\u00e9mon\n|rule|Item Clause: Limit one of each item\n|clearpoke\n|poke|p1|Rabsca, L50, F|\n|poke|p1|Garganacl, L50, F|\n|poke|p1|Iron Moth, L50|\n|poke|p1|Annihilape, L50, F|\n|poke|p1|Houndstone, L50, M|\n|poke|p1|Flamigo, L50, F|\n|poke|p2|Chien-Pao, L50|\n|poke|p2|Dragonite, L50, F|\n|poke|p2|Palafin, L50, M|\n|poke|p2|Arcanine, L50, F|\n|poke|p2|Amoonguss, L50, F|\n|poke|p2|Ting-Lu, L50|\n|teampreview|4\n|inactive|Battle timer is ON: inactive players will automatically lose when time's up. (requested by usernameinserted)\n|j| bigbruh445\n|inactive|hysaaron has 60 seconds left.\n|\n|t:|1682510172\n|start\n|switch|p1a: Annihilape|Annihilape, L50, F|100\/100\n|switch|p1b: Rabsca|Rabsca, L50, F|100\/100\n|switch|p2a: Chien-Pao|Chien-Pao, L50|100\/100\n|switch|p2b: Dragonite|Dragonite, L50, F, shiny|100\/100\n|-ability|p2a: Chien-Pao|Sword of Ruin\n|turn|1\n|inactive|hysaaron has 30 seconds left.\n|inactive|usernameinserted has 30 seconds left.\n|inactive|hysaaron has 20 seconds left.\n|inactive|hysaaron has 15 seconds left.\n|inactive|hysaaron has 10 seconds left.\n|inactive|hysaaron has 5 seconds left.\n|\n|t:|1682510223\n|switch|p2b: Amoonguss|Amoonguss, L50, F, shiny|100\/100\n|move|p2a: Chien-Pao|Protect|p2a: Chien-Pao\n|-singleturn|p2a: Chien-Pao|Protect\n|move|p1a: Annihilape|Final Gambit|p2a: Chien-Pao\n|-activate|p2a: Chien-Pao|move: Protect\n|move|p1b: Rabsca|Trick Room|p1b: Rabsca\n|-fieldstart|move: Trick Room|[of] p1b: Rabsca\n|\n|upkeep\n|turn|2\n|inactive|hysaaron has 30 seconds left.\n|inactive|hysaaron has 20 seconds left.\n|inactive|hysaaron has 15 seconds left.\n|inactive|hysaaron has 10 seconds left.\n|\n|t:|1682510269\n|switch|p1b: Garganacl|Garganacl, L50, F|100\/100\n|switch|p2a: Ting-Lu|Ting-Lu, L50|100\/100\n|-ability|p2a: Ting-Lu|Vessel of Ruin\n|move|p2b: Amoonguss|Spore|p1a: Annihilape\n|-status|p1a: Annihilape|slp|[from] move: Spore\n|cant|p1a: Annihilape|slp\n|\n|upkeep\n|turn|3\n|inactive|hysaaron has 30 seconds left.\n|inactive|hysaaron has 20 seconds left.\n|inactive|hysaaron has 15 seconds left.\n|\n|t:|1682510311\n|-terastallize|p1b: Garganacl|Normal\n|move|p2b: Amoonguss|Pollen Puff|p1b: Garganacl\n|-damage|p1b: Garganacl|87\/100\n|move|p1b: Garganacl|Explosion|p2b: Amoonguss|[spread] p2a,p2b\n|-immune|p1a: Annihilape\n|-damage|p2a: Ting-Lu|16\/100\n|-damage|p2b: Amoonguss|7\/100\n|faint|p1b: Garganacl\n|move|p2a: Ting-Lu|Ruination|p1a: Annihilape\n|-damage|p1a: Annihilape|51\/100 slp\n|-curestatus|p1a: Annihilape|slp|[msg]\n|move|p1a: Annihilape|Final Gambit|p2a: Ting-Lu\n|-damage|p2a: Ting-Lu|0 fnt\n|faint|p1a: Annihilape\n|faint|p2a: Ting-Lu\n|\n|upkeep\n|inactive|hysaaron has 30 seconds left.\n|\n|t:|1682510339\n|switch|p1b: Rabsca|Rabsca, L50, F|100\/100\n|switch|p2a: Dragonite|Dragonite, L50, F, shiny|100\/100\n|switch|p1a: Flamigo|Flamigo, L50, F|100\/100\n|turn|4\n|inactive|hysaaron has 30 seconds left.\n|inactive|hysaaron has 20 seconds left.\n|\n|t:|1682510377\n|move|p2a: Dragonite|Protect|p2a: Dragonite\n|-singleturn|p2a: Dragonite|Protect\n|move|p2b: Amoonguss|Spore|p1a: Flamigo\n|-status|p1a: Flamigo|slp|[from] move: Spore\n|move|p1b: Rabsca|Revival Blessing|p1b: Rabsca\n|-enditem|p1b: Rabsca|Leppa Berry|[eat]\n|-activate|p1b: Rabsca|item: Leppa Berry|Revival Blessing|[consumed]\n|\n|t:|1682510384\n|-heal|p1: Garganacl|50\/100|[from] move: Revival Blessing\n|cant|p1a: Flamigo|slp\n|\n|upkeep\n|turn|5\n|inactive|usernameinserted has 30 seconds left.\n|\n|t:|1682510414\n|switch|p2b: Chien-Pao|Chien-Pao, L50|100\/100\n|-ability|p2b: Chien-Pao|Sword of Ruin\n|-terastallize|p2a: Dragonite|Flying\n|move|p1b: Rabsca|Memento|p2a: Dragonite\n|-unboost|p2a: Dragonite|atk|2\n|-unboost|p2a: Dragonite|spa|2\n|faint|p1b: Rabsca\n|move|p2a: Dragonite|Tera Blast|p1a: Flamigo\n|-supereffective|p1a: Flamigo\n|-damage|p1a: Flamigo|0 fnt\n|faint|p1a: Flamigo\n|\n|-fieldend|move: Trick Room\n|upkeep\n|\n|t:|1682510428\n|switch|p1b: Garganacl|Garganacl, L50, F|50\/100\n|turn|6\n|\n|t:|1682510442\n|switch|p2a: Amoonguss|Amoonguss, L50, F, shiny|41\/100\n|move|p2b: Chien-Pao|Sacred Sword|p1b: Garganacl\n|-supereffective|p1b: Garganacl\n|-damage|p1b: Garganacl|0 fnt\n|faint|p1b: Garganacl\n|\n|win|hysaaron\n|raw|usernameinserted's rating: 1125 → 1106<\/strong> (-19 for losing)\n|raw|hysaaron's rating: 1208 → 1227<\/strong> (+19 for winning)\n|l| bigbruh445\n","uploadtime":1682510456,"views":14,"p1id":"usernameinserted","p2id":"hysaaron","formatid":"gen9vgc2023regulationc","rating":1106,"private":0,"password":""}