{"id":"gen9vgc2023regulationc-1848050995","p1":"throwaway0988","p2":"QrdeJegoMac","format":"[Gen 9] VGC 2023 Regulation C","log":"|j|\u2606throwaway0988\n|j|\u2606QrdeJegoMac\n|t:|1682024326\n|gametype|doubles\n|player|p1|throwaway0988|101|1491\n|player|p2|QrdeJegoMac|102|1568\n|teamsize|p1|6\n|teamsize|p2|6\n|gen|9\n|tier|[Gen 9] VGC 2023 Regulation C\n|rated|\n|rule|Species Clause: Limit one of each Pok\u00e9mon\n|rule|Item Clause: Limit one of each item\n|clearpoke\n|poke|p1|Dondozo, L50, M|\n|poke|p1|Pelipper, L50, F|\n|poke|p1|Tatsugiri, L50, F|\n|poke|p1|Iron Hands, L50|\n|poke|p1|Pawmot, L50, F|\n|poke|p1|Garganacl, L50, M|\n|poke|p2|Murkrow, L50, F|\n|poke|p2|Chi-Yu, L50|\n|poke|p2|Flutter Mane, L50|\n|poke|p2|Great Tusk, L50|\n|poke|p2|Brute Bonnet, L50|\n|poke|p2|Corviknight, L50, M|\n|teampreview|4\n|inactive|Battle timer is ON: inactive players will automatically lose when time's up. (requested by QrdeJegoMac)\n|inactive|throwaway0988 also wants the timer to be on.\n|\n|t:|1682024344\n|start\n|switch|p1a: Dondozo|Dondozo, L50, M|100\/100\n|switch|p1b: Pelipper|Pelipper, L50, F|100\/100\n|switch|p2a: Great Tusk|Great Tusk, L50|100\/100\n|switch|p2b: Murkrow|Murkrow, L50, F, shiny|100\/100\n|-weather|RainDance|[from] ability: Drizzle|[of] p1b: Pelipper\n|turn|1\n|\n|t:|1682024354\n|switch|p1b: Tatsugiri|Tatsugiri, L50, F|100\/100\n|-activate|p1b: Tatsugiri|ability: Commander|[of] p1a: Dondozo\n|-boost|p1a: Dondozo|atk|2\n|-boost|p1a: Dondozo|spa|2\n|-boost|p1a: Dondozo|spe|2\n|-boost|p1a: Dondozo|def|2\n|-boost|p1a: Dondozo|spd|2\n|-terastallize|p2a: Great Tusk|Steel\n|move|p2b: Murkrow|Sunny Day|p2b: Murkrow\n|-weather|SunnyDay\n|-activate|p2a: Great Tusk|ability: Protosynthesis\n|-start|p2a: Great Tusk|protosynthesisatk\n|move|p2a: Great Tusk|Headlong Rush|p1a: Dondozo\n|-damage|p1a: Dondozo|69\/100\n|-unboost|p2a: Great Tusk|def|1\n|-unboost|p2a: Great Tusk|spd|1\n|move|p1a: Dondozo|Surf|p2b: Murkrow|[spread] p2a,p2b\n|-miss|p1a: Dondozo|p1b: Tatsugiri\n|-damage|p2a: Great Tusk|46\/100\n|-damage|p2b: Murkrow|59\/100\n|\n|-weather|SunnyDay|[upkeep]\n|upkeep\n|turn|2\n|\n|t:|1682024368\n|-end|p2a: Great Tusk|Protosynthesis|[silent]\n|switch|p2a: Brute Bonnet|Brute Bonnet, L50|100\/100\n|-activate|p2a: Brute Bonnet|ability: Protosynthesis\n|-start|p2a: Brute Bonnet|protosynthesisatk\n|move|p2b: Murkrow|Haze|p2b: Murkrow\n|-clearallboost\n|move|p1a: Dondozo|Surf|p2b: Murkrow|[spread] p2a,p2b\n|-miss|p1a: Dondozo|p1b: Tatsugiri\n|-resisted|p2a: Brute Bonnet\n|-damage|p2a: Brute Bonnet|92\/100\n|-damage|p2b: Murkrow|38\/100\n|\n|-weather|SunnyDay|[upkeep]\n|upkeep\n|turn|3\n|\n|t:|1682024380\n|move|p2b: Murkrow|Foul Play|p1a: Dondozo\n|-damage|p1a: Dondozo|50\/100\n|move|p2a: Brute Bonnet|Spore|p1a: Dondozo\n|-status|p1a: Dondozo|slp|[from] move: Spore\n|cant|p1a: Dondozo|slp\n|\n|-weather|SunnyDay|[upkeep]\n|upkeep\n|turn|4\n|\n|t:|1682024389\n|move|p2b: Murkrow|Tailwind|p2b: Murkrow\n|-sidestart|p2: QrdeJegoMac|move: Tailwind\n|move|p2a: Brute Bonnet|Bullet Seed|p1a: Dondozo\n|-supereffective|p1a: Dondozo\n|-damage|p1a: Dondozo|24\/100 slp\n|-supereffective|p1a: Dondozo\n|-damage|p1a: Dondozo|0 fnt\n|faint|p1a: Dondozo\n|-hitcount|p1: Dondozo|2\n|\n|-weather|SunnyDay|[upkeep]\n|upkeep\n|\n|t:|1682024398\n|switch|p1a: Garganacl|Garganacl, L50, M|100\/100\n|turn|5\n|j| CJMTT\n|\n|t:|1682024421\n|switch|p2b: Flutter Mane|Flutter Mane, L50|100\/100\n|-activate|p2b: Flutter Mane|ability: Protosynthesis\n|-start|p2b: Flutter Mane|protosynthesisspa\n|-terastallize|p1a: Garganacl|Poison\n|move|p1b: Tatsugiri|Draco Meteor|p2a: Brute Bonnet\n|-damage|p2a: Brute Bonnet|30\/100\n|-unboost|p1b: Tatsugiri|spa|2\n|move|p2a: Brute Bonnet|Bullet Seed|p1a: Garganacl\n|-resisted|p1a: Garganacl\n|-damage|p1a: Garganacl|94\/100\n|-resisted|p1a: Garganacl\n|-crit|p1a: Garganacl\n|-damage|p1a: Garganacl|84\/100\n|-resisted|p1a: Garganacl\n|-damage|p1a: Garganacl|78\/100\n|-resisted|p1a: Garganacl\n|-damage|p1a: Garganacl|72\/100\n|-hitcount|p1a: Garganacl|4\n|move|p1a: Garganacl|Salt Cure|p2a: Brute Bonnet\n|-damage|p2a: Brute Bonnet|17\/100\n|-start|p2a: Brute Bonnet|Salt Cure\n|\n|-weather|none\n|-end|p2b: Flutter Mane|Protosynthesis\n|-end|p2a: Brute Bonnet|Protosynthesis\n|-heal|p1a: Garganacl|77\/100|[from] item: Leftovers\n|-damage|p2a: Brute Bonnet|5\/100|[from] Salt Cure\n|upkeep\n|turn|6\n|inactive|QrdeJegoMac has 30 seconds left.\n|l| CJMTT\n|\n|t:|1682024452\n|switch|p1b: Pelipper|Pelipper, L50, F|100\/100\n|-weather|RainDance|[from] ability: Drizzle|[of] p1b: Pelipper\n|move|p2a: Brute Bonnet|Rage Powder|p2a: Brute Bonnet\n|-singleturn|p2a: Brute Bonnet|move: Rage Powder\n|move|p2b: Flutter Mane|Psyshock|p1a: Garganacl\n|-supereffective|p1a: Garganacl\n|-damage|p1a: Garganacl|14\/100\n|move|p1a: Garganacl|Salt Cure|p2a: Brute Bonnet\n|-crit|p2a: Brute Bonnet\n|-damage|p2a: Brute Bonnet|0 fnt\n|faint|p2a: Brute Bonnet\n|-end|p2a: Brute Bonnet|Protosynthesis|[silent]\n|\n|-weather|RainDance|[upkeep]\n|-heal|p1a: Garganacl|19\/100|[from] item: Leftovers\n|upkeep\n|\n|t:|1682024459\n|switch|p2a: Murkrow|Murkrow, L50, F, shiny|38\/100\n|turn|7\n|\n|t:|1682024480\n|move|p1a: Garganacl|Protect|p1a: Garganacl\n|-singleturn|p1a: Garganacl|Protect\n|move|p2a: Murkrow|Sunny Day|p2a: Murkrow\n|-weather|SunnyDay\n|-activate|p2b: Flutter Mane|ability: Protosynthesis\n|-start|p2b: Flutter Mane|protosynthesisspa\n|move|p2b: Flutter Mane|Psyshock|p1b: Pelipper\n|-damage|p1b: Pelipper|50\/100\n|move|p1b: Pelipper|Hydro Pump|p2b: Flutter Mane\n|-crit|p2b: Flutter Mane\n|-damage|p2b: Flutter Mane|69\/100\n|\n|-weather|SunnyDay|[upkeep]\n|-heal|p1a: Garganacl|25\/100|[from] item: Leftovers\n|-sideend|p2: QrdeJegoMac|move: Tailwind\n|upkeep\n|turn|8\n|\n|t:|1682024495\n|move|p2a: Murkrow|Tailwind|p2a: Murkrow\n|-sidestart|p2: QrdeJegoMac|move: Tailwind\n|move|p2b: Flutter Mane|Psyshock|p1a: Garganacl\n|-supereffective|p1a: Garganacl\n|-damage|p1a: Garganacl|0 fnt\n|faint|p1a: Garganacl\n|move|p1b: Pelipper|Hurricane|p2b: Flutter Mane\n|-damage|p2b: Flutter Mane|27\/100\n|-start|p2b: Flutter Mane|confusion\n|\n|-weather|SunnyDay|[upkeep]\n|upkeep\n|\n|t:|1682024505\n|switch|p1a: Tatsugiri|Tatsugiri, L50, F|100\/100\n|turn|9\n|inactive|QrdeJegoMac has 30 seconds left.\n|\n|t:|1682024531\n|-activate|p2b: Flutter Mane|confusion\n|-damage|p2b: Flutter Mane|19\/100|[from] confusion\n|move|p2a: Murkrow|Foul Play|p1a: Tatsugiri\n|-damage|p1a: Tatsugiri|77\/100\n|move|p1a: Tatsugiri|Icy Wind|p2b: Flutter Mane|[spread] p2a,p2b\n|-supereffective|p2a: Murkrow\n|-damage|p2a: Murkrow|5\/100\n|-damage|p2b: Flutter Mane|4\/100\n|-unboost|p2a: Murkrow|spe|1\n|-unboost|p2b: Flutter Mane|spe|1\n|move|p1b: Pelipper|Tailwind|p1b: Pelipper\n|-sidestart|p1: throwaway0988|move: Tailwind\n|\n|-weather|SunnyDay|[upkeep]\n|upkeep\n|turn|10\n|\n|t:|1682024549\n|move|p1b: Pelipper|Protect|p1b: Pelipper\n|-singleturn|p1b: Pelipper|Protect\n|move|p2a: Murkrow|Haze|p2a: Murkrow\n|-clearallboost\n|move|p1a: Tatsugiri|Icy Wind|p2a: Murkrow|[spread] p2a,p2b\n|-supereffective|p2a: Murkrow\n|-damage|p2a: Murkrow|0 fnt\n|-damage|p2b: Flutter Mane|0 fnt\n|faint|p2a: Murkrow\n|faint|p2b: Flutter Mane\n|-end|p2b: Flutter Mane|Protosynthesis|[silent]\n|\n|-weather|SunnyDay|[upkeep]\n|upkeep\n|\n|t:|1682024554\n|switch|p2b: Great Tusk|Great Tusk, L50, tera:Steel|46\/100\n|-activate|p2b: Great Tusk|ability: Protosynthesis\n|-start|p2b: Great Tusk|protosynthesisatk\n|turn|11\n|\n|t:|1682024565\n|move|p1a: Tatsugiri|Icy Wind|p2b: Great Tusk\n|-resisted|p2b: Great Tusk\n|-damage|p2b: Great Tusk|31\/100\n|-unboost|p2b: Great Tusk|spe|1\n|move|p2b: Great Tusk|Rock Slide|p1b: Pelipper|[spread] p1a,p1b\n|-supereffective|p1b: Pelipper\n|-damage|p1a: Tatsugiri|23\/100\n|-damage|p1b: Pelipper|0 fnt\n|faint|p1b: Pelipper\n|\n|-weather|none\n|-end|p2b: Great Tusk|Protosynthesis\n|-sideend|p2: QrdeJegoMac|move: Tailwind\n|upkeep\n|turn|12\n|c|\u2606QrdeJegoMac|i hate how this could've been decided by that confusion\n|\n|t:|1682024584\n|move|p1a: Tatsugiri|Icy Wind|p2b: Great Tusk\n|-resisted|p2b: Great Tusk\n|-damage|p2b: Great Tusk|17\/100\n|-unboost|p2b: Great Tusk|spe|1\n|move|p2b: Great Tusk|Rock Slide|p1a: Tatsugiri\n|-damage|p1a: Tatsugiri|0 fnt\n|faint|p1a: Tatsugiri\n|\n|win|QrdeJegoMac\n|raw|throwaway0988's rating: 1491 → 1475<\/strong> (-16 for losing)\n|raw|QrdeJegoMac's rating: 1568 → 1584<\/strong> (+16 for winning)\n|c|\u2606QrdeJegoMac|gg\n","uploadtime":1682024593,"views":9,"p1id":"throwaway0988","p2id":"qrdejegomac","formatid":"gen9vgc2023regulationc","rating":1475,"private":0,"password":""}