{"id":"gen9vgc2023regulationc-1852441408","p1":"CraftyPuddle","p2":"HoldaUno","format":"[Gen 9] VGC 2023 Regulation C","log":"|j|\u2606CraftyPuddle\n|j|\u2606HoldaUno\n|t:|1682558023\n|gametype|doubles\n|player|p1|CraftyPuddle|hilda|1102\n|player|p2|HoldaUno|102|1000\n|teamsize|p1|6\n|teamsize|p2|6\n|gen|9\n|tier|[Gen 9] VGC 2023 Regulation C\n|rated|\n|rule|Species Clause: Limit one of each Pok\u00e9mon\n|rule|Item Clause: Limit one of each item\n|clearpoke\n|poke|p1|Zangoose, L50, F|\n|poke|p1|Amoonguss, L50, F|\n|poke|p1|Maushold-Four, L50|\n|poke|p1|Dragapult, L50, F|\n|poke|p1|Flamigo, L50, M|\n|poke|p1|Haxorus, L50, M|\n|poke|p2|Mudbray, L50, M|\n|poke|p2|Gengar, L50, F|\n|poke|p2|Dugtrio, L50, F|\n|poke|p2|Lycanroc-Midnight, L50, M|\n|poke|p2|Indeedee-F, L50, F|\n|poke|p2|Sableye, L50, M|\n|teampreview|4\n|inactive|Battle timer is ON: inactive players will automatically lose when time's up. (requested by CraftyPuddle)\n|inactive|CraftyPuddle has 60 seconds left.\n|\n|t:|1682558056\n|start\n|switch|p1a: Zangoose|Zangoose, L50, F|100\/100\n|switch|p1b: Maushold|Maushold-Four, L50|100\/100\n|switch|p2a: Sableye|Sableye, L50, M, shiny|100\/100\n|switch|p2b: Gengar|Gengar, L50, F, shiny|100\/100\n|turn|1\n|inactive|HoldaUno has 30 seconds left.\n|\n|t:|1682558091\n|move|p2b: Gengar|Protect|p2b: Gengar\n|-singleturn|p2b: Gengar|Protect\n|move|p1b: Maushold|Follow Me|p1b: Maushold\n|-singleturn|p1b: Maushold|move: Follow Me\n|move|p2a: Sableye|Imprison|p2a: Sableye\n|-start|p2a: Sableye|move: Imprison\n|move|p1a: Zangoose|Belly Drum|p1a: Zangoose\n|-damage|p1a: Zangoose|50\/100\n|-setboost|p1a: Zangoose|atk|6|[from] move: Belly Drum\n|-enditem|p1a: Zangoose|Sitrus Berry|[eat]\n|-heal|p1a: Zangoose|75\/100|[from] item: Sitrus Berry\n|\n|upkeep\n|turn|2\n|inactive|HoldaUno has 30 seconds left.\n|\n|t:|1682558117\n|switch|p2a: Dugtrio|Dugtrio, L50, F, shiny|100\/100\n|move|p1b: Maushold|Follow Me|p1b: Maushold\n|-singleturn|p1b: Maushold|move: Follow Me\n|move|p1a: Zangoose|Baton Pass|p1a: Zangoose\n|\n|t:|1682558122\n|switch|p1a: Dragapult|Dragapult, L50, F|100\/100|[from] Baton Pass\n|move|p2b: Gengar|Perish Song|p2b: Gengar\n|-start|p1a: Dragapult|perish3|[silent]\n|-start|p1b: Maushold|perish3|[silent]\n|-start|p2a: Dugtrio|perish3|[silent]\n|-start|p2b: Gengar|perish3|[silent]\n|-fieldactivate|move: Perish Song\n|\n|-start|p1a: Dragapult|perish3\n|-start|p2a: Dugtrio|perish3\n|-start|p1b: Maushold|perish3\n|-start|p2b: Gengar|perish3\n|upkeep\n|turn|3\n|\n|t:|1682558135\n|move|p1b: Maushold|Helping Hand|p1a: Dragapult\n|-singleturn|p1a: Dragapult|Helping Hand|[of] p1b: Maushold\n|move|p2b: Gengar|Protect|p2b: Gengar\n|-singleturn|p2b: Gengar|Protect\n|move|p1a: Dragapult|Dragon Darts|p2a: Dugtrio\n|-damage|p2a: Dugtrio|0 fnt\n|faint|p2a: Dugtrio\n|\n|-start|p1a: Dragapult|perish2\n|-start|p1b: Maushold|perish2\n|-start|p2b: Gengar|perish2\n|upkeep\n|\n|t:|1682558145\n|switch|p2a: Lycanroc|Lycanroc-Midnight, L50, M, shiny|100\/100\n|turn|4\n|\n|t:|1682558155\n|switch|p2b: Sableye|Sableye, L50, M, shiny|100\/100\n|-terastallize|p2a: Lycanroc|Fairy\n|move|p1b: Maushold|Helping Hand|p1a: Dragapult\n|-singleturn|p1a: Dragapult|Helping Hand|[of] p1b: Maushold\n|move|p1a: Dragapult|Dragon Darts|p2b: Sableye\n|-enditem|p2b: Sableye|Focus Sash\n|-damage|p2b: Sableye|1\/100\n|-anim|p1a: Dragapult|Dragon Darts|p2b: Sableye\n|-damage|p2b: Sableye|0 fnt\n|faint|p2b: Sableye\n|move|p2a: Lycanroc|Play Rough|p1a: Dragapult\n|-supereffective|p1a: Dragapult\n|-damage|p1a: Dragapult|39\/100\n|\n|-start|p1a: Dragapult|perish1\n|-start|p1b: Maushold|perish1\n|upkeep\n|\n|t:|1682558165\n|switch|p2b: Gengar|Gengar, L50, F, shiny|100\/100\n|turn|5\n|inactive|CraftyPuddle has 30 seconds left.\n|\n|t:|1682558194\n|switch|p1b: Zangoose|Zangoose, L50, F|75\/100\n|-terastallize|p1a: Dragapult|Fire\n|move|p2b: Gengar|Protect|p2b: Gengar\n|-singleturn|p2b: Gengar|Protect\n|move|p2a: Lycanroc|Protect|p2a: Lycanroc\n|-singleturn|p2a: Lycanroc|Protect\n|move|p1a: Dragapult|Tera Blast|p2a: Lycanroc\n|-activate|p2a: Lycanroc|move: Protect\n|\n|-start|p1a: Dragapult|perish0\n|faint|p1a: Dragapult\n|upkeep\n|\n|t:|1682558208\n|switch|p1a: Amoonguss|Amoonguss, L50, F|100\/100\n|turn|6\n|\n|t:|1682558221\n|move|p1a: Amoonguss|Rage Powder|p1a: Amoonguss\n|-singleturn|p1a: Amoonguss|move: Rage Powder\n|move|p1b: Zangoose|Belly Drum|p1b: Zangoose\n|-damage|p1b: Zangoose|25\/100\n|-setboost|p1b: Zangoose|atk|6|[from] move: Belly Drum\n|move|p2b: Gengar|Icy Wind|p1b: Zangoose|[spread] p1a,p1b\n|-supereffective|p1a: Amoonguss\n|-crit|p1b: Zangoose\n|-damage|p1a: Amoonguss|85\/100\n|-damage|p1b: Zangoose|9\/100\n|-unboost|p1a: Amoonguss|spe|1\n|-unboost|p1b: Zangoose|spe|1\n|move|p2a: Lycanroc|Rock Slide|p1b: Zangoose|[spread] p1a,p1b\n|-damage|p1a: Amoonguss|63\/100\n|-damage|p1b: Zangoose|0 fnt\n|faint|p1b: Zangoose\n|\n|upkeep\n|\n|t:|1682558235\n|switch|p1b: Maushold|Maushold-Four, L50|100\/100\n|turn|7\n|\n|t:|1682558251\n|move|p1b: Maushold|Protect|p1b: Maushold\n|-singleturn|p1b: Maushold|Protect\n|move|p2b: Gengar|Protect|p2b: Gengar\n|-singleturn|p2b: Gengar|Protect\n|move|p2a: Lycanroc|Protect|p2a: Lycanroc\n|-singleturn|p2a: Lycanroc|Protect\n|move|p1a: Amoonguss|Spore|p2a: Lycanroc\n|-activate|p2a: Lycanroc|move: Protect\n|\n|upkeep\n|turn|8\n|\n|t:|1682558266\n|move|p1a: Amoonguss|Protect|p1a: Amoonguss\n|-singleturn|p1a: Amoonguss|Protect\n|move|p1b: Maushold|Crunch|p2b: Gengar\n|-supereffective|p2b: Gengar\n|-damage|p2b: Gengar|59\/100\n|-start|p1b: Maushold|Disable|Crunch|[from] ability: Cursed Body|[of] p2b: Gengar\n|-enditem|p1b: Maushold|Mental Herb\n|-end|p1b: Maushold|Disable\n|move|p2b: Gengar|Icy Wind|p1b: Maushold|[spread] p1b\n|-activate|p1a: Amoonguss|move: Protect\n|-damage|p1b: Maushold|86\/100\n|-unboost|p1b: Maushold|spe|1\n|move|p2a: Lycanroc|Rock Slide|p1a: Amoonguss|[spread] p1b\n|-activate|p1a: Amoonguss|move: Protect\n|-damage|p1b: Maushold|60\/100\n|\n|-heal|p2b: Gengar|65\/100|[from] item: Black Sludge\n|upkeep\n|turn|9\n|\n|t:|1682558289\n|move|p2b: Gengar|Protect|p2b: Gengar\n|-singleturn|p2b: Gengar|Protect\n|move|p2a: Lycanroc|Protect|p2a: Lycanroc\n|-singleturn|p2a: Lycanroc|Protect\n|move|p1b: Maushold|Crunch|p2b: Gengar\n|-activate|p2b: Gengar|move: Protect\n|move|p1a: Amoonguss|Spore|p2a: Lycanroc\n|-activate|p2a: Lycanroc|move: Protect\n|\n|-heal|p2b: Gengar|71\/100|[from] item: Black Sludge\n|upkeep\n|turn|10\n|\n|t:|1682558309\n|move|p1b: Maushold|Crunch|p2b: Gengar\n|-supereffective|p2b: Gengar\n|-damage|p2b: Gengar|32\/100\n|move|p2b: Gengar|Icy Wind|p1a: Amoonguss|[spread] p1a,p1b\n|-supereffective|p1a: Amoonguss\n|-damage|p1a: Amoonguss|51\/100\n|-damage|p1b: Maushold|44\/100\n|-unboost|p1a: Amoonguss|spe|1\n|-unboost|p1b: Maushold|spe|1\n|move|p2a: Lycanroc|Rock Slide|p1a: Amoonguss|[spread] p1a,p1b\n|-damage|p1a: Amoonguss|35\/100\n|-damage|p1b: Maushold|17\/100\n|cant|p1a: Amoonguss|flinch\n|\n|-heal|p2b: Gengar|38\/100|[from] item: Black Sludge\n|upkeep\n|turn|11\n|inactive|CraftyPuddle has 30 seconds left.\n|\n|t:|1682558338\n|move|p2b: Gengar|Icy Wind|p1b: Maushold|[spread] p1a\n|-miss|p2b: Gengar|p1b: Maushold\n|-supereffective|p1a: Amoonguss\n|-damage|p1a: Amoonguss|23\/100\n|-unboost|p1a: Amoonguss|spe|1\n|move|p1b: Maushold|Crunch|p2b: Gengar\n|-supereffective|p2b: Gengar\n|-damage|p2b: Gengar|0 fnt\n|-start|p1b: Maushold|Disable|Crunch|[from] ability: Cursed Body|[of] p2b: Gengar\n|faint|p2b: Gengar\n|move|p2a: Lycanroc|Rock Slide|p1a: Amoonguss|[spread] p1a,p1b\n|-damage|p1a: Amoonguss|5\/100\n|-damage|p1b: Maushold|0 fnt\n|faint|p1b: Maushold\n|move|p1a: Amoonguss|Pollen Puff|p1: Maushold|[notarget]\n|-fail|p1a: Amoonguss\n|\n|upkeep\n|turn|12\n|\n|t:|1682558359\n|move|p2a: Lycanroc|Play Rough|p1a: Amoonguss\n|-resisted|p1a: Amoonguss\n|-damage|p1a: Amoonguss|0 fnt\n|-damage|p2a: Lycanroc|84\/100|[from] item: Rocky Helmet|[of] p1a: Amoonguss\n|faint|p1a: Amoonguss\n|\n|win|HoldaUno\n|raw|CraftyPuddle's rating: 1102 → 1070<\/strong> (-32 for losing)\n|raw|HoldaUno's rating: 1000 → 1051<\/strong> (+51 for winning)\n|l|\u2606CraftyPuddle\n|c|\u2606HoldaUno|Gg\n","uploadtime":1682558371,"views":16,"p1id":"craftypuddle","p2id":"holdauno","formatid":"gen9vgc2023regulationc","rating":1051,"private":0,"password":""}