{"id":"gen9vgc2023regulationc-1855142928","p1":"Goatdozo","p2":"jamesdaltonbell","format":"[Gen 9] VGC 2023 Regulation C","log":"|j|\u2606Goatdozo\n|j|\u2606jamesdaltonbell\n|t:|1682906518\n|gametype|doubles\n|player|p1|Goatdozo|cyclistf|\n|player|p2|jamesdaltonbell|pokemonbreeder|\n|teamsize|p1|6\n|teamsize|p2|6\n|gen|9\n|tier|[Gen 9] VGC 2023 Regulation C\n|rule|Species Clause: Limit one of each Pok\u00e9mon\n|rule|Item Clause: Limit one of each item\n|clearpoke\n|poke|p1|Armarouge, L50, M|\n|poke|p1|Flutter Mane, L50|\n|poke|p1|Eelektrik, L50, M|\n|poke|p1|Hawlucha, L50, F|\n|poke|p1|Indeedee-F, L50, F|\n|poke|p1|Azumarill, L50, M|\n|poke|p2|Talonflame, L50, F|\n|poke|p2|Roaring Moon, L50|\n|poke|p2|Scizor, L50, F|\n|poke|p2|Quaquaval, L50, F|\n|poke|p2|Toedscruel, L50, F|\n|poke|p2|Carkol, L50, M|\n|teampreview|4\n|c|\u2606jamesdaltonbell|g1\n|c|\u2606Goatdozo|glhf!\n|c|\u2606jamesdaltonbell|glhf\n|c|\u2606jamesdaltonbell|ready for timer?\n|c|\u2606Goatdozo|My pref is no timer, but if you want it ig thats fine\n|c|\u2606jamesdaltonbell|that's fine\n|\n|t:|1682906642\n|start\n|switch|p1a: Jackaroo|Armarouge, L50, M|100\/100\n|switch|p1b: Jillaroo|Indeedee-F, L50, F|100\/100\n|switch|p2a: Hawkman|Talonflame, L50, F|100\/100\n|switch|p2b: Steel|Scizor, L50, F|100\/100\n|-fieldstart|move: Psychic Terrain|[from] ability: Psychic Surge|[of] p1b: Jillaroo\n|turn|1\n|j| BBRAFF\n|l| BBRAFF\n|j| BBRAFF\n|l| BBRAFF\n|\n|t:|1682906734\n|-terastallize|p2b: Steel|Electric\n|move|p1b: Jillaroo|Follow Me|p1b: Jillaroo\n|-singleturn|p1b: Jillaroo|move: Follow Me\n|move|p2a: Hawkman|Flare Blitz|p1b: Jillaroo\n|-damage|p1b: Jillaroo|4\/100\n|-damage|p2a: Hawkman|71\/100|[from] Recoil\n|-damage|p2a: Hawkman|61\/100|[from] item: Life Orb\n|move|p2b: Steel|Aerial Ace|p1b: Jillaroo\n|-damage|p1b: Jillaroo|0 fnt\n|faint|p1b: Jillaroo\n|move|p1a: Jackaroo|Trick Room|p1a: Jackaroo\n|-fieldstart|move: Trick Room|[of] p1a: Jackaroo\n|\n|upkeep\n|\n|t:|1682906746\n|switch|p1b: Surf Life Saving|Eelektrik, L50, M|100\/100\n|turn|2\n|\n|t:|1682906835\n|move|p1b: Surf Life Saving|Acid Spray|p2b: Steel\n|-damage|p2b: Steel|94\/100\n|-unboost|p2b: Steel|spd|2\n|move|p1a: Jackaroo|Expanding Force|p2a: Hawkman|[spread] p2a,p2b\n|-damage|p2a: Hawkman|0 fnt\n|-damage|p2b: Steel|0 fnt\n|faint|p2a: Hawkman\n|faint|p2b: Steel\n|\n|upkeep\n|\n|t:|1682906843\n|switch|p2b: Namor|Quaquaval, L50, F|100\/100\n|switch|p2a: Etrigan the Demon|Roaring Moon, L50|100\/100\n|-enditem|p2a: Etrigan the Demon|Booster Energy\n|-activate|p2a: Etrigan the Demon|ability: Protosynthesis|[fromitem]\n|-start|p2a: Etrigan the Demon|protosynthesisspe\n|turn|3\n|\n|t:|1682906863\n|-terastallize|p1a: Jackaroo|Fighting\n|move|p1b: Surf Life Saving|Thunderbolt|p2b: Namor\n|-supereffective|p2b: Namor\n|-damage|p2b: Namor|30\/100\n|move|p1a: Jackaroo|Aura Sphere|p2a: Etrigan the Demon\n|-supereffective|p2a: Etrigan the Demon\n|-damage|p2a: Etrigan the Demon|11\/100\n|move|p2b: Namor|Ice Spinner|p1b: Surf Life Saving\n|-damage|p1b: Surf Life Saving|81\/100\n|-fieldend|move: Psychic Terrain\n|move|p2a: Etrigan the Demon|Acrobatics|p1a: Jackaroo\n|-supereffective|p1a: Jackaroo\n|-damage|p1a: Jackaroo|26\/100\n|\n|upkeep\n|turn|4\n|\n|t:|1682906884\n|move|p2a: Etrigan the Demon|Protect|p2a: Etrigan the Demon\n|-singleturn|p2a: Etrigan the Demon|Protect\n|move|p2b: Namor|Aqua Jet|p1a: Jackaroo\n|-damage|p1a: Jackaroo|0 fnt\n|faint|p1a: Jackaroo\n|move|p1b: Surf Life Saving|Thunderbolt|p2b: Namor\n|-supereffective|p2b: Namor\n|-damage|p2b: Namor|0 fnt\n|faint|p2b: Namor\n|\n|upkeep\n|\n|t:|1682906893\n|switch|p1a: Thongs|Flutter Mane, L50|100\/100\n|-enditem|p1a: Thongs|Booster Energy\n|-activate|p1a: Thongs|ability: Protosynthesis|[fromitem]\n|-start|p1a: Thongs|protosynthesisspe\n|turn|5\n|\n|t:|1682906915\n|move|p1a: Thongs|Protect|p1a: Thongs\n|-singleturn|p1a: Thongs|Protect\n|move|p1b: Surf Life Saving|Thunderbolt|p2a: Etrigan the Demon\n|-resisted|p2a: Etrigan the Demon\n|-damage|p2a: Etrigan the Demon|0 fnt\n|faint|p2a: Etrigan the Demon\n|-end|p2a: Etrigan the Demon|Protosynthesis|[silent]\n|\n|win|Goatdozo\n|c|\u2606Goatdozo|gg\n|c|\u2606jamesdaltonbell|gg\n","uploadtime":1682906924,"views":26,"p1id":"goatdozo","p2id":"jamesdaltonbell","formatid":"gen9vgc2023regulationc","rating":0,"private":0,"password":""}