{"id":"gen9vgc2023regulationc-1860564638","p1":"CambodianDriftGod","p2":"zLenco","format":"[Gen 9] VGC 2023 Regulation C","log":"|j|\u2606CambodianDriftGod\n|j|\u2606zLenco\n|t:|1683654921\n|gametype|doubles\n|player|p1|CambodianDriftGod|101|1104\n|player|p2|zLenco|alder|1047\n|teamsize|p1|6\n|teamsize|p2|6\n|gen|9\n|tier|[Gen 9] VGC 2023 Regulation C\n|rated|\n|rule|Species Clause: Limit one of each Pok\u00e9mon\n|rule|Item Clause: Limit one of each item\n|clearpoke\n|poke|p1|Flutter Mane, L50|\n|poke|p1|Chi-Yu, L50|\n|poke|p1|Roaring Moon, L50|\n|poke|p1|Jumpluff, L50, M|\n|poke|p1|Wo-Chien, L50|\n|poke|p1|Torkoal, L50, F|\n|poke|p2|Raichu, L50, F|\n|poke|p2|Arcanine, L50, M|\n|poke|p2|Gyarados, L50, M|\n|poke|p2|Iron Jugulis, L50|\n|poke|p2|Salazzle, L50, F|\n|poke|p2|Tinkaton, L50, F|\n|teampreview|4\n|\n|t:|1683654955\n|start\n|switch|p1a: Flutter Mane|Flutter Mane, L50|100\/100\n|switch|p1b: Wo-Chien|Wo-Chien, L50|100\/100\n|switch|p2a: Iron Jugulis|Iron Jugulis, L50, shiny|100\/100\n|switch|p2b: Gyarados|Gyarados, L50, M, shiny|100\/100\n|-ability|p2b: Gyarados|Intimidate|boost\n|-unboost|p1a: Flutter Mane|atk|1\n|-unboost|p1b: Wo-Chien|atk|1\n|-enditem|p1b: Wo-Chien|Eject Pack\n|inactive|Battle timer is ON: inactive players will automatically lose when time's up. (requested by zLenco)\n|\n|t:|1683654978\n|switch|p1b: Torkoal|Torkoal, L50, F|100\/100\n|-weather|SunnyDay|[from] ability: Drought|[of] p1b: Torkoal\n|-activate|p1a: Flutter Mane|ability: Protosynthesis\n|-start|p1a: Flutter Mane|protosynthesisspa\n|turn|1\n|\n|t:|1683655000\n|switch|p1b: Wo-Chien|Wo-Chien, L50|100\/100\n|-ability|p1b: Wo-Chien|Tablets of Ruin\n|-terastallize|p1a: Flutter Mane|Grass\n|move|p2a: Iron Jugulis|Dark Pulse|p1a: Flutter Mane\n|-damage|p1a: Flutter Mane|66\/100\n|move|p2b: Gyarados|Dragon Dance|p2b: Gyarados\n|-boost|p2b: Gyarados|atk|1\n|-boost|p2b: Gyarados|spe|1\n|move|p1a: Flutter Mane|Trick Room|p1a: Flutter Mane\n|-fieldstart|move: Trick Room|[of] p1a: Flutter Mane\n|\n|-weather|SunnyDay|[upkeep]\n|upkeep\n|turn|2\n|\n|t:|1683655023\n|move|p1a: Flutter Mane|Dazzling Gleam|p2a: Iron Jugulis|[spread] p2a,p2b\n|-supereffective|p2a: Iron Jugulis\n|-damage|p2a: Iron Jugulis|18\/100\n|-damage|p2b: Gyarados|73\/100\n|move|p1b: Wo-Chien|Leaf Storm|p2b: Gyarados\n|-damage|p2b: Gyarados|29\/100\n|-unboost|p1b: Wo-Chien|spa|2\n|move|p2b: Gyarados|Ice Beam|p1a: Flutter Mane\n|-supereffective|p1a: Flutter Mane\n|-damage|p1a: Flutter Mane|41\/100\n|move|p2a: Iron Jugulis|Flamethrower|p1b: Wo-Chien\n|-supereffective|p1b: Wo-Chien\n|-damage|p1b: Wo-Chien|30\/100\n|\n|-weather|SunnyDay|[upkeep]\n|upkeep\n|turn|3\n|\n|t:|1683655046\n|move|p1a: Flutter Mane|Dazzling Gleam|p2a: Iron Jugulis|[spread] p2a,p2b\n|-supereffective|p2a: Iron Jugulis\n|-damage|p2a: Iron Jugulis|0 fnt\n|-damage|p2b: Gyarados|5\/100\n|-enditem|p2b: Gyarados|Mago Berry|[eat]\n|-heal|p2b: Gyarados|38\/100|[from] item: Mago Berry\n|faint|p2a: Iron Jugulis\n|-end|p2a: Iron Jugulis|Quark Drive|[silent]\n|move|p1b: Wo-Chien|Leaf Storm|p2b: Gyarados\n|-damage|p2b: Gyarados|16\/100\n|-unboost|p1b: Wo-Chien|spa|2\n|move|p2b: Gyarados|Ice Beam|p1b: Wo-Chien\n|-supereffective|p1b: Wo-Chien\n|-damage|p1b: Wo-Chien|9\/100\n|\n|-weather|SunnyDay|[upkeep]\n|upkeep\n|\n|t:|1683655066\n|switch|p2a: Salazzle|Salazzle, L50, F, shiny|100\/100\n|turn|4\n|\n|t:|1683655086\n|move|p2a: Salazzle|Protect|p2a: Salazzle\n|-singleturn|p2a: Salazzle|Protect\n|move|p1a: Flutter Mane|Substitute|p1a: Flutter Mane\n|-start|p1a: Flutter Mane|Substitute\n|-damage|p1a: Flutter Mane|17\/100\n|move|p1b: Wo-Chien|Pollen Puff|p1a: Flutter Mane\n|-heal|p1a: Flutter Mane|66\/100\n|move|p2b: Gyarados|Dragon Dance|p2b: Gyarados\n|-boost|p2b: Gyarados|atk|1\n|-boost|p2b: Gyarados|spe|1\n|\n|-weather|SunnyDay|[upkeep]\n|upkeep\n|turn|5\n|\n|t:|1683655107\n|move|p1a: Flutter Mane|Dazzling Gleam|p2b: Gyarados|[spread] p2a,p2b\n|-resisted|p2a: Salazzle\n|-damage|p2a: Salazzle|88\/100\n|-damage|p2b: Gyarados|0 fnt\n|faint|p2b: Gyarados\n|move|p1b: Wo-Chien|Leaf Storm|p2a: Salazzle\n|-resisted|p2a: Salazzle\n|-damage|p2a: Salazzle|81\/100\n|-unboost|p1b: Wo-Chien|spa|2\n|move|p2a: Salazzle|Leech Life|p1a: Flutter Mane\n|-supereffective|p1a: Flutter Mane\n|-activate|p1a: Flutter Mane|move: Substitute|[damage]\n|-heal|p2a: Salazzle|91\/100|[from] drain|[of] p1a: Flutter Mane\n|\n|-weather|none\n|-end|p1a: Flutter Mane|Protosynthesis\n|-heal|p2a: Salazzle|96\/100|[from] item: Leftovers\n|-fieldend|move: Trick Room\n|upkeep\n|\n|t:|1683655121\n|switch|p2b: Raichu|Raichu, L50, F, shiny|100\/100\n|turn|6\n|inactive|zLenco has 30 seconds left.\n|\n|t:|1683655153\n|move|p2b: Raichu|Fake Out|p1a: Flutter Mane\n|-end|p1a: Flutter Mane|Substitute\n|move|p2a: Salazzle|Leech Life|p1b: Wo-Chien\n|-supereffective|p1b: Wo-Chien\n|-damage|p1b: Wo-Chien|0 fnt\n|-heal|p2a: Salazzle|100\/100|[from] drain|[of] p1b: Wo-Chien\n|faint|p1b: Wo-Chien\n|move|p1a: Flutter Mane|Dazzling Gleam|p2b: Raichu|[spread] p2a,p2b\n|-resisted|p2a: Salazzle\n|-damage|p2a: Salazzle|91\/100\n|-damage|p2b: Raichu|61\/100\n|\n|-heal|p2a: Salazzle|97\/100|[from] item: Leftovers\n|upkeep\n|\n|t:|1683655169\n|switch|p1b: Torkoal|Torkoal, L50, F|100\/100\n|-weather|SunnyDay|[from] ability: Drought|[of] p1b: Torkoal\n|-activate|p1a: Flutter Mane|ability: Protosynthesis\n|-start|p1a: Flutter Mane|protosynthesisspa\n|turn|7\n|inactive|zLenco has 30 seconds left.\n|inactive|zLenco has 20 seconds left.\n|\n|t:|1683655205\n|-terastallize|p2a: Salazzle|Flying\n|move|p2b: Raichu|Protect|p2b: Raichu\n|-singleturn|p2b: Raichu|Protect\n|move|p2a: Salazzle|Substitute|p2a: Salazzle\n|-start|p2a: Salazzle|Substitute\n|-damage|p2a: Salazzle|72\/100\n|move|p1b: Torkoal|Eruption|p2a: Salazzle|[spread] p2a\n|-activate|p2b: Raichu|move: Protect\n|-end|p2a: Salazzle|Substitute\n|move|p1a: Flutter Mane|Trick Room|p1a: Flutter Mane\n|-fieldstart|move: Trick Room|[of] p1a: Flutter Mane\n|\n|-weather|SunnyDay|[upkeep]\n|-heal|p2a: Salazzle|78\/100|[from] item: Leftovers\n|upkeep\n|turn|8\n|inactive|CambodianDriftGod has 30 seconds left.\n|\n|t:|1683655233\n|move|p1b: Torkoal|Eruption|p2b: Raichu|[spread] p2a,p2b\n|-crit|p2b: Raichu\n|-damage|p2a: Salazzle|0 fnt\n|-damage|p2b: Raichu|0 fnt\n|faint|p2a: Salazzle\n|faint|p2b: Raichu\n|\n|win|CambodianDriftGod\n|raw|CambodianDriftGod's rating: 1104 → 1125<\/strong> (+21 for winning)\n|raw|zLenco's rating: 1047 → 1033<\/strong> (-14 for losing)\n","uploadtime":1683655243,"views":19,"p1id":"cambodiandriftgod","p2id":"zlenco","formatid":"gen9vgc2023regulationc","rating":1033,"private":0,"password":""}