{"id":"gen9vgc2023regulationc-1846332323","p1":"Vitalis24","p2":"Big J 009","format":"[Gen 9] VGC 2023 Regulation C","log":"|j|\u2606Vitalis24\n|j|\u2606Big J 009\n|t:|1681832349\n|gametype|doubles\n|player|p1|Vitalis24|ethan|1312\n|player|p2|Big J 009|2|1302\n|teamsize|p1|6\n|teamsize|p2|6\n|gen|9\n|tier|[Gen 9] VGC 2023 Regulation C\n|rated|\n|rule|Species Clause: Limit one of each Pok\u00e9mon\n|rule|Item Clause: Limit one of each item\n|clearpoke\n|poke|p1|Glimmora, L50, M|\n|poke|p1|Flutter Mane, L50|\n|poke|p1|Indeedee-F, L50, F|\n|poke|p1|Iron Hands, L50|\n|poke|p1|Brute Bonnet, L50|\n|poke|p1|Pelipper, L50, F|\n|poke|p2|Amoonguss, L50, F|\n|poke|p2|Iron Hands, L50|\n|poke|p2|Iron Bundle, L50|\n|poke|p2|Wo-Chien, L50|\n|poke|p2|Chi-Yu, L50|\n|poke|p2|Gyarados, L50, F|\n|teampreview|4\nBig J 009 has agreed to open team sheets.\n|inactive|Battle timer is ON: inactive players will automatically lose when time's up. (requested by Big J 009)\n|inactive|Vitalis24 has 60 seconds left.\n|inactive|Big J 009 has 60 seconds left.\n|\n|t:|1681832409\n|start\n|switch|p1a: Flutter Mane|Flutter Mane, L50|100\/100\n|switch|p1b: Glimmora|Glimmora, L50, M|100\/100\n|switch|p2a: Iron Bundle|Iron Bundle, L50|100\/100\n|switch|p2b: Chi-Yu|Chi-Yu, L50|100\/100\n|-ability|p2b: Chi-Yu|Beads of Ruin\n|-enditem|p2a: Iron Bundle|Booster Energy\n|-activate|p2a: Iron Bundle|ability: Quark Drive|[fromitem]\n|-start|p2a: Iron Bundle|quarkdrivespe\n|turn|1\n|inactive|Vitalis24 has 30 seconds left.\n|inactive|Big J 009 has 30 seconds left.\n|inactive|Big J 009 has 20 seconds left.\n|\n|t:|1681832447\n|move|p1b: Glimmora|Protect|p1b: Glimmora\n|-singleturn|p1b: Glimmora|Protect\n|move|p2a: Iron Bundle|Icy Wind|p1b: Glimmora|[spread] p1a\n|-activate|p1b: Glimmora|move: Protect\n|-damage|p1a: Flutter Mane|70\/100\n|-unboost|p1a: Flutter Mane|spe|1\n|move|p2b: Chi-Yu|Psychic|p1b: Glimmora\n|-activate|p1b: Glimmora|move: Protect\n|move|p1a: Flutter Mane|Moonblast|p2a: Iron Bundle\n|-damage|p2a: Iron Bundle|0 fnt\n|faint|p2a: Iron Bundle\n|-end|p2a: Iron Bundle|Quark Drive|[silent]\n|\n|upkeep\n|\n|t:|1681832462\n|switch|p2a: Wo-Chien|Wo-Chien, L50|100\/100\n|-ability|p2a: Wo-Chien|Tablets of Ruin\n|turn|2\n|inactive|Vitalis24 has 30 seconds left.\n|inactive|Vitalis24 has 20 seconds left.\n|inactive|Vitalis24 has 15 seconds left.\n|inactive|Vitalis24 has 10 seconds left.\n|inactive|Vitalis24 has 5 seconds left.\n|\n|t:|1681832517\n|-terastallize|p2a: Wo-Chien|Poison\n|move|p1a: Flutter Mane|Protect|p1a: Flutter Mane\n|-singleturn|p1a: Flutter Mane|Protect\n|move|p1b: Glimmora|Protect|p1b: Glimmora\n|-singleturn|p1b: Glimmora|Protect\n|move|p2b: Chi-Yu|Psychic|p1b: Glimmora\n|-activate|p1b: Glimmora|move: Protect\n|move|p2a: Wo-Chien|Leech Seed|p1a: Flutter Mane\n|-activate|p1a: Flutter Mane|move: Protect\n|\n|upkeep\n|turn|3\n|inactive|Big J 009 has 30 seconds left.\n|inactive|Big J 009 has 20 seconds left.\n|inactive|Big J 009 has 15 seconds left.\n|inactive|Big J 009 has 10 seconds left.\n|inactive|Big J 009 has 5 seconds left.\n|\n|t:|1681832572\n|-terastallize|p1b: Glimmora|Grass\n|move|p2b: Chi-Yu|Psychic|p1a: Flutter Mane\n|-damage|p1a: Flutter Mane|1\/100\n|move|p1a: Flutter Mane|Moonblast|p2b: Chi-Yu\n|-damage|p2b: Chi-Yu|36\/100\n|-unboost|p2b: Chi-Yu|spa|1\n|move|p1b: Glimmora|Earth Power|p2a: Wo-Chien\n|-supereffective|p2a: Wo-Chien\n|-damage|p2a: Wo-Chien|41\/100\n|move|p2a: Wo-Chien|Leech Seed|p1b: Glimmora\n|-immune|p1b: Glimmora\n|\n|-heal|p2a: Wo-Chien|47\/100|[from] item: Leftovers\n|upkeep\n|turn|4\n|inactive|Vitalis24 has 30 seconds left.\n|\n|t:|1681832600\n|switch|p2a: Gyarados|Gyarados, L50, F|100\/100\n|-ability|p2a: Gyarados|Intimidate|boost\n|-unboost|p1a: Flutter Mane|atk|1\n|-unboost|p1b: Glimmora|atk|1\n|move|p1b: Glimmora|Protect|p1b: Glimmora\n|-singleturn|p1b: Glimmora|Protect\n|move|p2b: Chi-Yu|Psychic|p1a: Flutter Mane\n|-damage|p1a: Flutter Mane|0 fnt\n|faint|p1a: Flutter Mane\n|-end|p1a: Flutter Mane|Protosynthesis|[silent]\n|\n|upkeep\n|\n|t:|1681832614\n|switch|p1a: Pelipper|Pelipper, L50, F|100\/100\n|-weather|RainDance|[from] ability: Drizzle|[of] p1a: Pelipper\n|turn|5\n|\n|t:|1681832626\n|switch|p2b: Wo-Chien|Wo-Chien, L50, tera:Poison|47\/100\n|-ability|p2b: Wo-Chien|Tablets of Ruin\n|move|p1b: Glimmora|Power Gem|p2a: Gyarados\n|-supereffective|p2a: Gyarados\n|-damage|p2a: Gyarados|5\/100\n|move|p2a: Gyarados|Thunder Wave|p1b: Glimmora\n|-status|p1b: Glimmora|par\n|move|p1a: Pelipper|Hurricane|p2b: Wo-Chien\n|-damage|p2b: Wo-Chien|19\/100\n|\n|-weather|RainDance|[upkeep]\n|-heal|p2b: Wo-Chien|25\/100|[from] item: Leftovers\n|upkeep\n|turn|6\n|inactive|Vitalis24 has 30 seconds left.\n|\n|t:|1681832658\n|move|p2a: Gyarados|Protect|p2a: Gyarados\n|-singleturn|p2a: Gyarados|Protect\n|move|p2b: Wo-Chien|Leech Seed|p1a: Pelipper\n|-start|p1a: Pelipper|move: Leech Seed\n|move|p1a: Pelipper|Hurricane|p2a: Gyarados\n|-activate|p2a: Gyarados|move: Protect\n|cant|p1b: Glimmora|par\n|\n|-weather|RainDance|[upkeep]\n|-heal|p2b: Wo-Chien|31\/100|[from] item: Leftovers\n|-damage|p1a: Pelipper|89\/100|[from] Leech Seed|[of] p2b: Wo-Chien\n|-heal|p2b: Wo-Chien|42\/100|[silent]\n|upkeep\n|turn|7\n|\n|t:|1681832679\n|switch|p1a: Iron Hands|Iron Hands, L50|100\/100\n|move|p2a: Gyarados|Waterfall|p1b: Glimmora\n|-resisted|p1b: Glimmora\n|-damage|p1b: Glimmora|76\/100 par\n|-activate|p1b: Glimmora|ability: Toxic Debris\n|-sidestart|p2: Big J 009|move: Toxic Spikes\n|move|p2b: Wo-Chien|Pollen Puff|p2a: Gyarados\n|-heal|p2a: Gyarados|55\/100\n|move|p1b: Glimmora|Earth Power|p2b: Wo-Chien\n|-supereffective|p2b: Wo-Chien\n|-damage|p2b: Wo-Chien|0 fnt\n|faint|p2b: Wo-Chien\n|\n|-weather|RainDance|[upkeep]\n|upkeep\n|\n|t:|1681832694\n|switch|p2b: Chi-Yu|Chi-Yu, L50|36\/100\n|-status|p2b: Chi-Yu|psn\n|-ability|p2b: Chi-Yu|Beads of Ruin\n|turn|8\n|\n|t:|1681832706\n|move|p2a: Gyarados|Protect|p2a: Gyarados\n|-singleturn|p2a: Gyarados|Protect\n|move|p1a: Iron Hands|Protect|p1a: Iron Hands\n|-singleturn|p1a: Iron Hands|Protect\n|move|p2b: Chi-Yu|Psychic|p1a: Iron Hands\n|-activate|p1a: Iron Hands|move: Protect\n|move|p1b: Glimmora|Power Gem|p2b: Chi-Yu\n|-supereffective|p2b: Chi-Yu\n|-damage|p2b: Chi-Yu|0 fnt\n|faint|p2b: Chi-Yu\n|\n|-weather|RainDance|[upkeep]\n|upkeep\n|turn|9\n|-message|Big J 009 forfeited.\n|\n|win|Vitalis24\n|raw|Vitalis24's rating: 1312 → 1331<\/strong> (+19 for winning)\n|raw|Big J 009's rating: 1302 → 1283<\/strong> (-19 for losing)\n|l|\u2606Big J 009\n","uploadtime":1681832726,"views":6,"p1id":"vitalis24","p2id":"bigj009","formatid":"gen9vgc2023regulationc","rating":1283,"private":0,"password":""}