{"id":"gen9vgc2023regulationc-1858201315","p1":"vrumvrumnatal","p2":"T.738","format":"[Gen 9] VGC 2023 Regulation C","log":"|j|\u2606vrumvrumnatal\n|j|\u2606T.738\n|t:|1683290379\n|gametype|doubles\n|player|p1|vrumvrumnatal|170|1349\n|player|p2|T.738|harlequin|1394\n|teamsize|p1|6\n|teamsize|p2|6\n|gen|9\n|tier|[Gen 9] VGC 2023 Regulation C\n|rated|\n|rule|Species Clause: Limit one of each Pok\u00e9mon\n|rule|Item Clause: Limit one of each item\n|clearpoke\n|poke|p1|Orthworm, L50, M|\n|poke|p1|Dragonite, L50, M|\n|poke|p1|Ting-Lu, L50|\n|poke|p1|Gyarados, L50, F|\n|poke|p1|Flutter Mane, L50|\n|poke|p1|Chien-Pao, L50|\n|poke|p2|Ting-Lu, L50|\n|poke|p2|Amoonguss, L50, M|\n|poke|p2|Flutter Mane, L50|\n|poke|p2|Glimmora, L50, M|\n|poke|p2|Gyarados, L50, M|\n|poke|p2|Ceruledge, L50, M|\n|teampreview|4\n|inactive|Battle timer is ON: inactive players will automatically lose when time's up. (requested by T.738)\n|\n|t:|1683290430\n|start\n|switch|p1a: Orthworm|Orthworm, L50, M|100\/100\n|switch|p1b: Ting-Lu|Ting-Lu, L50|100\/100\n|switch|p2a: Ceruledge|Ceruledge, L50, M|100\/100\n|switch|p2b: Glimmora|Glimmora, L50, M|100\/100\n|-ability|p1b: Ting-Lu|Vessel of Ruin\n|turn|1\n|\n|t:|1683290454\n|switch|p1a: Gyarados|Gyarados, L50, F|100\/100\n|-ability|p1a: Gyarados|Intimidate|boost\n|-unboost|p2a: Ceruledge|atk|1\n|-unboost|p2b: Glimmora|atk|1\n|-terastallize|p2a: Ceruledge|Grass\n|move|p2b: Glimmora|Power Gem|p1a: Gyarados\n|-supereffective|p1a: Gyarados\n|-damage|p1a: Gyarados|46\/100\n|move|p2a: Ceruledge|Bitter Blade|p1a: Gyarados\n|-resisted|p1a: Gyarados\n|-damage|p1a: Gyarados|33\/100\n|move|p1b: Ting-Lu|Earthquake|p2a: Ceruledge|[spread] p2a,p2b\n|-immune|p1a: Gyarados\n|-resisted|p2a: Ceruledge\n|-supereffective|p2b: Glimmora\n|-damage|p2a: Ceruledge|73\/100\n|-enditem|p2b: Glimmora|Focus Sash\n|-damage|p2b: Glimmora|1\/100\n|-activate|p2b: Glimmora|ability: Toxic Debris\n|-sidestart|p1: vrumvrumnatal|move: Toxic Spikes\n|\n|-heal|p2a: Ceruledge|80\/100|[from] item: Leftovers\n|upkeep\n|turn|2\n|inactive|T.738 has 30 seconds left.\n|\n|t:|1683290480\n|switch|p1a: Orthworm|Orthworm, L50, M|100\/100\n|move|p2b: Glimmora|Power Gem|p1a: Orthworm\n|-resisted|p1a: Orthworm\n|-damage|p1a: Orthworm|83\/100\n|move|p2a: Ceruledge|Bulk Up|p2a: Ceruledge\n|-boost|p2a: Ceruledge|atk|1\n|-boost|p2a: Ceruledge|def|1\n|move|p1b: Ting-Lu|Earthquake|p2a: Ceruledge|[spread] p2a,p2b\n|-heal|p1a: Orthworm|100\/100|[from] ability: Earth Eater|[of] p1b: Ting-Lu\n|-resisted|p2a: Ceruledge\n|-supereffective|p2b: Glimmora\n|-damage|p2a: Ceruledge|60\/100\n|-damage|p2b: Glimmora|0 fnt\n|-activate|p2b: Glimmora|ability: Toxic Debris\n|-sidestart|p1: vrumvrumnatal|move: Toxic Spikes\n|faint|p2b: Glimmora\n|\n|-heal|p2a: Ceruledge|66\/100|[from] item: Leftovers\n|upkeep\n|\n|t:|1683290499\n|switch|p2b: Gyarados|Gyarados, L50, M, shiny|100\/100\n|-ability|p2b: Gyarados|Intimidate|boost\n|-unboost|p1a: Orthworm|atk|1\n|-unboost|p1b: Ting-Lu|atk|1\n|turn|3\n|\n|t:|1683290512\n|switch|p1b: Flutter Mane|Flutter Mane, L50|100\/100\n|-status|p1b: Flutter Mane|tox\n|switch|p1a: Gyarados|Gyarados, L50, F|33\/100\n|-ability|p1a: Gyarados|Intimidate|boost\n|-unboost|p2a: Ceruledge|atk|1\n|-unboost|p2b: Gyarados|atk|1\n|move|p2b: Gyarados|Dragon Dance|p2b: Gyarados\n|-boost|p2b: Gyarados|atk|1\n|-boost|p2b: Gyarados|spe|1\n|move|p2a: Ceruledge|Bulk Up|p2a: Ceruledge\n|-boost|p2a: Ceruledge|atk|1\n|-boost|p2a: Ceruledge|def|1\n|\n|-heal|p2a: Ceruledge|72\/100|[from] item: Leftovers\n|-damage|p1b: Flutter Mane|94\/100 tox|[from] psn\n|upkeep\n|turn|4\n|inactive|vrumvrumnatal has 30 seconds left.\n|inactive|T.738 has 30 seconds left.\n|\n|t:|1683290538\n|move|p2b: Gyarados|Protect|p2b: Gyarados\n|-singleturn|p2b: Gyarados|Protect\n|move|p1b: Flutter Mane|Thunderbolt|p2b: Gyarados\n|-activate|p2b: Gyarados|move: Protect\n|move|p1a: Gyarados|Thunder Wave|p2b: Gyarados\n|-activate|p2b: Gyarados|move: Protect\n|move|p2a: Ceruledge|Bulk Up|p2a: Ceruledge\n|-boost|p2a: Ceruledge|atk|1\n|-boost|p2a: Ceruledge|def|1\n|\n|-heal|p2a: Ceruledge|78\/100|[from] item: Leftovers\n|-damage|p1b: Flutter Mane|82\/100 tox|[from] psn\n|upkeep\n|turn|5\n|\n|t:|1683290562\n|-end|p1b: Flutter Mane|Protosynthesis|[silent]\n|switch|p1b: Ting-Lu|Ting-Lu, L50|100\/100\n|-status|p1b: Ting-Lu|tox\n|-ability|p1b: Ting-Lu|Vessel of Ruin\n|move|p2a: Ceruledge|Shadow Sneak|p1b: Ting-Lu\n|-resisted|p1b: Ting-Lu\n|-damage|p1b: Ting-Lu|91\/100 tox\n|move|p2b: Gyarados|Waterfall|p1a: Gyarados\n|-resisted|p1a: Gyarados\n|-damage|p1a: Gyarados|13\/100\n|cant|p1a: Gyarados|flinch\n|\n|-heal|p2a: Ceruledge|84\/100|[from] item: Leftovers\n|-damage|p1b: Ting-Lu|85\/100 tox|[from] psn\n|upkeep\n|turn|6\n|inactive|vrumvrumnatal has 30 seconds left.\n|\n|t:|1683290588\n|switch|p1a: Orthworm|Orthworm, L50, M|100\/100\n|move|p2b: Gyarados|Dragon Dance|p2b: Gyarados\n|-boost|p2b: Gyarados|atk|1\n|-boost|p2b: Gyarados|spe|1\n|move|p2a: Ceruledge|Bitter Blade|p1a: Orthworm\n|-supereffective|p1a: Orthworm\n|-damage|p1a: Orthworm|16\/100\n|-heal|p2a: Ceruledge|100\/100|[from] drain|[of] p1a: Orthworm\n|-enditem|p1a: Orthworm|Sitrus Berry|[eat]\n|-heal|p1a: Orthworm|41\/100|[from] item: Sitrus Berry\n|move|p1b: Ting-Lu|Throat Chop|p2a: Ceruledge\n|-damage|p2a: Ceruledge|76\/100\n|-start|p2a: Ceruledge|Throat Chop|[silent]\n|\n|-heal|p2a: Ceruledge|82\/100|[from] item: Leftovers\n|-damage|p1b: Ting-Lu|73\/100 tox|[from] psn\n|upkeep\n|turn|7\n|\n|t:|1683290609\n|move|p2b: Gyarados|Waterfall|p1b: Ting-Lu\n|-supereffective|p1b: Ting-Lu\n|-damage|p1b: Ting-Lu|2\/100 tox\n|move|p2a: Ceruledge|Bitter Blade|p1a: Orthworm\n|-supereffective|p1a: Orthworm\n|-damage|p1a: Orthworm|0 fnt\n|-heal|p2a: Ceruledge|100\/100|[from] drain|[of] p1a: Orthworm\n|faint|p1a: Orthworm\n|move|p1b: Ting-Lu|Throat Chop|p2b: Gyarados\n|-damage|p2b: Gyarados|47\/100\n|-start|p2b: Gyarados|Throat Chop|[silent]\n|\n|-damage|p1b: Ting-Lu|0 fnt|[from] psn\n|faint|p1b: Ting-Lu\n|-end|p2a: Ceruledge|Throat Chop|[silent]\n|upkeep\n|\n|t:|1683290621\n|switch|p1b: Gyarados|Gyarados, L50, F|13\/100\n|switch|p1a: Flutter Mane|Flutter Mane, L50|82\/100 tox\n|-ability|p1b: Gyarados|Intimidate|boost\n|-unboost|p2a: Ceruledge|atk|1\n|-unboost|p2b: Gyarados|atk|1\n|turn|8\n|\n|t:|1683290636\n|move|p2a: Ceruledge|Shadow Sneak|p1b: Gyarados\n|-damage|p1b: Gyarados|0 fnt\n|faint|p1b: Gyarados\n|move|p2b: Gyarados|Waterfall|p1a: Flutter Mane\n|-damage|p1a: Flutter Mane|22\/100 tox\n|move|p1a: Flutter Mane|Moonblast|p2a: Ceruledge\n|-damage|p2a: Ceruledge|38\/100\n|\n|-heal|p2a: Ceruledge|44\/100|[from] item: Leftovers\n|-damage|p1a: Flutter Mane|16\/100 tox|[from] psn\n|-end|p2b: Gyarados|Throat Chop|[silent]\n|upkeep\n|turn|9\n|\n|t:|1683290648\n|move|p2a: Ceruledge|Shadow Sneak|p1a: Flutter Mane\n|-supereffective|p1a: Flutter Mane\n|-damage|p1a: Flutter Mane|0 fnt\n|faint|p1a: Flutter Mane\n|-end|p1a: Flutter Mane|Protosynthesis|[silent]\n|\n|win|T.738\n|raw|vrumvrumnatal's rating: 1349 → 1332<\/strong> (-17 for losing)\n|raw|T.738's rating: 1394 → 1411<\/strong> (+17 for winning)\n","uploadtime":1683290653,"views":15,"p1id":"vrumvrumnatal","p2id":"t738","formatid":"gen9vgc2023regulationc","rating":1332,"private":0,"password":""}