{"id":"gen9vgc2023regulationc-1860877775","p1":"ballin on deez","p2":"Wow_Yangg","format":"[Gen 9] VGC 2023 Regulation C","log":"|j|\u2606ballin on deez\n|j|\u2606Wow_Yangg\n|t:|1683689296\n|gametype|doubles\n|player|p1|ballin on deez|psychic-gen4|1481\n|player|p2|Wow_Yangg|fisherman-gen4|1424\n|teamsize|p1|6\n|teamsize|p2|6\n|gen|9\n|tier|[Gen 9] VGC 2023 Regulation C\n|rated|\n|rule|Species Clause: Limit one of each Pok\u00e9mon\n|rule|Item Clause: Limit one of each item\n|clearpoke\n|poke|p1|Tinkaton, L50, F|\n|poke|p1|Gyarados, L50, F|\n|poke|p1|Iron Bundle, L50|\n|poke|p1|Great Tusk, L50|\n|poke|p1|Amoonguss, L50, F|\n|poke|p1|Flutter Mane, L50|\n|poke|p2|Wo-Chien, L50|\n|poke|p2|Glimmora, L50, F|\n|poke|p2|Flutter Mane, L50|\n|poke|p2|Arcanine, L50, F|\n|poke|p2|Dragapult, L50, F|\n|poke|p2|Chien-Pao, L50|\n|teampreview|4\n|\n|t:|1683689342\n|start\n|switch|p1a: Iron Bundle|Iron Bundle, L50|100\/100\n|switch|p1b: Great Tusk|Great Tusk, L50|100\/100\n|switch|p2a: Arcanine|Arcanine, L50, F|100\/100\n|switch|p2b: Dragapult|Dragapult, L50, F|100\/100\n|-ability|p2a: Arcanine|Intimidate|boost\n|-unboost|p1a: Iron Bundle|atk|1\n|-unboost|p1b: Great Tusk|atk|1\n|-enditem|p1a: Iron Bundle|Booster Energy\n|-activate|p1a: Iron Bundle|ability: Quark Drive|[fromitem]\n|-start|p1a: Iron Bundle|quarkdrivespe\n|turn|1\n|inactive|Battle timer is ON: inactive players will automatically lose when time's up. (requested by Wow_Yangg)\n|\n|t:|1683689373\n|switch|p2b: Wo-Chien|Wo-Chien, L50|100\/100\n|-ability|p2b: Wo-Chien|Tablets of Ruin\n|-end|p1b: Great Tusk|Protosynthesis|[silent]\n|switch|p1b: Gyarados|Gyarados, L50, F|100\/100\n|-ability|p1b: Gyarados|Intimidate|boost\n|-unboost|p2a: Arcanine|atk|1\n|-unboost|p2b: Wo-Chien|atk|1\n|move|p1a: Iron Bundle|Hydro Pump|p2a: Arcanine|[miss]\n|-miss|p1a: Iron Bundle|p2a: Arcanine\n|move|p2a: Arcanine|Flare Blitz|p1a: Iron Bundle\n|-damage|p1a: Iron Bundle|71\/100\n|-damage|p2a: Arcanine|94\/100|[from] Recoil\n|\n|upkeep\n|turn|2\n|\n|t:|1683689397\n|move|p2a: Arcanine|Protect|p2a: Arcanine\n|-singleturn|p2a: Arcanine|Protect\n|move|p1a: Iron Bundle|Freeze-Dry|p2b: Wo-Chien\n|-supereffective|p2b: Wo-Chien\n|-damage|p2b: Wo-Chien|59\/100\n|-status|p2b: Wo-Chien|frz\n|move|p1b: Gyarados|Waterfall|p2a: Arcanine\n|-activate|p2a: Arcanine|move: Protect\n|cant|p2b: Wo-Chien|frz\n|\n|-heal|p2b: Wo-Chien|64\/100 frz|[from] item: Leftovers\n|upkeep\n|turn|3\n|\n|t:|1683689411\n|switch|p2a: Dragapult|Dragapult, L50, F|100\/100\n|switch|p1b: Great Tusk|Great Tusk, L50|100\/100\n|move|p1a: Iron Bundle|Encore||[still]\n|-fail|p1a: Iron Bundle\n|cant|p2b: Wo-Chien|frz\n|\n|-heal|p2b: Wo-Chien|70\/100 frz|[from] item: Leftovers\n|upkeep\n|turn|4\n|\n|t:|1683689426\n|switch|p2a: Arcanine|Arcanine, L50, F|94\/100\n|-ability|p2a: Arcanine|Intimidate|boost\n|-unboost|p1a: Iron Bundle|atk|1\n|-unboost|p1b: Great Tusk|atk|1\n|move|p1a: Iron Bundle|Freeze-Dry|p2a: Arcanine\n|-resisted|p2a: Arcanine\n|-damage|p2a: Arcanine|79\/100\n|move|p1b: Great Tusk|Close Combat|p2b: Wo-Chien\n|-supereffective|p2b: Wo-Chien\n|-damage|p2b: Wo-Chien|7\/100 frz\n|-unboost|p1b: Great Tusk|def|1\n|-unboost|p1b: Great Tusk|spd|1\n|cant|p2b: Wo-Chien|frz\n|\n|-heal|p2b: Wo-Chien|13\/100 frz|[from] item: Leftovers\n|upkeep\n|turn|5\n|c|\u2606Wow_Yangg|...\n|\n|t:|1683689449\n|cant|p2b: Wo-Chien|frz\n|move|p1a: Iron Bundle|Hydro Pump|p2a: Arcanine|[miss]\n|-miss|p1a: Iron Bundle|p2a: Arcanine\n|move|p1b: Great Tusk|Close Combat|p2b: Wo-Chien\n|-supereffective|p2b: Wo-Chien\n|-damage|p2b: Wo-Chien|0 fnt\n|-unboost|p1b: Great Tusk|def|1\n|-unboost|p1b: Great Tusk|spd|1\n|faint|p2b: Wo-Chien\n|move|p2a: Arcanine|Snarl|p1b: Great Tusk|[spread] p1a,p1b\n|-resisted|p1b: Great Tusk\n|-damage|p1a: Iron Bundle|52\/100\n|-damage|p1b: Great Tusk|87\/100\n|-unboost|p1a: Iron Bundle|spa|1\n|-unboost|p1b: Great Tusk|spa|1\n|\n|upkeep\n|\n|t:|1683689466\n|switch|p2b: Chien-Pao|Chien-Pao, L50|100\/100\n|-ability|p2b: Chien-Pao|Sword of Ruin\n|turn|6\n|\n|t:|1683689477\n|switch|p2b: Dragapult|Dragapult, L50, F|100\/100\n|move|p1a: Iron Bundle|Encore|p2a: Arcanine\n|-start|p2a: Arcanine|Encore\n|move|p1b: Great Tusk|Close Combat|p2b: Dragapult\n|-immune|p2b: Dragapult\n|move|p2a: Arcanine|Snarl|p1a: Iron Bundle|[spread] p1a\n|-miss|p2a: Arcanine|p1b: Great Tusk\n|-damage|p1a: Iron Bundle|35\/100\n|-unboost|p1a: Iron Bundle|spa|1\n|\n|upkeep\n|turn|7\n|\n|t:|1683689495\n|-end|p1a: Iron Bundle|Quark Drive|[silent]\n|switch|p1a: Gyarados|Gyarados, L50, F|100\/100\n|-ability|p1a: Gyarados|Intimidate|boost\n|-unboost|p2a: Arcanine|atk|1\n|-fail|p2b: Dragapult|unboost|[from] ability: Clear Body|[of] p2b: Dragapult\n|switch|p2a: Chien-Pao|Chien-Pao, L50|100\/100\n|-ability|p2a: Chien-Pao|Sword of Ruin\n|move|p2b: Dragapult|Dragon Darts|p1a: Gyarados\n|-damage|p1a: Gyarados|50\/100\n|-anim|p2b: Dragapult|Dragon Darts|p1b: Great Tusk\n|-damage|p1b: Great Tusk|19\/100\n|move|p1b: Great Tusk|Close Combat|p2a: Chien-Pao\n|-supereffective|p2a: Chien-Pao\n|-enditem|p2a: Chien-Pao|Focus Sash\n|-damage|p2a: Chien-Pao|1\/100\n|-unboost|p1b: Great Tusk|def|1\n|-unboost|p1b: Great Tusk|spd|1\n|\n|upkeep\n|turn|8\n|inactive|ballin on deez has 30 seconds left.\n|inactive|ballin on deez has 20 seconds left.\n|\n|t:|1683689531\n|-terastallize|p1a: Gyarados|Steel\n|move|p2b: Dragapult|Dragon Darts|p1b: Great Tusk\n|-damage|p1b: Great Tusk|0 fnt\n|-anim|p2b: Dragapult|Dragon Darts|p1a: Gyarados\n|-resisted|p1a: Gyarados\n|-damage|p1a: Gyarados|22\/100\n|faint|p1b: Great Tusk\n|-end|p1b: Great Tusk|Protosynthesis|[silent]\n|move|p2a: Chien-Pao|Ice Spinner|p1a: Gyarados\n|-resisted|p1a: Gyarados\n|-damage|p1a: Gyarados|0 fnt\n|faint|p1a: Gyarados\n|\n|upkeep\n|\n|t:|1683689540\n|switch|p1b: Flutter Mane|Flutter Mane, L50|100\/100\n|switch|p1a: Iron Bundle|Iron Bundle, L50|35\/100\n|turn|9\n|inactive|ballin on deez has 30 seconds left.\n|inactive|ballin on deez has 20 seconds left.\n|\n|t:|1683689576\n|switch|p2b: Arcanine|Arcanine, L50, F|79\/100\n|-ability|p2b: Arcanine|Intimidate|boost\n|-unboost|p1a: Iron Bundle|atk|1\n|-unboost|p1b: Flutter Mane|atk|1\n|move|p1a: Iron Bundle|Protect|p1a: Iron Bundle\n|-singleturn|p1a: Iron Bundle|Protect\n|move|p2a: Chien-Pao|Protect|p2a: Chien-Pao\n|-singleturn|p2a: Chien-Pao|Protect\n|move|p1b: Flutter Mane|Dazzling Gleam|p2a: Chien-Pao|[spread] p2b\n|-activate|p2a: Chien-Pao|move: Protect\n|-resisted|p2b: Arcanine\n|-damage|p2b: Arcanine|65\/100\n|\n|upkeep\n|turn|10\n|\n|t:|1683689594\n|move|p2a: Chien-Pao|Sucker Punch||[still]\n|-fail|p2a: Chien-Pao\n|move|p1a: Iron Bundle|Encore|p2a: Chien-Pao\n|-start|p2a: Chien-Pao|Encore\n|move|p1b: Flutter Mane|Power Gem|p2b: Arcanine\n|-supereffective|p2b: Arcanine\n|-damage|p2b: Arcanine|21\/100\n|-enditem|p2b: Arcanine|Sitrus Berry|[eat]\n|-heal|p2b: Arcanine|46\/100|[from] item: Sitrus Berry\n|move|p2b: Arcanine|Snarl|p1a: Iron Bundle|[spread] p1a,p1b\n|-crit|p1a: Iron Bundle\n|-damage|p1a: Iron Bundle|10\/100\n|-damage|p1b: Flutter Mane|92\/100\n|-unboost|p1a: Iron Bundle|spa|1\n|-unboost|p1b: Flutter Mane|spa|1\n|\n|upkeep\n|turn|11\n|inactive|ballin on deez has 30 seconds left.\n|\n|t:|1683689620\n|move|p2a: Chien-Pao|Sucker Punch|p1b: Flutter Mane\n|-damage|p1b: Flutter Mane|0 fnt\n|faint|p1b: Flutter Mane\n|-end|p1b: Flutter Mane|Protosynthesis|[silent]\n|move|p1a: Iron Bundle|Hydro Pump|p2b: Arcanine\n|-supereffective|p2b: Arcanine\n|-damage|p2b: Arcanine|0 fnt\n|faint|p2b: Arcanine\n|\n|upkeep\n|\n|t:|1683689625\n|switch|p2b: Dragapult|Dragapult, L50, F|100\/100\n|turn|12\n|\n|t:|1683689630\n|move|p1a: Iron Bundle|Protect|p1a: Iron Bundle\n|-singleturn|p1a: Iron Bundle|Protect\n|move|p2a: Chien-Pao|Sucker Punch||[still]\n|-fail|p2a: Chien-Pao\n|move|p2b: Dragapult|Dragon Darts|p1a: Iron Bundle\n|-activate|p1a: Iron Bundle|move: Protect\n|\n|upkeep\n|turn|13\n|\n|t:|1683689640\n|move|p1a: Iron Bundle|Protect||[still]\n|-fail|p1a: Iron Bundle\n|move|p2a: Chien-Pao|Sucker Punch||[still]\n|-fail|p2a: Chien-Pao\n|move|p2b: Dragapult|Dragon Darts|p1a: Iron Bundle\n|-damage|p1a: Iron Bundle|0 fnt\n|faint|p1a: Iron Bundle\n|-end|p1a: Iron Bundle|Quark Drive|[silent]\n|\n|win|Wow_Yangg\n|raw|ballin on deez's rating: 1481 → 1458<\/strong> (-23 for losing)\n|raw|Wow_Yangg's rating: 1424 → 1447<\/strong> (+23 for winning)\n|l|\u2606Wow_Yangg\n","uploadtime":1683689648,"views":17,"p1id":"ballinondeez","p2id":"wowyangg","formatid":"gen9vgc2023regulationc","rating":1447,"private":0,"password":""}