{"id":"gen9vgc2023regulationc-1848844891","p1":"Xepher008","p2":"dpaz72","format":"[Gen 9] VGC 2023 Regulation C","log":"|j|\u2606Xepher008\n|j|\u2606dpaz72\n|t:|1682116717\n|gametype|doubles\n|player|p1|Xepher008|2|1201\n|player|p2|dpaz72|brock|1213\n|teamsize|p1|6\n|teamsize|p2|6\n|gen|9\n|tier|[Gen 9] VGC 2023 Regulation C\n|rated|\n|rule|Species Clause: Limit one of each Pok\u00e9mon\n|rule|Item Clause: Limit one of each item\n|clearpoke\n|poke|p1|Flutter Mane, L50|\n|poke|p1|Gastrodon, L50, M|\n|poke|p1|Chi-Yu, L50|\n|poke|p1|Chien-Pao, L50|\n|poke|p1|Dragonite, L50, M|\n|poke|p1|Amoonguss, L50, M|\n|poke|p2|Pelipper, L50, M|\n|poke|p2|Chien-Pao, L50|\n|poke|p2|Gallade, L50, M|\n|poke|p2|Floatzel, L50, F|\n|poke|p2|Tsareena, L50, F|\n|poke|p2|Roaring Moon, L50|\n|teampreview|4\n|inactive|Battle timer is ON: inactive players will automatically lose when time's up. (requested by dpaz72)\n|\n|t:|1682116755\n|start\n|switch|p1a: Flutter Mane|Flutter Mane, L50|100\/100\n|switch|p1b: Gastrodon|Gastrodon, L50, M|100\/100\n|switch|p2a: Gallade|Gallade, L50, M|100\/100\n|switch|p2b: Chien-Pao|Chien-Pao, L50|100\/100\n|-ability|p2b: Chien-Pao|Sword of Ruin\n|turn|1\n|\n|t:|1682116776\n|-terastallize|p2a: Gallade|Grass\n|-terastallize|p1a: Flutter Mane|Fairy\n|move|p2a: Gallade|Leaf Blade|p1a: Flutter Mane\n|-damage|p1a: Flutter Mane|0 fnt\n|faint|p1a: Flutter Mane\n|-end|p1a: Flutter Mane|Protosynthesis|[silent]\n|move|p2b: Chien-Pao|Crunch|p1b: Gastrodon\n|-damage|p1b: Gastrodon|28\/100\n|-damage|p2b: Chien-Pao|91\/100|[from] item: Life Orb\n|move|p1b: Gastrodon|Muddy Water|p2a: Gallade|[spread] p2a,p2b\n|-resisted|p2a: Gallade\n|-damage|p2a: Gallade|84\/100\n|-damage|p2b: Chien-Pao|44\/100\n|\n|upkeep\n|\n|t:|1682116793\n|switch|p1a: Chi-Yu|Chi-Yu, L50|100\/100\n|-ability|p1a: Chi-Yu|Beads of Ruin\n|turn|2\n|\n|t:|1682116811\n|switch|p2b: Pelipper|Pelipper, L50, M|100\/100\n|-weather|RainDance|[from] ability: Drizzle|[of] p2b: Pelipper\n|move|p1b: Gastrodon|Protect|p1b: Gastrodon\n|-singleturn|p1b: Gastrodon|Protect\n|move|p2a: Gallade|Leaf Blade|p1b: Gastrodon\n|-activate|p1b: Gastrodon|move: Protect\n|move|p1a: Chi-Yu|Heat Wave|p2a: Gallade|[spread] p2a,p2b\n|-supereffective|p2a: Gallade\n|-resisted|p2b: Pelipper\n|-damage|p2a: Gallade|27\/100\n|-damage|p2b: Pelipper|83\/100\n|\n|-weather|RainDance|[upkeep]\n|upkeep\n|turn|3\n|inactive|dpaz72 has 30 seconds left.\n|\n|t:|1682116838\n|switch|p1b: Amoonguss|Amoonguss, L50, M|100\/100\n|move|p2b: Pelipper|Wide Guard|p2b: Pelipper\n|-singleturn|p2b: Pelipper|Wide Guard\n|move|p2a: Gallade|Leaf Blade|p1b: Amoonguss\n|-resisted|p1b: Amoonguss\n|-damage|p1b: Amoonguss|87\/100\n|-damage|p2a: Gallade|10\/100|[from] item: Rocky Helmet|[of] p1b: Amoonguss\n|move|p1a: Chi-Yu|Heat Wave|p2a: Gallade|[spread] \n|-activate|p2a: Gallade|move: Wide Guard\n|-activate|p2b: Pelipper|move: Wide Guard\n|\n|-weather|RainDance|[upkeep]\n|upkeep\n|turn|4\n|inactive|dpaz72 has 30 seconds left.\n|\n|t:|1682116866\n|switch|p2a: Floatzel|Floatzel, L50, F|100\/100\n|move|p1a: Chi-Yu|Protect|p1a: Chi-Yu\n|-singleturn|p1a: Chi-Yu|Protect\n|move|p2b: Pelipper|Hurricane|p1b: Amoonguss\n|-supereffective|p1b: Amoonguss\n|-damage|p1b: Amoonguss|0 fnt\n|faint|p1b: Amoonguss\n|\n|-weather|RainDance|[upkeep]\n|upkeep\n|\n|t:|1682116878\n|switch|p1b: Gastrodon|Gastrodon, L50, M|28\/100\n|turn|5\n|-message|Xepher008 forfeited.\n|\n|win|dpaz72\n|raw|Xepher008's rating: 1201 → 1177<\/strong> (-24 for losing)\n|raw|dpaz72's rating: 1213 → 1237<\/strong> (+24 for winning)\n","uploadtime":1682116894,"views":7,"p1id":"xepher008","p2id":"dpaz72","formatid":"gen9vgc2023regulationc","rating":1177,"private":0,"password":""}