{"id":"gen9vgc2023regulationc-1853191118","p1":"haburasigosi","p2":"kajashi","format":"[Gen 9] VGC 2023 Regulation C","log":"|j|\u2606haburasigosi\n|j|\u2606kajashi\n|t:|1682646503\n|gametype|doubles\n|player|p1|haburasigosi|169|1398\n|player|p2|kajashi|n|1489\n|teamsize|p1|6\n|teamsize|p2|6\n|gen|9\n|tier|[Gen 9] VGC 2023 Regulation C\n|rated|\n|rule|Species Clause: Limit one of each Pok\u00e9mon\n|rule|Item Clause: Limit one of each item\n|clearpoke\n|poke|p1|Amoonguss, L50, M|\n|poke|p1|Gholdengo, L50|\n|poke|p1|Chi-Yu, L50|\n|poke|p1|Flutter Mane, L50|\n|poke|p1|Grimmsnarl, L50, M|\n|poke|p1|Baxcalibur, L50, F|\n|poke|p2|Gyarados, L50, F|\n|poke|p2|Chi-Yu, L50|\n|poke|p2|Iron Hands, L50|\n|poke|p2|Kingambit, L50, M|\n|poke|p2|Amoonguss, L50, F|\n|poke|p2|Flutter Mane, L50|\n|teampreview|4\nkajashi has agreed to open team sheets.\n|\n|t:|1682646562\n|start\n|switch|p1a: Grimmsnarl|Grimmsnarl, L50, M|100\/100\n|switch|p1b: Chi-Yu|Chi-Yu, L50|100\/100\n|switch|p2a: Kingambit|Kingambit, L50, M|100\/100\n|switch|p2b: Amoonguss|Amoonguss, L50, F|100\/100\n|-ability|p1b: Chi-Yu|Beads of Ruin\n|turn|1\n|\n|t:|1682646602\n|switch|p2b: Chi-Yu|Chi-Yu, L50|100\/100\n|-ability|p2b: Chi-Yu|Beads of Ruin\n|-terastallize|p2a: Kingambit|Fire\n|move|p1a: Grimmsnarl|Reflect|p1a: Grimmsnarl\n|-sidestart|p1: haburasigosi|Reflect\n|move|p1b: Chi-Yu|Heat Wave|p2b: Chi-Yu|[spread] p2a,p2b\n|-resisted|p2a: Kingambit\n|-resisted|p2b: Chi-Yu\n|-damage|p2a: Kingambit|84\/100\n|-damage|p2b: Chi-Yu|76\/100\n|move|p2a: Kingambit|Iron Head|p1b: Chi-Yu\n|-resisted|p1b: Chi-Yu\n|-damage|p1b: Chi-Yu|79\/100\n|\n|upkeep\n|turn|2\n|\n|t:|1682646633\n|move|p1a: Grimmsnarl|Light Screen|p1a: Grimmsnarl\n|-sidestart|p1: haburasigosi|move: Light Screen\n|move|p2b: Chi-Yu|Overheat|p1a: Grimmsnarl\n|-damage|p1a: Grimmsnarl|46\/100\n|-unboost|p2b: Chi-Yu|spa|2\n|move|p1b: Chi-Yu|Heat Wave|p2a: Kingambit|[spread] p2b\n|-miss|p1b: Chi-Yu|p2a: Kingambit\n|-resisted|p2b: Chi-Yu\n|-damage|p2b: Chi-Yu|53\/100\n|move|p2a: Kingambit|Low Kick|p1b: Chi-Yu\n|-supereffective|p1b: Chi-Yu\n|-damage|p1b: Chi-Yu|66\/100\n|\n|upkeep\n|turn|3\n|\n|t:|1682646664\n|move|p2b: Chi-Yu|Heat Wave|p1b: Chi-Yu|[spread] p1a,p1b\n|-resisted|p1b: Chi-Yu\n|-damage|p1a: Grimmsnarl|32\/100\n|-damage|p1b: Chi-Yu|60\/100\n|move|p1b: Chi-Yu|Dark Pulse|p2a: Kingambit\n|-damage|p2a: Kingambit|43\/100\n|move|p1a: Grimmsnarl|Spirit Break|p2b: Chi-Yu\n|-damage|p2b: Chi-Yu|6\/100\n|-unboost|p2b: Chi-Yu|spa|1\n|move|p2a: Kingambit|Assurance|p1b: Chi-Yu\n|-resisted|p1b: Chi-Yu\n|-damage|p1b: Chi-Yu|27\/100\n|-enditem|p1b: Chi-Yu|Sitrus Berry|[eat]\n|-heal|p1b: Chi-Yu|51\/100|[from] item: Sitrus Berry\n|\n|upkeep\n|turn|4\n|\n|t:|1682646690\n|switch|p2b: Amoonguss|Amoonguss, L50, F|100\/100\n|move|p1b: Chi-Yu|Heat Wave|p2a: Kingambit|[spread] p2a,p2b\n|-resisted|p2a: Kingambit\n|-supereffective|p2b: Amoonguss\n|-damage|p2a: Kingambit|26\/100\n|-damage|p2b: Amoonguss|8\/100\n|move|p1a: Grimmsnarl|Spirit Break|p2a: Kingambit\n|-resisted|p2a: Kingambit\n|-damage|p2a: Kingambit|14\/100\n|-unboost|p2a: Kingambit|spa|1\n|-ability|p2a: Kingambit|Defiant|boost\n|-boost|p2a: Kingambit|atk|2\n|move|p2a: Kingambit|Iron Head|p1a: Grimmsnarl\n|-supereffective|p1a: Grimmsnarl\n|-damage|p1a: Grimmsnarl|0 fnt\n|faint|p1a: Grimmsnarl\n|\n|upkeep\n|\n|t:|1682646711\n|switch|p1a: Amoonguss|Amoonguss, L50, M|100\/100\n|turn|5\n|\n|t:|1682646744\n|move|p1a: Amoonguss|Rage Powder|p1a: Amoonguss\n|-singleturn|p1a: Amoonguss|move: Rage Powder\n|move|p2a: Kingambit|Sucker Punch||[still]\n|-fail|p2a: Kingambit\n|move|p1b: Chi-Yu|Heat Wave|p2b: Amoonguss|[spread] p2a,p2b\n|-resisted|p2a: Kingambit\n|-supereffective|p2b: Amoonguss\n|-damage|p2a: Kingambit|0 fnt\n|-damage|p2b: Amoonguss|0 fnt\n|faint|p2a: Kingambit\n|faint|p2b: Amoonguss\n|\n|upkeep\n|\n|t:|1682646753\n|switch|p2a: Chi-Yu|Chi-Yu, L50|6\/100\n|switch|p2b: Flutter Mane|Flutter Mane, L50|100\/100\n|-ability|p2a: Chi-Yu|Beads of Ruin\n|-enditem|p2b: Flutter Mane|Booster Energy\n|-activate|p2b: Flutter Mane|ability: Protosynthesis|[fromitem]\n|-start|p2b: Flutter Mane|protosynthesisspa\n|turn|6\n|\n|t:|1682646795\n|-terastallize|p1a: Amoonguss|Water\n|move|p2b: Flutter Mane|Protect|p2b: Flutter Mane\n|-singleturn|p2b: Flutter Mane|Protect\n|move|p2a: Chi-Yu|Protect|p2a: Chi-Yu\n|-singleturn|p2a: Chi-Yu|Protect\n|move|p1b: Chi-Yu|Heat Wave|p2b: Flutter Mane|[spread] \n|-activate|p2a: Chi-Yu|move: Protect\n|-activate|p2b: Flutter Mane|move: Protect\n|move|p1a: Amoonguss|Spore|p2b: Flutter Mane\n|-activate|p2b: Flutter Mane|move: Protect\n|\n|upkeep\n|turn|7\n|\n|t:|1682646823\n|move|p2b: Flutter Mane|Moonblast|p1b: Chi-Yu\n|-damage|p1b: Chi-Yu|12\/100\n|-unboost|p1b: Chi-Yu|spa|1\n|move|p2a: Chi-Yu|Dark Pulse|p1a: Amoonguss\n|-damage|p1a: Amoonguss|69\/100\n|move|p1b: Chi-Yu|Heat Wave|p2b: Flutter Mane|[spread] p2a,p2b\n|-resisted|p2a: Chi-Yu\n|-damage|p2a: Chi-Yu|0 fnt\n|-damage|p2b: Flutter Mane|72\/100\n|-status|p2b: Flutter Mane|brn\n|faint|p2a: Chi-Yu\n|move|p1a: Amoonguss|Spore||[still]\n|-fail|p1a: Amoonguss\n|\n|-damage|p2b: Flutter Mane|67\/100 brn|[from] brn\n|upkeep\n|turn|8\n|-message|kajashi forfeited.\n|\n|win|haburasigosi\n|raw|haburasigosi's rating: 1398 → 1423<\/strong> (+25 for winning)\n|raw|kajashi's rating: 1489 → 1464<\/strong> (-25 for losing)\n","uploadtime":1682646843,"views":6,"p1id":"haburasigosi","p2id":"kajashi","formatid":"gen9vgc2023regulationc","rating":1423,"private":0,"password":""}