{"id":"gen9vgc2023regulationc-1857393332","p1":"Joull","p2":"SurpriseSensei","format":"[Gen 9] VGC 2023 Regulation C","log":"|j|\u2606Joull\n|j|\u2606SurpriseSensei\n|t:|1683185764\n|gametype|doubles\n|player|p1|Joull|lance-gen3|1120\n|player|p2|SurpriseSensei|lady|1203\n|teamsize|p1|6\n|teamsize|p2|6\n|gen|9\n|tier|[Gen 9] VGC 2023 Regulation C\n|rated|\n|rule|Species Clause: Limit one of each Pok\u00e9mon\n|rule|Item Clause: Limit one of each item\n|clearpoke\n|poke|p1|Lycanroc, L50, F|\n|poke|p1|Tyranitar, L50, F|\n|poke|p1|Gastrodon-East, L50, F|\n|poke|p1|Annihilape, L50, M|\n|poke|p1|Brambleghast, L50, F|\n|poke|p1|Corviknight, L50, M|\n|poke|p2|Iron Bundle, L50|\n|poke|p2|Ting-Lu, L50|\n|poke|p2|Ceruledge, L50, M|\n|poke|p2|Roaring Moon, L50|\n|poke|p2|Vivillon-Fancy, L50, M|\n|poke|p2|Abomasnow, L50, M|\n|teampreview|4\nJoull rejected open team sheets.\n|inactive|Battle timer is ON: inactive players will automatically lose when time's up. (requested by Joull)\n|\n|t:|1683185802\n|start\n|switch|p1a: Gurney|Annihilape, L50, M|100\/100\n|switch|p1b: Idaho|Brambleghast, L50, F|100\/100\n|switch|p2a: Ting-Lu|Ting-Lu, L50|100\/100\n|switch|p2b: Abomasnow|Abomasnow, L50, M|100\/100\n|-weather|Snow|[from] ability: Snow Warning|[of] p2b: Abomasnow\n|-ability|p2a: Ting-Lu|Vessel of Ruin\n|turn|1\n|\n|t:|1683185824\n|move|p2a: Ting-Lu|Protect|p2a: Ting-Lu\n|-singleturn|p2a: Ting-Lu|Protect\n|move|p1a: Gurney|Bulk Up|p1a: Gurney\n|-boost|p1a: Gurney|atk|1\n|-boost|p1a: Gurney|def|1\n|move|p1b: Idaho|Leech Seed|p2a: Ting-Lu\n|-activate|p2a: Ting-Lu|move: Protect\n|move|p2b: Abomasnow|Aurora Veil|p2b: Abomasnow\n|-sidestart|p2: SurpriseSensei|move: Aurora Veil\n|\n|-weather|Snow|[upkeep]\n|upkeep\n|turn|2\n|\n|t:|1683185841\n|-terastallize|p2a: Ting-Lu|Ground\n|move|p2b: Abomasnow|Ice Shard|p2a: Ting-Lu\n|-supereffective|p2a: Ting-Lu\n|-damage|p2a: Ting-Lu|90\/100\n|-enditem|p2a: Ting-Lu|Weakness Policy\n|-boost|p2a: Ting-Lu|atk|2|[from] item: Weakness Policy\n|-boost|p2a: Ting-Lu|spa|2|[from] item: Weakness Policy\n|move|p1b: Idaho|Beat Up|p1a: Gurney\n|-damage|p1a: Gurney|96\/100\n|-damage|p1a: Gurney|93\/100\n|-damage|p1a: Gurney|89\/100\n|-damage|p1a: Gurney|85\/100\n|-hitcount|p1a: Gurney|4\n|move|p1a: Gurney|Drain Punch|p2a: Ting-Lu\n|-damage|p2a: Ting-Lu|68\/100\n|-heal|p1a: Gurney|97\/100|[from] drain|[of] p2a: Ting-Lu\n|move|p2a: Ting-Lu|Earthquake|p1a: Gurney|[spread] p2b,p1a,p1b\n|-resisted|p2b: Abomasnow\n|-resisted|p1b: Idaho\n|-damage|p2b: Abomasnow|79\/100\n|-damage|p1a: Gurney|30\/100\n|-damage|p1b: Idaho|27\/100\n|\n|-weather|Snow|[upkeep]\n|upkeep\n|turn|3\n|\n|t:|1683185865\n|switch|p2b: Iron Bundle|Iron Bundle, L50|100\/100\n|move|p2a: Ting-Lu|Protect|p2a: Ting-Lu\n|-singleturn|p2a: Ting-Lu|Protect\n|move|p1a: Gurney|Drain Punch|p2b: Iron Bundle\n|-supereffective|p2b: Iron Bundle\n|-damage|p2b: Iron Bundle|40\/100\n|-heal|p1a: Gurney|48\/100|[from] drain|[of] p2b: Iron Bundle\n|move|p1b: Idaho|Leech Seed|p2a: Ting-Lu\n|-activate|p2a: Ting-Lu|move: Protect\n|\n|-weather|Snow|[upkeep]\n|upkeep\n|turn|4\n|\n|t:|1683185885\n|move|p2b: Iron Bundle|Blizzard|p1a: Gurney|[spread] p1a\n|-ability|p1b: Idaho|Wind Rider|boost\n|-boost|p1b: Idaho|atk|1\n|-damage|p1a: Gurney|8\/100\n|move|p1a: Gurney|Rage Fist|p2a: Ting-Lu\n|-damage|p2a: Ting-Lu|0 fnt\n|faint|p2a: Ting-Lu\n|move|p1b: Idaho|Leech Seed|p2b: Iron Bundle\n|-start|p2b: Iron Bundle|move: Leech Seed\n|\n|-weather|Snow|[upkeep]\n|-damage|p2b: Iron Bundle|28\/100|[from] Leech Seed|[of] p1b: Idaho\n|-heal|p1b: Idaho|38\/100|[silent]\n|upkeep\n|\n|t:|1683185894\n|switch|p2a: Ceruledge|Ceruledge, L50, M|100\/100\n|turn|5\n|\n|t:|1683185904\n|move|p1a: Gurney|Protect|p1a: Gurney\n|-singleturn|p1a: Gurney|Protect\n|move|p2b: Iron Bundle|Blizzard|p1a: Gurney|[spread] \n|-activate|p1a: Gurney|move: Protect\n|-ability|p1b: Idaho|Wind Rider|boost\n|-boost|p1b: Idaho|atk|1\n|move|p1b: Idaho|Leech Seed|p2a: Ceruledge\n|-start|p2a: Ceruledge|move: Leech Seed\n|move|p2a: Ceruledge|Bitter Blade|p1b: Idaho\n|-supereffective|p1b: Idaho\n|-damage|p1b: Idaho|0 fnt\n|faint|p1b: Idaho\n|\n|-weather|none\n|upkeep\n|\n|t:|1683185917\n|switch|p1b: Leto|Tyranitar, L50, F, shiny|100\/100\n|-weather|Sandstorm|[from] ability: Sand Stream|[of] p1b: Leto\n|turn|6\n|\n|t:|1683185927\n|switch|p2a: Abomasnow|Abomasnow, L50, M|79\/100\n|-weather|Snow|[from] ability: Snow Warning|[of] p2a: Abomasnow\n|move|p2b: Iron Bundle|Blizzard|p1a: Gurney|[spread] p1a,p1b\n|-damage|p1a: Gurney|0 fnt\n|-damage|p1b: Leto|61\/100\n|faint|p1a: Gurney\n|move|p1b: Leto|Dragon Dance|p1b: Leto\n|-boost|p1b: Leto|atk|1\n|-boost|p1b: Leto|spe|1\n|\n|-weather|Snow|[upkeep]\n|-damage|p2b: Iron Bundle|16\/100|[from] Leech Seed|[of] p1b: Leto\n|-heal|p1b: Leto|69\/100|[silent]\n|upkeep\n|\n|t:|1683185938\n|switch|p1a: Paul|Lycanroc, L50, F, shiny|100\/100\n|turn|7\n|\n|t:|1683185953\n|move|p2b: Iron Bundle|Blizzard|p1a: Paul|[spread] p1a,p1b\n|-damage|p1a: Paul|4\/100\n|-damage|p1b: Leto|32\/100\n|move|p1a: Paul|Rock Slide|p2b: Iron Bundle|[spread] p2a,p2b\n|-supereffective|p2a: Abomasnow\n|-supereffective|p2b: Iron Bundle\n|-damage|p2a: Abomasnow|34\/100\n|-damage|p2b: Iron Bundle|0 fnt\n|faint|p2b: Iron Bundle\n|-end|p2b: Iron Bundle|Quark Drive|[silent]\n|move|p1b: Leto|Rock Slide|p2a: Abomasnow\n|-supereffective|p2a: Abomasnow\n|-damage|p2a: Abomasnow|0 fnt\n|faint|p2a: Abomasnow\n|\n|-weather|Snow|[upkeep]\n|upkeep\n|\n|t:|1683185960\n|switch|p2b: Ceruledge|Ceruledge, L50, M|100\/100\n|turn|8\n|\n|t:|1683185970\n|move|p2b: Ceruledge|Shadow Sneak|p1a: Paul\n|-damage|p1a: Paul|0 fnt\n|faint|p1a: Paul\n|move|p1b: Leto|Rock Slide|p2b: Ceruledge\n|-supereffective|p2b: Ceruledge\n|-damage|p2b: Ceruledge|30\/100\n|\n|-weather|Snow|[upkeep]\n|-heal|p2b: Ceruledge|36\/100|[from] item: Leftovers\n|-sideend|p2: SurpriseSensei|move: Aurora Veil\n|upkeep\n|turn|9\n|\n|t:|1683185980\n|move|p1b: Leto|Rock Slide|p2b: Ceruledge\n|-supereffective|p2b: Ceruledge\n|-damage|p2b: Ceruledge|0 fnt\n|faint|p2b: Ceruledge\n|\n|win|Joull\n|raw|Joull's rating: 1120 → 1151<\/strong> (+31 for winning)\n|raw|SurpriseSensei's rating: 1203 → 1172<\/strong> (-31 for losing)\n|l|\u2606SurpriseSensei\n","uploadtime":1683185987,"views":4,"p1id":"joull","p2id":"surprisesensei","formatid":"gen9vgc2023regulationc","rating":1151,"private":0,"password":""}