{"id":"gen9vgc2023regulationc-1860140256","p1":"ModestOddish","p2":"YaBoySir","format":"[Gen 9] VGC 2023 Regulation C","log":"|j|\u2606ModestOddish\n|j|\u2606YaBoySir\n|t:|1683600074\n|gametype|doubles\n|player|p1|ModestOddish|lance|1081\n|player|p2|YaBoySir|265|1000\n|teamsize|p1|6\n|teamsize|p2|6\n|gen|9\n|tier|[Gen 9] VGC 2023 Regulation C\n|rated|\n|rule|Species Clause: Limit one of each Pok\u00e9mon\n|rule|Item Clause: Limit one of each item\n|clearpoke\n|poke|p1|Chi-Yu, L50|\n|poke|p1|Gholdengo, L50|\n|poke|p1|Iron Bundle, L50|\n|poke|p1|Maushold-Four, L50|\n|poke|p1|Annihilape, L50, M|\n|poke|p1|Murkrow, L50, M|\n|poke|p2|Ting-Lu, L50|\n|poke|p2|Palafin, L50, M|\n|poke|p2|Amoonguss, L50, M|\n|poke|p2|Arcanine, L50, M|\n|poke|p2|Flutter Mane, L50|\n|poke|p2|Dragonite, L50, M|\n|teampreview|4\n|inactive|Battle timer is ON: inactive players will automatically lose when time's up. (requested by YaBoySir)\n|\n|t:|1683600116\n|start\n|switch|p1a: Murkrow|Murkrow, L50, M|100\/100\n|switch|p1b: Chi-Yu|Chi-Yu, L50|100\/100\n|switch|p2a: Ting-Lu|Ting-Lu, L50|100\/100\n|switch|p2b: Amoonguss|Amoonguss, L50, M, shiny|100\/100\n|-ability|p1b: Chi-Yu|Beads of Ruin\n|-ability|p2a: Ting-Lu|Vessel of Ruin\n|turn|1\n|inactive|YaBoySir has 30 seconds left.\n|\n|t:|1683600148\n|move|p1b: Chi-Yu|Heat Wave|p2a: Ting-Lu|[spread] p2a,p2b\n|-supereffective|p2b: Amoonguss\n|-damage|p2a: Ting-Lu|84\/100\n|-damage|p2b: Amoonguss|52\/100\n|move|p1a: Murkrow|Brave Bird|p2b: Amoonguss\n|-supereffective|p2b: Amoonguss\n|-damage|p2b: Amoonguss|0 fnt\n|faint|p2b: Amoonguss\n|-damage|p1a: Murkrow|78\/100|[from] Recoil\n|move|p2a: Ting-Lu|Stomping Tantrum|p1b: Chi-Yu\n|-supereffective|p1b: Chi-Yu\n|-enditem|p1b: Chi-Yu|Focus Sash\n|-damage|p1b: Chi-Yu|1\/100\n|\n|upkeep\n|\n|t:|1683600156\n|switch|p2b: Palafin|Palafin, L50, M|100\/100\n|turn|2\n|\n|t:|1683600174\n|switch|p1b: Annihilape|Annihilape, L50, M|100\/100\n|move|p2b: Palafin|Jet Punch|p1b: Annihilape\n|-damage|p1b: Annihilape|76\/100\n|move|p2a: Ting-Lu|Heavy Slam|p1a: Murkrow\n|-damage|p1a: Murkrow|38\/100\n|move|p1a: Murkrow|Whirlwind|p2a: Ting-Lu\n|-hint|Since gen 7, Dark is immune to Prankster moves.\n|-immune|p2a: Ting-Lu\n|\n|-heal|p1b: Annihilape|82\/100|[from] item: Leftovers\n|upkeep\n|turn|3\n|inactive|ModestOddish has 30 seconds left.\n|inactive|YaBoySir has 30 seconds left.\n|inactive|ModestOddish has 20 seconds left.\n|inactive|ModestOddish has 15 seconds left.\n|inactive|ModestOddish has 10 seconds left.\n|\n|t:|1683600220\n|switch|p2a: Flutter Mane|Flutter Mane, L50|100\/100\n|-enditem|p2a: Flutter Mane|Booster Energy\n|-activate|p2a: Flutter Mane|ability: Protosynthesis|[fromitem]\n|-start|p2a: Flutter Mane|protosynthesisspe\n|move|p1a: Murkrow|Tailwind|p1a: Murkrow\n|-sidestart|p1: ModestOddish|move: Tailwind\n|move|p1b: Annihilape|Rage Fist|p2b: Palafin\n|-crit|p2b: Palafin\n|-damage|p2b: Palafin|0 fnt\n|faint|p2b: Palafin\n|\n|-heal|p1b: Annihilape|88\/100|[from] item: Leftovers\n|upkeep\n|\n|t:|1683600229\n|switch|p2b: Ting-Lu|Ting-Lu, L50|84\/100\n|-ability|p2b: Ting-Lu|Vessel of Ruin\n|turn|4\n|\n|t:|1683600251\n|move|p1b: Annihilape|Protect|p1b: Annihilape\n|-singleturn|p1b: Annihilape|Protect\n|move|p2a: Flutter Mane|Moonblast|p1b: Annihilape\n|-activate|p1b: Annihilape|move: Protect\n|move|p1a: Murkrow|Brave Bird|p2b: Ting-Lu\n|-damage|p2b: Ting-Lu|65\/100\n|-damage|p1a: Murkrow|27\/100|[from] Recoil\n|move|p2b: Ting-Lu|Heavy Slam|p1a: Murkrow\n|-damage|p1a: Murkrow|0 fnt\n|faint|p1a: Murkrow\n|\n|-heal|p1b: Annihilape|94\/100|[from] item: Leftovers\n|upkeep\n|\n|t:|1683600265\n|switch|p1a: Iron Bundle|Iron Bundle, L50|100\/100\n|-enditem|p1a: Iron Bundle|Booster Energy\n|-activate|p1a: Iron Bundle|ability: Quark Drive|[fromitem]\n|-start|p1a: Iron Bundle|quarkdrivespe\n|turn|5\n|\n|t:|1683600278\n|-terastallize|p2a: Flutter Mane|Ghost\n|-terastallize|p1b: Annihilape|Fire\n|move|p1a: Iron Bundle|Icy Wind|p2b: Ting-Lu|[spread] p2a,p2b\n|-supereffective|p2b: Ting-Lu\n|-damage|p2a: Flutter Mane|84\/100\n|-damage|p2b: Ting-Lu|51\/100\n|-unboost|p2a: Flutter Mane|spe|1\n|-unboost|p2b: Ting-Lu|spe|1\n|move|p1b: Annihilape|Rage Fist|p2a: Flutter Mane\n|-supereffective|p2a: Flutter Mane\n|-damage|p2a: Flutter Mane|0 fnt\n|faint|p2a: Flutter Mane\n|-end|p2a: Flutter Mane|Protosynthesis|[silent]\n|move|p2b: Ting-Lu|Heavy Slam|p1a: Iron Bundle\n|-damage|p1a: Iron Bundle|60\/100\n|\n|-heal|p1b: Annihilape|100\/100|[from] item: Leftovers\n|upkeep\n|turn|6\n|-message|YaBoySir forfeited.\n|\n|win|ModestOddish\n|raw|ModestOddish's rating: 1081 → 1102<\/strong> (+21 for winning)\n|raw|YaBoySir's rating: 1000 → 1000<\/strong> (+0 for losing)\n|l|\u2606YaBoySir\n","uploadtime":1683600317,"views":5,"p1id":"modestoddish","p2id":"yaboysir","formatid":"gen9vgc2023regulationc","rating":1000,"private":0,"password":""}