{"id":"gen9vgc2023regulationc-1845675758","p1":"Phelon","p2":"barriletCosmic","format":"[Gen 9] VGC 2023 Regulation C","log":"|j|\u2606Phelon\n|j|\u2606barriletCosmic\n|t:|1681754640\n|gametype|doubles\n|player|p1|Phelon|burglar|1340\n|player|p2|barriletCosmic|wattson|1241\n|teamsize|p1|6\n|teamsize|p2|6\n|gen|9\n|tier|[Gen 9] VGC 2023 Regulation C\n|rated|\n|rule|Species Clause: Limit one of each Pok\u00e9mon\n|rule|Item Clause: Limit one of each item\n|clearpoke\n|poke|p1|Volcarona, L50, F|\n|poke|p1|Gyarados, L50, M|\n|poke|p1|Wo-Chien, L50|\n|poke|p1|Flutter Mane, L50|\n|poke|p1|Glimmora, L50, M|\n|poke|p1|Baxcalibur, L50, F|\n|poke|p2|Flutter Mane, L50|\n|poke|p2|Scizor, L50, M|\n|poke|p2|Farigiraf, L50, M|\n|poke|p2|Iron Hands, L50|\n|poke|p2|Chi-Yu, L50|\n|poke|p2|Iron Bundle, L50|\n|teampreview|4\nPhelon has agreed to open team sheets.\n|\n|t:|1681754699\n|start\n|switch|p1a: Volcarona|Volcarona, L50, F|100\/100\n|switch|p1b: Glimmora|Glimmora, L50, M|100\/100\n|switch|p2a: Iron Hands|Iron Hands, L50|100\/100\n|switch|p2b: Iron Bundle|Iron Bundle, L50|100\/100\n|-enditem|p2b: Iron Bundle|Booster Energy\n|-activate|p2b: Iron Bundle|ability: Quark Drive|[fromitem]\n|-start|p2b: Iron Bundle|quarkdrivespa\n|turn|1\n|l|\u2606Phelon\n|player|p1|\n|j|\u2606Phelon\n|player|p1|Phelon|burglar\n|\n|t:|1681754741\n|move|p1a: Volcarona|Protect|p1a: Volcarona\n|-singleturn|p1a: Volcarona|Protect\n|move|p2a: Iron Hands|Fake Out|p1a: Volcarona\n|-activate|p1a: Volcarona|move: Protect\n|move|p2b: Iron Bundle|Hydro Pump|p1b: Glimmora\n|-supereffective|p1b: Glimmora\n|-enditem|p1b: Glimmora|Focus Sash\n|-damage|p1b: Glimmora|1\/100\n|move|p1b: Glimmora|Power Gem|p2b: Iron Bundle\n|-supereffective|p2b: Iron Bundle\n|-damage|p2b: Iron Bundle|0 fnt\n|faint|p2b: Iron Bundle\n|-end|p2b: Iron Bundle|Quark Drive|[silent]\n|\n|upkeep\n|\n|t:|1681754759\n|switch|p2b: Flutter Mane|Flutter Mane, L50|100\/100\n|turn|2\n|\n|t:|1681754768\n|-end|p2a: Iron Hands|Quark Drive|[silent]\n|switch|p2a: Scizor|Scizor, L50, M|100\/100\n|move|p1b: Glimmora|Spiky Shield|p1b: Glimmora\n|-singleturn|p1b: Glimmora|move: Protect\n|move|p2b: Flutter Mane|Dazzling Gleam|p1a: Volcarona|[spread] p1a\n|-activate|p1b: Glimmora|move: Protect\n|-resisted|p1a: Volcarona\n|-damage|p1a: Volcarona|86\/100\n|move|p1a: Volcarona|Quiver Dance|p1a: Volcarona\n|-boost|p1a: Volcarona|spa|1\n|-boost|p1a: Volcarona|spd|1\n|-boost|p1a: Volcarona|spe|1\n|\n|upkeep\n|turn|3\n|\n|t:|1681754806\n|-end|p2b: Flutter Mane|Protosynthesis|[silent]\n|switch|p2b: Iron Hands|Iron Hands, L50|100\/100\n|-terastallize|p2a: Scizor|Fire\n|move|p2a: Scizor|Bullet Punch|p1b: Glimmora\n|-supereffective|p1b: Glimmora\n|-damage|p1b: Glimmora|0 fnt\n|-activate|p1b: Glimmora|ability: Toxic Debris\n|-sidestart|p2: barriletCosmic|move: Toxic Spikes\n|faint|p1b: Glimmora\n|-damage|p2a: Scizor|91\/100|[from] item: Life Orb\n|move|p1a: Volcarona|Heat Wave|p2b: Iron Hands|[spread] p2a,p2b\n|-resisted|p2a: Scizor\n|-damage|p2a: Scizor|57\/100\n|-damage|p2b: Iron Hands|69\/100\n|\n|upkeep\n|\n|t:|1681754821\n|switch|p1b: Gyarados|Gyarados, L50, M|100\/100\n|-ability|p1b: Gyarados|Intimidate|boost\n|-unboost|p2a: Scizor|atk|1\n|-unboost|p2b: Iron Hands|atk|1\n|turn|4\n|\n|t:|1681754833\n|switch|p1b: Wo-Chien|Wo-Chien, L50|100\/100\n|-ability|p1b: Wo-Chien|Tablets of Ruin\n|move|p2a: Scizor|Protect|p2a: Scizor\n|-singleturn|p2a: Scizor|Protect\n|move|p1a: Volcarona|Quiver Dance|p1a: Volcarona\n|-boost|p1a: Volcarona|spa|1\n|-boost|p1a: Volcarona|spd|1\n|-boost|p1a: Volcarona|spe|1\n|move|p2b: Iron Hands|Wild Charge|p1b: Wo-Chien\n|-resisted|p1b: Wo-Chien\n|-damage|p1b: Wo-Chien|90\/100\n|-damage|p2b: Iron Hands|67\/100|[from] Recoil\n|\n|-heal|p1b: Wo-Chien|96\/100|[from] item: Leftovers\n|upkeep\n|turn|5\n|-message|barriletCosmic forfeited.\n|\n|win|Phelon\n|raw|Phelon's rating: 1340 → 1354<\/strong> (+14 for winning)\n|raw|barriletCosmic's rating: 1241 → 1223<\/strong> (-18 for losing)\n|l|\u2606barriletCosmic\n","uploadtime":1681754859,"views":5,"p1id":"phelon","p2id":"barriletcosmic","formatid":"gen9vgc2023regulationc","rating":1223,"private":0,"password":""}