{"id":"gen9vgc2023regulationc-1852539073","p1":"Oofohno","p2":"Adobe Acromegaly","format":"[Gen 9] VGC 2023 Regulation C","log":"|j|\u2606Oofohno\n|j|\u2606Adobe Acromegaly\n|t:|1682572272\n|gametype|doubles\n|player|p1|Oofohno|1|1127\n|player|p2|Adobe Acromegaly|may-masters|1128\n|teamsize|p1|6\n|teamsize|p2|6\n|gen|9\n|tier|[Gen 9] VGC 2023 Regulation C\n|rated|\n|rule|Species Clause: Limit one of each Pok\u00e9mon\n|rule|Item Clause: Limit one of each item\n|clearpoke\n|poke|p1|Ceruledge, L50, M|\n|poke|p1|Coalossal, L50, M|\n|poke|p1|Palafin, L50, F|\n|poke|p1|Flamigo, L50, M|\n|poke|p1|Chien-Pao, L50|\n|poke|p1|Kingambit, L50, F|\n|poke|p2|Noivern, L50, M|\n|poke|p2|Garchomp, L50, F|\n|poke|p2|Azumarill, L50, F|\n|poke|p2|Scizor, L50, M|\n|poke|p2|Amoonguss, L50, F|\n|poke|p2|Flutter Mane, L50|\n|teampreview|4\n|inactive|Battle timer is ON: inactive players will automatically lose when time's up. (requested by Oofohno)\nAdobe Acromegaly rejected open team sheets.\n|inactive|Adobe Acromegaly has 60 seconds left.\n|\n|t:|1682572330\n|start\n|switch|p1a: Ceruledge|Ceruledge, L50, M|100\/100\n|switch|p1b: Coalossal|Coalossal, L50, M|100\/100\n|switch|p2a: Noivern|Noivern, L50, M, shiny|100\/100\n|switch|p2b: Flutter Mane|Flutter Mane, L50|100\/100\n|-item|p1a: Ceruledge|Choice Scarf|[from] ability: Frisk|[of] p2a: Noivern|[identify]\n|-item|p1b: Coalossal|Weakness Policy|[from] ability: Frisk|[of] p2a: Noivern|[identify]\n|-enditem|p2b: Flutter Mane|Booster Energy\n|-activate|p2b: Flutter Mane|ability: Protosynthesis|[fromitem]\n|-start|p2b: Flutter Mane|protosynthesisspa\n|turn|1\n|inactive|Adobe Acromegaly has 30 seconds left.\n|\n|t:|1682572359\n|-terastallize|p1b: Coalossal|Grass\n|move|p1a: Ceruledge|Lava Plume|p2b: Flutter Mane|[spread] p1b,p2a,p2b\n|-supereffective|p1b: Coalossal\n|-crit|p1b: Coalossal\n|-resisted|p2a: Noivern\n|-damage|p1b: Coalossal|63\/100\n|-damage|p2a: Noivern|93\/100\n|-damage|p2b: Flutter Mane|84\/100\n|-ability|p1b: Coalossal|Steam Engine|boost\n|-boost|p1b: Coalossal|spe|6\n|-enditem|p1b: Coalossal|Weakness Policy\n|-boost|p1b: Coalossal|atk|2|[from] item: Weakness Policy\n|-boost|p1b: Coalossal|spa|2|[from] item: Weakness Policy\n|move|p1b: Coalossal|Power Gem|p2a: Noivern\n|-supereffective|p2a: Noivern\n|-damage|p2a: Noivern|0 fnt\n|faint|p2a: Noivern\n|move|p2b: Flutter Mane|Shadow Ball|p1b: Coalossal\n|-damage|p1b: Coalossal|13\/100\n|-unboost|p1b: Coalossal|spd|1\n|\n|upkeep\n|inactive|Adobe Acromegaly has 30 seconds left.\n|inactive|Adobe Acromegaly has 20 seconds left.\n|inactive|Adobe Acromegaly has 15 seconds left.\n|\n|t:|1682572400\n|switch|p2a: Azumarill|Azumarill, L50, F|100\/100\n|turn|2\n|\n|t:|1682572415\n|switch|p1a: Palafin|Palafin, L50, F|100\/100\n|move|p1b: Coalossal|Protect|p1b: Coalossal\n|-singleturn|p1b: Coalossal|Protect\n|move|p2b: Flutter Mane|Protect|p2b: Flutter Mane\n|-singleturn|p2b: Flutter Mane|Protect\n|move|p2a: Azumarill|Ice Spinner|p1b: Coalossal\n|-activate|p1b: Coalossal|move: Protect\n|\n|upkeep\n|turn|3\n|inactive|Adobe Acromegaly has 30 seconds left.\n|\n|t:|1682572444\n|detailschange|p1a: Palafin|Palafin-Hero, L50, F\n|switch|p1a: Chien-Pao|Chien-Pao, L50|100\/100\n|-ability|p1a: Chien-Pao|Sword of Ruin\n|move|p1b: Coalossal|Tera Blast|p2a: Azumarill\n|-supereffective|p2a: Azumarill\n|-damage|p2a: Azumarill|2\/100\n|move|p2b: Flutter Mane|Moonblast|p1a: Chien-Pao\n|-supereffective|p1a: Chien-Pao\n|-damage|p1a: Chien-Pao|0 fnt\n|faint|p1a: Chien-Pao\n|move|p2a: Azumarill|Ice Spinner|p1b: Coalossal\n|-supereffective|p1b: Coalossal\n|-damage|p1b: Coalossal|0 fnt\n|faint|p1b: Coalossal\n|\n|upkeep\n|\n|t:|1682572460\n|switch|p1a: Ceruledge|Ceruledge, L50, M|100\/100\n|switch|p1b: Palafin|Palafin-Hero, L50, F|100\/100\n|-activate|p1b: Palafin|ability: Zero to Hero\n|turn|4\n|\n|t:|1682572476\n|move|p2b: Flutter Mane|Protect|p2b: Flutter Mane\n|-singleturn|p2b: Flutter Mane|Protect\n|move|p1b: Palafin|Jet Punch|p2a: Azumarill\n|-resisted|p2a: Azumarill\n|-damage|p2a: Azumarill|0 fnt\n|faint|p2a: Azumarill\n|move|p1a: Ceruledge|Shadow Claw|p2b: Flutter Mane\n|-activate|p2b: Flutter Mane|move: Protect\n|\n|upkeep\n|\n|t:|1682572479\n|switch|p2a: Garchomp|Garchomp, L50, F|100\/100\n|turn|5\n|\n|t:|1682572493\n|-terastallize|p2b: Flutter Mane|Fairy\n|move|p1a: Ceruledge|Shadow Claw|p2b: Flutter Mane\n|-damage|p2b: Flutter Mane|20\/100\n|move|p2b: Flutter Mane|Moonblast|p1b: Palafin\n|-damage|p1b: Palafin|0 fnt\n|faint|p1b: Palafin\n|move|p2a: Garchomp|Stomping Tantrum|p1a: Ceruledge\n|-supereffective|p1a: Ceruledge\n|-damage|p1a: Ceruledge|0 fnt\n|faint|p1a: Ceruledge\n|-damage|p2a: Garchomp|91\/100|[from] item: Life Orb\n|\n|win|Adobe Acromegaly\n|raw|Oofohno's rating: 1127 → 1102<\/strong> (-25 for losing)\n|raw|Adobe Acromegaly's rating: 1128 → 1153<\/strong> (+25 for winning)\n","uploadtime":1682572504,"views":6,"p1id":"oofohno","p2id":"adobeacromegaly","formatid":"gen9vgc2023regulationc","rating":1102,"private":0,"password":""}