{"id":"gen9vgc2023regulationc-1861544879","p1":"mypriestisbad","p2":"Crusaderofni","format":"[Gen 9] VGC 2023 Regulation C","log":"|j|\u2606mypriestisbad\n|j|\u2606Crusaderofni\n|t:|1683771234\n|gametype|doubles\n|player|p1|mypriestisbad|boarder|1314\n|player|p2|Crusaderofni|roughneck-gen4|1371\n|teamsize|p1|6\n|teamsize|p2|6\n|gen|9\n|tier|[Gen 9] VGC 2023 Regulation C\n|rated|\n|rule|Species Clause: Limit one of each Pok\u00e9mon\n|rule|Item Clause: Limit one of each item\n|clearpoke\n|poke|p1|Kingambit, L50, F|\n|poke|p1|Torkoal, L50, F|\n|poke|p1|Flutter Mane, L50|\n|poke|p1|Jumpluff, L50, M|\n|poke|p1|Great Tusk, L50|\n|poke|p1|Chien-Pao, L50|\n|poke|p2|Dondozo, L50, M|\n|poke|p2|Tatsugiri, L50, F|\n|poke|p2|Flutter Mane, L50|\n|poke|p2|Glimmora, L50, F|\n|poke|p2|Dragonite, L50, F|\n|poke|p2|Chi-Yu, L50|\n|teampreview|4\n|inactive|Battle timer is ON: inactive players will automatically lose when time's up. (requested by mypriestisbad)\n|j| sillymode\n|j| nave\n|inactive|mypriestisbad has 60 seconds left.\n|inactive|mypriestisbad has 30 seconds left.\n|inactive|mypriestisbad has 20 seconds left.\n|\n|t:|1683771305\n|start\n|switch|p1a: Jumpluff|Jumpluff, L50, M|100\/100\n|switch|p1b: Torkoal|Torkoal, L50, F|100\/100\n|switch|p2a: Tatsugiri|Tatsugiri, L50, F|100\/100\n|switch|p2b: Glimmora|Glimmora, L50, F|100\/100\n|-weather|SunnyDay|[from] ability: Drought|[of] p1b: Torkoal\n|turn|1\n|inactive|Crusaderofni has 30 seconds left.\n|\n|t:|1683771338\n|move|p1a: Jumpluff|Tailwind|p1a: Jumpluff\n|-sidestart|p1: mypriestisbad|move: Tailwind\n|move|p2a: Tatsugiri|Draco Meteor|p1a: Jumpluff\n|-damage|p1a: Jumpluff|39\/100\n|-unboost|p2a: Tatsugiri|spa|2\n|move|p2b: Glimmora|Mortal Spin|p1a: Jumpluff|[spread] p1a,p1b\n|-supereffective|p1a: Jumpluff\n|-damage|p1a: Jumpluff|28\/100\n|-damage|p1b: Torkoal|97\/100\n|-status|p1b: Torkoal|psn\n|move|p1b: Torkoal|Fissure|p2b: Glimmora\n|-damage|p2b: Glimmora|0 fnt\n|-activate|p2b: Glimmora|ability: Toxic Debris\n|-sidestart|p1: mypriestisbad|move: Toxic Spikes\n|faint|p2b: Glimmora\n|-ohko\n|\n|-weather|SunnyDay|[upkeep]\n|-damage|p1b: Torkoal|84\/100 psn|[from] psn\n|upkeep\n|\n|t:|1683771357\n|switch|p2b: Flutter Mane|Flutter Mane, L50|100\/100\n|-activate|p2b: Flutter Mane|ability: Protosynthesis\n|-start|p2b: Flutter Mane|protosynthesisspe\n|turn|2\n|inactive|mypriestisbad has 30 seconds left.\n|inactive|Crusaderofni has 30 seconds left.\n|\n|t:|1683771390\n|switch|p2a: Chi-Yu|Chi-Yu, L50|100\/100\n|-ability|p2a: Chi-Yu|Beads of Ruin\n|move|p2b: Flutter Mane|Protect|p2b: Flutter Mane\n|-singleturn|p2b: Flutter Mane|Protect\n|move|p1a: Jumpluff|Sleep Powder|p2a: Chi-Yu\n|-status|p2a: Chi-Yu|slp|[from] move: Sleep Powder\n|move|p1b: Torkoal|Overheat|p2b: Flutter Mane\n|-activate|p2b: Flutter Mane|move: Protect\n|\n|-weather|SunnyDay|[upkeep]\n|-damage|p1b: Torkoal|72\/100 psn|[from] psn\n|upkeep\n|turn|3\n|l| nave\n|\n|t:|1683771404\n|-terastallize|p2b: Flutter Mane|Fairy\n|cant|p2a: Chi-Yu|slp\n|move|p1a: Jumpluff|Sleep Powder|p2b: Flutter Mane\n|-status|p2b: Flutter Mane|slp|[from] move: Sleep Powder\n|cant|p2b: Flutter Mane|slp\n|move|p1b: Torkoal|Fissure|p2a: Chi-Yu|[miss]\n|-miss|p1b: Torkoal|p2a: Chi-Yu\n|\n|-weather|SunnyDay|[upkeep]\n|-damage|p1b: Torkoal|59\/100 psn|[from] psn\n|upkeep\n|turn|4\n|inactive|mypriestisbad has 30 seconds left.\n|inactive|mypriestisbad has 20 seconds left.\n|inactive|mypriestisbad has 15 seconds left.\n|inactive|mypriestisbad has 10 seconds left.\n|inactive|mypriestisbad has 5 seconds left.\n|\n|t:|1683771459\n|move|p1a: Jumpluff|Leaf Storm|p2b: Flutter Mane\n|-damage|p2b: Flutter Mane|59\/100 slp\n|-unboost|p1a: Jumpluff|spa|2\n|cant|p2b: Flutter Mane|slp\n|cant|p2a: Chi-Yu|slp\n|move|p1b: Torkoal|Overheat|p2b: Flutter Mane\n|-damage|p2b: Flutter Mane|0 fnt\n|-unboost|p1b: Torkoal|spa|2\n|-enditem|p1b: Torkoal|Eject Pack\n|faint|p2b: Flutter Mane\n|-end|p2b: Flutter Mane|Protosynthesis|[silent]\n|\n|t:|1683771473\n|switch|p1b: Flutter Mane|Flutter Mane, L50|100\/100\n|-status|p1b: Flutter Mane|psn\n|-activate|p1b: Flutter Mane|ability: Protosynthesis\n|-start|p1b: Flutter Mane|protosynthesisspa\n|\n|-weather|SunnyDay|[upkeep]\n|-damage|p1b: Flutter Mane|89\/100 psn|[from] psn\n|-sideend|p1: mypriestisbad|move: Tailwind\n|upkeep\n|\n|t:|1683771478\n|switch|p2b: Tatsugiri|Tatsugiri, L50, F|100\/100\n|turn|5\n|\n|t:|1683771492\n|move|p1a: Jumpluff|Sleep Powder|p2b: Tatsugiri|[miss]\n|-miss|p1a: Jumpluff|p2b: Tatsugiri\n|move|p2b: Tatsugiri|Icy Wind|p1a: Jumpluff|[spread] p1a,p1b\n|-supereffective|p1a: Jumpluff\n|-damage|p1a: Jumpluff|0 fnt\n|-damage|p1b: Flutter Mane|70\/100 psn\n|-unboost|p1b: Flutter Mane|spe|1\n|faint|p1a: Jumpluff\n|-curestatus|p2a: Chi-Yu|slp|[msg]\n|move|p2a: Chi-Yu|Heat Wave|p1b: Flutter Mane\n|-damage|p1b: Flutter Mane|0 fnt\n|faint|p1b: Flutter Mane\n|-end|p1b: Flutter Mane|Protosynthesis|[silent]\n|\n|-weather|none\n|upkeep\n|\n|t:|1683771507\n|switch|p1b: Torkoal|Torkoal, L50, F|59\/100 psn\n|switch|p1a: Great Tusk|Great Tusk, L50|100\/100\n|-status|p1a: Great Tusk|psn\n|-weather|SunnyDay|[from] ability: Drought|[of] p1b: Torkoal\n|-activate|p1a: Great Tusk|ability: Protosynthesis\n|-start|p1a: Great Tusk|protosynthesisatk\n|turn|6\n|l| sillymode\n|\n|t:|1683771522\n|-terastallize|p1b: Torkoal|Flying\n|move|p1b: Torkoal|Helping Hand|p1a: Great Tusk\n|-singleturn|p1a: Great Tusk|Helping Hand|[of] p1b: Torkoal\n|move|p2b: Tatsugiri|Icy Wind|p1b: Torkoal|[spread] p1a,p1b\n|-supereffective|p1a: Great Tusk\n|-supereffective|p1b: Torkoal\n|-damage|p1a: Great Tusk|43\/100 psn\n|-damage|p1b: Torkoal|8\/100 psn\n|-unboost|p1a: Great Tusk|spe|1\n|-unboost|p1b: Torkoal|spe|1\n|move|p2a: Chi-Yu|Overheat|p1a: Great Tusk\n|-damage|p1a: Great Tusk|0 fnt\n|-unboost|p2a: Chi-Yu|spa|2\n|faint|p1a: Great Tusk\n|-end|p1a: Great Tusk|Protosynthesis|[silent]\n|\n|-weather|SunnyDay|[upkeep]\n|-damage|p1b: Torkoal|0 fnt|[from] psn\n|faint|p1b: Torkoal\n|\n|win|Crusaderofni\n|upkeep\n|raw|mypriestisbad's rating: 1314 → 1297<\/strong> (-17 for losing)\n|raw|Crusaderofni's rating: 1371 → 1388<\/strong> (+17 for winning)\n|l|\u2606mypriestisbad\n","uploadtime":1683771547,"views":13,"p1id":"mypriestisbad","p2id":"crusaderofni","formatid":"gen9vgc2023regulationc","rating":1297,"private":0,"password":""}