{"id":"gen9vgc2023regulationc-1846789176","p1":"Ello Mr.Person","p2":"wolfrust","format":"[Gen 9] VGC 2023 Regulation C","log":"|j|\u2606Ello Mr.Person\n|j|\u2606wolfrust\n|t:|1681879597\n|gametype|doubles\n|player|p1|Ello Mr.Person|veteran|1037\n|player|p2|wolfrust|lucas-gen4pt|1000\n|teamsize|p1|6\n|teamsize|p2|5\n|gen|9\n|tier|[Gen 9] VGC 2023 Regulation C\n|rated|\n|rule|Species Clause: Limit one of each Pok\u00e9mon\n|rule|Item Clause: Limit one of each item\n|clearpoke\n|poke|p1|Dachsbun, L50, F|\n|poke|p1|Armarouge, L50, M|\n|poke|p1|Indeedee-F, L50, F|\n|poke|p1|Amoonguss, L50, F|\n|poke|p1|Ting-Lu, L50|\n|poke|p1|Rotom-Wash, L50|\n|poke|p2|Alomomola, L50, M|\n|poke|p2|Tinkaton, L50, F|\n|poke|p2|Gengar, L50, M|\n|poke|p2|Banette, L50, F|\n|poke|p2|Meowscarada, L50, M|\n|teampreview|4\n|inactive|Battle timer is ON: inactive players will automatically lose when time's up. (requested by wolfrust)\n|inactive|Ello Mr.Person has 60 seconds left.\n|\n|t:|1681879631\n|start\n|switch|p1a: Armarouge|Armarouge, L50, M|100\/100\n|switch|p1b: Dachsbun|Dachsbun, L50, F|100\/100\n|switch|p2a: Tinkaton|Tinkaton, L50, F|100\/100\n|switch|p2b: Gengar|Gengar, L50, M|100\/100\n|turn|1\n|\n|t:|1681879655\n|-terastallize|p1a: Armarouge|Fire\n|move|p2a: Tinkaton|Fake Out|p1a: Armarouge\n|-damage|p1a: Armarouge|92\/100\n|move|p2b: Gengar|Reflect Type|p2a: Tinkaton\n|-start|p2b: Gengar|typechange|[from] move: Reflect Type|[of] p2a: Tinkaton\n|move|p1b: Dachsbun|Body Press|p2a: Tinkaton\n|-damage|p2a: Tinkaton|68\/100\n|-enditem|p1b: Dachsbun|Leftovers|[silent]|[from] ability: Pickpocket|[of] p1b: Dachsbun\n|-item|p2a: Tinkaton|Leftovers|[from] ability: Pickpocket|[of] p1b: Dachsbun\n|cant|p1a: Armarouge|flinch\n|\n|-heal|p2a: Tinkaton|74\/100|[from] item: Leftovers\n|upkeep\n|turn|2\n|inactive|wolfrust has 30 seconds left.\n|l|\u2606wolfrust\n|inactive|wolfrust disconnected and has a minute to reconnect!\n|player|p2|\n|inactive|Ello Mr.Person has 30 seconds left.\n|inactive|wolfrust has 20 seconds left.\n|inactive|wolfrust has 15 seconds left.\n|j|\u2606wolfrust\n|inactive|wolfrust reconnected and has 15 seconds left.\n|player|p2|wolfrust|lucas-gen4pt\n|inactive|wolfrust has 10 seconds left.\n|\n|t:|1681879704\n|switch|p2a: Alomomola|Alomomola, L50, M|100\/100\n|move|p2b: Gengar|Substitute|p2b: Gengar\n|-start|p2b: Gengar|Substitute\n|-damage|p2b: Gengar|76\/100\n|move|p1b: Dachsbun|Body Press|p2a: Alomomola\n|-damage|p2a: Alomomola|87\/100\n|move|p1a: Armarouge|Lava Plume|p2b: Gengar|[spread] p2a,p2b\n|-ability|p1b: Dachsbun|Well-Baked Body|boost\n|-boost|p1b: Dachsbun|def|2\n|-supereffective|p2b: Gengar\n|-end|p2b: Gengar|Substitute\n|-resisted|p2a: Alomomola\n|-damage|p2a: Alomomola|44\/100\n|-status|p2a: Alomomola|brn\n|\n|-heal|p2b: Gengar|82\/100|[from] item: Leftovers\n|-damage|p2a: Alomomola|38\/100 brn|[from] brn\n|upkeep\n|turn|3\n|inactive|Ello Mr.Person has 30 seconds left.\n|inactive|wolfrust has 30 seconds left.\n|\n|t:|1681879732\n|move|p2b: Gengar|Shadow Ball|p1b: Dachsbun\n|-damage|p1b: Dachsbun|50\/100\n|move|p1b: Dachsbun|Body Press|p2a: Alomomola\n|-damage|p2a: Alomomola|12\/100 brn\n|move|p1a: Armarouge|Lava Plume|p2a: Alomomola|[spread] p2a,p2b\n|-ability|p1b: Dachsbun|Well-Baked Body|boost\n|-boost|p1b: Dachsbun|def|2\n|-resisted|p2a: Alomomola\n|-supereffective|p2b: Gengar\n|-damage|p2a: Alomomola|0 fnt\n|-damage|p2b: Gengar|0 fnt\n|faint|p2a: Alomomola\n|faint|p2b: Gengar\n|\n|upkeep\n|\n|t:|1681879745\n|switch|p2b: Tinkaton|Tinkaton, L50, F|74\/100\n|switch|p2a: Meowscarada|Meowscarada, L50, M|100\/100\n|turn|4\n|\n|t:|1681879767\n|-terastallize|p2b: Tinkaton|Ghost\n|move|p2b: Tinkaton|Fake Out|p1b: Dachsbun\n|-damage|p1b: Dachsbun|47\/100\n|move|p2a: Meowscarada|Grassy Terrain|p2a: Meowscarada\n|-start|p2a: Meowscarada|typechange|Grass|[from] ability: Protean\n|-fieldstart|move: Grassy Terrain\n|cant|p1b: Dachsbun|flinch\n|move|p1a: Armarouge|Lava Plume|p2a: Meowscarada|[spread] p2a,p2b\n|-ability|p1b: Dachsbun|Well-Baked Body|boost\n|-boost|p1b: Dachsbun|def|2\n|-supereffective|p2a: Meowscarada\n|-damage|p2a: Meowscarada|0 fnt\n|-damage|p2b: Tinkaton|8\/100\n|-status|p2b: Tinkaton|brn\n|faint|p2a: Meowscarada\n|\n|-heal|p2b: Tinkaton|14\/100 brn|[from] Grassy Terrain\n|-heal|p2b: Tinkaton|20\/100 brn|[from] item: Leftovers\n|-heal|p1b: Dachsbun|53\/100|[from] Grassy Terrain\n|-heal|p1a: Armarouge|98\/100|[from] Grassy Terrain\n|-damage|p2b: Tinkaton|14\/100 brn|[from] brn\n|upkeep\n|turn|5\n|inactive|Ello Mr.Person has 30 seconds left.\n|inactive|wolfrust has 30 seconds left.\n|\n|t:|1681879797\n|move|p2b: Tinkaton|Helping Hand|p2: Meowscarada|[notarget]\n|-fail|p2b: Tinkaton\n|move|p1b: Dachsbun|Crunch|p2b: Tinkaton\n|-supereffective|p2b: Tinkaton\n|-damage|p2b: Tinkaton|0 fnt\n|faint|p2b: Tinkaton\n|\n|win|Ello Mr.Person\n|raw|Ello Mr.Person's rating: 1037 → 1068<\/strong> (+31 for winning)\n|raw|wolfrust's rating: 1000 → 1000<\/strong> (+0 for losing)\n|l|\u2606Ello Mr.Person\n|l|\u2606wolfrust\n|j|\u2606wolfrust\n|player|p2|wolfrust|lucas-gen4pt\n","uploadtime":1681880844,"views":7,"p1id":"ellomrperson","p2id":"wolfrust","formatid":"gen9vgc2023regulationc","rating":1000,"private":0,"password":""}