{"id":"gen9vgc2023regulationc-1848650913","p1":"IJustateyourdog","p2":"Pokeshane156","format":"[Gen 9] VGC 2023 Regulation C","log":"|j|\u2606IJustateyourdog\n|j|\u2606Pokeshane156\n|t:|1682097719\n|gametype|doubles\n|player|p1|IJustateyourdog|265|1155\n|player|p2|Pokeshane156|thorton|1141\n|teamsize|p1|6\n|teamsize|p2|6\n|gen|9\n|tier|[Gen 9] VGC 2023 Regulation C\n|rated|\n|rule|Species Clause: Limit one of each Pok\u00e9mon\n|rule|Item Clause: Limit one of each item\n|clearpoke\n|poke|p1|Palafin, L50, F|\n|poke|p1|Chien-Pao, L50|\n|poke|p1|Dragapult, L50, M|\n|poke|p1|Amoonguss, L50, F|\n|poke|p1|Arcanine, L50, M|\n|poke|p1|Flutter Mane, L50|\n|poke|p2|Chien-Pao, L50|\n|poke|p2|Dragonite, L50, F|\n|poke|p2|Flutter Mane, L50|\n|poke|p2|Azumarill, L50, M|\n|poke|p2|Arcanine, L50, F|\n|poke|p2|Amoonguss, L50, M|\n|teampreview|4\n|\n|t:|1682097752\n|start\n|switch|p1a: Chien-Pao|Chien-Pao, L50|100\/100\n|switch|p1b: Amoonguss|Amoonguss, L50, F|100\/100\n|switch|p2a: Chien-Pao|Chien-Pao, L50|100\/100\n|switch|p2b: Arcanine|Arcanine, L50, F|100\/100\n|-ability|p2a: Chien-Pao|Sword of Ruin\n|-ability|p1a: Chien-Pao|Sword of Ruin\n|-ability|p2b: Arcanine|Intimidate|boost\n|-unboost|p1a: Chien-Pao|atk|1\n|-unboost|p1b: Amoonguss|atk|1\n|turn|1\n|inactive|Battle timer is ON: inactive players will automatically lose when time's up. (requested by IJustateyourdog)\n|\n|t:|1682097773\n|switch|p1b: Fluttermane|Flutter Mane, L50|100\/100\n|-enditem|p1b: Fluttermane|Booster Energy\n|-activate|p1b: Fluttermane|ability: Protosynthesis|[fromitem]\n|-start|p1b: Fluttermane|protosynthesisspa\n|move|p2a: Chien-Pao|Protect|p2a: Chien-Pao\n|-singleturn|p2a: Chien-Pao|Protect\n|move|p1a: Chien-Pao|Protect|p1a: Chien-Pao\n|-singleturn|p1a: Chien-Pao|Protect\n|move|p2b: Arcanine|Will-O-Wisp|p1a: Chien-Pao\n|-activate|p1a: Chien-Pao|move: Protect\n|\n|upkeep\n|turn|2\n|inactive|Pokeshane156 has 30 seconds left.\n|inactive|Pokeshane156 has 20 seconds left.\n|inactive|Pokeshane156 has 15 seconds left.\n|\n|t:|1682097816\n|-terastallize|p2a: Chien-Pao|Ghost\n|move|p2a: Chien-Pao|Sucker Punch|p1b: Fluttermane\n|-damage|p1b: Fluttermane|38\/100\n|move|p1a: Chien-Pao|Sucker Punch||[still]\n|-fail|p1a: Chien-Pao\n|move|p1b: Fluttermane|Shadow Ball|p2b: Arcanine\n|-crit|p2b: Arcanine\n|-damage|p2b: Arcanine|33\/100\n|-unboost|p2b: Arcanine|spd|1\n|move|p2b: Arcanine|Will-O-Wisp|p1a: Chien-Pao\n|-status|p1a: Chien-Pao|brn\n|\n|-damage|p1a: Chien-Pao|95\/100 brn|[from] brn\n|upkeep\n|turn|3\n|inactive|Pokeshane156 has 30 seconds left.\n|inactive|Pokeshane156 has 20 seconds left.\n|inactive|Pokeshane156 has 15 seconds left.\n|\n|t:|1682097857\n|switch|p2b: Amoonguss|Amoonguss, L50, M|100\/100\n|move|p2a: Chien-Pao|Protect|p2a: Chien-Pao\n|-singleturn|p2a: Chien-Pao|Protect\n|move|p1b: Fluttermane|Protect|p1b: Fluttermane\n|-singleturn|p1b: Fluttermane|Protect\n|move|p1a: Chien-Pao|Sucker Punch||[still]\n|-fail|p1a: Chien-Pao\n|\n|-damage|p1a: Chien-Pao|89\/100 brn|[from] brn\n|upkeep\n|turn|4\n|inactive|Pokeshane156 has 30 seconds left.\n|\n|t:|1682097886\n|-end|p1b: Fluttermane|Protosynthesis|[silent]\n|switch|p1b: Arcanine|Arcanine, L50, M|100\/100\n|-ability|p1b: Arcanine|Intimidate|boost\n|-unboost|p2a: Chien-Pao|atk|1\n|-unboost|p2b: Amoonguss|atk|1\n|move|p2b: Amoonguss|Rage Powder|p2b: Amoonguss\n|-singleturn|p2b: Amoonguss|move: Rage Powder\n|move|p1a: Chien-Pao|Sucker Punch||[still]\n|-fail|p1a: Chien-Pao\n|move|p2a: Chien-Pao|Sacred Sword|p1a: Chien-Pao\n|-supereffective|p1a: Chien-Pao\n|-damage|p1a: Chien-Pao|0 fnt\n|faint|p1a: Chien-Pao\n|\n|upkeep\n|\n|t:|1682097900\n|switch|p1a: Amoonguss|Amoonguss, L50, F|100\/100\n|turn|5\n|\n|t:|1682097920\n|switch|p2b: Arcanine|Arcanine, L50, F|33\/100\n|-ability|p2b: Arcanine|Intimidate|boost\n|-unboost|p1a: Amoonguss|atk|1\n|-unboost|p1b: Arcanine|atk|1\n|move|p2a: Chien-Pao|Protect|p2a: Chien-Pao\n|-singleturn|p2a: Chien-Pao|Protect\n|move|p1a: Amoonguss|Rage Powder|p1a: Amoonguss\n|-singleturn|p1a: Amoonguss|move: Rage Powder\n|move|p1b: Arcanine|Will-O-Wisp|p2a: Chien-Pao\n|-activate|p2a: Chien-Pao|move: Protect\n|\n|upkeep\n|turn|6\n|\n|t:|1682097943\n|switch|p2a: Amoonguss|Amoonguss, L50, M|100\/100\n|move|p2b: Arcanine|Protect|p2b: Arcanine\n|-singleturn|p2b: Arcanine|Protect\n|move|p1b: Arcanine|Extreme Speed|p2b: Arcanine\n|-activate|p2b: Arcanine|move: Protect\n|move|p1a: Amoonguss|Spore|p2a: Amoonguss\n|-immune|p2a: Amoonguss\n|\n|upkeep\n|turn|7\n|inactive|Pokeshane156 has 30 seconds left.\n|inactive|Pokeshane156 has 20 seconds left.\n|\n|t:|1682097978\n|move|p1a: Amoonguss|Protect|p1a: Amoonguss\n|-singleturn|p1a: Amoonguss|Protect\n|move|p1b: Arcanine|Flare Blitz|p2a: Amoonguss\n|-supereffective|p2a: Amoonguss\n|-damage|p2a: Amoonguss|50\/100\n|-damage|p1b: Arcanine|82\/100|[from] Recoil\n|move|p2b: Arcanine|Flare Blitz|p1a: Amoonguss\n|-activate|p1a: Amoonguss|move: Protect\n|move|p2a: Amoonguss|Pollen Puff|p1a: Amoonguss\n|-activate|p1a: Amoonguss|move: Protect\n|\n|upkeep\n|turn|8\n|\n|t:|1682098003\n|switch|p2a: Azumarill|Azumarill, L50, M|100\/100\n|-terastallize|p1a: Amoonguss|Water\n|move|p1a: Amoonguss|Rage Powder|p1a: Amoonguss\n|-singleturn|p1a: Amoonguss|move: Rage Powder\n|move|p1b: Arcanine|Flare Blitz|p2a: Azumarill\n|-resisted|p2a: Azumarill\n|-damage|p2a: Azumarill|83\/100\n|-damage|p1b: Arcanine|76\/100|[from] Recoil\n|move|p2b: Arcanine|Flare Blitz|p1a: Amoonguss\n|-resisted|p1a: Amoonguss\n|-damage|p1a: Amoonguss|81\/100\n|-damage|p2b: Arcanine|25\/100|[from] Recoil\n|\n|upkeep\n|turn|9\n|inactive|Pokeshane156 has 30 seconds left.\n|inactive|Pokeshane156 has 20 seconds left.\n|\n|t:|1682098041\n|move|p1b: Arcanine|Protect|p1b: Arcanine\n|-singleturn|p1b: Arcanine|Protect\n|move|p2a: Azumarill|Protect|p2a: Azumarill\n|-singleturn|p2a: Azumarill|Protect\n|move|p2b: Arcanine|Extreme Speed|p1a: Amoonguss\n|-damage|p1a: Amoonguss|62\/100\n|move|p1a: Amoonguss|Spore|p2a: Azumarill\n|-activate|p2a: Azumarill|move: Protect\n|\n|upkeep\n|turn|10\n|\n|t:|1682098062\n|switch|p2a: Amoonguss|Amoonguss, L50, M|84\/100\n|move|p1b: Arcanine|Extreme Speed|p2b: Arcanine\n|-damage|p2b: Arcanine|10\/100\n|move|p2b: Arcanine|Extreme Speed|p1a: Amoonguss\n|-damage|p1a: Amoonguss|43\/100\n|-enditem|p1a: Amoonguss|Sitrus Berry|[eat]\n|-heal|p1a: Amoonguss|68\/100|[from] item: Sitrus Berry\n|move|p1a: Amoonguss|Spore|p2a: Amoonguss\n|-immune|p2a: Amoonguss\n|\n|upkeep\n|turn|11\n|inactive|Pokeshane156 has 30 seconds left.\n|inactive|Pokeshane156 has 20 seconds left.\n|inactive|Pokeshane156 has 15 seconds left.\n|inactive|Pokeshane156 has 10 seconds left.\n|\n|t:|1682098111\n|move|p1a: Amoonguss|Protect|p1a: Amoonguss\n|-singleturn|p1a: Amoonguss|Protect\n|move|p1b: Arcanine|Extreme Speed|p2b: Arcanine\n|-damage|p2b: Arcanine|0 fnt\n|faint|p2b: Arcanine\n|move|p2a: Amoonguss|Spore|p2: Arcanine|[notarget]\n|-fail|p2a: Amoonguss\n|\n|upkeep\n|\n|t:|1682098130\n|switch|p2b: Azumarill|Azumarill, L50, M|83\/100\n|turn|12\n|\n|t:|1682098151\n|move|p1a: Amoonguss|Rage Powder|p1a: Amoonguss\n|-singleturn|p1a: Amoonguss|move: Rage Powder\n|move|p1b: Arcanine|Flare Blitz|p2a: Amoonguss\n|-supereffective|p2a: Amoonguss\n|-damage|p2a: Amoonguss|24\/100\n|-damage|p1b: Arcanine|53\/100|[from] Recoil\n|move|p2b: Azumarill|Belly Drum|p2b: Azumarill\n|-damage|p2b: Azumarill|33\/100\n|-setboost|p2b: Azumarill|atk|6|[from] move: Belly Drum\n|-enditem|p2b: Azumarill|Sitrus Berry|[eat]\n|-heal|p2b: Azumarill|58\/100|[from] item: Sitrus Berry\n|move|p2a: Amoonguss|Pollen Puff|p2b: Azumarill\n|-heal|p2b: Azumarill|100\/100\n|\n|upkeep\n|turn|13\n|inactive|Pokeshane156 has 30 seconds left.\n|inactive|Pokeshane156 has 20 seconds left.\n|\n|t:|1682098190\n|switch|p2a: Chien-Pao|Chien-Pao, L50, tera:Ghost|100\/100\n|-ability|p2a: Chien-Pao|Sword of Ruin\n|move|p1b: Arcanine|Protect|p1b: Arcanine\n|-singleturn|p1b: Arcanine|Protect\n|move|p2b: Azumarill|Play Rough|p1a: Amoonguss\n|-damage|p1a: Amoonguss|0 fnt\n|faint|p1a: Amoonguss\n|\n|upkeep\n|\n|t:|1682098208\n|switch|p1a: Fluttermane|Flutter Mane, L50|38\/100\n|turn|14\n|\n|t:|1682098231\n|move|p2b: Azumarill|Aqua Jet|p1b: Arcanine\n|-supereffective|p1b: Arcanine\n|-damage|p1b: Arcanine|0 fnt\n|faint|p1b: Arcanine\n|move|p2a: Chien-Pao|Ice Spinner|p1a: Fluttermane\n|-damage|p1a: Fluttermane|0 fnt\n|faint|p1a: Fluttermane\n|-end|p1a: Fluttermane|Protosynthesis|[silent]\n|\n|win|Pokeshane156\n|raw|IJustateyourdog's rating: 1155 → 1129<\/strong> (-26 for losing)\n|raw|Pokeshane156's rating: 1141 → 1167<\/strong> (+26 for winning)\n|l|\u2606IJustateyourdog\n|l|\u2606Pokeshane156\n|j|\u2606Pokeshane156\n|player|p2|Pokeshane156|thorton\n|l|\u2606Pokeshane156\n|player|p2|\n|j|\u2606Pokeshane156\n|player|p2|Pokeshane156|thorton\n","uploadtime":1682098252,"views":9,"p1id":"ijustateyourdog","p2id":"pokeshane156","formatid":"gen9vgc2023regulationc","rating":1129,"private":0,"password":""}