{"id":"gen9vgc2023regulationc-1847420010","p1":"NicoHaxVGC","p2":"Gametown","format":"[Gen 9] VGC 2023 Regulation C","log":"|j|\u2606NicoHaxVGC\n|j|\u2606Gametown\n|t:|1681952967\n|gametype|doubles\n|player|p1|NicoHaxVGC|red|1105\n|player|p2|Gametown|265|1000\n|teamsize|p1|6\n|teamsize|p2|6\n|gen|9\n|tier|[Gen 9] VGC 2023 Regulation C\n|rated|\n|rule|Species Clause: Limit one of each Pok\u00e9mon\n|rule|Item Clause: Limit one of each item\n|clearpoke\n|poke|p1|Flutter Mane, L50|\n|poke|p1|Palafin, L50, F|\n|poke|p1|Ting-Lu, L50|\n|poke|p1|Arcanine, L50, F|\n|poke|p1|Amoonguss, L50, F|\n|poke|p1|Dragonite, L50, F|\n|poke|p2|Murkrow, L50, M|\n|poke|p2|Ceruledge, L50, F|\n|poke|p2|Wo-Chien, L50|\n|poke|p2|Baxcalibur, L50, F|\n|poke|p2|Great Tusk, L50|\n|poke|p2|Flutter Mane, L50|\n|teampreview|4\n|inactive|Battle timer is ON: inactive players will automatically lose when time's up. (requested by NicoHaxVGC)\n|inactive|NicoHaxVGC has 60 seconds left.\n|\n|t:|1681953002\n|start\n|switch|p1a: Arcanine|Arcanine, L50, F|100\/100\n|switch|p1b: Palafin|Palafin, L50, F|100\/100\n|switch|p2a: Murkrow|Murkrow, L50, M|100\/100\n|switch|p2b: Wo-Chien|Wo-Chien, L50|100\/100\n|-ability|p1a: Arcanine|Intimidate|boost\n|-unboost|p2a: Murkrow|atk|1\n|-unboost|p2b: Wo-Chien|atk|1\n|-ability|p2b: Wo-Chien|Tablets of Ruin\n|turn|1\n|inactive|Gametown has 30 seconds left.\n|\n|t:|1681953029\n|move|p2a: Murkrow|Sunny Day|p2a: Murkrow\n|-weather|SunnyDay\n|move|p1a: Arcanine|Howl|p1a: Arcanine|[spread] p1a,p1b\n|-boost|p1a: Arcanine|atk|1\n|-boost|p1b: Palafin|atk|1\n|move|p1b: Palafin|Wave Crash|p2a: Murkrow\n|-damage|p2a: Murkrow|20\/100\n|-damage|p1b: Palafin|83\/100|[from] Recoil\n|move|p2b: Wo-Chien|Growth|p2b: Wo-Chien\n|-boost|p2b: Wo-Chien|atk|2\n|-boost|p2b: Wo-Chien|spa|2\n|\n|-weather|SunnyDay|[upkeep]\n|upkeep\n|turn|2\n|\n|t:|1681953047\n|-terastallize|p2b: Wo-Chien|Flying\n|move|p2a: Murkrow|Tailwind|p2a: Murkrow\n|-sidestart|p2: Gametown|move: Tailwind\n|move|p1b: Palafin|Jet Punch|p2a: Murkrow\n|-damage|p2a: Murkrow|0 fnt\n|faint|p2a: Murkrow\n|move|p2b: Wo-Chien|Giga Drain|p1b: Palafin\n|-supereffective|p1b: Palafin\n|-damage|p1b: Palafin|0 fnt\n|faint|p1b: Palafin\n|move|p1a: Arcanine|Flare Blitz|p2b: Wo-Chien\n|-damage|p2b: Wo-Chien|25\/100\n|-damage|p1a: Arcanine|76\/100|[from] Recoil\n|\n|-weather|SunnyDay|[upkeep]\n|-heal|p2b: Wo-Chien|31\/100|[from] item: Leftovers\n|upkeep\n|\n|t:|1681953066\n|switch|p2a: Ceruledge|Ceruledge, L50, F|100\/100\n|switch|p1b: Dragonite|Dragonite, L50, F|100\/100\n|turn|3\n|inactive|NicoHaxVGC has 30 seconds left.\n|\n|t:|1681953091\n|-terastallize|p1b: Dragonite|Flying\n|move|p1b: Dragonite|Extreme Speed|p2b: Wo-Chien\n|-damage|p2b: Wo-Chien|9\/100\n|move|p2a: Ceruledge|Clear Smog|p1a: Arcanine\n|-damage|p1a: Arcanine|68\/100\n|-clearboost|p1a: Arcanine\n|move|p2b: Wo-Chien|Giga Drain|p1b: Dragonite\n|-resisted|p1b: Dragonite\n|-damage|p1b: Dragonite|82\/100\n|-heal|p2b: Wo-Chien|18\/100|[from] drain|[of] p1b: Dragonite\n|move|p1a: Arcanine|Howl|p1a: Arcanine|[spread] p1a,p1b\n|-boost|p1a: Arcanine|atk|1\n|-boost|p1b: Dragonite|atk|1\n|\n|-weather|SunnyDay|[upkeep]\n|-heal|p2b: Wo-Chien|24\/100|[from] item: Leftovers\n|upkeep\n|turn|4\n|inactive|Gametown has 30 seconds left.\n|\n|t:|1681953119\n|move|p2a: Ceruledge|Bulk Up|p2a: Ceruledge\n|-boost|p2a: Ceruledge|atk|1\n|-boost|p2a: Ceruledge|def|1\n|move|p2b: Wo-Chien|Tera Blast|p1a: Arcanine\n|-damage|p1a: Arcanine|0 fnt\n|faint|p1a: Arcanine\n|move|p1b: Dragonite|Tera Blast|p2a: Ceruledge\n|-damage|p2a: Ceruledge|49\/100\n|-enditem|p2a: Ceruledge|Sitrus Berry|[eat]\n|-heal|p2a: Ceruledge|74\/100|[from] item: Sitrus Berry\n|\n|-weather|SunnyDay|[upkeep]\n|-heal|p2b: Wo-Chien|30\/100|[from] item: Leftovers\n|upkeep\n|\n|t:|1681953131\n|switch|p1a: Ting-Lu|Ting-Lu, L50|100\/100\n|-ability|p1a: Ting-Lu|Vessel of Ruin\n|turn|5\n|\n|t:|1681953156\n|move|p2a: Ceruledge|Bitter Blade|p1b: Dragonite\n|-damage|p1b: Dragonite|11\/100\n|-heal|p2a: Ceruledge|100\/100|[from] drain|[of] p1b: Dragonite\n|move|p2b: Wo-Chien|Giga Drain|p1a: Ting-Lu\n|-supereffective|p1a: Ting-Lu\n|-damage|p1a: Ting-Lu|48\/100\n|-heal|p2b: Wo-Chien|63\/100|[from] drain|[of] p1a: Ting-Lu\n|move|p1b: Dragonite|Ice Spinner|p2b: Wo-Chien\n|-supereffective|p2b: Wo-Chien\n|-damage|p2b: Wo-Chien|0 fnt\n|faint|p2b: Wo-Chien\n|move|p1a: Ting-Lu|Stomping Tantrum|p2a: Ceruledge\n|-supereffective|p2a: Ceruledge\n|-damage|p2a: Ceruledge|52\/100\n|\n|-weather|none\n|-sideend|p2: Gametown|move: Tailwind\n|upkeep\n|\n|t:|1681953172\n|switch|p2b: Baxcalibur|Baxcalibur, L50, F|100\/100\n|turn|6\n|\n|t:|1681953191\n|move|p2a: Ceruledge|Shadow Sneak|p1b: Dragonite\n|-damage|p1b: Dragonite|0 fnt\n|faint|p1b: Dragonite\n|move|p2b: Baxcalibur|Icicle Crash|p1a: Ting-Lu|[miss]\n|-miss|p2b: Baxcalibur|p1a: Ting-Lu\n|move|p1a: Ting-Lu|Stomping Tantrum|p2a: Ceruledge\n|-supereffective|p2a: Ceruledge\n|-damage|p2a: Ceruledge|5\/100\n|\n|upkeep\n|turn|7\n|\n|t:|1681953206\n|move|p2b: Baxcalibur|Glaive Rush|p1a: Ting-Lu\n|-damage|p1a: Ting-Lu|10\/100\n|-singlemove|p2b: Baxcalibur|Glaive Rush|[silent]\n|move|p2a: Ceruledge|Bitter Blade|p1a: Ting-Lu\n|-damage|p1a: Ting-Lu|0 fnt\n|-heal|p2a: Ceruledge|13\/100|[from] drain|[of] p1a: Ting-Lu\n|faint|p1a: Ting-Lu\n|\n|win|Gametown\n|raw|NicoHaxVGC's rating: 1105 → 1073<\/strong> (-32 for losing)\n|raw|Gametown's rating: 1000 → 1052<\/strong> (+52 for winning)\n","uploadtime":1681953216,"views":12,"p1id":"nicohaxvgc","p2id":"gametown","formatid":"gen9vgc2023regulationc","rating":1052,"private":0,"password":""}