{"id":"gen9vgc2023regulationc-1862393310","p1":"ZoryaPet","p2":"codymclark","format":"[Gen 9] VGC 2023 Regulation C","log":"|j|\u2606ZoryaPet\n|j|\u2606codymclark\n|t:|1683878580\n|gametype|doubles\n|player|p1|ZoryaPet|roxie|\n|player|p2|codymclark|cynthia|\n|teamsize|p1|6\n|teamsize|p2|6\n|gen|9\n|tier|[Gen 9] VGC 2023 Regulation C\n|rule|Species Clause: Limit one of each Pok\u00e9mon\n|rule|Item Clause: Limit one of each item\n|clearpoke\n|poke|p1|Iron Bundle, L50|\n|poke|p1|Flutter Mane, L50|\n|poke|p1|Gholdengo, L50|\n|poke|p1|Amoonguss, L50, M|\n|poke|p1|Murkrow, L50, M|\n|poke|p1|Great Tusk, L50|\n|poke|p2|Pelipper, L50, F|\n|poke|p2|Drednaw, L50, M|\n|poke|p2|Flutter Mane, L50|\n|poke|p2|Dragonite, L50, F|\n|poke|p2|Iron Hands, L50|\n|poke|p2|Rotom-Wash, L50|\n|teampreview|4\ncodymclark has agreed to open team sheets.\nZoryaPet has agreed to open team sheets.\n|\n|t:|1683878630\n|start\n|switch|p1a: Great Tusk|Great Tusk, L50|100\/100\n|switch|p1b: Murkrow|Murkrow, L50, M|100\/100\n|switch|p2a: Rotom|Rotom-Wash, L50|100\/100\n|switch|p2b: Iron Hands|Iron Hands, L50, shiny|100\/100\n|turn|1\n|\n|t:|1683878673\n|-terastallize|p1b: Murkrow|Ghost\n|move|p2b: Iron Hands|Fake Out|p1b: Murkrow\n|-immune|p1b: Murkrow\n|move|p1b: Murkrow|Sunny Day|p1b: Murkrow\n|-weather|SunnyDay\n|-activate|p1a: Great Tusk|ability: Protosynthesis\n|-start|p1a: Great Tusk|protosynthesisatk\n|move|p1a: Great Tusk|Earthquake|p2b: Iron Hands|[spread] p1b,p2b\n|-immune|p2a: Rotom|[from] ability: Levitate\n|-supereffective|p2b: Iron Hands\n|-damage|p1b: Murkrow|36\/100\n|-damage|p2b: Iron Hands|32\/100\n|move|p2a: Rotom|Will-O-Wisp|p1a: Great Tusk\n|-status|p1a: Great Tusk|brn\n|\n|-weather|SunnyDay|[upkeep]\n|-damage|p1a: Great Tusk|95\/100 brn|[from] brn\n|upkeep\n|turn|2\n|\n|t:|1683878719\n|-end|p1a: Great Tusk|Protosynthesis|[silent]\n|switch|p1a: Gholdengo|Gholdengo, L50|100\/100\n|move|p2a: Rotom|Nasty Plot|p2a: Rotom\n|-boost|p2a: Rotom|spa|2\n|move|p1b: Murkrow|Foul Play|p1a: Gholdengo\n|-supereffective|p1a: Gholdengo\n|-damage|p1a: Gholdengo|71\/100\n|move|p2b: Iron Hands|Wild Charge|p1b: Murkrow\n|-damage|p1b: Murkrow|0 fnt\n|faint|p1b: Murkrow\n|-damage|p2b: Iron Hands|26\/100|[from] Recoil\n|\n|-weather|SunnyDay|[upkeep]\n|-heal|p1a: Gholdengo|78\/100|[from] item: Leftovers\n|upkeep\n|\n|t:|1683878729\n|switch|p1b: Iron Bundle|Iron Bundle, L50|100\/100\n|-enditem|p1b: Iron Bundle|Booster Energy\n|-activate|p1b: Iron Bundle|ability: Quark Drive|[fromitem]\n|-start|p1b: Iron Bundle|quarkdrivespe\n|turn|3\n|\n|t:|1683878749\n|move|p1b: Iron Bundle|Freeze-Dry|p2a: Rotom\n|-supereffective|p2a: Rotom\n|-damage|p2a: Rotom|28\/100\n|move|p2a: Rotom|Thunderbolt|p1b: Iron Bundle\n|-supereffective|p1b: Iron Bundle\n|-damage|p1b: Iron Bundle|0 fnt\n|faint|p1b: Iron Bundle\n|-end|p1b: Iron Bundle|Quark Drive|[silent]\n|move|p1a: Gholdengo|Make It Rain|p2a: Rotom|[spread] p2a,p2b\n|-resisted|p2a: Rotom\n|-resisted|p2b: Iron Hands\n|-damage|p2a: Rotom|17\/100\n|-damage|p2b: Iron Hands|14\/100\n|-unboost|p1a: Gholdengo|spa|1\n|move|p2b: Iron Hands|Wild Charge|p1a: Gholdengo\n|-crit|p1a: Gholdengo\n|-damage|p1a: Gholdengo|17\/100\n|-damage|p2b: Iron Hands|2\/100|[from] Recoil\n|\n|-weather|SunnyDay|[upkeep]\n|-heal|p1a: Gholdengo|23\/100|[from] item: Leftovers\n|upkeep\n|\n|t:|1683878756\n|switch|p1b: Great Tusk|Great Tusk, L50|95\/100 brn\n|-activate|p1b: Great Tusk|ability: Protosynthesis\n|-start|p1b: Great Tusk|protosynthesisatk\n|turn|4\n|\n|t:|1683878791\n|move|p1b: Great Tusk|Rock Slide|p2a: Rotom|[spread] p2a,p2b\n|-resisted|p2b: Iron Hands\n|-damage|p2a: Rotom|5\/100\n|-damage|p2b: Iron Hands|0 fnt\n|faint|p2b: Iron Hands\n|-end|p2b: Iron Hands|Quark Drive|[silent]\n|cant|p2a: Rotom|flinch\n|move|p1a: Gholdengo|Make It Rain|p2a: Rotom\n|-resisted|p2a: Rotom\n|-damage|p2a: Rotom|0 fnt\n|-unboost|p1a: Gholdengo|spa|1\n|faint|p2a: Rotom\n|\n|-weather|SunnyDay|[upkeep]\n|-heal|p1a: Gholdengo|29\/100|[from] item: Leftovers\n|-damage|p1b: Great Tusk|89\/100 brn|[from] brn\n|upkeep\n|\n|t:|1683878806\n|switch|p2a: Drednaw|Drednaw, L50, M, shiny|100\/100\n|switch|p2b: Pelipper|Pelipper, L50, F|100\/100\n|-weather|RainDance|[from] ability: Drizzle|[of] p2b: Pelipper\n|-end|p1b: Great Tusk|Protosynthesis\n|turn|5\n|\n|t:|1683878822\n|move|p2b: Pelipper|Wide Guard|p2b: Pelipper\n|-singleturn|p2b: Pelipper|Wide Guard\n|move|p1b: Great Tusk|Rock Slide|p2b: Pelipper|[spread] \n|-activate|p2a: Drednaw|move: Wide Guard\n|-activate|p2b: Pelipper|move: Wide Guard\n|move|p2a: Drednaw|Rock Slide|p1a: Gholdengo|[spread] p1a\n|-miss|p2a: Drednaw|p1b: Great Tusk\n|-resisted|p1a: Gholdengo\n|-damage|p1a: Gholdengo|9\/100\n|move|p1a: Gholdengo|Make It Rain|p2a: Drednaw|[spread] \n|-activate|p2a: Drednaw|move: Wide Guard\n|-activate|p2b: Pelipper|move: Wide Guard\n|\n|-weather|RainDance|[upkeep]\n|-heal|p1a: Gholdengo|15\/100|[from] item: Leftovers\n|-damage|p1b: Great Tusk|83\/100 brn|[from] brn\n|upkeep\n|turn|6\n|\n|t:|1683878841\n|move|p2b: Pelipper|Wide Guard|p2b: Pelipper\n|-singleturn|p2b: Pelipper|Wide Guard\n|move|p1b: Great Tusk|Rock Slide|p2b: Pelipper|[spread] \n|-activate|p2a: Drednaw|move: Wide Guard\n|-activate|p2b: Pelipper|move: Wide Guard\n|move|p2a: Drednaw|Rock Slide|p1a: Gholdengo|[spread] \n|-miss|p2a: Drednaw|p1a: Gholdengo\n|-miss|p2a: Drednaw|p1b: Great Tusk\n|move|p1a: Gholdengo|Shadow Ball|p2b: Pelipper\n|-damage|p2b: Pelipper|65\/100\n|\n|-weather|RainDance|[upkeep]\n|-heal|p1a: Gholdengo|21\/100|[from] item: Leftovers\n|-damage|p1b: Great Tusk|77\/100 brn|[from] brn\n|upkeep\n|turn|7\n|\n|t:|1683878880\n|-terastallize|p2a: Drednaw|Grass\n|move|p1a: Gholdengo|Protect|p1a: Gholdengo\n|-singleturn|p1a: Gholdengo|Protect\n|move|p2b: Pelipper|Wide Guard|p2b: Pelipper\n|-singleturn|p2b: Pelipper|Wide Guard\n|move|p1b: Great Tusk|Rock Slide|p2a: Drednaw|[spread] \n|-activate|p2a: Drednaw|move: Wide Guard\n|-activate|p2b: Pelipper|move: Wide Guard\n|move|p2a: Drednaw|Rock Slide|p1b: Great Tusk|[spread] p1b\n|-activate|p1a: Gholdengo|move: Protect\n|-resisted|p1b: Great Tusk\n|-damage|p1b: Great Tusk|69\/100 brn\n|\n|-weather|RainDance|[upkeep]\n|-heal|p1a: Gholdengo|27\/100|[from] item: Leftovers\n|-damage|p1b: Great Tusk|63\/100 brn|[from] brn\n|upkeep\n|turn|8\n|\n|t:|1683878899\n|move|p1b: Great Tusk|Rock Slide|p2a: Drednaw|[spread] p2a,p2b\n|-supereffective|p2b: Pelipper\n|-damage|p2a: Drednaw|90\/100\n|-damage|p2b: Pelipper|34\/100\n|cant|p2a: Drednaw|flinch\n|cant|p2b: Pelipper|flinch\n|move|p1a: Gholdengo|Nasty Plot|p1a: Gholdengo\n|-boost|p1a: Gholdengo|spa|2\n|\n|-weather|RainDance|[upkeep]\n|-heal|p1a: Gholdengo|34\/100|[from] item: Leftovers\n|-damage|p1b: Great Tusk|57\/100 brn|[from] brn\n|upkeep\n|turn|9\n|\n|t:|1683878917\n|move|p2b: Pelipper|Wide Guard|p2b: Pelipper\n|-singleturn|p2b: Pelipper|Wide Guard\n|move|p2a: Drednaw|Rock Slide|p1a: Gholdengo|[spread] p1a\n|-miss|p2a: Drednaw|p1b: Great Tusk\n|-resisted|p1a: Gholdengo\n|-damage|p1a: Gholdengo|15\/100\n|move|p1b: Great Tusk|Rock Slide|p2b: Pelipper|[spread] \n|-activate|p2a: Drednaw|move: Wide Guard\n|-activate|p2b: Pelipper|move: Wide Guard\n|move|p1a: Gholdengo|Shadow Ball|p2b: Pelipper\n|-damage|p2b: Pelipper|0 fnt\n|faint|p2b: Pelipper\n|\n|-weather|none\n|-heal|p1a: Gholdengo|21\/100|[from] item: Leftovers\n|-damage|p1b: Great Tusk|52\/100 brn|[from] brn\n|upkeep\n|turn|10\n|\n|t:|1683878934\n|move|p1b: Great Tusk|Rock Slide|p2a: Drednaw\n|-damage|p2a: Drednaw|74\/100\n|move|p1a: Gholdengo|Make It Rain|p2a: Drednaw\n|-damage|p2a: Drednaw|0 fnt\n|-unboost|p1a: Gholdengo|spa|1\n|faint|p2a: Drednaw\n|\n|win|ZoryaPet\n","uploadtime":1683878945,"views":7,"p1id":"zoryapet","p2id":"codymclark","formatid":"gen9vgc2023regulationc","rating":0,"private":0,"password":""}