{"id":"gen9vgc2023regulationc-1850590213","p1":"Rando4023","p2":"xiaoyang2004","format":"[Gen 9] VGC 2023 Regulation C","log":"|j|\u2606Rando4023\n|j|\u2606xiaoyang2004\n|t:|1682351171\n|gametype|doubles\n|player|p1|Rando4023|red|1392\n|player|p2|xiaoyang2004|lyra|1422\n|teamsize|p1|6\n|teamsize|p2|6\n|gen|9\n|tier|[Gen 9] VGC 2023 Regulation C\n|rated|\n|rule|Species Clause: Limit one of each Pok\u00e9mon\n|rule|Item Clause: Limit one of each item\n|clearpoke\n|poke|p1|Lucario, L50, F|\n|poke|p1|Amoonguss, L50, F|\n|poke|p1|Talonflame, L50, F|\n|poke|p1|Flutter Mane, L50|\n|poke|p1|Garchomp, L50, M|\n|poke|p1|Palafin, L50, M|\n|poke|p2|Pelipper, L50, M|\n|poke|p2|Iron Hands, L50|\n|poke|p2|Palafin, L50, M|\n|poke|p2|Gholdengo, L50|\n|poke|p2|Drednaw, L50, M|\n|poke|p2|Chien-Pao, L50|\n|teampreview|4\n|\n|t:|1682351202\n|start\n|switch|p1a: Talonflame|Talonflame, L50, F|100\/100\n|switch|p1b: Garchomp|Garchomp, L50, M|100\/100\n|switch|p2a: Palafin|Palafin, L50, M, shiny|100\/100\n|switch|p2b: Drednaw|Drednaw, L50, M, shiny|100\/100\n|turn|1\n|inactive|Battle timer is ON: inactive players will automatically lose when time's up. (requested by Rando4023)\n|\n|t:|1682351232\n|detailschange|p2a: Palafin|Palafin-Hero, L50, M, shiny\n|switch|p2a: Pelipper|Pelipper, L50, M, shiny|100\/100\n|-weather|RainDance|[from] ability: Drizzle|[of] p2a: Pelipper\n|-terastallize|p2b: Drednaw|Grass\n|move|p1a: Talonflame|Tailwind|p1a: Talonflame\n|-sidestart|p1: Rando4023|move: Tailwind\n|move|p1b: Garchomp|Earthquake|p2b: Drednaw|[spread] p2b\n|-immune|p1a: Talonflame\n|-immune|p2a: Pelipper\n|-resisted|p2b: Drednaw\n|-damage|p2b: Drednaw|81\/100\n|move|p2b: Drednaw|Rock Slide|p1a: Talonflame|[spread] p1a,p1b\n|-supereffective|p1a: Talonflame\n|-resisted|p1b: Garchomp\n|-damage|p1a: Talonflame|0 fnt\n|-damage|p1b: Garchomp|88\/100\n|faint|p1a: Talonflame\n|\n|-weather|RainDance|[upkeep]\n|upkeep\n|inactive|Rando4023 has 30 seconds left.\n|\n|t:|1682351257\n|switch|p1a: Lucario|Lucario, L50, F|100\/100\n|turn|2\n|c|\u2606Rando4023|Oops wrong button\n|inactive|Rando4023 has 30 seconds left.\n|inactive|Rando4023 has 20 seconds left.\n|inactive|Rando4023 has 15 seconds left.\n|\n|t:|1682351297\n|move|p2b: Drednaw|Protect|p2b: Drednaw\n|-singleturn|p2b: Drednaw|Protect\n|move|p1a: Lucario|Close Combat|p2b: Drednaw\n|-activate|p2b: Drednaw|move: Protect\n|move|p1b: Garchomp|Dragon Claw|p2b: Drednaw\n|-activate|p2b: Drednaw|move: Protect\n|move|p2a: Pelipper|Tailwind|p2a: Pelipper\n|-sidestart|p2: xiaoyang2004|move: Tailwind\n|\n|-weather|RainDance|[upkeep]\n|upkeep\n|turn|3\n|\n|t:|1682351316\n|move|p2b: Drednaw|Liquidation|p1a: Lucario\n|-damage|p1a: Lucario|0 fnt\n|faint|p1a: Lucario\n|move|p1b: Garchomp|Dragon Claw|p2b: Drednaw\n|-damage|p2b: Drednaw|31\/100\n|move|p2a: Pelipper|Hurricane|p1b: Garchomp\n|-damage|p1b: Garchomp|49\/100\n|\n|-weather|RainDance|[upkeep]\n|upkeep\n|\n|t:|1682351320\n|switch|p1a: Flutter Mane|Flutter Mane, L50|100\/100\n|-enditem|p1a: Flutter Mane|Booster Energy\n|-activate|p1a: Flutter Mane|ability: Protosynthesis|[fromitem]\n|-start|p1a: Flutter Mane|protosynthesisspa\n|turn|4\n|\n|t:|1682351340\n|-terastallize|p1a: Flutter Mane|Fairy\n|move|p2b: Drednaw|Protect|p2b: Drednaw\n|-singleturn|p2b: Drednaw|Protect\n|move|p1b: Garchomp|Protect|p1b: Garchomp\n|-singleturn|p1b: Garchomp|Protect\n|move|p2a: Pelipper|Protect|p2a: Pelipper\n|-singleturn|p2a: Pelipper|Protect\n|move|p1a: Flutter Mane|Dazzling Gleam|p2b: Drednaw|[spread] \n|-activate|p2a: Pelipper|move: Protect\n|-activate|p2b: Drednaw|move: Protect\n|\n|-weather|RainDance|[upkeep]\n|-sideend|p1: Rando4023|move: Tailwind\n|upkeep\n|turn|5\n|\n|t:|1682351364\n|move|p1a: Flutter Mane|Protect|p1a: Flutter Mane\n|-singleturn|p1a: Flutter Mane|Protect\n|move|p1b: Garchomp|Protect||[still]\n|-fail|p1b: Garchomp\n|move|p2b: Drednaw|Liquidation|p1a: Flutter Mane\n|-activate|p1a: Flutter Mane|move: Protect\n|move|p2a: Pelipper|Hurricane|p1b: Garchomp\n|-damage|p1b: Garchomp|14\/100\n|\n|-weather|RainDance|[upkeep]\n|-sideend|p2: xiaoyang2004|move: Tailwind\n|upkeep\n|turn|6\n|\n|t:|1682351385\n|move|p2b: Drednaw|Liquidation|p1a: Flutter Mane\n|-damage|p1a: Flutter Mane|0 fnt\n|faint|p1a: Flutter Mane\n|-end|p1a: Flutter Mane|Protosynthesis|[silent]\n|move|p1b: Garchomp|Dragon Claw|p2a: Pelipper\n|-damage|p2a: Pelipper|57\/100\n|move|p2a: Pelipper|Tailwind|p2a: Pelipper\n|-sidestart|p2: xiaoyang2004|move: Tailwind\n|\n|-weather|RainDance|[upkeep]\n|upkeep\n|turn|7\n|\n|t:|1682351398\n|move|p2b: Drednaw|Tera Blast|p1b: Garchomp\n|-damage|p1b: Garchomp|0 fnt\n|faint|p1b: Garchomp\n|\n|win|xiaoyang2004\n|raw|Rando4023's rating: 1392 → 1374<\/strong> (-18 for losing)\n|raw|xiaoyang2004's rating: 1422 → 1440<\/strong> (+18 for winning)\n|l|\u2606Rando4023\n","uploadtime":1682351407,"views":17,"p1id":"rando4023","p2id":"xiaoyang2004","formatid":"gen9vgc2023regulationc","rating":1374,"private":0,"password":""}