{"id":"gen9vgc2023regulationc-1855244658","p1":"Harris6","p2":"jakevw19","format":"[Gen 9] VGC 2023 Regulation C","log":"|j|\u2606Harris6\n|j|\u2606jakevw19\n|t:|1682921780\n|gametype|doubles\n|player|p1|Harris6|170|1203\n|player|p2|jakevw19|depotagent|1227\n|teamsize|p1|6\n|teamsize|p2|6\n|gen|9\n|tier|[Gen 9] VGC 2023 Regulation C\n|rated|\n|rule|Species Clause: Limit one of each Pok\u00e9mon\n|rule|Item Clause: Limit one of each item\n|clearpoke\n|poke|p1|Dragapult, L50, M|\n|poke|p1|Gholdengo, L50|\n|poke|p1|Murkrow, L50, F|\n|poke|p1|Flutter Mane, L50|\n|poke|p1|Palafin, L50, M|\n|poke|p1|Farigiraf, L50, F|\n|poke|p2|Garganacl, L50, F|\n|poke|p2|Glimmora, L50, F|\n|poke|p2|Palafin, L50, F|\n|poke|p2|Rotom-Heat, L50|\n|poke|p2|Mimikyu, L50, M|\n|poke|p2|Ting-Lu, L50|\n|teampreview|4\n|c|\u2606jakevw19|bro\n|c|\u2606jakevw19|why everyone using murcrow today\n|\n|t:|1682921821\n|start\n|switch|p1a: Palafin|Palafin, L50, M|100\/100\n|switch|p1b: Gholdengo|Gholdengo, L50|100\/100\n|switch|p2a: The Oven|Rotom-Heat, L50|100\/100\n|switch|p2b: The Devil (FTB)|Glimmora, L50, F|100\/100\n|turn|1\n|\n|t:|1682921840\n|move|p1a: Palafin|Flip Turn|p2b: The Devil (FTB)\n|-supereffective|p2b: The Devil (FTB)\n|-damage|p2b: The Devil (FTB)|46\/100\n|-activate|p2b: The Devil (FTB)|ability: Toxic Debris\n|-sidestart|p1: Harris6|move: Toxic Spikes\n|\n|t:|1682921852\n|detailschange|p1a: Palafin|Palafin-Hero, L50, M\n|switch|p1a: Flutter Mane|Flutter Mane, L50|100\/100|[from] Flip Turn\n|-enditem|p1a: Flutter Mane|Booster Energy\n|-activate|p1a: Flutter Mane|ability: Protosynthesis|[fromitem]\n|-start|p1a: Flutter Mane|protosynthesisspa\n|-status|p1a: Flutter Mane|psn\n|move|p2b: The Devil (FTB)|Earth Power|p1b: Gholdengo\n|-supereffective|p1b: Gholdengo\n|-damage|p1b: Gholdengo|31\/100\n|move|p2a: The Oven|Volt Switch|p1a: Flutter Mane\n|-damage|p1a: Flutter Mane|49\/100 psn\n|\n|t:|1682921863\n|switch|p2a: The Moose|Ting-Lu, L50|100\/100|[from] Volt Switch\n|-ability|p2a: The Moose|Vessel of Ruin\n|move|p1b: Gholdengo|Shadow Ball|p2a: The Moose\n|-resisted|p2a: The Moose\n|-damage|p2a: The Moose|87\/100\n|-unboost|p2a: The Moose|spd|1\n|-damage|p1b: Gholdengo|21\/100|[from] item: Life Orb\n|\n|-damage|p1a: Flutter Mane|37\/100 psn|[from] psn\n|upkeep\n|turn|2\n|\n|t:|1682921892\n|move|p2b: The Devil (FTB)|Spiky Shield|p2b: The Devil (FTB)\n|-singleturn|p2b: The Devil (FTB)|move: Protect\n|move|p2a: The Moose|Protect|p2a: The Moose\n|-singleturn|p2a: The Moose|Protect\n|move|p1a: Flutter Mane|Dazzling Gleam|p2a: The Moose|[spread] \n|-activate|p2a: The Moose|move: Protect\n|-activate|p2b: The Devil (FTB)|move: Protect\n|move|p1b: Gholdengo|Make It Rain|p2b: The Devil (FTB)|[spread] \n|-activate|p2a: The Moose|move: Protect\n|-activate|p2b: The Devil (FTB)|move: Protect\n|\n|-damage|p1a: Flutter Mane|25\/100 psn|[from] psn\n|upkeep\n|turn|3\n|\n|t:|1682921931\n|-terastallize|p2a: The Moose|Water\n|move|p1a: Flutter Mane|Dazzling Gleam|p2a: The Moose|[spread] p2a,p2b\n|-resisted|p2b: The Devil (FTB)\n|-damage|p2a: The Moose|50\/100\n|-damage|p2b: The Devil (FTB)|21\/100\n|move|p2b: The Devil (FTB)|Earth Power|p1b: Gholdengo\n|-supereffective|p1b: Gholdengo\n|-damage|p1b: Gholdengo|0 fnt\n|faint|p1b: Gholdengo\n|move|p2a: The Moose|Stomping Tantrum|p1a: Flutter Mane\n|-crit|p1a: Flutter Mane\n|-damage|p1a: Flutter Mane|0 fnt\n|faint|p1a: Flutter Mane\n|-end|p1a: Flutter Mane|Protosynthesis|[silent]\n|\n|upkeep\n|\n|t:|1682921940\n|switch|p1a: Dragapult|Dragapult, L50, M|100\/100\n|switch|p1b: Palafin|Palafin-Hero, L50, M|100\/100\n|-status|p1b: Palafin|psn\n|-activate|p1b: Palafin|ability: Zero to Hero\n|-status|p1a: Dragapult|psn\n|turn|4\n|\n|t:|1682921963\n|-terastallize|p1b: Palafin|Water\n|move|p2b: The Devil (FTB)|Spiky Shield|p2b: The Devil (FTB)\n|-singleturn|p2b: The Devil (FTB)|move: Protect\n|move|p1b: Palafin|Wave Crash|p2b: The Devil (FTB)\n|-activate|p2b: The Devil (FTB)|move: Protect\n|-damage|p1b: Palafin|88\/100 psn|[from] Spiky Shield|[of] p2b: The Devil (FTB)\n|move|p1a: Dragapult|Dragon Darts|p2a: The Moose\n|-damage|p2a: The Moose|28\/100\n|-anim|p1a: Dragapult|Dragon Darts|p2a: The Moose\n|-damage|p2a: The Moose|8\/100\n|-enditem|p2a: The Moose|Figy Berry|[eat]\n|-heal|p2a: The Moose|42\/100|[from] item: Figy Berry\n|move|p2a: The Moose|Fissure|p1b: Palafin|[miss]\n|-miss|p2a: The Moose|p1b: Palafin\n|\n|-damage|p1b: Palafin|76\/100 psn|[from] psn\n|-damage|p1a: Dragapult|88\/100 psn|[from] psn\n|upkeep\n|turn|5\n|\n|t:|1682921987\n|move|p2a: The Moose|Protect|p2a: The Moose\n|-singleturn|p2a: The Moose|Protect\n|move|p1b: Palafin|Wave Crash|p2b: The Devil (FTB)\n|-supereffective|p2b: The Devil (FTB)\n|-damage|p2b: The Devil (FTB)|0 fnt\n|-activate|p2b: The Devil (FTB)|ability: Toxic Debris\n|-sidestart|p1: Harris6|move: Toxic Spikes\n|faint|p2b: The Devil (FTB)\n|-damage|p1b: Palafin|70\/100 psn|[from] Recoil\n|move|p1a: Dragapult|Dragon Darts|p2a: The Moose\n|-activate|p2a: The Moose|move: Protect\n|\n|-damage|p1b: Palafin|58\/100 psn|[from] psn\n|-damage|p1a: Dragapult|76\/100 psn|[from] psn\n|upkeep\n|\n|t:|1682922001\n|switch|p2b: The Oven|Rotom-Heat, L50|100\/100\n|turn|6\n|\n|t:|1682922011\n|move|p1b: Palafin|Wave Crash|p2b: The Oven\n|-supereffective|p2b: The Oven\n|-damage|p2b: The Oven|0 fnt\n|faint|p2b: The Oven\n|-damage|p1b: Palafin|34\/100 psn|[from] Recoil\n|move|p1a: Dragapult|Dragon Darts|p2a: The Moose\n|-damage|p2a: The Moose|22\/100\n|-anim|p1a: Dragapult|Dragon Darts|p2a: The Moose\n|-damage|p2a: The Moose|2\/100\n|move|p2a: The Moose|Body Press|p1b: Palafin\n|-damage|p1b: Palafin|10\/100 psn\n|\n|-damage|p1b: Palafin|0 fnt|[from] psn\n|faint|p1b: Palafin\n|-damage|p1a: Dragapult|64\/100 psn|[from] psn\n|upkeep\n|\n|t:|1682922025\n|switch|p2b: The Creature|Mimikyu, L50, M|100\/100\n|turn|7\n|-message|Harris6 forfeited.\n|\n|win|jakevw19\n|raw|Harris6's rating: 1203 → 1180<\/strong> (-23 for losing)\n|raw|jakevw19's rating: 1227 → 1250<\/strong> (+23 for winning)\n|l|\u2606Harris6\n","uploadtime":1682922033,"views":22,"p1id":"harris6","p2id":"jakevw19","formatid":"gen9vgc2023regulationc","rating":1180,"private":0,"password":""}