{"id":"gen9vgc2023regulationc-1857452312","p1":"dxyhero","p2":"EmoSupremo","format":"[Gen 9] VGC 2023 Regulation C","log":"|j|\u2606dxyhero\n|j|\u2606EmoSupremo\n|t:|1683195459\n|gametype|doubles\n|player|p1|dxyhero|101|1100\n|player|p2|EmoSupremo|roxie|1034\n|teamsize|p1|6\n|teamsize|p2|6\n|gen|9\n|tier|[Gen 9] VGC 2023 Regulation C\n|rated|\n|rule|Species Clause: Limit one of each Pok\u00e9mon\n|rule|Item Clause: Limit one of each item\n|clearpoke\n|poke|p1|Ceruledge, L50, F|\n|poke|p1|Flutter Mane, L50|\n|poke|p1|Sableye, L50, M|\n|poke|p1|Iron Bundle, L50|\n|poke|p1|Dragonite, L50, M|\n|poke|p1|Amoonguss, L50, M|\n|poke|p2|Hariyama, L50, F|\n|poke|p2|Ting-Lu, L50|\n|poke|p2|Amoonguss, L50, M|\n|poke|p2|Arcanine, L50, F|\n|poke|p2|Flutter Mane, L50|\n|poke|p2|Roaring Moon, L50|\n|teampreview|4\n|inactive|Battle timer is ON: inactive players will automatically lose when time's up. (requested by dxyhero)\nEmoSupremo has agreed to open team sheets.\n|\n|t:|1683195489\n|start\n|switch|p1a: Sableye|Sableye, L50, M|100\/100\n|switch|p1b: Ceruledge|Ceruledge, L50, F|100\/100\n|switch|p2a: Ting-Lu|Ting-Lu, L50|100\/100\n|switch|p2b: Amoonguss|Amoonguss, L50, M|100\/100\n|-ability|p2a: Ting-Lu|Vessel of Ruin\n|turn|1\n|\n|t:|1683195506\n|-terastallize|p1a: Sableye|Grass\n|move|p2b: Amoonguss|Rage Powder|p2b: Amoonguss\n|-singleturn|p2b: Amoonguss|move: Rage Powder\n|move|p1a: Sableye|Reflect|p1a: Sableye\n|-sidestart|p1: dxyhero|Reflect\n|move|p1b: Ceruledge|Bulk Up|p1b: Ceruledge\n|-boost|p1b: Ceruledge|atk|1\n|-boost|p1b: Ceruledge|def|1\n|move|p2a: Ting-Lu|Stomping Tantrum|p1b: Ceruledge\n|-supereffective|p1b: Ceruledge\n|-damage|p1b: Ceruledge|61\/100\n|\n|-heal|p1b: Ceruledge|67\/100|[from] item: Leftovers\n|upkeep\n|turn|2\n|inactive|EmoSupremo has 30 seconds left.\n|\n|t:|1683195536\n|move|p1a: Sableye|Encore|p2b: Amoonguss\n|-start|p2b: Amoonguss|Encore\n|move|p1b: Ceruledge|Bulk Up|p1b: Ceruledge\n|-boost|p1b: Ceruledge|atk|1\n|-boost|p1b: Ceruledge|def|1\n|move|p2a: Ting-Lu|Ruination|p1b: Ceruledge\n|-damage|p1b: Ceruledge|34\/100\n|move|p2b: Amoonguss|Rage Powder|p2b: Amoonguss\n|-singleturn|p2b: Amoonguss|move: Rage Powder\n|\n|-heal|p1b: Ceruledge|40\/100|[from] item: Leftovers\n|upkeep\n|turn|3\n|inactive|EmoSupremo has 30 seconds left.\n|\n|t:|1683195566\n|switch|p2b: Arcanine|Arcanine, L50, F|100\/100\n|-ability|p2b: Arcanine|Intimidate|boost\n|-unboost|p1a: Sableye|atk|1\n|-unboost|p1b: Ceruledge|atk|1\n|move|p1a: Sableye|Disable|p2a: Ting-Lu\n|-hint|Since gen 7, Dark is immune to Prankster moves.\n|-immune|p2a: Ting-Lu\n|move|p1b: Ceruledge|Bitter Blade|p2b: Arcanine\n|-resisted|p2b: Arcanine\n|-damage|p2b: Arcanine|68\/100\n|-heal|p1b: Ceruledge|58\/100|[from] drain|[of] p2b: Arcanine\n|move|p2a: Ting-Lu|Fissure|p1b: Ceruledge|[miss]\n|-miss|p2a: Ting-Lu|p1b: Ceruledge\n|\n|-heal|p1b: Ceruledge|64\/100|[from] item: Leftovers\n|upkeep\n|turn|4\n|inactive|EmoSupremo has 30 seconds left.\n|\n|t:|1683195600\n|switch|p1a: Iron Bundle|Iron Bundle, L50|100\/100\n|-enditem|p1a: Iron Bundle|Booster Energy\n|-activate|p1a: Iron Bundle|ability: Quark Drive|[fromitem]\n|-start|p1a: Iron Bundle|quarkdrivespe\n|move|p2b: Arcanine|Morning Sun|p2b: Arcanine\n|-heal|p2b: Arcanine|100\/100\n|move|p1b: Ceruledge|Bitter Blade|p2a: Ting-Lu\n|-crit|p2a: Ting-Lu\n|-damage|p2a: Ting-Lu|41\/100\n|-heal|p1b: Ceruledge|100\/100|[from] drain|[of] p2a: Ting-Lu\n|move|p2a: Ting-Lu|Fissure|p1b: Ceruledge|[miss]\n|-miss|p2a: Ting-Lu|p1b: Ceruledge\n|\n|upkeep\n|turn|5\n|inactive|EmoSupremo has 30 seconds left.\n|inactive|EmoSupremo has 20 seconds left.\n|inactive|EmoSupremo has 15 seconds left.\n|\n|t:|1683195643\n|switch|p2a: Amoonguss|Amoonguss, L50, M|100\/100\n|-terastallize|p2b: Arcanine|Normal\n|move|p2b: Arcanine|Extreme Speed|p1a: Iron Bundle\n|-damage|p1a: Iron Bundle|72\/100\n|move|p1a: Iron Bundle|Hydro Pump|p2b: Arcanine|[miss]\n|-miss|p1a: Iron Bundle|p2b: Arcanine\n|move|p1b: Ceruledge|Bitter Blade|p2a: Amoonguss\n|-supereffective|p2a: Amoonguss\n|-damage|p2a: Amoonguss|0 fnt\n|faint|p2a: Amoonguss\n|\n|upkeep\n|-message|EmoSupremo forfeited.\n|\n|win|dxyhero\n|raw|dxyhero's rating: 1100 → 1120<\/strong> (+20 for winning)\n|raw|EmoSupremo's rating: 1034 → 1022<\/strong> (-12 for losing)\n","uploadtime":1683195659,"views":12,"p1id":"dxyhero","p2id":"emosupremo","formatid":"gen9vgc2023regulationc","rating":1022,"private":0,"password":""}