{"id":"gen9vgc2023regulationc-1854105765","p1":"LucasYN","p2":"We_Love_The_Gong","format":"[Gen 9] VGC 2023 Regulation C","log":"|j|\u2606LucasYN\n|j|\u2606We_Love_The_Gong\n|t:|1682770145\n|gametype|doubles\n|player|p1|LucasYN|steven|1415\n|player|p2|We_Love_The_Gong|fantina|1433\n|teamsize|p1|6\n|teamsize|p2|6\n|gen|9\n|tier|[Gen 9] VGC 2023 Regulation C\n|rated|\n|rule|Species Clause: Limit one of each Pok\u00e9mon\n|rule|Item Clause: Limit one of each item\n|clearpoke\n|poke|p1|Amoonguss, L50, F|\n|poke|p1|Palafin, L50, F|\n|poke|p1|Flutter Mane, L50|\n|poke|p1|Kingambit, L50, M|\n|poke|p1|Ting-Lu, L50|\n|poke|p1|Arcanine, L50, M|\n|poke|p2|Gholdengo, L50|\n|poke|p2|Ting-Lu, L50|\n|poke|p2|Gyarados, L50, F|\n|poke|p2|Flutter Mane, L50|\n|poke|p2|Amoonguss, L50, M|\n|poke|p2|Baxcalibur, L50, F|\n|teampreview|4\nLucasYN has agreed to open team sheets.\nWe_Love_The_Gong has agreed to open team sheets.\n|inactive|Battle timer is ON: inactive players will automatically lose when time's up. (requested by LucasYN)\n|\n|t:|1682770196\n|start\n|switch|p1a: Kingambit|Kingambit, L50, M|100\/100\n|switch|p1b: Flutter Mane|Flutter Mane, L50|100\/100\n|switch|p2a: Ting-Lu|Ting-Lu, L50|100\/100\n|switch|p2b: Baxcalibur|Baxcalibur, L50, F|100\/100\n|-ability|p2a: Ting-Lu|Vessel of Ruin\n|-enditem|p1b: Flutter Mane|Booster Energy\n|-activate|p1b: Flutter Mane|ability: Protosynthesis|[fromitem]\n|-start|p1b: Flutter Mane|protosynthesisspa\n|turn|1\n|inactive|LucasYN has 30 seconds left.\n|inactive|LucasYN has 20 seconds left.\n|\n|t:|1682770234\n|-end|p1b: Flutter Mane|Protosynthesis|[silent]\n|switch|p1b: Arcanine|Arcanine, L50, M|100\/100\n|-ability|p1b: Arcanine|Intimidate|boost\n|-unboost|p2a: Ting-Lu|atk|1\n|-unboost|p2b: Baxcalibur|atk|1\n|switch|p2b: Amoonguss|Amoonguss, L50, M|100\/100\n|-terastallize|p1a: Kingambit|Flying\n|move|p1a: Kingambit|Kowtow Cleave|p2b: Amoonguss\n|-damage|p2b: Amoonguss|59\/100\n|-damage|p1a: Kingambit|84\/100|[from] item: Rocky Helmet|[of] p2b: Amoonguss\n|move|p2a: Ting-Lu|Heavy Slam|p1b: Arcanine\n|-resisted|p1b: Arcanine\n|-damage|p1b: Arcanine|89\/100\n|\n|upkeep\n|turn|2\n|\n|t:|1682770254\n|switch|p2a: Baxcalibur|Baxcalibur, L50, F|100\/100\n|move|p2b: Amoonguss|Protect|p2b: Amoonguss\n|-singleturn|p2b: Amoonguss|Protect\n|move|p1b: Arcanine|Will-O-Wisp|p2a: Baxcalibur\n|-immune|p2a: Baxcalibur|[from] ability: Thermal Exchange\n|move|p1a: Kingambit|Swords Dance|p1a: Kingambit\n|-boost|p1a: Kingambit|atk|2\n|\n|upkeep\n|turn|3\n|inactive|LucasYN has 30 seconds left.\n|inactive|We_Love_The_Gong has 30 seconds left.\n|inactive|LucasYN has 20 seconds left.\n|inactive|LucasYN has 15 seconds left.\n|inactive|LucasYN has 10 seconds left.\n|inactive|LucasYN has 5 seconds left.\n|\n|t:|1682770309\n|switch|p2b: Ting-Lu|Ting-Lu, L50|100\/100\n|-ability|p2b: Ting-Lu|Vessel of Ruin\n|move|p1a: Kingambit|Sucker Punch|p2a: Baxcalibur\n|-damage|p2a: Baxcalibur|27\/100\n|move|p1b: Arcanine|Flare Blitz|p2b: Ting-Lu\n|-damage|p2b: Ting-Lu|64\/100\n|-damage|p1b: Arcanine|74\/100|[from] Recoil\n|move|p2a: Baxcalibur|Icicle Spear|p1a: Kingambit\n|-supereffective|p1a: Kingambit\n|-damage|p1a: Kingambit|60\/100\n|-supereffective|p1a: Kingambit\n|-damage|p1a: Kingambit|36\/100\n|-supereffective|p1a: Kingambit\n|-damage|p1a: Kingambit|12\/100\n|-supereffective|p1a: Kingambit\n|-damage|p1a: Kingambit|0 fnt\n|faint|p1a: Kingambit\n|-hitcount|p1: Kingambit|4\n|\n|upkeep\n|\n|t:|1682770318\n|switch|p1a: Flutter Mane|Flutter Mane, L50|100\/100\n|turn|4\n|\n|t:|1682770340\n|-terastallize|p2b: Ting-Lu|Poison\n|move|p2a: Baxcalibur|Protect|p2a: Baxcalibur\n|-singleturn|p2a: Baxcalibur|Protect\n|move|p1a: Flutter Mane|Dazzling Gleam|p2b: Ting-Lu|[spread] p2b\n|-activate|p2a: Baxcalibur|move: Protect\n|-resisted|p2b: Ting-Lu\n|-damage|p2b: Ting-Lu|59\/100\n|move|p1b: Arcanine|Will-O-Wisp|p2b: Ting-Lu\n|-status|p2b: Ting-Lu|brn\n|move|p2b: Ting-Lu|Heavy Slam|p1a: Flutter Mane\n|-supereffective|p1a: Flutter Mane\n|-damage|p1a: Flutter Mane|36\/100\n|\n|-damage|p2b: Ting-Lu|53\/100 brn|[from] brn\n|upkeep\n|turn|5\n|\n|t:|1682770361\n|switch|p2a: Amoonguss|Amoonguss, L50, M|92\/100\n|move|p1a: Flutter Mane|Dazzling Gleam|p2b: Ting-Lu|[spread] p2a,p2b\n|-resisted|p2a: Amoonguss\n|-resisted|p2b: Ting-Lu\n|-damage|p2a: Amoonguss|81\/100\n|-damage|p2b: Ting-Lu|48\/100 brn\n|move|p1b: Arcanine|Flare Blitz|p2b: Ting-Lu\n|-damage|p2b: Ting-Lu|11\/100 brn\n|-damage|p1b: Arcanine|59\/100|[from] Recoil\n|move|p2b: Ting-Lu|Heavy Slam|p1a: Flutter Mane\n|-supereffective|p1a: Flutter Mane\n|-damage|p1a: Flutter Mane|0 fnt\n|faint|p1a: Flutter Mane\n|-end|p1a: Flutter Mane|Protosynthesis|[silent]\n|\n|-damage|p2b: Ting-Lu|6\/100 brn|[from] brn\n|upkeep\n|\n|t:|1682770366\n|switch|p1a: Ting-Lu|Ting-Lu, L50|100\/100\n|-ability|p1a: Ting-Lu|Vessel of Ruin\n|turn|6\n|\n|t:|1682770382\n|move|p2a: Amoonguss|Protect|p2a: Amoonguss\n|-singleturn|p2a: Amoonguss|Protect\n|move|p1b: Arcanine|Flare Blitz|p2a: Amoonguss\n|-activate|p2a: Amoonguss|move: Protect\n|move|p2b: Ting-Lu|Ruination|p1b: Arcanine\n|-damage|p1b: Arcanine|30\/100\n|move|p1a: Ting-Lu|Stomping Tantrum|p2b: Ting-Lu\n|-supereffective|p2b: Ting-Lu\n|-damage|p2b: Ting-Lu|0 fnt\n|faint|p2b: Ting-Lu\n|\n|upkeep\n|-message|LucasYN forfeited.\n|\n|win|We_Love_The_Gong\n|raw|LucasYN's rating: 1415 → 1396<\/strong> (-19 for losing)\n|raw|We_Love_The_Gong's rating: 1433 → 1452<\/strong> (+19 for winning)\n|l|\u2606LucasYN\n|c|\u2606We_Love_The_Gong|gg\n","uploadtime":1682770399,"views":16,"p1id":"lucasyn","p2id":"welovethegong","formatid":"gen9vgc2023regulationc","rating":1396,"private":0,"password":""}