{"id":"gen9vgc2023regulationc-1857822008","p1":"bronzongbroomsvgc","p2":"qunqun24","format":"[Gen 9] VGC 2023 Regulation C","log":"|j|\u2606bronzongbroomsvgc\n|j|\u2606qunqun24\n|t:|1683235416\n|gametype|doubles\n|player|p1|bronzongbroomsvgc|1|1322\n|player|p2|qunqun24|266|1331\n|teamsize|p1|6\n|teamsize|p2|6\n|gen|9\n|tier|[Gen 9] VGC 2023 Regulation C\n|rated|\n|rule|Species Clause: Limit one of each Pok\u00e9mon\n|rule|Item Clause: Limit one of each item\n|clearpoke\n|poke|p1|Tyranitar, L50, F|\n|poke|p1|Gyarados, L50, F|\n|poke|p1|Indeedee-F, L50, F|\n|poke|p1|Lycanroc, L50, M|\n|poke|p1|Volcarona, L50, F|\n|poke|p1|Meowscarada, L50, F|\n|poke|p2|Annihilape, L50, F|\n|poke|p2|Maushold-Four, L50|\n|poke|p2|Gholdengo, L50|\n|poke|p2|Gyarados, L50, M|\n|poke|p2|Scream Tail, L50|\n|poke|p2|Ting-Lu, L50|\n|teampreview|4\n|inactive|Battle timer is ON: inactive players will automatically lose when time's up. (requested by qunqun24)\n|\n|t:|1683235446\n|start\n|switch|p1a: Indeedee|Indeedee-F, L50, F|100\/100\n|switch|p1b: Volcarona|Volcarona, L50, F|100\/100\n|switch|p2a: Gholdengo|Gholdengo, L50|100\/100\n|switch|p2b: Gyarados|Gyarados, L50, M|100\/100\n|-ability|p2b: Gyarados|Intimidate|boost\n|-unboost|p1a: Indeedee|atk|1\n|-unboost|p1b: Volcarona|atk|1\n|-fieldstart|move: Psychic Terrain|[from] ability: Psychic Surge|[of] p1a: Indeedee\n|-enditem|p1a: Indeedee|Psychic Seed\n|-boost|p1a: Indeedee|spd|1|[from] item: Psychic Seed\n|turn|1\n|\n|t:|1683235457\n|switch|p2b: Maushold|Maushold-Four, L50|100\/100\n|-terastallize|p2a: Gholdengo|Water\n|move|p1a: Indeedee|Follow Me|p1a: Indeedee\n|-singleturn|p1a: Indeedee|move: Follow Me\n|move|p1b: Volcarona|Quiver Dance|p1b: Volcarona\n|-boost|p1b: Volcarona|spa|1\n|-boost|p1b: Volcarona|spd|1\n|-boost|p1b: Volcarona|spe|1\n|move|p2a: Gholdengo|Nasty Plot|p2a: Gholdengo\n|-boost|p2a: Gholdengo|spa|2\n|\n|upkeep\n|turn|2\n|\n|t:|1683235474\n|move|p1a: Indeedee|Helping Hand|p1b: Volcarona\n|-singleturn|p1b: Volcarona|Helping Hand|[of] p1a: Indeedee\n|move|p1b: Volcarona|Giga Drain|p2a: Gholdengo\n|-supereffective|p2a: Gholdengo\n|-damage|p2a: Gholdengo|24\/100\n|-enditem|p2a: Gholdengo|Sitrus Berry|[eat]\n|-heal|p2a: Gholdengo|49\/100|[from] item: Sitrus Berry\n|move|p2b: Maushold|Super Fang|p1b: Volcarona\n|-damage|p1b: Volcarona|51\/100\n|move|p2a: Gholdengo|Nasty Plot|p2a: Gholdengo\n|-boost|p2a: Gholdengo|spa|2\n|\n|upkeep\n|turn|3\n|inactive|bronzongbroomsvgc has 30 seconds left.\n|inactive|bronzongbroomsvgc has 20 seconds left.\n|\n|t:|1683235509\n|move|p2b: Maushold|Follow Me|p2b: Maushold\n|-singleturn|p2b: Maushold|move: Follow Me\n|move|p1b: Volcarona|Quiver Dance|p1b: Volcarona\n|-boost|p1b: Volcarona|spa|1\n|-boost|p1b: Volcarona|spd|1\n|-boost|p1b: Volcarona|spe|1\n|move|p2a: Gholdengo|Make It Rain|p1b: Volcarona|[spread] p1a,p1b\n|-resisted|p1b: Volcarona\n|-damage|p1a: Indeedee|11\/100\n|-damage|p1b: Volcarona|19\/100\n|-unboost|p2a: Gholdengo|spa|1\n|-enditem|p1b: Volcarona|Sitrus Berry|[eat]\n|-heal|p1b: Volcarona|44\/100|[from] item: Sitrus Berry\n|move|p1a: Indeedee|Psyshock|p2b: Maushold\n|-damage|p2b: Maushold|64\/100\n|\n|upkeep\n|turn|4\n|\n|t:|1683235528\n|move|p1a: Indeedee|Helping Hand|p1b: Volcarona\n|-singleturn|p1b: Volcarona|Helping Hand|[of] p1a: Indeedee\n|move|p2b: Maushold|Follow Me|p2b: Maushold\n|-singleturn|p2b: Maushold|move: Follow Me\n|move|p1b: Volcarona|Heat Wave|p2b: Maushold|[spread] p2b\n|-miss|p1b: Volcarona|p2a: Gholdengo\n|-damage|p2b: Maushold|0 fnt\n|faint|p2b: Maushold\n|move|p2a: Gholdengo|Make It Rain|p1a: Indeedee|[spread] p1a,p1b\n|-resisted|p1b: Volcarona\n|-damage|p1a: Indeedee|0 fnt\n|-damage|p1b: Volcarona|16\/100\n|-unboost|p2a: Gholdengo|spa|1\n|faint|p1a: Indeedee\n|\n|upkeep\n|\n|t:|1683235541\n|switch|p2b: Gyarados|Gyarados, L50, M|100\/100\n|switch|p1a: Meowscarada|Meowscarada, L50, F|100\/100\n|-ability|p2b: Gyarados|Intimidate|boost\n|-unboost|p1a: Meowscarada|atk|1\n|-unboost|p1b: Volcarona|atk|1\n|turn|5\n|\n|t:|1683235550\n|-terastallize|p1b: Volcarona|Grass\n|move|p2a: Gholdengo|Protect|p2a: Gholdengo\n|-singleturn|p2a: Gholdengo|Protect\n|move|p1b: Volcarona|Giga Drain|p2b: Gyarados\n|-damage|p2b: Gyarados|48\/100\n|-heal|p1b: Volcarona|42\/100|[from] drain|[of] p2b: Gyarados\n|move|p1a: Meowscarada|Flower Trick|p2a: Gholdengo\n|-start|p1a: Meowscarada|typechange|Grass|[from] ability: Protean\n|-activate|p2a: Gholdengo|move: Protect\n|move|p2b: Gyarados|Waterfall|p1b: Volcarona\n|-resisted|p1b: Volcarona\n|-damage|p1b: Volcarona|22\/100\n|\n|-fieldend|move: Psychic Terrain\n|upkeep\n|turn|6\n|\n|t:|1683235566\n|switch|p2a: Annihilape|Annihilape, L50, F|100\/100\n|move|p1b: Volcarona|Giga Drain|p2b: Gyarados\n|-damage|p2b: Gyarados|0 fnt\n|-heal|p1b: Volcarona|47\/100|[from] drain|[of] p2b: Gyarados\n|faint|p2b: Gyarados\n|move|p1a: Meowscarada|Flower Trick|p2a: Annihilape\n|-crit|p2a: Annihilape\n|-damage|p2a: Annihilape|34\/100\n|\n|-heal|p2a: Annihilape|40\/100|[from] item: Leftovers\n|upkeep\n|-message|qunqun24 forfeited.\n|\n|win|bronzongbroomsvgc\n|raw|bronzongbroomsvgc's rating: 1322 → 1343<\/strong> (+21 for winning)\n|raw|qunqun24's rating: 1331 → 1310<\/strong> (-21 for losing)\n|l|\u2606qunqun24\n","uploadtime":1683235630,"views":14,"p1id":"bronzongbroomsvgc","p2id":"qunqun24","formatid":"gen9vgc2023regulationc","rating":1310,"private":0,"password":""}