{"id":"gen9vgc2023regulationc-1851709155","p1":"StVero","p2":"MLGmushroom","format":"[Gen 9] VGC 2023 Regulation C","log":"|j|\u2606StVero\n|j|\u2606MLGmushroom\n|t:|1682472670\n|gametype|doubles\n|player|p1|StVero|2|1371\n|player|p2|MLGmushroom|blue|1366\n|teamsize|p1|6\n|teamsize|p2|6\n|gen|9\n|tier|[Gen 9] VGC 2023 Regulation C\n|rated|\n|rule|Species Clause: Limit one of each Pok\u00e9mon\n|rule|Item Clause: Limit one of each item\n|clearpoke\n|poke|p1|Iron Thorns, L50|\n|poke|p1|Kingambit, L50, F|\n|poke|p1|Flutter Mane, L50|\n|poke|p1|Arcanine, L50, F|\n|poke|p1|Gyarados, L50, M|\n|poke|p1|Amoonguss, L50, M|\n|poke|p2|Chien-Pao, L50|\n|poke|p2|Roaring Moon, L50|\n|poke|p2|Flutter Mane, L50|\n|poke|p2|Amoonguss, L50, F|\n|poke|p2|Gyarados, L50, M|\n|poke|p2|Scizor, L50, F|\n|teampreview|4\n|inactive|Battle timer is ON: inactive players will automatically lose when time's up. (requested by StVero)\n|\n|t:|1682472715\n|start\n|switch|p1a: Iron Thorns|Iron Thorns, L50|100\/100\n|switch|p1b: Arcanine|Arcanine, L50, F|100\/100\n|switch|p2a: Scizor|Scizor, L50, F|100\/100\n|switch|p2b: Flutter Mane|Flutter Mane, L50|100\/100\n|-ability|p1b: Arcanine|Intimidate|boost\n|-fail|p2a: Scizor|unboost|[from] item: Clear Amulet|[of] p2a: Scizor\n|-unboost|p2b: Flutter Mane|atk|1\n|turn|1\n|\n|t:|1682472735\n|-terastallize|p2a: Scizor|Fire\n|move|p1a: Iron Thorns|Protect|p1a: Iron Thorns\n|-singleturn|p1a: Iron Thorns|Protect\n|move|p2b: Flutter Mane|Dazzling Gleam|p1a: Iron Thorns|[spread] p1b\n|-activate|p1a: Iron Thorns|move: Protect\n|-resisted|p1b: Arcanine\n|-damage|p1b: Arcanine|76\/100\n|-damage|p2b: Flutter Mane|91\/100|[from] item: Life Orb\n|move|p1b: Arcanine|Flare Blitz|p2b: Flutter Mane\n|-damage|p2b: Flutter Mane|0 fnt\n|faint|p2b: Flutter Mane\n|-end|p2b: Flutter Mane|Protosynthesis|[silent]\n|-damage|p1b: Arcanine|55\/100|[from] Recoil\n|move|p2a: Scizor|Close Combat|p1a: Iron Thorns\n|-activate|p1a: Iron Thorns|move: Protect\n|\n|upkeep\n|\n|t:|1682472744\n|switch|p2b: Gyarados|Gyarados, L50, M|100\/100\n|-ability|p2b: Gyarados|Intimidate|boost\n|-fail|p1a: Iron Thorns|unboost|[from] item: Clear Amulet|[of] p1a: Iron Thorns\n|-unboost|p1b: Arcanine|atk|1\n|turn|2\n|\n|t:|1682472760\n|switch|p1b: Gyarados|Gyarados, L50, M, shiny|100\/100\n|-ability|p1b: Gyarados|Intimidate|boost\n|-fail|p2a: Scizor|unboost|[from] item: Clear Amulet|[of] p2a: Scizor\n|-unboost|p2b: Gyarados|atk|1\n|move|p2b: Gyarados|Waterfall|p1b: Gyarados\n|-resisted|p1b: Gyarados\n|-damage|p1b: Gyarados|85\/100\n|move|p1a: Iron Thorns|Wild Charge|p2b: Gyarados\n|-supereffective|p2b: Gyarados\n|-damage|p2b: Gyarados|0 fnt\n|faint|p2b: Gyarados\n|-damage|p1a: Iron Thorns|77\/100|[from] Recoil\n|move|p2a: Scizor|Close Combat|p1a: Iron Thorns\n|-supereffective|p1a: Iron Thorns\n|-damage|p1a: Iron Thorns|0 fnt\n|-unboost|p2a: Scizor|def|1\n|-unboost|p2a: Scizor|spd|1\n|faint|p1a: Iron Thorns\n|-end|p1a: Iron Thorns|Quark Drive|[silent]\n|\n|upkeep\n|\n|t:|1682472779\n|switch|p2b: Roaring Moon|Roaring Moon, L50|100\/100\n|switch|p1a: Amoonguss|Amoonguss, L50, M, shiny|100\/100\n|-enditem|p2b: Roaring Moon|Booster Energy\n|-activate|p2b: Roaring Moon|ability: Protosynthesis|[fromitem]\n|-start|p2b: Roaring Moon|protosynthesisatk\n|turn|3\n|\n|t:|1682472791\n|switch|p1a: Arcanine|Arcanine, L50, F|55\/100\n|-ability|p1a: Arcanine|Intimidate|boost\n|-fail|p2a: Scizor|unboost|[from] item: Clear Amulet|[of] p2a: Scizor\n|-unboost|p2b: Roaring Moon|atk|1\n|move|p2b: Roaring Moon|Acrobatics|p1a: Arcanine\n|-damage|p1a: Arcanine|18\/100\n|move|p1b: Gyarados|Dragon Dance|p1b: Gyarados\n|-boost|p1b: Gyarados|atk|1\n|-boost|p1b: Gyarados|spe|1\n|move|p2a: Scizor|U-turn|p1a: Arcanine\n|-resisted|p1a: Arcanine\n|-damage|p1a: Arcanine|0 fnt\n|faint|p1a: Arcanine\n|\n|upkeep\n|\n|t:|1682472804\n|switch|p1a: Amoonguss|Amoonguss, L50, M, shiny|100\/100\n|turn|4\n|inactive|MLGmushroom has 30 seconds left.\n|\n|t:|1682472832\n|move|p1a: Amoonguss|Protect|p1a: Amoonguss\n|-singleturn|p1a: Amoonguss|Protect\n|move|p1b: Gyarados|Waterfall|p2a: Scizor\n|-supereffective|p2a: Scizor\n|-damage|p2a: Scizor|0 fnt\n|faint|p2a: Scizor\n|move|p2b: Roaring Moon|Acrobatics|p1a: Amoonguss\n|-activate|p1a: Amoonguss|move: Protect\n|\n|upkeep\n|turn|5\n|\n|t:|1682472843\n|-terastallize|p1a: Amoonguss|Water\n|move|p1b: Gyarados|Dragon Dance|p1b: Gyarados\n|-boost|p1b: Gyarados|atk|1\n|-boost|p1b: Gyarados|spe|1\n|move|p2b: Roaring Moon|Acrobatics|p1a: Amoonguss\n|-damage|p1a: Amoonguss|73\/100\n|move|p1a: Amoonguss|Spore|p2b: Roaring Moon\n|-status|p2b: Roaring Moon|slp|[from] move: Spore\n|\n|upkeep\n|turn|6\n|-message|MLGmushroom forfeited.\n|\n|win|StVero\n|raw|StVero's rating: 1371 → 1391<\/strong> (+20 for winning)\n|raw|MLGmushroom's rating: 1366 → 1346<\/strong> (-20 for losing)\n|l|\u2606MLGmushroom\n","uploadtime":1682472860,"views":11,"p1id":"stvero","p2id":"mlgmushroom","formatid":"gen9vgc2023regulationc","rating":1346,"private":0,"password":""}