{"id":"gen9vgc2023regulationc-1860531071","p1":"kushsmoker68","p2":"Thotdriller","format":"[Gen 9] VGC 2023 Regulation C","log":"|j|\u2606kushsmoker68\n|j|\u2606Thotdriller\n|t:|1683652134\n|gametype|doubles\n|player|p1|kushsmoker68|clerkf|\n|player|p2|Thotdriller|crasherwake|\n|teamsize|p1|6\n|teamsize|p2|6\n|gen|9\n|tier|[Gen 9] VGC 2023 Regulation C\n|rule|Species Clause: Limit one of each Pok\u00e9mon\n|rule|Item Clause: Limit one of each item\n|clearpoke\n|poke|p1|Flutter Mane, L50|\n|poke|p1|Gothitelle, L50, F|\n|poke|p1|Glimmora, L50, M|\n|poke|p1|Chien-Pao, L50|\n|poke|p1|Masquerain, L50, M|\n|poke|p1|Amoonguss, L50, M|\n|poke|p2|Orthworm, L50, M|\n|poke|p2|Iron Valiant, L50|\n|poke|p2|Iron Moth, L50|\n|poke|p2|Iron Treads, L50|\n|poke|p2|Baxcalibur, L50, F|\n|poke|p2|Roaring Moon, L50|\n|teampreview|4\n|\n|t:|1683652150\n|start\n|switch|p1a: marcy mane|Gothitelle, L50, F|100\/100\n|switch|p1b: lil flutty mane|Flutter Mane, L50|100\/100\n|switch|p2a: Orthworm|Orthworm, L50, M|100\/100\n|switch|p2b: Iron Treads|Iron Treads, L50|100\/100\n|-enditem|p1b: lil flutty mane|Booster Energy\n|-activate|p1b: lil flutty mane|ability: Protosynthesis|[fromitem]\n|-start|p1b: lil flutty mane|protosynthesisspe\n|-enditem|p2b: Iron Treads|Booster Energy\n|-activate|p2b: Iron Treads|ability: Quark Drive|[fromitem]\n|-start|p2b: Iron Treads|quarkdrivespe\n|turn|1\n|\n|t:|1683652175\n|move|p1a: marcy mane|Fake Out|p2a: Orthworm\n|-resisted|p2a: Orthworm\n|-damage|p2a: Orthworm|98\/100\n|move|p1b: lil flutty mane|Shadow Ball|p2b: Iron Treads\n|-damage|p2b: Iron Treads|36\/100\n|-unboost|p2b: Iron Treads|spd|1\n|move|p2b: Iron Treads|Knock Off|p1a: marcy mane\n|-supereffective|p1a: marcy mane\n|-damage|p1a: marcy mane|32\/100\n|-enditem|p1a: marcy mane|Sitrus Berry|[from] move: Knock Off|[of] p2b: Iron Treads\n|cant|p2a: Orthworm|flinch\n|\n|upkeep\n|turn|2\n|\n|t:|1683652197\n|move|p1a: marcy mane|Protect|p1a: marcy mane\n|-singleturn|p1a: marcy mane|Protect\n|move|p1b: lil flutty mane|Shadow Ball|p2b: Iron Treads\n|-damage|p2b: Iron Treads|0 fnt\n|faint|p2b: Iron Treads\n|-end|p2b: Iron Treads|Quark Drive|[silent]\n|move|p2a: Orthworm|Spikes|p1a: marcy mane\n|-sidestart|p1: kushsmoker68|Spikes\n|\n|upkeep\n|\n|t:|1683652211\n|switch|p2b: Roaring Moon|Roaring Moon, L50|100\/100\n|turn|3\n|\n|t:|1683652226\n|switch|p1a: hi-c|Glimmora, L50, M|100\/100\n|-damage|p1a: hi-c|88\/100|[from] Spikes\n|-terastallize|p1b: lil flutty mane|Fairy\n|-terastallize|p2b: Roaring Moon|Flying\n|move|p1b: lil flutty mane|Dazzling Gleam|p2b: Roaring Moon|[spread] p2a,p2b\n|-resisted|p2a: Orthworm\n|-damage|p2a: Orthworm|76\/100\n|-damage|p2b: Roaring Moon|60\/100\n|move|p2b: Roaring Moon|Dragon Dance|p2b: Roaring Moon\n|-boost|p2b: Roaring Moon|atk|1\n|-boost|p2b: Roaring Moon|spe|1\n|move|p2a: Orthworm|Body Press|p1a: hi-c\n|-damage|p1a: hi-c|67\/100\n|-activate|p1a: hi-c|ability: Toxic Debris\n|-sidestart|p2: Thotdriller|move: Toxic Spikes\n|\n|upkeep\n|turn|4\n|\n|t:|1683652254\n|move|p1b: lil flutty mane|Perish Song|p1b: lil flutty mane\n|-start|p1a: hi-c|perish3|[silent]\n|-start|p1b: lil flutty mane|perish3|[silent]\n|-start|p2a: Orthworm|perish3|[silent]\n|-start|p2b: Roaring Moon|perish3|[silent]\n|-fieldactivate|move: Perish Song\n|move|p2b: Roaring Moon|Dragon Dance|p2b: Roaring Moon\n|-boost|p2b: Roaring Moon|atk|1\n|-boost|p2b: Roaring Moon|spe|1\n|move|p1a: hi-c|Sludge Bomb|p2b: Roaring Moon\n|-damage|p2b: Roaring Moon|23\/100\n|move|p2a: Orthworm|Shed Tail|p2a: Orthworm\n|-start|p2a: Orthworm|Substitute|[from] move: Shed Tail\n|-damage|p2a: Orthworm|26\/100\n|-enditem|p2a: Orthworm|Sitrus Berry|[eat]\n|-heal|p2a: Orthworm|51\/100|[from] item: Sitrus Berry\n|\n|t:|1683652266\n|switch|p2a: Baxcalibur|Baxcalibur, L50, F|100\/100|[from] Shed Tail\n|-status|p2a: Baxcalibur|psn\n|\n|-damage|p2a: Baxcalibur|88\/100 psn|[from] psn\n|-start|p2b: Roaring Moon|perish3\n|-start|p1b: lil flutty mane|perish3\n|-start|p1a: hi-c|perish3\n|upkeep\n|turn|5\n|\n|t:|1683652286\n|move|p1b: lil flutty mane|Protect|p1b: lil flutty mane\n|-singleturn|p1b: lil flutty mane|Protect\n|move|p2b: Roaring Moon|Acrobatics|p1b: lil flutty mane\n|-activate|p1b: lil flutty mane|move: Protect\n|move|p2a: Baxcalibur|Swords Dance|p2a: Baxcalibur\n|-boost|p2a: Baxcalibur|atk|2\n|move|p1a: hi-c|Sludge Bomb|p2b: Roaring Moon\n|-damage|p2b: Roaring Moon|0 fnt\n|faint|p2b: Roaring Moon\n|-end|p2b: Roaring Moon|Protosynthesis|[silent]\n|\n|-damage|p2a: Baxcalibur|76\/100 psn|[from] psn\n|-start|p1b: lil flutty mane|perish2\n|-start|p1a: hi-c|perish2\n|upkeep\n|\n|t:|1683652303\n|switch|p2b: Orthworm|Orthworm, L50, M|51\/100\n|turn|6\n|\n|t:|1683652322\n|move|p1b: lil flutty mane|Perish Song|p1b: lil flutty mane\n|-start|p2a: Baxcalibur|perish3|[silent]\n|-start|p2b: Orthworm|perish3|[silent]\n|-fieldactivate|move: Perish Song\n|move|p2a: Baxcalibur|Earthquake|p1b: lil flutty mane|[spread] p1a,p1b\n|-heal|p2b: Orthworm|76\/100|[from] ability: Earth Eater|[of] p2a: Baxcalibur\n|-supereffective|p1a: hi-c\n|-damage|p1a: hi-c|0 fnt\n|-damage|p1b: lil flutty mane|0 fnt\n|-activate|p1a: hi-c|ability: Toxic Debris\n|-sidestart|p2: Thotdriller|move: Toxic Spikes\n|faint|p1a: hi-c\n|faint|p1b: lil flutty mane\n|-end|p1b: lil flutty mane|Protosynthesis|[silent]\n|move|p2b: Orthworm|Body Press|p1: hi-c|[notarget]\n|-fail|p2b: Orthworm\n|\n|-damage|p2a: Baxcalibur|64\/100 psn|[from] psn\n|-start|p2a: Baxcalibur|perish3\n|-start|p2b: Orthworm|perish3\n|upkeep\n|\n|t:|1683652340\n|switch|p1b: domd|Chien-Pao, L50|100\/100\n|switch|p1a: marcy mane|Gothitelle, L50, F|32\/100\n|-damage|p1b: domd|88\/100|[from] Spikes\n|-ability|p1b: domd|Sword of Ruin\n|-damage|p1a: marcy mane|19\/100|[from] Spikes\n|turn|7\n|\n|t:|1683652359\n|move|p1a: marcy mane|Fake Out|p2b: Orthworm\n|-resisted|p2b: Orthworm\n|-damage|p2b: Orthworm|73\/100\n|move|p1b: domd|Sacred Sword|p2a: Baxcalibur\n|-supereffective|p2a: Baxcalibur\n|-end|p2a: Baxcalibur|Substitute\n|move|p2a: Baxcalibur|Earthquake|p1a: marcy mane|[spread] p1a,p1b\n|-heal|p2b: Orthworm|98\/100|[from] ability: Earth Eater|[of] p2a: Baxcalibur\n|-damage|p1a: marcy mane|0 fnt\n|-damage|p1b: domd|3\/100\n|faint|p1a: marcy mane\n|cant|p2b: Orthworm|flinch\n|\n|-damage|p2a: Baxcalibur|51\/100 psn|[from] psn\n|-start|p2a: Baxcalibur|perish2\n|-start|p2b: Orthworm|perish2\n|upkeep\n|turn|8\n|\n|t:|1683652385\n|move|p1b: domd|Protect|p1b: domd\n|-singleturn|p1b: domd|Protect\n|move|p2a: Baxcalibur|Ice Shard|p1b: domd\n|-activate|p1b: domd|move: Protect\n|move|p2b: Orthworm|Iron Tail|p1b: domd\n|-activate|p1b: domd|move: Protect\n|\n|-damage|p2a: Baxcalibur|39\/100 psn|[from] psn\n|-start|p2a: Baxcalibur|perish1\n|-start|p2b: Orthworm|perish1\n|upkeep\n|turn|9\n|\n|t:|1683652408\n|move|p1b: domd|Protect|p1b: domd\n|-singleturn|p1b: domd|Protect\n|move|p2a: Baxcalibur|Swords Dance|p2a: Baxcalibur\n|-boost|p2a: Baxcalibur|atk|2\n|move|p2b: Orthworm|Iron Tail|p1b: domd\n|-activate|p1b: domd|move: Protect\n|\n|-damage|p2a: Baxcalibur|27\/100 psn|[from] psn\n|-start|p2a: Baxcalibur|perish0\n|-start|p2b: Orthworm|perish0\n|faint|p2a: Baxcalibur\n|faint|p2b: Orthworm\n|\n|win|kushsmoker68\n|upkeep\n","uploadtime":1683652425,"views":10,"p1id":"kushsmoker68","p2id":"thotdriller","formatid":"gen9vgc2023regulationc","rating":0,"private":0,"password":""}