{"id":"gen9vgc2023regulationc-1857601367","p1":"LasermanZ111","p2":"Quecle","format":"[Gen 9] VGC 2023 Regulation C","log":"|j|\u2606LasermanZ111\n|j|\u2606Quecle\n|t:|1683211984\n|gametype|doubles\n|player|p1|LasermanZ111|red|1399\n|player|p2|Quecle|gambler|1501\n|teamsize|p1|6\n|teamsize|p2|6\n|gen|9\n|tier|[Gen 9] VGC 2023 Regulation C\n|rated|\n|rule|Species Clause: Limit one of each Pok\u00e9mon\n|rule|Item Clause: Limit one of each item\n|clearpoke\n|poke|p1|Chi-Yu, L50|\n|poke|p1|Amoonguss, L50, M|\n|poke|p1|Flutter Mane, L50|\n|poke|p1|Corviknight, L50, M|\n|poke|p1|Ting-Lu, L50|\n|poke|p1|Tauros-Paldea-Aqua, L50, M|\n|poke|p2|Slowking, L50, F|\n|poke|p2|Amoonguss, L50, F|\n|poke|p2|Torkoal, L50, M|\n|poke|p2|Kingambit, L50, F|\n|poke|p2|Chi-Yu, L50|\n|poke|p2|Flutter Mane, L50|\n|teampreview|4\nLasermanZ111 has agreed to open team sheets.\nQuecle rejected open team sheets.\n|inactive|Battle timer is ON: inactive players will automatically lose when time's up. (requested by Quecle)\n|j| hoozayisdead\n|inactive|LasermanZ111 has 60 seconds left.\n|l|\u2606Quecle\n|inactive|Quecle disconnected and has a minute to reconnect!\n|player|p2|\n|j| Dragontamerty9\n|j|\u2606Quecle\n|inactive|Quecle reconnected.\n|player|p2|Quecle|gambler\n|inactive|LasermanZ111 has 30 seconds left.\n|inactive|LasermanZ111 has 20 seconds left.\n|inactive|LasermanZ111 has 15 seconds left.\n|inactive|LasermanZ111 has 10 seconds left.\n|\n|t:|1683212105\n|start\n|switch|p1a: Amoonguss|Amoonguss, L50, M|100\/100\n|switch|p1b: Chi-Yu|Chi-Yu, L50|100\/100\n|switch|p2a: Slowking|Slowking, L50, F|100\/100\n|switch|p2b: Amoonguss|Amoonguss, L50, F|100\/100\n|-ability|p1b: Chi-Yu|Beads of Ruin\n|turn|1\n|inactive|LasermanZ111 has 30 seconds left.\n|inactive|Quecle has 30 seconds left.\n|inactive|LasermanZ111 has 20 seconds left.\n|\n|t:|1683212143\n|-terastallize|p2a: Slowking|Grass\n|move|p1b: Chi-Yu|Protect|p1b: Chi-Yu\n|-singleturn|p1b: Chi-Yu|Protect\n|move|p1a: Amoonguss|Protect|p1a: Amoonguss\n|-singleturn|p1a: Amoonguss|Protect\n|move|p2b: Amoonguss|Rage Powder|p2b: Amoonguss\n|-singleturn|p2b: Amoonguss|move: Rage Powder\n|move|p2a: Slowking|Trick Room|p2a: Slowking\n|-fieldstart|move: Trick Room|[of] p2a: Slowking\n|\n|upkeep\n|turn|2\n|inactive|LasermanZ111 has 30 seconds left.\n|\n|t:|1683212171\n|-terastallize|p1b: Chi-Yu|Grass\n|move|p2b: Amoonguss|Spore|p1b: Chi-Yu\n|-immune|p1b: Chi-Yu\n|move|p2a: Slowking|Nasty Plot|p2a: Slowking\n|-boost|p2a: Slowking|spa|2\n|move|p1a: Amoonguss|Pollen Puff|p1b: Chi-Yu\n|-immune|p1b: Chi-Yu\n|move|p1b: Chi-Yu|Heat Wave|p2b: Amoonguss|[spread] p2b\n|-miss|p1b: Chi-Yu|p2a: Slowking\n|-supereffective|p2b: Amoonguss\n|-damage|p2b: Amoonguss|13\/100\n|-enditem|p2b: Amoonguss|Sitrus Berry|[eat]\n|-heal|p2b: Amoonguss|38\/100|[from] item: Sitrus Berry\n|\n|upkeep\n|turn|3\n|\n|t:|1683212194\n|move|p2b: Amoonguss|Pollen Puff|p1b: Chi-Yu\n|-supereffective|p1b: Chi-Yu\n|-damage|p1b: Chi-Yu|61\/100\n|move|p2a: Slowking|Psychic|p1b: Chi-Yu\n|-damage|p1b: Chi-Yu|0 fnt\n|faint|p1b: Chi-Yu\n|move|p1a: Amoonguss|Pollen Puff|p2a: Slowking\n|-supereffective|p2a: Slowking\n|-damage|p2a: Slowking|76\/100\n|\n|upkeep\n|inactive|LasermanZ111 has 30 seconds left.\n|\n|t:|1683212223\n|switch|p1b: Ting-Lu|Ting-Lu, L50|100\/100\n|-ability|p1b: Ting-Lu|Vessel of Ruin\n|turn|4\n|inactive|LasermanZ111 has 30 seconds left.\n|inactive|Quecle has 30 seconds left.\n|\n|t:|1683212249\n|move|p2b: Amoonguss|Spore|p1b: Ting-Lu\n|-status|p1b: Ting-Lu|slp|[from] move: Spore\n|move|p2a: Slowking|Psychic|p1a: Amoonguss\n|-supereffective|p1a: Amoonguss\n|-damage|p1a: Amoonguss|24\/100\n|-enditem|p1a: Amoonguss|Sitrus Berry|[eat]\n|-heal|p1a: Amoonguss|48\/100|[from] item: Sitrus Berry\n|move|p1a: Amoonguss|Pollen Puff|p2a: Slowking\n|-supereffective|p2a: Slowking\n|-damage|p2a: Slowking|59\/100\n|cant|p1b: Ting-Lu|slp\n|\n|upkeep\n|turn|5\n|inactive|Quecle has 30 seconds left.\n|\n|t:|1683212278\n|switch|p2b: Kingambit|Kingambit, L50, F|100\/100\n|move|p1a: Amoonguss|Protect|p1a: Amoonguss\n|-singleturn|p1a: Amoonguss|Protect\n|move|p2a: Slowking|Hydro Pump|p1b: Ting-Lu|[miss]\n|-miss|p2a: Slowking|p1b: Ting-Lu\n|-curestatus|p1b: Ting-Lu|slp|[msg]\n|move|p1b: Ting-Lu|Earthquake|p2b: Kingambit|[spread] p2a,p2b\n|-activate|p1a: Amoonguss|move: Protect\n|-resisted|p2a: Slowking\n|-supereffective|p2b: Kingambit\n|-damage|p2a: Slowking|41\/100\n|-damage|p2b: Kingambit|40\/100\n|\n|-fieldend|move: Trick Room\n|upkeep\n|turn|6\n|inactive|LasermanZ111 has 30 seconds left.\n|\n|t:|1683212312\n|move|p1b: Ting-Lu|Heavy Slam|p2a: Slowking\n|-damage|p2a: Slowking|7\/100\n|move|p1a: Amoonguss|Pollen Puff|p2a: Slowking\n|-supereffective|p2a: Slowking\n|-damage|p2a: Slowking|0 fnt\n|faint|p2a: Slowking\n|move|p2b: Kingambit|Low Kick|p1b: Ting-Lu\n|-supereffective|p1b: Ting-Lu\n|-damage|p1b: Ting-Lu|42\/100\n|\n|upkeep\n|\n|t:|1683212333\n|switch|p2a: Amoonguss|Amoonguss, L50, F|38\/100\n|turn|7\n|inactive|LasermanZ111 has 30 seconds left.\n|\n|t:|1683212363\n|move|p2a: Amoonguss|Rage Powder|p2a: Amoonguss\n|-singleturn|p2a: Amoonguss|move: Rage Powder\n|move|p1b: Ting-Lu|Stomping Tantrum|p2a: Amoonguss\n|-damage|p2a: Amoonguss|4\/100\n|-status|p1b: Ting-Lu|psn|[from] ability: Effect Spore|[of] p2a: Amoonguss\n|move|p1a: Amoonguss|Pollen Puff|p1b: Ting-Lu\n|-heal|p1b: Ting-Lu|92\/100 psn\n|move|p2b: Kingambit|Swords Dance|p2b: Kingambit\n|-boost|p2b: Kingambit|atk|2\n|\n|-damage|p1b: Ting-Lu|80\/100 psn|[from] psn\n|upkeep\n|turn|8\n|\n|t:|1683212377\n|move|p1a: Amoonguss|Protect|p1a: Amoonguss\n|-singleturn|p1a: Amoonguss|Protect\n|move|p2a: Amoonguss|Rage Powder|p2a: Amoonguss\n|-singleturn|p2a: Amoonguss|move: Rage Powder\n|move|p1b: Ting-Lu|Earthquake|p2b: Kingambit|[spread] p2a,p2b\n|-activate|p1a: Amoonguss|move: Protect\n|-supereffective|p2b: Kingambit\n|-damage|p2a: Amoonguss|0 fnt\n|-damage|p2b: Kingambit|0 fnt\n|faint|p2a: Amoonguss\n|faint|p2b: Kingambit\n|\n|-damage|p1b: Ting-Lu|68\/100 psn|[from] psn\n|upkeep\n|\n|t:|1683212385\n|switch|p2b: Torkoal|Torkoal, L50, M|100\/100\n|-weather|SunnyDay|[from] ability: Drought|[of] p2b: Torkoal\n|turn|9\n|\n|t:|1683212398\n|move|p1b: Ting-Lu|Stomping Tantrum|p2b: Torkoal\n|-supereffective|p2b: Torkoal\n|-crit|p2b: Torkoal\n|-damage|p2b: Torkoal|17\/100\n|move|p1a: Amoonguss|Spore|p2b: Torkoal\n|-status|p2b: Torkoal|slp|[from] move: Spore\n|cant|p2b: Torkoal|slp\n|\n|-weather|SunnyDay|[upkeep]\n|-damage|p1b: Ting-Lu|55\/100 psn|[from] psn\n|upkeep\n|turn|10\n|\n|t:|1683212409\n|move|p1b: Ting-Lu|Stomping Tantrum|p2b: Torkoal\n|-supereffective|p2b: Torkoal\n|-damage|p2b: Torkoal|0 fnt\n|faint|p2b: Torkoal\n|\n|win|LasermanZ111\n|raw|LasermanZ111's rating: 1399 → 1425<\/strong> (+26 for winning)\n|raw|Quecle's rating: 1501 → 1475<\/strong> (-26 for losing)\n|l|\u2606Quecle\n","uploadtime":1683212416,"views":12,"p1id":"lasermanz111","p2id":"quecle","formatid":"gen9vgc2023regulationc","rating":1425,"private":0,"password":""}