{"id":"gen9vgc2023regulationc-1848281782","p1":"imchosen","p2":"NK2294","format":"[Gen 9] VGC 2023 Regulation C","log":"|j|\u2606imchosen\n|j|\u2606NK2294\n|t:|1682053048\n|gametype|doubles\n|player|p1|imchosen|101|1121\n|player|p2|NK2294|lenora|1074\n|teamsize|p1|6\n|teamsize|p2|6\n|gen|9\n|tier|[Gen 9] VGC 2023 Regulation C\n|rated|\n|rule|Species Clause: Limit one of each Pok\u00e9mon\n|rule|Item Clause: Limit one of each item\n|clearpoke\n|poke|p1|Slaking, L50, M|\n|poke|p1|Salamence, L50, M|\n|poke|p1|Ting-Lu, L50|\n|poke|p1|Espathra, L50, F|\n|poke|p1|Flutter Mane, L50|\n|poke|p1|Chien-Pao, L50|\n|poke|p2|Lumineon, L50, F|\n|poke|p2|Volcarona, L50, F|\n|poke|p2|Jolteon, L50, F|\n|poke|p2|Pelipper, L50, F|\n|poke|p2|Surskit, L50, M|\n|poke|p2|Qwilfish, L50, F|\n|teampreview|4\n|\n|t:|1682053077\n|start\n|switch|p1a: Espathra|Espathra, L50, F|100\/100\n|switch|p1b: Slaking|Slaking, L50, M, shiny|100\/100\n|switch|p2a: Pelipper|Pelipper, L50, F|100\/100\n|switch|p2b: Qwilfish|Qwilfish, L50, F|100\/100\n|-item|p2b: Qwilfish|Air Balloon\n|-weather|RainDance|[from] ability: Drizzle|[of] p2a: Pelipper\n|turn|1\n|\n|t:|1682053097\n|move|p2b: Qwilfish|Taunt|p1a: Espathra\n|-start|p1a: Espathra|move: Taunt\n|cant|p1a: Espathra|move: Taunt|Skill Swap\n|move|p1b: Slaking|Body Slam|p2a: Pelipper\n|-damage|p2a: Pelipper|46\/100\n|move|p2a: Pelipper|Tailwind|p2a: Pelipper\n|-sidestart|p2: NK2294|move: Tailwind\n|\n|-weather|RainDance|[upkeep]\n|-ability|p1a: Espathra|Speed Boost|boost\n|-boost|p1a: Espathra|spe|1\n|upkeep\n|turn|2\n|\n|t:|1682053126\n|switch|p1b: Salamence|Salamence, L50, M, shiny|100\/100\n|-ability|p1b: Salamence|Intimidate|boost\n|-unboost|p2a: Pelipper|atk|1\n|-unboost|p2b: Qwilfish|atk|1\n|move|p2b: Qwilfish|Gunk Shot|p1a: Espathra\n|-damage|p1a: Espathra|58\/100\n|move|p1a: Espathra|Lumina Crash|p2b: Qwilfish\n|-supereffective|p2b: Qwilfish\n|-damage|p2b: Qwilfish|0 fnt\n|-enditem|p2b: Qwilfish|Air Balloon\n|faint|p2b: Qwilfish\n|move|p2a: Pelipper|Hurricane|p1a: Espathra\n|-damage|p1a: Espathra|0 fnt\n|faint|p1a: Espathra\n|\n|-weather|RainDance|[upkeep]\n|upkeep\n|\n|t:|1682053142\n|switch|p1a: Slaking|Slaking, L50, M, shiny|100\/100\n|switch|p2b: Volcarona|Volcarona, L50, F|100\/100\n|turn|3\n|\n|t:|1682053162\n|move|p2b: Volcarona|Protect|p2b: Volcarona\n|-singleturn|p2b: Volcarona|Protect\n|move|p2a: Pelipper|Hurricane|p1b: Salamence\n|-damage|p1b: Salamence|63\/100\n|move|p1a: Slaking|Body Slam|p2b: Volcarona\n|-activate|p2b: Volcarona|move: Protect\n|move|p1b: Salamence|Rock Slide|p2a: Pelipper|[spread] \n|-activate|p2b: Volcarona|move: Protect\n|-miss|p1b: Salamence|p2a: Pelipper\n|\n|-weather|RainDance|[upkeep]\n|upkeep\n|turn|4\n|\n|t:|1682053183\n|-terastallize|p2b: Volcarona|Water\n|move|p2b: Volcarona|Quiver Dance|p2b: Volcarona\n|-boost|p2b: Volcarona|spa|1\n|-boost|p2b: Volcarona|spd|1\n|-boost|p2b: Volcarona|spe|1\n|move|p2a: Pelipper|Hurricane|p1b: Salamence\n|-damage|p1b: Salamence|25\/100\n|cant|p1a: Slaking|ability: Truant\n|move|p1b: Salamence|Rock Slide|p2a: Pelipper|[spread] p2a,p2b\n|-supereffective|p2a: Pelipper\n|-damage|p2a: Pelipper|16\/100\n|-damage|p2b: Volcarona|76\/100\n|\n|-weather|RainDance|[upkeep]\n|-sideend|p2: NK2294|move: Tailwind\n|upkeep\n|turn|5\n|\n|t:|1682053217\n|move|p2b: Volcarona|Protect|p2b: Volcarona\n|-singleturn|p2b: Volcarona|Protect\n|move|p1a: Slaking|Body Slam|p2b: Volcarona\n|-activate|p2b: Volcarona|move: Protect\n|move|p1b: Salamence|Rock Slide|p2b: Volcarona|[spread] p2a\n|-activate|p2b: Volcarona|move: Protect\n|-supereffective|p2a: Pelipper\n|-damage|p2a: Pelipper|0 fnt\n|faint|p2a: Pelipper\n|\n|-weather|RainDance|[upkeep]\n|upkeep\n|\n|t:|1682053225\n|switch|p2a: Lumineon|Lumineon, L50, F|100\/100\n|turn|6\n|\n|t:|1682053241\n|switch|p1a: Ting-Lu|Ting-Lu, L50|100\/100\n|-ability|p1a: Ting-Lu|Vessel of Ruin\n|move|p2b: Volcarona|Bug Buzz|p1b: Salamence\n|-resisted|p1b: Salamence\n|-damage|p1b: Salamence|1\/100\n|move|p2a: Lumineon|Tailwind|p2a: Lumineon\n|-sidestart|p2: NK2294|move: Tailwind\n|move|p1b: Salamence|Tailwind|p1b: Salamence\n|-sidestart|p1: imchosen|move: Tailwind\n|\n|-weather|RainDance|[upkeep]\n|upkeep\n|turn|7\n|\n|t:|1682053289\n|-terastallize|p1a: Ting-Lu|Grass\n|move|p2b: Volcarona|Giga Drain|p1a: Ting-Lu\n|-resisted|p1a: Ting-Lu\n|-damage|p1a: Ting-Lu|94\/100\n|-heal|p2b: Volcarona|81\/100|[from] drain|[of] p1a: Ting-Lu\n|move|p2a: Lumineon|Dazzling Gleam|p1a: Ting-Lu|[spread] p1a,p1b\n|-supereffective|p1b: Salamence\n|-damage|p1a: Ting-Lu|91\/100\n|-damage|p1b: Salamence|0 fnt\n|faint|p1b: Salamence\n|move|p1a: Ting-Lu|Ruination|p2a: Lumineon\n|-damage|p2a: Lumineon|50\/100\n|\n|-weather|RainDance|[upkeep]\n|upkeep\n|\n|t:|1682053301\n|switch|p1b: Slaking|Slaking, L50, M, shiny|100\/100\n|turn|8\n|\n|t:|1682053324\n|move|p2b: Volcarona|Bug Buzz|p1a: Ting-Lu\n|-supereffective|p1a: Ting-Lu\n|-damage|p1a: Ting-Lu|45\/100\n|move|p2a: Lumineon|Encore|p1a: Ting-Lu\n|-start|p1a: Ting-Lu|Encore\n|move|p1b: Slaking|Body Slam|p2b: Volcarona\n|-damage|p2b: Volcarona|6\/100\n|move|p1a: Ting-Lu|Ruination|p2b: Volcarona\n|-damage|p2b: Volcarona|4\/100\n|\n|-weather|none\n|upkeep\n|turn|9\n|inactive|Battle timer is ON: inactive players will automatically lose when time's up. (requested by imchosen)\n|\n|t:|1682053344\n|move|p2b: Volcarona|Bug Buzz|p1a: Ting-Lu\n|-supereffective|p1a: Ting-Lu\n|-crit|p1a: Ting-Lu\n|-damage|p1a: Ting-Lu|0 fnt\n|faint|p1a: Ting-Lu\n|move|p2a: Lumineon|Dazzling Gleam|p1b: Slaking\n|-damage|p1b: Slaking|89\/100\n|cant|p1b: Slaking|ability: Truant\n|\n|-sideend|p2: NK2294|move: Tailwind\n|-sideend|p1: imchosen|move: Tailwind\n|upkeep\n|turn|10\n|\n|t:|1682053355\n|move|p2b: Volcarona|Protect|p2b: Volcarona\n|-singleturn|p2b: Volcarona|Protect\n|move|p2a: Lumineon|Tailwind|p2a: Lumineon\n|-sidestart|p2: NK2294|move: Tailwind\n|move|p1b: Slaking|Body Slam|p2b: Volcarona\n|-activate|p2b: Volcarona|move: Protect\n|\n|upkeep\n|turn|11\n|\n|t:|1682053371\n|move|p2b: Volcarona|Giga Drain|p1b: Slaking\n|-damage|p1b: Slaking|50\/100\n|-heal|p2b: Volcarona|35\/100|[from] drain|[of] p1b: Slaking\n|move|p2a: Lumineon|Encore|p1b: Slaking\n|-start|p1b: Slaking|Encore\n|cant|p1b: Slaking|ability: Truant\n|\n|upkeep\n|turn|12\n|\n|t:|1682053385\n|move|p2b: Volcarona|Protect|p2b: Volcarona\n|-singleturn|p2b: Volcarona|Protect\n|move|p2a: Lumineon|Dazzling Gleam|p1b: Slaking\n|-damage|p1b: Slaking|38\/100\n|move|p1b: Slaking|Body Slam|p2a: Lumineon\n|-damage|p2a: Lumineon|0 fnt\n|faint|p2a: Lumineon\n|\n|upkeep\n|turn|13\n|\n|t:|1682053398\n|move|p2b: Volcarona|Quiver Dance|p2b: Volcarona\n|-boost|p2b: Volcarona|spa|1\n|-boost|p2b: Volcarona|spd|1\n|-boost|p2b: Volcarona|spe|1\n|cant|p1b: Slaking|ability: Truant\n|\n|-end|p1b: Slaking|Encore\n|-sideend|p2: NK2294|move: Tailwind\n|upkeep\n|turn|14\n|\n|t:|1682053407\n|move|p2b: Volcarona|Giga Drain|p1b: Slaking\n|-damage|p1b: Slaking|0 fnt\n|-heal|p2b: Volcarona|64\/100|[from] drain|[of] p1b: Slaking\n|faint|p1b: Slaking\n|\n|win|NK2294\n|raw|imchosen's rating: 1121 → 1093<\/strong> (-28 for losing)\n|raw|NK2294's rating: 1074 → 1107<\/strong> (+33 for winning)\n|l|\u2606imchosen\n","uploadtime":1682053529,"views":11,"p1id":"imchosen","p2id":"nk2294","formatid":"gen9vgc2023regulationc","rating":1093,"private":0,"password":""}