{"id":"gen9vgc2023regulationc-1862323772","p1":"Alexis_student","p2":"jacob weedson","format":"[Gen 9] VGC 2023 Regulation C","log":"|j|\u2606Alexis_student\n|j|\u2606jacob weedson\n|t:|1683865789\n|gametype|doubles\n|player|p1|Alexis_student|170|1163\n|player|p2|jacob weedson|crasherwake|1269\n|teamsize|p1|6\n|teamsize|p2|6\n|gen|9\n|tier|[Gen 9] VGC 2023 Regulation C\n|rated|\n|rule|Species Clause: Limit one of each Pok\u00e9mon\n|rule|Item Clause: Limit one of each item\n|clearpoke\n|poke|p1|Chi-Yu, L50|\n|poke|p1|Flutter Mane, L50|\n|poke|p1|Gyarados, L50, M|\n|poke|p1|Iron Hands, L50|\n|poke|p1|Dragonite, L50, M|\n|poke|p1|Amoonguss, L50, M|\n|poke|p2|Tyranitar, L50, F|\n|poke|p2|Scream Tail, L50|\n|poke|p2|Gyarados, L50, F|\n|poke|p2|Ting-Lu, L50|\n|poke|p2|Orthworm, L50, F|\n|poke|p2|Flutter Mane, L50|\n|teampreview|4\njacob weedson has agreed to open team sheets.\n|inactive|Battle timer is ON: inactive players will automatically lose when time's up. (requested by Alexis_student)\n|inactive|jacob weedson has 60 seconds left.\n|\n|t:|1683865844\n|start\n|switch|p1a: Iron Hands|Iron Hands, L50|100\/100\n|switch|p1b: Amoonguss|Amoonguss, L50, M|100\/100\n|switch|p2a: Scream Tail|Scream Tail, L50|100\/100\n|switch|p2b: Tyranitar|Tyranitar, L50, F, shiny|100\/100\n|-weather|Sandstorm|[from] ability: Sand Stream|[of] p2b: Tyranitar\n|-enditem|p2a: Scream Tail|Booster Energy\n|-activate|p2a: Scream Tail|ability: Protosynthesis|[fromitem]\n|-start|p2a: Scream Tail|protosynthesisspe\n|turn|1\n|inactive|jacob weedson has 30 seconds left.\n|\n|t:|1683865871\n|-terastallize|p2b: Tyranitar|Flying\n|move|p1a: Iron Hands|Fake Out|p2a: Scream Tail\n|-damage|p2a: Scream Tail|91\/100\n|cant|p2a: Scream Tail|flinch\n|move|p2b: Tyranitar|Tera Blast|p1b: Amoonguss\n|-supereffective|p1b: Amoonguss\n|-damage|p1b: Amoonguss|23\/100\n|-enditem|p1b: Amoonguss|Sitrus Berry|[eat]\n|-heal|p1b: Amoonguss|48\/100|[from] item: Sitrus Berry\n|move|p1b: Amoonguss|Spore|p2b: Tyranitar\n|-status|p2b: Tyranitar|slp|[from] move: Spore\n|\n|-weather|Sandstorm|[upkeep]\n|-damage|p2a: Scream Tail|85\/100|[from] Sandstorm\n|-damage|p2b: Tyranitar|95\/100 slp|[from] Sandstorm\n|-damage|p1a: Iron Hands|95\/100|[from] Sandstorm\n|-damage|p1b: Amoonguss|42\/100|[from] Sandstorm\n|upkeep\n|turn|2\n|inactive|Alexis_student has 30 seconds left.\n|inactive|jacob weedson has 30 seconds left.\n|inactive|jacob weedson has 20 seconds left.\n|\n|t:|1683865909\n|switch|p2b: Ting-Lu|Ting-Lu, L50|100\/100\n|-ability|p2b: Ting-Lu|Vessel of Ruin\n|switch|p1b: Gyarados|Gyarados, L50, M|100\/100\n|-ability|p1b: Gyarados|Intimidate|boost\n|-unboost|p2a: Scream Tail|atk|1\n|-unboost|p2b: Ting-Lu|atk|1\n|move|p2a: Scream Tail|Howl|p2a: Scream Tail|[spread] p2a,p2b\n|-boost|p2a: Scream Tail|atk|1\n|-boost|p2b: Ting-Lu|atk|1\n|move|p1a: Iron Hands|Wild Charge|p2b: Ting-Lu\n|-immune|p2b: Ting-Lu\n|\n|-weather|Sandstorm|[upkeep]\n|-damage|p2a: Scream Tail|79\/100|[from] Sandstorm\n|-damage|p1a: Iron Hands|89\/100|[from] Sandstorm\n|upkeep\n|turn|3\n|\n|t:|1683865933\n|move|p2a: Scream Tail|Thunder Wave|p1b: Gyarados|[miss]\n|-miss|p2a: Scream Tail|p1b: Gyarados\n|move|p1b: Gyarados|Taunt|p2a: Scream Tail\n|-start|p2a: Scream Tail|move: Taunt\n|move|p1a: Iron Hands|Drain Punch|p2b: Ting-Lu\n|-supereffective|p2b: Ting-Lu\n|-damage|p2b: Ting-Lu|52\/100\n|-heal|p1a: Iron Hands|100\/100|[from] drain|[of] p2b: Ting-Lu\n|move|p2b: Ting-Lu|Stomping Tantrum|p1a: Iron Hands\n|-supereffective|p1a: Iron Hands\n|-damage|p1a: Iron Hands|58\/100\n|\n|-weather|Sandstorm|[upkeep]\n|-damage|p2a: Scream Tail|73\/100|[from] Sandstorm\n|-damage|p1a: Iron Hands|52\/100|[from] Sandstorm\n|-heal|p2b: Ting-Lu|59\/100|[from] item: Leftovers\n|upkeep\n|turn|4\n|\n|t:|1683865954\n|switch|p2b: Flutter Mane|Flutter Mane, L50|100\/100\n|move|p2a: Scream Tail|Play Rough|p1a: Iron Hands\n|-supereffective|p1a: Iron Hands\n|-damage|p1a: Iron Hands|16\/100\n|move|p1b: Gyarados|Waterfall|p2b: Flutter Mane\n|-damage|p2b: Flutter Mane|49\/100\n|move|p1a: Iron Hands|Drain Punch|p2b: Flutter Mane\n|-immune|p2b: Flutter Mane\n|\n|-weather|Sandstorm|[upkeep]\n|-damage|p2a: Scream Tail|67\/100|[from] Sandstorm\n|-damage|p2b: Flutter Mane|43\/100|[from] Sandstorm\n|-damage|p1a: Iron Hands|10\/100|[from] Sandstorm\n|upkeep\n|turn|5\n|\n|t:|1683865977\n|-end|p1a: Iron Hands|Quark Drive|[silent]\n|switch|p1a: Amoonguss|Amoonguss, L50, M|75\/100\n|move|p2a: Scream Tail|Play Rough|p1a: Amoonguss\n|-resisted|p1a: Amoonguss\n|-damage|p1a: Amoonguss|64\/100\n|move|p2b: Flutter Mane|Thunderbolt|p1b: Gyarados\n|-supereffective|p1b: Gyarados\n|-crit|p1b: Gyarados\n|-damage|p1b: Gyarados|0 fnt\n|faint|p1b: Gyarados\n|\n|-weather|none\n|upkeep\n|\n|t:|1683865993\n|switch|p1b: Iron Hands|Iron Hands, L50|10\/100\n|turn|6\n|inactive|jacob weedson has 30 seconds left.\n|inactive|jacob weedson has 20 seconds left.\n|inactive|jacob weedson has 15 seconds left.\n|\n|t:|1683866035\n|-end|p2b: Flutter Mane|Protosynthesis|[silent]\n|switch|p2b: Tyranitar|Tyranitar, L50, F, shiny, tera:Flying|95\/100 slp\n|-weather|Sandstorm|[from] ability: Sand Stream|[of] p2b: Tyranitar\n|move|p1b: Iron Hands|Fake Out|p2a: Scream Tail\n|-damage|p2a: Scream Tail|57\/100\n|cant|p2a: Scream Tail|flinch\n|move|p1a: Amoonguss|Spore|p2b: Tyranitar\n|-fail|p2b: Tyranitar|slp\n|\n|-weather|Sandstorm|[upkeep]\n|-damage|p2a: Scream Tail|51\/100|[from] Sandstorm\n|-damage|p2b: Tyranitar|89\/100 slp|[from] Sandstorm\n|-damage|p1b: Iron Hands|4\/100|[from] Sandstorm\n|-damage|p1a: Amoonguss|58\/100|[from] Sandstorm\n|-end|p2a: Scream Tail|move: Taunt\n|upkeep\n|turn|7\n|\n|t:|1683866061\n|move|p2a: Scream Tail|Howl|p2a: Scream Tail|[spread] p2a,p2b\n|-boost|p2a: Scream Tail|atk|1\n|-boost|p2b: Tyranitar|atk|1\n|cant|p2b: Tyranitar|slp\n|move|p1b: Iron Hands|Wild Charge|p2b: Tyranitar\n|-supereffective|p2b: Tyranitar\n|-damage|p2b: Tyranitar|10\/100 slp\n|-damage|p1b: Iron Hands|0 fnt|[from] Recoil\n|faint|p1b: Iron Hands\n|-end|p1b: Iron Hands|Quark Drive|[silent]\n|move|p1a: Amoonguss|Spore|p2a: Scream Tail\n|-status|p2a: Scream Tail|slp|[from] move: Spore\n|\n|-weather|Sandstorm|[upkeep]\n|-damage|p2a: Scream Tail|45\/100 slp|[from] Sandstorm\n|-damage|p2b: Tyranitar|4\/100 slp|[from] Sandstorm\n|-damage|p1a: Amoonguss|52\/100|[from] Sandstorm\n|upkeep\n|\n|t:|1683866077\n|switch|p1b: Dragonite|Dragonite, L50, M|100\/100\n|turn|8\n|inactive|jacob weedson has 30 seconds left.\n|\n|t:|1683866106\n|-terastallize|p1b: Dragonite|Flying\n|cant|p2a: Scream Tail|slp\n|cant|p2b: Tyranitar|slp\n|move|p1b: Dragonite|Tera Blast|p2a: Scream Tail\n|-damage|p2a: Scream Tail|5\/100 slp\n|move|p1a: Amoonguss|Pollen Puff|p2b: Tyranitar\n|-resisted|p2b: Tyranitar\n|-damage|p2b: Tyranitar|0 fnt\n|faint|p2b: Tyranitar\n|\n|-weather|Sandstorm|[upkeep]\n|-damage|p2a: Scream Tail|0 fnt|[from] Sandstorm\n|-damage|p1b: Dragonite|95\/100|[from] Sandstorm\n|-damage|p1a: Amoonguss|46\/100|[from] Sandstorm\n|faint|p2a: Scream Tail\n|-end|p2a: Scream Tail|Protosynthesis|[silent]\n|upkeep\n|\n|t:|1683866116\n|switch|p2a: Ting-Lu|Ting-Lu, L50|59\/100\n|switch|p2b: Flutter Mane|Flutter Mane, L50|43\/100\n|-ability|p2a: Ting-Lu|Vessel of Ruin\n|turn|9\n|\n|t:|1683866137\n|move|p1a: Amoonguss|Rage Powder|p1a: Amoonguss\n|-singleturn|p1a: Amoonguss|move: Rage Powder\n|move|p2b: Flutter Mane|Dazzling Gleam|p1b: Dragonite|[spread] p1a,p1b\n|-resisted|p1a: Amoonguss\n|-damage|p1a: Amoonguss|33\/100\n|-damage|p1b: Dragonite|67\/100\n|move|p1b: Dragonite|Tera Blast|p2b: Flutter Mane\n|-damage|p2b: Flutter Mane|0 fnt\n|faint|p2b: Flutter Mane\n|-end|p2b: Flutter Mane|Protosynthesis|[silent]\n|move|p2a: Ting-Lu|Stomping Tantrum|p1a: Amoonguss\n|-damage|p1a: Amoonguss|9\/100\n|\n|-weather|Sandstorm|[upkeep]\n|-damage|p1b: Dragonite|61\/100|[from] Sandstorm\n|-damage|p1a: Amoonguss|3\/100|[from] Sandstorm\n|-heal|p2a: Ting-Lu|65\/100|[from] item: Leftovers\n|upkeep\n|turn|10\n|-message|jacob weedson forfeited.\n|\n|win|Alexis_student\n|raw|Alexis_student's rating: 1163 → 1195<\/strong> (+32 for winning)\n|raw|jacob weedson's rating: 1269 → 1237<\/strong> (-32 for losing)\n|l|\u2606jacob weedson\n","uploadtime":1683866162,"views":11,"p1id":"alexisstudent","p2id":"jacobweedson","formatid":"gen9vgc2023regulationc","rating":1195,"private":0,"password":""}