{"id":"gen9vgc2023regulationc-1856597948","p1":"Keroki","p2":"joshuajohnf","format":"[Gen 9] VGC 2023 Regulation C","log":"|j|\u2606Keroki\n|j|\u2606joshuajohnf\n|t:|1683080524\n|gametype|doubles\n|player|p1|Keroki|dawn|1194\n|player|p2|joshuajohnf|barry|1224\n|teamsize|p1|6\n|teamsize|p2|6\n|gen|9\n|tier|[Gen 9] VGC 2023 Regulation C\n|rated|\n|rule|Species Clause: Limit one of each Pok\u00e9mon\n|rule|Item Clause: Limit one of each item\n|clearpoke\n|poke|p1|Abomasnow, L50, F|\n|poke|p1|Baxcalibur, L50, F|\n|poke|p1|Iron Bundle, L50|\n|poke|p1|Gholdengo, L50|\n|poke|p1|Pawmot, L50, M|\n|poke|p1|Arboliva, L50, M|\n|poke|p2|Vivillon-Fancy, L50, F|\n|poke|p2|Iron Bundle, L50|\n|poke|p2|Abomasnow, L50, F|\n|poke|p2|Dondozo, L50, M|\n|poke|p2|Tatsugiri, L50, M|\n|poke|p2|Ting-Lu, L50|\n|teampreview|4\n|inactive|Battle timer is ON: inactive players will automatically lose when time's up. (requested by Keroki)\n|\n|t:|1683080552\n|start\n|switch|p1a: Abomasnow|Abomasnow, L50, F|100\/100\n|switch|p1b: Iron Bundle|Iron Bundle, L50|100\/100\n|switch|p2a: Ting-Lu|Ting-Lu, L50|100\/100\n|switch|p2b: Vivillon|Vivillon-Fancy, L50, F|100\/100\n|-weather|Snow|[from] ability: Snow Warning|[of] p1a: Abomasnow\n|-ability|p2a: Ting-Lu|Vessel of Ruin\n|turn|1\n|\n|t:|1683080563\n|move|p2b: Vivillon|Protect|p2b: Vivillon\n|-singleturn|p2b: Vivillon|Protect\n|move|p1b: Iron Bundle|Blizzard|p2b: Vivillon|[spread] p2a\n|-activate|p2b: Vivillon|move: Protect\n|-supereffective|p2a: Ting-Lu\n|-damage|p2a: Ting-Lu|75\/100\n|-status|p2a: Ting-Lu|frz\n|move|p1a: Abomasnow|Aurora Veil|p1a: Abomasnow\n|-sidestart|p1: Keroki|move: Aurora Veil\n|cant|p2a: Ting-Lu|frz\n|\n|-weather|Snow|[upkeep]\n|upkeep\n|turn|2\n|\n|t:|1683080577\n|switch|p2b: Tatsugiri|Tatsugiri, L50, M|100\/100\n|move|p1b: Iron Bundle|Blizzard|p2b: Tatsugiri|[spread] p2a,p2b\n|-supereffective|p2a: Ting-Lu\n|-damage|p2a: Ting-Lu|43\/100 frz\n|-damage|p2b: Tatsugiri|62\/100\n|move|p1a: Abomasnow|Blizzard|p2a: Ting-Lu|[spread] p2a,p2b\n|-supereffective|p2a: Ting-Lu\n|-damage|p2a: Ting-Lu|15\/100 frz\n|-damage|p2b: Tatsugiri|28\/100\n|cant|p2a: Ting-Lu|frz\n|\n|-weather|Snow|[upkeep]\n|upkeep\n|turn|3\n|\n|t:|1683080597\n|switch|p2a: Dondozo|Dondozo, L50, M|100\/100\n|-activate|p2b: Tatsugiri|ability: Commander|[of] p2a: Dondozo\n|-boost|p2a: Dondozo|atk|2\n|-boost|p2a: Dondozo|spa|2\n|-boost|p2a: Dondozo|spe|2\n|-boost|p2a: Dondozo|def|2\n|-boost|p2a: Dondozo|spd|2\n|move|p1b: Iron Bundle|Blizzard|p2a: Dondozo|[spread] p2a\n|-miss|p1b: Iron Bundle|p2b: Tatsugiri\n|-resisted|p2a: Dondozo\n|-damage|p2a: Dondozo|92\/100\n|-status|p2a: Dondozo|frz\n|move|p1a: Abomasnow|Giga Drain|p2a: Dondozo\n|-supereffective|p2a: Dondozo\n|-crit|p2a: Dondozo\n|-damage|p2a: Dondozo|11\/100 frz\n|\n|-weather|Snow|[upkeep]\n|-heal|p2a: Dondozo|18\/100 frz|[from] item: Leftovers\n|upkeep\n|turn|4\n|\n|t:|1683080615\n|-curestatus|p2a: Dondozo|frz|[msg]\n|move|p2a: Dondozo|Protect|p2a: Dondozo\n|-singleturn|p2a: Dondozo|Protect\n|move|p1b: Iron Bundle|Blizzard|p2b: Tatsugiri|[spread] \n|-miss|p1b: Iron Bundle|p2b: Tatsugiri\n|-activate|p2a: Dondozo|move: Protect\n|move|p1a: Abomasnow|Blizzard|p2a: Dondozo|[spread] \n|-miss|p1a: Abomasnow|p2b: Tatsugiri\n|-activate|p2a: Dondozo|move: Protect\n|\n|-weather|Snow|[upkeep]\n|-heal|p2a: Dondozo|24\/100|[from] item: Leftovers\n|upkeep\n|turn|5\n|\n|t:|1683080633\n|move|p1b: Iron Bundle|Freeze-Dry|p2a: Dondozo\n|-supereffective|p2a: Dondozo\n|-damage|p2a: Dondozo|0 fnt\n|faint|p2a: Dondozo\n|move|p1a: Abomasnow|Giga Drain|p2b: Tatsugiri\n|-damage|p2b: Tatsugiri|0 fnt\n|faint|p2b: Tatsugiri\n|\n|-weather|none\n|-sideend|p1: Keroki|move: Aurora Veil\n|upkeep\n|-message|joshuajohnf forfeited.\n|\n|win|Keroki\n|raw|Keroki's rating: 1194 → 1221<\/strong> (+27 for winning)\n|raw|joshuajohnf's rating: 1224 → 1197<\/strong> (-27 for losing)\n|l|\u2606joshuajohnf\n|l|\u2606Keroki\n|j|\u2606Keroki\n|player|p1|Keroki|dawn\n","uploadtime":1683080647,"views":12,"p1id":"keroki","p2id":"joshuajohnf","formatid":"gen9vgc2023regulationc","rating":1197,"private":0,"password":""}