{"id":"gen9vgc2023regulationc-1845674232","p1":"Appleknight777","p2":"Pokebet","format":"[Gen 9] VGC 2023 Regulation C","log":"|j|\u2606Appleknight777\n|j|\u2606Pokebet\n|t:|1681754513\n|gametype|doubles\n|player|p1|Appleknight777|266|1228\n|player|p2|Pokebet|170|1220\n|teamsize|p1|6\n|teamsize|p2|6\n|gen|9\n|tier|[Gen 9] VGC 2023 Regulation C\n|rated|\n|rule|Species Clause: Limit one of each Pok\u00e9mon\n|rule|Item Clause: Limit one of each item\n|clearpoke\n|poke|p1|Talonflame, L50, F|\n|poke|p1|Pelipper, L50, M|\n|poke|p1|Palafin, L50, F|\n|poke|p1|Amoonguss, L50, M|\n|poke|p1|Cetitan, L50, M|\n|poke|p1|Garchomp, L50, M|\n|poke|p2|Gholdengo, L50|\n|poke|p2|Palafin, L50, M|\n|poke|p2|Amoonguss, L50, M|\n|poke|p2|Arcanine, L50, M|\n|poke|p2|Ting-Lu, L50|\n|poke|p2|Kingambit, L50, M|\n|teampreview|4\nAppleknight777 has agreed to open team sheets.\nPokebet has agreed to open team sheets.\n|inactive|Battle timer is ON: inactive players will automatically lose when time's up. (requested by Pokebet)\n|inactive|Appleknight777 has 60 seconds left.\n|inactive|Appleknight777 has 30 seconds left.\n|inactive|Appleknight777 has 20 seconds left.\n|\n|t:|1681754623\n|start\n|switch|p1a: Garchomp|Garchomp, L50, M|100\/100\n|switch|p1b: Palafin|Palafin, L50, F|100\/100\n|switch|p2a: Gholdengo|Gholdengo, L50|100\/100\n|switch|p2b: Palafin|Palafin, L50, M|100\/100\n|turn|1\n|inactive|Pokebet has 30 seconds left.\n|inactive|Pokebet has 20 seconds left.\n|inactive|Pokebet has 15 seconds left.\n|inactive|Pokebet has 10 seconds left.\n|inactive|Pokebet has 5 seconds left.\n|\n|t:|1681754676\n|detailschange|p1b: Palafin|Palafin-Hero, L50, F\n|switch|p1b: Amoonguss|Amoonguss, L50, M|100\/100\n|detailschange|p2b: Palafin|Palafin-Hero, L50, M\n|switch|p2b: Amoonguss|Amoonguss, L50, M|100\/100\n|-terastallize|p2a: Gholdengo|Water\n|move|p1a: Garchomp|Earthquake|p2b: Amoonguss|[spread] p1b,p2a,p2b\n|-damage|p1b: Amoonguss|70\/100\n|-damage|p2a: Gholdengo|63\/100\n|-damage|p2b: Amoonguss|69\/100\n|move|p2a: Gholdengo|Nasty Plot|p2a: Gholdengo\n|-boost|p2a: Gholdengo|spa|2\n|\n|upkeep\n|turn|2\n|inactive|Appleknight777 has 30 seconds left.\n|inactive|Appleknight777 has 20 seconds left.\n|inactive|Appleknight777 has 15 seconds left.\n|inactive|Appleknight777 has 10 seconds left.\n|\n|t:|1681754725\n|move|p1b: Amoonguss|Protect|p1b: Amoonguss\n|-singleturn|p1b: Amoonguss|Protect\n|move|p1a: Garchomp|Earthquake|p2a: Gholdengo|[spread] p2a,p2b\n|-activate|p1b: Amoonguss|move: Protect\n|-damage|p2a: Gholdengo|23\/100\n|-damage|p2b: Amoonguss|35\/100\n|-enditem|p2a: Gholdengo|Sitrus Berry|[eat]\n|-heal|p2a: Gholdengo|48\/100|[from] item: Sitrus Berry\n|move|p2a: Gholdengo|Make It Rain|p1a: Garchomp|[spread] p1a\n|-activate|p1b: Amoonguss|move: Protect\n|-damage|p1a: Garchomp|0 fnt\n|-unboost|p2a: Gholdengo|spa|1\n|faint|p1a: Garchomp\n|move|p2b: Amoonguss|Pollen Puff|p2a: Gholdengo\n|-heal|p2a: Gholdengo|98\/100\n|\n|upkeep\n|inactive|Appleknight777 has 30 seconds left.\n|inactive|Appleknight777 has 20 seconds left.\n|inactive|Appleknight777 has 15 seconds left.\n|\n|t:|1681754769\n|switch|p1a: Cetitan|Cetitan, L50, M|100\/100\n|turn|3\n|inactive|Pokebet has 30 seconds left.\n|\n|t:|1681754798\n|switch|p2b: Kingambit|Kingambit, L50, M|100\/100\n|-terastallize|p1a: Cetitan|Grass\n|move|p2a: Gholdengo|Make It Rain|p1a: Cetitan|[spread] p1a,p1b\n|-damage|p1a: Cetitan|58\/100\n|-damage|p1b: Amoonguss|6\/100\n|-unboost|p2a: Gholdengo|spa|1\n|-enditem|p1b: Amoonguss|Sitrus Berry|[eat]\n|-heal|p1b: Amoonguss|31\/100|[from] item: Sitrus Berry\n|move|p1a: Cetitan|Tera Blast|p2a: Gholdengo\n|-supereffective|p2a: Gholdengo\n|-damage|p2a: Gholdengo|23\/100\n|move|p1b: Amoonguss|Pollen Puff|p1a: Cetitan\n|-heal|p1a: Cetitan|100\/100\n|\n|upkeep\n|turn|4\n|inactive|Appleknight777 has 30 seconds left.\n|inactive|Pokebet has 30 seconds left.\n|\n|t:|1681754826\n|switch|p2a: Amoonguss|Amoonguss, L50, M|69\/100\n|move|p1b: Amoonguss|Protect|p1b: Amoonguss\n|-singleturn|p1b: Amoonguss|Protect\n|move|p1a: Cetitan|Earthquake|p2a: Amoonguss|[spread] p2a,p2b\n|-activate|p1b: Amoonguss|move: Protect\n|-supereffective|p2b: Kingambit\n|-damage|p2a: Amoonguss|48\/100\n|-damage|p2b: Kingambit|63\/100\n|move|p2b: Kingambit|Kowtow Cleave|p1b: Amoonguss\n|-activate|p1b: Amoonguss|move: Protect\n|\n|upkeep\n|turn|5\n|inactive|Appleknight777 has 30 seconds left.\n|inactive|Appleknight777 has 20 seconds left.\n|\n|t:|1681754864\n|switch|p1b: Palafin|Palafin-Hero, L50, F|100\/100\n|-activate|p1b: Palafin|ability: Zero to Hero\n|move|p2a: Amoonguss|Protect|p2a: Amoonguss\n|-singleturn|p2a: Amoonguss|Protect\n|move|p1a: Cetitan|Ice Spinner|p2a: Amoonguss\n|-activate|p2a: Amoonguss|move: Protect\n|move|p2b: Kingambit|Kowtow Cleave|p1b: Palafin\n|-damage|p1b: Palafin|53\/100\n|\n|upkeep\n|turn|6\n|inactive|Appleknight777 has 30 seconds left.\n|inactive|Appleknight777 has 20 seconds left.\n|inactive|Appleknight777 has 15 seconds left.\n|inactive|Pokebet has 30 seconds left.\n|inactive|Appleknight777 has 10 seconds left.\n|\n|t:|1681754914\n|switch|p2a: Palafin|Palafin-Hero, L50, M|100\/100\n|-activate|p2a: Palafin|ability: Zero to Hero\n|move|p1b: Palafin|Wave Crash|p2b: Kingambit\n|-damage|p2b: Kingambit|0 fnt\n|faint|p2b: Kingambit\n|-damage|p1b: Palafin|32\/100|[from] Recoil\n|move|p1a: Cetitan|Tera Blast|p2a: Palafin\n|-supereffective|p2a: Palafin\n|-damage|p2a: Palafin|33\/100\n|\n|upkeep\n|\n|t:|1681754929\n|switch|p2b: Gholdengo|Gholdengo, L50, tera:Water|23\/100\n|turn|7\n|inactive|Appleknight777 has 30 seconds left.\n|inactive|Pokebet has 30 seconds left.\n|\n|t:|1681754961\n|switch|p2a: Amoonguss|Amoonguss, L50, M|81\/100\n|move|p2b: Gholdengo|Protect|p2b: Gholdengo\n|-singleturn|p2b: Gholdengo|Protect\n|move|p1b: Palafin|Wave Crash|p2b: Gholdengo\n|-activate|p2b: Gholdengo|move: Protect\n|move|p1a: Cetitan|Tera Blast|p2a: Amoonguss\n|-resisted|p2a: Amoonguss\n|-damage|p2a: Amoonguss|74\/100\n|\n|upkeep\n|turn|8\n|inactive|Appleknight777 has 30 seconds left.\n|inactive|Appleknight777 has 20 seconds left.\n|inactive|Pokebet has 30 seconds left.\n|inactive|Appleknight777 has 15 seconds left.\n|inactive|Appleknight777 has 10 seconds left.\n|inactive|Pokebet has 20 seconds left.\n|\n|t:|1681755009\n|switch|p2b: Palafin|Palafin-Hero, L50, M|33\/100\n|move|p1b: Palafin|Wave Crash|p2a: Amoonguss\n|-resisted|p2a: Amoonguss\n|-damage|p2a: Amoonguss|32\/100\n|-damage|p1b: Palafin|15\/100|[from] item: Rocky Helmet|[of] p2a: Amoonguss\n|-damage|p1b: Palafin|0 fnt|[from] Recoil\n|faint|p1b: Palafin\n|move|p1a: Cetitan|Ice Spinner|p2a: Amoonguss\n|-supereffective|p2a: Amoonguss\n|-damage|p2a: Amoonguss|0 fnt\n|-damage|p1a: Cetitan|84\/100|[from] item: Rocky Helmet|[of] p2a: Amoonguss\n|faint|p2a: Amoonguss\n|\n|upkeep\n|\n|t:|1681755019\n|switch|p1b: Amoonguss|Amoonguss, L50, M|64\/100\n|switch|p2a: Gholdengo|Gholdengo, L50, tera:Water|23\/100\n|turn|9\n|inactive|Appleknight777 has 30 seconds left.\n|\n|t:|1681755047\n|move|p2a: Gholdengo|Shadow Ball|p1a: Cetitan\n|-damage|p1a: Cetitan|57\/100\n|move|p2b: Palafin|Wave Crash|p1a: Cetitan\n|-resisted|p1a: Cetitan\n|-damage|p1a: Cetitan|15\/100\n|-damage|p2b: Palafin|17\/100|[from] Recoil\n|move|p1a: Cetitan|Tera Blast|p2a: Gholdengo\n|-supereffective|p2a: Gholdengo\n|-damage|p2a: Gholdengo|0 fnt\n|faint|p2a: Gholdengo\n|move|p1b: Amoonguss|Spore|p2b: Palafin\n|-status|p2b: Palafin|slp|[from] move: Spore\n|\n|upkeep\n|turn|10\n|-message|Pokebet forfeited.\n|\n|win|Appleknight777\n|raw|Appleknight777's rating: 1228 → 1252<\/strong> (+24 for winning)\n|raw|Pokebet's rating: 1220 → 1196<\/strong> (-24 for losing)\n|l|\u2606Pokebet\n","uploadtime":1681757295,"views":9,"p1id":"appleknight777","p2id":"pokebet","formatid":"gen9vgc2023regulationc","rating":1196,"private":0,"password":""}