{"id":"gen9vgc2023regulationc-1854812792","p1":"VeeGey","p2":"anxingTV","format":"[Gen 9] VGC 2023 Regulation C","log":"|j|\u2606VeeGey\n|j|\u2606anxingTV\n|t:|1682869023\n|gametype|doubles\n|player|p1|VeeGey|102|1093\n|player|p2|anxingTV|hooligans|1069\n|teamsize|p1|6\n|teamsize|p2|6\n|gen|9\n|tier|[Gen 9] VGC 2023 Regulation C\n|rated|\n|rule|Species Clause: Limit one of each Pok\u00e9mon\n|rule|Item Clause: Limit one of each item\n|clearpoke\n|poke|p1|Golduck, L50, M|\n|poke|p1|Pelipper, L50, F|\n|poke|p1|Barraskewda, L50, M|\n|poke|p1|Qwilfish, L50, M|\n|poke|p1|Gastrodon, L50, M|\n|poke|p1|Klefki, L50, F|\n|poke|p2|Coalossal, L50, F|\n|poke|p2|Dondozo, L50, F|\n|poke|p2|Tatsugiri, L50, F|\n|poke|p2|Iron Bundle, L50|\n|poke|p2|Gholdengo, L50|\n|poke|p2|Indeedee, L50, M|\n|teampreview|4\n|inactive|Battle timer is ON: inactive players will automatically lose when time's up. (requested by VeeGey)\n|inactive|VeeGey has 60 seconds left.\n|\n|t:|1682869058\n|start\n|switch|p1a: Pelipper|Pelipper, L50, F|100\/100\n|switch|p1b: Golduck|Golduck, L50, M|100\/100\n|switch|p2a: Coalossal|Coalossal, L50, F|100\/100\n|switch|p2b: Iron Bundle|Iron Bundle, L50|100\/100\n|-weather|RainDance|[from] ability: Drizzle|[of] p1a: Pelipper\n|-enditem|p2b: Iron Bundle|Booster Energy\n|-activate|p2b: Iron Bundle|ability: Quark Drive|[fromitem]\n|-start|p2b: Iron Bundle|quarkdrivespe\n|turn|1\n|\n|t:|1682869077\n|move|p1a: Pelipper|Wide Guard|p1a: Pelipper\n|-singleturn|p1a: Pelipper|Wide Guard\n|move|p2b: Iron Bundle|Flip Turn|p2a: Coalossal\n|-supereffective|p2a: Coalossal\n|-damage|p2a: Coalossal|16\/100\n|-ability|p2a: Coalossal|Steam Engine|boost\n|-boost|p2a: Coalossal|spe|6\n|-enditem|p2a: Coalossal|Weakness Policy\n|-boost|p2a: Coalossal|atk|2|[from] item: Weakness Policy\n|-boost|p2a: Coalossal|spa|2|[from] item: Weakness Policy\n|\n|t:|1682869082\n|-end|p2b: Iron Bundle|Quark Drive|[silent]\n|switch|p2b: Dondozo|Dondozo, L50, F|100\/100|[from] Flip Turn\n|move|p2a: Coalossal|Explosion|p1a: Pelipper|[spread] p2b\n|-activate|p1a: Pelipper|move: Wide Guard\n|-activate|p1b: Golduck|move: Wide Guard\n|-damage|p2b: Dondozo|64\/100\n|faint|p2a: Coalossal\n|move|p1b: Golduck|Surf|p2b: Dondozo|[spread] p2b\n|-activate|p1a: Pelipper|move: Wide Guard\n|-resisted|p2b: Dondozo\n|-damage|p2b: Dondozo|40\/100\n|-damage|p1b: Golduck|91\/100|[from] item: Life Orb\n|\n|-weather|RainDance|[upkeep]\n|-heal|p2b: Dondozo|46\/100|[from] item: Leftovers\n|upkeep\n|\n|t:|1682869086\n|switch|p2a: Tatsugiri|Tatsugiri, L50, F|100\/100\n|-activate|p2a: Tatsugiri|ability: Commander|[of] p2b: Dondozo\n|-boost|p2b: Dondozo|atk|2\n|-boost|p2b: Dondozo|spa|2\n|-boost|p2b: Dondozo|spe|2\n|-boost|p2b: Dondozo|def|2\n|-boost|p2b: Dondozo|spd|2\n|turn|2\n|\n|t:|1682869107\n|move|p1b: Golduck|Grass Knot|p2b: Dondozo\n|-supereffective|p2b: Dondozo\n|-crit|p2b: Dondozo\n|-damage|p2b: Dondozo|0 fnt\n|faint|p2b: Dondozo\n|-damage|p1b: Golduck|81\/100|[from] item: Life Orb\n|move|p1a: Pelipper|Icy Wind|p2a: Tatsugiri\n|-damage|p2a: Tatsugiri|86\/100\n|-unboost|p2a: Tatsugiri|spe|1\n|\n|-weather|RainDance|[upkeep]\n|upkeep\n|\n|t:|1682869131\n|switch|p2b: Iron Bundle|Iron Bundle, L50|100\/100\n|turn|3\n|inactive|VeeGey has 30 seconds left.\n|\n|t:|1682869158\n|move|p1b: Golduck|Psyshock|p2b: Iron Bundle\n|-damage|p2b: Iron Bundle|64\/100\n|-damage|p1b: Golduck|71\/100|[from] item: Life Orb\n|move|p2b: Iron Bundle|Freeze-Dry|p1a: Pelipper\n|-supereffective|p1a: Pelipper\n|-damage|p1a: Pelipper|0 fnt\n|faint|p1a: Pelipper\n|move|p2a: Tatsugiri|Draco Meteor|p1b: Golduck\n|-damage|p1b: Golduck|0 fnt\n|-unboost|p2a: Tatsugiri|spa|2\n|faint|p1b: Golduck\n|\n|-weather|RainDance|[upkeep]\n|upkeep\n|\n|t:|1682869161\n|switch|p1b: Qwilfish|Qwilfish, L50, M|100\/100\n|switch|p1a: Barraskewda|Barraskewda, L50, M|100\/100\n|turn|4\n|\n|t:|1682869179\n|move|p1b: Qwilfish|Thunder Wave|p2b: Iron Bundle\n|-status|p2b: Iron Bundle|par\n|move|p1a: Barraskewda|Close Combat|p2b: Iron Bundle\n|-supereffective|p2b: Iron Bundle\n|-crit|p2b: Iron Bundle\n|-damage|p2b: Iron Bundle|0 fnt\n|-unboost|p1a: Barraskewda|def|1\n|-unboost|p1a: Barraskewda|spd|1\n|faint|p2b: Iron Bundle\n|-end|p2b: Iron Bundle|Quark Drive|[silent]\n|move|p2a: Tatsugiri|Draco Meteor|p1b: Qwilfish\n|-damage|p1b: Qwilfish|50\/100\n|-unboost|p2a: Tatsugiri|spa|2\n|\n|-weather|RainDance|[upkeep]\n|upkeep\n|turn|5\n|\n|t:|1682869195\n|move|p1b: Qwilfish|Thunder Wave|p2a: Tatsugiri\n|-status|p2a: Tatsugiri|par\n|move|p1a: Barraskewda|Close Combat|p2a: Tatsugiri\n|-damage|p2a: Tatsugiri|0 fnt\n|-unboost|p1a: Barraskewda|def|1\n|-unboost|p1a: Barraskewda|spd|1\n|faint|p2a: Tatsugiri\n|\n|win|VeeGey\n|raw|VeeGey's rating: 1093 → 1117<\/strong> (+24 for winning)\n|raw|anxingTV's rating: 1069 → 1050<\/strong> (-19 for losing)\n|l|\u2606anxingTV\n|c|\u2606VeeGey|Gg\n","uploadtime":1682869208,"views":9,"p1id":"veegey","p2id":"anxingtv","formatid":"gen9vgc2023regulationc","rating":1050,"private":0,"password":""}