{"id":"gen9vgc2023regulationc-1860822784","p1":"Can'tStopFalling","p2":"AGSilver935","format":"[Gen 9] VGC 2023 Regulation C","log":"|j|\u2606Can'tStopFalling\n|j|\u2606AGSilver935\n|t:|1683682162\n|gametype|doubles\n|player|p1|Can'tStopFalling|parasollady|\n|player|p2|AGSilver935|ghetsis|\n|teamsize|p1|6\n|teamsize|p2|6\n|gen|9\n|tier|[Gen 9] VGC 2023 Regulation C\n|rule|Species Clause: Limit one of each Pok\u00e9mon\n|rule|Item Clause: Limit one of each item\n|clearpoke\n|poke|p1|Iron Bundle, L50|\n|poke|p1|Amoonguss, L50, M|\n|poke|p1|Arcanine, L50, F|\n|poke|p1|Flutter Mane, L50|\n|poke|p1|Stonjourner, L50, F|\n|poke|p1|Farigiraf, L50, F|\n|poke|p2|Baxcalibur, L50, M|\n|poke|p2|Flutter Mane, L50|\n|poke|p2|Chi-Yu, L50|\n|poke|p2|Amoonguss, L50, M|\n|poke|p2|Azumarill, L50, M|\n|poke|p2|Arcanine, L50, M|\n|teampreview|4\nAGSilver935 has agreed to open team sheets.\nCan'tStopFalling has agreed to open team sheets.\n|c|\u2606Can'tStopFalling|g2\n|c|\u2606AGSilver935|Good luck!\n|c|\u2606Can'tStopFalling|glhf\n|c|\u2606AGSilver935|Just to let you know for your other rounds, you'll need to use the Limitless site to report your wins\/losses\n|c|\u2606Can'tStopFalling|oh yeah mb\n|c|\u2606AGSilver935|No worries, just lookin' out for ya :)\n|c|\u2606Can'tStopFalling|i did it for first round just forgor lol\n|\n|t:|1683682597\n|start\n|switch|p1a: Papaya|Stonjourner, L50, F|100\/100\n|switch|p1b: Frambuesa|Iron Bundle, L50|100\/100\n|switch|p2a: Azumarill|Azumarill, L50, M|100\/100\n|switch|p2b: Arcanine|Arcanine, L50, M|100\/100\n|-ability|p2b: Arcanine|Intimidate|boost\n|-unboost|p1a: Papaya|atk|1\n|-unboost|p1b: Frambuesa|atk|1\n|-enditem|p1b: Frambuesa|Booster Energy\n|-activate|p1b: Frambuesa|ability: Quark Drive|[fromitem]\n|-start|p1b: Frambuesa|quarkdrivespe\n|turn|1\n|\n|t:|1683682635\n|move|p1a: Papaya|Protect|p1a: Papaya\n|-singleturn|p1a: Papaya|Protect\n|move|p2b: Arcanine|Extreme Speed|p1a: Papaya\n|-activate|p1a: Papaya|move: Protect\n|move|p1b: Frambuesa|Freeze-Dry|p2a: Azumarill\n|-supereffective|p2a: Azumarill\n|-damage|p2a: Azumarill|0 fnt\n|faint|p2a: Azumarill\n|\n|upkeep\n|\n|t:|1683682646\n|switch|p2a: Flutter Mane|Flutter Mane, L50|100\/100\n|-enditem|p2a: Flutter Mane|Booster Energy\n|-activate|p2a: Flutter Mane|ability: Protosynthesis|[fromitem]\n|-start|p2a: Flutter Mane|protosynthesisspa\n|turn|2\n|\n|t:|1683682672\n|switch|p1a: Cereza|Farigiraf, L50, F, shiny|100\/100\n|move|p1b: Frambuesa|Protect|p1b: Frambuesa\n|-singleturn|p1b: Frambuesa|Protect\n|move|p2b: Arcanine|Extreme Speed||[still]\n|cant|p1a: Cereza|ability: Armor Tail|Extreme Speed|[of] p2b: Arcanine\n|move|p2a: Flutter Mane|Moonblast|p1a: Cereza\n|-damage|p1a: Cereza|39\/100\n|\n|upkeep\n|turn|3\n|\n|t:|1683682703\n|switch|p2b: Chi-Yu|Chi-Yu, L50|100\/100\n|-ability|p2b: Chi-Yu|Beads of Ruin\n|-terastallize|p2a: Flutter Mane|Fairy\n|move|p1b: Frambuesa|Icy Wind|p2a: Flutter Mane|[spread] p2a,p2b\n|-resisted|p2b: Chi-Yu\n|-damage|p2a: Flutter Mane|73\/100\n|-damage|p2b: Chi-Yu|88\/100\n|-unboost|p2a: Flutter Mane|spe|1\n|-unboost|p2b: Chi-Yu|spe|1\n|move|p2a: Flutter Mane|Dazzling Gleam|p1a: Cereza|[spread] p1a,p1b\n|-damage|p1a: Cereza|0 fnt\n|-damage|p1b: Frambuesa|0 fnt\n|faint|p1a: Cereza\n|faint|p1b: Frambuesa\n|-end|p1b: Frambuesa|Quark Drive|[silent]\n|\n|upkeep\n|\n|t:|1683682712\n|switch|p1b: Papaya|Stonjourner, L50, F|100\/100\n|switch|p1a: Parchita|Flutter Mane, L50|100\/100\n|turn|4\n|\n|t:|1683682767\n|switch|p2b: Arcanine|Arcanine, L50, M|100\/100\n|-ability|p2b: Arcanine|Intimidate|boost\n|-unboost|p1a: Parchita|atk|1\n|-unboost|p1b: Papaya|atk|1\n|-terastallize|p1b: Papaya|Rock\n|move|p1a: Parchita|Dazzling Gleam|p2a: Flutter Mane|[spread] p2a,p2b\n|-resisted|p2b: Arcanine\n|-damage|p2a: Flutter Mane|24\/100\n|-damage|p2b: Arcanine|75\/100\n|-damage|p1a: Parchita|91\/100|[from] item: Life Orb\n|move|p1b: Papaya|Rock Slide|p2b: Arcanine|[spread] p2a,p2b\n|-supereffective|p2b: Arcanine\n|-damage|p2a: Flutter Mane|0 fnt\n|-damage|p2b: Arcanine|16\/100\n|faint|p2a: Flutter Mane\n|-end|p2a: Flutter Mane|Protosynthesis|[silent]\n|\n|upkeep\n|\n|t:|1683682780\n|switch|p2a: Chi-Yu|Chi-Yu, L50|88\/100\n|-ability|p2a: Chi-Yu|Beads of Ruin\n|turn|5\n|\n|t:|1683682834\n|move|p1b: Papaya|Protect|p1b: Papaya\n|-singleturn|p1b: Papaya|Protect\n|move|p2b: Arcanine|Extreme Speed|p1b: Papaya\n|-activate|p1b: Papaya|move: Protect\n|move|p1a: Parchita|Dazzling Gleam|p2a: Chi-Yu|[spread] p2a,p2b\n|-resisted|p2b: Arcanine\n|-damage|p2a: Chi-Yu|28\/100\n|-damage|p2b: Arcanine|0 fnt\n|faint|p2b: Arcanine\n|-damage|p1a: Parchita|81\/100|[from] item: Life Orb\n|move|p2a: Chi-Yu|Dark Pulse|p1b: Papaya\n|-activate|p1b: Papaya|move: Protect\n|\n|upkeep\n|turn|6\n|c|\u2606AGSilver935|GG. Read me perfectly :)\n|\n|t:|1683682856\n|move|p1a: Parchita|Moonblast|p2a: Chi-Yu\n|-damage|p2a: Chi-Yu|0 fnt\n|faint|p2a: Chi-Yu\n|-damage|p1a: Parchita|71\/100|[from] item: Life Orb\n|\n|win|Can'tStopFalling\n|c|\u2606Can'tStopFalling|gg!\n","uploadtime":1683682862,"views":9,"p1id":"cantstopfalling","p2id":"agsilver935","formatid":"gen9vgc2023regulationc","rating":0,"private":0,"password":""}