{"id":"gen9vgc2023regulationc-1850921983","p1":"Zaktician","p2":"agron gron","format":"[Gen 9] VGC 2023 Regulation C","log":"|j|\u2606Zaktician\n|j|\u2606agron gron\n|t:|1682382616\n|gametype|doubles\n|player|p1|Zaktician|lyra|1240\n|player|p2|agron gron|ingo|1317\n|teamsize|p1|6\n|teamsize|p2|6\n|gen|9\n|tier|[Gen 9] VGC 2023 Regulation C\n|rated|\n|rule|Species Clause: Limit one of each Pok\u00e9mon\n|rule|Item Clause: Limit one of each item\n|clearpoke\n|poke|p1|Chi-Yu, L50|\n|poke|p1|Annihilape, L50, M|\n|poke|p1|Baxcalibur, L50, M|\n|poke|p1|Palafin, L50, F|\n|poke|p1|Maushold, L50|\n|poke|p1|Talonflame, L50, M|\n|poke|p2|Ting-Lu, L50|\n|poke|p2|Meowscarada, L50, M|\n|poke|p2|Arcanine, L50, M|\n|poke|p2|Chien-Pao, L50|\n|poke|p2|Iron Hands, L50|\n|poke|p2|Gyarados, L50, M|\n|teampreview|4\n|inactive|Battle timer is ON: inactive players will automatically lose when time's up. (requested by agron gron)\nagron gron has agreed to open team sheets.\nZaktician has agreed to open team sheets.\n|inactive|Zaktician has 60 seconds left.\n|inactive|agron gron has 60 seconds left.\n|inactive|agron gron has 30 seconds left.\n|inactive|agron gron has 20 seconds left.\n|\n|t:|1682382688\n|start\n|switch|p1a: Chainsaw Man|Maushold, L50|100\/100\n|switch|p1b: Vlov|Baxcalibur, L50, M|100\/100\n|switch|p2a: Meowscarada|Meowscarada, L50, M|100\/100\n|switch|p2b: Arcanine|Arcanine, L50, M|100\/100\n|-ability|p2b: Arcanine|Intimidate|boost\n|-unboost|p1a: Chainsaw Man|atk|1\n|-unboost|p1b: Vlov|atk|1\n|turn|1\n|\n|t:|1682382707\n|switch|p2a: Iron Hands|Iron Hands, L50|100\/100\n|move|p1a: Chainsaw Man|Follow Me|p1a: Chainsaw Man\n|-singleturn|p1a: Chainsaw Man|move: Follow Me\n|move|p1b: Vlov|Dragon Dance|p1b: Vlov\n|-boost|p1b: Vlov|atk|1\n|-boost|p1b: Vlov|spe|1\n|move|p2b: Arcanine|Flare Blitz|p1a: Chainsaw Man\n|-damage|p1a: Chainsaw Man|18\/100\n|-damage|p2b: Arcanine|80\/100|[from] Recoil\n|\n|upkeep\n|turn|2\n|\n|t:|1682382730\n|switch|p2b: Gyarados|Gyarados, L50, M|100\/100\n|-ability|p2b: Gyarados|Intimidate|boost\n|-unboost|p1a: Chainsaw Man|atk|1\n|-unboost|p1b: Vlov|atk|1\n|move|p2a: Iron Hands|Fake Out|p1a: Chainsaw Man\n|-damage|p1a: Chainsaw Man|0 fnt\n|faint|p1a: Chainsaw Man\n|move|p1b: Vlov|Dragon Dance|p1b: Vlov\n|-boost|p1b: Vlov|atk|1\n|-boost|p1b: Vlov|spe|1\n|\n|upkeep\n|\n|t:|1682382742\n|switch|p1a: Teostra|Chi-Yu, L50|100\/100\n|-ability|p1a: Teostra|Beads of Ruin\n|turn|3\n|\n|t:|1682382766\n|move|p1b: Vlov|Icicle Spear|p2b: Gyarados\n|-crit|p2b: Gyarados\n|-damage|p2b: Gyarados|73\/100\n|-damage|p2b: Gyarados|55\/100\n|-damage|p2b: Gyarados|37\/100\n|-enditem|p2b: Gyarados|Sitrus Berry|[eat]\n|-heal|p2b: Gyarados|62\/100|[from] item: Sitrus Berry\n|-damage|p2b: Gyarados|45\/100\n|-damage|p2b: Gyarados|28\/100\n|-hitcount|p2b: Gyarados|5\n|move|p1a: Teostra|Psychic|p2a: Iron Hands\n|-supereffective|p2a: Iron Hands\n|-damage|p2a: Iron Hands|17\/100\n|move|p2b: Gyarados|Thunder Wave|p1b: Vlov|[miss]\n|-miss|p2b: Gyarados|p1b: Vlov\n|move|p2a: Iron Hands|Close Combat|p1a: Teostra\n|-supereffective|p1a: Teostra\n|-damage|p1a: Teostra|0 fnt\n|-unboost|p2a: Iron Hands|def|1\n|-unboost|p2a: Iron Hands|spd|1\n|faint|p1a: Teostra\n|\n|upkeep\n|\n|t:|1682382780\n|switch|p1a: Vegeta|Annihilape, L50, M|100\/100\n|turn|4\n|\n|t:|1682382796\n|-terastallize|p1b: Vlov|Ground\n|move|p1a: Vegeta|Protect|p1a: Vegeta\n|-singleturn|p1a: Vegeta|Protect\n|move|p1b: Vlov|Earthquake|p2b: Gyarados|[spread] p2a\n|-activate|p1a: Vegeta|move: Protect\n|-immune|p2b: Gyarados\n|-supereffective|p2a: Iron Hands\n|-damage|p2a: Iron Hands|0 fnt\n|faint|p2a: Iron Hands\n|-end|p2a: Iron Hands|Quark Drive|[silent]\n|move|p2b: Gyarados|Thunder Wave|p1a: Vegeta\n|-activate|p1a: Vegeta|move: Protect\n|\n|upkeep\n|\n|t:|1682382808\n|switch|p2a: Meowscarada|Meowscarada, L50, M|100\/100\n|turn|5\n|inactive|agron gron has 30 seconds left.\n|\n|t:|1682382834\n|move|p2a: Meowscarada|Protect|p2a: Meowscarada\n|-singleturn|p2a: Meowscarada|Protect\n|move|p1b: Vlov|Icicle Spear|p2b: Gyarados\n|-damage|p2b: Gyarados|11\/100\n|-damage|p2b: Gyarados|0 fnt\n|faint|p2b: Gyarados\n|-hitcount|p2: Gyarados|2\n|move|p1a: Vegeta|Drain Punch|p2a: Meowscarada\n|-activate|p2a: Meowscarada|move: Protect\n|\n|upkeep\n|\n|t:|1682382844\n|switch|p2b: Arcanine|Arcanine, L50, M|80\/100\n|-ability|p2b: Arcanine|Intimidate|boost\n|-unboost|p1a: Vegeta|atk|1\n|-ability|p1a: Vegeta|Defiant|boost\n|-boost|p1a: Vegeta|atk|2\n|-unboost|p1b: Vlov|atk|1\n|turn|6\n|\n|t:|1682382854\n|move|p1b: Vlov|Icicle Spear|p2a: Meowscarada\n|-supereffective|p2a: Meowscarada\n|-damage|p2a: Meowscarada|71\/100\n|-supereffective|p2a: Meowscarada\n|-damage|p2a: Meowscarada|40\/100\n|-supereffective|p2a: Meowscarada\n|-damage|p2a: Meowscarada|6\/100\n|-supereffective|p2a: Meowscarada\n|-damage|p2a: Meowscarada|0 fnt\n|faint|p2a: Meowscarada\n|-hitcount|p2: Meowscarada|4\n|move|p2b: Arcanine|Will-O-Wisp|p1a: Vegeta\n|-status|p1a: Vegeta|brn\n|move|p1a: Vegeta|Bulk Up|p1a: Vegeta\n|-boost|p1a: Vegeta|atk|1\n|-boost|p1a: Vegeta|def|1\n|\n|-damage|p1a: Vegeta|95\/100 brn|[from] brn\n|upkeep\n|turn|7\n|\n|t:|1682382877\n|-terastallize|p2b: Arcanine|Water\n|move|p1a: Vegeta|Protect|p1a: Vegeta\n|-singleturn|p1a: Vegeta|Protect\n|move|p1b: Vlov|Earthquake|p2b: Arcanine|[spread] p2b\n|-activate|p1a: Vegeta|move: Protect\n|-damage|p2b: Arcanine|49\/100\n|move|p2b: Arcanine|Flare Blitz|p1b: Vlov\n|-crit|p1b: Vlov\n|-damage|p1b: Vlov|34\/100\n|-ability|p1b: Vlov|Thermal Exchange|boost\n|-boost|p1b: Vlov|atk|1\n|-damage|p2b: Arcanine|26\/100|[from] Recoil\n|\n|-heal|p1a: Vegeta|100\/100 brn|[from] item: Leftovers\n|-damage|p1a: Vegeta|95\/100 brn|[from] brn\n|upkeep\n|turn|8\n|-message|agron gron forfeited.\n|\n|win|Zaktician\n|raw|Zaktician's rating: 1240 → 1270<\/strong> (+30 for winning)\n|raw|agron gron's rating: 1317 → 1293<\/strong> (-24 for losing)\n|l|\u2606agron gron\n","uploadtime":1682382904,"views":8,"p1id":"zaktician","p2id":"agrongron","formatid":"gen9vgc2023regulationc","rating":1270,"private":0,"password":""}