{"id":"gen9vgc2023regulationc-1845222193","p1":"raquazabad","p2":"simpternational","format":"[Gen 9] VGC 2023 Regulation C","log":"|j|\u2606raquazabad\n|j|\u2606simpternational\n|t:|1681698272\n|gametype|doubles\n|player|p1|raquazabad|harlequin|1428\n|player|p2|simpternational|sabrina|1360\n|teamsize|p1|6\n|teamsize|p2|6\n|gen|9\n|tier|[Gen 9] VGC 2023 Regulation C\n|rated|\n|rule|Species Clause: Limit one of each Pok\u00e9mon\n|rule|Item Clause: Limit one of each item\n|clearpoke\n|poke|p1|Ting-Lu, L50|\n|poke|p1|Orthworm, L50, M|\n|poke|p1|Talonflame, L50, M|\n|poke|p1|Gyarados, L50, M|\n|poke|p1|Tyranitar, L50, F|\n|poke|p1|Lycanroc, L50, F|\n|poke|p2|Kingambit, L50, F|\n|poke|p2|Hatterene, L50, F|\n|poke|p2|Annihilape, L50, F|\n|poke|p2|Iron Hands, L50|\n|poke|p2|Brute Bonnet, L50|\n|poke|p2|Slowbro, L50, F|\n|teampreview|4\n|inactive|Battle timer is ON: inactive players will automatically lose when time's up. (requested by simpternational)\n|inactive|raquazabad also wants the timer to be on.\nraquazabad rejected open team sheets.\n|\n|t:|1681698294\n|start\n|switch|p1a: Tyranitar|Tyranitar, L50, F|100\/100\n|switch|p1b: Lycanroc|Lycanroc, L50, F|100\/100\n|switch|p2a: Annihilape|Annihilape, L50, F, shiny|100\/100\n|switch|p2b: Hatterene|Hatterene, L50, F, shiny|100\/100\n|-weather|Sandstorm|[from] ability: Sand Stream|[of] p1a: Tyranitar\n|turn|1\n|\n|t:|1681698317\n|move|p1b: Lycanroc|Rock Slide|p2a: Annihilape|[spread] p2a,p2b\n|-resisted|p2a: Annihilape\n|-damage|p2a: Annihilape|87\/100\n|-damage|p2b: Hatterene|65\/100\n|cant|p2a: Annihilape|flinch\n|move|p1a: Tyranitar|Rock Slide|p2b: Hatterene|[spread] p2a,p2b\n|-resisted|p2a: Annihilape\n|-damage|p2a: Annihilape|71\/100\n|-damage|p2b: Hatterene|29\/100\n|move|p2b: Hatterene|Trick Room|p2b: Hatterene\n|-fieldstart|move: Trick Room|[of] p2b: Hatterene\n|\n|-weather|Sandstorm|[upkeep]\n|-damage|p2b: Hatterene|22\/100|[from] Sandstorm\n|-damage|p2a: Annihilape|65\/100|[from] Sandstorm\n|upkeep\n|turn|2\n|\n|t:|1681698336\n|-terastallize|p1a: Tyranitar|Flying\n|move|p2b: Hatterene|Dazzling Gleam|p1b: Lycanroc|[spread] p1a,p1b\n|-damage|p1a: Tyranitar|76\/100\n|-damage|p1b: Lycanroc|62\/100\n|move|p1a: Tyranitar|Rock Slide|p2b: Hatterene|[spread] p2a,p2b\n|-resisted|p2a: Annihilape\n|-damage|p2a: Annihilape|48\/100\n|-damage|p2b: Hatterene|0 fnt\n|faint|p2b: Hatterene\n|cant|p2a: Annihilape|flinch\n|move|p1b: Lycanroc|Rock Slide|p2a: Annihilape\n|-resisted|p2a: Annihilape\n|-damage|p2a: Annihilape|30\/100\n|\n|-weather|Sandstorm|[upkeep]\n|-damage|p1a: Tyranitar|70\/100|[from] Sandstorm\n|-damage|p2a: Annihilape|24\/100|[from] Sandstorm\n|upkeep\n|c|\u2606simpternational|broooo\n|\n|t:|1681698350\n|switch|p2b: Iron Hands|Iron Hands, L50, shiny|100\/100\n|turn|3\n|\n|t:|1681698361\n|move|p2b: Iron Hands|Thunder Punch|p1a: Tyranitar\n|-supereffective|p1a: Tyranitar\n|-damage|p1a: Tyranitar|0 fnt\n|faint|p1a: Tyranitar\n|move|p2a: Annihilape|Rage Fist|p1b: Lycanroc\n|-damage|p1b: Lycanroc|0 fnt\n|faint|p1b: Lycanroc\n|\n|-weather|Sandstorm|[upkeep]\n|-damage|p2b: Iron Hands|94\/100|[from] Sandstorm\n|-damage|p2a: Annihilape|18\/100|[from] Sandstorm\n|upkeep\n|\n|t:|1681698366\n|switch|p1a: Ting-Lu|Ting-Lu, L50|100\/100\n|switch|p1b: Talonflame|Talonflame, L50, M|100\/100\n|-ability|p1a: Ting-Lu|Vessel of Ruin\n|turn|4\n|\n|t:|1681698381\n|move|p2b: Iron Hands|Drain Punch|p1a: Ting-Lu\n|-supereffective|p1a: Ting-Lu\n|-damage|p1a: Ting-Lu|46\/100\n|-heal|p2b: Iron Hands|100\/100|[from] drain|[of] p1a: Ting-Lu\n|move|p1a: Ting-Lu|Earthquake|p2b: Iron Hands|[spread] p2a,p2b\n|-immune|p1b: Talonflame\n|-supereffective|p2b: Iron Hands\n|-damage|p2a: Annihilape|0 fnt\n|-damage|p2b: Iron Hands|33\/100\n|-enditem|p2b: Iron Hands|Sitrus Berry|[eat]\n|-heal|p2b: Iron Hands|58\/100|[from] item: Sitrus Berry\n|faint|p2a: Annihilape\n|move|p1b: Talonflame|Will-O-Wisp|p2b: Iron Hands\n|-status|p2b: Iron Hands|brn\n|\n|-weather|Sandstorm|[upkeep]\n|-damage|p2b: Iron Hands|52\/100 brn|[from] Sandstorm\n|-damage|p1b: Talonflame|95\/100|[from] Sandstorm\n|-damage|p2b: Iron Hands|45\/100 brn|[from] brn\n|upkeep\n|\n|t:|1681698390\n|switch|p2a: Brute Bonnet|Brute Bonnet, L50, shiny|100\/100\n|turn|5\n|\n|t:|1681698401\n|move|p2b: Iron Hands|Thunder Punch|p1b: Talonflame\n|-supereffective|p1b: Talonflame\n|-damage|p1b: Talonflame|39\/100\n|move|p2a: Brute Bonnet|Bullet Seed|p1a: Ting-Lu\n|-supereffective|p1a: Ting-Lu\n|-damage|p1a: Ting-Lu|28\/100\n|-supereffective|p1a: Ting-Lu\n|-damage|p1a: Ting-Lu|10\/100\n|-supereffective|p1a: Ting-Lu\n|-damage|p1a: Ting-Lu|0 fnt\n|faint|p1a: Ting-Lu\n|-hitcount|p1: Ting-Lu|3\n|move|p1b: Talonflame|Taunt|p2a: Brute Bonnet\n|-start|p2a: Brute Bonnet|move: Taunt\n|\n|-weather|none\n|-damage|p2b: Iron Hands|39\/100 brn|[from] brn\n|-fieldend|move: Trick Room\n|upkeep\n|turn|6\n|\n|t:|1681698412\n|move|p1b: Talonflame|Will-O-Wisp|p2a: Brute Bonnet\n|-status|p2a: Brute Bonnet|brn\n|move|p2a: Brute Bonnet|Crunch|p1b: Talonflame\n|-damage|p1b: Talonflame|12\/100\n|move|p2b: Iron Hands|Thunder Punch|p1b: Talonflame\n|-supereffective|p1b: Talonflame\n|-damage|p1b: Talonflame|0 fnt\n|faint|p1b: Talonflame\n|\n|win|simpternational\n|raw|raquazabad's rating: 1428 → 1404<\/strong> (-24 for losing)\n|raw|simpternational's rating: 1360 → 1384<\/strong> (+24 for winning)\n|l|\u2606raquazabad\n","uploadtime":1681698478,"views":8,"p1id":"raquazabad","p2id":"simpternational","formatid":"gen9vgc2023regulationc","rating":1384,"private":0,"password":""}