{"id":"gen9vgc2023regulationc-1851204984","p1":"wqs15","p2":"ErPaoletto","format":"[Gen 9] VGC 2023 Regulation C","log":"|j|\u2606wqs15\n|j|\u2606ErPaoletto\n|t:|1682424785\n|gametype|doubles\n|player|p1|wqs15|unknown|1117\n|player|p2|ErPaoletto|102|1105\n|teamsize|p1|6\n|teamsize|p2|6\n|gen|9\n|tier|[Gen 9] VGC 2023 Regulation C\n|rated|\n|rule|Species Clause: Limit one of each Pok\u00e9mon\n|rule|Item Clause: Limit one of each item\n|clearpoke\n|poke|p1|Polteageist, L50|\n|poke|p1|Indeedee-F, L50, F|\n|poke|p1|Annihilape, L50, M|\n|poke|p1|Armarouge, L50, F|\n|poke|p1|Flamigo, L50, F|\n|poke|p1|Ting-Lu, L50|\n|poke|p2|Abomasnow, L50, M|\n|poke|p2|Cetitan, L50, F|\n|poke|p2|Tauros-Paldea-Aqua, L50, M|\n|poke|p2|Gothorita, L50, M|\n|poke|p2|Dragonite, L50, F|\n|poke|p2|Eelektross, L50, F|\n|teampreview|4\n|inactive|Battle timer is ON: inactive players will automatically lose when time's up. (requested by ErPaoletto)\n|inactive|wqs15 has 60 seconds left.\n|inactive|ErPaoletto has 60 seconds left.\n|inactive|ErPaoletto has 30 seconds left.\n|\n|t:|1682424854\n|start\n|switch|p1a: Indeedee|Indeedee-F, L50, F|100\/100\n|switch|p1b: Polteageist|Polteageist, L50|100\/100\n|switch|p2a: Tauros|Tauros-Paldea-Aqua, L50, M|100\/100\n|switch|p2b: Eelektross|Eelektross, L50, F|100\/100\n|-ability|p2a: Tauros|Intimidate|boost\n|-unboost|p1a: Indeedee|atk|1\n|-unboost|p1b: Polteageist|atk|1\n|-enditem|p1b: Polteageist|White Herb\n|-clearnegativeboost|p1b: Polteageist|[silent]\n|-fieldstart|move: Psychic Terrain|[from] ability: Psychic Surge|[of] p1a: Indeedee\n|-enditem|p1a: Indeedee|Psychic Seed\n|-boost|p1a: Indeedee|spd|1|[from] item: Psychic Seed\n|-enditem|p2a: Tauros|Mirror Herb\n|-boost|p2a: Tauros|spd|1|[from] item: Mirror Herb\n|turn|1\n|inactive|ErPaoletto has 30 seconds left.\n|inactive|ErPaoletto has 20 seconds left.\n|inactive|ErPaoletto has 15 seconds left.\n|inactive|ErPaoletto has 10 seconds left.\n|\n|t:|1682424900\n|move|p1a: Indeedee|Follow Me|p1a: Indeedee\n|-singleturn|p1a: Indeedee|move: Follow Me\n|move|p2a: Tauros|Raging Bull|p1a: Indeedee\n|-damage|p1a: Indeedee|54\/100\n|move|p1b: Polteageist|Shell Smash|p1b: Polteageist\n|-unboost|p1b: Polteageist|def|1\n|-unboost|p1b: Polteageist|spd|1\n|-boost|p1b: Polteageist|atk|2\n|-boost|p1b: Polteageist|spa|2\n|-boost|p1b: Polteageist|spe|2\n|move|p2b: Eelektross|U-turn|p1a: Indeedee\n|-supereffective|p1a: Indeedee\n|-damage|p1a: Indeedee|11\/100\n|\n|t:|1682424915\n|switch|p2b: Abomasnow|Abomasnow, L50, M|100\/100|[from] U-turn\n|-weather|Snow|[from] ability: Snow Warning|[of] p2b: Abomasnow\n|\n|-weather|Snow|[upkeep]\n|upkeep\n|turn|2\n|inactive|ErPaoletto has 30 seconds left.\n|\n|t:|1682424941\n|move|p2a: Tauros|Protect|p2a: Tauros\n|-singleturn|p2a: Tauros|Protect\n|move|p1a: Indeedee|Follow Me|p1a: Indeedee\n|-singleturn|p1a: Indeedee|move: Follow Me\n|move|p1b: Polteageist|Stored Power|p2a: Tauros\n|-activate|p2a: Tauros|move: Protect\n|move|p2b: Abomasnow|Aurora Veil|p2b: Abomasnow\n|-sidestart|p2: ErPaoletto|move: Aurora Veil\n|\n|-weather|Snow|[upkeep]\n|upkeep\n|turn|3\n|inactive|ErPaoletto has 30 seconds left.\n|inactive|ErPaoletto has 20 seconds left.\n|\n|t:|1682424979\n|switch|p1a: Armarouge|Armarouge, L50, F|100\/100\n|move|p2a: Tauros|Aqua Jet|p1a: Armarouge\n|-activate|p1a: Armarouge|move: Psychic Terrain\n|move|p1b: Polteageist|Stored Power|p2a: Tauros\n|-supereffective|p2a: Tauros\n|-damage|p2a: Tauros|0 fnt\n|faint|p2a: Tauros\n|move|p2b: Abomasnow|Mist|p2b: Abomasnow\n|-sidestart|p2: ErPaoletto|Mist\n|\n|-weather|Snow|[upkeep]\n|upkeep\n|\n|t:|1682425003\n|switch|p2a: Cetitan|Cetitan, L50, F|100\/100\n|turn|4\n|\n|t:|1682425019\n|-terastallize|p2a: Cetitan|Water\n|move|p1b: Polteageist|Stored Power|p2a: Cetitan\n|-damage|p2a: Cetitan|42\/100\n|move|p2a: Cetitan|Liquidation|p1a: Armarouge\n|-supereffective|p1a: Armarouge\n|-damage|p1a: Armarouge|6\/100\n|move|p1a: Armarouge|Flame Charge|p2b: Abomasnow\n|-supereffective|p2b: Abomasnow\n|-damage|p2b: Abomasnow|69\/100\n|-boost|p1a: Armarouge|spe|1\n|-damage|p1a: Armarouge|0 fnt|[from] item: Life Orb\n|faint|p1a: Armarouge\n|move|p2b: Abomasnow|Blizzard|p1b: Polteageist\n|-damage|p1b: Polteageist|13\/100\n|-start|p2b: Abomasnow|Disable|Blizzard|[from] ability: Cursed Body|[of] p1b: Polteageist\n|\n|-weather|Snow|[upkeep]\n|upkeep\n|\n|t:|1682425040\n|switch|p1a: Indeedee|Indeedee-F, L50, F|11\/100\n|turn|5\n|\n|t:|1682425059\n|move|p1a: Indeedee|Follow Me|p1a: Indeedee\n|-singleturn|p1a: Indeedee|move: Follow Me\n|move|p1b: Polteageist|Stored Power|p2a: Cetitan\n|-damage|p2a: Cetitan|0 fnt\n|faint|p2a: Cetitan\n|move|p2b: Abomasnow|Energy Ball|p1a: Indeedee\n|-damage|p1a: Indeedee|0 fnt\n|faint|p1a: Indeedee\n|\n|-weather|none\n|-fieldend|move: Psychic Terrain\n|upkeep\n|\n|t:|1682425068\n|switch|p2a: Eelektross|Eelektross, L50, F|100\/100\n|switch|p1a: Annihilape|Annihilape, L50, M|100\/100\n|turn|6\n|inactive|wqs15 has 30 seconds left.\n|inactive|ErPaoletto has 30 seconds left.\n|\n|t:|1682425103\n|move|p1b: Polteageist|Stored Power|p2b: Abomasnow\n|-damage|p2b: Abomasnow|0 fnt\n|faint|p2b: Abomasnow\n|move|p1a: Annihilape|Final Gambit|p2a: Eelektross\n|-damage|p2a: Eelektross|0 fnt\n|faint|p1a: Annihilape\n|faint|p2a: Eelektross\n|\n|win|wqs15\n|raw|wqs15's rating: 1117 → 1141<\/strong> (+24 for winning)\n|raw|ErPaoletto's rating: 1105 → 1081<\/strong> (-24 for losing)\n|l|\u2606wqs15\n","uploadtime":1682425128,"views":10,"p1id":"wqs15","p2id":"erpaoletto","formatid":"gen9vgc2023regulationc","rating":1081,"private":0,"password":""}