{"id":"gen9vgc2023regulationc-1857632851","p1":"haha you rage quit","p2":"kingbaba12345","format":"[Gen 9] VGC 2023 Regulation C","log":"|j|\u2606haha you rage quit\n|j|\u2606kingbaba12345\n|t:|1683215505\n|gametype|doubles\n|player|p1|haha you rage quit|pokemaniac|1237\n|player|p2|kingbaba12345|265|1136\n|teamsize|p1|6\n|teamsize|p2|6\n|gen|9\n|tier|[Gen 9] VGC 2023 Regulation C\n|rated|\n|rule|Species Clause: Limit one of each Pok\u00e9mon\n|rule|Item Clause: Limit one of each item\n|clearpoke\n|poke|p1|Flutter Mane, L50|\n|poke|p1|Chi-Yu, L50|\n|poke|p1|Great Tusk, L50|\n|poke|p1|Gholdengo, L50|\n|poke|p1|Talonflame, L50, M|\n|poke|p1|Murkrow, L50, M|\n|poke|p2|Kingambit, L50, F|\n|poke|p2|Iron Bundle, L50|\n|poke|p2|Iron Hands, L50|\n|poke|p2|Baxcalibur, L50, F|\n|poke|p2|Kilowattrel, L50, M|\n|poke|p2|Gholdengo, L50|\n|teampreview|4\nkingbaba12345 rejected open team sheets.\n|inactive|Battle timer is ON: inactive players will automatically lose when time's up. (requested by kingbaba12345)\n|\n|t:|1683215535\n|start\n|switch|p1a: Great Tusk|Great Tusk, L50, shiny|100\/100\n|switch|p1b: Murkrow|Murkrow, L50, M|100\/100\n|switch|p2a: Iron Bundle|Iron Bundle, L50|100\/100\n|switch|p2b: Kingambit|Kingambit, L50, F|100\/100\n|-enditem|p2a: Iron Bundle|Booster Energy\n|-activate|p2a: Iron Bundle|ability: Quark Drive|[fromitem]\n|-start|p2a: Iron Bundle|quarkdrivespe\n|turn|1\n|\n|t:|1683215555\n|-terastallize|p1a: Great Tusk|Ghost\n|-terastallize|p2b: Kingambit|Dark\n|move|p1b: Murkrow|Sunny Day|p1b: Murkrow\n|-weather|SunnyDay\n|-activate|p1a: Great Tusk|ability: Protosynthesis\n|-start|p1a: Great Tusk|protosynthesisatk\n|move|p2a: Iron Bundle|Hydro Pump|p1a: Great Tusk|[miss]\n|-miss|p2a: Iron Bundle|p1a: Great Tusk\n|move|p1a: Great Tusk|Earthquake|p2a: Iron Bundle|[spread] p2a,p2b\n|-immune|p1b: Murkrow\n|-damage|p2a: Iron Bundle|4\/100\n|-damage|p2b: Kingambit|43\/100\n|move|p2b: Kingambit|Swords Dance|p2b: Kingambit\n|-boost|p2b: Kingambit|atk|2\n|\n|-weather|SunnyDay|[upkeep]\n|-heal|p2b: Kingambit|49\/100|[from] item: Leftovers\n|upkeep\n|turn|2\n|inactive|kingbaba12345 has 30 seconds left.\n|\n|t:|1683215587\n|move|p1b: Murkrow|Haze|p1b: Murkrow\n|-clearallboost\n|move|p2b: Kingambit|Sucker Punch|p1a: Great Tusk\n|-supereffective|p1a: Great Tusk\n|-damage|p1a: Great Tusk|34\/100\n|move|p2a: Iron Bundle|Ice Beam|p1b: Murkrow\n|-supereffective|p1b: Murkrow\n|-crit|p1b: Murkrow\n|-enditem|p1b: Murkrow|Focus Sash\n|-damage|p1b: Murkrow|1\/100\n|move|p1a: Great Tusk|Earthquake|p2b: Kingambit|[spread] p2a,p2b\n|-immune|p1b: Murkrow\n|-damage|p2a: Iron Bundle|0 fnt\n|-damage|p2b: Kingambit|0 fnt\n|faint|p2a: Iron Bundle\n|-end|p2a: Iron Bundle|Quark Drive|[silent]\n|faint|p2b: Kingambit\n|\n|-weather|SunnyDay|[upkeep]\n|upkeep\n|\n|t:|1683215606\n|switch|p2a: Kilowattrel|Kilowattrel, L50, M|100\/100\n|switch|p2b: Baxcalibur|Baxcalibur, L50, F|100\/100\n|turn|3\n|inactive|kingbaba12345 has 30 seconds left.\n|\n|t:|1683215633\n|move|p1b: Murkrow|Tailwind|p1b: Murkrow\n|-sidestart|p1: haha you rage quit|move: Tailwind\n|move|p1a: Great Tusk|Earthquake|p2a: Kilowattrel|[spread] p2b\n|-immune|p1b: Murkrow\n|-immune|p2a: Kilowattrel\n|-damage|p2b: Baxcalibur|32\/100\n|move|p2a: Kilowattrel|Thunderbolt|p1b: Murkrow\n|-supereffective|p1b: Murkrow\n|-damage|p1b: Murkrow|0 fnt\n|faint|p1b: Murkrow\n|move|p2b: Baxcalibur|Icicle Crash|p1a: Great Tusk\n|-damage|p1a: Great Tusk|2\/100\n|\n|-weather|SunnyDay|[upkeep]\n|upkeep\n|\n|t:|1683215649\n|switch|p1b: Flutter Mane|Flutter Mane, L50, shiny|100\/100\n|-activate|p1b: Flutter Mane|ability: Protosynthesis\n|-start|p1b: Flutter Mane|protosynthesisspa\n|turn|4\n|\n|t:|1683215663\n|move|p2b: Baxcalibur|Protect|p2b: Baxcalibur\n|-singleturn|p2b: Baxcalibur|Protect\n|move|p1b: Flutter Mane|Moonblast|p2a: Kilowattrel\n|-enditem|p2a: Kilowattrel|Focus Sash\n|-damage|p2a: Kilowattrel|1\/100\n|-unboost|p2a: Kilowattrel|spa|1\n|move|p1a: Great Tusk|Earthquake|p2b: Baxcalibur|[spread] p1b\n|-activate|p2b: Baxcalibur|move: Protect\n|-immune|p2a: Kilowattrel\n|-damage|p1b: Flutter Mane|0 fnt\n|faint|p1b: Flutter Mane\n|-end|p1b: Flutter Mane|Protosynthesis|[silent]\n|move|p2a: Kilowattrel|Tailwind|p2a: Kilowattrel\n|-sidestart|p2: kingbaba12345|move: Tailwind\n|\n|-weather|SunnyDay|[upkeep]\n|upkeep\n|\n|t:|1683215669\n|switch|p1b: Gholdengo|Gholdengo, L50|100\/100\n|turn|5\n|inactive|kingbaba12345 has 30 seconds left.\n|\n|t:|1683215704\n|move|p1b: Gholdengo|Protect|p1b: Gholdengo\n|-singleturn|p1b: Gholdengo|Protect\n|move|p2a: Kilowattrel|Feather Dance|p1a: Great Tusk\n|-unboost|p1a: Great Tusk|atk|2\n|move|p1a: Great Tusk|Earthquake|p2b: Baxcalibur|[spread] p2b\n|-activate|p1b: Gholdengo|move: Protect\n|-immune|p2a: Kilowattrel\n|-damage|p2b: Baxcalibur|0 fnt\n|faint|p2b: Baxcalibur\n|\n|-weather|none\n|-end|p1a: Great Tusk|Protosynthesis\n|upkeep\n|turn|6\n|l|\u2606kingbaba12345\n|inactive|kingbaba12345 disconnected and has a minute to reconnect!\n|player|p2|\n|inactive|kingbaba12345 has 30 seconds left.\n|inactive|kingbaba12345 has 20 seconds left.\n|inactive|kingbaba12345 has 15 seconds left.\n|inactive|kingbaba12345 has 10 seconds left.\n|raw| The server is restarting soon.<\/b> Please finish your battles quickly. No new battles can be started until the server resets in a few minutes.<\/div>\n|inactive|staff also wants the timer to be on.\n|raw| Moderated chat was set to +!<\/b> Only users of rank + and higher can talk.<\/div>\n|inactive|kingbaba12345 has 5 seconds left.\n|-message|kingbaba12345 lost due to inactivity.\n|\n|win|haha you rage quit\n|raw|haha you rage quit's rating: 1237 → 1255<\/strong> (+18 for winning)\n|raw|kingbaba12345's rating: 1136 → 1118<\/strong> (-18 for losing)\n","uploadtime":1683215765,"views":13,"p1id":"hahayouragequit","p2id":"kingbaba12345","formatid":"gen9vgc2023regulationc","rating":1118,"private":0,"password":""}