{"id":"gen9vgc2023regulationc-1847461726","p1":"ExcelSheet","p2":"darlingtonia","format":"[Gen 9] VGC 2023 Regulation C","log":"|j|\u2606ExcelSheet\n|j|\u2606darlingtonia\n|t:|1681958001\n|gametype|doubles\n|player|p1|ExcelSheet|hilbert-wonderlauncher|\n|player|p2|darlingtonia|proton|\n|teamsize|p1|6\n|teamsize|p2|6\n|gen|9\n|tier|[Gen 9] VGC 2023 Regulation C\n|rule|Species Clause: Limit one of each Pok\u00e9mon\n|rule|Item Clause: Limit one of each item\n|clearpoke\n|poke|p1|Flutter Mane, L50|\n|poke|p1|Great Tusk, L50|\n|poke|p1|Scizor, L50, F|\n|poke|p1|Corviknight, L50, M|\n|poke|p1|Chi-Yu, L50|\n|poke|p1|Iron Bundle, L50|\n|poke|p2|Chi-Yu, L50|\n|poke|p2|Palafin, L50, M|\n|poke|p2|Amoonguss, L50, F|\n|poke|p2|Glimmora, L50, F|\n|poke|p2|Flutter Mane, L50|\n|poke|p2|Dragonite, L50, M|\n|teampreview|4\n|inactive|Battle timer is ON: inactive players will automatically lose when time's up. (requested by ExcelSheet)\nExcelSheet has agreed to open team sheets.\ndarlingtonia has agreed to open team sheets.\n|inactive|ExcelSheet has 60 seconds left.\n|\n|t:|1681958032\n|start\n|switch|p1a: Corviknight|Corviknight, L50, M|100\/100\n|switch|p1b: Iron Bundle|Iron Bundle, L50|100\/100\n|switch|p2a: Palafin|Palafin, L50, M|100\/100\n|switch|p2b: Glimmora|Glimmora, L50, F|100\/100\n|-enditem|p1b: Iron Bundle|Booster Energy\n|-activate|p1b: Iron Bundle|ability: Quark Drive|[fromitem]\n|-start|p1b: Iron Bundle|quarkdrivespe\n|turn|1\n|\n|t:|1681958056\n|-end|p1b: Iron Bundle|Quark Drive|[silent]\n|switch|p1b: Scizor|Scizor, L50, F|100\/100\n|-terastallize|p2a: Palafin|Water\n|move|p2b: Glimmora|Spiky Shield|p2b: Glimmora\n|-singleturn|p2b: Glimmora|move: Protect\n|move|p2a: Palafin|Wave Crash|p1b: Scizor\n|-damage|p1b: Scizor|47\/100\n|-damage|p2a: Palafin|83\/100|[from] Recoil\n|move|p1a: Corviknight|Tailwind|p1a: Corviknight\n|-sidestart|p1: ExcelSheet|move: Tailwind\n|\n|upkeep\n|turn|2\n|inactive|ExcelSheet has 30 seconds left.\n|\n|t:|1681958086\n|detailschange|p2a: Palafin|Palafin-Hero, L50, M, tera:Water\n|switch|p2a: Dragonite|Dragonite, L50, M|100\/100\n|move|p1a: Corviknight|Brave Bird|p2a: Dragonite\n|-damage|p2a: Dragonite|61\/100\n|-damage|p1a: Corviknight|88\/100|[from] Recoil\n|move|p1b: Scizor|U-turn|p2a: Dragonite\n|-resisted|p2a: Dragonite\n|-damage|p2a: Dragonite|32\/100\n|\n|t:|1681958094\n|switch|p1b: Iron Bundle|Iron Bundle, L50|100\/100|[from] U-turn\n|move|p2b: Glimmora|Earth Power|p1b: Iron Bundle\n|-damage|p1b: Iron Bundle|31\/100\n|\n|upkeep\n|turn|3\n|\n|t:|1681958114\n|move|p1b: Iron Bundle|Protect|p1b: Iron Bundle\n|-singleturn|p1b: Iron Bundle|Protect\n|move|p2a: Dragonite|Extreme Speed|p1b: Iron Bundle\n|-activate|p1b: Iron Bundle|move: Protect\n|move|p1a: Corviknight|Brave Bird|p2a: Dragonite\n|-damage|p2a: Dragonite|0 fnt\n|faint|p2a: Dragonite\n|-damage|p1a: Corviknight|79\/100|[from] Recoil\n|move|p2b: Glimmora|Power Gem|p1a: Corviknight\n|-damage|p1a: Corviknight|36\/100\n|-enditem|p1a: Corviknight|Sitrus Berry|[eat]\n|-heal|p1a: Corviknight|61\/100|[from] item: Sitrus Berry\n|\n|upkeep\n|\n|t:|1681958128\n|switch|p2a: Palafin|Palafin-Hero, L50, M, tera:Water|83\/100\n|-activate|p2a: Palafin|ability: Zero to Hero\n|turn|4\n|\n|t:|1681958144\n|-terastallize|p1a: Corviknight|Water\n|move|p2a: Palafin|Jet Punch|p1a: Corviknight\n|-resisted|p1a: Corviknight\n|-damage|p1a: Corviknight|46\/100\n|move|p1b: Iron Bundle|Freeze-Dry|p2a: Palafin\n|-supereffective|p2a: Palafin\n|-damage|p2a: Palafin|3\/100\n|move|p1a: Corviknight|Brave Bird|p2a: Palafin\n|-damage|p2a: Palafin|0 fnt\n|faint|p2a: Palafin\n|-damage|p1a: Corviknight|45\/100|[from] Recoil\n|move|p2b: Glimmora|Power Gem|p1b: Iron Bundle\n|-supereffective|p1b: Iron Bundle\n|-damage|p1b: Iron Bundle|0 fnt\n|faint|p1b: Iron Bundle\n|-end|p1b: Iron Bundle|Quark Drive|[silent]\n|\n|-sideend|p1: ExcelSheet|move: Tailwind\n|upkeep\n|\n|t:|1681958160\n|switch|p1b: Flutter Mane|Flutter Mane, L50|100\/100\n|switch|p2a: Chi-Yu|Chi-Yu, L50|100\/100\n|-ability|p2a: Chi-Yu|Beads of Ruin\n|turn|5\n|inactive|ExcelSheet has 30 seconds left.\n|inactive|ExcelSheet has 20 seconds left.\n|\n|t:|1681958196\n|move|p1b: Flutter Mane|Moonblast|p2a: Chi-Yu\n|-damage|p2a: Chi-Yu|49\/100\n|-damage|p1b: Flutter Mane|91\/100|[from] item: Life Orb\n|move|p2a: Chi-Yu|Dark Pulse|p1b: Flutter Mane\n|-damage|p1b: Flutter Mane|33\/100\n|move|p2b: Glimmora|Power Gem|p1a: Corviknight\n|-damage|p1a: Corviknight|0 fnt\n|faint|p1a: Corviknight\n|\n|upkeep\n|\n|t:|1681958205\n|switch|p1a: Scizor|Scizor, L50, F|47\/100\n|turn|6\n|\n|t:|1681958229\n|move|p1a: Scizor|Bullet Punch|p2a: Chi-Yu\n|-resisted|p2a: Chi-Yu\n|-damage|p2a: Chi-Yu|10\/100\n|move|p1b: Flutter Mane|Moonblast|p2a: Chi-Yu\n|-damage|p2a: Chi-Yu|0 fnt\n|faint|p2a: Chi-Yu\n|-damage|p1b: Flutter Mane|23\/100|[from] item: Life Orb\n|move|p2b: Glimmora|Sludge Bomb|p1b: Flutter Mane\n|-damage|p1b: Flutter Mane|0 fnt\n|faint|p1b: Flutter Mane\n|-end|p1b: Flutter Mane|Protosynthesis|[silent]\n|\n|upkeep\n|turn|7\n|inactive|darlingtonia has 30 seconds left.\n|\n|t:|1681958255\n|move|p1a: Scizor|Bullet Punch|p2b: Glimmora\n|-supereffective|p2b: Glimmora\n|-enditem|p2b: Glimmora|Focus Sash\n|-damage|p2b: Glimmora|1\/100\n|-activate|p2b: Glimmora|ability: Toxic Debris\n|-sidestart|p1: ExcelSheet|move: Toxic Spikes\n|move|p2b: Glimmora|Power Gem|p1a: Scizor\n|-damage|p1a: Scizor|0 fnt\n|faint|p1a: Scizor\n|\n|win|darlingtonia\n","uploadtime":1681958265,"views":9,"p1id":"excelsheet","p2id":"darlingtonia","formatid":"gen9vgc2023regulationc","rating":0,"private":0,"password":""}