{"id":"gen9vgc2023regulationc-1852884392","p1":"glaber7","p2":"Pierre113","format":"[Gen 9] VGC 2023 Regulation C","log":"|j|\u2606glaber7\n|j|\u2606Pierre113\n|t:|1682614378\n|gametype|doubles\n|player|p1|glaber7|1|1395\n|player|p2|Pierre113|palmer|1504\n|teamsize|p1|6\n|teamsize|p2|6\n|gen|9\n|tier|[Gen 9] VGC 2023 Regulation C\n|rated|\n|rule|Species Clause: Limit one of each Pok\u00e9mon\n|rule|Item Clause: Limit one of each item\n|clearpoke\n|poke|p1|Bronzong, L50|\n|poke|p1|Annihilape, L50, F|\n|poke|p1|Flapple, L50, F|\n|poke|p1|Torkoal, L50, F|\n|poke|p1|Iron Hands, L50|\n|poke|p1|Grimmsnarl, L50, M|\n|poke|p2|Flutter Mane, L50|\n|poke|p2|Amoonguss, L50, F|\n|poke|p2|Chi-Yu, L50|\n|poke|p2|Gyarados, L50, M|\n|poke|p2|Iron Hands, L50|\n|poke|p2|Baxcalibur, L50, F|\n|teampreview|4\nglaber7 has agreed to open team sheets.\nPierre113 has agreed to open team sheets.\n|inactive|Battle timer is ON: inactive players will automatically lose when time's up. (requested by glaber7)\n|\n|t:|1682614453\n|start\n|switch|p1a: Bronzong|Bronzong, L50|100\/100\n|switch|p1b: Annihilape|Annihilape, L50, F|100\/100\n|switch|p2a: Chi-Yu|Chi-Yu, L50|100\/100\n|switch|p2b: Flutter Mane|Flutter Mane, L50|100\/100\n|-ability|p2a: Chi-Yu|Beads of Ruin\n|-enditem|p2b: Flutter Mane|Booster Energy\n|-activate|p2b: Flutter Mane|ability: Protosynthesis|[fromitem]\n|-start|p2b: Flutter Mane|protosynthesisspa\n|turn|1\n|inactive|Pierre113 has 30 seconds left.\n|\n|t:|1682614479\n|switch|p2a: Iron Hands|Iron Hands, L50|100\/100\n|-terastallize|p1a: Bronzong|Water\n|move|p2b: Flutter Mane|Protect|p2b: Flutter Mane\n|-singleturn|p2b: Flutter Mane|Protect\n|move|p1b: Annihilape|Final Gambit|p2a: Iron Hands\n|-damage|p2a: Iron Hands|10\/100\n|faint|p1b: Annihilape\n|move|p1a: Bronzong|Trick Room|p1a: Bronzong\n|-fieldstart|move: Trick Room|[of] p1a: Bronzong\n|\n|upkeep\n|\n|t:|1682614491\n|switch|p1b: Torkoal|Torkoal, L50, F|100\/100\n|-weather|SunnyDay|[from] ability: Drought|[of] p1b: Torkoal\n|turn|2\n|inactive|Pierre113 has 30 seconds left.\n|\n|t:|1682614523\n|move|p2a: Iron Hands|Fake Out|p1a: Bronzong\n|-damage|p1a: Bronzong|88\/100\n|move|p1b: Torkoal|Eruption|p2b: Flutter Mane|[spread] p2a,p2b\n|-damage|p2a: Iron Hands|0 fnt\n|-damage|p2b: Flutter Mane|14\/100\n|faint|p2a: Iron Hands\n|-end|p2a: Iron Hands|Quark Drive|[silent]\n|cant|p1a: Bronzong|flinch\n|move|p2b: Flutter Mane|Moonblast|p1a: Bronzong\n|-damage|p1a: Bronzong|34\/100\n|-unboost|p1a: Bronzong|spa|1\n|\n|-weather|SunnyDay|[upkeep]\n|upkeep\n|\n|t:|1682614537\n|switch|p2a: Amoonguss|Amoonguss, L50, F|100\/100\n|turn|3\n|inactive|Pierre113 has 30 seconds left.\n|\n|t:|1682614563\n|switch|p1a: Iron Hands|Iron Hands, L50|100\/100\n|-terastallize|p2a: Amoonguss|Water\n|move|p1b: Torkoal|Protect|p1b: Torkoal\n|-singleturn|p1b: Torkoal|Protect\n|move|p2b: Flutter Mane|Protect|p2b: Flutter Mane\n|-singleturn|p2b: Flutter Mane|Protect\n|move|p2a: Amoonguss|Spore|p1b: Torkoal\n|-activate|p1b: Torkoal|move: Protect\n|\n|-weather|SunnyDay|[upkeep]\n|upkeep\n|turn|4\n|\n|t:|1682614583\n|-end|p2b: Flutter Mane|Protosynthesis|[silent]\n|switch|p2b: Chi-Yu|Chi-Yu, L50|100\/100\n|-ability|p2b: Chi-Yu|Beads of Ruin\n|move|p1a: Iron Hands|Fake Out|p2a: Amoonguss\n|-damage|p2a: Amoonguss|90\/100\n|move|p1b: Torkoal|Eruption|p2b: Chi-Yu|[spread] p2a,p2b\n|-resisted|p2a: Amoonguss\n|-resisted|p2b: Chi-Yu\n|-damage|p2a: Amoonguss|44\/100\n|-damage|p2b: Chi-Yu|58\/100\n|-enditem|p2a: Amoonguss|Sitrus Berry|[eat]\n|-heal|p2a: Amoonguss|69\/100|[from] item: Sitrus Berry\n|cant|p2a: Amoonguss|flinch\n|\n|-weather|SunnyDay|[upkeep]\n|upkeep\n|turn|5\n|inactive|glaber7 has 30 seconds left.\n|inactive|Pierre113 has 30 seconds left.\n|inactive|glaber7 has 20 seconds left.\n|inactive|glaber7 has 15 seconds left.\n|\n|t:|1682614626\n|move|p1b: Torkoal|Eruption|p2a: Amoonguss|[spread] p2a,p2b\n|-resisted|p2a: Amoonguss\n|-resisted|p2b: Chi-Yu\n|-damage|p2a: Amoonguss|18\/100\n|-damage|p2b: Chi-Yu|10\/100\n|move|p1a: Iron Hands|Drain Punch|p2b: Chi-Yu\n|-supereffective|p2b: Chi-Yu\n|-damage|p2b: Chi-Yu|0 fnt\n|faint|p2b: Chi-Yu\n|move|p2a: Amoonguss|Spore|p1a: Iron Hands\n|-status|p1a: Iron Hands|slp|[from] move: Spore\n|\n|-weather|SunnyDay|[upkeep]\n|-fieldend|move: Trick Room\n|upkeep\n|\n|t:|1682614634\n|switch|p2b: Flutter Mane|Flutter Mane, L50|14\/100\n|-activate|p2b: Flutter Mane|ability: Protosynthesis\n|-start|p2b: Flutter Mane|protosynthesisspa\n|turn|6\n|\n|t:|1682614651\n|move|p1b: Torkoal|Protect|p1b: Torkoal\n|-singleturn|p1b: Torkoal|Protect\n|move|p2b: Flutter Mane|Dazzling Gleam|p1b: Torkoal|[spread] p1a\n|-activate|p1b: Torkoal|move: Protect\n|-supereffective|p1a: Iron Hands\n|-damage|p1a: Iron Hands|63\/100 slp\n|move|p2a: Amoonguss|Spore|p1b: Torkoal\n|-activate|p1b: Torkoal|move: Protect\n|cant|p1a: Iron Hands|slp\n|\n|-weather|none\n|-end|p2b: Flutter Mane|Protosynthesis\n|upkeep\n|turn|7\n|\n|t:|1682614667\n|move|p2b: Flutter Mane|Moonblast|p1a: Iron Hands\n|-supereffective|p1a: Iron Hands\n|-damage|p1a: Iron Hands|14\/100 slp\n|-unboost|p1a: Iron Hands|spa|1\n|move|p2a: Amoonguss|Spore|p1b: Torkoal\n|-status|p1b: Torkoal|slp|[from] move: Spore\n|cant|p1a: Iron Hands|slp\n|cant|p1b: Torkoal|slp\n|\n|upkeep\n|turn|8\n|\n|t:|1682614681\n|move|p2b: Flutter Mane|Dazzling Gleam|p1a: Iron Hands|[spread] p1a,p1b\n|-supereffective|p1a: Iron Hands\n|-crit|p1a: Iron Hands\n|-resisted|p1b: Torkoal\n|-damage|p1a: Iron Hands|0 fnt\n|-damage|p1b: Torkoal|81\/100 slp\n|faint|p1a: Iron Hands\n|-end|p1a: Iron Hands|Quark Drive|[silent]\n|move|p2a: Amoonguss|Pollen Puff|p2b: Flutter Mane\n|-heal|p2b: Flutter Mane|63\/100\n|cant|p1b: Torkoal|slp\n|\n|upkeep\n|\n|t:|1682614692\n|switch|p1a: Bronzong|Bronzong, L50, tera:Water|34\/100\n|turn|9\n|inactive|glaber7 has 30 seconds left.\n|inactive|glaber7 has 20 seconds left.\n|inactive|glaber7 has 15 seconds left.\n|\n|t:|1682614735\n|move|p2b: Flutter Mane|Moonblast|p1a: Bronzong\n|-crit|p1a: Bronzong\n|-damage|p1a: Bronzong|0 fnt\n|faint|p1a: Bronzong\n|move|p2a: Amoonguss|Pollen Puff|p2b: Flutter Mane\n|-heal|p2b: Flutter Mane|100\/100\n|-curestatus|p1b: Torkoal|slp|[msg]\n|move|p1b: Torkoal|Heat Wave|p2a: Amoonguss|[spread] p2a,p2b\n|-resisted|p2a: Amoonguss\n|-damage|p2a: Amoonguss|2\/100\n|-damage|p2b: Flutter Mane|63\/100\n|\n|upkeep\n|turn|10\n|\n|t:|1682614749\n|move|p2b: Flutter Mane|Shadow Ball|p1b: Torkoal\n|-damage|p1b: Torkoal|23\/100\n|move|p2a: Amoonguss|Spore|p1b: Torkoal\n|-status|p1b: Torkoal|slp|[from] move: Spore\n|cant|p1b: Torkoal|slp\n|\n|upkeep\n|turn|11\n|-message|glaber7 forfeited.\n|\n|win|Pierre113\n|raw|glaber7's rating: 1395 → 1381<\/strong> (-14 for losing)\n|raw|Pierre113's rating: 1504 → 1518<\/strong> (+14 for winning)\n|l|\u2606glaber7\n","uploadtime":1682614760,"views":8,"p1id":"glaber7","p2id":"pierre113","formatid":"gen9vgc2023regulationc","rating":1381,"private":0,"password":""}