{"id":"gen9vgc2023regulationc-1861361711","p1":"TalonMasterJ","p2":"Asturiano98","format":"[Gen 9] VGC 2023 Regulation C","log":"|j|\u2606TalonMasterJ\n|j|\u2606Asturiano98\n|t:|1683749606\n|gametype|doubles\n|player|p1|TalonMasterJ|steven|1267\n|player|p2|Asturiano98|101|1214\n|teamsize|p1|6\n|teamsize|p2|6\n|gen|9\n|tier|[Gen 9] VGC 2023 Regulation C\n|rated|\n|rule|Species Clause: Limit one of each Pok\u00e9mon\n|rule|Item Clause: Limit one of each item\n|clearpoke\n|poke|p1|Baxcalibur, L50, M|\n|poke|p1|Chi-Yu, L50|\n|poke|p1|Iron Bundle, L50|\n|poke|p1|Gholdengo, L50|\n|poke|p1|Flutter Mane, L50|\n|poke|p1|Kingambit, L50, F|\n|poke|p2|Iron Hands, L50|\n|poke|p2|Gyarados, L50, M|\n|poke|p2|Ting-Lu, L50|\n|poke|p2|Flutter Mane, L50|\n|poke|p2|Amoonguss, L50, M|\n|poke|p2|Chi-Yu, L50|\n|teampreview|4\n|inactive|Battle timer is ON: inactive players will automatically lose when time's up. (requested by Asturiano98)\nAsturiano98 rejected open team sheets.\n|\n|t:|1683749638\n|start\n|switch|p1a: Baxcalibur|Baxcalibur, L50, M|100\/100\n|switch|p1b: Flutter Mane|Flutter Mane, L50|100\/100\n|switch|p2a: Ting-Lu|Ting-Lu, L50|100\/100\n|switch|p2b: Flutter Mane|Flutter Mane, L50|100\/100\n|-ability|p2a: Ting-Lu|Vessel of Ruin\n|-enditem|p2b: Flutter Mane|Booster Energy\n|-activate|p2b: Flutter Mane|ability: Protosynthesis|[fromitem]\n|-start|p2b: Flutter Mane|protosynthesisspa\n|turn|1\n|inactive|TalonMasterJ has 30 seconds left.\n|\n|t:|1683749666\n|-terastallize|p2b: Flutter Mane|Fairy\n|-terastallize|p1a: Baxcalibur|Water\n|move|p1b: Flutter Mane|Shadow Ball|p2b: Flutter Mane\n|-damage|p2b: Flutter Mane|65\/100\n|move|p2b: Flutter Mane|Moonblast|p1a: Baxcalibur\n|-damage|p1a: Baxcalibur|34\/100\n|move|p1a: Baxcalibur|Dragon Dance|p1a: Baxcalibur\n|-boost|p1a: Baxcalibur|atk|1\n|-boost|p1a: Baxcalibur|spe|1\n|move|p2a: Ting-Lu|Heavy Slam|p1b: Flutter Mane\n|-supereffective|p1b: Flutter Mane\n|-enditem|p1b: Flutter Mane|Focus Sash\n|-damage|p1b: Flutter Mane|1\/100\n|\n|-heal|p1a: Baxcalibur|40\/100|[from] item: Leftovers\n|upkeep\n|turn|2\n|inactive|TalonMasterJ has 30 seconds left.\n|\n|t:|1683749697\n|move|p1a: Baxcalibur|Glaive Rush|p2a: Ting-Lu\n|-damage|p2a: Ting-Lu|37\/100\n|-singlemove|p1a: Baxcalibur|Glaive Rush|[silent]\n|move|p1b: Flutter Mane|Moonblast|p2a: Ting-Lu\n|-supereffective|p2a: Ting-Lu\n|-damage|p2a: Ting-Lu|5\/100\n|move|p2b: Flutter Mane|Moonblast|p1a: Baxcalibur\n|-damage|p1a: Baxcalibur|0 fnt\n|faint|p1a: Baxcalibur\n|move|p2a: Ting-Lu|Rock Tomb|p1b: Flutter Mane\n|-damage|p1b: Flutter Mane|0 fnt\n|faint|p1b: Flutter Mane\n|-end|p1b: Flutter Mane|Protosynthesis|[silent]\n|\n|upkeep\n|\n|t:|1683749707\n|switch|p1b: Gholdengo|Gholdengo, L50|100\/100\n|switch|p1a: Iron Bundle|Iron Bundle, L50|100\/100\n|-enditem|p1a: Iron Bundle|Booster Energy\n|-activate|p1a: Iron Bundle|ability: Quark Drive|[fromitem]\n|-start|p1a: Iron Bundle|quarkdrivespe\n|turn|3\n|\n|t:|1683749722\n|move|p1a: Iron Bundle|Icy Wind|p2b: Flutter Mane|[spread] p2a,p2b\n|-supereffective|p2a: Ting-Lu\n|-damage|p2a: Ting-Lu|0 fnt\n|-damage|p2b: Flutter Mane|47\/100\n|-unboost|p2b: Flutter Mane|spe|1\n|faint|p2a: Ting-Lu\n|move|p1b: Gholdengo|Make It Rain|p2b: Flutter Mane\n|-supereffective|p2b: Flutter Mane\n|-damage|p2b: Flutter Mane|0 fnt\n|-unboost|p1b: Gholdengo|spa|1\n|faint|p2b: Flutter Mane\n|-end|p2b: Flutter Mane|Protosynthesis|[silent]\n|-damage|p1b: Gholdengo|91\/100|[from] item: Life Orb\n|\n|upkeep\n|\n|t:|1683749735\n|switch|p2b: Amoonguss|Amoonguss, L50, M|100\/100\n|switch|p2a: Iron Hands|Iron Hands, L50|100\/100\n|turn|4\n|\n|t:|1683749752\n|move|p2a: Iron Hands|Fake Out|p1a: Iron Bundle\n|-crit|p1a: Iron Bundle\n|-damage|p1a: Iron Bundle|75\/100\n|cant|p1a: Iron Bundle|flinch\n|move|p1b: Gholdengo|Nasty Plot|p1b: Gholdengo\n|-boost|p1b: Gholdengo|spa|2\n|move|p2b: Amoonguss|Spore|p1a: Iron Bundle\n|-status|p1a: Iron Bundle|slp|[from] move: Spore\n|\n|upkeep\n|turn|5\n|\n|t:|1683749767\n|cant|p1a: Iron Bundle|slp\n|move|p1b: Gholdengo|Nasty Plot|p1b: Gholdengo\n|-boost|p1b: Gholdengo|spa|2\n|move|p2a: Iron Hands|Swords Dance|p2a: Iron Hands\n|-boost|p2a: Iron Hands|atk|2\n|move|p2b: Amoonguss|Pollen Puff|p2a: Iron Hands\n|-immune|p2a: Iron Hands\n|\n|upkeep\n|turn|6\n|inactive|TalonMasterJ has 30 seconds left.\n|\n|t:|1683749797\n|-curestatus|p1a: Iron Bundle|slp|[msg]\n|move|p1a: Iron Bundle|Freeze-Dry|p2a: Iron Hands\n|-damage|p2a: Iron Hands|69\/100\n|-status|p2a: Iron Hands|frz\n|move|p1b: Gholdengo|Shadow Ball|p2a: Iron Hands\n|-damage|p2a: Iron Hands|0 fnt\n|faint|p2a: Iron Hands\n|-end|p2a: Iron Hands|Quark Drive|[silent]\n|-damage|p1b: Gholdengo|81\/100|[from] item: Life Orb\n|move|p2b: Amoonguss|Pollen Puff|p2: Iron Hands|[notarget]\n|-fail|p2b: Amoonguss\n|\n|upkeep\n|turn|7\n|-message|Asturiano98 forfeited.\n|\n|win|TalonMasterJ\n|raw|TalonMasterJ's rating: 1267 → 1288<\/strong> (+21 for winning)\n|raw|Asturiano98's rating: 1214 → 1193<\/strong> (-21 for losing)\n|l|\u2606Asturiano98\n|l|\u2606TalonMasterJ\n|j|\u2606TalonMasterJ\n|player|p1|TalonMasterJ|steven\n","uploadtime":1683749843,"views":10,"p1id":"talonmasterj","p2id":"asturiano98","formatid":"gen9vgc2023regulationc","rating":1193,"private":0,"password":""}