{"id":"gen9vgc2023regulationc-1854097083","p1":"rabat8108","p2":"grumpyolddude","format":"[Gen 9] VGC 2023 Regulation C","log":"|j|\u2606rabat8108\n|j|\u2606grumpyolddude\n|t:|1682768678\n|gametype|doubles\n|player|p1|rabat8108|2|1000\n|player|p2|grumpyolddude|fisherman|1000\n|teamsize|p1|6\n|teamsize|p2|6\n|gen|9\n|tier|[Gen 9] VGC 2023 Regulation C\n|rated|\n|rule|Species Clause: Limit one of each Pok\u00e9mon\n|rule|Item Clause: Limit one of each item\n|clearpoke\n|poke|p1|Orthworm, L50, F|\n|poke|p1|Ting-Lu, L50|\n|poke|p1|Baxcalibur, L50, M|\n|poke|p1|Amoonguss, L50, F|\n|poke|p1|Arcanine, L50, M|\n|poke|p1|Rotom-Wash, L50|\n|poke|p2|Maushold-Four, L50|\n|poke|p2|Dudunsparce-*, L50, M|\n|poke|p2|Palafin, L50, F|\n|poke|p2|Arcanine, L50, M|\n|poke|p2|Annihilape, L50, M|\n|poke|p2|Ting-Lu, L50|\n|teampreview|4\n|\n|t:|1682768720\n|start\n|switch|p1a: Orthworm|Orthworm, L50, F|100\/100\n|switch|p1b: Ting-Lu|Ting-Lu, L50|100\/100\n|switch|p2a: Maushold|Maushold-Four, L50|100\/100\n|switch|p2b: Dudunsparce|Dudunsparce-Three-Segment, L50, M|100\/100\n|-ability|p1b: Ting-Lu|Vessel of Ruin\n|turn|1\n|\n|t:|1682768753\n|move|p2a: Maushold|After You|p2b: Dudunsparce\n|-activate|p2b: Dudunsparce|move: After You\n|move|p2b: Dudunsparce|Rock Slide|p1a: Orthworm|[spread] p1a,p1b\n|-resisted|p1a: Orthworm\n|-crit|p1a: Orthworm\n|-resisted|p1b: Ting-Lu\n|-damage|p1a: Orthworm|94\/100\n|-damage|p1b: Ting-Lu|96\/100\n|cant|p1a: Orthworm|flinch\n|move|p1b: Ting-Lu|Fissure|p2a: Maushold\n|-damage|p2a: Maushold|0 fnt\n|faint|p2a: Maushold\n|-ohko\n|\n|upkeep\n|\n|t:|1682768767\n|switch|p2a: Arcanine|Arcanine, L50, M|100\/100\n|-ability|p2a: Arcanine|Intimidate|boost\n|-unboost|p1a: Orthworm|atk|1\n|-unboost|p1b: Ting-Lu|atk|1\n|turn|2\n|\n|t:|1682768775\n|move|p2a: Arcanine|Will-O-Wisp|p1b: Ting-Lu\n|-status|p1b: Ting-Lu|brn\n|move|p1a: Orthworm|Shed Tail|p1a: Orthworm\n|-start|p1a: Orthworm|Substitute|[from] move: Shed Tail\n|-damage|p1a: Orthworm|43\/100\n|-enditem|p1a: Orthworm|Sitrus Berry|[eat]\n|-heal|p1a: Orthworm|68\/100|[from] item: Sitrus Berry\n|\n|t:|1682768783\n|switch|p1a: Baxcalibur|Baxcalibur, L50, M|100\/100|[from] Shed Tail\n|move|p2b: Dudunsparce|Rock Slide|p1a: Baxcalibur|[spread] p1a,p1b\n|-supereffective|p1a: Baxcalibur\n|-end|p1a: Baxcalibur|Substitute\n|-resisted|p1b: Ting-Lu\n|-damage|p1b: Ting-Lu|91\/100 brn\n|move|p1b: Ting-Lu|Fissure|p2a: Arcanine|[miss]\n|-miss|p1b: Ting-Lu|p2a: Arcanine\n|\n|-damage|p1b: Ting-Lu|84\/100 brn|[from] brn\n|upkeep\n|turn|3\n|\n|t:|1682768818\n|move|p2a: Arcanine|Howl|p2a: Arcanine|[spread] p2a,p2b\n|-boost|p2a: Arcanine|atk|1\n|-boost|p2b: Dudunsparce|atk|1\n|move|p1a: Baxcalibur|Icicle Spear|p2b: Dudunsparce\n|-damage|p2b: Dudunsparce|86\/100\n|-damage|p2b: Dudunsparce|71\/100\n|-damage|p2b: Dudunsparce|56\/100\n|-damage|p2b: Dudunsparce|41\/100\n|-hitcount|p2b: Dudunsparce|4\n|move|p2b: Dudunsparce|Rock Slide|p1a: Baxcalibur|[spread] p1a,p1b\n|-supereffective|p1a: Baxcalibur\n|-resisted|p1b: Ting-Lu\n|-damage|p1a: Baxcalibur|51\/100\n|-damage|p1b: Ting-Lu|77\/100 brn\n|move|p1b: Ting-Lu|Stomping Tantrum|p2a: Arcanine\n|-supereffective|p2a: Arcanine\n|-damage|p2a: Arcanine|59\/100\n|\n|-damage|p1b: Ting-Lu|71\/100 brn|[from] brn\n|upkeep\n|turn|4\n|\n|t:|1682768852\n|move|p2a: Arcanine|Extreme Speed|p1a: Baxcalibur\n|-damage|p1a: Baxcalibur|19\/100\n|move|p1a: Baxcalibur|Icicle Spear|p2b: Dudunsparce\n|-damage|p2b: Dudunsparce|25\/100\n|-damage|p2b: Dudunsparce|11\/100\n|-damage|p2b: Dudunsparce|0 fnt\n|faint|p2b: Dudunsparce\n|-hitcount|p2: Dudunsparce|3\n|move|p1b: Ting-Lu|Fissure|p2a: Arcanine|[miss]\n|-miss|p1b: Ting-Lu|p2a: Arcanine\n|\n|-damage|p1b: Ting-Lu|65\/100 brn|[from] brn\n|upkeep\n|\n|t:|1682768864\n|switch|p2b: Annihilape|Annihilape, L50, M|100\/100\n|turn|5\n|\n|t:|1682768884\n|-terastallize|p1b: Ting-Lu|Poison\n|move|p1a: Baxcalibur|Protect|p1a: Baxcalibur\n|-singleturn|p1a: Baxcalibur|Protect\n|move|p2a: Arcanine|Extreme Speed|p1a: Baxcalibur\n|-activate|p1a: Baxcalibur|move: Protect\n|move|p2b: Annihilape|Bulk Up|p2b: Annihilape\n|-boost|p2b: Annihilape|atk|1\n|-boost|p2b: Annihilape|def|1\n|move|p1b: Ting-Lu|Stomping Tantrum|p2a: Arcanine\n|-supereffective|p2a: Arcanine\n|-damage|p2a: Arcanine|15\/100\n|\n|-damage|p1b: Ting-Lu|59\/100 brn|[from] brn\n|upkeep\n|turn|6\n|\n|t:|1682768914\n|move|p1a: Baxcalibur|Ice Shard|p2a: Arcanine\n|-resisted|p2a: Arcanine\n|-damage|p2a: Arcanine|1\/100\n|move|p2b: Annihilape|Drain Punch|p1a: Baxcalibur\n|-supereffective|p1a: Baxcalibur\n|-crit|p1a: Baxcalibur\n|-damage|p1a: Baxcalibur|0 fnt\n|faint|p1a: Baxcalibur\n|move|p2a: Arcanine|Howl|p2a: Arcanine|[spread] p2a,p2b\n|-boost|p2a: Arcanine|atk|1\n|-boost|p2b: Annihilape|atk|1\n|move|p1b: Ting-Lu|Fissure|p2b: Annihilape|[miss]\n|-miss|p1b: Ting-Lu|p2b: Annihilape\n|\n|-damage|p1b: Ting-Lu|53\/100 brn|[from] brn\n|upkeep\n|\n|t:|1682768929\n|switch|p1a: Rotom|Rotom-Wash, L50|100\/100\n|turn|7\n|\n|t:|1682768974\n|-terastallize|p2b: Annihilape|Fire\n|move|p2a: Arcanine|Extreme Speed|p1a: Rotom\n|-damage|p1a: Rotom|36\/100\n|move|p1a: Rotom|Thunderbolt|p2a: Arcanine\n|-damage|p2a: Arcanine|0 fnt\n|faint|p2a: Arcanine\n|-damage|p1a: Rotom|27\/100|[from] item: Life Orb\n|move|p2b: Annihilape|Drain Punch|p1a: Rotom\n|-damage|p1a: Rotom|0 fnt\n|faint|p1a: Rotom\n|move|p1b: Ting-Lu|Fissure|p2b: Annihilape|[miss]\n|-miss|p1b: Ting-Lu|p2b: Annihilape\n|\n|-damage|p1b: Ting-Lu|47\/100 brn|[from] brn\n|upkeep\n|\n|t:|1682768993\n|switch|p1a: Orthworm|Orthworm, L50, F|68\/100\n|turn|8\n|\n|t:|1682769010\n|move|p1a: Orthworm|Helping Hand|p1b: Ting-Lu\n|-singleturn|p1b: Ting-Lu|Helping Hand|[of] p1a: Orthworm\n|move|p2b: Annihilape|Drain Punch|p1b: Ting-Lu\n|-resisted|p1b: Ting-Lu\n|-damage|p1b: Ting-Lu|25\/100 brn\n|move|p1b: Ting-Lu|Stomping Tantrum|p2b: Annihilape\n|-supereffective|p2b: Annihilape\n|-damage|p2b: Annihilape|60\/100\n|\n|-heal|p2b: Annihilape|66\/100|[from] item: Leftovers\n|-damage|p1b: Ting-Lu|19\/100 brn|[from] brn\n|upkeep\n|turn|9\n|\n|t:|1682769026\n|move|p2b: Annihilape|Drain Punch|p1a: Orthworm\n|-supereffective|p1a: Orthworm\n|-damage|p1a: Orthworm|0 fnt\n|-heal|p2b: Annihilape|94\/100|[from] drain|[of] p1a: Orthworm\n|faint|p1a: Orthworm\n|move|p1b: Ting-Lu|Fissure|p2b: Annihilape|[miss]\n|-miss|p1b: Ting-Lu|p2b: Annihilape\n|\n|-heal|p2b: Annihilape|99\/100|[from] item: Leftovers\n|-damage|p1b: Ting-Lu|13\/100 brn|[from] brn\n|upkeep\n|turn|10\n|\n|t:|1682769040\n|move|p2b: Annihilape|Drain Punch|p1b: Ting-Lu\n|-resisted|p1b: Ting-Lu\n|-damage|p1b: Ting-Lu|0 fnt\n|-heal|p2b: Annihilape|100\/100|[from] drain|[of] p1b: Ting-Lu\n|faint|p1b: Ting-Lu\n|\n|win|grumpyolddude\n|raw|rabat8108's rating: 1000 → 1000<\/strong> (+0 for losing)\n|raw|grumpyolddude's rating: 1000 → 1040<\/strong> (+40 for winning)\n","uploadtime":1682769048,"views":15,"p1id":"rabat8108","p2id":"grumpyolddude","formatid":"gen9vgc2023regulationc","rating":1000,"private":0,"password":""}