{"id":"gen9vgc2023regulationc-1856995158","p1":"TheNutmeg33","p2":"kamusito98","format":"[Gen 9] VGC 2023 Regulation C","log":"|j|\u2606TheNutmeg33\n|j|\u2606kamusito98\n|t:|1683134711\n|gametype|doubles\n|player|p1|TheNutmeg33|170|1339\n|player|p2|kamusito98|hugh|1359\n|teamsize|p1|6\n|teamsize|p2|6\n|gen|9\n|tier|[Gen 9] VGC 2023 Regulation C\n|rated|\n|rule|Species Clause: Limit one of each Pok\u00e9mon\n|rule|Item Clause: Limit one of each item\n|clearpoke\n|poke|p1|Iron Hands, L50|\n|poke|p1|Flutter Mane, L50|\n|poke|p1|Palafin, L50, M|\n|poke|p1|Garganacl, L50, M|\n|poke|p1|Amoonguss, L50, M|\n|poke|p1|Arcanine, L50, F|\n|poke|p2|Palafin, L50, F|\n|poke|p2|Amoonguss, L50, M|\n|poke|p2|Arcanine, L50, M|\n|poke|p2|Baxcalibur, L50, M|\n|poke|p2|Abomasnow, L50, M|\n|poke|p2|Iron Bundle, L50|\n|teampreview|4\n|inactive|Battle timer is ON: inactive players will automatically lose when time's up. (requested by TheNutmeg33)\n|\n|t:|1683134727\n|start\n|switch|p1a: Iron Hands|Iron Hands, L50, shiny|100\/100\n|switch|p1b: Arcanine|Arcanine, L50, F, shiny|100\/100\n|switch|p2a: Abomasnow|Abomasnow, L50, M|100\/100\n|switch|p2b: Iron Bundle|Iron Bundle, L50|100\/100\n|-ability|p1b: Arcanine|Intimidate|boost\n|-unboost|p2a: Abomasnow|atk|1\n|-unboost|p2b: Iron Bundle|atk|1\n|-weather|Snow|[from] ability: Snow Warning|[of] p2a: Abomasnow\n|-enditem|p2b: Iron Bundle|Booster Energy\n|-activate|p2b: Iron Bundle|ability: Quark Drive|[fromitem]\n|-start|p2b: Iron Bundle|quarkdrivespe\n|turn|1\n|\n|t:|1683134741\n|-terastallize|p2a: Abomasnow|Water\n|move|p2b: Iron Bundle|Aurora Veil|p2b: Iron Bundle\n|-sidestart|p2: kamusito98|move: Aurora Veil\n|move|p1b: Arcanine|Flare Blitz|p2a: Abomasnow\n|-resisted|p2a: Abomasnow\n|-damage|p2a: Abomasnow|81\/100\n|-damage|p1b: Arcanine|94\/100|[from] Recoil\n|move|p2a: Abomasnow|Tera Blast|p1b: Arcanine\n|-supereffective|p1b: Arcanine\n|-damage|p1b: Arcanine|30\/100\n|move|p1a: Iron Hands|Drain Punch|p2b: Iron Bundle\n|-supereffective|p2b: Iron Bundle\n|-damage|p2b: Iron Bundle|51\/100\n|\n|-weather|Snow|[upkeep]\n|upkeep\n|turn|2\n|\n|t:|1683134761\n|move|p1b: Arcanine|Extreme Speed|p2b: Iron Bundle\n|-damage|p2b: Iron Bundle|38\/100\n|move|p2b: Iron Bundle|Blizzard|p1a: Iron Hands|[spread] p1a,p1b\n|-resisted|p1b: Arcanine\n|-damage|p1a: Iron Hands|80\/100\n|-damage|p1b: Arcanine|11\/100\n|move|p2a: Abomasnow|Blizzard|p1a: Iron Hands|[spread] p1a,p1b\n|-resisted|p1b: Arcanine\n|-damage|p1a: Iron Hands|61\/100\n|-damage|p1b: Arcanine|0 fnt\n|faint|p1b: Arcanine\n|move|p1a: Iron Hands|Drain Punch|p2b: Iron Bundle\n|-supereffective|p2b: Iron Bundle\n|-damage|p2b: Iron Bundle|0 fnt\n|-heal|p1a: Iron Hands|72\/100|[from] drain|[of] p2b: Iron Bundle\n|faint|p2b: Iron Bundle\n|-end|p2b: Iron Bundle|Quark Drive|[silent]\n|\n|-weather|Snow|[upkeep]\n|upkeep\n|\n|t:|1683134778\n|switch|p2b: \u30a6\u30a4\u30f3\u30c7\u30a3|Arcanine, L50, M|100\/100\n|switch|p1b: Garganacl|Garganacl, L50, M|100\/100\n|-ability|p2b: \u30a6\u30a4\u30f3\u30c7\u30a3|Intimidate|boost\n|-unboost|p1a: Iron Hands|atk|1\n|-unboost|p1b: Garganacl|atk|1\n|turn|3\n|\n|t:|1683134791\n|move|p2b: \u30a6\u30a4\u30f3\u30c7\u30a3|Will-O-Wisp|p1a: Iron Hands\n|-status|p1a: Iron Hands|brn\n|move|p2a: Abomasnow|Blizzard|p1b: Garganacl|[spread] p1a,p1b\n|-damage|p1a: Iron Hands|50\/100 brn\n|-damage|p1b: Garganacl|74\/100\n|move|p1a: Iron Hands|Wild Charge|p2a: Abomasnow\n|-supereffective|p2a: Abomasnow\n|-damage|p2a: Abomasnow|54\/100\n|-damage|p1a: Iron Hands|45\/100 brn|[from] Recoil\n|move|p1b: Garganacl|Salt Cure|p2b: \u30a6\u30a4\u30f3\u30c7\u30a3\n|-supereffective|p2b: \u30a6\u30a4\u30f3\u30c7\u30a3\n|-damage|p2b: \u30a6\u30a4\u30f3\u30c7\u30a3|87\/100\n|-start|p2b: \u30a6\u30a4\u30f3\u30c7\u30a3|Salt Cure\n|\n|-weather|Snow|[upkeep]\n|-heal|p1b: Garganacl|80\/100|[from] item: Leftovers\n|-damage|p1a: Iron Hands|38\/100 brn|[from] brn\n|-damage|p2b: \u30a6\u30a4\u30f3\u30c7\u30a3|75\/100|[from] Salt Cure\n|upkeep\n|turn|4\n|\n|t:|1683134815\n|switch|p2b: \u30bb\u30b0\u30ec\u30a4\u30d6|Baxcalibur, L50, M, shiny|100\/100\n|move|p2a: Abomasnow|Giga Drain|p1b: Garganacl\n|-supereffective|p1b: Garganacl\n|-damage|p1b: Garganacl|30\/100\n|-heal|p2a: Abomasnow|80\/100|[from] drain|[of] p1b: Garganacl\n|move|p1a: Iron Hands|Drain Punch|p2b: \u30bb\u30b0\u30ec\u30a4\u30d6\n|-supereffective|p2b: \u30bb\u30b0\u30ec\u30a4\u30d6\n|-damage|p2b: \u30bb\u30b0\u30ec\u30a4\u30d6|86\/100\n|-heal|p1a: Iron Hands|45\/100 brn|[from] drain|[of] p2b: \u30bb\u30b0\u30ec\u30a4\u30d6\n|move|p1b: Garganacl|Salt Cure|p2a: Abomasnow\n|-damage|p2a: Abomasnow|73\/100\n|-start|p2a: Abomasnow|Salt Cure\n|\n|-weather|Snow|[upkeep]\n|-heal|p1b: Garganacl|36\/100|[from] item: Leftovers\n|-damage|p1a: Iron Hands|38\/100 brn|[from] brn\n|-damage|p2a: Abomasnow|48\/100|[from] Salt Cure\n|upkeep\n|turn|5\n|inactive|TheNutmeg33 has 30 seconds left.\n|\n|t:|1683134841\n|move|p1b: Garganacl|Protect|p1b: Garganacl\n|-singleturn|p1b: Garganacl|Protect\n|move|p2b: \u30bb\u30b0\u30ec\u30a4\u30d6|Glaive Rush|p1a: Iron Hands\n|-damage|p1a: Iron Hands|0 fnt\n|-singlemove|p2b: \u30bb\u30b0\u30ec\u30a4\u30d6|Glaive Rush|[silent]\n|faint|p1a: Iron Hands\n|-end|p1a: Iron Hands|Quark Drive|[silent]\n|move|p2a: Abomasnow|Giga Drain|p1b: Garganacl\n|-activate|p1b: Garganacl|move: Protect\n|\n|-weather|none\n|-heal|p1b: Garganacl|42\/100|[from] item: Leftovers\n|-damage|p2a: Abomasnow|23\/100|[from] Salt Cure\n|-sideend|p2: kamusito98|move: Aurora Veil\n|upkeep\n|\n|t:|1683134852\n|switch|p1a: Flutter Mane|Flutter Mane, L50, shiny|100\/100\n|turn|6\n|\n|t:|1683134866\n|-terastallize|p1a: Flutter Mane|Fairy\n|move|p1a: Flutter Mane|Dazzling Gleam|p2b: \u30bb\u30b0\u30ec\u30a4\u30d6|[spread] p2a,p2b\n|-supereffective|p2b: \u30bb\u30b0\u30ec\u30a4\u30d6\n|-damage|p2a: Abomasnow|0 fnt\n|-damage|p2b: \u30bb\u30b0\u30ec\u30a4\u30d6|0 fnt\n|faint|p2a: Abomasnow\n|faint|p2b: \u30bb\u30b0\u30ec\u30a4\u30d6\n|-damage|p1a: Flutter Mane|91\/100|[from] item: Life Orb\n|move|p1b: Garganacl|Recover|p1b: Garganacl\n|-heal|p1b: Garganacl|92\/100\n|\n|-heal|p1b: Garganacl|98\/100|[from] item: Leftovers\n|upkeep\n|-message|kamusito98 forfeited.\n|\n|win|TheNutmeg33\n|raw|TheNutmeg33's rating: 1339 → 1360<\/strong> (+21 for winning)\n|raw|kamusito98's rating: 1359 → 1338<\/strong> (-21 for losing)\n|l|\u2606kamusito98\n||Ladder isn't responding, score probably updated but might not have (Request timeout).\n","uploadtime":1683134945,"views":16,"p1id":"thenutmeg33","p2id":"kamusito98","formatid":"gen9vgc2023regulationc","rating":1338,"private":0,"password":""}