{"id":"gen9vgc2023regulationc-1855942305","p1":"sabertooth81","p2":"OneStrangeOnion","format":"[Gen 9] VGC 2023 Regulation C","log":"|j|\u2606sabertooth81\n|j|\u2606OneStrangeOnion\n|t:|1683004334\n|gametype|doubles\n|player|p1|sabertooth81|acetrainerf-gen4dp|1074\n|player|p2|OneStrangeOnion|rosa|1042\n|teamsize|p1|6\n|teamsize|p2|6\n|gen|9\n|tier|[Gen 9] VGC 2023 Regulation C\n|rated|\n|rule|Species Clause: Limit one of each Pok\u00e9mon\n|rule|Item Clause: Limit one of each item\n|clearpoke\n|poke|p1|Armarouge, L50, M|\n|poke|p1|Scream Tail, L50|\n|poke|p1|Iron Hands, L50|\n|poke|p1|Gothitelle, L50, F|\n|poke|p1|Amoonguss, L50, F|\n|poke|p1|Tinkaton, L50, F|\n|poke|p2|Talonflame, L50, M|\n|poke|p2|Sableye, L50, M|\n|poke|p2|Breloom, L50, F|\n|poke|p2|Tsareena, L50, F|\n|poke|p2|Appletun, L50, F|\n|poke|p2|Azumarill, L50, F|\n|teampreview|4\n|inactive|Battle timer is ON: inactive players will automatically lose when time's up. (requested by sabertooth81)\n|inactive|sabertooth81 has 60 seconds left.\n|inactive|OneStrangeOnion has 60 seconds left.\n|inactive|sabertooth81 has 30 seconds left.\n|\n|t:|1683004396\n|start\n|switch|p1a: Tinkaton|Tinkaton, L50, F, shiny|100\/100\n|switch|p1b: Iron Hands|Iron Hands, L50, shiny|100\/100\n|switch|p2a: Talonflame|Talonflame, L50, M|100\/100\n|switch|p2b: Sableye|Sableye, L50, M|100\/100\n|-ability|p1a: Tinkaton|Mold Breaker\n|turn|1\n|\n|t:|1683004417\n|switch|p2b: Tsareena|Tsareena, L50, F|100\/100\n|move|p1a: Tinkaton|Fake Out|p2a: Talonflame\n|-damage|p2a: Talonflame|85\/100\n|-status|p1a: Tinkaton|brn|[from] ability: Flame Body|[of] p2a: Talonflame\n|cant|p2a: Talonflame|flinch\n|move|p1b: Iron Hands|Wild Charge|p2b: Tsareena\n|-resisted|p2b: Tsareena\n|-damage|p2b: Tsareena|74\/100\n|-damage|p1b: Iron Hands|96\/100|[from] Recoil\n|\n|-damage|p1a: Tinkaton|94\/100 brn|[from] brn\n|upkeep\n|turn|2\n|\n|t:|1683004441\n|move|p2a: Talonflame|Flare Blitz|p1a: Tinkaton\n|-supereffective|p1a: Tinkaton\n|-damage|p1a: Tinkaton|0 fnt\n|faint|p1a: Tinkaton\n|-damage|p2a: Talonflame|47\/100|[from] Recoil\n|move|p2b: Tsareena|Trop Kick|p1b: Iron Hands\n|-damage|p1b: Iron Hands|62\/100\n|-unboost|p1b: Iron Hands|atk|1\n|-damage|p2b: Tsareena|64\/100|[from] item: Life Orb\n|move|p1b: Iron Hands|Wild Charge|p2a: Talonflame\n|-supereffective|p2a: Talonflame\n|-damage|p2a: Talonflame|0 fnt\n|faint|p2a: Talonflame\n|-damage|p1b: Iron Hands|56\/100|[from] Recoil\n|\n|upkeep\n|\n|t:|1683004464\n|switch|p2a: Breloom|Breloom, L50, F|100\/100\n|switch|p1a: Gothitelle|Gothitelle, L50, F, shiny|100\/100\n|turn|3\n|inactive|sabertooth81 has 30 seconds left.\n|inactive|OneStrangeOnion has 30 seconds left.\n|\n|t:|1683004493\n|-end|p1b: Iron Hands|Quark Drive|[silent]\n|switch|p1b: Scream Tail|Scream Tail, L50, shiny|100\/100\n|move|p1a: Gothitelle|Protect|p1a: Gothitelle\n|-singleturn|p1a: Gothitelle|Protect\n|move|p2b: Tsareena|U-turn|p1b: Scream Tail\n|-damage|p1b: Scream Tail|76\/100\n|-damage|p2b: Tsareena|55\/100|[from] item: Life Orb\n|\n|t:|1683004501\n|switch|p2b: Sableye|Sableye, L50, M|100\/100|[from] U-turn\n|move|p2a: Breloom|Spore|p1a: Gothitelle\n|-activate|p1a: Gothitelle|move: Protect\n|\n|upkeep\n|turn|4\n|\n|t:|1683004522\n|switch|p1a: Iron Hands|Iron Hands, L50, shiny|56\/100\n|move|p1b: Scream Tail|Protect|p1b: Scream Tail\n|-singleturn|p1b: Scream Tail|Protect\n|move|p2b: Sableye|Taunt|p1b: Scream Tail\n|-activate|p1b: Scream Tail|move: Protect\n|move|p2a: Breloom|Spore|p1a: Iron Hands\n|-activate|p1a: Iron Hands|item: Safety Goggles|Spore\n|\n|upkeep\n|turn|5\n|\n|t:|1683004545\n|move|p2b: Sableye|Taunt|p1b: Scream Tail\n|-start|p1b: Scream Tail|move: Taunt\n|move|p2a: Breloom|Spore|p1b: Scream Tail\n|-status|p1b: Scream Tail|slp|[from] move: Spore\n|cant|p1b: Scream Tail|slp\n|move|p1a: Iron Hands|Wild Charge|p2b: Sableye\n|-damage|p2b: Sableye|41\/100\n|-damage|p1a: Iron Hands|47\/100|[from] Recoil\n|\n|upkeep\n|turn|6\n|\n|t:|1683004563\n|switch|p2b: Tsareena|Tsareena, L50, F|55\/100\n|-terastallize|p2a: Breloom|Flying\n|move|p2a: Breloom|Aerial Ace|p1a: Iron Hands\n|-damage|p1a: Iron Hands|14\/100\n|cant|p1b: Scream Tail|slp\n|move|p1a: Iron Hands|Wild Charge|p2b: Tsareena\n|-resisted|p2b: Tsareena\n|-damage|p2b: Tsareena|28\/100\n|-damage|p1a: Iron Hands|10\/100|[from] Recoil\n|\n|upkeep\n|turn|7\n|inactive|OneStrangeOnion has 30 seconds left.\n|\n|t:|1683004591\n|move|p2a: Breloom|Mach Punch|p1a: Iron Hands\n|-damage|p1a: Iron Hands|0 fnt\n|faint|p1a: Iron Hands\n|-end|p1a: Iron Hands|Quark Drive|[silent]\n|move|p2b: Tsareena|Acupressure|p2a: Breloom\n|-boost|p2a: Breloom|atk|2\n|cant|p1b: Scream Tail|slp\n|\n|-end|p1b: Scream Tail|move: Taunt\n|upkeep\n|\n|t:|1683004594\n|switch|p1a: Gothitelle|Gothitelle, L50, F, shiny|100\/100\n|turn|8\n|\n|t:|1683004617\n|move|p1a: Gothitelle|Protect|p1a: Gothitelle\n|-singleturn|p1a: Gothitelle|Protect\n|move|p2b: Tsareena|U-turn|p1a: Gothitelle\n|-activate|p1a: Gothitelle|move: Protect\n|move|p2a: Breloom|Spore|p1a: Gothitelle\n|-activate|p1a: Gothitelle|move: Protect\n|-curestatus|p1b: Scream Tail|slp|[msg]\n|move|p1b: Scream Tail|Disable|p2a: Breloom\n|-start|p2a: Breloom|Disable|Spore\n|\n|upkeep\n|turn|9\n|inactive|OneStrangeOnion has 30 seconds left.\n|inactive|sabertooth81 has 30 seconds left.\n|\n|t:|1683004648\n|-terastallize|p1b: Scream Tail|Steel\n|move|p2b: Tsareena|U-turn|p1a: Gothitelle\n|-supereffective|p1a: Gothitelle\n|-damage|p1a: Gothitelle|40\/100\n|-enditem|p1a: Gothitelle|Sitrus Berry|[eat]\n|-heal|p1a: Gothitelle|65\/100|[from] item: Sitrus Berry\n|-damage|p2b: Tsareena|18\/100|[from] item: Life Orb\n|\n|t:|1683004656\n|switch|p2b: Sableye|Sableye, L50, M|41\/100|[from] U-turn\n|move|p2a: Breloom|Bullet Seed|p1a: Gothitelle\n|-damage|p1a: Gothitelle|24\/100\n|-damage|p1a: Gothitelle|0 fnt\n|faint|p1a: Gothitelle\n|-hitcount|p1: Gothitelle|2\n|move|p1b: Scream Tail|Psychic Fangs|p2b: Sableye\n|-immune|p2b: Sableye\n|\n|upkeep\n|turn|10\n|inactive|OneStrangeOnion has 30 seconds left.\n|\n|t:|1683004689\n|move|p2a: Breloom|Mach Punch|p1b: Scream Tail\n|-supereffective|p1b: Scream Tail\n|-damage|p1b: Scream Tail|0 fnt\n|faint|p1b: Scream Tail\n|-end|p1b: Scream Tail|Protosynthesis|[silent]\n|\n|win|OneStrangeOnion\n|raw|sabertooth81's rating: 1074 → 1051<\/strong> (-23 for losing)\n|raw|OneStrangeOnion's rating: 1042 → 1079<\/strong> (+37 for winning)\n|l|\u2606sabertooth81\n|l|\u2606OneStrangeOnion\n|j|\u2606OneStrangeOnion\n|player|p2|OneStrangeOnion|rosa\n","uploadtime":1683004739,"views":11,"p1id":"sabertooth81","p2id":"onestrangeonion","formatid":"gen9vgc2023regulationc","rating":1051,"private":0,"password":""}