{"id":"gen9vgc2023regulationc-1854495356","p1":"Coco4dayz","p2":"AdustTuba113400","format":"[Gen 9] VGC 2023 Regulation C","log":"|j|\u2606Coco4dayz\n|j|\u2606AdustTuba113400\n|t:|1682818354\n|gametype|doubles\n|player|p1|Coco4dayz|boarder|\n|player|p2|AdustTuba113400|hoopster|\n|teamsize|p1|6\n|teamsize|p2|6\n|gen|9\n|tier|[Gen 9] VGC 2023 Regulation C\n|rule|Species Clause: Limit one of each Pok\u00e9mon\n|rule|Item Clause: Limit one of each item\n|clearpoke\n|poke|p1|Amoonguss, L50, F|\n|poke|p1|Chien-Pao, L50|\n|poke|p1|Dragonite, L50, M|\n|poke|p1|Flutter Mane, L50|\n|poke|p1|Chi-Yu, L50|\n|poke|p1|Gastrodon-East, L50, F|\n|poke|p2|Palafin, L50, F|\n|poke|p2|Scizor, L50, M|\n|poke|p2|Pelipper, L50, F|\n|poke|p2|Dondozo, L50, M|\n|poke|p2|Tatsugiri, L50, M|\n|poke|p2|Flutter Mane, L50|\n|teampreview|4\n|inactive|Battle timer is ON: inactive players will automatically lose when time's up. (requested by Coco4dayz)\nAdustTuba113400 has agreed to open team sheets.\nCoco4dayz has agreed to open team sheets.\n|c|\u2606Coco4dayz|Glhf\n|c|\u2606AdustTuba113400|gl\n|inactive|Coco4dayz has 60 seconds left.\n|\n|t:|1682818391\n|start\n|switch|p1a: Dragonite|Dragonite, L50, M|100\/100\n|switch|p1b: Chien-Pao|Chien-Pao, L50|100\/100\n|switch|p2a: Palafin|Palafin, L50, F|100\/100\n|switch|p2b: Scizor|Scizor, L50, M|100\/100\n|-ability|p1b: Chien-Pao|Sword of Ruin\n|turn|1\n|\n|t:|1682818411\n|switch|p1b: Gastrodon|Gastrodon-East, L50, F|100\/100\n|detailschange|p2a: Palafin|Palafin-Hero, L50, F\n|switch|p2a: Pelipper|Pelipper, L50, F|100\/100\n|-weather|RainDance|[from] ability: Drizzle|[of] p2a: Pelipper\n|-terastallize|p1a: Dragonite|Normal\n|move|p1a: Dragonite|Extreme Speed|p2b: Scizor\n|-resisted|p2b: Scizor\n|-damage|p2b: Scizor|60\/100\n|move|p2b: Scizor|U-turn|p1b: Gastrodon\n|-damage|p1b: Gastrodon|67\/100\n|\n|t:|1682818426\n|switch|p2b: Dondozo|Dondozo, L50, M|100\/100|[from] U-turn\n|\n|-weather|RainDance|[upkeep]\n|-heal|p1b: Gastrodon|73\/100|[from] item: Leftovers\n|upkeep\n|turn|2\n|\n|t:|1682818450\n|-terastallize|p2b: Dondozo|Grass\n|move|p1a: Dragonite|Extreme Speed|p2b: Dondozo\n|-damage|p2b: Dondozo|68\/100\n|move|p2a: Pelipper|Hurricane|p1a: Dragonite\n|-damage|p1a: Dragonite|52\/100\n|move|p1b: Gastrodon|Clear Smog|p2b: Dondozo\n|-supereffective|p2b: Dondozo\n|-damage|p2b: Dondozo|44\/100\n|-clearboost|p2b: Dondozo\n|move|p2b: Dondozo|Tera Blast|p1b: Gastrodon\n|-supereffective|p1b: Gastrodon\n|-damage|p1b: Gastrodon|0 fnt\n|faint|p1b: Gastrodon\n|\n|-weather|RainDance|[upkeep]\n|upkeep\n|\n|t:|1682818466\n|switch|p1b: Chien-Pao|Chien-Pao, L50|100\/100\n|-ability|p1b: Chien-Pao|Sword of Ruin\n|turn|3\n|inactive|AdustTuba113400 has 30 seconds left.\n|inactive|AdustTuba113400 has 20 seconds left.\n|inactive|AdustTuba113400 has 15 seconds left.\n|\n|t:|1682818509\n|move|p1a: Dragonite|Extreme Speed|p2b: Dondozo\n|-damage|p2b: Dondozo|3\/100\n|move|p1b: Chien-Pao|Ice Spinner|p2b: Dondozo\n|-supereffective|p2b: Dondozo\n|-damage|p2b: Dondozo|0 fnt\n|faint|p2b: Dondozo\n|move|p2a: Pelipper|Icy Wind|p1a: Dragonite|[spread] p1a,p1b\n|-resisted|p1b: Chien-Pao\n|-damage|p1a: Dragonite|40\/100\n|-damage|p1b: Chien-Pao|90\/100\n|-unboost|p1a: Dragonite|spe|1\n|-unboost|p1b: Chien-Pao|spe|1\n|\n|-weather|RainDance|[upkeep]\n|upkeep\n|\n|t:|1682818521\n|switch|p2b: Scizor|Scizor, L50, M|60\/100\n|turn|4\n|inactive|Coco4dayz has 30 seconds left.\n|\n|t:|1682818547\n|move|p1b: Chien-Pao|Protect|p1b: Chien-Pao\n|-singleturn|p1b: Chien-Pao|Protect\n|move|p1a: Dragonite|Extreme Speed|p2b: Scizor\n|-resisted|p2b: Scizor\n|-damage|p2b: Scizor|0 fnt\n|faint|p2b: Scizor\n|move|p2a: Pelipper|Icy Wind|p1b: Chien-Pao|[spread] \n|-activate|p1b: Chien-Pao|move: Protect\n|-miss|p2a: Pelipper|p1a: Dragonite\n|\n|-weather|RainDance|[upkeep]\n|upkeep\n|\n|t:|1682818557\n|switch|p2b: Palafin|Palafin-Hero, L50, F|100\/100\n|-activate|p2b: Palafin|ability: Zero to Hero\n|turn|5\n|\n|t:|1682818570\n|move|p1a: Dragonite|Extreme Speed|p2b: Palafin\n|-damage|p2b: Palafin|1\/100\n|move|p1b: Chien-Pao|Sucker Punch|p2b: Palafin\n|-damage|p2b: Palafin|0 fnt\n|faint|p2b: Palafin\n|move|p2a: Pelipper|Hydro Pump|p1a: Dragonite\n|-damage|p1a: Dragonite|0 fnt\n|faint|p1a: Dragonite\n|\n|-weather|none\n|upkeep\n|inactive|Coco4dayz has 30 seconds left.\n|\n|t:|1682818596\n|switch|p1a: Chi-Yu|Chi-Yu, L50|100\/100\n|-ability|p1a: Chi-Yu|Beads of Ruin\n|turn|6\n|\n|t:|1682818614\n|move|p1a: Chi-Yu|Dark Pulse|p2a: Pelipper\n|-damage|p2a: Pelipper|12\/100\n|move|p1b: Chien-Pao|Ice Spinner|p2a: Pelipper\n|-damage|p2a: Pelipper|0 fnt\n|faint|p2a: Pelipper\n|\n|win|Coco4dayz\n|c|\u2606AdustTuba113400|gg\n|l|\u2606AdustTuba113400\n","uploadtime":1682818755,"views":11,"p1id":"coco4dayz","p2id":"adusttuba113400","formatid":"gen9vgc2023regulationc","rating":0,"private":0,"password":""}