{"id":"gen9vgc2023regulationc-1854772005","p1":"ShellRaptor556","p2":"alanfournumbers","format":"[Gen 9] VGC 2023 Regulation C","log":"|j|\u2606ShellRaptor556\n|j|\u2606alanfournumbers\n|t:|1682864054\n|gametype|doubles\n|player|p1|ShellRaptor556|caitlin|1226\n|player|p2|alanfournumbers|pokemonranger-gen4|1138\n|teamsize|p1|6\n|teamsize|p2|6\n|gen|9\n|tier|[Gen 9] VGC 2023 Regulation C\n|rated|\n|rule|Species Clause: Limit one of each Pok\u00e9mon\n|rule|Item Clause: Limit one of each item\n|clearpoke\n|poke|p1|Indeedee-F, L50, F|\n|poke|p1|Armarouge, L50, M|\n|poke|p1|Torkoal, L50, F|\n|poke|p1|Farigiraf, L50, M|\n|poke|p1|Iron Hands, L50|\n|poke|p1|Great Tusk, L50|\n|poke|p2|Raichu, L50, F|\n|poke|p2|Gyarados, L50, M|\n|poke|p2|Orthworm, L50, M|\n|poke|p2|Great Tusk, L50|\n|poke|p2|Magnezone, L50|\n|poke|p2|Mismagius, L50, M|\n|teampreview|4\n|inactive|Battle timer is ON: inactive players will automatically lose when time's up. (requested by ShellRaptor556)\nShellRaptor556 has agreed to open team sheets.\n|inactive|alanfournumbers has 60 seconds left.\n|\n|t:|1682864089\n|start\n|switch|p1a: Indeedee|Indeedee-F, L50, F|100\/100\n|switch|p1b: Armarouge|Armarouge, L50, M|100\/100\n|switch|p2a: Great Tusk|Great Tusk, L50|100\/100\n|switch|p2b: Raichu|Raichu, L50, F|100\/100\n|-fieldstart|move: Psychic Terrain|[from] ability: Psychic Surge|[of] p1a: Indeedee\n|-enditem|p1a: Indeedee|Psychic Seed\n|-boost|p1a: Indeedee|spd|1|[from] item: Psychic Seed\n|-enditem|p2a: Great Tusk|Booster Energy\n|-activate|p2a: Great Tusk|ability: Protosynthesis|[fromitem]\n|-start|p2a: Great Tusk|protosynthesisdef\n|turn|1\n|\n|t:|1682864108\n|move|p1a: Indeedee|Follow Me|p1a: Indeedee\n|-singleturn|p1a: Indeedee|move: Follow Me\n|move|p2b: Raichu|Volt Switch|p1a: Indeedee\n|-damage|p1a: Indeedee|80\/100\n|\n|t:|1682864114\n|switch|p2b: Orthworm|Orthworm, L50, M|100\/100|[from] Volt Switch\n|move|p2a: Great Tusk|Earthquake|p1b: Armarouge|[spread] p1a,p1b\n|-immune|p2b: Orthworm|[from] ability: Earth Eater\n|-supereffective|p1b: Armarouge\n|-damage|p1a: Indeedee|25\/100\n|-damage|p1b: Armarouge|27\/100\n|move|p1b: Armarouge|Trick Room|p1b: Armarouge\n|-fieldstart|move: Trick Room|[of] p1b: Armarouge\n|\n|upkeep\n|turn|2\n|inactive|ShellRaptor556 has 30 seconds left.\n|\n|t:|1682864143\n|move|p1a: Indeedee|Helping Hand|p1b: Armarouge\n|-singleturn|p1b: Armarouge|Helping Hand|[of] p1a: Indeedee\n|move|p2a: Great Tusk|Protect|p2a: Great Tusk\n|-singleturn|p2a: Great Tusk|Protect\n|move|p2b: Orthworm|Shed Tail|p2b: Orthworm\n|-start|p2b: Orthworm|Substitute|[from] move: Shed Tail\n|-damage|p2b: Orthworm|50\/100\n|\n|t:|1682864151\n|switch|p2b: Magnezone|Magnezone, L50|100\/100|[from] Shed Tail\n|move|p1b: Armarouge|Heat Wave|p2b: Magnezone|[spread] p2b\n|-activate|p2a: Great Tusk|move: Protect\n|-supereffective|p2b: Magnezone\n|-end|p2b: Magnezone|Substitute\n|\n|upkeep\n|turn|3\n|\n|t:|1682864165\n|move|p2b: Magnezone|Electroweb|p1b: Armarouge|[spread] p1a\n|-miss|p2b: Magnezone|p1b: Armarouge\n|-damage|p1a: Indeedee|11\/100\n|-unboost|p1a: Indeedee|spe|1\n|move|p1b: Armarouge|Heat Wave|p2a: Great Tusk|[spread] p2a,p2b\n|-supereffective|p2b: Magnezone\n|-damage|p2a: Great Tusk|44\/100\n|-damage|p2b: Magnezone|15\/100\n|-enditem|p2b: Magnezone|Weakness Policy\n|-boost|p2b: Magnezone|atk|2|[from] item: Weakness Policy\n|-boost|p2b: Magnezone|spa|2|[from] item: Weakness Policy\n|move|p2a: Great Tusk|Knock Off|p1b: Armarouge\n|-supereffective|p1b: Armarouge\n|-damage|p1b: Armarouge|0 fnt\n|-enditem|p1b: Armarouge|Focus Sash|[from] move: Knock Off|[of] p2a: Great Tusk\n|faint|p1b: Armarouge\n|move|p1a: Indeedee|Psychic|p2a: Great Tusk\n|-supereffective|p2a: Great Tusk\n|-damage|p2a: Great Tusk|0 fnt\n|faint|p2a: Great Tusk\n|-end|p2a: Great Tusk|Protosynthesis|[silent]\n|\n|upkeep\n|\n|t:|1682864181\n|switch|p1b: Torkoal|Torkoal, L50, F|100\/100\n|switch|p2a: Orthworm|Orthworm, L50, M|50\/100\n|-weather|SunnyDay|[from] ability: Drought|[of] p1b: Torkoal\n|turn|4\n|inactive|alanfournumbers has 30 seconds left.\n|\n|t:|1682864214\n|move|p2a: Orthworm|Protect|p2a: Orthworm\n|-singleturn|p2a: Orthworm|Protect\n|move|p1a: Indeedee|Follow Me|p1a: Indeedee\n|-singleturn|p1a: Indeedee|move: Follow Me\n|move|p1b: Torkoal|Eruption|p2a: Orthworm|[spread] p2b\n|-activate|p2a: Orthworm|move: Protect\n|-supereffective|p2b: Magnezone\n|-damage|p2b: Magnezone|0 fnt\n|faint|p2b: Magnezone\n|\n|-weather|SunnyDay|[upkeep]\n|upkeep\n|\n|t:|1682864221\n|switch|p2b: Raichu|Raichu, L50, F|100\/100\n|turn|5\n|inactive|alanfournumbers has 30 seconds left.\n|\n|t:|1682864252\n|move|p1a: Indeedee|Helping Hand|p1b: Torkoal\n|-singleturn|p1b: Torkoal|Helping Hand|[of] p1a: Indeedee\n|move|p2a: Orthworm|Protect||[still]\n|-fail|p2a: Orthworm\n|move|p1b: Torkoal|Eruption|p2a: Orthworm|[spread] p2a,p2b\n|-supereffective|p2a: Orthworm\n|-damage|p2a: Orthworm|0 fnt\n|-damage|p2b: Raichu|0 fnt\n|faint|p2a: Orthworm\n|faint|p2b: Raichu\n|\n|win|ShellRaptor556\n|raw|ShellRaptor556's rating: 1226 → 1245<\/strong> (+19 for winning)\n|raw|alanfournumbers's rating: 1138 → 1119<\/strong> (-19 for losing)\n|c|\u2606alanfournumbers|ggs\n|l|\u2606alanfournumbers\n","uploadtime":1682864273,"views":17,"p1id":"shellraptor556","p2id":"alanfournumbers","formatid":"gen9vgc2023regulationc","rating":1119,"private":0,"password":""}