{"id":"gen9vgc2023regulationc-1857131630","p1":"BIGHAXORUSFAN147","p2":"menacag","format":"[Gen 9] VGC 2023 Regulation C","log":"|j|\u2606BIGHAXORUSFAN147\n|j|\u2606menacag\n|t:|1683149036\n|gametype|doubles\n|player|p1|BIGHAXORUSFAN147|grimsley-masters|1451\n|player|p2|menacag|1|1549\n|teamsize|p1|6\n|teamsize|p2|6\n|gen|9\n|tier|[Gen 9] VGC 2023 Regulation C\n|rated|\n|rule|Species Clause: Limit one of each Pok\u00e9mon\n|rule|Item Clause: Limit one of each item\n|clearpoke\n|poke|p1|Chien-Pao, L50|\n|poke|p1|Palafin, L50, M|\n|poke|p1|Dragonite, L50, F|\n|poke|p1|Amoonguss, L50, M|\n|poke|p1|Arcanine, L50, M|\n|poke|p1|Flutter Mane, L50|\n|poke|p2|Dragapult, L50, M|\n|poke|p2|Iron Moth, L50|\n|poke|p2|Tyranitar, L50, M|\n|poke|p2|Tinkaton, L50, F|\n|poke|p2|Dragonite, L50, M|\n|poke|p2|Gastrodon, L50, M|\n|teampreview|4\nBIGHAXORUSFAN147 has agreed to open team sheets.\n|inactive|Battle timer is ON: inactive players will automatically lose when time's up. (requested by menacag)\n|inactive|BIGHAXORUSFAN147 has 60 seconds left.\n|inactive|menacag has 60 seconds left.\n|\n|t:|1683149115\n|start\n|switch|p1a: Iris|Chien-Pao, L50|100\/100\n|switch|p1b: Avery|Dragonite, L50, F, shiny|100\/100\n|switch|p2a: Tinkaton|Tinkaton, L50, F|100\/100\n|switch|p2b: Dragapult|Dragapult, L50, M, shiny|100\/100\n|-ability|p1a: Iris|Sword of Ruin\n|-ability|p2a: Tinkaton|Mold Breaker\n|turn|1\n|\n|t:|1683149136\n|-terastallize|p1b: Avery|Flying\n|move|p2a: Tinkaton|Fake Out|p1a: Iris\n|-damage|p1a: Iris|86\/100\n|cant|p1a: Iris|flinch\n|move|p2b: Dragapult|Dragon Darts|p1b: Avery\n|-damage|p1b: Avery|76\/100\n|-anim|p2b: Dragapult|Dragon Darts|p1a: Iris\n|-damage|p1a: Iris|32\/100\n|move|p1b: Avery|Tera Blast|p2b: Dragapult\n|-damage|p2b: Dragapult|0 fnt\n|faint|p2b: Dragapult\n|\n|upkeep\n|\n|t:|1683149159\n|switch|p2b: Tyranitar|Tyranitar, L50, M|100\/100\n|-weather|Sandstorm|[from] ability: Sand Stream|[of] p2b: Tyranitar\n|turn|2\n|inactive|BIGHAXORUSFAN147 has 30 seconds left.\n|\n|t:|1683149192\n|switch|p2b: Gastrodon|Gastrodon, L50, M|100\/100\n|move|p1a: Iris|Ice Spinner|p2b: Gastrodon\n|-damage|p2b: Gastrodon|52\/100\n|move|p2a: Tinkaton|Gigaton Hammer|p1a: Iris\n|-supereffective|p1a: Iris\n|-damage|p1a: Iris|0 fnt\n|faint|p1a: Iris\n|move|p1b: Avery|Iron Head|p2b: Gastrodon\n|-resisted|p2b: Gastrodon\n|-damage|p2b: Gastrodon|36\/100\n|\n|-weather|Sandstorm|[upkeep]\n|-damage|p1b: Avery|71\/100|[from] Sandstorm\n|upkeep\n|\n|t:|1683149200\n|switch|p1a: Adam|Arcanine, L50, M|100\/100\n|-ability|p1a: Adam|Intimidate|boost\n|-unboost|p2a: Tinkaton|atk|1\n|-unboost|p2b: Gastrodon|atk|1\n|turn|3\n|\n|t:|1683149217\n|move|p2b: Gastrodon|Protect|p2b: Gastrodon\n|-singleturn|p2b: Gastrodon|Protect\n|move|p1a: Adam|Flare Blitz|p2a: Tinkaton\n|-supereffective|p2a: Tinkaton\n|-enditem|p2a: Tinkaton|Occa Berry|[eat]\n|-enditem|p2a: Tinkaton|Occa Berry|[weaken]\n|-damage|p2a: Tinkaton|45\/100\n|-status|p2a: Tinkaton|brn\n|-damage|p1a: Adam|83\/100|[from] Recoil\n|move|p2a: Tinkaton|Thunder Wave|p1b: Avery\n|-status|p1b: Avery|par\n|move|p1b: Avery|Tera Blast|p2b: Gastrodon\n|-activate|p2b: Gastrodon|move: Protect\n|\n|-weather|Sandstorm|[upkeep]\n|-damage|p1b: Avery|65\/100 par|[from] Sandstorm\n|-damage|p2a: Tinkaton|39\/100 brn|[from] brn\n|upkeep\n|turn|4\n|inactive|BIGHAXORUSFAN147 has 30 seconds left.\n|\n|t:|1683149244\n|switch|p2a: Tyranitar|Tyranitar, L50, M|100\/100\n|move|p1a: Adam|Will-O-Wisp|p2b: Gastrodon\n|-status|p2b: Gastrodon|brn\n|move|p2b: Gastrodon|Recover|p2b: Gastrodon\n|-heal|p2b: Gastrodon|86\/100 brn\n|move|p1b: Avery|Tera Blast|p2b: Gastrodon\n|-damage|p2b: Gastrodon|27\/100 brn\n|\n|-weather|Sandstorm|[upkeep]\n|-damage|p1b: Avery|59\/100 par|[from] Sandstorm\n|-damage|p2b: Gastrodon|21\/100 brn|[from] brn\n|upkeep\n|turn|5\n|\n|t:|1683149264\n|switch|p2a: Tinkaton|Tinkaton, L50, F|39\/100 brn\n|-ability|p2a: Tinkaton|Mold Breaker\n|move|p1b: Avery|Extreme Speed|p2b: Gastrodon\n|-damage|p2b: Gastrodon|0 fnt\n|faint|p2b: Gastrodon\n|move|p1a: Adam|Will-O-Wisp|p2a: Tinkaton\n|-fail|p2a: Tinkaton|brn\n|\n|-weather|Sandstorm|[upkeep]\n|-damage|p1b: Avery|53\/100 par|[from] Sandstorm\n|-damage|p2a: Tinkaton|33\/100 brn|[from] brn\n|upkeep\n|\n|t:|1683149277\n|switch|p2b: Tyranitar|Tyranitar, L50, M|100\/100\n|turn|6\n|\n|t:|1683149291\n|move|p1a: Adam|Protect|p1a: Adam\n|-singleturn|p1a: Adam|Protect\n|move|p2a: Tinkaton|Fake Out|p1a: Adam\n|-activate|p1a: Adam|move: Protect\n|move|p2b: Tyranitar|Rock Slide|p1a: Adam|[spread] p1b\n|-activate|p1a: Adam|move: Protect\n|-supereffective|p1b: Avery\n|-damage|p1b: Avery|0 fnt\n|faint|p1b: Avery\n|\n|-weather|none\n|-damage|p2a: Tinkaton|27\/100 brn|[from] brn\n|upkeep\n|\n|t:|1683149302\n|switch|p1b: Celeste|Flutter Mane, L50|100\/100\n|turn|7\n|\n|t:|1683149312\n|-terastallize|p2b: Tyranitar|Flying\n|move|p1b: Celeste|Moonblast|p2a: Tinkaton\n|-resisted|p2a: Tinkaton\n|-damage|p2a: Tinkaton|0 fnt\n|faint|p2a: Tinkaton\n|move|p1a: Adam|Will-O-Wisp|p2b: Tyranitar\n|-status|p2b: Tyranitar|brn\n|move|p2b: Tyranitar|Rock Slide|p1a: Adam|[spread] p1a,p1b\n|-supereffective|p1a: Adam\n|-damage|p1a: Adam|47\/100\n|-damage|p1b: Celeste|77\/100\n|\n|-damage|p2b: Tyranitar|95\/100 brn|[from] brn\n|upkeep\n|turn|8\n|\n|t:|1683149325\n|move|p1b: Celeste|Moonblast|p2b: Tyranitar\n|-damage|p2b: Tyranitar|57\/100 brn\n|-unboost|p2b: Tyranitar|spa|1\n|move|p1a: Adam|Flare Blitz|p2b: Tyranitar\n|-damage|p2b: Tyranitar|15\/100 brn\n|-damage|p1a: Adam|32\/100|[from] Recoil\n|move|p2b: Tyranitar|Rock Slide|p1b: Celeste|[spread] p1a,p1b\n|-supereffective|p1a: Adam\n|-damage|p1a: Adam|0 fnt\n|-damage|p1b: Celeste|54\/100\n|faint|p1a: Adam\n|\n|-damage|p2b: Tyranitar|9\/100 brn|[from] brn\n|upkeep\n|turn|9\n|-message|menacag forfeited.\n|\n|win|BIGHAXORUSFAN147\n|raw|BIGHAXORUSFAN147's rating: 1451 → 1476<\/strong> (+25 for winning)\n|raw|menacag's rating: 1549 → 1524<\/strong> (-25 for losing)\n|l|\u2606menacag\n","uploadtime":1683149340,"views":6,"p1id":"bighaxorusfan147","p2id":"menacag","formatid":"gen9vgc2023regulationc","rating":1476,"private":0,"password":""}