{"id":"gen9vgc2023regulationc-1847279881","p1":"juxp","p2":"SilverrorT","format":"[Gen 9] VGC 2023 Regulation C","log":"|j|\u2606juxp\n|j|\u2606SilverrorT\n|t:|1681934213\n|gametype|doubles\n|player|p1|juxp|acetrainerf-gen4|1146\n|player|p2|SilverrorT|1|1140\n|teamsize|p1|6\n|teamsize|p2|6\n|gen|9\n|tier|[Gen 9] VGC 2023 Regulation C\n|rated|\n|rule|Species Clause: Limit one of each Pok\u00e9mon\n|rule|Item Clause: Limit one of each item\n|clearpoke\n|poke|p1|Glimmora, L50, M|\n|poke|p1|Ting-Lu, L50|\n|poke|p1|Vaporeon, L50, M|\n|poke|p1|Annihilape, L50, M|\n|poke|p1|Wo-Chien, L50|\n|poke|p1|Arcanine, L50, F|\n|poke|p2|Flutter Mane, L50|\n|poke|p2|Palafin, L50, M|\n|poke|p2|Ting-Lu, L50|\n|poke|p2|Arcanine, L50, M|\n|poke|p2|Amoonguss, L50, M|\n|poke|p2|Chien-Pao, L50|\n|teampreview|4\n|inactive|Battle timer is ON: inactive players will automatically lose when time's up. (requested by SilverrorT)\n|\n|t:|1681934276\n|start\n|switch|p1a: Annihilape|Annihilape, L50, M|100\/100\n|switch|p1b: Arcanine|Arcanine, L50, F, shiny|100\/100\n|switch|p2a: Palafin|Palafin, L50, M|100\/100\n|switch|p2b: Ting-Lu|Ting-Lu, L50|100\/100\n|-ability|p1b: Arcanine|Intimidate|boost\n|-unboost|p2a: Palafin|atk|1\n|-unboost|p2b: Ting-Lu|atk|1\n|-ability|p2b: Ting-Lu|Vessel of Ruin\n|turn|1\n|inactive|juxp has 30 seconds left.\n|\n|t:|1681934309\n|detailschange|p2a: Palafin|Palafin-Hero, L50, M\n|switch|p2a: Amoonguss|Amoonguss, L50, M|100\/100\n|move|p1a: Annihilape|Final Gambit|p2a: Amoonguss\n|-damage|p2a: Amoonguss|2\/100\n|faint|p1a: Annihilape\n|move|p1b: Arcanine|Will-O-Wisp|p2b: Ting-Lu\n|-status|p2b: Ting-Lu|brn\n|move|p2b: Ting-Lu|Fissure|p1b: Arcanine|[miss]\n|-miss|p2b: Ting-Lu|p1b: Arcanine\n|\n|-damage|p2b: Ting-Lu|94\/100 brn|[from] brn\n|upkeep\n|inactive|juxp has 30 seconds left.\n|\n|t:|1681934337\n|switch|p1a: Wo-Chien|Wo-Chien, L50|100\/100\n|-ability|p1a: Wo-Chien|Tablets of Ruin\n|turn|2\n|\n|t:|1681934352\n|switch|p2a: Palafin|Palafin-Hero, L50, M|100\/100\n|-activate|p2a: Palafin|ability: Zero to Hero\n|move|p1b: Arcanine|Snarl|p2a: Palafin|[spread] p2a,p2b\n|-resisted|p2b: Ting-Lu\n|-damage|p2a: Palafin|92\/100\n|-damage|p2b: Ting-Lu|93\/100 brn\n|-unboost|p2a: Palafin|spa|1\n|-unboost|p2b: Ting-Lu|spa|1\n|move|p1a: Wo-Chien|Leech Seed|p2b: Ting-Lu\n|-start|p2b: Ting-Lu|move: Leech Seed\n|move|p2b: Ting-Lu|Stomping Tantrum|p1b: Arcanine\n|-supereffective|p1b: Arcanine\n|-damage|p1b: Arcanine|60\/100\n|\n|-damage|p2b: Ting-Lu|81\/100 brn|[from] Leech Seed|[of] p1a: Wo-Chien\n|-damage|p2b: Ting-Lu|75\/100 brn|[from] brn\n|upkeep\n|turn|3\n|\n|t:|1681934372\n|switch|p1b: Vaporeon|Vaporeon, L50, M, shiny|100\/100\n|switch|p2b: Amoonguss|Amoonguss, L50, M|35\/100\n|-terastallize|p2a: Palafin|Water\n|move|p1a: Wo-Chien|Protect|p1a: Wo-Chien\n|-singleturn|p1a: Wo-Chien|Protect\n|move|p2a: Palafin|Jet Punch|p1b: Vaporeon\n|-immune|p1b: Vaporeon|[from] ability: Water Absorb\n|\n|upkeep\n|turn|4\n|\n|t:|1681934392\n|switch|p2a: Chien-Pao|Chien-Pao, L50|100\/100\n|-ability|p2a: Chien-Pao|Sword of Ruin\n|switch|p2b: Ting-Lu|Ting-Lu, L50|75\/100 brn\n|-ability|p2b: Ting-Lu|Vessel of Ruin\n|move|p1a: Wo-Chien|Leech Seed|p2a: Chien-Pao\n|-start|p2a: Chien-Pao|move: Leech Seed\n|move|p1b: Vaporeon|Ice Beam|p2b: Ting-Lu\n|-supereffective|p2b: Ting-Lu\n|-damage|p2b: Ting-Lu|50\/100 brn\n|\n|-damage|p2a: Chien-Pao|88\/100|[from] Leech Seed|[of] p1a: Wo-Chien\n|-damage|p2b: Ting-Lu|44\/100 brn|[from] brn\n|upkeep\n|turn|5\n|\n|t:|1681934412\n|switch|p2a: Amoonguss|Amoonguss, L50, M|68\/100\n|move|p1a: Wo-Chien|Protect|p1a: Wo-Chien\n|-singleturn|p1a: Wo-Chien|Protect\n|move|p1b: Vaporeon|Muddy Water|p2b: Ting-Lu|[spread] p2b\n|-miss|p1b: Vaporeon|p2a: Amoonguss\n|-supereffective|p2b: Ting-Lu\n|-damage|p2b: Ting-Lu|17\/100 brn\n|move|p2b: Ting-Lu|Fissure|p1a: Wo-Chien\n|-activate|p1a: Wo-Chien|move: Protect\n|\n|-damage|p2b: Ting-Lu|11\/100 brn|[from] brn\n|upkeep\n|turn|6\n|inactive|juxp has 30 seconds left.\n|inactive|juxp has 20 seconds left.\n|inactive|juxp has 15 seconds left.\n|\n|t:|1681934453\n|switch|p1b: Arcanine|Arcanine, L50, F, shiny|60\/100\n|-ability|p1b: Arcanine|Intimidate|boost\n|-unboost|p2a: Amoonguss|atk|1\n|-unboost|p2b: Ting-Lu|atk|1\n|move|p1a: Wo-Chien|Pollen Puff|p2b: Ting-Lu\n|-supereffective|p2b: Ting-Lu\n|-damage|p2b: Ting-Lu|0 fnt\n|faint|p2b: Ting-Lu\n|move|p2a: Amoonguss|Spore|p1b: Arcanine\n|-activate|p1b: Arcanine|item: Safety Goggles|Spore\n|\n|upkeep\n|\n|t:|1681934474\n|switch|p2b: Palafin|Palafin-Hero, L50, M, tera:Water|92\/100\n|turn|7\n|inactive|juxp has 30 seconds left.\n|inactive|SilverrorT has 30 seconds left.\n|inactive|juxp has 20 seconds left.\n|inactive|juxp has 15 seconds left.\n|inactive|juxp has 10 seconds left.\n|\n|t:|1681934520\n|-terastallize|p1b: Arcanine|Water\n|move|p2b: Palafin|Jet Punch|p1b: Arcanine\n|-resisted|p1b: Arcanine\n|-damage|p1b: Arcanine|34\/100\n|move|p1b: Arcanine|Flare Blitz|p2a: Amoonguss\n|-supereffective|p2a: Amoonguss\n|-damage|p2a: Amoonguss|10\/100\n|-damage|p1b: Arcanine|18\/100|[from] item: Rocky Helmet|[of] p2a: Amoonguss\n|-damage|p1b: Arcanine|0 fnt|[from] Recoil\n|faint|p1b: Arcanine\n|move|p1a: Wo-Chien|Leech Seed|p2b: Palafin\n|-start|p2b: Palafin|move: Leech Seed\n|move|p2a: Amoonguss|Pollen Puff|p1a: Wo-Chien\n|-supereffective|p1a: Wo-Chien\n|-damage|p1a: Wo-Chien|54\/100\n|\n|-heal|p1a: Wo-Chien|60\/100|[from] item: Leftovers\n|-damage|p2b: Palafin|80\/100|[from] Leech Seed|[of] p1a: Wo-Chien\n|-heal|p1a: Wo-Chien|71\/100|[silent]\n|upkeep\n|\n|t:|1681934533\n|switch|p1b: Vaporeon|Vaporeon, L50, M, shiny|100\/100\n|turn|8\n|\n|t:|1681934553\n|switch|p2a: Chien-Pao|Chien-Pao, L50|88\/100\n|-ability|p2a: Chien-Pao|Sword of Ruin\n|move|p2b: Palafin|Protect|p2b: Palafin\n|-singleturn|p2b: Palafin|Protect\n|move|p1a: Wo-Chien|Protect|p1a: Wo-Chien\n|-singleturn|p1a: Wo-Chien|Protect\n|move|p1b: Vaporeon|Ice Beam|p2a: Chien-Pao\n|-resisted|p2a: Chien-Pao\n|-damage|p2a: Chien-Pao|66\/100\n|\n|-heal|p1a: Wo-Chien|77\/100|[from] item: Leftovers\n|-damage|p2b: Palafin|68\/100|[from] Leech Seed|[of] p1a: Wo-Chien\n|-heal|p1a: Wo-Chien|88\/100|[silent]\n|upkeep\n|turn|9\n|inactive|juxp has 30 seconds left.\n|inactive|juxp has 20 seconds left.\n|inactive|juxp has 15 seconds left.\n|inactive|juxp has 10 seconds left.\n|\n|t:|1681934598\n|switch|p2b: Amoonguss|Amoonguss, L50, M|43\/100\n|move|p2a: Chien-Pao|Ice Spinner|p1a: Wo-Chien\n|-supereffective|p1a: Wo-Chien\n|-damage|p1a: Wo-Chien|2\/100\n|-damage|p2a: Chien-Pao|57\/100|[from] item: Life Orb\n|move|p1a: Wo-Chien|Leech Seed|p2a: Chien-Pao\n|-start|p2a: Chien-Pao|move: Leech Seed\n|move|p1b: Vaporeon|Ice Beam|p2a: Chien-Pao\n|-resisted|p2a: Chien-Pao\n|-damage|p2a: Chien-Pao|35\/100\n|\n|-heal|p1a: Wo-Chien|8\/100|[from] item: Leftovers\n|-damage|p2a: Chien-Pao|22\/100|[from] Leech Seed|[of] p1a: Wo-Chien\n|-heal|p1a: Wo-Chien|18\/100|[silent]\n|upkeep\n|turn|10\n|\n|t:|1681934612\n|switch|p2a: Palafin|Palafin-Hero, L50, M, tera:Water|68\/100\n|move|p1a: Wo-Chien|Protect|p1a: Wo-Chien\n|-singleturn|p1a: Wo-Chien|Protect\n|move|p1b: Vaporeon|Ice Beam|p2b: Amoonguss\n|-supereffective|p2b: Amoonguss\n|-damage|p2b: Amoonguss|1\/100\n|move|p2b: Amoonguss|Spore|p1b: Vaporeon\n|-status|p1b: Vaporeon|slp|[from] move: Spore\n|\n|-heal|p1a: Wo-Chien|24\/100|[from] item: Leftovers\n|upkeep\n|turn|11\n|\n|t:|1681934635\n|switch|p2b: Chien-Pao|Chien-Pao, L50|22\/100\n|-ability|p2b: Chien-Pao|Sword of Ruin\n|move|p2a: Palafin|Wave Crash|p1a: Wo-Chien\n|-resisted|p1a: Wo-Chien\n|-damage|p1a: Wo-Chien|0 fnt\n|faint|p1a: Wo-Chien\n|-damage|p2a: Palafin|60\/100|[from] Recoil\n|cant|p1b: Vaporeon|slp\n|\n|upkeep\n|turn|12\n|inactive|SilverrorT has 30 seconds left.\n|inactive|SilverrorT has 20 seconds left.\n|inactive|SilverrorT has 15 seconds left.\n|\n|t:|1681934675\n|switch|p2a: Amoonguss|Amoonguss, L50, M|34\/100\n|move|p2b: Chien-Pao|Sucker Punch|p1b: Vaporeon\n|-damage|p1b: Vaporeon|53\/100 slp\n|-damage|p2b: Chien-Pao|13\/100|[from] item: Life Orb\n|cant|p1b: Vaporeon|slp\n|\n|upkeep\n|turn|13\n|\n|t:|1681934697\n|move|p2a: Amoonguss|Rage Powder|p2a: Amoonguss\n|-singleturn|p2a: Amoonguss|move: Rage Powder\n|move|p2b: Chien-Pao|Sacred Sword|p1b: Vaporeon\n|-damage|p1b: Vaporeon|10\/100 slp\n|-enditem|p1b: Vaporeon|Sitrus Berry|[eat]\n|-heal|p1b: Vaporeon|35\/100 slp|[from] item: Sitrus Berry\n|-damage|p2b: Chien-Pao|3\/100|[from] item: Life Orb\n|-curestatus|p1b: Vaporeon|slp|[msg]\n|move|p1b: Vaporeon|Muddy Water|p2b: Chien-Pao|[spread] p2a,p2b\n|-resisted|p2a: Amoonguss\n|-damage|p2a: Amoonguss|21\/100\n|-damage|p2b: Chien-Pao|0 fnt\n|faint|p2b: Chien-Pao\n|\n|upkeep\n|\n|t:|1681934708\n|switch|p2b: Palafin|Palafin-Hero, L50, M, tera:Water|60\/100\n|turn|14\n|\n|t:|1681934717\n|move|p2b: Palafin|Protect|p2b: Palafin\n|-singleturn|p2b: Palafin|Protect\n|move|p1b: Vaporeon|Ice Beam|p2a: Amoonguss\n|-supereffective|p2a: Amoonguss\n|-damage|p2a: Amoonguss|0 fnt\n|faint|p2a: Amoonguss\n|\n|upkeep\n|turn|15\n|\n|t:|1681934727\n|move|p2b: Palafin|Wave Crash|p1b: Vaporeon\n|-heal|p1b: Vaporeon|60\/100|[from] ability: Water Absorb|[of] p2b: Palafin\n|move|p1b: Vaporeon|Yawn|p2b: Palafin\n|-start|p2b: Palafin|move: Yawn|[of] p1b: Vaporeon\n|\n|upkeep\n|turn|16\n|inactive|SilverrorT has 30 seconds left.\n|-message|SilverrorT forfeited.\n|\n|win|juxp\n|raw|juxp's rating: 1146 → 1171<\/strong> (+25 for winning)\n|raw|SilverrorT's rating: 1140 → 1115<\/strong> (-25 for losing)\n|l|\u2606SilverrorT\n","uploadtime":1681934766,"views":18,"p1id":"juxp","p2id":"silverrort","formatid":"gen9vgc2023regulationc","rating":1115,"private":0,"password":""}