{"id":"gen9vgc2023regulationc-1863987851","p1":"AKnight030","p2":"CbuttyVGC","format":"[Gen 9] VGC 2023 Regulation C","log":"|j|\u2606AKnight030\n|j|\u2606CbuttyVGC\n|t:|1684101781\n|gametype|doubles\n|player|p1|AKnight030|170|1083\n|player|p2|CbuttyVGC|acetrainer-gen4dp|1137\n|teamsize|p1|6\n|teamsize|p2|6\n|gen|9\n|tier|[Gen 9] VGC 2023 Regulation C\n|rated|\n|rule|Species Clause: Limit one of each Pok\u00e9mon\n|rule|Item Clause: Limit one of each item\n|clearpoke\n|poke|p1|Ting-Lu, L50|\n|poke|p1|Jumpluff, L50, F|\n|poke|p1|Dragonite, L50, F|\n|poke|p1|Flamigo, L50, M|\n|poke|p1|Dondozo, L50, F|\n|poke|p1|Tatsugiri, L50, M|\n|poke|p2|Klefki, L50, M|\n|poke|p2|Skeledirge, L50, M|\n|poke|p2|Glimmora, L50, F|\n|poke|p2|Wo-Chien, L50|\n|poke|p2|Gyarados, L50, F|\n|poke|p2|Gholdengo, L50|\n|teampreview|4\n|inactive|Battle timer is ON: inactive players will automatically lose when time's up. (requested by CbuttyVGC)\n|inactive|AKnight030 also wants the timer to be on.\n|inactive|CbuttyVGC has 60 seconds left.\n|\n|t:|1684101816\n|start\n|switch|p1a: Ting-Lu|Ting-Lu, L50|100\/100\n|switch|p1b: Jumpluff|Jumpluff, L50, F|100\/100\n|switch|p2a: Klefki|Klefki, L50, M|100\/100\n|switch|p2b: Glimmora|Glimmora, L50, F|100\/100\n|-ability|p1a: Ting-Lu|Vessel of Ruin\n|turn|1\n|\n|t:|1684101827\n|move|p2a: Klefki|Reflect|p2a: Klefki\n|-sidestart|p2: CbuttyVGC|Reflect\n|move|p1b: Jumpluff|Absorb|p1a: Ting-Lu\n|-supereffective|p1a: Ting-Lu\n|-damage|p1a: Ting-Lu|94\/100\n|-enditem|p1a: Ting-Lu|Weakness Policy\n|-boost|p1a: Ting-Lu|atk|2|[from] item: Weakness Policy\n|-boost|p1a: Ting-Lu|spa|2|[from] item: Weakness Policy\n|move|p2b: Glimmora|Mortal Spin|p1a: Ting-Lu|[spread] p1a,p1b\n|-resisted|p1a: Ting-Lu\n|-supereffective|p1b: Jumpluff\n|-damage|p1a: Ting-Lu|92\/100\n|-damage|p1b: Jumpluff|90\/100\n|-status|p1a: Ting-Lu|psn\n|-status|p1b: Jumpluff|psn\n|move|p1a: Ting-Lu|Earthquake|p2b: Glimmora|[spread] p2a,p2b\n|-immune|p1b: Jumpluff\n|-supereffective|p2a: Klefki\n|-supereffective|p2b: Glimmora\n|-damage|p2a: Klefki|0 fnt\n|-damage|p2b: Glimmora|0 fnt\n|faint|p2a: Klefki\n|faint|p2b: Glimmora\n|\n|-damage|p1b: Jumpluff|77\/100 psn|[from] psn\n|-damage|p1a: Ting-Lu|80\/100 psn|[from] psn\n|upkeep\n|c|\u2606CbuttyVGC|WHAT THE FUCK\n|inactive|CbuttyVGC has 30 seconds left.\n|c|\u2606AKnight030|cool strat right?\n|inactive|CbuttyVGC has 20 seconds left.\n|inactive|CbuttyVGC has 15 seconds left.\n|inactive|CbuttyVGC has 10 seconds left.\n|inactive|CbuttyVGC has 5 seconds left.\n|c|\u2606AKnight030|gg\n|\n|t:|1684101879\n|switch|p2b: Gyarados|Gyarados, L50, F|100\/100\n|switch|p2a: Skeledirge|Skeledirge, L50, M|100\/100\n|-ability|p2b: Gyarados|Intimidate|boost\n|-unboost|p1a: Ting-Lu|atk|1\n|-unboost|p1b: Jumpluff|atk|1\n|turn|2\n|\n|t:|1684101892\n|-terastallize|p2a: Skeledirge|Grass\n|move|p1b: Jumpluff|Pollen Puff|p1a: Ting-Lu\n|-heal|p1a: Ting-Lu|100\/100 psn\n|move|p2b: Gyarados|Waterfall|p1a: Ting-Lu\n|-supereffective|p1a: Ting-Lu\n|-damage|p1a: Ting-Lu|50\/100 psn\n|move|p2a: Skeledirge|Torch Song|p1b: Jumpluff\n|-supereffective|p1b: Jumpluff\n|-damage|p1b: Jumpluff|21\/100 psn\n|-boost|p2a: Skeledirge|spa|1\n|move|p1a: Ting-Lu|Earthquake|p2a: Skeledirge|[spread] p2a\n|-immune|p1b: Jumpluff\n|-immune|p2b: Gyarados\n|-resisted|p2a: Skeledirge\n|-damage|p2a: Skeledirge|89\/100\n|\n|-heal|p2a: Skeledirge|96\/100|[from] item: Leftovers\n|-damage|p1b: Jumpluff|9\/100 psn|[from] psn\n|-damage|p1a: Ting-Lu|38\/100 psn|[from] psn\n|upkeep\n|turn|3\n|inactive|AKnight030 has 30 seconds left.\n|inactive|CbuttyVGC has 30 seconds left.\n|c|\u2606CbuttyVGC|Unaware goes crazy\n|inactive|AKnight030 has 20 seconds left.\n|inactive|CbuttyVGC has 20 seconds left.\n|inactive|AKnight030 has 15 seconds left.\n|inactive|AKnight030 has 10 seconds left.\n|\n|t:|1684101942\n|move|p1b: Jumpluff|Rage Powder|p1b: Jumpluff\n|-singleturn|p1b: Jumpluff|move: Rage Powder\n|move|p2b: Gyarados|Waterfall|p1a: Ting-Lu\n|-supereffective|p1a: Ting-Lu\n|-damage|p1a: Ting-Lu|0 fnt\n|faint|p1a: Ting-Lu\n|move|p2a: Skeledirge|Torch Song|p1b: Jumpluff\n|-supereffective|p1b: Jumpluff\n|-damage|p1b: Jumpluff|0 fnt\n|-boost|p2a: Skeledirge|spa|1\n|faint|p1b: Jumpluff\n|\n|-heal|p2a: Skeledirge|100\/100|[from] item: Leftovers\n|upkeep\n|\n|t:|1684101953\n|switch|p1b: Tatsugiri|Tatsugiri, L50, M|100\/100\n|switch|p1a: Dondozo|Dondozo, L50, F|100\/100\n|-activate|p1b: Tatsugiri|ability: Commander|[of] p1a: Dondozo\n|-boost|p1a: Dondozo|atk|2\n|-boost|p1a: Dondozo|spa|2\n|-boost|p1a: Dondozo|spe|2\n|-boost|p1a: Dondozo|def|2\n|-boost|p1a: Dondozo|spd|2\n|turn|4\n|\n|t:|1684101976\n|-terastallize|p1a: Dondozo|Fire\n|move|p2b: Gyarados|Waterfall|p1a: Dondozo\n|-supereffective|p1a: Dondozo\n|-damage|p1a: Dondozo|79\/100\n|move|p1a: Dondozo|Tera Blast|p2a: Skeledirge\n|-supereffective|p2a: Skeledirge\n|-damage|p2a: Skeledirge|67\/100\n|move|p2a: Skeledirge|Torch Song|p1a: Dondozo\n|-resisted|p1a: Dondozo\n|-damage|p1a: Dondozo|63\/100\n|-boost|p2a: Skeledirge|spa|1\n|\n|-heal|p1a: Dondozo|69\/100|[from] item: Leftovers\n|-heal|p2a: Skeledirge|74\/100|[from] item: Leftovers\n|upkeep\n|turn|5\n|c|\u2606CbuttyVGC|What in god's green shit\n|\n|t:|1684101996\n|move|p2b: Gyarados|Waterfall|p1a: Dondozo\n|-supereffective|p1a: Dondozo\n|-damage|p1a: Dondozo|48\/100\n|move|p1a: Dondozo|Tera Blast|p2a: Skeledirge\n|-supereffective|p2a: Skeledirge\n|-damage|p2a: Skeledirge|42\/100\n|move|p2a: Skeledirge|Slack Off|p2a: Skeledirge\n|-heal|p2a: Skeledirge|92\/100\n|\n|-heal|p1a: Dondozo|55\/100|[from] item: Leftovers\n|-heal|p2a: Skeledirge|99\/100|[from] item: Leftovers\n|upkeep\n|turn|6\n|\n|t:|1684102009\n|move|p2b: Gyarados|Waterfall|p1a: Dondozo\n|-supereffective|p1a: Dondozo\n|-damage|p1a: Dondozo|34\/100\n|move|p1a: Dondozo|Tera Blast|p2a: Skeledirge\n|-supereffective|p2a: Skeledirge\n|-damage|p2a: Skeledirge|68\/100\n|move|p2a: Skeledirge|Hex|p1a: Dondozo\n|-damage|p1a: Dondozo|5\/100\n|\n|-heal|p1a: Dondozo|11\/100|[from] item: Leftovers\n|-heal|p2a: Skeledirge|74\/100|[from] item: Leftovers\n|upkeep\n|turn|7\n|\n|t:|1684102022\n|move|p2b: Gyarados|Waterfall|p1a: Dondozo\n|-supereffective|p1a: Dondozo\n|-damage|p1a: Dondozo|0 fnt\n|faint|p1a: Dondozo\n|move|p2a: Skeledirge|Hex|p1b: Tatsugiri\n|-damage|p1b: Tatsugiri|4\/100\n|-enditem|p1b: Tatsugiri|Iapapa Berry|[eat]\n|-heal|p1b: Tatsugiri|37\/100|[from] item: Iapapa Berry\n|\n|-heal|p2a: Skeledirge|80\/100|[from] item: Leftovers\n|upkeep\n|turn|8\n|c|\u2606CbuttyVGC|Gg\n|-message|AKnight030 forfeited.\n|\n|win|CbuttyVGC\n|raw|AKnight030's rating: 1083 → 1064<\/strong> (-19 for losing)\n|raw|CbuttyVGC's rating: 1137 → 1158<\/strong> (+21 for winning)\n|l|\u2606AKnight030\n|l|\u2606CbuttyVGC\n|j|\u2606CbuttyVGC\n|player|p2|CbuttyVGC|acetrainer-gen4dp\n","uploadtime":1684102071,"views":13,"p1id":"aknight030","p2id":"cbuttyvgc","formatid":"gen9vgc2023regulationc","rating":1064,"private":0,"password":""}