{"id":"gen9vgc2023regulationc-1860500278","p1":"ramxcore","p2":"MrEggPie","format":"[Gen 9] VGC 2023 Regulation C","log":"|j|\u2606ramxcore\n|j|\u2606MrEggPie\n|t:|1683649557\n|gametype|doubles\n|player|p1|ramxcore|101|\n|player|p2|MrEggPie|aromalady|\n|teamsize|p1|6\n|teamsize|p2|6\n|gen|9\n|tier|[Gen 9] VGC 2023 Regulation C\n|rule|Species Clause: Limit one of each Pok\u00e9mon\n|rule|Item Clause: Limit one of each item\n|clearpoke\n|poke|p1|Gholdengo, L50|\n|poke|p1|Dondozo, L50, M|\n|poke|p1|Wo-Chien, L50|\n|poke|p1|Chien-Pao, L50|\n|poke|p1|Arcanine, L50, M|\n|poke|p1|Tatsugiri, L50, M|\n|poke|p2|Indeedee-F, L50, F|\n|poke|p2|Hawlucha, L50, F|\n|poke|p2|Flutter Mane, L50|\n|poke|p2|Arcanine, L50, F|\n|poke|p2|Sandy Shocks, L50|\n|poke|p2|Tyranitar, L50, M|\n|teampreview|4\n|inactive|Battle timer is ON: inactive players will automatically lose when time's up. (requested by MrEggPie)\nMrEggPie has agreed to open team sheets.\n|inactive|ramxcore has 60 seconds left.\n|inactive|MrEggPie has 60 seconds left.\nramxcore has agreed to open team sheets.\n|inactive|MrEggPie has 30 seconds left.\n|inactive|MrEggPie has 20 seconds left.\n|\n|t:|1683649668\n|start\n|switch|p1a: Dondozo|Dondozo, L50, M|100\/100\n|switch|p1b: Gholdengo|Gholdengo, L50|100\/100\n|switch|p2a: Indeedee|Indeedee-F, L50, F|100\/100\n|switch|p2b: Sandy Shocks|Sandy Shocks, L50|100\/100\n|-fieldstart|move: Psychic Terrain|[from] ability: Psychic Surge|[of] p2a: Indeedee\n|turn|1\n|inactive|ramxcore has 30 seconds left.\n|inactive|MrEggPie has 30 seconds left.\n|inactive|ramxcore has 20 seconds left.\n|inactive|MrEggPie has 20 seconds left.\n|inactive|ramxcore has 15 seconds left.\n|\n|t:|1683649712\n|switch|p1b: Tatsugiri|Tatsugiri, L50, M|100\/100\n|-activate|p1b: Tatsugiri|ability: Commander|[of] p1a: Dondozo\n|-boost|p1a: Dondozo|atk|2\n|-boost|p1a: Dondozo|spa|2\n|-boost|p1a: Dondozo|spe|2\n|-boost|p1a: Dondozo|def|2\n|-boost|p1a: Dondozo|spd|2\n|move|p2a: Indeedee|Follow Me|p2a: Indeedee\n|-singleturn|p2a: Indeedee|move: Follow Me\n|move|p2b: Sandy Shocks|Thunderbolt|p1a: Dondozo\n|-supereffective|p1a: Dondozo\n|-damage|p1a: Dondozo|51\/100\n|-damage|p2b: Sandy Shocks|91\/100|[from] item: Life Orb\n|move|p1a: Dondozo|Rock Slide|p2a: Indeedee|[spread] p2a,p2b\n|-resisted|p2b: Sandy Shocks\n|-damage|p2a: Indeedee|59\/100\n|-damage|p2b: Sandy Shocks|64\/100\n|-damage|p1a: Dondozo|41\/100|[from] item: Life Orb\n|\n|upkeep\n|turn|2\n|\n|t:|1683649730\n|move|p2a: Indeedee|Protect|p2a: Indeedee\n|-singleturn|p2a: Indeedee|Protect\n|move|p2b: Sandy Shocks|Thunderbolt|p1a: Dondozo\n|-supereffective|p1a: Dondozo\n|-crit|p1a: Dondozo\n|-damage|p1a: Dondozo|0 fnt\n|faint|p1a: Dondozo\n|-damage|p2b: Sandy Shocks|55\/100|[from] item: Life Orb\n|\n|upkeep\n|\n|t:|1683649750\n|switch|p1a: Gholdengo|Gholdengo, L50|100\/100\n|turn|3\n|inactive|MrEggPie has 30 seconds left.\n|\n|t:|1683649783\n|-terastallize|p1a: Gholdengo|Steel\n|move|p2b: Sandy Shocks|Protect|p2b: Sandy Shocks\n|-singleturn|p2b: Sandy Shocks|Protect\n|move|p1b: Tatsugiri|Icy Wind|p2a: Indeedee|[spread] p2a\n|-activate|p2b: Sandy Shocks|move: Protect\n|-damage|p2a: Indeedee|45\/100\n|-unboost|p2a: Indeedee|spe|1\n|move|p1a: Gholdengo|Make It Rain|p2b: Sandy Shocks|[spread] p2a\n|-activate|p2b: Sandy Shocks|move: Protect\n|-damage|p2a: Indeedee|0 fnt\n|-unboost|p1a: Gholdengo|spa|1\n|faint|p2a: Indeedee\n|\n|upkeep\n|\n|t:|1683649799\n|switch|p2a: Hawlucha|Hawlucha, L50, F|100\/100\n|-enditem|p2a: Hawlucha|Psychic Seed\n|-boost|p2a: Hawlucha|spd|1|[from] item: Psychic Seed\n|turn|4\n|inactive|MrEggPie has 30 seconds left.\n|\n|t:|1683649828\n|-terastallize|p2a: Hawlucha|Fire\n|move|p2a: Hawlucha|Acrobatics|p1b: Tatsugiri\n|-damage|p1b: Tatsugiri|3\/100\n|move|p1b: Tatsugiri|Icy Wind|p2a: Hawlucha|[spread] p2a,p2b\n|-resisted|p2a: Hawlucha\n|-supereffective|p2b: Sandy Shocks\n|-damage|p2a: Hawlucha|93\/100\n|-damage|p2b: Sandy Shocks|21\/100\n|-unboost|p2a: Hawlucha|spe|1\n|-unboost|p2b: Sandy Shocks|spe|1\n|move|p1a: Gholdengo|Make It Rain|p2b: Sandy Shocks|[spread] p2a,p2b\n|-resisted|p2a: Hawlucha\n|-resisted|p2b: Sandy Shocks\n|-damage|p2a: Hawlucha|57\/100\n|-damage|p2b: Sandy Shocks|0 fnt\n|-unboost|p1a: Gholdengo|spa|1\n|faint|p2b: Sandy Shocks\n|-end|p2b: Sandy Shocks|Protosynthesis|[silent]\n|\n|upkeep\n|\n|t:|1683649844\n|switch|p2b: Arcanine|Arcanine, L50, F|100\/100\n|-ability|p2b: Arcanine|Intimidate|boost\n|-unboost|p1a: Gholdengo|atk|1\n|-unboost|p1b: Tatsugiri|atk|1\n|turn|5\n|\n|t:|1683649859\n|switch|p1a: Chien-Pao|Chien-Pao, L50|100\/100\n|-ability|p1a: Chien-Pao|Sword of Ruin\n|move|p2b: Arcanine|Extreme Speed|p1b: Tatsugiri\n|-activate|p1b: Tatsugiri|move: Psychic Terrain\n|move|p2a: Hawlucha|Close Combat|p1a: Chien-Pao\n|-supereffective|p1a: Chien-Pao\n|-enditem|p1a: Chien-Pao|Focus Sash\n|-damage|p1a: Chien-Pao|1\/100\n|-unboost|p2a: Hawlucha|def|1\n|-unboost|p2a: Hawlucha|spd|1\n|move|p1b: Tatsugiri|Icy Wind|p2a: Hawlucha|[spread] p2b\n|-miss|p1b: Tatsugiri|p2a: Hawlucha\n|-resisted|p2b: Arcanine\n|-damage|p2b: Arcanine|94\/100\n|-unboost|p2b: Arcanine|spe|1\n|\n|-fieldend|move: Psychic Terrain\n|upkeep\n|turn|6\n|\n|t:|1683649880\n|move|p2b: Arcanine|Extreme Speed|p1a: Chien-Pao\n|-damage|p1a: Chien-Pao|0 fnt\n|faint|p1a: Chien-Pao\n|move|p2a: Hawlucha|Acrobatics|p1b: Tatsugiri\n|-damage|p1b: Tatsugiri|0 fnt\n|faint|p1b: Tatsugiri\n|\n|upkeep\n|\n|t:|1683649886\n|switch|p1b: Gholdengo|Gholdengo, L50, tera:Steel|100\/100\n|turn|7\n|\n|t:|1683649892\n|move|p2a: Hawlucha|Close Combat|p1b: Gholdengo\n|-supereffective|p1b: Gholdengo\n|-damage|p1b: Gholdengo|0 fnt\n|-unboost|p2a: Hawlucha|def|1\n|-unboost|p2a: Hawlucha|spd|1\n|faint|p1b: Gholdengo\n|\n|win|MrEggPie\n","uploadtime":1683649898,"views":6,"p1id":"ramxcore","p2id":"mreggpie","formatid":"gen9vgc2023regulationc","rating":0,"private":0,"password":""}