{"id":"gen9vgc2023regulationc-1857192231","p1":"Holesomechungis100","p2":"Hikawari","format":"[Gen 9] VGC 2023 Regulation C","log":"|j|\u2606Holesomechungis100\n|j|\u2606Hikawari\n|t:|1683156177\n|gametype|doubles\n|player|p1|Holesomechungis100|ingo|1519\n|player|p2|Hikawari|102|1501\n|teamsize|p1|6\n|teamsize|p2|6\n|gen|9\n|tier|[Gen 9] VGC 2023 Regulation C\n|rated|\n|rule|Species Clause: Limit one of each Pok\u00e9mon\n|rule|Item Clause: Limit one of each item\n|clearpoke\n|poke|p1|Zoroark, L50, F|\n|poke|p1|Chien-Pao, L50|\n|poke|p1|Azumarill, L50, F|\n|poke|p1|Sableye, L50, M|\n|poke|p1|Flamigo, L50, M|\n|poke|p1|Indeedee-F, L50, F|\n|poke|p2|Amoonguss, L50, F|\n|poke|p2|Baxcalibur, L50, M|\n|poke|p2|Corviknight, L50, F|\n|poke|p2|Glimmora, L50, F|\n|poke|p2|Rotom-Wash, L50|\n|poke|p2|Gholdengo, L50|\n|teampreview|4\n|inactive|Battle timer is ON: inactive players will automatically lose when time's up. (requested by Holesomechungis100)\nHikawari has agreed to open team sheets.\n|\n|t:|1683156208\n|start\n|switch|p1a: Chungu|Azumarill, L50, F|100\/100\n|switch|p1b: Indeedee|Indeedee-F, L50, F|100\/100\n|switch|p2a: Glimmora|Glimmora, L50, F|100\/100\n|switch|p2b: Amoonguss|Amoonguss, L50, F|100\/100\n|turn|1\n|inactive|Hikawari has 30 seconds left.\n|inactive|Hikawari has 20 seconds left.\n|\n|t:|1683156245\n|-terastallize|p2a: Glimmora|Grass\n|move|p1b: Indeedee|Follow Me|p1b: Indeedee\n|-singleturn|p1b: Indeedee|move: Follow Me\n|move|p2a: Glimmora|Energy Ball|p1b: Indeedee\n|-damage|p1b: Indeedee|49\/100\n|move|p1a: Chungu|Belly Drum|p1a: Chungu\n|-damage|p1a: Chungu|50\/100\n|-setboost|p1a: Chungu|atk|6|[from] move: Belly Drum\n|-enditem|p1a: Chungu|Sitrus Berry|[eat]\n|-heal|p1a: Chungu|75\/100|[from] item: Sitrus Berry\n|move|p2b: Amoonguss|Spore|p1b: Indeedee\n|-activate|p1b: Indeedee|item: Safety Goggles|Spore\n|\n|upkeep\n|turn|2\n|\n|t:|1683156265\n|move|p1b: Indeedee|Follow Me|p1b: Indeedee\n|-singleturn|p1b: Indeedee|move: Follow Me\n|move|p2a: Glimmora|Energy Ball|p1b: Indeedee\n|-damage|p1b: Indeedee|1\/100\n|move|p1a: Chungu|Ice Spinner|p2a: Glimmora\n|-supereffective|p2a: Glimmora\n|-enditem|p2a: Glimmora|Focus Sash\n|-damage|p2a: Glimmora|1\/100\n|-activate|p2a: Glimmora|ability: Toxic Debris\n|-sidestart|p1: Holesomechungis100|move: Toxic Spikes\n|move|p2b: Amoonguss|Spore|p1b: Indeedee\n|-activate|p1b: Indeedee|item: Safety Goggles|Spore\n|\n|upkeep\n|turn|3\n|\n|t:|1683156280\n|move|p1b: Indeedee|Follow Me|p1b: Indeedee\n|-singleturn|p1b: Indeedee|move: Follow Me\n|move|p2b: Amoonguss|Rage Powder|p2b: Amoonguss\n|-singleturn|p2b: Amoonguss|move: Rage Powder\n|move|p2a: Glimmora|Mortal Spin|p1a: Chungu|[spread] p1a,p1b\n|-supereffective|p1a: Chungu\n|-damage|p1a: Chungu|67\/100\n|-damage|p1b: Indeedee|0 fnt\n|-status|p1a: Chungu|psn\n|faint|p1b: Indeedee\n|move|p1a: Chungu|Ice Spinner|p2b: Amoonguss\n|-supereffective|p2b: Amoonguss\n|-damage|p2b: Amoonguss|0 fnt\n|-damage|p1a: Chungu|50\/100 psn|[from] item: Rocky Helmet|[of] p2b: Amoonguss\n|faint|p2b: Amoonguss\n|\n|-damage|p1a: Chungu|38\/100 psn|[from] psn\n|upkeep\n|\n|t:|1683156295\n|switch|p1b: Round two|Flamigo, L50, M|100\/100\n|switch|p2b: Gholdengo|Gholdengo, L50|100\/100\n|-copyboost|p1b: Round two|p1a: Chungu|[from] ability: Costar\n|turn|4\n|\n|t:|1683156306\n|-terastallize|p1b: Round two|Normal\n|move|p1b: Round two|Feint|p2a: Glimmora\n|-damage|p2a: Glimmora|0 fnt\n|-activate|p2a: Glimmora|ability: Toxic Debris\n|-sidestart|p1: Holesomechungis100|move: Toxic Spikes\n|faint|p2a: Glimmora\n|move|p1a: Chungu|Aqua Jet|p2b: Gholdengo\n|-damage|p2b: Gholdengo|9\/100\n|-enditem|p2b: Gholdengo|Sitrus Berry|[eat]\n|-heal|p2b: Gholdengo|33\/100|[from] item: Sitrus Berry\n|move|p2b: Gholdengo|Make It Rain|p1b: Round two|[spread] p1a,p1b\n|-damage|p1a: Chungu|0 fnt\n|-damage|p1b: Round two|22\/100\n|-unboost|p2b: Gholdengo|spa|1\n|faint|p1a: Chungu\n|\n|upkeep\n|\n|t:|1683156324\n|switch|p2a: Corviknight|Corviknight, L50, F|100\/100\n|switch|p1a: Piao piao|Chien-Pao, L50|100\/100\n|-status|p1a: Piao piao|tox\n|-ability|p1a: Piao piao|Sword of Ruin\n|turn|5\n|\n|t:|1683156335\n|move|p2b: Gholdengo|Protect|p2b: Gholdengo\n|-singleturn|p2b: Gholdengo|Protect\n|move|p1b: Round two|Feint|p2a: Corviknight\n|-resisted|p2a: Corviknight\n|-damage|p2a: Corviknight|62\/100\n|move|p1a: Piao piao|Sucker Punch||[still]\n|-fail|p1a: Piao piao\n|move|p2a: Corviknight|Body Press|p1b: Round two\n|-supereffective|p1b: Round two\n|-damage|p1b: Round two|0 fnt\n|faint|p1b: Round two\n|\n|-heal|p2a: Corviknight|68\/100|[from] item: Leftovers\n|-damage|p1a: Piao piao|95\/100 tox|[from] psn\n|upkeep\n|turn|6\n|\n|t:|1683156349\n|move|p1a: Piao piao|Sucker Punch|p2b: Gholdengo\n|-supereffective|p2b: Gholdengo\n|-damage|p2b: Gholdengo|0 fnt\n|faint|p2b: Gholdengo\n|move|p2a: Corviknight|Body Press|p1a: Piao piao\n|-supereffective|p1a: Piao piao\n|-damage|p1a: Piao piao|0 fnt\n|faint|p1a: Piao piao\n|\n|win|Hikawari\n|raw|Holesomechungis100's rating: 1519 → 1498<\/strong> (-21 for losing)\n|raw|Hikawari's rating: 1501 → 1522<\/strong> (+21 for winning)\n|l|\u2606Holesomechungis100\n","uploadtime":1683156359,"views":11,"p1id":"holesomechungis100","p2id":"hikawari","formatid":"gen9vgc2023regulationc","rating":1498,"private":0,"password":""}