{"id":"gen9vgc2023regulationc-1862416743","p1":"pisngga","p2":"haha you rage quit","format":"[Gen 9] VGC 2023 Regulation C","log":"|j|\u2606pisngga\n|j|\u2606haha you rage quit\n|t:|1683882608\n|gametype|doubles\n|player|p1|pisngga|101|1026\n|player|p2|haha you rage quit|pokemaniac|1110\n|teamsize|p1|6\n|teamsize|p2|6\n|gen|9\n|tier|[Gen 9] VGC 2023 Regulation C\n|rated|\n|rule|Species Clause: Limit one of each Pok\u00e9mon\n|rule|Item Clause: Limit one of each item\n|clearpoke\n|poke|p1|Hatterene, L50, F|\n|poke|p1|Slowbro, L50, F|\n|poke|p1|Tsareena, L50, F|\n|poke|p1|Iron Hands, L50|\n|poke|p1|Ting-Lu, L50|\n|poke|p1|Armarouge, L50, F|\n|poke|p2|Hatterene, L50, F|\n|poke|p2|Armarouge, L50, M|\n|poke|p2|Indeedee-F, L50, F|\n|poke|p2|Torkoal, L50, M|\n|poke|p2|Kingambit, L50, M|\n|poke|p2|Annihilape, L50, M|\n|teampreview|4\n|inactive|Battle timer is ON: inactive players will automatically lose when time's up. (requested by haha you rage quit)\n|\n|t:|1683882655\n|start\n|switch|p1a: Iron Hands|Iron Hands, L50|100\/100\n|switch|p1b: Slowbro|Slowbro, L50, F|100\/100\n|switch|p2a: Indeedee|Indeedee-F, L50, F, shiny|100\/100\n|switch|p2b: Annihilape|Annihilape, L50, M|100\/100\n|-fieldstart|move: Psychic Terrain|[from] ability: Psychic Surge|[of] p2a: Indeedee\n|-enditem|p2a: Indeedee|Psychic Seed\n|-boost|p2a: Indeedee|spd|1|[from] item: Psychic Seed\n|-enditem|p1a: Iron Hands|Booster Energy\n|-activate|p1a: Iron Hands|ability: Quark Drive|[fromitem]\n|-start|p1a: Iron Hands|quarkdriveatk\n|turn|1\n|inactive|pisngga has 30 seconds left.\n|\n|t:|1683882683\n|move|p2b: Annihilape|Final Gambit|p1a: Iron Hands\n|-damage|p1a: Iron Hands|11\/100\n|faint|p2b: Annihilape\n|move|p2a: Indeedee|Dazzling Gleam|p1b: Slowbro|[spread] p1a,p1b\n|-supereffective|p1a: Iron Hands\n|-crit|p1b: Slowbro\n|-damage|p1a: Iron Hands|0 fnt\n|-damage|p1b: Slowbro|83\/100\n|faint|p1a: Iron Hands\n|-end|p1a: Iron Hands|Quark Drive|[silent]\n|move|p1b: Slowbro|Yawn|p2a: Indeedee\n|-start|p2a: Indeedee|move: Yawn|[of] p1b: Slowbro\n|\n|upkeep\n|\n|t:|1683882701\n|switch|p2b: Kingambit|Kingambit, L50, M, shiny|100\/100\n|switch|p1a: Ting-Lu|Ting-Lu, L50|100\/100\n|-ability|p1a: Ting-Lu|Vessel of Ruin\n|turn|2\n|\n|t:|1683882725\n|-terastallize|p1a: Ting-Lu|Poison\n|-terastallize|p2b: Kingambit|Flying\n|move|p1a: Ting-Lu|Body Press|p2b: Kingambit\n|-resisted|p2b: Kingambit\n|-damage|p2b: Kingambit|92\/100\n|move|p1b: Slowbro|Yawn|p2b: Kingambit\n|-start|p2b: Kingambit|move: Yawn|[of] p1b: Slowbro\n|move|p2b: Kingambit|Swords Dance|p2b: Kingambit\n|-boost|p2b: Kingambit|atk|2\n|move|p2a: Indeedee|Trick Room|p2a: Indeedee\n|-fieldstart|move: Trick Room|[of] p2a: Indeedee\n|\n|-end|p2a: Indeedee|move: Yawn|[silent]\n|-status|p2a: Indeedee|slp\n|upkeep\n|turn|3\n|inactive|haha you rage quit has 30 seconds left.\n|inactive|haha you rage quit has 20 seconds left.\n|inactive|haha you rage quit has 15 seconds left.\n|\n|t:|1683882770\n|cant|p2a: Indeedee|slp\n|move|p2b: Kingambit|Kowtow Cleave|p1a: Ting-Lu\n|-damage|p1a: Ting-Lu|43\/100\n|move|p1b: Slowbro|Ice Beam|p2b: Kingambit\n|-supereffective|p2b: Kingambit\n|-damage|p2b: Kingambit|55\/100\n|move|p1a: Ting-Lu|Ruination|p2b: Kingambit\n|-damage|p2b: Kingambit|28\/100\n|\n|-end|p2b: Kingambit|move: Yawn|[silent]\n|-status|p2b: Kingambit|slp\n|-enditem|p2b: Kingambit|Lum Berry|[eat]\n|-curestatus|p2b: Kingambit|slp|[msg]\n|upkeep\n|turn|4\n|inactive|pisngga has 30 seconds left.\n|inactive|haha you rage quit has 30 seconds left.\n|\n|t:|1683882808\n|move|p2b: Kingambit|Kowtow Cleave|p1b: Slowbro\n|-supereffective|p1b: Slowbro\n|-damage|p1b: Slowbro|0 fnt\n|faint|p1b: Slowbro\n|move|p1a: Ting-Lu|Heavy Slam|p2b: Kingambit\n|-damage|p2b: Kingambit|0 fnt\n|faint|p2b: Kingambit\n|-curestatus|p2a: Indeedee|slp|[msg]\n|move|p2a: Indeedee|Dazzling Gleam|p1a: Ting-Lu\n|-resisted|p1a: Ting-Lu\n|-damage|p1a: Ting-Lu|40\/100\n|\n|upkeep\n|\n|t:|1683882820\n|switch|p2b: Torkoal|Torkoal, L50, M|100\/100\n|switch|p1b: Tsareena|Tsareena, L50, F|100\/100\n|-weather|SunnyDay|[from] ability: Drought|[of] p2b: Torkoal\n|turn|5\n|\n|t:|1683882834\n|move|p2a: Indeedee|Helping Hand|p2b: Torkoal\n|-singleturn|p2b: Torkoal|Helping Hand|[of] p2a: Indeedee\n|move|p1b: Tsareena|Protect|p1b: Tsareena\n|-singleturn|p1b: Tsareena|Protect\n|move|p2b: Torkoal|Eruption|p1b: Tsareena|[spread] p1a\n|-activate|p1b: Tsareena|move: Protect\n|-damage|p1a: Ting-Lu|0 fnt\n|faint|p1a: Ting-Lu\n|\n|-weather|SunnyDay|[upkeep]\n|-fieldend|move: Psychic Terrain\n|upkeep\n|turn|6\n|-message|pisngga forfeited.\n|\n|win|haha you rage quit\n|raw|pisngga's rating: 1026 → 1015<\/strong> (-11 for losing)\n|raw|haha you rage quit's rating: 1110 → 1129<\/strong> (+19 for winning)\n|l|\u2606pisngga\n","uploadtime":1683882860,"views":9,"p1id":"pisngga","p2id":"hahayouragequit","formatid":"gen9vgc2023regulationc","rating":1015,"private":0,"password":""}