{"id":"gen9vgc2023regulationc-1864215423","p1":"knowking Trump","p2":"Fastjon4444","format":"[Gen 9] VGC 2023 Regulation C","log":"|j|\u2606knowking Trump\n|j|\u2606Fastjon4444\n|t:|1684138326\n|gametype|doubles\n|player|p1|knowking Trump|rosa|1491\n|player|p2|Fastjon4444|hilbert|1467\n|teamsize|p1|6\n|teamsize|p2|6\n|gen|9\n|tier|[Gen 9] VGC 2023 Regulation C\n|rated|\n|rule|Species Clause: Limit one of each Pok\u00e9mon\n|rule|Item Clause: Limit one of each item\n|clearpoke\n|poke|p1|Tyranitar, L50, F|\n|poke|p1|Lycanroc, L50, F|\n|poke|p1|Dondozo, L50, M|\n|poke|p1|Tatsugiri, L50, F|\n|poke|p1|Flutter Mane, L50|\n|poke|p1|Chi-Yu, L50|\n|poke|p2|Wo-Chien, L50|\n|poke|p2|Glimmora, L50, F|\n|poke|p2|Corviknight, L50, F|\n|poke|p2|Arcanine, L50, M|\n|poke|p2|Toxapex, L50, F|\n|poke|p2|Flutter Mane, L50|\n|teampreview|4\n|\n|t:|1684138353\n|start\n|switch|p1a: Lycanroc|Lycanroc, L50, F|100\/100\n|switch|p1b: Tyranitar|Tyranitar, L50, F|100\/100\n|switch|p2a: Glimmora|Glimmora, L50, F|100\/100\n|switch|p2b: Corviknight|Corviknight, L50, F|100\/100\n|-weather|Sandstorm|[from] ability: Sand Stream|[of] p1b: Tyranitar\n|turn|1\n|\n|t:|1684138373\n|move|p2a: Glimmora|Spiky Shield|p2a: Glimmora\n|-singleturn|p2a: Glimmora|move: Protect\n|move|p1a: Lycanroc|Rock Slide|p2b: Corviknight|[spread] \n|-activate|p2a: Glimmora|move: Protect\n|-miss|p1a: Lycanroc|p2b: Corviknight\n|move|p2b: Corviknight|Bulk Up|p2b: Corviknight\n|-boost|p2b: Corviknight|atk|1\n|-boost|p2b: Corviknight|def|1\n|move|p1b: Tyranitar|Dragon Dance|p1b: Tyranitar\n|-boost|p1b: Tyranitar|atk|1\n|-boost|p1b: Tyranitar|spe|1\n|\n|-weather|Sandstorm|[upkeep]\n|upkeep\n|turn|2\n|\n|t:|1684138396\n|move|p1a: Lycanroc|Taunt|p2b: Corviknight\n|-start|p2b: Corviknight|move: Taunt\n|move|p2a: Glimmora|Mortal Spin|p1b: Tyranitar|[spread] p1a,p1b\n|-resisted|p1a: Lycanroc\n|-resisted|p1b: Tyranitar\n|-damage|p1a: Lycanroc|97\/100\n|-damage|p1b: Tyranitar|99\/100\n|-status|p1a: Lycanroc|psn\n|-status|p1b: Tyranitar|psn\n|move|p1b: Tyranitar|Dragon Dance|p1b: Tyranitar\n|-boost|p1b: Tyranitar|atk|1\n|-boost|p1b: Tyranitar|spe|1\n|move|p2b: Corviknight|Brave Bird|p1a: Lycanroc\n|-resisted|p1a: Lycanroc\n|-crit|p1a: Lycanroc\n|-damage|p1a: Lycanroc|27\/100 psn\n|-damage|p2b: Corviknight|83\/100|[from] Recoil\n|\n|-weather|Sandstorm|[upkeep]\n|-damage|p1a: Lycanroc|15\/100 psn|[from] psn\n|-damage|p1b: Tyranitar|87\/100 psn|[from] psn\n|upkeep\n|turn|3\n|\n|t:|1684138424\n|move|p1a: Lycanroc|Endeavor|p2b: Corviknight\n|-damage|p2b: Corviknight|11\/100\n|move|p1b: Tyranitar|Rock Slide|p2b: Corviknight|[spread] p2a,p2b\n|-damage|p2a: Glimmora|19\/100\n|-damage|p2b: Corviknight|0 fnt\n|-activate|p2a: Glimmora|ability: Toxic Debris\n|-sidestart|p1: knowking Trump|move: Toxic Spikes\n|faint|p2b: Corviknight\n|move|p2a: Glimmora|Power Gem|p1a: Lycanroc\n|-damage|p1a: Lycanroc|0 fnt\n|faint|p1a: Lycanroc\n|\n|-weather|Sandstorm|[upkeep]\n|-damage|p1b: Tyranitar|75\/100 psn|[from] psn\n|upkeep\n|\n|t:|1684138448\n|switch|p1a: Tatsugiri|Tatsugiri, L50, F|100\/100\n|switch|p2b: Toxapex|Toxapex, L50, F|100\/100\n|-status|p1a: Tatsugiri|psn\n|turn|4\n|\n|t:|1684138458\n|switch|p2a: Wo-Chien|Wo-Chien, L50|100\/100\n|-ability|p2a: Wo-Chien|Tablets of Ruin\n|move|p1a: Tatsugiri|Draco Meteor|p2b: Toxapex\n|-damage|p2b: Toxapex|50\/100\n|-unboost|p1a: Tatsugiri|spa|2\n|move|p1b: Tyranitar|Rock Slide|p2b: Toxapex|[spread] p2b\n|-miss|p1b: Tyranitar|p2a: Wo-Chien\n|-damage|p2b: Toxapex|12\/100\n|move|p2b: Toxapex|Hydro Pump|p1b: Tyranitar|[miss]\n|-miss|p2b: Toxapex|p1b: Tyranitar\n|\n|-weather|Sandstorm|[upkeep]\n|-damage|p1a: Tatsugiri|94\/100 psn|[from] Sandstorm\n|-damage|p2a: Wo-Chien|94\/100|[from] Sandstorm\n|-damage|p2b: Toxapex|6\/100|[from] Sandstorm\n|-heal|p2a: Wo-Chien|100\/100|[from] item: Leftovers\n|-damage|p1a: Tatsugiri|82\/100 psn|[from] psn\n|-damage|p1b: Tyranitar|63\/100 psn|[from] psn\n|upkeep\n|turn|5\n|\n|t:|1684138498\n|move|p1a: Tatsugiri|Draco Meteor|p2a: Wo-Chien|[miss]\n|-miss|p1a: Tatsugiri|p2a: Wo-Chien\n|move|p1b: Tyranitar|Rock Slide|p2a: Wo-Chien|[spread] p2a\n|-miss|p1b: Tyranitar|p2b: Toxapex\n|-damage|p2a: Wo-Chien|65\/100\n|move|p2a: Wo-Chien|Pollen Puff|p2b: Toxapex\n|-heal|p2b: Toxapex|56\/100\n|move|p2b: Toxapex|Hydro Pump|p1b: Tyranitar\n|-supereffective|p1b: Tyranitar\n|-crit|p1b: Tyranitar\n|-damage|p1b: Tyranitar|0 fnt\n|faint|p1b: Tyranitar\n|\n|-weather|none\n|-heal|p2a: Wo-Chien|71\/100|[from] item: Leftovers\n|-damage|p1a: Tatsugiri|69\/100 psn|[from] psn\n|upkeep\n|\n|t:|1684138506\n|switch|p1b: Dondozo|Dondozo, L50, M|100\/100\n|-activate|p1a: Tatsugiri|ability: Commander|[of] p1b: Dondozo\n|-boost|p1b: Dondozo|atk|2\n|-boost|p1b: Dondozo|spa|2\n|-boost|p1b: Dondozo|spe|2\n|-boost|p1b: Dondozo|def|2\n|-boost|p1b: Dondozo|spd|2\n|-status|p1b: Dondozo|psn\n|turn|6\n|\n|t:|1684138523\n|switch|p2b: Glimmora|Glimmora, L50, F|19\/100\n|move|p1b: Dondozo|Earthquake|p2a: Wo-Chien|[spread] p2a,p2b\n|-miss|p1b: Dondozo|p1a: Tatsugiri\n|-resisted|p2a: Wo-Chien\n|-supereffective|p2b: Glimmora\n|-damage|p2a: Wo-Chien|56\/100\n|-damage|p2b: Glimmora|0 fnt\n|-activate|p2b: Glimmora|ability: Toxic Debris\n|-sidestart|p1: knowking Trump|move: Toxic Spikes\n|faint|p2b: Glimmora\n|move|p2a: Wo-Chien|Leech Seed|p1b: Dondozo\n|-start|p1b: Dondozo|move: Leech Seed\n|\n|-heal|p2a: Wo-Chien|62\/100|[from] item: Leftovers\n|-damage|p1b: Dondozo|88\/100 psn|[from] Leech Seed|[of] p2a: Wo-Chien\n|-heal|p2a: Wo-Chien|77\/100|[silent]\n|-damage|p1a: Tatsugiri|57\/100 psn|[from] psn\n|-damage|p1b: Dondozo|76\/100 psn|[from] psn\n|upkeep\n|\n|t:|1684138540\n|switch|p2b: Toxapex|Toxapex, L50, F|56\/100\n|turn|7\n|\n|t:|1684138550\n|-terastallize|p1b: Dondozo|Fire\n|-terastallize|p2b: Toxapex|Ghost\n|move|p1b: Dondozo|Tera Blast|p2a: Wo-Chien\n|-supereffective|p2a: Wo-Chien\n|-damage|p2a: Wo-Chien|0 fnt\n|faint|p2a: Wo-Chien\n|move|p2b: Toxapex|Venoshock|p1b: Dondozo\n|-crit|p1b: Dondozo\n|-damage|p1b: Dondozo|0 fnt\n|faint|p1b: Dondozo\n|\n|-damage|p1a: Tatsugiri|44\/100 psn|[from] psn\n|upkeep\n|turn|8\n|-message|knowking Trump forfeited.\n|\n|win|Fastjon4444\n|raw|knowking Trump's rating: 1491 → 1470<\/strong> (-21 for losing)\n|raw|Fastjon4444's rating: 1467 → 1488<\/strong> (+21 for winning)\n|l|\u2606knowking Trump\n","uploadtime":1684138568,"views":20,"p1id":"knowkingtrump","p2id":"fastjon4444","formatid":"gen9vgc2023regulationc","rating":1470,"private":0,"password":""}