{"id":"gen9vgc2023regulationc-1853243227","p1":"Theultimateopps","p2":"r3gCt3st","format":"[Gen 9] VGC 2023 Regulation C","log":"|j|\u2606Theultimateopps\n|j|\u2606r3gCt3st\n|t:|1682653779\n|gametype|doubles\n|player|p1|Theultimateopps|cynthia-gen4|1230\n|player|p2|r3gCt3st|unknown|1208\n|teamsize|p1|6\n|teamsize|p2|6\n|gen|9\n|tier|[Gen 9] VGC 2023 Regulation C\n|rated|\n|rule|Species Clause: Limit one of each Pok\u00e9mon\n|rule|Item Clause: Limit one of each item\n|clearpoke\n|poke|p1|Flutter Mane, L50|\n|poke|p1|Arcanine, L50, F|\n|poke|p1|Amoonguss, L50, M|\n|poke|p1|Palafin, L50, M|\n|poke|p1|Bisharp, L50, F|\n|poke|p1|Maushold-Four, L50|\n|poke|p2|Iron Bundle, L50|\n|poke|p2|Annihilape, L50, F|\n|poke|p2|Amoonguss, L50, F|\n|poke|p2|Ting-Lu, L50|\n|poke|p2|Arcanine, L50, M|\n|poke|p2|Flutter Mane, L50|\n|teampreview|4\n|l|\u2606Theultimateopps\n|player|p1|\n|j|\u2606Theultimateopps\n|player|p1|Theultimateopps|cynthia-gen4\n|\n|t:|1682653828\n|start\n|switch|p1a: Arcanine|Arcanine, L50, F|100\/100\n|switch|p1b: Palafin|Palafin, L50, M|100\/100\n|switch|p2a: Iron Bundle|Iron Bundle, L50|100\/100\n|switch|p2b: Annihilape|Annihilape, L50, F|100\/100\n|-ability|p1a: Arcanine|Intimidate|boost\n|-unboost|p2a: Iron Bundle|atk|1\n|-unboost|p2b: Annihilape|atk|1\n|turn|1\n|inactive|Battle timer is ON: inactive players will automatically lose when time's up. (requested by Theultimateopps)\n|\n|t:|1682653851\n|-terastallize|p2b: Annihilape|Fire\n|move|p1b: Palafin|Protect|p1b: Palafin\n|-singleturn|p1b: Palafin|Protect\n|move|p2a: Iron Bundle|Freeze-Dry|p1b: Palafin\n|-activate|p1b: Palafin|move: Protect\n|move|p1a: Arcanine|Will-O-Wisp|p2b: Annihilape\n|-immune|p2b: Annihilape\n|move|p2b: Annihilape|Bulk Up|p2b: Annihilape\n|-boost|p2b: Annihilape|atk|1\n|-boost|p2b: Annihilape|def|1\n|\n|upkeep\n|turn|2\n|l|\u2606Theultimateopps\n|inactive|Theultimateopps disconnected and has a minute to reconnect!\n|player|p1|\n|inactive|Theultimateopps has 30 seconds left.\n|inactive|r3gCt3st has 30 seconds left.\n|inactive|Theultimateopps has 20 seconds left.\n|j|\u2606Theultimateopps\n|inactive|Theultimateopps reconnected and has 20 seconds left.\n|player|p1|Theultimateopps|cynthia-gen4\n|inactive|Theultimateopps has 15 seconds left.\n|\n|t:|1682653895\n|detailschange|p1b: Palafin|Palafin-Hero, L50, M\n|switch|p1b: Bisharp|Bisharp, L50, F|100\/100\n|move|p2a: Iron Bundle|Freeze-Dry|p2b: Annihilape\n|-resisted|p2b: Annihilape\n|-damage|p2b: Annihilape|90\/100\n|move|p1a: Arcanine|Flare Blitz|p2a: Iron Bundle\n|-damage|p2a: Iron Bundle|35\/100\n|-damage|p1a: Arcanine|83\/100|[from] Recoil\n|move|p2b: Annihilape|Rage Fist|p1b: Bisharp\n|-resisted|p1b: Bisharp\n|-damage|p1b: Bisharp|88\/100\n|\n|-heal|p1a: Arcanine|89\/100|[from] item: Leftovers\n|-heal|p2b: Annihilape|97\/100|[from] item: Leftovers\n|upkeep\n|turn|3\n|inactive|r3gCt3st has 30 seconds left.\n|\n|t:|1682653928\n|-terastallize|p1b: Bisharp|Fighting\n|move|p2a: Iron Bundle|Protect|p2a: Iron Bundle\n|-singleturn|p2a: Iron Bundle|Protect\n|move|p1a: Arcanine|Extreme Speed|p2a: Iron Bundle\n|-activate|p2a: Iron Bundle|move: Protect\n|move|p2b: Annihilape|Bulk Up|p2b: Annihilape\n|-boost|p2b: Annihilape|atk|1\n|-boost|p2b: Annihilape|def|1\n|move|p1b: Bisharp|Swords Dance|p1b: Bisharp\n|-boost|p1b: Bisharp|atk|2\n|\n|-heal|p1a: Arcanine|95\/100|[from] item: Leftovers\n|-heal|p2b: Annihilape|100\/100|[from] item: Leftovers\n|upkeep\n|turn|4\n|\n|t:|1682653953\n|-end|p2a: Iron Bundle|Quark Drive|[silent]\n|switch|p2a: Amoonguss|Amoonguss, L50, F|100\/100\n|switch|p1a: Palafin|Palafin-Hero, L50, M|100\/100\n|-activate|p1a: Palafin|ability: Zero to Hero\n|move|p1b: Bisharp|Sucker Punch||[still]\n|-fail|p1b: Bisharp\n|move|p2b: Annihilape|Drain Punch|p1a: Palafin\n|-damage|p1a: Palafin|60\/100\n|\n|upkeep\n|turn|5\n|l|\u2606Theultimateopps\n|inactive|Theultimateopps disconnected and has a minute to reconnect!\n|player|p1|\n|inactive|Theultimateopps has 30 seconds left.\n|j|\u2606Theultimateopps\n|inactive|Theultimateopps reconnected and has 25 seconds left.\n|player|p1|Theultimateopps|cynthia-gen4\n|inactive|Theultimateopps has 20 seconds left.\n|inactive|Theultimateopps has 15 seconds left.\n|\n|t:|1682653993\n|move|p2b: Annihilape|Protect|p2b: Annihilape\n|-singleturn|p2b: Annihilape|Protect\n|move|p1a: Palafin|Haze|p1a: Palafin\n|-clearallboost\n|move|p1b: Bisharp|Iron Head|p2a: Amoonguss\n|-damage|p2a: Amoonguss|67\/100\n|-damage|p1b: Bisharp|71\/100|[from] item: Rocky Helmet|[of] p2a: Amoonguss\n|cant|p2a: Amoonguss|flinch\n|\n|upkeep\n|turn|6\n|l|\u2606Theultimateopps\n|inactive|Theultimateopps disconnected and has a minute to reconnect!\n|player|p1|\n|inactive|Theultimateopps has 30 seconds left.\n|j|\u2606Theultimateopps\n|inactive|Theultimateopps reconnected and has 25 seconds left.\n|player|p1|Theultimateopps|cynthia-gen4\n|inactive|Theultimateopps has 20 seconds left.\n|inactive|Theultimateopps has 15 seconds left.\n|\n|t:|1682654036\n|switch|p1a: Arcanine|Arcanine, L50, F|95\/100\n|-ability|p1a: Arcanine|Intimidate|boost\n|-unboost|p2a: Amoonguss|atk|1\n|-unboost|p2b: Annihilape|atk|1\n|switch|p2a: Arcanine|Arcanine, L50, M|100\/100\n|-ability|p2a: Arcanine|Intimidate|boost\n|-unboost|p1a: Arcanine|atk|1\n|-unboost|p1b: Bisharp|atk|1\n|-ability|p1b: Bisharp|Defiant|boost\n|-boost|p1b: Bisharp|atk|2\n|move|p2b: Annihilape|Rage Fist|p1a: Arcanine\n|-damage|p1a: Arcanine|66\/100\n|move|p1b: Bisharp|Iron Head|p2a: Arcanine\n|-resisted|p2a: Arcanine\n|-damage|p2a: Arcanine|65\/100\n|\n|-heal|p1a: Arcanine|72\/100|[from] item: Leftovers\n|upkeep\n|turn|7\n|\n|t:|1682654055\n|switch|p1a: Palafin|Palafin-Hero, L50, M|60\/100\n|move|p2a: Arcanine|Will-O-Wisp|p1b: Bisharp\n|-status|p1b: Bisharp|brn\n|move|p2b: Annihilape|Bulk Up|p2b: Annihilape\n|-boost|p2b: Annihilape|atk|1\n|-boost|p2b: Annihilape|def|1\n|move|p1b: Bisharp|Brick Break|p2b: Annihilape\n|-damage|p2b: Annihilape|83\/100\n|\n|-heal|p2b: Annihilape|89\/100|[from] item: Leftovers\n|-damage|p1b: Bisharp|66\/100 brn|[from] brn\n|upkeep\n|turn|8\n|l|\u2606Theultimateopps\n|inactive|Theultimateopps disconnected and has a minute to reconnect!\n|player|p1|\n|inactive|Theultimateopps has 30 seconds left.\n|j|\u2606Theultimateopps\n|inactive|Theultimateopps reconnected and has 30 seconds left.\n|player|p1|Theultimateopps|cynthia-gen4\n|inactive|r3gCt3st has 30 seconds left.\n|inactive|Theultimateopps has 20 seconds left.\n|\n|t:|1682654093\n|move|p1a: Palafin|Jet Punch|p2b: Annihilape\n|-supereffective|p2b: Annihilape\n|-damage|p2b: Annihilape|28\/100\n|-damage|p1a: Palafin|50\/100|[from] item: Life Orb\n|move|p2a: Arcanine|Will-O-Wisp|p1a: Palafin\n|-status|p1a: Palafin|brn\n|move|p2b: Annihilape|Rage Fist|p1a: Palafin\n|-damage|p1a: Palafin|0 fnt\n|faint|p1a: Palafin\n|move|p1b: Bisharp|Swords Dance|p1b: Bisharp\n|-boost|p1b: Bisharp|atk|2\n|\n|-heal|p2b: Annihilape|34\/100|[from] item: Leftovers\n|-damage|p1b: Bisharp|60\/100 brn|[from] brn\n|upkeep\n|\n|t:|1682654098\n|switch|p1a: Flutter Mane|Flutter Mane, L50|100\/100\n|-enditem|p1a: Flutter Mane|Booster Energy\n|-activate|p1a: Flutter Mane|ability: Protosynthesis|[fromitem]\n|-start|p1a: Flutter Mane|protosynthesisspe\n|turn|9\n|\n|t:|1682654113\n|move|p2b: Annihilape|Protect|p2b: Annihilape\n|-singleturn|p2b: Annihilape|Protect\n|move|p1b: Bisharp|Sucker Punch||[still]\n|-fail|p1b: Bisharp\n|move|p1a: Flutter Mane|Substitute|p1a: Flutter Mane\n|-start|p1a: Flutter Mane|Substitute\n|-damage|p1a: Flutter Mane|76\/100\n|move|p2a: Arcanine|Flare Blitz|p1a: Flutter Mane\n|-end|p1a: Flutter Mane|Substitute\n|-damage|p2a: Arcanine|60\/100|[from] Recoil|[of] p1a: Flutter Mane\n|\n|-heal|p2b: Annihilape|40\/100|[from] item: Leftovers\n|-damage|p1b: Bisharp|54\/100 brn|[from] brn\n|upkeep\n|turn|10\n|inactive|r3gCt3st has 30 seconds left.\n|\n|t:|1682654139\n|move|p1b: Bisharp|Sucker Punch|p2a: Arcanine\n|-damage|p2a: Arcanine|9\/100\n|-enditem|p2a: Arcanine|Aguav Berry|[eat]\n|-heal|p2a: Arcanine|42\/100|[from] item: Aguav Berry\n|move|p1a: Flutter Mane|Substitute|p1a: Flutter Mane\n|-start|p1a: Flutter Mane|Substitute\n|-damage|p1a: Flutter Mane|51\/100\n|move|p2a: Arcanine|Flare Blitz|p1a: Flutter Mane\n|-end|p1a: Flutter Mane|Substitute\n|-damage|p2a: Arcanine|37\/100|[from] Recoil|[of] p1a: Flutter Mane\n|move|p2b: Annihilape|Bulk Up|p2b: Annihilape\n|-boost|p2b: Annihilape|atk|1\n|-boost|p2b: Annihilape|def|1\n|\n|-heal|p2b: Annihilape|47\/100|[from] item: Leftovers\n|-damage|p1b: Bisharp|48\/100 brn|[from] brn\n|upkeep\n|turn|11\n|l|\u2606Theultimateopps\n|inactive|Theultimateopps disconnected and has a minute to reconnect!\n|player|p1|\n|inactive|Theultimateopps has 30 seconds left.\n|j|\u2606Theultimateopps\n|inactive|Theultimateopps reconnected and has 25 seconds left.\n|player|p1|Theultimateopps|cynthia-gen4\n|inactive|Theultimateopps has 20 seconds left.\n|\n|t:|1682654179\n|move|p1b: Bisharp|Sucker Punch||[still]\n|-fail|p1b: Bisharp\n|move|p1a: Flutter Mane|Shadow Ball|p2b: Annihilape\n|-damage|p2b: Annihilape|16\/100\n|move|p2a: Arcanine|Howl|p2a: Arcanine|[spread] p2a,p2b\n|-boost|p2a: Arcanine|atk|1\n|-boost|p2b: Annihilape|atk|1\n|move|p2b: Annihilape|Rage Fist|p1a: Flutter Mane\n|-supereffective|p1a: Flutter Mane\n|-damage|p1a: Flutter Mane|0 fnt\n|faint|p1a: Flutter Mane\n|-end|p1a: Flutter Mane|Protosynthesis|[silent]\n|\n|-heal|p2b: Annihilape|23\/100|[from] item: Leftovers\n|-damage|p1b: Bisharp|42\/100 brn|[from] brn\n|upkeep\n|\n|t:|1682654187\n|switch|p1a: Arcanine|Arcanine, L50, F|72\/100\n|-ability|p1a: Arcanine|Intimidate|boost\n|-unboost|p2a: Arcanine|atk|1\n|-unboost|p2b: Annihilape|atk|1\n|turn|12\n|l|\u2606Theultimateopps\n|inactive|Theultimateopps disconnected and has a minute to reconnect!\n|player|p1|\n|inactive|Theultimateopps has 30 seconds left.\n|inactive|r3gCt3st has 30 seconds left.\n|inactive|Theultimateopps has 20 seconds left.\n|j|\u2606Theultimateopps\n|inactive|Theultimateopps reconnected and has 20 seconds left.\n|player|p1|Theultimateopps|cynthia-gen4\n|inactive|Theultimateopps has 15 seconds left.\n|\n|t:|1682654232\n|switch|p2a: Iron Bundle|Iron Bundle, L50|35\/100\n|move|p2b: Annihilape|Protect|p2b: Annihilape\n|-singleturn|p2b: Annihilape|Protect\n|move|p1a: Arcanine|Extreme Speed|p2a: Iron Bundle\n|-damage|p2a: Iron Bundle|8\/100\n|move|p1b: Bisharp|Sucker Punch||[still]\n|-fail|p1b: Bisharp\n|\n|-heal|p1a: Arcanine|78\/100|[from] item: Leftovers\n|-heal|p2b: Annihilape|29\/100|[from] item: Leftovers\n|-damage|p1b: Bisharp|37\/100 brn|[from] brn\n|upkeep\n|turn|13\n|\n|t:|1682654256\n|-end|p2a: Iron Bundle|Quark Drive|[silent]\n|switch|p2a: Arcanine|Arcanine, L50, M|37\/100\n|-ability|p2a: Arcanine|Intimidate|boost\n|-unboost|p1a: Arcanine|atk|1\n|-unboost|p1b: Bisharp|atk|1\n|-ability|p1b: Bisharp|Defiant|boost\n|-boost|p1b: Bisharp|atk|2\n|move|p1a: Arcanine|Extreme Speed|p2a: Arcanine\n|-damage|p2a: Arcanine|18\/100\n|move|p2b: Annihilape|Bulk Up|p2b: Annihilape\n|-boost|p2b: Annihilape|atk|1\n|-boost|p2b: Annihilape|def|1\n|move|p1b: Bisharp|Brick Break|p2b: Annihilape\n|-damage|p2b: Annihilape|6\/100\n|\n|-heal|p1a: Arcanine|84\/100|[from] item: Leftovers\n|-heal|p2b: Annihilape|12\/100|[from] item: Leftovers\n|-damage|p1b: Bisharp|31\/100 brn|[from] brn\n|upkeep\n|turn|14\n|\n|t:|1682654277\n|switch|p2a: Iron Bundle|Iron Bundle, L50|8\/100\n|move|p2b: Annihilape|Protect|p2b: Annihilape\n|-singleturn|p2b: Annihilape|Protect\n|move|p1a: Arcanine|Extreme Speed|p2b: Annihilape\n|-activate|p2b: Annihilape|move: Protect\n|move|p1b: Bisharp|Sucker Punch||[still]\n|-fail|p1b: Bisharp\n|\n|-heal|p1a: Arcanine|90\/100|[from] item: Leftovers\n|-heal|p2b: Annihilape|18\/100|[from] item: Leftovers\n|-damage|p1b: Bisharp|25\/100 brn|[from] brn\n|upkeep\n|turn|15\n|\n|t:|1682654291\n|move|p2a: Iron Bundle|Encore|p1b: Bisharp\n|-start|p1b: Bisharp|Encore\n|move|p1a: Arcanine|Flare Blitz|p2b: Annihilape\n|-resisted|p2b: Annihilape\n|-damage|p2b: Annihilape|12\/100\n|-damage|p1a: Arcanine|88\/100|[from] Recoil\n|move|p2b: Annihilape|Bulk Up|p2b: Annihilape\n|-boost|p2b: Annihilape|atk|1\n|-boost|p2b: Annihilape|def|1\n|move|p1b: Bisharp|Sucker Punch||[still]\n|-fail|p1b: Bisharp\n|\n|-heal|p1a: Arcanine|94\/100|[from] item: Leftovers\n|-heal|p2b: Annihilape|18\/100|[from] item: Leftovers\n|-damage|p1b: Bisharp|19\/100 brn|[from] brn\n|upkeep\n|turn|16\n|\n|t:|1682654305\n|move|p2b: Annihilape|Protect|p2b: Annihilape\n|-singleturn|p2b: Annihilape|Protect\n|move|p1a: Arcanine|Extreme Speed|p2a: Iron Bundle\n|-damage|p2a: Iron Bundle|0 fnt\n|faint|p2a: Iron Bundle\n|-end|p2a: Iron Bundle|Quark Drive|[silent]\n|move|p1b: Bisharp|Sucker Punch||[still]\n|-fail|p1b: Bisharp\n|\n|-heal|p1a: Arcanine|99\/100|[from] item: Leftovers\n|-heal|p2b: Annihilape|24\/100|[from] item: Leftovers\n|-damage|p1b: Bisharp|13\/100 brn|[from] brn\n|-end|p1b: Bisharp|Encore\n|upkeep\n|\n|t:|1682654309\n|switch|p2a: Arcanine|Arcanine, L50, M|18\/100\n|-ability|p2a: Arcanine|Intimidate|boost\n|-unboost|p1a: Arcanine|atk|1\n|-unboost|p1b: Bisharp|atk|1\n|-ability|p1b: Bisharp|Defiant|boost\n|-boost|p1b: Bisharp|atk|2\n|turn|17\n|\n|t:|1682654320\n|move|p1a: Arcanine|Extreme Speed|p2a: Arcanine\n|-damage|p2a: Arcanine|4\/100\n|move|p2a: Arcanine|Flare Blitz|p1b: Bisharp\n|-damage|p1b: Bisharp|0 fnt\n|faint|p1b: Bisharp\n|-damage|p2a: Arcanine|0 fnt|[from] Recoil\n|faint|p2a: Arcanine\n|move|p2b: Annihilape|Drain Punch|p1a: Arcanine\n|-damage|p1a: Arcanine|16\/100\n|-heal|p2b: Annihilape|64\/100|[from] drain|[of] p1a: Arcanine\n|\n|-heal|p1a: Arcanine|22\/100|[from] item: Leftovers\n|-heal|p2b: Annihilape|70\/100|[from] item: Leftovers\n|upkeep\n|\n|t:|1682654327\n|switch|p2a: Amoonguss|Amoonguss, L50, F|100\/100\n|turn|18\n|\n|t:|1682654333\n|move|p2a: Amoonguss|Rage Powder|p2a: Amoonguss\n|-singleturn|p2a: Amoonguss|move: Rage Powder\n|move|p1a: Arcanine|Flare Blitz|p2a: Amoonguss\n|-supereffective|p2a: Amoonguss\n|-damage|p2a: Amoonguss|49\/100\n|-damage|p1a: Arcanine|6\/100|[from] item: Rocky Helmet|[of] p2a: Amoonguss\n|-damage|p1a: Arcanine|0 fnt|[from] Recoil\n|faint|p1a: Arcanine\n|\n|win|r3gCt3st\n|raw|Theultimateopps's rating: 1230 → 1203<\/strong> (-27 for losing)\n|raw|r3gCt3st's rating: 1208 → 1235<\/strong> (+27 for winning)\n|l|\u2606Theultimateopps\n","uploadtime":1682654344,"views":11,"p1id":"theultimateopps","p2id":"r3gct3st","formatid":"gen9vgc2023regulationc","rating":1203,"private":0,"password":""}