{"id":"gen9vgc2023regulationc-1848584095","p1":"ml1966007","p2":"sauceconnoisseur","format":"[Gen 9] VGC 2023 Regulation C","log":"|j|\u2606ml1966007\n|j|\u2606sauceconnoisseur\n|t:|1682092043\n|gametype|doubles\n|player|p1|ml1966007|swimmerf-gen4|1412\n|player|p2|sauceconnoisseur|swimmer|1377\n|teamsize|p1|6\n|teamsize|p2|6\n|gen|9\n|tier|[Gen 9] VGC 2023 Regulation C\n|rated|\n|rule|Species Clause: Limit one of each Pok\u00e9mon\n|rule|Item Clause: Limit one of each item\n|clearpoke\n|poke|p1|Amoonguss, L50, M|\n|poke|p1|Arcanine, L50, F|\n|poke|p1|Flutter Mane, L50|\n|poke|p1|Azumarill, L50, F|\n|poke|p1|Gothitelle, L50, F|\n|poke|p1|Chien-Pao, L50|\n|poke|p2|Maushold, L50|\n|poke|p2|Annihilape, L50, F|\n|poke|p2|Amoonguss, L50, F|\n|poke|p2|Flutter Mane, L50|\n|poke|p2|Talonflame, L50, F|\n|poke|p2|Palafin, L50, F|\n|teampreview|4\nsauceconnoisseur has agreed to open team sheets.\n|\n|t:|1682092084\n|start\n|switch|p1a: Azumarill|Azumarill, L50, F|100\/100\n|switch|p1b: Gothitelle|Gothitelle, L50, F|100\/100\n|switch|p2a: Maushold|Maushold, L50|100\/100\n|switch|p2b: Talonflame|Talonflame, L50, F|100\/100\n|turn|1\n|\n|t:|1682092117\n|-terastallize|p1a: Azumarill|Water\n|move|p1b: Gothitelle|Fake Out|p2b: Talonflame\n|-damage|p2b: Talonflame|96\/100\n|move|p1a: Azumarill|Aqua Jet|p2b: Talonflame\n|-supereffective|p2b: Talonflame\n|-damage|p2b: Talonflame|42\/100\n|move|p2b: Talonflame|Will-O-Wisp|p1a: Azumarill\n|-status|p1a: Azumarill|brn\n|move|p2a: Maushold|Super Fang|p1a: Azumarill\n|-damage|p1a: Azumarill|50\/100 brn\n|-enditem|p1a: Azumarill|Sitrus Berry|[eat]\n|-heal|p1a: Azumarill|75\/100 brn|[from] item: Sitrus Berry\n|\n|-damage|p1a: Azumarill|69\/100 brn|[from] brn\n|upkeep\n|turn|2\n|\n|t:|1682092130\n|move|p2a: Maushold|Follow Me|p2a: Maushold\n|-singleturn|p2a: Maushold|move: Follow Me\n|move|p2b: Talonflame|Tailwind|p2b: Talonflame\n|-sidestart|p2: sauceconnoisseur|move: Tailwind\n|move|p1b: Gothitelle|Heal Pulse|p2a: Maushold\n|-fail|p2a: Maushold|heal\n|move|p1a: Azumarill|Belly Drum|p1a: Azumarill\n|-damage|p1a: Azumarill|19\/100 brn\n|-setboost|p1a: Azumarill|atk|6|[from] move: Belly Drum\n|\n|-damage|p1a: Azumarill|14\/100 brn|[from] brn\n|upkeep\n|turn|3\n|\n|t:|1682092166\n|move|p1a: Azumarill|Aqua Jet|p2b: Talonflame\n|-supereffective|p2b: Talonflame\n|-damage|p2b: Talonflame|0 fnt\n|faint|p2b: Talonflame\n|move|p2a: Maushold|Beat Up|p1a: Azumarill\n|-damage|p1a: Azumarill|11\/100 brn\n|-damage|p1a: Azumarill|9\/100 brn\n|-damage|p1a: Azumarill|6\/100 brn\n|-hitcount|p1a: Azumarill|3\n|move|p1b: Gothitelle|Heal Pulse|p1a: Azumarill\n|-heal|p1a: Azumarill|56\/100 brn\n|\n|-damage|p1a: Azumarill|50\/100 brn|[from] brn\n|upkeep\n|\n|t:|1682092173\n|switch|p2b: Amoonguss|Amoonguss, L50, F|100\/100\n|turn|4\n|\n|t:|1682092191\n|move|p2a: Maushold|Protect|p2a: Maushold\n|-singleturn|p2a: Maushold|Protect\n|move|p2b: Amoonguss|Spore|p1b: Gothitelle\n|-status|p1b: Gothitelle|slp|[from] move: Spore\n|cant|p1b: Gothitelle|slp\n|move|p1a: Azumarill|Play Rough|p2b: Amoonguss\n|-resisted|p2b: Amoonguss\n|-damage|p2b: Amoonguss|69\/100\n|\n|-damage|p1a: Azumarill|44\/100 brn|[from] brn\n|upkeep\n|turn|5\n|\n|t:|1682092227\n|-terastallize|p2a: Maushold|Ghost\n|move|p2a: Maushold|Protect||[still]\n|-fail|p2a: Maushold\n|move|p2b: Amoonguss|Protect|p2b: Amoonguss\n|-singleturn|p2b: Amoonguss|Protect\n|move|p1a: Azumarill|Aqua Jet|p2a: Maushold\n|-damage|p2a: Maushold|21\/100\n|cant|p1b: Gothitelle|slp\n|\n|-damage|p1a: Azumarill|38\/100 brn|[from] brn\n|-sideend|p2: sauceconnoisseur|move: Tailwind\n|upkeep\n|turn|6\n|\n|t:|1682092241\n|switch|p2a: Ape 2.0|Annihilape, L50, F|100\/100\n|move|p2b: Amoonguss|Rage Powder|p2b: Amoonguss\n|-singleturn|p2b: Amoonguss|move: Rage Powder\n|cant|p1b: Gothitelle|slp\n|move|p1a: Azumarill|Play Rough|p2b: Amoonguss\n|-resisted|p2b: Amoonguss\n|-damage|p2b: Amoonguss|27\/100\n|-enditem|p2b: Amoonguss|Sitrus Berry|[eat]\n|-heal|p2b: Amoonguss|52\/100|[from] item: Sitrus Berry\n|\n|-damage|p1a: Azumarill|33\/100 brn|[from] brn\n|upkeep\n|turn|7\n|\n|t:|1682092264\n|move|p2b: Amoonguss|Rage Powder|p2b: Amoonguss\n|-singleturn|p2b: Amoonguss|move: Rage Powder\n|move|p2a: Ape 2.0|Drain Punch|p1a: Azumarill\n|-damage|p1a: Azumarill|0 fnt\n|faint|p1a: Azumarill\n|-curestatus|p1b: Gothitelle|slp|[msg]\n|move|p1b: Gothitelle|Psyshock|p2b: Amoonguss\n|-supereffective|p2b: Amoonguss\n|-damage|p2b: Amoonguss|10\/100\n|\n|upkeep\n|\n|t:|1682092277\n|switch|p1a: Flutter Mane|Flutter Mane, L50|100\/100\n|turn|8\n|\n|t:|1682092300\n|move|p2b: Amoonguss|Rage Powder|p2b: Amoonguss\n|-singleturn|p2b: Amoonguss|move: Rage Powder\n|move|p1a: Flutter Mane|Dazzling Gleam|p2a: Ape 2.0|[spread] p2a,p2b\n|-supereffective|p2a: Ape 2.0\n|-resisted|p2b: Amoonguss\n|-crit|p2b: Amoonguss\n|-damage|p2a: Ape 2.0|38\/100\n|-damage|p2b: Amoonguss|0 fnt\n|faint|p2b: Amoonguss\n|move|p2a: Ape 2.0|Rage Fist|p1b: Gothitelle\n|-supereffective|p1b: Gothitelle\n|-damage|p1b: Gothitelle|29\/100\n|-damage|p2a: Ape 2.0|22\/100|[from] item: Rocky Helmet|[of] p1b: Gothitelle\n|move|p1b: Gothitelle|Psyshock|p2a: Ape 2.0\n|-supereffective|p2a: Ape 2.0\n|-damage|p2a: Ape 2.0|0 fnt\n|faint|p2a: Ape 2.0\n|\n|upkeep\n|\n|t:|1682092312\n|switch|p2a: Maushold|Maushold, L50, tera:Ghost|21\/100\n|turn|9\n|\n|t:|1682092317\n|move|p1a: Flutter Mane|Dazzling Gleam|p2a: Maushold\n|-damage|p2a: Maushold|0 fnt\n|faint|p2a: Maushold\n|\n|win|ml1966007\n|raw|ml1966007's rating: 1412 → 1430<\/strong> (+18 for winning)\n|raw|sauceconnoisseur's rating: 1377 → 1359<\/strong> (-18 for losing)\n","uploadtime":1682092321,"views":8,"p1id":"ml1966007","p2id":"sauceconnoisseur","formatid":"gen9vgc2023regulationc","rating":1359,"private":0,"password":""}