{"id":"gen9vgc2023regulationc-1848750661","p1":"Soapdropninja","p2":"Sprye0216","format":"[Gen 9] VGC 2023 Regulation C","log":"|j|\u2606Soapdropninja\n|j|\u2606Sprye0216\n|t:|1682106703\n|gametype|doubles\n|player|p1|Soapdropninja|170|1157\n|player|p2|Sprye0216|skyla|1131\n|teamsize|p1|6\n|teamsize|p2|6\n|gen|9\n|tier|[Gen 9] VGC 2023 Regulation C\n|rated|\n|rule|Species Clause: Limit one of each Pok\u00e9mon\n|rule|Item Clause: Limit one of each item\n|clearpoke\n|poke|p1|Murkrow, L50, F|\n|poke|p1|Great Tusk, L50|\n|poke|p1|Flutter Mane, L50|\n|poke|p1|Chi-Yu, L50|\n|poke|p1|Gyarados, L50, M|\n|poke|p1|Brute Bonnet, L50|\n|poke|p2|Amoonguss, L50, F|\n|poke|p2|Gyarados, L50, F|\n|poke|p2|Talonflame, L50, F|\n|poke|p2|Garchomp, L50, F|\n|poke|p2|Flutter Mane, L50|\n|poke|p2|Ting-Lu, L50|\n|teampreview|4\nSprye0216 has agreed to open team sheets.\n|inactive|Battle timer is ON: inactive players will automatically lose when time's up. (requested by Soapdropninja)\n|inactive|Soapdropninja has 60 seconds left.\n|inactive|Sprye0216 has 60 seconds left.\n|\n|t:|1682106740\n|start\n|switch|p1a: Murkrow|Murkrow, L50, F|100\/100\n|switch|p1b: Great Tusk|Great Tusk, L50|100\/100\n|switch|p2a: Talonflame|Talonflame, L50, F|100\/100\n|switch|p2b: Gyarados|Gyarados, L50, F|100\/100\n|-ability|p2b: Gyarados|Intimidate|boost\n|-unboost|p1a: Murkrow|atk|1\n|-unboost|p1b: Great Tusk|atk|1\n|turn|1\n|\n|t:|1682106763\n|-end|p1b: Great Tusk|Protosynthesis|[silent]\n|switch|p1b: Flutter Mane|Flutter Mane, L50|100\/100\n|move|p2a: Talonflame|Tailwind|p2a: Talonflame\n|-sidestart|p2: Sprye0216|move: Tailwind\n|move|p1a: Murkrow|Tailwind|p1a: Murkrow\n|-sidestart|p1: Soapdropninja|move: Tailwind\n|move|p2b: Gyarados|Dragon Dance|p2b: Gyarados\n|-boost|p2b: Gyarados|atk|1\n|-boost|p2b: Gyarados|spe|1\n|\n|upkeep\n|turn|2\n|\n|t:|1682106786\n|move|p2a: Talonflame|Brave Bird|p1a: Murkrow\n|-damage|p1a: Murkrow|66\/100\n|-damage|p2a: Talonflame|90\/100|[from] Recoil\n|move|p1a: Murkrow|Haze|p1a: Murkrow\n|-clearallboost\n|move|p1b: Flutter Mane|Thunderbolt|p2b: Gyarados\n|-supereffective|p2b: Gyarados\n|-damage|p2b: Gyarados|0 fnt\n|faint|p2b: Gyarados\n|\n|upkeep\n|\n|t:|1682106797\n|switch|p2b: Garchomp|Garchomp, L50, F|100\/100\n|turn|3\n|\n|t:|1682106814\n|-terastallize|p2b: Garchomp|Fire\n|move|p1a: Murkrow|Sunny Day|p1a: Murkrow\n|-weather|SunnyDay\n|-activate|p1b: Flutter Mane|ability: Protosynthesis\n|-start|p1b: Flutter Mane|protosynthesisspa\n|move|p2a: Talonflame|Brave Bird|p1b: Flutter Mane\n|-damage|p1b: Flutter Mane|36\/100\n|-damage|p2a: Talonflame|73\/100|[from] Recoil\n|move|p1b: Flutter Mane|Thunderbolt|p2a: Talonflame\n|-supereffective|p2a: Talonflame\n|-damage|p2a: Talonflame|0 fnt\n|faint|p2a: Talonflame\n|move|p2b: Garchomp|Rock Slide|p1b: Flutter Mane|[spread] p1a,p1b\n|-supereffective|p1a: Murkrow\n|-damage|p1a: Murkrow|16\/100\n|-damage|p1b: Flutter Mane|0 fnt\n|faint|p1b: Flutter Mane\n|-end|p1b: Flutter Mane|Protosynthesis|[silent]\n|-damage|p2b: Garchomp|91\/100|[from] item: Life Orb\n|\n|-weather|SunnyDay|[upkeep]\n|upkeep\n|\n|t:|1682106834\n|switch|p2a: Flutter Mane|Flutter Mane, L50|100\/100\n|switch|p1b: Great Tusk|Great Tusk, L50|100\/100\n|-activate|p2a: Flutter Mane|ability: Protosynthesis\n|-start|p2a: Flutter Mane|protosynthesisspa\n|-activate|p1b: Great Tusk|ability: Protosynthesis\n|-start|p1b: Great Tusk|protosynthesisatk\n|turn|4\n|\n|t:|1682106848\n|switch|p1a: Brute Bonnet|Brute Bonnet, L50|100\/100\n|-activate|p1a: Brute Bonnet|ability: Protosynthesis\n|-start|p1a: Brute Bonnet|protosynthesisatk\n|move|p2b: Garchomp|Protect|p2b: Garchomp\n|-singleturn|p2b: Garchomp|Protect\n|move|p1b: Great Tusk|Protect|p1b: Great Tusk\n|-singleturn|p1b: Great Tusk|Protect\n|move|p2a: Flutter Mane|Moonblast|p1b: Great Tusk\n|-activate|p1b: Great Tusk|move: Protect\n|\n|-weather|SunnyDay|[upkeep]\n|-sideend|p2: Sprye0216|move: Tailwind\n|-sideend|p1: Soapdropninja|move: Tailwind\n|upkeep\n|turn|5\n|inactive|Soapdropninja has 30 seconds left.\n|inactive|Soapdropninja has 20 seconds left.\n|\n|t:|1682106888\n|-terastallize|p1b: Great Tusk|Fire\n|move|p2a: Flutter Mane|Moonblast|p1b: Great Tusk\n|-resisted|p1b: Great Tusk\n|-damage|p1b: Great Tusk|53\/100\n|-unboost|p1b: Great Tusk|spa|1\n|move|p2b: Garchomp|Rock Slide|p1a: Brute Bonnet|[spread] p1a,p1b\n|-supereffective|p1b: Great Tusk\n|-damage|p1a: Brute Bonnet|79\/100\n|-damage|p1b: Great Tusk|14\/100\n|-damage|p2b: Garchomp|81\/100|[from] item: Life Orb\n|move|p1b: Great Tusk|Headlong Rush|p2b: Garchomp\n|-supereffective|p2b: Garchomp\n|-damage|p2b: Garchomp|0 fnt\n|-unboost|p1b: Great Tusk|def|1\n|-unboost|p1b: Great Tusk|spd|1\n|-damage|p1b: Great Tusk|2\/100|[from] ability: Rough Skin|[of] p2b: Garchomp\n|faint|p2b: Garchomp\n|cant|p1a: Brute Bonnet|flinch\n|\n|-weather|SunnyDay|[upkeep]\n|upkeep\n|turn|6\n|inactive|Soapdropninja has 30 seconds left.\n|inactive|Sprye0216 has 30 seconds left.\n|\n|t:|1682106914\n|move|p2a: Flutter Mane|Protect|p2a: Flutter Mane\n|-singleturn|p2a: Flutter Mane|Protect\n|move|p1b: Great Tusk|Headlong Rush|p2a: Flutter Mane\n|-activate|p2a: Flutter Mane|move: Protect\n|move|p1a: Brute Bonnet|Bullet Seed|p2a: Flutter Mane\n|-activate|p2a: Flutter Mane|move: Protect\n|\n|-weather|SunnyDay|[upkeep]\n|upkeep\n|turn|7\n|\n|t:|1682106935\n|move|p2a: Flutter Mane|Moonblast|p1b: Great Tusk\n|-resisted|p1b: Great Tusk\n|-damage|p1b: Great Tusk|0 fnt\n|faint|p1b: Great Tusk\n|-end|p1b: Great Tusk|Protosynthesis|[silent]\n|move|p1a: Brute Bonnet|Bullet Seed|p2a: Flutter Mane\n|-crit|p2a: Flutter Mane\n|-damage|p2a: Flutter Mane|52\/100\n|-damage|p2a: Flutter Mane|20\/100\n|-damage|p2a: Flutter Mane|0 fnt\n|faint|p2a: Flutter Mane\n|-end|p2a: Flutter Mane|Protosynthesis|[silent]\n|-hitcount|p2: Flutter Mane|3\n|\n|win|Soapdropninja\n|raw|Soapdropninja's rating: 1157 → 1180<\/strong> (+23 for winning)\n|raw|Sprye0216's rating: 1131 → 1108<\/strong> (-23 for losing)\n","uploadtime":1682106948,"views":7,"p1id":"soapdropninja","p2id":"sprye0216","formatid":"gen9vgc2023regulationc","rating":1108,"private":0,"password":""}