{"id":"gen9vgc2023regulationc-1845203823","p1":"Barbie120","p2":"zapdos95","format":"[Gen 9] VGC 2023 Regulation C","log":"|j|\u2606Barbie120\n|j|\u2606zapdos95\n|t:|1681695991\n|gametype|doubles\n|player|p1|Barbie120|drayden|1299\n|player|p2|zapdos95|265|1329\n|teamsize|p1|6\n|teamsize|p2|6\n|gen|9\n|tier|[Gen 9] VGC 2023 Regulation C\n|rated|\n|rule|Species Clause: Limit one of each Pok\u00e9mon\n|rule|Item Clause: Limit one of each item\n|clearpoke\n|poke|p1|Indeedee-F, L50, F|\n|poke|p1|Chi-Yu, L50|\n|poke|p1|Arcanine, L50, M|\n|poke|p1|Flutter Mane, L50|\n|poke|p1|Baxcalibur, L50, M|\n|poke|p1|Corviknight, L50, F|\n|poke|p2|Kingambit, L50, M|\n|poke|p2|Amoonguss, L50, M|\n|poke|p2|Ting-Lu, L50|\n|poke|p2|Arcanine, L50, F|\n|poke|p2|Palafin, L50, M|\n|poke|p2|Flutter Mane, L50|\n|teampreview|4\nzapdos95 rejected open team sheets.\n|inactive|Battle timer is ON: inactive players will automatically lose when time's up. (requested by Barbie120)\n|inactive|zapdos95 has 60 seconds left.\n|\n|t:|1681696107\n|start\n|switch|p1a: Corviknight|Corviknight, L50, F|100\/100\n|switch|p1b: Chi-Yu|Chi-Yu, L50|100\/100\n|switch|p2a: Ting-Lu|Ting-Lu, L50|100\/100\n|switch|p2b: Arcanine|Arcanine, L50, F|100\/100\n|-ability|p1b: Chi-Yu|Beads of Ruin\n|-ability|p2b: Arcanine|Intimidate|boost\n|-ability|p1a: Corviknight|Mirror Armor\n|-unboost|p2b: Arcanine|atk|1\n|-unboost|p1b: Chi-Yu|atk|1\n|-ability|p2a: Ting-Lu|Vessel of Ruin\n|turn|1\n|inactive|Barbie120 has 30 seconds left.\n|inactive|zapdos95 has 30 seconds left.\n|\n|t:|1681696144\n|switch|p1a: Baxcalibur|Baxcalibur, L50, M|100\/100\n|move|p1b: Chi-Yu|Protect|p1b: Chi-Yu\n|-singleturn|p1b: Chi-Yu|Protect\n|move|p2b: Arcanine|Howl|p2b: Arcanine|[spread] p2a,p2b\n|-boost|p2a: Ting-Lu|atk|1\n|-boost|p2b: Arcanine|atk|1\n|move|p2a: Ting-Lu|Stomping Tantrum|p1b: Chi-Yu\n|-activate|p1b: Chi-Yu|move: Protect\n|\n|upkeep\n|turn|2\n|inactive|Barbie120 has 30 seconds left.\n|\n|t:|1681696173\n|switch|p1b: Corviknight|Corviknight, L50, F|100\/100\n|-terastallize|p1a: Baxcalibur|Ground\n|-terastallize|p2a: Ting-Lu|Poison\n|move|p2b: Arcanine|Howl|p2b: Arcanine|[spread] p2a,p2b\n|-boost|p2a: Ting-Lu|atk|1\n|-boost|p2b: Arcanine|atk|1\n|move|p1a: Baxcalibur|Icicle Crash|p2a: Ting-Lu\n|-damage|p2a: Ting-Lu|70\/100\n|move|p2a: Ting-Lu|Heavy Slam|p1a: Baxcalibur\n|-damage|p1a: Baxcalibur|58\/100\n|\n|upkeep\n|turn|3\n|inactive|zapdos95 has 30 seconds left.\n|\n|t:|1681696199\n|move|p2b: Arcanine|Flare Blitz|p1a: Baxcalibur\n|-damage|p1a: Baxcalibur|0 fnt\n|faint|p1a: Baxcalibur\n|-damage|p2b: Arcanine|80\/100|[from] Recoil\n|-damage|p2b: Arcanine|71\/100|[from] item: Life Orb\n|move|p1b: Corviknight|Bulk Up|p1b: Corviknight\n|-boost|p1b: Corviknight|atk|1\n|-boost|p1b: Corviknight|def|1\n|move|p2a: Ting-Lu|Ruination|p1b: Corviknight\n|-damage|p1b: Corviknight|50\/100\n|\n|-heal|p1b: Corviknight|57\/100|[from] item: Leftovers\n|upkeep\n|\n|t:|1681696209\n|switch|p1a: Indeedee|Indeedee-F, L50, F|100\/100\n|-fieldstart|move: Psychic Terrain|[from] ability: Psychic Surge|[of] p1a: Indeedee\n|-enditem|p1a: Indeedee|Psychic Seed\n|-boost|p1a: Indeedee|spd|1|[from] item: Psychic Seed\n|turn|4\n|\n|t:|1681696233\n|move|p1a: Indeedee|Protect|p1a: Indeedee\n|-singleturn|p1a: Indeedee|Protect\n|move|p2b: Arcanine|Howl|p2b: Arcanine|[spread] p2a,p2b\n|-boost|p2a: Ting-Lu|atk|1\n|-boost|p2b: Arcanine|atk|1\n|move|p1b: Corviknight|Bulk Up|p1b: Corviknight\n|-boost|p1b: Corviknight|atk|1\n|-boost|p1b: Corviknight|def|1\n|move|p2a: Ting-Lu|Stomping Tantrum|p1a: Indeedee\n|-activate|p1a: Indeedee|move: Protect\n|\n|-heal|p1b: Corviknight|63\/100|[from] item: Leftovers\n|upkeep\n|turn|5\n|inactive|zapdos95 has 30 seconds left.\n|inactive|Barbie120 has 30 seconds left.\n|\n|t:|1681696265\n|move|p2b: Arcanine|Howl|p2b: Arcanine|[spread] p2a,p2b\n|-boost|p2a: Ting-Lu|atk|1\n|-boost|p2b: Arcanine|atk|1\n|move|p1a: Indeedee|Psychic|p2a: Ting-Lu\n|-supereffective|p2a: Ting-Lu\n|-damage|p2a: Ting-Lu|42\/100\n|-unboost|p2a: Ting-Lu|spd|1\n|move|p1b: Corviknight|Body Press|p2b: Arcanine\n|-damage|p2b: Arcanine|21\/100\n|move|p2a: Ting-Lu|Stomping Tantrum|p1a: Indeedee\n|-damage|p1a: Indeedee|0 fnt\n|faint|p1a: Indeedee\n|\n|-heal|p1b: Corviknight|69\/100|[from] item: Leftovers\n|upkeep\n|\n|t:|1681696276\n|switch|p1a: Chi-Yu|Chi-Yu, L50|100\/100\n|-ability|p1a: Chi-Yu|Beads of Ruin\n|turn|6\n|inactive|zapdos95 has 30 seconds left.\n|\n|t:|1681696302\n|move|p2b: Arcanine|Protect|p2b: Arcanine\n|-singleturn|p2b: Arcanine|Protect\n|move|p1a: Chi-Yu|Psychic|p2a: Ting-Lu\n|-supereffective|p2a: Ting-Lu\n|-damage|p2a: Ting-Lu|0 fnt\n|faint|p2a: Ting-Lu\n|move|p1b: Corviknight|Body Press|p2b: Arcanine\n|-activate|p2b: Arcanine|move: Protect\n|\n|-heal|p1b: Corviknight|75\/100|[from] item: Leftovers\n|upkeep\n|\n|t:|1681696309\n|switch|p2a: Flutter Mane|Flutter Mane, L50|100\/100\n|-enditem|p2a: Flutter Mane|Booster Energy\n|-activate|p2a: Flutter Mane|ability: Protosynthesis|[fromitem]\n|-start|p2a: Flutter Mane|protosynthesisspa\n|turn|7\n|inactive|zapdos95 has 30 seconds left.\n|inactive|zapdos95 has 20 seconds left.\n|inactive|zapdos95 has 15 seconds left.\n|inactive|zapdos95 has 10 seconds left.\n|inactive|zapdos95 has 5 seconds left.\n|\n|t:|1681696360\n|move|p2a: Flutter Mane|Shadow Ball|p1b: Corviknight\n|-damage|p1b: Corviknight|16\/100\n|move|p1a: Chi-Yu|Dark Pulse|p2b: Arcanine\n|-damage|p2b: Arcanine|0 fnt\n|faint|p2b: Arcanine\n|move|p1b: Corviknight|Iron Head|p2a: Flutter Mane\n|-supereffective|p2a: Flutter Mane\n|-damage|p2a: Flutter Mane|0 fnt\n|faint|p2a: Flutter Mane\n|-end|p2a: Flutter Mane|Protosynthesis|[silent]\n|\n|-heal|p1b: Corviknight|22\/100|[from] item: Leftovers\n|upkeep\n|-message|zapdos95 forfeited.\n|\n|win|Barbie120\n|raw|Barbie120's rating: 1299 → 1326<\/strong> (+27 for winning)\n|raw|zapdos95's rating: 1329 → 1307<\/strong> (-22 for losing)\n|l|\u2606zapdos95\n","uploadtime":1681696382,"views":17,"p1id":"barbie120","p2id":"zapdos95","formatid":"gen9vgc2023regulationc","rating":1307,"private":0,"password":""}