{"id":"gen9vgc2023regulationc-1850645763","p1":"Novikuh","p2":"Trinity BLiGHTS","format":"[Gen 9] VGC 2023 Regulation C","log":"|j|\u2606Novikuh\n|j|\u2606Trinity BLiGHTS\n|t:|1682355725\n|gametype|doubles\n|player|p1|Novikuh|n|1099\n|player|p2|Trinity BLiGHTS|ingo|1068\n|teamsize|p1|6\n|teamsize|p2|6\n|gen|9\n|tier|[Gen 9] VGC 2023 Regulation C\n|rated|\n|rule|Species Clause: Limit one of each Pok\u00e9mon\n|rule|Item Clause: Limit one of each item\n|clearpoke\n|poke|p1|Annihilape, L50, M|\n|poke|p1|Maushold, L50|\n|poke|p1|Flutter Mane, L50|\n|poke|p1|Chien-Pao, L50|\n|poke|p1|Farigiraf, L50, M|\n|poke|p1|Arcanine, L50, M|\n|poke|p2|Ceruledge, L50, M|\n|poke|p2|Tinkaton, L50, F|\n|poke|p2|Kilowattrel, L50, M|\n|poke|p2|Avalugg, L50, M|\n|poke|p2|Cyclizar, L50, M|\n|poke|p2|Bellibolt, L50, M|\n|teampreview|4\n|inactive|Battle timer is ON: inactive players will automatically lose when time's up. (requested by Novikuh)\n|inactive|Novikuh has 60 seconds left.\n|inactive|Trinity BLiGHTS has 60 seconds left.\n|\n|t:|1682355779\n|start\n|switch|p1a: Annihilape|Annihilape, L50, M|100\/100\n|switch|p1b: Maushold|Maushold, L50|100\/100\n|switch|p2a: Kilowattrel|Kilowattrel, L50, M|100\/100\n|switch|p2b: Avalugg|Avalugg, L50, M|100\/100\n|turn|1\n|inactive|Trinity BLiGHTS has 30 seconds left.\n|\n|t:|1682355811\n|switch|p2b: Ceruledge|Ceruledge, L50, M|100\/100\n|-terastallize|p1a: Annihilape|Ghost\n|move|p2a: Kilowattrel|Tailwind|p2a: Kilowattrel\n|-sidestart|p2: Trinity BLiGHTS|move: Tailwind\n|move|p1b: Maushold|Super Fang|p2a: Kilowattrel\n|-damage|p2a: Kilowattrel|51\/100\n|move|p1a: Annihilape|Rage Fist|p2a: Kilowattrel\n|-damage|p2a: Kilowattrel|0 fnt\n|faint|p2a: Kilowattrel\n|\n|upkeep\n|inactive|Trinity BLiGHTS has 30 seconds left.\n|\n|t:|1682355841\n|switch|p2a: Bellibolt|Bellibolt, L50, M|100\/100\n|turn|2\n|\n|t:|1682355855\n|-terastallize|p2b: Ceruledge|Fire\n|move|p1b: Maushold|Follow Me|p1b: Maushold\n|-singleturn|p1b: Maushold|move: Follow Me\n|move|p2b: Ceruledge|Bitter Blade|p1b: Maushold\n|-damage|p1b: Maushold|5\/100\n|move|p1a: Annihilape|Rage Fist|p2b: Ceruledge\n|-damage|p2b: Ceruledge|38\/100\n|move|p2a: Bellibolt|Chilling Water|p1b: Maushold\n|-damage|p1b: Maushold|0 fnt\n|faint|p1b: Maushold\n|\n|upkeep\n|\n|t:|1682355869\n|switch|p1b: Flutter Mane|Flutter Mane, L50|100\/100\n|-enditem|p1b: Flutter Mane|Booster Energy\n|-activate|p1b: Flutter Mane|ability: Protosynthesis|[fromitem]\n|-start|p1b: Flutter Mane|protosynthesisspe\n|turn|3\n|inactive|Novikuh has 30 seconds left.\n|inactive|Trinity BLiGHTS has 30 seconds left.\n|\n|t:|1682355901\n|move|p2b: Ceruledge|Bitter Blade|p1a: Annihilape\n|-damage|p1a: Annihilape|28\/100\n|-heal|p2b: Ceruledge|83\/100|[from] drain|[of] p1a: Annihilape\n|move|p1b: Flutter Mane|Shadow Ball|p2b: Ceruledge\n|-damage|p2b: Ceruledge|33\/100\n|move|p1a: Annihilape|Close Combat|p2a: Bellibolt\n|-damage|p2a: Bellibolt|35\/100\n|-unboost|p1a: Annihilape|def|1\n|-unboost|p1a: Annihilape|spd|1\n|-start|p2a: Bellibolt|Charge|Close Combat|[from] ability: Electromorphosis\n|move|p2a: Bellibolt|Volt Switch|p1b: Flutter Mane\n|-damage|p1b: Flutter Mane|36\/100\n|-end|p2a: Bellibolt|Charge|[silent]\n|\n|t:|1682355915\n|switch|p2a: Avalugg|Avalugg, L50, M|100\/100|[from] Volt Switch\n|\n|upkeep\n|turn|4\n|inactive|Novikuh has 30 seconds left.\n|inactive|Novikuh has 20 seconds left.\n|inactive|Novikuh has 15 seconds left.\n|inactive|Novikuh has 10 seconds left.\n|inactive|Novikuh has 5 seconds left.\n|\n|t:|1682355966\n|move|p2b: Ceruledge|Bitter Blade|p1a: Annihilape\n|-damage|p1a: Annihilape|0 fnt\n|-heal|p2b: Ceruledge|50\/100|[from] drain|[of] p1a: Annihilape\n|faint|p1a: Annihilape\n|move|p1b: Flutter Mane|Shadow Ball|p2b: Ceruledge\n|-damage|p2b: Ceruledge|0 fnt\n|faint|p2b: Ceruledge\n|move|p2a: Avalugg|Crunch|p1b: Flutter Mane\n|-damage|p1b: Flutter Mane|0 fnt\n|faint|p1b: Flutter Mane\n|-end|p1b: Flutter Mane|Protosynthesis|[silent]\n|\n|-sideend|p2: Trinity BLiGHTS|move: Tailwind\n|upkeep\n|\n|t:|1682355979\n|switch|p1b: Arcanine|Arcanine, L50, M|100\/100\n|switch|p2b: Bellibolt|Bellibolt, L50, M|35\/100\n|-ability|p1b: Arcanine|Intimidate|boost\n|-fail|p2a: Avalugg|unboost|Attack|[from] ability: Own Tempo|[of] p2a: Avalugg\n|-unboost|p2b: Bellibolt|atk|1\n|turn|5\n|\n|t:|1682355995\n|move|p1b: Arcanine|Flare Blitz|p2b: Bellibolt\n|-damage|p2b: Bellibolt|0 fnt\n|faint|p2b: Bellibolt\n|-damage|p1b: Arcanine|90\/100|[from] Recoil\n|move|p2a: Avalugg|Body Press|p1b: Arcanine\n|-damage|p1b: Arcanine|47\/100\n|-enditem|p1b: Arcanine|Sitrus Berry|[eat]\n|-heal|p1b: Arcanine|72\/100|[from] item: Sitrus Berry\n|\n|upkeep\n|turn|6\n|\n|t:|1682356015\n|move|p1b: Arcanine|Protect|p1b: Arcanine\n|-singleturn|p1b: Arcanine|Protect\n|move|p2a: Avalugg|Protect||[still]\n|-fail|p2a: Avalugg\n|\n|upkeep\n|turn|7\n|\n|t:|1682356027\n|move|p1b: Arcanine|Extreme Speed|p2a: Avalugg\n|-damage|p2a: Avalugg|90\/100\n|move|p2a: Avalugg|Body Press|p1b: Arcanine\n|-damage|p1b: Arcanine|31\/100\n|\n|upkeep\n|turn|8\n|\n|t:|1682356037\n|move|p1b: Arcanine|Protect|p1b: Arcanine\n|-singleturn|p1b: Arcanine|Protect\n|move|p2a: Avalugg|Body Press|p1b: Arcanine\n|-activate|p1b: Arcanine|move: Protect\n|\n|upkeep\n|turn|9\n|\n|t:|1682356044\n|move|p1b: Arcanine|Flare Blitz|p2a: Avalugg\n|-supereffective|p2a: Avalugg\n|-damage|p2a: Avalugg|38\/100\n|-damage|p1b: Arcanine|14\/100|[from] Recoil\n|move|p2a: Avalugg|Body Press|p1b: Arcanine\n|-damage|p1b: Arcanine|0 fnt\n|faint|p1b: Arcanine\n|\n|win|Trinity BLiGHTS\n|raw|Novikuh's rating: 1099 → 1072<\/strong> (-27 for losing)\n|raw|Trinity BLiGHTS's rating: 1068 → 1100<\/strong> (+32 for winning)\n|c|\u2606Trinity BLiGHTS|gg\n","uploadtime":1682356084,"views":17,"p1id":"novikuh","p2id":"trinityblights","formatid":"gen9vgc2023regulationc","rating":1072,"private":0,"password":""}