{"id":"gen9vgc2023regulationc-1845673784","p1":"Dum Mickey","p2":"Bozzolodio","format":"[Gen 9] VGC 2023 Regulation C","log":"|j|\u2606Dum Mickey\n|j|\u2606Bozzolodio\n|t:|1681754476\n|gametype|doubles\n|player|p1|Dum Mickey|pokemaniac|1180\n|player|p2|Bozzolodio|giovanni|1131\n|teamsize|p1|6\n|teamsize|p2|6\n|gen|9\n|tier|[Gen 9] VGC 2023 Regulation C\n|rated|\n|rule|Species Clause: Limit one of each Pok\u00e9mon\n|rule|Item Clause: Limit one of each item\n|clearpoke\n|poke|p1|Palafin, L50, F|\n|poke|p1|Chien-Pao, L50|\n|poke|p1|Dragapult, L50, F|\n|poke|p1|Amoonguss, L50, F|\n|poke|p1|Arcanine, L50, F|\n|poke|p1|Flutter Mane, L50|\n|poke|p2|Talonflame, L50, M|\n|poke|p2|Great Tusk, L50|\n|poke|p2|Magnezone, L50|\n|poke|p2|Chien-Pao, L50|\n|poke|p2|Azumarill, L50, F|\n|poke|p2|Annihilape, L50, F|\n|teampreview|4\n|inactive|Battle timer is ON: inactive players will automatically lose when time's up. (requested by Dum Mickey)\n|inactive|Dum Mickey has 60 seconds left.\n|inactive|Bozzolodio has 60 seconds left.\n|inactive|Dum Mickey has 30 seconds left.\n|c|\u2606Bozzolodio|OHHHHHMAAAAAAAAAAAAAA GAAAAAAAAWD\n|\n|t:|1681754547\n|start\n|switch|p1a: Palafin|Palafin, L50, F|100\/100\n|switch|p1b: Dragapult|Dragapult, L50, F|100\/100\n|switch|p2a: o' piccion|Talonflame, L50, M|100\/100\n|switch|p2b: la scimmia zozza|Annihilape, L50, F|100\/100\n|turn|1\n|c|\u2606Bozzolodio|MOOOOOOOOVEEEE YOOOOOOOO MAMA AAAAS\n|inactive|Dum Mickey has 30 seconds left.\n|\n|t:|1681754573\n|detailschange|p1a: Palafin|Palafin-Hero, L50, F\n|switch|p1a: Amoonguss|Amoonguss, L50, F|100\/100\n|move|p2a: o' piccion|Tailwind|p2a: o' piccion\n|-sidestart|p2: Bozzolodio|move: Tailwind\n|move|p2b: la scimmia zozza|Bulk Up|p2b: la scimmia zozza\n|-boost|p2b: la scimmia zozza|atk|1\n|-boost|p2b: la scimmia zozza|def|1\n|move|p1b: Dragapult|Phantom Force||[still]\n|-prepare|p1b: Dragapult|Phantom Force\n|\n|upkeep\n|turn|2\n|inactive|Bozzolodio has 30 seconds left.\n|inactive|Bozzolodio has 20 seconds left.\n|inactive|Bozzolodio has 15 seconds left.\n|inactive|Bozzolodio has 10 seconds left.\n|inactive|Bozzolodio has 5 seconds left.\n|\n|t:|1681754624\n|move|p2a: o' piccion|Brave Bird|p1a: Amoonguss\n|-supereffective|p1a: Amoonguss\n|-damage|p1a: Amoonguss|10\/100\n|-enditem|p1a: Amoonguss|Sitrus Berry|[eat]\n|-heal|p1a: Amoonguss|35\/100|[from] item: Sitrus Berry\n|-damage|p2a: o' piccion|58\/100|[from] Recoil\n|move|p2b: la scimmia zozza|Bulk Up|p2b: la scimmia zozza\n|-boost|p2b: la scimmia zozza|atk|1\n|-boost|p2b: la scimmia zozza|def|1\n|move|p1b: Dragapult|Phantom Force|p2b: la scimmia zozza|[from]lockedmove\n|-supereffective|p2b: la scimmia zozza\n|-damage|p2b: la scimmia zozza|34\/100\n|move|p1a: Amoonguss|Spore|p2b: la scimmia zozza\n|-activate|p2b: la scimmia zozza|item: Safety Goggles|Spore\n|\n|upkeep\n|turn|3\n|inactive|Dum Mickey has 30 seconds left.\n|inactive|Bozzolodio has 30 seconds left.\n|\n|t:|1681754654\n|move|p1a: Amoonguss|Rage Powder|p1a: Amoonguss\n|-singleturn|p1a: Amoonguss|move: Rage Powder\n|move|p2a: o' piccion|Will-O-Wisp|p1a: Amoonguss\n|-status|p1a: Amoonguss|brn\n|move|p2b: la scimmia zozza|Drain Punch|p1a: Amoonguss\n|-resisted|p1a: Amoonguss\n|-damage|p1a: Amoonguss|4\/100 brn\n|-heal|p2b: la scimmia zozza|50\/100|[from] drain|[of] p1a: Amoonguss\n|move|p1b: Dragapult|Phantom Force||[still]\n|-prepare|p1b: Dragapult|Phantom Force\n|\n|-damage|p1a: Amoonguss|0 fnt|[from] brn\n|faint|p1a: Amoonguss\n|upkeep\n|\n|t:|1681754669\n|switch|p1a: Palafin|Palafin-Hero, L50, F|100\/100\n|-activate|p1a: Palafin|ability: Zero to Hero\n|turn|4\n|\n|t:|1681754683\n|move|p2a: o' piccion|Brave Bird|p1a: Palafin\n|-damage|p1a: Palafin|57\/100\n|-damage|p2a: o' piccion|39\/100|[from] Recoil\n|move|p2b: la scimmia zozza|Drain Punch|p1a: Palafin\n|-damage|p1a: Palafin|0 fnt\n|-heal|p2b: la scimmia zozza|78\/100|[from] drain|[of] p1a: Palafin\n|faint|p1a: Palafin\n|move|p1b: Dragapult|Phantom Force|p2b: la scimmia zozza|[from]lockedmove\n|-supereffective|p2b: la scimmia zozza\n|-damage|p2b: la scimmia zozza|11\/100\n|\n|-sideend|p2: Bozzolodio|move: Tailwind\n|upkeep\n|\n|t:|1681754697\n|switch|p1a: Flutter Mane|Flutter Mane, L50|100\/100\n|-enditem|p1a: Flutter Mane|Booster Energy\n|-activate|p1a: Flutter Mane|ability: Protosynthesis|[fromitem]\n|-start|p1a: Flutter Mane|protosynthesisspa\n|turn|5\n|\n|t:|1681754707\n|move|p2b: la scimmia zozza|Protect|p2b: la scimmia zozza\n|-singleturn|p2b: la scimmia zozza|Protect\n|move|p1b: Dragapult|Phantom Force||[still]\n|-prepare|p1b: Dragapult|Phantom Force\n|move|p2a: o' piccion|Tailwind|p2a: o' piccion\n|-sidestart|p2: Bozzolodio|move: Tailwind\n|move|p1a: Flutter Mane|Dazzling Gleam|p2a: o' piccion|[spread] p2a\n|-activate|p2b: la scimmia zozza|move: Protect\n|-resisted|p2a: o' piccion\n|-damage|p2a: o' piccion|6\/100\n|\n|upkeep\n|turn|6\n|\n|t:|1681754726\n|move|p2a: o' piccion|Brave Bird|p1a: Flutter Mane\n|-damage|p1a: Flutter Mane|26\/100\n|-damage|p2a: o' piccion|0 fnt|[from] Recoil\n|faint|p2a: o' piccion\n|move|p2b: la scimmia zozza|Rage Fist|p1a: Flutter Mane\n|-supereffective|p1a: Flutter Mane\n|-damage|p1a: Flutter Mane|0 fnt\n|faint|p1a: Flutter Mane\n|-end|p1a: Flutter Mane|Protosynthesis|[silent]\n|move|p1b: Dragapult|Phantom Force|p2b: la scimmia zozza|[from]lockedmove\n|-supereffective|p2b: la scimmia zozza\n|-damage|p2b: la scimmia zozza|0 fnt\n|faint|p2b: la scimmia zozza\n|\n|upkeep\n|\n|t:|1681754738\n|switch|p2a: a calamita|Magnezone, L50|100\/100\n|switch|p2b: o sorcio blu|Azumarill, L50, F|100\/100\n|turn|7\n|\n|t:|1681754751\n|-terastallize|p1b: Dragapult|Steel\n|move|p1b: Dragapult|Phantom Force||[still]\n|-prepare|p1b: Dragapult|Phantom Force\n|move|p2a: a calamita|Thunderbolt|p1b: Dragapult|[miss]\n|-miss|p2a: a calamita|p1b: Dragapult\n|move|p2b: o sorcio blu|Play Rough|p1b: Dragapult|[miss]\n|-miss|p2b: o sorcio blu|p1b: Dragapult\n|\n|upkeep\n|turn|8\n|\n|t:|1681754765\n|move|p1b: Dragapult|Phantom Force|p2b: o sorcio blu|[from]lockedmove\n|-damage|p2b: o sorcio blu|26\/100\n|-enditem|p2b: o sorcio blu|Sitrus Berry|[eat]\n|-heal|p2b: o sorcio blu|51\/100|[from] item: Sitrus Berry\n|move|p2a: a calamita|Thunderbolt|p1b: Dragapult\n|-damage|p1b: Dragapult|0 fnt\n|faint|p1b: Dragapult\n|\n|win|Bozzolodio\n|raw|Dum Mickey's rating: 1180 → 1151<\/strong> (-29 for losing)\n|raw|Bozzolodio's rating: 1131 → 1160<\/strong> (+29 for winning)\n","uploadtime":1681754540,"views":10,"p1id":"dummickey","p2id":"bozzolodio","formatid":"gen9vgc2023regulationc","rating":1151,"private":0,"password":""}