{"id":"gen9vgc2023regulationc-1857881245","p1":"johandk","p2":"Kayge","format":"[Gen 9] VGC 2023 Regulation C","log":"|j|\u2606johandk\n|j|\u2606Kayge\n|t:|1683242504\n|gametype|doubles\n|player|p1|johandk|266|1300\n|player|p2|Kayge|psychic|1257\n|teamsize|p1|6\n|teamsize|p2|6\n|gen|9\n|tier|[Gen 9] VGC 2023 Regulation C\n|rated|\n|rule|Species Clause: Limit one of each Pok\u00e9mon\n|rule|Item Clause: Limit one of each item\n|clearpoke\n|poke|p1|Flutter Mane, L50|\n|poke|p1|Amoonguss, L50, F|\n|poke|p1|Chien-Pao, L50|\n|poke|p1|Gyarados, L50, F|\n|poke|p1|Ceruledge, L50, F|\n|poke|p1|Gastrodon-East, L50, F|\n|poke|p2|Tyranitar, L50, M|\n|poke|p2|Lycanroc, L50, F|\n|poke|p2|Garchomp, L50, F|\n|poke|p2|Houndstone, L50, F|\n|poke|p2|Corviknight, L50, M|\n|poke|p2|Hippowdon, L50, M|\n|teampreview|4\n|inactive|Battle timer is ON: inactive players will automatically lose when time's up. (requested by Kayge)\n|\n|t:|1683242558\n|start\n|switch|p1a: Gyarados|Gyarados, L50, F, shiny|100\/100\n|switch|p1b: Ceruledge|Ceruledge, L50, F, shiny|100\/100\n|switch|p2a: Corviknight|Corviknight, L50, M|100\/100\n|switch|p2b: Hippowdon|Hippowdon, L50, M|100\/100\n|-ability|p1a: Gyarados|Intimidate|boost\n|-ability|p2a: Corviknight|Mirror Armor\n|-unboost|p1a: Gyarados|atk|1\n|-unboost|p2b: Hippowdon|atk|1\n|-weather|Sandstorm|[from] ability: Sand Stream|[of] p2b: Hippowdon\n|turn|1\n|inactive|Kayge has 30 seconds left.\n|inactive|Kayge has 20 seconds left.\n|\n|t:|1683242597\n|switch|p2a: Tyranitar|Tyranitar, L50, M|100\/100\n|move|p1b: Ceruledge|Bulk Up|p1b: Ceruledge\n|-boost|p1b: Ceruledge|atk|1\n|-boost|p1b: Ceruledge|def|1\n|move|p1a: Gyarados|Taunt|p2b: Hippowdon\n|-start|p2b: Hippowdon|move: Taunt\n|move|p2b: Hippowdon|Sand Tomb|p1b: Ceruledge\n|-supereffective|p1b: Ceruledge\n|-damage|p1b: Ceruledge|84\/100\n|-activate|p1b: Ceruledge|move: Sand Tomb|[of] p2b: Hippowdon\n|\n|-weather|Sandstorm|[upkeep]\n|-damage|p1b: Ceruledge|78\/100|[from] Sandstorm\n|-damage|p1b: Ceruledge|61\/100|[from] move: Sand Tomb|[partiallytrapped]\n|upkeep\n|turn|2\n|inactive|johandk has 30 seconds left.\n|inactive|Kayge has 30 seconds left.\n|\n|t:|1683242630\n|-terastallize|p1b: Ceruledge|Grass\n|move|p1b: Ceruledge|Bitter Blade|p2b: Hippowdon\n|-damage|p2b: Hippowdon|54\/100\n|-heal|p1b: Ceruledge|89\/100|[from] drain|[of] p2b: Hippowdon\n|move|p1a: Gyarados|Thunder Wave|p2a: Tyranitar\n|-status|p2a: Tyranitar|par\n|move|p2b: Hippowdon|Sand Tomb|p1a: Gyarados\n|-immune|p1a: Gyarados\n|move|p2a: Tyranitar|Payback|p1b: Ceruledge\n|-damage|p1b: Ceruledge|42\/100\n|\n|-weather|Sandstorm|[upkeep]\n|-damage|p1b: Ceruledge|36\/100|[from] Sandstorm\n|-damage|p1b: Ceruledge|20\/100|[from] move: Sand Tomb|[partiallytrapped]\n|upkeep\n|turn|3\n|inactive|johandk has 30 seconds left.\n|inactive|Kayge has 30 seconds left.\n|\n|t:|1683242665\n|move|p1b: Ceruledge|Bitter Blade|p2b: Hippowdon\n|-damage|p2b: Hippowdon|12\/100\n|-heal|p1b: Ceruledge|45\/100|[from] drain|[of] p2b: Hippowdon\n|move|p1a: Gyarados|Waterfall|p2b: Hippowdon\n|-supereffective|p2b: Hippowdon\n|-damage|p2b: Hippowdon|0 fnt\n|faint|p2b: Hippowdon\n|cant|p2a: Tyranitar|par\n|\n|-weather|Sandstorm|[upkeep]\n|-damage|p1b: Ceruledge|39\/100|[from] Sandstorm\n|-end|p1b: Ceruledge|Sand Tomb|[partiallytrapped]|[silent]\n|upkeep\n|\n|t:|1683242677\n|switch|p2b: Houndstone|Houndstone, L50, F|100\/100\n|turn|4\n|\n|t:|1683242689\n|switch|p1a: Cordyceps|Amoonguss, L50, F, shiny|100\/100\n|move|p1b: Ceruledge|Protect|p1b: Ceruledge\n|-singleturn|p1b: Ceruledge|Protect\n|move|p2b: Houndstone|Last Respects|p1b: Ceruledge\n|-activate|p1b: Ceruledge|move: Protect\n|move|p2a: Tyranitar|Rock Slide|p1a: Cordyceps|[spread] p1a\n|-activate|p1b: Ceruledge|move: Protect\n|-damage|p1a: Cordyceps|69\/100\n|\n|-weather|Sandstorm|[upkeep]\n|-damage|p1b: Ceruledge|33\/100|[from] Sandstorm\n|-damage|p1a: Cordyceps|63\/100|[from] Sandstorm\n|upkeep\n|turn|5\n|\n|t:|1683242710\n|move|p1a: Cordyceps|Rage Powder|p1a: Cordyceps\n|-singleturn|p1a: Cordyceps|move: Rage Powder\n|move|p2b: Houndstone|Last Respects|p1a: Cordyceps\n|-damage|p1a: Cordyceps|9\/100\n|-enditem|p1a: Cordyceps|Sitrus Berry|[eat]\n|-heal|p1a: Cordyceps|34\/100|[from] item: Sitrus Berry\n|-damage|p2b: Houndstone|91\/100|[from] item: Life Orb\n|move|p1b: Ceruledge|Bitter Blade|p2b: Houndstone\n|-damage|p2b: Houndstone|28\/100\n|-heal|p1b: Ceruledge|64\/100|[from] drain|[of] p2b: Houndstone\n|cant|p2a: Tyranitar|par\n|\n|-weather|none\n|upkeep\n|turn|6\n|inactive|Kayge has 30 seconds left.\n|inactive|Kayge has 20 seconds left.\n|\n|t:|1683242746\n|move|p1b: Ceruledge|Shadow Sneak|p2b: Houndstone\n|-supereffective|p2b: Houndstone\n|-damage|p2b: Houndstone|0 fnt\n|faint|p2b: Houndstone\n|move|p2a: Tyranitar|Ice Punch|p1b: Ceruledge\n|-supereffective|p1b: Ceruledge\n|-damage|p1b: Ceruledge|22\/100\n|move|p1a: Cordyceps|Pollen Puff|p1b: Ceruledge\n|-heal|p1b: Ceruledge|72\/100\n|\n|upkeep\n|-message|Kayge forfeited.\n|\n|win|johandk\n|raw|johandk's rating: 1300 → 1322<\/strong> (+22 for winning)\n|raw|Kayge's rating: 1257 → 1235<\/strong> (-22 for losing)\n|l|\u2606Kayge\n","uploadtime":1683242772,"views":6,"p1id":"johandk","p2id":"kayge","formatid":"gen9vgc2023regulationc","rating":1235,"private":0,"password":""}