{"id":"gen9vgc2023regulationc-1854906887","p1":"JaVpad1spi","p2":"Plopy14","format":"[Gen 9] VGC 2023 Regulation C","log":"|j|\u2606JaVpad1spi\n|j|\u2606Plopy14\n|t:|1682879414\n|gametype|doubles\n|player|p1|JaVpad1spi|unknownf|\n|player|p2|Plopy14|blaine|\n|teamsize|p1|6\n|teamsize|p2|6\n|gen|9\n|tier|[Gen 9] VGC 2023 Regulation C\n|rated|Tournament battle\n|rule|Species Clause: Limit one of each Pok\u00e9mon\n|rule|Item Clause: Limit one of each item\n|clearpoke\n|poke|p1|Chi-Yu, L50|\n|poke|p1|Flutter Mane, L50|\n|poke|p1|Iron Bundle, L50|\n|poke|p1|Palafin, L50, F|\n|poke|p1|Arcanine, L50, F|\n|poke|p1|Amoonguss, L50, M|\n|poke|p2|Palafin, L50, M|\n|poke|p2|Pelipper, L50, F|\n|poke|p2|Amoonguss, L50, M|\n|poke|p2|Iron Hands, L50|\n|poke|p2|Flutter Mane, L50|\n|poke|p2|Baxcalibur, L50, F|\n|teampreview|4\n|raw| Open Team Sheet for JaVpad1spi<\/summary>Chi-Yu @ Choice Specs Ability: Beads of Ruin Level: 50 Tera Type: Fire - Heat Wave - Overheat - Dark Pulse - Psychic Flutter Mane @ Focus Sash Ability: Protosynthesis Level: 50 Tera Type: Psychic - Dazzling Gleam - Shadow Ball - Psyshock - Protect Iron Bundle @ Booster Energy Ability: Quark Drive Level: 50 Tera Type: Ghost - Icy Wind - Taunt - Encore - Hydro Pump Palafin @ Mystic Water Ability: Zero to Hero Level: 50 Tera Type: Water - Wave Crash - Jet Punch - Haze - Protect Arcanine @ Safety Goggles Ability: Intimidate Level: 50 Tera Type: Water - Will-O-Wisp - Protect - Extreme Speed - Snarl Amoonguss @ Sitrus Berry Ability: Regenerator Level: 50 Tera Type: Water - Spore - Pollen Puff - Protect - Rage Powder <\/details><\/div> Open Team Sheet for Plopy14<\/summary>Palafin @ Mystic Water Ability: Zero to Hero Level: 50 Tera Type: Grass - Wave Crash - Jet Punch - Haze - Protect Pelipper @ Focus Sash Ability: Drizzle Level: 50 Tera Type: Flying - Hurricane - Hydro Pump - Tailwind - Protect Amoonguss @ Sitrus Berry Ability: Regenerator Level: 50 Tera Type: Steel - Spore - Rage Powder - Pollen Puff - Protect Iron Hands @ Assault Vest Ability: Quark Drive Level: 50 Tera Type: Grass - Fake Out - Wild Charge - Close Combat - Volt Switch Flutter Mane @ Choice Specs Ability: Protosynthesis Level: 50 Tera Type: Fairy - Moonblast - Dazzling Gleam - Shadow Ball - Thunder Baxcalibur @ Clear Amulet Ability: Thermal Exchange Level: 50 Tera Type: Poison - Icicle Crash - Ice Shard - Glaive Rush - Protect <\/details><\/div>\n|inactive|Battle timer is ON: inactive players will automatically lose when time's up. (requested by JaVpad1spi)\n|c|\u2606JaVpad1spi|glhf\n|inactive|JaVpad1spi has 60 seconds left.\n|\n|t:|1682879472\n|start\n|switch|p1a: Flutter Mane|Flutter Mane, L50|100\/100\n|switch|p1b: Iron Bundle|Iron Bundle, L50|100\/100\n|switch|p2a: Baxcalibur|Baxcalibur, L50, F|100\/100\n|switch|p2b: Palafin|Palafin, L50, M|100\/100\n|-enditem|p1b: Iron Bundle|Booster Energy\n|-activate|p1b: Iron Bundle|ability: Quark Drive|[fromitem]\n|-start|p1b: Iron Bundle|quarkdrivespe\n|turn|1\n|inactive|Plopy14 has 30 seconds left.\n|\n|t:|1682879499\n|move|p2b: Palafin|Protect|p2b: Palafin\n|-singleturn|p2b: Palafin|Protect\n|move|p1b: Iron Bundle|Hydro Pump|p2b: Palafin\n|-activate|p2b: Palafin|move: Protect\n|move|p1a: Flutter Mane|Dazzling Gleam|p2a: Baxcalibur|[spread] p2a\n|-activate|p2b: Palafin|move: Protect\n|-supereffective|p2a: Baxcalibur\n|-damage|p2a: Baxcalibur|45\/100\n|move|p2a: Baxcalibur|Icicle Crash|p1a: Flutter Mane\n|-enditem|p1a: Flutter Mane|Focus Sash\n|-damage|p1a: Flutter Mane|1\/100\n|\n|upkeep\n|turn|2\n|j| PigsRuleVGC!!!\n|inactive|JaVpad1spi has 30 seconds left.\n|inactive|JaVpad1spi has 20 seconds left.\n|inactive|JaVpad1spi has 15 seconds left.\n|l| PigsRuleVGC!!!\n|\n|t:|1682879543\n|detailschange|p2b: Palafin|Palafin-Hero, L50, M\n|switch|p2b: Pelipper|Pelipper, L50, F|100\/100\n|-weather|RainDance|[from] ability: Drizzle|[of] p2b: Pelipper\n|move|p1a: Flutter Mane|Protect|p1a: Flutter Mane\n|-singleturn|p1a: Flutter Mane|Protect\n|move|p1b: Iron Bundle|Hydro Pump|p2a: Baxcalibur\n|-resisted|p2a: Baxcalibur\n|-damage|p2a: Baxcalibur|8\/100\n|move|p2a: Baxcalibur|Glaive Rush|p1b: Iron Bundle\n|-damage|p1b: Iron Bundle|20\/100\n|-singlemove|p2a: Baxcalibur|Glaive Rush|[silent]\n|\n|-weather|RainDance|[upkeep]\n|upkeep\n|turn|3\n|inactive|Plopy14 has 30 seconds left.\n|\n|t:|1682879569\n|-end|p1a: Flutter Mane|Protosynthesis|[silent]\n|switch|p1a: Chi-Yu|Chi-Yu, L50|100\/100\n|-ability|p1a: Chi-Yu|Beads of Ruin\n|move|p2b: Pelipper|Protect|p2b: Pelipper\n|-singleturn|p2b: Pelipper|Protect\n|move|p2a: Baxcalibur|Ice Shard|p1a: Chi-Yu\n|-resisted|p1a: Chi-Yu\n|-damage|p1a: Chi-Yu|80\/100\n|move|p1b: Iron Bundle|Icy Wind|p2a: Baxcalibur|[spread] p2a\n|-activate|p2b: Pelipper|move: Protect\n|-damage|p2a: Baxcalibur|0 fnt\n|faint|p2a: Baxcalibur\n|\n|-weather|RainDance|[upkeep]\n|upkeep\n|\n|t:|1682879571\n|switch|p2a: Palafin|Palafin-Hero, L50, M|100\/100\n|-activate|p2a: Palafin|ability: Zero to Hero\n|turn|4\n|inactive|Plopy14 has 30 seconds left.\n|\n|t:|1682879600\n|move|p2a: Palafin|Jet Punch|p1a: Chi-Yu\n|-supereffective|p1a: Chi-Yu\n|-damage|p1a: Chi-Yu|0 fnt\n|faint|p1a: Chi-Yu\n|move|p1b: Iron Bundle|Hydro Pump|p2a: Palafin\n|-resisted|p2a: Palafin\n|-damage|p2a: Palafin|57\/100\n|move|p2b: Pelipper|Tailwind|p2b: Pelipper\n|-sidestart|p2: Plopy14|move: Tailwind\n|\n|-weather|RainDance|[upkeep]\n|upkeep\n|\n|t:|1682879605\n|switch|p1a: Amoonguss|Amoonguss, L50, M|100\/100\n|turn|5\n|inactive|Plopy14 has 30 seconds left.\n|\n|t:|1682879640\n|-terastallize|p2b: Pelipper|Flying\n|move|p2a: Palafin|Protect|p2a: Palafin\n|-singleturn|p2a: Palafin|Protect\n|move|p1b: Iron Bundle|Encore|p2b: Pelipper\n|-start|p2b: Pelipper|Encore\n|move|p2b: Pelipper|Tailwind||[still]\n|-fail|p2b: Pelipper\n|move|p1a: Amoonguss|Spore|p2a: Palafin\n|-activate|p2a: Palafin|move: Protect\n|\n|-weather|RainDance|[upkeep]\n|upkeep\n|turn|6\n|\n|t:|1682879651\n|switch|p2b: Flutter Mane|Flutter Mane, L50|100\/100\n|move|p1b: Iron Bundle|Hydro Pump|p2b: Flutter Mane\n|-damage|p2b: Flutter Mane|17\/100\n|move|p2a: Palafin|Wave Crash|p1b: Iron Bundle\n|-resisted|p1b: Iron Bundle\n|-damage|p1b: Iron Bundle|0 fnt\n|faint|p1b: Iron Bundle\n|-end|p1b: Iron Bundle|Quark Drive|[silent]\n|-damage|p2a: Palafin|53\/100|[from] Recoil\n|move|p1a: Amoonguss|Spore|p2a: Palafin\n|-status|p2a: Palafin|slp|[from] move: Spore\n|\n|-weather|none\n|upkeep\n|\n|t:|1682879658\n|switch|p1b: Flutter Mane|Flutter Mane, L50|1\/100\n|turn|7\n|\n|t:|1682879682\n|switch|p2a: Pelipper|Pelipper, L50, F, tera:Flying|100\/100\n|-weather|RainDance|[from] ability: Drizzle|[of] p2a: Pelipper\n|move|p1b: Flutter Mane|Protect|p1b: Flutter Mane\n|-singleturn|p1b: Flutter Mane|Protect\n|move|p2b: Flutter Mane|Dazzling Gleam|p1a: Amoonguss|[spread] p1a\n|-activate|p1b: Flutter Mane|move: Protect\n|-resisted|p1a: Amoonguss\n|-damage|p1a: Amoonguss|82\/100\n|move|p1a: Amoonguss|Spore|p2b: Flutter Mane\n|-status|p2b: Flutter Mane|slp|[from] move: Spore\n|\n|-weather|RainDance|[upkeep]\n|-sideend|p2: Plopy14|move: Tailwind\n|upkeep\n|turn|8\n|inactive|JaVpad1spi has 30 seconds left.\n|inactive|JaVpad1spi has 20 seconds left.\n|\n|t:|1682879718\n|-terastallize|p1a: Amoonguss|Water\n|move|p1a: Amoonguss|Rage Powder|p1a: Amoonguss\n|-singleturn|p1a: Amoonguss|move: Rage Powder\n|move|p1b: Flutter Mane|Shadow Ball|p2a: Pelipper\n|-damage|p2a: Pelipper|25\/100\n|cant|p2b: Flutter Mane|slp\n|move|p2a: Pelipper|Hurricane|p1a: Amoonguss\n|-damage|p1a: Amoonguss|19\/100\n|-start|p1a: Amoonguss|confusion\n|-enditem|p1a: Amoonguss|Sitrus Berry|[eat]\n|-heal|p1a: Amoonguss|44\/100|[from] item: Sitrus Berry\n|\n|-weather|RainDance|[upkeep]\n|upkeep\n|turn|9\n|\n|t:|1682879738\n|-activate|p1a: Amoonguss|confusion\n|move|p1a: Amoonguss|Rage Powder|p1a: Amoonguss\n|-singleturn|p1a: Amoonguss|move: Rage Powder\n|move|p1b: Flutter Mane|Dazzling Gleam|p2a: Pelipper|[spread] p2a,p2b\n|-damage|p2a: Pelipper|0 fnt\n|-damage|p2b: Flutter Mane|0 fnt\n|faint|p2a: Pelipper\n|faint|p2b: Flutter Mane\n|-end|p2b: Flutter Mane|Protosynthesis|[silent]\n|\n|-weather|RainDance|[upkeep]\n|upkeep\n|\n|t:|1682879742\n|switch|p2b: Palafin|Palafin-Hero, L50, M|53\/100 slp\n|turn|10\n|-message|Plopy14 forfeited.\n|\n|win|JaVpad1spi\n|n|\u2606JaVpad1spi|javpad1spi\n|n|\u2606Plopy14|plopy14\n|l|\u2606Plopy14\n","uploadtime":1682880912,"views":11,"p1id":"javpad1spi","p2id":"plopy14","formatid":"gen9vgc2023regulationc","rating":0,"private":0,"password":""}