{"id":"gen9vgc2023regulationc-1854330299","p1":"BatteryLicker","p2":"TeacherGus","format":"[Gen 9] VGC 2023 Regulation C","log":"|j|\u2606BatteryLicker\n|j|\u2606TeacherGus\n|t:|1682797785\n|gametype|doubles\n|player|p1|BatteryLicker|acetrainer-gen4dp|1100\n|player|p2|TeacherGus|169|1081\n|teamsize|p1|6\n|teamsize|p2|6\n|gen|9\n|tier|[Gen 9] VGC 2023 Regulation C\n|rated|\n|rule|Species Clause: Limit one of each Pok\u00e9mon\n|rule|Item Clause: Limit one of each item\n|clearpoke\n|poke|p1|Tsareena, L50, F|\n|poke|p1|Ting-Lu, L50|\n|poke|p1|Garganacl, L50, M|\n|poke|p1|Wo-Chien, L50|\n|poke|p1|Flutter Mane, L50|\n|poke|p1|Hatterene, L50, F|\n|poke|p2|Palafin, L50, M|\n|poke|p2|Dragapult, L50, M|\n|poke|p2|Amoonguss, L50, F|\n|poke|p2|Arcanine, L50, M|\n|poke|p2|Flutter Mane, L50|\n|poke|p2|Great Tusk, L50|\n|teampreview|4\n|\n|t:|1682797818\n|start\n|switch|p1a: Tsareena|Tsareena, L50, F, shiny|100\/100\n|switch|p1b: Ting-Lu|Ting-Lu, L50|100\/100\n|switch|p2a: Dnite|Dragapult, L50, M|100\/100\n|switch|p2b: Great Tusk|Great Tusk, L50|100\/100\n|-ability|p1b: Ting-Lu|Vessel of Ruin\n|turn|1\n|inactive|Battle timer is ON: inactive players will automatically lose when time's up. (requested by TeacherGus)\n|\n|t:|1682797843\n|-end|p2b: Great Tusk|Protosynthesis|[silent]\n|switch|p2b: WoChien|Amoonguss, L50, F|100\/100\n|move|p2a: Dnite|U-turn|p1a: Tsareena\n|-supereffective|p1a: Tsareena\n|-damage|p1a: Tsareena|36\/100\n|-enditem|p1a: Tsareena|Sitrus Berry|[eat]\n|-heal|p1a: Tsareena|60\/100|[from] item: Sitrus Berry\n|\n|t:|1682797851\n|switch|p2a: ChiYu|Arcanine, L50, M|100\/100|[from] U-turn\n|-ability|p2a: ChiYu|Intimidate|boost\n|-unboost|p1a: Tsareena|atk|1\n|-unboost|p1b: Ting-Lu|atk|1\n|move|p1a: Tsareena|Trop Kick|p2a: ChiYu\n|-resisted|p2a: ChiYu\n|-damage|p2a: ChiYu|90\/100\n|-unboost|p2a: ChiYu|atk|1\n|move|p1b: Ting-Lu|Fissure|p2b: WoChien\n|-damage|p2b: WoChien|0 fnt\n|faint|p2b: WoChien\n|-ohko\n|\n|upkeep\n|\n|t:|1682797869\n|switch|p2b: Dnite|Dragapult, L50, M|100\/100\n|turn|2\n|\n|t:|1682797886\n|-terastallize|p2a: ChiYu|Flying\n|move|p1a: Tsareena|Protect|p1a: Tsareena\n|-singleturn|p1a: Tsareena|Protect\n|move|p2b: Dnite|U-turn|p1a: Tsareena\n|-activate|p1a: Tsareena|move: Protect\n|move|p2a: ChiYu|Will-O-Wisp|p1b: Ting-Lu\n|-status|p1b: Ting-Lu|brn\n|move|p1b: Ting-Lu|Ruination|p2a: ChiYu\n|-damage|p2a: ChiYu|46\/100\n|\n|-damage|p1b: Ting-Lu|94\/100 brn|[from] brn\n|upkeep\n|turn|3\n|inactive|TeacherGus has 30 seconds left.\n|\n|t:|1682797914\n|switch|p1a: Wo-Chien|Wo-Chien, L50|100\/100\n|-ability|p1a: Wo-Chien|Tablets of Ruin\n|move|p2b: Dnite|U-turn|p1a: Wo-Chien\n|-supereffective|p1a: Wo-Chien\n|-damage|p1a: Wo-Chien|25\/100\n|\n|t:|1682797921\n|switch|p2b: Great Tusk|Great Tusk, L50|100\/100|[from] U-turn\n|move|p2a: ChiYu|Flare Blitz|p1a: Wo-Chien\n|-supereffective|p1a: Wo-Chien\n|-damage|p1a: Wo-Chien|0 fnt\n|faint|p1a: Wo-Chien\n|-damage|p2a: ChiYu|37\/100|[from] Recoil\n|move|p1b: Ting-Lu|Fissure|p2b: Great Tusk\n|-damage|p2b: Great Tusk|0 fnt\n|faint|p2b: Great Tusk\n|-end|p2b: Great Tusk|Protosynthesis|[silent]\n|-ohko\n|\n|-damage|p1b: Ting-Lu|88\/100 brn|[from] brn\n|upkeep\n|\n|t:|1682797938\n|switch|p2b: Dnite|Dragapult, L50, M|100\/100\n|switch|p1a: Hatterene|Hatterene, L50, F|100\/100\n|turn|4\n|c|\u2606TeacherGus|.... seriusly?\n|inactive|TeacherGus has 30 seconds left.\n|\n|t:|1682797972\n|move|p2b: Dnite|Dragon Darts|p1b: Ting-Lu\n|-damage|p1b: Ting-Lu|68\/100 brn\n|-anim|p2b: Dnite|Dragon Darts|p1b: Ting-Lu\n|-damage|p1b: Ting-Lu|45\/100 brn\n|move|p2a: ChiYu|Flare Blitz|p1a: Hatterene\n|-damage|p1a: Hatterene|69\/100\n|-damage|p2a: ChiYu|29\/100|[from] Recoil\n|move|p1b: Ting-Lu|Fissure|p2b: Dnite|[miss]\n|-miss|p1b: Ting-Lu|p2b: Dnite\n|move|p1a: Hatterene|Calm Mind|p1a: Hatterene\n|-boost|p1a: Hatterene|spa|1\n|-boost|p1a: Hatterene|spd|1\n|\n|-damage|p1b: Ting-Lu|39\/100 brn|[from] brn\n|upkeep\n|turn|5\n|c|\u2606BatteryLicker|lucky hour ig\n|\n|t:|1682797992\n|move|p2b: Dnite|Dragon Darts|p1b: Ting-Lu\n|-damage|p1b: Ting-Lu|17\/100 brn\n|-anim|p2b: Dnite|Dragon Darts|p1b: Ting-Lu\n|-damage|p1b: Ting-Lu|0 fnt\n|faint|p1b: Ting-Lu\n|move|p2a: ChiYu|Flare Blitz|p1a: Hatterene\n|-damage|p1a: Hatterene|41\/100\n|-damage|p2a: ChiYu|21\/100|[from] Recoil\n|move|p1a: Hatterene|Calm Mind|p1a: Hatterene\n|-boost|p1a: Hatterene|spa|1\n|-boost|p1a: Hatterene|spd|1\n|\n|upkeep\n|\n|t:|1682797996\n|switch|p1b: Tsareena|Tsareena, L50, F, shiny|60\/100\n|turn|6\n|\n|t:|1682798017\n|move|p1b: Tsareena|Protect|p1b: Tsareena\n|-singleturn|p1b: Tsareena|Protect\n|move|p2b: Dnite|Dragon Darts|p1a: Hatterene\n|-immune|p1a: Hatterene\n|move|p2a: ChiYu|Flare Blitz|p1b: Tsareena\n|-activate|p1b: Tsareena|move: Protect\n|move|p1a: Hatterene|Draining Kiss|p2b: Dnite\n|-supereffective|p2b: Dnite\n|-damage|p2b: Dnite|0 fnt\n|-heal|p1a: Hatterene|100\/100|[from] drain|[of] p2b: Dnite\n|faint|p2b: Dnite\n|\n|upkeep\n|turn|7\n|\n|t:|1682798033\n|move|p2a: ChiYu|Flare Blitz|p1b: Tsareena\n|-supereffective|p1b: Tsareena\n|-damage|p1b: Tsareena|0 fnt\n|faint|p1b: Tsareena\n|-damage|p2a: ChiYu|3\/100|[from] Recoil\n|move|p1a: Hatterene|Stored Power|p2a: ChiYu\n|-damage|p2a: ChiYu|0 fnt\n|faint|p2a: ChiYu\n|\n|win|BatteryLicker\n|raw|BatteryLicker's rating: 1100 → 1124<\/strong> (+24 for winning)\n|raw|TeacherGus's rating: 1081 → 1060<\/strong> (-21 for losing)\n|c|\u2606BatteryLicker|gg\n|l|\u2606BatteryLicker\n","uploadtime":1682798067,"views":15,"p1id":"batterylicker","p2id":"teachergus","formatid":"gen9vgc2023regulationc","rating":1060,"private":0,"password":""}