{"id":"gen9vgc2023regulationc-1853103689","p1":"Naricedilussovgc","p2":"MightyMudsdale","format":"[Gen 9] VGC 2023 Regulation C","log":"|j|\u2606Naricedilussovgc\n|j|\u2606MightyMudsdale\n|t:|1682635567\n|gametype|doubles\n|player|p1|Naricedilussovgc|2|1325\n|player|p2|MightyMudsdale|nessa-masters|1329\n|teamsize|p1|6\n|teamsize|p2|6\n|gen|9\n|tier|[Gen 9] VGC 2023 Regulation C\n|rated|\n|rule|Species Clause: Limit one of each Pok\u00e9mon\n|rule|Item Clause: Limit one of each item\n|clearpoke\n|poke|p1|Garchomp, L50, M|\n|poke|p1|Talonflame, L50, F|\n|poke|p1|Orthworm, L50, M|\n|poke|p1|Abomasnow, L50, F|\n|poke|p1|Iron Hands, L50|\n|poke|p1|Chien-Pao, L50|\n|poke|p2|Iron Bundle, L50|\n|poke|p2|Flutter Mane, L50|\n|poke|p2|Chi-Yu, L50|\n|poke|p2|Murkrow, L50, M|\n|poke|p2|Garchomp, L50, M|\n|poke|p2|Brute Bonnet, L50|\n|teampreview|4\n|c|\u2606MightyMudsdale|gl hf\nMightyMudsdale has agreed to open team sheets.\n|\n|t:|1682635603\n|start\n|switch|p1a: ANTONIO|Garchomp, L50, M|100\/100\n|switch|p1b: MAHHH|Talonflame, L50, F|100\/100\n|switch|p2a: Murkrow|Murkrow, L50, M|100\/100\n|switch|p2b: Garchomp|Garchomp, L50, M|100\/100\n|turn|1\n|\n|t:|1682635624\n|-terastallize|p2b: Garchomp|Ground\n|move|p1b: MAHHH|Tailwind|p1b: MAHHH\n|-sidestart|p1: Naricedilussovgc|move: Tailwind\n|move|p2a: Murkrow|Tailwind|p2a: Murkrow\n|-sidestart|p2: MightyMudsdale|move: Tailwind\n|move|p1a: ANTONIO|Dragon Claw|p2b: Garchomp\n|-damage|p2b: Garchomp|63\/100\n|-damage|p1a: ANTONIO|88\/100|[from] ability: Rough Skin|[of] p2b: Garchomp\n|move|p2b: Garchomp|Rock Slide|p1a: ANTONIO|[spread] p1a,p1b\n|-resisted|p1a: ANTONIO\n|-supereffective|p1b: MAHHH\n|-damage|p1a: ANTONIO|74\/100\n|-damage|p1b: MAHHH|0 fnt\n|faint|p1b: MAHHH\n|\n|upkeep\n|\n|t:|1682635645\n|switch|p1b: CUMBINATTT|Chien-Pao, L50|100\/100\n|-ability|p1b: CUMBINATTT|Sword of Ruin\n|turn|2\n|\n|t:|1682635672\n|switch|p1a: CHE|Orthworm, L50, M, shiny|100\/100\n|move|p1b: CUMBINATTT|Ice Spinner|p2a: Murkrow\n|-supereffective|p2a: Murkrow\n|-damage|p2a: Murkrow|0 fnt\n|faint|p2a: Murkrow\n|move|p2b: Garchomp|Rock Slide|p1b: CUMBINATTT|[spread] p1a,p1b\n|-resisted|p1a: CHE\n|-supereffective|p1b: CUMBINATTT\n|-damage|p1a: CHE|87\/100\n|-damage|p1b: CUMBINATTT|11\/100\n|\n|upkeep\n|\n|t:|1682635682\n|switch|p2a: Chi-Yu|Chi-Yu, L50|100\/100\n|-ability|p2a: Chi-Yu|Beads of Ruin\n|turn|3\n|\n|t:|1682635702\n|-terastallize|p1a: CHE|Fire\n|move|p1b: CUMBINATTT|Protect|p1b: CUMBINATTT\n|-singleturn|p1b: CUMBINATTT|Protect\n|move|p2a: Chi-Yu|Heat Wave|p1b: CUMBINATTT|[spread] p1a\n|-activate|p1b: CUMBINATTT|move: Protect\n|-resisted|p1a: CHE\n|-damage|p1a: CHE|59\/100\n|move|p2b: Garchomp|Rock Slide|p1a: CHE|[spread] p1a\n|-activate|p1b: CUMBINATTT|move: Protect\n|-supereffective|p1a: CHE\n|-damage|p1a: CHE|3\/100\n|-enditem|p1a: CHE|Sitrus Berry|[eat]\n|-heal|p1a: CHE|28\/100|[from] item: Sitrus Berry\n|move|p1a: CHE|Iron Defense|p1a: CHE\n|-boost|p1a: CHE|def|2\n|\n|upkeep\n|turn|4\n|\n|t:|1682635740\n|switch|p2a: Flutter Mane|Flutter Mane, L50|100\/100\n|move|p1b: CUMBINATTT|Ice Spinner|p2b: Garchomp\n|-supereffective|p2b: Garchomp\n|-damage|p2b: Garchomp|0 fnt\n|-damage|p1b: CUMBINATTT|0 fnt|[from] ability: Rough Skin|[of] p2b: Garchomp\n|faint|p2b: Garchomp\n|faint|p1b: CUMBINATTT\n|move|p1a: CHE|Body Press|p2a: Flutter Mane\n|-immune|p2a: Flutter Mane\n|\n|-sideend|p2: MightyMudsdale|move: Tailwind\n|-sideend|p1: Naricedilussovgc|move: Tailwind\n|upkeep\n|\n|t:|1682635753\n|switch|p1b: ANTONIO|Garchomp, L50, M|74\/100\n|switch|p2b: Chi-Yu|Chi-Yu, L50|100\/100\n|-ability|p2b: Chi-Yu|Beads of Ruin\n|turn|5\n|\n|t:|1682635766\n|move|p1b: ANTONIO|Earthquake|p2a: Flutter Mane|[spread] p2a,p2b\n|-heal|p1a: CHE|52\/100|[from] ability: Earth Eater|[of] p1b: ANTONIO\n|-supereffective|p2b: Chi-Yu\n|-damage|p2a: Flutter Mane|36\/100\n|-damage|p2b: Chi-Yu|0 fnt\n|faint|p2b: Chi-Yu\n|move|p2a: Flutter Mane|Moonblast|p1b: ANTONIO\n|-supereffective|p1b: ANTONIO\n|-damage|p1b: ANTONIO|0 fnt\n|faint|p1b: ANTONIO\n|move|p1a: CHE|Iron Head|p2a: Flutter Mane\n|-supereffective|p2a: Flutter Mane\n|-crit|p2a: Flutter Mane\n|-damage|p2a: Flutter Mane|0 fnt\n|faint|p2a: Flutter Mane\n|-end|p2a: Flutter Mane|Protosynthesis|[silent]\n|\n|win|Naricedilussovgc\n|raw|Naricedilussovgc's rating: 1325 → 1345<\/strong> (+20 for winning)\n|raw|MightyMudsdale's rating: 1329 → 1309<\/strong> (-20 for losing)\n|l|\u2606MightyMudsdale\n","uploadtime":1682635801,"views":9,"p1id":"naricedilussovgc","p2id":"mightymudsdale","formatid":"gen9vgc2023regulationc","rating":1309,"private":0,"password":""}