{"id":"gen9vgc2023regulationc-1864128338","p1":"Fliipturn","p2":"wester7","format":"[Gen 9] VGC 2023 Regulation C","log":"|j|\u2606Fliipturn\n|j|\u2606wester7\n|t:|1684121604\n|gametype|doubles\n|player|p1|Fliipturn|lucian|1172\n|player|p2|wester7|266|1268\n|teamsize|p1|6\n|teamsize|p2|6\n|gen|9\n|tier|[Gen 9] VGC 2023 Regulation C\n|rated|\n|rule|Species Clause: Limit one of each Pok\u00e9mon\n|rule|Item Clause: Limit one of each item\n|clearpoke\n|poke|p1|Baxcalibur, L50, F|\n|poke|p1|Flutter Mane, L50|\n|poke|p1|Arcanine, L50, F|\n|poke|p1|Palafin, L50, M|\n|poke|p1|Amoonguss, L50, F|\n|poke|p1|Iron Hands, L50|\n|poke|p2|Ting-Lu, L50|\n|poke|p2|Gyarados, L50, M|\n|poke|p2|Bronzong, L50|\n|poke|p2|Abomasnow, L50, M|\n|poke|p2|Iron Bundle, L50|\n|poke|p2|Flutter Mane, L50|\n|teampreview|4\nFliipturn has agreed to open team sheets.\n|inactive|Battle timer is ON: inactive players will automatically lose when time's up. (requested by Fliipturn)\n|inactive|Fliipturn has 60 seconds left.\n|inactive|wester7 has 60 seconds left.\nwester7 has agreed to open team sheets.\n|inactive|wester7 has 30 seconds left.\n|inactive|Fliipturn has 30 seconds left.\n|inactive|wester7 has 20 seconds left.\n|inactive|wester7 has 15 seconds left.\n|inactive|Fliipturn has 20 seconds left.\n|inactive|wester7 has 10 seconds left.\n|inactive|Fliipturn has 15 seconds left.\n|inactive|Fliipturn has 10 seconds left.\n|\n|t:|1684121713\n|start\n|switch|p1a: Baxcalibur|Baxcalibur, L50, F|100\/100\n|switch|p1b: Iron Hands|Iron Hands, L50|100\/100\n|switch|p2a: Abomasnow|Abomasnow, L50, M|100\/100\n|switch|p2b: Iron Bundle|Iron Bundle, L50|100\/100\n|-weather|Snow|[from] ability: Snow Warning|[of] p2a: Abomasnow\n|-enditem|p2b: Iron Bundle|Booster Energy\n|-activate|p2b: Iron Bundle|ability: Quark Drive|[fromitem]\n|-start|p2b: Iron Bundle|quarkdrivespe\n|turn|1\n|\n|t:|1684121735\n|move|p1b: Iron Hands|Fake Out|p2a: Abomasnow\n|-damage|p2a: Abomasnow|88\/100\n|move|p2b: Iron Bundle|Blizzard|p1b: Iron Hands|[spread] p1a,p1b\n|-damage|p1a: Baxcalibur|57\/100\n|-damage|p1b: Iron Hands|81\/100\n|move|p1a: Baxcalibur|Icicle Spear|p2a: Abomasnow\n|-damage|p2a: Abomasnow|75\/100\n|-damage|p2a: Abomasnow|63\/100\n|-damage|p2a: Abomasnow|52\/100\n|-damage|p2a: Abomasnow|40\/100\n|-damage|p2a: Abomasnow|29\/100\n|-hitcount|p2a: Abomasnow|5\n|cant|p2a: Abomasnow|flinch\n|\n|-weather|Snow|[upkeep]\n|upkeep\n|turn|2\n|inactive|Fliipturn has 30 seconds left.\n|inactive|wester7 has 30 seconds left.\n|inactive|Fliipturn has 20 seconds left.\n|inactive|Fliipturn has 15 seconds left.\n|\n|t:|1684121776\n|switch|p2a: Gyarados|Gyarados, L50, M|100\/100\n|-ability|p2a: Gyarados|Intimidate|boost\n|-unboost|p1a: Baxcalibur|atk|1\n|-unboost|p1b: Iron Hands|atk|1\n|move|p2b: Iron Bundle|Encore|p1b: Iron Hands\n|-start|p1b: Iron Hands|Encore\n|move|p1a: Baxcalibur|Icicle Spear|p2a: Gyarados\n|-damage|p2a: Gyarados|91\/100\n|-damage|p2a: Gyarados|82\/100\n|-damage|p2a: Gyarados|71\/100\n|-damage|p2a: Gyarados|61\/100\n|-hitcount|p2a: Gyarados|4\n|move|p1b: Iron Hands|Fake Out||[still]\n|-hint|Fake Out only works on your first turn out.\n|-fail|p1b: Iron Hands\n|\n|-weather|Snow|[upkeep]\n|upkeep\n|turn|3\n|inactive|Fliipturn has 30 seconds left.\n|inactive|wester7 has 30 seconds left.\n|inactive|Fliipturn has 20 seconds left.\n|inactive|wester7 has 20 seconds left.\n|inactive|Fliipturn has 15 seconds left.\n|inactive|wester7 has 15 seconds left.\n|inactive|Fliipturn has 10 seconds left.\n|\n|t:|1684121822\n|-end|p1b: Iron Hands|Quark Drive|[silent]\n|switch|p1b: Arcanine|Arcanine, L50, F|100\/100\n|-ability|p1b: Arcanine|Intimidate|boost\n|-unboost|p2a: Gyarados|atk|1\n|-unboost|p2b: Iron Bundle|atk|1\n|move|p1a: Baxcalibur|Protect|p1a: Baxcalibur\n|-singleturn|p1a: Baxcalibur|Protect\n|move|p2b: Iron Bundle|Freeze-Dry|p1b: Arcanine\n|-resisted|p1b: Arcanine\n|-crit|p1b: Arcanine\n|-damage|p1b: Arcanine|74\/100\n|move|p2a: Gyarados|Waterfall|p1b: Arcanine\n|-supereffective|p1b: Arcanine\n|-damage|p1b: Arcanine|24\/100\n|\n|-weather|Snow|[upkeep]\n|upkeep\n|turn|4\n|inactive|wester7 has 30 seconds left.\n|\n|t:|1684121855\n|switch|p1a: Iron Hands|Iron Hands, L50|81\/100\n|move|p2a: Gyarados|Helping Hand|p2b: Iron Bundle\n|-singleturn|p2b: Iron Bundle|Helping Hand|[of] p2a: Gyarados\n|move|p1b: Arcanine|Protect|p1b: Arcanine\n|-singleturn|p1b: Arcanine|Protect\n|move|p2b: Iron Bundle|Blizzard|p1b: Arcanine|[spread] p1a\n|-activate|p1b: Arcanine|move: Protect\n|-damage|p1a: Iron Hands|49\/100\n|\n|-weather|Snow|[upkeep]\n|upkeep\n|turn|5\n|inactive|Fliipturn has 30 seconds left.\n|inactive|wester7 has 30 seconds left.\n|inactive|Fliipturn has 20 seconds left.\n|inactive|wester7 has 20 seconds left.\n|inactive|Fliipturn has 15 seconds left.\n|inactive|wester7 has 15 seconds left.\n|inactive|Fliipturn has 10 seconds left.\n|inactive|wester7 has 10 seconds left.\n|\n|t:|1684121904\n|move|p2b: Iron Bundle|Protect|p2b: Iron Bundle\n|-singleturn|p2b: Iron Bundle|Protect\n|move|p1a: Iron Hands|Fake Out|p2b: Iron Bundle\n|-activate|p2b: Iron Bundle|move: Protect\n|move|p1b: Arcanine|Extreme Speed|p2a: Gyarados\n|-damage|p2a: Gyarados|43\/100\n|-enditem|p2a: Gyarados|Sitrus Berry|[eat]\n|-heal|p2a: Gyarados|68\/100|[from] item: Sitrus Berry\n|move|p2a: Gyarados|Waterfall|p1b: Arcanine\n|-supereffective|p1b: Arcanine\n|-damage|p1b: Arcanine|0 fnt\n|faint|p1b: Arcanine\n|\n|-weather|none\n|upkeep\n|\n|t:|1684121911\n|switch|p1b: Baxcalibur|Baxcalibur, L50, F|57\/100\n|turn|6\n|inactive|wester7 has 30 seconds left.\n|inactive|wester7 has 20 seconds left.\n|inactive|wester7 has 15 seconds left.\n|\n|t:|1684121953\n|switch|p2a: Abomasnow|Abomasnow, L50, M|29\/100\n|-weather|Snow|[from] ability: Snow Warning|[of] p2a: Abomasnow\n|move|p2b: Iron Bundle|Blizzard|p1b: Baxcalibur|[spread] p1a,p1b\n|-damage|p1a: Iron Hands|28\/100\n|-damage|p1b: Baxcalibur|12\/100\n|move|p1b: Baxcalibur|Icicle Spear|p2a: Abomasnow\n|-damage|p2a: Abomasnow|16\/100\n|-damage|p2a: Abomasnow|5\/100\n|-damage|p2a: Abomasnow|0 fnt\n|faint|p2a: Abomasnow\n|-hitcount|p2: Abomasnow|3\n|move|p1a: Iron Hands|Drain Punch|p2b: Iron Bundle\n|-supereffective|p2b: Iron Bundle\n|-damage|p2b: Iron Bundle|33\/100\n|-heal|p1a: Iron Hands|47\/100|[from] drain|[of] p2b: Iron Bundle\n|\n|-weather|Snow|[upkeep]\n|upkeep\n|inactive|wester7 has 30 seconds left.\n|\n|t:|1684121980\n|switch|p2a: Ting-Lu|Ting-Lu, L50|100\/100\n|-ability|p2a: Ting-Lu|Vessel of Ruin\n|turn|7\n|\n|t:|1684122000\n|-end|p1a: Iron Hands|Quark Drive|[silent]\n|switch|p1a: Amoonguss|Amoonguss, L50, F|100\/100\n|-terastallize|p2a: Ting-Lu|Poison\n|move|p2b: Iron Bundle|Protect|p2b: Iron Bundle\n|-singleturn|p2b: Iron Bundle|Protect\n|move|p1b: Baxcalibur|Icicle Spear|p2a: Ting-Lu\n|-damage|p2a: Ting-Lu|92\/100\n|-damage|p2a: Ting-Lu|82\/100\n|-damage|p2a: Ting-Lu|72\/100\n|-damage|p2a: Ting-Lu|62\/100\n|-hitcount|p2a: Ting-Lu|4\n|move|p2a: Ting-Lu|Earthquake|p1b: Baxcalibur|[spread] p1a,p1b\n|-activate|p2b: Iron Bundle|move: Protect\n|-damage|p1a: Amoonguss|73\/100\n|-damage|p1b: Baxcalibur|0 fnt\n|faint|p1b: Baxcalibur\n|\n|-weather|Snow|[upkeep]\n|upkeep\n|\n|t:|1684122012\n|switch|p1b: Iron Hands|Iron Hands, L50|47\/100\n|turn|8\n|inactive|wester7 has 30 seconds left.\n|\n|t:|1684122040\n|-end|p2b: Iron Bundle|Quark Drive|[silent]\n|switch|p2b: Gyarados|Gyarados, L50, M|68\/100\n|-ability|p2b: Gyarados|Intimidate|boost\n|-unboost|p1a: Amoonguss|atk|1\n|-unboost|p1b: Iron Hands|atk|1\n|-terastallize|p1b: Iron Hands|Grass\n|move|p1b: Iron Hands|Fake Out|p2b: Gyarados\n|-damage|p2b: Gyarados|58\/100\n|move|p2a: Ting-Lu|Earthquake|p1a: Amoonguss|[spread] p1a,p1b\n|-immune|p2b: Gyarados\n|-resisted|p1b: Iron Hands\n|-damage|p1a: Amoonguss|44\/100\n|-damage|p1b: Iron Hands|33\/100\n|-enditem|p1a: Amoonguss|Sitrus Berry|[eat]\n|-heal|p1a: Amoonguss|69\/100|[from] item: Sitrus Berry\n|move|p1a: Amoonguss|Spore|p2a: Ting-Lu\n|-status|p2a: Ting-Lu|slp|[from] move: Spore\n|\n|-weather|Snow|[upkeep]\n|upkeep\n|turn|9\n|inactive|wester7 has 30 seconds left.\n|\n|t:|1684122074\n|move|p2b: Gyarados|Taunt|p1a: Amoonguss\n|-start|p1a: Amoonguss|move: Taunt\n|cant|p2a: Ting-Lu|slp\n|move|p1b: Iron Hands|Wild Charge|p2b: Gyarados\n|-supereffective|p2b: Gyarados\n|-damage|p2b: Gyarados|0 fnt\n|faint|p2b: Gyarados\n|-damage|p1b: Iron Hands|20\/100|[from] Recoil\n|move|p1a: Amoonguss|Pollen Puff|p1b: Iron Hands\n|-heal|p1b: Iron Hands|70\/100\n|\n|-weather|Snow|[upkeep]\n|upkeep\n|\n|t:|1684122087\n|switch|p2b: Iron Bundle|Iron Bundle, L50|33\/100\n|turn|10\n|\n|t:|1684122109\n|move|p2b: Iron Bundle|Blizzard|p1b: Iron Hands|[spread] p1a,p1b\n|-supereffective|p1a: Amoonguss\n|-supereffective|p1b: Iron Hands\n|-damage|p1a: Amoonguss|14\/100\n|-damage|p1b: Iron Hands|38\/100\n|cant|p2a: Ting-Lu|slp\n|move|p1b: Iron Hands|Drain Punch|p2b: Iron Bundle\n|-supereffective|p2b: Iron Bundle\n|-damage|p2b: Iron Bundle|0 fnt\n|-heal|p1b: Iron Hands|47\/100|[from] drain|[of] p2b: Iron Bundle\n|faint|p2b: Iron Bundle\n|-end|p2b: Iron Bundle|Quark Drive|[silent]\n|move|p1a: Amoonguss|Pollen Puff|p1b: Iron Hands\n|-heal|p1b: Iron Hands|97\/100\n|\n|-weather|none\n|upkeep\n|turn|11\n|\n|t:|1684122126\n|cant|p2a: Ting-Lu|slp\n|move|p1b: Iron Hands|Wild Charge|p2a: Ting-Lu\n|-damage|p2a: Ting-Lu|42\/100 slp\n|-damage|p1b: Iron Hands|92\/100|[from] Recoil\n|move|p1a: Amoonguss|Pollen Puff|p1b: Iron Hands\n|-heal|p1b: Iron Hands|100\/100\n|\n|-end|p1a: Amoonguss|move: Taunt\n|upkeep\n|turn|12\n|\n|t:|1684122137\n|-curestatus|p2a: Ting-Lu|slp|[msg]\n|move|p2a: Ting-Lu|Earthquake|p1a: Amoonguss|[spread] p1a,p1b\n|-resisted|p1b: Iron Hands\n|-damage|p1a: Amoonguss|0 fnt\n|-damage|p1b: Iron Hands|87\/100\n|faint|p1a: Amoonguss\n|move|p1b: Iron Hands|Wild Charge|p2a: Ting-Lu\n|-damage|p2a: Ting-Lu|21\/100\n|-damage|p1b: Iron Hands|82\/100|[from] Recoil\n|\n|upkeep\n|turn|13\n|\n|t:|1684122143\n|move|p2a: Ting-Lu|Throat Chop|p1b: Iron Hands\n|-damage|p1b: Iron Hands|50\/100\n|-start|p1b: Iron Hands|Throat Chop|[silent]\n|move|p1b: Iron Hands|Wild Charge|p2a: Ting-Lu\n|-damage|p2a: Ting-Lu|0 fnt\n|faint|p2a: Ting-Lu\n|-damage|p1b: Iron Hands|45\/100|[from] Recoil\n|\n|win|Fliipturn\n|raw|Fliipturn's rating: 1172 → 1204<\/strong> (+32 for winning)\n|raw|wester7's rating: 1268 → 1236<\/strong> (-32 for losing)\n","uploadtime":1684122160,"views":8,"p1id":"fliipturn","p2id":"wester7","formatid":"gen9vgc2023regulationc","rating":1204,"private":0,"password":""}