{"id":"gen9vgc2023regulationc-1852232925","p1":"Kekistani0","p2":"WAAAAAAAAAAE","format":"[Gen 9] VGC 2023 Regulation C","log":"|j|\u2606Kekistani0\n|j|\u2606WAAAAAAAAAAE\n|t:|1682535137\n|gametype|doubles\n|player|p1|Kekistani0|gambler|1000\n|player|p2|WAAAAAAAAAAE|gentleman-gen4dp|1034\n|teamsize|p1|6\n|teamsize|p2|6\n|gen|9\n|tier|[Gen 9] VGC 2023 Regulation C\n|rated|\n|rule|Species Clause: Limit one of each Pok\u00e9mon\n|rule|Item Clause: Limit one of each item\n|clearpoke\n|poke|p1|Sandy Shocks, L50|\n|poke|p1|Arboliva, L50, M|\n|poke|p1|Palafin, L50, M|\n|poke|p1|Pincurchin, L50, M|\n|poke|p1|Eelektross, L50, M|\n|poke|p1|Maushold-Four, L50|\n|poke|p2|Copperajah, L50, M|\n|poke|p2|Mimikyu, L50, F|\n|poke|p2|Amoonguss, L50, F|\n|poke|p2|Hatterene, L50, F|\n|poke|p2|Rotom-Wash, L50|\n|poke|p2|Hariyama, L50, F|\n|teampreview|4\nKekistani0 has agreed to open team sheets.\n|\n|t:|1682535158\n|start\n|switch|p1a: Palafin|Palafin, L50, M|100\/100\n|switch|p1b: Maushold|Maushold-Four, L50|100\/100\n|switch|p2a: Hariyama|Hariyama, L50, F|100\/100\n|switch|p2b: Amoonguss|Amoonguss, L50, F|100\/100\n|turn|1\n|inactive|Battle timer is ON: inactive players will automatically lose when time's up. (requested by WAAAAAAAAAAE)\n|\n|t:|1682535173\n|move|p1b: Maushold|Protect|p1b: Maushold\n|-singleturn|p1b: Maushold|Protect\n|move|p2a: Hariyama|Fake Out|p1a: Palafin\n|-damage|p1a: Palafin|87\/100\n|cant|p1a: Palafin|flinch\n|move|p2b: Amoonguss|Spore|p1a: Palafin\n|-status|p1a: Palafin|slp|[from] move: Spore\n|\n|-status|p2a: Hariyama|brn|[from] item: Flame Orb\n|upkeep\n|turn|2\n|\n|t:|1682535188\n|detailschange|p1a: Palafin|Palafin-Hero, L50, M\n|switch|p1a: Eelektross|Eelektross, L50, M|100\/100\n|switch|p1b: Pincurchin|Pincurchin, L50, M|100\/100\n|-fieldstart|move: Electric Terrain|[from] ability: Electric Surge|[of] p1b: Pincurchin\n|-enditem|p1a: Eelektross|Electric Seed\n|-boost|p1a: Eelektross|def|1|[from] item: Electric Seed\n|move|p2a: Hariyama|Knock Off|p1a: Eelektross\n|-damage|p1a: Eelektross|73\/100\n|move|p2b: Amoonguss|Spore|p1b: Pincurchin\n|-activate|p1b: Pincurchin|move: Electric Terrain\n|\n|-damage|p2a: Hariyama|95\/100 brn|[from] brn\n|upkeep\n|turn|3\n|\n|t:|1682535209\n|move|p2a: Hariyama|Knock Off|p1b: Pincurchin\n|-damage|p1b: Pincurchin|57\/100\n|-enditem|p1b: Pincurchin|Magnet|[from] move: Knock Off|[of] p2a: Hariyama\n|move|p1a: Eelektross|Crush Claw|p2b: Amoonguss\n|-damage|p2b: Amoonguss|76\/100\n|-unboost|p2b: Amoonguss|def|1\n|-enditem|p2b: Amoonguss|White Herb\n|-clearnegativeboost|p2b: Amoonguss|[silent]\n|move|p2b: Amoonguss|Clear Smog|p1a: Eelektross\n|-damage|p1a: Eelektross|57\/100\n|-clearboost|p1a: Eelektross\n|move|p1b: Pincurchin|Charge|p1b: Pincurchin\n|-boost|p1b: Pincurchin|spd|1\n|-start|p1b: Pincurchin|Charge\n|\n|-damage|p2a: Hariyama|89\/100 brn|[from] brn\n|upkeep\n|turn|4\n|\n|t:|1682535232\n|switch|p2a: Mimikyu|Mimikyu, L50, F|100\/100\n|move|p1a: Eelektross|Coil|p1a: Eelektross\n|-boost|p1a: Eelektross|atk|1\n|-boost|p1a: Eelektross|def|1\n|-boost|p1a: Eelektross|accuracy|1\n|move|p2b: Amoonguss|Clear Smog|p1b: Pincurchin\n|-damage|p1b: Pincurchin|43\/100\n|-clearboost|p1b: Pincurchin\n|move|p1b: Pincurchin|Thunder|p2b: Amoonguss\n|-resisted|p2b: Amoonguss\n|-damage|p2b: Amoonguss|39\/100\n|-end|p1b: Pincurchin|Charge|[silent]\n|\n|upkeep\n|turn|5\n|\n|t:|1682535248\n|move|p1b: Pincurchin|Protect|p1b: Pincurchin\n|-singleturn|p1b: Pincurchin|Protect\n|move|p2b: Amoonguss|Rage Powder|p2b: Amoonguss\n|-singleturn|p2b: Amoonguss|move: Rage Powder\n|move|p1a: Eelektross|Close Combat|p2b: Amoonguss\n|-resisted|p2b: Amoonguss\n|-damage|p2b: Amoonguss|14\/100\n|-unboost|p1a: Eelektross|def|1\n|-unboost|p1a: Eelektross|spd|1\n|move|p2a: Mimikyu|Trick Room|p2a: Mimikyu\n|-fieldstart|move: Trick Room|[of] p2a: Mimikyu\n|\n|upkeep\n|turn|6\n|\n|t:|1682535268\n|switch|p2b: Copperajah|Copperajah, L50, M|100\/100\n|move|p1b: Pincurchin|Zing Zap|p2a: Mimikyu\n|-activate|p2a: Mimikyu|ability: Disguise\n|-damage|p2a: Mimikyu|100\/100\n|detailschange|p2a: Mimikyu|Mimikyu-Busted, L50, F\n|-damage|p2a: Mimikyu|88\/100|[from] pokemon: Mimikyu-Busted\n|move|p1a: Eelektross|Coil|p1a: Eelektross\n|-boost|p1a: Eelektross|atk|1\n|-boost|p1a: Eelektross|def|1\n|-boost|p1a: Eelektross|accuracy|1\n|move|p2a: Mimikyu|Drain Punch|p1a: Eelektross\n|-damage|p1a: Eelektross|44\/100\n|-heal|p2a: Mimikyu|96\/100|[from] drain|[of] p1a: Eelektross\n|\n|-fieldend|move: Electric Terrain\n|upkeep\n|turn|7\n|inactive|WAAAAAAAAAAE has 30 seconds left.\n|\n|t:|1682535296\n|move|p1b: Pincurchin|Charge|p1b: Pincurchin\n|-boost|p1b: Pincurchin|spd|1\n|-start|p1b: Pincurchin|Charge\n|move|p2b: Copperajah|Iron Head|p1a: Eelektross\n|-resisted|p1a: Eelektross\n|-damage|p1a: Eelektross|14\/100\n|move|p1a: Eelektross|Coil|p1a: Eelektross\n|-boost|p1a: Eelektross|atk|1\n|-boost|p1a: Eelektross|def|1\n|-boost|p1a: Eelektross|accuracy|1\n|move|p2a: Mimikyu|Taunt|p1a: Eelektross\n|-start|p1a: Eelektross|move: Taunt\n|\n|upkeep\n|turn|8\n|\n|t:|1682535315\n|move|p1b: Pincurchin|Thunder|p2b: Copperajah\n|-damage|p2b: Copperajah|33\/100\n|-end|p1b: Pincurchin|Charge|[silent]\n|move|p2b: Copperajah|Play Rough|p1a: Eelektross\n|-damage|p1a: Eelektross|0 fnt\n|faint|p1a: Eelektross\n|move|p2a: Mimikyu|Drain Punch|p1b: Pincurchin\n|-damage|p1b: Pincurchin|28\/100\n|-heal|p2a: Mimikyu|100\/100|[from] drain|[of] p1b: Pincurchin\n|\n|upkeep\n|\n|t:|1682535325\n|switch|p1a: Maushold|Maushold-Four, L50|100\/100\n|turn|9\n|\n|t:|1682535336\n|move|p1a: Maushold|Follow Me|p1a: Maushold\n|-singleturn|p1a: Maushold|move: Follow Me\n|move|p1b: Pincurchin|Charge|p1b: Pincurchin\n|-boost|p1b: Pincurchin|spd|1\n|-start|p1b: Pincurchin|Charge\n|move|p2b: Copperajah|Play Rough|p1a: Maushold|[miss]\n|-miss|p2b: Copperajah|p1a: Maushold\n|move|p2a: Mimikyu|Drain Punch|p1a: Maushold\n|-supereffective|p1a: Maushold\n|-damage|p1a: Maushold|57\/100\n|\n|-heal|p1a: Maushold|63\/100|[from] item: Leftovers\n|-fieldend|move: Trick Room\n|upkeep\n|turn|10\n|\n|t:|1682535350\n|move|p1a: Maushold|Protect|p1a: Maushold\n|-singleturn|p1a: Maushold|Protect\n|move|p2b: Copperajah|Protect|p2b: Copperajah\n|-singleturn|p2b: Copperajah|Protect\n|move|p1b: Pincurchin|Protect|p1b: Pincurchin\n|-singleturn|p1b: Pincurchin|Protect\n|move|p2a: Mimikyu|Trick Room|p2a: Mimikyu\n|-fieldstart|move: Trick Room|[of] p2a: Mimikyu\n|\n|-heal|p1a: Maushold|70\/100|[from] item: Leftovers\n|upkeep\n|turn|11\n|l|\u2606WAAAAAAAAAAE\n|inactive|WAAAAAAAAAAE disconnected and has a minute to reconnect!\n|player|p2|\n|inactive|WAAAAAAAAAAE has 30 seconds left.\n|j|\u2606WAAAAAAAAAAE\n|inactive|WAAAAAAAAAAE reconnected and has 25 seconds left.\n|player|p2|WAAAAAAAAAAE|gentleman-gen4dp\n|inactive|WAAAAAAAAAAE has 20 seconds left.\n|inactive|WAAAAAAAAAAE has 15 seconds left.\n|\n|t:|1682535390\n|move|p1a: Maushold|Helping Hand|p1b: Pincurchin\n|-singleturn|p1b: Pincurchin|Helping Hand|[of] p1a: Maushold\n|move|p1b: Pincurchin|Thunder|p2b: Copperajah\n|-damage|p2b: Copperajah|0 fnt\n|faint|p2b: Copperajah\n|-end|p1b: Pincurchin|Charge|[silent]\n|move|p2a: Mimikyu|Drain Punch|p1a: Maushold\n|-supereffective|p1a: Maushold\n|-damage|p1a: Maushold|21\/100\n|\n|-heal|p1a: Maushold|27\/100|[from] item: Leftovers\n|upkeep\n|\n|t:|1682535397\n|switch|p2b: Hariyama|Hariyama, L50, F|89\/100 brn\n|turn|12\n|\n|t:|1682535404\n|move|p1b: Pincurchin|Protect|p1b: Pincurchin\n|-singleturn|p1b: Pincurchin|Protect\n|move|p1a: Maushold|Protect|p1a: Maushold\n|-singleturn|p1a: Maushold|Protect\n|move|p2b: Hariyama|Fake Out|p1b: Pincurchin\n|-activate|p1b: Pincurchin|move: Protect\n|move|p2a: Mimikyu|Drain Punch|p1a: Maushold\n|-activate|p1a: Maushold|move: Protect\n|\n|-heal|p1a: Maushold|33\/100|[from] item: Leftovers\n|-damage|p2b: Hariyama|83\/100 brn|[from] brn\n|upkeep\n|turn|13\n|inactive|WAAAAAAAAAAE has 30 seconds left.\n|\n|t:|1682535430\n|move|p1a: Maushold|Follow Me|p1a: Maushold\n|-singleturn|p1a: Maushold|move: Follow Me\n|move|p1b: Pincurchin|Thunder|p2a: Mimikyu\n|-damage|p2a: Mimikyu|62\/100\n|move|p2b: Hariyama|Close Combat|p1a: Maushold\n|-supereffective|p1a: Maushold\n|-damage|p1a: Maushold|0 fnt\n|-unboost|p2b: Hariyama|def|1\n|-unboost|p2b: Hariyama|spd|1\n|faint|p1a: Maushold\n|move|p2a: Mimikyu|Drain Punch|p1b: Pincurchin\n|-damage|p1b: Pincurchin|12\/100\n|-heal|p2a: Mimikyu|69\/100|[from] drain|[of] p1b: Pincurchin\n|\n|-damage|p2b: Hariyama|77\/100 brn|[from] brn\n|upkeep\n|\n|t:|1682535451\n|switch|p1a: Palafin|Palafin-Hero, L50, M|87\/100 slp\n|-activate|p1a: Palafin|ability: Zero to Hero\n|turn|14\n|\n|t:|1682535465\n|-singleturn|p1a: Palafin|move: Focus Punch\n|move|p1b: Pincurchin|Charge|p1b: Pincurchin\n|-boost|p1b: Pincurchin|spd|1\n|-start|p1b: Pincurchin|Charge\n|move|p2b: Hariyama|Knock Off|p1a: Palafin\n|-damage|p1a: Palafin|27\/100 slp\n|-enditem|p1a: Palafin|Choice Scarf|[from] move: Knock Off|[of] p2b: Hariyama\n|move|p2a: Mimikyu|Drain Punch|p1a: Palafin\n|-damage|p1a: Palafin|8\/100 slp\n|-heal|p2a: Mimikyu|80\/100|[from] drain|[of] p1a: Palafin\n|cant|p1a: Palafin|slp\n|\n|-damage|p2b: Hariyama|71\/100 brn|[from] brn\n|-fieldend|move: Trick Room\n|upkeep\n|turn|15\n|\n|t:|1682535485\n|switch|p2b: Amoonguss|Amoonguss, L50, F|47\/100\n|-curestatus|p1a: Palafin|slp|[msg]\n|move|p1a: Palafin|Jet Punch|p2b: Amoonguss\n|-resisted|p2b: Amoonguss\n|-damage|p2b: Amoonguss|32\/100\n|move|p2a: Mimikyu|Shadow Sneak|p1b: Pincurchin\n|-damage|p1b: Pincurchin|0 fnt\n|faint|p1b: Pincurchin\n|\n|upkeep\n|turn|16\n|\n|t:|1682535506\n|move|p1a: Palafin|Jet Punch|p2b: Amoonguss\n|-resisted|p2b: Amoonguss\n|-damage|p2b: Amoonguss|15\/100\n|move|p2a: Mimikyu|Drain Punch|p1a: Palafin\n|-damage|p1a: Palafin|0 fnt\n|-heal|p2a: Mimikyu|84\/100|[from] drain|[of] p1a: Palafin\n|faint|p1a: Palafin\n|\n|win|WAAAAAAAAAAE\n|raw|Kekistani0's rating: 1000 → 1000<\/strong> (+0 for losing)\n|raw|WAAAAAAAAAAE's rating: 1034 → 1065<\/strong> (+31 for winning)\n|l|\u2606Kekistani0\n","uploadtime":1682535525,"views":14,"p1id":"kekistani0","p2id":"waaaaaaaaaae","formatid":"gen9vgc2023regulationc","rating":1000,"private":0,"password":""}