{"id":"gen9vgc2023regulationc-1854422252","p1":"bruhpeep","p2":"dot257","format":"[Gen 9] VGC 2023 Regulation C","log":"|j|\u2606bruhpeep\n|j|\u2606dot257\n|t:|1682808884\n|gametype|doubles\n|player|p1|bruhpeep|flannery|\n|player|p2|dot257|maid|\n|teamsize|p1|6\n|teamsize|p2|6\n|gen|9\n|tier|[Gen 9] VGC 2023 Regulation C\n|rule|Species Clause: Limit one of each Pok\u00e9mon\n|rule|Item Clause: Limit one of each item\n|clearpoke\n|poke|p1|Meowscarada, L50, F|\n|poke|p1|Hatterene, L50, F|\n|poke|p1|Tyranitar, L50, F|\n|poke|p1|Iron Hands, L50|\n|poke|p1|Amoonguss, L50, F|\n|poke|p1|Farigiraf, L50, M|\n|poke|p2|Chien-Pao, L50|\n|poke|p2|Dragonite, L50, M|\n|poke|p2|Amoonguss, L50, F|\n|poke|p2|Scizor, L50, M|\n|poke|p2|Flutter Mane, L50|\n|poke|p2|Arcanine, L50, F|\n|teampreview|4\ndot257 has agreed to open team sheets.\nbruhpeep has agreed to open team sheets.\n|\n|t:|1682808962\n|start\n|switch|p1a: Meowscarada|Meowscarada, L50, F|100\/100\n|switch|p1b: Iron Hands|Iron Hands, L50|100\/100\n|switch|p2a: Chien-Pao|Chien-Pao, L50|100\/100\n|switch|p2b: Dragonite|Dragonite, L50, M|100\/100\n|-ability|p2a: Chien-Pao|Sword of Ruin\n|-enditem|p1b: Iron Hands|Booster Energy\n|-activate|p1b: Iron Hands|ability: Quark Drive|[fromitem]\n|-start|p1b: Iron Hands|quarkdriveatk\n|turn|1\n|\n|t:|1682808994\n|move|p1b: Iron Hands|Fake Out|p2a: Chien-Pao\n|-damage|p2a: Chien-Pao|70\/100\n|move|p2b: Dragonite|Extreme Speed|p1a: Meowscarada\n|-damage|p1a: Meowscarada|40\/100\n|cant|p2a: Chien-Pao|flinch\n|move|p1a: Meowscarada|Trick Room|p1a: Meowscarada\n|-start|p1a: Meowscarada|typechange|Psychic|[from] ability: Protean\n|-fieldstart|move: Trick Room|[of] p1a: Meowscarada\n|\n|upkeep\n|turn|2\n|\n|t:|1682809019\n|switch|p1a: Farigiraf|Farigiraf, L50, M|100\/100\n|move|p2a: Chien-Pao|Protect|p2a: Chien-Pao\n|-singleturn|p2a: Chien-Pao|Protect\n|move|p2b: Dragonite|Extreme Speed||[still]\n|cant|p1a: Farigiraf|ability: Armor Tail|Extreme Speed|[of] p2b: Dragonite\n|move|p1b: Iron Hands|Drain Punch|p2a: Chien-Pao\n|-activate|p2a: Chien-Pao|move: Protect\n|\n|upkeep\n|turn|3\n|\n|t:|1682809046\n|switch|p2a: Amoonguss|Amoonguss, L50, F|100\/100\n|move|p1b: Iron Hands|Drain Punch|p2a: Amoonguss\n|-resisted|p2a: Amoonguss\n|-damage|p2a: Amoonguss|76\/100\n|-damage|p1b: Iron Hands|84\/100|[from] item: Rocky Helmet|[of] p2a: Amoonguss\n|move|p1a: Farigiraf|Dazzling Gleam|p2a: Amoonguss|[spread] p2a,p2b\n|-resisted|p2a: Amoonguss\n|-supereffective|p2b: Dragonite\n|-damage|p2a: Amoonguss|70\/100\n|-damage|p2b: Dragonite|91\/100\n|move|p2b: Dragonite|Dragon Claw|p1a: Farigiraf\n|-damage|p1a: Farigiraf|52\/100\n|\n|upkeep\n|turn|4\n|\n|t:|1682809080\n|-end|p1b: Iron Hands|Quark Drive|[silent]\n|switch|p1b: Meowscarada|Meowscarada, L50, F|40\/100\n|switch|p2b: Arcanine|Arcanine, L50, F|100\/100\n|-ability|p2b: Arcanine|Intimidate|boost\n|-unboost|p1a: Farigiraf|atk|1\n|-unboost|p1b: Meowscarada|atk|1\n|move|p2a: Amoonguss|Spore|p1a: Farigiraf\n|-status|p1a: Farigiraf|slp|[from] move: Spore\n|cant|p1a: Farigiraf|slp\n|\n|upkeep\n|turn|5\n|\n|t:|1682809102\n|move|p1b: Meowscarada|Sucker Punch|p2a: Amoonguss\n|-start|p1b: Meowscarada|typechange|Dark|[from] ability: Protean\n|-damage|p2a: Amoonguss|48\/100\n|-damage|p1b: Meowscarada|23\/100|[from] item: Rocky Helmet|[of] p2a: Amoonguss\n|move|p2a: Amoonguss|Pollen Puff|p1a: Farigiraf\n|-supereffective|p1a: Farigiraf\n|-damage|p1a: Farigiraf|23\/100 slp\n|cant|p1a: Farigiraf|slp\n|move|p2b: Arcanine|Flare Blitz|p1b: Meowscarada\n|-damage|p1b: Meowscarada|0 fnt\n|faint|p1b: Meowscarada\n|-damage|p2b: Arcanine|95\/100|[from] Recoil\n|\n|-fieldend|move: Trick Room\n|upkeep\n|\n|t:|1682809124\n|switch|p1b: Hatterene|Hatterene, L50, F, shiny|100\/100\n|turn|6\n|\n|t:|1682809143\n|-terastallize|p1b: Hatterene|Fire\n|move|p2b: Arcanine|Snarl|p1b: Hatterene|[spread] p1a,p1b\n|-supereffective|p1a: Farigiraf\n|-damage|p1a: Farigiraf|10\/100 slp\n|-damage|p1b: Hatterene|94\/100\n|-unboost|p1a: Farigiraf|spa|1\n|-unboost|p1b: Hatterene|spa|1\n|cant|p1a: Farigiraf|slp\n|move|p1b: Hatterene|Nuzzle|p2b: Arcanine\n|-damage|p2b: Arcanine|90\/100\n|-status|p2b: Arcanine|par\n|move|p2a: Amoonguss|Spore|p1b: Hatterene\n|move|p1b: Hatterene|Spore|p2a: Amoonguss|[from]ability: Magic Bounce\n|-immune|p2a: Amoonguss\n|\n|upkeep\n|turn|7\n|\n|t:|1682809175\n|switch|p1b: Iron Hands|Iron Hands, L50|84\/100\n|-curestatus|p1a: Farigiraf|slp|[msg]\n|move|p1a: Farigiraf|Hyper Voice|p2a: Amoonguss|[spread] p2a,p2b\n|-damage|p2a: Amoonguss|34\/100\n|-damage|p2b: Arcanine|75\/100 par\n|-enditem|p1a: Farigiraf|Throat Spray\n|-boost|p1a: Farigiraf|spa|1|[from] item: Throat Spray\n|cant|p2b: Arcanine|par\n|move|p2a: Amoonguss|Pollen Puff|p1a: Farigiraf\n|-supereffective|p1a: Farigiraf\n|-damage|p1a: Farigiraf|0 fnt\n|faint|p1a: Farigiraf\n|\n|upkeep\n|\n|t:|1682809188\n|switch|p1a: Hatterene|Hatterene, L50, F, shiny, tera:Fire|94\/100\n|turn|8\n|\n|t:|1682809201\n|move|p1b: Iron Hands|Fake Out|p2b: Arcanine\n|-damage|p2b: Arcanine|58\/100 par\n|move|p2a: Amoonguss|Rage Powder|p2a: Amoonguss\n|-singleturn|p2a: Amoonguss|move: Rage Powder\n|cant|p2b: Arcanine|flinch\n|move|p1a: Hatterene|Tera Blast|p2a: Amoonguss\n|-supereffective|p2a: Amoonguss\n|-damage|p2a: Amoonguss|0 fnt\n|faint|p2a: Amoonguss\n|\n|upkeep\n|\n|t:|1682809229\n|switch|p2a: Dragonite|Dragonite, L50, M|91\/100\n|turn|9\n|\n|t:|1682809276\n|move|p2a: Dragonite|Extreme Speed|p1b: Iron Hands\n|-damage|p1b: Iron Hands|65\/100\n|move|p1b: Iron Hands|Thunder Punch|p2a: Dragonite\n|-crit|p2a: Dragonite\n|-damage|p2a: Dragonite|30\/100\n|cant|p2b: Arcanine|par\n|move|p1a: Hatterene|Nuzzle|p2a: Dragonite\n|-damage|p2a: Dragonite|26\/100\n|-status|p2a: Dragonite|par\n|\n|upkeep\n|turn|10\n|\n|t:|1682809297\n|switch|p2b: Chien-Pao|Chien-Pao, L50|70\/100\n|-ability|p2b: Chien-Pao|Sword of Ruin\n|-terastallize|p2a: Dragonite|Normal\n|move|p2a: Dragonite|Extreme Speed|p1a: Hatterene\n|-damage|p1a: Hatterene|21\/100\n|move|p1b: Iron Hands|Thunder Punch|p2a: Dragonite\n|-damage|p2a: Dragonite|0 fnt\n|faint|p2a: Dragonite\n|move|p1a: Hatterene|Psychic|p2b: Chien-Pao\n|-immune|p2b: Chien-Pao\n|\n|upkeep\n|\n|t:|1682809310\n|switch|p2a: Arcanine|Arcanine, L50, F|58\/100 par\n|-ability|p2a: Arcanine|Intimidate|boost\n|-unboost|p1a: Hatterene|atk|1\n|-unboost|p1b: Iron Hands|atk|1\n|turn|11\n|\n|t:|1682809322\n|move|p1b: Iron Hands|Protect|p1b: Iron Hands\n|-singleturn|p1b: Iron Hands|Protect\n|move|p2b: Chien-Pao|Sucker Punch|p1a: Hatterene\n|-damage|p1a: Hatterene|0 fnt\n|faint|p1a: Hatterene\n|move|p2a: Arcanine|Will-O-Wisp|p1b: Iron Hands\n|-activate|p1b: Iron Hands|move: Protect\n|\n|upkeep\n|turn|12\n|\n|t:|1682809339\n|move|p2b: Chien-Pao|Ice Spinner|p1b: Iron Hands\n|-damage|p1b: Iron Hands|32\/100\n|move|p1b: Iron Hands|Drain Punch|p2b: Chien-Pao\n|-supereffective|p2b: Chien-Pao\n|-damage|p2b: Chien-Pao|0 fnt\n|-heal|p1b: Iron Hands|52\/100|[from] drain|[of] p2b: Chien-Pao\n|faint|p2b: Chien-Pao\n|move|p2a: Arcanine|Will-O-Wisp|p1b: Iron Hands\n|-status|p1b: Iron Hands|brn\n|\n|-damage|p1b: Iron Hands|46\/100 brn|[from] brn\n|upkeep\n|turn|13\n|\n|t:|1682809355\n|move|p2a: Arcanine|Protect|p2a: Arcanine\n|-singleturn|p2a: Arcanine|Protect\n|move|p1b: Iron Hands|Drain Punch|p2a: Arcanine\n|-activate|p2a: Arcanine|move: Protect\n|\n|-damage|p1b: Iron Hands|40\/100 brn|[from] brn\n|upkeep\n|turn|14\n|\n|t:|1682809364\n|move|p1b: Iron Hands|Drain Punch|p2a: Arcanine\n|-damage|p2a: Arcanine|44\/100 par\n|-heal|p1b: Iron Hands|45\/100 brn|[from] drain|[of] p2a: Arcanine\n|move|p2a: Arcanine|Flare Blitz|p1b: Iron Hands\n|-damage|p1b: Iron Hands|12\/100 brn\n|-damage|p2a: Arcanine|29\/100 par|[from] Recoil\n|\n|-damage|p1b: Iron Hands|6\/100 brn|[from] brn\n|upkeep\n|turn|15\n|\n|t:|1682809375\n|cant|p2a: Arcanine|par\n|move|p1b: Iron Hands|Drain Punch|p2a: Arcanine\n|-damage|p2a: Arcanine|14\/100 par\n|-heal|p1b: Iron Hands|12\/100 brn|[from] drain|[of] p2a: Arcanine\n|\n|-damage|p1b: Iron Hands|5\/100 brn|[from] brn\n|upkeep\n|turn|16\n|\n|t:|1682809387\n|cant|p2a: Arcanine|par\n|move|p1b: Iron Hands|Drain Punch|p2a: Arcanine\n|-damage|p2a: Arcanine|0 fnt\n|-heal|p1b: Iron Hands|10\/100 brn|[from] drain|[of] p2a: Arcanine\n|faint|p2a: Arcanine\n|\n|win|bruhpeep\n|l|\u2606dot257\n","uploadtime":1682809413,"views":15,"p1id":"bruhpeep","p2id":"dot257","formatid":"gen9vgc2023regulationc","rating":0,"private":0,"password":""}