{"id":"gen9vgc2023regulationc-1844761058","p1":"z0gre","p2":"needShowdown","format":"[Gen 9] VGC 2023 Regulation C","log":"|j|\u2606z0gre\n|j|\u2606needShowdown\n|t:|1681643092\n|gametype|doubles\n|player|p1|z0gre|lucas|\n|player|p2|needShowdown|169|\n|teamsize|p1|6\n|teamsize|p2|6\n|gen|9\n|tier|[Gen 9] VGC 2023 Regulation C\n|rule|Species Clause: Limit one of each Pok\u00e9mon\n|rule|Item Clause: Limit one of each item\n|clearpoke\n|poke|p1|Hippowdon, L50, F|\n|poke|p1|Lycanroc, L50, M|\n|poke|p1|Indeedee-F, L50, F|\n|poke|p1|Houndstone, L50, M|\n|poke|p1|Hawlucha, L50, M|\n|poke|p1|Palossand, L50, F|\n|poke|p2|Lycanroc, L50, M|\n|poke|p2|Farigiraf, L50, M|\n|poke|p2|Houndstone, L50, M|\n|poke|p2|Garchomp, L50, F|\n|poke|p2|Tyranitar, L50, M|\n|poke|p2|Orthworm, L50, F|\n|teampreview|4\n|inactive|Battle timer is ON: inactive players will automatically lose when time's up. (requested by z0gre)\nneedShowdown has agreed to open team sheets.\nz0gre has agreed to open team sheets.\n|inactive|needShowdown has 60 seconds left.\n|\n|t:|1681643137\n|start\n|switch|p1a: Palossand|Palossand, L50, F, shiny|100\/100\n|switch|p1b: Hippowdon|Hippowdon, L50, F, shiny|100\/100\n|switch|p2a: Garchomp|Garchomp, L50, F|100\/100\n|switch|p2b: Orthworm|Orthworm, L50, F|100\/100\n|-weather|Sandstorm|[from] ability: Sand Stream|[of] p1b: Hippowdon\n|turn|1\n|inactive|z0gre has 30 seconds left.\n|inactive|needShowdown has 30 seconds left.\n|\n|t:|1681643169\n|move|p2a: Garchomp|Dragon Claw|p1a: Palossand\n|-damage|p1a: Palossand|64\/100\n|move|p2b: Orthworm|Iron Defense|p2b: Orthworm\n|-boost|p2b: Orthworm|def|2\n|move|p1b: Hippowdon|Yawn|p2a: Garchomp\n|-start|p2a: Garchomp|move: Yawn|[of] p1b: Hippowdon\n|move|p1a: Palossand|Stockpile|p1a: Palossand\n|-start|p1a: Palossand|stockpile1\n|-boost|p1a: Palossand|def|1\n|-boost|p1a: Palossand|spd|1\n|\n|-weather|Sandstorm|[upkeep]\n|upkeep\n|turn|2\n|inactive|needShowdown has 30 seconds left.\n|\n|t:|1681643199\n|switch|p2a: Lycanroc|Lycanroc, L50, M, shiny|100\/100\n|move|p2b: Orthworm|Iron Defense|p2b: Orthworm\n|-boost|p2b: Orthworm|def|2\n|move|p1b: Hippowdon|Yawn|p2b: Orthworm\n|-start|p2b: Orthworm|move: Yawn|[of] p1b: Hippowdon\n|move|p1a: Palossand|Stockpile|p1a: Palossand\n|-start|p1a: Palossand|stockpile2\n|-boost|p1a: Palossand|def|1\n|-boost|p1a: Palossand|spd|1\n|\n|-weather|Sandstorm|[upkeep]\n|upkeep\n|turn|3\n|inactive|z0gre has 30 seconds left.\n|\n|t:|1681643232\n|move|p2a: Lycanroc|Rock Slide|p1b: Hippowdon|[spread] p1a,p1b\n|-resisted|p1a: Palossand\n|-resisted|p1b: Hippowdon\n|-damage|p1a: Palossand|58\/100\n|-damage|p1b: Hippowdon|91\/100\n|move|p2b: Orthworm|Body Press|p1b: Hippowdon\n|-damage|p1b: Hippowdon|25\/100\n|cant|p1b: Hippowdon|flinch\n|cant|p1a: Palossand|flinch\n|\n|-weather|Sandstorm|[upkeep]\n|-end|p2b: Orthworm|move: Yawn|[silent]\n|-status|p2b: Orthworm|slp\n|upkeep\n|turn|4\n|inactive|z0gre has 30 seconds left.\n|inactive|needShowdown has 30 seconds left.\n|\n|t:|1681643262\n|switch|p1b: Houndstone|Houndstone, L50, M, shiny|100\/100\n|move|p2a: Lycanroc|Rock Slide|p1b: Houndstone|[spread] p1a,p1b\n|-resisted|p1a: Palossand\n|-damage|p1a: Palossand|53\/100\n|-damage|p1b: Houndstone|70\/100\n|cant|p2b: Orthworm|slp\n|move|p1a: Palossand|Shore Up|p1a: Palossand\n|-heal|p1a: Palossand|100\/100\n|\n|-weather|Sandstorm|[upkeep]\n|upkeep\n|turn|5\n|inactive|needShowdown has 30 seconds left.\n|inactive|needShowdown has 20 seconds left.\n|inactive|needShowdown has 15 seconds left.\n|\n|t:|1681643307\n|move|p2a: Lycanroc|Rock Slide|p1a: Palossand|[spread] p1a\n|-miss|p2a: Lycanroc|p1b: Houndstone\n|-resisted|p1a: Palossand\n|-damage|p1a: Palossand|95\/100\n|move|p1b: Houndstone|Will-O-Wisp|p2a: Lycanroc\n|-status|p2a: Lycanroc|brn\n|-curestatus|p2b: Orthworm|slp|[msg]\n|move|p2b: Orthworm|Heavy Slam|p1b: Houndstone\n|-damage|p1b: Houndstone|29\/100\n|move|p1a: Palossand|Chilling Water|p2a: Lycanroc\n|-supereffective|p2a: Lycanroc\n|-damage|p2a: Lycanroc|77\/100 brn\n|-unboost|p2a: Lycanroc|atk|1\n|\n|-weather|Sandstorm|[upkeep]\n|-damage|p2a: Lycanroc|71\/100 brn|[from] brn\n|upkeep\n|turn|6\n|inactive|z0gre has 30 seconds left.\n|inactive|z0gre has 20 seconds left.\n|inactive|z0gre has 15 seconds left.\n|\n|t:|1681643351\n|switch|p1b: Hippowdon|Hippowdon, L50, F, shiny|25\/100\n|move|p2a: Lycanroc|Rock Slide|p1a: Palossand|[spread] p1a,p1b\n|-resisted|p1a: Palossand\n|-resisted|p1b: Hippowdon\n|-damage|p1a: Palossand|94\/100\n|-damage|p1b: Hippowdon|22\/100\n|move|p2b: Orthworm|Heavy Slam|p1b: Hippowdon\n|-damage|p1b: Hippowdon|13\/100\n|move|p1a: Palossand|Stockpile|p1a: Palossand\n|-start|p1a: Palossand|stockpile3\n|-boost|p1a: Palossand|def|1\n|-boost|p1a: Palossand|spd|1\n|\n|-weather|Sandstorm|[upkeep]\n|-damage|p2a: Lycanroc|65\/100 brn|[from] brn\n|upkeep\n|turn|7\n|\n|t:|1681643375\n|move|p2a: Lycanroc|Rock Slide|p1a: Palossand|[spread] p1a,p1b\n|-resisted|p1a: Palossand\n|-resisted|p1b: Hippowdon\n|-damage|p1a: Palossand|92\/100\n|-damage|p1b: Hippowdon|10\/100\n|move|p2b: Orthworm|Body Press|p1b: Hippowdon\n|-damage|p1b: Hippowdon|0 fnt\n|faint|p1b: Hippowdon\n|move|p1a: Palossand|Chilling Water|p2b: Orthworm\n|-damage|p2b: Orthworm|85\/100\n|-unboost|p2b: Orthworm|atk|1\n|\n|-weather|Sandstorm|[upkeep]\n|-damage|p2a: Lycanroc|59\/100 brn|[from] brn\n|upkeep\n|\n|t:|1681643391\n|switch|p1b: Indeedee|Indeedee-F, L50, F, shiny|100\/100\n|-fieldstart|move: Psychic Terrain|[from] ability: Psychic Surge|[of] p1b: Indeedee\n|turn|8\n|inactive|needShowdown has 30 seconds left.\n|inactive|needShowdown has 20 seconds left.\n|\n|t:|1681643428\n|switch|p2a: Garchomp|Garchomp, L50, F|100\/100\n|move|p1b: Indeedee|Reflect|p1b: Indeedee\n|-sidestart|p1: z0gre|Reflect\n|move|p2b: Orthworm|Body Press|p1b: Indeedee\n|-damage|p1b: Indeedee|42\/100\n|move|p1a: Palossand|Chilling Water|p2b: Orthworm\n|-damage|p2b: Orthworm|72\/100\n|-unboost|p2b: Orthworm|atk|1\n|\n|-weather|none\n|upkeep\n|turn|9\n|inactive|z0gre has 30 seconds left.\n|\n|t:|1681643461\n|-terastallize|p1b: Indeedee|Grass\n|move|p2a: Garchomp|Earthquake|p1b: Indeedee|[spread] p1a,p1b\n|-heal|p2b: Orthworm|97\/100|[from] ability: Earth Eater|[of] p2a: Garchomp\n|-resisted|p1b: Indeedee\n|-damage|p1a: Palossand|83\/100\n|-damage|p1b: Indeedee|28\/100\n|move|p1b: Indeedee|Draining Kiss|p2a: Garchomp\n|-supereffective|p2a: Garchomp\n|-damage|p2a: Garchomp|76\/100\n|-heal|p1b: Indeedee|48\/100|[from] drain|[of] p2a: Garchomp\n|move|p2b: Orthworm|Body Press|p1b: Indeedee\n|-damage|p1b: Indeedee|0 fnt\n|faint|p1b: Indeedee\n|move|p1a: Palossand|Sandstorm|p1a: Palossand\n|-weather|Sandstorm\n|\n|-weather|Sandstorm|[upkeep]\n|upkeep\n|\n|t:|1681643477\n|switch|p1b: Houndstone|Houndstone, L50, M, shiny|29\/100\n|turn|10\n|\n|t:|1681643500\n|switch|p2a: Lycanroc|Lycanroc, L50, M, shiny|59\/100 brn\n|move|p1b: Houndstone|Protect|p1b: Houndstone\n|-singleturn|p1b: Houndstone|Protect\n|move|p2b: Orthworm|Shed Tail|p2b: Orthworm\n|-start|p2b: Orthworm|Substitute|[from] move: Shed Tail\n|-damage|p2b: Orthworm|46\/100\n|-enditem|p2b: Orthworm|Sitrus Berry|[eat]\n|-heal|p2b: Orthworm|71\/100|[from] item: Sitrus Berry\n|\n|t:|1681643511\n|switch|p2b: Houndstone|Houndstone, L50, M, shiny|100\/100|[from] Shed Tail\n|move|p1a: Palossand|Chilling Water|p2a: Lycanroc\n|-supereffective|p2a: Lycanroc\n|-damage|p2a: Lycanroc|34\/100 brn\n|-unboost|p2a: Lycanroc|atk|1\n|\n|-weather|Sandstorm|[upkeep]\n|-damage|p2a: Lycanroc|28\/100 brn|[from] brn\n|upkeep\n|turn|11\n|\n|t:|1681643529\n|move|p2a: Lycanroc|Endeavor|p1a: Palossand\n|-immune|p1a: Palossand\n|move|p2b: Houndstone|Last Respects|p1b: Houndstone\n|-supereffective|p1b: Houndstone\n|-damage|p1b: Houndstone|0 fnt\n|faint|p1b: Houndstone\n|-damage|p2b: Houndstone|91\/100|[from] item: Life Orb\n|move|p1a: Palossand|Shore Up|p1a: Palossand\n|-heal|p1a: Palossand|100\/100\n|\n|-weather|Sandstorm|[upkeep]\n|-damage|p2a: Lycanroc|22\/100 brn|[from] brn\n|upkeep\n|turn|12\n|\n|t:|1681643549\n|switch|p2a: Orthworm|Orthworm, L50, F|71\/100\n|-terastallize|p2b: Houndstone|Ghost\n|move|p2b: Houndstone|Last Respects|p1a: Palossand|[miss]\n|-miss|p2b: Houndstone|p1a: Palossand\n|move|p1a: Palossand|Chilling Water|p2b: Houndstone\n|-activate|p2b: Houndstone|move: Substitute|[damage]\n|\n|-weather|Sandstorm|[upkeep]\n|-fieldend|move: Psychic Terrain\n|upkeep\n|turn|13\n|\n|t:|1681643563\n|move|p2b: Houndstone|Last Respects|p1a: Palossand|[miss]\n|-miss|p2b: Houndstone|p1a: Palossand\n|move|p2a: Orthworm|Iron Defense|p2a: Orthworm\n|-boost|p2a: Orthworm|def|2\n|move|p1a: Palossand|Chilling Water|p2b: Houndstone\n|-end|p2b: Houndstone|Substitute\n|\n|-weather|none\n|upkeep\n|turn|14\n|\n|t:|1681643576\n|move|p2b: Houndstone|Last Respects|p1a: Palossand\n|-supereffective|p1a: Palossand\n|-damage|p1a: Palossand|77\/100\n|-damage|p2b: Houndstone|81\/100|[from] item: Life Orb\n|move|p2a: Orthworm|Iron Defense|p2a: Orthworm\n|-boost|p2a: Orthworm|def|2\n|move|p1a: Palossand|Sandstorm|p1a: Palossand\n|-weather|Sandstorm\n|\n|-weather|Sandstorm|[upkeep]\n|upkeep\n|turn|15\n|\n|t:|1681643588\n|move|p2b: Houndstone|Last Respects|p1a: Palossand|[miss]\n|-miss|p2b: Houndstone|p1a: Palossand\n|move|p2a: Orthworm|Iron Defense|p2a: Orthworm\n|-boost|p2a: Orthworm|def|2\n|move|p1a: Palossand|Chilling Water|p2b: Houndstone\n|-damage|p2b: Houndstone|66\/100\n|-unboost|p2b: Houndstone|atk|1\n|\n|-weather|Sandstorm|[upkeep]\n|-sideend|p1: z0gre|Reflect\n|upkeep\n|turn|16\n|\n|t:|1681643600\n|move|p2b: Houndstone|Last Respects|p1a: Palossand|[miss]\n|-miss|p2b: Houndstone|p1a: Palossand\n|move|p2a: Orthworm|Heavy Slam|p1a: Palossand\n|-damage|p1a: Palossand|73\/100\n|move|p1a: Palossand|Chilling Water|p2b: Houndstone\n|-damage|p2b: Houndstone|51\/100\n|-unboost|p2b: Houndstone|atk|1\n|\n|-weather|Sandstorm|[upkeep]\n|upkeep\n|turn|17\n|\n|t:|1681643613\n|switch|p2a: Garchomp|Garchomp, L50, F|76\/100\n|move|p2b: Houndstone|Last Respects|p1a: Palossand\n|-supereffective|p1a: Palossand\n|-damage|p1a: Palossand|55\/100\n|-damage|p2b: Houndstone|41\/100|[from] item: Life Orb\n|move|p1a: Palossand|Chilling Water|p2b: Houndstone\n|-damage|p2b: Houndstone|26\/100\n|-unboost|p2b: Houndstone|atk|1\n|\n|-weather|Sandstorm|[upkeep]\n|upkeep\n|turn|18\n|\n|t:|1681643628\n|move|p2b: Houndstone|Last Respects|p1a: Palossand|[miss]\n|-miss|p2b: Houndstone|p1a: Palossand\n|move|p2a: Garchomp|Dragon Claw|p1a: Palossand\n|-damage|p1a: Palossand|39\/100\n|move|p1a: Palossand|Shore Up|p1a: Palossand\n|-heal|p1a: Palossand|100\/100\n|\n|-weather|none\n|upkeep\n|turn|19\n|\n|t:|1681643637\n|move|p2a: Garchomp|Dragon Claw|p1a: Palossand\n|-damage|p1a: Palossand|84\/100\n|move|p2b: Houndstone|Last Respects|p1a: Palossand\n|-supereffective|p1a: Palossand\n|-damage|p1a: Palossand|71\/100\n|-damage|p2b: Houndstone|17\/100|[from] item: Life Orb\n|move|p1a: Palossand|Sandstorm|p1a: Palossand\n|-weather|Sandstorm\n|\n|-weather|Sandstorm|[upkeep]\n|upkeep\n|turn|20\n|\n|t:|1681643653\n|move|p2b: Houndstone|Last Respects|p1a: Palossand\n|-supereffective|p1a: Palossand\n|-damage|p1a: Palossand|57\/100\n|-damage|p2b: Houndstone|7\/100|[from] item: Life Orb\n|move|p2a: Garchomp|Dragon Claw|p1a: Palossand\n|-damage|p1a: Palossand|42\/100\n|move|p1a: Palossand|Chilling Water|p2b: Houndstone\n|-damage|p2b: Houndstone|0 fnt\n|faint|p2b: Houndstone\n|\n|-weather|Sandstorm|[upkeep]\n|upkeep\n|\n|t:|1681643668\n|switch|p2b: Lycanroc|Lycanroc, L50, M, shiny|22\/100 brn\n|turn|21\n|\n|t:|1681643677\n|move|p2b: Lycanroc|Endeavor|p1a: Palossand\n|-immune|p1a: Palossand\n|move|p2a: Garchomp|Dragon Claw|p1a: Palossand|[miss]\n|-miss|p2a: Garchomp|p1a: Palossand\n|move|p1a: Palossand|Shore Up|p1a: Palossand\n|-heal|p1a: Palossand|100\/100\n|\n|-weather|Sandstorm|[upkeep]\n|-damage|p2b: Lycanroc|16\/100 brn|[from] brn\n|upkeep\n|turn|22\n|\n|t:|1681643694\n|move|p2b: Lycanroc|Rock Slide|p1a: Palossand\n|-resisted|p1a: Palossand\n|-damage|p1a: Palossand|97\/100\n|move|p2a: Garchomp|Stomping Tantrum|p1a: Palossand\n|-damage|p1a: Palossand|71\/100\n|cant|p1a: Palossand|flinch\n|\n|-weather|Sandstorm|[upkeep]\n|-damage|p2b: Lycanroc|10\/100 brn|[from] brn\n|upkeep\n|turn|23\n|\n|t:|1681643704\n|move|p2b: Lycanroc|Rock Slide|p1a: Palossand\n|-resisted|p1a: Palossand\n|-damage|p1a: Palossand|68\/100\n|move|p2a: Garchomp|Dragon Claw|p1a: Palossand|[miss]\n|-miss|p2a: Garchomp|p1a: Palossand\n|move|p1a: Palossand|Chilling Water|p2a: Garchomp|[miss]\n|-miss|p1a: Palossand|p2a: Garchomp\n|\n|-weather|none\n|-damage|p2b: Lycanroc|4\/100 brn|[from] brn\n|upkeep\n|turn|24\n|\n|t:|1681643723\n|move|p2b: Lycanroc|Rock Slide|p1a: Palossand\n|-resisted|p1a: Palossand\n|-damage|p1a: Palossand|65\/100\n|move|p2a: Garchomp|Stomping Tantrum|p1a: Palossand\n|-damage|p1a: Palossand|36\/100\n|cant|p1a: Palossand|flinch\n|\n|-damage|p2b: Lycanroc|0 fnt|[from] brn\n|faint|p2b: Lycanroc\n|upkeep\n|\n|t:|1681643726\n|switch|p2b: Orthworm|Orthworm, L50, F|71\/100\n|turn|25\n|\n|t:|1681643737\n|move|p2a: Garchomp|Dragon Claw|p1a: Palossand\n|-damage|p1a: Palossand|22\/100\n|move|p2b: Orthworm|Heavy Slam|p1a: Palossand\n|-damage|p1a: Palossand|18\/100\n|move|p1a: Palossand|Shore Up|p1a: Palossand\n|-heal|p1a: Palossand|68\/100\n|\n|upkeep\n|turn|26\n|\n|t:|1681643746\n|move|p2a: Garchomp|Dragon Claw|p1a: Palossand\n|-damage|p1a: Palossand|52\/100\n|move|p2b: Orthworm|Heavy Slam|p1a: Palossand|[miss]\n|-miss|p2b: Orthworm|p1a: Palossand\n|move|p1a: Palossand|Sandstorm|p1a: Palossand\n|-weather|Sandstorm\n|\n|-weather|Sandstorm|[upkeep]\n|upkeep\n|turn|27\n|inactive|z0gre has 30 seconds left.\n|inactive|needShowdown has 30 seconds left.\n|\n|t:|1681643757\n|move|p2a: Garchomp|Dragon Claw|p1a: Palossand\n|-damage|p1a: Palossand|36\/100\n|move|p2b: Orthworm|Heavy Slam|p1a: Palossand\n|-damage|p1a: Palossand|31\/100\n|move|p1a: Palossand|Chilling Water|p2a: Garchomp|[miss]\n|-miss|p1a: Palossand|p2a: Garchomp\n|\n|-weather|Sandstorm|[upkeep]\n|upkeep\n|turn|28\n|inactive|z0gre has 25 seconds left this turn.\n|inactive|needShowdown has 30 seconds left this turn.\n|\n|t:|1681643761\n|move|p2a: Garchomp|Dragon Claw|p1a: Palossand\n|-damage|p1a: Palossand|15\/100\n|move|p2b: Orthworm|Heavy Slam|p1a: Palossand\n|-damage|p1a: Palossand|10\/100\n|move|p1a: Palossand|Shore Up|p1a: Palossand\n|-heal|p1a: Palossand|77\/100\n|\n|-weather|Sandstorm|[upkeep]\n|upkeep\n|turn|29\n|inactive|z0gre has 25 seconds left this turn.\n|inactive|needShowdown has 30 seconds left this turn.\n|inactive|z0gre has 20 seconds left.\n|inactive|z0gre has 15 seconds left.\n|\n|t:|1681643771\n|move|p2a: Garchomp|Dragon Claw|p1a: Palossand|[miss]\n|-miss|p2a: Garchomp|p1a: Palossand\n|move|p2b: Orthworm|Heavy Slam|p1a: Palossand|[miss]\n|-miss|p2b: Orthworm|p1a: Palossand\n|move|p1a: Palossand|Chilling Water|p2a: Garchomp\n|-damage|p2a: Garchomp|63\/100\n|-unboost|p2a: Garchomp|atk|1\n|\n|-weather|Sandstorm|[upkeep]\n|upkeep\n|turn|30\n|inactive|z0gre has 15 seconds left this turn.\n|inactive|needShowdown has 30 seconds left this turn.\n|inactive|z0gre has 10 seconds left.\n|\n|t:|1681643779\n|move|p2a: Garchomp|Dragon Claw|p1a: Palossand\n|-damage|p1a: Palossand|66\/100\n|move|p2b: Orthworm|Heavy Slam|p1a: Palossand\n|-damage|p1a: Palossand|61\/100\n|move|p1a: Palossand|Chilling Water|p2a: Garchomp|[miss]\n|-miss|p1a: Palossand|p2a: Garchomp\n|\n|-weather|none\n|upkeep\n|turn|31\n|inactive|z0gre has 10 seconds left this turn.\n|inactive|needShowdown has 30 seconds left this turn.\n|inactiveoff|Battle timer is now OFF.\n|\n|t:|1681643788\n|move|p2a: Garchomp|Dragon Claw|p1a: Palossand\n|-damage|p1a: Palossand|52\/100\n|move|p2b: Orthworm|Heavy Slam|p1a: Palossand|[miss]\n|-miss|p2b: Orthworm|p1a: Palossand\n|move|p1a: Palossand|Sandstorm|p1a: Palossand\n|-weather|Sandstorm\n|\n|-weather|Sandstorm|[upkeep]\n|upkeep\n|turn|32\n|\n|t:|1681643811\n|move|p2a: Garchomp|Dragon Claw|p1a: Palossand|[miss]\n|-miss|p2a: Garchomp|p1a: Palossand\n|move|p2b: Orthworm|Heavy Slam|p1a: Palossand\n|-damage|p1a: Palossand|47\/100\n|move|p1a: Palossand|Shore Up|p1a: Palossand\n|-heal|p1a: Palossand|100\/100\n|\n|-weather|Sandstorm|[upkeep]\n|upkeep\n|turn|33\n|c|\u2606needShowdown|only 1 other sghore up\n|\n|t:|1681643840\n|move|p2a: Garchomp|Stomping Tantrum|p1a: Palossand\n|-damage|p1a: Palossand|83\/100\n|move|p2b: Orthworm|Heavy Slam|p1a: Palossand\n|-damage|p1a: Palossand|78\/100\n|move|p1a: Palossand|Chilling Water|p2a: Garchomp|[miss]\n|-miss|p1a: Palossand|p2a: Garchomp\n|\n|-weather|Sandstorm|[upkeep]\n|upkeep\n|turn|34\n|\n|t:|1681643861\n|move|p2a: Garchomp|Dragon Claw|p1a: Palossand\n|-damage|p1a: Palossand|68\/100\n|move|p2b: Orthworm|Heavy Slam|p1a: Palossand\n|-damage|p1a: Palossand|64\/100\n|move|p1a: Palossand|Chilling Water|p2a: Garchomp|[miss]\n|-miss|p1a: Palossand|p2a: Garchomp\n|\n|-weather|Sandstorm|[upkeep]\n|upkeep\n|turn|35\n|\n|t:|1681643878\n|move|p2a: Garchomp|Dragon Claw|p1a: Palossand\n|-damage|p1a: Palossand|53\/100\n|move|p2b: Orthworm|Heavy Slam|p1a: Palossand\n|-damage|p1a: Palossand|48\/100\n|move|p1a: Palossand|Chilling Water|p2a: Garchomp|[miss]\n|-miss|p1a: Palossand|p2a: Garchomp\n|\n|-weather|none\n|upkeep\n|turn|36\n|\n|t:|1681643890\n|move|p2a: Garchomp|Earthquake|p1a: Palossand|[spread] p1a\n|-heal|p2b: Orthworm|96\/100|[from] ability: Earth Eater|[of] p2a: Garchomp\n|-damage|p1a: Palossand|38\/100\n|move|p2b: Orthworm|Heavy Slam|p1a: Palossand\n|-damage|p1a: Palossand|33\/100\n|move|p1a: Palossand|Sandstorm|p1a: Palossand\n|-weather|Sandstorm\n|\n|-weather|Sandstorm|[upkeep]\n|upkeep\n|turn|37\n|\n|t:|1681643911\n|move|p2a: Garchomp|Earthquake|p1a: Palossand|[spread] p1a\n|-heal|p2b: Orthworm|100\/100|[from] ability: Earth Eater|[of] p2a: Garchomp\n|-damage|p1a: Palossand|23\/100\n|move|p2b: Orthworm|Heavy Slam|p1a: Palossand|[miss]\n|-miss|p2b: Orthworm|p1a: Palossand\n|move|p1a: Palossand|Chilling Water|p2b: Orthworm\n|-damage|p2b: Orthworm|86\/100\n|-unboost|p2b: Orthworm|atk|1\n|\n|-weather|Sandstorm|[upkeep]\n|upkeep\n|turn|38\n|\n|t:|1681643931\n|move|p2a: Garchomp|Dragon Claw|p1a: Palossand|[miss]\n|-miss|p2a: Garchomp|p1a: Palossand\n|move|p2b: Orthworm|Iron Defense|p2b: Orthworm\n|-boost|p2b: Orthworm|def|2\n|move|p1a: Palossand|Shore Up|p1a: Palossand\n|-heal|p1a: Palossand|90\/100\n|\n|-weather|Sandstorm|[upkeep]\n|upkeep\n|turn|39\n|\n|t:|1681643949\n|move|p2a: Garchomp|Dragon Claw|p1a: Palossand\n|-damage|p1a: Palossand|79\/100\n|move|p2b: Orthworm|Iron Defense|p2b: Orthworm\n|-boost|p2b: Orthworm|def|2\n|move|p1a: Palossand|Chilling Water|p2b: Orthworm\n|-damage|p2b: Orthworm|72\/100\n|-unboost|p2b: Orthworm|atk|1\n|\n|-weather|Sandstorm|[upkeep]\n|upkeep\n|turn|40\n|c|\u2606needShowdown|no more heavy slam\n|\n|t:|1681643961\n|move|p2a: Garchomp|Dragon Claw|p1a: Palossand\n|-damage|p1a: Palossand|68\/100\n|move|p2b: Orthworm|Iron Defense|p2b: Orthworm\n|-boost|p2b: Orthworm|def|2\n|move|p1a: Palossand|Chilling Water|p2a: Garchomp\n|-damage|p2a: Garchomp|51\/100\n|-unboost|p2a: Garchomp|atk|1\n|\n|-weather|none\n|upkeep\n|turn|41\n|\n|t:|1681643980\n|move|p2a: Garchomp|Dragon Claw|p1a: Palossand\n|-damage|p1a: Palossand|60\/100\n|move|p2b: Orthworm|Body Press|p1a: Palossand\n|-immune|p1a: Palossand\n|move|p1a: Palossand|Chilling Water|p2a: Garchomp|[miss]\n|-miss|p1a: Palossand|p2a: Garchomp\n|\n|upkeep\n|turn|42\n|\n|t:|1681643998\n|move|p2a: Garchomp|Dragon Claw|p1a: Palossand\n|-damage|p1a: Palossand|52\/100\n|move|p2b: Orthworm|Body Press|p1a: Palossand\n|-immune|p1a: Palossand\n|move|p1a: Palossand|Chilling Water|p2a: Garchomp\n|-damage|p2a: Garchomp|38\/100\n|-unboost|p2a: Garchomp|atk|1\n|\n|upkeep\n|turn|43\n|\n|t:|1681644034\n|move|p2a: Garchomp|Dragon Claw|p1a: Palossand\n|-damage|p1a: Palossand|45\/100\n|move|p2b: Orthworm|Body Press|p1a: Palossand\n|-immune|p1a: Palossand\n|move|p1a: Palossand|Chilling Water|p2a: Garchomp\n|-damage|p2a: Garchomp|25\/100\n|-unboost|p2a: Garchomp|atk|1\n|\n|upkeep\n|turn|44\n|\n|t:|1681644048\n|move|p2a: Garchomp|Dragon Claw|p1a: Palossand\n|-damage|p1a: Palossand|40\/100\n|move|p2b: Orthworm|Body Press|p1a: Palossand\n|-immune|p1a: Palossand\n|move|p1a: Palossand|Chilling Water|p2a: Garchomp\n|-damage|p2a: Garchomp|14\/100\n|-unboost|p2a: Garchomp|atk|1\n|\n|upkeep\n|turn|45\n|\n|t:|1681644074\n|move|p2a: Garchomp|Earthquake|p1a: Palossand|[spread] p1a\n|-heal|p2b: Orthworm|97\/100|[from] ability: Earth Eater|[of] p2a: Garchomp\n|-damage|p1a: Palossand|35\/100\n|move|p2b: Orthworm|Body Press|p1a: Palossand\n|-immune|p1a: Palossand\n|move|p1a: Palossand|Chilling Water|p2a: Garchomp\n|-damage|p2a: Garchomp|0 fnt\n|faint|p2a: Garchomp\n|\n|upkeep\n|turn|46\n|\n|t:|1681644087\n|move|p2b: Orthworm|Iron Defense|p2b: Orthworm\n|-boost|p2b: Orthworm|def|0\n|move|p1a: Palossand|Chilling Water|p2b: Orthworm\n|-damage|p2b: Orthworm|82\/100\n|-unboost|p2b: Orthworm|atk|1\n|\n|upkeep\n|turn|47\n|\n|t:|1681644094\n|move|p2b: Orthworm|Iron Defense|p2b: Orthworm\n|-boost|p2b: Orthworm|def|0\n|move|p1a: Palossand|Chilling Water|p2b: Orthworm\n|-damage|p2b: Orthworm|67\/100\n|-unboost|p2b: Orthworm|atk|1\n|\n|upkeep\n|turn|48\n|\n|t:|1681644099\n|move|p2b: Orthworm|Iron Defense|p2b: Orthworm\n|-boost|p2b: Orthworm|def|0\n|move|p1a: Palossand|Chilling Water|p2b: Orthworm\n|-damage|p2b: Orthworm|53\/100\n|-unboost|p2b: Orthworm|atk|1\n|\n|upkeep\n|turn|49\n|\n|t:|1681644106\n|move|p2b: Orthworm|Iron Defense|p2b: Orthworm\n|-boost|p2b: Orthworm|def|0\n|move|p1a: Palossand|Chilling Water|p2b: Orthworm\n|-damage|p2b: Orthworm|38\/100\n|-unboost|p2b: Orthworm|atk|1\n|\n|upkeep\n|turn|50\n|\n|t:|1681644114\n|move|p2b: Orthworm|Iron Defense|p2b: Orthworm\n|-boost|p2b: Orthworm|def|0\n|move|p1a: Palossand|Chilling Water|p2b: Orthworm\n|-damage|p2b: Orthworm|24\/100\n|\n|upkeep\n|turn|51\n|\n|t:|1681644120\n|move|p2b: Orthworm|Iron Defense|p2b: Orthworm\n|-boost|p2b: Orthworm|def|0\n|move|p1a: Palossand|Chilling Water|p2b: Orthworm\n|-damage|p2b: Orthworm|9\/100\n|\n|upkeep\n|turn|52\n|c|\u2606z0gre|Gg\n|c|\u2606needShowdown|impossible\n|c|\u2606needShowdown|1 pp\n|c|\u2606z0gre|Calc\u2019d\n|c|\u2606needShowdown|sry but a litte cance\n|c|\u2606needShowdown|i and u maded a mistake\n|c|\u2606needShowdown|u didnt calc'd that eq give life\n|c|\u2606needShowdown|and i used only d claw\n|c|\u2606z0gre|No I got lucky I\u2019m just kidding\n|c|\u2606z0gre|We\u2019ll played\n|c|\u2606z0gre|close as it gets\n|c|\u2606needShowdown|if i use another eq\n|c|\u2606z0gre|Coulda went either way\n|c|\u2606needShowdown|no 94 but 100%\n|c|\u2606needShowdown|and i win\n|\n|t:|1681644227\n|move|p2b: Orthworm|Iron Defense|p2b: Orthworm\n|-boost|p2b: Orthworm|def|0\n|move|p1a: Palossand|Chilling Water|p2b: Orthworm\n|-damage|p2b: Orthworm|0 fnt\n|faint|p2b: Orthworm\n|\n|win|z0gre\n|c|\u2606z0gre|U woulda struggled I had more pp from the stockpile ect\n|c|\u2606needShowdown|what if u finished chilling water?\n|c|\u2606needShowdown|nah\n|c|\u2606needShowdown|i counted\n|c|\u2606needShowdown|u lose\n|c|\u2606needShowdown|oh no\n|c|\u2606needShowdown|for 4 pp\n|c|\u2606needShowdown|u win the same\n|l|\u2606needShowdown\n|c|\u2606z0gre|15+16=32\n","uploadtime":1681644347,"views":72,"p1id":"z0gre","p2id":"needshowdown","formatid":"gen9vgc2023regulationc","rating":0,"private":0,"password":""}