{"id":"gen9vgc2023regulationc-1858705764","p1":"ExstraspaceDND","p2":"HayPrime","format":"[Gen 9] VGC 2023 Regulation C","log":"|j|\u2606ExstraspaceDND\n|j|\u2606HayPrime\n|t:|1683345447\n|gametype|doubles\n|player|p1|ExstraspaceDND|2|\n|player|p2|HayPrime|101|\n|teamsize|p1|6\n|teamsize|p2|6\n|gen|9\n|tier|[Gen 9] VGC 2023 Regulation C\n|rule|Species Clause: Limit one of each Pok\u00e9mon\n|rule|Item Clause: Limit one of each item\n|clearpoke\n|poke|p1|Scizor, L50, F|\n|poke|p1|Jumpluff, L50, F|\n|poke|p1|Garchomp, L50, M|\n|poke|p1|Rotom-Heat, L50|\n|poke|p1|Iron Bundle, L50|\n|poke|p1|Qwilfish, L50, F|\n|poke|p2|Gallade, L50, M|\n|poke|p2|Brute Bonnet, L50|\n|poke|p2|Tinkaton, L50, F|\n|poke|p2|Volcarona, L50, F|\n|poke|p2|Bronzor, L50|\n|poke|p2|Drednaw, L50, M|\n|teampreview|4\n|c|\u2606ExstraspaceDND|There we go\n|c|\u2606ExstraspaceDND|Glhf\n|c|\u2606HayPrime|no u\n|c|\u2606ExstraspaceDND|:0\n|\n|t:|1683345500\n|start\n|switch|p1a: Nitrous b.u.g|Scizor, L50, F|100\/100\n|switch|p1b: Baby|Jumpluff, L50, F|100\/100\n|switch|p2a: Phoenix|Volcarona, L50, F|100\/100\n|switch|p2b: lil dude|Bronzor, L50|100\/100\n|turn|1\n|\n|t:|1683345537\n|-terastallize|p1a: Nitrous b.u.g|Ghost\n|move|p1b: Baby|Sleep Powder|p2a: Phoenix\n|-status|p2a: Phoenix|slp|[from] move: Sleep Powder\n|cant|p2a: Phoenix|slp\n|move|p1a: Nitrous b.u.g|Swords Dance|p1a: Nitrous b.u.g\n|-boost|p1a: Nitrous b.u.g|atk|2\n|move|p2b: lil dude|Trick Room|p2b: lil dude\n|-fieldstart|move: Trick Room|[of] p2b: lil dude\n|\n|upkeep\n|turn|2\n|\n|t:|1683345572\n|move|p2b: lil dude|Helping Hand|p2a: Phoenix\n|-singleturn|p2a: Phoenix|Helping Hand|[of] p2b: lil dude\n|move|p1b: Baby|Rage Powder|p1b: Baby\n|-singleturn|p1b: Baby|move: Rage Powder\n|move|p1a: Nitrous b.u.g|Swords Dance|p1a: Nitrous b.u.g\n|-boost|p1a: Nitrous b.u.g|atk|2\n|-curestatus|p2a: Phoenix|slp|[msg]\n|move|p2a: Phoenix|Heat Wave|p1a: Nitrous b.u.g|[spread] p1a,p1b\n|-supereffective|p1b: Baby\n|-damage|p1a: Nitrous b.u.g|34\/100\n|-damage|p1b: Baby|0 fnt\n|faint|p1b: Baby\n|\n|upkeep\n|\n|t:|1683345590\n|switch|p1b: Copper|Garchomp, L50, M|100\/100\n|turn|3\n|\n|t:|1683345616\n|move|p2b: lil dude|Rock Slide|p1a: Nitrous b.u.g|[spread] p1a,p1b\n|-crit|p1a: Nitrous b.u.g\n|-resisted|p1b: Copper\n|-damage|p1a: Nitrous b.u.g|26\/100\n|-damage|p1b: Copper|98\/100\n|move|p1a: Nitrous b.u.g|Aerial Ace|p2a: Phoenix\n|-supereffective|p2a: Phoenix\n|-damage|p2a: Phoenix|0 fnt\n|faint|p2a: Phoenix\n|move|p1b: Copper|Brick Break|p2b: lil dude\n|-damage|p2b: lil dude|79\/100\n|\n|upkeep\n|\n|t:|1683345641\n|switch|p2a: Poppy|Tinkaton, L50, F|100\/100\n|turn|4\n|\n|t:|1683345664\n|move|p1a: Nitrous b.u.g|Bullet Punch|p2a: Poppy\n|-damage|p2a: Poppy|0 fnt\n|faint|p2a: Poppy\n|move|p2b: lil dude|Rock Slide|p1a: Nitrous b.u.g|[spread] p1a,p1b\n|-resisted|p1b: Copper\n|-damage|p1a: Nitrous b.u.g|21\/100\n|-damage|p1b: Copper|96\/100\n|move|p1b: Copper|Brick Break|p2b: lil dude\n|-damage|p2b: lil dude|56\/100\n|\n|upkeep\n|\n|t:|1683345674\n|switch|p2a: Live on the Edge|Gallade, L50, M, shiny|100\/100\n|turn|5\n|\n|t:|1683345697\n|move|p1a: Nitrous b.u.g|Bullet Punch|p2a: Live on the Edge\n|-damage|p2a: Live on the Edge|0 fnt\n|faint|p2a: Live on the Edge\n|move|p2b: lil dude|Rock Slide|p1b: Copper|[spread] p1a,p1b\n|-resisted|p1b: Copper\n|-damage|p1a: Nitrous b.u.g|16\/100\n|-damage|p1b: Copper|94\/100\n|move|p1b: Copper|Brick Break|p2b: lil dude\n|-crit|p2b: lil dude\n|-damage|p2b: lil dude|24\/100\n|\n|-fieldend|move: Trick Room\n|upkeep\n|turn|6\n|\n|t:|1683345713\n|move|p1a: Nitrous b.u.g|Bullet Punch|p2b: lil dude\n|-resisted|p2b: lil dude\n|-damage|p2b: lil dude|0 fnt\n|faint|p2b: lil dude\n|\n|win|ExstraspaceDND\n","uploadtime":1683345721,"views":18,"p1id":"exstraspacednd","p2id":"hayprime","formatid":"gen9vgc2023regulationc","rating":0,"private":0,"password":""}