{"id":"gen9vgc2023regulationc-1860596441","p1":"Ytterby","p2":"Davian624","format":"[Gen 9] VGC 2023 Regulation C","log":"|j|\u2606Ytterby\n|j|\u2606Davian624\n|t:|1683657608\n|gametype|doubles\n|player|p1|Ytterby|brycenman|1257\n|player|p2|Davian624|steven|1166\n|teamsize|p1|6\n|teamsize|p2|6\n|gen|9\n|tier|[Gen 9] VGC 2023 Regulation C\n|rated|\n|rule|Species Clause: Limit one of each Pok\u00e9mon\n|rule|Item Clause: Limit one of each item\n|clearpoke\n|poke|p1|Baxcalibur, L50, F|\n|poke|p1|Torkoal, L50, M|\n|poke|p1|Ting-Lu, L50|\n|poke|p1|Glimmora, L50, M|\n|poke|p1|Grimmsnarl, L50, M|\n|poke|p1|Flutter Mane, L50|\n|poke|p2|Grimmsnarl, L50, M|\n|poke|p2|Ceruledge, L50, M|\n|poke|p2|Iron Hands, L50|\n|poke|p2|Gholdengo, L50|\n|poke|p2|Gothitelle, L50, F|\n|poke|p2|Palafin, L50, M|\n|teampreview|4\nYtterby has agreed to open team sheets.\n|inactive|Battle timer is ON: inactive players will automatically lose when time's up. (requested by Davian624)\n|\n|t:|1683657666\n|start\n|switch|p1a: Friend|Flutter Mane, L50|100\/100\n|switch|p1b: Ti|Torkoal, L50, M|100\/100\n|switch|p2a: Klark|Palafin, L50, M|100\/100\n|switch|p2b: Morticia|Gothitelle, L50, F|100\/100\n|-item|p1a: Friend|Choice Specs|[from] ability: Frisk|[of] p2b: Morticia|[identify]\n|-item|p1b: Ti|Eject Pack|[from] ability: Frisk|[of] p2b: Morticia|[identify]\n|-weather|SunnyDay|[from] ability: Drought|[of] p1b: Ti\n|-activate|p1a: Friend|ability: Protosynthesis\n|-start|p1a: Friend|protosynthesisspa\n|turn|1\n|inactive|Ytterby has 30 seconds left.\n|inactive|Davian624 has 30 seconds left.\n|inactive|Ytterby has 20 seconds left.\n|inactive|Davian624 has 20 seconds left.\n|inactive|Ytterby has 15 seconds left.\n|inactive|Davian624 has 15 seconds left.\n|inactive|Davian624 has 10 seconds left.\n|inactive|Davian624 has 5 seconds left.\n|\n|t:|1683657718\n|move|p2a: Klark|Protect|p2a: Klark\n|-singleturn|p2a: Klark|Protect\n|move|p1a: Friend|Energy Ball|p2a: Klark\n|-activate|p2a: Klark|move: Protect\n|move|p2b: Morticia|Trick|p1b: Ti\n|-activate|p2b: Morticia|move: Trick|[of] p1b: Ti\n|-item|p1b: Ti|Sitrus Berry|[from] move: Trick\n|-item|p2b: Morticia|Eject Pack|[from] move: Trick\n|move|p1b: Ti|Overheat|p2a: Klark\n|-activate|p2a: Klark|move: Protect\n|\n|-weather|SunnyDay|[upkeep]\n|upkeep\n|turn|2\n|c|\u2606Ytterby|lmao enjoy\n|inactive|Ytterby has 30 seconds left.\n|inactive|Davian624 has 30 seconds left.\n|\n|t:|1683657757\n|-terastallize|p2b: Morticia|Water\n|move|p1a: Friend|Energy Ball|p2a: Klark\n|-supereffective|p2a: Klark\n|-damage|p2a: Klark|0 fnt\n|faint|p2a: Klark\n|move|p2b: Morticia|Psychic|p1a: Friend\n|-damage|p1a: Friend|73\/100\n|move|p1b: Ti|Fire Spin|p2b: Morticia\n|-resisted|p2b: Morticia\n|-damage|p2b: Morticia|94\/100\n|-activate|p2b: Morticia|move: Fire Spin|[of] p1b: Ti\n|\n|-weather|SunnyDay|[upkeep]\n|-damage|p2b: Morticia|81\/100|[from] move: Fire Spin|[partiallytrapped]\n|upkeep\n|\n|t:|1683657773\n|switch|p2a: Throw|Iron Hands, L50|100\/100\n|turn|3\n|c|\u2606Ytterby|that\n|c|\u2606Ytterby|sure was a choice\n|\n|t:|1683657782\n|move|p1a: Friend|Energy Ball|p2b: Morticia\n|-supereffective|p2b: Morticia\n|-damage|p2b: Morticia|0 fnt\n|faint|p2b: Morticia\n|move|p2a: Throw|Wild Charge|p1a: Friend\n|-damage|p1a: Friend|0 fnt\n|faint|p1a: Friend\n|-end|p1a: Friend|Protosynthesis|[silent]\n|-damage|p2a: Throw|89\/100|[from] Recoil\n|move|p1b: Ti|Fire Spin|p2a: Throw\n|-crit|p2a: Throw\n|-damage|p2a: Throw|74\/100\n|-activate|p2a: Throw|move: Fire Spin|[of] p1b: Ti\n|\n|-weather|SunnyDay|[upkeep]\n|-damage|p2a: Throw|62\/100|[from] move: Fire Spin|[partiallytrapped]\n|upkeep\n|\n|t:|1683657793\n|switch|p1a: Girl|Grimmsnarl, L50, M|100\/100\n|switch|p2b: Lucky|Gholdengo, L50|100\/100\n|turn|4\n|\n|t:|1683657816\n|move|p1a: Girl|Light Screen|p1a: Girl\n|-sidestart|p1: Ytterby|move: Light Screen\n|move|p2b: Lucky|Power Gem|p1b: Ti\n|-supereffective|p1b: Ti\n|-damage|p1b: Ti|45\/100\n|-enditem|p1b: Ti|Sitrus Berry|[eat]\n|-heal|p1b: Ti|69\/100|[from] item: Sitrus Berry\n|-damage|p2b: Lucky|91\/100|[from] item: Life Orb\n|move|p2a: Throw|Drain Punch|p1a: Girl\n|-damage|p1a: Girl|61\/100\n|-heal|p2a: Throw|77\/100|[from] drain|[of] p1a: Girl\n|move|p1b: Ti|Lava Plume|p2b: Lucky|[spread] p1a,p2a,p2b\n|-supereffective|p2b: Lucky\n|-damage|p1a: Girl|45\/100\n|-damage|p2a: Throw|64\/100\n|-damage|p2b: Lucky|24\/100\n|-status|p1a: Girl|brn\n|\n|-weather|SunnyDay|[upkeep]\n|-damage|p1a: Girl|38\/100 brn|[from] brn\n|-damage|p2a: Throw|52\/100|[from] move: Fire Spin|[partiallytrapped]\n|upkeep\n|turn|5\n|inactive|Ytterby has 30 seconds left.\n|\n|t:|1683657843\n|move|p1a: Girl|Reflect|p1a: Girl\n|-sidestart|p1: Ytterby|Reflect\n|move|p2b: Lucky|Power Gem|p1b: Ti\n|-supereffective|p1b: Ti\n|-damage|p1b: Ti|12\/100\n|-damage|p2b: Lucky|15\/100|[from] item: Life Orb\n|move|p2a: Throw|Drain Punch|p1a: Girl\n|-damage|p1a: Girl|10\/100 brn\n|-heal|p2a: Throw|63\/100|[from] drain|[of] p1a: Girl\n|move|p1b: Ti|Lava Plume|p2a: Throw|[spread] p1a,p2a,p2b\n|-supereffective|p2b: Lucky\n|-crit|p2b: Lucky\n|-damage|p1a: Girl|0 fnt\n|-damage|p2a: Throw|49\/100\n|-damage|p2b: Lucky|0 fnt\n|faint|p1a: Girl\n|faint|p2b: Lucky\n|\n|-weather|none\n|-damage|p2a: Throw|37\/100|[from] move: Fire Spin|[partiallytrapped]\n|upkeep\n|\n|t:|1683657855\n|switch|p1a: tty|Ting-Lu, L50|100\/100\n|-ability|p1a: tty|Vessel of Ruin\n|turn|6\n|\n|t:|1683657866\n|-terastallize|p1a: tty|Poison\n|move|p1b: Ti|Helping Hand|p1a: tty\n|-singleturn|p1a: tty|Helping Hand|[of] p1b: Ti\n|move|p2a: Throw|Drain Punch|p1b: Ti\n|-damage|p1b: Ti|0 fnt\n|-heal|p2a: Throw|42\/100|[from] drain|[of] p1b: Ti\n|faint|p1b: Ti\n|move|p1a: tty|Stomping Tantrum|p2a: Throw\n|-supereffective|p2a: Throw\n|-damage|p2a: Throw|0 fnt\n|faint|p2a: Throw\n|-end|p2a: Throw|Quark Drive|[silent]\n|\n|win|Ytterby\n|raw|Ytterby's rating: 1257 → 1276<\/strong> (+19 for winning)\n|raw|Davian624's rating: 1166 → 1147<\/strong> (-19 for losing)\n|l|\u2606Davian624\n|c|\u2606Ytterby|ggs\n","uploadtime":1683657882,"views":19,"p1id":"ytterby","p2id":"davian624","formatid":"gen9vgc2023regulationc","rating":1147,"private":0,"password":""}