{"id":"gen9vgc2023regulationc-1848255867","p1":"JayMcG1010","p2":"matthewssandslash","format":"[Gen 9] VGC 2023 Regulation C","log":"|j|\u2606JayMcG1010\n|j|\u2606matthewssandslash\n|t:|1682048898\n|gametype|doubles\n|player|p1|JayMcG1010|266|\n|player|p2|matthewssandslash|265|\n|teamsize|p1|6\n|teamsize|p2|6\n|gen|9\n|tier|[Gen 9] VGC 2023 Regulation C\n|rule|Species Clause: Limit one of each Pok\u00e9mon\n|rule|Item Clause: Limit one of each item\n|clearpoke\n|poke|p1|Alomomola, L50, M|\n|poke|p1|Tandemaus, L50|\n|poke|p1|Arctibax, L50, M|\n|poke|p1|Rufflet, L50, M|\n|poke|p1|Swalot, L50, F|\n|poke|p1|Numel, L50, F|\n|poke|p2|Eiscue, L50, M|\n|poke|p2|Slowpoke, L50, M|\n|poke|p2|Capsakid, L50, M|\n|poke|p2|Sunflora, L50, M|\n|poke|p2|Corvisquire, L50, M|\n|poke|p2|Houndour, L50, F|\n|teampreview|4\n|c|\u2606matthewssandslash|ooh\nJayMcG1010 rejected open team sheets.\n|c|\u2606matthewssandslash|dang\n|c|\u2606JayMcG1010|g1\n|c|\u2606JayMcG1010|double dang\n|c|\u2606matthewssandslash|did not anticipate swalot\n|c|\u2606JayMcG1010|slowpoke my beloved\n|c|\u2606JayMcG1010|glhf!\n|c|\u2606matthewssandslash|seriously\n|c|\u2606matthewssandslash|I'm so glad neither of us have intimidate\n|c|\u2606matthewssandslash|alomamola\n|c|\u2606matthewssandslash|is something\n|c|\u2606matthewssandslash|I didn't anticipate\n|c|\u2606JayMcG1010|reasons i love rtt\n|\n|t:|1682049061\n|start\n|switch|p1a: 2|Rufflet, L50, M|100\/100\n|switch|p1b: 3|Arctibax, L50, M|100\/100\n|switch|p2a: Corvisquire|Corvisquire, L50, M|100\/100\n|switch|p2b: Sunflora|Sunflora, L50, M|100\/100\n|turn|1\n|\n|t:|1682049083\n|move|p2a: Corvisquire|Sky Attack||[still]\n|-prepare|p2a: Corvisquire|Sky Attack\n|-enditem|p2a: Corvisquire|Power Herb\n|-anim|p2a: Corvisquire|Sky Attack|p1a: 2|[miss]\n|-miss|p2a: Corvisquire|p1a: 2\n|move|p1b: 3|Outrage|p2a: Corvisquire\n|-damage|p2a: Corvisquire|0 fnt\n|faint|p2a: Corvisquire\n|move|p1a: 2|Bulk Up|p1a: 2\n|-boost|p1a: 2|atk|1\n|-boost|p1a: 2|def|1\n|move|p2b: Sunflora|Dazzling Gleam|p1b: 3|[spread] p1a,p1b\n|-supereffective|p1b: 3\n|-damage|p1a: 2|75\/100\n|-damage|p1b: 3|19\/100\n|-damage|p2b: Sunflora|91\/100|[from] item: Life Orb\n|\n|upkeep\n|c|\u2606matthewssandslash|dang\n|\n|t:|1682049102\n|switch|p2a: Eiscue|Eiscue, L50, M|100\/100\n|turn|2\n|\n|t:|1682049111\n|-terastallize|p1a: 2|Fire\n|move|p2b: Sunflora|Protect|p2b: Sunflora\n|-singleturn|p2b: Sunflora|Protect\n|move|p1b: 3|Outrage|p2b: Sunflora|[from]lockedmove\n|-activate|p2b: Sunflora|move: Protect\n|-start|p1b: 3|confusion|[fatigue]\n|move|p2a: Eiscue|Ice Spinner|p1a: 2\n|-resisted|p1a: 2\n|-damage|p1a: 2|58\/100\n|move|p1a: 2|Tailwind|p1a: 2\n|-sidestart|p1: JayMcG1010|move: Tailwind\n|\n|upkeep\n|turn|3\n|\n|t:|1682049135\n|switch|p2b: Houndour|Houndour, L50, F|100\/100\n|-activate|p1b: 3|confusion\n|move|p1b: 3|Outrage|p2a: Eiscue\n|-activate|p2a: Eiscue|ability: Ice Face\n|-damage|p2a: Eiscue|100\/100\n|detailschange|p2a: Eiscue|Eiscue-Noice, L50, M\n|move|p1a: 2|Bulk Up|p1a: 2\n|-boost|p1a: 2|atk|1\n|-boost|p1a: 2|def|1\n|move|p2a: Eiscue|Ice Spinner|p1b: 3\n|-damage|p1b: 3|0 fnt\n|faint|p1b: 3\n|\n|upkeep\n|\n|t:|1682049151\n|switch|p1b: 5|Alomomola, L50, M, shiny|100\/100\n|turn|4\n|\n|t:|1682049160\n|switch|p2a: Sunflora|Sunflora, L50, M|91\/100\n|move|p1b: 5|Hydro Pump|p2b: Houndour|[miss]\n|-miss|p1b: 5|p2b: Houndour\n|move|p1a: 2|Brave Bird|p2a: Sunflora\n|-supereffective|p2a: Sunflora\n|-damage|p2a: Sunflora|0 fnt\n|faint|p2a: Sunflora\n|-damage|p1a: 2|28\/100|[from] Recoil\n|move|p2b: Houndour|Mud Shot|p1a: 2\n|-supereffective|p1a: 2\n|-damage|p1a: 2|0 fnt\n|faint|p1a: 2\n|\n|upkeep\n|\n|t:|1682049174\n|switch|p1a: 6|Swalot, L50, F, shiny|100\/100\n|switch|p2a: Eiscue|Eiscue-Noice, L50, M|100\/100\n|turn|5\n|\n|t:|1682049213\n|move|p1b: 5|Hydro Pump|p2b: Houndour\n|-supereffective|p2b: Houndour\n|-damage|p2b: Houndour|0 fnt\n|faint|p2b: Houndour\n|move|p2a: Eiscue|Head Smash|p1b: 5|[miss]\n|-miss|p2a: Eiscue|p1b: 5\n|move|p1a: 6|Acid Armor|p1a: 6\n|-boost|p1a: 6|def|2\n|\n|-sideend|p1: JayMcG1010|move: Tailwind\n|upkeep\n|turn|6\n|c|\u2606matthewssandslash|bruh\n|\n|t:|1682049229\n|move|p2a: Eiscue|Head Smash|p1b: 5\n|-damage|p1b: 5|54\/100\n|-damage|p2a: Eiscue|65\/100|[from] Recoil\n|move|p1b: 5|Hydro Pump|p2a: Eiscue\n|-damage|p2a: Eiscue|18\/100\n|move|p1a: 6|Body Press|p2a: Eiscue\n|-supereffective|p2a: Eiscue\n|-damage|p2a: Eiscue|0 fnt\n|faint|p2a: Eiscue\n|\n|win|JayMcG1010\n|c|\u2606matthewssandslash|gg\n|c|\u2606JayMcG1010|gg!\n","uploadtime":1682049239,"views":16,"p1id":"jaymcg1010","p2id":"matthewssandslash","formatid":"gen9vgc2023regulationc","rating":0,"private":0,"password":""}