{"id":"gen9vgc2023regulationc-1858731837","p1":"Corbinnnnnnn","p2":"CurlyNQuirky","format":"[Gen 9] VGC 2023 Regulation C","log":"|j|\u2606Corbinnnnnnn\n|j|\u2606CurlyNQuirky\n|t:|1683349992\n|gametype|doubles\n|player|p1|Corbinnnnnnn|102|1000\n|player|p2|CurlyNQuirky|170|1027\n|teamsize|p1|6\n|teamsize|p2|6\n|gen|9\n|tier|[Gen 9] VGC 2023 Regulation C\n|rated|\n|rule|Species Clause: Limit one of each Pok\u00e9mon\n|rule|Item Clause: Limit one of each item\n|clearpoke\n|poke|p1|Chi-Yu, L50|\n|poke|p1|Iron Moth, L50|\n|poke|p1|Gholdengo, L50|\n|poke|p1|Kingambit, L50, M|\n|poke|p1|Scream Tail, L50|\n|poke|p1|Hydreigon, L50, M|\n|poke|p2|Abomasnow, L50, F|\n|poke|p2|Murkrow, L50, F|\n|poke|p2|Annihilape, L50, M|\n|poke|p2|Beartic, L50, M|\n|poke|p2|Iron Bundle, L50|\n|poke|p2|Frosmoth, L50, F|\n|teampreview|4\n|\n|t:|1683350019\n|start\n|switch|p1a: Chi-Yu|Chi-Yu, L50|100\/100\n|switch|p1b: Iron Moth|Iron Moth, L50|100\/100\n|switch|p2a: Frosmoth|Frosmoth, L50, F, shiny|100\/100\n|switch|p2b: Annihilape|Annihilape, L50, M, shiny|100\/100\n|-ability|p1a: Chi-Yu|Beads of Ruin\n|turn|1\n|\n|t:|1683350062\n|move|p2a: Frosmoth|Wide Guard|p2a: Frosmoth\n|-singleturn|p2a: Frosmoth|Wide Guard\n|move|p1a: Chi-Yu|Heat Wave|p2b: Annihilape|[spread] \n|-activate|p2a: Frosmoth|move: Wide Guard\n|-activate|p2b: Annihilape|move: Wide Guard\n|move|p1b: Iron Moth|Fiery Dance|p2b: Annihilape\n|-damage|p2b: Annihilape|60\/100\n|move|p2b: Annihilape|Bulk Up|p2b: Annihilape\n|-boost|p2b: Annihilape|atk|1\n|-boost|p2b: Annihilape|def|1\n|\n|-heal|p2b: Annihilape|66\/100|[from] item: Leftovers\n|upkeep\n|turn|2\n|\n|t:|1683350088\n|move|p1a: Chi-Yu|Heat Wave|p2b: Annihilape|[spread] p2b\n|-miss|p1a: Chi-Yu|p2a: Frosmoth\n|-damage|p2b: Annihilape|27\/100\n|move|p1b: Iron Moth|Fiery Dance|p2a: Frosmoth\n|-supereffective|p2a: Frosmoth\n|-damage|p2a: Frosmoth|0 fnt\n|faint|p2a: Frosmoth\n|move|p2b: Annihilape|Drain Punch|p1a: Chi-Yu\n|-supereffective|p1a: Chi-Yu\n|-damage|p1a: Chi-Yu|0 fnt\n|-heal|p2b: Annihilape|64\/100|[from] drain|[of] p1a: Chi-Yu\n|faint|p1a: Chi-Yu\n|\n|-heal|p2b: Annihilape|70\/100|[from] item: Leftovers\n|upkeep\n|\n|t:|1683350117\n|switch|p1a: Gholdengo|Gholdengo, L50|100\/100\n|switch|p2a: Abomasnow|Abomasnow, L50, F, shiny|100\/100\n|-weather|Snow|[from] ability: Snow Warning|[of] p2a: Abomasnow\n|turn|3\n|\n|t:|1683350145\n|-terastallize|p1a: Gholdengo|Steel\n|move|p1b: Iron Moth|Fiery Dance|p2a: Abomasnow\n|-supereffective|p2a: Abomasnow\n|-damage|p2a: Abomasnow|1\/100\n|move|p2b: Annihilape|Rage Fist|p1a: Gholdengo\n|-damage|p1a: Gholdengo|20\/100\n|-enditem|p1a: Gholdengo|Red Card|[of] p2b: Annihilape\n|drag|p2b: Beartic|Beartic, L50, M, shiny|100\/100\n|move|p1a: Gholdengo|Thief|p2b: Beartic\n|-damage|p2b: Beartic|93\/100\n|-enditem|p2b: Beartic|Life Orb|[silent]|[from] move: Thief|[of] p1a: Gholdengo\n|-item|p1a: Gholdengo|Life Orb|[from] move: Thief|[of] p2b: Beartic\n|-damage|p1a: Gholdengo|10\/100|[from] item: Life Orb\n|move|p2a: Abomasnow|Aurora Veil|p2a: Abomasnow\n|-sidestart|p2: CurlyNQuirky|move: Aurora Veil\n|\n|-weather|Snow|[upkeep]\n|upkeep\n|turn|4\n|\n|t:|1683350200\n|move|p2b: Beartic|Shadow Claw|p1a: Gholdengo\n|-damage|p1a: Gholdengo|0 fnt\n|faint|p1a: Gholdengo\n|move|p1b: Iron Moth|Fiery Dance|p2b: Beartic\n|-supereffective|p2b: Beartic\n|-damage|p2b: Beartic|34\/100\n|-boost|p1b: Iron Moth|spa|1\n|move|p2a: Abomasnow|Sheer Cold|p1b: Iron Moth\n|-damage|p1b: Iron Moth|0 fnt\n|faint|p1b: Iron Moth\n|-end|p1b: Iron Moth|Quark Drive|[silent]\n|-ohko\n|\n|-weather|Snow|[upkeep]\n|upkeep\n|\n|t:|1683350216\n|switch|p1a: Kingambit|Kingambit, L50, M|100\/100\n|turn|5\n|\n|t:|1683350238\n|move|p2b: Beartic|Close Combat|p1a: Kingambit\n|-supereffective|p1a: Kingambit\n|-damage|p1a: Kingambit|0 fnt\n|-unboost|p2b: Beartic|def|1\n|-unboost|p2b: Beartic|spd|1\n|faint|p1a: Kingambit\n|\n|win|CurlyNQuirky\n|raw|Corbinnnnnnn's rating: 1000 → 1000<\/strong> (+0 for losing)\n|raw|CurlyNQuirky's rating: 1027 → 1060<\/strong> (+33 for winning)\n|l|\u2606Corbinnnnnnn\n","uploadtime":1683350347,"views":11,"p1id":"corbinnnnnnn","p2id":"curlynquirky","formatid":"gen9vgc2023regulationc","rating":1000,"private":0,"password":""}