{"id":"gen9vgc2023regulationc-1862716025","p1":"Xweetz","p2":"gassy george","format":"[Gen 9] VGC 2023 Regulation C","log":"|j|\u2606Xweetz\n|j|\u2606gassy george\n|t:|1683914814\n|gametype|doubles\n|player|p1|Xweetz|pokefan-gen4|1343\n|player|p2|gassy george|juggler-gen1|1412\n|teamsize|p1|6\n|teamsize|p2|6\n|gen|9\n|tier|[Gen 9] VGC 2023 Regulation C\n|rated|\n|rule|Species Clause: Limit one of each Pok\u00e9mon\n|rule|Item Clause: Limit one of each item\n|clearpoke\n|poke|p1|Bellibolt, L50, F|\n|poke|p1|Chi-Yu, L50|\n|poke|p1|Flutter Mane, L50|\n|poke|p1|Arcanine, L50, F|\n|poke|p1|Gyarados, L50, M|\n|poke|p1|Dondozo, L50, M|\n|poke|p2|Flutter Mane, L50|\n|poke|p2|Chi-Yu, L50|\n|poke|p2|Dachsbun, L50, F|\n|poke|p2|Azumarill, L50, F|\n|poke|p2|Iron Bundle, L50|\n|poke|p2|Ting-Lu, L50|\n|teampreview|4\n|inactive|Battle timer is ON: inactive players will automatically lose when time's up. (requested by gassy george)\n|inactive|Xweetz also wants the timer to be on.\ngassy george has agreed to open team sheets.\n|inactive|gassy george has 60 seconds left.\n|\n|t:|1683914848\n|start\n|switch|p1a: Flutter Mane|Flutter Mane, L50|100\/100\n|switch|p1b: Chi-Yu|Chi-Yu, L50|100\/100\n|switch|p2a: Vriska|Chi-Yu, L50|100\/100\n|switch|p2b: Terezi|Dachsbun, L50, F|100\/100\n|-ability|p2a: Vriska|Beads of Ruin\n|-ability|p1b: Chi-Yu|Beads of Ruin\n|turn|1\n|inactive|Xweetz has 30 seconds left.\n|\n|t:|1683914880\n|-terastallize|p2b: Terezi|Steel\n|move|p2a: Vriska|Lava Plume|p1b: Chi-Yu|[spread] p1a,p1b\n|-ability|p2b: Terezi|Well-Baked Body|boost\n|-boost|p2b: Terezi|def|2\n|-resisted|p1b: Chi-Yu\n|-damage|p1a: Flutter Mane|61\/100\n|-damage|p1b: Chi-Yu|81\/100\n|move|p1a: Flutter Mane|Moonblast|p2a: Vriska\n|-damage|p2a: Vriska|31\/100\n|-damage|p1a: Flutter Mane|51\/100|[from] item: Life Orb\n|move|p1b: Chi-Yu|Tera Blast|p2a: Vriska\n|-damage|p2a: Vriska|3\/100\n|move|p2b: Terezi|Body Press|p1b: Chi-Yu\n|-supereffective|p1b: Chi-Yu\n|-damage|p1b: Chi-Yu|0 fnt\n|faint|p1b: Chi-Yu\n|\n|upkeep\n|\n|t:|1683914895\n|switch|p1b: Dondozo|Dondozo, L50, M|100\/100\n|turn|2\n|inactive|gassy george has 30 seconds left.\n|\n|t:|1683914926\n|move|p2a: Vriska|Lava Plume|p1a: Flutter Mane|[spread] p1a,p1b\n|-ability|p2b: Terezi|Well-Baked Body|boost\n|-boost|p2b: Terezi|def|2\n|-resisted|p1b: Dondozo\n|-damage|p1a: Flutter Mane|12\/100\n|-damage|p1b: Dondozo|86\/100\n|move|p1a: Flutter Mane|Shadow Ball|p2a: Vriska\n|-resisted|p2a: Vriska\n|-damage|p2a: Vriska|0 fnt\n|faint|p2a: Vriska\n|-damage|p1a: Flutter Mane|3\/100|[from] item: Life Orb\n|move|p2b: Terezi|Yawn|p1b: Dondozo\n|-start|p1b: Dondozo|move: Yawn|[of] p2b: Terezi\n|move|p1b: Dondozo|Yawn|p2b: Terezi\n|-start|p2b: Terezi|move: Yawn|[of] p1b: Dondozo\n|\n|-heal|p1b: Dondozo|93\/100|[from] item: Leftovers\n|upkeep\n|inactive|gassy george has 30 seconds left.\n|\n|t:|1683914952\n|switch|p2a: March Eridan|Azumarill, L50, F|100\/100\n|turn|3\n|\n|t:|1683914970\n|move|p2a: March Eridan|Aqua Jet|p1a: Flutter Mane\n|-damage|p1a: Flutter Mane|0 fnt\n|faint|p1a: Flutter Mane\n|-end|p1a: Flutter Mane|Protosynthesis|[silent]\n|move|p2b: Terezi|Body Press|p1b: Dondozo\n|-damage|p1b: Dondozo|78\/100\n|move|p1b: Dondozo|Yawn|p2a: March Eridan\n|-start|p2a: March Eridan|move: Yawn|[of] p1b: Dondozo\n|\n|-heal|p1b: Dondozo|84\/100|[from] item: Leftovers\n|-end|p2b: Terezi|move: Yawn|[silent]\n|-status|p2b: Terezi|slp\n|-end|p1b: Dondozo|move: Yawn|[silent]\n|-status|p1b: Dondozo|slp\n|upkeep\n|\n|t:|1683914972\n|switch|p1a: Bellibolt|Bellibolt, L50, F|100\/100\n|turn|4\n|inactive|gassy george has 30 seconds left.\n|\n|t:|1683915002\n|switch|p2a: Tavros|Ting-Lu, L50|100\/100\n|-ability|p2a: Tavros|Vessel of Ruin\n|cant|p2b: Terezi|slp\n|move|p1a: Bellibolt|Thunderbolt|p2a: Tavros\n|-immune|p2a: Tavros\n|cant|p1b: Dondozo|slp\n|\n|-heal|p1b: Dondozo|90\/100 slp|[from] item: Leftovers\n|upkeep\n|turn|5\n|\n|t:|1683915021\n|-terastallize|p1a: Bellibolt|Flying\n|cant|p2b: Terezi|slp\n|move|p1a: Bellibolt|Muddy Water|p2a: Tavros|[spread] p2a,p2b\n|-supereffective|p2a: Tavros\n|-damage|p2a: Tavros|80\/100\n|-damage|p2b: Terezi|83\/100 slp\n|-unboost|p2a: Tavros|accuracy|1\n|move|p2a: Tavros|Ruination|p1b: Dondozo\n|-damage|p1b: Dondozo|45\/100 slp\n|cant|p1b: Dondozo|slp\n|\n|-heal|p2a: Tavros|87\/100|[from] item: Leftovers\n|-heal|p1b: Dondozo|51\/100 slp|[from] item: Leftovers\n|upkeep\n|turn|6\n|\n|t:|1683915040\n|cant|p2b: Terezi|slp\n|move|p1a: Bellibolt|Muddy Water|p2a: Tavros|[spread] p2a,p2b\n|-supereffective|p2a: Tavros\n|-damage|p2a: Tavros|65\/100\n|-damage|p2b: Terezi|66\/100 slp\n|move|p2a: Tavros|Ruination|p1a: Bellibolt\n|-damage|p1a: Bellibolt|50\/100\n|-start|p1a: Bellibolt|Charge|Ruination|[from] ability: Electromorphosis\n|cant|p1b: Dondozo|slp\n|\n|-heal|p2a: Tavros|71\/100|[from] item: Leftovers\n|-heal|p1b: Dondozo|58\/100 slp|[from] item: Leftovers\n|upkeep\n|turn|7\n|\n|t:|1683915055\n|-curestatus|p2b: Terezi|slp|[msg]\n|move|p2b: Terezi|Body Press|p1a: Bellibolt\n|-resisted|p1a: Bellibolt\n|-damage|p1a: Bellibolt|21\/100\n|-start|p1a: Bellibolt|Charge|Body Press|[from] ability: Electromorphosis\n|move|p1a: Bellibolt|Muddy Water|p2b: Terezi|[spread] p2b\n|-miss|p1a: Bellibolt|p2a: Tavros\n|-damage|p2b: Terezi|50\/100\n|-unboost|p2b: Terezi|accuracy|1\n|move|p2a: Tavros|Taunt|p1b: Dondozo\n|-start|p1b: Dondozo|move: Taunt\n|-curestatus|p1b: Dondozo|slp|[msg]\n|move|p1b: Dondozo|Fissure|p2a: Tavros|[miss]\n|-miss|p1b: Dondozo|p2a: Tavros\n|\n|-heal|p2a: Tavros|77\/100|[from] item: Leftovers\n|-heal|p1b: Dondozo|64\/100|[from] item: Leftovers\n|upkeep\n|turn|8\n|j| Null66\n|l| Null66\n|\n|t:|1683915075\n|move|p2b: Terezi|Body Press|p1a: Bellibolt|[miss]\n|-miss|p2b: Terezi|p1a: Bellibolt\n|move|p2a: Tavros|Ruination|p1b: Dondozo\n|-damage|p1b: Dondozo|32\/100\n|move|p1a: Bellibolt|Thunderbolt|p2b: Terezi\n|-damage|p2b: Terezi|0 fnt\n|faint|p2b: Terezi\n|-end|p1a: Bellibolt|Charge|[silent]\n|move|p1b: Dondozo|Fissure|p2a: Tavros|[miss]\n|-miss|p1b: Dondozo|p2a: Tavros\n|\n|-heal|p2a: Tavros|83\/100|[from] item: Leftovers\n|-heal|p1b: Dondozo|39\/100|[from] item: Leftovers\n|upkeep\n|\n|t:|1683915079\n|switch|p2b: March Eridan|Azumarill, L50, F|100\/100\n|turn|9\n|\n|t:|1683915092\n|move|p2b: March Eridan|Aqua Jet|p1a: Bellibolt\n|-damage|p1a: Bellibolt|0 fnt\n|faint|p1a: Bellibolt\n|move|p2a: Tavros|Stomping Tantrum|p1b: Dondozo\n|-damage|p1b: Dondozo|21\/100\n|move|p1b: Dondozo|Fissure|p2a: Tavros\n|-damage|p2a: Tavros|0 fnt\n|faint|p2a: Tavros\n|-ohko\n|\n|-heal|p1b: Dondozo|27\/100|[from] item: Leftovers\n|-end|p1b: Dondozo|move: Taunt\n|upkeep\n|turn|10\n|\n|t:|1683915097\n|move|p1b: Dondozo|Protect|p1b: Dondozo\n|-singleturn|p1b: Dondozo|Protect\n|move|p2b: March Eridan|Liquidation|p1b: Dondozo\n|-activate|p1b: Dondozo|move: Protect\n|\n|-heal|p1b: Dondozo|33\/100|[from] item: Leftovers\n|upkeep\n|turn|11\n|\n|t:|1683915101\n|move|p2b: March Eridan|Liquidation|p1b: Dondozo\n|-resisted|p1b: Dondozo\n|-damage|p1b: Dondozo|12\/100\n|move|p1b: Dondozo|Yawn|p2b: March Eridan\n|-start|p2b: March Eridan|move: Yawn|[of] p1b: Dondozo\n|\n|-heal|p1b: Dondozo|18\/100|[from] item: Leftovers\n|upkeep\n|turn|12\n|\n|t:|1683915105\n|move|p1b: Dondozo|Protect|p1b: Dondozo\n|-singleturn|p1b: Dondozo|Protect\n|move|p2b: March Eridan|Perish Song|p2b: March Eridan\n|-start|p1b: Dondozo|perish3|[silent]\n|-start|p2b: March Eridan|perish3|[silent]\n|-fieldactivate|move: Perish Song\n|\n|-heal|p1b: Dondozo|24\/100|[from] item: Leftovers\n|-end|p2b: March Eridan|move: Yawn|[silent]\n|-status|p2b: March Eridan|slp\n|-start|p2b: March Eridan|perish3\n|-start|p1b: Dondozo|perish3\n|upkeep\n|turn|13\n|\n|t:|1683915111\n|cant|p2b: March Eridan|slp\n|move|p1b: Dondozo|Fissure|p2b: March Eridan|[miss]\n|-miss|p1b: Dondozo|p2b: March Eridan\n|\n|-heal|p1b: Dondozo|30\/100|[from] item: Leftovers\n|-start|p2b: March Eridan|perish2\n|-start|p1b: Dondozo|perish2\n|upkeep\n|turn|14\n|\n|t:|1683915115\n|cant|p2b: March Eridan|slp\n|move|p1b: Dondozo|Fissure|p2b: March Eridan\n|-damage|p2b: March Eridan|0 fnt\n|faint|p2b: March Eridan\n|-ohko\n|\n|win|Xweetz\n|raw|Xweetz's rating: 1343 → 1367<\/strong> (+24 for winning)\n|raw|gassy george's rating: 1412 → 1388<\/strong> (-24 for losing)\n","uploadtime":1683915126,"views":17,"p1id":"xweetz","p2id":"gassygeorge","formatid":"gen9vgc2023regulationc","rating":1367,"private":0,"password":""}