{"id":"gen9vgc2023regulationc-1846401963","p1":"Barbie120","p2":"FlyAwayFr","format":"[Gen 9] VGC 2023 Regulation C","log":"|j|\u2606Barbie120\n|j|\u2606FlyAwayFr\n|t:|1681837979\n|gametype|doubles\n|player|p1|Barbie120|drayden|1272\n|player|p2|FlyAwayFr|harlequin|1335\n|teamsize|p1|6\n|teamsize|p2|6\n|gen|9\n|tier|[Gen 9] VGC 2023 Regulation C\n|rated|\n|rule|Species Clause: Limit one of each Pok\u00e9mon\n|rule|Item Clause: Limit one of each item\n|clearpoke\n|poke|p1|Indeedee-F, L50, F|\n|poke|p1|Chi-Yu, L50|\n|poke|p1|Arcanine, L50, F|\n|poke|p1|Flutter Mane, L50|\n|poke|p1|Baxcalibur, L50, F|\n|poke|p1|Corviknight, L50, F|\n|poke|p2|Talonflame, L50, F|\n|poke|p2|Garchomp, L50, F|\n|poke|p2|Gyarados, L50, F|\n|poke|p2|Gastrodon-East, L50, F|\n|poke|p2|Chien-Pao, L50|\n|poke|p2|Flutter Mane, L50|\n|teampreview|4\n|inactive|Battle timer is ON: inactive players will automatically lose when time's up. (requested by Barbie120)\n|\n|t:|1681838024\n|start\n|switch|p1a: Flutter Mane|Flutter Mane, L50|100\/100\n|switch|p1b: Arcanine|Arcanine, L50, F|100\/100\n|switch|p2a: Gastrodon|Gastrodon-East, L50, F|100\/100\n|switch|p2b: Flutter Mane|Flutter Mane, L50|100\/100\n|-ability|p1b: Arcanine|Intimidate|boost\n|-unboost|p2a: Gastrodon|atk|1\n|-unboost|p2b: Flutter Mane|atk|1\n|-enditem|p1a: Flutter Mane|Booster Energy\n|-activate|p1a: Flutter Mane|ability: Protosynthesis|[fromitem]\n|-start|p1a: Flutter Mane|protosynthesisspe\n|turn|1\n|inactive|Barbie120 has 30 seconds left.\n|inactive|FlyAwayFr has 30 seconds left.\n|inactive|Barbie120 has 20 seconds left.\n|inactive|Barbie120 has 15 seconds left.\n|inactive|Barbie120 has 10 seconds left.\n|\n|t:|1681838072\n|switch|p1b: Corviknight|Corviknight, L50, F|100\/100\n|move|p1a: Flutter Mane|Shadow Ball|p2b: Flutter Mane\n|-supereffective|p2b: Flutter Mane\n|-damage|p2b: Flutter Mane|20\/100\n|move|p2b: Flutter Mane|Shadow Ball|p1a: Flutter Mane\n|-supereffective|p1a: Flutter Mane\n|-damage|p1a: Flutter Mane|0 fnt\n|faint|p1a: Flutter Mane\n|-end|p1a: Flutter Mane|Protosynthesis|[silent]\n|move|p2a: Gastrodon|Earth Power|p1b: Corviknight\n|-immune|p1b: Corviknight\n|\n|upkeep\n|\n|t:|1681838086\n|switch|p1a: Baxcalibur|Baxcalibur, L50, F|100\/100\n|turn|2\n|\n|t:|1681838097\n|-end|p2b: Flutter Mane|Protosynthesis|[silent]\n|switch|p2b: Gyarados|Gyarados, L50, F, shiny|100\/100\n|-ability|p2b: Gyarados|Intimidate|boost\n|-unboost|p1a: Baxcalibur|atk|1\n|-ability|p1b: Corviknight|Mirror Armor\n|-unboost|p2b: Gyarados|atk|1\n|move|p1a: Baxcalibur|Ice Shard|p2b: Gyarados\n|-damage|p2b: Gyarados|84\/100\n|move|p1b: Corviknight|Bulk Up|p1b: Corviknight\n|-boost|p1b: Corviknight|atk|1\n|-boost|p1b: Corviknight|def|1\n|move|p2a: Gastrodon|Yawn|p1b: Corviknight\n|-start|p1b: Corviknight|move: Yawn|[of] p2a: Gastrodon\n|\n|upkeep\n|turn|3\n|inactive|Barbie120 has 30 seconds left.\n|\n|t:|1681838125\n|move|p1a: Baxcalibur|Glaive Rush|p2b: Gyarados\n|-damage|p2b: Gyarados|32\/100\n|-singlemove|p1a: Baxcalibur|Glaive Rush|[silent]\n|move|p2b: Gyarados|Iron Head|p1a: Baxcalibur\n|-supereffective|p1a: Baxcalibur\n|-damage|p1a: Baxcalibur|43\/100\n|move|p1b: Corviknight|Iron Head|p2b: Gyarados\n|-resisted|p2b: Gyarados\n|-damage|p2b: Gyarados|11\/100\n|move|p2a: Gastrodon|Earth Power|p1a: Baxcalibur\n|-damage|p1a: Baxcalibur|7\/100\n|\n|-end|p1b: Corviknight|move: Yawn|[silent]\n|-status|p1b: Corviknight|slp\n|upkeep\n|turn|4\n|\n|t:|1681838145\n|switch|p1a: Arcanine|Arcanine, L50, F|100\/100\n|-ability|p1a: Arcanine|Intimidate|boost\n|-unboost|p2a: Gastrodon|atk|1\n|-unboost|p2b: Gyarados|atk|1\n|move|p2b: Gyarados|Dragon Dance|p2b: Gyarados\n|-boost|p2b: Gyarados|atk|1\n|-boost|p2b: Gyarados|spe|1\n|cant|p1b: Corviknight|slp\n|move|p2a: Gastrodon|Earth Power|p1a: Arcanine\n|-supereffective|p1a: Arcanine\n|-damage|p1a: Arcanine|39\/100\n|\n|upkeep\n|turn|5\n|\n|t:|1681838165\n|move|p2b: Gyarados|Protect|p2b: Gyarados\n|-singleturn|p2b: Gyarados|Protect\n|move|p1a: Arcanine|Extreme Speed|p2b: Gyarados\n|-activate|p2b: Gyarados|move: Protect\n|cant|p1b: Corviknight|slp\n|move|p2a: Gastrodon|Muddy Water|p1a: Arcanine|[spread] p1a,p1b\n|-supereffective|p1a: Arcanine\n|-damage|p1a: Arcanine|0 fnt\n|-damage|p1b: Corviknight|81\/100 slp\n|faint|p1a: Arcanine\n|\n|-heal|p1b: Corviknight|87\/100 slp|[from] item: Leftovers\n|upkeep\n|\n|t:|1681838167\n|switch|p1a: Baxcalibur|Baxcalibur, L50, F|7\/100\n|turn|6\n|\n|t:|1681838186\n|move|p1a: Baxcalibur|Ice Shard|p2b: Gyarados\n|-damage|p2b: Gyarados|0 fnt\n|faint|p2b: Gyarados\n|-curestatus|p1b: Corviknight|slp|[msg]\n|move|p1b: Corviknight|Bulk Up|p1b: Corviknight\n|-boost|p1b: Corviknight|atk|1\n|-boost|p1b: Corviknight|def|1\n|move|p2a: Gastrodon|Muddy Water|p1b: Corviknight|[spread] p1b\n|-miss|p2a: Gastrodon|p1a: Baxcalibur\n|-damage|p1b: Corviknight|70\/100\n|\n|-heal|p1b: Corviknight|76\/100|[from] item: Leftovers\n|upkeep\n|\n|t:|1681838201\n|switch|p2b: Flutter Mane|Flutter Mane, L50|20\/100\n|turn|7\n|\n|t:|1681838219\n|-end|p2b: Flutter Mane|Protosynthesis|[silent]\n|switch|p2b: Chien-Pao|Chien-Pao, L50|100\/100\n|-ability|p2b: Chien-Pao|Sword of Ruin\n|move|p1a: Baxcalibur|Glaive Rush|p2a: Gastrodon\n|-damage|p2a: Gastrodon|2\/100\n|-singlemove|p1a: Baxcalibur|Glaive Rush|[silent]\n|move|p1b: Corviknight|Iron Head|p2b: Chien-Pao\n|-supereffective|p2b: Chien-Pao\n|-enditem|p2b: Chien-Pao|Focus Sash\n|-damage|p2b: Chien-Pao|1\/100\n|move|p2a: Gastrodon|Earth Power|p1a: Baxcalibur\n|-damage|p1a: Baxcalibur|0 fnt\n|faint|p1a: Baxcalibur\n|\n|-heal|p1b: Corviknight|82\/100|[from] item: Leftovers\n|-heal|p2a: Gastrodon|8\/100|[from] item: Leftovers\n|upkeep\n|turn|8\n|\n|t:|1681838238\n|move|p2b: Chien-Pao|Haze|p2b: Chien-Pao\n|-clearallboost\n|move|p1b: Corviknight|Iron Head|p2a: Gastrodon\n|-resisted|p2a: Gastrodon\n|-damage|p2a: Gastrodon|0 fnt\n|faint|p2a: Gastrodon\n|\n|-heal|p1b: Corviknight|89\/100|[from] item: Leftovers\n|upkeep\n|\n|t:|1681838245\n|switch|p2a: Flutter Mane|Flutter Mane, L50|20\/100\n|turn|9\n|\n|t:|1681838252\n|-terastallize|p2b: Chien-Pao|Dark\n|move|p1b: Corviknight|Protect|p1b: Corviknight\n|-singleturn|p1b: Corviknight|Protect\n|move|p2b: Chien-Pao|Sucker Punch||[still]\n|-fail|p2b: Chien-Pao\n|move|p2a: Flutter Mane|Thunderbolt|p1b: Corviknight\n|-activate|p1b: Corviknight|move: Protect\n|\n|-heal|p1b: Corviknight|95\/100|[from] item: Leftovers\n|upkeep\n|turn|10\n|\n|t:|1681838266\n|-terastallize|p1b: Corviknight|Fighting\n|move|p2b: Chien-Pao|Sucker Punch|p1b: Corviknight\n|-resisted|p1b: Corviknight\n|-damage|p1b: Corviknight|71\/100\n|move|p2a: Flutter Mane|Thunderbolt|p1b: Corviknight\n|-damage|p1b: Corviknight|33\/100\n|move|p1b: Corviknight|Iron Head|p2a: Flutter Mane\n|-supereffective|p2a: Flutter Mane\n|-damage|p2a: Flutter Mane|0 fnt\n|faint|p2a: Flutter Mane\n|-end|p2a: Flutter Mane|Protosynthesis|[silent]\n|\n|-heal|p1b: Corviknight|40\/100|[from] item: Leftovers\n|upkeep\n|turn|11\n|\n|t:|1681838283\n|move|p1b: Corviknight|Protect|p1b: Corviknight\n|-singleturn|p1b: Corviknight|Protect\n|move|p2b: Chien-Pao|Sacred Sword|p1b: Corviknight\n|-activate|p1b: Corviknight|move: Protect\n|\n|-heal|p1b: Corviknight|46\/100|[from] item: Leftovers\n|upkeep\n|turn|12\n|\n|t:|1681838292\n|move|p2b: Chien-Pao|Sacred Sword|p1b: Corviknight\n|-damage|p1b: Corviknight|14\/100\n|move|p1b: Corviknight|Body Press|p2b: Chien-Pao\n|-supereffective|p2b: Chien-Pao\n|-damage|p2b: Chien-Pao|0 fnt\n|faint|p2b: Chien-Pao\n|\n|win|Barbie120\n|raw|Barbie120's rating: 1272 → 1301<\/strong> (+29 for winning)\n|raw|FlyAwayFr's rating: 1335 → 1311<\/strong> (-24 for losing)\n|l|\u2606FlyAwayFr\n","uploadtime":1681838306,"views":14,"p1id":"barbie120","p2id":"flyawayfr","formatid":"gen9vgc2023regulationc","rating":1301,"private":0,"password":""}