{"id":"gen9vgc2023regulationc-1862753229","p1":"peeup","p2":"woho","format":"[Gen 9] VGC 2023 Regulation C","log":"|j|\u2606peeup\n|j|\u2606woho\n|t:|1683918382\n|gametype|doubles\n|player|p1|peeup|169|1300\n|player|p2|woho|alder|1194\n|teamsize|p1|6\n|teamsize|p2|6\n|gen|9\n|tier|[Gen 9] VGC 2023 Regulation C\n|rated|\n|rule|Species Clause: Limit one of each Pok\u00e9mon\n|rule|Item Clause: Limit one of each item\n|clearpoke\n|poke|p1|Armarouge, L50, F|\n|poke|p1|Gastrodon, L50, F|\n|poke|p1|Dragonite, L50, M|\n|poke|p1|Lycanroc-Dusk, L50, F|\n|poke|p1|Pincurchin, L50, F|\n|poke|p1|Scizor, L50, F|\n|poke|p2|Haunter, L50, M|\n|poke|p2|Orthworm, L50, M|\n|poke|p2|Iron Hands, L50|\n|poke|p2|Gyarados, L50, M|\n|poke|p2|Baxcalibur, L50, M|\n|poke|p2|Jumpluff, L50, M|\n|teampreview|4\n|\n|t:|1683918412\n|start\n|switch|p1a: Ozzy|Lycanroc-Dusk, L50, F|100\/100\n|switch|p1b: Parvati|Armarouge, L50, F|100\/100\n|switch|p2a: Rishiki|Iron Hands, L50|100\/100\n|switch|p2b: Orthworm|Orthworm, L50, M|100\/100\n|turn|1\n|\n|t:|1683918445\n|move|p2a: Rishiki|Fake Out|p1b: Parvati\n|-damage|p1b: Parvati|84\/100\n|move|p1a: Ozzy|Rock Slide|p2a: Rishiki|[spread] p2a,p2b\n|-resisted|p2a: Rishiki\n|-resisted|p2b: Orthworm\n|-damage|p2a: Rishiki|86\/100\n|-damage|p2b: Orthworm|84\/100\n|cant|p1b: Parvati|flinch\n|move|p2b: Orthworm|Shed Tail|p2b: Orthworm\n|-start|p2b: Orthworm|Substitute|[from] move: Shed Tail\n|-damage|p2b: Orthworm|34\/100\n|-enditem|p2b: Orthworm|Sitrus Berry|[eat]\n|-heal|p2b: Orthworm|59\/100|[from] item: Sitrus Berry\n|\n|t:|1683918457\n|switch|p2b: Baxcalibur|Baxcalibur, L50, M|100\/100|[from] Shed Tail\n|\n|upkeep\n|turn|2\n|\n|t:|1683918468\n|-end|p2a: Rishiki|Quark Drive|[silent]\n|switch|p2a: Orthworm|Orthworm, L50, M|59\/100\n|-terastallize|p2b: Baxcalibur|Ground\n|move|p1a: Ozzy|Rock Slide|p2b: Baxcalibur|[spread] p2a,p2b\n|-resisted|p2b: Baxcalibur\n|-end|p2b: Baxcalibur|Substitute\n|-resisted|p2a: Orthworm\n|-damage|p2a: Orthworm|43\/100\n|move|p1b: Parvati|Psychic|p2a: Orthworm\n|-resisted|p2a: Orthworm\n|-damage|p2a: Orthworm|8\/100\n|-damage|p1b: Parvati|74\/100|[from] item: Life Orb\n|move|p2b: Baxcalibur|Earthquake|p1b: Parvati|[spread] p1a,p1b\n|-heal|p2a: Orthworm|33\/100|[from] ability: Earth Eater|[of] p2b: Baxcalibur\n|-supereffective|p1a: Ozzy\n|-supereffective|p1b: Parvati\n|-damage|p1a: Ozzy|0 fnt\n|-damage|p1b: Parvati|0 fnt\n|faint|p1a: Ozzy\n|faint|p1b: Parvati\n|\n|upkeep\n|\n|t:|1683918486\n|switch|p1a: Boston Rob|Scizor, L50, F|100\/100\n|switch|p1b: Rupert|Dragonite, L50, M|100\/100\n|turn|3\n|\n|t:|1683918498\n|move|p1b: Rupert|Dragon Dance|p1b: Rupert\n|-boost|p1b: Rupert|atk|1\n|-boost|p1b: Rupert|spe|1\n|move|p2b: Baxcalibur|Earthquake|p1a: Boston Rob|[spread] p1a\n|-heal|p2a: Orthworm|58\/100|[from] ability: Earth Eater|[of] p2b: Baxcalibur\n|-immune|p1b: Rupert\n|-damage|p1a: Boston Rob|58\/100\n|move|p2a: Orthworm|Iron Defense|p2a: Orthworm\n|-boost|p2a: Orthworm|def|2\n|move|p1a: Boston Rob|Close Combat|p2a: Orthworm\n|-supereffective|p2a: Orthworm\n|-damage|p2a: Orthworm|16\/100\n|-unboost|p1a: Boston Rob|def|1\n|-unboost|p1a: Boston Rob|spd|1\n|\n|upkeep\n|turn|4\n|\n|t:|1683918553\n|move|p1b: Rupert|Extreme Speed|p2a: Orthworm\n|-resisted|p2a: Orthworm\n|-damage|p2a: Orthworm|8\/100\n|move|p1a: Boston Rob|Bullet Punch|p2a: Orthworm\n|-resisted|p2a: Orthworm\n|-damage|p2a: Orthworm|2\/100\n|move|p2b: Baxcalibur|Earthquake|p1a: Boston Rob|[spread] p1a\n|-heal|p2a: Orthworm|27\/100|[from] ability: Earth Eater|[of] p2b: Baxcalibur\n|-immune|p1b: Rupert\n|-damage|p1a: Boston Rob|0 fnt\n|faint|p1a: Boston Rob\n|move|p2a: Orthworm|Body Press|p1b: Rupert\n|-resisted|p1b: Rupert\n|-damage|p1b: Rupert|87\/100\n|\n|upkeep\n|turn|5\n|c|\u2606peeup|oof\n|c|\u2606peeup|gg\n|c|\u2606woho|gg =)\n|\n|t:|1683918576\n|move|p1b: Rupert|Dragon Claw|p2a: Orthworm\n|-resisted|p2a: Orthworm\n|-damage|p2a: Orthworm|14\/100\n|move|p2b: Baxcalibur|Icicle Crash|p1b: Rupert\n|-supereffective|p1b: Rupert\n|-damage|p1b: Rupert|0 fnt\n|faint|p1b: Rupert\n|\n|win|woho\n|raw|peeup's rating: 1300 → 1268<\/strong> (-32 for losing)\n|raw|woho's rating: 1194 → 1226<\/strong> (+32 for winning)\n|l|\u2606peeup\n","uploadtime":1683918712,"views":8,"p1id":"peeup","p2id":"woho","formatid":"gen9vgc2023regulationc","rating":1226,"private":0,"password":""}