{"id":"gen9vgc2023regulationc-1853038952","p1":"SleepySilver07","p2":"Kim Wexler Gaming","format":"[Gen 9] VGC 2023 Regulation C","log":"|j|\u2606SleepySilver07\n|j|\u2606Kim Wexler Gaming\n|t:|1682628270\n|gametype|doubles\n|player|p1|SleepySilver07|102|1150\n|player|p2|Kim Wexler Gaming|penny|1198\n|teamsize|p1|6\n|teamsize|p2|6\n|gen|9\n|tier|[Gen 9] VGC 2023 Regulation C\n|rated|\n|rule|Species Clause: Limit one of each Pok\u00e9mon\n|rule|Item Clause: Limit one of each item\n|clearpoke\n|poke|p1|Gastrodon, L50, F|\n|poke|p1|Scream Tail, L50|\n|poke|p1|Amoonguss, L50, M|\n|poke|p1|Chi-Yu, L50|\n|poke|p1|Flutter Mane, L50|\n|poke|p1|Torkoal, L50, F|\n|poke|p2|Iron Jugulis, L50|\n|poke|p2|Garchomp, L50, F|\n|poke|p2|Chien-Pao, L50|\n|poke|p2|Kilowattrel, L50, F|\n|poke|p2|Mismagius, L50, F|\n|poke|p2|Flutter Mane, L50|\n|teampreview|4\n|inactive|Battle timer is ON: inactive players will automatically lose when time's up. (requested by Kim Wexler Gaming)\n|c|\u2606Kim Wexler Gaming|Good luck, have fun.\n|inactive|SleepySilver07 has 60 seconds left.\n|\n|t:|1682628323\n|start\n|switch|p1a: Chi-Yu|Chi-Yu, L50|100\/100\n|switch|p1b: Scream Tail|Scream Tail, L50, shiny|100\/100\n|switch|p2a: Whaaaaaat.|Iron Jugulis, L50|100\/100\n|switch|p2b: Dommy Mommy|Garchomp, L50, F, shiny|100\/100\n|-ability|p1a: Chi-Yu|Beads of Ruin\n|-enditem|p1b: Scream Tail|Booster Energy\n|-activate|p1b: Scream Tail|ability: Protosynthesis|[fromitem]\n|-start|p1b: Scream Tail|protosynthesisspe\n|-enditem|p2a: Whaaaaaat.|Booster Energy\n|-activate|p2a: Whaaaaaat.|ability: Quark Drive|[fromitem]\n|-start|p2a: Whaaaaaat.|quarkdrivespe\n|turn|1\n|inactive|SleepySilver07 has 30 seconds left.\n|inactive|SleepySilver07 has 20 seconds left.\n|inactive|SleepySilver07 has 15 seconds left.\n|inactive|SleepySilver07 has 10 seconds left.\n|\n|t:|1682628372\n|switch|p1a: Amoonguss|Amoonguss, L50, M|100\/100\n|move|p1b: Scream Tail|Encore||[still]\n|-fail|p1b: Scream Tail\n|move|p2a: Whaaaaaat.|Snarl|p1a: Amoonguss|[spread] p1a,p1b\n|-damage|p1a: Amoonguss|85\/100\n|-damage|p1b: Scream Tail|86\/100\n|-unboost|p1a: Amoonguss|spa|1\n|-unboost|p1b: Scream Tail|spa|1\n|move|p2b: Dommy Mommy|Swords Dance|p2b: Dommy Mommy\n|-boost|p2b: Dommy Mommy|atk|2\n|\n|upkeep\n|turn|2\n|l|\u2606Kim Wexler Gaming\n|inactive|Kim Wexler Gaming disconnected and has a minute to reconnect!\n|player|p2|\n|inactive|SleepySilver07 has 30 seconds left.\n|inactive|Kim Wexler Gaming has 30 seconds left.\n|j|\u2606Kim Wexler Gaming\n|inactive|Kim Wexler Gaming reconnected and has 25 seconds left.\n|player|p2|Kim Wexler Gaming|penny\n|inactive|Kim Wexler Gaming has 20 seconds left.\n|inactive|Kim Wexler Gaming has 15 seconds left.\n|\n|t:|1682628412\n|move|p1b: Scream Tail|Encore|p2b: Dommy Mommy\n|-start|p2b: Dommy Mommy|Encore\n|move|p2a: Whaaaaaat.|Tailwind|p2a: Whaaaaaat.\n|-sidestart|p2: Kim Wexler Gaming|move: Tailwind\n|move|p2b: Dommy Mommy|Swords Dance|p2b: Dommy Mommy\n|-boost|p2b: Dommy Mommy|atk|2\n|move|p1a: Amoonguss|Spore|p2a: Whaaaaaat.\n|-status|p2a: Whaaaaaat.|slp|[from] move: Spore\n|\n|upkeep\n|turn|3\n|\n|t:|1682628430\n|cant|p2a: Whaaaaaat.|slp\n|move|p2b: Dommy Mommy|Swords Dance|p2b: Dommy Mommy\n|-boost|p2b: Dommy Mommy|atk|2\n|move|p1b: Scream Tail|Disable|p2b: Dommy Mommy\n|-start|p2b: Dommy Mommy|Disable|Swords Dance\n|move|p1a: Amoonguss|Clear Smog|p2b: Dommy Mommy\n|-resisted|p2b: Dommy Mommy\n|-damage|p2b: Dommy Mommy|95\/100\n|-clearboost|p2b: Dommy Mommy\n|\n|upkeep\n|turn|4\n|inactive|SleepySilver07 has 30 seconds left.\n|\n|t:|1682628455\n|switch|p1a: Chi-Yu|Chi-Yu, L50|100\/100\n|-ability|p1a: Chi-Yu|Beads of Ruin\n|cant|p2a: Whaaaaaat.|slp\n|-activate|p2b: Dommy Mommy|move: Struggle\n|move|p2b: Dommy Mommy|Struggle|p1b: Scream Tail\n|-damage|p1b: Scream Tail|71\/100\n|-damage|p2b: Dommy Mommy|70\/100|[from] recoil\n|move|p1b: Scream Tail|Play Rough|p2a: Whaaaaaat.\n|-supereffective|p2a: Whaaaaaat.\n|-damage|p2a: Whaaaaaat.|56\/100 slp\n|\n|-end|p2b: Dommy Mommy|Encore\n|upkeep\n|turn|5\n|inactive|SleepySilver07 has 30 seconds left.\n|\n|t:|1682628481\n|move|p1a: Chi-Yu|Protect|p1a: Chi-Yu\n|-singleturn|p1a: Chi-Yu|Protect\n|-curestatus|p2a: Whaaaaaat.|slp|[msg]\n|move|p2a: Whaaaaaat.|Tailwind||[still]\n|-fail|p2a: Whaaaaaat.\n|move|p2b: Dommy Mommy|Earthquake|p1b: Scream Tail|[spread] p1b\n|-activate|p1a: Chi-Yu|move: Protect\n|-immune|p2a: Whaaaaaat.\n|-damage|p1b: Scream Tail|41\/100\n|move|p1b: Scream Tail|Play Rough|p2b: Dommy Mommy\n|-supereffective|p2b: Dommy Mommy\n|-damage|p2b: Dommy Mommy|23\/100\n|-damage|p1b: Scream Tail|29\/100|[from] ability: Rough Skin|[of] p2b: Dommy Mommy\n|\n|-sideend|p2: Kim Wexler Gaming|move: Tailwind\n|upkeep\n|turn|6\n|\n|t:|1682628499\n|switch|p1a: Amoonguss|Amoonguss, L50, M|100\/100\n|move|p2b: Dommy Mommy|Protect|p2b: Dommy Mommy\n|-singleturn|p2b: Dommy Mommy|Protect\n|move|p1b: Scream Tail|Play Rough|p2b: Dommy Mommy\n|-activate|p2b: Dommy Mommy|move: Protect\n|move|p2a: Whaaaaaat.|Air Slash|p1b: Scream Tail\n|-damage|p1b: Scream Tail|5\/100\n|\n|upkeep\n|turn|7\n|\n|t:|1682628522\n|move|p1b: Scream Tail|Play Rough|p2b: Dommy Mommy\n|-supereffective|p2b: Dommy Mommy\n|-damage|p2b: Dommy Mommy|0 fnt\n|-damage|p1b: Scream Tail|0 fnt|[from] ability: Rough Skin|[of] p2b: Dommy Mommy\n|faint|p2b: Dommy Mommy\n|faint|p1b: Scream Tail\n|-end|p1b: Scream Tail|Protosynthesis|[silent]\n|move|p2a: Whaaaaaat.|Air Slash|p1a: Amoonguss\n|-supereffective|p1a: Amoonguss\n|-damage|p1a: Amoonguss|46\/100\n|move|p1a: Amoonguss|Spore|p2a: Whaaaaaat.\n|-status|p2a: Whaaaaaat.|slp|[from] move: Spore\n|\n|upkeep\n|inactive|SleepySilver07 has 30 seconds left.\n|inactive|SleepySilver07 has 20 seconds left.\n|\n|t:|1682628562\n|switch|p1b: Chi-Yu|Chi-Yu, L50|100\/100\n|switch|p2b: Tara|Chien-Pao, L50|100\/100\n|-ability|p2b: Tara|Sword of Ruin\n|-item|p2b: Tara|Air Balloon\n|-ability|p1b: Chi-Yu|Beads of Ruin\n|turn|8\n|\n|t:|1682628580\n|-terastallize|p1a: Amoonguss|Steel\n|move|p1b: Chi-Yu|Protect|p1b: Chi-Yu\n|-singleturn|p1b: Chi-Yu|Protect\n|cant|p2a: Whaaaaaat.|slp\n|move|p2b: Tara|Icicle Crash|p1a: Amoonguss\n|-resisted|p1a: Amoonguss\n|-damage|p1a: Amoonguss|20\/100\n|move|p1a: Amoonguss|Spore|p2b: Tara\n|-status|p2b: Tara|slp|[from] move: Spore\n|\n|upkeep\n|turn|9\n|\n|t:|1682628600\n|switch|p1a: Flutter Mane|Flutter Mane, L50|100\/100\n|-curestatus|p2a: Whaaaaaat.|slp|[msg]\n|move|p2a: Whaaaaaat.|Snarl|p1a: Flutter Mane|[spread] p1a,p1b\n|-resisted|p1b: Chi-Yu\n|-damage|p1a: Flutter Mane|78\/100\n|-damage|p1b: Chi-Yu|90\/100\n|-unboost|p1a: Flutter Mane|spa|1\n|-unboost|p1b: Chi-Yu|spa|1\n|cant|p2b: Tara|slp\n|move|p1b: Chi-Yu|Nasty Plot|p1b: Chi-Yu\n|-boost|p1b: Chi-Yu|spa|2\n|\n|upkeep\n|turn|10\n|\n|t:|1682628623\n|move|p2a: Whaaaaaat.|Snarl|p1a: Flutter Mane|[spread] p1a,p1b\n|-resisted|p1b: Chi-Yu\n|-damage|p1a: Flutter Mane|56\/100\n|-damage|p1b: Chi-Yu|80\/100\n|-unboost|p1a: Flutter Mane|spa|1\n|-unboost|p1b: Chi-Yu|spa|1\n|-curestatus|p2b: Tara|slp|[msg]\n|move|p2b: Tara|Sacred Sword|p1b: Chi-Yu\n|-supereffective|p1b: Chi-Yu\n|-damage|p1b: Chi-Yu|0 fnt\n|faint|p1b: Chi-Yu\n|move|p1a: Flutter Mane|Dazzling Gleam|p2a: Whaaaaaat.|[spread] p2a,p2b\n|-supereffective|p2a: Whaaaaaat.\n|-supereffective|p2b: Tara\n|-damage|p2a: Whaaaaaat.|22\/100\n|-damage|p2b: Tara|50\/100\n|-enditem|p2b: Tara|Air Balloon\n|\n|upkeep\n|c|\u2606Kim Wexler Gaming|G.g.w.p.\n|\n|t:|1682628642\n|switch|p1b: Amoonguss|Amoonguss, L50, M, tera:Steel|53\/100\n|turn|11\n|\n|t:|1682628648\n|move|p1b: Amoonguss|Rage Powder|p1b: Amoonguss\n|-singleturn|p1b: Amoonguss|move: Rage Powder\n|move|p2a: Whaaaaaat.|Snarl|p1b: Amoonguss|[spread] p1a,p1b\n|-damage|p1a: Flutter Mane|39\/100\n|-damage|p1b: Amoonguss|39\/100\n|-unboost|p1a: Flutter Mane|spa|1\n|-unboost|p1b: Amoonguss|spa|1\n|-enditem|p1a: Flutter Mane|Sitrus Berry|[eat]\n|-heal|p1a: Flutter Mane|63\/100|[from] item: Sitrus Berry\n|move|p2b: Tara|Sacred Sword|p1b: Amoonguss\n|-supereffective|p1b: Amoonguss\n|-damage|p1b: Amoonguss|0 fnt\n|faint|p1b: Amoonguss\n|move|p1a: Flutter Mane|Dazzling Gleam|p2a: Whaaaaaat.|[spread] p2a,p2b\n|-supereffective|p2a: Whaaaaaat.\n|-crit|p2a: Whaaaaaat.\n|-supereffective|p2b: Tara\n|-damage|p2a: Whaaaaaat.|0 fnt\n|-damage|p2b: Tara|6\/100\n|faint|p2a: Whaaaaaat.\n|-end|p2a: Whaaaaaat.|Quark Drive|[silent]\n|\n|upkeep\n|\n|t:|1682628650\n|switch|p2a: Shadow Wizard|Flutter Mane, L50|100\/100\n|turn|12\n|-message|SleepySilver07 forfeited.\n|\n|win|Kim Wexler Gaming\n|raw|SleepySilver07's rating: 1150 → 1128<\/strong> (-22 for losing)\n|raw|Kim Wexler Gaming's rating: 1198 → 1220<\/strong> (+22 for winning)\n|l|\u2606SleepySilver07\n","uploadtime":1682628664,"views":13,"p1id":"sleepysilver07","p2id":"kimwexlergaming","formatid":"gen9vgc2023regulationc","rating":1128,"private":0,"password":""}