{"id":"gen9vgc2023regulationc-1859210808","p1":"MrCharlieChappie","p2":"Frozen_ATM","format":"[Gen 9] VGC 2023 Regulation C","log":"|j|\u2606MrCharlieChappie\n|j|\u2606Frozen_ATM\n|t:|1683418450\n|gametype|doubles\n|player|p1|MrCharlieChappie|169|\n|player|p2|Frozen_ATM|boarder|\n|teamsize|p1|6\n|teamsize|p2|6\n|gen|9\n|tier|[Gen 9] VGC 2023 Regulation C\n|rule|Species Clause: Limit one of each Pok\u00e9mon\n|rule|Item Clause: Limit one of each item\n|clearpoke\n|poke|p1|Mimikyu, L50, F|\n|poke|p1|Grafaiai, L50, F|\n|poke|p1|Dragalge, L50, M|\n|poke|p1|Gyarados, L50, F|\n|poke|p1|Volcarona, L50, M|\n|poke|p1|Muk, L50, F|\n|poke|p2|Kingambit, L50, M|\n|poke|p2|Rotom-Fan, L50|\n|poke|p2|Iron Bundle, L50|\n|poke|p2|Foongus, L50, F|\n|poke|p2|Gallade, L50, M|\n|poke|p2|Wigglytuff, L50, M|\n|teampreview|4\n|c|\u2606Frozen_ATM|G1\n|c|\u2606MrCharlieChappie|is there somewhere we post the live battle links?\n|c|\u2606MrCharlieChappie|Should you get them or should I\n|c|\u2606Frozen_ATM|I can\n|j| Toronto 6ix\n|\n|t:|1683418569\n|start\n|switch|p1a: Grafaiai|Grafaiai, L50, F|100\/100\n|switch|p1b: Volcarona|Volcarona, L50, M|100\/100\n|switch|p2a: Foongus|Foongus, L50, F|100\/100\n|switch|p2b: Gallade|Gallade, L50, M|100\/100\n|turn|1\n|\n|t:|1683418600\n|move|p2a: Foongus|Rage Powder|p2a: Foongus\n|-singleturn|p2a: Foongus|move: Rage Powder\n|move|p1a: Grafaiai|Parting Shot|p2a: Foongus\n|-unboost|p2a: Foongus|atk|1\n|-unboost|p2a: Foongus|spa|1\n|\n|t:|1683418613\n|switch|p1a: Gyarados|Gyarados, L50, F|100\/100|[from] Parting Shot\n|move|p2b: Gallade|Agility|p2b: Gallade\n|-boost|p2b: Gallade|spe|2\n|move|p1b: Volcarona|Heat Wave|p2b: Gallade|[spread] p2a,p2b\n|-supereffective|p2a: Foongus\n|-damage|p2a: Foongus|34\/100\n|-damage|p2b: Gallade|62\/100\n|\n|upkeep\n|turn|2\n|\n|t:|1683418629\n|move|p2a: Foongus|Rage Powder|p2a: Foongus\n|-singleturn|p2a: Foongus|move: Rage Powder\n|move|p2b: Gallade|Rock Slide|p1a: Gyarados|[spread] p1a,p1b\n|-supereffective|p1a: Gyarados\n|-supereffective|p1b: Volcarona\n|-damage|p1a: Gyarados|48\/100\n|-damage|p1b: Volcarona|0 fnt\n|faint|p1b: Volcarona\n|move|p1a: Gyarados|Dragon Dance|p1a: Gyarados\n|-boost|p1a: Gyarados|atk|1\n|-boost|p1a: Gyarados|spe|1\n|\n|upkeep\n|j| WaffleMoo\n|\n|t:|1683418643\n|switch|p1b: Dragalge|Dragalge, L50, M|100\/100\n|turn|3\n|\n|t:|1683418673\n|-terastallize|p1a: Gyarados|Steel\n|move|p1b: Dragalge|Protect|p1b: Dragalge\n|-singleturn|p1b: Dragalge|Protect\n|move|p2b: Gallade|Rock Slide|p1b: Dragalge|[spread] \n|-activate|p1b: Dragalge|move: Protect\n|-miss|p2b: Gallade|p1a: Gyarados\n|move|p1a: Gyarados|Earthquake|p2a: Foongus|[spread] p2a,p2b\n|-activate|p1b: Dragalge|move: Protect\n|-damage|p2a: Foongus|0 fnt\n|-damage|p2b: Gallade|2\/100\n|faint|p2a: Foongus\n|-ability|p1a: Gyarados|Moxie|boost\n|-boost|p1a: Gyarados|atk|1\n|\n|upkeep\n|\n|t:|1683418688\n|switch|p2a: Iron Bundle|Iron Bundle, L50|100\/100\n|turn|4\n|\n|t:|1683418719\n|switch|p1b: Grafaiai|Grafaiai, L50, F|100\/100\n|move|p1a: Gyarados|Protect|p1a: Gyarados\n|-singleturn|p1a: Gyarados|Protect\n|move|p2b: Gallade|Sacred Sword|p1a: Gyarados\n|-activate|p1a: Gyarados|move: Protect\n|move|p2a: Iron Bundle|Icy Wind|p1b: Grafaiai|[spread] p1b\n|-activate|p1a: Gyarados|move: Protect\n|-damage|p1b: Grafaiai|63\/100\n|-unboost|p1b: Grafaiai|spe|1\n|-damage|p2a: Iron Bundle|91\/100|[from] item: Life Orb\n|\n|upkeep\n|turn|5\n|j| anthonynn\n|\n|t:|1683418781\n|move|p1b: Grafaiai|Parting Shot|p2b: Gallade\n|-unboost|p2b: Gallade|atk|1\n|-unboost|p2b: Gallade|spa|1\n|\n|t:|1683418784\n|switch|p1b: Dragalge|Dragalge, L50, M|100\/100|[from] Parting Shot\n|move|p2b: Gallade|Sacred Sword|p1a: Gyarados\n|-supereffective|p1a: Gyarados\n|-damage|p1a: Gyarados|0 fnt\n|faint|p1a: Gyarados\n|move|p2a: Iron Bundle|Icy Wind|p1b: Dragalge\n|-supereffective|p1b: Dragalge\n|-damage|p1b: Dragalge|28\/100\n|-unboost|p1b: Dragalge|spe|1\n|-damage|p2a: Iron Bundle|81\/100|[from] item: Life Orb\n|\n|upkeep\n|c|\u2606MrCharlieChappie|GG\n|\n|t:|1683418798\n|switch|p1a: Grafaiai|Grafaiai, L50, F|63\/100\n|turn|6\n|c|\u2606Frozen_ATM|gg\n|\n|t:|1683418813\n|move|p1a: Grafaiai|Parting Shot|p2a: Iron Bundle\n|-unboost|p2a: Iron Bundle|atk|1\n|-unboost|p2a: Iron Bundle|spa|1\n|move|p2b: Gallade|Psycho Cut|p1a: Grafaiai\n|-supereffective|p1a: Grafaiai\n|-damage|p1a: Grafaiai|0 fnt\n|faint|p1a: Grafaiai\n|move|p2a: Iron Bundle|Icy Wind|p1b: Dragalge\n|-supereffective|p1b: Dragalge\n|-damage|p1b: Dragalge|0 fnt\n|faint|p1b: Dragalge\n|-damage|p2a: Iron Bundle|71\/100|[from] item: Life Orb\n|\n|win|Frozen_ATM\n|l| Toronto 6ix\n|l|\u2606MrCharlieChappie\n|j| SpaceCityVGC\n|l| WaffleMoo\n","uploadtime":1683418827,"views":11,"p1id":"mrcharliechappie","p2id":"frozenatm","formatid":"gen9vgc2023regulationc","rating":0,"private":0,"password":""}