{"id":"gen9vgc2023regulationc-1862783022","p1":"Mr.Fabulas","p2":"fizzywizzyglizzy","format":"[Gen 9] VGC 2023 Regulation C","log":"|j|\u2606Mr.Fabulas\n|j|\u2606fizzywizzyglizzy\n|t:|1683921452\n|gametype|doubles\n|player|p1|Mr.Fabulas|265|\n|player|p2|fizzywizzyglizzy|1|\n|teamsize|p1|6\n|teamsize|p2|6\n|gen|9\n|tier|[Gen 9] VGC 2023 Regulation C\n|rule|Species Clause: Limit one of each Pok\u00e9mon\n|rule|Item Clause: Limit one of each item\n|clearpoke\n|poke|p1|Deerling-Summer, L50, M|\n|poke|p1|Salandit, L50, M|\n|poke|p1|Pawniard, L50, F|\n|poke|p1|Mudbray, L50, F|\n|poke|p1|Foongus, L50, M|\n|poke|p1|Wattrel, L50, F|\n|poke|p2|Pawniard, L50, M|\n|poke|p2|Wattrel, L50, F|\n|poke|p2|Mudbray, L50, F|\n|poke|p2|Skiddo, L50, M|\n|poke|p2|Glimmet, L50, M|\n|poke|p2|Tandemaus, L50|\n|teampreview|4\n|c|\u2606fizzywizzyglizzy|g1\n|c|\u2606Mr.Fabulas|glhf!\n|c|\u2606fizzywizzyglizzy|glhf!\nfizzywizzyglizzy has agreed to open team sheets.\nMr.Fabulas has agreed to open team sheets.\n|\n|t:|1683921550\n|start\n|switch|p1a: Salandit|Salandit, L50, M, shiny|100\/100\n|switch|p1b: Deerling|Deerling-Summer, L50, M, shiny|100\/100\n|switch|p2a: Tandemaus|Tandemaus, L50|100\/100\n|switch|p2b: Wattrel|Wattrel, L50, F|100\/100\n|turn|1\n|\n|t:|1683921584\n|move|p2a: Tandemaus|Protect|p2a: Tandemaus\n|-singleturn|p2a: Tandemaus|Protect\n|move|p1a: Salandit|Sludge Bomb|p2b: Wattrel\n|-enditem|p2b: Wattrel|Focus Sash\n|-damage|p2b: Wattrel|1\/100\n|-status|p2b: Wattrel|psn\n|move|p1b: Deerling|Body Slam|p2a: Tandemaus\n|-activate|p2a: Tandemaus|move: Protect\n|move|p2b: Wattrel|Tailwind|p2b: Wattrel\n|-sidestart|p2: fizzywizzyglizzy|move: Tailwind\n|-start|p2b: Wattrel|Charge|Tailwind|[from] ability: Wind Power\n|\n|-damage|p2b: Wattrel|0 fnt|[from] psn\n|faint|p2b: Wattrel\n|upkeep\n|\n|t:|1683921610\n|switch|p2b: Bode|Glimmet, L50, M, shiny|100\/100\n|turn|2\n|\n|t:|1683921631\n|-terastallize|p1a: Salandit|Grass\n|move|p2a: Tandemaus|Population Bomb|p1a: Salandit\n|-damage|p1a: Salandit|84\/100\n|-damage|p1a: Salandit|67\/100\n|-damage|p1a: Salandit|49\/100\n|-damage|p1a: Salandit|32\/100\n|-damage|p1a: Salandit|17\/100\n|-damage|p1a: Salandit|0 fnt\n|faint|p1a: Salandit\n|-hitcount|p1: Salandit|6\n|move|p2b: Bode|Sludge Bomb|p1b: Deerling\n|-supereffective|p1b: Deerling\n|-damage|p1b: Deerling|0 fnt\n|faint|p1b: Deerling\n|-damage|p2b: Bode|91\/100|[from] item: Life Orb\n|\n|upkeep\n|\n|t:|1683921647\n|switch|p1a: Pawniard|Pawniard, L50, F, shiny|100\/100\n|switch|p1b: Mudbray|Mudbray, L50, F, shiny|100\/100\n|turn|3\n|\n|t:|1683921683\n|move|p1a: Pawniard|Sucker Punch|p2a: Tandemaus\n|-damage|p2a: Tandemaus|20\/100\n|move|p2a: Tandemaus|Population Bomb|p1b: Mudbray\n|-damage|p1b: Mudbray|92\/100\n|-damage|p1b: Mudbray|84\/100\n|-damage|p1b: Mudbray|77\/100\n|-crit|p1b: Mudbray\n|-damage|p1b: Mudbray|65\/100\n|-damage|p1b: Mudbray|56\/100\n|-damage|p1b: Mudbray|47\/100\n|-damage|p1b: Mudbray|40\/100\n|-damage|p1b: Mudbray|31\/100\n|-crit|p1b: Mudbray\n|-damage|p1b: Mudbray|18\/100\n|-damage|p1b: Mudbray|10\/100\n|-hitcount|p1b: Mudbray|10\n|move|p2b: Bode|Sludge Bomb|p1b: Mudbray\n|-resisted|p1b: Mudbray\n|-damage|p1b: Mudbray|0 fnt\n|faint|p1b: Mudbray\n|-damage|p2b: Bode|81\/100|[from] item: Life Orb\n|\n|upkeep\n|turn|4\n|\n|t:|1683921709\n|move|p2a: Tandemaus|Population Bomb|p1a: Pawniard\n|-resisted|p1a: Pawniard\n|-damage|p1a: Pawniard|98\/100\n|-resisted|p1a: Pawniard\n|-damage|p1a: Pawniard|95\/100\n|-resisted|p1a: Pawniard\n|-damage|p1a: Pawniard|91\/100\n|-resisted|p1a: Pawniard\n|-damage|p1a: Pawniard|87\/100\n|-resisted|p1a: Pawniard\n|-damage|p1a: Pawniard|84\/100\n|-resisted|p1a: Pawniard\n|-damage|p1a: Pawniard|81\/100\n|-resisted|p1a: Pawniard\n|-damage|p1a: Pawniard|77\/100\n|-resisted|p1a: Pawniard\n|-damage|p1a: Pawniard|74\/100\n|-resisted|p1a: Pawniard\n|-damage|p1a: Pawniard|71\/100\n|-resisted|p1a: Pawniard\n|-damage|p1a: Pawniard|68\/100\n|-hitcount|p1a: Pawniard|10\n|move|p2b: Bode|Power Gem|p1a: Pawniard\n|-resisted|p1a: Pawniard\n|-damage|p1a: Pawniard|28\/100\n|-damage|p2b: Bode|71\/100|[from] item: Life Orb\n|move|p1a: Pawniard|Iron Head|p2b: Bode\n|-supereffective|p2b: Bode\n|-damage|p2b: Bode|0 fnt\n|-activate|p2b: Bode|ability: Toxic Debris\n|-sidestart|p1: Mr.Fabulas|move: Toxic Spikes\n|faint|p2b: Bode\n|\n|-sideend|p2: fizzywizzyglizzy|move: Tailwind\n|upkeep\n|\n|t:|1683921737\n|switch|p2b: Skiddo|Skiddo, L50, M, shiny|100\/100\n|turn|5\n|\n|t:|1683921758\n|move|p1a: Pawniard|Sucker Punch|p2a: Tandemaus\n|-damage|p2a: Tandemaus|0 fnt\n|faint|p2a: Tandemaus\n|move|p2b: Skiddo|Leech Seed|p1a: Pawniard\n|-start|p1a: Pawniard|move: Leech Seed\n|\n|-damage|p1a: Pawniard|16\/100|[from] Leech Seed|[of] p2b: Skiddo\n|upkeep\n|turn|6\n|\n|t:|1683921770\n|move|p1a: Pawniard|Iron Head|p2b: Skiddo\n|-damage|p2b: Skiddo|71\/100\n|move|p2b: Skiddo|Horn Leech|p1a: Pawniard\n|-resisted|p1a: Pawniard\n|-damage|p1a: Pawniard|5\/100\n|-heal|p2b: Skiddo|76\/100|[from] drain|[of] p1a: Pawniard\n|\n|-damage|p1a: Pawniard|0 fnt|[from] Leech Seed|[of] p2b: Skiddo\n|-heal|p2b: Skiddo|80\/100|[silent]\n|faint|p1a: Pawniard\n|\n|win|fizzywizzyglizzy\n|upkeep\n|c|\u2606Mr.Fabulas|gg\n|c|\u2606fizzywizzyglizzy|gg!\n","uploadtime":1683921782,"views":15,"p1id":"mrfabulas","p2id":"fizzywizzyglizzy","formatid":"gen9vgc2023regulationc","rating":0,"private":0,"password":""}