{"id":"gen9vgc2023regulationc-1845924317","p1":"z0gre","p2":"Kiriziio","format":"[Gen 9] VGC 2023 Regulation C","log":"|j|\u2606z0gre\n|j|\u2606Kiriziio\n|t:|1681779837\n|gametype|doubles\n|player|p1|z0gre|lucas|1140\n|player|p2|Kiriziio|lance|1198\n|teamsize|p1|6\n|teamsize|p2|6\n|gen|9\n|tier|[Gen 9] VGC 2023 Regulation C\n|rated|\n|rule|Species Clause: Limit one of each Pok\u00e9mon\n|rule|Item Clause: Limit one of each item\n|clearpoke\n|poke|p1|Hippowdon, L50, M|\n|poke|p1|Lycanroc, L50, F|\n|poke|p1|Indeedee-F, L50, F|\n|poke|p1|Hawlucha, L50, M|\n|poke|p1|Palossand, L50, M|\n|poke|p1|Houndstone, L50, F|\n|poke|p2|Dondozo, L50, F|\n|poke|p2|Tatsugiri-Stretchy, L50, M|\n|poke|p2|Chi-Yu, L50|\n|poke|p2|Flutter Mane, L50|\n|poke|p2|Dragonite, L50, M|\n|poke|p2|Glimmora, L50, F|\n|teampreview|4\n|inactive|Battle timer is ON: inactive players will automatically lose when time's up. (requested by z0gre)\n|\n|t:|1681779876\n|start\n|switch|p1a: Lycanroc|Lycanroc, L50, F, shiny|100\/100\n|switch|p1b: Hippowdon|Hippowdon, L50, M, shiny|100\/100\n|switch|p2a: Dondozo|Dondozo, L50, F|100\/100\n|switch|p2b: Glimmora|Glimmora, L50, F|100\/100\n|-weather|Sandstorm|[from] ability: Sand Stream|[of] p1b: Hippowdon\n|turn|1\n|\n|t:|1681779893\n|move|p1a: Lycanroc|Protect|p1a: Lycanroc\n|-singleturn|p1a: Lycanroc|Protect\n|move|p2b: Glimmora|Spiky Shield|p2b: Glimmora\n|-singleturn|p2b: Glimmora|move: Protect\n|move|p1b: Hippowdon|Yawn|p2a: Dondozo\n|-start|p2a: Dondozo|move: Yawn|[of] p1b: Hippowdon\n|move|p2a: Dondozo|Bulldoze|p1a: Lycanroc|[spread] p1b\n|-activate|p2b: Glimmora|move: Protect\n|-activate|p1a: Lycanroc|move: Protect\n|-damage|p1b: Hippowdon|94\/100\n|-unboost|p1b: Hippowdon|spe|1\n|\n|-weather|Sandstorm|[upkeep]\n|-damage|p2a: Dondozo|94\/100|[from] Sandstorm\n|upkeep\n|turn|2\n|inactive|z0gre has 30 seconds left.\n|inactive|Kiriziio has 30 seconds left.\n|\n|t:|1681779933\n|move|p1a: Lycanroc|Rock Slide|p2b: Glimmora|[spread] p2a,p2b\n|-damage|p2a: Dondozo|76\/100\n|-damage|p2b: Glimmora|62\/100\n|-activate|p2b: Glimmora|ability: Toxic Debris\n|-sidestart|p1: z0gre|move: Toxic Spikes\n|move|p2b: Glimmora|Toxic|p1b: Hippowdon\n|-status|p1b: Hippowdon|tox\n|move|p2a: Dondozo|Wave Crash|p1a: Lycanroc\n|-supereffective|p1a: Lycanroc\n|-enditem|p1a: Lycanroc|Focus Sash\n|-damage|p1a: Lycanroc|1\/100\n|-damage|p2a: Dondozo|57\/100|[from] Recoil\n|move|p1b: Hippowdon|Fissure|p2a: Dondozo\n|-damage|p2a: Dondozo|0 fnt\n|faint|p2a: Dondozo\n|-ohko\n|\n|-weather|Sandstorm|[upkeep]\n|-damage|p1b: Hippowdon|87\/100 tox|[from] psn\n|upkeep\n|\n|t:|1681779953\n|switch|p2a: Tatsugiri|Tatsugiri-Stretchy, L50, M|100\/100\n|turn|3\n|\n|t:|1681779974\n|move|p1a: Lycanroc|Protect|p1a: Lycanroc\n|-singleturn|p1a: Lycanroc|Protect\n|move|p2b: Glimmora|Spiky Shield|p2b: Glimmora\n|-singleturn|p2b: Glimmora|move: Protect\n|move|p2a: Tatsugiri|Muddy Water|p1a: Lycanroc|[spread] p1b\n|-activate|p1a: Lycanroc|move: Protect\n|-supereffective|p1b: Hippowdon\n|-damage|p1b: Hippowdon|12\/100 tox\n|move|p1b: Hippowdon|Yawn|p2a: Tatsugiri\n|-start|p2a: Tatsugiri|move: Yawn|[of] p1b: Hippowdon\n|\n|-weather|Sandstorm|[upkeep]\n|-damage|p2a: Tatsugiri|95\/100|[from] Sandstorm\n|-damage|p1b: Hippowdon|0 fnt|[from] psn\n|faint|p1b: Hippowdon\n|upkeep\n|inactive|z0gre has 30 seconds left.\n|\n|t:|1681780008\n|switch|p1b: Houndstone|Houndstone, L50, F, shiny|100\/100\n|-status|p1b: Houndstone|psn\n|turn|4\n|\n|t:|1681780024\n|move|p2b: Glimmora|Spiky Shield|p2b: Glimmora\n|-singleturn|p2b: Glimmora|move: Protect\n|move|p1a: Lycanroc|Endeavor|p2a: Tatsugiri\n|-damage|p2a: Tatsugiri|1\/100\n|move|p1b: Houndstone|Phantom Force||[still]\n|-prepare|p1b: Houndstone|Phantom Force\n|move|p2a: Tatsugiri|Muddy Water|p1b: Houndstone|[spread] p1a\n|-miss|p2a: Tatsugiri|p1b: Houndstone\n|-supereffective|p1a: Lycanroc\n|-damage|p1a: Lycanroc|0 fnt\n|faint|p1a: Lycanroc\n|\n|-weather|Sandstorm|[upkeep]\n|-damage|p2a: Tatsugiri|0 fnt|[from] Sandstorm\n|faint|p2a: Tatsugiri\n|-damage|p1b: Houndstone|88\/100 psn|[from] psn\n|upkeep\n|\n|t:|1681780043\n|switch|p1a: Indeedee|Indeedee-F, L50, F, shiny|100\/100\n|switch|p2a: Flutter Mane|Flutter Mane, L50|100\/100\n|-status|p1a: Indeedee|psn\n|-fieldstart|move: Psychic Terrain|[from] ability: Psychic Surge|[of] p1a: Indeedee\n|-enditem|p2a: Flutter Mane|Booster Energy\n|-activate|p2a: Flutter Mane|ability: Protosynthesis|[fromitem]\n|-start|p2a: Flutter Mane|protosynthesisspe\n|turn|5\n|\n|t:|1681780058\n|-terastallize|p2a: Flutter Mane|Steel\n|move|p1a: Indeedee|Follow Me|p1a: Indeedee\n|-singleturn|p1a: Indeedee|move: Follow Me\n|move|p2a: Flutter Mane|Substitute|p2a: Flutter Mane\n|-start|p2a: Flutter Mane|Substitute\n|-damage|p2a: Flutter Mane|76\/100\n|move|p1b: Houndstone|Phantom Force|p2b: Glimmora|[from]lockedmove\n|-damage|p2b: Glimmora|9\/100\n|-activate|p2b: Glimmora|ability: Toxic Debris\n|-sidestart|p1: z0gre|move: Toxic Spikes\n|move|p2b: Glimmora|Power Gem|p1a: Indeedee\n|-damage|p1a: Indeedee|63\/100 psn\n|\n|-weather|Sandstorm|[upkeep]\n|-damage|p1b: Houndstone|75\/100 psn|[from] psn\n|-damage|p1a: Indeedee|50\/100 psn|[from] psn\n|upkeep\n|turn|6\n|inactive|z0gre has 30 seconds left.\n|inactive|Kiriziio has 30 seconds left.\n|\n|t:|1681780086\n|-terastallize|p1b: Houndstone|Ghost\n|move|p2a: Flutter Mane|Protect|p2a: Flutter Mane\n|-singleturn|p2a: Flutter Mane|Protect\n|move|p2b: Glimmora|Spiky Shield|p2b: Glimmora\n|-singleturn|p2b: Glimmora|move: Protect\n|move|p1b: Houndstone|Phantom Force||[still]\n|-prepare|p1b: Houndstone|Phantom Force\n|move|p1a: Indeedee|Draining Kiss|p2b: Glimmora\n|-activate|p2b: Glimmora|move: Protect\n|-damage|p1a: Indeedee|38\/100 psn|[from] Spiky Shield|[of] p2b: Glimmora\n|\n|-weather|Sandstorm|[upkeep]\n|-damage|p1b: Houndstone|63\/100 psn|[from] psn\n|-damage|p1a: Indeedee|25\/100 psn|[from] psn\n|upkeep\n|turn|7\n|\n|t:|1681780104\n|move|p2a: Flutter Mane|Moonblast|p1a: Indeedee\n|-damage|p1a: Indeedee|0 fnt\n|faint|p1a: Indeedee\n|move|p1b: Houndstone|Phantom Force|p2a: Flutter Mane|[from]lockedmove\n|-end|p2a: Flutter Mane|Substitute\n|move|p2b: Glimmora|Power Gem|p1b: Houndstone\n|-damage|p1b: Houndstone|17\/100 psn\n|\n|-weather|Sandstorm|[upkeep]\n|-damage|p1b: Houndstone|5\/100 psn|[from] psn\n|upkeep\n|turn|8\n|\n|t:|1681780115\n|move|p2a: Flutter Mane|Protect|p2a: Flutter Mane\n|-singleturn|p2a: Flutter Mane|Protect\n|move|p2b: Glimmora|Spiky Shield|p2b: Glimmora\n|-singleturn|p2b: Glimmora|move: Protect\n|move|p1b: Houndstone|Last Respects|p2a: Flutter Mane\n|-activate|p2a: Flutter Mane|move: Protect\n|\n|-weather|none\n|-damage|p1b: Houndstone|0 fnt|[from] psn\n|faint|p1b: Houndstone\n|\n|win|Kiriziio\n|upkeep\n|raw|z0gre's rating: 1140 → 1119<\/strong> (-21 for losing)\n|raw|Kiriziio's rating: 1198 → 1219<\/strong> (+21 for winning)\n|l|\u2606z0gre\n","uploadtime":1681780127,"views":5,"p1id":"z0gre","p2id":"kiriziio","formatid":"gen9vgc2023regulationc","rating":1119,"private":0,"password":""}