{"id":"gen9vgc2023regulationc-1847997268","p1":"hulksmash91","p2":"Treshole","format":"[Gen 9] VGC 2023 Regulation C","log":"|j|\u2606hulksmash91\n|j|\u2606Treshole\n|t:|1682019230\n|gametype|doubles\n|player|p1|hulksmash91|2|\n|player|p2|Treshole|ethan|\n|teamsize|p1|6\n|teamsize|p2|6\n|gen|9\n|tier|[Gen 9] VGC 2023 Regulation C\n|rule|Species Clause: Limit one of each Pok\u00e9mon\n|rule|Item Clause: Limit one of each item\n|clearpoke\n|poke|p1|Palafin, L50, M|\n|poke|p1|Arcanine, L50, M|\n|poke|p1|Amoonguss, L50, F|\n|poke|p1|Kingambit, L50, M|\n|poke|p1|Flutter Mane, L50|\n|poke|p1|Dragonite, L50, F|\n|poke|p2|Ting-Lu, L50|\n|poke|p2|Amoonguss, L50, M|\n|poke|p2|Arcanine, L50, M|\n|poke|p2|Flutter Mane, L50|\n|poke|p2|Palafin, L50, F|\n|poke|p2|Baxcalibur, L50, F|\n|teampreview|4\n|c|\u2606hulksmash91|G2\nhulksmash91 has agreed to open team sheets.\nTreshole has agreed to open team sheets.\n|\n|t:|1682019623\n|start\n|switch|p1a: Palafin|Palafin, L50, M|100\/100\n|switch|p1b: Flutter Mane|Flutter Mane, L50|100\/100\n|switch|p2a: Soul Fist|Flutter Mane, L50|100\/100\n|switch|p2b: Kikoken|Amoonguss, L50, M|100\/100\n|-enditem|p2a: Soul Fist|Booster Energy\n|-activate|p2a: Soul Fist|ability: Protosynthesis|[fromitem]\n|-start|p2a: Soul Fist|protosynthesisspa\n|-enditem|p1b: Flutter Mane|Booster Energy\n|-activate|p1b: Flutter Mane|ability: Protosynthesis|[fromitem]\n|-start|p1b: Flutter Mane|protosynthesisspa\n|turn|1\n|\n|t:|1682019657\n|detailschange|p1a: Palafin|Palafin-Hero, L50, M\n|switch|p1a: Amoonguss|Amoonguss, L50, F, shiny|100\/100\n|move|p1b: Flutter Mane|Protect|p1b: Flutter Mane\n|-singleturn|p1b: Flutter Mane|Protect\n|move|p2b: Kikoken|Rage Powder|p2b: Kikoken\n|-singleturn|p2b: Kikoken|move: Rage Powder\n|move|p2a: Soul Fist|Moonblast|p1a: Amoonguss\n|-resisted|p1a: Amoonguss\n|-damage|p1a: Amoonguss|72\/100\n|\n|upkeep\n|turn|2\n|\n|t:|1682019685\n|move|p2a: Soul Fist|Substitute|p2a: Soul Fist\n|-start|p2a: Soul Fist|Substitute\n|-damage|p2a: Soul Fist|76\/100\n|move|p1b: Flutter Mane|Shadow Ball|p2b: Kikoken\n|-damage|p2b: Kikoken|56\/100\n|move|p1a: Amoonguss|Spore||[still]\n|-fail|p1a: Amoonguss\n|move|p2b: Kikoken|Spore|p1b: Flutter Mane\n|-status|p1b: Flutter Mane|slp|[from] move: Spore\n|\n|upkeep\n|turn|3\n|\n|t:|1682019710\n|switch|p2b: Falcon Punch|Arcanine, L50, M|100\/100\n|-ability|p2b: Falcon Punch|Intimidate|boost\n|-unboost|p1a: Amoonguss|atk|1\n|-unboost|p1b: Flutter Mane|atk|1\n|move|p2a: Soul Fist|Shadow Ball|p1b: Flutter Mane\n|-supereffective|p1b: Flutter Mane\n|-damage|p1b: Flutter Mane|9\/100 slp\n|cant|p1b: Flutter Mane|slp\n|move|p1a: Amoonguss|Pollen Puff|p2a: Soul Fist\n|-resisted|p2a: Soul Fist\n|-activate|p2a: Soul Fist|move: Substitute|[damage]\n|\n|upkeep\n|turn|4\n|\n|t:|1682019731\n|switch|p1a: Arcanine|Arcanine, L50, M|100\/100\n|-ability|p1a: Arcanine|Intimidate|boost\n|-immune|p2a: Soul Fist\n|-unboost|p2b: Falcon Punch|atk|1\n|cant|p1b: Flutter Mane|slp\n|move|p2a: Soul Fist|Shadow Ball|p1b: Flutter Mane\n|-supereffective|p1b: Flutter Mane\n|-damage|p1b: Flutter Mane|0 fnt\n|faint|p1b: Flutter Mane\n|-end|p1b: Flutter Mane|Protosynthesis|[silent]\n|move|p2b: Falcon Punch|Will-O-Wisp|p1a: Arcanine\n|-immune|p1a: Arcanine\n|\n|upkeep\n|\n|t:|1682019741\n|switch|p1b: Palafin|Palafin-Hero, L50, M|100\/100\n|-activate|p1b: Palafin|ability: Zero to Hero\n|turn|5\n|\n|t:|1682019771\n|-terastallize|p2b: Falcon Punch|Water\n|move|p2a: Soul Fist|Protect|p2a: Soul Fist\n|-singleturn|p2a: Soul Fist|Protect\n|move|p1b: Palafin|Protect|p1b: Palafin\n|-singleturn|p1b: Palafin|Protect\n|move|p2b: Falcon Punch|Will-O-Wisp|p1b: Palafin\n|-activate|p1b: Palafin|move: Protect\n|move|p1a: Arcanine|Flare Blitz|p2a: Soul Fist\n|-activate|p2a: Soul Fist|move: Protect\n|\n|upkeep\n|turn|6\n|\n|t:|1682019797\n|-terastallize|p1b: Palafin|Water\n|move|p1b: Palafin|Jet Punch|p2a: Soul Fist\n|-end|p2a: Soul Fist|Substitute\n|move|p2a: Soul Fist|Shadow Ball|p1a: Arcanine\n|-damage|p1a: Arcanine|45\/100\n|move|p2b: Falcon Punch|Will-O-Wisp|p1b: Palafin\n|-status|p1b: Palafin|brn\n|move|p1a: Arcanine|Flare Blitz|p2a: Soul Fist\n|-damage|p2a: Soul Fist|0 fnt\n|faint|p2a: Soul Fist\n|-end|p2a: Soul Fist|Protosynthesis|[silent]\n|-damage|p1a: Arcanine|27\/100|[from] Recoil\n|\n|-damage|p1b: Palafin|95\/100 brn|[from] brn\n|upkeep\n|\n|t:|1682019812\n|switch|p2a: EWGF|Ting-Lu, L50|100\/100\n|-ability|p2a: EWGF|Vessel of Ruin\n|turn|7\n|\n|t:|1682019842\n|switch|p1a: Amoonguss|Amoonguss, L50, F, shiny|100\/100\n|move|p2b: Falcon Punch|Protect|p2b: Falcon Punch\n|-singleturn|p2b: Falcon Punch|Protect\n|move|p1b: Palafin|Wave Crash|p2a: EWGF\n|-supereffective|p2a: EWGF\n|-damage|p2a: EWGF|34\/100\n|-damage|p1b: Palafin|68\/100 brn|[from] Recoil\n|move|p2a: EWGF|Ruination|p1b: Palafin\n|-damage|p1b: Palafin|34\/100 brn\n|\n|-damage|p1b: Palafin|29\/100 brn|[from] brn\n|upkeep\n|turn|8\n|\n|t:|1682019872\n|switch|p1b: Arcanine|Arcanine, L50, M|27\/100\n|-ability|p1b: Arcanine|Intimidate|boost\n|-unboost|p2a: EWGF|atk|1\n|-unboost|p2b: Falcon Punch|atk|1\n|switch|p2a: Kikoken|Amoonguss, L50, M|89\/100\n|move|p2b: Falcon Punch|Flare Blitz|p1a: Amoonguss\n|-supereffective|p1a: Amoonguss\n|-damage|p1a: Amoonguss|52\/100\n|-damage|p2b: Falcon Punch|84\/100|[from] item: Rocky Helmet|[of] p1a: Amoonguss\n|-damage|p2b: Falcon Punch|65\/100|[from] Recoil\n|move|p1a: Amoonguss|Pollen Puff|p1b: Arcanine\n|-heal|p1b: Arcanine|77\/100\n|\n|upkeep\n|turn|9\n|\n|t:|1682019912\n|switch|p2b: EWGF|Ting-Lu, L50|34\/100\n|-ability|p2b: EWGF|Vessel of Ruin\n|switch|p1b: Palafin|Palafin-Hero, L50, M, tera:Water|29\/100 brn\n|move|p1a: Amoonguss|Pollen Puff|p1b: Palafin\n|-heal|p1b: Palafin|79\/100 brn\n|move|p2a: Kikoken|Pollen Puff|p2b: EWGF\n|-heal|p2b: EWGF|83\/100\n|\n|-damage|p1b: Palafin|73\/100 brn|[from] brn\n|upkeep\n|turn|10\n|\n|t:|1682019961\n|move|p2a: Kikoken|Rage Powder|p2a: Kikoken\n|-singleturn|p2a: Kikoken|move: Rage Powder\n|move|p1b: Palafin|Substitute|p1b: Palafin\n|-start|p1b: Palafin|Substitute\n|-damage|p1b: Palafin|48\/100 brn\n|move|p2b: EWGF|Stomping Tantrum|p1a: Amoonguss\n|-damage|p1a: Amoonguss|27\/100\n|-damage|p2b: EWGF|67\/100|[from] item: Rocky Helmet|[of] p1a: Amoonguss\n|move|p1a: Amoonguss|Pollen Puff|p1b: Palafin\n|-heal|p1b: Palafin|98\/100 brn\n|\n|-damage|p1b: Palafin|92\/100 brn|[from] brn\n|upkeep\n|turn|11\n|\n|t:|1682019990\n|switch|p1a: Arcanine|Arcanine, L50, M|77\/100\n|-ability|p1a: Arcanine|Intimidate|boost\n|-unboost|p2a: Kikoken|atk|1\n|-unboost|p2b: EWGF|atk|1\n|switch|p2a: Falcon Punch|Arcanine, L50, M, tera:Water|65\/100\n|-ability|p2a: Falcon Punch|Intimidate|boost\n|-unboost|p1a: Arcanine|atk|1\n|-immune|p1b: Palafin\n|move|p1b: Palafin|Jet Punch|p2b: EWGF\n|-supereffective|p2b: EWGF\n|-damage|p2b: EWGF|34\/100\n|move|p2b: EWGF|Stomping Tantrum|p1a: Arcanine\n|-supereffective|p1a: Arcanine\n|-damage|p1a: Arcanine|41\/100\n|\n|-damage|p1b: Palafin|86\/100 brn|[from] brn\n|upkeep\n|turn|12\n|\n|t:|1682020029\n|switch|p2b: Kikoken|Amoonguss, L50, M|100\/100\n|move|p2a: Falcon Punch|Flare Blitz|p1a: Arcanine\n|-resisted|p1a: Arcanine\n|-damage|p1a: Arcanine|19\/100\n|-damage|p2a: Falcon Punch|58\/100|[from] Recoil\n|move|p1a: Arcanine|Howl||[still]|[spread] p1a,p1b\n|-fail|p1a: Arcanine\n|-boost|p1a: Arcanine|atk|1\n|move|p1b: Palafin|Wave Crash|p2a: Falcon Punch\n|-resisted|p2a: Falcon Punch\n|-damage|p2a: Falcon Punch|24\/100\n|-damage|p1b: Palafin|76\/100 brn|[from] Recoil\n|\n|-damage|p1b: Palafin|70\/100 brn|[from] brn\n|upkeep\n|turn|13\n|\n|t:|1682020053\n|move|p2a: Falcon Punch|Extreme Speed|p1a: Arcanine\n|-damage|p1a: Arcanine|0 fnt\n|faint|p1a: Arcanine\n|move|p2b: Kikoken|Rage Powder|p2b: Kikoken\n|-singleturn|p2b: Kikoken|move: Rage Powder\n|move|p1b: Palafin|Wave Crash|p2b: Kikoken\n|-resisted|p2b: Kikoken\n|-damage|p2b: Kikoken|75\/100\n|-damage|p1b: Palafin|61\/100 brn|[from] Recoil\n|\n|-damage|p1b: Palafin|55\/100 brn|[from] brn\n|upkeep\n|\n|t:|1682020056\n|switch|p1a: Amoonguss|Amoonguss, L50, F, shiny|60\/100\n|turn|14\n|\n|t:|1682020076\n|move|p1a: Amoonguss|Protect|p1a: Amoonguss\n|-singleturn|p1a: Amoonguss|Protect\n|move|p2b: Kikoken|Rage Powder|p2b: Kikoken\n|-singleturn|p2b: Kikoken|move: Rage Powder\n|move|p2a: Falcon Punch|Flare Blitz|p1a: Amoonguss\n|-activate|p1a: Amoonguss|move: Protect\n|move|p1b: Palafin|Wave Crash|p2b: Kikoken\n|-resisted|p2b: Kikoken\n|-damage|p2b: Kikoken|50\/100\n|-enditem|p2b: Kikoken|Sitrus Berry|[eat]\n|-heal|p2b: Kikoken|75\/100|[from] item: Sitrus Berry\n|-damage|p1b: Palafin|47\/100 brn|[from] Recoil\n|\n|-damage|p1b: Palafin|41\/100 brn|[from] brn\n|upkeep\n|turn|15\n|\n|t:|1682020095\n|move|p2b: Kikoken|Rage Powder|p2b: Kikoken\n|-singleturn|p2b: Kikoken|move: Rage Powder\n|move|p1b: Palafin|Jet Punch|p2b: Kikoken\n|-resisted|p2b: Kikoken\n|-damage|p2b: Kikoken|63\/100\n|move|p2a: Falcon Punch|Flare Blitz|p1a: Amoonguss\n|-supereffective|p1a: Amoonguss\n|-damage|p1a: Amoonguss|0 fnt\n|-damage|p2a: Falcon Punch|7\/100|[from] item: Rocky Helmet|[of] p1a: Amoonguss\n|faint|p1a: Amoonguss\n|-damage|p2a: Falcon Punch|0 fnt|[from] Recoil\n|faint|p2a: Falcon Punch\n|\n|-damage|p1b: Palafin|35\/100 brn|[from] brn\n|upkeep\n|-message|hulksmash91 forfeited.\n|\n|win|Treshole\n|l|\u2606hulksmash91\n","uploadtime":1682020815,"views":13,"p1id":"hulksmash91","p2id":"treshole","formatid":"gen9vgc2023regulationc","rating":0,"private":0,"password":""}