{"id":"gen9vgc2023regulationc-1849969528","p1":"LokiMouse","p2":"saberooey","format":"[Gen 9] VGC 2023 Regulation C","log":"|j|\u2606LokiMouse\n|j|\u2606saberooey\n|t:|1682273433\n|gametype|doubles\n|player|p1|LokiMouse|1|1073\n|player|p2|saberooey|giovanni|1067\n|teamsize|p1|6\n|teamsize|p2|6\n|gen|9\n|tier|[Gen 9] VGC 2023 Regulation C\n|rated|\n|rule|Species Clause: Limit one of each Pok\u00e9mon\n|rule|Item Clause: Limit one of each item\n|clearpoke\n|poke|p1|Armarouge, L50, M|\n|poke|p1|Tatsugiri, L50, M|\n|poke|p1|Indeedee-F, L50, F|\n|poke|p1|Chien-Pao, L50|\n|poke|p1|Great Tusk, L50|\n|poke|p1|Flutter Mane, L50|\n|poke|p2|Kilowattrel, L50, F|\n|poke|p2|Kingambit, L50, F|\n|poke|p2|Dragonite, L50, M|\n|poke|p2|Appletun, L50, M|\n|poke|p2|Iron Bundle, L50|\n|poke|p2|Chien-Pao, L50|\n|teampreview|4\nsaberooey rejected open team sheets.\n|\n|t:|1682273507\n|start\n|switch|p1a: Chien-Pao|Chien-Pao, L50|100\/100\n|switch|p1b: Indeedee|Indeedee-F, L50, F|100\/100\n|switch|p2a: Kilowattrel|Kilowattrel, L50, F|100\/100\n|switch|p2b: Iron Bundle|Iron Bundle, L50, shiny|100\/100\n|-ability|p1a: Chien-Pao|Sword of Ruin\n|-fieldstart|move: Psychic Terrain|[from] ability: Psychic Surge|[of] p1b: Indeedee\n|-enditem|p1b: Indeedee|Psychic Seed\n|-boost|p1b: Indeedee|spd|1|[from] item: Psychic Seed\n|-enditem|p2b: Iron Bundle|Booster Energy\n|-activate|p2b: Iron Bundle|ability: Quark Drive|[fromitem]\n|-start|p2b: Iron Bundle|quarkdrivespe\n|turn|1\n|\n|t:|1682273543\n|move|p1b: Indeedee|Follow Me|p1b: Indeedee\n|-singleturn|p1b: Indeedee|move: Follow Me\n|move|p2b: Iron Bundle|Icy Wind|p1a: Chien-Pao|[spread] p1a,p1b\n|-resisted|p1a: Chien-Pao\n|-damage|p1a: Chien-Pao|83\/100\n|-damage|p1b: Indeedee|91\/100\n|-unboost|p1a: Chien-Pao|spe|1\n|-unboost|p1b: Indeedee|spe|1\n|move|p2a: Kilowattrel|Tailwind|p2a: Kilowattrel\n|-sidestart|p2: saberooey|move: Tailwind\n|-start|p2a: Kilowattrel|Charge|Tailwind|[from] ability: Wind Power\n|move|p1a: Chien-Pao|Icicle Crash|p2a: Kilowattrel\n|-supereffective|p2a: Kilowattrel\n|-enditem|p2a: Kilowattrel|Focus Sash\n|-damage|p2a: Kilowattrel|1\/100\n|\n|upkeep\n|turn|2\n|\n|t:|1682273585\n|move|p2b: Iron Bundle|Hydro Pump|p1b: Indeedee\n|-damage|p1b: Indeedee|66\/100\n|move|p2a: Kilowattrel|Thunderbolt|p1a: Chien-Pao\n|-damage|p1a: Chien-Pao|0 fnt\n|faint|p1a: Chien-Pao\n|-end|p2a: Kilowattrel|Charge|[silent]\n|move|p1b: Indeedee|Trick Room|p1b: Indeedee\n|-fieldstart|move: Trick Room|[of] p1b: Indeedee\n|\n|upkeep\n|\n|t:|1682273596\n|switch|p1a: Armarouge|Armarouge, L50, M|100\/100\n|turn|3\n|\n|t:|1682273629\n|switch|p1b: Great Tusk|Great Tusk, L50|100\/100\n|move|p1a: Armarouge|Expanding Force|p2a: Kilowattrel|[spread] p2a,p2b\n|-damage|p2a: Kilowattrel|0 fnt\n|-damage|p2b: Iron Bundle|0 fnt\n|faint|p2a: Kilowattrel\n|faint|p2b: Iron Bundle\n|-end|p2b: Iron Bundle|Quark Drive|[silent]\n|-damage|p1a: Armarouge|91\/100|[from] item: Life Orb\n|\n|upkeep\n|\n|t:|1682273637\n|switch|p2a: Chien-Pao|Chien-Pao, L50|100\/100\n|switch|p2b: Kulkulcan|Dragonite, L50, M|100\/100\n|-ability|p2a: Chien-Pao|Sword of Ruin\n|turn|4\n|\n|t:|1682273681\n|move|p2a: Chien-Pao|Protect|p2a: Chien-Pao\n|-singleturn|p2a: Chien-Pao|Protect\n|move|p1a: Armarouge|Flash Cannon|p2a: Chien-Pao\n|-activate|p2a: Chien-Pao|move: Protect\n|move|p1b: Great Tusk|Rock Slide|p2b: Kulkulcan|[spread] \n|-activate|p2a: Chien-Pao|move: Protect\n|-miss|p1b: Great Tusk|p2b: Kulkulcan\n|move|p2b: Kulkulcan|Waterfall|p1a: Armarouge\n|-supereffective|p1a: Armarouge\n|-damage|p1a: Armarouge|12\/100\n|\n|-sideend|p2: saberooey|move: Tailwind\n|upkeep\n|turn|5\n|\n|t:|1682273718\n|switch|p1a: Indeedee|Indeedee-F, L50, F|66\/100\n|-terastallize|p2a: Chien-Pao|Ghost\n|move|p1b: Great Tusk|Rock Slide|p2b: Kulkulcan|[spread] p2a,p2b\n|-supereffective|p2b: Kulkulcan\n|-damage|p2a: Chien-Pao|71\/100\n|-damage|p2b: Kulkulcan|35\/100\n|move|p2b: Kulkulcan|Waterfall|p1a: Indeedee\n|-damage|p1a: Indeedee|6\/100\n|cant|p2a: Chien-Pao|flinch\n|\n|-fieldend|move: Psychic Terrain\n|upkeep\n|turn|6\n|\n|t:|1682273750\n|move|p1a: Indeedee|Healing Wish|p1a: Indeedee\n|faint|p1a: Indeedee\n|move|p1b: Great Tusk|Rock Slide|p2b: Kulkulcan|[spread] p2a,p2b\n|-supereffective|p2b: Kulkulcan\n|-damage|p2a: Chien-Pao|39\/100\n|-damage|p2b: Kulkulcan|0 fnt\n|faint|p2b: Kulkulcan\n|move|p2a: Chien-Pao|Sacred Sword|p1b: Great Tusk\n|-damage|p1b: Great Tusk|62\/100\n|-damage|p2a: Chien-Pao|29\/100|[from] item: Life Orb\n|\n|-fieldend|move: Trick Room\n|upkeep\n|\n|t:|1682273760\n|switch|p1a: Armarouge|Armarouge, L50, M|12\/100\n|-heal|p1a: Armarouge|100\/100|[from] move: Healing Wish\n|turn|7\n|-message|saberooey forfeited.\n|\n|win|LokiMouse\n|raw|LokiMouse's rating: 1073 → 1102<\/strong> (+29 for winning)\n|raw|saberooey's rating: 1067 → 1047<\/strong> (-20 for losing)\n|l|\u2606saberooey\n","uploadtime":1682273769,"views":9,"p1id":"lokimouse","p2id":"saberooey","formatid":"gen9vgc2023regulationc","rating":1047,"private":0,"password":""}