{"id":"gen9vgc2023regulationc-1849724559","p1":"Zyros Phade","p2":"Jaferlle17","format":"[Gen 9] VGC 2023 Regulation C","log":"|j|\u2606Zyros Phade\n|j|\u2606Jaferlle17\n|t:|1682239969\n|gametype|doubles\n|player|p1|Zyros Phade|101|1403\n|player|p2|Jaferlle17|steven|1450\n|teamsize|p1|6\n|teamsize|p2|6\n|gen|9\n|tier|[Gen 9] VGC 2023 Regulation C\n|rated|\n|rule|Species Clause: Limit one of each Pok\u00e9mon\n|rule|Item Clause: Limit one of each item\n|clearpoke\n|poke|p1|Tinkaton, L50, F|\n|poke|p1|Gyarados, L50, M|\n|poke|p1|Flutter Mane, L50|\n|poke|p1|Hydreigon, L50, M|\n|poke|p1|Grimmsnarl, L50, M|\n|poke|p1|Garchomp, L50, M|\n|poke|p2|Arcanine, L50, M|\n|poke|p2|Flutter Mane, L50|\n|poke|p2|Kingambit, L50, M|\n|poke|p2|Amoonguss, L50, F|\n|poke|p2|Ting-Lu, L50|\n|poke|p2|Palafin, L50, M|\n|teampreview|4\n|inactive|Battle timer is ON: inactive players will automatically lose when time's up. (requested by Jaferlle17)\nJaferlle17 has agreed to open team sheets.\n|j| Ellvaekyoo\n|inactive|Jaferlle17 has 60 seconds left.\n|\n|t:|1682240012\n|start\n|switch|p1a: Grimmsnarl|Grimmsnarl, L50, M|100\/100\n|switch|p1b: Garchomp|Garchomp, L50, M|100\/100\n|switch|p2a: Palafin|Palafin, L50, M, shiny|100\/100\n|switch|p2b: Amoonguss|Amoonguss, L50, F|100\/100\n|turn|1\n|\n|t:|1682240035\n|switch|p1b: Gyarados|Gyarados, L50, M|100\/100\n|-ability|p1b: Gyarados|Intimidate|boost\n|-unboost|p2a: Palafin|atk|1\n|-unboost|p2b: Amoonguss|atk|1\n|move|p2a: Palafin|Protect|p2a: Palafin\n|-singleturn|p2a: Palafin|Protect\n|move|p1a: Grimmsnarl|Reflect|p1a: Grimmsnarl\n|-sidestart|p1: Zyros Phade|Reflect\n|move|p2b: Amoonguss|Spore|p1b: Gyarados\n|-activate|p1b: Gyarados|item: Safety Goggles|Spore\n|\n|upkeep\n|turn|2\n|\n|t:|1682240060\n|move|p1a: Grimmsnarl|Thunder Wave|p2a: Palafin\n|-status|p2a: Palafin|par\n|move|p1b: Gyarados|Taunt|p2b: Amoonguss\n|-start|p2b: Amoonguss|move: Taunt\n|move|p2a: Palafin|Taunt|p1b: Gyarados\n|-start|p1b: Gyarados|move: Taunt\n|cant|p2b: Amoonguss|move: Taunt|Spore\n|\n|upkeep\n|turn|3\n|\n|t:|1682240073\n|switch|p1b: Garchomp|Garchomp, L50, M|100\/100\n|detailschange|p2a: Palafin|Palafin-Hero, L50, M, shiny\n|switch|p2a: Arcanine|Arcanine, L50, M|100\/100\n|-ability|p2a: Arcanine|Intimidate|boost\n|-unboost|p1a: Grimmsnarl|atk|1\n|-fail|p1b: Garchomp|unboost|[from] item: Clear Amulet|[of] p1b: Garchomp\n|move|p1a: Grimmsnarl|Thunder Wave|p2b: Amoonguss|[miss]\n|-miss|p1a: Grimmsnarl|p2b: Amoonguss\n|move|p2b: Amoonguss|Pollen Puff|p2a: Arcanine\n|-immune|p2a: Arcanine\n|\n|upkeep\n|turn|4\n|\n|t:|1682240084\n|-terastallize|p2a: Arcanine|Normal\n|move|p1a: Grimmsnarl|Thunder Wave|p2b: Amoonguss\n|-status|p2b: Amoonguss|par\n|move|p1b: Garchomp|Swords Dance|p1b: Garchomp\n|-boost|p1b: Garchomp|atk|2\n|move|p2a: Arcanine|Will-O-Wisp|p1b: Garchomp\n|-status|p1b: Garchomp|brn\n|move|p2b: Amoonguss|Pollen Puff|p2a: Arcanine\n|-immune|p2a: Arcanine\n|\n|-damage|p1b: Garchomp|95\/100 brn|[from] brn\n|-end|p2b: Amoonguss|move: Taunt\n|upkeep\n|turn|5\n|\n|t:|1682240099\n|move|p1a: Grimmsnarl|Thunder Wave|p2a: Arcanine|[miss]\n|-miss|p1a: Grimmsnarl|p2a: Arcanine\n|move|p1b: Garchomp|Swords Dance|p1b: Garchomp\n|-boost|p1b: Garchomp|atk|2\n|move|p2a: Arcanine|Will-O-Wisp|p1a: Grimmsnarl\n|-status|p1a: Grimmsnarl|brn\n|cant|p2b: Amoonguss|par\n|\n|-damage|p1b: Garchomp|89\/100 brn|[from] brn\n|-damage|p1a: Grimmsnarl|95\/100 brn|[from] brn\n|upkeep\n|turn|6\n|\n|t:|1682240114\n|move|p2a: Arcanine|Extreme Speed|p1b: Garchomp\n|-damage|p1b: Garchomp|68\/100 brn\n|-damage|p2a: Arcanine|88\/100|[from] ability: Rough Skin|[of] p1b: Garchomp\n|move|p1a: Grimmsnarl|Thunder Wave|p2a: Arcanine\n|-status|p2a: Arcanine|par\n|move|p1b: Garchomp|Swords Dance|p1b: Garchomp\n|-boost|p1b: Garchomp|atk|2\n|move|p2b: Amoonguss|Pollen Puff|p2a: Arcanine\n|-heal|p2a: Arcanine|100\/100 par\n|\n|-damage|p1b: Garchomp|62\/100 brn|[from] brn\n|-damage|p1a: Grimmsnarl|89\/100 brn|[from] brn\n|upkeep\n|turn|7\n|\n|t:|1682240128\n|switch|p1a: Gyarados|Gyarados, L50, M|100\/100\n|-ability|p1a: Gyarados|Intimidate|boost\n|-unboost|p2a: Arcanine|atk|1\n|-unboost|p2b: Amoonguss|atk|1\n|move|p2a: Arcanine|Extreme Speed|p1b: Garchomp\n|-damage|p1b: Garchomp|48\/100 brn\n|-damage|p2a: Arcanine|88\/100 par|[from] ability: Rough Skin|[of] p1b: Garchomp\n|move|p1b: Garchomp|Earthquake|p2a: Arcanine|[spread] p2a,p2b\n|-immune|p1a: Gyarados\n|-damage|p2a: Arcanine|15\/100 par\n|-damage|p2b: Amoonguss|41\/100 par\n|-enditem|p2b: Amoonguss|Sitrus Berry|[eat]\n|-heal|p2b: Amoonguss|65\/100 par|[from] item: Sitrus Berry\n|move|p2b: Amoonguss|Pollen Puff|p2a: Arcanine\n|-heal|p2a: Arcanine|65\/100 par\n|\n|-damage|p1b: Garchomp|42\/100 brn|[from] brn\n|upkeep\n|turn|8\n|\n|t:|1682240142\n|move|p1a: Gyarados|Helping Hand|p1b: Garchomp\n|-singleturn|p1b: Garchomp|Helping Hand|[of] p1a: Gyarados\n|move|p2a: Arcanine|Extreme Speed|p1b: Garchomp\n|-damage|p1b: Garchomp|27\/100 brn\n|-damage|p2a: Arcanine|53\/100 par|[from] ability: Rough Skin|[of] p1b: Garchomp\n|move|p1b: Garchomp|Earthquake|p2a: Arcanine|[spread] p2a,p2b\n|-immune|p1a: Gyarados\n|-damage|p2a: Arcanine|0 fnt\n|-damage|p2b: Amoonguss|0 fnt\n|faint|p2a: Arcanine\n|faint|p2b: Amoonguss\n|\n|-damage|p1b: Garchomp|21\/100 brn|[from] brn\n|-sideend|p1: Zyros Phade|Reflect\n|upkeep\n|\n|t:|1682240148\n|switch|p2a: Palafin|Palafin-Hero, L50, M, shiny|100\/100 par\n|switch|p2b: Flutter Mane|Flutter Mane, L50|100\/100\n|-activate|p2a: Palafin|ability: Zero to Hero\n|-enditem|p2b: Flutter Mane|Booster Energy\n|-activate|p2b: Flutter Mane|ability: Protosynthesis|[fromitem]\n|-start|p2b: Flutter Mane|protosynthesisspa\n|turn|9\n|\n|t:|1682240164\n|move|p1b: Garchomp|Protect|p1b: Garchomp\n|-singleturn|p1b: Garchomp|Protect\n|move|p2a: Palafin|Jet Punch|p1b: Garchomp\n|-activate|p1b: Garchomp|move: Protect\n|move|p2b: Flutter Mane|Dazzling Gleam|p1a: Gyarados|[spread] p1a\n|-activate|p1b: Garchomp|move: Protect\n|-crit|p1a: Gyarados\n|-damage|p1a: Gyarados|42\/100\n|move|p1a: Gyarados|Thunder Wave|p2b: Flutter Mane\n|-status|p2b: Flutter Mane|par\n|\n|-damage|p1b: Garchomp|15\/100 brn|[from] brn\n|upkeep\n|turn|10\n|\n|t:|1682240177\n|cant|p2a: Palafin|par\n|move|p1b: Garchomp|Earthquake|p2b: Flutter Mane|[spread] p2a,p2b\n|-immune|p1a: Gyarados\n|-damage|p2a: Palafin|44\/100 par\n|-damage|p2b: Flutter Mane|0 fnt\n|faint|p2b: Flutter Mane\n|-end|p2b: Flutter Mane|Protosynthesis|[silent]\n|move|p1a: Gyarados|Waterfall|p2a: Palafin\n|-resisted|p2a: Palafin\n|-damage|p2a: Palafin|26\/100 par\n|\n|-damage|p1b: Garchomp|9\/100 brn|[from] brn\n|upkeep\n|turn|11\n|-message|Jaferlle17 forfeited.\n|\n|win|Zyros Phade\n|raw|Zyros Phade's rating: 1403 → 1426<\/strong> (+23 for winning)\n|raw|Jaferlle17's rating: 1450 → 1427<\/strong> (-23 for losing)\n|l|\u2606Jaferlle17\n|l| Ellvaekyoo\n","uploadtime":1682240219,"views":18,"p1id":"zyrosphade","p2id":"jaferlle17","formatid":"gen9vgc2023regulationc","rating":1426,"private":0,"password":""}