{"id":"gen9vgc2023regulationc-1861950179","p1":"TheRealKaige","p2":"YoungMasterLegend","format":"[Gen 9] VGC 2023 Regulation C","log":"|j|\u2606TheRealKaige\n|j|\u2606YoungMasterLegend\n|t:|1683823428\n|gametype|doubles\n|player|p1|TheRealKaige|169|1179\n|player|p2|YoungMasterLegend|169|1194\n|teamsize|p1|6\n|teamsize|p2|6\n|gen|9\n|tier|[Gen 9] VGC 2023 Regulation C\n|rated|\n|rule|Species Clause: Limit one of each Pok\u00e9mon\n|rule|Item Clause: Limit one of each item\n|clearpoke\n|poke|p1|Flutter Mane, L50|\n|poke|p1|Chi-Yu, L50|\n|poke|p1|Scream Tail, L50|\n|poke|p1|Amoonguss, L50, F|\n|poke|p1|Baxcalibur, L50, F|\n|poke|p1|Annihilape, L50, M|\n|poke|p2|Wo-Chien, L50|\n|poke|p2|Glimmora, L50, M|\n|poke|p2|Flutter Mane, L50|\n|poke|p2|Gyarados, L50, F|\n|poke|p2|Indeedee-F, L50, F|\n|poke|p2|Armarouge, L50, M|\n|teampreview|4\n|inactive|Battle timer is ON: inactive players will automatically lose when time's up. (requested by YoungMasterLegend)\n|\n|t:|1683823488\n|start\n|switch|p1a: Flutter Mane|Flutter Mane, L50|100\/100\n|switch|p1b: Chi-Yu|Chi-Yu, L50|100\/100\n|switch|p2a: Flutter Mane|Flutter Mane, L50|100\/100\n|switch|p2b: Glimmora|Glimmora, L50, M|100\/100\n|-ability|p1b: Chi-Yu|Beads of Ruin\n|-enditem|p2a: Flutter Mane|Booster Energy\n|-activate|p2a: Flutter Mane|ability: Protosynthesis|[fromitem]\n|-start|p2a: Flutter Mane|protosynthesisspe\n|turn|1\n|inactive|TheRealKaige has 30 seconds left.\n|inactive|TheRealKaige has 20 seconds left.\n|\n|t:|1683823527\n|switch|p1b: Scream Tail|Scream Tail, L50|100\/100\n|-enditem|p1b: Scream Tail|Booster Energy\n|-activate|p1b: Scream Tail|ability: Protosynthesis|[fromitem]\n|-start|p1b: Scream Tail|protosynthesisspe\n|move|p2a: Flutter Mane|Moonblast|p1b: Scream Tail\n|-damage|p1b: Scream Tail|64\/100\n|move|p1a: Flutter Mane|Shadow Ball|p2a: Flutter Mane\n|-supereffective|p2a: Flutter Mane\n|-damage|p2a: Flutter Mane|0 fnt\n|faint|p2a: Flutter Mane\n|-end|p2a: Flutter Mane|Protosynthesis|[silent]\n|move|p2b: Glimmora|Sludge Bomb|p1a: Flutter Mane\n|-damage|p1a: Flutter Mane|43\/100\n|\n|upkeep\n|\n|t:|1683823550\n|switch|p2a: Indeedee|Indeedee-F, L50, F|100\/100\n|-fieldstart|move: Psychic Terrain|[from] ability: Psychic Surge|[of] p2a: Indeedee\n|turn|2\n|\n|t:|1683823567\n|-end|p1a: Flutter Mane|Protosynthesis|[silent]\n|switch|p1a: Chi-Yu|Chi-Yu, L50|100\/100\n|-ability|p1a: Chi-Yu|Beads of Ruin\n|move|p2b: Glimmora|Spiky Shield|p2b: Glimmora\n|-singleturn|p2b: Glimmora|move: Protect\n|move|p1b: Scream Tail|Disable|p2b: Glimmora\n|-activate|p2b: Glimmora|move: Protect\n|move|p2a: Indeedee|Trick Room|p2a: Indeedee\n|-fieldstart|move: Trick Room|[of] p2a: Indeedee\n|\n|upkeep\n|turn|3\n|inactive|TheRealKaige has 30 seconds left.\n|\n|t:|1683823599\n|-terastallize|p1a: Chi-Yu|Water\n|move|p2a: Indeedee|Dazzling Gleam|p1b: Scream Tail|[spread] p1a,p1b\n|-damage|p1a: Chi-Yu|88\/100\n|-damage|p1b: Scream Tail|52\/100\n|move|p2b: Glimmora|Sludge Bomb|p1b: Scream Tail\n|-supereffective|p1b: Scream Tail\n|-damage|p1b: Scream Tail|0 fnt\n|faint|p1b: Scream Tail\n|-end|p1b: Scream Tail|Protosynthesis|[silent]\n|move|p1a: Chi-Yu|Dark Pulse|p2a: Indeedee\n|-supereffective|p2a: Indeedee\n|-crit|p2a: Indeedee\n|-damage|p2a: Indeedee|0 fnt\n|faint|p2a: Indeedee\n|\n|upkeep\n|\n|t:|1683823614\n|switch|p2a: Armarouge|Armarouge, L50, M|100\/100\n|switch|p1b: Baxcalibur|Baxcalibur, L50, F|100\/100\n|turn|4\n|\n|t:|1683823633\n|-terastallize|p2a: Armarouge|Grass\n|move|p2a: Armarouge|Expanding Force|p1a: Chi-Yu|[spread] p1a,p1b\n|-damage|p1a: Chi-Yu|23\/100\n|-damage|p1b: Baxcalibur|52\/100\n|move|p2b: Glimmora|Power Gem|p1b: Baxcalibur\n|-supereffective|p1b: Baxcalibur\n|-damage|p1b: Baxcalibur|0 fnt\n|faint|p1b: Baxcalibur\n|move|p1a: Chi-Yu|Dark Pulse|p2b: Glimmora\n|-damage|p2b: Glimmora|35\/100\n|-enditem|p2b: Glimmora|Sitrus Berry|[eat]\n|-heal|p2b: Glimmora|60\/100|[from] item: Sitrus Berry\n|\n|upkeep\n|\n|t:|1683823640\n|switch|p1b: Flutter Mane|Flutter Mane, L50|43\/100\n|turn|5\n|\n|t:|1683823657\n|move|p1a: Chi-Yu|Protect|p1a: Chi-Yu\n|-singleturn|p1a: Chi-Yu|Protect\n|move|p2a: Armarouge|Expanding Force|p1b: Flutter Mane|[spread] p1b\n|-activate|p1a: Chi-Yu|move: Protect\n|-damage|p1b: Flutter Mane|0 fnt\n|faint|p1b: Flutter Mane\n|-end|p1b: Flutter Mane|Protosynthesis|[silent]\n|move|p2b: Glimmora|Power Gem|p1a: Chi-Yu\n|-activate|p1a: Chi-Yu|move: Protect\n|\n|upkeep\n|turn|6\n|\n|t:|1683823673\n|move|p2a: Armarouge|Energy Ball|p1a: Chi-Yu\n|-supereffective|p1a: Chi-Yu\n|-damage|p1a: Chi-Yu|0 fnt\n|faint|p1a: Chi-Yu\n|\n|win|YoungMasterLegend\n|raw|TheRealKaige's rating: 1179 → 1155<\/strong> (-24 for losing)\n|raw|YoungMasterLegend's rating: 1194 → 1218<\/strong> (+24 for winning)\n|l|\u2606YoungMasterLegend\n","uploadtime":1683823705,"views":8,"p1id":"therealkaige","p2id":"youngmasterlegend","formatid":"gen9vgc2023regulationc","rating":1155,"private":0,"password":""}