{"id":"gen9vgc2023regulationc-1861097812","p1":"ksbdk","p2":"MJ_VGC_0","format":"[Gen 9] VGC 2023 Regulation C","log":"|j|\u2606ksbdk\n|j|\u2606MJ_VGC_0\n|t:|1683726313\n|gametype|doubles\n|player|p1|ksbdk|clair|1071\n|player|p2|MJ_VGC_0|silver|1000\n|teamsize|p1|6\n|teamsize|p2|5\n|gen|9\n|tier|[Gen 9] VGC 2023 Regulation C\n|rated|\n|rule|Species Clause: Limit one of each Pok\u00e9mon\n|rule|Item Clause: Limit one of each item\n|clearpoke\n|poke|p1|Chien-Pao, L50|\n|poke|p1|Amoonguss, L50, F|\n|poke|p1|Rotom-Wash, L50|\n|poke|p1|Pelipper, L50, F|\n|poke|p1|Arcanine, L50, F|\n|poke|p1|Flutter Mane, L50|\n|poke|p2|Amoonguss, L50, F|\n|poke|p2|Bronzong, L50|\n|poke|p2|Ceruledge, L50, F|\n|poke|p2|Baxcalibur, L50, M|\n|poke|p2|Ting-Lu, L50|\n|teampreview|4\n|\n|t:|1683726328\n|start\n|switch|p1a: Flutter Mane|Flutter Mane, L50|100\/100\n|switch|p1b: Pelipper|Pelipper, L50, F, shiny|100\/100\n|switch|p2a: Bronzong|Bronzong, L50|100\/100\n|switch|p2b: Baxcalibur|Baxcalibur, L50, M|100\/100\n|-weather|RainDance|[from] ability: Drizzle|[of] p1b: Pelipper\n|turn|1\n|\n|t:|1683726346\n|move|p1a: Flutter Mane|Shadow Ball|p2a: Bronzong\n|-supereffective|p2a: Bronzong\n|-damage|p2a: Bronzong|5\/100\n|-damage|p1a: Flutter Mane|91\/100|[from] item: Life Orb\n|move|p2b: Baxcalibur|Earthquake|p1b: Pelipper|[spread] p1a\n|-immune|p2a: Bronzong|[from] ability: Levitate\n|-immune|p1b: Pelipper\n|-damage|p1a: Flutter Mane|42\/100\n|move|p1b: Pelipper|Tailwind|p1b: Pelipper\n|-sidestart|p1: ksbdk|move: Tailwind\n|move|p2a: Bronzong|Trick Room|p2a: Bronzong\n|-fieldstart|move: Trick Room|[of] p2a: Bronzong\n|\n|-weather|RainDance|[upkeep]\n|-heal|p2a: Bronzong|11\/100|[from] item: Leftovers\n|upkeep\n|turn|2\n|\n|t:|1683726368\n|switch|p1b: Chien-Pao|Chien-Pao, L50|100\/100\n|-ability|p1b: Chien-Pao|Sword of Ruin\n|move|p2a: Bronzong|Protect|p2a: Bronzong\n|-singleturn|p2a: Bronzong|Protect\n|move|p1a: Flutter Mane|Protect|p1a: Flutter Mane\n|-singleturn|p1a: Flutter Mane|Protect\n|move|p2b: Baxcalibur|Earthquake|p1b: Chien-Pao|[spread] p1b\n|-activate|p2a: Bronzong|move: Protect\n|-activate|p1a: Flutter Mane|move: Protect\n|-damage|p1b: Chien-Pao|69\/100\n|\n|-weather|RainDance|[upkeep]\n|-heal|p2a: Bronzong|17\/100|[from] item: Leftovers\n|upkeep\n|turn|3\n|\n|t:|1683726392\n|switch|p2a: Ting-Lu|Ting-Lu, L50|100\/100\n|-ability|p2a: Ting-Lu|Vessel of Ruin\n|-end|p1a: Flutter Mane|Protosynthesis|[silent]\n|switch|p1a: Arcanine|Arcanine, L50, F, shiny|100\/100\n|-ability|p1a: Arcanine|Intimidate|boost\n|-fail|p2a: Ting-Lu|unboost|[from] item: Clear Amulet|[of] p2a: Ting-Lu\n|-unboost|p2b: Baxcalibur|atk|1\n|move|p1b: Chien-Pao|Sucker Punch||[still]\n|-fail|p1b: Chien-Pao\n|move|p2b: Baxcalibur|Icicle Crash|p1a: Arcanine\n|-resisted|p1a: Arcanine\n|-damage|p1a: Arcanine|79\/100\n|\n|-weather|RainDance|[upkeep]\n|upkeep\n|turn|4\n|\n|t:|1683726416\n|switch|p2b: Ceruledge|Ceruledge, L50, F|100\/100\n|move|p1b: Chien-Pao|Protect|p1b: Chien-Pao\n|-singleturn|p1b: Chien-Pao|Protect\n|move|p2a: Ting-Lu|Substitute|p2a: Ting-Lu\n|-start|p2a: Ting-Lu|Substitute\n|-damage|p2a: Ting-Lu|76\/100\n|move|p1a: Arcanine|Will-O-Wisp|p2b: Ceruledge\n|-immune|p2b: Ceruledge\n|\n|-weather|RainDance|[upkeep]\n|-sideend|p1: ksbdk|move: Tailwind\n|upkeep\n|turn|5\n|\n|t:|1683726441\n|move|p1b: Chien-Pao|Sucker Punch||[still]\n|-fail|p1b: Chien-Pao\n|move|p2a: Ting-Lu|Fissure|p1b: Chien-Pao|[miss]\n|-miss|p2a: Ting-Lu|p1b: Chien-Pao\n|move|p2b: Ceruledge|Bulk Up|p2b: Ceruledge\n|-boost|p2b: Ceruledge|atk|1\n|-boost|p2b: Ceruledge|def|1\n|move|p1a: Arcanine|Flare Blitz|p2a: Ting-Lu\n|-activate|p2a: Ting-Lu|move: Substitute|[damage]\n|-damage|p1a: Arcanine|71\/100|[from] Recoil|[of] p2a: Ting-Lu\n|\n|-weather|none\n|-fieldend|move: Trick Room\n|upkeep\n|turn|6\n|\n|t:|1683726482\n|switch|p1b: Flutter Mane|Flutter Mane, L50|42\/100\n|-terastallize|p2b: Ceruledge|Grass\n|move|p1a: Arcanine|Extreme Speed|p2a: Ting-Lu\n|-end|p2a: Ting-Lu|Substitute\n|move|p2b: Ceruledge|Bitter Blade|p1b: Flutter Mane\n|-damage|p1b: Flutter Mane|0 fnt\n|faint|p1b: Flutter Mane\n|-end|p1b: Flutter Mane|Protosynthesis|[silent]\n|move|p2a: Ting-Lu|Stomping Tantrum|p1a: Arcanine\n|-supereffective|p1a: Arcanine\n|-crit|p1a: Arcanine\n|-damage|p1a: Arcanine|0 fnt\n|faint|p1a: Arcanine\n|\n|upkeep\n|\n|t:|1683726500\n|switch|p1b: Chien-Pao|Chien-Pao, L50|69\/100\n|switch|p1a: Pelipper|Pelipper, L50, F, shiny|100\/100\n|-ability|p1b: Chien-Pao|Sword of Ruin\n|-weather|RainDance|[from] ability: Drizzle|[of] p1a: Pelipper\n|turn|7\n|\n|t:|1683726515\n|switch|p2b: Bronzong|Bronzong, L50|17\/100\n|move|p1b: Chien-Pao|Protect|p1b: Chien-Pao\n|-singleturn|p1b: Chien-Pao|Protect\n|move|p1a: Pelipper|Hurricane|p2b: Bronzong\n|-resisted|p2b: Bronzong\n|-damage|p2b: Bronzong|3\/100\n|move|p2a: Ting-Lu|Fissure|p1b: Chien-Pao\n|-activate|p1b: Chien-Pao|move: Protect\n|\n|-weather|RainDance|[upkeep]\n|-heal|p2b: Bronzong|9\/100|[from] item: Leftovers\n|upkeep\n|turn|8\n|\n|t:|1683726537\n|move|p2b: Bronzong|Protect|p2b: Bronzong\n|-singleturn|p2b: Bronzong|Protect\n|move|p1b: Chien-Pao|Ice Spinner|p2a: Ting-Lu\n|-supereffective|p2a: Ting-Lu\n|-damage|p2a: Ting-Lu|31\/100\n|move|p1a: Pelipper|Hurricane|p2b: Bronzong\n|-activate|p2b: Bronzong|move: Protect\n|move|p2a: Ting-Lu|Substitute|p2a: Ting-Lu\n|-start|p2a: Ting-Lu|Substitute\n|-damage|p2a: Ting-Lu|7\/100\n|\n|-weather|RainDance|[upkeep]\n|-heal|p2b: Bronzong|15\/100|[from] item: Leftovers\n|upkeep\n|turn|9\n|\n|t:|1683726566\n|move|p1b: Chien-Pao|Sacred Sword|p2a: Ting-Lu\n|-supereffective|p2a: Ting-Lu\n|-end|p2a: Ting-Lu|Substitute\n|move|p1a: Pelipper|Hurricane|p2b: Bronzong\n|-resisted|p2b: Bronzong\n|-damage|p2b: Bronzong|3\/100\n|-start|p2b: Bronzong|confusion\n|move|p2a: Ting-Lu|Fissure|p1b: Chien-Pao|[miss]\n|-miss|p2a: Ting-Lu|p1b: Chien-Pao\n|-activate|p2b: Bronzong|confusion\n|move|p2b: Bronzong|Trick Room|p2b: Bronzong\n|-fieldstart|move: Trick Room|[of] p2b: Bronzong\n|\n|-weather|RainDance|[upkeep]\n|-heal|p2b: Bronzong|9\/100|[from] item: Leftovers\n|upkeep\n|turn|10\n|\n|t:|1683726588\n|move|p2a: Ting-Lu|Protect|p2a: Ting-Lu\n|-singleturn|p2a: Ting-Lu|Protect\n|-end|p2b: Bronzong|confusion\n|move|p2b: Bronzong|Body Press|p1b: Chien-Pao\n|-supereffective|p1b: Chien-Pao\n|-damage|p1b: Chien-Pao|0 fnt\n|faint|p1b: Chien-Pao\n|move|p1a: Pelipper|Icy Wind|p2a: Ting-Lu|[spread] p2b\n|-activate|p2a: Ting-Lu|move: Protect\n|-resisted|p2b: Bronzong\n|-damage|p2b: Bronzong|6\/100\n|-unboost|p2b: Bronzong|spe|1\n|\n|-weather|RainDance|[upkeep]\n|-heal|p2b: Bronzong|11\/100|[from] item: Leftovers\n|upkeep\n|turn|11\n|\n|t:|1683726618\n|-terastallize|p1a: Pelipper|Grass\n|move|p2b: Bronzong|Body Press|p1a: Pelipper\n|-damage|p1a: Pelipper|70\/100\n|move|p2a: Ting-Lu|Fissure|p1a: Pelipper|[miss]\n|-miss|p2a: Ting-Lu|p1a: Pelipper\n|move|p1a: Pelipper|Icy Wind|p2a: Ting-Lu|[spread] p2b\n|-miss|p1a: Pelipper|p2a: Ting-Lu\n|-resisted|p2b: Bronzong\n|-damage|p2b: Bronzong|9\/100\n|-unboost|p2b: Bronzong|spe|1\n|\n|-weather|none\n|-heal|p2b: Bronzong|14\/100|[from] item: Leftovers\n|-heal|p1a: Pelipper|75\/100|[from] item: Leftovers\n|upkeep\n|turn|12\n|-message|ksbdk forfeited.\n|\n|win|MJ_VGC_0\n|raw|ksbdk's rating: 1071 → 1046<\/strong> (-25 for losing)\n|raw|MJ_VGC_0's rating: 1000 → 1048<\/strong> (+48 for winning)\n|l|\u2606ksbdk\n|c|\u2606MJ_VGC_0|gg\n","uploadtime":1683726642,"views":12,"p1id":"ksbdk","p2id":"mjvgc0","formatid":"gen9vgc2023regulationc","rating":1046,"private":0,"password":""}