{"id":"gen9vgc2023regulationc-1863311822","p1":"oojclops","p2":"sawadaburner","format":"[Gen 9] VGC 2023 Regulation C","log":"|j|\u2606oojclops\n|j|\u2606sawadaburner\n|t:|1684001099\n|gametype|doubles\n|player|p1|oojclops|rocketgruntf|1123\n|player|p2|sawadaburner|hilbert|1054\n|teamsize|p1|6\n|teamsize|p2|6\n|gen|9\n|tier|[Gen 9] VGC 2023 Regulation C\n|rated|\n|rule|Species Clause: Limit one of each Pok\u00e9mon\n|rule|Item Clause: Limit one of each item\n|clearpoke\n|poke|p1|Arcanine, L50, M|\n|poke|p1|Flutter Mane, L50|\n|poke|p1|Kingambit, L50, F|\n|poke|p1|Gothitelle, L50, F|\n|poke|p1|Maushold, L50|\n|poke|p1|Breloom, L50, M|\n|poke|p2|Palafin, L50, F|\n|poke|p2|Scream Tail, L50|\n|poke|p2|Gothitelle, L50, M|\n|poke|p2|Torkoal, L50, M|\n|poke|p2|Ting-Lu, L50|\n|poke|p2|Talonflame, L50, F|\n|teampreview|4\n|inactive|Battle timer is ON: inactive players will automatically lose when time's up. (requested by oojclops)\nsawadaburner has agreed to open team sheets.\n|\n|t:|1684001125\n|start\n|switch|p1a: Flutter Mane|Flutter Mane, L50|100\/100\n|switch|p1b: Breloom|Breloom, L50, M|100\/100\n|switch|p2a: Palafin|Palafin, L50, F|100\/100\n|switch|p2b: Scream Tail|Scream Tail, L50|100\/100\n|-enditem|p1a: Flutter Mane|Booster Energy\n|-activate|p1a: Flutter Mane|ability: Protosynthesis|[fromitem]\n|-start|p1a: Flutter Mane|protosynthesisspe\n|turn|1\n|inactive|sawadaburner has 30 seconds left.\n|inactive|sawadaburner has 20 seconds left.\n|inactive|sawadaburner has 15 seconds left.\n|\n|t:|1684001170\n|detailschange|p2a: Palafin|Palafin-Hero, L50, F\n|switch|p2a: Gothitelle|Gothitelle, L50, M|100\/100\n|move|p2b: Scream Tail|Protect|p2b: Scream Tail\n|-singleturn|p2b: Scream Tail|Protect\n|move|p1a: Flutter Mane|Substitute|p1a: Flutter Mane\n|-start|p1a: Flutter Mane|Substitute\n|-damage|p1a: Flutter Mane|75\/100\n|move|p1b: Breloom|Spore|p2a: Gothitelle\n|-status|p2a: Gothitelle|slp|[from] move: Spore\n|\n|upkeep\n|turn|2\n|\n|t:|1684001181\n|cant|p2a: Gothitelle|slp\n|move|p1a: Flutter Mane|Icy Wind|p2b: Scream Tail|[spread] p2a,p2b\n|-damage|p2a: Gothitelle|93\/100 slp\n|-damage|p2b: Scream Tail|92\/100\n|-unboost|p2a: Gothitelle|spe|1\n|-unboost|p2b: Scream Tail|spe|1\n|move|p2b: Scream Tail|Perish Song|p2b: Scream Tail\n|-start|p1a: Flutter Mane|perish3|[silent]\n|-start|p1b: Breloom|perish3|[silent]\n|-start|p2a: Gothitelle|perish3|[silent]\n|-start|p2b: Scream Tail|perish3|[silent]\n|-fieldactivate|move: Perish Song\n|move|p1b: Breloom|Spore|p2b: Scream Tail\n|-status|p2b: Scream Tail|slp|[from] move: Spore\n|\n|-start|p1a: Flutter Mane|perish3\n|-start|p2b: Scream Tail|perish3\n|-start|p1b: Breloom|perish3\n|-start|p2a: Gothitelle|perish3\n|upkeep\n|turn|3\n|inactive|oojclops has 30 seconds left.\n|\n|t:|1684001216\n|-end|p1a: Flutter Mane|Protosynthesis|[silent]\n|switch|p1a: Gothitelle|Gothitelle, L50, F|100\/100\n|cant|p2b: Scream Tail|slp\n|cant|p2a: Gothitelle|slp\n|move|p1b: Breloom|Bullet Seed|p2a: Gothitelle\n|-damage|p2a: Gothitelle|69\/100 slp\n|-damage|p2a: Gothitelle|45\/100 slp\n|-hitcount|p2a: Gothitelle|2\n|\n|-start|p2b: Scream Tail|perish2\n|-start|p1b: Breloom|perish2\n|-start|p2a: Gothitelle|perish2\n|upkeep\n|turn|4\n|inactive|oojclops has 30 seconds left.\n|\n|t:|1684001247\n|-curestatus|p2a: Gothitelle|slp|[msg]\n|move|p2a: Gothitelle|Protect|p2a: Gothitelle\n|-singleturn|p2a: Gothitelle|Protect\n|move|p1a: Gothitelle|Fake Out|p2a: Gothitelle\n|-activate|p2a: Gothitelle|move: Protect\n|-curestatus|p2b: Scream Tail|slp|[msg]\n|move|p2b: Scream Tail|Play Rough|p1b: Breloom\n|-supereffective|p1b: Breloom\n|-damage|p1b: Breloom|38\/100\n|move|p1b: Breloom|Bullet Seed|p2a: Gothitelle\n|-activate|p2a: Gothitelle|move: Protect\n|\n|-start|p2b: Scream Tail|perish1\n|-start|p1b: Breloom|perish1\n|-start|p2a: Gothitelle|perish1\n|upkeep\n|turn|5\n|inactive|oojclops has 30 seconds left.\n|inactive|sawadaburner has 30 seconds left.\n|c|\u2606sawadaburner|lol\n|inactive|sawadaburner has 20 seconds left.\n|inactive|sawadaburner has 15 seconds left.\n|\n|t:|1684001291\n|move|p2b: Scream Tail|Disable|p1b: Breloom\n|-start|p1b: Breloom|Disable|Bullet Seed\n|move|p1b: Breloom|Spore|p2a: Gothitelle\n|-status|p2a: Gothitelle|slp|[from] move: Spore\n|move|p1a: Gothitelle|Psychic|p2a: Gothitelle\n|-resisted|p2a: Gothitelle\n|-damage|p2a: Gothitelle|35\/100 slp\n|cant|p2a: Gothitelle|slp\n|\n|-start|p2b: Scream Tail|perish0\n|-start|p1b: Breloom|perish0\n|-start|p2a: Gothitelle|perish0\n|upkeep\n|faint|p2b: Scream Tail\n|-end|p2b: Scream Tail|Protosynthesis|[silent]\n|faint|p1b: Breloom\n|faint|p2a: Gothitelle\n|\n|t:|1684001305\n|switch|p2b: Best Boi|Torkoal, L50, M|100\/100\n|switch|p1b: Arcanine|Arcanine, L50, M|100\/100\n|switch|p2a: Palafin|Palafin-Hero, L50, F|100\/100\n|-activate|p2a: Palafin|ability: Zero to Hero\n|-ability|p1b: Arcanine|Intimidate|boost\n|-unboost|p2a: Palafin|atk|1\n|-unboost|p2b: Best Boi|atk|1\n|-weather|SunnyDay|[from] ability: Drought|[of] p2b: Best Boi\n|turn|6\n|\n|t:|1684001318\n|-terastallize|p2a: Palafin|Dragon\n|move|p2a: Palafin|Outrage|p1b: Arcanine\n|-damage|p1b: Arcanine|59\/100\n|move|p1b: Arcanine|Will-O-Wisp|p2a: Palafin\n|-status|p2a: Palafin|brn\n|-enditem|p2a: Palafin|Lum Berry|[eat]\n|-curestatus|p2a: Palafin|brn|[msg]\n|move|p1a: Gothitelle|Psychic|p2b: Best Boi\n|-damage|p2b: Best Boi|60\/100\n|move|p2b: Best Boi|Yawn|p1b: Arcanine\n|-start|p1b: Arcanine|move: Yawn|[of] p2b: Best Boi\n|\n|-weather|SunnyDay|[upkeep]\n|upkeep\n|turn|7\n|\n|t:|1684001330\n|switch|p1b: Flutter Mane|Flutter Mane, L50|75\/100\n|-activate|p1b: Flutter Mane|ability: Protosynthesis\n|-start|p1b: Flutter Mane|protosynthesisspe\n|move|p2a: Palafin|Outrage|p1a: Gothitelle|[from]lockedmove\n|-damage|p1a: Gothitelle|54\/100\n|move|p1a: Gothitelle|Psychic|p2b: Best Boi\n|-damage|p2b: Best Boi|17\/100\n|move|p2b: Best Boi|Fire Spin|p1a: Gothitelle\n|-damage|p1a: Gothitelle|42\/100\n|-activate|p1a: Gothitelle|move: Fire Spin|[of] p2b: Best Boi\n|\n|-weather|SunnyDay|[upkeep]\n|-damage|p1a: Gothitelle|29\/100|[from] move: Fire Spin|[partiallytrapped]\n|upkeep\n|turn|8\n|\n|t:|1684001348\n|move|p2b: Best Boi|Protect|p2b: Best Boi\n|-singleturn|p2b: Best Boi|Protect\n|move|p1b: Flutter Mane|Moonblast|p2a: Palafin\n|-supereffective|p2a: Palafin\n|-damage|p2a: Palafin|14\/100\n|-unboost|p2a: Palafin|spa|1\n|move|p2a: Palafin|Outrage|p1b: Flutter Mane|[from]lockedmove\n|-immune|p1b: Flutter Mane\n|-start|p2a: Palafin|confusion|[fatigue]\n|move|p1a: Gothitelle|Psychic|p2b: Best Boi\n|-activate|p2b: Best Boi|move: Protect\n|\n|-weather|SunnyDay|[upkeep]\n|-damage|p1a: Gothitelle|17\/100|[from] move: Fire Spin|[partiallytrapped]\n|upkeep\n|turn|9\n|c|\u2606oojclops|Ggs\n|\n|t:|1684001372\n|-activate|p2a: Palafin|confusion\n|move|p2a: Palafin|Jet Punch|p1b: Flutter Mane\n|-damage|p1b: Flutter Mane|61\/100\n|move|p1b: Flutter Mane|Moonblast|p2a: Palafin\n|-supereffective|p2a: Palafin\n|-damage|p2a: Palafin|0 fnt\n|faint|p2a: Palafin\n|move|p1a: Gothitelle|Psychic|p2b: Best Boi\n|-damage|p2b: Best Boi|0 fnt\n|faint|p2b: Best Boi\n|\n|win|oojclops\n|raw|oojclops's rating: 1123 → 1143<\/strong> (+20 for winning)\n|raw|sawadaburner's rating: 1054 → 1039<\/strong> (-15 for losing)\n|l|\u2606sawadaburner\n","uploadtime":1684001384,"views":4,"p1id":"oojclops","p2id":"sawadaburner","formatid":"gen9vgc2023regulationc","rating":1039,"private":0,"password":""}