{"id":"gen9vgc2023regulationc-1855090507","p1":"Clicky-Clacky","p2":"xxKlb7xx","format":"[Gen 9] VGC 2023 Regulation C","log":"|j|\u2606Clicky-Clacky\n|j|\u2606xxKlb7xx\n|t:|1682900107\n|gametype|doubles\n|player|p1|Clicky-Clacky|170|1017\n|player|p2|xxKlb7xx|ghetsis|1092\n|teamsize|p1|6\n|teamsize|p2|6\n|gen|9\n|tier|[Gen 9] VGC 2023 Regulation C\n|rated|\n|rule|Species Clause: Limit one of each Pok\u00e9mon\n|rule|Item Clause: Limit one of each item\n|clearpoke\n|poke|p1|Torkoal, L50, M|\n|poke|p1|Jumpluff, L50, F|\n|poke|p1|Flutter Mane, L50|\n|poke|p1|Great Tusk, L50|\n|poke|p1|Chi-Yu, L50|\n|poke|p1|Chien-Pao, L50|\n|poke|p2|Magnezone, L50|\n|poke|p2|Sableye, L50, M|\n|poke|p2|Sandy Shocks, L50|\n|poke|p2|Iron Thorns, L50|\n|poke|p2|Iron Moth, L50|\n|poke|p2|Bronzong, L50|\n|teampreview|4\nClicky-Clacky rejected open team sheets.\n|\n|t:|1682900126\n|start\n|switch|p1a: Torkoal|Torkoal, L50, M|100\/100\n|switch|p1b: Jumpluff|Jumpluff, L50, F|100\/100\n|switch|p2a: Bronzong|Bronzong, L50|100\/100\n|switch|p2b: Sandy Shocks|Sandy Shocks, L50|100\/100\n|-weather|SunnyDay|[from] ability: Drought|[of] p1a: Torkoal\n|-activate|p2b: Sandy Shocks|ability: Protosynthesis\n|-start|p2b: Sandy Shocks|protosynthesisspa\n|turn|1\n|\n|t:|1682900159\n|move|p1b: Jumpluff|Sleep Powder|p2b: Sandy Shocks|[miss]\n|-miss|p1b: Jumpluff|p2b: Sandy Shocks\n|move|p2b: Sandy Shocks|Gravity|p2b: Sandy Shocks\n|-fieldstart|move: Gravity\n|move|p1a: Torkoal|Yawn|p2a: Bronzong\n|-start|p2a: Bronzong|move: Yawn|[of] p1a: Torkoal\n|move|p2a: Bronzong|Hypnosis|p1a: Torkoal\n|-status|p1a: Torkoal|slp|[from] move: Hypnosis\n|\n|-weather|SunnyDay|[upkeep]\n|upkeep\n|turn|2\n|\n|t:|1682900219\n|switch|p1a: Chi-Yu|Chi-Yu, L50|100\/100\n|-ability|p1a: Chi-Yu|Beads of Ruin\n|move|p1b: Jumpluff|Sleep Powder|p2b: Sandy Shocks\n|-status|p2b: Sandy Shocks|slp|[from] move: Sleep Powder\n|cant|p2b: Sandy Shocks|slp\n|move|p2a: Bronzong|Hypnosis|p1b: Jumpluff\n|-status|p1b: Jumpluff|slp|[from] move: Hypnosis\n|\n|-weather|SunnyDay|[upkeep]\n|-end|p2a: Bronzong|move: Yawn|[silent]\n|-status|p2a: Bronzong|slp\n|upkeep\n|turn|3\n|\n|t:|1682900241\n|switch|p1b: Flutter Mane|Flutter Mane, L50|100\/100\n|-activate|p1b: Flutter Mane|ability: Protosynthesis\n|-start|p1b: Flutter Mane|protosynthesisspe\n|-end|p2b: Sandy Shocks|Protosynthesis|[silent]\n|switch|p2b: Iron Thorns|Iron Thorns, L50|100\/100\n|switch|p2a: Iron Moth|Iron Moth, L50|100\/100\n|move|p1a: Chi-Yu|Heat Wave|p2b: Iron Thorns|[spread] p2a,p2b\n|-resisted|p2a: Iron Moth\n|-resisted|p2b: Iron Thorns\n|-damage|p2a: Iron Moth|46\/100\n|-damage|p2b: Iron Thorns|56\/100\n|-damage|p1a: Chi-Yu|90\/100|[from] item: Life Orb\n|\n|-weather|SunnyDay|[upkeep]\n|upkeep\n|turn|4\n|\n|t:|1682900261\n|-terastallize|p2a: Iron Moth|Fire\n|move|p1b: Flutter Mane|Dazzling Gleam|p2a: Iron Moth|[spread] p2a,p2b\n|-resisted|p2a: Iron Moth\n|-damage|p2a: Iron Moth|13\/100\n|-damage|p2b: Iron Thorns|0 fnt\n|faint|p2b: Iron Thorns\n|-end|p2b: Iron Thorns|Quark Drive|[silent]\n|move|p2a: Iron Moth|Heat Wave|p1b: Flutter Mane|[spread] p1a,p1b\n|-resisted|p1a: Chi-Yu\n|-damage|p1a: Chi-Yu|20\/100\n|-damage|p1b: Flutter Mane|0 fnt\n|faint|p1b: Flutter Mane\n|-end|p1b: Flutter Mane|Protosynthesis|[silent]\n|move|p1a: Chi-Yu|Heat Wave|p2a: Iron Moth\n|-resisted|p2a: Iron Moth\n|-damage|p2a: Iron Moth|0 fnt\n|faint|p2a: Iron Moth\n|-end|p2a: Iron Moth|Quark Drive|[silent]\n|-damage|p1a: Chi-Yu|10\/100|[from] item: Life Orb\n|\n|-weather|SunnyDay|[upkeep]\n|upkeep\n|\n|t:|1682900277\n|switch|p1b: Torkoal|Torkoal, L50, M|100\/100 slp\n|switch|p2a: Bronzong|Bronzong, L50|100\/100 slp\n|switch|p2b: Sandy Shocks|Sandy Shocks, L50|100\/100 slp\n|-activate|p2b: Sandy Shocks|ability: Protosynthesis\n|-start|p2b: Sandy Shocks|protosynthesisspa\n|turn|5\n|\n|t:|1682900297\n|cant|p1b: Torkoal|slp\n|move|p1a: Chi-Yu|Heat Wave|p2a: Bronzong|[spread] p2a,p2b\n|-supereffective|p2a: Bronzong\n|-enditem|p2a: Bronzong|Occa Berry|[eat]\n|-enditem|p2a: Bronzong|Occa Berry|[weaken]\n|-damage|p2a: Bronzong|31\/100 slp\n|-damage|p2b: Sandy Shocks|0 fnt\n|faint|p2b: Sandy Shocks\n|-end|p2b: Sandy Shocks|Protosynthesis|[silent]\n|-damage|p1a: Chi-Yu|0 fnt|[from] item: Life Orb\n|faint|p1a: Chi-Yu\n|cant|p2a: Bronzong|slp\n|\n|-weather|none\n|-fieldend|move: Gravity\n|upkeep\n|\n|t:|1682900309\n|switch|p1a: Jumpluff|Jumpluff, L50, F|100\/100 slp\n|turn|6\n|-message|xxKlb7xx forfeited.\n|\n|win|Clicky-Clacky\n|raw|Clicky-Clacky's rating: 1017 → 1062<\/strong> (+45 for winning)\n|raw|xxKlb7xx's rating: 1092 → 1063<\/strong> (-29 for losing)\n|l|\u2606xxKlb7xx\n","uploadtime":1682900323,"views":3,"p1id":"clickyclacky","p2id":"xxklb7xx","formatid":"gen9vgc2023regulationc","rating":1062,"private":0,"password":""}