{"id":"gen9vgc2023regulationc-1848150060","p1":"nsfwgg","p2":"XL Twin Mattress","format":"[Gen 9] VGC 2023 Regulation C","log":"|j|\u2606nsfwgg\n|j|\u2606XL Twin Mattress\n|t:|1682035577\n|gametype|doubles\n|player|p1|nsfwgg|dawn|1133\n|player|p2|XL Twin Mattress|lance-masters|1180\n|teamsize|p1|6\n|teamsize|p2|6\n|gen|9\n|tier|[Gen 9] VGC 2023 Regulation C\n|rated|\n|rule|Species Clause: Limit one of each Pok\u00e9mon\n|rule|Item Clause: Limit one of each item\n|clearpoke\n|poke|p1|Orthworm, L50, F|\n|poke|p1|Garchomp, L50, M|\n|poke|p1|Dragonite, L50, F|\n|poke|p1|Glimmora, L50, F|\n|poke|p1|Chien-Pao, L50|\n|poke|p1|Flutter Mane, L50|\n|poke|p2|Baxcalibur, L50, F|\n|poke|p2|Meowscarada, L50, F|\n|poke|p2|Chi-Yu, L50|\n|poke|p2|Flutter Mane, L50|\n|poke|p2|Gyarados, L50, M|\n|poke|p2|Corviknight, L50, M|\n|teampreview|4\nnsfwgg has agreed to open team sheets.\nXL Twin Mattress has agreed to open team sheets.\n|inactive|Battle timer is ON: inactive players will automatically lose when time's up. (requested by nsfwgg)\n|\n|t:|1682035627\n|start\n|switch|p1a: Garchomp|Garchomp, L50, M|100\/100\n|switch|p1b: Chien-Pao|Chien-Pao, L50|100\/100\n|switch|p2a: Meowscarada|Meowscarada, L50, F|100\/100\n|switch|p2b: Corviknight|Corviknight, L50, M|100\/100\n|-ability|p1b: Chien-Pao|Sword of Ruin\n|turn|1\n|inactive|nsfwgg has 30 seconds left.\n|inactive|nsfwgg has 20 seconds left.\n|inactive|XL Twin Mattress has 30 seconds left.\n|inactive|nsfwgg has 15 seconds left.\n|inactive|nsfwgg has 10 seconds left.\n|inactive|nsfwgg has 5 seconds left.\n|\n|t:|1682035691\n|switch|p2a: Gyarados|Gyarados, L50, M|100\/100\n|-ability|p2a: Gyarados|Intimidate|boost\n|-unboost|p1a: Garchomp|atk|1\n|-unboost|p1b: Chien-Pao|atk|1\n|move|p1a: Garchomp|Rock Slide|p2b: Corviknight|[spread] p2a\n|-miss|p1a: Garchomp|p2b: Corviknight\n|-supereffective|p2a: Gyarados\n|-damage|p2a: Gyarados|67\/100\n|move|p1b: Chien-Pao|Ice Spinner|p2a: Gyarados\n|-damage|p2a: Gyarados|37\/100\n|-enditem|p2a: Gyarados|Sitrus Berry|[eat]\n|-heal|p2a: Gyarados|61\/100|[from] item: Sitrus Berry\n|move|p2b: Corviknight|Tailwind|p2b: Corviknight\n|-sidestart|p2: XL Twin Mattress|move: Tailwind\n|\n|upkeep\n|turn|2\n|inactive|nsfwgg has 30 seconds left.\n|inactive|XL Twin Mattress has 30 seconds left.\n|inactive|nsfwgg has 20 seconds left.\n|inactive|XL Twin Mattress has 20 seconds left.\n|inactive|nsfwgg has 15 seconds left.\n|inactive|XL Twin Mattress has 15 seconds left.\n|inactive|nsfwgg has 10 seconds left.\n|inactive|nsfwgg has 5 seconds left.\n|\n|t:|1682035746\n|-terastallize|p2a: Gyarados|Steel\n|move|p1a: Garchomp|Rock Slide|p2b: Corviknight|[spread] p2a,p2b\n|-resisted|p2a: Gyarados\n|-damage|p2a: Gyarados|54\/100\n|-damage|p2b: Corviknight|85\/100\n|cant|p2a: Gyarados|flinch\n|move|p1b: Chien-Pao|Ice Spinner|p2b: Corviknight\n|-damage|p2b: Corviknight|59\/100\n|move|p2b: Corviknight|Brave Bird|p1b: Chien-Pao\n|-damage|p1b: Chien-Pao|37\/100\n|-damage|p2b: Corviknight|43\/100|[from] Recoil\n|\n|upkeep\n|turn|3\n|inactive|nsfwgg has 30 seconds left.\n|\n|t:|1682035778\n|move|p1a: Garchomp|Rock Slide|p2b: Corviknight|[spread] p2a,p2b\n|-resisted|p2a: Gyarados\n|-damage|p2a: Gyarados|47\/100\n|-damage|p2b: Corviknight|29\/100\n|cant|p2a: Gyarados|flinch\n|move|p1b: Chien-Pao|Ice Spinner|p2b: Corviknight\n|-damage|p2b: Corviknight|3\/100\n|move|p2b: Corviknight|Roost|p2b: Corviknight\n|-heal|p2b: Corviknight|53\/100\n|-singleturn|p2b: Corviknight|move: Roost\n|\n|upkeep\n|turn|4\n|\n|t:|1682035802\n|move|p1a: Garchomp|Rock Slide|p2b: Corviknight|[spread] p2a,p2b\n|-resisted|p2a: Gyarados\n|-crit|p2a: Gyarados\n|-damage|p2a: Gyarados|27\/100\n|-damage|p2b: Corviknight|39\/100\n|cant|p2a: Gyarados|flinch\n|move|p1b: Chien-Pao|Ice Spinner|p2b: Corviknight\n|-damage|p2b: Corviknight|10\/100\n|move|p2b: Corviknight|Roost|p2b: Corviknight\n|-heal|p2b: Corviknight|60\/100\n|-singleturn|p2b: Corviknight|move: Roost\n|\n|-sideend|p2: XL Twin Mattress|move: Tailwind\n|upkeep\n|turn|5\n|inactive|nsfwgg has 30 seconds left.\n|inactive|XL Twin Mattress has 30 seconds left.\n|inactive|nsfwgg has 20 seconds left.\n|\n|t:|1682035838\n|switch|p1b: Flutter Mane|Flutter Mane, L50|100\/100\n|switch|p2a: Meowscarada|Meowscarada, L50, F|100\/100\n|move|p1a: Garchomp|Rock Slide|p2a: Meowscarada|[spread] p2a,p2b\n|-damage|p2a: Meowscarada|79\/100\n|-damage|p2b: Corviknight|49\/100\n|cant|p2b: Corviknight|flinch\n|\n|upkeep\n|turn|6\n|inactive|nsfwgg has 30 seconds left.\n|inactive|nsfwgg has 20 seconds left.\n|inactive|nsfwgg has 15 seconds left.\n|inactive|nsfwgg has 10 seconds left.\n|\n|t:|1682035887\n|-terastallize|p1b: Flutter Mane|Fairy\n|move|p1a: Garchomp|Rock Slide|p2b: Corviknight|[spread] p2b\n|-miss|p1a: Garchomp|p2a: Meowscarada\n|-damage|p2b: Corviknight|39\/100\n|move|p2a: Meowscarada|Knock Off|p1a: Garchomp\n|-damage|p1a: Garchomp|54\/100\n|-damage|p2a: Meowscarada|67\/100|[from] ability: Rough Skin|[of] p1a: Garchomp\n|-enditem|p1a: Garchomp|Choice Scarf|[from] move: Knock Off|[of] p2a: Meowscarada\n|move|p1b: Flutter Mane|Dazzling Gleam|p2a: Meowscarada|[spread] p2a,p2b\n|-supereffective|p2a: Meowscarada\n|-resisted|p2b: Corviknight\n|-damage|p2a: Meowscarada|0 fnt\n|-damage|p2b: Corviknight|14\/100\n|faint|p2a: Meowscarada\n|-damage|p1b: Flutter Mane|91\/100|[from] item: Life Orb\n|cant|p2b: Corviknight|flinch\n|\n|upkeep\n|\n|t:|1682035903\n|switch|p2a: BaaaWhAANG|Baxcalibur, L50, F|100\/100\n|turn|7\n|inactive|XL Twin Mattress has 30 seconds left.\n|\n|t:|1682035932\n|move|p2a: BaaaWhAANG|Ice Shard|p1a: Garchomp\n|-supereffective|p1a: Garchomp\n|-damage|p1a: Garchomp|0 fnt\n|faint|p1a: Garchomp\n|move|p1b: Flutter Mane|Moonblast|p2a: BaaaWhAANG\n|-supereffective|p2a: BaaaWhAANG\n|-damage|p2a: BaaaWhAANG|0 fnt\n|faint|p2a: BaaaWhAANG\n|-damage|p1b: Flutter Mane|82\/100|[from] item: Life Orb\n|move|p2b: Corviknight|Tailwind|p2b: Corviknight\n|-sidestart|p2: XL Twin Mattress|move: Tailwind\n|\n|upkeep\n|\n|t:|1682035954\n|switch|p1a: Orthworm|Orthworm, L50, F|100\/100\n|switch|p2a: Gyarados|Gyarados, L50, M, tera:Steel|27\/100\n|-ability|p2a: Gyarados|Intimidate|boost\n|-unboost|p1a: Orthworm|atk|1\n|-unboost|p1b: Flutter Mane|atk|1\n|turn|8\n|\n|t:|1682035976\n|move|p2a: Gyarados|Iron Head|p1b: Flutter Mane\n|-supereffective|p1b: Flutter Mane\n|-damage|p1b: Flutter Mane|0 fnt\n|faint|p1b: Flutter Mane\n|-end|p1b: Flutter Mane|Protosynthesis|[silent]\n|move|p2b: Corviknight|Roost|p2b: Corviknight\n|-heal|p2b: Corviknight|64\/100\n|-singleturn|p2b: Corviknight|move: Roost\n|move|p1a: Orthworm|Iron Defense|p1a: Orthworm\n|-boost|p1a: Orthworm|def|2\n|\n|upkeep\n|\n|t:|1682035986\n|switch|p1b: Chien-Pao|Chien-Pao, L50|37\/100\n|-ability|p1b: Chien-Pao|Sword of Ruin\n|turn|9\n|\n|t:|1682036011\n|move|p1b: Chien-Pao|Sucker Punch||[still]\n|-fail|p1b: Chien-Pao\n|move|p2a: Gyarados|Taunt|p1a: Orthworm\n|-start|p1a: Orthworm|move: Taunt\n|move|p2b: Corviknight|Body Press|p1b: Chien-Pao\n|-supereffective|p1b: Chien-Pao\n|-damage|p1b: Chien-Pao|0 fnt\n|faint|p1b: Chien-Pao\n|cant|p1a: Orthworm|move: Taunt|Iron Defense\n|\n|upkeep\n|turn|10\n|\n|t:|1682036031\n|move|p2a: Gyarados|Waterfall|p1a: Orthworm\n|-damage|p1a: Orthworm|88\/100\n|move|p2b: Corviknight|Body Press|p1a: Orthworm\n|-supereffective|p1a: Orthworm\n|-damage|p1a: Orthworm|73\/100\n|move|p1a: Orthworm|Body Press|p2a: Gyarados\n|-supereffective|p2a: Gyarados\n|-damage|p2a: Gyarados|0 fnt\n|faint|p2a: Gyarados\n|\n|-heal|p1a: Orthworm|79\/100|[from] item: Leftovers\n|-sideend|p2: XL Twin Mattress|move: Tailwind\n|upkeep\n|turn|11\n|\n|t:|1682036049\n|move|p2b: Corviknight|Body Press|p1a: Orthworm\n|-supereffective|p1a: Orthworm\n|-damage|p1a: Orthworm|65\/100\n|move|p1a: Orthworm|Body Press|p2b: Corviknight\n|-damage|p2b: Corviknight|16\/100\n|\n|-heal|p1a: Orthworm|71\/100|[from] item: Leftovers\n|-end|p1a: Orthworm|move: Taunt\n|upkeep\n|turn|12\n|\n|t:|1682036073\n|move|p2b: Corviknight|Body Press|p1a: Orthworm\n|-supereffective|p1a: Orthworm\n|-damage|p1a: Orthworm|58\/100\n|move|p1a: Orthworm|Iron Defense|p1a: Orthworm\n|-boost|p1a: Orthworm|def|2\n|\n|-heal|p1a: Orthworm|65\/100|[from] item: Leftovers\n|upkeep\n|turn|13\n|-message|XL Twin Mattress forfeited.\n|\n|win|nsfwgg\n|raw|nsfwgg's rating: 1133 → 1163<\/strong> (+30 for winning)\n|raw|XL Twin Mattress's rating: 1204 → 1174<\/strong> (-30 for losing)\n","uploadtime":1682036094,"views":4,"p1id":"nsfwgg","p2id":"xltwinmattress","formatid":"gen9vgc2023regulationc","rating":1163,"private":0,"password":""}