{"id":"gen9vgc2023regulationc-1857914487","p1":"LunaT909","p2":"Dryslide","format":"[Gen 9] VGC 2023 Regulation C","log":"|j|\u2606LunaT909\n|j|\u2606Dryslide\n|t:|1683246720\n|gametype|doubles\n|player|p1|LunaT909|caitlin|1320\n|player|p2|Dryslide|170|1217\n|teamsize|p1|6\n|teamsize|p2|6\n|gen|9\n|tier|[Gen 9] VGC 2023 Regulation C\n|rated|\n|rule|Species Clause: Limit one of each Pok\u00e9mon\n|rule|Item Clause: Limit one of each item\n|clearpoke\n|poke|p1|Garganacl, L50, M|\n|poke|p1|Ting-Lu, L50|\n|poke|p1|Arcanine, L50, F|\n|poke|p1|Wo-Chien, L50|\n|poke|p1|Amoonguss, L50, M|\n|poke|p1|Flutter Mane, L50|\n|poke|p2|Chi-Yu, L50|\n|poke|p2|Flutter Mane, L50|\n|poke|p2|Iron Bundle, L50|\n|poke|p2|Annihilape, L50, M|\n|poke|p2|Maushold-Four, L50|\n|poke|p2|Dragonite, L50, M|\n|teampreview|4\n|inactive|Battle timer is ON: inactive players will automatically lose when time's up. (requested by LunaT909)\n|inactive|Dryslide has 60 seconds left.\n|inactive|Dryslide has 30 seconds left.\n|\n|t:|1683246785\n|start\n|switch|p1a: Flutter Mane|Flutter Mane, L50|100\/100\n|switch|p1b: Garganacl|Garganacl, L50, M|100\/100\n|switch|p2a: Iron Bundle|Iron Bundle, L50|100\/100\n|switch|p2b: Chi-Yu|Chi-Yu, L50|100\/100\n|-ability|p2b: Chi-Yu|Beads of Ruin\n|-enditem|p2a: Iron Bundle|Booster Energy\n|-activate|p2a: Iron Bundle|ability: Quark Drive|[fromitem]\n|-start|p2a: Iron Bundle|quarkdrivespe\n|turn|1\n|inactive|LunaT909 has 30 seconds left.\n|\n|t:|1683246818\n|-terastallize|p1a: Flutter Mane|Fairy\n|move|p2a: Iron Bundle|Icy Wind|p1b: Garganacl|[spread] p1a,p1b\n|-damage|p1a: Flutter Mane|78\/100\n|-damage|p1b: Garganacl|82\/100\n|-unboost|p1a: Flutter Mane|spe|1\n|-unboost|p1b: Garganacl|spe|1\n|move|p2b: Chi-Yu|Heat Wave|p1a: Flutter Mane|[spread] p1a,p1b\n|-crit|p1a: Flutter Mane\n|-resisted|p1b: Garganacl\n|-damage|p1a: Flutter Mane|0 fnt\n|-damage|p1b: Garganacl|59\/100\n|faint|p1a: Flutter Mane\n|-end|p1a: Flutter Mane|Protosynthesis|[silent]\n|-damage|p2b: Chi-Yu|90\/100|[from] item: Life Orb\n|move|p1b: Garganacl|Salt Cure|p2b: Chi-Yu\n|-supereffective|p2b: Chi-Yu\n|-damage|p2b: Chi-Yu|44\/100\n|-start|p2b: Chi-Yu|Salt Cure\n|\n|-heal|p1b: Garganacl|65\/100|[from] item: Leftovers\n|-damage|p2b: Chi-Yu|32\/100|[from] Salt Cure\n|upkeep\n|\n|t:|1683246825\n|switch|p1a: Ting-Lu|Ting-Lu, L50|100\/100\n|-ability|p1a: Ting-Lu|Vessel of Ruin\n|turn|2\n|inactive|Dryslide has 30 seconds left.\n|\n|t:|1683246852\n|move|p2a: Iron Bundle|Freeze-Dry|p1a: Ting-Lu\n|-supereffective|p1a: Ting-Lu\n|-damage|p1a: Ting-Lu|70\/100\n|move|p2b: Chi-Yu|Heat Wave|p1a: Ting-Lu|[spread] p1a,p1b\n|-resisted|p1b: Garganacl\n|-damage|p1a: Ting-Lu|47\/100\n|-damage|p1b: Garganacl|50\/100\n|-status|p1a: Ting-Lu|brn\n|-damage|p2b: Chi-Yu|22\/100|[from] item: Life Orb\n|move|p1a: Ting-Lu|Ruination|p2a: Iron Bundle\n|-damage|p2a: Iron Bundle|51\/100\n|move|p1b: Garganacl|Salt Cure|p2a: Iron Bundle\n|-supereffective|p2a: Iron Bundle\n|-damage|p2a: Iron Bundle|14\/100\n|-start|p2a: Iron Bundle|Salt Cure\n|\n|-heal|p1b: Garganacl|56\/100|[from] item: Leftovers\n|-damage|p1a: Ting-Lu|41\/100 brn|[from] brn\n|-damage|p2a: Iron Bundle|0 fnt|[from] Salt Cure\n|faint|p2a: Iron Bundle\n|-end|p2a: Iron Bundle|Quark Drive|[silent]\n|-damage|p2b: Chi-Yu|10\/100|[from] Salt Cure\n|upkeep\n|\n|t:|1683246870\n|switch|p2a: Annihilape|Annihilape, L50, M|100\/100\n|turn|3\n|\n|t:|1683246881\n|move|p2a: Annihilape|Protect|p2a: Annihilape\n|-singleturn|p2a: Annihilape|Protect\n|move|p1b: Garganacl|Protect|p1b: Garganacl\n|-singleturn|p1b: Garganacl|Protect\n|move|p2b: Chi-Yu|Heat Wave|p1b: Garganacl|[spread] \n|-activate|p1b: Garganacl|move: Protect\n|-miss|p2b: Chi-Yu|p1a: Ting-Lu\n|move|p1a: Ting-Lu|Fissure|p2a: Annihilape\n|-activate|p2a: Annihilape|move: Protect\n|\n|-heal|p1b: Garganacl|61\/100|[from] item: Leftovers\n|-damage|p1a: Ting-Lu|35\/100 brn|[from] brn\n|-damage|p2b: Chi-Yu|0 fnt|[from] Salt Cure\n|faint|p2b: Chi-Yu\n|upkeep\n|\n|t:|1683246885\n|switch|p2b: Maushold|Maushold-Four, L50|100\/100\n|turn|4\n|inactive|Dryslide has 30 seconds left.\n|inactive|Dryslide has 20 seconds left.\n|inactive|Dryslide has 15 seconds left.\n|inactive|Dryslide has 10 seconds left.\n|\n|t:|1683246930\n|switch|p1a: Wo-Chien|Wo-Chien, L50|100\/100\n|-ability|p1a: Wo-Chien|Tablets of Ruin\n|move|p2b: Maushold|Beat Up|p2a: Annihilape\n|-damage|p2a: Annihilape|99\/100\n|-damage|p2a: Annihilape|97\/100\n|-hitcount|p2a: Annihilape|2\n|move|p2a: Annihilape|Rage Fist|p1b: Garganacl\n|-damage|p1b: Garganacl|44\/100\n|move|p1b: Garganacl|Salt Cure|p2a: Annihilape\n|-resisted|p2a: Annihilape\n|-damage|p2a: Annihilape|93\/100\n|-start|p2a: Annihilape|Salt Cure\n|\n|-heal|p2a: Annihilape|99\/100|[from] item: Leftovers\n|-heal|p1b: Garganacl|50\/100|[from] item: Leftovers\n|-damage|p2a: Annihilape|87\/100|[from] Salt Cure\n|upkeep\n|turn|5\n|inactive|Dryslide has 30 seconds left.\n|\n|t:|1683246962\n|-terastallize|p2a: Annihilape|Fire\n|move|p2b: Maushold|Super Fang|p1a: Wo-Chien\n|-damage|p1a: Wo-Chien|50\/100\n|move|p2a: Annihilape|Drain Punch|p1a: Wo-Chien\n|-supereffective|p1a: Wo-Chien\n|-damage|p1a: Wo-Chien|0 fnt\n|-heal|p2a: Annihilape|100\/100|[from] drain|[of] p1a: Wo-Chien\n|faint|p1a: Wo-Chien\n|move|p1b: Garganacl|Recover|p1b: Garganacl\n|-heal|p1b: Garganacl|99\/100\n|\n|-heal|p1b: Garganacl|100\/100|[from] item: Leftovers\n|-damage|p2a: Annihilape|88\/100|[from] Salt Cure\n|upkeep\n|\n|t:|1683246971\n|switch|p1a: Ting-Lu|Ting-Lu, L50|35\/100 brn\n|-ability|p1a: Ting-Lu|Vessel of Ruin\n|turn|6\n|\n|t:|1683246985\n|move|p2b: Maushold|Super Fang|p1a: Ting-Lu\n|-damage|p1a: Ting-Lu|18\/100 brn\n|move|p2a: Annihilape|Drain Punch|p1a: Ting-Lu\n|-supereffective|p1a: Ting-Lu\n|-damage|p1a: Ting-Lu|0 fnt\n|-heal|p2a: Annihilape|98\/100|[from] drain|[of] p1a: Ting-Lu\n|faint|p1a: Ting-Lu\n|move|p1b: Garganacl|Salt Cure|p2b: Maushold\n|-damage|p2b: Maushold|82\/100\n|-start|p2b: Maushold|Salt Cure\n|\n|-heal|p2a: Annihilape|100\/100|[from] item: Leftovers\n|-damage|p2b: Maushold|69\/100|[from] Salt Cure\n|-damage|p2a: Annihilape|88\/100|[from] Salt Cure\n|upkeep\n|turn|7\n|\n|t:|1683246999\n|move|p2b: Maushold|Super Fang|p1b: Garganacl|[miss]\n|-miss|p2b: Maushold|p1b: Garganacl\n|move|p2a: Annihilape|Bulk Up|p2a: Annihilape\n|-boost|p2a: Annihilape|atk|1\n|-boost|p2a: Annihilape|def|1\n|move|p1b: Garganacl|Substitute|p1b: Garganacl\n|-start|p1b: Garganacl|Substitute\n|-damage|p1b: Garganacl|76\/100\n|\n|-heal|p2a: Annihilape|94\/100|[from] item: Leftovers\n|-heal|p1b: Garganacl|82\/100|[from] item: Leftovers\n|-damage|p2b: Maushold|57\/100|[from] Salt Cure\n|-damage|p2a: Annihilape|82\/100|[from] Salt Cure\n|upkeep\n|turn|8\n|\n|t:|1683247010\n|move|p1b: Garganacl|Protect|p1b: Garganacl\n|-singleturn|p1b: Garganacl|Protect\n|move|p2b: Maushold|Super Fang|p1b: Garganacl\n|-activate|p1b: Garganacl|move: Protect\n|move|p2a: Annihilape|Bulk Up|p2a: Annihilape\n|-boost|p2a: Annihilape|atk|1\n|-boost|p2a: Annihilape|def|1\n|\n|-heal|p2a: Annihilape|88\/100|[from] item: Leftovers\n|-heal|p1b: Garganacl|87\/100|[from] item: Leftovers\n|-damage|p2b: Maushold|45\/100|[from] Salt Cure\n|-damage|p2a: Annihilape|75\/100|[from] Salt Cure\n|upkeep\n|turn|9\n|\n|t:|1683247023\n|move|p2b: Maushold|Super Fang|p1b: Garganacl\n|-end|p1b: Garganacl|Substitute\n|move|p2a: Annihilape|Drain Punch|p1b: Garganacl\n|-supereffective|p1b: Garganacl\n|-damage|p1b: Garganacl|0 fnt\n|-heal|p2a: Annihilape|100\/100|[from] drain|[of] p1b: Garganacl\n|faint|p1b: Garganacl\n|\n|win|Dryslide\n|raw|LunaT909's rating: 1320 → 1294<\/strong> (-26 for losing)\n|raw|Dryslide's rating: 1217 → 1249<\/strong> (+32 for winning)\n|l|\u2606LunaT909\n|l|\u2606Dryslide\n|j|\u2606Dryslide\n|player|p2|Dryslide|170\n","uploadtime":1683247036,"views":9,"p1id":"lunat909","p2id":"dryslide","formatid":"gen9vgc2023regulationc","rating":1249,"private":0,"password":""}