{"id":"gen9vgc2023regulationc-1859123272","p1":"jcgualde2","p2":"titahornofresco","format":"[Gen 9] VGC 2023 Regulation C","log":"|j|\u2606jcgualde2\n|j|\u2606titahornofresco\n|t:|1683407225\n|gametype|doubles\n|player|p1|jcgualde2|102|\n|player|p2|titahornofresco|unknown|\n|teamsize|p1|6\n|teamsize|p2|6\n|gen|9\n|tier|[Gen 9] VGC 2023 Regulation C\n|rule|Species Clause: Limit one of each Pok\u00e9mon\n|rule|Item Clause: Limit one of each item\n|clearpoke\n|poke|p1|Glimmora, L50, F|\n|poke|p1|Wo-Chien, L50|\n|poke|p1|Palafin, L50, F|\n|poke|p1|Iron Jugulis, L50|\n|poke|p1|Great Tusk, L50|\n|poke|p1|Arcanine, L50, F|\n|poke|p2|Staraptor, L50, M|\n|poke|p2|Farigiraf, L50, M|\n|poke|p2|Palafin, L50, M|\n|poke|p2|Ting-Lu, L50|\n|poke|p2|Amoonguss, L50, M|\n|poke|p2|Iron Hands, L50|\n|teampreview|4\njcgualde2 has agreed to open team sheets.\ntitahornofresco has agreed to open team sheets.\n|\n|t:|1683407282\n|start\n|switch|p1a: Iron Jugulis|Iron Jugulis, L50|100\/100\n|switch|p1b: Great Tusk|Great Tusk, L50|100\/100\n|switch|p2a: Palafin|Palafin, L50, M|100\/100\n|switch|p2b: Farigiraf|Farigiraf, L50, M|100\/100\n|-enditem|p1a: Iron Jugulis|Booster Energy\n|-activate|p1a: Iron Jugulis|ability: Quark Drive|[fromitem]\n|-start|p1a: Iron Jugulis|quarkdrivespe\n|turn|1\n|inactive|Battle timer is ON: inactive players will automatically lose when time's up. (requested by jcgualde2)\n|inactive|jcgualde2 has 60 seconds left.\n|\n|t:|1683407319\n|-terastallize|p1b: Great Tusk|Ground\n|move|p2b: Farigiraf|Protect|p2b: Farigiraf\n|-singleturn|p2b: Farigiraf|Protect\n|move|p1a: Iron Jugulis|Snarl|p2b: Farigiraf|[spread] p2a\n|-activate|p2b: Farigiraf|move: Protect\n|-damage|p2a: Palafin|78\/100\n|-unboost|p2a: Palafin|spa|1\n|move|p1b: Great Tusk|Earthquake|p2a: Palafin|[spread] p2a\n|-activate|p2b: Farigiraf|move: Protect\n|-immune|p1a: Iron Jugulis\n|-damage|p2a: Palafin|0 fnt\n|faint|p2a: Palafin\n|\n|upkeep\n|\n|t:|1683407331\n|switch|p2a: Iron Hands|Iron Hands, L50, shiny|100\/100\n|turn|2\n|\n|t:|1683407341\n|move|p2a: Iron Hands|Fake Out|p1b: Great Tusk\n|-damage|p1b: Great Tusk|87\/100\n|move|p1a: Iron Jugulis|Air Slash|p2b: Farigiraf\n|-damage|p2b: Farigiraf|74\/100\n|cant|p1b: Great Tusk|flinch\n|move|p2b: Farigiraf|Trick Room|p2b: Farigiraf\n|-fieldstart|move: Trick Room|[of] p2b: Farigiraf\n|\n|upkeep\n|turn|3\n|inactive|titahornofresco has 30 seconds left.\n|\n|t:|1683407369\n|-end|p1b: Great Tusk|Protosynthesis|[silent]\n|switch|p1b: Arcanine|Arcanine, L50, F|100\/100\n|-ability|p1b: Arcanine|Intimidate|boost\n|-unboost|p2a: Iron Hands|atk|1\n|-unboost|p2b: Farigiraf|atk|1\n|move|p2a: Iron Hands|Drain Punch|p1b: Arcanine\n|-damage|p1b: Arcanine|68\/100\n|move|p2b: Farigiraf|Psychic|p1b: Arcanine\n|-damage|p1b: Arcanine|33\/100\n|move|p1a: Iron Jugulis|Snarl|p2b: Farigiraf|[spread] p2a,p2b\n|-resisted|p2a: Iron Hands\n|-crit|p2a: Iron Hands\n|-supereffective|p2b: Farigiraf\n|-damage|p2a: Iron Hands|93\/100\n|-damage|p2b: Farigiraf|45\/100\n|-unboost|p2a: Iron Hands|spa|1\n|-unboost|p2b: Farigiraf|spa|1\n|\n|upkeep\n|turn|4\n|inactive|jcgualde2 has 30 seconds left.\n|inactive|titahornofresco has 30 seconds left.\n|inactive|jcgualde2 has 20 seconds left.\n|\n|t:|1683407407\n|switch|p2b: Amoonguss|Amoonguss, L50, M|100\/100\n|move|p1b: Arcanine|Protect|p1b: Arcanine\n|-singleturn|p1b: Arcanine|Protect\n|move|p2a: Iron Hands|Wild Charge|p1b: Arcanine\n|-activate|p1b: Arcanine|move: Protect\n|move|p1a: Iron Jugulis|Snarl|p2b: Amoonguss|[spread] p2a,p2b\n|-resisted|p2a: Iron Hands\n|-damage|p2a: Iron Hands|88\/100\n|-damage|p2b: Amoonguss|86\/100\n|-unboost|p2a: Iron Hands|spa|1\n|-unboost|p2b: Amoonguss|spa|1\n|\n|upkeep\n|turn|5\n|inactive|titahornofresco has 30 seconds left.\n|\n|t:|1683407433\n|-end|p1a: Iron Jugulis|Quark Drive|[silent]\n|switch|p1a: Wo-Chien|Wo-Chien, L50|100\/100\n|-ability|p1a: Wo-Chien|Tablets of Ruin\n|move|p2b: Amoonguss|Pollen Puff|p1a: Wo-Chien\n|-supereffective|p1a: Wo-Chien\n|-damage|p1a: Wo-Chien|69\/100\n|move|p2a: Iron Hands|Drain Punch|p1a: Wo-Chien\n|-supereffective|p1a: Wo-Chien\n|-damage|p1a: Wo-Chien|32\/100\n|-heal|p2a: Iron Hands|100\/100|[from] drain|[of] p1a: Wo-Chien\n|move|p1b: Arcanine|Flare Blitz|p2b: Amoonguss\n|-supereffective|p2b: Amoonguss\n|-damage|p2b: Amoonguss|30\/100\n|-enditem|p2b: Amoonguss|Sitrus Berry|[eat]\n|-heal|p2b: Amoonguss|55\/100|[from] item: Sitrus Berry\n|-damage|p1b: Arcanine|13\/100|[from] Recoil\n|\n|-heal|p1a: Wo-Chien|38\/100|[from] item: Leftovers\n|upkeep\n|turn|6\n|inactive|jcgualde2 has 30 seconds left.\n|inactive|titahornofresco has 30 seconds left.\n|inactive|titahornofresco has 20 seconds left.\n|inactive|titahornofresco has 15 seconds left.\n|inactive|titahornofresco has 10 seconds left.\n|inactive|titahornofresco has 5 seconds left.\n|\n|t:|1683407484\n|switch|p1a: Iron Jugulis|Iron Jugulis, L50|100\/100\n|switch|p1b: Great Tusk|Great Tusk, L50, tera:Ground|87\/100\n|move|p2b: Amoonguss|Pollen Puff|p1a: Iron Jugulis\n|-damage|p1a: Iron Jugulis|86\/100\n|move|p2a: Iron Hands|Drain Punch|p1b: Great Tusk\n|-damage|p1b: Great Tusk|65\/100\n|\n|-fieldend|move: Trick Room\n|upkeep\n|turn|7\n|inactive|titahornofresco has 30 seconds left.\n|inactive|titahornofresco has 20 seconds left.\n|inactive|titahornofresco has 15 seconds left.\n|inactive|titahornofresco has 10 seconds left.\n|inactive|titahornofresco has 5 seconds left.\n|\n|t:|1683407537\n|-terastallize|p2a: Iron Hands|Grass\n|move|p1a: Iron Jugulis|Air Slash|p2a: Iron Hands\n|-supereffective|p2a: Iron Hands\n|-damage|p2a: Iron Hands|65\/100\n|move|p1b: Great Tusk|Earthquake|p2b: Amoonguss|[spread] p2a,p2b\n|-immune|p1a: Iron Jugulis\n|-resisted|p2a: Iron Hands\n|-damage|p2a: Iron Hands|39\/100\n|-damage|p2b: Amoonguss|0 fnt\n|faint|p2b: Amoonguss\n|cant|p2a: Iron Hands|flinch\n|\n|upkeep\n|\n|t:|1683407547\n|switch|p2b: Farigiraf|Farigiraf, L50, M|45\/100\n|turn|8\n|c|\u2606jcgualde2|ggs\n|c|\u2606jcgualde2|sorry ese flinch\n|\n|t:|1683407565\n|move|p1a: Iron Jugulis|Air Slash|p2a: Iron Hands\n|-supereffective|p2a: Iron Hands\n|-damage|p2a: Iron Hands|5\/100\n|move|p1b: Great Tusk|Earthquake|p2b: Farigiraf|[spread] p2a,p2b\n|-immune|p1a: Iron Jugulis\n|-resisted|p2a: Iron Hands\n|-damage|p2a: Iron Hands|0 fnt\n|-damage|p2b: Farigiraf|0 fnt\n|faint|p2a: Iron Hands\n|-end|p2a: Iron Hands|Quark Drive|[silent]\n|faint|p2b: Farigiraf\n|\n|win|jcgualde2\n|l|\u2606titahornofresco\n","uploadtime":1683407657,"views":17,"p1id":"jcgualde2","p2id":"titahornofresco","formatid":"gen9vgc2023regulationc","rating":0,"private":0,"password":""}