{"id":"gen9vgc2023regulationc-1863299750","p1":"schmokeapancake","p2":"revocolombia","format":"[Gen 9] VGC 2023 Regulation C","log":"|j|\u2606schmokeapancake\n|j|\u2606revocolombia\n|t:|1683999628\n|gametype|doubles\n|player|p1|schmokeapancake|red-gen2|1315\n|player|p2|revocolombia|pokemonranger-gen4|1209\n|teamsize|p1|6\n|teamsize|p2|6\n|gen|9\n|tier|[Gen 9] VGC 2023 Regulation C\n|rated|\n|rule|Species Clause: Limit one of each Pok\u00e9mon\n|rule|Item Clause: Limit one of each item\n|clearpoke\n|poke|p1|Tyranitar, L50, F|\n|poke|p1|Gholdengo, L50|\n|poke|p1|Amoonguss, L50, F|\n|poke|p1|Dragonite, L50, M|\n|poke|p1|Great Tusk, L50|\n|poke|p1|Iron Bundle, L50|\n|poke|p2|Flutter Mane, L50|\n|poke|p2|Annihilape, L50, F|\n|poke|p2|Dragonite, L50, F|\n|poke|p2|Chien-Pao, L50|\n|poke|p2|Murkrow, L50, M|\n|poke|p2|Gholdengo, L50|\n|teampreview|4\n|inactive|Battle timer is ON: inactive players will automatically lose when time's up. (requested by schmokeapancake)\n|\n|t:|1683999656\n|start\n|switch|p1a: Translucent|Gholdengo, L50|100\/100\n|switch|p1b: Iron Bundle|Iron Bundle, L50|100\/100\n|switch|p2a: Annihilape|Annihilape, L50, F|100\/100\n|switch|p2b: Murkrow|Murkrow, L50, M|100\/100\n|-enditem|p1b: Iron Bundle|Booster Energy\n|-activate|p1b: Iron Bundle|ability: Quark Drive|[fromitem]\n|-start|p1b: Iron Bundle|quarkdrivespe\n|turn|1\n|inactive|schmokeapancake has 30 seconds left.\n|inactive|revocolombia has 30 seconds left.\n|inactive|schmokeapancake has 20 seconds left.\n|inactive|schmokeapancake has 15 seconds left.\n|inactive|schmokeapancake has 10 seconds left.\n|inactive|schmokeapancake has 5 seconds left.\n|\n|t:|1683999709\n|-terastallize|p2a: Annihilape|Fire\n|move|p1b: Iron Bundle|Protect|p1b: Iron Bundle\n|-singleturn|p1b: Iron Bundle|Protect\n|move|p2b: Murkrow|Tailwind|p2b: Murkrow\n|-sidestart|p2: revocolombia|move: Tailwind\n|move|p2a: Annihilape|Bulk Up|p2a: Annihilape\n|-boost|p2a: Annihilape|atk|1\n|-boost|p2a: Annihilape|def|1\n|move|p1a: Translucent|Shadow Ball|p2a: Annihilape\n|-damage|p2a: Annihilape|55\/100\n|-damage|p1a: Translucent|91\/100|[from] item: Life Orb\n|\n|-heal|p2a: Annihilape|62\/100|[from] item: Leftovers\n|upkeep\n|turn|2\n|inactive|revocolombia has 30 seconds left.\n|\n|t:|1683999736\n|switch|p2b: Flutter Mane|Flutter Mane, L50|100\/100\n|-enditem|p2b: Flutter Mane|Booster Energy\n|-activate|p2b: Flutter Mane|ability: Protosynthesis|[fromitem]\n|-start|p2b: Flutter Mane|protosynthesisspe\n|-terastallize|p1b: Iron Bundle|Ghost\n|move|p2a: Annihilape|Protect|p2a: Annihilape\n|-singleturn|p2a: Annihilape|Protect\n|move|p1a: Translucent|Protect|p1a: Translucent\n|-singleturn|p1a: Translucent|Protect\n|move|p1b: Iron Bundle|Hydro Pump|p2a: Annihilape\n|-activate|p2a: Annihilape|move: Protect\n|\n|-heal|p2a: Annihilape|68\/100|[from] item: Leftovers\n|upkeep\n|turn|3\n|inactive|schmokeapancake has 30 seconds left.\n|\n|t:|1683999761\n|move|p1b: Iron Bundle|Protect|p1b: Iron Bundle\n|-singleturn|p1b: Iron Bundle|Protect\n|move|p2b: Flutter Mane|Shadow Ball|p1b: Iron Bundle\n|-activate|p1b: Iron Bundle|move: Protect\n|move|p2a: Annihilape|Rage Fist|p1a: Translucent\n|-supereffective|p1a: Translucent\n|-damage|p1a: Translucent|0 fnt\n|faint|p1a: Translucent\n|\n|-heal|p2a: Annihilape|74\/100|[from] item: Leftovers\n|upkeep\n|\n|t:|1683999782\n|switch|p1a: Great Tusk|Great Tusk, L50|100\/100\n|turn|4\n|\n|t:|1683999801\n|move|p2b: Flutter Mane|Shadow Ball|p1b: Iron Bundle\n|-supereffective|p1b: Iron Bundle\n|-damage|p1b: Iron Bundle|0 fnt\n|faint|p1b: Iron Bundle\n|-end|p1b: Iron Bundle|Quark Drive|[silent]\n|move|p2a: Annihilape|Rage Fist|p1a: Great Tusk\n|-damage|p1a: Great Tusk|49\/100\n|move|p1a: Great Tusk|Earthquake|p2b: Flutter Mane|[spread] p2a,p2b\n|-supereffective|p2a: Annihilape\n|-damage|p2a: Annihilape|18\/100\n|-damage|p2b: Flutter Mane|29\/100\n|\n|-heal|p2a: Annihilape|25\/100|[from] item: Leftovers\n|-sideend|p2: revocolombia|move: Tailwind\n|upkeep\n|\n|t:|1683999813\n|switch|p1b: Kimiko|Amoonguss, L50, F|100\/100\n|turn|5\n|-message|schmokeapancake forfeited.\n|\n|win|revocolombia\n|raw|schmokeapancake's rating: 1315 → 1289<\/strong> (-26 for losing)\n|raw|revocolombia's rating: 1209 → 1241<\/strong> (+32 for winning)\n|l|\u2606schmokeapancake\n","uploadtime":1683999821,"views":1,"p1id":"schmokeapancake","p2id":"revocolombia","formatid":"gen9vgc2023regulationc","rating":1241,"private":0,"password":""}