{"id":"gen9vgc2023regulationc-1858605891","p1":"NessSo","p2":"ELFEGONx","format":"[Gen 9] VGC 2023 Regulation C","log":"|j|\u2606NessSo\n|j|\u2606ELFEGONx\n|t:|1683331284\n|gametype|doubles\n|player|p1|NessSo|linebacker|1159\n|player|p2|ELFEGONx|265|1094\n|teamsize|p1|6\n|teamsize|p2|6\n|gen|9\n|tier|[Gen 9] VGC 2023 Regulation C\n|rated|\n|rule|Species Clause: Limit one of each Pok\u00e9mon\n|rule|Item Clause: Limit one of each item\n|clearpoke\n|poke|p1|Torkoal, L50, M|\n|poke|p1|Indeedee-F, L50, F|\n|poke|p1|Armarouge, L50, M|\n|poke|p1|Iron Thorns, L50|\n|poke|p1|Quaquaval, L50, M|\n|poke|p1|Brute Bonnet, L50|\n|poke|p2|Flutter Mane, L50|\n|poke|p2|Chi-Yu, L50|\n|poke|p2|Baxcalibur, L50, M|\n|poke|p2|Amoonguss, L50, F|\n|poke|p2|Indeedee-F, L50, F|\n|poke|p2|Palafin, L50, F|\n|teampreview|4\n|inactive|Battle timer is ON: inactive players will automatically lose when time's up. (requested by NessSo)\nNessSo has agreed to open team sheets.\n|inactive|ELFEGONx has 60 seconds left.\n|\n|t:|1683331326\n|start\n|switch|p1a: Indeedee|Indeedee-F, L50, F|100\/100\n|switch|p1b: Armarouge|Armarouge, L50, M|100\/100\n|switch|p2a: Chi-Yu|Chi-Yu, L50|100\/100\n|switch|p2b: Palafin|Palafin, L50, F|100\/100\n|-ability|p2a: Chi-Yu|Beads of Ruin\n|-fieldstart|move: Psychic Terrain|[from] ability: Psychic Surge|[of] p1a: Indeedee\n|-enditem|p1a: Indeedee|Psychic Seed\n|-boost|p1a: Indeedee|spd|1|[from] item: Psychic Seed\n|turn|1\n|\n|t:|1683331348\n|detailschange|p2b: Palafin|Palafin-Hero, L50, F\n|switch|p2b: Indeedee|Indeedee-F, L50, F|100\/100\n|-enditem|p2b: Indeedee|Psychic Seed\n|-boost|p2b: Indeedee|spd|1|[from] item: Psychic Seed\n|move|p1a: Indeedee|Follow Me|p1a: Indeedee\n|-singleturn|p1a: Indeedee|move: Follow Me\n|move|p2a: Chi-Yu|Snarl|p1a: Indeedee|[spread] p1a,p1b\n|-supereffective|p1a: Indeedee\n|-supereffective|p1b: Armarouge\n|-damage|p1a: Indeedee|66\/100\n|-damage|p1b: Armarouge|17\/100\n|-unboost|p1a: Indeedee|spa|1\n|move|p1b: Armarouge|Trick Room|p1b: Armarouge\n|-fieldstart|move: Trick Room|[of] p1b: Armarouge\n|\n|upkeep\n|turn|2\n|\n|t:|1683331373\n|switch|p1b: Iron Thorns|Iron Thorns, L50|100\/100\n|-enditem|p1b: Iron Thorns|Booster Energy\n|-activate|p1b: Iron Thorns|ability: Quark Drive|[fromitem]\n|-start|p1b: Iron Thorns|quarkdriveatk\n|move|p1a: Indeedee|Protect|p1a: Indeedee\n|-singleturn|p1a: Indeedee|Protect\n|move|p2b: Indeedee|Follow Me|p2b: Indeedee\n|-singleturn|p2b: Indeedee|move: Follow Me\n|move|p2a: Chi-Yu|Snarl|p1b: Iron Thorns|[spread] p1b\n|-activate|p1a: Indeedee|move: Protect\n|-damage|p1b: Iron Thorns|61\/100\n|-unboost|p1b: Iron Thorns|spa|1\n|\n|upkeep\n|turn|3\n|inactive|ELFEGONx has 30 seconds left.\n|\n|t:|1683331398\n|switch|p2a: Amoonguss|Amoonguss, L50, F|100\/100\n|move|p1a: Indeedee|Follow Me|p1a: Indeedee\n|-singleturn|p1a: Indeedee|move: Follow Me\n|move|p1b: Iron Thorns|Crunch|p2b: Indeedee\n|-supereffective|p2b: Indeedee\n|-damage|p2b: Indeedee|0 fnt\n|faint|p2b: Indeedee\n|\n|upkeep\n|\n|t:|1683331416\n|switch|p2b: Palafin|Palafin-Hero, L50, F|100\/100\n|-activate|p2b: Palafin|ability: Zero to Hero\n|turn|4\n|\n|t:|1683331430\n|move|p2a: Amoonguss|Rage Powder|p2a: Amoonguss\n|-singleturn|p2a: Amoonguss|move: Rage Powder\n|move|p1a: Indeedee|Follow Me|p1a: Indeedee\n|-singleturn|p1a: Indeedee|move: Follow Me\n|move|p1b: Iron Thorns|Crunch|p2a: Amoonguss\n|-damage|p2a: Amoonguss|67\/100\n|-damage|p1b: Iron Thorns|44\/100|[from] item: Rocky Helmet|[of] p2a: Amoonguss\n|move|p2b: Palafin|Wave Crash|p1a: Indeedee\n|-damage|p1a: Indeedee|0 fnt\n|faint|p1a: Indeedee\n|-damage|p2b: Palafin|82\/100|[from] Recoil\n|\n|upkeep\n|\n|t:|1683331433\n|switch|p1a: Torkoal|Torkoal, L50, M|100\/100\n|-weather|SunnyDay|[from] ability: Drought|[of] p1a: Torkoal\n|turn|5\n|inactive|ELFEGONx has 30 seconds left.\n|\n|t:|1683331465\n|-terastallize|p1a: Torkoal|Fire\n|-terastallize|p2b: Palafin|Water\n|move|p2a: Amoonguss|Rage Powder|p2a: Amoonguss\n|-singleturn|p2a: Amoonguss|move: Rage Powder\n|move|p1a: Torkoal|Eruption|p2a: Amoonguss|[spread] p2a,p2b\n|-supereffective|p2a: Amoonguss\n|-resisted|p2b: Palafin\n|-damage|p2a: Amoonguss|0 fnt\n|-damage|p2b: Palafin|0 fnt\n|faint|p2a: Amoonguss\n|faint|p2b: Palafin\n|move|p1b: Iron Thorns|Thunder Punch|p2: Amoonguss|[notarget]\n|-fail|p1b: Iron Thorns\n|\n|-weather|SunnyDay|[upkeep]\n|-fieldend|move: Trick Room\n|-fieldend|move: Psychic Terrain\n|upkeep\n|\n|t:|1683331483\n|switch|p2b: Chi-Yu|Chi-Yu, L50|100\/100\n|-ability|p2b: Chi-Yu|Beads of Ruin\n|turn|6\n|\n|t:|1683331508\n|switch|p1a: Armarouge|Armarouge, L50, M|17\/100\n|move|p2b: Chi-Yu|Dark Pulse|p1b: Iron Thorns\n|-damage|p1b: Iron Thorns|0 fnt\n|faint|p1b: Iron Thorns\n|-end|p1b: Iron Thorns|Quark Drive|[silent]\n|\n|-weather|SunnyDay|[upkeep]\n|upkeep\n|\n|t:|1683331512\n|switch|p1b: Torkoal|Torkoal, L50, M, tera:Fire|100\/100\n|turn|7\n|\n|t:|1683331529\n|move|p1a: Armarouge|Protect|p1a: Armarouge\n|-singleturn|p1a: Armarouge|Protect\n|move|p2b: Chi-Yu|Dark Pulse|p1b: Torkoal\n|-damage|p1b: Torkoal|23\/100\n|cant|p1b: Torkoal|flinch\n|\n|-weather|SunnyDay|[upkeep]\n|upkeep\n|turn|8\n|c|\u2606NessSo|lol\n|\n|t:|1683331540\n|move|p2b: Chi-Yu|Dark Pulse|p1a: Armarouge\n|-supereffective|p1a: Armarouge\n|-damage|p1a: Armarouge|0 fnt\n|faint|p1a: Armarouge\n|move|p1b: Torkoal|Flamethrower|p2b: Chi-Yu\n|-resisted|p2b: Chi-Yu\n|-damage|p2b: Chi-Yu|36\/100\n|\n|-weather|SunnyDay|[upkeep]\n|upkeep\n|turn|9\n|c|\u2606NessSo|yah\n|c|\u2606NessSo|ok\n|c|\u2606NessSo|luck gos hard\n|inactive|NessSo has 30 seconds left.\n|\n|t:|1683331567\n|move|p2b: Chi-Yu|Dark Pulse|p1b: Torkoal\n|-damage|p1b: Torkoal|0 fnt\n|faint|p1b: Torkoal\n|\n|win|ELFEGONx\n|raw|NessSo's rating: 1159 → 1129<\/strong> (-30 for losing)\n|raw|ELFEGONx's rating: 1094 → 1125<\/strong> (+31 for winning)\n","uploadtime":1683331574,"views":11,"p1id":"nessso","p2id":"elfegonx","formatid":"gen9vgc2023regulationc","rating":1125,"private":0,"password":""}