{"id":"gen9vgc2023regulationc-1851726956","p1":"CambodianDriftGod","p2":"m3dv3d","format":"[Gen 9] VGC 2023 Regulation C","log":"|j|\u2606CambodianDriftGod\n|j|\u2606m3dv3d\n|t:|1682474864\n|gametype|doubles\n|player|p1|CambodianDriftGod|2|1000\n|player|p2|m3dv3d|266|1026\n|teamsize|p1|6\n|teamsize|p2|6\n|gen|9\n|tier|[Gen 9] VGC 2023 Regulation C\n|rated|\n|rule|Species Clause: Limit one of each Pok\u00e9mon\n|rule|Item Clause: Limit one of each item\n|clearpoke\n|poke|p1|Dondozo, L50, F|\n|poke|p1|Tatsugiri, L50, F|\n|poke|p1|Arcanine, L50, F|\n|poke|p1|Amoonguss, L50, M|\n|poke|p1|Gholdengo, L50|\n|poke|p1|Ting-Lu, L50|\n|poke|p2|Eiscue, L50, F|\n|poke|p2|Maushold, L50|\n|poke|p2|Flamigo, L50, M|\n|poke|p2|Ting-Lu, L50|\n|poke|p2|Annihilape, L50, M|\n|poke|p2|Gholdengo, L50|\n|teampreview|4\n|\n|t:|1682474892\n|start\n|switch|p1a: Dondozo|Dondozo, L50, F, shiny|100\/100\n|switch|p1b: Gholdengo|Gholdengo, L50|100\/100\n|switch|p2a: Eiscue|Eiscue, L50, F|100\/100\n|switch|p2b: Maushold|Maushold, L50|100\/100\n|turn|1\n|\n|t:|1682474910\n|move|p2b: Maushold|Follow Me|p2b: Maushold\n|-singleturn|p2b: Maushold|move: Follow Me\n|move|p1b: Gholdengo|Dazzling Gleam|p2b: Maushold|[spread] p2a,p2b\n|-damage|p2a: Eiscue|74\/100\n|-damage|p2b: Maushold|67\/100\n|move|p2a: Eiscue|Belly Drum|p2a: Eiscue\n|-damage|p2a: Eiscue|24\/100\n|-setboost|p2a: Eiscue|atk|6|[from] move: Belly Drum\n|-enditem|p2a: Eiscue|Sitrus Berry|[eat]\n|-heal|p2a: Eiscue|49\/100|[from] item: Sitrus Berry\n|move|p1a: Dondozo|Wave Crash|p2b: Maushold\n|-damage|p2b: Maushold|14\/100\n|-damage|p1a: Dondozo|88\/100|[from] Recoil\n|\n|upkeep\n|turn|2\n|\n|t:|1682474946\n|switch|p1b: Tatsugiri|Tatsugiri, L50, F|100\/100\n|-activate|p1b: Tatsugiri|ability: Commander|[of] p1a: Dondozo\n|-boost|p1a: Dondozo|atk|2\n|-boost|p1a: Dondozo|spa|2\n|-boost|p1a: Dondozo|spe|2\n|-boost|p1a: Dondozo|def|2\n|-boost|p1a: Dondozo|spd|2\n|-terastallize|p2a: Eiscue|Electric\n|-terastallize|p1a: Dondozo|Grass\n|move|p2b: Maushold|Follow Me|p2b: Maushold\n|-singleturn|p2b: Maushold|move: Follow Me\n|move|p1a: Dondozo|Order Up|p2b: Maushold\n|-damage|p2b: Maushold|0 fnt\n|faint|p2b: Maushold\n|-boost|p1a: Dondozo|atk|1\n|move|p2a: Eiscue|Tera Blast|p1a: Dondozo\n|-resisted|p1a: Dondozo\n|-damage|p1a: Dondozo|70\/100\n|\n|upkeep\n|\n|t:|1682474978\n|switch|p2b: Flamigo|Flamigo, L50, M|100\/100\n|-copyboost|p2b: Flamigo|p2a: Eiscue|[from] ability: Costar\n|turn|3\n|\n|t:|1682474987\n|move|p2b: Flamigo|Protect|p2b: Flamigo\n|-singleturn|p2b: Flamigo|Protect\n|move|p1a: Dondozo|Earthquake|p2b: Flamigo|[spread] p2a\n|-miss|p1a: Dondozo|p1b: Tatsugiri\n|-activate|p2b: Flamigo|move: Protect\n|-activate|p2a: Eiscue|ability: Ice Face\n|-damage|p2a: Eiscue|49\/100\n|detailschange|p2a: Eiscue|Eiscue-Noice, L50, F, tera:Electric\n|move|p2a: Eiscue|Ice Spinner|p1a: Dondozo\n|-supereffective|p1a: Dondozo\n|-damage|p1a: Dondozo|0 fnt\n|faint|p1a: Dondozo\n|\n|upkeep\n|\n|t:|1682475006\n|switch|p1a: Arcanine|Arcanine, L50, F|100\/100\n|-ability|p1a: Arcanine|Intimidate|boost\n|-unboost|p2a: Eiscue|atk|1\n|-unboost|p2b: Flamigo|atk|1\n|turn|4\n|\n|t:|1682475031\n|move|p1b: Tatsugiri|Protect|p1b: Tatsugiri\n|-singleturn|p1b: Tatsugiri|Protect\n|move|p2a: Eiscue|Tera Blast|p1b: Tatsugiri\n|-activate|p1b: Tatsugiri|move: Protect\n|move|p1a: Arcanine|Fire Fang|p2b: Flamigo\n|-damage|p2b: Flamigo|41\/100\n|move|p2b: Flamigo|Close Combat|p1a: Arcanine\n|-damage|p1a: Arcanine|0 fnt\n|-unboost|p2b: Flamigo|def|1\n|-unboost|p2b: Flamigo|spd|1\n|faint|p1a: Arcanine\n|\n|upkeep\n|\n|t:|1682475046\n|switch|p1a: Gholdengo|Gholdengo, L50|100\/100\n|turn|5\n|\n|t:|1682475064\n|move|p2a: Eiscue|Tera Blast|p1b: Tatsugiri\n|-enditem|p1b: Tatsugiri|Focus Sash\n|-damage|p1b: Tatsugiri|1\/100\n|move|p1a: Gholdengo|Make It Rain|p2b: Flamigo|[spread] p2a,p2b\n|-resisted|p2a: Eiscue\n|-damage|p2a: Eiscue|0 fnt\n|-damage|p2b: Flamigo|0 fnt\n|-unboost|p1a: Gholdengo|spa|1\n|faint|p2a: Eiscue\n|faint|p2b: Flamigo\n|move|p1b: Tatsugiri|Counter|p2: Eiscue|[notarget]\n|-fail|p1b: Tatsugiri\n|\n|upkeep\n|\n|t:|1682475078\n|switch|p2a: Annihilape|Annihilape, L50, M|100\/100\n|turn|6\n|\n|t:|1682475094\n|move|p1b: Tatsugiri|Protect|p1b: Tatsugiri\n|-singleturn|p1b: Tatsugiri|Protect\n|move|p2a: Annihilape|Close Combat|p1a: Gholdengo\n|-immune|p1a: Gholdengo\n|move|p1a: Gholdengo|Make It Rain|p2a: Annihilape\n|-damage|p2a: Annihilape|44\/100\n|-unboost|p1a: Gholdengo|spa|1\n|\n|upkeep\n|turn|7\n|\n|t:|1682475113\n|move|p2a: Annihilape|Close Combat|p1b: Tatsugiri\n|-damage|p1b: Tatsugiri|0 fnt\n|-unboost|p2a: Annihilape|def|1\n|-unboost|p2a: Annihilape|spd|1\n|faint|p1b: Tatsugiri\n|move|p1a: Gholdengo|Make It Rain|p2a: Annihilape\n|-damage|p2a: Annihilape|0 fnt\n|-unboost|p1a: Gholdengo|spa|1\n|faint|p2a: Annihilape\n|\n|win|CambodianDriftGod\n|raw|CambodianDriftGod's rating: 1000 → 1043<\/strong> (+43 for winning)\n|raw|m3dv3d's rating: 1026 → 1011<\/strong> (-15 for losing)\n|l|\u2606m3dv3d\n","uploadtime":1682475136,"views":11,"p1id":"cambodiandriftgod","p2id":"m3dv3d","formatid":"gen9vgc2023regulationc","rating":1011,"private":0,"password":""}