{"id":"gen9vgc2023regulationc-1861999266","p1":"qwilfishfan5","p2":"LittleHorseee","format":"[Gen 9] VGC 2023 Regulation C","log":"|j|\u2606qwilfishfan5\n|j|\u2606LittleHorseee\n|t:|1683827621\n|gametype|doubles\n|player|p1|qwilfishfan5|266|1050\n|player|p2|LittleHorseee|zinzolin|1122\n|teamsize|p1|6\n|teamsize|p2|6\n|gen|9\n|tier|[Gen 9] VGC 2023 Regulation C\n|rated|\n|rule|Species Clause: Limit one of each Pok\u00e9mon\n|rule|Item Clause: Limit one of each item\n|clearpoke\n|poke|p1|Flutter Mane, L50|\n|poke|p1|Pyroar, L50, M|\n|poke|p1|Pincurchin, L50, M|\n|poke|p1|Iron Bundle, L50|\n|poke|p1|Iron Hands, L50|\n|poke|p1|Sawsbuck, L50, F|\n|poke|p2|Glimmora, L50, M|\n|poke|p2|Wo-Chien, L50|\n|poke|p2|Gothitelle, L50, F|\n|poke|p2|Flutter Mane, L50|\n|poke|p2|Arcanine, L50, M|\n|poke|p2|Palafin, L50, F|\n|teampreview|4\n|\n|t:|1683827650\n|start\n|switch|p1a: Iron Bundle|Iron Bundle, L50|100\/100\n|switch|p1b: Sawsbuck|Sawsbuck, L50, F|100\/100\n|switch|p2a: Arcanine|Arcanine, L50, M, shiny|100\/100\n|switch|p2b: Glimmora|Glimmora, L50, M|100\/100\n|-ability|p2a: Arcanine|Intimidate|boost\n|-unboost|p1a: Iron Bundle|atk|1\n|-unboost|p1b: Sawsbuck|atk|1\n|turn|1\n|\n|t:|1683827672\n|move|p1b: Sawsbuck|Headbutt|p2a: Arcanine\n|-damage|p2a: Arcanine|79\/100\n|move|p1a: Iron Bundle|Hydro Pump|p2b: Glimmora\n|-supereffective|p2b: Glimmora\n|-damage|p2b: Glimmora|0 fnt\n|faint|p2b: Glimmora\n|move|p2a: Arcanine|Will-O-Wisp|p1b: Sawsbuck\n|-status|p1b: Sawsbuck|brn\n|\n|-damage|p1b: Sawsbuck|95\/100 brn|[from] brn\n|upkeep\n|\n|t:|1683827684\n|switch|p2b: Gothitelle|Gothitelle, L50, F, shiny|100\/100\n|turn|2\n|\n|t:|1683827698\n|move|p2b: Gothitelle|Fake Out|p1a: Iron Bundle\n|-damage|p1a: Iron Bundle|94\/100\n|move|p1b: Sawsbuck|Headbutt|p2b: Gothitelle\n|-damage|p2b: Gothitelle|89\/100\n|cant|p1a: Iron Bundle|flinch\n|move|p2a: Arcanine|Flare Blitz|p1a: Iron Bundle\n|-damage|p1a: Iron Bundle|42\/100\n|-damage|p2a: Arcanine|68\/100|[from] Recoil\n|\n|-damage|p1b: Sawsbuck|89\/100 brn|[from] brn\n|upkeep\n|turn|3\n|\n|t:|1683827715\n|move|p2a: Arcanine|Protect|p2a: Arcanine\n|-singleturn|p2a: Arcanine|Protect\n|move|p1b: Sawsbuck|Headbutt|p2b: Gothitelle\n|-damage|p2b: Gothitelle|78\/100\n|move|p1a: Iron Bundle|Hydro Pump|p2a: Arcanine\n|-activate|p2a: Arcanine|move: Protect\n|move|p2b: Gothitelle|Psychic|p1a: Iron Bundle\n|-damage|p1a: Iron Bundle|0 fnt\n|faint|p1a: Iron Bundle\n|-end|p1a: Iron Bundle|Quark Drive|[silent]\n|\n|-damage|p1b: Sawsbuck|83\/100 brn|[from] brn\n|upkeep\n|\n|t:|1683827731\n|switch|p1a: Flutter Mane|Flutter Mane, L50|100\/100\n|turn|4\n|\n|t:|1683827753\n|-terastallize|p1a: Flutter Mane|Ghost\n|move|p2b: Gothitelle|Protect|p2b: Gothitelle\n|-singleturn|p2b: Gothitelle|Protect\n|move|p1b: Sawsbuck|Headbutt|p2b: Gothitelle\n|-activate|p2b: Gothitelle|move: Protect\n|move|p1a: Flutter Mane|Shadow Ball|p2a: Arcanine\n|-damage|p2a: Arcanine|18\/100\n|-unboost|p2a: Arcanine|spd|1\n|move|p2a: Arcanine|Flare Blitz|p1a: Flutter Mane\n|-enditem|p1a: Flutter Mane|Focus Sash\n|-damage|p1a: Flutter Mane|1\/100\n|-damage|p2a: Arcanine|0 fnt|[from] Recoil\n|faint|p2a: Arcanine\n|\n|-damage|p1b: Sawsbuck|77\/100 brn|[from] brn\n|upkeep\n|\n|t:|1683827771\n|switch|p2a: Flutter Mane|Flutter Mane, L50|100\/100\n|-enditem|p2a: Flutter Mane|Booster Energy\n|-activate|p2a: Flutter Mane|ability: Protosynthesis|[fromitem]\n|-start|p2a: Flutter Mane|protosynthesisspe\n|turn|5\n|\n|t:|1683827786\n|move|p1a: Flutter Mane|Protect|p1a: Flutter Mane\n|-singleturn|p1a: Flutter Mane|Protect\n|move|p2a: Flutter Mane|Moonblast|p1a: Flutter Mane\n|-activate|p1a: Flutter Mane|move: Protect\n|move|p1b: Sawsbuck|Headbutt|p2b: Gothitelle\n|-damage|p2b: Gothitelle|68\/100\n|cant|p2b: Gothitelle|flinch\n|\n|-damage|p1b: Sawsbuck|71\/100 brn|[from] brn\n|upkeep\n|turn|6\n|\n|t:|1683827801\n|-end|p1a: Flutter Mane|Protosynthesis|[silent]\n|switch|p1a: Pincurchin|Pincurchin, L50, M|100\/100\n|-fieldstart|move: Electric Terrain|[from] ability: Electric Surge|[of] p1a: Pincurchin\n|move|p2a: Flutter Mane|Moonblast|p1a: Pincurchin\n|-damage|p1a: Pincurchin|52\/100\n|move|p1b: Sawsbuck|Headbutt|p2b: Gothitelle\n|-damage|p2b: Gothitelle|57\/100\n|cant|p2b: Gothitelle|flinch\n|\n|-damage|p1b: Sawsbuck|66\/100 brn|[from] brn\n|upkeep\n|turn|7\n|\n|t:|1683827830\n|-terastallize|p2a: Flutter Mane|Fairy\n|move|p2a: Flutter Mane|Moonblast|p1b: Sawsbuck\n|-damage|p1b: Sawsbuck|0 fnt\n|faint|p1b: Sawsbuck\n|move|p2b: Gothitelle|Psychic|p1a: Pincurchin\n|-damage|p1a: Pincurchin|16\/100\n|move|p1a: Pincurchin|Wild Charge|p2a: Flutter Mane\n|-damage|p2a: Flutter Mane|0 fnt\n|faint|p2a: Flutter Mane\n|-end|p2a: Flutter Mane|Protosynthesis|[silent]\n|-damage|p1a: Pincurchin|0 fnt|[from] Recoil\n|faint|p1a: Pincurchin\n|\n|upkeep\n|\n|t:|1683827835\n|switch|p1b: Flutter Mane|Flutter Mane, L50, tera:Ghost|1\/100\n|turn|8\n|\n|t:|1683827851\n|move|p2b: Gothitelle|Protect|p2b: Gothitelle\n|-singleturn|p2b: Gothitelle|Protect\n|move|p1b: Flutter Mane|Shadow Ball|p2b: Gothitelle\n|-activate|p2b: Gothitelle|move: Protect\n|\n|upkeep\n|turn|9\n|\n|t:|1683827860\n|move|p1b: Flutter Mane|Shadow Ball|p2b: Gothitelle\n|-supereffective|p2b: Gothitelle\n|-damage|p2b: Gothitelle|0 fnt\n|faint|p2b: Gothitelle\n|\n|win|qwilfishfan5\n|raw|qwilfishfan5's rating: 1050 → 1089<\/strong> (+39 for winning)\n|raw|LittleHorseee's rating: 1122 → 1092<\/strong> (-30 for losing)\n|l|\u2606LittleHorseee\n","uploadtime":1683827870,"views":15,"p1id":"qwilfishfan5","p2id":"littlehorseee","formatid":"gen9vgc2023regulationc","rating":1089,"private":0,"password":""}