{"id":"gen9vgc2023regulationc-1863807615","p1":"The Rollo","p2":"fangeddragon96","format":"[Gen 9] VGC 2023 Regulation C","log":"|j|\u2606The Rollo\n|j|\u2606fangeddragon96\n|t:|1684080203\n|gametype|doubles\n|player|p1|The Rollo|1|\n|player|p2|fangeddragon96|169|\n|teamsize|p1|6\n|teamsize|p2|6\n|gen|9\n|tier|[Gen 9] VGC 2023 Regulation C\n|rule|Species Clause: Limit one of each Pok\u00e9mon\n|rule|Item Clause: Limit one of each item\n|clearpoke\n|poke|p1|Kilowattrel, L50, M|\n|poke|p1|Chien-Pao, L50|\n|poke|p1|Slaking, L50, M|\n|poke|p1|Indeedee-F, L50, F|\n|poke|p1|Iron Valiant, L50|\n|poke|p1|Grafaiai, L50, F|\n|poke|p2|Flutter Mane, L50|\n|poke|p2|Hariyama, L50, M|\n|poke|p2|Torkoal, L50, F|\n|poke|p2|Great Tusk, L50|\n|poke|p2|Jumpluff, L50, F|\n|poke|p2|Barraskewda, L50, F|\n|teampreview|4\n|c|\u2606The Rollo|G2\n|c|\u2606The Rollo|Glhf\n|c|\u2606fangeddragon96|glhf\n|\n|t:|1684080664\n|start\n|switch|p1a: Indeedee|Indeedee-F, L50, F|100\/100\n|switch|p1b: Iron Valiant|Iron Valiant, L50|100\/100\n|switch|p2a: CatchinHands|Hariyama, L50, M, shiny|100\/100\n|switch|p2b: CudaScoota|Barraskewda, L50, F, shiny|100\/100\n|-fieldstart|move: Psychic Terrain|[from] ability: Psychic Surge|[of] p1a: Indeedee\n|-enditem|p1a: Indeedee|Psychic Seed\n|-boost|p1a: Indeedee|spd|1|[from] item: Psychic Seed\n|turn|1\n|\n|t:|1684080710\n|move|p2a: CatchinHands|Detect|p2a: CatchinHands\n|-singleturn|p2a: CatchinHands|Protect\n|move|p1a: Indeedee|Follow Me|p1a: Indeedee\n|-singleturn|p1a: Indeedee|move: Follow Me\n|move|p2b: CudaScoota|Psychic Fangs|p1b: Iron Valiant\n|-supereffective|p1b: Iron Valiant\n|-damage|p1b: Iron Valiant|0 fnt\n|faint|p1b: Iron Valiant\n|-end|p1b: Iron Valiant|Quark Drive|[silent]\n|\n|-status|p2a: CatchinHands|brn|[from] item: Flame Orb\n|upkeep\n|\n|t:|1684080722\n|switch|p1b: Kilowattrel|Kilowattrel, L50, M|100\/100\n|turn|2\n|\n|t:|1684080739\n|-terastallize|p1b: Kilowattrel|Electric\n|move|p1a: Indeedee|Protect|p1a: Indeedee\n|-singleturn|p1a: Indeedee|Protect\n|move|p1b: Kilowattrel|Discharge|p2a: CatchinHands|[spread] p2a,p2b\n|-activate|p1a: Indeedee|move: Protect\n|-supereffective|p2b: CudaScoota\n|-damage|p2a: CatchinHands|54\/100 brn\n|-damage|p2b: CudaScoota|0 fnt\n|faint|p2b: CudaScoota\n|-damage|p1b: Kilowattrel|91\/100|[from] item: Life Orb\n|move|p2a: CatchinHands|Close Combat|p1b: Kilowattrel\n|-damage|p1b: Kilowattrel|0 fnt\n|-unboost|p2a: CatchinHands|def|1\n|-unboost|p2a: CatchinHands|spd|1\n|faint|p1b: Kilowattrel\n|\n|-damage|p2a: CatchinHands|48\/100 brn|[from] brn\n|upkeep\n|\n|t:|1684080758\n|switch|p1b: Chien-Pao|Chien-Pao, L50|100\/100\n|switch|p2b: Dinoghost|Flutter Mane, L50, shiny|100\/100\n|-ability|p1b: Chien-Pao|Sword of Ruin\n|turn|3\n|\n|t:|1684080776\n|move|p1b: Chien-Pao|Tera Blast|p2a: CatchinHands\n|-damage|p2a: CatchinHands|26\/100 brn\n|move|p1a: Indeedee|Dazzling Gleam|p2a: CatchinHands|[spread] p2a,p2b\n|-supereffective|p2a: CatchinHands\n|-damage|p2a: CatchinHands|0 fnt\n|-damage|p2b: Dinoghost|89\/100\n|faint|p2a: CatchinHands\n|move|p2b: Dinoghost|Trick Room|p2b: Dinoghost\n|-fieldstart|move: Trick Room|[of] p2b: Dinoghost\n|\n|upkeep\n|\n|t:|1684080784\n|switch|p2a: Vesuvius|Torkoal, L50, F, shiny|100\/100\n|-weather|SunnyDay|[from] ability: Drought|[of] p2a: Vesuvius\n|-activate|p2b: Dinoghost|ability: Protosynthesis\n|-start|p2b: Dinoghost|protosynthesisspa\n|turn|4\n|\n|t:|1684080796\n|-terastallize|p2a: Vesuvius|Fire\n|move|p1a: Indeedee|Protect|p1a: Indeedee\n|-singleturn|p1a: Indeedee|Protect\n|move|p1b: Chien-Pao|Protect|p1b: Chien-Pao\n|-singleturn|p1b: Chien-Pao|Protect\n|move|p2a: Vesuvius|Eruption|p1a: Indeedee|[spread] \n|-activate|p1a: Indeedee|move: Protect\n|-activate|p1b: Chien-Pao|move: Protect\n|move|p2b: Dinoghost|Dazzling Gleam|p1a: Indeedee|[spread] \n|-activate|p1a: Indeedee|move: Protect\n|-activate|p1b: Chien-Pao|move: Protect\n|\n|-weather|SunnyDay|[upkeep]\n|upkeep\n|turn|5\n|\n|t:|1684080817\n|move|p1b: Chien-Pao|Protect||[still]\n|-fail|p1b: Chien-Pao\n|move|p2a: Vesuvius|Eruption|p1b: Chien-Pao|[spread] p1a,p1b\n|-supereffective|p1b: Chien-Pao\n|-damage|p1a: Indeedee|35\/100\n|-enditem|p1b: Chien-Pao|Focus Sash\n|-damage|p1b: Chien-Pao|1\/100\n|move|p2b: Dinoghost|Dazzling Gleam|p1a: Indeedee|[spread] p1a,p1b\n|-supereffective|p1b: Chien-Pao\n|-crit|p1b: Chien-Pao\n|-damage|p1a: Indeedee|13\/100\n|-damage|p1b: Chien-Pao|0 fnt\n|faint|p1b: Chien-Pao\n|move|p1a: Indeedee|Dazzling Gleam|p2b: Dinoghost|[spread] p2a,p2b\n|-resisted|p2a: Vesuvius\n|-damage|p2a: Vesuvius|92\/100\n|-damage|p2b: Dinoghost|78\/100\n|\n|-weather|SunnyDay|[upkeep]\n|-fieldend|move: Psychic Terrain\n|upkeep\n|turn|6\n|\n|t:|1684080835\n|move|p2a: Vesuvius|Eruption|p1a: Indeedee\n|-damage|p1a: Indeedee|0 fnt\n|faint|p1a: Indeedee\n|\n|win|fangeddragon96\n|c|\u2606The Rollo|Gg\n|c|\u2606fangeddragon96|ggs\n|l|\u2606The Rollo\n","uploadtime":1684080844,"views":19,"p1id":"therollo","p2id":"fangeddragon96","formatid":"gen9vgc2023regulationc","rating":0,"private":0,"password":""}