{"id":"gen9vgc2023regulationc-1855807064","p1":"fake_rbital","p2":"mcdub","format":"[Gen 9] VGC 2023 Regulation C","log":"|j|\u2606fake_rbital\n|j|\u2606mcdub\n|t:|1682986460\n|gametype|doubles\n|player|p1|fake_rbital|pokemaniac|\n|player|p2|mcdub|brycen|\n|teamsize|p1|6\n|teamsize|p2|6\n|gen|9\n|tier|[Gen 9] VGC 2023 Regulation C\n|rule|Species Clause: Limit one of each Pok\u00e9mon\n|rule|Item Clause: Limit one of each item\n|clearpoke\n|poke|p1|Slither Wing, L50|\n|poke|p1|Maushold-Four, L50|\n|poke|p1|Donphan, L50, F|\n|poke|p1|Azumarill, L50, M|\n|poke|p1|Braviary, L50, M|\n|poke|p1|Growlithe, L50, F|\n|poke|p2|Tyranitar, L50, M|\n|poke|p2|Sableye, L50, M|\n|poke|p2|Brute Bonnet, L50|\n|poke|p2|Gardevoir, L50, F|\n|poke|p2|Tsareena, L50, F|\n|poke|p2|Lycanroc, L50, M|\n|teampreview|4\nfake_rbital rejected open team sheets.\n|c|\u2606fake_rbital|glhf!\n|c|\u2606mcdub|glhf\n|\n|t:|1682986547\n|start\n|switch|p1a: deadmau5|Maushold-Four, L50|100\/100\n|switch|p1b: macklemore|Azumarill, L50, M|100\/100\n|switch|p2a: Tyranitar|Tyranitar, L50, M|100\/100\n|switch|p2b: Lycanroc|Lycanroc, L50, M|100\/100\n|-weather|Sandstorm|[from] ability: Sand Stream|[of] p2a: Tyranitar\n|turn|1\n|c|\u2606fake_rbital|wait did you share the link\n|c|\u2606mcdub|no good call\n|j| pokemon_and_beer\n|\n|t:|1682986643\n|move|p2b: Lycanroc|Rock Slide|p1a: deadmau5|[spread] p1a,p1b\n|-damage|p1a: deadmau5|60\/100\n|-damage|p1b: macklemore|80\/100\n|cant|p1a: deadmau5|flinch\n|move|p1b: macklemore|Belly Drum|p1b: macklemore\n|-damage|p1b: macklemore|30\/100\n|-setboost|p1b: macklemore|atk|6|[from] move: Belly Drum\n|-enditem|p1b: macklemore|Sitrus Berry|[eat]\n|-heal|p1b: macklemore|55\/100|[from] item: Sitrus Berry\n|move|p2a: Tyranitar|Rock Slide|p1b: macklemore|[spread] p1a,p1b\n|-damage|p1a: deadmau5|18\/100\n|-damage|p1b: macklemore|27\/100\n|\n|-weather|Sandstorm|[upkeep]\n|-damage|p1a: deadmau5|12\/100|[from] Sandstorm\n|-damage|p1b: macklemore|21\/100|[from] Sandstorm\n|upkeep\n|turn|2\n|\n|t:|1682986704\n|move|p1a: deadmau5|Follow Me|p1a: deadmau5\n|-singleturn|p1a: deadmau5|move: Follow Me\n|move|p1b: macklemore|Aqua Jet|p2a: Tyranitar\n|-supereffective|p2a: Tyranitar\n|-damage|p2a: Tyranitar|19\/100\n|move|p2b: Lycanroc|Close Combat|p1a: deadmau5\n|-supereffective|p1a: deadmau5\n|-enditem|p1a: deadmau5|Chople Berry|[eat]\n|-enditem|p1a: deadmau5|Chople Berry|[weaken]\n|-damage|p1a: deadmau5|0 fnt\n|-unboost|p2b: Lycanroc|def|1\n|-unboost|p2b: Lycanroc|spd|1\n|faint|p1a: deadmau5\n|move|p2a: Tyranitar|Rock Slide|p1b: macklemore\n|-damage|p1b: macklemore|0 fnt\n|faint|p1b: macklemore\n|\n|-weather|Sandstorm|[upkeep]\n|upkeep\n|\n|t:|1682986719\n|switch|p1a: DJ KHALED|Donphan, L50, F|100\/100\n|switch|p1b: pitbull|Braviary, L50, M|100\/100\n|turn|3\n|\n|t:|1682986741\n|-terastallize|p2a: Tyranitar|Flying\n|move|p1b: pitbull|Protect|p1b: pitbull\n|-singleturn|p1b: pitbull|Protect\n|move|p1a: DJ KHALED|Ice Shard|p2a: Tyranitar\n|-supereffective|p2a: Tyranitar\n|-damage|p2a: Tyranitar|0 fnt\n|faint|p2a: Tyranitar\n|move|p2b: Lycanroc|Rock Slide|p1b: pitbull|[spread] p1a\n|-activate|p1b: pitbull|move: Protect\n|-resisted|p1a: DJ KHALED\n|-damage|p1a: DJ KHALED|87\/100\n|\n|-weather|Sandstorm|[upkeep]\n|upkeep\n|\n|t:|1682986748\n|switch|p2a: Sableye|Sableye, L50, M|100\/100\n|turn|4\n|\n|t:|1682986813\n|-terastallize|p1b: pitbull|Fighting\n|move|p2a: Sableye|Fake Out|p1a: DJ KHALED\n|-damage|p1a: DJ KHALED|81\/100\n|cant|p1a: DJ KHALED|flinch\n|move|p2b: Lycanroc|Rock Slide|p1b: pitbull|[spread] p1a\n|-miss|p2b: Lycanroc|p1b: pitbull\n|-resisted|p1a: DJ KHALED\n|-damage|p1a: DJ KHALED|68\/100\n|move|p1b: pitbull|Brave Bird|p2a: Sableye\n|-damage|p2a: Sableye|29\/100\n|-damage|p1b: pitbull|84\/100|[from] item: Rocky Helmet|[of] p2a: Sableye\n|-damage|p1b: pitbull|65\/100|[from] Recoil\n|\n|-weather|Sandstorm|[upkeep]\n|-damage|p2a: Sableye|23\/100|[from] Sandstorm\n|upkeep\n|turn|5\n|c|\u2606mcdub|why didnt slither wing and growlithe get cool names\n|c|\u2606fake_rbital|wait I forgot what I named them LMAO\n|c|\u2606fake_rbital|growlithe was walmart yodeler because he's baby and I designed him to annoy\n|j| MikeTitan\n|\n|t:|1682986870\n|move|p1a: DJ KHALED|Ice Shard|p2b: Lycanroc\n|-damage|p2b: Lycanroc|42\/100\n|move|p2a: Sableye|Will-O-Wisp|p1b: pitbull\n|-status|p1b: pitbull|brn\n|move|p2b: Lycanroc|Close Combat|p1a: DJ KHALED\n|-damage|p1a: DJ KHALED|31\/100\n|-unboost|p2b: Lycanroc|def|1\n|-unboost|p2b: Lycanroc|spd|1\n|move|p1b: pitbull|Brave Bird|p2a: Sableye\n|-damage|p2a: Sableye|0 fnt\n|-damage|p1b: pitbull|48\/100 brn|[from] item: Rocky Helmet|[of] p2a: Sableye\n|faint|p2a: Sableye\n|-damage|p1b: pitbull|42\/100 brn|[from] Recoil\n|\n|-weather|none\n|-damage|p1b: pitbull|36\/100 brn|[from] brn\n|upkeep\n|\n|t:|1682986878\n|switch|p2a: Brute Bonnet|Brute Bonnet, L50|100\/100\n|-enditem|p2a: Brute Bonnet|Booster Energy\n|-activate|p2a: Brute Bonnet|ability: Protosynthesis|[fromitem]\n|-start|p2a: Brute Bonnet|protosynthesisatk\n|turn|6\n|c|\u2606fake_rbital|slither wing is lil jon\n|n| OldFashionedVGC|pokemonandbeer\n|\n|t:|1682986954\n|move|p2b: Lycanroc|Endure|p2b: Lycanroc\n|-singleturn|p2b: Lycanroc|move: Endure\n|move|p1b: pitbull|Protect|p1b: pitbull\n|-singleturn|p1b: pitbull|Protect\n|move|p1a: DJ KHALED|Ice Shard|p2b: Lycanroc\n|-activate|p2b: Lycanroc|move: Endure\n|-damage|p2b: Lycanroc|1\/100\n|move|p2a: Brute Bonnet|Sucker Punch||[still]\n|-fail|p2a: Brute Bonnet\n|\n|-damage|p1b: pitbull|30\/100 brn|[from] brn\n|upkeep\n|turn|7\n|\n|t:|1682987051\n|move|p1a: DJ KHALED|Ice Shard|p2a: Brute Bonnet\n|-supereffective|p2a: Brute Bonnet\n|-damage|p2a: Brute Bonnet|62\/100\n|move|p2b: Lycanroc|Endeavor|p1b: pitbull\n|-damage|p1b: pitbull|1\/100 brn\n|move|p1b: pitbull|Brave Bird|p2a: Brute Bonnet\n|-supereffective|p2a: Brute Bonnet\n|-damage|p2a: Brute Bonnet|15\/100\n|-damage|p1b: pitbull|0 fnt|[from] Recoil\n|faint|p1b: pitbull\n|move|p2a: Brute Bonnet|Seed Bomb|p1a: DJ KHALED\n|-supereffective|p1a: DJ KHALED\n|-damage|p1a: DJ KHALED|0 fnt\n|faint|p1a: DJ KHALED\n|\n|win|mcdub\n|c|\u2606mcdub|ggs\n|c|\u2606fake_rbital|ggs\n|c|\u2606fake_rbital|very well played\n","uploadtime":1682987069,"views":13,"p1id":"fakerbital","p2id":"mcdub","formatid":"gen9vgc2023regulationc","rating":0,"private":0,"password":""}