{"id":"gen9vgc2023regulationc-1849439906","p1":"PhageG","p2":"v4mpire","format":"[Gen 9] VGC 2023 Regulation C","log":"|j|\u2606PhageG\n|j|\u2606v4mpire\n|t:|1682198686\n|gametype|doubles\n|player|p1|PhageG|cheren|1148\n|player|p2|v4mpire|265|1238\n|teamsize|p1|6\n|teamsize|p2|6\n|gen|9\n|tier|[Gen 9] VGC 2023 Regulation C\n|rated|\n|rule|Species Clause: Limit one of each Pok\u00e9mon\n|rule|Item Clause: Limit one of each item\n|clearpoke\n|poke|p1|Ting-Lu, L50|\n|poke|p1|Dragonite, L50, F|\n|poke|p1|Flutter Mane, L50|\n|poke|p1|Gyarados, L50, M|\n|poke|p1|Chi-Yu, L50|\n|poke|p1|Glimmora, L50, F|\n|poke|p2|Ceruledge, L50, F|\n|poke|p2|Brute Bonnet, L50|\n|poke|p2|Azumarill, L50, F|\n|poke|p2|Flutter Mane, L50|\n|poke|p2|Tyranitar, L50, F|\n|poke|p2|Talonflame, L50, F|\n|teampreview|4\n|inactive|Battle timer is ON: inactive players will automatically lose when time's up. (requested by PhageG)\n|inactive|v4mpire has 60 seconds left.\n|inactive|PhageG has 60 seconds left.\nPhageG has agreed to open team sheets.\nv4mpire has agreed to open team sheets.\n|inactive|v4mpire has 30 seconds left.\n|inactive|v4mpire has 20 seconds left.\n|inactive|v4mpire has 15 seconds left.\n|inactive|v4mpire has 10 seconds left.\n|\n|t:|1682198770\n|start\n|switch|p1a: Dragonite|Dragonite, L50, F|100\/100\n|switch|p1b: Glimmora|Glimmora, L50, F|100\/100\n|switch|p2a: Tyranitar|Tyranitar, L50, F|100\/100\n|switch|p2b: Talonflame|Talonflame, L50, F|100\/100\n|-weather|Sandstorm|[from] ability: Sand Stream|[of] p2a: Tyranitar\n|turn|1\n|inactive|v4mpire has 30 seconds left.\n|inactive|v4mpire has 20 seconds left.\n|inactive|v4mpire has 15 seconds left.\n|\n|t:|1682198811\n|move|p2b: Talonflame|Tailwind|p2b: Talonflame\n|-sidestart|p2: v4mpire|move: Tailwind\n|move|p2a: Tyranitar|Earthquake|p1b: Glimmora|[spread] p1b\n|-immune|p2b: Talonflame\n|-immune|p1a: Dragonite\n|-supereffective|p1b: Glimmora\n|-damage|p1b: Glimmora|0 fnt\n|-activate|p1b: Glimmora|ability: Toxic Debris\n|-sidestart|p2: v4mpire|move: Toxic Spikes\n|faint|p1b: Glimmora\n|move|p1a: Dragonite|Dragon Dance|p1a: Dragonite\n|-boost|p1a: Dragonite|atk|1\n|-boost|p1a: Dragonite|spe|1\n|\n|-weather|Sandstorm|[upkeep]\n|-damage|p1a: Dragonite|95\/100|[from] Sandstorm\n|upkeep\n|\n|t:|1682198829\n|switch|p1b: Chi-Yu|Chi-Yu, L50|100\/100\n|-ability|p1b: Chi-Yu|Beads of Ruin\n|turn|2\n|\n|t:|1682198847\n|-terastallize|p1b: Chi-Yu|Flying\n|move|p2b: Talonflame|Taunt|p1a: Dragonite\n|-start|p1a: Dragonite|move: Taunt\n|move|p2a: Tyranitar|Earthquake|p1b: Chi-Yu|[spread] \n|-immune|p2b: Talonflame\n|-immune|p1a: Dragonite\n|-immune|p1b: Chi-Yu\n|move|p1a: Dragonite|Earthquake|p2a: Tyranitar|[spread] p2a\n|-immune|p1b: Chi-Yu\n|-immune|p2b: Talonflame\n|-supereffective|p2a: Tyranitar\n|-damage|p2a: Tyranitar|31\/100\n|move|p1b: Chi-Yu|Dark Pulse|p2b: Talonflame\n|-damage|p2b: Talonflame|34\/100\n|\n|-weather|Sandstorm|[upkeep]\n|-damage|p1a: Dragonite|89\/100|[from] Sandstorm\n|upkeep\n|turn|3\n|inactive|PhageG has 30 seconds left.\n|inactive|v4mpire has 30 seconds left.\n|inactive|PhageG has 20 seconds left.\n|\n|t:|1682198884\n|switch|p2a: Azumarill|Azumarill, L50, F|100\/100\n|-status|p2a: Azumarill|psn\n|switch|p1b: Ting-Lu|Ting-Lu, L50|100\/100\n|-ability|p1b: Ting-Lu|Vessel of Ruin\n|move|p2b: Talonflame|Protect|p2b: Talonflame\n|-singleturn|p2b: Talonflame|Protect\n|move|p1a: Dragonite|Extreme Speed|p2b: Talonflame\n|-activate|p2b: Talonflame|move: Protect\n|\n|-weather|Sandstorm|[upkeep]\n|-damage|p1a: Dragonite|83\/100|[from] Sandstorm\n|-damage|p2a: Azumarill|95\/100 psn|[from] Sandstorm\n|-damage|p2a: Azumarill|82\/100 psn|[from] psn\n|upkeep\n|turn|4\n|inactive|v4mpire has 30 seconds left.\n|inactive|v4mpire has 20 seconds left.\n|inactive|v4mpire has 15 seconds left.\n|inactive|v4mpire has 10 seconds left.\n|inactive|v4mpire has 5 seconds left.\n|\n|t:|1682198936\n|move|p2b: Talonflame|Protect|p2b: Talonflame\n|-singleturn|p2b: Talonflame|Protect\n|move|p1a: Dragonite|Extreme Speed|p2b: Talonflame\n|-activate|p2b: Talonflame|move: Protect\n|move|p2a: Azumarill|Ice Spinner|p1a: Dragonite\n|-supereffective|p1a: Dragonite\n|-damage|p1a: Dragonite|0 fnt\n|faint|p1a: Dragonite\n|move|p1b: Ting-Lu|Stomping Tantrum|p2a: Azumarill\n|-damage|p2a: Azumarill|40\/100 psn\n|\n|-weather|Sandstorm|[upkeep]\n|-damage|p2a: Azumarill|34\/100 psn|[from] Sandstorm\n|-damage|p2a: Azumarill|22\/100 psn|[from] psn\n|-sideend|p2: v4mpire|move: Tailwind\n|upkeep\n|\n|t:|1682198951\n|switch|p1a: Chi-Yu|Chi-Yu, L50, tera:Flying|100\/100\n|-ability|p1a: Chi-Yu|Beads of Ruin\n|turn|5\n|\n|t:|1682198962\n|move|p2b: Talonflame|Tailwind|p2b: Talonflame\n|-sidestart|p2: v4mpire|move: Tailwind\n|move|p1a: Chi-Yu|Dark Pulse|p2b: Talonflame\n|-damage|p2b: Talonflame|0 fnt\n|faint|p2b: Talonflame\n|move|p2a: Azumarill|Ice Spinner|p1a: Chi-Yu\n|-supereffective|p1a: Chi-Yu\n|-damage|p1a: Chi-Yu|0 fnt\n|faint|p1a: Chi-Yu\n|move|p1b: Ting-Lu|Stomping Tantrum|p2a: Azumarill\n|-damage|p2a: Azumarill|0 fnt\n|faint|p2a: Azumarill\n|\n|-weather|none\n|upkeep\n|\n|t:|1682198975\n|switch|p2b: Flutter Mane|Flutter Mane, L50|100\/100\n|switch|p2a: Tyranitar|Tyranitar, L50, F|31\/100\n|-status|p2b: Flutter Mane|psn\n|-status|p2a: Tyranitar|psn\n|-weather|Sandstorm|[from] ability: Sand Stream|[of] p2a: Tyranitar\n|turn|6\n|\n|t:|1682199000\n|-terastallize|p2b: Flutter Mane|Fairy\n|move|p2b: Flutter Mane|Dazzling Gleam|p1b: Ting-Lu\n|-supereffective|p1b: Ting-Lu\n|-damage|p1b: Ting-Lu|15\/100\n|move|p2a: Tyranitar|Rock Slide|p1b: Ting-Lu\n|-resisted|p1b: Ting-Lu\n|-damage|p1b: Ting-Lu|0 fnt\n|faint|p1b: Ting-Lu\n|\n|win|v4mpire\n|raw|PhageG's rating: 1148 → 1129<\/strong> (-19 for losing)\n|raw|v4mpire's rating: 1238 → 1257<\/strong> (+19 for winning)\n|l|\u2606PhageG\n","uploadtime":1682199018,"views":11,"p1id":"phageg","p2id":"v4mpire","formatid":"gen9vgc2023regulationc","rating":1129,"private":0,"password":""}