{"id":"gen9vgc2023regulationc-1850789661","p1":"Dany0000","p2":"oopsycanyousee","format":"[Gen 9] VGC 2023 Regulation C","log":"|j|\u2606Dany0000\n|j|\u2606oopsycanyousee\n|t:|1682368011\n|gametype|doubles\n|player|p1|Dany0000|acetrainer|1124\n|player|p2|oopsycanyousee|beauty-gen5bw2|1172\n|teamsize|p1|6\n|teamsize|p2|6\n|gen|9\n|tier|[Gen 9] VGC 2023 Regulation C\n|rated|\n|rule|Species Clause: Limit one of each Pok\u00e9mon\n|rule|Item Clause: Limit one of each item\n|clearpoke\n|poke|p1|Chien-Pao, L50|\n|poke|p1|Maushold-Four, L50|\n|poke|p1|Meowscarada, L50, M|\n|poke|p1|Houndstone, L50, M|\n|poke|p1|Dragapult, L50, M|\n|poke|p1|Murkrow, L50, M|\n|poke|p2|Amoonguss, L50, F|\n|poke|p2|Arcanine, L50, M|\n|poke|p2|Palafin, L50, F|\n|poke|p2|Flutter Mane, L50|\n|poke|p2|Ting-Lu, L50|\n|poke|p2|Orthworm, L50, F|\n|teampreview|4\n|inactive|Battle timer is ON: inactive players will automatically lose when time's up. (requested by Dany0000)\n|inactive|oopsycanyousee has 60 seconds left.\n|\n|t:|1682368066\n|start\n|switch|p1a: Murkrow|Murkrow, L50, M|100\/100\n|switch|p1b: Maushold|Maushold-Four, L50|100\/100\n|switch|p2a: Orthworm|Orthworm, L50, F|100\/100\n|switch|p2b: Palafin|Palafin, L50, F|100\/100\n|turn|1\n|inactive|oopsycanyousee has 30 seconds left.\n|\n|t:|1682368098\n|detailschange|p2b: Palafin|Palafin-Hero, L50, F\n|switch|p2b: Arcanine|Arcanine, L50, M|100\/100\n|-ability|p2b: Arcanine|Intimidate|boost\n|-unboost|p1a: Murkrow|atk|1\n|-unboost|p1b: Maushold|atk|1\n|move|p1a: Murkrow|Tailwind|p1a: Murkrow\n|-sidestart|p1: Dany0000|move: Tailwind\n|move|p1b: Maushold|Population Bomb|p2b: Arcanine\n|-damage|p2b: Arcanine|93\/100\n|-damage|p2b: Arcanine|86\/100\n|-damage|p2b: Arcanine|80\/100\n|-damage|p2b: Arcanine|72\/100\n|-damage|p2b: Arcanine|64\/100\n|-damage|p2b: Arcanine|58\/100\n|-damage|p2b: Arcanine|50\/100\n|-damage|p2b: Arcanine|44\/100\n|-damage|p2b: Arcanine|36\/100\n|-damage|p2b: Arcanine|28\/100\n|-hitcount|p2b: Arcanine|10\n|move|p2a: Orthworm|Body Press|p1b: Maushold\n|-supereffective|p1b: Maushold\n|-damage|p1b: Maushold|4\/100\n|\n|upkeep\n|turn|2\n|inactive|Dany0000 has 30 seconds left.\n|inactive|oopsycanyousee has 30 seconds left.\n|inactive|oopsycanyousee has 20 seconds left.\n|inactive|oopsycanyousee has 15 seconds left.\n|\n|t:|1682368141\n|move|p1a: Murkrow|Haze|p1a: Murkrow\n|-clearallboost\n|move|p1b: Maushold|Bite|p2a: Orthworm\n|-damage|p2a: Orthworm|86\/100\n|move|p2b: Arcanine|Flare Blitz|p1a: Murkrow\n|-damage|p1a: Murkrow|48\/100\n|-damage|p2b: Arcanine|14\/100|[from] Recoil\n|move|p2a: Orthworm|Shed Tail|p2a: Orthworm\n|-start|p2a: Orthworm|Substitute|[from] move: Shed Tail\n|-damage|p2a: Orthworm|36\/100\n|-enditem|p2a: Orthworm|Sitrus Berry|[eat]\n|-heal|p2a: Orthworm|61\/100|[from] item: Sitrus Berry\n|\n|t:|1682368152\n|switch|p2a: Palafin|Palafin-Hero, L50, F|100\/100|[from] Shed Tail\n|-activate|p2a: Palafin|ability: Zero to Hero\n|\n|upkeep\n|turn|3\n|\n|t:|1682368162\n|move|p2a: Palafin|Jet Punch|p1b: Maushold\n|-damage|p1b: Maushold|0 fnt\n|faint|p1b: Maushold\n|move|p1a: Murkrow|Foul Play|p2a: Palafin\n|-end|p2a: Palafin|Substitute\n|move|p2b: Arcanine|Howl|p2b: Arcanine|[spread] p2a,p2b\n|-boost|p2a: Palafin|atk|1\n|-boost|p2b: Arcanine|atk|1\n|\n|upkeep\n|\n|t:|1682368181\n|switch|p1b: Dragapult|Dragapult, L50, M|100\/100\n|turn|4\n|inactive|oopsycanyousee has 30 seconds left.\n|\n|t:|1682368207\n|move|p1a: Murkrow|Feather Dance|p2a: Palafin\n|-unboost|p2a: Palafin|atk|2\n|move|p2a: Palafin|Jet Punch|p1a: Murkrow\n|-damage|p1a: Murkrow|10\/100\n|move|p1b: Dragapult|Dragon Darts|p2a: Palafin\n|-damage|p2a: Palafin|66\/100\n|-anim|p1b: Dragapult|Dragon Darts|p2b: Arcanine\n|-damage|p2b: Arcanine|0 fnt\n|faint|p2b: Arcanine\n|\n|-sideend|p1: Dany0000|move: Tailwind\n|upkeep\n|\n|t:|1682368232\n|switch|p2b: Orthworm|Orthworm, L50, F|61\/100\n|turn|5\n|\n|t:|1682368254\n|move|p2a: Palafin|Protect|p2a: Palafin\n|-singleturn|p2a: Palafin|Protect\n|move|p1a: Murkrow|Feather Dance|p2a: Palafin\n|-activate|p2a: Palafin|move: Protect\n|move|p1b: Dragapult|Dragon Darts|p2b: Orthworm\n|-resisted|p2b: Orthworm\n|-damage|p2b: Orthworm|49\/100\n|-anim|p1b: Dragapult|Dragon Darts|p2b: Orthworm\n|-resisted|p2b: Orthworm\n|-damage|p2b: Orthworm|38\/100\n|move|p2b: Orthworm|Heavy Slam|p1a: Murkrow\n|-damage|p1a: Murkrow|0 fnt\n|faint|p1a: Murkrow\n|\n|upkeep\n|\n|t:|1682368267\n|switch|p1a: Houndstone|Houndstone, L50, M|100\/100\n|turn|6\n|inactive|oopsycanyousee has 30 seconds left.\n|\n|t:|1682368295\n|-terastallize|p1a: Houndstone|Ghost\n|move|p1b: Dragapult|Dragon Darts|p2a: Palafin\n|-damage|p2a: Palafin|35\/100\n|-anim|p1b: Dragapult|Dragon Darts|p2b: Orthworm\n|-resisted|p2b: Orthworm\n|-damage|p2b: Orthworm|24\/100\n|move|p1a: Houndstone|Last Respects|p2b: Orthworm\n|-damage|p2b: Orthworm|0 fnt\n|faint|p2b: Orthworm\n|move|p2a: Palafin|Wave Crash|p1a: Houndstone\n|-damage|p1a: Houndstone|61\/100\n|-damage|p2a: Palafin|26\/100|[from] Recoil\n|\n|upkeep\n|\n|t:|1682368306\n|switch|p2b: Flutter Mane|Flutter Mane, L50|100\/100\n|turn|7\n|\n|t:|1682368328\n|-terastallize|p2b: Flutter Mane|Fairy\n|move|p2a: Palafin|Protect|p2a: Palafin\n|-singleturn|p2a: Palafin|Protect\n|move|p1b: Dragapult|Dragon Darts|p2a: Palafin\n|-immune|p2b: Flutter Mane\n|move|p1a: Houndstone|Last Respects|p2b: Flutter Mane\n|-damage|p2b: Flutter Mane|0 fnt\n|faint|p2b: Flutter Mane\n|-end|p2b: Flutter Mane|Protosynthesis|[silent]\n|\n|upkeep\n|turn|8\n|inactive|oopsycanyousee has 30 seconds left.\n|inactive|oopsycanyousee has 20 seconds left.\n|inactive|oopsycanyousee has 15 seconds left.\n|inactive|oopsycanyousee has 10 seconds left.\n|inactive|oopsycanyousee has 5 seconds left.\n|\n|t:|1682368379\n|move|p2a: Palafin|Jet Punch|p1a: Houndstone\n|-damage|p1a: Houndstone|44\/100\n|move|p1b: Dragapult|Dragon Darts|p2a: Palafin\n|-damage|p2a: Palafin|0 fnt\n|faint|p2a: Palafin\n|\n|win|Dany0000\n|raw|Dany0000's rating: 1124 → 1152<\/strong> (+28 for winning)\n|raw|oopsycanyousee's rating: 1172 → 1144<\/strong> (-28 for losing)\n|l|\u2606Dany0000\n","uploadtime":1682368452,"views":17,"p1id":"dany0000","p2id":"oopsycanyousee","formatid":"gen9vgc2023regulationc","rating":1144,"private":0,"password":""}