{"id":"gen9vgc2023regulationc-1849688309","p1":"ghost56789","p2":"exstraspaceDND","format":"[Gen 9] VGC 2023 Regulation C","log":"|j|\u2606ghost56789\n|j|\u2606exstraspaceDND\n|t:|1682232650\n|gametype|doubles\n|player|p1|ghost56789|beauty-gen5bw2|1000\n|player|p2|exstraspaceDND|drayden|1108\n|teamsize|p1|6\n|teamsize|p2|6\n|gen|9\n|tier|[Gen 9] VGC 2023 Regulation C\n|rated|\n|rule|Species Clause: Limit one of each Pok\u00e9mon\n|rule|Item Clause: Limit one of each item\n|clearpoke\n|poke|p1|Ting-Lu, L50|\n|poke|p1|Gholdengo, L50|\n|poke|p1|Tinkaton, L50, F|\n|poke|p1|Great Tusk, L50|\n|poke|p1|Chi-Yu, L50|\n|poke|p1|Meowscarada, L50, M|\n|poke|p2|Iron Bundle, L50|\n|poke|p2|Garchomp, L50, F|\n|poke|p2|Rotom-Heat, L50|\n|poke|p2|Hydreigon, L50, F|\n|poke|p2|Jumpluff, L50, F|\n|poke|p2|Scizor, L50, F|\n|teampreview|4\n|\n|t:|1682232680\n|start\n|switch|p1a: Gholdengo|Gholdengo, L50|100\/100\n|switch|p1b: Tinkaton|Tinkaton, L50, F|100\/100\n|switch|p2a: Scizor|Scizor, L50, F|100\/100\n|switch|p2b: Iron Bundle|Iron Bundle, L50|100\/100\n|-ability|p1b: Tinkaton|Mold Breaker\n|-enditem|p2b: Iron Bundle|Booster Energy\n|-activate|p2b: Iron Bundle|ability: Quark Drive|[fromitem]\n|-start|p2b: Iron Bundle|quarkdrivespe\n|turn|1\n|\n|t:|1682232712\n|move|p2b: Iron Bundle|Protect|p2b: Iron Bundle\n|-singleturn|p2b: Iron Bundle|Protect\n|move|p1b: Tinkaton|Knock Off|p2a: Scizor\n|-damage|p2a: Scizor|75\/100\n|-enditem|p2a: Scizor|Choice Band|[from] move: Knock Off|[of] p1b: Tinkaton\n|move|p1a: Gholdengo|Make It Rain|p2a: Scizor|[spread] p2a\n|-activate|p2b: Iron Bundle|move: Protect\n|-resisted|p2a: Scizor\n|-damage|p2a: Scizor|45\/100\n|-unboost|p1a: Gholdengo|spa|1\n|move|p2a: Scizor|U-turn|p1a: Gholdengo\n|-resisted|p1a: Gholdengo\n|-damage|p1a: Gholdengo|89\/100\n|\n|t:|1682232728\n|switch|p2a: Hydreigon|Hydreigon, L50, F|100\/100|[from] U-turn\n|\n|-heal|p1a: Gholdengo|95\/100|[from] item: Leftovers\n|upkeep\n|turn|2\n|\n|t:|1682232754\n|move|p2b: Iron Bundle|Hydro Pump|p1a: Gholdengo\n|-damage|p1a: Gholdengo|33\/100\n|move|p2a: Hydreigon|Dark Pulse|p1a: Gholdengo\n|-supereffective|p1a: Gholdengo\n|-damage|p1a: Gholdengo|0 fnt\n|faint|p1a: Gholdengo\n|move|p1b: Tinkaton|Play Rough|p2a: Hydreigon\n|-supereffective|p2a: Hydreigon\n|-damage|p2a: Hydreigon|0 fnt\n|faint|p2a: Hydreigon\n|\n|upkeep\n|\n|t:|1682232766\n|switch|p2a: Jumpluff|Jumpluff, L50, F|100\/100\n|switch|p1a: Ting-Lu|Ting-Lu, L50|100\/100\n|-ability|p1a: Ting-Lu|Vessel of Ruin\n|turn|3\n|\n|t:|1682232785\n|move|p2b: Iron Bundle|Hydro Pump|p1a: Ting-Lu\n|-supereffective|p1a: Ting-Lu\n|-damage|p1a: Ting-Lu|54\/100\n|move|p2a: Jumpluff|Sleep Powder|p1b: Tinkaton\n|-status|p1b: Tinkaton|slp|[from] move: Sleep Powder\n|cant|p1b: Tinkaton|slp\n|move|p1a: Ting-Lu|Heavy Slam|p2b: Iron Bundle\n|-damage|p2b: Iron Bundle|49\/100\n|\n|upkeep\n|turn|4\n|\n|t:|1682232802\n|move|p2b: Iron Bundle|Hydro Pump|p1a: Ting-Lu\n|-supereffective|p1a: Ting-Lu\n|-damage|p1a: Ting-Lu|6\/100\n|move|p2a: Jumpluff|Pollen Puff|p2b: Iron Bundle\n|-heal|p2b: Iron Bundle|99\/100\n|cant|p1b: Tinkaton|slp\n|move|p1a: Ting-Lu|Heavy Slam|p2b: Iron Bundle\n|-damage|p2b: Iron Bundle|50\/100\n|\n|upkeep\n|turn|5\n|\n|t:|1682232822\n|move|p2b: Iron Bundle|Icy Wind|p1a: Ting-Lu|[spread] p1a,p1b\n|-supereffective|p1a: Ting-Lu\n|-resisted|p1b: Tinkaton\n|-damage|p1a: Ting-Lu|0 fnt\n|-damage|p1b: Tinkaton|92\/100 slp\n|-unboost|p1b: Tinkaton|spe|1\n|faint|p1a: Ting-Lu\n|move|p2a: Jumpluff|Pollen Puff|p1b: Tinkaton\n|-resisted|p1b: Tinkaton\n|-damage|p1b: Tinkaton|89\/100 slp\n|-curestatus|p1b: Tinkaton|slp|[msg]\n|move|p1b: Tinkaton|Gigaton Hammer|p2b: Iron Bundle\n|-damage|p2b: Iron Bundle|0 fnt\n|faint|p2b: Iron Bundle\n|-end|p2b: Iron Bundle|Quark Drive|[silent]\n|\n|upkeep\n|\n|t:|1682232836\n|switch|p2b: Scizor|Scizor, L50, F|45\/100\n|switch|p1a: Chi-Yu|Chi-Yu, L50|100\/100\n|-ability|p1a: Chi-Yu|Beads of Ruin\n|turn|6\n|\n|t:|1682232851\n|move|p1b: Tinkaton|Helping Hand|p1a: Chi-Yu\n|-singleturn|p1a: Chi-Yu|Helping Hand|[of] p1b: Tinkaton\n|move|p2a: Jumpluff|Sleep Powder|p1a: Chi-Yu\n|-status|p1a: Chi-Yu|slp|[from] move: Sleep Powder\n|cant|p1a: Chi-Yu|slp\n|move|p2b: Scizor|Close Combat|p1b: Tinkaton\n|-damage|p1b: Tinkaton|30\/100\n|-unboost|p2b: Scizor|def|1\n|-unboost|p2b: Scizor|spd|1\n|\n|upkeep\n|turn|7\n|\n|t:|1682232869\n|-terastallize|p2b: Scizor|Water\n|move|p2a: Jumpluff|Pollen Puff|p2b: Scizor\n|-heal|p2b: Scizor|94\/100\n|-curestatus|p1a: Chi-Yu|slp|[msg]\n|move|p1a: Chi-Yu|Heat Wave|p2a: Jumpluff|[spread] p2a,p2b\n|-supereffective|p2a: Jumpluff\n|-resisted|p2b: Scizor\n|-damage|p2a: Jumpluff|0 fnt\n|-damage|p2b: Scizor|36\/100\n|faint|p2a: Jumpluff\n|-damage|p1a: Chi-Yu|90\/100|[from] item: Life Orb\n|move|p1b: Tinkaton|Gigaton Hammer|p2b: Scizor\n|-resisted|p2b: Scizor\n|-damage|p2b: Scizor|0 fnt\n|faint|p2b: Scizor\n|\n|win|ghost56789\n|raw|ghost56789's rating: 1000 → 1052<\/strong> (+52 for winning)\n|raw|exstraspaceDND's rating: 1108 → 1075<\/strong> (-33 for losing)\n|l|\u2606exstraspaceDND\n","uploadtime":1682232988,"views":10,"p1id":"ghost56789","p2id":"exstraspacednd","formatid":"gen9vgc2023regulationc","rating":1052,"private":0,"password":""}