{"id":"gen9vgc2023regulationc-1864043868","p1":"fangeddragon96","p2":"Texas Landsharks","format":"[Gen 9] VGC 2023 Regulation C","log":"|j|\u2606fangeddragon96\n|j|\u2606Texas Landsharks\n|t:|1684109545\n|gametype|doubles\n|player|p1|fangeddragon96|2|\n|player|p2|Texas Landsharks|cynthia|\n|teamsize|p1|6\n|teamsize|p2|6\n|gen|9\n|tier|[Gen 9] VGC 2023 Regulation C\n|rule|Species Clause: Limit one of each Pok\u00e9mon\n|rule|Item Clause: Limit one of each item\n|clearpoke\n|poke|p1|Iron Hands, L50|\n|poke|p1|Stonjourner, L50, M|\n|poke|p1|Polteageist, L50|\n|poke|p1|Bombirdier, L50, M|\n|poke|p1|Rotom-Heat, L50|\n|poke|p1|Floatzel, L50, F|\n|poke|p2|Torkoal, L50, M|\n|poke|p2|Hariyama, L50, M|\n|poke|p2|Oranguru, L50, F|\n|poke|p2|Sandy Shocks, L50|\n|poke|p2|Cryogonal, L50|\n|poke|p2|Spiritomb, L50, M|\n|teampreview|4\n|c|\u2606fangeddragon96|g2\n|c|\u2606fangeddragon96|glhf\n|\n|t:|1684109895\n|start\n|switch|p1a: Kidnapper|Bombirdier, L50, M|100\/100\n|switch|p1b: Tea Time|Polteageist, L50|100\/100\n|switch|p2a: Funky Monkey|Oranguru, L50, F, shiny|100\/100\n|switch|p2b: Mucha Lucha|Hariyama, L50, M, shiny|100\/100\n|turn|1\n|\n|t:|1684109914\n|move|p2b: Mucha Lucha|Fake Out|p1a: Kidnapper\n|-damage|p1a: Kidnapper|80\/100\n|move|p1b: Tea Time|Imprison|p1b: Tea Time\n|-start|p1b: Tea Time|move: Imprison\n|cant|p1a: Kidnapper|flinch\n|cant|p2a: Funky Monkey|move: Imprison|Trick Room\n|\n|-status|p2b: Mucha Lucha|brn|[from] item: Flame Orb\n|upkeep\n|turn|2\n|\n|t:|1684109968\n|switch|p2a: Mind Craft Steve|Spiritomb, L50, M|100\/100\n|move|p1b: Tea Time|Skill Swap|p2a: Mind Craft Steve\n|-activate|p1b: Tea Time|move: Skill Swap|Infiltrator|Weak Armor|[of] p2a: Mind Craft Steve\n|move|p1a: Kidnapper|Rock Blast|p2a: Mind Craft Steve\n|-damage|p2a: Mind Craft Steve|88\/100\n|-ability|p2a: Mind Craft Steve|Weak Armor|boost\n|-unboost|p2a: Mind Craft Steve|def|1\n|-boost|p2a: Mind Craft Steve|spe|2\n|-damage|p2a: Mind Craft Steve|71\/100\n|-ability|p2a: Mind Craft Steve|Weak Armor|boost\n|-unboost|p2a: Mind Craft Steve|def|1\n|-boost|p2a: Mind Craft Steve|spe|2\n|-damage|p2a: Mind Craft Steve|49\/100\n|-ability|p2a: Mind Craft Steve|Weak Armor|boost\n|-unboost|p2a: Mind Craft Steve|def|1\n|-boost|p2a: Mind Craft Steve|spe|2\n|-enditem|p2a: Mind Craft Steve|Sitrus Berry|[eat]\n|-heal|p2a: Mind Craft Steve|74\/100|[from] item: Sitrus Berry\n|-damage|p2a: Mind Craft Steve|45\/100\n|-ability|p2a: Mind Craft Steve|Weak Armor|boost\n|-unboost|p2a: Mind Craft Steve|def|1\n|-damage|p2a: Mind Craft Steve|6\/100\n|-ability|p2a: Mind Craft Steve|Weak Armor|boost\n|-unboost|p2a: Mind Craft Steve|def|1\n|-hitcount|p2a: Mind Craft Steve|5\n|move|p2b: Mucha Lucha|Knock Off|p1b: Tea Time\n|-supereffective|p1b: Tea Time\n|-enditem|p1b: Tea Time|Focus Sash\n|-damage|p1b: Tea Time|1\/100\n|\n|-damage|p2b: Mucha Lucha|95\/100 brn|[from] brn\n|upkeep\n|turn|3\n|\n|t:|1684110012\n|move|p2a: Mind Craft Steve|Snarl|p1b: Tea Time|[spread] p1a,p1b\n|-resisted|p1a: Kidnapper\n|-supereffective|p1b: Tea Time\n|-damage|p1a: Kidnapper|72\/100\n|-damage|p1b: Tea Time|0 fnt\n|-unboost|p1a: Kidnapper|spa|1\n|faint|p1b: Tea Time\n|move|p1a: Kidnapper|Brave Bird|p2b: Mucha Lucha\n|-supereffective|p2b: Mucha Lucha\n|-damage|p2b: Mucha Lucha|0 fnt\n|faint|p2b: Mucha Lucha\n|-damage|p1a: Kidnapper|25\/100|[from] Recoil\n|\n|upkeep\n|\n|t:|1684110023\n|switch|p1b: SilverSurfer|Floatzel, L50, F, shiny|100\/100\n|switch|p2b: Funky Monkey|Oranguru, L50, F, shiny|100\/100\n|turn|4\n|\n|t:|1684110071\n|switch|p1a: AngryMicrowave|Rotom-Heat, L50, shiny|100\/100\n|-terastallize|p1b: SilverSurfer|Water\n|move|p2a: Mind Craft Steve|Will-O-Wisp|p1b: SilverSurfer\n|-status|p1b: SilverSurfer|brn\n|move|p1b: SilverSurfer|Wave Crash|p2b: Funky Monkey\n|-damage|p2b: Funky Monkey|58\/100\n|-damage|p1b: SilverSurfer|83\/100 brn|[from] Recoil\n|move|p2b: Funky Monkey|Trick Room|p2b: Funky Monkey\n|-fieldstart|move: Trick Room|[of] p2b: Funky Monkey\n|\n|-damage|p1b: SilverSurfer|77\/100 brn|[from] brn\n|upkeep\n|turn|5\n|\n|t:|1684110097\n|move|p1a: AngryMicrowave|Helping Hand|p1b: SilverSurfer\n|-singleturn|p1b: SilverSurfer|Helping Hand|[of] p1a: AngryMicrowave\n|move|p1b: SilverSurfer|Aqua Jet|p2a: Mind Craft Steve\n|-damage|p2a: Mind Craft Steve|0 fnt\n|faint|p2a: Mind Craft Steve\n|move|p2b: Funky Monkey|Yawn|p1a: AngryMicrowave\n|-start|p1a: AngryMicrowave|move: Yawn|[of] p2b: Funky Monkey\n|\n|-damage|p1b: SilverSurfer|71\/100 brn|[from] brn\n|upkeep\n|\n|t:|1684110106\n|switch|p2a: Cowabunga Dude|Torkoal, L50, M|100\/100\n|-weather|SunnyDay|[from] ability: Drought|[of] p2a: Cowabunga Dude\n|turn|6\n|\n|t:|1684110117\n|-terastallize|p2a: Cowabunga Dude|Fire\n|move|p2a: Cowabunga Dude|Eruption|p1a: AngryMicrowave|[spread] p1a,p1b\n|-resisted|p1a: AngryMicrowave\n|-resisted|p1b: SilverSurfer\n|-damage|p1a: AngryMicrowave|30\/100\n|-damage|p1b: SilverSurfer|0 fnt\n|faint|p1b: SilverSurfer\n|move|p2b: Funky Monkey|Instruct|p2a: Cowabunga Dude\n|-singleturn|p2a: Cowabunga Dude|move: Instruct|[of] p2b: Funky Monkey\n|move|p2a: Cowabunga Dude|Eruption|p1a: AngryMicrowave\n|-resisted|p1a: AngryMicrowave\n|-damage|p1a: AngryMicrowave|0 fnt\n|faint|p1a: AngryMicrowave\n|\n|-weather|SunnyDay|[upkeep]\n|upkeep\n|\n|t:|1684110147\n|switch|p1b: Kidnapper|Bombirdier, L50, M|25\/100\n|turn|7\n|j| Memebasedgod\n|\n|t:|1684110155\n|move|p1b: Kidnapper|Sucker Punch|p2a: Cowabunga Dude\n|-damage|p2a: Cowabunga Dude|75\/100\n|move|p2a: Cowabunga Dude|Eruption|p1b: Kidnapper\n|-damage|p1b: Kidnapper|0 fnt\n|faint|p1b: Kidnapper\n|\n|win|Texas Landsharks\n|c|\u2606fangeddragon96|ggs\n|c|\u2606Texas Landsharks|gg\n|l| Memebasedgod\n|j| RylektVGC\n|l| RylektVGC\n|l|\u2606fangeddragon96\n","uploadtime":1684110168,"views":16,"p1id":"fangeddragon96","p2id":"texaslandsharks","formatid":"gen9vgc2023regulationc","rating":0,"private":0,"password":""}