{"id":"gen9vgc2023regulationc-1852478709","p1":"exedra0711","p2":"Battlestorm","format":"[Gen 9] VGC 2023 Regulation C","log":"|j|\u2606exedra0711\n|j|\u2606Battlestorm\n|t:|1682562790\n|gametype|doubles\n|player|p1|exedra0711|colress|\n|player|p2|Battlestorm|101|\n|teamsize|p1|6\n|teamsize|p2|6\n|gen|9\n|tier|[Gen 9] VGC 2023 Regulation C\n|rule|Species Clause: Limit one of each Pok\u00e9mon\n|rule|Item Clause: Limit one of each item\n|clearpoke\n|poke|p1|Chi-Yu, L50|\n|poke|p1|Flutter Mane, L50|\n|poke|p1|Gholdengo, L50|\n|poke|p1|Wo-Chien, L50|\n|poke|p1|Gyarados, L50, M|\n|poke|p1|Dragonite, L50, F|\n|poke|p2|Annihilape, L50, F|\n|poke|p2|Ting-Lu, L50|\n|poke|p2|Gyarados, L50, F|\n|poke|p2|Flutter Mane, L50|\n|poke|p2|Iron Bundle, L50|\n|poke|p2|Amoonguss, L50, M|\n|teampreview|4\n|inactive|Battle timer is ON: inactive players will automatically lose when time's up. (requested by exedra0711)\n|c|\u2606Battlestorm|gl\n|c|\u2606exedra0711|you too\n|inactive|exedra0711 has 60 seconds left.\nBattlestorm has agreed to open team sheets.\n|\n|t:|1682562844\n|start\n|switch|p1a: Flutter Mane|Flutter Mane, L50, shiny|100\/100\n|switch|p1b: Chi-Yu|Chi-Yu, L50|100\/100\n|switch|p2a: Iron Bundle|Iron Bundle, L50|100\/100\n|switch|p2b: Annihilape|Annihilape, L50, F|100\/100\n|-ability|p1b: Chi-Yu|Beads of Ruin\n|-enditem|p2a: Iron Bundle|Booster Energy\n|-activate|p2a: Iron Bundle|ability: Quark Drive|[fromitem]\n|-start|p2a: Iron Bundle|quarkdrivespe\n|-enditem|p1a: Flutter Mane|Booster Energy\n|-activate|p1a: Flutter Mane|ability: Protosynthesis|[fromitem]\n|-start|p1a: Flutter Mane|protosynthesisspe\n|turn|1\n|inactive|exedra0711 has 30 seconds left.\n|\n|t:|1682562877\n|switch|p2b: Ting-Lu|Ting-Lu, L50|100\/100\n|-ability|p2b: Ting-Lu|Vessel of Ruin\n|move|p1b: Chi-Yu|Protect|p1b: Chi-Yu\n|-singleturn|p1b: Chi-Yu|Protect\n|move|p2a: Iron Bundle|Hydro Pump|p1b: Chi-Yu\n|-activate|p1b: Chi-Yu|move: Protect\n|move|p1a: Flutter Mane|Moonblast|p2a: Iron Bundle\n|-damage|p2a: Iron Bundle|0 fnt\n|faint|p2a: Iron Bundle\n|-end|p2a: Iron Bundle|Quark Drive|[silent]\n|\n|upkeep\n|\n|t:|1682562895\n|switch|p2a: Gyarados|Gyarados, L50, F|100\/100\n|-ability|p2a: Gyarados|Intimidate|boost\n|-unboost|p1a: Flutter Mane|atk|1\n|-unboost|p1b: Chi-Yu|atk|1\n|turn|2\n|inactive|exedra0711 has 30 seconds left.\n|\n|t:|1682562927\n|switch|p1b: Wo-Chien|Wo-Chien, L50|100\/100\n|-ability|p1b: Wo-Chien|Tablets of Ruin\n|move|p1a: Flutter Mane|Protect|p1a: Flutter Mane\n|-singleturn|p1a: Flutter Mane|Protect\n|move|p2a: Gyarados|Dragon Dance|p2a: Gyarados\n|-boost|p2a: Gyarados|atk|1\n|-boost|p2a: Gyarados|spe|1\n|move|p2b: Ting-Lu|Heavy Slam|p1a: Flutter Mane\n|-activate|p1a: Flutter Mane|move: Protect\n|\n|upkeep\n|turn|3\n|inactive|exedra0711 has 30 seconds left.\n|inactive|Battlestorm has 30 seconds left.\n|\n|t:|1682562958\n|-end|p1a: Flutter Mane|Protosynthesis|[silent]\n|switch|p1a: Dragonite|Dragonite, L50, F|100\/100\n|move|p2a: Gyarados|Dragon Dance|p2a: Gyarados\n|-boost|p2a: Gyarados|atk|1\n|-boost|p2a: Gyarados|spe|1\n|move|p1b: Wo-Chien|Leech Seed|p2a: Gyarados\n|-start|p2a: Gyarados|move: Leech Seed\n|move|p2b: Ting-Lu|Heavy Slam|p1a: Dragonite\n|-damage|p1a: Dragonite|94\/100\n|\n|-damage|p2a: Gyarados|88\/100|[from] Leech Seed|[of] p1b: Wo-Chien\n|upkeep\n|turn|4\n|inactive|Battlestorm has 30 seconds left.\n|\n|t:|1682562986\n|-terastallize|p2a: Gyarados|Flying\n|move|p2a: Gyarados|Tera Blast|p1a: Dragonite\n|-damage|p1a: Dragonite|15\/100\n|move|p1a: Dragonite|Rock Slide|p2b: Ting-Lu|[spread] p2a,p2b\n|-supereffective|p2a: Gyarados\n|-resisted|p2b: Ting-Lu\n|-damage|p2a: Gyarados|47\/100\n|-damage|p2b: Ting-Lu|97\/100\n|move|p1b: Wo-Chien|Pollen Puff|p1a: Dragonite\n|-heal|p1a: Dragonite|65\/100\n|move|p2b: Ting-Lu|Rock Tomb|p1a: Dragonite\n|-supereffective|p1a: Dragonite\n|-damage|p1a: Dragonite|43\/100\n|-unboost|p1a: Dragonite|spe|1\n|\n|-damage|p2a: Gyarados|35\/100|[from] Leech Seed|[of] p1b: Wo-Chien\n|upkeep\n|turn|5\n|inactive|exedra0711 has 30 seconds left.\n|\n|t:|1682563013\n|switch|p1b: Flutter Mane|Flutter Mane, L50, shiny|100\/100\n|move|p1a: Dragonite|Extreme Speed|p2a: Gyarados\n|-damage|p2a: Gyarados|0 fnt\n|faint|p2a: Gyarados\n|move|p2b: Ting-Lu|Rock Tomb|p1a: Dragonite\n|-supereffective|p1a: Dragonite\n|-damage|p1a: Dragonite|14\/100\n|-unboost|p1a: Dragonite|spe|1\n|\n|upkeep\n|\n|t:|1682563023\n|switch|p2a: Annihilape|Annihilape, L50, F|100\/100\n|turn|6\n|\n|t:|1682563041\n|switch|p1a: Wo-Chien|Wo-Chien, L50|100\/100\n|-ability|p1a: Wo-Chien|Tablets of Ruin\n|-terastallize|p1b: Flutter Mane|Fairy\n|move|p2a: Annihilape|Protect|p2a: Annihilape\n|-singleturn|p2a: Annihilape|Protect\n|move|p1b: Flutter Mane|Moonblast|p2a: Annihilape\n|-activate|p2a: Annihilape|move: Protect\n|move|p2b: Ting-Lu|Heavy Slam|p1b: Flutter Mane\n|-supereffective|p1b: Flutter Mane\n|-damage|p1b: Flutter Mane|2\/100\n|\n|upkeep\n|turn|7\n|inactive|Battlestorm has 30 seconds left.\n|\n|t:|1682563076\n|move|p1b: Flutter Mane|Moonblast|p2a: Annihilape\n|-supereffective|p2a: Annihilape\n|-damage|p2a: Annihilape|3\/100\n|move|p2a: Annihilape|Bulk Up|p2a: Annihilape\n|-boost|p2a: Annihilape|atk|1\n|-boost|p2a: Annihilape|def|1\n|move|p1a: Wo-Chien|Leech Seed|p2b: Ting-Lu\n|-start|p2b: Ting-Lu|move: Leech Seed\n|move|p2b: Ting-Lu|Rock Tomb|p1b: Flutter Mane\n|-damage|p1b: Flutter Mane|0 fnt\n|faint|p1b: Flutter Mane\n|-end|p1b: Flutter Mane|Protosynthesis|[silent]\n|\n|-heal|p2a: Annihilape|9\/100|[from] item: Leftovers\n|-damage|p2b: Ting-Lu|85\/100|[from] Leech Seed|[of] p1a: Wo-Chien\n|upkeep\n|inactive|exedra0711 has 30 seconds left.\n|\n|t:|1682563103\n|switch|p1b: Chi-Yu|Chi-Yu, L50|100\/100\n|-ability|p1b: Chi-Yu|Beads of Ruin\n|turn|8\n|\n|t:|1682563123\n|move|p2a: Annihilape|Protect|p2a: Annihilape\n|-singleturn|p2a: Annihilape|Protect\n|move|p1b: Chi-Yu|Heat Wave|p2b: Ting-Lu|[spread] p2b\n|-activate|p2a: Annihilape|move: Protect\n|-damage|p2b: Ting-Lu|62\/100\n|-status|p2b: Ting-Lu|brn\n|move|p1a: Wo-Chien|Leech Seed|p2a: Annihilape\n|-activate|p2a: Annihilape|move: Protect\n|move|p2b: Ting-Lu|Rock Tomb|p1b: Chi-Yu\n|-supereffective|p1b: Chi-Yu\n|-damage|p1b: Chi-Yu|82\/100\n|-unboost|p1b: Chi-Yu|spe|1\n|\n|-heal|p2a: Annihilape|15\/100|[from] item: Leftovers\n|-damage|p2b: Ting-Lu|50\/100 brn|[from] Leech Seed|[of] p1a: Wo-Chien\n|-damage|p2b: Ting-Lu|44\/100 brn|[from] brn\n|upkeep\n|turn|9\n|\n|t:|1682563142\n|move|p1b: Chi-Yu|Protect|p1b: Chi-Yu\n|-singleturn|p1b: Chi-Yu|Protect\n|move|p2a: Annihilape|Drain Punch|p1b: Chi-Yu\n|-activate|p1b: Chi-Yu|move: Protect\n|move|p1a: Wo-Chien|Leech Seed|p2a: Annihilape\n|-start|p2a: Annihilape|move: Leech Seed\n|move|p2b: Ting-Lu|Ruination|p1a: Wo-Chien\n|-damage|p1a: Wo-Chien|50\/100\n|\n|-heal|p2a: Annihilape|21\/100|[from] item: Leftovers\n|-heal|p1a: Wo-Chien|57\/100|[from] item: Leftovers\n|-damage|p2a: Annihilape|8\/100|[from] Leech Seed|[of] p1a: Wo-Chien\n|-heal|p1a: Wo-Chien|71\/100|[silent]\n|-damage|p2b: Ting-Lu|31\/100 brn|[from] Leech Seed|[of] p1a: Wo-Chien\n|-heal|p1a: Wo-Chien|87\/100|[silent]\n|-damage|p2b: Ting-Lu|25\/100 brn|[from] brn\n|upkeep\n|turn|10\n|\n|t:|1682563159\n|switch|p1b: Dragonite|Dragonite, L50, F|14\/100\n|move|p1a: Wo-Chien|Protect|p1a: Wo-Chien\n|-singleturn|p1a: Wo-Chien|Protect\n|move|p2a: Annihilape|Drain Punch|p1b: Dragonite\n|-resisted|p1b: Dragonite\n|-damage|p1b: Dragonite|0 fnt\n|-heal|p2a: Annihilape|14\/100|[from] drain|[of] p1b: Dragonite\n|faint|p1b: Dragonite\n|move|p2b: Ting-Lu|Ruination|p1a: Wo-Chien\n|-activate|p1a: Wo-Chien|move: Protect\n|\n|-heal|p2a: Annihilape|20\/100|[from] item: Leftovers\n|-heal|p1a: Wo-Chien|94\/100|[from] item: Leftovers\n|-damage|p2a: Annihilape|8\/100|[from] Leech Seed|[of] p1a: Wo-Chien\n|-heal|p1a: Wo-Chien|100\/100|[silent]\n|-damage|p2b: Ting-Lu|13\/100 brn|[from] Leech Seed|[of] p1a: Wo-Chien\n|-damage|p2b: Ting-Lu|7\/100 brn|[from] brn\n|upkeep\n|\n|t:|1682563178\n|switch|p1b: Chi-Yu|Chi-Yu, L50|82\/100\n|-ability|p1b: Chi-Yu|Beads of Ruin\n|turn|11\n|\n|t:|1682563196\n|move|p1b: Chi-Yu|Heat Wave|p2b: Ting-Lu|[spread] p2b\n|-miss|p1b: Chi-Yu|p2a: Annihilape\n|-crit|p2b: Ting-Lu\n|-damage|p2b: Ting-Lu|0 fnt\n|faint|p2b: Ting-Lu\n|move|p2a: Annihilape|Drain Punch|p1b: Chi-Yu\n|-supereffective|p1b: Chi-Yu\n|-damage|p1b: Chi-Yu|0 fnt\n|-heal|p2a: Annihilape|32\/100|[from] drain|[of] p1b: Chi-Yu\n|faint|p1b: Chi-Yu\n|move|p1a: Wo-Chien|Snarl|p2a: Annihilape\n|-damage|p2a: Annihilape|17\/100\n|-unboost|p2a: Annihilape|spa|1\n|-ability|p2a: Annihilape|Defiant|boost\n|-boost|p2a: Annihilape|atk|2\n|\n|-heal|p2a: Annihilape|23\/100|[from] item: Leftovers\n|-damage|p2a: Annihilape|10\/100|[from] Leech Seed|[of] p1a: Wo-Chien\n|upkeep\n|turn|12\n|inactive|exedra0711 has 30 seconds left.\n|inactive|exedra0711 has 20 seconds left.\n|inactive|exedra0711 has 15 seconds left.\n|\n|t:|1682563241\n|move|p2a: Annihilape|Drain Punch|p1a: Wo-Chien\n|-supereffective|p1a: Wo-Chien\n|-damage|p1a: Wo-Chien|0 fnt\n|-heal|p2a: Annihilape|54\/100|[from] drain|[of] p1a: Wo-Chien\n|faint|p1a: Wo-Chien\n|\n|win|Battlestorm\n|c|\u2606Battlestorm|gg\n","uploadtime":1682563252,"views":12,"p1id":"exedra0711","p2id":"battlestorm","formatid":"gen9vgc2023regulationc","rating":0,"private":0,"password":""}