{"id":"gen9vgc2023regulationc-1856972402","p1":"carlospe1205","p2":"Missioph","format":"[Gen 9] VGC 2023 Regulation C","log":"|j|\u2606carlospe1205\n|j|\u2606Missioph\n|t:|1683132122\n|gametype|doubles\n|player|p1|carlospe1205|bugsy|1139\n|player|p2|Missioph|infielder|1121\n|teamsize|p1|6\n|teamsize|p2|6\n|gen|9\n|tier|[Gen 9] VGC 2023 Regulation C\n|rated|\n|rule|Species Clause: Limit one of each Pok\u00e9mon\n|rule|Item Clause: Limit one of each item\n|clearpoke\n|poke|p1|Baxcalibur, L50, F|\n|poke|p1|Talonflame, L50, M|\n|poke|p1|Amoonguss, L50, F|\n|poke|p1|Grimmsnarl, L50, M|\n|poke|p1|Flutter Mane, L50|\n|poke|p1|Chi-Yu, L50|\n|poke|p2|Roaring Moon, L50|\n|poke|p2|Gholdengo, L50|\n|poke|p2|Iron Bundle, L50|\n|poke|p2|Iron Hands, L50|\n|poke|p2|Maushold-Four, L50|\n|poke|p2|Arcanine, L50, F|\n|teampreview|4\n|\n|t:|1683132162\n|start\n|switch|p1a: Krompus|Grimmsnarl, L50, M|100\/100\n|switch|p1b: Lourdes|Talonflame, L50, M|100\/100\n|switch|p2a: Iron Hands|Iron Hands, L50|100\/100\n|switch|p2b: Arcanine|Arcanine, L50, F|100\/100\n|-ability|p2b: Arcanine|Intimidate|boost\n|-unboost|p1a: Krompus|atk|1\n|-unboost|p1b: Lourdes|atk|1\n|turn|1\n|inactive|Battle timer is ON: inactive players will automatically lose when time's up. (requested by Missioph)\n|\n|t:|1683132179\n|move|p1a: Krompus|Fake Out|p2a: Iron Hands\n|-damage|p2a: Iron Hands|94\/100\n|move|p1b: Lourdes|Taunt|p2b: Arcanine\n|-start|p2b: Arcanine|move: Taunt\n|move|p2b: Arcanine|Snarl|p1a: Krompus|[spread] p1a,p1b\n|-resisted|p1a: Krompus\n|-damage|p1a: Krompus|98\/100\n|-damage|p1b: Lourdes|88\/100\n|-unboost|p1a: Krompus|spa|1\n|-unboost|p1b: Lourdes|spa|1\n|cant|p2a: Iron Hands|flinch\n|\n|upkeep\n|turn|2\n|inactive|carlospe1205 has 30 seconds left.\n|inactive|carlospe1205 has 20 seconds left.\n|inactive|carlospe1205 has 15 seconds left.\n|inactive|carlospe1205 has 10 seconds left.\n|\n|t:|1683132228\n|move|p2b: Arcanine|Extreme Speed|p1b: Lourdes\n|-damage|p1b: Lourdes|57\/100\n|move|p1a: Krompus|Reflect|p1a: Krompus\n|-sidestart|p1: carlospe1205|Reflect\n|move|p1b: Lourdes|Tailwind|p1b: Lourdes\n|-sidestart|p1: carlospe1205|move: Tailwind\n|move|p2a: Iron Hands|Close Combat|p1a: Krompus\n|-damage|p1a: Krompus|34\/100\n|-unboost|p2a: Iron Hands|def|1\n|-unboost|p2a: Iron Hands|spd|1\n|\n|upkeep\n|turn|3\n|\n|t:|1683132250\n|switch|p1b: Spiny|Baxcalibur, L50, F|100\/100\n|switch|p1a: AMOGUS|Amoonguss, L50, F|100\/100\n|move|p2b: Arcanine|Flare Blitz|p1a: AMOGUS\n|-supereffective|p1a: AMOGUS\n|-damage|p1a: AMOGUS|55\/100\n|-status|p1a: AMOGUS|brn\n|-damage|p2b: Arcanine|84\/100|[from] item: Rocky Helmet|[of] p1a: AMOGUS\n|-damage|p2b: Arcanine|67\/100|[from] Recoil\n|move|p2a: Iron Hands|Wild Charge|p1b: Spiny\n|-resisted|p1b: Spiny\n|-damage|p1b: Spiny|84\/100\n|-damage|p2a: Iron Hands|91\/100|[from] Recoil\n|\n|-damage|p1a: AMOGUS|49\/100 brn|[from] brn\n|-end|p2b: Arcanine|move: Taunt\n|upkeep\n|turn|4\n|inactive|Missioph has 30 seconds left.\n|\n|t:|1683132276\n|move|p1b: Spiny|Protect|p1b: Spiny\n|-singleturn|p1b: Spiny|Protect\n|move|p2b: Arcanine|Flare Blitz|p1a: AMOGUS\n|-supereffective|p1a: AMOGUS\n|-damage|p1a: AMOGUS|5\/100 brn\n|-damage|p2b: Arcanine|51\/100|[from] item: Rocky Helmet|[of] p1a: AMOGUS\n|-damage|p2b: Arcanine|35\/100|[from] Recoil\n|-enditem|p2b: Arcanine|Sitrus Berry|[eat]\n|-heal|p2b: Arcanine|60\/100|[from] item: Sitrus Berry\n|move|p1a: AMOGUS|Spore|p2a: Iron Hands\n|-status|p2a: Iron Hands|slp|[from] move: Spore\n|cant|p2a: Iron Hands|slp\n|\n|-damage|p1a: AMOGUS|0 fnt|[from] brn\n|faint|p1a: AMOGUS\n|upkeep\n|\n|t:|1683132286\n|switch|p1a: Lourdes|Talonflame, L50, M|57\/100\n|turn|5\n|\n|t:|1683132302\n|-end|p2a: Iron Hands|Quark Drive|[silent]\n|switch|p2a: Maushold|Maushold-Four, L50|100\/100\n|-terastallize|p1b: Spiny|Steel\n|move|p1a: Lourdes|Ember|p1b: Spiny\n|-supereffective|p1b: Spiny\n|-damage|p1b: Spiny|60\/100\n|-ability|p1b: Spiny|Thermal Exchange|boost\n|-boost|p1b: Spiny|atk|1\n|-enditem|p1b: Spiny|Weakness Policy\n|-boost|p1b: Spiny|atk|2|[from] item: Weakness Policy\n|-boost|p1b: Spiny|spa|2|[from] item: Weakness Policy\n|move|p1b: Spiny|Glaive Rush|p2b: Arcanine\n|-damage|p2b: Arcanine|0 fnt\n|-singlemove|p1b: Spiny|Glaive Rush|[silent]\n|faint|p2b: Arcanine\n|\n|-sideend|p1: carlospe1205|move: Tailwind\n|upkeep\n|\n|t:|1683132319\n|switch|p2b: Iron Bundle|Iron Bundle, L50|100\/100\n|turn|6\n|inactive|Missioph has 30 seconds left.\n|\n|t:|1683132345\n|-terastallize|p2b: Iron Bundle|Ghost\n|move|p1b: Spiny|Protect|p1b: Spiny\n|-singleturn|p1b: Spiny|Protect\n|move|p2b: Iron Bundle|Hydro Pump|p1a: Lourdes|[miss]\n|-miss|p2b: Iron Bundle|p1a: Lourdes\n|move|p1a: Lourdes|Tailwind|p1a: Lourdes\n|-sidestart|p1: carlospe1205|move: Tailwind\n|move|p2a: Maushold|Super Fang|p1b: Spiny\n|-activate|p1b: Spiny|move: Protect\n|\n|upkeep\n|turn|7\n|\n|t:|1683132366\n|move|p1a: Lourdes|Brave Bird|p2a: Maushold\n|-damage|p2a: Maushold|42\/100\n|-damage|p1a: Lourdes|34\/100|[from] Recoil\n|move|p1b: Spiny|Glaive Rush|p2b: Iron Bundle\n|-enditem|p2b: Iron Bundle|Focus Sash\n|-damage|p2b: Iron Bundle|1\/100\n|-singlemove|p1b: Spiny|Glaive Rush|[silent]\n|move|p2b: Iron Bundle|Hydro Pump|p1a: Lourdes\n|-supereffective|p1a: Lourdes\n|-damage|p1a: Lourdes|0 fnt\n|faint|p1a: Lourdes\n|move|p2a: Maushold|Super Fang|p1b: Spiny\n|-damage|p1b: Spiny|30\/100\n|\n|upkeep\n|\n|t:|1683132373\n|switch|p1a: Krompus|Grimmsnarl, L50, M|34\/100\n|turn|8\n|\n|t:|1683132388\n|move|p1a: Krompus|Fake Out|p2a: Maushold\n|-damage|p2a: Maushold|26\/100\n|move|p1b: Spiny|Ice Shard|p2b: Iron Bundle\n|-damage|p2b: Iron Bundle|0 fnt\n|faint|p2b: Iron Bundle\n|-end|p2b: Iron Bundle|Quark Drive|[silent]\n|cant|p2a: Maushold|flinch\n|\n|upkeep\n|\n|t:|1683132396\n|switch|p2b: Iron Hands|Iron Hands, L50|91\/100 slp\n|turn|9\n|inactive|carlospe1205 has 30 seconds left.\n|inactive|carlospe1205 has 20 seconds left.\n|\n|t:|1683132432\n|move|p1b: Spiny|Glaive Rush|p2b: Iron Hands\n|-damage|p2b: Iron Hands|12\/100 slp\n|-singlemove|p1b: Spiny|Glaive Rush|[silent]\n|move|p1a: Krompus|Spirit Break|p2a: Maushold\n|-damage|p2a: Maushold|0 fnt\n|faint|p2a: Maushold\n|cant|p2b: Iron Hands|slp\n|\n|-sideend|p1: carlospe1205|Reflect\n|-sideend|p1: carlospe1205|move: Tailwind\n|upkeep\n|turn|10\n|-message|Missioph forfeited.\n|\n|win|carlospe1205\n|raw|carlospe1205's rating: 1139 → 1163<\/strong> (+24 for winning)\n|raw|Missioph's rating: 1121 → 1097<\/strong> (-24 for losing)\n|l|\u2606Missioph\n","uploadtime":1683132463,"views":12,"p1id":"carlospe1205","p2id":"missioph","formatid":"gen9vgc2023regulationc","rating":1097,"private":0,"password":""}