{"id":"gen9vgc2023regulationc-1852120101","p1":"Plomie","p2":"qwhgajs","format":"[Gen 9] VGC 2023 Regulation C","log":"|j|\u2606Plomie\n|j|\u2606qwhgajs\n|t:|1682525763\n|gametype|doubles\n|player|p1|Plomie|169|1022\n|player|p2|qwhgajs|1|1118\n|teamsize|p1|6\n|teamsize|p2|6\n|gen|9\n|tier|[Gen 9] VGC 2023 Regulation C\n|rated|\n|rule|Species Clause: Limit one of each Pok\u00e9mon\n|rule|Item Clause: Limit one of each item\n|clearpoke\n|poke|p1|Dudunsparce-*, L50, M|\n|poke|p1|Pincurchin, L50, F|\n|poke|p1|Espathra, L50, M|\n|poke|p1|Gholdengo, L50|\n|poke|p1|Hydreigon, L50, F|\n|poke|p1|Iron Valiant, L50|\n|poke|p2|Palafin, L50, M|\n|poke|p2|Amoonguss, L50, F|\n|poke|p2|Arcanine, L50, M|\n|poke|p2|Flutter Mane, L50|\n|poke|p2|Kingambit, L50, F|\n|poke|p2|Baxcalibur, L50, F|\n|teampreview|4\n|inactive|Battle timer is ON: inactive players will automatically lose when time's up. (requested by Plomie)\n|inactive|qwhgajs has 60 seconds left.\n|inactive|qwhgajs has 30 seconds left.\n|inactive|qwhgajs has 20 seconds left.\n|inactive|qwhgajs has 15 seconds left.\n|inactive|qwhgajs has 10 seconds left.\n|inactive|qwhgajs has 5 seconds left.\n|\n|t:|1682525888\n|start\n|switch|p1a: Pincurchin|Pincurchin, L50, F|100\/100\n|switch|p1b: Iron Valiant|Iron Valiant, L50|100\/100\n|switch|p2a: Amoonguss|Amoonguss, L50, F|100\/100\n|switch|p2b: Kingambit|Kingambit, L50, F|100\/100\n|-fieldstart|move: Electric Terrain|[from] ability: Electric Surge|[of] p1a: Pincurchin\n|-activate|p1b: Iron Valiant|ability: Quark Drive\n|-start|p1b: Iron Valiant|quarkdrivespe\n|turn|1\n|inactive|qwhgajs has 30 seconds left.\n|inactive|qwhgajs has 20 seconds left.\n|inactive|qwhgajs has 15 seconds left.\n|inactive|qwhgajs has 10 seconds left.\n|inactive|qwhgajs has 5 seconds left.\n|\n|t:|1682525940\n|switch|p2b: Flutter Mane|Flutter Mane, L50|100\/100\n|-enditem|p2b: Flutter Mane|Booster Energy\n|-activate|p2b: Flutter Mane|ability: Protosynthesis|[fromitem]\n|-start|p2b: Flutter Mane|protosynthesisspa\n|switch|p2a: Baxcalibur|Baxcalibur, L50, F|100\/100\n|move|p1a: Pincurchin|Sucker Punch||[still]\n|-fail|p1a: Pincurchin\n|move|p1b: Iron Valiant|Close Combat|p2b: Flutter Mane\n|-immune|p2b: Flutter Mane\n|\n|upkeep\n|turn|2\n|inactive|qwhgajs has 30 seconds left.\n|inactive|qwhgajs has 20 seconds left.\n|\n|t:|1682525978\n|-terastallize|p1b: Iron Valiant|Fairy\n|-terastallize|p2a: Baxcalibur|Poison\n|move|p1b: Iron Valiant|Dazzling Gleam|p2a: Baxcalibur|[spread] p2a,p2b\n|-resisted|p2a: Baxcalibur\n|-damage|p2a: Baxcalibur|84\/100\n|-damage|p2b: Flutter Mane|60\/100\n|move|p2b: Flutter Mane|Dazzling Gleam|p1a: Pincurchin|[spread] p1a,p1b\n|-damage|p1a: Pincurchin|53\/100\n|-damage|p1b: Iron Valiant|24\/100\n|move|p2a: Baxcalibur|Glaive Rush|p1a: Pincurchin\n|-crit|p1a: Pincurchin\n|-damage|p1a: Pincurchin|0 fnt\n|-singlemove|p2a: Baxcalibur|Glaive Rush|[silent]\n|faint|p1a: Pincurchin\n|\n|upkeep\n|\n|t:|1682525994\n|switch|p1a: Gholdengo|Gholdengo, L50|100\/100\n|turn|3\n|\n|t:|1682526001\n|move|p2a: Baxcalibur|Ice Shard|p1b: Iron Valiant\n|-damage|p1b: Iron Valiant|0 fnt\n|faint|p1b: Iron Valiant\n|-end|p1b: Iron Valiant|Quark Drive|[silent]\n|move|p2b: Flutter Mane|Shadow Ball|p1a: Gholdengo\n|-supereffective|p1a: Gholdengo\n|-damage|p1a: Gholdengo|0 fnt\n|faint|p1a: Gholdengo\n|\n|upkeep\n|\n|t:|1682526010\n|switch|p1a: Hydreigon|Hydreigon, L50, F|100\/100\n|turn|4\n|\n|t:|1682526020\n|move|p1a: Hydreigon|Protect|p1a: Hydreigon\n|-singleturn|p1a: Hydreigon|Protect\n|move|p2b: Flutter Mane|Moonblast|p1a: Hydreigon\n|-activate|p1a: Hydreigon|move: Protect\n|move|p2a: Baxcalibur|Glaive Rush|p1a: Hydreigon\n|-activate|p1a: Hydreigon|move: Protect\n|\n|upkeep\n|turn|5\n|-message|Plomie forfeited.\n|\n|win|qwhgajs\n|raw|Plomie's rating: 1022 → 1012<\/strong> (-10 for losing)\n|raw|qwhgajs's rating: 1118 → 1136<\/strong> (+18 for winning)\n|l|\u2606Plomie\n","uploadtime":1682526034,"views":15,"p1id":"plomie","p2id":"qwhgajs","formatid":"gen9vgc2023regulationc","rating":1012,"private":0,"password":""}