{"id":"gen9vgc2023regulationc-1848203287","p1":"CJMTT","p2":"Crusaderofni","format":"[Gen 9] VGC 2023 Regulation C","log":"|j|\u2606CJMTT\n|j|\u2606Crusaderofni\n|t:|1682042012\n|gametype|doubles\n|player|p1|CJMTT|ethan|1164\n|player|p2|Crusaderofni|102|1154\n|teamsize|p1|6\n|teamsize|p2|6\n|gen|9\n|tier|[Gen 9] VGC 2023 Regulation C\n|rated|\n|rule|Species Clause: Limit one of each Pok\u00e9mon\n|rule|Item Clause: Limit one of each item\n|clearpoke\n|poke|p1|Mimikyu, L50, M|\n|poke|p1|Azumarill, L50, M|\n|poke|p1|Glimmora, L50, M|\n|poke|p1|Chi-Yu, L50|\n|poke|p1|Ting-Lu, L50|\n|poke|p1|Dragapult, L50, F|\n|poke|p2|Tyranitar, L50, F|\n|poke|p2|Lycanroc, L50, M|\n|poke|p2|Great Tusk, L50|\n|poke|p2|Iron Bundle, L50|\n|poke|p2|Gholdengo, L50|\n|poke|p2|Talonflame, L50, M|\n|teampreview|4\n|inactive|Battle timer is ON: inactive players will automatically lose when time's up. (requested by CJMTT)\n|\n|t:|1682042040\n|start\n|switch|p1a: Glimmora|Glimmora, L50, M|100\/100\n|switch|p1b: Mimikyu|Mimikyu, L50, M|100\/100\n|switch|p2a: Gholdengo|Gholdengo, L50|100\/100\n|switch|p2b: Great Tusk|Great Tusk, L50|100\/100\n|turn|1\n|inactive|CJMTT has 30 seconds left.\n|\n|t:|1682042066\n|move|p1b: Mimikyu|Shadow Sneak|p2a: Gholdengo\n|-supereffective|p2a: Gholdengo\n|-damage|p2a: Gholdengo|47\/100\n|-damage|p1b: Mimikyu|91\/100|[from] item: Life Orb\n|move|p2b: Great Tusk|Headlong Rush|p1a: Glimmora\n|-supereffective|p1a: Glimmora\n|-enditem|p1a: Glimmora|Focus Sash\n|-damage|p1a: Glimmora|1\/100\n|-unboost|p2b: Great Tusk|def|1\n|-unboost|p2b: Great Tusk|spd|1\n|-activate|p1a: Glimmora|ability: Toxic Debris\n|-sidestart|p2: Crusaderofni|move: Toxic Spikes\n|-damage|p2b: Great Tusk|90\/100|[from] item: Life Orb\n|move|p1a: Glimmora|Earth Power|p2a: Gholdengo\n|-supereffective|p2a: Gholdengo\n|-damage|p2a: Gholdengo|0 fnt\n|faint|p2a: Gholdengo\n|\n|upkeep\n|\n|t:|1682042075\n|switch|p2a: Iron Bundle|Iron Bundle, L50|100\/100\n|-status|p2a: Iron Bundle|psn\n|-enditem|p2a: Iron Bundle|Booster Energy\n|-activate|p2a: Iron Bundle|ability: Quark Drive|[fromitem]\n|-start|p2a: Iron Bundle|quarkdrivespe\n|turn|2\n|\n|t:|1682042090\n|move|p1a: Glimmora|Spiky Shield|p1a: Glimmora\n|-singleturn|p1a: Glimmora|move: Protect\n|move|p2a: Iron Bundle|Icy Wind|p1a: Glimmora|[spread] p1b\n|-activate|p1a: Glimmora|move: Protect\n|-activate|p1b: Mimikyu|ability: Disguise\n|-damage|p1b: Mimikyu|91\/100\n|-unboost|p1b: Mimikyu|spe|1\n|detailschange|p1b: Mimikyu|Mimikyu-Busted, L50, M\n|-damage|p1b: Mimikyu|78\/100|[from] pokemon: Mimikyu-Busted\n|move|p2b: Great Tusk|Headlong Rush|p1b: Mimikyu\n|-damage|p1b: Mimikyu|0 fnt\n|-unboost|p2b: Great Tusk|def|1\n|-unboost|p2b: Great Tusk|spd|1\n|faint|p1b: Mimikyu\n|-damage|p2b: Great Tusk|80\/100|[from] item: Life Orb\n|\n|-damage|p2a: Iron Bundle|88\/100 psn|[from] psn\n|upkeep\n|\n|t:|1682042109\n|switch|p1b: Azumarill|Azumarill, L50, M|100\/100\n|turn|3\n|\n|t:|1682042123\n|-terastallize|p1b: Azumarill|Water\n|move|p1b: Azumarill|Aqua Jet|p2b: Great Tusk\n|-supereffective|p2b: Great Tusk\n|-damage|p2b: Great Tusk|0 fnt\n|faint|p2b: Great Tusk\n|-end|p2b: Great Tusk|Protosynthesis|[silent]\n|move|p2a: Iron Bundle|Freeze-Dry|p1b: Azumarill\n|-supereffective|p1b: Azumarill\n|-damage|p1b: Azumarill|51\/100\n|move|p1a: Glimmora|Power Gem|p2a: Iron Bundle\n|-supereffective|p2a: Iron Bundle\n|-damage|p2a: Iron Bundle|0 fnt\n|faint|p2a: Iron Bundle\n|-end|p2a: Iron Bundle|Quark Drive|[silent]\n|\n|upkeep\n|\n|t:|1682042134\n|switch|p2a: Tyranitar|Tyranitar, L50, F|100\/100\n|-status|p2a: Tyranitar|psn\n|-weather|Sandstorm|[from] ability: Sand Stream|[of] p2a: Tyranitar\n|turn|4\n|\n|t:|1682042146\n|-terastallize|p2a: Tyranitar|Flying\n|move|p1a: Glimmora|Earth Power|p2a: Tyranitar\n|-immune|p2a: Tyranitar\n|move|p2a: Tyranitar|Rock Slide|p1a: Glimmora|[spread] p1a,p1b\n|-damage|p1a: Glimmora|0 fnt\n|-damage|p1b: Azumarill|16\/100\n|-activate|p1a: Glimmora|ability: Toxic Debris\n|-sidestart|p2: Crusaderofni|move: Toxic Spikes\n|faint|p1a: Glimmora\n|cant|p1b: Azumarill|flinch\n|\n|-weather|Sandstorm|[upkeep]\n|-damage|p2a: Tyranitar|95\/100 psn|[from] Sandstorm\n|-damage|p1b: Azumarill|10\/100|[from] Sandstorm\n|-damage|p2a: Tyranitar|83\/100 psn|[from] psn\n|upkeep\n|\n|t:|1682042162\n|switch|p1a: Dragapult|Dragapult, L50, F|100\/100\n|turn|5\n|\n|t:|1682042172\n|move|p1b: Azumarill|Aqua Jet|p2a: Tyranitar\n|-damage|p2a: Tyranitar|57\/100 psn\n|move|p1a: Dragapult|Dragon Darts|p2a: Tyranitar\n|-damage|p2a: Tyranitar|29\/100 psn\n|-anim|p1a: Dragapult|Dragon Darts|p2a: Tyranitar\n|-damage|p2a: Tyranitar|0 fnt\n|faint|p2a: Tyranitar\n|\n|win|CJMTT\n|raw|CJMTT's rating: 1164 → 1188<\/strong> (+24 for winning)\n|raw|Crusaderofni's rating: 1154 → 1130<\/strong> (-24 for losing)\n","uploadtime":1682042182,"views":10,"p1id":"cjmtt","p2id":"crusaderofni","formatid":"gen9vgc2023regulationc","rating":1130,"private":0,"password":""}