{"id":"gen9vgc2023regulationc-1847721794","p1":"furtu6","p2":"Prompto88","format":"[Gen 9] VGC 2023 Regulation C","log":"|j|\u2606furtu6\n|j|\u2606Prompto88\n|t:|1681996151\n|gametype|doubles\n|player|p1|furtu6|cyrus|1240\n|player|p2|Prompto88|2|1216\n|teamsize|p1|6\n|teamsize|p2|6\n|gen|9\n|tier|[Gen 9] VGC 2023 Regulation C\n|rated|\n|rule|Species Clause: Limit one of each Pok\u00e9mon\n|rule|Item Clause: Limit one of each item\n|clearpoke\n|poke|p1|Chien-Pao, L50|\n|poke|p1|Chi-Yu, L50|\n|poke|p1|Brute Bonnet, L50|\n|poke|p1|Muk, L50, F|\n|poke|p1|Flareon, L50, M|\n|poke|p1|Torkoal, L50, M|\n|poke|p2|Palafin, L50, F|\n|poke|p2|Arcanine, L50, F|\n|poke|p2|Garganacl, L50, F|\n|poke|p2|Maushold, L50|\n|poke|p2|Ting-Lu, L50|\n|poke|p2|Wo-Chien, L50|\n|teampreview|4\n|inactive|Battle timer is ON: inactive players will automatically lose when time's up. (requested by Prompto88)\n|inactive|Prompto88 has 60 seconds left.\n|\n|t:|1681996198\n|start\n|switch|p1a: Torkoal|Torkoal, L50, M, shiny|100\/100\n|switch|p1b: Brute Bonnet|Brute Bonnet, L50|100\/100\n|switch|p2a: Arcanine|Arcanine, L50, F|100\/100\n|switch|p2b: Garganacl|Garganacl, L50, F|100\/100\n|-ability|p2a: Arcanine|Intimidate|boost\n|-unboost|p1a: Torkoal|atk|1\n|-unboost|p1b: Brute Bonnet|atk|1\n|-weather|SunnyDay|[from] ability: Drought|[of] p1a: Torkoal\n|-activate|p1b: Brute Bonnet|ability: Protosynthesis\n|-start|p1b: Brute Bonnet|protosynthesisatk\n|turn|1\n|inactive|furtu6 has 30 seconds left.\n|\n|t:|1681996228\n|move|p2a: Arcanine|Will-O-Wisp|p1b: Brute Bonnet\n|-status|p1b: Brute Bonnet|brn\n|move|p1b: Brute Bonnet|Bullet Seed|p2b: Garganacl\n|-supereffective|p2b: Garganacl\n|-damage|p2b: Garganacl|93\/100\n|-supereffective|p2b: Garganacl\n|-damage|p2b: Garganacl|85\/100\n|-supereffective|p2b: Garganacl\n|-damage|p2b: Garganacl|77\/100\n|-supereffective|p2b: Garganacl\n|-damage|p2b: Garganacl|69\/100\n|-hitcount|p2b: Garganacl|4\n|move|p2b: Garganacl|Salt Cure|p1b: Brute Bonnet\n|-damage|p1b: Brute Bonnet|89\/100 brn\n|-start|p1b: Brute Bonnet|Salt Cure\n|move|p1a: Torkoal|Stealth Rock|p2a: Arcanine\n|-sidestart|p2: Prompto88|move: Stealth Rock\n|\n|-weather|SunnyDay|[upkeep]\n|-heal|p2b: Garganacl|74\/100|[from] item: Leftovers\n|-damage|p1b: Brute Bonnet|84\/100 brn|[from] brn\n|-damage|p1b: Brute Bonnet|71\/100 brn|[from] Salt Cure\n|upkeep\n|turn|2\n|inactive|furtu6 has 30 seconds left.\n|\n|t:|1681996260\n|move|p2a: Arcanine|Flare Blitz|p1b: Brute Bonnet\n|-supereffective|p1b: Brute Bonnet\n|-damage|p1b: Brute Bonnet|0 fnt\n|faint|p1b: Brute Bonnet\n|-end|p1b: Brute Bonnet|Protosynthesis|[silent]\n|-damage|p2a: Arcanine|74\/100|[from] Recoil\n|move|p2b: Garganacl|Recover|p2b: Garganacl\n|-heal|p2b: Garganacl|100\/100\n|move|p1a: Torkoal|Earth Power|p2b: Garganacl\n|-supereffective|p2b: Garganacl\n|-damage|p2b: Garganacl|73\/100\n|\n|-weather|SunnyDay|[upkeep]\n|-heal|p2b: Garganacl|79\/100|[from] item: Leftovers\n|upkeep\n|\n|t:|1681996272\n|switch|p1b: Chi-Yu|Chi-Yu, L50|100\/100\n|-ability|p1b: Chi-Yu|Beads of Ruin\n|turn|3\n|\n|t:|1681996287\n|switch|p2a: Ting-Lu|Ting-Lu, L50|100\/100\n|-damage|p2a: Ting-Lu|94\/100|[from] Stealth Rock\n|-ability|p2a: Ting-Lu|Vessel of Ruin\n|move|p1b: Chi-Yu|Dark Pulse|p2a: Ting-Lu\n|-resisted|p2a: Ting-Lu\n|-damage|p2a: Ting-Lu|81\/100\n|move|p2b: Garganacl|Salt Cure|p1b: Chi-Yu\n|-supereffective|p1b: Chi-Yu\n|-damage|p1b: Chi-Yu|53\/100\n|-start|p1b: Chi-Yu|Salt Cure\n|move|p1a: Torkoal|Earth Power|p2b: Garganacl\n|-supereffective|p2b: Garganacl\n|-damage|p2b: Garganacl|53\/100\n|\n|-weather|SunnyDay|[upkeep]\n|-heal|p2b: Garganacl|59\/100|[from] item: Leftovers\n|-damage|p1b: Chi-Yu|41\/100|[from] Salt Cure\n|upkeep\n|turn|4\n|inactive|Prompto88 has 30 seconds left.\n|inactive|Prompto88 has 20 seconds left.\n|inactive|Prompto88 has 15 seconds left.\n|\n|t:|1681996329\n|switch|p1b: Chien-Pao|Chien-Pao, L50|100\/100\n|-ability|p1b: Chien-Pao|Sword of Ruin\n|move|p2b: Garganacl|Protect|p2b: Garganacl\n|-singleturn|p2b: Garganacl|Protect\n|move|p2a: Ting-Lu|Sand Tomb|p1b: Chien-Pao\n|-damage|p1b: Chien-Pao|81\/100\n|-activate|p1b: Chien-Pao|move: Sand Tomb|[of] p2a: Ting-Lu\n|move|p1a: Torkoal|Earth Power|p2b: Garganacl\n|-activate|p2b: Garganacl|move: Protect\n|\n|-weather|SunnyDay|[upkeep]\n|-heal|p2b: Garganacl|65\/100|[from] item: Leftovers\n|-damage|p1b: Chien-Pao|69\/100|[from] move: Sand Tomb|[partiallytrapped]\n|upkeep\n|turn|5\n|\n|t:|1681996349\n|switch|p2b: Arcanine|Arcanine, L50, F|74\/100\n|-damage|p2b: Arcanine|50\/100|[from] Stealth Rock\n|-ability|p2b: Arcanine|Intimidate|boost\n|-unboost|p1a: Torkoal|atk|1\n|-unboost|p1b: Chien-Pao|atk|1\n|-enditem|p2b: Arcanine|Sitrus Berry|[eat]\n|-heal|p2b: Arcanine|74\/100|[from] item: Sitrus Berry\n|-terastallize|p1b: Chien-Pao|Dark\n|move|p1b: Chien-Pao|Ice Spinner|p2a: Ting-Lu\n|-supereffective|p2a: Ting-Lu\n|-damage|p2a: Ting-Lu|46\/100\n|move|p2a: Ting-Lu|Ruination|p1b: Chien-Pao\n|-damage|p1b: Chien-Pao|35\/100\n|move|p1a: Torkoal|Earth Power|p2b: Arcanine\n|-supereffective|p2b: Arcanine\n|-damage|p2b: Arcanine|48\/100\n|\n|-weather|none\n|-damage|p1b: Chien-Pao|22\/100|[from] move: Sand Tomb|[partiallytrapped]\n|upkeep\n|turn|6\n|inactive|Prompto88 has 30 seconds left.\n|\n|t:|1681996376\n|-terastallize|p2a: Ting-Lu|Water\n|move|p2b: Arcanine|Protect|p2b: Arcanine\n|-singleturn|p2b: Arcanine|Protect\n|move|p1b: Chien-Pao|Ice Spinner|p2a: Ting-Lu\n|-resisted|p2a: Ting-Lu\n|-damage|p2a: Ting-Lu|38\/100\n|move|p2a: Ting-Lu|Snarl|p1b: Chien-Pao|[spread] p1a,p1b\n|-resisted|p1b: Chien-Pao\n|-damage|p1a: Torkoal|89\/100\n|-damage|p1b: Chien-Pao|17\/100\n|-unboost|p1a: Torkoal|spa|1\n|-unboost|p1b: Chien-Pao|spa|1\n|move|p1a: Torkoal|Earth Power|p2a: Ting-Lu\n|-damage|p2a: Ting-Lu|34\/100\n|\n|-damage|p1b: Chien-Pao|4\/100|[from] move: Sand Tomb|[partiallytrapped]\n|upkeep\n|turn|7\n|\n|t:|1681996395\n|move|p2b: Arcanine|Extreme Speed|p1b: Chien-Pao\n|-damage|p1b: Chien-Pao|0 fnt\n|faint|p1b: Chien-Pao\n|move|p2a: Ting-Lu|Sand Tomb|p1a: Torkoal\n|-supereffective|p1a: Torkoal\n|-damage|p1a: Torkoal|74\/100\n|-activate|p1a: Torkoal|move: Sand Tomb|[of] p2a: Ting-Lu\n|move|p1a: Torkoal|Earth Power|p2b: Arcanine\n|-supereffective|p2b: Arcanine\n|-damage|p2b: Arcanine|28\/100\n|-unboost|p2b: Arcanine|spd|1\n|\n|-damage|p1a: Torkoal|62\/100|[from] move: Sand Tomb|[partiallytrapped]\n|upkeep\n|\n|t:|1681996407\n|switch|p1b: Chi-Yu|Chi-Yu, L50|41\/100\n|-ability|p1b: Chi-Yu|Beads of Ruin\n|turn|8\n|\n|t:|1681996415\n|move|p2b: Arcanine|Extreme Speed|p1b: Chi-Yu\n|-damage|p1b: Chi-Yu|5\/100\n|move|p1b: Chi-Yu|Dark Pulse|p2a: Ting-Lu\n|-damage|p2a: Ting-Lu|7\/100\n|move|p2a: Ting-Lu|Sand Tomb|p1b: Chi-Yu\n|-supereffective|p1b: Chi-Yu\n|-damage|p1b: Chi-Yu|0 fnt\n|faint|p1b: Chi-Yu\n|move|p1a: Torkoal|Earth Power|p2b: Arcanine\n|-supereffective|p2b: Arcanine\n|-damage|p2b: Arcanine|5\/100\n|\n|-damage|p1a: Torkoal|49\/100|[from] move: Sand Tomb|[partiallytrapped]\n|upkeep\n|turn|9\n|\n|t:|1681996432\n|move|p2b: Arcanine|Extreme Speed|p1a: Torkoal\n|-damage|p1a: Torkoal|37\/100\n|-damage|p2b: Arcanine|0 fnt|[from] item: Rocky Helmet|[of] p1a: Torkoal\n|faint|p2b: Arcanine\n|move|p2a: Ting-Lu|Ruination|p1a: Torkoal\n|-damage|p1a: Torkoal|19\/100\n|move|p1a: Torkoal|Heat Wave|p2a: Ting-Lu\n|-resisted|p2a: Ting-Lu\n|-damage|p2a: Ting-Lu|4\/100\n|\n|-damage|p1a: Torkoal|6\/100|[from] move: Sand Tomb|[partiallytrapped]\n|upkeep\n|\n|t:|1681996444\n|switch|p2b: Garganacl|Garganacl, L50, F|65\/100\n|-damage|p2b: Garganacl|53\/100|[from] Stealth Rock\n|turn|10\n|\n|t:|1681996451\n|move|p2a: Ting-Lu|Sand Tomb|p1a: Torkoal\n|-supereffective|p1a: Torkoal\n|-damage|p1a: Torkoal|0 fnt\n|faint|p1a: Torkoal\n|\n|win|Prompto88\n|raw|furtu6's rating: 1240 → 1213<\/strong> (-27 for losing)\n|raw|Prompto88's rating: 1216 → 1243<\/strong> (+27 for winning)\n|l|\u2606furtu6\n","uploadtime":1681996458,"views":8,"p1id":"furtu6","p2id":"prompto88","formatid":"gen9vgc2023regulationc","rating":1213,"private":0,"password":""}