{"id":"gen9vgc2023regulationc-1863409734","p1":"HoodWNKD","p2":"bennoVGC","format":"[Gen 9] VGC 2023 Regulation C","log":"|j|\u2606HoodWNKD\n|j|\u2606bennoVGC\n|t:|1684013385\n|gametype|doubles\n|player|p1|HoodWNKD|juan|\n|player|p2|bennoVGC|101|\n|teamsize|p1|6\n|teamsize|p2|6\n|gen|9\n|tier|[Gen 9] VGC 2023 Regulation C\n|rated|Tournament battle\n|rule|Species Clause: Limit one of each Pok\u00e9mon\n|rule|Item Clause: Limit one of each item\n|clearpoke\n|poke|p1|Amoonguss, L50, F|\n|poke|p1|Arcanine, L50, F|\n|poke|p1|Rotom-Wash, L50|\n|poke|p1|Annihilape, L50, M|\n|poke|p1|Chien-Pao, L50|\n|poke|p1|Ting-Lu, L50|\n|poke|p2|Palafin, L50, M|\n|poke|p2|Arcanine, L50, F|\n|poke|p2|Flutter Mane, L50|\n|poke|p2|Amoonguss, L50, M|\n|poke|p2|Pawmot, L50, F|\n|poke|p2|Ting-Lu, L50|\n|teampreview|4\n|raw| Open Team Sheet for HoodWNKD<\/summary>Amoonguss @ Rocky Helmet Ability: Regenerator Level: 50 Tera Type: Water - Pollen Puff - Clear Smog - Spore - Rage Powder Arcanine @ Sitrus Berry Ability: Intimidate Level: 50 Tera Type: Water - Flare Blitz - Extreme Speed - Helping Hand - Will-O-Wisp Rotom (Rotom-Wash) @ Life Orb Ability: Levitate Level: 50 Tera Type: Grass - Thunderbolt - Hydro Pump - Nasty Plot - Protect Annihilape @ Leftovers Ability: Defiant Level: 50 Tera Type: Fire - Rage Fist - Drain Punch - Bulk Up - Protect Chien-Pao @ Focus Sash Ability: Sword of Ruin Level: 50 Tera Type: Ghost - Ice Spinner - Sucker Punch - Sacred Sword - Protect Ting-Lu @ Assault Vest Ability: Vessel of Ruin Level: 50 Tera Type: Poison - Stomping Tantrum - Rock Slide - Throat Chop - Heavy Slam <\/details><\/div> Open Team Sheet for bennoVGC<\/summary>Palafin @ Mystic Water Ability: Zero to Hero Level: 50 Shiny: Yes Tera Type: Water - Jet Punch - Wave Crash - Protect - Taunt Arcanine @ Safety Goggles Ability: Intimidate Level: 50 Shiny: Yes Tera Type: Water - Protect - Flare Blitz - Will-O-Wisp - Extreme Speed Flutter Mane @ Choice Specs Ability: Protosynthesis Level: 50 Shiny: Yes Tera Type: Grass - Dazzling Gleam - Moonblast - Shadow Ball - Thunderbolt Amoonguss @ Sitrus Berry Ability: Regenerator Level: 50 Shiny: Yes Tera Type: Water - Clear Smog - Spore - Rage Powder - Pollen Puff Pawmot @ Focus Sash Ability: Natural Cure Level: 50 Shiny: Yes Tera Type: Electric - Fake Out - Double Shock - Close Combat - Revival Blessing Ting-Lu @ Assault Vest Ability: Vessel of Ruin Level: 50 Tera Type: Poison - Ruination - Heavy Slam - Stomping Tantrum - Sand Tomb <\/details><\/div>\n|c|\u2606HoodWNKD|gl hf\n|c|\u2606bennoVGC|gl hf :D\n|j| glowbrogang\n|j| Wottl3y\n|\n|t:|1684013449\n|start\n|switch|p1a: Rotom|Rotom-Wash, L50|100\/100\n|switch|p1b: Chien-Pao|Chien-Pao, L50|100\/100\n|switch|p2a: Palafin|Palafin, L50, M, shiny|100\/100\n|switch|p2b: Flutter Mane|Flutter Mane, L50, shiny|100\/100\n|-ability|p1b: Chien-Pao|Sword of Ruin\n|turn|1\n|\n|t:|1684013489\n|detailschange|p2a: Palafin|Palafin-Hero, L50, M, shiny\n|switch|p2a: Arcanine|Arcanine, L50, F, shiny|100\/100\n|-ability|p2a: Arcanine|Intimidate|boost\n|-unboost|p1a: Rotom|atk|1\n|-unboost|p1b: Chien-Pao|atk|1\n|move|p1b: Chien-Pao|Protect|p1b: Chien-Pao\n|-singleturn|p1b: Chien-Pao|Protect\n|move|p2b: Flutter Mane|Dazzling Gleam|p1a: Rotom|[spread] p1a\n|-activate|p1b: Chien-Pao|move: Protect\n|-crit|p1a: Rotom\n|-damage|p1a: Rotom|2\/100\n|move|p1a: Rotom|Thunderbolt|p2a: Arcanine\n|-damage|p2a: Arcanine|43\/100\n|-damage|p1a: Rotom|0 fnt|[from] item: Life Orb\n|faint|p1a: Rotom\n|\n|upkeep\n|\n|t:|1684013496\n|switch|p1a: Annihilape|Annihilape, L50, M|100\/100\n|turn|2\n|\n|t:|1684013533\n|switch|p1b: Ting-Lu|Ting-Lu, L50|100\/100\n|-ability|p1b: Ting-Lu|Vessel of Ruin\n|-terastallize|p1a: Annihilape|Fire\n|move|p2b: Flutter Mane|Dazzling Gleam|p1a: Annihilape|[spread] p1a,p1b\n|-resisted|p1a: Annihilape\n|-supereffective|p1b: Ting-Lu\n|-damage|p1a: Annihilape|84\/100\n|-damage|p1b: Ting-Lu|63\/100\n|move|p2a: Arcanine|Flare Blitz|p1b: Ting-Lu\n|-damage|p1b: Ting-Lu|35\/100\n|-damage|p2a: Arcanine|31\/100|[from] Recoil\n|move|p1a: Annihilape|Bulk Up|p1a: Annihilape\n|-boost|p1a: Annihilape|atk|1\n|-boost|p1a: Annihilape|def|1\n|\n|-heal|p1a: Annihilape|90\/100|[from] item: Leftovers\n|upkeep\n|turn|3\n|\n|t:|1684013574\n|move|p2b: Flutter Mane|Dazzling Gleam|p1b: Ting-Lu|[spread] p1a,p1b\n|-resisted|p1a: Annihilape\n|-supereffective|p1b: Ting-Lu\n|-damage|p1a: Annihilape|74\/100\n|-damage|p1b: Ting-Lu|0 fnt\n|faint|p1b: Ting-Lu\n|move|p2a: Arcanine|Flare Blitz|p1a: Annihilape\n|-resisted|p1a: Annihilape\n|-damage|p1a: Annihilape|58\/100\n|-damage|p2a: Arcanine|25\/100|[from] Recoil\n|move|p1a: Annihilape|Rage Fist|p2b: Flutter Mane\n|-supereffective|p2b: Flutter Mane\n|-damage|p2b: Flutter Mane|0 fnt\n|faint|p2b: Flutter Mane\n|-end|p2b: Flutter Mane|Protosynthesis|[silent]\n|\n|-heal|p1a: Annihilape|64\/100|[from] item: Leftovers\n|upkeep\n|\n|t:|1684013595\n|switch|p2b: Pawmot|Pawmot, L50, F, shiny|100\/100\n|switch|p1b: Chien-Pao|Chien-Pao, L50|100\/100\n|-ability|p1b: Chien-Pao|Sword of Ruin\n|turn|4\n|j| Dragonair2Fair\n|\n|t:|1684013627\n|move|p2a: Arcanine|Extreme Speed|p1b: Chien-Pao\n|-damage|p1b: Chien-Pao|68\/100\n|move|p1b: Chien-Pao|Sacred Sword|p2a: Arcanine\n|-damage|p2a: Arcanine|0 fnt\n|faint|p2a: Arcanine\n|move|p2b: Pawmot|Revival Blessing|p2b: Pawmot\n|l| Dragonair2Fair\n|\n|t:|1684013642\n|-heal|p2: Flutter Mane|50\/100|[from] move: Revival Blessing\n|move|p1a: Annihilape|Rage Fist|p2b: Pawmot\n|-enditem|p2b: Pawmot|Focus Sash\n|-damage|p2b: Pawmot|1\/100\n|\n|-heal|p1a: Annihilape|70\/100|[from] item: Leftovers\n|upkeep\n|\n|t:|1684013646\n|switch|p2a: Palafin|Palafin-Hero, L50, M, shiny|100\/100\n|-activate|p2a: Palafin|ability: Zero to Hero\n|turn|5\n|l| glowbrogang\n|\n|t:|1684013671\n|-terastallize|p2a: Palafin|Water\n|move|p1a: Annihilape|Protect|p1a: Annihilape\n|-singleturn|p1a: Annihilape|Protect\n|move|p1b: Chien-Pao|Sucker Punch|p2a: Palafin\n|-damage|p2a: Palafin|57\/100\n|move|p2a: Palafin|Jet Punch|p1b: Chien-Pao\n|-damage|p1b: Chien-Pao|0 fnt\n|faint|p1b: Chien-Pao\n|move|p2b: Pawmot|Double Shock|p1a: Annihilape\n|-activate|p1a: Annihilape|move: Protect\n|\n|-heal|p1a: Annihilape|76\/100|[from] item: Leftovers\n|upkeep\n|turn|6\n|c|\u2606HoodWNKD|gg\n|\n|t:|1684013687\n|move|p2a: Palafin|Jet Punch|p1a: Annihilape\n|-supereffective|p1a: Annihilape\n|-damage|p1a: Annihilape|0 fnt\n|faint|p1a: Annihilape\n|\n|win|bennoVGC\n|n|\u2606HoodWNKD|hoodwnkd\n|n|\u2606bennoVGC|bennovgc\n|n| Wottl3y|wottl3y\n","uploadtime":1684013689,"views":9,"p1id":"hoodwnkd","p2id":"bennovgc","formatid":"gen9vgc2023regulationc","rating":0,"private":0,"password":""}