{"id":"gen9vgc2023regulationc-1856900246","p1":"PenglinHeHe","p2":"mrbadd","format":"[Gen 9] VGC 2023 Regulation C","log":"|j|\u2606PenglinHeHe\n|j|\u2606mrbadd\n|t:|1683124073\n|gametype|doubles\n|player|p1|PenglinHeHe|dawn|1227\n|player|p2|mrbadd|rocker-gen1rb|1333\n|teamsize|p1|6\n|teamsize|p2|6\n|gen|9\n|tier|[Gen 9] VGC 2023 Regulation C\n|rated|\n|rule|Species Clause: Limit one of each Pok\u00e9mon\n|rule|Item Clause: Limit one of each item\n|clearpoke\n|poke|p1|Sylveon, L50, M|\n|poke|p1|Iron Bundle, L50|\n|poke|p1|Iron Hands, L50|\n|poke|p1|Wo-Chien, L50|\n|poke|p1|Chi-Yu, L50|\n|poke|p1|Mimikyu, L50, F|\n|poke|p2|Roaring Moon, L50|\n|poke|p2|Ting-Lu, L50|\n|poke|p2|Iron Bundle, L50|\n|poke|p2|Garganacl, L50, F|\n|poke|p2|Arcanine, L50, M|\n|poke|p2|Amoonguss, L50, M|\n|teampreview|4\n|inactive|Battle timer is ON: inactive players will automatically lose when time's up. (requested by PenglinHeHe)\n|inactive|PenglinHeHe has 60 seconds left.\n|\n|t:|1683124114\n|start\n|switch|p1a: Wo-Chien|Wo-Chien, L50|100\/100\n|switch|p1b: Chi-Yu|Chi-Yu, L50|100\/100\n|switch|p2a: Ting-Lu|Ting-Lu, L50|100\/100\n|switch|p2b: Arcanine|Arcanine, L50, M|100\/100\n|-ability|p1b: Chi-Yu|Beads of Ruin\n|-ability|p2b: Arcanine|Intimidate|boost\n|-unboost|p1a: Wo-Chien|atk|1\n|-unboost|p1b: Chi-Yu|atk|1\n|-ability|p1a: Wo-Chien|Tablets of Ruin\n|-ability|p2a: Ting-Lu|Vessel of Ruin\n|turn|1\n|\n|t:|1683124135\n|-terastallize|p1a: Wo-Chien|Poison\n|move|p1b: Chi-Yu|Protect|p1b: Chi-Yu\n|-singleturn|p1b: Chi-Yu|Protect\n|move|p2b: Arcanine|Flare Blitz|p1a: Wo-Chien\n|-damage|p1a: Wo-Chien|63\/100\n|-damage|p2b: Arcanine|84\/100|[from] item: Rocky Helmet|[of] p1a: Wo-Chien\n|-damage|p2b: Arcanine|72\/100|[from] Recoil\n|move|p1a: Wo-Chien|Giga Drain|p2a: Ting-Lu\n|-supereffective|p2a: Ting-Lu\n|-damage|p2a: Ting-Lu|68\/100\n|-heal|p1a: Wo-Chien|85\/100|[from] drain|[of] p2a: Ting-Lu\n|move|p2a: Ting-Lu|Ruination|p1b: Chi-Yu\n|-activate|p1b: Chi-Yu|move: Protect\n|\n|upkeep\n|turn|2\n|inactive|PenglinHeHe has 30 seconds left.\n|\n|t:|1683124170\n|move|p2b: Arcanine|Extreme Speed|p1b: Chi-Yu\n|-damage|p1b: Chi-Yu|69\/100\n|move|p1b: Chi-Yu|Dark Pulse|p2b: Arcanine\n|-damage|p2b: Arcanine|27\/100\n|move|p1a: Wo-Chien|Pollen Puff|p1b: Chi-Yu\n|-heal|p1b: Chi-Yu|100\/100\n|move|p2a: Ting-Lu|Stomping Tantrum|p1b: Chi-Yu\n|-supereffective|p1b: Chi-Yu\n|-damage|p1b: Chi-Yu|17\/100\n|\n|upkeep\n|turn|3\n|inactive|mrbadd has 30 seconds left.\n|\n|t:|1683124207\n|move|p1b: Chi-Yu|Protect|p1b: Chi-Yu\n|-singleturn|p1b: Chi-Yu|Protect\n|move|p2b: Arcanine|Protect|p2b: Arcanine\n|-singleturn|p2b: Arcanine|Protect\n|move|p1a: Wo-Chien|Leech Seed|p2b: Arcanine\n|-activate|p2b: Arcanine|move: Protect\n|move|p2a: Ting-Lu|Stomping Tantrum|p1a: Wo-Chien\n|-supereffective|p1a: Wo-Chien\n|-damage|p1a: Wo-Chien|35\/100\n|-damage|p2a: Ting-Lu|51\/100|[from] item: Rocky Helmet|[of] p1a: Wo-Chien\n|\n|upkeep\n|turn|4\n|\n|t:|1683124223\n|switch|p1b: Sylveon|Sylveon, L50, M|100\/100\n|move|p2b: Arcanine|Extreme Speed|p1b: Sylveon\n|-damage|p1b: Sylveon|77\/100\n|move|p1a: Wo-Chien|Pollen Puff|p1b: Sylveon\n|-heal|p1b: Sylveon|100\/100\n|move|p2a: Ting-Lu|Stomping Tantrum|p1a: Wo-Chien\n|-supereffective|p1a: Wo-Chien\n|-damage|p1a: Wo-Chien|0 fnt\n|-damage|p2a: Ting-Lu|35\/100|[from] item: Rocky Helmet|[of] p1a: Wo-Chien\n|faint|p1a: Wo-Chien\n|\n|upkeep\n|\n|t:|1683124234\n|switch|p1a: Chi-Yu|Chi-Yu, L50|17\/100\n|-ability|p1a: Chi-Yu|Beads of Ruin\n|turn|5\n|\n|t:|1683124247\n|move|p1a: Chi-Yu|Protect|p1a: Chi-Yu\n|-singleturn|p1a: Chi-Yu|Protect\n|move|p2b: Arcanine|Protect|p2b: Arcanine\n|-singleturn|p2b: Arcanine|Protect\n|move|p1b: Sylveon|Hyper Voice|p2b: Arcanine|[spread] p2a\n|-activate|p2b: Arcanine|move: Protect\n|-supereffective|p2a: Ting-Lu\n|-damage|p2a: Ting-Lu|0 fnt\n|faint|p2a: Ting-Lu\n|-enditem|p1b: Sylveon|Throat Spray\n|-boost|p1b: Sylveon|spa|1|[from] item: Throat Spray\n|\n|upkeep\n|\n|t:|1683124263\n|switch|p2a: Garganacl|Garganacl, L50, F|100\/100\n|turn|6\n|\n|t:|1683124281\n|switch|p1a: Iron Bundle|Iron Bundle, L50, shiny|100\/100\n|-enditem|p1a: Iron Bundle|Booster Energy\n|-activate|p1a: Iron Bundle|ability: Quark Drive|[fromitem]\n|-start|p1a: Iron Bundle|quarkdrivespe\n|-terastallize|p2a: Garganacl|Ghost\n|move|p2b: Arcanine|Extreme Speed|p1a: Iron Bundle\n|-damage|p1a: Iron Bundle|71\/100\n|move|p1b: Sylveon|Hyper Voice|p2b: Arcanine|[spread] p2a,p2b\n|-resisted|p2b: Arcanine\n|-damage|p2a: Garganacl|51\/100\n|-damage|p2b: Arcanine|0 fnt\n|faint|p2b: Arcanine\n|move|p2a: Garganacl|Salt Cure|p1b: Sylveon\n|-damage|p1b: Sylveon|82\/100\n|-start|p1b: Sylveon|Salt Cure\n|\n|-heal|p2a: Garganacl|57\/100|[from] item: Leftovers\n|-damage|p1b: Sylveon|70\/100|[from] Salt Cure\n|upkeep\n|\n|t:|1683124298\n|switch|p2b: Amoonguss|Amoonguss, L50, M|100\/100\n|turn|7\n|\n|t:|1683124323\n|move|p1a: Iron Bundle|Freeze-Dry|p2b: Amoonguss\n|-supereffective|p2b: Amoonguss\n|-damage|p2b: Amoonguss|34\/100\n|-enditem|p2b: Amoonguss|Sitrus Berry|[eat]\n|-heal|p2b: Amoonguss|58\/100|[from] item: Sitrus Berry\n|move|p1b: Sylveon|Hyper Voice|p2b: Amoonguss|[spread] p2a,p2b\n|-resisted|p2b: Amoonguss\n|-damage|p2a: Garganacl|9\/100\n|-damage|p2b: Amoonguss|33\/100\n|move|p2a: Garganacl|Recover|p2a: Garganacl\n|-heal|p2a: Garganacl|59\/100\n|move|p2b: Amoonguss|Spore|p1a: Iron Bundle\n|-status|p1a: Iron Bundle|slp|[from] move: Spore\n|\n|-heal|p2a: Garganacl|65\/100|[from] item: Leftovers\n|-damage|p1b: Sylveon|57\/100|[from] Salt Cure\n|upkeep\n|turn|8\n|\n|t:|1683124346\n|cant|p1a: Iron Bundle|slp\n|move|p1b: Sylveon|Hyper Voice|p2a: Garganacl|[spread] p2a,p2b\n|-resisted|p2b: Amoonguss\n|-damage|p2a: Garganacl|15\/100\n|-damage|p2b: Amoonguss|6\/100\n|move|p2a: Garganacl|Stealth Rock|p1a: Iron Bundle\n|-sidestart|p1: PenglinHeHe|move: Stealth Rock\n|move|p2b: Amoonguss|Spore|p1b: Sylveon\n|-status|p1b: Sylveon|slp|[from] move: Spore\n|\n|-heal|p2a: Garganacl|21\/100|[from] item: Leftovers\n|-damage|p1b: Sylveon|45\/100 slp|[from] Salt Cure\n|upkeep\n|turn|9\n|\n|t:|1683124364\n|move|p2b: Amoonguss|Rage Powder|p2b: Amoonguss\n|-singleturn|p2b: Amoonguss|move: Rage Powder\n|cant|p1a: Iron Bundle|slp\n|cant|p1b: Sylveon|slp\n|move|p2a: Garganacl|Recover|p2a: Garganacl\n|-heal|p2a: Garganacl|71\/100\n|\n|-heal|p2a: Garganacl|77\/100|[from] item: Leftovers\n|-damage|p1b: Sylveon|33\/100 slp|[from] Salt Cure\n|upkeep\n|turn|10\n|\n|t:|1683124380\n|-curestatus|p1a: Iron Bundle|slp|[msg]\n|move|p1a: Iron Bundle|Hydro Pump|p2a: Garganacl\n|-damage|p2a: Garganacl|30\/100\n|cant|p1b: Sylveon|slp\n|move|p2a: Garganacl|Salt Cure|p1a: Iron Bundle\n|-supereffective|p1a: Iron Bundle\n|-damage|p1a: Iron Bundle|34\/100\n|-start|p1a: Iron Bundle|Salt Cure\n|move|p2b: Amoonguss|Pollen Puff|p2a: Garganacl\n|-heal|p2a: Garganacl|80\/100\n|\n|-heal|p2a: Garganacl|86\/100|[from] item: Leftovers\n|-damage|p1a: Iron Bundle|10\/100|[from] Salt Cure\n|-damage|p1b: Sylveon|20\/100 slp|[from] Salt Cure\n|upkeep\n|turn|11\n|\n|t:|1683124403\n|move|p2a: Garganacl|Protect|p2a: Garganacl\n|-singleturn|p2a: Garganacl|Protect\n|move|p2b: Amoonguss|Protect|p2b: Amoonguss\n|-singleturn|p2b: Amoonguss|Protect\n|move|p1a: Iron Bundle|Freeze-Dry|p2b: Amoonguss\n|-activate|p2b: Amoonguss|move: Protect\n|cant|p1b: Sylveon|slp\n|\n|-heal|p2a: Garganacl|92\/100|[from] item: Leftovers\n|-damage|p1a: Iron Bundle|0 fnt|[from] Salt Cure\n|faint|p1a: Iron Bundle\n|-end|p1a: Iron Bundle|Quark Drive|[silent]\n|-damage|p1b: Sylveon|8\/100 slp|[from] Salt Cure\n|upkeep\n|\n|t:|1683124409\n|switch|p1a: Chi-Yu|Chi-Yu, L50|17\/100\n|-damage|p1a: Chi-Yu|0 fnt|[from] Stealth Rock\n|faint|p1a: Chi-Yu\n|turn|12\n|c|\u2606PenglinHeHe|gg\n|\n|t:|1683124424\n|move|p2b: Amoonguss|Rage Powder|p2b: Amoonguss\n|-singleturn|p2b: Amoonguss|move: Rage Powder\n|-curestatus|p1b: Sylveon|slp|[msg]\n|move|p1b: Sylveon|Hyper Voice|p2b: Amoonguss|[spread] p2a,p2b\n|-resisted|p2b: Amoonguss\n|-damage|p2a: Garganacl|45\/100\n|-damage|p2b: Amoonguss|0 fnt\n|faint|p2b: Amoonguss\n|move|p2a: Garganacl|Salt Cure|p1b: Sylveon\n|-damage|p1b: Sylveon|0 fnt\n|faint|p1b: Sylveon\n|\n|win|mrbadd\n|raw|PenglinHeHe's rating: 1227 → 1209<\/strong> (-18 for losing)\n|raw|mrbadd's rating: 1333 → 1347<\/strong> (+14 for winning)\n|c|\u2606mrbadd|gg\n|l|\u2606PenglinHeHe\n","uploadtime":1683124444,"views":7,"p1id":"penglinhehe","p2id":"mrbadd","formatid":"gen9vgc2023regulationc","rating":1209,"private":0,"password":""}