{"id":"gen9vgc2023regulationc-1849628095","p1":"Kirizioros","p2":"Rue1","format":"[Gen 9] VGC 2023 Regulation C","log":"|j|\u2606Kirizioros\n|j|\u2606Rue1\n|t:|1682222348\n|gametype|doubles\n|player|p1|Kirizioros|lance|1000\n|player|p2|Rue1|170|1044\n|teamsize|p1|6\n|teamsize|p2|6\n|gen|9\n|tier|[Gen 9] VGC 2023 Regulation C\n|rated|\n|rule|Species Clause: Limit one of each Pok\u00e9mon\n|rule|Item Clause: Limit one of each item\n|clearpoke\n|poke|p1|Dondozo, L50, F|\n|poke|p1|Tatsugiri-Stretchy, L50, M|\n|poke|p1|Chi-Yu, L50|\n|poke|p1|Flutter Mane, L50|\n|poke|p1|Dragonite, L50, M|\n|poke|p1|Glimmora, L50, F|\n|poke|p2|Annihilape, L50, M|\n|poke|p2|Maushold-Four, L50|\n|poke|p2|Ting-Lu, L50|\n|poke|p2|Gyarados, L50, M|\n|poke|p2|Grimmsnarl, L50, M|\n|poke|p2|Chien-Pao, L50|\n|teampreview|4\n|inactive|Battle timer is ON: inactive players will automatically lose when time's up. (requested by Rue1)\n|\n|t:|1682222401\n|start\n|switch|p1a: Glimmora|Glimmora, L50, F|100\/100\n|switch|p1b: Dondozo|Dondozo, L50, F|100\/100\n|switch|p2a: Grimmsnarl|Grimmsnarl, L50, M|100\/100\n|switch|p2b: Annihilape|Annihilape, L50, M|100\/100\n|turn|1\n|inactive|Rue1 has 30 seconds left.\n|\n|t:|1682222432\n|move|p2a: Grimmsnarl|Reflect|p2a: Grimmsnarl\n|-sidestart|p2: Rue1|Reflect\n|move|p1a: Glimmora|Toxic|p2b: Annihilape\n|-status|p2b: Annihilape|tox\n|move|p2b: Annihilape|Bulk Up|p2b: Annihilape\n|-boost|p2b: Annihilape|atk|1\n|-boost|p2b: Annihilape|def|1\n|move|p1b: Dondozo|Yawn|p2a: Grimmsnarl\n|-start|p2a: Grimmsnarl|move: Yawn|[of] p1b: Dondozo\n|\n|-damage|p2b: Annihilape|95\/100 tox|[from] psn\n|upkeep\n|turn|2\n|inactive|Rue1 has 30 seconds left.\n|inactive|Kirizioros has 30 seconds left.\n|\n|t:|1682222465\n|move|p1a: Glimmora|Spiky Shield|p1a: Glimmora\n|-singleturn|p1a: Glimmora|move: Protect\n|move|p1b: Dondozo|Protect|p1b: Dondozo\n|-singleturn|p1b: Dondozo|Protect\n|move|p2a: Grimmsnarl|Parting Shot|p1a: Glimmora\n|-activate|p1a: Glimmora|move: Protect\n|move|p2b: Annihilape|Drain Punch|p1b: Dondozo\n|-activate|p1b: Dondozo|move: Protect\n|\n|-damage|p2b: Annihilape|83\/100 tox|[from] psn\n|-end|p2a: Grimmsnarl|move: Yawn|[silent]\n|-status|p2a: Grimmsnarl|slp\n|upkeep\n|turn|3\n|\n|t:|1682222487\n|cant|p2a: Grimmsnarl|slp\n|move|p1a: Glimmora|Toxic||[still]\n|-fail|p1a: Glimmora\n|move|p2b: Annihilape|Drain Punch|p1b: Dondozo\n|-damage|p1b: Dondozo|79\/100\n|-heal|p2b: Annihilape|95\/100 tox|[from] drain|[of] p1b: Dondozo\n|move|p1b: Dondozo|Wave Crash|p2b: Annihilape\n|-damage|p2b: Annihilape|66\/100 tox\n|-damage|p1b: Dondozo|71\/100|[from] Recoil\n|\n|-damage|p2b: Annihilape|48\/100 tox|[from] psn\n|upkeep\n|-enditem|p2b: Annihilape|Sitrus Berry|[eat]\n|-heal|p2b: Annihilape|73\/100 tox|[from] item: Sitrus Berry\n|turn|4\n|\n|t:|1682222509\n|move|p1a: Glimmora|Spiky Shield|p1a: Glimmora\n|-singleturn|p1a: Glimmora|move: Protect\n|move|p1b: Dondozo|Protect|p1b: Dondozo\n|-singleturn|p1b: Dondozo|Protect\n|cant|p2a: Grimmsnarl|slp\n|move|p2b: Annihilape|Drain Punch|p1b: Dondozo\n|-activate|p1b: Dondozo|move: Protect\n|\n|-damage|p2b: Annihilape|49\/100 tox|[from] psn\n|upkeep\n|turn|5\n|\n|t:|1682222532\n|cant|p2a: Grimmsnarl|slp\n|move|p1a: Glimmora|Toxic||[still]\n|-fail|p1a: Glimmora\n|move|p2b: Annihilape|Drain Punch|p1b: Dondozo\n|-damage|p1b: Dondozo|48\/100\n|-heal|p2b: Annihilape|62\/100 tox|[from] drain|[of] p1b: Dondozo\n|-enditem|p1b: Dondozo|Sitrus Berry|[eat]\n|-heal|p1b: Dondozo|73\/100|[from] item: Sitrus Berry\n|move|p1b: Dondozo|Wave Crash|p2b: Annihilape\n|-damage|p2b: Annihilape|37\/100 tox\n|-damage|p1b: Dondozo|66\/100|[from] Recoil\n|\n|-damage|p2b: Annihilape|7\/100 tox|[from] psn\n|upkeep\n|turn|6\n|\n|t:|1682222553\n|move|p1a: Glimmora|Spiky Shield|p1a: Glimmora\n|-singleturn|p1a: Glimmora|move: Protect\n|move|p1b: Dondozo|Protect|p1b: Dondozo\n|-singleturn|p1b: Dondozo|Protect\n|-curestatus|p2a: Grimmsnarl|slp|[msg]\n|move|p2a: Grimmsnarl|Parting Shot|p1b: Dondozo\n|-activate|p1b: Dondozo|move: Protect\n|move|p2b: Annihilape|Rage Fist|p1b: Dondozo\n|-activate|p1b: Dondozo|move: Protect\n|\n|-damage|p2b: Annihilape|0 fnt|[from] psn\n|faint|p2b: Annihilape\n|upkeep\n|\n|t:|1682222576\n|switch|p2b: Gyarados|Gyarados, L50, M|100\/100\n|-ability|p2b: Gyarados|Intimidate|boost\n|-unboost|p1a: Glimmora|atk|1\n|-unboost|p1b: Dondozo|atk|1\n|turn|7\n|inactive|Rue1 has 30 seconds left.\n|\n|t:|1682222601\n|move|p2a: Grimmsnarl|Light Screen|p2a: Grimmsnarl\n|-sidestart|p2: Rue1|move: Light Screen\n|move|p1a: Glimmora|Power Gem|p2b: Gyarados\n|-supereffective|p2b: Gyarados\n|-damage|p2b: Gyarados|58\/100\n|move|p2b: Gyarados|Thunder Wave|p1b: Dondozo\n|-status|p1b: Dondozo|par\n|move|p1b: Dondozo|Yawn|p2a: Grimmsnarl\n|-start|p2a: Grimmsnarl|move: Yawn|[of] p1b: Dondozo\n|\n|upkeep\n|turn|8\n|\n|t:|1682222623\n|switch|p2a: Chien-Pao|Chien-Pao, L50|100\/100\n|-ability|p2a: Chien-Pao|Sword of Ruin\n|move|p2b: Gyarados|Protect|p2b: Gyarados\n|-singleturn|p2b: Gyarados|Protect\n|move|p1a: Glimmora|Toxic|p2a: Chien-Pao\n|-status|p2a: Chien-Pao|tox\n|move|p1b: Dondozo|Yawn|p2b: Gyarados\n|-activate|p2b: Gyarados|move: Protect\n|\n|-damage|p2a: Chien-Pao|95\/100 tox|[from] psn\n|-sideend|p2: Rue1|Reflect\n|upkeep\n|turn|9\n|inactive|Rue1 has 30 seconds left.\n|\n|t:|1682222649\n|-terastallize|p2b: Gyarados|Steel\n|move|p1a: Glimmora|Spiky Shield|p1a: Glimmora\n|-singleturn|p1a: Glimmora|move: Protect\n|move|p2a: Chien-Pao|Sacred Sword|p1b: Dondozo\n|-damage|p1b: Dondozo|40\/100 par\n|move|p2b: Gyarados|Waterfall|p1a: Glimmora\n|-activate|p1a: Glimmora|move: Protect\n|-damage|p2b: Gyarados|46\/100|[from] Spiky Shield|[of] p1a: Glimmora\n|cant|p1b: Dondozo|par\n|\n|-damage|p2a: Chien-Pao|83\/100 tox|[from] psn\n|upkeep\n|turn|10\n|\n|t:|1682222672\n|move|p2a: Chien-Pao|Sacred Sword|p1b: Dondozo\n|-damage|p1b: Dondozo|16\/100 par\n|move|p1a: Glimmora|Power Gem|p2a: Chien-Pao\n|-supereffective|p2a: Chien-Pao\n|-damage|p2a: Chien-Pao|0 fnt\n|faint|p2a: Chien-Pao\n|move|p2b: Gyarados|Waterfall|p1b: Dondozo\n|-resisted|p1b: Dondozo\n|-crit|p1b: Dondozo\n|-damage|p1b: Dondozo|0 fnt\n|faint|p1b: Dondozo\n|\n|upkeep\n|inactive|Rue1 has 30 seconds left.\n|\n|t:|1682222704\n|switch|p2a: Grimmsnarl|Grimmsnarl, L50, M|100\/100\n|switch|p1b: Flutter Mane|Flutter Mane, L50|100\/100\n|-enditem|p1b: Flutter Mane|Booster Energy\n|-activate|p1b: Flutter Mane|ability: Protosynthesis|[fromitem]\n|-start|p1b: Flutter Mane|protosynthesisspe\n|turn|11\n|\n|t:|1682222725\n|move|p1b: Flutter Mane|Protect|p1b: Flutter Mane\n|-singleturn|p1b: Flutter Mane|Protect\n|move|p1a: Glimmora|Earth Power|p2b: Gyarados\n|-supereffective|p2b: Gyarados\n|-damage|p2b: Gyarados|14\/100\n|move|p2b: Gyarados|Iron Head|p1b: Flutter Mane\n|-activate|p1b: Flutter Mane|move: Protect\n|move|p2a: Grimmsnarl|Spirit Break|p1b: Flutter Mane\n|-activate|p1b: Flutter Mane|move: Protect\n|\n|upkeep\n|turn|12\n|inactive|Rue1 has 30 seconds left.\n|\n|t:|1682222751\n|-terastallize|p1b: Flutter Mane|Steel\n|move|p2b: Gyarados|Protect|p2b: Gyarados\n|-singleturn|p2b: Gyarados|Protect\n|move|p1b: Flutter Mane|Substitute|p1b: Flutter Mane\n|-start|p1b: Flutter Mane|Substitute\n|-damage|p1b: Flutter Mane|76\/100\n|move|p1a: Glimmora|Earth Power|p2b: Gyarados\n|-activate|p2b: Gyarados|move: Protect\n|move|p2a: Grimmsnarl|Spirit Break|p1a: Glimmora\n|-resisted|p1a: Glimmora\n|-damage|p1a: Glimmora|83\/100\n|-unboost|p1a: Glimmora|spa|1\n|-activate|p1a: Glimmora|ability: Toxic Debris\n|-sidestart|p2: Rue1|move: Toxic Spikes\n|\n|upkeep\n|turn|13\n|\n|t:|1682222773\n|move|p1b: Flutter Mane|Hex|p2b: Gyarados\n|-crit|p2b: Gyarados\n|-damage|p2b: Gyarados|0 fnt\n|faint|p2b: Gyarados\n|move|p1a: Glimmora|Toxic|p2a: Grimmsnarl\n|-status|p2a: Grimmsnarl|tox\n|move|p2a: Grimmsnarl|Spirit Break|p1b: Flutter Mane\n|-resisted|p1b: Flutter Mane\n|-end|p1b: Flutter Mane|Substitute\n|\n|-damage|p2a: Grimmsnarl|95\/100 tox|[from] psn\n|upkeep\n|turn|14\n|inactive|Rue1 has 30 seconds left.\n|\n|t:|1682222798\n|move|p1b: Flutter Mane|Protect|p1b: Flutter Mane\n|-singleturn|p1b: Flutter Mane|Protect\n|move|p1a: Glimmora|Spiky Shield|p1a: Glimmora\n|-singleturn|p1a: Glimmora|move: Protect\n|move|p2a: Grimmsnarl|Spirit Break|p1b: Flutter Mane\n|-activate|p1b: Flutter Mane|move: Protect\n|\n|-damage|p2a: Grimmsnarl|83\/100 tox|[from] psn\n|-sideend|p2: Rue1|move: Light Screen\n|upkeep\n|turn|15\n|\n|t:|1682222812\n|move|p1b: Flutter Mane|Substitute|p1b: Flutter Mane\n|-start|p1b: Flutter Mane|Substitute\n|-damage|p1b: Flutter Mane|51\/100\n|move|p1a: Glimmora|Power Gem|p2a: Grimmsnarl\n|-damage|p2a: Grimmsnarl|59\/100 tox\n|move|p2a: Grimmsnarl|Spirit Break|p1b: Flutter Mane\n|-resisted|p1b: Flutter Mane\n|-crit|p1b: Flutter Mane\n|-end|p1b: Flutter Mane|Substitute\n|\n|-damage|p2a: Grimmsnarl|41\/100 tox|[from] psn\n|upkeep\n|turn|16\n|\n|t:|1682222826\n|move|p1b: Flutter Mane|Moonblast|p2a: Grimmsnarl\n|-supereffective|p2a: Grimmsnarl\n|-damage|p2a: Grimmsnarl|0 fnt\n|faint|p2a: Grimmsnarl\n|\n|win|Kirizioros\n|raw|Kirizioros's rating: 1000 → 1045<\/strong> (+45 for winning)\n|raw|Rue1's rating: 1044 → 1025<\/strong> (-19 for losing)\n","uploadtime":1682222831,"views":19,"p1id":"kirizioros","p2id":"rue1","formatid":"gen9vgc2023regulationc","rating":1025,"private":0,"password":""}