{"id":"gen9vgc2023regulationc-1857303811","p1":"funny lizard","p2":"Ricardo Randorez","format":"[Gen 9] VGC 2023 Regulation C","log":"|j|\u2606funny lizard\n|j|\u2606Ricardo Randorez\n|t:|1683170355\n|gametype|doubles\n|player|p1|funny lizard|n-masters|1174\n|player|p2|Ricardo Randorez|265|1065\n|teamsize|p1|6\n|teamsize|p2|6\n|gen|9\n|tier|[Gen 9] VGC 2023 Regulation C\n|rated|\n|rule|Species Clause: Limit one of each Pok\u00e9mon\n|rule|Item Clause: Limit one of each item\n|clearpoke\n|poke|p1|Ting-Lu, L50|\n|poke|p1|Annihilape, L50, F|\n|poke|p1|Iron Bundle, L50|\n|poke|p1|Iron Hands, L50|\n|poke|p1|Pincurchin, L50, M|\n|poke|p1|Wo-Chien, L50|\n|poke|p2|Arcanine, L50, M|\n|poke|p2|Gyarados, L50, M|\n|poke|p2|Wo-Chien, L50|\n|poke|p2|Iron Jugulis, L50|\n|poke|p2|Dragonite, L50, M|\n|poke|p2|Ting-Lu, L50|\n|teampreview|4\nfunny lizard has agreed to open team sheets.\n|\n|t:|1683170424\n|start\n|switch|p1a: Pincurchin|Pincurchin, L50, M|100\/100\n|switch|p1b: Iron Bundle|Iron Bundle, L50|100\/100\n|switch|p2a: Iron Jugulis|Iron Jugulis, L50|100\/100\n|switch|p2b: Gyarados|Gyarados, L50, M|100\/100\n|-ability|p2b: Gyarados|Intimidate|boost\n|-unboost|p1a: Pincurchin|atk|1\n|-unboost|p1b: Iron Bundle|atk|1\n|-fieldstart|move: Electric Terrain|[from] ability: Electric Surge|[of] p1a: Pincurchin\n|-activate|p1b: Iron Bundle|ability: Quark Drive\n|-start|p1b: Iron Bundle|quarkdrivespe\n|-activate|p2a: Iron Jugulis|ability: Quark Drive\n|-start|p2a: Iron Jugulis|quarkdrivespe\n|turn|1\n|inactive|Battle timer is ON: inactive players will automatically lose when time's up. (requested by Ricardo Randorez)\n|\n|t:|1683170449\n|switch|p2b: Ting-Lu|Ting-Lu, L50|100\/100\n|-ability|p2b: Ting-Lu|Vessel of Ruin\n|move|p1b: Iron Bundle|Freeze-Dry|p2b: Ting-Lu\n|-supereffective|p2b: Ting-Lu\n|-damage|p2b: Ting-Lu|59\/100\n|move|p2a: Iron Jugulis|Snarl|p1a: Pincurchin|[spread] p1a,p1b\n|-damage|p1a: Pincurchin|84\/100\n|-damage|p1b: Iron Bundle|69\/100\n|-unboost|p1a: Pincurchin|spa|1\n|-unboost|p1b: Iron Bundle|spa|1\n|move|p1a: Pincurchin|Thunder Wave|p2a: Iron Jugulis\n|-status|p2a: Iron Jugulis|par\n|\n|upkeep\n|turn|2\n|inactive|funny lizard has 30 seconds left.\n|\n|t:|1683170475\n|move|p1b: Iron Bundle|Freeze-Dry|p2a: Iron Jugulis\n|-supereffective|p2a: Iron Jugulis\n|-damage|p2a: Iron Jugulis|29\/100 par\n|cant|p2a: Iron Jugulis|par\n|move|p2b: Ting-Lu|Earthquake|p1a: Pincurchin|[spread] p1a,p1b\n|-immune|p2a: Iron Jugulis\n|-supereffective|p1a: Pincurchin\n|-damage|p1a: Pincurchin|0 fnt\n|-damage|p1b: Iron Bundle|25\/100\n|faint|p1a: Pincurchin\n|\n|upkeep\n|\n|t:|1683170485\n|switch|p1a: haha|Ting-Lu, L50|100\/100\n|-ability|p1a: haha|Vessel of Ruin\n|turn|3\n|\n|t:|1683170508\n|move|p1b: Iron Bundle|Freeze-Dry|p2a: Iron Jugulis\n|-supereffective|p2a: Iron Jugulis\n|-damage|p2a: Iron Jugulis|0 fnt\n|faint|p2a: Iron Jugulis\n|-end|p2a: Iron Jugulis|Quark Drive|[silent]\n|move|p1a: haha|Fissure|p2b: Ting-Lu|[miss]\n|-miss|p1a: haha|p2b: Ting-Lu\n|move|p2b: Ting-Lu|Earthquake|p1a: haha|[spread] p1a,p1b\n|-damage|p1a: haha|79\/100\n|-damage|p1b: Iron Bundle|0 fnt\n|faint|p1b: Iron Bundle\n|-end|p1b: Iron Bundle|Quark Drive|[silent]\n|\n|upkeep\n|\n|t:|1683170522\n|switch|p1b: Annihilape|Annihilape, L50, F|100\/100\n|switch|p2a: Gyarados|Gyarados, L50, M|100\/100\n|-ability|p2a: Gyarados|Intimidate|boost\n|-unboost|p1a: haha|atk|1\n|-unboost|p1b: Annihilape|atk|1\n|-ability|p1b: Annihilape|Defiant|boost\n|-boost|p1b: Annihilape|atk|2\n|turn|4\n|\n|t:|1683170540\n|move|p1b: Annihilape|Bulk Up|p1b: Annihilape\n|-boost|p1b: Annihilape|atk|1\n|-boost|p1b: Annihilape|def|1\n|move|p2a: Gyarados|Dragon Dance|p2a: Gyarados\n|-boost|p2a: Gyarados|atk|1\n|-boost|p2a: Gyarados|spe|1\n|move|p1a: haha|Stomping Tantrum|p2b: Ting-Lu\n|-damage|p2b: Ting-Lu|36\/100\n|move|p2b: Ting-Lu|Earthquake|p1b: Annihilape|[spread] p1a,p1b\n|-immune|p2a: Gyarados\n|-damage|p1a: haha|58\/100\n|-damage|p1b: Annihilape|78\/100\n|\n|upkeep\n|turn|5\n|\n|t:|1683170558\n|-terastallize|p2a: Gyarados|Flying\n|move|p2a: Gyarados|Tera Blast|p1b: Annihilape\n|-supereffective|p1b: Annihilape\n|-damage|p1b: Annihilape|0 fnt\n|faint|p1b: Annihilape\n|move|p1a: haha|Fissure|p2b: Ting-Lu\n|-damage|p2b: Ting-Lu|0 fnt\n|faint|p2b: Ting-Lu\n|-ohko\n|\n|upkeep\n|\n|t:|1683170569\n|switch|p2b: Dragonite|Dragonite, L50, M|100\/100\n|turn|6\n|\n|t:|1683170580\n|move|p2a: Gyarados|Waterfall|p1a: haha\n|-supereffective|p1a: haha\n|-crit|p1a: haha\n|-damage|p1a: haha|0 fnt\n|faint|p1a: haha\n|\n|win|Ricardo Randorez\n|raw|funny lizard's rating: 1174 → 1141<\/strong> (-33 for losing)\n|raw|Ricardo Randorez's rating: 1065 → 1104<\/strong> (+39 for winning)\n","uploadtime":1683170589,"views":6,"p1id":"funnylizard","p2id":"ricardorandorez","formatid":"gen9vgc2023regulationc","rating":1104,"private":0,"password":""}