{"id":"gen9vgc2023regulationc-1859677643","p1":"McDubbieEnthusiast","p2":"cammmmy","format":"[Gen 9] VGC 2023 Regulation C","log":"|j|\u2606McDubbieEnthusiast\n|j|\u2606cammmmy\n|t:|1683555282\n|gametype|doubles\n|player|p1|McDubbieEnthusiast|pokemonbreeder-gen4|1505\n|player|p2|cammmmy|2|1495\n|teamsize|p1|6\n|teamsize|p2|6\n|gen|9\n|tier|[Gen 9] VGC 2023 Regulation C\n|rated|\n|rule|Species Clause: Limit one of each Pok\u00e9mon\n|rule|Item Clause: Limit one of each item\n|clearpoke\n|poke|p1|Tyranitar, L50, F|\n|poke|p1|Garchomp, L50, F|\n|poke|p1|Dragonite, L50, F|\n|poke|p1|Scream Tail, L50|\n|poke|p1|Orthworm, L50, F|\n|poke|p1|Palafin, L50, F|\n|poke|p2|Scream Tail, L50|\n|poke|p2|Chien-Pao, L50|\n|poke|p2|Murkrow, L50, M|\n|poke|p2|Arcanine, L50, F|\n|poke|p2|Ceruledge, L50, M|\n|poke|p2|Flutter Mane, L50|\n|teampreview|4\n|inactive|Battle timer is ON: inactive players will automatically lose when time's up. (requested by cammmmy)\n|\n|t:|1683555386\n|start\n|switch|p1a: Shimmer|Palafin, L50, F|100\/100\n|switch|p1b: Dunewinder|Orthworm, L50, F|100\/100\n|switch|p2a: Scream Tail|Scream Tail, L50|100\/100\n|switch|p2b: Murkrow|Murkrow, L50, M|100\/100\n|turn|1\n|\n|t:|1683555405\n|detailschange|p1a: Shimmer|Palafin-Hero, L50, F\n|switch|p1a: Tarrasque|Tyranitar, L50, F, shiny|100\/100\n|-weather|Sandstorm|[from] ability: Sand Stream|[of] p1a: Tarrasque\n|move|p2b: Murkrow|Tailwind|p2b: Murkrow\n|-sidestart|p2: cammmmy|move: Tailwind\n|move|p2a: Scream Tail|Reflect|p2a: Scream Tail\n|-sidestart|p2: cammmmy|Reflect\n|move|p1b: Dunewinder|Shed Tail|p1b: Dunewinder\n|-start|p1b: Dunewinder|Substitute|[from] move: Shed Tail\n|-damage|p1b: Dunewinder|50\/100\n|-enditem|p1b: Dunewinder|Sitrus Berry|[eat]\n|-heal|p1b: Dunewinder|75\/100|[from] item: Sitrus Berry\n|\n|t:|1683555415\n|switch|p1b: Shimmer|Palafin-Hero, L50, F|100\/100|[from] Shed Tail\n|-activate|p1b: Shimmer|ability: Zero to Hero\n|\n|-weather|Sandstorm|[upkeep]\n|-damage|p2a: Scream Tail|95\/100|[from] Sandstorm\n|-damage|p2b: Murkrow|95\/100|[from] Sandstorm\n|-damage|p1b: Shimmer|95\/100|[from] Sandstorm\n|-heal|p2a: Scream Tail|100\/100|[from] item: Leftovers\n|upkeep\n|turn|2\n|inactive|McDubbieEnthusiast has 30 seconds left.\n|\n|t:|1683555445\n|-terastallize|p1b: Shimmer|Water\n|move|p2b: Murkrow|Sunny Day|p2b: Murkrow\n|-weather|SunnyDay\n|-activate|p2a: Scream Tail|ability: Protosynthesis\n|-start|p2a: Scream Tail|protosynthesisspd\n|move|p1b: Shimmer|Jet Punch|p2a: Scream Tail\n|-damage|p2a: Scream Tail|87\/100\n|move|p2a: Scream Tail|Drain Punch|p1a: Tarrasque\n|-supereffective|p1a: Tarrasque\n|-damage|p1a: Tarrasque|58\/100\n|-heal|p2a: Scream Tail|100\/100|[from] drain|[of] p1a: Tarrasque\n|-enditem|p1a: Tarrasque|Weakness Policy\n|-boost|p1a: Tarrasque|atk|2|[from] item: Weakness Policy\n|-boost|p1a: Tarrasque|spa|2|[from] item: Weakness Policy\n|move|p1a: Tarrasque|Rock Slide|p2b: Murkrow|[spread] p2b\n|-miss|p1a: Tarrasque|p2a: Scream Tail\n|-supereffective|p2b: Murkrow\n|-damage|p2b: Murkrow|0 fnt\n|faint|p2b: Murkrow\n|\n|-weather|SunnyDay|[upkeep]\n|upkeep\n|\n|t:|1683555467\n|switch|p2b: Chien-Pao|Chien-Pao, L50|100\/100\n|-ability|p2b: Chien-Pao|Sword of Ruin\n|turn|3\n|\n|t:|1683555485\n|switch|p1a: Beholder|Scream Tail, L50, shiny|100\/100\n|-activate|p1a: Beholder|ability: Protosynthesis\n|-start|p1a: Beholder|protosynthesisspe\n|move|p1b: Shimmer|Protect|p1b: Shimmer\n|-singleturn|p1b: Shimmer|Protect\n|move|p2b: Chien-Pao|Sacred Sword|p1a: Beholder\n|-resisted|p1a: Beholder\n|-damage|p1a: Beholder|92\/100\n|move|p2a: Scream Tail|Howl|p2a: Scream Tail|[spread] p2a,p2b\n|-boost|p2a: Scream Tail|atk|1\n|-boost|p2b: Chien-Pao|atk|1\n|\n|-weather|SunnyDay|[upkeep]\n|upkeep\n|turn|4\n|\n|t:|1683555506\n|move|p2b: Chien-Pao|Ice Spinner|p1b: Shimmer\n|-resisted|p1b: Shimmer\n|-end|p1b: Shimmer|Substitute\n|move|p2a: Scream Tail|Howl|p2a: Scream Tail|[spread] p2a,p2b\n|-boost|p2a: Scream Tail|atk|1\n|-boost|p2b: Chien-Pao|atk|1\n|move|p1a: Beholder|Dazzling Gleam|p2a: Scream Tail|[spread] p2a,p2b\n|-supereffective|p2b: Chien-Pao\n|-damage|p2a: Scream Tail|93\/100\n|-damage|p2b: Chien-Pao|71\/100\n|move|p1b: Shimmer|Wave Crash|p2b: Chien-Pao\n|-damage|p2b: Chien-Pao|18\/100\n|-damage|p1b: Shimmer|77\/100|[from] Recoil\n|\n|-weather|SunnyDay|[upkeep]\n|-heal|p2a: Scream Tail|99\/100|[from] item: Leftovers\n|-sideend|p2: cammmmy|move: Tailwind\n|upkeep\n|turn|5\n|inactive|McDubbieEnthusiast has 30 seconds left.\n|inactive|cammmmy has 30 seconds left.\n|\n|t:|1683555538\n|switch|p1b: Tarrasque|Tyranitar, L50, F, shiny|58\/100\n|-weather|Sandstorm|[from] ability: Sand Stream|[of] p1b: Tarrasque\n|-end|p1a: Beholder|Protosynthesis\n|-end|p2a: Scream Tail|Protosynthesis\n|-enditem|p1a: Beholder|Booster Energy\n|-activate|p1a: Beholder|ability: Protosynthesis|[fromitem]\n|-start|p1a: Beholder|protosynthesisspe\n|move|p2b: Chien-Pao|Sucker Punch||[still]\n|-fail|p2b: Chien-Pao\n|move|p1a: Beholder|Dazzling Gleam|p2b: Chien-Pao|[spread] p2a,p2b\n|-supereffective|p2b: Chien-Pao\n|-damage|p2a: Scream Tail|90\/100\n|-damage|p2b: Chien-Pao|0 fnt\n|faint|p2b: Chien-Pao\n|move|p2a: Scream Tail|Drain Punch|p1b: Tarrasque\n|-supereffective|p1b: Tarrasque\n|-crit|p1b: Tarrasque\n|-damage|p1b: Tarrasque|0 fnt\n|-heal|p2a: Scream Tail|100\/100|[from] drain|[of] p1b: Tarrasque\n|faint|p1b: Tarrasque\n|\n|-weather|Sandstorm|[upkeep]\n|-damage|p1a: Beholder|86\/100|[from] Sandstorm\n|-damage|p2a: Scream Tail|95\/100|[from] Sandstorm\n|-heal|p2a: Scream Tail|100\/100|[from] item: Leftovers\n|-sideend|p2: cammmmy|Reflect\n|upkeep\n|\n|t:|1683555558\n|switch|p2b: Ceruledge|Ceruledge, L50, M|100\/100\n|switch|p1b: Shimmer|Palafin-Hero, L50, F, tera:Water|77\/100\n|turn|6\n|\n|t:|1683555572\n|-terastallize|p2b: Ceruledge|Steel\n|move|p1b: Shimmer|Protect|p1b: Shimmer\n|-singleturn|p1b: Shimmer|Protect\n|move|p1a: Beholder|Thunder Wave|p2b: Ceruledge\n|-status|p2b: Ceruledge|par\n|move|p2a: Scream Tail|Howl|p2a: Scream Tail|[spread] p2a,p2b\n|-boost|p2a: Scream Tail|atk|1\n|-boost|p2b: Ceruledge|atk|1\n|move|p2b: Ceruledge|Bulk Up|p2b: Ceruledge\n|-boost|p2b: Ceruledge|atk|1\n|-boost|p2b: Ceruledge|def|1\n|\n|-weather|Sandstorm|[upkeep]\n|-damage|p1a: Beholder|81\/100|[from] Sandstorm\n|-damage|p2a: Scream Tail|95\/100|[from] Sandstorm\n|-damage|p1b: Shimmer|72\/100|[from] Sandstorm\n|-heal|p2a: Scream Tail|100\/100|[from] item: Leftovers\n|upkeep\n|turn|7\n|inactive|McDubbieEnthusiast has 30 seconds left.\n|\n|t:|1683555598\n|move|p2b: Ceruledge|Shadow Sneak|p1a: Beholder\n|-supereffective|p1a: Beholder\n|-damage|p1a: Beholder|26\/100\n|move|p1a: Beholder|Encore|p2b: Ceruledge\n|-start|p2b: Ceruledge|Encore\n|move|p1b: Shimmer|Wave Crash|p2b: Ceruledge\n|-damage|p2b: Ceruledge|0 fnt\n|faint|p2b: Ceruledge\n|-damage|p1b: Shimmer|40\/100|[from] Recoil\n|move|p2a: Scream Tail|Reflect|p2a: Scream Tail\n|-sidestart|p2: cammmmy|Reflect\n|\n|-weather|Sandstorm|[upkeep]\n|-damage|p1a: Beholder|20\/100|[from] Sandstorm\n|-damage|p2a: Scream Tail|95\/100|[from] Sandstorm\n|-damage|p1b: Shimmer|35\/100|[from] Sandstorm\n|-heal|p2a: Scream Tail|100\/100|[from] item: Leftovers\n|upkeep\n|turn|8\n|\n|t:|1683555611\n|move|p1a: Beholder|Encore|p2a: Scream Tail\n|-start|p2a: Scream Tail|Encore\n|move|p1b: Shimmer|Haze|p1b: Shimmer\n|-clearallboost\n|move|p2a: Scream Tail|Reflect||[still]\n|-fail|p2a: Scream Tail\n|\n|-weather|Sandstorm|[upkeep]\n|-damage|p1a: Beholder|14\/100|[from] Sandstorm\n|-damage|p1b: Shimmer|29\/100|[from] Sandstorm\n|-damage|p2a: Scream Tail|95\/100|[from] Sandstorm\n|-heal|p2a: Scream Tail|100\/100|[from] item: Leftovers\n|upkeep\n|turn|9\n|\n|t:|1683555619\n|move|p1b: Shimmer|Jet Punch|p2a: Scream Tail\n|-damage|p2a: Scream Tail|75\/100\n|move|p1a: Beholder|Disable|p2a: Scream Tail\n|-start|p2a: Scream Tail|Disable|Reflect\n|cant|p2a: Scream Tail|Disable|Reflect\n|\n|-weather|none\n|-heal|p2a: Scream Tail|81\/100|[from] item: Leftovers\n|upkeep\n|turn|10\n|\n|t:|1683555626\n|move|p1b: Shimmer|Jet Punch|p2a: Scream Tail\n|-damage|p2a: Scream Tail|52\/100\n|move|p1a: Beholder|Thunder Wave|p2a: Scream Tail\n|-status|p2a: Scream Tail|par\n|-activate|p2a: Scream Tail|move: Struggle\n|move|p2a: Scream Tail|Struggle|p1a: Beholder\n|-damage|p1a: Beholder|7\/100\n|-damage|p2a: Scream Tail|27\/100 par|[from] recoil\n|\n|-heal|p2a: Scream Tail|33\/100 par|[from] item: Leftovers\n|-end|p2a: Scream Tail|Encore\n|upkeep\n|turn|11\n|\n|t:|1683555638\n|move|p1b: Shimmer|Jet Punch|p2a: Scream Tail\n|-crit|p2a: Scream Tail\n|-damage|p2a: Scream Tail|0 fnt\n|faint|p2a: Scream Tail\n|-end|p2a: Scream Tail|Protosynthesis|[silent]\n|\n|win|McDubbieEnthusiast\n|raw|McDubbieEnthusiast's rating: 1505 → 1524<\/strong> (+19 for winning)\n|raw|cammmmy's rating: 1495 → 1476<\/strong> (-19 for losing)\n|l|\u2606cammmmy\n","uploadtime":1683555644,"views":10,"p1id":"mcdubbieenthusiast","p2id":"cammmmy","formatid":"gen9vgc2023regulationc","rating":1476,"private":0,"password":""}