{"id":"gen9vgc2023regulationc-1858742537","p1":"ElRojoBlanco","p2":"MilyMystic","format":"[Gen 9] VGC 2023 Regulation C","log":"|j|\u2606ElRojoBlanco\n|j|\u2606MilyMystic\n|t:|1683352017\n|gametype|doubles\n|player|p1|ElRojoBlanco|pokemonranger-gen4|1140\n|player|p2|MilyMystic|pokemonrangerf|1193\n|teamsize|p1|6\n|teamsize|p2|6\n|gen|9\n|tier|[Gen 9] VGC 2023 Regulation C\n|rated|\n|rule|Species Clause: Limit one of each Pok\u00e9mon\n|rule|Item Clause: Limit one of each item\n|clearpoke\n|poke|p1|Talonflame, L50, M|\n|poke|p1|Breloom, L50, M|\n|poke|p1|Chien-Pao, L50|\n|poke|p1|Flutter Mane, L50|\n|poke|p1|Glimmora, L50, F|\n|poke|p1|Chi-Yu, L50|\n|poke|p2|Arcanine, L50, F|\n|poke|p2|Amoonguss, L50, F|\n|poke|p2|Palafin, L50, F|\n|poke|p2|Ting-Lu, L50|\n|poke|p2|Flutter Mane, L50|\n|poke|p2|Dragonite, L50, F|\n|teampreview|4\n|inactive|Battle timer is ON: inactive players will automatically lose when time's up. (requested by MilyMystic)\n|c|\u2606ElRojoBlanco|This the most meta team I've ever seen\n|c|\u2606ElRojoBlanco|Have some originality!\n|\n|t:|1683352067\n|start\n|switch|p1a: Talonflame|Talonflame, L50, M, shiny|100\/100\n|switch|p1b: Breloom|Breloom, L50, M, shiny|100\/100\n|switch|p2a: Ting-Lu|Ting-Lu, L50|100\/100\n|switch|p2b: Amoonguss|Amoonguss, L50, F|100\/100\n|-ability|p2a: Ting-Lu|Vessel of Ruin\n|turn|1\n|inactive|ElRojoBlanco has 30 seconds left.\n|inactive|MilyMystic has 30 seconds left.\n|inactive|ElRojoBlanco has 20 seconds left.\n|inactive|MilyMystic has 20 seconds left.\n|\n|t:|1683352103\n|switch|p2a: Arcanine|Arcanine, L50, F|100\/100\n|-ability|p2a: Arcanine|Intimidate|boost\n|-unboost|p1a: Talonflame|atk|1\n|-unboost|p1b: Breloom|atk|1\n|move|p1a: Talonflame|Will-O-Wisp|p2a: Arcanine\n|-immune|p2a: Arcanine\n|move|p1b: Breloom|Spore|p2a: Arcanine\n|-activate|p2a: Arcanine|item: Safety Goggles|Spore\n|move|p2b: Amoonguss|Spore|p1a: Talonflame\n|-activate|p1a: Talonflame|item: Safety Goggles|Spore\n|\n|upkeep\n|turn|2\n|inactive|ElRojoBlanco has 30 seconds left.\n|inactive|MilyMystic has 30 seconds left.\n|\n|t:|1683352134\n|move|p1b: Breloom|Protect|p1b: Breloom\n|-singleturn|p1b: Breloom|Protect\n|move|p1a: Talonflame|Brave Bird|p2b: Amoonguss\n|-supereffective|p2b: Amoonguss\n|-damage|p2b: Amoonguss|56\/100\n|-damage|p1a: Talonflame|82\/100|[from] Recoil\n|move|p2a: Arcanine|Flare Blitz|p1b: Breloom\n|-activate|p1b: Breloom|move: Protect\n|move|p2b: Amoonguss|Pollen Puff|p2a: Arcanine\n|-immune|p2a: Arcanine\n|\n|upkeep\n|turn|3\n|inactive|ElRojoBlanco has 30 seconds left.\n|inactive|ElRojoBlanco has 20 seconds left.\n|\n|t:|1683352172\n|switch|p1b: Glimmora|Glimmora, L50, F|100\/100\n|move|p2b: Amoonguss|Protect|p2b: Amoonguss\n|-singleturn|p2b: Amoonguss|Protect\n|move|p1a: Talonflame|Will-O-Wisp|p2b: Amoonguss\n|-activate|p2b: Amoonguss|move: Protect\n|move|p2a: Arcanine|Flare Blitz|p1b: Glimmora\n|-resisted|p1b: Glimmora\n|-damage|p1b: Glimmora|71\/100\n|-activate|p1b: Glimmora|ability: Toxic Debris\n|-sidestart|p2: MilyMystic|move: Toxic Spikes\n|-damage|p2a: Arcanine|91\/100|[from] Recoil\n|\n|upkeep\n|turn|4\n|inactive|ElRojoBlanco has 30 seconds left.\n|inactive|MilyMystic has 30 seconds left.\n|\n|t:|1683352204\n|switch|p2b: Dragonite|Dragonite, L50, F|100\/100\n|move|p1a: Talonflame|Brave Bird|p2b: Dragonite\n|-damage|p2b: Dragonite|87\/100\n|-damage|p1a: Talonflame|76\/100|[from] Recoil\n|move|p1b: Glimmora|Mortal Spin|p2a: Arcanine|[spread] p2a,p2b\n|-damage|p2a: Arcanine|87\/100\n|-damage|p2b: Dragonite|83\/100\n|-status|p2a: Arcanine|psn\n|-status|p2b: Dragonite|psn\n|move|p2a: Arcanine|Howl|p2a: Arcanine|[spread] p2a,p2b\n|-boost|p2a: Arcanine|atk|1\n|-boost|p2b: Dragonite|atk|1\n|\n|-damage|p2a: Arcanine|75\/100 psn|[from] psn\n|-damage|p2b: Dragonite|71\/100 psn|[from] psn\n|upkeep\n|turn|5\n|inactive|ElRojoBlanco has 30 seconds left.\n|inactive|MilyMystic has 30 seconds left.\n|inactive|ElRojoBlanco has 20 seconds left.\n|inactive|ElRojoBlanco has 15 seconds left.\n|inactive|ElRojoBlanco has 10 seconds left.\n|\n|t:|1683352252\n|move|p2b: Dragonite|Protect|p2b: Dragonite\n|-singleturn|p2b: Dragonite|Protect\n|move|p1a: Talonflame|Quick Guard|p1a: Talonflame\n|-singleturn|p1a: Talonflame|Quick Guard\n|move|p1b: Glimmora|Sludge Bomb|p2b: Dragonite\n|-activate|p2b: Dragonite|move: Protect\n|move|p2a: Arcanine|Howl|p2a: Arcanine|[spread] p2a,p2b\n|-boost|p2a: Arcanine|atk|1\n|-boost|p2b: Dragonite|atk|1\n|\n|-damage|p2a: Arcanine|62\/100 psn|[from] psn\n|-damage|p2b: Dragonite|59\/100 psn|[from] psn\n|upkeep\n|turn|6\n|\n|t:|1683352274\n|switch|p2a: Amoonguss|Amoonguss, L50, F|89\/100\n|-sideend|p2: MilyMystic|move: Toxic Spikes|[of] p2a: Amoonguss\n|-terastallize|p2b: Dragonite|Fire\n|move|p1a: Talonflame|Quick Guard|p1a: Talonflame\n|-singleturn|p1a: Talonflame|Quick Guard\n|move|p1b: Glimmora|Sludge Bomb|p2b: Dragonite\n|-damage|p2b: Dragonite|22\/100 psn\n|move|p2b: Dragonite|Tera Blast|p1a: Talonflame\n|-resisted|p1a: Talonflame\n|-damage|p1a: Talonflame|6\/100\n|\n|-damage|p2b: Dragonite|10\/100 psn|[from] psn\n|upkeep\n|turn|7\n|\n|t:|1683352297\n|move|p2b: Dragonite|Extreme Speed|p1a: Talonflame\n|-damage|p1a: Talonflame|0 fnt\n|faint|p1a: Talonflame\n|move|p1b: Glimmora|Power Gem|p2b: Dragonite\n|-supereffective|p2b: Dragonite\n|-damage|p2b: Dragonite|0 fnt\n|faint|p2b: Dragonite\n|move|p2a: Amoonguss|Spore|p1b: Glimmora\n|-status|p1b: Glimmora|slp|[from] move: Spore\n|\n|upkeep\n|\n|t:|1683352318\n|switch|p1a: Breloom|Breloom, L50, M, shiny|100\/100\n|switch|p2b: Ting-Lu|Ting-Lu, L50|100\/100\n|-ability|p2b: Ting-Lu|Vessel of Ruin\n|turn|8\n|inactive|ElRojoBlanco has 30 seconds left.\n|inactive|ElRojoBlanco has 20 seconds left.\n|inactive|ElRojoBlanco has 15 seconds left.\n|inactive|ElRojoBlanco has 10 seconds left.\n|inactive|ElRojoBlanco has 5 seconds left.\n|\n|t:|1683352368\n|-terastallize|p1a: Breloom|Fire\n|cant|p1b: Glimmora|slp\n|move|p1a: Breloom|Bullet Seed|p2b: Ting-Lu\n|-supereffective|p2b: Ting-Lu\n|-damage|p2b: Ting-Lu|76\/100\n|-supereffective|p2b: Ting-Lu\n|-damage|p2b: Ting-Lu|54\/100\n|-supereffective|p2b: Ting-Lu\n|-damage|p2b: Ting-Lu|28\/100\n|-supereffective|p2b: Ting-Lu\n|-damage|p2b: Ting-Lu|5\/100\n|-supereffective|p2b: Ting-Lu\n|-damage|p2b: Ting-Lu|0 fnt\n|faint|p2b: Ting-Lu\n|-hitcount|p2: Ting-Lu|5\n|move|p2a: Amoonguss|Clear Smog|p1a: Breloom\n|-damage|p1a: Breloom|72\/100\n|-clearboost|p1a: Breloom\n|\n|upkeep\n|\n|t:|1683352387\n|switch|p2b: Arcanine|Arcanine, L50, F|62\/100 psn\n|-ability|p2b: Arcanine|Intimidate|boost\n|-unboost|p1a: Breloom|atk|1\n|-unboost|p1b: Glimmora|atk|1\n|turn|9\n|inactive|ElRojoBlanco has 30 seconds left.\n|\n|t:|1683352414\n|move|p2b: Arcanine|Protect|p2b: Arcanine\n|-singleturn|p2b: Arcanine|Protect\n|move|p1a: Breloom|Mach Punch|p2a: Amoonguss\n|-resisted|p2a: Amoonguss\n|-damage|p2a: Amoonguss|81\/100\n|cant|p1b: Glimmora|slp\n|move|p2a: Amoonguss|Spore|p1a: Breloom\n|-status|p1a: Breloom|slp|[from] move: Spore\n|\n|-damage|p2b: Arcanine|50\/100 psn|[from] psn\n|upkeep\n|turn|10\n|inactive|ElRojoBlanco has 30 seconds left.\n|inactive|MilyMystic has 30 seconds left.\n|\n|t:|1683352449\n|cant|p1a: Breloom|slp\n|move|p2b: Arcanine|Extreme Speed|p1a: Breloom\n|-damage|p1a: Breloom|35\/100 slp\n|cant|p1b: Glimmora|slp\n|move|p2a: Amoonguss|Pollen Puff|p2b: Arcanine\n|-heal|p2b: Arcanine|99\/100 psn\n|\n|-damage|p2b: Arcanine|88\/100 psn|[from] psn\n|upkeep\n|turn|11\n|\n|t:|1683352467\n|move|p2b: Arcanine|Extreme Speed|p1a: Breloom\n|-damage|p1a: Breloom|0 fnt\n|faint|p1a: Breloom\n|-curestatus|p1b: Glimmora|slp|[msg]\n|move|p1b: Glimmora|Earth Power|p2b: Arcanine\n|-supereffective|p2b: Arcanine\n|-damage|p2b: Arcanine|39\/100 psn\n|move|p2a: Amoonguss|Spore|p1b: Glimmora\n|-status|p1b: Glimmora|slp|[from] move: Spore\n|\n|-damage|p2b: Arcanine|27\/100 psn|[from] psn\n|upkeep\n|inactive|ElRojoBlanco has 30 seconds left.\n|c|\u2606ElRojoBlanco|I hope you trip over your shoe laces everyday for the rest of your life\n|c|\u2606ElRojoBlanco|So lucky\n|inactive|ElRojoBlanco has 20 seconds left.\n|inactive|ElRojoBlanco has 15 seconds left.\n|inactive|ElRojoBlanco has 10 seconds left.\n|inactive|ElRojoBlanco has 5 seconds left.\n|c|\u2606ElRojoBlanco|I hope all your milk is spoiled\n|\n|t:|1683352522\n|switch|p1a: Flutter Mane|Flutter Mane, L50|100\/100\n|-enditem|p1a: Flutter Mane|Booster Energy\n|-activate|p1a: Flutter Mane|ability: Protosynthesis|[fromitem]\n|-start|p1a: Flutter Mane|protosynthesisspa\n|turn|12\n|inactive|ElRojoBlanco has 10 seconds left this turn.\n|c|\u2606ElRojoBlanco|F*ckin loser\n|inactive|ElRojoBlanco has 5 seconds left.\n|-message|ElRojoBlanco lost due to inactivity.\n|\n|win|MilyMystic\n|raw|ElRojoBlanco's rating: 1140 → 1119<\/strong> (-21 for losing)\n|raw|MilyMystic's rating: 1193 → 1214<\/strong> (+21 for winning)\n","uploadtime":1683352527,"views":12,"p1id":"elrojoblanco","p2id":"milymystic","formatid":"gen9vgc2023regulationc","rating":1119,"private":0,"password":""}