{"id":"gen9vgc2023regulationc-1856763567","p1":"Jscoot12","p2":"Currololol","format":"[Gen 9] VGC 2023 Regulation C","log":"|j|\u2606Jscoot12\n|j|\u2606Currololol\n|t:|1683107668\n|gametype|doubles\n|player|p1|Jscoot12|266|1229\n|player|p2|Currololol|n|1211\n|teamsize|p1|6\n|teamsize|p2|6\n|gen|9\n|tier|[Gen 9] VGC 2023 Regulation C\n|rated|\n|rule|Species Clause: Limit one of each Pok\u00e9mon\n|rule|Item Clause: Limit one of each item\n|clearpoke\n|poke|p1|Orthworm, L50, F|\n|poke|p1|Dragonite, L50, M|\n|poke|p1|Flutter Mane, L50|\n|poke|p1|Chi-Yu, L50|\n|poke|p1|Baxcalibur, L50, M|\n|poke|p1|Gyarados, L50, F|\n|poke|p2|Dachsbun, L50, F|\n|poke|p2|Chi-Yu, L50|\n|poke|p2|Flutter Mane, L50|\n|poke|p2|Wo-Chien, L50|\n|poke|p2|Gyarados, L50, M|\n|poke|p2|Arcanine, L50, M|\n|teampreview|4\n|inactive|Battle timer is ON: inactive players will automatically lose when time's up. (requested by Currololol)\n|inactive|Currololol has 60 seconds left.\nJscoot12 has agreed to open team sheets.\n|\n|t:|1683107712\n|start\n|switch|p1a: Orthworm|Orthworm, L50, F|100\/100\n|switch|p1b: Chi-Yu|Chi-Yu, L50|100\/100\n|switch|p2a: Dachsbun|Dachsbun, L50, F|100\/100\n|switch|p2b: Chi-Yu|Chi-Yu, L50|100\/100\n|-ability|p2b: Chi-Yu|Beads of Ruin\n|-ability|p1b: Chi-Yu|Beads of Ruin\n|turn|1\n|\n|t:|1683107732\n|-terastallize|p1a: Orthworm|Fire\n|move|p2b: Chi-Yu|Lava Plume|p1a: Orthworm|[spread] p1a,p1b\n|-ability|p2a: Dachsbun|Well-Baked Body|boost\n|-boost|p2a: Dachsbun|def|2\n|-resisted|p1a: Orthworm\n|-resisted|p1b: Chi-Yu\n|-damage|p1a: Orthworm|75\/100\n|-damage|p1b: Chi-Yu|86\/100\n|move|p1b: Chi-Yu|Dark Pulse|p2b: Chi-Yu\n|-resisted|p2b: Chi-Yu\n|-damage|p2b: Chi-Yu|64\/100\n|move|p2a: Dachsbun|Body Press|p1a: Orthworm\n|-damage|p1a: Orthworm|39\/100\n|move|p1a: Orthworm|Heavy Slam|p2a: Dachsbun\n|-supereffective|p2a: Dachsbun\n|-damage|p2a: Dachsbun|63\/100\n|\n|-heal|p1a: Orthworm|46\/100|[from] item: Leftovers\n|upkeep\n|turn|2\n|inactive|Jscoot12 has 30 seconds left.\n|inactive|Currololol has 30 seconds left.\n|inactive|Currololol has 20 seconds left.\n|inactive|Currololol has 15 seconds left.\n|\n|t:|1683107776\n|move|p2a: Dachsbun|Protect|p2a: Dachsbun\n|-singleturn|p2a: Dachsbun|Protect\n|move|p2b: Chi-Yu|Nasty Plot|p2b: Chi-Yu\n|-boost|p2b: Chi-Yu|spa|2\n|move|p1b: Chi-Yu|Dark Pulse|p2a: Dachsbun\n|-activate|p2a: Dachsbun|move: Protect\n|move|p1a: Orthworm|Heavy Slam|p2a: Dachsbun\n|-activate|p2a: Dachsbun|move: Protect\n|\n|-heal|p1a: Orthworm|52\/100|[from] item: Leftovers\n|upkeep\n|turn|3\n|\n|t:|1683107799\n|move|p2b: Chi-Yu|Lava Plume|p1a: Orthworm|[spread] p1a,p1b\n|-ability|p2a: Dachsbun|Well-Baked Body|boost\n|-boost|p2a: Dachsbun|def|2\n|-resisted|p1a: Orthworm\n|-resisted|p1b: Chi-Yu\n|-damage|p1a: Orthworm|1\/100\n|-damage|p1b: Chi-Yu|53\/100\n|move|p1b: Chi-Yu|Dark Pulse|p2b: Chi-Yu\n|-resisted|p2b: Chi-Yu\n|-damage|p2b: Chi-Yu|26\/100\n|move|p2a: Dachsbun|Body Press|p1b: Chi-Yu\n|-supereffective|p1b: Chi-Yu\n|-damage|p1b: Chi-Yu|0 fnt\n|faint|p1b: Chi-Yu\n|move|p1a: Orthworm|Body Press|p2b: Chi-Yu\n|-supereffective|p2b: Chi-Yu\n|-damage|p2b: Chi-Yu|0 fnt\n|faint|p2b: Chi-Yu\n|\n|-heal|p1a: Orthworm|7\/100|[from] item: Leftovers\n|upkeep\n|\n|t:|1683107820\n|switch|p2b: Wo-Chien|Wo-Chien, L50|100\/100\n|switch|p1b: Gyarados|Gyarados, L50, F|100\/100\n|-ability|p1b: Gyarados|Intimidate|boost\n|-unboost|p2a: Dachsbun|atk|1\n|-unboost|p2b: Wo-Chien|atk|1\n|-ability|p2b: Wo-Chien|Tablets of Ruin\n|turn|4\n|\n|t:|1683107834\n|-terastallize|p2b: Wo-Chien|Poison\n|move|p2a: Dachsbun|Body Press|p1b: Gyarados\n|-resisted|p1b: Gyarados\n|-damage|p1b: Gyarados|73\/100\n|move|p1b: Gyarados|Bulldoze|p2b: Wo-Chien|[spread] p2a,p2b\n|-heal|p1a: Orthworm|32\/100|[from] ability: Earth Eater|[of] p1b: Gyarados\n|-supereffective|p2b: Wo-Chien\n|-damage|p2a: Dachsbun|60\/100\n|-damage|p2b: Wo-Chien|86\/100\n|-unboost|p2a: Dachsbun|spe|1\n|-unboost|p2b: Wo-Chien|spe|1\n|move|p1a: Orthworm|Iron Defense|p1a: Orthworm\n|-boost|p1a: Orthworm|def|2\n|move|p2b: Wo-Chien|Leech Seed|p1b: Gyarados\n|-start|p1b: Gyarados|move: Leech Seed\n|\n|-heal|p1a: Orthworm|38\/100|[from] item: Leftovers\n|-heal|p2b: Wo-Chien|92\/100|[from] item: Leftovers\n|-damage|p1b: Gyarados|61\/100|[from] Leech Seed|[of] p2b: Wo-Chien\n|-heal|p2b: Wo-Chien|100\/100|[silent]\n|upkeep\n|turn|5\n|\n|t:|1683107858\n|move|p1b: Gyarados|Bulldoze|p2a: Dachsbun|[spread] p2a,p2b\n|-heal|p1a: Orthworm|63\/100|[from] ability: Earth Eater|[of] p1b: Gyarados\n|-supereffective|p2b: Wo-Chien\n|-damage|p2a: Dachsbun|57\/100\n|-damage|p2b: Wo-Chien|85\/100\n|-unboost|p2a: Dachsbun|spe|1\n|-unboost|p2b: Wo-Chien|spe|1\n|move|p1a: Orthworm|Iron Defense|p1a: Orthworm\n|-boost|p1a: Orthworm|def|2\n|move|p2a: Dachsbun|Body Press|p1a: Orthworm\n|-damage|p1a: Orthworm|51\/100\n|move|p2b: Wo-Chien|Pollen Puff|p2a: Dachsbun\n|-heal|p2a: Dachsbun|100\/100\n|\n|-heal|p1a: Orthworm|57\/100|[from] item: Leftovers\n|-heal|p2b: Wo-Chien|91\/100|[from] item: Leftovers\n|-damage|p1b: Gyarados|48\/100|[from] Leech Seed|[of] p2b: Wo-Chien\n|-heal|p2b: Wo-Chien|100\/100|[silent]\n|upkeep\n|turn|6\n|inactive|Jscoot12 has 30 seconds left.\n|\n|t:|1683107883\n|move|p2a: Dachsbun|Protect|p2a: Dachsbun\n|-singleturn|p2a: Dachsbun|Protect\n|move|p1b: Gyarados|Bulldoze|p2b: Wo-Chien|[spread] p2b\n|-activate|p2a: Dachsbun|move: Protect\n|-heal|p1a: Orthworm|82\/100|[from] ability: Earth Eater|[of] p1b: Gyarados\n|-supereffective|p2b: Wo-Chien\n|-damage|p2b: Wo-Chien|85\/100\n|-unboost|p2b: Wo-Chien|spe|1\n|move|p1a: Orthworm|Iron Defense|p1a: Orthworm\n|-boost|p1a: Orthworm|def|2\n|move|p2b: Wo-Chien|Leech Seed|p1a: Orthworm\n|-start|p1a: Orthworm|move: Leech Seed\n|\n|-heal|p1a: Orthworm|88\/100|[from] item: Leftovers\n|-heal|p2b: Wo-Chien|91\/100|[from] item: Leftovers\n|-damage|p1b: Gyarados|36\/100|[from] Leech Seed|[of] p2b: Wo-Chien\n|-heal|p2b: Wo-Chien|100\/100|[silent]\n|-damage|p1a: Orthworm|76\/100|[from] Leech Seed|[of] p2b: Wo-Chien\n|upkeep\n|turn|7\n|inactive|Jscoot12 has 30 seconds left.\n|inactive|Currololol has 30 seconds left.\n|\n|t:|1683107911\n|move|p2b: Wo-Chien|Protect|p2b: Wo-Chien\n|-singleturn|p2b: Wo-Chien|Protect\n|move|p1b: Gyarados|Taunt|p2b: Wo-Chien\n|-activate|p2b: Wo-Chien|move: Protect\n|move|p1a: Orthworm|Heavy Slam|p2a: Dachsbun\n|-supereffective|p2a: Dachsbun\n|-damage|p2a: Dachsbun|82\/100\n|move|p2a: Dachsbun|Yawn|p1a: Orthworm\n|-start|p1a: Orthworm|move: Yawn|[of] p2a: Dachsbun\n|\n|-heal|p1a: Orthworm|82\/100|[from] item: Leftovers\n|-damage|p1b: Gyarados|23\/100|[from] Leech Seed|[of] p2b: Wo-Chien\n|-damage|p1a: Orthworm|69\/100|[from] Leech Seed|[of] p2b: Wo-Chien\n|upkeep\n|turn|8\n|inactive|Jscoot12 has 30 seconds left.\n|\n|t:|1683107939\n|switch|p1b: Flutter Mane|Flutter Mane, L50|100\/100\n|-enditem|p1b: Flutter Mane|Booster Energy\n|-activate|p1b: Flutter Mane|ability: Protosynthesis|[fromitem]\n|-start|p1b: Flutter Mane|protosynthesisspe\n|move|p1a: Orthworm|Shed Tail|p1a: Orthworm\n|-start|p1a: Orthworm|Substitute|[from] move: Shed Tail\n|-damage|p1a: Orthworm|19\/100\n|\n|t:|1683107946\n|switch|p1a: Gyarados|Gyarados, L50, F|23\/100|[from] Shed Tail\n|-ability|p1a: Gyarados|Intimidate|boost\n|-unboost|p2a: Dachsbun|atk|1\n|-unboost|p2b: Wo-Chien|atk|1\n|move|p2a: Dachsbun|Yawn|p1b: Flutter Mane\n|-start|p1b: Flutter Mane|move: Yawn|[of] p2a: Dachsbun\n|move|p2b: Wo-Chien|Foul Play|p1b: Flutter Mane\n|-damage|p1b: Flutter Mane|77\/100\n|\n|upkeep\n|turn|9\n|\n|t:|1683107967\n|-end|p1b: Flutter Mane|Protosynthesis|[silent]\n|switch|p1b: Orthworm|Orthworm, L50, F, tera:Fire|19\/100\n|move|p2b: Wo-Chien|Protect|p2b: Wo-Chien\n|-singleturn|p2b: Wo-Chien|Protect\n|move|p1a: Gyarados|Bulldoze|p2a: Dachsbun|[spread] p2a\n|-activate|p2b: Wo-Chien|move: Protect\n|-heal|p1b: Orthworm|44\/100|[from] ability: Earth Eater|[of] p1a: Gyarados\n|-damage|p2a: Dachsbun|79\/100\n|-unboost|p2a: Dachsbun|spe|1\n|move|p2a: Dachsbun|Snarl|p1b: Orthworm|[spread] p1a,p1b\n|-damage|p1a: Gyarados|19\/100\n|-damage|p1b: Orthworm|38\/100\n|-unboost|p1a: Gyarados|spa|1\n|-unboost|p1b: Orthworm|spa|1\n|\n|-heal|p1b: Orthworm|44\/100|[from] item: Leftovers\n|upkeep\n|turn|10\n|\n|t:|1683107991\n|move|p1a: Gyarados|Bulldoze|p2b: Wo-Chien|[spread] p2a,p2b\n|-heal|p1b: Orthworm|69\/100|[from] ability: Earth Eater|[of] p1a: Gyarados\n|-supereffective|p2b: Wo-Chien\n|-damage|p2a: Dachsbun|76\/100\n|-damage|p2b: Wo-Chien|86\/100\n|-unboost|p2a: Dachsbun|spe|1\n|-unboost|p2b: Wo-Chien|spe|1\n|move|p1b: Orthworm|Iron Defense|p1b: Orthworm\n|-boost|p1b: Orthworm|def|2\n|move|p2a: Dachsbun|Body Press|p1a: Gyarados\n|-resisted|p1a: Gyarados\n|-end|p1a: Gyarados|Substitute\n|move|p2b: Wo-Chien|Leech Seed|p1b: Orthworm\n|-start|p1b: Orthworm|move: Leech Seed\n|\n|-heal|p1b: Orthworm|75\/100|[from] item: Leftovers\n|-heal|p2b: Wo-Chien|92\/100|[from] item: Leftovers\n|-damage|p1b: Orthworm|63\/100|[from] Leech Seed|[of] p2b: Wo-Chien\n|-heal|p2b: Wo-Chien|100\/100|[silent]\n|upkeep\n|turn|11\n|inactive|Jscoot12 has 30 seconds left.\n|\n|t:|1683108017\n|move|p1a: Gyarados|Taunt|p2b: Wo-Chien\n|-start|p2b: Wo-Chien|move: Taunt\n|move|p1b: Orthworm|Shed Tail|p1b: Orthworm\n|-start|p1b: Orthworm|Substitute|[from] move: Shed Tail\n|-damage|p1b: Orthworm|12\/100\n|\n|t:|1683108023\n|switch|p1b: Flutter Mane|Flutter Mane, L50|77\/100|[from] Shed Tail\n|move|p2a: Dachsbun|Yawn|p1a: Gyarados\n|-start|p1a: Gyarados|move: Yawn|[of] p2a: Dachsbun\n|cant|p2b: Wo-Chien|move: Taunt|Leech Seed\n|\n|upkeep\n|turn|12\n|\n|t:|1683108040\n|switch|p2b: Gyarados|Gyarados, L50, M, shiny|100\/100\n|-ability|p2b: Gyarados|Intimidate|boost\n|-unboost|p1a: Gyarados|atk|1\n|-immune|p1b: Flutter Mane\n|move|p1b: Flutter Mane|Thunderbolt|p2a: Dachsbun\n|-damage|p2a: Dachsbun|40\/100\n|-enditem|p2a: Dachsbun|Sitrus Berry|[eat]\n|-heal|p2a: Dachsbun|65\/100|[from] item: Sitrus Berry\n|move|p1a: Gyarados|Thunder Wave|p2a: Dachsbun\n|-status|p2a: Dachsbun|par\n|cant|p2a: Dachsbun|par\n|\n|-end|p1a: Gyarados|move: Yawn|[silent]\n|-status|p1a: Gyarados|slp\n|upkeep\n|turn|13\n|inactive|Jscoot12 has 30 seconds left.\n|\n|t:|1683108067\n|move|p1b: Flutter Mane|Thunderbolt|p2b: Gyarados\n|-supereffective|p2b: Gyarados\n|-damage|p2b: Gyarados|23\/100\n|cant|p1a: Gyarados|slp\n|move|p2b: Gyarados|Waterfall|p1b: Flutter Mane\n|-end|p1b: Flutter Mane|Substitute\n|move|p2a: Dachsbun|Snarl|p1a: Gyarados|[spread] p1a,p1b\n|-crit|p1a: Gyarados\n|-damage|p1a: Gyarados|12\/100 slp\n|-damage|p1b: Flutter Mane|73\/100\n|-unboost|p1a: Gyarados|spa|1\n|-unboost|p1b: Flutter Mane|spa|1\n|\n|upkeep\n|turn|14\n|inactive|Jscoot12 has 30 seconds left.\n|inactive|Jscoot12 has 20 seconds left.\n|\n|t:|1683108107\n|switch|p2b: Wo-Chien|Wo-Chien, L50, tera:Poison|100\/100\n|-ability|p2b: Wo-Chien|Tablets of Ruin\n|move|p1b: Flutter Mane|Thunderbolt|p2b: Wo-Chien\n|-crit|p2b: Wo-Chien\n|-damage|p2b: Wo-Chien|74\/100\n|-curestatus|p1a: Gyarados|slp|[msg]\n|move|p1a: Gyarados|Thunder Wave|p2b: Wo-Chien\n|-status|p2b: Wo-Chien|par\n|move|p2a: Dachsbun|Snarl|p1a: Gyarados|[spread] p1a,p1b\n|-damage|p1a: Gyarados|8\/100\n|-damage|p1b: Flutter Mane|68\/100\n|-unboost|p1a: Gyarados|spa|1\n|-unboost|p1b: Flutter Mane|spa|1\n|\n|-heal|p2b: Wo-Chien|81\/100 par|[from] item: Leftovers\n|upkeep\n|turn|15\n|inactive|Currololol has 30 seconds left.\n|\n|t:|1683108132\n|-end|p1b: Flutter Mane|Protosynthesis|[silent]\n|switch|p1b: Orthworm|Orthworm, L50, F, tera:Fire|12\/100\n|move|p1a: Gyarados|Bulldoze|p2b: Wo-Chien|[spread] p2a,p2b\n|-heal|p1b: Orthworm|37\/100|[from] ability: Earth Eater|[of] p1a: Gyarados\n|-supereffective|p2b: Wo-Chien\n|-damage|p2a: Dachsbun|63\/100 par\n|-damage|p2b: Wo-Chien|70\/100 par\n|-unboost|p2a: Dachsbun|spe|1\n|-unboost|p2b: Wo-Chien|spe|1\n|move|p2b: Wo-Chien|Leech Seed|p1b: Orthworm\n|-start|p1b: Orthworm|move: Leech Seed\n|cant|p2a: Dachsbun|par\n|\n|-heal|p1b: Orthworm|43\/100|[from] item: Leftovers\n|-heal|p2b: Wo-Chien|77\/100 par|[from] item: Leftovers\n|-damage|p1b: Orthworm|31\/100|[from] Leech Seed|[of] p2b: Wo-Chien\n|-heal|p2b: Wo-Chien|88\/100 par|[silent]\n|upkeep\n|turn|16\n|\n|t:|1683108154\n|move|p1a: Gyarados|Bulldoze|p2a: Dachsbun|[spread] p2a,p2b\n|-heal|p1b: Orthworm|56\/100|[from] ability: Earth Eater|[of] p1a: Gyarados\n|-supereffective|p2b: Wo-Chien\n|-damage|p2a: Dachsbun|61\/100 par\n|-damage|p2b: Wo-Chien|77\/100 par\n|-unboost|p2a: Dachsbun|spe|1\n|-unboost|p2b: Wo-Chien|spe|1\n|move|p1b: Orthworm|Body Press|p2b: Wo-Chien\n|-resisted|p2b: Wo-Chien\n|-crit|p2b: Wo-Chien\n|-damage|p2b: Wo-Chien|65\/100 par\n|move|p2b: Wo-Chien|Foul Play|p1b: Orthworm\n|-damage|p1b: Orthworm|36\/100\n|move|p2a: Dachsbun|Body Press|p1a: Gyarados\n|-resisted|p1a: Gyarados\n|-damage|p1a: Gyarados|0 fnt\n|faint|p1a: Gyarados\n|\n|-heal|p1b: Orthworm|42\/100|[from] item: Leftovers\n|-heal|p2b: Wo-Chien|71\/100 par|[from] item: Leftovers\n|-damage|p1b: Orthworm|29\/100|[from] Leech Seed|[of] p2b: Wo-Chien\n|-heal|p2b: Wo-Chien|82\/100 par|[silent]\n|upkeep\n|\n|t:|1683108175\n|switch|p1a: Flutter Mane|Flutter Mane, L50|68\/100\n|turn|17\n|inactive|Jscoot12 has 30 seconds left.\n|\n|t:|1683108184\n|move|p2b: Wo-Chien|Protect|p2b: Wo-Chien\n|-singleturn|p2b: Wo-Chien|Protect\n|move|p1a: Flutter Mane|Thunderbolt|p2a: Dachsbun\n|-damage|p2a: Dachsbun|22\/100 par\n|move|p1b: Orthworm|Heavy Slam|p2a: Dachsbun\n|-supereffective|p2a: Dachsbun\n|-damage|p2a: Dachsbun|7\/100 par\n|move|p2a: Dachsbun|Yawn|p1a: Flutter Mane\n|-start|p1a: Flutter Mane|move: Yawn|[of] p2a: Dachsbun\n|\n|-heal|p1b: Orthworm|36\/100|[from] item: Leftovers\n|-heal|p2b: Wo-Chien|89\/100 par|[from] item: Leftovers\n|-damage|p1b: Orthworm|23\/100|[from] Leech Seed|[of] p2b: Wo-Chien\n|-heal|p2b: Wo-Chien|99\/100 par|[silent]\n|upkeep\n|turn|18\n|inactive|Jscoot12 has 30 seconds left this turn.\n|inactive|Jscoot12 has 20 seconds left.\n|inactive|Jscoot12 has 15 seconds left.\n|inactive|Jscoot12 has 10 seconds left.\n|inactive|Jscoot12 has 5 seconds left.\n|-message|Jscoot12 lost due to inactivity.\n|\n|win|Currololol\n|raw|Jscoot12's rating: 1229 → 1203<\/strong> (-26 for losing)\n|raw|Currololol's rating: 1211 → 1237<\/strong> (+26 for winning)\n|c|\u2606Currololol|gg\n|l|\u2606Currololol\n","uploadtime":1683108244,"views":18,"p1id":"jscoot12","p2id":"currololol","formatid":"gen9vgc2023regulationc","rating":1203,"private":0,"password":""}