{"id":"gen9vgc2023regulationc-1857120859","p1":"BIGHAXORUSFAN147","p2":"wisedyVGC","format":"[Gen 9] VGC 2023 Regulation C","log":"|j|\u2606BIGHAXORUSFAN147\n|j|\u2606wisedyVGC\n|t:|1683147887\n|gametype|doubles\n|player|p1|BIGHAXORUSFAN147|grimsley-masters|1434\n|player|p2|wisedyVGC|cynthia-gen4|1440\n|teamsize|p1|6\n|teamsize|p2|6\n|gen|9\n|tier|[Gen 9] VGC 2023 Regulation C\n|rated|\n|rule|Species Clause: Limit one of each Pok\u00e9mon\n|rule|Item Clause: Limit one of each item\n|clearpoke\n|poke|p1|Chien-Pao, L50|\n|poke|p1|Palafin, L50, M|\n|poke|p1|Dragonite, L50, F|\n|poke|p1|Amoonguss, L50, M|\n|poke|p1|Arcanine, L50, M|\n|poke|p1|Flutter Mane, L50|\n|poke|p2|Iron Hands, L50|\n|poke|p2|Amoonguss, L50, F|\n|poke|p2|Chi-Yu, L50|\n|poke|p2|Iron Bundle, L50|\n|poke|p2|Mimikyu, L50, F|\n|poke|p2|Dragonite, L50, F|\n|teampreview|4\n|inactive|Battle timer is ON: inactive players will automatically lose when time's up. (requested by wisedyVGC)\n|j| SupernovaSZ8\nBIGHAXORUSFAN147 has agreed to open team sheets.\nwisedyVGC has agreed to open team sheets.\n|inactive|BIGHAXORUSFAN147 has 60 seconds left.\n|inactive|wisedyVGC has 60 seconds left.\n|inactive|BIGHAXORUSFAN147 has 30 seconds left.\n|inactive|BIGHAXORUSFAN147 has 20 seconds left.\n|inactive|BIGHAXORUSFAN147 has 15 seconds left.\n|inactive|BIGHAXORUSFAN147 has 10 seconds left.\n|\n|t:|1683147968\n|start\n|switch|p1a: Celeste|Flutter Mane, L50|100\/100\n|switch|p1b: Avery|Dragonite, L50, F, shiny|100\/100\n|switch|p2a: Simone|Amoonguss, L50, F|100\/100\n|switch|p2b: Susan|Dragonite, L50, F|100\/100\n|turn|1\n|inactive|BIGHAXORUSFAN147 has 30 seconds left.\n|\n|t:|1683147993\n|-terastallize|p2b: Susan|Flying\n|-terastallize|p1b: Avery|Flying\n|move|p2a: Simone|Rage Powder|p2a: Simone\n|-singleturn|p2a: Simone|move: Rage Powder\n|move|p1a: Celeste|Moonblast|p2a: Simone\n|-resisted|p2a: Simone\n|-damage|p2a: Simone|68\/100\n|move|p2b: Susan|Dragon Dance|p2b: Susan\n|-boost|p2b: Susan|atk|1\n|-boost|p2b: Susan|spe|1\n|move|p1b: Avery|Tera Blast|p2a: Simone\n|-supereffective|p2a: Simone\n|-damage|p2a: Simone|0 fnt\n|faint|p2a: Simone\n|\n|upkeep\n|\n|t:|1683148013\n|switch|p2a: Mary|Mimikyu, L50, F|100\/100\n|turn|2\n|\n|t:|1683148027\n|-end|p1a: Celeste|Protosynthesis|[silent]\n|switch|p1a: Adam|Arcanine, L50, M|100\/100\n|-ability|p1a: Adam|Intimidate|boost\n|-unboost|p2a: Mary|atk|1\n|-fail|p2b: Susan|unboost|Attack|[from] ability: Inner Focus|[of] p2b: Susan\n|move|p2b: Susan|Tera Blast|p1a: Adam\n|-damage|p1a: Adam|6\/100\n|move|p1b: Avery|Tera Blast|p2b: Susan\n|-damage|p2b: Susan|30\/100\n|move|p2a: Mary|Play Rough|p1b: Avery|[miss]\n|-miss|p2a: Mary|p1b: Avery\n|\n|upkeep\n|turn|3\n|\n|t:|1683148049\n|move|p1a: Adam|Protect|p1a: Adam\n|-singleturn|p1a: Adam|Protect\n|move|p2b: Susan|Extreme Speed|p1a: Adam\n|-activate|p1a: Adam|move: Protect\n|move|p1b: Avery|Extreme Speed|p2b: Susan\n|-damage|p2b: Susan|0 fnt\n|faint|p2b: Susan\n|move|p2a: Mary|Play Rough|p1b: Avery\n|-damage|p1b: Avery|84\/100\n|-damage|p2a: Mary|91\/100|[from] item: Life Orb\n|\n|upkeep\n|\n|t:|1683148052\n|switch|p2b: Bob|Iron Bundle, L50|100\/100\n|-enditem|p2b: Bob|Booster Energy\n|-activate|p2b: Bob|ability: Quark Drive|[fromitem]\n|-start|p2b: Bob|quarkdrivespe\n|turn|4\n|inactive|BIGHAXORUSFAN147 has 30 seconds left.\n|inactive|BIGHAXORUSFAN147 has 20 seconds left.\n|inactive|BIGHAXORUSFAN147 has 15 seconds left.\n|inactive|BIGHAXORUSFAN147 has 10 seconds left.\n|\n|t:|1683148102\n|move|p2b: Bob|Icy Wind|p1a: Adam|[spread] p1a,p1b\n|-resisted|p1a: Adam\n|-supereffective|p1b: Avery\n|-damage|p1a: Adam|0 fnt\n|-damage|p1b: Avery|61\/100\n|-unboost|p1b: Avery|spe|1\n|faint|p1a: Adam\n|move|p2a: Mary|Play Rough|p1b: Avery\n|-damage|p1b: Avery|26\/100\n|-damage|p2a: Mary|82\/100|[from] item: Life Orb\n|move|p1b: Avery|Iron Head|p2a: Mary\n|-activate|p2a: Mary|ability: Disguise\n|-damage|p2a: Mary|82\/100\n|detailschange|p2a: Mary|Mimikyu-Busted, L50, F\n|-damage|p2a: Mary|70\/100|[from] pokemon: Mimikyu-Busted\n|\n|upkeep\n|\n|t:|1683148124\n|switch|p1a: Evan|Amoonguss, L50, M|100\/100\n|turn|5\n|inactive|BIGHAXORUSFAN147 has 30 seconds left.\n|inactive|BIGHAXORUSFAN147 has 20 seconds left.\n|inactive|BIGHAXORUSFAN147 has 15 seconds left.\n|\n|t:|1683148164\n|move|p1b: Avery|Extreme Speed|p2b: Bob\n|-damage|p2b: Bob|66\/100\n|move|p2b: Bob|Icy Wind|p1a: Evan|[spread] p1a,p1b\n|-supereffective|p1a: Evan\n|-supereffective|p1b: Avery\n|-damage|p1a: Evan|68\/100\n|-damage|p1b: Avery|3\/100\n|-unboost|p1a: Evan|spe|1\n|-unboost|p1b: Avery|spe|1\n|move|p2a: Mary|Curse|p1a: Evan\n|-start|p1a: Evan|Curse|[of] p2a: Mary\n|-damage|p2a: Mary|20\/100\n|move|p1a: Evan|Spore|p2a: Mary\n|-status|p2a: Mary|slp|[from] move: Spore\n|\n|-damage|p1a: Evan|43\/100|[from] Curse\n|upkeep\n|-enditem|p1a: Evan|Sitrus Berry|[eat]\n|-heal|p1a: Evan|68\/100|[from] item: Sitrus Berry\n|turn|6\n|inactive|BIGHAXORUSFAN147 has 30 seconds left.\n|\n|t:|1683148198\n|move|p2b: Bob|Protect|p2b: Bob\n|-singleturn|p2b: Bob|Protect\n|move|p1b: Avery|Extreme Speed|p2b: Bob\n|-activate|p2b: Bob|move: Protect\n|cant|p2a: Mary|slp\n|move|p1a: Evan|Pollen Puff|p2a: Mary\n|-resisted|p2a: Mary\n|-damage|p2a: Mary|16\/100 slp\n|\n|-damage|p1a: Evan|43\/100|[from] Curse\n|upkeep\n|turn|7\n|inactive|BIGHAXORUSFAN147 has 30 seconds left.\n|\n|t:|1683148229\n|-curestatus|p2a: Mary|slp|[msg]\n|move|p2a: Mary|Shadow Sneak|p1a: Evan\n|-damage|p1a: Evan|30\/100\n|-damage|p2a: Mary|6\/100|[from] item: Life Orb\n|move|p2b: Bob|Icy Wind|p1b: Avery|[spread] p1a,p1b\n|-supereffective|p1a: Evan\n|-supereffective|p1b: Avery\n|-damage|p1a: Evan|0 fnt\n|-damage|p1b: Avery|0 fnt\n|faint|p1a: Evan\n|faint|p1b: Avery\n|\n|upkeep\n|\n|t:|1683148237\n|switch|p1b: Celeste|Flutter Mane, L50|100\/100\n|turn|8\n|\n|t:|1683148251\n|move|p2a: Mary|Shadow Sneak|p1b: Celeste\n|-supereffective|p1b: Celeste\n|-damage|p1b: Celeste|57\/100\n|-damage|p2a: Mary|0 fnt|[from] item: Life Orb\n|faint|p2a: Mary\n|move|p2b: Bob|Hydro Pump|p1b: Celeste\n|-damage|p1b: Celeste|11\/100\n|move|p1b: Celeste|Dazzling Gleam|p2b: Bob\n|-damage|p2b: Bob|0 fnt\n|faint|p2b: Bob\n|-end|p2b: Bob|Quark Drive|[silent]\n|\n|win|BIGHAXORUSFAN147\n|raw|BIGHAXORUSFAN147's rating: 1434 → 1454<\/strong> (+20 for winning)\n|raw|wisedyVGC's rating: 1440 → 1420<\/strong> (-20 for losing)\n","uploadtime":1683148264,"views":7,"p1id":"bighaxorusfan147","p2id":"wisedyvgc","formatid":"gen9vgc2023regulationc","rating":1420,"private":0,"password":""}