{"id":"gen9vgc2023regulationc-1854954380","p1":"Leannerose","p2":"TuP1cha","format":"[Gen 9] VGC 2023 Regulation C","log":"|j|\u2606Leannerose\n|j|\u2606TuP1cha\n|t:|1682884570\n|gametype|doubles\n|player|p1|Leannerose|266|1057\n|player|p2|TuP1cha|silver|1136\n|teamsize|p1|6\n|teamsize|p2|6\n|gen|9\n|tier|[Gen 9] VGC 2023 Regulation C\n|rated|\n|rule|Species Clause: Limit one of each Pok\u00e9mon\n|rule|Item Clause: Limit one of each item\n|clearpoke\n|poke|p1|Gardevoir, L50, F|\n|poke|p1|Hatterene, L50, F|\n|poke|p1|Maushold, L50|\n|poke|p1|Armarouge, L50, M|\n|poke|p1|Torkoal, L50, M|\n|poke|p1|Hariyama, L50, F|\n|poke|p2|Volcarona, L50, M|\n|poke|p2|Gyarados, L50, F|\n|poke|p2|Iron Hands, L50|\n|poke|p2|Flutter Mane, L50|\n|poke|p2|Kingambit, L50, F|\n|poke|p2|Amoonguss, L50, F|\n|teampreview|4\n|inactive|Battle timer is ON: inactive players will automatically lose when time's up. (requested by Leannerose)\n|\n|t:|1682884586\n|start\n|switch|p1a: Hariyama|Hariyama, L50, F|100\/100\n|switch|p1b: Hatterene|Hatterene, L50, F|100\/100\n|switch|p2a: Gyarados|Gyarados, L50, F, shiny|100\/100\n|switch|p2b: Volcarona|Volcarona, L50, M, shiny|100\/100\n|-ability|p2a: Gyarados|Intimidate|boost\n|-unboost|p1a: Hariyama|atk|1\n|-unboost|p1b: Hatterene|atk|1\n|turn|1\n|\n|t:|1682884607\n|-terastallize|p2b: Volcarona|Water\n|move|p1a: Hariyama|Fake Out|p2a: Gyarados\n|-damage|p2a: Gyarados|90\/100\n|move|p2b: Volcarona|Quiver Dance|p2b: Volcarona\n|-boost|p2b: Volcarona|spa|1\n|-boost|p2b: Volcarona|spd|1\n|-boost|p2b: Volcarona|spe|1\n|cant|p2a: Gyarados|flinch\n|move|p1b: Hatterene|Trick Room|p1b: Hatterene\n|-fieldstart|move: Trick Room|[of] p1b: Hatterene\n|\n|-status|p1a: Hariyama|brn|[from] item: Flame Orb\n|upkeep\n|turn|2\n|inactive|Leannerose has 30 seconds left.\n|inactive|TuP1cha has 30 seconds left.\n|inactive|TuP1cha has 20 seconds left.\n|inactive|TuP1cha has 15 seconds left.\n|inactive|TuP1cha has 10 seconds left.\n|\n|t:|1682884654\n|switch|p2a: Amoonguss|Amoonguss, L50, F|100\/100\n|move|p2b: Volcarona|Protect|p2b: Volcarona\n|-singleturn|p2b: Volcarona|Protect\n|move|p1b: Hatterene|Light Screen|p1b: Hatterene\n|-sidestart|p1: Leannerose|move: Light Screen\n|move|p1a: Hariyama|Knock Off|p2b: Volcarona\n|-activate|p2b: Volcarona|move: Protect\n|\n|-damage|p1a: Hariyama|95\/100 brn|[from] brn\n|upkeep\n|turn|3\n|\n|t:|1682884676\n|move|p1b: Hatterene|Play Rough|p2a: Amoonguss\n|-resisted|p2a: Amoonguss\n|-crit|p2a: Amoonguss\n|-damage|p2a: Amoonguss|81\/100\n|move|p2a: Amoonguss|Spore||[still]\n|-fail|p2a: Amoonguss\n|move|p1a: Hariyama|Drain Punch|p2a: Amoonguss\n|-resisted|p2a: Amoonguss\n|-damage|p2a: Amoonguss|64\/100\n|-heal|p1a: Hariyama|100\/100 brn|[from] drain|[of] p2a: Amoonguss\n|move|p2b: Volcarona|Fiery Dance|p1a: Hariyama\n|-damage|p1a: Hariyama|63\/100 brn\n|\n|-damage|p1a: Hariyama|57\/100 brn|[from] brn\n|upkeep\n|turn|4\n|inactive|Leannerose has 30 seconds left.\n|inactive|TuP1cha has 30 seconds left.\n|inactive|TuP1cha has 20 seconds left.\n|\n|t:|1682884711\n|switch|p2a: Gyarados|Gyarados, L50, F, shiny|90\/100\n|-ability|p2a: Gyarados|Intimidate|boost\n|-unboost|p1a: Hariyama|atk|1\n|-unboost|p1b: Hatterene|atk|1\n|switch|p1a: Gardevoir|Gardevoir, L50, F|100\/100\n|move|p1b: Hatterene|Reflect|p1b: Hatterene\n|-sidestart|p1: Leannerose|Reflect\n|move|p2b: Volcarona|Fiery Dance|p1a: Gardevoir\n|-damage|p1a: Gardevoir|72\/100\n|\n|upkeep\n|turn|5\n|inactive|Leannerose has 30 seconds left.\n|inactive|TuP1cha has 30 seconds left.\n|inactive|TuP1cha has 20 seconds left.\n|\n|t:|1682884748\n|switch|p2a: Amoonguss|Amoonguss, L50, F|98\/100\n|-terastallize|p1a: Gardevoir|Psychic\n|move|p1b: Hatterene|Play Rough|p2a: Amoonguss\n|-resisted|p2a: Amoonguss\n|-damage|p2a: Amoonguss|91\/100\n|move|p1a: Gardevoir|Psychic|p2a: Amoonguss\n|-supereffective|p2a: Amoonguss\n|-damage|p2a: Amoonguss|0 fnt\n|faint|p2a: Amoonguss\n|move|p2b: Volcarona|Struggle Bug|p1a: Gardevoir|[spread] p1a,p1b\n|-supereffective|p1a: Gardevoir\n|-damage|p1a: Gardevoir|45\/100\n|-damage|p1b: Hatterene|87\/100\n|-unboost|p1a: Gardevoir|spa|1\n|-unboost|p1b: Hatterene|spa|1\n|\n|-fieldend|move: Trick Room\n|upkeep\n|\n|t:|1682884764\n|switch|p2a: Gyarados|Gyarados, L50, F, shiny|90\/100\n|-ability|p2a: Gyarados|Intimidate|boost\n|-unboost|p1a: Gardevoir|atk|1\n|-unboost|p1b: Hatterene|atk|1\n|turn|6\n|\n|t:|1682884779\n|move|p1a: Gardevoir|Protect|p1a: Gardevoir\n|-singleturn|p1a: Gardevoir|Protect\n|move|p2b: Volcarona|Struggle Bug|p1b: Hatterene|[spread] p1b\n|-activate|p1a: Gardevoir|move: Protect\n|-damage|p1b: Hatterene|72\/100\n|-unboost|p1b: Hatterene|spa|1\n|move|p2a: Gyarados|Thunder Wave|p1b: Hatterene\n|move|p1b: Hatterene|Thunder Wave|p2a: Gyarados|[from]ability: Magic Bounce\n|-status|p2a: Gyarados|par\n|move|p1b: Hatterene|Trick Room|p1b: Hatterene\n|-fieldstart|move: Trick Room|[of] p1b: Hatterene\n|\n|-sideend|p1: Leannerose|move: Light Screen\n|upkeep\n|turn|7\n|inactive|TuP1cha has 30 seconds left.\n|\n|t:|1682884808\n|move|p1b: Hatterene|Play Rough|p2b: Volcarona\n|-damage|p2b: Volcarona|88\/100\n|cant|p2a: Gyarados|par\n|move|p1a: Gardevoir|Psychic|p2b: Volcarona\n|-damage|p2b: Volcarona|64\/100\n|move|p2b: Volcarona|Struggle Bug|p1b: Hatterene|[spread] p1a,p1b\n|-supereffective|p1a: Gardevoir\n|-damage|p1a: Gardevoir|2\/100\n|-damage|p1b: Hatterene|52\/100\n|-unboost|p1a: Gardevoir|spa|1\n|-unboost|p1b: Hatterene|spa|1\n|-enditem|p1a: Gardevoir|Iapapa Berry|[eat]\n|-heal|p1a: Gardevoir|35\/100|[from] item: Iapapa Berry\n|\n|upkeep\n|turn|8\n|\n|t:|1682884827\n|move|p1b: Hatterene|Light Screen|p1b: Hatterene\n|-sidestart|p1: Leannerose|move: Light Screen\n|move|p2a: Gyarados|Waterfall|p1a: Gardevoir\n|-damage|p1a: Gardevoir|0 fnt\n|faint|p1a: Gardevoir\n|move|p2b: Volcarona|Struggle Bug|p1b: Hatterene\n|-damage|p1b: Hatterene|34\/100\n|-unboost|p1b: Hatterene|spa|1\n|\n|-sideend|p1: Leannerose|Reflect\n|upkeep\n|\n|t:|1682884835\n|switch|p1a: Hariyama|Hariyama, L50, F|57\/100 brn\n|turn|9\n|inactive|TuP1cha has 30 seconds left.\n|\n|t:|1682884863\n|move|p2b: Volcarona|Protect|p2b: Volcarona\n|-singleturn|p2b: Volcarona|Protect\n|move|p1a: Hariyama|Fake Out|p2b: Volcarona\n|-activate|p2b: Volcarona|move: Protect\n|move|p1b: Hatterene|Play Rough|p2b: Volcarona\n|-activate|p2b: Volcarona|move: Protect\n|move|p2a: Gyarados|Waterfall|p1a: Hariyama\n|-damage|p1a: Hariyama|18\/100 brn\n|\n|-damage|p1a: Hariyama|12\/100 brn|[from] brn\n|upkeep\n|turn|10\n|\n|t:|1682884886\n|move|p1b: Hatterene|Play Rough|p2b: Volcarona\n|-damage|p2b: Volcarona|52\/100\n|cant|p2a: Gyarados|par\n|move|p1a: Hariyama|Drain Punch|p2b: Volcarona\n|-damage|p2b: Volcarona|0 fnt\n|-heal|p1a: Hariyama|32\/100 brn|[from] drain|[of] p2b: Volcarona\n|faint|p2b: Volcarona\n|\n|-damage|p1a: Hariyama|26\/100 brn|[from] brn\n|-fieldend|move: Trick Room\n|upkeep\n|\n|t:|1682884897\n|switch|p2b: Kingambit|Kingambit, L50, F|100\/100\n|turn|11\n|\n|t:|1682884910\n|move|p2b: Kingambit|Iron Head|p1b: Hatterene\n|-supereffective|p1b: Hatterene\n|-damage|p1b: Hatterene|0 fnt\n|faint|p1b: Hatterene\n|move|p1a: Hariyama|Drain Punch|p2b: Kingambit\n|-supereffective|p2b: Kingambit\n|-damage|p2b: Kingambit|0 fnt\n|-heal|p1a: Hariyama|67\/100 brn|[from] drain|[of] p2b: Kingambit\n|faint|p2b: Kingambit\n|move|p2a: Gyarados|Waterfall|p1a: Hariyama\n|-damage|p1a: Hariyama|32\/100 brn\n|\n|-damage|p1a: Hariyama|26\/100 brn|[from] brn\n|upkeep\n|\n|t:|1682884921\n|switch|p1b: Armarouge|Armarouge, L50, M|100\/100\n|turn|12\n|\n|t:|1682884929\n|move|p1a: Hariyama|Knock Off|p2a: Gyarados\n|-damage|p2a: Gyarados|38\/100 par\n|-enditem|p2a: Gyarados|Sitrus Berry|[from] move: Knock Off|[of] p1a: Hariyama\n|cant|p2a: Gyarados|par\n|move|p1b: Armarouge|Trick Room|p1b: Armarouge\n|-fieldstart|move: Trick Room|[of] p1b: Armarouge\n|\n|-damage|p1a: Hariyama|20\/100 brn|[from] brn\n|-sideend|p1: Leannerose|move: Light Screen\n|upkeep\n|turn|13\n|-message|TuP1cha forfeited.\n|\n|win|Leannerose\n|raw|Leannerose's rating: 1057 → 1095<\/strong> (+38 for winning)\n|raw|TuP1cha's rating: 1136 → 1105<\/strong> (-31 for losing)\n|l|\u2606TuP1cha\n","uploadtime":1682885014,"views":5,"p1id":"leannerose","p2id":"tup1cha","formatid":"gen9vgc2023regulationc","rating":1095,"private":0,"password":""}