{"id":"gen9vgc2023regulationc-1857664093","p1":"BelowZer0TV","p2":"leolc0926","format":"[Gen 9] VGC 2023 Regulation C","log":"|j|\u2606BelowZer0TV\n|j|\u2606leolc0926\n|t:|1683219689\n|gametype|doubles\n|player|p1|BelowZer0TV|1|1239\n|player|p2|leolc0926|steven|1271\n|teamsize|p1|6\n|teamsize|p2|6\n|gen|9\n|tier|[Gen 9] VGC 2023 Regulation C\n|rated|\n|rule|Species Clause: Limit one of each Pok\u00e9mon\n|rule|Item Clause: Limit one of each item\n|clearpoke\n|poke|p1|Dragonite, L50, F|\n|poke|p1|Chien-Pao, L50|\n|poke|p1|Orthworm, L50, M|\n|poke|p1|Ting-Lu, L50|\n|poke|p1|Gyarados, L50, M|\n|poke|p1|Flutter Mane, L50|\n|poke|p2|Roaring Moon, L50|\n|poke|p2|Arcanine, L50, M|\n|poke|p2|Palafin, L50, F|\n|poke|p2|Amoonguss, L50, F|\n|poke|p2|Flutter Mane, L50|\n|poke|p2|Ting-Lu, L50|\n|teampreview|4\nleolc0926 has agreed to open team sheets.\n|inactive|Battle timer is ON: inactive players will automatically lose when time's up. (requested by leolc0926)\n|\n|t:|1683219743\n|start\n|switch|p1a: Orthworm|Orthworm, L50, M, shiny|100\/100\n|switch|p1b: Gyarados|Gyarados, L50, M|100\/100\n|switch|p2a: Palafin|Palafin, L50, F|100\/100\n|switch|p2b: \u632f\u7ffc\u4fa0|Flutter Mane, L50, shiny|100\/100\n|-ability|p1b: Gyarados|Intimidate|boost\n|-unboost|p2a: Palafin|atk|1\n|-unboost|p2b: \u632f\u7ffc\u4fa0|atk|1\n|turn|1\n|inactive|leolc0926 has 30 seconds left.\n|\n|t:|1683219770\n|-terastallize|p2a: Palafin|Water\n|move|p2b: \u632f\u7ffc\u4fa0|Shadow Ball|p1a: Orthworm\n|-damage|p1a: Orthworm|25\/100\n|-enditem|p1a: Orthworm|Sitrus Berry|[eat]\n|-heal|p1a: Orthworm|50\/100|[from] item: Sitrus Berry\n|move|p1b: Gyarados|Thunder Wave|p2b: \u632f\u7ffc\u4fa0\n|-status|p2b: \u632f\u7ffc\u4fa0|par\n|move|p2a: Palafin|Wave Crash|p1a: Orthworm\n|-damage|p1a: Orthworm|15\/100\n|-damage|p2a: Palafin|91\/100|[from] Recoil\n|move|p1a: Orthworm|Shed Tail|p1a: Orthworm\n|-fail|p1a: Orthworm|move: Shed Tail|[weak]\n|\n|upkeep\n|turn|2\n|inactive|leolc0926 has 30 seconds left.\n|\n|t:|1683219799\n|-end|p2b: \u632f\u7ffc\u4fa0|Protosynthesis|[silent]\n|switch|p2b: \u75af\u72d7\u4fa0|Arcanine, L50, M, shiny|100\/100\n|-ability|p2b: \u75af\u72d7\u4fa0|Intimidate|boost\n|-unboost|p1a: Orthworm|atk|1\n|-unboost|p1b: Gyarados|atk|1\n|move|p2a: Palafin|Jet Punch|p1a: Orthworm\n|-damage|p1a: Orthworm|0 fnt\n|faint|p1a: Orthworm\n|move|p1b: Gyarados|Waterfall|p2a: Palafin\n|-resisted|p2a: Palafin\n|-damage|p2a: Palafin|79\/100\n|\n|upkeep\n|\n|t:|1683219806\n|switch|p1a: Ting-Lu|Ting-Lu, L50|100\/100\n|-ability|p1a: Ting-Lu|Vessel of Ruin\n|turn|3\n|\n|t:|1683219818\n|detailschange|p2a: Palafin|Palafin-Hero, L50, F, tera:Water\n|switch|p2a: Hutsassa|Amoonguss, L50, F|100\/100\n|-terastallize|p1a: Ting-Lu|Water\n|move|p2b: \u75af\u72d7\u4fa0|Will-O-Wisp|p1a: Ting-Lu\n|-status|p1a: Ting-Lu|brn\n|move|p1b: Gyarados|Waterfall|p2b: \u75af\u72d7\u4fa0\n|-supereffective|p2b: \u75af\u72d7\u4fa0\n|-damage|p2b: \u75af\u72d7\u4fa0|47\/100\n|move|p1a: Ting-Lu|Earthquake|p2a: Hutsassa|[spread] p2a,p2b\n|-immune|p1b: Gyarados\n|-supereffective|p2b: \u75af\u72d7\u4fa0\n|-damage|p2a: Hutsassa|85\/100\n|-damage|p2b: \u75af\u72d7\u4fa0|10\/100\n|\n|-damage|p1a: Ting-Lu|94\/100 brn|[from] brn\n|upkeep\n|turn|4\n|\n|t:|1683219839\n|switch|p1b: Flutter Mane|Flutter Mane, L50|100\/100\n|-enditem|p1b: Flutter Mane|Booster Energy\n|-activate|p1b: Flutter Mane|ability: Protosynthesis|[fromitem]\n|-start|p1b: Flutter Mane|protosynthesisspa\n|move|p2b: \u75af\u72d7\u4fa0|Protect|p2b: \u75af\u72d7\u4fa0\n|-singleturn|p2b: \u75af\u72d7\u4fa0|Protect\n|move|p1a: Ting-Lu|Earthquake|p2b: \u75af\u72d7\u4fa0|[spread] p1b,p2a\n|-activate|p2b: \u75af\u72d7\u4fa0|move: Protect\n|-damage|p1b: Flutter Mane|77\/100\n|-damage|p2a: Hutsassa|70\/100\n|move|p2a: Hutsassa|Spore|p1b: Flutter Mane\n|-status|p1b: Flutter Mane|slp|[from] move: Spore\n|\n|-damage|p1a: Ting-Lu|88\/100 brn|[from] brn\n|upkeep\n|turn|5\n|inactive|leolc0926 has 30 seconds left.\n|\n|t:|1683219867\n|switch|p2b: Palafin|Palafin-Hero, L50, F, tera:Water|79\/100\n|-activate|p2b: Palafin|ability: Zero to Hero\n|cant|p1b: Flutter Mane|slp\n|move|p1a: Ting-Lu|Ruination|p2a: Hutsassa\n|-damage|p2a: Hutsassa|35\/100\n|-enditem|p2a: Hutsassa|Sitrus Berry|[eat]\n|-heal|p2a: Hutsassa|60\/100|[from] item: Sitrus Berry\n|move|p2a: Hutsassa|Pollen Puff|p2b: Palafin\n|-heal|p2b: Palafin|100\/100\n|\n|-damage|p1a: Ting-Lu|82\/100 brn|[from] brn\n|upkeep\n|turn|6\n|\n|t:|1683219888\n|-end|p1b: Flutter Mane|Protosynthesis|[silent]\n|switch|p1b: Gyarados|Gyarados, L50, M|100\/100\n|-ability|p1b: Gyarados|Intimidate|boost\n|-unboost|p2a: Hutsassa|atk|1\n|-unboost|p2b: Palafin|atk|1\n|move|p2b: Palafin|Jet Punch|p1b: Gyarados\n|-resisted|p1b: Gyarados\n|-damage|p1b: Gyarados|78\/100\n|move|p1a: Ting-Lu|Ruination|p2a: Hutsassa\n|-damage|p2a: Hutsassa|30\/100\n|move|p2a: Hutsassa|Spore||[still]\n|-fail|p2a: Hutsassa\n|\n|-damage|p1a: Ting-Lu|76\/100 brn|[from] brn\n|upkeep\n|turn|7\n|inactive|BelowZer0TV has 30 seconds left.\n|inactive|leolc0926 has 30 seconds left.\n|\n|t:|1683219917\n|switch|p2b: \u75af\u72d7\u4fa0|Arcanine, L50, M, shiny|10\/100\n|-ability|p2b: \u75af\u72d7\u4fa0|Intimidate|boost\n|-unboost|p1a: Ting-Lu|atk|1\n|-unboost|p1b: Gyarados|atk|1\n|move|p2a: Hutsassa|Protect|p2a: Hutsassa\n|-singleturn|p2a: Hutsassa|Protect\n|move|p1b: Gyarados|Thunder Wave|p2b: \u75af\u72d7\u4fa0\n|-status|p2b: \u75af\u72d7\u4fa0|par\n|move|p1a: Ting-Lu|Earthquake|p2a: Hutsassa|[spread] p2b\n|-activate|p2a: Hutsassa|move: Protect\n|-immune|p1b: Gyarados\n|-supereffective|p2b: \u75af\u72d7\u4fa0\n|-damage|p2b: \u75af\u72d7\u4fa0|0 fnt\n|faint|p2b: \u75af\u72d7\u4fa0\n|\n|-damage|p1a: Ting-Lu|70\/100 brn|[from] brn\n|upkeep\n|\n|t:|1683219928\n|switch|p2b: \u632f\u7ffc\u4fa0|Flutter Mane, L50, shiny|100\/100 par\n|turn|8\n|\n|t:|1683219935\n|switch|p2a: Palafin|Palafin-Hero, L50, F, tera:Water|100\/100\n|move|p1b: Gyarados|Taunt|p2a: Palafin\n|-start|p2a: Palafin|move: Taunt\n|cant|p2b: \u632f\u7ffc\u4fa0|par\n|move|p1a: Ting-Lu|Heavy Slam|p2b: \u632f\u7ffc\u4fa0\n|-supereffective|p2b: \u632f\u7ffc\u4fa0\n|-damage|p2b: \u632f\u7ffc\u4fa0|68\/100 par\n|\n|-damage|p1a: Ting-Lu|64\/100 brn|[from] brn\n|upkeep\n|turn|9\n|\n|t:|1683219959\n|switch|p1b: Flutter Mane|Flutter Mane, L50|77\/100 slp\n|move|p2a: Palafin|Wave Crash|p1a: Ting-Lu\n|-resisted|p1a: Ting-Lu\n|-damage|p1a: Ting-Lu|22\/100 brn\n|-damage|p2a: Palafin|85\/100|[from] Recoil\n|move|p1a: Ting-Lu|Ruination|p2a: Palafin\n|-damage|p2a: Palafin|43\/100\n|move|p2b: \u632f\u7ffc\u4fa0|Thunderbolt|p1b: Flutter Mane\n|-damage|p1b: Flutter Mane|46\/100 slp\n|\n|-damage|p1a: Ting-Lu|16\/100 brn|[from] brn\n|upkeep\n|turn|10\n|inactive|BelowZer0TV has 30 seconds left.\n|\n|t:|1683219984\n|-end|p2b: \u632f\u7ffc\u4fa0|Protosynthesis|[silent]\n|switch|p2b: Hutsassa|Amoonguss, L50, F|64\/100\n|move|p2a: Palafin|Jet Punch|p1b: Flutter Mane\n|-damage|p1b: Flutter Mane|0 fnt\n|faint|p1b: Flutter Mane\n|-end|p1b: Flutter Mane|Protosynthesis|[silent]\n|move|p1a: Ting-Lu|Heavy Slam|p2b: Hutsassa\n|-damage|p2b: Hutsassa|54\/100\n|\n|-damage|p1a: Ting-Lu|10\/100 brn|[from] brn\n|-end|p2a: Palafin|move: Taunt\n|upkeep\n|-message|BelowZer0TV forfeited.\n|\n|win|leolc0926\n|raw|BelowZer0TV's rating: 1239 → 1216<\/strong> (-23 for losing)\n|raw|leolc0926's rating: 1271 → 1294<\/strong> (+23 for winning)\n|l|\u2606BelowZer0TV\n|c|\u2606leolc0926|gg\n","uploadtime":1683220075,"views":14,"p1id":"belowzer0tv","p2id":"leolc0926","formatid":"gen9vgc2023regulationc","rating":1216,"private":0,"password":""}