{"id":"gen9vgc2023regulationc-1860924336","p1":"BUNDA MOLE VGC","p2":"tobip","format":"[Gen 9] VGC 2023 Regulation C","log":"|j|\u2606BUNDA MOLE VGC\n|j|\u2606tobip\n|t:|1683696851\n|gametype|doubles\n|player|p1|BUNDA MOLE VGC|bruno|1119\n|player|p2|tobip|will|1066\n|teamsize|p1|6\n|teamsize|p2|6\n|gen|9\n|tier|[Gen 9] VGC 2023 Regulation C\n|rated|\n|rule|Species Clause: Limit one of each Pok\u00e9mon\n|rule|Item Clause: Limit one of each item\n|clearpoke\n|poke|p1|Wo-Chien, L50|\n|poke|p1|Bronzong, L50|\n|poke|p1|Garganacl, L50, M|\n|poke|p1|Chansey, L50, F|\n|poke|p1|Glimmora, L50, F|\n|poke|p1|Hippowdon, L50, F|\n|poke|p2|Arcanine, L50, F|\n|poke|p2|Flutter Mane, L50|\n|poke|p2|Farigiraf, L50, M|\n|poke|p2|Chien-Pao, L50|\n|poke|p2|Roaring Moon, L50|\n|poke|p2|Gastrodon, L50, F|\n|teampreview|4\n|inactive|Battle timer is ON: inactive players will automatically lose when time's up. (requested by BUNDA MOLE VGC)\n|\n|t:|1683696877\n|start\n|switch|p1a: Hippowdon|Hippowdon, L50, F|100\/100\n|switch|p1b: Glimmora|Glimmora, L50, F|100\/100\n|switch|p2a: Arcanine|Arcanine, L50, F|100\/100\n|switch|p2b: Chien-Pao|Chien-Pao, L50|100\/100\n|-ability|p2b: Chien-Pao|Sword of Ruin\n|-ability|p2a: Arcanine|Intimidate|boost\n|-unboost|p1a: Hippowdon|atk|1\n|-unboost|p1b: Glimmora|atk|1\n|-weather|Sandstorm|[from] ability: Sand Stream|[of] p1a: Hippowdon\n|turn|1\n|inactive|BUNDA MOLE VGC has 30 seconds left.\n|\n|t:|1683696908\n|move|p2b: Chien-Pao|Ice Spinner|p1a: Hippowdon\n|-supereffective|p1a: Hippowdon\n|-damage|p1a: Hippowdon|0 fnt\n|faint|p1a: Hippowdon\n|move|p2a: Arcanine|Snarl|p1b: Glimmora\n|-damage|p1b: Glimmora|93\/100\n|-unboost|p1b: Glimmora|spa|1\n|move|p1b: Glimmora|Mortal Spin|p2a: Arcanine|[spread] p2a,p2b\n|-damage|p2a: Arcanine|95\/100\n|-damage|p2b: Chien-Pao|97\/100\n|-status|p2a: Arcanine|psn\n|-status|p2b: Chien-Pao|psn\n|\n|-weather|Sandstorm|[upkeep]\n|-damage|p2b: Chien-Pao|91\/100 psn|[from] Sandstorm\n|-damage|p2a: Arcanine|89\/100 psn|[from] Sandstorm\n|-damage|p2b: Chien-Pao|79\/100 psn|[from] psn\n|-damage|p2a: Arcanine|77\/100 psn|[from] psn\n|upkeep\n|\n|t:|1683696915\n|switch|p1a: Garganacl|Garganacl, L50, M|100\/100\n|turn|2\n|\n|t:|1683696933\n|move|p2b: Chien-Pao|Sacred Sword|p1a: Garganacl\n|-supereffective|p1a: Garganacl\n|-damage|p1a: Garganacl|37\/100\n|-damage|p2b: Chien-Pao|62\/100 psn|[from] item: Rocky Helmet|[of] p1a: Garganacl\n|move|p2a: Arcanine|Snarl|p1a: Garganacl|[spread] p1a,p1b\n|-damage|p1a: Garganacl|31\/100\n|-damage|p1b: Glimmora|86\/100\n|-unboost|p1a: Garganacl|spa|1\n|-unboost|p1b: Glimmora|spa|1\n|move|p1b: Glimmora|Power Gem|p2a: Arcanine\n|-supereffective|p2a: Arcanine\n|-damage|p2a: Arcanine|32\/100 psn\n|-enditem|p2a: Arcanine|Sitrus Berry|[eat]\n|-heal|p2a: Arcanine|57\/100 psn|[from] item: Sitrus Berry\n|move|p1a: Garganacl|Salt Cure|p2b: Chien-Pao\n|-supereffective|p2b: Chien-Pao\n|-damage|p2b: Chien-Pao|19\/100 psn\n|-start|p2b: Chien-Pao|Salt Cure\n|\n|-weather|Sandstorm|[upkeep]\n|-damage|p2b: Chien-Pao|13\/100 psn|[from] Sandstorm\n|-damage|p2a: Arcanine|51\/100 psn|[from] Sandstorm\n|-damage|p2b: Chien-Pao|0 fnt|[from] psn\n|faint|p2b: Chien-Pao\n|-damage|p2a: Arcanine|39\/100 psn|[from] psn\n|upkeep\n|inactive|tobip has 30 seconds left.\n|\n|t:|1683696961\n|switch|p2b: Flutter Mane|Flutter Mane, L50|100\/100\n|turn|3\n|\n|t:|1683696980\n|move|p1a: Garganacl|Wide Guard|p1a: Garganacl\n|-singleturn|p1a: Garganacl|Wide Guard\n|move|p2b: Flutter Mane|Dazzling Gleam|p1a: Garganacl|[spread] \n|-activate|p1a: Garganacl|move: Wide Guard\n|-activate|p1b: Glimmora|move: Wide Guard\n|move|p2a: Arcanine|Snarl|p1a: Garganacl|[spread] \n|-activate|p1a: Garganacl|move: Wide Guard\n|-activate|p1b: Glimmora|move: Wide Guard\n|move|p1b: Glimmora|Mortal Spin|p2b: Flutter Mane|[spread] p2a,p2b\n|-damage|p2a: Arcanine|35\/100 psn\n|-damage|p2b: Flutter Mane|94\/100\n|-status|p2b: Flutter Mane|psn\n|\n|-weather|Sandstorm|[upkeep]\n|-damage|p2b: Flutter Mane|87\/100 psn|[from] Sandstorm\n|-damage|p2a: Arcanine|29\/100 psn|[from] Sandstorm\n|-damage|p2b: Flutter Mane|75\/100 psn|[from] psn\n|-damage|p2a: Arcanine|17\/100 psn|[from] psn\n|upkeep\n|turn|4\n|inactive|BUNDA MOLE VGC has 30 seconds left.\n|inactive|tobip has 30 seconds left.\n|\n|t:|1683697007\n|switch|p1a: Chansey|Chansey, L50, F|100\/100\n|move|p2b: Flutter Mane|Shadow Ball|p1a: Chansey\n|-immune|p1a: Chansey\n|move|p2a: Arcanine|Snarl|p1a: Chansey|[spread] p1a,p1b\n|-damage|p1a: Chansey|97\/100\n|-damage|p1b: Glimmora|81\/100\n|-unboost|p1a: Chansey|spa|1\n|-unboost|p1b: Glimmora|spa|1\n|move|p1b: Glimmora|Power Gem|p2a: Arcanine\n|-supereffective|p2a: Arcanine\n|-damage|p2a: Arcanine|0 fnt\n|faint|p2a: Arcanine\n|\n|-weather|Sandstorm|[upkeep]\n|-damage|p2b: Flutter Mane|69\/100 psn|[from] Sandstorm\n|-damage|p1a: Chansey|90\/100|[from] Sandstorm\n|-damage|p2b: Flutter Mane|57\/100 psn|[from] psn\n|upkeep\n|\n|t:|1683697028\n|switch|p2a: Roaring Moon|Roaring Moon, L50|100\/100\n|-enditem|p2a: Roaring Moon|Booster Energy\n|-activate|p2a: Roaring Moon|ability: Protosynthesis|[fromitem]\n|-start|p2a: Roaring Moon|protosynthesisatk\n|turn|5\n|\n|t:|1683697050\n|switch|p1a: Garganacl|Garganacl, L50, M|31\/100\n|move|p2b: Flutter Mane|Shadow Ball|p1b: Glimmora\n|-damage|p1b: Glimmora|52\/100\n|-damage|p2b: Flutter Mane|47\/100 psn|[from] item: Life Orb\n|move|p2a: Roaring Moon|Night Slash|p1b: Glimmora\n|-damage|p1b: Glimmora|1\/100\n|-activate|p1b: Glimmora|ability: Toxic Debris\n|-sidestart|p2: tobip|move: Toxic Spikes\n|move|p1b: Glimmora|Mortal Spin|p2b: Flutter Mane|[spread] p2a,p2b\n|-crit|p2a: Roaring Moon\n|-damage|p2a: Roaring Moon|92\/100\n|-damage|p2b: Flutter Mane|40\/100 psn\n|-status|p2a: Roaring Moon|psn\n|\n|-weather|none\n|-damage|p2b: Flutter Mane|27\/100 psn|[from] psn\n|-damage|p2a: Roaring Moon|79\/100 psn|[from] psn\n|upkeep\n|turn|6\n|inactive|BUNDA MOLE VGC has 30 seconds left.\n|\n|t:|1683697081\n|move|p1a: Garganacl|Protect|p1a: Garganacl\n|-singleturn|p1a: Garganacl|Protect\n|move|p2b: Flutter Mane|Dazzling Gleam|p1b: Glimmora|[spread] p1b\n|-activate|p1a: Garganacl|move: Protect\n|-resisted|p1b: Glimmora\n|-damage|p1b: Glimmora|0 fnt\n|faint|p1b: Glimmora\n|-damage|p2b: Flutter Mane|17\/100 psn|[from] item: Life Orb\n|move|p2a: Roaring Moon|Night Slash|p1a: Garganacl\n|-activate|p1a: Garganacl|move: Protect\n|\n|-damage|p2b: Flutter Mane|5\/100 psn|[from] psn\n|-damage|p2a: Roaring Moon|67\/100 psn|[from] psn\n|upkeep\n|\n|t:|1683697088\n|switch|p1b: Chansey|Chansey, L50, F|90\/100\n|turn|7\n|\n|t:|1683697110\n|move|p2b: Flutter Mane|Dazzling Gleam|p1a: Garganacl|[spread] p1a,p1b\n|-damage|p1a: Garganacl|1\/100\n|-damage|p1b: Chansey|77\/100\n|-damage|p2b: Flutter Mane|0 fnt|[from] item: Life Orb\n|faint|p2b: Flutter Mane\n|-end|p2b: Flutter Mane|Protosynthesis|[silent]\n|move|p2a: Roaring Moon|Night Slash|p1b: Chansey\n|-damage|p1b: Chansey|47\/100\n|move|p1b: Chansey|Seismic Toss|p2a: Roaring Moon\n|-damage|p2a: Roaring Moon|39\/100 psn\n|move|p1a: Garganacl|Recover|p1a: Garganacl\n|-heal|p1a: Garganacl|51\/100\n|\n|-damage|p2a: Roaring Moon|27\/100 psn|[from] psn\n|upkeep\n|turn|8\n|\n|t:|1683697131\n|-terastallize|p2a: Roaring Moon|Flying\n|move|p2a: Roaring Moon|Acrobatics|p1b: Chansey\n|-damage|p1b: Chansey|0 fnt\n|faint|p1b: Chansey\n|move|p1a: Garganacl|Salt Cure|p2a: Roaring Moon\n|-supereffective|p2a: Roaring Moon\n|-damage|p2a: Roaring Moon|0 fnt\n|faint|p2a: Roaring Moon\n|-end|p2a: Roaring Moon|Protosynthesis|[silent]\n|\n|win|BUNDA MOLE VGC\n|raw|BUNDA MOLE VGC's rating: 1119 → 1140<\/strong> (+21 for winning)\n|raw|tobip's rating: 1066 → 1049<\/strong> (-17 for losing)\n","uploadtime":1683697144,"views":19,"p1id":"bundamolevgc","p2id":"tobip","formatid":"gen9vgc2023regulationc","rating":1049,"private":0,"password":""}