{"id":"gen9vgc2023regulationc-1847681339","p1":"sgsdfadfsd","p2":"eh fb th UK","format":"[Gen 9] VGC 2023 Regulation C","log":"|j|\u2606sgsdfadfsd\n|j|\u2606eh fb th UK\n|t:|1681991757\n|gametype|doubles\n|player|p1|sgsdfadfsd|102|1050\n|player|p2|eh fb th UK|266|1000\n|teamsize|p1|6\n|teamsize|p2|6\n|gen|9\n|tier|[Gen 9] VGC 2023 Regulation C\n|rated|\n|rule|Species Clause: Limit one of each Pok\u00e9mon\n|rule|Item Clause: Limit one of each item\n|clearpoke\n|poke|p1|Iron Hands, L50|\n|poke|p1|Pincurchin, L50, M|\n|poke|p1|Palafin, L50, F|\n|poke|p1|Indeedee-F, L50, F|\n|poke|p1|Armarouge, L50, F|\n|poke|p1|Sylveon, L50, F|\n|poke|p2|Drednaw, L50, F|\n|poke|p2|Pelipper, L50, M|\n|poke|p2|Ting-Lu, L50|\n|poke|p2|Grimmsnarl, L50, M|\n|poke|p2|Iron Hands, L50|\n|poke|p2|Salazzle, L50, F|\n|teampreview|4\nsgsdfadfsd has agreed to open team sheets.\n|inactive|Battle timer is ON: inactive players will automatically lose when time's up. (requested by sgsdfadfsd)\n|\n|t:|1681991782\n|start\n|switch|p1a: Palafin|Palafin, L50, F|100\/100\n|switch|p1b: Sylveon|Sylveon, L50, F|100\/100\n|switch|p2a: Grimmsnarl|Grimmsnarl, L50, M|100\/100\n|switch|p2b: Ting-Lu|Ting-Lu, L50|100\/100\n|-ability|p2b: Ting-Lu|Vessel of Ruin\n|turn|1\n|\n|t:|1681991800\n|move|p2a: Grimmsnarl|Light Screen|p2a: Grimmsnarl\n|-sidestart|p2: eh fb th UK|move: Light Screen\n|move|p1a: Palafin|Flip Turn|p2b: Ting-Lu\n|-supereffective|p2b: Ting-Lu\n|-damage|p2b: Ting-Lu|84\/100\n|\n|t:|1681991806\n|detailschange|p1a: Palafin|Palafin-Hero, L50, F\n|switch|p1a: Iron Hands|Iron Hands, L50|100\/100|[from] Flip Turn\n|move|p2b: Ting-Lu|Heavy Slam|p1b: Sylveon\n|-supereffective|p1b: Sylveon\n|-damage|p1b: Sylveon|29\/100\n|move|p1b: Sylveon|Hyper Voice|p2b: Ting-Lu|[spread] p2a,p2b\n|-supereffective|p2a: Grimmsnarl\n|-crit|p2a: Grimmsnarl\n|-supereffective|p2b: Ting-Lu\n|-damage|p2a: Grimmsnarl|2\/100\n|-damage|p2b: Ting-Lu|62\/100\n|\n|upkeep\n|turn|2\n|\n|t:|1681991825\n|-terastallize|p2b: Ting-Lu|Poison\n|move|p1a: Iron Hands|Fake Out|p2b: Ting-Lu\n|-damage|p2b: Ting-Lu|55\/100\n|move|p2a: Grimmsnarl|Reflect|p2a: Grimmsnarl\n|-sidestart|p2: eh fb th UK|Reflect\n|move|p1b: Sylveon|Quick Attack|p2a: Grimmsnarl\n|-supereffective|p2a: Grimmsnarl\n|-damage|p2a: Grimmsnarl|0 fnt\n|faint|p2a: Grimmsnarl\n|cant|p2b: Ting-Lu|flinch\n|\n|upkeep\n|\n|t:|1681991843\n|switch|p2a: Salazzle|Salazzle, L50, F|100\/100\n|turn|3\n|\n|t:|1681991862\n|move|p1b: Sylveon|Protect|p1b: Sylveon\n|-singleturn|p1b: Sylveon|Protect\n|move|p2a: Salazzle|Will-O-Wisp|p1a: Iron Hands\n|-status|p1a: Iron Hands|brn\n|move|p2b: Ting-Lu|Heavy Slam|p1b: Sylveon\n|-activate|p1b: Sylveon|move: Protect\n|move|p1a: Iron Hands|Thunder Punch|p2b: Ting-Lu\n|-damage|p2b: Ting-Lu|49\/100\n|\n|-damage|p1a: Iron Hands|94\/100 brn|[from] brn\n|upkeep\n|turn|4\n|inactive|sgsdfadfsd has 30 seconds left.\n|\n|t:|1681991888\n|move|p2a: Salazzle|Protect|p2a: Salazzle\n|-singleturn|p2a: Salazzle|Protect\n|move|p2b: Ting-Lu|Sand Tomb|p1a: Iron Hands|[miss]\n|-miss|p2b: Ting-Lu|p1a: Iron Hands\n|move|p1b: Sylveon|Hyper Voice|p2b: Ting-Lu|[spread] p2b\n|-activate|p2a: Salazzle|move: Protect\n|-resisted|p2b: Ting-Lu\n|-damage|p2b: Ting-Lu|44\/100\n|move|p1a: Iron Hands|Thunder Punch|p2b: Ting-Lu\n|-damage|p2b: Ting-Lu|38\/100\n|-status|p2b: Ting-Lu|par\n|\n|-damage|p1a: Iron Hands|88\/100 brn|[from] brn\n|upkeep\n|turn|5\n|\n|t:|1681991909\n|move|p2a: Salazzle|Heat Wave|p1b: Sylveon|[spread] p1a,p1b\n|-damage|p1a: Iron Hands|74\/100 brn\n|-damage|p1b: Sylveon|11\/100\n|-enditem|p1b: Sylveon|Wiki Berry|[eat]\n|-heal|p1b: Sylveon|44\/100|[from] item: Wiki Berry\n|move|p1b: Sylveon|Hyper Voice|p2a: Salazzle|[spread] p2a,p2b\n|-resisted|p2a: Salazzle\n|-resisted|p2b: Ting-Lu\n|-damage|p2a: Salazzle|91\/100\n|-damage|p2b: Ting-Lu|33\/100 par\n|move|p1a: Iron Hands|Thunder Punch|p2b: Ting-Lu\n|-damage|p2b: Ting-Lu|26\/100 par\n|move|p2b: Ting-Lu|Sand Tomb|p1a: Iron Hands\n|-supereffective|p1a: Iron Hands\n|-damage|p1a: Iron Hands|57\/100 brn\n|-activate|p1a: Iron Hands|move: Sand Tomb|[of] p2b: Ting-Lu\n|\n|-damage|p1a: Iron Hands|51\/100 brn|[from] brn\n|-damage|p1a: Iron Hands|39\/100 brn|[from] move: Sand Tomb|[partiallytrapped]\n|upkeep\n|turn|6\n|inactive|eh fb th UK has 30 seconds left.\n|\n|t:|1681991938\n|move|p2a: Salazzle|Protect|p2a: Salazzle\n|-singleturn|p2a: Salazzle|Protect\n|move|p1b: Sylveon|Hyper Voice|p2b: Ting-Lu|[spread] p2b\n|-activate|p2a: Salazzle|move: Protect\n|-resisted|p2b: Ting-Lu\n|-damage|p2b: Ting-Lu|22\/100 par\n|move|p1a: Iron Hands|Thunder Punch|p2b: Ting-Lu\n|-damage|p2b: Ting-Lu|15\/100 par\n|move|p2b: Ting-Lu|Heavy Slam|p1b: Sylveon\n|-supereffective|p1b: Sylveon\n|-damage|p1b: Sylveon|0 fnt\n|faint|p1b: Sylveon\n|\n|-damage|p1a: Iron Hands|33\/100 brn|[from] brn\n|-damage|p1a: Iron Hands|20\/100 brn|[from] move: Sand Tomb|[partiallytrapped]\n|upkeep\n|\n|t:|1681991954\n|switch|p1b: Palafin|Palafin-Hero, L50, F|100\/100\n|-activate|p1b: Palafin|ability: Zero to Hero\n|turn|7\n|inactive|eh fb th UK has 30 seconds left.\n|\n|t:|1681991979\n|move|p1b: Palafin|Wave Crash|p2a: Salazzle\n|-supereffective|p2a: Salazzle\n|-damage|p2a: Salazzle|0 fnt\n|faint|p2a: Salazzle\n|-damage|p1b: Palafin|76\/100|[from] Recoil\n|move|p1a: Iron Hands|Thunder Punch|p2b: Ting-Lu\n|-crit|p2b: Ting-Lu\n|-damage|p2b: Ting-Lu|1\/100 par\n|move|p2b: Ting-Lu|Sand Tomb|p1b: Palafin\n|-damage|p1b: Palafin|60\/100\n|-activate|p1b: Palafin|move: Sand Tomb|[of] p2b: Ting-Lu\n|\n|-damage|p1a: Iron Hands|14\/100 brn|[from] brn\n|-damage|p1b: Palafin|48\/100|[from] move: Sand Tomb|[partiallytrapped]\n|-damage|p1a: Iron Hands|2\/100 brn|[from] move: Sand Tomb|[partiallytrapped]\n|upkeep\n|\n|t:|1681991995\n|switch|p2a: Iron Hands|Iron Hands, L50|100\/100\n|turn|8\n|\n|t:|1681992011\n|-terastallize|p1b: Palafin|Water\n|move|p1b: Palafin|Wave Crash|p2a: Iron Hands\n|-damage|p2a: Iron Hands|55\/100\n|-damage|p1b: Palafin|26\/100|[from] Recoil\n|move|p2a: Iron Hands|Swords Dance|p2a: Iron Hands\n|-boost|p2a: Iron Hands|atk|2\n|move|p1a: Iron Hands|Thunder Punch|p2b: Ting-Lu\n|-damage|p2b: Ting-Lu|0 fnt\n|faint|p2b: Ting-Lu\n|\n|-damage|p1a: Iron Hands|0 fnt|[from] brn\n|faint|p1a: Iron Hands\n|-end|p1a: Iron Hands|Quark Drive|[silent]\n|-end|p1b: Palafin|Sand Tomb|[partiallytrapped]|[silent]\n|-sideend|p2: eh fb th UK|move: Light Screen\n|upkeep\n|\n|t:|1681992024\n|switch|p1a: Pincurchin|Pincurchin, L50, M|100\/100\n|-fieldstart|move: Electric Terrain|[from] ability: Electric Surge|[of] p1a: Pincurchin\n|-activate|p2a: Iron Hands|ability: Quark Drive\n|-start|p2a: Iron Hands|quarkdriveatk\n|turn|9\n|\n|t:|1681992035\n|move|p1b: Palafin|Wave Crash|p2a: Iron Hands\n|-damage|p2a: Iron Hands|9\/100\n|-enditem|p2a: Iron Hands|Sitrus Berry|[eat]\n|-heal|p2a: Iron Hands|34\/100|[from] item: Sitrus Berry\n|-damage|p1b: Palafin|4\/100|[from] Recoil\n|move|p2a: Iron Hands|Drain Punch|p1b: Palafin\n|-damage|p1b: Palafin|0 fnt\n|-heal|p2a: Iron Hands|35\/100|[from] drain|[of] p1b: Palafin\n|faint|p1b: Palafin\n|move|p1a: Pincurchin|Zing Zap|p2a: Iron Hands\n|-resisted|p2a: Iron Hands\n|-crit|p2a: Iron Hands\n|-damage|p2a: Iron Hands|0 fnt\n|faint|p2a: Iron Hands\n|-end|p2a: Iron Hands|Quark Drive|[silent]\n|\n|win|sgsdfadfsd\n|raw|sgsdfadfsd's rating: 1050 → 1078<\/strong> (+28 for winning)\n|raw|eh fb th UK's rating: 1000 → 1000<\/strong> (+0 for losing)\n|l|\u2606eh fb th UK\n","uploadtime":1681992054,"views":12,"p1id":"sgsdfadfsd","p2id":"ehfbthuk","formatid":"gen9vgc2023regulationc","rating":1000,"private":0,"password":""}