{"id":"gen9vgc2023regulationc-1859303727","p1":"fabriz221","p2":"goukamongvgc1","format":"[Gen 9] VGC 2023 Regulation C","log":"|j|\u2606fabriz221\n|j|\u2606goukamongvgc1\n|t:|1683431367\n|gametype|doubles\n|player|p1|fabriz221|170|1133\n|player|p2|goukamongvgc1|idol|1230\n|teamsize|p1|6\n|teamsize|p2|6\n|gen|9\n|tier|[Gen 9] VGC 2023 Regulation C\n|rated|\n|rule|Species Clause: Limit one of each Pok\u00e9mon\n|rule|Item Clause: Limit one of each item\n|clearpoke\n|poke|p1|Arcanine, L50, M|\n|poke|p1|Flutter Mane, L50|\n|poke|p1|Ting-Lu, L50|\n|poke|p1|Tyranitar, L50, M|\n|poke|p1|Lycanroc, L50, M|\n|poke|p1|Baxcalibur, L50, F|\n|poke|p2|Flutter Mane, L50|\n|poke|p2|Chi-Yu, L50|\n|poke|p2|Dragonite, L50, M|\n|poke|p2|Dondozo, L50, M|\n|poke|p2|Tatsugiri-Stretchy, L50, M|\n|poke|p2|Glimmora, L50, M|\n|teampreview|4\n|\n|t:|1683431408\n|start\n|switch|p1a: Tyranitar|Tyranitar, L50, M|100\/100\n|switch|p1b: Lycanroc|Lycanroc, L50, M|100\/100\n|switch|p2a: \uc694\uc544\uc18c\ube44\uad34\ubb3c|Dondozo, L50, M|100\/100\n|switch|p2b: \ubb3c\ub9dd\ucd08|Glimmora, L50, M|100\/100\n|-weather|Sandstorm|[from] ability: Sand Stream|[of] p1a: Tyranitar\n|turn|1\n|l|\u2606fabriz221\n|player|p1|\n|j|\u2606fabriz221\n|player|p1|fabriz221|170\n|\n|t:|1683431490\n|switch|p1a: Ting-Lu|Ting-Lu, L50|100\/100\n|-ability|p1a: Ting-Lu|Vessel of Ruin\n|move|p1b: Lycanroc|Rock Slide|p2a: \uc694\uc544\uc18c\ube44\uad34\ubb3c|[spread] p2a,p2b\n|-damage|p2a: \uc694\uc544\uc18c\ube44\uad34\ubb3c|84\/100\n|-damage|p2b: \ubb3c\ub9dd\ucd08|63\/100\n|-activate|p2b: \ubb3c\ub9dd\ucd08|ability: Toxic Debris\n|-sidestart|p1: fabriz221|move: Toxic Spikes\n|cant|p2b: \ubb3c\ub9dd\ucd08|flinch\n|move|p2a: \uc694\uc544\uc18c\ube44\uad34\ubb3c|Wave Crash|p1a: Ting-Lu\n|-supereffective|p1a: Ting-Lu\n|-damage|p1a: Ting-Lu|49\/100\n|-damage|p2a: \uc694\uc544\uc18c\ube44\uad34\ubb3c|67\/100|[from] Recoil\n|\n|-weather|Sandstorm|[upkeep]\n|-damage|p2a: \uc694\uc544\uc18c\ube44\uad34\ubb3c|60\/100|[from] Sandstorm\n|-heal|p1a: Ting-Lu|55\/100|[from] item: Leftovers\n|upkeep\n|turn|2\n|\n|t:|1683431533\n|-terastallize|p2b: \ubb3c\ub9dd\ucd08|Grass\n|move|p1b: Lycanroc|Rock Slide|p2a: \uc694\uc544\uc18c\ube44\uad34\ubb3c|[spread] p2a,p2b\n|-damage|p2a: \uc694\uc544\uc18c\ube44\uad34\ubb3c|42\/100\n|-damage|p2b: \ubb3c\ub9dd\ucd08|23\/100\n|-activate|p2b: \ubb3c\ub9dd\ucd08|ability: Toxic Debris\n|-sidestart|p1: fabriz221|move: Toxic Spikes\n|-enditem|p2a: \uc694\uc544\uc18c\ube44\uad34\ubb3c|Sitrus Berry|[eat]\n|-heal|p2a: \uc694\uc544\uc18c\ube44\uad34\ubb3c|67\/100|[from] item: Sitrus Berry\n|cant|p2b: \ubb3c\ub9dd\ucd08|flinch\n|move|p1a: Ting-Lu|Sand Tomb|p2a: \uc694\uc544\uc18c\ube44\uad34\ubb3c\n|-damage|p2a: \uc694\uc544\uc18c\ube44\uad34\ubb3c|58\/100\n|-activate|p2a: \uc694\uc544\uc18c\ube44\uad34\ubb3c|move: Sand Tomb|[of] p1a: Ting-Lu\n|move|p2a: \uc694\uc544\uc18c\ube44\uad34\ubb3c|Wave Crash|p1b: Lycanroc\n|-supereffective|p1b: Lycanroc\n|-crit|p1b: Lycanroc\n|-enditem|p1b: Lycanroc|Focus Sash\n|-damage|p1b: Lycanroc|1\/100\n|-damage|p2a: \uc694\uc544\uc18c\ube44\uad34\ubb3c|39\/100|[from] Recoil\n|\n|-weather|Sandstorm|[upkeep]\n|-damage|p2b: \ubb3c\ub9dd\ucd08|17\/100|[from] Sandstorm\n|-damage|p2a: \uc694\uc544\uc18c\ube44\uad34\ubb3c|33\/100|[from] Sandstorm\n|-heal|p1a: Ting-Lu|62\/100|[from] item: Leftovers\n|-damage|p2a: \uc694\uc544\uc18c\ube44\uad34\ubb3c|20\/100|[from] move: Sand Tomb|[partiallytrapped]\n|upkeep\n|turn|3\n|\n|t:|1683431560\n|move|p2b: \ubb3c\ub9dd\ucd08|Spiky Shield|p2b: \ubb3c\ub9dd\ucd08\n|-singleturn|p2b: \ubb3c\ub9dd\ucd08|move: Protect\n|move|p1a: Ting-Lu|Protect|p1a: Ting-Lu\n|-singleturn|p1a: Ting-Lu|Protect\n|move|p1b: Lycanroc|Rock Slide|p2b: \ubb3c\ub9dd\ucd08|[spread] p2a\n|-activate|p2b: \ubb3c\ub9dd\ucd08|move: Protect\n|-damage|p2a: \uc694\uc544\uc18c\ube44\uad34\ubb3c|3\/100\n|move|p2a: \uc694\uc544\uc18c\ube44\uad34\ubb3c|Wave Crash|p1a: Ting-Lu\n|-activate|p1a: Ting-Lu|move: Protect\n|\n|-weather|Sandstorm|[upkeep]\n|-damage|p2b: \ubb3c\ub9dd\ucd08|12\/100|[from] Sandstorm\n|-damage|p2a: \uc694\uc544\uc18c\ube44\uad34\ubb3c|0 fnt|[from] Sandstorm\n|faint|p2a: \uc694\uc544\uc18c\ube44\uad34\ubb3c\n|-heal|p1a: Ting-Lu|68\/100|[from] item: Leftovers\n|upkeep\n|\n|t:|1683431591\n|switch|p2a: \uc30d\ubb38\ub3d9\ub458\ub9ac|Dragonite, L50, M, shiny|100\/100\n|turn|4\n|\n|t:|1683431600\n|move|p2a: \uc30d\ubb38\ub3d9\ub458\ub9ac|Extreme Speed|p1b: Lycanroc\n|-resisted|p1b: Lycanroc\n|-damage|p1b: Lycanroc|0 fnt\n|faint|p1b: Lycanroc\n|move|p2b: \ubb3c\ub9dd\ucd08|Toxic|p1a: Ting-Lu\n|-status|p1a: Ting-Lu|tox\n|move|p1a: Ting-Lu|Ruination|p2a: \uc30d\ubb38\ub3d9\ub458\ub9ac\n|-damage|p2a: \uc30d\ubb38\ub3d9\ub458\ub9ac|51\/100\n|\n|-weather|Sandstorm|[upkeep]\n|-damage|p2b: \ubb3c\ub9dd\ucd08|6\/100|[from] Sandstorm\n|-heal|p1a: Ting-Lu|74\/100 tox|[from] item: Leftovers\n|-damage|p1a: Ting-Lu|68\/100 tox|[from] psn\n|upkeep\n|\n|t:|1683431615\n|switch|p1b: Tyranitar|Tyranitar, L50, M|100\/100\n|-status|p1b: Tyranitar|tox\n|turn|5\n|\n|t:|1683431646\n|move|p2b: \ubb3c\ub9dd\ucd08|Earth Power|p1a: Ting-Lu\n|-damage|p1a: Ting-Lu|54\/100 tox\n|move|p2a: \uc30d\ubb38\ub3d9\ub458\ub9ac|Stomping Tantrum|p1b: Tyranitar\n|-supereffective|p1b: Tyranitar\n|-damage|p1b: Tyranitar|50\/100 tox\n|move|p1b: Tyranitar|Rock Slide|p2b: \ubb3c\ub9dd\ucd08|[spread] p2a,p2b\n|-supereffective|p2a: \uc30d\ubb38\ub3d9\ub458\ub9ac\n|-damage|p2a: \uc30d\ubb38\ub3d9\ub458\ub9ac|0 fnt\n|-damage|p2b: \ubb3c\ub9dd\ucd08|0 fnt\n|faint|p2a: \uc30d\ubb38\ub3d9\ub458\ub9ac\n|faint|p2b: \ubb3c\ub9dd\ucd08\n|move|p1a: Ting-Lu|Sand Tomb|p2: \uc30d\ubb38\ub3d9\ub458\ub9ac|[notarget]\n|-fail|p1a: Ting-Lu\n|\n|-weather|none\n|-heal|p1a: Ting-Lu|60\/100 tox|[from] item: Leftovers\n|-damage|p1b: Tyranitar|44\/100 tox|[from] psn\n|-damage|p1a: Ting-Lu|47\/100 tox|[from] psn\n|upkeep\n|\n|t:|1683431659\n|switch|p2b: \ud638\uc2dc\ub178\uc544\uc774|Flutter Mane, L50|100\/100\n|-enditem|p2b: \ud638\uc2dc\ub178\uc544\uc774|Booster Energy\n|-activate|p2b: \ud638\uc2dc\ub178\uc544\uc774|ability: Protosynthesis|[fromitem]\n|-start|p2b: \ud638\uc2dc\ub178\uc544\uc774|protosynthesisspe\n|turn|6\n|\n|t:|1683431675\n|-terastallize|p1b: Tyranitar|Flying\n|move|p2b: \ud638\uc2dc\ub178\uc544\uc774|Protect|p2b: \ud638\uc2dc\ub178\uc544\uc774\n|-singleturn|p2b: \ud638\uc2dc\ub178\uc544\uc774|Protect\n|move|p1a: Ting-Lu|Protect|p1a: Ting-Lu\n|-singleturn|p1a: Ting-Lu|Protect\n|move|p1b: Tyranitar|Heavy Slam|p2b: \ud638\uc2dc\ub178\uc544\uc774\n|-activate|p2b: \ud638\uc2dc\ub178\uc544\uc774|move: Protect\n|\n|-heal|p1a: Ting-Lu|54\/100 tox|[from] item: Leftovers\n|-damage|p1b: Tyranitar|33\/100 tox|[from] psn\n|-damage|p1a: Ting-Lu|35\/100 tox|[from] psn\n|upkeep\n|turn|7\n|\n|t:|1683431694\n|move|p2b: \ud638\uc2dc\ub178\uc544\uc774|Moonblast|p1a: Ting-Lu\n|-supereffective|p1a: Ting-Lu\n|-damage|p1a: Ting-Lu|0 fnt\n|faint|p1a: Ting-Lu\n|move|p1b: Tyranitar|Heavy Slam|p2b: \ud638\uc2dc\ub178\uc544\uc774\n|-supereffective|p2b: \ud638\uc2dc\ub178\uc544\uc774\n|-crit|p2b: \ud638\uc2dc\ub178\uc544\uc774\n|-damage|p2b: \ud638\uc2dc\ub178\uc544\uc774|0 fnt\n|faint|p2b: \ud638\uc2dc\ub178\uc544\uc774\n|-end|p2b: \ud638\uc2dc\ub178\uc544\uc774|Protosynthesis|[silent]\n|\n|win|fabriz221\n|raw|fabriz221's rating: 1133 → 1165<\/strong> (+32 for winning)\n|raw|goukamongvgc1's rating: 1230 → 1198<\/strong> (-32 for losing)\n","uploadtime":1683431706,"views":13,"p1id":"fabriz221","p2id":"goukamongvgc1","formatid":"gen9vgc2023regulationc","rating":1165,"private":0,"password":""}