{"id":"gen9vgc2023regulationc-1850539198","p1":"zqwqz","p2":"PSNOfficial","format":"[Gen 9] VGC 2023 Regulation C","log":"|j|\u2606zqwqz\n|j|\u2606PSNOfficial\n|t:|1682346911\n|gametype|doubles\n|player|p1|zqwqz|steven|1096\n|player|p2|PSNOfficial|2|1181\n|teamsize|p1|6\n|teamsize|p2|6\n|gen|9\n|tier|[Gen 9] VGC 2023 Regulation C\n|rated|\n|rule|Species Clause: Limit one of each Pok\u00e9mon\n|rule|Item Clause: Limit one of each item\n|clearpoke\n|poke|p1|Amoonguss, L50, F|\n|poke|p1|Arcanine, L50, F|\n|poke|p1|Baxcalibur, L50, F|\n|poke|p1|Flutter Mane, L50|\n|poke|p1|Palafin, L50, F|\n|poke|p1|Ting-Lu, L50|\n|poke|p2|Ting-Lu, L50|\n|poke|p2|Klefki, L50, F|\n|poke|p2|Torkoal, L50, M|\n|poke|p2|Iron Hands, L50|\n|poke|p2|Flutter Mane, L50|\n|poke|p2|Brute Bonnet, L50|\n|teampreview|4\n|inactive|Battle timer is ON: inactive players will automatically lose when time's up. (requested by zqwqz)\n|inactive|zqwqz has 60 seconds left.\n|inactive|PSNOfficial has 60 seconds left.\n|\n|t:|1682346969\n|start\n|switch|p1a: Palafin|Palafin, L50, F|100\/100\n|switch|p1b: Amoonguss|Amoonguss, L50, F|100\/100\n|switch|p2a: Shiro|Iron Hands, L50|100\/100\n|switch|p2b: Kile|Klefki, L50, F|100\/100\n|turn|1\n|inactive|zqwqz has 30 seconds left.\n|\n|t:|1682346995\n|detailschange|p1a: Palafin|Palafin-Hero, L50, F\n|switch|p1a: Ting-Lu|Ting-Lu, L50|100\/100\n|-ability|p1a: Ting-Lu|Vessel of Ruin\n|move|p2a: Shiro|Swords Dance|p2a: Shiro\n|-boost|p2a: Shiro|atk|2\n|move|p1b: Amoonguss|Spore|p2a: Shiro\n|-activate|p2a: Shiro|item: Safety Goggles|Spore\n|move|p2b: Kile|Trick Room|p2b: Kile\n|-fieldstart|move: Trick Room|[of] p2b: Kile\n|\n|upkeep\n|turn|2\n|\n|t:|1682347014\n|move|p1b: Amoonguss|Rage Powder|p1b: Amoonguss\n|-singleturn|p1b: Amoonguss|move: Rage Powder\n|move|p2b: Kile|Reflect|p2b: Kile\n|-sidestart|p2: PSNOfficial|Reflect\n|move|p2a: Shiro|Drain Punch|p1a: Ting-Lu\n|-supereffective|p1a: Ting-Lu\n|-damage|p1a: Ting-Lu|1\/100\n|move|p1a: Ting-Lu|Fissure|p2a: Shiro\n|-damage|p2a: Shiro|0 fnt\n|faint|p2a: Shiro\n|-end|p2a: Shiro|Quark Drive|[silent]\n|-ohko\n|\n|upkeep\n|\n|t:|1682347026\n|switch|p2a: Art|Torkoal, L50, M|100\/100\n|-weather|SunnyDay|[from] ability: Drought|[of] p2a: Art\n|turn|3\n|\n|t:|1682347039\n|-terastallize|p2a: Art|Fire\n|move|p2b: Kile|Light Screen|p2b: Kile\n|-sidestart|p2: PSNOfficial|move: Light Screen\n|move|p2a: Art|Eruption|p1a: Ting-Lu|[spread] p1a,p1b\n|-supereffective|p1b: Amoonguss\n|-damage|p1a: Ting-Lu|0 fnt\n|-damage|p1b: Amoonguss|14\/100\n|-enditem|p1b: Amoonguss|Sitrus Berry|[eat]\n|-heal|p1b: Amoonguss|39\/100|[from] item: Sitrus Berry\n|faint|p1a: Ting-Lu\n|move|p1b: Amoonguss|Spore|p2b: Kile\n|-status|p2b: Kile|slp|[from] move: Spore\n|\n|-weather|SunnyDay|[upkeep]\n|upkeep\n|\n|t:|1682347054\n|switch|p1a: Palafin|Palafin-Hero, L50, F|100\/100\n|-activate|p1a: Palafin|ability: Zero to Hero\n|turn|4\n|\n|t:|1682347074\n|move|p1b: Amoonguss|Protect|p1b: Amoonguss\n|-singleturn|p1b: Amoonguss|Protect\n|move|p1a: Palafin|Protect|p1a: Palafin\n|-singleturn|p1a: Palafin|Protect\n|move|p2a: Art|Eruption|p1b: Amoonguss|[spread] \n|-activate|p1a: Palafin|move: Protect\n|-activate|p1b: Amoonguss|move: Protect\n|cant|p2b: Kile|slp\n|\n|-weather|SunnyDay|[upkeep]\n|upkeep\n|turn|5\n|inactive|zqwqz has 30 seconds left.\n|\n|t:|1682347102\n|-terastallize|p1a: Palafin|Water\n|move|p2a: Art|Eruption|p1b: Amoonguss|[spread] p1a,p1b\n|-resisted|p1a: Palafin\n|-supereffective|p1b: Amoonguss\n|-damage|p1a: Palafin|52\/100\n|-damage|p1b: Amoonguss|0 fnt\n|faint|p1b: Amoonguss\n|-curestatus|p2b: Kile|slp|[msg]\n|move|p2b: Kile|Dazzling Gleam|p1a: Palafin\n|-damage|p1a: Palafin|26\/100\n|move|p1a: Palafin|Wave Crash|p2a: Art\n|-supereffective|p2a: Art\n|-damage|p2a: Art|29\/100\n|-damage|p1a: Palafin|7\/100|[from] Recoil\n|\n|-weather|SunnyDay|[upkeep]\n|-fieldend|move: Trick Room\n|upkeep\n|\n|t:|1682347119\n|switch|p1b: Flutter Mane|Flutter Mane, L50|100\/100\n|-activate|p1b: Flutter Mane|ability: Protosynthesis\n|-start|p1b: Flutter Mane|protosynthesisspe\n|turn|6\n|\n|t:|1682347140\n|move|p2a: Art|Protect|p2a: Art\n|-singleturn|p2a: Art|Protect\n|move|p1a: Palafin|Jet Punch|p2a: Art\n|-activate|p2a: Art|move: Protect\n|move|p1b: Flutter Mane|Shadow Ball|p2b: Kile\n|-damage|p2b: Kile|57\/100\n|-unboost|p2b: Kile|spd|1\n|move|p2b: Kile|Trick Room|p2b: Kile\n|-fieldstart|move: Trick Room|[of] p2b: Kile\n|\n|-weather|SunnyDay|[upkeep]\n|upkeep\n|turn|7\n|\n|t:|1682347158\n|move|p2a: Art|Helping Hand|p2b: Kile\n|-singleturn|p2b: Kile|Helping Hand|[of] p2a: Art\n|move|p1a: Palafin|Jet Punch|p2a: Art\n|-supereffective|p2a: Art\n|-damage|p2a: Art|0 fnt\n|faint|p2a: Art\n|move|p2b: Kile|Dazzling Gleam|p1b: Flutter Mane|[spread] p1a,p1b\n|-damage|p1a: Palafin|0 fnt\n|-damage|p1b: Flutter Mane|73\/100\n|faint|p1a: Palafin\n|move|p1b: Flutter Mane|Shadow Ball|p2b: Kile\n|-damage|p2b: Kile|0 fnt\n|faint|p2b: Kile\n|\n|-weather|SunnyDay|[upkeep]\n|upkeep\n|\n|t:|1682347176\n|switch|p2a: Malt|Flutter Mane, L50|100\/100\n|-activate|p2a: Malt|ability: Protosynthesis\n|-start|p2a: Malt|protosynthesisspa\n|turn|8\n|\n|t:|1682347188\n|move|p2a: Malt|Shadow Ball|p1b: Flutter Mane\n|-supereffective|p1b: Flutter Mane\n|-damage|p1b: Flutter Mane|0 fnt\n|faint|p1b: Flutter Mane\n|-end|p1b: Flutter Mane|Protosynthesis|[silent]\n|\n|win|PSNOfficial\n|raw|zqwqz's rating: 1096 → 1077<\/strong> (-19 for losing)\n|raw|PSNOfficial's rating: 1181 → 1200<\/strong> (+19 for winning)\n|l|\u2606zqwqz\n","uploadtime":1682347200,"views":24,"p1id":"zqwqz","p2id":"psnofficial","formatid":"gen9vgc2023regulationc","rating":1077,"private":0,"password":""}