{"id":"gen9vgc2023regulationc-1845475746","p1":"TheCheckMatt","p2":"Cammyrupt","format":"[Gen 9] VGC 2023 Regulation C","log":"|j|\u2606TheCheckMatt\n|j|\u2606Cammyrupt\n|t:|1681737438\n|gametype|doubles\n|player|p1|TheCheckMatt|riley|1415\n|player|p2|Cammyrupt|ballguy|1435\n|teamsize|p1|6\n|teamsize|p2|6\n|gen|9\n|tier|[Gen 9] VGC 2023 Regulation C\n|rated|\n|rule|Species Clause: Limit one of each Pok\u00e9mon\n|rule|Item Clause: Limit one of each item\n|clearpoke\n|poke|p1|Torkoal, L50, M|\n|poke|p1|Great Tusk, L50|\n|poke|p1|Flutter Mane, L50|\n|poke|p1|Skeledirge, L50, F|\n|poke|p1|Annihilape, L50, F|\n|poke|p1|Maushold-Four, L50|\n|poke|p2|Gholdengo, L50|\n|poke|p2|Chien-Pao, L50|\n|poke|p2|Dragonite, L50, F|\n|poke|p2|Arcanine, L50, F|\n|poke|p2|Gyarados, L50, M|\n|poke|p2|Amoonguss, L50, F|\n|teampreview|4\n|\n|t:|1681737499\n|start\n|switch|p1a: Annihilape|Annihilape, L50, F|100\/100\n|switch|p1b: Maushold|Maushold-Four, L50|100\/100\n|switch|p2a: Dragonite|Dragonite, L50, F|100\/100\n|switch|p2b: Chien-Pao|Chien-Pao, L50|100\/100\n|-ability|p2b: Chien-Pao|Sword of Ruin\n|turn|1\n|j| areallyrandomguy\n|\n|t:|1681737532\n|-terastallize|p2a: Dragonite|Flying\n|move|p2b: Chien-Pao|Protect|p2b: Chien-Pao\n|-singleturn|p2b: Chien-Pao|Protect\n|move|p1b: Maushold|Population Bomb|p2b: Chien-Pao\n|-activate|p2b: Chien-Pao|move: Protect\n|move|p2a: Dragonite|Tera Blast|p1a: Annihilape\n|-supereffective|p1a: Annihilape\n|-damage|p1a: Annihilape|0 fnt\n|faint|p1a: Annihilape\n|\n|upkeep\n|\n|t:|1681737544\n|switch|p1a: Great Tusk|Great Tusk, L50|100\/100\n|turn|2\n|\n|t:|1681737554\n|switch|p2b: Gyarados|Gyarados, L50, M|100\/100\n|-ability|p2b: Gyarados|Intimidate|boost\n|-unboost|p1a: Great Tusk|atk|1\n|-unboost|p1b: Maushold|atk|1\n|move|p1b: Maushold|Follow Me|p1b: Maushold\n|-singleturn|p1b: Maushold|move: Follow Me\n|move|p1a: Great Tusk|Rock Slide|p2a: Dragonite|[spread] p2a,p2b\n|-supereffective|p2a: Dragonite\n|-supereffective|p2b: Gyarados\n|-damage|p2a: Dragonite|87\/100\n|-damage|p2b: Gyarados|67\/100\n|move|p2a: Dragonite|Tailwind|p2a: Dragonite\n|-sidestart|p2: Cammyrupt|move: Tailwind\n|\n|upkeep\n|turn|3\n|\n|t:|1681737582\n|switch|p2b: Amoonguss|Amoonguss, L50, F|100\/100\n|-end|p1a: Great Tusk|Protosynthesis|[silent]\n|switch|p1a: Torkoal|Torkoal, L50, M|100\/100\n|-weather|SunnyDay|[from] ability: Drought|[of] p1a: Torkoal\n|move|p2a: Dragonite|Tera Blast|p1a: Torkoal\n|-damage|p1a: Torkoal|65\/100\n|move|p1b: Maushold|Super Fang|p2b: Amoonguss\n|-damage|p2b: Amoonguss|51\/100\n|-damage|p1b: Maushold|84\/100|[from] item: Rocky Helmet|[of] p2b: Amoonguss\n|\n|-weather|SunnyDay|[upkeep]\n|upkeep\n|turn|4\n|\n|t:|1681737609\n|move|p2a: Dragonite|Tera Blast|p1b: Maushold\n|-damage|p1b: Maushold|0 fnt\n|faint|p1b: Maushold\n|move|p2b: Amoonguss|Spore|p1a: Torkoal\n|-status|p1a: Torkoal|slp|[from] move: Spore\n|cant|p1a: Torkoal|slp\n|\n|-weather|SunnyDay|[upkeep]\n|upkeep\n|\n|t:|1681737631\n|switch|p1b: Great Tusk|Great Tusk, L50|100\/100\n|-activate|p1b: Great Tusk|ability: Protosynthesis\n|-start|p1b: Great Tusk|protosynthesisatk\n|turn|5\n|\n|t:|1681737642\n|-terastallize|p1a: Torkoal|Fire\n|move|p2a: Dragonite|Tera Blast|p1a: Torkoal\n|-damage|p1a: Torkoal|15\/100 slp\n|move|p1b: Great Tusk|Rock Slide|p2b: Amoonguss|[spread] p2a,p2b\n|-supereffective|p2a: Dragonite\n|-damage|p2a: Dragonite|29\/100\n|-damage|p2b: Amoonguss|29\/100\n|move|p2b: Amoonguss|Pollen Puff|p2a: Dragonite\n|-heal|p2a: Dragonite|79\/100\n|cant|p1a: Torkoal|slp\n|\n|-weather|SunnyDay|[upkeep]\n|-sideend|p2: Cammyrupt|move: Tailwind\n|upkeep\n|turn|6\n|\n|t:|1681737675\n|move|p1b: Great Tusk|Rock Slide|p2a: Dragonite|[spread] p2a,p2b\n|-supereffective|p2a: Dragonite\n|-crit|p2b: Amoonguss\n|-damage|p2a: Dragonite|24\/100\n|-damage|p2b: Amoonguss|0 fnt\n|faint|p2b: Amoonguss\n|move|p2a: Dragonite|Tera Blast|p1a: Torkoal\n|-damage|p1a: Torkoal|0 fnt\n|faint|p1a: Torkoal\n|\n|-weather|SunnyDay|[upkeep]\n|upkeep\n|\n|t:|1681737679\n|switch|p2b: Gyarados|Gyarados, L50, M|67\/100\n|-ability|p2b: Gyarados|Intimidate|boost\n|-unboost|p1b: Great Tusk|atk|1\n|turn|7\n|c|\u2606TheCheckMatt|gg wp\n|\n|t:|1681737711\n|move|p1b: Great Tusk|Rock Slide|p2b: Gyarados|[spread] p2a,p2b\n|-supereffective|p2a: Dragonite\n|-supereffective|p2b: Gyarados\n|-damage|p2a: Dragonite|0 fnt\n|-damage|p2b: Gyarados|27\/100\n|-enditem|p2b: Gyarados|Sitrus Berry|[eat]\n|-heal|p2b: Gyarados|52\/100|[from] item: Sitrus Berry\n|faint|p2a: Dragonite\n|cant|p2b: Gyarados|flinch\n|\n|-weather|none\n|-end|p1b: Great Tusk|Protosynthesis\n|upkeep\n|\n|t:|1681737715\n|switch|p2a: Chien-Pao|Chien-Pao, L50|100\/100\n|-ability|p2a: Chien-Pao|Sword of Ruin\n|turn|8\n|\n|t:|1681737723\n|move|p1b: Great Tusk|Rock Slide|p2a: Chien-Pao|[spread] p2a,p2b\n|-supereffective|p2a: Chien-Pao\n|-supereffective|p2b: Gyarados\n|-damage|p2a: Chien-Pao|59\/100\n|-damage|p2b: Gyarados|12\/100\n|cant|p2a: Chien-Pao|flinch\n|move|p2b: Gyarados|Waterfall|p1b: Great Tusk\n|-supereffective|p1b: Great Tusk\n|-damage|p1b: Great Tusk|12\/100\n|\n|upkeep\n|turn|9\n|\n|t:|1681737731\n|move|p2a: Chien-Pao|Sucker Punch|p1b: Great Tusk\n|-resisted|p1b: Great Tusk\n|-damage|p1b: Great Tusk|0 fnt\n|faint|p1b: Great Tusk\n|-end|p1b: Great Tusk|Protosynthesis|[silent]\n|\n|win|Cammyrupt\n|raw|TheCheckMatt's rating: 1415 → 1396<\/strong> (-19 for losing)\n|raw|Cammyrupt's rating: 1435 → 1454<\/strong> (+19 for winning)\n|l|\u2606TheCheckMatt\n|c|\u2606Cammyrupt|gg\n","uploadtime":1681737953,"views":11,"p1id":"thecheckmatt","p2id":"cammyrupt","formatid":"gen9vgc2023regulationc","rating":1396,"private":0,"password":""}