{"id":"gen9vgc2023regulationc-1857008516","p1":"jhgfcvgbhnjk","p2":"Bradface","format":"[Gen 9] VGC 2023 Regulation C","log":"|j|\u2606jhgfcvgbhnjk\n|j|\u2606Bradface\n|t:|1683136175\n|gametype|doubles\n|player|p1|jhgfcvgbhnjk|102|1000\n|player|p2|Bradface|skier|1095\n|teamsize|p1|6\n|teamsize|p2|6\n|gen|9\n|tier|[Gen 9] VGC 2023 Regulation C\n|rated|\n|rule|Species Clause: Limit one of each Pok\u00e9mon\n|rule|Item Clause: Limit one of each item\n|clearpoke\n|poke|p1|Flapple, L50, F|\n|poke|p1|Bronzong, L50|\n|poke|p1|Sandy Shocks, L50|\n|poke|p1|Espathra, L50, F|\n|poke|p1|Skeledirge, L50, M|\n|poke|p1|Azumarill, L50, M|\n|poke|p2|Chien-Pao, L50|\n|poke|p2|Amoonguss, L50, M|\n|poke|p2|Flutter Mane, L50|\n|poke|p2|Arcanine, L50, M|\n|poke|p2|Dragonite, L50, F|\n|poke|p2|Palafin, L50, M|\n|teampreview|4\n|\n|t:|1683136231\n|start\n|switch|p1a: Liberty|Bronzong, L50|100\/100\n|switch|p1b: crikey|Skeledirge, L50, M, shiny|100\/100\n|switch|p2a: Arcanine|Arcanine, L50, M|100\/100\n|switch|p2b: Palafin|Palafin, L50, M|100\/100\n|-ability|p2a: Arcanine|Intimidate|boost\n|-unboost|p1a: Liberty|atk|1\n|-unboost|p1b: crikey|atk|1\n|turn|1\n|\n|t:|1683136258\n|detailschange|p2b: Palafin|Palafin-Hero, L50, M\n|switch|p2b: Amoonguss|Amoonguss, L50, M|100\/100\n|move|p2a: Arcanine|Snarl|p1a: Liberty|[spread] p1a\n|-miss|p2a: Arcanine|p1b: crikey\n|-supereffective|p1a: Liberty\n|-damage|p1a: Liberty|86\/100\n|-unboost|p1a: Liberty|spa|1\n|move|p1b: crikey|Torch Song|p2b: Amoonguss\n|-supereffective|p2b: Amoonguss\n|-damage|p2b: Amoonguss|27\/100\n|-boost|p1b: crikey|spa|1\n|-enditem|p1b: crikey|Throat Spray\n|-boost|p1b: crikey|spa|1|[from] item: Throat Spray\n|move|p1a: Liberty|Trick Room|p1a: Liberty\n|-fieldstart|move: Trick Room|[of] p1a: Liberty\n|\n|upkeep\n|turn|2\n|\n|t:|1683136284\n|-terastallize|p1b: crikey|Grass\n|move|p2b: Amoonguss|Spore|p1b: crikey\n|-immune|p1b: crikey\n|move|p1a: Liberty|Gravity|p1a: Liberty\n|-fieldstart|move: Gravity\n|move|p1b: crikey|Sing|p2a: Arcanine\n|-status|p2a: Arcanine|slp|[from] move: Sing\n|cant|p2a: Arcanine|slp\n|\n|upkeep\n|turn|3\n|\n|t:|1683136332\n|move|p2b: Amoonguss|Clear Smog|p1b: crikey\n|-supereffective|p1b: crikey\n|-damage|p1b: crikey|68\/100\n|-clearboost|p1b: crikey\n|move|p1a: Liberty|Body Press|p2a: Arcanine\n|-damage|p2a: Arcanine|74\/100 slp\n|move|p1b: crikey|Torch Song|p2b: Amoonguss\n|-supereffective|p2b: Amoonguss\n|-damage|p2b: Amoonguss|0 fnt\n|-boost|p1b: crikey|spa|1\n|faint|p2b: Amoonguss\n|-curestatus|p2a: Arcanine|slp|[msg]\n|move|p2a: Arcanine|Flare Blitz|p1b: crikey\n|-supereffective|p1b: crikey\n|-damage|p1b: crikey|0 fnt\n|faint|p1b: crikey\n|-damage|p2a: Arcanine|50\/100|[from] Recoil\n|-enditem|p2a: Arcanine|Sitrus Berry|[eat]\n|-heal|p2a: Arcanine|75\/100|[from] item: Sitrus Berry\n|\n|upkeep\n|\n|t:|1683136355\n|switch|p2b: Flutter Mane|Flutter Mane, L50|100\/100\n|switch|p1b: Bad Apple|Flapple, L50, F, shiny|100\/100\n|-enditem|p2b: Flutter Mane|Booster Energy\n|-activate|p2b: Flutter Mane|ability: Protosynthesis|[fromitem]\n|-start|p2b: Flutter Mane|protosynthesisspa\n|turn|4\n|\n|t:|1683136378\n|move|p1a: Liberty|Hypnosis|p2a: Arcanine\n|-status|p2a: Arcanine|slp|[from] move: Hypnosis\n|move|p1b: Bad Apple|Grav Apple|p2b: Flutter Mane\n|-damage|p2b: Flutter Mane|0 fnt\n|faint|p2b: Flutter Mane\n|-end|p2b: Flutter Mane|Protosynthesis|[silent]\n|-damage|p1b: Bad Apple|91\/100|[from] item: Life Orb\n|cant|p2a: Arcanine|slp\n|\n|upkeep\n|\n|t:|1683136387\n|switch|p2b: Palafin|Palafin-Hero, L50, M|100\/100\n|-activate|p2b: Palafin|ability: Zero to Hero\n|turn|5\n|\n|t:|1683136398\n|move|p1a: Liberty|Hypnosis|p2b: Palafin\n|-status|p2b: Palafin|slp|[from] move: Hypnosis\n|move|p1b: Bad Apple|Grav Apple|p2b: Palafin\n|-supereffective|p2b: Palafin\n|-damage|p2b: Palafin|0 fnt\n|faint|p2b: Palafin\n|-damage|p1b: Bad Apple|81\/100|[from] item: Life Orb\n|cant|p2a: Arcanine|slp\n|\n|-fieldend|move: Trick Room\n|upkeep\n|turn|6\n|-message|Bradface forfeited.\n|\n|win|jhgfcvgbhnjk\n|raw|jhgfcvgbhnjk's rating: 1000 → 1051<\/strong> (+51 for winning)\n|raw|Bradface's rating: 1095 → 1064<\/strong> (-31 for losing)\n|l|\u2606Bradface\n","uploadtime":1683136413,"views":20,"p1id":"jhgfcvgbhnjk","p2id":"bradface","formatid":"gen9vgc2023regulationc","rating":1051,"private":0,"password":""}