{"id":"gen9vgc2023regulationc-1854440437","p1":"messinderela","p2":"n8wizzle","format":"[Gen 9] VGC 2023 Regulation C","log":"|j|\u2606messinderela\n|j|\u2606n8wizzle\n|t:|1682811203\n|gametype|doubles\n|player|p1|messinderela|larry|1092\n|player|p2|n8wizzle|baker|1040\n|teamsize|p1|6\n|teamsize|p2|6\n|gen|9\n|tier|[Gen 9] VGC 2023 Regulation C\n|rated|\n|rule|Species Clause: Limit one of each Pok\u00e9mon\n|rule|Item Clause: Limit one of each item\n|clearpoke\n|poke|p1|Lycanroc-Midnight, L50, M|\n|poke|p1|Medicham, L50, F|\n|poke|p1|Dondozo, L50, M|\n|poke|p1|Tatsugiri-Stretchy, L50, M|\n|poke|p1|Mimikyu, L50, M|\n|poke|p1|Ting-Lu, L50|\n|poke|p2|Basculin, L50, F|\n|poke|p2|Arboliva, L50, F|\n|poke|p2|Iron Moth, L50|\n|poke|p2|Veluza, L50, F|\n|poke|p2|Haxorus, L50, F|\n|poke|p2|Iron Valiant, L50|\n|teampreview|4\n|\n|t:|1682811241\n|start\n|switch|p1a: Lycanroc|Lycanroc-Midnight, L50, M|100\/100\n|switch|p1b: Medicham|Medicham, L50, F|100\/100\n|switch|p2a: Veluza|Veluza, L50, F|100\/100\n|switch|p2b: Arboliva|Arboliva, L50, F|100\/100\n|turn|1\n|\n|t:|1682811267\n|-terastallize|p1a: Lycanroc|Water\n|move|p1b: Medicham|Fake Out|p2b: Arboliva\n|-damage|p2b: Arboliva|79\/100\n|-fieldstart|move: Grassy Terrain|[from] ability: Seed Sower|[of] p2b: Arboliva\n|move|p1a: Lycanroc|Rock Slide|p2b: Arboliva|[spread] p2a,p2b\n|-damage|p2a: Veluza|62\/100\n|-damage|p2b: Arboliva|51\/100\n|move|p2a: Veluza|Aqua Cutter|p1a: Lycanroc\n|-resisted|p1a: Lycanroc\n|-damage|p1a: Lycanroc|68\/100\n|cant|p2b: Arboliva|flinch\n|\n|-heal|p1a: Lycanroc|74\/100|[from] Grassy Terrain\n|-heal|p2a: Veluza|68\/100|[from] Grassy Terrain\n|-heal|p2b: Arboliva|57\/100|[from] Grassy Terrain\n|upkeep\n|turn|2\n|\n|t:|1682811301\n|move|p1b: Medicham|Skill Swap|p1a: Lycanroc\n|-activate|p1b: Medicham|move: Skill Swap|||[of] p1a: Lycanroc\n|move|p1a: Lycanroc|Stone Edge|p2a: Veluza\n|-damage|p2a: Veluza|0 fnt\n|faint|p2a: Veluza\n|move|p2b: Arboliva|Light Screen|p2b: Arboliva\n|-sidestart|p2: n8wizzle|move: Light Screen\n|\n|-heal|p1a: Lycanroc|80\/100|[from] Grassy Terrain\n|-heal|p2b: Arboliva|63\/100|[from] Grassy Terrain\n|upkeep\n|\n|t:|1682811321\n|switch|p2a: Haxorus|Haxorus, L50, F|100\/100\n|-ability|p2a: Haxorus|Mold Breaker\n|turn|3\n|\n|t:|1682811333\n|move|p1b: Medicham|Detect|p1b: Medicham\n|-singleturn|p1b: Medicham|Protect\n|move|p2a: Haxorus|First Impression|p1b: Medicham\n|-activate|p1b: Medicham|move: Protect\n|move|p1a: Lycanroc|Rock Slide|p2b: Arboliva|[spread] p2a,p2b\n|-damage|p2a: Haxorus|9\/100\n|-damage|p2b: Arboliva|5\/100\n|move|p2b: Arboliva|Dazzling Gleam|p1a: Lycanroc|[spread] p1a\n|-activate|p1b: Medicham|move: Protect\n|-damage|p1a: Lycanroc|54\/100\n|\n|-heal|p2a: Haxorus|15\/100|[from] Grassy Terrain\n|-heal|p1a: Lycanroc|60\/100|[from] Grassy Terrain\n|-heal|p2b: Arboliva|11\/100|[from] Grassy Terrain\n|upkeep\n|turn|4\n|\n|t:|1682811359\n|move|p1b: Medicham|Detect|p1b: Medicham\n|-singleturn|p1b: Medicham|Protect\n|move|p2a: Haxorus|Outrage|p1a: Lycanroc\n|-damage|p1a: Lycanroc|0 fnt\n|faint|p1a: Lycanroc\n|move|p2b: Arboliva|Pollen Puff|p2a: Haxorus\n|-heal|p2a: Haxorus|65\/100\n|\n|-heal|p2a: Haxorus|71\/100|[from] Grassy Terrain\n|-heal|p2b: Arboliva|17\/100|[from] Grassy Terrain\n|upkeep\n|\n|t:|1682811364\n|switch|p1a: Dondozo|Dondozo, L50, M|100\/100\n|turn|5\n|\n|t:|1682811380\n|move|p2a: Haxorus|Outrage|p1a: Dondozo|[from]lockedmove\n|-damage|p1a: Dondozo|53\/100\n|move|p1b: Medicham|Skill Swap|p1a: Dondozo\n|-activate|p1b: Medicham|move: Skill Swap|||[of] p1a: Dondozo\n|move|p1a: Dondozo|Fissure|p2a: Haxorus\n|-damage|p2a: Haxorus|0 fnt\n|faint|p2a: Haxorus\n|-ohko\n|move|p2b: Arboliva|Pollen Puff|p1b: Medicham\n|-damage|p1b: Medicham|50\/100\n|\n|-heal|p1b: Medicham|56\/100|[from] Grassy Terrain\n|-heal|p1a: Dondozo|59\/100|[from] Grassy Terrain\n|-heal|p1a: Dondozo|66\/100|[from] item: Leftovers\n|-heal|p2b: Arboliva|23\/100|[from] Grassy Terrain\n|upkeep\n|\n|t:|1682811396\n|switch|p2a: Iron Valiant|Iron Valiant, L50|100\/100\n|-enditem|p2a: Iron Valiant|Booster Energy\n|-activate|p2a: Iron Valiant|ability: Quark Drive|[fromitem]\n|-start|p2a: Iron Valiant|quarkdrivespa\n|turn|6\n|\n|t:|1682811414\n|switch|p1b: Tatsugiri|Tatsugiri-Stretchy, L50, M|100\/100\n|-activate|p1b: Tatsugiri|ability: Commander|[of] p1a: Dondozo\n|-boost|p1a: Dondozo|atk|2\n|-boost|p1a: Dondozo|spa|2\n|-boost|p1a: Dondozo|spe|2\n|-boost|p1a: Dondozo|def|2\n|-boost|p1a: Dondozo|spd|2\n|move|p1a: Dondozo|Protect|p1a: Dondozo\n|-singleturn|p1a: Dondozo|Protect\n|move|p2a: Iron Valiant|Hyper Voice|p1b: Tatsugiri|[spread] \n|-miss|p2a: Iron Valiant|p1b: Tatsugiri\n|-activate|p1a: Dondozo|move: Protect\n|move|p2b: Arboliva|Encore|p1b: Tatsugiri|[miss]\n|-miss|p2b: Arboliva|p1b: Tatsugiri\n|\n|-heal|p1a: Dondozo|72\/100|[from] Grassy Terrain\n|-heal|p1a: Dondozo|78\/100|[from] item: Leftovers\n|-heal|p2b: Arboliva|29\/100|[from] Grassy Terrain\n|-sideend|p2: n8wizzle|move: Light Screen\n|upkeep\n|turn|7\n|inactive|Battle timer is ON: inactive players will automatically lose when time's up. (requested by messinderela)\n|\n|t:|1682811443\n|move|p1a: Dondozo|Fissure|p2a: Iron Valiant\n|-damage|p2a: Iron Valiant|0 fnt\n|faint|p2a: Iron Valiant\n|-end|p2a: Iron Valiant|Quark Drive|[silent]\n|-ohko\n|move|p2b: Arboliva|Light Screen|p2b: Arboliva\n|-sidestart|p2: n8wizzle|move: Light Screen\n|\n|-heal|p1a: Dondozo|84\/100|[from] Grassy Terrain\n|-heal|p1a: Dondozo|91\/100|[from] item: Leftovers\n|-heal|p2b: Arboliva|35\/100|[from] Grassy Terrain\n|upkeep\n|turn|8\n|\n|t:|1682811457\n|move|p1a: Dondozo|Fissure|p2b: Arboliva\n|-damage|p2b: Arboliva|0 fnt\n|faint|p2b: Arboliva\n|-ohko\n|\n|win|messinderela\n|raw|messinderela's rating: 1092 → 1114<\/strong> (+22 for winning)\n|raw|n8wizzle's rating: 1040 → 1026<\/strong> (-14 for losing)\n|l|\u2606n8wizzle\n","uploadtime":1682811484,"views":14,"p1id":"messinderela","p2id":"n8wizzle","formatid":"gen9vgc2023regulationc","rating":1026,"private":0,"password":""}