{"id":"gen9vgc2023regulationc-1857412479","p1":"TrainerRYSA","p2":"Ghebsera","format":"[Gen 9] VGC 2023 Regulation C","log":"|j|\u2606TrainerRYSA\n|j|\u2606Ghebsera\n|t:|1683188987\n|gametype|doubles\n|player|p1|TrainerRYSA|169|1164\n|player|p2|Ghebsera|lucas-gen4pt|1141\n|teamsize|p1|6\n|teamsize|p2|6\n|gen|9\n|tier|[Gen 9] VGC 2023 Regulation C\n|rated|\n|rule|Species Clause: Limit one of each Pok\u00e9mon\n|rule|Item Clause: Limit one of each item\n|clearpoke\n|poke|p1|Flutter Mane, L50|\n|poke|p1|Iron Hands, L50|\n|poke|p1|Dragonite, L50, M|\n|poke|p1|Umbreon, L50, M|\n|poke|p1|Gyarados, L50, F|\n|poke|p1|Palafin, L50, F|\n|poke|p2|Ceruledge, L50, F|\n|poke|p2|Garganacl, L50, F|\n|poke|p2|Tauros-Paldea-Aqua, L50, M|\n|poke|p2|Chien-Pao, L50|\n|poke|p2|Flutter Mane, L50|\n|poke|p2|Maushold-Four, L50|\n|teampreview|4\n|inactive|Battle timer is ON: inactive players will automatically lose when time's up. (requested by Ghebsera)\n|\n|t:|1683189041\n|start\n|switch|p1a: Dragonite|Dragonite, L50, M, shiny|100\/100\n|switch|p1b: Sasuke|Umbreon, L50, M, shiny|100\/100\n|switch|p2a: Ceruledge|Ceruledge, L50, F|100\/100\n|switch|p2b: Maushold|Maushold-Four, L50|100\/100\n|turn|1\n|\n|t:|1683189064\n|move|p2b: Maushold|Follow Me|p2b: Maushold\n|-singleturn|p2b: Maushold|move: Follow Me\n|move|p1a: Dragonite|Rock Slide|p2b: Maushold|[spread] p2a,p2b\n|-supereffective|p2a: Ceruledge\n|-damage|p2a: Ceruledge|54\/100\n|-damage|p2b: Maushold|68\/100\n|move|p2a: Ceruledge|Bulk Up|p2a: Ceruledge\n|-boost|p2a: Ceruledge|atk|1\n|-boost|p2a: Ceruledge|def|1\n|-enditem|p1b: Sasuke|Mirror Herb\n|-boost|p1b: Sasuke|atk|1|[from] item: Mirror Herb\n|-boost|p1b: Sasuke|def|1|[from] item: Mirror Herb\n|move|p1b: Sasuke|Foul Play|p2b: Maushold\n|-damage|p2b: Maushold|48\/100\n|\n|upkeep\n|turn|2\n|\n|t:|1683189081\n|-terastallize|p2a: Ceruledge|Grass\n|move|p2b: Maushold|Protect|p2b: Maushold\n|-singleturn|p2b: Maushold|Protect\n|move|p1a: Dragonite|Rock Slide|p2b: Maushold|[spread] p2a\n|-activate|p2b: Maushold|move: Protect\n|-damage|p2a: Ceruledge|38\/100\n|move|p2a: Ceruledge|Bitter Blade|p1b: Sasuke\n|-damage|p1b: Sasuke|75\/100\n|-heal|p2a: Ceruledge|52\/100|[from] drain|[of] p1b: Sasuke\n|move|p1b: Sasuke|Moonlight|p1b: Sasuke\n|-heal|p1b: Sasuke|100\/100\n|\n|upkeep\n|turn|3\n|\n|t:|1683189102\n|move|p2b: Maushold|Follow Me|p2b: Maushold\n|-singleturn|p2b: Maushold|move: Follow Me\n|move|p1a: Dragonite|Rock Slide|p2a: Ceruledge|[spread] p2a\n|-miss|p1a: Dragonite|p2b: Maushold\n|-damage|p2a: Ceruledge|35\/100\n|cant|p2a: Ceruledge|flinch\n|move|p1b: Sasuke|Foul Play|p2b: Maushold\n|-damage|p2b: Maushold|25\/100\n|\n|upkeep\n|turn|4\n|inactive|TrainerRYSA has 30 seconds left.\n|\n|t:|1683189132\n|move|p2b: Maushold|Super Fang|p1a: Dragonite|[miss]\n|-miss|p2b: Maushold|p1a: Dragonite\n|move|p1a: Dragonite|Rock Slide|p2b: Maushold|[spread] p2a,p2b\n|-crit|p2a: Ceruledge\n|-damage|p2a: Ceruledge|0 fnt\n|-damage|p2b: Maushold|0 fnt\n|faint|p2a: Ceruledge\n|faint|p2b: Maushold\n|move|p1b: Sasuke|Skill Swap|p2: Ceruledge|[notarget]\n|-fail|p1b: Sasuke\n|\n|upkeep\n|\n|t:|1683189142\n|switch|p2b: Garganacl|Garganacl, L50, F|100\/100\n|switch|p2a: Flutter Mane|Flutter Mane, L50|100\/100\n|turn|5\n|\n|t:|1683189158\n|switch|p1a: Iron Hands|Iron Hands, L50|100\/100\n|-terastallize|p1b: Sasuke|Water\n|move|p2a: Flutter Mane|Moonblast|p1b: Sasuke\n|-damage|p1b: Sasuke|40\/100\n|-unboost|p1b: Sasuke|spa|1\n|move|p1b: Sasuke|Light Screen|p1b: Sasuke\n|-sidestart|p1: TrainerRYSA|move: Light Screen\n|move|p2b: Garganacl|Avalanche|p1a: Iron Hands\n|-damage|p1a: Iron Hands|89\/100\n|\n|upkeep\n|turn|6\n|inactive|Ghebsera has 30 seconds left.\n|\n|t:|1683189184\n|switch|p1b: Gyarados|Gyarados, L50, F, shiny|100\/100\n|-ability|p1b: Gyarados|Intimidate|boost\n|-unboost|p2a: Flutter Mane|atk|1\n|-unboost|p2b: Garganacl|atk|1\n|move|p2a: Flutter Mane|Moonblast|p1b: Gyarados\n|-damage|p1b: Gyarados|39\/100\n|-enditem|p1b: Gyarados|Sitrus Berry|[eat]\n|-heal|p1b: Gyarados|64\/100|[from] item: Sitrus Berry\n|move|p1a: Iron Hands|Heavy Slam|p2a: Flutter Mane\n|-supereffective|p2a: Flutter Mane\n|-crit|p2a: Flutter Mane\n|-damage|p2a: Flutter Mane|0 fnt\n|faint|p2a: Flutter Mane\n|-end|p2a: Flutter Mane|Protosynthesis|[silent]\n|move|p2b: Garganacl|Salt Cure|p1a: Iron Hands\n|-resisted|p1a: Iron Hands\n|-crit|p1a: Iron Hands\n|-damage|p1a: Iron Hands|81\/100\n|-start|p1a: Iron Hands|Salt Cure\n|\n|-damage|p1a: Iron Hands|69\/100|[from] Salt Cure\n|upkeep\n|turn|7\n|\n|t:|1683189206\n|move|p1b: Gyarados|Waterfall|p2b: Garganacl\n|-supereffective|p2b: Garganacl\n|-damage|p2b: Garganacl|42\/100\n|move|p1a: Iron Hands|Drain Punch|p2b: Garganacl\n|-supereffective|p2b: Garganacl\n|-damage|p2b: Garganacl|0 fnt\n|-heal|p1a: Iron Hands|87\/100|[from] drain|[of] p2b: Garganacl\n|faint|p2b: Garganacl\n|\n|win|TrainerRYSA\n|raw|TrainerRYSA's rating: 1164 → 1187<\/strong> (+23 for winning)\n|raw|Ghebsera's rating: 1141 → 1118<\/strong> (-23 for losing)\n|l|\u2606Ghebsera\n","uploadtime":1683189264,"views":15,"p1id":"trainerrysa","p2id":"ghebsera","formatid":"gen9vgc2023regulationc","rating":1118,"private":0,"password":""}