{"id":"gen9vgc2023regulationc-1850806630","p1":"Tizio20","p2":"fullpickle","format":"[Gen 9] VGC 2023 Regulation C","log":"|j|\u2606Tizio20\n|j|\u2606fullpickle\n|t:|1682369628\n|gametype|doubles\n|player|p1|Tizio20|grimsley|1047\n|player|p2|fullpickle|harlequin|1042\n|teamsize|p1|6\n|teamsize|p2|6\n|gen|9\n|tier|[Gen 9] VGC 2023 Regulation C\n|rated|\n|rule|Species Clause: Limit one of each Pok\u00e9mon\n|rule|Item Clause: Limit one of each item\n|clearpoke\n|poke|p1|Iron Treads, L50|\n|poke|p1|Amoonguss, L50, M|\n|poke|p1|Gyarados, L50, M|\n|poke|p1|Flutter Mane, L50|\n|poke|p1|Palafin, L50, F|\n|poke|p1|Talonflame, L50, F|\n|poke|p2|Grimmsnarl, L50, M|\n|poke|p2|Orthworm, L50, M|\n|poke|p2|Salamence, L50, F|\n|poke|p2|Breloom, L50, F|\n|poke|p2|Armarouge, L50, F|\n|poke|p2|Clodsire, L50, F|\n|teampreview|4\n|inactive|Battle timer is ON: inactive players will automatically lose when time's up. (requested by Tizio20)\nfullpickle rejected open team sheets.\n|\n|t:|1682369671\n|start\n|switch|p1a: Iron Treads|Iron Treads, L50|100\/100\n|switch|p1b: Talonflame|Talonflame, L50, F|100\/100\n|switch|p2a: Clodsire|Clodsire, L50, F|100\/100\n|switch|p2b: Grimmsnarl|Grimmsnarl, L50, M|100\/100\n|turn|1\n|inactive|fullpickle has 30 seconds left.\n|inactive|fullpickle has 20 seconds left.\n|inactive|fullpickle has 15 seconds left.\n|\n|t:|1682369712\n|move|p1b: Talonflame|Tailwind|p1b: Talonflame\n|-sidestart|p1: Tizio20|move: Tailwind\n|move|p1a: Iron Treads|Earthquake|p2b: Grimmsnarl|[spread] p2a,p2b\n|-immune|p1b: Talonflame\n|-supereffective|p2a: Clodsire\n|-damage|p2a: Clodsire|33\/100\n|-damage|p2b: Grimmsnarl|54\/100\n|move|p2b: Grimmsnarl|Drain Punch|p1a: Iron Treads\n|-supereffective|p1a: Iron Treads\n|-damage|p1a: Iron Treads|63\/100\n|-heal|p2b: Grimmsnarl|73\/100|[from] drain|[of] p1a: Iron Treads\n|move|p2a: Clodsire|Toxic|p1b: Talonflame\n|-status|p1b: Talonflame|tox\n|\n|-heal|p2a: Clodsire|39\/100|[from] item: Leftovers\n|-damage|p1b: Talonflame|95\/100 tox|[from] psn\n|upkeep\n|turn|2\n|c|\u2606Tizio20|I have the faster amoongus\n|inactive|Tizio20 has 30 seconds left.\n|c|\u2606fullpickle|ok\n|\n|t:|1682369744\n|switch|p2a: Salamence|Salamence, L50, F|100\/100\n|move|p2b: Grimmsnarl|Parting Shot|p1a: Iron Treads\n|-unboost|p1a: Iron Treads|atk|1\n|-unboost|p1a: Iron Treads|spa|1\n|\n|t:|1682369752\n|switch|p2b: Clodsire|Clodsire, L50, F|39\/100|[from] Parting Shot\n|move|p1b: Talonflame|U-turn|p2b: Clodsire\n|-resisted|p2b: Clodsire\n|-damage|p2b: Clodsire|32\/100\n|\n|t:|1682369758\n|switch|p1b: Amoonguss|Amoonguss, L50, M|100\/100|[from] U-turn\n|move|p1a: Iron Treads|Earthquake|p2a: Salamence|[spread] p1b,p2b\n|-immune|p2a: Salamence\n|-supereffective|p2b: Clodsire\n|-damage|p1b: Amoonguss|76\/100\n|-damage|p2b: Clodsire|0 fnt\n|faint|p2b: Clodsire\n|\n|upkeep\n|\n|t:|1682369767\n|switch|p2b: Breloom|Breloom, L50, F|100\/100\n|turn|3\n|c|\u2606Tizio20|Breloom is slpw\n|c|\u2606Tizio20|Slow\n|c|\u2606fullpickle|ok\n|\n|t:|1682369786\n|-end|p1a: Iron Treads|Quark Drive|[silent]\n|switch|p1a: Talonflame|Talonflame, L50, F|95\/100 tox\n|move|p2b: Breloom|Mach Punch|p1a: Talonflame\n|-resisted|p1a: Talonflame\n|-damage|p1a: Talonflame|64\/100 tox\n|move|p1b: Amoonguss|Spore|p2a: Salamence\n|-status|p2a: Salamence|slp|[from] move: Spore\n|cant|p2a: Salamence|slp\n|\n|-damage|p1a: Talonflame|58\/100 tox|[from] psn\n|upkeep\n|turn|4\n|c|\u2606fullpickle|huh\n|c|\u2606fullpickle|how the hell\n|inactive|fullpickle has 30 seconds left.\n|inactive|fullpickle has 20 seconds left.\n|c|\u2606Tizio20|I have fast amoongus\n|inactive|fullpickle has 15 seconds left.\n|\n|t:|1682369828\n|switch|p2b: Grimmsnarl|Grimmsnarl, L50, M|73\/100\n|-terastallize|p1a: Talonflame|Ghost\n|move|p1a: Talonflame|Brave Bird|p2b: Grimmsnarl\n|-damage|p2b: Grimmsnarl|29\/100\n|-damage|p1a: Talonflame|43\/100 tox|[from] Recoil\n|move|p1b: Amoonguss|Spore|p2a: Salamence\n|-fail|p2a: Salamence|slp\n|-curestatus|p2a: Salamence|slp|[msg]\n|move|p2a: Salamence|Dual Wingbeat|p1b: Amoonguss|[miss]\n|-miss|p2a: Salamence|p1b: Amoonguss\n|\n|-damage|p1a: Talonflame|31\/100 tox|[from] psn\n|-sideend|p1: Tizio20|move: Tailwind\n|upkeep\n|turn|5\n|c|\u2606fullpickle|my god\n|inactive|fullpickle has 30 seconds left.\n|\n|t:|1682369855\n|switch|p2a: Breloom|Breloom, L50, F|100\/100\n|move|p2b: Grimmsnarl|Reflect|p2b: Grimmsnarl\n|-sidestart|p2: fullpickle|Reflect\n|move|p1a: Talonflame|Tailwind|p1a: Talonflame\n|-sidestart|p1: Tizio20|move: Tailwind\n|move|p1b: Amoonguss|Spore|p2a: Breloom\n|-immune|p2a: Breloom\n|\n|-damage|p1a: Talonflame|14\/100 tox|[from] psn\n|upkeep\n|turn|6\n|\n|t:|1682369878\n|switch|p1a: Flutter Mane|Flutter Mane, L50|100\/100\n|-terastallize|p2a: Breloom|Rock\n|move|p2b: Grimmsnarl|Parting Shot|p1a: Flutter Mane\n|-unboost|p1a: Flutter Mane|atk|1\n|-unboost|p1a: Flutter Mane|spa|1\n|\n|t:|1682369884\n|switch|p2b: Salamence|Salamence, L50, F|100\/100|[from] Parting Shot\n|move|p1b: Amoonguss|Spore|p2b: Salamence\n|-status|p2b: Salamence|slp|[from] move: Spore\n|move|p2a: Breloom|Aerial Ace|p1b: Amoonguss\n|-supereffective|p1b: Amoonguss\n|-damage|p1b: Amoonguss|0 fnt\n|faint|p1b: Amoonguss\n|\n|upkeep\n|c|\u2606Tizio20|Noooo amongus\n|c|\u2606fullpickle|gg\n|\n|t:|1682369900\n|switch|p1b: Iron Treads|Iron Treads, L50|63\/100\n|turn|7\n|\n|t:|1682369915\n|switch|p2a: Grimmsnarl|Grimmsnarl, L50, M|29\/100\n|move|p1a: Flutter Mane|Dazzling Gleam|p2a: Grimmsnarl|[spread] p2a,p2b\n|-supereffective|p2a: Grimmsnarl\n|-supereffective|p2b: Salamence\n|-damage|p2a: Grimmsnarl|0 fnt\n|-damage|p2b: Salamence|26\/100 slp\n|faint|p2a: Grimmsnarl\n|move|p1b: Iron Treads|Iron Head|p2b: Salamence\n|-damage|p2b: Salamence|0 fnt\n|faint|p2b: Salamence\n|\n|upkeep\n|\n|t:|1682369925\n|switch|p2b: Breloom|Breloom, L50, F, tera:Rock|100\/100\n|turn|8\n|\n|t:|1682369931\n|move|p1a: Flutter Mane|Dazzling Gleam|p2b: Breloom\n|-damage|p2b: Breloom|22\/100\n|move|p1b: Iron Treads|Iron Head|p2b: Breloom\n|-supereffective|p2b: Breloom\n|-damage|p2b: Breloom|0 fnt\n|faint|p2b: Breloom\n|\n|win|Tizio20\n|raw|Tizio20's rating: 1047 → 1079<\/strong> (+32 for winning)\n|raw|fullpickle's rating: 1042 → 1026<\/strong> (-16 for losing)\n|l|\u2606fullpickle\n|c|\u2606Tizio20|Gg\n","uploadtime":1682369945,"views":16,"p1id":"tizio20","p2id":"fullpickle","formatid":"gen9vgc2023regulationc","rating":1026,"private":0,"password":""}