{"id":"gen9vgc2023regulationc-1857718235","p1":"StormBirdAR!081","p2":"JPJthethe","format":"[Gen 9] VGC 2023 Regulation C","log":"|j|\u2606StormBirdAR!081\n|j|\u2606JPJthethe\n|t:|1683225298\n|gametype|doubles\n|player|p1|StormBirdAR!081|170|1087\n|player|p2|JPJthethe|caitlin|1040\n|teamsize|p1|6\n|teamsize|p2|6\n|gen|9\n|tier|[Gen 9] VGC 2023 Regulation C\n|rated|\n|rule|Species Clause: Limit one of each Pok\u00e9mon\n|rule|Item Clause: Limit one of each item\n|clearpoke\n|poke|p1|Scovillain, L50, F|\n|poke|p1|Maushold-Four, L50|\n|poke|p1|Ceruledge, L50, F|\n|poke|p1|Torkoal, L50, F|\n|poke|p1|Dragapult, L50, M|\n|poke|p1|Scizor, L50, F|\n|poke|p2|Toxicroak, L50, M|\n|poke|p2|Pelipper, L50, F|\n|poke|p2|Raichu, L50, F|\n|poke|p2|Palafin, L50, F|\n|poke|p2|Scizor, L50, F|\n|poke|p2|Hydreigon, L50, F|\n|teampreview|4\nJPJthethe rejected open team sheets.\n|inactive|Battle timer is ON: inactive players will automatically lose when time's up. (requested by JPJthethe)\n|inactive|StormBirdAR!081 has 60 seconds left.\n|inactive|StormBirdAR!081 has 30 seconds left.\n|\n|t:|1683225488\n|start\n|switch|p1a: Torkoal|Torkoal, L50, F|100\/100\n|switch|p1b: Ceruledge|Ceruledge, L50, F|100\/100\n|switch|p2a: Jadon|Pelipper, L50, F|100\/100\n|switch|p2b: Isaac|Palafin, L50, F|100\/100\n|-weather|RainDance|[from] ability: Drizzle|[of] p2a: Jadon\n|-weather|SunnyDay|[from] ability: Drought|[of] p1a: Torkoal\n|turn|1\n|inactive|StormBirdAR!081 has 30 seconds left.\n|\n|t:|1683225517\n|-terastallize|p1b: Ceruledge|Steel\n|move|p2b: Isaac|Flip Turn|p1a: Torkoal\n|-supereffective|p1a: Torkoal\n|-damage|p1a: Torkoal|87\/100\n|\n|t:|1683225527\n|detailschange|p2b: Isaac|Palafin-Hero, L50, F\n|switch|p2b: James|Raichu, L50, F|100\/100|[from] Flip Turn\n|move|p1b: Ceruledge|Swords Dance|p1b: Ceruledge\n|-boost|p1b: Ceruledge|atk|2\n|move|p2a: Jadon|Rain Dance|p2a: Jadon\n|-weather|RainDance\n|move|p1a: Torkoal|Lava Plume|p2b: James|[spread] p2a,p2b\n|-start|p1b: Ceruledge|ability: Flash Fire\n|-resisted|p2a: Jadon\n|-damage|p2a: Jadon|88\/100\n|-damage|p2b: James|75\/100\n|-status|p2a: Jadon|brn\n|-status|p2b: James|brn\n|-enditem|p2b: James|Lum Berry|[eat]\n|-curestatus|p2b: James|brn|[msg]\n|\n|-weather|RainDance|[upkeep]\n|-damage|p2a: Jadon|82\/100 brn|[from] brn\n|upkeep\n|turn|2\n|inactive|StormBirdAR!081 has 30 seconds left.\n|inactive|StormBirdAR!081 has 20 seconds left.\n|\n|t:|1683225566\n|switch|p1a: Scizor|Scizor, L50, F|100\/100\n|move|p1b: Ceruledge|Protect|p1b: Ceruledge\n|-singleturn|p1b: Ceruledge|Protect\n|move|p2b: James|Fake Out|p1b: Ceruledge\n|-activate|p1b: Ceruledge|move: Protect\n|move|p2a: Jadon|Hurricane|p1b: Ceruledge\n|-activate|p1b: Ceruledge|move: Protect\n|\n|-weather|RainDance|[upkeep]\n|-damage|p2a: Jadon|76\/100 brn|[from] brn\n|upkeep\n|turn|3\n|\n|t:|1683225584\n|switch|p1a: Torkoal|Torkoal, L50, F|87\/100\n|-weather|SunnyDay|[from] ability: Drought|[of] p1a: Torkoal\n|move|p1b: Ceruledge|Shadow Sneak|p2b: James\n|-damage|p2b: James|10\/100\n|move|p2b: James|Thunder|p1b: Ceruledge\n|-damage|p1b: Ceruledge|44\/100\n|move|p2a: Jadon|Hurricane|p1a: Torkoal|[miss]\n|-miss|p2a: Jadon|p1a: Torkoal\n|\n|-weather|SunnyDay|[upkeep]\n|-damage|p2a: Jadon|70\/100 brn|[from] brn\n|upkeep\n|turn|4\n|inactive|JPJthethe has 30 seconds left.\n|\n|t:|1683225610\n|switch|p2b: Isaac|Palafin-Hero, L50, F|100\/100\n|-activate|p2b: Isaac|ability: Zero to Hero\n|move|p1b: Ceruledge|Shadow Sneak|p2b: Isaac\n|-damage|p2b: Isaac|64\/100\n|move|p2a: Jadon|Rain Dance|p2a: Jadon\n|-weather|RainDance\n|move|p1a: Torkoal|Ancient Power|p2a: Jadon\n|-supereffective|p2a: Jadon\n|-damage|p2a: Jadon|0 fnt\n|-boost|p1a: Torkoal|atk|1\n|-boost|p1a: Torkoal|def|1\n|-boost|p1a: Torkoal|spa|1\n|-boost|p1a: Torkoal|spd|1\n|-boost|p1a: Torkoal|spe|1\n|faint|p2a: Jadon\n|\n|-weather|RainDance|[upkeep]\n|upkeep\n|\n|t:|1683225620\n|switch|p2a: James|Raichu, L50, F|10\/100\n|turn|5\n|\n|t:|1683225636\n|switch|p1a: Scizor|Scizor, L50, F|100\/100\n|-terastallize|p2b: Isaac|Water\n|move|p1b: Ceruledge|Protect|p1b: Ceruledge\n|-singleturn|p1b: Ceruledge|Protect\n|move|p2a: James|Fake Out|p1b: Ceruledge\n|-activate|p1b: Ceruledge|move: Protect\n|move|p2b: Isaac|Jet Punch|p1a: Scizor\n|-damage|p1a: Scizor|36\/100\n|\n|-weather|RainDance|[upkeep]\n|upkeep\n|turn|6\n|\n|t:|1683225658\n|-end|p1b: Ceruledge|ability: Flash Fire|[silent]\n|switch|p1b: Torkoal|Torkoal, L50, F|87\/100\n|-weather|SunnyDay|[from] ability: Drought|[of] p1b: Torkoal\n|move|p2b: Isaac|Jet Punch|p1b: Torkoal\n|-supereffective|p1b: Torkoal\n|-damage|p1b: Torkoal|55\/100\n|move|p1a: Scizor|Bullet Punch|p2a: James\n|-resisted|p2a: James\n|-crit|p2a: James\n|-damage|p2a: James|0 fnt\n|faint|p2a: James\n|\n|-weather|SunnyDay|[upkeep]\n|upkeep\n|\n|t:|1683225661\n|switch|p2a: Nick(s)|Hydreigon, L50, F|100\/100\n|turn|7\n|inactive|StormBirdAR!081 has 30 seconds left.\n|inactive|StormBirdAR!081 has 20 seconds left.\n|inactive|StormBirdAR!081 has 15 seconds left.\n|\n|t:|1683225703\n|move|p2b: Isaac|Jet Punch|p1b: Torkoal\n|-supereffective|p1b: Torkoal\n|-damage|p1b: Torkoal|21\/100\n|move|p1a: Scizor|Bullet Punch|p2b: Isaac\n|-resisted|p2b: Isaac\n|-damage|p2b: Isaac|49\/100\n|-enditem|p2b: Isaac|Sitrus Berry|[eat]\n|-heal|p2b: Isaac|74\/100|[from] item: Sitrus Berry\n|move|p2a: Nick(s)|Draco Meteor|p1b: Torkoal\n|-damage|p1b: Torkoal|0 fnt\n|-unboost|p2a: Nick(s)|spa|2\n|faint|p1b: Torkoal\n|\n|-weather|SunnyDay|[upkeep]\n|upkeep\n|\n|t:|1683225718\n|switch|p1b: Scovillain|Scovillain, L50, F|100\/100\n|turn|8\n|\n|t:|1683225742\n|move|p1a: Scizor|Protect|p1a: Scizor\n|-singleturn|p1a: Scizor|Protect\n|move|p1b: Scovillain|Spicy Extract|p2a: Nick(s)\n|-boost|p2a: Nick(s)|atk|2\n|-unboost|p2a: Nick(s)|def|2\n|-enditem|p1b: Scovillain|Mirror Herb\n|-boost|p1b: Scovillain|atk|2|[from] item: Mirror Herb\n|move|p2b: Isaac|Outrage|p1a: Scizor\n|-activate|p1a: Scizor|move: Protect\n|move|p2a: Nick(s)|Dark Pulse|p1b: Scovillain\n|-damage|p1b: Scovillain|66\/100\n|\n|-weather|SunnyDay|[upkeep]\n|upkeep\n|turn|9\n|\n|t:|1683225759\n|move|p2b: Isaac|Jet Punch|p1b: Scovillain\n|-damage|p1b: Scovillain|26\/100\n|move|p1a: Scizor|Bullet Punch|p2b: Isaac\n|-resisted|p2b: Isaac\n|-damage|p2b: Isaac|58\/100\n|move|p1b: Scovillain|Razor Leaf|p2b: Isaac|[spread] p2a,p2b\n|-resisted|p2a: Nick(s)\n|-supereffective|p2b: Isaac\n|-damage|p2a: Nick(s)|56\/100\n|-damage|p2b: Isaac|0 fnt\n|faint|p2b: Isaac\n|move|p2a: Nick(s)|Dark Pulse|p1b: Scovillain\n|-damage|p1b: Scovillain|0 fnt\n|faint|p1b: Scovillain\n|\n|-weather|SunnyDay|[upkeep]\n|upkeep\n|\n|t:|1683225776\n|switch|p1b: Ceruledge|Ceruledge, L50, F, tera:Steel|44\/100\n|turn|10\n|\n|t:|1683225788\n|move|p2a: Nick(s)|Protect|p2a: Nick(s)\n|-singleturn|p2a: Nick(s)|Protect\n|move|p1a: Scizor|Bullet Punch|p2a: Nick(s)\n|-activate|p2a: Nick(s)|move: Protect\n|move|p1b: Ceruledge|Bitter Blade|p2a: Nick(s)\n|-activate|p2a: Nick(s)|move: Protect\n|\n|-weather|none\n|upkeep\n|turn|11\n|\n|t:|1683225796\n|move|p1a: Scizor|Bullet Punch|p2a: Nick(s)\n|-damage|p2a: Nick(s)|0 fnt\n|faint|p2a: Nick(s)\n|\n|win|StormBirdAR!081\n|raw|StormBirdAR!081's rating: 1087 → 1110<\/strong> (+23 for winning)\n|raw|JPJthethe's rating: 1040 → 1026<\/strong> (-14 for losing)\n|l|\u2606JPJthethe\n","uploadtime":1683225824,"views":15,"p1id":"stormbirdar081","p2id":"jpjthethe","formatid":"gen9vgc2023regulationc","rating":1026,"private":0,"password":""}