{"id":"gen9vgc2023regulationc-1859053204","p1":"hit my whip","p2":"TGH_sr","format":"[Gen 9] VGC 2023 Regulation C","log":"|j|\u2606hit my whip\n|j|\u2606TGH_sr\n|t:|1683398937\n|gametype|doubles\n|player|p1|hit my whip|acetrainerf-gen4dp|1339\n|player|p2|TGH_sr|steven|1270\n|teamsize|p1|6\n|teamsize|p2|6\n|gen|9\n|tier|[Gen 9] VGC 2023 Regulation C\n|rated|\n|rule|Species Clause: Limit one of each Pok\u00e9mon\n|rule|Item Clause: Limit one of each item\n|clearpoke\n|poke|p1|Pincurchin, L50, M|\n|poke|p1|Iron Jugulis, L50|\n|poke|p1|Tyranitar, L50, M|\n|poke|p1|Iron Thorns, L50|\n|poke|p1|Talonflame, L50, F|\n|poke|p1|Iron Bundle, L50|\n|poke|p2|Talonflame, L50, F|\n|poke|p2|Garchomp, L50, F|\n|poke|p2|Kingambit, L50, M|\n|poke|p2|Iron Bundle, L50|\n|poke|p2|Flutter Mane, L50|\n|poke|p2|Amoonguss, L50, M|\n|teampreview|4\n|inactive|Battle timer is ON: inactive players will automatically lose when time's up. (requested by hit my whip)\nTGH_sr has agreed to open team sheets.\n|inactive|TGH_sr has 60 seconds left.\n|inactive|TGH_sr has 30 seconds left.\n|\n|t:|1683398997\n|start\n|switch|p1a: him|Pincurchin, L50, M|100\/100\n|switch|p1b: Iron Jugulis|Iron Jugulis, L50|100\/100\n|switch|p2a: Kingambit|Kingambit, L50, M|100\/100\n|switch|p2b: Amoonguss|Amoonguss, L50, M|100\/100\n|-fieldstart|move: Electric Terrain|[from] ability: Electric Surge|[of] p1a: him\n|-activate|p1b: Iron Jugulis|ability: Quark Drive\n|-start|p1b: Iron Jugulis|quarkdrivespe\n|turn|1\n|inactive|hit my whip has 30 seconds left.\n|inactive|TGH_sr has 30 seconds left.\n|inactive|hit my whip has 20 seconds left.\n|inactive|TGH_sr has 20 seconds left.\n|\n|t:|1683399035\n|move|p1b: Iron Jugulis|Protect|p1b: Iron Jugulis\n|-singleturn|p1b: Iron Jugulis|Protect\n|move|p2b: Amoonguss|Protect|p2b: Amoonguss\n|-singleturn|p2b: Amoonguss|Protect\n|move|p2a: Kingambit|Swords Dance|p2a: Kingambit\n|-boost|p2a: Kingambit|atk|2\n|move|p1a: him|Wild Charge|p2a: Kingambit\n|-damage|p2a: Kingambit|55\/100\n|-damage|p1a: him|86\/100|[from] Recoil\n|\n|upkeep\n|turn|2\n|inactive|TGH_sr has 30 seconds left.\n|\n|t:|1683399068\n|-terastallize|p1b: Iron Jugulis|Poison\n|move|p2a: Kingambit|Protect|p2a: Kingambit\n|-singleturn|p2a: Kingambit|Protect\n|move|p1b: Iron Jugulis|Air Slash|p2b: Amoonguss\n|-supereffective|p2b: Amoonguss\n|-damage|p2b: Amoonguss|26\/100\n|-enditem|p2b: Amoonguss|Sitrus Berry|[eat]\n|-heal|p2b: Amoonguss|51\/100|[from] item: Sitrus Berry\n|-damage|p1b: Iron Jugulis|91\/100|[from] item: Life Orb\n|move|p2b: Amoonguss|Spore|p1a: him\n|-activate|p1a: him|move: Electric Terrain\n|move|p1a: him|Wild Charge|p2a: Kingambit\n|-activate|p2a: Kingambit|move: Protect\n|\n|upkeep\n|turn|3\n|inactive|TGH_sr has 30 seconds left.\n|\n|t:|1683399101\n|move|p2a: Kingambit|Sucker Punch|p1a: him\n|-damage|p1a: him|0 fnt\n|faint|p1a: him\n|move|p1b: Iron Jugulis|Air Slash|p2b: Amoonguss\n|-supereffective|p2b: Amoonguss\n|-damage|p2b: Amoonguss|0 fnt\n|faint|p2b: Amoonguss\n|-damage|p1b: Iron Jugulis|81\/100|[from] item: Life Orb\n|\n|upkeep\n|\n|t:|1683399111\n|switch|p2b: Talonflame|Talonflame, L50, F|100\/100\n|switch|p1a: Tyranitar|Tyranitar, L50, M|100\/100\n|-weather|Sandstorm|[from] ability: Sand Stream|[of] p1a: Tyranitar\n|turn|4\n|\n|t:|1683399126\n|-terastallize|p2a: Kingambit|Dark\n|move|p2a: Kingambit|Sucker Punch||[still]\n|-fail|p2a: Kingambit\n|move|p1b: Iron Jugulis|Tailwind|p1b: Iron Jugulis\n|-sidestart|p1: hit my whip|move: Tailwind\n|move|p2b: Talonflame|Will-O-Wisp|p1a: Tyranitar\n|-status|p1a: Tyranitar|brn\n|move|p1a: Tyranitar|Low Kick|p2a: Kingambit\n|-supereffective|p2a: Kingambit\n|-damage|p2a: Kingambit|26\/100\n|\n|-weather|Sandstorm|[upkeep]\n|-damage|p1b: Iron Jugulis|75\/100|[from] Sandstorm\n|-damage|p2b: Talonflame|95\/100|[from] Sandstorm\n|-damage|p2a: Kingambit|20\/100|[from] Sandstorm\n|-damage|p1a: Tyranitar|94\/100 brn|[from] brn\n|upkeep\n|turn|5\n|inactive|TGH_sr has 30 seconds left.\n|\n|t:|1683399156\n|move|p2a: Kingambit|Protect|p2a: Kingambit\n|-singleturn|p2a: Kingambit|Protect\n|move|p1b: Iron Jugulis|Dark Pulse|p2b: Talonflame\n|-damage|p2b: Talonflame|35\/100\n|-damage|p1b: Iron Jugulis|65\/100|[from] item: Life Orb\n|move|p2b: Talonflame|Tailwind|p2b: Talonflame\n|-sidestart|p2: TGH_sr|move: Tailwind\n|move|p1a: Tyranitar|Low Kick|p2a: Kingambit\n|-activate|p2a: Kingambit|move: Protect\n|\n|-weather|Sandstorm|[upkeep]\n|-damage|p1b: Iron Jugulis|59\/100|[from] Sandstorm\n|-damage|p2b: Talonflame|29\/100|[from] Sandstorm\n|-damage|p2a: Kingambit|14\/100|[from] Sandstorm\n|-damage|p1a: Tyranitar|88\/100 brn|[from] brn\n|upkeep\n|turn|6\n|inactive|hit my whip has 30 seconds left.\n|inactive|TGH_sr has 30 seconds left.\n|inactive|TGH_sr has 20 seconds left.\n|inactive|TGH_sr has 15 seconds left.\n|\n|t:|1683399199\n|move|p2a: Kingambit|Sucker Punch|p1b: Iron Jugulis\n|-damage|p1b: Iron Jugulis|0 fnt\n|faint|p1b: Iron Jugulis\n|-end|p1b: Iron Jugulis|Quark Drive|[silent]\n|move|p2b: Talonflame|Brave Bird|p1a: Tyranitar\n|-resisted|p1a: Tyranitar\n|-damage|p1a: Tyranitar|73\/100 brn\n|-damage|p2b: Talonflame|23\/100|[from] Recoil\n|move|p1a: Tyranitar|Low Kick|p2a: Kingambit\n|-supereffective|p2a: Kingambit\n|-damage|p2a: Kingambit|0 fnt\n|faint|p2a: Kingambit\n|\n|-weather|Sandstorm|[upkeep]\n|-damage|p2b: Talonflame|18\/100|[from] Sandstorm\n|-damage|p1a: Tyranitar|67\/100 brn|[from] brn\n|upkeep\n|\n|t:|1683399213\n|switch|p1b: ROBOT ROCK|Iron Thorns, L50|100\/100\n|switch|p2a: Garchomp|Garchomp, L50, F|100\/100\n|-activate|p1b: ROBOT ROCK|ability: Quark Drive\n|-start|p1b: ROBOT ROCK|quarkdriveatk\n|turn|7\n|\n|t:|1683399230\n|move|p2b: Talonflame|Will-O-Wisp|p1b: ROBOT ROCK\n|-status|p1b: ROBOT ROCK|brn\n|move|p2a: Garchomp|Earthquake|p1b: ROBOT ROCK|[spread] p1a,p1b\n|-immune|p2b: Talonflame\n|-supereffective|p1a: Tyranitar\n|-supereffective|p1b: ROBOT ROCK\n|-damage|p1a: Tyranitar|0 fnt\n|-damage|p1b: ROBOT ROCK|0 fnt\n|faint|p1a: Tyranitar\n|faint|p1b: ROBOT ROCK\n|-end|p1b: ROBOT ROCK|Quark Drive|[silent]\n|-damage|p2a: Garchomp|91\/100|[from] item: Life Orb\n|\n|win|TGH_sr\n|raw|hit my whip's rating: 1343 → 1319<\/strong> (-24 for losing)\n|raw|TGH_sr's rating: 1270 → 1300<\/strong> (+30 for winning)\n|l|\u2606hit my whip\n","uploadtime":1683399244,"views":21,"p1id":"hitmywhip","p2id":"tghsr","formatid":"gen9vgc2023regulationc","rating":1300,"private":0,"password":""}