{"id":"gen9vgc2023regulationc-1852561905","p1":"AAAlelele","p2":"r3gCt3st","format":"[Gen 9] VGC 2023 Regulation C","log":"|j|\u2606AAAlelele\n|j|\u2606r3gCt3st\n|t:|1682576584\n|gametype|doubles\n|player|p1|AAAlelele|ninjaboy|1242\n|player|p2|r3gCt3st|unknown|1221\n|teamsize|p1|6\n|teamsize|p2|6\n|gen|9\n|tier|[Gen 9] VGC 2023 Regulation C\n|rated|\n|rule|Species Clause: Limit one of each Pok\u00e9mon\n|rule|Item Clause: Limit one of each item\n|clearpoke\n|poke|p1|Great Tusk, L50|\n|poke|p1|Scream Tail, L50|\n|poke|p1|Dragonite, L50, M|\n|poke|p1|Chien-Pao, L50|\n|poke|p1|Corviknight, L50, F|\n|poke|p1|Rotom-Wash, L50|\n|poke|p2|Amoonguss, L50, F|\n|poke|p2|Palafin, L50, M|\n|poke|p2|Arcanine, L50, M|\n|poke|p2|Glimmora, L50, F|\n|poke|p2|Flutter Mane, L50|\n|poke|p2|Kingambit, L50, F|\n|teampreview|4\n|\n|t:|1682576607\n|start\n|switch|p1a: Corviknight|Corviknight, L50, F, shiny|100\/100\n|switch|p1b: Scream Tail|Scream Tail, L50|100\/100\n|switch|p2a: Glimmora|Glimmora, L50, F|100\/100\n|switch|p2b: Palafin|Palafin, L50, M|100\/100\n|-enditem|p1b: Scream Tail|Booster Energy\n|-activate|p1b: Scream Tail|ability: Protosynthesis|[fromitem]\n|-start|p1b: Scream Tail|protosynthesisspe\n|turn|1\n|\n|t:|1682576615\n|move|p2b: Palafin|Protect|p2b: Palafin\n|-singleturn|p2b: Palafin|Protect\n|move|p1b: Scream Tail|Howl|p1b: Scream Tail|[spread] p1a,p1b\n|-boost|p1a: Corviknight|atk|1\n|-boost|p1b: Scream Tail|atk|1\n|move|p2a: Glimmora|Toxic|p1a: Corviknight\n|-status|p1a: Corviknight|tox\n|move|p1a: Corviknight|Bulk Up|p1a: Corviknight\n|-boost|p1a: Corviknight|atk|1\n|-boost|p1a: Corviknight|def|1\n|\n|-damage|p1a: Corviknight|95\/100 tox|[from] psn\n|upkeep\n|turn|2\n|\n|t:|1682576635\n|detailschange|p2b: Palafin|Palafin-Hero, L50, M\n|switch|p2b: Amoonguss|Amoonguss, L50, F|100\/100\n|move|p1b: Scream Tail|Howl|p1b: Scream Tail|[spread] p1a,p1b\n|-boost|p1a: Corviknight|atk|1\n|-boost|p1b: Scream Tail|atk|1\n|move|p2a: Glimmora|Toxic|p1b: Scream Tail\n|-status|p1b: Scream Tail|tox\n|move|p1a: Corviknight|Brave Bird|p2a: Glimmora\n|-resisted|p2a: Glimmora\n|-damage|p2a: Glimmora|50\/100\n|-enditem|p2a: Glimmora|Sitrus Berry|[eat]\n|-heal|p2a: Glimmora|75\/100|[from] item: Sitrus Berry\n|-damage|p1a: Corviknight|79\/100 tox|[from] Recoil\n|\n|-damage|p1b: Scream Tail|95\/100 tox|[from] psn\n|-damage|p1a: Corviknight|67\/100 tox|[from] psn\n|upkeep\n|turn|3\n|\n|t:|1682576651\n|move|p2b: Amoonguss|Protect|p2b: Amoonguss\n|-singleturn|p2b: Amoonguss|Protect\n|move|p1b: Scream Tail|Encore|p2a: Glimmora\n|-start|p2a: Glimmora|Encore\n|move|p2a: Glimmora|Toxic|p1b: Scream Tail\n|-fail|p1b: Scream Tail|tox\n|move|p1a: Corviknight|Brave Bird|p2b: Amoonguss\n|-activate|p2b: Amoonguss|move: Protect\n|\n|-damage|p1b: Scream Tail|83\/100 tox|[from] psn\n|-damage|p1a: Corviknight|50\/100 tox|[from] psn\n|upkeep\n|turn|4\n|\n|t:|1682576676\n|switch|p2b: Flutter Mane|Flutter Mane, L50|100\/100\n|-enditem|p2b: Flutter Mane|Booster Energy\n|-activate|p2b: Flutter Mane|ability: Protosynthesis|[fromitem]\n|-start|p2b: Flutter Mane|protosynthesisspe\n|move|p1b: Scream Tail|Howl|p1b: Scream Tail|[spread] p1a,p1b\n|-boost|p1a: Corviknight|atk|1\n|-boost|p1b: Scream Tail|atk|1\n|move|p2a: Glimmora|Toxic|p1a: Corviknight\n|-fail|p1a: Corviknight|tox\n|move|p1a: Corviknight|Brave Bird|p2b: Flutter Mane\n|-damage|p2b: Flutter Mane|0 fnt\n|faint|p2b: Flutter Mane\n|-end|p2b: Flutter Mane|Protosynthesis|[silent]\n|-damage|p1a: Corviknight|29\/100 tox|[from] Recoil\n|\n|-damage|p1b: Scream Tail|65\/100 tox|[from] psn\n|-damage|p1a: Corviknight|5\/100 tox|[from] psn\n|upkeep\n|\n|t:|1682576691\n|switch|p2b: Amoonguss|Amoonguss, L50, F|100\/100\n|turn|5\n|\n|t:|1682576702\n|-end|p1b: Scream Tail|Protosynthesis|[silent]\n|switch|p1b: Rotom|Rotom-Wash, L50|100\/100\n|move|p2b: Amoonguss|Protect|p2b: Amoonguss\n|-singleturn|p2b: Amoonguss|Protect\n|move|p2a: Glimmora|Toxic|p1a: Corviknight\n|-fail|p1a: Corviknight|tox\n|move|p1a: Corviknight|Roost|p1a: Corviknight\n|-heal|p1a: Corviknight|56\/100 tox\n|-singleturn|p1a: Corviknight|move: Roost\n|\n|-damage|p1a: Corviknight|26\/100 tox|[from] psn\n|-end|p2a: Glimmora|Encore\n|upkeep\n|turn|6\n|\n|t:|1682576716\n|-terastallize|p2a: Glimmora|Grass\n|move|p2b: Amoonguss|Rage Powder|p2b: Amoonguss\n|-singleturn|p2b: Amoonguss|move: Rage Powder\n|move|p1b: Rotom|Hydro Pump|p2b: Amoonguss\n|-resisted|p2b: Amoonguss\n|-damage|p2b: Amoonguss|76\/100\n|move|p2a: Glimmora|Energy Ball|p1b: Rotom\n|-supereffective|p1b: Rotom\n|-damage|p1b: Rotom|0 fnt\n|faint|p1b: Rotom\n|move|p1a: Corviknight|Brave Bird|p2b: Amoonguss\n|-supereffective|p2b: Amoonguss\n|-damage|p2b: Amoonguss|0 fnt\n|-damage|p1a: Corviknight|10\/100 tox|[from] item: Rocky Helmet|[of] p2b: Amoonguss\n|faint|p2b: Amoonguss\n|-damage|p1a: Corviknight|0 fnt|[from] Recoil\n|faint|p1a: Corviknight\n|\n|upkeep\n|\n|t:|1682576730\n|switch|p1b: Dragonite|Dragonite, L50, M|100\/100\n|switch|p1a: Scream Tail|Scream Tail, L50|65\/100 tox\n|switch|p2b: Palafin|Palafin-Hero, L50, M|100\/100\n|-activate|p2b: Palafin|ability: Zero to Hero\n|turn|7\n|\n|t:|1682576744\n|move|p1b: Dragonite|Protect|p1b: Dragonite\n|-singleturn|p1b: Dragonite|Protect\n|move|p2b: Palafin|Jet Punch|p1b: Dragonite\n|-activate|p1b: Dragonite|move: Protect\n|move|p1a: Scream Tail|Howl|p1a: Scream Tail|[spread] p1a,p1b\n|-boost|p1a: Scream Tail|atk|1\n|-boost|p1b: Dragonite|atk|1\n|move|p2a: Glimmora|Power Gem|p1b: Dragonite\n|-activate|p1b: Dragonite|move: Protect\n|\n|-damage|p1a: Scream Tail|59\/100 tox|[from] psn\n|upkeep\n|turn|8\n|inactive|Battle timer is ON: inactive players will automatically lose when time's up. (requested by r3gCt3st)\n|\n|t:|1682576799\n|-terastallize|p1b: Dragonite|Normal\n|move|p1b: Dragonite|Extreme Speed|p2b: Palafin\n|-damage|p2b: Palafin|29\/100\n|move|p2b: Palafin|Jet Punch|p1b: Dragonite\n|-damage|p1b: Dragonite|84\/100\n|move|p1a: Scream Tail|Encore|p2a: Glimmora\n|-start|p2a: Glimmora|Encore\n|move|p2a: Glimmora|Power Gem|p1b: Dragonite\n|-damage|p1b: Dragonite|39\/100\n|\n|-damage|p1a: Scream Tail|47\/100 tox|[from] psn\n|upkeep\n|turn|9\n|inactive|r3gCt3st has 30 seconds left.\n|inactive|r3gCt3st has 20 seconds left.\n|\n|t:|1682576839\n|move|p1b: Dragonite|Extreme Speed|p2b: Palafin\n|-damage|p2b: Palafin|0 fnt\n|faint|p2b: Palafin\n|move|p1a: Scream Tail|Disable|p2a: Glimmora\n|-start|p2a: Glimmora|Disable|Power Gem\n|cant|p2a: Glimmora|Disable|Power Gem\n|\n|-damage|p1a: Scream Tail|29\/100 tox|[from] psn\n|upkeep\n|turn|10\n|c|\u2606r3gCt3st|fuck oifffff\n|c|\u2606r3gCt3st|gg\n|-message|r3gCt3st forfeited.\n|\n|win|AAAlelele\n|raw|AAAlelele's rating: 1242 → 1265<\/strong> (+23 for winning)\n|raw|r3gCt3st's rating: 1221 → 1198<\/strong> (-23 for losing)\n|l|\u2606r3gCt3st\n|l|\u2606AAAlelele\n|j|\u2606AAAlelele\n|player|p1|AAAlelele|ninjaboy\n","uploadtime":1682577068,"views":13,"p1id":"aaalelele","p2id":"r3gct3st","formatid":"gen9vgc2023regulationc","rating":1198,"private":0,"password":""}