{"id":"gen9vgc2023regulationc-1845967701","p1":"Slim reaper 69","p2":"VGC_ale","format":"[Gen 9] VGC 2023 Regulation C","log":"|j|\u2606Slim reaper 69\n|j|\u2606VGC_ale\n|t:|1681785081\n|gametype|doubles\n|player|p1|Slim reaper 69|rood|1411\n|player|p2|VGC_ale|ninjaboy|1510\n|teamsize|p1|6\n|teamsize|p2|6\n|gen|9\n|tier|[Gen 9] VGC 2023 Regulation C\n|rated|\n|rule|Species Clause: Limit one of each Pok\u00e9mon\n|rule|Item Clause: Limit one of each item\n|clearpoke\n|poke|p1|Ting-Lu, L50|\n|poke|p1|Annihilape, L50, F|\n|poke|p1|Arcanine, L50, F|\n|poke|p1|Amoonguss, L50, M|\n|poke|p1|Iron Bundle, L50|\n|poke|p1|Corviknight, L50, F|\n|poke|p2|Great Tusk, L50|\n|poke|p2|Dragonite, L50, F|\n|poke|p2|Chien-Pao, L50|\n|poke|p2|Flutter Mane, L50|\n|poke|p2|Corviknight, L50, F|\n|poke|p2|Rotom-Wash, L50|\n|teampreview|4\nSlim reaper 69 has agreed to open team sheets.\nVGC_ale has agreed to open team sheets.\n|inactive|Battle timer is ON: inactive players will automatically lose when time's up. (requested by Slim reaper 69)\n|inactive|VGC_ale has 60 seconds left.\n|j| sprendergast12\n|inactive|VGC_ale has 30 seconds left.\n|inactive|VGC_ale has 20 seconds left.\n|inactive|VGC_ale has 15 seconds left.\n|inactive|VGC_ale has 10 seconds left.\n|\n|t:|1681785259\n|start\n|switch|p1a: Teddy|Arcanine, L50, F, shiny|100\/100\n|switch|p1b: Gummi|Corviknight, L50, F|100\/100\n|switch|p2a: Corviknight|Corviknight, L50, F, shiny|100\/100\n|switch|p2b: Flutter Mane|Flutter Mane, L50, shiny|100\/100\n|-ability|p1a: Teddy|Intimidate|boost\n|-ability|p2a: Corviknight|Mirror Armor\n|-unboost|p1a: Teddy|atk|1\n|-unboost|p2b: Flutter Mane|atk|1\n|turn|1\n|inactive|VGC_ale has 30 seconds left.\n|\n|t:|1681785293\n|-end|p2b: Flutter Mane|Protosynthesis|[silent]\n|switch|p2b: Rotom|Rotom-Wash, L50|100\/100\n|-terastallize|p2a: Corviknight|Fire\n|move|p1a: Teddy|Flare Blitz|p2b: Rotom\n|-resisted|p2b: Rotom\n|-damage|p2b: Rotom|83\/100\n|-damage|p1a: Teddy|96\/100|[from] Recoil\n|move|p1b: Gummi|Tailwind|p1b: Gummi\n|-sidestart|p1: Slim reaper 69|move: Tailwind\n|move|p2a: Corviknight|Bulk Up|p2a: Corviknight\n|-boost|p2a: Corviknight|atk|1\n|-boost|p2a: Corviknight|def|1\n|\n|upkeep\n|turn|2\n|\n|t:|1681785314\n|switch|p1b: Zuggins|Iron Bundle, L50|100\/100\n|move|p1a: Teddy|Extreme Speed|p2b: Rotom\n|-damage|p2b: Rotom|67\/100\n|move|p2b: Rotom|Volt Switch|p1b: Zuggins\n|-supereffective|p1b: Zuggins\n|-enditem|p1b: Zuggins|Focus Sash\n|-damage|p1b: Zuggins|1\/100\n|\n|t:|1681785325\n|switch|p2b: Dragonite|Dragonite, L50, F|100\/100|[from] Volt Switch\n|move|p2a: Corviknight|Tailwind|p2a: Corviknight\n|-sidestart|p2: VGC_ale|move: Tailwind\n|\n|upkeep\n|turn|3\n|inactive|Slim reaper 69 has 30 seconds left.\n|inactive|Slim reaper 69 has 20 seconds left.\n|inactive|Slim reaper 69 has 15 seconds left.\n|inactive|Slim reaper 69 has 10 seconds left.\n|\n|t:|1681785374\n|-terastallize|p1b: Zuggins|Ghost\n|move|p2b: Dragonite|Protect|p2b: Dragonite\n|-singleturn|p2b: Dragonite|Protect\n|move|p1b: Zuggins|Hydro Pump|p2a: Corviknight\n|-supereffective|p2a: Corviknight\n|-damage|p2a: Corviknight|19\/100\n|move|p1a: Teddy|Will-O-Wisp|p2b: Dragonite\n|-activate|p2b: Dragonite|move: Protect\n|move|p2a: Corviknight|Brave Bird|p1b: Zuggins\n|-damage|p1b: Zuggins|0 fnt\n|faint|p1b: Zuggins\n|-end|p1b: Zuggins|Quark Drive|[silent]\n|-damage|p2a: Corviknight|18\/100|[from] Recoil\n|\n|upkeep\n|\n|t:|1681785386\n|switch|p1b: Mugen|Annihilape, L50, F|100\/100\n|turn|4\n|inactive|VGC_ale has 30 seconds left.\n|\n|t:|1681785411\n|switch|p2b: Rotom|Rotom-Wash, L50|67\/100\n|move|p1b: Mugen|Drain Punch|p2a: Corviknight\n|-damage|p2a: Corviknight|3\/100\n|move|p1a: Teddy|Will-O-Wisp|p2b: Rotom\n|-status|p2b: Rotom|brn\n|move|p2a: Corviknight|Roost|p2a: Corviknight\n|-heal|p2a: Corviknight|54\/100\n|\n|-damage|p2b: Rotom|61\/100 brn|[from] brn\n|-sideend|p1: Slim reaper 69|move: Tailwind\n|upkeep\n|turn|5\n|\n|t:|1681785431\n|move|p2b: Rotom|Protect|p2b: Rotom\n|-singleturn|p2b: Rotom|Protect\n|move|p1a: Teddy|Protect|p1a: Teddy\n|-singleturn|p1a: Teddy|Protect\n|move|p2a: Corviknight|Bulk Up|p2a: Corviknight\n|-boost|p2a: Corviknight|atk|1\n|-boost|p2a: Corviknight|def|1\n|move|p1b: Mugen|Bulk Up|p1b: Mugen\n|-boost|p1b: Mugen|atk|1\n|-boost|p1b: Mugen|def|1\n|\n|-damage|p2b: Rotom|55\/100 brn|[from] brn\n|-sideend|p2: VGC_ale|move: Tailwind\n|upkeep\n|turn|6\n|\n|t:|1681785454\n|move|p1b: Mugen|Bulk Up|p1b: Mugen\n|-boost|p1b: Mugen|atk|1\n|-boost|p1b: Mugen|def|1\n|move|p1a: Teddy|Flare Blitz|p2a: Corviknight\n|-resisted|p2a: Corviknight\n|-damage|p2a: Corviknight|47\/100\n|-damage|p1a: Teddy|93\/100|[from] Recoil\n|move|p2b: Rotom|Volt Switch|p1b: Mugen\n|-damage|p1b: Mugen|79\/100\n|\n|t:|1681785465\n|switch|p2b: Flutter Mane|Flutter Mane, L50, shiny|100\/100|[from] Volt Switch\n|move|p2a: Corviknight|Brave Bird|p1b: Mugen\n|-supereffective|p1b: Mugen\n|-damage|p1b: Mugen|0 fnt\n|faint|p1b: Mugen\n|-damage|p2a: Corviknight|20\/100|[from] Recoil\n|\n|upkeep\n|\n|t:|1681785472\n|switch|p1b: Gummi|Corviknight, L50, F|100\/100\n|turn|7\n|\n|t:|1681785487\n|move|p1a: Teddy|Extreme Speed|p2a: Corviknight\n|-damage|p2a: Corviknight|14\/100\n|move|p2b: Flutter Mane|Shadow Ball|p1b: Gummi\n|-damage|p1b: Gummi|55\/100\n|-damage|p2b: Flutter Mane|91\/100|[from] item: Life Orb\n|move|p1b: Gummi|Brave Bird|p2a: Corviknight\n|-damage|p2a: Corviknight|0 fnt\n|faint|p2a: Corviknight\n|-damage|p1b: Gummi|51\/100|[from] Recoil\n|-damage|p1b: Gummi|41\/100|[from] item: Life Orb\n|\n|upkeep\n|\n|t:|1681785504\n|switch|p2a: Rotom|Rotom-Wash, L50|55\/100 brn\n|turn|8\n|\n|t:|1681785516\n|move|p2b: Flutter Mane|Shadow Ball|p1a: Teddy\n|-damage|p1a: Teddy|46\/100\n|-enditem|p1a: Teddy|Sitrus Berry|[eat]\n|-heal|p1a: Teddy|71\/100|[from] item: Sitrus Berry\n|-damage|p2b: Flutter Mane|82\/100|[from] item: Life Orb\n|move|p1a: Teddy|Flare Blitz|p2b: Flutter Mane\n|-damage|p2b: Flutter Mane|21\/100\n|-damage|p1a: Teddy|56\/100|[from] Recoil\n|move|p2a: Rotom|Thunderbolt|p1b: Gummi\n|-supereffective|p1b: Gummi\n|-damage|p1b: Gummi|0 fnt\n|faint|p1b: Gummi\n|\n|-damage|p2a: Rotom|49\/100 brn|[from] brn\n|upkeep\n|-enditem|p2a: Rotom|Sitrus Berry|[eat]\n|-heal|p2a: Rotom|74\/100 brn|[from] item: Sitrus Berry\n|turn|9\n|l| sprendergast12\n|\n|t:|1681785531\n|move|p2b: Flutter Mane|Shadow Ball|p1a: Teddy\n|-damage|p1a: Teddy|11\/100\n|-damage|p2b: Flutter Mane|12\/100|[from] item: Life Orb\n|move|p1a: Teddy|Flare Blitz|p2b: Flutter Mane\n|-damage|p2b: Flutter Mane|0 fnt\n|faint|p2b: Flutter Mane\n|-end|p2b: Flutter Mane|Protosynthesis|[silent]\n|-damage|p1a: Teddy|9\/100|[from] Recoil\n|move|p2a: Rotom|Hydro Pump|p1a: Teddy|[miss]\n|-miss|p2a: Rotom|p1a: Teddy\n|\n|-damage|p2a: Rotom|68\/100 brn|[from] brn\n|upkeep\n|\n|t:|1681785542\n|switch|p2b: Dragonite|Dragonite, L50, F|100\/100\n|turn|10\n|\n|t:|1681785549\n|move|p1a: Teddy|Extreme Speed|p2a: Rotom\n|-damage|p2a: Rotom|52\/100 brn\n|move|p2b: Dragonite|Extreme Speed|p1a: Teddy\n|-damage|p1a: Teddy|0 fnt\n|faint|p1a: Teddy\n|\n|win|VGC_ale\n|raw|Slim reaper 69's rating: 1411 → 1397<\/strong> (-14 for losing)\n|raw|VGC_ale's rating: 1510 → 1524<\/strong> (+14 for winning)\n","uploadtime":1681785560,"views":5,"p1id":"slimreaper69","p2id":"vgcale","formatid":"gen9vgc2023regulationc","rating":1397,"private":0,"password":""}