{"id":"gen9vgc2023regulationc-1850919886","p1":"ff1408","p2":"c_uncaged","format":"[Gen 9] VGC 2023 Regulation C","log":"|j|\u2606ff1408\n|j|\u2606c_uncaged\n|t:|1682382363\n|gametype|doubles\n|player|p1|ff1408|169|1154\n|player|p2|c_uncaged|will|1213\n|teamsize|p1|6\n|teamsize|p2|6\n|gen|9\n|tier|[Gen 9] VGC 2023 Regulation C\n|rated|\n|rule|Species Clause: Limit one of each Pok\u00e9mon\n|rule|Item Clause: Limit one of each item\n|clearpoke\n|poke|p1|Ting-Lu, L50|\n|poke|p1|Flutter Mane, L50|\n|poke|p1|Amoonguss, L50, M|\n|poke|p1|Arcanine, L50, F|\n|poke|p1|Palafin, L50, F|\n|poke|p1|Roaring Moon, L50|\n|poke|p2|Flutter Mane, L50|\n|poke|p2|Chi-Yu, L50|\n|poke|p2|Glimmora, L50, F|\n|poke|p2|Wo-Chien, L50|\n|poke|p2|Dondozo, L50, M|\n|poke|p2|Tatsugiri-Droopy, L50, F|\n|teampreview|4\n|\n|t:|1682382428\n|start\n|switch|p1a: Flutter Mane|Flutter Mane, L50|100\/100\n|switch|p1b: Palafin|Palafin, L50, F|100\/100\n|switch|p2a: Ribbons|Flutter Mane, L50|100\/100\n|switch|p2b: Finding Nemo|Chi-Yu, L50|100\/100\n|-ability|p2b: Finding Nemo|Beads of Ruin\n|turn|1\n|inactive|Battle timer is ON: inactive players will automatically lose when time's up. (requested by ff1408)\n|\n|t:|1682382459\n|move|p2a: Ribbons|Shadow Ball|p1a: Flutter Mane\n|-supereffective|p1a: Flutter Mane\n|-damage|p1a: Flutter Mane|0 fnt\n|faint|p1a: Flutter Mane\n|-end|p1a: Flutter Mane|Protosynthesis|[silent]\n|move|p2b: Finding Nemo|Heat Wave|p1b: Palafin\n|-resisted|p1b: Palafin\n|-damage|p1b: Palafin|56\/100\n|move|p1b: Palafin|Wave Crash|p2b: Finding Nemo\n|-supereffective|p2b: Finding Nemo\n|-enditem|p2b: Finding Nemo|Focus Sash\n|-damage|p2b: Finding Nemo|1\/100\n|-damage|p1b: Palafin|35\/100|[from] Recoil\n|\n|upkeep\n|\n|t:|1682382473\n|switch|p1a: Arcanine|Arcanine, L50, F|100\/100\n|-ability|p1a: Arcanine|Intimidate|boost\n|-unboost|p2a: Ribbons|atk|1\n|-unboost|p2b: Finding Nemo|atk|1\n|turn|2\n|\n|t:|1682382482\n|detailschange|p1b: Palafin|Palafin-Hero, L50, F\n|switch|p1b: Ting-Lu|Ting-Lu, L50|100\/100\n|-ability|p1b: Ting-Lu|Vessel of Ruin\n|move|p2b: Finding Nemo|Protect|p2b: Finding Nemo\n|-singleturn|p2b: Finding Nemo|Protect\n|move|p1a: Arcanine|Extreme Speed|p2b: Finding Nemo\n|-activate|p2b: Finding Nemo|move: Protect\n|move|p2a: Ribbons|Shadow Ball|p1b: Ting-Lu\n|-resisted|p1b: Ting-Lu\n|-damage|p1b: Ting-Lu|86\/100\n|\n|upkeep\n|turn|3\n|\n|t:|1682382506\n|-end|p2a: Ribbons|Protosynthesis|[silent]\n|switch|p2a: Centrifuge|Glimmora, L50, F|100\/100\n|switch|p2b: Back Yard|Wo-Chien, L50|100\/100\n|-ability|p2b: Back Yard|Tablets of Ruin\n|move|p1a: Arcanine|Extreme Speed|p2b: Back Yard\n|-damage|p2b: Back Yard|88\/100\n|move|p1b: Ting-Lu|Fissure|p2a: Centrifuge|[miss]\n|-miss|p1b: Ting-Lu|p2a: Centrifuge\n|\n|upkeep\n|turn|4\n|\n|t:|1682382528\n|-terastallize|p2b: Back Yard|Poison\n|move|p2a: Centrifuge|Mortal Spin|p1b: Ting-Lu|[spread] p1a,p1b\n|-resisted|p1b: Ting-Lu\n|-damage|p1a: Arcanine|97\/100\n|-damage|p1b: Ting-Lu|86\/100\n|-status|p1a: Arcanine|psn\n|-status|p1b: Ting-Lu|psn\n|move|p1a: Arcanine|Flare Blitz|p2b: Back Yard\n|-damage|p2b: Back Yard|59\/100\n|-damage|p1a: Arcanine|88\/100 psn|[from] Recoil\n|move|p2b: Back Yard|Leech Seed|p1b: Ting-Lu\n|-start|p1b: Ting-Lu|move: Leech Seed\n|move|p1b: Ting-Lu|Stomping Tantrum|p2a: Centrifuge\n|-supereffective|p2a: Centrifuge\n|-damage|p2a: Centrifuge|0 fnt\n|faint|p2a: Centrifuge\n|\n|-damage|p1b: Ting-Lu|73\/100 psn|[from] Leech Seed|[of] p2b: Back Yard\n|-heal|p2b: Back Yard|74\/100|[silent]\n|-damage|p1a: Arcanine|75\/100 psn|[from] psn\n|-damage|p1b: Ting-Lu|61\/100 psn|[from] psn\n|upkeep\n|\n|t:|1682382548\n|switch|p2a: Ribbons|Flutter Mane, L50|100\/100\n|turn|5\n|inactive|ff1408 has 30 seconds left.\n|\n|t:|1682382574\n|move|p2b: Back Yard|Protect|p2b: Back Yard\n|-singleturn|p2b: Back Yard|Protect\n|move|p2a: Ribbons|Dazzling Gleam|p1a: Arcanine|[spread] p1a,p1b\n|-resisted|p1a: Arcanine\n|-supereffective|p1b: Ting-Lu\n|-damage|p1a: Arcanine|55\/100 psn\n|-damage|p1b: Ting-Lu|25\/100 psn\n|move|p1a: Arcanine|Flare Blitz|p2b: Back Yard\n|-activate|p2b: Back Yard|move: Protect\n|move|p1b: Ting-Lu|Heavy Slam|p2a: Ribbons\n|-supereffective|p2a: Ribbons\n|-damage|p2a: Ribbons|0 fnt\n|faint|p2a: Ribbons\n|-end|p2a: Ribbons|Protosynthesis|[silent]\n|\n|-damage|p1b: Ting-Lu|12\/100 psn|[from] Leech Seed|[of] p2b: Back Yard\n|-heal|p2b: Back Yard|90\/100|[silent]\n|-damage|p1a: Arcanine|43\/100 psn|[from] psn\n|-damage|p1b: Ting-Lu|0 fnt|[from] psn\n|faint|p1b: Ting-Lu\n|upkeep\n|\n|t:|1682382591\n|switch|p2a: Finding Nemo|Chi-Yu, L50|1\/100\n|switch|p1b: Palafin|Palafin-Hero, L50, F|35\/100\n|-ability|p2a: Finding Nemo|Beads of Ruin\n|-activate|p1b: Palafin|ability: Zero to Hero\n|turn|6\n|\n|t:|1682382610\n|-terastallize|p1b: Palafin|Water\n|move|p2a: Finding Nemo|Protect|p2a: Finding Nemo\n|-singleturn|p2a: Finding Nemo|Protect\n|move|p1a: Arcanine|Flare Blitz|p2b: Back Yard\n|-damage|p2b: Back Yard|61\/100\n|-damage|p1a: Arcanine|33\/100 psn|[from] Recoil\n|move|p1b: Palafin|Wave Crash|p2b: Back Yard\n|-damage|p2b: Back Yard|0 fnt\n|faint|p2b: Back Yard\n|-damage|p1b: Palafin|16\/100|[from] Recoil\n|\n|-damage|p1a: Arcanine|21\/100 psn|[from] psn\n|upkeep\n|turn|7\n|\n|t:|1682382633\n|move|p1a: Arcanine|Extreme Speed|p2a: Finding Nemo\n|-damage|p2a: Finding Nemo|0 fnt\n|faint|p2a: Finding Nemo\n|\n|win|ff1408\n|raw|ff1408's rating: 1154 → 1183<\/strong> (+29 for winning)\n|raw|c_uncaged's rating: 1213 → 1184<\/strong> (-29 for losing)\n|l|\u2606c_uncaged\n","uploadtime":1682382643,"views":10,"p1id":"ff1408","p2id":"cuncaged","formatid":"gen9vgc2023regulationc","rating":1183,"private":0,"password":""}