{"id":"gen9vgc2023regulationc-1863510114","p1":"tigato","p2":"Philzkidd","format":"[Gen 9] VGC 2023 Regulation C","log":"|j|\u2606tigato\n|j|\u2606Philzkidd\n|t:|1684027255\n|gametype|doubles\n|player|p1|tigato|drayden|1034\n|player|p2|Philzkidd|169|1091\n|teamsize|p1|6\n|teamsize|p2|6\n|gen|9\n|tier|[Gen 9] VGC 2023 Regulation C\n|rated|\n|rule|Species Clause: Limit one of each Pok\u00e9mon\n|rule|Item Clause: Limit one of each item\n|clearpoke\n|poke|p1|Tyranitar, L50, M|\n|poke|p1|Grimmsnarl, L50, M|\n|poke|p1|Maushold, L50|\n|poke|p1|Amoonguss, L50, M|\n|poke|p1|Gholdengo, L50|\n|poke|p1|Garchomp, L50, M|\n|poke|p2|Kingambit, L50, M|\n|poke|p2|Brute Bonnet, L50|\n|poke|p2|Flutter Mane, L50|\n|poke|p2|Chien-Pao, L50|\n|poke|p2|Gyarados, L50, M|\n|poke|p2|Dragonite, L50, M|\n|teampreview|4\nPhilzkidd has agreed to open team sheets.\n|inactive|Battle timer is ON: inactive players will automatically lose when time's up. (requested by Philzkidd)\n|l|\u2606tigato\n|inactive|tigato disconnected and has a minute to reconnect!\n|player|p1|\n|inactive|tigato has 30 seconds to reconnect!\n|inactive|tigato has 20 seconds to reconnect!\n|j|\u2606tigato\n|inactive|tigato reconnected and has 40 seconds left.\n|player|p1|tigato|drayden\n|inactive|tigato has 30 seconds left.\n|\n|t:|1684027430\n|start\n|switch|p1a: Tyranitar|Tyranitar, L50, M|100\/100\n|switch|p1b: Grimmsnarl|Grimmsnarl, L50, M|100\/100\n|switch|p2a: Dragonite|Dragonite, L50, M|100\/100\n|switch|p2b: Gyarados|Gyarados, L50, M|100\/100\n|-ability|p2b: Gyarados|Intimidate|boost\n|-unboost|p1a: Tyranitar|atk|1\n|-unboost|p1b: Grimmsnarl|atk|1\n|-weather|Sandstorm|[from] ability: Sand Stream|[of] p1a: Tyranitar\n|-item|p1b: Grimmsnarl|Air Balloon\n|turn|1\n|inactive|tigato has 30 seconds left.\n|inactive|Philzkidd has 30 seconds left.\n|inactive|Philzkidd has 20 seconds left.\n|inactive|Philzkidd has 15 seconds left.\n|\n|t:|1684027474\n|-terastallize|p1a: Tyranitar|Rock\n|move|p1b: Grimmsnarl|Fake Out|p2a: Dragonite\n|-damage|p2a: Dragonite|97\/100\n|move|p2b: Gyarados|Taunt|p1b: Grimmsnarl\n|-start|p1b: Grimmsnarl|move: Taunt\n|cant|p2a: Dragonite|flinch\n|move|p1a: Tyranitar|Rock Slide|p2a: Dragonite|[spread] p2a,p2b\n|-supereffective|p2a: Dragonite\n|-supereffective|p2b: Gyarados\n|-damage|p2a: Dragonite|43\/100\n|-damage|p2b: Gyarados|44\/100\n|-enditem|p2b: Gyarados|Sitrus Berry|[eat]\n|-heal|p2b: Gyarados|69\/100|[from] item: Sitrus Berry\n|\n|-weather|Sandstorm|[upkeep]\n|-damage|p2b: Gyarados|63\/100|[from] Sandstorm\n|-damage|p2a: Dragonite|37\/100|[from] Sandstorm\n|-damage|p1b: Grimmsnarl|95\/100|[from] Sandstorm\n|upkeep\n|turn|2\n|inactive|tigato has 30 seconds left.\n|inactive|Philzkidd has 30 seconds left.\n|\n|t:|1684027503\n|switch|p2a: Kingambit|Kingambit, L50, M|100\/100\n|switch|p1b: Maushold|Maushold, L50|100\/100\n|move|p2b: Gyarados|Waterfall|p1a: Tyranitar\n|-supereffective|p1a: Tyranitar\n|-damage|p1a: Tyranitar|61\/100\n|move|p1a: Tyranitar|Rock Slide|p2a: Kingambit|[spread] p2a,p2b\n|-resisted|p2a: Kingambit\n|-supereffective|p2b: Gyarados\n|-damage|p2a: Kingambit|89\/100\n|-damage|p2b: Gyarados|5\/100\n|\n|-weather|Sandstorm|[upkeep]\n|-damage|p1b: Maushold|94\/100|[from] Sandstorm\n|-damage|p2b: Gyarados|0 fnt|[from] Sandstorm\n|faint|p2b: Gyarados\n|upkeep\n|\n|t:|1684027517\n|switch|p2b: Chien-Pao|Chien-Pao, L50|100\/100\n|-ability|p2b: Chien-Pao|Sword of Ruin\n|turn|3\n|\n|t:|1684027532\n|move|p2b: Chien-Pao|Protect|p2b: Chien-Pao\n|-singleturn|p2b: Chien-Pao|Protect\n|move|p1b: Maushold|Follow Me|p1b: Maushold\n|-singleturn|p1b: Maushold|move: Follow Me\n|move|p1a: Tyranitar|Rock Slide|p2a: Kingambit|[spread] p2a\n|-activate|p2b: Chien-Pao|move: Protect\n|-resisted|p2a: Kingambit\n|-damage|p2a: Kingambit|74\/100\n|cant|p2a: Kingambit|flinch\n|\n|-weather|Sandstorm|[upkeep]\n|-damage|p2b: Chien-Pao|95\/100|[from] Sandstorm\n|-damage|p1b: Maushold|88\/100|[from] Sandstorm\n|upkeep\n|turn|4\n|\n|t:|1684027553\n|move|p1b: Maushold|Protect|p1b: Maushold\n|-singleturn|p1b: Maushold|Protect\n|move|p2b: Chien-Pao|Ice Spinner|p1a: Tyranitar\n|-damage|p1a: Tyranitar|32\/100\n|move|p1a: Tyranitar|Earthquake|p2a: Kingambit|[spread] p2a,p2b\n|-activate|p1b: Maushold|move: Protect\n|-supereffective|p2a: Kingambit\n|-damage|p2a: Kingambit|30\/100\n|-damage|p2b: Chien-Pao|65\/100\n|move|p2a: Kingambit|Swords Dance|p2a: Kingambit\n|-boost|p2a: Kingambit|atk|2\n|\n|-weather|Sandstorm|[upkeep]\n|-damage|p2b: Chien-Pao|59\/100|[from] Sandstorm\n|-damage|p1b: Maushold|82\/100|[from] Sandstorm\n|upkeep\n|turn|5\n|inactive|tigato has 30 seconds left.\n|\n|t:|1684027579\n|-terastallize|p2a: Kingambit|Dark\n|move|p1b: Maushold|Follow Me|p1b: Maushold\n|-singleturn|p1b: Maushold|move: Follow Me\n|move|p2b: Chien-Pao|Ice Spinner|p1b: Maushold\n|-damage|p1b: Maushold|28\/100\n|-enditem|p1b: Maushold|Red Card|[of] p2b: Chien-Pao\n|drag|p2b: Dragonite|Dragonite, L50, M|37\/100\n|move|p1a: Tyranitar|Earthquake|p2a: Kingambit|[spread] p1b,p2a\n|-immune|p2b: Dragonite\n|-damage|p1b: Maushold|6\/100\n|-damage|p2a: Kingambit|14\/100\n|move|p2a: Kingambit|Kowtow Cleave|p1b: Maushold\n|-damage|p1b: Maushold|0 fnt\n|faint|p1b: Maushold\n|\n|-weather|none\n|upkeep\n|\n|t:|1684027598\n|switch|p1b: Grimmsnarl|Grimmsnarl, L50, M|95\/100\n|-item|p1b: Grimmsnarl|Air Balloon\n|turn|6\n|\n|t:|1684027610\n|move|p1b: Grimmsnarl|Fake Out|p2b: Dragonite\n|-damage|p2b: Dragonite|26\/100\n|cant|p2b: Dragonite|flinch\n|move|p1a: Tyranitar|Rock Slide|p2b: Dragonite|[spread] p2a,p2b\n|-supereffective|p2b: Dragonite\n|-damage|p2a: Kingambit|0 fnt\n|-damage|p2b: Dragonite|0 fnt\n|faint|p2a: Kingambit\n|-end|p2a: Kingambit|fallenundefined|[silent]\n|faint|p2b: Dragonite\n|\n|upkeep\n|inactive|Philzkidd has 30 seconds left.\n|inactive|Philzkidd has 20 seconds left.\n|\n|t:|1684027646\n|switch|p2b: Chien-Pao|Chien-Pao, L50|59\/100\n|-ability|p2b: Chien-Pao|Sword of Ruin\n|turn|7\n|\n|t:|1684027659\n|switch|p1a: Gholdengo|Gholdengo, L50|100\/100\n|move|p1b: Grimmsnarl|Thunder Wave|p2b: Chien-Pao\n|-hint|Since gen 7, Dark is immune to Prankster moves.\n|-immune|p2b: Chien-Pao\n|move|p2b: Chien-Pao|Ice Spinner|p1a: Gholdengo\n|-resisted|p1a: Gholdengo\n|-damage|p1a: Gholdengo|77\/100\n|\n|-heal|p1a: Gholdengo|83\/100|[from] item: Leftovers\n|upkeep\n|turn|8\n|\n|t:|1684027676\n|move|p2b: Chien-Pao|Sucker Punch|p1a: Gholdengo\n|-supereffective|p1a: Gholdengo\n|-damage|p1a: Gholdengo|0 fnt\n|faint|p1a: Gholdengo\n|move|p1b: Grimmsnarl|Reflect|p1b: Grimmsnarl\n|-sidestart|p1: tigato|Reflect\n|\n|upkeep\n|\n|t:|1684027682\n|switch|p1a: Tyranitar|Tyranitar, L50, M, tera:Rock|32\/100\n|-weather|Sandstorm|[from] ability: Sand Stream|[of] p1a: Tyranitar\n|turn|9\n|\n|t:|1684027694\n|move|p1b: Grimmsnarl|Thunder Wave|p2b: Chien-Pao\n|-hint|Since gen 7, Dark is immune to Prankster moves.\n|-immune|p2b: Chien-Pao\n|move|p2b: Chien-Pao|Ice Spinner|p1a: Tyranitar\n|-damage|p1a: Tyranitar|3\/100\n|move|p1a: Tyranitar|Rock Slide|p2b: Chien-Pao|[miss]\n|-miss|p1a: Tyranitar|p2b: Chien-Pao\n|\n|-weather|Sandstorm|[upkeep]\n|-damage|p2b: Chien-Pao|53\/100|[from] Sandstorm\n|-damage|p1b: Grimmsnarl|89\/100|[from] Sandstorm\n|upkeep\n|turn|10\n|inactive|tigato has 30 seconds left.\n|inactive|tigato has 20 seconds left.\n|inactive|tigato has 15 seconds left.\n|\n|t:|1684027735\n|move|p2b: Chien-Pao|Sucker Punch|p1a: Tyranitar\n|-damage|p1a: Tyranitar|0 fnt\n|faint|p1a: Tyranitar\n|move|p1b: Grimmsnarl|Parting Shot|p2b: Chien-Pao\n|-hint|Since gen 7, Dark is immune to Prankster moves.\n|-immune|p2b: Chien-Pao\n|\n|-weather|Sandstorm|[upkeep]\n|-damage|p2b: Chien-Pao|48\/100|[from] Sandstorm\n|-damage|p1b: Grimmsnarl|83\/100|[from] Sandstorm\n|upkeep\n|turn|11\n|-message|tigato forfeited.\n|\n|win|Philzkidd\n|raw|tigato's rating: 1034 → 1021<\/strong> (-13 for losing)\n|raw|Philzkidd's rating: 1091 → 1113<\/strong> (+22 for winning)\n|l|\u2606tigato\n","uploadtime":1684027761,"views":8,"p1id":"tigato","p2id":"philzkidd","formatid":"gen9vgc2023regulationc","rating":1021,"private":0,"password":""}