{"id":"gen9vgc2023regulationc-1845971443","p1":"Vulnerarily","p2":"Galuk","format":"[Gen 9] VGC 2023 Regulation C","log":"|j|\u2606Vulnerarily\n|j|\u2606Galuk\n|t:|1681785570\n|gametype|doubles\n|player|p1|Vulnerarily|2|1363\n|player|p2|Galuk|norman|1374\n|teamsize|p1|6\n|teamsize|p2|6\n|gen|9\n|tier|[Gen 9] VGC 2023 Regulation C\n|rated|\n|rule|Species Clause: Limit one of each Pok\u00e9mon\n|rule|Item Clause: Limit one of each item\n|clearpoke\n|poke|p1|Lilligant, L50, F|\n|poke|p1|Torkoal, L50, M|\n|poke|p1|Flutter Mane, L50|\n|poke|p1|Great Tusk, L50|\n|poke|p1|Chien-Pao, L50|\n|poke|p1|Dragonite, L50, M|\n|poke|p2|Ting-Lu, L50|\n|poke|p2|Flutter Mane, L50|\n|poke|p2|Arcanine, L50, M|\n|poke|p2|Dragonite, L50, F|\n|poke|p2|Tatsugiri, L50, F|\n|poke|p2|Dondozo, L50, M|\n|teampreview|4\nVulnerarily has agreed to open team sheets.\n|inactive|Battle timer is ON: inactive players will automatically lose when time's up. (requested by Vulnerarily)\nGaluk has agreed to open team sheets.\n|inactive|Galuk has 60 seconds left.\n|c|\u2606Vulnerarily|glhf\n|c|\u2606Galuk|gl hf\n|\n|t:|1681785623\n|start\n|switch|p1a: Lilligant|Lilligant, L50, F|100\/100\n|switch|p1b: Torkoal|Torkoal, L50, M|100\/100\n|switch|p2a: Droganite|Dragonite, L50, F|100\/100\n|switch|p2b: Sabueso de Lava|Arcanine, L50, M, shiny|100\/100\n|-ability|p2b: Sabueso de Lava|Intimidate|boost\n|-unboost|p1a: Lilligant|atk|1\n|-unboost|p1b: Torkoal|atk|1\n|-weather|SunnyDay|[from] ability: Drought|[of] p1b: Torkoal\n|turn|1\n|\n|t:|1681785642\n|-terastallize|p2a: Droganite|Normal\n|move|p1a: Lilligant|Protect|p1a: Lilligant\n|-singleturn|p1a: Lilligant|Protect\n|move|p2a: Droganite|Extreme Speed|p1a: Lilligant\n|-activate|p1a: Lilligant|move: Protect\n|move|p2b: Sabueso de Lava|Howl|p2b: Sabueso de Lava|[spread] p2a,p2b\n|-boost|p2a: Droganite|atk|1\n|-boost|p2b: Sabueso de Lava|atk|1\n|move|p1b: Torkoal|Earth Power|p2b: Sabueso de Lava\n|-supereffective|p2b: Sabueso de Lava\n|-damage|p2b: Sabueso de Lava|47\/100\n|\n|-weather|SunnyDay|[upkeep]\n|upkeep\n|turn|2\n|\n|t:|1681785660\n|-terastallize|p1b: Torkoal|Fire\n|move|p2b: Sabueso de Lava|Extreme Speed|p1b: Torkoal\n|-damage|p1b: Torkoal|71\/100\n|move|p2a: Droganite|Extreme Speed|p1a: Lilligant\n|-damage|p1a: Lilligant|0 fnt\n|faint|p1a: Lilligant\n|move|p1b: Torkoal|Eruption|p2a: Droganite|[spread] p2a,p2b\n|-resisted|p2b: Sabueso de Lava\n|-damage|p2a: Droganite|65\/100\n|-damage|p2b: Sabueso de Lava|3\/100\n|\n|-weather|SunnyDay|[upkeep]\n|upkeep\n|\n|t:|1681785672\n|switch|p1a: Chien-Pao|Chien-Pao, L50|100\/100\n|-ability|p1a: Chien-Pao|Sword of Ruin\n|turn|3\n|\n|t:|1681785684\n|move|p1a: Chien-Pao|Protect|p1a: Chien-Pao\n|-singleturn|p1a: Chien-Pao|Protect\n|move|p2b: Sabueso de Lava|Extreme Speed|p1a: Chien-Pao\n|-activate|p1a: Chien-Pao|move: Protect\n|move|p2a: Droganite|Extreme Speed|p1b: Torkoal\n|-damage|p1b: Torkoal|0 fnt\n|faint|p1b: Torkoal\n|\n|-weather|SunnyDay|[upkeep]\n|upkeep\n|\n|t:|1681785691\n|switch|p1b: Great Tusk|Great Tusk, L50|100\/100\n|-activate|p1b: Great Tusk|ability: Protosynthesis\n|-start|p1b: Great Tusk|protosynthesisatk\n|turn|4\n|\n|t:|1681785700\n|move|p2b: Sabueso de Lava|Extreme Speed|p1a: Chien-Pao\n|-damage|p1a: Chien-Pao|47\/100\n|move|p2a: Droganite|Extreme Speed|p1a: Chien-Pao\n|-damage|p1a: Chien-Pao|0 fnt\n|faint|p1a: Chien-Pao\n|move|p1b: Great Tusk|Rock Slide|p2a: Droganite|[spread] p2a,p2b\n|-supereffective|p2b: Sabueso de Lava\n|-crit|p2b: Sabueso de Lava\n|-damage|p2a: Droganite|35\/100\n|-damage|p2b: Sabueso de Lava|0 fnt\n|faint|p2b: Sabueso de Lava\n|\n|-weather|SunnyDay|[upkeep]\n|upkeep\n|\n|t:|1681785713\n|switch|p2b: El Gran Pez|Dondozo, L50, M|100\/100\n|turn|5\n|\n|t:|1681785720\n|switch|p2a: Bako Kuri|Tatsugiri, L50, F|100\/100\n|-activate|p2a: Bako Kuri|ability: Commander|[of] p2b: El Gran Pez\n|-boost|p2b: El Gran Pez|atk|2\n|-boost|p2b: El Gran Pez|spa|2\n|-boost|p2b: El Gran Pez|spe|2\n|-boost|p2b: El Gran Pez|def|2\n|-boost|p2b: El Gran Pez|spd|2\n|move|p1b: Great Tusk|Rock Slide|p2b: El Gran Pez|[spread] p2b\n|-miss|p1b: Great Tusk|p2a: Bako Kuri\n|-damage|p2b: El Gran Pez|90\/100\n|move|p2b: El Gran Pez|Wave Crash|p1b: Great Tusk\n|-supereffective|p1b: Great Tusk\n|-damage|p1b: Great Tusk|19\/100\n|-damage|p2b: El Gran Pez|68\/100|[from] Recoil\n|\n|-weather|none\n|-end|p1b: Great Tusk|Protosynthesis\n|-heal|p2b: El Gran Pez|74\/100|[from] item: Leftovers\n|upkeep\n|turn|6\n|\n|t:|1681785737\n|move|p1b: Great Tusk|Rock Slide|p2a: Bako Kuri|[spread] p2b\n|-miss|p1b: Great Tusk|p2a: Bako Kuri\n|-damage|p2b: El Gran Pez|66\/100\n|move|p2b: El Gran Pez|Wave Crash|p1b: Great Tusk\n|-supereffective|p1b: Great Tusk\n|-damage|p1b: Great Tusk|0 fnt\n|faint|p1b: Great Tusk\n|-end|p1b: Great Tusk|Protosynthesis|[silent]\n|-damage|p2b: El Gran Pez|61\/100|[from] Recoil\n|\n|win|Galuk\n|raw|Vulnerarily's rating: 1363 → 1344<\/strong> (-19 for losing)\n|raw|Galuk's rating: 1374 → 1393<\/strong> (+19 for winning)\n|c|\u2606Vulnerarily|gg\n","uploadtime":1681785744,"views":4,"p1id":"vulnerarily","p2id":"galuk","formatid":"gen9vgc2023regulationc","rating":1344,"private":0,"password":""}