{"id":"gen9vgc2023regulationc-1857565103","p1":"haha you rage quit","p2":"VGCTitus","format":"[Gen 9] VGC 2023 Regulation C","log":"|j|\u2606haha you rage quit\n|j|\u2606VGCTitus\n|t:|1683208746\n|gametype|doubles\n|player|p1|haha you rage quit|pokemaniac|1222\n|player|p2|VGCTitus|bugcatcher-gen4dp|1231\n|teamsize|p1|6\n|teamsize|p2|6\n|gen|9\n|tier|[Gen 9] VGC 2023 Regulation C\n|rated|\n|rule|Species Clause: Limit one of each Pok\u00e9mon\n|rule|Item Clause: Limit one of each item\n|clearpoke\n|poke|p1|Palafin, L50, M|\n|poke|p1|Iron Bundle, L50|\n|poke|p1|Murkrow, L50, M|\n|poke|p1|Azumarill, L50, M|\n|poke|p1|Amoonguss, L50, M|\n|poke|p1|Iron Hands, L50|\n|poke|p2|Annihilape, L50, F|\n|poke|p2|Garganacl, L50, M|\n|poke|p2|Maushold-Four, L50|\n|poke|p2|Gyarados, L50, M|\n|poke|p2|Flutter Mane, L50|\n|poke|p2|Chi-Yu, L50|\n|teampreview|4\n|inactive|Battle timer is ON: inactive players will automatically lose when time's up. (requested by VGCTitus)\n|inactive|VGCTitus has 60 seconds left.\n|\n|t:|1683208782\n|start\n|switch|p1a: Palafin|Palafin, L50, M|100\/100\n|switch|p1b: Murkrow|Murkrow, L50, M|100\/100\n|switch|p2a: Chi-Yu|Chi-Yu, L50|100\/100\n|switch|p2b: Gyarados|Gyarados, L50, M|100\/100\n|-ability|p2a: Chi-Yu|Beads of Ruin\n|-ability|p2b: Gyarados|Intimidate|boost\n|-unboost|p1a: Palafin|atk|1\n|-unboost|p1b: Murkrow|atk|1\n|turn|1\n|inactive|VGCTitus has 30 seconds left.\n|\n|t:|1683208812\n|-terastallize|p2a: Chi-Yu|Water\n|move|p2a: Chi-Yu|Heat Wave|p1b: Murkrow|[spread] p1a,p1b\n|-resisted|p1a: Palafin\n|-damage|p1a: Palafin|67\/100\n|-enditem|p1b: Murkrow|Focus Sash\n|-damage|p1b: Murkrow|1\/100\n|move|p1a: Palafin|Flip Turn|p2a: Chi-Yu\n|-resisted|p2a: Chi-Yu\n|-damage|p2a: Chi-Yu|84\/100\n|\n|t:|1683208824\n|detailschange|p1a: Palafin|Palafin-Hero, L50, M\n|switch|p1a: Iron Hands|Iron Hands, L50, shiny|100\/100|[from] Flip Turn\n|move|p1b: Murkrow|Tailwind|p1b: Murkrow\n|-sidestart|p1: haha you rage quit|move: Tailwind\n|move|p2b: Gyarados|Thunder Wave|p1a: Iron Hands\n|-immune|p1a: Iron Hands\n|\n|upkeep\n|turn|2\n|\n|t:|1683208846\n|move|p2b: Gyarados|Protect|p2b: Gyarados\n|-singleturn|p2b: Gyarados|Protect\n|move|p1b: Murkrow|Rain Dance|p1b: Murkrow\n|-weather|RainDance\n|move|p2a: Chi-Yu|Heat Wave|p1b: Murkrow|[spread] p1a,p1b\n|-damage|p1a: Iron Hands|79\/100\n|-damage|p1b: Murkrow|0 fnt\n|faint|p1b: Murkrow\n|move|p1a: Iron Hands|Wild Charge|p2b: Gyarados\n|-activate|p2b: Gyarados|move: Protect\n|\n|-weather|RainDance|[upkeep]\n|upkeep\n|\n|t:|1683208859\n|switch|p1b: Palafin|Palafin-Hero, L50, M|67\/100\n|-activate|p1b: Palafin|ability: Zero to Hero\n|turn|3\n|inactive|VGCTitus has 30 seconds left.\n|inactive|VGCTitus has 20 seconds left.\n|inactive|VGCTitus has 15 seconds left.\n|\n|t:|1683208903\n|switch|p2b: Garganacl|Garganacl, L50, M|100\/100\n|-terastallize|p1b: Palafin|Water\n|move|p1b: Palafin|Wave Crash|p2a: Chi-Yu\n|-resisted|p2a: Chi-Yu\n|-damage|p2a: Chi-Yu|0 fnt\n|faint|p2a: Chi-Yu\n|-damage|p1b: Palafin|50\/100|[from] Recoil\n|move|p1a: Iron Hands|Wild Charge|p2b: Garganacl\n|-crit|p2b: Garganacl\n|-damage|p2b: Garganacl|58\/100\n|-damage|p1a: Iron Hands|70\/100|[from] Recoil\n|\n|-weather|RainDance|[upkeep]\n|upkeep\n|\n|t:|1683208912\n|switch|p2a: Gyarados|Gyarados, L50, M|100\/100\n|-ability|p2a: Gyarados|Intimidate|boost\n|-unboost|p1a: Iron Hands|atk|1\n|-unboost|p1b: Palafin|atk|1\n|turn|4\n|\n|t:|1683208930\n|switch|p2a: Flutter Mane|Flutter Mane, L50|100\/100\n|move|p1b: Palafin|Wave Crash|p2b: Garganacl\n|-supereffective|p2b: Garganacl\n|-damage|p2b: Garganacl|0 fnt\n|faint|p2b: Garganacl\n|-damage|p1b: Palafin|31\/100|[from] Recoil\n|move|p1a: Iron Hands|Swords Dance|p1a: Iron Hands\n|-boost|p1a: Iron Hands|atk|2\n|\n|-weather|RainDance|[upkeep]\n|-sideend|p1: haha you rage quit|move: Tailwind\n|upkeep\n|\n|t:|1683208942\n|switch|p2b: Gyarados|Gyarados, L50, M|100\/100\n|-ability|p2b: Gyarados|Intimidate|boost\n|-unboost|p1a: Iron Hands|atk|1\n|-unboost|p1b: Palafin|atk|1\n|turn|5\n|\n|t:|1683208954\n|switch|p1b: Amoonguss|Amoonguss, L50, M|100\/100\n|move|p1a: Iron Hands|Protect|p1a: Iron Hands\n|-singleturn|p1a: Iron Hands|Protect\n|move|p2a: Flutter Mane|Dazzling Gleam|p1a: Iron Hands|[spread] p1b\n|-activate|p1a: Iron Hands|move: Protect\n|-resisted|p1b: Amoonguss\n|-damage|p1b: Amoonguss|81\/100\n|move|p2b: Gyarados|Waterfall|p1a: Iron Hands\n|-activate|p1a: Iron Hands|move: Protect\n|\n|-weather|RainDance|[upkeep]\n|upkeep\n|turn|6\n|inactive|haha you rage quit has 30 seconds left.\n|inactive|VGCTitus has 30 seconds left.\n|inactive|haha you rage quit has 20 seconds left.\n|inactive|VGCTitus has 20 seconds left.\n|\n|t:|1683208994\n|move|p1b: Amoonguss|Rage Powder|p1b: Amoonguss\n|-singleturn|p1b: Amoonguss|move: Rage Powder\n|move|p2a: Flutter Mane|Dazzling Gleam|p1a: Iron Hands|[spread] p1a,p1b\n|-supereffective|p1a: Iron Hands\n|-resisted|p1b: Amoonguss\n|-damage|p1a: Iron Hands|0 fnt\n|-damage|p1b: Amoonguss|64\/100\n|faint|p1a: Iron Hands\n|-end|p1a: Iron Hands|Quark Drive|[silent]\n|move|p2b: Gyarados|Waterfall|p1b: Amoonguss\n|-resisted|p1b: Amoonguss\n|-damage|p1b: Amoonguss|43\/100\n|\n|-weather|none\n|upkeep\n|\n|t:|1683209003\n|switch|p1a: Palafin|Palafin-Hero, L50, M, tera:Water|31\/100\n|turn|7\n|\n|t:|1683209013\n|move|p1b: Amoonguss|Rage Powder|p1b: Amoonguss\n|-singleturn|p1b: Amoonguss|move: Rage Powder\n|move|p1a: Palafin|Jet Punch|p2a: Flutter Mane\n|-damage|p2a: Flutter Mane|0 fnt\n|faint|p2a: Flutter Mane\n|-end|p2a: Flutter Mane|Protosynthesis|[silent]\n|move|p2b: Gyarados|Waterfall|p1b: Amoonguss\n|-resisted|p1b: Amoonguss\n|-damage|p1b: Amoonguss|29\/100\n|\n|upkeep\n|turn|8\n|inactive|VGCTitus has 30 seconds left.\n|inactive|VGCTitus has 20 seconds left.\n|\n|t:|1683209049\n|move|p1a: Palafin|Protect|p1a: Palafin\n|-singleturn|p1a: Palafin|Protect\n|move|p2b: Gyarados|Waterfall|p1b: Amoonguss\n|-resisted|p1b: Amoonguss\n|-damage|p1b: Amoonguss|15\/100\n|-enditem|p1b: Amoonguss|Aguav Berry|[eat]\n|-heal|p1b: Amoonguss|48\/100|[from] item: Aguav Berry\n|move|p1b: Amoonguss|Spore|p2b: Gyarados\n|-status|p2b: Gyarados|slp|[from] move: Spore\n|\n|upkeep\n|turn|9\n|-message|VGCTitus forfeited.\n|\n|win|haha you rage quit\n|raw|haha you rage quit's rating: 1222 → 1248<\/strong> (+26 for winning)\n|raw|VGCTitus's rating: 1231 → 1205<\/strong> (-26 for losing)\n|l|\u2606VGCTitus\n","uploadtime":1683209076,"views":9,"p1id":"hahayouragequit","p2id":"vgctitus","formatid":"gen9vgc2023regulationc","rating":1205,"private":0,"password":""}