{"id":"gen9vgc2023regulationc-1850346237","p1":"Cembranos123","p2":"Raiu Akimoto","format":"[Gen 9] VGC 2023 Regulation C","log":"|j|\u2606Cembranos123\n|j|\u2606Raiu Akimoto\n|t:|1682322143\n|gametype|doubles\n|player|p1|Cembranos123|169|1133\n|player|p2|Raiu Akimoto|265|1236\n|teamsize|p1|6\n|teamsize|p2|6\n|gen|9\n|tier|[Gen 9] VGC 2023 Regulation C\n|rated|\n|rule|Species Clause: Limit one of each Pok\u00e9mon\n|rule|Item Clause: Limit one of each item\n|clearpoke\n|poke|p1|Indeedee-F, L50, F|\n|poke|p1|Armarouge, L50, F|\n|poke|p1|Torkoal, L50, M|\n|poke|p1|Hatterene, L50, F|\n|poke|p1|Kingambit, L50, M|\n|poke|p1|Annihilape, L50, M|\n|poke|p2|Chien-Pao, L50|\n|poke|p2|Dragapult, L50, F|\n|poke|p2|Dragonite, L50, F|\n|poke|p2|Chi-Yu, L50|\n|poke|p2|Iron Bundle, L50|\n|poke|p2|Pawmot, L50, F|\n|teampreview|4\n|inactive|Battle timer is ON: inactive players will automatically lose when time's up. (requested by Raiu Akimoto)\n|inactive|Cembranos123 has 60 seconds left.\n|inactive|Raiu Akimoto has 60 seconds left.\n|inactive|Cembranos123 has 30 seconds left.\n|\n|t:|1682322208\n|start\n|switch|p1a: Indeedee|Indeedee-F, L50, F|100\/100\n|switch|p1b: Hatterene|Hatterene, L50, F|100\/100\n|switch|p2a: Chien-Pao|Chien-Pao, L50|100\/100\n|switch|p2b: Dragapult|Dragapult, L50, F, shiny|100\/100\n|-ability|p2a: Chien-Pao|Sword of Ruin\n|-fieldstart|move: Psychic Terrain|[from] ability: Psychic Surge|[of] p1a: Indeedee\n|-enditem|p1a: Indeedee|Psychic Seed\n|-boost|p1a: Indeedee|spd|1|[from] item: Psychic Seed\n|turn|1\n|\n|t:|1682322219\n|move|p2b: Dragapult|U-turn|p1b: Hatterene\n|-damage|p1b: Hatterene|59\/100\n|-damage|p2b: Dragapult|91\/100|[from] item: Life Orb\n|\n|t:|1682322224\n|switch|p2b: Dragonite|Dragonite, L50, F, shiny|100\/100|[from] U-turn\n|move|p2a: Chien-Pao|Ice Spinner|p1b: Hatterene\n|-damage|p1b: Hatterene|0 fnt\n|-fieldend|move: Psychic Terrain\n|faint|p1b: Hatterene\n|move|p1a: Indeedee|Trick Room|p1a: Indeedee\n|-fieldstart|move: Trick Room|[of] p1a: Indeedee\n|\n|upkeep\n|\n|t:|1682322242\n|switch|p1b: Torkoal|Torkoal, L50, M|100\/100\n|-weather|SunnyDay|[from] ability: Drought|[of] p1b: Torkoal\n|turn|2\n|\n|t:|1682322251\n|-terastallize|p1b: Torkoal|Fire\n|move|p2b: Dragonite|Extreme Speed|p1b: Torkoal\n|-crit|p1b: Torkoal\n|-damage|p1b: Torkoal|29\/100\n|move|p2a: Chien-Pao|Sucker Punch|p1b: Torkoal\n|-damage|p1b: Torkoal|0 fnt\n|faint|p1b: Torkoal\n|move|p1a: Indeedee|Dazzling Gleam|p2a: Chien-Pao|[spread] p2a,p2b\n|-supereffective|p2a: Chien-Pao\n|-supereffective|p2b: Dragonite\n|-damage|p2a: Chien-Pao|59\/100\n|-damage|p2b: Dragonite|87\/100\n|\n|-weather|SunnyDay|[upkeep]\n|upkeep\n|\n|t:|1682322261\n|switch|p1b: Kingambit|Kingambit, L50, M|100\/100\n|turn|3\n|\n|t:|1682322279\n|move|p2a: Chien-Pao|Protect|p2a: Chien-Pao\n|-singleturn|p2a: Chien-Pao|Protect\n|move|p2b: Dragonite|Extreme Speed|p1a: Indeedee\n|-damage|p1a: Indeedee|45\/100\n|move|p1b: Kingambit|Iron Head|p2a: Chien-Pao\n|-activate|p2a: Chien-Pao|move: Protect\n|move|p1a: Indeedee|Dazzling Gleam|p2b: Dragonite|[spread] p2b\n|-activate|p2a: Chien-Pao|move: Protect\n|-supereffective|p2b: Dragonite\n|-damage|p2b: Dragonite|59\/100\n|\n|-weather|SunnyDay|[upkeep]\n|upkeep\n|turn|4\n|\n|t:|1682322299\n|switch|p2a: Pawmot|Pawmot, L50, F, shiny|100\/100\n|move|p2b: Dragonite|Extreme Speed|p1a: Indeedee\n|-damage|p1a: Indeedee|3\/100\n|move|p1b: Kingambit|Iron Head|p2a: Pawmot\n|-resisted|p2a: Pawmot\n|-damage|p2a: Pawmot|64\/100\n|move|p1a: Indeedee|Dazzling Gleam|p2b: Dragonite|[spread] p2a,p2b\n|-supereffective|p2a: Pawmot\n|-supereffective|p2b: Dragonite\n|-damage|p2a: Pawmot|12\/100\n|-damage|p2b: Dragonite|33\/100\n|\n|-weather|SunnyDay|[upkeep]\n|upkeep\n|turn|5\n|\n|t:|1682322318\n|move|p2a: Pawmot|Fake Out|p1b: Kingambit\n|-resisted|p1b: Kingambit\n|-damage|p1b: Kingambit|96\/100\n|move|p2b: Dragonite|Extreme Speed|p1a: Indeedee\n|-damage|p1a: Indeedee|0 fnt\n|faint|p1a: Indeedee\n|cant|p1b: Kingambit|flinch\n|\n|-weather|SunnyDay|[upkeep]\n|-fieldend|move: Trick Room\n|upkeep\n|turn|6\n|l|\u2606Cembranos123\n|inactive|Cembranos123 disconnected and has a minute to reconnect!\n|player|p1|\n|inactive|Cembranos123 has 30 seconds left.\n|inactive|Cembranos123 has 20 seconds left.\n|inactive|Cembranos123 has 15 seconds left.\n|inactive|Cembranos123 has 10 seconds left.\n|inactive|Cembranos123 has 5 seconds left.\n|-message|Cembranos123 lost due to inactivity.\n|\n|win|Raiu Akimoto\n|raw|Cembranos123's rating: 1133 → 1115<\/strong> (-18 for losing)\n|raw|Raiu Akimoto's rating: 1236 → 1254<\/strong> (+18 for winning)\n","uploadtime":1682322414,"views":29,"p1id":"cembranos123","p2id":"raiuakimoto","formatid":"gen9vgc2023regulationc","rating":1115,"private":0,"password":""}