{"id":"gen9vgc2023regulationc-1852807409","p1":"winsuya","p2":"kokialcazar","format":"[Gen 9] VGC 2023 Regulation C","log":"|j|\u2606winsuya\n|j|\u2606kokialcazar\n|t:|1682607963\n|gametype|doubles\n|player|p1|winsuya|wallace|1154\n|player|p2|kokialcazar|morty|1175\n|teamsize|p1|6\n|teamsize|p2|6\n|gen|9\n|tier|[Gen 9] VGC 2023 Regulation C\n|rated|\n|rule|Species Clause: Limit one of each Pok\u00e9mon\n|rule|Item Clause: Limit one of each item\n|clearpoke\n|poke|p1|Salamence, L50, M|\n|poke|p1|Arcanine, L50, M|\n|poke|p1|Gardevoir, L50, F|\n|poke|p1|Maushold, L50|\n|poke|p1|Annihilape, L50, F|\n|poke|p1|Volcarona, L50, F|\n|poke|p2|Chi-Yu, L50|\n|poke|p2|Palafin, L50, M|\n|poke|p2|Flutter Mane, L50|\n|poke|p2|Dragapult, L50, M|\n|poke|p2|Iron Bundle, L50|\n|poke|p2|Gholdengo, L50|\n|teampreview|4\n|c|\u2606winsuya|glhf\n|\n|t:|1682607996\n|start\n|switch|p1a: Maushold|Maushold, L50|100\/100\n|switch|p1b: Volcarona|Volcarona, L50, F|100\/100\n|switch|p2a: Dragapult|Dragapult, L50, M, shiny|100\/100\n|switch|p2b: Flutter Mane|Flutter Mane, L50, shiny|100\/100\n|turn|1\n|inactive|Battle timer is ON: inactive players will automatically lose when time's up. (requested by winsuya)\n|\n|t:|1682608011\n|move|p1a: Maushold|Follow Me|p1a: Maushold\n|-singleturn|p1a: Maushold|move: Follow Me\n|move|p2a: Dragapult|Outrage|p1a: Maushold\n|-enditem|p1a: Maushold|Focus Sash\n|-damage|p1a: Maushold|1\/100\n|move|p2b: Flutter Mane|Moonblast|p1a: Maushold\n|-damage|p1a: Maushold|0 fnt\n|faint|p1a: Maushold\n|-damage|p2b: Flutter Mane|91\/100|[from] item: Life Orb\n|move|p1b: Volcarona|Quiver Dance|p1b: Volcarona\n|-boost|p1b: Volcarona|spa|1\n|-boost|p1b: Volcarona|spd|1\n|-boost|p1b: Volcarona|spe|1\n|\n|upkeep\n|\n|t:|1682608029\n|switch|p1a: Annihilape|Annihilape, L50, F|100\/100\n|turn|2\n|\n|t:|1682608040\n|move|p1b: Volcarona|Heat Wave|p2b: Flutter Mane|[spread] p2a,p2b\n|-resisted|p2a: Dragapult\n|-damage|p2a: Dragapult|50\/100\n|-damage|p2b: Flutter Mane|10\/100\n|-damage|p1b: Volcarona|90\/100|[from] item: Life Orb\n|move|p2a: Dragapult|Outrage|p1a: Annihilape|[from]lockedmove\n|-damage|p1a: Annihilape|10\/100\n|-start|p2a: Dragapult|confusion|[fatigue]\n|move|p2b: Flutter Mane|Moonblast|p1b: Volcarona\n|-resisted|p1b: Volcarona\n|-damage|p1b: Volcarona|68\/100\n|-unboost|p1b: Volcarona|spa|1\n|-damage|p2b: Flutter Mane|0 fnt|[from] item: Life Orb\n|faint|p2b: Flutter Mane\n|-end|p2b: Flutter Mane|Protosynthesis|[silent]\n|move|p1a: Annihilape|Bulk Up|p1a: Annihilape\n|-boost|p1a: Annihilape|atk|1\n|-boost|p1a: Annihilape|def|1\n|\n|-heal|p1a: Annihilape|16\/100|[from] item: Leftovers\n|upkeep\n|\n|t:|1682608061\n|switch|p2b: Iron Bundle|Iron Bundle, L50, shiny|100\/100\n|-enditem|p2b: Iron Bundle|Booster Energy\n|-activate|p2b: Iron Bundle|ability: Quark Drive|[fromitem]\n|-start|p2b: Iron Bundle|quarkdrivespe\n|turn|3\n|\n|t:|1682608077\n|move|p2b: Iron Bundle|Hydro Pump|p1b: Volcarona\n|-supereffective|p1b: Volcarona\n|-damage|p1b: Volcarona|0 fnt\n|faint|p1b: Volcarona\n|-activate|p2a: Dragapult|confusion\n|move|p2a: Dragapult|Outrage|p1a: Annihilape\n|-damage|p1a: Annihilape|0 fnt\n|faint|p1a: Annihilape\n|\n|upkeep\n|\n|t:|1682608084\n|switch|p1a: Arcanine|Arcanine, L50, M|100\/100\n|-ability|p1a: Arcanine|Intimidate|boost\n|-fail|p2a: Dragapult|unboost|[from] ability: Clear Body|[of] p2a: Dragapult\n|-unboost|p2b: Iron Bundle|atk|1\n|turn|4\n|c|\u2606winsuya|gg\n|\n|t:|1682608099\n|-terastallize|p1a: Arcanine|Fire\n|move|p2b: Iron Bundle|Protect|p2b: Iron Bundle\n|-singleturn|p2b: Iron Bundle|Protect\n|-end|p2a: Dragapult|confusion\n|move|p2a: Dragapult|Outrage|p1a: Arcanine|[from]lockedmove\n|-damage|p1a: Arcanine|10\/100\n|move|p1a: Arcanine|Flare Blitz|p2b: Iron Bundle\n|-activate|p2b: Iron Bundle|move: Protect\n|\n|upkeep\n|turn|5\n|\n|t:|1682608117\n|move|p1a: Arcanine|Extreme Speed|p2b: Iron Bundle\n|-damage|p2b: Iron Bundle|74\/100\n|move|p2b: Iron Bundle|Icy Wind|p1a: Arcanine\n|-resisted|p1a: Arcanine\n|-damage|p1a: Arcanine|0 fnt\n|faint|p1a: Arcanine\n|\n|win|kokialcazar\n|raw|winsuya's rating: 1154 → 1131<\/strong> (-23 for losing)\n|raw|kokialcazar's rating: 1175 → 1198<\/strong> (+23 for winning)\n","uploadtime":1682608127,"views":4,"p1id":"winsuya","p2id":"kokialcazar","formatid":"gen9vgc2023regulationc","rating":1131,"private":0,"password":""}