{"id":"gen9vgc2023regulationc-1845116483","p1":"Entrenador2806","p2":"sebasol123","format":"[Gen 9] VGC 2023 Regulation C","log":"|j|\u2606Entrenador2806\n|j|\u2606sebasol123\n|t:|1681685449\n|gametype|doubles\n|player|p1|Entrenador2806|169|1206\n|player|p2|sebasol123|n|1243\n|teamsize|p1|6\n|teamsize|p2|6\n|gen|9\n|tier|[Gen 9] VGC 2023 Regulation C\n|rated|\n|rule|Species Clause: Limit one of each Pok\u00e9mon\n|rule|Item Clause: Limit one of each item\n|clearpoke\n|poke|p1|Flutter Mane, L50|\n|poke|p1|Arcanine, L50, M|\n|poke|p1|Palafin, L50, M|\n|poke|p1|Amoonguss, L50, M|\n|poke|p1|Chien-Pao, L50|\n|poke|p1|Ting-Lu, L50|\n|poke|p2|Azumarill, L50, F|\n|poke|p2|Talonflame, L50, M|\n|poke|p2|Great Tusk, L50|\n|poke|p2|Glimmora, L50, F|\n|poke|p2|Hydreigon, L50, F|\n|poke|p2|Amoonguss, L50, M|\n|teampreview|4\nEntrenador2806 has agreed to open team sheets.\nsebasol123 has agreed to open team sheets.\n|inactive|Battle timer is ON: inactive players will automatically lose when time's up. (requested by sebasol123)\n|\n|t:|1681685513\n|start\n|switch|p1a: Amoonguss|Amoonguss, L50, M, shiny|100\/100\n|switch|p1b: Ting-Lu|Ting-Lu, L50|100\/100\n|switch|p2a: Azumarill|Azumarill, L50, F|100\/100\n|switch|p2b: Talonflame|Talonflame, L50, M|100\/100\n|-ability|p1b: Ting-Lu|Vessel of Ruin\n|turn|1\n|inactive|Entrenador2806 has 30 seconds left.\n|inactive|Entrenador2806 has 20 seconds left.\n|\n|t:|1681685549\n|switch|p1a: Arcanine|Arcanine, L50, M|100\/100\n|-ability|p1a: Arcanine|Intimidate|boost\n|-fail|p2a: Azumarill|unboost|[from] item: Clear Amulet|[of] p2a: Azumarill\n|-unboost|p2b: Talonflame|atk|1\n|-terastallize|p1b: Ting-Lu|Grass\n|move|p2b: Talonflame|Taunt|p1a: Arcanine\n|-start|p1a: Arcanine|move: Taunt\n|move|p2a: Azumarill|Liquidation|p1b: Ting-Lu\n|-resisted|p1b: Ting-Lu\n|-crit|p1b: Ting-Lu\n|-damage|p1b: Ting-Lu|77\/100\n|move|p1b: Ting-Lu|Fissure|p2a: Azumarill|[miss]\n|-miss|p1b: Ting-Lu|p2a: Azumarill\n|\n|upkeep\n|turn|2\n|\n|t:|1681685578\n|switch|p1a: Amoonguss|Amoonguss, L50, M, shiny|100\/100\n|move|p2b: Talonflame|Brave Bird|p1b: Ting-Lu\n|-supereffective|p1b: Ting-Lu\n|-damage|p1b: Ting-Lu|42\/100\n|-damage|p2b: Talonflame|82\/100|[from] Recoil\n|move|p2a: Azumarill|Liquidation|p1a: Amoonguss\n|-resisted|p1a: Amoonguss\n|-damage|p1a: Amoonguss|79\/100\n|move|p1b: Ting-Lu|Stomping Tantrum|p2a: Azumarill\n|-damage|p2a: Azumarill|31\/100\n|\n|upkeep\n|turn|3\n|\n|t:|1681685599\n|move|p1a: Amoonguss|Protect|p1a: Amoonguss\n|-singleturn|p1a: Amoonguss|Protect\n|move|p2b: Talonflame|Taunt|p1a: Amoonguss\n|-activate|p1a: Amoonguss|move: Protect\n|move|p2a: Azumarill|Play Rough|p1b: Ting-Lu\n|-damage|p1b: Ting-Lu|10\/100\n|move|p1b: Ting-Lu|Heavy Slam|p2a: Azumarill\n|-damage|p2a: Azumarill|0 fnt\n|faint|p2a: Azumarill\n|\n|upkeep\n|\n|t:|1681685619\n|switch|p2a: Great Tusk|Great Tusk, L50, shiny|100\/100\n|turn|4\n|inactive|Entrenador2806 has 30 seconds left.\n|\n|t:|1681685649\n|switch|p1b: Arcanine|Arcanine, L50, M|100\/100\n|-ability|p1b: Arcanine|Intimidate|boost\n|-unboost|p2a: Great Tusk|atk|1\n|-unboost|p2b: Talonflame|atk|1\n|-terastallize|p2a: Great Tusk|Ground\n|move|p2b: Talonflame|Brave Bird|p1a: Amoonguss\n|-supereffective|p1a: Amoonguss\n|-damage|p1a: Amoonguss|43\/100\n|-enditem|p1a: Amoonguss|Sitrus Berry|[eat]\n|-heal|p1a: Amoonguss|68\/100|[from] item: Sitrus Berry\n|-damage|p2b: Talonflame|65\/100|[from] Recoil\n|move|p2a: Great Tusk|Earthquake|p1b: Arcanine|[spread] p1a,p1b\n|-immune|p2b: Talonflame\n|-supereffective|p1b: Arcanine\n|-damage|p1a: Amoonguss|37\/100\n|-damage|p1b: Arcanine|22\/100\n|move|p1a: Amoonguss|Pollen Puff|p1b: Arcanine\n|-heal|p1b: Arcanine|71\/100\n|\n|upkeep\n|turn|5\n|inactive|Entrenador2806 has 30 seconds left.\n|\n|t:|1681685674\n|move|p1a: Amoonguss|Protect|p1a: Amoonguss\n|-singleturn|p1a: Amoonguss|Protect\n|move|p2b: Talonflame|Brave Bird|p1a: Amoonguss\n|-activate|p1a: Amoonguss|move: Protect\n|move|p2a: Great Tusk|Earthquake|p1b: Arcanine|[spread] p1b\n|-activate|p1a: Amoonguss|move: Protect\n|-immune|p2b: Talonflame\n|-supereffective|p1b: Arcanine\n|-damage|p1b: Arcanine|0 fnt\n|faint|p1b: Arcanine\n|\n|upkeep\n|\n|t:|1681685685\n|switch|p1b: Flutter Mane|Flutter Mane, L50|100\/100\n|turn|6\n|inactive|Entrenador2806 has 30 seconds left.\n|\n|t:|1681685710\n|-end|p2a: Great Tusk|Protosynthesis|[silent]\n|switch|p2a: Glimmora|Glimmora, L50, F|100\/100\n|move|p2b: Talonflame|Tailwind|p2b: Talonflame\n|-sidestart|p2: sebasol123|move: Tailwind\n|move|p1b: Flutter Mane|Moonblast|p2a: Glimmora\n|-resisted|p2a: Glimmora\n|-damage|p2a: Glimmora|73\/100\n|-unboost|p2a: Glimmora|spa|1\n|move|p1a: Amoonguss|Spore|p2b: Talonflame\n|-status|p2b: Talonflame|slp|[from] move: Spore\n|\n|upkeep\n|turn|7\n|\n|t:|1681685732\n|-end|p1b: Flutter Mane|Protosynthesis|[silent]\n|switch|p1b: Ting-Lu|Ting-Lu, L50, tera:Grass|10\/100\n|-ability|p1b: Ting-Lu|Vessel of Ruin\n|cant|p2b: Talonflame|slp\n|move|p2a: Glimmora|Mortal Spin|p1a: Amoonguss|[spread] p1a,p1b\n|-supereffective|p1b: Ting-Lu\n|-damage|p1a: Amoonguss|32\/100\n|-damage|p1b: Ting-Lu|5\/100\n|-status|p1b: Ting-Lu|psn\n|move|p1a: Amoonguss|Pollen Puff|p1b: Ting-Lu\n|-heal|p1b: Ting-Lu|54\/100 psn\n|\n|-damage|p1b: Ting-Lu|42\/100 psn|[from] psn\n|upkeep\n|turn|8\n|\n|t:|1681685754\n|cant|p2b: Talonflame|slp\n|move|p2a: Glimmora|Sludge Bomb|p1b: Ting-Lu\n|-supereffective|p1b: Ting-Lu\n|-damage|p1b: Ting-Lu|21\/100 psn\n|move|p1b: Ting-Lu|Stomping Tantrum|p2a: Glimmora\n|-supereffective|p2a: Glimmora\n|-damage|p2a: Glimmora|0 fnt\n|-activate|p2a: Glimmora|ability: Toxic Debris\n|-sidestart|p1: Entrenador2806|move: Toxic Spikes\n|faint|p2a: Glimmora\n|move|p1a: Amoonguss|Pollen Puff|p1b: Ting-Lu\n|-heal|p1b: Ting-Lu|71\/100 psn\n|\n|-damage|p1b: Ting-Lu|59\/100 psn|[from] psn\n|upkeep\n|\n|t:|1681685760\n|switch|p2a: Great Tusk|Great Tusk, L50, shiny, tera:Ground|100\/100\n|turn|9\n|\n|t:|1681685773\n|move|p1a: Amoonguss|Protect|p1a: Amoonguss\n|-singleturn|p1a: Amoonguss|Protect\n|cant|p2b: Talonflame|slp\n|move|p2a: Great Tusk|Close Combat|p1b: Ting-Lu\n|-damage|p1b: Ting-Lu|24\/100 psn\n|-unboost|p2a: Great Tusk|def|1\n|-unboost|p2a: Great Tusk|spd|1\n|move|p1b: Ting-Lu|Fissure|p2a: Great Tusk|[miss]\n|-miss|p1b: Ting-Lu|p2a: Great Tusk\n|\n|-damage|p1b: Ting-Lu|11\/100 psn|[from] psn\n|-sideend|p2: sebasol123|move: Tailwind\n|upkeep\n|turn|10\n|\n|t:|1681685796\n|move|p1a: Amoonguss|Rage Powder|p1a: Amoonguss\n|-singleturn|p1a: Amoonguss|move: Rage Powder\n|-curestatus|p2b: Talonflame|slp|[msg]\n|move|p2b: Talonflame|Brave Bird|p1a: Amoonguss\n|-supereffective|p1a: Amoonguss\n|-damage|p1a: Amoonguss|0 fnt\n|faint|p1a: Amoonguss\n|-damage|p2b: Talonflame|50\/100|[from] Recoil\n|move|p2a: Great Tusk|Earthquake|p1b: Ting-Lu|[spread] p1b\n|-immune|p2b: Talonflame\n|-resisted|p1b: Ting-Lu\n|-damage|p1b: Ting-Lu|0 fnt\n|faint|p1b: Ting-Lu\n|\n|upkeep\n|\n|t:|1681685810\n|switch|p1b: Flutter Mane|Flutter Mane, L50|100\/100\n|-status|p1b: Flutter Mane|psn\n|turn|11\n|\n|t:|1681685817\n|move|p2b: Talonflame|Tailwind|p2b: Talonflame\n|-sidestart|p2: sebasol123|move: Tailwind\n|move|p2a: Great Tusk|Headlong Rush|p1b: Flutter Mane\n|-damage|p1b: Flutter Mane|0 fnt\n|-unboost|p2a: Great Tusk|def|1\n|-unboost|p2a: Great Tusk|spd|1\n|faint|p1b: Flutter Mane\n|-end|p1b: Flutter Mane|Protosynthesis|[silent]\n|\n|win|sebasol123\n|raw|Entrenador2806's rating: 1206 → 1184<\/strong> (-22 for losing)\n|raw|sebasol123's rating: 1243 → 1265<\/strong> (+22 for winning)\n","uploadtime":1681685826,"views":65,"p1id":"entrenador2806","p2id":"sebasol123","formatid":"gen9vgc2023regulationc","rating":1184,"private":0,"password":""}