{"id":"gen9vgc2023regulationc-1847879162","p1":"MomeriA12","p2":"Gobills716","format":"[Gen 9] VGC 2023 Regulation C","log":"|j|\u2606MomeriA12\n|j|\u2606Gobills716\n|t:|1682009423\n|gametype|doubles\n|player|p1|MomeriA12|101|1415\n|player|p2|Gobills716|1|1411\n|teamsize|p1|6\n|teamsize|p2|6\n|gen|9\n|tier|[Gen 9] VGC 2023 Regulation C\n|rated|\n|rule|Species Clause: Limit one of each Pok\u00e9mon\n|rule|Item Clause: Limit one of each item\n|clearpoke\n|poke|p1|Palafin, L50, M|\n|poke|p1|Flutter Mane, L50|\n|poke|p1|Arcanine, L50, M|\n|poke|p1|Ting-Lu, L50|\n|poke|p1|Amoonguss, L50, F|\n|poke|p1|Kingambit, L50, F|\n|poke|p2|Ting-Lu, L50|\n|poke|p2|Amoonguss, L50, F|\n|poke|p2|Dragonite, L50, F|\n|poke|p2|Chi-Yu, L50|\n|poke|p2|Dondozo, L50, M|\n|poke|p2|Flutter Mane, L50|\n|teampreview|4\n|inactive|Battle timer is ON: inactive players will automatically lose when time's up. (requested by Gobills716)\nGobills716 rejected open team sheets.\n|\n|t:|1682009478\n|start\n|switch|p1a: Flutter Mane|Flutter Mane, L50|100\/100\n|switch|p1b: Kingambit|Kingambit, L50, F|100\/100\n|switch|p2a: Ting-Lu|Ting-Lu, L50|100\/100\n|switch|p2b: Chi-Yu|Chi-Yu, L50|100\/100\n|-ability|p2b: Chi-Yu|Beads of Ruin\n|-ability|p2a: Ting-Lu|Vessel of Ruin\n|turn|1\n|inactive|MomeriA12 has 30 seconds left.\n|inactive|MomeriA12 has 20 seconds left.\n|inactive|MomeriA12 has 15 seconds left.\n|\n|t:|1682009520\n|-end|p1a: Flutter Mane|Protosynthesis|[silent]\n|switch|p1a: Ting-Lu|Ting-Lu, L50|100\/100\n|-ability|p1a: Ting-Lu|Vessel of Ruin\n|switch|p1b: Arcanine|Arcanine, L50, M|100\/100\n|-ability|p1b: Arcanine|Intimidate|boost\n|-unboost|p2a: Ting-Lu|atk|1\n|-unboost|p2b: Chi-Yu|atk|1\n|move|p2b: Chi-Yu|Nasty Plot|p2b: Chi-Yu\n|-boost|p2b: Chi-Yu|spa|2\n|move|p2a: Ting-Lu|Stealth Rock|p1a: Ting-Lu\n|-sidestart|p1: MomeriA12|move: Stealth Rock\n|\n|upkeep\n|turn|2\n|inactive|Gobills716 has 30 seconds left.\n|inactive|Gobills716 has 20 seconds left.\n|inactive|MomeriA12 has 30 seconds left.\n|\n|t:|1682009562\n|switch|p2a: Dondozo|Dondozo, L50, M|100\/100\n|-terastallize|p1b: Arcanine|Flying\n|move|p2b: Chi-Yu|Protect|p2b: Chi-Yu\n|-singleturn|p2b: Chi-Yu|Protect\n|move|p1b: Arcanine|Howl|p1b: Arcanine|[spread] p1a,p1b\n|-boost|p1a: Ting-Lu|atk|1\n|-boost|p1b: Arcanine|atk|1\n|move|p1a: Ting-Lu|Earthquake|p2a: Dondozo|[spread] p2a\n|-activate|p2b: Chi-Yu|move: Protect\n|-immune|p1b: Arcanine\n|-damage|p2a: Dondozo|77\/100\n|\n|-heal|p2a: Dondozo|83\/100|[from] item: Leftovers\n|upkeep\n|turn|3\n|inactive|MomeriA12 has 30 seconds left.\n|inactive|Gobills716 has 30 seconds left.\n|inactive|Gobills716 has 20 seconds left.\n|inactive|Gobills716 has 15 seconds left.\n|inactive|Gobills716 has 10 seconds left.\n|inactive|Gobills716 has 5 seconds left.\n|\n|t:|1682009613\n|move|p2b: Chi-Yu|Heat Wave|p1b: Arcanine|[spread] p1b\n|-miss|p2b: Chi-Yu|p1a: Ting-Lu\n|-damage|p1b: Arcanine|22\/100\n|move|p1b: Arcanine|Flare Blitz|p2b: Chi-Yu\n|-resisted|p2b: Chi-Yu\n|-damage|p2b: Chi-Yu|57\/100\n|-damage|p1b: Arcanine|11\/100|[from] Recoil\n|move|p1a: Ting-Lu|Earthquake|p2a: Dondozo|[spread] p2a,p2b\n|-immune|p1b: Arcanine\n|-supereffective|p2b: Chi-Yu\n|-damage|p2a: Dondozo|58\/100\n|-damage|p2b: Chi-Yu|0 fnt\n|faint|p2b: Chi-Yu\n|move|p2a: Dondozo|Yawn|p1a: Ting-Lu\n|-start|p1a: Ting-Lu|move: Yawn|[of] p2a: Dondozo\n|\n|-heal|p2a: Dondozo|64\/100|[from] item: Leftovers\n|upkeep\n|\n|t:|1682009633\n|switch|p2b: Ting-Lu|Ting-Lu, L50|100\/100\n|-ability|p2b: Ting-Lu|Vessel of Ruin\n|turn|4\n|inactive|MomeriA12 has 30 seconds left.\n|\n|t:|1682009661\n|move|p2b: Ting-Lu|Protect|p2b: Ting-Lu\n|-singleturn|p2b: Ting-Lu|Protect\n|move|p2a: Dondozo|Protect|p2a: Dondozo\n|-singleturn|p2a: Dondozo|Protect\n|move|p1b: Arcanine|Howl|p1b: Arcanine|[spread] p1a,p1b\n|-boost|p1a: Ting-Lu|atk|1\n|-boost|p1b: Arcanine|atk|1\n|move|p1a: Ting-Lu|Earthquake|p2a: Dondozo|[spread] \n|-activate|p2a: Dondozo|move: Protect\n|-activate|p2b: Ting-Lu|move: Protect\n|-immune|p1b: Arcanine\n|\n|-heal|p2a: Dondozo|70\/100|[from] item: Leftovers\n|-end|p1a: Ting-Lu|move: Yawn|[silent]\n|-status|p1a: Ting-Lu|slp\n|upkeep\n|turn|5\n|\n|t:|1682009678\n|move|p1b: Arcanine|Will-O-Wisp|p2b: Ting-Lu|[miss]\n|-miss|p1b: Arcanine|p2b: Ting-Lu\n|move|p2b: Ting-Lu|Heavy Slam|p1b: Arcanine\n|-damage|p1b: Arcanine|0 fnt\n|faint|p1b: Arcanine\n|cant|p1a: Ting-Lu|slp\n|move|p2a: Dondozo|Wave Crash|p1a: Ting-Lu\n|-supereffective|p1a: Ting-Lu\n|-damage|p1a: Ting-Lu|30\/100 slp\n|-damage|p2a: Dondozo|48\/100|[from] Recoil\n|\n|-heal|p2a: Dondozo|54\/100|[from] item: Leftovers\n|upkeep\n|\n|t:|1682009691\n|switch|p1b: Flutter Mane|Flutter Mane, L50|100\/100\n|-damage|p1b: Flutter Mane|88\/100|[from] Stealth Rock\n|turn|6\n|inactive|Gobills716 has 30 seconds left.\n|\n|t:|1682009720\n|move|p1b: Flutter Mane|Protect|p1b: Flutter Mane\n|-singleturn|p1b: Flutter Mane|Protect\n|move|p2b: Ting-Lu|Heavy Slam|p1b: Flutter Mane\n|-activate|p1b: Flutter Mane|move: Protect\n|cant|p1a: Ting-Lu|slp\n|move|p2a: Dondozo|Wave Crash|p1a: Ting-Lu\n|-supereffective|p1a: Ting-Lu\n|-damage|p1a: Ting-Lu|0 fnt\n|faint|p1a: Ting-Lu\n|-damage|p2a: Dondozo|45\/100|[from] Recoil\n|\n|-heal|p2a: Dondozo|51\/100|[from] item: Leftovers\n|upkeep\n|\n|t:|1682009732\n|switch|p1a: Kingambit|Kingambit, L50, F|100\/100\n|-damage|p1a: Kingambit|95\/100|[from] Stealth Rock\n|turn|7\n|\n|t:|1682009752\n|-terastallize|p2b: Ting-Lu|Poison\n|move|p1b: Flutter Mane|Misty Terrain|p1b: Flutter Mane\n|-fieldstart|move: Misty Terrain\n|move|p2b: Ting-Lu|Heavy Slam|p1b: Flutter Mane\n|-supereffective|p1b: Flutter Mane\n|-crit|p1b: Flutter Mane\n|-damage|p1b: Flutter Mane|0 fnt\n|faint|p1b: Flutter Mane\n|-end|p1b: Flutter Mane|Protosynthesis|[silent]\n|move|p1a: Kingambit|Swords Dance|p1a: Kingambit\n|-boost|p1a: Kingambit|atk|2\n|move|p2a: Dondozo|Yawn|p1a: Kingambit\n|-start|p1a: Kingambit|move: Yawn|[of] p2a: Dondozo\n|\n|-heal|p2a: Dondozo|58\/100|[from] item: Leftovers\n|upkeep\n|turn|8\n|\n|t:|1682009772\n|move|p2b: Ting-Lu|Stomping Tantrum|p1a: Kingambit\n|-supereffective|p1a: Kingambit\n|-damage|p1a: Kingambit|45\/100\n|move|p1a: Kingambit|Kowtow Cleave|p2b: Ting-Lu\n|-damage|p2b: Ting-Lu|22\/100\n|move|p2a: Dondozo|Wave Crash|p1a: Kingambit\n|-damage|p1a: Kingambit|6\/100\n|-damage|p2a: Dondozo|46\/100|[from] Recoil\n|\n|-heal|p2a: Dondozo|53\/100|[from] item: Leftovers\n|-end|p1a: Kingambit|move: Yawn|[silent]\n|-activate|p1a: Kingambit|move: Misty Terrain\n|upkeep\n|turn|9\n|\n|t:|1682009787\n|move|p1a: Kingambit|Sucker Punch|p2b: Ting-Lu\n|-damage|p2b: Ting-Lu|0 fnt\n|faint|p2b: Ting-Lu\n|move|p2a: Dondozo|Wave Crash|p1a: Kingambit\n|-damage|p1a: Kingambit|0 fnt\n|faint|p1a: Kingambit\n|-damage|p2a: Dondozo|51\/100|[from] Recoil\n|\n|win|Gobills716\n|raw|MomeriA12's rating: 1415 → 1395<\/strong> (-20 for losing)\n|raw|Gobills716's rating: 1411 → 1431<\/strong> (+20 for winning)\n|l|\u2606MomeriA12\n","uploadtime":1682009795,"views":9,"p1id":"momeria12","p2id":"gobills716","formatid":"gen9vgc2023regulationc","rating":1395,"private":0,"password":""}