{"id":"gen9vgc2023regulationc-1856998769","p1":"The Umpire","p2":"kd-vgc711","format":"[Gen 9] VGC 2023 Regulation C","log":"|j|\u2606The Umpire\n|j|\u2606kd-vgc711\n|t:|1683135109\n|gametype|doubles\n|player|p1|The Umpire|volkner|1557\n|player|p2|kd-vgc711|266|1594\n|teamsize|p1|6\n|teamsize|p2|6\n|gen|9\n|tier|[Gen 9] VGC 2023 Regulation C\n|rated|\n|rule|Species Clause: Limit one of each Pok\u00e9mon\n|rule|Item Clause: Limit one of each item\n|clearpoke\n|poke|p1|Flutter Mane, L50|\n|poke|p1|Chien-Pao, L50|\n|poke|p1|Ting-Lu, L50|\n|poke|p1|Orthworm, L50, M|\n|poke|p1|Dragonite, L50, M|\n|poke|p1|Gyarados, L50, M|\n|poke|p2|Palafin, L50, M|\n|poke|p2|Brute Bonnet, L50|\n|poke|p2|Scizor, L50, F|\n|poke|p2|Chien-Pao, L50|\n|poke|p2|Salamence, L50, F|\n|poke|p2|Pelipper, L50, M|\n|teampreview|4\nkd-vgc711 has agreed to open team sheets.\nThe Umpire has agreed to open team sheets.\n|\n|t:|1683135146\n|start\n|switch|p1a: Chien-Pao|Chien-Pao, L50|100\/100\n|switch|p1b: Dragonite|Dragonite, L50, M|100\/100\n|switch|p2a: Palafin|Palafin, L50, M|100\/100\n|switch|p2b: Scizor|Scizor, L50, F|100\/100\n|-ability|p1a: Chien-Pao|Sword of Ruin\n|turn|1\n|inactive|Battle timer is ON: inactive players will automatically lose when time's up. (requested by kd-vgc711)\n|inactive|kd-vgc711 has 60 seconds left.\n|\n|t:|1683135183\n|switch|p1a: Gyarados|Gyarados, L50, M, shiny|100\/100\n|-ability|p1a: Gyarados|Intimidate|boost\n|-unboost|p2a: Palafin|atk|1\n|-unboost|p2b: Scizor|atk|1\n|switch|p2b: Salamence|Salamence, L50, F|100\/100\n|-ability|p2b: Salamence|Intimidate|boost\n|-unboost|p1a: Gyarados|atk|1\n|-unboost|p1b: Dragonite|atk|1\n|move|p1b: Dragonite|Dragon Dance|p1b: Dragonite\n|-boost|p1b: Dragonite|atk|1\n|-boost|p1b: Dragonite|spe|1\n|move|p2a: Palafin|Flip Turn|p1b: Dragonite\n|-resisted|p1b: Dragonite\n|-damage|p1b: Dragonite|95\/100\n|\n|t:|1683135196\n|detailschange|p2a: Palafin|Palafin-Hero, L50, M\n|switch|p2a: Chien-Pao|Chien-Pao, L50|100\/100|[from] Flip Turn\n|-ability|p2a: Chien-Pao|Sword of Ruin\n|\n|upkeep\n|turn|2\n|inactive|kd-vgc711 has 30 seconds left.\n|inactive|The Umpire has 30 seconds left.\n|\n|t:|1683135226\n|switch|p1b: Chien-Pao|Chien-Pao, L50|100\/100\n|-ability|p1b: Chien-Pao|Sword of Ruin\n|switch|p2b: Scizor|Scizor, L50, F|100\/100\n|move|p2a: Chien-Pao|Ice Spinner|p1b: Chien-Pao\n|-resisted|p1b: Chien-Pao\n|-damage|p1b: Chien-Pao|75\/100\n|move|p1a: Gyarados|Thunder Wave|p2a: Chien-Pao|[miss]\n|-miss|p1a: Gyarados|p2a: Chien-Pao\n|\n|upkeep\n|turn|3\n|\n|t:|1683135245\n|switch|p2a: Salamence|Salamence, L50, F|100\/100\n|-ability|p2a: Salamence|Intimidate|boost\n|-unboost|p1a: Gyarados|atk|1\n|-unboost|p1b: Chien-Pao|atk|1\n|move|p1b: Chien-Pao|Protect|p1b: Chien-Pao\n|-singleturn|p1b: Chien-Pao|Protect\n|move|p1a: Gyarados|Thunder Wave|p2b: Scizor\n|-status|p2b: Scizor|par\n|move|p2b: Scizor|U-turn|p1b: Chien-Pao\n|-activate|p1b: Chien-Pao|move: Protect\n|\n|upkeep\n|turn|4\n|\n|t:|1683135261\n|switch|p1b: Dragonite|Dragonite, L50, M|95\/100\n|switch|p2a: Chien-Pao|Chien-Pao, L50|100\/100\n|-ability|p2a: Chien-Pao|Sword of Ruin\n|cant|p2b: Scizor|par\n|move|p1a: Gyarados|Thunder Wave|p2a: Chien-Pao\n|-status|p2a: Chien-Pao|par\n|\n|upkeep\n|turn|5\n|\n|t:|1683135278\n|-terastallize|p1b: Dragonite|Flying\n|move|p1b: Dragonite|Tera Blast|p2b: Scizor\n|-damage|p2b: Scizor|29\/100 par\n|move|p1a: Gyarados|Waterfall|p2a: Chien-Pao\n|-damage|p2a: Chien-Pao|73\/100 par\n|move|p2a: Chien-Pao|Ice Spinner|p1b: Dragonite\n|-supereffective|p1b: Dragonite\n|-damage|p1b: Dragonite|0 fnt\n|faint|p1b: Dragonite\n|move|p2b: Scizor|U-turn|p1a: Gyarados\n|-resisted|p1a: Gyarados\n|-damage|p1a: Gyarados|73\/100\n|\n|t:|1683135290\n|switch|p2b: Palafin|Palafin-Hero, L50, M|100\/100|[from] U-turn\n|-activate|p2b: Palafin|ability: Zero to Hero\n|\n|upkeep\n|\n|t:|1683135297\n|switch|p1b: Flutter Mane|Flutter Mane, L50|100\/100\n|-enditem|p1b: Flutter Mane|Booster Energy\n|-activate|p1b: Flutter Mane|ability: Protosynthesis|[fromitem]\n|-start|p1b: Flutter Mane|protosynthesisspa\n|turn|6\n|\n|t:|1683135318\n|switch|p1a: Chien-Pao|Chien-Pao, L50|75\/100\n|-ability|p1a: Chien-Pao|Sword of Ruin\n|-terastallize|p2b: Palafin|Water\n|move|p2b: Palafin|Jet Punch|p1b: Flutter Mane\n|-damage|p1b: Flutter Mane|0 fnt\n|faint|p1b: Flutter Mane\n|-end|p1b: Flutter Mane|Protosynthesis|[silent]\n|move|p2a: Chien-Pao|Ice Spinner|p1a: Chien-Pao\n|-resisted|p1a: Chien-Pao\n|-damage|p1a: Chien-Pao|48\/100\n|\n|upkeep\n|\n|t:|1683135325\n|switch|p1b: Gyarados|Gyarados, L50, M, shiny|73\/100\n|-ability|p1b: Gyarados|Intimidate|boost\n|-unboost|p2a: Chien-Pao|atk|1\n|-unboost|p2b: Palafin|atk|1\n|turn|7\n|\n|t:|1683135350\n|switch|p2b: Salamence|Salamence, L50, F|100\/100\n|-ability|p2b: Salamence|Intimidate|boost\n|-unboost|p1a: Chien-Pao|atk|1\n|-unboost|p1b: Gyarados|atk|1\n|move|p1a: Chien-Pao|Sacred Sword|p2a: Chien-Pao\n|-supereffective|p2a: Chien-Pao\n|-damage|p2a: Chien-Pao|0 fnt\n|faint|p2a: Chien-Pao\n|move|p1b: Gyarados|Thunder Wave|p2b: Salamence\n|-status|p2b: Salamence|par\n|\n|upkeep\n|\n|t:|1683135366\n|switch|p2a: Palafin|Palafin-Hero, L50, M, tera:Water|100\/100\n|turn|8\n|\n|t:|1683135379\n|switch|p2b: Scizor|Scizor, L50, F|29\/100 par\n|move|p1a: Chien-Pao|Protect|p1a: Chien-Pao\n|-singleturn|p1a: Chien-Pao|Protect\n|move|p2a: Palafin|Wave Crash|p1b: Gyarados\n|-resisted|p1b: Gyarados\n|-damage|p1b: Gyarados|0 fnt\n|faint|p1b: Gyarados\n|-damage|p2a: Palafin|76\/100|[from] Recoil\n|\n|upkeep\n|turn|9\n|-message|The Umpire forfeited.\n|\n|win|kd-vgc711\n|raw|The Umpire's rating: 1557 → 1539<\/strong> (-18 for losing)\n|raw|kd-vgc711's rating: 1594 → 1612<\/strong> (+18 for winning)\n|l|\u2606The Umpire\n","uploadtime":1683135399,"views":15,"p1id":"theumpire","p2id":"kdvgc711","formatid":"gen9vgc2023regulationc","rating":1539,"private":0,"password":""}