{"id":"gen9vgc2023regulationc-1859423085","p1":"BloopScoop","p2":"letcheflan","format":"[Gen 9] VGC 2023 Regulation C","log":"|j|\u2606BloopScoop\n|j|\u2606letcheflan\n|t:|1683464706\n|gametype|doubles\n|player|p1|BloopScoop|burglar|1124\n|player|p2|letcheflan|n|1101\n|teamsize|p1|6\n|teamsize|p2|6\n|gen|9\n|tier|[Gen 9] VGC 2023 Regulation C\n|rated|\n|rule|Species Clause: Limit one of each Pok\u00e9mon\n|rule|Item Clause: Limit one of each item\n|clearpoke\n|poke|p1|Farigiraf, L50, M|\n|poke|p1|Arboliva, L50, F|\n|poke|p1|Armarouge, L50, M|\n|poke|p1|Gyarados, L50, M|\n|poke|p1|Chien-Pao, L50|\n|poke|p1|Baxcalibur, L50, M|\n|poke|p2|Abomasnow, L50, M|\n|poke|p2|Glaceon, L50, M|\n|poke|p2|Chi-Yu, L50|\n|poke|p2|Krookodile, L50, M|\n|poke|p2|Sylveon, L50, F|\n|poke|p2|Gyarados, L50, M|\n|teampreview|4\n|\n|t:|1683464747\n|start\n|switch|p1a: Armarouge|Armarouge, L50, M, shiny|100\/100\n|switch|p1b: Baxcalibur|Baxcalibur, L50, M|100\/100\n|switch|p2a: Gyarados|Gyarados, L50, M|100\/100\n|switch|p2b: Krookodile|Krookodile, L50, M|100\/100\n|-ability|p2b: Krookodile|Intimidate|boost\n|-unboost|p1a: Armarouge|atk|1\n|-fail|p1b: Baxcalibur|unboost|[from] item: Clear Amulet|[of] p1b: Baxcalibur\n|-ability|p2a: Gyarados|Intimidate|boost\n|-unboost|p1a: Armarouge|atk|1\n|-fail|p1b: Baxcalibur|unboost|[from] item: Clear Amulet|[of] p1b: Baxcalibur\n|turn|1\n|\n|t:|1683464806\n|move|p2b: Krookodile|Rock Slide|p1a: Armarouge|[spread] p1a,p1b\n|-supereffective|p1a: Armarouge\n|-supereffective|p1b: Baxcalibur\n|-damage|p1a: Armarouge|67\/100\n|-damage|p1b: Baxcalibur|69\/100\n|move|p2a: Gyarados|Waterfall|p1a: Armarouge\n|-supereffective|p1a: Armarouge\n|-damage|p1a: Armarouge|0 fnt\n|faint|p1a: Armarouge\n|cant|p1b: Baxcalibur|flinch\n|\n|upkeep\n|\n|t:|1683464815\n|switch|p1a: Farigiraf|Farigiraf, L50, M|100\/100\n|turn|2\n|\n|t:|1683464825\n|move|p1b: Baxcalibur|Protect|p1b: Baxcalibur\n|-singleturn|p1b: Baxcalibur|Protect\n|move|p2b: Krookodile|Crunch|p1a: Farigiraf\n|-supereffective|p1a: Farigiraf\n|-damage|p1a: Farigiraf|16\/100\n|-unboost|p1a: Farigiraf|def|1\n|move|p2a: Gyarados|Dragon Tail|p1b: Baxcalibur\n|-activate|p1b: Baxcalibur|move: Protect\n|move|p1a: Farigiraf|Trick Room|p1a: Farigiraf\n|-fieldstart|move: Trick Room|[of] p1a: Farigiraf\n|\n|upkeep\n|turn|3\n|\n|t:|1683464851\n|switch|p2a: Chi-Yu|Chi-Yu, L50|100\/100\n|-ability|p2a: Chi-Yu|Beads of Ruin\n|move|p1a: Farigiraf|Dazzling Gleam|p2b: Krookodile|[spread] p2a,p2b\n|-supereffective|p2b: Krookodile\n|-damage|p2a: Chi-Yu|75\/100\n|-damage|p2b: Krookodile|46\/100\n|move|p1b: Baxcalibur|Glaive Rush|p2b: Krookodile\n|-damage|p2b: Krookodile|0 fnt\n|-singlemove|p1b: Baxcalibur|Glaive Rush|[silent]\n|faint|p2b: Krookodile\n|\n|upkeep\n|\n|t:|1683464863\n|switch|p2b: Sylveon|Sylveon, L50, F|100\/100\n|turn|4\n|\n|t:|1683464871\n|move|p1b: Baxcalibur|Protect|p1b: Baxcalibur\n|-singleturn|p1b: Baxcalibur|Protect\n|move|p1a: Farigiraf|Dazzling Gleam|p2b: Sylveon|[spread] p2a,p2b\n|-damage|p2a: Chi-Yu|51\/100\n|-damage|p2b: Sylveon|82\/100\n|move|p2b: Sylveon|Hyper Voice|p1a: Farigiraf|[spread] p1a\n|-activate|p1b: Baxcalibur|move: Protect\n|-damage|p1a: Farigiraf|0 fnt\n|faint|p1a: Farigiraf\n|-enditem|p2b: Sylveon|Throat Spray\n|-boost|p2b: Sylveon|spa|1|[from] item: Throat Spray\n|move|p2a: Chi-Yu|Heat Wave|p1b: Baxcalibur\n|-activate|p1b: Baxcalibur|move: Protect\n|\n|upkeep\n|\n|t:|1683464883\n|switch|p1a: Arboliva|Arboliva, L50, F, shiny|100\/100\n|turn|5\n|\n|t:|1683464916\n|-terastallize|p1b: Baxcalibur|Fire\n|move|p1a: Arboliva|Hyper Voice|p2a: Chi-Yu|[spread] p2a,p2b\n|-damage|p2a: Chi-Yu|12\/100\n|-damage|p2b: Sylveon|50\/100\n|-enditem|p1a: Arboliva|Throat Spray\n|-boost|p1a: Arboliva|spa|1|[from] item: Throat Spray\n|move|p1b: Baxcalibur|Glaive Rush|p2a: Chi-Yu\n|-damage|p2a: Chi-Yu|0 fnt\n|-singlemove|p1b: Baxcalibur|Glaive Rush|[silent]\n|faint|p2a: Chi-Yu\n|move|p2b: Sylveon|Hyper Voice|p1a: Arboliva|[spread] p1a,p1b\n|-resisted|p1b: Baxcalibur\n|-damage|p1a: Arboliva|49\/100\n|-damage|p1b: Baxcalibur|28\/100\n|-fieldstart|move: Grassy Terrain|[from] ability: Seed Sower|[of] p1a: Arboliva\n|\n|-heal|p1a: Arboliva|55\/100|[from] Grassy Terrain\n|-heal|p1b: Baxcalibur|33\/100|[from] Grassy Terrain\n|-heal|p2b: Sylveon|56\/100|[from] Grassy Terrain\n|upkeep\n|\n|t:|1683464933\n|switch|p2a: Gyarados|Gyarados, L50, M|100\/100\n|-ability|p2a: Gyarados|Intimidate|boost\n|-unboost|p1a: Arboliva|atk|1\n|-fail|p1b: Baxcalibur|unboost|[from] item: Clear Amulet|[of] p1b: Baxcalibur\n|turn|6\n|\n|t:|1683464953\n|-terastallize|p2b: Sylveon|Fire\n|move|p1b: Baxcalibur|Protect|p1b: Baxcalibur\n|-singleturn|p1b: Baxcalibur|Protect\n|move|p1a: Arboliva|Giga Drain|p2a: Gyarados\n|-damage|p2a: Gyarados|47\/100\n|-heal|p1a: Arboliva|84\/100|[from] drain|[of] p2a: Gyarados\n|-enditem|p2a: Gyarados|Sitrus Berry|[eat]\n|-heal|p2a: Gyarados|72\/100|[from] item: Sitrus Berry\n|move|p2b: Sylveon|Tera Blast|p1a: Arboliva\n|-supereffective|p1a: Arboliva\n|-damage|p1a: Arboliva|0 fnt\n|faint|p1a: Arboliva\n|move|p2a: Gyarados|Icy Wind|p1b: Baxcalibur\n|-activate|p1b: Baxcalibur|move: Protect\n|\n|-heal|p1b: Baxcalibur|39\/100|[from] Grassy Terrain\n|-heal|p2b: Sylveon|62\/100|[from] Grassy Terrain\n|-fieldend|move: Trick Room\n|upkeep\n|turn|7\n|\n|t:|1683464974\n|move|p2a: Gyarados|Waterfall|p1b: Baxcalibur\n|-supereffective|p1b: Baxcalibur\n|-damage|p1b: Baxcalibur|0 fnt\n|faint|p1b: Baxcalibur\n|\n|win|letcheflan\n|raw|BloopScoop's rating: 1124 → 1097<\/strong> (-27 for losing)\n|raw|letcheflan's rating: 1101 → 1128<\/strong> (+27 for winning)\n|l|\u2606BloopScoop\n||Ladder isn't responding, score probably updated but might not have (Request timeout).\n","uploadtime":1683465063,"views":9,"p1id":"bloopscoop","p2id":"letcheflan","formatid":"gen9vgc2023regulationc","rating":1097,"private":0,"password":""}