{"id":"gen9vgc2023regulationc-1849494070","p1":"LUMOO","p2":"JohanDK","format":"[Gen 9] VGC 2023 Regulation C","log":"|j|\u2606LUMOO\n|j|\u2606JohanDK\n|t:|1682205090\n|gametype|doubles\n|player|p1|LUMOO|101|1184\n|player|p2|JohanDK|102|1164\n|teamsize|p1|6\n|teamsize|p2|6\n|gen|9\n|tier|[Gen 9] VGC 2023 Regulation C\n|rated|\n|rule|Species Clause: Limit one of each Pok\u00e9mon\n|rule|Item Clause: Limit one of each item\n|clearpoke\n|poke|p1|Scream Tail, L50|\n|poke|p1|Flutter Mane, L50|\n|poke|p1|Gothitelle, L50, F|\n|poke|p1|Wo-Chien, L50|\n|poke|p1|Slither Wing, L50|\n|poke|p1|Ting-Lu, L50|\n|poke|p2|Palafin, L50, M|\n|poke|p2|Chien-Pao, L50|\n|poke|p2|Dragapult, L50, M|\n|poke|p2|Amoonguss, L50, F|\n|poke|p2|Arcanine, L50, F|\n|poke|p2|Flutter Mane, L50|\n|teampreview|4\n|\n|t:|1682205156\n|start\n|switch|p1a: Slither Wing|Slither Wing, L50|100\/100\n|switch|p1b: Ting-Lu|Ting-Lu, L50|100\/100\n|switch|p2a: Dnite|Dragapult, L50, M|100\/100\n|switch|p2b: Bundle|Chien-Pao, L50|100\/100\n|-ability|p2b: Bundle|Sword of Ruin\n|-ability|p1b: Ting-Lu|Vessel of Ruin\n|turn|1\n|\n|t:|1682205204\n|move|p2b: Bundle|Protect|p2b: Bundle\n|-singleturn|p2b: Bundle|Protect\n|move|p1a: Slither Wing|U-turn|p2a: Dnite\n|-resisted|p2a: Dnite\n|-damage|p2a: Dnite|67\/100\n|\n|t:|1682205216\n|-end|p1a: Slither Wing|Protosynthesis|[silent]\n|switch|p1a: Flutter Mane|Flutter Mane, L50|100\/100|[from] U-turn\n|move|p2a: Dnite|Phantom Force||[still]\n|-prepare|p2a: Dnite|Phantom Force\n|move|p1b: Ting-Lu|Stomping Tantrum|p2b: Bundle\n|-activate|p2b: Bundle|move: Protect\n|\n|upkeep\n|turn|2\n|\n|t:|1682205243\n|move|p2a: Dnite|Phantom Force|p1a: Flutter Mane|[from]lockedmove\n|-supereffective|p1a: Flutter Mane\n|-enditem|p1a: Flutter Mane|Focus Sash\n|-damage|p1a: Flutter Mane|1\/100\n|move|p2b: Bundle|Ice Spinner|p1b: Ting-Lu\n|-supereffective|p1b: Ting-Lu\n|-damage|p1b: Ting-Lu|36\/100\n|move|p1a: Flutter Mane|Moonblast|p2b: Bundle\n|-supereffective|p2b: Bundle\n|-enditem|p2b: Bundle|Focus Sash\n|-damage|p2b: Bundle|1\/100\n|move|p1b: Ting-Lu|Stomping Tantrum|p2a: Dnite\n|-damage|p2a: Dnite|0 fnt\n|faint|p2a: Dnite\n|\n|upkeep\n|\n|t:|1682205260\n|switch|p2a: Mimi|Flutter Mane, L50|100\/100\n|-enditem|p2a: Mimi|Booster Energy\n|-activate|p2a: Mimi|ability: Protosynthesis|[fromitem]\n|-start|p2a: Mimi|protosynthesisspa\n|turn|3\n|\n|t:|1682205292\n|switch|p1b: Gothitelle|Gothitelle, L50, F|100\/100\n|move|p2b: Bundle|Sucker Punch|p1a: Flutter Mane\n|-damage|p1a: Flutter Mane|0 fnt\n|faint|p1a: Flutter Mane\n|-end|p1a: Flutter Mane|Protosynthesis|[silent]\n|move|p2a: Mimi|Moonblast|p1b: Gothitelle\n|-damage|p1b: Gothitelle|52\/100\n|\n|upkeep\n|\n|t:|1682205303\n|switch|p1a: Slither Wing|Slither Wing, L50|100\/100\n|turn|4\n|\n|t:|1682205327\n|-terastallize|p1a: Slither Wing|Fire\n|-terastallize|p2a: Mimi|Fairy\n|move|p2b: Bundle|Protect|p2b: Bundle\n|-singleturn|p2b: Bundle|Protect\n|move|p1b: Gothitelle|Fake Out|p2b: Bundle\n|-activate|p2b: Bundle|move: Protect\n|move|p1a: Slither Wing|Flare Blitz|p2a: Mimi\n|-damage|p2a: Mimi|0 fnt\n|faint|p2a: Mimi\n|-end|p2a: Mimi|Protosynthesis|[silent]\n|-damage|p1a: Slither Wing|71\/100|[from] Recoil\n|\n|upkeep\n|\n|t:|1682205341\n|switch|p2a: WoChien|Amoonguss, L50, F|100\/100\n|turn|5\n|\n|t:|1682205369\n|move|p2b: Bundle|Sucker Punch|p1a: Slither Wing\n|-damage|p1a: Slither Wing|14\/100\n|move|p1a: Slither Wing|Flare Blitz|p2a: WoChien\n|-supereffective|p2a: WoChien\n|-damage|p2a: WoChien|0 fnt\n|faint|p2a: WoChien\n|-damage|p1a: Slither Wing|0 fnt|[from] Recoil\n|faint|p1a: Slither Wing\n|-end|p1a: Slither Wing|Protosynthesis|[silent]\n|move|p1b: Gothitelle|Heal Pulse|p1: Slither Wing|[notarget]\n|-fail|p1b: Gothitelle\n|\n|upkeep\n|\n|t:|1682205381\n|switch|p1a: Ting-Lu|Ting-Lu, L50|36\/100\n|-ability|p1a: Ting-Lu|Vessel of Ruin\n|turn|6\n|\n|t:|1682205389\n|move|p2b: Bundle|Ice Spinner|p1a: Ting-Lu\n|-supereffective|p1a: Ting-Lu\n|-damage|p1a: Ting-Lu|0 fnt\n|faint|p1a: Ting-Lu\n|move|p1b: Gothitelle|Psychic|p2b: Bundle\n|-immune|p2b: Bundle\n|\n|upkeep\n|turn|7\n|-message|LUMOO forfeited.\n|\n|win|JohanDK\n|raw|LUMOO's rating: 1184 → 1158<\/strong> (-26 for losing)\n|raw|JohanDK's rating: 1164 → 1190<\/strong> (+26 for winning)\n|l|\u2606LUMOO\n","uploadtime":1682205403,"views":9,"p1id":"lumoo","p2id":"johandk","formatid":"gen9vgc2023regulationc","rating":1158,"private":0,"password":""}