{"id":"gen9vgc2023regulationc-1860739483","p1":"klatuu","p2":"Rateder","format":"[Gen 9] VGC 2023 Regulation C","log":"|j|\u2606klatuu\n|j|\u2606Rateder\n|t:|1683672057\n|gametype|doubles\n|player|p1|klatuu|roark|1538\n|player|p2|Rateder|ethan|1513\n|teamsize|p1|6\n|teamsize|p2|6\n|gen|9\n|tier|[Gen 9] VGC 2023 Regulation C\n|rated|\n|rule|Species Clause: Limit one of each Pok\u00e9mon\n|rule|Item Clause: Limit one of each item\n|clearpoke\n|poke|p1|Amoonguss, L50, F|\n|poke|p1|Flutter Mane, L50|\n|poke|p1|Gyarados, L50, M|\n|poke|p1|Iron Hands, L50|\n|poke|p1|Ting-Lu, L50|\n|poke|p1|Chi-Yu, L50|\n|poke|p2|Flutter Mane, L50|\n|poke|p2|Orthworm, L50, F|\n|poke|p2|Maushold-Four, L50|\n|poke|p2|Annihilape, L50, M|\n|poke|p2|Ting-Lu, L50|\n|poke|p2|Gyarados, L50, M|\n|teampreview|4\n|inactive|Battle timer is ON: inactive players will automatically lose when time's up. (requested by Rateder)\nklatuu has agreed to open team sheets.\nRateder rejected open team sheets.\n|inactive|klatuu has 60 seconds left.\n|inactive|Rateder has 60 seconds left.\n|\n|t:|1683672106\n|start\n|switch|p1a: Gyarados|Gyarados, L50, M|100\/100\n|switch|p1b: Amoonguss|Amoonguss, L50, F|100\/100\n|switch|p2a: Maushold|Maushold-Four, L50|100\/100\n|switch|p2b: Annihilape|Annihilape, L50, M|100\/100\n|-ability|p1a: Gyarados|Intimidate|boost\n|-unboost|p2a: Maushold|atk|1\n|-unboost|p2b: Annihilape|atk|1\n|-ability|p2b: Annihilape|Defiant|boost\n|-boost|p2b: Annihilape|atk|2\n|turn|1\n|inactive|klatuu has 30 seconds left.\n|inactive|Rateder has 30 seconds left.\n|inactive|Rateder has 20 seconds left.\n|\n|t:|1683672143\n|switch|p1b: Iron Hands|Iron Hands, L50|100\/100\n|-terastallize|p2b: Annihilape|Fire\n|move|p2a: Maushold|Follow Me|p2a: Maushold\n|-singleturn|p2a: Maushold|move: Follow Me\n|move|p1a: Gyarados|Thunder Wave|p2a: Maushold\n|-status|p2a: Maushold|par\n|move|p2b: Annihilape|Bulk Up|p2b: Annihilape\n|-boost|p2b: Annihilape|atk|1\n|-boost|p2b: Annihilape|def|1\n|\n|upkeep\n|turn|2\n|inactive|Rateder has 30 seconds left.\n|\n|t:|1683672169\n|move|p2b: Annihilape|Protect|p2b: Annihilape\n|-singleturn|p2b: Annihilape|Protect\n|move|p2a: Maushold|Protect|p2a: Maushold\n|-singleturn|p2a: Maushold|Protect\n|move|p1b: Iron Hands|Fake Out|p2b: Annihilape\n|-activate|p2b: Annihilape|move: Protect\n|move|p1a: Gyarados|Taunt|p2a: Maushold\n|-activate|p2a: Maushold|move: Protect\n|\n|upkeep\n|turn|3\n|inactive|Rateder has 30 seconds left.\n|inactive|Rateder has 20 seconds left.\n|\n|t:|1683672206\n|switch|p1a: Amoonguss|Amoonguss, L50, F|100\/100\n|move|p2b: Annihilape|Bulk Up|p2b: Annihilape\n|-boost|p2b: Annihilape|atk|1\n|-boost|p2b: Annihilape|def|1\n|cant|p2a: Maushold|par\n|move|p1b: Iron Hands|Drain Punch|p2a: Maushold\n|-supereffective|p2a: Maushold\n|-damage|p2a: Maushold|0 fnt\n|faint|p2a: Maushold\n|\n|upkeep\n|\n|t:|1683672219\n|switch|p2a: Gyarados|Gyarados, L50, M, shiny|100\/100\n|-ability|p2a: Gyarados|Intimidate|boost\n|-unboost|p1a: Amoonguss|atk|1\n|-fail|p1b: Iron Hands|unboost|[from] item: Clear Amulet|[of] p1b: Iron Hands\n|turn|4\n|inactive|Rateder has 30 seconds left.\n|\n|t:|1683672249\n|move|p2a: Gyarados|Taunt|p1a: Amoonguss\n|-start|p1a: Amoonguss|move: Taunt\n|move|p2b: Annihilape|Drain Punch|p1b: Iron Hands\n|-damage|p1b: Iron Hands|42\/100\n|move|p1b: Iron Hands|Wild Charge|p2a: Gyarados\n|-supereffective|p2a: Gyarados\n|-damage|p2a: Gyarados|0 fnt\n|faint|p2a: Gyarados\n|-damage|p1b: Iron Hands|21\/100|[from] Recoil\n|cant|p1a: Amoonguss|move: Taunt|Spore\n|\n|upkeep\n|\n|t:|1683672265\n|switch|p2a: Flutter Mane|Flutter Mane, L50|100\/100\n|turn|5\n|inactive|Rateder has 30 seconds left.\n|\n|t:|1683672299\n|move|p2a: Flutter Mane|Dazzling Gleam|p1b: Iron Hands|[spread] p1a,p1b\n|-resisted|p1a: Amoonguss\n|-supereffective|p1b: Iron Hands\n|-damage|p1a: Amoonguss|88\/100\n|-damage|p1b: Iron Hands|0 fnt\n|faint|p1b: Iron Hands\n|-end|p1b: Iron Hands|Quark Drive|[silent]\n|move|p2b: Annihilape|Rage Fist|p1a: Amoonguss\n|-damage|p1a: Amoonguss|46\/100\n|-enditem|p1a: Amoonguss|Sitrus Berry|[eat]\n|-heal|p1a: Amoonguss|71\/100|[from] item: Sitrus Berry\n|move|p1a: Amoonguss|Leaf Storm|p2a: Flutter Mane\n|-damage|p2a: Flutter Mane|56\/100\n|-unboost|p1a: Amoonguss|spa|2\n|\n|upkeep\n|inactive|klatuu has 30 seconds left.\n|inactive|klatuu has 20 seconds left.\n|inactive|klatuu has 15 seconds left.\n|\n|t:|1683672339\n|switch|p1b: Gyarados|Gyarados, L50, M|100\/100\n|-ability|p1b: Gyarados|Intimidate|boost\n|-unboost|p2a: Flutter Mane|atk|1\n|-unboost|p2b: Annihilape|atk|1\n|-ability|p2b: Annihilape|Defiant|boost\n|-boost|p2b: Annihilape|atk|2\n|turn|6\n|inactive|Rateder has 30 seconds left.\n|\n|t:|1683672371\n|-terastallize|p1b: Gyarados|Steel\n|move|p2a: Flutter Mane|Dazzling Gleam|p1b: Gyarados|[spread] p1a,p1b\n|-resisted|p1a: Amoonguss\n|-resisted|p1b: Gyarados\n|-damage|p1a: Amoonguss|57\/100\n|-damage|p1b: Gyarados|88\/100\n|move|p1b: Gyarados|Waterfall|p2a: Flutter Mane\n|-damage|p2a: Flutter Mane|0 fnt\n|faint|p2a: Flutter Mane\n|-end|p2a: Flutter Mane|Protosynthesis|[silent]\n|move|p2b: Annihilape|Bulk Up|p2b: Annihilape\n|-boost|p2b: Annihilape|atk|1\n|-boost|p2b: Annihilape|def|1\n|move|p1a: Amoonguss|Pollen Puff|p1b: Gyarados\n|-heal|p1b: Gyarados|100\/100\n|\n|-end|p1a: Amoonguss|move: Taunt\n|upkeep\n|turn|7\n|inactive|klatuu has 30 seconds left.\n|\n|t:|1683672404\n|move|p1a: Amoonguss|Rage Powder|p1a: Amoonguss\n|-singleturn|p1a: Amoonguss|move: Rage Powder\n|move|p1b: Gyarados|Thunder Wave|p2b: Annihilape\n|-status|p2b: Annihilape|par\n|cant|p2b: Annihilape|par\n|\n|upkeep\n|turn|8\n|\n|t:|1683672422\n|move|p1a: Amoonguss|Rage Powder|p1a: Amoonguss\n|-singleturn|p1a: Amoonguss|move: Rage Powder\n|move|p1b: Gyarados|Waterfall|p2b: Annihilape\n|-supereffective|p2b: Annihilape\n|-damage|p2b: Annihilape|77\/100 par\n|move|p2b: Annihilape|Drain Punch|p1a: Amoonguss\n|-resisted|p1a: Amoonguss\n|-damage|p1a: Amoonguss|13\/100\n|-heal|p2b: Annihilape|99\/100 par|[from] drain|[of] p1a: Amoonguss\n|\n|-heal|p2b: Annihilape|100\/100 par|[from] item: Leftovers\n|upkeep\n|turn|9\n|\n|t:|1683672438\n|move|p1a: Amoonguss|Rage Powder|p1a: Amoonguss\n|-singleturn|p1a: Amoonguss|move: Rage Powder\n|move|p1b: Gyarados|Waterfall|p2b: Annihilape\n|-supereffective|p2b: Annihilape\n|-damage|p2b: Annihilape|77\/100 par\n|move|p2b: Annihilape|Drain Punch|p1a: Amoonguss\n|-resisted|p1a: Amoonguss\n|-damage|p1a: Amoonguss|0 fnt\n|-heal|p2b: Annihilape|84\/100 par|[from] drain|[of] p1a: Amoonguss\n|faint|p1a: Amoonguss\n|\n|-heal|p2b: Annihilape|90\/100 par|[from] item: Leftovers\n|upkeep\n|\n|t:|1683672444\n|switch|p1a: Flutter Mane|Flutter Mane, L50|100\/100\n|turn|10\n|\n|t:|1683672460\n|move|p1a: Flutter Mane|Shadow Ball|p2b: Annihilape\n|-damage|p2b: Annihilape|45\/100 par\n|move|p1b: Gyarados|Waterfall|p2b: Annihilape\n|-supereffective|p2b: Annihilape\n|-damage|p2b: Annihilape|20\/100 par\n|cant|p2b: Annihilape|flinch\n|\n|-heal|p2b: Annihilape|26\/100 par|[from] item: Leftovers\n|upkeep\n|turn|11\n|\n|t:|1683672469\n|cant|p2b: Annihilape|par\n|move|p1a: Flutter Mane|Shadow Ball|p2b: Annihilape\n|-damage|p2b: Annihilape|0 fnt\n|faint|p2b: Annihilape\n|\n|win|klatuu\n|raw|klatuu's rating: 1538 → 1557<\/strong> (+19 for winning)\n|raw|Rateder's rating: 1513 → 1494<\/strong> (-19 for losing)\n|l|\u2606Rateder\n","uploadtime":1683672478,"views":11,"p1id":"klatuu","p2id":"rateder","formatid":"gen9vgc2023regulationc","rating":1494,"private":0,"password":""}