{"id":"gen9vgc2023regulationc-1853254239","p1":"Riddim415","p2":"XxKillGore642xX","format":"[Gen 9] VGC 2023 Regulation C","log":"|j|\u2606Riddim415\n|j|\u2606XxKillGore642xX\n|t:|1682655521\n|gametype|doubles\n|player|p1|Riddim415|hugh|1000\n|player|p2|XxKillGore642xX|2|1050\n|teamsize|p1|6\n|teamsize|p2|6\n|gen|9\n|tier|[Gen 9] VGC 2023 Regulation C\n|rated|\n|rule|Species Clause: Limit one of each Pok\u00e9mon\n|rule|Item Clause: Limit one of each item\n|clearpoke\n|poke|p1|Rotom-Wash, L50|\n|poke|p1|Corviknight, L50, M|\n|poke|p1|Ting-Lu, L50|\n|poke|p1|Great Tusk, L50|\n|poke|p1|Amoonguss, L50, M|\n|poke|p1|Gholdengo, L50|\n|poke|p2|Wo-Chien, L50|\n|poke|p2|Gothitelle, L50, M|\n|poke|p2|Arboliva, L50, M|\n|poke|p2|Chien-Pao, L50|\n|poke|p2|Gallade, L50, M|\n|poke|p2|Gyarados, L50, F|\n|teampreview|4\n|inactive|Battle timer is ON: inactive players will automatically lose when time's up. (requested by Riddim415)\nRiddim415 rejected open team sheets.\n|inactive|XxKillGore642xX has 60 seconds left.\n|\n|t:|1682655566\n|start\n|switch|p1a: Rotom|Rotom-Wash, L50, shiny|100\/100\n|switch|p1b: Ting-Lu|Ting-Lu, L50|100\/100\n|switch|p2a: Chien-Pao|Chien-Pao, L50|100\/100\n|switch|p2b: Gallade|Gallade, L50, M|100\/100\n|-ability|p2a: Chien-Pao|Sword of Ruin\n|-ability|p1b: Ting-Lu|Vessel of Ruin\n|turn|1\n|inactive|Riddim415 has 30 seconds left.\n|inactive|Riddim415 has 20 seconds left.\n|inactive|Riddim415 has 15 seconds left.\n|\n|t:|1682655607\n|move|p2a: Chien-Pao|Sacred Sword|p1b: Ting-Lu\n|-supereffective|p1b: Ting-Lu\n|-damage|p1b: Ting-Lu|60\/100\n|move|p2b: Gallade|Sacred Sword|p1b: Ting-Lu\n|-supereffective|p1b: Ting-Lu\n|-damage|p1b: Ting-Lu|0 fnt\n|faint|p1b: Ting-Lu\n|move|p1a: Rotom|Discharge|p2b: Gallade|[spread] p2a,p2b\n|-damage|p2a: Chien-Pao|60\/100\n|-damage|p2b: Gallade|75\/100\n|\n|upkeep\n|\n|t:|1682655619\n|switch|p1b: Great Tusk|Great Tusk, L50|100\/100\n|-enditem|p1b: Great Tusk|Booster Energy\n|-activate|p1b: Great Tusk|ability: Protosynthesis|[fromitem]\n|-start|p1b: Great Tusk|protosynthesisatk\n|turn|2\n|\n|t:|1682655641\n|switch|p2b: Arboliva|Arboliva, L50, M|100\/100\n|-terastallize|p1a: Rotom|Electric\n|move|p2a: Chien-Pao|Icicle Crash|p1b: Great Tusk\n|-supereffective|p1b: Great Tusk\n|-damage|p1b: Great Tusk|14\/100\n|move|p1b: Great Tusk|Earthquake|p2b: Arboliva|[spread] p2a,p2b\n|-immune|p1a: Rotom|[from] ability: Levitate\n|-resisted|p2b: Arboliva\n|-damage|p2a: Chien-Pao|0 fnt\n|-damage|p2b: Arboliva|69\/100\n|-fieldstart|move: Grassy Terrain|[from] ability: Seed Sower|[of] p2b: Arboliva\n|faint|p2a: Chien-Pao\n|move|p1a: Rotom|Discharge|p2b: Arboliva|[spread] p2b\n|-immune|p1b: Great Tusk\n|-resisted|p2b: Arboliva\n|-damage|p2b: Arboliva|60\/100\n|\n|-heal|p1b: Great Tusk|20\/100|[from] Grassy Terrain\n|-heal|p2b: Arboliva|66\/100|[from] Grassy Terrain\n|upkeep\n|\n|t:|1682655662\n|switch|p2a: Wo-Chien|Wo-Chien, L50|100\/100\n|-ability|p2a: Wo-Chien|Tablets of Ruin\n|turn|3\n|\n|t:|1682655683\n|move|p1b: Great Tusk|Ice Spinner|p2a: Wo-Chien\n|-supereffective|p2a: Wo-Chien\n|-damage|p2a: Wo-Chien|57\/100\n|-fieldend|move: Grassy Terrain\n|move|p1a: Rotom|Nasty Plot|p1a: Rotom\n|-boost|p1a: Rotom|spa|2\n|move|p2a: Wo-Chien|Leech Seed|p1b: Great Tusk\n|-start|p1b: Great Tusk|move: Leech Seed\n|move|p2b: Arboliva|Dazzling Gleam|p1b: Great Tusk|[spread] p1a,p1b\n|-supereffective|p1b: Great Tusk\n|-damage|p1a: Rotom|82\/100\n|-damage|p1b: Great Tusk|0 fnt\n|faint|p1b: Great Tusk\n|-end|p1b: Great Tusk|Protosynthesis|[silent]\n|\n|-damage|p2a: Wo-Chien|44\/100|[from] item: Black Sludge\n|upkeep\n|\n|t:|1682655695\n|switch|p1b: Gholdengo|Gholdengo, L50|100\/100\n|turn|4\n|\n|t:|1682655715\n|move|p1a: Rotom|Protect|p1a: Rotom\n|-singleturn|p1a: Rotom|Protect\n|move|p1b: Gholdengo|Nasty Plot|p1b: Gholdengo\n|-boost|p1b: Gholdengo|spa|2\n|move|p2a: Wo-Chien|Leech Seed|p1a: Rotom\n|-activate|p1a: Rotom|move: Protect\n|move|p2b: Arboliva|Pollen Puff|p2a: Wo-Chien\n|-heal|p2a: Wo-Chien|94\/100\n|\n|-damage|p2a: Wo-Chien|82\/100|[from] item: Black Sludge\n|upkeep\n|turn|5\n|inactive|XxKillGore642xX has 30 seconds left.\n|\n|t:|1682655747\n|move|p1b: Gholdengo|Make It Rain|p2b: Arboliva|[spread] p2a,p2b\n|-damage|p2a: Wo-Chien|18\/100\n|-damage|p2b: Arboliva|21\/100\n|-unboost|p1b: Gholdengo|spa|1\n|-fieldstart|move: Grassy Terrain|[from] ability: Seed Sower|[of] p2b: Arboliva\n|move|p1a: Rotom|Discharge|p2b: Arboliva|[spread] p1b,p2a,p2b\n|-resisted|p2a: Wo-Chien\n|-resisted|p2b: Arboliva\n|-damage|p1b: Gholdengo|23\/100\n|-damage|p2a: Wo-Chien|0 fnt\n|-damage|p2b: Arboliva|3\/100\n|faint|p2a: Wo-Chien\n|move|p2b: Arboliva|Energy Ball|p1b: Gholdengo\n|-resisted|p1b: Gholdengo\n|-damage|p1b: Gholdengo|0 fnt\n|faint|p1b: Gholdengo\n|\n|-heal|p2b: Arboliva|9\/100|[from] Grassy Terrain\n|upkeep\n|\n|t:|1682655766\n|switch|p2a: Gallade|Gallade, L50, M|75\/100\n|turn|6\n|\n|t:|1682655783\n|-terastallize|p2a: Gallade|Psychic\n|move|p2a: Gallade|Psycho Cut|p1a: Rotom\n|-crit|p1a: Rotom\n|-damage|p1a: Rotom|0 fnt\n|faint|p1a: Rotom\n|\n|win|XxKillGore642xX\n|raw|Riddim415's rating: 1000 → 1000<\/strong> (+0 for losing)\n|raw|XxKillGore642xX's rating: 1050 → 1078<\/strong> (+28 for winning)\n|l|\u2606Riddim415\n","uploadtime":1682655792,"views":11,"p1id":"riddim415","p2id":"xxkillgore642xx","formatid":"gen9vgc2023regulationc","rating":1000,"private":0,"password":""}