{"id":"gen9vgc2023regulationc-1851762216","p1":"antolin19","p2":"r3gCt3st","format":"[Gen 9] VGC 2023 Regulation C","log":"|j|\u2606antolin19\n|j|\u2606r3gCt3st\n|t:|1682479662\n|gametype|doubles\n|player|p1|antolin19|266|1345\n|player|p2|r3gCt3st|unknown|1245\n|teamsize|p1|6\n|teamsize|p2|4\n|gen|9\n|tier|[Gen 9] VGC 2023 Regulation C\n|rated|\n|rule|Species Clause: Limit one of each Pok\u00e9mon\n|rule|Item Clause: Limit one of each item\n|clearpoke\n|poke|p1|Amoonguss, L50, F|\n|poke|p1|Iron Bundle, L50|\n|poke|p1|Palafin, L50, M|\n|poke|p1|Garchomp, L50, F|\n|poke|p1|Flutter Mane, L50|\n|poke|p1|Chi-Yu, L50|\n|poke|p2|Drifblim, L50, F|\n|poke|p2|Annihilape, L50, F|\n|poke|p2|Indeedee-F, L50, F|\n|poke|p2|Maushold-Four, L50|\n|teampreview|4\n|inactive|Battle timer is ON: inactive players will automatically lose when time's up. (requested by antolin19)\n|\n|t:|1682479692\n|start\n|switch|p1a: Palafin|Palafin, L50, M|100\/100\n|switch|p1b: Garchomp|Garchomp, L50, F|100\/100\n|switch|p2a: Drifblim|Drifblim, L50, F|100\/100\n|switch|p2b: Annihilape|Annihilape, L50, F|100\/100\n|turn|1\n|\n|t:|1682479706\n|move|p1a: Palafin|Protect|p1a: Palafin\n|-singleturn|p1a: Palafin|Protect\n|move|p1b: Garchomp|Rock Slide|p2b: Annihilape|[spread] p2a,p2b\n|-supereffective|p2a: Drifblim\n|-resisted|p2b: Annihilape\n|-damage|p2a: Drifblim|72\/100\n|-damage|p2b: Annihilape|94\/100\n|move|p2b: Annihilape|Bulk Up|p2b: Annihilape\n|-boost|p2b: Annihilape|atk|1\n|-boost|p2b: Annihilape|def|1\n|move|p2a: Drifblim|Skill Swap|p2b: Annihilape\n|-activate|p2a: Drifblim|move: Skill Swap|||[of] p2b: Annihilape\n|\n|upkeep\n|turn|2\n|inactive|antolin19 has 30 seconds left.\n|\n|t:|1682479734\n|detailschange|p1a: Palafin|Palafin-Hero, L50, M\n|switch|p1a: Flutter Mane|Flutter Mane, L50|100\/100\n|switch|p2a: Indeedee|Indeedee-F, L50, F|100\/100\n|-fieldstart|move: Psychic Terrain|[from] ability: Psychic Surge|[of] p2a: Indeedee\n|-enditem|p2b: Annihilape|Psychic Seed\n|-boost|p2b: Annihilape|spd|1|[from] item: Psychic Seed\n|move|p2b: Annihilape|Rage Fist|p1a: Flutter Mane\n|-supereffective|p1a: Flutter Mane\n|-damage|p1a: Flutter Mane|0 fnt\n|faint|p1a: Flutter Mane\n|-end|p1a: Flutter Mane|Protosynthesis|[silent]\n|move|p1b: Garchomp|Rock Slide|p2b: Annihilape|[spread] p2a,p2b\n|-resisted|p2b: Annihilape\n|-damage|p2a: Indeedee|81\/100\n|-damage|p2b: Annihilape|89\/100\n|\n|upkeep\n|\n|t:|1682479745\n|switch|p1a: Chi-Yu|Chi-Yu, L50|100\/100\n|-ability|p1a: Chi-Yu|Beads of Ruin\n|turn|3\n|\n|t:|1682479756\n|move|p2b: Annihilape|Drain Punch|p1a: Chi-Yu\n|-supereffective|p1a: Chi-Yu\n|-enditem|p1a: Chi-Yu|Focus Sash\n|-damage|p1a: Chi-Yu|1\/100\n|-heal|p2b: Annihilape|100\/100|[from] drain|[of] p1a: Chi-Yu\n|move|p1b: Garchomp|Rock Slide|p2b: Annihilape|[spread] p2a,p2b\n|-resisted|p2b: Annihilape\n|-damage|p2a: Indeedee|63\/100\n|-damage|p2b: Annihilape|95\/100\n|move|p1a: Chi-Yu|Heat Wave|p2b: Annihilape|[spread] p2a,p2b\n|-damage|p2a: Indeedee|13\/100\n|-damage|p2b: Annihilape|65\/100\n|-status|p2a: Indeedee|brn\n|move|p2a: Indeedee|Heal Pulse|p2b: Annihilape\n|-heal|p2b: Annihilape|100\/100\n|\n|-damage|p2a: Indeedee|7\/100 brn|[from] brn\n|upkeep\n|turn|4\n|\n|t:|1682479766\n|move|p1a: Chi-Yu|Protect|p1a: Chi-Yu\n|-singleturn|p1a: Chi-Yu|Protect\n|move|p2b: Annihilape|Rage Fist|p1a: Chi-Yu\n|-activate|p1a: Chi-Yu|move: Protect\n|move|p1b: Garchomp|Earthquake|p2b: Annihilape|[spread] p2a,p2b\n|-activate|p1a: Chi-Yu|move: Protect\n|-damage|p2a: Indeedee|0 fnt\n|-damage|p2b: Annihilape|80\/100\n|faint|p2a: Indeedee\n|\n|upkeep\n|\n|t:|1682479770\n|switch|p2a: Maushold|Maushold-Four, L50|100\/100\n|turn|5\n|\n|t:|1682479789\n|move|p2b: Annihilape|Rage Fist|p1b: Garchomp\n|-damage|p1b: Garchomp|0 fnt\n|-damage|p2b: Annihilape|67\/100|[from] ability: Rough Skin|[of] p1b: Garchomp\n|faint|p1b: Garchomp\n|move|p2a: Maushold|Population Bomb|p1a: Chi-Yu\n|-damage|p1a: Chi-Yu|0 fnt\n|faint|p1a: Chi-Yu\n|-hitcount|p1: Chi-Yu|1\n|\n|upkeep\n|-message|antolin19 forfeited.\n|\n|win|r3gCt3st\n|raw|antolin19's rating: 1345 → 1319<\/strong> (-26 for losing)\n|raw|r3gCt3st's rating: 1245 → 1277<\/strong> (+32 for winning)\n|l|\u2606antolin19\n","uploadtime":1682479806,"views":10,"p1id":"antolin19","p2id":"r3gct3st","formatid":"gen9vgc2023regulationc","rating":1277,"private":0,"password":""}