{"id":"gen9vgc2023regulationc-1855744082","p1":"Mizore te","p2":"Nehzzy","format":"[Gen 9] VGC 2023 Regulation C","log":"|j|\u2606Mizore te\n|j|\u2606Nehzzy\n|t:|1682979138\n|gametype|doubles\n|player|p1|Mizore te|medium|1216\n|player|p2|Nehzzy|steven|1280\n|teamsize|p1|6\n|teamsize|p2|6\n|gen|9\n|tier|[Gen 9] VGC 2023 Regulation C\n|rated|\n|rule|Species Clause: Limit one of each Pok\u00e9mon\n|rule|Item Clause: Limit one of each item\n|clearpoke\n|poke|p1|Tinkaton, L50, F|\n|poke|p1|Amoonguss, L50, M|\n|poke|p1|Arcanine, L50, F|\n|poke|p1|Flutter Mane, L50|\n|poke|p1|Baxcalibur, L50, M|\n|poke|p1|Palafin, L50, M|\n|poke|p2|Orthworm, L50, F|\n|poke|p2|Garchomp, L50, M|\n|poke|p2|Talonflame, L50, M|\n|poke|p2|Amoonguss, L50, F|\n|poke|p2|Gholdengo, L50|\n|poke|p2|Gyarados, L50, M|\n|teampreview|4\nNehzzy has agreed to open team sheets.\nMizore te has agreed to open team sheets.\n|c|\u2606Nehzzy|glhf\n|c|\u2606Mizore te|glhf\n|\n|t:|1682979224\n|start\n|switch|p1a: Tinkaton|Tinkaton, L50, F|100\/100\n|switch|p1b: Palafin|Palafin, L50, M, shiny|100\/100\n|switch|p2a: Gyarados|Gyarados, L50, M, shiny|100\/100\n|switch|p2b: Gholdengo|Gholdengo, L50|100\/100\n|-ability|p1a: Tinkaton|Mold Breaker\n|-ability|p2a: Gyarados|Intimidate|boost\n|-unboost|p1a: Tinkaton|atk|1\n|-unboost|p1b: Palafin|atk|1\n|turn|1\n|\n|t:|1682979247\n|detailschange|p1b: Palafin|Palafin-Hero, L50, M, shiny\n|switch|p1b: Arcanine|Arcanine, L50, F|100\/100\n|-ability|p1b: Arcanine|Intimidate|boost\n|-unboost|p2a: Gyarados|atk|1\n|-unboost|p2b: Gholdengo|atk|1\n|move|p2b: Gholdengo|Protect|p2b: Gholdengo\n|-singleturn|p2b: Gholdengo|Protect\n|move|p1a: Tinkaton|Fake Out|p2a: Gyarados\n|-damage|p2a: Gyarados|95\/100\n|cant|p2a: Gyarados|flinch\n|\n|upkeep\n|turn|2\n|\n|t:|1682979281\n|switch|p2b: Garchomp|Garchomp, L50, M, shiny|100\/100\n|move|p1a: Tinkaton|Encore||[still]\n|-fail|p1a: Tinkaton\n|move|p1b: Arcanine|Flare Blitz|p2b: Garchomp\n|-resisted|p2b: Garchomp\n|-damage|p2b: Garchomp|74\/100\n|-damage|p1b: Arcanine|88\/100|[from] ability: Rough Skin|[of] p2b: Garchomp\n|-damage|p1b: Arcanine|80\/100|[from] Recoil\n|move|p2a: Gyarados|Thunder Wave|p1a: Tinkaton\n|-status|p1a: Tinkaton|par\n|\n|upkeep\n|turn|3\n|\n|t:|1682979317\n|-terastallize|p2b: Garchomp|Fire\n|move|p2b: Garchomp|Earthquake|p1a: Tinkaton|[spread] p1a,p1b\n|-immune|p2a: Gyarados\n|-supereffective|p1a: Tinkaton\n|-supereffective|p1b: Arcanine\n|-damage|p1a: Tinkaton|15\/100 par\n|-damage|p1b: Arcanine|0 fnt\n|faint|p1b: Arcanine\n|move|p2a: Gyarados|Waterfall|p1a: Tinkaton\n|-damage|p1a: Tinkaton|0 fnt\n|faint|p1a: Tinkaton\n|\n|upkeep\n|\n|t:|1682979325\n|switch|p1a: Baxcalibur|Baxcalibur, L50, M|100\/100\n|switch|p1b: Palafin|Palafin-Hero, L50, M, shiny|100\/100\n|-activate|p1b: Palafin|ability: Zero to Hero\n|turn|4\n|\n|t:|1682979344\n|switch|p2a: Gholdengo|Gholdengo, L50|100\/100\n|-terastallize|p1b: Palafin|Water\n|move|p2b: Garchomp|Protect|p2b: Garchomp\n|-singleturn|p2b: Garchomp|Protect\n|move|p1b: Palafin|Jet Punch|p2b: Garchomp\n|-activate|p2b: Garchomp|move: Protect\n|move|p1a: Baxcalibur|Glaive Rush|p2a: Gholdengo\n|-resisted|p2a: Gholdengo\n|-damage|p2a: Gholdengo|70\/100\n|-singlemove|p1a: Baxcalibur|Glaive Rush|[silent]\n|\n|-heal|p2a: Gholdengo|76\/100|[from] item: Leftovers\n|upkeep\n|turn|5\n|\n|t:|1682979362\n|switch|p2b: Gyarados|Gyarados, L50, M, shiny|95\/100\n|-ability|p2b: Gyarados|Intimidate|boost\n|-unboost|p1a: Baxcalibur|atk|1\n|-unboost|p1b: Palafin|atk|1\n|move|p1b: Palafin|Protect|p1b: Palafin\n|-singleturn|p1b: Palafin|Protect\n|move|p2a: Gholdengo|Protect|p2a: Gholdengo\n|-singleturn|p2a: Gholdengo|Protect\n|move|p1a: Baxcalibur|Earthquake|p2a: Gholdengo|[spread] \n|-activate|p1b: Palafin|move: Protect\n|-activate|p2a: Gholdengo|move: Protect\n|-immune|p2b: Gyarados\n|\n|-heal|p2a: Gholdengo|82\/100|[from] item: Leftovers\n|upkeep\n|turn|6\n|-message|Mizore te forfeited.\n|\n|win|Nehzzy\n|raw|Mizore te's rating: 1216 → 1196<\/strong> (-20 for losing)\n|raw|Nehzzy's rating: 1280 → 1300<\/strong> (+20 for winning)\n|l|\u2606Mizore te\n","uploadtime":1682979380,"views":12,"p1id":"mizorete","p2id":"nehzzy","formatid":"gen9vgc2023regulationc","rating":1196,"private":0,"password":""}