{"id":"gen9vgc2023regulationc-1859311105","p1":"marcelobg","p2":"Corefallenkei","format":"[Gen 9] VGC 2023 Regulation C","log":"|j|\u2606marcelobg\n|j|\u2606Corefallenkei\n|t:|1683432536\n|gametype|doubles\n|player|p1|marcelobg|2|1360\n|player|p2|Corefallenkei|169|1272\n|teamsize|p1|6\n|teamsize|p2|6\n|gen|9\n|tier|[Gen 9] VGC 2023 Regulation C\n|rated|\n|rule|Species Clause: Limit one of each Pok\u00e9mon\n|rule|Item Clause: Limit one of each item\n|clearpoke\n|poke|p1|Great Tusk, L50|\n|poke|p1|Iron Bundle, L50|\n|poke|p1|Amoonguss, L50, M|\n|poke|p1|Talonflame, L50, F|\n|poke|p1|Flutter Mane, L50|\n|poke|p1|Iron Hands, L50|\n|poke|p2|Grafaiai, L50, F|\n|poke|p2|Jumpluff, L50, M|\n|poke|p2|Ceruledge, L50, M|\n|poke|p2|Ting-Lu, L50|\n|poke|p2|Chien-Pao, L50|\n|poke|p2|Slither Wing, L50|\n|teampreview|4\n|j| Bagabond\n|inactive|Battle timer is ON: inactive players will automatically lose when time's up. (requested by marcelobg)\n|inactive|marcelobg has 60 seconds left.\n|l| Bagabond\n|inactive|marcelobg has 30 seconds left.\n|\n|t:|1683432616\n|start\n|switch|p1a: Iron Bundle|Iron Bundle, L50|100\/100\n|switch|p1b: Talonflame|Talonflame, L50, F|100\/100\n|switch|p2a: Grafaiai|Grafaiai, L50, F|100\/100\n|switch|p2b: Ceruledge|Ceruledge, L50, M|100\/100\n|-enditem|p1a: Iron Bundle|Booster Energy\n|-activate|p1a: Iron Bundle|ability: Quark Drive|[fromitem]\n|-start|p1a: Iron Bundle|quarkdrivespe\n|turn|1\n|\n|t:|1683432641\n|move|p1a: Iron Bundle|Protect|p1a: Iron Bundle\n|-singleturn|p1a: Iron Bundle|Protect\n|move|p2b: Ceruledge|Protect|p2b: Ceruledge\n|-singleturn|p2b: Ceruledge|Protect\n|move|p1b: Talonflame|Tailwind|p1b: Talonflame\n|-sidestart|p1: marcelobg|move: Tailwind\n|move|p2a: Grafaiai|Toxic|p1a: Iron Bundle\n|-activate|p1a: Iron Bundle|move: Protect\n|\n|upkeep\n|turn|2\n|\n|t:|1683432657\n|-terastallize|p2b: Ceruledge|Grass\n|move|p2a: Grafaiai|Encore|p1b: Talonflame\n|-start|p1b: Talonflame|Encore\n|move|p1a: Iron Bundle|Hydro Pump|p2b: Ceruledge\n|-resisted|p2b: Ceruledge\n|-damage|p2b: Ceruledge|74\/100\n|move|p1b: Talonflame|Tailwind||[still]\n|-fail|p1b: Talonflame\n|move|p2b: Ceruledge|Bitter Blade|p1a: Iron Bundle\n|-damage|p1a: Iron Bundle|49\/100\n|-heal|p2b: Ceruledge|95\/100|[from] drain|[of] p1a: Iron Bundle\n|\n|upkeep\n|turn|3\n|\n|t:|1683432676\n|switch|p1b: Great Tusk|Great Tusk, L50|100\/100\n|move|p1a: Iron Bundle|Protect|p1a: Iron Bundle\n|-singleturn|p1a: Iron Bundle|Protect\n|move|p2a: Grafaiai|Encore|p1a: Iron Bundle\n|-activate|p1a: Iron Bundle|move: Protect\n|move|p2b: Ceruledge|Bulk Up|p2b: Ceruledge\n|-boost|p2b: Ceruledge|atk|1\n|-boost|p2b: Ceruledge|def|1\n|\n|upkeep\n|turn|4\n|\n|t:|1683432692\n|-end|p1a: Iron Bundle|Quark Drive|[silent]\n|switch|p1a: Talonflame|Talonflame, L50, F|100\/100\n|move|p2a: Grafaiai|Encore||[still]\n|-fail|p2a: Grafaiai\n|move|p1b: Great Tusk|Earthquake|p2b: Ceruledge|[spread] p2a,p2b\n|-immune|p1a: Talonflame\n|-supereffective|p2a: Grafaiai\n|-resisted|p2b: Ceruledge\n|-damage|p2a: Grafaiai|0 fnt\n|-damage|p2b: Ceruledge|75\/100\n|faint|p2a: Grafaiai\n|move|p2b: Ceruledge|Bulk Up|p2b: Ceruledge\n|-boost|p2b: Ceruledge|atk|1\n|-boost|p2b: Ceruledge|def|1\n|\n|-sideend|p1: marcelobg|move: Tailwind\n|upkeep\n|\n|t:|1683432696\n|switch|p2a: Chien-Pao|Chien-Pao, L50|100\/100\n|-ability|p2a: Chien-Pao|Sword of Ruin\n|turn|5\n|inactive|marcelobg has 30 seconds left.\n|inactive|marcelobg has 20 seconds left.\n|inactive|marcelobg has 15 seconds left.\n|\n|t:|1683432740\n|-terastallize|p1b: Great Tusk|Fire\n|move|p2a: Chien-Pao|Sucker Punch||[still]\n|-fail|p2a: Chien-Pao\n|move|p1a: Talonflame|Tailwind|p1a: Talonflame\n|-sidestart|p1: marcelobg|move: Tailwind\n|move|p1b: Great Tusk|Earthquake|p2b: Ceruledge|[spread] p2a,p2b\n|-immune|p1a: Talonflame\n|-resisted|p2b: Ceruledge\n|-damage|p2a: Chien-Pao|40\/100\n|-damage|p2b: Ceruledge|57\/100\n|move|p2b: Ceruledge|Bitter Blade|p1b: Great Tusk\n|-resisted|p1b: Great Tusk\n|-damage|p1b: Great Tusk|60\/100\n|-heal|p2b: Ceruledge|81\/100|[from] drain|[of] p1b: Great Tusk\n|\n|upkeep\n|turn|6\n|inactive|marcelobg has 30 seconds left.\n|\n|t:|1683432773\n|move|p1b: Great Tusk|Protect|p1b: Great Tusk\n|-singleturn|p1b: Great Tusk|Protect\n|move|p2a: Chien-Pao|Protect|p2a: Chien-Pao\n|-singleturn|p2a: Chien-Pao|Protect\n|move|p1a: Talonflame|Brave Bird|p2b: Ceruledge\n|-supereffective|p2b: Ceruledge\n|-damage|p2b: Ceruledge|20\/100\n|-damage|p1a: Talonflame|82\/100|[from] Recoil\n|move|p2b: Ceruledge|Bitter Blade|p1a: Talonflame\n|-resisted|p1a: Talonflame\n|-damage|p1a: Talonflame|19\/100\n|-heal|p2b: Ceruledge|53\/100|[from] drain|[of] p1a: Talonflame\n|\n|upkeep\n|turn|7\n|inactive|marcelobg has 30 seconds left.\n|inactive|Corefallenkei has 30 seconds left.\n|inactive|marcelobg has 20 seconds left.\n|inactive|marcelobg has 15 seconds left.\n|inactive|marcelobg has 10 seconds left.\n|inactive|marcelobg has 5 seconds left.\n|\n|t:|1683432827\n|switch|p2a: Slither Wing|Slither Wing, L50|100\/100\n|move|p2b: Ceruledge|Shadow Sneak|p1a: Talonflame\n|-damage|p1a: Talonflame|0 fnt\n|faint|p1a: Talonflame\n|move|p1b: Great Tusk|Close Combat|p2b: Ceruledge\n|-damage|p2b: Ceruledge|12\/100\n|-unboost|p1b: Great Tusk|def|1\n|-unboost|p1b: Great Tusk|spd|1\n|\n|upkeep\n|\n|t:|1683432840\n|switch|p1a: Flutter Mane|Flutter Mane, L50|100\/100\n|turn|8\n|\n|t:|1683432858\n|move|p1a: Flutter Mane|Protect|p1a: Flutter Mane\n|-singleturn|p1a: Flutter Mane|Protect\n|move|p2b: Ceruledge|Protect|p2b: Ceruledge\n|-singleturn|p2b: Ceruledge|Protect\n|move|p1b: Great Tusk|Earthquake|p2b: Ceruledge|[spread] p2a\n|-activate|p1a: Flutter Mane|move: Protect\n|-activate|p2b: Ceruledge|move: Protect\n|-resisted|p2a: Slither Wing\n|-damage|p2a: Slither Wing|78\/100\n|move|p2a: Slither Wing|Leech Life|p1a: Flutter Mane\n|-activate|p1a: Flutter Mane|move: Protect\n|\n|-sideend|p1: marcelobg|move: Tailwind\n|upkeep\n|turn|9\n|inactive|marcelobg has 30 seconds left.\n|\n|t:|1683432885\n|-end|p1a: Flutter Mane|Protosynthesis|[silent]\n|switch|p1a: Iron Bundle|Iron Bundle, L50|49\/100\n|move|p1b: Great Tusk|Close Combat|p2b: Ceruledge\n|-damage|p2b: Ceruledge|0 fnt\n|-unboost|p1b: Great Tusk|def|1\n|-unboost|p1b: Great Tusk|spd|1\n|faint|p2b: Ceruledge\n|move|p2a: Slither Wing|Leech Life|p1a: Iron Bundle\n|-damage|p1a: Iron Bundle|0 fnt\n|-heal|p2a: Slither Wing|95\/100|[from] drain|[of] p1a: Iron Bundle\n|faint|p1a: Iron Bundle\n|-end|p1a: Iron Bundle|Quark Drive|[silent]\n|\n|upkeep\n|\n|t:|1683432897\n|switch|p1a: Flutter Mane|Flutter Mane, L50|100\/100\n|switch|p2b: Chien-Pao|Chien-Pao, L50|40\/100\n|-ability|p2b: Chien-Pao|Sword of Ruin\n|turn|10\n|\n|t:|1683432907\n|move|p1a: Flutter Mane|Protect|p1a: Flutter Mane\n|-singleturn|p1a: Flutter Mane|Protect\n|move|p2b: Chien-Pao|Sucker Punch|p1b: Great Tusk\n|-damage|p1b: Great Tusk|0 fnt\n|faint|p1b: Great Tusk\n|-end|p1b: Great Tusk|Protosynthesis|[silent]\n|move|p2a: Slither Wing|Leech Life|p1a: Flutter Mane\n|-activate|p1a: Flutter Mane|move: Protect\n|\n|upkeep\n|turn|11\n|\n|t:|1683432919\n|move|p2b: Chien-Pao|Sucker Punch|p1a: Flutter Mane\n|-damage|p1a: Flutter Mane|29\/100\n|move|p1a: Flutter Mane|Dazzling Gleam|p2b: Chien-Pao|[spread] p2a,p2b\n|-supereffective|p2a: Slither Wing\n|-supereffective|p2b: Chien-Pao\n|-damage|p2a: Slither Wing|29\/100\n|-damage|p2b: Chien-Pao|0 fnt\n|faint|p2b: Chien-Pao\n|-damage|p1a: Flutter Mane|19\/100|[from] item: Life Orb\n|move|p2a: Slither Wing|Leech Life|p1a: Flutter Mane\n|-resisted|p1a: Flutter Mane\n|-damage|p1a: Flutter Mane|0 fnt\n|-heal|p2a: Slither Wing|36\/100|[from] drain|[of] p1a: Flutter Mane\n|faint|p1a: Flutter Mane\n|-end|p1a: Flutter Mane|Protosynthesis|[silent]\n|\n|win|Corefallenkei\n|raw|marcelobg's rating: 1360 → 1335<\/strong> (-25 for losing)\n|raw|Corefallenkei's rating: 1272 → 1303<\/strong> (+31 for winning)\n","uploadtime":1683432934,"views":11,"p1id":"marcelobg","p2id":"corefallenkei","formatid":"gen9vgc2023regulationc","rating":1303,"private":0,"password":""}