{"id":"gen9vgc2023regulationc-1850375376","p1":"fredo1994","p2":"JayoticNL","format":"[Gen 9] VGC 2023 Regulation C","log":"|j|\u2606fredo1994\n|j|\u2606JayoticNL\n|t:|1682327144\n|gametype|doubles\n|player|p1|fredo1994|170|1074\n|player|p2|JayoticNL|ingo|1138\n|teamsize|p1|6\n|teamsize|p2|6\n|gen|9\n|tier|[Gen 9] VGC 2023 Regulation C\n|rated|\n|rule|Species Clause: Limit one of each Pok\u00e9mon\n|rule|Item Clause: Limit one of each item\n|clearpoke\n|poke|p1|Palafin, L50, M|\n|poke|p1|Flutter Mane, L50|\n|poke|p1|Arcanine, L50, M|\n|poke|p1|Amoonguss, L50, M|\n|poke|p1|Ting-Lu, L50|\n|poke|p1|Baxcalibur, L50, M|\n|poke|p2|Palafin, L50, F|\n|poke|p2|Amoonguss, L50, F|\n|poke|p2|Arcanine, L50, M|\n|poke|p2|Flutter Mane, L50|\n|poke|p2|Ting-Lu, L50|\n|poke|p2|Revavroom, L50, M|\n|teampreview|4\n|inactive|Battle timer is ON: inactive players will automatically lose when time's up. (requested by JayoticNL)\n|\n|t:|1682327161\n|start\n|switch|p1a: Flutter Mane|Flutter Mane, L50|100\/100\n|switch|p1b: Baxcalibur|Baxcalibur, L50, M|100\/100\n|switch|p2a: Palafin|Palafin, L50, F|100\/100\n|switch|p2b: Amoonguss|Amoonguss, L50, F|100\/100\n|turn|1\n|inactive|fredo1994 has 30 seconds left.\n|\n|t:|1682327195\n|-end|p1a: Flutter Mane|Protosynthesis|[silent]\n|switch|p1a: Amoonguss|Amoonguss, L50, M|100\/100\n|detailschange|p2a: Palafin|Palafin-Hero, L50, F\n|switch|p2a: Arcanine|Arcanine, L50, M|100\/100\n|-ability|p2a: Arcanine|Intimidate|boost\n|-unboost|p1a: Amoonguss|atk|1\n|-fail|p1b: Baxcalibur|unboost|[from] item: Clear Amulet|[of] p1b: Baxcalibur\n|-terastallize|p2b: Amoonguss|Water\n|move|p1b: Baxcalibur|Icicle Spear|p2b: Amoonguss\n|-resisted|p2b: Amoonguss\n|-damage|p2b: Amoonguss|95\/100\n|-resisted|p2b: Amoonguss\n|-damage|p2b: Amoonguss|89\/100\n|-hitcount|p2b: Amoonguss|2\n|move|p2b: Amoonguss|Spore|p1b: Baxcalibur\n|-status|p1b: Baxcalibur|slp|[from] move: Spore\n|\n|upkeep\n|turn|2\n|inactive|fredo1994 has 30 seconds left.\n|inactive|fredo1994 has 20 seconds left.\n|inactive|fredo1994 has 15 seconds left.\n|inactive|fredo1994 has 10 seconds left.\n|\n|t:|1682327242\n|cant|p1b: Baxcalibur|slp\n|move|p2a: Arcanine|Flare Blitz|p1a: Amoonguss\n|-supereffective|p1a: Amoonguss\n|-damage|p1a: Amoonguss|4\/100\n|-enditem|p1a: Amoonguss|Sitrus Berry|[eat]\n|-heal|p1a: Amoonguss|29\/100|[from] item: Sitrus Berry\n|-damage|p2a: Arcanine|60\/100|[from] Recoil\n|move|p2b: Amoonguss|Spore|p1a: Amoonguss\n|-immune|p1a: Amoonguss\n|move|p1a: Amoonguss|Spore|p2a: Arcanine\n|-status|p2a: Arcanine|slp|[from] move: Spore\n|\n|upkeep\n|turn|3\n|\n|t:|1682327263\n|switch|p2b: Revavroom|Revavroom, L50, M|100\/100\n|cant|p2a: Arcanine|slp\n|-curestatus|p1b: Baxcalibur|slp|[msg]\n|move|p1b: Baxcalibur|Glaive Rush|p2a: Arcanine\n|-damage|p2a: Arcanine|0 fnt\n|-singlemove|p1b: Baxcalibur|Glaive Rush|[silent]\n|faint|p2a: Arcanine\n|move|p1a: Amoonguss|Spore|p2b: Revavroom\n|-immune|p2b: Revavroom|[from] ability: Overcoat\n|\n|upkeep\n|\n|t:|1682327273\n|switch|p2a: Amoonguss|Amoonguss, L50, F, tera:Water|100\/100\n|turn|4\n|inactive|fredo1994 has 30 seconds left.\n|inactive|fredo1994 has 20 seconds left.\n|\n|t:|1682327309\n|move|p1b: Baxcalibur|Protect|p1b: Baxcalibur\n|-singleturn|p1b: Baxcalibur|Protect\n|move|p2b: Revavroom|Shift Gear|p2b: Revavroom\n|-boost|p2b: Revavroom|spe|2\n|-boost|p2b: Revavroom|atk|1\n|move|p2a: Amoonguss|Spore|p1b: Baxcalibur\n|-activate|p1b: Baxcalibur|move: Protect\n|move|p1a: Amoonguss|Spore|p2a: Amoonguss\n|-status|p2a: Amoonguss|slp|[from] move: Spore\n|\n|upkeep\n|turn|5\n|\n|t:|1682327330\n|cant|p2a: Amoonguss|slp\n|move|p1a: Amoonguss|Rage Powder|p1a: Amoonguss\n|-singleturn|p1a: Amoonguss|move: Rage Powder\n|move|p2b: Revavroom|Spin Out|p1b: Baxcalibur\n|-supereffective|p1b: Baxcalibur\n|-damage|p1b: Baxcalibur|0 fnt\n|-unboost|p2b: Revavroom|spe|2\n|faint|p1b: Baxcalibur\n|\n|upkeep\n|\n|t:|1682327342\n|switch|p1b: Ting-Lu|Ting-Lu, L50|100\/100\n|-ability|p1b: Ting-Lu|Vessel of Ruin\n|turn|6\n|\n|t:|1682327369\n|move|p2b: Revavroom|Protect|p2b: Revavroom\n|-singleturn|p2b: Revavroom|Protect\n|move|p1b: Ting-Lu|Stomping Tantrum|p2b: Revavroom\n|-activate|p2b: Revavroom|move: Protect\n|cant|p2a: Amoonguss|slp\n|move|p1a: Amoonguss|Pollen Puff|p1b: Ting-Lu\n|-immune|p1b: Ting-Lu\n|\n|upkeep\n|turn|7\n|\n|t:|1682327392\n|move|p2b: Revavroom|Spin Out|p1a: Amoonguss\n|-damage|p1a: Amoonguss|0 fnt\n|-unboost|p2b: Revavroom|spe|2\n|faint|p1a: Amoonguss\n|move|p1b: Ting-Lu|Ruination|p2b: Revavroom\n|-damage|p2b: Revavroom|50\/100\n|cant|p2a: Amoonguss|slp\n|\n|upkeep\n|\n|t:|1682327402\n|switch|p1a: Flutter Mane|Flutter Mane, L50|100\/100\n|turn|8\n|\n|t:|1682327420\n|-terastallize|p1a: Flutter Mane|Fairy\n|move|p2b: Revavroom|Protect|p2b: Revavroom\n|-singleturn|p2b: Revavroom|Protect\n|move|p1a: Flutter Mane|Dazzling Gleam|p2a: Amoonguss|[spread] p2a\n|-activate|p2b: Revavroom|move: Protect\n|-damage|p2a: Amoonguss|65\/100 slp\n|move|p1b: Ting-Lu|Stomping Tantrum|p2b: Revavroom\n|-activate|p2b: Revavroom|move: Protect\n|-curestatus|p2a: Amoonguss|slp|[msg]\n|move|p2a: Amoonguss|Spore|p1a: Flutter Mane\n|-status|p1a: Flutter Mane|slp|[from] move: Spore\n|\n|upkeep\n|turn|9\n|\n|t:|1682327438\n|move|p2a: Amoonguss|Rage Powder|p2a: Amoonguss\n|-singleturn|p2a: Amoonguss|move: Rage Powder\n|cant|p1a: Flutter Mane|slp\n|move|p2b: Revavroom|Spin Out|p1a: Flutter Mane\n|-supereffective|p1a: Flutter Mane\n|-damage|p1a: Flutter Mane|0 fnt\n|-unboost|p2b: Revavroom|spe|2\n|faint|p1a: Flutter Mane\n|-end|p1a: Flutter Mane|Protosynthesis|[silent]\n|move|p1b: Ting-Lu|Stomping Tantrum|p2a: Amoonguss\n|-damage|p2a: Amoonguss|41\/100\n|-enditem|p2a: Amoonguss|Sitrus Berry|[eat]\n|-heal|p2a: Amoonguss|66\/100|[from] item: Sitrus Berry\n|\n|upkeep\n|turn|10\n|inactive|fredo1994 has 30 seconds left.\n|\n|t:|1682327463\n|move|p2b: Revavroom|Protect|p2b: Revavroom\n|-singleturn|p2b: Revavroom|Protect\n|move|p1b: Ting-Lu|Stomping Tantrum|p2b: Revavroom\n|-activate|p2b: Revavroom|move: Protect\n|move|p2a: Amoonguss|Spore|p1b: Ting-Lu\n|-status|p1b: Ting-Lu|slp|[from] move: Spore\n|\n|upkeep\n|turn|11\n|\n|t:|1682327476\n|cant|p1b: Ting-Lu|slp\n|move|p2b: Revavroom|Shift Gear|p2b: Revavroom\n|-boost|p2b: Revavroom|spe|2\n|-boost|p2b: Revavroom|atk|1\n|move|p2a: Amoonguss|Pollen Puff|p2b: Revavroom\n|-heal|p2b: Revavroom|100\/100\n|\n|upkeep\n|turn|12\n|\n|t:|1682327487\n|move|p2a: Amoonguss|Rage Powder|p2a: Amoonguss\n|-singleturn|p2a: Amoonguss|move: Rage Powder\n|move|p2b: Revavroom|Shift Gear|p2b: Revavroom\n|-boost|p2b: Revavroom|spe|2\n|-boost|p2b: Revavroom|atk|1\n|cant|p1b: Ting-Lu|slp\n|\n|upkeep\n|turn|13\n|\n|t:|1682327495\n|move|p2a: Amoonguss|Rage Powder|p2a: Amoonguss\n|-singleturn|p2a: Amoonguss|move: Rage Powder\n|move|p2b: Revavroom|Spin Out|p1b: Ting-Lu\n|-damage|p1b: Ting-Lu|39\/100 slp\n|-unboost|p2b: Revavroom|spe|2\n|-curestatus|p1b: Ting-Lu|slp|[msg]\n|move|p1b: Ting-Lu|Stomping Tantrum|p2a: Amoonguss\n|-damage|p2a: Amoonguss|22\/100\n|\n|upkeep\n|turn|14\n|\n|t:|1682327507\n|move|p2a: Amoonguss|Rage Powder|p2a: Amoonguss\n|-singleturn|p2a: Amoonguss|move: Rage Powder\n|move|p2b: Revavroom|Spin Out|p1b: Ting-Lu\n|-damage|p1b: Ting-Lu|0 fnt\n|-unboost|p2b: Revavroom|spe|2\n|faint|p1b: Ting-Lu\n|\n|win|JayoticNL\n|raw|fredo1994's rating: 1074 → 1057<\/strong> (-17 for losing)\n|raw|JayoticNL's rating: 1138 → 1158<\/strong> (+20 for winning)\n","uploadtime":1682327522,"views":29,"p1id":"fredo1994","p2id":"jayoticnl","formatid":"gen9vgc2023regulationc","rating":1057,"private":0,"password":""}