{"id":"gen9vgc2023regulationc-1856803641","p1":"previouslyunnamed","p2":"Frasca95","format":"[Gen 9] VGC 2023 Regulation C","log":"|j|\u203dpreviouslyunnamed\n|j|\u2606Frasca95\n|t:|1683113740\n|gametype|doubles\n|player|p1|previouslyunnamed|pokefan-gen4|1161\n|player|p2|Frasca95|170|1070\n|teamsize|p1|6\n|teamsize|p2|6\n|gen|9\n|tier|[Gen 9] VGC 2023 Regulation C\n|rated|\n|rule|Species Clause: Limit one of each Pok\u00e9mon\n|rule|Item Clause: Limit one of each item\n|clearpoke\n|poke|p1|Indeedee-F, L50, F|\n|poke|p1|Hariyama, L50, M|\n|poke|p1|Hatterene, L50, F|\n|poke|p1|Torkoal, L50, M|\n|poke|p1|Oranguru, L50, F|\n|poke|p1|Kingambit, L50, M|\n|poke|p2|Roaring Moon, L50|\n|poke|p2|Amoonguss, L50, M|\n|poke|p2|Iron Hands, L50|\n|poke|p2|Arcanine, L50, F|\n|poke|p2|Ting-Lu, L50|\n|poke|p2|Gyarados, L50, F|\n|teampreview|4\n|inactive|Battle timer is ON: inactive players will automatically lose when time's up. (requested by previouslyunnamed)\n|\n|t:|1683113769\n|start\n|switch|p1a: Indeedee|Indeedee-F, L50, F|100\/100\n|switch|p1b: Oranguru|Oranguru, L50, F|100\/100\n|switch|p2a: Ting-Lu|Ting-Lu, L50|100\/100\n|switch|p2b: Arcanine|Arcanine, L50, F|100\/100\n|-ability|p2b: Arcanine|Intimidate|boost\n|-unboost|p1a: Indeedee|atk|1\n|-fail|p1b: Oranguru|unboost|Attack|[from] ability: Inner Focus|[of] p1b: Oranguru\n|-fieldstart|move: Psychic Terrain|[from] ability: Psychic Surge|[of] p1a: Indeedee\n|-ability|p2a: Ting-Lu|Vessel of Ruin\n|turn|1\n|inactive|previouslyunnamed has 30 seconds left.\n|inactive|previouslyunnamed has 20 seconds left.\n|\n|t:|1683113804\n|move|p1a: Indeedee|Follow Me|p1a: Indeedee\n|-singleturn|p1a: Indeedee|move: Follow Me\n|move|p2b: Arcanine|Snarl|p1a: Indeedee|[spread] p1b\n|-miss|p2b: Arcanine|p1a: Indeedee\n|-supereffective|p1b: Oranguru\n|-damage|p1b: Oranguru|91\/100\n|-unboost|p1b: Oranguru|spa|1\n|move|p2a: Ting-Lu|Throat Chop|p1a: Indeedee\n|-supereffective|p1a: Indeedee\n|-damage|p1a: Indeedee|0 fnt\n|faint|p1a: Indeedee\n|move|p1b: Oranguru|Trick Room|p1b: Oranguru\n|-fieldstart|move: Trick Room|[of] p1b: Oranguru\n|\n|upkeep\n|\n|t:|1683113819\n|switch|p1a: Torkoal|Torkoal, L50, M|100\/100\n|-weather|SunnyDay|[from] ability: Drought|[of] p1a: Torkoal\n|turn|2\n|\n|t:|1683113835\n|-terastallize|p1a: Torkoal|Fire\n|move|p1a: Torkoal|Eruption|p2b: Arcanine|[spread] p2a,p2b\n|-resisted|p2b: Arcanine\n|-damage|p2a: Ting-Lu|27\/100\n|-damage|p2b: Arcanine|59\/100\n|move|p1b: Oranguru|Instruct|p1a: Torkoal\n|-singleturn|p1a: Torkoal|move: Instruct|[of] p1b: Oranguru\n|move|p1a: Torkoal|Eruption|p2a: Ting-Lu|[spread] p2a,p2b\n|-resisted|p2b: Arcanine\n|-damage|p2a: Ting-Lu|0 fnt\n|-damage|p2b: Arcanine|19\/100\n|faint|p2a: Ting-Lu\n|move|p2b: Arcanine|Snarl|p1b: Oranguru|[spread] p1a,p1b\n|-supereffective|p1b: Oranguru\n|-damage|p1a: Torkoal|90\/100\n|-damage|p1b: Oranguru|80\/100\n|-unboost|p1a: Torkoal|spa|1\n|-unboost|p1b: Oranguru|spa|1\n|\n|-weather|SunnyDay|[upkeep]\n|upkeep\n|\n|t:|1683113850\n|switch|p2a: Roaring Moon|Roaring Moon, L50|100\/100\n|-activate|p2a: Roaring Moon|ability: Protosynthesis\n|-start|p2a: Roaring Moon|protosynthesisspe\n|turn|3\n|\n|t:|1683113858\n|switch|p1a: Hariyama|Hariyama, L50, M|100\/100\n|move|p1b: Oranguru|Protect|p1b: Oranguru\n|-singleturn|p1b: Oranguru|Protect\n|move|p2a: Roaring Moon|Protect|p2a: Roaring Moon\n|-singleturn|p2a: Roaring Moon|Protect\n|move|p2b: Arcanine|Snarl|p1a: Hariyama|[spread] p1a\n|-activate|p1b: Oranguru|move: Protect\n|-resisted|p1a: Hariyama\n|-damage|p1a: Hariyama|96\/100\n|-unboost|p1a: Hariyama|spa|1\n|\n|-weather|SunnyDay|[upkeep]\n|-status|p1a: Hariyama|brn|[from] item: Flame Orb\n|upkeep\n|turn|4\n|\n|t:|1683113882\n|-end|p2a: Roaring Moon|Protosynthesis|[silent]\n|switch|p2a: Iron Hands|Iron Hands, L50|100\/100\n|move|p2b: Arcanine|Protect|p2b: Arcanine\n|-singleturn|p2b: Arcanine|Protect\n|move|p1a: Hariyama|Close Combat|p2a: Iron Hands\n|-damage|p2a: Iron Hands|35\/100\n|-unboost|p1a: Hariyama|def|1\n|-unboost|p1a: Hariyama|spd|1\n|move|p1b: Oranguru|Instruct|p1a: Hariyama\n|-singleturn|p1a: Hariyama|move: Instruct|[of] p1b: Oranguru\n|move|p1a: Hariyama|Close Combat|p2a: Iron Hands\n|-damage|p2a: Iron Hands|0 fnt\n|-unboost|p1a: Hariyama|def|1\n|-unboost|p1a: Hariyama|spd|1\n|faint|p2a: Iron Hands\n|-end|p2a: Iron Hands|Quark Drive|[silent]\n|\n|-weather|SunnyDay|[upkeep]\n|-damage|p1a: Hariyama|90\/100 brn|[from] brn\n|upkeep\n|\n|t:|1683113899\n|switch|p2a: Roaring Moon|Roaring Moon, L50|100\/100\n|-activate|p2a: Roaring Moon|ability: Protosynthesis\n|-start|p2a: Roaring Moon|protosynthesisspe\n|turn|5\n|inactive|Frasca95 has 30 seconds left.\n|\n|t:|1683113925\n|move|p2b: Arcanine|Protect|p2b: Arcanine\n|-singleturn|p2b: Arcanine|Protect\n|move|p2a: Roaring Moon|Protect|p2a: Roaring Moon\n|-singleturn|p2a: Roaring Moon|Protect\n|move|p1a: Hariyama|Close Combat|p2b: Arcanine\n|-activate|p2b: Arcanine|move: Protect\n|move|p1b: Oranguru|Instruct|p1a: Hariyama\n|-singleturn|p1a: Hariyama|move: Instruct|[of] p1b: Oranguru\n|move|p1a: Hariyama|Close Combat|p2b: Arcanine\n|-activate|p2b: Arcanine|move: Protect\n|\n|-weather|SunnyDay|[upkeep]\n|-damage|p1a: Hariyama|84\/100 brn|[from] brn\n|-fieldend|move: Trick Room\n|-fieldend|move: Psychic Terrain\n|upkeep\n|turn|6\n|\n|t:|1683113944\n|-terastallize|p2a: Roaring Moon|Flying\n|move|p1a: Hariyama|Protect|p1a: Hariyama\n|-singleturn|p1a: Hariyama|Protect\n|move|p2a: Roaring Moon|Acrobatics|p1a: Hariyama\n|-activate|p1a: Hariyama|move: Protect\n|move|p2b: Arcanine|Snarl|p1a: Hariyama|[spread] p1b\n|-activate|p1a: Hariyama|move: Protect\n|-supereffective|p1b: Oranguru\n|-crit|p1b: Oranguru\n|-damage|p1b: Oranguru|63\/100\n|-unboost|p1b: Oranguru|spa|1\n|move|p1b: Oranguru|Trick Room|p1b: Oranguru\n|-fieldstart|move: Trick Room|[of] p1b: Oranguru\n|\n|-weather|none\n|-end|p2a: Roaring Moon|Protosynthesis\n|-damage|p1a: Hariyama|78\/100 brn|[from] brn\n|upkeep\n|-enditem|p2a: Roaring Moon|Booster Energy\n|-activate|p2a: Roaring Moon|ability: Protosynthesis|[fromitem]\n|-start|p2a: Roaring Moon|protosynthesisspe\n|turn|7\n|\n|t:|1683113965\n|move|p2a: Roaring Moon|Protect|p2a: Roaring Moon\n|-singleturn|p2a: Roaring Moon|Protect\n|move|p1a: Hariyama|Close Combat|p2b: Arcanine\n|-damage|p2b: Arcanine|0 fnt\n|-unboost|p1a: Hariyama|def|1\n|-unboost|p1a: Hariyama|spd|1\n|faint|p2b: Arcanine\n|move|p1b: Oranguru|Instruct|p1a: Hariyama\n|-singleturn|p1a: Hariyama|move: Instruct|[of] p1b: Oranguru\n|move|p1a: Hariyama|Close Combat|p2a: Roaring Moon\n|-activate|p2a: Roaring Moon|move: Protect\n|\n|-damage|p1a: Hariyama|72\/100 brn|[from] brn\n|upkeep\n|turn|8\n|\n|t:|1683113980\n|move|p2a: Roaring Moon|Protect||[still]\n|-fail|p2a: Roaring Moon\n|move|p1a: Hariyama|Close Combat|p2a: Roaring Moon\n|-resisted|p2a: Roaring Moon\n|-damage|p2a: Roaring Moon|43\/100\n|-unboost|p1a: Hariyama|def|1\n|-unboost|p1a: Hariyama|spd|1\n|move|p1b: Oranguru|Instruct|p1a: Hariyama\n|-singleturn|p1a: Hariyama|move: Instruct|[of] p1b: Oranguru\n|move|p1a: Hariyama|Close Combat|p2a: Roaring Moon\n|-resisted|p2a: Roaring Moon\n|-damage|p2a: Roaring Moon|0 fnt\n|-unboost|p1a: Hariyama|def|1\n|-unboost|p1a: Hariyama|spd|1\n|faint|p2a: Roaring Moon\n|-end|p2a: Roaring Moon|Protosynthesis|[silent]\n|\n|win|previouslyunnamed\n|raw|previouslyunnamed's rating: 1161 → 1180<\/strong> (+19 for winning)\n|raw|Frasca95's rating: 1070 → 1055<\/strong> (-15 for losing)\n|l|\u2606Frasca95\n","uploadtime":1683114004,"views":4,"p1id":"previouslyunnamed","p2id":"frasca95","formatid":"gen9vgc2023regulationc","rating":1055,"private":0,"password":""}