{"id":"gen9vgc2023regulationc-1857318122","p1":"marcelobg","p2":"swishnightly","format":"[Gen 9] VGC 2023 Regulation C","log":"|j|\u2606marcelobg\n|j|\u203dswishnightly\n|t:|1683172469\n|gametype|doubles\n|player|p1|marcelobg|101|1314\n|player|p2|swishnightly|winona|1238\n|teamsize|p1|6\n|teamsize|p2|6\n|gen|9\n|tier|[Gen 9] VGC 2023 Regulation C\n|rated|\n|rule|Species Clause: Limit one of each Pok\u00e9mon\n|rule|Item Clause: Limit one of each item\n|clearpoke\n|poke|p1|Ting-Lu, L50|\n|poke|p1|Ceruledge, L50, F|\n|poke|p1|Gyarados, L50, F|\n|poke|p1|Amoonguss, L50, M|\n|poke|p1|Flutter Mane, L50|\n|poke|p1|Baxcalibur, L50, F|\n|poke|p2|Flutter Mane, L50|\n|poke|p2|Chi-Yu, L50|\n|poke|p2|Roaring Moon, L50|\n|poke|p2|Jumpluff, L50, F|\n|poke|p2|Wo-Chien, L50|\n|poke|p2|Torkoal, L50, M|\n|teampreview|4\n|inactive|Battle timer is ON: inactive players will automatically lose when time's up. (requested by swishnightly)\n|inactive|marcelobg has 60 seconds left.\n|inactive|swishnightly has 60 seconds left.\n|\n|t:|1683172517\n|start\n|switch|p1a: Gyarados|Gyarados, L50, F|100\/100\n|switch|p1b: Baxcalibur|Baxcalibur, L50, F, shiny|100\/100\n|switch|p2a: Roaring Moon|Roaring Moon, L50|100\/100\n|switch|p2b: Jumpluff|Jumpluff, L50, F|100\/100\n|-ability|p1a: Gyarados|Intimidate|boost\n|-unboost|p2a: Roaring Moon|atk|1\n|-unboost|p2b: Jumpluff|atk|1\n|turn|1\n|inactive|marcelobg has 30 seconds left.\n|inactive|swishnightly has 30 seconds left.\n|inactive|marcelobg has 20 seconds left.\n|inactive|swishnightly has 20 seconds left.\n|inactive|marcelobg has 15 seconds left.\n|\n|t:|1683172559\n|move|p2b: Jumpluff|Protect|p2b: Jumpluff\n|-singleturn|p2b: Jumpluff|Protect\n|move|p1b: Baxcalibur|Protect|p1b: Baxcalibur\n|-singleturn|p1b: Baxcalibur|Protect\n|move|p1a: Gyarados|Protect|p1a: Gyarados\n|-singleturn|p1a: Gyarados|Protect\n|move|p2a: Roaring Moon|Rock Slide|p1a: Gyarados|[spread] \n|-activate|p1a: Gyarados|move: Protect\n|-activate|p1b: Baxcalibur|move: Protect\n|\n|upkeep\n|turn|2\n|inactive|marcelobg has 30 seconds left.\n|inactive|swishnightly has 30 seconds left.\n|inactive|marcelobg has 20 seconds left.\n|\n|t:|1683172599\n|move|p2a: Roaring Moon|Protect|p2a: Roaring Moon\n|-singleturn|p2a: Roaring Moon|Protect\n|move|p1b: Baxcalibur|Ice Shard|p2b: Jumpluff\n|-supereffective|p2b: Jumpluff\n|-enditem|p2b: Jumpluff|Focus Sash\n|-damage|p2b: Jumpluff|1\/100\n|move|p2b: Jumpluff|Sleep Powder|p1b: Baxcalibur\n|-status|p1b: Baxcalibur|slp|[from] move: Sleep Powder\n|move|p1a: Gyarados|Thunder Wave|p2a: Roaring Moon\n|-activate|p2a: Roaring Moon|move: Protect\n|\n|upkeep\n|turn|3\n|inactive|marcelobg has 30 seconds left.\n|inactive|swishnightly has 30 seconds left.\n|\n|t:|1683172633\n|-terastallize|p2a: Roaring Moon|Ground\n|cant|p1b: Baxcalibur|slp\n|move|p2b: Jumpluff|Absorb|p2a: Roaring Moon\n|-supereffective|p2a: Roaring Moon\n|-damage|p2a: Roaring Moon|91\/100\n|-heal|p2b: Jumpluff|6\/100|[from] drain|[of] p2a: Roaring Moon\n|-enditem|p2a: Roaring Moon|Weakness Policy\n|-boost|p2a: Roaring Moon|atk|2|[from] item: Weakness Policy\n|-boost|p2a: Roaring Moon|spa|2|[from] item: Weakness Policy\n|move|p2a: Roaring Moon|Rock Slide|p1b: Baxcalibur|[spread] p1a,p1b\n|-supereffective|p1a: Gyarados\n|-supereffective|p1b: Baxcalibur\n|-damage|p1a: Gyarados|41\/100\n|-damage|p1b: Baxcalibur|38\/100 slp\n|-enditem|p1a: Gyarados|Sitrus Berry|[eat]\n|-heal|p1a: Gyarados|66\/100|[from] item: Sitrus Berry\n|cant|p1a: Gyarados|flinch\n|\n|upkeep\n|turn|4\n|inactive|marcelobg has 30 seconds left.\n|\n|t:|1683172659\n|switch|p1a: Ting-Lu|Ting-Lu, L50|100\/100\n|-ability|p1a: Ting-Lu|Vessel of Ruin\n|cant|p1b: Baxcalibur|slp\n|move|p2b: Jumpluff|Sleep Powder|p1a: Ting-Lu\n|-status|p1a: Ting-Lu|slp|[from] move: Sleep Powder\n|move|p2a: Roaring Moon|Rock Slide|p1a: Ting-Lu|[spread] p1a,p1b\n|-resisted|p1a: Ting-Lu\n|-supereffective|p1b: Baxcalibur\n|-damage|p1a: Ting-Lu|92\/100 slp\n|-damage|p1b: Baxcalibur|0 fnt\n|faint|p1b: Baxcalibur\n|\n|upkeep\n|\n|t:|1683172673\n|switch|p1b: Flutter Mane|Flutter Mane, L50|100\/100\n|-enditem|p1b: Flutter Mane|Booster Energy\n|-activate|p1b: Flutter Mane|ability: Protosynthesis|[fromitem]\n|-start|p1b: Flutter Mane|protosynthesisspa\n|turn|5\n|\n|t:|1683172687\n|-terastallize|p1b: Flutter Mane|Fairy\n|move|p1b: Flutter Mane|Dazzling Gleam|p2b: Jumpluff|[spread] p2a,p2b\n|-damage|p2a: Roaring Moon|55\/100\n|-damage|p2b: Jumpluff|0 fnt\n|faint|p2b: Jumpluff\n|move|p2a: Roaring Moon|Earthquake|p1a: Ting-Lu|[spread] p1a,p1b\n|-damage|p1a: Ting-Lu|53\/100 slp\n|-damage|p1b: Flutter Mane|5\/100\n|cant|p1a: Ting-Lu|slp\n|\n|upkeep\n|\n|t:|1683172707\n|switch|p2b: Flutter Mane|Flutter Mane, L50|100\/100\n|turn|6\n|\n|t:|1683172724\n|switch|p1a: Gyarados|Gyarados, L50, F|66\/100\n|-ability|p1a: Gyarados|Intimidate|boost\n|-unboost|p2a: Roaring Moon|atk|1\n|-unboost|p2b: Flutter Mane|atk|1\n|move|p2a: Roaring Moon|Protect|p2a: Roaring Moon\n|-singleturn|p2a: Roaring Moon|Protect\n|move|p1b: Flutter Mane|Moonblast|p2a: Roaring Moon\n|-activate|p2a: Roaring Moon|move: Protect\n|move|p2b: Flutter Mane|Dazzling Gleam|p1a: Gyarados|[spread] p1a,p1b\n|-damage|p1a: Gyarados|45\/100\n|-damage|p1b: Flutter Mane|0 fnt\n|faint|p1b: Flutter Mane\n|-end|p1b: Flutter Mane|Protosynthesis|[silent]\n|\n|upkeep\n|\n|t:|1683172736\n|switch|p1b: Ting-Lu|Ting-Lu, L50|53\/100 slp\n|-ability|p1b: Ting-Lu|Vessel of Ruin\n|turn|7\n|\n|t:|1683172746\n|move|p2a: Roaring Moon|Rock Slide|p1a: Gyarados|[spread] p1a,p1b\n|-supereffective|p1a: Gyarados\n|-crit|p1a: Gyarados\n|-resisted|p1b: Ting-Lu\n|-damage|p1a: Gyarados|0 fnt\n|-damage|p1b: Ting-Lu|46\/100 slp\n|faint|p1a: Gyarados\n|-curestatus|p1b: Ting-Lu|slp|[msg]\n|cant|p1b: Ting-Lu|flinch\n|move|p2b: Flutter Mane|Dazzling Gleam|p1b: Ting-Lu\n|-supereffective|p1b: Ting-Lu\n|-damage|p1b: Ting-Lu|21\/100\n|\n|upkeep\n|turn|8\n|\n|t:|1683172758\n|move|p2a: Roaring Moon|Acrobatics|p1b: Ting-Lu\n|-damage|p1b: Ting-Lu|0 fnt\n|faint|p1b: Ting-Lu\n|\n|win|swishnightly\n|raw|marcelobg's rating: 1314 → 1290<\/strong> (-24 for losing)\n|raw|swishnightly's rating: 1238 → 1268<\/strong> (+30 for winning)\n","uploadtime":1683172765,"views":7,"p1id":"marcelobg","p2id":"swishnightly","formatid":"gen9vgc2023regulationc","rating":1268,"private":0,"password":""}