{"id":"gen9vgc2023regulationc-1854511379","p1":"spone99","p2":"conkledonk","format":"[Gen 9] VGC 2023 Regulation C","log":"|j|\u2606spone99\n|j|\u2606conkledonk\n|t:|1682820411\n|gametype|doubles\n|player|p1|spone99|1|\n|player|p2|conkledonk|1|\n|teamsize|p1|6\n|teamsize|p2|6\n|gen|9\n|tier|[Gen 9] VGC 2023 Regulation C\n|rule|Species Clause: Limit one of each Pok\u00e9mon\n|rule|Item Clause: Limit one of each item\n|clearpoke\n|poke|p1|Dondozo, L50, F|\n|poke|p1|Tatsugiri-Droopy, L50, M|\n|poke|p1|Pelipper, L50, M|\n|poke|p1|Drednaw, L50, F|\n|poke|p1|Dragonite, L50, M|\n|poke|p1|Chien-Pao, L50|\n|poke|p2|Dondozo, L50, F|\n|poke|p2|Tatsugiri-Stretchy, L50, F|\n|poke|p2|Glimmora, L50, M|\n|poke|p2|Pawmot, L50, M|\n|poke|p2|Talonflame, L50, F|\n|poke|p2|Gholdengo, L50|\n|teampreview|4\nconkledonk has agreed to open team sheets.\n|c|\u2606conkledonk|g2\nspone99 has agreed to open team sheets.\n|c|\u2606conkledonk|pls accept the challenge for g3\n|c|\u2606conkledonk|glhf\n|\n|t:|1682820536\n|start\n|switch|p1a: Dragonite|Dragonite, L50, M|100\/100\n|switch|p1b: Chien-Pao|Chien-Pao, L50|100\/100\n|switch|p2a: Talonflame|Talonflame, L50, F|100\/100\n|switch|p2b: Pawmot|Pawmot, L50, M|100\/100\n|-ability|p1b: Chien-Pao|Sword of Ruin\n|turn|1\n|inactive|Battle timer is ON: inactive players will automatically lose when time's up. (requested by conkledonk)\n|\n|t:|1682820554\n|move|p1b: Chien-Pao|Protect|p1b: Chien-Pao\n|-singleturn|p1b: Chien-Pao|Protect\n|move|p1a: Dragonite|Protect|p1a: Dragonite\n|-singleturn|p1a: Dragonite|Protect\n|move|p2b: Pawmot|Fake Out|p1a: Dragonite\n|-activate|p1a: Dragonite|move: Protect\n|move|p2a: Talonflame|Tailwind|p2a: Talonflame\n|-sidestart|p2: conkledonk|move: Tailwind\n|\n|upkeep\n|turn|2\n|inactive|spone99 has 30 seconds left.\n|inactive|spone99 has 20 seconds left.\n|inactive|spone99 has 15 seconds left.\n|inactive|spone99 has 10 seconds left.\n|\n|t:|1682820601\n|-terastallize|p1a: Dragonite|Normal\n|move|p1a: Dragonite|Extreme Speed|p2b: Pawmot\n|-damage|p2b: Pawmot|3\/100\n|move|p2a: Talonflame|Brave Bird|p1b: Chien-Pao\n|-damage|p1b: Chien-Pao|33\/100\n|-damage|p2a: Talonflame|78\/100|[from] Recoil\n|move|p1b: Chien-Pao|Sucker Punch|p2b: Pawmot\n|-resisted|p2b: Pawmot\n|-damage|p2b: Pawmot|0 fnt\n|faint|p2b: Pawmot\n|\n|upkeep\n|\n|t:|1682820613\n|switch|p2b: Dondozo|Dondozo, L50, F|100\/100\n|turn|3\n|\n|t:|1682820637\n|switch|p2a: Tatsugiri|Tatsugiri-Stretchy, L50, F|100\/100\n|-activate|p2a: Tatsugiri|ability: Commander|[of] p2b: Dondozo\n|-boost|p2b: Dondozo|atk|2\n|-boost|p2b: Dondozo|spa|2\n|-boost|p2b: Dondozo|spe|2\n|-boost|p2b: Dondozo|def|2\n|-boost|p2b: Dondozo|spd|2\n|move|p1b: Chien-Pao|Protect|p1b: Chien-Pao\n|-singleturn|p1b: Chien-Pao|Protect\n|move|p1a: Dragonite|Protect|p1a: Dragonite\n|-singleturn|p1a: Dragonite|Protect\n|move|p2b: Dondozo|Earthquake|p1a: Dragonite|[spread] \n|-miss|p2b: Dondozo|p2a: Tatsugiri\n|-activate|p1a: Dragonite|move: Protect\n|-activate|p1b: Chien-Pao|move: Protect\n|\n|upkeep\n|turn|4\n|inactive|spone99 has 30 seconds left.\n|\n|t:|1682820662\n|move|p2b: Dondozo|Earthquake|p1b: Chien-Pao|[spread] p1a,p1b\n|-miss|p2b: Dondozo|p2a: Tatsugiri\n|-damage|p1a: Dragonite|74\/100\n|-damage|p1b: Chien-Pao|0 fnt\n|faint|p1b: Chien-Pao\n|move|p1a: Dragonite|Thunder Punch|p2b: Dondozo\n|-supereffective|p2b: Dondozo\n|-damage|p2b: Dondozo|80\/100\n|\n|-heal|p2b: Dondozo|86\/100|[from] item: Leftovers\n|-sideend|p2: conkledonk|move: Tailwind\n|upkeep\n|\n|t:|1682820672\n|switch|p1b: Dondozo|Dondozo, L50, F|100\/100\n|turn|5\n|c|\u2606conkledonk|your teamsheet on limitless is wrong\n|c|\u2606conkledonk|it says you have thunderwave not thunder punch\n|inactive|spone99 has 30 seconds left.\n|inactive|spone99 has 20 seconds left.\n|\n|t:|1682820709\n|switch|p1a: Tatsugiri|Tatsugiri-Droopy, L50, M, shiny|100\/100\n|-activate|p1a: Tatsugiri|ability: Commander|[of] p1b: Dondozo\n|-boost|p1b: Dondozo|atk|2\n|-boost|p1b: Dondozo|spa|2\n|-boost|p1b: Dondozo|spe|2\n|-boost|p1b: Dondozo|def|2\n|-boost|p1b: Dondozo|spd|2\n|move|p1b: Dondozo|Surf|p2a: Tatsugiri|[spread] p2b\n|-miss|p1b: Dondozo|p1a: Tatsugiri\n|-miss|p1b: Dondozo|p2a: Tatsugiri\n|-resisted|p2b: Dondozo\n|-damage|p2b: Dondozo|74\/100\n|-damage|p1b: Dondozo|91\/100|[from] item: Life Orb\n|move|p2b: Dondozo|Order Up|p1a: Tatsugiri|[miss]\n|-miss|p2b: Dondozo|p1a: Tatsugiri\n|\n|-heal|p2b: Dondozo|80\/100|[from] item: Leftovers\n|upkeep\n|turn|6\n|inactive|spone99 has 30 seconds left.\n|\n|t:|1682820735\n|move|p2b: Dondozo|Protect|p2b: Dondozo\n|-singleturn|p2b: Dondozo|Protect\n|move|p1b: Dondozo|Wave Crash|p2b: Dondozo\n|-activate|p2b: Dondozo|move: Protect\n|\n|-heal|p2b: Dondozo|87\/100|[from] item: Leftovers\n|upkeep\n|turn|7\n|\n|t:|1682820745\n|move|p1b: Dondozo|Surf|p2a: Tatsugiri|[spread] p2b\n|-miss|p1b: Dondozo|p1a: Tatsugiri\n|-miss|p1b: Dondozo|p2a: Tatsugiri\n|-resisted|p2b: Dondozo\n|-damage|p2b: Dondozo|75\/100\n|-damage|p1b: Dondozo|81\/100|[from] item: Life Orb\n|move|p2b: Dondozo|Order Up|p1b: Dondozo\n|-damage|p1b: Dondozo|64\/100\n|-boost|p2b: Dondozo|spe|1\n|\n|-heal|p2b: Dondozo|81\/100|[from] item: Leftovers\n|upkeep\n|turn|8\n|\n|t:|1682820757\n|move|p2b: Dondozo|Protect|p2b: Dondozo\n|-singleturn|p2b: Dondozo|Protect\n|move|p1b: Dondozo|Surf|p2b: Dondozo|[spread] \n|-miss|p1b: Dondozo|p1a: Tatsugiri\n|-miss|p1b: Dondozo|p2a: Tatsugiri\n|-activate|p2b: Dondozo|move: Protect\n|\n|-heal|p2b: Dondozo|88\/100|[from] item: Leftovers\n|upkeep\n|turn|9\n|\n|t:|1682820766\n|move|p2b: Dondozo|Order Up|p1b: Dondozo\n|-damage|p1b: Dondozo|45\/100\n|-boost|p2b: Dondozo|spe|1\n|move|p1b: Dondozo|Surf|p2a: Tatsugiri|[spread] p2b\n|-miss|p1b: Dondozo|p1a: Tatsugiri\n|-miss|p1b: Dondozo|p2a: Tatsugiri\n|-resisted|p2b: Dondozo\n|-damage|p2b: Dondozo|76\/100\n|-damage|p1b: Dondozo|35\/100|[from] item: Life Orb\n|\n|-heal|p2b: Dondozo|82\/100|[from] item: Leftovers\n|upkeep\n|turn|10\n|\n|t:|1682820788\n|move|p2b: Dondozo|Protect|p2b: Dondozo\n|-singleturn|p2b: Dondozo|Protect\n|move|p1b: Dondozo|Surf|p2b: Dondozo|[spread] \n|-miss|p1b: Dondozo|p1a: Tatsugiri\n|-miss|p1b: Dondozo|p2a: Tatsugiri\n|-activate|p2b: Dondozo|move: Protect\n|\n|-heal|p2b: Dondozo|88\/100|[from] item: Leftovers\n|upkeep\n|turn|11\n|\n|t:|1682820798\n|-terastallize|p2b: Dondozo|Grass\n|move|p2b: Dondozo|Tera Blast|p1b: Dondozo\n|-supereffective|p1b: Dondozo\n|-damage|p1b: Dondozo|0 fnt\n|faint|p1b: Dondozo\n|\n|-heal|p2b: Dondozo|95\/100|[from] item: Leftovers\n|upkeep\n|\n|t:|1682820806\n|switch|p1b: Dragonite|Dragonite, L50, M, tera:Normal|74\/100\n|turn|12\n|\n|t:|1682820814\n|move|p2b: Dondozo|Order Up|p1a: Tatsugiri\n|-supereffective|p1a: Tatsugiri\n|-damage|p1a: Tatsugiri|0 fnt\n|faint|p1a: Tatsugiri\n|-boost|p2b: Dondozo|spe|1\n|move|p1b: Dragonite|Ice Spinner|p2b: Dondozo\n|-supereffective|p2b: Dondozo\n|-damage|p2b: Dondozo|72\/100\n|\n|-heal|p2b: Dondozo|78\/100|[from] item: Leftovers\n|upkeep\n|turn|13\n|c|\u2606spone99|gg\n|c|\u2606conkledonk|gg\n|inactive|spone99 has 30 seconds left.\n|\n|t:|1682820844\n|move|p2b: Dondozo|Protect|p2b: Dondozo\n|-singleturn|p2b: Dondozo|Protect\n|move|p1b: Dragonite|Ice Spinner|p2b: Dondozo\n|-activate|p2b: Dondozo|move: Protect\n|\n|-heal|p2b: Dondozo|84\/100|[from] item: Leftovers\n|upkeep\n|turn|14\n|\n|t:|1682820852\n|move|p2b: Dondozo|Tera Blast|p1b: Dragonite\n|-damage|p1b: Dragonite|8\/100\n|move|p1b: Dragonite|Ice Spinner|p2b: Dondozo\n|-supereffective|p2b: Dondozo\n|-damage|p2b: Dondozo|62\/100\n|\n|-heal|p2b: Dondozo|68\/100|[from] item: Leftovers\n|upkeep\n|turn|15\n|\n|t:|1682820868\n|move|p2b: Dondozo|Protect|p2b: Dondozo\n|-singleturn|p2b: Dondozo|Protect\n|move|p1b: Dragonite|Ice Spinner|p2b: Dondozo\n|-activate|p2b: Dondozo|move: Protect\n|\n|-heal|p2b: Dondozo|74\/100|[from] item: Leftovers\n|upkeep\n|turn|16\n|\n|t:|1682820876\n|move|p2b: Dondozo|Tera Blast|p1b: Dragonite\n|-damage|p1b: Dragonite|0 fnt\n|faint|p1b: Dragonite\n|\n|win|conkledonk\n|l|\u2606spone99\n","uploadtime":1682820925,"views":10,"p1id":"spone99","p2id":"conkledonk","formatid":"gen9vgc2023regulationc","rating":0,"private":0,"password":""}