{"id":"gen9vgc2023regulationc-1854359223","p1":"Whammyy!!","p2":"RamonTheKiller","format":"[Gen 9] VGC 2023 Regulation C","log":"|j|\u2606Whammyy!!\n|j|\u2606RamonTheKiller\n|t:|1682801150\n|gametype|doubles\n|player|p1|Whammyy!!|101|1267\n|player|p2|RamonTheKiller|169|1181\n|teamsize|p1|6\n|teamsize|p2|6\n|gen|9\n|tier|[Gen 9] VGC 2023 Regulation C\n|rated|\n|rule|Species Clause: Limit one of each Pok\u00e9mon\n|rule|Item Clause: Limit one of each item\n|clearpoke\n|poke|p1|Annihilape, L50, F|\n|poke|p1|Kilowattrel, L50, M|\n|poke|p1|Talonflame, L50, M|\n|poke|p1|Pincurchin, L50, F|\n|poke|p1|Iron Hands, L50|\n|poke|p1|Iron Treads, L50|\n|poke|p2|Flutter Mane, L50|\n|poke|p2|Palafin, L50, F|\n|poke|p2|Amoonguss, L50, F|\n|poke|p2|Arcanine, L50, M|\n|poke|p2|Ting-Lu, L50|\n|poke|p2|Iron Hands, L50|\n|teampreview|4\n|\n|t:|1682801175\n|start\n|switch|p1a: Annihilape|Annihilape, L50, F|100\/100\n|switch|p1b: Iron Hands|Iron Hands, L50|100\/100\n|switch|p2a: Palafin|Palafin, L50, F, shiny|100\/100\n|switch|p2b: Ting-Lu|Ting-Lu, L50|100\/100\n|-ability|p2b: Ting-Lu|Vessel of Ruin\n|turn|1\n|\n|t:|1682801199\n|detailschange|p2a: Palafin|Palafin-Hero, L50, F, shiny\n|switch|p2a: Arcanine|Arcanine, L50, M|100\/100\n|-ability|p2a: Arcanine|Intimidate|boost\n|-unboost|p1a: Annihilape|atk|1\n|-ability|p1a: Annihilape|Defiant|boost\n|-boost|p1a: Annihilape|atk|2\n|-unboost|p1b: Iron Hands|atk|1\n|switch|p2b: Iron Hands|Iron Hands, L50|100\/100\n|move|p1a: Annihilape|Bulk Up|p1a: Annihilape\n|-boost|p1a: Annihilape|atk|1\n|-boost|p1a: Annihilape|def|1\n|move|p1b: Iron Hands|Heavy Slam|p2a: Arcanine\n|-resisted|p2a: Arcanine\n|-damage|p2a: Arcanine|92\/100\n|\n|upkeep\n|turn|2\n|\n|t:|1682801242\n|-end|p1b: Iron Hands|Quark Drive|[silent]\n|switch|p1b: Iron Treads|Iron Treads, L50|100\/100\n|move|p2a: Arcanine|Will-O-Wisp|p1a: Annihilape\n|-status|p1a: Annihilape|brn\n|move|p1a: Annihilape|Bulk Up|p1a: Annihilape\n|-boost|p1a: Annihilape|atk|1\n|-boost|p1a: Annihilape|def|1\n|move|p2b: Iron Hands|Volt Switch|p1a: Annihilape\n|-damage|p1a: Annihilape|89\/100 brn\n|\n|t:|1682801253\n|-end|p2b: Iron Hands|Quark Drive|[silent]\n|switch|p2b: Palafin|Palafin-Hero, L50, F, shiny|100\/100|[from] Volt Switch\n|-activate|p2b: Palafin|ability: Zero to Hero\n|\n|-heal|p1a: Annihilape|95\/100 brn|[from] item: Leftovers\n|-damage|p1a: Annihilape|89\/100 brn|[from] brn\n|upkeep\n|turn|3\n|\n|t:|1682801268\n|-terastallize|p1a: Annihilape|Grass\n|move|p1b: Iron Treads|Earthquake|p2a: Arcanine|[spread] p1a,p2a,p2b\n|-resisted|p1a: Annihilape\n|-supereffective|p2a: Arcanine\n|-damage|p1a: Annihilape|77\/100 brn\n|-damage|p2a: Arcanine|0 fnt\n|-damage|p2b: Palafin|45\/100\n|faint|p2a: Arcanine\n|move|p2b: Palafin|Haze|p2b: Palafin\n|-clearallboost\n|move|p1a: Annihilape|Bulk Up|p1a: Annihilape\n|-boost|p1a: Annihilape|atk|1\n|-boost|p1a: Annihilape|def|1\n|\n|-heal|p1a: Annihilape|83\/100 brn|[from] item: Leftovers\n|-damage|p1a: Annihilape|77\/100 brn|[from] brn\n|upkeep\n|\n|t:|1682801282\n|switch|p2a: Iron Hands|Iron Hands, L50|100\/100\n|turn|4\n|\n|t:|1682801293\n|move|p2a: Iron Hands|Fake Out|p1b: Iron Treads\n|-resisted|p1b: Iron Treads\n|-damage|p1b: Iron Treads|94\/100\n|cant|p1b: Iron Treads|flinch\n|move|p2b: Palafin|Haze|p2b: Palafin\n|-clearallboost\n|move|p1a: Annihilape|Drain Punch|p2b: Palafin\n|-damage|p2b: Palafin|29\/100\n|-heal|p1a: Annihilape|84\/100 brn|[from] drain|[of] p2b: Palafin\n|\n|-heal|p1a: Annihilape|90\/100 brn|[from] item: Leftovers\n|-damage|p1a: Annihilape|84\/100 brn|[from] brn\n|upkeep\n|turn|5\n|\n|t:|1682801314\n|move|p2b: Palafin|Protect|p2b: Palafin\n|-singleturn|p2b: Palafin|Protect\n|move|p1b: Iron Treads|Earthquake|p2b: Palafin|[spread] p1a,p2a\n|-activate|p2b: Palafin|move: Protect\n|-resisted|p1a: Annihilape\n|-supereffective|p2a: Iron Hands\n|-damage|p1a: Annihilape|64\/100 brn\n|-damage|p2a: Iron Hands|25\/100\n|move|p1a: Annihilape|Bulk Up|p1a: Annihilape\n|-boost|p1a: Annihilape|atk|1\n|-boost|p1a: Annihilape|def|1\n|move|p2a: Iron Hands|Drain Punch|p1b: Iron Treads\n|-supereffective|p1b: Iron Treads\n|-damage|p1b: Iron Treads|7\/100\n|-heal|p2a: Iron Hands|58\/100|[from] drain|[of] p1b: Iron Treads\n|\n|-heal|p1a: Annihilape|70\/100 brn|[from] item: Leftovers\n|-damage|p1a: Annihilape|64\/100 brn|[from] brn\n|upkeep\n|turn|6\n|\n|t:|1682801348\n|move|p2b: Palafin|Jet Punch|p1b: Iron Treads\n|-supereffective|p1b: Iron Treads\n|-damage|p1b: Iron Treads|0 fnt\n|faint|p1b: Iron Treads\n|-end|p1b: Iron Treads|Quark Drive|[silent]\n|move|p1a: Annihilape|Rage Fist|p2b: Palafin\n|-damage|p2b: Palafin|0 fnt\n|faint|p2b: Palafin\n|move|p2a: Iron Hands|Volt Switch|p1a: Annihilape\n|-resisted|p1a: Annihilape\n|-damage|p1a: Annihilape|59\/100 brn\n|\n|t:|1682801357\n|-end|p2a: Iron Hands|Quark Drive|[silent]\n|switch|p2a: Ting-Lu|Ting-Lu, L50|100\/100|[from] Volt Switch\n|-ability|p2a: Ting-Lu|Vessel of Ruin\n|\n|-heal|p1a: Annihilape|65\/100 brn|[from] item: Leftovers\n|-damage|p1a: Annihilape|59\/100 brn|[from] brn\n|upkeep\n|\n|t:|1682801365\n|switch|p1b: Pincurchin|Pincurchin, L50, F|100\/100\n|switch|p2b: Iron Hands|Iron Hands, L50|58\/100\n|-fieldstart|move: Electric Terrain|[from] ability: Electric Surge|[of] p1b: Pincurchin\n|-activate|p2b: Iron Hands|ability: Quark Drive\n|-start|p2b: Iron Hands|quarkdriveatk\n|turn|7\n|inactive|Battle timer is ON: inactive players will automatically lose when time's up. (requested by Whammyy!!)\n|\n|t:|1682801417\n|move|p2b: Iron Hands|Fake Out|p1a: Annihilape\n|-damage|p1a: Annihilape|47\/100 brn\n|cant|p1a: Annihilape|flinch\n|move|p2a: Ting-Lu|Rock Slide|p1a: Annihilape|[spread] p1a,p1b\n|-crit|p1a: Annihilape\n|-damage|p1a: Annihilape|23\/100 brn\n|-damage|p1b: Pincurchin|79\/100\n|move|p1b: Pincurchin|Curse|p1b: Pincurchin\n|-unboost|p1b: Pincurchin|spe|1\n|-boost|p1b: Pincurchin|atk|1\n|-boost|p1b: Pincurchin|def|1\n|\n|-heal|p1a: Annihilape|29\/100 brn|[from] item: Leftovers\n|-damage|p1a: Annihilape|23\/100 brn|[from] brn\n|upkeep\n|turn|8\n|\n|t:|1682801442\n|-terastallize|p2a: Ting-Lu|Ghost\n|move|p1a: Annihilape|Drain Punch|p2a: Ting-Lu\n|-immune|p2a: Ting-Lu\n|move|p2b: Iron Hands|Drain Punch|p1a: Annihilape\n|-damage|p1a: Annihilape|0 fnt\n|-heal|p2b: Iron Hands|69\/100|[from] drain|[of] p1a: Annihilape\n|faint|p1a: Annihilape\n|move|p2a: Ting-Lu|Rock Slide|p1b: Pincurchin\n|-damage|p1b: Pincurchin|60\/100\n|cant|p1b: Pincurchin|flinch\n|\n|upkeep\n|\n|t:|1682801454\n|switch|p1a: Iron Hands|Iron Hands, L50|100\/100\n|-activate|p1a: Iron Hands|ability: Quark Drive\n|-start|p1a: Iron Hands|quarkdriveatk\n|turn|9\n|\n|t:|1682801471\n|move|p1b: Pincurchin|Sucker Punch|p2b: Iron Hands\n|-resisted|p2b: Iron Hands\n|-damage|p2b: Iron Hands|59\/100\n|move|p1a: Iron Hands|Drain Punch|p2b: Iron Hands\n|-damage|p2b: Iron Hands|23\/100\n|move|p2b: Iron Hands|Drain Punch|p1b: Pincurchin\n|-damage|p1b: Pincurchin|12\/100\n|-heal|p2b: Iron Hands|39\/100|[from] drain|[of] p1b: Pincurchin\n|move|p2a: Ting-Lu|Earthquake|p1b: Pincurchin|[spread] p2b,p1a,p1b\n|-supereffective|p2b: Iron Hands\n|-supereffective|p1a: Iron Hands\n|-supereffective|p1b: Pincurchin\n|-damage|p2b: Iron Hands|0 fnt\n|-damage|p1a: Iron Hands|54\/100\n|-damage|p1b: Pincurchin|0 fnt\n|faint|p2b: Iron Hands\n|-end|p2b: Iron Hands|Quark Drive|[silent]\n|faint|p1b: Pincurchin\n|\n|upkeep\n|turn|10\n|\n|t:|1682801490\n|move|p1a: Iron Hands|Heavy Slam|p2a: Ting-Lu\n|-damage|p2a: Ting-Lu|89\/100\n|move|p2a: Ting-Lu|Earthquake|p1a: Iron Hands\n|-supereffective|p1a: Iron Hands\n|-damage|p1a: Iron Hands|0 fnt\n|faint|p1a: Iron Hands\n|-end|p1a: Iron Hands|Quark Drive|[silent]\n|\n|win|RamonTheKiller\n|raw|Whammyy!!'s rating: 1267 → 1236<\/strong> (-31 for losing)\n|raw|RamonTheKiller's rating: 1181 → 1212<\/strong> (+31 for winning)\n|l|\u2606Whammyy!!\n","uploadtime":1682801500,"views":17,"p1id":"whammyy","p2id":"ramonthekiller","formatid":"gen9vgc2023regulationc","rating":1212,"private":0,"password":""}