{"id":"gen9vgc2023regulationc-1854086636","p1":"Jscoot12","p2":"Mxno","format":"[Gen 9] VGC 2023 Regulation C","log":"|j|\u2606Jscoot12\n|j|\u2606Mxno\n|t:|1682766834\n|gametype|doubles\n|player|p1|Jscoot12|265|1281\n|player|p2|Mxno|2|1194\n|teamsize|p1|6\n|teamsize|p2|6\n|gen|9\n|tier|[Gen 9] VGC 2023 Regulation C\n|rated|\n|rule|Species Clause: Limit one of each Pok\u00e9mon\n|rule|Item Clause: Limit one of each item\n|clearpoke\n|poke|p1|Orthworm, L50, F|\n|poke|p1|Dragonite, L50, F|\n|poke|p1|Flutter Mane, L50|\n|poke|p1|Chi-Yu, L50|\n|poke|p1|Gastrodon-East, L50, F|\n|poke|p1|Baxcalibur, L50, F|\n|poke|p2|Tinkaton, L50, F|\n|poke|p2|Sylveon, L50, F|\n|poke|p2|Gholdengo, L50|\n|poke|p2|Meowscarada, L50, F|\n|poke|p2|Quaquaval, L50, F|\n|poke|p2|Arcanine, L50, F|\n|teampreview|4\nJscoot12 has agreed to open team sheets.\n|\n|t:|1682766886\n|start\n|switch|p1a: Chi-Yu|Chi-Yu, L50|100\/100\n|switch|p1b: Gastrodon|Gastrodon-East, L50, F|100\/100\n|switch|p2a: Arcanine|Arcanine, L50, F|100\/100\n|switch|p2b: Gholdengo|Gholdengo, L50|100\/100\n|-ability|p2a: Arcanine|Intimidate|boost\n|-unboost|p1a: Chi-Yu|atk|1\n|-unboost|p1b: Gastrodon|atk|1\n|-ability|p1a: Chi-Yu|Beads of Ruin\n|turn|1\n|\n|t:|1682766907\n|move|p2b: Gholdengo|Protect|p2b: Gholdengo\n|-singleturn|p2b: Gholdengo|Protect\n|move|p2a: Arcanine|Snarl|p1b: Gastrodon|[spread] p1a,p1b\n|-resisted|p1a: Chi-Yu\n|-damage|p1a: Chi-Yu|97\/100\n|-damage|p1b: Gastrodon|93\/100\n|-unboost|p1a: Chi-Yu|spa|1\n|-unboost|p1b: Gastrodon|spa|1\n|move|p1a: Chi-Yu|Heat Wave|p2b: Gholdengo|[spread] p2a\n|-activate|p2b: Gholdengo|move: Protect\n|-resisted|p2a: Arcanine\n|-damage|p2a: Arcanine|78\/100\n|move|p1b: Gastrodon|Liquidation|p2a: Arcanine\n|-supereffective|p2a: Arcanine\n|-damage|p2a: Arcanine|46\/100\n|\n|upkeep\n|turn|2\n|\n|t:|1682766931\n|switch|p2b: Quaquaval|Quaquaval, L50, F|100\/100\n|move|p2a: Arcanine|Protect|p2a: Arcanine\n|-singleturn|p2a: Arcanine|Protect\n|move|p1a: Chi-Yu|Heat Wave|p2a: Arcanine|[spread] p2b\n|-activate|p2a: Arcanine|move: Protect\n|-resisted|p2b: Quaquaval\n|-damage|p2b: Quaquaval|69\/100\n|-status|p2b: Quaquaval|brn\n|move|p1b: Gastrodon|Liquidation|p2a: Arcanine\n|-activate|p2a: Arcanine|move: Protect\n|\n|-damage|p2b: Quaquaval|63\/100 brn|[from] brn\n|upkeep\n|turn|3\n|\n|t:|1682766952\n|switch|p1a: Orthworm|Orthworm, L50, F|100\/100\n|move|p2a: Arcanine|Snarl|p1a: Orthworm|[spread] p1a,p1b\n|-damage|p1a: Orthworm|90\/100\n|-damage|p1b: Gastrodon|86\/100\n|-unboost|p1a: Orthworm|spa|1\n|-unboost|p1b: Gastrodon|spa|1\n|move|p2b: Quaquaval|Aqua Step|p1b: Gastrodon\n|-activate|p1b: Gastrodon|ability: Storm Drain\n|-ability|p1b: Gastrodon|Storm Drain|boost\n|-boost|p1b: Gastrodon|spa|1\n|-enditem|p2b: Quaquaval|Mirror Herb\n|-boost|p2b: Quaquaval|spa|1|[from] item: Mirror Herb\n|move|p1b: Gastrodon|Earth Power|p2a: Arcanine\n|-supereffective|p2a: Arcanine\n|-damage|p2a: Arcanine|4\/100\n|\n|-heal|p1a: Orthworm|97\/100|[from] item: Leftovers\n|-damage|p2b: Quaquaval|57\/100 brn|[from] brn\n|upkeep\n|turn|4\n|c|\u2606Mxno|I FORGOT\n|c|\u2606Mxno|STORM DRAIN\n|\n|t:|1682766987\n|move|p2a: Arcanine|Flare Blitz|p1a: Orthworm\n|-supereffective|p1a: Orthworm\n|-damage|p1a: Orthworm|34\/100\n|-damage|p2a: Arcanine|0 fnt|[from] Recoil\n|faint|p2a: Arcanine\n|move|p2b: Quaquaval|Close Combat|p1a: Orthworm\n|-supereffective|p1a: Orthworm\n|-damage|p1a: Orthworm|0 fnt\n|-unboost|p2b: Quaquaval|def|1\n|-unboost|p2b: Quaquaval|spd|1\n|faint|p1a: Orthworm\n|-ability|p2b: Quaquaval|Moxie|boost\n|-boost|p2b: Quaquaval|atk|1\n|move|p1b: Gastrodon|Earth Power|p2b: Quaquaval\n|-damage|p2b: Quaquaval|20\/100 brn\n|\n|-damage|p2b: Quaquaval|14\/100 brn|[from] brn\n|upkeep\n|\n|t:|1682767006\n|switch|p2a: Tinkaton|Tinkaton, L50, F, shiny|100\/100\n|switch|p1a: Chi-Yu|Chi-Yu, L50|97\/100\n|-ability|p1a: Chi-Yu|Beads of Ruin\n|-ability|p2a: Tinkaton|Mold Breaker\n|turn|5\n|\n|t:|1682767034\n|-terastallize|p1a: Chi-Yu|Grass\n|move|p2a: Tinkaton|Fake Out|p1a: Chi-Yu\n|-damage|p1a: Chi-Yu|86\/100\n|cant|p1a: Chi-Yu|flinch\n|move|p2b: Quaquaval|Close Combat|p1a: Chi-Yu\n|-damage|p1a: Chi-Yu|20\/100\n|-unboost|p2b: Quaquaval|def|1\n|-unboost|p2b: Quaquaval|spd|1\n|move|p1b: Gastrodon|Earth Power|p2a: Tinkaton\n|-supereffective|p2a: Tinkaton\n|-damage|p2a: Tinkaton|57\/100\n|\n|-damage|p2b: Quaquaval|8\/100 brn|[from] brn\n|upkeep\n|turn|6\n|\n|t:|1682767060\n|-terastallize|p2a: Tinkaton|Water\n|move|p2b: Quaquaval|Detect|p2b: Quaquaval\n|-singleturn|p2b: Quaquaval|Protect\n|move|p1a: Chi-Yu|Heat Wave|p2b: Quaquaval|[spread] p2a\n|-activate|p2b: Quaquaval|move: Protect\n|-resisted|p2a: Tinkaton\n|-damage|p2a: Tinkaton|29\/100\n|-enditem|p2a: Tinkaton|Sitrus Berry|[eat]\n|-heal|p2a: Tinkaton|54\/100|[from] item: Sitrus Berry\n|move|p2a: Tinkaton|Gigaton Hammer|p1a: Chi-Yu\n|-damage|p1a: Chi-Yu|0 fnt\n|faint|p1a: Chi-Yu\n|move|p1b: Gastrodon|Earth Power|p2a: Tinkaton\n|-damage|p2a: Tinkaton|40\/100\n|\n|-damage|p2b: Quaquaval|2\/100 brn|[from] brn\n|upkeep\n|\n|t:|1682767078\n|switch|p1a: Baxcalibur|Baxcalibur, L50, F|100\/100\n|turn|7\n|\n|t:|1682767105\n|switch|p2a: Gholdengo|Gholdengo, L50|100\/100\n|move|p1a: Baxcalibur|Protect|p1a: Baxcalibur\n|-singleturn|p1a: Baxcalibur|Protect\n|move|p2b: Quaquaval|Close Combat|p1a: Baxcalibur\n|-activate|p1a: Baxcalibur|move: Protect\n|move|p1b: Gastrodon|Earth Power|p2a: Gholdengo\n|-supereffective|p2a: Gholdengo\n|-damage|p2a: Gholdengo|53\/100\n|\n|-damage|p2b: Quaquaval|0 fnt|[from] brn\n|faint|p2b: Quaquaval\n|upkeep\n|\n|t:|1682767107\n|switch|p2b: Tinkaton|Tinkaton, L50, F, shiny, tera:Water|40\/100\n|-ability|p2b: Tinkaton|Mold Breaker\n|turn|8\n|\n|t:|1682767130\n|move|p2a: Gholdengo|Protect|p2a: Gholdengo\n|-singleturn|p2a: Gholdengo|Protect\n|move|p1a: Baxcalibur|Earthquake|p2b: Tinkaton|[spread] p1b,p2b\n|-activate|p2a: Gholdengo|move: Protect\n|-damage|p1b: Gastrodon|51\/100\n|-damage|p2b: Tinkaton|0 fnt\n|faint|p2b: Tinkaton\n|-damage|p1a: Baxcalibur|91\/100|[from] item: Life Orb\n|move|p1b: Gastrodon|Recover|p1b: Gastrodon\n|-heal|p1b: Gastrodon|100\/100\n|\n|upkeep\n|turn|9\n|\n|t:|1682767144\n|move|p2a: Gholdengo|Make It Rain|p1a: Baxcalibur|[spread] p1a,p1b\n|-supereffective|p1a: Baxcalibur\n|-resisted|p1b: Gastrodon\n|-damage|p1a: Baxcalibur|0 fnt\n|-damage|p1b: Gastrodon|79\/100\n|-unboost|p2a: Gholdengo|spa|1\n|faint|p1a: Baxcalibur\n|-damage|p2a: Gholdengo|43\/100|[from] item: Life Orb\n|move|p1b: Gastrodon|Earth Power|p2a: Gholdengo\n|-supereffective|p2a: Gholdengo\n|-damage|p2a: Gholdengo|0 fnt\n|faint|p2a: Gholdengo\n|\n|win|Jscoot12\n|raw|Jscoot12's rating: 1281 → 1300<\/strong> (+19 for winning)\n|raw|Mxno's rating: 1194 → 1175<\/strong> (-19 for losing)\n|l|\u2606Mxno\n","uploadtime":1682767164,"views":28,"p1id":"jscoot12","p2id":"mxno","formatid":"gen9vgc2023regulationc","rating":1175,"private":0,"password":""}