{"id":"gen9vgc2023regulationc-1860607311","p1":"zippLapZapper","p2":"TiggelWiggel","format":"[Gen 9] VGC 2023 Regulation C","log":"|j|\u2606zippLapZapper\n|j|\u2606TiggelWiggel\n|t:|1683658533\n|gametype|doubles\n|player|p1|zippLapZapper|hilbert-wonderlauncher|\n|player|p2|TiggelWiggel|infielder|\n|teamsize|p1|6\n|teamsize|p2|6\n|gen|9\n|tier|[Gen 9] VGC 2023 Regulation C\n|rule|Species Clause: Limit one of each Pok\u00e9mon\n|rule|Item Clause: Limit one of each item\n|clearpoke\n|poke|p1|Garchomp, L50, F|\n|poke|p1|Talonflame, L50, M|\n|poke|p1|Flutter Mane, L50|\n|poke|p1|Iron Bundle, L50|\n|poke|p1|Chien-Pao, L50|\n|poke|p1|Tyranitar, L50, M|\n|poke|p2|Amoonguss, L50, F|\n|poke|p2|Palafin, L50, M|\n|poke|p2|Gholdengo, L50|\n|poke|p2|Arcanine, L50, M|\n|poke|p2|Iron Hands, L50|\n|poke|p2|Roaring Moon, L50|\n|teampreview|4\nzippLapZapper has agreed to open team sheets.\n|c|\u2606zippLapZapper|g1\nTiggelWiggel has agreed to open team sheets.\n|c|\u2606zippLapZapper|gl hf\n|c|\u2606TiggelWiggel|glhf!\n|inactive|Battle timer is ON: inactive players will automatically lose when time's up. (requested by zippLapZapper)\n|inactive|zippLapZapper has 60 seconds left.\n|inactive|TiggelWiggel has 60 seconds left.\n|\n|t:|1683658641\n|start\n|switch|p1a: Talonflame|Talonflame, L50, M|100\/100\n|switch|p1b: Garchomp|Garchomp, L50, F|100\/100\n|switch|p2a: Palafin|Palafin, L50, M|100\/100\n|switch|p2b: Arcanine|Arcanine, L50, M|100\/100\n|-ability|p2b: Arcanine|Intimidate|boost\n|-unboost|p1a: Talonflame|atk|1\n|-fail|p1b: Garchomp|unboost|[from] item: Clear Amulet|[of] p1b: Garchomp\n|turn|1\n|inactive|TiggelWiggel has 30 seconds left.\n|inactive|TiggelWiggel has 20 seconds left.\n|inactive|TiggelWiggel has 15 seconds left.\n|inactive|TiggelWiggel has 10 seconds left.\n|\n|t:|1683658690\n|detailschange|p2a: Palafin|Palafin-Hero, L50, M\n|switch|p2a: Amoonguss|Amoonguss, L50, F|100\/100\n|-terastallize|p2b: Arcanine|Grass\n|move|p1a: Talonflame|Taunt|p2b: Arcanine\n|-start|p2b: Arcanine|move: Taunt\n|move|p1b: Garchomp|Earthquake|p2a: Amoonguss|[spread] p2a,p2b\n|-immune|p1a: Talonflame\n|-resisted|p2b: Arcanine\n|-damage|p2a: Amoonguss|69\/100\n|-damage|p2b: Arcanine|83\/100\n|cant|p2b: Arcanine|move: Taunt|Will-O-Wisp\n|\n|upkeep\n|turn|2\n|\n|t:|1683658714\n|switch|p2a: Palafin|Palafin-Hero, L50, M|100\/100\n|-activate|p2a: Palafin|ability: Zero to Hero\n|move|p2b: Arcanine|Extreme Speed|p1a: Talonflame\n|-damage|p1a: Talonflame|75\/100\n|move|p1a: Talonflame|Taunt|p2a: Palafin\n|-start|p2a: Palafin|move: Taunt\n|move|p1b: Garchomp|Dragon Claw|p2a: Palafin\n|-damage|p2a: Palafin|63\/100\n|\n|upkeep\n|turn|3\n|inactive|zippLapZapper has 30 seconds left.\n|\n|t:|1683658744\n|switch|p2a: Amoonguss|Amoonguss, L50, F|100\/100\n|move|p1a: Talonflame|Will-O-Wisp|p2b: Arcanine\n|-status|p2b: Arcanine|brn\n|move|p1b: Garchomp|Earthquake|p2b: Arcanine|[spread] p2a,p2b\n|-immune|p1a: Talonflame\n|-resisted|p2b: Arcanine\n|-damage|p2a: Amoonguss|70\/100\n|-damage|p2b: Arcanine|66\/100 brn\n|move|p2b: Arcanine|Flare Blitz|p1a: Talonflame\n|-resisted|p1a: Talonflame\n|-damage|p1a: Talonflame|60\/100\n|-damage|p2b: Arcanine|61\/100 brn|[from] Recoil\n|\n|-damage|p2b: Arcanine|55\/100 brn|[from] brn\n|-end|p2b: Arcanine|move: Taunt\n|upkeep\n|turn|4\n|\n|t:|1683658768\n|move|p1b: Garchomp|Protect|p1b: Garchomp\n|-singleturn|p1b: Garchomp|Protect\n|move|p2a: Amoonguss|Protect|p2a: Amoonguss\n|-singleturn|p2a: Amoonguss|Protect\n|move|p1a: Talonflame|Taunt|p2a: Amoonguss\n|-activate|p2a: Amoonguss|move: Protect\n|move|p2b: Arcanine|Will-O-Wisp|p1b: Garchomp\n|-activate|p1b: Garchomp|move: Protect\n|\n|-damage|p2b: Arcanine|49\/100 brn|[from] brn\n|upkeep\n|turn|5\n|\n|t:|1683658791\n|switch|p1b: Iron Bundle|Iron Bundle, L50|100\/100\n|-enditem|p1b: Iron Bundle|Booster Energy\n|-activate|p1b: Iron Bundle|ability: Quark Drive|[fromitem]\n|-start|p1b: Iron Bundle|quarkdrivespe\n|move|p1a: Talonflame|Taunt|p2a: Amoonguss\n|-start|p2a: Amoonguss|move: Taunt\n|move|p2b: Arcanine|Will-O-Wisp|p1b: Iron Bundle\n|-status|p1b: Iron Bundle|brn\n|cant|p2a: Amoonguss|move: Taunt|Spore\n|\n|-damage|p1b: Iron Bundle|95\/100 brn|[from] brn\n|-damage|p2b: Arcanine|43\/100 brn|[from] brn\n|upkeep\n|turn|6\n|\n|t:|1683658814\n|switch|p2a: Iron Hands|Iron Hands, L50|100\/100\n|move|p2b: Arcanine|Protect|p2b: Arcanine\n|-singleturn|p2b: Arcanine|Protect\n|move|p1b: Iron Bundle|Freeze-Dry|p2a: Iron Hands\n|-damage|p2a: Iron Hands|85\/100\n|move|p1a: Talonflame|Brave Bird|p2a: Iron Hands\n|-damage|p2a: Iron Hands|68\/100\n|-damage|p1a: Talonflame|52\/100|[from] Recoil\n|\n|-damage|p1b: Iron Bundle|89\/100 brn|[from] brn\n|-damage|p2b: Arcanine|36\/100 brn|[from] brn\n|upkeep\n|turn|7\n|\n|t:|1683658831\n|switch|p2b: Amoonguss|Amoonguss, L50, F|100\/100\n|move|p1b: Iron Bundle|Protect|p1b: Iron Bundle\n|-singleturn|p1b: Iron Bundle|Protect\n|move|p1a: Talonflame|Will-O-Wisp|p2a: Iron Hands\n|-status|p2a: Iron Hands|brn\n|move|p2a: Iron Hands|Volt Switch|p1b: Iron Bundle\n|-activate|p1b: Iron Bundle|move: Protect\n|\n|-damage|p1b: Iron Bundle|84\/100 brn|[from] brn\n|-damage|p2a: Iron Hands|62\/100 brn|[from] brn\n|upkeep\n|turn|8\n|\n|t:|1683658851\n|-end|p1b: Iron Bundle|Quark Drive|[silent]\n|switch|p1b: Garchomp|Garchomp, L50, F|100\/100\n|move|p2b: Amoonguss|Protect|p2b: Amoonguss\n|-singleturn|p2b: Amoonguss|Protect\n|move|p1a: Talonflame|Taunt|p2b: Amoonguss\n|-activate|p2b: Amoonguss|move: Protect\n|move|p2a: Iron Hands|Volt Switch|p1b: Garchomp\n|-immune|p1b: Garchomp\n|\n|-damage|p2a: Iron Hands|56\/100 brn|[from] brn\n|upkeep\n|turn|9\n|\n|t:|1683658861\n|-end|p2a: Iron Hands|Quark Drive|[silent]\n|switch|p2a: Palafin|Palafin-Hero, L50, M|63\/100\n|move|p1a: Talonflame|Taunt|p2b: Amoonguss\n|-start|p2b: Amoonguss|move: Taunt\n|move|p1b: Garchomp|Earthquake|p2a: Palafin|[spread] p2a,p2b\n|-immune|p1a: Talonflame\n|-damage|p2a: Palafin|30\/100\n|-damage|p2b: Amoonguss|69\/100\n|move|p2b: Amoonguss|Pollen Puff|p2a: Palafin\n|-heal|p2a: Palafin|80\/100\n|\n|upkeep\n|turn|10\n|inactive|zippLapZapper has 30 seconds left.\n|\n|t:|1683658893\n|switch|p2b: Arcanine|Arcanine, L50, M, tera:Grass|36\/100 brn\n|-ability|p2b: Arcanine|Intimidate|boost\n|-unboost|p1a: Talonflame|atk|1\n|-fail|p1b: Garchomp|unboost|[from] item: Clear Amulet|[of] p1b: Garchomp\n|move|p2a: Palafin|Jet Punch|p1a: Talonflame\n|-supereffective|p1a: Talonflame\n|-damage|p1a: Talonflame|0 fnt\n|faint|p1a: Talonflame\n|move|p1b: Garchomp|Dragon Claw|p2b: Arcanine\n|-damage|p2b: Arcanine|0 fnt\n|faint|p2b: Arcanine\n|\n|upkeep\n|\n|t:|1683658902\n|switch|p1a: Iron Bundle|Iron Bundle, L50|84\/100 brn\n|switch|p2b: Amoonguss|Amoonguss, L50, F|100\/100\n|turn|11\n|\n|t:|1683658924\n|move|p1a: Iron Bundle|Protect|p1a: Iron Bundle\n|-singleturn|p1a: Iron Bundle|Protect\n|move|p1b: Garchomp|Protect|p1b: Garchomp\n|-singleturn|p1b: Garchomp|Protect\n|move|p2a: Palafin|Protect|p2a: Palafin\n|-singleturn|p2a: Palafin|Protect\n|move|p2b: Amoonguss|Spore|p1b: Garchomp\n|-activate|p1b: Garchomp|move: Protect\n|\n|-damage|p1a: Iron Bundle|78\/100 brn|[from] brn\n|upkeep\n|turn|12\n|inactive|zippLapZapper has 30 seconds left.\n|inactive|zippLapZapper has 20 seconds left.\n|inactive|zippLapZapper has 15 seconds left.\n|\n|t:|1683658966\n|switch|p2a: Iron Hands|Iron Hands, L50|56\/100 brn\n|move|p1a: Iron Bundle|Freeze-Dry|p2b: Amoonguss\n|-supereffective|p2b: Amoonguss\n|-damage|p2b: Amoonguss|46\/100\n|-enditem|p2b: Amoonguss|Sitrus Berry|[eat]\n|-heal|p2b: Amoonguss|71\/100|[from] item: Sitrus Berry\n|move|p1b: Garchomp|Stomping Tantrum|p2a: Iron Hands\n|-supereffective|p2a: Iron Hands\n|-damage|p2a: Iron Hands|2\/100 brn\n|move|p2b: Amoonguss|Spore|p1b: Garchomp\n|-status|p1b: Garchomp|slp|[from] move: Spore\n|\n|-damage|p1a: Iron Bundle|73\/100 brn|[from] brn\n|-damage|p2a: Iron Hands|0 fnt|[from] brn\n|faint|p2a: Iron Hands\n|-end|p2a: Iron Hands|Quark Drive|[silent]\n|upkeep\n|\n|t:|1683658979\n|switch|p2a: Palafin|Palafin-Hero, L50, M|80\/100\n|turn|13\n|\n|t:|1683659007\n|move|p1a: Iron Bundle|Protect|p1a: Iron Bundle\n|-singleturn|p1a: Iron Bundle|Protect\n|cant|p1b: Garchomp|slp\n|move|p2a: Palafin|Wave Crash|p1b: Garchomp\n|-damage|p1b: Garchomp|0 fnt\n|-damage|p2a: Palafin|67\/100|[from] ability: Rough Skin|[of] p1b: Garchomp\n|faint|p1b: Garchomp\n|-damage|p2a: Palafin|37\/100|[from] Recoil\n|move|p2b: Amoonguss|Pollen Puff|p2a: Palafin\n|-heal|p2a: Palafin|87\/100\n|\n|-damage|p1a: Iron Bundle|67\/100 brn|[from] brn\n|upkeep\n|\n|t:|1683659013\n|switch|p1b: Chien-Pao|Chien-Pao, L50|100\/100\n|-ability|p1b: Chien-Pao|Sword of Ruin\n|turn|14\n|\n|t:|1683659037\n|move|p2b: Amoonguss|Protect|p2b: Amoonguss\n|-singleturn|p2b: Amoonguss|Protect\n|move|p1a: Iron Bundle|Freeze-Dry|p2a: Palafin\n|-supereffective|p2a: Palafin\n|-damage|p2a: Palafin|23\/100\n|move|p1b: Chien-Pao|Ice Spinner|p2b: Amoonguss\n|-activate|p2b: Amoonguss|move: Protect\n|move|p2a: Palafin|Wave Crash|p1a: Iron Bundle\n|-resisted|p1a: Iron Bundle\n|-damage|p1a: Iron Bundle|0 fnt\n|faint|p1a: Iron Bundle\n|-end|p1a: Iron Bundle|Quark Drive|[silent]\n|-damage|p2a: Palafin|7\/100|[from] Recoil\n|\n|upkeep\n|turn|15\n|inactive|TiggelWiggel has 30 seconds left.\n|\n|t:|1683659071\n|move|p2b: Amoonguss|Rage Powder|p2b: Amoonguss\n|-singleturn|p2b: Amoonguss|move: Rage Powder\n|move|p2a: Palafin|Jet Punch|p1b: Chien-Pao\n|-damage|p1b: Chien-Pao|34\/100\n|move|p1b: Chien-Pao|Ice Spinner|p2b: Amoonguss\n|-supereffective|p2b: Amoonguss\n|-damage|p2b: Amoonguss|0 fnt\n|faint|p2b: Amoonguss\n|\n|upkeep\n|turn|16\n|\n|t:|1683659079\n|move|p2a: Palafin|Protect|p2a: Palafin\n|-singleturn|p2a: Palafin|Protect\n|move|p1b: Chien-Pao|Sucker Punch||[still]\n|-fail|p1b: Chien-Pao\n|\n|upkeep\n|turn|17\n|\n|t:|1683659083\n|move|p1b: Chien-Pao|Protect|p1b: Chien-Pao\n|-singleturn|p1b: Chien-Pao|Protect\n|move|p2a: Palafin|Haze|p2a: Palafin\n|-clearallboost\n|\n|upkeep\n|turn|18\n|\n|t:|1683659091\n|move|p2a: Palafin|Protect|p2a: Palafin\n|-singleturn|p2a: Palafin|Protect\n|move|p1b: Chien-Pao|Sucker Punch||[still]\n|-fail|p1b: Chien-Pao\n|\n|upkeep\n|turn|19\n|\n|t:|1683659097\n|move|p1b: Chien-Pao|Protect|p1b: Chien-Pao\n|-singleturn|p1b: Chien-Pao|Protect\n|move|p2a: Palafin|Protect||[still]\n|-fail|p2a: Palafin\n|\n|upkeep\n|turn|20\n|\n|t:|1683659108\n|move|p2a: Palafin|Protect|p2a: Palafin\n|-singleturn|p2a: Palafin|Protect\n|move|p1b: Chien-Pao|Sucker Punch||[still]\n|-fail|p1b: Chien-Pao\n|\n|upkeep\n|turn|21\n|\n|t:|1683659116\n|move|p2a: Palafin|Protect|p2a: Palafin\n|-singleturn|p2a: Palafin|Protect\n|move|p1b: Chien-Pao|Sucker Punch||[still]\n|-fail|p1b: Chien-Pao\n|\n|upkeep\n|turn|22\n|\n|t:|1683659123\n|move|p1b: Chien-Pao|Sucker Punch|p2a: Palafin\n|-damage|p2a: Palafin|0 fnt\n|faint|p2a: Palafin\n|\n|win|zippLapZapper\n","uploadtime":1683659129,"views":24,"p1id":"zipplapzapper","p2id":"tiggelwiggel","formatid":"gen9vgc2023regulationc","rating":0,"private":0,"password":""}