{"id":"gen9vgc2023regulationc-1848146389","p1":"marioman6444","p2":"michaelgenitc","format":"[Gen 9] VGC 2023 Regulation C","log":"|j|\u2606marioman6444\n|j|\u2606michaelgenitc\n|t:|1682035128\n|gametype|doubles\n|player|p1|marioman6444|hoopster|1255\n|player|p2|michaelgenitc|lucas-gen4pt|1206\n|teamsize|p1|6\n|teamsize|p2|6\n|gen|9\n|tier|[Gen 9] VGC 2023 Regulation C\n|rated|\n|rule|Species Clause: Limit one of each Pok\u00e9mon\n|rule|Item Clause: Limit one of each item\n|clearpoke\n|poke|p1|Brute Bonnet, L50|\n|poke|p1|Garchomp, L50, F|\n|poke|p1|Murkrow, L50, M|\n|poke|p1|Iron Bundle, L50|\n|poke|p1|Maushold, L50|\n|poke|p1|Flutter Mane, L50|\n|poke|p2|Palafin, L50, M|\n|poke|p2|Chien-Pao, L50|\n|poke|p2|Amoonguss, L50, F|\n|poke|p2|Annihilape, L50, M|\n|poke|p2|Farigiraf, L50, M|\n|poke|p2|Ting-Lu, L50|\n|teampreview|4\n|inactive|Battle timer is ON: inactive players will automatically lose when time's up. (requested by marioman6444)\n|inactive|marioman6444 has 60 seconds left.\n|\n|t:|1682035170\n|start\n|switch|p1a: Happy Happy|Iron Bundle, L50|100\/100\n|switch|p1b: THE RATS|Maushold, L50, shiny|100\/100\n|switch|p2a: Farigiraf|Farigiraf, L50, M|100\/100\n|switch|p2b: Ting-Lu|Ting-Lu, L50|100\/100\n|-ability|p2b: Ting-Lu|Vessel of Ruin\n|-enditem|p1a: Happy Happy|Booster Energy\n|-activate|p1a: Happy Happy|ability: Quark Drive|[fromitem]\n|-start|p1a: Happy Happy|quarkdrivespe\n|turn|1\n|\n|t:|1682035189\n|move|p1a: Happy Happy|Freeze-Dry|p2b: Ting-Lu\n|-supereffective|p2b: Ting-Lu\n|-damage|p2b: Ting-Lu|75\/100\n|move|p1b: THE RATS|Taunt|p2a: Farigiraf\n|-start|p2a: Farigiraf|move: Taunt\n|move|p2b: Ting-Lu|Rock Slide|p1a: Happy Happy|[spread] p1a,p1b\n|-supereffective|p1a: Happy Happy\n|-damage|p1a: Happy Happy|71\/100\n|-damage|p1b: THE RATS|83\/100\n|cant|p2a: Farigiraf|move: Taunt|Trick Room\n|\n|upkeep\n|turn|2\n|inactive|marioman6444 has 30 seconds left.\n|\n|t:|1682035215\n|move|p1b: THE RATS|Baby-Doll Eyes||[still]\n|cant|p2a: Farigiraf|ability: Armor Tail|Baby-Doll Eyes|[of] p1b: THE RATS\n|move|p1a: Happy Happy|Freeze-Dry|p2b: Ting-Lu\n|-supereffective|p2b: Ting-Lu\n|-damage|p2b: Ting-Lu|49\/100\n|move|p2a: Farigiraf|Psychic|p1a: Happy Happy\n|-damage|p1a: Happy Happy|31\/100\n|move|p2b: Ting-Lu|Fissure|p1b: THE RATS|[miss]\n|-miss|p2b: Ting-Lu|p1b: THE RATS\n|\n|upkeep\n|turn|3\n|\n|t:|1682035236\n|move|p1b: THE RATS|Follow Me|p1b: THE RATS\n|-singleturn|p1b: THE RATS|move: Follow Me\n|move|p1a: Happy Happy|Freeze-Dry|p2b: Ting-Lu\n|-supereffective|p2b: Ting-Lu\n|-damage|p2b: Ting-Lu|26\/100\n|move|p2a: Farigiraf|Psychic|p1b: THE RATS\n|-damage|p1b: THE RATS|57\/100\n|move|p2b: Ting-Lu|Stomping Tantrum|p1b: THE RATS\n|-damage|p1b: THE RATS|0 fnt\n|faint|p1b: THE RATS\n|\n|-end|p2a: Farigiraf|move: Taunt\n|upkeep\n|\n|t:|1682035258\n|switch|p1b: BB|Brute Bonnet, L50, shiny|100\/100\n|turn|4\n|inactiveoff|Battle timer is now OFF.\n|\n|t:|1682035312\n|move|p2a: Farigiraf|Ally Switch|p2a: Farigiraf\n|swap|p2a: Farigiraf|1|[from] move: Ally Switch\n|move|p1a: Happy Happy|Freeze-Dry|p2b: Farigiraf\n|-damage|p2b: Farigiraf|80\/100\n|move|p1b: BB|Bullet Seed|p2a: Ting-Lu\n|-supereffective|p2a: Ting-Lu\n|-damage|p2a: Ting-Lu|13\/100\n|-supereffective|p2a: Ting-Lu\n|-damage|p2a: Ting-Lu|0 fnt\n|faint|p2a: Ting-Lu\n|-hitcount|p2: Ting-Lu|2\n|\n|upkeep\n|\n|t:|1682035323\n|switch|p2a: Chien-Pao|Chien-Pao, L50|100\/100\n|-ability|p2a: Chien-Pao|Sword of Ruin\n|turn|5\n|\n|t:|1682035345\n|move|p1a: Happy Happy|Encore|p2b: Farigiraf\n|-start|p2b: Farigiraf|Encore\n|move|p2a: Chien-Pao|Ice Spinner|p1b: BB\n|-supereffective|p1b: BB\n|-damage|p1b: BB|8\/100\n|move|p1b: BB|Spore|p2b: Farigiraf\n|-activate|p2b: Farigiraf|item: Safety Goggles|Spore\n|move|p2b: Farigiraf|Ally Switch||[still]\n|-fail|p2b: Farigiraf\n|\n|upkeep\n|turn|6\n|\n|t:|1682035369\n|move|p2b: Farigiraf|Ally Switch|p2b: Farigiraf\n|swap|p2b: Farigiraf|0|[from] move: Ally Switch\n|move|p2b: Chien-Pao|Sucker Punch|p1a: Happy Happy\n|-damage|p1a: Happy Happy|0 fnt\n|faint|p1a: Happy Happy\n|-end|p1a: Happy Happy|Quark Drive|[silent]\n|move|p1b: BB|Close Combat|p2a: Farigiraf\n|-damage|p2a: Farigiraf|36\/100\n|-unboost|p1b: BB|def|1\n|-unboost|p1b: BB|spd|1\n|\n|upkeep\n|\n|t:|1682035373\n|switch|p1a: Mutter Flane|Flutter Mane, L50, shiny|100\/100\n|turn|7\n|\n|t:|1682035398\n|switch|p2a: Annihilape|Annihilape, L50, M|100\/100\n|-terastallize|p1a: Mutter Flane|Fairy\n|move|p2b: Chien-Pao|Ice Spinner|p1b: BB\n|-supereffective|p1b: BB\n|-damage|p1b: BB|0 fnt\n|faint|p1b: BB\n|-end|p1b: BB|Protosynthesis|[silent]\n|move|p1a: Mutter Flane|Dazzling Gleam|p2a: Annihilape|[spread] p2a,p2b\n|-supereffective|p2a: Annihilape\n|-supereffective|p2b: Chien-Pao\n|-damage|p2a: Annihilape|0 fnt\n|-enditem|p2b: Chien-Pao|Focus Sash\n|-damage|p2b: Chien-Pao|1\/100\n|faint|p2a: Annihilape\n|\n|upkeep\n|\n|t:|1682035404\n|switch|p2a: Farigiraf|Farigiraf, L50, M|36\/100\n|turn|8\n|\n|t:|1682035410\n|move|p2b: Chien-Pao|Ice Spinner|p1a: Mutter Flane\n|-damage|p1a: Mutter Flane|35\/100\n|move|p1a: Mutter Flane|Dazzling Gleam|p2b: Chien-Pao|[spread] p2a,p2b\n|-supereffective|p2b: Chien-Pao\n|-damage|p2a: Farigiraf|0 fnt\n|-damage|p2b: Chien-Pao|0 fnt\n|faint|p2a: Farigiraf\n|faint|p2b: Chien-Pao\n|\n|win|marioman6444\n|raw|marioman6444's rating: 1255 → 1276<\/strong> (+21 for winning)\n|raw|michaelgenitc's rating: 1206 → 1185<\/strong> (-21 for losing)\n|l|\u2606michaelgenitc\n|c|\u2606marioman6444|Huh?!\n","uploadtime":1682035427,"views":4,"p1id":"marioman6444","p2id":"michaelgenitc","formatid":"gen9vgc2023regulationc","rating":1185,"private":0,"password":""}