{"id":"gen9vgc2023regulationc-1854583877","p1":"CluelessGamer18","p2":"SuperToad916","format":"[Gen 9] VGC 2023 Regulation C","log":"|j|\u2606CluelessGamer18\n|j|\u2606SuperToad916\n|t:|1682830816\n|gametype|doubles\n|player|p1|CluelessGamer18|2|\n|player|p2|SuperToad916|170|\n|teamsize|p1|6\n|teamsize|p2|6\n|gen|9\n|tier|[Gen 9] VGC 2023 Regulation C\n|rule|Species Clause: Limit one of each Pok\u00e9mon\n|rule|Item Clause: Limit one of each item\n|clearpoke\n|poke|p1|Volcarona, L50, M|\n|poke|p1|Mimikyu, L50, M|\n|poke|p1|Krookodile, L50, F|\n|poke|p1|Weavile, L50, M|\n|poke|p1|Corviknight, L50, M|\n|poke|p1|Slither Wing, L50|\n|poke|p2|Dragonite, L50, M|\n|poke|p2|Scovillain, L50, F|\n|poke|p2|Sylveon, L50, F|\n|poke|p2|Torkoal, L50, F|\n|poke|p2|Lilligant, L50, F|\n|poke|p2|Kingambit, L50, M|\n|teampreview|4\n|j| JJ22FTW\n|j| tomciv20\n|j| lethalpilot\n|l| lethalpilot\n|j| lethalpilot\n|l| lethalpilot\nSuperToad916 rejected open team sheets.\n|j| lethalpilot\n|l| lethalpilot\n|\n|t:|1682830880\n|start\n|switch|p1a: Krookodile|Krookodile, L50, F|100\/100\n|switch|p1b: Volcarona|Volcarona, L50, M|100\/100\n|switch|p2a: Boberto|Dragonite, L50, M|100\/100\n|switch|p2b: Michael 2|Sylveon, L50, F, shiny|100\/100\n|-ability|p1a: Krookodile|Intimidate|boost\n|-unboost|p2a: Boberto|atk|1\n|-unboost|p2b: Michael 2|atk|1\n|turn|1\n|j| lethalpilot\n|\n|t:|1682830910\n|-terastallize|p2a: Boberto|Fairy\n|move|p1a: Krookodile|Rock Slide|p2a: Boberto|[spread] p2a,p2b\n|-damage|p2a: Boberto|88\/100\n|-damage|p2b: Michael 2|77\/100\n|move|p1b: Volcarona|Quiver Dance|p1b: Volcarona\n|-boost|p1b: Volcarona|spa|1\n|-boost|p1b: Volcarona|spd|1\n|-boost|p1b: Volcarona|spe|1\n|cant|p2a: Boberto|flinch\n|cant|p2b: Michael 2|flinch\n|\n|upkeep\n|turn|2\n|\n|t:|1682830942\n|move|p1b: Volcarona|Bug Buzz|p2a: Boberto\n|-resisted|p2a: Boberto\n|-damage|p2a: Boberto|59\/100\n|move|p1a: Krookodile|Rock Slide|p2a: Boberto|[spread] p2a,p2b\n|-damage|p2a: Boberto|35\/100\n|-damage|p2b: Michael 2|55\/100\n|move|p2a: Boberto|Rock Slide|p1b: Volcarona|[spread] p1a,p1b\n|-resisted|p1a: Krookodile\n|-supereffective|p1b: Volcarona\n|-damage|p1a: Krookodile|88\/100\n|-damage|p1b: Volcarona|0 fnt\n|faint|p1b: Volcarona\n|cant|p2b: Michael 2|flinch\n|\n|upkeep\n|\n|t:|1682830956\n|switch|p1b: Mimikyu|Mimikyu, L50, M|100\/100\n|turn|3\n|\n|t:|1682830990\n|switch|p2a: Bubbaboey|Kingambit, L50, M|100\/100\n|move|p1a: Krookodile|Rock Slide|p2a: Bubbaboey|[spread] p2a,p2b\n|-resisted|p2a: Bubbaboey\n|-damage|p2a: Bubbaboey|93\/100\n|-damage|p2b: Michael 2|34\/100\n|move|p1b: Mimikyu|Shadow Claw|p2a: Bubbaboey\n|-resisted|p2a: Bubbaboey\n|-damage|p2a: Bubbaboey|83\/100\n|-damage|p1b: Mimikyu|91\/100|[from] item: Life Orb\n|move|p2b: Michael 2|Hyper Voice|p1b: Mimikyu|[spread] p1a,p1b\n|-supereffective|p1a: Krookodile\n|-damage|p1a: Krookodile|0 fnt\n|-activate|p1b: Mimikyu|ability: Disguise\n|-damage|p1b: Mimikyu|91\/100\n|detailschange|p1b: Mimikyu|Mimikyu-Busted, L50, M\n|-damage|p1b: Mimikyu|78\/100|[from] pokemon: Mimikyu-Busted\n|faint|p1a: Krookodile\n|-enditem|p2b: Michael 2|Throat Spray\n|-boost|p2b: Michael 2|spa|1|[from] item: Throat Spray\n|\n|upkeep\n|\n|t:|1682831008\n|switch|p1a: Slither Wing|Slither Wing, L50|100\/100\n|turn|4\n|c|\u2606SuperToad916|!weak mimikyu\n|c| SuperToad916|\/raw Mimikyu (ignoring abilities): Weaknesses<\/span>: Ghost, Steel Resistances<\/span>: Bug<\/b> Immunities<\/span>: Dragon, Fighting, Normal, Trapping<\/div>\n|c|\u2606SuperToad916|!weak slitherwing\n|c| SuperToad916|\/raw Slither Wing (ignoring abilities): Weaknesses<\/span>: Fairy, Fire, Flying<\/b>, Psychic Resistances<\/span>: Bug, Dark, Fighting, Grass, Ground Immunities<\/span>: None<\/font><\/div>\n|\n|t:|1682831051\n|-terastallize|p1b: Mimikyu|Fairy\n|move|p2b: Michael 2|Protect|p2b: Michael 2\n|-singleturn|p2b: Michael 2|Protect\n|move|p1b: Mimikyu|Shadow Claw|p2b: Michael 2\n|-activate|p2b: Michael 2|move: Protect\n|move|p1a: Slither Wing|Close Combat|p2a: Bubbaboey\n|-supereffective|p2a: Bubbaboey\n|-damage|p2a: Bubbaboey|0 fnt\n|-unboost|p1a: Slither Wing|def|1\n|-unboost|p1a: Slither Wing|spd|1\n|faint|p2a: Bubbaboey\n|\n|upkeep\n|\n|t:|1682831064\n|switch|p2a: Shuckel|Torkoal, L50, F, shiny|100\/100\n|-weather|SunnyDay|[from] ability: Drought|[of] p2a: Shuckel\n|-activate|p1a: Slither Wing|ability: Protosynthesis\n|-start|p1a: Slither Wing|protosynthesisatk\n|turn|5\n|\n|t:|1682831091\n|move|p1b: Mimikyu|Shadow Claw|p2b: Michael 2\n|-damage|p2b: Michael 2|0 fnt\n|faint|p2b: Michael 2\n|-damage|p1b: Mimikyu|68\/100|[from] item: Life Orb\n|move|p1a: Slither Wing|Flare Blitz|p2a: Shuckel\n|-resisted|p2a: Shuckel\n|-damage|p2a: Shuckel|68\/100\n|-damage|p1a: Slither Wing|89\/100|[from] Recoil\n|move|p2a: Shuckel|Eruption|p1b: Mimikyu|[spread] p1a,p1b\n|-supereffective|p1a: Slither Wing\n|-damage|p1a: Slither Wing|0 fnt\n|-damage|p1b: Mimikyu|0 fnt\n|faint|p1a: Slither Wing\n|-end|p1a: Slither Wing|Protosynthesis|[silent]\n|faint|p1b: Mimikyu\n|\n|win|SuperToad916\n","uploadtime":1682831106,"views":19,"p1id":"cluelessgamer18","p2id":"supertoad916","formatid":"gen9vgc2023regulationc","rating":0,"private":0,"password":""}