{"id":"gen9vgc2023regulationc-1861667761","p1":"whorubuthi","p2":"ouiouiiiiiiiii","format":"[Gen 9] VGC 2023 Regulation C","log":"|j|\u2606whorubuthi\n|j|\u2606ouiouiiiiiiiii\n|t:|1683791168\n|gametype|doubles\n|player|p1|whorubuthi|266|1143\n|player|p2|ouiouiiiiiiiii|170|1158\n|teamsize|p1|6\n|teamsize|p2|6\n|gen|9\n|tier|[Gen 9] VGC 2023 Regulation C\n|rated|\n|rule|Species Clause: Limit one of each Pok\u00e9mon\n|rule|Item Clause: Limit one of each item\n|clearpoke\n|poke|p1|Abomasnow, L50, F|\n|poke|p1|Cetitan, L50, M|\n|poke|p1|Amoonguss, L50, M|\n|poke|p1|Baxcalibur, L50, F|\n|poke|p1|Kingambit, L50, M|\n|poke|p1|Iron Bundle, L50|\n|poke|p2|Flutter Mane, L50|\n|poke|p2|Annihilape, L50, M|\n|poke|p2|Maushold, L50|\n|poke|p2|Gyarados, L50, F|\n|poke|p2|Chien-Pao, L50|\n|poke|p2|Dragonite, L50, F|\n|teampreview|4\n|\n|t:|1683791237\n|start\n|switch|p1a: Iron Bundle|Iron Bundle, L50|100\/100\n|switch|p1b: Abomasnow|Abomasnow, L50, F|100\/100\n|switch|p2a: Annihilape|Annihilape, L50, M|100\/100\n|switch|p2b: Maushold|Maushold, L50|100\/100\n|-weather|Snow|[from] ability: Snow Warning|[of] p1b: Abomasnow\n|turn|1\n|\n|t:|1683791261\n|move|p1a: Iron Bundle|Blizzard|p2a: Annihilape|[spread] p2a,p2b\n|-crit|p2a: Annihilape\n|-damage|p2a: Annihilape|47\/100\n|-damage|p2b: Maushold|31\/100\n|move|p2b: Maushold|Beat Up|p2a: Annihilape\n|-damage|p2a: Annihilape|45\/100\n|-damage|p2a: Annihilape|43\/100\n|-damage|p2a: Annihilape|41\/100\n|-damage|p2a: Annihilape|38\/100\n|-hitcount|p2a: Annihilape|4\n|move|p2a: Annihilape|Rage Fist|p1b: Abomasnow\n|-damage|p1b: Abomasnow|10\/100\n|move|p1b: Abomasnow|Aurora Veil|p1b: Abomasnow\n|-sidestart|p1: whorubuthi|move: Aurora Veil\n|\n|-weather|Snow|[upkeep]\n|-heal|p2a: Annihilape|44\/100|[from] item: Leftovers\n|upkeep\n|turn|2\n|\n|t:|1683791287\n|-terastallize|p2a: Annihilape|Fire\n|move|p2b: Maushold|Protect|p2b: Maushold\n|-singleturn|p2b: Maushold|Protect\n|move|p1a: Iron Bundle|Blizzard|p2b: Maushold|[spread] p2a\n|-activate|p2b: Maushold|move: Protect\n|-resisted|p2a: Annihilape\n|-damage|p2a: Annihilape|27\/100\n|move|p2a: Annihilape|Rage Fist|p1a: Iron Bundle\n|-damage|p1a: Iron Bundle|15\/100\n|move|p1b: Abomasnow|Blizzard|p2a: Annihilape|[spread] p2a\n|-activate|p2b: Maushold|move: Protect\n|-resisted|p2a: Annihilape\n|-damage|p2a: Annihilape|17\/100\n|\n|-weather|Snow|[upkeep]\n|-heal|p2a: Annihilape|23\/100|[from] item: Leftovers\n|upkeep\n|turn|3\n|\n|t:|1683791365\n|move|p2a: Annihilape|Protect|p2a: Annihilape\n|-singleturn|p2a: Annihilape|Protect\n|move|p1a: Iron Bundle|Blizzard|p2a: Annihilape|[spread] p2b\n|-activate|p2a: Annihilape|move: Protect\n|-damage|p2b: Maushold|0 fnt\n|faint|p2b: Maushold\n|move|p1b: Abomasnow|Blizzard|p2a: Annihilape\n|-activate|p2a: Annihilape|move: Protect\n|\n|-weather|Snow|[upkeep]\n|-heal|p2a: Annihilape|29\/100|[from] item: Leftovers\n|upkeep\n|\n|t:|1683791377\n|switch|p2b: Chien-Pao|Chien-Pao, L50|100\/100\n|-ability|p2b: Chien-Pao|Sword of Ruin\n|turn|4\n|\n|t:|1683791392\n|move|p2b: Chien-Pao|Sucker Punch|p1a: Iron Bundle\n|-damage|p1a: Iron Bundle|0 fnt\n|faint|p1a: Iron Bundle\n|-end|p1a: Iron Bundle|Quark Drive|[silent]\n|move|p2a: Annihilape|Drain Punch|p1b: Abomasnow\n|-supereffective|p1b: Abomasnow\n|-damage|p1b: Abomasnow|0 fnt\n|-heal|p2a: Annihilape|34\/100|[from] drain|[of] p1b: Abomasnow\n|faint|p1b: Abomasnow\n|\n|-weather|Snow|[upkeep]\n|-heal|p2a: Annihilape|40\/100|[from] item: Leftovers\n|upkeep\n|\n|t:|1683791398\n|switch|p1a: Kingambit|Kingambit, L50, M|100\/100\n|switch|p1b: Cetitan|Cetitan, L50, M|100\/100\n|turn|5\n|\n|t:|1683791442\n|-terastallize|p1b: Cetitan|Water\n|move|p1b: Cetitan|Liquidation|p2a: Annihilape\n|-supereffective|p2a: Annihilape\n|-damage|p2a: Annihilape|0 fnt\n|faint|p2a: Annihilape\n|move|p2b: Chien-Pao|Ice Spinner|p1a: Kingambit\n|-resisted|p1a: Kingambit\n|-damage|p1a: Kingambit|86\/100\n|move|p1a: Kingambit|Iron Head|p2b: Chien-Pao\n|-supereffective|p2b: Chien-Pao\n|-enditem|p2b: Chien-Pao|Focus Sash\n|-damage|p2b: Chien-Pao|1\/100\n|\n|-weather|none\n|-sideend|p1: whorubuthi|move: Aurora Veil\n|upkeep\n|\n|t:|1683791454\n|switch|p2a: Dragonite|Dragonite, L50, F|100\/100\n|turn|6\n|\n|t:|1683791463\n|move|p2b: Chien-Pao|Protect|p2b: Chien-Pao\n|-singleturn|p2b: Chien-Pao|Protect\n|move|p2a: Dragonite|Low Kick|p1a: Kingambit\n|-supereffective|p1a: Kingambit\n|-damage|p1a: Kingambit|0 fnt\n|faint|p1a: Kingambit\n|move|p1b: Cetitan|Ice Spinner|p2a: Dragonite\n|-supereffective|p2a: Dragonite\n|-damage|p2a: Dragonite|0 fnt\n|faint|p2a: Dragonite\n|\n|upkeep\n|turn|7\n|c|\u2606whorubuthi|geegee weel pleed\n|\n|t:|1683791479\n|move|p2b: Chien-Pao|Sucker Punch|p1b: Cetitan\n|-damage|p1b: Cetitan|55\/100\n|move|p1b: Cetitan|Ice Shard|p2b: Chien-Pao\n|-resisted|p2b: Chien-Pao\n|-damage|p2b: Chien-Pao|0 fnt\n|faint|p2b: Chien-Pao\n|\n|win|whorubuthi\n|raw|whorubuthi's rating: 1143 → 1169<\/strong> (+26 for winning)\n|raw|ouiouiiiiiiiii's rating: 1158 → 1132<\/strong> (-26 for losing)\n|l|\u2606ouiouiiiiiiiii\n|l|\u2606whorubuthi\n|j|\u2606whorubuthi\n|player|p1|whorubuthi|266\n","uploadtime":1683791518,"views":8,"p1id":"whorubuthi","p2id":"ouiouiiiiiiiii","formatid":"gen9vgc2023regulationc","rating":1132,"private":0,"password":""}