{"id":"gen9vgc2023regulationc-1848605938","p1":"Felon Degeneres","p2":"cosmojamm","format":"[Gen 9] VGC 2023 Regulation C","log":"|j|\u2606Felon Degeneres\n|j|\u2606cosmojamm\n|t:|1682093908\n|gametype|doubles\n|player|p1|Felon Degeneres|rocketgruntf|1207\n|player|p2|cosmojamm|burgh|1168\n|teamsize|p1|6\n|teamsize|p2|6\n|gen|9\n|tier|[Gen 9] VGC 2023 Regulation C\n|rated|\n|rule|Species Clause: Limit one of each Pok\u00e9mon\n|rule|Item Clause: Limit one of each item\n|clearpoke\n|poke|p1|Pelipper, L50, M|\n|poke|p1|Floatzel, L50, M|\n|poke|p1|Meowscarada, L50, M|\n|poke|p1|Volcarona, L50, M|\n|poke|p1|Scizor, L50, F|\n|poke|p1|Vaporeon, L50, F|\n|poke|p2|Misdreavus, L50, M|\n|poke|p2|Gholdengo, L50|\n|poke|p2|Iron Jugulis, L50|\n|poke|p2|Great Tusk, L50|\n|poke|p2|Raichu, L50, F|\n|poke|p2|Baxcalibur, L50, M|\n|teampreview|4\ncosmojamm has agreed to open team sheets.\n|inactive|Battle timer is ON: inactive players will automatically lose when time's up. (requested by Felon Degeneres)\n|\n|t:|1682093997\n|start\n|switch|p1a: Pelipper|Pelipper, L50, M|100\/100\n|switch|p1b: Floatzel|Floatzel, L50, M|100\/100\n|switch|p2a: Misdreavus|Misdreavus, L50, M|100\/100\n|switch|p2b: Raichu|Raichu, L50, F|100\/100\n|-weather|RainDance|[from] ability: Drizzle|[of] p1a: Pelipper\n|turn|1\n|\n|t:|1682094017\n|move|p1b: Floatzel|Protect|p1b: Floatzel\n|-singleturn|p1b: Floatzel|Protect\n|move|p2b: Raichu|Volt Switch|p1a: Pelipper\n|-supereffective|p1a: Pelipper\n|-enditem|p1a: Pelipper|Focus Sash\n|-damage|p1a: Pelipper|1\/100\n|\n|t:|1682094026\n|switch|p2b: Baxcalibur|Baxcalibur, L50, M|100\/100|[from] Volt Switch\n|move|p1a: Pelipper|Tailwind|p1a: Pelipper\n|-sidestart|p1: Felon Degeneres|move: Tailwind\n|move|p2a: Misdreavus|Will-O-Wisp|p1b: Floatzel\n|-activate|p1b: Floatzel|move: Protect\n|\n|-weather|RainDance|[upkeep]\n|upkeep\n|turn|2\n|inactive|Felon Degeneres has 30 seconds left.\n|inactive|Felon Degeneres has 20 seconds left.\n|\n|t:|1682094065\n|-terastallize|p1b: Floatzel|Water\n|move|p2b: Baxcalibur|Ice Shard|p1a: Pelipper\n|-damage|p1a: Pelipper|0 fnt\n|faint|p1a: Pelipper\n|move|p1b: Floatzel|Wave Crash|p2a: Misdreavus\n|-damage|p2a: Misdreavus|0 fnt\n|faint|p2a: Misdreavus\n|-damage|p1b: Floatzel|73\/100|[from] Recoil\n|-damage|p1b: Floatzel|63\/100|[from] item: Life Orb\n|\n|-weather|RainDance|[upkeep]\n|upkeep\n|\n|t:|1682094085\n|switch|p1a: Volcarona|Volcarona, L50, M|100\/100\n|switch|p2a: Raichu|Raichu, L50, F|100\/100\n|turn|3\n|inactive|cosmojamm has 30 seconds left.\n|inactive|cosmojamm has 20 seconds left.\n|\n|t:|1682094124\n|move|p1b: Floatzel|Protect|p1b: Floatzel\n|-singleturn|p1b: Floatzel|Protect\n|move|p2a: Raichu|Feint|p1b: Floatzel\n|-activate|p1b: Floatzel|move: Feint\n|-damage|p1b: Floatzel|53\/100\n|move|p1a: Volcarona|Giga Drain|p2a: Raichu\n|-damage|p2a: Raichu|80\/100\n|move|p2b: Baxcalibur|Glaive Rush|p1b: Floatzel\n|-damage|p1b: Floatzel|0 fnt\n|-singlemove|p2b: Baxcalibur|Glaive Rush|[silent]\n|faint|p1b: Floatzel\n|\n|-weather|RainDance|[upkeep]\n|upkeep\n|\n|t:|1682094136\n|switch|p1b: Meowscarada|Meowscarada, L50, M|100\/100\n|turn|4\n|\n|t:|1682094151\n|move|p2b: Baxcalibur|Protect|p2b: Baxcalibur\n|-singleturn|p2b: Baxcalibur|Protect\n|move|p1a: Volcarona|Rage Powder|p1a: Volcarona\n|-singleturn|p1a: Volcarona|move: Rage Powder\n|move|p1b: Meowscarada|Knock Off|p2a: Raichu\n|-start|p1b: Meowscarada|typechange|Dark|[from] ability: Protean\n|-damage|p2a: Raichu|0 fnt\n|-enditem|p2a: Raichu|Assault Vest|[from] move: Knock Off|[of] p1b: Meowscarada\n|faint|p2a: Raichu\n|\n|-weather|RainDance|[upkeep]\n|-sideend|p1: Felon Degeneres|move: Tailwind\n|upkeep\n|\n|t:|1682094162\n|switch|p2a: Great Tusk|Great Tusk, L50|100\/100\n|turn|5\n|inactive|Felon Degeneres has 30 seconds left.\n|inactive|cosmojamm has 30 seconds left.\n|\n|t:|1682094194\n|move|p1b: Meowscarada|Knock Off|p2b: Baxcalibur\n|-crit|p2b: Baxcalibur\n|-damage|p2b: Baxcalibur|0 fnt\n|-enditem|p2b: Baxcalibur|Loaded Dice|[from] move: Knock Off|[of] p1b: Meowscarada\n|faint|p2b: Baxcalibur\n|move|p1a: Volcarona|Giga Drain|p2a: Great Tusk\n|-supereffective|p2a: Great Tusk\n|-damage|p2a: Great Tusk|47\/100\n|move|p2a: Great Tusk|Headlong Rush|p1a: Volcarona\n|-damage|p1a: Volcarona|9\/100\n|-unboost|p2a: Great Tusk|def|1\n|-unboost|p2a: Great Tusk|spd|1\n|-status|p2a: Great Tusk|brn|[from] ability: Flame Body|[of] p1a: Volcarona\n|-enditem|p1a: Volcarona|Wiki Berry|[eat]\n|-heal|p1a: Volcarona|43\/100|[from] item: Wiki Berry\n|-damage|p2a: Great Tusk|37\/100 brn|[from] item: Life Orb\n|\n|-weather|none\n|-damage|p2a: Great Tusk|31\/100 brn|[from] brn\n|upkeep\n|turn|6\n|l|\u2606cosmojamm\n|inactive|cosmojamm disconnected and has a minute to reconnect!\n|player|p2|\n|inactive|cosmojamm has 30 seconds left.\n|inactive|cosmojamm has 20 seconds left.\n|inactive|cosmojamm has 15 seconds left.\n|inactive|cosmojamm has 10 seconds left.\n|inactive|cosmojamm has 5 seconds left.\n|-message|cosmojamm lost due to inactivity.\n|\n|win|Felon Degeneres\n|raw|Felon Degeneres's rating: 1207 → 1229<\/strong> (+22 for winning)\n|raw|cosmojamm's rating: 1168 → 1146<\/strong> (-22 for losing)\n","uploadtime":1682094379,"views":7,"p1id":"felondegeneres","p2id":"cosmojamm","formatid":"gen9vgc2023regulationc","rating":1146,"private":0,"password":""}