{"id":"gen9vgc2023regulationc-1857457491","p1":"Gerva02VGC","p2":"StomachSleeper","format":"[Gen 9] VGC 2023 Regulation C","log":"|j|\u2606Gerva02VGC\n|j|\u2606StomachSleeper\n|t:|1683196257\n|gametype|doubles\n|player|p1|Gerva02VGC|169|1192\n|player|p2|StomachSleeper|hugh|1147\n|teamsize|p1|6\n|teamsize|p2|6\n|gen|9\n|tier|[Gen 9] VGC 2023 Regulation C\n|rated|\n|rule|Species Clause: Limit one of each Pok\u00e9mon\n|rule|Item Clause: Limit one of each item\n|clearpoke\n|poke|p1|Ting-Lu, L50|\n|poke|p1|Flutter Mane, L50|\n|poke|p1|Arcanine, L50, F|\n|poke|p1|Baxcalibur, L50, M|\n|poke|p1|Palafin, L50, M|\n|poke|p1|Amoonguss, L50, F|\n|poke|p2|Hippowdon, L50, M|\n|poke|p2|Lycanroc, L50, F|\n|poke|p2|Bronzong, L50|\n|poke|p2|Amoonguss, L50, M|\n|poke|p2|Iron Hands, L50|\n|poke|p2|Flutter Mane, L50|\n|teampreview|4\n|inactive|Battle timer is ON: inactive players will automatically lose when time's up. (requested by StomachSleeper)\n|inactive|Gerva02VGC has 60 seconds left.\n|\n|t:|1683196288\n|start\n|switch|p1a: Arcanine|Arcanine, L50, F|100\/100\n|switch|p1b: Palafin|Palafin, L50, M|100\/100\n|switch|p2a: Bronzong|Bronzong, L50|100\/100\n|switch|p2b: Hippowdon|Hippowdon, L50, M|100\/100\n|-ability|p1a: Arcanine|Intimidate|boost\n|-unboost|p2a: Bronzong|atk|1\n|-unboost|p2b: Hippowdon|atk|1\n|-weather|Sandstorm|[from] ability: Sand Stream|[of] p2b: Hippowdon\n|turn|1\n|\n|t:|1683196308\n|detailschange|p1b: Palafin|Palafin-Hero, L50, M\n|switch|p1b: Amoonguss|Amoonguss, L50, F|100\/100\n|move|p1a: Arcanine|Will-O-Wisp|p2b: Hippowdon\n|-status|p2b: Hippowdon|brn\n|move|p2b: Hippowdon|Earthquake|p1a: Arcanine|[spread] p1a,p1b\n|-immune|p2a: Bronzong|[from] ability: Levitate\n|-supereffective|p1a: Arcanine\n|-damage|p1a: Arcanine|79\/100\n|-damage|p1b: Amoonguss|91\/100\n|move|p2a: Bronzong|Trick Room|p2a: Bronzong\n|-fieldstart|move: Trick Room|[of] p2a: Bronzong\n|\n|-weather|Sandstorm|[upkeep]\n|-damage|p1b: Amoonguss|85\/100|[from] Sandstorm\n|-damage|p2b: Hippowdon|94\/100 brn|[from] brn\n|upkeep\n|turn|2\n|inactive|Gerva02VGC has 30 seconds left.\n|\n|t:|1683196335\n|move|p2a: Bronzong|Iron Defense|p2a: Bronzong\n|-boost|p2a: Bronzong|def|2\n|move|p2b: Hippowdon|Yawn|p1a: Arcanine\n|-start|p1a: Arcanine|move: Yawn|[of] p2b: Hippowdon\n|move|p1b: Amoonguss|Pollen Puff|p1a: Arcanine\n|-heal|p1a: Arcanine|100\/100\n|move|p1a: Arcanine|Will-O-Wisp|p2a: Bronzong\n|-status|p2a: Bronzong|brn\n|\n|-weather|Sandstorm|[upkeep]\n|-damage|p1b: Amoonguss|79\/100|[from] Sandstorm\n|-heal|p2b: Hippowdon|100\/100 brn|[from] item: Leftovers\n|-damage|p2a: Bronzong|95\/100 brn|[from] brn\n|-damage|p2b: Hippowdon|94\/100 brn|[from] brn\n|upkeep\n|turn|3\n|inactive|Gerva02VGC has 30 seconds left.\n|inactive|StomachSleeper has 30 seconds left.\n|inactive|Gerva02VGC has 20 seconds left.\n|inactive|Gerva02VGC has 15 seconds left.\n|\n|t:|1683196377\n|move|p2a: Bronzong|Iron Defense|p2a: Bronzong\n|-boost|p2a: Bronzong|def|2\n|move|p2b: Hippowdon|Yawn||[still]\n|-fail|p2b: Hippowdon\n|move|p1b: Amoonguss|Pollen Puff|p2a: Bronzong\n|-damage|p2a: Bronzong|80\/100 brn\n|move|p1a: Arcanine|Flare Blitz|p2a: Bronzong\n|-supereffective|p2a: Bronzong\n|-damage|p2a: Bronzong|58\/100 brn\n|-damage|p1a: Arcanine|94\/100|[from] Recoil\n|\n|-weather|Sandstorm|[upkeep]\n|-damage|p1b: Amoonguss|73\/100|[from] Sandstorm\n|-heal|p2b: Hippowdon|100\/100 brn|[from] item: Leftovers\n|-damage|p2a: Bronzong|53\/100 brn|[from] brn\n|-damage|p2b: Hippowdon|94\/100 brn|[from] brn\n|-end|p1a: Arcanine|move: Yawn|[silent]\n|-status|p1a: Arcanine|slp\n|upkeep\n|turn|4\n|\n|t:|1683196398\n|switch|p2b: Amoonguss|Amoonguss, L50, M|100\/100\n|move|p2a: Bronzong|Iron Defense|p2a: Bronzong\n|-boost|p2a: Bronzong|def|2\n|move|p1b: Amoonguss|Pollen Puff|p2a: Bronzong\n|-damage|p2a: Bronzong|37\/100 brn\n|cant|p1a: Arcanine|slp\n|\n|-weather|Sandstorm|[upkeep]\n|-damage|p2b: Amoonguss|95\/100|[from] Sandstorm\n|-damage|p1b: Amoonguss|67\/100|[from] Sandstorm\n|-damage|p2a: Bronzong|31\/100 brn|[from] brn\n|upkeep\n|turn|5\n|\n|t:|1683196417\n|move|p2b: Amoonguss|Pollen Puff|p2a: Bronzong\n|-heal|p2a: Bronzong|81\/100 brn\n|move|p2a: Bronzong|Body Press|p1b: Amoonguss\n|-resisted|p1b: Amoonguss\n|-damage|p1b: Amoonguss|45\/100\n|-enditem|p1b: Amoonguss|Sitrus Berry|[eat]\n|-heal|p1b: Amoonguss|70\/100|[from] item: Sitrus Berry\n|move|p1b: Amoonguss|Pollen Puff|p2a: Bronzong\n|-damage|p2a: Bronzong|65\/100 brn\n|cant|p1a: Arcanine|slp\n|\n|-weather|none\n|-damage|p2a: Bronzong|59\/100 brn|[from] brn\n|-fieldend|move: Trick Room\n|upkeep\n|turn|6\n|inactive|Gerva02VGC has 30 seconds left.\n|\n|t:|1683196444\n|cant|p1a: Arcanine|slp\n|move|p1b: Amoonguss|Pollen Puff|p2a: Bronzong\n|-damage|p2a: Bronzong|44\/100 brn\n|move|p2b: Amoonguss|Pollen Puff|p2a: Bronzong\n|-heal|p2a: Bronzong|94\/100 brn\n|move|p2a: Bronzong|Trick Room|p2a: Bronzong\n|-fieldstart|move: Trick Room|[of] p2a: Bronzong\n|\n|-damage|p2a: Bronzong|88\/100 brn|[from] brn\n|upkeep\n|turn|7\n|inactive|StomachSleeper has 30 seconds left.\n|\n|t:|1683196472\n|move|p2b: Amoonguss|Pollen Puff|p2a: Bronzong\n|-heal|p2a: Bronzong|100\/100 brn\n|move|p2a: Bronzong|Body Press|p1a: Arcanine\n|-damage|p1a: Arcanine|38\/100 slp\n|move|p1b: Amoonguss|Pollen Puff|p2a: Bronzong\n|-damage|p2a: Bronzong|85\/100 brn\n|-curestatus|p1a: Arcanine|slp|[msg]\n|move|p1a: Arcanine|Howl|p1a: Arcanine|[spread] p1a,p1b\n|-boost|p1a: Arcanine|atk|1\n|-boost|p1b: Amoonguss|atk|1\n|\n|-damage|p2a: Bronzong|79\/100 brn|[from] brn\n|upkeep\n|turn|8\n|\n|t:|1683196494\n|move|p2b: Amoonguss|Pollen Puff|p2a: Bronzong\n|-heal|p2a: Bronzong|100\/100 brn\n|move|p2a: Bronzong|Body Press|p1a: Arcanine\n|-damage|p1a: Arcanine|0 fnt\n|faint|p1a: Arcanine\n|move|p1b: Amoonguss|Pollen Puff|p1: Arcanine|[notarget]\n|-fail|p1b: Amoonguss\n|\n|-damage|p2a: Bronzong|95\/100 brn|[from] brn\n|upkeep\n|\n|t:|1683196506\n|switch|p1a: Palafin|Palafin-Hero, L50, M|100\/100\n|-activate|p1a: Palafin|ability: Zero to Hero\n|turn|9\n|\n|t:|1683196525\n|-terastallize|p1a: Palafin|Grass\n|move|p2b: Amoonguss|Spore|p1a: Palafin\n|-immune|p1a: Palafin\n|move|p2a: Bronzong|Body Press|p1a: Palafin\n|-damage|p1a: Palafin|49\/100\n|move|p1b: Amoonguss|Pollen Puff|p1a: Palafin\n|-heal|p1a: Palafin|99\/100\n|move|p1a: Palafin|Wave Crash|p2a: Bronzong\n|-damage|p2a: Bronzong|79\/100 brn\n|-damage|p1a: Palafin|94\/100|[from] Recoil\n|\n|-damage|p2a: Bronzong|73\/100 brn|[from] brn\n|upkeep\n|turn|10\n|inactive|Gerva02VGC has 30 seconds left.\n|inactive|StomachSleeper has 30 seconds left.\n|inactive|StomachSleeper has 20 seconds left.\n|\n|t:|1683196561\n|switch|p1b: Flutter Mane|Flutter Mane, L50|100\/100\n|-enditem|p1b: Flutter Mane|Booster Energy\n|-activate|p1b: Flutter Mane|ability: Protosynthesis|[fromitem]\n|-start|p1b: Flutter Mane|protosynthesisspa\n|move|p1a: Palafin|Protect|p1a: Palafin\n|-singleturn|p1a: Palafin|Protect\n|move|p2b: Amoonguss|Pollen Puff|p2a: Bronzong\n|-heal|p2a: Bronzong|100\/100 brn\n|move|p2a: Bronzong|Body Press|p1b: Flutter Mane\n|-immune|p1b: Flutter Mane\n|\n|-damage|p2a: Bronzong|95\/100 brn|[from] brn\n|-fieldend|move: Trick Room\n|upkeep\n|turn|11\n|\n|t:|1683196584\n|switch|p1a: Amoonguss|Amoonguss, L50, F|100\/100\n|move|p2b: Amoonguss|Rage Powder|p2b: Amoonguss\n|-singleturn|p2b: Amoonguss|move: Rage Powder\n|move|p1b: Flutter Mane|Shadow Ball|p2b: Amoonguss\n|-damage|p2b: Amoonguss|48\/100\n|-enditem|p2b: Amoonguss|Sitrus Berry|[eat]\n|-heal|p2b: Amoonguss|73\/100|[from] item: Sitrus Berry\n|move|p2a: Bronzong|Trick Room|p2a: Bronzong\n|-fieldstart|move: Trick Room|[of] p2a: Bronzong\n|\n|-damage|p2a: Bronzong|89\/100 brn|[from] brn\n|upkeep\n|turn|12\n|\n|t:|1683196601\n|-end|p1b: Flutter Mane|Protosynthesis|[silent]\n|switch|p1b: Palafin|Palafin-Hero, L50, M, tera:Grass|94\/100\n|move|p2b: Amoonguss|Pollen Puff|p2a: Bronzong\n|-heal|p2a: Bronzong|100\/100 brn\n|move|p2a: Bronzong|Gyro Ball|p1b: Palafin\n|-damage|p1b: Palafin|86\/100\n|move|p1a: Amoonguss|Pollen Puff|p1b: Palafin\n|-heal|p1b: Palafin|100\/100\n|\n|-damage|p2a: Bronzong|95\/100 brn|[from] brn\n|upkeep\n|turn|13\n|\n|t:|1683196625\n|switch|p1b: Flutter Mane|Flutter Mane, L50|100\/100\n|move|p2b: Amoonguss|Spore|p1a: Amoonguss\n|-immune|p1a: Amoonguss\n|move|p2a: Bronzong|Body Press|p1a: Amoonguss\n|-resisted|p1a: Amoonguss\n|-damage|p1a: Amoonguss|81\/100\n|move|p1a: Amoonguss|Pollen Puff|p1b: Flutter Mane\n|-immune|p1b: Flutter Mane\n|\n|-damage|p2a: Bronzong|89\/100 brn|[from] brn\n|upkeep\n|turn|14\n|inactive|StomachSleeper has 30 seconds left.\n|\n|t:|1683196651\n|move|p1b: Flutter Mane|Protect|p1b: Flutter Mane\n|-singleturn|p1b: Flutter Mane|Protect\n|move|p2b: Amoonguss|Rage Powder|p2b: Amoonguss\n|-singleturn|p2b: Amoonguss|move: Rage Powder\n|move|p2a: Bronzong|Body Press|p1a: Amoonguss\n|-resisted|p1a: Amoonguss\n|-damage|p1a: Amoonguss|59\/100\n|move|p1a: Amoonguss|Pollen Puff|p2a: Bronzong\n|-damage|p2a: Bronzong|72\/100 brn\n|\n|-damage|p2a: Bronzong|66\/100 brn|[from] brn\n|upkeep\n|turn|15\n|inactive|Gerva02VGC has 30 seconds left.\n|inactive|Gerva02VGC has 20 seconds left.\n|\n|t:|1683196688\n|-end|p1b: Flutter Mane|Protosynthesis|[silent]\n|switch|p1b: Palafin|Palafin-Hero, L50, M, tera:Grass|100\/100\n|move|p2b: Amoonguss|Pollen Puff|p2a: Bronzong\n|-heal|p2a: Bronzong|100\/100 brn\n|move|p2a: Bronzong|Gyro Ball|p1b: Palafin\n|-damage|p1b: Palafin|92\/100\n|move|p1a: Amoonguss|Pollen Puff|p2a: Bronzong\n|-damage|p2a: Bronzong|85\/100 brn\n|\n|-damage|p2a: Bronzong|79\/100 brn|[from] brn\n|-fieldend|move: Trick Room\n|upkeep\n|turn|16\n|\n|t:|1683196708\n|switch|p1a: Flutter Mane|Flutter Mane, L50|100\/100\n|move|p1b: Palafin|Wave Crash|p2a: Bronzong\n|-damage|p2a: Bronzong|62\/100 brn\n|-damage|p1b: Palafin|87\/100|[from] Recoil\n|move|p2b: Amoonguss|Pollen Puff|p2a: Bronzong\n|-heal|p2a: Bronzong|100\/100 brn\n|move|p2a: Bronzong|Trick Room|p2a: Bronzong\n|-fieldstart|move: Trick Room|[of] p2a: Bronzong\n|\n|-damage|p2a: Bronzong|95\/100 brn|[from] brn\n|upkeep\n|turn|17\n|c|\u2606StomachSleeper|so\n|c|\u2606StomachSleeper|hows your day been\n|inactive|Gerva02VGC has 30 seconds left.\n|\n|t:|1683196739\n|-end|p1a: Flutter Mane|Protosynthesis|[silent]\n|switch|p1a: Amoonguss|Amoonguss, L50, F|92\/100\n|move|p2b: Amoonguss|Rage Powder|p2b: Amoonguss\n|-singleturn|p2b: Amoonguss|move: Rage Powder\n|move|p2a: Bronzong|Gyro Ball|p1a: Amoonguss\n|-damage|p1a: Amoonguss|89\/100\n|move|p1b: Palafin|Wave Crash|p2a: Bronzong\n|-damage|p2a: Bronzong|77\/100 brn\n|-damage|p1b: Palafin|82\/100|[from] Recoil\n|\n|-damage|p2a: Bronzong|71\/100 brn|[from] brn\n|upkeep\n|turn|18\n|inactive|Gerva02VGC has 30 seconds left.\n|\n|t:|1683196758\n|move|p2b: Amoonguss|Pollen Puff|p2a: Bronzong\n|-heal|p2a: Bronzong|100\/100 brn\n|move|p2a: Bronzong|Body Press|p1a: Amoonguss\n|-resisted|p1a: Amoonguss\n|-damage|p1a: Amoonguss|67\/100\n|move|p1a: Amoonguss|Pollen Puff|p1b: Palafin\n|-heal|p1b: Palafin|100\/100\n|move|p1b: Palafin|Wave Crash|p2a: Bronzong\n|-damage|p2a: Bronzong|83\/100 brn\n|-damage|p1b: Palafin|95\/100|[from] Recoil\n|\n|-damage|p2a: Bronzong|77\/100 brn|[from] brn\n|upkeep\n|turn|19\n|inactive|Gerva02VGC has 30 seconds left this turn.\n|inactive|Gerva02VGC has 20 seconds left.\n|inactive|Gerva02VGC has 15 seconds left.\n|inactive|Gerva02VGC has 10 seconds left.\n|\n|t:|1683196782\n|switch|p1a: Flutter Mane|Flutter Mane, L50|100\/100\n|move|p2b: Amoonguss|Pollen Puff|p2a: Bronzong\n|-heal|p2a: Bronzong|100\/100 brn\n|move|p2a: Bronzong|Gyro Ball|p1a: Flutter Mane\n|-supereffective|p1a: Flutter Mane\n|-damage|p1a: Flutter Mane|59\/100\n|move|p1b: Palafin|Wave Crash|p2a: Bronzong\n|-damage|p2a: Bronzong|83\/100 brn\n|-damage|p1b: Palafin|90\/100|[from] Recoil\n|\n|-damage|p2a: Bronzong|77\/100 brn|[from] brn\n|upkeep\n|turn|20\n|inactive|Gerva02VGC has 10 seconds left this turn.\n|inactive|Gerva02VGC has 5 seconds left.\n|inactive|StomachSleeper has 30 seconds left.\n|\n|t:|1683196812\n|move|p2b: Amoonguss|Rage Powder|p2b: Amoonguss\n|-singleturn|p2b: Amoonguss|move: Rage Powder\n|move|p2a: Bronzong|Gyro Ball|p1a: Flutter Mane\n|-supereffective|p1a: Flutter Mane\n|-damage|p1a: Flutter Mane|14\/100\n|move|p1b: Palafin|Wave Crash|p2a: Bronzong\n|-damage|p2a: Bronzong|61\/100 brn\n|-damage|p1b: Palafin|86\/100|[from] Recoil\n|move|p1a: Flutter Mane|Shadow Ball|p2b: Amoonguss\n|-damage|p2b: Amoonguss|38\/100\n|\n|-damage|p2a: Bronzong|55\/100 brn|[from] brn\n|-fieldend|move: Trick Room\n|upkeep\n|turn|21\n|inactive|Gerva02VGC has 5 seconds left this turn.\n|-message|Gerva02VGC lost due to inactivity.\n|\n|win|StomachSleeper\n|raw|Gerva02VGC's rating: 1192 → 1164<\/strong> (-28 for losing)\n|raw|StomachSleeper's rating: 1147 → 1175<\/strong> (+28 for winning)\n|l|\u2606Gerva02VGC\n","uploadtime":1683196834,"views":15,"p1id":"gerva02vgc","p2id":"stomachsleeper","formatid":"gen9vgc2023regulationc","rating":1164,"private":0,"password":""}