{"id":"gen9vgc2023regulationc-1851666816","p1":"joetheGooVGC","p2":"lttrm","format":"[Gen 9] VGC 2023 Regulation C","log":"|j|\u2606joetheGooVGC\n|j|\u2606lttrm\n|t:|1682467531\n|gametype|doubles\n|player|p1|joetheGooVGC|265|1169\n|player|p2|lttrm|janitor|1207\n|teamsize|p1|6\n|teamsize|p2|6\n|gen|9\n|tier|[Gen 9] VGC 2023 Regulation C\n|rated|\n|rule|Species Clause: Limit one of each Pok\u00e9mon\n|rule|Item Clause: Limit one of each item\n|clearpoke\n|poke|p1|Garganacl, L50, M|\n|poke|p1|Iron Hands, L50|\n|poke|p1|Iron Bundle, L50|\n|poke|p1|Flutter Mane, L50|\n|poke|p1|Espathra, L50, M|\n|poke|p1|Ceruledge, L50, M|\n|poke|p2|Garchomp, L50, M|\n|poke|p2|Murkrow, L50, F|\n|poke|p2|Meowscarada, L50, M|\n|poke|p2|Iron Hands, L50|\n|poke|p2|Iron Bundle, L50|\n|poke|p2|Gyarados, L50, M|\n|teampreview|4\n|inactive|Battle timer is ON: inactive players will automatically lose when time's up. (requested by joetheGooVGC)\n|inactive|joetheGooVGC has 60 seconds left.\n|inactive|lttrm has 60 seconds left.\n|\n|t:|1682467592\n|start\n|switch|p1a: Iron Bundle|Iron Bundle, L50|100\/100\n|switch|p1b: Espathra|Espathra, L50, M, shiny|100\/100\n|switch|p2a: Murkrow|Murkrow, L50, F|100\/100\n|switch|p2b: Garchomp|Garchomp, L50, M|100\/100\n|turn|1\n|inactive|joetheGooVGC has 30 seconds left.\n|inactive|lttrm has 30 seconds left.\n|\n|t:|1682467622\n|move|p2a: Murkrow|Tailwind|p2a: Murkrow\n|-sidestart|p2: lttrm|move: Tailwind\n|move|p2b: Garchomp|Stone Edge|p1a: Iron Bundle\n|-supereffective|p1a: Iron Bundle\n|-damage|p1a: Iron Bundle|0 fnt\n|faint|p1a: Iron Bundle\n|-end|p1a: Iron Bundle|Quark Drive|[silent]\n|-damage|p2b: Garchomp|91\/100|[from] item: Life Orb\n|move|p1b: Espathra|Reflect|p1b: Espathra\n|-sidestart|p1: joetheGooVGC|Reflect\n|\n|-ability|p1b: Espathra|Speed Boost|boost\n|-boost|p1b: Espathra|spe|1\n|upkeep\n|\n|t:|1682467632\n|switch|p1a: supa mario|Garganacl, L50, M, shiny|100\/100\n|turn|2\n|\n|t:|1682467643\n|move|p2a: Murkrow|Taunt|p1b: Espathra\n|-start|p1b: Espathra|move: Taunt\n|move|p2b: Garchomp|Earthquake|p1b: Espathra|[spread] p1a,p1b\n|-immune|p2a: Murkrow\n|-supereffective|p1a: supa mario\n|-damage|p1a: supa mario|58\/100\n|-damage|p1b: Espathra|44\/100\n|-damage|p2b: Garchomp|81\/100|[from] item: Life Orb\n|move|p1b: Espathra|Lumina Crash|p2b: Garchomp\n|-damage|p2b: Garchomp|38\/100\n|-unboost|p2b: Garchomp|spd|2\n|move|p1a: supa mario|Iron Defense|p1a: supa mario\n|-boost|p1a: supa mario|def|2\n|\n|-ability|p1b: Espathra|Speed Boost|boost\n|-boost|p1b: Espathra|spe|1\n|upkeep\n|turn|3\n|\n|t:|1682467664\n|-terastallize|p1a: supa mario|Grass\n|move|p2a: Murkrow|Haze|p2a: Murkrow\n|-clearallboost\n|move|p2b: Garchomp|Earthquake|p1b: Espathra|[spread] p1a,p1b\n|-immune|p2a: Murkrow\n|-resisted|p1a: supa mario\n|-damage|p1a: supa mario|47\/100\n|-damage|p1b: Espathra|0 fnt\n|faint|p1b: Espathra\n|-damage|p2b: Garchomp|28\/100|[from] item: Life Orb\n|move|p1a: supa mario|Recover|p1a: supa mario\n|-heal|p1a: supa mario|97\/100\n|\n|upkeep\n|\n|t:|1682467673\n|switch|p1b: Flutter Mane|Flutter Mane, L50, shiny|100\/100\n|turn|4\n|\n|t:|1682467687\n|move|p1b: Flutter Mane|Protect|p1b: Flutter Mane\n|-singleturn|p1b: Flutter Mane|Protect\n|move|p2a: Murkrow|Taunt|p1a: supa mario\n|-start|p1a: supa mario|move: Taunt\n|move|p2b: Garchomp|Earthquake|p1a: supa mario|[spread] p1a\n|-activate|p1b: Flutter Mane|move: Protect\n|-immune|p2a: Murkrow\n|-resisted|p1a: supa mario\n|-damage|p1a: supa mario|86\/100\n|-damage|p2b: Garchomp|18\/100|[from] item: Life Orb\n|move|p1a: supa mario|Salt Cure|p2a: Murkrow\n|-supereffective|p2a: Murkrow\n|-damage|p2a: Murkrow|49\/100\n|\n|-sideend|p2: lttrm|move: Tailwind\n|upkeep\n|turn|5\n|inactive|joetheGooVGC has 30 seconds left.\n|\n|t:|1682467715\n|move|p2a: Murkrow|Tailwind|p2a: Murkrow\n|-sidestart|p2: lttrm|move: Tailwind\n|move|p2b: Garchomp|Earthquake|p1b: Flutter Mane|[spread] p1a,p1b\n|-immune|p2a: Murkrow\n|-resisted|p1a: supa mario\n|-damage|p1a: supa mario|75\/100\n|-damage|p1b: Flutter Mane|20\/100\n|-damage|p2b: Garchomp|8\/100|[from] item: Life Orb\n|move|p1b: Flutter Mane|Dazzling Gleam|p2a: Murkrow|[spread] p2a,p2b\n|-supereffective|p2a: Murkrow\n|-crit|p2a: Murkrow\n|-supereffective|p2b: Garchomp\n|-damage|p2a: Murkrow|0 fnt\n|-damage|p2b: Garchomp|0 fnt\n|faint|p2a: Murkrow\n|faint|p2b: Garchomp\n|-damage|p1b: Flutter Mane|10\/100|[from] item: Life Orb\n|move|p1a: supa mario|Salt Cure|p2: Murkrow|[notarget]\n|-fail|p1a: supa mario\n|\n|upkeep\n|\n|t:|1682467725\n|switch|p2b: Iron Bundle|Iron Bundle, L50|100\/100\n|switch|p2a: Meowscarada|Meowscarada, L50, M|100\/100\n|-enditem|p2b: Iron Bundle|Booster Energy\n|-activate|p2b: Iron Bundle|ability: Quark Drive|[fromitem]\n|-start|p2b: Iron Bundle|quarkdrivespe\n|turn|6\n|\n|t:|1682467738\n|move|p1b: Flutter Mane|Protect|p1b: Flutter Mane\n|-singleturn|p1b: Flutter Mane|Protect\n|move|p2b: Iron Bundle|Icy Wind|p1a: supa mario|[spread] p1a\n|-activate|p1b: Flutter Mane|move: Protect\n|-supereffective|p1a: supa mario\n|-damage|p1a: supa mario|44\/100\n|move|p2a: Meowscarada|Knock Off|p1a: supa mario\n|-damage|p1a: supa mario|21\/100\n|-enditem|p1a: supa mario|Covert Cloak|[from] move: Knock Off|[of] p2a: Meowscarada\n|move|p1a: supa mario|Salt Cure|p2b: Iron Bundle\n|-supereffective|p2b: Iron Bundle\n|-damage|p2b: Iron Bundle|71\/100\n|-start|p2b: Iron Bundle|Salt Cure\n|\n|-damage|p2b: Iron Bundle|47\/100|[from] Salt Cure\n|-end|p1a: supa mario|move: Taunt\n|upkeep\n|turn|7\n|inactive|joetheGooVGC has 30 seconds left.\n|inactive|lttrm has 30 seconds left.\n|\n|t:|1682467768\n|move|p2b: Iron Bundle|Encore|p1b: Flutter Mane\n|-start|p1b: Flutter Mane|Encore\n|move|p2a: Meowscarada|Knock Off|p1a: supa mario\n|-damage|p1a: supa mario|6\/100\n|move|p1b: Flutter Mane|Protect|p1b: Flutter Mane\n|-singleturn|p1b: Flutter Mane|Protect\n|move|p1a: supa mario|Body Press|p2a: Meowscarada\n|-supereffective|p2a: Meowscarada\n|-damage|p2a: Meowscarada|16\/100\n|\n|-damage|p2b: Iron Bundle|22\/100|[from] Salt Cure\n|upkeep\n|turn|8\n|\n|t:|1682467790\n|move|p1b: Flutter Mane|Protect||[still]\n|-fail|p1b: Flutter Mane\n|move|p2b: Iron Bundle|Icy Wind|p1a: supa mario|[spread] p1a,p1b\n|-supereffective|p1a: supa mario\n|-damage|p1a: supa mario|0 fnt\n|-damage|p1b: Flutter Mane|0 fnt\n|faint|p1a: supa mario\n|faint|p1b: Flutter Mane\n|-end|p1b: Flutter Mane|Protosynthesis|[silent]\n|\n|win|lttrm\n|raw|joetheGooVGC's rating: 1169 → 1147<\/strong> (-22 for losing)\n|raw|lttrm's rating: 1207 → 1229<\/strong> (+22 for winning)\n|c|\u2606lttrm|gg\n|c|\u2606joetheGooVGC|Gg wp\n|l|\u2606joetheGooVGC\n","uploadtime":1682468081,"views":24,"p1id":"joethegoovgc","p2id":"lttrm","formatid":"gen9vgc2023regulationc","rating":1147,"private":0,"password":""}