{"id":"gen9vgc2023regulationc-1861071036","p1":"Cage92","p2":"pingnoin","format":"[Gen 9] VGC 2023 Regulation C","log":"|j|\u2606Cage92\n|j|\u2606pingnoin\n|t:|1683723541\n|gametype|doubles\n|player|p1|Cage92|1|1325\n|player|p2|pingnoin|pokemaniac|1296\n|teamsize|p1|6\n|teamsize|p2|6\n|gen|9\n|tier|[Gen 9] VGC 2023 Regulation C\n|rated|\n|rule|Species Clause: Limit one of each Pok\u00e9mon\n|rule|Item Clause: Limit one of each item\n|clearpoke\n|poke|p1|Flutter Mane, L50|\n|poke|p1|Chi-Yu, L50|\n|poke|p1|Amoonguss, L50, M|\n|poke|p1|Iron Hands, L50|\n|poke|p1|Gyarados, L50, M|\n|poke|p1|Baxcalibur, L50, M|\n|poke|p2|Annihilape, L50, M|\n|poke|p2|Maushold, L50|\n|poke|p2|Flutter Mane, L50|\n|poke|p2|Tyranitar, L50, M|\n|poke|p2|Lycanroc, L50, F|\n|poke|p2|Ting-Lu, L50|\n|teampreview|4\nCage92 has agreed to open team sheets.\npingnoin has agreed to open team sheets.\n|\n|t:|1683723577\n|start\n|switch|p1a: Iron Hands|Iron Hands, L50|100\/100\n|switch|p1b: Flutter Mane|Flutter Mane, L50|100\/100\n|switch|p2a: Tyranitar|Tyranitar, L50, M|100\/100\n|switch|p2b: Lycanroc|Lycanroc, L50, F|100\/100\n|-weather|Sandstorm|[from] ability: Sand Stream|[of] p2a: Tyranitar\n|turn|1\n|inactive|Battle timer is ON: inactive players will automatically lose when time's up. (requested by Cage92)\n|inactive|Cage92 has 60 seconds left.\n|\n|t:|1683723612\n|-terastallize|p2a: Tyranitar|Flying\n|move|p1a: Iron Hands|Fake Out|p2b: Lycanroc\n|-resisted|p2b: Lycanroc\n|-damage|p2b: Lycanroc|87\/100\n|cant|p2b: Lycanroc|flinch\n|move|p1b: Flutter Mane|Dazzling Gleam|p2b: Lycanroc|[spread] p2a,p2b\n|-damage|p2a: Tyranitar|77\/100\n|-damage|p2b: Lycanroc|42\/100\n|move|p2a: Tyranitar|Rock Slide|p1a: Iron Hands|[spread] p1a\n|-miss|p2a: Tyranitar|p1b: Flutter Mane\n|-resisted|p1a: Iron Hands\n|-damage|p1a: Iron Hands|90\/100\n|\n|-weather|Sandstorm|[upkeep]\n|-damage|p1b: Flutter Mane|95\/100|[from] Sandstorm\n|-damage|p2a: Tyranitar|71\/100|[from] Sandstorm\n|-damage|p1a: Iron Hands|84\/100|[from] Sandstorm\n|upkeep\n|turn|2\n|\n|t:|1683723633\n|-end|p1b: Flutter Mane|Protosynthesis|[silent]\n|switch|p1b: Gyarados|Gyarados, L50, M, shiny|100\/100\n|-ability|p1b: Gyarados|Intimidate|boost\n|-unboost|p2a: Tyranitar|atk|1\n|-unboost|p2b: Lycanroc|atk|1\n|-terastallize|p1a: Iron Hands|Grass\n|move|p2b: Lycanroc|Bulldoze|p1a: Iron Hands|[spread] p1a\n|-immune|p2a: Tyranitar\n|-immune|p1b: Gyarados\n|-resisted|p1a: Iron Hands\n|-damage|p1a: Iron Hands|82\/100\n|-unboost|p1a: Iron Hands|spe|1\n|move|p2a: Tyranitar|Rock Slide|p1a: Iron Hands|[spread] p1a,p1b\n|-supereffective|p1b: Gyarados\n|-damage|p1a: Iron Hands|68\/100\n|-damage|p1b: Gyarados|57\/100\n|cant|p1a: Iron Hands|flinch\n|\n|-weather|Sandstorm|[upkeep]\n|-damage|p1b: Gyarados|51\/100|[from] Sandstorm\n|-damage|p2a: Tyranitar|65\/100|[from] Sandstorm\n|-damage|p1a: Iron Hands|62\/100|[from] Sandstorm\n|upkeep\n|turn|3\n|inactive|pingnoin has 30 seconds left.\n|\n|t:|1683723664\n|move|p2b: Lycanroc|Rock Slide|p1a: Iron Hands|[spread] p1a,p1b\n|-supereffective|p1b: Gyarados\n|-damage|p1a: Iron Hands|49\/100\n|-damage|p1b: Gyarados|17\/100\n|move|p1b: Gyarados|Thunder Wave|p2a: Tyranitar\n|-status|p2a: Tyranitar|par\n|move|p1a: Iron Hands|Drain Punch|p2b: Lycanroc\n|-supereffective|p2b: Lycanroc\n|-damage|p2b: Lycanroc|0 fnt\n|-heal|p1a: Iron Hands|62\/100|[from] drain|[of] p2b: Lycanroc\n|faint|p2b: Lycanroc\n|cant|p2a: Tyranitar|par\n|\n|-weather|Sandstorm|[upkeep]\n|-damage|p1b: Gyarados|11\/100|[from] Sandstorm\n|-damage|p1a: Iron Hands|56\/100|[from] Sandstorm\n|-damage|p2a: Tyranitar|59\/100 par|[from] Sandstorm\n|upkeep\n|\n|t:|1683723681\n|switch|p2b: Flutter Mane|Flutter Mane, L50|100\/100\n|turn|4\n|\n|t:|1683723693\n|move|p2b: Flutter Mane|Dazzling Gleam|p1b: Gyarados|[spread] p1a,p1b\n|-crit|p1b: Gyarados\n|-damage|p1a: Iron Hands|30\/100\n|-damage|p1b: Gyarados|0 fnt\n|faint|p1b: Gyarados\n|move|p1a: Iron Hands|Heavy Slam|p2b: Flutter Mane\n|-supereffective|p2b: Flutter Mane\n|-damage|p2b: Flutter Mane|0 fnt\n|faint|p2b: Flutter Mane\n|-end|p2b: Flutter Mane|Protosynthesis|[silent]\n|move|p2a: Tyranitar|Tera Blast|p1a: Iron Hands\n|-supereffective|p1a: Iron Hands\n|-damage|p1a: Iron Hands|0 fnt\n|faint|p1a: Iron Hands\n|-end|p1a: Iron Hands|Quark Drive|[silent]\n|\n|-weather|Sandstorm|[upkeep]\n|-damage|p2a: Tyranitar|54\/100 par|[from] Sandstorm\n|upkeep\n|\n|t:|1683723715\n|switch|p2b: Annihilape|Annihilape, L50, M|100\/100\n|switch|p1b: Chi-Yu|Chi-Yu, L50|100\/100\n|switch|p1a: Flutter Mane|Flutter Mane, L50|95\/100\n|-ability|p1b: Chi-Yu|Beads of Ruin\n|turn|5\n|inactive|Cage92 has 30 seconds left.\n|\n|t:|1683723742\n|move|p2b: Annihilape|Protect|p2b: Annihilape\n|-singleturn|p2b: Annihilape|Protect\n|move|p1a: Flutter Mane|Moonblast|p2a: Tyranitar\n|-damage|p2a: Tyranitar|5\/100 par\n|move|p1b: Chi-Yu|Heat Wave|p2b: Annihilape|[spread] p2a\n|-activate|p2b: Annihilape|move: Protect\n|-damage|p2a: Tyranitar|0 fnt\n|faint|p2a: Tyranitar\n|\n|-weather|none\n|upkeep\n|turn|6\n|\n|t:|1683723754\n|move|p1a: Flutter Mane|Moonblast|p2b: Annihilape\n|-supereffective|p2b: Annihilape\n|-damage|p2b: Annihilape|0 fnt\n|faint|p2b: Annihilape\n|\n|win|Cage92\n|raw|Cage92's rating: 1325 → 1343<\/strong> (+18 for winning)\n|raw|pingnoin's rating: 1296 → 1273<\/strong> (-23 for losing)\n|l|\u2606pingnoin\n","uploadtime":1683723810,"views":9,"p1id":"cage92","p2id":"pingnoin","formatid":"gen9vgc2023regulationc","rating":1273,"private":0,"password":""}