{"id":"gen9vgc2023regulationc-1857258000","p1":"PTP_VGC","p2":"jsmoothie41","format":"[Gen 9] VGC 2023 Regulation C","log":"|j|\u2606PTP_VGC\n|j|\u2606jsmoothie41\n|t:|1683164397\n|gametype|doubles\n|player|p1|PTP_VGC|biker-gen4|\n|player|p2|jsmoothie41|bugcatcher-gen4dp|\n|teamsize|p1|6\n|teamsize|p2|6\n|gen|9\n|tier|[Gen 9] VGC 2023 Regulation C\n|rated|Tournament battle\n|rule|Species Clause: Limit one of each Pok\u00e9mon\n|rule|Item Clause: Limit one of each item\n|clearpoke\n|poke|p1|Hawlucha, L50, M|\n|poke|p1|Indeedee-F, L50, F|\n|poke|p1|Armarouge, L50, F|\n|poke|p1|Palafin, L50, F|\n|poke|p1|Sandy Shocks, L50|\n|poke|p1|Chien-Pao, L50|\n|poke|p2|Lycanroc-Midnight, L50, F|\n|poke|p2|Medicham, L50, M|\n|poke|p2|Dondozo, L50, M|\n|poke|p2|Tatsugiri-Stretchy, L50, F|\n|poke|p2|Mimikyu, L50, M|\n|poke|p2|Ting-Lu, L50|\n|teampreview|4\n|inactive|Battle timer is ON: inactive players will automatically lose when time's up. (requested by jsmoothie41)\n|j| Ocsetnagig otnip\n|j|+TheEeveeAnimations\n|j| xafy\n|l|+TheEeveeAnimations\nPTP_VGC has agreed to open team sheets.\n|j|%Bright Size\n|j| 413XPlayz\njsmoothie41 rejected open team sheets.\n|inactive|PTP_VGC has 60 seconds left.\n|inactive|jsmoothie41 has 60 seconds left.\n|j| ProssettiVGC\n|\n|t:|1683164454\n|start\n|switch|p1a: Hawlucha|Hawlucha, L50, M|100\/100\n|switch|p1b: Indeedee|Indeedee-F, L50, F|100\/100\n|switch|p2a: Medicham|Medicham, L50, M|100\/100\n|switch|p2b: Mimikyu|Mimikyu, L50, M|100\/100\n|-fieldstart|move: Psychic Terrain|[from] ability: Psychic Surge|[of] p1b: Indeedee\n|-enditem|p1a: Hawlucha|Psychic Seed\n|-boost|p1a: Hawlucha|spd|1|[from] item: Psychic Seed\n|turn|1\n|inactive|jsmoothie41 has 30 seconds left.\n|\n|t:|1683164485\n|move|p1a: Hawlucha|Detect|p1a: Hawlucha\n|-singleturn|p1a: Hawlucha|Protect\n|move|p2a: Medicham|Fake Out|p1a: Hawlucha\n|-hint|Psychic Terrain doesn't affect Pok\u00e9mon immune to Ground.\n|-activate|p1a: Hawlucha|move: Protect\n|move|p2b: Mimikyu|Play Rough|p1a: Hawlucha\n|-activate|p1a: Hawlucha|move: Protect\n|move|p1b: Indeedee|Psychic|p2b: Mimikyu\n|-activate|p2b: Mimikyu|ability: Disguise\n|-damage|p2b: Mimikyu|100\/100\n|detailschange|p2b: Mimikyu|Mimikyu-Busted, L50, M\n|-damage|p2b: Mimikyu|89\/100|[from] pokemon: Mimikyu-Busted\n|\n|upkeep\n|turn|2\n|\n|t:|1683164509\n|move|p2a: Medicham|Detect|p2a: Medicham\n|-singleturn|p2a: Medicham|Protect\n|move|p1b: Indeedee|Follow Me|p1b: Indeedee\n|-singleturn|p1b: Indeedee|move: Follow Me\n|move|p1a: Hawlucha|Swords Dance|p1a: Hawlucha\n|-boost|p1a: Hawlucha|atk|2\n|move|p2b: Mimikyu|Trick Room|p2b: Mimikyu\n|-fieldstart|move: Trick Room|[of] p2b: Mimikyu\n|\n|upkeep\n|turn|3\n|inactive|jsmoothie41 has 30 seconds left.\n|\n|t:|1683164536\n|switch|p2a: Lycanroc|Lycanroc-Midnight, L50, F|100\/100\n|move|p1b: Indeedee|Follow Me|p1b: Indeedee\n|-singleturn|p1b: Indeedee|move: Follow Me\n|move|p2b: Mimikyu|Play Rough|p1b: Indeedee\n|-damage|p1b: Indeedee|47\/100\n|-damage|p2b: Mimikyu|79\/100|[from] item: Life Orb\n|move|p1a: Hawlucha|Acrobatics|p2b: Mimikyu\n|-damage|p2b: Mimikyu|0 fnt\n|faint|p2b: Mimikyu\n|\n|upkeep\n|\n|t:|1683164546\n|switch|p2b: Medicham|Medicham, L50, M|100\/100\n|turn|4\n|inactive|PTP_VGC has 30 seconds left.\n|\n|t:|1683164572\n|-terastallize|p1a: Hawlucha|Steel\n|move|p1b: Indeedee|Protect|p1b: Indeedee\n|-singleturn|p1b: Indeedee|Protect\n|move|p2a: Lycanroc|Rock Slide|p1b: Indeedee|[spread] p1a\n|-activate|p1b: Indeedee|move: Protect\n|-resisted|p1a: Hawlucha\n|-crit|p1a: Hawlucha\n|-damage|p1a: Hawlucha|69\/100\n|move|p2b: Medicham|Skill Swap|p2a: Lycanroc\n|-activate|p2b: Medicham|move: Skill Swap|||[of] p2a: Lycanroc\n|move|p1a: Hawlucha|Acrobatics|p2b: Medicham\n|-supereffective|p2b: Medicham\n|-enditem|p2b: Medicham|Focus Sash\n|-damage|p2b: Medicham|1\/100\n|\n|upkeep\n|turn|5\n|\n|t:|1683164596\n|move|p2b: Medicham|Detect|p2b: Medicham\n|-singleturn|p2b: Medicham|Protect\n|move|p1b: Indeedee|Follow Me|p1b: Indeedee\n|-singleturn|p1b: Indeedee|move: Follow Me\n|move|p2a: Lycanroc|Stone Edge|p1b: Indeedee|[miss]\n|-miss|p2a: Lycanroc|p1b: Indeedee\n|move|p1a: Hawlucha|Acrobatics|p2b: Medicham\n|-activate|p2b: Medicham|move: Protect\n|\n|-fieldend|move: Psychic Terrain\n|upkeep\n|turn|6\n|\n|t:|1683164614\n|switch|p2a: Ting-Lu|Ting-Lu, L50|100\/100\n|-ability|p2a: Ting-Lu|Vessel of Ruin\n|move|p1b: Indeedee|Protect|p1b: Indeedee\n|-singleturn|p1b: Indeedee|Protect\n|move|p1a: Hawlucha|Detect|p1a: Hawlucha\n|-singleturn|p1a: Hawlucha|Protect\n|move|p2b: Medicham|Skill Swap|p2a: Ting-Lu\n|-activate|p2b: Medicham|move: Skill Swap|||[of] p2a: Ting-Lu\n|-ability|p2b: Medicham|Vessel of Ruin\n|\n|-fieldend|move: Trick Room\n|upkeep\n|turn|7\n|inactive|jsmoothie41 has 30 seconds left.\n|\n|t:|1683164646\n|switch|p2b: Lycanroc|Lycanroc-Midnight, L50, F|100\/100\n|-terastallize|p2a: Ting-Lu|Ground\n|move|p1b: Indeedee|Follow Me|p1b: Indeedee\n|-singleturn|p1b: Indeedee|move: Follow Me\n|move|p1a: Hawlucha|Acrobatics|p2b: Lycanroc\n|-resisted|p2b: Lycanroc\n|-damage|p2b: Lycanroc|33\/100\n|move|p2a: Ting-Lu|Fissure|p1b: Indeedee\n|-damage|p1b: Indeedee|0 fnt\n|faint|p1b: Indeedee\n|-ohko\n|\n|upkeep\n|\n|t:|1683164657\n|switch|p1b: Chien-Pao|Chien-Pao, L50|100\/100\n|-ability|p1b: Chien-Pao|Sword of Ruin\n|turn|8\n|l| ProssettiVGC\n|\n|t:|1683164673\n|move|p1a: Hawlucha|Acrobatics|p2a: Ting-Lu\n|-damage|p2a: Ting-Lu|30\/100\n|move|p1b: Chien-Pao|Ice Spinner|p2a: Ting-Lu\n|-supereffective|p2a: Ting-Lu\n|-damage|p2a: Ting-Lu|0 fnt\n|faint|p2a: Ting-Lu\n|move|p2b: Lycanroc|Rock Slide|p1a: Hawlucha|[spread] p1a,p1b\n|-resisted|p1a: Hawlucha\n|-supereffective|p1b: Chien-Pao\n|-damage|p1a: Hawlucha|40\/100\n|-damage|p1b: Chien-Pao|24\/100\n|\n|upkeep\n|\n|t:|1683164682\n|switch|p2a: Medicham|Medicham, L50, M|1\/100\n|turn|9\n|\n|t:|1683164691\n|move|p1a: Hawlucha|Detect|p1a: Hawlucha\n|-singleturn|p1a: Hawlucha|Protect\n|move|p1b: Chien-Pao|Protect|p1b: Chien-Pao\n|-singleturn|p1b: Chien-Pao|Protect\n|move|p2a: Medicham|Fake Out|p1b: Chien-Pao\n|-activate|p1b: Chien-Pao|move: Protect\n|move|p2b: Lycanroc|Rock Slide|p1a: Hawlucha|[spread] \n|-activate|p1a: Hawlucha|move: Protect\n|-activate|p1b: Chien-Pao|move: Protect\n|\n|upkeep\n|turn|10\n|\n|t:|1683164707\n|move|p2a: Medicham|Detect|p2a: Medicham\n|-singleturn|p2a: Medicham|Protect\n|move|p1a: Hawlucha|Acrobatics|p2a: Medicham\n|-activate|p2a: Medicham|move: Protect\n|move|p1b: Chien-Pao|Ice Spinner|p2b: Lycanroc\n|-damage|p2b: Lycanroc|0 fnt\n|faint|p2b: Lycanroc\n|\n|upkeep\n|turn|11\n|c|\u2606jsmoothie41|gg wp\n|c|\u2606PTP_VGC|gg\n|\n|t:|1683164721\n|move|p1a: Hawlucha|Acrobatics|p2a: Medicham\n|-supereffective|p2a: Medicham\n|-crit|p2a: Medicham\n|-damage|p2a: Medicham|0 fnt\n|faint|p2a: Medicham\n|\n|win|PTP_VGC\n|n|\u2606PTP_VGC|ptpvgc\n|n|\u2606jsmoothie41|jsmoothie41\n|n| Ocsetnagig otnip|ocsetnagigotnip\n|n| xafy|xafy\n|n| Bright Size|brightsize\n|n| 413XPlayz|413xplayz\n","uploadtime":1683164722,"views":12,"p1id":"ptpvgc","p2id":"jsmoothie41","formatid":"gen9vgc2023regulationc","rating":0,"private":0,"password":""}