{"id":"gen9vgc2023regulationc-1854457126","p1":"Whammyy!!","p2":"Alexis_student","format":"[Gen 9] VGC 2023 Regulation C","log":"|j|\u2606Whammyy!!\n|j|\u2606Alexis_student\n|t:|1682813324\n|gametype|doubles\n|player|p1|Whammyy!!|101|1323\n|player|p2|Alexis_student|170|1268\n|teamsize|p1|6\n|teamsize|p2|6\n|gen|9\n|tier|[Gen 9] VGC 2023 Regulation C\n|rated|\n|rule|Species Clause: Limit one of each Pok\u00e9mon\n|rule|Item Clause: Limit one of each item\n|clearpoke\n|poke|p1|Annihilape, L50, F|\n|poke|p1|Kilowattrel, L50, F|\n|poke|p1|Talonflame, L50, F|\n|poke|p1|Pincurchin, L50, M|\n|poke|p1|Iron Hands, L50|\n|poke|p1|Iron Treads, L50|\n|poke|p2|Chi-Yu, L50|\n|poke|p2|Flutter Mane, L50|\n|poke|p2|Palafin, L50, M|\n|poke|p2|Iron Hands, L50|\n|poke|p2|Dragonite, L50, F|\n|poke|p2|Amoonguss, L50, M|\n|teampreview|4\n|inactive|Battle timer is ON: inactive players will automatically lose when time's up. (requested by Alexis_student)\n|\n|t:|1682813356\n|start\n|switch|p1a: Kilowattrel|Kilowattrel, L50, F|100\/100\n|switch|p1b: Talonflame|Talonflame, L50, F|100\/100\n|switch|p2a: Amoonguss|Amoonguss, L50, M|100\/100\n|switch|p2b: Palafin|Palafin, L50, M|100\/100\n|turn|1\n|inactive|Whammyy!! has 30 seconds left.\n|\n|t:|1682813382\n|detailschange|p2b: Palafin|Palafin-Hero, L50, M\n|switch|p2b: Dragonite|Dragonite, L50, F|100\/100\n|switch|p2a: Iron Hands|Iron Hands, L50|100\/100\n|-terastallize|p1b: Talonflame|Ground\n|move|p1b: Talonflame|Tailwind|p1b: Talonflame\n|-sidestart|p1: Whammyy!!|move: Tailwind\n|-start|p1a: Kilowattrel|Charge|Tailwind|[from] ability: Wind Power\n|move|p1a: Kilowattrel|Discharge|p2a: Iron Hands|[spread] p2a,p2b\n|-immune|p1b: Talonflame\n|-resisted|p2a: Iron Hands\n|-damage|p2a: Iron Hands|82\/100\n|-damage|p2b: Dragonite|62\/100\n|-damage|p1a: Kilowattrel|91\/100|[from] item: Life Orb\n|-end|p1a: Kilowattrel|Charge|[silent]\n|\n|upkeep\n|turn|2\n|inactive|Whammyy!! has 30 seconds left.\n|\n|t:|1682813414\n|switch|p1b: Iron Hands|Iron Hands, L50|100\/100\n|switch|p2b: Amoonguss|Amoonguss, L50, M|100\/100\n|move|p2a: Iron Hands|Fake Out|p1a: Kilowattrel\n|-damage|p1a: Kilowattrel|64\/100\n|cant|p1a: Kilowattrel|flinch\n|\n|upkeep\n|turn|3\n|inactive|Whammyy!! has 30 seconds left.\n|\n|t:|1682813448\n|move|p1a: Kilowattrel|Thunderbolt|p2a: Iron Hands\n|-resisted|p2a: Iron Hands\n|-damage|p2a: Iron Hands|69\/100\n|-damage|p1a: Kilowattrel|54\/100|[from] item: Life Orb\n|move|p1b: Iron Hands|Drain Punch|p2a: Iron Hands\n|-damage|p2a: Iron Hands|39\/100\n|move|p2a: Iron Hands|Wild Charge|p1a: Kilowattrel\n|-damage|p1a: Kilowattrel|0 fnt\n|faint|p1a: Kilowattrel\n|-damage|p2a: Iron Hands|31\/100|[from] Recoil\n|move|p2b: Amoonguss|Spore|p1b: Iron Hands\n|-status|p1b: Iron Hands|slp|[from] move: Spore\n|\n|upkeep\n|\n|t:|1682813466\n|switch|p1a: Talonflame|Talonflame, L50, F, tera:Ground|100\/100\n|turn|4\n|\n|t:|1682813484\n|-end|p1b: Iron Hands|Quark Drive|[silent]\n|switch|p1b: Iron Treads|Iron Treads, L50|100\/100\n|move|p1a: Talonflame|Acrobatics|p2a: Iron Hands\n|-damage|p2a: Iron Hands|0 fnt\n|faint|p2a: Iron Hands\n|-end|p2a: Iron Hands|Quark Drive|[silent]\n|move|p2b: Amoonguss|Spore|p1a: Talonflame\n|-status|p1a: Talonflame|slp|[from] move: Spore\n|\n|-sideend|p1: Whammyy!!|move: Tailwind\n|upkeep\n|\n|t:|1682813499\n|switch|p2a: Palafin|Palafin-Hero, L50, M|100\/100\n|-activate|p2a: Palafin|ability: Zero to Hero\n|turn|5\n|-message|Whammyy!! forfeited.\n|\n|win|Alexis_student\n|raw|Whammyy!!'s rating: 1323 → 1300<\/strong> (-23 for losing)\n|raw|Alexis_student's rating: 1268 → 1297<\/strong> (+29 for winning)\n|l|\u2606Whammyy!!\n","uploadtime":1682813510,"views":15,"p1id":"whammyy","p2id":"alexisstudent","formatid":"gen9vgc2023regulationc","rating":1297,"private":0,"password":""}