{"id":"gen9vgc2023regulationc-1855129911","p1":"Post GC2 testing","p2":"jeffman323","format":"[Gen 9] VGC 2023 Regulation C","log":"|j|\u2606Post GC2 testing\n|j|\u2606jeffman323\n|t:|1682904902\n|gametype|doubles\n|player|p1|Post GC2 testing|colress|1457\n|player|p2|jeffman323|steven|1543\n|teamsize|p1|6\n|teamsize|p2|6\n|gen|9\n|tier|[Gen 9] VGC 2023 Regulation C\n|rated|\n|rule|Species Clause: Limit one of each Pok\u00e9mon\n|rule|Item Clause: Limit one of each item\n|clearpoke\n|poke|p1|Orthworm, L50, M|\n|poke|p1|Dragonite, L50, F|\n|poke|p1|Ting-Lu, L50|\n|poke|p1|Gyarados, L50, M|\n|poke|p1|Flutter Mane, L50|\n|poke|p1|Chien-Pao, L50|\n|poke|p2|Hatterene, L50, F|\n|poke|p2|Azumarill, L50, M|\n|poke|p2|Slither Wing, L50|\n|poke|p2|Kingambit, L50, F|\n|poke|p2|Iron Hands, L50|\n|poke|p2|Stantler, L50, F|\n|teampreview|4\njeffman323 has agreed to open team sheets.\n|\n|t:|1682904935\n|start\n|switch|p1a: Israfel|Ting-Lu, L50|100\/100\n|switch|p1b: Muppet|Orthworm, L50, M, shiny|100\/100\n|switch|p2a: Iron Hands|Iron Hands, L50|100\/100\n|switch|p2b: Hatterene|Hatterene, L50, F|100\/100\n|-ability|p1a: Israfel|Vessel of Ruin\n|turn|1\n|\n|t:|1682904960\n|move|p2a: Iron Hands|Fake Out|p1a: Israfel\n|-damage|p1a: Israfel|90\/100\n|cant|p1a: Israfel|flinch\n|move|p1b: Muppet|Heavy Slam|p2b: Hatterene\n|-supereffective|p2b: Hatterene\n|-damage|p2b: Hatterene|16\/100\n|move|p2b: Hatterene|Trick Room|p2b: Hatterene\n|-fieldstart|move: Trick Room|[of] p2b: Hatterene\n|\n|upkeep\n|turn|2\n|j| MorphinVGC\n|\n|t:|1682904972\n|move|p2b: Hatterene|Dazzling Gleam|p1b: Muppet|[spread] p1a,p1b\n|-supereffective|p1a: Israfel\n|-resisted|p1b: Muppet\n|-damage|p1a: Israfel|49\/100\n|-damage|p1b: Muppet|84\/100\n|move|p2a: Iron Hands|Drain Punch|p1b: Muppet\n|-supereffective|p1b: Muppet\n|-damage|p1b: Muppet|16\/100\n|-enditem|p1b: Muppet|Sitrus Berry|[eat]\n|-heal|p1b: Muppet|41\/100|[from] item: Sitrus Berry\n|move|p1b: Muppet|Iron Defense|p1b: Muppet\n|-boost|p1b: Muppet|def|2\n|move|p1a: Israfel|Earthquake|p2a: Iron Hands|[spread] p2a,p2b\n|-heal|p1b: Muppet|66\/100|[from] ability: Earth Eater|[of] p1a: Israfel\n|-supereffective|p2a: Iron Hands\n|-damage|p2a: Iron Hands|34\/100\n|-damage|p2b: Hatterene|0 fnt\n|faint|p2b: Hatterene\n|\n|upkeep\n|\n|t:|1682904984\n|switch|p2b: Slither Wing|Slither Wing, L50|100\/100\n|-enditem|p2b: Slither Wing|Booster Energy\n|-activate|p2b: Slither Wing|ability: Protosynthesis|[fromitem]\n|-start|p2b: Slither Wing|protosynthesisatk\n|turn|3\n|\n|t:|1682905022\n|move|p2a: Iron Hands|Drain Punch|p1b: Muppet\n|-supereffective|p1b: Muppet\n|-damage|p1b: Muppet|37\/100\n|-heal|p2a: Iron Hands|43\/100|[from] drain|[of] p1b: Muppet\n|move|p1b: Muppet|Body Press|p2a: Iron Hands\n|-damage|p2a: Iron Hands|5\/100\n|move|p2b: Slither Wing|Close Combat|p1b: Muppet\n|-supereffective|p1b: Muppet\n|-damage|p1b: Muppet|0 fnt\n|-unboost|p2b: Slither Wing|def|1\n|-unboost|p2b: Slither Wing|spd|1\n|faint|p1b: Muppet\n|move|p1a: Israfel|Earthquake|p2b: Slither Wing|[spread] p2a,p2b\n|-supereffective|p2a: Iron Hands\n|-resisted|p2b: Slither Wing\n|-damage|p2a: Iron Hands|0 fnt\n|-damage|p2b: Slither Wing|59\/100\n|faint|p2a: Iron Hands\n|-end|p2a: Iron Hands|Quark Drive|[silent]\n|\n|upkeep\n|\n|t:|1682905049\n|switch|p2a: Kingambit|Kingambit, L50, F|100\/100\n|switch|p1b: Lancelot|Dragonite, L50, F|100\/100\n|turn|4\n|\n|t:|1682905081\n|-terastallize|p2a: Kingambit|Flying\n|-terastallize|p1b: Lancelot|Flying\n|move|p1b: Lancelot|Extreme Speed|p2b: Slither Wing\n|-damage|p2b: Slither Wing|9\/100\n|move|p2a: Kingambit|Iron Head|p1b: Lancelot\n|-damage|p1b: Lancelot|74\/100\n|move|p2b: Slither Wing|Acrobatics|p1b: Lancelot\n|-damage|p1b: Lancelot|17\/100\n|move|p1a: Israfel|Earthquake|p2b: Slither Wing|[spread] p2b\n|-immune|p1b: Lancelot\n|-immune|p2a: Kingambit\n|-resisted|p2b: Slither Wing\n|-damage|p2b: Slither Wing|0 fnt\n|faint|p2b: Slither Wing\n|-end|p2b: Slither Wing|Protosynthesis|[silent]\n|\n|upkeep\n|turn|5\n|\n|t:|1682905107\n|switch|p1a: Dem eyes tho|Flutter Mane, L50|100\/100\n|move|p1b: Lancelot|Extreme Speed|p2a: Kingambit\n|-damage|p2a: Kingambit|79\/100\n|move|p2a: Kingambit|Iron Head|p1a: Dem eyes tho\n|-supereffective|p1a: Dem eyes tho\n|-damage|p1a: Dem eyes tho|0 fnt\n|faint|p1a: Dem eyes tho\n|-end|p1a: Dem eyes tho|Protosynthesis|[silent]\n|\n|-fieldend|move: Trick Room\n|upkeep\n|\n|t:|1682905109\n|switch|p1a: Israfel|Ting-Lu, L50|49\/100\n|-ability|p1a: Israfel|Vessel of Ruin\n|turn|6\n|j| ringowhale\n|\n|t:|1682905123\n|move|p1b: Lancelot|Tera Blast|p2a: Kingambit\n|-damage|p2a: Kingambit|42\/100\n|move|p1a: Israfel|Rock Slide|p2a: Kingambit\n|-supereffective|p2a: Kingambit\n|-damage|p2a: Kingambit|0 fnt\n|faint|p2a: Kingambit\n|\n|win|Post GC2 testing\n|raw|Post GC2 testing's rating: 1457 → 1482<\/strong> (+25 for winning)\n|raw|jeffman323's rating: 1543 → 1518<\/strong> (-25 for losing)\n","uploadtime":1682905130,"views":11,"p1id":"postgc2testing","p2id":"jeffman323","formatid":"gen9vgc2023regulationc","rating":1482,"private":0,"password":""}