{"id":"gen9vgc2023regulationc-1845598104","p1":"Ryski51","p2":"haha u rage quit","format":"[Gen 9] VGC 2023 Regulation C","log":"|j|\u2606Ryski51\n|j|\u2606haha u rage quit\n|t:|1681748223\n|gametype|doubles\n|player|p1|Ryski51|lance|1199\n|player|p2|haha u rage quit|pokemaniac|1218\n|teamsize|p1|6\n|teamsize|p2|6\n|gen|9\n|tier|[Gen 9] VGC 2023 Regulation C\n|rated|\n|rule|Species Clause: Limit one of each Pok\u00e9mon\n|rule|Item Clause: Limit one of each item\n|clearpoke\n|poke|p1|Flutter Mane, L50|\n|poke|p1|Arcanine, L50, M|\n|poke|p1|Iron Bundle, L50|\n|poke|p1|Great Tusk, L50|\n|poke|p1|Chi-Yu, L50|\n|poke|p1|Murkrow, L50, F|\n|poke|p2|Meowscarada, L50, M|\n|poke|p2|Tatsugiri-Droopy, L50, M|\n|poke|p2|Talonflame, L50, M|\n|poke|p2|Pawmot, L50, M|\n|poke|p2|Dondozo, L50, M|\n|poke|p2|Arcanine, L50, M|\n|teampreview|4\n|\n|t:|1681748264\n|start\n|switch|p1a: Murkrow|Murkrow, L50, F, shiny|100\/100\n|switch|p1b: Flutter Mane|Flutter Mane, L50|100\/100\n|switch|p2a: Meowscarada|Meowscarada, L50, M|100\/100\n|switch|p2b: Pawmot|Pawmot, L50, M, shiny|100\/100\n|turn|1\n|\n|t:|1681748288\n|move|p2b: Pawmot|Fake Out|p1a: Murkrow\n|-damage|p1a: Murkrow|71\/100\n|cant|p1a: Murkrow|flinch\n|move|p2a: Meowscarada|Play Rough|p1a: Murkrow\n|-start|p2a: Meowscarada|typechange|Fairy|[from] ability: Protean\n|-supereffective|p1a: Murkrow\n|-damage|p1a: Murkrow|0 fnt\n|faint|p1a: Murkrow\n|move|p1b: Flutter Mane|Dazzling Gleam|p2b: Pawmot|[spread] p2a,p2b\n|-supereffective|p2b: Pawmot\n|-damage|p2a: Meowscarada|40\/100\n|-enditem|p2b: Pawmot|Focus Sash\n|-damage|p2b: Pawmot|1\/100\n|\n|upkeep\n|\n|t:|1681748307\n|switch|p1a: Iron Bundle|Iron Bundle, L50|100\/100\n|-enditem|p1a: Iron Bundle|Booster Energy\n|-activate|p1a: Iron Bundle|ability: Quark Drive|[fromitem]\n|-start|p1a: Iron Bundle|quarkdrivespe\n|turn|2\n|\n|t:|1681748333\n|switch|p2a: Tatsugiri|Tatsugiri-Droopy, L50, M|100\/100\n|switch|p2b: Dondozo|Dondozo, L50, M|100\/100\n|-activate|p2a: Tatsugiri|ability: Commander|[of] p2b: Dondozo\n|-boost|p2b: Dondozo|atk|2\n|-boost|p2b: Dondozo|spa|2\n|-boost|p2b: Dondozo|spe|2\n|-boost|p2b: Dondozo|def|2\n|-boost|p2b: Dondozo|spd|2\n|move|p1a: Iron Bundle|Protect|p1a: Iron Bundle\n|-singleturn|p1a: Iron Bundle|Protect\n|move|p1b: Flutter Mane|Dazzling Gleam|p2b: Dondozo|[spread] p2b\n|-miss|p1b: Flutter Mane|p2a: Tatsugiri\n|-damage|p2b: Dondozo|72\/100\n|\n|upkeep\n|turn|3\n|\n|t:|1681748363\n|-end|p1b: Flutter Mane|Protosynthesis|[silent]\n|switch|p1b: Chi-Yu|Chi-Yu, L50|100\/100\n|-ability|p1b: Chi-Yu|Beads of Ruin\n|-terastallize|p2b: Dondozo|Grass\n|move|p1a: Iron Bundle|Freeze-Dry|p2b: Dondozo\n|-supereffective|p2b: Dondozo\n|-damage|p2b: Dondozo|16\/100\n|move|p2b: Dondozo|Tera Blast|p1a: Iron Bundle\n|-supereffective|p1a: Iron Bundle\n|-damage|p1a: Iron Bundle|0 fnt\n|faint|p1a: Iron Bundle\n|-end|p1a: Iron Bundle|Quark Drive|[silent]\n|\n|upkeep\n|\n|t:|1681748376\n|switch|p1a: Flutter Mane|Flutter Mane, L50|100\/100\n|turn|4\n|inactive|Battle timer is ON: inactive players will automatically lose when time's up. (requested by haha u rage quit)\n|\n|t:|1681748403\n|move|p1a: Flutter Mane|Dazzling Gleam|p2b: Dondozo|[spread] p2b\n|-miss|p1a: Flutter Mane|p2a: Tatsugiri\n|-damage|p2b: Dondozo|0 fnt\n|faint|p2b: Dondozo\n|move|p1b: Chi-Yu|Dark Pulse|p2a: Tatsugiri\n|-damage|p2a: Tatsugiri|52\/100\n|\n|upkeep\n|\n|t:|1681748419\n|switch|p2b: Meowscarada|Meowscarada, L50, M|40\/100\n|turn|5\n|inactive|Ryski51 has 30 seconds left.\n|\n|t:|1681748445\n|-terastallize|p1b: Chi-Yu|Flying\n|move|p2b: Meowscarada|Shadow Claw|p1a: Flutter Mane\n|-start|p2b: Meowscarada|typechange|Ghost|[from] ability: Protean\n|-supereffective|p1a: Flutter Mane\n|-damage|p1a: Flutter Mane|0 fnt\n|faint|p1a: Flutter Mane\n|-end|p1a: Flutter Mane|Protosynthesis|[silent]\n|move|p1b: Chi-Yu|Heat Wave|p2a: Tatsugiri|[spread] p2a,p2b\n|-resisted|p2a: Tatsugiri\n|-damage|p2a: Tatsugiri|42\/100\n|-damage|p2b: Meowscarada|0 fnt\n|faint|p2b: Meowscarada\n|move|p2a: Tatsugiri|Muddy Water|p1b: Chi-Yu\n|-damage|p1b: Chi-Yu|30\/100\n|\n|upkeep\n|\n|t:|1681748453\n|switch|p2b: Pawmot|Pawmot, L50, M, shiny|1\/100\n|turn|6\n|\n|t:|1681748471\n|move|p2b: Pawmot|Protect|p2b: Pawmot\n|-singleturn|p2b: Pawmot|Protect\n|move|p1b: Chi-Yu|Dark Pulse|p2a: Tatsugiri\n|-damage|p2a: Tatsugiri|0 fnt\n|faint|p2a: Tatsugiri\n|\n|upkeep\n|turn|7\n|\n|t:|1681748479\n|move|p2b: Pawmot|Double Shock|p1b: Chi-Yu\n|-supereffective|p1b: Chi-Yu\n|-damage|p1b: Chi-Yu|0 fnt\n|-start|p2b: Pawmot|typechange|???\/Fighting|[from] move: Double Shock\n|faint|p1b: Chi-Yu\n|\n|win|haha u rage quit\n|raw|Ryski51's rating: 1199 → 1175<\/strong> (-24 for losing)\n|raw|haha u rage quit's rating: 1218 → 1242<\/strong> (+24 for winning)\n|l|\u2606Ryski51\n","uploadtime":1681748513,"views":15,"p1id":"ryski51","p2id":"hahauragequit","formatid":"gen9vgc2023regulationc","rating":1175,"private":0,"password":""}