{"id":"gen9vgc2023regulationc-1863470156","p1":"mathtass","p2":"CordVGC","format":"[Gen 9] VGC 2023 Regulation C","log":"|j|\u2606mathtass\n|j|\u2606CordVGC\n|t:|1684021614\n|gametype|doubles\n|player|p1|mathtass|1|1311\n|player|p2|CordVGC|lusamine-nihilego|1357\n|teamsize|p1|6\n|teamsize|p2|6\n|gen|9\n|tier|[Gen 9] VGC 2023 Regulation C\n|rated|\n|rule|Species Clause: Limit one of each Pok\u00e9mon\n|rule|Item Clause: Limit one of each item\n|clearpoke\n|poke|p1|Amoonguss, L50, F|\n|poke|p1|Chi-Yu, L50|\n|poke|p1|Arcanine, L50, F|\n|poke|p1|Dragonite, L50, M|\n|poke|p1|Flutter Mane, L50|\n|poke|p1|Iron Hands, L50|\n|poke|p2|Arcanine, L50, F|\n|poke|p2|Amoonguss, L50, F|\n|poke|p2|Palafin, L50, M|\n|poke|p2|Flutter Mane, L50|\n|poke|p2|Ting-Lu, L50|\n|poke|p2|Iron Hands, L50|\n|teampreview|4\n|inactive|Battle timer is ON: inactive players will automatically lose when time's up. (requested by CordVGC)\nCordVGC rejected open team sheets.\n|inactive|CordVGC has 60 seconds left.\n|inactive|CordVGC has 30 seconds left.\n|\n|t:|1684021688\n|start\n|switch|p1a: Simba|Arcanine, L50, F, shiny|100\/100\n|switch|p1b: Titan|Dragonite, L50, M, shiny|100\/100\n|switch|p2a: Palafin|Palafin, L50, M|100\/100\n|switch|p2b: Arcanine|Arcanine, L50, F|100\/100\n|-ability|p2b: Arcanine|Intimidate|boost\n|-unboost|p1a: Simba|atk|1\n|-unboost|p1b: Titan|atk|1\n|-ability|p1a: Simba|Intimidate|boost\n|-unboost|p2a: Palafin|atk|1\n|-unboost|p2b: Arcanine|atk|1\n|turn|1\n|\n|t:|1684021704\n|detailschange|p2a: Palafin|Palafin-Hero, L50, M\n|switch|p2a: Flutter Mane|Flutter Mane, L50|100\/100\n|-enditem|p2a: Flutter Mane|Booster Energy\n|-activate|p2a: Flutter Mane|ability: Protosynthesis|[fromitem]\n|-start|p2a: Flutter Mane|protosynthesisspe\n|-terastallize|p1b: Titan|Flying\n|move|p2b: Arcanine|Will-O-Wisp|p1b: Titan\n|-status|p1b: Titan|brn\n|-enditem|p1b: Titan|Lum Berry|[eat]\n|-curestatus|p1b: Titan|brn|[msg]\n|move|p1a: Simba|Howl|p1a: Simba|[spread] p1a,p1b\n|-boost|p1a: Simba|atk|1\n|-boost|p1b: Titan|atk|1\n|move|p1b: Titan|Tera Blast|p2a: Flutter Mane\n|-damage|p2a: Flutter Mane|0 fnt\n|faint|p2a: Flutter Mane\n|-end|p2a: Flutter Mane|Protosynthesis|[silent]\n|\n|upkeep\n|\n|t:|1684021722\n|switch|p2a: Palafin|Palafin-Hero, L50, M|100\/100\n|-activate|p2a: Palafin|ability: Zero to Hero\n|turn|2\n|\n|t:|1684021745\n|-terastallize|p2a: Palafin|Water\n|move|p2a: Palafin|Jet Punch|p1a: Simba\n|-supereffective|p1a: Simba\n|-damage|p1a: Simba|0 fnt\n|faint|p1a: Simba\n|move|p2b: Arcanine|Will-O-Wisp|p1b: Titan\n|-status|p1b: Titan|brn\n|move|p1b: Titan|Stomping Tantrum|p2b: Arcanine\n|-supereffective|p2b: Arcanine\n|-damage|p2b: Arcanine|64\/100\n|\n|-damage|p1b: Titan|94\/100 brn|[from] brn\n|upkeep\n|\n|t:|1684021753\n|switch|p1a: Iron Man|Iron Hands, L50, shiny|100\/100\n|turn|3\n|\n|t:|1684021766\n|move|p1a: Iron Man|Fake Out|p2b: Arcanine\n|-damage|p2b: Arcanine|48\/100\n|-enditem|p2b: Arcanine|Sitrus Berry|[eat]\n|-heal|p2b: Arcanine|73\/100|[from] item: Sitrus Berry\n|cant|p2b: Arcanine|flinch\n|move|p2a: Palafin|Wave Crash|p1a: Iron Man\n|-damage|p1a: Iron Man|14\/100\n|-damage|p2a: Palafin|67\/100|[from] Recoil\n|move|p1b: Titan|Stomping Tantrum|p2b: Arcanine\n|-supereffective|p2b: Arcanine\n|-damage|p2b: Arcanine|40\/100\n|\n|-damage|p1b: Titan|88\/100 brn|[from] brn\n|upkeep\n|turn|4\n|inactive|CordVGC has 30 seconds left.\n|\n|t:|1684021792\n|move|p2a: Palafin|Jet Punch|p1b: Titan\n|-damage|p1b: Titan|28\/100 brn\n|move|p2b: Arcanine|Flare Blitz|p1a: Iron Man\n|-damage|p1a: Iron Man|0 fnt\n|faint|p1a: Iron Man\n|-end|p1a: Iron Man|Quark Drive|[silent]\n|-damage|p2b: Arcanine|34\/100|[from] Recoil\n|move|p1b: Titan|Stomping Tantrum|p2b: Arcanine\n|-supereffective|p2b: Arcanine\n|-damage|p2b: Arcanine|2\/100\n|\n|-damage|p1b: Titan|22\/100 brn|[from] brn\n|upkeep\n|\n|t:|1684021797\n|switch|p1a: Lady Mane|Flutter Mane, L50, shiny|100\/100\n|turn|5\n|\n|t:|1684021811\n|move|p1b: Titan|Extreme Speed|p2b: Arcanine\n|-crit|p2b: Arcanine\n|-damage|p2b: Arcanine|0 fnt\n|faint|p2b: Arcanine\n|move|p2a: Palafin|Jet Punch|p1a: Lady Mane\n|-enditem|p1a: Lady Mane|Focus Sash\n|-damage|p1a: Lady Mane|1\/100\n|move|p1a: Lady Mane|Moonblast|p2a: Palafin\n|-damage|p2a: Palafin|20\/100\n|\n|-damage|p1b: Titan|16\/100 brn|[from] brn\n|upkeep\n|\n|t:|1684021821\n|switch|p2b: Ting-Lu|Ting-Lu, L50|100\/100\n|-ability|p2b: Ting-Lu|Vessel of Ruin\n|turn|6\n|\n|t:|1684021827\n|move|p2a: Palafin|Protect|p2a: Palafin\n|-singleturn|p2a: Palafin|Protect\n|move|p1b: Titan|Extreme Speed|p2a: Palafin\n|-activate|p2a: Palafin|move: Protect\n|move|p1a: Lady Mane|Moonblast|p2b: Ting-Lu\n|-supereffective|p2b: Ting-Lu\n|-damage|p2b: Ting-Lu|68\/100\n|-unboost|p2b: Ting-Lu|spa|1\n|move|p2b: Ting-Lu|Rock Slide|p1b: Titan|[spread] p1a\n|-miss|p2b: Ting-Lu|p1b: Titan\n|-damage|p1a: Lady Mane|0 fnt\n|faint|p1a: Lady Mane\n|-end|p1a: Lady Mane|Protosynthesis|[silent]\n|\n|-damage|p1b: Titan|10\/100 brn|[from] brn\n|upkeep\n|turn|7\n|\n|t:|1684021845\n|move|p1b: Titan|Extreme Speed|p2a: Palafin\n|-damage|p2a: Palafin|5\/100\n|move|p2a: Palafin|Jet Punch|p1b: Titan\n|-damage|p1b: Titan|0 fnt\n|faint|p1b: Titan\n|\n|win|CordVGC\n|raw|mathtass's rating: 1311 → 1294<\/strong> (-17 for losing)\n|raw|CordVGC's rating: 1357 → 1374<\/strong> (+17 for winning)\n","uploadtime":1684021856,"views":14,"p1id":"mathtass","p2id":"cordvgc","formatid":"gen9vgc2023regulationc","rating":1294,"private":0,"password":""}