{"id":"gen9vgc2023regulationc-1846002196","p1":"Escpd","p2":"Feach","format":"[Gen 9] VGC 2023 Regulation C","log":"|j|\u2606Escpd\n|j|\u2606Feach\n|t:|1681789719\n|gametype|doubles\n|player|p1|Escpd|candice|1040\n|player|p2|Feach|1|1043\n|teamsize|p1|6\n|teamsize|p2|6\n|gen|9\n|tier|[Gen 9] VGC 2023 Regulation C\n|rated|\n|rule|Species Clause: Limit one of each Pok\u00e9mon\n|rule|Item Clause: Limit one of each item\n|clearpoke\n|poke|p1|Clawitzer, L50, M|\n|poke|p1|Annihilape, L50, M|\n|poke|p1|Farigiraf, L50, M|\n|poke|p1|Kingambit, L50, F|\n|poke|p1|Dragalge, L50, M|\n|poke|p1|Klefki, L50, M|\n|poke|p2|Amoonguss, L50, M|\n|poke|p2|Arcanine, L50, F|\n|poke|p2|Cyclizar, L50, M|\n|poke|p2|Sylveon, L50, M|\n|poke|p2|Pawmot, L50, M|\n|poke|p2|Frosmoth, L50, F|\n|teampreview|4\nEscpd has agreed to open team sheets.\nFeach has agreed to open team sheets.\n|c|\u2606Escpd|how check team sheet?\n|c|\u2606Feach|click open team sheet\n|c|\u2606Escpd|oh\n|c|\u2606Feach|yee\n|c|\u2606Escpd|like that\n|c|\u2606Escpd|ty\n|\n|t:|1681789792\n|start\n|switch|p1a: Annihilape|Annihilape, L50, M|100\/100\n|switch|p1b: Farigiraf|Farigiraf, L50, M|100\/100\n|switch|p2a: Arcanine|Arcanine, L50, F|100\/100\n|switch|p2b: Cyclizar|Cyclizar, L50, M|100\/100\n|-ability|p2a: Arcanine|Intimidate|boost\n|-unboost|p1a: Annihilape|atk|1\n|-ability|p1a: Annihilape|Defiant|boost\n|-boost|p1a: Annihilape|atk|2\n|-unboost|p1b: Farigiraf|atk|1\n|turn|1\n|\n|t:|1681789818\n|move|p1a: Annihilape|Protect|p1a: Annihilape\n|-singleturn|p1a: Annihilape|Protect\n|move|p2b: Cyclizar|Knock Off|p1a: Annihilape\n|-activate|p1a: Annihilape|move: Protect\n|move|p2a: Arcanine|Flare Blitz|p1a: Annihilape\n|-activate|p1a: Annihilape|move: Protect\n|move|p1b: Farigiraf|Trick Room|p1b: Farigiraf\n|-fieldstart|move: Trick Room|[of] p1b: Farigiraf\n|\n|upkeep\n|turn|2\n|\n|t:|1681789839\n|move|p1b: Farigiraf|Beat Up|p1a: Annihilape\n|-damage|p1a: Annihilape|98\/100\n|-damage|p1a: Annihilape|96\/100\n|-damage|p1a: Annihilape|94\/100\n|-damage|p1a: Annihilape|92\/100\n|-hitcount|p1a: Annihilape|4\n|move|p1a: Annihilape|Rage Fist|p2a: Arcanine\n|-damage|p2a: Arcanine|0 fnt\n|faint|p2a: Arcanine\n|move|p2b: Cyclizar|Shed Tail|p2b: Cyclizar\n|-start|p2b: Cyclizar|Substitute|[from] move: Shed Tail\n|-damage|p2b: Cyclizar|50\/100\n|\n|t:|1681789864\n|switch|p2b: Sylveon|Sylveon, L50, M|100\/100|[from] Shed Tail\n|\n|-heal|p1a: Annihilape|98\/100|[from] item: Leftovers\n|upkeep\n|\n|t:|1681789868\n|switch|p2a: Amoonguss|Amoonguss, L50, M|100\/100\n|turn|3\n|\n|t:|1681789886\n|move|p1a: Annihilape|Protect|p1a: Annihilape\n|-singleturn|p1a: Annihilape|Protect\n|move|p2a: Amoonguss|Rage Powder|p2a: Amoonguss\n|-singleturn|p2a: Amoonguss|move: Rage Powder\n|move|p1b: Farigiraf|Hyper Voice|p2a: Amoonguss|[spread] p2a,p2b\n|-damage|p2a: Amoonguss|79\/100\n|-damage|p2b: Sylveon|79\/100\n|move|p2b: Sylveon|Hyper Voice|p1a: Annihilape|[spread] p1b\n|-activate|p1a: Annihilape|move: Protect\n|-damage|p1b: Farigiraf|72\/100\n|-enditem|p2b: Sylveon|Throat Spray\n|-boost|p2b: Sylveon|spa|1|[from] item: Throat Spray\n|\n|-heal|p2a: Amoonguss|85\/100|[from] item: Leftovers\n|-heal|p1a: Annihilape|100\/100|[from] item: Leftovers\n|upkeep\n|turn|4\n|\n|t:|1681789916\n|-terastallize|p1a: Annihilape|Rock\n|move|p2a: Amoonguss|Spore|p1a: Annihilape\n|-status|p1a: Annihilape|slp|[from] move: Spore\n|move|p1b: Farigiraf|Hyper Voice|p2a: Amoonguss|[spread] p2a,p2b\n|-damage|p2a: Amoonguss|64\/100\n|-damage|p2b: Sylveon|58\/100\n|cant|p1a: Annihilape|slp\n|move|p2b: Sylveon|Hyper Voice|p1b: Farigiraf|[spread] p1a,p1b\n|-damage|p1a: Annihilape|37\/100 slp\n|-damage|p1b: Farigiraf|32\/100\n|\n|-heal|p2a: Amoonguss|70\/100|[from] item: Leftovers\n|-heal|p1a: Annihilape|43\/100 slp|[from] item: Leftovers\n|upkeep\n|turn|5\n|\n|t:|1681789935\n|move|p2a: Amoonguss|Pollen Puff|p2b: Sylveon\n|-heal|p2b: Sylveon|100\/100\n|move|p1b: Farigiraf|Hyper Voice|p2a: Amoonguss|[spread] p2a,p2b\n|-damage|p2a: Amoonguss|48\/100\n|-damage|p2b: Sylveon|78\/100\n|cant|p1a: Annihilape|slp\n|move|p2b: Sylveon|Hyper Voice|p1a: Annihilape|[spread] p1a,p1b\n|-crit|p1b: Farigiraf\n|-damage|p1a: Annihilape|0 fnt\n|-damage|p1b: Farigiraf|0 fnt\n|faint|p1a: Annihilape\n|faint|p1b: Farigiraf\n|\n|-heal|p2a: Amoonguss|54\/100|[from] item: Leftovers\n|-fieldend|move: Trick Room\n|upkeep\n|\n|t:|1681789944\n|switch|p1a: Kingambit|Kingambit, L50, F|100\/100\n|switch|p1b: Dragalge|Dragalge, L50, M|100\/100\n|turn|6\n|\n|t:|1681789956\n|move|p2a: Amoonguss|Rage Powder|p2a: Amoonguss\n|-singleturn|p2a: Amoonguss|move: Rage Powder\n|move|p2b: Sylveon|Calm Mind|p2b: Sylveon\n|-boost|p2b: Sylveon|spa|1\n|-boost|p2b: Sylveon|spd|1\n|move|p1b: Dragalge|Sludge Bomb|p2a: Amoonguss\n|-damage|p2a: Amoonguss|1\/100\n|move|p1a: Kingambit|Iron Head|p2a: Amoonguss\n|-damage|p2a: Amoonguss|0 fnt\n|faint|p2a: Amoonguss\n|\n|upkeep\n|c|\u2606Escpd|damn\n|\n|t:|1681789966\n|switch|p2a: Cyclizar|Cyclizar, L50, M|84\/100\n|turn|7\n|c|\u2606Escpd|the 1 hp\n|\n|t:|1681789980\n|move|p2a: Cyclizar|Knock Off|p1a: Kingambit\n|-resisted|p1a: Kingambit\n|-damage|p1a: Kingambit|93\/100\n|-enditem|p1a: Kingambit|Assault Vest|[from] move: Knock Off|[of] p2a: Cyclizar\n|move|p2b: Sylveon|Hyper Voice|p1b: Dragalge|[spread] p1a,p1b\n|-damage|p1a: Kingambit|25\/100\n|-damage|p1b: Dragalge|34\/100\n|move|p1b: Dragalge|Haze|p1b: Dragalge\n|-clearallboost\n|move|p1a: Kingambit|Iron Head|p2b: Sylveon\n|-supereffective|p2b: Sylveon\n|-end|p2b: Sylveon|Substitute\n|\n|-heal|p1b: Dragalge|39\/100|[from] item: Black Sludge\n|upkeep\n|turn|8\n|c|\u2606Feach|he he\n|c|\u2606Feach|NOOO\n|\n|t:|1681790000\n|move|p2a: Cyclizar|Dragon Claw|p1a: Kingambit\n|-resisted|p1a: Kingambit\n|-damage|p1a: Kingambit|15\/100\n|move|p2b: Sylveon|Hyper Voice|p1a: Kingambit|[spread] p1a,p1b\n|-damage|p1a: Kingambit|0 fnt\n|-damage|p1b: Dragalge|8\/100\n|faint|p1a: Kingambit\n|move|p1b: Dragalge|Sludge Bomb|p2b: Sylveon\n|-supereffective|p2b: Sylveon\n|-damage|p2b: Sylveon|0 fnt\n|faint|p2b: Sylveon\n|\n|-heal|p1b: Dragalge|14\/100|[from] item: Black Sludge\n|upkeep\n|turn|9\n|c|\u2606Escpd|gg\n|c|\u2606Feach|ggs\n|\n|t:|1681790013\n|-terastallize|p2a: Cyclizar|Dragon\n|move|p2a: Cyclizar|Dragon Claw|p1b: Dragalge\n|-supereffective|p1b: Dragalge\n|-damage|p1b: Dragalge|0 fnt\n|faint|p1b: Dragalge\n|\n|win|Feach\n|raw|Escpd's rating: 1040 → 1024<\/strong> (-16 for losing)\n|raw|Feach's rating: 1043 → 1076<\/strong> (+33 for winning)\n|l|\u2606Escpd\n","uploadtime":1681790025,"views":4,"p1id":"escpd","p2id":"feach","formatid":"gen9vgc2023regulationc","rating":1024,"private":0,"password":""}