{"id":"gen9vgc2023regulationc-1861721565","p1":"ZapdosFan471","p2":"Neto123","format":"[Gen 9] VGC 2023 Regulation C","log":"|j|\u2606ZapdosFan471\n|j|\u2606Neto123\n|t:|1683799956\n|gametype|doubles\n|player|p1|ZapdosFan471|winona|1295\n|player|p2|Neto123|2|1317\n|teamsize|p1|6\n|teamsize|p2|6\n|gen|9\n|tier|[Gen 9] VGC 2023 Regulation C\n|rated|\n|rule|Species Clause: Limit one of each Pok\u00e9mon\n|rule|Item Clause: Limit one of each item\n|clearpoke\n|poke|p1|Ting-Lu, L50|\n|poke|p1|Abomasnow, L50, F|\n|poke|p1|Flutter Mane, L50|\n|poke|p1|Iron Hands, L50|\n|poke|p1|Bronzong, L50|\n|poke|p1|Arcanine, L50, F|\n|poke|p2|Torkoal, L50, F|\n|poke|p2|Iron Hands, L50|\n|poke|p2|Barraskewda, L50, F|\n|poke|p2|Maushold, L50|\n|poke|p2|Lilligant, L50, F|\n|poke|p2|Grafaiai, L50, F|\n|teampreview|4\n|inactive|Battle timer is ON: inactive players will automatically lose when time's up. (requested by ZapdosFan471)\n|inactive|ZapdosFan471 has 60 seconds left.\n|\n|t:|1683800008\n|start\n|switch|p1a: Bronzong|Bronzong, L50|100\/100\n|switch|p1b: Iron Hands|Iron Hands, L50|100\/100\n|switch|p2a: Iron Hands|Iron Hands, L50|100\/100\n|switch|p2b: Grafaiai|Grafaiai, L50, F|100\/100\n|turn|1\n|\n|t:|1683800032\n|move|p2a: Iron Hands|Fake Out|p1b: Iron Hands\n|-damage|p1b: Iron Hands|89\/100\n|cant|p1b: Iron Hands|flinch\n|move|p2b: Grafaiai|Parting Shot|p1b: Iron Hands\n|-unboost|p1b: Iron Hands|atk|1\n|-unboost|p1b: Iron Hands|spa|1\n|\n|t:|1683800041\n|switch|p2b: Torkoal|Torkoal, L50, F|100\/100|[from] Parting Shot\n|-weather|SunnyDay|[from] ability: Drought|[of] p2b: Torkoal\n|move|p1a: Bronzong|Trick Room|p1a: Bronzong\n|-fieldstart|move: Trick Room|[of] p1a: Bronzong\n|\n|-weather|SunnyDay|[upkeep]\n|upkeep\n|turn|2\n|inactive|ZapdosFan471 has 30 seconds left.\n|inactive|ZapdosFan471 has 20 seconds left.\n|inactive|ZapdosFan471 has 15 seconds left.\n|\n|t:|1683800082\n|-terastallize|p2b: Torkoal|Fire\n|move|p1a: Bronzong|Protect|p1a: Bronzong\n|-singleturn|p1a: Bronzong|Protect\n|move|p2b: Torkoal|Eruption|p1b: Iron Hands|[spread] p1b\n|-activate|p1a: Bronzong|move: Protect\n|-damage|p1b: Iron Hands|29\/100\n|move|p1b: Iron Hands|Volt Switch|p2b: Torkoal\n|-damage|p2b: Torkoal|87\/100\n|\n|t:|1683800097\n|-end|p1b: Iron Hands|Quark Drive|[silent]\n|switch|p1b: Ting-Lu|Ting-Lu, L50|100\/100|[from] Volt Switch\n|-ability|p1b: Ting-Lu|Vessel of Ruin\n|move|p2a: Iron Hands|Drain Punch|p1b: Ting-Lu\n|-supereffective|p1b: Ting-Lu\n|-damage|p1b: Ting-Lu|45\/100\n|\n|-weather|SunnyDay|[upkeep]\n|upkeep\n|turn|3\n|inactive|ZapdosFan471 has 30 seconds left.\n|\n|t:|1683800126\n|move|p2b: Torkoal|Eruption|p1b: Ting-Lu|[spread] p1a,p1b\n|-supereffective|p1a: Bronzong\n|-damage|p1a: Bronzong|0 fnt\n|-damage|p1b: Ting-Lu|0 fnt\n|faint|p1a: Bronzong\n|faint|p1b: Ting-Lu\n|move|p2a: Iron Hands|Drain Punch|p1: Bronzong|[notarget]\n|-fail|p2a: Iron Hands\n|\n|-weather|SunnyDay|[upkeep]\n|upkeep\n|\n|t:|1683800134\n|switch|p1a: Iron Hands|Iron Hands, L50|29\/100\n|switch|p1b: Abomasnow|Abomasnow, L50, F|100\/100\n|-weather|Snow|[from] ability: Snow Warning|[of] p1b: Abomasnow\n|turn|4\n|\n|t:|1683800144\n|switch|p2b: Lilligant|Lilligant, L50, F|100\/100\n|-end|p2a: Iron Hands|Quark Drive|[silent]\n|switch|p2a: Grafaiai|Grafaiai, L50, F|100\/100\n|-terastallize|p1b: Abomasnow|Water\n|move|p1a: Iron Hands|Fake Out|p2b: Lilligant\n|-damage|p2b: Lilligant|74\/100\n|move|p1b: Abomasnow|Earth Power|p2b: Lilligant\n|-resisted|p2b: Lilligant\n|-damage|p2b: Lilligant|56\/100\n|\n|-weather|Snow|[upkeep]\n|upkeep\n|turn|5\n|inactive|Neto123 has 30 seconds left.\n|\n|t:|1683800174\n|move|p2a: Grafaiai|Parting Shot|p1b: Abomasnow\n|-unboost|p1b: Abomasnow|atk|1\n|-unboost|p1b: Abomasnow|spa|1\n|\n|t:|1683800180\n|switch|p2a: Iron Hands|Iron Hands, L50|100\/100|[from] Parting Shot\n|move|p1a: Iron Hands|Wild Charge|p2a: Iron Hands\n|-resisted|p2a: Iron Hands\n|-damage|p2a: Iron Hands|83\/100\n|-damage|p1a: Iron Hands|24\/100|[from] Recoil\n|move|p1b: Abomasnow|Blizzard|p2a: Iron Hands|[spread] p2a,p2b\n|-supereffective|p2b: Lilligant\n|-damage|p2a: Iron Hands|68\/100\n|-damage|p2b: Lilligant|0 fnt\n|faint|p2b: Lilligant\n|\n|-weather|Snow|[upkeep]\n|-fieldend|move: Trick Room\n|upkeep\n|\n|t:|1683800196\n|switch|p2b: Torkoal|Torkoal, L50, F, tera:Fire|87\/100\n|-weather|SunnyDay|[from] ability: Drought|[of] p2b: Torkoal\n|turn|6\n|\n|t:|1683800204\n|move|p2b: Torkoal|Protect|p2b: Torkoal\n|-singleturn|p2b: Torkoal|Protect\n|move|p2a: Iron Hands|Wild Charge|p1b: Abomasnow\n|-supereffective|p1b: Abomasnow\n|-damage|p1b: Abomasnow|0 fnt\n|faint|p1b: Abomasnow\n|-damage|p2a: Iron Hands|49\/100|[from] Recoil\n|move|p1a: Iron Hands|Close Combat|p2a: Iron Hands\n|-damage|p2a: Iron Hands|6\/100\n|-unboost|p1a: Iron Hands|def|1\n|-unboost|p1a: Iron Hands|spd|1\n|\n|-weather|SunnyDay|[upkeep]\n|upkeep\n|turn|7\n|\n|t:|1683800220\n|move|p2a: Iron Hands|Drain Punch|p1a: Iron Hands\n|-damage|p1a: Iron Hands|0 fnt\n|-heal|p2a: Iron Hands|17\/100|[from] drain|[of] p1a: Iron Hands\n|faint|p1a: Iron Hands\n|-end|p1a: Iron Hands|Quark Drive|[silent]\n|\n|win|Neto123\n|raw|ZapdosFan471's rating: 1295 → 1272<\/strong> (-23 for losing)\n|raw|Neto123's rating: 1317 → 1336<\/strong> (+19 for winning)\n|l|\u2606ZapdosFan471\n","uploadtime":1683800231,"views":16,"p1id":"zapdosfan471","p2id":"neto123","formatid":"gen9vgc2023regulationc","rating":1272,"private":0,"password":""}