{"id":"gen9vgc2023regulationc-1855713502","p1":"Alexmkk23","p2":"IamMx3","format":"[Gen 9] VGC 2023 Regulation C","log":"|j|\u2606Alexmkk23\n|j|\u2606IamMx3\n|t:|1682975897\n|gametype|doubles\n|player|p1|Alexmkk23|101|1417\n|player|p2|IamMx3|palmer|1476\n|teamsize|p1|6\n|teamsize|p2|6\n|gen|9\n|tier|[Gen 9] VGC 2023 Regulation C\n|rated|\n|rule|Species Clause: Limit one of each Pok\u00e9mon\n|rule|Item Clause: Limit one of each item\n|clearpoke\n|poke|p1|Chi-Yu, L50|\n|poke|p1|Flutter Mane, L50|\n|poke|p1|Azumarill, L50, F|\n|poke|p1|Amoonguss, L50, F|\n|poke|p1|Corviknight, L50, F|\n|poke|p1|Garchomp, L50, M|\n|poke|p2|Talonflame, L50, M|\n|poke|p2|Garchomp, L50, F|\n|poke|p2|Gholdengo, L50|\n|poke|p2|Amoonguss, L50, F|\n|poke|p2|Iron Bundle, L50|\n|poke|p2|Chien-Pao, L50|\n|teampreview|4\nAlexmkk23 has agreed to open team sheets.\n|inactive|Battle timer is ON: inactive players will automatically lose when time's up. (requested by Alexmkk23)\nIamMx3 has agreed to open team sheets.\n|inactive|Alexmkk23 has 60 seconds left.\n|\n|t:|1682975955\n|start\n|switch|p1a: Corviknight|Corviknight, L50, F|100\/100\n|switch|p1b: Garchomp|Garchomp, L50, M|100\/100\n|switch|p2a: Garchomp|Garchomp, L50, F|100\/100\n|switch|p2b: Talonflame|Talonflame, L50, M|100\/100\n|turn|1\n|inactive|Alexmkk23 has 30 seconds left.\n|\n|t:|1682975985\n|switch|p1b: Flutter Mane|Flutter Mane, L50|100\/100\n|-enditem|p1b: Flutter Mane|Booster Energy\n|-activate|p1b: Flutter Mane|ability: Protosynthesis|[fromitem]\n|-start|p1b: Flutter Mane|protosynthesisspa\n|move|p2a: Garchomp|Protect|p2a: Garchomp\n|-singleturn|p2a: Garchomp|Protect\n|move|p2b: Talonflame|Will-O-Wisp|p1b: Flutter Mane\n|-status|p1b: Flutter Mane|brn\n|move|p1a: Corviknight|Tailwind|p1a: Corviknight\n|-sidestart|p1: Alexmkk23|move: Tailwind\n|\n|-damage|p1b: Flutter Mane|95\/100 brn|[from] brn\n|upkeep\n|turn|2\n|inactive|Alexmkk23 has 30 seconds left.\n|inactive|IamMx3 has 30 seconds left.\n|\n|t:|1682976020\n|-terastallize|p2a: Garchomp|Fire\n|move|p2b: Talonflame|Tailwind|p2b: Talonflame\n|-sidestart|p2: IamMx3|move: Tailwind\n|move|p1b: Flutter Mane|Shadow Ball|p2a: Garchomp\n|-crit|p2a: Garchomp\n|-damage|p2a: Garchomp|4\/100\n|move|p2a: Garchomp|Earthquake|p1b: Flutter Mane|[spread] p1b\n|-immune|p2b: Talonflame\n|-immune|p1a: Corviknight\n|-damage|p1b: Flutter Mane|7\/100 brn\n|-damage|p2a: Garchomp|0 fnt|[from] item: Life Orb\n|faint|p2a: Garchomp\n|move|p1a: Corviknight|Brave Bird|p2b: Talonflame\n|-damage|p2b: Talonflame|44\/100\n|-damage|p1a: Corviknight|86\/100|[from] Recoil\n|\n|-damage|p1b: Flutter Mane|1\/100 brn|[from] brn\n|upkeep\n|\n|t:|1682976041\n|switch|p2a: Iron Bundle|Iron Bundle, L50|100\/100\n|-enditem|p2a: Iron Bundle|Booster Energy\n|-activate|p2a: Iron Bundle|ability: Quark Drive|[fromitem]\n|-start|p2a: Iron Bundle|quarkdrivespe\n|turn|3\n|\n|t:|1682976055\n|move|p2a: Iron Bundle|Protect|p2a: Iron Bundle\n|-singleturn|p2a: Iron Bundle|Protect\n|move|p2b: Talonflame|Will-O-Wisp|p1a: Corviknight\n|-status|p1a: Corviknight|brn\n|-enditem|p1a: Corviknight|Lum Berry|[eat]\n|-curestatus|p1a: Corviknight|brn|[msg]\n|move|p1b: Flutter Mane|Dazzling Gleam|p2a: Iron Bundle|[spread] p2b\n|-activate|p2a: Iron Bundle|move: Protect\n|-resisted|p2b: Talonflame\n|-damage|p2b: Talonflame|13\/100\n|move|p1a: Corviknight|Roost|p1a: Corviknight\n|-heal|p1a: Corviknight|100\/100\n|-singleturn|p1a: Corviknight|move: Roost\n|\n|-damage|p1b: Flutter Mane|0 fnt|[from] brn\n|faint|p1b: Flutter Mane\n|-end|p1b: Flutter Mane|Protosynthesis|[silent]\n|upkeep\n|\n|t:|1682976073\n|switch|p1b: Chi-Yu|Chi-Yu, L50|100\/100\n|-ability|p1b: Chi-Yu|Beads of Ruin\n|turn|4\n|\n|t:|1682976095\n|move|p1b: Chi-Yu|Protect|p1b: Chi-Yu\n|-singleturn|p1b: Chi-Yu|Protect\n|move|p2a: Iron Bundle|Hydro Pump|p1b: Chi-Yu\n|-activate|p1b: Chi-Yu|move: Protect\n|move|p2b: Talonflame|Brave Bird|p1b: Chi-Yu\n|-activate|p1b: Chi-Yu|move: Protect\n|move|p1a: Corviknight|Brave Bird|p2b: Talonflame\n|-damage|p2b: Talonflame|0 fnt\n|faint|p2b: Talonflame\n|-damage|p1a: Corviknight|97\/100|[from] Recoil\n|\n|-sideend|p1: Alexmkk23|move: Tailwind\n|upkeep\n|\n|t:|1682976098\n|switch|p2b: Chien-Pao|Chien-Pao, L50|100\/100\n|-ability|p2b: Chien-Pao|Sword of Ruin\n|turn|5\n|\n|t:|1682976120\n|switch|p1b: Garchomp|Garchomp, L50, M|100\/100\n|move|p2a: Iron Bundle|Hydro Pump|p1b: Garchomp\n|-damage|p1b: Garchomp|42\/100\n|move|p2b: Chien-Pao|Ice Spinner|p1b: Garchomp\n|-supereffective|p1b: Garchomp\n|-damage|p1b: Garchomp|0 fnt\n|-damage|p2b: Chien-Pao|88\/100|[from] ability: Rough Skin|[of] p1b: Garchomp\n|faint|p1b: Garchomp\n|move|p1a: Corviknight|Tailwind|p1a: Corviknight\n|-sidestart|p1: Alexmkk23|move: Tailwind\n|\n|-sideend|p2: IamMx3|move: Tailwind\n|upkeep\n|\n|t:|1682976137\n|switch|p1b: Chi-Yu|Chi-Yu, L50|100\/100\n|-ability|p1b: Chi-Yu|Beads of Ruin\n|turn|6\n|\n|t:|1682976151\n|move|p2b: Chien-Pao|Protect|p2b: Chien-Pao\n|-singleturn|p2b: Chien-Pao|Protect\n|move|p1b: Chi-Yu|Heat Wave|p2a: Iron Bundle|[spread] p2a\n|-activate|p2b: Chien-Pao|move: Protect\n|-damage|p2a: Iron Bundle|15\/100\n|move|p2a: Iron Bundle|Hydro Pump|p1b: Chi-Yu\n|-supereffective|p1b: Chi-Yu\n|-enditem|p1b: Chi-Yu|Focus Sash\n|-damage|p1b: Chi-Yu|1\/100\n|move|p1a: Corviknight|Brave Bird|p2a: Iron Bundle\n|-damage|p2a: Iron Bundle|0 fnt\n|faint|p2a: Iron Bundle\n|-end|p2a: Iron Bundle|Quark Drive|[silent]\n|-damage|p1a: Corviknight|94\/100|[from] Recoil\n|\n|upkeep\n|turn|7\n|\n|t:|1682976173\n|move|p1b: Chi-Yu|Protect|p1b: Chi-Yu\n|-singleturn|p1b: Chi-Yu|Protect\n|move|p1a: Corviknight|Brave Bird|p2b: Chien-Pao\n|-damage|p2b: Chien-Pao|33\/100\n|-damage|p1a: Corviknight|80\/100|[from] Recoil\n|move|p2b: Chien-Pao|Ice Spinner|p1b: Chi-Yu\n|-activate|p1b: Chi-Yu|move: Protect\n|\n|upkeep\n|turn|8\n|\n|t:|1682976190\n|-terastallize|p1b: Chi-Yu|Grass\n|move|p2b: Chien-Pao|Protect|p2b: Chien-Pao\n|-singleturn|p2b: Chien-Pao|Protect\n|move|p1b: Chi-Yu|Tera Blast|p2b: Chien-Pao\n|-activate|p2b: Chien-Pao|move: Protect\n|move|p1a: Corviknight|Roost|p1a: Corviknight\n|-heal|p1a: Corviknight|100\/100\n|-singleturn|p1a: Corviknight|move: Roost\n|\n|-sideend|p1: Alexmkk23|move: Tailwind\n|upkeep\n|turn|9\n|\n|t:|1682976204\n|move|p2b: Chien-Pao|Ice Spinner|p1a: Corviknight\n|-damage|p1a: Corviknight|59\/100\n|move|p1b: Chi-Yu|Tera Blast|p2b: Chien-Pao\n|-damage|p2b: Chien-Pao|0 fnt\n|faint|p2b: Chien-Pao\n|\n|win|Alexmkk23\n|raw|Alexmkk23's rating: 1417 → 1440<\/strong> (+23 for winning)\n|raw|IamMx3's rating: 1476 → 1453<\/strong> (-23 for losing)\n|l|\u2606IamMx3\n","uploadtime":1682976247,"views":17,"p1id":"alexmkk23","p2id":"iammx3","formatid":"gen9vgc2023regulationc","rating":1440,"private":0,"password":""}