{"id":"gen9vgc2023regulationc-1862654980","p1":"babiri berrussy","p2":"0TestingAC0","format":"[Gen 9] VGC 2023 Regulation C","log":"|j|\u2606babiri berrussy\n|j|\u26060TestingAC0\n|t:|1683909337\n|gametype|doubles\n|player|p1|babiri berrussy|1|1235\n|player|p2|0TestingAC0|shadowtriad|1310\n|teamsize|p1|6\n|teamsize|p2|6\n|gen|9\n|tier|[Gen 9] VGC 2023 Regulation C\n|rated|\n|rule|Species Clause: Limit one of each Pok\u00e9mon\n|rule|Item Clause: Limit one of each item\n|clearpoke\n|poke|p1|Dondozo, L50, M|\n|poke|p1|Tatsugiri, L50, M|\n|poke|p1|Chi-Yu, L50|\n|poke|p1|Flutter Mane, L50|\n|poke|p1|Pawmot, L50, F|\n|poke|p1|Dragonite, L50, M|\n|poke|p2|Iron Bundle, L50|\n|poke|p2|Dondozo, L50, M|\n|poke|p2|Tatsugiri, L50, F|\n|poke|p2|Glimmora, L50, M|\n|poke|p2|Dragonite, L50, M|\n|poke|p2|Chi-Yu, L50|\n|teampreview|4\n|\n|t:|1683909363\n|start\n|switch|p1a: Fire Dondito|Chi-Yu, L50|100\/100\n|switch|p1b: Alphreavus|Flutter Mane, L50|100\/100\n|switch|p2a: Iron Bundle|Iron Bundle, L50|100\/100\n|switch|p2b: Glimmora|Glimmora, L50, M|100\/100\n|-ability|p1a: Fire Dondito|Beads of Ruin\n|-enditem|p2a: Iron Bundle|Booster Energy\n|-activate|p2a: Iron Bundle|ability: Quark Drive|[fromitem]\n|-start|p2a: Iron Bundle|quarkdrivespe\n|-enditem|p1b: Alphreavus|Booster Energy\n|-activate|p1b: Alphreavus|ability: Protosynthesis|[fromitem]\n|-start|p1b: Alphreavus|protosynthesisspa\n|turn|1\n|\n|t:|1683909395\n|-terastallize|p1a: Fire Dondito|Grass\n|move|p2a: Iron Bundle|Protect|p2a: Iron Bundle\n|-singleturn|p2a: Iron Bundle|Protect\n|move|p1a: Fire Dondito|Tera Blast|p2a: Iron Bundle\n|-activate|p2a: Iron Bundle|move: Protect\n|move|p1b: Alphreavus|Shadow Ball|p2a: Iron Bundle\n|-activate|p2a: Iron Bundle|move: Protect\n|move|p2b: Glimmora|Power Gem|p1a: Fire Dondito\n|-damage|p1a: Fire Dondito|62\/100\n|\n|upkeep\n|turn|2\n|inactive|Battle timer is ON: inactive players will automatically lose when time's up. (requested by babiri berrussy)\n|\n|t:|1683909429\n|move|p2a: Iron Bundle|Hydro Pump|p1b: Alphreavus\n|-damage|p1b: Alphreavus|45\/100\n|move|p1a: Fire Dondito|Tera Blast|p2a: Iron Bundle\n|-supereffective|p2a: Iron Bundle\n|-damage|p2a: Iron Bundle|0 fnt\n|faint|p2a: Iron Bundle\n|-end|p2a: Iron Bundle|Quark Drive|[silent]\n|move|p1b: Alphreavus|Shadow Ball|p2b: Glimmora\n|-damage|p2b: Glimmora|57\/100\n|move|p2b: Glimmora|Mortal Spin|p1b: Alphreavus|[spread] p1a,p1b\n|-supereffective|p1a: Fire Dondito\n|-damage|p1a: Fire Dondito|49\/100\n|-damage|p1b: Alphreavus|40\/100\n|-status|p1a: Fire Dondito|psn\n|-status|p1b: Alphreavus|psn\n|\n|-damage|p1a: Fire Dondito|36\/100 psn|[from] psn\n|-damage|p1b: Alphreavus|27\/100 psn|[from] psn\n|upkeep\n|\n|t:|1683909437\n|switch|p2a: Dondozo|Dondozo, L50, M|100\/100\n|turn|3\n|\n|t:|1683909453\n|move|p2a: Dondozo|Protect|p2a: Dondozo\n|-singleturn|p2a: Dondozo|Protect\n|move|p1a: Fire Dondito|Tera Blast|p2a: Dondozo\n|-activate|p2a: Dondozo|move: Protect\n|move|p1b: Alphreavus|Shadow Ball|p2b: Glimmora\n|-damage|p2b: Glimmora|17\/100\n|move|p2b: Glimmora|Power Gem|p1b: Alphreavus\n|-damage|p1b: Alphreavus|0 fnt\n|faint|p1b: Alphreavus\n|-end|p1b: Alphreavus|Protosynthesis|[silent]\n|\n|-damage|p1a: Fire Dondito|24\/100 psn|[from] psn\n|upkeep\n|\n|t:|1683909464\n|switch|p1b: Don D. Dozo|Dondozo, L50, M|100\/100\n|turn|4\n|\n|t:|1683909487\n|-terastallize|p2a: Dondozo|Grass\n|move|p1a: Fire Dondito|Tera Blast|p2a: Dondozo\n|-resisted|p2a: Dondozo\n|-damage|p2a: Dondozo|74\/100\n|move|p2b: Glimmora|Mortal Spin|p1b: Don D. Dozo|[spread] p1a,p1b\n|-supereffective|p1a: Fire Dondito\n|-damage|p1a: Fire Dondito|11\/100 psn\n|-damage|p1b: Don D. Dozo|97\/100\n|-status|p1b: Don D. Dozo|psn\n|move|p1b: Don D. Dozo|Wave Crash|p2b: Glimmora\n|-supereffective|p2b: Glimmora\n|-damage|p2b: Glimmora|0 fnt\n|-activate|p2b: Glimmora|ability: Toxic Debris\n|-sidestart|p1: babiri berrussy|move: Toxic Spikes\n|faint|p2b: Glimmora\n|-damage|p1b: Don D. Dozo|93\/100 psn|[from] Recoil\n|move|p2a: Dondozo|Tera Blast|p1b: Don D. Dozo\n|-supereffective|p1b: Don D. Dozo\n|-damage|p1b: Don D. Dozo|40\/100 psn\n|\n|-heal|p1b: Don D. Dozo|46\/100 psn|[from] item: Leftovers\n|-heal|p2a: Dondozo|80\/100|[from] item: Leftovers\n|-damage|p1a: Fire Dondito|0 fnt|[from] psn\n|faint|p1a: Fire Dondito\n|-damage|p1b: Don D. Dozo|34\/100 psn|[from] psn\n|upkeep\n|\n|t:|1683909495\n|switch|p1a: Dondito|Tatsugiri, L50, M|100\/100\n|switch|p2b: Dragonite|Dragonite, L50, M|100\/100\n|-activate|p1a: Dondito|ability: Commander|[of] p1b: Don D. Dozo\n|-boost|p1b: Don D. Dozo|atk|2\n|-boost|p1b: Don D. Dozo|spa|2\n|-boost|p1b: Don D. Dozo|spe|2\n|-boost|p1b: Don D. Dozo|def|2\n|-boost|p1b: Don D. Dozo|spd|2\n|turn|5\n|\n|t:|1683909508\n|move|p2b: Dragonite|Extreme Speed|p1b: Don D. Dozo\n|-damage|p1b: Don D. Dozo|23\/100 psn\n|move|p1b: Don D. Dozo|Wave Crash|p2a: Dondozo\n|-resisted|p2a: Dondozo\n|-damage|p2a: Dondozo|61\/100\n|-damage|p1b: Don D. Dozo|17\/100 psn|[from] Recoil\n|move|p2a: Dondozo|Tera Blast|p1b: Don D. Dozo\n|-supereffective|p1b: Don D. Dozo\n|-damage|p1b: Don D. Dozo|0 fnt\n|faint|p1b: Don D. Dozo\n|\n|-heal|p2a: Dondozo|68\/100|[from] item: Leftovers\n|upkeep\n|turn|6\n|-message|babiri berrussy forfeited.\n|\n|win|0TestingAC0\n|raw|babiri berrussy's rating: 1235 → 1215<\/strong> (-20 for losing)\n|raw|0TestingAC0's rating: 1310 → 1326<\/strong> (+16 for winning)\n|l|\u2606babiri berrussy\n","uploadtime":1683909535,"views":10,"p1id":"babiriberrussy","p2id":"0testingac0","formatid":"gen9vgc2023regulationc","rating":1215,"private":0,"password":""}