{"id":"gen9vgc2023regulationc-1849870422","p1":"Stibe","p2":"haha u rage quit","format":"[Gen 9] VGC 2023 Regulation C","log":"|j|\u2606Stibe\n|j|\u2606haha u rage quit\n|t:|1682262779\n|gametype|doubles\n|player|p1|Stibe|101|1157\n|player|p2|haha u rage quit|pokemaniac|1230\n|teamsize|p1|6\n|teamsize|p2|6\n|gen|9\n|tier|[Gen 9] VGC 2023 Regulation C\n|rated|\n|rule|Species Clause: Limit one of each Pok\u00e9mon\n|rule|Item Clause: Limit one of each item\n|clearpoke\n|poke|p1|Abomasnow, L50, M|\n|poke|p1|Baxcalibur, L50, M|\n|poke|p1|Armarouge, L50, M|\n|poke|p1|Iron Bundle, L50|\n|poke|p1|Murkrow, L50, M|\n|poke|p1|Maushold, L50|\n|poke|p2|Torkoal, L50, M|\n|poke|p2|Dondozo, L50, M|\n|poke|p2|Indeedee-F, L50, F|\n|poke|p2|Kingambit, L50, M|\n|poke|p2|Hatterene, L50, F|\n|poke|p2|Armarouge, L50, M|\n|teampreview|4\n|\n|t:|1682262800\n|start\n|switch|p1a: Maushold|Maushold, L50|100\/100\n|switch|p1b: Armarouge|Armarouge, L50, M|100\/100\n|switch|p2a: Indeedee|Indeedee-F, L50, F, shiny|100\/100\n|switch|p2b: Armarouge|Armarouge, L50, M|100\/100\n|-fieldstart|move: Psychic Terrain|[from] ability: Psychic Surge|[of] p2a: Indeedee\n|-enditem|p2a: Indeedee|Psychic Seed\n|-boost|p2a: Indeedee|spd|1|[from] item: Psychic Seed\n|turn|1\n|\n|t:|1682262827\n|move|p2a: Indeedee|Follow Me|p2a: Indeedee\n|-singleturn|p2a: Indeedee|move: Follow Me\n|move|p1b: Armarouge|Psychic|p2a: Indeedee\n|-resisted|p2a: Indeedee\n|-damage|p2a: Indeedee|86\/100\n|move|p1a: Maushold|Taunt|p2a: Indeedee\n|-start|p2a: Indeedee|move: Taunt\n|move|p2b: Armarouge|Trick Room|p2b: Armarouge\n|-fieldstart|move: Trick Room|[of] p2b: Armarouge\n|-enditem|p2b: Armarouge|Room Service\n|-unboost|p2b: Armarouge|spe|1|[from] item: Room Service\n|\n|upkeep\n|turn|2\n|\n|t:|1682262854\n|switch|p2a: Torkoal|Torkoal, L50, M|100\/100\n|-weather|SunnyDay|[from] ability: Drought|[of] p2a: Torkoal\n|move|p2b: Armarouge|Expanding Force|p1b: Armarouge|[spread] p1a,p1b\n|-resisted|p1b: Armarouge\n|-damage|p1a: Maushold|17\/100\n|-damage|p1b: Armarouge|71\/100\n|move|p1a: Maushold|Super Fang|p2a: Torkoal\n|-damage|p2a: Torkoal|51\/100\n|move|p1b: Armarouge|Psychic|p2b: Armarouge\n|-resisted|p2b: Armarouge\n|-damage|p2b: Armarouge|69\/100\n|\n|-weather|SunnyDay|[upkeep]\n|upkeep\n|turn|3\n|\n|t:|1682262894\n|move|p2a: Torkoal|Earth Power|p1b: Armarouge\n|-supereffective|p1b: Armarouge\n|-damage|p1b: Armarouge|15\/100\n|move|p2b: Armarouge|Expanding Force|p1b: Armarouge|[spread] p1a,p1b\n|-resisted|p1b: Armarouge\n|-damage|p1a: Maushold|0 fnt\n|-damage|p1b: Armarouge|0 fnt\n|faint|p1a: Maushold\n|faint|p1b: Armarouge\n|\n|-weather|SunnyDay|[upkeep]\n|upkeep\n|\n|t:|1682262901\n|switch|p1b: Iron Bundle|Iron Bundle, L50|100\/100\n|switch|p1a: Abomasnow|Abomasnow, L50, M|100\/100\n|-weather|Snow|[from] ability: Snow Warning|[of] p1a: Abomasnow\n|turn|4\n|\n|t:|1682262918\n|switch|p2a: Indeedee|Indeedee-F, L50, F, shiny|86\/100\n|move|p1a: Abomasnow|Protect|p1a: Abomasnow\n|-singleturn|p1a: Abomasnow|Protect\n|move|p1b: Iron Bundle|Protect|p1b: Iron Bundle\n|-singleturn|p1b: Iron Bundle|Protect\n|move|p2b: Armarouge|Expanding Force|p1b: Iron Bundle|[spread] \n|-activate|p1a: Abomasnow|move: Protect\n|-activate|p1b: Iron Bundle|move: Protect\n|\n|-weather|Snow|[upkeep]\n|upkeep\n|turn|5\n|\n|t:|1682262935\n|-terastallize|p1a: Abomasnow|Water\n|move|p2a: Indeedee|Helping Hand|p2b: Armarouge\n|-singleturn|p2b: Armarouge|Helping Hand|[of] p2a: Indeedee\n|move|p2b: Armarouge|Expanding Force|p1a: Abomasnow|[spread] p1a,p1b\n|-damage|p1a: Abomasnow|0 fnt\n|-damage|p1b: Iron Bundle|0 fnt\n|faint|p1a: Abomasnow\n|faint|p1b: Iron Bundle\n|-end|p1b: Iron Bundle|Quark Drive|[silent]\n|\n|win|haha u rage quit\n|raw|Stibe's rating: 1157 → 1137<\/strong> (-20 for losing)\n|raw|haha u rage quit's rating: 1230 → 1250<\/strong> (+20 for winning)\n|l|\u2606Stibe\n","uploadtime":1682262952,"views":12,"p1id":"stibe","p2id":"hahauragequit","formatid":"gen9vgc2023regulationc","rating":1137,"private":0,"password":""}