{"id":"gen9vgc2023regulationc-1850962271","p1":"leafyarrow","p2":"testlab12","format":"[Gen 9] VGC 2023 Regulation C","log":"|j|\u2606leafyarrow\n|j|\u2606testlab12\n|t:|1682387436\n|gametype|doubles\n|player|p1|leafyarrow|leaf-gen3|1266\n|player|p2|testlab12|ghetsis|1165\n|teamsize|p1|6\n|teamsize|p2|6\n|gen|9\n|tier|[Gen 9] VGC 2023 Regulation C\n|rated|\n|rule|Species Clause: Limit one of each Pok\u00e9mon\n|rule|Item Clause: Limit one of each item\n|clearpoke\n|poke|p1|Flutter Mane, L50|\n|poke|p1|Palafin, L50, F|\n|poke|p1|Amoonguss, L50, M|\n|poke|p1|Ting-Lu, L50|\n|poke|p1|Arcanine, L50, F|\n|poke|p1|Kingambit, L50, F|\n|poke|p2|Breloom, L50, F|\n|poke|p2|Chien-Pao, L50|\n|poke|p2|Talonflame, L50, M|\n|poke|p2|Flutter Mane, L50|\n|poke|p2|Orthworm, L50, M|\n|poke|p2|Garchomp, L50, M|\n|teampreview|4\nleafyarrow has agreed to open team sheets.\ntestlab12 has agreed to open team sheets.\n|\n|t:|1682387485\n|start\n|switch|p1a: Flutter Mane|Flutter Mane, L50|100\/100\n|switch|p1b: Amoonguss|Amoonguss, L50, M|100\/100\n|switch|p2a: Breloom|Breloom, L50, F|100\/100\n|switch|p2b: Orthworm|Orthworm, L50, M|100\/100\n|turn|1\n|\n|t:|1682387509\n|move|p2a: Breloom|Protect|p2a: Breloom\n|-singleturn|p2a: Breloom|Protect\n|move|p1a: Flutter Mane|Shadow Ball|p2b: Orthworm\n|-damage|p2b: Orthworm|41\/100\n|-enditem|p2b: Orthworm|Sitrus Berry|[eat]\n|-heal|p2b: Orthworm|66\/100|[from] item: Sitrus Berry\n|move|p2b: Orthworm|Shed Tail|p2b: Orthworm\n|-start|p2b: Orthworm|Substitute|[from] move: Shed Tail\n|-damage|p2b: Orthworm|16\/100\n|\n|t:|1682387517\n|switch|p2b: Garchomp|Garchomp, L50, M|100\/100|[from] Shed Tail\n|move|p1b: Amoonguss|Spore||[still]\n|-fail|p1b: Amoonguss\n|\n|upkeep\n|turn|2\n|\n|t:|1682387551\n|switch|p2a: Orthworm|Orthworm, L50, M|16\/100\n|move|p1a: Flutter Mane|Shadow Ball|p2a: Orthworm\n|-damage|p2a: Orthworm|0 fnt\n|faint|p2a: Orthworm\n|move|p2b: Garchomp|Earthquake|p1b: Amoonguss|[spread] p1a,p1b\n|-damage|p1a: Flutter Mane|28\/100\n|-damage|p1b: Amoonguss|71\/100\n|move|p1b: Amoonguss|Pollen Puff|p1a: Flutter Mane\n|-heal|p1a: Flutter Mane|78\/100\n|\n|upkeep\n|\n|t:|1682387563\n|switch|p2a: Talonflame|Talonflame, L50, M|100\/100\n|turn|3\n|\n|t:|1682387579\n|move|p2a: Talonflame|Brave Bird|p1b: Amoonguss\n|-supereffective|p1b: Amoonguss\n|-damage|p1b: Amoonguss|17\/100\n|-enditem|p1b: Amoonguss|Sitrus Berry|[eat]\n|-heal|p1b: Amoonguss|42\/100|[from] item: Sitrus Berry\n|-damage|p2a: Talonflame|79\/100|[from] Recoil\n|move|p1a: Flutter Mane|Shadow Ball|p2b: Garchomp\n|-end|p2b: Garchomp|Substitute\n|move|p2b: Garchomp|Earthquake|p1b: Amoonguss|[spread] p1a,p1b\n|-immune|p2a: Talonflame\n|-damage|p1a: Flutter Mane|2\/100\n|-damage|p1b: Amoonguss|10\/100\n|move|p1b: Amoonguss|Spore|p2b: Garchomp\n|-status|p2b: Garchomp|slp|[from] move: Spore\n|\n|upkeep\n|turn|4\n|\n|t:|1682387612\n|switch|p1b: Arcanine|Arcanine, L50, F|100\/100\n|-ability|p1b: Arcanine|Intimidate|boost\n|-unboost|p2a: Talonflame|atk|1\n|-fail|p2b: Garchomp|unboost|[from] item: Clear Amulet|[of] p2b: Garchomp\n|move|p1a: Flutter Mane|Shadow Ball|p2b: Garchomp\n|-damage|p2b: Garchomp|38\/100 slp\n|cant|p2b: Garchomp|slp\n|move|p2a: Talonflame|Brave Bird|p1a: Flutter Mane\n|-damage|p1a: Flutter Mane|0 fnt\n|faint|p1a: Flutter Mane\n|-end|p1a: Flutter Mane|Protosynthesis|[silent]\n|-damage|p2a: Talonflame|78\/100|[from] Recoil\n|\n|upkeep\n|\n|t:|1682387630\n|switch|p1a: Kingambit|Kingambit, L50, F|100\/100\n|turn|5\n|\n|t:|1682387657\n|-curestatus|p2b: Garchomp|slp|[msg]\n|move|p2b: Garchomp|Protect|p2b: Garchomp\n|-singleturn|p2b: Garchomp|Protect\n|move|p1a: Kingambit|Sucker Punch||[still]\n|-fail|p1a: Kingambit\n|move|p2a: Talonflame|Tailwind|p2a: Talonflame\n|-sidestart|p2: testlab12|move: Tailwind\n|move|p1b: Arcanine|Flare Blitz|p2b: Garchomp\n|-activate|p2b: Garchomp|move: Protect\n|\n|upkeep\n|turn|6\n|\n|t:|1682387674\n|move|p1b: Arcanine|Extreme Speed|p2b: Garchomp\n|-damage|p2b: Garchomp|16\/100\n|-damage|p1b: Arcanine|88\/100|[from] ability: Rough Skin|[of] p2b: Garchomp\n|move|p1a: Kingambit|Sucker Punch|p2b: Garchomp\n|-damage|p2b: Garchomp|0 fnt\n|-damage|p1a: Kingambit|88\/100|[from] ability: Rough Skin|[of] p2b: Garchomp\n|faint|p2b: Garchomp\n|move|p2a: Talonflame|Will-O-Wisp|p1a: Kingambit\n|-status|p1a: Kingambit|brn\n|-enditem|p1a: Kingambit|Lum Berry|[eat]\n|-curestatus|p1a: Kingambit|brn|[msg]\n|\n|upkeep\n|\n|t:|1682387682\n|switch|p2b: Breloom|Breloom, L50, F|100\/100\n|turn|7\n|\n|t:|1682387709\n|-terastallize|p1a: Kingambit|Grass\n|move|p2a: Talonflame|Brave Bird|p1b: Arcanine\n|-damage|p1b: Arcanine|62\/100\n|-damage|p2a: Talonflame|69\/100|[from] Recoil\n|move|p2b: Breloom|Close Combat|p1b: Arcanine\n|-crit|p1b: Arcanine\n|-damage|p1b: Arcanine|0 fnt\n|-unboost|p2b: Breloom|def|1\n|-unboost|p2b: Breloom|spd|1\n|faint|p1b: Arcanine\n|move|p1a: Kingambit|Iron Head|p2b: Breloom\n|-damage|p2b: Breloom|0 fnt\n|faint|p2b: Breloom\n|\n|upkeep\n|\n|t:|1682387721\n|switch|p1b: Amoonguss|Amoonguss, L50, M|43\/100\n|turn|8\n|\n|t:|1682387733\n|-terastallize|p2a: Talonflame|Grass\n|move|p1a: Kingambit|Sucker Punch||[still]\n|-fail|p1a: Kingambit\n|move|p2a: Talonflame|Will-O-Wisp|p1a: Kingambit\n|-status|p1a: Kingambit|brn\n|move|p1b: Amoonguss|Pollen Puff|p1a: Kingambit\n|-heal|p1a: Kingambit|100\/100 brn\n|\n|-damage|p1a: Kingambit|94\/100 brn|[from] brn\n|-sideend|p2: testlab12|move: Tailwind\n|upkeep\n|turn|9\n|\n|t:|1682387746\n|move|p2a: Talonflame|Brave Bird|p1b: Amoonguss\n|-supereffective|p1b: Amoonguss\n|-damage|p1b: Amoonguss|0 fnt\n|faint|p1b: Amoonguss\n|-damage|p2a: Talonflame|52\/100|[from] Recoil\n|move|p1a: Kingambit|Iron Head|p2a: Talonflame\n|-damage|p2a: Talonflame|32\/100\n|\n|-damage|p1a: Kingambit|88\/100 brn|[from] brn\n|upkeep\n|turn|10\n|\n|t:|1682387759\n|move|p1a: Kingambit|Sucker Punch|p2a: Talonflame\n|-damage|p2a: Talonflame|14\/100\n|move|p2a: Talonflame|Brave Bird|p1a: Kingambit\n|-supereffective|p1a: Kingambit\n|-damage|p1a: Kingambit|54\/100 brn\n|-damage|p2a: Talonflame|2\/100|[from] Recoil\n|\n|-damage|p1a: Kingambit|48\/100 brn|[from] brn\n|upkeep\n|turn|11\n|\n|t:|1682387771\n|move|p2a: Talonflame|Taunt|p1a: Kingambit\n|-start|p1a: Kingambit|move: Taunt\n|move|p1a: Kingambit|Iron Head|p2a: Talonflame\n|-crit|p2a: Talonflame\n|-damage|p2a: Talonflame|0 fnt\n|faint|p2a: Talonflame\n|\n|win|leafyarrow\n|raw|leafyarrow's rating: 1266 → 1284<\/strong> (+18 for winning)\n|raw|testlab12's rating: 1165 → 1147<\/strong> (-18 for losing)\n","uploadtime":1682387779,"views":11,"p1id":"leafyarrow","p2id":"testlab12","formatid":"gen9vgc2023regulationc","rating":1147,"private":0,"password":""}