{"id":"gen9vgc2023regulationc-1860136149","p1":"OwanTanSoup","p2":"Icefanngs","format":"[Gen 9] VGC 2023 Regulation C","log":"|j|\u2606OwanTanSoup\n|j|\u2606Icefanngs\n|t:|1683599554\n|gametype|doubles\n|player|p1|OwanTanSoup|silver|1079\n|player|p2|Icefanngs|101|1000\n|teamsize|p1|6\n|teamsize|p2|6\n|gen|9\n|tier|[Gen 9] VGC 2023 Regulation C\n|rated|\n|rule|Species Clause: Limit one of each Pok\u00e9mon\n|rule|Item Clause: Limit one of each item\n|clearpoke\n|poke|p1|Ceruledge, L50, M|\n|poke|p1|Sylveon, L50, F|\n|poke|p1|Chien-Pao, L50|\n|poke|p1|Tatsugiri, L50, M|\n|poke|p1|Dondozo, L50, F|\n|poke|p1|Sandy Shocks, L50|\n|poke|p2|Raichu, L50, M|\n|poke|p2|Vaporeon, L50, F|\n|poke|p2|Haxorus, L50, M|\n|poke|p2|Vivillon-Fancy, L50, F|\n|poke|p2|Arcanine, L50, M|\n|poke|p2|Tsareena, L50, F|\n|teampreview|4\n|inactive|Battle timer is ON: inactive players will automatically lose when time's up. (requested by Icefanngs)\n|\n|t:|1683599590\n|start\n|switch|p1a: Ceruledge|Ceruledge, L50, M|100\/100\n|switch|p1b: Chien-Pao|Chien-Pao, L50|100\/100\n|switch|p2a: Raichu|Raichu, L50, M|100\/100\n|switch|p2b: Vaporeon|Vaporeon, L50, F|100\/100\n|-ability|p1b: Chien-Pao|Sword of Ruin\n|turn|1\n|\n|t:|1683599604\n|switch|p1a: Dondozo|Dondozo, L50, F|100\/100\n|move|p1b: Chien-Pao|Protect|p1b: Chien-Pao\n|-singleturn|p1b: Chien-Pao|Protect\n|move|p2a: Raichu|Fake Out|p1b: Chien-Pao\n|-activate|p1b: Chien-Pao|move: Protect\n|move|p2b: Vaporeon|Muddy Water|p1b: Chien-Pao|[spread] p1a\n|-activate|p1b: Chien-Pao|move: Protect\n|-resisted|p1a: Dondozo\n|-damage|p1a: Dondozo|86\/100\n|\n|-heal|p1a: Dondozo|93\/100|[from] item: Leftovers\n|upkeep\n|turn|2\n|inactive|OwanTanSoup has 30 seconds left.\n|inactive|OwanTanSoup has 20 seconds left.\n|\n|t:|1683599643\n|move|p2b: Vaporeon|Protect|p2b: Vaporeon\n|-singleturn|p2b: Vaporeon|Protect\n|move|p1b: Chien-Pao|Sacred Sword|p2a: Raichu\n|-damage|p2a: Raichu|19\/100\n|move|p2a: Raichu|Discharge|p1b: Chien-Pao|[spread] p1a,p1b\n|-activate|p2b: Vaporeon|move: Protect\n|-supereffective|p1a: Dondozo\n|-damage|p1a: Dondozo|29\/100\n|-damage|p1b: Chien-Pao|53\/100\n|-status|p1a: Dondozo|par\n|-damage|p2a: Raichu|9\/100|[from] item: Life Orb\n|cant|p1a: Dondozo|par\n|\n|-heal|p1a: Dondozo|35\/100 par|[from] item: Leftovers\n|upkeep\n|turn|3\n|inactive|Icefanngs has 30 seconds left.\n|\n|t:|1683599671\n|switch|p1b: Tatsugiri|Tatsugiri, L50, M|100\/100\n|-activate|p1b: Tatsugiri|ability: Commander|[of] p1a: Dondozo\n|-boost|p1a: Dondozo|atk|2\n|-boost|p1a: Dondozo|spa|2\n|-boost|p1a: Dondozo|spe|2\n|-boost|p1a: Dondozo|def|2\n|-boost|p1a: Dondozo|spd|2\n|move|p2a: Raichu|Surf|p1a: Dondozo|[spread] p1a\n|-miss|p2a: Raichu|p1b: Tatsugiri\n|-immune|p2b: Vaporeon|[from] ability: Water Absorb\n|-resisted|p1a: Dondozo\n|-damage|p1a: Dondozo|29\/100 par\n|-damage|p2a: Raichu|0 fnt|[from] item: Life Orb\n|faint|p2a: Raichu\n|move|p2b: Vaporeon|Muddy Water|p1b: Tatsugiri|[spread] p1a\n|-miss|p2b: Vaporeon|p1b: Tatsugiri\n|-resisted|p1a: Dondozo\n|-damage|p1a: Dondozo|21\/100 par\n|move|p1a: Dondozo|Earthquake|p2b: Vaporeon|[spread] p2b\n|-miss|p1a: Dondozo|p1b: Tatsugiri\n|-damage|p2b: Vaporeon|47\/100\n|\n|-heal|p1a: Dondozo|27\/100 par|[from] item: Leftovers\n|upkeep\n|inactive|Icefanngs has 30 seconds left.\n|inactive|Icefanngs has 20 seconds left.\n|\n|t:|1683599707\n|switch|p2a: Haxorus|Haxorus, L50, M|100\/100\n|-ability|p2a: Haxorus|Mold Breaker\n|turn|4\n|inactive|Icefanngs has 30 seconds left.\n|\n|t:|1683599734\n|move|p2a: Haxorus|Dragon Claw|p1a: Dondozo\n|-damage|p1a: Dondozo|11\/100 par\n|move|p2b: Vaporeon|Muddy Water|p1b: Tatsugiri|[spread] p1a\n|-miss|p2b: Vaporeon|p1b: Tatsugiri\n|-resisted|p1a: Dondozo\n|-damage|p1a: Dondozo|4\/100 par\n|-unboost|p1a: Dondozo|accuracy|1\n|move|p1a: Dondozo|Order Up|p2a: Haxorus|[miss]\n|-miss|p1a: Dondozo|p2a: Haxorus\n|\n|-heal|p1a: Dondozo|10\/100 par|[from] item: Leftovers\n|upkeep\n|turn|5\n|inactive|Icefanngs has 30 seconds left.\n|\n|t:|1683599766\n|move|p2a: Haxorus|Dragon Claw|p1a: Dondozo\n|-damage|p1a: Dondozo|0 fnt\n|faint|p1a: Dondozo\n|move|p2b: Vaporeon|Yawn|p1b: Tatsugiri\n|-start|p1b: Tatsugiri|move: Yawn|[of] p2b: Vaporeon\n|\n|upkeep\n|\n|t:|1683599775\n|switch|p1a: Chien-Pao|Chien-Pao, L50|53\/100\n|-ability|p1a: Chien-Pao|Sword of Ruin\n|turn|6\n|\n|t:|1683599797\n|-terastallize|p2a: Haxorus|Steel\n|move|p1a: Chien-Pao|Ice Spinner|p2a: Haxorus\n|-resisted|p2a: Haxorus\n|-damage|p2a: Haxorus|65\/100\n|move|p2a: Haxorus|Iron Head|p1a: Chien-Pao\n|-supereffective|p1a: Chien-Pao\n|-damage|p1a: Chien-Pao|0 fnt\n|faint|p1a: Chien-Pao\n|move|p1b: Tatsugiri|Draco Meteor|p2b: Vaporeon\n|-damage|p2b: Vaporeon|3\/100\n|-unboost|p1b: Tatsugiri|spa|2\n|move|p2b: Vaporeon|Icy Wind|p1b: Tatsugiri\n|-damage|p1b: Tatsugiri|78\/100\n|-unboost|p1b: Tatsugiri|spe|1\n|\n|-end|p1b: Tatsugiri|move: Yawn|[silent]\n|-status|p1b: Tatsugiri|slp\n|upkeep\n|\n|t:|1683599811\n|switch|p1a: Ceruledge|Ceruledge, L50, M|100\/100\n|turn|7\n|inactive|Icefanngs has 30 seconds left.\n|inactive|OwanTanSoup has 30 seconds left.\n|\n|t:|1683599848\n|-terastallize|p1a: Ceruledge|Dark\n|move|p2b: Vaporeon|Protect|p2b: Vaporeon\n|-singleturn|p2b: Vaporeon|Protect\n|move|p2a: Haxorus|Earthquake|p1a: Ceruledge|[spread] p1a,p1b\n|-activate|p2b: Vaporeon|move: Protect\n|-damage|p1a: Ceruledge|57\/100\n|-damage|p1b: Tatsugiri|16\/100 slp\n|-ability|p1a: Ceruledge|Weak Armor|boost\n|-unboost|p1a: Ceruledge|def|1\n|-boost|p1a: Ceruledge|spe|2\n|-enditem|p1b: Tatsugiri|Iapapa Berry|[eat]\n|-heal|p1b: Tatsugiri|49\/100 slp|[from] item: Iapapa Berry\n|move|p1a: Ceruledge|Bitter Blade|p2a: Haxorus\n|-supereffective|p2a: Haxorus\n|-crit|p2a: Haxorus\n|-damage|p2a: Haxorus|0 fnt\n|-heal|p1a: Ceruledge|90\/100|[from] drain|[of] p2a: Haxorus\n|faint|p2a: Haxorus\n|cant|p1b: Tatsugiri|slp\n|\n|upkeep\n|\n|t:|1683599863\n|switch|p2a: Arcanine|Arcanine, L50, M|100\/100\n|-ability|p2a: Arcanine|Intimidate|boost\n|-unboost|p1a: Ceruledge|atk|1\n|-unboost|p1b: Tatsugiri|atk|1\n|turn|8\n|inactive|OwanTanSoup has 30 seconds left.\n|inactive|OwanTanSoup has 20 seconds left.\n|\n|t:|1683599898\n|move|p1a: Ceruledge|Shadow Sneak|p2b: Vaporeon\n|-damage|p2b: Vaporeon|0 fnt\n|faint|p2b: Vaporeon\n|move|p2a: Arcanine|Flare Blitz|p1a: Ceruledge\n|-damage|p1a: Ceruledge|0 fnt\n|faint|p1a: Ceruledge\n|-damage|p2a: Arcanine|78\/100|[from] Recoil\n|-curestatus|p1b: Tatsugiri|slp|[msg]\n|move|p1b: Tatsugiri|Draco Meteor|p2a: Arcanine\n|-damage|p2a: Arcanine|39\/100\n|-unboost|p1b: Tatsugiri|spa|2\n|\n|-heal|p2a: Arcanine|45\/100|[from] item: Leftovers\n|upkeep\n|turn|9\n|\n|t:|1683599917\n|move|p2a: Arcanine|Protect|p2a: Arcanine\n|-singleturn|p2a: Arcanine|Protect\n|move|p1b: Tatsugiri|Surf|p2a: Arcanine\n|-activate|p2a: Arcanine|move: Protect\n|\n|-heal|p2a: Arcanine|51\/100|[from] item: Leftovers\n|upkeep\n|turn|10\n|\n|t:|1683599936\n|move|p2a: Arcanine|Extreme Speed|p1b: Tatsugiri\n|-damage|p1b: Tatsugiri|0 fnt\n|faint|p1b: Tatsugiri\n|\n|win|Icefanngs\n|raw|OwanTanSoup's rating: 1079 → 1052<\/strong> (-27 for losing)\n|raw|Icefanngs's rating: 1000 → 1049<\/strong> (+49 for winning)\n|l|\u2606OwanTanSoup\n|c|\u2606Icefanngs|Gg\n","uploadtime":1683599948,"views":2,"p1id":"owantansoup","p2id":"icefanngs","formatid":"gen9vgc2023regulationc","rating":1049,"private":0,"password":""}