{"id":"gen9vgc2023regulationc-1848572937","p1":"That_Leek","p2":"Flo51","format":"[Gen 9] VGC 2023 Regulation C","log":"|j|\u2606That_Leek\n|j|\u2606Flo51\n|t:|1682091116\n|gametype|doubles\n|player|p1|That_Leek|blue-masters|1162\n|player|p2|Flo51|2|1166\n|teamsize|p1|6\n|teamsize|p2|6\n|gen|9\n|tier|[Gen 9] VGC 2023 Regulation C\n|rated|\n|rule|Species Clause: Limit one of each Pok\u00e9mon\n|rule|Item Clause: Limit one of each item\n|clearpoke\n|poke|p1|Gholdengo, L50|\n|poke|p1|Gyarados, L50, M|\n|poke|p1|Tyranitar, L50, F|\n|poke|p1|Maushold-Four, L50|\n|poke|p1|Annihilape, L50, F|\n|poke|p1|Volcarona, L50, M|\n|poke|p2|Amoonguss, L50, M|\n|poke|p2|Dragapult, L50, M|\n|poke|p2|Iron Hands, L50|\n|poke|p2|Iron Bundle, L50|\n|poke|p2|Ting-Lu, L50|\n|poke|p2|Corviknight, L50, M|\n|teampreview|4\nThat_Leek has agreed to open team sheets.\n|\n|t:|1682091156\n|start\n|switch|p1a: Gholdengo|Gholdengo, L50|100\/100\n|switch|p1b: Volcarona|Volcarona, L50, M|100\/100\n|switch|p2a: Iron Hands|Iron Hands, L50|100\/100\n|switch|p2b: Ting-Lu|Ting-Lu, L50|100\/100\n|-ability|p2b: Ting-Lu|Vessel of Ruin\n|turn|1\n|\n|t:|1682091184\n|move|p1a: Gholdengo|Protect|p1a: Gholdengo\n|-singleturn|p1a: Gholdengo|Protect\n|move|p1b: Volcarona|Tailwind|p1b: Volcarona\n|-sidestart|p1: That_Leek|move: Tailwind\n|move|p2a: Iron Hands|Belly Drum|p2a: Iron Hands\n|-damage|p2a: Iron Hands|51\/100\n|-setboost|p2a: Iron Hands|atk|6|[from] move: Belly Drum\n|move|p2b: Ting-Lu|Rock Slide|p1b: Volcarona|[spread] p1b\n|-activate|p1a: Gholdengo|move: Protect\n|-supereffective|p1b: Volcarona\n|-damage|p1b: Volcarona|15\/100\n|\n|upkeep\n|turn|2\n|\n|t:|1682091215\n|-terastallize|p2a: Iron Hands|Flying\n|move|p1b: Volcarona|Fiery Dance|p2a: Iron Hands\n|-damage|p2a: Iron Hands|28\/100\n|-boost|p1b: Volcarona|spa|1\n|move|p1a: Gholdengo|Shadow Ball|p2a: Iron Hands\n|-damage|p2a: Iron Hands|0 fnt\n|faint|p2a: Iron Hands\n|-end|p2a: Iron Hands|Quark Drive|[silent]\n|-damage|p1a: Gholdengo|91\/100|[from] item: Life Orb\n|move|p2b: Ting-Lu|Rock Slide|p1a: Gholdengo|[spread] p1a,p1b\n|-resisted|p1a: Gholdengo\n|-supereffective|p1b: Volcarona\n|-damage|p1a: Gholdengo|83\/100\n|-damage|p1b: Volcarona|0 fnt\n|faint|p1b: Volcarona\n|\n|upkeep\n|\n|t:|1682091239\n|switch|p1b: Gyarados|Gyarados, L50, M|100\/100\n|switch|p2a: Amoonguss|Amoonguss, L50, M|100\/100\n|-ability|p1b: Gyarados|Intimidate|boost\n|-unboost|p2a: Amoonguss|atk|1\n|-unboost|p2b: Ting-Lu|atk|1\n|turn|3\n|\n|t:|1682091254\n|-terastallize|p1a: Gholdengo|Water\n|move|p1b: Gyarados|Protect|p1b: Gyarados\n|-singleturn|p1b: Gyarados|Protect\n|move|p1a: Gholdengo|Nasty Plot|p1a: Gholdengo\n|-boost|p1a: Gholdengo|spa|2\n|move|p2b: Ting-Lu|Fissure|p1a: Gholdengo|[miss]\n|-miss|p2b: Ting-Lu|p1a: Gholdengo\n|move|p2a: Amoonguss|Spore|p1b: Gyarados\n|-activate|p1b: Gyarados|move: Protect\n|\n|upkeep\n|turn|4\n|\n|t:|1682091278\n|move|p1a: Gholdengo|Make It Rain|p2a: Amoonguss|[spread] p2a,p2b\n|-damage|p2a: Amoonguss|14\/100\n|-damage|p2b: Ting-Lu|49\/100\n|-unboost|p1a: Gholdengo|spa|1\n|-damage|p1a: Gholdengo|73\/100|[from] item: Life Orb\n|move|p1b: Gyarados|Waterfall|p2b: Ting-Lu\n|-supereffective|p2b: Ting-Lu\n|-damage|p2b: Ting-Lu|0 fnt\n|faint|p2b: Ting-Lu\n|move|p2a: Amoonguss|Spore|p1b: Gyarados\n|-status|p1b: Gyarados|slp|[from] move: Spore\n|\n|-heal|p2a: Amoonguss|20\/100|[from] item: Leftovers\n|-sideend|p1: That_Leek|move: Tailwind\n|upkeep\n|\n|t:|1682091292\n|switch|p2b: Iron Bundle|Iron Bundle, L50|100\/100\n|turn|5\n|\n|t:|1682091305\n|move|p2b: Iron Bundle|Freeze-Dry|p1a: Gholdengo\n|-supereffective|p1a: Gholdengo\n|-damage|p1a: Gholdengo|0 fnt\n|faint|p1a: Gholdengo\n|cant|p1b: Gyarados|slp\n|move|p2a: Amoonguss|Spore|p1b: Gyarados\n|-fail|p1b: Gyarados|slp\n|\n|-heal|p2a: Amoonguss|26\/100|[from] item: Leftovers\n|upkeep\n|\n|t:|1682091309\n|switch|p1a: Tyranitar|Tyranitar, L50, F|100\/100\n|-weather|Sandstorm|[from] ability: Sand Stream|[of] p1a: Tyranitar\n|turn|6\n|\n|t:|1682091322\n|move|p2b: Iron Bundle|Freeze-Dry|p1b: Gyarados\n|-supereffective|p1b: Gyarados\n|-damage|p1b: Gyarados|0 fnt\n|faint|p1b: Gyarados\n|move|p1a: Tyranitar|Rock Slide|p2a: Amoonguss|[spread] p2a,p2b\n|-supereffective|p2b: Iron Bundle\n|-damage|p2a: Amoonguss|0 fnt\n|-damage|p2b: Iron Bundle|21\/100\n|faint|p2a: Amoonguss\n|\n|-weather|Sandstorm|[upkeep]\n|-damage|p2b: Iron Bundle|15\/100|[from] Sandstorm\n|upkeep\n|turn|7\n|\n|t:|1682091335\n|move|p2b: Iron Bundle|Hydro Pump|p1a: Tyranitar\n|-supereffective|p1a: Tyranitar\n|-damage|p1a: Tyranitar|59\/100\n|move|p1a: Tyranitar|Crunch|p2b: Iron Bundle\n|-crit|p2b: Iron Bundle\n|-damage|p2b: Iron Bundle|0 fnt\n|faint|p2b: Iron Bundle\n|-end|p2b: Iron Bundle|Quark Drive|[silent]\n|\n|win|That_Leek\n|raw|That_Leek's rating: 1162 → 1187<\/strong> (+25 for winning)\n|raw|Flo51's rating: 1166 → 1141<\/strong> (-25 for losing)\n","uploadtime":1682091346,"views":6,"p1id":"thatleek","p2id":"flo51","formatid":"gen9vgc2023regulationc","rating":1141,"private":0,"password":""}