{"id":"gen9vgc2023regulationc-1858580781","p1":"rambah","p2":"PinkRainbowMan","format":"[Gen 9] VGC 2023 Regulation C","log":"|j|\u2606rambah\n|j|\u2606PinkRainbowMan\n|t:|1683328017\n|gametype|doubles\n|player|p1|rambah|dawn|1123\n|player|p2|PinkRainbowMan|iris-gen5bw2|1073\n|teamsize|p1|6\n|teamsize|p2|4\n|gen|9\n|tier|[Gen 9] VGC 2023 Regulation C\n|rated|\n|rule|Species Clause: Limit one of each Pok\u00e9mon\n|rule|Item Clause: Limit one of each item\n|clearpoke\n|poke|p1|Flutter Mane, L50|\n|poke|p1|Dragonite, L50, M|\n|poke|p1|Amoonguss, L50, M|\n|poke|p1|Iron Bundle, L50|\n|poke|p1|Scizor, L50, M|\n|poke|p1|Talonflame, L50, F|\n|poke|p2|Dondozo, L50, M|\n|poke|p2|Tatsugiri, L50, F|\n|poke|p2|Flamigo, L50, M|\n|poke|p2|Garganacl, L50, F|\n|teampreview|4\n|inactive|Battle timer is ON: inactive players will automatically lose when time's up. (requested by PinkRainbowMan)\nrambah has agreed to open team sheets.\n|\n|t:|1683328042\n|start\n|switch|p1a: Talonflame|Talonflame, L50, F|100\/100\n|switch|p1b: Flutter Mane|Flutter Mane, L50|100\/100\n|switch|p2a: Tatsugiri|Tatsugiri, L50, F|100\/100\n|switch|p2b: Garganacl|Garganacl, L50, F|100\/100\n|turn|1\n|\n|t:|1683328051\n|-terastallize|p1b: Flutter Mane|Fairy\n|move|p2a: Tatsugiri|Endure|p2a: Tatsugiri\n|-singleturn|p2a: Tatsugiri|move: Endure\n|move|p1a: Talonflame|Sunny Day|p1a: Talonflame\n|-weather|SunnyDay\n|-activate|p1b: Flutter Mane|ability: Protosynthesis\n|-start|p1b: Flutter Mane|protosynthesisspa\n|move|p1b: Flutter Mane|Moonblast|p2b: Garganacl\n|-ability|p2b: Garganacl|Sturdy\n|-damage|p2b: Garganacl|1\/100\n|move|p2b: Garganacl|Explosion|p1a: Talonflame|[spread] p2a,p1a,p1b\n|-enditem|p2b: Garganacl|Normal Gem|[from] gem\n|-activate|p2a: Tatsugiri|move: Endure\n|-damage|p2a: Tatsugiri|1\/100\n|-damage|p1a: Talonflame|0 fnt\n|-damage|p1b: Flutter Mane|0 fnt\n|faint|p2b: Garganacl\n|faint|p1a: Talonflame\n|faint|p1b: Flutter Mane\n|-end|p1b: Flutter Mane|Protosynthesis|[silent]\n|\n|-weather|SunnyDay|[upkeep]\n|-status|p2a: Tatsugiri|tox|[from] item: Toxic Orb\n|upkeep\n|c|\u2606rambah|...\n|\n|t:|1683328072\n|switch|p1a: Amoonguss|Amoonguss, L50, M|100\/100\n|switch|p1b: Iron Bundle|Iron Bundle, L50|100\/100\n|switch|p2b: Dondozo|Dondozo, L50, M|100\/100\n|-activate|p2a: Tatsugiri|ability: Commander|[of] p2b: Dondozo\n|-boost|p2b: Dondozo|atk|2\n|-boost|p2b: Dondozo|spa|2\n|-boost|p2b: Dondozo|spe|2\n|-boost|p2b: Dondozo|def|2\n|-boost|p2b: Dondozo|spd|2\n|turn|2\n|\n|t:|1683328079\n|move|p1b: Iron Bundle|Protect|p1b: Iron Bundle\n|-singleturn|p1b: Iron Bundle|Protect\n|move|p2b: Dondozo|Order Up|p1b: Iron Bundle\n|-activate|p1b: Iron Bundle|move: Protect\n|move|p1a: Amoonguss|Clear Smog|p2b: Dondozo\n|-damage|p2b: Dondozo|93\/100\n|-clearboost|p2b: Dondozo\n|\n|-weather|SunnyDay|[upkeep]\n|-heal|p2b: Dondozo|99\/100|[from] item: Leftovers\n|-damage|p2a: Tatsugiri|0 fnt|[from] psn\n|faint|p2a: Tatsugiri\n|upkeep\n|\n|t:|1683328083\n|switch|p2a: Flamigo|Flamigo, L50, M|100\/100\n|-copyboost|p2a: Flamigo|p2b: Dondozo|[from] ability: Costar\n|turn|3\n|\n|t:|1683328095\n|move|p1b: Iron Bundle|Freeze-Dry|p2b: Dondozo\n|-supereffective|p2b: Dondozo\n|-damage|p2b: Dondozo|26\/100\n|move|p2a: Flamigo|Acrobatics|p1a: Amoonguss\n|-supereffective|p1a: Amoonguss\n|-damage|p1a: Amoonguss|24\/100\n|-status|p2a: Flamigo|par|[from] ability: Effect Spore|[of] p1a: Amoonguss\n|-enditem|p1a: Amoonguss|Sitrus Berry|[eat]\n|-heal|p1a: Amoonguss|49\/100|[from] item: Sitrus Berry\n|move|p2b: Dondozo|Order Up|p1b: Iron Bundle\n|-damage|p1b: Iron Bundle|66\/100\n|-boost|p2b: Dondozo|atk|1\n|move|p1a: Amoonguss|Spore||[still]\n|-fail|p1a: Amoonguss\n|\n|-weather|SunnyDay|[upkeep]\n|-heal|p2b: Dondozo|32\/100|[from] item: Leftovers\n|upkeep\n|turn|4\n|\n|t:|1683328116\n|move|p1b: Iron Bundle|Freeze-Dry|p2a: Flamigo\n|-supereffective|p2a: Flamigo\n|-damage|p2a: Flamigo|0 fnt\n|faint|p2a: Flamigo\n|move|p2b: Dondozo|Order Up|p1b: Iron Bundle\n|-damage|p1b: Iron Bundle|23\/100\n|-boost|p2b: Dondozo|atk|1\n|move|p1a: Amoonguss|Pollen Puff|p1b: Iron Bundle\n|-heal|p1b: Iron Bundle|73\/100\n|\n|-weather|SunnyDay|[upkeep]\n|-heal|p2b: Dondozo|39\/100|[from] item: Leftovers\n|upkeep\n|turn|5\n|\n|t:|1683328124\n|move|p1b: Iron Bundle|Freeze-Dry|p2b: Dondozo\n|-supereffective|p2b: Dondozo\n|-damage|p2b: Dondozo|0 fnt\n|faint|p2b: Dondozo\n|\n|win|rambah\n|raw|rambah's rating: 1123 → 1144<\/strong> (+21 for winning)\n|raw|PinkRainbowMan's rating: 1073 → 1055<\/strong> (-18 for losing)\n|l|\u2606PinkRainbowMan\n","uploadtime":1683328172,"views":6,"p1id":"rambah","p2id":"pinkrainbowman","formatid":"gen9vgc2023regulationc","rating":1055,"private":0,"password":""}