{"id":"gen9vgc2023regulationc-1855425359","p1":"WillieDangerously","p2":"BubbleteaVGC789","format":"[Gen 9] VGC 2023 Regulation C","log":"|j|\u2606WillieDangerously\n|j|\u2606BubbleteaVGC789\n|t:|1682950214\n|gametype|doubles\n|player|p1|WillieDangerously|psychic-gen4|1285\n|player|p2|BubbleteaVGC789|170|1275\n|teamsize|p1|6\n|teamsize|p2|6\n|gen|9\n|tier|[Gen 9] VGC 2023 Regulation C\n|rated|\n|rule|Species Clause: Limit one of each Pok\u00e9mon\n|rule|Item Clause: Limit one of each item\n|clearpoke\n|poke|p1|Chien-Pao, L50|\n|poke|p1|Amoonguss, L50, M|\n|poke|p1|Palafin, L50, F|\n|poke|p1|Dragapult, L50, M|\n|poke|p1|Scream Tail, L50|\n|poke|p1|Arcanine, L50, M|\n|poke|p2|Palafin, L50, M|\n|poke|p2|Flutter Mane, L50|\n|poke|p2|Amoonguss, L50, M|\n|poke|p2|Arcanine, L50, F|\n|poke|p2|Iron Hands, L50|\n|poke|p2|Iron Bundle, L50|\n|teampreview|4\n|inactive|Battle timer is ON: inactive players will automatically lose when time's up. (requested by BubbleteaVGC789)\n|inactive|WillieDangerously has 60 seconds left.\n|inactive|BubbleteaVGC789 has 60 seconds left.\n|\n|t:|1682950259\n|start\n|switch|p1a: Dragapult|Dragapult, L50, M|100\/100\n|switch|p1b: Amoonguss|Amoonguss, L50, M|100\/100\n|switch|p2a: Palafin|Palafin, L50, M|100\/100\n|switch|p2b: Iron Hands|Iron Hands, L50|100\/100\n|turn|1\n|inactive|WillieDangerously has 30 seconds left.\n|inactive|WillieDangerously has 20 seconds left.\n|inactive|WillieDangerously has 15 seconds left.\n|\n|t:|1682950301\n|detailschange|p2a: Palafin|Palafin-Hero, L50, M\n|switch|p2a: Arcanine|Arcanine, L50, F|100\/100\n|-ability|p2a: Arcanine|Intimidate|boost\n|-fail|p1a: Dragapult|unboost|[from] ability: Clear Body|[of] p1a: Dragapult\n|-unboost|p1b: Amoonguss|atk|1\n|move|p2b: Iron Hands|Fake Out|p1b: Amoonguss\n|-damage|p1b: Amoonguss|83\/100\n|-damage|p2b: Iron Hands|84\/100|[from] item: Rocky Helmet|[of] p1b: Amoonguss\n|move|p1a: Dragapult|Will-O-Wisp|p2b: Iron Hands\n|-status|p2b: Iron Hands|brn\n|cant|p1b: Amoonguss|flinch\n|\n|-damage|p2b: Iron Hands|78\/100 brn|[from] brn\n|upkeep\n|turn|2\n|inactive|WillieDangerously has 30 seconds left.\n|inactive|BubbleteaVGC789 has 30 seconds left.\n|inactive|BubbleteaVGC789 has 20 seconds left.\n|inactive|BubbleteaVGC789 has 15 seconds left.\n|\n|t:|1682950341\n|-terastallize|p1b: Amoonguss|Fire\n|move|p1a: Dragapult|Dragon Darts|p2a: Arcanine\n|-damage|p2a: Arcanine|75\/100\n|-anim|p1a: Dragapult|Dragon Darts|p2b: Iron Hands\n|-damage|p2b: Iron Hands|61\/100 brn\n|move|p2a: Arcanine|Flare Blitz|p1b: Amoonguss\n|-resisted|p1b: Amoonguss\n|-damage|p1b: Amoonguss|53\/100\n|-damage|p2a: Arcanine|58\/100|[from] item: Rocky Helmet|[of] p1b: Amoonguss\n|-damage|p2a: Arcanine|47\/100|[from] Recoil\n|move|p2b: Iron Hands|Volt Switch|p1a: Dragapult\n|-resisted|p1a: Dragapult\n|-damage|p1a: Dragapult|91\/100\n|\n|t:|1682950357\n|-end|p2b: Iron Hands|Quark Drive|[silent]\n|switch|p2b: Flutter Mane|Flutter Mane, L50|100\/100|[from] Volt Switch\n|move|p1b: Amoonguss|Spore|p2a: Arcanine\n|-activate|p2a: Arcanine|item: Safety Goggles|Spore\n|\n|upkeep\n|turn|3\n|inactive|WillieDangerously has 30 seconds left.\n|\n|t:|1682950383\n|move|p1a: Dragapult|Protect|p1a: Dragapult\n|-singleturn|p1a: Dragapult|Protect\n|move|p2b: Flutter Mane|Dazzling Gleam|p1b: Amoonguss|[spread] p1b\n|-activate|p1a: Dragapult|move: Protect\n|-resisted|p1b: Amoonguss\n|-damage|p1b: Amoonguss|36\/100\n|move|p2a: Arcanine|Flare Blitz|p1a: Dragapult\n|-activate|p1a: Dragapult|move: Protect\n|move|p1b: Amoonguss|Spore|p2b: Flutter Mane\n|-status|p2b: Flutter Mane|slp|[from] move: Spore\n|\n|upkeep\n|turn|4\n|\n|t:|1682950400\n|switch|p1b: Chien-Pao|Chien-Pao, L50|100\/100\n|-ability|p1b: Chien-Pao|Sword of Ruin\n|move|p1a: Dragapult|Dragon Darts|p2a: Arcanine\n|-damage|p2a: Arcanine|15\/100\n|-anim|p1a: Dragapult|Dragon Darts|p2a: Arcanine\n|-damage|p2a: Arcanine|0 fnt\n|faint|p2a: Arcanine\n|cant|p2b: Flutter Mane|slp\n|\n|upkeep\n|\n|t:|1682950413\n|switch|p2a: Iron Hands|Iron Hands, L50|61\/100 brn\n|turn|5\n|\n|t:|1682950425\n|switch|p1b: Amoonguss|Amoonguss, L50, M, tera:Fire|69\/100\n|move|p2a: Iron Hands|Fake Out|p1b: Amoonguss\n|-damage|p1b: Amoonguss|61\/100\n|-damage|p2a: Iron Hands|45\/100 brn|[from] item: Rocky Helmet|[of] p1b: Amoonguss\n|move|p1a: Dragapult|Dragon Darts|p2a: Iron Hands\n|-damage|p2a: Iron Hands|28\/100 brn\n|-anim|p1a: Dragapult|Dragon Darts|p2a: Iron Hands\n|-damage|p2a: Iron Hands|11\/100 brn\n|-curestatus|p2b: Flutter Mane|slp|[msg]\n|move|p2b: Flutter Mane|Dazzling Gleam|p1b: Amoonguss|[spread] p1a,p1b\n|-supereffective|p1a: Dragapult\n|-resisted|p1b: Amoonguss\n|-damage|p1a: Dragapult|0 fnt\n|-damage|p1b: Amoonguss|46\/100\n|faint|p1a: Dragapult\n|\n|-damage|p2a: Iron Hands|5\/100 brn|[from] brn\n|upkeep\n|\n|t:|1682950440\n|switch|p1a: Chien-Pao|Chien-Pao, L50|100\/100\n|-ability|p1a: Chien-Pao|Sword of Ruin\n|turn|6\n|\n|t:|1682950462\n|-end|p2b: Flutter Mane|Protosynthesis|[silent]\n|switch|p2b: Palafin|Palafin-Hero, L50, M|100\/100\n|-activate|p2b: Palafin|ability: Zero to Hero\n|move|p1a: Chien-Pao|Protect|p1a: Chien-Pao\n|-singleturn|p1a: Chien-Pao|Protect\n|move|p2a: Iron Hands|Drain Punch|p1a: Chien-Pao\n|-activate|p1a: Chien-Pao|move: Protect\n|move|p1b: Amoonguss|Giga Drain|p2b: Palafin\n|-supereffective|p2b: Palafin\n|-damage|p2b: Palafin|48\/100\n|-heal|p1b: Amoonguss|67\/100|[from] drain|[of] p2b: Palafin\n|\n|-damage|p2a: Iron Hands|0 fnt|[from] brn\n|faint|p2a: Iron Hands\n|-end|p2a: Iron Hands|Quark Drive|[silent]\n|upkeep\n|\n|t:|1682950479\n|switch|p2a: Flutter Mane|Flutter Mane, L50|100\/100\n|turn|7\n|inactive|WillieDangerously has 30 seconds left.\n|inactive|BubbleteaVGC789 has 30 seconds left.\n|inactive|WillieDangerously has 20 seconds left.\n|\n|t:|1682950518\n|-terastallize|p2b: Palafin|Water\n|move|p2b: Palafin|Jet Punch|p1a: Chien-Pao\n|-damage|p1a: Chien-Pao|18\/100\n|move|p1a: Chien-Pao|Crunch|p2a: Flutter Mane\n|-damage|p2a: Flutter Mane|0 fnt\n|faint|p2a: Flutter Mane\n|-end|p2a: Flutter Mane|Protosynthesis|[silent]\n|move|p1b: Amoonguss|Giga Drain|p2b: Palafin\n|-supereffective|p2b: Palafin\n|-damage|p2b: Palafin|0 fnt\n|-heal|p1b: Amoonguss|86\/100|[from] drain|[of] p2b: Palafin\n|faint|p2b: Palafin\n|\n|win|WillieDangerously\n|raw|WillieDangerously's rating: 1285 → 1309<\/strong> (+24 for winning)\n|raw|BubbleteaVGC789's rating: 1275 → 1251<\/strong> (-24 for losing)\n","uploadtime":1682950535,"views":21,"p1id":"williedangerously","p2id":"bubbleteavgc789","formatid":"gen9vgc2023regulationc","rating":1251,"private":0,"password":""}