{"id":"gen9vgc2023regulationc-1847402903","p1":"ANTIVALLEY","p2":"vargalicious","format":"[Gen 9] VGC 2023 Regulation C","log":"|j|\u2606ANTIVALLEY\n|j|\u2606vargalicious\n|t:|1681950990\n|gametype|doubles\n|player|p1|ANTIVALLEY|penny|1322\n|player|p2|vargalicious|darach-caitlin|1294\n|teamsize|p1|6\n|teamsize|p2|6\n|gen|9\n|tier|[Gen 9] VGC 2023 Regulation C\n|rated|\n|rule|Species Clause: Limit one of each Pok\u00e9mon\n|rule|Item Clause: Limit one of each item\n|clearpoke\n|poke|p1|Orthworm, L50, F|\n|poke|p1|Dragonite, L50, M|\n|poke|p1|Ting-Lu, L50|\n|poke|p1|Gyarados, L50, F|\n|poke|p1|Flutter Mane, L50|\n|poke|p1|Chien-Pao, L50|\n|poke|p2|Hatterene, L50, F|\n|poke|p2|Hariyama, L50, M|\n|poke|p2|Oranguru, L50, M|\n|poke|p2|Torkoal, L50, M|\n|poke|p2|Kingambit, L50, M|\n|poke|p2|Indeedee-F, L50, F|\n|teampreview|4\nANTIVALLEY rejected open team sheets.\n|\n|t:|1681951036\n|start\n|switch|p1a: Orthworm|Orthworm, L50, F|100\/100\n|switch|p1b: Ting-Lu|Ting-Lu, L50|100\/100\n|switch|p2a: Hariyama|Hariyama, L50, M|100\/100\n|switch|p2b: Oranguru|Oranguru, L50, M|100\/100\n|-ability|p1b: Ting-Lu|Vessel of Ruin\n|turn|1\n|\n|t:|1681951056\n|move|p2a: Hariyama|Fake Out|p1a: Orthworm\n|-resisted|p1a: Orthworm\n|-damage|p1a: Orthworm|96\/100\n|move|p1b: Ting-Lu|Earthquake|p2a: Hariyama|[spread] p2a,p2b\n|-heal|p1a: Orthworm|100\/100|[from] ability: Earth Eater|[of] p1b: Ting-Lu\n|-damage|p2a: Hariyama|46\/100\n|-damage|p2b: Oranguru|59\/100\n|cant|p1a: Orthworm|flinch\n|move|p2b: Oranguru|Trick Room|p2b: Oranguru\n|-fieldstart|move: Trick Room|[of] p2b: Oranguru\n|\n|-status|p2a: Hariyama|brn|[from] item: Flame Orb\n|upkeep\n|turn|2\n|\n|t:|1681951094\n|switch|p1a: Gyarados|Gyarados, L50, F|100\/100\n|-ability|p1a: Gyarados|Intimidate|boost\n|-unboost|p2a: Hariyama|atk|1\n|-fail|p2b: Oranguru|unboost|Attack|[from] ability: Inner Focus|[of] p2b: Oranguru\n|-terastallize|p1b: Ting-Lu|Water\n|move|p2a: Hariyama|Close Combat|p1b: Ting-Lu\n|-damage|p1b: Ting-Lu|56\/100\n|-unboost|p2a: Hariyama|def|1\n|-unboost|p2a: Hariyama|spd|1\n|move|p2b: Oranguru|Instruct|p2a: Hariyama\n|-singleturn|p2a: Hariyama|move: Instruct|[of] p2b: Oranguru\n|move|p2a: Hariyama|Close Combat|p1b: Ting-Lu\n|-damage|p1b: Ting-Lu|14\/100\n|-unboost|p2a: Hariyama|def|1\n|-unboost|p2a: Hariyama|spd|1\n|move|p1b: Ting-Lu|Earthquake|p2b: Oranguru|[spread] p2a,p2b\n|-immune|p1a: Gyarados\n|-crit|p2a: Hariyama\n|-damage|p2a: Hariyama|0 fnt\n|-damage|p2b: Oranguru|14\/100\n|-enditem|p2b: Oranguru|Sitrus Berry|[eat]\n|-heal|p2b: Oranguru|39\/100|[from] item: Sitrus Berry\n|faint|p2a: Hariyama\n|\n|upkeep\n|\n|t:|1681951121\n|switch|p2a: Hatterene|Hatterene, L50, F|100\/100\n|turn|3\n|\n|t:|1681951135\n|move|p2a: Hatterene|Dazzling Gleam|p1b: Ting-Lu|[spread] p1a,p1b\n|-damage|p1a: Gyarados|75\/100\n|-damage|p1b: Ting-Lu|0 fnt\n|faint|p1b: Ting-Lu\n|-damage|p2a: Hatterene|91\/100|[from] item: Life Orb\n|move|p2b: Oranguru|Instruct|p2a: Hatterene\n|-singleturn|p2a: Hatterene|move: Instruct|[of] p2b: Oranguru\n|move|p2a: Hatterene|Dazzling Gleam|p1a: Gyarados\n|-damage|p1a: Gyarados|23\/100\n|-damage|p2a: Hatterene|82\/100|[from] item: Life Orb\n|move|p1a: Gyarados|Taunt|p2b: Oranguru\n|-start|p2b: Oranguru|move: Taunt\n|\n|upkeep\n|\n|t:|1681951179\n|switch|p1b: Orthworm|Orthworm, L50, F|100\/100\n|turn|4\n|\n|t:|1681951200\n|move|p2a: Hatterene|Dazzling Gleam|p1a: Gyarados|[spread] p1a,p1b\n|-resisted|p1b: Orthworm\n|-damage|p1a: Gyarados|0 fnt\n|-damage|p1b: Orthworm|74\/100\n|faint|p1a: Gyarados\n|-damage|p2a: Hatterene|72\/100|[from] item: Life Orb\n|move|p2b: Oranguru|Psychic|p1b: Orthworm\n|-resisted|p1b: Orthworm\n|-damage|p1b: Orthworm|57\/100\n|move|p1b: Orthworm|Heavy Slam|p2a: Hatterene\n|-supereffective|p2a: Hatterene\n|-damage|p2a: Hatterene|0 fnt\n|faint|p2a: Hatterene\n|\n|upkeep\n|\n|t:|1681951212\n|switch|p2a: Torkoal|Torkoal, L50, M|100\/100\n|switch|p1a: Dragonite|Dragonite, L50, M|100\/100\n|-weather|SunnyDay|[from] ability: Drought|[of] p2a: Torkoal\n|turn|5\n|\n|t:|1681951248\n|-terastallize|p2a: Torkoal|Fire\n|move|p2a: Torkoal|Eruption|p1a: Dragonite|[spread] p1a,p1b\n|-resisted|p1a: Dragonite\n|-supereffective|p1b: Orthworm\n|-damage|p1a: Dragonite|71\/100\n|-damage|p1b: Orthworm|0 fnt\n|faint|p1b: Orthworm\n|move|p2b: Oranguru|Psychic|p1a: Dragonite\n|-damage|p1a: Dragonite|42\/100\n|move|p1a: Dragonite|Dragon Dance|p1a: Dragonite\n|-boost|p1a: Dragonite|atk|1\n|-boost|p1a: Dragonite|spe|1\n|\n|-weather|SunnyDay|[upkeep]\n|-fieldend|move: Trick Room\n|upkeep\n|turn|6\n|\n|t:|1681951264\n|move|p1a: Dragonite|Earthquake|p2b: Oranguru|[spread] p2a,p2b\n|-supereffective|p2a: Torkoal\n|-damage|p2a: Torkoal|46\/100\n|-damage|p2b: Oranguru|8\/100\n|move|p2b: Oranguru|Psychic|p1a: Dragonite\n|-damage|p1a: Dragonite|11\/100\n|move|p2a: Torkoal|Flamethrower|p1a: Dragonite\n|-resisted|p1a: Dragonite\n|-damage|p1a: Dragonite|0 fnt\n|faint|p1a: Dragonite\n|\n|win|vargalicious\n|raw|ANTIVALLEY's rating: 1322 → 1300<\/strong> (-22 for losing)\n|raw|vargalicious's rating: 1294 → 1321<\/strong> (+27 for winning)\n","uploadtime":1681951270,"views":9,"p1id":"antivalley","p2id":"vargalicious","formatid":"gen9vgc2023regulationc","rating":1300,"private":0,"password":""}