{"id":"gen9vgc2023regulationc-1863999143","p1":"AndrwApple","p2":"Felipe.Miller.V","format":"[Gen 9] VGC 2023 Regulation C","log":"|j|\u2606AndrwApple\n|j|\u2606Felipe.Miller.V\n|t:|1684103284\n|gametype|doubles\n|player|p1|AndrwApple|acetrainerf-gen7|1771\n|player|p2|Felipe.Miller.V|plasmagrunt-gen5bw|1685\n|teamsize|p1|6\n|teamsize|p2|6\n|gen|9\n|tier|[Gen 9] VGC 2023 Regulation C\n|rated|\n|rule|Species Clause: Limit one of each Pok\u00e9mon\n|rule|Item Clause: Limit one of each item\n|clearpoke\n|poke|p1|Baxcalibur, L50, M|\n|poke|p1|Iron Bundle, L50|\n|poke|p1|Flutter Mane, L50|\n|poke|p1|Annihilape, L50, M|\n|poke|p1|Arcanine, L50, M|\n|poke|p1|Abomasnow, L50, F|\n|poke|p2|Flutter Mane, L50|\n|poke|p2|Chi-Yu, L50|\n|poke|p2|Mimikyu, L50, M|\n|poke|p2|Maushold, L50|\n|poke|p2|Iron Hands, L50|\n|poke|p2|Torkoal, L50, M|\n|teampreview|4\n|l|\u2606AndrwApple\n|player|p1|\n|j|\u2606AndrwApple\n|player|p1|AndrwApple|acetrainerf-gen7\n|\n|t:|1684103317\n|start\n|switch|p1a: Baxcalibur|Baxcalibur, L50, M|100\/100\n|switch|p1b: Arcanine|Arcanine, L50, M|100\/100\n|switch|p2a: Flutter Mane|Flutter Mane, L50, shiny|100\/100\n|switch|p2b: Iron Hands|Iron Hands, L50|100\/100\n|-ability|p1b: Arcanine|Intimidate|boost\n|-unboost|p2a: Flutter Mane|atk|1\n|-unboost|p2b: Iron Hands|atk|1\n|-enditem|p2b: Iron Hands|Booster Energy\n|-activate|p2b: Iron Hands|ability: Quark Drive|[fromitem]\n|-start|p2b: Iron Hands|quarkdriveatk\n|turn|1\n|\n|t:|1684103340\n|-terastallize|p1a: Baxcalibur|Ground\n|-terastallize|p2b: Iron Hands|Fire\n|move|p2b: Iron Hands|Fake Out|p1a: Baxcalibur\n|-damage|p1a: Baxcalibur|87\/100\n|move|p1b: Arcanine|Flare Blitz|p2a: Flutter Mane\n|-damage|p2a: Flutter Mane|35\/100\n|-damage|p1b: Arcanine|83\/100|[from] Recoil\n|cant|p1a: Baxcalibur|flinch\n|move|p2a: Flutter Mane|Trick Room|p2a: Flutter Mane\n|-fieldstart|move: Trick Room|[of] p2a: Flutter Mane\n|\n|upkeep\n|turn|2\n|j| HalfGallon67\n|\n|t:|1684103355\n|move|p1b: Arcanine|Protect|p1b: Arcanine\n|-singleturn|p1b: Arcanine|Protect\n|move|p2b: Iron Hands|Drain Punch|p1b: Arcanine\n|-activate|p1b: Arcanine|move: Protect\n|move|p2a: Flutter Mane|Dazzling Gleam|p1b: Arcanine|[spread] p1a\n|-activate|p1b: Arcanine|move: Protect\n|-damage|p1a: Baxcalibur|70\/100\n|move|p1a: Baxcalibur|Earthquake|p2b: Iron Hands|[spread] p2a,p2b\n|-activate|p1b: Arcanine|move: Protect\n|-supereffective|p2b: Iron Hands\n|-damage|p2a: Flutter Mane|0 fnt\n|-damage|p2b: Iron Hands|41\/100\n|faint|p2a: Flutter Mane\n|-end|p2a: Flutter Mane|Protosynthesis|[silent]\n|\n|upkeep\n|\n|t:|1684103369\n|switch|p2a: Torkoal|Torkoal, L50, M, shiny|100\/100\n|-weather|SunnyDay|[from] ability: Drought|[of] p2a: Torkoal\n|turn|3\n|\n|t:|1684103381\n|move|p1b: Arcanine|Extreme Speed|p2a: Torkoal\n|-damage|p2a: Torkoal|81\/100\n|move|p2a: Torkoal|Eruption|p1b: Arcanine|[spread] p1a,p1b\n|-resisted|p1b: Arcanine\n|-damage|p1a: Baxcalibur|13\/100\n|-damage|p1b: Arcanine|34\/100\n|-ability|p1a: Baxcalibur|Thermal Exchange|boost\n|-boost|p1a: Baxcalibur|atk|1\n|move|p2b: Iron Hands|Drain Punch|p1a: Baxcalibur\n|-damage|p1a: Baxcalibur|0 fnt\n|-heal|p2b: Iron Hands|46\/100|[from] drain|[of] p1a: Baxcalibur\n|faint|p1a: Baxcalibur\n|\n|-weather|SunnyDay|[upkeep]\n|upkeep\n|\n|t:|1684103389\n|switch|p1a: Flutter Mane|Flutter Mane, L50|100\/100\n|-activate|p1a: Flutter Mane|ability: Protosynthesis\n|-start|p1a: Flutter Mane|protosynthesisspe\n|turn|4\n|\n|t:|1684103403\n|move|p1b: Arcanine|Protect|p1b: Arcanine\n|-singleturn|p1b: Arcanine|Protect\n|move|p1a: Flutter Mane|Protect|p1a: Flutter Mane\n|-singleturn|p1a: Flutter Mane|Protect\n|move|p2a: Torkoal|Eruption|p1b: Arcanine|[spread] \n|-activate|p1a: Flutter Mane|move: Protect\n|-activate|p1b: Arcanine|move: Protect\n|move|p2b: Iron Hands|Fire Punch|p1a: Flutter Mane\n|-activate|p1a: Flutter Mane|move: Protect\n|\n|-weather|SunnyDay|[upkeep]\n|upkeep\n|turn|5\n|\n|t:|1684103416\n|move|p1a: Flutter Mane|Protect||[still]\n|-fail|p1a: Flutter Mane\n|move|p1b: Arcanine|Extreme Speed|p2a: Torkoal\n|-damage|p2a: Torkoal|62\/100\n|move|p2a: Torkoal|Eruption|p1a: Flutter Mane|[spread] p1a,p1b\n|-crit|p1a: Flutter Mane\n|-resisted|p1b: Arcanine\n|-damage|p1a: Flutter Mane|5\/100\n|-damage|p1b: Arcanine|0 fnt\n|faint|p1b: Arcanine\n|move|p2b: Iron Hands|Fire Punch|p1a: Flutter Mane\n|-damage|p1a: Flutter Mane|0 fnt\n|faint|p1a: Flutter Mane\n|-end|p1a: Flutter Mane|Protosynthesis|[silent]\n|\n|-weather|SunnyDay|[upkeep]\n|-fieldend|move: Trick Room\n|upkeep\n|l| HalfGallon67\n|\n|t:|1684103419\n|switch|p1b: Iron Bundle|Iron Bundle, L50|100\/100\n|turn|6\n|j| HalfGallon67\n|c|\u2606AndrwApple|Let's go double freeze\n|\n|t:|1684103436\n|move|p1b: Iron Bundle|Blizzard|p2a: Torkoal|[spread] p2a\n|-miss|p1b: Iron Bundle|p2b: Iron Hands\n|-resisted|p2a: Torkoal\n|-damage|p2a: Torkoal|17\/100\n|move|p2b: Iron Hands|Thunder Punch|p1b: Iron Bundle\n|-supereffective|p1b: Iron Bundle\n|-damage|p1b: Iron Bundle|0 fnt\n|faint|p1b: Iron Bundle\n|-end|p1b: Iron Bundle|Quark Drive|[silent]\n|\n|win|Felipe.Miller.V\n|raw|AndrwApple's rating: 1771 → 1746<\/strong> (-25 for losing)\n|raw|Felipe.Miller.V's rating: 1685 → 1710<\/strong> (+25 for winning)\n|c|\u2606AndrwApple|Gg\n|c|\u2606Felipe.Miller.V|gg\n|l|\u2606AndrwApple\n|l|\u2606Felipe.Miller.V\n","uploadtime":1684103461,"views":7,"p1id":"andrwapple","p2id":"felipemillerv","formatid":"gen9vgc2023regulationc","rating":1710,"private":0,"password":""}