{"id":"gen9vgc2023regulationc-1860116640","p1":"ice ice lol","p2":"P OMEGALUL L","format":"[Gen 9] VGC 2023 Regulation C","log":"|j|\u2606ice ice lol\n|j|\u2606P OMEGALUL L\n|t:|1683597135\n|gametype|doubles\n|player|p1|ice ice lol|rocketgrunt|\n|player|p2|P OMEGALUL L|2|\n|teamsize|p1|6\n|teamsize|p2|6\n|gen|9\n|tier|[Gen 9] VGC 2023 Regulation C\n|rated|Tournament battle\n|rule|Species Clause: Limit one of each Pok\u00e9mon\n|rule|Item Clause: Limit one of each item\n|clearpoke\n|poke|p1|Torkoal, L50, F|\n|poke|p1|Flutter Mane, L50|\n|poke|p1|Kingambit, L50, F|\n|poke|p1|Dragonite, L50, F|\n|poke|p1|Great Tusk, L50|\n|poke|p1|Leafeon, L50, F|\n|poke|p2|Iron Bundle, L50|\n|poke|p2|Abomasnow, L50, M|\n|poke|p2|Annihilape, L50, F|\n|poke|p2|Maushold-Four, L50|\n|poke|p2|Ting-Lu, L50|\n|poke|p2|Great Tusk, L50|\n|teampreview|4\n|c|\u2606P OMEGALUL L|gl hf\n|j| dashrekawanobi\nP OMEGALUL L has agreed to open team sheets.\n|inactive|Battle timer is ON: inactive players will automatically lose when time's up. (requested by P OMEGALUL L)\n|c| dashrekawanobi|dont lose ice\n|c| dashrekawanobi|and both of you\n|c|\u2606ice ice lol|glhf\n|c| dashrekawanobi|go all out!\n|c| dashrekawanobi|its obama\n|inactive|P OMEGALUL L has 60 seconds left.\n|inactive|P OMEGALUL L has 30 seconds left.\n|\n|t:|1683597214\n|start\n|switch|p1a: Torkoal|Torkoal, L50, F, shiny|100\/100\n|switch|p1b: Leafeon|Leafeon, L50, F, shiny|100\/100\n|switch|p2a: Maushold|Maushold-Four, L50|100\/100\n|switch|p2b: Annihilape|Annihilape, L50, F|100\/100\n|-weather|SunnyDay|[from] ability: Drought|[of] p1a: Torkoal\n|turn|1\n|c| dashrekawanobi|ive seen this strat\n|c| dashrekawanobi|its easy to beat\n|c|\u2606ice ice lol|shhh\n|inactive|ice ice lol has 30 seconds left.\n|c| dashrekawanobi|aight\n|inactive|ice ice lol has 20 seconds left.\n|inactive|ice ice lol has 15 seconds left.\n|\n|t:|1683597256\n|-terastallize|p2b: Annihilape|Fire\n|move|p2a: Maushold|Protect|p2a: Maushold\n|-singleturn|p2a: Maushold|Protect\n|move|p1b: Leafeon|Leaf Blade|p2a: Maushold\n|-activate|p2a: Maushold|move: Protect\n|move|p2b: Annihilape|Bulk Up|p2b: Annihilape\n|-boost|p2b: Annihilape|atk|1\n|-boost|p2b: Annihilape|def|1\n|move|p1a: Torkoal|Eruption|p2a: Maushold|[spread] p2b\n|-activate|p2a: Maushold|move: Protect\n|-resisted|p2b: Annihilape\n|-damage|p2b: Annihilape|74\/100\n|\n|-weather|SunnyDay|[upkeep]\n|-heal|p2b: Annihilape|80\/100|[from] item: Leftovers\n|upkeep\n|turn|2\n|\n|t:|1683597277\n|-terastallize|p1b: Leafeon|Fire\n|move|p1a: Torkoal|Protect|p1a: Torkoal\n|-singleturn|p1a: Torkoal|Protect\n|move|p2a: Maushold|Follow Me|p2a: Maushold\n|-singleturn|p2a: Maushold|move: Follow Me\n|move|p1b: Leafeon|Yawn|p2a: Maushold\n|-start|p2a: Maushold|move: Yawn|[of] p1b: Leafeon\n|move|p2b: Annihilape|Rage Fist|p1a: Torkoal\n|-activate|p1a: Torkoal|move: Protect\n|\n|-weather|SunnyDay|[upkeep]\n|-heal|p2b: Annihilape|86\/100|[from] item: Leftovers\n|upkeep\n|turn|3\n|inactive|P OMEGALUL L has 30 seconds left.\n|\n|t:|1683597311\n|switch|p2a: Abomasnow|Abomasnow, L50, M|100\/100\n|-weather|Snow|[from] ability: Snow Warning|[of] p2a: Abomasnow\n|move|p1b: Leafeon|Protect|p1b: Leafeon\n|-singleturn|p1b: Leafeon|Protect\n|move|p2b: Annihilape|Rage Fist|p1a: Torkoal\n|-damage|p1a: Torkoal|50\/100\n|move|p1a: Torkoal|Earth Power|p2b: Annihilape\n|-supereffective|p2b: Annihilape\n|-damage|p2b: Annihilape|48\/100\n|\n|-weather|Snow|[upkeep]\n|-heal|p2b: Annihilape|54\/100|[from] item: Leftovers\n|upkeep\n|turn|4\n|j| N0vantic\n|l| N0vantic\n|c| dashrekawanobi|ice\n|c| dashrekawanobi|dont fuck up\n|inactive|ice ice lol has 30 seconds left.\n|inactive|P OMEGALUL L has 30 seconds left.\n|\n|t:|1683597345\n|move|p1a: Torkoal|Protect|p1a: Torkoal\n|-singleturn|p1a: Torkoal|Protect\n|move|p1b: Leafeon|Yawn|p2b: Annihilape\n|-start|p2b: Annihilape|move: Yawn|[of] p1b: Leafeon\n|move|p2a: Abomasnow|Aurora Veil|p2a: Abomasnow\n|-sidestart|p2: P OMEGALUL L|move: Aurora Veil\n|move|p2b: Annihilape|Rage Fist|p1a: Torkoal\n|-activate|p1a: Torkoal|move: Protect\n|\n|-weather|Snow|[upkeep]\n|-heal|p2b: Annihilape|60\/100|[from] item: Leftovers\n|upkeep\n|turn|5\n|\n|t:|1683597361\n|move|p1b: Leafeon|Tera Blast|p2a: Abomasnow\n|-supereffective|p2a: Abomasnow\n|-crit|p2a: Abomasnow\n|-enditem|p2a: Abomasnow|Focus Sash\n|-damage|p2a: Abomasnow|1\/100\n|-damage|p1b: Leafeon|91\/100|[from] item: Life Orb\n|move|p2a: Abomasnow|Blizzard|p1b: Leafeon|[spread] p1a,p1b\n|-resisted|p1a: Torkoal\n|-resisted|p1b: Leafeon\n|-damage|p1a: Torkoal|26\/100\n|-damage|p1b: Leafeon|66\/100\n|move|p2b: Annihilape|Rage Fist|p1a: Torkoal\n|-damage|p1a: Torkoal|0 fnt\n|faint|p1a: Torkoal\n|\n|-weather|Snow|[upkeep]\n|-heal|p2b: Annihilape|66\/100|[from] item: Leftovers\n|-end|p2b: Annihilape|move: Yawn|[silent]\n|-status|p2b: Annihilape|slp\n|upkeep\n|\n|t:|1683597372\n|switch|p1a: Great Tusk|Great Tusk, L50, shiny|100\/100\n|turn|6\n|c| dashrekawanobi|sash.\n|c| dashrekawanobi|sash obama\n|inactive|P OMEGALUL L has 30 seconds left.\n|\n|t:|1683597401\n|move|p1b: Leafeon|Protect|p1b: Leafeon\n|-singleturn|p1b: Leafeon|Protect\n|move|p2a: Abomasnow|Protect|p2a: Abomasnow\n|-singleturn|p2a: Abomasnow|Protect\n|move|p1a: Great Tusk|Earthquake|p2b: Annihilape|[spread] p2b\n|-activate|p1b: Leafeon|move: Protect\n|-activate|p2a: Abomasnow|move: Protect\n|-supereffective|p2b: Annihilape\n|-damage|p2b: Annihilape|36\/100 slp\n|cant|p2b: Annihilape|slp\n|\n|-weather|Snow|[upkeep]\n|-heal|p2b: Annihilape|42\/100 slp|[from] item: Leftovers\n|upkeep\n|turn|7\n|inactive|P OMEGALUL L has 30 seconds left.\n|inactive|ice ice lol has 30 seconds left.\n|\n|t:|1683597446\n|switch|p2a: Maushold|Maushold-Four, L50|100\/100\n|move|p1b: Leafeon|Protect|p1b: Leafeon\n|-singleturn|p1b: Leafeon|Protect\n|move|p1a: Great Tusk|Earthquake|p2a: Maushold|[spread] p2a,p2b\n|-activate|p1b: Leafeon|move: Protect\n|-supereffective|p2b: Annihilape\n|-damage|p2a: Maushold|75\/100\n|-damage|p2b: Annihilape|16\/100 slp\n|cant|p2b: Annihilape|slp\n|\n|-weather|none\n|-heal|p2b: Annihilape|22\/100 slp|[from] item: Leftovers\n|upkeep\n|turn|8\n|c| dashrekawanobi|what\n|inactive|P OMEGALUL L has 30 seconds left.\n|\n|t:|1683597472\n|cant|p2b: Annihilape|slp\n|move|p1a: Great Tusk|Earthquake|p2a: Maushold|[spread] p1b,p2a,p2b\n|-supereffective|p1b: Leafeon\n|-supereffective|p2b: Annihilape\n|-crit|p2b: Annihilape\n|-damage|p1b: Leafeon|6\/100\n|-damage|p2a: Maushold|50\/100\n|-damage|p2b: Annihilape|0 fnt\n|faint|p2b: Annihilape\n|move|p2a: Maushold|Super Fang|p1a: Great Tusk\n|-damage|p1a: Great Tusk|50\/100\n|move|p1b: Leafeon|Yawn|p2a: Maushold\n|-start|p2a: Maushold|move: Yawn|[of] p1b: Leafeon\n|\n|-sideend|p2: P OMEGALUL L|move: Aurora Veil\n|upkeep\n|c|\u2606P OMEGALUL L|my god\n|\n|t:|1683597485\n|switch|p2b: Iron Bundle|Iron Bundle, L50|100\/100\n|-enditem|p2b: Iron Bundle|Booster Energy\n|-activate|p2b: Iron Bundle|ability: Quark Drive|[fromitem]\n|-start|p2b: Iron Bundle|quarkdrivespe\n|turn|9\n|\n|t:|1683597496\n|switch|p2a: Abomasnow|Abomasnow, L50, M|1\/100\n|-weather|Snow|[from] ability: Snow Warning|[of] p2a: Abomasnow\n|move|p1b: Leafeon|Protect|p1b: Leafeon\n|-singleturn|p1b: Leafeon|Protect\n|move|p2b: Iron Bundle|Blizzard|p1b: Leafeon|[spread] p1a\n|-activate|p1b: Leafeon|move: Protect\n|-supereffective|p1a: Great Tusk\n|-damage|p1a: Great Tusk|0 fnt\n|faint|p1a: Great Tusk\n|-end|p1a: Great Tusk|Protosynthesis|[silent]\n|\n|-weather|Snow|[upkeep]\n|upkeep\n|\n|t:|1683597501\n|switch|p1a: Flutter Mane|Flutter Mane, L50, shiny|100\/100\n|turn|10\n|c| dashrekawanobi|ice\n|c| dashrekawanobi|dont lose\n|c| dashrekawanobi|please\n|c| dashrekawanobi|dont\n|inactive|ice ice lol has 30 seconds left.\n|\n|t:|1683597529\n|switch|p2a: Maushold|Maushold-Four, L50|50\/100\n|move|p2b: Iron Bundle|Blizzard|p1a: Flutter Mane|[spread] p1a,p1b\n|-resisted|p1b: Leafeon\n|-damage|p1a: Flutter Mane|61\/100\n|-damage|p1b: Leafeon|0 fnt\n|faint|p1b: Leafeon\n|move|p1a: Flutter Mane|Moonblast|p2b: Iron Bundle\n|-damage|p2b: Iron Bundle|0 fnt\n|faint|p2b: Iron Bundle\n|-end|p2b: Iron Bundle|Quark Drive|[silent]\n|\n|-weather|Snow|[upkeep]\n|upkeep\n|j| glowbrogang\n|\n|t:|1683597542\n|switch|p2b: Abomasnow|Abomasnow, L50, M|1\/100\n|turn|11\n|j| TTT x\n|c| glowbrogang|are they specs\n|c|\u2606P OMEGALUL L|prolly\n|\n|t:|1683597560\n|move|p2a: Maushold|Follow Me|p2a: Maushold\n|-singleturn|p2a: Maushold|move: Follow Me\n|move|p1a: Flutter Mane|Moonblast|p2a: Maushold\n|-damage|p2a: Maushold|0 fnt\n|faint|p2a: Maushold\n|move|p2b: Abomasnow|Blizzard|p1a: Flutter Mane\n|-damage|p1a: Flutter Mane|12\/100\n|\n|-weather|Snow|[upkeep]\n|upkeep\n|turn|12\n|c|\u2606P OMEGALUL L|gg i guess\n|\n|t:|1683597573\n|move|p1a: Flutter Mane|Moonblast|p2b: Abomasnow\n|-damage|p2b: Abomasnow|0 fnt\n|faint|p2b: Abomasnow\n|\n|win|ice ice lol\n|n|\u2606ice ice lol|iceicelol\n|n|\u2606P OMEGALUL L|pomegalull\n|n| dashrekawanobi|dashrekawanobi\n|n| glowbrogang|glowbrogang\n|n| TTT x|tttx\n|c| dashrekawanobi|great battle u2\n|c|\u2606ice ice lol|yess\n|l| TTT x\n|c|\u2606ice ice lol|gg\n","uploadtime":1683597579,"views":13,"p1id":"iceicelol","p2id":"pomegalull","formatid":"gen9vgc2023regulationc","rating":0,"private":0,"password":""}