{"id":"gen9vgc2023regulationc-1857421260","p1":"UBE3ANGEL","p2":"Fanise","format":"[Gen 9] VGC 2023 Regulation C","log":"|j|\u2606UBE3ANGEL\n|j|\u2606Fanise\n|t:|1683190418\n|gametype|doubles\n|player|p1|UBE3ANGEL|265|1287\n|player|p2|Fanise|265|1240\n|teamsize|p1|6\n|teamsize|p2|6\n|gen|9\n|tier|[Gen 9] VGC 2023 Regulation C\n|rated|\n|rule|Species Clause: Limit one of each Pok\u00e9mon\n|rule|Item Clause: Limit one of each item\n|clearpoke\n|poke|p1|Flutter Mane, L50|\n|poke|p1|Amoonguss, L50, M|\n|poke|p1|Dragonite, L50, F|\n|poke|p1|Ting-Lu, L50|\n|poke|p1|Arcanine, L50, F|\n|poke|p1|Palafin, L50, F|\n|poke|p2|Dondozo, L50, M|\n|poke|p2|Tatsugiri, L50, F|\n|poke|p2|Ting-Lu, L50|\n|poke|p2|Flutter Mane, L50|\n|poke|p2|Dragonite, L50, M|\n|poke|p2|Chi-Yu, L50|\n|teampreview|4\n|inactive|Battle timer is ON: inactive players will automatically lose when time's up. (requested by Fanise)\n|\n|t:|1683190439\n|start\n|switch|p1a: Palafin|Palafin, L50, F|100\/100\n|switch|p1b: Ting-Lu|Ting-Lu, L50|100\/100\n|switch|p2a: Dondozo|Dondozo, L50, M|100\/100\n|switch|p2b: Chi-Yu|Chi-Yu, L50|100\/100\n|-ability|p2b: Chi-Yu|Beads of Ruin\n|-ability|p1b: Ting-Lu|Vessel of Ruin\n|turn|1\n|\n|t:|1683190461\n|switch|p2b: Tatsugiri|Tatsugiri, L50, F|100\/100\n|-activate|p2b: Tatsugiri|ability: Commander|[of] p2a: Dondozo\n|-boost|p2a: Dondozo|atk|2\n|-boost|p2a: Dondozo|spa|2\n|-boost|p2a: Dondozo|spe|2\n|-boost|p2a: Dondozo|def|2\n|-boost|p2a: Dondozo|spd|2\n|detailschange|p1a: Palafin|Palafin-Hero, L50, F\n|switch|p1a: Flutter Mane|Flutter Mane, L50, shiny|100\/100\n|move|p2a: Dondozo|Wave Crash|p1b: Ting-Lu\n|-supereffective|p1b: Ting-Lu\n|-damage|p1b: Ting-Lu|0 fnt\n|faint|p1b: Ting-Lu\n|-damage|p2a: Dondozo|63\/100|[from] Recoil\n|\n|upkeep\n|\n|t:|1683190476\n|switch|p1b: Amoonguss|Amoonguss, L50, M|100\/100\n|turn|2\n|\n|t:|1683190485\n|move|p2a: Dondozo|Protect|p2a: Dondozo\n|-singleturn|p2a: Dondozo|Protect\n|move|p1a: Flutter Mane|Thunderbolt|p2a: Dondozo\n|-activate|p2a: Dondozo|move: Protect\n|move|p1b: Amoonguss|Clear Smog|p2a: Dondozo\n|-activate|p2a: Dondozo|move: Protect\n|\n|upkeep\n|turn|3\n|inactive|Fanise has 30 seconds left.\n|\n|t:|1683190513\n|-end|p1a: Flutter Mane|Protosynthesis|[silent]\n|switch|p1a: Palafin|Palafin-Hero, L50, F|100\/100\n|-activate|p1a: Palafin|ability: Zero to Hero\n|move|p2a: Dondozo|Earthquake|p1a: Palafin|[spread] p1a,p1b\n|-miss|p2a: Dondozo|p2b: Tatsugiri\n|-damage|p1a: Palafin|61\/100\n|-damage|p1b: Amoonguss|65\/100\n|move|p1b: Amoonguss|Clear Smog|p2a: Dondozo\n|-damage|p2a: Dondozo|55\/100\n|-clearboost|p2a: Dondozo\n|\n|upkeep\n|turn|4\n|\n|t:|1683190534\n|move|p1a: Palafin|Substitute|p1a: Palafin\n|-start|p1a: Palafin|Substitute\n|-damage|p1a: Palafin|36\/100\n|move|p2a: Dondozo|Order Up|p1a: Palafin\n|-activate|p1a: Palafin|move: Substitute|[damage]\n|-boost|p2a: Dondozo|atk|1\n|move|p1b: Amoonguss|Pollen Puff|p1a: Palafin\n|-heal|p1a: Palafin|86\/100\n|\n|upkeep\n|turn|5\n|\n|t:|1683190552\n|move|p1a: Palafin|Protect|p1a: Palafin\n|-singleturn|p1a: Palafin|Protect\n|move|p2a: Dondozo|Earthquake|p1b: Amoonguss|[spread] p1b\n|-miss|p2a: Dondozo|p2b: Tatsugiri\n|-activate|p1a: Palafin|move: Protect\n|-damage|p1b: Amoonguss|37\/100\n|-enditem|p1b: Amoonguss|Sitrus Berry|[eat]\n|-heal|p1b: Amoonguss|62\/100|[from] item: Sitrus Berry\n|move|p1b: Amoonguss|Spore|p2a: Dondozo\n|-status|p2a: Dondozo|slp|[from] move: Spore\n|\n|upkeep\n|turn|6\n|\n|t:|1683190569\n|move|p1a: Palafin|Wave Crash|p2a: Dondozo\n|-resisted|p2a: Dondozo\n|-damage|p2a: Dondozo|23\/100 slp\n|-damage|p1a: Palafin|75\/100|[from] Recoil\n|cant|p2a: Dondozo|slp\n|move|p1b: Amoonguss|Clear Smog|p2a: Dondozo\n|-damage|p2a: Dondozo|7\/100 slp\n|-clearboost|p2a: Dondozo\n|\n|upkeep\n|turn|7\n|\n|t:|1683190585\n|move|p1a: Palafin|Wave Crash|p2a: Dondozo\n|-resisted|p2a: Dondozo\n|-damage|p2a: Dondozo|0 fnt\n|faint|p2a: Dondozo\n|-damage|p1a: Palafin|73\/100|[from] Recoil\n|move|p1b: Amoonguss|Spore|p2b: Tatsugiri\n|-status|p2b: Tatsugiri|slp|[from] move: Spore\n|\n|upkeep\n|\n|t:|1683190597\n|switch|p2a: Chi-Yu|Chi-Yu, L50|100\/100\n|-ability|p2a: Chi-Yu|Beads of Ruin\n|turn|8\n|\n|t:|1683190610\n|-terastallize|p2a: Chi-Yu|Ghost\n|-terastallize|p1b: Amoonguss|Water\n|cant|p2b: Tatsugiri|slp\n|move|p2a: Chi-Yu|Heat Wave|p1a: Palafin|[spread] p1b\n|-miss|p2a: Chi-Yu|p1a: Palafin\n|-resisted|p1b: Amoonguss\n|-crit|p1b: Amoonguss\n|-damage|p1b: Amoonguss|21\/100\n|-damage|p2a: Chi-Yu|91\/100|[from] item: Life Orb\n|move|p1a: Palafin|Wave Crash|p2a: Chi-Yu\n|-damage|p2a: Chi-Yu|0 fnt\n|faint|p2a: Chi-Yu\n|-damage|p1a: Palafin|53\/100|[from] Recoil\n|move|p1b: Amoonguss|Pollen Puff|p1a: Palafin\n|-heal|p1a: Palafin|100\/100\n|\n|upkeep\n|\n|t:|1683190627\n|switch|p2a: Flutter Mane|Flutter Mane, L50|100\/100\n|-enditem|p2a: Flutter Mane|Booster Energy\n|-activate|p2a: Flutter Mane|ability: Protosynthesis|[fromitem]\n|-start|p2a: Flutter Mane|protosynthesisspe\n|turn|9\n|\n|t:|1683190644\n|switch|p1b: Flutter Mane|Flutter Mane, L50, shiny|100\/100\n|move|p2a: Flutter Mane|Dazzling Gleam|p1b: Flutter Mane|[spread] p1a,p1b\n|-end|p1a: Palafin|Substitute\n|-damage|p1b: Flutter Mane|69\/100\n|-curestatus|p2b: Tatsugiri|slp|[msg]\n|move|p2b: Tatsugiri|Dragon Pulse|p1a: Palafin\n|-damage|p1a: Palafin|61\/100\n|move|p1a: Palafin|Wave Crash|p2a: Flutter Mane\n|-damage|p2a: Flutter Mane|0 fnt\n|faint|p2a: Flutter Mane\n|-end|p2a: Flutter Mane|Protosynthesis|[silent]\n|-damage|p1a: Palafin|37\/100|[from] Recoil\n|\n|upkeep\n|turn|10\n|-message|Fanise forfeited.\n|\n|win|UBE3ANGEL\n|raw|UBE3ANGEL's rating: 1287 → 1309<\/strong> (+22 for winning)\n|raw|Fanise's rating: 1240 → 1218<\/strong> (-22 for losing)\n|l|\u2606Fanise\n","uploadtime":1683190697,"views":16,"p1id":"ube3angel","p2id":"fanise","formatid":"gen9vgc2023regulationc","rating":1218,"private":0,"password":""}