{"id":"gen9vgc2023regulationc-1848807084","p1":"Fabz98","p2":"LucienTaran","format":"[Gen 9] VGC 2023 Regulation C","log":"|j|\u2606Fabz98\n|j|\u2606LucienTaran\n|t:|1682112457\n|gametype|doubles\n|player|p1|Fabz98|ghetsis-gen5bw|1086\n|player|p2|LucienTaran|lucas|1057\n|teamsize|p1|6\n|teamsize|p2|6\n|gen|9\n|tier|[Gen 9] VGC 2023 Regulation C\n|rated|\n|rule|Species Clause: Limit one of each Pok\u00e9mon\n|rule|Item Clause: Limit one of each item\n|clearpoke\n|poke|p1|Chien-Pao, L50|\n|poke|p1|Dragapult, L50, M|\n|poke|p1|Palafin, L50, M|\n|poke|p1|Amoonguss, L50, M|\n|poke|p1|Arcanine, L50, M|\n|poke|p1|Flutter Mane, L50|\n|poke|p2|Arcanine, L50, M|\n|poke|p2|Annihilape, L50, M|\n|poke|p2|Arboliva, L50, F|\n|poke|p2|Barraskewda, L50, F|\n|poke|p2|Garchomp, L50, F|\n|poke|p2|Espeon, L50, F|\n|teampreview|4\nLucienTaran rejected open team sheets.\n|\n|t:|1682112481\n|start\n|switch|p1a: Palafin|Palafin, L50, M, shiny|100\/100\n|switch|p1b: Flutter Mane|Flutter Mane, L50|100\/100\n|switch|p2a: Annihilape|Annihilape, L50, M|100\/100\n|switch|p2b: Arcanine|Arcanine, L50, M|100\/100\n|-ability|p2b: Arcanine|Intimidate|boost\n|-unboost|p1a: Palafin|atk|1\n|-unboost|p1b: Flutter Mane|atk|1\n|-enditem|p1b: Flutter Mane|Booster Energy\n|-activate|p1b: Flutter Mane|ability: Protosynthesis|[fromitem]\n|-start|p1b: Flutter Mane|protosynthesisspa\n|turn|1\n|\n|t:|1682112507\n|detailschange|p1a: Palafin|Palafin-Hero, L50, M, shiny\n|switch|p1a: Chien-Pao|Chien-Pao, L50|100\/100\n|-ability|p1a: Chien-Pao|Sword of Ruin\n|move|p1b: Flutter Mane|Protect|p1b: Flutter Mane\n|-singleturn|p1b: Flutter Mane|Protect\n|move|p2b: Arcanine|Protect|p2b: Arcanine\n|-singleturn|p2b: Arcanine|Protect\n|move|p2a: Annihilape|Bulk Up|p2a: Annihilape\n|-boost|p2a: Annihilape|atk|1\n|-boost|p2a: Annihilape|def|1\n|\n|upkeep\n|turn|2\n|inactive|Battle timer is ON: inactive players will automatically lose when time's up. (requested by LucienTaran)\n|\n|t:|1682112560\n|move|p1a: Chien-Pao|Ice Spinner|p2a: Annihilape\n|-damage|p2a: Annihilape|62\/100\n|move|p1b: Flutter Mane|Moonblast|p2a: Annihilape\n|-supereffective|p2a: Annihilape\n|-damage|p2a: Annihilape|0 fnt\n|faint|p2a: Annihilape\n|move|p2b: Arcanine|Fire Fang|p1a: Chien-Pao\n|-supereffective|p1a: Chien-Pao\n|-damage|p1a: Chien-Pao|12\/100\n|\n|upkeep\n|\n|t:|1682112575\n|switch|p2a: Barraskewda|Barraskewda, L50, F|100\/100\n|turn|3\n|\n|t:|1682112595\n|move|p1a: Chien-Pao|Protect|p1a: Chien-Pao\n|-singleturn|p1a: Chien-Pao|Protect\n|move|p2b: Arcanine|Extreme Speed|p1a: Chien-Pao\n|-activate|p1a: Chien-Pao|move: Protect\n|move|p2a: Barraskewda|Waterfall|p1b: Flutter Mane\n|-damage|p1b: Flutter Mane|10\/100\n|move|p1b: Flutter Mane|Thunderbolt|p2a: Barraskewda\n|-supereffective|p2a: Barraskewda\n|-damage|p2a: Barraskewda|0 fnt\n|faint|p2a: Barraskewda\n|\n|upkeep\n|\n|t:|1682112606\n|switch|p2a: Arboliva|Arboliva, L50, F|100\/100\n|turn|4\n|\n|t:|1682112624\n|move|p1b: Flutter Mane|Protect|p1b: Flutter Mane\n|-singleturn|p1b: Flutter Mane|Protect\n|move|p2a: Arboliva|Protect|p2a: Arboliva\n|-singleturn|p2a: Arboliva|Protect\n|move|p2b: Arcanine|Extreme Speed|p1a: Chien-Pao\n|-damage|p1a: Chien-Pao|0 fnt\n|faint|p1a: Chien-Pao\n|\n|upkeep\n|\n|t:|1682112643\n|switch|p1a: Dragapult|Dragapult, L50, M|100\/100\n|turn|5\n|\n|t:|1682112664\n|move|p1a: Dragapult|U-turn|p2a: Arboliva\n|-supereffective|p2a: Arboliva\n|-damage|p2a: Arboliva|33\/100\n|-fieldstart|move: Grassy Terrain|[from] ability: Seed Sower|[of] p2a: Arboliva\n|\n|t:|1682112668\n|switch|p1a: Palafin|Palafin-Hero, L50, M, shiny|100\/100|[from] U-turn\n|-activate|p1a: Palafin|ability: Zero to Hero\n|move|p1b: Flutter Mane|Moonblast|p2a: Arboliva\n|-damage|p2a: Arboliva|0 fnt\n|faint|p2a: Arboliva\n|move|p2b: Arcanine|Crunch|p1a: Palafin\n|-damage|p1a: Palafin|77\/100\n|\n|-heal|p1b: Flutter Mane|16\/100|[from] Grassy Terrain\n|-heal|p1a: Palafin|83\/100|[from] Grassy Terrain\n|upkeep\n|turn|6\n|\n|t:|1682112686\n|-terastallize|p1a: Palafin|Water\n|move|p2b: Arcanine|Extreme Speed|p1b: Flutter Mane\n|-immune|p1b: Flutter Mane\n|move|p1b: Flutter Mane|Moonblast|p2b: Arcanine\n|-resisted|p2b: Arcanine\n|-damage|p2b: Arcanine|62\/100\n|move|p1a: Palafin|Wave Crash|p2b: Arcanine\n|-supereffective|p2b: Arcanine\n|-damage|p2b: Arcanine|0 fnt\n|faint|p2b: Arcanine\n|-damage|p1a: Palafin|66\/100|[from] Recoil\n|\n|win|Fabz98\n|raw|Fabz98's rating: 1086 → 1111<\/strong> (+25 for winning)\n|raw|LucienTaran's rating: 1057 → 1040<\/strong> (-17 for losing)\n|l|\u2606LucienTaran\n","uploadtime":1682112703,"views":12,"p1id":"fabz98","p2id":"lucientaran","formatid":"gen9vgc2023regulationc","rating":1040,"private":0,"password":""}