{"id":"gen9vgc2023regulationc-1860088557","p1":"w0wells","p2":"Bankaimike","format":"[Gen 9] VGC 2023 Regulation C","log":"|j|\u2606w0wells\n|j|\u2606Bankaimike\n|t:|1683593838\n|gametype|doubles\n|player|p1|w0wells|cyclist|1251\n|player|p2|Bankaimike|169|1350\n|teamsize|p1|6\n|teamsize|p2|6\n|gen|9\n|tier|[Gen 9] VGC 2023 Regulation C\n|rated|\n|rule|Species Clause: Limit one of each Pok\u00e9mon\n|rule|Item Clause: Limit one of each item\n|clearpoke\n|poke|p1|Chi-Yu, L50|\n|poke|p1|Gastrodon-East, L50, F|\n|poke|p1|Amoonguss, L50, M|\n|poke|p1|Mimikyu, L50, F|\n|poke|p1|Grimmsnarl, L50, M|\n|poke|p1|Corviknight, L50, M|\n|poke|p2|Amoonguss, L50, M|\n|poke|p2|Baxcalibur, L50, M|\n|poke|p2|Chi-Yu, L50|\n|poke|p2|Iron Bundle, L50|\n|poke|p2|Ting-Lu, L50|\n|poke|p2|Flutter Mane, L50|\n|teampreview|4\nBankaimike has agreed to open team sheets.\nw0wells has agreed to open team sheets.\n|inactive|Battle timer is ON: inactive players will automatically lose when time's up. (requested by w0wells)\n|inactive|w0wells has 60 seconds left.\n|\n|t:|1683593882\n|start\n|switch|p1a: Amoonguss|Amoonguss, L50, M|100\/100\n|switch|p1b: Mimikyu|Mimikyu, L50, F|100\/100\n|switch|p2a: Flutter Mane|Flutter Mane, L50|100\/100\n|switch|p2b: Chi-Yu|Chi-Yu, L50|100\/100\n|-ability|p2b: Chi-Yu|Beads of Ruin\n|turn|1\n|inactive|w0wells has 30 seconds left.\n|inactive|Bankaimike has 30 seconds left.\n|inactive|w0wells has 20 seconds left.\n|inactive|Bankaimike has 20 seconds left.\n|inactive|w0wells has 15 seconds left.\n|inactive|Bankaimike has 15 seconds left.\n|inactive|w0wells has 10 seconds left.\n|\n|t:|1683593929\n|move|p1a: Amoonguss|Protect|p1a: Amoonguss\n|-singleturn|p1a: Amoonguss|Protect\n|move|p1b: Mimikyu|Shadow Sneak|p2a: Flutter Mane\n|-supereffective|p2a: Flutter Mane\n|-damage|p2a: Flutter Mane|30\/100\n|-damage|p1b: Mimikyu|91\/100|[from] item: Life Orb\n|move|p2b: Chi-Yu|Heat Wave|p1b: Mimikyu|[spread] p1b\n|-activate|p1a: Amoonguss|move: Protect\n|-activate|p1b: Mimikyu|ability: Disguise\n|-damage|p1b: Mimikyu|91\/100\n|detailschange|p1b: Mimikyu|Mimikyu-Busted, L50, F\n|-damage|p1b: Mimikyu|79\/100|[from] pokemon: Mimikyu-Busted\n|move|p2a: Flutter Mane|Dazzling Gleam|p1a: Amoonguss|[spread] p1b\n|-activate|p1a: Amoonguss|move: Protect\n|-damage|p1b: Mimikyu|11\/100\n|\n|upkeep\n|turn|2\n|\n|t:|1683593953\n|-end|p2a: Flutter Mane|Protosynthesis|[silent]\n|switch|p2a: Amoonguss|Amoonguss, L50, M|100\/100\n|-terastallize|p1a: Amoonguss|Fire\n|move|p1b: Mimikyu|Shadow Sneak|p2a: Amoonguss\n|-damage|p2a: Amoonguss|81\/100\n|-damage|p1b: Mimikyu|1\/100|[from] item: Life Orb\n|move|p2b: Chi-Yu|Heat Wave|p1a: Amoonguss|[spread] p1a,p1b\n|-resisted|p1a: Amoonguss\n|-damage|p1a: Amoonguss|79\/100\n|-damage|p1b: Mimikyu|0 fnt\n|faint|p1b: Mimikyu\n|move|p1a: Amoonguss|Spore|p2b: Chi-Yu\n|-status|p2b: Chi-Yu|slp|[from] move: Spore\n|\n|upkeep\n|\n|t:|1683593961\n|switch|p1b: Corviknight|Corviknight, L50, M|100\/100\n|turn|3\n|\n|t:|1683593980\n|switch|p1a: Gastrodon|Gastrodon-East, L50, F|100\/100\n|cant|p2b: Chi-Yu|slp\n|move|p1b: Corviknight|Taunt|p2a: Amoonguss\n|-start|p2a: Amoonguss|move: Taunt\n|cant|p2a: Amoonguss|move: Taunt|Spore\n|\n|upkeep\n|turn|4\n|inactive|w0wells has 30 seconds left.\n|\n|t:|1683594005\n|switch|p1b: Amoonguss|Amoonguss, L50, M, tera:Fire|100\/100\n|switch|p2a: Flutter Mane|Flutter Mane, L50|30\/100\n|cant|p2b: Chi-Yu|slp\n|move|p1a: Gastrodon|Earth Power|p2b: Chi-Yu\n|-supereffective|p2b: Chi-Yu\n|-damage|p2b: Chi-Yu|16\/100 slp\n|\n|upkeep\n|turn|5\n|\n|t:|1683594029\n|switch|p2b: Amoonguss|Amoonguss, L50, M|100\/100\n|move|p2a: Flutter Mane|Shadow Ball|p1b: Amoonguss\n|-damage|p1b: Amoonguss|50\/100\n|move|p1a: Gastrodon|Muddy Water|p2b: Amoonguss|[spread] p2b\n|-miss|p1a: Gastrodon|p2a: Flutter Mane\n|-resisted|p2b: Amoonguss\n|-damage|p2b: Amoonguss|89\/100\n|move|p1b: Amoonguss|Spore|p2a: Flutter Mane\n|-status|p2a: Flutter Mane|slp|[from] move: Spore\n|\n|upkeep\n|turn|6\n|inactive|w0wells has 30 seconds left.\n|inactive|Bankaimike has 30 seconds left.\n|inactive|w0wells has 20 seconds left.\n|\n|t:|1683594066\n|switch|p1a: Corviknight|Corviknight, L50, M|100\/100\n|move|p1b: Amoonguss|Protect|p1b: Amoonguss\n|-singleturn|p1b: Amoonguss|Protect\n|cant|p2a: Flutter Mane|slp\n|move|p2b: Amoonguss|Spore|p1a: Corviknight\n|-activate|p1a: Corviknight|item: Safety Goggles|Spore\n|\n|upkeep\n|turn|7\n|inactive|w0wells has 30 seconds left.\n|inactive|w0wells has 20 seconds left.\n|\n|t:|1683594103\n|switch|p1b: Gastrodon|Gastrodon-East, L50, F|100\/100\n|cant|p2a: Flutter Mane|slp\n|move|p1a: Corviknight|Taunt|p2b: Amoonguss\n|-start|p2b: Amoonguss|move: Taunt\n|cant|p2b: Amoonguss|move: Taunt|Spore\n|\n|upkeep\n|turn|8\n|\n|t:|1683594117\n|-curestatus|p2a: Flutter Mane|slp|[msg]\n|move|p2a: Flutter Mane|Shadow Ball|p1a: Corviknight\n|-damage|p1a: Corviknight|42\/100\n|move|p1a: Corviknight|Brave Bird|p2b: Amoonguss\n|-supereffective|p2b: Amoonguss\n|-damage|p2b: Amoonguss|5\/100\n|-enditem|p2b: Amoonguss|Sitrus Berry|[eat]\n|-heal|p2b: Amoonguss|30\/100|[from] item: Sitrus Berry\n|-damage|p1a: Corviknight|12\/100|[from] Recoil\n|move|p1b: Gastrodon|Earth Power|p2a: Flutter Mane\n|-damage|p2a: Flutter Mane|0 fnt\n|faint|p2a: Flutter Mane\n|-end|p2a: Flutter Mane|Protosynthesis|[silent]\n|move|p2b: Amoonguss|Pollen Puff|p2: Flutter Mane|[notarget]\n|-fail|p2b: Amoonguss\n|\n|upkeep\n|\n|t:|1683594138\n|switch|p2a: Iron Bundle|Iron Bundle, L50|100\/100\n|-enditem|p2a: Iron Bundle|Booster Energy\n|-activate|p2a: Iron Bundle|ability: Quark Drive|[fromitem]\n|-start|p2a: Iron Bundle|quarkdrivespe\n|turn|9\n|\n|t:|1683594149\n|switch|p1b: Amoonguss|Amoonguss, L50, M, tera:Fire|83\/100\n|move|p2a: Iron Bundle|Freeze-Dry|p1a: Corviknight\n|-damage|p1a: Corviknight|0 fnt\n|faint|p1a: Corviknight\n|move|p2b: Amoonguss|Pollen Puff|p2a: Iron Bundle\n|-immune|p2a: Iron Bundle\n|\n|-end|p2b: Amoonguss|move: Taunt\n|upkeep\n|\n|t:|1683594161\n|switch|p1a: Gastrodon|Gastrodon-East, L50, F|100\/100\n|turn|10\n|\n|t:|1683594166\n|move|p1b: Amoonguss|Rage Powder|p1b: Amoonguss\n|-singleturn|p1b: Amoonguss|move: Rage Powder\n|move|p2a: Iron Bundle|Freeze-Dry|p1b: Amoonguss\n|-resisted|p1b: Amoonguss\n|-damage|p1b: Amoonguss|69\/100\n|move|p1a: Gastrodon|Ice Beam|p2b: Amoonguss\n|-supereffective|p2b: Amoonguss\n|-damage|p2b: Amoonguss|0 fnt\n|faint|p2b: Amoonguss\n|\n|upkeep\n|\n|t:|1683594174\n|switch|p2b: Chi-Yu|Chi-Yu, L50|16\/100 slp\n|-ability|p2b: Chi-Yu|Beads of Ruin\n|turn|11\n|\n|t:|1683594189\n|-terastallize|p2b: Chi-Yu|Normal\n|move|p1b: Amoonguss|Rage Powder|p1b: Amoonguss\n|-singleturn|p1b: Amoonguss|move: Rage Powder\n|move|p2a: Iron Bundle|Freeze-Dry|p1b: Amoonguss\n|-resisted|p1b: Amoonguss\n|-damage|p1b: Amoonguss|51\/100\n|-curestatus|p2b: Chi-Yu|slp|[msg]\n|move|p2b: Chi-Yu|Hyper Beam|p1b: Amoonguss\n|-damage|p1b: Amoonguss|0 fnt\n|-mustrecharge|p2b: Chi-Yu\n|faint|p1b: Amoonguss\n|move|p1a: Gastrodon|Earth Power|p2b: Chi-Yu\n|-damage|p2b: Chi-Yu|0 fnt\n|faint|p2b: Chi-Yu\n|\n|upkeep\n|turn|12\n|\n|t:|1683594203\n|move|p2a: Iron Bundle|Freeze-Dry|p1a: Gastrodon\n|-supereffective|p1a: Gastrodon\n|-damage|p1a: Gastrodon|0 fnt\n|faint|p1a: Gastrodon\n|\n|win|Bankaimike\n|raw|w0wells's rating: 1251 → 1233<\/strong> (-18 for losing)\n|raw|Bankaimike's rating: 1350 → 1364<\/strong> (+14 for winning)\n","uploadtime":1683594212,"views":13,"p1id":"w0wells","p2id":"bankaimike","formatid":"gen9vgc2023regulationc","rating":1233,"private":0,"password":""}