{"id":"gen9vgc2023regulationc-1861934976","p1":"revocolombia","p2":"Felipe.Miller.V","format":"[Gen 9] VGC 2023 Regulation C","log":"|j|\u2606revocolombia\n|j|\u2606Felipe.Miller.V\n|t:|1683822131\n|gametype|doubles\n|player|p1|revocolombia|pokemonranger-gen4|1335\n|player|p2|Felipe.Miller.V|101|1295\n|teamsize|p1|6\n|teamsize|p2|6\n|gen|9\n|tier|[Gen 9] VGC 2023 Regulation C\n|rated|\n|rule|Species Clause: Limit one of each Pok\u00e9mon\n|rule|Item Clause: Limit one of each item\n|clearpoke\n|poke|p1|Flutter Mane, L50|\n|poke|p1|Great Tusk, L50|\n|poke|p1|Gholdengo, L50|\n|poke|p1|Chien-Pao, L50|\n|poke|p1|Murkrow, L50, F|\n|poke|p1|Annihilape, L50, M|\n|poke|p2|Flutter Mane, L50|\n|poke|p2|Chi-Yu, L50|\n|poke|p2|Mimikyu, L50, M|\n|poke|p2|Maushold, L50|\n|poke|p2|Iron Hands, L50|\n|poke|p2|Torkoal, L50, F|\n|teampreview|4\n|\n|t:|1683822157\n|start\n|switch|p1a: Great Tusk|Great Tusk, L50|100\/100\n|switch|p1b: Murkrow|Murkrow, L50, F|100\/100\n|switch|p2a: Flutter Mane|Flutter Mane, L50, shiny|100\/100\n|switch|p2b: Chi-Yu|Chi-Yu, L50|100\/100\n|-ability|p2b: Chi-Yu|Beads of Ruin\n|turn|1\n|\n|t:|1683822178\n|-terastallize|p1a: Great Tusk|Fire\n|-terastallize|p2a: Flutter Mane|Grass\n|move|p2b: Chi-Yu|Protect|p2b: Chi-Yu\n|-singleturn|p2b: Chi-Yu|Protect\n|move|p1b: Murkrow|Taunt|p2a: Flutter Mane\n|-start|p2a: Flutter Mane|move: Taunt\n|move|p1a: Great Tusk|Earthquake|p2a: Flutter Mane|[spread] p2a\n|-activate|p2b: Chi-Yu|move: Protect\n|-immune|p1b: Murkrow\n|-resisted|p2a: Flutter Mane\n|-damage|p2a: Flutter Mane|74\/100\n|cant|p2a: Flutter Mane|move: Taunt|Trick Room\n|\n|upkeep\n|turn|2\n|\n|t:|1683822207\n|switch|p2b: Iron Hands|Iron Hands, L50|100\/100\n|-enditem|p2b: Iron Hands|Booster Energy\n|-activate|p2b: Iron Hands|ability: Quark Drive|[fromitem]\n|-start|p2b: Iron Hands|quarkdriveatk\n|move|p1b: Murkrow|Tailwind|p1b: Murkrow\n|-sidestart|p1: revocolombia|move: Tailwind\n|move|p1a: Great Tusk|Earthquake|p2a: Flutter Mane|[spread] p2a,p2b\n|-immune|p1b: Murkrow\n|-resisted|p2a: Flutter Mane\n|-supereffective|p2b: Iron Hands\n|-damage|p2a: Flutter Mane|52\/100\n|-damage|p2b: Iron Hands|48\/100\n|move|p2a: Flutter Mane|Dazzling Gleam|p1a: Great Tusk|[spread] p1a,p1b\n|-resisted|p1a: Great Tusk\n|-supereffective|p1b: Murkrow\n|-damage|p1a: Great Tusk|83\/100\n|-damage|p1b: Murkrow|49\/100\n|\n|upkeep\n|turn|3\n|\n|t:|1683822242\n|switch|p1b: Annihilape|Annihilape, L50, M|100\/100\n|move|p1a: Great Tusk|Protect|p1a: Great Tusk\n|-singleturn|p1a: Great Tusk|Protect\n|move|p2b: Iron Hands|Fake Out|p1a: Great Tusk\n|-activate|p1a: Great Tusk|move: Protect\n|move|p2a: Flutter Mane|Dazzling Gleam|p1a: Great Tusk|[spread] p1b\n|-activate|p1a: Great Tusk|move: Protect\n|-supereffective|p1b: Annihilape\n|-damage|p1b: Annihilape|49\/100\n|\n|-heal|p1b: Annihilape|56\/100|[from] item: Leftovers\n|-end|p2a: Flutter Mane|move: Taunt\n|upkeep\n|turn|4\n|\n|t:|1683822266\n|move|p1b: Annihilape|Protect|p1b: Annihilape\n|-singleturn|p1b: Annihilape|Protect\n|move|p1a: Great Tusk|Earthquake|p2b: Iron Hands|[spread] p2a,p2b\n|-activate|p1b: Annihilape|move: Protect\n|-resisted|p2a: Flutter Mane\n|-supereffective|p2b: Iron Hands\n|-damage|p2a: Flutter Mane|28\/100\n|-damage|p2b: Iron Hands|0 fnt\n|faint|p2b: Iron Hands\n|-end|p2b: Iron Hands|Quark Drive|[silent]\n|move|p2a: Flutter Mane|Trick Room|p2a: Flutter Mane\n|-fieldstart|move: Trick Room|[of] p2a: Flutter Mane\n|\n|-heal|p1b: Annihilape|62\/100|[from] item: Leftovers\n|upkeep\n|\n|t:|1683822279\n|switch|p2b: Torkoal|Torkoal, L50, F, shiny|100\/100\n|-weather|SunnyDay|[from] ability: Drought|[of] p2b: Torkoal\n|-activate|p2a: Flutter Mane|ability: Protosynthesis\n|-start|p2a: Flutter Mane|protosynthesisspa\n|-activate|p1a: Great Tusk|ability: Protosynthesis\n|-start|p1a: Great Tusk|protosynthesisatk\n|turn|5\n|inactive|Battle timer is ON: inactive players will automatically lose when time's up. (requested by Felipe.Miller.V)\n|\n|t:|1683822298\n|move|p2b: Torkoal|Eruption|p1a: Great Tusk|[spread] p1a,p1b\n|-resisted|p1a: Great Tusk\n|-damage|p1a: Great Tusk|9\/100\n|-damage|p1b: Annihilape|0 fnt\n|faint|p1b: Annihilape\n|move|p2a: Flutter Mane|Dazzling Gleam|p1a: Great Tusk\n|-resisted|p1a: Great Tusk\n|-damage|p1a: Great Tusk|0 fnt\n|faint|p1a: Great Tusk\n|-end|p1a: Great Tusk|Protosynthesis|[silent]\n|\n|-weather|SunnyDay|[upkeep]\n|-sideend|p1: revocolombia|move: Tailwind\n|upkeep\n|\n|t:|1683822311\n|switch|p1a: Murkrow|Murkrow, L50, F|49\/100\n|switch|p1b: Chien-Pao|Chien-Pao, L50|100\/100\n|-ability|p1b: Chien-Pao|Sword of Ruin\n|turn|6\n|inactive|revocolombia has 30 seconds left.\n|\n|t:|1683822341\n|move|p1a: Murkrow|Tailwind|p1a: Murkrow\n|-sidestart|p1: revocolombia|move: Tailwind\n|move|p1b: Chien-Pao|Sucker Punch|p2b: Torkoal\n|-damage|p2b: Torkoal|60\/100\n|move|p2b: Torkoal|Eruption|p1b: Chien-Pao|[spread] p1a,p1b\n|-supereffective|p1b: Chien-Pao\n|-damage|p1a: Murkrow|0 fnt\n|-enditem|p1b: Chien-Pao|Focus Sash\n|-damage|p1b: Chien-Pao|1\/100\n|faint|p1a: Murkrow\n|move|p2a: Flutter Mane|Dazzling Gleam|p1b: Chien-Pao\n|-supereffective|p1b: Chien-Pao\n|-damage|p1b: Chien-Pao|0 fnt\n|faint|p1b: Chien-Pao\n|\n|win|Felipe.Miller.V\n|raw|revocolombia's rating: 1335 → 1313<\/strong> (-22 for losing)\n|raw|Felipe.Miller.V's rating: 1295 → 1323<\/strong> (+28 for winning)\n","uploadtime":1683822360,"views":6,"p1id":"revocolombia","p2id":"felipemillerv","formatid":"gen9vgc2023regulationc","rating":1313,"private":0,"password":""}