{"id":"gen9vgc2023regulationc-1857853724","p1":"ELFRAN132","p2":"Plexionth","format":"[Gen 9] VGC 2023 Regulation C","log":"|j|\u2606ELFRAN132\n|j|\u2606Plexionth\n|t:|1683239097\n|gametype|doubles\n|player|p1|ELFRAN132|169|1105\n|player|p2|Plexionth|red|1043\n|teamsize|p1|6\n|teamsize|p2|6\n|gen|9\n|tier|[Gen 9] VGC 2023 Regulation C\n|rated|\n|rule|Species Clause: Limit one of each Pok\u00e9mon\n|rule|Item Clause: Limit one of each item\n|clearpoke\n|poke|p1|Iron Hands, L50|\n|poke|p1|Drifblim, L50, F|\n|poke|p1|Amoonguss, L50, M|\n|poke|p1|Flutter Mane, L50|\n|poke|p1|Tatsugiri, L50, F|\n|poke|p1|Arcanine, L50, F|\n|poke|p2|Salazzle, L50, F|\n|poke|p2|Torkoal, L50, M|\n|poke|p2|Indeedee-F, L50, F|\n|poke|p2|Iron Hands, L50|\n|poke|p2|Amoonguss, L50, M|\n|poke|p2|Flutter Mane, L50|\n|teampreview|4\n|\n|t:|1683239127\n|start\n|switch|p1a: Drifblim|Drifblim, L50, F|100\/100\n|switch|p1b: Tatsugiri|Tatsugiri, L50, F|100\/100\n|switch|p2a: Pass|Amoonguss, L50, M|100\/100\n|switch|p2b: Cool but pass|Torkoal, L50, M|100\/100\n|-weather|SunnyDay|[from] ability: Drought|[of] p2b: Cool but pass\n|turn|1\n|\n|t:|1683239170\n|switch|p2b: Hear me out|Flutter Mane, L50|100\/100\n|-activate|p2b: Hear me out|ability: Protosynthesis\n|-start|p2b: Hear me out|protosynthesisspe\n|move|p2a: Pass|Protect|p2a: Pass\n|-singleturn|p2a: Pass|Protect\n|move|p1b: Tatsugiri|Taunt|p2a: Pass\n|-activate|p2a: Pass|move: Protect\n|move|p1a: Drifblim|Tailwind|p1a: Drifblim\n|-sidestart|p1: ELFRAN132|move: Tailwind\n|\n|-weather|SunnyDay|[upkeep]\n|upkeep\n|turn|2\n|\n|t:|1683239203\n|switch|p1a: Arcanine|Arcanine, L50, F|100\/100\n|-ability|p1a: Arcanine|Intimidate|boost\n|-unboost|p2a: Pass|atk|1\n|-enditem|p2a: Pass|Eject Pack\n|-unboost|p2b: Hear me out|atk|1\n|\n|t:|1683239214\n|switch|p2a: Cool but pass|Torkoal, L50, M|100\/100\n|move|p2b: Hear me out|Dazzling Gleam|p1b: Tatsugiri|[spread] p1a,p1b\n|-resisted|p1a: Arcanine\n|-supereffective|p1b: Tatsugiri\n|-damage|p1a: Arcanine|76\/100\n|-enditem|p1b: Tatsugiri|Focus Sash\n|-damage|p1b: Tatsugiri|1\/100\n|move|p1b: Tatsugiri|Taunt|p2a: Cool but pass\n|-start|p2a: Cool but pass|move: Taunt\n|\n|-weather|SunnyDay|[upkeep]\n|upkeep\n|turn|3\n|\n|t:|1683239235\n|move|p2b: Hear me out|Dazzling Gleam|p1b: Tatsugiri|[spread] p1a,p1b\n|-resisted|p1a: Arcanine\n|-supereffective|p1b: Tatsugiri\n|-damage|p1a: Arcanine|54\/100\n|-damage|p1b: Tatsugiri|0 fnt\n|faint|p1b: Tatsugiri\n|move|p1a: Arcanine|Flare Blitz|p2b: Hear me out\n|-damage|p2b: Hear me out|0 fnt\n|faint|p2b: Hear me out\n|-end|p2b: Hear me out|Protosynthesis|[silent]\n|-damage|p1a: Arcanine|32\/100|[from] Recoil\n|move|p2a: Cool but pass|Eruption|p1a: Arcanine\n|-resisted|p1a: Arcanine\n|-damage|p1a: Arcanine|0 fnt\n|faint|p1a: Arcanine\n|\n|-weather|SunnyDay|[upkeep]\n|upkeep\n|\n|t:|1683239249\n|switch|p2b: Pass|Amoonguss, L50, M|100\/100\n|switch|p1b: Drifblim|Drifblim, L50, F|100\/100\n|switch|p1a: Flutter Mane|Flutter Mane, L50|100\/100\n|-activate|p1a: Flutter Mane|ability: Protosynthesis\n|-start|p1a: Flutter Mane|protosynthesisspa\n|turn|4\n|\n|t:|1683239268\n|move|p1b: Drifblim|Helping Hand|p1a: Flutter Mane\n|-singleturn|p1a: Flutter Mane|Helping Hand|[of] p1b: Drifblim\n|move|p1a: Flutter Mane|Shadow Ball|p2a: Cool but pass\n|-damage|p2a: Cool but pass|0 fnt\n|faint|p2a: Cool but pass\n|move|p2b: Pass|Spore|p1a: Flutter Mane\n|-status|p1a: Flutter Mane|slp|[from] move: Spore\n|\n|-weather|SunnyDay|[upkeep]\n|-sideend|p1: ELFRAN132|move: Tailwind\n|upkeep\n|\n|t:|1683239276\n|switch|p2a: Smash so hard|Salazzle, L50, F|100\/100\n|turn|5\n|\n|t:|1683239294\n|-terastallize|p1a: Flutter Mane|Water\n|move|p2a: Smash so hard|Heat Wave|p1b: Drifblim|[spread] p1a,p1b\n|-resisted|p1a: Flutter Mane\n|-damage|p1a: Flutter Mane|78\/100 slp\n|-damage|p1b: Drifblim|52\/100\n|cant|p1a: Flutter Mane|slp\n|move|p1b: Drifblim|Tailwind|p1b: Drifblim\n|-sidestart|p1: ELFRAN132|move: Tailwind\n|move|p2b: Pass|Spore|p1b: Drifblim\n|-status|p1b: Drifblim|slp|[from] move: Spore\n|\n|-weather|none\n|-end|p1a: Flutter Mane|Protosynthesis\n|upkeep\n|-enditem|p1a: Flutter Mane|Booster Energy\n|-activate|p1a: Flutter Mane|ability: Protosynthesis|[fromitem]\n|-start|p1a: Flutter Mane|protosynthesisspa\n|turn|6\n|\n|t:|1683239320\n|cant|p1b: Drifblim|slp\n|-curestatus|p1a: Flutter Mane|slp|[msg]\n|move|p1a: Flutter Mane|Shadow Ball|p2b: Pass\n|-damage|p2b: Pass|52\/100\n|move|p2a: Smash so hard|Acid Spray|p1a: Flutter Mane\n|-damage|p1a: Flutter Mane|60\/100\n|-unboost|p1a: Flutter Mane|spd|2\n|move|p2b: Pass|Leaf Storm|p1a: Flutter Mane|[miss]\n|-miss|p2b: Pass|p1a: Flutter Mane\n|\n|upkeep\n|turn|7\n|\n|t:|1683239345\n|move|p1a: Flutter Mane|Protect|p1a: Flutter Mane\n|-singleturn|p1a: Flutter Mane|Protect\n|-curestatus|p1b: Drifblim|slp|[msg]\n|move|p1b: Drifblim|Strength Sap|p2b: Pass\n|-unboost|p2b: Pass|atk|1\n|-heal|p1b: Drifblim|91\/100\n|move|p2a: Smash so hard|Acid Spray|p1b: Drifblim\n|-resisted|p1b: Drifblim\n|-damage|p1b: Drifblim|83\/100\n|-unboost|p1b: Drifblim|spd|2\n|move|p2b: Pass|Leaf Storm|p1a: Flutter Mane\n|-activate|p1a: Flutter Mane|move: Protect\n|\n|upkeep\n|turn|8\n|inactive|Battle timer is ON: inactive players will automatically lose when time's up. (requested by Plexionth)\n|\n|t:|1683239361\n|move|p1b: Drifblim|Helping Hand|p1a: Flutter Mane\n|-singleturn|p1a: Flutter Mane|Helping Hand|[of] p1b: Drifblim\n|move|p1a: Flutter Mane|Shadow Ball|p2b: Pass\n|-damage|p2b: Pass|0 fnt\n|faint|p2b: Pass\n|move|p2a: Smash so hard|Heat Wave|p1a: Flutter Mane|[spread] p1a\n|-miss|p2a: Smash so hard|p1b: Drifblim\n|-resisted|p1a: Flutter Mane\n|-damage|p1a: Flutter Mane|33\/100\n|\n|-sideend|p1: ELFRAN132|move: Tailwind\n|upkeep\n|turn|9\n|\n|t:|1683239375\n|move|p1b: Drifblim|Helping Hand|p1a: Flutter Mane\n|-singleturn|p1a: Flutter Mane|Helping Hand|[of] p1b: Drifblim\n|move|p2a: Smash so hard|Poison Gas|p1a: Flutter Mane|[spread] p1a,p1b\n|-status|p1a: Flutter Mane|psn\n|-status|p1b: Drifblim|psn\n|move|p1a: Flutter Mane|Shadow Ball|p2a: Smash so hard\n|-enditem|p2a: Smash so hard|Focus Sash\n|-damage|p2a: Smash so hard|1\/100\n|\n|-damage|p1a: Flutter Mane|21\/100 psn|[from] psn\n|-damage|p1b: Drifblim|71\/100 psn|[from] psn\n|upkeep\n|turn|10\n|\n|t:|1683239396\n|move|p1a: Flutter Mane|Protect|p1a: Flutter Mane\n|-singleturn|p1a: Flutter Mane|Protect\n|move|p2a: Smash so hard|Heat Wave|p1b: Drifblim|[spread] p1b\n|-activate|p1a: Flutter Mane|move: Protect\n|-damage|p1b: Drifblim|8\/100 psn\n|-enditem|p1b: Drifblim|Aguav Berry|[eat]\n|-heal|p1b: Drifblim|41\/100 psn|[from] item: Aguav Berry\n|move|p1b: Drifblim|Tailwind|p1b: Drifblim\n|-sidestart|p1: ELFRAN132|move: Tailwind\n|\n|-damage|p1b: Drifblim|29\/100 psn|[from] psn\n|-damage|p1a: Flutter Mane|9\/100 psn|[from] psn\n|upkeep\n|turn|11\n|c|\u2606Plexionth|Fuck tailwind\n|c|\u2606Plexionth|Dumb move\n|c|\u2606ELFRAN132|gg\n|inactive|Plexionth has 30 seconds left.\n|c|\u2606Plexionth|Speed control is just bad this gen\n|inactive|Plexionth has 20 seconds left.\n|inactive|Plexionth has 15 seconds left.\n|inactive|Plexionth has 10 seconds left.\n|c|\u2606Plexionth|Ofc when i try to use a fast pokemom \"tailwin\" beats it\n|inactive|Plexionth has 5 seconds left.\n|\n|t:|1683239447\n|move|p1b: Drifblim|Helping Hand|p1a: Flutter Mane\n|-singleturn|p1a: Flutter Mane|Helping Hand|[of] p1b: Drifblim\n|move|p1a: Flutter Mane|Shadow Ball|p2a: Smash so hard\n|-damage|p2a: Smash so hard|0 fnt\n|faint|p2a: Smash so hard\n|\n|win|ELFRAN132\n|raw|ELFRAN132's rating: 1105 → 1126<\/strong> (+21 for winning)\n|raw|Plexionth's rating: 1043 → 1029<\/strong> (-14 for losing)\n|l|\u2606Plexionth\n","uploadtime":1683239481,"views":7,"p1id":"elfran132","p2id":"plexionth","formatid":"gen9vgc2023regulationc","rating":1029,"private":0,"password":""}