{"id":"gen9vgc2023regulationc-1859081698","p1":"Vellas","p2":"Insertable194","format":"[Gen 9] VGC 2023 Regulation C","log":"|j|\u2606Vellas\n|j|\u2606Insertable194\n|t:|1683402212\n|gametype|doubles\n|player|p1|Vellas|gambler|1258\n|player|p2|Insertable194|hilbert-wonderlauncher|1321\n|teamsize|p1|6\n|teamsize|p2|6\n|gen|9\n|tier|[Gen 9] VGC 2023 Regulation C\n|rated|\n|rule|Species Clause: Limit one of each Pok\u00e9mon\n|rule|Item Clause: Limit one of each item\n|clearpoke\n|poke|p1|Ting-Lu, L50|\n|poke|p1|Iron Bundle, L50|\n|poke|p1|Garganacl, L50, M|\n|poke|p1|Amoonguss, L50, M|\n|poke|p1|Roaring Moon, L50|\n|poke|p1|Arcanine, L50, F|\n|poke|p2|Dondozo, L50, F|\n|poke|p2|Tatsugiri, L50, F|\n|poke|p2|Chi-Yu, L50|\n|poke|p2|Flutter Mane, L50|\n|poke|p2|Murkrow, L50, M|\n|poke|p2|Iron Moth, L50|\n|teampreview|4\nInsertable194 has agreed to open team sheets.\n|inactive|Battle timer is ON: inactive players will automatically lose when time's up. (requested by Insertable194)\n|inactive|Insertable194 has 60 seconds left.\n|\n|t:|1683402263\n|start\n|switch|p1a: Garganacl|Garganacl, L50, M, shiny|100\/100\n|switch|p1b: Iron Bundle|Iron Bundle, L50|100\/100\n|switch|p2a: Murkrow|Murkrow, L50, M|100\/100\n|switch|p2b: Flutter Mane|Flutter Mane, L50|100\/100\n|turn|1\n|inactive|Vellas has 30 seconds left.\n|inactive|Insertable194 has 30 seconds left.\n|\n|t:|1683402289\n|-end|p1b: Iron Bundle|Quark Drive|[silent]\n|switch|p1b: Amoonguss|Amoonguss, L50, M, shiny|100\/100\n|move|p2a: Murkrow|Taunt|p1a: Garganacl\n|-start|p1a: Garganacl|move: Taunt\n|move|p2b: Flutter Mane|Dazzling Gleam|p1a: Garganacl|[spread] p1a,p1b\n|-resisted|p1b: Amoonguss\n|-damage|p1a: Garganacl|64\/100\n|-damage|p1b: Amoonguss|76\/100\n|cant|p1a: Garganacl|move: Taunt|Stealth Rock\n|\n|-heal|p1a: Garganacl|70\/100|[from] item: Leftovers\n|upkeep\n|turn|2\n|\n|t:|1683402310\n|move|p2a: Murkrow|Taunt|p1b: Amoonguss\n|-start|p1b: Amoonguss|move: Taunt\n|move|p2b: Flutter Mane|Dazzling Gleam|p1b: Amoonguss|[spread] p1a,p1b\n|-resisted|p1b: Amoonguss\n|-damage|p1a: Garganacl|36\/100\n|-damage|p1b: Amoonguss|53\/100\n|move|p1a: Garganacl|Salt Cure|p2b: Flutter Mane\n|-damage|p2b: Flutter Mane|68\/100\n|-start|p2b: Flutter Mane|Salt Cure\n|move|p1b: Amoonguss|Pollen Puff|p1a: Garganacl\n|-heal|p1a: Garganacl|86\/100\n|\n|-heal|p1a: Garganacl|92\/100|[from] item: Leftovers\n|-damage|p2b: Flutter Mane|56\/100|[from] Salt Cure\n|upkeep\n|turn|3\n|inactive|Vellas has 30 seconds left.\n|\n|t:|1683402338\n|switch|p1b: Ting-Lu|Ting-Lu, L50|100\/100\n|-ability|p1b: Ting-Lu|Vessel of Ruin\n|move|p2b: Flutter Mane|Dazzling Gleam|p1b: Ting-Lu|[spread] p1a,p1b\n|-supereffective|p1b: Ting-Lu\n|-damage|p1a: Garganacl|68\/100\n|-damage|p1b: Ting-Lu|68\/100\n|move|p2a: Murkrow|Foul Play|p1b: Ting-Lu\n|-resisted|p1b: Ting-Lu\n|-damage|p1b: Ting-Lu|53\/100\n|move|p1a: Garganacl|Salt Cure|p2a: Murkrow\n|-supereffective|p2a: Murkrow\n|-damage|p2a: Murkrow|54\/100\n|-start|p2a: Murkrow|Salt Cure\n|-enditem|p2a: Murkrow|Eject Button\n|\n|t:|1683402360\n|switch|p2a: Dondozo|Dondozo, L50, F|100\/100\n|\n|-heal|p1a: Garganacl|74\/100|[from] item: Leftovers\n|-damage|p2b: Flutter Mane|44\/100|[from] Salt Cure\n|-end|p1a: Garganacl|move: Taunt\n|upkeep\n|turn|4\n|\n|t:|1683402375\n|-end|p2b: Flutter Mane|Protosynthesis|[silent]\n|switch|p2b: Tatsugiri|Tatsugiri, L50, F|100\/100\n|-activate|p2b: Tatsugiri|ability: Commander|[of] p2a: Dondozo\n|-boost|p2a: Dondozo|atk|2\n|-boost|p2a: Dondozo|spa|2\n|-boost|p2a: Dondozo|spe|2\n|-boost|p2a: Dondozo|def|2\n|-boost|p2a: Dondozo|spd|2\n|move|p2a: Dondozo|Earthquake|p1a: Garganacl|[spread] p1a,p1b\n|-miss|p2a: Dondozo|p2b: Tatsugiri\n|-supereffective|p1a: Garganacl\n|-damage|p1a: Garganacl|0 fnt\n|-damage|p1b: Ting-Lu|15\/100\n|faint|p1a: Garganacl\n|move|p1b: Ting-Lu|Ruination|p2a: Dondozo|[miss]\n|-miss|p1b: Ting-Lu|p2a: Dondozo\n|\n|upkeep\n|\n|t:|1683402389\n|switch|p1a: Amoonguss|Amoonguss, L50, M, shiny|86\/100\n|turn|5\n|\n|t:|1683402402\n|move|p2a: Dondozo|Earthquake|p1b: Ting-Lu|[spread] p1a,p1b\n|-miss|p2a: Dondozo|p2b: Tatsugiri\n|-damage|p1a: Amoonguss|40\/100\n|-damage|p1b: Ting-Lu|0 fnt\n|-enditem|p1a: Amoonguss|Sitrus Berry|[eat]\n|-heal|p1a: Amoonguss|65\/100|[from] item: Sitrus Berry\n|faint|p1b: Ting-Lu\n|move|p1a: Amoonguss|Spore|p2a: Dondozo\n|-status|p2a: Dondozo|slp|[from] move: Spore\n|\n|upkeep\n|\n|t:|1683402411\n|switch|p1b: Iron Bundle|Iron Bundle, L50|100\/100\n|turn|6\n|\n|t:|1683402423\n|-terastallize|p2a: Dondozo|Poison\n|move|p1b: Iron Bundle|Freeze-Dry|p2a: Dondozo\n|-damage|p2a: Dondozo|82\/100 slp\n|cant|p2a: Dondozo|slp\n|move|p1a: Amoonguss|Pollen Puff|p1b: Iron Bundle\n|-immune|p1b: Iron Bundle\n|\n|upkeep\n|turn|7\n|\n|t:|1683402436\n|move|p1b: Iron Bundle|Hydro Pump|p2a: Dondozo|[miss]\n|-miss|p1b: Iron Bundle|p2a: Dondozo\n|cant|p2a: Dondozo|slp\n|move|p1a: Amoonguss|Pollen Puff|p2a: Dondozo\n|-resisted|p2a: Dondozo\n|-damage|p2a: Dondozo|77\/100 slp\n|\n|upkeep\n|turn|8\n|inactive|Insertable194 has 30 seconds left.\n|inactive|Insertable194 has 20 seconds left.\n|inactive|Insertable194 has 15 seconds left.\n|inactive|Insertable194 has 10 seconds left.\n|inactive|Insertable194 has 5 seconds left.\n|\n|t:|1683402491\n|move|p1b: Iron Bundle|Hydro Pump|p2a: Dondozo|[miss]\n|-miss|p1b: Iron Bundle|p2a: Dondozo\n|cant|p2a: Dondozo|slp\n|move|p1a: Amoonguss|Spore|p2a: Dondozo\n|-fail|p2a: Dondozo|slp\n|\n|upkeep\n|turn|9\n|\n|t:|1683402503\n|move|p1b: Iron Bundle|Hydro Pump|p2a: Dondozo|[miss]\n|-miss|p1b: Iron Bundle|p2a: Dondozo\n|-curestatus|p2a: Dondozo|slp|[msg]\n|move|p2a: Dondozo|Earthquake|p1a: Amoonguss|[spread] p1a,p1b\n|-miss|p2a: Dondozo|p2b: Tatsugiri\n|-damage|p1a: Amoonguss|18\/100\n|-damage|p1b: Iron Bundle|16\/100\n|move|p1a: Amoonguss|Spore|p2a: Dondozo\n|-status|p2a: Dondozo|slp|[from] move: Spore\n|\n|upkeep\n|turn|10\n|\n|t:|1683402517\n|move|p1b: Iron Bundle|Hydro Pump|p2a: Dondozo\n|-damage|p2a: Dondozo|46\/100 slp\n|cant|p2a: Dondozo|slp\n|move|p1a: Amoonguss|Pollen Puff|p1b: Iron Bundle\n|-heal|p1b: Iron Bundle|65\/100\n|\n|upkeep\n|turn|11\n|inactive|Insertable194 has 30 seconds left.\n|\n|t:|1683402551\n|move|p1b: Iron Bundle|Hydro Pump|p2a: Dondozo\n|-damage|p2a: Dondozo|12\/100 slp\n|-curestatus|p2a: Dondozo|slp|[msg]\n|move|p2a: Dondozo|Earthquake|p1b: Iron Bundle|[spread] p1a,p1b\n|-miss|p2a: Dondozo|p2b: Tatsugiri\n|-damage|p1a: Amoonguss|0 fnt\n|-damage|p1b: Iron Bundle|0 fnt\n|faint|p1a: Amoonguss\n|faint|p1b: Iron Bundle\n|-end|p1b: Iron Bundle|Quark Drive|[silent]\n|\n|win|Insertable194\n|raw|Vellas's rating: 1258 → 1237<\/strong> (-21 for losing)\n|raw|Insertable194's rating: 1321 → 1337<\/strong> (+16 for winning)\n","uploadtime":1683402559,"views":11,"p1id":"vellas","p2id":"insertable194","formatid":"gen9vgc2023regulationc","rating":1237,"private":0,"password":""}