{"id":"gen9vgc2023regulationc-1853238406","p1":"anshar_training","p2":"john0627","format":"[Gen 9] VGC 2023 Regulation C","log":"|j|\u2606anshar_training\n|j|\u2606john0627\n|t:|1682653041\n|gametype|doubles\n|player|p1|anshar_training|colress|1202\n|player|p2|john0627|101|1121\n|teamsize|p1|6\n|teamsize|p2|6\n|gen|9\n|tier|[Gen 9] VGC 2023 Regulation C\n|rated|\n|rule|Species Clause: Limit one of each Pok\u00e9mon\n|rule|Item Clause: Limit one of each item\n|clearpoke\n|poke|p1|Palafin, L50, F|\n|poke|p1|Flutter Mane, L50|\n|poke|p1|Arcanine, L50, F|\n|poke|p1|Amoonguss, L50, M|\n|poke|p1|Ting-Lu, L50|\n|poke|p1|Roaring Moon, L50|\n|poke|p2|Arcanine, L50, F|\n|poke|p2|Chien-Pao, L50|\n|poke|p2|Chi-Yu, L50|\n|poke|p2|Sableye, L50, M|\n|poke|p2|Gastrodon, L50, M|\n|poke|p2|Braviary, L50, M|\n|teampreview|4\n|inactive|Battle timer is ON: inactive players will automatically lose when time's up. (requested by anshar_training)\n|inactive|anshar_training has 60 seconds left.\n|\n|t:|1682653107\n|start\n|switch|p1a: Apolo|Arcanine, L50, F|100\/100\n|switch|p1b: Cornelia|Flutter Mane, L50|100\/100\n|switch|p2a: Sableye|Sableye, L50, M|100\/100\n|switch|p2b: Chi-Yu|Chi-Yu, L50|100\/100\n|-ability|p2b: Chi-Yu|Beads of Ruin\n|-ability|p1a: Apolo|Intimidate|boost\n|-unboost|p2a: Sableye|atk|1\n|-unboost|p2b: Chi-Yu|atk|1\n|turn|1\n|inactive|anshar_training has 30 seconds left.\n|inactive|anshar_training has 20 seconds left.\n|\n|t:|1682653142\n|-terastallize|p1b: Cornelia|Fairy\n|-terastallize|p2b: Chi-Yu|Fire\n|move|p2a: Sableye|Fake Out|p1a: Apolo\n|-damage|p1a: Apolo|96\/100\n|move|p1b: Cornelia|Dazzling Gleam|p2b: Chi-Yu|[spread] p2a,p2b\n|-supereffective|p2a: Sableye\n|-resisted|p2b: Chi-Yu\n|-damage|p2a: Sableye|0 fnt\n|-damage|p2b: Chi-Yu|61\/100\n|faint|p2a: Sableye\n|move|p2b: Chi-Yu|Heat Wave|p1a: Apolo|[spread] p1b\n|-miss|p2b: Chi-Yu|p1a: Apolo\n|-damage|p1b: Cornelia|1\/100\n|cant|p1a: Apolo|flinch\n|\n|upkeep\n|\n|t:|1682653162\n|switch|p2a: Chien-Pao|Chien-Pao, L50|100\/100\n|-ability|p2a: Chien-Pao|Sword of Ruin\n|turn|2\n|\n|t:|1682653171\n|move|p1a: Apolo|Extreme Speed|p2b: Chi-Yu\n|-damage|p2b: Chi-Yu|16\/100\n|move|p2a: Chien-Pao|Sucker Punch|p1b: Cornelia\n|-resisted|p1b: Cornelia\n|-damage|p1b: Cornelia|0 fnt\n|faint|p1b: Cornelia\n|-end|p1b: Cornelia|Protosynthesis|[silent]\n|move|p2b: Chi-Yu|Heat Wave|p1a: Apolo\n|-resisted|p1a: Apolo\n|-damage|p1a: Apolo|20\/100\n|\n|upkeep\n|\n|t:|1682653194\n|switch|p1b: Good Soup|Ting-Lu, L50|100\/100\n|-ability|p1b: Good Soup|Vessel of Ruin\n|turn|3\n|\n|t:|1682653214\n|switch|p2b: Gastrodon|Gastrodon, L50, M|100\/100\n|move|p1a: Apolo|Extreme Speed|p2b: Gastrodon\n|-damage|p2b: Gastrodon|71\/100\n|move|p2a: Chien-Pao|Sacred Sword|p1a: Apolo\n|-damage|p1a: Apolo|0 fnt\n|faint|p1a: Apolo\n|move|p1b: Good Soup|Heavy Slam|p2a: Chien-Pao\n|-supereffective|p2a: Chien-Pao\n|-damage|p2a: Chien-Pao|15\/100\n|\n|upkeep\n|\n|t:|1682653227\n|switch|p1a: Susy|Amoonguss, L50, M|100\/100\n|turn|4\n|\n|t:|1682653249\n|move|p1a: Susy|Protect|p1a: Susy\n|-singleturn|p1a: Susy|Protect\n|move|p2a: Chien-Pao|Ice Spinner|p1a: Susy\n|-activate|p1a: Susy|move: Protect\n|move|p1b: Good Soup|Heavy Slam|p2a: Chien-Pao\n|-supereffective|p2a: Chien-Pao\n|-damage|p2a: Chien-Pao|0 fnt\n|faint|p2a: Chien-Pao\n|move|p2b: Gastrodon|Icy Wind|p1b: Good Soup|[spread] p1b\n|-activate|p1a: Susy|move: Protect\n|-supereffective|p1b: Good Soup\n|-damage|p1b: Good Soup|94\/100\n|-unboost|p1b: Good Soup|spe|1\n|\n|upkeep\n|\n|t:|1682653264\n|switch|p2a: Chi-Yu|Chi-Yu, L50, tera:Fire|16\/100\n|-ability|p2a: Chi-Yu|Beads of Ruin\n|turn|5\n|\n|t:|1682653289\n|move|p2a: Chi-Yu|Heat Wave|p1a: Susy|[spread] p1a,p1b\n|-supereffective|p1a: Susy\n|-damage|p1a: Susy|0 fnt\n|-damage|p1b: Good Soup|49\/100\n|faint|p1a: Susy\n|move|p2b: Gastrodon|Icy Wind|p1b: Good Soup\n|-supereffective|p1b: Good Soup\n|-damage|p1b: Good Soup|34\/100\n|-unboost|p1b: Good Soup|spe|1\n|move|p1b: Good Soup|Stomping Tantrum|p2a: Chi-Yu\n|-supereffective|p2a: Chi-Yu\n|-damage|p2a: Chi-Yu|0 fnt\n|faint|p2a: Chi-Yu\n|\n|upkeep\n|turn|6\n|inactive|anshar_training has 30 seconds left.\n|inactive|anshar_training has 20 seconds left.\n|inactive|anshar_training has 15 seconds left.\n|inactive|anshar_training has 10 seconds left.\n|\n|t:|1682653336\n|move|p2b: Gastrodon|Earth Power|p1b: Good Soup\n|-damage|p1b: Good Soup|21\/100\n|move|p1b: Good Soup|Stomping Tantrum|p2b: Gastrodon\n|-damage|p2b: Gastrodon|37\/100\n|\n|upkeep\n|turn|7\n|\n|t:|1682653352\n|move|p2b: Gastrodon|Earth Power|p1b: Good Soup\n|-damage|p1b: Good Soup|8\/100\n|move|p1b: Good Soup|Stomping Tantrum|p2b: Gastrodon\n|-damage|p2b: Gastrodon|2\/100\n|\n|upkeep\n|turn|8\n|\n|t:|1682653364\n|move|p2b: Gastrodon|Earth Power|p1b: Good Soup\n|-damage|p1b: Good Soup|0 fnt\n|faint|p1b: Good Soup\n|\n|win|john0627\n|raw|anshar_training's rating: 1202 → 1171<\/strong> (-31 for losing)\n|raw|john0627's rating: 1121 → 1152<\/strong> (+31 for winning)\n","uploadtime":1682653370,"views":7,"p1id":"anshartraining","p2id":"john0627","formatid":"gen9vgc2023regulationc","rating":1152,"private":0,"password":""}