{"id":"gen9vgc2023regulationc-1847696331","p1":"GameSpear","p2":"Sbradyb","format":"[Gen 9] VGC 2023 Regulation C","log":"|j|\u2606GameSpear\n|j|\u2606Sbradyb\n|t:|1681993489\n|gametype|doubles\n|player|p1|GameSpear|medium|1320\n|player|p2|Sbradyb|169|1348\n|teamsize|p1|6\n|teamsize|p2|6\n|gen|9\n|tier|[Gen 9] VGC 2023 Regulation C\n|rated|\n|rule|Species Clause: Limit one of each Pok\u00e9mon\n|rule|Item Clause: Limit one of each item\n|clearpoke\n|poke|p1|Flutter Mane, L50|\n|poke|p1|Palafin, L50, F|\n|poke|p1|Chi-Yu, L50|\n|poke|p1|Chien-Pao, L50|\n|poke|p1|Ting-Lu, L50|\n|poke|p1|Glimmora, L50, F|\n|poke|p2|Tatsugiri, L50, F|\n|poke|p2|Dondozo, L50, F|\n|poke|p2|Flutter Mane, L50|\n|poke|p2|Ting-Lu, L50|\n|poke|p2|Gholdengo, L50|\n|poke|p2|Dragonite, L50, F|\n|teampreview|4\n|inactive|Battle timer is ON: inactive players will automatically lose when time's up. (requested by GameSpear)\n|\n|t:|1681993515\n|start\n|switch|p1a: Chien-Pao|Chien-Pao, L50|100\/100\n|switch|p1b: Palafin|Palafin, L50, F, shiny|100\/100\n|switch|p2a: Ting-Lu|Ting-Lu, L50|100\/100\n|switch|p2b: Dondozo|Dondozo, L50, F|100\/100\n|-ability|p1a: Chien-Pao|Sword of Ruin\n|-ability|p2a: Ting-Lu|Vessel of Ruin\n|turn|1\n|\n|t:|1681993539\n|detailschange|p1b: Palafin|Palafin-Hero, L50, F, shiny\n|switch|p1b: Flutter Mane|Flutter Mane, L50|100\/100\n|-enditem|p1b: Flutter Mane|Booster Energy\n|-activate|p1b: Flutter Mane|ability: Protosynthesis|[fromitem]\n|-start|p1b: Flutter Mane|protosynthesisspe\n|move|p1a: Chien-Pao|Protect|p1a: Chien-Pao\n|-singleturn|p1a: Chien-Pao|Protect\n|move|p2a: Ting-Lu|Protect|p2a: Ting-Lu\n|-singleturn|p2a: Ting-Lu|Protect\n|move|p2b: Dondozo|Yawn|p1b: Flutter Mane\n|-start|p1b: Flutter Mane|move: Yawn|[of] p2b: Dondozo\n|\n|upkeep\n|turn|2\n|\n|t:|1681993564\n|-terastallize|p2a: Ting-Lu|Poison\n|move|p1b: Flutter Mane|Thunderbolt|p2b: Dondozo\n|-supereffective|p2b: Dondozo\n|-damage|p2b: Dondozo|62\/100\n|move|p1a: Chien-Pao|Ice Spinner|p2a: Ting-Lu\n|-damage|p2a: Ting-Lu|56\/100\n|-damage|p1a: Chien-Pao|91\/100|[from] item: Life Orb\n|move|p2a: Ting-Lu|Heavy Slam|p1a: Chien-Pao\n|-supereffective|p1a: Chien-Pao\n|-damage|p1a: Chien-Pao|0 fnt\n|faint|p1a: Chien-Pao\n|move|p2b: Dondozo|Heavy Slam|p1b: Flutter Mane\n|-supereffective|p1b: Flutter Mane\n|-damage|p1b: Flutter Mane|0 fnt\n|faint|p1b: Flutter Mane\n|-end|p1b: Flutter Mane|Protosynthesis|[silent]\n|\n|-heal|p2b: Dondozo|68\/100|[from] item: Leftovers\n|upkeep\n|\n|t:|1681993573\n|switch|p1a: Palafin|Palafin-Hero, L50, F, shiny|100\/100\n|switch|p1b: Chi-Yu|Chi-Yu, L50|100\/100\n|-ability|p1b: Chi-Yu|Beads of Ruin\n|-activate|p1a: Palafin|ability: Zero to Hero\n|turn|3\n|\n|t:|1681993594\n|switch|p2b: Tatsugiri|Tatsugiri, L50, F|100\/100\n|-terastallize|p1b: Chi-Yu|Grass\n|move|p1b: Chi-Yu|Dark Pulse|p2b: Tatsugiri\n|-damage|p2b: Tatsugiri|46\/100\n|move|p1a: Palafin|Wave Crash|p2b: Tatsugiri\n|-activate|p2b: Tatsugiri|ability: Storm Drain\n|-ability|p2b: Tatsugiri|Storm Drain|boost\n|-boost|p2b: Tatsugiri|spa|1\n|move|p2a: Ting-Lu|Stomping Tantrum|p1b: Chi-Yu\n|-resisted|p1b: Chi-Yu\n|-damage|p1b: Chi-Yu|73\/100\n|\n|upkeep\n|turn|4\n|inactive|Sbradyb has 30 seconds left.\n|inactive|GameSpear has 30 seconds left.\n|\n|t:|1681993629\n|move|p1a: Palafin|Protect|p1a: Palafin\n|-singleturn|p1a: Palafin|Protect\n|move|p1b: Chi-Yu|Dark Pulse|p2b: Tatsugiri\n|-damage|p2b: Tatsugiri|0 fnt\n|faint|p2b: Tatsugiri\n|move|p2a: Ting-Lu|Stomping Tantrum|p1b: Chi-Yu\n|-resisted|p1b: Chi-Yu\n|-damage|p1b: Chi-Yu|46\/100\n|\n|upkeep\n|\n|t:|1681993652\n|switch|p2b: Dragonite|Dragonite, L50, F|100\/100\n|turn|5\n|\n|t:|1681993658\n|move|p2b: Dragonite|Extreme Speed|p1b: Chi-Yu\n|-damage|p1b: Chi-Yu|0 fnt\n|faint|p1b: Chi-Yu\n|move|p1a: Palafin|Wave Crash|p2a: Ting-Lu\n|-damage|p2a: Ting-Lu|0 fnt\n|faint|p2a: Ting-Lu\n|-damage|p1a: Palafin|79\/100|[from] Recoil\n|\n|upkeep\n|\n|t:|1681993664\n|switch|p2a: Dondozo|Dondozo, L50, F|68\/100\n|turn|6\n|\n|t:|1681993668\n|move|p2b: Dragonite|Extreme Speed|p1a: Palafin\n|-damage|p1a: Palafin|38\/100\n|move|p1a: Palafin|Jet Punch|p2b: Dragonite\n|-resisted|p2b: Dragonite\n|-damage|p2b: Dragonite|88\/100\n|move|p2a: Dondozo|Yawn|p1a: Palafin\n|-start|p1a: Palafin|move: Yawn|[of] p2a: Dondozo\n|\n|-heal|p2a: Dondozo|75\/100|[from] item: Leftovers\n|upkeep\n|turn|7\n|-message|GameSpear forfeited.\n|\n|win|Sbradyb\n|raw|GameSpear's rating: 1320 → 1302<\/strong> (-18 for losing)\n|raw|Sbradyb's rating: 1348 → 1366<\/strong> (+18 for winning)\n|l|\u2606GameSpear\n","uploadtime":1681993685,"views":7,"p1id":"gamespear","p2id":"sbradyb","formatid":"gen9vgc2023regulationc","rating":1302,"private":0,"password":""}