{"id":"gen9vgc2023regulationc-1863494419","p1":"LUMOO","p2":"LasermanZ111","format":"[Gen 9] VGC 2023 Regulation C","log":"|j|\u2606LUMOO\n|j|\u2606LasermanZ111\n|t:|1684025045\n|gametype|doubles\n|player|p1|LUMOO|169|1412\n|player|p2|LasermanZ111|ash|1425\n|teamsize|p1|6\n|teamsize|p2|6\n|gen|9\n|tier|[Gen 9] VGC 2023 Regulation C\n|rated|\n|rule|Species Clause: Limit one of each Pok\u00e9mon\n|rule|Item Clause: Limit one of each item\n|clearpoke\n|poke|p1|Farigiraf, L50, F|\n|poke|p1|Iron Hands, L50|\n|poke|p1|Gyarados, L50, M|\n|poke|p1|Ceruledge, L50, M|\n|poke|p1|Amoonguss, L50, F|\n|poke|p1|Ting-Lu, L50|\n|poke|p2|Chi-Yu, L50|\n|poke|p2|Flutter Mane, L50|\n|poke|p2|Iron Hands, L50|\n|poke|p2|Corviknight, L50, M|\n|poke|p2|Gyarados, L50, M|\n|poke|p2|Amoonguss, L50, M|\n|teampreview|4\nLasermanZ111 has agreed to open team sheets.\n|\n|t:|1684025152\n|start\n|switch|p1a: Farigiraf|Farigiraf, L50, F, shiny|100\/100\n|switch|p1b: Iron Hands|Iron Hands, L50, shiny|100\/100\n|switch|p2a: Chi-Yu|Chi-Yu, L50|100\/100\n|switch|p2b: Gyarados|Gyarados, L50, M|100\/100\n|-ability|p2a: Chi-Yu|Beads of Ruin\n|-ability|p2b: Gyarados|Intimidate|boost\n|-unboost|p1a: Farigiraf|atk|1\n|-unboost|p1b: Iron Hands|atk|1\n|-enditem|p1b: Iron Hands|Booster Energy\n|-activate|p1b: Iron Hands|ability: Quark Drive|[fromitem]\n|-start|p1b: Iron Hands|quarkdrivedef\n|turn|1\n|\n|t:|1684025207\n|switch|p2b: Amoonguss|Amoonguss, L50, M|100\/100\n|move|p2a: Chi-Yu|Protect|p2a: Chi-Yu\n|-singleturn|p2a: Chi-Yu|Protect\n|move|p1b: Iron Hands|Fake Out|p2a: Chi-Yu\n|-activate|p2a: Chi-Yu|move: Protect\n|move|p1a: Farigiraf|Psyshock|p2b: Amoonguss\n|-supereffective|p2b: Amoonguss\n|-damage|p2b: Amoonguss|48\/100\n|-enditem|p2b: Amoonguss|Sitrus Berry|[eat]\n|-heal|p2b: Amoonguss|72\/100|[from] item: Sitrus Berry\n|\n|upkeep\n|turn|2\n|\n|t:|1684025290\n|switch|p2b: Iron Hands|Iron Hands, L50|100\/100\n|-terastallize|p2a: Chi-Yu|Grass\n|-terastallize|p1b: Iron Hands|Grass\n|move|p1a: Farigiraf|Protect|p1a: Farigiraf\n|-singleturn|p1a: Farigiraf|Protect\n|move|p2a: Chi-Yu|Dark Pulse|p1a: Farigiraf\n|-activate|p1a: Farigiraf|move: Protect\n|move|p1b: Iron Hands|Drain Punch|p2a: Chi-Yu\n|-damage|p2a: Chi-Yu|57\/100\n|\n|upkeep\n|turn|3\n|\n|t:|1684025319\n|-end|p1b: Iron Hands|Quark Drive|[silent]\n|switch|p1b: Ceruledge|Ceruledge, L50, M|100\/100\n|move|p2b: Iron Hands|Fake Out||[still]\n|cant|p1a: Farigiraf|ability: Armor Tail|Fake Out|[of] p2b: Iron Hands\n|move|p2a: Chi-Yu|Dark Pulse|p1a: Farigiraf\n|-supereffective|p1a: Farigiraf\n|-damage|p1a: Farigiraf|0 fnt\n|faint|p1a: Farigiraf\n|-damage|p2a: Chi-Yu|47\/100|[from] item: Life Orb\n|\n|upkeep\n|\n|t:|1684025333\n|switch|p1a: Iron Hands|Iron Hands, L50, shiny, tera:Grass|100\/100\n|turn|4\n|\n|t:|1684025381\n|move|p2a: Chi-Yu|Protect|p2a: Chi-Yu\n|-singleturn|p2a: Chi-Yu|Protect\n|move|p1a: Iron Hands|Fake Out|p2a: Chi-Yu\n|-activate|p2a: Chi-Yu|move: Protect\n|move|p1b: Ceruledge|Bitter Blade|p2b: Iron Hands\n|-damage|p2b: Iron Hands|64\/100\n|move|p2b: Iron Hands|Stomping Tantrum|p1b: Ceruledge\n|-supereffective|p1b: Ceruledge\n|-damage|p1b: Ceruledge|0 fnt\n|faint|p1b: Ceruledge\n|\n|upkeep\n|\n|t:|1684025399\n|switch|p1b: Amoonguss|Amoonguss, L50, F, shiny|100\/100\n|turn|5\n|\n|t:|1684025418\n|move|p2a: Chi-Yu|Heat Wave|p1a: Iron Hands|[spread] p1a,p1b\n|-supereffective|p1a: Iron Hands\n|-supereffective|p1b: Amoonguss\n|-damage|p1a: Iron Hands|0 fnt\n|-damage|p1b: Amoonguss|0 fnt\n|faint|p1a: Iron Hands\n|-end|p1a: Iron Hands|Quark Drive|[silent]\n|faint|p1b: Amoonguss\n|-damage|p2a: Chi-Yu|37\/100|[from] item: Life Orb\n|\n|win|LasermanZ111\n|raw|LUMOO's rating: 1412 → 1393<\/strong> (-19 for losing)\n|raw|LasermanZ111's rating: 1425 → 1444<\/strong> (+19 for winning)\n|l|\u2606LUMOO\n","uploadtime":1684025426,"views":5,"p1id":"lumoo","p2id":"lasermanz111","formatid":"gen9vgc2023regulationc","rating":1393,"private":0,"password":""}