{"id":"gen9vgc2023regulationc-1863540974","p1":"Hydfvbjjjnv","p2":"animeggg","format":"[Gen 9] VGC 2023 Regulation C","log":"|j|\u2606Hydfvbjjjnv\n|j|\u2606animeggg\n|t:|1684031551\n|gametype|doubles\n|player|p1|Hydfvbjjjnv|101|1000\n|player|p2|animeggg|1|1018\n|teamsize|p1|6\n|teamsize|p2|6\n|gen|9\n|tier|[Gen 9] VGC 2023 Regulation C\n|rated|\n|rule|Species Clause: Limit one of each Pok\u00e9mon\n|rule|Item Clause: Limit one of each item\n|clearpoke\n|poke|p1|Jolteon, L50, M|\n|poke|p1|Gholdengo, L50|\n|poke|p1|Garchomp, L50, F|\n|poke|p1|Kilowattrel, L50, M|\n|poke|p1|Pawmot, L50, F|\n|poke|p1|Murkrow, L50, F|\n|poke|p2|Armarouge, L50, F|\n|poke|p2|Indeedee, L50, M|\n|poke|p2|Hatterene, L50, F|\n|poke|p2|Amoonguss, L50, F|\n|poke|p2|Sylveon, L50, M|\n|poke|p2|Kingambit, L50, M|\n|teampreview|4\n|\n|t:|1684031569\n|start\n|switch|p1a: Jolteon|Jolteon, L50, M|100\/100\n|switch|p1b: Gholdengo|Gholdengo, L50|100\/100\n|switch|p2a: Wholesome|Sylveon, L50, M|100\/100\n|switch|p2b: Hat|Hatterene, L50, F|100\/100\n|turn|1\n|\n|t:|1684031594\n|move|p1b: Gholdengo|Make It Rain|p2a: Wholesome|[spread] p2a,p2b\n|-supereffective|p2a: Wholesome\n|-supereffective|p2b: Hat\n|-damage|p2a: Wholesome|25\/100\n|-damage|p2b: Hat|0 fnt\n|-unboost|p1b: Gholdengo|spa|1\n|faint|p2b: Hat\n|move|p1a: Jolteon|Copycat|p1a: Jolteon\n|move|p1a: Jolteon|Make It Rain|p2a: Wholesome|[from]move: Copycat\n|-supereffective|p2a: Wholesome\n|-damage|p2a: Wholesome|0 fnt\n|-unboost|p1a: Jolteon|spa|1\n|faint|p2a: Wholesome\n|\n|upkeep\n|\n|t:|1684031611\n|switch|p2a: Bonk|Kingambit, L50, M|100\/100\n|switch|p2b: Dead meme|Amoonguss, L50, F|100\/100\n|turn|2\n|\n|t:|1684031650\n|switch|p1b: Garchomp|Garchomp, L50, F|100\/100\n|switch|p1a: Pawmot|Pawmot, L50, F|100\/100\n|move|p2a: Bonk|Sucker Punch||[still]\n|-fail|p2a: Bonk\n|move|p2b: Dead meme|Spore|p1a: Pawmot\n|-status|p1a: Pawmot|slp|[from] move: Spore\n|\n|upkeep\n|turn|3\n|\n|t:|1684031679\n|switch|p1b: Gholdengo|Gholdengo, L50|100\/100\n|-terastallize|p2b: Dead meme|Water\n|move|p2b: Dead meme|Rage Powder|p2b: Dead meme\n|-singleturn|p2b: Dead meme|move: Rage Powder\n|cant|p1a: Pawmot|slp\n|move|p2a: Bonk|Kowtow Cleave|p1b: Gholdengo\n|-supereffective|p1b: Gholdengo\n|-damage|p1b: Gholdengo|0 fnt\n|faint|p1b: Gholdengo\n|-damage|p2a: Bonk|91\/100|[from] item: Life Orb\n|\n|upkeep\n|\n|t:|1684031692\n|switch|p1b: Garchomp|Garchomp, L50, F|100\/100\n|turn|4\n|\n|t:|1684031717\n|-terastallize|p1b: Garchomp|Ground\n|-curestatus|p1a: Pawmot|slp|[msg]\n|move|p1a: Pawmot|Revival Blessing|p1a: Pawmot\n|\n|t:|1684031722\n|-heal|p1: Gholdengo|50\/100|[from] move: Revival Blessing\n|move|p1b: Garchomp|Earthquake|p2b: Dead meme|[spread] p1a,p2a,p2b\n|-supereffective|p1a: Pawmot\n|-supereffective|p2a: Bonk\n|-enditem|p1a: Pawmot|Focus Sash\n|-damage|p1a: Pawmot|1\/100\n|-damage|p2a: Bonk|10\/100\n|-damage|p2b: Dead meme|42\/100\n|move|p2a: Bonk|Kowtow Cleave|p1b: Garchomp\n|-damage|p1b: Garchomp|33\/100\n|-damage|p2a: Bonk|0 fnt|[from] ability: Rough Skin|[of] p1b: Garchomp\n|faint|p2a: Bonk\n|move|p2b: Dead meme|Pollen Puff|p1b: Garchomp\n|-damage|p1b: Garchomp|14\/100\n|\n|upkeep\n|turn|5\n|\n|t:|1684031745\n|move|p1a: Pawmot|Double Shock|p2b: Dead meme\n|-supereffective|p2b: Dead meme\n|-crit|p2b: Dead meme\n|-damage|p2b: Dead meme|0 fnt\n|-start|p1a: Pawmot|typechange|???\/Fighting|[from] move: Double Shock\n|faint|p2b: Dead meme\n|\n|win|Hydfvbjjjnv\n|raw|Hydfvbjjjnv's rating: 1000 → 1042<\/strong> (+42 for winning)\n|raw|animeggg's rating: 1018 → 1005<\/strong> (-13 for losing)\n|l|\u2606animeggg\n","uploadtime":1684031755,"views":12,"p1id":"hydfvbjjjnv","p2id":"animeggg","formatid":"gen9vgc2023regulationc","rating":1005,"private":0,"password":""}