{"id":"gen9vgc2023regulationc-1845963136","p1":"torwildheart","p2":"GamerBiden","format":"[Gen 9] VGC 2023 Regulation C","log":"|j|\u2606torwildheart\n|j|\u2606GamerBiden\n|t:|1681784498\n|gametype|doubles\n|player|p1|torwildheart|teamrocket|\n|player|p2|GamerBiden|pryce|\n|teamsize|p1|6\n|teamsize|p2|6\n|gen|9\n|tier|[Gen 9] VGC 2023 Regulation C\n|rated|Tournament battle\n|rule|Species Clause: Limit one of each Pok\u00e9mon\n|rule|Item Clause: Limit one of each item\n|clearpoke\n|poke|p1|Iron Bundle, L50|\n|poke|p1|Ting-Lu, L50|\n|poke|p1|Ceruledge, L50, M|\n|poke|p1|Amoonguss, L50, M|\n|poke|p1|Flutter Mane, L50|\n|poke|p1|Tauros-Paldea-Aqua, L50, M|\n|poke|p2|Garganacl, L50, M|\n|poke|p2|Arcanine, L50, M|\n|poke|p2|Ting-Lu, L50|\n|poke|p2|Dragonite, L50, F|\n|poke|p2|Flutter Mane, L50|\n|poke|p2|Chi-Yu, L50|\n|teampreview|4\n|raw| Open Team Sheet for torwildheart<\/summary>FuturamaS2E4 (Iron Bundle) @ Booster Energy Ability: Quark Drive Level: 50 Tera Type: Water - Freeze-Dry - Icy Wind - Hydro Pump - Protect Drink Me (Ting-Lu) @ Assault Vest Ability: Vessel of Ruin Level: 50 Tera Type: Water - Heavy Slam - Fissure - Stomping Tantrum - Body Press Ow The Edge (Ceruledge) @ Clear Amulet Ability: Flash Fire Level: 50 Tera Type: Grass - Bitter Blade - Shadow Sneak - Bulk Up - Protect Sus (Amoonguss) @ Rocky Helmet Ability: Regenerator Level: 50 Tera Type: Water - Spore - Rage Powder - Pollen Puff - Protect Banned (Flutter Mane) @ Choice Specs Ability: Protosynthesis Level: 50 Tera Type: Fairy - Moonblast - Shadow Ball - Dazzling Gleam - Power Gem Agua Furiosa (Tauros-Paldea-Aqua) (M) @ Mirror Herb Ability: Intimidate Level: 50 Tera Type: Fire - Aqua Jet - Raging Bull - Close Combat - Protect <\/details><\/div> Open Team Sheet for GamerBiden<\/summary>Garganacl @ Leftovers Ability: Purifying Salt Level: 50 Tera Type: Ghost - Salt Cure - Recover - Iron Defense - Protect Arcanine @ Sitrus Berry Ability: Intimidate Level: 50 Tera Type: Grass - Flare Blitz - Will-O-Wisp - Snarl - Protect Ting-Lu @ Bright Powder Ability: Vessel of Ruin Level: 50 Tera Type: Poison - Fissure - Stomping Tantrum - Heavy Slam - Ruination Dragonite @ Assault Vest Ability: Multiscale Level: 50 Tera Type: Normal - Aerial Ace - Extreme Speed - Ice Spinner - Low Kick Flutter Mane @ Booster Energy Ability: Protosynthesis Level: 50 Tera Type: Fairy - Thunderbolt - Shadow Ball - Dazzling Gleam - Power Gem Chi-Yu @ Choice Specs Ability: Beads of Ruin Level: 50 Tera Type: Fire - Heat Wave - Dark Pulse - Flamethrower - Snarl <\/details><\/div>\n|j| WeirdPolyCouple\n|j|%Borghi\n|j| Iancrix\n|j| Rybot.v2\n|\n|t:|1681784535\n|start\n|switch|p1a: Ow The Edge|Ceruledge, L50, M|100\/100\n|switch|p1b: Drink Me|Ting-Lu, L50|100\/100\n|switch|p2a: Garganacl|Garganacl, L50, M|100\/100\n|switch|p2b: Flutter Mane|Flutter Mane, L50|100\/100\n|-ability|p1b: Drink Me|Vessel of Ruin\n|-enditem|p2b: Flutter Mane|Booster Energy\n|-activate|p2b: Flutter Mane|ability: Protosynthesis|[fromitem]\n|-start|p2b: Flutter Mane|protosynthesisspa\n|turn|1\n|j| The2009Zapdos\n|\n|t:|1681784556\n|-end|p2b: Flutter Mane|Protosynthesis|[silent]\n|switch|p2b: Arcanine|Arcanine, L50, M|100\/100\n|-ability|p2b: Arcanine|Intimidate|boost\n|-fail|p1a: Ow The Edge|unboost|[from] item: Clear Amulet|[of] p1a: Ow The Edge\n|-unboost|p1b: Drink Me|atk|1\n|move|p1a: Ow The Edge|Protect|p1a: Ow The Edge\n|-singleturn|p1a: Ow The Edge|Protect\n|move|p1b: Drink Me|Heavy Slam|p2b: Arcanine\n|-resisted|p2b: Arcanine\n|-damage|p2b: Arcanine|91\/100\n|move|p2a: Garganacl|Salt Cure|p1a: Ow The Edge\n|-activate|p1a: Ow The Edge|move: Protect\n|\n|upkeep\n|turn|2\n|\n|t:|1681784575\n|-terastallize|p1a: Ow The Edge|Grass\n|move|p2b: Arcanine|Will-O-Wisp|p1b: Drink Me\n|-status|p1b: Drink Me|brn\n|move|p1a: Ow The Edge|Bulk Up|p1a: Ow The Edge\n|-boost|p1a: Ow The Edge|atk|1\n|-boost|p1a: Ow The Edge|def|1\n|move|p1b: Drink Me|Fissure|p2a: Garganacl|[miss]\n|-miss|p1b: Drink Me|p2a: Garganacl\n|move|p2a: Garganacl|Salt Cure|p1a: Ow The Edge\n|-damage|p1a: Ow The Edge|90\/100\n|-start|p1a: Ow The Edge|Salt Cure\n|\n|-damage|p1b: Drink Me|94\/100 brn|[from] brn\n|-damage|p1a: Ow The Edge|78\/100|[from] Salt Cure\n|upkeep\n|turn|3\n|\n|t:|1681784598\n|move|p2b: Arcanine|Snarl|p1b: Drink Me|[spread] p1a,p1b\n|-resisted|p1b: Drink Me\n|-damage|p1a: Ow The Edge|72\/100\n|-damage|p1b: Drink Me|93\/100 brn\n|-unboost|p1b: Drink Me|spa|1\n|move|p1a: Ow The Edge|Bitter Blade|p2b: Arcanine\n|-resisted|p2b: Arcanine\n|-damage|p2b: Arcanine|56\/100\n|-heal|p1a: Ow The Edge|91\/100|[from] drain|[of] p2b: Arcanine\n|move|p1b: Drink Me|Fissure|p2a: Garganacl|[miss]\n|-miss|p1b: Drink Me|p2a: Garganacl\n|move|p2a: Garganacl|Salt Cure|p1b: Drink Me\n|-resisted|p1b: Drink Me\n|-damage|p1b: Drink Me|88\/100 brn\n|-start|p1b: Drink Me|Salt Cure\n|\n|-damage|p1b: Drink Me|82\/100 brn|[from] brn\n|-damage|p1a: Ow The Edge|78\/100|[from] Salt Cure\n|-damage|p1b: Drink Me|70\/100 brn|[from] Salt Cure\n|upkeep\n|turn|4\n|\n|t:|1681784619\n|move|p2b: Arcanine|Protect|p2b: Arcanine\n|-singleturn|p2b: Arcanine|Protect\n|move|p2a: Garganacl|Protect|p2a: Garganacl\n|-singleturn|p2a: Garganacl|Protect\n|move|p1a: Ow The Edge|Bulk Up|p1a: Ow The Edge\n|-boost|p1a: Ow The Edge|atk|1\n|-boost|p1a: Ow The Edge|def|1\n|move|p1b: Drink Me|Fissure|p2b: Arcanine\n|-activate|p2b: Arcanine|move: Protect\n|\n|-damage|p1b: Drink Me|64\/100 brn|[from] brn\n|-damage|p1a: Ow The Edge|66\/100|[from] Salt Cure\n|-damage|p1b: Drink Me|52\/100 brn|[from] Salt Cure\n|upkeep\n|turn|5\n|\n|t:|1681784643\n|move|p2b: Arcanine|Snarl|p1a: Ow The Edge|[spread] p1a,p1b\n|-resisted|p1b: Drink Me\n|-damage|p1a: Ow The Edge|60\/100\n|-damage|p1b: Drink Me|50\/100 brn\n|-unboost|p1b: Drink Me|spa|1\n|move|p1a: Ow The Edge|Bitter Blade|p2b: Arcanine\n|-resisted|p2b: Arcanine\n|-damage|p2b: Arcanine|10\/100\n|-heal|p1a: Ow The Edge|86\/100|[from] drain|[of] p2b: Arcanine\n|-enditem|p2b: Arcanine|Sitrus Berry|[eat]\n|-heal|p2b: Arcanine|35\/100|[from] item: Sitrus Berry\n|move|p1b: Drink Me|Fissure|p2a: Garganacl|[miss]\n|-miss|p1b: Drink Me|p2a: Garganacl\n|move|p2a: Garganacl|Salt Cure|p1a: Ow The Edge\n|-damage|p1a: Ow The Edge|77\/100\n|\n|-damage|p1b: Drink Me|44\/100 brn|[from] brn\n|-damage|p1a: Ow The Edge|65\/100|[from] Salt Cure\n|-damage|p1b: Drink Me|32\/100 brn|[from] Salt Cure\n|upkeep\n|turn|6\n|\n|t:|1681784667\n|switch|p2a: Dragonite|Dragonite, L50, F|100\/100\n|move|p2b: Arcanine|Protect|p2b: Arcanine\n|-singleturn|p2b: Arcanine|Protect\n|move|p1a: Ow The Edge|Shadow Sneak|p2b: Arcanine\n|-activate|p2b: Arcanine|move: Protect\n|move|p1b: Drink Me|Stomping Tantrum|p2a: Dragonite\n|-immune|p2a: Dragonite\n|\n|-damage|p1b: Drink Me|26\/100 brn|[from] brn\n|-damage|p1a: Ow The Edge|52\/100|[from] Salt Cure\n|-damage|p1b: Drink Me|13\/100 brn|[from] Salt Cure\n|upkeep\n|turn|7\n|\n|t:|1681784691\n|move|p2b: Arcanine|Snarl|p1b: Drink Me|[spread] p1a,p1b\n|-resisted|p1b: Drink Me\n|-damage|p1a: Ow The Edge|46\/100\n|-damage|p1b: Drink Me|12\/100 brn\n|-unboost|p1b: Drink Me|spa|1\n|move|p1a: Ow The Edge|Bitter Blade|p2a: Dragonite\n|-resisted|p2a: Dragonite\n|-damage|p2a: Dragonite|80\/100\n|-heal|p1a: Ow The Edge|58\/100|[from] drain|[of] p2a: Dragonite\n|move|p2a: Dragonite|Ice Spinner|p1a: Ow The Edge\n|-supereffective|p1a: Ow The Edge\n|-damage|p1a: Ow The Edge|21\/100\n|move|p1b: Drink Me|Stomping Tantrum|p2b: Arcanine\n|-supereffective|p2b: Arcanine\n|-damage|p2b: Arcanine|0 fnt\n|faint|p2b: Arcanine\n|\n|-damage|p1b: Drink Me|6\/100 brn|[from] brn\n|-damage|p1a: Ow The Edge|9\/100|[from] Salt Cure\n|-damage|p1b: Drink Me|0 fnt|[from] Salt Cure\n|faint|p1b: Drink Me\n|upkeep\n|\n|t:|1681784711\n|switch|p2b: Garganacl|Garganacl, L50, M|100\/100\n|switch|p1b: Banned|Flutter Mane, L50|100\/100\n|turn|8\n|j| Mikunji19\n|j| Radio Free C-Side\n|\n|t:|1681784728\n|-terastallize|p2a: Dragonite|Normal\n|move|p2a: Dragonite|Extreme Speed|p1a: Ow The Edge\n|-damage|p1a: Ow The Edge|0 fnt\n|faint|p1a: Ow The Edge\n|move|p1b: Banned|Moonblast|p2a: Dragonite\n|-damage|p2a: Dragonite|36\/100\n|move|p2b: Garganacl|Salt Cure|p1b: Banned\n|-damage|p1b: Banned|72\/100\n|-start|p1b: Banned|Salt Cure\n|\n|-damage|p1b: Banned|60\/100|[from] Salt Cure\n|upkeep\n|\n|t:|1681784731\n|switch|p1a: FuturamaS2E4|Iron Bundle, L50|100\/100\n|-enditem|p1a: FuturamaS2E4|Booster Energy\n|-activate|p1a: FuturamaS2E4|ability: Quark Drive|[fromitem]\n|-start|p1a: FuturamaS2E4|quarkdrivespe\n|turn|9\n|j| bruno the star\n|\n|t:|1681784746\n|switch|p2a: Flutter Mane|Flutter Mane, L50|100\/100\n|move|p1a: FuturamaS2E4|Hydro Pump|p2b: Garganacl\n|-supereffective|p2b: Garganacl\n|-damage|p2b: Garganacl|18\/100\n|move|p1b: Banned|Moonblast|p2a: Flutter Mane\n|-damage|p2a: Flutter Mane|34\/100\n|move|p2b: Garganacl|Salt Cure|p1a: FuturamaS2E4\n|-supereffective|p1a: FuturamaS2E4\n|-damage|p1a: FuturamaS2E4|67\/100\n|-start|p1a: FuturamaS2E4|Salt Cure\n|\n|-heal|p2b: Garganacl|24\/100|[from] item: Leftovers\n|-damage|p1a: FuturamaS2E4|42\/100|[from] Salt Cure\n|-damage|p1b: Banned|47\/100|[from] Salt Cure\n|upkeep\n|turn|10\n|\n|t:|1681784762\n|move|p2b: Garganacl|Protect|p2b: Garganacl\n|-singleturn|p2b: Garganacl|Protect\n|move|p1a: FuturamaS2E4|Hydro Pump|p2a: Flutter Mane\n|-damage|p2a: Flutter Mane|0 fnt\n|faint|p2a: Flutter Mane\n|-end|p2a: Flutter Mane|Protosynthesis|[silent]\n|move|p1b: Banned|Moonblast|p2b: Garganacl\n|-activate|p2b: Garganacl|move: Protect\n|\n|-heal|p2b: Garganacl|30\/100|[from] item: Leftovers\n|-damage|p1a: FuturamaS2E4|18\/100|[from] Salt Cure\n|-damage|p1b: Banned|35\/100|[from] Salt Cure\n|upkeep\n|l| The2009Zapdos\n|\n|t:|1681784773\n|switch|p2a: Dragonite|Dragonite, L50, F, tera:Normal|36\/100\n|turn|11\n|\n|t:|1681784785\n|move|p2a: Dragonite|Extreme Speed|p1a: FuturamaS2E4\n|-damage|p1a: FuturamaS2E4|0 fnt\n|faint|p1a: FuturamaS2E4\n|-end|p1a: FuturamaS2E4|Quark Drive|[silent]\n|move|p1b: Banned|Moonblast|p2b: Garganacl\n|-damage|p2b: Garganacl|0 fnt\n|faint|p2b: Garganacl\n|\n|-damage|p1b: Banned|23\/100|[from] Salt Cure\n|upkeep\n|turn|12\n|c|\u2606torwildheart|ggwp\n|\n|t:|1681784797\n|move|p1b: Banned|Moonblast|p2a: Dragonite\n|-damage|p2a: Dragonite|0 fnt\n|faint|p2a: Dragonite\n|\n|win|torwildheart\n|n|\u2606torwildheart|torwildheart\n|n|\u2606GamerBiden|gamerbiden\n|n| WeirdPolyCouple|weirdpolycouple\n|n| Borghi|borghi\n|n| Iancrix|iancrix\n|n| Rybot.v2|rybotv2\n|n| Mikunji19|mikunji19\n|n| Radio Free C-Side|radiofreecside\n|n| bruno the star|brunothestar\n|c|\u2606GamerBiden|gg\n|l| Radio Free C-Side\n","uploadtime":1681784798,"views":11,"p1id":"torwildheart","p2id":"gamerbiden","formatid":"gen9vgc2023regulationc","rating":0,"private":0,"password":""}