{"id":"gen9vgc2023regulationc-1850826550","p1":"Valency GL","p2":"Omni-astro 297","format":"[Gen 9] VGC 2023 Regulation C","log":"|j|\u2606Valency GL\n|j|\u2606Omni-astro 297\n|t:|1682371664\n|gametype|doubles\n|player|p1|Valency GL|1|1155\n|player|p2|Omni-astro 297|102|1061\n|teamsize|p1|6\n|teamsize|p2|6\n|gen|9\n|tier|[Gen 9] VGC 2023 Regulation C\n|rated|\n|rule|Species Clause: Limit one of each Pok\u00e9mon\n|rule|Item Clause: Limit one of each item\n|clearpoke\n|poke|p1|Rotom-Wash, L50|\n|poke|p1|Wo-Chien, L50|\n|poke|p1|Chi-Yu, L50|\n|poke|p1|Hydreigon, L50, M|\n|poke|p1|Indeedee-F, L50, F|\n|poke|p1|Great Tusk, L50|\n|poke|p2|Ting-Lu, L50|\n|poke|p2|Flutter Mane, L50|\n|poke|p2|Garganacl, L50, M|\n|poke|p2|Amoonguss, L50, M|\n|poke|p2|Arcanine, L50, F|\n|poke|p2|Palafin, L50, M|\n|teampreview|4\n|inactive|Battle timer is ON: inactive players will automatically lose when time's up. (requested by Omni-astro 297)\n|\n|t:|1682371722\n|start\n|switch|p1a: Indeedee|Indeedee-F, L50, F|100\/100\n|switch|p1b: Hydreigon|Hydreigon, L50, M, shiny|100\/100\n|switch|p2a: Ting-Lu|Ting-Lu, L50|100\/100\n|switch|p2b: Flutter Mane|Flutter Mane, L50|100\/100\n|-fieldstart|move: Psychic Terrain|[from] ability: Psychic Surge|[of] p1a: Indeedee\n|-ability|p2a: Ting-Lu|Vessel of Ruin\n|turn|1\n|inactive|Omni-astro 297 has 30 seconds left.\n|\n|t:|1682371751\n|move|p1a: Indeedee|Follow Me|p1a: Indeedee\n|-singleturn|p1a: Indeedee|move: Follow Me\n|move|p2b: Flutter Mane|Moonblast|p1a: Indeedee\n|-damage|p1a: Indeedee|63\/100\n|move|p1b: Hydreigon|Focus Energy|p1b: Hydreigon\n|-start|p1b: Hydreigon|move: Focus Energy\n|move|p2a: Ting-Lu|Fissure|p1a: Indeedee|[miss]\n|-miss|p2a: Ting-Lu|p1a: Indeedee\n|\n|upkeep\n|turn|2\n|inactive|Valency GL has 30 seconds left.\n|\n|t:|1682371776\n|-terastallize|p1b: Hydreigon|Poison\n|move|p1a: Indeedee|Helping Hand|p1b: Hydreigon\n|-singleturn|p1b: Hydreigon|Helping Hand|[of] p1a: Indeedee\n|move|p2b: Flutter Mane|Moonblast|p1b: Hydreigon\n|-resisted|p1b: Hydreigon\n|-damage|p1b: Hydreigon|80\/100\n|move|p1b: Hydreigon|Snarl|p2a: Ting-Lu|[spread] p2a,p2b\n|-resisted|p2a: Ting-Lu\n|-crit|p2a: Ting-Lu\n|-crit|p2b: Flutter Mane\n|-damage|p2a: Ting-Lu|88\/100\n|-damage|p2b: Flutter Mane|63\/100\n|-unboost|p2a: Ting-Lu|spa|1\n|-unboost|p2b: Flutter Mane|spa|1\n|move|p2a: Ting-Lu|Stomping Tantrum|p1a: Indeedee\n|-damage|p1a: Indeedee|0 fnt\n|faint|p1a: Indeedee\n|\n|upkeep\n|\n|t:|1682371796\n|switch|p1a: Rotom|Rotom-Wash, L50|100\/100\n|turn|3\n|\n|t:|1682371815\n|move|p2b: Flutter Mane|Shadow Ball|p1b: Hydreigon\n|-damage|p1b: Hydreigon|56\/100\n|move|p1b: Hydreigon|Snarl|p2a: Ting-Lu|[spread] p2a,p2b\n|-resisted|p2a: Ting-Lu\n|-crit|p2a: Ting-Lu\n|-crit|p2b: Flutter Mane\n|-damage|p2a: Ting-Lu|79\/100\n|-damage|p2b: Flutter Mane|36\/100\n|-unboost|p2a: Ting-Lu|spa|1\n|-unboost|p2b: Flutter Mane|spa|1\n|move|p1a: Rotom|Nasty Plot|p1a: Rotom\n|-boost|p1a: Rotom|spa|2\n|move|p2a: Ting-Lu|Heavy Slam|p1a: Rotom\n|-resisted|p1a: Rotom\n|-damage|p1a: Rotom|91\/100\n|-enditem|p1a: Rotom|Red Card|[of] p2a: Ting-Lu\n|drag|p2a: Amoonguss|Amoonguss, L50, M|100\/100\n|\n|upkeep\n|turn|4\n|inactive|Valency GL has 30 seconds left.\n|inactive|Omni-astro 297 has 30 seconds left.\n|inactive|Omni-astro 297 has 20 seconds left.\n|inactive|Omni-astro 297 has 15 seconds left.\n|inactive|Valency GL has 20 seconds left.\n|\n|t:|1682371860\n|move|p1b: Hydreigon|Protect|p1b: Hydreigon\n|-singleturn|p1b: Hydreigon|Protect\n|move|p2b: Flutter Mane|Moonblast|p1a: Rotom\n|-damage|p1a: Rotom|58\/100\n|-unboost|p1a: Rotom|spa|1\n|move|p1a: Rotom|Thunderbolt|p2a: Amoonguss\n|-resisted|p2a: Amoonguss\n|-damage|p2a: Amoonguss|75\/100\n|move|p2a: Amoonguss|Spore|p1b: Hydreigon\n|-activate|p1b: Hydreigon|move: Protect\n|\n|upkeep\n|turn|5\n|\n|t:|1682371876\n|move|p2b: Flutter Mane|Moonblast|p1a: Rotom\n|-damage|p1a: Rotom|25\/100\n|move|p1b: Hydreigon|Draco Meteor|p2a: Amoonguss\n|-crit|p2a: Amoonguss\n|-damage|p2a: Amoonguss|0 fnt\n|-unboost|p1b: Hydreigon|spa|2\n|faint|p2a: Amoonguss\n|move|p1a: Rotom|Thunderbolt|p2b: Flutter Mane\n|-damage|p2b: Flutter Mane|0 fnt\n|faint|p2b: Flutter Mane\n|-end|p2b: Flutter Mane|Protosynthesis|[silent]\n|\n|-fieldend|move: Psychic Terrain\n|upkeep\n|\n|t:|1682371888\n|switch|p2b: Ting-Lu|Ting-Lu, L50|79\/100\n|switch|p2a: Arcanine|Arcanine, L50, F|100\/100\n|-ability|p2a: Arcanine|Intimidate|boost\n|-unboost|p1a: Rotom|atk|1\n|-unboost|p1b: Hydreigon|atk|1\n|-ability|p2b: Ting-Lu|Vessel of Ruin\n|turn|6\n|\n|t:|1682371900\n|-terastallize|p2a: Arcanine|Normal\n|move|p2a: Arcanine|Extreme Speed|p1b: Hydreigon\n|-damage|p1b: Hydreigon|13\/100\n|move|p1b: Hydreigon|Draco Meteor|p2a: Arcanine\n|-crit|p2a: Arcanine\n|-damage|p2a: Arcanine|13\/100\n|-unboost|p1b: Hydreigon|spa|2\n|move|p1a: Rotom|Hydro Pump|p2a: Arcanine|[miss]\n|-miss|p1a: Rotom|p2a: Arcanine\n|move|p2b: Ting-Lu|Ruination|p1b: Hydreigon\n|-damage|p1b: Hydreigon|7\/100\n|\n|upkeep\n|turn|7\n|\n|t:|1682371920\n|move|p1b: Hydreigon|Protect|p1b: Hydreigon\n|-singleturn|p1b: Hydreigon|Protect\n|move|p2a: Arcanine|Extreme Speed|p1b: Hydreigon\n|-activate|p1b: Hydreigon|move: Protect\n|move|p1a: Rotom|Thunderbolt|p2a: Arcanine\n|-damage|p2a: Arcanine|0 fnt\n|faint|p2a: Arcanine\n|move|p2b: Ting-Lu|Fissure|p1a: Rotom\n|-immune|p1a: Rotom|[from] ability: Levitate\n|\n|upkeep\n|turn|8\n|-message|Omni-astro 297 forfeited.\n|\n|win|Valency GL\n|raw|Valency GL's rating: 1155 → 1173<\/strong> (+18 for winning)\n|raw|Omni-astro 297's rating: 1061 → 1047<\/strong> (-14 for losing)\n|l|\u2606Omni-astro 297\n","uploadtime":1682371950,"views":19,"p1id":"valencygl","p2id":"omniastro297","formatid":"gen9vgc2023regulationc","rating":1047,"private":0,"password":""}