{"id":"gen9vgc2023regulationc-1850963227","p1":"Ivangraus17","p2":"Roy Kasoy","format":"[Gen 9] VGC 2023 Regulation C","log":"|j|\u2606Ivangraus17\n|j|\u2606Roy Kasoy\n|t:|1682387553\n|gametype|doubles\n|player|p1|Ivangraus17|170|\n|player|p2|Roy Kasoy|hilbert|\n|teamsize|p1|6\n|teamsize|p2|6\n|gen|9\n|tier|[Gen 9] VGC 2023 Regulation C\n|rule|Species Clause: Limit one of each Pok\u00e9mon\n|rule|Item Clause: Limit one of each item\n|clearpoke\n|poke|p1|Tatsugiri, L50, F|\n|poke|p1|Dondozo, L50, F|\n|poke|p1|Flutter Mane, L50|\n|poke|p1|Gholdengo, L50|\n|poke|p1|Iron Hands, L50|\n|poke|p1|Brute Bonnet, L50|\n|poke|p2|Torkoal, L50, F|\n|poke|p2|Great Tusk, L50|\n|poke|p2|Amoonguss, L50, M|\n|poke|p2|Arcanine, L50, M|\n|poke|p2|Grimmsnarl, L50, M|\n|poke|p2|Goodra, L50, F|\n|teampreview|4\n|j| Buenocomoeloro\n|c| Buenocomoeloro|asu mare\n|c| Buenocomoeloro|se juegan todo aca\n|\n|t:|1682387602\n|start\n|switch|p1a: Dondozo|Dondozo, L50, F|100\/100\n|switch|p1b: Tatsugiri|Tatsugiri, L50, F, shiny|100\/100\n|switch|p2a: Grimmsnarl|Grimmsnarl, L50, M|100\/100\n|switch|p2b: Torkoal|Torkoal, L50, F|100\/100\n|-activate|p1b: Tatsugiri|ability: Commander|[of] p1a: Dondozo\n|-boost|p1a: Dondozo|atk|2\n|-boost|p1a: Dondozo|spa|2\n|-boost|p1a: Dondozo|spe|2\n|-boost|p1a: Dondozo|def|2\n|-boost|p1a: Dondozo|spd|2\n|-weather|SunnyDay|[from] ability: Drought|[of] p2b: Torkoal\n|turn|1\n|\n|t:|1682387642\n|-terastallize|p2b: Torkoal|Water\n|move|p2a: Grimmsnarl|Light Screen|p2a: Grimmsnarl\n|-sidestart|p2: Roy Kasoy|move: Light Screen\n|move|p1a: Dondozo|Earthquake|p2a: Grimmsnarl|[spread] p2a,p2b\n|-miss|p1a: Dondozo|p1b: Tatsugiri\n|-damage|p2a: Grimmsnarl|49\/100\n|-damage|p2b: Torkoal|68\/100\n|move|p2b: Torkoal|Solar Beam||[still]\n|-prepare|p2b: Torkoal|Solar Beam\n|-anim|p2b: Torkoal|Solar Beam|p1a: Dondozo\n|-supereffective|p1a: Dondozo\n|-damage|p1a: Dondozo|71\/100\n|\n|-weather|SunnyDay|[upkeep]\n|-heal|p1a: Dondozo|78\/100|[from] item: Leftovers\n|-heal|p2a: Grimmsnarl|55\/100|[from] item: Leftovers\n|upkeep\n|turn|2\n|\n|t:|1682387667\n|move|p2a: Grimmsnarl|Reflect|p2a: Grimmsnarl\n|-sidestart|p2: Roy Kasoy|Reflect\n|move|p1a: Dondozo|Earthquake|p2b: Torkoal|[spread] p2a,p2b\n|-miss|p1a: Dondozo|p1b: Tatsugiri\n|-damage|p2a: Grimmsnarl|22\/100\n|-damage|p2b: Torkoal|48\/100\n|move|p2b: Torkoal|Solar Beam||[still]\n|-prepare|p2b: Torkoal|Solar Beam\n|-anim|p2b: Torkoal|Solar Beam|p1a: Dondozo\n|-supereffective|p1a: Dondozo\n|-damage|p1a: Dondozo|52\/100\n|\n|-weather|SunnyDay|[upkeep]\n|-heal|p1a: Dondozo|58\/100|[from] item: Leftovers\n|-heal|p2a: Grimmsnarl|28\/100|[from] item: Leftovers\n|upkeep\n|turn|3\n|\n|t:|1682387688\n|move|p1a: Dondozo|Earthquake|p2a: Grimmsnarl|[spread] p2a,p2b\n|-miss|p1a: Dondozo|p1b: Tatsugiri\n|-damage|p2a: Grimmsnarl|0 fnt\n|-damage|p2b: Torkoal|26\/100\n|faint|p2a: Grimmsnarl\n|move|p2b: Torkoal|Solar Beam||[still]\n|-prepare|p2b: Torkoal|Solar Beam\n|-anim|p2b: Torkoal|Solar Beam|p1a: Dondozo\n|-supereffective|p1a: Dondozo\n|-damage|p1a: Dondozo|29\/100\n|\n|-weather|SunnyDay|[upkeep]\n|-heal|p1a: Dondozo|35\/100|[from] item: Leftovers\n|upkeep\n|\n|t:|1682387704\n|switch|p2a: Arcanine|Arcanine, L50, M|100\/100\n|-ability|p2a: Arcanine|Intimidate|boost\n|-unboost|p1a: Dondozo|atk|1\n|-unboost|p1b: Tatsugiri|atk|1\n|turn|4\n|\n|t:|1682387718\n|move|p1a: Dondozo|Wave Crash|p2a: Arcanine\n|-supereffective|p2a: Arcanine\n|-damage|p2a: Arcanine|23\/100\n|-enditem|p2a: Arcanine|Iapapa Berry|[eat]\n|-heal|p2a: Arcanine|57\/100|[from] item: Iapapa Berry\n|-damage|p1a: Dondozo|17\/100|[from] Recoil\n|move|p2a: Arcanine|Solar Beam||[still]\n|-prepare|p2a: Arcanine|Solar Beam\n|-anim|p2a: Arcanine|Solar Beam|p1a: Dondozo\n|-supereffective|p1a: Dondozo\n|-damage|p1a: Dondozo|0 fnt\n|faint|p1a: Dondozo\n|move|p2b: Torkoal|Solar Beam||[still]\n|-prepare|p2b: Torkoal|Solar Beam\n|-anim|p2b: Torkoal|Solar Beam|p1b: Tatsugiri\n|-crit|p1b: Tatsugiri\n|-damage|p1b: Tatsugiri|55\/100\n|\n|-weather|SunnyDay|[upkeep]\n|upkeep\n|\n|t:|1682387735\n|switch|p1a: Iron Hands|Iron Hands, L50|100\/100\n|turn|5\n|\n|t:|1682387747\n|-terastallize|p1b: Tatsugiri|Water\n|move|p1a: Iron Hands|Fake Out|p2a: Arcanine\n|-damage|p2a: Arcanine|37\/100\n|-damage|p1a: Iron Hands|91\/100|[from] item: Life Orb\n|move|p1b: Tatsugiri|Muddy Water|p2b: Torkoal|[spread] p2a,p2b\n|-supereffective|p2a: Arcanine\n|-resisted|p2b: Torkoal\n|-damage|p2a: Arcanine|0 fnt\n|-damage|p2b: Torkoal|19\/100\n|-enditem|p2b: Torkoal|Aguav Berry|[eat]\n|-heal|p2b: Torkoal|52\/100|[from] item: Aguav Berry\n|faint|p2a: Arcanine\n|move|p2b: Torkoal|Heat Wave|p1a: Iron Hands|[spread] p1a,p1b\n|-resisted|p1b: Tatsugiri\n|-damage|p1a: Iron Hands|63\/100\n|-damage|p1b: Tatsugiri|33\/100\n|\n|-weather|none\n|-sideend|p2: Roy Kasoy|move: Light Screen\n|upkeep\n|\n|t:|1682387764\n|switch|p2a: Goodra|Goodra, L50, F|100\/100\n|turn|6\n|\n|t:|1682387790\n|move|p1b: Tatsugiri|Muddy Water|p2b: Torkoal|[spread] p2a,p2b\n|-resisted|p2a: Goodra\n|-resisted|p2b: Torkoal\n|-damage|p2a: Goodra|90\/100\n|-damage|p2b: Torkoal|31\/100\n|-unboost|p2a: Goodra|accuracy|1\n|move|p2a: Goodra|Muddy Water|p1a: Iron Hands|[spread] p1a\n|-miss|p2a: Goodra|p1b: Tatsugiri\n|-damage|p1a: Iron Hands|45\/100\n|move|p1a: Iron Hands|Wild Charge|p2b: Torkoal\n|-supereffective|p2b: Torkoal\n|-damage|p2b: Torkoal|0 fnt\n|faint|p2b: Torkoal\n|-damage|p1a: Iron Hands|39\/100|[from] Recoil\n|-damage|p1a: Iron Hands|30\/100|[from] item: Life Orb\n|\n|-sideend|p2: Roy Kasoy|Reflect\n|upkeep\n|turn|7\n|\n|t:|1682387816\n|move|p1b: Tatsugiri|Muddy Water|p2a: Goodra\n|-resisted|p2a: Goodra\n|-damage|p2a: Goodra|77\/100\n|move|p2a: Goodra|Power Whip|p1b: Tatsugiri\n|-supereffective|p1b: Tatsugiri\n|-damage|p1b: Tatsugiri|0 fnt\n|faint|p1b: Tatsugiri\n|move|p1a: Iron Hands|Ice Punch|p2a: Goodra\n|-supereffective|p2a: Goodra\n|-damage|p2a: Goodra|0 fnt\n|-ability|p2a: Goodra|Gooey\n|-unboost|p1a: Iron Hands|spe|1\n|faint|p2a: Goodra\n|-damage|p1a: Iron Hands|20\/100|[from] item: Life Orb\n|\n|win|Ivangraus17\n","uploadtime":1682387848,"views":13,"p1id":"ivangraus17","p2id":"roykasoy","formatid":"gen9vgc2023regulationc","rating":0,"private":0,"password":""}