{"id":"gen9vgc2023regulationc-1856916864","p1":"glaber7","p2":"ShyDude","format":"[Gen 9] VGC 2023 Regulation C","log":"|j|\u2606glaber7\n|j|\u2606ShyDude\n|t:|1683125551\n|gametype|doubles\n|player|p1|glaber7|170|1447\n|player|p2|ShyDude|cynthia|1343\n|teamsize|p1|6\n|teamsize|p2|6\n|gen|9\n|tier|[Gen 9] VGC 2023 Regulation C\n|rated|\n|rule|Species Clause: Limit one of each Pok\u00e9mon\n|rule|Item Clause: Limit one of each item\n|clearpoke\n|poke|p1|Murkrow, L50, F|\n|poke|p1|Chi-Yu, L50|\n|poke|p1|Great Tusk, L50|\n|poke|p1|Flutter Mane, L50|\n|poke|p1|Brute Bonnet, L50|\n|poke|p1|Azumarill, L50, F|\n|poke|p2|Chi-Yu, L50|\n|poke|p2|Dachsbun, L50, M|\n|poke|p2|Dondozo, L50, M|\n|poke|p2|Tatsugiri-Droopy, L50, F|\n|poke|p2|Amoonguss, L50, F|\n|poke|p2|Glimmora, L50, M|\n|teampreview|4\n|inactive|Battle timer is ON: inactive players will automatically lose when time's up. (requested by glaber7)\n|inactive|glaber7 has 60 seconds left.\n|inactive|ShyDude has 60 seconds left.\n|inactive|glaber7 has 30 seconds left.\n|inactive|glaber7 has 20 seconds left.\n|inactive|glaber7 has 15 seconds left.\n|inactive|glaber7 has 10 seconds left.\n|inactive|glaber7 has 5 seconds left.\n|\n|t:|1683125641\n|start\n|switch|p1a: Murkrow|Murkrow, L50, F|100\/100\n|switch|p1b: Chi-Yu|Chi-Yu, L50|100\/100\n|switch|p2a: Amoonguss|Amoonguss, L50, F|100\/100\n|switch|p2b: Glimmora|Glimmora, L50, M|100\/100\n|-ability|p1b: Chi-Yu|Beads of Ruin\n|turn|1\n|inactive|glaber7 has 30 seconds left.\n|inactive|glaber7 has 20 seconds left.\n|inactive|glaber7 has 15 seconds left.\n|inactive|glaber7 has 10 seconds left.\n|\n|t:|1683125688\n|move|p1a: Murkrow|Sunny Day|p1a: Murkrow\n|-weather|SunnyDay\n|move|p1b: Chi-Yu|Overheat|p2a: Amoonguss\n|-supereffective|p2a: Amoonguss\n|-damage|p2a: Amoonguss|0 fnt\n|-unboost|p1b: Chi-Yu|spa|2\n|faint|p2a: Amoonguss\n|-damage|p1b: Chi-Yu|91\/100|[from] item: Life Orb\n|move|p2b: Glimmora|Power Gem|p1a: Murkrow\n|-supereffective|p1a: Murkrow\n|-damage|p1a: Murkrow|0 fnt\n|faint|p1a: Murkrow\n|\n|-weather|SunnyDay|[upkeep]\n|upkeep\n|\n|t:|1683125701\n|switch|p1a: Great Tusk|Great Tusk, L50|100\/100\n|switch|p2a: Dondozo|Dondozo, L50, M|100\/100\n|-activate|p1a: Great Tusk|ability: Protosynthesis\n|-start|p1a: Great Tusk|protosynthesisatk\n|turn|2\n|inactive|ShyDude has 30 seconds left.\n|\n|t:|1683125729\n|switch|p2b: Tatsugiri|Tatsugiri-Droopy, L50, F|100\/100\n|-activate|p2b: Tatsugiri|ability: Commander|[of] p2a: Dondozo\n|-boost|p2a: Dondozo|atk|2\n|-boost|p2a: Dondozo|spa|2\n|-boost|p2a: Dondozo|spe|2\n|-boost|p2a: Dondozo|def|2\n|-boost|p2a: Dondozo|spd|2\n|-terastallize|p1b: Chi-Yu|Flying\n|-terastallize|p2a: Dondozo|Flying\n|move|p1a: Great Tusk|Earthquake|p2a: Dondozo|[spread] \n|-miss|p1a: Great Tusk|p2b: Tatsugiri\n|-immune|p1b: Chi-Yu\n|-immune|p2a: Dondozo\n|move|p1b: Chi-Yu|Dark Pulse|p2a: Dondozo\n|-damage|p2a: Dondozo|60\/100\n|-damage|p1b: Chi-Yu|81\/100|[from] item: Life Orb\n|cant|p2a: Dondozo|flinch\n|\n|-weather|SunnyDay|[upkeep]\n|-heal|p2a: Dondozo|66\/100|[from] item: Leftovers\n|upkeep\n|turn|3\n|inactive|glaber7 has 30 seconds left.\n|inactive|ShyDude has 30 seconds left.\n|\n|t:|1683125770\n|move|p1a: Great Tusk|Close Combat|p2a: Dondozo\n|-resisted|p2a: Dondozo\n|-damage|p2a: Dondozo|52\/100\n|-unboost|p1a: Great Tusk|def|1\n|-unboost|p1a: Great Tusk|spd|1\n|move|p1b: Chi-Yu|Dark Pulse|p2a: Dondozo\n|-damage|p2a: Dondozo|14\/100\n|-damage|p1b: Chi-Yu|71\/100|[from] item: Life Orb\n|cant|p2a: Dondozo|flinch\n|\n|-weather|SunnyDay|[upkeep]\n|-heal|p2a: Dondozo|20\/100|[from] item: Leftovers\n|upkeep\n|turn|4\n|inactive|glaber7 has 30 seconds left.\n|\n|t:|1683125797\n|move|p2a: Dondozo|Protect|p2a: Dondozo\n|-singleturn|p2a: Dondozo|Protect\n|move|p1a: Great Tusk|Close Combat|p2a: Dondozo\n|-activate|p2a: Dondozo|move: Protect\n|move|p1b: Chi-Yu|Dark Pulse|p2a: Dondozo\n|-activate|p2a: Dondozo|move: Protect\n|\n|-weather|SunnyDay|[upkeep]\n|-heal|p2a: Dondozo|26\/100|[from] item: Leftovers\n|upkeep\n|turn|5\n|\n|t:|1683125824\n|move|p1a: Great Tusk|Close Combat|p2a: Dondozo\n|-resisted|p2a: Dondozo\n|-damage|p2a: Dondozo|12\/100\n|-unboost|p1a: Great Tusk|def|1\n|-unboost|p1a: Great Tusk|spd|1\n|move|p1b: Chi-Yu|Dark Pulse|p2a: Dondozo\n|-damage|p2a: Dondozo|0 fnt\n|faint|p2a: Dondozo\n|-damage|p1b: Chi-Yu|61\/100|[from] item: Life Orb\n|\n|-weather|none\n|-end|p1a: Great Tusk|Protosynthesis\n|upkeep\n|\n|t:|1683125831\n|switch|p2a: Glimmora|Glimmora, L50, M|100\/100\n|turn|6\n|\n|t:|1683125849\n|move|p2b: Tatsugiri|Icy Wind|p1b: Chi-Yu|[spread] p1a,p1b\n|-supereffective|p1a: Great Tusk\n|-supereffective|p1b: Chi-Yu\n|-enditem|p1a: Great Tusk|Focus Sash\n|-damage|p1a: Great Tusk|1\/100\n|-damage|p1b: Chi-Yu|36\/100\n|-unboost|p1a: Great Tusk|spe|1\n|-unboost|p1b: Chi-Yu|spe|1\n|move|p2a: Glimmora|Sludge Bomb|p1b: Chi-Yu\n|-damage|p1b: Chi-Yu|0 fnt\n|faint|p1b: Chi-Yu\n|move|p1a: Great Tusk|Earthquake|p2a: Glimmora|[spread] p2a,p2b\n|-supereffective|p2a: Glimmora\n|-damage|p2a: Glimmora|0 fnt\n|-damage|p2b: Tatsugiri|25\/100\n|-activate|p2a: Glimmora|ability: Toxic Debris\n|-sidestart|p1: glaber7|move: Toxic Spikes\n|faint|p2a: Glimmora\n|\n|upkeep\n|\n|t:|1683125862\n|switch|p1b: Flutter Mane|Flutter Mane, L50|100\/100\n|-status|p1b: Flutter Mane|psn\n|-enditem|p1b: Flutter Mane|Booster Energy\n|-activate|p1b: Flutter Mane|ability: Protosynthesis|[fromitem]\n|-start|p1b: Flutter Mane|protosynthesisspa\n|turn|7\n|\n|t:|1683125869\n|move|p1b: Flutter Mane|Moonblast|p2b: Tatsugiri\n|-supereffective|p2b: Tatsugiri\n|-damage|p2b: Tatsugiri|0 fnt\n|faint|p2b: Tatsugiri\n|\n|win|glaber7\n|raw|glaber7's rating: 1447 → 1461<\/strong> (+14 for winning)\n|raw|ShyDude's rating: 1343 → 1329<\/strong> (-14 for losing)\n|l|\u2606glaber7\n","uploadtime":1683125883,"views":8,"p1id":"glaber7","p2id":"shydude","formatid":"gen9vgc2023regulationc","rating":1329,"private":0,"password":""}