{"id":"gen9vgc2023regulationc-1847981837","p1":"LordSno","p2":"FakeAllen","format":"[Gen 9] VGC 2023 Regulation C","log":"|j|\u2606LordSno\n|j|\u2606FakeAllen\n|t:|1682017833\n|gametype|doubles\n|player|p1|LordSno|265|1054\n|player|p2|FakeAllen|169|1113\n|teamsize|p1|6\n|teamsize|p2|6\n|gen|9\n|tier|[Gen 9] VGC 2023 Regulation C\n|rated|\n|rule|Species Clause: Limit one of each Pok\u00e9mon\n|rule|Item Clause: Limit one of each item\n|clearpoke\n|poke|p1|Chi-Yu, L50|\n|poke|p1|Flutter Mane, L50|\n|poke|p1|Torkoal, L50, F|\n|poke|p1|Jumpluff, L50, M|\n|poke|p1|Great Tusk, L50|\n|poke|p1|Wo-Chien, L50|\n|poke|p2|Camerupt, L50, M|\n|poke|p2|Dachsbun, L50, F|\n|poke|p2|Palafin, L50, F|\n|poke|p2|Amoonguss, L50, M|\n|poke|p2|Ting-Lu, L50|\n|poke|p2|Flutter Mane, L50|\n|teampreview|4\n|\n|t:|1682017872\n|start\n|switch|p1a: Jumpluff|Jumpluff, L50, M|100\/100\n|switch|p1b: Torkoal|Torkoal, L50, F|100\/100\n|switch|p2a: Crack|Camerupt, L50, M, shiny|100\/100\n|switch|p2b: BMT|Ting-Lu, L50|100\/100\n|-ability|p2b: BMT|Vessel of Ruin\n|-weather|SunnyDay|[from] ability: Drought|[of] p1b: Torkoal\n|turn|1\n|\n|t:|1682017894\n|move|p1a: Jumpluff|Sleep Powder|p2a: Crack\n|-status|p2a: Crack|slp|[from] move: Sleep Powder\n|cant|p2a: Crack|slp\n|move|p2b: BMT|Stealth Rock|p1a: Jumpluff\n|-sidestart|p1: LordSno|move: Stealth Rock\n|move|p1b: Torkoal|Overheat|p2b: BMT\n|-damage|p2b: BMT|58\/100\n|-unboost|p1b: Torkoal|spa|2\n|-enditem|p1b: Torkoal|Eject Pack\n|\n|t:|1682017904\n|switch|p1b: Chi-Yu|Chi-Yu, L50|100\/100\n|-damage|p1b: Chi-Yu|76\/100|[from] Stealth Rock\n|-ability|p1b: Chi-Yu|Beads of Ruin\n|\n|-weather|SunnyDay|[upkeep]\n|upkeep\n|turn|2\n|\n|t:|1682017913\n|cant|p2a: Crack|slp\n|move|p1a: Jumpluff|Sleep Powder|p2b: BMT\n|-status|p2b: BMT|slp|[from] move: Sleep Powder\n|move|p1b: Chi-Yu|Nasty Plot|p1b: Chi-Yu\n|-boost|p1b: Chi-Yu|spa|2\n|cant|p2b: BMT|slp\n|\n|-weather|SunnyDay|[upkeep]\n|upkeep\n|turn|3\n|\n|t:|1682017941\n|-terastallize|p1b: Chi-Yu|Fire\n|cant|p2a: Crack|slp\n|move|p1a: Jumpluff|Leaf Storm|p2a: Crack\n|-damage|p2a: Crack|71\/100 slp\n|-unboost|p1a: Jumpluff|spa|2\n|move|p1b: Chi-Yu|Heat Wave|p2a: Crack|[spread] p2a,p2b\n|-resisted|p2a: Crack\n|-damage|p2a: Crack|0 fnt\n|-damage|p2b: BMT|0 fnt\n|faint|p2a: Crack\n|faint|p2b: BMT\n|-damage|p1b: Chi-Yu|66\/100|[from] item: Life Orb\n|\n|-weather|SunnyDay|[upkeep]\n|upkeep\n|\n|t:|1682017963\n|switch|p2a: G|Flutter Mane, L50|100\/100\n|switch|p2b: Beef|Dachsbun, L50, F|100\/100\n|-activate|p2a: G|ability: Protosynthesis\n|-start|p2a: G|protosynthesisspa\n|turn|4\n|\n|t:|1682017985\n|-terastallize|p2a: G|Fairy\n|move|p1a: Jumpluff|Tailwind|p1a: Jumpluff\n|-sidestart|p1: LordSno|move: Tailwind\n|move|p1b: Chi-Yu|Heat Wave|p2b: Beef|[spread] p2a\n|-ability|p2b: Beef|Well-Baked Body|boost\n|-boost|p2b: Beef|def|2\n|-damage|p2a: G|0 fnt\n|faint|p2a: G\n|-end|p2a: G|Protosynthesis|[silent]\n|-damage|p1b: Chi-Yu|56\/100|[from] item: Life Orb\n|move|p2b: Beef|Yawn|p1a: Jumpluff\n|-start|p1a: Jumpluff|move: Yawn|[of] p2b: Beef\n|\n|-weather|SunnyDay|[upkeep]\n|upkeep\n|turn|5\n|\n|t:|1682018003\n|move|p2b: Beef|Protect|p2b: Beef\n|-singleturn|p2b: Beef|Protect\n|move|p1a: Jumpluff|Sleep Powder|p2b: Beef\n|-activate|p2b: Beef|move: Protect\n|move|p1b: Chi-Yu|Dark Pulse|p2b: Beef\n|-activate|p2b: Beef|move: Protect\n|\n|-weather|none\n|-end|p1a: Jumpluff|move: Yawn|[silent]\n|-status|p1a: Jumpluff|slp\n|upkeep\n|turn|6\n|\n|t:|1682018016\n|cant|p1a: Jumpluff|slp\n|move|p1b: Chi-Yu|Dark Pulse|p2b: Beef\n|-resisted|p2b: Beef\n|-damage|p2b: Beef|31\/100\n|-damage|p1b: Chi-Yu|46\/100|[from] item: Life Orb\n|move|p2b: Beef|Body Press|p1b: Chi-Yu\n|-damage|p1b: Chi-Yu|0 fnt\n|faint|p1b: Chi-Yu\n|\n|-heal|p2b: Beef|37\/100|[from] item: Leftovers\n|upkeep\n|\n|t:|1682018030\n|switch|p1b: Wo-Chien|Wo-Chien, L50|100\/100\n|-damage|p1b: Wo-Chien|88\/100|[from] Stealth Rock\n|-ability|p1b: Wo-Chien|Tablets of Ruin\n|turn|7\n|\n|t:|1682018050\n|cant|p1a: Jumpluff|slp\n|move|p1b: Wo-Chien|Giga Drain|p2b: Beef\n|-damage|p2b: Beef|11\/100\n|-heal|p1b: Wo-Chien|99\/100|[from] drain|[of] p2b: Beef\n|move|p2b: Beef|Wish|p2b: Beef\n|\n|-heal|p1b: Wo-Chien|100\/100|[from] item: Leftovers\n|-heal|p2b: Beef|18\/100|[from] item: Leftovers\n|-sideend|p1: LordSno|move: Tailwind\n|upkeep\n|turn|8\n|\n|t:|1682018069\n|move|p2b: Beef|Protect|p2b: Beef\n|-singleturn|p2b: Beef|Protect\n|cant|p1a: Jumpluff|slp\n|move|p1b: Wo-Chien|Leech Seed|p2b: Beef\n|-activate|p2b: Beef|move: Protect\n|\n|-heal|p2b: Beef|68\/100|[from] move: Wish|[wisher] Beef\n|-heal|p2b: Beef|74\/100|[from] item: Leftovers\n|upkeep\n|turn|9\n|\n|t:|1682018087\n|-curestatus|p1a: Jumpluff|slp|[msg]\n|move|p1a: Jumpluff|Sleep Powder|p2b: Beef\n|-status|p2b: Beef|slp|[from] move: Sleep Powder\n|move|p1b: Wo-Chien|Leech Seed|p2b: Beef|[miss]\n|-miss|p1b: Wo-Chien|p2b: Beef\n|cant|p2b: Beef|slp\n|\n|-heal|p2b: Beef|80\/100 slp|[from] item: Leftovers\n|upkeep\n|turn|10\n|\n|t:|1682018107\n|switch|p1a: Torkoal|Torkoal, L50, F|100\/100\n|-damage|p1a: Torkoal|76\/100|[from] Stealth Rock\n|-weather|SunnyDay|[from] ability: Drought|[of] p1a: Torkoal\n|-curestatus|p2b: Beef|slp|[msg]\n|move|p2b: Beef|Body Press|p1b: Wo-Chien\n|-supereffective|p1b: Wo-Chien\n|-damage|p1b: Wo-Chien|41\/100\n|move|p1b: Wo-Chien|Ruination|p2b: Beef\n|-damage|p2b: Beef|40\/100\n|\n|-weather|SunnyDay|[upkeep]\n|-heal|p2b: Beef|46\/100|[from] item: Leftovers\n|-heal|p1b: Wo-Chien|47\/100|[from] item: Leftovers\n|upkeep\n|turn|11\n|\n|t:|1682018125\n|move|p2b: Beef|Body Press|p1b: Wo-Chien\n|-supereffective|p1b: Wo-Chien\n|-damage|p1b: Wo-Chien|0 fnt\n|faint|p1b: Wo-Chien\n|move|p1a: Torkoal|Yawn|p2b: Beef\n|-start|p2b: Beef|move: Yawn|[of] p1a: Torkoal\n|\n|-weather|SunnyDay|[upkeep]\n|-heal|p2b: Beef|52\/100|[from] item: Leftovers\n|upkeep\n|\n|t:|1682018127\n|switch|p1b: Jumpluff|Jumpluff, L50, M|100\/100\n|-damage|p1b: Jumpluff|76\/100|[from] Stealth Rock\n|turn|12\n|\n|t:|1682018154\n|move|p1b: Jumpluff|Leaf Storm|p2b: Beef\n|-damage|p2b: Beef|28\/100\n|-unboost|p1b: Jumpluff|spa|2\n|move|p2b: Beef|Wish|p2b: Beef\n|move|p1a: Torkoal|Solar Beam||[still]\n|-prepare|p1a: Torkoal|Solar Beam\n|-anim|p1a: Torkoal|Solar Beam|p2b: Beef\n|-damage|p2b: Beef|0 fnt\n|faint|p2b: Beef\n|\n|win|LordSno\n|raw|LordSno's rating: 1054 → 1091<\/strong> (+37 for winning)\n|raw|FakeAllen's rating: 1113 → 1084<\/strong> (-29 for losing)\n|l|\u2606FakeAllen\n","uploadtime":1682018178,"views":13,"p1id":"lordsno","p2id":"fakeallen","formatid":"gen9vgc2023regulationc","rating":1084,"private":0,"password":""}