{"id":"gen9vgc2023regulationc-1860898145","p1":"jchemmy","p2":"DuelLuna","format":"[Gen 9] VGC 2023 Regulation C","log":"|j|\u2606jchemmy\n|j|\u2606DuelLuna\n|t:|1683692347\n|gametype|doubles\n|player|p1|jchemmy|brock|1460\n|player|p2|DuelLuna|caitlin|1473\n|teamsize|p1|6\n|teamsize|p2|6\n|gen|9\n|tier|[Gen 9] VGC 2023 Regulation C\n|rated|\n|rule|Species Clause: Limit one of each Pok\u00e9mon\n|rule|Item Clause: Limit one of each item\n|clearpoke\n|poke|p1|Flutter Mane, L50|\n|poke|p1|Ting-Lu, L50|\n|poke|p1|Baxcalibur, L50, M|\n|poke|p1|Palafin, L50, M|\n|poke|p1|Arcanine, L50, F|\n|poke|p1|Amoonguss, L50, M|\n|poke|p2|Iron Bundle, L50|\n|poke|p2|Tyranitar, L50, M|\n|poke|p2|Wo-Chien, L50|\n|poke|p2|Glimmora, L50, F|\n|poke|p2|Gyarados, L50, M|\n|poke|p2|Flutter Mane, L50|\n|teampreview|4\n|inactive|Battle timer is ON: inactive players will automatically lose when time's up. (requested by jchemmy)\nDuelLuna has agreed to open team sheets.\njchemmy has agreed to open team sheets.\n|inactive|jchemmy has 60 seconds left.\n|c|\u2606DuelLuna|Hf\n|\n|t:|1683692392\n|start\n|switch|p1a: Baxcalibur|Baxcalibur, L50, M|100\/100\n|switch|p1b: Ting-Lu|Ting-Lu, L50|100\/100\n|switch|p2a: Glimmora|Glimmora, L50, F|100\/100\n|switch|p2b: Wo-Chien|Wo-Chien, L50|100\/100\n|-ability|p2b: Wo-Chien|Tablets of Ruin\n|-ability|p1b: Ting-Lu|Vessel of Ruin\n|turn|1\n|c|\u2606jchemmy|u2!\n|\n|t:|1683692416\n|-terastallize|p2b: Wo-Chien|Water\n|move|p1a: Baxcalibur|Protect|p1a: Baxcalibur\n|-singleturn|p1a: Baxcalibur|Protect\n|move|p2a: Glimmora|Mortal Spin|p1b: Ting-Lu|[spread] p1b\n|-activate|p1a: Baxcalibur|move: Protect\n|-resisted|p1b: Ting-Lu\n|-damage|p1b: Ting-Lu|99\/100\n|-status|p1b: Ting-Lu|psn\n|move|p2b: Wo-Chien|Leech Seed|p1b: Ting-Lu\n|-start|p1b: Ting-Lu|move: Leech Seed\n|move|p1b: Ting-Lu|Stomping Tantrum|p2a: Glimmora\n|-supereffective|p2a: Glimmora\n|-damage|p2a: Glimmora|0 fnt\n|-activate|p2a: Glimmora|ability: Toxic Debris\n|-sidestart|p1: jchemmy|move: Toxic Spikes\n|faint|p2a: Glimmora\n|\n|-damage|p1b: Ting-Lu|88\/100 psn|[from] Leech Seed|[of] p2b: Wo-Chien\n|-damage|p1b: Ting-Lu|75\/100 psn|[from] psn\n|upkeep\n|\n|t:|1683692431\n|switch|p2a: Gyarados|Gyarados, L50, M|100\/100\n|-ability|p2a: Gyarados|Intimidate|boost\n|-fail|p1a: Baxcalibur|unboost|[from] item: Clear Amulet|[of] p1a: Baxcalibur\n|-unboost|p1b: Ting-Lu|atk|1\n|turn|2\n|\n|t:|1683692443\n|move|p2a: Gyarados|Taunt|p1a: Baxcalibur\n|-start|p1a: Baxcalibur|move: Taunt\n|move|p1a: Baxcalibur|Icicle Crash|p2a: Gyarados\n|-damage|p2a: Gyarados|59\/100\n|move|p2b: Wo-Chien|Leech Seed|p1a: Baxcalibur\n|-start|p1a: Baxcalibur|move: Leech Seed\n|move|p1b: Ting-Lu|Stone Edge|p2a: Gyarados|[miss]\n|-miss|p1b: Ting-Lu|p2a: Gyarados\n|\n|-damage|p1a: Baxcalibur|88\/100|[from] Leech Seed|[of] p2b: Wo-Chien\n|-damage|p1b: Ting-Lu|63\/100 psn|[from] Leech Seed|[of] p2b: Wo-Chien\n|-damage|p1b: Ting-Lu|51\/100 psn|[from] psn\n|upkeep\n|turn|3\n|\n|t:|1683692457\n|switch|p1a: Arcanine|Arcanine, L50, F|100\/100\n|-status|p1a: Arcanine|psn\n|-ability|p1a: Arcanine|Intimidate|boost\n|-unboost|p2a: Gyarados|atk|1\n|-unboost|p2b: Wo-Chien|atk|1\n|move|p2a: Gyarados|Waterfall|p1b: Ting-Lu\n|-supereffective|p1b: Ting-Lu\n|-damage|p1b: Ting-Lu|31\/100 psn\n|move|p2b: Wo-Chien|Pollen Puff|p2a: Gyarados\n|-heal|p2a: Gyarados|100\/100\n|move|p1b: Ting-Lu|Stone Edge|p2a: Gyarados|[miss]\n|-miss|p1b: Ting-Lu|p2a: Gyarados\n|\n|-damage|p1b: Ting-Lu|19\/100 psn|[from] Leech Seed|[of] p2b: Wo-Chien\n|-damage|p1a: Arcanine|88\/100 psn|[from] psn\n|-damage|p1b: Ting-Lu|7\/100 psn|[from] psn\n|upkeep\n|turn|4\n|inactive|DuelLuna has 30 seconds left.\n|\n|t:|1683692484\n|switch|p1b: Baxcalibur|Baxcalibur, L50, M|88\/100\n|-status|p1b: Baxcalibur|psn\n|move|p2a: Gyarados|Waterfall|p1b: Baxcalibur\n|-resisted|p1b: Baxcalibur\n|-damage|p1b: Baxcalibur|80\/100 psn\n|move|p1a: Arcanine|Will-O-Wisp|p2a: Gyarados\n|-status|p2a: Gyarados|brn\n|move|p2b: Wo-Chien|Leech Seed|p1a: Arcanine\n|-start|p1a: Arcanine|move: Leech Seed\n|\n|-damage|p1a: Arcanine|76\/100 psn|[from] Leech Seed|[of] p2b: Wo-Chien\n|-damage|p1a: Arcanine|64\/100 psn|[from] psn\n|-damage|p1b: Baxcalibur|68\/100 psn|[from] psn\n|-damage|p2a: Gyarados|94\/100 brn|[from] brn\n|upkeep\n|turn|5\n|inactive|jchemmy has 30 seconds left.\n|\n|t:|1683692510\n|move|p2a: Gyarados|Taunt|p1a: Arcanine\n|-start|p1a: Arcanine|move: Taunt\n|cant|p1a: Arcanine|move: Taunt|Howl\n|move|p1b: Baxcalibur|Glaive Rush|p2a: Gyarados\n|-damage|p2a: Gyarados|31\/100 brn\n|-singlemove|p1b: Baxcalibur|Glaive Rush|[silent]\n|-enditem|p2a: Gyarados|Sitrus Berry|[eat]\n|-heal|p2a: Gyarados|57\/100 brn|[from] item: Sitrus Berry\n|move|p2b: Wo-Chien|Leech Seed|p1b: Baxcalibur\n|-start|p1b: Baxcalibur|move: Leech Seed\n|\n|-damage|p1a: Arcanine|52\/100 psn|[from] Leech Seed|[of] p2b: Wo-Chien\n|-damage|p1b: Baxcalibur|56\/100 psn|[from] Leech Seed|[of] p2b: Wo-Chien\n|-damage|p1a: Arcanine|40\/100 psn|[from] psn\n|-damage|p1b: Baxcalibur|44\/100 psn|[from] psn\n|-damage|p2a: Gyarados|50\/100 brn|[from] brn\n|upkeep\n|turn|6\n|\n|t:|1683692528\n|switch|p1a: Ting-Lu|Ting-Lu, L50|7\/100 psn\n|-ability|p1a: Ting-Lu|Vessel of Ruin\n|move|p2a: Gyarados|Waterfall|p1a: Ting-Lu\n|-supereffective|p1a: Ting-Lu\n|-damage|p1a: Ting-Lu|0 fnt\n|faint|p1a: Ting-Lu\n|move|p1b: Baxcalibur|Glaive Rush|p2a: Gyarados\n|-damage|p2a: Gyarados|0 fnt\n|-singlemove|p1b: Baxcalibur|Glaive Rush|[silent]\n|faint|p2a: Gyarados\n|move|p2b: Wo-Chien|Pollen Puff|p2: Gyarados|[notarget]\n|-fail|p2b: Wo-Chien\n|\n|-damage|p1b: Baxcalibur|32\/100 psn|[from] Leech Seed|[of] p2b: Wo-Chien\n|-damage|p1b: Baxcalibur|20\/100 psn|[from] psn\n|upkeep\n|\n|t:|1683692547\n|switch|p2a: Flutter Mane|Flutter Mane, L50|100\/100\n|switch|p1a: Arcanine|Arcanine, L50, F|40\/100 psn\n|-ability|p1a: Arcanine|Intimidate|boost\n|-unboost|p2a: Flutter Mane|atk|1\n|-unboost|p2b: Wo-Chien|atk|1\n|-enditem|p2a: Flutter Mane|Booster Energy\n|-activate|p2a: Flutter Mane|ability: Protosynthesis|[fromitem]\n|-start|p2a: Flutter Mane|protosynthesisspe\n|turn|7\n|\n|t:|1683692554\n|move|p2a: Flutter Mane|Protect|p2a: Flutter Mane\n|-singleturn|p2a: Flutter Mane|Protect\n|move|p1b: Baxcalibur|Ice Shard|p2a: Flutter Mane\n|-activate|p2a: Flutter Mane|move: Protect\n|move|p1a: Arcanine|Flare Blitz|p2a: Flutter Mane\n|-activate|p2a: Flutter Mane|move: Protect\n|move|p2b: Wo-Chien|Leech Seed|p1a: Arcanine\n|-start|p1a: Arcanine|move: Leech Seed\n|\n|-damage|p1a: Arcanine|28\/100 psn|[from] Leech Seed|[of] p2b: Wo-Chien\n|-damage|p1b: Baxcalibur|8\/100 psn|[from] Leech Seed|[of] p2b: Wo-Chien\n|-damage|p1a: Arcanine|16\/100 psn|[from] psn\n|-damage|p1b: Baxcalibur|0 fnt|[from] psn\n|faint|p1b: Baxcalibur\n|upkeep\n|\n|t:|1683692556\n|switch|p1b: Flutter Mane|Flutter Mane, L50|100\/100\n|-status|p1b: Flutter Mane|psn\n|turn|8\n|\n|t:|1683692577\n|-terastallize|p1b: Flutter Mane|Fairy\n|move|p2a: Flutter Mane|Shadow Ball|p1b: Flutter Mane\n|-damage|p1b: Flutter Mane|60\/100 psn\n|move|p1b: Flutter Mane|Moonblast|p2a: Flutter Mane\n|-damage|p2a: Flutter Mane|15\/100\n|-unboost|p2a: Flutter Mane|spa|1\n|move|p1a: Arcanine|Will-O-Wisp|p2b: Wo-Chien\n|-status|p2b: Wo-Chien|brn\n|move|p2b: Wo-Chien|Leech Seed|p1b: Flutter Mane\n|-start|p1b: Flutter Mane|move: Leech Seed\n|\n|-damage|p1b: Flutter Mane|48\/100 psn|[from] Leech Seed|[of] p2b: Wo-Chien\n|-damage|p1a: Arcanine|4\/100 psn|[from] Leech Seed|[of] p2b: Wo-Chien\n|-damage|p1b: Flutter Mane|36\/100 psn|[from] psn\n|-damage|p1a: Arcanine|0 fnt|[from] psn\n|faint|p1a: Arcanine\n|-damage|p2b: Wo-Chien|94\/100 brn|[from] brn\n|upkeep\n|turn|9\n|-message|jchemmy forfeited.\n|\n|win|DuelLuna\n|raw|jchemmy's rating: 1460 → 1441<\/strong> (-19 for losing)\n|raw|DuelLuna's rating: 1473 → 1492<\/strong> (+19 for winning)\n","uploadtime":1683692593,"views":22,"p1id":"jchemmy","p2id":"duelluna","formatid":"gen9vgc2023regulationc","rating":1441,"private":0,"password":""}