{"id":"gen9vgc2023regulationc-1862104522","p1":"garfieldslaya","p2":"steiner2","format":"[Gen 9] VGC 2023 Regulation C","log":"|j|\u2606garfieldslaya\n|j|\u2606steiner2\n|t:|1683837418\n|gametype|doubles\n|player|p1|garfieldslaya|jasmine|1135\n|player|p2|steiner2|benga|1125\n|teamsize|p1|6\n|teamsize|p2|6\n|gen|9\n|tier|[Gen 9] VGC 2023 Regulation C\n|rated|\n|rule|Species Clause: Limit one of each Pok\u00e9mon\n|rule|Item Clause: Limit one of each item\n|clearpoke\n|poke|p1|Amoonguss, L50, M|\n|poke|p1|Flutter Mane, L50|\n|poke|p1|Arcanine, L50, F|\n|poke|p1|Baxcalibur, L50, F|\n|poke|p1|Ting-Lu, L50|\n|poke|p1|Rotom-Wash, L50|\n|poke|p2|Pelipper, L50, M|\n|poke|p2|Palafin, L50, M|\n|poke|p2|Chien-Pao, L50|\n|poke|p2|Drednaw, L50, F|\n|poke|p2|Amoonguss, L50, M|\n|poke|p2|Iron Hands, L50|\n|teampreview|4\ngarfieldslaya has agreed to open team sheets.\nsteiner2 has agreed to open team sheets.\n|\n|t:|1683837471\n|start\n|switch|p1a: Rotom|Rotom-Wash, L50|100\/100\n|switch|p1b: Arcanine|Arcanine, L50, F|100\/100\n|switch|p2a: Pelipper|Pelipper, L50, M|100\/100\n|switch|p2b: Drednaw|Drednaw, L50, F|100\/100\n|-ability|p1b: Arcanine|Intimidate|boost\n|-unboost|p2a: Pelipper|atk|1\n|-unboost|p2b: Drednaw|atk|1\n|-weather|RainDance|[from] ability: Drizzle|[of] p2a: Pelipper\n|turn|1\n|\n|t:|1683837493\n|switch|p2a: Chien-Pao|Chien-Pao, L50|100\/100\n|-ability|p2a: Chien-Pao|Sword of Ruin\n|-terastallize|p2b: Drednaw|Grass\n|-terastallize|p1a: Rotom|Steel\n|move|p1b: Arcanine|Protect|p1b: Arcanine\n|-singleturn|p1b: Arcanine|Protect\n|move|p2b: Drednaw|Rock Slide|p1a: Rotom|[spread] p1a\n|-activate|p1b: Arcanine|move: Protect\n|-resisted|p1a: Rotom\n|-crit|p1a: Rotom\n|-damage|p1a: Rotom|58\/100\n|move|p1a: Rotom|Thunderbolt|p2b: Drednaw\n|-resisted|p2b: Drednaw\n|-damage|p2b: Drednaw|73\/100\n|\n|-weather|RainDance|[upkeep]\n|upkeep\n|turn|2\n|\n|t:|1683837535\n|move|p1b: Arcanine|Extreme Speed|p2b: Drednaw\n|-damage|p2b: Drednaw|36\/100\n|move|p2a: Chien-Pao|Sucker Punch|p1a: Rotom\n|-damage|p1a: Rotom|16\/100\n|move|p2b: Drednaw|Rock Slide|p1a: Rotom|[spread] p1a,p1b\n|-resisted|p1a: Rotom\n|-supereffective|p1b: Arcanine\n|-damage|p1a: Rotom|0 fnt\n|-damage|p1b: Arcanine|20\/100\n|-enditem|p1b: Arcanine|Sitrus Berry|[eat]\n|-heal|p1b: Arcanine|45\/100|[from] item: Sitrus Berry\n|faint|p1a: Rotom\n|\n|-weather|RainDance|[upkeep]\n|upkeep\n|\n|t:|1683837549\n|switch|p1a: Flutter Mane|Flutter Mane, L50|100\/100\n|-enditem|p1a: Flutter Mane|Booster Energy\n|-activate|p1a: Flutter Mane|ability: Protosynthesis|[fromitem]\n|-start|p1a: Flutter Mane|protosynthesisspa\n|turn|3\n|\n|t:|1683837576\n|switch|p2a: Iron Hands|Iron Hands, L50|100\/100\n|move|p1a: Flutter Mane|Protect|p1a: Flutter Mane\n|-singleturn|p1a: Flutter Mane|Protect\n|move|p1b: Arcanine|Extreme Speed|p2b: Drednaw\n|-damage|p2b: Drednaw|5\/100\n|move|p2b: Drednaw|Rock Slide|p1a: Flutter Mane|[spread] p1b\n|-activate|p1a: Flutter Mane|move: Protect\n|-supereffective|p1b: Arcanine\n|-damage|p1b: Arcanine|0 fnt\n|faint|p1b: Arcanine\n|\n|-weather|RainDance|[upkeep]\n|upkeep\n|\n|t:|1683837586\n|switch|p1b: Amoonguss|Amoonguss, L50, M|100\/100\n|turn|4\n|\n|t:|1683837599\n|switch|p2b: Pelipper|Pelipper, L50, M|100\/100\n|move|p1a: Flutter Mane|Protect||[still]\n|-fail|p1a: Flutter Mane\n|move|p2a: Iron Hands|Fake Out|p1b: Amoonguss\n|-damage|p1b: Amoonguss|87\/100\n|-damage|p2a: Iron Hands|84\/100|[from] item: Rocky Helmet|[of] p1b: Amoonguss\n|cant|p1b: Amoonguss|flinch\n|\n|-weather|RainDance|[upkeep]\n|upkeep\n|turn|5\n|\n|t:|1683837624\n|move|p2b: Pelipper|Protect|p2b: Pelipper\n|-singleturn|p2b: Pelipper|Protect\n|move|p1b: Amoonguss|Rage Powder|p1b: Amoonguss\n|-singleturn|p1b: Amoonguss|move: Rage Powder\n|move|p1a: Flutter Mane|Thunderbolt|p2b: Pelipper\n|-activate|p2b: Pelipper|move: Protect\n|move|p2a: Iron Hands|Wild Charge|p1b: Amoonguss\n|-resisted|p1b: Amoonguss\n|-damage|p1b: Amoonguss|67\/100\n|-damage|p2a: Iron Hands|67\/100|[from] item: Rocky Helmet|[of] p1b: Amoonguss\n|-damage|p2a: Iron Hands|63\/100|[from] Recoil\n|\n|-weather|RainDance|[upkeep]\n|upkeep\n|turn|6\n|\n|t:|1683837644\n|move|p1b: Amoonguss|Rage Powder|p1b: Amoonguss\n|-singleturn|p1b: Amoonguss|move: Rage Powder\n|move|p1a: Flutter Mane|Thunderbolt|p2b: Pelipper\n|-supereffective|p2b: Pelipper\n|-damage|p2b: Pelipper|0 fnt\n|faint|p2b: Pelipper\n|move|p2a: Iron Hands|Volt Switch|p1b: Amoonguss\n|-resisted|p1b: Amoonguss\n|-damage|p1b: Amoonguss|62\/100\n|\n|t:|1683837652\n|-end|p2a: Iron Hands|Quark Drive|[silent]\n|switch|p2a: Chien-Pao|Chien-Pao, L50|100\/100|[from] Volt Switch\n|-ability|p2a: Chien-Pao|Sword of Ruin\n|\n|-weather|RainDance|[upkeep]\n|upkeep\n|\n|t:|1683837655\n|switch|p2b: Drednaw|Drednaw, L50, F, tera:Grass|5\/100\n|turn|7\n|\n|t:|1683837710\n|move|p1a: Flutter Mane|Protect|p1a: Flutter Mane\n|-singleturn|p1a: Flutter Mane|Protect\n|move|p2b: Drednaw|Rock Slide|p1b: Amoonguss|[spread] p1b\n|-activate|p1a: Flutter Mane|move: Protect\n|-damage|p1b: Amoonguss|4\/100\n|move|p2a: Chien-Pao|Ice Spinner|p1b: Amoonguss\n|-supereffective|p1b: Amoonguss\n|-damage|p1b: Amoonguss|0 fnt\n|-damage|p2a: Chien-Pao|84\/100|[from] item: Rocky Helmet|[of] p1b: Amoonguss\n|faint|p1b: Amoonguss\n|\n|-weather|RainDance|[upkeep]\n|upkeep\n|turn|8\n|\n|t:|1683837721\n|move|p1a: Flutter Mane|Protect||[still]\n|-fail|p1a: Flutter Mane\n|move|p2a: Chien-Pao|Sucker Punch||[still]\n|-fail|p2a: Chien-Pao\n|move|p2b: Drednaw|Rock Slide|p1a: Flutter Mane\n|-damage|p1a: Flutter Mane|0 fnt\n|faint|p1a: Flutter Mane\n|-end|p1a: Flutter Mane|Protosynthesis|[silent]\n|\n|win|steiner2\n|raw|garfieldslaya's rating: 1135 → 1109<\/strong> (-26 for losing)\n|raw|steiner2's rating: 1125 → 1151<\/strong> (+26 for winning)\n","uploadtime":1683837730,"views":21,"p1id":"garfieldslaya","p2id":"steiner2","formatid":"gen9vgc2023regulationc","rating":1109,"private":0,"password":""}