{"id":"gen9vgc2023regulationc-1845782333","p1":"VGC BOSS - RJ","p2":"KoramTrainer","format":"[Gen 9] VGC 2023 Regulation C","log":"|j|\u2606VGC BOSS - RJ\n|j|\u2606KoramTrainer\n|t:|1681764067\n|gametype|doubles\n|player|p1|VGC BOSS - RJ|bruno|1126\n|player|p2|KoramTrainer|hilbert|1173\n|teamsize|p1|6\n|teamsize|p2|4\n|gen|9\n|tier|[Gen 9] VGC 2023 Regulation C\n|rated|\n|rule|Species Clause: Limit one of each Pok\u00e9mon\n|rule|Item Clause: Limit one of each item\n|clearpoke\n|poke|p1|Arcanine, L50, F|\n|poke|p1|Vaporeon, L50, M|\n|poke|p1|Wo-Chien, L50|\n|poke|p1|Garganacl, L50, F|\n|poke|p1|Ting-Lu, L50|\n|poke|p1|Chansey, L50, F|\n|poke|p2|Corviknight, L50, F|\n|poke|p2|Rotom-Wash, L50|\n|poke|p2|Ting-Lu, L50|\n|poke|p2|Flutter Mane, L50|\n|teampreview|4\n|inactive|Battle timer is ON: inactive players will automatically lose when time's up. (requested by KoramTrainer)\n|inactive|VGC BOSS - RJ has 60 seconds left.\n|inactive|KoramTrainer has 60 seconds left.\n|\n|t:|1681764106\n|start\n|switch|p1a: Arcanine|Arcanine, L50, F|100\/100\n|switch|p1b: Vaporeon|Vaporeon, L50, M|100\/100\n|switch|p2a: Corviknight|Corviknight, L50, F|100\/100\n|switch|p2b: Rotom|Rotom-Wash, L50|100\/100\n|-ability|p1a: Arcanine|Intimidate|boost\n|-ability|p2a: Corviknight|Mirror Armor\n|-unboost|p1a: Arcanine|atk|1\n|-unboost|p2b: Rotom|atk|1\n|turn|1\n|inactive|VGC BOSS - RJ has 30 seconds left.\n|inactive|KoramTrainer has 30 seconds left.\n|\n|t:|1681764137\n|-terastallize|p1a: Arcanine|Flying\n|-terastallize|p2a: Corviknight|Water\n|move|p1b: Vaporeon|Protect|p1b: Vaporeon\n|-singleturn|p1b: Vaporeon|Protect\n|move|p1a: Arcanine|Fire Spin|p2a: Corviknight\n|-resisted|p2a: Corviknight\n|-crit|p2a: Corviknight\n|-damage|p2a: Corviknight|92\/100\n|-activate|p2a: Corviknight|move: Fire Spin|[of] p1a: Arcanine\n|move|p2b: Rotom|Hydro Pump|p1a: Arcanine\n|-damage|p1a: Arcanine|62\/100\n|move|p2a: Corviknight|Bulk Up|p2a: Corviknight\n|-boost|p2a: Corviknight|atk|1\n|-boost|p2a: Corviknight|def|1\n|\n|-heal|p2a: Corviknight|98\/100|[from] item: Leftovers\n|-damage|p2a: Corviknight|85\/100|[from] move: Fire Spin|[partiallytrapped]\n|upkeep\n|turn|2\n|inactive|KoramTrainer has 30 seconds left.\n|inactive|VGC BOSS - RJ has 30 seconds left.\n|\n|t:|1681764169\n|move|p1a: Arcanine|Protect|p1a: Arcanine\n|-singleturn|p1a: Arcanine|Protect\n|move|p2b: Rotom|Thunderbolt|p1a: Arcanine\n|-activate|p1a: Arcanine|move: Protect\n|move|p2a: Corviknight|Brave Bird|p1b: Vaporeon\n|-damage|p1b: Vaporeon|48\/100\n|-damage|p2a: Corviknight|65\/100|[from] Recoil\n|move|p1b: Vaporeon|Haze|p1b: Vaporeon\n|-clearallboost\n|\n|-heal|p2a: Corviknight|71\/100|[from] item: Leftovers\n|-heal|p1b: Vaporeon|54\/100|[from] item: Leftovers\n|-damage|p2a: Corviknight|59\/100|[from] move: Fire Spin|[partiallytrapped]\n|upkeep\n|turn|3\n|\n|t:|1681764192\n|switch|p1a: Ting-Lu|Ting-Lu, L50|100\/100\n|-ability|p1a: Ting-Lu|Vessel of Ruin\n|move|p1b: Vaporeon|Protect|p1b: Vaporeon\n|-singleturn|p1b: Vaporeon|Protect\n|move|p2b: Rotom|Thunderbolt|p1a: Ting-Lu\n|-immune|p1a: Ting-Lu\n|move|p2a: Corviknight|Roost|p2a: Corviknight\n|-heal|p2a: Corviknight|100\/100\n|\n|-heal|p1b: Vaporeon|60\/100|[from] item: Leftovers\n|-end|p2a: Corviknight|Fire Spin|[partiallytrapped]|[silent]\n|upkeep\n|turn|4\n|inactive|VGC BOSS - RJ has 30 seconds left.\n|\n|t:|1681764222\n|move|p1b: Vaporeon|Protect||[still]\n|-fail|p1b: Vaporeon\n|move|p2b: Rotom|Thunderbolt|p1b: Vaporeon\n|-supereffective|p1b: Vaporeon\n|-damage|p1b: Vaporeon|9\/100\n|-status|p1b: Vaporeon|par\n|move|p2a: Corviknight|Bulk Up|p2a: Corviknight\n|-boost|p2a: Corviknight|atk|1\n|-boost|p2a: Corviknight|def|1\n|move|p1a: Ting-Lu|Fissure|p2a: Corviknight|[miss]\n|-miss|p1a: Ting-Lu|p2a: Corviknight\n|\n|-heal|p1b: Vaporeon|15\/100 par|[from] item: Leftovers\n|upkeep\n|turn|5\n|\n|t:|1681764241\n|switch|p1b: Chansey|Chansey, L50, F|100\/100\n|move|p2b: Rotom|Hydro Pump|p1a: Ting-Lu\n|-supereffective|p1a: Ting-Lu\n|-damage|p1a: Ting-Lu|38\/100\n|move|p2a: Corviknight|Iron Head|p1a: Ting-Lu\n|-damage|p1a: Ting-Lu|18\/100\n|cant|p1a: Ting-Lu|flinch\n|\n|upkeep\n|turn|6\n|\n|t:|1681764262\n|switch|p1a: Vaporeon|Vaporeon, L50, M|15\/100 par\n|move|p2b: Rotom|Hydro Pump|p1a: Vaporeon\n|-heal|p1a: Vaporeon|40\/100 par|[from] ability: Water Absorb|[of] p2b: Rotom\n|move|p2a: Corviknight|Iron Head|p1a: Vaporeon\n|-resisted|p1a: Vaporeon\n|-damage|p1a: Vaporeon|24\/100 par\n|move|p1b: Chansey|Heal Pulse|p1a: Vaporeon\n|-heal|p1a: Vaporeon|74\/100 par\n|\n|-heal|p1a: Vaporeon|80\/100 par|[from] item: Leftovers\n|upkeep\n|turn|7\n|\n|t:|1681764279\n|move|p1a: Vaporeon|Protect|p1a: Vaporeon\n|-singleturn|p1a: Vaporeon|Protect\n|move|p2b: Rotom|Thunderbolt|p1a: Vaporeon\n|-activate|p1a: Vaporeon|move: Protect\n|move|p2a: Corviknight|Bulk Up|p2a: Corviknight\n|-boost|p2a: Corviknight|atk|1\n|-boost|p2a: Corviknight|def|1\n|move|p1b: Chansey|Seismic Toss|p2b: Rotom\n|-damage|p2b: Rotom|65\/100\n|\n|-heal|p1a: Vaporeon|86\/100 par|[from] item: Leftovers\n|upkeep\n|turn|8\n|\n|t:|1681764299\n|switch|p1a: Arcanine|Arcanine, L50, F, tera:Flying|62\/100\n|-ability|p1a: Arcanine|Intimidate|boost\n|-ability|p2a: Corviknight|Mirror Armor\n|-unboost|p1a: Arcanine|atk|1\n|-unboost|p2b: Rotom|atk|1\n|move|p2b: Rotom|Thunderbolt|p1a: Arcanine\n|-supereffective|p1a: Arcanine\n|-damage|p1a: Arcanine|0 fnt\n|faint|p1a: Arcanine\n|move|p2a: Corviknight|Iron Head|p1b: Chansey\n|-damage|p1b: Chansey|62\/100\n|move|p1b: Chansey|Seismic Toss|p2b: Rotom\n|-damage|p2b: Rotom|30\/100\n|\n|upkeep\n|\n|t:|1681764308\n|switch|p1a: Vaporeon|Vaporeon, L50, M|86\/100 par\n|turn|9\n|\n|t:|1681764327\n|switch|p1a: Ting-Lu|Ting-Lu, L50|18\/100\n|-ability|p1a: Ting-Lu|Vessel of Ruin\n|move|p2b: Rotom|Thunderbolt|p1a: Ting-Lu\n|-immune|p1a: Ting-Lu\n|move|p2a: Corviknight|Brave Bird|p1a: Ting-Lu\n|-damage|p1a: Ting-Lu|0 fnt\n|faint|p1a: Ting-Lu\n|-damage|p2a: Corviknight|93\/100|[from] Recoil\n|move|p1b: Chansey|Heal Pulse|p1: Ting-Lu|[notarget]\n|-fail|p1b: Chansey\n|\n|-heal|p2a: Corviknight|99\/100|[from] item: Leftovers\n|upkeep\n|\n|t:|1681764332\n|switch|p1a: Vaporeon|Vaporeon, L50, M|86\/100 par\n|turn|10\n|inactive|KoramTrainer has 30 seconds left.\n|\n|t:|1681764361\n|switch|p2b: Ting-Lu|Ting-Lu, L50|100\/100\n|-ability|p2b: Ting-Lu|Vessel of Ruin\n|move|p1a: Vaporeon|Protect|p1a: Vaporeon\n|-singleturn|p1a: Vaporeon|Protect\n|move|p2a: Corviknight|Brave Bird|p1b: Chansey\n|-damage|p1b: Chansey|0 fnt\n|faint|p1b: Chansey\n|-damage|p2a: Corviknight|64\/100|[from] Recoil\n|\n|-heal|p2a: Corviknight|70\/100|[from] item: Leftovers\n|-heal|p1a: Vaporeon|92\/100 par|[from] item: Leftovers\n|upkeep\n|turn|11\n|-message|VGC BOSS - RJ forfeited.\n|\n|win|KoramTrainer\n|raw|VGC BOSS - RJ's rating: 1157 → 1133<\/strong> (-24 for losing)\n|raw|KoramTrainer's rating: 1173 → 1197<\/strong> (+24 for winning)\n|l|\u2606VGC BOSS - RJ\n","uploadtime":1681764381,"views":6,"p1id":"vgcbossrj","p2id":"koramtrainer","formatid":"gen9vgc2023regulationc","rating":1133,"private":0,"password":""}