{"id":"gen9vgc2023regulationc-1850973054","p1":"Draco Jack17","p2":"ScrubShadedPurple","format":"[Gen 9] VGC 2023 Regulation C","log":"|j|\u2606Draco Jack17\n|j|\u2606ScrubShadedPurple\n|t:|1682388770\n|gametype|doubles\n|player|p1|Draco Jack17|n|1248\n|player|p2|ScrubShadedPurple|101|1222\n|teamsize|p1|6\n|teamsize|p2|6\n|gen|9\n|tier|[Gen 9] VGC 2023 Regulation C\n|rated|\n|rule|Species Clause: Limit one of each Pok\u00e9mon\n|rule|Item Clause: Limit one of each item\n|clearpoke\n|poke|p1|Houndstone, L50, F|\n|poke|p1|Tyranitar, L50, F|\n|poke|p1|Palafin, L50, M|\n|poke|p1|Chien-Pao, L50|\n|poke|p1|Chi-Yu, L50|\n|poke|p1|Dragapult, L50, M|\n|poke|p2|Ceruledge, L50, M|\n|poke|p2|Chien-Pao, L50|\n|poke|p2|Amoonguss, L50, M|\n|poke|p2|Corviknight, L50, M|\n|poke|p2|Flutter Mane, L50|\n|poke|p2|Gyarados, L50, M|\n|teampreview|4\n|inactive|Battle timer is ON: inactive players will automatically lose when time's up. (requested by ScrubShadedPurple)\nDraco Jack17 has agreed to open team sheets.\n|\n|t:|1682388791\n|start\n|switch|p1a: Skellydoge|Houndstone, L50, F|100\/100\n|switch|p1b: All Might|Palafin, L50, M|100\/100\n|switch|p2a: Chien-Pao|Chien-Pao, L50|100\/100\n|switch|p2b: Amoonguss|Amoonguss, L50, M|100\/100\n|-ability|p2a: Chien-Pao|Sword of Ruin\n|turn|1\n|inactive|Draco Jack17 has 30 seconds left.\n|\n|t:|1682388825\n|detailschange|p1b: All Might|Palafin-Hero, L50, M\n|switch|p1b: Rawr XD|Tyranitar, L50, F|100\/100\n|-weather|Sandstorm|[from] ability: Sand Stream|[of] p1b: Rawr XD\n|-terastallize|p1a: Skellydoge|Grass\n|move|p2b: Amoonguss|Rage Powder|p2b: Amoonguss\n|-singleturn|p2b: Amoonguss|move: Rage Powder\n|move|p1a: Skellydoge|Will-O-Wisp|p2a: Chien-Pao|[miss]\n|-miss|p1a: Skellydoge|p2a: Chien-Pao\n|move|p2a: Chien-Pao|Throat Chop|p1a: Skellydoge\n|-damage|p1a: Skellydoge|22\/100\n|-start|p1a: Skellydoge|Throat Chop|[silent]\n|-enditem|p1a: Skellydoge|Sitrus Berry|[eat]\n|-heal|p1a: Skellydoge|47\/100|[from] item: Sitrus Berry\n|\n|-weather|Sandstorm|[upkeep]\n|-damage|p2a: Chien-Pao|95\/100|[from] Sandstorm\n|-damage|p2b: Amoonguss|95\/100|[from] Sandstorm\n|upkeep\n|turn|2\n|inactive|Draco Jack17 has 30 seconds left.\n|\n|t:|1682388856\n|switch|p2a: Gyarados|Gyarados, L50, M|100\/100\n|-ability|p2a: Gyarados|Intimidate|boost\n|-unboost|p1a: Skellydoge|atk|1\n|-unboost|p1b: Rawr XD|atk|1\n|move|p1a: Skellydoge|Will-O-Wisp|p2a: Gyarados\n|-status|p2a: Gyarados|brn\n|-enditem|p2a: Gyarados|Lum Berry|[eat]\n|-curestatus|p2a: Gyarados|brn|[msg]\n|move|p1b: Rawr XD|Rock Slide|p2b: Amoonguss|[spread] p2b\n|-miss|p1b: Rawr XD|p2a: Gyarados\n|-damage|p2b: Amoonguss|79\/100\n|move|p2b: Amoonguss|Spore|p1b: Rawr XD\n|-status|p1b: Rawr XD|slp|[from] move: Spore\n|\n|-weather|Sandstorm|[upkeep]\n|-damage|p2a: Gyarados|95\/100|[from] Sandstorm\n|-damage|p2b: Amoonguss|73\/100|[from] Sandstorm\n|-end|p1a: Skellydoge|Throat Chop|[silent]\n|upkeep\n|turn|3\n|inactive|ScrubShadedPurple has 30 seconds left.\n|inactive|Draco Jack17 has 30 seconds left.\n|inactive|Draco Jack17 has 20 seconds left.\n|inactive|Draco Jack17 has 15 seconds left.\n|inactive|ScrubShadedPurple has 20 seconds left.\n|\n|t:|1682388909\n|switch|p2b: Chien-Pao|Chien-Pao, L50|95\/100\n|-ability|p2b: Chien-Pao|Sword of Ruin\n|move|p1a: Skellydoge|Will-O-Wisp|p2a: Gyarados\n|-status|p2a: Gyarados|brn\n|move|p2a: Gyarados|Thunder Wave|p1a: Skellydoge\n|-status|p1a: Skellydoge|par\n|cant|p1b: Rawr XD|slp\n|\n|-weather|Sandstorm|[upkeep]\n|-damage|p2b: Chien-Pao|89\/100|[from] Sandstorm\n|-damage|p2a: Gyarados|89\/100 brn|[from] Sandstorm\n|-damage|p2a: Gyarados|83\/100 brn|[from] brn\n|upkeep\n|turn|4\n|\n|t:|1682388933\n|move|p2b: Chien-Pao|Sacred Sword|p1b: Rawr XD\n|-supereffective|p1b: Rawr XD\n|-crit|p1b: Rawr XD\n|-damage|p1b: Rawr XD|0 fnt\n|faint|p1b: Rawr XD\n|move|p2a: Gyarados|Taunt|p1a: Skellydoge\n|-start|p1a: Skellydoge|move: Taunt\n|cant|p1a: Skellydoge|move: Taunt|Howl\n|\n|-weather|Sandstorm|[upkeep]\n|-damage|p2b: Chien-Pao|83\/100|[from] Sandstorm\n|-damage|p2a: Gyarados|77\/100 brn|[from] Sandstorm\n|-damage|p2a: Gyarados|71\/100 brn|[from] brn\n|upkeep\n|\n|t:|1682388942\n|switch|p1b: All Might|Palafin-Hero, L50, M|100\/100\n|-activate|p1b: All Might|ability: Zero to Hero\n|turn|5\n|\n|t:|1682388957\n|switch|p1a: Gambino|Dragapult, L50, M|100\/100\n|move|p1b: All Might|Jet Punch|p2b: Chien-Pao\n|-damage|p2b: Chien-Pao|24\/100\n|move|p2b: Chien-Pao|Sacred Sword|p1a: Gambino\n|-immune|p1a: Gambino\n|move|p2a: Gyarados|Thunder Wave|p1b: All Might\n|-status|p1b: All Might|par\n|\n|-weather|none\n|-damage|p2a: Gyarados|66\/100 brn|[from] brn\n|upkeep\n|turn|6\n|\n|t:|1682388978\n|switch|p1a: Skellydoge|Houndstone, L50, F, tera:Grass|47\/100 par\n|switch|p2b: Amoonguss|Amoonguss, L50, M|100\/100\n|move|p1b: All Might|Jet Punch|p2b: Amoonguss\n|-resisted|p2b: Amoonguss\n|-damage|p2b: Amoonguss|85\/100\n|move|p2a: Gyarados|Thunder Wave|p1a: Skellydoge|[miss]\n|-miss|p2a: Gyarados|p1a: Skellydoge\n|\n|-damage|p2a: Gyarados|60\/100 brn|[from] brn\n|upkeep\n|turn|7\n|\n|t:|1682389002\n|move|p2a: Gyarados|Waterfall|p1b: All Might\n|-resisted|p1b: All Might\n|-damage|p1b: All Might|90\/100 par\n|cant|p1b: All Might|par\n|move|p1a: Skellydoge|Last Respects|p2a: Gyarados\n|-damage|p2a: Gyarados|18\/100 brn\n|move|p2b: Amoonguss|Pollen Puff|p1a: Skellydoge\n|-supereffective|p1a: Skellydoge\n|-damage|p1a: Skellydoge|16\/100 par\n|\n|-damage|p2a: Gyarados|13\/100 brn|[from] brn\n|upkeep\n|turn|8\n|\n|t:|1682389019\n|switch|p1a: Gambino|Dragapult, L50, M|100\/100\n|move|p2a: Gyarados|Waterfall|p1b: All Might\n|-resisted|p1b: All Might\n|-damage|p1b: All Might|80\/100 par\n|move|p1b: All Might|Wave Crash|p2b: Amoonguss\n|-resisted|p2b: Amoonguss\n|-damage|p2b: Amoonguss|53\/100\n|-damage|p1b: All Might|69\/100 par|[from] Recoil\n|move|p2b: Amoonguss|Pollen Puff|p1a: Gambino\n|-resisted|p1a: Gambino\n|-damage|p1a: Gambino|89\/100\n|\n|-damage|p2a: Gyarados|7\/100 brn|[from] brn\n|upkeep\n|turn|9\n|inactive|ScrubShadedPurple has 30 seconds left.\n|inactive|Draco Jack17 has 30 seconds left.\n|\n|t:|1682389063\n|move|p1b: All Might|Jet Punch|p2a: Gyarados\n|-resisted|p2a: Gyarados\n|-damage|p2a: Gyarados|0 fnt\n|faint|p2a: Gyarados\n|move|p1a: Gambino|Dragon Darts|p2b: Amoonguss\n|-damage|p2b: Amoonguss|24\/100\n|-enditem|p2b: Amoonguss|Sitrus Berry|[eat]\n|-heal|p2b: Amoonguss|49\/100|[from] item: Sitrus Berry\n|-anim|p1a: Gambino|Dragon Darts|p2b: Amoonguss\n|-damage|p2b: Amoonguss|17\/100\n|move|p2b: Amoonguss|Spore|p1a: Gambino\n|-status|p1a: Gambino|slp|[from] move: Spore\n|\n|upkeep\n|\n|t:|1682389076\n|switch|p2a: Flutter Mane|Flutter Mane, L50|100\/100\n|turn|10\n|\n|t:|1682389095\n|switch|p1a: Skellydoge|Houndstone, L50, F, tera:Grass|16\/100 par\n|move|p2b: Amoonguss|Rage Powder|p2b: Amoonguss\n|-singleturn|p2b: Amoonguss|move: Rage Powder\n|move|p1b: All Might|Jet Punch|p2a: Flutter Mane\n|-damage|p2a: Flutter Mane|15\/100\n|move|p2a: Flutter Mane|Moonblast|p1a: Skellydoge\n|-damage|p1a: Skellydoge|0 fnt\n|faint|p1a: Skellydoge\n|\n|upkeep\n|\n|t:|1682389103\n|switch|p1a: Gambino|Dragapult, L50, M|89\/100 slp\n|turn|11\n|inactive|ScrubShadedPurple has 30 seconds left.\n|\n|t:|1682389130\n|-end|p2a: Flutter Mane|Protosynthesis|[silent]\n|switch|p2a: Chien-Pao|Chien-Pao, L50|24\/100\n|-ability|p2a: Chien-Pao|Sword of Ruin\n|move|p2b: Amoonguss|Protect|p2b: Amoonguss\n|-singleturn|p2b: Amoonguss|Protect\n|move|p1b: All Might|Jet Punch|p2a: Chien-Pao\n|-damage|p2a: Chien-Pao|0 fnt\n|faint|p2a: Chien-Pao\n|cant|p1a: Gambino|slp\n|\n|upkeep\n|\n|t:|1682389142\n|switch|p2a: Flutter Mane|Flutter Mane, L50|15\/100\n|turn|12\n|\n|t:|1682389148\n|move|p2b: Amoonguss|Rage Powder|p2b: Amoonguss\n|-singleturn|p2b: Amoonguss|move: Rage Powder\n|cant|p1b: All Might|par\n|cant|p1a: Gambino|slp\n|move|p2a: Flutter Mane|Moonblast|p1a: Gambino\n|-supereffective|p1a: Gambino\n|-damage|p1a: Gambino|0 fnt\n|faint|p1a: Gambino\n|\n|upkeep\n|turn|13\n|\n|t:|1682389165\n|cant|p1b: All Might|par\n|move|p2a: Flutter Mane|Moonblast|p1b: All Might\n|-damage|p1b: All Might|0 fnt\n|faint|p1b: All Might\n|\n|win|ScrubShadedPurple\n|raw|Draco Jack17's rating: 1248 → 1221<\/strong> (-27 for losing)\n|raw|ScrubShadedPurple's rating: 1222 → 1249<\/strong> (+27 for winning)\n|l|\u2606ScrubShadedPurple\n","uploadtime":1682389323,"views":12,"p1id":"dracojack17","p2id":"scrubshadedpurple","formatid":"gen9vgc2023regulationc","rating":1221,"private":0,"password":""}