{"id":"gen9vgc2023regulationc-1855513135","p1":"yisus2902","p2":"trainerOmar","format":"[Gen 9] VGC 2023 Regulation C","log":"|j|\u2606yisus2902\n|j|\u2606trainerOmar\n|t:|1682958105\n|gametype|doubles\n|player|p1|yisus2902|169|1214\n|player|p2|trainerOmar|265|1151\n|teamsize|p1|6\n|teamsize|p2|6\n|gen|9\n|tier|[Gen 9] VGC 2023 Regulation C\n|rated|\n|rule|Species Clause: Limit one of each Pok\u00e9mon\n|rule|Item Clause: Limit one of each item\n|clearpoke\n|poke|p1|Farigiraf, L50, F|\n|poke|p1|Garchomp, L50, F|\n|poke|p1|Amoonguss, L50, F|\n|poke|p1|Torkoal, L50, M|\n|poke|p1|Hariyama, L50, F|\n|poke|p1|Palafin, L50, F|\n|poke|p2|Scream Tail, L50|\n|poke|p2|Gothitelle, L50, M|\n|poke|p2|Baxcalibur, L50, M|\n|poke|p2|Amoonguss, L50, F|\n|poke|p2|Gyarados, L50, F|\n|poke|p2|Chi-Yu, L50|\n|teampreview|4\n|\n|t:|1682958136\n|start\n|switch|p1a: Hariyama|Hariyama, L50, F|100\/100\n|switch|p1b: Farigiraf|Farigiraf, L50, F|100\/100\n|switch|p2a: Chi-Yu|Chi-Yu, L50|100\/100\n|switch|p2b: Scream Tail|Scream Tail, L50|100\/100\n|-ability|p2a: Chi-Yu|Beads of Ruin\n|turn|1\n|\n|t:|1682958162\n|-terastallize|p2a: Chi-Yu|Ghost\n|-terastallize|p1b: Farigiraf|Fairy\n|move|p1a: Hariyama|Fake Out|p2b: Scream Tail\n|-damage|p2b: Scream Tail|91\/100\n|move|p2a: Chi-Yu|Heat Wave|p1a: Hariyama|[spread] p1a,p1b\n|-damage|p1a: Hariyama|39\/100\n|-damage|p1b: Farigiraf|42\/100\n|-status|p1a: Hariyama|brn\n|cant|p2b: Scream Tail|flinch\n|move|p1b: Farigiraf|Trick Room|p1b: Farigiraf\n|-fieldstart|move: Trick Room|[of] p1b: Farigiraf\n|\n|-damage|p1a: Hariyama|33\/100 brn|[from] brn\n|upkeep\n|turn|2\n|\n|t:|1682958183\n|switch|p2a: Gyarados|Gyarados, L50, F|100\/100\n|-ability|p2a: Gyarados|Intimidate|boost\n|-unboost|p1a: Hariyama|atk|1\n|-unboost|p1b: Farigiraf|atk|1\n|move|p1a: Hariyama|Close Combat|p2a: Gyarados\n|-resisted|p2a: Gyarados\n|-damage|p2a: Gyarados|65\/100\n|-unboost|p1a: Hariyama|def|1\n|-unboost|p1a: Hariyama|spd|1\n|move|p1b: Farigiraf|Hyper Voice|p2b: Scream Tail|[spread] p2a,p2b\n|-crit|p2b: Scream Tail\n|-damage|p2a: Gyarados|37\/100\n|-damage|p2b: Scream Tail|60\/100\n|move|p2b: Scream Tail|Trick Room|p2b: Scream Tail\n|-fieldend|move: Trick Room\n|\n|-damage|p1a: Hariyama|27\/100 brn|[from] brn\n|upkeep\n|turn|3\n|\n|t:|1682958201\n|move|p1a: Hariyama|Wide Guard|p1a: Hariyama\n|-singleturn|p1a: Hariyama|Wide Guard\n|move|p2b: Scream Tail|Dazzling Gleam|p1b: Farigiraf|[spread] \n|-activate|p1a: Hariyama|move: Wide Guard\n|-activate|p1b: Farigiraf|move: Wide Guard\n|move|p2a: Gyarados|Waterfall|p1b: Farigiraf\n|-damage|p1b: Farigiraf|2\/100\n|move|p1b: Farigiraf|Trick Room|p1b: Farigiraf\n|-fieldstart|move: Trick Room|[of] p1b: Farigiraf\n|\n|-damage|p1a: Hariyama|21\/100 brn|[from] brn\n|upkeep\n|turn|4\n|\n|t:|1682958240\n|switch|p2a: Baxcalibur|Baxcalibur, L50, M|100\/100\n|move|p1a: Hariyama|Knock Off|p2b: Scream Tail\n|-damage|p2b: Scream Tail|45\/100\n|move|p1b: Farigiraf|Dazzling Gleam|p2a: Baxcalibur|[spread] p2a,p2b\n|-supereffective|p2a: Baxcalibur\n|-damage|p2a: Baxcalibur|47\/100\n|-damage|p2b: Scream Tail|26\/100\n|move|p2b: Scream Tail|Dazzling Gleam|p1b: Farigiraf|[spread] p1a,p1b\n|-supereffective|p1a: Hariyama\n|-damage|p1a: Hariyama|0 fnt\n|-damage|p1b: Farigiraf|0 fnt\n|faint|p1a: Hariyama\n|faint|p1b: Farigiraf\n|\n|upkeep\n|\n|t:|1682958257\n|switch|p1a: Torkoal|Torkoal, L50, M|100\/100\n|switch|p1b: Amoonguss|Amoonguss, L50, F|100\/100\n|-weather|SunnyDay|[from] ability: Drought|[of] p1a: Torkoal\n|-activate|p2b: Scream Tail|ability: Protosynthesis\n|-start|p2b: Scream Tail|protosynthesisdef\n|turn|5\n|\n|t:|1682958292\n|switch|p2a: Gyarados|Gyarados, L50, F|37\/100\n|-ability|p2a: Gyarados|Intimidate|boost\n|-unboost|p1a: Torkoal|atk|1\n|-unboost|p1b: Amoonguss|atk|1\n|move|p1a: Torkoal|Eruption|p2b: Scream Tail|[spread] p2a,p2b\n|-resisted|p2a: Gyarados\n|-damage|p2a: Gyarados|2\/100\n|-damage|p2b: Scream Tail|0 fnt\n|faint|p2b: Scream Tail\n|-end|p2b: Scream Tail|Protosynthesis|[silent]\n|move|p1b: Amoonguss|Spore|p2a: Gyarados\n|-activate|p2a: Gyarados|item: Safety Goggles|Spore\n|\n|-weather|SunnyDay|[upkeep]\n|upkeep\n|\n|t:|1682958306\n|switch|p2b: Baxcalibur|Baxcalibur, L50, M|47\/100\n|turn|6\n|\n|t:|1682958329\n|switch|p2a: Chi-Yu|Chi-Yu, L50, tera:Ghost|100\/100\n|-ability|p2a: Chi-Yu|Beads of Ruin\n|move|p2b: Baxcalibur|Protect|p2b: Baxcalibur\n|-singleturn|p2b: Baxcalibur|Protect\n|move|p1a: Torkoal|Eruption|p2a: Chi-Yu|[spread] p2a\n|-activate|p2b: Baxcalibur|move: Protect\n|-damage|p2a: Chi-Yu|12\/100\n|move|p1b: Amoonguss|Spore|p2b: Baxcalibur\n|-activate|p2b: Baxcalibur|move: Protect\n|\n|-weather|SunnyDay|[upkeep]\n|upkeep\n|turn|7\n|\n|t:|1682958356\n|switch|p2a: Gyarados|Gyarados, L50, F|2\/100\n|-ability|p2a: Gyarados|Intimidate|boost\n|-unboost|p1a: Torkoal|atk|1\n|-unboost|p1b: Amoonguss|atk|1\n|move|p2b: Baxcalibur|Ice Shard|p1b: Amoonguss\n|-supereffective|p1b: Amoonguss\n|-damage|p1b: Amoonguss|61\/100\n|move|p1a: Torkoal|Eruption|p2b: Baxcalibur|[spread] p2a,p2b\n|-resisted|p2a: Gyarados\n|-damage|p2a: Gyarados|0 fnt\n|-damage|p2b: Baxcalibur|0 fnt\n|faint|p2a: Gyarados\n|faint|p2b: Baxcalibur\n|move|p1b: Amoonguss|Spore|p2: Gyarados|[notarget]\n|-fail|p1b: Amoonguss\n|\n|-weather|SunnyDay|[upkeep]\n|-fieldend|move: Trick Room\n|upkeep\n|\n|t:|1682958371\n|switch|p2b: Chi-Yu|Chi-Yu, L50, tera:Ghost|12\/100\n|-ability|p2b: Chi-Yu|Beads of Ruin\n|turn|8\n|\n|t:|1682958381\n|move|p1b: Amoonguss|Protect|p1b: Amoonguss\n|-singleturn|p1b: Amoonguss|Protect\n|move|p2b: Chi-Yu|Heat Wave|p1a: Torkoal|[spread] p1a\n|-activate|p1b: Amoonguss|move: Protect\n|-resisted|p1a: Torkoal\n|-damage|p1a: Torkoal|51\/100\n|move|p1a: Torkoal|Heat Wave|p2b: Chi-Yu\n|-damage|p2b: Chi-Yu|0 fnt\n|faint|p2b: Chi-Yu\n|\n|win|yisus2902\n|raw|yisus2902's rating: 1214 → 1235<\/strong> (+21 for winning)\n|raw|trainerOmar's rating: 1151 → 1130<\/strong> (-21 for losing)\n|l|\u2606trainerOmar\n|l|\u2606yisus2902\n|j|\u2606yisus2902\n|player|p1|yisus2902|169\n","uploadtime":1682958588,"views":22,"p1id":"yisus2902","p2id":"traineromar","formatid":"gen9vgc2023regulationc","rating":1130,"private":0,"password":""}