{"id":"gen9vgc2023regulationc-1852233495","p1":"Zerowen","p2":"ThatOneDedenne","format":"[Gen 9] VGC 2023 Regulation C","log":"|j|\u2606Zerowen\n|j|\u2606ThatOneDedenne\n|t:|1682535188\n|gametype|doubles\n|player|p1|Zerowen|ingo|\n|player|p2|ThatOneDedenne|hugh|\n|teamsize|p1|6\n|teamsize|p2|6\n|gen|9\n|tier|[Gen 9] VGC 2023 Regulation C\n|rated|Tournament battle\n|rule|Species Clause: Limit one of each Pok\u00e9mon\n|rule|Item Clause: Limit one of each item\n|clearpoke\n|poke|p1|Palafin, L50, M|\n|poke|p1|Corviknight, L50, F|\n|poke|p1|Flutter Mane, L50|\n|poke|p1|Amoonguss, L50, M|\n|poke|p1|Arcanine, L50, F|\n|poke|p1|Baxcalibur, L50, M|\n|poke|p2|Arcanine, L50, M|\n|poke|p2|Flutter Mane, L50|\n|poke|p2|Iron Hands, L50|\n|poke|p2|Palafin, L50, M|\n|poke|p2|Dachsbun, L50, F|\n|poke|p2|Chi-Yu, L50|\n|teampreview|4\n|raw| Open Team Sheet for Zerowen<\/summary>BATMAN?!?! (Palafin) @ Mystic Water Ability: Zero to Hero Level: 50 Tera Type: Water - Wave Crash - Haze - Jet Punch - Protect Nightwing (Corviknight) @ Assault Vest Ability: Mirror Armor Level: 50 Tera Type: Fire - Brave Bird - Iron Head - U-turn - Tera Blast \ud83d\udc9c\ud83d\udc93\ud83d\udc9c (Flutter Mane) @ Booster Energy Ability: Protosynthesis Level: 50 Tera Type: Fairy - Shadow Ball - Dazzling Gleam - Moonblast - Protect SUSIMPOSTER\ud83d\udcee (Amoonguss) @ Sitrus Berry Ability: Regenerator Level: 50 Tera Type: Water - Spore - Rage Powder - Pollen Puff - Clear Smog RK9 (Arcanine) @ Safety Goggles Ability: Intimidate Level: 50 Tera Type: Water - Flare Blitz - Extreme Speed - Will-O-Wisp - Protect Baxcalibur @ Life Orb Ability: Thermal Exchange Level: 50 Tera Type: Ice - Glaive Rush - Icicle Spear - Ice Shard - Protect <\/details><\/div> Open Team Sheet for ThatOneDedenne<\/summary>Fast (Arcanine) (M) @ Eject Button Ability: Intimidate Level: 50 Tera Type: Water - Flare Blitz - Extreme Speed - Will-O-Wisp - Protect Spooke (Flutter Mane) @ Choice Specs Ability: Protosynthesis Level: 50 Tera Type: Fairy - Thunderbolt - Mystical Fire - Dazzling Gleam - Protect Handsy (Iron Hands) @ Booster Energy Ability: Quark Drive Level: 50 Tera Type: Fire - Tera Blast - Drain Punch - Wild Charge - Fake Out Imma dip (Palafin) (M) @ Life Orb Ability: Zero to Hero Level: 50 Shiny: Yes Tera Type: Fire - Tera Blast - Jet Punch - Drain Punch - Ice Punch Toasty (Dachsbun) (F) @ Leftovers Ability: Well-Baked Body Level: 50 Tera Type: Water - Body Slam - Body Press - Ice Fang - Tera Blast Oreos are gud (Chi-Yu) @ Focus Sash Ability: Beads of Ruin Level: 50 Tera Type: Dark - Lava Plume - Dark Pulse - Light Screen - Protect <\/details><\/div>\n|inactive|Battle timer is ON: inactive players will automatically lose when time's up. (requested by ThatOneDedenne)\n|inactive|Zerowen has 60 seconds left.\n|j| WeirdPolyCouple\n|inactive|Zerowen has 30 seconds left.\n|inactive|Zerowen has 20 seconds left.\n|inactive|Zerowen has 15 seconds left.\n|inactive|Zerowen has 10 seconds left.\n|\n|t:|1682535273\n|start\n|switch|p1a: SUSIMPOSTER\ud83d\udcee|Amoonguss, L50, M|100\/100\n|switch|p1b: BATMAN?!?!|Palafin, L50, M|100\/100\n|switch|p2a: Toasty|Dachsbun, L50, F|100\/100\n|switch|p2b: Oreos are gud|Chi-Yu, L50|100\/100\n|-ability|p2b: Oreos are gud|Beads of Ruin\n|turn|1\n|inactive|Zerowen has 30 seconds left.\n|\n|t:|1682535301\n|detailschange|p1b: BATMAN?!?!|Palafin-Hero, L50, M\n|switch|p1b: \ud83d\udc9c\ud83d\udc93\ud83d\udc9c|Flutter Mane, L50|100\/100\n|-enditem|p1b: \ud83d\udc9c\ud83d\udc93\ud83d\udc9c|Booster Energy\n|-activate|p1b: \ud83d\udc9c\ud83d\udc93\ud83d\udc9c|ability: Protosynthesis|[fromitem]\n|-start|p1b: \ud83d\udc9c\ud83d\udc93\ud83d\udc9c|protosynthesisspe\n|-terastallize|p1a: SUSIMPOSTER\ud83d\udcee|Water\n|move|p2b: Oreos are gud|Lava Plume|p1a: SUSIMPOSTER\ud83d\udcee|[spread] p1a,p1b\n|-ability|p2a: Toasty|Well-Baked Body|boost\n|-boost|p2a: Toasty|def|2\n|-resisted|p1a: SUSIMPOSTER\ud83d\udcee\n|-damage|p1a: SUSIMPOSTER\ud83d\udcee|85\/100\n|-damage|p1b: \ud83d\udc9c\ud83d\udc93\ud83d\udc9c|59\/100\n|-status|p1a: SUSIMPOSTER\ud83d\udcee|brn\n|move|p2a: Toasty|Ice Fang|p1b: \ud83d\udc9c\ud83d\udc93\ud83d\udc9c\n|-damage|p1b: \ud83d\udc9c\ud83d\udc93\ud83d\udc9c|35\/100\n|move|p1a: SUSIMPOSTER\ud83d\udcee|Spore|p2a: Toasty\n|-status|p2a: Toasty|slp|[from] move: Spore\n|\n|-damage|p1a: SUSIMPOSTER\ud83d\udcee|79\/100 brn|[from] brn\n|upkeep\n|turn|2\n|j| TinyCharisma\n|l| TinyCharisma\n|inactive|ThatOneDedenne has 30 seconds left.\n|\n|t:|1682535338\n|move|p1b: \ud83d\udc9c\ud83d\udc93\ud83d\udc9c|Moonblast|p2a: Toasty\n|-damage|p2a: Toasty|0 fnt\n|faint|p2a: Toasty\n|move|p2b: Oreos are gud|Lava Plume|p1a: SUSIMPOSTER\ud83d\udcee|[spread] p1a,p1b\n|-resisted|p1a: SUSIMPOSTER\ud83d\udcee\n|-damage|p1a: SUSIMPOSTER\ud83d\udcee|64\/100 brn\n|-damage|p1b: \ud83d\udc9c\ud83d\udc93\ud83d\udc9c|0 fnt\n|faint|p1b: \ud83d\udc9c\ud83d\udc93\ud83d\udc9c\n|-end|p1b: \ud83d\udc9c\ud83d\udc93\ud83d\udc9c|Protosynthesis|[silent]\n|move|p1a: SUSIMPOSTER\ud83d\udcee|Spore|p2b: Oreos are gud\n|-status|p2b: Oreos are gud|slp|[from] move: Spore\n|\n|-damage|p1a: SUSIMPOSTER\ud83d\udcee|58\/100 brn|[from] brn\n|upkeep\n|\n|t:|1682535351\n|switch|p1b: RK9|Arcanine, L50, F|100\/100\n|switch|p2a: Spooke|Flutter Mane, L50|100\/100\n|-ability|p1b: RK9|Intimidate|boost\n|-unboost|p2a: Spooke|atk|1\n|-unboost|p2b: Oreos are gud|atk|1\n|turn|3\n|\n|t:|1682535369\n|move|p2a: Spooke|Thunderbolt|p1a: SUSIMPOSTER\ud83d\udcee\n|-supereffective|p1a: SUSIMPOSTER\ud83d\udcee\n|-damage|p1a: SUSIMPOSTER\ud83d\udcee|0 fnt\n|faint|p1a: SUSIMPOSTER\ud83d\udcee\n|cant|p2b: Oreos are gud|slp\n|move|p1b: RK9|Flare Blitz|p2a: Spooke\n|-damage|p2a: Spooke|10\/100\n|-status|p2a: Spooke|brn\n|-damage|p1b: RK9|78\/100|[from] Recoil\n|\n|-damage|p2a: Spooke|4\/100 brn|[from] brn\n|upkeep\n|\n|t:|1682535372\n|switch|p1a: BATMAN?!?!|Palafin-Hero, L50, M|100\/100\n|-activate|p1a: BATMAN?!?!|ability: Zero to Hero\n|turn|4\n|\n|t:|1682535394\n|move|p1a: BATMAN?!?!|Jet Punch|p2a: Spooke\n|-damage|p2a: Spooke|0 fnt\n|faint|p2a: Spooke\n|-end|p2a: Spooke|Protosynthesis|[silent]\n|cant|p2b: Oreos are gud|slp\n|move|p1b: RK9|Flare Blitz|p2b: Oreos are gud\n|-resisted|p2b: Oreos are gud\n|-damage|p2b: Oreos are gud|63\/100 slp\n|-damage|p1b: RK9|70\/100|[from] Recoil\n|\n|upkeep\n|\n|t:|1682535396\n|switch|p2a: Handsy|Iron Hands, L50|100\/100\n|-enditem|p2a: Handsy|Booster Energy\n|-activate|p2a: Handsy|ability: Quark Drive|[fromitem]\n|-start|p2a: Handsy|quarkdriveatk\n|turn|5\n|\n|t:|1682535420\n|move|p1a: BATMAN?!?!|Protect|p1a: BATMAN?!?!\n|-singleturn|p1a: BATMAN?!?!|Protect\n|move|p2a: Handsy|Fake Out|p1a: BATMAN?!?!\n|-activate|p1a: BATMAN?!?!|move: Protect\n|-curestatus|p2b: Oreos are gud|slp|[msg]\n|move|p2b: Oreos are gud|Lava Plume|p1b: RK9|[spread] p2a,p1b\n|-activate|p1a: BATMAN?!?!|move: Protect\n|-resisted|p1b: RK9\n|-damage|p2a: Handsy|61\/100\n|-damage|p1b: RK9|48\/100\n|-status|p2a: Handsy|brn\n|move|p1b: RK9|Flare Blitz|p2b: Oreos are gud\n|-resisted|p2b: Oreos are gud\n|-damage|p2b: Oreos are gud|23\/100\n|-damage|p1b: RK9|40\/100|[from] Recoil\n|\n|-damage|p2a: Handsy|55\/100 brn|[from] brn\n|upkeep\n|turn|6\n|\n|t:|1682535438\n|move|p1b: RK9|Extreme Speed|p2b: Oreos are gud\n|-crit|p2b: Oreos are gud\n|-damage|p2b: Oreos are gud|0 fnt\n|faint|p2b: Oreos are gud\n|move|p1a: BATMAN?!?!|Wave Crash|p2a: Handsy\n|-damage|p2a: Handsy|0 fnt\n|faint|p2a: Handsy\n|-end|p2a: Handsy|Quark Drive|[silent]\n|-damage|p1a: BATMAN?!?!|78\/100|[from] Recoil\n|\n|win|Zerowen\n|n|\u2606Zerowen|zerowen\n|n|\u2606ThatOneDedenne|thatonededenne\n|n| WeirdPolyCouple|weirdpolycouple\n|c|\u2606ThatOneDedenne|gg win for me\n|c|\u2606Zerowen|gg\n|l|\u2606ThatOneDedenne\n|c|\u2606Zerowen|lol wat\n","uploadtime":1682535462,"views":11,"p1id":"zerowen","p2id":"thatonededenne","formatid":"gen9vgc2023regulationc","rating":0,"private":0,"password":""}