{"id":"gen9vgc2023regulationc-1845635932","p1":"Sharpievgc","p2":"MistressQueenM","format":"[Gen 9] VGC 2023 Regulation C","log":"|j|\u2606Sharpievgc\n|j|\u203dMistressQueenM\n|t:|1681751363\n|gametype|doubles\n|player|p1|Sharpievgc|nate|1354\n|player|p2|MistressQueenM|veteranf|1397\n|teamsize|p1|6\n|teamsize|p2|6\n|gen|9\n|tier|[Gen 9] VGC 2023 Regulation C\n|rated|\n|rule|Species Clause: Limit one of each Pok\u00e9mon\n|rule|Item Clause: Limit one of each item\n|clearpoke\n|poke|p1|Flutter Mane, L50|\n|poke|p1|Iron Hands, L50|\n|poke|p1|Indeedee-F, L50, F|\n|poke|p1|Annihilape, L50, M|\n|poke|p1|Torkoal, L50, F|\n|poke|p1|Amoonguss, L50, F|\n|poke|p2|Wo-Chien, L50|\n|poke|p2|Torkoal, L50, M|\n|poke|p2|Garganacl, L50, M|\n|poke|p2|Great Tusk, L50|\n|poke|p2|Murkrow, L50, M|\n|poke|p2|Farigiraf, L50, M|\n|teampreview|4\nSharpievgc has agreed to open team sheets.\nMistressQueenM rejected open team sheets.\n|inactive|Battle timer is ON: inactive players will automatically lose when time's up. (requested by MistressQueenM)\n|\n|t:|1681751460\n|start\n|switch|p1a: Flutter Mane|Flutter Mane, L50|100\/100\n|switch|p1b: Torkoal|Torkoal, L50, F|100\/100\n|switch|p2a: Torkoal|Torkoal, L50, M, shiny|100\/100\n|switch|p2b: Great Tusk|Great Tusk, L50|100\/100\n|-weather|SunnyDay|[from] ability: Drought|[of] p2a: Torkoal\n|-activate|p1a: Flutter Mane|ability: Protosynthesis\n|-start|p1a: Flutter Mane|protosynthesisspe\n|-activate|p2b: Great Tusk|ability: Protosynthesis\n|-start|p2b: Great Tusk|protosynthesisatk\n|turn|1\n|inactive|Sharpievgc has 30 seconds left.\n|inactive|MistressQueenM has 30 seconds left.\n|\n|t:|1681751490\n|-terastallize|p2b: Great Tusk|Ground\n|move|p2a: Torkoal|Protect|p2a: Torkoal\n|-singleturn|p2a: Torkoal|Protect\n|move|p1a: Flutter Mane|Moonblast|p2b: Great Tusk\n|-damage|p2b: Great Tusk|23\/100\n|-unboost|p2b: Great Tusk|spa|1\n|move|p2b: Great Tusk|Earthquake|p1a: Flutter Mane|[spread] p1a,p1b\n|-activate|p2a: Torkoal|move: Protect\n|-supereffective|p1b: Torkoal\n|-enditem|p1a: Flutter Mane|Focus Sash\n|-damage|p1a: Flutter Mane|1\/100\n|-damage|p1b: Torkoal|0 fnt\n|faint|p1b: Torkoal\n|-damage|p2b: Great Tusk|13\/100|[from] item: Life Orb\n|\n|-weather|SunnyDay|[upkeep]\n|upkeep\n|inactive|Sharpievgc has 30 seconds left.\n|\n|t:|1681751519\n|switch|p1b: Amoonguss|Amoonguss, L50, F|100\/100\n|turn|2\n|\n|t:|1681751534\n|-end|p2b: Great Tusk|Protosynthesis|[silent]\n|switch|p2b: Garganacl|Garganacl, L50, M, shiny|100\/100\n|move|p1a: Flutter Mane|Dazzling Gleam|p2a: Torkoal|[spread] p2a,p2b\n|-resisted|p2a: Torkoal\n|-damage|p2a: Torkoal|78\/100\n|-damage|p2b: Garganacl|80\/100\n|move|p2a: Torkoal|Heat Wave|p1b: Amoonguss|[spread] p1a,p1b\n|-supereffective|p1b: Amoonguss\n|-damage|p1a: Flutter Mane|0 fnt\n|-damage|p1b: Amoonguss|11\/100\n|-enditem|p1b: Amoonguss|Sitrus Berry|[eat]\n|-heal|p1b: Amoonguss|36\/100|[from] item: Sitrus Berry\n|faint|p1a: Flutter Mane\n|-end|p1a: Flutter Mane|Protosynthesis|[silent]\n|move|p1b: Amoonguss|Spore|p2a: Torkoal\n|-status|p2a: Torkoal|slp|[from] move: Spore\n|\n|-weather|SunnyDay|[upkeep]\n|-heal|p2b: Garganacl|86\/100|[from] item: Leftovers\n|upkeep\n|\n|t:|1681751545\n|switch|p1a: Iron Hands|Iron Hands, L50|100\/100\n|turn|3\n|inactive|Sharpievgc has 30 seconds left.\n|\n|t:|1681751573\n|move|p1b: Amoonguss|Protect|p1b: Amoonguss\n|-singleturn|p1b: Amoonguss|Protect\n|move|p2b: Garganacl|Iron Defense|p2b: Garganacl\n|-boost|p2b: Garganacl|def|2\n|move|p1a: Iron Hands|Swords Dance|p1a: Iron Hands\n|-boost|p1a: Iron Hands|atk|2\n|cant|p2a: Torkoal|slp\n|\n|-weather|SunnyDay|[upkeep]\n|-heal|p2b: Garganacl|92\/100|[from] item: Leftovers\n|upkeep\n|turn|4\n|\n|t:|1681751588\n|move|p2b: Garganacl|Salt Cure|p1b: Amoonguss\n|-damage|p1b: Amoonguss|24\/100\n|-start|p1b: Amoonguss|Salt Cure\n|move|p1a: Iron Hands|Drain Punch|p2b: Garganacl\n|-supereffective|p2b: Garganacl\n|-damage|p2b: Garganacl|39\/100\n|cant|p2a: Torkoal|slp\n|move|p1b: Amoonguss|Pollen Puff|p2b: Garganacl\n|-damage|p2b: Garganacl|27\/100\n|\n|-weather|SunnyDay|[upkeep]\n|-heal|p2b: Garganacl|32\/100|[from] item: Leftovers\n|-damage|p1b: Amoonguss|12\/100|[from] Salt Cure\n|upkeep\n|turn|5\n|\n|t:|1681751609\n|move|p1b: Amoonguss|Rage Powder|p1b: Amoonguss\n|-singleturn|p1b: Amoonguss|move: Rage Powder\n|move|p2b: Garganacl|Recover|p2b: Garganacl\n|-heal|p2b: Garganacl|83\/100\n|move|p1a: Iron Hands|Drain Punch|p2b: Garganacl\n|-supereffective|p2b: Garganacl\n|-damage|p2b: Garganacl|28\/100\n|-curestatus|p2a: Torkoal|slp|[msg]\n|move|p2a: Torkoal|Heat Wave|p1a: Iron Hands|[spread] p1a,p1b\n|-supereffective|p1b: Amoonguss\n|-damage|p1a: Iron Hands|54\/100\n|-damage|p1b: Amoonguss|0 fnt\n|faint|p1b: Amoonguss\n|\n|-weather|none\n|-heal|p2b: Garganacl|33\/100|[from] item: Leftovers\n|upkeep\n|turn|6\n|-message|Sharpievgc forfeited.\n|\n|win|MistressQueenM\n|raw|Sharpievgc's rating: 1354 → 1336<\/strong> (-18 for losing)\n|raw|MistressQueenM's rating: 1397 → 1415<\/strong> (+18 for winning)\n|l|\u2606Sharpievgc\n","uploadtime":1681751662,"views":12,"p1id":"sharpievgc","p2id":"mistressqueenm","formatid":"gen9vgc2023regulationc","rating":1336,"private":0,"password":""}