{"id":"gen9vgc2023regulationc-1856695317","p1":"starburst48763","p2":"Th3D3b","format":"[Gen 9] VGC 2023 Regulation C","log":"|j|\u2606starburst48763\n|j|\u2606Th3D3b\n|t:|1683096043\n|gametype|doubles\n|player|p1|starburst48763|elesa-masters|1325\n|player|p2|Th3D3b|170|1325\n|teamsize|p1|6\n|teamsize|p2|6\n|gen|9\n|tier|[Gen 9] VGC 2023 Regulation C\n|rated|\n|rule|Species Clause: Limit one of each Pok\u00e9mon\n|rule|Item Clause: Limit one of each item\n|clearpoke\n|poke|p1|Ceruledge, L50, M|\n|poke|p1|Gyarados, L50, F|\n|poke|p1|Ting-Lu, L50|\n|poke|p1|Glimmora, L50, F|\n|poke|p1|Flutter Mane, L50|\n|poke|p1|Tsareena, L50, F|\n|poke|p2|Rotom-Wash, L50|\n|poke|p2|Flutter Mane, L50|\n|poke|p2|Ceruledge, L50, M|\n|poke|p2|Talonflame, L50, M|\n|poke|p2|Chi-Yu, L50|\n|poke|p2|Chien-Pao, L50|\n|teampreview|4\n|inactive|Battle timer is ON: inactive players will automatically lose when time's up. (requested by Th3D3b)\n|inactive|Th3D3b has 60 seconds left.\n|\n|t:|1683096093\n|start\n|switch|p1a: Glimmora|Glimmora, L50, F|100\/100\n|switch|p1b: Flutter Mane|Flutter Mane, L50|100\/100\n|switch|p2a: Talonflame|Talonflame, L50, M|100\/100\n|switch|p2b: Rotom|Rotom-Wash, L50|100\/100\n|turn|1\n|\n|t:|1683096116\n|-terastallize|p1a: Glimmora|Grass\n|move|p2a: Talonflame|Tailwind|p2a: Talonflame\n|-sidestart|p2: Th3D3b|move: Tailwind\n|move|p2b: Rotom|Hydro Pump|p1a: Glimmora\n|-resisted|p1a: Glimmora\n|-damage|p1a: Glimmora|68\/100\n|move|p1b: Flutter Mane|Dazzling Gleam|p2b: Rotom|[spread] p2a,p2b\n|-resisted|p2a: Talonflame\n|-damage|p2a: Talonflame|70\/100\n|-damage|p2b: Rotom|50\/100\n|-enditem|p2b: Rotom|Sitrus Berry|[eat]\n|-heal|p2b: Rotom|75\/100|[from] item: Sitrus Berry\n|move|p1a: Glimmora|Energy Ball|p2b: Rotom\n|-supereffective|p2b: Rotom\n|-damage|p2b: Rotom|0 fnt\n|faint|p2b: Rotom\n|\n|upkeep\n|\n|t:|1683096134\n|switch|p2b: Chi-Yu|Chi-Yu, L50|100\/100\n|-ability|p2b: Chi-Yu|Beads of Ruin\n|turn|2\n|\n|t:|1683096144\n|move|p1a: Glimmora|Spiky Shield|p1a: Glimmora\n|-singleturn|p1a: Glimmora|move: Protect\n|move|p2a: Talonflame|Brave Bird|p1b: Flutter Mane\n|-damage|p1b: Flutter Mane|36\/100\n|-damage|p2a: Talonflame|52\/100|[from] Recoil\n|move|p2b: Chi-Yu|Heat Wave|p1a: Glimmora|[spread] p1b\n|-activate|p1a: Glimmora|move: Protect\n|-damage|p1b: Flutter Mane|0 fnt\n|faint|p1b: Flutter Mane\n|-end|p1b: Flutter Mane|Protosynthesis|[silent]\n|-damage|p2b: Chi-Yu|91\/100|[from] item: Life Orb\n|\n|upkeep\n|\n|t:|1683096156\n|switch|p1b: Ting-Lu|Ting-Lu, L50|100\/100\n|-ability|p1b: Ting-Lu|Vessel of Ruin\n|turn|3\n|\n|t:|1683096168\n|switch|p1b: Ceruledge|Ceruledge, L50, M|100\/100\n|move|p2a: Talonflame|Will-O-Wisp|p1b: Ceruledge\n|-start|p1b: Ceruledge|ability: Flash Fire\n|move|p2b: Chi-Yu|Heat Wave|p1b: Ceruledge|[spread] p1a\n|-immune|p1b: Ceruledge|[from] ability: Flash Fire\n|-supereffective|p1a: Glimmora\n|-damage|p1a: Glimmora|0 fnt\n|faint|p1a: Glimmora\n|-damage|p2b: Chi-Yu|81\/100|[from] item: Life Orb\n|\n|upkeep\n|\n|t:|1683096178\n|switch|p1a: Ting-Lu|Ting-Lu, L50|100\/100\n|-ability|p1a: Ting-Lu|Vessel of Ruin\n|turn|4\n|\n|t:|1683096190\n|move|p2b: Chi-Yu|Protect|p2b: Chi-Yu\n|-singleturn|p2b: Chi-Yu|Protect\n|move|p1b: Ceruledge|Protect|p1b: Ceruledge\n|-singleturn|p1b: Ceruledge|Protect\n|move|p2a: Talonflame|Will-O-Wisp|p1a: Ting-Lu\n|-status|p1a: Ting-Lu|brn\n|move|p1a: Ting-Lu|Stomping Tantrum|p2b: Chi-Yu\n|-activate|p2b: Chi-Yu|move: Protect\n|\n|-damage|p1a: Ting-Lu|94\/100 brn|[from] brn\n|-sideend|p2: Th3D3b|move: Tailwind\n|upkeep\n|turn|5\n|\n|t:|1683096203\n|move|p2a: Talonflame|Brave Bird|p1b: Ceruledge\n|-damage|p1b: Ceruledge|60\/100\n|-damage|p2a: Talonflame|39\/100|[from] Recoil\n|move|p2b: Chi-Yu|Dark Pulse|p1b: Ceruledge\n|-supereffective|p1b: Ceruledge\n|-damage|p1b: Ceruledge|0 fnt\n|faint|p1b: Ceruledge\n|-damage|p2b: Chi-Yu|71\/100|[from] item: Life Orb\n|move|p1a: Ting-Lu|Stomping Tantrum|p2b: Chi-Yu\n|-supereffective|p2b: Chi-Yu\n|-damage|p2b: Chi-Yu|13\/100\n|\n|-damage|p1a: Ting-Lu|88\/100 brn|[from] brn\n|upkeep\n|turn|6\n|\n|t:|1683096224\n|move|p2a: Talonflame|Brave Bird|p1a: Ting-Lu\n|-damage|p1a: Ting-Lu|66\/100 brn\n|-damage|p2a: Talonflame|29\/100|[from] Recoil\n|move|p2b: Chi-Yu|Flamethrower|p1a: Ting-Lu\n|-damage|p1a: Ting-Lu|36\/100 brn\n|-damage|p2b: Chi-Yu|4\/100|[from] item: Life Orb\n|move|p1a: Ting-Lu|Throat Chop|p2a: Talonflame\n|-damage|p2a: Talonflame|3\/100\n|\n|-damage|p1a: Ting-Lu|30\/100 brn|[from] brn\n|upkeep\n|turn|7\n|\n|t:|1683096241\n|move|p2a: Talonflame|Brave Bird|p1a: Ting-Lu\n|-damage|p1a: Ting-Lu|10\/100 brn\n|-damage|p2a: Talonflame|0 fnt|[from] Recoil\n|faint|p2a: Talonflame\n|move|p2b: Chi-Yu|Flamethrower|p1a: Ting-Lu\n|-damage|p1a: Ting-Lu|0 fnt\n|faint|p1a: Ting-Lu\n|-damage|p2b: Chi-Yu|0 fnt|[from] item: Life Orb\n|faint|p2b: Chi-Yu\n|\n|win|Th3D3b\n|raw|starburst48763's rating: 1325 → 1305<\/strong> (-20 for losing)\n|raw|Th3D3b's rating: 1325 → 1345<\/strong> (+20 for winning)\n|l|\u2606starburst48763\n","uploadtime":1683096255,"views":7,"p1id":"starburst48763","p2id":"th3d3b","formatid":"gen9vgc2023regulationc","rating":1305,"private":0,"password":""}