{"id":"gen9vgc2023regulationc-1863315633","p1":"Nerfdewottpls","p2":"revocolombia","format":"[Gen 9] VGC 2023 Regulation C","log":"|j|\u2606Nerfdewottpls\n|j|\u2606revocolombia\n|t:|1684001549\n|gametype|doubles\n|player|p1|Nerfdewottpls|colress|1236\n|player|p2|revocolombia|pokemonranger-gen4|1290\n|teamsize|p1|6\n|teamsize|p2|6\n|gen|9\n|tier|[Gen 9] VGC 2023 Regulation C\n|rated|\n|rule|Species Clause: Limit one of each Pok\u00e9mon\n|rule|Item Clause: Limit one of each item\n|clearpoke\n|poke|p1|Flutter Mane, L50|\n|poke|p1|Wo-Chien, L50|\n|poke|p1|Glimmora, L50, F|\n|poke|p1|Gyarados, L50, F|\n|poke|p1|Ceruledge, L50, F|\n|poke|p1|Garganacl, L50, M|\n|poke|p2|Flutter Mane, L50|\n|poke|p2|Annihilape, L50, F|\n|poke|p2|Dragonite, L50, F|\n|poke|p2|Chien-Pao, L50|\n|poke|p2|Murkrow, L50, F|\n|poke|p2|Gholdengo, L50|\n|teampreview|4\n|inactive|Battle timer is ON: inactive players will automatically lose when time's up. (requested by Nerfdewottpls)\n|inactive|Nerfdewottpls has 60 seconds left.\n|\n|t:|1684001591\n|start\n|switch|p1a: Matias|Wo-Chien, L50|100\/100\n|switch|p1b: Garganacl|Garganacl, L50, M|100\/100\n|switch|p2a: Annihilape|Annihilape, L50, F|100\/100\n|switch|p2b: Dragonite|Dragonite, L50, F|100\/100\n|-ability|p1a: Matias|Tablets of Ruin\n|turn|1\n|\n|t:|1684001608\n|move|p2b: Dragonite|Low Kick|p1b: Garganacl\n|-supereffective|p1b: Garganacl\n|-damage|p1b: Garganacl|57\/100\n|move|p2a: Annihilape|Bulk Up|p2a: Annihilape\n|-boost|p2a: Annihilape|atk|1\n|-boost|p2a: Annihilape|def|1\n|move|p1a: Matias|Leech Seed|p2a: Annihilape\n|-start|p2a: Annihilape|move: Leech Seed\n|move|p1b: Garganacl|Iron Defense|p1b: Garganacl\n|-boost|p1b: Garganacl|def|2\n|\n|-damage|p2a: Annihilape|88\/100|[from] Leech Seed|[of] p1a: Matias\n|upkeep\n|turn|2\n|\n|t:|1684001628\n|move|p2b: Dragonite|Dragon Dance|p2b: Dragonite\n|-boost|p2b: Dragonite|atk|1\n|-boost|p2b: Dragonite|spe|1\n|move|p2a: Annihilape|Drain Punch|p1a: Matias\n|-supereffective|p1a: Matias\n|-damage|p1a: Matias|31\/100\n|-heal|p2a: Annihilape|100\/100|[from] drain|[of] p1a: Matias\n|move|p1a: Matias|Pollen Puff|p1b: Garganacl\n|-heal|p1b: Garganacl|100\/100\n|move|p1b: Garganacl|Salt Cure|p2b: Dragonite\n|-supereffective|p2b: Dragonite\n|-damage|p2b: Dragonite|90\/100\n|-start|p2b: Dragonite|Salt Cure\n|\n|-heal|p1a: Matias|37\/100|[from] item: Leftovers\n|-damage|p2a: Annihilape|88\/100|[from] Leech Seed|[of] p1a: Matias\n|-heal|p1a: Matias|50\/100|[silent]\n|-damage|p2b: Dragonite|78\/100|[from] Salt Cure\n|upkeep\n|turn|3\n|\n|t:|1684001652\n|-terastallize|p1a: Matias|Poison\n|move|p2b: Dragonite|Low Kick|p1b: Garganacl\n|-supereffective|p1b: Garganacl\n|-damage|p1b: Garganacl|71\/100\n|move|p2a: Annihilape|Drain Punch|p1b: Garganacl\n|-supereffective|p1b: Garganacl\n|-damage|p1b: Garganacl|48\/100\n|-heal|p2a: Annihilape|99\/100|[from] drain|[of] p1b: Garganacl\n|-enditem|p1b: Garganacl|Sitrus Berry|[eat]\n|-heal|p1b: Garganacl|73\/100|[from] item: Sitrus Berry\n|move|p1a: Matias|Foul Play|p2a: Annihilape\n|-damage|p2a: Annihilape|59\/100\n|move|p1b: Garganacl|Salt Cure|p2a: Annihilape\n|-resisted|p2a: Annihilape\n|-damage|p2a: Annihilape|56\/100\n|-start|p2a: Annihilape|Salt Cure\n|\n|-heal|p2a: Annihilape|62\/100|[from] item: Leftovers\n|-heal|p1a: Matias|57\/100|[from] item: Leftovers\n|-damage|p2a: Annihilape|50\/100|[from] Leech Seed|[of] p1a: Matias\n|-heal|p1a: Matias|70\/100|[silent]\n|-damage|p2b: Dragonite|65\/100|[from] Salt Cure\n|-damage|p2a: Annihilape|37\/100|[from] Salt Cure\n|upkeep\n|turn|4\n|inactive|Nerfdewottpls has 30 seconds left.\n|inactive|revocolombia has 30 seconds left.\n|\n|t:|1684001681\n|move|p2b: Dragonite|Dragon Dance|p2b: Dragonite\n|-boost|p2b: Dragonite|atk|1\n|-boost|p2b: Dragonite|spe|1\n|move|p2a: Annihilape|Rage Fist|p1a: Matias\n|-damage|p1a: Matias|3\/100\n|move|p1a: Matias|Leech Seed|p2b: Dragonite\n|-start|p2b: Dragonite|move: Leech Seed\n|move|p1b: Garganacl|Iron Defense|p1b: Garganacl\n|-boost|p1b: Garganacl|def|2\n|\n|-heal|p2a: Annihilape|43\/100|[from] item: Leftovers\n|-heal|p1a: Matias|9\/100|[from] item: Leftovers\n|-damage|p2b: Dragonite|53\/100|[from] Leech Seed|[of] p1a: Matias\n|-heal|p1a: Matias|21\/100|[silent]\n|-damage|p2a: Annihilape|31\/100|[from] Leech Seed|[of] p1a: Matias\n|-heal|p1a: Matias|34\/100|[silent]\n|-damage|p2b: Dragonite|40\/100|[from] Salt Cure\n|-damage|p2a: Annihilape|18\/100|[from] Salt Cure\n|upkeep\n|turn|5\n|inactive|revocolombia has 30 seconds left.\n|inactive|Nerfdewottpls has 30 seconds left.\n|\n|t:|1684001717\n|move|p1a: Matias|Protect|p1a: Matias\n|-singleturn|p1a: Matias|Protect\n|move|p2b: Dragonite|Thunder Punch|p1a: Matias\n|-activate|p1a: Matias|move: Protect\n|move|p2a: Annihilape|Drain Punch|p1b: Garganacl\n|-supereffective|p1b: Garganacl\n|-damage|p1b: Garganacl|57\/100\n|-heal|p2a: Annihilape|26\/100|[from] drain|[of] p1b: Garganacl\n|move|p1b: Garganacl|Salt Cure|p2b: Dragonite\n|-supereffective|p2b: Dragonite\n|-damage|p2b: Dragonite|20\/100\n|\n|-heal|p2a: Annihilape|32\/100|[from] item: Leftovers\n|-heal|p1a: Matias|41\/100|[from] item: Leftovers\n|-damage|p2b: Dragonite|7\/100|[from] Leech Seed|[of] p1a: Matias\n|-heal|p1a: Matias|52\/100|[silent]\n|-damage|p2a: Annihilape|20\/100|[from] Leech Seed|[of] p1a: Matias\n|-heal|p1a: Matias|66\/100|[silent]\n|-damage|p2b: Dragonite|0 fnt|[from] Salt Cure\n|faint|p2b: Dragonite\n|-damage|p2a: Annihilape|7\/100|[from] Salt Cure\n|upkeep\n|\n|t:|1684001740\n|switch|p2b: Gholdengo|Gholdengo, L50|100\/100\n|turn|6\n|\n|t:|1684001750\n|move|p1b: Garganacl|Protect|p1b: Garganacl\n|-singleturn|p1b: Garganacl|Protect\n|move|p2b: Gholdengo|Make It Rain|p1a: Matias|[spread] p1a\n|-activate|p1b: Garganacl|move: Protect\n|-damage|p1a: Matias|24\/100\n|-unboost|p2b: Gholdengo|spa|1\n|-damage|p2b: Gholdengo|91\/100|[from] item: Life Orb\n|move|p2a: Annihilape|Rage Fist|p1a: Matias\n|-damage|p1a: Matias|0 fnt\n|faint|p1a: Matias\n|\n|-heal|p2a: Annihilape|13\/100|[from] item: Leftovers\n|-damage|p2a: Annihilape|1\/100|[from] Salt Cure\n|upkeep\n|\n|t:|1684001766\n|switch|p1a: Ceruledge|Ceruledge, L50, F|100\/100\n|turn|7\n|\n|t:|1684001784\n|move|p2b: Gholdengo|Protect|p2b: Gholdengo\n|-singleturn|p2b: Gholdengo|Protect\n|move|p1a: Ceruledge|Shadow Sneak|p2a: Annihilape\n|-supereffective|p2a: Annihilape\n|-damage|p2a: Annihilape|0 fnt\n|faint|p2a: Annihilape\n|move|p1b: Garganacl|Salt Cure|p2b: Gholdengo\n|-activate|p2b: Gholdengo|move: Protect\n|\n|upkeep\n|\n|t:|1684001793\n|switch|p2a: Murkrow|Murkrow, L50, F|100\/100\n|turn|8\n|\n|t:|1684001810\n|-terastallize|p2b: Gholdengo|Water\n|move|p2a: Murkrow|Haze|p2a: Murkrow\n|-clearallboost\n|move|p2b: Gholdengo|Make It Rain|p1b: Garganacl|[spread] p1a,p1b\n|-resisted|p1a: Ceruledge\n|-supereffective|p1b: Garganacl\n|-damage|p1a: Ceruledge|68\/100\n|-damage|p1b: Garganacl|0 fnt\n|-unboost|p2b: Gholdengo|spa|1\n|faint|p1b: Garganacl\n|-damage|p2b: Gholdengo|81\/100|[from] item: Life Orb\n|move|p1a: Ceruledge|Bitter Blade|p2b: Gholdengo\n|-resisted|p2b: Gholdengo\n|-damage|p2b: Gholdengo|54\/100\n|-heal|p1a: Ceruledge|81\/100|[from] drain|[of] p2b: Gholdengo\n|\n|upkeep\n|\n|t:|1684001826\n|switch|p1b: Maniobra|Flutter Mane, L50|100\/100\n|-enditem|p1b: Maniobra|Booster Energy\n|-activate|p1b: Maniobra|ability: Protosynthesis|[fromitem]\n|-start|p1b: Maniobra|protosynthesisspa\n|turn|9\n|\n|t:|1684001839\n|move|p1b: Maniobra|Protect|p1b: Maniobra\n|-singleturn|p1b: Maniobra|Protect\n|move|p2a: Murkrow|Tailwind|p2a: Murkrow\n|-sidestart|p2: revocolombia|move: Tailwind\n|move|p2b: Gholdengo|Shadow Ball|p1a: Ceruledge\n|-supereffective|p1a: Ceruledge\n|-damage|p1a: Ceruledge|6\/100\n|-damage|p2b: Gholdengo|44\/100|[from] item: Life Orb\n|move|p1a: Ceruledge|Bitter Blade|p2a: Murkrow\n|-damage|p2a: Murkrow|48\/100\n|-heal|p1a: Ceruledge|32\/100|[from] drain|[of] p2a: Murkrow\n|\n|upkeep\n|turn|10\n|\n|t:|1684001856\n|move|p2a: Murkrow|Haze|p2a: Murkrow\n|-clearallboost\n|move|p1a: Ceruledge|Shadow Sneak|p2b: Gholdengo\n|-damage|p2b: Gholdengo|21\/100\n|move|p2b: Gholdengo|Make It Rain|p1b: Maniobra|[spread] p1a,p1b\n|-resisted|p1a: Ceruledge\n|-supereffective|p1b: Maniobra\n|-damage|p1a: Ceruledge|0 fnt\n|-damage|p1b: Maniobra|0 fnt\n|-unboost|p2b: Gholdengo|spa|1\n|faint|p1a: Ceruledge\n|faint|p1b: Maniobra\n|-end|p1b: Maniobra|Protosynthesis|[silent]\n|-damage|p2b: Gholdengo|12\/100|[from] item: Life Orb\n|\n|win|revocolombia\n|raw|Nerfdewottpls's rating: 1236 → 1215<\/strong> (-21 for losing)\n|raw|revocolombia's rating: 1290 → 1311<\/strong> (+21 for winning)\n|l|\u2606Nerfdewottpls\n","uploadtime":1684001873,"views":3,"p1id":"nerfdewottpls","p2id":"revocolombia","formatid":"gen9vgc2023regulationc","rating":1215,"private":0,"password":""}