{"id":"gen9vgc2023regulationc-1851187159","p1":"niftynifty","p2":"spacegururu","format":"[Gen 9] VGC 2023 Regulation C","log":"|j|\u2606niftynifty\n|j|\u2606spacegururu\n|t:|1682422653\n|gametype|doubles\n|player|p1|niftynifty|janitor|1101\n|player|p2|spacegururu|169|1040\n|teamsize|p1|6\n|teamsize|p2|6\n|gen|9\n|tier|[Gen 9] VGC 2023 Regulation C\n|rated|\n|rule|Species Clause: Limit one of each Pok\u00e9mon\n|rule|Item Clause: Limit one of each item\n|clearpoke\n|poke|p1|Farigiraf, L50, F|\n|poke|p1|Tatsugiri-Droopy, L50, M|\n|poke|p1|Garganacl, L50, M|\n|poke|p1|Chi-Yu, L50|\n|poke|p1|Wo-Chien, L50|\n|poke|p1|Flutter Mane, L50|\n|poke|p2|Lycanroc-Midnight, L50, M|\n|poke|p2|Medicham, L50, M|\n|poke|p2|Dondozo, L50, F|\n|poke|p2|Tatsugiri-Stretchy, L50, F|\n|poke|p2|Mimikyu, L50, M|\n|poke|p2|Ting-Lu, L50|\n|teampreview|4\n|inactive|Battle timer is ON: inactive players will automatically lose when time's up. (requested by spacegururu)\nspacegururu rejected open team sheets.\n|\n|t:|1682422685\n|start\n|switch|p1a: Flutter Mane|Flutter Mane, L50|100\/100\n|switch|p1b: Garganacl|Garganacl, L50, M|100\/100\n|switch|p2a: Lycanroc|Lycanroc-Midnight, L50, M|100\/100\n|switch|p2b: Medicham|Medicham, L50, M|100\/100\n|-enditem|p1a: Flutter Mane|Booster Energy\n|-activate|p1a: Flutter Mane|ability: Protosynthesis|[fromitem]\n|-start|p1a: Flutter Mane|protosynthesisspa\n|turn|1\n|c|\u2606spacegururu|hola\n|c|\u2606niftynifty|yo\n|\n|t:|1682422706\n|move|p1a: Flutter Mane|Substitute|p1a: Flutter Mane\n|-start|p1a: Flutter Mane|Substitute\n|-damage|p1a: Flutter Mane|76\/100\n|move|p2b: Medicham|Skill Swap|p2a: Lycanroc\n|-activate|p2b: Medicham|move: Skill Swap|||[of] p2a: Lycanroc\n|move|p2a: Lycanroc|Rock Slide|p1a: Flutter Mane|[spread] p1a,p1b\n|-end|p1a: Flutter Mane|Substitute\n|-damage|p1b: Garganacl|66\/100\n|move|p1b: Garganacl|Fissure|p2a: Lycanroc|[miss]\n|-miss|p1b: Garganacl|p2a: Lycanroc\n|\n|upkeep\n|turn|2\n|\n|t:|1682422728\n|switch|p2a: Dondozo|Dondozo, L50, F|100\/100\n|move|p1b: Garganacl|Wide Guard|p1b: Garganacl\n|-singleturn|p1b: Garganacl|Wide Guard\n|move|p1a: Flutter Mane|Moonblast|p2a: Dondozo\n|-damage|p2a: Dondozo|42\/100\n|move|p2b: Medicham|Skill Swap|p2a: Dondozo\n|-activate|p2b: Medicham|move: Skill Swap|||[of] p2a: Dondozo\n|\n|-heal|p2a: Dondozo|48\/100|[from] item: Leftovers\n|upkeep\n|turn|3\n|\n|t:|1682422749\n|switch|p2b: Tatsugiri|Tatsugiri-Stretchy, L50, F|100\/100\n|-activate|p2b: Tatsugiri|ability: Commander|[of] p2a: Dondozo\n|-boost|p2a: Dondozo|atk|2\n|-boost|p2a: Dondozo|spa|2\n|-boost|p2a: Dondozo|spe|2\n|-boost|p2a: Dondozo|def|2\n|-boost|p2a: Dondozo|spd|2\n|-terastallize|p2a: Dondozo|Steel\n|move|p2a: Dondozo|Fissure|p1b: Garganacl\n|-damage|p1b: Garganacl|0 fnt\n|faint|p1b: Garganacl\n|-ohko\n|move|p1a: Flutter Mane|Moonblast|p2b: Tatsugiri|[miss]\n|-miss|p1a: Flutter Mane|p2b: Tatsugiri\n|\n|-heal|p2a: Dondozo|54\/100|[from] item: Leftovers\n|upkeep\n|\n|t:|1682422768\n|switch|p1b: Tatsugiri|Tatsugiri-Droopy, L50, M, shiny|100\/100\n|turn|4\n|c|\u2606niftynifty|let's see if this works\n|\n|t:|1682422781\n|move|p1a: Flutter Mane|Protect|p1a: Flutter Mane\n|-singleturn|p1a: Flutter Mane|Protect\n|move|p2a: Dondozo|Fissure|p1a: Flutter Mane\n|-activate|p1a: Flutter Mane|move: Protect\n|move|p1b: Tatsugiri|Counter||[still]\n|-fail|p1b: Tatsugiri\n|\n|-heal|p2a: Dondozo|61\/100|[from] item: Leftovers\n|upkeep\n|turn|5\n|c|\u2606spacegururu|oo i wana see if it works too haha\n|c|\u2606spacegururu|fisuring tatsu\n|\n|t:|1682422801\n|move|p2a: Dondozo|Fissure|p1b: Tatsugiri\n|-enditem|p1b: Tatsugiri|Focus Sash\n|-damage|p1b: Tatsugiri|1\/100\n|move|p1a: Flutter Mane|Substitute|p1a: Flutter Mane\n|-start|p1a: Flutter Mane|Substitute\n|-damage|p1a: Flutter Mane|52\/100\n|move|p1b: Tatsugiri|Counter|p2a: Dondozo\n|-damage|p2a: Dondozo|0 fnt\n|faint|p2a: Dondozo\n|\n|upkeep\n|c|\u2606niftynifty|sash holds lol\n|c|\u2606spacegururu|nice haha\n|\n|t:|1682422818\n|switch|p2a: Lycanroc|Lycanroc-Midnight, L50, M|100\/100\n|turn|6\n|c|\u2606niftynifty|it's literally an anti-dondozo tatsu lol\n|\n|t:|1682422838\n|move|p2b: Tatsugiri|Muddy Water|p1a: Flutter Mane|[spread] p1a\n|-ability|p1b: Tatsugiri|Storm Drain|boost\n|-boost|p1b: Tatsugiri|spa|1\n|-end|p1a: Flutter Mane|Substitute\n|move|p1a: Flutter Mane|Moonblast|p2b: Tatsugiri\n|-supereffective|p2b: Tatsugiri\n|-damage|p2b: Tatsugiri|0 fnt\n|faint|p2b: Tatsugiri\n|move|p1b: Tatsugiri|Icy Wind|p2a: Lycanroc\n|-damage|p2a: Lycanroc|66\/100\n|-unboost|p2a: Lycanroc|spe|1\n|move|p2a: Lycanroc|Rock Slide|p1b: Tatsugiri|[spread] p1a,p1b\n|-damage|p1a: Flutter Mane|3\/100\n|-damage|p1b: Tatsugiri|0 fnt\n|faint|p1b: Tatsugiri\n|\n|upkeep\n|c|\u2606spacegururu|nice\n|\n|t:|1682422853\n|switch|p1b: Wo-Chien|Wo-Chien, L50|100\/100\n|switch|p2b: Medicham|Medicham, L50, M|100\/100\n|-ability|p1b: Wo-Chien|Tablets of Ruin\n|turn|7\n|c|\u2606niftynifty|not as good with storm drain as gastrodon (also maybe a cool skill swap idea lol)\n|inactive|niftynifty has 30 seconds left.\n|inactive|spacegururu has 30 seconds left.\n|\n|t:|1682422891\n|move|p1a: Flutter Mane|Protect|p1a: Flutter Mane\n|-singleturn|p1a: Flutter Mane|Protect\n|move|p2b: Medicham|Skill Swap|p2a: Lycanroc\n|-activate|p2b: Medicham|move: Skill Swap|||[of] p2a: Lycanroc\n|move|p2a: Lycanroc|Rock Slide|p1b: Wo-Chien|[spread] p1b\n|-activate|p1a: Flutter Mane|move: Protect\n|-damage|p1b: Wo-Chien|72\/100\n|cant|p1b: Wo-Chien|flinch\n|\n|-heal|p1b: Wo-Chien|79\/100|[from] item: Leftovers\n|upkeep\n|turn|8\n|\n|t:|1682422910\n|move|p1a: Flutter Mane|Moonblast|p2a: Lycanroc\n|-damage|p2a: Lycanroc|0 fnt\n|faint|p2a: Lycanroc\n|move|p2b: Medicham|Skill Swap|p2: Lycanroc|[notarget]\n|-fail|p2b: Medicham\n|move|p1b: Wo-Chien|Pollen Puff|p1a: Flutter Mane\n|-heal|p1a: Flutter Mane|53\/100\n|\n|-heal|p1b: Wo-Chien|85\/100|[from] item: Leftovers\n|upkeep\n|turn|9\n|c|\u2606spacegururu|gg!\n|\n|t:|1682422927\n|move|p1a: Flutter Mane|Moonblast|p2b: Medicham\n|-supereffective|p2b: Medicham\n|-crit|p2b: Medicham\n|-enditem|p2b: Medicham|Focus Sash\n|-damage|p2b: Medicham|1\/100\n|move|p2b: Medicham|Close Combat|p1b: Wo-Chien\n|-supereffective|p1b: Wo-Chien\n|-damage|p1b: Wo-Chien|40\/100\n|-unboost|p2b: Medicham|def|1\n|-unboost|p2b: Medicham|spd|1\n|move|p1b: Wo-Chien|Knock Off|p2b: Medicham\n|-damage|p2b: Medicham|0 fnt\n|faint|p2b: Medicham\n|\n|win|niftynifty\n|raw|niftynifty's rating: 1101 → 1122<\/strong> (+21 for winning)\n|raw|spacegururu's rating: 1040 → 1027<\/strong> (-13 for losing)\n|c|\u2606niftynifty|gg, cool team and played well\n|c|\u2606spacegururu|you too!\n|l|\u2606spacegururu\n","uploadtime":1682422946,"views":7,"p1id":"niftynifty","p2id":"spacegururu","formatid":"gen9vgc2023regulationc","rating":1027,"private":0,"password":""}