{"id":"gen9vgc2023regulationc-1851371450","p1":"ArnavChawla","p2":"Robbie35646","format":"[Gen 9] VGC 2023 Regulation C","log":"|j|\u2606ArnavChawla\n|j|\u2606Robbie35646\n|t:|1682439751\n|gametype|doubles\n|player|p1|ArnavChawla|ingo|\n|player|p2|Robbie35646|larry|\n|teamsize|p1|6\n|teamsize|p2|6\n|gen|9\n|tier|[Gen 9] VGC 2023 Regulation C\n|rule|Species Clause: Limit one of each Pok\u00e9mon\n|rule|Item Clause: Limit one of each item\n|clearpoke\n|poke|p1|Amoonguss, L50, F|\n|poke|p1|Iron Thorns, L50|\n|poke|p1|Iron Bundle, L50|\n|poke|p1|Flutter Mane, L50|\n|poke|p1|Talonflame, L50, F|\n|poke|p1|Kingambit, L50, M|\n|poke|p2|Ting-Lu, L50|\n|poke|p2|Palafin, L50, M|\n|poke|p2|Amoonguss, L50, F|\n|poke|p2|Arcanine, L50, M|\n|poke|p2|Flutter Mane, L50|\n|poke|p2|Iron Hands, L50|\n|teampreview|4\n|inactive|Battle timer is ON: inactive players will automatically lose when time's up. (requested by ArnavChawla)\nRobbie35646 has agreed to open team sheets.\nArnavChawla has agreed to open team sheets.\n|inactive|ArnavChawla has 60 seconds left.\n|inactive|Robbie35646 has 60 seconds left.\n|c|\u2606Robbie35646|glhf\n|c|\u2606ArnavChawla|u2\n|inactive|ArnavChawla has 30 seconds left.\n|inactive|Robbie35646 has 30 seconds left.\n|inactive|ArnavChawla has 20 seconds left.\n|\n|t:|1682439826\n|start\n|switch|p1a: Talonflame|Talonflame, L50, F|100\/100\n|switch|p1b: Iron Bundle|Iron Bundle, L50|100\/100\n|switch|p2a: Palafin|Palafin, L50, M, shiny|100\/100\n|switch|p2b: Iron Hands|Iron Hands, L50|100\/100\n|turn|1\n|\n|t:|1682439842\n|detailschange|p2a: Palafin|Palafin-Hero, L50, M, shiny\n|switch|p2a: Flutter Mane|Flutter Mane, L50|100\/100\n|move|p1a: Talonflame|Quick Guard|p1a: Talonflame\n|-singleturn|p1a: Talonflame|Quick Guard\n|move|p1b: Iron Bundle|Freeze-Dry|p2a: Flutter Mane\n|-damage|p2a: Flutter Mane|62\/100\n|-damage|p1b: Iron Bundle|91\/100|[from] item: Life Orb\n|move|p2b: Iron Hands|Drain Punch|p1b: Iron Bundle\n|-supereffective|p1b: Iron Bundle\n|-damage|p1b: Iron Bundle|0 fnt\n|faint|p1b: Iron Bundle\n|-end|p1b: Iron Bundle|Quark Drive|[silent]\n|\n|upkeep\n|\n|t:|1682439851\n|switch|p1b: Flutter Mane|Flutter Mane, L50|100\/100\n|turn|2\n|\n|t:|1682439861\n|-end|p1b: Flutter Mane|Protosynthesis|[silent]\n|switch|p1b: Kingambit|Kingambit, L50, M|100\/100\n|-end|p2a: Flutter Mane|Protosynthesis|[silent]\n|switch|p2a: Arcanine|Arcanine, L50, M|100\/100\n|-ability|p2a: Arcanine|Intimidate|boost\n|-unboost|p1a: Talonflame|atk|1\n|-unboost|p1b: Kingambit|atk|1\n|-ability|p1b: Kingambit|Defiant|boost\n|-boost|p1b: Kingambit|atk|2\n|-terastallize|p2b: Iron Hands|Fire\n|move|p1a: Talonflame|Tailwind|p1a: Talonflame\n|-sidestart|p1: ArnavChawla|move: Tailwind\n|move|p2b: Iron Hands|Thunder Punch|p1a: Talonflame\n|-supereffective|p1a: Talonflame\n|-damage|p1a: Talonflame|0 fnt\n|faint|p1a: Talonflame\n|\n|upkeep\n|\n|t:|1682439873\n|switch|p1a: Flutter Mane|Flutter Mane, L50|100\/100\n|turn|3\n|\n|t:|1682439881\n|-terastallize|p1b: Kingambit|Fairy\n|move|p1a: Flutter Mane|Shadow Ball|p2b: Iron Hands\n|-damage|p2b: Iron Hands|67\/100\n|move|p1b: Kingambit|Kowtow Cleave|p2a: Arcanine\n|-damage|p2a: Arcanine|24\/100\n|-enditem|p2a: Arcanine|Figy Berry|[eat]\n|-heal|p2a: Arcanine|57\/100|[from] item: Figy Berry\n|move|p2a: Arcanine|Will-O-Wisp|p1b: Kingambit\n|-status|p1b: Kingambit|brn\n|move|p2b: Iron Hands|Thunder Punch|p1a: Flutter Mane\n|-enditem|p1a: Flutter Mane|Focus Sash\n|-damage|p1a: Flutter Mane|1\/100\n|\n|-damage|p1b: Kingambit|95\/100 brn|[from] brn\n|upkeep\n|turn|4\n|\n|t:|1682439901\n|move|p1a: Flutter Mane|Shadow Ball|p2a: Arcanine\n|-damage|p2a: Arcanine|10\/100\n|move|p1b: Kingambit|Iron Head|p2b: Iron Hands\n|-resisted|p2b: Iron Hands\n|-damage|p2b: Iron Hands|55\/100\n|move|p2a: Arcanine|Flare Blitz|p1b: Kingambit\n|-crit|p1b: Kingambit\n|-damage|p1b: Kingambit|38\/100 brn\n|-damage|p2a: Arcanine|0 fnt|[from] Recoil\n|faint|p2a: Arcanine\n|cant|p2b: Iron Hands|flinch\n|\n|-damage|p1b: Kingambit|32\/100 brn|[from] brn\n|upkeep\n|\n|t:|1682439904\n|switch|p2a: Palafin|Palafin-Hero, L50, M, shiny|100\/100\n|-activate|p2a: Palafin|ability: Zero to Hero\n|turn|5\n|\n|t:|1682439914\n|move|p1a: Flutter Mane|Protect|p1a: Flutter Mane\n|-singleturn|p1a: Flutter Mane|Protect\n|move|p2a: Palafin|Jet Punch|p1a: Flutter Mane\n|-activate|p1a: Flutter Mane|move: Protect\n|move|p1b: Kingambit|Kowtow Cleave|p2a: Palafin\n|-damage|p2a: Palafin|64\/100\n|move|p2b: Iron Hands|Thunder Punch|p1b: Kingambit\n|-damage|p1b: Kingambit|1\/100 brn\n|\n|-damage|p1b: Kingambit|0 fnt|[from] brn\n|faint|p1b: Kingambit\n|-sideend|p1: ArnavChawla|move: Tailwind\n|upkeep\n|turn|6\n|c|\u2606Robbie35646|gg1\n|c|\u2606ArnavChawla|gg\n|\n|t:|1682439926\n|move|p2a: Palafin|Jet Punch|p1a: Flutter Mane\n|-damage|p1a: Flutter Mane|0 fnt\n|faint|p1a: Flutter Mane\n|-end|p1a: Flutter Mane|Protosynthesis|[silent]\n|\n|win|Robbie35646\n","uploadtime":1682439929,"views":9,"p1id":"arnavchawla","p2id":"robbie35646","formatid":"gen9vgc2023regulationc","rating":0,"private":0,"password":""}