{"id":"gen9vgc2023regulationc-1853138807","p1":"AmongusMaster5678","p2":"blazikenmask97","format":"[Gen 9] VGC 2023 Regulation C","log":"|j|\u2606AmongusMaster5678\n|j|\u2606blazikenmask97\n|t:|1682639884\n|gametype|doubles\n|player|p1|AmongusMaster5678|1|\n|player|p2|blazikenmask97|101|\n|teamsize|p1|6\n|teamsize|p2|6\n|gen|9\n|tier|[Gen 9] VGC 2023 Regulation C\n|rated|Tournament battle\n|rule|Species Clause: Limit one of each Pok\u00e9mon\n|rule|Item Clause: Limit one of each item\n|clearpoke\n|poke|p1|Glimmora, L50, M|\n|poke|p1|Arcanine, L50, M|\n|poke|p1|Amoonguss, L50, F|\n|poke|p1|Flutter Mane, L50|\n|poke|p1|Tatsugiri, L50, M|\n|poke|p1|Dondozo, L50, M|\n|poke|p2|Flutter Mane, L50|\n|poke|p2|Chi-Yu, L50|\n|poke|p2|Murkrow, L50, M|\n|poke|p2|Great Tusk, L50|\n|poke|p2|Amoonguss, L50, F|\n|poke|p2|Gyarados, L50, M|\n|teampreview|4\n|raw| Open Team Sheet for AmongusMaster5678<\/summary>Glimmora @ Assault Vest Ability: Toxic Debris Level: 50 Tera Type: Grass - Mortal Spin - Power Gem - Energy Ball - Sludge Wave Arcanine @ Safety Goggles Ability: Intimidate Level: 50 Tera Type: Water - Extreme Speed - Flare Blitz - Protect - Snarl Amoonguss @ Sitrus Berry Ability: Regenerator Level: 50 Tera Type: Water - Rage Powder - Protect - Pollen Puff - Spore Flutter Mane @ Focus Sash Ability: Protosynthesis Level: 50 Tera Type: Fairy - Perish Song - Dazzling Gleam - Protect - Shadow Ball Tatsugiri @ Choice Scarf Ability: Commander Level: 50 Tera Type: Steel - Draco Meteor - Surf - Icy Wind - Chilling Water Dondozo @ Leftovers Ability: Unaware Level: 50 Tera Type: Grass - Protect - Substitute - Order Up - Earthquake <\/details><\/div> Open Team Sheet for blazikenmask97<\/summary>Flutter Mane @ Life Orb Ability: Protosynthesis Level: 50 Tera Type: Fairy - Shadow Ball - Dazzling Gleam - Moonblast - Protect Chi-Yu @ Sitrus Berry Ability: Beads of Ruin Level: 50 Tera Type: Grass - Dark Pulse - Heat Wave - Nasty Plot - Protect Murkrow @ Focus Sash Ability: Prankster Level: 50 Tera Type: Ghost - Sunny Day - Tailwind - Quash - Brave Bird Great Tusk @ Clear Amulet Ability: Protosynthesis Level: 50 Hidden Power: Fighting Tera Type: Steel - Headlong Rush - Close Combat - Earthquake - Protect Amoonguss @ Rocky Helmet Ability: Regenerator Level: 50 Tera Type: Water - Clear Smog - Spore - Protect - Rage Powder Gyarados @ Safety Goggles Ability: Intimidate Level: 50 Tera Type: Steel - Taunt - Thunder Wave - Iron Head - Waterfall <\/details><\/div>\n|inactive|Battle timer is ON: inactive players will automatically lose when time's up. (requested by AmongusMaster5678)\n|c|\u2606AmongusMaster5678|glhf\n|inactive|blazikenmask97 has 60 seconds left.\n|c|\u2606blazikenmask97|glhf\n|c|\u2606blazikenmask97|idk why but there's a hidden power fighting in team sheet, plz ignore it\n|inactive|blazikenmask97 has 30 seconds left.\n|inactive|blazikenmask97 has 20 seconds left.\n|inactive|blazikenmask97 has 15 seconds left.\n|c|\u2606AmongusMaster5678|kk\n|inactive|blazikenmask97 has 10 seconds left.\n|\n|t:|1682639969\n|start\n|switch|p1a: Glimmora|Glimmora, L50, M|100\/100\n|switch|p1b: Flutter Mane|Flutter Mane, L50|100\/100\n|switch|p2a: Murkrow|Murkrow, L50, M|100\/100\n|switch|p2b: Flutter Mane|Flutter Mane, L50|100\/100\n|turn|1\n|inactive|blazikenmask97 has 30 seconds left.\n|\n|t:|1682640003\n|switch|p2a: Amoonguss|Amoonguss, L50, F|100\/100\n|move|p1b: Flutter Mane|Protect|p1b: Flutter Mane\n|-singleturn|p1b: Flutter Mane|Protect\n|move|p2b: Flutter Mane|Dazzling Gleam|p1a: Glimmora|[spread] p1a\n|-activate|p1b: Flutter Mane|move: Protect\n|-resisted|p1a: Glimmora\n|-crit|p1a: Glimmora\n|-damage|p1a: Glimmora|71\/100\n|-damage|p2b: Flutter Mane|91\/100|[from] item: Life Orb\n|move|p1a: Glimmora|Power Gem|p2a: Amoonguss\n|-damage|p2a: Amoonguss|58\/100\n|\n|upkeep\n|turn|2\n|inactive|AmongusMaster5678 has 30 seconds left.\n|inactive|blazikenmask97 has 30 seconds left.\n|inactive|AmongusMaster5678 has 20 seconds left.\n|inactive|blazikenmask97 has 20 seconds left.\n|inactive|AmongusMaster5678 has 15 seconds left.\n|inactive|blazikenmask97 has 15 seconds left.\n|\n|t:|1682640046\n|move|p2b: Flutter Mane|Protect|p2b: Flutter Mane\n|-singleturn|p2b: Flutter Mane|Protect\n|move|p1b: Flutter Mane|Shadow Ball|p2a: Amoonguss\n|-crit|p2a: Amoonguss\n|-damage|p2a: Amoonguss|0 fnt\n|faint|p2a: Amoonguss\n|move|p1a: Glimmora|Power Gem|p2b: Flutter Mane\n|-activate|p2b: Flutter Mane|move: Protect\n|\n|upkeep\n|\n|t:|1682640054\n|switch|p2a: Murkrow|Murkrow, L50, M|100\/100\n|turn|3\n|\n|t:|1682640065\n|-terastallize|p1b: Flutter Mane|Fairy\n|move|p2a: Murkrow|Sunny Day|p2a: Murkrow\n|-weather|SunnyDay\n|-activate|p1b: Flutter Mane|ability: Protosynthesis\n|-start|p1b: Flutter Mane|protosynthesisspe\n|-activate|p2b: Flutter Mane|ability: Protosynthesis\n|-start|p2b: Flutter Mane|protosynthesisspa\n|move|p1b: Flutter Mane|Dazzling Gleam|p2a: Murkrow|[spread] p2a,p2b\n|-supereffective|p2a: Murkrow\n|-enditem|p2a: Murkrow|Focus Sash\n|-damage|p2a: Murkrow|1\/100\n|-damage|p2b: Flutter Mane|47\/100\n|move|p2b: Flutter Mane|Shadow Ball|p1a: Glimmora\n|-damage|p1a: Glimmora|6\/100\n|-damage|p2b: Flutter Mane|37\/100|[from] item: Life Orb\n|move|p1a: Glimmora|Power Gem|p2a: Murkrow\n|-supereffective|p2a: Murkrow\n|-damage|p2a: Murkrow|0 fnt\n|faint|p2a: Murkrow\n|\n|-weather|SunnyDay|[upkeep]\n|upkeep\n|\n|t:|1682640075\n|switch|p2a: Gyarados|Gyarados, L50, M|100\/100\n|-ability|p2a: Gyarados|Intimidate|boost\n|-unboost|p1a: Glimmora|atk|1\n|-unboost|p1b: Flutter Mane|atk|1\n|turn|4\n|\n|t:|1682640088\n|-terastallize|p2a: Gyarados|Steel\n|move|p2b: Flutter Mane|Protect|p2b: Flutter Mane\n|-singleturn|p2b: Flutter Mane|Protect\n|move|p1b: Flutter Mane|Dazzling Gleam|p2b: Flutter Mane|[spread] p2a\n|-activate|p2b: Flutter Mane|move: Protect\n|-resisted|p2a: Gyarados\n|-crit|p2a: Gyarados\n|-damage|p2a: Gyarados|75\/100\n|move|p1a: Glimmora|Power Gem|p2a: Gyarados\n|-resisted|p2a: Gyarados\n|-damage|p2a: Gyarados|57\/100\n|move|p2a: Gyarados|Iron Head|p1b: Flutter Mane\n|-supereffective|p1b: Flutter Mane\n|-enditem|p1b: Flutter Mane|Focus Sash\n|-damage|p1b: Flutter Mane|1\/100\n|\n|-weather|SunnyDay|[upkeep]\n|upkeep\n|turn|5\n|\n|t:|1682640106\n|move|p2b: Flutter Mane|Protect|p2b: Flutter Mane\n|-singleturn|p2b: Flutter Mane|Protect\n|move|p1b: Flutter Mane|Dazzling Gleam|p2a: Gyarados|[spread] p2a\n|-activate|p2b: Flutter Mane|move: Protect\n|-resisted|p2a: Gyarados\n|-damage|p2a: Gyarados|40\/100\n|move|p1a: Glimmora|Power Gem|p2a: Gyarados\n|-resisted|p2a: Gyarados\n|-damage|p2a: Gyarados|23\/100\n|move|p2a: Gyarados|Thunder Wave|p1b: Flutter Mane\n|-status|p1b: Flutter Mane|par\n|\n|-weather|SunnyDay|[upkeep]\n|upkeep\n|turn|6\n|\n|t:|1682640123\n|move|p1b: Flutter Mane|Protect|p1b: Flutter Mane\n|-singleturn|p1b: Flutter Mane|Protect\n|move|p2b: Flutter Mane|Dazzling Gleam|p1a: Glimmora|[spread] p1a\n|-activate|p1b: Flutter Mane|move: Protect\n|-resisted|p1a: Glimmora\n|-damage|p1a: Glimmora|0 fnt\n|faint|p1a: Glimmora\n|-damage|p2b: Flutter Mane|28\/100|[from] item: Life Orb\n|move|p2a: Gyarados|Iron Head|p1b: Flutter Mane\n|-activate|p1b: Flutter Mane|move: Protect\n|\n|-weather|SunnyDay|[upkeep]\n|upkeep\n|\n|t:|1682640128\n|switch|p1a: Dondozo|Dondozo, L50, M|100\/100\n|turn|7\n|inactive|blazikenmask97 has 30 seconds left.\n|\n|t:|1682640156\n|-end|p1b: Flutter Mane|Protosynthesis|[silent]\n|switch|p1b: Tatsugiri|Tatsugiri, L50, M|100\/100\n|-activate|p1b: Tatsugiri|ability: Commander|[of] p1a: Dondozo\n|-boost|p1a: Dondozo|atk|2\n|-boost|p1a: Dondozo|spa|2\n|-boost|p1a: Dondozo|spe|2\n|-boost|p1a: Dondozo|def|2\n|-boost|p1a: Dondozo|spd|2\n|move|p2b: Flutter Mane|Protect|p2b: Flutter Mane\n|-singleturn|p2b: Flutter Mane|Protect\n|move|p1a: Dondozo|Earthquake|p2b: Flutter Mane|[spread] p2a\n|-miss|p1a: Dondozo|p1b: Tatsugiri\n|-activate|p2b: Flutter Mane|move: Protect\n|-supereffective|p2a: Gyarados\n|-damage|p2a: Gyarados|0 fnt\n|faint|p2a: Gyarados\n|\n|-weather|none\n|-end|p2b: Flutter Mane|Protosynthesis\n|upkeep\n|turn|8\n|\n|t:|1682640170\n|move|p2b: Flutter Mane|Moonblast|p1a: Dondozo\n|-damage|p1a: Dondozo|71\/100\n|-damage|p2b: Flutter Mane|18\/100|[from] item: Life Orb\n|move|p1a: Dondozo|Earthquake|p2b: Flutter Mane|[spread] p2b\n|-miss|p1a: Dondozo|p1b: Tatsugiri\n|-damage|p2b: Flutter Mane|0 fnt\n|faint|p2b: Flutter Mane\n|-end|p2b: Flutter Mane|Protosynthesis|[silent]\n|\n|win|AmongusMaster5678\n|n|\u2606AmongusMaster5678|amongusmaster5678\n|n|\u2606blazikenmask97|blazikenmask97\n|c|\u2606AmongusMaster5678|gg\n|c|\u2606blazikenmask97|gg\n|l|\u2606blazikenmask97\n","uploadtime":1682640724,"views":7,"p1id":"amongusmaster5678","p2id":"blazikenmask97","formatid":"gen9vgc2023regulationc","rating":0,"private":0,"password":""}