{"id":"gen9vgc2023regulationc-1853419559","p1":"rozalencsar","p2":"haha u rage quit","format":"[Gen 9] VGC 2023 Regulation C","log":"|j|\u2606rozalencsar\n|j|\u2606haha u rage quit\n|t:|1682682899\n|gametype|doubles\n|player|p1|rozalencsar|170|1183\n|player|p2|haha u rage quit|pokemaniac|1246\n|teamsize|p1|6\n|teamsize|p2|6\n|gen|9\n|tier|[Gen 9] VGC 2023 Regulation C\n|rated|\n|rule|Species Clause: Limit one of each Pok\u00e9mon\n|rule|Item Clause: Limit one of each item\n|clearpoke\n|poke|p1|Dragapult, L50, M|\n|poke|p1|Chien-Pao, L50|\n|poke|p1|Corviknight, L50, M|\n|poke|p1|Arcanine, L50, M|\n|poke|p1|Glimmora, L50, F|\n|poke|p1|Flutter Mane, L50|\n|poke|p2|Roaring Moon, L50|\n|poke|p2|Hippowdon, L50, M|\n|poke|p2|Tyranitar, L50, M|\n|poke|p2|Great Tusk, L50|\n|poke|p2|Garchomp, L50, M|\n|poke|p2|Lycanroc, L50, M|\n|teampreview|4\n|inactive|Battle timer is ON: inactive players will automatically lose when time's up. (requested by haha u rage quit)\n|\n|t:|1682682950\n|start\n|switch|p1a: Chien-Pao|Chien-Pao, L50|100\/100\n|switch|p1b: Corviknight|Corviknight, L50, M, shiny|100\/100\n|switch|p2a: Roaring Moon|Roaring Moon, L50|100\/100\n|switch|p2b: Great Tusk|Great Tusk, L50, shiny|100\/100\n|-ability|p1a: Chien-Pao|Sword of Ruin\n|-enditem|p2a: Roaring Moon|Booster Energy\n|-activate|p2a: Roaring Moon|ability: Protosynthesis|[fromitem]\n|-start|p2a: Roaring Moon|protosynthesisspe\n|turn|1\n|inactive|rozalencsar has 30 seconds left.\n|inactive|haha u rage quit has 30 seconds left.\n|inactive|haha u rage quit has 20 seconds left.\n|inactive|haha u rage quit has 15 seconds left.\n|\n|t:|1682682990\n|-terastallize|p2a: Roaring Moon|Ghost\n|-terastallize|p1a: Chien-Pao|Ghost\n|move|p2a: Roaring Moon|Rock Slide|p1b: Corviknight|[spread] p1a,p1b\n|-damage|p1a: Chien-Pao|72\/100\n|-damage|p1b: Corviknight|77\/100\n|move|p2b: Great Tusk|Rock Slide|p1a: Chien-Pao|[spread] p1a,p1b\n|-damage|p1a: Chien-Pao|42\/100\n|-damage|p1b: Corviknight|55\/100\n|cant|p1a: Chien-Pao|flinch\n|move|p1b: Corviknight|Tailwind|p1b: Corviknight\n|-sidestart|p1: rozalencsar|move: Tailwind\n|\n|-heal|p1b: Corviknight|60\/100|[from] item: Leftovers\n|upkeep\n|turn|2\n|\n|t:|1682683013\n|move|p1a: Chien-Pao|Sucker Punch|p2a: Roaring Moon\n|-supereffective|p2a: Roaring Moon\n|-damage|p2a: Roaring Moon|0 fnt\n|faint|p2a: Roaring Moon\n|-end|p2a: Roaring Moon|Protosynthesis|[silent]\n|move|p2b: Great Tusk|Rock Slide|p1a: Chien-Pao|[spread] p1a,p1b\n|-damage|p1a: Chien-Pao|14\/100\n|-damage|p1b: Corviknight|39\/100\n|cant|p1b: Corviknight|flinch\n|\n|-heal|p1b: Corviknight|44\/100|[from] item: Leftovers\n|upkeep\n|\n|t:|1682683028\n|switch|p2a: Lycanroc|Lycanroc, L50, M|100\/100\n|turn|3\n|\n|t:|1682683047\n|-end|p2b: Great Tusk|Protosynthesis|[silent]\n|switch|p2b: Tyranitar|Tyranitar, L50, M|100\/100\n|-weather|Sandstorm|[from] ability: Sand Stream|[of] p2b: Tyranitar\n|move|p1a: Chien-Pao|Protect|p1a: Chien-Pao\n|-singleturn|p1a: Chien-Pao|Protect\n|move|p2a: Lycanroc|Rock Slide|p1a: Chien-Pao|[spread] p1b\n|-activate|p1a: Chien-Pao|move: Protect\n|-damage|p1b: Corviknight|13\/100\n|move|p1b: Corviknight|Iron Head|p2a: Lycanroc\n|-supereffective|p2a: Lycanroc\n|-enditem|p2a: Lycanroc|Focus Sash\n|-damage|p2a: Lycanroc|1\/100\n|\n|-weather|Sandstorm|[upkeep]\n|-damage|p1a: Chien-Pao|8\/100|[from] Sandstorm\n|-heal|p1b: Corviknight|19\/100|[from] item: Leftovers\n|upkeep\n|turn|4\n|\n|t:|1682683069\n|move|p2a: Lycanroc|Endure|p2a: Lycanroc\n|-singleturn|p2a: Lycanroc|move: Endure\n|move|p1a: Chien-Pao|Sucker Punch||[still]\n|-fail|p1a: Chien-Pao\n|move|p1b: Corviknight|Roost|p1b: Corviknight\n|-heal|p1b: Corviknight|69\/100\n|-singleturn|p1b: Corviknight|move: Roost\n|move|p2b: Tyranitar|Rock Slide|p1b: Corviknight|[spread] p1a,p1b\n|-resisted|p1b: Corviknight\n|-damage|p1a: Chien-Pao|0 fnt\n|-damage|p1b: Corviknight|53\/100\n|faint|p1a: Chien-Pao\n|\n|-weather|Sandstorm|[upkeep]\n|-heal|p1b: Corviknight|59\/100|[from] item: Leftovers\n|-sideend|p1: rozalencsar|move: Tailwind\n|upkeep\n|inactive|rozalencsar has 30 seconds left.\n|\n|t:|1682683097\n|switch|p1a: Flutter Mane|Flutter Mane, L50|100\/100\n|-enditem|p1a: Flutter Mane|Booster Energy\n|-activate|p1a: Flutter Mane|ability: Protosynthesis|[fromitem]\n|-start|p1a: Flutter Mane|protosynthesisspa\n|turn|5\n|\n|t:|1682683119\n|switch|p1b: Dragapult|Dragapult, L50, M, shiny|100\/100\n|move|p2a: Lycanroc|Endeavor|p1b: Dragapult\n|-immune|p1b: Dragapult\n|move|p1a: Flutter Mane|Moonblast|p2b: Tyranitar\n|-supereffective|p2b: Tyranitar\n|-damage|p2b: Tyranitar|45\/100\n|-unboost|p2b: Tyranitar|spa|1\n|move|p2b: Tyranitar|Heavy Slam|p1a: Flutter Mane\n|-supereffective|p1a: Flutter Mane\n|-damage|p1a: Flutter Mane|0 fnt\n|faint|p1a: Flutter Mane\n|-end|p1a: Flutter Mane|Protosynthesis|[silent]\n|\n|-weather|Sandstorm|[upkeep]\n|-damage|p1b: Dragapult|94\/100|[from] Sandstorm\n|upkeep\n|\n|t:|1682683134\n|switch|p1a: Corviknight|Corviknight, L50, M, shiny|59\/100\n|turn|6\n|\n|t:|1682683152\n|move|p2a: Lycanroc|Endeavor|p1a: Corviknight\n|-damage|p1a: Corviknight|1\/100\n|move|p1b: Dragapult|Dragon Darts|p2b: Tyranitar\n|-damage|p2b: Tyranitar|11\/100\n|-anim|p1b: Dragapult|Dragon Darts|p2a: Lycanroc\n|-damage|p2a: Lycanroc|0 fnt\n|faint|p2a: Lycanroc\n|move|p2b: Tyranitar|Crunch|p1b: Dragapult\n|-supereffective|p1b: Dragapult\n|-damage|p1b: Dragapult|0 fnt\n|faint|p1b: Dragapult\n|move|p1a: Corviknight|Roost|p1a: Corviknight\n|-heal|p1a: Corviknight|51\/100\n|-singleturn|p1a: Corviknight|move: Roost\n|\n|-weather|Sandstorm|[upkeep]\n|-heal|p1a: Corviknight|57\/100|[from] item: Leftovers\n|upkeep\n|\n|t:|1682683161\n|switch|p2a: Great Tusk|Great Tusk, L50, shiny|100\/100\n|turn|7\n|\n|t:|1682683181\n|move|p2a: Great Tusk|Rock Slide|p1a: Corviknight\n|-damage|p1a: Corviknight|32\/100\n|move|p2b: Tyranitar|Rock Slide|p1a: Corviknight\n|-damage|p1a: Corviknight|0 fnt\n|faint|p1a: Corviknight\n|\n|win|haha u rage quit\n|raw|rozalencsar's rating: 1183 → 1162<\/strong> (-21 for losing)\n|raw|haha u rage quit's rating: 1246 → 1267<\/strong> (+21 for winning)\n|l|\u2606rozalencsar\n","uploadtime":1682683195,"views":12,"p1id":"rozalencsar","p2id":"hahauragequit","formatid":"gen9vgc2023regulationc","rating":1162,"private":0,"password":""}