{"id":"gen9vgc2023regulationc-1848385536","p1":"totempancho","p2":"unishalaku","format":"[Gen 9] VGC 2023 Regulation C","log":"|j|\u2606totempancho\n|j|\u2606unishalaku\n|t:|1682070477\n|gametype|doubles\n|player|p1|totempancho|medium|1226\n|player|p2|unishalaku|1|1244\n|teamsize|p1|6\n|teamsize|p2|6\n|gen|9\n|tier|[Gen 9] VGC 2023 Regulation C\n|rated|\n|rule|Species Clause: Limit one of each Pok\u00e9mon\n|rule|Item Clause: Limit one of each item\n|clearpoke\n|poke|p1|Arcanine, L50, M|\n|poke|p1|Maushold-Four, L50|\n|poke|p1|Volcarona, L50, M|\n|poke|p1|Sandy Shocks, L50|\n|poke|p1|Frosmoth, L50, M|\n|poke|p1|Abomasnow, L50, F|\n|poke|p2|Flutter Mane, L50|\n|poke|p2|Chien-Pao, L50|\n|poke|p2|Palafin, L50, M|\n|poke|p2|Kingambit, L50, F|\n|poke|p2|Iron Bundle, L50|\n|poke|p2|Amoonguss, L50, F|\n|teampreview|4\n|\n|t:|1682070506\n|start\n|switch|p1a: Frosmoth|Frosmoth, L50, M|100\/100\n|switch|p1b: Maushold|Maushold-Four, L50|100\/100\n|switch|p2a: Iron Bundle|Iron Bundle, L50|100\/100\n|switch|p2b: Palafin|Palafin, L50, M|100\/100\n|-enditem|p2a: Iron Bundle|Booster Energy\n|-activate|p2a: Iron Bundle|ability: Quark Drive|[fromitem]\n|-start|p2a: Iron Bundle|quarkdrivespe\n|turn|1\n|inactive|Battle timer is ON: inactive players will automatically lose when time's up. (requested by unishalaku)\n|\n|t:|1682070521\n|detailschange|p2b: Palafin|Palafin-Hero, L50, M\n|switch|p2b: Chien-Pao|Chien-Pao, L50|100\/100\n|-ability|p2b: Chien-Pao|Sword of Ruin\n|move|p1b: Maushold|Follow Me|p1b: Maushold\n|-singleturn|p1b: Maushold|move: Follow Me\n|move|p2a: Iron Bundle|Icy Wind|p1b: Maushold|[spread] p1a,p1b\n|-resisted|p1a: Frosmoth\n|-damage|p1a: Frosmoth|96\/100\n|-damage|p1b: Maushold|77\/100\n|-unboost|p1a: Frosmoth|spe|1\n|-unboost|p1b: Maushold|spe|1\n|move|p1a: Frosmoth|Quiver Dance|p1a: Frosmoth\n|-boost|p1a: Frosmoth|spa|1\n|-boost|p1a: Frosmoth|spd|1\n|-boost|p1a: Frosmoth|spe|1\n|\n|upkeep\n|turn|2\n|inactive|unishalaku has 30 seconds left.\n|inactive|unishalaku has 20 seconds left.\n|inactive|unishalaku has 15 seconds left.\n|\n|t:|1682070561\n|move|p1b: Maushold|Follow Me|p1b: Maushold\n|-singleturn|p1b: Maushold|move: Follow Me\n|move|p2a: Iron Bundle|Hydro Pump|p1b: Maushold\n|-damage|p1b: Maushold|14\/100\n|move|p2b: Chien-Pao|Sacred Sword|p1b: Maushold\n|-supereffective|p1b: Maushold\n|-damage|p1b: Maushold|0 fnt\n|faint|p1b: Maushold\n|move|p1a: Frosmoth|Quiver Dance|p1a: Frosmoth\n|-boost|p1a: Frosmoth|spa|1\n|-boost|p1a: Frosmoth|spd|1\n|-boost|p1a: Frosmoth|spe|1\n|\n|upkeep\n|\n|t:|1682070578\n|switch|p1b: Sandy Shocks|Sandy Shocks, L50|100\/100\n|-enditem|p1b: Sandy Shocks|Booster Energy\n|-activate|p1b: Sandy Shocks|ability: Protosynthesis|[fromitem]\n|-start|p1b: Sandy Shocks|protosynthesisspa\n|turn|3\n|inactive|totempancho has 30 seconds left.\n|inactive|unishalaku has 30 seconds left.\n|\n|t:|1682070609\n|-end|p1b: Sandy Shocks|Protosynthesis|[silent]\n|switch|p1b: Abomasnow|Abomasnow, L50, F|100\/100\n|-weather|Snow|[from] ability: Snow Warning|[of] p1b: Abomasnow\n|-terastallize|p2b: Chien-Pao|Dark\n|move|p2b: Chien-Pao|Sucker Punch|p1a: Frosmoth\n|-damage|p1a: Frosmoth|33\/100\n|move|p2a: Iron Bundle|Hydro Pump|p1b: Abomasnow\n|-resisted|p1b: Abomasnow\n|-damage|p1b: Abomasnow|70\/100\n|move|p1a: Frosmoth|Blizzard|p2b: Chien-Pao|[spread] p2a,p2b\n|-resisted|p2a: Iron Bundle\n|-crit|p2b: Chien-Pao\n|-damage|p2a: Iron Bundle|41\/100\n|-enditem|p2b: Chien-Pao|Focus Sash\n|-damage|p2b: Chien-Pao|1\/100\n|\n|-weather|Snow|[upkeep]\n|upkeep\n|turn|4\n|inactive|unishalaku has 30 seconds left.\n|\n|t:|1682070636\n|move|p2b: Chien-Pao|Sucker Punch||[still]\n|-fail|p2b: Chien-Pao\n|move|p2a: Iron Bundle|Freeze-Dry|p1b: Abomasnow\n|-damage|p1b: Abomasnow|36\/100\n|move|p1a: Frosmoth|Quiver Dance|p1a: Frosmoth\n|-boost|p1a: Frosmoth|spa|1\n|-boost|p1a: Frosmoth|spd|1\n|-boost|p1a: Frosmoth|spe|1\n|move|p1b: Abomasnow|Blizzard|p2b: Chien-Pao|[spread] p2a,p2b\n|-resisted|p2a: Iron Bundle\n|-crit|p2b: Chien-Pao\n|-damage|p2a: Iron Bundle|23\/100\n|-damage|p2b: Chien-Pao|0 fnt\n|faint|p2b: Chien-Pao\n|\n|-weather|Snow|[upkeep]\n|upkeep\n|\n|t:|1682070654\n|switch|p2b: Kingambit|Kingambit, L50, F, shiny|100\/100\n|turn|5\n|\n|t:|1682070671\n|move|p2b: Kingambit|Sucker Punch|p1a: Frosmoth\n|-damage|p1a: Frosmoth|0 fnt\n|faint|p1a: Frosmoth\n|move|p2a: Iron Bundle|Freeze-Dry|p1b: Abomasnow\n|-damage|p1b: Abomasnow|2\/100\n|move|p1b: Abomasnow|Energy Ball|p2a: Iron Bundle\n|-supereffective|p2a: Iron Bundle\n|-crit|p2a: Iron Bundle\n|-damage|p2a: Iron Bundle|0 fnt\n|faint|p2a: Iron Bundle\n|-end|p2a: Iron Bundle|Quark Drive|[silent]\n|\n|-weather|Snow|[upkeep]\n|upkeep\n|\n|t:|1682070683\n|switch|p2a: Palafin|Palafin-Hero, L50, M|100\/100\n|switch|p1a: Sandy Shocks|Sandy Shocks, L50|100\/100\n|-activate|p2a: Palafin|ability: Zero to Hero\n|turn|6\n|\n|t:|1682070706\n|-terastallize|p1a: Sandy Shocks|Electric\n|move|p1b: Abomasnow|Protect|p1b: Abomasnow\n|-singleturn|p1b: Abomasnow|Protect\n|move|p2a: Palafin|Jet Punch|p1a: Sandy Shocks\n|-damage|p1a: Sandy Shocks|59\/100\n|move|p2b: Kingambit|Sucker Punch||[still]\n|-fail|p2b: Kingambit\n|move|p1a: Sandy Shocks|Thunderbolt|p2a: Palafin\n|-supereffective|p2a: Palafin\n|-damage|p2a: Palafin|0 fnt\n|faint|p2a: Palafin\n|\n|-weather|Snow|[upkeep]\n|upkeep\n|turn|7\n|\n|t:|1682070729\n|move|p2b: Kingambit|Sucker Punch||[still]\n|-fail|p2b: Kingambit\n|move|p1a: Sandy Shocks|Earth Power|p2b: Kingambit\n|-supereffective|p2b: Kingambit\n|-damage|p2b: Kingambit|34\/100\n|move|p1b: Abomasnow|Aurora Veil|p1b: Abomasnow\n|-sidestart|p1: totempancho|move: Aurora Veil\n|\n|-weather|none\n|upkeep\n|turn|8\n|-message|unishalaku forfeited.\n|\n|win|totempancho\n|raw|totempancho's rating: 1226 → 1252<\/strong> (+26 for winning)\n|raw|unishalaku's rating: 1244 → 1218<\/strong> (-26 for losing)\n|l|\u2606unishalaku\n","uploadtime":1682070748,"views":22,"p1id":"totempancho","p2id":"unishalaku","formatid":"gen9vgc2023regulationc","rating":1218,"private":0,"password":""}