{"id":"gen9vgc2023regulationc-1858524609","p1":"Matildo","p2":"WillieDangerously","format":"[Gen 9] VGC 2023 Regulation C","log":"|j|\u2606Matildo\n|j|\u2606WillieDangerously\n|t:|1683321256\n|gametype|doubles\n|player|p1|Matildo|2|1159\n|player|p2|WillieDangerously|psychic-gen4|1142\n|teamsize|p1|6\n|teamsize|p2|6\n|gen|9\n|tier|[Gen 9] VGC 2023 Regulation C\n|rated|\n|rule|Species Clause: Limit one of each Pok\u00e9mon\n|rule|Item Clause: Limit one of each item\n|clearpoke\n|poke|p1|Dondozo, L50, M|\n|poke|p1|Tatsugiri-Droopy, L50, M|\n|poke|p1|Pelipper, L50, F|\n|poke|p1|Drednaw, L50, M|\n|poke|p1|Dragonite, L50, M|\n|poke|p1|Chien-Pao, L50|\n|poke|p2|Chien-Pao, L50|\n|poke|p2|Amoonguss, L50, F|\n|poke|p2|Palafin, L50, M|\n|poke|p2|Dragapult, L50, M|\n|poke|p2|Scream Tail, L50|\n|poke|p2|Arcanine, L50, F|\n|teampreview|4\n|inactive|Battle timer is ON: inactive players will automatically lose when time's up. (requested by Matildo)\nMatildo rejected open team sheets.\n|\n|t:|1683321286\n|start\n|switch|p1a: Pelipper|Pelipper, L50, F, shiny|100\/100\n|switch|p1b: Dondozo|Dondozo, L50, M|100\/100\n|switch|p2a: Amoonguss|Amoonguss, L50, F|100\/100\n|switch|p2b: Dragapult|Dragapult, L50, M|100\/100\n|-weather|RainDance|[from] ability: Drizzle|[of] p1a: Pelipper\n|turn|1\n|inactive|WillieDangerously has 30 seconds left.\n|\n|t:|1683321312\n|switch|p1a: Tatsugiri|Tatsugiri-Droopy, L50, M|100\/100\n|-activate|p1a: Tatsugiri|ability: Commander|[of] p1b: Dondozo\n|-boost|p1b: Dondozo|atk|2\n|-boost|p1b: Dondozo|spa|2\n|-boost|p1b: Dondozo|spe|2\n|-boost|p1b: Dondozo|def|2\n|-boost|p1b: Dondozo|spd|2\n|-terastallize|p1b: Dondozo|Grass\n|move|p2b: Dragapult|Will-O-Wisp|p1b: Dondozo\n|-status|p1b: Dondozo|brn\n|move|p1b: Dondozo|Surf|p2a: Amoonguss|[spread] p2a,p2b\n|-miss|p1b: Dondozo|p1a: Tatsugiri\n|-resisted|p2a: Amoonguss\n|-resisted|p2b: Dragapult\n|-damage|p2a: Amoonguss|69\/100\n|-damage|p2b: Dragapult|29\/100\n|move|p2a: Amoonguss|Spore|p1a: Tatsugiri|[miss]\n|-miss|p2a: Amoonguss|p1a: Tatsugiri\n|\n|-weather|RainDance|[upkeep]\n|-damage|p1b: Dondozo|94\/100 brn|[from] brn\n|upkeep\n|turn|2\n|inactive|WillieDangerously has 30 seconds left.\n|\n|t:|1683321344\n|move|p2b: Dragapult|Protect|p2b: Dragapult\n|-singleturn|p2b: Dragapult|Protect\n|move|p1b: Dondozo|Surf|p2b: Dragapult|[spread] p2a\n|-miss|p1b: Dondozo|p1a: Tatsugiri\n|-activate|p2b: Dragapult|move: Protect\n|-resisted|p2a: Amoonguss\n|-damage|p2a: Amoonguss|35\/100\n|move|p2a: Amoonguss|Pollen Puff|p1b: Dondozo\n|-supereffective|p1b: Dondozo\n|-damage|p1b: Dondozo|74\/100 brn\n|\n|-weather|RainDance|[upkeep]\n|-damage|p1b: Dondozo|68\/100 brn|[from] brn\n|upkeep\n|turn|3\n|inactive|WillieDangerously has 30 seconds left.\n|inactive|WillieDangerously has 20 seconds left.\n|inactive|WillieDangerously has 15 seconds left.\n|inactive|WillieDangerously has 10 seconds left.\n|\n|t:|1683321394\n|switch|p2b: Chien-Pao|Chien-Pao, L50|100\/100\n|-ability|p2b: Chien-Pao|Sword of Ruin\n|move|p1b: Dondozo|Surf|p2a: Amoonguss|[spread] p2a,p2b\n|-miss|p1b: Dondozo|p1a: Tatsugiri\n|-resisted|p2a: Amoonguss\n|-damage|p2a: Amoonguss|0 fnt\n|-enditem|p2b: Chien-Pao|Focus Sash\n|-damage|p2b: Chien-Pao|1\/100\n|faint|p2a: Amoonguss\n|\n|-weather|RainDance|[upkeep]\n|-damage|p1b: Dondozo|61\/100 brn|[from] brn\n|upkeep\n|\n|t:|1683321410\n|switch|p2a: Scream Tail|Scream Tail, L50|100\/100\n|-enditem|p2a: Scream Tail|Booster Energy\n|-activate|p2a: Scream Tail|ability: Protosynthesis|[fromitem]\n|-start|p2a: Scream Tail|protosynthesisspe\n|turn|4\n|\n|t:|1683321434\n|move|p2a: Scream Tail|Howl|p2a: Scream Tail|[spread] p2a,p2b\n|-boost|p2a: Scream Tail|atk|1\n|-boost|p2b: Chien-Pao|atk|1\n|move|p2b: Chien-Pao|Haze|p2b: Chien-Pao\n|-clearallboost\n|move|p1b: Dondozo|Surf|p2b: Chien-Pao|[spread] p2a,p2b\n|-miss|p1b: Dondozo|p1a: Tatsugiri\n|-damage|p2a: Scream Tail|64\/100\n|-damage|p2b: Chien-Pao|0 fnt\n|faint|p2b: Chien-Pao\n|\n|-weather|RainDance|[upkeep]\n|-damage|p1b: Dondozo|55\/100 brn|[from] brn\n|upkeep\n|\n|t:|1683321440\n|switch|p2b: Dragapult|Dragapult, L50, M|29\/100\n|turn|5\n|\n|t:|1683321447\n|move|p2b: Dragapult|Protect|p2b: Dragapult\n|-singleturn|p2b: Dragapult|Protect\n|move|p2a: Scream Tail|Howl|p2a: Scream Tail|[spread] p2a,p2b\n|-boost|p2a: Scream Tail|atk|1\n|-boost|p2b: Dragapult|atk|1\n|move|p1b: Dondozo|Surf|p2b: Dragapult|[spread] p2a\n|-miss|p1b: Dondozo|p1a: Tatsugiri\n|-activate|p2b: Dragapult|move: Protect\n|-damage|p2a: Scream Tail|29\/100\n|\n|-weather|RainDance|[upkeep]\n|-damage|p1b: Dondozo|49\/100 brn|[from] brn\n|upkeep\n|turn|6\n|inactive|WillieDangerously has 30 seconds left.\n|\n|t:|1683321475\n|-terastallize|p2b: Dragapult|Ghost\n|move|p2a: Scream Tail|Howl|p2a: Scream Tail|[spread] p2a,p2b\n|-boost|p2a: Scream Tail|atk|1\n|-boost|p2b: Dragapult|atk|1\n|move|p2b: Dragapult|Tera Blast|p1b: Dondozo\n|-damage|p1b: Dondozo|9\/100 brn\n|move|p1b: Dondozo|Surf|p2a: Scream Tail|[spread] p2a,p2b\n|-miss|p1b: Dondozo|p1a: Tatsugiri\n|-crit|p2b: Dragapult\n|-damage|p2a: Scream Tail|0 fnt\n|-damage|p2b: Dragapult|0 fnt\n|faint|p2a: Scream Tail\n|-end|p2a: Scream Tail|Protosynthesis|[silent]\n|faint|p2b: Dragapult\n|\n|win|Matildo\n|raw|Matildo's rating: 1159 → 1183<\/strong> (+24 for winning)\n|raw|WillieDangerously's rating: 1142 → 1118<\/strong> (-24 for losing)\n","uploadtime":1683321495,"views":4,"p1id":"matildo","p2id":"williedangerously","formatid":"gen9vgc2023regulationc","rating":1118,"private":0,"password":""}