{"id":"gen9vgc2023regulationc-1847511182","p1":"Kammala","p2":"QueenRegentBiden","format":"[Gen 9] VGC 2023 Regulation C","log":"|j|\u2606Kammala\n|j|\u2606QueenRegentBiden\n|t:|1681964944\n|gametype|doubles\n|player|p1|Kammala|102|1134\n|player|p2|QueenRegentBiden|bertha|1025\n|teamsize|p1|6\n|teamsize|p2|6\n|gen|9\n|tier|[Gen 9] VGC 2023 Regulation C\n|rated|\n|rule|Species Clause: Limit one of each Pok\u00e9mon\n|rule|Item Clause: Limit one of each item\n|clearpoke\n|poke|p1|Azumarill, L50, F|\n|poke|p1|Amoonguss, L50, F|\n|poke|p1|Tauros-Paldea-Blaze, L50, M|\n|poke|p1|Ting-Lu, L50|\n|poke|p1|Baxcalibur, L50, F|\n|poke|p1|Flutter Mane, L50|\n|poke|p2|Scizor, L50, F|\n|poke|p2|Iron Moth, L50|\n|poke|p2|Maushold, L50|\n|poke|p2|Ting-Lu, L50|\n|poke|p2|Palafin, L50, M|\n|poke|p2|Tinkaton, L50, F|\n|teampreview|4\n|inactive|Battle timer is ON: inactive players will automatically lose when time's up. (requested by Kammala)\nKammala has agreed to open team sheets.\n|inactive|Kammala has 60 seconds left.\n|\n|t:|1681964989\n|start\n|switch|p1a: Tauros|Tauros-Paldea-Blaze, L50, M|100\/100\n|switch|p1b: Flutter Mane|Flutter Mane, L50|100\/100\n|switch|p2a: Tinkaton|Tinkaton, L50, F|100\/100\n|switch|p2b: Iron Moth|Iron Moth, L50|100\/100\n|-ability|p1a: Tauros|Intimidate|boost\n|-fail|p2a: Tinkaton|unboost|Attack|[from] ability: Own Tempo|[of] p2a: Tinkaton\n|-unboost|p2b: Iron Moth|atk|1\n|-item|p2a: Tinkaton|Air Balloon\n|-enditem|p1b: Flutter Mane|Booster Energy\n|-activate|p1b: Flutter Mane|ability: Protosynthesis|[fromitem]\n|-start|p1b: Flutter Mane|protosynthesisspa\n|turn|1\n|\n|t:|1681965008\n|move|p1a: Tauros|Protect|p1a: Tauros\n|-singleturn|p1a: Tauros|Protect\n|move|p2a: Tinkaton|Fake Out|p1a: Tauros\n|-activate|p1a: Tauros|move: Protect\n|move|p1b: Flutter Mane|Shadow Ball|p2b: Iron Moth\n|-damage|p2b: Iron Moth|60\/100\n|-unboost|p2b: Iron Moth|spd|1\n|move|p2b: Iron Moth|Sludge Wave|p1a: Tauros|[spread] p1b\n|-activate|p1a: Tauros|move: Protect\n|-immune|p2a: Tinkaton\n|-damage|p1b: Flutter Mane|61\/100\n|\n|upkeep\n|turn|2\n|inactive|Kammala has 30 seconds left.\n|inactive|QueenRegentBiden has 30 seconds left.\n|\n|t:|1681965045\n|-end|p2b: Iron Moth|Quark Drive|[silent]\n|switch|p2b: Scizor|Scizor, L50, F|100\/100\n|switch|p2a: Maushold|Maushold, L50|100\/100\n|move|p1b: Flutter Mane|Protect|p1b: Flutter Mane\n|-singleturn|p1b: Flutter Mane|Protect\n|move|p1a: Tauros|Flare Blitz|p2b: Scizor\n|-supereffective|p2b: Scizor\n|-damage|p2b: Scizor|0 fnt\n|faint|p2b: Scizor\n|-damage|p1a: Tauros|74\/100|[from] Recoil\n|\n|upkeep\n|\n|t:|1681965051\n|switch|p2b: Iron Moth|Iron Moth, L50|60\/100\n|turn|3\n|inactive|Kammala has 30 seconds left.\n|\n|t:|1681965081\n|move|p1b: Flutter Mane|Dazzling Gleam|p2a: Maushold|[spread] p2a,p2b\n|-resisted|p2b: Iron Moth\n|-damage|p2a: Maushold|39\/100\n|-damage|p2b: Iron Moth|54\/100\n|move|p2a: Maushold|Population Bomb|p1a: Tauros\n|-damage|p1a: Tauros|69\/100\n|-damage|p1a: Tauros|62\/100\n|-damage|p1a: Tauros|57\/100\n|-damage|p1a: Tauros|52\/100\n|-damage|p1a: Tauros|46\/100\n|-damage|p1a: Tauros|41\/100\n|-damage|p1a: Tauros|36\/100\n|-hitcount|p1a: Tauros|7\n|move|p2b: Iron Moth|Fiery Dance|p1b: Flutter Mane\n|-damage|p1b: Flutter Mane|15\/100\n|-boost|p2b: Iron Moth|spa|1\n|cant|p1a: Tauros|flinch\n|\n|upkeep\n|turn|4\n|inactive|Kammala has 30 seconds left.\n|inactive|QueenRegentBiden has 30 seconds left.\n|\n|t:|1681965110\n|move|p1b: Flutter Mane|Shadow Ball|p2b: Iron Moth\n|-damage|p2b: Iron Moth|23\/100\n|move|p2a: Maushold|Population Bomb|p1a: Tauros\n|-damage|p1a: Tauros|30\/100\n|-damage|p1a: Tauros|25\/100\n|-hitcount|p1a: Tauros|2\n|move|p2b: Iron Moth|Heat Wave|p1a: Tauros|[spread] p1a,p1b\n|-resisted|p1a: Tauros\n|-damage|p1a: Tauros|0 fnt\n|-damage|p1b: Flutter Mane|0 fnt\n|faint|p1a: Tauros\n|faint|p1b: Flutter Mane\n|-end|p1b: Flutter Mane|Protosynthesis|[silent]\n|\n|upkeep\n|\n|t:|1681965119\n|switch|p1b: Amoonguss|Amoonguss, L50, F|100\/100\n|switch|p1a: Azumarill|Azumarill, L50, F|100\/100\n|turn|5\n|\n|t:|1681965136\n|move|p1b: Amoonguss|Protect|p1b: Amoonguss\n|-singleturn|p1b: Amoonguss|Protect\n|move|p1a: Azumarill|Aqua Jet|p2b: Iron Moth\n|-supereffective|p2b: Iron Moth\n|-crit|p2b: Iron Moth\n|-damage|p2b: Iron Moth|0 fnt\n|faint|p2b: Iron Moth\n|-end|p2b: Iron Moth|Quark Drive|[silent]\n|move|p2a: Maushold|Population Bomb|p1a: Azumarill|[miss]\n|-miss|p2a: Maushold|p1a: Azumarill\n|\n|upkeep\n|\n|t:|1681965145\n|switch|p2b: Tinkaton|Tinkaton, L50, F|100\/100\n|-item|p2b: Tinkaton|Air Balloon\n|turn|6\n|\n|t:|1681965155\n|-terastallize|p2a: Maushold|Normal\n|move|p2b: Tinkaton|Fake Out|p1a: Azumarill\n|-damage|p1a: Azumarill|92\/100\n|cant|p1a: Azumarill|flinch\n|move|p2a: Maushold|Population Bomb|p1b: Amoonguss|[miss]\n|-miss|p2a: Maushold|p1b: Amoonguss\n|move|p1b: Amoonguss|Spore|p2b: Tinkaton\n|-status|p2b: Tinkaton|slp|[from] move: Spore\n|\n|upkeep\n|turn|7\n|\n|t:|1681965171\n|cant|p2b: Tinkaton|slp\n|move|p1b: Amoonguss|Rage Powder|p1b: Amoonguss\n|-singleturn|p1b: Amoonguss|move: Rage Powder\n|move|p2a: Maushold|Population Bomb|p1b: Amoonguss\n|-damage|p1b: Amoonguss|94\/100\n|-damage|p1b: Amoonguss|88\/100\n|-damage|p1b: Amoonguss|82\/100\n|-damage|p1b: Amoonguss|76\/100\n|-hitcount|p1b: Amoonguss|4\n|move|p1a: Azumarill|Superpower|p2a: Maushold\n|-supereffective|p2a: Maushold\n|-damage|p2a: Maushold|0 fnt\n|-unboost|p1a: Azumarill|atk|1\n|-unboost|p1a: Azumarill|def|1\n|faint|p2a: Maushold\n|\n|upkeep\n|turn|8\n|-message|QueenRegentBiden forfeited.\n|\n|win|Kammala\n|raw|Kammala's rating: 1134 → 1151<\/strong> (+17 for winning)\n|raw|QueenRegentBiden's rating: 1025 → 1015<\/strong> (-10 for losing)\n|l|\u2606QueenRegentBiden\n","uploadtime":1681965183,"views":11,"p1id":"kammala","p2id":"queenregentbiden","formatid":"gen9vgc2023regulationc","rating":1015,"private":0,"password":""}