{"id":"gen9vgc2023regulationc-1847924256","p1":"doobaa","p2":"Micah3389","format":"[Gen 9] VGC 2023 Regulation C","log":"|j|\u2606doobaa\n|j|\u2606Micah3389\n|t:|1682013084\n|gametype|doubles\n|player|p1|doobaa|skierf|1127\n|player|p2|Micah3389|2|1072\n|teamsize|p1|6\n|teamsize|p2|6\n|gen|9\n|tier|[Gen 9] VGC 2023 Regulation C\n|rated|\n|rule|Species Clause: Limit one of each Pok\u00e9mon\n|rule|Item Clause: Limit one of each item\n|clearpoke\n|poke|p1|Flutter Mane, L50|\n|poke|p1|Gothitelle, L50, F|\n|poke|p1|Azumarill, L50, M|\n|poke|p1|Arcanine, L50, F|\n|poke|p1|Ting-Lu, L50|\n|poke|p1|Wo-Chien, L50|\n|poke|p2|Umbreon, L50, F|\n|poke|p2|Iron Bundle, L50|\n|poke|p2|Ceruledge, L50, F|\n|poke|p2|Dragonite, L50, M|\n|poke|p2|Amoonguss, L50, M|\n|poke|p2|Chien-Pao, L50|\n|teampreview|4\ndoobaa rejected open team sheets.\n|\n|t:|1682013155\n|start\n|switch|p1a: Arcanine|Arcanine, L50, F|100\/100\n|switch|p1b: Flutter Mane|Flutter Mane, L50|100\/100\n|switch|p2a: Umbreon|Umbreon, L50, F, shiny|100\/100\n|switch|p2b: Iron Bundle|Iron Bundle, L50, shiny|100\/100\n|-ability|p1a: Arcanine|Intimidate|boost\n|-fail|p2a: Umbreon|unboost|Attack|[from] ability: Inner Focus|[of] p2a: Umbreon\n|-unboost|p2b: Iron Bundle|atk|1\n|-enditem|p2b: Iron Bundle|Booster Energy\n|-activate|p2b: Iron Bundle|ability: Quark Drive|[fromitem]\n|-start|p2b: Iron Bundle|quarkdrivespe\n|turn|1\n|\n|t:|1682013187\n|-terastallize|p2a: Umbreon|Poison\n|move|p2b: Iron Bundle|Protect|p2b: Iron Bundle\n|-singleturn|p2b: Iron Bundle|Protect\n|move|p1a: Arcanine|Protect|p1a: Arcanine\n|-singleturn|p1a: Arcanine|Protect\n|move|p1b: Flutter Mane|Moonblast|p2b: Iron Bundle\n|-activate|p2b: Iron Bundle|move: Protect\n|move|p2a: Umbreon|Snarl|p1b: Flutter Mane|[spread] p1b\n|-activate|p1a: Arcanine|move: Protect\n|-damage|p1b: Flutter Mane|91\/100\n|-unboost|p1b: Flutter Mane|spa|1\n|\n|upkeep\n|turn|2\n|\n|t:|1682013206\n|switch|p1a: Wo-Chien|Wo-Chien, L50|100\/100\n|-ability|p1a: Wo-Chien|Tablets of Ruin\n|-terastallize|p1b: Flutter Mane|Fairy\n|move|p2b: Iron Bundle|Hydro Pump|p1a: Wo-Chien|[miss]\n|-miss|p2b: Iron Bundle|p1a: Wo-Chien\n|move|p1b: Flutter Mane|Moonblast|p2b: Iron Bundle\n|-damage|p2b: Iron Bundle|9\/100\n|move|p2a: Umbreon|Foul Play|p1b: Flutter Mane\n|-resisted|p1b: Flutter Mane\n|-damage|p1b: Flutter Mane|79\/100\n|\n|upkeep\n|turn|3\n|\n|t:|1682013235\n|-end|p1b: Flutter Mane|Protosynthesis|[silent]\n|switch|p1b: Arcanine|Arcanine, L50, F|100\/100\n|-ability|p1b: Arcanine|Intimidate|boost\n|-fail|p2a: Umbreon|unboost|Attack|[from] ability: Inner Focus|[of] p2a: Umbreon\n|-unboost|p2b: Iron Bundle|atk|1\n|move|p1a: Wo-Chien|Protect|p1a: Wo-Chien\n|-singleturn|p1a: Wo-Chien|Protect\n|move|p2b: Iron Bundle|Icy Wind|p1a: Wo-Chien|[spread] p1b\n|-activate|p1a: Wo-Chien|move: Protect\n|-resisted|p1b: Arcanine\n|-crit|p1b: Arcanine\n|-damage|p1b: Arcanine|80\/100\n|-unboost|p1b: Arcanine|spe|1\n|move|p2a: Umbreon|Taunt|p1a: Wo-Chien\n|-activate|p1a: Wo-Chien|move: Protect\n|\n|upkeep\n|turn|4\n|\n|t:|1682013261\n|move|p1b: Arcanine|Extreme Speed|p2b: Iron Bundle\n|-damage|p2b: Iron Bundle|0 fnt\n|faint|p2b: Iron Bundle\n|-end|p2b: Iron Bundle|Quark Drive|[silent]\n|move|p1a: Wo-Chien|Pollen Puff|p1b: Arcanine\n|-heal|p1b: Arcanine|100\/100\n|move|p2a: Umbreon|Taunt|p1b: Arcanine\n|-start|p1b: Arcanine|move: Taunt\n|\n|upkeep\n|\n|t:|1682013274\n|switch|p2b: Ceruledge|Ceruledge, L50, F, shiny|100\/100\n|turn|5\n|\n|t:|1682013286\n|switch|p1b: Flutter Mane|Flutter Mane, L50, tera:Fairy|79\/100\n|switch|p1a: Azumarill|Azumarill, L50, M|100\/100\n|move|p2b: Ceruledge|Bulk Up|p2b: Ceruledge\n|-boost|p2b: Ceruledge|atk|1\n|-boost|p2b: Ceruledge|def|1\n|move|p2a: Umbreon|Taunt|p1a: Azumarill\n|-start|p1a: Azumarill|move: Taunt\n|\n|upkeep\n|turn|6\n|\n|t:|1682013311\n|move|p2b: Ceruledge|Protect|p2b: Ceruledge\n|-singleturn|p2b: Ceruledge|Protect\n|move|p1a: Azumarill|Aqua Jet|p2a: Umbreon\n|-damage|p2a: Umbreon|85\/100\n|move|p1b: Flutter Mane|Shadow Ball|p2b: Ceruledge\n|-activate|p2b: Ceruledge|move: Protect\n|move|p2a: Umbreon|Snarl|p1b: Flutter Mane|[spread] p1a,p1b\n|-resisted|p1a: Azumarill\n|-resisted|p1b: Flutter Mane\n|-damage|p1a: Azumarill|95\/100\n|-damage|p1b: Flutter Mane|75\/100\n|-unboost|p1a: Azumarill|spa|1\n|-unboost|p1b: Flutter Mane|spa|1\n|\n|-heal|p2a: Umbreon|91\/100|[from] item: Leftovers\n|upkeep\n|turn|7\n|\n|t:|1682013342\n|move|p2b: Ceruledge|Shadow Sneak|p1b: Flutter Mane\n|-damage|p1b: Flutter Mane|10\/100\n|move|p1b: Flutter Mane|Shadow Ball|p2b: Ceruledge\n|-supereffective|p2b: Ceruledge\n|-damage|p2b: Ceruledge|43\/100\n|-unboost|p2b: Ceruledge|spd|1\n|-enditem|p2b: Ceruledge|Weakness Policy\n|-boost|p2b: Ceruledge|atk|2|[from] item: Weakness Policy\n|-boost|p2b: Ceruledge|spa|2|[from] item: Weakness Policy\n|move|p2a: Umbreon|Foul Play|p1a: Azumarill\n|-resisted|p1a: Azumarill\n|-damage|p1a: Azumarill|81\/100\n|move|p1a: Azumarill|Play Rough|p2a: Umbreon\n|-resisted|p2a: Umbreon\n|-crit|p2a: Umbreon\n|-damage|p2a: Umbreon|65\/100\n|\n|-heal|p2a: Umbreon|71\/100|[from] item: Leftovers\n|-end|p1a: Azumarill|move: Taunt\n|upkeep\n|turn|8\n|\n|t:|1682013378\n|move|p1b: Flutter Mane|Protect|p1b: Flutter Mane\n|-singleturn|p1b: Flutter Mane|Protect\n|move|p2b: Ceruledge|Shadow Sneak|p1a: Azumarill\n|-damage|p1a: Azumarill|28\/100\n|-enditem|p1a: Azumarill|Sitrus Berry|[eat]\n|-heal|p1a: Azumarill|53\/100|[from] item: Sitrus Berry\n|move|p2a: Umbreon|Foul Play|p1a: Azumarill\n|-resisted|p1a: Azumarill\n|-damage|p1a: Azumarill|41\/100\n|move|p1a: Azumarill|Perish Song|p1a: Azumarill\n|-start|p1a: Azumarill|perish3|[silent]\n|-start|p1b: Flutter Mane|perish3|[silent]\n|-start|p2a: Umbreon|perish3|[silent]\n|-start|p2b: Ceruledge|perish3|[silent]\n|-fieldactivate|move: Perish Song\n|\n|-heal|p2a: Umbreon|77\/100|[from] item: Leftovers\n|-start|p1b: Flutter Mane|perish3\n|-start|p2b: Ceruledge|perish3\n|-start|p2a: Umbreon|perish3\n|-start|p1a: Azumarill|perish3\n|upkeep\n|turn|9\n|\n|t:|1682013411\n|move|p1a: Azumarill|Aqua Jet|p2b: Ceruledge\n|-supereffective|p2b: Ceruledge\n|-damage|p2b: Ceruledge|14\/100\n|move|p1b: Flutter Mane|Shadow Ball|p2b: Ceruledge\n|-supereffective|p2b: Ceruledge\n|-damage|p2b: Ceruledge|0 fnt\n|faint|p2b: Ceruledge\n|move|p2a: Umbreon|Foul Play|p1b: Flutter Mane\n|-resisted|p1b: Flutter Mane\n|-damage|p1b: Flutter Mane|0 fnt\n|faint|p1b: Flutter Mane\n|-end|p1b: Flutter Mane|Protosynthesis|[silent]\n|\n|-heal|p2a: Umbreon|83\/100|[from] item: Leftovers\n|-start|p2a: Umbreon|perish2\n|-start|p1a: Azumarill|perish2\n|upkeep\n|\n|t:|1682013426\n|switch|p1b: Wo-Chien|Wo-Chien, L50|100\/100\n|switch|p2b: Chien-Pao|Chien-Pao, L50|100\/100\n|-ability|p2b: Chien-Pao|Sword of Ruin\n|-ability|p1b: Wo-Chien|Tablets of Ruin\n|turn|10\n|\n|t:|1682013440\n|switch|p1a: Arcanine|Arcanine, L50, F|100\/100\n|-ability|p1a: Arcanine|Intimidate|boost\n|-fail|p2a: Umbreon|unboost|Attack|[from] ability: Inner Focus|[of] p2a: Umbreon\n|-unboost|p2b: Chien-Pao|atk|1\n|move|p1b: Wo-Chien|Protect|p1b: Wo-Chien\n|-singleturn|p1b: Wo-Chien|Protect\n|move|p2b: Chien-Pao|Sacred Sword|p1b: Wo-Chien\n|-activate|p1b: Wo-Chien|move: Protect\n|move|p2a: Umbreon|Foul Play|p1a: Arcanine\n|-damage|p1a: Arcanine|47\/100\n|\n|-heal|p2a: Umbreon|90\/100|[from] item: Leftovers\n|-start|p2a: Umbreon|perish1\n|upkeep\n|turn|11\n|\n|t:|1682013459\n|switch|p1b: Azumarill|Azumarill, L50, M|41\/100\n|move|p1a: Arcanine|Protect|p1a: Arcanine\n|-singleturn|p1a: Arcanine|Protect\n|move|p2b: Chien-Pao|Ice Spinner|p1b: Azumarill\n|-resisted|p1b: Azumarill\n|-damage|p1b: Azumarill|25\/100\n|move|p2a: Umbreon|Foul Play|p1a: Arcanine\n|-activate|p1a: Arcanine|move: Protect\n|\n|-heal|p2a: Umbreon|96\/100|[from] item: Leftovers\n|-start|p2a: Umbreon|perish0\n|faint|p2a: Umbreon\n|upkeep\n|turn|12\n|\n|t:|1682013479\n|move|p2b: Chien-Pao|Sucker Punch|p1a: Arcanine\n|-damage|p1a: Arcanine|7\/100\n|move|p1a: Arcanine|Flare Blitz|p2b: Chien-Pao\n|-supereffective|p2b: Chien-Pao\n|-enditem|p2b: Chien-Pao|Focus Sash\n|-damage|p2b: Chien-Pao|1\/100\n|-damage|p1a: Arcanine|0 fnt|[from] Recoil\n|faint|p1a: Arcanine\n|move|p1b: Azumarill|Play Rough|p2b: Chien-Pao\n|-supereffective|p2b: Chien-Pao\n|-crit|p2b: Chien-Pao\n|-damage|p2b: Chien-Pao|0 fnt\n|faint|p2b: Chien-Pao\n|\n|win|doobaa\n|raw|doobaa's rating: 1127 → 1148<\/strong> (+21 for winning)\n|raw|Micah3389's rating: 1072 → 1054<\/strong> (-18 for losing)\n|l|\u2606Micah3389\n","uploadtime":1682013495,"views":7,"p1id":"doobaa","p2id":"micah3389","formatid":"gen9vgc2023regulationc","rating":1054,"private":0,"password":""}