{"id":"gen9vgc2023regulationc-1855085658","p1":"SeveralNonSense","p2":"Hd70","format":"[Gen 9] VGC 2023 Regulation C","log":"|j|\u2606SeveralNonSense\n|j|\u2606Hd70\n|t:|1682899521\n|gametype|doubles\n|player|p1|SeveralNonSense|guitarist|1159\n|player|p2|Hd70|265|1066\n|teamsize|p1|6\n|teamsize|p2|6\n|gen|9\n|tier|[Gen 9] VGC 2023 Regulation C\n|rated|\n|rule|Species Clause: Limit one of each Pok\u00e9mon\n|rule|Item Clause: Limit one of each item\n|clearpoke\n|poke|p1|Iron Bundle, L50|\n|poke|p1|Arcanine, L50, F|\n|poke|p1|Iron Hands, L50|\n|poke|p1|Gholdengo, L50|\n|poke|p1|Roaring Moon, L50|\n|poke|p1|Clodsire, L50, M|\n|poke|p2|Espathra, L50, M|\n|poke|p2|Avalugg, L50, F|\n|poke|p2|Kingambit, L50, F|\n|poke|p2|Veluza, L50, F|\n|poke|p2|Gogoat, L50, M|\n|poke|p2|Glimmora, L50, M|\n|teampreview|4\n|inactive|Battle timer is ON: inactive players will automatically lose when time's up. (requested by SeveralNonSense)\n|\n|t:|1682899566\n|start\n|switch|p1a: Gholdengo|Gholdengo, L50|100\/100\n|switch|p1b: My Best Friend|Clodsire, L50, M|100\/100\n|switch|p2a: Kingambit|Kingambit, L50, F|100\/100\n|switch|p2b: Gogoat|Gogoat, L50, M|100\/100\n|turn|1\n|inactive|SeveralNonSense has 30 seconds left.\n|inactive|Hd70 has 30 seconds left.\n|\n|t:|1682899599\n|switch|p1a: Iron Hands|Iron Hands, L50|100\/100\n|move|p2a: Kingambit|Protect|p2a: Kingambit\n|-singleturn|p2a: Kingambit|Protect\n|move|p2b: Gogoat|Double-Edge|p1b: My Best Friend\n|-damage|p1b: My Best Friend|39\/100\n|-damage|p2b: Gogoat|80\/100|[from] Recoil\n|move|p1b: My Best Friend|Stealth Rock|p2b: Gogoat\n|-sidestart|p2: Hd70|move: Stealth Rock\n|\n|-heal|p1b: My Best Friend|45\/100|[from] item: Black Sludge\n|upkeep\n|turn|2\n|\n|t:|1682899622\n|-terastallize|p2a: Kingambit|Flying\n|move|p2b: Gogoat|Double-Edge|p1a: Iron Hands\n|-damage|p1a: Iron Hands|61\/100\n|-damage|p2b: Gogoat|65\/100|[from] Recoil\n|move|p2a: Kingambit|Kowtow Cleave|p1b: My Best Friend\n|-damage|p1b: My Best Friend|0 fnt\n|faint|p1b: My Best Friend\n|move|p1a: Iron Hands|Wild Charge|p2a: Kingambit\n|-supereffective|p2a: Kingambit\n|-damage|p2a: Kingambit|26\/100\n|-damage|p1a: Iron Hands|47\/100|[from] Recoil\n|\n|-heal|p1a: Iron Hands|53\/100|[from] item: Leftovers\n|upkeep\n|\n|t:|1682899638\n|switch|p1b: Iron Bundle|Iron Bundle, L50|100\/100\n|turn|3\n|\n|t:|1682899657\n|move|p2a: Kingambit|Sucker Punch|p1b: Iron Bundle\n|-crit|p1b: Iron Bundle\n|-damage|p1b: Iron Bundle|25\/100\n|move|p1b: Iron Bundle|Icy Wind|p2a: Kingambit|[spread] p2a,p2b\n|-supereffective|p2a: Kingambit\n|-supereffective|p2b: Gogoat\n|-damage|p2a: Kingambit|0 fnt\n|-damage|p2b: Gogoat|30\/100\n|-unboost|p2b: Gogoat|spe|1\n|faint|p2a: Kingambit\n|move|p1a: Iron Hands|Wild Charge|p2b: Gogoat\n|-resisted|p2b: Gogoat\n|-damage|p2b: Gogoat|1\/100\n|-damage|p1a: Iron Hands|47\/100|[from] Recoil\n|move|p2b: Gogoat|Double-Edge|p1b: Iron Bundle\n|-damage|p1b: Iron Bundle|0 fnt\n|faint|p1b: Iron Bundle\n|-end|p1b: Iron Bundle|Quark Drive|[silent]\n|-damage|p2b: Gogoat|0 fnt|[from] Recoil\n|faint|p2b: Gogoat\n|\n|-heal|p1a: Iron Hands|53\/100|[from] item: Leftovers\n|upkeep\n|\n|t:|1682899677\n|switch|p1b: Gholdengo|Gholdengo, L50|100\/100\n|switch|p2b: Glimmora|Glimmora, L50, M|100\/100\n|switch|p2a: Espathra|Espathra, L50, M|100\/100\n|-damage|p2b: Glimmora|88\/100|[from] Stealth Rock\n|-damage|p2a: Espathra|88\/100|[from] Stealth Rock\n|turn|4\n|\n|t:|1682899693\n|-terastallize|p1b: Gholdengo|Water\n|move|p2b: Glimmora|Spiky Shield|p2b: Glimmora\n|-singleturn|p2b: Glimmora|move: Protect\n|move|p2a: Espathra|Protect|p2a: Espathra\n|-singleturn|p2a: Espathra|Protect\n|move|p1a: Iron Hands|Detect|p1a: Iron Hands\n|-singleturn|p1a: Iron Hands|Protect\n|move|p1b: Gholdengo|Make It Rain|p2b: Glimmora|[spread] \n|-activate|p2a: Espathra|move: Protect\n|-activate|p2b: Glimmora|move: Protect\n|\n|-heal|p1a: Iron Hands|59\/100|[from] item: Leftovers\n|-ability|p2a: Espathra|Speed Boost|boost\n|-boost|p2a: Espathra|spe|1\n|upkeep\n|turn|5\n|inactive|SeveralNonSense has 30 seconds left.\n|\n|t:|1682899722\n|move|p2a: Espathra|Lumina Crash|p1a: Iron Hands\n|-supereffective|p1a: Iron Hands\n|-damage|p1a: Iron Hands|0 fnt\n|faint|p1a: Iron Hands\n|-end|p1a: Iron Hands|Quark Drive|[silent]\n|-damage|p2a: Espathra|79\/100|[from] item: Life Orb\n|move|p2b: Glimmora|Tera Blast|p1b: Gholdengo\n|-damage|p1b: Gholdengo|73\/100\n|move|p1b: Gholdengo|Make It Rain|p2a: Espathra|[spread] p2a,p2b\n|-supereffective|p2b: Glimmora\n|-damage|p2a: Espathra|0 fnt\n|-damage|p2b: Glimmora|0 fnt\n|-unboost|p1b: Gholdengo|spa|1\n|faint|p2a: Espathra\n|faint|p2b: Glimmora\n|\n|win|SeveralNonSense\n|raw|SeveralNonSense's rating: 1159 → 1177<\/strong> (+18 for winning)\n|raw|Hd70's rating: 1066 → 1051<\/strong> (-15 for losing)\n|l|\u2606Hd70\n","uploadtime":1682899745,"views":3,"p1id":"severalnonsense","p2id":"hd70","formatid":"gen9vgc2023regulationc","rating":1051,"private":0,"password":""}