{"id":"gen9vgc2023regulationc-1861075570","p1":"offofoff","p2":"pokemonkorea co kr","format":"[Gen 9] VGC 2023 Regulation C","log":"|j|\u203doffofoff\n|j|\u2606pokemonkorea co kr\n|inactive|Battle timer is ON: inactive players will automatically lose when time's up.\n|t:|1683724020\n|gametype|doubles\n|player|p1|offofoff|clerkf|\n|player|p2|pokemonkorea co kr|wally|\n|teamsize|p1|6\n|teamsize|p2|6\n|gen|9\n|tier|[Gen 9] VGC 2023 Regulation C\n|rated|Tournament battle\n|rule|Species Clause: Limit one of each Pok\u00e9mon\n|rule|Item Clause: Limit one of each item\n|clearpoke\n|poke|p1|Chi-Yu, L50|\n|poke|p1|Dragapult, L50, F|\n|poke|p1|Chien-Pao, L50|\n|poke|p1|Flutter Mane, L50|\n|poke|p1|Scream Tail, L50|\n|poke|p1|Torkoal, L50, F|\n|poke|p2|Flutter Mane, L50|\n|poke|p2|Iron Hands, L50|\n|poke|p2|Amoonguss, L50, F|\n|poke|p2|Great Tusk, L50|\n|poke|p2|Azumarill, L50, F|\n|poke|p2|Chi-Yu, L50|\n|teampreview|4\n|inactive|offofoff also wants the timer to be on.\n|inactive|offofoff has 60 seconds left.\n|\n|t:|1683724071\n|start\n|switch|p1a: Chien-Pao|Chien-Pao, L50|100\/100\n|switch|p1b: Dragapult|Dragapult, L50, F|100\/100\n|switch|p2a: Azumarill|Azumarill, L50, F|100\/100\n|switch|p2b: Great Tusk|Great Tusk, L50|100\/100\n|-ability|p1a: Chien-Pao|Sword of Ruin\n|turn|1\n|\n|t:|1683724086\n|move|p1a: Chien-Pao|Protect|p1a: Chien-Pao\n|-singleturn|p1a: Chien-Pao|Protect\n|move|p1b: Dragapult|Phantom Force||[still]\n|-prepare|p1b: Dragapult|Phantom Force\n|move|p2b: Great Tusk|Close Combat|p1a: Chien-Pao\n|-activate|p1a: Chien-Pao|move: Protect\n|move|p2a: Azumarill|Play Rough|p1b: Dragapult|[miss]\n|-miss|p2a: Azumarill|p1b: Dragapult\n|\n|upkeep\n|turn|2\n|\n|t:|1683724103\n|-end|p2b: Great Tusk|Protosynthesis|[silent]\n|switch|p2b: Iron Hands|Iron Hands, L50|100\/100\n|move|p1b: Dragapult|Phantom Force|p2a: Azumarill|[from]lockedmove\n|-crit|p2a: Azumarill\n|-damage|p2a: Azumarill|0 fnt\n|faint|p2a: Azumarill\n|move|p1a: Chien-Pao|Icicle Crash|p2b: Iron Hands\n|-crit|p2b: Iron Hands\n|-damage|p2b: Iron Hands|40\/100\n|\n|upkeep\n|\n|t:|1683724115\n|switch|p2a: Great Tusk|Great Tusk, L50|100\/100\n|turn|3\n|\n|t:|1683724130\n|move|p1a: Chien-Pao|Protect|p1a: Chien-Pao\n|-singleturn|p1a: Chien-Pao|Protect\n|move|p1b: Dragapult|Phantom Force||[still]\n|-prepare|p1b: Dragapult|Phantom Force\n|move|p2a: Great Tusk|Close Combat|p1a: Chien-Pao\n|-activate|p1a: Chien-Pao|move: Protect\n|move|p2b: Iron Hands|Swords Dance|p2b: Iron Hands\n|-boost|p2b: Iron Hands|atk|2\n|\n|upkeep\n|turn|4\n|\n|t:|1683724144\n|move|p1b: Dragapult|Phantom Force|p2b: Iron Hands|[from]lockedmove\n|-damage|p2b: Iron Hands|0 fnt\n|faint|p2b: Iron Hands\n|-end|p2b: Iron Hands|Quark Drive|[silent]\n|move|p1a: Chien-Pao|Icicle Crash|p2a: Great Tusk\n|-supereffective|p2a: Great Tusk\n|-damage|p2a: Great Tusk|19\/100\n|move|p2a: Great Tusk|Close Combat|p1a: Chien-Pao\n|-supereffective|p1a: Chien-Pao\n|-enditem|p1a: Chien-Pao|Focus Sash\n|-damage|p1a: Chien-Pao|1\/100\n|-unboost|p2a: Great Tusk|def|1\n|-unboost|p2a: Great Tusk|spd|1\n|\n|upkeep\n|\n|t:|1683724146\n|switch|p2b: Chi-Yu|Chi-Yu, L50|100\/100\n|-ability|p2b: Chi-Yu|Beads of Ruin\n|turn|5\n|\n|t:|1683724166\n|move|p2a: Great Tusk|Protect|p2a: Great Tusk\n|-singleturn|p2a: Great Tusk|Protect\n|move|p1a: Chien-Pao|Sucker Punch||[still]\n|-fail|p1a: Chien-Pao\n|move|p1b: Dragapult|Phantom Force||[still]\n|-prepare|p1b: Dragapult|Phantom Force\n|move|p2b: Chi-Yu|Snarl|p1a: Chien-Pao|[spread] p1a\n|-miss|p2b: Chi-Yu|p1b: Dragapult\n|-resisted|p1a: Chien-Pao\n|-damage|p1a: Chien-Pao|0 fnt\n|faint|p1a: Chien-Pao\n|\n|upkeep\n|\n|t:|1683724181\n|switch|p1a: Chi-Yu|Chi-Yu, L50|100\/100\n|-ability|p1a: Chi-Yu|Beads of Ruin\n|turn|6\n|\n|t:|1683724188\n|move|p1a: Chi-Yu|Dark Pulse|p2a: Great Tusk\n|-resisted|p2a: Great Tusk\n|-damage|p2a: Great Tusk|0 fnt\n|faint|p2a: Great Tusk\n|-end|p2a: Great Tusk|Protosynthesis|[silent]\n|move|p1b: Dragapult|Phantom Force|p2b: Chi-Yu|[from]lockedmove\n|-resisted|p2b: Chi-Yu\n|-damage|p2b: Chi-Yu|50\/100\n|move|p2b: Chi-Yu|Snarl|p1a: Chi-Yu|[spread] p1a,p1b\n|-resisted|p1a: Chi-Yu\n|-supereffective|p1b: Dragapult\n|-damage|p1a: Chi-Yu|80\/100\n|-damage|p1b: Dragapult|0 fnt\n|-unboost|p1a: Chi-Yu|spa|1\n|faint|p1b: Dragapult\n|\n|upkeep\n|-message|pokemonkorea co kr forfeited.\n|\n|win|offofoff\n|n|\u203doffofoff|offofoff\n|n|\u2606pokemonkorea co kr|pokemonkoreacokr\n|l|\u2606pokemonkorea co kr\n|l|\u203doffofoff\n|j|\u2606pokemonkorea co kr\n|player|p2|pokemonkorea co kr|wally\n","uploadtime":1683724427,"views":10,"p1id":"offofoff","p2id":"pokemonkoreacokr","formatid":"gen9vgc2023regulationc","rating":0,"private":0,"password":""}