{"id":"gen9vgc2023regulationc-1856473319","p1":"GTFDF","p2":"Sam Carter Blegh","format":"[Gen 9] VGC 2023 Regulation C","log":"|j|\u2606GTFDF\n|j|\u2606Sam Carter Blegh\n|t:|1683065372\n|gametype|doubles\n|player|p1|GTFDF|170|1168\n|player|p2|Sam Carter Blegh|169|1076\n|teamsize|p1|6\n|teamsize|p2|6\n|gen|9\n|tier|[Gen 9] VGC 2023 Regulation C\n|rated|\n|rule|Species Clause: Limit one of each Pok\u00e9mon\n|rule|Item Clause: Limit one of each item\n|clearpoke\n|poke|p1|Torkoal, L50, F|\n|poke|p1|Chi-Yu, L50|\n|poke|p1|Bronzong, L50|\n|poke|p1|Gastrodon, L50, F|\n|poke|p1|Grimmsnarl, L50, M|\n|poke|p1|Skeledirge, L50, M|\n|poke|p2|Corviknight, L50, M|\n|poke|p2|Chi-Yu, L50|\n|poke|p2|Gyarados, L50, F|\n|poke|p2|Flutter Mane, L50|\n|poke|p2|Amoonguss, L50, F|\n|poke|p2|Iron Hands, L50|\n|teampreview|4\n|inactive|Battle timer is ON: inactive players will automatically lose when time's up. (requested by GTFDF)\n|\n|t:|1683065410\n|start\n|switch|p1a: Grimmsnarl|Grimmsnarl, L50, M|100\/100\n|switch|p1b: Bronzong|Bronzong, L50|100\/100\n|switch|p2a: Flutter Mane|Flutter Mane, L50|100\/100\n|switch|p2b: Chi-Yu|Chi-Yu, L50|100\/100\n|-ability|p2b: Chi-Yu|Beads of Ruin\n|-enditem|p2a: Flutter Mane|Booster Energy\n|-activate|p2a: Flutter Mane|ability: Protosynthesis|[fromitem]\n|-start|p2a: Flutter Mane|protosynthesisspa\n|turn|1\n|\n|t:|1683065428\n|move|p1a: Grimmsnarl|Fake Out|p2b: Chi-Yu\n|-damage|p2b: Chi-Yu|80\/100\n|move|p2a: Flutter Mane|Shadow Ball|p1b: Bronzong\n|-supereffective|p1b: Bronzong\n|-enditem|p1b: Bronzong|Kasib Berry|[eat]\n|-enditem|p1b: Bronzong|Kasib Berry|[weaken]\n|-damage|p1b: Bronzong|34\/100\n|cant|p2b: Chi-Yu|flinch\n|move|p1b: Bronzong|Trick Room|p1b: Bronzong\n|-fieldstart|move: Trick Room|[of] p1b: Bronzong\n|\n|upkeep\n|turn|2\n|inactive|Sam Carter Blegh has 30 seconds left.\n|\n|t:|1683065460\n|move|p2a: Flutter Mane|Protect|p2a: Flutter Mane\n|-singleturn|p2a: Flutter Mane|Protect\n|move|p1a: Grimmsnarl|Sucker Punch||[still]\n|-fail|p1a: Grimmsnarl\n|move|p1b: Bronzong|Body Press|p2b: Chi-Yu\n|-supereffective|p2b: Chi-Yu\n|-damage|p2b: Chi-Yu|0 fnt\n|faint|p2b: Chi-Yu\n|\n|upkeep\n|\n|t:|1683065470\n|switch|p2b: Corviknight|Corviknight, L50, M|100\/100\n|turn|3\n|\n|t:|1683065476\n|-end|p2a: Flutter Mane|Protosynthesis|[silent]\n|switch|p2a: Amoonguss|Amoonguss, L50, F|100\/100\n|move|p1a: Grimmsnarl|Trick|p2b: Corviknight\n|-activate|p1a: Grimmsnarl|move: Trick|[of] p2b: Corviknight\n|-item|p2b: Corviknight|Lagging Tail|[from] move: Trick\n|-item|p1a: Grimmsnarl|Lum Berry|[from] move: Trick\n|move|p1b: Bronzong|Iron Head|p2a: Amoonguss\n|-damage|p2a: Amoonguss|80\/100\n|move|p2b: Corviknight|Bulk Up|p2b: Corviknight\n|-boost|p2b: Corviknight|atk|1\n|-boost|p2b: Corviknight|def|1\n|\n|upkeep\n|turn|4\n|inactive|GTFDF has 30 seconds left.\n|inactive|Sam Carter Blegh has 30 seconds left.\n|inactive|GTFDF has 20 seconds left.\n|inactive|GTFDF has 15 seconds left.\n|inactive|GTFDF has 10 seconds left.\n|\n|t:|1683065523\n|switch|p1b: Torkoal|Torkoal, L50, F|100\/100\n|-weather|SunnyDay|[from] ability: Drought|[of] p1b: Torkoal\n|move|p2a: Amoonguss|Spore|p1b: Torkoal\n|-activate|p1b: Torkoal|item: Safety Goggles|Spore\n|move|p1a: Grimmsnarl|Spirit Break|p2a: Amoonguss\n|-resisted|p2a: Amoonguss\n|-damage|p2a: Amoonguss|63\/100\n|-unboost|p2a: Amoonguss|spa|1\n|move|p2b: Corviknight|Bulk Up|p2b: Corviknight\n|-boost|p2b: Corviknight|atk|1\n|-boost|p2b: Corviknight|def|1\n|\n|-weather|SunnyDay|[upkeep]\n|upkeep\n|turn|5\n|\n|t:|1683065536\n|switch|p1a: Skeledirge|Skeledirge, L50, M|100\/100\n|-terastallize|p2b: Corviknight|Fire\n|move|p2a: Amoonguss|Protect|p2a: Amoonguss\n|-singleturn|p2a: Amoonguss|Protect\n|move|p1b: Torkoal|Eruption|p2a: Amoonguss|[spread] p2b\n|-activate|p2a: Amoonguss|move: Protect\n|-resisted|p2b: Corviknight\n|-damage|p2b: Corviknight|72\/100\n|move|p2b: Corviknight|Iron Head|p1a: Skeledirge\n|-resisted|p1a: Skeledirge\n|-damage|p1a: Skeledirge|77\/100\n|\n|-weather|SunnyDay|[upkeep]\n|-heal|p1a: Skeledirge|83\/100|[from] item: Leftovers\n|-fieldend|move: Trick Room\n|upkeep\n|turn|6\n|inactive|Sam Carter Blegh has 30 seconds left.\n|\n|t:|1683065569\n|-terastallize|p1b: Torkoal|Ground\n|move|p1a: Skeledirge|Torch Song|p2a: Amoonguss\n|-supereffective|p2a: Amoonguss\n|-damage|p2a: Amoonguss|0 fnt\n|-boost|p1a: Skeledirge|spa|1\n|faint|p2a: Amoonguss\n|move|p1b: Torkoal|Earth Power|p2b: Corviknight\n|-supereffective|p2b: Corviknight\n|-damage|p2b: Corviknight|10\/100\n|move|p2b: Corviknight|Brave Bird|p1b: Torkoal\n|-damage|p1b: Torkoal|39\/100\n|-damage|p2b: Corviknight|0 fnt|[from] Recoil\n|faint|p2b: Corviknight\n|\n|-weather|SunnyDay|[upkeep]\n|-heal|p1a: Skeledirge|88\/100|[from] item: Leftovers\n|upkeep\n|\n|t:|1683065582\n|switch|p2b: Flutter Mane|Flutter Mane, L50|100\/100\n|-activate|p2b: Flutter Mane|ability: Protosynthesis\n|-start|p2b: Flutter Mane|protosynthesisspa\n|turn|7\n|\n|t:|1683065591\n|move|p1a: Skeledirge|Protect|p1a: Skeledirge\n|-singleturn|p1a: Skeledirge|Protect\n|move|p2b: Flutter Mane|Shadow Ball|p1a: Skeledirge\n|-activate|p1a: Skeledirge|move: Protect\n|move|p1b: Torkoal|Earth Power|p2b: Flutter Mane\n|-damage|p2b: Flutter Mane|70\/100\n|\n|-weather|SunnyDay|[upkeep]\n|-heal|p1a: Skeledirge|94\/100|[from] item: Leftovers\n|upkeep\n|turn|8\n|\n|t:|1683065600\n|switch|p1a: Bronzong|Bronzong, L50|34\/100\n|move|p2b: Flutter Mane|Shadow Ball|p1a: Bronzong\n|-supereffective|p1a: Bronzong\n|-damage|p1a: Bronzong|0 fnt\n|faint|p1a: Bronzong\n|move|p1b: Torkoal|Earth Power|p2b: Flutter Mane\n|-damage|p2b: Flutter Mane|40\/100\n|\n|-weather|none\n|-end|p2b: Flutter Mane|Protosynthesis\n|upkeep\n|\n|t:|1683065606\n|switch|p1a: Grimmsnarl|Grimmsnarl, L50, M|100\/100\n|turn|9\n|\n|t:|1683065616\n|move|p2b: Flutter Mane|Protect|p2b: Flutter Mane\n|-singleturn|p2b: Flutter Mane|Protect\n|move|p1a: Grimmsnarl|Sucker Punch||[still]\n|-fail|p1a: Grimmsnarl\n|move|p1b: Torkoal|Earth Power|p2b: Flutter Mane\n|-activate|p2b: Flutter Mane|move: Protect\n|\n|upkeep\n|turn|10\n|\n|t:|1683065622\n|move|p1a: Grimmsnarl|Sucker Punch|p2b: Flutter Mane\n|-damage|p2b: Flutter Mane|0 fnt\n|faint|p2b: Flutter Mane\n|-end|p2b: Flutter Mane|Protosynthesis|[silent]\n|\n|win|GTFDF\n|raw|GTFDF's rating: 1188 → 1205<\/strong> (+17 for winning)\n|raw|Sam Carter Blegh's rating: 1076 → 1061<\/strong> (-15 for losing)\n","uploadtime":1683065626,"views":6,"p1id":"gtfdf","p2id":"samcarterblegh","formatid":"gen9vgc2023regulationc","rating":1061,"private":0,"password":""}