{"id":"gen9vgc2023regulationc-1850872032","p1":"NickNoName","p2":"Alexis_student","format":"[Gen 9] VGC 2023 Regulation C","log":"|j|\u2606NickNoName\n|j|\u2606Alexis_student\n|t:|1682376694\n|gametype|doubles\n|player|p1|NickNoName|turo|1260\n|player|p2|Alexis_student|170|1244\n|teamsize|p1|6\n|teamsize|p2|6\n|gen|9\n|tier|[Gen 9] VGC 2023 Regulation C\n|rated|\n|rule|Species Clause: Limit one of each Pok\u00e9mon\n|rule|Item Clause: Limit one of each item\n|clearpoke\n|poke|p1|Iron Moth, L50|\n|poke|p1|Iron Bundle, L50|\n|poke|p1|Iron Hands, L50|\n|poke|p1|Iron Jugulis, L50|\n|poke|p1|Iron Thorns, L50|\n|poke|p1|Iron Valiant, L50|\n|poke|p2|Garchomp, L50, M|\n|poke|p2|Talonflame, L50, M|\n|poke|p2|Iron Bundle, L50|\n|poke|p2|Flutter Mane, L50|\n|poke|p2|Chi-Yu, L50|\n|poke|p2|Kingambit, L50, M|\n|teampreview|4\n|\n|t:|1682376723\n|start\n|switch|p1a: Iron Thorns|Iron Thorns, L50|100\/100\n|switch|p1b: Iron Jugulis|Iron Jugulis, L50|100\/100\n|switch|p2a: Talonflame|Talonflame, L50, M|100\/100\n|switch|p2b: Garchomp|Garchomp, L50, M|100\/100\n|turn|1\n|\n|t:|1682376737\n|-terastallize|p1a: Iron Thorns|Grass\n|move|p2a: Talonflame|Tailwind|p2a: Talonflame\n|-sidestart|p2: Alexis_student|move: Tailwind\n|move|p2b: Garchomp|Earthquake|p1b: Iron Jugulis|[spread] p1a\n|-immune|p2a: Talonflame\n|-immune|p1b: Iron Jugulis\n|-resisted|p1a: Iron Thorns\n|-damage|p1a: Iron Thorns|77\/100\n|-damage|p2b: Garchomp|91\/100|[from] item: Life Orb\n|move|p1b: Iron Jugulis|Tailwind|p1b: Iron Jugulis\n|-sidestart|p1: NickNoName|move: Tailwind\n|move|p1a: Iron Thorns|Rock Slide|p2b: Garchomp|[spread] p2a,p2b\n|-supereffective|p2a: Talonflame\n|-resisted|p2b: Garchomp\n|-damage|p2a: Talonflame|0 fnt\n|-damage|p2b: Garchomp|64\/100\n|faint|p2a: Talonflame\n|\n|upkeep\n|\n|t:|1682376757\n|switch|p2a: Iron Bundle|Iron Bundle, L50|100\/100\n|-enditem|p2a: Iron Bundle|Booster Energy\n|-activate|p2a: Iron Bundle|ability: Quark Drive|[fromitem]\n|-start|p2a: Iron Bundle|quarkdrivespe\n|turn|2\n|\n|t:|1682376768\n|-terastallize|p2a: Iron Bundle|Ice\n|move|p2a: Iron Bundle|Freeze-Dry|p1a: Iron Thorns\n|-supereffective|p1a: Iron Thorns\n|-damage|p1a: Iron Thorns|0 fnt\n|faint|p1a: Iron Thorns\n|-end|p1a: Iron Thorns|Quark Drive|[silent]\n|move|p2b: Garchomp|Rock Slide|p1b: Iron Jugulis\n|-supereffective|p1b: Iron Jugulis\n|-damage|p1b: Iron Jugulis|37\/100\n|-damage|p2b: Garchomp|55\/100|[from] item: Life Orb\n|move|p1b: Iron Jugulis|Snarl|p2b: Garchomp|[spread] p2a,p2b\n|-damage|p2a: Iron Bundle|68\/100\n|-damage|p2b: Garchomp|36\/100\n|-unboost|p2a: Iron Bundle|spa|1\n|-unboost|p2b: Garchomp|spa|1\n|\n|upkeep\n|\n|t:|1682376791\n|switch|p1a: Iron Moth|Iron Moth, L50|100\/100\n|turn|3\n|\n|t:|1682376811\n|move|p2a: Iron Bundle|Hydro Pump|p1a: Iron Moth\n|-supereffective|p1a: Iron Moth\n|-damage|p1a: Iron Moth|31\/100\n|move|p1a: Iron Moth|Heat Wave|p2a: Iron Bundle|[spread] p2a,p2b\n|-supereffective|p2a: Iron Bundle\n|-resisted|p2b: Garchomp\n|-damage|p2a: Iron Bundle|0 fnt\n|-damage|p2b: Garchomp|12\/100\n|-status|p2b: Garchomp|brn\n|faint|p2a: Iron Bundle\n|-end|p2a: Iron Bundle|Quark Drive|[silent]\n|move|p2b: Garchomp|Rock Slide|p1a: Iron Moth|[spread] p1a,p1b\n|-supereffective|p1a: Iron Moth\n|-supereffective|p1b: Iron Jugulis\n|-damage|p1a: Iron Moth|0 fnt\n|-damage|p1b: Iron Jugulis|13\/100\n|faint|p1a: Iron Moth\n|-end|p1a: Iron Moth|Quark Drive|[silent]\n|-damage|p2b: Garchomp|2\/100 brn|[from] item: Life Orb\n|move|p1b: Iron Jugulis|Snarl|p2b: Garchomp\n|-damage|p2b: Garchomp|0 fnt\n|faint|p2b: Garchomp\n|\n|upkeep\n|\n|t:|1682376836\n|switch|p1a: Iron Hands|Iron Hands, L50|100\/100\n|switch|p2b: Flutter Mane|Flutter Mane, L50|100\/100\n|turn|4\n|inactive|Battle timer is ON: inactive players will automatically lose when time's up. (requested by Alexis_student)\n|\n|t:|1682376846\n|move|p2b: Flutter Mane|Dazzling Gleam|p1b: Iron Jugulis|[spread] p1a,p1b\n|-supereffective|p1a: Iron Hands\n|-supereffective|p1b: Iron Jugulis\n|-enditem|p1b: Iron Jugulis|Roseli Berry|[eat]\n|-enditem|p1b: Iron Jugulis|Roseli Berry|[weaken]\n|-damage|p1a: Iron Hands|49\/100\n|-damage|p1b: Iron Jugulis|0 fnt\n|faint|p1b: Iron Jugulis\n|-end|p1b: Iron Jugulis|Quark Drive|[silent]\n|move|p1a: Iron Hands|Wild Charge|p2b: Flutter Mane\n|-damage|p2b: Flutter Mane|14\/100\n|-damage|p1a: Iron Hands|37\/100|[from] Recoil\n|\n|-sideend|p2: Alexis_student|move: Tailwind\n|-sideend|p1: NickNoName|move: Tailwind\n|upkeep\n|turn|5\n|\n|t:|1682376858\n|move|p2b: Flutter Mane|Dazzling Gleam|p1a: Iron Hands\n|-supereffective|p1a: Iron Hands\n|-damage|p1a: Iron Hands|0 fnt\n|faint|p1a: Iron Hands\n|-end|p1a: Iron Hands|Quark Drive|[silent]\n|\n|win|Alexis_student\n|raw|NickNoName's rating: 1260 → 1234<\/strong> (-26 for losing)\n|raw|Alexis_student's rating: 1244 → 1270<\/strong> (+26 for winning)\n|c|\u2606NickNoName|Gg\n|l|\u2606NickNoName\n","uploadtime":1682376866,"views":10,"p1id":"nicknoname","p2id":"alexisstudent","formatid":"gen9vgc2023regulationc","rating":1234,"private":0,"password":""}