{"id":"gen9vgc2023regulationc-1851421609","p1":"MERMANDREW","p2":"OnexH","format":"[Gen 9] VGC 2023 Regulation C","log":"|j|\u2606MERMANDREW\n|j|\u2606OnexH\n|t:|1682443786\n|gametype|doubles\n|player|p1|MERMANDREW|bugsy|1177\n|player|p2|OnexH|nurse|1140\n|teamsize|p1|6\n|teamsize|p2|6\n|gen|9\n|tier|[Gen 9] VGC 2023 Regulation C\n|rated|\n|rule|Species Clause: Limit one of each Pok\u00e9mon\n|rule|Item Clause: Limit one of each item\n|clearpoke\n|poke|p1|Chi-Yu, L50|\n|poke|p1|Dachsbun, L50, F|\n|poke|p1|Baxcalibur, L50, M|\n|poke|p1|Ceruledge, L50, M|\n|poke|p1|Tsareena, L50, F|\n|poke|p1|Tinkaton, L50, F|\n|poke|p2|Corviknight, L50, M|\n|poke|p2|Armarouge, L50, M|\n|poke|p2|Indeedee-F, L50, F|\n|poke|p2|Brambleghast, L50, F|\n|poke|p2|Murkrow, L50, F|\n|poke|p2|Tauros-Paldea-Aqua, L50, M|\n|teampreview|4\n|inactive|Battle timer is ON: inactive players will automatically lose when time's up. (requested by MERMANDREW)\n|inactive|MERMANDREW has 60 seconds left.\n|\n|t:|1682443837\n|start\n|switch|p1a: Chi-Yu|Chi-Yu, L50|100\/100\n|switch|p1b: Baxcalibur|Baxcalibur, L50, M|100\/100\n|switch|p2a: Brambleghast|Brambleghast, L50, F|100\/100\n|switch|p2b: Murkrow|Murkrow, L50, F|100\/100\n|-ability|p1a: Chi-Yu|Beads of Ruin\n|turn|1\n|inactive|MERMANDREW has 30 seconds left.\n|\n|t:|1682443863\n|-terastallize|p2a: Brambleghast|Fighting\n|move|p2b: Murkrow|Tailwind|p2b: Murkrow\n|-sidestart|p2: OnexH|move: Tailwind\n|-ability|p2a: Brambleghast|Wind Rider|boost\n|-boost|p2a: Brambleghast|atk|1\n|move|p2a: Brambleghast|Tera Blast|p1b: Baxcalibur\n|-supereffective|p1b: Baxcalibur\n|-damage|p1b: Baxcalibur|0 fnt\n|faint|p1b: Baxcalibur\n|-damage|p2a: Brambleghast|90\/100|[from] item: Life Orb\n|move|p1a: Chi-Yu|Lava Plume|p2a: Brambleghast|[spread] p2a,p2b\n|-damage|p2a: Brambleghast|14\/100\n|-damage|p2b: Murkrow|63\/100\n|-status|p2a: Brambleghast|brn\n|-status|p2b: Murkrow|brn\n|\n|-damage|p2a: Brambleghast|8\/100 brn|[from] brn\n|-damage|p2b: Murkrow|57\/100 brn|[from] brn\n|upkeep\n|\n|t:|1682443882\n|switch|p1b: Tsareena|Tsareena, L50, F|100\/100\n|turn|2\n|\n|t:|1682443894\n|switch|p1b: Dachsbun|Dachsbun, L50, F|100\/100\n|move|p2a: Brambleghast|Tera Blast|p1a: Chi-Yu\n|-supereffective|p1a: Chi-Yu\n|-damage|p1a: Chi-Yu|0 fnt\n|faint|p1a: Chi-Yu\n|-damage|p2a: Brambleghast|0 fnt|[from] item: Life Orb\n|faint|p2a: Brambleghast\n|move|p2b: Murkrow|Foul Play|p1b: Dachsbun\n|-resisted|p1b: Dachsbun\n|-damage|p1b: Dachsbun|96\/100\n|\n|-heal|p1b: Dachsbun|100\/100|[from] item: Leftovers\n|-damage|p2b: Murkrow|51\/100 brn|[from] brn\n|upkeep\n|\n|t:|1682443907\n|switch|p1a: Tsareena|Tsareena, L50, F|100\/100\n|switch|p2a: Corviknight|Corviknight, L50, M|100\/100\n|turn|3\n|\n|t:|1682443918\n|-terastallize|p1b: Dachsbun|Steel\n|move|p1a: Tsareena|Protect|p1a: Tsareena\n|-singleturn|p1a: Tsareena|Protect\n|move|p2b: Murkrow|Foul Play|p1a: Tsareena\n|-activate|p1a: Tsareena|move: Protect\n|move|p2a: Corviknight|Brave Bird|p1a: Tsareena\n|-activate|p1a: Tsareena|move: Protect\n|move|p1b: Dachsbun|Yawn|p2a: Corviknight\n|-start|p2a: Corviknight|move: Yawn|[of] p1b: Dachsbun\n|\n|-damage|p2b: Murkrow|45\/100 brn|[from] brn\n|upkeep\n|turn|4\n|\n|t:|1682443937\n|switch|p2a: Tauros|Tauros-Paldea-Aqua, L50, M|100\/100\n|-ability|p2a: Tauros|Intimidate|boost\n|-unboost|p1a: Tsareena|atk|1\n|-unboost|p1b: Dachsbun|atk|1\n|move|p1a: Tsareena|Helping Hand|p1b: Dachsbun\n|-singleturn|p1b: Dachsbun|Helping Hand|[of] p1a: Tsareena\n|move|p2b: Murkrow|Foul Play|p1a: Tsareena\n|-damage|p1a: Tsareena|87\/100\n|move|p1b: Dachsbun|Body Press|p2b: Murkrow\n|-damage|p2b: Murkrow|0 fnt\n|faint|p2b: Murkrow\n|\n|-sideend|p2: OnexH|move: Tailwind\n|upkeep\n|\n|t:|1682443947\n|switch|p2b: Corviknight|Corviknight, L50, M|100\/100\n|turn|5\n|\n|t:|1682443963\n|move|p1b: Dachsbun|Protect|p1b: Dachsbun\n|-singleturn|p1b: Dachsbun|Protect\n|move|p2a: Tauros|Close Combat|p1b: Dachsbun\n|-activate|p1b: Dachsbun|move: Protect\n|move|p2b: Corviknight|Brave Bird|p1a: Tsareena\n|-supereffective|p1a: Tsareena\n|-damage|p1a: Tsareena|0 fnt\n|faint|p1a: Tsareena\n|-damage|p2b: Corviknight|73\/100|[from] Recoil\n|\n|upkeep\n|turn|6\n|-message|MERMANDREW forfeited.\n|\n|win|OnexH\n|raw|MERMANDREW's rating: 1177 → 1149<\/strong> (-28 for losing)\n|raw|OnexH's rating: 1140 → 1168<\/strong> (+28 for winning)\n|l|\u2606MERMANDREW\n","uploadtime":1682443975,"views":8,"p1id":"mermandrew","p2id":"onexh","formatid":"gen9vgc2023regulationc","rating":1149,"private":0,"password":""}