{"id":"gen9vgc2023regulationc-1846667069","p1":"MegaMachado","p2":"vivian20","format":"[Gen 9] VGC 2023 Regulation C","log":"|j|\u2606MegaMachado\n|j|\u2606vivian20\n|t:|1681863560\n|gametype|doubles\n|player|p1|MegaMachado|blackbelt-gen4dp|\n|player|p2|vivian20|1|\n|teamsize|p1|6\n|teamsize|p2|6\n|gen|9\n|tier|[Gen 9] VGC 2023 Regulation C\n|rule|Species Clause: Limit one of each Pok\u00e9mon\n|rule|Item Clause: Limit one of each item\n|clearpoke\n|poke|p1|Palafin, L50, M|\n|poke|p1|Flutter Mane, L50|\n|poke|p1|Arcanine, L50, F|\n|poke|p1|Ting-Lu, L50|\n|poke|p1|Amoonguss, L50, M|\n|poke|p1|Kingambit, L50, F|\n|poke|p2|Glimmora, L50, F|\n|poke|p2|Flutter Mane, L50|\n|poke|p2|Tatsugiri, L50, M|\n|poke|p2|Dondozo, L50, F|\n|poke|p2|Arcanine, L50, M|\n|poke|p2|Wo-Chien, L50|\n|teampreview|4\nvivian20 has agreed to open team sheets.\nMegaMachado has agreed to open team sheets.\n|inactive|Battle timer is ON: inactive players will automatically lose when time's up. (requested by vivian20)\n|\n|t:|1681863615\n|start\n|switch|p1a: Palafin|Palafin, L50, M|100\/100\n|switch|p1b: Ting-Lu|Ting-Lu, L50|100\/100\n|switch|p2a: Glimmora|Glimmora, L50, F|100\/100\n|switch|p2b: Wo-Chien|Wo-Chien, L50|100\/100\n|-ability|p2b: Wo-Chien|Tablets of Ruin\n|-ability|p1b: Ting-Lu|Vessel of Ruin\n|turn|1\n|inactive|vivian20 has 30 seconds left.\n|inactive|vivian20 has 20 seconds left.\n|\n|t:|1681863651\n|switch|p2a: Arcanine|Arcanine, L50, M|100\/100\n|-ability|p2a: Arcanine|Intimidate|boost\n|-unboost|p1a: Palafin|atk|1\n|-unboost|p1b: Ting-Lu|atk|1\n|-terastallize|p1a: Palafin|Water\n|move|p1a: Palafin|Wave Crash|p2a: Arcanine\n|-supereffective|p2a: Arcanine\n|-damage|p2a: Arcanine|29\/100\n|-damage|p1a: Palafin|79\/100|[from] Recoil\n|move|p2b: Wo-Chien|Leech Seed|p1b: Ting-Lu\n|-start|p1b: Ting-Lu|move: Leech Seed\n|move|p1b: Ting-Lu|Stomping Tantrum|p2a: Arcanine\n|-supereffective|p2a: Arcanine\n|-damage|p2a: Arcanine|0 fnt\n|faint|p2a: Arcanine\n|\n|-damage|p1b: Ting-Lu|88\/100|[from] Leech Seed|[of] p2b: Wo-Chien\n|upkeep\n|\n|t:|1681863674\n|switch|p2a: Flutter Mane|Flutter Mane, L50|100\/100\n|turn|2\n|inactive|vivian20 has 30 seconds left.\n|inactive|vivian20 has 20 seconds left.\n|\n|t:|1681863711\n|detailschange|p1a: Palafin|Palafin-Hero, L50, M, tera:Water\n|switch|p1a: Amoonguss|Amoonguss, L50, M|100\/100\n|move|p2a: Flutter Mane|Moonblast|p1a: Amoonguss\n|-resisted|p1a: Amoonguss\n|-damage|p1a: Amoonguss|84\/100\n|move|p2b: Wo-Chien|Pollen Puff|p1b: Ting-Lu\n|-supereffective|p1b: Ting-Lu\n|-damage|p1b: Ting-Lu|74\/100\n|move|p1b: Ting-Lu|Heavy Slam|p2a: Flutter Mane\n|-supereffective|p2a: Flutter Mane\n|-damage|p2a: Flutter Mane|13\/100\n|\n|-damage|p1b: Ting-Lu|62\/100|[from] Leech Seed|[of] p2b: Wo-Chien\n|upkeep\n|turn|3\n|inactive|vivian20 has 30 seconds left.\n|\n|t:|1681863744\n|move|p2a: Flutter Mane|Protect|p2a: Flutter Mane\n|-singleturn|p2a: Flutter Mane|Protect\n|move|p1a: Amoonguss|Protect|p1a: Amoonguss\n|-singleturn|p1a: Amoonguss|Protect\n|move|p2b: Wo-Chien|Pollen Puff|p1a: Amoonguss\n|-activate|p1a: Amoonguss|move: Protect\n|move|p1b: Ting-Lu|Earthquake|p2a: Flutter Mane|[spread] p2b\n|-activate|p1a: Amoonguss|move: Protect\n|-activate|p2a: Flutter Mane|move: Protect\n|-resisted|p2b: Wo-Chien\n|-damage|p2b: Wo-Chien|93\/100\n|\n|-heal|p2b: Wo-Chien|99\/100|[from] item: Leftovers\n|-damage|p1b: Ting-Lu|49\/100|[from] Leech Seed|[of] p2b: Wo-Chien\n|-heal|p2b: Wo-Chien|100\/100|[silent]\n|upkeep\n|turn|4\n|inactive|MegaMachado has 30 seconds left.\n|inactive|vivian20 has 30 seconds left.\n|\n|t:|1681863779\n|move|p2a: Flutter Mane|Shadow Ball|p1a: Amoonguss\n|-damage|p1a: Amoonguss|55\/100\n|move|p2b: Wo-Chien|Pollen Puff|p1a: Amoonguss\n|-crit|p1a: Amoonguss\n|-damage|p1a: Amoonguss|35\/100\n|move|p1b: Ting-Lu|Stomping Tantrum|p2a: Flutter Mane\n|-damage|p2a: Flutter Mane|0 fnt\n|faint|p2a: Flutter Mane\n|-end|p2a: Flutter Mane|Protosynthesis|[silent]\n|move|p1a: Amoonguss|Pollen Puff|p1b: Ting-Lu\n|-heal|p1b: Ting-Lu|99\/100\n|\n|-damage|p1b: Ting-Lu|87\/100|[from] Leech Seed|[of] p2b: Wo-Chien\n|upkeep\n|\n|t:|1681863794\n|switch|p2a: Glimmora|Glimmora, L50, F|100\/100\n|turn|5\n|\n|t:|1681863817\n|switch|p1a: Palafin|Palafin-Hero, L50, M, tera:Water|79\/100\n|-activate|p1a: Palafin|ability: Zero to Hero\n|-terastallize|p2a: Glimmora|Grass\n|move|p2a: Glimmora|Power Gem|p1a: Palafin\n|-damage|p1a: Palafin|45\/100\n|move|p2b: Wo-Chien|Pollen Puff|p1a: Palafin\n|-damage|p1a: Palafin|31\/100\n|move|p1b: Ting-Lu|Stomping Tantrum|p2a: Glimmora\n|-resisted|p2a: Glimmora\n|-damage|p2a: Glimmora|91\/100\n|-activate|p2a: Glimmora|ability: Toxic Debris\n|-sidestart|p1: MegaMachado|move: Toxic Spikes\n|\n|-damage|p1b: Ting-Lu|75\/100|[from] Leech Seed|[of] p2b: Wo-Chien\n|upkeep\n|turn|6\n|inactive|vivian20 has 30 seconds left.\n|\n|t:|1681863850\n|switch|p1b: Amoonguss|Amoonguss, L50, M|68\/100\n|-sideend|p1: MegaMachado|move: Toxic Spikes|[of] p1b: Amoonguss\n|move|p1a: Palafin|Protect|p1a: Palafin\n|-singleturn|p1a: Palafin|Protect\n|move|p2a: Glimmora|Energy Ball|p1a: Palafin\n|-activate|p1a: Palafin|move: Protect\n|move|p2b: Wo-Chien|Pollen Puff|p1b: Amoonguss\n|-damage|p1b: Amoonguss|50\/100\n|\n|upkeep\n|turn|7\n|inactive|MegaMachado has 30 seconds left.\n|inactive|MegaMachado has 20 seconds left.\n|inactive|MegaMachado has 15 seconds left.\n|inactive|MegaMachado has 10 seconds left.\n|\n|t:|1681863895\n|move|p1a: Palafin|Wave Crash|p2b: Wo-Chien\n|-resisted|p2b: Wo-Chien\n|-damage|p2b: Wo-Chien|60\/100\n|-damage|p1a: Palafin|19\/100|[from] Recoil\n|move|p2a: Glimmora|Energy Ball|p1a: Palafin\n|-supereffective|p1a: Palafin\n|-damage|p1a: Palafin|0 fnt\n|faint|p1a: Palafin\n|move|p2b: Wo-Chien|Pollen Puff|p1b: Amoonguss\n|-damage|p1b: Amoonguss|32\/100\n|move|p1b: Amoonguss|Pollen Puff|p2b: Wo-Chien\n|-supereffective|p2b: Wo-Chien\n|-crit|p2b: Wo-Chien\n|-damage|p2b: Wo-Chien|0 fnt\n|faint|p2b: Wo-Chien\n|\n|upkeep\n|\n|t:|1681863914\n|switch|p1a: Flutter Mane|Flutter Mane, L50|100\/100\n|-enditem|p1a: Flutter Mane|Booster Energy\n|-activate|p1a: Flutter Mane|ability: Protosynthesis|[fromitem]\n|-start|p1a: Flutter Mane|protosynthesisspa\n|turn|8\n|\n|t:|1681863932\n|move|p1a: Flutter Mane|Shadow Ball|p2a: Glimmora\n|-damage|p2a: Glimmora|53\/100\n|-unboost|p2a: Glimmora|spd|1\n|move|p2a: Glimmora|Power Gem|p1b: Amoonguss\n|-damage|p1b: Amoonguss|0 fnt\n|faint|p1b: Amoonguss\n|\n|upkeep\n|\n|t:|1681863941\n|switch|p1b: Ting-Lu|Ting-Lu, L50|75\/100\n|-ability|p1b: Ting-Lu|Vessel of Ruin\n|turn|9\n|\n|t:|1681863954\n|move|p1a: Flutter Mane|Moonblast|p2a: Glimmora\n|-damage|p2a: Glimmora|2\/100\n|-unboost|p2a: Glimmora|spa|1\n|move|p2a: Glimmora|Mortal Spin|p1a: Flutter Mane|[spread] p1a,p1b\n|-resisted|p1b: Ting-Lu\n|-damage|p1a: Flutter Mane|93\/100\n|-damage|p1b: Ting-Lu|74\/100\n|-status|p1a: Flutter Mane|psn\n|-status|p1b: Ting-Lu|psn\n|move|p1b: Ting-Lu|Heavy Slam|p2a: Glimmora\n|-damage|p2a: Glimmora|0 fnt\n|-activate|p2a: Glimmora|ability: Toxic Debris\n|-sidestart|p1: MegaMachado|move: Toxic Spikes\n|faint|p2a: Glimmora\n|\n|win|MegaMachado\n","uploadtime":1681863985,"views":11,"p1id":"megamachado","p2id":"vivian20","formatid":"gen9vgc2023regulationc","rating":0,"private":0,"password":""}