{"id":"gen9vgc2023regulationc-1857301321","p1":"TGH_sr","p2":"IAmAnissue","format":"[Gen 9] VGC 2023 Regulation C","log":"|j|\u2606TGH_sr\n|j|\u2606IAmAnissue\n|t:|1683170017\n|gametype|doubles\n|player|p1|TGH_sr|steven|\n|player|p2|IAmAnissue|265|\n|teamsize|p1|6\n|teamsize|p2|6\n|gen|9\n|tier|[Gen 9] VGC 2023 Regulation C\n|rule|Species Clause: Limit one of each Pok\u00e9mon\n|rule|Item Clause: Limit one of each item\n|clearpoke\n|poke|p1|Talonflame, L50, F|\n|poke|p1|Garchomp, L50, M|\n|poke|p1|Gholdengo, L50|\n|poke|p1|Gyarados, L50, M|\n|poke|p1|Flutter Mane, L50|\n|poke|p1|Scream Tail, L50|\n|poke|p2|Annihilape, L50, F|\n|poke|p2|Amoonguss, L50, M|\n|poke|p2|Gothitelle, L50, M|\n|poke|p2|Farigiraf, L50, F|\n|poke|p2|Azumarill, L50, M|\n|poke|p2|Ceruledge, L50, F|\n|teampreview|4\n|inactive|Battle timer is ON: inactive players will automatically lose when time's up. (requested by IAmAnissue)\nTGH_sr has agreed to open team sheets.\nIAmAnissue has agreed to open team sheets.\n|inactive|TGH_sr has 60 seconds left.\n|inactive|IAmAnissue has 60 seconds left.\n|inactive|TGH_sr has 30 seconds left.\n|inactive|IAmAnissue has 30 seconds left.\n|inactive|TGH_sr has 20 seconds left.\n|inactive|IAmAnissue has 20 seconds left.\n|inactive|TGH_sr has 15 seconds left.\n|inactive|IAmAnissue has 15 seconds left.\n|inactive|TGH_sr has 10 seconds left.\n|inactive|TGH_sr has 5 seconds left.\n|\n|t:|1683170103\n|start\n|switch|p1a: Talonflame|Talonflame, L50, F|100\/100\n|switch|p1b: Scream Tail|Scream Tail, L50|100\/100\n|switch|p2a: Flame Body|Ceruledge, L50, F|100\/100\n|switch|p2b: Help|Amoonguss, L50, M|100\/100\n|-enditem|p1b: Scream Tail|Booster Energy\n|-activate|p1b: Scream Tail|ability: Protosynthesis|[fromitem]\n|-start|p1b: Scream Tail|protosynthesisspe\n|turn|1\n|inactive|TGH_sr has 30 seconds left.\n|inactive|IAmAnissue has 30 seconds left.\n|inactive|TGH_sr has 20 seconds left.\n|inactive|IAmAnissue has 20 seconds left.\n|inactive|TGH_sr has 15 seconds left.\n|inactive|IAmAnissue has 15 seconds left.\n|inactive|TGH_sr has 10 seconds left.\n|inactive|IAmAnissue has 10 seconds left.\n|\n|t:|1683170152\n|switch|p2b: Egg|Azumarill, L50, M, shiny|100\/100\n|move|p2a: Flame Body|Shadow Sneak|p1a: Talonflame\n|-damage|p1a: Talonflame|72\/100\n|move|p1b: Scream Tail|Psychic Fangs|p2a: Flame Body\n|-damage|p2a: Flame Body|77\/100\n|move|p1a: Talonflame|Taunt|p2b: Egg\n|-start|p2b: Egg|move: Taunt\n|\n|upkeep\n|turn|2\n|inactive|TGH_sr has 30 seconds left.\n|inactive|IAmAnissue has 30 seconds left.\n|inactive|TGH_sr has 20 seconds left.\n|inactive|TGH_sr has 15 seconds left.\n|inactive|TGH_sr has 10 seconds left.\n|inactive|TGH_sr has 5 seconds left.\n|\n|t:|1683170207\n|move|p1b: Scream Tail|Psychic Fangs|p2b: Egg\n|-damage|p2b: Egg|78\/100\n|move|p1a: Talonflame|Brave Bird|p2a: Flame Body\n|-damage|p2a: Flame Body|29\/100\n|-damage|p1a: Talonflame|56\/100|[from] Recoil\n|move|p2a: Flame Body|Bitter Blade|p1b: Scream Tail\n|-damage|p1b: Scream Tail|60\/100\n|-heal|p2a: Flame Body|54\/100|[from] drain|[of] p1b: Scream Tail\n|move|p2b: Egg|Liquidation|p1a: Talonflame\n|-supereffective|p1a: Talonflame\n|-damage|p1a: Talonflame|0 fnt\n|faint|p1a: Talonflame\n|\n|upkeep\n|\n|t:|1683170225\n|switch|p1a: Gholdengo|Gholdengo, L50|100\/100\n|turn|3\n|inactive|TGH_sr has 30 seconds left.\n|inactive|IAmAnissue has 30 seconds left.\n|inactive|TGH_sr has 20 seconds left.\n|inactive|IAmAnissue has 20 seconds left.\n|inactive|IAmAnissue has 15 seconds left.\n|\n|t:|1683170268\n|switch|p2b: Zebra|Farigiraf, L50, F|100\/100\n|-terastallize|p1a: Gholdengo|Water\n|move|p1b: Scream Tail|Disable|p2a: Flame Body\n|-start|p2a: Flame Body|Disable|Bitter Blade\n|move|p1a: Gholdengo|Nasty Plot|p1a: Gholdengo\n|-boost|p1a: Gholdengo|spa|2\n|cant|p2a: Flame Body|Disable|Bitter Blade\n|\n|upkeep\n|turn|4\n|inactive|TGH_sr has 30 seconds left.\n|inactive|TGH_sr has 20 seconds left.\n|\n|t:|1683170304\n|move|p2a: Flame Body|Protect|p2a: Flame Body\n|-singleturn|p2a: Flame Body|Protect\n|move|p1b: Scream Tail|Encore|p2a: Flame Body\n|-activate|p2a: Flame Body|move: Protect\n|move|p1a: Gholdengo|Make It Rain|p2a: Flame Body|[spread] p2b\n|-activate|p2a: Flame Body|move: Protect\n|-damage|p2b: Zebra|5\/100\n|-unboost|p1a: Gholdengo|spa|1\n|move|p2b: Zebra|Trick Room|p2b: Zebra\n|-fieldstart|move: Trick Room|[of] p2b: Zebra\n|\n|upkeep\n|turn|5\n|inactive|TGH_sr has 30 seconds left.\n|inactive|IAmAnissue has 30 seconds left.\n|\n|t:|1683170335\n|move|p2a: Flame Body|Shadow Sneak|p1b: Scream Tail\n|-supereffective|p1b: Scream Tail\n|-damage|p1b: Scream Tail|22\/100\n|move|p2b: Zebra|Psyshock|p1b: Scream Tail\n|-resisted|p1b: Scream Tail\n|-damage|p1b: Scream Tail|3\/100\n|-damage|p2b: Zebra|0 fnt|[from] item: Life Orb\n|faint|p2b: Zebra\n|move|p1a: Gholdengo|Make It Rain|p2a: Flame Body\n|-resisted|p2a: Flame Body\n|-damage|p2a: Flame Body|8\/100\n|-unboost|p1a: Gholdengo|spa|1\n|move|p1b: Scream Tail|Trick Room|p1b: Scream Tail\n|-fieldend|move: Trick Room\n|\n|upkeep\n|\n|t:|1683170347\n|switch|p2b: Egg|Azumarill, L50, M, shiny|78\/100\n|turn|6\n|inactive|TGH_sr has 30 seconds left.\n|\n|t:|1683170381\n|switch|p2b: Help|Amoonguss, L50, M|100\/100\n|move|p1a: Gholdengo|Protect|p1a: Gholdengo\n|-singleturn|p1a: Gholdengo|Protect\n|move|p2a: Flame Body|Shadow Sneak|p1b: Scream Tail\n|-supereffective|p1b: Scream Tail\n|-damage|p1b: Scream Tail|0 fnt\n|faint|p1b: Scream Tail\n|-end|p1b: Scream Tail|Protosynthesis|[silent]\n|\n|-end|p2a: Flame Body|Disable\n|upkeep\n|\n|t:|1683170393\n|switch|p1b: Flutter Mane|Flutter Mane, L50|100\/100\n|turn|7\n|inactive|TGH_sr has 30 seconds left.\n|inactive|TGH_sr has 20 seconds left.\n|\n|t:|1683170428\n|move|p2a: Flame Body|Shadow Sneak|p1b: Flutter Mane\n|-supereffective|p1b: Flutter Mane\n|-damage|p1b: Flutter Mane|23\/100\n|move|p1b: Flutter Mane|Energy Ball|p2a: Flame Body\n|-resisted|p2a: Flame Body\n|-damage|p2a: Flame Body|0 fnt\n|faint|p2a: Flame Body\n|move|p1a: Gholdengo|Nasty Plot|p1a: Gholdengo\n|-boost|p1a: Gholdengo|spa|2\n|move|p2b: Help|Clear Smog|p1b: Flutter Mane\n|-damage|p1b: Flutter Mane|7\/100\n|-clearboost|p1b: Flutter Mane\n|\n|upkeep\n|\n|t:|1683170431\n|switch|p2a: Egg|Azumarill, L50, M, shiny|78\/100\n|turn|8\n|inactive|TGH_sr has 30 seconds left.\n|inactive|IAmAnissue has 30 seconds left.\n|inactive|TGH_sr has 20 seconds left.\n|\n|t:|1683170469\n|-terastallize|p2a: Egg|Water\n|move|p2b: Help|Rage Powder|p2b: Help\n|-singleturn|p2b: Help|move: Rage Powder\n|move|p2a: Egg|Aqua Jet|p1b: Flutter Mane\n|-damage|p1b: Flutter Mane|0 fnt\n|faint|p1b: Flutter Mane\n|-end|p1b: Flutter Mane|Protosynthesis|[silent]\n|move|p1a: Gholdengo|Thunderbolt|p2b: Help\n|-resisted|p2b: Help\n|-damage|p2b: Help|75\/100\n|-status|p2b: Help|par\n|\n|upkeep\n|turn|9\n|\n|t:|1683170490\n|move|p2b: Help|Rage Powder|p2b: Help\n|-singleturn|p2b: Help|move: Rage Powder\n|move|p1a: Gholdengo|Make It Rain|p2b: Help|[spread] p2a,p2b\n|-resisted|p2a: Egg\n|-damage|p2a: Egg|47\/100\n|-damage|p2b: Help|0 fnt\n|-unboost|p1a: Gholdengo|spa|1\n|faint|p2b: Help\n|move|p2a: Egg|Play Rough|p1a: Gholdengo|[miss]\n|-miss|p2a: Egg|p1a: Gholdengo\n|\n|upkeep\n|turn|10\n|\n|t:|1683170509\n|move|p1a: Gholdengo|Thunderbolt|p2a: Egg\n|-supereffective|p2a: Egg\n|-damage|p2a: Egg|0 fnt\n|faint|p2a: Egg\n|\n|win|TGH_sr\n|c|\u2606IAmAnissue|miss lost me the game probably\n|c|\u2606IAmAnissue|gg\n|c|\u2606TGH_sr|ggs, not sure how much the miss would've done\n|c|\u2606TGH_sr|i'm kinda liking gholdengo though\n|c|\u2606IAmAnissue|yeah\n|c|\u2606TGH_sr|best of 3?\n|c|\u2606IAmAnissue|sure\n|c|\u2606TGH_sr|let me save these replays first actually\n","uploadtime":1683170584,"views":7,"p1id":"tghsr","p2id":"iamanissue","formatid":"gen9vgc2023regulationc","rating":0,"private":0,"password":""}