{"id":"gen9vgc2023regulationc-1846191927","p1":"nieroncraust","p2":"toribird21","format":"[Gen 9] VGC 2023 Regulation C","log":"|j|\u2606nieroncraust\n|j|\u2606toribird21\n|t:|1681819517\n|gametype|doubles\n|player|p1|nieroncraust|101|1417\n|player|p2|toribird21|170|1352\n|teamsize|p1|6\n|teamsize|p2|6\n|gen|9\n|tier|[Gen 9] VGC 2023 Regulation C\n|rated|\n|rule|Species Clause: Limit one of each Pok\u00e9mon\n|rule|Item Clause: Limit one of each item\n|clearpoke\n|poke|p1|Dragonite, L50, M|\n|poke|p1|Chien-Pao, L50|\n|poke|p1|Dondozo, L50, F|\n|poke|p1|Corviknight, L50, M|\n|poke|p1|Arcanine, L50, F|\n|poke|p1|Flutter Mane, L50|\n|poke|p2|Flutter Mane, L50|\n|poke|p2|Chi-Yu, L50|\n|poke|p2|Ting-Lu, L50|\n|poke|p2|Gyarados, L50, M|\n|poke|p2|Dragonite, L50, M|\n|poke|p2|Amoonguss, L50, M|\n|teampreview|4\n|\n|t:|1681819578\n|start\n|switch|p1a: Dragonite|Dragonite, L50, M|100\/100\n|switch|p1b: Chien-Pao|Chien-Pao, L50|100\/100\n|switch|p2a: Gyarados|Gyarados, L50, M|100\/100\n|switch|p2b: Amoonguss|Amoonguss, L50, M|100\/100\n|-ability|p1b: Chien-Pao|Sword of Ruin\n|-ability|p2a: Gyarados|Intimidate|boost\n|-fail|p1a: Dragonite|unboost|Attack|[from] ability: Inner Focus|[of] p1a: Dragonite\n|-unboost|p1b: Chien-Pao|atk|1\n|turn|1\n|\n|t:|1681819616\n|-terastallize|p1a: Dragonite|Normal\n|-terastallize|p2b: Amoonguss|Water\n|move|p1a: Dragonite|Extreme Speed|p2a: Gyarados\n|-damage|p2a: Gyarados|1\/100\n|-enditem|p2a: Gyarados|Figy Berry|[eat]\n|-heal|p2a: Gyarados|34\/100|[from] item: Figy Berry\n|move|p1b: Chien-Pao|Ice Spinner|p2b: Amoonguss\n|-resisted|p2b: Amoonguss\n|-damage|p2b: Amoonguss|87\/100\n|move|p2a: Gyarados|Chilling Water|p1b: Chien-Pao\n|-damage|p1b: Chien-Pao|84\/100\n|-unboost|p1b: Chien-Pao|atk|1\n|move|p2b: Amoonguss|Spore|p1a: Dragonite\n|-status|p1a: Dragonite|slp|[from] move: Spore\n|\n|upkeep\n|turn|2\n|\n|t:|1681819641\n|switch|p2a: Chi-Yu|Chi-Yu, L50|100\/100\n|-ability|p2a: Chi-Yu|Beads of Ruin\n|cant|p1a: Dragonite|slp\n|move|p1b: Chien-Pao|Ice Spinner|p2a: Chi-Yu\n|-resisted|p2a: Chi-Yu\n|-damage|p2a: Chi-Yu|79\/100\n|move|p2b: Amoonguss|Spore|p1b: Chien-Pao\n|-status|p1b: Chien-Pao|slp|[from] move: Spore\n|\n|upkeep\n|turn|3\n|\n|t:|1681819660\n|switch|p1b: Arcanine|Arcanine, L50, F|100\/100\n|-ability|p1b: Arcanine|Intimidate|boost\n|-unboost|p2a: Chi-Yu|atk|1\n|-unboost|p2b: Amoonguss|atk|1\n|cant|p1a: Dragonite|slp\n|move|p2a: Chi-Yu|Heat Wave|p1a: Dragonite|[spread] p1a\n|-miss|p2a: Chi-Yu|p1b: Arcanine\n|-damage|p1a: Dragonite|28\/100 slp\n|move|p2b: Amoonguss|Spore|p1a: Dragonite\n|-fail|p1a: Dragonite|slp\n|\n|upkeep\n|turn|4\n|\n|t:|1681819685\n|switch|p2a: Gyarados|Gyarados, L50, M|34\/100\n|-ability|p2a: Gyarados|Intimidate|boost\n|-fail|p1a: Dragonite|unboost|Attack|[from] ability: Inner Focus|[of] p1a: Dragonite\n|-unboost|p1b: Arcanine|atk|1\n|move|p1b: Arcanine|Extreme Speed|p2a: Gyarados\n|-damage|p2a: Gyarados|16\/100\n|cant|p1a: Dragonite|slp\n|move|p2b: Amoonguss|Spore|p1a: Dragonite\n|-fail|p1a: Dragonite|slp\n|\n|upkeep\n|turn|5\n|\n|t:|1681819700\n|move|p1b: Arcanine|Extreme Speed|p2a: Gyarados\n|-damage|p2a: Gyarados|0 fnt\n|faint|p2a: Gyarados\n|-curestatus|p1a: Dragonite|slp|[msg]\n|move|p1a: Dragonite|Extreme Speed|p2b: Amoonguss\n|-damage|p2b: Amoonguss|37\/100\n|-enditem|p2b: Amoonguss|Sitrus Berry|[eat]\n|-heal|p2b: Amoonguss|62\/100|[from] item: Sitrus Berry\n|move|p2b: Amoonguss|Spore|p1a: Dragonite\n|-status|p1a: Dragonite|slp|[from] move: Spore\n|\n|upkeep\n|\n|t:|1681819721\n|switch|p2a: Chi-Yu|Chi-Yu, L50|79\/100\n|-ability|p2a: Chi-Yu|Beads of Ruin\n|turn|6\n|\n|t:|1681819729\n|switch|p1a: Chien-Pao|Chien-Pao, L50|84\/100 slp\n|-ability|p1a: Chien-Pao|Sword of Ruin\n|switch|p2b: Ting-Lu|Ting-Lu, L50|100\/100\n|-ability|p2b: Ting-Lu|Vessel of Ruin\n|move|p1b: Arcanine|Extreme Speed|p2a: Chi-Yu\n|-damage|p2a: Chi-Yu|39\/100\n|move|p2a: Chi-Yu|Heat Wave|p1b: Arcanine|[spread] p1a\n|-miss|p2a: Chi-Yu|p1b: Arcanine\n|-supereffective|p1a: Chien-Pao\n|-damage|p1a: Chien-Pao|0 fnt\n|faint|p1a: Chien-Pao\n|\n|upkeep\n|\n|t:|1681819748\n|switch|p1a: Flutter Mane|Flutter Mane, L50|100\/100\n|-enditem|p1a: Flutter Mane|Booster Energy\n|-activate|p1a: Flutter Mane|ability: Protosynthesis|[fromitem]\n|-start|p1a: Flutter Mane|protosynthesisspe\n|turn|7\n|\n|t:|1681819774\n|switch|p2a: Amoonguss|Amoonguss, L50, M, tera:Water|95\/100\n|move|p1a: Flutter Mane|Dazzling Gleam|p2a: Amoonguss|[spread] p2a,p2b\n|-supereffective|p2b: Ting-Lu\n|-damage|p2a: Amoonguss|70\/100\n|-damage|p2b: Ting-Lu|64\/100\n|move|p1b: Arcanine|Will-O-Wisp|p2b: Ting-Lu\n|-status|p2b: Ting-Lu|brn\n|move|p2b: Ting-Lu|Stomping Tantrum|p1b: Arcanine\n|-supereffective|p1b: Arcanine\n|-damage|p1b: Arcanine|33\/100\n|\n|-damage|p2b: Ting-Lu|58\/100 brn|[from] brn\n|upkeep\n|turn|8\n|\n|t:|1681819798\n|switch|p1b: Dragonite|Dragonite, L50, M, tera:Normal|28\/100 slp\n|move|p1a: Flutter Mane|Thunderbolt|p2a: Amoonguss\n|-supereffective|p2a: Amoonguss\n|-damage|p2a: Amoonguss|20\/100\n|move|p2b: Ting-Lu|Stomping Tantrum|p1b: Dragonite\n|-damage|p1b: Dragonite|3\/100 slp\n|move|p2a: Amoonguss|Spore|p1a: Flutter Mane\n|-status|p1a: Flutter Mane|slp|[from] move: Spore\n|\n|-damage|p2b: Ting-Lu|52\/100 brn|[from] brn\n|upkeep\n|turn|9\n|\n|t:|1681819818\n|cant|p1b: Dragonite|slp\n|cant|p1a: Flutter Mane|slp\n|move|p2b: Ting-Lu|Stomping Tantrum|p1b: Dragonite\n|-damage|p1b: Dragonite|0 fnt\n|faint|p1b: Dragonite\n|move|p2a: Amoonguss|Pollen Puff|p2b: Ting-Lu\n|-heal|p2b: Ting-Lu|100\/100 brn\n|\n|-damage|p2b: Ting-Lu|94\/100 brn|[from] brn\n|upkeep\n|\n|t:|1681819828\n|switch|p1b: Arcanine|Arcanine, L50, F|33\/100\n|-ability|p1b: Arcanine|Intimidate|boost\n|-unboost|p2a: Amoonguss|atk|1\n|-unboost|p2b: Ting-Lu|atk|1\n|turn|10\n|\n|t:|1681819844\n|move|p2a: Amoonguss|Protect|p2a: Amoonguss\n|-singleturn|p2a: Amoonguss|Protect\n|move|p1b: Arcanine|Extreme Speed|p2a: Amoonguss\n|-activate|p2a: Amoonguss|move: Protect\n|-curestatus|p1a: Flutter Mane|slp|[msg]\n|move|p1a: Flutter Mane|Dazzling Gleam|p2a: Amoonguss|[spread] p2b\n|-activate|p2a: Amoonguss|move: Protect\n|-supereffective|p2b: Ting-Lu\n|-damage|p2b: Ting-Lu|55\/100 brn\n|move|p2b: Ting-Lu|Stomping Tantrum|p1b: Arcanine\n|-supereffective|p1b: Arcanine\n|-damage|p1b: Arcanine|0 fnt\n|faint|p1b: Arcanine\n|\n|-damage|p2b: Ting-Lu|49\/100 brn|[from] brn\n|upkeep\n|turn|11\n|\n|t:|1681819865\n|move|p1a: Flutter Mane|Dazzling Gleam|p2b: Ting-Lu|[spread] p2a,p2b\n|-supereffective|p2b: Ting-Lu\n|-damage|p2a: Amoonguss|0 fnt\n|-damage|p2b: Ting-Lu|10\/100 brn\n|faint|p2a: Amoonguss\n|move|p2b: Ting-Lu|Stomping Tantrum|p1a: Flutter Mane\n|-damage|p1a: Flutter Mane|67\/100\n|\n|-damage|p2b: Ting-Lu|4\/100 brn|[from] brn\n|upkeep\n|\n|t:|1681819872\n|switch|p2a: Chi-Yu|Chi-Yu, L50|39\/100\n|-ability|p2a: Chi-Yu|Beads of Ruin\n|turn|12\n|\n|t:|1681819885\n|move|p1a: Flutter Mane|Protect|p1a: Flutter Mane\n|-singleturn|p1a: Flutter Mane|Protect\n|move|p2a: Chi-Yu|Overheat|p1a: Flutter Mane\n|-activate|p1a: Flutter Mane|move: Protect\n|move|p2b: Ting-Lu|Stomping Tantrum|p1a: Flutter Mane\n|-activate|p1a: Flutter Mane|move: Protect\n|\n|-damage|p2b: Ting-Lu|0 fnt|[from] brn\n|faint|p2b: Ting-Lu\n|upkeep\n|turn|13\n|\n|t:|1681819896\n|move|p1a: Flutter Mane|Dazzling Gleam|p2a: Chi-Yu\n|-damage|p2a: Chi-Yu|0 fnt\n|faint|p2a: Chi-Yu\n|\n|win|nieroncraust\n|raw|nieroncraust's rating: 1417 → 1433<\/strong> (+16 for winning)\n|raw|toribird21's rating: 1352 → 1336<\/strong> (-16 for losing)\n|l|\u2606toribird21\n","uploadtime":1681820087,"views":13,"p1id":"nieroncraust","p2id":"toribird21","formatid":"gen9vgc2023regulationc","rating":1336,"private":0,"password":""}