{"id":"gen9vgc2023regulationc-1863900698","p1":"Cymorgcomics","p2":"Eldegoss32","format":"[Gen 9] VGC 2023 Regulation C","log":"|j|\u2606Cymorgcomics\n|j|\u2606Eldegoss32\n|t:|1684091143\n|gametype|doubles\n|player|p1|Cymorgcomics|hugh|1430\n|player|p2|Eldegoss32|acetrainerf|1503\n|teamsize|p1|6\n|teamsize|p2|6\n|gen|9\n|tier|[Gen 9] VGC 2023 Regulation C\n|rated|\n|rule|Species Clause: Limit one of each Pok\u00e9mon\n|rule|Item Clause: Limit one of each item\n|clearpoke\n|poke|p1|Flutter Mane, L50|\n|poke|p1|Gastrodon-East, L50, F|\n|poke|p1|Chi-Yu, L50|\n|poke|p1|Talonflame, L50, M|\n|poke|p1|Great Tusk, L50|\n|poke|p1|Amoonguss, L50, F|\n|poke|p2|Azumarill, L50, F|\n|poke|p2|Talonflame, L50, F|\n|poke|p2|Flutter Mane, L50|\n|poke|p2|Chien-Pao, L50|\n|poke|p2|Great Tusk, L50|\n|poke|p2|Roaring Moon, L50|\n|teampreview|4\nCymorgcomics has agreed to open team sheets.\nEldegoss32 has agreed to open team sheets.\n|\n|t:|1684091187\n|start\n|switch|p1a: fried chicken|Talonflame, L50, M|100\/100\n|switch|p1b: perona|Flutter Mane, L50|100\/100\n|switch|p2a: Talonflame|Talonflame, L50, F|100\/100\n|switch|p2b: Flutter Mane|Flutter Mane, L50|100\/100\n|turn|1\n|\n|t:|1684091209\n|-terastallize|p1b: perona|Fairy\n|move|p2a: Talonflame|Tailwind|p2a: Talonflame\n|-sidestart|p2: Eldegoss32|move: Tailwind\n|move|p1a: fried chicken|Tailwind|p1a: fried chicken\n|-sidestart|p1: Cymorgcomics|move: Tailwind\n|move|p1b: perona|Thunderbolt|p2a: Talonflame\n|-supereffective|p2a: Talonflame\n|-damage|p2a: Talonflame|0 fnt\n|faint|p2a: Talonflame\n|move|p2b: Flutter Mane|Dazzling Gleam|p1a: fried chicken|[spread] p1a,p1b\n|-resisted|p1a: fried chicken\n|-damage|p1a: fried chicken|59\/100\n|-damage|p1b: perona|45\/100\n|\n|upkeep\n|\n|t:|1684091222\n|switch|p2a: Azumarill|Azumarill, L50, F|100\/100\n|turn|2\n|\n|t:|1684091239\n|-end|p1b: perona|Protosynthesis|[silent]\n|switch|p1b: slime guy|Gastrodon-East, L50, F|100\/100\n|move|p2a: Azumarill|Aqua Jet|p1b: slime guy\n|-activate|p1b: slime guy|ability: Storm Drain\n|-ability|p1b: slime guy|Storm Drain|boost\n|-boost|p1b: slime guy|spa|1\n|move|p1a: fried chicken|Will-O-Wisp|p2a: Azumarill\n|-status|p2a: Azumarill|brn\n|move|p2b: Flutter Mane|Dazzling Gleam|p1b: slime guy|[spread] p1a,p1b\n|-resisted|p1a: fried chicken\n|-damage|p1a: fried chicken|16\/100\n|-damage|p1b: slime guy|50\/100\n|\n|-heal|p1b: slime guy|56\/100|[from] item: Leftovers\n|-damage|p2a: Azumarill|94\/100 brn|[from] brn\n|upkeep\n|turn|3\n|\n|t:|1684091265\n|move|p1b: slime guy|Protect|p1b: slime guy\n|-singleturn|p1b: slime guy|Protect\n|move|p1a: fried chicken|Brave Bird|p2b: Flutter Mane\n|-damage|p2b: Flutter Mane|25\/100\n|-damage|p1a: fried chicken|0 fnt|[from] Recoil\n|faint|p1a: fried chicken\n|move|p2b: Flutter Mane|Dazzling Gleam|p1b: slime guy\n|-activate|p1b: slime guy|move: Protect\n|move|p2a: Azumarill|Play Rough|p1b: slime guy\n|-activate|p1b: slime guy|move: Protect\n|\n|-heal|p1b: slime guy|63\/100|[from] item: Leftovers\n|-damage|p2a: Azumarill|88\/100 brn|[from] brn\n|upkeep\n|\n|t:|1684091277\n|switch|p1a: perona|Flutter Mane, L50, tera:Fairy|45\/100\n|turn|4\n|\n|t:|1684091293\n|move|p1a: perona|Thunderbolt|p2a: Azumarill\n|-supereffective|p2a: Azumarill\n|-damage|p2a: Azumarill|4\/100 brn\n|move|p2b: Flutter Mane|Dazzling Gleam|p1b: slime guy|[spread] p1a,p1b\n|-damage|p1a: perona|0 fnt\n|-damage|p1b: slime guy|13\/100\n|faint|p1a: perona\n|-end|p1a: perona|Protosynthesis|[silent]\n|move|p2a: Azumarill|Play Rough|p1b: slime guy\n|-damage|p1b: slime guy|0 fnt\n|faint|p1b: slime guy\n|\n|-damage|p2a: Azumarill|0 fnt|[from] brn\n|faint|p2a: Azumarill\n|-sideend|p1: Cymorgcomics|move: Tailwind\n|-sideend|p2: Eldegoss32|move: Tailwind\n|upkeep\n|\n|t:|1684091303\n|switch|p2a: Great Tusk|Great Tusk, L50|100\/100\n|switch|p1b: Great Tusk|Great Tusk, L50|100\/100\n|turn|5\n|\n|t:|1684091318\n|-terastallize|p2a: Great Tusk|Ground\n|move|p1b: Great Tusk|Earthquake|p2b: Flutter Mane|[spread] p2a,p2b\n|-damage|p2a: Great Tusk|66\/100\n|-damage|p2b: Flutter Mane|0 fnt\n|faint|p2b: Flutter Mane\n|-end|p2b: Flutter Mane|Protosynthesis|[silent]\n|move|p2a: Great Tusk|Earthquake|p1b: Great Tusk\n|-damage|p1b: Great Tusk|30\/100\n|-damage|p2a: Great Tusk|56\/100|[from] item: Life Orb\n|\n|upkeep\n|turn|6\n|\n|t:|1684091327\n|move|p1b: Great Tusk|Earthquake|p2a: Great Tusk\n|-damage|p2a: Great Tusk|16\/100\n|move|p2a: Great Tusk|Earthquake|p1b: Great Tusk\n|-damage|p1b: Great Tusk|0 fnt\n|faint|p1b: Great Tusk\n|-end|p1b: Great Tusk|Protosynthesis|[silent]\n|-damage|p2a: Great Tusk|6\/100|[from] item: Life Orb\n|\n|win|Eldegoss32\n|raw|Cymorgcomics's rating: 1430 → 1414<\/strong> (-16 for losing)\n|raw|Eldegoss32's rating: 1503 → 1519<\/strong> (+16 for winning)\n","uploadtime":1684091336,"views":4,"p1id":"cymorgcomics","p2id":"eldegoss32","formatid":"gen9vgc2023regulationc","rating":1414,"private":0,"password":""}