{"id":"gen9vgc2023regulationc-1851360061","p1":"XinBluQAQ","p2":"Iono_1118","format":"[Gen 9] VGC 2023 Regulation C","log":"|j|\u2606XinBluQAQ\n|j|\u2606Iono_1118\n|t:|1682438810\n|gametype|doubles\n|player|p1|XinBluQAQ|shadowtriad|\n|player|p2|Iono_1118|iono|\n|teamsize|p1|6\n|teamsize|p2|6\n|gen|9\n|tier|[Gen 9] VGC 2023 Regulation C\n|rule|Species Clause: Limit one of each Pok\u00e9mon\n|rule|Item Clause: Limit one of each item\n|clearpoke\n|poke|p1|Iron Bundle, L50|\n|poke|p1|Iron Hands, L50|\n|poke|p1|Garchomp, L50, M|\n|poke|p1|Chien-Pao, L50|\n|poke|p1|Flutter Mane, L50|\n|poke|p1|Chi-Yu, L50|\n|poke|p2|Bellibolt, L50, M|\n|poke|p2|Wo-Chien, L50|\n|poke|p2|Scizor, L50, M|\n|poke|p2|Arcanine, L50, M|\n|poke|p2|Flutter Mane, L50|\n|poke|p2|Baxcalibur, L50, M|\n|teampreview|4\n|inactive|Battle timer is ON: inactive players will automatically lose when time's up. (requested by Iono_1118)\nXinBluQAQ has agreed to open team sheets.\nIono_1118 has agreed to open team sheets.\n|inactive|XinBluQAQ has 60 seconds left.\n|inactive|XinBluQAQ has 30 seconds left.\n|inactive|XinBluQAQ has 20 seconds left.\n|inactive|XinBluQAQ has 15 seconds left.\n|inactive|XinBluQAQ has 10 seconds left.\n|\n|t:|1682438897\n|start\n|switch|p1a: Garchomp|Garchomp, L50, M|100\/100\n|switch|p1b: Chien-Pao|Chien-Pao, L50|100\/100\n|switch|p2a: \u5947\u6a39\u86d9\u86d9|Bellibolt, L50, M, shiny|100\/100\n|switch|p2b: \u5de8\u795e\u5175|Baxcalibur, L50, M, shiny|100\/100\n|-ability|p1b: Chien-Pao|Sword of Ruin\n|turn|1\n|inactive|XinBluQAQ has 30 seconds left.\n|inactive|Iono_1118 has 30 seconds left.\n|inactive|XinBluQAQ has 20 seconds left.\n|inactive|Iono_1118 has 20 seconds left.\n|inactive|XinBluQAQ has 15 seconds left.\n|inactive|XinBluQAQ has 10 seconds left.\n|inactive|XinBluQAQ has 5 seconds left.\n|\n|t:|1682438948\n|-terastallize|p2a: \u5947\u6a39\u86d9\u86d9|Water\n|move|p1a: Garchomp|Protect|p1a: Garchomp\n|-singleturn|p1a: Garchomp|Protect\n|move|p2b: \u5de8\u795e\u5175|Protect|p2b: \u5de8\u795e\u5175\n|-singleturn|p2b: \u5de8\u795e\u5175|Protect\n|move|p1b: Chien-Pao|Sacred Sword|p2b: \u5de8\u795e\u5175\n|-activate|p2b: \u5de8\u795e\u5175|move: Protect\n|move|p2a: \u5947\u6a39\u86d9\u86d9|Parabolic Charge|p1b: Chien-Pao|[spread] p1b\n|-activate|p2b: \u5de8\u795e\u5175|move: Protect\n|-activate|p1a: Garchomp|move: Protect\n|-damage|p1b: Chien-Pao|64\/100\n|\n|upkeep\n|turn|2\n|inactive|Iono_1118 has 30 seconds left.\n|inactive|Iono_1118 has 20 seconds left.\n|\n|t:|1682438987\n|switch|p2b: \u632f\u7ffc\u624b\u9f8d|Flutter Mane, L50, shiny|100\/100\n|-terastallize|p1a: Garchomp|Poison\n|move|p1b: Chien-Pao|Protect|p1b: Chien-Pao\n|-singleturn|p1b: Chien-Pao|Protect\n|move|p1a: Garchomp|Earthquake|p2b: \u632f\u7ffc\u624b\u9f8d|[spread] p2a,p2b\n|-activate|p1b: Chien-Pao|move: Protect\n|-damage|p2a: \u5947\u6a39\u86d9\u86d9|64\/100\n|-damage|p2b: \u632f\u7ffc\u624b\u9f8d|0 fnt\n|-start|p2a: \u5947\u6a39\u86d9\u86d9|Charge|Earthquake|[from] ability: Electromorphosis\n|faint|p2b: \u632f\u7ffc\u624b\u9f8d\n|-end|p2b: \u632f\u7ffc\u624b\u9f8d|Protosynthesis|[silent]\n|move|p2a: \u5947\u6a39\u86d9\u86d9|Muddy Water|p1b: Chien-Pao|[spread] p1a\n|-activate|p1b: Chien-Pao|move: Protect\n|-damage|p1a: Garchomp|67\/100\n|\n|upkeep\n|\n|t:|1682439004\n|switch|p2b: \u6a5f\u7532\u6230\u795e|Scizor, L50, M, shiny|100\/100\n|turn|3\n|\n|t:|1682439020\n|switch|p1b: Iron Hands|Iron Hands, L50, shiny|100\/100\n|move|p1a: Garchomp|Protect|p1a: Garchomp\n|-singleturn|p1a: Garchomp|Protect\n|move|p2b: \u6a5f\u7532\u6230\u795e|Protect|p2b: \u6a5f\u7532\u6230\u795e\n|-singleturn|p2b: \u6a5f\u7532\u6230\u795e|Protect\n|move|p2a: \u5947\u6a39\u86d9\u86d9|Parabolic Charge|p1a: Garchomp|[spread] p1b\n|-activate|p2b: \u6a5f\u7532\u6230\u795e|move: Protect\n|-activate|p1a: Garchomp|move: Protect\n|-resisted|p1b: Iron Hands\n|-damage|p1b: Iron Hands|89\/100\n|-heal|p2a: \u5947\u6a39\u86d9\u86d9|71\/100|[from] drain|[of] p1b: Iron Hands\n|-end|p2a: \u5947\u6a39\u86d9\u86d9|Charge|[silent]\n|\n|upkeep\n|turn|4\n|inactive|XinBluQAQ has 30 seconds left.\n|inactive|Iono_1118 has 30 seconds left.\n|inactive|Iono_1118 has 20 seconds left.\n|\n|t:|1682439058\n|switch|p2a: \u5de8\u795e\u5175|Baxcalibur, L50, M, shiny|100\/100\n|move|p1a: Garchomp|Poison Jab|p2a: \u5de8\u795e\u5175\n|-damage|p2a: \u5de8\u795e\u5175|62\/100\n|move|p2b: \u6a5f\u7532\u6230\u795e|U-turn|p1b: Iron Hands\n|-resisted|p1b: Iron Hands\n|-damage|p1b: Iron Hands|75\/100\n|\n|t:|1682439064\n|switch|p2b: \u5947\u6a39\u86d9\u86d9|Bellibolt, L50, M, shiny, tera:Water|71\/100|[from] U-turn\n|move|p1b: Iron Hands|Close Combat|p2b: \u5947\u6a39\u86d9\u86d9\n|-damage|p2b: \u5947\u6a39\u86d9\u86d9|19\/100\n|-unboost|p1b: Iron Hands|def|1\n|-unboost|p1b: Iron Hands|spd|1\n|-start|p2b: \u5947\u6a39\u86d9\u86d9|Charge|Close Combat|[from] ability: Electromorphosis\n|\n|upkeep\n|turn|5\n|inactive|XinBluQAQ has 30 seconds left.\n|inactive|XinBluQAQ has 20 seconds left.\n|inactive|XinBluQAQ has 15 seconds left.\n|\n|t:|1682439109\n|move|p1a: Garchomp|Protect|p1a: Garchomp\n|-singleturn|p1a: Garchomp|Protect\n|move|p2a: \u5de8\u795e\u5175|Glaive Rush|p1a: Garchomp\n|-activate|p1a: Garchomp|move: Protect\n|move|p1b: Iron Hands|Wild Charge|p2b: \u5947\u6a39\u86d9\u86d9\n|-supereffective|p2b: \u5947\u6a39\u86d9\u86d9\n|-damage|p2b: \u5947\u6a39\u86d9\u86d9|0 fnt\n|faint|p2b: \u5947\u6a39\u86d9\u86d9\n|-damage|p1b: Iron Hands|71\/100|[from] Recoil\n|\n|upkeep\n|\n|t:|1682439118\n|switch|p2b: \u6a5f\u7532\u6230\u795e|Scizor, L50, M, shiny|100\/100\n|turn|6\n|\n|t:|1682439139\n|move|p2b: \u6a5f\u7532\u6230\u795e|Bullet Punch|p1a: Garchomp\n|-damage|p1a: Garchomp|33\/100\n|-damage|p2b: \u6a5f\u7532\u6230\u795e|88\/100|[from] ability: Rough Skin|[of] p1a: Garchomp\n|move|p1a: Garchomp|Liquidation|p2b: \u6a5f\u7532\u6230\u795e\n|-damage|p2b: \u6a5f\u7532\u6230\u795e|57\/100\n|move|p2a: \u5de8\u795e\u5175|Glaive Rush|p1b: Iron Hands\n|-damage|p1b: Iron Hands|0 fnt\n|-singlemove|p2a: \u5de8\u795e\u5175|Glaive Rush|[silent]\n|faint|p1b: Iron Hands\n|-end|p1b: Iron Hands|Quark Drive|[silent]\n|\n|upkeep\n|\n|t:|1682439154\n|switch|p1b: Chien-Pao|Chien-Pao, L50|64\/100\n|-ability|p1b: Chien-Pao|Sword of Ruin\n|turn|7\n|\n|t:|1682439179\n|move|p1b: Chien-Pao|Protect|p1b: Chien-Pao\n|-singleturn|p1b: Chien-Pao|Protect\n|move|p2a: \u5de8\u795e\u5175|Protect|p2a: \u5de8\u795e\u5175\n|-singleturn|p2a: \u5de8\u795e\u5175|Protect\n|move|p2b: \u6a5f\u7532\u6230\u795e|Protect|p2b: \u6a5f\u7532\u6230\u795e\n|-singleturn|p2b: \u6a5f\u7532\u6230\u795e|Protect\n|move|p1a: Garchomp|Earthquake|p2a: \u5de8\u795e\u5175|[spread] \n|-activate|p1b: Chien-Pao|move: Protect\n|-activate|p2a: \u5de8\u795e\u5175|move: Protect\n|-activate|p2b: \u6a5f\u7532\u6230\u795e|move: Protect\n|\n|upkeep\n|turn|8\n|inactive|XinBluQAQ has 30 seconds left.\n|inactive|XinBluQAQ has 20 seconds left.\n|inactive|XinBluQAQ has 15 seconds left.\n|inactive|XinBluQAQ has 10 seconds left.\n|\n|t:|1682439227\n|move|p1b: Chien-Pao|Sucker Punch|p2b: \u6a5f\u7532\u6230\u795e\n|-damage|p2b: \u6a5f\u7532\u6230\u795e|9\/100\n|move|p2b: \u6a5f\u7532\u6230\u795e|Bullet Punch|p1b: Chien-Pao\n|-supereffective|p1b: Chien-Pao\n|-damage|p1b: Chien-Pao|0 fnt\n|faint|p1b: Chien-Pao\n|move|p1a: Garchomp|Earthquake|p2b: \u6a5f\u7532\u6230\u795e|[spread] p2a,p2b\n|-damage|p2a: \u5de8\u795e\u5175|29\/100\n|-damage|p2b: \u6a5f\u7532\u6230\u795e|0 fnt\n|faint|p2b: \u6a5f\u7532\u6230\u795e\n|move|p2a: \u5de8\u795e\u5175|Icicle Spear|p1a: Garchomp\n|-damage|p1a: Garchomp|17\/100\n|-damage|p1a: Garchomp|0 fnt\n|faint|p1a: Garchomp\n|-hitcount|p1: Garchomp|2\n|\n|upkeep\n|\n|t:|1682439242\n|switch|p1a: Flutter Mane|Flutter Mane, L50|100\/100\n|turn|9\n|\n|t:|1682439253\n|move|p2a: \u5de8\u795e\u5175|Ice Shard|p1a: Flutter Mane\n|-damage|p1a: Flutter Mane|62\/100\n|move|p1a: Flutter Mane|Moonblast|p2a: \u5de8\u795e\u5175\n|-supereffective|p2a: \u5de8\u795e\u5175\n|-damage|p2a: \u5de8\u795e\u5175|0 fnt\n|faint|p2a: \u5de8\u795e\u5175\n|\n|win|XinBluQAQ\n","uploadtime":1682439259,"views":7,"p1id":"xinbluqaq","p2id":"iono1118","formatid":"gen9vgc2023regulationc","rating":0,"private":0,"password":""}