{"id":"gen9vgc2023regulationc-1848357817","p1":"sbll","p2":"Valkenhine","format":"[Gen 9] VGC 2023 Regulation C","log":"|j|\u2606sbll\n|j|\u2606Valkenhine\n|t:|1682066186\n|gametype|doubles\n|player|p1|sbll|266|1112\n|player|p2|Valkenhine|koga|1077\n|teamsize|p1|6\n|teamsize|p2|6\n|gen|9\n|tier|[Gen 9] VGC 2023 Regulation C\n|rated|\n|rule|Species Clause: Limit one of each Pok\u00e9mon\n|rule|Item Clause: Limit one of each item\n|clearpoke\n|poke|p1|Slaking, L50, M|\n|poke|p1|Medicham, L50, F|\n|poke|p1|Sableye, L50, F|\n|poke|p1|Ceruledge, L50, M|\n|poke|p1|Garganacl, L50, F|\n|poke|p1|Bellibolt, L50, F|\n|poke|p2|Vaporeon, L50, M|\n|poke|p2|Grimmsnarl, L50, M|\n|poke|p2|Flutter Mane, L50|\n|poke|p2|Palafin, L50, M|\n|poke|p2|Iron Hands, L50|\n|poke|p2|Volcarona, L50, M|\n|teampreview|4\n|\n|t:|1682066220\n|start\n|switch|p1a: Medicham|Medicham, L50, F|100\/100\n|switch|p1b: Slaking|Slaking, L50, M|100\/100\n|switch|p2a: Grimmsnarl|Grimmsnarl, L50, M|100\/100\n|switch|p2b: Flutter Mane|Flutter Mane, L50|100\/100\n|-enditem|p2b: Flutter Mane|Booster Energy\n|-activate|p2b: Flutter Mane|ability: Protosynthesis|[fromitem]\n|-start|p2b: Flutter Mane|protosynthesisspe\n|turn|1\n|\n|t:|1682066253\n|-end|p2b: Flutter Mane|Protosynthesis|[silent]\n|switch|p2b: Volcarona|Volcarona, L50, M|100\/100\n|move|p1a: Medicham|Fake Out|p2a: Grimmsnarl\n|-damage|p2a: Grimmsnarl|88\/100\n|cant|p2a: Grimmsnarl|flinch\n|move|p1b: Slaking|Fire Punch|p2b: Volcarona\n|-damage|p2b: Volcarona|73\/100\n|\n|-heal|p2b: Volcarona|79\/100|[from] item: Leftovers\n|upkeep\n|turn|2\n|\n|t:|1682066270\n|move|p2a: Grimmsnarl|Taunt|p1a: Medicham\n|-start|p1a: Medicham|move: Taunt\n|cant|p1a: Medicham|move: Taunt|Skill Swap\n|move|p2b: Volcarona|Quiver Dance|p2b: Volcarona\n|-boost|p2b: Volcarona|spa|1\n|-boost|p2b: Volcarona|spd|1\n|-boost|p2b: Volcarona|spe|1\n|cant|p1b: Slaking|ability: Truant\n|\n|-heal|p2b: Volcarona|85\/100|[from] item: Leftovers\n|upkeep\n|turn|3\n|\n|t:|1682066288\n|move|p2a: Grimmsnarl|Reflect|p2a: Grimmsnarl\n|-sidestart|p2: Valkenhine|Reflect\n|move|p2b: Volcarona|Quiver Dance|p2b: Volcarona\n|-boost|p2b: Volcarona|spa|1\n|-boost|p2b: Volcarona|spd|1\n|-boost|p2b: Volcarona|spe|1\n|move|p1a: Medicham|High Jump Kick|p2a: Grimmsnarl\n|-damage|p2a: Grimmsnarl|44\/100\n|move|p1b: Slaking|Facade|p2b: Volcarona\n|-damage|p2b: Volcarona|57\/100\n|\n|-heal|p2b: Volcarona|64\/100|[from] item: Leftovers\n|upkeep\n|turn|4\n|\n|t:|1682066316\n|switch|p1a: Garganacl|Garganacl, L50, F|100\/100\n|switch|p1b: Bellibolt|Bellibolt, L50, F|100\/100\n|switch|p2a: Palafin|Palafin, L50, M|100\/100\n|move|p2b: Volcarona|Quiver Dance|p2b: Volcarona\n|-boost|p2b: Volcarona|spa|1\n|-boost|p2b: Volcarona|spd|1\n|-boost|p2b: Volcarona|spe|1\n|\n|-heal|p2b: Volcarona|70\/100|[from] item: Leftovers\n|upkeep\n|turn|5\n|\n|t:|1682066346\n|-terastallize|p1a: Garganacl|Ghost\n|move|p2a: Palafin|Jet Punch|p1a: Garganacl\n|-damage|p1a: Garganacl|85\/100\n|move|p2b: Volcarona|Bug Buzz|p1a: Garganacl\n|-resisted|p1a: Garganacl\n|-damage|p1a: Garganacl|41\/100\n|move|p1b: Bellibolt|Light Screen|p1b: Bellibolt\n|-sidestart|p1: sbll|move: Light Screen\n|move|p1a: Garganacl|Salt Cure|p2b: Volcarona\n|-supereffective|p2b: Volcarona\n|-damage|p2b: Volcarona|39\/100\n|-start|p2b: Volcarona|Salt Cure\n|\n|-heal|p2b: Volcarona|45\/100|[from] item: Leftovers\n|-heal|p1a: Garganacl|47\/100|[from] item: Leftovers\n|-damage|p2b: Volcarona|33\/100|[from] Salt Cure\n|upkeep\n|turn|6\n|\n|t:|1682066384\n|detailschange|p2a: Palafin|Palafin-Hero, L50, M\n|switch|p2a: Grimmsnarl|Grimmsnarl, L50, M|44\/100\n|-terastallize|p2b: Volcarona|Grass\n|move|p1a: Garganacl|Protect|p1a: Garganacl\n|-singleturn|p1a: Garganacl|Protect\n|move|p2b: Volcarona|Morning Sun|p2b: Volcarona\n|-heal|p2b: Volcarona|83\/100\n|move|p1b: Bellibolt|Parabolic Charge|p2a: Grimmsnarl|[spread] p2a,p2b\n|-activate|p1a: Garganacl|move: Protect\n|-resisted|p2b: Volcarona\n|-damage|p2a: Grimmsnarl|29\/100\n|-damage|p2b: Volcarona|80\/100\n|\n|-heal|p2b: Volcarona|86\/100|[from] item: Leftovers\n|-heal|p1a: Garganacl|53\/100|[from] item: Leftovers\n|-damage|p2b: Volcarona|73\/100|[from] Salt Cure\n|upkeep\n|turn|7\n|\n|t:|1682066418\n|move|p2a: Grimmsnarl|Taunt|p1a: Garganacl\n|-start|p1a: Garganacl|move: Taunt\n|move|p2b: Volcarona|Bug Buzz|p1a: Garganacl\n|-resisted|p1a: Garganacl\n|-damage|p1a: Garganacl|20\/100\n|move|p1b: Bellibolt|Muddy Water|p2b: Volcarona|[spread] p2a,p2b\n|-resisted|p2b: Volcarona\n|-damage|p2a: Grimmsnarl|15\/100\n|-damage|p2b: Volcarona|71\/100\n|cant|p1a: Garganacl|move: Taunt|Curse\n|\n|-heal|p2b: Volcarona|77\/100|[from] item: Leftovers\n|-heal|p1a: Garganacl|26\/100|[from] item: Leftovers\n|-damage|p2b: Volcarona|65\/100|[from] Salt Cure\n|upkeep\n|turn|8\n|inactive|Battle timer is ON: inactive players will automatically lose when time's up. (requested by Valkenhine)\n|\n|t:|1682066464\n|switch|p2a: Palafin|Palafin-Hero, L50, M|100\/100\n|-activate|p2a: Palafin|ability: Zero to Hero\n|switch|p1b: Medicham|Medicham, L50, F|100\/100\n|move|p2b: Volcarona|Quiver Dance|p2b: Volcarona\n|-boost|p2b: Volcarona|spa|1\n|-boost|p2b: Volcarona|spd|1\n|-boost|p2b: Volcarona|spe|1\n|move|p1a: Garganacl|Salt Cure|p2b: Volcarona\n|-damage|p2b: Volcarona|56\/100\n|\n|-heal|p2b: Volcarona|62\/100|[from] item: Leftovers\n|-heal|p1a: Garganacl|32\/100|[from] item: Leftovers\n|-damage|p2b: Volcarona|50\/100|[from] Salt Cure\n|upkeep\n|turn|9\n|inactive|sbll has 30 seconds left.\n|inactive|Valkenhine has 30 seconds left.\n|\n|t:|1682066495\n|switch|p1a: Slaking|Slaking, L50, M|100\/100\n|move|p2b: Volcarona|Bug Buzz|p1a: Slaking\n|-damage|p1a: Slaking|25\/100\n|-enditem|p1a: Slaking|Figy Berry|[eat]\n|-heal|p1a: Slaking|58\/100|[from] item: Figy Berry\n|move|p2a: Palafin|Bulk Up|p2a: Palafin\n|-boost|p2a: Palafin|atk|1\n|-boost|p2a: Palafin|def|1\n|move|p1b: Medicham|Trick Room|p1b: Medicham\n|-fieldstart|move: Trick Room|[of] p1b: Medicham\n|\n|-heal|p2b: Volcarona|56\/100|[from] item: Leftovers\n|-damage|p2b: Volcarona|44\/100|[from] Salt Cure\n|upkeep\n|turn|10\n|inactive|sbll has 30 seconds left.\n|inactive|Valkenhine has 30 seconds left.\n|\n|t:|1682066527\n|move|p2a: Palafin|Jet Punch|p1a: Slaking\n|-damage|p1a: Slaking|9\/100\n|move|p1a: Slaking|Facade|p2b: Volcarona\n|-damage|p2b: Volcarona|16\/100\n|-status|p1a: Slaking|brn|[from] ability: Flame Body|[of] p2b: Volcarona\n|move|p1b: Medicham|Skill Swap|p1a: Slaking\n|-activate|p1b: Medicham|move: Skill Swap|||[of] p1a: Slaking\n|move|p2b: Volcarona|Morning Sun|p2b: Volcarona\n|-heal|p2b: Volcarona|66\/100\n|\n|-heal|p2b: Volcarona|72\/100|[from] item: Leftovers\n|-damage|p1a: Slaking|3\/100 brn|[from] brn\n|-damage|p2b: Volcarona|60\/100|[from] Salt Cure\n|-sideend|p2: Valkenhine|Reflect\n|upkeep\n|turn|11\n|inactive|Valkenhine has 30 seconds left.\n|\n|t:|1682066553\n|move|p2a: Palafin|Jet Punch|p1a: Slaking\n|-damage|p1a: Slaking|0 fnt\n|faint|p1a: Slaking\n|cant|p1b: Medicham|ability: Truant\n|move|p2b: Volcarona|Quiver Dance|p2b: Volcarona\n|-boost|p2b: Volcarona|spa|1\n|-boost|p2b: Volcarona|spd|1\n|-boost|p2b: Volcarona|spe|1\n|\n|-heal|p2b: Volcarona|66\/100|[from] item: Leftovers\n|-damage|p2b: Volcarona|54\/100|[from] Salt Cure\n|upkeep\n|-message|sbll forfeited.\n|\n|win|Valkenhine\n|raw|sbll's rating: 1112 → 1084<\/strong> (-28 for losing)\n|raw|Valkenhine's rating: 1077 → 1108<\/strong> (+31 for winning)\n|l|\u2606sbll\n","uploadtime":1682066581,"views":9,"p1id":"sbll","p2id":"valkenhine","formatid":"gen9vgc2023regulationc","rating":1084,"private":0,"password":""}