{"id":"gen9vgc2023regulationc-1863507607","p1":"SuperToad916","p2":"JJ22FTW","format":"[Gen 9] VGC 2023 Regulation C","log":"|j|\u2606SuperToad916\n|j|\u2606JJ22FTW\n|t:|1684026901\n|gametype|doubles\n|player|p1|SuperToad916|2|\n|player|p2|JJ22FTW|2|\n|teamsize|p1|6\n|teamsize|p2|6\n|gen|9\n|tier|[Gen 9] VGC 2023 Regulation C\n|rule|Species Clause: Limit one of each Pok\u00e9mon\n|rule|Item Clause: Limit one of each item\n|clearpoke\n|poke|p1|Dragonite, L50, M|\n|poke|p1|Torkoal, L50, M|\n|poke|p1|Sylveon, L50, M|\n|poke|p1|Lilligant, L50, F|\n|poke|p1|Toedscruel, L50, F|\n|poke|p1|Kingambit, L50, F|\n|poke|p2|Abomasnow, L50, M|\n|poke|p2|Garchomp, L50, M|\n|poke|p2|Talonflame, L50, F|\n|poke|p2|Gengar, L50, M|\n|poke|p2|Gardevoir, L50, F|\n|poke|p2|Iron Valiant, L50|\n|teampreview|4\n|j| CluelessGamer18\nSuperToad916 rejected open team sheets.\n|\n|t:|1684026948\n|start\n|switch|p1a: Bike|Torkoal, L50, M|100\/100\n|switch|p1b: No no name|Lilligant, L50, F|100\/100\n|switch|p2a: HungLikeAMoose|Talonflame, L50, F, shiny|100\/100\n|switch|p2b: Obama-Snow|Abomasnow, L50, M|100\/100\n|-weather|Snow|[from] ability: Snow Warning|[of] p2b: Obama-Snow\n|-weather|SunnyDay|[from] ability: Drought|[of] p1a: Bike\n|turn|1\n|\n|t:|1684026978\n|-terastallize|p2b: Obama-Snow|Dragon\n|move|p1b: No no name|After You|p1a: Bike\n|-activate|p1a: Bike|move: After You\n|move|p1a: Bike|Eruption|p2b: Obama-Snow|[spread] p2a,p2b\n|-resisted|p2a: HungLikeAMoose\n|-resisted|p2b: Obama-Snow\n|-damage|p2a: HungLikeAMoose|40\/100\n|-damage|p2b: Obama-Snow|55\/100\n|move|p2a: HungLikeAMoose|Tailwind|p2a: HungLikeAMoose\n|-sidestart|p2: JJ22FTW|move: Tailwind\n|move|p2b: Obama-Snow|Aurora Veil||[still]\n|-fail|p2b: Obama-Snow\n|\n|-weather|SunnyDay|[upkeep]\n|upkeep\n|turn|2\n|\n|t:|1684027011\n|move|p2a: HungLikeAMoose|Brave Bird|p1a: Bike\n|-damage|p1a: Bike|73\/100\n|-damage|p2a: HungLikeAMoose|32\/100|[from] Recoil\n|move|p1b: No no name|Encore|p2b: Obama-Snow\n|-start|p2b: Obama-Snow|Encore\n|move|p2b: Obama-Snow|Aurora Veil||[still]\n|-fail|p2b: Obama-Snow\n|move|p1a: Bike|Eruption|p2b: Obama-Snow|[spread] p2a,p2b\n|-resisted|p2a: HungLikeAMoose\n|-resisted|p2b: Obama-Snow\n|-crit|p2b: Obama-Snow\n|-damage|p2a: HungLikeAMoose|0 fnt\n|-damage|p2b: Obama-Snow|6\/100\n|faint|p2a: HungLikeAMoose\n|\n|-weather|SunnyDay|[upkeep]\n|upkeep\n|\n|t:|1684027028\n|switch|p2a: IGarTheWaySheChomp|Garchomp, L50, M|100\/100\n|turn|3\n|\n|t:|1684027052\n|move|p2a: IGarTheWaySheChomp|Liquidation|p1a: Bike\n|-supereffective|p1a: Bike\n|-damage|p1a: Bike|51\/100\n|-unboost|p1a: Bike|def|1\n|move|p1b: No no name|After You|p1a: Bike\n|-activate|p1a: Bike|move: After You\n|move|p1a: Bike|Eruption|p2a: IGarTheWaySheChomp|[spread] p2a,p2b\n|-resisted|p2a: IGarTheWaySheChomp\n|-resisted|p2b: Obama-Snow\n|-damage|p2a: IGarTheWaySheChomp|78\/100\n|-damage|p2b: Obama-Snow|0 fnt\n|faint|p2b: Obama-Snow\n|\n|-weather|SunnyDay|[upkeep]\n|upkeep\n|\n|t:|1684027064\n|switch|p2b: Have Mercy...|Gardevoir, L50, F|100\/100\n|-ability|p2b: Have Mercy...|Drought|[from] ability: Trace|[of] p1a: Bike\n|turn|4\n|\n|t:|1684027078\n|move|p1a: Bike|Protect|p1a: Bike\n|-singleturn|p1a: Bike|Protect\n|move|p2a: IGarTheWaySheChomp|Liquidation|p1a: Bike\n|-activate|p1a: Bike|move: Protect\n|move|p1b: No no name|Solar Beam||[still]\n|-prepare|p1b: No no name|Solar Beam\n|-anim|p1b: No no name|Solar Beam|p2a: IGarTheWaySheChomp\n|-damage|p2a: IGarTheWaySheChomp|12\/100\n|-enditem|p2a: IGarTheWaySheChomp|Aguav Berry|[eat]\n|-heal|p2a: IGarTheWaySheChomp|45\/100|[from] item: Aguav Berry\n|move|p2b: Have Mercy...|Mystical Fire|p1b: No no name\n|-supereffective|p1b: No no name\n|-enditem|p1b: No no name|Focus Sash\n|-damage|p1b: No no name|1\/100\n|-unboost|p1b: No no name|spa|1\n|\n|-weather|SunnyDay|[upkeep]\n|-sideend|p2: JJ22FTW|move: Tailwind\n|upkeep\n|turn|5\n|\n|t:|1684027114\n|move|p1b: No no name|Solar Beam||[still]\n|-prepare|p1b: No no name|Solar Beam\n|-anim|p1b: No no name|Solar Beam|p2a: IGarTheWaySheChomp\n|-crit|p2a: IGarTheWaySheChomp\n|-damage|p2a: IGarTheWaySheChomp|0 fnt\n|faint|p2a: IGarTheWaySheChomp\n|move|p2b: Have Mercy...|Dazzling Gleam|p1a: Bike|[spread] p1a,p1b\n|-resisted|p1a: Bike\n|-damage|p1a: Bike|32\/100\n|-damage|p1b: No no name|0 fnt\n|faint|p1b: No no name\n|move|p1a: Bike|Heat Wave|p2b: Have Mercy...\n|-damage|p2b: Have Mercy...|49\/100\n|\n|-weather|none\n|upkeep\n|\n|t:|1684027144\n|switch|p1b: x3|Sylveon, L50, M|100\/100\n|turn|6\n|\n|t:|1684027168\n|move|p2b: Have Mercy...|Dazzling Gleam|p1b: x3|[spread] p1a,p1b\n|-resisted|p1a: Bike\n|-damage|p1a: Bike|12\/100\n|-damage|p1b: x3|84\/100\n|move|p1b: x3|Shadow Ball|p2b: Have Mercy...\n|-supereffective|p2b: Have Mercy...\n|-damage|p2b: Have Mercy...|19\/100\n|-unboost|p2b: Have Mercy...|spd|1\n|move|p1a: Bike|Heat Wave|p2b: Have Mercy...\n|-damage|p2b: Have Mercy...|0 fnt\n|faint|p2b: Have Mercy...\n|\n|win|SuperToad916\n","uploadtime":1684027183,"views":12,"p1id":"supertoad916","p2id":"jj22ftw","formatid":"gen9vgc2023regulationc","rating":0,"private":0,"password":""}