{"id":"gen9vgc2023regulationc-1855728110","p1":"gianniking","p2":"SuperBlanketMan","format":"[Gen 9] VGC 2023 Regulation C","log":"|j|\u2606gianniking\n|j|\u2606SuperBlanketMan\n|t:|1682977419\n|gametype|doubles\n|player|p1|gianniking|266|1281\n|player|p2|SuperBlanketMan|169|1187\n|teamsize|p1|6\n|teamsize|p2|6\n|gen|9\n|tier|[Gen 9] VGC 2023 Regulation C\n|rated|\n|rule|Species Clause: Limit one of each Pok\u00e9mon\n|rule|Item Clause: Limit one of each item\n|clearpoke\n|poke|p1|Annihilape, L50, M|\n|poke|p1|Maushold, L50|\n|poke|p1|Corviknight, L50, F|\n|poke|p1|Gholdengo, L50|\n|poke|p1|Gastrodon, L50, F|\n|poke|p1|Ting-Lu, L50|\n|poke|p2|Chi-Yu, L50|\n|poke|p2|Torkoal, L50, F|\n|poke|p2|Arcanine, L50, F|\n|poke|p2|Chien-Pao, L50|\n|poke|p2|Wo-Chien, L50|\n|poke|p2|Flutter Mane, L50|\n|teampreview|4\n|j| iNxmu\nSuperBlanketMan has agreed to open team sheets.\ngianniking has agreed to open team sheets.\n|\n|t:|1682977468\n|start\n|switch|p1a: Annihilape|Annihilape, L50, M|100\/100\n|switch|p1b: Ting-Lu|Ting-Lu, L50|100\/100\n|switch|p2a: Torkoal|Torkoal, L50, F|100\/100\n|switch|p2b: Flutter Mane|Flutter Mane, L50|100\/100\n|-ability|p1b: Ting-Lu|Vessel of Ruin\n|-weather|SunnyDay|[from] ability: Drought|[of] p2a: Torkoal\n|-activate|p2b: Flutter Mane|ability: Protosynthesis\n|-start|p2b: Flutter Mane|protosynthesisspe\n|turn|1\n|\n|t:|1682977507\n|-terastallize|p2b: Flutter Mane|Fairy\n|-terastallize|p1a: Annihilape|Fire\n|move|p2b: Flutter Mane|Moonblast|p1b: Ting-Lu\n|-supereffective|p1b: Ting-Lu\n|-damage|p1b: Ting-Lu|37\/100\n|-damage|p2b: Flutter Mane|90\/100|[from] item: Life Orb\n|move|p1a: Annihilape|Rage Fist|p2b: Flutter Mane\n|-damage|p2b: Flutter Mane|30\/100\n|move|p1b: Ting-Lu|Stomping Tantrum|p2a: Torkoal\n|-supereffective|p2a: Torkoal\n|-damage|p2a: Torkoal|70\/100\n|move|p2a: Torkoal|Body Press|p1b: Ting-Lu\n|-supereffective|p1b: Ting-Lu\n|-damage|p1b: Ting-Lu|8\/100\n|\n|-weather|SunnyDay|[upkeep]\n|upkeep\n|turn|2\n|l| iNxmu\n|\n|t:|1682977541\n|move|p2b: Flutter Mane|Protect|p2b: Flutter Mane\n|-singleturn|p2b: Flutter Mane|Protect\n|move|p1a: Annihilape|Rage Fist|p2b: Flutter Mane\n|-activate|p2b: Flutter Mane|move: Protect\n|move|p1b: Ting-Lu|Stomping Tantrum|p2a: Torkoal\n|-supereffective|p2a: Torkoal\n|-damage|p2a: Torkoal|35\/100\n|-enditem|p2a: Torkoal|Sitrus Berry|[eat]\n|-heal|p2a: Torkoal|60\/100|[from] item: Sitrus Berry\n|move|p2a: Torkoal|Body Press|p1b: Ting-Lu\n|-supereffective|p1b: Ting-Lu\n|-damage|p1b: Ting-Lu|0 fnt\n|faint|p1b: Ting-Lu\n|\n|-weather|SunnyDay|[upkeep]\n|upkeep\n|\n|t:|1682977556\n|switch|p1b: Maushold|Maushold, L50|100\/100\n|turn|3\n|\n|t:|1682977574\n|-end|p2b: Flutter Mane|Protosynthesis|[silent]\n|switch|p2b: Wo-Chien|Wo-Chien, L50|100\/100\n|-ability|p2b: Wo-Chien|Tablets of Ruin\n|move|p1b: Maushold|Beat Up|p1a: Annihilape\n|-damage|p1a: Annihilape|99\/100\n|-damage|p1a: Annihilape|97\/100\n|-damage|p1a: Annihilape|95\/100\n|-hitcount|p1a: Annihilape|3\n|move|p1a: Annihilape|Rage Fist|p2a: Torkoal\n|-damage|p2a: Torkoal|17\/100\n|move|p2a: Torkoal|Body Press|p1b: Maushold\n|-supereffective|p1b: Maushold\n|-damage|p1b: Maushold|49\/100\n|\n|-weather|SunnyDay|[upkeep]\n|-heal|p1a: Annihilape|100\/100|[from] item: Leftovers\n|upkeep\n|turn|4\n|\n|t:|1682977602\n|move|p1b: Maushold|Protect|p1b: Maushold\n|-singleturn|p1b: Maushold|Protect\n|move|p1a: Annihilape|Rage Fist|p2a: Torkoal\n|-crit|p2a: Torkoal\n|-damage|p2a: Torkoal|0 fnt\n|faint|p2a: Torkoal\n|move|p2b: Wo-Chien|Leech Seed|p1a: Annihilape\n|-start|p1a: Annihilape|move: Leech Seed\n|\n|-weather|SunnyDay|[upkeep]\n|-damage|p1a: Annihilape|88\/100|[from] Leech Seed|[of] p2b: Wo-Chien\n|upkeep\n|\n|t:|1682977612\n|switch|p2a: Chi-Yu|Chi-Yu, L50|100\/100\n|-ability|p2a: Chi-Yu|Beads of Ruin\n|turn|5\n|\n|t:|1682977643\n|switch|p1a: Gastrodon|Gastrodon, L50, F|100\/100\n|move|p2a: Chi-Yu|Dark Pulse|p1a: Gastrodon\n|-damage|p1a: Gastrodon|56\/100\n|move|p1b: Maushold|Super Fang|p2a: Chi-Yu\n|-damage|p2a: Chi-Yu|50\/100\n|move|p2b: Wo-Chien|Leech Seed|p1b: Maushold\n|-start|p1b: Maushold|move: Leech Seed\n|\n|-weather|none\n|-damage|p1b: Maushold|37\/100|[from] Leech Seed|[of] p2b: Wo-Chien\n|upkeep\n|turn|6\n|\n|t:|1682977662\n|switch|p2a: Flutter Mane|Flutter Mane, L50, tera:Fairy|30\/100\n|move|p1b: Maushold|Follow Me|p1b: Maushold\n|-singleturn|p1b: Maushold|move: Follow Me\n|move|p2b: Wo-Chien|Giga Drain|p1b: Maushold\n|-damage|p1b: Maushold|12\/100\n|move|p1a: Gastrodon|Earth Power|p2a: Flutter Mane\n|-damage|p2a: Flutter Mane|0 fnt\n|faint|p2a: Flutter Mane\n|-end|p2a: Flutter Mane|Protosynthesis|[silent]\n|\n|-damage|p1b: Maushold|0 fnt|[from] Leech Seed|[of] p2b: Wo-Chien\n|faint|p1b: Maushold\n|upkeep\n|\n|t:|1682977674\n|switch|p2a: Chi-Yu|Chi-Yu, L50|50\/100\n|switch|p1b: Annihilape|Annihilape, L50, M, tera:Fire|88\/100\n|-ability|p2a: Chi-Yu|Beads of Ruin\n|turn|7\n|\n|t:|1682977690\n|move|p2a: Chi-Yu|Dark Pulse|p1b: Annihilape\n|-damage|p1b: Annihilape|11\/100\n|move|p1b: Annihilape|Drain Punch|p2b: Wo-Chien\n|-supereffective|p2b: Wo-Chien\n|-damage|p2b: Wo-Chien|49\/100\n|-heal|p1b: Annihilape|33\/100|[from] drain|[of] p2b: Wo-Chien\n|move|p2b: Wo-Chien|Giga Drain|p1a: Gastrodon\n|-supereffective|p1a: Gastrodon\n|-damage|p1a: Gastrodon|0 fnt\n|-heal|p2b: Wo-Chien|81\/100|[from] drain|[of] p1a: Gastrodon\n|faint|p1a: Gastrodon\n|\n|-heal|p1b: Annihilape|39\/100|[from] item: Leftovers\n|-heal|p2b: Wo-Chien|87\/100|[from] item: Leftovers\n|upkeep\n|turn|8\n|\n|t:|1682977706\n|move|p1b: Annihilape|Protect|p1b: Annihilape\n|-singleturn|p1b: Annihilape|Protect\n|move|p2a: Chi-Yu|Dark Pulse|p1b: Annihilape\n|-activate|p1b: Annihilape|move: Protect\n|move|p2b: Wo-Chien|Giga Drain|p1b: Annihilape\n|-activate|p1b: Annihilape|move: Protect\n|\n|-heal|p1b: Annihilape|45\/100|[from] item: Leftovers\n|-heal|p2b: Wo-Chien|94\/100|[from] item: Leftovers\n|upkeep\n|turn|9\n|\n|t:|1682977719\n|move|p2a: Chi-Yu|Dark Pulse|p1b: Annihilape\n|-damage|p1b: Annihilape|0 fnt\n|faint|p1b: Annihilape\n|\n|win|SuperBlanketMan\n|raw|gianniking's rating: 1281 → 1249<\/strong> (-32 for losing)\n|raw|SuperBlanketMan's rating: 1187 → 1219<\/strong> (+32 for winning)\n|l|\u2606SuperBlanketMan\n","uploadtime":1682977731,"views":16,"p1id":"gianniking","p2id":"superblanketman","formatid":"gen9vgc2023regulationc","rating":1219,"private":0,"password":""}