{"id":"gen9vgc2023regulationc-1854811118","p1":"Stonny","p2":"Axel316","format":"[Gen 9] VGC 2023 Regulation C","log":"|j|\u2606Stonny\n|j|\u2606Axel316\n|t:|1682868831\n|gametype|doubles\n|player|p1|Stonny|acetrainer-gen4dp|1292\n|player|p2|Axel316|1|1332\n|teamsize|p1|6\n|teamsize|p2|6\n|gen|9\n|tier|[Gen 9] VGC 2023 Regulation C\n|rated|\n|rule|Species Clause: Limit one of each Pok\u00e9mon\n|rule|Item Clause: Limit one of each item\n|clearpoke\n|poke|p1|Iron Hands, L50|\n|poke|p1|Tyranitar, L50, F|\n|poke|p1|Armarouge, L50, M|\n|poke|p1|Palafin, L50, M|\n|poke|p1|Amoonguss, L50, M|\n|poke|p1|Indeedee-F, L50, F|\n|poke|p2|Kingambit, L50, F|\n|poke|p2|Ting-Lu, L50|\n|poke|p2|Amoonguss, L50, F|\n|poke|p2|Flutter Mane, L50|\n|poke|p2|Palafin, L50, F|\n|poke|p2|Talonflame, L50, M|\n|teampreview|4\n|inactive|Battle timer is ON: inactive players will automatically lose when time's up. (requested by Stonny)\n|inactive|Stonny has 60 seconds left.\n|inactive|Axel316 has 60 seconds left.\n|\n|t:|1682868886\n|start\n|switch|p1a: Palafin|Palafin, L50, M|100\/100\n|switch|p1b: Amoonguss|Amoonguss, L50, M|100\/100\n|switch|p2a: Ting-Lu|Ting-Lu, L50|100\/100\n|switch|p2b: Talonflame|Talonflame, L50, M|100\/100\n|-ability|p2a: Ting-Lu|Vessel of Ruin\n|turn|1\n|inactive|Axel316 has 30 seconds left.\n|inactive|Stonny has 30 seconds left.\n|inactive|Axel316 has 20 seconds left.\n|\n|t:|1682868922\n|detailschange|p1a: Palafin|Palafin-Hero, L50, M\n|switch|p1a: Tyranitar|Tyranitar, L50, F|100\/100\n|-weather|Sandstorm|[from] ability: Sand Stream|[of] p1a: Tyranitar\n|move|p2b: Talonflame|Will-O-Wisp|p1a: Tyranitar\n|-status|p1a: Tyranitar|brn\n|move|p2a: Ting-Lu|Fissure|p1b: Amoonguss|[miss]\n|-miss|p2a: Ting-Lu|p1b: Amoonguss\n|move|p1b: Amoonguss|Spore|p2a: Ting-Lu\n|-status|p2a: Ting-Lu|slp|[from] move: Spore\n|\n|-weather|Sandstorm|[upkeep]\n|-damage|p2b: Talonflame|95\/100|[from] Sandstorm\n|-damage|p1b: Amoonguss|95\/100|[from] Sandstorm\n|-damage|p1a: Tyranitar|95\/100 brn|[from] brn\n|upkeep\n|turn|2\n|\n|t:|1682868944\n|move|p2b: Talonflame|Taunt|p1b: Amoonguss\n|-start|p1b: Amoonguss|move: Taunt\n|move|p1a: Tyranitar|Rock Slide|p2b: Talonflame|[spread] p2a,p2b\n|-resisted|p2a: Ting-Lu\n|-supereffective|p2b: Talonflame\n|-damage|p2a: Ting-Lu|96\/100 slp\n|-damage|p2b: Talonflame|14\/100\n|cant|p2a: Ting-Lu|slp\n|move|p1b: Amoonguss|Giga Drain|p2a: Ting-Lu\n|-supereffective|p2a: Ting-Lu\n|-damage|p2a: Ting-Lu|75\/100 slp\n|-heal|p1b: Amoonguss|100\/100|[from] drain|[of] p2a: Ting-Lu\n|\n|-weather|Sandstorm|[upkeep]\n|-damage|p2b: Talonflame|9\/100|[from] Sandstorm\n|-damage|p1b: Amoonguss|95\/100|[from] Sandstorm\n|-damage|p1a: Tyranitar|89\/100 brn|[from] brn\n|upkeep\n|turn|3\n|inactive|Stonny has 30 seconds left.\n|inactive|Stonny has 20 seconds left.\n|inactive|Stonny has 15 seconds left.\n|\n|t:|1682868987\n|move|p2b: Talonflame|Brave Bird|p1b: Amoonguss\n|-supereffective|p1b: Amoonguss\n|-damage|p1b: Amoonguss|22\/100\n|-enditem|p1b: Amoonguss|Sitrus Berry|[eat]\n|-heal|p1b: Amoonguss|47\/100|[from] item: Sitrus Berry\n|-damage|p2b: Talonflame|0 fnt|[from] Recoil\n|faint|p2b: Talonflame\n|move|p1a: Tyranitar|Crunch|p2a: Ting-Lu\n|-resisted|p2a: Ting-Lu\n|-damage|p2a: Ting-Lu|68\/100 slp\n|cant|p2a: Ting-Lu|slp\n|move|p1b: Amoonguss|Giga Drain|p2a: Ting-Lu\n|-supereffective|p2a: Ting-Lu\n|-damage|p2a: Ting-Lu|47\/100 slp\n|-heal|p1b: Amoonguss|61\/100|[from] drain|[of] p2a: Ting-Lu\n|\n|-weather|Sandstorm|[upkeep]\n|-damage|p1b: Amoonguss|55\/100|[from] Sandstorm\n|-damage|p1a: Tyranitar|83\/100 brn|[from] brn\n|upkeep\n|\n|t:|1682869007\n|switch|p2b: Kingambit|Kingambit, L50, F|100\/100\n|turn|4\n|\n|t:|1682869028\n|switch|p1b: Iron Hands|Iron Hands, L50|100\/100\n|-enditem|p1b: Iron Hands|Booster Energy\n|-activate|p1b: Iron Hands|ability: Quark Drive|[fromitem]\n|-start|p1b: Iron Hands|quarkdriveatk\n|-terastallize|p2b: Kingambit|Flying\n|move|p1a: Tyranitar|Crunch|p2a: Ting-Lu\n|-resisted|p2a: Ting-Lu\n|-damage|p2a: Ting-Lu|41\/100 slp\n|-unboost|p2a: Ting-Lu|def|1\n|move|p2b: Kingambit|Tera Blast|p1b: Iron Hands\n|-damage|p1b: Iron Hands|68\/100\n|-curestatus|p2a: Ting-Lu|slp|[msg]\n|move|p2a: Ting-Lu|Heavy Slam|p1a: Tyranitar\n|-supereffective|p1a: Tyranitar\n|-damage|p1a: Tyranitar|48\/100 brn\n|\n|-weather|Sandstorm|[upkeep]\n|-damage|p2b: Kingambit|95\/100|[from] Sandstorm\n|-damage|p1b: Iron Hands|62\/100|[from] Sandstorm\n|-damage|p1a: Tyranitar|43\/100 brn|[from] brn\n|upkeep\n|turn|5\n|inactive|Axel316 has 30 seconds left.\n|inactive|Axel316 has 20 seconds left.\n|\n|t:|1682869066\n|move|p1a: Tyranitar|Rock Slide|p2b: Kingambit|[spread] p2a,p2b\n|-resisted|p2a: Ting-Lu\n|-supereffective|p2b: Kingambit\n|-damage|p2a: Ting-Lu|33\/100\n|-damage|p2b: Kingambit|71\/100\n|move|p2b: Kingambit|Tera Blast|p1b: Iron Hands\n|-damage|p1b: Iron Hands|34\/100\n|move|p1b: Iron Hands|Drain Punch|p2a: Ting-Lu\n|-supereffective|p2a: Ting-Lu\n|-damage|p2a: Ting-Lu|0 fnt\n|-heal|p1b: Iron Hands|53\/100|[from] drain|[of] p2a: Ting-Lu\n|faint|p2a: Ting-Lu\n|\n|-weather|none\n|-damage|p1a: Tyranitar|37\/100 brn|[from] brn\n|upkeep\n|\n|t:|1682869081\n|switch|p2a: Flutter Mane|Flutter Mane, L50|100\/100\n|turn|6\n|\n|t:|1682869103\n|-terastallize|p1b: Iron Hands|Grass\n|move|p2a: Flutter Mane|Moonblast|p1b: Iron Hands\n|-damage|p1b: Iron Hands|11\/100\n|-unboost|p1b: Iron Hands|spa|1\n|move|p1a: Tyranitar|Heavy Slam|p2a: Flutter Mane\n|-supereffective|p2a: Flutter Mane\n|-enditem|p2a: Flutter Mane|Focus Sash\n|-damage|p2a: Flutter Mane|1\/100\n|move|p2b: Kingambit|Iron Head|p1a: Tyranitar\n|-supereffective|p1a: Tyranitar\n|-damage|p1a: Tyranitar|0 fnt\n|faint|p1a: Tyranitar\n|move|p1b: Iron Hands|Wild Charge|p2b: Kingambit\n|-supereffective|p2b: Kingambit\n|-damage|p2b: Kingambit|0 fnt\n|faint|p2b: Kingambit\n|-damage|p1b: Iron Hands|0 fnt|[from] Recoil\n|faint|p1b: Iron Hands\n|-end|p1b: Iron Hands|Quark Drive|[silent]\n|\n|upkeep\n|\n|t:|1682869123\n|switch|p1a: Palafin|Palafin-Hero, L50, M|100\/100\n|switch|p1b: Amoonguss|Amoonguss, L50, M|88\/100\n|-activate|p1a: Palafin|ability: Zero to Hero\n|turn|7\n|-message|Axel316 forfeited.\n|\n|win|Stonny\n|raw|Stonny's rating: 1292 → 1320<\/strong> (+28 for winning)\n|raw|Axel316's rating: 1332 → 1310<\/strong> (-22 for losing)\n|l|\u2606Axel316\n","uploadtime":1682869132,"views":9,"p1id":"stonny","p2id":"axel316","formatid":"gen9vgc2023regulationc","rating":1310,"private":0,"password":""}