{"id":"gen9vgc2023regulationc-1852327101","p1":"WillieDangerously","p2":"DannoT36","format":"[Gen 9] VGC 2023 Regulation C","log":"|j|\u2606WillieDangerously\n|j|\u2606DannoT36\n|t:|1682544387\n|gametype|doubles\n|player|p1|WillieDangerously|psychic-gen4|1361\n|player|p2|DannoT36|ingo|1421\n|teamsize|p1|6\n|teamsize|p2|6\n|gen|9\n|tier|[Gen 9] VGC 2023 Regulation C\n|rated|\n|rule|Species Clause: Limit one of each Pok\u00e9mon\n|rule|Item Clause: Limit one of each item\n|clearpoke\n|poke|p1|Espathra, L50, F|\n|poke|p1|Iron Bundle, L50|\n|poke|p1|Iron Valiant, L50|\n|poke|p1|Salamence, L50, F|\n|poke|p1|Scizor, L50, F|\n|poke|p1|Sandy Shocks, L50|\n|poke|p2|Ting-Lu, L50|\n|poke|p2|Corviknight, L50, M|\n|poke|p2|Iron Hands, L50|\n|poke|p2|Chi-Yu, L50|\n|poke|p2|Rotom-Wash, L50|\n|poke|p2|Volcarona, L50, F|\n|teampreview|4\n|inactive|Battle timer is ON: inactive players will automatically lose when time's up. (requested by DannoT36)\n|inactive|WillieDangerously has 60 seconds left.\n|inactive|DannoT36 has 60 seconds left.\n|inactive|WillieDangerously has 30 seconds left.\n|\n|t:|1682544449\n|start\n|switch|p1a: Sandy Shocks|Sandy Shocks, L50|100\/100\n|switch|p1b: Espathra|Espathra, L50, F|100\/100\n|switch|p2a: Volcarona|Volcarona, L50, F|100\/100\n|switch|p2b: Super Hans|Iron Hands, L50|100\/100\n|-enditem|p1a: Sandy Shocks|Booster Energy\n|-activate|p1a: Sandy Shocks|ability: Protosynthesis|[fromitem]\n|-start|p1a: Sandy Shocks|protosynthesisspe\n|turn|1\n|l|\u2606DannoT36\n|inactive|DannoT36 disconnected and has a minute to reconnect!\n|player|p2|\n|j|\u2606DannoT36\n|inactive|DannoT36 reconnected and has 45 seconds left.\n|player|p2|DannoT36|ingo\n|\n|t:|1682544470\n|-terastallize|p1a: Sandy Shocks|Ghost\n|move|p1b: Espathra|Protect|p1b: Espathra\n|-singleturn|p1b: Espathra|Protect\n|move|p2b: Super Hans|Fake Out|p1b: Espathra\n|-activate|p1b: Espathra|move: Protect\n|move|p1a: Sandy Shocks|Gravity|p1a: Sandy Shocks\n|-fieldstart|move: Gravity\n|move|p2a: Volcarona|Quiver Dance|p2a: Volcarona\n|-boost|p2a: Volcarona|spa|1\n|-boost|p2a: Volcarona|spd|1\n|-boost|p2a: Volcarona|spe|1\n|\n|-ability|p1b: Espathra|Speed Boost|boost\n|-boost|p1b: Espathra|spe|1\n|upkeep\n|turn|2\n|inactive|DannoT36 has 30 seconds left.\n|\n|t:|1682544503\n|move|p1b: Espathra|Hypnosis|p2a: Volcarona\n|-status|p2a: Volcarona|slp|[from] move: Hypnosis\n|move|p1a: Sandy Shocks|Earth Power|p2b: Super Hans\n|-supereffective|p2b: Super Hans\n|-damage|p2b: Super Hans|40\/100\n|-unboost|p2b: Super Hans|spd|1\n|cant|p2a: Volcarona|slp\n|move|p2b: Super Hans|Wild Charge|p1b: Espathra\n|-damage|p1b: Espathra|32\/100\n|-damage|p2b: Super Hans|27\/100|[from] Recoil\n|\n|-ability|p1b: Espathra|Speed Boost|boost\n|-boost|p1b: Espathra|spe|1\n|upkeep\n|turn|3\n|inactive|WillieDangerously has 30 seconds left.\n|\n|t:|1682544530\n|-end|p2b: Super Hans|Quark Drive|[silent]\n|switch|p2b: Ting-Lu|Ting-Lu, L50|100\/100\n|-ability|p2b: Ting-Lu|Vessel of Ruin\n|cant|p2a: Volcarona|slp\n|move|p1b: Espathra|Lumina Crash|p2a: Volcarona\n|-damage|p2a: Volcarona|85\/100 slp\n|move|p1a: Sandy Shocks|Earth Power|p2b: Ting-Lu\n|-damage|p2b: Ting-Lu|87\/100\n|\n|-ability|p1b: Espathra|Speed Boost|boost\n|-boost|p1b: Espathra|spe|1\n|upkeep\n|turn|4\n|inactive|WillieDangerously has 30 seconds left.\n|inactive|DannoT36 has 30 seconds left.\n|inactive|WillieDangerously has 20 seconds left.\n|inactive|DannoT36 has 20 seconds left.\n|inactive|WillieDangerously has 15 seconds left.\n|inactive|DannoT36 has 15 seconds left.\n|\n|t:|1682544573\n|-terastallize|p2a: Volcarona|Grass\n|move|p1b: Espathra|Hypnosis|p2b: Ting-Lu\n|-status|p2b: Ting-Lu|slp|[from] move: Hypnosis\n|move|p1a: Sandy Shocks|Thunder|p2a: Volcarona\n|-resisted|p2a: Volcarona\n|-damage|p2a: Volcarona|73\/100 slp\n|cant|p2a: Volcarona|slp\n|cant|p2b: Ting-Lu|slp\n|\n|-ability|p1b: Espathra|Speed Boost|boost\n|-boost|p1b: Espathra|spe|1\n|upkeep\n|turn|5\n|\n|t:|1682544597\n|move|p1b: Espathra|Protect|p1b: Espathra\n|-singleturn|p1b: Espathra|Protect\n|move|p1a: Sandy Shocks|Protect|p1a: Sandy Shocks\n|-singleturn|p1a: Sandy Shocks|Protect\n|-curestatus|p2a: Volcarona|slp|[msg]\n|move|p2a: Volcarona|Giga Drain|p1a: Sandy Shocks\n|-activate|p1a: Sandy Shocks|move: Protect\n|cant|p2b: Ting-Lu|slp\n|\n|-fieldend|move: Gravity\n|-ability|p1b: Espathra|Speed Boost|boost\n|-boost|p1b: Espathra|spe|1\n|upkeep\n|turn|6\n|\n|t:|1682544616\n|move|p2a: Volcarona|Protect|p2a: Volcarona\n|-singleturn|p2a: Volcarona|Protect\n|move|p1b: Espathra|Hypnosis|p2a: Volcarona\n|-activate|p2a: Volcarona|move: Protect\n|move|p1a: Sandy Shocks|Gravity|p1a: Sandy Shocks\n|-fieldstart|move: Gravity\n|cant|p2b: Ting-Lu|slp\n|\n|-ability|p1b: Espathra|Speed Boost|boost\n|-boost|p1b: Espathra|spe|1\n|upkeep\n|turn|7\n|inactive|WillieDangerously has 30 seconds left.\n|\n|t:|1682544649\n|-end|p1a: Sandy Shocks|Protosynthesis|[silent]\n|switch|p1a: Salamence|Salamence, L50, F|100\/100\n|move|p1b: Espathra|Hypnosis|p2a: Volcarona\n|-status|p2a: Volcarona|slp|[from] move: Hypnosis\n|cant|p2a: Volcarona|slp\n|-curestatus|p2b: Ting-Lu|slp|[msg]\n|move|p2b: Ting-Lu|Rock Slide|p1a: Salamence|[spread] p1a,p1b\n|-supereffective|p1a: Salamence\n|-crit|p1a: Salamence\n|-damage|p1a: Salamence|33\/100\n|-damage|p1b: Espathra|7\/100\n|\n|upkeep\n|turn|8\n|\n|t:|1682544668\n|move|p1b: Espathra|Hypnosis|p2b: Ting-Lu\n|-status|p2b: Ting-Lu|slp|[from] move: Hypnosis\n|move|p1a: Salamence|Dragon Rush|p2a: Volcarona\n|-damage|p2a: Volcarona|0 fnt\n|faint|p2a: Volcarona\n|-ability|p1a: Salamence|Moxie|boost\n|-boost|p1a: Salamence|atk|1\n|cant|p2b: Ting-Lu|slp\n|\n|upkeep\n|\n|t:|1682544684\n|switch|p2a: Super Hans|Iron Hands, L50|27\/100\n|turn|9\n|\n|t:|1682544691\n|move|p2a: Super Hans|Fake Out|p1a: Salamence\n|-damage|p1a: Salamence|14\/100\n|move|p1b: Espathra|Lumina Crash|p2a: Super Hans\n|-supereffective|p2a: Super Hans\n|-damage|p2a: Super Hans|0 fnt\n|faint|p2a: Super Hans\n|-end|p2a: Super Hans|Quark Drive|[silent]\n|cant|p1a: Salamence|flinch\n|cant|p2b: Ting-Lu|slp\n|\n|upkeep\n|\n|t:|1682544703\n|switch|p2a: Washi Sunak|Rotom-Wash, L50|100\/100\n|turn|10\n|\n|t:|1682544714\n|move|p1b: Espathra|Hypnosis|p2a: Washi Sunak\n|-status|p2a: Washi Sunak|slp|[from] move: Hypnosis\n|move|p1a: Salamence|Dragon Rush|p2b: Ting-Lu\n|-damage|p2b: Ting-Lu|37\/100 slp\n|cant|p2a: Washi Sunak|slp\n|cant|p2b: Ting-Lu|slp\n|\n|-fieldend|move: Gravity\n|upkeep\n|turn|11\n|\n|t:|1682544730\n|move|p1b: Espathra|Lumina Crash|p2a: Washi Sunak\n|-damage|p2a: Washi Sunak|77\/100 slp\n|-unboost|p2a: Washi Sunak|spd|2\n|move|p1a: Salamence|Dragon Rush|p2b: Ting-Lu\n|-damage|p2b: Ting-Lu|0 fnt\n|faint|p2b: Ting-Lu\n|-ability|p1a: Salamence|Moxie|boost\n|-boost|p1a: Salamence|atk|1\n|-curestatus|p2a: Washi Sunak|slp|[msg]\n|move|p2a: Washi Sunak|Thunderbolt|p1a: Salamence\n|-damage|p1a: Salamence|0 fnt\n|faint|p1a: Salamence\n|\n|upkeep\n|\n|t:|1682544739\n|switch|p1a: Sandy Shocks|Sandy Shocks, L50, tera:Ghost|100\/100\n|turn|12\n|c|\u2606DannoT36|Wow what cringe\n|\n|t:|1682544754\n|move|p1b: Espathra|Lumina Crash|p2a: Washi Sunak\n|-damage|p2a: Washi Sunak|10\/100\n|-unboost|p2a: Washi Sunak|spd|2\n|-enditem|p2a: Washi Sunak|Sitrus Berry|[eat]\n|-heal|p2a: Washi Sunak|35\/100|[from] item: Sitrus Berry\n|move|p1a: Sandy Shocks|Gravity|p1a: Sandy Shocks\n|-fieldstart|move: Gravity\n|move|p2a: Washi Sunak|Hydro Pump|p1a: Sandy Shocks\n|-damage|p1a: Sandy Shocks|40\/100\n|\n|upkeep\n|turn|13\n|\n|t:|1682544771\n|move|p1b: Espathra|Lumina Crash|p2a: Washi Sunak\n|-damage|p2a: Washi Sunak|0 fnt\n|faint|p2a: Washi Sunak\n|\n|win|WillieDangerously\n|raw|WillieDangerously's rating: 1361 → 1384<\/strong> (+23 for winning)\n|raw|DannoT36's rating: 1421 → 1398<\/strong> (-23 for losing)\n","uploadtime":1682544778,"views":9,"p1id":"williedangerously","p2id":"dannot36","formatid":"gen9vgc2023regulationc","rating":1384,"private":0,"password":""}