{"id":"gen9vgc2023regulationc-1854862184","p1":"Jayco_TV","p2":"Betty23333","format":"[Gen 9] VGC 2023 Regulation C","log":"|j|\u2606Jayco_TV\n|j|\u2606Betty23333\n|t:|1682874480\n|gametype|doubles\n|player|p1|Jayco_TV|brycenman|1017\n|player|p2|Betty23333|lass-gen4dp|1026\n|teamsize|p1|6\n|teamsize|p2|6\n|gen|9\n|tier|[Gen 9] VGC 2023 Regulation C\n|rated|\n|rule|Species Clause: Limit one of each Pok\u00e9mon\n|rule|Item Clause: Limit one of each item\n|clearpoke\n|poke|p1|Armarouge, L50, M|\n|poke|p1|Squawkabilly-Blue, L50, M|\n|poke|p1|Indeedee-F, L50, F|\n|poke|p1|Ting-Lu, L50|\n|poke|p1|Amoonguss, L50, M|\n|poke|p1|Farigiraf, L50, M|\n|poke|p2|Amoonguss, L50, F|\n|poke|p2|Vaporeon, L50, M|\n|poke|p2|Espeon, L50, M|\n|poke|p2|Oranguru, L50, F|\n|poke|p2|Cloyster, L50, M|\n|poke|p2|Quaquaval, L50, F|\n|teampreview|4\n|\n|t:|1682874498\n|start\n|switch|p1a: Armarouge|Armarouge, L50, M|100\/100\n|switch|p1b: Squawkabilly|Squawkabilly-Blue, L50, M|100\/100\n|switch|p2a: Cloyster|Cloyster, L50, M|100\/100\n|switch|p2b: Oranguru|Oranguru, L50, F|100\/100\n|-ability|p1b: Squawkabilly|Intimidate|boost\n|-unboost|p2a: Cloyster|atk|1\n|-unboost|p2b: Oranguru|atk|1\n|turn|1\n|\n|t:|1682874532\n|-terastallize|p1a: Armarouge|Dark\n|-terastallize|p2a: Cloyster|Water\n|move|p1b: Squawkabilly|U-turn|p1a: Armarouge\n|-supereffective|p1a: Armarouge\n|-damage|p1a: Armarouge|68\/100\n|-ability|p1a: Armarouge|Weak Armor|boost\n|-unboost|p1a: Armarouge|def|1\n|-boost|p1a: Armarouge|spe|2\n|-enditem|p1a: Armarouge|Weakness Policy\n|-boost|p1a: Armarouge|atk|2|[from] item: Weakness Policy\n|-boost|p1a: Armarouge|spa|2|[from] item: Weakness Policy\n|\n|t:|1682874541\n|switch|p1b: Indeedee|Indeedee-F, L50, F|100\/100|[from] U-turn\n|-fieldstart|move: Psychic Terrain|[from] ability: Psychic Surge|[of] p1b: Indeedee\n|-enditem|p2b: Oranguru|Psychic Seed\n|-boost|p2b: Oranguru|spd|1|[from] item: Psychic Seed\n|move|p1a: Armarouge|Expanding Force|p2a: Cloyster|[spread] p2a,p2b\n|-resisted|p2b: Oranguru\n|-damage|p2a: Cloyster|0 fnt\n|-damage|p2b: Oranguru|75\/100\n|faint|p2a: Cloyster\n|move|p2b: Oranguru|Instruct|p2: Cloyster|[notarget]\n|-fail|p2b: Oranguru\n|\n|upkeep\n|\n|t:|1682874557\n|switch|p2a: \u6253\u6d17\u4f60|Quaquaval, L50, F|100\/100\n|turn|2\n|\n|t:|1682874569\n|move|p1b: Indeedee|Follow Me|p1b: Indeedee\n|-singleturn|p1b: Indeedee|move: Follow Me\n|move|p1a: Armarouge|Expanding Force|p2b: Oranguru|[spread] p2a,p2b\n|-supereffective|p2a: \u6253\u6d17\u4f60\n|-resisted|p2b: Oranguru\n|-damage|p2a: \u6253\u6d17\u4f60|0 fnt\n|-damage|p2b: Oranguru|49\/100\n|faint|p2a: \u6253\u6d17\u4f60\n|move|p2b: Oranguru|Instruct|p1b: Indeedee\n|-singleturn|p1b: Indeedee|move: Instruct|[of] p2b: Oranguru\n|move|p1b: Indeedee|Follow Me||[still]\n|-fail|p1b: Indeedee\n|\n|upkeep\n|\n|t:|1682874575\n|switch|p2a: \u4e3b\u89d2|Espeon, L50, M|100\/100\n|turn|3\n|\n|t:|1682874589\n|move|p2b: Oranguru|Protect|p2b: Oranguru\n|-singleturn|p2b: Oranguru|Protect\n|move|p1a: Armarouge|Expanding Force|p2a: \u4e3b\u89d2|[spread] p2a\n|-activate|p2b: Oranguru|move: Protect\n|-resisted|p2a: \u4e3b\u89d2\n|-damage|p2a: \u4e3b\u89d2|26\/100\n|move|p2a: \u4e3b\u89d2|Dazzling Gleam|p1b: Indeedee|[spread] p1a,p1b\n|-supereffective|p1a: Armarouge\n|-damage|p1a: Armarouge|0 fnt\n|-damage|p1b: Indeedee|78\/100\n|faint|p1a: Armarouge\n|-damage|p2a: \u4e3b\u89d2|16\/100|[from] item: Life Orb\n|move|p1b: Indeedee|Heal Pulse|p1: Armarouge|[notarget]\n|-fail|p1b: Indeedee\n|\n|upkeep\n|\n|t:|1682874611\n|switch|p1a: Squawkabilly|Squawkabilly-Blue, L50, M|100\/100\n|-ability|p1a: Squawkabilly|Intimidate|boost\n|-unboost|p2a: \u4e3b\u89d2|atk|1\n|-unboost|p2b: Oranguru|atk|1\n|turn|4\n|\n|t:|1682874643\n|move|p1b: Indeedee|Follow Me|p1b: Indeedee\n|-singleturn|p1b: Indeedee|move: Follow Me\n|move|p2a: \u4e3b\u89d2|Calm Mind|p2a: \u4e3b\u89d2\n|-boost|p2a: \u4e3b\u89d2|spa|1\n|-boost|p2a: \u4e3b\u89d2|spd|1\n|move|p1a: Squawkabilly|U-turn|p2a: \u4e3b\u89d2\n|-supereffective|p2a: \u4e3b\u89d2\n|-damage|p2a: \u4e3b\u89d2|0 fnt\n|faint|p2a: \u4e3b\u89d2\n|\n|t:|1682874653\n|switch|p1a: Ting-Lu|Ting-Lu, L50|100\/100|[from] U-turn\n|-ability|p1a: Ting-Lu|Vessel of Ruin\n|move|p2b: Oranguru|Instruct|p1b: Indeedee\n|-singleturn|p1b: Indeedee|move: Instruct|[of] p2b: Oranguru\n|move|p1b: Indeedee|Follow Me||[still]\n|-fail|p1b: Indeedee\n|\n|upkeep\n|turn|5\n|\n|t:|1682874668\n|move|p1b: Indeedee|Heal Pulse|p1a: Ting-Lu\n|-fail|p1a: Ting-Lu|heal\n|move|p2b: Oranguru|Yawn|p1b: Indeedee\n|-start|p1b: Indeedee|move: Yawn|[of] p2b: Oranguru\n|move|p1a: Ting-Lu|Fissure|p2b: Oranguru\n|-damage|p2b: Oranguru|0 fnt\n|faint|p2b: Oranguru\n|-ohko\n|\n|win|Jayco_TV\n|raw|Jayco_TV's rating: 1017 → 1055<\/strong> (+38 for winning)\n|raw|Betty23333's rating: 1026 → 1012<\/strong> (-14 for losing)\n","uploadtime":1682874678,"views":9,"p1id":"jaycotv","p2id":"betty23333","formatid":"gen9vgc2023regulationc","rating":1012,"private":0,"password":""}