{"id":"gen9vgc2023regulationc-1856450144","p1":"Yuhunglo","p2":"Pink_SSB","format":"[Gen 9] VGC 2023 Regulation C","log":"|j|\u2606Yuhunglo\n|j|\u2606Pink_SSB\n|t:|1683062815\n|gametype|doubles\n|player|p1|Yuhunglo|hilbert|1241\n|player|p2|Pink_SSB|169|1197\n|teamsize|p1|6\n|teamsize|p2|6\n|gen|9\n|tier|[Gen 9] VGC 2023 Regulation C\n|rated|\n|rule|Species Clause: Limit one of each Pok\u00e9mon\n|rule|Item Clause: Limit one of each item\n|clearpoke\n|poke|p1|Torkoal, L50, M|\n|poke|p1|Lilligant, L50, F|\n|poke|p1|Indeedee-F, L50, F|\n|poke|p1|Hatterene, L50, F|\n|poke|p1|Flutter Mane, L50|\n|poke|p1|Iron Hands, L50|\n|poke|p2|Palafin, L50, M|\n|poke|p2|Amoonguss, L50, M|\n|poke|p2|Arcanine, L50, F|\n|poke|p2|Ting-Lu, L50|\n|poke|p2|Flutter Mane, L50|\n|poke|p2|Baxcalibur, L50, M|\n|teampreview|4\n|inactive|Battle timer is ON: inactive players will automatically lose when time's up. (requested by Yuhunglo)\n|inactive|Pink_SSB has 60 seconds left.\n|\n|t:|1683062849\n|start\n|switch|p1a: Iron Hands|Iron Hands, L50|100\/100\n|switch|p1b: Hatterene|Hatterene, L50, F|100\/100\n|switch|p2a: Ting-Lu|Ting-Lu, L50|100\/100\n|switch|p2b: Amoonguss|Amoonguss, L50, M|100\/100\n|-ability|p2a: Ting-Lu|Vessel of Ruin\n|-enditem|p1a: Iron Hands|Booster Energy\n|-activate|p1a: Iron Hands|ability: Quark Drive|[fromitem]\n|-start|p1a: Iron Hands|quarkdriveatk\n|turn|1\n|\n|t:|1683062863\n|move|p2b: Amoonguss|Protect|p2b: Amoonguss\n|-singleturn|p2b: Amoonguss|Protect\n|move|p1a: Iron Hands|Fake Out|p2b: Amoonguss\n|-activate|p2b: Amoonguss|move: Protect\n|move|p2a: Ting-Lu|Fissure|p1a: Iron Hands|[miss]\n|-miss|p2a: Ting-Lu|p1a: Iron Hands\n|move|p1b: Hatterene|Trick Room|p1b: Hatterene\n|-fieldstart|move: Trick Room|[of] p1b: Hatterene\n|\n|upkeep\n|turn|2\n|\n|t:|1683062882\n|move|p1b: Hatterene|Psychic|p2b: Amoonguss\n|-supereffective|p2b: Amoonguss\n|-damage|p2b: Amoonguss|18\/100\n|-enditem|p2b: Amoonguss|Sitrus Berry|[eat]\n|-heal|p2b: Amoonguss|43\/100|[from] item: Sitrus Berry\n|-damage|p1b: Hatterene|91\/100|[from] item: Life Orb\n|move|p2b: Amoonguss|Spore|p1a: Iron Hands\n|-status|p1a: Iron Hands|slp|[from] move: Spore\n|cant|p1a: Iron Hands|slp\n|move|p2a: Ting-Lu|Stomping Tantrum|p1a: Iron Hands\n|-supereffective|p1a: Iron Hands\n|-damage|p1a: Iron Hands|0 fnt\n|faint|p1a: Iron Hands\n|-end|p1a: Iron Hands|Quark Drive|[silent]\n|\n|upkeep\n|\n|t:|1683062893\n|switch|p1a: Torkoal|Torkoal, L50, M|100\/100\n|-weather|SunnyDay|[from] ability: Drought|[of] p1a: Torkoal\n|turn|3\n|\n|t:|1683062905\n|-terastallize|p1a: Torkoal|Fire\n|move|p2b: Amoonguss|Protect|p2b: Amoonguss\n|-singleturn|p2b: Amoonguss|Protect\n|move|p1a: Torkoal|Eruption|p2a: Ting-Lu|[spread] p2a\n|-activate|p2b: Amoonguss|move: Protect\n|-damage|p2a: Ting-Lu|60\/100\n|move|p1b: Hatterene|Dazzling Gleam|p2b: Amoonguss|[spread] p2a\n|-activate|p2b: Amoonguss|move: Protect\n|-supereffective|p2a: Ting-Lu\n|-damage|p2a: Ting-Lu|30\/100\n|-damage|p1b: Hatterene|81\/100|[from] item: Life Orb\n|move|p2a: Ting-Lu|Ruination|p1a: Torkoal\n|-damage|p1a: Torkoal|51\/100\n|\n|-weather|SunnyDay|[upkeep]\n|upkeep\n|turn|4\n|\n|t:|1683062927\n|switch|p2b: Baxcalibur|Baxcalibur, L50, M|100\/100\n|move|p1a: Torkoal|Eruption|p2b: Baxcalibur|[spread] p2a,p2b\n|-damage|p2a: Ting-Lu|8\/100\n|-damage|p2b: Baxcalibur|63\/100\n|-ability|p2b: Baxcalibur|Thermal Exchange|boost\n|-boost|p2b: Baxcalibur|atk|1\n|move|p1b: Hatterene|Dazzling Gleam|p2b: Baxcalibur|[spread] p2a,p2b\n|-supereffective|p2a: Ting-Lu\n|-supereffective|p2b: Baxcalibur\n|-damage|p2a: Ting-Lu|0 fnt\n|-damage|p2b: Baxcalibur|2\/100\n|faint|p2a: Ting-Lu\n|-damage|p1b: Hatterene|71\/100|[from] item: Life Orb\n|\n|-weather|SunnyDay|[upkeep]\n|upkeep\n|\n|t:|1683062933\n|switch|p2a: Amoonguss|Amoonguss, L50, M|76\/100\n|turn|5\n|\n|t:|1683062952\n|switch|p1a: Flutter Mane|Flutter Mane, L50|100\/100\n|-activate|p1a: Flutter Mane|ability: Protosynthesis\n|-start|p1a: Flutter Mane|protosynthesisspe\n|move|p2a: Amoonguss|Protect|p2a: Amoonguss\n|-singleturn|p2a: Amoonguss|Protect\n|move|p2b: Baxcalibur|Protect|p2b: Baxcalibur\n|-singleturn|p2b: Baxcalibur|Protect\n|move|p1b: Hatterene|Psychic|p2a: Amoonguss\n|-activate|p2a: Amoonguss|move: Protect\n|\n|-weather|SunnyDay|[upkeep]\n|-fieldend|move: Trick Room\n|upkeep\n|turn|6\n|\n|t:|1683062970\n|move|p2a: Amoonguss|Rage Powder|p2a: Amoonguss\n|-singleturn|p2a: Amoonguss|move: Rage Powder\n|move|p2b: Baxcalibur|Ice Shard|p1a: Flutter Mane\n|-damage|p1a: Flutter Mane|23\/100\n|move|p1a: Flutter Mane|Dazzling Gleam|p2b: Baxcalibur|[spread] p2a,p2b\n|-resisted|p2a: Amoonguss\n|-supereffective|p2b: Baxcalibur\n|-damage|p2a: Amoonguss|58\/100\n|-damage|p2b: Baxcalibur|0 fnt\n|faint|p2b: Baxcalibur\n|move|p1b: Hatterene|Trick Room|p1b: Hatterene\n|-fieldstart|move: Trick Room|[of] p1b: Hatterene\n|\n|-weather|SunnyDay|[upkeep]\n|upkeep\n|\n|t:|1683062974\n|switch|p2b: Flutter Mane|Flutter Mane, L50|100\/100\n|-activate|p2b: Flutter Mane|ability: Protosynthesis\n|-start|p2b: Flutter Mane|protosynthesisspe\n|turn|7\n|\n|t:|1683062990\n|-terastallize|p2b: Flutter Mane|Fairy\n|move|p1b: Hatterene|Protect|p1b: Hatterene\n|-singleturn|p1b: Hatterene|Protect\n|move|p2a: Amoonguss|Protect|p2a: Amoonguss\n|-singleturn|p2a: Amoonguss|Protect\n|move|p2b: Flutter Mane|Shadow Ball|p1b: Hatterene\n|-activate|p1b: Hatterene|move: Protect\n|move|p1a: Flutter Mane|Dazzling Gleam|p2b: Flutter Mane|[spread] p2b\n|-activate|p2a: Amoonguss|move: Protect\n|-damage|p2b: Flutter Mane|52\/100\n|\n|-weather|none\n|-end|p2b: Flutter Mane|Protosynthesis\n|-end|p1a: Flutter Mane|Protosynthesis\n|upkeep\n|-enditem|p2b: Flutter Mane|Booster Energy\n|-activate|p2b: Flutter Mane|ability: Protosynthesis|[fromitem]\n|-start|p2b: Flutter Mane|protosynthesisspe\n|turn|8\n|\n|t:|1683063003\n|move|p1b: Hatterene|Psychic|p2a: Amoonguss\n|-supereffective|p2a: Amoonguss\n|-damage|p2a: Amoonguss|0 fnt\n|faint|p2a: Amoonguss\n|-damage|p1b: Hatterene|61\/100|[from] item: Life Orb\n|move|p1a: Flutter Mane|Dazzling Gleam|p2b: Flutter Mane\n|-damage|p2b: Flutter Mane|0 fnt\n|faint|p2b: Flutter Mane\n|-end|p2b: Flutter Mane|Protosynthesis|[silent]\n|\n|win|Yuhunglo\n|raw|Yuhunglo's rating: 1241 → 1263<\/strong> (+22 for winning)\n|raw|Pink_SSB's rating: 1197 → 1175<\/strong> (-22 for losing)\n|l|\u2606Pink_SSB\n","uploadtime":1683063021,"views":11,"p1id":"yuhunglo","p2id":"pinkssb","formatid":"gen9vgc2023regulationc","rating":1175,"private":0,"password":""}