{"id":"gen9vgc2023regulationc-1852351284","p1":"SaburuSem","p2":"MrNeilMcPotato","format":"[Gen 9] VGC 2023 Regulation C","log":"|j|\u2606SaburuSem\n|j|\u2606MrNeilMcPotato\n|t:|1682547074\n|gametype|doubles\n|player|p1|SaburuSem|265|1342\n|player|p2|MrNeilMcPotato|harlequin|1252\n|teamsize|p1|6\n|teamsize|p2|6\n|gen|9\n|tier|[Gen 9] VGC 2023 Regulation C\n|rated|\n|rule|Species Clause: Limit one of each Pok\u00e9mon\n|rule|Item Clause: Limit one of each item\n|clearpoke\n|poke|p1|Orthworm, L50, F|\n|poke|p1|Gyarados, L50, M|\n|poke|p1|Chi-Yu, L50|\n|poke|p1|Iron Bundle, L50|\n|poke|p1|Corviknight, L50, M|\n|poke|p1|Ting-Lu, L50|\n|poke|p2|Wo-Chien, L50|\n|poke|p2|Glimmora, L50, F|\n|poke|p2|Gyarados, L50, F|\n|poke|p2|Rotom-Heat, L50|\n|poke|p2|Flutter Mane, L50|\n|poke|p2|Garchomp, L50, F|\n|teampreview|4\n|inactive|Battle timer is ON: inactive players will automatically lose when time's up. (requested by MrNeilMcPotato)\n|inactive|MrNeilMcPotato has 60 seconds left.\n|\n|t:|1682547174\n|start\n|switch|p1a: Iron Bundle|Iron Bundle, L50|100\/100\n|switch|p1b: Orthworm|Orthworm, L50, F|100\/100\n|switch|p2a: Glimmora|Glimmora, L50, F|100\/100\n|switch|p2b: Gyarados|Gyarados, L50, F|100\/100\n|-ability|p2b: Gyarados|Intimidate|boost\n|-unboost|p1a: Iron Bundle|atk|1\n|-unboost|p1b: Orthworm|atk|1\n|-enditem|p1a: Iron Bundle|Booster Energy\n|-activate|p1a: Iron Bundle|ability: Quark Drive|[fromitem]\n|-start|p1a: Iron Bundle|quarkdrivespe\n|turn|1\n|inactive|SaburuSem has 30 seconds left.\n|inactive|MrNeilMcPotato has 30 seconds left.\n|inactive|MrNeilMcPotato has 20 seconds left.\n|inactive|MrNeilMcPotato has 15 seconds left.\n|\n|t:|1682547215\n|move|p1a: Iron Bundle|Freeze-Dry|p2b: Gyarados\n|-supereffective|p2b: Gyarados\n|-damage|p2b: Gyarados|5\/100\n|move|p2a: Glimmora|Power Gem|p1a: Iron Bundle\n|-supereffective|p1a: Iron Bundle\n|-damage|p1a: Iron Bundle|0 fnt\n|faint|p1a: Iron Bundle\n|-end|p1a: Iron Bundle|Quark Drive|[silent]\n|move|p2b: Gyarados|Taunt|p1b: Orthworm\n|-start|p1b: Orthworm|move: Taunt\n|cant|p1b: Orthworm|move: Taunt|Shed Tail\n|\n|upkeep\n|\n|t:|1682547224\n|switch|p1a: Ting-Lu|Ting-Lu, L50|100\/100\n|-ability|p1a: Ting-Lu|Vessel of Ruin\n|turn|2\n|\n|t:|1682547237\n|move|p2a: Glimmora|Mortal Spin|p1a: Ting-Lu|[spread] p1a\n|-immune|p1b: Orthworm\n|-resisted|p1a: Ting-Lu\n|-damage|p1a: Ting-Lu|99\/100\n|-status|p1a: Ting-Lu|psn\n|move|p2b: Gyarados|Thunder Wave|p1b: Orthworm\n|-status|p1b: Orthworm|par\n|move|p1a: Ting-Lu|Earthquake|p2a: Glimmora|[spread] p2a\n|-immune|p1b: Orthworm|[from] ability: Earth Eater\n|-immune|p2b: Gyarados\n|-supereffective|p2a: Glimmora\n|-crit|p2a: Glimmora\n|-damage|p2a: Glimmora|0 fnt\n|-activate|p2a: Glimmora|ability: Toxic Debris\n|-sidestart|p1: SaburuSem|move: Toxic Spikes\n|faint|p2a: Glimmora\n|move|p1b: Orthworm|Body Press|p2b: Gyarados\n|-resisted|p2b: Gyarados\n|-damage|p2b: Gyarados|0 fnt\n|faint|p2b: Gyarados\n|\n|-damage|p1a: Ting-Lu|87\/100 psn|[from] psn\n|upkeep\n|inactive|MrNeilMcPotato has 30 seconds left.\n|\n|t:|1682547262\n|switch|p2a: Wo-Chien|Wo-Chien, L50|100\/100\n|switch|p2b: Rotom|Rotom-Heat, L50|100\/100\n|-ability|p2a: Wo-Chien|Tablets of Ruin\n|turn|3\n|inactive|MrNeilMcPotato has 30 seconds left.\n|inactive|MrNeilMcPotato has 20 seconds left.\n|\n|t:|1682547300\n|switch|p1a: Corviknight|Corviknight, L50, M|100\/100\n|-terastallize|p1b: Orthworm|Fire\n|move|p2b: Rotom|Thunderbolt|p1b: Orthworm\n|-damage|p1b: Orthworm|58\/100 par\n|move|p2a: Wo-Chien|Leech Seed|p1a: Corviknight\n|-start|p1a: Corviknight|move: Leech Seed\n|move|p1b: Orthworm|Body Press|p2b: Rotom\n|-damage|p2b: Rotom|79\/100\n|\n|-damage|p1a: Corviknight|88\/100|[from] Leech Seed|[of] p2a: Wo-Chien\n|-end|p1b: Orthworm|move: Taunt\n|upkeep\n|turn|4\n|inactive|MrNeilMcPotato has 30 seconds left.\n|\n|t:|1682547331\n|-terastallize|p2b: Rotom|Electric\n|move|p2b: Rotom|Thunderbolt|p1b: Orthworm\n|-damage|p1b: Orthworm|0 fnt\n|faint|p1b: Orthworm\n|move|p1a: Corviknight|Tailwind|p1a: Corviknight\n|-sidestart|p1: SaburuSem|move: Tailwind\n|move|p2a: Wo-Chien|Leech Seed||[still]\n|-fail|p2a: Wo-Chien\n|\n|-damage|p1a: Corviknight|76\/100|[from] Leech Seed|[of] p2a: Wo-Chien\n|upkeep\n|\n|t:|1682547339\n|switch|p1b: Ting-Lu|Ting-Lu, L50|87\/100 psn\n|-ability|p1b: Ting-Lu|Vessel of Ruin\n|turn|5\n|\n|t:|1682547353\n|move|p1a: Corviknight|Brave Bird|p2b: Rotom\n|-resisted|p2b: Rotom\n|-damage|p2b: Rotom|60\/100\n|-damage|p1a: Corviknight|71\/100|[from] Recoil\n|move|p1b: Ting-Lu|Throat Chop|p2b: Rotom\n|-damage|p2b: Rotom|15\/100\n|-start|p2b: Rotom|Throat Chop|[silent]\n|-enditem|p2b: Rotom|Sitrus Berry|[eat]\n|-heal|p2b: Rotom|40\/100|[from] item: Sitrus Berry\n|move|p2b: Rotom|Thunderbolt|p1a: Corviknight\n|-supereffective|p1a: Corviknight\n|-crit|p1a: Corviknight\n|-damage|p1a: Corviknight|0 fnt\n|faint|p1a: Corviknight\n|move|p2a: Wo-Chien|Leech Seed|p1b: Ting-Lu\n|-start|p1b: Ting-Lu|move: Leech Seed\n|\n|-damage|p1b: Ting-Lu|75\/100 psn|[from] Leech Seed|[of] p2a: Wo-Chien\n|-damage|p1b: Ting-Lu|63\/100 psn|[from] psn\n|upkeep\n|turn|6\n|\n|t:|1682547370\n|move|p2b: Rotom|Protect|p2b: Rotom\n|-singleturn|p2b: Rotom|Protect\n|move|p1b: Ting-Lu|Throat Chop|p2a: Wo-Chien\n|-resisted|p2a: Wo-Chien\n|-damage|p2a: Wo-Chien|86\/100\n|-start|p2a: Wo-Chien|Throat Chop|[silent]\n|move|p2a: Wo-Chien|Giga Drain|p1b: Ting-Lu\n|-supereffective|p1b: Ting-Lu\n|-damage|p1b: Ting-Lu|33\/100 psn\n|-heal|p2a: Wo-Chien|100\/100|[from] drain|[of] p1b: Ting-Lu\n|\n|-damage|p1b: Ting-Lu|21\/100 psn|[from] Leech Seed|[of] p2a: Wo-Chien\n|-damage|p1b: Ting-Lu|9\/100 psn|[from] psn\n|-end|p2b: Rotom|Throat Chop|[silent]\n|upkeep\n|turn|7\n|-message|SaburuSem forfeited.\n|\n|win|MrNeilMcPotato\n|raw|SaburuSem's rating: 1342 → 1317<\/strong> (-25 for losing)\n|raw|MrNeilMcPotato's rating: 1252 → 1283<\/strong> (+31 for winning)\n|l|\u2606SaburuSem\n","uploadtime":1682547387,"views":14,"p1id":"saburusem","p2id":"mrneilmcpotato","formatid":"gen9vgc2023regulationc","rating":1283,"private":0,"password":""}