{"id":"gen9vgc2023regulationc-1854252907","p1":"Turnips-suck","p2":"LordGig","format":"[Gen 9] VGC 2023 Regulation C","log":"|j|\u2606Turnips-suck\n|j|\u2606LordGig\n|t:|1682788900\n|gametype|doubles\n|player|p1|Turnips-suck|elesa|\n|player|p2|LordGig|colress|\n|teamsize|p1|6\n|teamsize|p2|6\n|gen|9\n|tier|[Gen 9] VGC 2023 Regulation C\n|rule|Species Clause: Limit one of each Pok\u00e9mon\n|rule|Item Clause: Limit one of each item\n|clearpoke\n|poke|p1|Flutter Mane, L50|\n|poke|p1|Tauros-Paldea-Blaze, L50, M|\n|poke|p1|Gyarados, L50, M|\n|poke|p1|Ting-Lu, L50|\n|poke|p1|Appletun, L50, F|\n|poke|p1|Pachirisu, L50, M|\n|poke|p2|Cloyster, L50, M|\n|poke|p2|Iron Jugulis, L50|\n|poke|p2|Quaquaval, L50, F|\n|poke|p2|Gholdengo, L50|\n|poke|p2|Donphan, L50, M|\n|poke|p2|Primeape, L50, F|\n|teampreview|4\n|inactive|Battle timer is ON: inactive players will automatically lose when time's up. (requested by Turnips-suck)\n|inactiveoff|Battle timer is now OFF.\n|c|\u2606Turnips-suck|glhf\n|c|\u2606LordGig|same brother\n|\n|t:|1682788931\n|start\n|switch|p1a: One Hit Wonder|Flutter Mane, L50|100\/100\n|switch|p1b: Champ|Pachirisu, L50, M|100\/100\n|switch|p2a: Zuumba Instructor|Quaquaval, L50, F|100\/100\n|switch|p2b: Juggy B (Rapper)|Iron Jugulis, L50|100\/100\n|-enditem|p2b: Juggy B (Rapper)|Booster Energy\n|-activate|p2b: Juggy B (Rapper)|ability: Quark Drive|[fromitem]\n|-start|p2b: Juggy B (Rapper)|quarkdrivespe\n|turn|1\n|\n|t:|1682788993\n|-terastallize|p2b: Juggy B (Rapper)|Steel\n|move|p1b: Champ|Helping Hand|p1a: One Hit Wonder\n|-singleturn|p1a: One Hit Wonder|Helping Hand|[of] p1b: Champ\n|move|p1a: One Hit Wonder|Dazzling Gleam|p2a: Zuumba Instructor|[spread] p2a,p2b\n|-supereffective|p2a: Zuumba Instructor\n|-resisted|p2b: Juggy B (Rapper)\n|-damage|p2a: Zuumba Instructor|0 fnt\n|-damage|p2b: Juggy B (Rapper)|82\/100\n|faint|p2a: Zuumba Instructor\n|move|p2b: Juggy B (Rapper)|Tailwind|p2b: Juggy B (Rapper)\n|-sidestart|p2: LordGig|move: Tailwind\n|\n|upkeep\n|j| FredTs\n|\n|t:|1682789003\n|switch|p2a: Abit Bana Wilkin|Cloyster, L50, M|100\/100\n|turn|2\n|\n|t:|1682789017\n|-end|p1a: One Hit Wonder|Protosynthesis|[silent]\n|switch|p1a: Guillermo|Tauros-Paldea-Blaze, L50, M|100\/100\n|-ability|p1a: Guillermo|Intimidate|boost\n|-unboost|p2a: Abit Bana Wilkin|atk|1\n|-unboost|p2b: Juggy B (Rapper)|atk|1\n|move|p2b: Juggy B (Rapper)|Knock Off|p1a: Guillermo\n|-resisted|p1a: Guillermo\n|-crit|p1a: Guillermo\n|-damage|p1a: Guillermo|79\/100\n|-enditem|p1a: Guillermo|Expert Belt|[from] move: Knock Off|[of] p2b: Juggy B (Rapper)\n|move|p2a: Abit Bana Wilkin|Icicle Spear|p1a: Guillermo\n|-resisted|p1a: Guillermo\n|-damage|p1a: Guillermo|75\/100\n|-resisted|p1a: Guillermo\n|-damage|p1a: Guillermo|71\/100\n|-resisted|p1a: Guillermo\n|-crit|p1a: Guillermo\n|-damage|p1a: Guillermo|62\/100\n|-resisted|p1a: Guillermo\n|-damage|p1a: Guillermo|58\/100\n|-resisted|p1a: Guillermo\n|-damage|p1a: Guillermo|54\/100\n|-hitcount|p1a: Guillermo|5\n|move|p1b: Champ|Nuzzle|p2a: Abit Bana Wilkin\n|-supereffective|p2a: Abit Bana Wilkin\n|-damage|p2a: Abit Bana Wilkin|95\/100\n|-status|p2a: Abit Bana Wilkin|par\n|\n|upkeep\n|turn|3\n|\n|t:|1682789069\n|-end|p2b: Juggy B (Rapper)|Quark Drive|[silent]\n|switch|p2b: Paul|Donphan, L50, M, shiny|100\/100\n|move|p1b: Champ|Follow Me|p1b: Champ\n|-singleturn|p1b: Champ|move: Follow Me\n|move|p1a: Guillermo|Raging Bull|p2b: Paul\n|-damage|p2b: Paul|69\/100\n|cant|p2a: Abit Bana Wilkin|par\n|\n|upkeep\n|turn|4\n|c|\u2606Turnips-suck|sorry about the para\n|\n|t:|1682789090\n|move|p1b: Champ|Follow Me|p1b: Champ\n|-singleturn|p1b: Champ|move: Follow Me\n|move|p2b: Paul|High Horsepower|p1b: Champ\n|-supereffective|p1b: Champ\n|-crit|p1b: Champ\n|-enditem|p1b: Champ|Focus Sash\n|-damage|p1b: Champ|1\/100\n|move|p1a: Guillermo|Bulk Up|p1a: Guillermo\n|-boost|p1a: Guillermo|atk|1\n|-boost|p1a: Guillermo|def|1\n|move|p2a: Abit Bana Wilkin|Rock Blast|p1b: Champ|[miss]\n|-miss|p2a: Abit Bana Wilkin|p1b: Champ\n|\n|-sideend|p2: LordGig|move: Tailwind\n|upkeep\n|turn|5\n|c|\u2606LordGig|just bad luck\n|c|\u2606LordGig|....\n|c|\u2606Turnips-suck|I am so sorry\n|c|\u2606LordGig|fml\n|\n|t:|1682789130\n|move|p1b: Champ|Baby-Doll Eyes|p2b: Paul\n|-unboost|p2b: Paul|atk|1\n|move|p1a: Guillermo|Wild Charge|p2a: Abit Bana Wilkin\n|-supereffective|p2a: Abit Bana Wilkin\n|-damage|p2a: Abit Bana Wilkin|22\/100 par\n|-damage|p1a: Guillermo|38\/100|[from] Recoil\n|move|p2b: Paul|High Horsepower|p1b: Champ\n|-supereffective|p1b: Champ\n|-damage|p1b: Champ|0 fnt\n|faint|p1b: Champ\n|move|p2a: Abit Bana Wilkin|Rock Blast|p1a: Guillermo\n|-damage|p1a: Guillermo|34\/100\n|-damage|p1a: Guillermo|30\/100\n|-damage|p1a: Guillermo|26\/100\n|-damage|p1a: Guillermo|22\/100\n|-damage|p1a: Guillermo|19\/100\n|-hitcount|p1a: Guillermo|5\n|\n|upkeep\n|\n|t:|1682789137\n|switch|p1b: One Hit Wonder|Flutter Mane, L50|100\/100\n|turn|6\n|\n|t:|1682789155\n|move|p1b: One Hit Wonder|Dazzling Gleam|p2b: Paul|[spread] p2a,p2b\n|-damage|p2a: Abit Bana Wilkin|0 fnt\n|-damage|p2b: Paul|29\/100\n|faint|p2a: Abit Bana Wilkin\n|move|p1a: Guillermo|Raging Bull|p2b: Paul\n|-damage|p2b: Paul|0 fnt\n|faint|p2b: Paul\n|\n|upkeep\n|\n|t:|1682789164\n|switch|p2b: Juggy B (Rapper)|Iron Jugulis, L50, tera:Steel|82\/100\n|turn|7\n|\n|t:|1682789172\n|-end|p1b: One Hit Wonder|Protosynthesis|[silent]\n|switch|p1b: Granny Smith|Appletun, L50, F|100\/100\n|move|p1a: Guillermo|Raging Bull|p2b: Juggy B (Rapper)\n|-supereffective|p2b: Juggy B (Rapper)\n|-damage|p2b: Juggy B (Rapper)|0 fnt\n|faint|p2b: Juggy B (Rapper)\n|-end|p2b: Juggy B (Rapper)|Quark Drive|[silent]\n|\n|win|Turnips-suck\n|c|\u2606Turnips-suck|gg\n|c|\u2606LordGig|im done\n","uploadtime":1682789180,"views":20,"p1id":"turnipssuck","p2id":"lordgig","formatid":"gen9vgc2023regulationc","rating":0,"private":0,"password":""}