{"id":"gen9vgc2023regulationc-1857795307","p1":"Arcanine119","p2":"zumjpg","format":"[Gen 9] VGC 2023 Regulation C","log":"|j|\u2606Arcanine119\n|j|\u2606zumjpg\n|t:|1683232536\n|gametype|doubles\n|player|p1|Arcanine119|170|\n|player|p2|zumjpg|266|\n|teamsize|p1|6\n|teamsize|p2|6\n|gen|9\n|tier|[Gen 9] VGC 2023 Regulation C\n|rule|Species Clause: Limit one of each Pok\u00e9mon\n|rule|Item Clause: Limit one of each item\n|clearpoke\n|poke|p1|Flutter Mane, L50|\n|poke|p1|Chi-Yu, L50|\n|poke|p1|Roaring Moon, L50|\n|poke|p1|Jumpluff, L50, F|\n|poke|p1|Wo-Chien, L50|\n|poke|p1|Torkoal, L50, F|\n|poke|p2|Tatsugiri, L50, M|\n|poke|p2|Dondozo, L50, F|\n|poke|p2|Talonflame, L50, F|\n|poke|p2|Flutter Mane, L50|\n|poke|p2|Chien-Pao, L50|\n|poke|p2|Chi-Yu, L50|\n|teampreview|4\n|\n|t:|1683232563\n|start\n|switch|p1a: Flutter Mane|Flutter Mane, L50|100\/100\n|switch|p1b: Wo-Chien|Wo-Chien, L50|100\/100\n|switch|p2a: Flutter Mane|Flutter Mane, L50|100\/100\n|switch|p2b: Chi-Yu|Chi-Yu, L50|100\/100\n|-ability|p2b: Chi-Yu|Beads of Ruin\n|-ability|p1b: Wo-Chien|Tablets of Ruin\n|turn|1\n|\n|t:|1683232601\n|-terastallize|p2a: Flutter Mane|Fairy\n|-terastallize|p1b: Wo-Chien|Poison\n|move|p2b: Chi-Yu|Heat Wave|p1a: Flutter Mane|[spread] p1b\n|-miss|p2b: Chi-Yu|p1a: Flutter Mane\n|-damage|p1b: Wo-Chien|67\/100\n|move|p2a: Flutter Mane|Dazzling Gleam|p1a: Flutter Mane|[spread] p1a,p1b\n|-resisted|p1b: Wo-Chien\n|-damage|p1a: Flutter Mane|21\/100\n|-damage|p1b: Wo-Chien|38\/100\n|move|p1b: Wo-Chien|Dark Pulse|p2a: Flutter Mane\n|-resisted|p2a: Flutter Mane\n|-damage|p2a: Flutter Mane|73\/100\n|move|p1a: Flutter Mane|Trick Room|p1a: Flutter Mane\n|-fieldstart|move: Trick Room|[of] p1a: Flutter Mane\n|\n|upkeep\n|turn|2\n|j| Tartaruga_PP\n|inactive|Battle timer is ON: inactive players will automatically lose when time's up. (requested by zumjpg)\n|\n|t:|1683232658\n|switch|p2b: Talonflame|Talonflame, L50, F, shiny|100\/100\n|move|p1a: Flutter Mane|Dazzling Gleam|p2b: Talonflame|[spread] p2a,p2b\n|-resisted|p2b: Talonflame\n|-damage|p2a: Flutter Mane|43\/100\n|-damage|p2b: Talonflame|83\/100\n|move|p1b: Wo-Chien|Leaf Storm|p2a: Flutter Mane|[miss]\n|-miss|p1b: Wo-Chien|p2a: Flutter Mane\n|move|p2a: Flutter Mane|Dazzling Gleam|p1a: Flutter Mane|[spread] p1a,p1b\n|-resisted|p1b: Wo-Chien\n|-damage|p1a: Flutter Mane|0 fnt\n|-damage|p1b: Wo-Chien|15\/100\n|faint|p1a: Flutter Mane\n|-end|p1a: Flutter Mane|Protosynthesis|[silent]\n|\n|upkeep\n|\n|t:|1683232674\n|switch|p1a: Torkoal|Torkoal, L50, F|100\/100\n|-weather|SunnyDay|[from] ability: Drought|[of] p1a: Torkoal\n|-activate|p2a: Flutter Mane|ability: Protosynthesis\n|-start|p2a: Flutter Mane|protosynthesisspe\n|turn|3\n|inactive|zumjpg has 30 seconds left.\n|\n|t:|1683232703\n|move|p1a: Torkoal|Eruption|p2b: Talonflame|[spread] p2a,p2b\n|-resisted|p2b: Talonflame\n|-damage|p2a: Flutter Mane|0 fnt\n|-damage|p2b: Talonflame|13\/100\n|faint|p2a: Flutter Mane\n|-end|p2a: Flutter Mane|Protosynthesis|[silent]\n|move|p1b: Wo-Chien|Leaf Storm|p2b: Talonflame\n|-resisted|p2b: Talonflame\n|-damage|p2b: Talonflame|0 fnt\n|-unboost|p1b: Wo-Chien|spa|2\n|-enditem|p1b: Wo-Chien|Eject Pack\n|faint|p2b: Talonflame\n|\n|t:|1683232721\n|switch|p1b: Chi-Yu|Chi-Yu, L50|100\/100\n|-ability|p1b: Chi-Yu|Beads of Ruin\n|\n|-weather|SunnyDay|[upkeep]\n|upkeep\n|\n|t:|1683232727\n|switch|p2b: Chien-Pao|Chien-Pao, L50|100\/100\n|switch|p2a: Chi-Yu|Chi-Yu, L50|100\/100\n|-ability|p2b: Chien-Pao|Sword of Ruin\n|-ability|p2a: Chi-Yu|Beads of Ruin\n|turn|4\n|inactive|Arcanine119 has 30 seconds left.\n|inactive|zumjpg has 30 seconds left.\n|\n|t:|1683232758\n|move|p2b: Chien-Pao|Sucker Punch|p1a: Torkoal\n|-damage|p1a: Torkoal|67\/100\n|move|p1a: Torkoal|Eruption|p2b: Chien-Pao|[spread] p2a,p2b\n|-resisted|p2a: Chi-Yu\n|-supereffective|p2b: Chien-Pao\n|-damage|p2a: Chi-Yu|58\/100\n|-enditem|p2b: Chien-Pao|Focus Sash\n|-damage|p2b: Chien-Pao|1\/100\n|move|p1b: Chi-Yu|Flamethrower|p2b: Chien-Pao\n|-supereffective|p2b: Chien-Pao\n|-damage|p2b: Chien-Pao|0 fnt\n|faint|p2b: Chien-Pao\n|move|p2a: Chi-Yu|Heat Wave|p1b: Chi-Yu|[spread] p1a,p1b\n|-resisted|p1a: Torkoal\n|-resisted|p1b: Chi-Yu\n|-damage|p1a: Torkoal|21\/100\n|-damage|p1b: Chi-Yu|78\/100\n|\n|-weather|SunnyDay|[upkeep]\n|upkeep\n|turn|5\n|inactive|Arcanine119 has 30 seconds left.\n|\n|t:|1683232786\n|move|p1a: Torkoal|Eruption|p2a: Chi-Yu\n|-resisted|p2a: Chi-Yu\n|-damage|p2a: Chi-Yu|42\/100\n|move|p1b: Chi-Yu|Flamethrower|p2a: Chi-Yu\n|-resisted|p2a: Chi-Yu\n|-damage|p2a: Chi-Yu|0 fnt\n|faint|p2a: Chi-Yu\n|\n|win|Arcanine119\n|c| Tartaruga_PP|hmm\n|c|\u2606zumjpg|1 a 0\n|l|\u2606Arcanine119\n|l| Tartaruga_PP\n","uploadtime":1683232801,"views":14,"p1id":"arcanine119","p2id":"zumjpg","formatid":"gen9vgc2023regulationc","rating":0,"private":0,"password":""}