{"id":"gen9vgc2023regulationc-1862577999","p1":"Daiji256","p2":"Dragopult124","format":"[Gen 9] VGC 2023 Regulation C","log":"|j|\u2606Daiji256\n|j|\u2606Dragopult124\n|t:|1683902429\n|gametype|doubles\n|player|p1|Daiji256|supernerd|1296\n|player|p2|Dragopult124|266|1200\n|teamsize|p1|6\n|teamsize|p2|6\n|gen|9\n|tier|[Gen 9] VGC 2023 Regulation C\n|rated|\n|rule|Species Clause: Limit one of each Pok\u00e9mon\n|rule|Item Clause: Limit one of each item\n|clearpoke\n|poke|p1|Pelipper, L50, M|\n|poke|p1|Drednaw, L50, F|\n|poke|p1|Dondozo, L50, M|\n|poke|p1|Tatsugiri, L50, F|\n|poke|p1|Wo-Chien, L50|\n|poke|p1|Gholdengo, L50|\n|poke|p2|Volcarona, L50, F|\n|poke|p2|Baxcalibur, L50, F|\n|poke|p2|Gholdengo, L50|\n|poke|p2|Great Tusk, L50|\n|poke|p2|Grimmsnarl, L50, M|\n|poke|p2|Brute Bonnet, L50|\n|teampreview|4\n|inactive|Battle timer is ON: inactive players will automatically lose when time's up. (requested by Daiji256)\nDragopult124 rejected open team sheets.\n|inactive|Daiji256 has 60 seconds left.\n|\n|t:|1683902486\n|start\n|switch|p1a: Wo-Chien|Wo-Chien, L50|100\/100\n|switch|p1b: Gholdengo|Gholdengo, L50|100\/100\n|switch|p2a: Volcarona|Volcarona, L50, F|100\/100\n|switch|p2b: Gholdengo|Gholdengo, L50|100\/100\n|-item|p1b: Gholdengo|Air Balloon\n|-ability|p1a: Wo-Chien|Tablets of Ruin\n|turn|1\n|inactive|Daiji256 has 30 seconds left.\n|inactive|Daiji256 has 20 seconds left.\n|inactive|Daiji256 has 15 seconds left.\n|\n|t:|1683902529\n|switch|p1b: Pelipper|Pelipper, L50, M|100\/100\n|-weather|RainDance|[from] ability: Drizzle|[of] p1b: Pelipper\n|move|p2a: Volcarona|Overheat|p1b: Pelipper\n|-resisted|p1b: Pelipper\n|-damage|p1b: Pelipper|70\/100\n|-unboost|p2a: Volcarona|spa|2\n|move|p2b: Gholdengo|Make It Rain|p1b: Pelipper|[spread] p1a,p1b\n|-resisted|p1b: Pelipper\n|-damage|p1a: Wo-Chien|53\/100\n|-damage|p1b: Pelipper|9\/100\n|-unboost|p2b: Gholdengo|spa|1\n|-damage|p2b: Gholdengo|91\/100|[from] item: Life Orb\n|move|p1a: Wo-Chien|Snarl|p2b: Gholdengo|[spread] p2a,p2b\n|-supereffective|p2b: Gholdengo\n|-damage|p2a: Volcarona|76\/100\n|-damage|p2b: Gholdengo|36\/100\n|-unboost|p2a: Volcarona|spa|1\n|-unboost|p2b: Gholdengo|spa|1\n|\n|-weather|RainDance|[upkeep]\n|upkeep\n|turn|2\n|inactive|Dragopult124 has 30 seconds left.\n|\n|t:|1683902558\n|switch|p2b: Great Tusk|Great Tusk, L50|100\/100\n|move|p2a: Volcarona|Tailwind|p2a: Volcarona\n|-sidestart|p2: Dragopult124|move: Tailwind\n|move|p1b: Pelipper|Tailwind|p1b: Pelipper\n|-sidestart|p1: Daiji256|move: Tailwind\n|move|p1a: Wo-Chien|Snarl|p2b: Great Tusk|[spread] p2a,p2b\n|-resisted|p2b: Great Tusk\n|-damage|p2a: Volcarona|48\/100\n|-damage|p2b: Great Tusk|91\/100\n|-unboost|p2a: Volcarona|spa|1\n|-unboost|p2b: Great Tusk|spa|1\n|\n|-weather|RainDance|[upkeep]\n|upkeep\n|turn|3\n|\n|t:|1683902580\n|move|p2a: Volcarona|Rage Powder|p2a: Volcarona\n|-singleturn|p2a: Volcarona|move: Rage Powder\n|move|p1b: Pelipper|Hurricane|p2a: Volcarona\n|-supereffective|p2a: Volcarona\n|-damage|p2a: Volcarona|0 fnt\n|faint|p2a: Volcarona\n|move|p2b: Great Tusk|Rock Slide|p1b: Pelipper|[spread] p1a,p1b\n|-supereffective|p1b: Pelipper\n|-damage|p1a: Wo-Chien|40\/100\n|-damage|p1b: Pelipper|0 fnt\n|faint|p1b: Pelipper\n|move|p1a: Wo-Chien|Snarl|p2b: Great Tusk\n|-resisted|p2b: Great Tusk\n|-damage|p2b: Great Tusk|76\/100\n|-unboost|p2b: Great Tusk|spa|1\n|\n|-weather|RainDance|[upkeep]\n|upkeep\n|\n|t:|1683902595\n|switch|p2a: Gholdengo|Gholdengo, L50|36\/100\n|switch|p1b: Drednaw|Drednaw, L50, F|100\/100\n|turn|4\n|\n|t:|1683902619\n|-terastallize|p2a: Gholdengo|Flying\n|move|p1b: Drednaw|Waterfall|p2b: Great Tusk\n|-supereffective|p2b: Great Tusk\n|-damage|p2b: Great Tusk|16\/100\n|move|p2a: Gholdengo|Make It Rain|p1b: Drednaw|[spread] p1a,p1b\n|-damage|p1a: Wo-Chien|0 fnt\n|-damage|p1b: Drednaw|4\/100\n|-unboost|p2a: Gholdengo|spa|1\n|faint|p1a: Wo-Chien\n|-damage|p2a: Gholdengo|26\/100|[from] item: Life Orb\n|cant|p2b: Great Tusk|flinch\n|\n|-weather|RainDance|[upkeep]\n|upkeep\n|\n|t:|1683902632\n|switch|p1a: Gholdengo|Gholdengo, L50|100\/100\n|-item|p1a: Gholdengo|Air Balloon\n|turn|5\n|c|\u2606Dragopult124|Yay\n|\n|t:|1683902657\n|move|p1b: Drednaw|Protect|p1b: Drednaw\n|-singleturn|p1b: Drednaw|Protect\n|move|p1a: Gholdengo|Make It Rain|p2a: Gholdengo|[spread] p2a,p2b\n|-damage|p2a: Gholdengo|0 fnt\n|-damage|p2b: Great Tusk|0 fnt\n|-unboost|p1a: Gholdengo|spa|1\n|faint|p2a: Gholdengo\n|faint|p2b: Great Tusk\n|-end|p2b: Great Tusk|Protosynthesis|[silent]\n|\n|-weather|RainDance|[upkeep]\n|-sideend|p1: Daiji256|move: Tailwind\n|-sideend|p2: Dragopult124|move: Tailwind\n|upkeep\n|\n|t:|1683902664\n|switch|p2b: Brute Bonnet|Brute Bonnet, L50|100\/100\n|-enditem|p2b: Brute Bonnet|Booster Energy\n|-activate|p2b: Brute Bonnet|ability: Protosynthesis|[fromitem]\n|-start|p2b: Brute Bonnet|protosynthesisatk\n|turn|6\n|\n|t:|1683902677\n|move|p2b: Brute Bonnet|Sucker Punch|p1b: Drednaw\n|-damage|p1b: Drednaw|0 fnt\n|faint|p1b: Drednaw\n|move|p1a: Gholdengo|Nasty Plot|p1a: Gholdengo\n|-boost|p1a: Gholdengo|spa|2\n|\n|-weather|RainDance|[upkeep]\n|upkeep\n|turn|7\n|\n|t:|1683902688\n|-terastallize|p1a: Gholdengo|Water\n|move|p2b: Brute Bonnet|Sucker Punch|p1a: Gholdengo\n|-damage|p1a: Gholdengo|45\/100\n|-enditem|p1a: Gholdengo|Air Balloon\n|move|p1a: Gholdengo|Make It Rain|p2b: Brute Bonnet\n|-damage|p2b: Brute Bonnet|17\/100\n|-unboost|p1a: Gholdengo|spa|1\n|\n|-weather|RainDance|[upkeep]\n|upkeep\n|turn|8\n|\n|t:|1683902703\n|move|p2b: Brute Bonnet|Sucker Punch|p1a: Gholdengo\n|-damage|p1a: Gholdengo|0 fnt\n|faint|p1a: Gholdengo\n|\n|win|Dragopult124\n|raw|Daiji256's rating: 1296 → 1264<\/strong> (-32 for losing)\n|raw|Dragopult124's rating: 1200 → 1232<\/strong> (+32 for winning)\n|l|\u2606Daiji256\n","uploadtime":1683902727,"views":10,"p1id":"daiji256","p2id":"dragopult124","formatid":"gen9vgc2023regulationc","rating":1232,"private":0,"password":""}