{"id":"gen9vgc2023regulationc-1855292777","p1":"WoJiaoReaction","p2":"Kratas","format":"[Gen 9] VGC 2023 Regulation C","log":"|j|\u2606WoJiaoReaction\n|j|\u2606Kratas\n|t:|1682931441\n|gametype|doubles\n|player|p1|WoJiaoReaction|ruinmaniac|1325\n|player|p2|Kratas|cynthia|1337\n|teamsize|p1|6\n|teamsize|p2|6\n|gen|9\n|tier|[Gen 9] VGC 2023 Regulation C\n|rated|\n|rule|Species Clause: Limit one of each Pok\u00e9mon\n|rule|Item Clause: Limit one of each item\n|clearpoke\n|poke|p1|Glimmora, L50, F|\n|poke|p1|Skeledirge, L50, F|\n|poke|p1|Wo-Chien, L50|\n|poke|p1|Flutter Mane, L50|\n|poke|p1|Iron Hands, L50|\n|poke|p1|Gyarados, L50, F|\n|poke|p2|Azumarill, L50, M|\n|poke|p2|Amoonguss, L50, M|\n|poke|p2|Talonflame, L50, M|\n|poke|p2|Great Tusk, L50|\n|poke|p2|Chien-Pao, L50|\n|poke|p2|Gholdengo, L50|\n|teampreview|4\n|\n|t:|1682931499\n|start\n|switch|p1a: Glimmora|Glimmora, L50, F|100\/100\n|switch|p1b: Gyarados|Gyarados, L50, F|100\/100\n|switch|p2a: Pollastre a l'ast|Talonflame, L50, M|100\/100\n|switch|p2b: Gholdengo|Gholdengo, L50|100\/100\n|-ability|p1b: Gyarados|Intimidate|boost\n|-unboost|p2a: Pollastre a l'ast|atk|1\n|-unboost|p2b: Gholdengo|atk|1\n|turn|1\n|\n|t:|1682931548\n|move|p2a: Pollastre a l'ast|Tailwind|p2a: Pollastre a l'ast\n|-sidestart|p2: Kratas|move: Tailwind\n|move|p2b: Gholdengo|Nasty Plot|p2b: Gholdengo\n|-boost|p2b: Gholdengo|spa|2\n|move|p1a: Glimmora|Power Gem|p2a: Pollastre a l'ast\n|-supereffective|p2a: Pollastre a l'ast\n|-damage|p2a: Pollastre a l'ast|0 fnt\n|faint|p2a: Pollastre a l'ast\n|move|p1b: Gyarados|Waterfall|p2b: Gholdengo\n|-damage|p2b: Gholdengo|72\/100\n|\n|-heal|p2b: Gholdengo|79\/100|[from] item: Leftovers\n|upkeep\n|\n|t:|1682931562\n|switch|p2a: Azumarill|Azumarill, L50, M|100\/100\n|turn|2\n|\n|t:|1682931598\n|move|p1b: Gyarados|Helping Hand|p1a: Glimmora\n|-singleturn|p1a: Glimmora|Helping Hand|[of] p1b: Gyarados\n|move|p2b: Gholdengo|Make It Rain|p1a: Glimmora|[spread] p1a,p1b\n|-supereffective|p1a: Glimmora\n|-resisted|p1b: Gyarados\n|-enditem|p1a: Glimmora|Focus Sash\n|-damage|p1a: Glimmora|1\/100\n|-damage|p1b: Gyarados|69\/100\n|-unboost|p2b: Gholdengo|spa|1\n|move|p2a: Azumarill|Play Rough|p1b: Gyarados|[miss]\n|-miss|p2a: Azumarill|p1b: Gyarados\n|move|p1a: Glimmora|Earth Power|p2b: Gholdengo\n|-supereffective|p2b: Gholdengo\n|-damage|p2b: Gholdengo|0 fnt\n|faint|p2b: Gholdengo\n|\n|upkeep\n|\n|t:|1682931615\n|switch|p2b: Manny|Great Tusk, L50, shiny|100\/100\n|-enditem|p2b: Manny|Booster Energy\n|-activate|p2b: Manny|ability: Protosynthesis|[fromitem]\n|-start|p2b: Manny|protosynthesisatk\n|turn|3\n|\n|t:|1682931639\n|switch|p1b: Wo-Chien|Wo-Chien, L50|100\/100\n|-ability|p1b: Wo-Chien|Tablets of Ruin\n|move|p1a: Glimmora|Spiky Shield|p1a: Glimmora\n|-singleturn|p1a: Glimmora|move: Protect\n|move|p2b: Manny|Headlong Rush|p1a: Glimmora\n|-activate|p1a: Glimmora|move: Protect\n|-damage|p2b: Manny|88\/100|[from] Spiky Shield|[of] p1a: Glimmora\n|move|p2a: Azumarill|Play Rough|p1b: Wo-Chien\n|-supereffective|p1b: Wo-Chien\n|-damage|p1b: Wo-Chien|3\/100\n|\n|-heal|p1b: Wo-Chien|9\/100|[from] item: Leftovers\n|upkeep\n|turn|4\n|\n|t:|1682931663\n|move|p1b: Wo-Chien|Protect|p1b: Wo-Chien\n|-singleturn|p1b: Wo-Chien|Protect\n|move|p2b: Manny|Close Combat|p1b: Wo-Chien\n|-activate|p1b: Wo-Chien|move: Protect\n|move|p2a: Azumarill|Play Rough|p1a: Glimmora|[miss]\n|-miss|p2a: Azumarill|p1a: Glimmora\n|move|p1a: Glimmora|Mortal Spin|p2a: Azumarill|[spread] p2a,p2b\n|-supereffective|p2a: Azumarill\n|-resisted|p2b: Manny\n|-damage|p2a: Azumarill|94\/100\n|-damage|p2b: Manny|87\/100\n|-status|p2a: Azumarill|psn\n|-status|p2b: Manny|psn\n|\n|-heal|p1b: Wo-Chien|15\/100|[from] item: Leftovers\n|-damage|p2b: Manny|75\/100 psn|[from] psn\n|-damage|p2a: Azumarill|82\/100 psn|[from] psn\n|-sideend|p2: Kratas|move: Tailwind\n|upkeep\n|turn|5\n|c|\u2606Kratas|accuracy 90%? really jajaja\n|\n|t:|1682931712\n|move|p1a: Glimmora|Spiky Shield|p1a: Glimmora\n|-singleturn|p1a: Glimmora|move: Protect\n|move|p2b: Manny|Close Combat|p1a: Glimmora\n|-activate|p1a: Glimmora|move: Protect\n|-damage|p2b: Manny|62\/100 psn|[from] Spiky Shield|[of] p1a: Glimmora\n|move|p1b: Wo-Chien|Foul Play|p2b: Manny\n|-resisted|p2b: Manny\n|-damage|p2b: Manny|46\/100 psn\n|move|p2a: Azumarill|Play Rough|p1b: Wo-Chien\n|-supereffective|p1b: Wo-Chien\n|-damage|p1b: Wo-Chien|0 fnt\n|faint|p1b: Wo-Chien\n|\n|-damage|p2b: Manny|33\/100 psn|[from] psn\n|-damage|p2a: Azumarill|70\/100 psn|[from] psn\n|upkeep\n|\n|t:|1682931730\n|switch|p1b: Gyarados|Gyarados, L50, F|69\/100\n|-ability|p1b: Gyarados|Intimidate|boost\n|-unboost|p2a: Azumarill|atk|1\n|-unboost|p2b: Manny|atk|1\n|turn|6\n|\n|t:|1682931746\n|move|p1a: Glimmora|Power Gem|p2a: Azumarill\n|-damage|p2a: Azumarill|26\/100 psn\n|move|p2b: Manny|Close Combat|p1b: Gyarados\n|-resisted|p1b: Gyarados\n|-damage|p1b: Gyarados|44\/100\n|-unboost|p2b: Manny|def|1\n|-unboost|p2b: Manny|spd|1\n|move|p1b: Gyarados|Waterfall|p2b: Manny\n|-supereffective|p2b: Manny\n|-damage|p2b: Manny|0 fnt\n|faint|p2b: Manny\n|-end|p2b: Manny|Protosynthesis|[silent]\n|move|p2a: Azumarill|Play Rough|p1b: Gyarados\n|-damage|p1b: Gyarados|0 fnt\n|faint|p1b: Gyarados\n|\n|-damage|p2a: Azumarill|14\/100 psn|[from] psn\n|upkeep\n|-message|Kratas forfeited.\n|\n|win|WoJiaoReaction\n|raw|WoJiaoReaction's rating: 1325 → 1346<\/strong> (+21 for winning)\n|raw|Kratas's rating: 1337 → 1316<\/strong> (-21 for losing)\n|l|\u2606Kratas\n","uploadtime":1682931769,"views":20,"p1id":"wojiaoreaction","p2id":"kratas","formatid":"gen9vgc2023regulationc","rating":1316,"private":0,"password":""}