{"id":"gen9vgc2023regulationc-1849207348","p1":"VgEnmanuel","p2":"Chenomeutilizzo","format":"[Gen 9] VGC 2023 Regulation C","log":"|j|\u2606VgEnmanuel\n|j|\u2606Chenomeutilizzo\n|t:|1682172784\n|gametype|doubles\n|player|p1|VgEnmanuel|lucas|1065\n|player|p2|Chenomeutilizzo|red|1000\n|teamsize|p1|6\n|teamsize|p2|6\n|gen|9\n|tier|[Gen 9] VGC 2023 Regulation C\n|rated|\n|rule|Species Clause: Limit one of each Pok\u00e9mon\n|rule|Item Clause: Limit one of each item\n|clearpoke\n|poke|p1|Arcanine, L50, F|\n|poke|p1|Flutter Mane, L50|\n|poke|p1|Dragonite, L50, F|\n|poke|p1|Chien-Pao, L50|\n|poke|p1|Palafin, L50, M|\n|poke|p1|Ting-Lu, L50|\n|poke|p2|Ting-Lu, L50|\n|poke|p2|Orthworm, L50, M|\n|poke|p2|Vivillon, L50, M|\n|poke|p2|Arcanine, L50, F|\n|poke|p2|Baxcalibur, L50, F|\n|poke|p2|Braviary, L50, M|\n|teampreview|4\n|inactive|Battle timer is ON: inactive players will automatically lose when time's up. (requested by VgEnmanuel)\n|inactive|Chenomeutilizzo has 60 seconds left.\n|inactive|Chenomeutilizzo has 30 seconds left.\n|inactive|Chenomeutilizzo has 20 seconds left.\n|\n|t:|1682172859\n|start\n|switch|p1a: Flutter Mane|Flutter Mane, L50|100\/100\n|switch|p1b: Palafin|Palafin, L50, M|100\/100\n|switch|p2a: Vivillon|Vivillon, L50, M|100\/100\n|switch|p2b: Orthworm|Orthworm, L50, M|100\/100\n|turn|1\n|inactive|VgEnmanuel has 30 seconds left.\n|inactive|Chenomeutilizzo has 30 seconds left.\n|\n|t:|1682172888\n|detailschange|p1b: Palafin|Palafin-Hero, L50, M\n|switch|p1b: Arcanine|Arcanine, L50, F|100\/100\n|-ability|p1b: Arcanine|Intimidate|boost\n|-unboost|p2a: Vivillon|atk|1\n|-unboost|p2b: Orthworm|atk|1\n|move|p1a: Flutter Mane|Thunderbolt|p2a: Vivillon\n|-supereffective|p2a: Vivillon\n|-enditem|p2a: Vivillon|Focus Sash\n|-damage|p2a: Vivillon|1\/100\n|move|p2a: Vivillon|Sleep Powder|p1b: Arcanine\n|-activate|p1b: Arcanine|item: Safety Goggles|Sleep Powder\n|move|p2b: Orthworm|Bulldoze|p1b: Arcanine|[spread] p1a,p1b\n|-immune|p2a: Vivillon\n|-supereffective|p1b: Arcanine\n|-damage|p1a: Flutter Mane|89\/100\n|-damage|p1b: Arcanine|89\/100\n|-unboost|p1a: Flutter Mane|spe|1\n|-unboost|p1b: Arcanine|spe|1\n|\n|upkeep\n|turn|2\n|inactive|VgEnmanuel has 30 seconds left.\n|\n|t:|1682172918\n|-end|p1a: Flutter Mane|Protosynthesis|[silent]\n|switch|p1a: Ting-Lu|Ting-Lu, L50|100\/100\n|-ability|p1a: Ting-Lu|Vessel of Ruin\n|switch|p2b: Arcanine|Arcanine, L50, F|100\/100\n|-ability|p2b: Arcanine|Intimidate|boost\n|-unboost|p1a: Ting-Lu|atk|1\n|-unboost|p1b: Arcanine|atk|1\n|move|p2a: Vivillon|Protect|p2a: Vivillon\n|-singleturn|p2a: Vivillon|Protect\n|move|p1b: Arcanine|Flare Blitz|p2b: Arcanine\n|-resisted|p2b: Arcanine\n|-damage|p2b: Arcanine|88\/100\n|-damage|p1b: Arcanine|85\/100|[from] Recoil\n|\n|upkeep\n|turn|3\n|j| A Borygon\n|inactive|VgEnmanuel has 30 seconds left.\n|inactive|Chenomeutilizzo has 30 seconds left.\n|inactive|VgEnmanuel has 20 seconds left.\n|inactive|Chenomeutilizzo has 20 seconds left.\n|inactive|Chenomeutilizzo has 15 seconds left.\n|\n|t:|1682172959\n|switch|p2b: Orthworm|Orthworm, L50, M|100\/100\n|switch|p1b: Palafin|Palafin-Hero, L50, M|100\/100\n|-activate|p1b: Palafin|ability: Zero to Hero\n|move|p2a: Vivillon|Sleep Powder|p1a: Ting-Lu\n|-status|p1a: Ting-Lu|slp|[from] move: Sleep Powder\n|cant|p1a: Ting-Lu|slp\n|\n|upkeep\n|turn|4\n|\n|t:|1682172980\n|move|p2a: Vivillon|Protect|p2a: Vivillon\n|-singleturn|p2a: Vivillon|Protect\n|move|p1b: Palafin|Jet Punch|p2a: Vivillon\n|-activate|p2a: Vivillon|move: Protect\n|move|p2b: Orthworm|Iron Defense|p2b: Orthworm\n|-boost|p2b: Orthworm|def|2\n|-curestatus|p1a: Ting-Lu|slp|[msg]\n|move|p1a: Ting-Lu|Ruination|p2b: Orthworm\n|-damage|p2b: Orthworm|51\/100\n|\n|upkeep\n|turn|5\n|inactive|VgEnmanuel has 30 seconds left.\n|inactive|Chenomeutilizzo has 30 seconds left.\n|\n|t:|1682173013\n|switch|p2a: Arcanine|Arcanine, L50, F|88\/100\n|-ability|p2a: Arcanine|Intimidate|boost\n|-unboost|p1a: Ting-Lu|atk|1\n|-unboost|p1b: Palafin|atk|1\n|move|p1b: Palafin|Protect|p1b: Palafin\n|-singleturn|p1b: Palafin|Protect\n|move|p2b: Orthworm|Shed Tail|p2b: Orthworm\n|-fail|p2b: Orthworm|move: Shed Tail|[weak]\n|move|p1a: Ting-Lu|Stomping Tantrum|p2b: Orthworm\n|-heal|p2b: Orthworm|76\/100|[from] ability: Earth Eater|[of] p1a: Ting-Lu\n|\n|upkeep\n|turn|6\n|inactive|VgEnmanuel has 30 seconds left.\n|inactive|Chenomeutilizzo has 30 seconds left.\n|inactive|VgEnmanuel has 20 seconds left.\n|\n|t:|1682173050\n|switch|p1b: Arcanine|Arcanine, L50, F|85\/100\n|-ability|p1b: Arcanine|Intimidate|boost\n|-unboost|p2a: Arcanine|atk|1\n|-unboost|p2b: Orthworm|atk|1\n|-terastallize|p2a: Arcanine|Water\n|move|p2a: Arcanine|Will-O-Wisp|p1b: Arcanine\n|-immune|p1b: Arcanine\n|move|p2b: Orthworm|Body Press|p1a: Ting-Lu\n|-supereffective|p1a: Ting-Lu\n|-damage|p1a: Ting-Lu|47\/100\n|-enditem|p1a: Ting-Lu|Sitrus Berry|[eat]\n|-heal|p1a: Ting-Lu|72\/100|[from] item: Sitrus Berry\n|move|p1a: Ting-Lu|Ruination|p2a: Arcanine\n|-damage|p2a: Arcanine|44\/100\n|\n|upkeep\n|turn|7\n|inactive|VgEnmanuel has 30 seconds left.\n|inactive|VgEnmanuel has 20 seconds left.\n|inactive|VgEnmanuel has 15 seconds left.\n|inactive|VgEnmanuel has 10 seconds left.\n|inactive|VgEnmanuel has 5 seconds left.\n|\n|t:|1682173102\n|switch|p2a: Vivillon|Vivillon, L50, M|1\/100\n|move|p1b: Arcanine|Protect|p1b: Arcanine\n|-singleturn|p1b: Arcanine|Protect\n|move|p2b: Orthworm|Bulldoze|p1b: Arcanine|[spread] p1a\n|-activate|p1b: Arcanine|move: Protect\n|-immune|p2a: Vivillon\n|-damage|p1a: Ting-Lu|68\/100\n|-unboost|p1a: Ting-Lu|spe|1\n|move|p1a: Ting-Lu|Stomping Tantrum|p2b: Orthworm\n|-heal|p2b: Orthworm|100\/100|[from] ability: Earth Eater|[of] p1a: Ting-Lu\n|\n|upkeep\n|turn|8\n|inactive|VgEnmanuel has 30 seconds left.\n|\n|t:|1682173132\n|move|p2a: Vivillon|Protect|p2a: Vivillon\n|-singleturn|p2a: Vivillon|Protect\n|move|p1b: Arcanine|Flare Blitz|p2a: Vivillon\n|-activate|p2a: Vivillon|move: Protect\n|move|p2b: Orthworm|Iron Defense|p2b: Orthworm\n|-boost|p2b: Orthworm|def|2\n|move|p1a: Ting-Lu|Ruination|p2b: Orthworm\n|-damage|p2b: Orthworm|51\/100\n|\n|upkeep\n|turn|9\n|inactive|VgEnmanuel has 30 seconds left.\n|inactive|Chenomeutilizzo has 30 seconds left.\n|\n|t:|1682173164\n|switch|p2a: Arcanine|Arcanine, L50, F, tera:Water|44\/100\n|-ability|p2a: Arcanine|Intimidate|boost\n|-unboost|p1a: Ting-Lu|atk|1\n|-unboost|p1b: Arcanine|atk|1\n|move|p1b: Arcanine|Flare Blitz|p2b: Orthworm\n|-supereffective|p2b: Orthworm\n|-damage|p2b: Orthworm|36\/100\n|-enditem|p2b: Orthworm|Sitrus Berry|[eat]\n|-heal|p2b: Orthworm|61\/100|[from] item: Sitrus Berry\n|-damage|p1b: Arcanine|80\/100|[from] Recoil\n|move|p2b: Orthworm|Bulldoze|p1a: Ting-Lu|[spread] p2a,p1a,p1b\n|-crit|p1a: Ting-Lu\n|-supereffective|p1b: Arcanine\n|-damage|p2a: Arcanine|38\/100\n|-damage|p1a: Ting-Lu|61\/100\n|-damage|p1b: Arcanine|68\/100\n|-unboost|p2a: Arcanine|spe|1\n|-unboost|p1a: Ting-Lu|spe|1\n|-unboost|p1b: Arcanine|spe|1\n|move|p1a: Ting-Lu|Rock Tomb|p2b: Orthworm|[miss]\n|-miss|p1a: Ting-Lu|p2b: Orthworm\n|\n|upkeep\n|turn|10\n|inactive|VgEnmanuel has 30 seconds left.\n|inactive|Chenomeutilizzo has 30 seconds left.\n|\n|t:|1682173193\n|move|p2a: Arcanine|Will-O-Wisp|p1a: Ting-Lu\n|-status|p1a: Ting-Lu|brn\n|move|p1b: Arcanine|Howl|p1b: Arcanine|[spread] p1a,p1b\n|-boost|p1a: Ting-Lu|atk|1\n|-boost|p1b: Arcanine|atk|1\n|move|p2b: Orthworm|Body Press|p1b: Arcanine\n|-damage|p1b: Arcanine|0 fnt\n|faint|p1b: Arcanine\n|move|p1a: Ting-Lu|Stomping Tantrum|p2a: Arcanine\n|-damage|p2a: Arcanine|21\/100\n|\n|-damage|p1a: Ting-Lu|55\/100 brn|[from] brn\n|upkeep\n|\n|t:|1682173201\n|switch|p1b: Palafin|Palafin-Hero, L50, M|100\/100\n|turn|11\n|\n|t:|1682173221\n|switch|p2a: Vivillon|Vivillon, L50, M|1\/100\n|switch|p1a: Flutter Mane|Flutter Mane, L50|89\/100\n|-terastallize|p1b: Palafin|Water\n|move|p1b: Palafin|Jet Punch|p2a: Vivillon\n|-damage|p2a: Vivillon|0 fnt\n|faint|p2a: Vivillon\n|move|p2b: Orthworm|Bulldoze|p1a: Flutter Mane|[spread] p1a,p1b\n|-damage|p1a: Flutter Mane|79\/100\n|-damage|p1b: Palafin|95\/100\n|-unboost|p1a: Flutter Mane|spe|1\n|-unboost|p1b: Palafin|spe|1\n|\n|upkeep\n|\n|t:|1682173236\n|switch|p2a: Arcanine|Arcanine, L50, F, tera:Water|21\/100\n|-ability|p2a: Arcanine|Intimidate|boost\n|-unboost|p1a: Flutter Mane|atk|1\n|-unboost|p1b: Palafin|atk|1\n|turn|12\n|\n|t:|1682173252\n|move|p1b: Palafin|Jet Punch|p2a: Arcanine\n|-resisted|p2a: Arcanine\n|-damage|p2a: Arcanine|0 fnt\n|faint|p2a: Arcanine\n|move|p1a: Flutter Mane|Dazzling Gleam|p2b: Orthworm\n|-resisted|p2b: Orthworm\n|-damage|p2b: Orthworm|32\/100\n|move|p2b: Orthworm|Body Press|p1b: Palafin\n|-crit|p1b: Palafin\n|-damage|p1b: Palafin|0 fnt\n|faint|p1b: Palafin\n|\n|upkeep\n|\n|t:|1682173263\n|switch|p2a: Ting-Lu|Ting-Lu, L50|100\/100\n|switch|p1b: Ting-Lu|Ting-Lu, L50|55\/100 brn\n|-ability|p2a: Ting-Lu|Vessel of Ruin\n|-ability|p1b: Ting-Lu|Vessel of Ruin\n|turn|13\n|\n|t:|1682173283\n|move|p1a: Flutter Mane|Dazzling Gleam|p2a: Ting-Lu|[spread] p2a,p2b\n|-supereffective|p2a: Ting-Lu\n|-resisted|p2b: Orthworm\n|-damage|p2a: Ting-Lu|57\/100\n|-damage|p2b: Orthworm|16\/100\n|move|p2a: Ting-Lu|Heavy Slam|p1a: Flutter Mane\n|-supereffective|p1a: Flutter Mane\n|-crit|p1a: Flutter Mane\n|-damage|p1a: Flutter Mane|0 fnt\n|faint|p1a: Flutter Mane\n|-end|p1a: Flutter Mane|Protosynthesis|[silent]\n|move|p2b: Orthworm|Body Press|p1b: Ting-Lu\n|-supereffective|p1b: Ting-Lu\n|-damage|p1b: Ting-Lu|0 fnt\n|faint|p1b: Ting-Lu\n|\n|win|Chenomeutilizzo\n|raw|VgEnmanuel's rating: 1065 → 1042<\/strong> (-23 for losing)\n|raw|Chenomeutilizzo's rating: 1000 → 1047<\/strong> (+47 for winning)\n|l|\u2606VgEnmanuel\n","uploadtime":1682173367,"views":7,"p1id":"vgenmanuel","p2id":"chenomeutilizzo","formatid":"gen9vgc2023regulationc","rating":1042,"private":0,"password":""}