{"id":"gen9vgc2023regulationc-1861750596","p1":"MarVik01","p2":"revocolombia","format":"[Gen 9] VGC 2023 Regulation C","log":"|j|\u2606MarVik01\n|j|\u2606revocolombia\n|t:|1683804241\n|gametype|doubles\n|player|p1|MarVik01|cynthia-gen4|1333\n|player|p2|revocolombia|pokemonranger-gen4|1361\n|teamsize|p1|6\n|teamsize|p2|6\n|gen|9\n|tier|[Gen 9] VGC 2023 Regulation C\n|rated|\n|rule|Species Clause: Limit one of each Pok\u00e9mon\n|rule|Item Clause: Limit one of each item\n|clearpoke\n|poke|p1|Annihilape, L50, M|\n|poke|p1|Baxcalibur, L50, F|\n|poke|p1|Flutter Mane, L50|\n|poke|p1|Tyranitar, L50, M|\n|poke|p1|Lycanroc, L50, F|\n|poke|p1|Ting-Lu, L50|\n|poke|p2|Flutter Mane, L50|\n|poke|p2|Great Tusk, L50|\n|poke|p2|Gholdengo, L50|\n|poke|p2|Chien-Pao, L50|\n|poke|p2|Murkrow, L50, M|\n|poke|p2|Baxcalibur, L50, F|\n|teampreview|4\n|inactive|Battle timer is ON: inactive players will automatically lose when time's up. (requested by MarVik01)\n|inactive|revocolombia has 60 seconds left.\n|\n|t:|1683804283\n|start\n|switch|p1a: Tyranitar|Tyranitar, L50, M|100\/100\n|switch|p1b: Lycanroc|Lycanroc, L50, F|100\/100\n|switch|p2a: Murkrow|Murkrow, L50, M|100\/100\n|switch|p2b: Great Tusk|Great Tusk, L50|100\/100\n|-weather|Sandstorm|[from] ability: Sand Stream|[of] p1a: Tyranitar\n|turn|1\n|\n|t:|1683804299\n|-terastallize|p1a: Tyranitar|Flying\n|move|p2a: Murkrow|Sunny Day|p2a: Murkrow\n|-weather|SunnyDay\n|-activate|p2b: Great Tusk|ability: Protosynthesis\n|-start|p2b: Great Tusk|protosynthesisatk\n|move|p1b: Lycanroc|Rock Slide|p2a: Murkrow|[spread] p2a\n|-miss|p1b: Lycanroc|p2b: Great Tusk\n|-supereffective|p2a: Murkrow\n|-damage|p2a: Murkrow|43\/100\n|move|p2b: Great Tusk|Rock Slide|p1a: Tyranitar|[spread] p1b\n|-miss|p2b: Great Tusk|p1a: Tyranitar\n|-damage|p1b: Lycanroc|53\/100\n|move|p1a: Tyranitar|Tera Blast|p2b: Great Tusk\n|-supereffective|p2b: Great Tusk\n|-damage|p2b: Great Tusk|38\/100\n|\n|-weather|SunnyDay|[upkeep]\n|upkeep\n|turn|2\n|inactive|MarVik01 has 30 seconds left.\n|\n|t:|1683804328\n|switch|p1a: Ting-Lu|Ting-Lu, L50|100\/100\n|-ability|p1a: Ting-Lu|Vessel of Ruin\n|move|p2a: Murkrow|Tailwind|p2a: Murkrow\n|-sidestart|p2: revocolombia|move: Tailwind\n|move|p2b: Great Tusk|Earthquake|p1a: Ting-Lu|[spread] p1a,p1b\n|-immune|p2a: Murkrow\n|-supereffective|p1b: Lycanroc\n|-damage|p1a: Ting-Lu|67\/100\n|-damage|p1b: Lycanroc|0 fnt\n|faint|p1b: Lycanroc\n|\n|-weather|SunnyDay|[upkeep]\n|upkeep\n|\n|t:|1683804345\n|switch|p1b: Annihilape|Annihilape, L50, M|100\/100\n|turn|3\n|\n|t:|1683804360\n|switch|p2a: Chien-Pao|Chien-Pao, L50|100\/100\n|-ability|p2a: Chien-Pao|Sword of Ruin\n|move|p2b: Great Tusk|Brick Break|p1a: Ting-Lu\n|-supereffective|p1a: Ting-Lu\n|-crit|p1a: Ting-Lu\n|-damage|p1a: Ting-Lu|0 fnt\n|faint|p1a: Ting-Lu\n|move|p1b: Annihilape|Bulk Up|p1b: Annihilape\n|-boost|p1b: Annihilape|atk|1\n|-boost|p1b: Annihilape|def|1\n|\n|-weather|SunnyDay|[upkeep]\n|upkeep\n|\n|t:|1683804370\n|switch|p1a: Tyranitar|Tyranitar, L50, M, tera:Flying|100\/100\n|-weather|Sandstorm|[from] ability: Sand Stream|[of] p1a: Tyranitar\n|-end|p2b: Great Tusk|Protosynthesis\n|turn|4\n|\n|t:|1683804391\n|move|p2b: Great Tusk|Protect|p2b: Great Tusk\n|-singleturn|p2b: Great Tusk|Protect\n|move|p2a: Chien-Pao|Ice Spinner|p1a: Tyranitar\n|-supereffective|p1a: Tyranitar\n|-damage|p1a: Tyranitar|13\/100\n|move|p1b: Annihilape|Drain Punch|p2a: Chien-Pao\n|-supereffective|p2a: Chien-Pao\n|-enditem|p2a: Chien-Pao|Focus Sash\n|-damage|p2a: Chien-Pao|1\/100\n|move|p1a: Tyranitar|Tera Blast|p2b: Great Tusk\n|-activate|p2b: Great Tusk|move: Protect\n|\n|-weather|Sandstorm|[upkeep]\n|-damage|p2a: Chien-Pao|0 fnt|[from] Sandstorm\n|-damage|p1b: Annihilape|95\/100|[from] Sandstorm\n|-damage|p1a: Tyranitar|7\/100|[from] Sandstorm\n|faint|p2a: Chien-Pao\n|-heal|p1b: Annihilape|100\/100|[from] item: Leftovers\n|upkeep\n|inactive|revocolombia has 30 seconds left.\n|\n|t:|1683804420\n|switch|p2a: Murkrow|Murkrow, L50, M|43\/100\n|turn|5\n|\n|t:|1683804442\n|move|p2a: Murkrow|Sunny Day|p2a: Murkrow\n|-weather|SunnyDay\n|-activate|p2b: Great Tusk|ability: Protosynthesis\n|-start|p2b: Great Tusk|protosynthesisatk\n|move|p2b: Great Tusk|Brick Break|p1a: Tyranitar\n|-resisted|p1a: Tyranitar\n|-damage|p1a: Tyranitar|0 fnt\n|faint|p1a: Tyranitar\n|move|p1b: Annihilape|Drain Punch|p2a: Murkrow\n|-damage|p2a: Murkrow|0 fnt\n|faint|p2a: Murkrow\n|\n|-weather|SunnyDay|[upkeep]\n|-sideend|p2: revocolombia|move: Tailwind\n|upkeep\n|\n|t:|1683804456\n|switch|p2a: Flutter Mane|Flutter Mane, L50|100\/100\n|-activate|p2a: Flutter Mane|ability: Protosynthesis\n|-start|p2a: Flutter Mane|protosynthesisspa\n|turn|6\n|\n|t:|1683804480\n|-terastallize|p2a: Flutter Mane|Fairy\n|move|p2a: Flutter Mane|Dazzling Gleam|p1b: Annihilape\n|-supereffective|p1b: Annihilape\n|-damage|p1b: Annihilape|0 fnt\n|faint|p1b: Annihilape\n|\n|win|revocolombia\n|raw|MarVik01's rating: 1333 → 1315<\/strong> (-18 for losing)\n|raw|revocolombia's rating: 1361 → 1379<\/strong> (+18 for winning)\n|l|\u2606MarVik01\n","uploadtime":1683804501,"views":16,"p1id":"marvik01","p2id":"revocolombia","formatid":"gen9vgc2023regulationc","rating":1315,"private":0,"password":""}