{"id":"gen9vgc2023regulationc-1859214458","p1":"Can'tStopFalling","p2":"Atrix MJ","format":"[Gen 9] VGC 2023 Regulation C","log":"|j|\u2606Can'tStopFalling\n|j|\u2606Atrix MJ\n|t:|1683418957\n|gametype|doubles\n|player|p1|Can'tStopFalling|parasollady|1378\n|player|p2|Atrix MJ|adaman|1491\n|teamsize|p1|6\n|teamsize|p2|6\n|gen|9\n|tier|[Gen 9] VGC 2023 Regulation C\n|rated|\n|rule|Species Clause: Limit one of each Pok\u00e9mon\n|rule|Item Clause: Limit one of each item\n|clearpoke\n|poke|p1|Palafin, L50, M|\n|poke|p1|Amoonguss, L50, F|\n|poke|p1|Arcanine, L50, F|\n|poke|p1|Flutter Mane, L50|\n|poke|p1|Stonjourner, L50, M|\n|poke|p1|Farigiraf, L50, F|\n|poke|p2|Chi-Yu, L50|\n|poke|p2|Amoonguss, L50, M|\n|poke|p2|Gyarados, L50, M|\n|poke|p2|Flutter Mane, L50|\n|poke|p2|Gothitelle, L50, M|\n|poke|p2|Iron Hands, L50|\n|teampreview|4\n|inactive|Battle timer is ON: inactive players will automatically lose when time's up. (requested by Atrix MJ)\n|\n|t:|1683418984\n|start\n|switch|p1a: Papaya|Stonjourner, L50, M|100\/100\n|switch|p1b: Passionfruit|Flutter Mane, L50|100\/100\n|switch|p2a: Gyarados|Gyarados, L50, M, shiny|100\/100\n|switch|p2b: Gothitelle|Gothitelle, L50, M|100\/100\n|-ability|p2a: Gyarados|Intimidate|boost\n|-unboost|p1a: Papaya|atk|1\n|-unboost|p1b: Passionfruit|atk|1\n|-enditem|p1b: Passionfruit|Booster Energy\n|-activate|p1b: Passionfruit|ability: Protosynthesis|[fromitem]\n|-start|p1b: Passionfruit|protosynthesisspa\n|turn|1\n|\n|t:|1683419007\n|move|p1b: Passionfruit|Protect|p1b: Passionfruit\n|-singleturn|p1b: Passionfruit|Protect\n|move|p2a: Gyarados|Protect|p2a: Gyarados\n|-singleturn|p2a: Gyarados|Protect\n|move|p1a: Papaya|Protect|p1a: Papaya\n|-singleturn|p1a: Papaya|Protect\n|move|p2b: Gothitelle|Trick Room|p2b: Gothitelle\n|-fieldstart|move: Trick Room|[of] p2b: Gothitelle\n|\n|upkeep\n|turn|2\n|inactive|Can'tStopFalling has 30 seconds left.\n|inactive|Can'tStopFalling has 20 seconds left.\n|\n|t:|1683419042\n|-terastallize|p1b: Passionfruit|Fairy\n|move|p2b: Gothitelle|Psychic|p1b: Passionfruit\n|-damage|p1b: Passionfruit|73\/100\n|-unboost|p1b: Passionfruit|spd|1\n|move|p1a: Papaya|Rock Slide|p2b: Gothitelle|[spread] p2a,p2b\n|-supereffective|p2a: Gyarados\n|-damage|p2a: Gyarados|52\/100\n|-damage|p2b: Gothitelle|78\/100\n|move|p2a: Gyarados|Waterfall|p1b: Passionfruit\n|-damage|p1b: Passionfruit|12\/100\n|cant|p1b: Passionfruit|flinch\n|\n|upkeep\n|turn|3\n|\n|t:|1683419061\n|switch|p2a: Iron Hands|Iron Hands, L50|100\/100\n|move|p1b: Passionfruit|Protect|p1b: Passionfruit\n|-singleturn|p1b: Passionfruit|Protect\n|move|p2b: Gothitelle|Psychic|p1b: Passionfruit\n|-activate|p1b: Passionfruit|move: Protect\n|move|p1a: Papaya|Rock Slide|p2a: Iron Hands|[spread] p2a,p2b\n|-resisted|p2a: Iron Hands\n|-damage|p2a: Iron Hands|95\/100\n|-damage|p2b: Gothitelle|58\/100\n|\n|upkeep\n|turn|4\n|inactive|Can'tStopFalling has 30 seconds left.\n|inactive|Can'tStopFalling has 20 seconds left.\n|inactive|Can'tStopFalling has 15 seconds left.\n|\n|t:|1683419101\n|move|p2a: Iron Hands|Swords Dance|p2a: Iron Hands\n|-boost|p2a: Iron Hands|atk|2\n|move|p2b: Gothitelle|Psychic|p1b: Passionfruit\n|-damage|p1b: Passionfruit|0 fnt\n|faint|p1b: Passionfruit\n|-end|p1b: Passionfruit|Protosynthesis|[silent]\n|move|p1a: Papaya|Rock Slide|p2b: Gothitelle|[spread] p2b\n|-miss|p1a: Papaya|p2a: Iron Hands\n|-damage|p2b: Gothitelle|38\/100\n|\n|upkeep\n|\n|t:|1683419103\n|switch|p1b: Cherry|Farigiraf, L50, F, shiny|100\/100\n|turn|5\n|inactive|Atrix MJ has 30 seconds left.\n|inactive|Atrix MJ has 20 seconds left.\n|inactive|Atrix MJ has 15 seconds left.\n|\n|t:|1683419144\n|move|p1b: Cherry|Protect|p1b: Cherry\n|-singleturn|p1b: Cherry|Protect\n|move|p1a: Papaya|Protect|p1a: Papaya\n|-singleturn|p1a: Papaya|Protect\n|move|p2a: Iron Hands|Drain Punch|p1a: Papaya\n|-activate|p1a: Papaya|move: Protect\n|move|p2b: Gothitelle|Psychic|p1a: Papaya\n|-activate|p1a: Papaya|move: Protect\n|\n|-fieldend|move: Trick Room\n|upkeep\n|turn|6\n|inactive|Can'tStopFalling has 30 seconds left.\n|inactive|Can'tStopFalling has 20 seconds left.\n|inactive|Can'tStopFalling has 15 seconds left.\n|inactive|Can'tStopFalling has 10 seconds left.\n|inactive|Can'tStopFalling has 5 seconds left.\n|\n|t:|1683419199\n|move|p1a: Papaya|Protect||[still]\n|-fail|p1a: Papaya\n|move|p1b: Cherry|Protect||[still]\n|-fail|p1b: Cherry\n|move|p2b: Gothitelle|Psychic|p1a: Papaya\n|-damage|p1a: Papaya|6\/100\n|move|p2a: Iron Hands|Drain Punch|p1b: Cherry\n|-crit|p1b: Cherry\n|-damage|p1b: Cherry|0 fnt\n|-heal|p2a: Iron Hands|100\/100|[from] drain|[of] p1b: Cherry\n|faint|p1b: Cherry\n|\n|upkeep\n|\n|t:|1683419203\n|switch|p1b: Orange|Amoonguss, L50, F|100\/100\n|turn|7\n|-message|Can'tStopFalling forfeited.\n|\n|win|Atrix MJ\n|raw|Can'tStopFalling's rating: 1378 → 1364<\/strong> (-14 for losing)\n|raw|Atrix MJ's rating: 1491 → 1505<\/strong> (+14 for winning)\n|l|\u2606Can'tStopFalling\n","uploadtime":1683419213,"views":6,"p1id":"cantstopfalling","p2id":"atrixmj","formatid":"gen9vgc2023regulationc","rating":1364,"private":0,"password":""}