{"id":"gen9vgc2023regulationc-1858562191","p1":"LumiShen","p2":"Jddjdjdks","format":"[Gen 9] VGC 2023 Regulation C","log":"|j|\u2606LumiShen\n|j|\u2606Jddjdjdks\n|t:|1683325656\n|gametype|doubles\n|player|p1|LumiShen|170|1079\n|player|p2|Jddjdjdks|unknown|1000\n|teamsize|p1|6\n|teamsize|p2|6\n|gen|9\n|tier|[Gen 9] VGC 2023 Regulation C\n|rated|\n|rule|Species Clause: Limit one of each Pok\u00e9mon\n|rule|Item Clause: Limit one of each item\n|clearpoke\n|poke|p1|Abomasnow, L50, M|\n|poke|p1|Iron Bundle, L50|\n|poke|p1|Chi-Yu, L50|\n|poke|p1|Wo-Chien, L50|\n|poke|p1|Azumarill, L50, F|\n|poke|p1|Scizor, L50, M|\n|poke|p2|Farigiraf, L50, M|\n|poke|p2|Iron Hands, L50|\n|poke|p2|Flutter Mane, L50|\n|poke|p2|Brute Bonnet, L50|\n|poke|p2|Lilligant, L50, F|\n|poke|p2|Torkoal, L50, M|\n|teampreview|4\n|inactive|Battle timer is ON: inactive players will automatically lose when time's up. (requested by Jddjdjdks)\n|c|\u2606LumiShen|glhf\n|inactive|LumiShen has 60 seconds left.\n|\n|t:|1683325711\n|start\n|switch|p1a: Chi-Yu|Chi-Yu, L50|100\/100\n|switch|p1b: Iron Bundle|Iron Bundle, L50|100\/100\n|switch|p2a: Melman|Farigiraf, L50, M|100\/100\n|switch|p2b: Mittens|Iron Hands, L50|100\/100\n|-ability|p1a: Chi-Yu|Beads of Ruin\n|-enditem|p1b: Iron Bundle|Booster Energy\n|-activate|p1b: Iron Bundle|ability: Quark Drive|[fromitem]\n|-start|p1b: Iron Bundle|quarkdrivespe\n|turn|1\n|inactive|LumiShen has 30 seconds left.\n|inactive|Jddjdjdks has 30 seconds left.\n|\n|t:|1683325738\n|-terastallize|p2a: Melman|Fairy\n|move|p1b: Iron Bundle|Protect|p1b: Iron Bundle\n|-singleturn|p1b: Iron Bundle|Protect\n|move|p2b: Mittens|Fake Out|p1b: Iron Bundle\n|-activate|p1b: Iron Bundle|move: Protect\n|move|p1a: Chi-Yu|Nasty Plot|p1a: Chi-Yu\n|-boost|p1a: Chi-Yu|spa|2\n|move|p2a: Melman|Trick Room|p2a: Melman\n|-fieldstart|move: Trick Room|[of] p2a: Melman\n|\n|upkeep\n|turn|2\n|\n|t:|1683325762\n|switch|p1a: Abomasnow|Abomasnow, L50, M|100\/100\n|-weather|Snow|[from] ability: Snow Warning|[of] p1a: Abomasnow\n|move|p2b: Mittens|Drain Punch|p1a: Abomasnow\n|-supereffective|p1a: Abomasnow\n|-damage|p1a: Abomasnow|42\/100\n|move|p2a: Melman|Dazzling Gleam|p1b: Iron Bundle|[spread] p1a,p1b\n|-damage|p1a: Abomasnow|12\/100\n|-damage|p1b: Iron Bundle|52\/100\n|move|p1b: Iron Bundle|Aurora Veil|p1b: Iron Bundle\n|-sidestart|p1: LumiShen|move: Aurora Veil\n|\n|-weather|Snow|[upkeep]\n|upkeep\n|turn|3\n|inactive|LumiShen has 30 seconds left.\n|\n|t:|1683325792\n|move|p1a: Abomasnow|Protect|p1a: Abomasnow\n|-singleturn|p1a: Abomasnow|Protect\n|move|p2b: Mittens|Drain Punch|p1b: Iron Bundle\n|-supereffective|p1b: Iron Bundle\n|-damage|p1b: Iron Bundle|11\/100\n|move|p2a: Melman|Dazzling Gleam|p1b: Iron Bundle|[spread] p1b\n|-activate|p1a: Abomasnow|move: Protect\n|-damage|p1b: Iron Bundle|0 fnt\n|faint|p1b: Iron Bundle\n|-end|p1b: Iron Bundle|Quark Drive|[silent]\n|\n|-weather|Snow|[upkeep]\n|upkeep\n|\n|t:|1683325803\n|switch|p1b: Chi-Yu|Chi-Yu, L50|100\/100\n|-ability|p1b: Chi-Yu|Beads of Ruin\n|turn|4\n|\n|t:|1683325816\n|-terastallize|p1b: Chi-Yu|Fire\n|move|p2b: Mittens|Drain Punch|p1b: Chi-Yu\n|-damage|p1b: Chi-Yu|58\/100\n|move|p1a: Abomasnow|Blizzard|p2b: Mittens|[spread] p2a,p2b\n|-crit|p2a: Melman\n|-damage|p2a: Melman|26\/100\n|-damage|p2b: Mittens|65\/100\n|move|p2a: Melman|Dazzling Gleam|p1b: Chi-Yu|[spread] p1a,p1b\n|-resisted|p1b: Chi-Yu\n|-damage|p1a: Abomasnow|0 fnt\n|-damage|p1b: Chi-Yu|47\/100\n|faint|p1a: Abomasnow\n|move|p1b: Chi-Yu|Heat Wave|p2a: Melman|[spread] p2a,p2b\n|-damage|p2a: Melman|0 fnt\n|-damage|p2b: Mittens|0 fnt\n|faint|p2a: Melman\n|faint|p2b: Mittens\n|-end|p2b: Mittens|Quark Drive|[silent]\n|-damage|p1b: Chi-Yu|37\/100|[from] item: Life Orb\n|\n|-weather|Snow|[upkeep]\n|upkeep\n|\n|t:|1683325833\n|switch|p2b: Ex-wife|Flutter Mane, L50|100\/100\n|switch|p2a: Mellow Bowser|Torkoal, L50, M|100\/100\n|switch|p1a: Azumarill|Azumarill, L50, F|100\/100\n|-weather|SunnyDay|[from] ability: Drought|[of] p2a: Mellow Bowser\n|-activate|p2b: Ex-wife|ability: Protosynthesis\n|-start|p2b: Ex-wife|protosynthesisspe\n|turn|5\n|inactive|LumiShen has 30 seconds left.\n|inactive|LumiShen has 20 seconds left.\n|\n|t:|1683325868\n|move|p1a: Azumarill|Aqua Jet|p2a: Mellow Bowser\n|-supereffective|p2a: Mellow Bowser\n|-damage|p2a: Mellow Bowser|80\/100\n|move|p2a: Mellow Bowser|Eruption|p1a: Azumarill|[spread] p1a,p1b\n|-resisted|p1a: Azumarill\n|-resisted|p1b: Chi-Yu\n|-damage|p1a: Azumarill|74\/100\n|-damage|p1b: Chi-Yu|11\/100\n|-damage|p2a: Mellow Bowser|71\/100|[from] item: Life Orb\n|move|p1b: Chi-Yu|Dark Pulse|p2b: Ex-wife\n|-damage|p2b: Ex-wife|22\/100\n|-damage|p1b: Chi-Yu|1\/100|[from] item: Life Orb\n|move|p2b: Ex-wife|Dazzling Gleam|p1b: Chi-Yu|[spread] p1a,p1b\n|-resisted|p1b: Chi-Yu\n|-crit|p1b: Chi-Yu\n|-damage|p1a: Azumarill|43\/100\n|-damage|p1b: Chi-Yu|0 fnt\n|faint|p1b: Chi-Yu\n|\n|-weather|SunnyDay|[upkeep]\n|-fieldend|move: Trick Room\n|upkeep\n|turn|6\n|inactive|LumiShen has 30 seconds left.\n|\n|t:|1683325896\n|move|p1a: Azumarill|Aqua Jet|p2b: Ex-wife\n|-damage|p2b: Ex-wife|0 fnt\n|faint|p2b: Ex-wife\n|-end|p2b: Ex-wife|Protosynthesis|[silent]\n|move|p2a: Mellow Bowser|Earth Power|p1a: Azumarill\n|-damage|p1a: Azumarill|27\/100\n|-damage|p2a: Mellow Bowser|61\/100|[from] item: Life Orb\n|\n|-weather|SunnyDay|[upkeep]\n|-sideend|p1: LumiShen|move: Aurora Veil\n|upkeep\n|turn|7\n|inactive|Jddjdjdks has 30 seconds left.\n|\n|t:|1683325922\n|move|p1a: Azumarill|Liquidation|p2a: Mellow Bowser\n|-supereffective|p2a: Mellow Bowser\n|-damage|p2a: Mellow Bowser|17\/100\n|move|p2a: Mellow Bowser|Heat Wave|p1a: Azumarill\n|-resisted|p1a: Azumarill\n|-damage|p1a: Azumarill|0 fnt\n|faint|p1a: Azumarill\n|-damage|p2a: Mellow Bowser|7\/100|[from] item: Life Orb\n|\n|win|Jddjdjdks\n|raw|LumiShen's rating: 1079 → 1052<\/strong> (-27 for losing)\n|raw|Jddjdjdks's rating: 1000 → 1049<\/strong> (+49 for winning)\n|l|\u2606Jddjdjdks\n|c|\u2606LumiShen|gg wp\n","uploadtime":1683325936,"views":5,"p1id":"lumishen","p2id":"jddjdjdks","formatid":"gen9vgc2023regulationc","rating":1049,"private":0,"password":""}