{"id":"gen9vgc2023regulationc-1862879471","p1":"Burner Accnt","p2":"SpooBear","format":"[Gen 9] VGC 2023 Regulation C","log":"|j|\u2606Burner Accnt\n|j|\u2606SpooBear\n|t:|1683932898\n|gametype|doubles\n|player|p1|Burner Accnt|bugcatcher-gen1|1111\n|player|p2|SpooBear|hiker-gen4|1061\n|teamsize|p1|6\n|teamsize|p2|6\n|gen|9\n|tier|[Gen 9] VGC 2023 Regulation C\n|rated|\n|rule|Species Clause: Limit one of each Pok\u00e9mon\n|rule|Item Clause: Limit one of each item\n|clearpoke\n|poke|p1|Kingambit, L50, M|\n|poke|p1|Torkoal, L50, M|\n|poke|p1|Flutter Mane, L50|\n|poke|p1|Jumpluff, L50, M|\n|poke|p1|Great Tusk, L50|\n|poke|p1|Chien-Pao, L50|\n|poke|p2|Amoonguss, L50, F|\n|poke|p2|Sylveon, L50, M|\n|poke|p2|Talonflame, L50, F|\n|poke|p2|Great Tusk, L50|\n|poke|p2|Iron Bundle, L50|\n|poke|p2|Gyarados, L50, F|\n|teampreview|4\nSpooBear has agreed to open team sheets.\n|inactive|Battle timer is ON: inactive players will automatically lose when time's up. (requested by Burner Accnt)\n|\n|t:|1683932927\n|start\n|switch|p1a: Kingambit|Kingambit, L50, M|100\/100\n|switch|p1b: Jumpluff|Jumpluff, L50, M|100\/100\n|switch|p2a: Talonflame|Talonflame, L50, F, shiny|100\/100\n|switch|p2b: Sylveon|Sylveon, L50, M, shiny|100\/100\n|turn|1\n|\n|t:|1683932945\n|-terastallize|p1a: Kingambit|Fire\n|move|p1b: Jumpluff|Tailwind|p1b: Jumpluff\n|-sidestart|p1: Burner Accnt|move: Tailwind\n|move|p1a: Kingambit|Iron Head|p2b: Sylveon\n|-supereffective|p2b: Sylveon\n|-damage|p2b: Sylveon|1\/100\n|move|p2a: Talonflame|Flare Blitz|p1a: Kingambit\n|-resisted|p1a: Kingambit\n|-damage|p1a: Kingambit|85\/100\n|-damage|p2a: Talonflame|95\/100|[from] Recoil\n|move|p2b: Sylveon|Hyper Voice|p1b: Jumpluff|[spread] p1a,p1b\n|-resisted|p1a: Kingambit\n|-damage|p1a: Kingambit|69\/100\n|-damage|p1b: Jumpluff|60\/100\n|-enditem|p2b: Sylveon|Throat Spray\n|-boost|p2b: Sylveon|spa|1|[from] item: Throat Spray\n|\n|upkeep\n|turn|2\n|\n|t:|1683932969\n|move|p2b: Sylveon|Protect|p2b: Sylveon\n|-singleturn|p2b: Sylveon|Protect\n|move|p1b: Jumpluff|Leaf Storm|p2b: Sylveon\n|-activate|p2b: Sylveon|move: Protect\n|move|p1a: Kingambit|Kowtow Cleave|p2a: Talonflame\n|-damage|p2a: Talonflame|43\/100\n|move|p2a: Talonflame|Tailwind|p2a: Talonflame\n|-sidestart|p2: SpooBear|move: Tailwind\n|\n|upkeep\n|turn|3\n|\n|t:|1683932981\n|move|p1a: Kingambit|Sucker Punch|p2a: Talonflame\n|-damage|p2a: Talonflame|6\/100\n|move|p1b: Jumpluff|Leaf Storm|p2b: Sylveon\n|-damage|p2b: Sylveon|0 fnt\n|-unboost|p1b: Jumpluff|spa|2\n|faint|p2b: Sylveon\n|move|p2a: Talonflame|Flare Blitz|p1b: Jumpluff\n|-supereffective|p1b: Jumpluff\n|-damage|p1b: Jumpluff|0 fnt\n|faint|p1b: Jumpluff\n|-damage|p2a: Talonflame|0 fnt|[from] Recoil\n|faint|p2a: Talonflame\n|\n|upkeep\n|\n|t:|1683932993\n|switch|p1b: Torkoal|Torkoal, L50, M|100\/100\n|switch|p2a: Great Tusk|Great Tusk, L50|100\/100\n|switch|p2b: Iron Bundle|Iron Bundle, L50, shiny|100\/100\n|-weather|SunnyDay|[from] ability: Drought|[of] p1b: Torkoal\n|-activate|p2a: Great Tusk|ability: Protosynthesis\n|-start|p2a: Great Tusk|protosynthesisatk\n|-enditem|p2b: Iron Bundle|Booster Energy\n|-activate|p2b: Iron Bundle|ability: Quark Drive|[fromitem]\n|-start|p2b: Iron Bundle|quarkdrivespe\n|turn|4\n|\n|t:|1683933008\n|move|p1b: Torkoal|Helping Hand|p1a: Kingambit\n|-singleturn|p1a: Kingambit|Helping Hand|[of] p1b: Torkoal\n|move|p2b: Iron Bundle|Protect|p2b: Iron Bundle\n|-singleturn|p2b: Iron Bundle|Protect\n|move|p1a: Kingambit|Sucker Punch||[still]\n|-fail|p1a: Kingambit\n|move|p2a: Great Tusk|Earthquake|p1a: Kingambit|[spread] p1a,p1b\n|-activate|p2b: Iron Bundle|move: Protect\n|-supereffective|p1a: Kingambit\n|-supereffective|p1b: Torkoal\n|-damage|p1a: Kingambit|0 fnt\n|-damage|p1b: Torkoal|29\/100\n|faint|p1a: Kingambit\n|\n|-weather|SunnyDay|[upkeep]\n|-sideend|p1: Burner Accnt|move: Tailwind\n|upkeep\n|\n|t:|1683933020\n|switch|p1a: Great Tusk|Great Tusk, L50|100\/100\n|-activate|p1a: Great Tusk|ability: Protosynthesis\n|-start|p1a: Great Tusk|protosynthesisatk\n|turn|5\n|\n|t:|1683933034\n|move|p1b: Torkoal|Helping Hand|p1a: Great Tusk\n|-singleturn|p1a: Great Tusk|Helping Hand|[of] p1b: Torkoal\n|move|p2b: Iron Bundle|Icy Wind|p1a: Great Tusk|[spread] p1a,p1b\n|-supereffective|p1a: Great Tusk\n|-resisted|p1b: Torkoal\n|-damage|p1a: Great Tusk|38\/100\n|-damage|p1b: Torkoal|19\/100\n|-unboost|p1a: Great Tusk|spe|1\n|-unboost|p1b: Torkoal|spe|1\n|move|p2a: Great Tusk|Close Combat|p1a: Great Tusk\n|-damage|p1a: Great Tusk|0 fnt\n|-unboost|p2a: Great Tusk|def|1\n|-unboost|p2a: Great Tusk|spd|1\n|faint|p1a: Great Tusk\n|-end|p1a: Great Tusk|Protosynthesis|[silent]\n|\n|-weather|SunnyDay|[upkeep]\n|-sideend|p2: SpooBear|move: Tailwind\n|upkeep\n|turn|6\n|-message|Burner Accnt forfeited.\n|\n|win|SpooBear\n|raw|Burner Accnt's rating: 1111 → 1082<\/strong> (-29 for losing)\n|raw|SpooBear's rating: 1061 → 1096<\/strong> (+35 for winning)\n|l|\u2606Burner Accnt\n","uploadtime":1683933055,"views":11,"p1id":"burneraccnt","p2id":"spoobear","formatid":"gen9vgc2023regulationc","rating":1082,"private":0,"password":""}