{"id":"gen9vgc2023regulationc-1849885407","p1":"NotSiuToday","p2":"Kirovz","format":"[Gen 9] VGC 2023 Regulation C","log":"|j|\u2606NotSiuToday\n|j|\u2606Kirovz\n|t:|1682264470\n|gametype|doubles\n|player|p1|NotSiuToday|pokemaniac|1144\n|player|p2|Kirovz|lance|1076\n|teamsize|p1|6\n|teamsize|p2|6\n|gen|9\n|tier|[Gen 9] VGC 2023 Regulation C\n|rated|\n|rule|Species Clause: Limit one of each Pok\u00e9mon\n|rule|Item Clause: Limit one of each item\n|clearpoke\n|poke|p1|Roaring Moon, L50|\n|poke|p1|Rotom-Heat, L50|\n|poke|p1|Amoonguss, L50, F|\n|poke|p1|Flutter Mane, L50|\n|poke|p1|Gyarados, L50, F|\n|poke|p1|Ting-Lu, L50|\n|poke|p2|Dondozo, L50, F|\n|poke|p2|Tatsugiri-Stretchy, L50, F|\n|poke|p2|Chi-Yu, L50|\n|poke|p2|Flutter Mane, L50|\n|poke|p2|Dragonite, L50, M|\n|poke|p2|Glimmora, L50, F|\n|teampreview|4\n|inactive|Battle timer is ON: inactive players will automatically lose when time's up. (requested by NotSiuToday)\n|\n|t:|1682264515\n|start\n|switch|p1a: Flutter Mane|Flutter Mane, L50|100\/100\n|switch|p1b: Roaring Moon|Roaring Moon, L50, shiny|100\/100\n|switch|p2a: Glimmora|Glimmora, L50, F|100\/100\n|switch|p2b: Dondozo|Dondozo, L50, F|100\/100\n|-enditem|p1b: Roaring Moon|Booster Energy\n|-activate|p1b: Roaring Moon|ability: Protosynthesis|[fromitem]\n|-start|p1b: Roaring Moon|protosynthesisspe\n|turn|1\n|\n|t:|1682264540\n|-end|p1b: Roaring Moon|Protosynthesis|[silent]\n|switch|p1b: Gyarados|Gyarados, L50, F|100\/100\n|-ability|p1b: Gyarados|Intimidate|boost\n|-unboost|p2a: Glimmora|atk|1\n|-unboost|p2b: Dondozo|atk|1\n|-terastallize|p1a: Flutter Mane|Fairy\n|move|p1a: Flutter Mane|Moonblast|p2b: Dondozo\n|-damage|p2b: Dondozo|44\/100\n|-unboost|p2b: Dondozo|spa|1\n|-enditem|p2b: Dondozo|Sitrus Berry|[eat]\n|-heal|p2b: Dondozo|69\/100|[from] item: Sitrus Berry\n|move|p2a: Glimmora|Toxic|p1a: Flutter Mane\n|-status|p1a: Flutter Mane|tox\n|move|p2b: Dondozo|Yawn|p1b: Gyarados\n|-start|p1b: Gyarados|move: Yawn|[of] p2b: Dondozo\n|\n|-damage|p1a: Flutter Mane|95\/100 tox|[from] psn\n|upkeep\n|turn|2\n|\n|t:|1682264561\n|switch|p1b: Amoonguss|Amoonguss, L50, F|100\/100\n|move|p2b: Dondozo|Protect|p2b: Dondozo\n|-singleturn|p2b: Dondozo|Protect\n|move|p1a: Flutter Mane|Moonblast|p2a: Glimmora\n|-resisted|p2a: Glimmora\n|-damage|p2a: Glimmora|39\/100\n|move|p2a: Glimmora|Toxic|p1b: Amoonguss\n|-immune|p1b: Amoonguss\n|\n|-damage|p1a: Flutter Mane|83\/100 tox|[from] psn\n|upkeep\n|turn|3\n|\n|t:|1682264581\n|move|p2a: Glimmora|Spiky Shield|p2a: Glimmora\n|-singleturn|p2a: Glimmora|move: Protect\n|move|p1b: Amoonguss|Rage Powder|p1b: Amoonguss\n|-singleturn|p1b: Amoonguss|move: Rage Powder\n|move|p1a: Flutter Mane|Moonblast|p2b: Dondozo\n|-damage|p2b: Dondozo|15\/100\n|move|p2b: Dondozo|Yawn|p1b: Amoonguss\n|-start|p1b: Amoonguss|move: Yawn|[of] p2b: Dondozo\n|\n|-damage|p1a: Flutter Mane|66\/100 tox|[from] psn\n|upkeep\n|turn|4\n|\n|t:|1682264600\n|switch|p1b: Gyarados|Gyarados, L50, F|100\/100\n|-ability|p1b: Gyarados|Intimidate|boost\n|-unboost|p2a: Glimmora|atk|1\n|-unboost|p2b: Dondozo|atk|1\n|move|p1a: Flutter Mane|Moonblast|p2a: Glimmora\n|-resisted|p2a: Glimmora\n|-damage|p2a: Glimmora|0 fnt\n|faint|p2a: Glimmora\n|move|p2b: Dondozo|Wave Crash|p1a: Flutter Mane\n|-damage|p1a: Flutter Mane|27\/100 tox\n|-damage|p2b: Dondozo|8\/100|[from] Recoil\n|\n|-damage|p1a: Flutter Mane|3\/100 tox|[from] psn\n|upkeep\n|\n|t:|1682264617\n|switch|p2a: Dragonite|Dragonite, L50, M|100\/100\n|turn|5\n|\n|t:|1682264629\n|-end|p1a: Flutter Mane|Protosynthesis|[silent]\n|switch|p1a: Amoonguss|Amoonguss, L50, F|100\/100\n|move|p2a: Dragonite|Protect|p2a: Dragonite\n|-singleturn|p2a: Dragonite|Protect\n|move|p2b: Dondozo|Protect|p2b: Dondozo\n|-singleturn|p2b: Dondozo|Protect\n|move|p1b: Gyarados|Ice Fang|p2a: Dragonite\n|-activate|p2a: Dragonite|move: Protect\n|\n|upkeep\n|turn|6\n|\n|t:|1682264642\n|switch|p1b: Roaring Moon|Roaring Moon, L50, shiny|100\/100\n|-terastallize|p2a: Dragonite|Normal\n|move|p2a: Dragonite|Extreme Speed|p1b: Roaring Moon\n|-damage|p1b: Roaring Moon|43\/100\n|move|p2b: Dondozo|Yawn|p1a: Amoonguss\n|-start|p1a: Amoonguss|move: Yawn|[of] p2b: Dondozo\n|move|p1a: Amoonguss|Spore|p2b: Dondozo\n|-status|p2b: Dondozo|slp|[from] move: Spore\n|\n|upkeep\n|turn|7\n|\n|t:|1682264661\n|switch|p1a: Gyarados|Gyarados, L50, F|100\/100\n|-ability|p1a: Gyarados|Intimidate|boost\n|-unboost|p2a: Dragonite|atk|1\n|-unboost|p2b: Dondozo|atk|1\n|move|p2a: Dragonite|Extreme Speed|p1b: Roaring Moon\n|-damage|p1b: Roaring Moon|4\/100\n|move|p1b: Roaring Moon|Tailwind|p1b: Roaring Moon\n|-sidestart|p1: NotSiuToday|move: Tailwind\n|cant|p2b: Dondozo|slp\n|\n|upkeep\n|turn|8\n|\n|t:|1682264678\n|move|p2a: Dragonite|Protect|p2a: Dragonite\n|-singleturn|p2a: Dragonite|Protect\n|move|p1b: Roaring Moon|Acrobatics|p2a: Dragonite\n|-activate|p2a: Dragonite|move: Protect\n|move|p1a: Gyarados|Ice Fang|p2b: Dondozo\n|-resisted|p2b: Dondozo\n|-damage|p2b: Dondozo|2\/100 slp\n|-curestatus|p2b: Dondozo|slp|[msg]\n|move|p2b: Dondozo|Yawn|p1a: Gyarados\n|-start|p1a: Gyarados|move: Yawn|[of] p2b: Dondozo\n|\n|upkeep\n|turn|9\n|\n|t:|1682264703\n|switch|p1a: Amoonguss|Amoonguss, L50, F|100\/100\n|move|p2a: Dragonite|Extreme Speed|p1b: Roaring Moon\n|-damage|p1b: Roaring Moon|0 fnt\n|faint|p1b: Roaring Moon\n|-end|p1b: Roaring Moon|Protosynthesis|[silent]\n|move|p2b: Dondozo|Yawn|p1a: Amoonguss\n|-start|p1a: Amoonguss|move: Yawn|[of] p2b: Dondozo\n|\n|upkeep\n|\n|t:|1682264714\n|switch|p1b: Flutter Mane|Flutter Mane, L50, tera:Fairy|3\/100 tox\n|turn|10\n|\n|t:|1682264720\n|move|p2a: Dragonite|Extreme Speed|p1b: Flutter Mane\n|-damage|p1b: Flutter Mane|0 fnt\n|faint|p1b: Flutter Mane\n|-end|p1b: Flutter Mane|Protosynthesis|[silent]\n|move|p1a: Amoonguss|Rage Powder|p1a: Amoonguss\n|-singleturn|p1a: Amoonguss|move: Rage Powder\n|move|p2b: Dondozo|Yawn||[still]\n|-fail|p2b: Dondozo\n|\n|-end|p1a: Amoonguss|move: Yawn|[silent]\n|-status|p1a: Amoonguss|slp\n|-sideend|p1: NotSiuToday|move: Tailwind\n|upkeep\n|\n|t:|1682264729\n|switch|p1b: Gyarados|Gyarados, L50, F|100\/100\n|-ability|p1b: Gyarados|Intimidate|boost\n|-unboost|p2a: Dragonite|atk|1\n|-unboost|p2b: Dondozo|atk|1\n|turn|11\n|\n|t:|1682264743\n|move|p1b: Gyarados|Waterfall|p2b: Dondozo\n|-resisted|p2b: Dondozo\n|-damage|p2b: Dondozo|0 fnt\n|faint|p2b: Dondozo\n|move|p2a: Dragonite|Aerial Ace|p1a: Amoonguss\n|-supereffective|p1a: Amoonguss\n|-damage|p1a: Amoonguss|71\/100 slp\n|cant|p1a: Amoonguss|slp\n|\n|upkeep\n|\n|t:|1682264745\n|switch|p2b: Flutter Mane|Flutter Mane, L50|100\/100\n|-enditem|p2b: Flutter Mane|Booster Energy\n|-activate|p2b: Flutter Mane|ability: Protosynthesis|[fromitem]\n|-start|p2b: Flutter Mane|protosynthesisspe\n|turn|12\n|\n|t:|1682264758\n|move|p2a: Dragonite|Extreme Speed|p1b: Gyarados\n|-damage|p1b: Gyarados|75\/100\n|move|p2b: Flutter Mane|Hex|p1a: Amoonguss\n|-damage|p1a: Amoonguss|19\/100 slp\n|-enditem|p1a: Amoonguss|Wiki Berry|[eat]\n|-heal|p1a: Amoonguss|52\/100 slp|[from] item: Wiki Berry\n|move|p1b: Gyarados|Ice Fang|p2a: Dragonite\n|-damage|p2a: Dragonite|92\/100\n|cant|p1a: Amoonguss|slp\n|\n|upkeep\n|turn|13\n|\n|t:|1682264774\n|move|p1b: Gyarados|Protect|p1b: Gyarados\n|-singleturn|p1b: Gyarados|Protect\n|move|p2a: Dragonite|Extreme Speed|p1a: Amoonguss\n|-damage|p1a: Amoonguss|34\/100 slp\n|move|p2b: Flutter Mane|Hex|p1a: Amoonguss\n|-damage|p1a: Amoonguss|0 fnt\n|faint|p1a: Amoonguss\n|\n|upkeep\n|turn|14\n|\n|t:|1682264788\n|move|p2a: Dragonite|Extreme Speed|p1b: Gyarados\n|-damage|p1b: Gyarados|50\/100\n|-enditem|p1b: Gyarados|Sitrus Berry|[eat]\n|-heal|p1b: Gyarados|75\/100|[from] item: Sitrus Berry\n|move|p2b: Flutter Mane|Substitute|p2b: Flutter Mane\n|-start|p2b: Flutter Mane|Substitute\n|-damage|p2b: Flutter Mane|76\/100\n|move|p1b: Gyarados|Waterfall|p2b: Flutter Mane\n|-end|p2b: Flutter Mane|Substitute\n|\n|upkeep\n|turn|15\n|\n|t:|1682264801\n|move|p2b: Flutter Mane|Protect|p2b: Flutter Mane\n|-singleturn|p2b: Flutter Mane|Protect\n|move|p2a: Dragonite|Extreme Speed|p1b: Gyarados\n|-damage|p1b: Gyarados|50\/100\n|move|p1b: Gyarados|Waterfall|p2a: Dragonite\n|-damage|p2a: Dragonite|59\/100\n|\n|upkeep\n|turn|16\n|\n|t:|1682264815\n|move|p2b: Flutter Mane|Moonblast|p1b: Gyarados\n|-damage|p1b: Gyarados|0 fnt\n|faint|p1b: Gyarados\n|\n|win|Kirovz\n|raw|NotSiuToday's rating: 1144 → 1114<\/strong> (-30 for losing)\n|raw|Kirovz's rating: 1076 → 1110<\/strong> (+34 for winning)\n","uploadtime":1682264822,"views":8,"p1id":"notsiutoday","p2id":"kirovz","formatid":"gen9vgc2023regulationc","rating":1110,"private":0,"password":""}