{"id":"gen9vgc2023regulationc-1857717119","p1":"thejordan103","p2":"FuratBang","format":"[Gen 9] VGC 2023 Regulation C","log":"|j|\u2606thejordan103\n|j|\u2606FuratBang\n|t:|1683225202\n|gametype|doubles\n|player|p1|thejordan103|1|\n|player|p2|FuratBang|crasherwake|\n|teamsize|p1|6\n|teamsize|p2|6\n|gen|9\n|tier|[Gen 9] VGC 2023 Regulation C\n|rule|Species Clause: Limit one of each Pok\u00e9mon\n|rule|Item Clause: Limit one of each item\n|clearpoke\n|poke|p1|Flutter Mane, L50|\n|poke|p1|Maushold, L50|\n|poke|p1|Scyther, L50, M|\n|poke|p1|Tauros-Paldea-Blaze, L50, M|\n|poke|p1|Oranguru, L50, F|\n|poke|p1|Copperajah, L50, M|\n|poke|p2|Flutter Mane, L50|\n|poke|p2|Volcarona, L50, M|\n|poke|p2|Flamigo, L50, M|\n|poke|p2|Dondozo, L50, M|\n|poke|p2|Tatsugiri, L50, M|\n|poke|p2|Krookodile, L50, M|\n|teampreview|4\n|c|\u2606FuratBang|alright\n|c|\u2606thejordan103|gl hf\n|\n|t:|1683225265\n|start\n|switch|p1a: Lizzo|Flutter Mane, L50|100\/100\n|switch|p1b: Scottie Pippen|Tauros-Paldea-Blaze, L50, M|100\/100\n|switch|p2a: Flutter Mane|Flutter Mane, L50|100\/100\n|switch|p2b: Tatsugiri|Tatsugiri, L50, M|100\/100\n|-ability|p1b: Scottie Pippen|Intimidate|boost\n|-unboost|p2a: Flutter Mane|atk|1\n|-unboost|p2b: Tatsugiri|atk|1\n|-enditem|p2a: Flutter Mane|Booster Energy\n|-activate|p2a: Flutter Mane|ability: Protosynthesis|[fromitem]\n|-start|p2a: Flutter Mane|protosynthesisspe\n|-enditem|p1a: Lizzo|Booster Energy\n|-activate|p1a: Lizzo|ability: Protosynthesis|[fromitem]\n|-start|p1a: Lizzo|protosynthesisspe\n|turn|1\n|\n|t:|1683225309\n|move|p1b: Scottie Pippen|Protect|p1b: Scottie Pippen\n|-singleturn|p1b: Scottie Pippen|Protect\n|move|p1a: Lizzo|Icy Wind|p2a: Flutter Mane|[spread] p2a,p2b\n|-damage|p2a: Flutter Mane|88\/100\n|-damage|p2b: Tatsugiri|84\/100\n|-unboost|p2a: Flutter Mane|spe|1\n|-unboost|p2b: Tatsugiri|spe|1\n|move|p2a: Flutter Mane|Icy Wind|p1b: Scottie Pippen|[spread] p1a\n|-activate|p1b: Scottie Pippen|move: Protect\n|-damage|p1a: Lizzo|88\/100\n|-unboost|p1a: Lizzo|spe|1\n|move|p2b: Tatsugiri|Muddy Water|p1b: Scottie Pippen|[spread] p1a\n|-activate|p1b: Scottie Pippen|move: Protect\n|-damage|p1a: Lizzo|57\/100\n|\n|upkeep\n|turn|2\n|\n|t:|1683225361\n|switch|p2b: Volcarona|Volcarona, L50, M|100\/100\n|move|p2a: Flutter Mane|Shadow Ball|p1a: Lizzo\n|-supereffective|p1a: Lizzo\n|-damage|p1a: Lizzo|0 fnt\n|faint|p1a: Lizzo\n|-end|p1a: Lizzo|Protosynthesis|[silent]\n|move|p1b: Scottie Pippen|Close Combat|p2b: Volcarona\n|-resisted|p2b: Volcarona\n|-damage|p2b: Volcarona|60\/100\n|-unboost|p1b: Scottie Pippen|def|1\n|-unboost|p1b: Scottie Pippen|spd|1\n|\n|upkeep\n|\n|t:|1683225370\n|switch|p1a: Sucaba|Scyther, L50, M|100\/100\n|turn|3\n|\n|t:|1683225402\n|-terastallize|p1a: Sucaba|Fire\n|move|p1b: Scottie Pippen|Protect|p1b: Scottie Pippen\n|-singleturn|p1b: Scottie Pippen|Protect\n|move|p2a: Flutter Mane|Icy Wind|p1a: Sucaba|[spread] p1a\n|-activate|p1b: Scottie Pippen|move: Protect\n|-resisted|p1a: Sucaba\n|-damage|p1a: Sucaba|95\/100\n|-unboost|p1a: Sucaba|spe|1\n|move|p2b: Volcarona|Fiery Dance|p1a: Sucaba\n|-resisted|p1a: Sucaba\n|-damage|p1a: Sucaba|75\/100\n|move|p1a: Sucaba|Tailwind|p1a: Sucaba\n|-sidestart|p1: thejordan103|move: Tailwind\n|\n|upkeep\n|turn|4\n|c|\u2606FuratBang|urgh\n|\n|t:|1683225450\n|move|p2b: Volcarona|Rage Powder|p2b: Volcarona\n|-singleturn|p2b: Volcarona|move: Rage Powder\n|move|p1b: Scottie Pippen|Flare Blitz|p2b: Volcarona\n|-damage|p2b: Volcarona|0 fnt\n|faint|p2b: Volcarona\n|-damage|p1b: Scottie Pippen|80\/100|[from] Recoil\n|move|p1a: Sucaba|Aerial Ace|p2a: Flutter Mane\n|-damage|p2a: Flutter Mane|21\/100\n|move|p2a: Flutter Mane|Trick Room|p2a: Flutter Mane\n|-fieldstart|move: Trick Room|[of] p2a: Flutter Mane\n|\n|upkeep\n|c|\u2606thejordan103|OH SNAP\n|\n|t:|1683225463\n|switch|p2b: Dondozo|Dondozo, L50, M|100\/100\n|turn|5\n|c|\u2606FuratBang|hahaha\n|c|\u2606thejordan103|well that's an insta-lose for me\n|\n|t:|1683225534\n|-end|p2a: Flutter Mane|Protosynthesis|[silent]\n|switch|p2a: Tatsugiri|Tatsugiri, L50, M|84\/100\n|-activate|p2a: Tatsugiri|ability: Commander|[of] p2b: Dondozo\n|-boost|p2b: Dondozo|atk|2\n|-boost|p2b: Dondozo|spa|2\n|-boost|p2b: Dondozo|spe|2\n|-boost|p2b: Dondozo|def|2\n|-boost|p2b: Dondozo|spd|2\n|move|p2b: Dondozo|Earthquake|p1b: Scottie Pippen|[spread] p1a,p1b\n|-miss|p2b: Dondozo|p2a: Tatsugiri\n|-supereffective|p1a: Sucaba\n|-supereffective|p1b: Scottie Pippen\n|-damage|p1a: Sucaba|0 fnt\n|-damage|p1b: Scottie Pippen|0 fnt\n|faint|p1a: Sucaba\n|faint|p1b: Scottie Pippen\n|\n|upkeep\n|\n|t:|1683225544\n|switch|p1b: Gaming|Maushold, L50|100\/100\n|turn|6\n|c|\u2606thejordan103|gg, i would forfeit here to preserve info\n|c|\u2606FuratBang|yeah\n|-message|thejordan103 forfeited.\n|\n|win|FuratBang\n|player|p1|thejordan103|1\n|c|\u2606FuratBang|watch out for the tr dazo\n","uploadtime":1683225581,"views":5,"p1id":"thejordan103","p2id":"furatbang","formatid":"gen9vgc2023regulationc","rating":0,"private":0,"password":""}