{"id":"gen9vgc2023regulationc-1859833023","p1":"WhatWasIC00KING","p2":"Just Crit And Win","format":"[Gen 9] VGC 2023 Regulation C","log":"|j|\u2606WhatWasIC00KING\n|j|\u2606Just Crit And Win\n|t:|1683568309\n|gametype|doubles\n|player|p1|WhatWasIC00KING|gambler|\n|player|p2|Just Crit And Win|1|\n|teamsize|p1|6\n|teamsize|p2|6\n|gen|9\n|tier|[Gen 9] VGC 2023 Regulation C\n|rule|Species Clause: Limit one of each Pok\u00e9mon\n|rule|Item Clause: Limit one of each item\n|clearpoke\n|poke|p1|Iron Hands, L50|\n|poke|p1|Oranguru, L50, M|\n|poke|p1|Hatterene, L50, F|\n|poke|p1|Kingambit, L50, M|\n|poke|p1|Torkoal, L50, M|\n|poke|p1|Indeedee-F, L50, F|\n|poke|p2|Flutter Mane, L50|\n|poke|p2|Arcanine, L50, F|\n|poke|p2|Palafin, L50, F|\n|poke|p2|Chien-Pao, L50|\n|poke|p2|Great Tusk, L50|\n|poke|p2|Amoonguss, L50, F|\n|teampreview|4\n|inactive|Battle timer is ON: inactive players will automatically lose when time's up. (requested by Just Crit And Win)\nJust Crit And Win has agreed to open team sheets.\nWhatWasIC00KING has agreed to open team sheets.\n|inactive|Just Crit And Win has 60 seconds left.\n|\n|t:|1683568356\n|start\n|switch|p1a: Iron Hands|Iron Hands, L50|100\/100\n|switch|p1b: Oranguru|Oranguru, L50, M, shiny|100\/100\n|switch|p2a: Flutter Mane|Flutter Mane, L50|100\/100\n|switch|p2b: Chien-Pao|Chien-Pao, L50|100\/100\n|-ability|p2b: Chien-Pao|Sword of Ruin\n|-enditem|p2a: Flutter Mane|Booster Energy\n|-activate|p2a: Flutter Mane|ability: Protosynthesis|[fromitem]\n|-start|p2a: Flutter Mane|protosynthesisspa\n|turn|1\n|\n|t:|1683568377\n|-terastallize|p2b: Chien-Pao|Ghost\n|move|p2b: Chien-Pao|Taunt|p1b: Oranguru\n|-start|p1b: Oranguru|move: Taunt\n|move|p2a: Flutter Mane|Substitute|p2a: Flutter Mane\n|-start|p2a: Flutter Mane|Substitute\n|-damage|p2a: Flutter Mane|76\/100\n|move|p1b: Oranguru|Chilling Water|p2b: Chien-Pao\n|-damage|p2b: Chien-Pao|84\/100\n|-unboost|p2b: Chien-Pao|atk|1\n|move|p1a: Iron Hands|Wild Charge|p2a: Flutter Mane\n|-end|p2a: Flutter Mane|Substitute\n|-damage|p1a: Iron Hands|96\/100|[from] Recoil|[of] p2a: Flutter Mane\n|\n|upkeep\n|turn|2\n|inactive|WhatWasIC00KING has 30 seconds left.\n|inactive|Just Crit And Win has 30 seconds left.\n|\n|t:|1683568404\n|switch|p2b: Amoonguss|Amoonguss, L50, F|100\/100\n|-end|p1a: Iron Hands|Quark Drive|[silent]\n|switch|p1a: Kingambit|Kingambit, L50, M|100\/100\n|move|p2a: Flutter Mane|Protect|p2a: Flutter Mane\n|-singleturn|p2a: Flutter Mane|Protect\n|move|p1b: Oranguru|Chilling Water|p2b: Amoonguss\n|-resisted|p2b: Amoonguss\n|-crit|p2b: Amoonguss\n|-damage|p2b: Amoonguss|93\/100\n|-unboost|p2b: Amoonguss|atk|1\n|\n|upkeep\n|turn|3\n|\n|t:|1683568425\n|switch|p1b: Hatterene|Hatterene, L50, F|100\/100\n|move|p2a: Flutter Mane|Moonblast|p1a: Kingambit\n|-damage|p1a: Kingambit|36\/100\n|-unboost|p1a: Kingambit|spa|1\n|-ability|p1a: Kingambit|Defiant|boost\n|-boost|p1a: Kingambit|atk|2\n|move|p1a: Kingambit|Swords Dance|p1a: Kingambit\n|-boost|p1a: Kingambit|atk|2\n|move|p2b: Amoonguss|Spore|p1b: Hatterene\n|move|p1b: Hatterene|Spore|p2b: Amoonguss|[from]ability: Magic Bounce\n|-immune|p2b: Amoonguss\n|\n|upkeep\n|turn|4\n|\n|t:|1683568447\n|move|p1a: Kingambit|Sucker Punch|p2a: Flutter Mane\n|-damage|p2a: Flutter Mane|0 fnt\n|faint|p2a: Flutter Mane\n|-end|p2a: Flutter Mane|Protosynthesis|[silent]\n|move|p2b: Amoonguss|Pollen Puff|p2: Flutter Mane|[notarget]\n|-fail|p2b: Amoonguss\n|move|p1b: Hatterene|Trick Room|p1b: Hatterene\n|-fieldstart|move: Trick Room|[of] p1b: Hatterene\n|\n|upkeep\n|\n|t:|1683568450\n|switch|p2a: Great Tusk|Great Tusk, L50|100\/100\n|turn|5\n|\n|t:|1683568460\n|move|p2b: Amoonguss|Protect|p2b: Amoonguss\n|-singleturn|p2b: Amoonguss|Protect\n|move|p1b: Hatterene|Dazzling Gleam|p2b: Amoonguss|[spread] p2a\n|-activate|p2b: Amoonguss|move: Protect\n|-supereffective|p2a: Great Tusk\n|-damage|p2a: Great Tusk|0 fnt\n|faint|p2a: Great Tusk\n|-end|p2a: Great Tusk|Protosynthesis|[silent]\n|-damage|p1b: Hatterene|91\/100|[from] item: Life Orb\n|move|p1a: Kingambit|Kowtow Cleave|p2b: Amoonguss\n|-activate|p2b: Amoonguss|move: Protect\n|\n|upkeep\n|\n|t:|1683568466\n|switch|p2a: Chien-Pao|Chien-Pao, L50, tera:Ghost|84\/100\n|-ability|p2a: Chien-Pao|Sword of Ruin\n|turn|6\n|\n|t:|1683568481\n|move|p1b: Hatterene|Psychic|p2b: Amoonguss\n|-supereffective|p2b: Amoonguss\n|-damage|p2b: Amoonguss|0 fnt\n|faint|p2b: Amoonguss\n|-damage|p1b: Hatterene|81\/100|[from] item: Life Orb\n|move|p1a: Kingambit|Kowtow Cleave|p2a: Chien-Pao\n|-supereffective|p2a: Chien-Pao\n|-damage|p2a: Chien-Pao|0 fnt\n|faint|p2a: Chien-Pao\n|\n|win|WhatWasIC00KING\n|l|\u2606Just Crit And Win\n","uploadtime":1683568486,"views":8,"p1id":"whatwasic00king","p2id":"justcritandwin","formatid":"gen9vgc2023regulationc","rating":0,"private":0,"password":""}