{"id":"gen9vgc2023regulationc-1861596645","p1":"vicburgos","p2":"foiledfeline","format":"[Gen 9] VGC 2023 Regulation C","log":"|j|\u2606vicburgos\n|j|\u2606foiledfeline\n|t:|1683778691\n|gametype|doubles\n|player|p1|vicburgos|1|1249\n|player|p2|foiledfeline|steven|1193\n|teamsize|p1|6\n|teamsize|p2|6\n|gen|9\n|tier|[Gen 9] VGC 2023 Regulation C\n|rated|\n|rule|Species Clause: Limit one of each Pok\u00e9mon\n|rule|Item Clause: Limit one of each item\n|clearpoke\n|poke|p1|Grimmsnarl, L50, M|\n|poke|p1|Vaporeon, L50, M|\n|poke|p1|Goodra, L50, F|\n|poke|p1|Flutter Mane, L50|\n|poke|p1|Indeedee-F, L50, F|\n|poke|p1|Annihilape, L50, F|\n|poke|p2|Chi-Yu, L50|\n|poke|p2|Talonflame, L50, M|\n|poke|p2|Breloom, L50, M|\n|poke|p2|Gyarados, L50, F|\n|poke|p2|Garchomp, L50, F|\n|poke|p2|Flutter Mane, L50|\n|teampreview|4\nfoiledfeline has agreed to open team sheets.\n|\n|t:|1683778762\n|start\n|switch|p1a: Grimmsnarl|Grimmsnarl, L50, M|100\/100\n|switch|p1b: Flutter Mane|Flutter Mane, L50|100\/100\n|switch|p2a: Talonflame|Talonflame, L50, M|100\/100\n|switch|p2b: Garchomp|Garchomp, L50, F|100\/100\n|turn|1\n|\n|t:|1683778799\n|-terastallize|p2a: Talonflame|Ghost\n|move|p2a: Talonflame|Brave Bird|p1b: Flutter Mane\n|-damage|p1b: Flutter Mane|0 fnt\n|faint|p1b: Flutter Mane\n|-end|p1b: Flutter Mane|Protosynthesis|[silent]\n|-damage|p2a: Talonflame|73\/100|[from] Recoil\n|-damage|p2a: Talonflame|63\/100|[from] item: Life Orb\n|move|p1a: Grimmsnarl|Reflect|p1a: Grimmsnarl\n|-sidestart|p1: vicburgos|Reflect\n|move|p2b: Garchomp|Rock Slide|p1a: Grimmsnarl\n|-damage|p1a: Grimmsnarl|76\/100\n|\n|upkeep\n|\n|t:|1683778820\n|switch|p1b: Goodra|Goodra, L50, F|100\/100\n|turn|2\n|\n|t:|1683778838\n|move|p2a: Talonflame|Brave Bird|p1a: Grimmsnarl\n|-damage|p1a: Grimmsnarl|25\/100\n|-damage|p2a: Talonflame|41\/100|[from] Recoil\n|-damage|p2a: Talonflame|31\/100|[from] item: Life Orb\n|move|p2b: Garchomp|Dragon Claw|p1b: Goodra\n|-supereffective|p1b: Goodra\n|-damage|p1b: Goodra|44\/100\n|move|p1b: Goodra|Life Dew|p1b: Goodra|[spread] p1a,p1b\n|-heal|p1a: Grimmsnarl|50\/100\n|-heal|p1b: Goodra|69\/100\n|move|p1a: Grimmsnarl|Spirit Break|p2b: Garchomp\n|-supereffective|p2b: Garchomp\n|-damage|p2b: Garchomp|21\/100\n|-damage|p1a: Grimmsnarl|38\/100|[from] ability: Rough Skin|[of] p2b: Garchomp\n|\n|upkeep\n|turn|3\n|\n|t:|1683778867\n|move|p1a: Grimmsnarl|Light Screen|p1a: Grimmsnarl\n|-sidestart|p1: vicburgos|move: Light Screen\n|move|p2a: Talonflame|Brave Bird|p1b: Goodra\n|-damage|p1b: Goodra|36\/100\n|-damage|p2a: Talonflame|17\/100|[from] Recoil\n|-damage|p2a: Talonflame|8\/100|[from] item: Life Orb\n|move|p2b: Garchomp|Dragon Claw|p1b: Goodra\n|-supereffective|p1b: Goodra\n|-damage|p1b: Goodra|0 fnt\n|faint|p1b: Goodra\n|\n|upkeep\n|\n|t:|1683778877\n|switch|p1b: Annihilape|Annihilape, L50, F|100\/100\n|turn|4\n|\n|t:|1683778897\n|-terastallize|p1b: Annihilape|Normal\n|move|p2a: Talonflame|Brave Bird|p1b: Annihilape\n|-damage|p1b: Annihilape|59\/100\n|-damage|p2a: Talonflame|0 fnt|[from] Recoil\n|faint|p2a: Talonflame\n|move|p2b: Garchomp|Earthquake|p1a: Grimmsnarl|[spread] p1a,p1b\n|-damage|p1a: Grimmsnarl|1\/100\n|-damage|p1b: Annihilape|30\/100\n|move|p1b: Annihilape|Rage Fist|p2b: Garchomp\n|-damage|p2b: Garchomp|0 fnt\n|-damage|p1b: Annihilape|17\/100|[from] ability: Rough Skin|[of] p2b: Garchomp\n|-enditem|p1b: Annihilape|Figy Berry|[eat]\n|-heal|p1b: Annihilape|50\/100|[from] item: Figy Berry\n|faint|p2b: Garchomp\n|move|p1a: Grimmsnarl|Spirit Break|p2: Talonflame|[notarget]\n|-fail|p1a: Grimmsnarl\n|\n|upkeep\n|\n|t:|1683778914\n|switch|p2a: Flutter Mane|Flutter Mane, L50|100\/100\n|switch|p2b: Chi-Yu|Chi-Yu, L50|100\/100\n|-ability|p2b: Chi-Yu|Beads of Ruin\n|-enditem|p2a: Flutter Mane|Booster Energy\n|-activate|p2a: Flutter Mane|ability: Protosynthesis|[fromitem]\n|-start|p2a: Flutter Mane|protosynthesisspa\n|turn|5\n|\n|t:|1683778930\n|move|p2a: Flutter Mane|Dazzling Gleam|p1b: Annihilape|[spread] p1a,p1b\n|-supereffective|p1a: Grimmsnarl\n|-damage|p1a: Grimmsnarl|0 fnt\n|-damage|p1b: Annihilape|28\/100\n|faint|p1a: Grimmsnarl\n|move|p2b: Chi-Yu|Dark Pulse|p1b: Annihilape\n|-damage|p1b: Annihilape|0 fnt\n|faint|p1b: Annihilape\n|\n|win|foiledfeline\n|raw|vicburgos's rating: 1249 → 1220<\/strong> (-29 for losing)\n|raw|foiledfeline's rating: 1193 → 1222<\/strong> (+29 for winning)\n|l|\u2606vicburgos\n","uploadtime":1683778939,"views":18,"p1id":"vicburgos","p2id":"foiledfeline","formatid":"gen9vgc2023regulationc","rating":1220,"private":0,"password":""}