{"id":"gen9vgc2023regulationc-1856969853","p1":"WhatWasIC00KING","p2":"Windows11Goated","format":"[Gen 9] VGC 2023 Regulation C","log":"|j|\u2606WhatWasIC00KING\n|j|\u2606Windows11Goated\n|t:|1683131828\n|gametype|doubles\n|player|p1|WhatWasIC00KING|gambler|\n|player|p2|Windows11Goated|169|\n|teamsize|p1|6\n|teamsize|p2|6\n|gen|9\n|tier|[Gen 9] VGC 2023 Regulation C\n|rule|Species Clause: Limit one of each Pok\u00e9mon\n|rule|Item Clause: Limit one of each item\n|clearpoke\n|poke|p1|Ting-Lu, L50|\n|poke|p1|Annihilape, L50, F|\n|poke|p1|Palafin, L50, F|\n|poke|p1|Flutter Mane, L50|\n|poke|p1|Arcanine, L50, F|\n|poke|p1|Amoonguss, L50, F|\n|poke|p2|Iron Bundle, L50|\n|poke|p2|Abomasnow, L50, F|\n|poke|p2|Maushold-Four, L50|\n|poke|p2|Annihilape, L50, M|\n|poke|p2|Ting-Lu, L50|\n|poke|p2|Chi-Yu, L50|\n|teampreview|4\n|inactive|Battle timer is ON: inactive players will automatically lose when time's up. (requested by Windows11Goated)\nWhatWasIC00KING has agreed to open team sheets.\nWindows11Goated has agreed to open team sheets.\n|c|\u2606Windows11Goated|glhf\n|c|\u2606Windows11Goated|had to mute a sec\n|c|\u2606WhatWasIC00KING|u2\n|c|\u2606WhatWasIC00KING|no worries\n|inactive|WhatWasIC00KING has 60 seconds left.\n|inactive|Windows11Goated has 60 seconds left.\n|\n|t:|1683131872\n|start\n|switch|p1a: Ares|Annihilape, L50, F, shiny|100\/100\n|switch|p1b: Aeolus|Arcanine, L50, F, shiny|100\/100\n|switch|p2a: Iron Bundle|Iron Bundle, L50|100\/100\n|switch|p2b: Abomasnow|Abomasnow, L50, F|100\/100\n|-ability|p1b: Aeolus|Intimidate|boost\n|-unboost|p2a: Iron Bundle|atk|1\n|-unboost|p2b: Abomasnow|atk|1\n|-weather|Snow|[from] ability: Snow Warning|[of] p2b: Abomasnow\n|-enditem|p2a: Iron Bundle|Booster Energy\n|-activate|p2a: Iron Bundle|ability: Quark Drive|[fromitem]\n|-start|p2a: Iron Bundle|quarkdrivespe\n|turn|1\n|inactive|Windows11Goated has 30 seconds left.\n|inactive|WhatWasIC00KING has 30 seconds left.\n|inactive|Windows11Goated has 20 seconds left.\n|\n|t:|1683131908\n|-terastallize|p2b: Abomasnow|Water\n|move|p2a: Iron Bundle|Freeze-Dry|p1b: Aeolus\n|-resisted|p1b: Aeolus\n|-damage|p1b: Aeolus|81\/100\n|move|p1b: Aeolus|Snarl|p2a: Iron Bundle|[spread] p2a,p2b\n|-damage|p2a: Iron Bundle|84\/100\n|-damage|p2b: Abomasnow|92\/100\n|-unboost|p2a: Iron Bundle|spa|1\n|-unboost|p2b: Abomasnow|spa|1\n|move|p1a: Ares|Drain Punch|p2b: Abomasnow\n|-damage|p2b: Abomasnow|56\/100\n|move|p2b: Abomasnow|Aurora Veil|p2b: Abomasnow\n|-sidestart|p2: Windows11Goated|move: Aurora Veil\n|\n|-weather|Snow|[upkeep]\n|upkeep\n|turn|2\n|\n|t:|1683131933\n|switch|p2b: Annihilape|Annihilape, L50, M|100\/100\n|move|p2a: Iron Bundle|Blizzard|p1a: Ares|[spread] p1a,p1b\n|-resisted|p1b: Aeolus\n|-damage|p1a: Ares|79\/100\n|-damage|p1b: Aeolus|67\/100\n|-status|p1b: Aeolus|frz\n|cant|p1b: Aeolus|frz\n|move|p1a: Ares|Bulk Up|p1a: Ares\n|-boost|p1a: Ares|atk|1\n|-boost|p1a: Ares|def|1\n|\n|-weather|Snow|[upkeep]\n|-heal|p1a: Ares|85\/100|[from] item: Leftovers\n|upkeep\n|turn|3\n|\n|t:|1683131952\n|move|p1a: Ares|Protect|p1a: Ares\n|-singleturn|p1a: Ares|Protect\n|move|p2a: Iron Bundle|Blizzard|p1b: Aeolus|[spread] p1b\n|-activate|p1a: Ares|move: Protect\n|-resisted|p1b: Aeolus\n|-crit|p1b: Aeolus\n|-damage|p1b: Aeolus|36\/100 frz\n|-curestatus|p1b: Aeolus|frz|[msg]\n|move|p1b: Aeolus|Will-O-Wisp|p2b: Annihilape\n|-status|p2b: Annihilape|brn\n|move|p2b: Annihilape|Bulk Up|p2b: Annihilape\n|-boost|p2b: Annihilape|atk|1\n|-boost|p2b: Annihilape|def|1\n|\n|-weather|Snow|[upkeep]\n|-heal|p1a: Ares|91\/100|[from] item: Leftovers\n|-damage|p2b: Annihilape|95\/100 brn|[from] brn\n|upkeep\n|turn|4\n|inactive|WhatWasIC00KING has 30 seconds left.\n|\n|t:|1683131985\n|move|p1b: Aeolus|Protect|p1b: Aeolus\n|-singleturn|p1b: Aeolus|Protect\n|move|p2a: Iron Bundle|Freeze-Dry|p1b: Aeolus\n|-activate|p1b: Aeolus|move: Protect\n|move|p1a: Ares|Bulk Up|p1a: Ares\n|-boost|p1a: Ares|atk|1\n|-boost|p1a: Ares|def|1\n|move|p2b: Annihilape|Bulk Up|p2b: Annihilape\n|-boost|p2b: Annihilape|atk|1\n|-boost|p2b: Annihilape|def|1\n|\n|-weather|Snow|[upkeep]\n|-heal|p1a: Ares|97\/100|[from] item: Leftovers\n|-heal|p2b: Annihilape|100\/100 brn|[from] item: Leftovers\n|-damage|p2b: Annihilape|95\/100 brn|[from] brn\n|upkeep\n|turn|5\n|\n|t:|1683132005\n|move|p2a: Iron Bundle|Hydro Pump|p1b: Aeolus\n|-supereffective|p1b: Aeolus\n|-damage|p1b: Aeolus|0 fnt\n|faint|p1b: Aeolus\n|move|p1a: Ares|Rage Fist|p2b: Annihilape\n|-supereffective|p2b: Annihilape\n|-damage|p2b: Annihilape|35\/100 brn\n|move|p2b: Annihilape|Rage Fist|p1a: Ares\n|-supereffective|p1a: Ares\n|-damage|p1a: Ares|51\/100\n|\n|-weather|none\n|-heal|p1a: Ares|57\/100|[from] item: Leftovers\n|-heal|p2b: Annihilape|41\/100 brn|[from] item: Leftovers\n|-damage|p2b: Annihilape|35\/100 brn|[from] brn\n|upkeep\n|\n|t:|1683132021\n|switch|p1b: Eris|Flutter Mane, L50|100\/100\n|turn|6\n|\n|t:|1683132037\n|switch|p2b: Abomasnow|Abomasnow, L50, F, tera:Water|56\/100\n|-weather|Snow|[from] ability: Snow Warning|[of] p2b: Abomasnow\n|-terastallize|p1a: Ares|Fire\n|move|p2a: Iron Bundle|Blizzard|p1b: Eris|[spread] p1a,p1b\n|-resisted|p1a: Ares\n|-damage|p1a: Ares|48\/100\n|-damage|p1b: Eris|73\/100\n|move|p1b: Eris|Dazzling Gleam|p2b: Abomasnow|[spread] p2a,p2b\n|-damage|p2a: Iron Bundle|23\/100\n|-damage|p2b: Abomasnow|22\/100\n|move|p1a: Ares|Drain Punch|p2a: Iron Bundle\n|-supereffective|p2a: Iron Bundle\n|-damage|p2a: Iron Bundle|0 fnt\n|-heal|p1a: Ares|54\/100|[from] drain|[of] p2a: Iron Bundle\n|faint|p2a: Iron Bundle\n|-end|p2a: Iron Bundle|Quark Drive|[silent]\n|\n|-weather|Snow|[upkeep]\n|-heal|p1a: Ares|60\/100|[from] item: Leftovers\n|upkeep\n|\n|t:|1683132048\n|switch|p2a: Ting-Lu|Ting-Lu, L50|100\/100\n|-ability|p2a: Ting-Lu|Vessel of Ruin\n|turn|7\n|\n|t:|1683132062\n|move|p1b: Eris|Dazzling Gleam|p2b: Abomasnow|[spread] p2a,p2b\n|-supereffective|p2a: Ting-Lu\n|-damage|p2a: Ting-Lu|83\/100\n|-damage|p2b: Abomasnow|0 fnt\n|faint|p2b: Abomasnow\n|move|p1a: Ares|Drain Punch|p2a: Ting-Lu\n|-supereffective|p2a: Ting-Lu\n|-damage|p2a: Ting-Lu|39\/100\n|-heal|p1a: Ares|88\/100|[from] drain|[of] p2a: Ting-Lu\n|move|p2a: Ting-Lu|Fissure|p1a: Ares\n|-damage|p1a: Ares|0 fnt\n|faint|p1a: Ares\n|-ohko\n|\n|-weather|Snow|[upkeep]\n|upkeep\n|\n|t:|1683132075\n|switch|p1a: Perses|Ting-Lu, L50|100\/100\n|switch|p2b: Annihilape|Annihilape, L50, M|35\/100 brn\n|-ability|p1a: Perses|Vessel of Ruin\n|turn|8\n|\n|t:|1683132086\n|move|p1b: Eris|Dazzling Gleam|p2a: Ting-Lu|[spread] p2a,p2b\n|-supereffective|p2a: Ting-Lu\n|-supereffective|p2b: Annihilape\n|-damage|p2a: Ting-Lu|20\/100\n|-damage|p2b: Annihilape|0 fnt\n|faint|p2b: Annihilape\n|move|p1a: Perses|Stomping Tantrum|p2a: Ting-Lu\n|-damage|p2a: Ting-Lu|7\/100\n|move|p2a: Ting-Lu|Heavy Slam|p1b: Eris\n|-supereffective|p1b: Eris\n|-damage|p1b: Eris|0 fnt\n|faint|p1b: Eris\n|-end|p1b: Eris|Protosynthesis|[silent]\n|\n|-weather|Snow|[upkeep]\n|-sideend|p2: Windows11Goated|move: Aurora Veil\n|upkeep\n|turn|9\n|\n|t:|1683132099\n|move|p1a: Perses|Stomping Tantrum|p2a: Ting-Lu\n|-damage|p2a: Ting-Lu|0 fnt\n|faint|p2a: Ting-Lu\n|\n|win|WhatWasIC00KING\n|l|\u2606Windows11Goated\n","uploadtime":1683132127,"views":29,"p1id":"whatwasic00king","p2id":"windows11goated","formatid":"gen9vgc2023regulationc","rating":0,"private":0,"password":""}