{"id":"gen9vgc2023regulationc-1854380154","p1":"Alexis_student","p2":"tinman1025","format":"[Gen 9] VGC 2023 Regulation C","log":"|j|\u2606Alexis_student\n|j|\u2606tinman1025\n|t:|1682803663\n|gametype|doubles\n|player|p1|Alexis_student|2|1235\n|player|p2|tinman1025|marlon|1230\n|teamsize|p1|6\n|teamsize|p2|6\n|gen|9\n|tier|[Gen 9] VGC 2023 Regulation C\n|rated|\n|rule|Species Clause: Limit one of each Pok\u00e9mon\n|rule|Item Clause: Limit one of each item\n|clearpoke\n|poke|p1|Chi-Yu, L50|\n|poke|p1|Flutter Mane, L50|\n|poke|p1|Palafin, L50, F|\n|poke|p1|Iron Hands, L50|\n|poke|p1|Dragonite, L50, M|\n|poke|p1|Amoonguss, L50, M|\n|poke|p2|Bronzong, L50|\n|poke|p2|Abomasnow, L50, F|\n|poke|p2|Iron Hands, L50|\n|poke|p2|Flutter Mane, L50|\n|poke|p2|Ting-Lu, L50|\n|poke|p2|Arcanine, L50, M|\n|teampreview|4\n|inactive|Battle timer is ON: inactive players will automatically lose when time's up. (requested by Alexis_student)\n|\n|t:|1682803710\n|start\n|switch|p1a: Iron Hands|Iron Hands, L50|100\/100\n|switch|p1b: Palafin|Palafin, L50, F|100\/100\n|switch|p2a: Bronzong|Bronzong, L50|100\/100\n|switch|p2b: Abomasnow|Abomasnow, L50, F|100\/100\n|-weather|Snow|[from] ability: Snow Warning|[of] p2b: Abomasnow\n|turn|1\n|\n|t:|1682803734\n|detailschange|p1b: Palafin|Palafin-Hero, L50, F\n|switch|p1b: Amoonguss|Amoonguss, L50, M|100\/100\n|switch|p2b: Iron Hands|Iron Hands, L50|100\/100\n|move|p2a: Bronzong|Protect|p2a: Bronzong\n|-singleturn|p2a: Bronzong|Protect\n|move|p1a: Iron Hands|Fake Out|p2a: Bronzong\n|-activate|p2a: Bronzong|move: Protect\n|\n|-weather|Snow|[upkeep]\n|upkeep\n|turn|2\n|\n|t:|1682803758\n|move|p1a: Iron Hands|Volt Switch|p2a: Bronzong\n|-damage|p2a: Bronzong|91\/100\n|\n|t:|1682803764\n|-end|p1a: Iron Hands|Quark Drive|[silent]\n|switch|p1a: Palafin|Palafin-Hero, L50, F|100\/100|[from] Volt Switch\n|-activate|p1a: Palafin|ability: Zero to Hero\n|move|p2b: Iron Hands|Volt Switch|p1a: Palafin\n|-supereffective|p1a: Palafin\n|-damage|p1a: Palafin|70\/100\n|\n|t:|1682803771\n|-end|p2b: Iron Hands|Quark Drive|[silent]\n|switch|p2b: Abomasnow|Abomasnow, L50, F|100\/100|[from] Volt Switch\n|move|p1b: Amoonguss|Spore|p2b: Abomasnow\n|-immune|p2b: Abomasnow\n|move|p2a: Bronzong|Trick Room|p2a: Bronzong\n|-fieldstart|move: Trick Room|[of] p2a: Bronzong\n|\n|-weather|Snow|[upkeep]\n|upkeep\n|turn|3\n|\n|t:|1682803791\n|switch|p1a: Iron Hands|Iron Hands, L50|100\/100\n|move|p2a: Bronzong|Gyro Ball|p2b: Abomasnow\n|-supereffective|p2b: Abomasnow\n|-damage|p2b: Abomasnow|75\/100\n|-enditem|p2b: Abomasnow|Weakness Policy\n|-boost|p2b: Abomasnow|atk|2|[from] item: Weakness Policy\n|-boost|p2b: Abomasnow|spa|2|[from] item: Weakness Policy\n|move|p1b: Amoonguss|Spore|p2a: Bronzong\n|-activate|p2a: Bronzong|item: Safety Goggles|Spore\n|move|p2b: Abomasnow|Blizzard|p1a: Iron Hands|[spread] p1a,p1b\n|-supereffective|p1b: Amoonguss\n|-crit|p1b: Amoonguss\n|-damage|p1a: Iron Hands|64\/100\n|-damage|p1b: Amoonguss|0 fnt\n|faint|p1b: Amoonguss\n|\n|-weather|Snow|[upkeep]\n|upkeep\n|\n|t:|1682803810\n|switch|p1b: Palafin|Palafin-Hero, L50, F|70\/100\n|turn|4\n|\n|t:|1682803822\n|move|p2a: Bronzong|Protect|p2a: Bronzong\n|-singleturn|p2a: Bronzong|Protect\n|move|p2b: Abomasnow|Protect|p2b: Abomasnow\n|-singleturn|p2b: Abomasnow|Protect\n|move|p1a: Iron Hands|Drain Punch|p2b: Abomasnow\n|-activate|p2b: Abomasnow|move: Protect\n|move|p1b: Palafin|Haze|p1b: Palafin\n|-clearallboost\n|\n|-weather|Snow|[upkeep]\n|upkeep\n|turn|5\n|inactive|tinman1025 has 30 seconds left.\n|inactive|Alexis_student has 30 seconds left.\n|\n|t:|1682803853\n|move|p2a: Bronzong|Gyro Ball|p1a: Iron Hands\n|-resisted|p1a: Iron Hands\n|-damage|p1a: Iron Hands|57\/100\n|move|p2b: Abomasnow|Earth Power|p1a: Iron Hands\n|-supereffective|p1a: Iron Hands\n|-damage|p1a: Iron Hands|30\/100\n|move|p1a: Iron Hands|Drain Punch|p2b: Abomasnow\n|-supereffective|p2b: Abomasnow\n|-damage|p2b: Abomasnow|16\/100\n|-heal|p1a: Iron Hands|54\/100|[from] drain|[of] p2b: Abomasnow\n|move|p1b: Palafin|Wave Crash|p2b: Abomasnow\n|-resisted|p2b: Abomasnow\n|-damage|p2b: Abomasnow|0 fnt\n|faint|p2b: Abomasnow\n|-damage|p1b: Palafin|65\/100|[from] Recoil\n|\n|-weather|none\n|upkeep\n|\n|t:|1682803867\n|switch|p2b: Ting-Lu|Ting-Lu, L50|100\/100\n|-ability|p2b: Ting-Lu|Vessel of Ruin\n|turn|6\n|\n|t:|1682803882\n|-end|p1a: Iron Hands|Quark Drive|[silent]\n|switch|p1a: Dragonite|Dragonite, L50, M|100\/100\n|-terastallize|p2b: Ting-Lu|Ground\n|move|p1b: Palafin|Protect|p1b: Palafin\n|-singleturn|p1b: Palafin|Protect\n|move|p2a: Bronzong|Gyro Ball|p1b: Palafin\n|-activate|p1b: Palafin|move: Protect\n|move|p2b: Ting-Lu|Earthquake|p1b: Palafin|[spread] \n|-activate|p1b: Palafin|move: Protect\n|-immune|p2a: Bronzong|[from] ability: Levitate\n|-immune|p1a: Dragonite\n|\n|-fieldend|move: Trick Room\n|upkeep\n|turn|7\n|\n|t:|1682803904\n|switch|p2b: Iron Hands|Iron Hands, L50|100\/100\n|-terastallize|p1b: Palafin|Water\n|move|p1b: Palafin|Jet Punch|p2b: Iron Hands\n|-damage|p2b: Iron Hands|57\/100\n|move|p1a: Dragonite|Low Kick|p2b: Iron Hands\n|-damage|p2b: Iron Hands|30\/100\n|move|p2a: Bronzong|Trick Room|p2a: Bronzong\n|-fieldstart|move: Trick Room|[of] p2a: Bronzong\n|\n|upkeep\n|turn|8\n|\n|t:|1682803924\n|switch|p2a: Ting-Lu|Ting-Lu, L50, tera:Ground|100\/100\n|-ability|p2a: Ting-Lu|Vessel of Ruin\n|move|p2b: Iron Hands|Fake Out|p1a: Dragonite\n|-damage|p1a: Dragonite|93\/100\n|cant|p1a: Dragonite|flinch\n|move|p1b: Palafin|Jet Punch|p2b: Iron Hands\n|-damage|p2b: Iron Hands|0 fnt\n|faint|p2b: Iron Hands\n|-end|p2b: Iron Hands|Quark Drive|[silent]\n|\n|upkeep\n|\n|t:|1682803933\n|switch|p2b: Bronzong|Bronzong, L50|91\/100\n|turn|9\n|\n|t:|1682803945\n|move|p1b: Palafin|Jet Punch|p2a: Ting-Lu\n|-supereffective|p2a: Ting-Lu\n|-damage|p2a: Ting-Lu|18\/100\n|move|p2b: Bronzong|Gyro Ball|p1a: Dragonite\n|-damage|p1a: Dragonite|60\/100\n|move|p2a: Ting-Lu|Throat Chop|p1b: Palafin\n|-damage|p1b: Palafin|12\/100\n|-start|p1b: Palafin|Throat Chop|[silent]\n|move|p1a: Dragonite|Low Kick|p2a: Ting-Lu\n|-damage|p2a: Ting-Lu|0 fnt\n|faint|p2a: Ting-Lu\n|\n|upkeep\n|turn|10\n|\n|t:|1682803966\n|move|p1a: Dragonite|Extreme Speed|p2b: Bronzong\n|-resisted|p2b: Bronzong\n|-damage|p2b: Bronzong|80\/100\n|move|p2b: Bronzong|Gyro Ball|p1b: Palafin\n|-resisted|p1b: Palafin\n|-damage|p1b: Palafin|0 fnt\n|faint|p1b: Palafin\n|\n|upkeep\n|\n|t:|1682803975\n|switch|p1b: Iron Hands|Iron Hands, L50|54\/100\n|turn|11\n|j| adoroipocket\n|-message|tinman1025 forfeited.\n|\n|win|Alexis_student\n|raw|Alexis_student's rating: 1235 → 1260<\/strong> (+25 for winning)\n|raw|tinman1025's rating: 1230 → 1205<\/strong> (-25 for losing)\n|l|\u2606tinman1025\n|l| adoroipocket\n","uploadtime":1682803988,"views":13,"p1id":"alexisstudent","p2id":"tinman1025","formatid":"gen9vgc2023regulationc","rating":1205,"private":0,"password":""}