{"id":"gen9vgc2023regulationc-1849878082","p1":"tofu24","p2":"SonicR91","format":"[Gen 9] VGC 2023 Regulation C","log":"|j|\u2606tofu24\n|j|\u2606SonicR91\n|t:|1682263644\n|gametype|doubles\n|player|p1|tofu24|265|1203\n|player|p2|SonicR91|2|1212\n|teamsize|p1|6\n|teamsize|p2|6\n|gen|9\n|tier|[Gen 9] VGC 2023 Regulation C\n|rated|\n|rule|Species Clause: Limit one of each Pok\u00e9mon\n|rule|Item Clause: Limit one of each item\n|clearpoke\n|poke|p1|Gothitelle, L50, M|\n|poke|p1|Scream Tail, L50|\n|poke|p1|Garganacl, L50, M|\n|poke|p1|Gholdengo, L50|\n|poke|p1|Flutter Mane, L50|\n|poke|p1|Palafin, L50, M|\n|poke|p2|Palafin, L50, F|\n|poke|p2|Meowscarada, L50, F|\n|poke|p2|Kilowattrel, L50, F|\n|poke|p2|Chi-Yu, L50|\n|poke|p2|Maushold, L50|\n|poke|p2|Gholdengo, L50|\n|teampreview|4\n|inactive|Battle timer is ON: inactive players will automatically lose when time's up. (requested by SonicR91)\nSonicR91 has agreed to open team sheets.\ntofu24 has agreed to open team sheets.\n|inactive|tofu24 has 60 seconds left.\n|\n|t:|1682263702\n|start\n|switch|p1a: Flutter Mane|Flutter Mane, L50|100\/100\n|switch|p1b: Palafin|Palafin, L50, M|100\/100\n|switch|p2a: Kilowattrel|Kilowattrel, L50, F|100\/100\n|switch|p2b: Gholdengo|Gholdengo, L50|100\/100\n|turn|1\n|inactive|tofu24 has 30 seconds left.\n|\n|t:|1682263729\n|-terastallize|p2b: Gholdengo|Steel\n|move|p1a: Flutter Mane|Shadow Ball|p2b: Gholdengo\n|-damage|p2b: Gholdengo|52\/100\n|-unboost|p2b: Gholdengo|spd|1\n|move|p2a: Kilowattrel|Tailwind|p2a: Kilowattrel\n|-sidestart|p2: SonicR91|move: Tailwind\n|-start|p2a: Kilowattrel|Charge|Tailwind|[from] ability: Wind Power\n|move|p2b: Gholdengo|Shadow Ball|p1a: Flutter Mane\n|-supereffective|p1a: Flutter Mane\n|-enditem|p1a: Flutter Mane|Focus Sash\n|-damage|p1a: Flutter Mane|1\/100\n|-damage|p2b: Gholdengo|42\/100|[from] item: Life Orb\n|move|p1b: Palafin|Flip Turn|p2b: Gholdengo\n|-damage|p2b: Gholdengo|13\/100\n|\n|t:|1682263745\n|detailschange|p1b: Palafin|Palafin-Hero, L50, M\n|switch|p1b: Gothitelle|Gothitelle, L50, M|100\/100|[from] Flip Turn\n|\n|upkeep\n|turn|2\n|\n|t:|1682263772\n|move|p2a: Kilowattrel|Thunderbolt|p1b: Gothitelle\n|-damage|p1b: Gothitelle|39\/100\n|-enditem|p1b: Gothitelle|Sitrus Berry|[eat]\n|-heal|p1b: Gothitelle|63\/100|[from] item: Sitrus Berry\n|-end|p2a: Kilowattrel|Charge|[silent]\n|move|p2b: Gholdengo|Make It Rain|p1b: Gothitelle|[spread] p1a,p1b\n|-supereffective|p1a: Flutter Mane\n|-damage|p1a: Flutter Mane|0 fnt\n|-damage|p1b: Gothitelle|1\/100\n|-unboost|p2b: Gholdengo|spa|1\n|faint|p1a: Flutter Mane\n|-end|p1a: Flutter Mane|Protosynthesis|[silent]\n|-damage|p2b: Gholdengo|3\/100|[from] item: Life Orb\n|move|p1b: Gothitelle|Trick Room|p1b: Gothitelle\n|-fieldstart|move: Trick Room|[of] p1b: Gothitelle\n|\n|upkeep\n|\n|t:|1682263790\n|switch|p1a: Palafin|Palafin-Hero, L50, M|100\/100\n|-activate|p1a: Palafin|ability: Zero to Hero\n|turn|3\n|\n|t:|1682263811\n|move|p2b: Gholdengo|Protect|p2b: Gholdengo\n|-singleturn|p2b: Gholdengo|Protect\n|move|p1b: Gothitelle|Psychic|p2b: Gholdengo\n|-activate|p2b: Gholdengo|move: Protect\n|move|p1a: Palafin|Wave Crash|p2a: Kilowattrel\n|-damage|p2a: Kilowattrel|0 fnt\n|faint|p2a: Kilowattrel\n|-damage|p1a: Palafin|77\/100|[from] Recoil\n|\n|upkeep\n|\n|t:|1682263823\n|switch|p2a: Palafin|Palafin, L50, F|100\/100\n|turn|4\n|\n|t:|1682263843\n|move|p1a: Palafin|Jet Punch|p2b: Gholdengo\n|-damage|p2b: Gholdengo|0 fnt\n|faint|p2b: Gholdengo\n|move|p2a: Palafin|Jet Punch|p1b: Gothitelle\n|-damage|p1b: Gothitelle|0 fnt\n|faint|p1b: Gothitelle\n|\n|-sideend|p2: SonicR91|move: Tailwind\n|upkeep\n|\n|t:|1682263849\n|switch|p1b: Gholdengo|Gholdengo, L50|100\/100\n|switch|p2b: Meowscarada|Meowscarada, L50, F|100\/100\n|turn|5\n|\n|t:|1682263872\n|-terastallize|p1b: Gholdengo|Steel\n|move|p2a: Palafin|Protect|p2a: Palafin\n|-singleturn|p2a: Palafin|Protect\n|move|p1a: Palafin|Wave Crash|p2b: Meowscarada\n|-resisted|p2b: Meowscarada\n|-damage|p2b: Meowscarada|34\/100\n|-damage|p1a: Palafin|61\/100|[from] Recoil\n|move|p2b: Meowscarada|Knock Off|p1a: Palafin\n|-start|p2b: Meowscarada|typechange|Dark|[from] ability: Protean\n|-damage|p1a: Palafin|4\/100\n|-enditem|p1a: Palafin|Mystic Water|[from] move: Knock Off|[of] p2b: Meowscarada\n|move|p1b: Gholdengo|Make It Rain|p2b: Meowscarada|[spread] p2b\n|-activate|p2a: Palafin|move: Protect\n|-damage|p2b: Meowscarada|0 fnt\n|-unboost|p1b: Gholdengo|spa|1\n|faint|p2b: Meowscarada\n|\n|upkeep\n|turn|6\n|\n|t:|1682263895\n|move|p1a: Palafin|Jet Punch|p2a: Palafin\n|-resisted|p2a: Palafin\n|-damage|p2a: Palafin|80\/100\n|move|p2a: Palafin|Jet Punch|p1a: Palafin\n|-resisted|p1a: Palafin\n|-damage|p1a: Palafin|0 fnt\n|faint|p1a: Palafin\n|move|p1b: Gholdengo|Make It Rain|p2a: Palafin\n|-resisted|p2a: Palafin\n|-damage|p2a: Palafin|48\/100\n|-unboost|p1b: Gholdengo|spa|1\n|\n|-fieldend|move: Trick Room\n|upkeep\n|turn|7\n|\n|t:|1682263908\n|move|p2a: Palafin|Protect|p2a: Palafin\n|-singleturn|p2a: Palafin|Protect\n|move|p1b: Gholdengo|Make It Rain|p2a: Palafin\n|-activate|p2a: Palafin|move: Protect\n|\n|upkeep\n|turn|8\n|\n|t:|1682263922\n|move|p2a: Palafin|Jet Punch|p1b: Gholdengo\n|-damage|p1b: Gholdengo|67\/100\n|move|p1b: Gholdengo|Make It Rain|p2a: Palafin\n|-resisted|p2a: Palafin\n|-damage|p2a: Palafin|22\/100\n|-unboost|p1b: Gholdengo|spa|1\n|\n|upkeep\n|turn|9\n|\n|t:|1682263930\n|move|p2a: Palafin|Jet Punch|p1b: Gholdengo\n|-damage|p1b: Gholdengo|33\/100\n|move|p1b: Gholdengo|Make It Rain|p2a: Palafin\n|-resisted|p2a: Palafin\n|-damage|p2a: Palafin|1\/100\n|-unboost|p1b: Gholdengo|spa|1\n|\n|upkeep\n|turn|10\n|\n|t:|1682263942\n|move|p2a: Palafin|Jet Punch|p1b: Gholdengo\n|-damage|p1b: Gholdengo|0 fnt\n|faint|p1b: Gholdengo\n|\n|win|SonicR91\n|raw|tofu24's rating: 1203 → 1179<\/strong> (-24 for losing)\n|raw|SonicR91's rating: 1212 → 1236<\/strong> (+24 for winning)\n|c|\u2606SonicR91|WOOW\n|c|\u2606tofu24|gg\n|c|\u2606tofu24|close one\n|c|\u2606SonicR91|gg\n|c|\u2606SonicR91|ye\n|l|\u2606tofu24\n|c|\u2606SonicR91|wow good match\n","uploadtime":1682263989,"views":60,"p1id":"tofu24","p2id":"sonicr91","formatid":"gen9vgc2023regulationc","rating":1179,"private":0,"password":""}