{"id":"gen9vgc2023regulationc-1849391469","p1":"Echo Rose#9471","p2":"Tameryn","format":"[Gen 9] VGC 2023 Regulation C","log":"|j|\u2606Echo Rose#9471\n|j|\u2606Tameryn\n|t:|1682193245\n|gametype|doubles\n|player|p1|Echo Rose#9471|266|1241\n|player|p2|Tameryn|n|1264\n|teamsize|p1|6\n|teamsize|p2|6\n|gen|9\n|tier|[Gen 9] VGC 2023 Regulation C\n|rated|\n|rule|Species Clause: Limit one of each Pok\u00e9mon\n|rule|Item Clause: Limit one of each item\n|clearpoke\n|poke|p1|Chi-Yu, L50|\n|poke|p1|Dachsbun, L50, M|\n|poke|p1|Flutter Mane, L50|\n|poke|p1|Gastrodon, L50, M|\n|poke|p1|Amoonguss, L50, M|\n|poke|p1|Salamence, L50, F|\n|poke|p2|Garganacl, L50, M|\n|poke|p2|Amoonguss, L50, M|\n|poke|p2|Arcanine, L50, M|\n|poke|p2|Ting-Lu, L50|\n|poke|p2|Iron Bundle, L50|\n|poke|p2|Roaring Moon, L50|\n|teampreview|4\n|j| Shaebutterkicks\n|l| Shaebutterkicks\n|\n|t:|1682193287\n|start\n|switch|p1a: Gastrodon|Gastrodon, L50, M|100\/100\n|switch|p1b: Salamence|Salamence, L50, F|100\/100\n|switch|p2a: Arcanine|Arcanine, L50, M|100\/100\n|switch|p2b: Ting-Lu|Ting-Lu, L50|100\/100\n|-ability|p2a: Arcanine|Intimidate|boost\n|-unboost|p1a: Gastrodon|atk|1\n|-unboost|p1b: Salamence|atk|1\n|-ability|p1b: Salamence|Intimidate|boost\n|-unboost|p2a: Arcanine|atk|1\n|-unboost|p2b: Ting-Lu|atk|1\n|-ability|p2b: Ting-Lu|Vessel of Ruin\n|turn|1\n|\n|t:|1682193329\n|switch|p2a: Garganacl|Garganacl, L50, M|100\/100\n|move|p1b: Salamence|Draco Meteor|p2a: Garganacl\n|-damage|p2a: Garganacl|57\/100\n|-unboost|p1b: Salamence|spa|2\n|-damage|p1b: Salamence|91\/100|[from] item: Life Orb\n|move|p2b: Ting-Lu|Ruination|p1b: Salamence\n|-damage|p1b: Salamence|46\/100\n|move|p1a: Gastrodon|Muddy Water|p2b: Ting-Lu|[spread] p2a,p2b\n|-supereffective|p2a: Garganacl\n|-supereffective|p2b: Ting-Lu\n|-damage|p2a: Garganacl|28\/100\n|-damage|p2b: Ting-Lu|82\/100\n|\n|-heal|p2a: Garganacl|34\/100|[from] item: Leftovers\n|upkeep\n|turn|2\n|\n|t:|1682193383\n|switch|p1b: Amoonguss|Amoonguss, L50, M|100\/100\n|move|p2b: Ting-Lu|Heavy Slam|p1b: Amoonguss\n|-damage|p1b: Amoonguss|78\/100\n|move|p1a: Gastrodon|Muddy Water|p2b: Ting-Lu|[spread] p2a\n|-miss|p1a: Gastrodon|p2b: Ting-Lu\n|-supereffective|p2a: Garganacl\n|-damage|p2a: Garganacl|2\/100\n|-unboost|p2a: Garganacl|accuracy|1\n|move|p2a: Garganacl|Recover|p2a: Garganacl\n|-heal|p2a: Garganacl|52\/100\n|\n|-heal|p2a: Garganacl|58\/100|[from] item: Leftovers\n|upkeep\n|turn|3\n|\n|t:|1682193446\n|-terastallize|p2a: Garganacl|Ghost\n|move|p2b: Ting-Lu|Ruination|p1b: Amoonguss\n|-damage|p1b: Amoonguss|40\/100\n|-enditem|p1b: Amoonguss|Sitrus Berry|[eat]\n|-heal|p1b: Amoonguss|65\/100|[from] item: Sitrus Berry\n|move|p1a: Gastrodon|Muddy Water|p2b: Ting-Lu|[spread] p2a,p2b\n|-supereffective|p2b: Ting-Lu\n|-crit|p2b: Ting-Lu\n|-damage|p2a: Garganacl|44\/100\n|-damage|p2b: Ting-Lu|57\/100\n|move|p2a: Garganacl|Recover|p2a: Garganacl\n|-heal|p2a: Garganacl|95\/100\n|move|p1b: Amoonguss|Spore|p2b: Ting-Lu\n|-status|p2b: Ting-Lu|slp|[from] move: Spore\n|\n|-heal|p2a: Garganacl|100\/100|[from] item: Leftovers\n|upkeep\n|turn|4\n|\n|t:|1682193464\n|cant|p2b: Ting-Lu|slp\n|move|p1a: Gastrodon|Muddy Water|p2a: Garganacl|[spread] p2a\n|-miss|p1a: Gastrodon|p2b: Ting-Lu\n|-damage|p2a: Garganacl|85\/100\n|move|p2a: Garganacl|Stealth Rock|p1b: Amoonguss\n|-sidestart|p1: Echo Rose#9471|move: Stealth Rock\n|move|p1b: Amoonguss|Pollen Puff|p2b: Ting-Lu\n|-supereffective|p2b: Ting-Lu\n|-damage|p2b: Ting-Lu|45\/100 slp\n|\n|-heal|p2a: Garganacl|90\/100|[from] item: Leftovers\n|upkeep\n|turn|5\n|\n|t:|1682193479\n|cant|p2b: Ting-Lu|slp\n|move|p1a: Gastrodon|Muddy Water|p2a: Garganacl|[spread] p2a\n|-miss|p1a: Gastrodon|p2b: Ting-Lu\n|-damage|p2a: Garganacl|77\/100\n|move|p2a: Garganacl|Salt Cure|p1a: Gastrodon\n|-resisted|p1a: Gastrodon\n|-damage|p1a: Gastrodon|93\/100\n|move|p1b: Amoonguss|Pollen Puff|p2b: Ting-Lu\n|-supereffective|p2b: Ting-Lu\n|-damage|p2b: Ting-Lu|33\/100 slp\n|\n|-heal|p2a: Garganacl|83\/100|[from] item: Leftovers\n|upkeep\n|turn|6\n|\n|t:|1682193515\n|-curestatus|p2b: Ting-Lu|slp|[msg]\n|move|p2b: Ting-Lu|Ruination|p1a: Gastrodon\n|-damage|p1a: Gastrodon|47\/100\n|move|p1a: Gastrodon|Muddy Water|p2a: Garganacl|[spread] p2a,p2b\n|-supereffective|p2b: Ting-Lu\n|-damage|p2a: Garganacl|68\/100\n|-damage|p2b: Ting-Lu|17\/100\n|move|p2a: Garganacl|Salt Cure|p1b: Amoonguss|[miss]\n|-miss|p2a: Garganacl|p1b: Amoonguss\n|move|p1b: Amoonguss|Pollen Puff|p2b: Ting-Lu\n|-supereffective|p2b: Ting-Lu\n|-damage|p2b: Ting-Lu|4\/100\n|\n|-heal|p2a: Garganacl|73\/100|[from] item: Leftovers\n|upkeep\n|turn|7\n|\n|t:|1682193535\n|move|p2b: Ting-Lu|Throat Chop|p1a: Gastrodon\n|-damage|p1a: Gastrodon|24\/100\n|move|p1a: Gastrodon|Earth Power|p2b: Ting-Lu\n|-damage|p2b: Ting-Lu|0 fnt\n|faint|p2b: Ting-Lu\n|move|p2a: Garganacl|Salt Cure|p1b: Amoonguss\n|-damage|p1b: Amoonguss|51\/100\n|-start|p1b: Amoonguss|Salt Cure\n|move|p1b: Amoonguss|Pollen Puff|p1a: Gastrodon\n|-heal|p1a: Gastrodon|74\/100\n|\n|-heal|p2a: Garganacl|79\/100|[from] item: Leftovers\n|-damage|p1b: Amoonguss|39\/100|[from] Salt Cure\n|upkeep\n|\n|t:|1682193547\n|switch|p2b: Iron Bundle|Iron Bundle, L50|100\/100\n|turn|8\n|\n|t:|1682193565\n|switch|p1b: Salamence|Salamence, L50, F|46\/100\n|-damage|p1b: Salamence|21\/100|[from] Stealth Rock\n|-ability|p1b: Salamence|Intimidate|boost\n|-unboost|p2a: Garganacl|atk|1\n|-unboost|p2b: Iron Bundle|atk|1\n|-terastallize|p1a: Gastrodon|Fire\n|move|p2b: Iron Bundle|Protect|p2b: Iron Bundle\n|-singleturn|p2b: Iron Bundle|Protect\n|move|p1a: Gastrodon|Earth Power|p2b: Iron Bundle\n|-activate|p2b: Iron Bundle|move: Protect\n|move|p2a: Garganacl|Salt Cure|p1a: Gastrodon\n|-supereffective|p1a: Gastrodon\n|-crit|p1a: Gastrodon\n|-damage|p1a: Gastrodon|33\/100\n|\n|-heal|p2a: Garganacl|85\/100|[from] item: Leftovers\n|upkeep\n|turn|9\n|\n|t:|1682193611\n|move|p2b: Iron Bundle|Freeze-Dry|p1b: Salamence\n|-supereffective|p1b: Salamence\n|-damage|p1b: Salamence|0 fnt\n|faint|p1b: Salamence\n|move|p1a: Gastrodon|Recover|p1a: Gastrodon\n|-heal|p1a: Gastrodon|83\/100\n|move|p2a: Garganacl|Salt Cure|p1a: Gastrodon|[miss]\n|-miss|p2a: Garganacl|p1a: Gastrodon\n|\n|-heal|p2a: Garganacl|91\/100|[from] item: Leftovers\n|upkeep\n|\n|t:|1682193619\n|switch|p1b: Flutter Mane|Flutter Mane, L50|100\/100\n|-damage|p1b: Flutter Mane|88\/100|[from] Stealth Rock\n|-enditem|p1b: Flutter Mane|Booster Energy\n|-activate|p1b: Flutter Mane|ability: Protosynthesis|[fromitem]\n|-start|p1b: Flutter Mane|protosynthesisspe\n|turn|10\n|\n|t:|1682193639\n|move|p1b: Flutter Mane|Protect|p1b: Flutter Mane\n|-singleturn|p1b: Flutter Mane|Protect\n|move|p1a: Gastrodon|Protect|p1a: Gastrodon\n|-singleturn|p1a: Gastrodon|Protect\n|move|p2b: Iron Bundle|Encore|p1a: Gastrodon\n|-activate|p1a: Gastrodon|move: Protect\n|move|p2a: Garganacl|Salt Cure|p1b: Flutter Mane\n|-activate|p1b: Flutter Mane|move: Protect\n|\n|-heal|p2a: Garganacl|97\/100|[from] item: Leftovers\n|upkeep\n|turn|11\n|\n|t:|1682193650\n|switch|p1a: Amoonguss|Amoonguss, L50, M|72\/100\n|-damage|p1a: Amoonguss|60\/100|[from] Stealth Rock\n|move|p1b: Flutter Mane|Shadow Ball|p2b: Iron Bundle\n|-damage|p2b: Iron Bundle|7\/100\n|move|p2b: Iron Bundle|Encore||[still]\n|-fail|p2b: Iron Bundle\n|move|p2a: Garganacl|Salt Cure|p1b: Flutter Mane|[miss]\n|-miss|p2a: Garganacl|p1b: Flutter Mane\n|\n|-heal|p2a: Garganacl|100\/100|[from] item: Leftovers\n|upkeep\n|turn|12\n|\n|t:|1682193666\n|move|p2b: Iron Bundle|Protect|p2b: Iron Bundle\n|-singleturn|p2b: Iron Bundle|Protect\n|move|p1a: Amoonguss|Protect|p1a: Amoonguss\n|-singleturn|p1a: Amoonguss|Protect\n|move|p1b: Flutter Mane|Dazzling Gleam|p2a: Garganacl|[spread] p2a\n|-activate|p2b: Iron Bundle|move: Protect\n|-damage|p2a: Garganacl|77\/100\n|move|p2a: Garganacl|Salt Cure|p1b: Flutter Mane\n|-crit|p1b: Flutter Mane\n|-damage|p1b: Flutter Mane|49\/100\n|-start|p1b: Flutter Mane|Salt Cure\n|\n|-heal|p2a: Garganacl|83\/100|[from] item: Leftovers\n|-damage|p1b: Flutter Mane|36\/100|[from] Salt Cure\n|upkeep\n|turn|13\n|\n|t:|1682193693\n|-end|p2b: Iron Bundle|Quark Drive|[silent]\n|switch|p2b: Arcanine|Arcanine, L50, M|100\/100\n|-ability|p2b: Arcanine|Intimidate|boost\n|-unboost|p1a: Amoonguss|atk|1\n|-unboost|p1b: Flutter Mane|atk|1\n|move|p1b: Flutter Mane|Shadow Ball|p2b: Arcanine\n|-damage|p2b: Arcanine|48\/100\n|-unboost|p2b: Arcanine|spd|1\n|move|p2a: Garganacl|Salt Cure|p1a: Amoonguss\n|-damage|p1a: Amoonguss|50\/100\n|-start|p1a: Amoonguss|Salt Cure\n|move|p1a: Amoonguss|Pollen Puff|p1b: Flutter Mane\n|-heal|p1b: Flutter Mane|86\/100\n|\n|-heal|p2a: Garganacl|89\/100|[from] item: Leftovers\n|-damage|p1b: Flutter Mane|74\/100|[from] Salt Cure\n|-damage|p1a: Amoonguss|38\/100|[from] Salt Cure\n|upkeep\n|turn|14\n|\n|t:|1682193731\n|switch|p1a: Gastrodon|Gastrodon, L50, M, tera:Fire|83\/100\n|-damage|p1a: Gastrodon|58\/100|[from] Stealth Rock\n|move|p2b: Arcanine|Extreme Speed|p1a: Gastrodon\n|-damage|p1a: Gastrodon|37\/100\n|move|p1b: Flutter Mane|Shadow Ball|p2b: Arcanine\n|-damage|p2b: Arcanine|0 fnt\n|faint|p2b: Arcanine\n|move|p2a: Garganacl|Salt Cure|p1a: Gastrodon\n|-supereffective|p1a: Gastrodon\n|-damage|p1a: Gastrodon|19\/100\n|\n|-heal|p2a: Garganacl|95\/100|[from] item: Leftovers\n|-damage|p1b: Flutter Mane|61\/100|[from] Salt Cure\n|upkeep\n|\n|t:|1682193746\n|switch|p2b: Iron Bundle|Iron Bundle, L50|7\/100\n|turn|15\n|\n|t:|1682193756\n|move|p2b: Iron Bundle|Protect|p2b: Iron Bundle\n|-singleturn|p2b: Iron Bundle|Protect\n|move|p1b: Flutter Mane|Shadow Ball|p2b: Iron Bundle\n|-activate|p2b: Iron Bundle|move: Protect\n|move|p1a: Gastrodon|Recover|p1a: Gastrodon\n|-heal|p1a: Gastrodon|69\/100\n|move|p2a: Garganacl|Salt Cure|p1b: Flutter Mane|[miss]\n|-miss|p2a: Garganacl|p1b: Flutter Mane\n|\n|-heal|p2a: Garganacl|100\/100|[from] item: Leftovers\n|-damage|p1b: Flutter Mane|49\/100|[from] Salt Cure\n|upkeep\n|turn|16\n|\n|t:|1682193775\n|move|p2b: Iron Bundle|Protect||[still]\n|-fail|p2b: Iron Bundle\n|move|p1b: Flutter Mane|Perish Song|p1b: Flutter Mane\n|-start|p1a: Gastrodon|perish3|[silent]\n|-start|p1b: Flutter Mane|perish3|[silent]\n|-start|p2a: Garganacl|perish3|[silent]\n|-start|p2b: Iron Bundle|perish3|[silent]\n|-fieldactivate|move: Perish Song\n|move|p1a: Gastrodon|Earth Power|p2b: Iron Bundle\n|-damage|p2b: Iron Bundle|0 fnt\n|faint|p2b: Iron Bundle\n|-end|p2b: Iron Bundle|Quark Drive|[silent]\n|move|p2a: Garganacl|Salt Cure|p1b: Flutter Mane\n|-damage|p1b: Flutter Mane|32\/100\n|\n|-damage|p1b: Flutter Mane|19\/100|[from] Salt Cure\n|-start|p1b: Flutter Mane|perish3\n|-start|p1a: Gastrodon|perish3\n|-start|p2a: Garganacl|perish3\n|upkeep\n|turn|17\n|\n|t:|1682193783\n|-end|p1b: Flutter Mane|Protosynthesis|[silent]\n|switch|p1b: Amoonguss|Amoonguss, L50, M|71\/100\n|-damage|p1b: Amoonguss|59\/100|[from] Stealth Rock\n|move|p1a: Gastrodon|Recover|p1a: Gastrodon\n|-heal|p1a: Gastrodon|100\/100\n|move|p2a: Garganacl|Salt Cure|p1b: Amoonguss|[miss]\n|-miss|p2a: Garganacl|p1b: Amoonguss\n|\n|-start|p1a: Gastrodon|perish2\n|-start|p2a: Garganacl|perish2\n|upkeep\n|turn|18\n|-message|Tameryn forfeited.\n|\n|win|Echo Rose#9471\n|raw|Echo Rose#9471's rating: 1241 → 1268<\/strong> (+27 for winning)\n|raw|Tameryn's rating: 1264 → 1237<\/strong> (-27 for losing)\n|c|\u2606Tameryn|Evil slig\n|c|\u2606Tameryn|slug\n|c|\u2606Echo Rose#9471|Yes\n","uploadtime":1682193810,"views":11,"p1id":"echorose9471","p2id":"tameryn","formatid":"gen9vgc2023regulationc","rating":1237,"private":0,"password":""}