{"id":"gen9vgc2023regulationc-1851723890","p1":"pinkmarlinguy","p2":"Philzkidd","format":"[Gen 9] VGC 2023 Regulation C","log":"|j|\u2606pinkmarlinguy\n|j|\u2606Philzkidd\n|t:|1682474462\n|gametype|doubles\n|player|p1|pinkmarlinguy|will|1125\n|player|p2|Philzkidd|102|1144\n|teamsize|p1|6\n|teamsize|p2|6\n|gen|9\n|tier|[Gen 9] VGC 2023 Regulation C\n|rated|\n|rule|Species Clause: Limit one of each Pok\u00e9mon\n|rule|Item Clause: Limit one of each item\n|clearpoke\n|poke|p1|Iron Bundle, L50|\n|poke|p1|Garchomp, L50, M|\n|poke|p1|Chien-Pao, L50|\n|poke|p1|Talonflame, L50, F|\n|poke|p1|Gholdengo, L50|\n|poke|p1|Iron Hands, L50|\n|poke|p2|Chien-Pao, L50|\n|poke|p2|Dragonite, L50, M|\n|poke|p2|Arcanine, L50, F|\n|poke|p2|Flutter Mane, L50|\n|poke|p2|Kingambit, L50, M|\n|poke|p2|Palafin, L50, M|\n|teampreview|4\nPhilzkidd has agreed to open team sheets.\n|\n|t:|1682474589\n|start\n|switch|p1a: Gay|Talonflame, L50, F|100\/100\n|switch|p1b: Santa|Iron Bundle, L50|100\/100\n|switch|p2a: Flutter Mane|Flutter Mane, L50|100\/100\n|switch|p2b: Arcanine|Arcanine, L50, F|100\/100\n|-ability|p2b: Arcanine|Intimidate|boost\n|-unboost|p1a: Gay|atk|1\n|-unboost|p1b: Santa|atk|1\n|-enditem|p1b: Santa|Booster Energy\n|-activate|p1b: Santa|ability: Quark Drive|[fromitem]\n|-start|p1b: Santa|quarkdrivespe\n|turn|1\n|\n|t:|1682474610\n|move|p2b: Arcanine|Protect|p2b: Arcanine\n|-singleturn|p2b: Arcanine|Protect\n|move|p1a: Gay|Tailwind|p1a: Gay\n|-sidestart|p1: pinkmarlinguy|move: Tailwind\n|move|p1b: Santa|Hydro Pump|p2b: Arcanine\n|-activate|p2b: Arcanine|move: Protect\n|move|p2a: Flutter Mane|Thunderbolt|p1a: Gay\n|-supereffective|p1a: Gay\n|-damage|p1a: Gay|0 fnt\n|faint|p1a: Gay\n|\n|upkeep\n|\n|t:|1682474621\n|switch|p1a: The Lady|Garchomp, L50, M|100\/100\n|turn|2\n|\n|t:|1682474632\n|-terastallize|p1a: The Lady|Steel\n|-terastallize|p2b: Arcanine|Flying\n|move|p1b: Santa|Hydro Pump|p2b: Arcanine\n|-damage|p2b: Arcanine|37\/100\n|move|p1a: The Lady|Rock Slide|p2a: Flutter Mane|[spread] p2a,p2b\n|-supereffective|p2b: Arcanine\n|-damage|p2a: Flutter Mane|69\/100\n|-damage|p2b: Arcanine|0 fnt\n|faint|p2b: Arcanine\n|move|p2a: Flutter Mane|Thunderbolt|p1b: Santa\n|-supereffective|p1b: Santa\n|-damage|p1b: Santa|0 fnt\n|faint|p1b: Santa\n|-end|p1b: Santa|Quark Drive|[silent]\n|\n|upkeep\n|\n|t:|1682474645\n|switch|p1b: Gary|Gholdengo, L50|100\/100\n|switch|p2b: Dragonite|Dragonite, L50, M|100\/100\n|turn|3\n|\n|t:|1682474663\n|-end|p2a: Flutter Mane|Protosynthesis|[silent]\n|switch|p2a: Kingambit|Kingambit, L50, M, shiny|100\/100\n|move|p1a: The Lady|Rock Slide|p2b: Dragonite|[spread] p2a,p2b\n|-resisted|p2a: Kingambit\n|-supereffective|p2b: Dragonite\n|-damage|p2a: Kingambit|93\/100\n|-damage|p2b: Dragonite|82\/100\n|move|p1b: Gary|Make It Rain|p2b: Dragonite|[spread] p2a,p2b\n|-resisted|p2a: Kingambit\n|-damage|p2a: Kingambit|76\/100\n|-damage|p2b: Dragonite|30\/100\n|-unboost|p1b: Gary|spa|1\n|-damage|p1b: Gary|91\/100|[from] item: Life Orb\n|move|p2b: Dragonite|Ice Spinner|p1a: The Lady\n|-resisted|p1a: The Lady\n|-damage|p1a: The Lady|86\/100\n|-damage|p2b: Dragonite|18\/100|[from] ability: Rough Skin|[of] p1a: The Lady\n|\n|upkeep\n|turn|4\n|\n|t:|1682474698\n|move|p1b: Gary|Protect|p1b: Gary\n|-singleturn|p1b: Gary|Protect\n|move|p1a: The Lady|Earthquake|p2a: Kingambit|[spread] p2a\n|-activate|p1b: Gary|move: Protect\n|-immune|p2b: Dragonite\n|-supereffective|p2a: Kingambit\n|-damage|p2a: Kingambit|19\/100\n|move|p2b: Dragonite|Ice Spinner|p1b: Gary\n|-activate|p1b: Gary|move: Protect\n|move|p2a: Kingambit|Assurance|p1b: Gary\n|-activate|p1b: Gary|move: Protect\n|\n|-sideend|p1: pinkmarlinguy|move: Tailwind\n|upkeep\n|turn|5\n|\n|t:|1682474718\n|move|p1a: The Lady|Rock Slide|p2a: Kingambit|[spread] p2a,p2b\n|-resisted|p2a: Kingambit\n|-supereffective|p2b: Dragonite\n|-crit|p2b: Dragonite\n|-damage|p2a: Kingambit|11\/100\n|-damage|p2b: Dragonite|0 fnt\n|faint|p2b: Dragonite\n|move|p1b: Gary|Make It Rain|p2a: Kingambit\n|-resisted|p2a: Kingambit\n|-damage|p2a: Kingambit|0 fnt\n|-unboost|p1b: Gary|spa|1\n|faint|p2a: Kingambit\n|-damage|p1b: Gary|81\/100|[from] item: Life Orb\n|\n|upkeep\n|\n|t:|1682474732\n|switch|p2b: Flutter Mane|Flutter Mane, L50|69\/100\n|turn|6\n|\n|t:|1682474754\n|move|p1b: Gary|Protect|p1b: Gary\n|-singleturn|p1b: Gary|Protect\n|move|p2b: Flutter Mane|Shadow Ball|p1a: The Lady\n|-damage|p1a: The Lady|17\/100\n|move|p1a: The Lady|Dragon Claw|p2b: Flutter Mane\n|-immune|p2b: Flutter Mane\n|\n|upkeep\n|turn|7\n|\n|t:|1682474770\n|move|p1a: The Lady|Protect|p1a: The Lady\n|-singleturn|p1a: The Lady|Protect\n|move|p2b: Flutter Mane|Shadow Ball|p1b: Gary\n|-supereffective|p1b: Gary\n|-crit|p1b: Gary\n|-damage|p1b: Gary|0 fnt\n|faint|p1b: Gary\n|\n|upkeep\n|turn|8\n|\n|t:|1682474778\n|move|p2b: Flutter Mane|Shadow Ball|p1a: The Lady\n|-damage|p1a: The Lady|0 fnt\n|faint|p1a: The Lady\n|\n|win|Philzkidd\n|raw|pinkmarlinguy's rating: 1125 → 1101<\/strong> (-24 for losing)\n|raw|Philzkidd's rating: 1144 → 1168<\/strong> (+24 for winning)\n|c|\u2606pinkmarlinguy|gg\n|l|\u2606pinkmarlinguy\n","uploadtime":1682474784,"views":18,"p1id":"pinkmarlinguy","p2id":"philzkidd","formatid":"gen9vgc2023regulationc","rating":1101,"private":0,"password":""}