{"id":"gen9vgc2023regulationc-1846571537","p1":"uhoh I poopd","p2":"Gui7","format":"[Gen 9] VGC 2023 Regulation C","log":"|j|\u2606uhoh I poopd\n|j|\u2606Gui7\n|t:|1681852857\n|gametype|doubles\n|player|p1|uhoh I poopd|colress|1217\n|player|p2|Gui7|266|1136\n|teamsize|p1|6\n|teamsize|p2|6\n|gen|9\n|tier|[Gen 9] VGC 2023 Regulation C\n|rated|\n|rule|Species Clause: Limit one of each Pok\u00e9mon\n|rule|Item Clause: Limit one of each item\n|clearpoke\n|poke|p1|Masquerain, L50, F|\n|poke|p1|Coalossal, L50, M|\n|poke|p1|Amoonguss, L50, M|\n|poke|p1|Arcanine, L50, M|\n|poke|p1|Palafin, L50, M|\n|poke|p1|Annihilape, L50, M|\n|poke|p2|Gardevoir, L50, M|\n|poke|p2|Garchomp, L50, M|\n|poke|p2|Flutter Mane, L50|\n|poke|p2|Chi-Yu, L50|\n|poke|p2|Talonflame, L50, F|\n|poke|p2|Iron Hands, L50|\n|teampreview|4\n|\n|t:|1681852899\n|start\n|switch|p1a: de Havilland|Masquerain, L50, F|100\/100\n|switch|p1b: Palafin|Palafin, L50, M|100\/100\n|switch|p2a: Talonflame|Talonflame, L50, F|100\/100\n|switch|p2b: Garchomp|Garchomp, L50, M|100\/100\n|-ability|p1a: de Havilland|Intimidate|boost\n|-unboost|p2a: Talonflame|atk|1\n|-fail|p2b: Garchomp|unboost|[from] item: Clear Amulet|[of] p2b: Garchomp\n|turn|1\n|\n|t:|1681852935\n|detailschange|p1b: Palafin|Palafin-Hero, L50, M\n|switch|p1b: Toad|Amoonguss, L50, M|100\/100\n|move|p1a: de Havilland|Protect|p1a: de Havilland\n|-singleturn|p1a: de Havilland|Protect\n|move|p2a: Talonflame|Tailwind|p2a: Talonflame\n|-sidestart|p2: Gui7|move: Tailwind\n|move|p2b: Garchomp|Dragon Claw|p1a: de Havilland\n|-activate|p1a: de Havilland|move: Protect\n|\n|upkeep\n|turn|2\n|\n|t:|1681852971\n|switch|p1a: Palafin|Palafin-Hero, L50, M|100\/100\n|-activate|p1a: Palafin|ability: Zero to Hero\n|move|p2a: Talonflame|Taunt|p1b: Toad\n|-start|p1b: Toad|move: Taunt\n|move|p2b: Garchomp|Dragon Claw|p1a: Palafin\n|-damage|p1a: Palafin|63\/100\n|cant|p1b: Toad|move: Taunt|Spore\n|\n|upkeep\n|turn|3\n|\n|t:|1681853009\n|switch|p2a: Iron Hands|Iron Hands, L50|100\/100\n|-terastallize|p2b: Garchomp|Water\n|-terastallize|p1a: Palafin|Water\n|move|p1a: Palafin|Jet Punch|p2b: Garchomp\n|-resisted|p2b: Garchomp\n|-damage|p2b: Garchomp|66\/100\n|-damage|p1a: Palafin|51\/100|[from] ability: Rough Skin|[of] p2b: Garchomp\n|move|p2b: Garchomp|Dragon Claw|p1a: Palafin\n|-damage|p1a: Palafin|16\/100\n|move|p1b: Toad|Pollen Puff|p1a: Palafin\n|-heal|p1a: Palafin|66\/100\n|\n|upkeep\n|turn|4\n|\n|t:|1681853059\n|move|p1a: Palafin|Protect|p1a: Palafin\n|-singleturn|p1a: Palafin|Protect\n|move|p2b: Garchomp|Dragon Claw|p1b: Toad\n|-damage|p1b: Toad|61\/100\n|move|p2a: Iron Hands|Swords Dance|p2a: Iron Hands\n|-boost|p2a: Iron Hands|atk|2\n|move|p1b: Toad|Pollen Puff|p2b: Garchomp\n|-damage|p2b: Garchomp|44\/100\n|\n|-end|p1b: Toad|move: Taunt\n|-sideend|p2: Gui7|move: Tailwind\n|upkeep\n|turn|5\n|\n|t:|1681853120\n|move|p2b: Garchomp|Protect|p2b: Garchomp\n|-singleturn|p2b: Garchomp|Protect\n|move|p1b: Toad|Rage Powder|p1b: Toad\n|-singleturn|p1b: Toad|move: Rage Powder\n|move|p1a: Palafin|Wave Crash|p2a: Iron Hands\n|-damage|p2a: Iron Hands|28\/100\n|-damage|p1a: Palafin|35\/100|[from] Recoil\n|move|p2a: Iron Hands|Swords Dance|p2a: Iron Hands\n|-boost|p2a: Iron Hands|atk|2\n|\n|upkeep\n|turn|6\n|\n|t:|1681853148\n|move|p1a: Palafin|Jet Punch|p2a: Iron Hands\n|-damage|p2a: Iron Hands|0 fnt\n|faint|p2a: Iron Hands\n|-end|p2a: Iron Hands|Quark Drive|[silent]\n|move|p2b: Garchomp|Earthquake|p1b: Toad|[spread] p1a,p1b\n|-damage|p1a: Palafin|0 fnt\n|-damage|p1b: Toad|28\/100\n|faint|p1a: Palafin\n|move|p1b: Toad|Pollen Puff|p1: Palafin|[notarget]\n|-fail|p1b: Toad\n|\n|upkeep\n|\n|t:|1681853162\n|switch|p1a: de Havilland|Masquerain, L50, F|100\/100\n|switch|p2a: Talonflame|Talonflame, L50, F|100\/100\n|-ability|p1a: de Havilland|Intimidate|boost\n|-unboost|p2a: Talonflame|atk|1\n|-fail|p2b: Garchomp|unboost|[from] item: Clear Amulet|[of] p2b: Garchomp\n|turn|7\n|\n|t:|1681853216\n|move|p1a: de Havilland|Protect|p1a: de Havilland\n|-singleturn|p1a: de Havilland|Protect\n|move|p2a: Talonflame|Tailwind|p2a: Talonflame\n|-sidestart|p2: Gui7|move: Tailwind\n|move|p2b: Garchomp|Dragon Claw|p1b: Toad\n|-damage|p1b: Toad|0 fnt\n|faint|p1b: Toad\n|\n|upkeep\n|\n|t:|1681853223\n|switch|p1b: Armavee|Coalossal, L50, M|100\/100\n|turn|8\n|\n|t:|1681853242\n|move|p2a: Talonflame|Brave Bird|p1a: de Havilland\n|-supereffective|p1a: de Havilland\n|-damage|p1a: de Havilland|3\/100\n|-damage|p2a: Talonflame|69\/100|[from] Recoil\n|move|p1a: de Havilland|Aqua Jet|p1b: Armavee\n|-supereffective|p1b: Armavee\n|-damage|p1b: Armavee|81\/100\n|-ability|p1b: Armavee|Steam Engine|boost\n|-boost|p1b: Armavee|spe|6\n|-enditem|p1b: Armavee|Weakness Policy\n|-boost|p1b: Armavee|atk|2|[from] item: Weakness Policy\n|-boost|p1b: Armavee|spa|2|[from] item: Weakness Policy\n|move|p1b: Armavee|Power Gem|p2b: Garchomp\n|-damage|p2b: Garchomp|0 fnt\n|faint|p2b: Garchomp\n|\n|upkeep\n|\n|t:|1681853259\n|switch|p2b: Flutter Mane|Flutter Mane, L50|100\/100\n|-enditem|p2b: Flutter Mane|Booster Energy\n|-activate|p2b: Flutter Mane|ability: Protosynthesis|[fromitem]\n|-start|p2b: Flutter Mane|protosynthesisspd\n|turn|9\n|\n|t:|1681853280\n|move|p2b: Flutter Mane|Shadow Ball|p1b: Armavee\n|-damage|p1b: Armavee|41\/100\n|move|p1b: Armavee|Power Gem|p2a: Talonflame\n|-supereffective|p2a: Talonflame\n|-damage|p2a: Talonflame|0 fnt\n|faint|p2a: Talonflame\n|move|p1a: de Havilland|Struggle Bug|p2b: Flutter Mane\n|-resisted|p2b: Flutter Mane\n|-crit|p2b: Flutter Mane\n|-damage|p2b: Flutter Mane|96\/100\n|-unboost|p2b: Flutter Mane|spa|1\n|\n|upkeep\n|turn|10\n|\n|t:|1681853295\n|move|p1b: Armavee|Protect|p1b: Armavee\n|-singleturn|p1b: Armavee|Protect\n|move|p2b: Flutter Mane|Shadow Ball|p1b: Armavee\n|-activate|p1b: Armavee|move: Protect\n|move|p1a: de Havilland|Struggle Bug|p2b: Flutter Mane\n|-resisted|p2b: Flutter Mane\n|-damage|p2b: Flutter Mane|93\/100\n|-unboost|p2b: Flutter Mane|spa|1\n|\n|-sideend|p2: Gui7|move: Tailwind\n|upkeep\n|turn|11\n|\n|t:|1681853309\n|move|p1b: Armavee|Heat Wave|p2b: Flutter Mane\n|-damage|p2b: Flutter Mane|42\/100\n|move|p2b: Flutter Mane|Dazzling Gleam|p1b: Armavee|[spread] p1a,p1b\n|-resisted|p1b: Armavee\n|-damage|p1a: de Havilland|0 fnt\n|-damage|p1b: Armavee|34\/100\n|faint|p1a: de Havilland\n|\n|upkeep\n|turn|12\n|\n|t:|1681853319\n|move|p1b: Armavee|Power Gem|p2b: Flutter Mane\n|-damage|p2b: Flutter Mane|0 fnt\n|faint|p2b: Flutter Mane\n|-end|p2b: Flutter Mane|Protosynthesis|[silent]\n|\n|win|uhoh I poopd\n|raw|uhoh I poopd's rating: 1217 → 1236<\/strong> (+19 for winning)\n|raw|Gui7's rating: 1136 → 1117<\/strong> (-19 for losing)\n|c|\u2606uhoh I poopd|Gg\n|l|\u2606Gui7\n","uploadtime":1681853340,"views":11,"p1id":"uhohipoopd","p2id":"gui7","formatid":"gen9vgc2023regulationc","rating":1117,"private":0,"password":""}