{"id":"gen9vgc2023regulationc-1862003547","p1":"beckybug","p2":"Funnyman Krebs","format":"[Gen 9] VGC 2023 Regulation C","log":"|j|\u2606beckybug\n|j|\u2606Funnyman Krebs\n|t:|1683827984\n|gametype|doubles\n|player|p1|beckybug|rosa|1670\n|player|p2|Funnyman Krebs|wallace|1604\n|teamsize|p1|6\n|teamsize|p2|6\n|gen|9\n|tier|[Gen 9] VGC 2023 Regulation C\n|rated|\n|rule|Species Clause: Limit one of each Pok\u00e9mon\n|rule|Item Clause: Limit one of each item\n|clearpoke\n|poke|p1|Iron Bundle, L50|\n|poke|p1|Chi-Yu, L50|\n|poke|p1|Lycanroc, L50, F|\n|poke|p1|Tyranitar, L50, M|\n|poke|p1|Indeedee-F, L50, F|\n|poke|p1|Armarouge, L50, M|\n|poke|p2|Glimmora, L50, M|\n|poke|p2|Iron Bundle, L50|\n|poke|p2|Chi-Yu, L50|\n|poke|p2|Dragonite, L50, M|\n|poke|p2|Dondozo, L50, F|\n|poke|p2|Tatsugiri, L50, M|\n|teampreview|4\nFunnyman Krebs has agreed to open team sheets.\nbeckybug has agreed to open team sheets.\n|\n|t:|1683828017\n|start\n|switch|p1a: Iron Bundle|Iron Bundle, L50|100\/100\n|switch|p1b: Indeedee|Indeedee-F, L50, F|100\/100\n|switch|p2a: Large Marge|Dondozo, L50, F|100\/100\n|switch|p2b: Wheeeee!|Glimmora, L50, M, shiny|100\/100\n|-fieldstart|move: Psychic Terrain|[from] ability: Psychic Surge|[of] p1b: Indeedee\n|-enditem|p1b: Indeedee|Psychic Seed\n|-boost|p1b: Indeedee|spd|1|[from] item: Psychic Seed\n|-enditem|p1a: Iron Bundle|Booster Energy\n|-activate|p1a: Iron Bundle|ability: Quark Drive|[fromitem]\n|-start|p1a: Iron Bundle|quarkdrivespe\n|turn|1\n|inactive|Battle timer is ON: inactive players will automatically lose when time's up. (requested by Funnyman Krebs)\n|\n|t:|1683828037\n|move|p1a: Iron Bundle|Protect|p1a: Iron Bundle\n|-singleturn|p1a: Iron Bundle|Protect\n|move|p2a: Large Marge|Protect|p2a: Large Marge\n|-singleturn|p2a: Large Marge|Protect\n|move|p2b: Wheeeee!|Mortal Spin|p1b: Indeedee|[spread] p1b\n|-activate|p1a: Iron Bundle|move: Protect\n|-damage|p1b: Indeedee|97\/100\n|-status|p1b: Indeedee|psn\n|move|p1b: Indeedee|Psychic|p2b: Wheeeee!\n|-supereffective|p2b: Wheeeee!\n|-damage|p2b: Wheeeee!|44\/100\n|\n|-damage|p1b: Indeedee|84\/100 psn|[from] psn\n|upkeep\n|turn|2\n|\n|t:|1683828059\n|switch|p2b: Sashimi|Tatsugiri, L50, M|100\/100\n|-activate|p2b: Sashimi|ability: Commander|[of] p2a: Large Marge\n|-boost|p2a: Large Marge|atk|2\n|-boost|p2a: Large Marge|spa|2\n|-boost|p2a: Large Marge|spe|2\n|-boost|p2a: Large Marge|def|2\n|-boost|p2a: Large Marge|spd|2\n|move|p1a: Iron Bundle|Encore|p2a: Large Marge\n|-start|p2a: Large Marge|Encore\n|move|p2a: Large Marge|Protect||[still]\n|-fail|p2a: Large Marge\n|move|p1b: Indeedee|Psychic|p2b: Sashimi|[miss]\n|-miss|p1b: Indeedee|p2b: Sashimi\n|\n|-damage|p1b: Indeedee|72\/100 psn|[from] psn\n|upkeep\n|turn|3\n|\n|t:|1683828083\n|switch|p1b: Lycanroc|Lycanroc, L50, F|100\/100\n|move|p2a: Large Marge|Protect|p2a: Large Marge\n|-singleturn|p2a: Large Marge|Protect\n|move|p1a: Iron Bundle|Freeze-Dry|p2a: Large Marge\n|-activate|p2a: Large Marge|move: Protect\n|\n|upkeep\n|turn|4\n|\n|t:|1683828092\n|move|p2a: Large Marge|Protect|p2a: Large Marge\n|-singleturn|p2a: Large Marge|Protect\n|move|p1a: Iron Bundle|Freeze-Dry|p2a: Large Marge\n|-activate|p2a: Large Marge|move: Protect\n|move|p1b: Lycanroc|Rock Slide|p2a: Large Marge|[spread] \n|-miss|p1b: Lycanroc|p2b: Sashimi\n|-activate|p2a: Large Marge|move: Protect\n|\n|-end|p2a: Large Marge|Encore\n|upkeep\n|turn|5\n|\n|t:|1683828098\n|move|p1a: Iron Bundle|Encore|p2a: Large Marge\n|-start|p2a: Large Marge|Encore\n|move|p1b: Lycanroc|Rock Slide|p2b: Sashimi|[spread] p2a\n|-miss|p1b: Lycanroc|p2b: Sashimi\n|-damage|p2a: Large Marge|92\/100\n|cant|p2a: Large Marge|flinch\n|\n|-heal|p2a: Large Marge|98\/100|[from] item: Leftovers\n|-fieldend|move: Psychic Terrain\n|upkeep\n|turn|6\n|\n|t:|1683828108\n|move|p2a: Large Marge|Protect|p2a: Large Marge\n|-singleturn|p2a: Large Marge|Protect\n|move|p1a: Iron Bundle|Freeze-Dry|p2a: Large Marge\n|-activate|p2a: Large Marge|move: Protect\n|move|p1b: Lycanroc|Rock Slide|p2a: Large Marge|[spread] \n|-miss|p1b: Lycanroc|p2b: Sashimi\n|-activate|p2a: Large Marge|move: Protect\n|\n|-heal|p2a: Large Marge|100\/100|[from] item: Leftovers\n|upkeep\n|turn|7\n|\n|t:|1683828121\n|move|p2a: Large Marge|Protect||[still]\n|-fail|p2a: Large Marge\n|move|p1a: Iron Bundle|Freeze-Dry|p2a: Large Marge\n|-supereffective|p2a: Large Marge\n|-damage|p2a: Large Marge|73\/100\n|move|p1b: Lycanroc|Rock Slide|p2b: Sashimi|[spread] p2a\n|-miss|p1b: Lycanroc|p2b: Sashimi\n|-damage|p2a: Large Marge|64\/100\n|\n|-heal|p2a: Large Marge|70\/100|[from] item: Leftovers\n|-end|p2a: Large Marge|Encore\n|upkeep\n|turn|8\n|\n|t:|1683828133\n|move|p2a: Large Marge|Protect|p2a: Large Marge\n|-singleturn|p2a: Large Marge|Protect\n|move|p1a: Iron Bundle|Encore|p2a: Large Marge\n|-activate|p2a: Large Marge|move: Protect\n|move|p1b: Lycanroc|Rock Slide|p2a: Large Marge|[spread] \n|-miss|p1b: Lycanroc|p2b: Sashimi\n|-activate|p2a: Large Marge|move: Protect\n|\n|-heal|p2a: Large Marge|76\/100|[from] item: Leftovers\n|upkeep\n|turn|9\n|\n|t:|1683828142\n|move|p1a: Iron Bundle|Encore|p2a: Large Marge\n|-start|p2a: Large Marge|Encore\n|move|p1b: Lycanroc|Rock Slide|p2b: Sashimi|[spread] p2a\n|-miss|p1b: Lycanroc|p2b: Sashimi\n|-damage|p2a: Large Marge|67\/100\n|move|p2a: Large Marge|Protect||[still]\n|-fail|p2a: Large Marge\n|\n|-heal|p2a: Large Marge|73\/100|[from] item: Leftovers\n|upkeep\n|turn|10\n|\n|t:|1683828161\n|move|p2a: Large Marge|Protect|p2a: Large Marge\n|-singleturn|p2a: Large Marge|Protect\n|move|p1a: Iron Bundle|Freeze-Dry|p2a: Large Marge\n|-activate|p2a: Large Marge|move: Protect\n|move|p1b: Lycanroc|Rock Slide|p2a: Large Marge|[spread] \n|-miss|p1b: Lycanroc|p2b: Sashimi\n|-activate|p2a: Large Marge|move: Protect\n|\n|-heal|p2a: Large Marge|79\/100|[from] item: Leftovers\n|upkeep\n|turn|11\n|\n|t:|1683828167\n|move|p2a: Large Marge|Protect||[still]\n|-fail|p2a: Large Marge\n|move|p1a: Iron Bundle|Freeze-Dry|p2a: Large Marge\n|-supereffective|p2a: Large Marge\n|-damage|p2a: Large Marge|52\/100\n|move|p1b: Lycanroc|Rock Slide|p2b: Sashimi|[spread] p2a\n|-miss|p1b: Lycanroc|p2b: Sashimi\n|-damage|p2a: Large Marge|42\/100\n|\n|-heal|p2a: Large Marge|48\/100|[from] item: Leftovers\n|-end|p2a: Large Marge|Encore\n|upkeep\n|turn|12\n|\n|t:|1683828179\n|move|p1a: Iron Bundle|Encore|p2a: Large Marge\n|-start|p2a: Large Marge|Encore\n|move|p1b: Lycanroc|Rock Slide|p2b: Sashimi|[spread] p2a\n|-miss|p1b: Lycanroc|p2b: Sashimi\n|-damage|p2a: Large Marge|39\/100\n|move|p2a: Large Marge|Protect||[still]\n|-fail|p2a: Large Marge\n|\n|-heal|p2a: Large Marge|45\/100|[from] item: Leftovers\n|upkeep\n|turn|13\n|\n|t:|1683828194\n|move|p2a: Large Marge|Protect|p2a: Large Marge\n|-singleturn|p2a: Large Marge|Protect\n|move|p1a: Iron Bundle|Freeze-Dry|p2a: Large Marge\n|-activate|p2a: Large Marge|move: Protect\n|move|p1b: Lycanroc|Rock Slide|p2b: Sashimi|[spread] \n|-miss|p1b: Lycanroc|p2b: Sashimi\n|-activate|p2a: Large Marge|move: Protect\n|\n|-heal|p2a: Large Marge|51\/100|[from] item: Leftovers\n|upkeep\n|turn|14\n|\n|t:|1683828201\n|move|p2a: Large Marge|Protect||[still]\n|-fail|p2a: Large Marge\n|move|p1a: Iron Bundle|Freeze-Dry|p2a: Large Marge\n|-supereffective|p2a: Large Marge\n|-damage|p2a: Large Marge|19\/100\n|move|p1b: Lycanroc|Rock Slide|p2b: Sashimi|[spread] p2a\n|-miss|p1b: Lycanroc|p2b: Sashimi\n|-damage|p2a: Large Marge|9\/100\n|\n|-heal|p2a: Large Marge|16\/100|[from] item: Leftovers\n|-end|p2a: Large Marge|Encore\n|upkeep\n|turn|15\n|\n|t:|1683828217\n|move|p1b: Lycanroc|Endure|p1b: Lycanroc\n|-singleturn|p1b: Lycanroc|move: Endure\n|move|p1a: Iron Bundle|Encore|p2a: Large Marge\n|-start|p2a: Large Marge|Encore\n|move|p2a: Large Marge|Protect||[still]\n|-fail|p2a: Large Marge\n|\n|-heal|p2a: Large Marge|22\/100|[from] item: Leftovers\n|upkeep\n|turn|16\n|\n|t:|1683828227\n|move|p2a: Large Marge|Protect|p2a: Large Marge\n|-singleturn|p2a: Large Marge|Protect\n|move|p1a: Iron Bundle|Freeze-Dry|p2a: Large Marge\n|-activate|p2a: Large Marge|move: Protect\n|move|p1b: Lycanroc|Rock Slide|p2b: Sashimi|[spread] \n|-miss|p1b: Lycanroc|p2b: Sashimi\n|-activate|p2a: Large Marge|move: Protect\n|\n|-heal|p2a: Large Marge|28\/100|[from] item: Leftovers\n|upkeep\n|turn|17\n|\n|t:|1683828232\n|move|p2a: Large Marge|Protect||[still]\n|-fail|p2a: Large Marge\n|move|p1a: Iron Bundle|Freeze-Dry|p2a: Large Marge\n|-supereffective|p2a: Large Marge\n|-damage|p2a: Large Marge|0 fnt\n|faint|p2a: Large Marge\n|move|p1b: Lycanroc|Rock Slide|p2b: Sashimi\n|-damage|p2b: Sashimi|35\/100\n|\n|upkeep\n|\n|t:|1683828241\n|switch|p2a: Iron Santa|Iron Bundle, L50, shiny|100\/100\n|-enditem|p2a: Iron Santa|Booster Energy\n|-activate|p2a: Iron Santa|ability: Quark Drive|[fromitem]\n|-start|p2a: Iron Santa|quarkdrivespe\n|turn|18\n|\n|t:|1683828249\n|-end|p1a: Iron Bundle|Quark Drive|[silent]\n|switch|p1a: Tyranitar|Tyranitar, L50, M|100\/100\n|-weather|Sandstorm|[from] ability: Sand Stream|[of] p1a: Tyranitar\n|-terastallize|p2b: Sashimi|Steel\n|move|p1b: Lycanroc|Rock Slide|p2b: Sashimi|[spread] p2a,p2b\n|-supereffective|p2a: Iron Santa\n|-resisted|p2b: Sashimi\n|-damage|p2a: Iron Santa|36\/100\n|-damage|p2b: Sashimi|10\/100\n|move|p2a: Iron Santa|Icy Wind|p1b: Lycanroc|[spread] p1a,p1b\n|-damage|p1a: Tyranitar|91\/100\n|-damage|p1b: Lycanroc|78\/100\n|-unboost|p1a: Tyranitar|spe|1\n|-unboost|p1b: Lycanroc|spe|1\n|move|p2b: Sashimi|Muddy Water|p1a: Tyranitar|[spread] p1b\n|-miss|p2b: Sashimi|p1a: Tyranitar\n|-supereffective|p1b: Lycanroc\n|-damage|p1b: Lycanroc|0 fnt\n|faint|p1b: Lycanroc\n|\n|-weather|Sandstorm|[upkeep]\n|-damage|p2a: Iron Santa|30\/100|[from] Sandstorm\n|upkeep\n|\n|t:|1683828272\n|switch|p1b: Indeedee|Indeedee-F, L50, F|72\/100 psn\n|-fieldstart|move: Psychic Terrain|[from] ability: Psychic Surge|[of] p1b: Indeedee\n|turn|19\n|inactive|beckybug has 30 seconds left.\n|\n|t:|1683828299\n|-end|p2a: Iron Santa|Quark Drive|[silent]\n|switch|p2a: Wheeeee!|Glimmora, L50, M, shiny|44\/100\n|-terastallize|p1a: Tyranitar|Flying\n|move|p2b: Sashimi|Muddy Water|p1a: Tyranitar|[spread] p1a,p1b\n|-damage|p1a: Tyranitar|72\/100\n|-damage|p1b: Indeedee|39\/100 psn\n|-unboost|p1a: Tyranitar|accuracy|1\n|-unboost|p1b: Indeedee|accuracy|1\n|move|p1b: Indeedee|Psychic|p2a: Wheeeee!|[miss]\n|-miss|p1b: Indeedee|p2a: Wheeeee!\n|move|p1a: Tyranitar|Low Kick|p2b: Sashimi|[miss]\n|-miss|p1a: Tyranitar|p2b: Sashimi\n|\n|-weather|Sandstorm|[upkeep]\n|-damage|p1b: Indeedee|33\/100 psn|[from] Sandstorm\n|-damage|p1a: Tyranitar|67\/100|[from] Sandstorm\n|-damage|p1b: Indeedee|20\/100 psn|[from] psn\n|upkeep\n|turn|20\n|\n|t:|1683828318\n|move|p2b: Sashimi|Muddy Water|p1a: Tyranitar|[spread] p1a,p1b\n|-damage|p1a: Tyranitar|48\/100\n|-damage|p1b: Indeedee|0 fnt\n|-unboost|p1a: Tyranitar|accuracy|1\n|faint|p1b: Indeedee\n|move|p2a: Wheeeee!|Power Gem|p1a: Tyranitar\n|-supereffective|p1a: Tyranitar\n|-damage|p1a: Tyranitar|6\/100\n|move|p1a: Tyranitar|Low Kick|p2b: Sashimi\n|-supereffective|p2b: Sashimi\n|-damage|p2b: Sashimi|0 fnt\n|faint|p2b: Sashimi\n|\n|-weather|Sandstorm|[upkeep]\n|-damage|p1a: Tyranitar|0 fnt|[from] Sandstorm\n|faint|p1a: Tyranitar\n|upkeep\n|\n|t:|1683828327\n|switch|p2b: Iron Santa|Iron Bundle, L50, shiny|30\/100\n|switch|p1b: Iron Bundle|Iron Bundle, L50|100\/100\n|turn|21\n|\n|t:|1683828339\n|move|p1b: Iron Bundle|Freeze-Dry|p2b: Iron Santa\n|-damage|p2b: Iron Santa|0 fnt\n|faint|p2b: Iron Santa\n|-end|p2b: Iron Santa|Quark Drive|[silent]\n|move|p2a: Wheeeee!|Power Gem|p1b: Iron Bundle\n|-supereffective|p1b: Iron Bundle\n|-damage|p1b: Iron Bundle|0 fnt\n|faint|p1b: Iron Bundle\n|-end|p1b: Iron Bundle|Quark Drive|[silent]\n|\n|win|Funnyman Krebs\n|raw|beckybug's rating: 1670 → 1646<\/strong> (-24 for losing)\n|raw|Funnyman Krebs's rating: 1604 → 1628<\/strong> (+24 for winning)\n|l|\u2606beckybug\n|c|\u2606Funnyman Krebs|gg\n|l|\u2606Funnyman Krebs\n|j|\u2606beckybug\n|player|p1|beckybug|rosa\n","uploadtime":1683828349,"views":27,"p1id":"beckybug","p2id":"funnymankrebs","formatid":"gen9vgc2023regulationc","rating":1628,"private":0,"password":""}