{"id":"gen9vgc2023regulationc-1862676692","p1":"leaveher","p2":"Flytrapin","format":"[Gen 9] VGC 2023 Regulation C","log":"|j|\u2606leaveher\n|j|\u2606Flytrapin\n|t:|1683911277\n|gametype|doubles\n|player|p1|leaveher|101|1165\n|player|p2|Flytrapin|alder|1129\n|teamsize|p1|6\n|teamsize|p2|6\n|gen|9\n|tier|[Gen 9] VGC 2023 Regulation C\n|rated|\n|rule|Species Clause: Limit one of each Pok\u00e9mon\n|rule|Item Clause: Limit one of each item\n|clearpoke\n|poke|p1|Indeedee-F, L50, F|\n|poke|p1|Armarouge, L50, M|\n|poke|p1|Azumarill, L50, M|\n|poke|p1|Torkoal, L50, M|\n|poke|p1|Hatterene, L50, F|\n|poke|p1|Sylveon, L50, M|\n|poke|p2|Torkoal, L50, M|\n|poke|p2|Lycanroc, L50, F|\n|poke|p2|Tyranitar, L50, M|\n|poke|p2|Flutter Mane, L50|\n|poke|p2|Abomasnow, L50, M|\n|poke|p2|Iron Bundle, L50|\n|teampreview|4\n|inactive|Battle timer is ON: inactive players will automatically lose when time's up. (requested by Flytrapin)\n|inactive|leaveher also wants the timer to be on.\n|inactive|leaveher has 60 seconds left.\n|\n|t:|1683911330\n|start\n|switch|p1a: Indeedee|Indeedee-F, L50, F|100\/100\n|switch|p1b: Armarouge|Armarouge, L50, M|100\/100\n|switch|p2a: Lycanroc|Lycanroc, L50, F|100\/100\n|switch|p2b: Tyranitar|Tyranitar, L50, M|100\/100\n|-fieldstart|move: Psychic Terrain|[from] ability: Psychic Surge|[of] p1a: Indeedee\n|-weather|Sandstorm|[from] ability: Sand Stream|[of] p2b: Tyranitar\n|turn|1\n|\n|t:|1683911351\n|-terastallize|p1b: Armarouge|Grass\n|move|p1b: Armarouge|Wide Guard|p1b: Armarouge\n|-singleturn|p1b: Armarouge|Wide Guard\n|move|p2a: Lycanroc|Rock Slide|p1a: Indeedee|[spread] \n|-activate|p1a: Indeedee|move: Wide Guard\n|-activate|p1b: Armarouge|move: Wide Guard\n|move|p2b: Tyranitar|Rock Slide|p1b: Armarouge|[spread] \n|-activate|p1a: Indeedee|move: Wide Guard\n|-activate|p1b: Armarouge|move: Wide Guard\n|move|p1a: Indeedee|Trick Room|p1a: Indeedee\n|-fieldstart|move: Trick Room|[of] p1a: Indeedee\n|\n|-weather|Sandstorm|[upkeep]\n|-damage|p1b: Armarouge|94\/100|[from] Sandstorm\n|upkeep\n|turn|2\n|inactive|leaveher has 30 seconds left.\n|\n|t:|1683911379\n|switch|p1b: Azumarill|Azumarill, L50, M|100\/100\n|-terastallize|p2a: Lycanroc|Dark\n|move|p2b: Tyranitar|Ice Punch|p1b: Azumarill\n|-resisted|p1b: Azumarill\n|-damage|p1b: Azumarill|87\/100\n|move|p1a: Indeedee|Dazzling Gleam|p2b: Tyranitar|[spread] p2a,p2b\n|-supereffective|p2a: Lycanroc\n|-supereffective|p2b: Tyranitar\n|-damage|p2a: Lycanroc|56\/100\n|-damage|p2b: Tyranitar|86\/100\n|move|p2a: Lycanroc|Rock Slide|p1b: Azumarill|[spread] p1b\n|-miss|p2a: Lycanroc|p1a: Indeedee\n|-damage|p1b: Azumarill|61\/100\n|\n|-weather|Sandstorm|[upkeep]\n|-damage|p1b: Azumarill|55\/100|[from] Sandstorm\n|upkeep\n|turn|3\n|inactive|leaveher has 30 seconds left.\n|inactive|Flytrapin has 30 seconds left.\n|inactive|leaveher has 20 seconds left.\n|\n|t:|1683911416\n|move|p1b: Azumarill|Brick Break|p2b: Tyranitar\n|-supereffective|p2b: Tyranitar\n|-damage|p2b: Tyranitar|0 fnt\n|faint|p2b: Tyranitar\n|move|p1a: Indeedee|Dazzling Gleam|p2a: Lycanroc\n|-supereffective|p2a: Lycanroc\n|-damage|p2a: Lycanroc|0 fnt\n|faint|p2a: Lycanroc\n|\n|-weather|Sandstorm|[upkeep]\n|-damage|p1b: Azumarill|49\/100|[from] Sandstorm\n|upkeep\n|\n|t:|1683911423\n|switch|p2b: Flutter Mane|Flutter Mane, L50|100\/100\n|switch|p2a: Torkoal|Torkoal, L50, M|100\/100\n|-weather|SunnyDay|[from] ability: Drought|[of] p2a: Torkoal\n|-activate|p2b: Flutter Mane|ability: Protosynthesis\n|-start|p2b: Flutter Mane|protosynthesisspe\n|turn|4\n|\n|t:|1683911442\n|move|p1a: Indeedee|Helping Hand|p1b: Azumarill\n|-singleturn|p1b: Azumarill|Helping Hand|[of] p1a: Indeedee\n|move|p2a: Torkoal|Eruption|p1b: Azumarill|[spread] p1a,p1b\n|-resisted|p1b: Azumarill\n|-damage|p1a: Indeedee|46\/100\n|-damage|p1b: Azumarill|19\/100\n|move|p1b: Azumarill|Brick Break|p2a: Torkoal\n|-damage|p2a: Torkoal|49\/100\n|move|p2b: Flutter Mane|Dazzling Gleam|p1b: Azumarill|[spread] p1a,p1b\n|-damage|p1a: Indeedee|0 fnt\n|-damage|p1b: Azumarill|0 fnt\n|faint|p1a: Indeedee\n|faint|p1b: Azumarill\n|\n|-weather|SunnyDay|[upkeep]\n|upkeep\n|\n|t:|1683911455\n|switch|p1b: Torkoal|Torkoal, L50, M|100\/100\n|switch|p1a: Armarouge|Armarouge, L50, M, tera:Grass|94\/100\n|turn|5\n|\n|t:|1683911470\n|move|p1a: Armarouge|Wide Guard|p1a: Armarouge\n|-singleturn|p1a: Armarouge|Wide Guard\n|move|p1b: Torkoal|Eruption|p2b: Flutter Mane|[spread] p2a,p2b\n|-resisted|p2a: Torkoal\n|-damage|p2a: Torkoal|6\/100\n|-damage|p2b: Flutter Mane|4\/100\n|move|p2a: Torkoal|Eruption|p1a: Armarouge|[spread] \n|-activate|p1a: Armarouge|move: Wide Guard\n|-activate|p1b: Torkoal|move: Wide Guard\n|move|p2b: Flutter Mane|Dazzling Gleam|p1a: Armarouge|[spread] \n|-activate|p1a: Armarouge|move: Wide Guard\n|-activate|p1b: Torkoal|move: Wide Guard\n|\n|-weather|SunnyDay|[upkeep]\n|-fieldend|move: Trick Room\n|-fieldend|move: Psychic Terrain\n|upkeep\n|turn|6\n|\n|t:|1683911493\n|move|p2b: Flutter Mane|Dazzling Gleam|p1b: Torkoal|[spread] p1a,p1b\n|-resisted|p1b: Torkoal\n|-damage|p1a: Armarouge|36\/100\n|-damage|p1b: Torkoal|70\/100\n|move|p1a: Armarouge|Expanding Force|p2a: Torkoal\n|-damage|p2a: Torkoal|0 fnt\n|faint|p2a: Torkoal\n|move|p1b: Torkoal|Flamethrower|p2b: Flutter Mane\n|-damage|p2b: Flutter Mane|0 fnt\n|faint|p2b: Flutter Mane\n|-end|p2b: Flutter Mane|Protosynthesis|[silent]\n|\n|win|leaveher\n|raw|leaveher's rating: 1165 → 1187<\/strong> (+22 for winning)\n|raw|Flytrapin's rating: 1129 → 1107<\/strong> (-22 for losing)\n|c|\u2606Flytrapin|Gg\n","uploadtime":1683911503,"views":9,"p1id":"leaveher","p2id":"flytrapin","formatid":"gen9vgc2023regulationc","rating":1107,"private":0,"password":""}