{"id":"gen9vgc2023regulationc-1852325041","p1":"MightyMudsdale","p2":"DuelLuna","format":"[Gen 9] VGC 2023 Regulation C","log":"|j|\u2606MightyMudsdale\n|j|\u2606DuelLuna\n|t:|1682544172\n|gametype|doubles\n|player|p1|MightyMudsdale|nessa-masters|\n|player|p2|DuelLuna|caitlin|\n|teamsize|p1|6\n|teamsize|p2|6\n|gen|9\n|tier|[Gen 9] VGC 2023 Regulation C\n|rule|Species Clause: Limit one of each Pok\u00e9mon\n|rule|Item Clause: Limit one of each item\n|clearpoke\n|poke|p1|Flutter Mane, L50|\n|poke|p1|Gastrodon-East, L50, F|\n|poke|p1|Baxcalibur, L50, M|\n|poke|p1|Ting-Lu, L50|\n|poke|p1|Talonflame, L50, M|\n|poke|p1|Gyarados, L50, M|\n|poke|p2|Gholdengo, L50|\n|poke|p2|Maushold, L50|\n|poke|p2|Iron Bundle, L50|\n|poke|p2|Garchomp, L50, F|\n|poke|p2|Talonflame, L50, F|\n|poke|p2|Iron Hands, L50|\n|teampreview|4\nDuelLuna has agreed to open team sheets.\n|c|\u2606MightyMudsdale|gl hf\nMightyMudsdale has agreed to open team sheets.\n|c|\u2606DuelLuna|Hf\n|\n|t:|1682544214\n|start\n|switch|p1a: Unagi|Gyarados, L50, M|100\/100\n|switch|p1b: Aroostook|Ting-Lu, L50|100\/100\n|switch|p2a: Gold OS|Gholdengo, L50|100\/100\n|switch|p2b: Critical mauss|Maushold, L50|100\/100\n|-ability|p1a: Unagi|Intimidate|boost\n|-unboost|p2a: Gold OS|atk|1\n|-unboost|p2b: Critical mauss|atk|1\n|-ability|p1b: Aroostook|Vessel of Ruin\n|turn|1\n|\n|t:|1682544228\n|-terastallize|p2a: Gold OS|Water\n|move|p2b: Critical mauss|Super Fang|p1b: Aroostook\n|-damage|p1b: Aroostook|50\/100\n|move|p2a: Gold OS|Nasty Plot|p2a: Gold OS\n|-boost|p2a: Gold OS|spa|2\n|move|p1a: Unagi|Taunt|p2b: Critical mauss\n|-start|p2b: Critical mauss|move: Taunt\n|move|p1b: Aroostook|Earthquake|p2b: Critical mauss|[spread] p2a,p2b\n|-immune|p1a: Unagi\n|-damage|p2a: Gold OS|76\/100\n|-damage|p2b: Critical mauss|62\/100\n|\n|-heal|p2a: Gold OS|82\/100|[from] item: Leftovers\n|upkeep\n|turn|2\n|\n|t:|1682544256\n|move|p2a: Gold OS|Protect|p2a: Gold OS\n|-singleturn|p2a: Gold OS|Protect\n|move|p2b: Critical mauss|Super Fang|p1b: Aroostook\n|-damage|p1b: Aroostook|26\/100\n|move|p1a: Unagi|Thunder Wave|p2b: Critical mauss\n|-status|p2b: Critical mauss|par\n|move|p1b: Aroostook|Fissure|p2a: Gold OS\n|-activate|p2a: Gold OS|move: Protect\n|\n|-heal|p2a: Gold OS|89\/100|[from] item: Leftovers\n|upkeep\n|turn|3\n|\n|t:|1682544285\n|move|p2a: Gold OS|Make It Rain|p1b: Aroostook|[spread] p1a,p1b\n|-resisted|p1a: Unagi\n|-damage|p1a: Unagi|70\/100\n|-damage|p1b: Aroostook|0 fnt\n|-unboost|p2a: Gold OS|spa|1\n|faint|p1b: Aroostook\n|move|p1a: Unagi|Icy Wind|p2a: Gold OS|[spread] p2a,p2b\n|-resisted|p2a: Gold OS\n|-damage|p2a: Gold OS|86\/100\n|-damage|p2b: Critical mauss|56\/100 par\n|-unboost|p2a: Gold OS|spe|1\n|-unboost|p2b: Critical mauss|spe|1\n|cant|p2b: Critical mauss|par\n|\n|-heal|p2a: Gold OS|93\/100|[from] item: Leftovers\n|upkeep\n|\n|t:|1682544300\n|switch|p1b: Oxalaia|Baxcalibur, L50, M|100\/100\n|turn|4\n|\n|t:|1682544310\n|-terastallize|p1b: Oxalaia|Poison\n|move|p2a: Gold OS|Protect|p2a: Gold OS\n|-singleturn|p2a: Gold OS|Protect\n|move|p1a: Unagi|Waterfall|p2b: Critical mauss\n|-damage|p2b: Critical mauss|6\/100 par\n|move|p1b: Oxalaia|Swords Dance|p1b: Oxalaia\n|-boost|p1b: Oxalaia|atk|2\n|cant|p2b: Critical mauss|flinch\n|\n|-heal|p2a: Gold OS|99\/100|[from] item: Leftovers\n|-end|p2b: Critical mauss|move: Taunt\n|upkeep\n|turn|5\n|\n|t:|1682544351\n|move|p2b: Critical mauss|Baby-Doll Eyes|p1b: Oxalaia\n|-fail|p1b: Oxalaia|unboost|[from] item: Clear Amulet|[of] p1b: Oxalaia\n|move|p1b: Oxalaia|Swords Dance|p1b: Oxalaia\n|-boost|p1b: Oxalaia|atk|2\n|move|p1a: Unagi|Icy Wind|p2a: Gold OS|[spread] p2a,p2b\n|-resisted|p2a: Gold OS\n|-damage|p2a: Gold OS|97\/100\n|-damage|p2b: Critical mauss|1\/100 par\n|-unboost|p2a: Gold OS|spe|1\n|-unboost|p2b: Critical mauss|spe|1\n|move|p2a: Gold OS|Make It Rain|p1a: Unagi|[spread] p1a,p1b\n|-resisted|p1a: Unagi\n|-damage|p1a: Unagi|44\/100\n|-damage|p1b: Oxalaia|42\/100\n|-unboost|p2a: Gold OS|spa|1\n|\n|-heal|p2a: Gold OS|100\/100|[from] item: Leftovers\n|upkeep\n|turn|6\n|\n|t:|1682544391\n|move|p2b: Critical mauss|Follow Me|p2b: Critical mauss\n|-singleturn|p2b: Critical mauss|move: Follow Me\n|move|p1a: Unagi|Icy Wind|p2b: Critical mauss|[spread] p2a,p2b\n|-resisted|p2a: Gold OS\n|-damage|p2a: Gold OS|98\/100\n|-damage|p2b: Critical mauss|0 fnt\n|-unboost|p2a: Gold OS|spe|1\n|faint|p2b: Critical mauss\n|move|p1b: Oxalaia|Glaive Rush|p2a: Gold OS\n|-damage|p2a: Gold OS|0 fnt\n|-singlemove|p1b: Oxalaia|Glaive Rush|[silent]\n|faint|p2a: Gold OS\n|\n|upkeep\n|\n|t:|1682544395\n|switch|p2b: Ordinance|Iron Bundle, L50|100\/100\n|switch|p2a: Bolt the birb|Talonflame, L50, F|100\/100\n|-enditem|p2b: Ordinance|Booster Energy\n|-activate|p2b: Ordinance|ability: Quark Drive|[fromitem]\n|-start|p2b: Ordinance|quarkdrivespe\n|turn|7\n|\n|t:|1682544421\n|move|p2a: Bolt the birb|Brave Bird|p1b: Oxalaia\n|-damage|p1b: Oxalaia|0 fnt\n|faint|p1b: Oxalaia\n|-damage|p2a: Bolt the birb|80\/100|[from] Recoil\n|move|p2b: Ordinance|Freeze-Dry|p1a: Unagi\n|-supereffective|p1a: Unagi\n|-damage|p1a: Unagi|0 fnt\n|faint|p1a: Unagi\n|\n|upkeep\n|\n|t:|1682544429\n|switch|p1b: Hairspray|Flutter Mane, L50|100\/100\n|-enditem|p1b: Hairspray|Booster Energy\n|-activate|p1b: Hairspray|ability: Protosynthesis|[fromitem]\n|-start|p1b: Hairspray|protosynthesisspa\n|turn|8\n|\n|t:|1682544438\n|move|p2b: Ordinance|Freeze-Dry|p1b: Hairspray\n|-damage|p1b: Hairspray|64\/100\n|move|p2a: Bolt the birb|Brave Bird|p1b: Hairspray\n|-damage|p1b: Hairspray|1\/100\n|-damage|p2a: Bolt the birb|61\/100|[from] Recoil\n|move|p1b: Hairspray|Moonblast|p2b: Ordinance\n|-crit|p2b: Ordinance\n|-damage|p2b: Ordinance|0 fnt\n|faint|p2b: Ordinance\n|-end|p2b: Ordinance|Quark Drive|[silent]\n|\n|upkeep\n|turn|9\n|c|\u2606MightyMudsdale|gg\n|\n|t:|1682544448\n|move|p2a: Bolt the birb|Brave Bird|p1b: Hairspray\n|-crit|p1b: Hairspray\n|-damage|p1b: Hairspray|0 fnt\n|faint|p1b: Hairspray\n|-end|p1b: Hairspray|Protosynthesis|[silent]\n|-damage|p2a: Bolt the birb|60\/100|[from] Recoil\n|\n|win|DuelLuna\n|c|\u2606DuelLuna|Gg\n","uploadtime":1682544455,"views":77,"p1id":"mightymudsdale","p2id":"duelluna","formatid":"gen9vgc2023regulationc","rating":0,"private":0,"password":""}