{"id":"gen9vgc2023regulationc-1852452386","p1":"Bioni","p2":"Nauticles","format":"[Gen 9] VGC 2023 Regulation C","log":"|j|\u2606Bioni\n|j|\u203dNauticles\n|t:|1682559389\n|gametype|doubles\n|player|p1|Bioni|juan|1077\n|player|p2|Nauticles|101|1078\n|teamsize|p1|6\n|teamsize|p2|6\n|gen|9\n|tier|[Gen 9] VGC 2023 Regulation C\n|rated|\n|rule|Species Clause: Limit one of each Pok\u00e9mon\n|rule|Item Clause: Limit one of each item\n|clearpoke\n|poke|p1|Chi-Yu, L50|\n|poke|p1|Flutter Mane, L50|\n|poke|p1|Garchomp, L50, M|\n|poke|p1|Gyarados, L50, F|\n|poke|p1|Amoonguss, L50, F|\n|poke|p1|Kingambit, L50, F|\n|poke|p2|Armarouge, L50, F|\n|poke|p2|Maushold-Four, L50|\n|poke|p2|Indeedee-F, L50, F|\n|poke|p2|Flamigo, L50, M|\n|poke|p2|Amoonguss, L50, M|\n|poke|p2|Chi-Yu, L50|\n|teampreview|4\n|inactive|Battle timer is ON: inactive players will automatically lose when time's up. (requested by Nauticles)\n|inactive|Bioni has 60 seconds left.\n|\n|t:|1682559441\n|start\n|switch|p1a: Kingambit|Kingambit, L50, F|100\/100\n|switch|p1b: Gyarados|Gyarados, L50, F|100\/100\n|switch|p2a: Maushold|Maushold-Four, L50|100\/100\n|switch|p2b: Armarouge|Armarouge, L50, F|100\/100\n|-ability|p1b: Gyarados|Intimidate|boost\n|-unboost|p2a: Maushold|atk|1\n|-unboost|p2b: Armarouge|atk|1\n|turn|1\n|\n|t:|1682559459\n|-terastallize|p2b: Armarouge|Psychic\n|move|p2a: Maushold|U-turn|p2b: Armarouge\n|-supereffective|p2b: Armarouge\n|-damage|p2b: Armarouge|84\/100\n|-ability|p2b: Armarouge|Weak Armor|boost\n|-unboost|p2b: Armarouge|def|1\n|-boost|p2b: Armarouge|spe|2\n|-enditem|p2b: Armarouge|Weakness Policy\n|-boost|p2b: Armarouge|atk|2|[from] item: Weakness Policy\n|-boost|p2b: Armarouge|spa|2|[from] item: Weakness Policy\n|\n|t:|1682559465\n|switch|p2a: Indeedee|Indeedee-F, L50, F|100\/100|[from] U-turn\n|-fieldstart|move: Psychic Terrain|[from] ability: Psychic Surge|[of] p2a: Indeedee\n|move|p2b: Armarouge|Heat Wave|p1b: Gyarados|[spread] p1a,p1b\n|-supereffective|p1a: Kingambit\n|-resisted|p1b: Gyarados\n|-damage|p1a: Kingambit|0 fnt\n|-damage|p1b: Gyarados|72\/100\n|faint|p1a: Kingambit\n|move|p1b: Gyarados|Icy Wind|p2a: Indeedee|[spread] p2a,p2b\n|-damage|p2a: Indeedee|94\/100\n|-damage|p2b: Armarouge|76\/100\n|-unboost|p2a: Indeedee|spe|1\n|-unboost|p2b: Armarouge|spe|1\n|\n|-heal|p2a: Indeedee|99\/100|[from] item: Leftovers\n|upkeep\n|\n|t:|1682559477\n|switch|p1a: Chi-Yu|Chi-Yu, L50|100\/100\n|-ability|p1a: Chi-Yu|Beads of Ruin\n|turn|2\n|\n|t:|1682559495\n|move|p2b: Armarouge|Protect|p2b: Armarouge\n|-singleturn|p2b: Armarouge|Protect\n|move|p1a: Chi-Yu|Dark Pulse|p2b: Armarouge\n|-activate|p2b: Armarouge|move: Protect\n|move|p1b: Gyarados|Taunt|p2a: Indeedee\n|-start|p2a: Indeedee|move: Taunt\n|cant|p2a: Indeedee|move: Taunt|Psych Up\n|\n|-heal|p2a: Indeedee|100\/100|[from] item: Leftovers\n|upkeep\n|turn|3\n|\n|t:|1682559514\n|move|p2b: Armarouge|Aura Sphere|p1a: Chi-Yu\n|-supereffective|p1a: Chi-Yu\n|-damage|p1a: Chi-Yu|0 fnt\n|faint|p1a: Chi-Yu\n|move|p1b: Gyarados|Waterfall|p2b: Armarouge\n|-damage|p2b: Armarouge|26\/100\n|-ability|p2b: Armarouge|Weak Armor|boost\n|-unboost|p2b: Armarouge|def|1\n|-boost|p2b: Armarouge|spe|2\n|move|p2a: Indeedee|Dazzling Gleam|p1b: Gyarados\n|-damage|p1b: Gyarados|54\/100\n|\n|upkeep\n|\n|t:|1682559517\n|switch|p1a: Flutter Mane|Flutter Mane, L50|100\/100\n|-enditem|p1a: Flutter Mane|Booster Energy\n|-activate|p1a: Flutter Mane|ability: Protosynthesis|[fromitem]\n|-start|p1a: Flutter Mane|protosynthesisspa\n|turn|4\n|\n|t:|1682559541\n|switch|p2a: Flamigo|Flamigo, L50, M|100\/100\n|-copyboost|p2a: Flamigo|p2b: Armarouge|[from] ability: Costar\n|-enditem|p2a: Flamigo|Psychic Seed\n|-boost|p2a: Flamigo|spd|1|[from] item: Psychic Seed\n|move|p1a: Flutter Mane|Protect|p1a: Flutter Mane\n|-singleturn|p1a: Flutter Mane|Protect\n|move|p2b: Armarouge|Expanding Force|p1a: Flutter Mane|[spread] p1b\n|-activate|p1a: Flutter Mane|move: Protect\n|-damage|p1b: Gyarados|0 fnt\n|faint|p1b: Gyarados\n|\n|upkeep\n|turn|5\n|\n|t:|1682559564\n|move|p2a: Flamigo|Wide Guard|p2a: Flamigo\n|-singleturn|p2a: Flamigo|Wide Guard\n|move|p2b: Armarouge|Expanding Force|p1a: Flutter Mane\n|-damage|p1a: Flutter Mane|0 fnt\n|faint|p1a: Flutter Mane\n|-end|p1a: Flutter Mane|Protosynthesis|[silent]\n|\n|win|Nauticles\n|raw|Bioni's rating: 1077 → 1056<\/strong> (-21 for losing)\n|raw|Nauticles's rating: 1078 → 1106<\/strong> (+28 for winning)\n|l|\u2606Bioni\n","uploadtime":1682559569,"views":8,"p1id":"bioni","p2id":"nauticles","formatid":"gen9vgc2023regulationc","rating":1056,"private":0,"password":""}