{"id":"gen9vgc2023regulationc-1861389812","p1":"NeMesus69","p2":"MajesticCamel666","format":"[Gen 9] VGC 2023 Regulation C","log":"|j|\u2606NeMesus69\n|j|\u2606MajesticCamel666\n|t:|1683752462\n|gametype|doubles\n|player|p1|NeMesus69|bellelba|1101\n|player|p2|MajesticCamel666|169|1201\n|teamsize|p1|6\n|teamsize|p2|6\n|gen|9\n|tier|[Gen 9] VGC 2023 Regulation C\n|rated|\n|rule|Species Clause: Limit one of each Pok\u00e9mon\n|rule|Item Clause: Limit one of each item\n|clearpoke\n|poke|p1|Volcarona, L50, M|\n|poke|p1|Oricorio-Pom-Pom, L50, F|\n|poke|p1|Lilligant, L50, F|\n|poke|p1|Torkoal, L50, M|\n|poke|p1|Dragonite, L50, F|\n|poke|p1|Flamigo, L50, M|\n|poke|p2|Dondozo, L50, M|\n|poke|p2|Flutter Mane, L50|\n|poke|p2|Dragonite, L50, M|\n|poke|p2|Chi-Yu, L50|\n|poke|p2|Glimmora, L50, M|\n|poke|p2|Tatsugiri-Droopy, L50, M|\n|teampreview|4\n|inactive|Battle timer is ON: inactive players will automatically lose when time's up. (requested by NeMesus69)\nNeMesus69 rejected open team sheets.\n|\n|t:|1683752489\n|start\n|switch|p1a: Volcarona|Volcarona, L50, M|100\/100\n|switch|p1b: Oricorio|Oricorio-Pom-Pom, L50, F|100\/100\n|switch|p2a: Glimmora|Glimmora, L50, M|100\/100\n|switch|p2b: Dragonite|Dragonite, L50, M|100\/100\n|turn|1\n|inactive|MajesticCamel666 has 30 seconds left.\n|\n|t:|1683752519\n|move|p2b: Dragonite|Extreme Speed|p1a: Volcarona\n|-damage|p1a: Volcarona|44\/100\n|-status|p2b: Dragonite|brn|[from] ability: Flame Body|[of] p1a: Volcarona\n|move|p1a: Volcarona|Quiver Dance|p1a: Volcarona\n|-boost|p1a: Volcarona|spa|1\n|-boost|p1a: Volcarona|spd|1\n|-boost|p1a: Volcarona|spe|1\n|-activate|p1b: Oricorio|ability: Dancer\n|move|p1b: Oricorio|Quiver Dance|p1b: Oricorio|[from]ability: Dancer\n|-boost|p1b: Oricorio|spa|1\n|-boost|p1b: Oricorio|spd|1\n|-boost|p1b: Oricorio|spe|1\n|move|p1b: Oricorio|Teeter Dance|p2b: Dragonite|[spread] p1a,p2a,p2b\n|-start|p1a: Volcarona|confusion\n|-start|p2a: Glimmora|confusion\n|-start|p2b: Dragonite|confusion\n|-activate|p2a: Glimmora|confusion\n|move|p2a: Glimmora|Earth Power|p1a: Volcarona\n|-damage|p1a: Volcarona|26\/100\n|\n|-damage|p2b: Dragonite|94\/100 brn|[from] brn\n|upkeep\n|turn|2\n|inactive|NeMesus69 has 30 seconds left.\n|inactive|MajesticCamel666 has 30 seconds left.\n|\n|t:|1683752550\n|-activate|p2b: Dragonite|confusion\n|move|p2b: Dragonite|Extreme Speed|p1b: Oricorio\n|-damage|p1b: Oricorio|75\/100\n|-activate|p1a: Volcarona|confusion\n|move|p1a: Volcarona|Quiver Dance|p1a: Volcarona\n|-boost|p1a: Volcarona|spa|1\n|-boost|p1a: Volcarona|spd|1\n|-boost|p1a: Volcarona|spe|1\n|-activate|p1b: Oricorio|ability: Dancer\n|move|p1b: Oricorio|Quiver Dance|p1b: Oricorio|[from]ability: Dancer\n|-boost|p1b: Oricorio|spa|1\n|-boost|p1b: Oricorio|spd|1\n|-boost|p1b: Oricorio|spe|1\n|move|p1b: Oricorio|Revelation Dance|p2b: Dragonite\n|-damage|p2b: Dragonite|40\/100 brn\n|-activate|p2a: Glimmora|confusion\n|move|p2a: Glimmora|Power Gem|p1a: Volcarona\n|-supereffective|p1a: Volcarona\n|-damage|p1a: Volcarona|0 fnt\n|faint|p1a: Volcarona\n|\n|-damage|p2b: Dragonite|34\/100 brn|[from] brn\n|upkeep\n|\n|t:|1683752571\n|switch|p1a: Lilligant|Lilligant, L50, F|100\/100\n|turn|3\n|\n|t:|1683752606\n|-terastallize|p2a: Glimmora|Grass\n|-activate|p2b: Dragonite|confusion\n|move|p2b: Dragonite|Extreme Speed|p1b: Oricorio\n|-damage|p1b: Oricorio|51\/100\n|move|p1b: Oricorio|Revelation Dance|p2b: Dragonite\n|-damage|p2b: Dragonite|0 fnt\n|faint|p2b: Dragonite\n|-activate|p2a: Glimmora|confusion\n|move|p2a: Glimmora|Power Gem|p1b: Oricorio\n|-supereffective|p1b: Oricorio\n|-damage|p1b: Oricorio|6\/100\n|-enditem|p1b: Oricorio|Sitrus Berry|[eat]\n|-heal|p1b: Oricorio|30\/100|[from] item: Sitrus Berry\n|move|p1a: Lilligant|Petal Dance|p2a: Glimmora\n|-resisted|p2a: Glimmora\n|-damage|p2a: Glimmora|84\/100\n|-activate|p1b: Oricorio|ability: Dancer\n|move|p1b: Oricorio|Petal Dance|p2a: Glimmora|[from]ability: Dancer\n|-resisted|p2a: Glimmora\n|-damage|p2a: Glimmora|66\/100\n|\n|upkeep\n|inactive|MajesticCamel666 has 30 seconds left.\n|\n|t:|1683752634\n|switch|p2b: Chi-Yu|Chi-Yu, L50|100\/100\n|-ability|p2b: Chi-Yu|Beads of Ruin\n|turn|4\n|\n|t:|1683752649\n|move|p2b: Chi-Yu|Protect|p2b: Chi-Yu\n|-singleturn|p2b: Chi-Yu|Protect\n|move|p1b: Oricorio|Revelation Dance|p2b: Chi-Yu\n|-activate|p2b: Chi-Yu|move: Protect\n|-end|p2a: Glimmora|confusion\n|move|p2a: Glimmora|Power Gem|p1b: Oricorio\n|-supereffective|p1b: Oricorio\n|-damage|p1b: Oricorio|0 fnt\n|faint|p1b: Oricorio\n|move|p1a: Lilligant|Petal Dance|p2b: Chi-Yu|[from]lockedmove\n|-activate|p2b: Chi-Yu|move: Protect\n|-start|p1a: Lilligant|confusion|[fatigue]\n|\n|upkeep\n|\n|t:|1683752657\n|switch|p1b: Torkoal|Torkoal, L50, M|100\/100\n|-weather|SunnyDay|[from] ability: Drought|[of] p1b: Torkoal\n|turn|5\n|inactive|MajesticCamel666 has 30 seconds left.\n|\n|t:|1683752685\n|-terastallize|p1b: Torkoal|Grass\n|-activate|p1a: Lilligant|confusion\n|move|p1a: Lilligant|Petal Dance|p2b: Chi-Yu\n|-resisted|p2b: Chi-Yu\n|-damage|p2b: Chi-Yu|73\/100\n|move|p2a: Glimmora|Power Gem|p1b: Torkoal\n|-damage|p1b: Torkoal|37\/100\n|move|p2b: Chi-Yu|Flamethrower|p1a: Lilligant\n|-supereffective|p1a: Lilligant\n|-enditem|p1a: Lilligant|Focus Sash\n|-damage|p1a: Lilligant|1\/100\n|move|p1b: Torkoal|Eruption|p2a: Glimmora|[spread] p2a,p2b\n|-supereffective|p2a: Glimmora\n|-resisted|p2b: Chi-Yu\n|-damage|p2a: Glimmora|18\/100\n|-damage|p2b: Chi-Yu|61\/100\n|\n|-weather|SunnyDay|[upkeep]\n|-heal|p1b: Torkoal|43\/100|[from] item: Leftovers\n|upkeep\n|turn|6\n|inactive|MajesticCamel666 has 30 seconds left.\n|\n|t:|1683752711\n|-activate|p1a: Lilligant|confusion\n|move|p1a: Lilligant|Petal Dance|p2a: Glimmora|[from]lockedmove\n|-resisted|p2a: Glimmora\n|-damage|p2a: Glimmora|0 fnt\n|faint|p2a: Glimmora\n|move|p2b: Chi-Yu|Flamethrower|p1a: Lilligant\n|-supereffective|p1a: Lilligant\n|-damage|p1a: Lilligant|0 fnt\n|faint|p1a: Lilligant\n|move|p1b: Torkoal|Lava Plume|p2b: Chi-Yu\n|-resisted|p2b: Chi-Yu\n|-damage|p2b: Chi-Yu|34\/100\n|\n|-weather|SunnyDay|[upkeep]\n|-heal|p1b: Torkoal|49\/100|[from] item: Leftovers\n|upkeep\n|\n|t:|1683752726\n|switch|p2a: Flutter Mane|Flutter Mane, L50|100\/100\n|-activate|p2a: Flutter Mane|ability: Protosynthesis\n|-start|p2a: Flutter Mane|protosynthesisspe\n|turn|7\n|\n|t:|1683752738\n|move|p2a: Flutter Mane|Moonblast|p1b: Torkoal\n|-damage|p1b: Torkoal|0 fnt\n|faint|p1b: Torkoal\n|\n|win|MajesticCamel666\n|raw|NeMesus69's rating: 1101 → 1083<\/strong> (-18 for losing)\n|raw|MajesticCamel666's rating: 1201 → 1219<\/strong> (+18 for winning)\n|l|\u2606NeMesus69\n","uploadtime":1683752750,"views":10,"p1id":"nemesus69","p2id":"majesticcamel666","formatid":"gen9vgc2023regulationc","rating":1083,"private":0,"password":""}