{"id":"gen9vgc2023regulationc-1852449262","p1":"mugiwaraLux","p2":"Wild248","format":"[Gen 9] VGC 2023 Regulation C","log":"|j|\u2606mugiwaraLux\n|j|\u2606Wild248\n|t:|1682558994\n|gametype|doubles\n|player|p1|mugiwaraLux|265|1352\n|player|p2|Wild248|ltsurge|1309\n|teamsize|p1|6\n|teamsize|p2|6\n|gen|9\n|tier|[Gen 9] VGC 2023 Regulation C\n|rated|\n|rule|Species Clause: Limit one of each Pok\u00e9mon\n|rule|Item Clause: Limit one of each item\n|clearpoke\n|poke|p1|Palafin, L50, F|\n|poke|p1|Amoonguss, L50, F|\n|poke|p1|Flutter Mane, L50|\n|poke|p1|Arcanine, L50, M|\n|poke|p1|Roaring Moon, L50|\n|poke|p1|Chien-Pao, L50|\n|poke|p2|Tyranitar, L50, M|\n|poke|p2|Great Tusk, L50|\n|poke|p2|Flutter Mane, L50|\n|poke|p2|Gyarados, L50, M|\n|poke|p2|Talonflame, L50, M|\n|poke|p2|Amoonguss, L50, M|\n|teampreview|4\n|inactive|Battle timer is ON: inactive players will automatically lose when time's up. (requested by mugiwaraLux)\nmugiwaraLux has agreed to open team sheets.\n|c|\u2606mugiwaraLux|pls ots\n|\n|t:|1682559023\n|start\n|switch|p1a: Palafin|Palafin, L50, F|100\/100\n|switch|p1b: ChiYu|Arcanine, L50, M|100\/100\n|switch|p2a: Gyarados|Gyarados, L50, M, shiny|100\/100\n|switch|p2b: Talonflame|Talonflame, L50, M|100\/100\n|-ability|p2a: Gyarados|Intimidate|boost\n|-unboost|p1a: Palafin|atk|1\n|-unboost|p1b: ChiYu|atk|1\n|-ability|p1b: ChiYu|Intimidate|boost\n|-unboost|p2a: Gyarados|atk|1\n|-unboost|p2b: Talonflame|atk|1\n|turn|1\n|\n|t:|1682559041\n|-terastallize|p1a: Palafin|Water\n|move|p1b: ChiYu|Extreme Speed|p2b: Talonflame\n|-damage|p2b: Talonflame|84\/100\n|move|p1a: Palafin|Jet Punch|p2b: Talonflame\n|-supereffective|p2b: Talonflame\n|-damage|p2b: Talonflame|19\/100\n|move|p2b: Talonflame|Taunt|p1b: ChiYu\n|-start|p1b: ChiYu|move: Taunt\n|move|p2a: Gyarados|Waterfall|p1b: ChiYu\n|-supereffective|p1b: ChiYu\n|-damage|p1b: ChiYu|39\/100\n|\n|upkeep\n|turn|2\n|inactive|Wild248 has 30 seconds left.\n|inactive|Wild248 has 20 seconds left.\n|inactive|Wild248 has 15 seconds left.\n|\n|t:|1682559082\n|switch|p2b: Tyranitar|Tyranitar, L50, M|100\/100\n|-weather|Sandstorm|[from] ability: Sand Stream|[of] p2b: Tyranitar\n|switch|p1b: Amoonguss|Amoonguss, L50, F|100\/100\n|move|p1a: Palafin|Jet Punch|p2b: Tyranitar\n|-supereffective|p2b: Tyranitar\n|-damage|p2b: Tyranitar|64\/100\n|move|p2a: Gyarados|Waterfall|p1b: Amoonguss\n|-resisted|p1b: Amoonguss\n|-damage|p1b: Amoonguss|87\/100\n|\n|-weather|Sandstorm|[upkeep]\n|-damage|p1a: Palafin|95\/100|[from] Sandstorm\n|-damage|p1b: Amoonguss|81\/100|[from] Sandstorm\n|upkeep\n|turn|3\n|\n|t:|1682559101\n|detailschange|p1a: Palafin|Palafin-Hero, L50, F, tera:Water\n|switch|p1a: ChiYu|Arcanine, L50, M|39\/100\n|-ability|p1a: ChiYu|Intimidate|boost\n|-unboost|p2a: Gyarados|atk|1\n|-unboost|p2b: Tyranitar|atk|1\n|-terastallize|p2b: Tyranitar|Flying\n|move|p2a: Gyarados|Taunt|p1b: Amoonguss\n|-start|p1b: Amoonguss|move: Taunt\n|move|p2b: Tyranitar|Rock Slide|p1b: Amoonguss|[spread] p1a,p1b\n|-supereffective|p1a: ChiYu\n|-damage|p1a: ChiYu|0 fnt\n|-damage|p1b: Amoonguss|65\/100\n|faint|p1a: ChiYu\n|cant|p1b: Amoonguss|flinch\n|\n|-weather|Sandstorm|[upkeep]\n|-damage|p2b: Tyranitar|58\/100|[from] Sandstorm\n|-damage|p1b: Amoonguss|59\/100|[from] Sandstorm\n|upkeep\n|\n|t:|1682559115\n|switch|p1a: Roaring Moon|Roaring Moon, L50|100\/100\n|-enditem|p1a: Roaring Moon|Booster Energy\n|-activate|p1a: Roaring Moon|ability: Protosynthesis|[fromitem]\n|-start|p1a: Roaring Moon|protosynthesisatk\n|turn|4\n|\n|t:|1682559131\n|switch|p2b: Talonflame|Talonflame, L50, M|19\/100\n|switch|p1b: Palafin|Palafin-Hero, L50, F, tera:Water|95\/100\n|-activate|p1b: Palafin|ability: Zero to Hero\n|move|p1a: Roaring Moon|Acrobatics|p2b: Talonflame\n|-damage|p2b: Talonflame|0 fnt\n|faint|p2b: Talonflame\n|move|p2a: Gyarados|Thunder Wave|p1a: Roaring Moon\n|-status|p1a: Roaring Moon|par\n|\n|-weather|Sandstorm|[upkeep]\n|-damage|p1b: Palafin|89\/100|[from] Sandstorm\n|-damage|p1a: Roaring Moon|95\/100 par|[from] Sandstorm\n|upkeep\n|\n|t:|1682559148\n|switch|p2b: Tyranitar|Tyranitar, L50, M, tera:Flying|58\/100\n|turn|5\n|\n|t:|1682559165\n|move|p1b: Palafin|Protect|p1b: Palafin\n|-singleturn|p1b: Palafin|Protect\n|move|p2a: Gyarados|Earthquake|p1a: Roaring Moon|[spread] p1a\n|-activate|p1b: Palafin|move: Protect\n|-immune|p2b: Tyranitar\n|-damage|p1a: Roaring Moon|77\/100 par\n|move|p2b: Tyranitar|Low Kick|p1a: Roaring Moon\n|-supereffective|p1a: Roaring Moon\n|-damage|p1a: Roaring Moon|0 fnt\n|faint|p1a: Roaring Moon\n|-end|p1a: Roaring Moon|Protosynthesis|[silent]\n|\n|-weather|Sandstorm|[upkeep]\n|-damage|p1b: Palafin|83\/100|[from] Sandstorm\n|-damage|p2b: Tyranitar|52\/100|[from] Sandstorm\n|upkeep\n|\n|t:|1682559173\n|switch|p1a: Amoonguss|Amoonguss, L50, F|92\/100\n|turn|6\n|\n|t:|1682559183\n|move|p1a: Amoonguss|Protect|p1a: Amoonguss\n|-singleturn|p1a: Amoonguss|Protect\n|move|p1b: Palafin|Wave Crash|p2b: Tyranitar\n|-damage|p2b: Tyranitar|0 fnt\n|faint|p2b: Tyranitar\n|-damage|p1b: Palafin|64\/100|[from] Recoil\n|move|p2a: Gyarados|Taunt|p1a: Amoonguss\n|-activate|p1a: Amoonguss|move: Protect\n|\n|-weather|none\n|upkeep\n|\n|t:|1682559185\n|switch|p2b: Flutter Mane|Flutter Mane, L50|100\/100\n|turn|7\n|-message|Wild248 forfeited.\n|\n|win|mugiwaraLux\n|raw|mugiwaraLux's rating: 1352 → 1370<\/strong> (+18 for winning)\n|raw|Wild248's rating: 1309 → 1291<\/strong> (-18 for losing)\n|l|\u2606Wild248\n|c|\u2606mugiwaraLux|gg\n","uploadtime":1682559209,"views":9,"p1id":"mugiwaralux","p2id":"wild248","formatid":"gen9vgc2023regulationc","rating":1291,"private":0,"password":""}