{"id":"gen9vgc2023regulationc-1854342019","p1":"Ivigaca","p2":"Ejequie","format":"[Gen 9] VGC 2023 Regulation C","log":"|j|\u2606Ivigaca\n|j|\u203dEjequie\n|t:|1682799141\n|gametype|doubles\n|player|p1|Ivigaca|265|\n|player|p2|Ejequie|2|\n|teamsize|p1|6\n|teamsize|p2|6\n|gen|9\n|tier|[Gen 9] VGC 2023 Regulation C\n|rule|Species Clause: Limit one of each Pok\u00e9mon\n|rule|Item Clause: Limit one of each item\n|clearpoke\n|poke|p1|Farigiraf, L50, M|\n|poke|p1|Zoroark, L50, M|\n|poke|p1|Clawitzer, L50, M|\n|poke|p1|Dachsbun, L50, F|\n|poke|p1|Crocalor, L50, F|\n|poke|p1|Jolteon, L50, M|\n|poke|p2|Ursaring, L50, F|\n|poke|p2|Gothitelle, L50, F|\n|poke|p2|Spiritomb, L50, F|\n|poke|p2|Oranguru, L50, F|\n|poke|p2|Dudunsparce-*, L50, F|\n|poke|p2|Clawitzer, L50, M|\n|teampreview|4\n|\n|t:|1682799257\n|start\n|switch|p1a: Farigiraf|Farigiraf, L50, M|100\/100\n|switch|p1b: Crocalor|Crocalor, L50, F|100\/100\n|switch|p2a: Ursaring|Ursaring, L50, F|100\/100\n|switch|p2b: Spiritomb|Spiritomb, L50, F|100\/100\n|-ability|p2b: Spiritomb|Pressure\n|turn|1\n|\n|t:|1682799607\n|move|p1a: Farigiraf|Dazzling Gleam|p2a: Ursaring|[spread] p2a,p2b\n|-supereffective|p2b: Spiritomb\n|-damage|p2a: Ursaring|88\/100\n|-damage|p2b: Spiritomb|72\/100\n|move|p1b: Crocalor|Flame Charge|p2b: Spiritomb\n|-damage|p2b: Spiritomb|59\/100\n|-boost|p1b: Crocalor|spe|1\n|move|p2a: Ursaring|Belly Drum|p2a: Ursaring\n|-damage|p2a: Ursaring|38\/100\n|-setboost|p2a: Ursaring|atk|6|[from] move: Belly Drum\n|move|p2b: Spiritomb|Imprison|p2b: Spiritomb\n|-start|p2b: Spiritomb|move: Imprison\n|\n|upkeep\n|turn|2\n|\n|t:|1682799677\n|move|p2a: Ursaring|Protect|p2a: Ursaring\n|-singleturn|p2a: Ursaring|Protect\n|move|p1b: Crocalor|Flame Charge|p2b: Spiritomb\n|-damage|p2b: Spiritomb|47\/100\n|-boost|p1b: Crocalor|spe|1\n|move|p1a: Farigiraf|Dazzling Gleam|p2a: Ursaring|[spread] p2b\n|-activate|p2a: Ursaring|move: Protect\n|-supereffective|p2b: Spiritomb\n|-damage|p2b: Spiritomb|20\/100\n|-enditem|p2b: Spiritomb|Iapapa Berry|[eat]\n|-heal|p2b: Spiritomb|53\/100|[from] item: Iapapa Berry\n|move|p2b: Spiritomb|Trick Room|p2b: Spiritomb\n|-fieldstart|move: Trick Room|[of] p2b: Spiritomb\n|\n|upkeep\n|turn|3\n|\n|t:|1682799705\n|move|p2b: Spiritomb|Will-O-Wisp|p2a: Ursaring\n|-status|p2a: Ursaring|brn\n|move|p2a: Ursaring|Earthquake|p1a: Farigiraf|[spread] p2b,p1a,p1b\n|-supereffective|p1b: Crocalor\n|-damage|p2b: Spiritomb|0 fnt\n|-damage|p1a: Farigiraf|0 fnt\n|-damage|p1b: Crocalor|0 fnt\n|faint|p2b: Spiritomb\n|faint|p1a: Farigiraf\n|faint|p1b: Crocalor\n|\n|-damage|p2a: Ursaring|32\/100 brn|[from] brn\n|upkeep\n|\n|t:|1682799723\n|switch|p2b: Clawitzer|Clawitzer, L50, M|100\/100\n|switch|p1b: Clawitzer|Clawitzer, L50, M|100\/100\n|switch|p1a: Jolteon|Jolteon, L50, M|100\/100\n|-item|p1a: Jolteon|Air Balloon\n|turn|4\n|\n|t:|1682799746\n|move|p2a: Ursaring|Earthquake|p1b: Clawitzer|[spread] p2b,p1b\n|-immune|p1a: Jolteon\n|-crit|p2b: Clawitzer\n|-damage|p2b: Clawitzer|0 fnt\n|-damage|p1b: Clawitzer|0 fnt\n|faint|p2b: Clawitzer\n|faint|p1b: Clawitzer\n|move|p1a: Jolteon|Volt Switch|p2a: Ursaring\n|-damage|p2a: Ursaring|9\/100 brn\n|\n|-damage|p2a: Ursaring|3\/100 brn|[from] brn\n|upkeep\n|\n|t:|1682799760\n|switch|p2b: Gothitelle|Gothitelle, L50, F|100\/100\n|turn|5\n|\n|t:|1682799771\n|move|p2b: Gothitelle|Fake Out|p1a: Jolteon\n|-damage|p1a: Jolteon|90\/100\n|-enditem|p1a: Jolteon|Air Balloon\n|cant|p1a: Jolteon|flinch\n|move|p2a: Ursaring|Facade|p1a: Jolteon\n|-damage|p1a: Jolteon|0 fnt\n|faint|p1a: Jolteon\n|\n|win|Ejequie\n|l|\u2606Ivigaca\n","uploadtime":1682799809,"views":18,"p1id":"ivigaca","p2id":"ejequie","formatid":"gen9vgc2023regulationc","rating":0,"private":0,"password":""}