{"id":"gen9vgc2023regulationc-1846733762","p1":"Sumo'sWeenusVGC","p2":"Sloveys","format":"[Gen 9] VGC 2023 Regulation C","log":"|j|\u2606Sumo'sWeenusVGC\n|j|\u2606Sloveys\n|t:|1681871642\n|gametype|doubles\n|player|p1|Sumo'sWeenusVGC|colress|1137\n|player|p2|Sloveys|steven|1048\n|teamsize|p1|6\n|teamsize|p2|6\n|gen|9\n|tier|[Gen 9] VGC 2023 Regulation C\n|rated|\n|rule|Species Clause: Limit one of each Pok\u00e9mon\n|rule|Item Clause: Limit one of each item\n|clearpoke\n|poke|p1|Wo-Chien, L50|\n|poke|p1|Flutter Mane, L50|\n|poke|p1|Glimmora, L50, F|\n|poke|p1|Palafin, L50, F|\n|poke|p1|Arcanine, L50, F|\n|poke|p1|Kingambit, L50, F|\n|poke|p2|Slowking, L50, M|\n|poke|p2|Mudsdale, L50, M|\n|poke|p2|Dragalge, L50, F|\n|poke|p2|Corviknight, L50, M|\n|poke|p2|Iron Hands, L50|\n|poke|p2|Indeedee-F, L50, F|\n|teampreview|4\n|inactive|Battle timer is ON: inactive players will automatically lose when time's up. (requested by Sloveys)\n|inactive|Sumo'sWeenusVGC also wants the timer to be on.\nSumo'sWeenusVGC has agreed to open team sheets.\nSloveys has agreed to open team sheets.\n|inactive|Sumo'sWeenusVGC has 60 seconds left.\n|inactive|Sloveys has 60 seconds left.\n|inactive|Sumo'sWeenusVGC has 30 seconds left.\n|\n|t:|1681871703\n|start\n|switch|p1a: Flutter Mane|Flutter Mane, L50, shiny|100\/100\n|switch|p1b: Kingambit|Kingambit, L50, F|100\/100\n|switch|p2a: Slowking|Slowking, L50, M|100\/100\n|switch|p2b: Indeedee|Indeedee-F, L50, F|100\/100\n|-fieldstart|move: Psychic Terrain|[from] ability: Psychic Surge|[of] p2b: Indeedee\n|turn|1\n|c|\u2606Sumo'sWeenusVGC|glhf\n|\n|t:|1681871728\n|-terastallize|p2a: Slowking|Fire\n|move|p2b: Indeedee|Follow Me|p2b: Indeedee\n|-singleturn|p2b: Indeedee|move: Follow Me\n|move|p1a: Flutter Mane|Moonblast|p2b: Indeedee\n|-damage|p2b: Indeedee|24\/100\n|-enditem|p2b: Indeedee|Eject Button\n|\n|t:|1681871744\n|switch|p2b: Iron Hands|Iron Hands, L50|100\/100\n|-enditem|p2b: Iron Hands|Booster Energy\n|-activate|p2b: Iron Hands|ability: Quark Drive|[fromitem]\n|-start|p2b: Iron Hands|quarkdriveatk\n|move|p1b: Kingambit|Kowtow Cleave|p2a: Slowking\n|-damage|p2a: Slowking|53\/100\n|move|p2a: Slowking|Trick Room|p2a: Slowking\n|-fieldstart|move: Trick Room|[of] p2a: Slowking\n|\n|upkeep\n|turn|2\n|inactive|Sumo'sWeenusVGC has 30 seconds left.\n|\n|t:|1681871770\n|switch|p1b: Wo-Chien|Wo-Chien, L50|100\/100\n|-ability|p1b: Wo-Chien|Tablets of Ruin\n|-end|p1a: Flutter Mane|Protosynthesis|[silent]\n|switch|p1a: Glimmora|Glimmora, L50, F, shiny|100\/100\n|move|p2a: Slowking|Hydro Pump|p1b: Wo-Chien\n|-resisted|p1b: Wo-Chien\n|-damage|p1b: Wo-Chien|82\/100\n|move|p2b: Iron Hands|Heavy Slam|p1a: Glimmora\n|-supereffective|p1a: Glimmora\n|-damage|p1a: Glimmora|7\/100\n|\n|-heal|p1b: Wo-Chien|88\/100|[from] item: Leftovers\n|upkeep\n|turn|3\n|c|\u2606Sloveys|sorry you as well\n|inactive|Sumo'sWeenusVGC has 30 seconds left.\n|\n|t:|1681871796\n|-terastallize|p1b: Wo-Chien|Poison\n|move|p1a: Glimmora|Spiky Shield|p1a: Glimmora\n|-singleturn|p1a: Glimmora|move: Protect\n|move|p2a: Slowking|Psychic|p1a: Glimmora\n|-activate|p1a: Glimmora|move: Protect\n|move|p2b: Iron Hands|Close Combat|p1b: Wo-Chien\n|-resisted|p1b: Wo-Chien\n|-damage|p1b: Wo-Chien|60\/100\n|-unboost|p2b: Iron Hands|def|1\n|-unboost|p2b: Iron Hands|spd|1\n|move|p1b: Wo-Chien|Leech Seed|p2b: Iron Hands\n|-start|p2b: Iron Hands|move: Leech Seed\n|\n|-heal|p1b: Wo-Chien|66\/100|[from] item: Leftovers\n|-damage|p2b: Iron Hands|88\/100|[from] Leech Seed|[of] p1b: Wo-Chien\n|-heal|p1b: Wo-Chien|83\/100|[silent]\n|upkeep\n|turn|4\n|c|\u2606Sloveys|glhf\n|inactive|Sumo'sWeenusVGC has 30 seconds left.\n|\n|t:|1681871826\n|switch|p1a: Kingambit|Kingambit, L50, F|100\/100\n|move|p2a: Slowking|Psychic|p1b: Wo-Chien\n|-supereffective|p1b: Wo-Chien\n|-damage|p1b: Wo-Chien|7\/100\n|move|p2b: Iron Hands|Heavy Slam|p1a: Kingambit\n|-resisted|p1a: Kingambit\n|-damage|p1a: Kingambit|90\/100\n|move|p1b: Wo-Chien|Giga Drain|p2b: Iron Hands\n|-damage|p2b: Iron Hands|55\/100\n|-heal|p1b: Wo-Chien|30\/100|[from] drain|[of] p2b: Iron Hands\n|\n|-heal|p1b: Wo-Chien|36\/100|[from] item: Leftovers\n|-damage|p2b: Iron Hands|42\/100|[from] Leech Seed|[of] p1b: Wo-Chien\n|-heal|p1b: Wo-Chien|53\/100|[silent]\n|upkeep\n|turn|5\n|\n|t:|1681871849\n|switch|p1a: Glimmora|Glimmora, L50, F, shiny|7\/100\n|move|p1b: Wo-Chien|Protect|p1b: Wo-Chien\n|-singleturn|p1b: Wo-Chien|Protect\n|move|p2a: Slowking|Psychic|p1b: Wo-Chien\n|-activate|p1b: Wo-Chien|move: Protect\n|move|p2b: Iron Hands|Close Combat|p1a: Glimmora\n|-damage|p1a: Glimmora|0 fnt\n|-unboost|p2b: Iron Hands|def|1\n|-unboost|p2b: Iron Hands|spd|1\n|faint|p1a: Glimmora\n|\n|-heal|p1b: Wo-Chien|59\/100|[from] item: Leftovers\n|-damage|p2b: Iron Hands|30\/100|[from] Leech Seed|[of] p1b: Wo-Chien\n|-heal|p1b: Wo-Chien|75\/100|[silent]\n|-fieldend|move: Trick Room\n|-fieldend|move: Psychic Terrain\n|upkeep\n|\n|t:|1681871865\n|switch|p1a: Flutter Mane|Flutter Mane, L50, shiny|100\/100\n|turn|6\n|\n|t:|1681871882\n|move|p1a: Flutter Mane|Power Gem|p2a: Slowking\n|-supereffective|p2a: Slowking\n|-damage|p2a: Slowking|0 fnt\n|faint|p2a: Slowking\n|move|p1b: Wo-Chien|Giga Drain|p2b: Iron Hands\n|-damage|p2b: Iron Hands|0 fnt\n|-heal|p1b: Wo-Chien|96\/100|[from] drain|[of] p2b: Iron Hands\n|faint|p2b: Iron Hands\n|-end|p2b: Iron Hands|Quark Drive|[silent]\n|\n|-heal|p1b: Wo-Chien|100\/100|[from] item: Leftovers\n|upkeep\n|\n|t:|1681871887\n|switch|p2b: Indeedee|Indeedee-F, L50, F|24\/100\n|switch|p2a: Mudsdale|Mudsdale, L50, M|100\/100\n|-fieldstart|move: Psychic Terrain|[from] ability: Psychic Surge|[of] p2b: Indeedee\n|turn|7\n|inactive|Sumo'sWeenusVGC has 30 seconds left.\n|\n|t:|1681871917\n|move|p2b: Indeedee|Helping Hand|p2a: Mudsdale\n|-singleturn|p2a: Mudsdale|Helping Hand|[of] p2b: Indeedee\n|move|p1a: Flutter Mane|Power Gem|p2b: Indeedee\n|-damage|p2b: Indeedee|0 fnt\n|faint|p2b: Indeedee\n|move|p1b: Wo-Chien|Leech Seed|p2a: Mudsdale\n|-start|p2a: Mudsdale|move: Leech Seed\n|move|p2a: Mudsdale|High Horsepower|p1a: Flutter Mane\n|-damage|p1a: Flutter Mane|0 fnt\n|faint|p1a: Flutter Mane\n|-end|p1a: Flutter Mane|Protosynthesis|[silent]\n|\n|-damage|p2a: Mudsdale|88\/100|[from] Leech Seed|[of] p1b: Wo-Chien\n|upkeep\n|\n|t:|1681871929\n|switch|p1a: Kingambit|Kingambit, L50, F|90\/100\n|turn|8\n|\n|t:|1681871936\n|move|p1b: Wo-Chien|Giga Drain|p2a: Mudsdale\n|-supereffective|p2a: Mudsdale\n|-damage|p2a: Mudsdale|54\/100\n|move|p1a: Kingambit|Low Kick|p2a: Mudsdale\n|-damage|p2a: Mudsdale|23\/100\n|move|p2a: Mudsdale|High Horsepower|p1a: Kingambit\n|-supereffective|p1a: Kingambit\n|-damage|p1a: Kingambit|29\/100\n|\n|-damage|p2a: Mudsdale|11\/100|[from] Leech Seed|[of] p1b: Wo-Chien\n|upkeep\n|turn|9\n|c|\u2606Sloveys|gg\n|-message|Sloveys forfeited.\n|\n|win|Sumo'sWeenusVGC\n|raw|Sumo'sWeenusVGC's rating: 1137 → 1156<\/strong> (+19 for winning)\n|raw|Sloveys's rating: 1048 → 1035<\/strong> (-13 for losing)\n|l|\u2606Sloveys\n|c|\u2606Sumo'sWeenusVGC|gg wp\n","uploadtime":1681871956,"views":13,"p1id":"sumosweenusvgc","p2id":"sloveys","formatid":"gen9vgc2023regulationc","rating":1035,"private":0,"password":""}