{"id":"gen9vgc2023regulationc-1864013660","p1":"ScraggypantsYT","p2":"Pokemonster28","format":"[Gen 9] VGC 2023 Regulation C","log":"|j|\u2606ScraggypantsYT\n|j|\u2606Pokemonster28\n|t:|1684105320\n|gametype|doubles\n|player|p1|ScraggypantsYT|plasmagrunt|\n|player|p2|Pokemonster28|cynthia-gen4|\n|teamsize|p1|6\n|teamsize|p2|6\n|gen|9\n|tier|[Gen 9] VGC 2023 Regulation C\n|rule|Species Clause: Limit one of each Pok\u00e9mon\n|rule|Item Clause: Limit one of each item\n|clearpoke\n|poke|p1|Pelipper, L50, F|\n|poke|p1|Barraskewda, L50, M|\n|poke|p1|Magneton, L50|\n|poke|p1|Houndstone, L50, M|\n|poke|p1|Palafin, L50, F|\n|poke|p1|Toxapex, L50, F|\n|poke|p2|Iron Bundle, L50|\n|poke|p2|Iron Valiant, L50|\n|poke|p2|Lurantis, L50, F|\n|poke|p2|Weavile, L50, M|\n|poke|p2|Krookodile, L50, F|\n|poke|p2|Gothitelle, L50, M|\n|teampreview|4\n|inactive|Battle timer is ON: inactive players will automatically lose when time's up. (requested by Pokemonster28)\n|j| CrazyFox\n|c|\u2606ScraggypantsYT|glhf\n|c|\u2606ScraggypantsYT|game 3\n|inactive|ScraggypantsYT has 60 seconds left.\n|\n|t:|1684105364\n|start\n|switch|p1a: Make It Rain|Pelipper, L50, F|100\/100\n|switch|p1b: Final Gambit|Barraskewda, L50, M|100\/100\n|switch|p2a: Krookodile|Krookodile, L50, F|100\/100\n|switch|p2b: Weavile|Weavile, L50, M|100\/100\n|-ability|p2a: Krookodile|Intimidate|boost\n|-unboost|p1a: Make It Rain|atk|1\n|-unboost|p1b: Final Gambit|atk|1\n|-weather|RainDance|[from] ability: Drizzle|[of] p1a: Make It Rain\n|turn|1\n|inactive|ScraggypantsYT has 30 seconds left.\n|inactive|Pokemonster28 has 30 seconds left.\n|\n|t:|1684105395\n|-terastallize|p2a: Krookodile|Grass\n|move|p1b: Final Gambit|Protect|p1b: Final Gambit\n|-singleturn|p1b: Final Gambit|Protect\n|move|p2b: Weavile|Fake Out|p1b: Final Gambit\n|-activate|p1b: Final Gambit|move: Protect\n|move|p2a: Krookodile|Tera Blast|p1b: Final Gambit\n|-activate|p1b: Final Gambit|move: Protect\n|move|p1a: Make It Rain|Tailwind|p1a: Make It Rain\n|-sidestart|p1: ScraggypantsYT|move: Tailwind\n|\n|-weather|RainDance|[upkeep]\n|upkeep\n|turn|2\n|\n|t:|1684105420\n|switch|p1b: Boltz|Magneton, L50, shiny|100\/100\n|move|p2a: Krookodile|Protect|p2a: Krookodile\n|-singleturn|p2a: Krookodile|Protect\n|move|p2b: Weavile|Trailblaze|p1b: Boltz\n|-resisted|p1b: Boltz\n|-damage|p1b: Boltz|95\/100\n|-boost|p2b: Weavile|spe|1\n|move|p1a: Make It Rain|Hurricane|p2a: Krookodile\n|-activate|p2a: Krookodile|move: Protect\n|\n|-weather|RainDance|[upkeep]\n|upkeep\n|turn|3\n|inactive|ScraggypantsYT has 30 seconds left.\n|inactive|Pokemonster28 has 30 seconds left.\n|inactive|ScraggypantsYT has 20 seconds left.\n|inactive|Pokemonster28 has 20 seconds left.\n|inactive|Pokemonster28 has 15 seconds left.\n|inactive|Pokemonster28 has 10 seconds left.\n|\n|t:|1684105467\n|-terastallize|p1b: Boltz|Flying\n|move|p2b: Weavile|Trailblaze|p1a: Make It Rain\n|-damage|p1a: Make It Rain|85\/100\n|-boost|p2b: Weavile|spe|1\n|move|p1b: Boltz|Thunder|p2b: Weavile\n|-damage|p2b: Weavile|34\/100\n|move|p1a: Make It Rain|Hurricane|p2a: Krookodile\n|-supereffective|p2a: Krookodile\n|-damage|p2a: Krookodile|0 fnt\n|faint|p2a: Krookodile\n|\n|-weather|RainDance|[upkeep]\n|upkeep\n|\n|t:|1684105482\n|switch|p2a: Iron Valiant|Iron Valiant, L50|100\/100\n|-enditem|p2a: Iron Valiant|Booster Energy\n|-activate|p2a: Iron Valiant|ability: Quark Drive|[fromitem]\n|-start|p2a: Iron Valiant|quarkdrivespe\n|turn|4\n|inactive|ScraggypantsYT has 30 seconds left.\n|inactive|ScraggypantsYT has 20 seconds left.\n|\n|t:|1684105519\n|move|p2a: Iron Valiant|Protect|p2a: Iron Valiant\n|-singleturn|p2a: Iron Valiant|Protect\n|move|p2b: Weavile|Ice Spinner|p1b: Boltz\n|-supereffective|p1b: Boltz\n|-damage|p1b: Boltz|46\/100\n|move|p1b: Boltz|Thunder|p2b: Weavile\n|-damage|p2b: Weavile|0 fnt\n|faint|p2b: Weavile\n|move|p1a: Make It Rain|Hurricane|p2a: Iron Valiant\n|-activate|p2a: Iron Valiant|move: Protect\n|\n|-weather|RainDance|[upkeep]\n|-sideend|p1: ScraggypantsYT|move: Tailwind\n|upkeep\n|\n|t:|1684105530\n|switch|p2b: Iron Bundle|Iron Bundle, L50|100\/100\n|turn|5\n|inactive|ScraggypantsYT has 30 seconds left.\n|inactive|ScraggypantsYT has 20 seconds left.\n|\n|t:|1684105569\n|move|p2b: Iron Bundle|Freeze-Dry|p1b: Boltz\n|-supereffective|p1b: Boltz\n|-damage|p1b: Boltz|0 fnt\n|faint|p1b: Boltz\n|move|p2a: Iron Valiant|Thunderbolt|p1a: Make It Rain\n|-supereffective|p1a: Make It Rain\n|-damage|p1a: Make It Rain|0 fnt\n|faint|p1a: Make It Rain\n|\n|-weather|RainDance|[upkeep]\n|upkeep\n|\n|t:|1684105579\n|switch|p1b: Death Doggo|Houndstone, L50, M|100\/100\n|switch|p1a: Final Gambit|Barraskewda, L50, M|100\/100\n|turn|6\n|\n|t:|1684105600\n|move|p1a: Final Gambit|Close Combat|p2b: Iron Bundle\n|-supereffective|p2b: Iron Bundle\n|-damage|p2b: Iron Bundle|1\/100\n|-unboost|p1a: Final Gambit|def|1\n|-unboost|p1a: Final Gambit|spd|1\n|move|p2b: Iron Bundle|Freeze-Dry|p1a: Final Gambit\n|-supereffective|p1a: Final Gambit\n|-enditem|p1a: Final Gambit|Focus Sash\n|-damage|p1a: Final Gambit|1\/100\n|move|p2a: Iron Valiant|Thunderbolt|p1a: Final Gambit\n|-supereffective|p1a: Final Gambit\n|-damage|p1a: Final Gambit|0 fnt\n|faint|p1a: Final Gambit\n|move|p1b: Death Doggo|Last Respects|p2a: Iron Valiant\n|-damage|p2a: Iron Valiant|0 fnt\n|faint|p2a: Iron Valiant\n|-end|p2a: Iron Valiant|Quark Drive|[silent]\n|\n|-weather|RainDance|[upkeep]\n|upkeep\n|turn|7\n|inactive|ScraggypantsYT has 30 seconds left.\n|\n|t:|1684105630\n|move|p2b: Iron Bundle|Freeze-Dry|p1b: Death Doggo\n|-damage|p1b: Death Doggo|54\/100\n|-status|p1b: Death Doggo|frz\n|-curestatus|p1b: Death Doggo|frz|[msg]\n|move|p1b: Death Doggo|Last Respects|p2b: Iron Bundle\n|-damage|p2b: Iron Bundle|0 fnt\n|faint|p2b: Iron Bundle\n|-end|p2b: Iron Bundle|Quark Drive|[silent]\n|\n|win|ScraggypantsYT\n|c|\u2606ScraggypantsYT|GG\n|c|\u2606ScraggypantsYT|that feeze tho\n|l|\u2606Pokemonster28\n","uploadtime":1684105641,"views":10,"p1id":"scraggypantsyt","p2id":"pokemonster28","formatid":"gen9vgc2023regulationc","rating":0,"private":0,"password":""}