{"id":"gen9vgc2023regulationc-1847833425","p1":"Apell","p2":"Uiiggh","format":"[Gen 9] VGC 2023 Regulation C","log":"|j|\u2606Apell\n|j|\u2606Uiiggh\n|t:|1682005710\n|gametype|doubles\n|player|p1|Apell|169|1058\n|player|p2|Uiiggh|ghetsis-gen5bw|1015\n|teamsize|p1|6\n|teamsize|p2|6\n|gen|9\n|tier|[Gen 9] VGC 2023 Regulation C\n|rated|\n|rule|Species Clause: Limit one of each Pok\u00e9mon\n|rule|Item Clause: Limit one of each item\n|clearpoke\n|poke|p1|Meowscarada, L50, F|\n|poke|p1|Dragonite, L50, F|\n|poke|p1|Hydreigon, L50, F|\n|poke|p1|Kingambit, L50, M|\n|poke|p1|Murkrow, L50, F|\n|poke|p1|Amoonguss, L50, F|\n|poke|p2|Lucario, L50, F|\n|poke|p2|Great Tusk, L50|\n|poke|p2|Maushold-Four, L50|\n|poke|p2|Bisharp, L50, F|\n|poke|p2|Iron Bundle, L50|\n|poke|p2|Sylveon, L50, M|\n|teampreview|4\n|\n|t:|1682005747\n|start\n|switch|p1a: Kingambit|Kingambit, L50, M|100\/100\n|switch|p1b: Murkrow|Murkrow, L50, F|100\/100\n|switch|p2a: Lucario|Lucario, L50, F|100\/100\n|switch|p2b: Maushold|Maushold-Four, L50|100\/100\n|turn|1\n|\n|t:|1682005775\n|move|p1b: Murkrow|Tailwind|p1b: Murkrow\n|-sidestart|p1: Apell|move: Tailwind\n|move|p2b: Maushold|Beat Up|p2a: Lucario\n|-resisted|p2a: Lucario\n|-damage|p2a: Lucario|99\/100\n|-ability|p2a: Lucario|Justified|boost\n|-boost|p2a: Lucario|atk|1\n|-resisted|p2a: Lucario\n|-damage|p2a: Lucario|99\/100\n|-ability|p2a: Lucario|Justified|boost\n|-boost|p2a: Lucario|atk|1\n|-resisted|p2a: Lucario\n|-damage|p2a: Lucario|98\/100\n|-ability|p2a: Lucario|Justified|boost\n|-boost|p2a: Lucario|atk|1\n|-resisted|p2a: Lucario\n|-damage|p2a: Lucario|97\/100\n|-ability|p2a: Lucario|Justified|boost\n|-boost|p2a: Lucario|atk|1\n|-hitcount|p2a: Lucario|4\n|move|p2a: Lucario|Drain Punch|p1a: Kingambit\n|-supereffective|p1a: Kingambit\n|-damage|p1a: Kingambit|0 fnt\n|-heal|p2a: Lucario|100\/100|[from] drain|[of] p1a: Kingambit\n|faint|p1a: Kingambit\n|-end|p1a: Kingambit|fallenundefined|[silent]\n|\n|upkeep\n|\n|t:|1682005783\n|switch|p1a: Dragonite|Dragonite, L50, F|100\/100\n|turn|2\n|\n|t:|1682005831\n|move|p2b: Maushold|Follow Me|p2b: Maushold\n|-singleturn|p2b: Maushold|move: Follow Me\n|move|p1a: Dragonite|Earthquake|p2b: Maushold|[spread] p2a,p2b\n|-immune|p1b: Murkrow\n|-supereffective|p2a: Lucario\n|-damage|p2a: Lucario|16\/100\n|-damage|p2b: Maushold|61\/100\n|move|p1b: Murkrow|Foul Play|p2b: Maushold\n|-damage|p2b: Maushold|34\/100\n|move|p2a: Lucario|Drain Punch|p1a: Dragonite\n|-resisted|p1a: Dragonite\n|-damage|p1a: Dragonite|73\/100\n|-heal|p2a: Lucario|29\/100|[from] drain|[of] p1a: Dragonite\n|\n|upkeep\n|turn|3\n|\n|t:|1682005855\n|move|p2b: Maushold|Helping Hand|p2a: Lucario\n|-singleturn|p2a: Lucario|Helping Hand|[of] p2b: Maushold\n|move|p2a: Lucario|Extreme Speed|p1a: Dragonite\n|-damage|p1a: Dragonite|0 fnt\n|faint|p1a: Dragonite\n|move|p1b: Murkrow|Foul Play|p2a: Lucario\n|-resisted|p2a: Lucario\n|-damage|p2a: Lucario|0 fnt\n|faint|p2a: Lucario\n|\n|upkeep\n|\n|t:|1682005871\n|switch|p1a: Meowscarada|Meowscarada, L50, F|100\/100\n|switch|p2a: Sylveon|Sylveon, L50, M, shiny|100\/100\n|turn|4\n|\n|t:|1682005884\n|-terastallize|p1a: Meowscarada|Grass\n|move|p1b: Murkrow|Protect|p1b: Murkrow\n|-singleturn|p1b: Murkrow|Protect\n|move|p2b: Maushold|Follow Me|p2b: Maushold\n|-singleturn|p2b: Maushold|move: Follow Me\n|move|p1a: Meowscarada|Flower Trick|p2b: Maushold\n|-crit|p2b: Maushold\n|-damage|p2b: Maushold|0 fnt\n|faint|p2b: Maushold\n|-damage|p1a: Meowscarada|91\/100|[from] item: Life Orb\n|move|p2a: Sylveon|Hyper Voice|p1a: Meowscarada|[spread] p1a\n|-activate|p1b: Murkrow|move: Protect\n|-damage|p1a: Meowscarada|28\/100\n|-enditem|p2a: Sylveon|Throat Spray\n|-boost|p2a: Sylveon|spa|1|[from] item: Throat Spray\n|\n|-sideend|p1: Apell|move: Tailwind\n|upkeep\n|\n|t:|1682005906\n|switch|p2b: Iron Bundle|Iron Bundle, L50|100\/100\n|-enditem|p2b: Iron Bundle|Booster Energy\n|-activate|p2b: Iron Bundle|ability: Quark Drive|[fromitem]\n|-start|p2b: Iron Bundle|quarkdrivespe\n|turn|5\n|\n|t:|1682005918\n|move|p1b: Murkrow|Tailwind|p1b: Murkrow\n|-sidestart|p1: Apell|move: Tailwind\n|move|p1a: Meowscarada|Flower Trick|p2a: Sylveon\n|-crit|p2a: Sylveon\n|-damage|p2a: Sylveon|0 fnt\n|faint|p2a: Sylveon\n|-damage|p1a: Meowscarada|18\/100|[from] item: Life Orb\n|move|p2b: Iron Bundle|Icy Wind|p1a: Meowscarada|[spread] p1a,p1b\n|-supereffective|p1a: Meowscarada\n|-supereffective|p1b: Murkrow\n|-damage|p1a: Meowscarada|0 fnt\n|-damage|p1b: Murkrow|67\/100\n|-unboost|p1b: Murkrow|spe|1\n|faint|p1a: Meowscarada\n|\n|upkeep\n|turn|6\n|\n|t:|1682005941\n|-terastallize|p2b: Iron Bundle|Ice\n|move|p2b: Iron Bundle|Ice Beam|p1b: Murkrow\n|-supereffective|p1b: Murkrow\n|-damage|p1b: Murkrow|0 fnt\n|faint|p1b: Murkrow\n|\n|win|Uiiggh\n|raw|Apell's rating: 1058 → 1037<\/strong> (-21 for losing)\n|raw|Uiiggh's rating: 1015 → 1057<\/strong> (+42 for winning)\n|l|\u2606Apell\n","uploadtime":1682005972,"views":8,"p1id":"apell","p2id":"uiiggh","formatid":"gen9vgc2023regulationc","rating":1037,"private":0,"password":""}