{"id":"gen9vgc2023regulationc-1849868522","p1":"oscargo2400","p2":"Sirazoa","format":"[Gen 9] VGC 2023 Regulation C","log":"|j|\u2606oscargo2400\n|j|\u2606Sirazoa\n|t:|1682262564\n|gametype|doubles\n|player|p1|oscargo2400|266|1128\n|player|p2|Sirazoa|n|1165\n|teamsize|p1|6\n|teamsize|p2|6\n|gen|9\n|tier|[Gen 9] VGC 2023 Regulation C\n|rated|\n|rule|Species Clause: Limit one of each Pok\u00e9mon\n|rule|Item Clause: Limit one of each item\n|clearpoke\n|poke|p1|Indeedee-F, L50, F|\n|poke|p1|Armarouge, L50, M|\n|poke|p1|Torkoal, L50, M|\n|poke|p1|Hatterene, L50, F|\n|poke|p1|Kingambit, L50, M|\n|poke|p1|Annihilape, L50, M|\n|poke|p2|Iron Bundle, L50|\n|poke|p2|Chi-Yu, L50|\n|poke|p2|Kingambit, L50, F|\n|poke|p2|Dragonite, L50, M|\n|poke|p2|Maushold-Four, L50|\n|poke|p2|Chien-Pao, L50|\n|teampreview|4\n|\n|t:|1682262586\n|start\n|switch|p1a: Indeedee|Indeedee-F, L50, F|100\/100\n|switch|p1b: Armarouge|Armarouge, L50, M|100\/100\n|switch|p2a: Chi-Yu|Chi-Yu, L50|100\/100\n|switch|p2b: Kingambit|Kingambit, L50, F|100\/100\n|-ability|p2a: Chi-Yu|Beads of Ruin\n|-fieldstart|move: Psychic Terrain|[from] ability: Psychic Surge|[of] p1a: Indeedee\n|-enditem|p1a: Indeedee|Psychic Seed\n|-boost|p1a: Indeedee|spd|1|[from] item: Psychic Seed\n|turn|1\n|\n|t:|1682262618\n|switch|p1a: Hatterene|Hatterene, L50, F|100\/100\n|-terastallize|p2a: Chi-Yu|Fire\n|-terastallize|p1b: Armarouge|Dark\n|move|p2a: Chi-Yu|Heat Wave|p1a: Hatterene|[spread] p1a\n|-start|p1b: Armarouge|ability: Flash Fire\n|-damage|p1a: Hatterene|0 fnt\n|faint|p1a: Hatterene\n|move|p1b: Armarouge|Armor Cannon|p2b: Kingambit\n|-supereffective|p2b: Kingambit\n|-damage|p2b: Kingambit|0 fnt\n|-unboost|p1b: Armarouge|def|1\n|-unboost|p1b: Armarouge|spd|1\n|faint|p2b: Kingambit\n|\n|upkeep\n|\n|t:|1682262645\n|switch|p2b: Chien-Pao|Chien-Pao, L50|100\/100\n|switch|p1a: Annihilape|Annihilape, L50, M|100\/100\n|-ability|p2b: Chien-Pao|Sword of Ruin\n|turn|2\n|\n|t:|1682262664\n|-end|p1b: Armarouge|ability: Flash Fire|[silent]\n|switch|p1b: Indeedee|Indeedee-F, L50, F|100\/100\n|move|p1a: Annihilape|Close Combat|p2b: Chien-Pao\n|-supereffective|p2b: Chien-Pao\n|-enditem|p2b: Chien-Pao|Focus Sash\n|-damage|p2b: Chien-Pao|1\/100\n|-unboost|p1a: Annihilape|def|1\n|-unboost|p1a: Annihilape|spd|1\n|move|p2b: Chien-Pao|Ice Spinner|p1b: Indeedee\n|-damage|p1b: Indeedee|51\/100\n|-fieldend|move: Psychic Terrain\n|move|p2a: Chi-Yu|Heat Wave|p1a: Annihilape|[spread] p1a,p1b\n|-damage|p1a: Annihilape|0 fnt\n|-damage|p1b: Indeedee|0 fnt\n|faint|p1a: Annihilape\n|faint|p1b: Indeedee\n|\n|upkeep\n|\n|t:|1682262681\n|switch|p1b: Armarouge|Armarouge, L50, M, tera:Dark|100\/100\n|turn|3\n|\n|t:|1682262697\n|switch|p2a: Dragonite|Dragonite, L50, M|100\/100\n|move|p2b: Chien-Pao|Protect|p2b: Chien-Pao\n|-singleturn|p2b: Chien-Pao|Protect\n|move|p1b: Armarouge|Expanding Force|p2a: Dragonite\n|-damage|p2a: Dragonite|56\/100\n|\n|upkeep\n|turn|4\n|\n|t:|1682262713\n|move|p2a: Dragonite|Extreme Speed|p1b: Armarouge\n|-damage|p1b: Armarouge|63\/100\n|move|p2b: Chien-Pao|Ice Spinner|p1b: Armarouge\n|-damage|p1b: Armarouge|17\/100\n|move|p1b: Armarouge|Armor Cannon|p2a: Dragonite\n|-resisted|p2a: Dragonite\n|-damage|p2a: Dragonite|27\/100\n|-unboost|p1b: Armarouge|def|1\n|-unboost|p1b: Armarouge|spd|1\n|\n|upkeep\n|turn|5\n|-message|oscargo2400 forfeited.\n|\n|win|Sirazoa\n|raw|oscargo2400's rating: 1128 → 1106<\/strong> (-22 for losing)\n|raw|Sirazoa's rating: 1165 → 1187<\/strong> (+22 for winning)\n|l|\u2606oscargo2400\n","uploadtime":1682262731,"views":10,"p1id":"oscargo2400","p2id":"sirazoa","formatid":"gen9vgc2023regulationc","rating":1106,"private":0,"password":""}