{"id":"gen9vgc2023regulationc-1853268879","p1":"Libica","p2":"Mortipherus","format":"[Gen 9] VGC 2023 Regulation C","log":"|j|\u2606Libica\n|j|\u2606Mortipherus\n|t:|1682658001\n|gametype|doubles\n|player|p1|Libica|169|1211\n|player|p2|Mortipherus|hooligans|1140\n|teamsize|p1|6\n|teamsize|p2|6\n|gen|9\n|tier|[Gen 9] VGC 2023 Regulation C\n|rated|\n|rule|Species Clause: Limit one of each Pok\u00e9mon\n|rule|Item Clause: Limit one of each item\n|clearpoke\n|poke|p1|Palafin, L50, M|\n|poke|p1|Pelipper, L50, F|\n|poke|p1|Amoonguss, L50, F|\n|poke|p1|Flutter Mane, L50|\n|poke|p1|Great Tusk, L50|\n|poke|p1|Chien-Pao, L50|\n|poke|p2|Cetitan, L50, M|\n|poke|p2|Corviknight, L50, M|\n|poke|p2|Volcarona, L50, M|\n|poke|p2|Ting-Lu, L50|\n|poke|p2|Gyarados, L50, M|\n|poke|p2|Amoonguss, L50, M|\n|teampreview|4\n|inactive|Battle timer is ON: inactive players will automatically lose when time's up. (requested by Mortipherus)\n|\n|t:|1682658037\n|start\n|switch|p1a: Palafin|Palafin, L50, M|100\/100\n|switch|p1b: Great Tusk|Great Tusk, L50|100\/100\n|switch|p2a: Cetitan|Cetitan, L50, M, shiny|100\/100\n|switch|p2b: Gyarados|Gyarados, L50, M, shiny|100\/100\n|-ability|p2b: Gyarados|Intimidate|boost\n|-unboost|p1a: Palafin|atk|1\n|-unboost|p1b: Great Tusk|atk|1\n|turn|1\n|inactive|Libica has 30 seconds left.\n|inactive|Mortipherus has 30 seconds left.\n|\n|t:|1682658064\n|detailschange|p1a: Palafin|Palafin-Hero, L50, M\n|switch|p1a: Pelipper|Pelipper, L50, F|100\/100\n|-weather|RainDance|[from] ability: Drizzle|[of] p1a: Pelipper\n|-terastallize|p2a: Cetitan|Water\n|move|p1b: Great Tusk|Rock Slide|p2b: Gyarados|[spread] p2a,p2b\n|-supereffective|p2b: Gyarados\n|-damage|p2a: Cetitan|89\/100\n|-damage|p2b: Gyarados|71\/100\n|cant|p2b: Gyarados|flinch\n|move|p2a: Cetitan|Icicle Crash|p1b: Great Tusk\n|-supereffective|p1b: Great Tusk\n|-damage|p1b: Great Tusk|0 fnt\n|faint|p1b: Great Tusk\n|-end|p1b: Great Tusk|Protosynthesis|[silent]\n|\n|-weather|RainDance|[upkeep]\n|-heal|p2b: Gyarados|78\/100|[from] item: Leftovers\n|upkeep\n|\n|t:|1682658089\n|switch|p1b: Palafin|Palafin-Hero, L50, M|100\/100\n|-activate|p1b: Palafin|ability: Zero to Hero\n|turn|2\n|\n|t:|1682658102\n|-terastallize|p1b: Palafin|Water\n|move|p1b: Palafin|Wave Crash|p2a: Cetitan\n|-resisted|p2a: Cetitan\n|-damage|p2a: Cetitan|6\/100\n|-damage|p1b: Palafin|62\/100|[from] Recoil\n|move|p2b: Gyarados|Thunder Wave|p1b: Palafin\n|-status|p1b: Palafin|par\n|move|p1a: Pelipper|Hurricane|p2a: Cetitan\n|-damage|p2a: Cetitan|0 fnt\n|faint|p2a: Cetitan\n|\n|-weather|RainDance|[upkeep]\n|-heal|p2b: Gyarados|84\/100|[from] item: Leftovers\n|upkeep\n|\n|t:|1682658118\n|switch|p2a: Volcarona|Volcarona, L50, M|100\/100\n|turn|3\n|\n|t:|1682658126\n|switch|p2b: Amoonguss|Amoonguss, L50, M|100\/100\n|move|p1b: Palafin|Jet Punch|p2a: Volcarona\n|-supereffective|p2a: Volcarona\n|-enditem|p2a: Volcarona|Focus Sash\n|-damage|p2a: Volcarona|1\/100\n|move|p2a: Volcarona|Giga Drain|p1b: Palafin\n|-supereffective|p1b: Palafin\n|-damage|p1b: Palafin|0 fnt\n|-heal|p2a: Volcarona|33\/100|[from] drain|[of] p1b: Palafin\n|faint|p1b: Palafin\n|move|p1a: Pelipper|Hydro Pump|p2a: Volcarona|[miss]\n|-miss|p1a: Pelipper|p2a: Volcarona\n|\n|-weather|RainDance|[upkeep]\n|upkeep\n|\n|t:|1682658143\n|switch|p1b: Chien-Pao|Chien-Pao, L50|100\/100\n|-ability|p1b: Chien-Pao|Sword of Ruin\n|turn|4\n|\n|t:|1682658153\n|move|p1b: Chien-Pao|Protect|p1b: Chien-Pao\n|-singleturn|p1b: Chien-Pao|Protect\n|move|p2a: Volcarona|Protect|p2a: Volcarona\n|-singleturn|p2a: Volcarona|Protect\n|move|p1a: Pelipper|Hurricane|p2a: Volcarona\n|-activate|p2a: Volcarona|move: Protect\n|move|p2b: Amoonguss|Spore|p1a: Pelipper\n|-status|p1a: Pelipper|slp|[from] move: Spore\n|\n|-weather|RainDance|[upkeep]\n|upkeep\n|turn|5\n|\n|t:|1682658172\n|switch|p2a: Gyarados|Gyarados, L50, M, shiny|84\/100\n|-ability|p2a: Gyarados|Intimidate|boost\n|-unboost|p1a: Pelipper|atk|1\n|-unboost|p1b: Chien-Pao|atk|1\n|move|p1b: Chien-Pao|Ice Spinner|p2a: Gyarados\n|-damage|p2a: Gyarados|49\/100\n|cant|p1a: Pelipper|slp\n|move|p2b: Amoonguss|Spore|p1b: Chien-Pao\n|-status|p1b: Chien-Pao|slp|[from] move: Spore\n|\n|-weather|RainDance|[upkeep]\n|-heal|p2a: Gyarados|55\/100|[from] item: Leftovers\n|upkeep\n|turn|6\n|\n|t:|1682658195\n|switch|p2b: Volcarona|Volcarona, L50, M|33\/100\n|cant|p1b: Chien-Pao|slp\n|move|p2a: Gyarados|Iron Head|p1b: Chien-Pao\n|-supereffective|p1b: Chien-Pao\n|-crit|p1b: Chien-Pao\n|-enditem|p1b: Chien-Pao|Focus Sash\n|-damage|p1b: Chien-Pao|1\/100 slp\n|-curestatus|p1a: Pelipper|slp|[msg]\n|move|p1a: Pelipper|Hurricane|p2b: Volcarona\n|-supereffective|p2b: Volcarona\n|-damage|p2b: Volcarona|0 fnt\n|faint|p2b: Volcarona\n|\n|-weather|RainDance|[upkeep]\n|-heal|p2a: Gyarados|61\/100|[from] item: Leftovers\n|upkeep\n|\n|t:|1682658213\n|switch|p2b: Amoonguss|Amoonguss, L50, M|100\/100\n|turn|7\n|\n|t:|1682658221\n|cant|p1b: Chien-Pao|slp\n|move|p2a: Gyarados|Thunder Wave|p1a: Pelipper\n|-status|p1a: Pelipper|par\n|cant|p1a: Pelipper|par\n|move|p2b: Amoonguss|Pollen Puff|p2a: Gyarados\n|-heal|p2a: Gyarados|100\/100\n|\n|-weather|RainDance|[upkeep]\n|upkeep\n|turn|8\n|\n|t:|1682658237\n|move|p2b: Amoonguss|Rage Powder|p2b: Amoonguss\n|-singleturn|p2b: Amoonguss|move: Rage Powder\n|-curestatus|p1b: Chien-Pao|slp|[msg]\n|move|p1b: Chien-Pao|Ice Spinner|p2b: Amoonguss\n|-supereffective|p2b: Amoonguss\n|-damage|p2b: Amoonguss|48\/100\n|-enditem|p2b: Amoonguss|Sitrus Berry|[eat]\n|-heal|p2b: Amoonguss|73\/100|[from] item: Sitrus Berry\n|move|p2a: Gyarados|Iron Head|p1b: Chien-Pao\n|-supereffective|p1b: Chien-Pao\n|-damage|p1b: Chien-Pao|0 fnt\n|faint|p1b: Chien-Pao\n|move|p1a: Pelipper|Hurricane|p2b: Amoonguss\n|-supereffective|p2b: Amoonguss\n|-damage|p2b: Amoonguss|0 fnt\n|faint|p2b: Amoonguss\n|\n|-weather|none\n|upkeep\n|turn|9\n|\n|t:|1682658257\n|move|p2a: Gyarados|Iron Head|p1a: Pelipper\n|-resisted|p1a: Pelipper\n|-damage|p1a: Pelipper|87\/100 par\n|cant|p1a: Pelipper|flinch\n|\n|upkeep\n|turn|10\n|\n|t:|1682658264\n|move|p2a: Gyarados|Iron Head|p1a: Pelipper\n|-resisted|p1a: Pelipper\n|-damage|p1a: Pelipper|74\/100 par\n|cant|p1a: Pelipper|par\n|\n|upkeep\n|turn|11\n|\n|t:|1682658272\n|move|p2a: Gyarados|Iron Head|p1a: Pelipper\n|-resisted|p1a: Pelipper\n|-damage|p1a: Pelipper|62\/100 par\n|cant|p1a: Pelipper|par\n|\n|upkeep\n|turn|12\n|\n|t:|1682658284\n|move|p2a: Gyarados|Iron Head|p1a: Pelipper\n|-resisted|p1a: Pelipper\n|-damage|p1a: Pelipper|50\/100 par\n|move|p1a: Pelipper|Hurricane|p2a: Gyarados\n|-damage|p2a: Gyarados|67\/100\n|\n|-heal|p2a: Gyarados|73\/100|[from] item: Leftovers\n|upkeep\n|turn|13\n|\n|t:|1682658295\n|move|p2a: Gyarados|Iron Head|p1a: Pelipper\n|-resisted|p1a: Pelipper\n|-damage|p1a: Pelipper|38\/100 par\n|cant|p1a: Pelipper|flinch\n|\n|-heal|p2a: Gyarados|80\/100|[from] item: Leftovers\n|upkeep\n|turn|14\n|\n|t:|1682658305\n|move|p2a: Gyarados|Iron Head|p1a: Pelipper\n|-resisted|p1a: Pelipper\n|-crit|p1a: Pelipper\n|-damage|p1a: Pelipper|20\/100 par\n|cant|p1a: Pelipper|flinch\n|\n|-heal|p2a: Gyarados|86\/100|[from] item: Leftovers\n|upkeep\n|turn|15\n|\n|t:|1682658318\n|move|p2a: Gyarados|Iron Head|p1a: Pelipper\n|-resisted|p1a: Pelipper\n|-damage|p1a: Pelipper|6\/100 par\n|cant|p1a: Pelipper|flinch\n|\n|-heal|p2a: Gyarados|92\/100|[from] item: Leftovers\n|upkeep\n|turn|16\n|-message|Libica forfeited.\n|\n|win|Mortipherus\n|raw|Libica's rating: 1211 → 1181<\/strong> (-30 for losing)\n|raw|Mortipherus's rating: 1140 → 1170<\/strong> (+30 for winning)\n|l|\u2606Libica\n","uploadtime":1682658341,"views":19,"p1id":"libica","p2id":"mortipherus","formatid":"gen9vgc2023regulationc","rating":1170,"private":0,"password":""}