{"id":"gen9vgc2023regulationc-1860477515","p1":"Mut-antVGC","p2":"McDubbieEnthusiast","format":"[Gen 9] VGC 2023 Regulation C","log":"|j|\u2606Mut-antVGC\n|j|\u2606McDubbieEnthusiast\n|t:|1683647614\n|gametype|doubles\n|player|p1|Mut-antVGC|psychic-lgpe|1564\n|player|p2|McDubbieEnthusiast|pokemonbreeder-gen4|1637\n|teamsize|p1|6\n|teamsize|p2|6\n|gen|9\n|tier|[Gen 9] VGC 2023 Regulation C\n|rated|\n|rule|Species Clause: Limit one of each Pok\u00e9mon\n|rule|Item Clause: Limit one of each item\n|clearpoke\n|poke|p1|Torkoal, L50, M|\n|poke|p1|Iron Bundle, L50|\n|poke|p1|Great Tusk, L50|\n|poke|p1|Talonflame, L50, M|\n|poke|p1|Flutter Mane, L50|\n|poke|p1|Chi-Yu, L50|\n|poke|p2|Tyranitar, L50, M|\n|poke|p2|Garchomp, L50, F|\n|poke|p2|Dragonite, L50, M|\n|poke|p2|Scream Tail, L50|\n|poke|p2|Flutter Mane, L50|\n|poke|p2|Orthworm, L50, F|\n|teampreview|4\nMut-antVGC has agreed to open team sheets.\n|inactive|Battle timer is ON: inactive players will automatically lose when time's up. (requested by McDubbieEnthusiast)\n|inactive|Mut-antVGC has 60 seconds left.\n|inactive|Mut-antVGC has 30 seconds left.\n|j| PiuPiuMOOD\n|inactive|Mut-antVGC has 20 seconds left.\n|inactive|Mut-antVGC has 15 seconds left.\n|inactive|Mut-antVGC has 10 seconds left.\n|\n|t:|1683647730\n|start\n|switch|p1a: Flutter Mane|Flutter Mane, L50|100\/100\n|switch|p1b: Talonflame|Talonflame, L50, M|100\/100\n|switch|p2a: Beholder|Scream Tail, L50, shiny|100\/100\n|switch|p2b: Dunewinder|Orthworm, L50, F, shiny|100\/100\n|-enditem|p2a: Beholder|Booster Energy\n|-activate|p2a: Beholder|ability: Protosynthesis|[fromitem]\n|-start|p2a: Beholder|protosynthesisspe\n|turn|1\n|inactive|Mut-antVGC has 30 seconds left.\n|inactive|McDubbieEnthusiast has 30 seconds left.\n|\n|t:|1683647763\n|-end|p1a: Flutter Mane|Protosynthesis|[silent]\n|switch|p1a: Torkoal|Torkoal, L50, M|100\/100\n|-weather|SunnyDay|[from] ability: Drought|[of] p1a: Torkoal\n|move|p2a: Beholder|Dazzling Gleam|p1b: Talonflame|[spread] p1a,p1b\n|-resisted|p1a: Torkoal\n|-resisted|p1b: Talonflame\n|-damage|p1a: Torkoal|89\/100\n|-damage|p1b: Talonflame|89\/100\n|move|p1b: Talonflame|Will-O-Wisp|p2b: Dunewinder\n|-status|p2b: Dunewinder|brn\n|move|p2b: Dunewinder|Heavy Slam|p1a: Torkoal\n|-resisted|p1a: Torkoal\n|-damage|p1a: Torkoal|84\/100\n|\n|-weather|SunnyDay|[upkeep]\n|-damage|p2b: Dunewinder|94\/100 brn|[from] brn\n|upkeep\n|turn|2\n|inactive|Mut-antVGC has 30 seconds left.\n|inactive|McDubbieEnthusiast has 30 seconds left.\n|inactive|Mut-antVGC has 20 seconds left.\n|\n|t:|1683647802\n|switch|p1b: Flutter Mane|Flutter Mane, L50|100\/100\n|-activate|p1b: Flutter Mane|ability: Protosynthesis\n|-start|p1b: Flutter Mane|protosynthesisspe\n|move|p2a: Beholder|Thunder Wave|p1b: Flutter Mane\n|-status|p1b: Flutter Mane|par\n|move|p2b: Dunewinder|Shed Tail|p2b: Dunewinder\n|-start|p2b: Dunewinder|Substitute|[from] move: Shed Tail\n|-damage|p2b: Dunewinder|44\/100 brn\n|-enditem|p2b: Dunewinder|Sitrus Berry|[eat]\n|-heal|p2b: Dunewinder|69\/100 brn|[from] item: Sitrus Berry\n|\n|t:|1683647813\n|switch|p2b: Brass|Dragonite, L50, M|100\/100|[from] Shed Tail\n|move|p1a: Torkoal|Overheat|p2b: Brass\n|-resisted|p2b: Brass\n|-activate|p2b: Brass|move: Substitute|[damage]\n|-unboost|p1a: Torkoal|spa|2\n|-enditem|p1a: Torkoal|Eject Pack\n|\n|t:|1683647824\n|switch|p1a: Talonflame|Talonflame, L50, M|89\/100\n|\n|-weather|SunnyDay|[upkeep]\n|upkeep\n|turn|3\n|inactive|Mut-antVGC has 30 seconds left.\n|inactive|McDubbieEnthusiast has 30 seconds left.\n|\n|t:|1683647851\n|move|p2a: Beholder|Thunder Wave|p1a: Talonflame\n|-status|p1a: Talonflame|par\n|cant|p1b: Flutter Mane|par\n|move|p2b: Brass|Dragon Dance|p2b: Brass\n|-boost|p2b: Brass|atk|1\n|-boost|p2b: Brass|spe|1\n|move|p1a: Talonflame|Tailwind|p1a: Talonflame\n|-sidestart|p1: Mut-antVGC|move: Tailwind\n|\n|-weather|SunnyDay|[upkeep]\n|upkeep\n|turn|4\n|inactive|McDubbieEnthusiast has 30 seconds left.\n|inactive|McDubbieEnthusiast has 20 seconds left.\n|inactive|McDubbieEnthusiast has 15 seconds left.\n|inactive|McDubbieEnthusiast has 10 seconds left.\n|\n|t:|1683647900\n|switch|p1a: Great Tusk|Great Tusk, L50|100\/100\n|-activate|p1a: Great Tusk|ability: Protosynthesis\n|-start|p1a: Great Tusk|protosynthesisatk\n|move|p1b: Flutter Mane|Dazzling Gleam|p2a: Beholder|[spread] p2a,p2b\n|-supereffective|p2b: Brass\n|-end|p2b: Brass|Substitute\n|-crit|p2a: Beholder\n|-damage|p2a: Beholder|56\/100\n|move|p2a: Beholder|Encore||[still]\n|-fail|p2a: Beholder\n|move|p2b: Brass|Dragon Dance|p2b: Brass\n|-boost|p2b: Brass|atk|1\n|-boost|p2b: Brass|spe|1\n|\n|-weather|SunnyDay|[upkeep]\n|upkeep\n|turn|5\n|inactive|McDubbieEnthusiast has 30 seconds left.\n|inactive|McDubbieEnthusiast has 20 seconds left.\n|inactive|McDubbieEnthusiast has 15 seconds left.\n|\n|t:|1683647944\n|-end|p2a: Beholder|Protosynthesis|[silent]\n|switch|p2a: Dunewinder|Orthworm, L50, F, shiny|69\/100 brn\n|-terastallize|p1a: Great Tusk|Fire\n|-terastallize|p2b: Brass|Ground\n|move|p1b: Flutter Mane|Dazzling Gleam|p2a: Dunewinder|[spread] p2a,p2b\n|-resisted|p2a: Dunewinder\n|-damage|p2a: Dunewinder|40\/100 brn\n|-damage|p2b: Brass|79\/100\n|move|p1a: Great Tusk|Rock Slide|p2a: Dunewinder|[spread] p2a,p2b\n|-resisted|p2a: Dunewinder\n|-resisted|p2b: Brass\n|-damage|p2a: Dunewinder|29\/100 brn\n|-damage|p2b: Brass|67\/100\n|move|p2b: Brass|Earthquake|p1b: Flutter Mane|[spread] p1a,p1b\n|-heal|p2a: Dunewinder|54\/100 brn|[from] ability: Earth Eater|[of] p2b: Brass\n|-supereffective|p1a: Great Tusk\n|-damage|p1a: Great Tusk|0 fnt\n|-damage|p1b: Flutter Mane|0 fnt\n|faint|p1a: Great Tusk\n|-end|p1a: Great Tusk|Protosynthesis|[silent]\n|faint|p1b: Flutter Mane\n|-end|p1b: Flutter Mane|Protosynthesis|[silent]\n|\n|-weather|none\n|-damage|p2a: Dunewinder|48\/100 brn|[from] brn\n|upkeep\n|c|\u2606Mut-antVGC|ggs\n|inactive|Mut-antVGC has 30 seconds left.\n|-message|Mut-antVGC forfeited.\n|\n|win|McDubbieEnthusiast\n|raw|Mut-antVGC's rating: 1564 → 1548<\/strong> (-16 for losing)\n|raw|McDubbieEnthusiast's rating: 1637 → 1653<\/strong> (+16 for winning)\n|c|\u2606McDubbieEnthusiast|gg!\n|l|\u2606Mut-antVGC\n","uploadtime":1683647974,"views":60,"p1id":"mutantvgc","p2id":"mcdubbieenthusiast","formatid":"gen9vgc2023regulationc","rating":1548,"private":0,"password":""}