{"id":"gen9vgc2023regulationc-1860047790","p1":"zlint","p2":"aman2443","format":"[Gen 9] VGC 2023 Regulation C","log":"|j|\u2606zlint\n|j|\u2606aman2443\n|t:|1683589071\n|gametype|doubles\n|player|p1|zlint|may|1114\n|player|p2|aman2443|elesa|1000\n|teamsize|p1|6\n|teamsize|p2|6\n|gen|9\n|tier|[Gen 9] VGC 2023 Regulation C\n|rated|\n|rule|Species Clause: Limit one of each Pok\u00e9mon\n|rule|Item Clause: Limit one of each item\n|clearpoke\n|poke|p1|Scream Tail, L50|\n|poke|p1|Baxcalibur, L50, F|\n|poke|p1|Corviknight, L50, F|\n|poke|p1|Rotom-Wash, L50|\n|poke|p1|Flutter Mane, L50|\n|poke|p1|Tyranitar, L50, M|\n|poke|p2|Alomomola, L50, F|\n|poke|p2|Revavroom, L50, M|\n|poke|p2|Bruxish, L50, M|\n|poke|p2|Eelektross, L50, F|\n|poke|p2|Passimian, L50, M|\n|poke|p2|Amoonguss, L50, F|\n|teampreview|4\nzlint has agreed to open team sheets.\n|\n|t:|1683589119\n|start\n|switch|p1a: Flutter Mane|Flutter Mane, L50|100\/100\n|switch|p1b: Rotom|Rotom-Wash, L50, shiny|100\/100\n|switch|p2a: Uno|Bruxish, L50, M|100\/100\n|switch|p2b: Tarzan|Passimian, L50, M|100\/100\n|turn|1\n|\n|t:|1683589151\n|move|p1a: Flutter Mane|Protect|p1a: Flutter Mane\n|-singleturn|p1a: Flutter Mane|Protect\n|move|p2a: Uno|Crunch|p1a: Flutter Mane\n|-activate|p1a: Flutter Mane|move: Protect\n|move|p1b: Rotom|Thunderbolt|p2a: Uno\n|-supereffective|p2a: Uno\n|-damage|p2a: Uno|18\/100\n|move|p2b: Tarzan|Bulk Up|p2b: Tarzan\n|-boost|p2b: Tarzan|atk|1\n|-boost|p2b: Tarzan|def|1\n|\n|upkeep\n|turn|2\n|\n|t:|1683589189\n|-terastallize|p1a: Flutter Mane|Fairy\n|move|p1a: Flutter Mane|Moonblast|p2b: Tarzan\n|-supereffective|p2b: Tarzan\n|-damage|p2b: Tarzan|0 fnt\n|faint|p2b: Tarzan\n|-damage|p1a: Flutter Mane|91\/100|[from] item: Life Orb\n|move|p2a: Uno|Crunch|p1b: Rotom\n|-damage|p1b: Rotom|80\/100\n|move|p1b: Rotom|Thunderbolt|p2a: Uno\n|-supereffective|p2a: Uno\n|-damage|p2a: Uno|0 fnt\n|faint|p2a: Uno\n|\n|upkeep\n|\n|t:|1683589206\n|switch|p2a: Salmon|Alomomola, L50, F|100\/100\n|switch|p2b: Retro|Eelektross, L50, F|100\/100\n|turn|3\n|\n|t:|1683589225\n|move|p1a: Flutter Mane|Substitute|p1a: Flutter Mane\n|-start|p1a: Flutter Mane|Substitute\n|-damage|p1a: Flutter Mane|67\/100\n|move|p1b: Rotom|Thunderbolt|p2a: Salmon\n|-supereffective|p2a: Salmon\n|-damage|p2a: Salmon|49\/100\n|move|p2b: Retro|Coil|p2b: Retro\n|-boost|p2b: Retro|atk|1\n|-boost|p2b: Retro|def|1\n|-boost|p2b: Retro|accuracy|1\n|move|p2a: Salmon|Light Screen|p2a: Salmon\n|-sidestart|p2: aman2443|move: Light Screen\n|\n|-heal|p2a: Salmon|55\/100|[from] item: Leftovers\n|upkeep\n|turn|4\n|\n|t:|1683589245\n|move|p1a: Flutter Mane|Moonblast|p2a: Salmon\n|-damage|p2a: Salmon|11\/100\n|-unboost|p2a: Salmon|spa|1\n|-damage|p1a: Flutter Mane|57\/100|[from] item: Life Orb\n|move|p1b: Rotom|Thunderbolt|p2a: Salmon\n|-supereffective|p2a: Salmon\n|-damage|p2a: Salmon|0 fnt\n|faint|p2a: Salmon\n|move|p2b: Retro|Thunder Punch|p1a: Flutter Mane\n|-end|p1a: Flutter Mane|Substitute\n|\n|upkeep\n|turn|5\n|\n|t:|1683589261\n|move|p1a: Flutter Mane|Protect|p1a: Flutter Mane\n|-singleturn|p1a: Flutter Mane|Protect\n|move|p1b: Rotom|Will-O-Wisp|p2b: Retro\n|-status|p2b: Retro|brn\n|move|p2b: Retro|Thunder Punch|p1a: Flutter Mane\n|-activate|p1a: Flutter Mane|move: Protect\n|\n|-damage|p2b: Retro|94\/100 brn|[from] brn\n|upkeep\n|turn|6\n|\n|t:|1683589274\n|move|p1a: Flutter Mane|Moonblast|p2b: Retro\n|-damage|p2b: Retro|28\/100 brn\n|-damage|p1a: Flutter Mane|48\/100|[from] item: Life Orb\n|move|p1b: Rotom|Nasty Plot|p1b: Rotom\n|-boost|p1b: Rotom|spa|2\n|move|p2b: Retro|Outrage|p1a: Flutter Mane\n|-immune|p1a: Flutter Mane\n|\n|-damage|p2b: Retro|22\/100 brn|[from] brn\n|upkeep\n|turn|7\n|\n|t:|1683589288\n|move|p1a: Flutter Mane|Moonblast|p2b: Retro\n|-damage|p2b: Retro|0 fnt\n|faint|p2b: Retro\n|-damage|p1a: Flutter Mane|39\/100|[from] item: Life Orb\n|\n|win|zlint\n|raw|zlint's rating: 1114 → 1131<\/strong> (+17 for winning)\n|raw|aman2443's rating: 1000 → 1000<\/strong> (+0 for losing)\n|l|\u2606aman2443\n","uploadtime":1683589296,"views":11,"p1id":"zlint","p2id":"aman2443","formatid":"gen9vgc2023regulationc","rating":1000,"private":0,"password":""}