{"id":"gen9vgc2023regulationc-1861603655","p1":"MamaMiaKhalifa","p2":"zachleft","format":"[Gen 9] VGC 2023 Regulation C","log":"|j|\u2606MamaMiaKhalifa\n|j|\u2606zachleft\n|t:|1683779871\n|gametype|doubles\n|player|p1|MamaMiaKhalifa|lance|1075\n|player|p2|zachleft|2|1000\n|teamsize|p1|6\n|teamsize|p2|6\n|gen|9\n|tier|[Gen 9] VGC 2023 Regulation C\n|rated|\n|rule|Species Clause: Limit one of each Pok\u00e9mon\n|rule|Item Clause: Limit one of each item\n|clearpoke\n|poke|p1|Wo-Chien, L50|\n|poke|p1|Glimmora, L50, M|\n|poke|p1|Flutter Mane, L50|\n|poke|p1|Gyarados, L50, M|\n|poke|p1|Indeedee-F, L50, F|\n|poke|p1|Armarouge, L50, M|\n|poke|p2|Arboliva, L50, M|\n|poke|p2|Gholdengo, L50|\n|poke|p2|Salamence, L50, F|\n|poke|p2|Garganacl, L50, F|\n|poke|p2|Annihilape, L50, M|\n|poke|p2|Maushold, L50|\n|teampreview|4\n|inactive|Battle timer is ON: inactive players will automatically lose when time's up. (requested by zachleft)\n|inactive|MamaMiaKhalifa has 60 seconds left.\n|\n|t:|1683779943\n|start\n|switch|p1a: Armarouge|Armarouge, L50, M|100\/100\n|switch|p1b: Indeedee|Indeedee-F, L50, F|100\/100\n|switch|p2a: Salamence|Salamence, L50, F|100\/100\n|switch|p2b: Maushold|Maushold, L50|100\/100\n|-fieldstart|move: Psychic Terrain|[from] ability: Psychic Surge|[of] p1b: Indeedee\n|turn|1\n|inactive|zachleft has 30 seconds left.\n|inactive|zachleft has 20 seconds left.\n|inactive|zachleft has 15 seconds left.\n|inactive|zachleft has 10 seconds left.\n|\n|t:|1683779992\n|move|p2b: Maushold|Follow Me|p2b: Maushold\n|-singleturn|p2b: Maushold|move: Follow Me\n|move|p1b: Indeedee|Follow Me|p1b: Indeedee\n|-singleturn|p1b: Indeedee|move: Follow Me\n|move|p2a: Salamence|Draco Meteor|p1b: Indeedee\n|-damage|p1b: Indeedee|28\/100\n|-unboost|p2a: Salamence|spa|2\n|move|p1a: Armarouge|Expanding Force|p2a: Salamence|[spread] p2a,p2b\n|-damage|p2a: Salamence|24\/100\n|-damage|p2b: Maushold|25\/100\n|\n|upkeep\n|turn|2\n|\n|t:|1683780017\n|move|p1b: Indeedee|Helping Hand|p1a: Armarouge\n|-singleturn|p1a: Armarouge|Helping Hand|[of] p1b: Indeedee\n|move|p2a: Salamence|Draco Meteor|p1a: Armarouge\n|-crit|p1a: Armarouge\n|-damage|p1a: Armarouge|0 fnt\n|-unboost|p2a: Salamence|spa|2\n|faint|p1a: Armarouge\n|-ability|p2a: Salamence|Moxie|boost\n|-boost|p2a: Salamence|atk|1\n|move|p2b: Maushold|Population Bomb|p1b: Indeedee\n|-damage|p1b: Indeedee|17\/100\n|-damage|p1b: Indeedee|4\/100\n|-damage|p1b: Indeedee|0 fnt\n|faint|p1b: Indeedee\n|-hitcount|p1: Indeedee|3\n|\n|upkeep\n|\n|t:|1683780031\n|switch|p1a: Flutter Mane|Flutter Mane, L50|100\/100\n|switch|p1b: Glimmora|Glimmora, L50, M|100\/100\n|-enditem|p1a: Flutter Mane|Booster Energy\n|-activate|p1a: Flutter Mane|ability: Protosynthesis|[fromitem]\n|-start|p1a: Flutter Mane|protosynthesisspe\n|turn|3\n|inactive|MamaMiaKhalifa has 30 seconds left.\n|inactive|MamaMiaKhalifa has 20 seconds left.\n|\n|t:|1683780068\n|move|p2b: Maushold|Follow Me|p2b: Maushold\n|-singleturn|p2b: Maushold|move: Follow Me\n|move|p1a: Flutter Mane|Thunderbolt|p2b: Maushold\n|-damage|p2b: Maushold|0 fnt\n|faint|p2b: Maushold\n|move|p2a: Salamence|Draco Meteor|p1b: Glimmora\n|-damage|p1b: Glimmora|64\/100\n|-unboost|p2a: Salamence|spa|2\n|move|p1b: Glimmora|Power Gem|p2a: Salamence\n|-supereffective|p2a: Salamence\n|-damage|p2a: Salamence|0 fnt\n|faint|p2a: Salamence\n|\n|upkeep\n|\n|t:|1683780087\n|switch|p2a: Arboliva|Arboliva, L50, M|100\/100\n|switch|p2b: Annihilape|Annihilape, L50, M|100\/100\n|turn|4\n|inactive|MamaMiaKhalifa has 30 seconds left.\n|inactive|zachleft has 30 seconds left.\n|\n|t:|1683780116\n|-terastallize|p2a: Arboliva|Water\n|move|p1a: Flutter Mane|Moonblast|p2a: Arboliva\n|-damage|p2a: Arboliva|63\/100\n|move|p1b: Glimmora|Sludge Bomb|p2a: Arboliva\n|-damage|p2a: Arboliva|25\/100\n|-enditem|p2a: Arboliva|Sitrus Berry|[eat]\n|-heal|p2a: Arboliva|50\/100|[from] item: Sitrus Berry\n|move|p2b: Annihilape|Rage Fist|p1a: Flutter Mane\n|-supereffective|p1a: Flutter Mane\n|-damage|p1a: Flutter Mane|0 fnt\n|faint|p1a: Flutter Mane\n|-end|p1a: Flutter Mane|Protosynthesis|[silent]\n|move|p2a: Arboliva|Leech Seed|p1b: Glimmora\n|-start|p1b: Glimmora|move: Leech Seed\n|\n|-damage|p1b: Glimmora|52\/100|[from] Leech Seed|[of] p2a: Arboliva\n|-heal|p2a: Arboliva|62\/100|[silent]\n|-item|p2a: Arboliva|Sitrus Berry|[from] ability: Harvest\n|upkeep\n|turn|5\n|inactive|MamaMiaKhalifa has 30 seconds left.\n|-message|MamaMiaKhalifa forfeited.\n|\n|win|zachleft\n|raw|MamaMiaKhalifa's rating: 1075 → 1049<\/strong> (-26 for losing)\n|raw|zachleft's rating: 1000 → 1049<\/strong> (+49 for winning)\n","uploadtime":1683780150,"views":18,"p1id":"mamamiakhalifa","p2id":"zachleft","formatid":"gen9vgc2023regulationc","rating":1049,"private":0,"password":""}