{"id":"gen9vgc2023regulationc-1845242197","p1":"leolc0926","p2":"knightsansarmour","format":"[Gen 9] VGC 2023 Regulation C","log":"|j|\u2606leolc0926\n|j|\u2606knightsansarmour\n|t:|1681700973\n|gametype|doubles\n|player|p1|leolc0926|steven|1138\n|player|p2|knightsansarmour|266|1068\n|teamsize|p1|6\n|teamsize|p2|6\n|gen|9\n|tier|[Gen 9] VGC 2023 Regulation C\n|rated|\n|rule|Species Clause: Limit one of each Pok\u00e9mon\n|rule|Item Clause: Limit one of each item\n|clearpoke\n|poke|p1|Kingambit, L50, F|\n|poke|p1|Arcanine, L50, F|\n|poke|p1|Flutter Mane, L50|\n|poke|p1|Palafin, L50, F|\n|poke|p1|Ting-Lu, L50|\n|poke|p1|Amoonguss, L50, F|\n|poke|p2|Kingambit, L50, F|\n|poke|p2|Palafin, L50, M|\n|poke|p2|Amoonguss, L50, F|\n|poke|p2|Chien-Pao, L50|\n|poke|p2|Arcanine, L50, M|\n|poke|p2|Flutter Mane, L50|\n|teampreview|4\n|c|\u2606knightsansarmour|glhf\n|c|\u2606leolc0926|glhf\n|inactive|Battle timer is ON: inactive players will automatically lose when time's up. (requested by leolc0926)\n|\n|t:|1681701063\n|start\n|switch|p1a: \u5927\u9171\u4fa0|Kingambit, L50, F|100\/100\n|switch|p1b: Palafin|Palafin, L50, F|100\/100\n|switch|p2a: Chien-Pao|Chien-Pao, L50|100\/100\n|switch|p2b: Palafin|Palafin, L50, M|100\/100\n|-ability|p2a: Chien-Pao|Sword of Ruin\n|turn|1\n|\n|t:|1681701085\n|detailschange|p1b: Palafin|Palafin-Hero, L50, F\n|switch|p1b: \u76fe\u83c7\u4fa0|Amoonguss, L50, F, shiny|100\/100\n|move|p2b: Palafin|Protect|p2b: Palafin\n|-singleturn|p2b: Palafin|Protect\n|move|p1a: \u5927\u9171\u4fa0|Protect|p1a: \u5927\u9171\u4fa0\n|-singleturn|p1a: \u5927\u9171\u4fa0|Protect\n|move|p2a: Chien-Pao|Sacred Sword|p1a: \u5927\u9171\u4fa0\n|-activate|p1a: \u5927\u9171\u4fa0|move: Protect\n|\n|upkeep\n|turn|2\n|\n|t:|1681701107\n|detailschange|p2b: Palafin|Palafin-Hero, L50, M\n|switch|p2b: Flutter Mane|Flutter Mane, L50|100\/100\n|-enditem|p2b: Flutter Mane|Booster Energy\n|-activate|p2b: Flutter Mane|ability: Protosynthesis|[fromitem]\n|-start|p2b: Flutter Mane|protosynthesisspe\n|-terastallize|p1b: \u76fe\u83c7\u4fa0|Steel\n|move|p1b: \u76fe\u83c7\u4fa0|Rage Powder|p1b: \u76fe\u83c7\u4fa0\n|-singleturn|p1b: \u76fe\u83c7\u4fa0|move: Rage Powder\n|move|p2a: Chien-Pao|Ice Spinner|p1b: \u76fe\u83c7\u4fa0\n|-resisted|p1b: \u76fe\u83c7\u4fa0\n|-damage|p1b: \u76fe\u83c7\u4fa0|80\/100\n|-damage|p2a: Chien-Pao|84\/100|[from] item: Rocky Helmet|[of] p1b: \u76fe\u83c7\u4fa0\n|move|p1a: \u5927\u9171\u4fa0|Swords Dance|p1a: \u5927\u9171\u4fa0\n|-boost|p1a: \u5927\u9171\u4fa0|atk|2\n|\n|upkeep\n|turn|3\n|inactive|knightsansarmour has 30 seconds left.\n|\n|t:|1681701134\n|move|p1a: \u5927\u9171\u4fa0|Protect|p1a: \u5927\u9171\u4fa0\n|-singleturn|p1a: \u5927\u9171\u4fa0|Protect\n|move|p2b: Flutter Mane|Dazzling Gleam|p1a: \u5927\u9171\u4fa0|[spread] p1b\n|-activate|p1a: \u5927\u9171\u4fa0|move: Protect\n|-resisted|p1b: \u76fe\u83c7\u4fa0\n|-damage|p1b: \u76fe\u83c7\u4fa0|66\/100\n|move|p2a: Chien-Pao|Sacred Sword|p1b: \u76fe\u83c7\u4fa0\n|-supereffective|p1b: \u76fe\u83c7\u4fa0\n|-damage|p1b: \u76fe\u83c7\u4fa0|0 fnt\n|-damage|p2a: Chien-Pao|68\/100|[from] item: Rocky Helmet|[of] p1b: \u76fe\u83c7\u4fa0\n|faint|p1b: \u76fe\u83c7\u4fa0\n|\n|upkeep\n|\n|t:|1681701143\n|switch|p1b: Palafin|Palafin-Hero, L50, F|100\/100\n|-activate|p1b: Palafin|ability: Zero to Hero\n|turn|4\n|\n|t:|1681701159\n|move|p1b: Palafin|Jet Punch|p2a: Chien-Pao\n|-damage|p2a: Chien-Pao|0 fnt\n|faint|p2a: Chien-Pao\n|move|p1a: \u5927\u9171\u4fa0|Sucker Punch|p2b: Flutter Mane\n|-damage|p2b: Flutter Mane|0 fnt\n|faint|p2b: Flutter Mane\n|-end|p2b: Flutter Mane|Protosynthesis|[silent]\n|\n|upkeep\n|\n|t:|1681701166\n|switch|p2b: Palafin|Palafin-Hero, L50, M|100\/100\n|switch|p2a: Kingambit|Kingambit, L50, F|100\/100\n|-activate|p2b: Palafin|ability: Zero to Hero\n|turn|5\n|\n|t:|1681701192\n|move|p1a: \u5927\u9171\u4fa0|Protect|p1a: \u5927\u9171\u4fa0\n|-singleturn|p1a: \u5927\u9171\u4fa0|Protect\n|move|p2b: Palafin|Wave Crash|p1b: Palafin\n|-resisted|p1b: Palafin\n|-damage|p1b: Palafin|64\/100\n|-damage|p2b: Palafin|86\/100|[from] Recoil\n|move|p1b: Palafin|Wave Crash|p2a: Kingambit\n|-damage|p2a: Kingambit|29\/100\n|-damage|p1b: Palafin|41\/100|[from] Recoil\n|move|p2a: Kingambit|Brick Break|p1a: \u5927\u9171\u4fa0\n|-activate|p1a: \u5927\u9171\u4fa0|move: Protect\n|\n|upkeep\n|turn|6\n|\n|t:|1681701211\n|move|p1b: Palafin|Protect|p1b: Palafin\n|-singleturn|p1b: Palafin|Protect\n|move|p1a: \u5927\u9171\u4fa0|Sucker Punch|p2a: Kingambit\n|-resisted|p2a: Kingambit\n|-damage|p2a: Kingambit|0 fnt\n|faint|p2a: Kingambit\n|move|p2b: Palafin|Close Combat|p1b: Palafin\n|-activate|p1b: Palafin|move: Protect\n|\n|upkeep\n|turn|7\n|c|\u2606knightsansarmour|gg\n|inactive|leolc0926 has 30 seconds left.\n|\n|t:|1681701236\n|move|p2b: Palafin|Close Combat|p1a: \u5927\u9171\u4fa0\n|-supereffective|p1a: \u5927\u9171\u4fa0\n|-damage|p1a: \u5927\u9171\u4fa0|0 fnt\n|-unboost|p2b: Palafin|def|1\n|-unboost|p2b: Palafin|spd|1\n|faint|p1a: \u5927\u9171\u4fa0\n|move|p1b: Palafin|Wave Crash|p2b: Palafin\n|-resisted|p2b: Palafin\n|-damage|p2b: Palafin|8\/100\n|-damage|p1b: Palafin|19\/100|[from] Recoil\n|\n|upkeep\n|\n|t:|1681701240\n|switch|p1a: \u632f\u7ffc\u4fa0|Flutter Mane, L50|100\/100\n|-enditem|p1a: \u632f\u7ffc\u4fa0|Booster Energy\n|-activate|p1a: \u632f\u7ffc\u4fa0|ability: Protosynthesis|[fromitem]\n|-start|p1a: \u632f\u7ffc\u4fa0|protosynthesisspa\n|turn|8\n|\n|t:|1681701251\n|move|p1b: Palafin|Jet Punch|p2b: Palafin\n|-resisted|p2b: Palafin\n|-damage|p2b: Palafin|0 fnt\n|faint|p2b: Palafin\n|\n|win|leolc0926\n|raw|leolc0926's rating: 1138 → 1158<\/strong> (+20 for winning)\n|raw|knightsansarmour's rating: 1068 → 1052<\/strong> (-16 for losing)\n|c|\u2606leolc0926|gg\n","uploadtime":1681701258,"views":12,"p1id":"leolc0926","p2id":"knightsansarmour","formatid":"gen9vgc2023regulationc","rating":1052,"private":0,"password":""}