{"id":"gen9vgc2023regulationc-1849441658","p1":"Heaven64","p2":"PurpleStyle","format":"[Gen 9] VGC 2023 Regulation C","log":"|j|\u2606Heaven64\n|j|\u2606PurpleStyle\n|t:|1682198880\n|gametype|doubles\n|player|p1|Heaven64|leaf-masters|\n|player|p2|PurpleStyle|pokefan|\n|teamsize|p1|6\n|teamsize|p2|6\n|gen|9\n|tier|[Gen 9] VGC 2023 Regulation C\n|rule|Species Clause: Limit one of each Pok\u00e9mon\n|rule|Item Clause: Limit one of each item\n|clearpoke\n|poke|p1|Gholdengo, L50|\n|poke|p1|Grimmsnarl, L50, M|\n|poke|p1|Noivern, L50, M|\n|poke|p1|Tauros-Paldea-Aqua, L50, M|\n|poke|p1|Veluza, L50, M|\n|poke|p1|Zangoose, L50, M|\n|poke|p2|Flutter Mane, L50|\n|poke|p2|Crocalor, L50, M|\n|poke|p2|Indeedee, L50, M|\n|poke|p2|Drifblim, L50, M|\n|poke|p2|Donphan, L50, M|\n|poke|p2|Hydreigon, L50, F|\n|teampreview|4\n|c|\u2606PurpleStyle|g3\nPurpleStyle rejected open team sheets.\n|\n|t:|1682199658\n|start\n|switch|p1a: Fish Gallade|Veluza, L50, M|100\/100\n|switch|p1b: Tonsurephobia|Grimmsnarl, L50, M|100\/100\n|switch|p2a: Indeedee|Indeedee, L50, M|100\/100\n|switch|p2b: Flutter Mane|Flutter Mane, L50|100\/100\n|-fieldstart|move: Psychic Terrain|[from] ability: Psychic Surge|[of] p2a: Indeedee\n|turn|1\n|\n|t:|1682199731\n|move|p1b: Tonsurephobia|Light Screen|p1b: Tonsurephobia\n|-sidestart|p1: Heaven64|move: Light Screen\n|move|p2b: Flutter Mane|Substitute|p2b: Flutter Mane\n|-start|p2b: Flutter Mane|Substitute\n|-damage|p2b: Flutter Mane|75\/100\n|move|p1a: Fish Gallade|Psycho Cut|p2b: Flutter Mane\n|-end|p2b: Flutter Mane|Substitute\n|move|p2a: Indeedee|Shadow Ball|p1a: Fish Gallade\n|-supereffective|p1a: Fish Gallade\n|-damage|p1a: Fish Gallade|48\/100\n|-damage|p2a: Indeedee|91\/100|[from] item: Life Orb\n|\n|-heal|p2b: Flutter Mane|82\/100|[from] item: Leftovers\n|upkeep\n|turn|2\n|\n|t:|1682199790\n|switch|p1a: High on Fumes|Zangoose, L50, M, shiny|100\/100\n|move|p2b: Flutter Mane|Protect|p2b: Flutter Mane\n|-singleturn|p2b: Flutter Mane|Protect\n|move|p2a: Indeedee|Shadow Ball|p1a: High on Fumes\n|-immune|p1a: High on Fumes\n|move|p1b: Tonsurephobia|Spirit Break|p2b: Flutter Mane\n|-activate|p2b: Flutter Mane|move: Protect\n|\n|-heal|p2b: Flutter Mane|88\/100|[from] item: Leftovers\n|-status|p1a: High on Fumes|tox|[from] item: Toxic Orb\n|upkeep\n|turn|3\n|c|\u2606PurpleStyle|nice nickname on the veluza\n|c|\u2606Heaven64|thx\n|\n|t:|1682199833\n|-end|p2b: Flutter Mane|Protosynthesis|[silent]\n|switch|p2b: Crocalor|Crocalor, L50, M|100\/100\n|-terastallize|p1a: High on Fumes|Steel\n|move|p2a: Indeedee|Psychic|p1a: High on Fumes\n|-resisted|p1a: High on Fumes\n|-damage|p1a: High on Fumes|65\/100 tox\n|-damage|p2a: Indeedee|82\/100|[from] item: Life Orb\n|move|p1a: High on Fumes|Facade|p2a: Indeedee\n|-damage|p2a: Indeedee|0 fnt\n|faint|p2a: Indeedee\n|move|p1b: Tonsurephobia|Spirit Break|p2b: Crocalor\n|-resisted|p2b: Crocalor\n|-damage|p2b: Crocalor|89\/100\n|-unboost|p2b: Crocalor|spa|1\n|\n|-damage|p1a: High on Fumes|59\/100 tox|[from] psn\n|upkeep\n|\n|t:|1682199866\n|switch|p2a: Hydreigon|Hydreigon, L50, F|100\/100\n|turn|4\n|\n|t:|1682199938\n|move|p2a: Hydreigon|Protect|p2a: Hydreigon\n|-singleturn|p2a: Hydreigon|Protect\n|move|p1a: High on Fumes|Facade|p2a: Hydreigon\n|-activate|p2a: Hydreigon|move: Protect\n|move|p1b: Tonsurephobia|Spirit Break|p2a: Hydreigon\n|-activate|p2a: Hydreigon|move: Protect\n|move|p2b: Crocalor|Will-O-Wisp|p1b: Tonsurephobia\n|-status|p1b: Tonsurephobia|brn\n|\n|-damage|p1a: High on Fumes|47\/100 tox|[from] psn\n|-damage|p1b: Tonsurephobia|95\/100 brn|[from] brn\n|upkeep\n|turn|5\n|\n|t:|1682199996\n|-terastallize|p2a: Hydreigon|Poison\n|move|p2a: Hydreigon|Dark Pulse|p1a: High on Fumes\n|-damage|p1a: High on Fumes|0 fnt\n|faint|p1a: High on Fumes\n|move|p1b: Tonsurephobia|Spirit Break|p2a: Hydreigon\n|-resisted|p2a: Hydreigon\n|-damage|p2a: Hydreigon|92\/100\n|-unboost|p2a: Hydreigon|spa|1\n|move|p2b: Crocalor|Flamethrower|p1b: Tonsurephobia\n|-damage|p1b: Tonsurephobia|77\/100 brn\n|\n|-damage|p1b: Tonsurephobia|71\/100 brn|[from] brn\n|-sideend|p1: Heaven64|move: Light Screen\n|-fieldend|move: Psychic Terrain\n|upkeep\n|\n|t:|1682200017\n|switch|p1a: Fish Gallade|Veluza, L50, M|48\/100\n|turn|6\n|\n|t:|1682200079\n|move|p1b: Tonsurephobia|Light Screen|p1b: Tonsurephobia\n|-sidestart|p1: Heaven64|move: Light Screen\n|move|p1a: Fish Gallade|Psycho Cut|p2a: Hydreigon\n|-supereffective|p2a: Hydreigon\n|-damage|p2a: Hydreigon|5\/100\n|move|p2a: Hydreigon|Focus Energy|p2a: Hydreigon\n|-start|p2a: Hydreigon|move: Focus Energy\n|move|p2b: Crocalor|Will-O-Wisp|p1a: Fish Gallade\n|-status|p1a: Fish Gallade|brn\n|\n|-damage|p1a: Fish Gallade|42\/100 brn|[from] brn\n|-damage|p1b: Tonsurephobia|65\/100 brn|[from] brn\n|upkeep\n|turn|7\n|\n|t:|1682200126\n|move|p2a: Hydreigon|Protect|p2a: Hydreigon\n|-singleturn|p2a: Hydreigon|Protect\n|move|p1a: Fish Gallade|Psycho Cut|p2a: Hydreigon\n|-activate|p2a: Hydreigon|move: Protect\n|move|p1b: Tonsurephobia|Spirit Break|p2b: Crocalor\n|-resisted|p2b: Crocalor\n|-damage|p2b: Crocalor|83\/100\n|-unboost|p2b: Crocalor|spa|1\n|move|p2b: Crocalor|Snarl|p1a: Fish Gallade|[spread] p1a,p1b\n|-supereffective|p1a: Fish Gallade\n|-resisted|p1b: Tonsurephobia\n|-damage|p1a: Fish Gallade|32\/100 brn\n|-damage|p1b: Tonsurephobia|64\/100 brn\n|-unboost|p1a: Fish Gallade|spa|1\n|-unboost|p1b: Tonsurephobia|spa|1\n|\n|-damage|p1a: Fish Gallade|26\/100 brn|[from] brn\n|-damage|p1b: Tonsurephobia|58\/100 brn|[from] brn\n|upkeep\n|turn|8\n|c|\u2606PurpleStyle|im so dumb, literally forgot I was teras\n|c|\u2606Heaven64|what did you want to do ?\n|\n|t:|1682200164\n|move|p1a: Fish Gallade|Psycho Cut|p2a: Hydreigon\n|-supereffective|p2a: Hydreigon\n|-damage|p2a: Hydreigon|0 fnt\n|faint|p2a: Hydreigon\n|move|p1b: Tonsurephobia|Spirit Break|p2b: Crocalor\n|-resisted|p2b: Crocalor\n|-damage|p2b: Crocalor|77\/100\n|-unboost|p2b: Crocalor|spa|1\n|move|p2b: Crocalor|Flamethrower|p1a: Fish Gallade\n|-resisted|p1a: Fish Gallade\n|-damage|p1a: Fish Gallade|20\/100 brn\n|\n|-damage|p1a: Fish Gallade|14\/100 brn|[from] brn\n|-damage|p1b: Tonsurephobia|52\/100 brn|[from] brn\n|upkeep\n|c|\u2606PurpleStyle|I would have protected the hydreigon\n|c|\u2606PurpleStyle|but it is just me being stupid lol, I shouldn't have forgotten\n|\n|t:|1682200204\n|switch|p2a: Flutter Mane|Flutter Mane, L50|88\/100\n|turn|9\n|\n|t:|1682200282\n|switch|p1a: Ficello|Gholdengo, L50|100\/100\n|move|p2a: Flutter Mane|Protect|p2a: Flutter Mane\n|-singleturn|p2a: Flutter Mane|Protect\n|move|p1b: Tonsurephobia|Spirit Break|p2a: Flutter Mane\n|-activate|p2a: Flutter Mane|move: Protect\n|move|p2b: Crocalor|Snarl|p1b: Tonsurephobia|[spread] p1a\n|-miss|p2b: Crocalor|p1b: Tonsurephobia\n|-supereffective|p1a: Ficello\n|-damage|p1a: Ficello|96\/100\n|-unboost|p1a: Ficello|spa|1\n|\n|-heal|p2a: Flutter Mane|94\/100|[from] item: Leftovers\n|-damage|p1b: Tonsurephobia|46\/100 brn|[from] brn\n|upkeep\n|turn|10\n|\n|t:|1682200369\n|move|p2a: Flutter Mane|Substitute|p2a: Flutter Mane\n|-start|p2a: Flutter Mane|Substitute\n|-damage|p2a: Flutter Mane|69\/100\n|move|p1a: Ficello|Shadow Ball|p2a: Flutter Mane\n|-supereffective|p2a: Flutter Mane\n|-end|p2a: Flutter Mane|Substitute\n|move|p1b: Tonsurephobia|Spirit Break|p2a: Flutter Mane\n|-damage|p2a: Flutter Mane|45\/100\n|-unboost|p2a: Flutter Mane|spa|1\n|move|p2b: Crocalor|Snarl|p1b: Tonsurephobia|[spread] p1a,p1b\n|-supereffective|p1a: Ficello\n|-resisted|p1b: Tonsurephobia\n|-damage|p1a: Ficello|92\/100\n|-damage|p1b: Tonsurephobia|46\/100 brn\n|-unboost|p1a: Ficello|spa|1\n|-unboost|p1b: Tonsurephobia|spa|1\n|\n|-heal|p2a: Flutter Mane|51\/100|[from] item: Leftovers\n|-damage|p1b: Tonsurephobia|40\/100 brn|[from] brn\n|-sideend|p1: Heaven64|move: Light Screen\n|upkeep\n|turn|11\n|\n|t:|1682200434\n|move|p1b: Tonsurephobia|Light Screen|p1b: Tonsurephobia\n|-sidestart|p1: Heaven64|move: Light Screen\n|move|p2a: Flutter Mane|Shadow Ball|p1a: Ficello\n|-supereffective|p1a: Ficello\n|-damage|p1a: Ficello|72\/100\n|move|p1a: Ficello|Shadow Ball|p2b: Crocalor\n|-damage|p2b: Crocalor|44\/100\n|move|p2b: Crocalor|Snarl|p1a: Ficello|[spread] p1a,p1b\n|-supereffective|p1a: Ficello\n|-resisted|p1b: Tonsurephobia\n|-damage|p1a: Ficello|68\/100\n|-damage|p1b: Tonsurephobia|39\/100 brn\n|-unboost|p1a: Ficello|spa|1\n|-unboost|p1b: Tonsurephobia|spa|1\n|\n|-heal|p2a: Flutter Mane|57\/100|[from] item: Leftovers\n|-damage|p1b: Tonsurephobia|33\/100 brn|[from] brn\n|upkeep\n|turn|12\n|\n|t:|1682200468\n|move|p2a: Flutter Mane|Protect|p2a: Flutter Mane\n|-singleturn|p2a: Flutter Mane|Protect\n|move|p1a: Ficello|Shadow Ball|p2b: Crocalor\n|-damage|p2b: Crocalor|10\/100\n|-unboost|p2b: Crocalor|spd|1\n|move|p1b: Tonsurephobia|Spirit Break|p2a: Flutter Mane\n|-activate|p2a: Flutter Mane|move: Protect\n|move|p2b: Crocalor|Slack Off|p2b: Crocalor\n|-heal|p2b: Crocalor|60\/100\n|\n|-heal|p2a: Flutter Mane|64\/100|[from] item: Leftovers\n|-damage|p1b: Tonsurephobia|27\/100 brn|[from] brn\n|upkeep\n|turn|13\n|\n|t:|1682200502\n|move|p2a: Flutter Mane|Substitute|p2a: Flutter Mane\n|-start|p2a: Flutter Mane|Substitute\n|-damage|p2a: Flutter Mane|39\/100\n|move|p1a: Ficello|Shadow Ball|p2a: Flutter Mane\n|-supereffective|p2a: Flutter Mane\n|-end|p2a: Flutter Mane|Substitute\n|move|p1b: Tonsurephobia|Spirit Break|p2a: Flutter Mane\n|-damage|p2a: Flutter Mane|14\/100\n|-unboost|p2a: Flutter Mane|spa|1\n|move|p2b: Crocalor|Slack Off|p2b: Crocalor\n|-heal|p2b: Crocalor|100\/100\n|\n|-heal|p2a: Flutter Mane|20\/100|[from] item: Leftovers\n|-damage|p1b: Tonsurephobia|21\/100 brn|[from] brn\n|upkeep\n|turn|14\n|\n|t:|1682200519\n|move|p2a: Flutter Mane|Protect|p2a: Flutter Mane\n|-singleturn|p2a: Flutter Mane|Protect\n|move|p1a: Ficello|Shadow Ball|p2b: Crocalor\n|-damage|p2b: Crocalor|46\/100\n|move|p1b: Tonsurephobia|Spirit Break|p2a: Flutter Mane\n|-activate|p2a: Flutter Mane|move: Protect\n|move|p2b: Crocalor|Snarl|p1a: Ficello|[spread] p1a,p1b\n|-supereffective|p1a: Ficello\n|-resisted|p1b: Tonsurephobia\n|-damage|p1a: Ficello|63\/100\n|-damage|p1b: Tonsurephobia|21\/100 brn\n|-unboost|p1a: Ficello|spa|1\n|-unboost|p1b: Tonsurephobia|spa|1\n|\n|-heal|p2a: Flutter Mane|26\/100|[from] item: Leftovers\n|-damage|p1b: Tonsurephobia|15\/100 brn|[from] brn\n|upkeep\n|turn|15\n|\n|t:|1682200575\n|move|p2a: Flutter Mane|Moonblast|p1b: Tonsurephobia\n|-supereffective|p1b: Tonsurephobia\n|-enditem|p1b: Tonsurephobia|Roseli Berry|[eat]\n|-enditem|p1b: Tonsurephobia|Roseli Berry|[weaken]\n|-damage|p1b: Tonsurephobia|0 fnt\n|faint|p1b: Tonsurephobia\n|move|p1a: Ficello|Shadow Ball|p2a: Flutter Mane\n|-supereffective|p2a: Flutter Mane\n|-damage|p2a: Flutter Mane|0 fnt\n|faint|p2a: Flutter Mane\n|-end|p2a: Flutter Mane|Protosynthesis|[silent]\n|move|p2b: Crocalor|Slack Off|p2b: Crocalor\n|-heal|p2b: Crocalor|96\/100\n|\n|-sideend|p1: Heaven64|move: Light Screen\n|upkeep\n|\n|t:|1682200585\n|switch|p1b: Fish Gallade|Veluza, L50, M|14\/100 brn\n|turn|16\n|\n|t:|1682200618\n|move|p1b: Fish Gallade|Aqua Cutter|p2b: Crocalor\n|-supereffective|p2b: Crocalor\n|-crit|p2b: Crocalor\n|-damage|p2b: Crocalor|54\/100\n|move|p1a: Ficello|Shadow Ball|p2b: Crocalor\n|-damage|p2b: Crocalor|3\/100\n|move|p2b: Crocalor|Snarl|p1b: Fish Gallade|[spread] p1a,p1b\n|-supereffective|p1a: Ficello\n|-supereffective|p1b: Fish Gallade\n|-damage|p1a: Ficello|57\/100\n|-damage|p1b: Fish Gallade|3\/100 brn\n|-unboost|p1a: Ficello|spa|1\n|-unboost|p1b: Fish Gallade|spa|1\n|\n|-damage|p1b: Fish Gallade|0 fnt|[from] brn\n|faint|p1b: Fish Gallade\n|upkeep\n|turn|17\n|c|\u2606Heaven64|GG\n|c|\u2606PurpleStyle|gg\n|\n|t:|1682200638\n|move|p1a: Ficello|Shadow Ball|p2b: Crocalor\n|-damage|p2b: Crocalor|0 fnt\n|faint|p2b: Crocalor\n|\n|win|Heaven64\n","uploadtime":1682200798,"views":8,"p1id":"heaven64","p2id":"purplestyle","formatid":"gen9vgc2023regulationc","rating":0,"private":0,"password":""}