{"id":"gen9vgc2023regulationc-1858625992","p1":"arcaninesrules","p2":"razor Pikachu","format":"[Gen 9] VGC 2023 Regulation C","log":"|j|\u2606arcaninesrules\n|j|\u2606razor Pikachu\n|t:|1683334047\n|gametype|doubles\n|player|p1|arcaninesrules|266|1180\n|player|p2|razor Pikachu|266|1161\n|teamsize|p1|6\n|teamsize|p2|6\n|gen|9\n|tier|[Gen 9] VGC 2023 Regulation C\n|rated|\n|rule|Species Clause: Limit one of each Pok\u00e9mon\n|rule|Item Clause: Limit one of each item\n|clearpoke\n|poke|p1|Chi-Yu, L50|\n|poke|p1|Flutter Mane, L50|\n|poke|p1|Chien-Pao, L50|\n|poke|p1|Gyarados, L50, M|\n|poke|p1|Amoonguss, L50, F|\n|poke|p1|Iron Hands, L50|\n|poke|p2|Arcanine, L50, F|\n|poke|p2|Azumarill, L50, F|\n|poke|p2|Iron Treads, L50|\n|poke|p2|Brute Bonnet, L50|\n|poke|p2|Muk, L50, F|\n|poke|p2|Ampharos, L50, F|\n|teampreview|4\n|inactive|Battle timer is ON: inactive players will automatically lose when time's up. (requested by arcaninesrules)\narcaninesrules has agreed to open team sheets.\n|\n|t:|1683334087\n|start\n|switch|p1a: Iron Hands|Iron Hands, L50|100\/100\n|switch|p1b: Gyarados|Gyarados, L50, M|100\/100\n|switch|p2a: Ampharos|Ampharos, L50, F|100\/100\n|switch|p2b: Muk|Muk, L50, F|100\/100\n|-ability|p1b: Gyarados|Intimidate|boost\n|-unboost|p2a: Ampharos|atk|1\n|-unboost|p2b: Muk|atk|1\n|turn|1\n|\n|t:|1683334105\n|-terastallize|p1b: Gyarados|Steel\n|move|p1a: Iron Hands|Fake Out|p2b: Muk\n|-damage|p2b: Muk|84\/100\n|move|p1b: Gyarados|Dragon Dance|p1b: Gyarados\n|-boost|p1b: Gyarados|atk|1\n|-boost|p1b: Gyarados|spe|1\n|move|p2a: Ampharos|Electroweb|p1a: Iron Hands|[spread] p1a,p1b\n|-resisted|p1a: Iron Hands\n|-damage|p1a: Iron Hands|95\/100\n|-damage|p1b: Gyarados|80\/100\n|-unboost|p1a: Iron Hands|spe|1\n|-unboost|p1b: Gyarados|spe|1\n|cant|p2b: Muk|flinch\n|\n|upkeep\n|turn|2\n|inactive|razor Pikachu has 30 seconds left.\n|\n|t:|1683334130\n|move|p1b: Gyarados|Iron Head|p2b: Muk\n|-damage|p2b: Muk|30\/100\n|move|p2a: Ampharos|Electroweb|p1a: Iron Hands|[spread] p1a,p1b\n|-resisted|p1a: Iron Hands\n|-damage|p1a: Iron Hands|90\/100\n|-damage|p1b: Gyarados|62\/100\n|-unboost|p1a: Iron Hands|spe|1\n|-unboost|p1b: Gyarados|spe|1\n|move|p2b: Muk|Fling|p1b: Gyarados\n|-damage|p1b: Gyarados|55\/100\n|-status|p1b: Gyarados|par\n|-enditem|p2b: Muk|Light Ball|[from] move: Fling\n|move|p1a: Iron Hands|Drain Punch|p2a: Ampharos\n|-damage|p2a: Ampharos|63\/100\n|-heal|p1a: Iron Hands|100\/100|[from] drain|[of] p2a: Ampharos\n|\n|upkeep\n|turn|3\n|\n|t:|1683334147\n|move|p2a: Ampharos|Dazzling Gleam|p1a: Iron Hands|[spread] p1a,p1b\n|-supereffective|p1a: Iron Hands\n|-resisted|p1b: Gyarados\n|-damage|p1a: Iron Hands|79\/100\n|-damage|p1b: Gyarados|46\/100 par\n|move|p2b: Muk|Poison Gas||[still]|[spread] p1a,p1b\n|-status|p1a: Iron Hands|psn\n|-fail|p2b: Muk\n|move|p1b: Gyarados|Iron Head|p2b: Muk\n|-damage|p2b: Muk|0 fnt\n|faint|p2b: Muk\n|move|p1a: Iron Hands|Drain Punch|p2a: Ampharos\n|-damage|p2a: Ampharos|22\/100\n|-heal|p1a: Iron Hands|95\/100 psn|[from] drain|[of] p2a: Ampharos\n|\n|-damage|p1a: Iron Hands|83\/100 psn|[from] psn\n|upkeep\n|\n|t:|1683334154\n|switch|p2b: Iron Treads|Iron Treads, L50|100\/100\n|-enditem|p2b: Iron Treads|Booster Energy\n|-activate|p2b: Iron Treads|ability: Quark Drive|[fromitem]\n|-start|p2b: Iron Treads|quarkdrivespe\n|turn|4\n|\n|t:|1683334168\n|-end|p1a: Iron Hands|Quark Drive|[silent]\n|switch|p1a: Amoonguss|Amoonguss, L50, F|100\/100\n|move|p2b: Iron Treads|Stomping Tantrum|p1a: Amoonguss\n|-damage|p1a: Amoonguss|73\/100\n|move|p2a: Ampharos|Thunderbolt|p1b: Gyarados\n|-damage|p1b: Gyarados|2\/100 par\n|move|p1b: Gyarados|Waterfall|p2b: Iron Treads\n|-supereffective|p2b: Iron Treads\n|-damage|p2b: Iron Treads|6\/100\n|\n|-heal|p1a: Amoonguss|79\/100|[from] item: Leftovers\n|upkeep\n|turn|5\n|\n|t:|1683334179\n|move|p2b: Iron Treads|Protect|p2b: Iron Treads\n|-singleturn|p2b: Iron Treads|Protect\n|move|p2a: Ampharos|Electroweb|p1b: Gyarados|[spread] p1a,p1b\n|-resisted|p1a: Amoonguss\n|-damage|p1a: Amoonguss|70\/100\n|-damage|p1b: Gyarados|0 fnt\n|-unboost|p1a: Amoonguss|spe|1\n|faint|p1b: Gyarados\n|move|p1a: Amoonguss|Spore|p2a: Ampharos\n|-status|p2a: Ampharos|slp|[from] move: Spore\n|\n|-heal|p1a: Amoonguss|76\/100|[from] item: Leftovers\n|upkeep\n|\n|t:|1683334182\n|switch|p1b: Iron Hands|Iron Hands, L50|83\/100 psn\n|turn|6\n|\n|t:|1683334192\n|-end|p2b: Iron Treads|Quark Drive|[silent]\n|switch|p2b: Azumarill|Azumarill, L50, F|100\/100\n|move|p1b: Iron Hands|Fake Out|p2b: Azumarill\n|-damage|p2b: Azumarill|87\/100\n|cant|p2a: Ampharos|slp\n|move|p1a: Amoonguss|Pollen Puff|p1b: Iron Hands\n|-heal|p1b: Iron Hands|100\/100 psn\n|\n|-heal|p1a: Amoonguss|82\/100|[from] item: Leftovers\n|-damage|p1b: Iron Hands|88\/100 psn|[from] psn\n|upkeep\n|turn|7\n|\n|t:|1683334207\n|switch|p1a: Chien-Pao|Chien-Pao, L50|100\/100\n|-ability|p1a: Chien-Pao|Sword of Ruin\n|move|p1b: Iron Hands|Wild Charge|p2b: Azumarill\n|-supereffective|p2b: Azumarill\n|-damage|p2b: Azumarill|0 fnt\n|faint|p2b: Azumarill\n|-damage|p1b: Iron Hands|70\/100 psn|[from] Recoil\n|-curestatus|p2a: Ampharos|slp|[msg]\n|move|p2a: Ampharos|Dazzling Gleam|p1b: Iron Hands|[spread] p1a,p1b\n|-supereffective|p1a: Chien-Pao\n|-supereffective|p1b: Iron Hands\n|-damage|p1a: Chien-Pao|32\/100\n|-damage|p1b: Iron Hands|49\/100 psn\n|\n|-damage|p1b: Iron Hands|37\/100 psn|[from] psn\n|upkeep\n|\n|t:|1683334220\n|switch|p2b: Iron Treads|Iron Treads, L50|6\/100\n|turn|8\n|\n|t:|1683334227\n|-end|p1b: Iron Hands|Quark Drive|[silent]\n|switch|p1b: Amoonguss|Amoonguss, L50, F|100\/100\n|move|p1a: Chien-Pao|Protect|p1a: Chien-Pao\n|-singleturn|p1a: Chien-Pao|Protect\n|move|p2b: Iron Treads|Protect|p2b: Iron Treads\n|-singleturn|p2b: Iron Treads|Protect\n|move|p2a: Ampharos|Dazzling Gleam|p1a: Chien-Pao|[spread] p1b\n|-activate|p1a: Chien-Pao|move: Protect\n|-resisted|p1b: Amoonguss\n|-damage|p1b: Amoonguss|91\/100\n|\n|-heal|p1b: Amoonguss|97\/100|[from] item: Leftovers\n|upkeep\n|turn|9\n|\n|t:|1683334242\n|move|p1a: Chien-Pao|Ice Spinner|p2b: Iron Treads\n|-damage|p2b: Iron Treads|0 fnt\n|faint|p2b: Iron Treads\n|-end|p2b: Iron Treads|Quark Drive|[silent]\n|move|p2a: Ampharos|Electroweb|p1a: Chien-Pao|[spread] p1a,p1b\n|-resisted|p1b: Amoonguss\n|-damage|p1a: Chien-Pao|0 fnt\n|-damage|p1b: Amoonguss|88\/100\n|-unboost|p1b: Amoonguss|spe|1\n|faint|p1a: Chien-Pao\n|move|p1b: Amoonguss|Spore|p2a: Ampharos\n|-status|p2a: Ampharos|slp|[from] move: Spore\n|\n|-heal|p1b: Amoonguss|94\/100|[from] item: Leftovers\n|upkeep\n|-message|razor Pikachu forfeited.\n|\n|win|arcaninesrules\n|raw|arcaninesrules's rating: 1180 → 1204<\/strong> (+24 for winning)\n|raw|razor Pikachu's rating: 1161 → 1137<\/strong> (-24 for losing)\n|l|\u2606razor Pikachu\n|j| A Borygon\n","uploadtime":1683335739,"views":14,"p1id":"arcaninesrules","p2id":"razorpikachu","formatid":"gen9vgc2023regulationc","rating":1137,"private":0,"password":""}