{"id":"gen9vgc2023regulationc-1847525558","p1":"titahornofresco","p2":"cb-sooner","format":"[Gen 9] VGC 2023 Regulation C","log":"|j|\u2606titahornofresco\n|j|\u2606cb-sooner\n|t:|1681967323\n|gametype|doubles\n|player|p1|titahornofresco|unknown|1263\n|player|p2|cb-sooner|101|1192\n|teamsize|p1|6\n|teamsize|p2|6\n|gen|9\n|tier|[Gen 9] VGC 2023 Regulation C\n|rated|\n|rule|Species Clause: Limit one of each Pok\u00e9mon\n|rule|Item Clause: Limit one of each item\n|clearpoke\n|poke|p1|Amoonguss, L50, M|\n|poke|p1|Flutter Mane, L50|\n|poke|p1|Ting-Lu, L50|\n|poke|p1|Arcanine, L50, M|\n|poke|p1|Palafin, L50, M|\n|poke|p1|Iron Hands, L50|\n|poke|p2|Flutter Mane, L50|\n|poke|p2|Amoonguss, L50, M|\n|poke|p2|Iron Bundle, L50|\n|poke|p2|Palafin, L50, M|\n|poke|p2|Arcanine, L50, F|\n|poke|p2|Iron Hands, L50|\n|teampreview|4\ntitahornofresco has agreed to open team sheets.\n|inactive|Battle timer is ON: inactive players will automatically lose when time's up. (requested by cb-sooner)\n|\n|t:|1681967387\n|start\n|switch|p1a: Ting-Lu|Ting-Lu, L50|100\/100\n|switch|p1b: Iron Hands|Iron Hands, L50, shiny|100\/100\n|switch|p2a: Pengy|Iron Bundle, L50|100\/100\n|switch|p2b: Capsule J|Palafin, L50, M|100\/100\n|-ability|p1a: Ting-Lu|Vessel of Ruin\n|turn|1\n|inactive|cb-sooner has 30 seconds left.\n|inactive|titahornofresco has 30 seconds left.\n|inactive|titahornofresco has 20 seconds left.\n|\n|t:|1681967430\n|-end|p2a: Pengy|Quark Drive|[silent]\n|switch|p2a: Cappy|Amoonguss, L50, M|100\/100\n|detailschange|p2b: Capsule J|Palafin-Hero, L50, M\n|switch|p2b: Awoofy|Arcanine, L50, F|100\/100\n|-ability|p2b: Awoofy|Intimidate|boost\n|-unboost|p1a: Ting-Lu|atk|1\n|-unboost|p1b: Iron Hands|atk|1\n|-terastallize|p1a: Ting-Lu|Poison\n|move|p1b: Iron Hands|Drain Punch|p2a: Cappy\n|-resisted|p2a: Cappy\n|-damage|p2a: Cappy|88\/100\n|move|p1a: Ting-Lu|Stomping Tantrum|p2b: Awoofy\n|-supereffective|p2b: Awoofy\n|-damage|p2b: Awoofy|41\/100\n|\n|upkeep\n|turn|2\n|\n|t:|1681967450\n|-end|p1b: Iron Hands|Quark Drive|[silent]\n|switch|p1b: Arcanine|Arcanine, L50, M, shiny|100\/100\n|-ability|p1b: Arcanine|Intimidate|boost\n|-unboost|p2a: Cappy|atk|1\n|-unboost|p2b: Awoofy|atk|1\n|move|p2b: Awoofy|Protect|p2b: Awoofy\n|-singleturn|p2b: Awoofy|Protect\n|move|p1a: Ting-Lu|Stomping Tantrum|p2b: Awoofy\n|-activate|p2b: Awoofy|move: Protect\n|move|p2a: Cappy|Spore|p1b: Arcanine\n|-activate|p1b: Arcanine|item: Safety Goggles|Spore\n|\n|upkeep\n|turn|3\n|inactive|cb-sooner has 30 seconds left.\n|\n|t:|1681967476\n|switch|p2b: Capsule J|Palafin-Hero, L50, M|100\/100\n|-activate|p2b: Capsule J|ability: Zero to Hero\n|move|p1b: Arcanine|Howl|p1b: Arcanine|[spread] p1a,p1b\n|-boost|p1a: Ting-Lu|atk|1\n|-boost|p1b: Arcanine|atk|1\n|move|p1a: Ting-Lu|Stomping Tantrum|p2b: Capsule J\n|-damage|p2b: Capsule J|67\/100\n|move|p2a: Cappy|Spore|p1a: Ting-Lu\n|-status|p1a: Ting-Lu|slp|[from] move: Spore\n|-enditem|p1a: Ting-Lu|Lum Berry|[eat]\n|-curestatus|p1a: Ting-Lu|slp|[msg]\n|\n|upkeep\n|turn|4\n|inactive|titahornofresco has 30 seconds left.\n|inactive|cb-sooner has 30 seconds left.\n|\n|t:|1681967510\n|switch|p1a: Amoonguss|Amoonguss, L50, M, shiny|100\/100\n|-terastallize|p2b: Capsule J|Water\n|move|p1b: Arcanine|Protect|p1b: Arcanine\n|-singleturn|p1b: Arcanine|Protect\n|move|p2b: Capsule J|Wave Crash|p1b: Arcanine\n|-activate|p1b: Arcanine|move: Protect\n|move|p2a: Cappy|Spore|p1a: Amoonguss\n|-immune|p1a: Amoonguss\n|\n|upkeep\n|turn|5\n|inactive|titahornofresco has 30 seconds left.\n|inactive|titahornofresco has 20 seconds left.\n|\n|t:|1681967546\n|switch|p2b: Awoofy|Arcanine, L50, F|41\/100\n|-ability|p2b: Awoofy|Intimidate|boost\n|-unboost|p1a: Amoonguss|atk|1\n|-unboost|p1b: Arcanine|atk|1\n|move|p2a: Cappy|Protect|p2a: Cappy\n|-singleturn|p2a: Cappy|Protect\n|move|p1b: Arcanine|Flare Blitz|p2a: Cappy\n|-activate|p2a: Cappy|move: Protect\n|move|p1a: Amoonguss|Spore|p2b: Awoofy\n|-activate|p2b: Awoofy|item: Safety Goggles|Spore\n|\n|upkeep\n|turn|6\n|inactive|titahornofresco has 30 seconds left.\n|inactive|cb-sooner has 30 seconds left.\n|inactive|titahornofresco has 20 seconds left.\n|inactive|titahornofresco has 15 seconds left.\n|\n|t:|1681967586\n|switch|p1a: Ting-Lu|Ting-Lu, L50, tera:Poison|100\/100\n|-ability|p1a: Ting-Lu|Vessel of Ruin\n|switch|p2a: Capsule J|Palafin-Hero, L50, M, tera:Water|67\/100\n|move|p2b: Awoofy|Will-O-Wisp|p1a: Ting-Lu\n|-status|p1a: Ting-Lu|brn\n|move|p1b: Arcanine|Flare Blitz|p2a: Capsule J\n|-resisted|p2a: Capsule J\n|-damage|p2a: Capsule J|47\/100\n|-damage|p1b: Arcanine|93\/100|[from] Recoil\n|\n|-damage|p1a: Ting-Lu|94\/100 brn|[from] brn\n|upkeep\n|turn|7\n|inactive|titahornofresco has 30 seconds left.\n|inactive|cb-sooner has 30 seconds left.\n|inactive|titahornofresco has 20 seconds left.\n|inactive|titahornofresco has 15 seconds left.\n|\n|t:|1681967629\n|move|p1b: Arcanine|Protect|p1b: Arcanine\n|-singleturn|p1b: Arcanine|Protect\n|move|p2a: Capsule J|Jet Punch|p1b: Arcanine\n|-activate|p1b: Arcanine|move: Protect\n|move|p2b: Awoofy|Flare Blitz|p1a: Ting-Lu\n|-damage|p1a: Ting-Lu|61\/100 brn\n|-damage|p2b: Awoofy|27\/100|[from] Recoil\n|move|p1a: Ting-Lu|Stomping Tantrum|p2b: Awoofy\n|-supereffective|p2b: Awoofy\n|-damage|p2b: Awoofy|0 fnt\n|faint|p2b: Awoofy\n|\n|-damage|p1a: Ting-Lu|55\/100 brn|[from] brn\n|upkeep\n|\n|t:|1681967650\n|switch|p2b: Pengy|Iron Bundle, L50|100\/100\n|turn|8\n|inactive|titahornofresco has 30 seconds left.\n|inactive|titahornofresco has 20 seconds left.\n|inactive|titahornofresco has 15 seconds left.\n|inactive|titahornofresco has 10 seconds left.\n|inactive|titahornofresco has 5 seconds left.\n|\n|t:|1681967702\n|switch|p1b: Amoonguss|Amoonguss, L50, M, shiny|100\/100\n|move|p2a: Capsule J|Protect|p2a: Capsule J\n|-singleturn|p2a: Capsule J|Protect\n|move|p2b: Pengy|Hydro Pump|p1b: Amoonguss\n|-resisted|p1b: Amoonguss\n|-damage|p1b: Amoonguss|82\/100\n|move|p1a: Ting-Lu|Fissure|p2b: Pengy\n|-enditem|p2b: Pengy|Focus Sash\n|-damage|p2b: Pengy|1\/100\n|\n|-damage|p1a: Ting-Lu|49\/100 brn|[from] brn\n|upkeep\n|turn|9\n|inactive|titahornofresco has 30 seconds left.\n|inactive|titahornofresco has 20 seconds left.\n|\n|t:|1681967741\n|move|p1b: Amoonguss|Protect|p1b: Amoonguss\n|-singleturn|p1b: Amoonguss|Protect\n|move|p2b: Pengy|Freeze-Dry|p1b: Amoonguss\n|-activate|p1b: Amoonguss|move: Protect\n|move|p2a: Capsule J|Wave Crash|p1a: Ting-Lu\n|-damage|p1a: Ting-Lu|0 fnt\n|faint|p1a: Ting-Lu\n|-damage|p2a: Capsule J|29\/100|[from] Recoil\n|\n|upkeep\n|\n|t:|1681967761\n|switch|p1a: Arcanine|Arcanine, L50, M, shiny|93\/100\n|-ability|p1a: Arcanine|Intimidate|boost\n|-unboost|p2a: Capsule J|atk|1\n|-unboost|p2b: Pengy|atk|1\n|turn|10\n|inactive|cb-sooner has 30 seconds left.\n|inactive|cb-sooner has 20 seconds left.\n|inactive|cb-sooner has 15 seconds left.\n|inactive|cb-sooner has 10 seconds left.\n|inactive|cb-sooner has 5 seconds left.\n|\n|t:|1681967812\n|switch|p2a: Cappy|Amoonguss, L50, M|100\/100\n|move|p1b: Amoonguss|Rage Powder|p1b: Amoonguss\n|-singleturn|p1b: Amoonguss|move: Rage Powder\n|move|p2b: Pengy|Freeze-Dry|p1b: Amoonguss\n|-supereffective|p1b: Amoonguss\n|-damage|p1b: Amoonguss|22\/100\n|-enditem|p1b: Amoonguss|Sitrus Berry|[eat]\n|-heal|p1b: Amoonguss|47\/100|[from] item: Sitrus Berry\n|move|p1a: Arcanine|Flare Blitz|p2b: Pengy\n|-damage|p2b: Pengy|0 fnt\n|faint|p2b: Pengy\n|-end|p2b: Pengy|Quark Drive|[silent]\n|-damage|p1a: Arcanine|93\/100|[from] Recoil\n|\n|upkeep\n|\n|t:|1681967816\n|switch|p2b: Capsule J|Palafin-Hero, L50, M, tera:Water|29\/100\n|turn|11\n|inactive|titahornofresco has 30 seconds left.\n|inactive|cb-sooner has 30 seconds left.\n|inactive|cb-sooner has 20 seconds left.\n|inactive|cb-sooner has 15 seconds left.\n|\n|t:|1681967860\n|move|p1b: Amoonguss|Rage Powder|p1b: Amoonguss\n|-singleturn|p1b: Amoonguss|move: Rage Powder\n|move|p2b: Capsule J|Jet Punch|p1b: Amoonguss\n|-resisted|p1b: Amoonguss\n|-damage|p1b: Amoonguss|20\/100\n|move|p1a: Arcanine|Flare Blitz|p2b: Capsule J\n|-resisted|p2b: Capsule J\n|-damage|p2b: Capsule J|9\/100\n|-damage|p1a: Arcanine|86\/100|[from] Recoil\n|move|p2a: Cappy|Pollen Puff|p2b: Capsule J\n|-heal|p2b: Capsule J|58\/100\n|\n|upkeep\n|turn|12\n|\n|t:|1681967882\n|move|p1b: Amoonguss|Rage Powder|p1b: Amoonguss\n|-singleturn|p1b: Amoonguss|move: Rage Powder\n|move|p1a: Arcanine|Will-O-Wisp|p2b: Capsule J\n|-status|p2b: Capsule J|brn\n|move|p2b: Capsule J|Wave Crash|p1b: Amoonguss\n|-resisted|p1b: Amoonguss\n|-damage|p1b: Amoonguss|0 fnt\n|faint|p1b: Amoonguss\n|-damage|p2b: Capsule J|52\/100 brn|[from] Recoil\n|move|p2a: Cappy|Pollen Puff|p2b: Capsule J\n|-heal|p2b: Capsule J|100\/100 brn\n|\n|-damage|p2b: Capsule J|95\/100 brn|[from] brn\n|upkeep\n|c|\u2606cb-sooner|gg\n|\n|t:|1681967893\n|switch|p1b: Iron Hands|Iron Hands, L50, shiny|100\/100\n|turn|13\n|c|\u2606cb-sooner|oop\n|inactive|titahornofresco has 30 seconds left.\n|c|\u2606cb-sooner|my b\n|c|\u2606cb-sooner|you got me\n|c|\u2606cb-sooner|gg\n|inactive|titahornofresco has 20 seconds left.\n|\n|t:|1681967913\n|move|p2b: Capsule J|Protect|p2b: Capsule J\n|-singleturn|p2b: Capsule J|Protect\n|move|p1a: Arcanine|Flare Blitz|p2a: Cappy\n|-supereffective|p2a: Cappy\n|-damage|p2a: Cappy|21\/100\n|-enditem|p2a: Cappy|Sitrus Berry|[eat]\n|-heal|p2a: Cappy|46\/100|[from] item: Sitrus Berry\n|-damage|p1a: Arcanine|56\/100|[from] Recoil\n|move|p1b: Iron Hands|Wild Charge|p2b: Capsule J\n|-activate|p2b: Capsule J|move: Protect\n|move|p2a: Cappy|Spore|p1b: Iron Hands\n|-status|p1b: Iron Hands|slp|[from] move: Spore\n|\n|-damage|p2b: Capsule J|89\/100 brn|[from] brn\n|upkeep\n|turn|14\n|inactive|titahornofresco has 20 seconds left this turn.\n|inactive|titahornofresco has 15 seconds left.\n|inactive|titahornofresco has 10 seconds left.\n|\n|t:|1681967932\n|move|p1a: Arcanine|Protect|p1a: Arcanine\n|-singleturn|p1a: Arcanine|Protect\n|move|p2a: Cappy|Protect|p2a: Cappy\n|-singleturn|p2a: Cappy|Protect\n|move|p2b: Capsule J|Wave Crash|p1a: Arcanine\n|-activate|p1a: Arcanine|move: Protect\n|cant|p1b: Iron Hands|slp\n|\n|-damage|p2b: Capsule J|83\/100 brn|[from] brn\n|upkeep\n|turn|15\n|inactive|titahornofresco has 10 seconds left this turn.\n|\n|t:|1681967942\n|move|p2a: Cappy|Protect|p2a: Cappy\n|-singleturn|p2a: Cappy|Protect\n|move|p1a: Arcanine|Flare Blitz|p2a: Cappy\n|-activate|p2a: Cappy|move: Protect\n|move|p2b: Capsule J|Wave Crash|p1a: Arcanine\n|-supereffective|p1a: Arcanine\n|-damage|p1a: Arcanine|0 fnt\n|faint|p1a: Arcanine\n|-damage|p2b: Capsule J|66\/100 brn|[from] Recoil\n|cant|p1b: Iron Hands|slp\n|\n|-damage|p2b: Capsule J|60\/100 brn|[from] brn\n|upkeep\n|turn|16\n|inactive|titahornofresco has 10 seconds left this turn.\n|inactive|cb-sooner has 30 seconds left.\n|\n|t:|1681967969\n|move|p2b: Capsule J|Wave Crash|p1b: Iron Hands\n|-damage|p1b: Iron Hands|54\/100 slp\n|-damage|p2b: Capsule J|42\/100 brn|[from] Recoil\n|cant|p1b: Iron Hands|slp\n|move|p2a: Cappy|Spore|p1b: Iron Hands\n|-fail|p1b: Iron Hands|slp\n|\n|-damage|p2b: Capsule J|36\/100 brn|[from] brn\n|upkeep\n|turn|17\n|inactive|titahornofresco has 10 seconds left this turn.\n|\n|t:|1681967976\n|move|p2b: Capsule J|Protect|p2b: Capsule J\n|-singleturn|p2b: Capsule J|Protect\n|-curestatus|p1b: Iron Hands|slp|[msg]\n|move|p1b: Iron Hands|Wild Charge|p2b: Capsule J\n|-activate|p2b: Capsule J|move: Protect\n|move|p2a: Cappy|Spore|p1b: Iron Hands\n|-status|p1b: Iron Hands|slp|[from] move: Spore\n|\n|-damage|p2b: Capsule J|30\/100 brn|[from] brn\n|upkeep\n|turn|18\n|inactive|titahornofresco has 10 seconds left this turn.\n|\n|t:|1681967985\n|move|p2b: Capsule J|Wave Crash|p1b: Iron Hands\n|-damage|p1b: Iron Hands|12\/100 slp\n|-damage|p2b: Capsule J|15\/100 brn|[from] Recoil\n|cant|p1b: Iron Hands|slp\n|move|p2a: Cappy|Pollen Puff|p2b: Capsule J\n|-heal|p2b: Capsule J|64\/100 brn\n|\n|-damage|p2b: Capsule J|58\/100 brn|[from] brn\n|upkeep\n|turn|19\n|inactive|titahornofresco has 10 seconds left this turn.\n|\n|t:|1681967990\n|move|p2b: Capsule J|Wave Crash|p1b: Iron Hands\n|-damage|p1b: Iron Hands|0 fnt\n|faint|p1b: Iron Hands\n|-end|p1b: Iron Hands|Quark Drive|[silent]\n|-damage|p2b: Capsule J|54\/100 brn|[from] Recoil\n|\n|win|cb-sooner\n|inactive|titahornofresco has 10 seconds left this turn.\n|raw|titahornofresco's rating: 1263 → 1233<\/strong> (-30 for losing)\n|raw|cb-sooner's rating: 1192 → 1222<\/strong> (+30 for winning)\n|l|\u2606titahornofresco\n|c|\u2606cb-sooner|gg\n","uploadtime":1681968022,"views":9,"p1id":"titahornofresco","p2id":"cbsooner","formatid":"gen9vgc2023regulationc","rating":1222,"private":0,"password":""}