{"id":"gen9vgc2023regulationc-1846947620","p1":"RitmanTesting1","p2":"tommy2436","format":"[Gen 9] VGC 2023 Regulation C","log":"|j|\u2606RitmanTesting1\n|j|\u2606tommy2436\n|t:|1681904790\n|gametype|doubles\n|player|p1|RitmanTesting1|byron|1436\n|player|p2|tommy2436|266|1514\n|teamsize|p1|6\n|teamsize|p2|6\n|gen|9\n|tier|[Gen 9] VGC 2023 Regulation C\n|rated|\n|rule|Species Clause: Limit one of each Pok\u00e9mon\n|rule|Item Clause: Limit one of each item\n|clearpoke\n|poke|p1|Chi-Yu, L50|\n|poke|p1|Flutter Mane, L50|\n|poke|p1|Gyarados, L50, M|\n|poke|p1|Brute Bonnet, L50|\n|poke|p1|Baxcalibur, L50, F|\n|poke|p1|Glimmora, L50, F|\n|poke|p2|Garchomp, L50, F|\n|poke|p2|Talonflame, L50, M|\n|poke|p2|Chien-Pao, L50|\n|poke|p2|Flutter Mane, L50|\n|poke|p2|Farigiraf, L50, F|\n|poke|p2|Gyarados, L50, F|\n|teampreview|4\n|inactive|Battle timer is ON: inactive players will automatically lose when time's up. (requested by RitmanTesting1)\nRitmanTesting1 has agreed to open team sheets.\n|inactive|RitmanTesting1 has 60 seconds left.\n|inactive|tommy2436 has 60 seconds left.\n|\n|t:|1681904843\n|start\n|switch|p1a: Glimmora|Glimmora, L50, F|100\/100\n|switch|p1b: Gyarados|Gyarados, L50, M|100\/100\n|switch|p2a: Flutter Mane|Flutter Mane, L50|100\/100\n|switch|p2b: Farigiraf|Farigiraf, L50, F|100\/100\n|-ability|p1b: Gyarados|Intimidate|boost\n|-unboost|p2a: Flutter Mane|atk|1\n|-unboost|p2b: Farigiraf|atk|1\n|-enditem|p2a: Flutter Mane|Booster Energy\n|-activate|p2a: Flutter Mane|ability: Protosynthesis|[fromitem]\n|-start|p2a: Flutter Mane|protosynthesisspa\n|turn|1\n|inactive|tommy2436 has 30 seconds left.\n|inactive|tommy2436 has 20 seconds left.\n|\n|t:|1681904880\n|move|p2a: Flutter Mane|Power Gem|p1b: Gyarados\n|-supereffective|p1b: Gyarados\n|-damage|p1b: Gyarados|26\/100\n|move|p1b: Gyarados|Waterfall|p2a: Flutter Mane\n|-damage|p2a: Flutter Mane|35\/100\n|move|p1a: Glimmora|Sludge Bomb|p2a: Flutter Mane\n|-damage|p2a: Flutter Mane|0 fnt\n|faint|p2a: Flutter Mane\n|-end|p2a: Flutter Mane|Protosynthesis|[silent]\n|move|p2b: Farigiraf|Hyper Voice|p1b: Gyarados|[spread] p1a,p1b\n|-resisted|p1a: Glimmora\n|-damage|p1a: Glimmora|89\/100\n|-damage|p1b: Gyarados|0 fnt\n|faint|p1b: Gyarados\n|-enditem|p2b: Farigiraf|Throat Spray\n|-boost|p2b: Farigiraf|spa|1|[from] item: Throat Spray\n|\n|upkeep\n|\n|t:|1681904904\n|switch|p2a: Garchomp|Garchomp, L50, F|100\/100\n|switch|p1b: Brute Bonnet|Brute Bonnet, L50|100\/100\n|turn|2\n|inactive|RitmanTesting1 has 30 seconds left.\n|inactive|tommy2436 has 30 seconds left.\n|\n|t:|1681904933\n|-terastallize|p1a: Glimmora|Grass\n|-terastallize|p2b: Farigiraf|Normal\n|move|p2a: Garchomp|Swords Dance|p2a: Garchomp\n|-boost|p2a: Garchomp|atk|2\n|move|p1a: Glimmora|Power Gem|p2b: Farigiraf\n|-crit|p2b: Farigiraf\n|-damage|p2b: Farigiraf|31\/100\n|move|p2b: Farigiraf|Hyper Voice|p1a: Glimmora|[spread] p1a,p1b\n|-damage|p1a: Glimmora|38\/100\n|-damage|p1b: Brute Bonnet|50\/100\n|-enditem|p1b: Brute Bonnet|Sitrus Berry|[eat]\n|-heal|p1b: Brute Bonnet|75\/100|[from] item: Sitrus Berry\n|move|p1b: Brute Bonnet|Spore|p2a: Garchomp\n|-status|p2a: Garchomp|slp|[from] move: Spore\n|-enditem|p2a: Garchomp|Lum Berry|[eat]\n|-curestatus|p2a: Garchomp|slp|[msg]\n|\n|upkeep\n|turn|3\n|inactive|RitmanTesting1 has 30 seconds left.\n|inactive|tommy2436 has 30 seconds left.\n|inactive|RitmanTesting1 has 20 seconds left.\n|inactive|tommy2436 has 20 seconds left.\n|inactive|RitmanTesting1 has 15 seconds left.\n|inactive|tommy2436 has 15 seconds left.\n|inactive|tommy2436 has 10 seconds left.\n|inactive|RitmanTesting1 has 10 seconds left.\n|inactive|tommy2436 has 5 seconds left.\n|\n|t:|1681904984\n|switch|p2b: Gyarados|Gyarados, L50, F|100\/100\n|-ability|p2b: Gyarados|Intimidate|boost\n|-unboost|p1a: Glimmora|atk|1\n|-unboost|p1b: Brute Bonnet|atk|1\n|move|p2a: Garchomp|Earthquake|p1a: Glimmora|[spread] p1a,p1b\n|-immune|p2b: Gyarados\n|-resisted|p1a: Glimmora\n|-resisted|p1b: Brute Bonnet\n|-damage|p1a: Glimmora|0 fnt\n|-damage|p1b: Brute Bonnet|43\/100\n|-activate|p1a: Glimmora|ability: Toxic Debris\n|-sidestart|p2: tommy2436|move: Toxic Spikes\n|faint|p1a: Glimmora\n|move|p1b: Brute Bonnet|Spore|p2a: Garchomp\n|-status|p2a: Garchomp|slp|[from] move: Spore\n|\n|upkeep\n|\n|t:|1681904997\n|switch|p1a: Baxcalibur|Baxcalibur, L50, F|100\/100\n|turn|4\n|inactive|tommy2436 has 30 seconds left.\n|inactive|RitmanTesting1 has 30 seconds left.\n|inactive|tommy2436 has 20 seconds left.\n|inactive|tommy2436 has 15 seconds left.\n|\n|t:|1681905038\n|cant|p2a: Garchomp|slp\n|move|p1a: Baxcalibur|Icicle Spear|p2a: Garchomp\n|-supereffective|p2a: Garchomp\n|-damage|p2a: Garchomp|39\/100 slp\n|-supereffective|p2a: Garchomp\n|-damage|p2a: Garchomp|0 fnt\n|faint|p2a: Garchomp\n|-hitcount|p2: Garchomp|2\n|move|p2b: Gyarados|Taunt|p1b: Brute Bonnet\n|-start|p1b: Brute Bonnet|move: Taunt\n|cant|p1b: Brute Bonnet|move: Taunt|Spore\n|\n|upkeep\n|\n|t:|1681905048\n|switch|p2a: Farigiraf|Farigiraf, L50, F, tera:Normal|31\/100\n|-status|p2a: Farigiraf|psn\n|turn|5\n|\n|t:|1681905061\n|move|p1a: Baxcalibur|Icicle Spear|p2a: Farigiraf\n|-damage|p2a: Farigiraf|16\/100 psn\n|-damage|p2a: Farigiraf|1\/100 psn\n|-crit|p2a: Farigiraf\n|-damage|p2a: Farigiraf|0 fnt\n|faint|p2a: Farigiraf\n|-hitcount|p2: Farigiraf|3\n|move|p2b: Gyarados|Thunder Wave|p1a: Baxcalibur\n|-status|p1a: Baxcalibur|par\n|move|p1b: Brute Bonnet|Seed Bomb|p2b: Gyarados\n|-damage|p2b: Gyarados|73\/100\n|\n|upkeep\n|turn|6\n|\n|t:|1681905078\n|move|p1b: Brute Bonnet|Sucker Punch|p2b: Gyarados\n|-damage|p2b: Gyarados|50\/100\n|-enditem|p2b: Gyarados|Sitrus Berry|[eat]\n|-heal|p2b: Gyarados|74\/100|[from] item: Sitrus Berry\n|move|p2b: Gyarados|Iron Head|p1a: Baxcalibur\n|-supereffective|p1a: Baxcalibur\n|-crit|p1a: Baxcalibur\n|-damage|p1a: Baxcalibur|30\/100 par\n|cant|p1a: Baxcalibur|par\n|\n|-end|p1b: Brute Bonnet|move: Taunt\n|upkeep\n|turn|7\n|\n|t:|1681905096\n|move|p2b: Gyarados|Taunt|p1b: Brute Bonnet\n|-start|p1b: Brute Bonnet|move: Taunt\n|cant|p1b: Brute Bonnet|move: Taunt|Spore\n|move|p1a: Baxcalibur|Icicle Spear|p2b: Gyarados\n|-damage|p2b: Gyarados|58\/100\n|-damage|p2b: Gyarados|42\/100\n|-damage|p2b: Gyarados|25\/100\n|-damage|p2b: Gyarados|11\/100\n|-hitcount|p2b: Gyarados|4\n|\n|upkeep\n|turn|8\n|\n|t:|1681905109\n|move|p1b: Brute Bonnet|Sucker Punch|p2b: Gyarados\n|-damage|p2b: Gyarados|0 fnt\n|faint|p2b: Gyarados\n|\n|win|RitmanTesting1\n|raw|RitmanTesting1's rating: 1436 → 1460<\/strong> (+24 for winning)\n|raw|tommy2436's rating: 1514 → 1490<\/strong> (-24 for losing)\n","uploadtime":1681905130,"views":10,"p1id":"ritmantesting1","p2id":"tommy2436","formatid":"gen9vgc2023regulationc","rating":1460,"private":0,"password":""}