{"id":"gen9vgc2023regulationc-1858289749","p1":"MrrFishh","p2":"Seymorekun","format":"[Gen 9] VGC 2023 Regulation C","log":"|j|\u2606MrrFishh\n|j|\u2606Seymorekun\n|t:|1683298932\n|gametype|doubles\n|player|p1|MrrFishh|101|1184\n|player|p2|Seymorekun|benga|1174\n|teamsize|p1|6\n|teamsize|p2|6\n|gen|9\n|tier|[Gen 9] VGC 2023 Regulation C\n|rated|\n|rule|Species Clause: Limit one of each Pok\u00e9mon\n|rule|Item Clause: Limit one of each item\n|clearpoke\n|poke|p1|Ting-Lu, L50|\n|poke|p1|Amoonguss, L50, F|\n|poke|p1|Palafin, L50, M|\n|poke|p1|Chien-Pao, L50|\n|poke|p1|Arcanine, L50, F|\n|poke|p1|Flutter Mane, L50|\n|poke|p2|Chi-Yu, L50|\n|poke|p2|Gyarados, L50, F|\n|poke|p2|Iron Hands, L50|\n|poke|p2|Chien-Pao, L50|\n|poke|p2|Dragonite, L50, M|\n|poke|p2|Flutter Mane, L50|\n|teampreview|4\n|\n|t:|1683299003\n|start\n|switch|p1a: Palafin|Palafin, L50, M|100\/100\n|switch|p1b: Ting-Lu|Ting-Lu, L50|100\/100\n|switch|p2a: Gyarados|Gyarados, L50, F|100\/100\n|switch|p2b: Chi-Yu|Chi-Yu, L50|100\/100\n|-ability|p2b: Chi-Yu|Beads of Ruin\n|-ability|p2a: Gyarados|Intimidate|boost\n|-fail|p1a: Palafin|unboost|[from] item: Clear Amulet|[of] p1a: Palafin\n|-unboost|p1b: Ting-Lu|atk|1\n|-ability|p1b: Ting-Lu|Vessel of Ruin\n|turn|1\n|\n|t:|1683299028\n|switch|p1b: Arcanine|Arcanine, L50, F, shiny|100\/100\n|-ability|p1b: Arcanine|Intimidate|boost\n|-unboost|p2a: Gyarados|atk|1\n|-unboost|p2b: Chi-Yu|atk|1\n|move|p2b: Chi-Yu|Heat Wave|p1b: Arcanine|[spread] p1a,p1b\n|-resisted|p1a: Palafin\n|-resisted|p1b: Arcanine\n|-damage|p1a: Palafin|62\/100\n|-damage|p1b: Arcanine|76\/100\n|move|p1a: Palafin|Wave Crash|p2b: Chi-Yu\n|-supereffective|p2b: Chi-Yu\n|-damage|p2b: Chi-Yu|0 fnt\n|faint|p2b: Chi-Yu\n|-damage|p1a: Palafin|38\/100|[from] Recoil\n|move|p2a: Gyarados|Thunder Wave|p1a: Palafin\n|-status|p1a: Palafin|par\n|\n|upkeep\n|\n|t:|1683299044\n|switch|p2b: Iron Hands|Iron Hands, L50|100\/100\n|turn|2\n|\n|t:|1683299060\n|switch|p1b: Amoonguss|Amoonguss, L50, F, shiny|100\/100\n|detailschange|p1a: Palafin|Palafin-Hero, L50, M\n|switch|p1a: Ting-Lu|Ting-Lu, L50|100\/100\n|-ability|p1a: Ting-Lu|Vessel of Ruin\n|move|p2b: Iron Hands|Fake Out|p1b: Amoonguss\n|-damage|p1b: Amoonguss|88\/100\n|move|p2a: Gyarados|Waterfall|p1b: Amoonguss\n|-resisted|p1b: Amoonguss\n|-damage|p1b: Amoonguss|77\/100\n|\n|upkeep\n|turn|3\n|\n|t:|1683299084\n|move|p2a: Gyarados|Taunt|p1b: Amoonguss\n|-start|p1b: Amoonguss|move: Taunt\n|-enditem|p1b: Amoonguss|Mental Herb\n|-end|p1b: Amoonguss|move: Taunt\n|move|p2b: Iron Hands|Drain Punch|p1a: Ting-Lu\n|-supereffective|p1a: Ting-Lu\n|-damage|p1a: Ting-Lu|53\/100\n|move|p1a: Ting-Lu|Fissure|p2b: Iron Hands|[miss]\n|-miss|p1a: Ting-Lu|p2b: Iron Hands\n|move|p1b: Amoonguss|Spore|p2a: Gyarados\n|-status|p2a: Gyarados|slp|[from] move: Spore\n|\n|upkeep\n|turn|4\n|\n|t:|1683299105\n|switch|p2a: Dragonite|Dragonite, L50, M|100\/100\n|-terastallize|p1a: Ting-Lu|Poison\n|move|p2b: Iron Hands|Heavy Slam|p1b: Amoonguss\n|-damage|p1b: Amoonguss|39\/100\n|move|p1a: Ting-Lu|Stomping Tantrum|p2b: Iron Hands\n|-supereffective|p2b: Iron Hands\n|-damage|p2b: Iron Hands|25\/100\n|move|p1b: Amoonguss|Spore|p2b: Iron Hands\n|-status|p2b: Iron Hands|slp|[from] move: Spore\n|\n|upkeep\n|turn|5\n|\n|t:|1683299136\n|switch|p1b: Arcanine|Arcanine, L50, F, shiny|76\/100\n|-ability|p1b: Arcanine|Intimidate|boost\n|-unboost|p2a: Dragonite|atk|1\n|-unboost|p2b: Iron Hands|atk|1\n|-terastallize|p2a: Dragonite|Normal\n|move|p2a: Dragonite|Extreme Speed|p1b: Arcanine\n|-damage|p1b: Arcanine|32\/100\n|-enditem|p1b: Arcanine|Sitrus Berry|[eat]\n|-heal|p1b: Arcanine|56\/100|[from] item: Sitrus Berry\n|cant|p2b: Iron Hands|slp\n|move|p1a: Ting-Lu|Stomping Tantrum|p2b: Iron Hands\n|-supereffective|p2b: Iron Hands\n|-damage|p2b: Iron Hands|0 fnt\n|faint|p2b: Iron Hands\n|-end|p2b: Iron Hands|Quark Drive|[silent]\n|\n|upkeep\n|\n|t:|1683299150\n|switch|p2b: Gyarados|Gyarados, L50, F|100\/100 slp\n|-ability|p2b: Gyarados|Intimidate|boost\n|-unboost|p1a: Ting-Lu|atk|1\n|-unboost|p1b: Arcanine|atk|1\n|turn|6\n|\n|t:|1683299161\n|move|p2a: Dragonite|Extreme Speed|p1b: Arcanine\n|-crit|p1b: Arcanine\n|-damage|p1b: Arcanine|0 fnt\n|faint|p1b: Arcanine\n|cant|p2b: Gyarados|slp\n|move|p1a: Ting-Lu|Fissure|p2a: Dragonite|[miss]\n|-miss|p1a: Ting-Lu|p2a: Dragonite\n|\n|upkeep\n|\n|t:|1683299191\n|switch|p1b: Amoonguss|Amoonguss, L50, F, shiny|72\/100\n|turn|7\n|\n|t:|1683299218\n|move|p2a: Dragonite|Extreme Speed|p1b: Amoonguss\n|-damage|p1b: Amoonguss|41\/100\n|-curestatus|p2b: Gyarados|slp|[msg]\n|move|p2b: Gyarados|Taunt|p1b: Amoonguss\n|-start|p1b: Amoonguss|move: Taunt\n|move|p1a: Ting-Lu|Stomping Tantrum|p2a: Dragonite\n|-damage|p2a: Dragonite|79\/100\n|cant|p1b: Amoonguss|move: Taunt|Spore\n|\n|upkeep\n|turn|8\n|-message|MrrFishh forfeited.\n|\n|win|Seymorekun\n|raw|MrrFishh's rating: 1184 → 1158<\/strong> (-26 for losing)\n|raw|Seymorekun's rating: 1174 → 1200<\/strong> (+26 for winning)\n|l|\u2606MrrFishh\n","uploadtime":1683299358,"views":12,"p1id":"mrrfishh","p2id":"seymorekun","formatid":"gen9vgc2023regulationc","rating":1158,"private":0,"password":""}