{"id":"gen9vgc2023regulationc-1856725736","p1":"Pakulis","p2":"Jerry opatech","format":"[Gen 9] VGC 2023 Regulation C","log":"|j|\u2606Pakulis\n|j|\u2606Jerry opatech\n|t:|1683101356\n|gametype|doubles\n|player|p1|Pakulis|n|1218\n|player|p2|Jerry opatech|linebacker|1198\n|teamsize|p1|6\n|teamsize|p2|6\n|gen|9\n|tier|[Gen 9] VGC 2023 Regulation C\n|rated|\n|rule|Species Clause: Limit one of each Pok\u00e9mon\n|rule|Item Clause: Limit one of each item\n|clearpoke\n|poke|p1|Palafin, L50, M|\n|poke|p1|Ting-Lu, L50|\n|poke|p1|Kingambit, L50, M|\n|poke|p1|Meowscarada, L50, F|\n|poke|p1|Amoonguss, L50, M|\n|poke|p1|Arcanine, L50, F|\n|poke|p2|Annihilape, L50, M|\n|poke|p2|Abomasnow, L50, M|\n|poke|p2|Iron Bundle, L50|\n|poke|p2|Vivillon-Fancy, L50, F|\n|poke|p2|Kingambit, L50, F|\n|poke|p2|Stantler, L50, F|\n|teampreview|4\n|inactive|Battle timer is ON: inactive players will automatically lose when time's up. (requested by Pakulis)\n|inactive|Jerry opatech has 60 seconds left.\n|\n|t:|1683101390\n|start\n|switch|p1a: Amoonguss|Amoonguss, L50, M|100\/100\n|switch|p1b: Palafin|Palafin, L50, M|100\/100\n|switch|p2a: Kingambit|Kingambit, L50, F|100\/100\n|switch|p2b: Stantler|Stantler, L50, F, shiny|100\/100\n|-ability|p2b: Stantler|Intimidate|boost\n|-unboost|p1a: Amoonguss|atk|1\n|-unboost|p1b: Palafin|atk|1\n|turn|1\n|\n|t:|1683101414\n|-terastallize|p2a: Kingambit|Dark\n|move|p1a: Amoonguss|Rage Powder|p1a: Amoonguss\n|-singleturn|p1a: Amoonguss|move: Rage Powder\n|move|p2b: Stantler|Skill Swap|p1a: Amoonguss\n|-activate|p2b: Stantler|move: Skill Swap|Regenerator|Intimidate|[of] p1a: Amoonguss\n|-ability|p1a: Amoonguss|Intimidate|boost\n|-unboost|p2a: Kingambit|atk|1\n|-ability|p2a: Kingambit|Defiant|boost\n|-boost|p2a: Kingambit|atk|2\n|-unboost|p2b: Stantler|atk|1\n|move|p1b: Palafin|Close Combat|p2a: Kingambit\n|-supereffective|p2a: Kingambit\n|-damage|p2a: Kingambit|58\/100\n|-unboost|p1b: Palafin|def|1\n|-unboost|p1b: Palafin|spd|1\n|-enditem|p2a: Kingambit|Weakness Policy\n|-boost|p2a: Kingambit|atk|2|[from] item: Weakness Policy\n|-boost|p2a: Kingambit|spa|2|[from] item: Weakness Policy\n|-damage|p1b: Palafin|91\/100|[from] item: Life Orb\n|move|p2a: Kingambit|Kowtow Cleave|p1a: Amoonguss\n|-damage|p1a: Amoonguss|0 fnt\n|faint|p1a: Amoonguss\n|\n|-status|p2b: Stantler|tox|[from] item: Toxic Orb\n|upkeep\n|inactive|Pakulis has 30 seconds left.\n|\n|t:|1683101441\n|switch|p1a: Meowscarada|Meowscarada, L50, F|100\/100\n|turn|2\n|\n|t:|1683101449\n|-terastallize|p1a: Meowscarada|Grass\n|move|p1b: Palafin|Protect|p1b: Palafin\n|-singleturn|p1b: Palafin|Protect\n|move|p2a: Kingambit|Protect|p2a: Kingambit\n|-singleturn|p2a: Kingambit|Protect\n|move|p1a: Meowscarada|Flower Trick|p2a: Kingambit\n|-activate|p2a: Kingambit|move: Protect\n|move|p2b: Stantler|Trick Room|p2b: Stantler\n|-fieldstart|move: Trick Room|[of] p2b: Stantler\n|\n|-damage|p2b: Stantler|94\/100 tox|[from] psn\n|upkeep\n|turn|3\n|inactive|Jerry opatech has 30 seconds left.\n|\n|t:|1683101475\n|detailschange|p1b: Palafin|Palafin-Hero, L50, M\n|switch|p1b: Kingambit|Kingambit, L50, M|100\/100\n|switch|p2b: Abomasnow|Abomasnow, L50, M, shiny|100\/100\n|-weather|Snow|[from] ability: Snow Warning|[of] p2b: Abomasnow\n|move|p2a: Kingambit|Kowtow Cleave|p1b: Kingambit\n|-resisted|p1b: Kingambit\n|-damage|p1b: Kingambit|42\/100\n|move|p1a: Meowscarada|Flower Trick|p2a: Kingambit\n|-crit|p2a: Kingambit\n|-damage|p2a: Kingambit|4\/100\n|\n|-weather|Snow|[upkeep]\n|upkeep\n|turn|4\n|\n|t:|1683101495\n|move|p2a: Kingambit|Sucker Punch|p1a: Meowscarada\n|-enditem|p1a: Meowscarada|Focus Sash\n|-damage|p1a: Meowscarada|1\/100\n|move|p1b: Kingambit|Sucker Punch||[still]\n|-fail|p1b: Kingambit\n|move|p2b: Abomasnow|Aurora Veil|p2b: Abomasnow\n|-sidestart|p2: Jerry opatech|move: Aurora Veil\n|move|p1a: Meowscarada|Knock Off|p2b: Abomasnow\n|-crit|p2b: Abomasnow\n|-damage|p2b: Abomasnow|54\/100\n|-enditem|p2b: Abomasnow|Iapapa Berry|[from] move: Knock Off|[of] p1a: Meowscarada\n|\n|-weather|Snow|[upkeep]\n|upkeep\n|turn|5\n|-message|Pakulis forfeited.\n|\n|win|Jerry opatech\n|raw|Pakulis's rating: 1218 → 1192<\/strong> (-26 for losing)\n|raw|Jerry opatech's rating: 1198 → 1224<\/strong> (+26 for winning)\n|l|\u2606Pakulis\n","uploadtime":1683101526,"views":7,"p1id":"pakulis","p2id":"jerryopatech","formatid":"gen9vgc2023regulationc","rating":1192,"private":0,"password":""}