{"id":"gen9vgc2023regulationc-1853135480","p1":"Kirozvz","p2":"Iswimsohard","format":"[Gen 9] VGC 2023 Regulation C","log":"|j|\u2606Kirozvz\n|j|\u2606Iswimsohard\n|t:|1682639476\n|gametype|doubles\n|player|p1|Kirozvz|lance|1041\n|player|p2|Iswimsohard|swimmer|1102\n|teamsize|p1|6\n|teamsize|p2|6\n|gen|9\n|tier|[Gen 9] VGC 2023 Regulation C\n|rated|\n|rule|Species Clause: Limit one of each Pok\u00e9mon\n|rule|Item Clause: Limit one of each item\n|clearpoke\n|poke|p1|Dondozo, L50, F|\n|poke|p1|Tatsugiri-Stretchy, L50, M|\n|poke|p1|Chi-Yu, L50|\n|poke|p1|Flutter Mane, L50|\n|poke|p1|Dragonite, L50, M|\n|poke|p1|Glimmora, L50, M|\n|poke|p2|Slither Wing, L50|\n|poke|p2|Tinkaton, L50, F|\n|poke|p2|Murkrow, L50, M|\n|poke|p2|Brute Bonnet, L50|\n|poke|p2|Flutter Mane, L50|\n|poke|p2|Chi-Yu, L50|\n|teampreview|4\n|\n|t:|1682639514\n|start\n|switch|p1a: Glimmora|Glimmora, L50, M|100\/100\n|switch|p1b: Tatsugiri|Tatsugiri-Stretchy, L50, M|100\/100\n|switch|p2a: Tinkaton|Tinkaton, L50, F|100\/100\n|switch|p2b: Flutter Mane|Flutter Mane, L50|100\/100\n|turn|1\n|\n|t:|1682639540\n|-terastallize|p1b: Tatsugiri|Ghost\n|move|p1a: Glimmora|Spiky Shield|p1a: Glimmora\n|-singleturn|p1a: Glimmora|move: Protect\n|move|p2a: Tinkaton|Fake Out|p1b: Tatsugiri\n|-immune|p1b: Tatsugiri\n|move|p2b: Flutter Mane|Psyshock|p1a: Glimmora\n|-activate|p1a: Glimmora|move: Protect\n|move|p1b: Tatsugiri|Muddy Water|p2b: Flutter Mane|[spread] p2a,p2b\n|-damage|p2a: Tinkaton|66\/100\n|-damage|p2b: Flutter Mane|43\/100\n|\n|upkeep\n|turn|2\n|\n|t:|1682639558\n|move|p2b: Flutter Mane|Psyshock|p1a: Glimmora\n|-supereffective|p1a: Glimmora\n|-enditem|p1a: Glimmora|Focus Sash\n|-damage|p1a: Glimmora|1\/100\n|move|p1a: Glimmora|Earth Power|p2a: Tinkaton\n|-supereffective|p2a: Tinkaton\n|-damage|p2a: Tinkaton|29\/100\n|move|p2a: Tinkaton|Gigaton Hammer|p1b: Tatsugiri\n|-damage|p1b: Tatsugiri|9\/100\n|move|p1b: Tatsugiri|Muddy Water|p2b: Flutter Mane|[spread] p2a,p2b\n|-crit|p2a: Tinkaton\n|-damage|p2a: Tinkaton|0 fnt\n|-damage|p2b: Flutter Mane|0 fnt\n|faint|p2a: Tinkaton\n|faint|p2b: Flutter Mane\n|-end|p2b: Flutter Mane|Protosynthesis|[silent]\n|\n|upkeep\n|\n|t:|1682639575\n|switch|p2b: Murkrow|Murkrow, L50, M|100\/100\n|switch|p2a: Brute Bonnet|Brute Bonnet, L50|100\/100\n|turn|3\n|\n|t:|1682639593\n|move|p2b: Murkrow|Tailwind|p2b: Murkrow\n|-sidestart|p2: Iswimsohard|move: Tailwind\n|move|p2a: Brute Bonnet|Bullet Seed|p1a: Glimmora\n|-damage|p1a: Glimmora|0 fnt\n|-activate|p1a: Glimmora|ability: Toxic Debris\n|-sidestart|p2: Iswimsohard|move: Toxic Spikes\n|faint|p1a: Glimmora\n|-hitcount|p1: Glimmora|1\n|move|p1b: Tatsugiri|Muddy Water|p2b: Murkrow|[spread] p2a,p2b\n|-resisted|p2a: Brute Bonnet\n|-damage|p2a: Brute Bonnet|75\/100\n|-enditem|p2b: Murkrow|Focus Sash\n|-damage|p2b: Murkrow|1\/100\n|-unboost|p2a: Brute Bonnet|accuracy|1\n|\n|upkeep\n|\n|t:|1682639606\n|switch|p1a: Dondozo|Dondozo, L50, F|100\/100\n|turn|4\n|\n|t:|1682639630\n|move|p2b: Murkrow|Sunny Day|p2b: Murkrow\n|-weather|SunnyDay\n|-activate|p2a: Brute Bonnet|ability: Protosynthesis\n|-start|p2a: Brute Bonnet|protosynthesisatk\n|move|p2a: Brute Bonnet|Bullet Seed|p1a: Dondozo\n|-supereffective|p1a: Dondozo\n|-damage|p1a: Dondozo|81\/100\n|-supereffective|p1a: Dondozo\n|-damage|p1a: Dondozo|62\/100\n|-supereffective|p1a: Dondozo\n|-damage|p1a: Dondozo|45\/100\n|-enditem|p1a: Dondozo|Sitrus Berry|[eat]\n|-heal|p1a: Dondozo|70\/100|[from] item: Sitrus Berry\n|-supereffective|p1a: Dondozo\n|-damage|p1a: Dondozo|51\/100\n|-hitcount|p1a: Dondozo|4\n|move|p1b: Tatsugiri|Muddy Water|p2b: Murkrow|[spread] p2a,p2b\n|-resisted|p2a: Brute Bonnet\n|-damage|p2a: Brute Bonnet|63\/100\n|-damage|p2b: Murkrow|0 fnt\n|faint|p2b: Murkrow\n|move|p1a: Dondozo|Yawn|p2a: Brute Bonnet\n|-start|p2a: Brute Bonnet|move: Yawn|[of] p1a: Dondozo\n|\n|-weather|SunnyDay|[upkeep]\n|upkeep\n|turn|5\n|\n|t:|1682639653\n|move|p1a: Dondozo|Protect|p1a: Dondozo\n|-singleturn|p1a: Dondozo|Protect\n|move|p2a: Brute Bonnet|Sucker Punch|p1b: Tatsugiri|[miss]\n|-miss|p2a: Brute Bonnet|p1b: Tatsugiri\n|move|p1b: Tatsugiri|Muddy Water|p2a: Brute Bonnet|[miss]\n|-miss|p1b: Tatsugiri|p2a: Brute Bonnet\n|\n|-weather|SunnyDay|[upkeep]\n|-end|p2a: Brute Bonnet|move: Yawn|[silent]\n|-status|p2a: Brute Bonnet|slp\n|upkeep\n|turn|6\n|\n|t:|1682639665\n|cant|p2a: Brute Bonnet|slp\n|move|p1b: Tatsugiri|Muddy Water|p2a: Brute Bonnet\n|-resisted|p2a: Brute Bonnet\n|-damage|p2a: Brute Bonnet|47\/100 slp\n|move|p1a: Dondozo|Bulldoze|p2a: Brute Bonnet|[spread] p1b,p2a\n|-resisted|p2a: Brute Bonnet\n|-damage|p1b: Tatsugiri|0 fnt\n|-damage|p2a: Brute Bonnet|43\/100 slp\n|-unboost|p2a: Brute Bonnet|spe|1\n|faint|p1b: Tatsugiri\n|\n|-weather|SunnyDay|[upkeep]\n|-sideend|p2: Iswimsohard|move: Tailwind\n|upkeep\n|\n|t:|1682639675\n|switch|p1b: Flutter Mane|Flutter Mane, L50|100\/100\n|-activate|p1b: Flutter Mane|ability: Protosynthesis\n|-start|p1b: Flutter Mane|protosynthesisspe\n|turn|7\n|\n|t:|1682639691\n|-terastallize|p2a: Brute Bonnet|Poison\n|move|p1b: Flutter Mane|Moonblast|p2a: Brute Bonnet\n|-resisted|p2a: Brute Bonnet\n|-damage|p2a: Brute Bonnet|19\/100 slp\n|-curestatus|p2a: Brute Bonnet|slp|[msg]\n|move|p2a: Brute Bonnet|Bullet Seed|p1b: Flutter Mane\n|-damage|p1b: Flutter Mane|71\/100\n|-damage|p1b: Flutter Mane|43\/100\n|-damage|p1b: Flutter Mane|12\/100\n|-damage|p1b: Flutter Mane|0 fnt\n|faint|p1b: Flutter Mane\n|-end|p1b: Flutter Mane|Protosynthesis|[silent]\n|-hitcount|p1: Flutter Mane|4\n|move|p1a: Dondozo|Wave Crash|p2a: Brute Bonnet\n|-damage|p2a: Brute Bonnet|0 fnt\n|faint|p2a: Brute Bonnet\n|-end|p2a: Brute Bonnet|Protosynthesis|[silent]\n|-damage|p1a: Dondozo|47\/100|[from] Recoil\n|\n|win|Kirozvz\n|raw|Kirozvz's rating: 1079 → 1109<\/strong> (+30 for winning)\n|raw|Iswimsohard's rating: 1102 → 1075<\/strong> (-27 for losing)\n","uploadtime":1682639709,"views":7,"p1id":"kirozvz","p2id":"iswimsohard","formatid":"gen9vgc2023regulationc","rating":1075,"private":0,"password":""}