{"id":"gen9vgc2023regulationc-1851578255","p1":"Hinata Jumps","p2":"Megamind VGC","format":"[Gen 9] VGC 2023 Regulation C","log":"|j|\u2606Hinata Jumps\n|j|\u2606Megamind VGC\n|t:|1682457533\n|gametype|doubles\n|player|p1|Hinata Jumps|crasherwake|\n|player|p2|Megamind VGC|101|\n|teamsize|p1|6\n|teamsize|p2|6\n|gen|9\n|tier|[Gen 9] VGC 2023 Regulation C\n|rated|Tournament battle\n|rule|Species Clause: Limit one of each Pok\u00e9mon\n|rule|Item Clause: Limit one of each item\n|clearpoke\n|poke|p1|Ting-Lu, L50|\n|poke|p1|Oranguru, L50, F|\n|poke|p1|Hariyama, L50, F|\n|poke|p1|Chi-Yu, L50|\n|poke|p1|Dachsbun, L50, F|\n|poke|p1|Iron Bundle, L50|\n|poke|p2|Orthworm, L50, M|\n|poke|p2|Dragonite, L50, M|\n|poke|p2|Ting-Lu, L50|\n|poke|p2|Rotom-Wash, L50|\n|poke|p2|Skeledirge, L50, F|\n|poke|p2|Chien-Pao, L50|\n|teampreview|4\n|raw| Open Team Sheet for Hinata Jumps<\/summary>Ting-Lu @ Weakness Policy Ability: Vessel of Ruin Level: 50 Tera Type: Ground - Earthquake - Throat Chop - Ruination - Protect Oranguru @ Sitrus Berry Ability: Telepathy Level: 50 Tera Type: Dark - Trick Room - Foul Play - Instruct - Protect Hariyama @ Flame Orb Ability: Guts Level: 50 Tera Type: Steel - Fake Out - Protect - Close Combat - Iron Head Chi-Yu @ Choice Scarf Ability: Beads of Ruin Level: 50 Tera Type: Ghost - Dark Pulse - Heat Wave - Lava Plume - Overheat Dachsbun @ Leftovers Ability: Well-Baked Body Level: 50 Tera Type: Ghost - Protect - Body Press - Yawn - Substitute Iron Bundle @ Choice Specs Ability: Quark Drive Level: 50 Tera Type: Ice - Flip Turn - Freeze-Dry - Ice Beam - Blizzard <\/details><\/div> Open Team Sheet for Megamind VGC<\/summary>Trouser Snake (Orthworm) @ Sitrus Berry Ability: Earth Eater Level: 50 Tera Type: Fire - Shed Tail - Body Press - Iron Defense - Heavy Slam Falkor (Dragonite) @ Lum Berry Ability: Multiscale Level: 50 Tera Type: Flying - Dragon Dance - Tera Blast - Earthquake - Extreme Speed King Louis XIV (Ting-Lu) @ Choice Band Ability: Vessel of Ruin Level: 50 Tera Type: Water - Earthquake - Rock Slide - Facade - Bulldoze Spin Cycle (Rotom-Wash) @ Choice Specs Ability: Levitate Level: 50 Tera Type: Steel - Hydro Pump - Thunderbolt - Volt Switch - Trick Bozo Eater (Skeledirge) @ Safety Goggles Ability: Unaware Level: 50 Tera Type: Grass - Torch Song - Shadow Ball - Slack Off - Protect Samurai Jack (Chien-Pao) @ Focus Sash Ability: Sword of Ruin Level: 50 Tera Type: Flying - Ice Spinner - Sucker Punch - Sacred Sword - Protect <\/details><\/div>\n|inactive|Battle timer is ON: inactive players will automatically lose when time's up. (requested by Megamind VGC)\n|inactive|Hinata Jumps has 60 seconds left.\n|j|%Borghi\n|\n|t:|1682457577\n|start\n|switch|p1a: Chi-Yu|Chi-Yu, L50|100\/100\n|switch|p1b: Dachsbun|Dachsbun, L50, F|100\/100\n|switch|p2a: King Louis XIV|Ting-Lu, L50|100\/100\n|switch|p2b: Spin Cycle|Rotom-Wash, L50|100\/100\n|-ability|p1a: Chi-Yu|Beads of Ruin\n|-ability|p2a: King Louis XIV|Vessel of Ruin\n|turn|1\n|\n|t:|1682457599\n|move|p1a: Chi-Yu|Lava Plume|p2b: Spin Cycle|[spread] p2a,p2b\n|-ability|p1b: Dachsbun|Well-Baked Body|boost\n|-boost|p1b: Dachsbun|def|2\n|-resisted|p2b: Spin Cycle\n|-damage|p2a: King Louis XIV|75\/100\n|-damage|p2b: Spin Cycle|80\/100\n|-status|p2a: King Louis XIV|brn\n|move|p2b: Spin Cycle|Thunderbolt|p1b: Dachsbun\n|-damage|p1b: Dachsbun|49\/100\n|-status|p1b: Dachsbun|par\n|move|p2a: King Louis XIV|Earthquake|p1b: Dachsbun|[spread] p1a,p1b\n|-immune|p2b: Spin Cycle|[from] ability: Levitate\n|-supereffective|p1a: Chi-Yu\n|-damage|p1a: Chi-Yu|11\/100\n|-damage|p1b: Dachsbun|35\/100 par\n|move|p1b: Dachsbun|Body Press|p2b: Spin Cycle\n|-damage|p2b: Spin Cycle|33\/100\n|\n|-heal|p1b: Dachsbun|41\/100 par|[from] item: Leftovers\n|-damage|p2a: King Louis XIV|69\/100 brn|[from] brn\n|upkeep\n|turn|2\n|inactive|Hinata Jumps has 30 seconds left.\n|inactive|Hinata Jumps has 20 seconds left.\n|\n|t:|1682457636\n|move|p1b: Dachsbun|Protect|p1b: Dachsbun\n|-singleturn|p1b: Dachsbun|Protect\n|move|p1a: Chi-Yu|Lava Plume|p2b: Spin Cycle|[spread] p2a,p2b\n|-activate|p1b: Dachsbun|move: Protect\n|-crit|p2a: King Louis XIV\n|-resisted|p2b: Spin Cycle\n|-damage|p2a: King Louis XIV|26\/100 brn\n|-damage|p2b: Spin Cycle|15\/100\n|-status|p2b: Spin Cycle|brn\n|move|p2b: Spin Cycle|Thunderbolt|p1b: Dachsbun\n|-activate|p1b: Dachsbun|move: Protect\n|move|p2a: King Louis XIV|Earthquake|p1a: Chi-Yu|[spread] p1a\n|-activate|p1b: Dachsbun|move: Protect\n|-immune|p2b: Spin Cycle|[from] ability: Levitate\n|-supereffective|p1a: Chi-Yu\n|-damage|p1a: Chi-Yu|0 fnt\n|faint|p1a: Chi-Yu\n|\n|-heal|p1b: Dachsbun|47\/100 par|[from] item: Leftovers\n|-damage|p2b: Spin Cycle|9\/100 brn|[from] brn\n|-damage|p2a: King Louis XIV|20\/100 brn|[from] brn\n|upkeep\n|inactive|Hinata Jumps has 30 seconds left.\n|\n|t:|1682457662\n|switch|p1a: Hariyama|Hariyama, L50, F|100\/100\n|turn|3\n|\n|t:|1682457672\n|move|p1a: Hariyama|Fake Out|p2b: Spin Cycle\n|-damage|p2b: Spin Cycle|0 fnt\n|faint|p2b: Spin Cycle\n|move|p2a: King Louis XIV|Earthquake|p1b: Dachsbun|[spread] p1a,p1b\n|-damage|p1a: Hariyama|68\/100\n|-damage|p1b: Dachsbun|33\/100 par\n|move|p1b: Dachsbun|Body Press|p2a: King Louis XIV\n|-supereffective|p2a: King Louis XIV\n|-damage|p2a: King Louis XIV|0 fnt\n|faint|p2a: King Louis XIV\n|\n|-heal|p1b: Dachsbun|40\/100 par|[from] item: Leftovers\n|-status|p1a: Hariyama|brn|[from] item: Flame Orb\n|upkeep\n|\n|t:|1682457679\n|switch|p2b: Trouser Snake|Orthworm, L50, M|100\/100\n|switch|p2a: Falkor|Dragonite, L50, M|100\/100\n|turn|4\n|\n|t:|1682457695\n|-terastallize|p2b: Trouser Snake|Fire\n|-terastallize|p1a: Hariyama|Steel\n|move|p2a: Falkor|Dragon Dance|p2a: Falkor\n|-boost|p2a: Falkor|atk|1\n|-boost|p2a: Falkor|spe|1\n|move|p2b: Trouser Snake|Iron Defense|p2b: Trouser Snake\n|-boost|p2b: Trouser Snake|def|2\n|cant|p1b: Dachsbun|par\n|move|p1a: Hariyama|Close Combat|p2b: Trouser Snake\n|-damage|p2b: Trouser Snake|69\/100\n|-unboost|p1a: Hariyama|def|1\n|-unboost|p1a: Hariyama|spd|1\n|\n|-heal|p1b: Dachsbun|46\/100 par|[from] item: Leftovers\n|-damage|p1a: Hariyama|62\/100 brn|[from] brn\n|upkeep\n|turn|5\n|\n|t:|1682457718\n|move|p1a: Hariyama|Protect|p1a: Hariyama\n|-singleturn|p1a: Hariyama|Protect\n|move|p2a: Falkor|Earthquake|p1a: Hariyama|[spread] p1b\n|-activate|p1a: Hariyama|move: Protect\n|-heal|p2b: Trouser Snake|94\/100|[from] ability: Earth Eater|[of] p2a: Falkor\n|-damage|p1b: Dachsbun|27\/100 par\n|move|p2b: Trouser Snake|Heavy Slam|p1b: Dachsbun\n|-supereffective|p1b: Dachsbun\n|-damage|p1b: Dachsbun|0 fnt\n|faint|p1b: Dachsbun\n|\n|-damage|p1a: Hariyama|56\/100 brn|[from] brn\n|upkeep\n|\n|t:|1682457720\n|switch|p1b: Iron Bundle|Iron Bundle, L50|100\/100\n|turn|6\n|\n|t:|1682457740\n|move|p2a: Falkor|Earthquake|p1a: Hariyama|[spread] p1a,p1b\n|-heal|p2b: Trouser Snake|100\/100|[from] ability: Earth Eater|[of] p2a: Falkor\n|-supereffective|p1a: Hariyama\n|-damage|p1a: Hariyama|0 fnt\n|-damage|p1b: Iron Bundle|56\/100\n|faint|p1a: Hariyama\n|move|p1b: Iron Bundle|Blizzard|p2a: Falkor|[spread] p2a\n|-miss|p1b: Iron Bundle|p2b: Trouser Snake\n|-supereffective|p2a: Falkor\n|-damage|p2a: Falkor|0 fnt\n|faint|p2a: Falkor\n|move|p2b: Trouser Snake|Body Press|p1b: Iron Bundle\n|-supereffective|p1b: Iron Bundle\n|-damage|p1b: Iron Bundle|0 fnt\n|faint|p1b: Iron Bundle\n|-end|p1b: Iron Bundle|Quark Drive|[silent]\n|\n|win|Megamind VGC\n|n|\u2606Hinata Jumps|hinatajumps\n|n|\u2606Megamind VGC|megamindvgc\n|n| Borghi|borghi\n|l|\u2606Hinata Jumps\n","uploadtime":1682457755,"views":16,"p1id":"hinatajumps","p2id":"megamindvgc","formatid":"gen9vgc2023regulationc","rating":0,"private":0,"password":""}