{"id":"gen9vgc2023regulationc-1853316071","p1":"mugiwaraLux","p2":"Mcocc","format":"[Gen 9] VGC 2023 Regulation C","log":"|j|\u2606mugiwaraLux\n|j|\u2606Mcocc\n|t:|1682666663\n|gametype|doubles\n|player|p1|mugiwaraLux|1|1389\n|player|p2|Mcocc|170|1409\n|teamsize|p1|6\n|teamsize|p2|6\n|gen|9\n|tier|[Gen 9] VGC 2023 Regulation C\n|rated|\n|rule|Species Clause: Limit one of each Pok\u00e9mon\n|rule|Item Clause: Limit one of each item\n|clearpoke\n|poke|p1|Palafin, L50, M|\n|poke|p1|Amoonguss, L50, M|\n|poke|p1|Flutter Mane, L50|\n|poke|p1|Arcanine, L50, F|\n|poke|p1|Chien-Pao, L50|\n|poke|p1|Roaring Moon, L50|\n|poke|p2|Chi-Yu, L50|\n|poke|p2|Ting-Lu, L50|\n|poke|p2|Gallade, L50, M|\n|poke|p2|Gastrodon, L50, M|\n|poke|p2|Flutter Mane, L50|\n|poke|p2|Gyarados, L50, F|\n|teampreview|4\n|inactive|Battle timer is ON: inactive players will automatically lose when time's up. (requested by mugiwaraLux)\nMcocc has agreed to open team sheets.\nmugiwaraLux has agreed to open team sheets.\n|inactive|mugiwaraLux has 60 seconds left.\n|inactive|Mcocc has 60 seconds left.\n|\n|t:|1682666708\n|start\n|switch|p1a: Palafin|Palafin, L50, M|100\/100\n|switch|p1b: Mimi|Flutter Mane, L50|100\/100\n|switch|p2a: Gyarados|Gyarados, L50, F|100\/100\n|switch|p2b: Flutter Mane|Flutter Mane, L50|100\/100\n|-ability|p2a: Gyarados|Intimidate|boost\n|-unboost|p1a: Palafin|atk|1\n|-unboost|p1b: Mimi|atk|1\n|turn|1\n|\n|t:|1682666728\n|-terastallize|p1b: Mimi|Fairy\n|move|p1a: Palafin|Protect|p1a: Palafin\n|-singleturn|p1a: Palafin|Protect\n|move|p2b: Flutter Mane|Thunderbolt|p1a: Palafin\n|-activate|p1a: Palafin|move: Protect\n|move|p1b: Mimi|Thunderbolt|p2a: Gyarados\n|-supereffective|p2a: Gyarados\n|-damage|p2a: Gyarados|0 fnt\n|faint|p2a: Gyarados\n|\n|upkeep\n|\n|t:|1682666737\n|switch|p2a: Gastrodon|Gastrodon, L50, M|100\/100\n|turn|2\n|\n|t:|1682666755\n|-end|p2b: Flutter Mane|Protosynthesis|[silent]\n|switch|p2b: Gallade|Gallade, L50, M|100\/100\n|-end|p1b: Mimi|Protosynthesis|[silent]\n|switch|p1b: Arcanine|Arcanine, L50, F|100\/100\n|-ability|p1b: Arcanine|Intimidate|boost\n|-unboost|p2a: Gastrodon|atk|1\n|-unboost|p2b: Gallade|atk|1\n|detailschange|p1a: Palafin|Palafin-Hero, L50, M\n|switch|p1a: Roaring Moon|Roaring Moon, L50|100\/100\n|-enditem|p1a: Roaring Moon|Booster Energy\n|-activate|p1a: Roaring Moon|ability: Protosynthesis|[fromitem]\n|-start|p1a: Roaring Moon|protosynthesisatk\n|move|p2a: Gastrodon|Muddy Water|p1a: Roaring Moon|[spread] p1a,p1b\n|-resisted|p1a: Roaring Moon\n|-supereffective|p1b: Arcanine\n|-damage|p1a: Roaring Moon|92\/100\n|-damage|p1b: Arcanine|64\/100\n|\n|upkeep\n|turn|3\n|\n|t:|1682666771\n|move|p2b: Gallade|Protect|p2b: Gallade\n|-singleturn|p2b: Gallade|Protect\n|move|p1b: Arcanine|Extreme Speed|p2b: Gallade\n|-activate|p2b: Gallade|move: Protect\n|move|p1a: Roaring Moon|Acrobatics|p2b: Gallade\n|-activate|p2b: Gallade|move: Protect\n|move|p2a: Gastrodon|Muddy Water|p1b: Arcanine|[spread] p1a,p1b\n|-resisted|p1a: Roaring Moon\n|-supereffective|p1b: Arcanine\n|-damage|p1a: Roaring Moon|82\/100\n|-damage|p1b: Arcanine|30\/100\n|-unboost|p1a: Roaring Moon|accuracy|1\n|\n|upkeep\n|turn|4\n|\n|t:|1682666793\n|move|p1b: Arcanine|Protect|p1b: Arcanine\n|-singleturn|p1b: Arcanine|Protect\n|move|p1a: Roaring Moon|Acrobatics|p2b: Gallade\n|-supereffective|p2b: Gallade\n|-enditem|p2b: Gallade|Focus Sash\n|-damage|p2b: Gallade|1\/100\n|move|p2b: Gallade|Sacred Sword|p1a: Roaring Moon\n|-supereffective|p1a: Roaring Moon\n|-damage|p1a: Roaring Moon|0 fnt\n|faint|p1a: Roaring Moon\n|-end|p1a: Roaring Moon|Protosynthesis|[silent]\n|move|p2a: Gastrodon|Muddy Water|p1b: Arcanine\n|-activate|p1b: Arcanine|move: Protect\n|\n|upkeep\n|\n|t:|1682666799\n|switch|p1a: Mimi|Flutter Mane, L50, tera:Fairy|100\/100\n|turn|5\n|\n|t:|1682666814\n|switch|p1b: Palafin|Palafin-Hero, L50, M|100\/100\n|-activate|p1b: Palafin|ability: Zero to Hero\n|-terastallize|p2a: Gastrodon|Fire\n|move|p2b: Gallade|Protect|p2b: Gallade\n|-singleturn|p2b: Gallade|Protect\n|move|p1a: Mimi|Dazzling Gleam|p2b: Gallade|[spread] p2a\n|-activate|p2b: Gallade|move: Protect\n|-resisted|p2a: Gastrodon\n|-damage|p2a: Gastrodon|78\/100\n|move|p2a: Gastrodon|Muddy Water|p1a: Mimi|[spread] p1a\n|-miss|p2a: Gastrodon|p1b: Palafin\n|-damage|p1a: Mimi|83\/100\n|-unboost|p1a: Mimi|accuracy|1\n|\n|upkeep\n|turn|6\n|\n|t:|1682666834\n|move|p1b: Palafin|Protect|p1b: Palafin\n|-singleturn|p1b: Palafin|Protect\n|move|p1a: Mimi|Dazzling Gleam|p2a: Gastrodon|[spread] p2a,p2b\n|-resisted|p2a: Gastrodon\n|-supereffective|p2b: Gallade\n|-damage|p2a: Gastrodon|51\/100\n|-damage|p2b: Gallade|0 fnt\n|faint|p2b: Gallade\n|move|p2a: Gastrodon|Muddy Water|p1a: Mimi|[spread] p1a\n|-activate|p1b: Palafin|move: Protect\n|-damage|p1a: Mimi|65\/100\n|\n|upkeep\n|\n|t:|1682666838\n|switch|p2b: Flutter Mane|Flutter Mane, L50|100\/100\n|turn|7\n|\n|t:|1682666857\n|-end|p1a: Mimi|Protosynthesis|[silent]\n|switch|p1a: Arcanine|Arcanine, L50, F|30\/100\n|-ability|p1a: Arcanine|Intimidate|boost\n|-unboost|p2a: Gastrodon|atk|1\n|-unboost|p2b: Flutter Mane|atk|1\n|move|p2a: Gastrodon|Protect|p2a: Gastrodon\n|-singleturn|p2a: Gastrodon|Protect\n|move|p2b: Flutter Mane|Shadow Ball|p1a: Arcanine\n|-damage|p1a: Arcanine|0 fnt\n|faint|p1a: Arcanine\n|move|p1b: Palafin|Haze|p1b: Palafin\n|-clearallboost\n|\n|upkeep\n|\n|t:|1682666859\n|switch|p1a: Mimi|Flutter Mane, L50, tera:Fairy|65\/100\n|turn|8\n|\n|t:|1682666881\n|move|p1b: Palafin|Protect|p1b: Palafin\n|-singleturn|p1b: Palafin|Protect\n|move|p2b: Flutter Mane|Shadow Ball|p1a: Mimi\n|-damage|p1a: Mimi|10\/100\n|move|p1a: Mimi|Shadow Ball|p2a: Gastrodon\n|-damage|p2a: Gastrodon|3\/100\n|-enditem|p2a: Gastrodon|Aguav Berry|[eat]\n|-heal|p2a: Gastrodon|36\/100|[from] item: Aguav Berry\n|move|p2a: Gastrodon|Yawn|p1a: Mimi\n|-start|p1a: Mimi|move: Yawn|[of] p2a: Gastrodon\n|\n|upkeep\n|turn|9\n|\n|t:|1682666901\n|move|p1b: Palafin|Protect||[still]\n|-fail|p1b: Palafin\n|move|p2a: Gastrodon|Protect|p2a: Gastrodon\n|-singleturn|p2a: Gastrodon|Protect\n|move|p2b: Flutter Mane|Shadow Ball|p1a: Mimi\n|-damage|p1a: Mimi|0 fnt\n|faint|p1a: Mimi\n|-end|p1a: Mimi|Protosynthesis|[silent]\n|\n|upkeep\n|turn|10\n|c|\u2606mugiwaraLux|gg\n|-message|mugiwaraLux forfeited.\n|\n|win|Mcocc\n|raw|mugiwaraLux's rating: 1389 → 1370<\/strong> (-19 for losing)\n|raw|Mcocc's rating: 1409 → 1428<\/strong> (+19 for winning)\n","uploadtime":1682666915,"views":6,"p1id":"mugiwaralux","p2id":"mcocc","formatid":"gen9vgc2023regulationc","rating":1370,"private":0,"password":""}