{"id":"gen9vgc2023regulationc-1850335687","p1":"SlushiW","p2":"fissureIsScripture","format":"[Gen 9] VGC 2023 Regulation C","log":"|j|\u2606SlushiW\n|j|\u2606fissureIsScripture\n|t:|1682320286\n|gametype|doubles\n|player|p1|SlushiW|ethan-pokeathlon|\n|player|p2|fissureIsScripture|1|\n|teamsize|p1|6\n|teamsize|p2|6\n|gen|9\n|tier|[Gen 9] VGC 2023 Regulation C\n|rated|Tournament battle\n|rule|Species Clause: Limit one of each Pok\u00e9mon\n|rule|Item Clause: Limit one of each item\n|clearpoke\n|poke|p1|Chien-Pao, L50|\n|poke|p1|Dragonite, L50, M|\n|poke|p1|Palafin, L50, M|\n|poke|p1|Flutter Mane, L50|\n|poke|p1|Arcanine, L50, M|\n|poke|p1|Amoonguss, L50, M|\n|poke|p2|Iron Hands, L50|\n|poke|p2|Chien-Pao, L50|\n|poke|p2|Palafin, L50, F|\n|poke|p2|Arcanine, L50, F|\n|poke|p2|Amoonguss, L50, M|\n|poke|p2|Flutter Mane, L50|\n|teampreview|4\n|raw| Open Team Sheet for SlushiW<\/summary>Frostbite (Chien-Pao) @ Focus Sash Ability: Sword of Ruin Level: 50 Tera Type: Ghost - Ice Spinner - Sucker Punch - Sacred Sword - Protect Comet (Dragonite) (M) @ Assault Vest Ability: Inner Focus Level: 50 Tera Type: Fire - Dragon Claw - Extreme Speed - Iron Head - Low Kick Riptide (Palafin) (M) @ Mystic Water Ability: Zero to Hero Level: 50 Shiny: Yes Tera Type: Grass - Wave Crash - Jet Punch - Haze - Protect Flutter Mane @ Booster Energy Ability: Protosynthesis Level: 50 Tera Type: Fairy - Moonblast - Shadow Ball - Dazzling Gleam - Protect Wildfire (Arcanine) (M) @ Safety Goggles Ability: Intimidate Level: 50 Tera Type: Grass - Flare Blitz - Extreme Speed - Will-O-Wisp - Howl Eternal (Amoonguss) (M) @ Sitrus Berry Ability: Regenerator Level: 50 Shiny: Yes Tera Type: Fire - Pollen Puff - Spore - Rage Powder - Protect <\/details><\/div> Open Team Sheet for fissureIsScripture<\/summary>Iron Hands @ Assault Vest Ability: Quark Drive Level: 50 Tera Type: Grass - Fake Out - Drain Punch - Volt Switch - Wild Charge Chien-Pao @ Focus Sash Ability: Sword of Ruin Level: 50 Tera Type: Ghost - Protect - Sucker Punch - Ice Spinner - Sacred Sword Palafin @ Mystic Water Ability: Zero to Hero Level: 50 Tera Type: Water - Protect - Haze - Jet Punch - Wave Crash Arcanine @ Safety Goggles Ability: Intimidate Level: 50 Tera Type: Water - Protect - Howl - Will-O-Wisp - Flare Blitz Amoonguss @ Sitrus Berry Ability: Regenerator Level: 50 Tera Type: Water - Rage Powder - Protect - Pollen Puff - Spore Flutter Mane @ Booster Energy Ability: Protosynthesis Level: 50 Tera Type: Fairy - Protect - Moonblast - Shadow Ball - Icy Wind <\/details><\/div>\n|inactive|Battle timer is ON: inactive players will automatically lose when time's up. (requested by SlushiW)\n|inactive|SlushiW has 60 seconds left.\n|inactive|fissureIsScripture has 60 seconds left.\n|\n|t:|1682320332\n|start\n|switch|p1a: Flutter Mane|Flutter Mane, L50|100\/100\n|switch|p1b: Riptide|Palafin, L50, M, shiny|100\/100\n|switch|p2a: Iron Hands|Iron Hands, L50|100\/100\n|switch|p2b: Palafin|Palafin, L50, F|100\/100\n|-enditem|p1a: Flutter Mane|Booster Energy\n|-activate|p1a: Flutter Mane|ability: Protosynthesis|[fromitem]\n|-start|p1a: Flutter Mane|protosynthesisspa\n|turn|1\n|inactive|SlushiW has 30 seconds left.\n|inactive|fissureIsScripture has 30 seconds left.\n|\n|t:|1682320366\n|detailschange|p1b: Riptide|Palafin-Hero, L50, M, shiny\n|switch|p1b: Wildfire|Arcanine, L50, M|100\/100\n|-ability|p1b: Wildfire|Intimidate|boost\n|-unboost|p2a: Iron Hands|atk|1\n|-unboost|p2b: Palafin|atk|1\n|detailschange|p2b: Palafin|Palafin-Hero, L50, F\n|switch|p2b: Arcanine|Arcanine, L50, F|100\/100\n|-ability|p2b: Arcanine|Intimidate|boost\n|-unboost|p1a: Flutter Mane|atk|1\n|-unboost|p1b: Wildfire|atk|1\n|move|p1a: Flutter Mane|Moonblast|p2a: Iron Hands\n|-supereffective|p2a: Iron Hands\n|-damage|p2a: Iron Hands|34\/100\n|-unboost|p2a: Iron Hands|spa|1\n|move|p2a: Iron Hands|Volt Switch|p1a: Flutter Mane\n|-damage|p1a: Flutter Mane|92\/100\n|\n|t:|1682320381\n|-end|p2a: Iron Hands|Quark Drive|[silent]\n|switch|p2a: Palafin|Palafin-Hero, L50, F|100\/100|[from] Volt Switch\n|-activate|p2a: Palafin|ability: Zero to Hero\n|\n|upkeep\n|turn|2\n|\n|t:|1682320397\n|move|p1a: Flutter Mane|Protect|p1a: Flutter Mane\n|-singleturn|p1a: Flutter Mane|Protect\n|move|p2a: Palafin|Protect|p2a: Palafin\n|-singleturn|p2a: Palafin|Protect\n|move|p2b: Arcanine|Howl|p2b: Arcanine|[spread] p2a,p2b\n|-boost|p2a: Palafin|atk|1\n|-boost|p2b: Arcanine|atk|1\n|move|p1b: Wildfire|Will-O-Wisp|p2a: Palafin\n|-activate|p2a: Palafin|move: Protect\n|\n|upkeep\n|turn|3\n|\n|t:|1682320417\n|-terastallize|p1b: Wildfire|Grass\n|-terastallize|p2a: Palafin|Water\n|move|p2a: Palafin|Jet Punch|p1b: Wildfire\n|-resisted|p1b: Wildfire\n|-damage|p1b: Wildfire|57\/100\n|move|p1a: Flutter Mane|Moonblast|p2a: Palafin\n|-damage|p2a: Palafin|39\/100\n|-unboost|p2a: Palafin|spa|1\n|move|p2b: Arcanine|Flare Blitz|p1a: Flutter Mane\n|-damage|p1a: Flutter Mane|0 fnt\n|faint|p1a: Flutter Mane\n|-end|p1a: Flutter Mane|Protosynthesis|[silent]\n|-damage|p2b: Arcanine|76\/100|[from] Recoil\n|move|p1b: Wildfire|Will-O-Wisp|p2a: Palafin\n|-status|p2a: Palafin|brn\n|\n|-damage|p2a: Palafin|33\/100 brn|[from] brn\n|upkeep\n|\n|t:|1682320434\n|switch|p1a: Riptide|Palafin-Hero, L50, M, shiny|100\/100\n|-activate|p1a: Riptide|ability: Zero to Hero\n|turn|4\n|j| Uahhhh\n|inactive|fissureIsScripture has 30 seconds left.\n|\n|t:|1682320459\n|move|p1b: Wildfire|Extreme Speed|p2a: Palafin\n|-damage|p2a: Palafin|19\/100 brn\n|move|p1a: Riptide|Jet Punch|p2b: Arcanine\n|-supereffective|p2b: Arcanine\n|-damage|p2b: Arcanine|0 fnt\n|faint|p2b: Arcanine\n|move|p2a: Palafin|Wave Crash|p1b: Wildfire\n|-resisted|p1b: Wildfire\n|-damage|p1b: Wildfire|13\/100\n|-damage|p2a: Palafin|5\/100 brn|[from] Recoil\n|\n|-damage|p2a: Palafin|0 fnt|[from] brn\n|faint|p2a: Palafin\n|upkeep\n|\n|t:|1682320466\n|switch|p2b: Flutter Mane|Flutter Mane, L50|100\/100\n|switch|p2a: Iron Hands|Iron Hands, L50|34\/100\n|-enditem|p2b: Flutter Mane|Booster Energy\n|-activate|p2b: Flutter Mane|ability: Protosynthesis|[fromitem]\n|-start|p2b: Flutter Mane|protosynthesisspe\n|turn|5\n|c|\u2606fissureIsScripture|Gg\n|c|\u2606fissureIsScripture|Wp\n|inactive|fissureIsScripture has 30 seconds left.\n|\n|t:|1682320498\n|switch|p1b: Eternal|Amoonguss, L50, M, shiny|100\/100\n|move|p1a: Riptide|Protect|p1a: Riptide\n|-singleturn|p1a: Riptide|Protect\n|move|p2a: Iron Hands|Fake Out|p1b: Eternal\n|-damage|p1b: Eternal|89\/100\n|move|p2b: Flutter Mane|Moonblast|p1a: Riptide\n|-activate|p1a: Riptide|move: Protect\n|\n|upkeep\n|turn|6\n|\n|t:|1682320511\n|move|p1b: Eternal|Rage Powder|p1b: Eternal\n|-singleturn|p1b: Eternal|move: Rage Powder\n|move|p2b: Flutter Mane|Icy Wind|p1a: Riptide|[spread] p1a,p1b\n|-resisted|p1a: Riptide\n|-supereffective|p1b: Eternal\n|-damage|p1a: Riptide|95\/100\n|-damage|p1b: Eternal|67\/100\n|-unboost|p1a: Riptide|spe|1\n|-unboost|p1b: Eternal|spe|1\n|move|p1a: Riptide|Wave Crash|p2a: Iron Hands\n|-damage|p2a: Iron Hands|0 fnt\n|faint|p2a: Iron Hands\n|-end|p2a: Iron Hands|Quark Drive|[silent]\n|-damage|p1a: Riptide|81\/100|[from] Recoil\n|\n|upkeep\n|turn|7\n|\n|t:|1682320524\n|move|p1b: Eternal|Rage Powder|p1b: Eternal\n|-singleturn|p1b: Eternal|move: Rage Powder\n|move|p2b: Flutter Mane|Shadow Ball|p1b: Eternal\n|-damage|p1b: Eternal|32\/100\n|-enditem|p1b: Eternal|Sitrus Berry|[eat]\n|-heal|p1b: Eternal|57\/100|[from] item: Sitrus Berry\n|move|p1a: Riptide|Wave Crash|p2b: Flutter Mane\n|-crit|p2b: Flutter Mane\n|-damage|p2b: Flutter Mane|0 fnt\n|faint|p2b: Flutter Mane\n|-end|p2b: Flutter Mane|Protosynthesis|[silent]\n|-damage|p1a: Riptide|57\/100|[from] Recoil\n|\n|win|SlushiW\n|n|\u2606SlushiW|slushiw\n|n|\u2606fissureIsScripture|fissureisscripture\n|n| Uahhhh|uahhhh\n","uploadtime":1682320525,"views":29,"p1id":"slushiw","p2id":"fissureisscripture","formatid":"gen9vgc2023regulationc","rating":0,"private":0,"password":""}