{"id":"gen9vgc2023regulationc-1846785595","p1":"aarovgc","p2":"That_Leek","format":"[Gen 9] VGC 2023 Regulation C","log":"|j|\u2606aarovgc\n|j|\u2606That_Leek\n|t:|1681878990\n|gametype|doubles\n|player|p1|aarovgc|1|1217\n|player|p2|That_Leek|blue|1266\n|teamsize|p1|6\n|teamsize|p2|6\n|gen|9\n|tier|[Gen 9] VGC 2023 Regulation C\n|rated|\n|rule|Species Clause: Limit one of each Pok\u00e9mon\n|rule|Item Clause: Limit one of each item\n|clearpoke\n|poke|p1|Ting-Lu, L50|\n|poke|p1|Iron Hands, L50|\n|poke|p1|Arcanine, L50, F|\n|poke|p1|Scizor, L50, M|\n|poke|p1|Palafin, L50, M|\n|poke|p1|Spiritomb, L50, F|\n|poke|p2|Tyranitar, L50, M|\n|poke|p2|Gyarados, L50, M|\n|poke|p2|Scizor, L50, F|\n|poke|p2|Sandy Shocks, L50|\n|poke|p2|Amoonguss, L50, M|\n|poke|p2|Flutter Mane, L50|\n|teampreview|4\naarovgc has agreed to open team sheets.\nThat_Leek has agreed to open team sheets.\n|l|\u2606aarovgc\n|player|p1|\n|\n|t:|1681879065\n|start\n|switch|p1a: Scizor|Scizor, L50, M|100\/100\n|switch|p1b: Spiritomb|Spiritomb, L50, F|100\/100\n|switch|p2a: Sandy Shocks|Sandy Shocks, L50|100\/100\n|switch|p2b: Gyarados|Gyarados, L50, M|100\/100\n|-ability|p2b: Gyarados|Intimidate|boost\n|-unboost|p1a: Scizor|atk|1\n|-unboost|p1b: Spiritomb|atk|1\n|turn|1\n|j|\u2606aarovgc\n|player|p1|aarovgc|1\n|\n|t:|1681879149\n|switch|p1b: Arcanine|Arcanine, L50, F|100\/100\n|-ability|p1b: Arcanine|Intimidate|boost\n|-unboost|p2a: Sandy Shocks|atk|1\n|-unboost|p2b: Gyarados|atk|1\n|move|p1a: Scizor|Protect|p1a: Scizor\n|-singleturn|p1a: Scizor|Protect\n|move|p2a: Sandy Shocks|Earth Power|p1b: Arcanine\n|-supereffective|p1b: Arcanine\n|-damage|p1b: Arcanine|0 fnt\n|faint|p1b: Arcanine\n|-damage|p2a: Sandy Shocks|91\/100|[from] item: Life Orb\n|move|p2b: Gyarados|Waterfall|p1a: Scizor\n|-activate|p1a: Scizor|move: Protect\n|\n|upkeep\n|\n|t:|1681879162\n|switch|p1b: Iron Hands|Iron Hands, L50|100\/100\n|turn|2\n|\n|t:|1681879172\n|switch|p2b: Scizor|Scizor, L50, F|100\/100\n|switch|p1a: Spiritomb|Spiritomb, L50, F|100\/100\n|move|p2a: Sandy Shocks|Earth Power|p1b: Iron Hands\n|-supereffective|p1b: Iron Hands\n|-damage|p1b: Iron Hands|34\/100\n|-damage|p2a: Sandy Shocks|81\/100|[from] item: Life Orb\n|move|p1b: Iron Hands|Thunder Punch|p2b: Scizor\n|-damage|p2b: Scizor|62\/100\n|\n|upkeep\n|turn|3\n|\n|t:|1681879190\n|-end|p1b: Iron Hands|Quark Drive|[silent]\n|switch|p1b: Scizor|Scizor, L50, M|100\/100\n|move|p2a: Sandy Shocks|Earth Power|p1a: Spiritomb\n|-damage|p1a: Spiritomb|45\/100\n|-damage|p2a: Sandy Shocks|71\/100|[from] item: Life Orb\n|move|p2b: Scizor|Pounce|p1a: Spiritomb\n|-damage|p1a: Spiritomb|10\/100\n|-unboost|p1a: Spiritomb|spe|1\n|move|p1a: Spiritomb|Trick Room|p1a: Spiritomb\n|-fieldstart|move: Trick Room|[of] p1a: Spiritomb\n|\n|upkeep\n|turn|4\n|\n|t:|1681879205\n|-end|p2a: Sandy Shocks|Protosynthesis|[silent]\n|switch|p2a: Gyarados|Gyarados, L50, M|100\/100\n|-ability|p2a: Gyarados|Intimidate|boost\n|-unboost|p1a: Spiritomb|atk|1\n|-unboost|p1b: Scizor|atk|1\n|move|p2b: Scizor|Bullet Punch|p1a: Spiritomb\n|-damage|p1a: Spiritomb|0 fnt\n|faint|p1a: Spiritomb\n|move|p1b: Scizor|Swords Dance|p1b: Scizor\n|-boost|p1b: Scizor|atk|2\n|\n|upkeep\n|\n|t:|1681879214\n|switch|p1a: Iron Hands|Iron Hands, L50|34\/100\n|turn|5\n|\n|t:|1681879227\n|-terastallize|p1a: Iron Hands|Fire\n|move|p1a: Iron Hands|Fire Punch|p2b: Scizor\n|-supereffective|p2b: Scizor\n|-damage|p2b: Scizor|0 fnt\n|faint|p2b: Scizor\n|move|p1b: Scizor|Swords Dance|p1b: Scizor\n|-boost|p1b: Scizor|atk|2\n|move|p2a: Gyarados|Waterfall|p1a: Iron Hands\n|-supereffective|p1a: Iron Hands\n|-damage|p1a: Iron Hands|0 fnt\n|faint|p1a: Iron Hands\n|-end|p1a: Iron Hands|Quark Drive|[silent]\n|\n|upkeep\n|\n|t:|1681879233\n|switch|p2b: Sandy Shocks|Sandy Shocks, L50|71\/100\n|turn|6\n|\n|t:|1681879242\n|move|p1b: Scizor|X-Scissor|p2b: Sandy Shocks\n|-damage|p2b: Sandy Shocks|0 fnt\n|faint|p2b: Sandy Shocks\n|-end|p2b: Sandy Shocks|Protosynthesis|[silent]\n|move|p2a: Gyarados|Waterfall|p1b: Scizor\n|-damage|p1b: Scizor|62\/100\n|\n|-heal|p1b: Scizor|68\/100|[from] item: Leftovers\n|upkeep\n|\n|t:|1681879253\n|switch|p2b: Flutter Mane|Flutter Mane, L50|100\/100\n|turn|7\n|\n|t:|1681879262\n|move|p1b: Scizor|Protect|p1b: Scizor\n|-singleturn|p1b: Scizor|Protect\n|move|p2a: Gyarados|Thunder Wave|p1b: Scizor\n|-activate|p1b: Scizor|move: Protect\n|move|p2b: Flutter Mane|Shadow Ball|p1b: Scizor\n|-activate|p1b: Scizor|move: Protect\n|\n|-heal|p1b: Scizor|74\/100|[from] item: Leftovers\n|-fieldend|move: Trick Room\n|upkeep\n|turn|8\n|\n|t:|1681879270\n|move|p1b: Scizor|Bullet Punch|p2b: Flutter Mane\n|-supereffective|p2b: Flutter Mane\n|-damage|p2b: Flutter Mane|0 fnt\n|faint|p2b: Flutter Mane\n|-end|p2b: Flutter Mane|Protosynthesis|[silent]\n|move|p2a: Gyarados|Dragon Dance|p2a: Gyarados\n|-boost|p2a: Gyarados|atk|1\n|-boost|p2a: Gyarados|spe|1\n|\n|-heal|p1b: Scizor|80\/100|[from] item: Leftovers\n|upkeep\n|turn|9\n|\n|t:|1681879292\n|move|p2a: Gyarados|Waterfall|p1b: Scizor\n|-damage|p1b: Scizor|17\/100\n|move|p1b: Scizor|Swords Dance|p1b: Scizor\n|-boost|p1b: Scizor|atk|2\n|\n|-heal|p1b: Scizor|23\/100|[from] item: Leftovers\n|upkeep\n|turn|10\n|\n|t:|1681879307\n|move|p1b: Scizor|Protect|p1b: Scizor\n|-singleturn|p1b: Scizor|Protect\n|move|p2a: Gyarados|Waterfall|p1b: Scizor\n|-activate|p1b: Scizor|move: Protect\n|\n|-heal|p1b: Scizor|29\/100|[from] item: Leftovers\n|upkeep\n|turn|11\n|\n|t:|1681879316\n|move|p1b: Scizor|Bullet Punch|p2a: Gyarados\n|-resisted|p2a: Gyarados\n|-damage|p2a: Gyarados|45\/100\n|move|p2a: Gyarados|Waterfall|p1b: Scizor\n|-damage|p1b: Scizor|0 fnt\n|faint|p1b: Scizor\n|\n|win|That_Leek\n|raw|aarovgc's rating: 1217 → 1196<\/strong> (-21 for losing)\n|raw|That_Leek's rating: 1266 → 1287<\/strong> (+21 for winning)\n","uploadtime":1681879322,"views":8,"p1id":"aarovgc","p2id":"thatleek","formatid":"gen9vgc2023regulationc","rating":1196,"private":0,"password":""}