{"id":"gen9vgc2023regulationc-1859388027","p1":"GooeyGoodraa","p2":"Arcacagne","format":"[Gen 9] VGC 2023 Regulation C","log":"|j|\u2606GooeyGoodraa\n|j|\u2606Arcacagne\n|t:|1683454037\n|gametype|doubles\n|player|p1|GooeyGoodraa|ghetsis-gen5bw|1181\n|player|p2|Arcacagne|2|1263\n|teamsize|p1|6\n|teamsize|p2|6\n|gen|9\n|tier|[Gen 9] VGC 2023 Regulation C\n|rated|\n|rule|Species Clause: Limit one of each Pok\u00e9mon\n|rule|Item Clause: Limit one of each item\n|clearpoke\n|poke|p1|Orthworm, L50, F|\n|poke|p1|Corviknight, L50, M|\n|poke|p1|Ting-Lu, L50|\n|poke|p1|Dragonite, L50, M|\n|poke|p1|Garchomp, L50, F|\n|poke|p1|Flutter Mane, L50|\n|poke|p2|Chi-Yu, L50|\n|poke|p2|Flutter Mane, L50|\n|poke|p2|Amoonguss, L50, M|\n|poke|p2|Palafin, L50, F|\n|poke|p2|Kingambit, L50, M|\n|poke|p2|Arcanine, L50, F|\n|teampreview|4\n|\n|t:|1683454077\n|start\n|switch|p1a: Orthworm|Orthworm, L50, F|100\/100\n|switch|p1b: Ting-Lu|Ting-Lu, L50|100\/100\n|switch|p2a: Chi-Yu|Chi-Yu, L50|100\/100\n|switch|p2b: Palafin|Palafin, L50, F|100\/100\n|-ability|p2a: Chi-Yu|Beads of Ruin\n|-ability|p1b: Ting-Lu|Vessel of Ruin\n|turn|1\n|\n|t:|1683454098\n|-terastallize|p2a: Chi-Yu|Water\n|move|p1a: Orthworm|Protect|p1a: Orthworm\n|-singleturn|p1a: Orthworm|Protect\n|move|p2a: Chi-Yu|Heat Wave|p1b: Ting-Lu|[spread] p1b\n|-activate|p1a: Orthworm|move: Protect\n|-damage|p1b: Ting-Lu|74\/100\n|move|p2b: Palafin|Wave Crash|p1a: Orthworm\n|-activate|p1a: Orthworm|move: Protect\n|move|p1b: Ting-Lu|Earthquake|p2a: Chi-Yu|[spread] p2a,p2b\n|-activate|p1a: Orthworm|move: Protect\n|-damage|p2a: Chi-Yu|30\/100\n|-damage|p2b: Palafin|25\/100\n|\n|upkeep\n|turn|2\n|\n|t:|1683454141\n|move|p2a: Chi-Yu|Heat Wave|p1b: Ting-Lu|[spread] p1a,p1b\n|-supereffective|p1a: Orthworm\n|-damage|p1a: Orthworm|36\/100\n|-damage|p1b: Ting-Lu|45\/100\n|-enditem|p1a: Orthworm|Sitrus Berry|[eat]\n|-heal|p1a: Orthworm|61\/100|[from] item: Sitrus Berry\n|move|p2b: Palafin|Wave Crash|p1b: Ting-Lu\n|-supereffective|p1b: Ting-Lu\n|-damage|p1b: Ting-Lu|0 fnt\n|faint|p1b: Ting-Lu\n|-damage|p2b: Palafin|5\/100|[from] Recoil\n|move|p1a: Orthworm|Bulldoze|p2a: Chi-Yu|[spread] p2a,p2b\n|-damage|p2a: Chi-Yu|18\/100\n|-damage|p2b: Palafin|0 fnt\n|-unboost|p2a: Chi-Yu|spe|1\n|faint|p2b: Palafin\n|\n|upkeep\n|\n|t:|1683454160\n|switch|p2b: Arcanine|Arcanine, L50, F|100\/100\n|switch|p1b: Garchomp|Garchomp, L50, F|100\/100\n|-ability|p2b: Arcanine|Intimidate|boost\n|-unboost|p1a: Orthworm|atk|1\n|-fail|p1b: Garchomp|unboost|[from] item: Clear Amulet|[of] p1b: Garchomp\n|turn|3\n|\n|t:|1683454197\n|switch|p2a: Amoonguss|Amoonguss, L50, M|100\/100\n|-terastallize|p1b: Garchomp|Fire\n|move|p1a: Orthworm|Protect|p1a: Orthworm\n|-singleturn|p1a: Orthworm|Protect\n|move|p1b: Garchomp|Earthquake|p2b: Arcanine|[spread] p2a,p2b\n|-activate|p1a: Orthworm|move: Protect\n|-supereffective|p2b: Arcanine\n|-damage|p2a: Amoonguss|70\/100\n|-damage|p2b: Arcanine|30\/100\n|move|p2b: Arcanine|Flare Blitz|p1a: Orthworm\n|-activate|p1a: Orthworm|move: Protect\n|\n|upkeep\n|turn|4\n|\n|t:|1683454221\n|move|p2b: Arcanine|Protect|p2b: Arcanine\n|-singleturn|p2b: Arcanine|Protect\n|move|p1b: Garchomp|Earthquake|p2a: Amoonguss|[spread] p2a\n|-activate|p2b: Arcanine|move: Protect\n|-heal|p1a: Orthworm|86\/100|[from] ability: Earth Eater|[of] p1b: Garchomp\n|-damage|p2a: Amoonguss|39\/100\n|-enditem|p2a: Amoonguss|Sitrus Berry|[eat]\n|-heal|p2a: Amoonguss|63\/100|[from] item: Sitrus Berry\n|move|p1a: Orthworm|Shed Tail|p1a: Orthworm\n|-start|p1a: Orthworm|Substitute|[from] move: Shed Tail\n|-damage|p1a: Orthworm|36\/100\n|\n|t:|1683454233\n|switch|p1a: Corviknight|Corviknight, L50, M|100\/100|[from] Shed Tail\n|move|p2a: Amoonguss|Spore|p1b: Garchomp\n|-status|p1b: Garchomp|slp|[from] move: Spore\n|\n|upkeep\n|turn|5\n|\n|t:|1683454247\n|move|p2a: Amoonguss|Protect|p2a: Amoonguss\n|-singleturn|p2a: Amoonguss|Protect\n|cant|p1b: Garchomp|slp\n|move|p2b: Arcanine|Flare Blitz|p1a: Corviknight\n|-supereffective|p1a: Corviknight\n|-end|p1a: Corviknight|Substitute\n|-damage|p2b: Arcanine|23\/100|[from] Recoil|[of] p1a: Corviknight\n|-enditem|p2b: Arcanine|Aguav Berry|[eat]\n|-heal|p2b: Arcanine|56\/100|[from] item: Aguav Berry\n|move|p1a: Corviknight|Iron Defense|p1a: Corviknight\n|-boost|p1a: Corviknight|def|2\n|\n|upkeep\n|turn|6\n|\n|t:|1683454265\n|switch|p2b: Chi-Yu|Chi-Yu, L50, tera:Water|18\/100\n|-ability|p2b: Chi-Yu|Beads of Ruin\n|cant|p1b: Garchomp|slp\n|move|p1a: Corviknight|Iron Defense|p1a: Corviknight\n|-boost|p1a: Corviknight|def|2\n|move|p2a: Amoonguss|Spore|p1a: Corviknight\n|-status|p1a: Corviknight|slp|[from] move: Spore\n|\n|upkeep\n|turn|7\n|\n|t:|1683454282\n|cant|p1b: Garchomp|slp\n|move|p2b: Chi-Yu|Heat Wave|p1b: Garchomp|[spread] p1a,p1b\n|-supereffective|p1a: Corviknight\n|-resisted|p1b: Garchomp\n|-damage|p1a: Corviknight|42\/100 slp\n|-damage|p1b: Garchomp|76\/100 slp\n|cant|p1a: Corviknight|slp\n|move|p2a: Amoonguss|Pollen Puff|p2b: Chi-Yu\n|-heal|p2b: Chi-Yu|68\/100\n|\n|-heal|p1a: Corviknight|48\/100 slp|[from] item: Leftovers\n|upkeep\n|turn|8\n|\n|t:|1683454317\n|switch|p1a: Orthworm|Orthworm, L50, F|36\/100\n|move|p2b: Chi-Yu|Protect|p2b: Chi-Yu\n|-singleturn|p2b: Chi-Yu|Protect\n|-curestatus|p1b: Garchomp|slp|[msg]\n|move|p1b: Garchomp|Earthquake|p2b: Chi-Yu|[spread] p2a\n|-activate|p2b: Chi-Yu|move: Protect\n|-heal|p1a: Orthworm|60\/100|[from] ability: Earth Eater|[of] p1b: Garchomp\n|-damage|p2a: Amoonguss|31\/100\n|move|p2a: Amoonguss|Spore|p1b: Garchomp\n|-status|p1b: Garchomp|slp|[from] move: Spore\n|\n|upkeep\n|turn|9\n|\n|t:|1683454339\n|move|p1a: Orthworm|Protect|p1a: Orthworm\n|-singleturn|p1a: Orthworm|Protect\n|cant|p1b: Garchomp|slp\n|move|p2b: Chi-Yu|Heat Wave|p1a: Orthworm|[spread] p1b\n|-activate|p1a: Orthworm|move: Protect\n|-resisted|p1b: Garchomp\n|-damage|p1b: Garchomp|52\/100 slp\n|move|p2a: Amoonguss|Pollen Puff|p2b: Chi-Yu\n|-heal|p2b: Chi-Yu|100\/100\n|\n|upkeep\n|turn|10\n|inactive|Battle timer is ON: inactive players will automatically lose when time's up. (requested by GooeyGoodraa)\n|\n|t:|1683454382\n|cant|p1b: Garchomp|slp\n|move|p2b: Chi-Yu|Dark Pulse|p1b: Garchomp\n|-damage|p1b: Garchomp|0 fnt\n|faint|p1b: Garchomp\n|move|p1a: Orthworm|Bulldoze|p2b: Chi-Yu|[spread] p2a,p2b\n|-damage|p2a: Amoonguss|23\/100\n|-damage|p2b: Chi-Yu|89\/100\n|-unboost|p2a: Amoonguss|spe|1\n|-unboost|p2b: Chi-Yu|spe|1\n|move|p2a: Amoonguss|Pollen Puff|p2b: Chi-Yu\n|-heal|p2b: Chi-Yu|100\/100\n|\n|upkeep\n|\n|t:|1683454396\n|switch|p1b: Corviknight|Corviknight, L50, M|48\/100 slp\n|turn|11\n|\n|t:|1683454411\n|move|p2b: Chi-Yu|Heat Wave|p1a: Orthworm|[spread] p1a,p1b\n|-supereffective|p1a: Orthworm\n|-supereffective|p1b: Corviknight\n|-damage|p1a: Orthworm|0 fnt\n|-damage|p1b: Corviknight|0 fnt\n|faint|p1a: Orthworm\n|faint|p1b: Corviknight\n|\n|win|Arcacagne\n|raw|GooeyGoodraa's rating: 1181 → 1162<\/strong> (-19 for losing)\n|raw|Arcacagne's rating: 1263 → 1282<\/strong> (+19 for winning)\n|l|\u2606GooeyGoodraa\n||Ladder isn't responding, score probably updated but might not have (Request timeout).\n","uploadtime":1683454427,"views":14,"p1id":"gooeygoodraa","p2id":"arcacagne","formatid":"gen9vgc2023regulationc","rating":1162,"private":0,"password":""}