{"id":"gen9vgc2023regulationc-1862242240","p1":"Huntiebun","p2":"guantoblu","format":"[Gen 9] VGC 2023 Regulation C","log":"|j|\u2606Huntiebun\n|j|\u2606guantoblu\n|t:|1683853971\n|gametype|doubles\n|player|p1|Huntiebun|lucas|1307\n|player|p2|guantoblu|169|1235\n|teamsize|p1|6\n|teamsize|p2|6\n|gen|9\n|tier|[Gen 9] VGC 2023 Regulation C\n|rated|\n|rule|Species Clause: Limit one of each Pok\u00e9mon\n|rule|Item Clause: Limit one of each item\n|clearpoke\n|poke|p1|Iron Bundle, L50|\n|poke|p1|Flutter Mane, L50|\n|poke|p1|Drednaw, L50, M|\n|poke|p1|Pelipper, L50, F|\n|poke|p1|Wo-Chien, L50|\n|poke|p1|Iron Hands, L50|\n|poke|p2|Skeledirge, L50, M|\n|poke|p2|Oranguru, L50, F|\n|poke|p2|Gyarados, L50, F|\n|poke|p2|Flutter Mane, L50|\n|poke|p2|Grimmsnarl, L50, M|\n|poke|p2|Dragonite, L50, F|\n|teampreview|4\n|inactive|Battle timer is ON: inactive players will automatically lose when time's up. (requested by Huntiebun)\n|inactive|Huntiebun has 60 seconds left.\n|inactive|guantoblu has 60 seconds left.\n|\n|t:|1683854029\n|start\n|switch|p1a: Iron Bundle|Iron Bundle, L50|100\/100\n|switch|p1b: Flutter Mane|Flutter Mane, L50|100\/100\n|switch|p2a: Gyarados|Gyarados, L50, F|100\/100\n|switch|p2b: Grimmsnarl|Grimmsnarl, L50, M|100\/100\n|-ability|p2a: Gyarados|Intimidate|boost\n|-unboost|p1a: Iron Bundle|atk|1\n|-unboost|p1b: Flutter Mane|atk|1\n|-enditem|p1a: Iron Bundle|Booster Energy\n|-activate|p1a: Iron Bundle|ability: Quark Drive|[fromitem]\n|-start|p1a: Iron Bundle|quarkdrivespe\n|turn|1\n|inactive|Huntiebun has 30 seconds left.\n|inactive|guantoblu has 30 seconds left.\n|inactive|guantoblu has 20 seconds left.\n|\n|t:|1683854067\n|move|p2b: Grimmsnarl|Light Screen|p2b: Grimmsnarl\n|-sidestart|p2: guantoblu|move: Light Screen\n|move|p1a: Iron Bundle|Freeze-Dry|p2b: Grimmsnarl\n|-damage|p2b: Grimmsnarl|79\/100\n|move|p1b: Flutter Mane|Dazzling Gleam|p2b: Grimmsnarl|[spread] p2a,p2b\n|-supereffective|p2b: Grimmsnarl\n|-damage|p2a: Gyarados|73\/100\n|-damage|p2b: Grimmsnarl|21\/100\n|move|p2a: Gyarados|Thunder Wave|p1a: Iron Bundle\n|-status|p1a: Iron Bundle|par\n|\n|upkeep\n|turn|2\n|inactive|guantoblu has 30 seconds left.\n|\n|t:|1683854096\n|move|p2b: Grimmsnarl|Parting Shot|p1b: Flutter Mane\n|-unboost|p1b: Flutter Mane|atk|1\n|-unboost|p1b: Flutter Mane|spa|1\n|\n|t:|1683854102\n|switch|p2b: Flutter Mane|Flutter Mane, L50|100\/100|[from] Parting Shot\n|-enditem|p2b: Flutter Mane|Booster Energy\n|-activate|p2b: Flutter Mane|ability: Protosynthesis|[fromitem]\n|-start|p2b: Flutter Mane|protosynthesisspe\n|move|p1b: Flutter Mane|Dazzling Gleam|p2a: Gyarados|[spread] p2a,p2b\n|-damage|p2a: Gyarados|55\/100\n|-damage|p2b: Flutter Mane|77\/100\n|move|p1a: Iron Bundle|Freeze-Dry|p2a: Gyarados\n|-supereffective|p2a: Gyarados\n|-damage|p2a: Gyarados|0 fnt\n|faint|p2a: Gyarados\n|\n|upkeep\n|\n|t:|1683854117\n|switch|p2a: Dragonite|Dragonite, L50, F|100\/100\n|turn|3\n|inactive|Huntiebun has 30 seconds left.\n|inactive|Huntiebun has 20 seconds left.\n|inactive|Huntiebun has 15 seconds left.\n|\n|t:|1683854160\n|-end|p1b: Flutter Mane|Protosynthesis|[silent]\n|switch|p1b: Iron Hands|Iron Hands, L50|100\/100\n|-terastallize|p2b: Flutter Mane|Fairy\n|move|p2a: Dragonite|Extreme Speed|p1a: Iron Bundle\n|-damage|p1a: Iron Bundle|62\/100 par\n|move|p2b: Flutter Mane|Dazzling Gleam|p1b: Iron Hands|[spread] p1a,p1b\n|-supereffective|p1b: Iron Hands\n|-damage|p1a: Iron Bundle|0 fnt\n|-damage|p1b: Iron Hands|55\/100\n|faint|p1a: Iron Bundle\n|-end|p1a: Iron Bundle|Quark Drive|[silent]\n|\n|upkeep\n|\n|t:|1683854173\n|switch|p1a: Wo-Chien|Wo-Chien, L50|100\/100\n|-ability|p1a: Wo-Chien|Tablets of Ruin\n|turn|4\n|\n|t:|1683854192\n|-terastallize|p1a: Wo-Chien|Poison\n|move|p2a: Dragonite|Extreme Speed|p1b: Iron Hands\n|-damage|p1b: Iron Hands|38\/100\n|move|p2b: Flutter Mane|Dazzling Gleam|p1b: Iron Hands|[spread] p1a,p1b\n|-resisted|p1a: Wo-Chien\n|-supereffective|p1b: Iron Hands\n|-damage|p1a: Wo-Chien|88\/100\n|-damage|p1b: Iron Hands|0 fnt\n|faint|p1b: Iron Hands\n|-end|p1b: Iron Hands|Quark Drive|[silent]\n|move|p1a: Wo-Chien|Leech Seed|p2a: Dragonite\n|-start|p2a: Dragonite|move: Leech Seed\n|\n|-heal|p1a: Wo-Chien|94\/100|[from] item: Leftovers\n|-damage|p2a: Dragonite|88\/100|[from] Leech Seed|[of] p1a: Wo-Chien\n|-heal|p1a: Wo-Chien|100\/100|[silent]\n|upkeep\n|\n|t:|1683854205\n|switch|p1b: Flutter Mane|Flutter Mane, L50|100\/100\n|turn|5\n|\n|t:|1683854226\n|move|p2b: Flutter Mane|Protect|p2b: Flutter Mane\n|-singleturn|p2b: Flutter Mane|Protect\n|move|p1b: Flutter Mane|Power Gem|p2a: Dragonite\n|-supereffective|p2a: Dragonite\n|-damage|p2a: Dragonite|56\/100\n|move|p1a: Wo-Chien|Leech Seed|p2b: Flutter Mane\n|-activate|p2b: Flutter Mane|move: Protect\n|move|p2a: Dragonite|Earthquake|p1a: Wo-Chien|[spread] p1a,p1b\n|-activate|p2b: Flutter Mane|move: Protect\n|-supereffective|p1a: Wo-Chien\n|-damage|p1a: Wo-Chien|64\/100\n|-damage|p1b: Flutter Mane|54\/100\n|\n|-heal|p1a: Wo-Chien|70\/100|[from] item: Leftovers\n|-damage|p2a: Dragonite|43\/100|[from] Leech Seed|[of] p1a: Wo-Chien\n|-heal|p1a: Wo-Chien|83\/100|[silent]\n|upkeep\n|turn|6\n|inactive|Huntiebun has 30 seconds left.\n|inactive|guantoblu has 30 seconds left.\n|\n|t:|1683854260\n|switch|p2a: Grimmsnarl|Grimmsnarl, L50, M|21\/100\n|move|p2b: Flutter Mane|Hex|p1b: Flutter Mane\n|-supereffective|p1b: Flutter Mane\n|-crit|p1b: Flutter Mane\n|-damage|p1b: Flutter Mane|0 fnt\n|faint|p1b: Flutter Mane\n|-end|p1b: Flutter Mane|Protosynthesis|[silent]\n|move|p1a: Wo-Chien|Leech Seed|p2b: Flutter Mane\n|-start|p2b: Flutter Mane|move: Leech Seed\n|\n|-heal|p1a: Wo-Chien|89\/100|[from] item: Leftovers\n|-damage|p2b: Flutter Mane|65\/100|[from] Leech Seed|[of] p1a: Wo-Chien\n|-heal|p1a: Wo-Chien|97\/100|[silent]\n|upkeep\n|turn|7\n|inactive|guantoblu has 30 seconds left.\n|\n|t:|1683854292\n|move|p2a: Grimmsnarl|Parting Shot|p1a: Wo-Chien\n|-unboost|p1a: Wo-Chien|atk|1\n|-unboost|p1a: Wo-Chien|spa|1\n|\n|t:|1683854295\n|switch|p2a: Dragonite|Dragonite, L50, F|43\/100|[from] Parting Shot\n|move|p2b: Flutter Mane|Hex|p1a: Wo-Chien\n|-damage|p1a: Wo-Chien|77\/100\n|move|p1a: Wo-Chien|Pollen Puff|p2a: Dragonite\n|-resisted|p2a: Dragonite\n|-damage|p2a: Dragonite|41\/100\n|\n|-heal|p1a: Wo-Chien|83\/100|[from] item: Leftovers\n|-damage|p2b: Flutter Mane|52\/100|[from] Leech Seed|[of] p1a: Wo-Chien\n|-heal|p1a: Wo-Chien|91\/100|[silent]\n|upkeep\n|turn|8\n|\n|t:|1683854320\n|move|p2b: Flutter Mane|Protect|p2b: Flutter Mane\n|-singleturn|p2b: Flutter Mane|Protect\n|move|p1a: Wo-Chien|Leech Seed|p2a: Dragonite\n|-start|p2a: Dragonite|move: Leech Seed\n|move|p2a: Dragonite|Earthquake|p1a: Wo-Chien|[spread] p1a\n|-activate|p2b: Flutter Mane|move: Protect\n|-supereffective|p1a: Wo-Chien\n|-damage|p1a: Wo-Chien|53\/100\n|\n|-heal|p1a: Wo-Chien|59\/100|[from] item: Leftovers\n|-damage|p2b: Flutter Mane|40\/100|[from] Leech Seed|[of] p1a: Wo-Chien\n|-heal|p1a: Wo-Chien|67\/100|[silent]\n|-damage|p2a: Dragonite|29\/100|[from] Leech Seed|[of] p1a: Wo-Chien\n|-heal|p1a: Wo-Chien|80\/100|[silent]\n|-sideend|p2: guantoblu|move: Light Screen\n|upkeep\n|turn|9\n|inactive|Huntiebun has 30 seconds left.\n|inactive|guantoblu has 30 seconds left.\n|\n|t:|1683854355\n|switch|p2a: Grimmsnarl|Grimmsnarl, L50, M|21\/100\n|move|p1a: Wo-Chien|Protect|p1a: Wo-Chien\n|-singleturn|p1a: Wo-Chien|Protect\n|move|p2b: Flutter Mane|Dazzling Gleam|p1a: Wo-Chien\n|-activate|p1a: Wo-Chien|move: Protect\n|\n|-heal|p1a: Wo-Chien|86\/100|[from] item: Leftovers\n|-damage|p2b: Flutter Mane|28\/100|[from] Leech Seed|[of] p1a: Wo-Chien\n|-heal|p1a: Wo-Chien|94\/100|[silent]\n|upkeep\n|turn|10\n|\n|t:|1683854374\n|-end|p2b: Flutter Mane|Protosynthesis|[silent]\n|switch|p2b: Dragonite|Dragonite, L50, F|29\/100\n|move|p1a: Wo-Chien|Leech Seed|p2a: Grimmsnarl\n|-start|p2a: Grimmsnarl|move: Leech Seed\n|move|p2a: Grimmsnarl|Spirit Break|p1a: Wo-Chien\n|-resisted|p1a: Wo-Chien\n|-damage|p1a: Wo-Chien|85\/100\n|-unboost|p1a: Wo-Chien|spa|1\n|\n|-heal|p1a: Wo-Chien|92\/100|[from] item: Leftovers\n|-damage|p2a: Grimmsnarl|9\/100|[from] Leech Seed|[of] p1a: Wo-Chien\n|-heal|p1a: Wo-Chien|100\/100|[silent]\n|upkeep\n|turn|11\n|inactive|guantoblu has 30 seconds left.\n|\n|t:|1683854404\n|move|p2b: Dragonite|Extreme Speed|p1a: Wo-Chien\n|-damage|p1a: Wo-Chien|81\/100\n|move|p2a: Grimmsnarl|Parting Shot|p1a: Wo-Chien\n|-unboost|p1a: Wo-Chien|atk|1\n|-unboost|p1a: Wo-Chien|spa|1\n|\n|t:|1683854411\n|switch|p2a: Flutter Mane|Flutter Mane, L50, tera:Fairy|28\/100|[from] Parting Shot\n|move|p1a: Wo-Chien|Leech Seed|p2b: Dragonite|[miss]\n|-miss|p1a: Wo-Chien|p2b: Dragonite\n|\n|-heal|p1a: Wo-Chien|87\/100|[from] item: Leftovers\n|upkeep\n|turn|12\n|\n|t:|1683854430\n|move|p2a: Flutter Mane|Protect|p2a: Flutter Mane\n|-singleturn|p2a: Flutter Mane|Protect\n|move|p1a: Wo-Chien|Protect|p1a: Wo-Chien\n|-singleturn|p1a: Wo-Chien|Protect\n|move|p2b: Dragonite|Earthquake|p1a: Wo-Chien|[spread] \n|-activate|p2a: Flutter Mane|move: Protect\n|-activate|p1a: Wo-Chien|move: Protect\n|\n|-heal|p1a: Wo-Chien|94\/100|[from] item: Leftovers\n|upkeep\n|turn|13\n|inactive|guantoblu has 30 seconds left.\n|\n|t:|1683854464\n|move|p2b: Dragonite|Extreme Speed|p1a: Wo-Chien\n|-damage|p1a: Wo-Chien|74\/100\n|move|p2a: Flutter Mane|Hex|p1a: Wo-Chien\n|-damage|p1a: Wo-Chien|55\/100\n|move|p1a: Wo-Chien|Leech Seed|p2b: Dragonite\n|-start|p2b: Dragonite|move: Leech Seed\n|\n|-heal|p1a: Wo-Chien|61\/100|[from] item: Leftovers\n|-damage|p2b: Dragonite|17\/100|[from] Leech Seed|[of] p1a: Wo-Chien\n|-heal|p1a: Wo-Chien|73\/100|[silent]\n|upkeep\n|turn|14\n|\n|t:|1683854484\n|switch|p2b: Grimmsnarl|Grimmsnarl, L50, M|9\/100\n|move|p2a: Flutter Mane|Protect|p2a: Flutter Mane\n|-singleturn|p2a: Flutter Mane|Protect\n|move|p1a: Wo-Chien|Leech Seed|p2a: Flutter Mane\n|-activate|p2a: Flutter Mane|move: Protect\n|\n|-heal|p1a: Wo-Chien|80\/100|[from] item: Leftovers\n|upkeep\n|turn|15\n|inactive|guantoblu has 30 seconds left.\n|\n|t:|1683854517\n|switch|p2b: Dragonite|Dragonite, L50, F|17\/100\n|move|p1a: Wo-Chien|Protect|p1a: Wo-Chien\n|-singleturn|p1a: Wo-Chien|Protect\n|move|p2a: Flutter Mane|Hex|p1a: Wo-Chien\n|-activate|p1a: Wo-Chien|move: Protect\n|\n|-heal|p1a: Wo-Chien|86\/100|[from] item: Leftovers\n|upkeep\n|turn|16\n|\n|t:|1683854530\n|move|p2a: Flutter Mane|Protect|p2a: Flutter Mane\n|-singleturn|p2a: Flutter Mane|Protect\n|move|p1a: Wo-Chien|Leech Seed|p2b: Dragonite|[miss]\n|-miss|p1a: Wo-Chien|p2b: Dragonite\n|move|p2b: Dragonite|Earthquake|p1a: Wo-Chien|[spread] p1a\n|-activate|p2a: Flutter Mane|move: Protect\n|-supereffective|p1a: Wo-Chien\n|-damage|p1a: Wo-Chien|53\/100\n|\n|-heal|p1a: Wo-Chien|59\/100|[from] item: Leftovers\n|upkeep\n|turn|17\n|inactive|guantoblu has 30 seconds left.\n|inactive|guantoblu has 20 seconds left.\n|\n|t:|1683854551\n|switch|p2b: Grimmsnarl|Grimmsnarl, L50, M|9\/100\n|move|p1a: Wo-Chien|Protect|p1a: Wo-Chien\n|-singleturn|p1a: Wo-Chien|Protect\n|move|p2a: Flutter Mane|Hex|p1a: Wo-Chien\n|-activate|p1a: Wo-Chien|move: Protect\n|\n|-heal|p1a: Wo-Chien|65\/100|[from] item: Leftovers\n|upkeep\n|turn|18\n|inactive|guantoblu has 20 seconds left this turn.\n|inactive|guantoblu has 15 seconds left.\n|inactive|guantoblu has 10 seconds left.\n|c|\u2606guantoblu|Lol\n|inactive|guantoblu has 5 seconds left.\n|c|\u2606Huntiebun|lmao\n|-message|guantoblu lost due to inactivity.\n|\n|win|Huntiebun\n|raw|Huntiebun's rating: 1307 → 1323<\/strong> (+16 for winning)\n|raw|guantoblu's rating: 1235 → 1215<\/strong> (-20 for losing)\n|c|\u2606guantoblu|I lose for write you lol\n|c|\u2606Huntiebun|gg\n|c|\u2606Huntiebun|lol\n|l|\u2606guantoblu\n|c|\u2606Huntiebun|i really think wo chein can 1v4\n","uploadtime":1683854632,"views":18,"p1id":"huntiebun","p2id":"guantoblu","formatid":"gen9vgc2023regulationc","rating":1215,"private":0,"password":""}