{"id":"gen9vgc2023regulationc-1846665134","p1":"Bob Couch","p2":"DanPB","format":"[Gen 9] VGC 2023 Regulation C","log":"|j|\u2606Bob Couch\n|j|\u2606DanPB\n|t:|1681863334\n|gametype|doubles\n|player|p1|Bob Couch|byron|1234\n|player|p2|DanPB|265|1226\n|teamsize|p1|6\n|teamsize|p2|6\n|gen|9\n|tier|[Gen 9] VGC 2023 Regulation C\n|rated|\n|rule|Species Clause: Limit one of each Pok\u00e9mon\n|rule|Item Clause: Limit one of each item\n|clearpoke\n|poke|p1|Pelipper, L50, M|\n|poke|p1|Iron Bundle, L50|\n|poke|p1|Chi-Yu, L50|\n|poke|p1|Amoonguss, L50, F|\n|poke|p1|Palafin, L50, F|\n|poke|p1|Flutter Mane, L50|\n|poke|p2|Dondozo, L50, M|\n|poke|p2|Tatsugiri, L50, F|\n|poke|p2|Chi-Yu, L50|\n|poke|p2|Flutter Mane, L50|\n|poke|p2|Dragonite, L50, M|\n|poke|p2|Glimmora, L50, M|\n|teampreview|4\n|inactive|Battle timer is ON: inactive players will automatically lose when time's up. (requested by DanPB)\n|\n|t:|1681863361\n|start\n|switch|p1a: Iron Bundle|Iron Bundle, L50|100\/100\n|switch|p1b: Chi-Yu|Chi-Yu, L50|100\/100\n|switch|p2a: Tatsugiri|Tatsugiri, L50, F|100\/100\n|switch|p2b: Glimmora|Glimmora, L50, M|100\/100\n|-ability|p1b: Chi-Yu|Beads of Ruin\n|turn|1\n|\n|t:|1681863384\n|move|p1a: Iron Bundle|Icy Wind|p2b: Glimmora|[spread] p2a,p2b\n|-damage|p2a: Tatsugiri|73\/100\n|-damage|p2b: Glimmora|63\/100\n|-unboost|p2a: Tatsugiri|spe|1\n|-unboost|p2b: Glimmora|spe|1\n|move|p1b: Chi-Yu|Nasty Plot|p1b: Chi-Yu\n|-boost|p1b: Chi-Yu|spa|2\n|move|p2b: Glimmora|Power Gem|p1a: Iron Bundle\n|-supereffective|p1a: Iron Bundle\n|-damage|p1a: Iron Bundle|0 fnt\n|faint|p1a: Iron Bundle\n|-end|p1a: Iron Bundle|Quark Drive|[silent]\n|move|p2a: Tatsugiri|Muddy Water|p1b: Chi-Yu\n|-supereffective|p1b: Chi-Yu\n|-damage|p1b: Chi-Yu|0 fnt\n|faint|p1b: Chi-Yu\n|\n|upkeep\n|\n|t:|1681863394\n|switch|p1a: Amoonguss|Amoonguss, L50, F|100\/100\n|switch|p1b: Flutter Mane|Flutter Mane, L50|100\/100\n|-enditem|p1b: Flutter Mane|Booster Energy\n|-activate|p1b: Flutter Mane|ability: Protosynthesis|[fromitem]\n|-start|p1b: Flutter Mane|protosynthesisspa\n|turn|2\n|\n|t:|1681863417\n|switch|p2a: Dragonite|Dragonite, L50, M|100\/100\n|move|p1b: Flutter Mane|Moonblast|p2a: Dragonite\n|-supereffective|p2a: Dragonite\n|-crit|p2a: Dragonite\n|-damage|p2a: Dragonite|8\/100\n|move|p2b: Glimmora|Toxic|p1b: Flutter Mane\n|-status|p1b: Flutter Mane|tox\n|move|p1a: Amoonguss|Spore|p2b: Glimmora\n|-status|p2b: Glimmora|slp|[from] move: Spore\n|\n|-damage|p1b: Flutter Mane|95\/100 tox|[from] psn\n|upkeep\n|turn|3\n|inactive|Bob Couch has 30 seconds left.\n|inactive|Bob Couch has 20 seconds left.\n|\n|t:|1681863453\n|move|p2a: Dragonite|Protect|p2a: Dragonite\n|-singleturn|p2a: Dragonite|Protect\n|cant|p2b: Glimmora|slp\n|move|p1b: Flutter Mane|Shadow Ball|p2b: Glimmora\n|-damage|p2b: Glimmora|0 fnt\n|faint|p2b: Glimmora\n|move|p1a: Amoonguss|Pollen Puff|p2a: Dragonite\n|-activate|p2a: Dragonite|move: Protect\n|\n|-damage|p1b: Flutter Mane|83\/100 tox|[from] psn\n|upkeep\n|\n|t:|1681863470\n|switch|p2b: Tatsugiri|Tatsugiri, L50, F|73\/100\n|turn|4\n|inactive|Bob Couch has 30 seconds left.\n|\n|t:|1681863498\n|-terastallize|p2b: Tatsugiri|Ghost\n|move|p2a: Dragonite|Extreme Speed|p1a: Amoonguss\n|-damage|p1a: Amoonguss|75\/100\n|move|p1b: Flutter Mane|Moonblast|p2a: Dragonite\n|-supereffective|p2a: Dragonite\n|-damage|p2a: Dragonite|0 fnt\n|faint|p2a: Dragonite\n|move|p2b: Tatsugiri|Tera Blast|p1b: Flutter Mane\n|-supereffective|p1b: Flutter Mane\n|-damage|p1b: Flutter Mane|0 fnt\n|faint|p1b: Flutter Mane\n|-end|p1b: Flutter Mane|Protosynthesis|[silent]\n|move|p1a: Amoonguss|Spore|p2b: Tatsugiri\n|-status|p2b: Tatsugiri|slp|[from] move: Spore\n|\n|upkeep\n|\n|t:|1681863511\n|switch|p2a: Chi-Yu|Chi-Yu, L50|100\/100\n|-ability|p2a: Chi-Yu|Beads of Ruin\n|turn|5\n|\n|t:|1681863518\n|-terastallize|p1a: Amoonguss|Water\n|move|p2a: Chi-Yu|Flamethrower|p1a: Amoonguss\n|-resisted|p1a: Amoonguss\n|-damage|p1a: Amoonguss|50\/100\n|-enditem|p1a: Amoonguss|Sitrus Berry|[eat]\n|-heal|p1a: Amoonguss|75\/100|[from] item: Sitrus Berry\n|cant|p2b: Tatsugiri|slp\n|move|p1a: Amoonguss|Spore|p2a: Chi-Yu\n|-status|p2a: Chi-Yu|slp|[from] move: Spore\n|\n|upkeep\n|turn|6\n|\n|t:|1681863526\n|cant|p2a: Chi-Yu|slp\n|cant|p2b: Tatsugiri|slp\n|move|p1a: Amoonguss|Pollen Puff|p2a: Chi-Yu\n|-damage|p2a: Chi-Yu|84\/100 slp\n|\n|upkeep\n|turn|7\n|\n|t:|1681863531\n|cant|p2a: Chi-Yu|slp\n|cant|p2b: Tatsugiri|slp\n|move|p1a: Amoonguss|Pollen Puff|p2a: Chi-Yu\n|-damage|p2a: Chi-Yu|65\/100 slp\n|\n|upkeep\n|turn|8\n|\n|t:|1681863537\n|cant|p2a: Chi-Yu|slp\n|-curestatus|p2b: Tatsugiri|slp|[msg]\n|move|p2b: Tatsugiri|Tera Blast|p1a: Amoonguss\n|-damage|p1a: Amoonguss|1\/100\n|move|p1a: Amoonguss|Spore|p2a: Chi-Yu\n|-fail|p2a: Chi-Yu|slp\n|\n|upkeep\n|turn|9\n|\n|t:|1681863547\n|-curestatus|p2a: Chi-Yu|slp|[msg]\n|move|p2a: Chi-Yu|Flamethrower|p1a: Amoonguss\n|-resisted|p1a: Amoonguss\n|-damage|p1a: Amoonguss|0 fnt\n|faint|p1a: Amoonguss\n|\n|win|DanPB\n|raw|Bob Couch's rating: 1234 → 1208<\/strong> (-26 for losing)\n|raw|DanPB's rating: 1226 → 1252<\/strong> (+26 for winning)\n|l|\u2606DanPB\n","uploadtime":1681863554,"views":12,"p1id":"bobcouch","p2id":"danpb","formatid":"gen9vgc2023regulationc","rating":1208,"private":0,"password":""}