{"id":"gen9vgc2023regulationc-1850484911","p1":"ItsYaBoiGuz","p2":"Rhoads031","format":"[Gen 9] VGC 2023 Regulation C","log":"|j|\u2606ItsYaBoiGuz\n|j|\u2606Rhoads031\n|t:|1682341914\n|gametype|doubles\n|player|p1|ItsYaBoiGuz|ingo|1463\n|player|p2|Rhoads031|102|1402\n|teamsize|p1|6\n|teamsize|p2|6\n|gen|9\n|tier|[Gen 9] VGC 2023 Regulation C\n|rated|\n|rule|Species Clause: Limit one of each Pok\u00e9mon\n|rule|Item Clause: Limit one of each item\n|clearpoke\n|poke|p1|Flutter Mane, L50|\n|poke|p1|Glimmora, L50, M|\n|poke|p1|Wo-Chien, L50|\n|poke|p1|Chi-Yu, L50|\n|poke|p1|Gyarados, L50, M|\n|poke|p1|Baxcalibur, L50, M|\n|poke|p2|Palafin, L50, M|\n|poke|p2|Amoonguss, L50, F|\n|poke|p2|Flutter Mane, L50|\n|poke|p2|Ting-Lu, L50|\n|poke|p2|Kingambit, L50, M|\n|poke|p2|Tauros-Paldea-Blaze, L50, M|\n|teampreview|4\n|inactive|Battle timer is ON: inactive players will automatically lose when time's up. (requested by Rhoads031)\n|inactive|ItsYaBoiGuz also wants the timer to be on.\nItsYaBoiGuz has agreed to open team sheets.\n|inactive|ItsYaBoiGuz has 60 seconds left.\n|\n|t:|1682341945\n|start\n|switch|p1a: Wo-Chien|Wo-Chien, L50|100\/100\n|switch|p1b: Chi-Yu|Chi-Yu, L50|100\/100\n|switch|p2a: Flutter Mane|Flutter Mane, L50, shiny|100\/100\n|switch|p2b: Kingambit|Kingambit, L50, M|100\/100\n|-ability|p1b: Chi-Yu|Beads of Ruin\n|-ability|p1a: Wo-Chien|Tablets of Ruin\n|turn|1\n|\n|t:|1682341963\n|move|p2a: Flutter Mane|Protect|p2a: Flutter Mane\n|-singleturn|p2a: Flutter Mane|Protect\n|move|p2b: Kingambit|Protect|p2b: Kingambit\n|-singleturn|p2b: Kingambit|Protect\n|move|p1b: Chi-Yu|Heat Wave|p2a: Flutter Mane|[spread] \n|-activate|p2a: Flutter Mane|move: Protect\n|-activate|p2b: Kingambit|move: Protect\n|move|p1a: Wo-Chien|Leech Seed|p2b: Kingambit\n|-activate|p2b: Kingambit|move: Protect\n|\n|upkeep\n|turn|2\n|\n|t:|1682341986\n|switch|p2b: Ting-Lu|Ting-Lu, L50|100\/100\n|-ability|p2b: Ting-Lu|Vessel of Ruin\n|move|p2a: Flutter Mane|Moonblast|p1a: Wo-Chien\n|-supereffective|p1a: Wo-Chien\n|-damage|p1a: Wo-Chien|37\/100\n|move|p1b: Chi-Yu|Heat Wave|p2b: Ting-Lu|[spread] p2a,p2b\n|-damage|p2a: Flutter Mane|52\/100\n|-damage|p2b: Ting-Lu|78\/100\n|-status|p2a: Flutter Mane|brn\n|-damage|p1b: Chi-Yu|90\/100|[from] item: Life Orb\n|move|p1a: Wo-Chien|Leech Seed|p2b: Ting-Lu|[miss]\n|-miss|p1a: Wo-Chien|p2b: Ting-Lu\n|\n|-heal|p1a: Wo-Chien|43\/100|[from] item: Leftovers\n|-damage|p2a: Flutter Mane|46\/100 brn|[from] brn\n|upkeep\n|turn|3\n|inactive|Rhoads031 has 30 seconds left.\n|\n|t:|1682342015\n|move|p1a: Wo-Chien|Protect|p1a: Wo-Chien\n|-singleturn|p1a: Wo-Chien|Protect\n|move|p2a: Flutter Mane|Moonblast|p1a: Wo-Chien\n|-activate|p1a: Wo-Chien|move: Protect\n|move|p1b: Chi-Yu|Heat Wave|p2a: Flutter Mane|[spread] p2a,p2b\n|-damage|p2a: Flutter Mane|0 fnt\n|-damage|p2b: Ting-Lu|51\/100\n|faint|p2a: Flutter Mane\n|-end|p2a: Flutter Mane|Protosynthesis|[silent]\n|-damage|p1b: Chi-Yu|80\/100|[from] item: Life Orb\n|move|p2b: Ting-Lu|Stomping Tantrum|p1b: Chi-Yu\n|-supereffective|p1b: Chi-Yu\n|-damage|p1b: Chi-Yu|0 fnt\n|faint|p1b: Chi-Yu\n|\n|-heal|p1a: Wo-Chien|49\/100|[from] item: Leftovers\n|upkeep\n|\n|t:|1682342032\n|switch|p2a: Kingambit|Kingambit, L50, M|100\/100\n|switch|p1b: Glimmora|Glimmora, L50, M, shiny|100\/100\n|turn|4\n|\n|t:|1682342053\n|switch|p2b: Amoonguss|Amoonguss, L50, F|100\/100\n|-terastallize|p1a: Wo-Chien|Poison\n|move|p1b: Glimmora|Earth Power|p2a: Kingambit\n|-supereffective|p2a: Kingambit\n|-damage|p2a: Kingambit|43\/100\n|move|p1a: Wo-Chien|Leech Seed|p2b: Amoonguss\n|-immune|p2b: Amoonguss\n|move|p2a: Kingambit|Swords Dance|p2a: Kingambit\n|-boost|p2a: Kingambit|atk|2\n|\n|-heal|p1a: Wo-Chien|56\/100|[from] item: Leftovers\n|upkeep\n|turn|5\n|inactive|ItsYaBoiGuz has 30 seconds left.\n|inactive|Rhoads031 has 30 seconds left.\n|\n|t:|1682342085\n|move|p1a: Wo-Chien|Protect|p1a: Wo-Chien\n|-singleturn|p1a: Wo-Chien|Protect\n|move|p2b: Amoonguss|Rage Powder|p2b: Amoonguss\n|-singleturn|p2b: Amoonguss|move: Rage Powder\n|move|p1b: Glimmora|Earth Power|p2b: Amoonguss\n|-damage|p2b: Amoonguss|73\/100\n|move|p2a: Kingambit|Kowtow Cleave|p1b: Glimmora\n|-damage|p1b: Glimmora|30\/100\n|-activate|p1b: Glimmora|ability: Toxic Debris\n|-sidestart|p2: Rhoads031|move: Toxic Spikes\n|\n|-heal|p1a: Wo-Chien|62\/100|[from] item: Leftovers\n|upkeep\n|turn|6\n|\n|t:|1682342104\n|move|p2a: Kingambit|Protect|p2a: Kingambit\n|-singleturn|p2a: Kingambit|Protect\n|move|p1b: Glimmora|Earth Power|p2a: Kingambit\n|-activate|p2a: Kingambit|move: Protect\n|move|p1a: Wo-Chien|Foul Play|p2a: Kingambit\n|-activate|p2a: Kingambit|move: Protect\n|move|p2b: Amoonguss|Spore|p1a: Wo-Chien\n|-status|p1a: Wo-Chien|slp|[from] move: Spore\n|\n|-heal|p1a: Wo-Chien|68\/100 slp|[from] item: Leftovers\n|upkeep\n|turn|7\n|-message|ItsYaBoiGuz forfeited.\n|\n|win|Rhoads031\n|raw|ItsYaBoiGuz's rating: 1463 → 1440<\/strong> (-23 for losing)\n|raw|Rhoads031's rating: 1402 → 1425<\/strong> (+23 for winning)\n|l|\u2606ItsYaBoiGuz\n","uploadtime":1682342126,"views":22,"p1id":"itsyaboiguz","p2id":"rhoads031","formatid":"gen9vgc2023regulationc","rating":1425,"private":0,"password":""}