{"id":"gen9vgc2023regulationc-1863945659","p1":"NicoHaxVGC","p2":"Nellicopter","format":"[Gen 9] VGC 2023 Regulation C","log":"|j|\u2606NicoHaxVGC\n|j|\u2606Nellicopter\n|t:|1684096451\n|gametype|doubles\n|player|p1|NicoHaxVGC|hilbert-wonderlauncher|1433\n|player|p2|Nellicopter|scientistf|1324\n|teamsize|p1|6\n|teamsize|p2|6\n|gen|9\n|tier|[Gen 9] VGC 2023 Regulation C\n|rated|\n|rule|Species Clause: Limit one of each Pok\u00e9mon\n|rule|Item Clause: Limit one of each item\n|clearpoke\n|poke|p1|Flutter Mane, L50|\n|poke|p1|Maushold, L50|\n|poke|p1|Annihilape, L50, M|\n|poke|p1|Iron Bundle, L50|\n|poke|p1|Corviknight, L50, F|\n|poke|p1|Ting-Lu, L50|\n|poke|p2|Chi-Yu, L50|\n|poke|p2|Dachsbun, L50, M|\n|poke|p2|Flutter Mane, L50|\n|poke|p2|Torkoal, L50, F|\n|poke|p2|Great Tusk, L50|\n|poke|p2|Murkrow, L50, F|\n|teampreview|4\n|inactive|Battle timer is ON: inactive players will automatically lose when time's up. (requested by NicoHaxVGC)\n|inactive|NicoHaxVGC has 60 seconds left.\n|inactive|NicoHaxVGC has 30 seconds left.\n|inactive|NicoHaxVGC has 20 seconds left.\n|inactive|NicoHaxVGC has 15 seconds left.\n|inactive|NicoHaxVGC has 10 seconds left.\n|\n|t:|1684096532\n|start\n|switch|p1a: Teison|Corviknight, L50, F|100\/100\n|switch|p1b: Zea|Ting-Lu, L50|100\/100\n|switch|p2a: Chi-Yu|Chi-Yu, L50|100\/100\n|switch|p2b: Flutter Mane|Flutter Mane, L50|100\/100\n|-ability|p2a: Chi-Yu|Beads of Ruin\n|-ability|p1b: Zea|Vessel of Ruin\n|turn|1\n|\n|t:|1684096546\n|-end|p2b: Flutter Mane|Protosynthesis|[silent]\n|switch|p2b: Dachsbun|Dachsbun, L50, M|100\/100\n|-terastallize|p2a: Chi-Yu|Grass\n|-terastallize|p1a: Teison|Fire\n|move|p2a: Chi-Yu|Lava Plume|p1a: Teison|[spread] p1a,p1b\n|-ability|p2b: Dachsbun|Well-Baked Body|boost\n|-boost|p2b: Dachsbun|def|2\n|-resisted|p1a: Teison\n|-damage|p1a: Teison|87\/100\n|-damage|p1b: Zea|85\/100\n|-status|p1b: Zea|brn\n|move|p1a: Teison|Iron Head|p2b: Dachsbun\n|-supereffective|p2b: Dachsbun\n|-crit|p2b: Dachsbun\n|-damage|p2b: Dachsbun|24\/100\n|move|p1b: Zea|Rock Slide|p2a: Chi-Yu|[spread] p2b\n|-miss|p1b: Zea|p2a: Chi-Yu\n|-damage|p2b: Dachsbun|21\/100\n|\n|-heal|p2b: Dachsbun|27\/100|[from] item: Leftovers\n|-damage|p1b: Zea|80\/100 brn|[from] brn\n|upkeep\n|turn|2\n|inactive|NicoHaxVGC has 30 seconds left.\n|inactive|NicoHaxVGC has 20 seconds left.\n|inactive|NicoHaxVGC has 15 seconds left.\n|inactive|NicoHaxVGC has 10 seconds left.\n|inactive|NicoHaxVGC has 5 seconds left.\n|\n|t:|1684096596\n|switch|p1b: Harley|Flutter Mane, L50|100\/100\n|move|p2a: Chi-Yu|Lava Plume|p1a: Teison|[spread] p1a,p1b\n|-ability|p2b: Dachsbun|Well-Baked Body|boost\n|-boost|p2b: Dachsbun|def|2\n|-resisted|p1a: Teison\n|-damage|p1a: Teison|67\/100\n|-damage|p1b: Harley|67\/100\n|-status|p1b: Harley|brn\n|move|p2b: Dachsbun|Body Press|p1b: Harley\n|-immune|p1b: Harley\n|move|p1a: Teison|Iron Head|p2b: Dachsbun\n|-supereffective|p2b: Dachsbun\n|-damage|p2b: Dachsbun|8\/100\n|\n|-heal|p2b: Dachsbun|13\/100|[from] item: Leftovers\n|-damage|p1b: Harley|61\/100 brn|[from] brn\n|upkeep\n|turn|3\n|\n|t:|1684096614\n|move|p2b: Dachsbun|Protect|p2b: Dachsbun\n|-singleturn|p2b: Dachsbun|Protect\n|move|p2a: Chi-Yu|Lava Plume|p1b: Harley|[spread] p1a,p1b\n|-activate|p2b: Dachsbun|move: Protect\n|-resisted|p1a: Teison\n|-damage|p1a: Teison|50\/100\n|-damage|p1b: Harley|23\/100 brn\n|move|p1b: Harley|Dazzling Gleam|p2a: Chi-Yu|[spread] p2a\n|-activate|p2b: Dachsbun|move: Protect\n|-damage|p2a: Chi-Yu|51\/100\n|move|p1a: Teison|Brave Bird|p2a: Chi-Yu\n|-supereffective|p2a: Chi-Yu\n|-crit|p2a: Chi-Yu\n|-damage|p2a: Chi-Yu|0 fnt\n|faint|p2a: Chi-Yu\n|-damage|p1a: Teison|39\/100|[from] Recoil\n|\n|-heal|p2b: Dachsbun|19\/100|[from] item: Leftovers\n|-damage|p1b: Harley|17\/100 brn|[from] brn\n|upkeep\n|\n|t:|1684096633\n|switch|p2a: Great Tusk|Great Tusk, L50|100\/100\n|turn|4\n|inactive|Nellicopter has 30 seconds left.\n|inactive|NicoHaxVGC has 30 seconds left.\n|inactive|NicoHaxVGC has 20 seconds left.\n|\n|t:|1684096673\n|-end|p1b: Harley|Protosynthesis|[silent]\n|switch|p1b: AureCorne|Maushold, L50|100\/100\n|switch|p1a: Zea|Ting-Lu, L50|80\/100 brn\n|-ability|p1a: Zea|Vessel of Ruin\n|move|p2b: Dachsbun|Protect|p2b: Dachsbun\n|-singleturn|p2b: Dachsbun|Protect\n|move|p2a: Great Tusk|Earthquake|p1a: Zea|[spread] p1a,p1b\n|-activate|p2b: Dachsbun|move: Protect\n|-damage|p1a: Zea|62\/100 brn\n|-damage|p1b: AureCorne|44\/100\n|\n|-heal|p2b: Dachsbun|25\/100|[from] item: Leftovers\n|-damage|p1a: Zea|57\/100 brn|[from] brn\n|upkeep\n|turn|5\n|inactive|NicoHaxVGC has 30 seconds left.\n|inactive|NicoHaxVGC has 20 seconds left.\n|inactive|NicoHaxVGC has 15 seconds left.\n|inactive|Nellicopter has 30 seconds left.\n|inactive|NicoHaxVGC has 10 seconds left.\n|inactive|NicoHaxVGC has 5 seconds left.\n|\n|t:|1684096728\n|move|p1b: AureCorne|Protect|p1b: AureCorne\n|-singleturn|p1b: AureCorne|Protect\n|move|p2a: Great Tusk|Close Combat|p1b: AureCorne\n|-activate|p1b: AureCorne|move: Protect\n|move|p2b: Dachsbun|Body Press|p1a: Zea\n|-supereffective|p1a: Zea\n|-damage|p1a: Zea|3\/100 brn\n|move|p1a: Zea|Ruination|p2a: Great Tusk\n|-damage|p2a: Great Tusk|50\/100\n|\n|-heal|p2b: Dachsbun|30\/100|[from] item: Leftovers\n|-damage|p1a: Zea|0 fnt|[from] brn\n|faint|p1a: Zea\n|upkeep\n|\n|t:|1684096747\n|switch|p1a: Harley|Flutter Mane, L50|17\/100 brn\n|turn|6\n|\n|t:|1684096758\n|move|p2b: Dachsbun|Protect|p2b: Dachsbun\n|-singleturn|p2b: Dachsbun|Protect\n|move|p1b: AureCorne|Follow Me|p1b: AureCorne\n|-singleturn|p1b: AureCorne|move: Follow Me\n|move|p1a: Harley|Dazzling Gleam|p2a: Great Tusk|[spread] p2a\n|-activate|p2b: Dachsbun|move: Protect\n|-supereffective|p2a: Great Tusk\n|-damage|p2a: Great Tusk|0 fnt\n|faint|p2a: Great Tusk\n|-end|p2a: Great Tusk|Protosynthesis|[silent]\n|\n|-heal|p2b: Dachsbun|36\/100|[from] item: Leftovers\n|-damage|p1a: Harley|12\/100 brn|[from] brn\n|upkeep\n|\n|t:|1684096769\n|switch|p2a: Flutter Mane|Flutter Mane, L50|100\/100\n|turn|7\n|\n|t:|1684096793\n|-end|p1a: Harley|Protosynthesis|[silent]\n|switch|p1a: Teison|Corviknight, L50, F, tera:Fire|39\/100\n|move|p1b: AureCorne|Protect|p1b: AureCorne\n|-singleturn|p1b: AureCorne|Protect\n|move|p2a: Flutter Mane|Dazzling Gleam|p1a: Teison|[spread] p1a\n|-activate|p1b: AureCorne|move: Protect\n|-resisted|p1a: Teison\n|-crit|p1a: Teison\n|-damage|p1a: Teison|17\/100\n|move|p2b: Dachsbun|Body Press|p1b: AureCorne\n|-activate|p1b: AureCorne|move: Protect\n|\n|-heal|p2b: Dachsbun|42\/100|[from] item: Leftovers\n|upkeep\n|turn|8\n|\n|t:|1684096814\n|move|p1b: AureCorne|Follow Me|p1b: AureCorne\n|-singleturn|p1b: AureCorne|move: Follow Me\n|move|p2a: Flutter Mane|Dazzling Gleam|p1a: Teison|[spread] p1a,p1b\n|-resisted|p1a: Teison\n|-damage|p1a: Teison|2\/100\n|-damage|p1b: AureCorne|0 fnt\n|faint|p1b: AureCorne\n|move|p2b: Dachsbun|Body Press|p1a: Teison\n|-damage|p1a: Teison|0 fnt\n|faint|p1a: Teison\n|\n|-heal|p2b: Dachsbun|48\/100|[from] item: Leftovers\n|upkeep\n|\n|t:|1684096825\n|switch|p1b: Harley|Flutter Mane, L50|12\/100 brn\n|turn|9\n|\n|t:|1684096830\n|move|p2a: Flutter Mane|Dazzling Gleam|p1b: Harley\n|-damage|p1b: Harley|0 fnt\n|faint|p1b: Harley\n|-end|p1b: Harley|Protosynthesis|[silent]\n|\n|win|Nellicopter\n|raw|NicoHaxVGC's rating: 1433 → 1407<\/strong> (-26 for losing)\n|raw|Nellicopter's rating: 1324 → 1350<\/strong> (+26 for winning)\n|l|\u2606Nellicopter\n","uploadtime":1684096843,"views":4,"p1id":"nicohaxvgc","p2id":"nellicopter","formatid":"gen9vgc2023regulationc","rating":1350,"private":0,"password":""}