{"id":"gen9vgc2023regulationc-1852976623","p1":"rj2023","p2":"Pacman209","format":"[Gen 9] VGC 2023 Regulation C","log":"|j|\u2606rj2023\n|j|\u2606Pacman209\n|t:|1682622227\n|gametype|doubles\n|player|p1|rj2023|cynthia-gen4|1267\n|player|p2|Pacman209|swimmerf|1252\n|teamsize|p1|6\n|teamsize|p2|6\n|gen|9\n|tier|[Gen 9] VGC 2023 Regulation C\n|rated|\n|rule|Species Clause: Limit one of each Pok\u00e9mon\n|rule|Item Clause: Limit one of each item\n|clearpoke\n|poke|p1|Dragapult, L50, M|\n|poke|p1|Iron Bundle, L50|\n|poke|p1|Hippowdon, L50, F|\n|poke|p1|Glimmora, L50, F|\n|poke|p1|Gholdengo, L50|\n|poke|p1|Wo-Chien, L50|\n|poke|p2|Chi-Yu, L50|\n|poke|p2|Flutter Mane, L50|\n|poke|p2|Garganacl, L50, F|\n|poke|p2|Rotom-Wash, L50|\n|poke|p2|Palafin, L50, M|\n|poke|p2|Grimmsnarl, L50, M|\n|teampreview|4\n|inactive|Battle timer is ON: inactive players will automatically lose when time's up. (requested by rj2023)\n|\n|t:|1682622259\n|start\n|switch|p1a: Glimmora|Glimmora, L50, F, shiny|100\/100\n|switch|p1b: Hippowdon|Hippowdon, L50, F|100\/100\n|switch|p2a: Se\u00f1or \u00d1|Grimmsnarl, L50, M, shiny|100\/100\n|switch|p2b: Sami Zayn|Rotom-Wash, L50|100\/100\n|-weather|Sandstorm|[from] ability: Sand Stream|[of] p1b: Hippowdon\n|turn|1\n|\n|t:|1682622273\n|move|p2b: Sami Zayn|Protect|p2b: Sami Zayn\n|-singleturn|p2b: Sami Zayn|Protect\n|move|p2a: Se\u00f1or \u00d1|Light Screen|p2a: Se\u00f1or \u00d1\n|-sidestart|p2: Pacman209|move: Light Screen\n|move|p1a: Glimmora|Mortal Spin|p2b: Sami Zayn|[spread] p2a\n|-activate|p2b: Sami Zayn|move: Protect\n|-supereffective|p2a: Se\u00f1or \u00d1\n|-damage|p2a: Se\u00f1or \u00d1|92\/100\n|-status|p2a: Se\u00f1or \u00d1|psn\n|move|p1b: Hippowdon|Stealth Rock|p2a: Se\u00f1or \u00d1\n|-sidestart|p2: Pacman209|move: Stealth Rock\n|\n|-weather|Sandstorm|[upkeep]\n|-damage|p2b: Sami Zayn|95\/100|[from] Sandstorm\n|-damage|p2a: Se\u00f1or \u00d1|86\/100 psn|[from] Sandstorm\n|-heal|p2b: Sami Zayn|100\/100|[from] item: Leftovers\n|-damage|p2a: Se\u00f1or \u00d1|73\/100 psn|[from] psn\n|upkeep\n|turn|2\n|inactive|rj2023 has 30 seconds left.\n|\n|t:|1682622299\n|switch|p1a: Wo-Chien|Wo-Chien, L50|100\/100\n|-ability|p1a: Wo-Chien|Tablets of Ruin\n|move|p2a: Se\u00f1or \u00d1|Reflect|p2a: Se\u00f1or \u00d1\n|-sidestart|p2: Pacman209|Reflect\n|move|p2b: Sami Zayn|Hydro Pump|p1a: Wo-Chien\n|-resisted|p1a: Wo-Chien\n|-damage|p1a: Wo-Chien|86\/100\n|move|p1b: Hippowdon|Sand Tomb|p2a: Se\u00f1or \u00d1\n|-damage|p2a: Se\u00f1or \u00d1|67\/100 psn\n|-activate|p2a: Se\u00f1or \u00d1|move: Sand Tomb|[of] p1b: Hippowdon\n|\n|-weather|Sandstorm|[upkeep]\n|-damage|p2b: Sami Zayn|95\/100|[from] Sandstorm\n|-damage|p1a: Wo-Chien|80\/100|[from] Sandstorm\n|-damage|p2a: Se\u00f1or \u00d1|61\/100 psn|[from] Sandstorm\n|-heal|p2b: Sami Zayn|100\/100|[from] item: Leftovers\n|-heal|p1a: Wo-Chien|86\/100|[from] item: Leftovers\n|-damage|p2a: Se\u00f1or \u00d1|49\/100 psn|[from] psn\n|-damage|p2a: Se\u00f1or \u00d1|36\/100 psn|[from] move: Sand Tomb|[partiallytrapped]\n|upkeep\n|turn|3\n|inactive|rj2023 has 30 seconds left.\n|\n|t:|1682622324\n|move|p2a: Se\u00f1or \u00d1|Parting Shot|p1b: Hippowdon\n|-unboost|p1b: Hippowdon|atk|1\n|-unboost|p1b: Hippowdon|spa|1\n|\n|t:|1682622328\n|switch|p2a: yeah|Garganacl, L50, F|100\/100|[from] Parting Shot\n|-damage|p2a: yeah|88\/100|[from] Stealth Rock\n|move|p2b: Sami Zayn|Will-O-Wisp|p1a: Wo-Chien\n|-status|p1a: Wo-Chien|brn\n|move|p1a: Wo-Chien|Leech Seed|p2b: Sami Zayn\n|-start|p2b: Sami Zayn|move: Leech Seed\n|move|p1b: Hippowdon|Yawn|p2b: Sami Zayn\n|-start|p2b: Sami Zayn|move: Yawn|[of] p1b: Hippowdon\n|\n|-weather|Sandstorm|[upkeep]\n|-damage|p2b: Sami Zayn|95\/100|[from] Sandstorm\n|-damage|p1a: Wo-Chien|80\/100 brn|[from] Sandstorm\n|-heal|p2b: Sami Zayn|100\/100|[from] item: Leftovers\n|-heal|p1a: Wo-Chien|86\/100 brn|[from] item: Leftovers\n|-damage|p2b: Sami Zayn|88\/100|[from] Leech Seed|[of] p1a: Wo-Chien\n|-heal|p1a: Wo-Chien|96\/100 brn|[silent]\n|-damage|p1a: Wo-Chien|90\/100 brn|[from] brn\n|upkeep\n|turn|4\n|inactive|Pacman209 has 30 seconds left.\n|\n|t:|1682622367\n|switch|p2b: Se\u00f1or \u00d1|Grimmsnarl, L50, M, shiny|36\/100 psn\n|-damage|p2b: Se\u00f1or \u00d1|24\/100 psn|[from] Stealth Rock\n|switch|p1b: Glimmora|Glimmora, L50, F, shiny|100\/100\n|-terastallize|p2a: yeah|Ghost\n|move|p1a: Wo-Chien|Leech Seed|p2a: yeah\n|-start|p2a: yeah|move: Leech Seed\n|move|p2a: yeah|Salt Cure|p1a: Wo-Chien\n|-damage|p1a: Wo-Chien|82\/100 brn\n|-start|p1a: Wo-Chien|Salt Cure\n|\n|-weather|Sandstorm|[upkeep]\n|-damage|p1a: Wo-Chien|76\/100 brn|[from] Sandstorm\n|-damage|p2b: Se\u00f1or \u00d1|18\/100 psn|[from] Sandstorm\n|-damage|p2a: yeah|83\/100|[from] Sandstorm\n|-heal|p1a: Wo-Chien|82\/100 brn|[from] item: Leftovers\n|-damage|p2a: yeah|71\/100|[from] Leech Seed|[of] p1a: Wo-Chien\n|-heal|p1a: Wo-Chien|95\/100 brn|[silent]\n|-damage|p2b: Se\u00f1or \u00d1|5\/100 psn|[from] psn\n|-damage|p1a: Wo-Chien|89\/100 brn|[from] brn\n|-damage|p1a: Wo-Chien|77\/100 brn|[from] Salt Cure\n|upkeep\n|turn|5\n|inactive|rj2023 has 30 seconds left.\n|\n|t:|1682622394\n|move|p1b: Glimmora|Mortal Spin|p2b: Se\u00f1or \u00d1|[spread] p2a,p2b\n|-resisted|p2a: yeah\n|-supereffective|p2b: Se\u00f1or \u00d1\n|-damage|p2a: yeah|70\/100\n|-damage|p2b: Se\u00f1or \u00d1|1\/100 psn\n|-damage|p1b: Glimmora|84\/100|[from] item: Rocky Helmet|[of] p2a: yeah\n|move|p1a: Wo-Chien|Knock Off|p2a: yeah\n|-supereffective|p2a: yeah\n|-damage|p2a: yeah|58\/100\n|-damage|p1a: Wo-Chien|60\/100 brn|[from] item: Rocky Helmet|[of] p2a: yeah\n|-enditem|p2a: yeah|Rocky Helmet|[from] move: Knock Off|[of] p1a: Wo-Chien\n|move|p2b: Se\u00f1or \u00d1|Spirit Break|p1a: Wo-Chien\n|-supereffective|p1a: Wo-Chien\n|-damage|p1a: Wo-Chien|24\/100 brn\n|-unboost|p1a: Wo-Chien|spa|1\n|move|p2a: yeah|Recover|p2a: yeah\n|-heal|p2a: yeah|100\/100\n|\n|-weather|none\n|-heal|p1a: Wo-Chien|31\/100 brn|[from] item: Leftovers\n|-damage|p2a: yeah|88\/100|[from] Leech Seed|[of] p1a: Wo-Chien\n|-heal|p1a: Wo-Chien|44\/100 brn|[silent]\n|-damage|p2b: Se\u00f1or \u00d1|0 fnt|[from] psn\n|faint|p2b: Se\u00f1or \u00d1\n|-damage|p1a: Wo-Chien|37\/100 brn|[from] brn\n|-damage|p1a: Wo-Chien|25\/100 brn|[from] Salt Cure\n|upkeep\n|inactive|Pacman209 has 30 seconds left.\n|inactive|Pacman209 has 20 seconds left.\n|inactive|Pacman209 has 15 seconds left.\n|\n|t:|1682622436\n|switch|p2b: Rhea Ripley|Flutter Mane, L50|100\/100\n|-damage|p2b: Rhea Ripley|89\/100|[from] Stealth Rock\n|-enditem|p2b: Rhea Ripley|Booster Energy\n|-activate|p2b: Rhea Ripley|ability: Protosynthesis|[fromitem]\n|-start|p2b: Rhea Ripley|protosynthesisspa\n|turn|6\n|\n|t:|1682622448\n|move|p1a: Wo-Chien|Protect|p1a: Wo-Chien\n|-singleturn|p1a: Wo-Chien|Protect\n|move|p2b: Rhea Ripley|Shadow Ball|p1b: Glimmora\n|-damage|p1b: Glimmora|31\/100\n|move|p1b: Glimmora|Mortal Spin|p2b: Rhea Ripley|[spread] p2a,p2b\n|-resisted|p2a: yeah\n|-damage|p2a: yeah|88\/100\n|-damage|p2b: Rhea Ripley|85\/100\n|-status|p2b: Rhea Ripley|psn\n|move|p2a: yeah|Salt Cure|p1b: Glimmora\n|-damage|p1b: Glimmora|18\/100\n|-start|p1b: Glimmora|Salt Cure\n|-activate|p1b: Glimmora|ability: Toxic Debris\n|-sidestart|p2: Pacman209|move: Toxic Spikes\n|\n|-heal|p1a: Wo-Chien|31\/100 brn|[from] item: Leftovers\n|-damage|p2a: yeah|76\/100|[from] Leech Seed|[of] p1a: Wo-Chien\n|-heal|p1a: Wo-Chien|44\/100 brn|[silent]\n|-damage|p2b: Rhea Ripley|73\/100 psn|[from] psn\n|-damage|p1a: Wo-Chien|38\/100 brn|[from] brn\n|-damage|p1b: Glimmora|6\/100|[from] Salt Cure\n|-damage|p1a: Wo-Chien|25\/100 brn|[from] Salt Cure\n|upkeep\n|turn|7\n|\n|t:|1682622469\n|switch|p1b: Gholdengo|Gholdengo, L50|100\/100\n|switch|p1a: Hippowdon|Hippowdon, L50, F|100\/100\n|-weather|Sandstorm|[from] ability: Sand Stream|[of] p1a: Hippowdon\n|move|p2b: Rhea Ripley|Dazzling Gleam|p1a: Hippowdon|[spread] p1a,p1b\n|-resisted|p1b: Gholdengo\n|-damage|p1a: Hippowdon|71\/100\n|-damage|p1b: Gholdengo|80\/100\n|move|p2a: yeah|Body Press|p1a: Hippowdon\n|-damage|p1a: Hippowdon|54\/100\n|\n|-weather|Sandstorm|[upkeep]\n|-damage|p2b: Rhea Ripley|67\/100 psn|[from] Sandstorm\n|-damage|p2a: yeah|70\/100|[from] Sandstorm\n|-damage|p2a: yeah|58\/100|[from] Leech Seed|[of] p1a: Hippowdon\n|-heal|p1a: Hippowdon|66\/100|[silent]\n|-damage|p2b: Rhea Ripley|55\/100 psn|[from] psn\n|upkeep\n|turn|8\n|inactive|rj2023 has 30 seconds left.\n|\n|t:|1682622499\n|-terastallize|p1b: Gholdengo|Water\n|move|p2b: Rhea Ripley|Protect|p2b: Rhea Ripley\n|-singleturn|p2b: Rhea Ripley|Protect\n|move|p1a: Hippowdon|Protect|p1a: Hippowdon\n|-singleturn|p1a: Hippowdon|Protect\n|move|p1b: Gholdengo|Shadow Ball|p2a: yeah\n|-supereffective|p2a: yeah\n|-damage|p2a: yeah|42\/100\n|move|p2a: yeah|Recover|p2a: yeah\n|-heal|p2a: yeah|92\/100\n|\n|-weather|Sandstorm|[upkeep]\n|-damage|p2b: Rhea Ripley|50\/100 psn|[from] Sandstorm\n|-damage|p1b: Gholdengo|73\/100|[from] Sandstorm\n|-damage|p2a: yeah|86\/100|[from] Sandstorm\n|-damage|p2a: yeah|74\/100|[from] Leech Seed|[of] p1a: Hippowdon\n|-heal|p1a: Hippowdon|78\/100|[silent]\n|-damage|p2b: Rhea Ripley|38\/100 psn|[from] psn\n|-sideend|p2: Pacman209|move: Light Screen\n|upkeep\n|turn|9\n|\n|t:|1682622519\n|move|p2b: Rhea Ripley|Dazzling Gleam|p1a: Hippowdon|[spread] p1a,p1b\n|-damage|p1a: Hippowdon|47\/100\n|-damage|p1b: Gholdengo|37\/100\n|-enditem|p1b: Gholdengo|Sitrus Berry|[eat]\n|-heal|p1b: Gholdengo|62\/100|[from] item: Sitrus Berry\n|move|p1b: Gholdengo|Nasty Plot|p1b: Gholdengo\n|-boost|p1b: Gholdengo|spa|2\n|move|p1a: Hippowdon|Sand Tomb|p2a: yeah\n|-damage|p2a: yeah|69\/100\n|-activate|p2a: yeah|move: Sand Tomb|[of] p1a: Hippowdon\n|move|p2a: yeah|Salt Cure|p1b: Gholdengo\n|-damage|p1b: Gholdengo|48\/100\n|-start|p1b: Gholdengo|Salt Cure\n|\n|-weather|Sandstorm|[upkeep]\n|-damage|p2b: Rhea Ripley|32\/100 psn|[from] Sandstorm\n|-damage|p1b: Gholdengo|42\/100|[from] Sandstorm\n|-damage|p2a: yeah|63\/100|[from] Sandstorm\n|-damage|p2a: yeah|51\/100|[from] Leech Seed|[of] p1a: Hippowdon\n|-heal|p1a: Hippowdon|59\/100|[silent]\n|-damage|p2b: Rhea Ripley|20\/100 psn|[from] psn\n|-damage|p1b: Gholdengo|17\/100|[from] Salt Cure\n|-damage|p2a: yeah|39\/100|[from] move: Sand Tomb|[partiallytrapped]\n|-sideend|p2: Pacman209|Reflect\n|upkeep\n|turn|10\n|\n|t:|1682622541\n|switch|p1a: Glimmora|Glimmora, L50, F, shiny|6\/100\n|move|p2b: Rhea Ripley|Dazzling Gleam|p1a: Glimmora|[spread] p1a,p1b\n|-resisted|p1a: Glimmora\n|-damage|p1a: Glimmora|0 fnt\n|-damage|p1b: Gholdengo|0 fnt\n|faint|p1a: Glimmora\n|faint|p1b: Gholdengo\n|move|p2a: yeah|Recover|p2a: yeah\n|-heal|p2a: yeah|89\/100\n|\n|-weather|Sandstorm|[upkeep]\n|-damage|p2b: Rhea Ripley|14\/100 psn|[from] Sandstorm\n|-damage|p2a: yeah|83\/100|[from] Sandstorm\n|-damage|p2b: Rhea Ripley|2\/100 psn|[from] psn\n|-end|p2a: yeah|Sand Tomb|[partiallytrapped]|[silent]\n|upkeep\n|\n|t:|1682622548\n|switch|p1a: Wo-Chien|Wo-Chien, L50|25\/100 brn\n|switch|p1b: Hippowdon|Hippowdon, L50, F|59\/100\n|-ability|p1a: Wo-Chien|Tablets of Ruin\n|turn|11\n|\n|t:|1682622558\n|move|p1a: Wo-Chien|Protect|p1a: Wo-Chien\n|-singleturn|p1a: Wo-Chien|Protect\n|move|p1b: Hippowdon|Protect|p1b: Hippowdon\n|-singleturn|p1b: Hippowdon|Protect\n|move|p2b: Rhea Ripley|Dazzling Gleam|p1b: Hippowdon|[spread] \n|-activate|p1a: Wo-Chien|move: Protect\n|-activate|p1b: Hippowdon|move: Protect\n|move|p2a: yeah|Salt Cure|p1a: Wo-Chien\n|-activate|p1a: Wo-Chien|move: Protect\n|\n|-weather|none\n|-heal|p1a: Wo-Chien|32\/100 brn|[from] item: Leftovers\n|-damage|p2a: yeah|71\/100|[from] Leech Seed|[of] p1a: Wo-Chien\n|-heal|p1a: Wo-Chien|45\/100 brn|[silent]\n|-damage|p2b: Rhea Ripley|0 fnt|[from] psn\n|faint|p2b: Rhea Ripley\n|-end|p2b: Rhea Ripley|Protosynthesis|[silent]\n|-damage|p1a: Wo-Chien|39\/100 brn|[from] brn\n|upkeep\n|\n|t:|1682622561\n|switch|p2b: Sami Zayn|Rotom-Wash, L50|88\/100\n|-damage|p2b: Sami Zayn|76\/100|[from] Stealth Rock\n|turn|12\n|inactive|rj2023 has 30 seconds left.\n|inactive|rj2023 has 20 seconds left.\n|inactive|Pacman209 has 30 seconds left.\n|inactive|rj2023 has 15 seconds left.\n|\n|t:|1682622602\n|move|p2b: Sami Zayn|Thunderbolt|p1a: Wo-Chien\n|-resisted|p1a: Wo-Chien\n|-damage|p1a: Wo-Chien|27\/100 brn\n|move|p1a: Wo-Chien|Pollen Puff|p1b: Hippowdon\n|-heal|p1b: Hippowdon|100\/100\n|move|p1b: Hippowdon|Yawn|p2b: Sami Zayn\n|-start|p2b: Sami Zayn|move: Yawn|[of] p1b: Hippowdon\n|move|p2a: yeah|Body Press|p1a: Wo-Chien\n|-supereffective|p1a: Wo-Chien\n|-damage|p1a: Wo-Chien|3\/100 brn\n|\n|-heal|p2b: Sami Zayn|82\/100|[from] item: Leftovers\n|-heal|p1a: Wo-Chien|9\/100 brn|[from] item: Leftovers\n|-damage|p2a: yeah|59\/100|[from] Leech Seed|[of] p1a: Wo-Chien\n|-heal|p1a: Wo-Chien|22\/100 brn|[silent]\n|-damage|p1a: Wo-Chien|16\/100 brn|[from] brn\n|upkeep\n|turn|13\n|\n|t:|1682622624\n|move|p1a: Wo-Chien|Protect|p1a: Wo-Chien\n|-singleturn|p1a: Wo-Chien|Protect\n|move|p1b: Hippowdon|Protect|p1b: Hippowdon\n|-singleturn|p1b: Hippowdon|Protect\n|move|p2b: Sami Zayn|Will-O-Wisp|p1b: Hippowdon\n|-activate|p1b: Hippowdon|move: Protect\n|move|p2a: yeah|Body Press|p1a: Wo-Chien\n|-activate|p1a: Wo-Chien|move: Protect\n|\n|-heal|p2b: Sami Zayn|88\/100|[from] item: Leftovers\n|-heal|p1a: Wo-Chien|22\/100 brn|[from] item: Leftovers\n|-damage|p2a: yeah|47\/100|[from] Leech Seed|[of] p1a: Wo-Chien\n|-heal|p1a: Wo-Chien|35\/100 brn|[silent]\n|-damage|p1a: Wo-Chien|29\/100 brn|[from] brn\n|-end|p2b: Sami Zayn|move: Yawn|[silent]\n|-status|p2b: Sami Zayn|slp\n|upkeep\n|turn|14\n|\n|t:|1682622643\n|cant|p2b: Sami Zayn|slp\n|move|p1a: Wo-Chien|Leech Seed|p2b: Sami Zayn|[miss]\n|-miss|p1a: Wo-Chien|p2b: Sami Zayn\n|move|p1b: Hippowdon|Sand Tomb|p2b: Sami Zayn\n|-immune|p2b: Sami Zayn|[from] ability: Levitate\n|move|p2a: yeah|Recover|p2a: yeah\n|-heal|p2a: yeah|97\/100\n|\n|-heal|p2b: Sami Zayn|93\/100 slp|[from] item: Leftovers\n|-heal|p1a: Wo-Chien|35\/100 brn|[from] item: Leftovers\n|-damage|p2a: yeah|85\/100|[from] Leech Seed|[of] p1a: Wo-Chien\n|-heal|p1a: Wo-Chien|48\/100 brn|[silent]\n|-damage|p1a: Wo-Chien|42\/100 brn|[from] brn\n|upkeep\n|turn|15\n|\n|t:|1682622658\n|-curestatus|p2b: Sami Zayn|slp|[msg]\n|move|p2b: Sami Zayn|Will-O-Wisp|p1b: Hippowdon\n|-status|p1b: Hippowdon|brn\n|move|p1a: Wo-Chien|Leech Seed|p2b: Sami Zayn\n|-start|p2b: Sami Zayn|move: Leech Seed\n|move|p1b: Hippowdon|Sand Tomb|p2a: yeah|[miss]\n|-miss|p1b: Hippowdon|p2a: yeah\n|move|p2a: yeah|Salt Cure|p1a: Wo-Chien\n|-damage|p1a: Wo-Chien|33\/100 brn\n|-start|p1a: Wo-Chien|Salt Cure\n|\n|-heal|p2b: Sami Zayn|99\/100|[from] item: Leftovers\n|-heal|p1a: Wo-Chien|40\/100 brn|[from] item: Leftovers\n|-damage|p2b: Sami Zayn|87\/100|[from] Leech Seed|[of] p1a: Wo-Chien\n|-heal|p1a: Wo-Chien|49\/100 brn|[silent]\n|-damage|p2a: yeah|73\/100|[from] Leech Seed|[of] p1a: Wo-Chien\n|-heal|p1a: Wo-Chien|62\/100 brn|[silent]\n|-damage|p1a: Wo-Chien|56\/100 brn|[from] brn\n|-damage|p1b: Hippowdon|94\/100 brn|[from] brn\n|-damage|p1a: Wo-Chien|44\/100 brn|[from] Salt Cure\n|upkeep\n|turn|16\n|\n|t:|1682622683\n|move|p1a: Wo-Chien|Protect|p1a: Wo-Chien\n|-singleturn|p1a: Wo-Chien|Protect\n|move|p2b: Sami Zayn|Hydro Pump|p1b: Hippowdon\n|-supereffective|p1b: Hippowdon\n|-damage|p1b: Hippowdon|30\/100 brn\n|move|p1b: Hippowdon|Sand Tomb|p2a: yeah\n|-damage|p2a: yeah|70\/100\n|-activate|p2a: yeah|move: Sand Tomb|[of] p1b: Hippowdon\n|move|p2a: yeah|Iron Defense|p2a: yeah\n|-boost|p2a: yeah|def|2\n|\n|-heal|p2b: Sami Zayn|93\/100|[from] item: Leftovers\n|-heal|p1a: Wo-Chien|50\/100 brn|[from] item: Leftovers\n|-damage|p2b: Sami Zayn|81\/100|[from] Leech Seed|[of] p1a: Wo-Chien\n|-heal|p1a: Wo-Chien|60\/100 brn|[silent]\n|-damage|p2a: yeah|58\/100|[from] Leech Seed|[of] p1a: Wo-Chien\n|-heal|p1a: Wo-Chien|73\/100 brn|[silent]\n|-damage|p1a: Wo-Chien|67\/100 brn|[from] brn\n|-damage|p1b: Hippowdon|24\/100 brn|[from] brn\n|-damage|p1a: Wo-Chien|54\/100 brn|[from] Salt Cure\n|-damage|p2a: yeah|45\/100|[from] move: Sand Tomb|[partiallytrapped]\n|upkeep\n|-enditem|p1b: Hippowdon|Mago Berry|[eat]\n|-heal|p1b: Hippowdon|57\/100 brn|[from] item: Mago Berry\n|turn|17\n|inactive|rj2023 has 30 seconds left.\n|\n|t:|1682622715\n|move|p2b: Sami Zayn|Hydro Pump|p1b: Hippowdon\n|-supereffective|p1b: Hippowdon\n|-damage|p1b: Hippowdon|0 fnt\n|faint|p1b: Hippowdon\n|move|p1a: Wo-Chien|Pollen Puff|p1: Hippowdon|[notarget]\n|-fail|p1a: Wo-Chien\n|move|p2a: yeah|Recover|p2a: yeah\n|-heal|p2a: yeah|96\/100\n|\n|-heal|p2b: Sami Zayn|86\/100|[from] item: Leftovers\n|-heal|p1a: Wo-Chien|60\/100 brn|[from] item: Leftovers\n|-damage|p2b: Sami Zayn|74\/100|[from] Leech Seed|[of] p1a: Wo-Chien\n|-heal|p1a: Wo-Chien|70\/100 brn|[silent]\n|-damage|p2a: yeah|84\/100|[from] Leech Seed|[of] p1a: Wo-Chien\n|-heal|p1a: Wo-Chien|83\/100 brn|[silent]\n|-damage|p1a: Wo-Chien|77\/100 brn|[from] brn\n|-damage|p1a: Wo-Chien|65\/100 brn|[from] Salt Cure\n|-end|p2a: yeah|Sand Tomb|[partiallytrapped]|[silent]\n|upkeep\n|turn|18\n|\n|t:|1682622731\n|move|p2b: Sami Zayn|Protect|p2b: Sami Zayn\n|-singleturn|p2b: Sami Zayn|Protect\n|move|p1a: Wo-Chien|Knock Off|p2b: Sami Zayn\n|-activate|p2b: Sami Zayn|move: Protect\n|move|p2a: yeah|Iron Defense|p2a: yeah\n|-boost|p2a: yeah|def|2\n|\n|-heal|p2b: Sami Zayn|80\/100|[from] item: Leftovers\n|-heal|p1a: Wo-Chien|71\/100 brn|[from] item: Leftovers\n|-damage|p2b: Sami Zayn|68\/100|[from] Leech Seed|[of] p1a: Wo-Chien\n|-heal|p1a: Wo-Chien|81\/100 brn|[silent]\n|-damage|p2a: yeah|72\/100|[from] Leech Seed|[of] p1a: Wo-Chien\n|-heal|p1a: Wo-Chien|94\/100 brn|[silent]\n|-damage|p1a: Wo-Chien|87\/100 brn|[from] brn\n|-damage|p1a: Wo-Chien|75\/100 brn|[from] Salt Cure\n|upkeep\n|turn|19\n|\n|t:|1682622745\n|move|p2b: Sami Zayn|Thunderbolt|p1a: Wo-Chien\n|-resisted|p1a: Wo-Chien\n|-damage|p1a: Wo-Chien|65\/100 brn\n|move|p1a: Wo-Chien|Knock Off|p2b: Sami Zayn\n|-damage|p2b: Sami Zayn|58\/100\n|-enditem|p2b: Sami Zayn|Leftovers|[from] move: Knock Off|[of] p1a: Wo-Chien\n|move|p2a: yeah|Body Press|p1a: Wo-Chien\n|-supereffective|p1a: Wo-Chien\n|-damage|p1a: Wo-Chien|0 fnt\n|faint|p1a: Wo-Chien\n|\n|win|Pacman209\n|raw|rj2023's rating: 1267 → 1241<\/strong> (-26 for losing)\n|raw|Pacman209's rating: 1252 → 1278<\/strong> (+26 for winning)\n|l|\u2606rj2023\n","uploadtime":1682622873,"views":5,"p1id":"rj2023","p2id":"pacman209","formatid":"gen9vgc2023regulationc","rating":1241,"private":0,"password":""}