{"id":"gen9vgc2023regulationc-1845822811","p1":"LTR98","p2":"mmmmmag","format":"[Gen 9] VGC 2023 Regulation C","log":"|j|\u2606LTR98\n|j|\u2606mmmmmag\n|t:|1681768170\n|gametype|doubles\n|player|p1|LTR98|169|1080\n|player|p2|mmmmmag|170|1000\n|teamsize|p1|6\n|teamsize|p2|6\n|gen|9\n|tier|[Gen 9] VGC 2023 Regulation C\n|rated|\n|rule|Species Clause: Limit one of each Pok\u00e9mon\n|rule|Item Clause: Limit one of each item\n|clearpoke\n|poke|p1|Grimmsnarl, L50, M|\n|poke|p1|Wo-Chien, L50|\n|poke|p1|Palafin, L50, M|\n|poke|p1|Chien-Pao, L50|\n|poke|p1|Arcanine, L50, M|\n|poke|p1|Kingambit, L50, M|\n|poke|p2|Oranguru, L50, F|\n|poke|p2|Ting-Lu, L50|\n|poke|p2|Kingambit, L50, M|\n|poke|p2|Brute Bonnet, L50|\n|poke|p2|Mimikyu, L50, F|\n|poke|p2|Iron Hands, L50|\n|teampreview|4\n|inactive|Battle timer is ON: inactive players will automatically lose when time's up. (requested by LTR98)\n|\n|t:|1681768200\n|start\n|switch|p1a: Grimmsnarl|Grimmsnarl, L50, M|100\/100\n|switch|p1b: Palafin|Palafin, L50, M|100\/100\n|switch|p2a: Mimikyu|Mimikyu, L50, F|100\/100\n|switch|p2b: Iron Hands|Iron Hands, L50, shiny|100\/100\n|-enditem|p2b: Iron Hands|Booster Energy\n|-activate|p2b: Iron Hands|ability: Quark Drive|[fromitem]\n|-start|p2b: Iron Hands|quarkdriveatk\n|turn|1\n|\n|t:|1681768216\n|detailschange|p1b: Palafin|Palafin-Hero, L50, M\n|switch|p1b: Arcanine|Arcanine, L50, M|100\/100\n|-ability|p1b: Arcanine|Intimidate|boost\n|-unboost|p2a: Mimikyu|atk|1\n|-unboost|p2b: Iron Hands|atk|1\n|move|p1a: Grimmsnarl|Fake Out|p2b: Iron Hands\n|-damage|p2b: Iron Hands|91\/100\n|move|p2a: Mimikyu|Swords Dance|p2a: Mimikyu\n|-boost|p2a: Mimikyu|atk|2\n|cant|p2b: Iron Hands|flinch\n|\n|upkeep\n|turn|2\n|\n|t:|1681768236\n|move|p1a: Grimmsnarl|Reflect|p1a: Grimmsnarl\n|-sidestart|p1: LTR98|Reflect\n|move|p2a: Mimikyu|Swords Dance|p2a: Mimikyu\n|-boost|p2a: Mimikyu|atk|2\n|move|p1b: Arcanine|Will-O-Wisp|p2a: Mimikyu\n|-status|p2a: Mimikyu|brn\n|move|p2b: Iron Hands|Swords Dance|p2b: Iron Hands\n|-boost|p2b: Iron Hands|atk|2\n|\n|-damage|p2a: Mimikyu|94\/100 brn|[from] brn\n|upkeep\n|turn|3\n|\n|t:|1681768257\n|move|p2a: Mimikyu|Shadow Sneak|p1b: Arcanine\n|-damage|p1b: Arcanine|80\/100\n|-damage|p2a: Mimikyu|84\/100 brn|[from] item: Life Orb\n|move|p1b: Arcanine|Will-O-Wisp|p2b: Iron Hands\n|-status|p2b: Iron Hands|brn\n|move|p1a: Grimmsnarl|Spirit Break|p2a: Mimikyu\n|-activate|p2a: Mimikyu|ability: Disguise\n|-damage|p2a: Mimikyu|84\/100 brn\n|-unboost|p2a: Mimikyu|spa|1\n|detailschange|p2a: Mimikyu|Mimikyu-Busted, L50, F\n|-damage|p2a: Mimikyu|72\/100 brn|[from] pokemon: Mimikyu-Busted\n|move|p2b: Iron Hands|Thunder Punch|p1a: Grimmsnarl\n|-damage|p1a: Grimmsnarl|72\/100\n|\n|-damage|p2a: Mimikyu|66\/100 brn|[from] brn\n|-damage|p2b: Iron Hands|85\/100 brn|[from] brn\n|upkeep\n|turn|4\n|inactive|LTR98 has 30 seconds left.\n|inactive|mmmmmag has 30 seconds left.\n|inactive|LTR98 has 20 seconds left.\n|inactive|LTR98 has 15 seconds left.\n|\n|t:|1681768299\n|switch|p1b: Wo-Chien|Wo-Chien, L50|100\/100\n|-ability|p1b: Wo-Chien|Tablets of Ruin\n|move|p2a: Mimikyu|Drain Punch|p1b: Wo-Chien\n|-supereffective|p1b: Wo-Chien\n|-damage|p1b: Wo-Chien|74\/100\n|-heal|p2a: Mimikyu|86\/100 brn|[from] drain|[of] p1b: Wo-Chien\n|-damage|p2a: Mimikyu|76\/100 brn|[from] item: Life Orb\n|move|p1a: Grimmsnarl|Spirit Break|p2b: Iron Hands\n|-supereffective|p2b: Iron Hands\n|-damage|p2b: Iron Hands|47\/100 brn\n|-unboost|p2b: Iron Hands|spa|1\n|move|p2b: Iron Hands|Drain Punch|p1b: Wo-Chien\n|-supereffective|p1b: Wo-Chien\n|-damage|p1b: Wo-Chien|44\/100\n|-heal|p2b: Iron Hands|59\/100 brn|[from] drain|[of] p1b: Wo-Chien\n|\n|-heal|p1b: Wo-Chien|50\/100|[from] item: Leftovers\n|-damage|p2a: Mimikyu|70\/100 brn|[from] brn\n|-damage|p2b: Iron Hands|53\/100 brn|[from] brn\n|upkeep\n|turn|5\n|inactive|LTR98 has 30 seconds left.\n|inactive|mmmmmag has 30 seconds left.\n|inactive|LTR98 has 20 seconds left.\n|inactive|mmmmmag has 20 seconds left.\n|inactive|mmmmmag has 15 seconds left.\n|\n|t:|1681768340\n|switch|p1a: Arcanine|Arcanine, L50, M|80\/100\n|-ability|p1a: Arcanine|Intimidate|boost\n|-unboost|p2a: Mimikyu|atk|1\n|-unboost|p2b: Iron Hands|atk|1\n|move|p2a: Mimikyu|Drain Punch|p1b: Wo-Chien\n|-supereffective|p1b: Wo-Chien\n|-crit|p1b: Wo-Chien\n|-damage|p1b: Wo-Chien|0 fnt\n|-heal|p2a: Mimikyu|100\/100 brn|[from] drain|[of] p1b: Wo-Chien\n|faint|p1b: Wo-Chien\n|-damage|p2a: Mimikyu|91\/100 brn|[from] item: Life Orb\n|move|p2b: Iron Hands|Drain Punch|p1a: Arcanine\n|-crit|p1a: Arcanine\n|-damage|p1a: Arcanine|37\/100\n|-heal|p2b: Iron Hands|69\/100 brn|[from] drain|[of] p1a: Arcanine\n|\n|-damage|p2a: Mimikyu|84\/100 brn|[from] brn\n|-damage|p2b: Iron Hands|63\/100 brn|[from] brn\n|upkeep\n|\n|t:|1681768355\n|switch|p1b: Palafin|Palafin-Hero, L50, M|100\/100\n|-activate|p1b: Palafin|ability: Zero to Hero\n|turn|6\n|c|\u2606LTR98|Crioddiocane\n|c|\u2606LTR98|Sti cazzo di crit della madonnaputtana\n|n|\u203dLTR98|ltr98\n|c|&|\/log LTR98 was locked from talking by Artemis. (\u2606LTR98: Sti cazzo di crit della madonnaputtana)\n|c|&|\/raw This action was done automatically. Want to learn more about the AI? Visit the information thread<\/a>.<\/small>\n|inactive|LTR98 has 30 seconds left.\n|inactive|mmmmmag has 30 seconds left.\n|inactive|LTR98 has 20 seconds left.\n|inactive|mmmmmag has 20 seconds left.\n|inactive|LTR98 has 15 seconds left.\n|\n|t:|1681768398\n|-terastallize|p1b: Palafin|Water\n|move|p1a: Arcanine|Protect|p1a: Arcanine\n|-singleturn|p1a: Arcanine|Protect\n|move|p2a: Mimikyu|Drain Punch|p1a: Arcanine\n|-activate|p1a: Arcanine|move: Protect\n|move|p1b: Palafin|Wave Crash|p2b: Iron Hands\n|-damage|p2b: Iron Hands|0 fnt\n|faint|p2b: Iron Hands\n|-end|p2b: Iron Hands|Quark Drive|[silent]\n|-damage|p1b: Palafin|73\/100|[from] Recoil\n|\n|-damage|p2a: Mimikyu|78\/100 brn|[from] brn\n|upkeep\n|\n|t:|1681768413\n|switch|p2b: Kingambit|Kingambit, L50, M, shiny|100\/100\n|turn|7\n|\n|t:|1681768431\n|-terastallize|p2b: Kingambit|Flying\n|move|p2a: Mimikyu|Drain Punch|p1b: Palafin\n|-damage|p1b: Palafin|57\/100\n|-heal|p2a: Mimikyu|90\/100 brn|[from] drain|[of] p1b: Palafin\n|-damage|p2a: Mimikyu|80\/100 brn|[from] item: Life Orb\n|move|p1a: Arcanine|Flare Blitz|p2a: Mimikyu\n|-damage|p2a: Mimikyu|0 fnt\n|faint|p2a: Mimikyu\n|-damage|p1a: Arcanine|19\/100|[from] Recoil\n|-enditem|p1a: Arcanine|Figy Berry|[eat]\n|-heal|p1a: Arcanine|52\/100|[from] item: Figy Berry\n|move|p1b: Palafin|Drain Punch|p2b: Kingambit\n|-resisted|p2b: Kingambit\n|-damage|p2b: Kingambit|85\/100\n|-heal|p1b: Palafin|65\/100|[from] drain|[of] p2b: Kingambit\n|move|p2b: Kingambit|Kowtow Cleave|p1a: Arcanine\n|-damage|p1a: Arcanine|10\/100\n|\n|upkeep\n|\n|t:|1681768450\n|switch|p2a: Brute Bonnet|Brute Bonnet, L50, shiny|100\/100\n|turn|8\n|\n|t:|1681768460\n|move|p2a: Brute Bonnet|Rage Powder|p2a: Brute Bonnet\n|-singleturn|p2a: Brute Bonnet|move: Rage Powder\n|move|p1a: Arcanine|Will-O-Wisp|p2a: Brute Bonnet\n|-status|p2a: Brute Bonnet|brn\n|move|p1b: Palafin|Drain Punch|p2a: Brute Bonnet\n|-supereffective|p2a: Brute Bonnet\n|-damage|p2a: Brute Bonnet|53\/100 brn\n|-heal|p1b: Palafin|88\/100|[from] drain|[of] p2a: Brute Bonnet\n|move|p2b: Kingambit|Kowtow Cleave|p1b: Palafin\n|-damage|p1b: Palafin|52\/100\n|\n|-heal|p2a: Brute Bonnet|59\/100 brn|[from] item: Leftovers\n|-damage|p2a: Brute Bonnet|53\/100 brn|[from] brn\n|upkeep\n|turn|9\n|inactive|LTR98 has 30 seconds left.\n|inactive|mmmmmag has 30 seconds left.\n|\n|t:|1681768489\n|move|p2a: Brute Bonnet|Rage Powder|p2a: Brute Bonnet\n|-singleturn|p2a: Brute Bonnet|move: Rage Powder\n|move|p1a: Arcanine|Flare Blitz|p2a: Brute Bonnet\n|-supereffective|p2a: Brute Bonnet\n|-damage|p2a: Brute Bonnet|0 fnt\n|faint|p2a: Brute Bonnet\n|-end|p2a: Brute Bonnet|Protosynthesis|[silent]\n|-damage|p1a: Arcanine|0 fnt|[from] Recoil\n|faint|p1a: Arcanine\n|move|p1b: Palafin|Wave Crash|p2b: Kingambit\n|-damage|p2b: Kingambit|0 fnt\n|faint|p2b: Kingambit\n|-damage|p1b: Palafin|26\/100|[from] Recoil\n|\n|win|LTR98\n|raw|LTR98's rating: 1080 → 1102<\/strong> (+22 for winning)\n|raw|mmmmmag's rating: 1000 → 1000<\/strong> (+0 for losing)\n","uploadtime":1681768373,"views":8,"p1id":"ltr98","p2id":"mmmmmag","formatid":"gen9vgc2023regulationc","rating":1000,"private":0,"password":""}