{"id":"gen9vgc2023regulationc-1845525136","p1":"WindyEng","p2":"pguzmav","format":"[Gen 9] VGC 2023 Regulation C","log":"|j|\u2606WindyEng\n|j|\u2606pguzmav\n|t:|1681742041\n|gametype|doubles\n|player|p1|WindyEng|musician|1132\n|player|p2|pguzmav|2|1207\n|teamsize|p1|6\n|teamsize|p2|6\n|gen|9\n|tier|[Gen 9] VGC 2023 Regulation C\n|rated|\n|rule|Species Clause: Limit one of each Pok\u00e9mon\n|rule|Item Clause: Limit one of each item\n|clearpoke\n|poke|p1|Sandy Shocks, L50|\n|poke|p1|Maushold, L50|\n|poke|p1|Skeledirge, L50, F|\n|poke|p1|Noivern, L50, M|\n|poke|p1|Flapple, L50, M|\n|poke|p1|Sableye, L50, M|\n|poke|p2|Abomasnow, L50, M|\n|poke|p2|Slowking, L50, M|\n|poke|p2|Iron Bundle, L50|\n|poke|p2|Chi-Yu, L50|\n|poke|p2|Scizor, L50, M|\n|poke|p2|Clodsire, L50, M|\n|teampreview|4\n|inactive|Battle timer is ON: inactive players will automatically lose when time's up. (requested by WindyEng)\n|\n|t:|1681742072\n|start\n|switch|p1a: Coarse & Rough|Sandy Shocks, L50|100\/100\n|switch|p1b: We Are The Millers|Maushold, L50, shiny|100\/100\n|switch|p2a: IRON SHADY!!!|Iron Bundle, L50|100\/100\n|switch|p2b: NEMO|Chi-Yu, L50|100\/100\n|-ability|p2b: NEMO|Beads of Ruin\n|-enditem|p1a: Coarse & Rough|Booster Energy\n|-activate|p1a: Coarse & Rough|ability: Protosynthesis|[fromitem]\n|-start|p1a: Coarse & Rough|protosynthesisspe\n|-enditem|p2a: IRON SHADY!!!|Booster Energy\n|-activate|p2a: IRON SHADY!!!|ability: Quark Drive|[fromitem]\n|-start|p2a: IRON SHADY!!!|quarkdrivespa\n|turn|1\n|\n|t:|1681742096\n|-terastallize|p1a: Coarse & Rough|Ghost\n|-terastallize|p2a: IRON SHADY!!!|Ghost\n|move|p1b: We Are The Millers|Protect|p1b: We Are The Millers\n|-singleturn|p1b: We Are The Millers|Protect\n|move|p1a: Coarse & Rough|Discharge|p2a: IRON SHADY!!!|[spread] p2a,p2b\n|-activate|p1b: We Are The Millers|move: Protect\n|-damage|p2a: IRON SHADY!!!|51\/100\n|-damage|p2b: NEMO|69\/100\n|move|p2b: NEMO|Heat Wave|p1a: Coarse & Rough|[spread] p1a\n|-activate|p1b: We Are The Millers|move: Protect\n|-damage|p1a: Coarse & Rough|33\/100\n|move|p2a: IRON SHADY!!!|Freeze-Dry|p1a: Coarse & Rough\n|-damage|p1a: Coarse & Rough|0 fnt\n|faint|p1a: Coarse & Rough\n|-end|p1a: Coarse & Rough|Protosynthesis|[silent]\n|\n|upkeep\n|\n|t:|1681742114\n|switch|p1a: I'm Sorry|Sableye, L50, M|100\/100\n|turn|2\n|\n|t:|1681742137\n|move|p1a: I'm Sorry|Light Screen|p1a: I'm Sorry\n|-sidestart|p1: WindyEng|move: Light Screen\n|move|p2b: NEMO|Heat Wave|p1b: We Are The Millers|[spread] p1a,p1b\n|-damage|p1a: I'm Sorry|56\/100\n|-damage|p1b: We Are The Millers|43\/100\n|move|p1b: We Are The Millers|Population Bomb|p2b: NEMO\n|-damage|p2b: NEMO|52\/100\n|-damage|p2b: NEMO|35\/100\n|-damage|p2b: NEMO|20\/100\n|-damage|p2b: NEMO|3\/100\n|-damage|p2b: NEMO|0 fnt\n|faint|p2b: NEMO\n|-hitcount|p2: NEMO|5\n|move|p2a: IRON SHADY!!!|Hydro Pump|p1b: We Are The Millers|[miss]\n|-miss|p2a: IRON SHADY!!!|p1b: We Are The Millers\n|\n|upkeep\n|\n|t:|1681742157\n|switch|p2b: Clodsire|Clodsire, L50, M|100\/100\n|turn|3\n|inactive|WindyEng has 30 seconds left.\n|\n|t:|1681742184\n|move|p1a: I'm Sorry|Reflect|p1a: I'm Sorry\n|-sidestart|p1: WindyEng|Reflect\n|move|p1b: We Are The Millers|Bite|p2a: IRON SHADY!!!\n|-supereffective|p2a: IRON SHADY!!!\n|-damage|p2a: IRON SHADY!!!|3\/100\n|move|p2a: IRON SHADY!!!|Freeze-Dry|p1b: We Are The Millers\n|-damage|p1b: We Are The Millers|2\/100\n|move|p2b: Clodsire|Toxic|p1b: We Are The Millers\n|-status|p1b: We Are The Millers|tox\n|\n|-damage|p1b: We Are The Millers|0 fnt|[from] psn\n|faint|p1b: We Are The Millers\n|upkeep\n|\n|t:|1681742195\n|switch|p1b: Spitfire|Skeledirge, L50, F|100\/100\n|turn|4\n|\n|t:|1681742215\n|move|p1b: Spitfire|Protect|p1b: Spitfire\n|-singleturn|p1b: Spitfire|Protect\n|move|p1a: I'm Sorry|Will-O-Wisp|p2a: IRON SHADY!!!\n|-status|p2a: IRON SHADY!!!|brn\n|move|p2a: IRON SHADY!!!|Hydro Pump|p1b: Spitfire\n|-activate|p1b: Spitfire|move: Protect\n|move|p2b: Clodsire|Toxic|p1b: Spitfire\n|-activate|p1b: Spitfire|move: Protect\n|\n|-damage|p2a: IRON SHADY!!!|0 fnt|[from] brn\n|faint|p2a: IRON SHADY!!!\n|-end|p2a: IRON SHADY!!!|Quark Drive|[silent]\n|upkeep\n|\n|t:|1681742230\n|switch|p2a: FOURTY-FOUR|Abomasnow, L50, M|100\/100\n|-weather|Snow|[from] ability: Snow Warning|[of] p2a: FOURTY-FOUR\n|turn|5\n|\n|t:|1681742252\n|move|p1a: I'm Sorry|Will-O-Wisp|p2b: Clodsire\n|-status|p2b: Clodsire|brn\n|move|p2a: FOURTY-FOUR|Aurora Veil|p2a: FOURTY-FOUR\n|-sidestart|p2: pguzmav|move: Aurora Veil\n|move|p1b: Spitfire|Torch Song|p2a: FOURTY-FOUR\n|-supereffective|p2a: FOURTY-FOUR\n|-enditem|p2a: FOURTY-FOUR|Focus Sash\n|-damage|p2a: FOURTY-FOUR|1\/100\n|-boost|p1b: Spitfire|spa|1\n|-enditem|p1b: Spitfire|Throat Spray\n|-boost|p1b: Spitfire|spa|1|[from] item: Throat Spray\n|move|p2b: Clodsire|Toxic|p1b: Spitfire\n|-status|p1b: Spitfire|tox\n|\n|-weather|Snow|[upkeep]\n|-damage|p1b: Spitfire|94\/100 tox|[from] psn\n|-damage|p2b: Clodsire|95\/100 brn|[from] brn\n|upkeep\n|turn|6\n|inactive|WindyEng has 30 seconds left.\n|\n|t:|1681742282\n|move|p2a: FOURTY-FOUR|Protect|p2a: FOURTY-FOUR\n|-singleturn|p2a: FOURTY-FOUR|Protect\n|move|p1a: I'm Sorry|Shadow Sneak|p2a: FOURTY-FOUR\n|-activate|p2a: FOURTY-FOUR|move: Protect\n|move|p1b: Spitfire|Torch Song|p2b: Clodsire\n|-damage|p2b: Clodsire|82\/100 brn\n|-boost|p1b: Spitfire|spa|1\n|move|p2b: Clodsire|Curse|p2b: Clodsire\n|-unboost|p2b: Clodsire|spe|1\n|-boost|p2b: Clodsire|atk|1\n|-boost|p2b: Clodsire|def|1\n|\n|-weather|Snow|[upkeep]\n|-heal|p2b: Clodsire|87\/100 brn|[from] item: Leftovers\n|-damage|p1b: Spitfire|82\/100 tox|[from] psn\n|-damage|p2b: Clodsire|82\/100 brn|[from] brn\n|upkeep\n|turn|7\n|\n|t:|1681742304\n|move|p2a: FOURTY-FOUR|Protect|p2a: FOURTY-FOUR\n|-singleturn|p2a: FOURTY-FOUR|Protect\n|move|p1a: I'm Sorry|Shadow Sneak|p2a: FOURTY-FOUR\n|-activate|p2a: FOURTY-FOUR|move: Protect\n|move|p1b: Spitfire|Shadow Ball|p2b: Clodsire\n|-damage|p2b: Clodsire|70\/100 brn\n|move|p2b: Clodsire|Recover|p2b: Clodsire\n|-heal|p2b: Clodsire|100\/100 brn\n|\n|-weather|Snow|[upkeep]\n|-damage|p1b: Spitfire|64\/100 tox|[from] psn\n|-damage|p2b: Clodsire|95\/100 brn|[from] brn\n|upkeep\n|turn|8\n|\n|t:|1681742322\n|move|p1a: I'm Sorry|Shadow Sneak|p2a: FOURTY-FOUR\n|-damage|p2a: FOURTY-FOUR|0 fnt\n|faint|p2a: FOURTY-FOUR\n|move|p1b: Spitfire|Shadow Ball|p2b: Clodsire\n|-damage|p2b: Clodsire|83\/100 brn\n|move|p2b: Clodsire|Toxic|p1a: I'm Sorry\n|-status|p1a: I'm Sorry|tox\n|\n|-weather|Snow|[upkeep]\n|-heal|p2b: Clodsire|89\/100 brn|[from] item: Leftovers\n|-damage|p1b: Spitfire|39\/100 tox|[from] psn\n|-damage|p1a: I'm Sorry|50\/100 tox|[from] psn\n|-damage|p2b: Clodsire|83\/100 brn|[from] brn\n|upkeep\n|turn|9\n|\n|t:|1681742341\n|move|p1a: I'm Sorry|Shadow Sneak|p2b: Clodsire\n|-damage|p2b: Clodsire|77\/100 brn\n|move|p1b: Spitfire|Slack Off|p1b: Spitfire\n|-heal|p1b: Spitfire|89\/100 tox\n|move|p2b: Clodsire|Recover|p2b: Clodsire\n|-heal|p2b: Clodsire|100\/100 brn\n|\n|-weather|none\n|-damage|p1b: Spitfire|58\/100 tox|[from] psn\n|-damage|p1a: I'm Sorry|39\/100 tox|[from] psn\n|-damage|p2b: Clodsire|95\/100 brn|[from] brn\n|-sideend|p1: WindyEng|move: Light Screen\n|-sideend|p2: pguzmav|move: Aurora Veil\n|upkeep\n|turn|10\n|-message|WindyEng forfeited.\n|\n|win|pguzmav\n|raw|WindyEng's rating: 1132 → 1112<\/strong> (-20 for losing)\n|raw|pguzmav's rating: 1207 → 1227<\/strong> (+20 for winning)\n|l|\u2606WindyEng\n|l|\u2606pguzmav\n|j|\u2606pguzmav\n|player|p2|pguzmav|2\n","uploadtime":1681742618,"views":11,"p1id":"windyeng","p2id":"pguzmav","formatid":"gen9vgc2023regulationc","rating":1112,"private":0,"password":""}