{"id":"gen9vgc2023regulationc-1853483828","p1":"BadBadLarry","p2":"Dugtr","format":"[Gen 9] VGC 2023 Regulation C","log":"|j|\u2606BadBadLarry\n|j|\u2606Dugtr\n|t:|1682689702\n|gametype|doubles\n|player|p1|BadBadLarry|101|1254\n|player|p2|Dugtr|hiker-gen4|1247\n|teamsize|p1|6\n|teamsize|p2|6\n|gen|9\n|tier|[Gen 9] VGC 2023 Regulation C\n|rated|\n|rule|Species Clause: Limit one of each Pok\u00e9mon\n|rule|Item Clause: Limit one of each item\n|clearpoke\n|poke|p1|Tyranitar, L50, F|\n|poke|p1|Houndstone, L50, F|\n|poke|p1|Scizor, L50, M|\n|poke|p1|Great Tusk, L50|\n|poke|p1|Garchomp, L50, M|\n|poke|p1|Rotom-Wash, L50|\n|poke|p2|Annihilape, L50, M|\n|poke|p2|Ceruledge, L50, F|\n|poke|p2|Murkrow, L50, F|\n|poke|p2|Arcanine, L50, F|\n|poke|p2|Maushold-Four, L50|\n|poke|p2|Baxcalibur, L50, F|\n|teampreview|4\n|inactive|Battle timer is ON: inactive players will automatically lose when time's up. (requested by Dugtr)\n|inactive|Dugtr has 60 seconds left.\n|inactive|Dugtr has 30 seconds left.\n|inactive|Dugtr has 20 seconds left.\n|inactive|Dugtr has 15 seconds left.\n|inactive|Dugtr has 10 seconds left.\n|inactive|Dugtr has 5 seconds left.\n|\n|t:|1682689789\n|start\n|switch|p1a: Garchomp|Garchomp, L50, M|100\/100\n|switch|p1b: Rotom|Rotom-Wash, L50|100\/100\n|switch|p2a: Arcanine|Arcanine, L50, F|100\/100\n|switch|p2b: Annihilape|Annihilape, L50, M|100\/100\n|-ability|p2a: Arcanine|Intimidate|boost\n|-unboost|p1a: Garchomp|atk|1\n|-unboost|p1b: Rotom|atk|1\n|turn|1\n|inactive|BadBadLarry has 30 seconds left.\n|\n|t:|1682689816\n|-terastallize|p1a: Garchomp|Ground\n|move|p1a: Garchomp|Earthquake|p2b: Annihilape|[spread] p2a,p2b\n|-immune|p1b: Rotom|[from] ability: Levitate\n|-supereffective|p2a: Arcanine\n|-damage|p2a: Arcanine|8\/100\n|-damage|p2b: Annihilape|59\/100\n|-damage|p1a: Garchomp|91\/100|[from] item: Life Orb\n|move|p1b: Rotom|Shadow Ball|p2b: Annihilape\n|-supereffective|p2b: Annihilape\n|-damage|p2b: Annihilape|0 fnt\n|faint|p2b: Annihilape\n|move|p2a: Arcanine|Will-O-Wisp|p1a: Garchomp\n|-status|p1a: Garchomp|brn\n|\n|-damage|p1a: Garchomp|85\/100 brn|[from] brn\n|upkeep\n|inactive|Dugtr has 30 seconds left.\n|\n|t:|1682689842\n|switch|p2b: Ceruledge|Ceruledge, L50, F|100\/100\n|turn|2\n|inactive|Dugtr has 30 seconds left.\n|inactive|Dugtr has 20 seconds left.\n|\n|t:|1682689880\n|-terastallize|p2b: Ceruledge|Grass\n|move|p2a: Arcanine|Protect|p2a: Arcanine\n|-singleturn|p2a: Arcanine|Protect\n|move|p1a: Garchomp|Rock Slide|p2b: Ceruledge|[spread] p2b\n|-activate|p2a: Arcanine|move: Protect\n|-damage|p2b: Ceruledge|90\/100\n|-damage|p1a: Garchomp|75\/100 brn|[from] item: Life Orb\n|move|p1b: Rotom|Shadow Ball|p2b: Ceruledge\n|-damage|p2b: Ceruledge|53\/100\n|-unboost|p2b: Ceruledge|spd|1\n|move|p2b: Ceruledge|Bulk Up|p2b: Ceruledge\n|-boost|p2b: Ceruledge|atk|1\n|-boost|p2b: Ceruledge|def|1\n|\n|-damage|p1a: Garchomp|69\/100 brn|[from] brn\n|upkeep\n|turn|3\n|\n|t:|1682689902\n|move|p2a: Arcanine|Extreme Speed|p1b: Rotom\n|-damage|p1b: Rotom|64\/100\n|move|p2b: Ceruledge|Shadow Sneak|p1b: Rotom\n|-damage|p1b: Rotom|8\/100\n|-damage|p2b: Ceruledge|43\/100|[from] item: Life Orb\n|move|p1a: Garchomp|Earthquake|p2a: Arcanine|[spread] p2a,p2b\n|-immune|p1b: Rotom|[from] ability: Levitate\n|-supereffective|p2a: Arcanine\n|-resisted|p2b: Ceruledge\n|-damage|p2a: Arcanine|0 fnt\n|-damage|p2b: Ceruledge|33\/100\n|faint|p2a: Arcanine\n|-damage|p1a: Garchomp|59\/100 brn|[from] item: Life Orb\n|move|p1b: Rotom|Shadow Ball|p2b: Ceruledge\n|-damage|p2b: Ceruledge|0 fnt\n|faint|p2b: Ceruledge\n|\n|-damage|p1a: Garchomp|53\/100 brn|[from] brn\n|upkeep\n|\n|t:|1682689913\n|switch|p2b: Baxcalibur|Baxcalibur, L50, F|100\/100\n|turn|4\n|\n|t:|1682689923\n|move|p2b: Baxcalibur|Protect|p2b: Baxcalibur\n|-singleturn|p2b: Baxcalibur|Protect\n|move|p1a: Garchomp|Dragon Claw|p2b: Baxcalibur\n|-activate|p2b: Baxcalibur|move: Protect\n|move|p1b: Rotom|Shadow Ball|p2b: Baxcalibur\n|-activate|p2b: Baxcalibur|move: Protect\n|\n|-damage|p1a: Garchomp|47\/100 brn|[from] brn\n|upkeep\n|turn|5\n|\n|t:|1682689937\n|move|p2b: Baxcalibur|Ice Shard|p1a: Garchomp\n|-supereffective|p1a: Garchomp\n|-damage|p1a: Garchomp|0 fnt\n|faint|p1a: Garchomp\n|move|p1b: Rotom|Shadow Ball|p2b: Baxcalibur\n|-damage|p2b: Baxcalibur|64\/100\n|\n|upkeep\n|\n|t:|1682689942\n|switch|p1a: Great Tusk|Great Tusk, L50|100\/100\n|-enditem|p1a: Great Tusk|Booster Energy\n|-activate|p1a: Great Tusk|ability: Protosynthesis|[fromitem]\n|-start|p1a: Great Tusk|protosynthesisatk\n|turn|6\n|\n|t:|1682689948\n|move|p2b: Baxcalibur|Protect|p2b: Baxcalibur\n|-singleturn|p2b: Baxcalibur|Protect\n|move|p1a: Great Tusk|Knock Off|p2b: Baxcalibur\n|-activate|p2b: Baxcalibur|move: Protect\n|move|p1b: Rotom|Shadow Ball|p2b: Baxcalibur\n|-activate|p2b: Baxcalibur|move: Protect\n|\n|upkeep\n|turn|7\n|\n|t:|1682689951\n|move|p1a: Great Tusk|Knock Off|p2b: Baxcalibur\n|-damage|p2b: Baxcalibur|19\/100\n|-enditem|p2b: Baxcalibur|Dragon Fang|[from] move: Knock Off|[of] p1a: Great Tusk\n|move|p1b: Rotom|Shadow Ball|p2b: Baxcalibur\n|-damage|p2b: Baxcalibur|0 fnt\n|faint|p2b: Baxcalibur\n|\n|win|BadBadLarry\n|raw|BadBadLarry's rating: 1254 → 1278<\/strong> (+24 for winning)\n|raw|Dugtr's rating: 1247 → 1223<\/strong> (-24 for losing)\n|l|\u2606Dugtr\n","uploadtime":1682689962,"views":8,"p1id":"badbadlarry","p2id":"dugtr","formatid":"gen9vgc2023regulationc","rating":1223,"private":0,"password":""}