{"id":"gen9vgc2023regulationc-1857417943","p1":"MillionDollarBaby","p2":"jdtorres","format":"[Gen 9] VGC 2023 Regulation C","log":"|j|\u2606MillionDollarBaby\n|j|\u2606jdtorres\n|t:|1683189865\n|gametype|doubles\n|player|p1|MillionDollarBaby|veteranf|\n|player|p2|jdtorres|wallace|\n|teamsize|p1|6\n|teamsize|p2|6\n|gen|9\n|tier|[Gen 9] VGC 2023 Regulation C\n|rule|Species Clause: Limit one of each Pok\u00e9mon\n|rule|Item Clause: Limit one of each item\n|clearpoke\n|poke|p1|Amoonguss, L50, F|\n|poke|p1|Arcanine, L50, M|\n|poke|p1|Tyranitar, L50, F|\n|poke|p1|Palafin, L50, M|\n|poke|p1|Flutter Mane, L50|\n|poke|p1|Corviknight, L50, F|\n|poke|p2|Murkrow, L50, M|\n|poke|p2|Great Tusk, L50|\n|poke|p2|Flutter Mane, L50|\n|poke|p2|Chi-Yu, L50|\n|poke|p2|Iron Bundle, L50|\n|poke|p2|Kingambit, L50, M|\n|teampreview|4\nMillionDollarBaby has agreed to open team sheets.\njdtorres has agreed to open team sheets.\n|j| kisch apprentice\n|\n|t:|1683189914\n|start\n|switch|p1a: Arcanine|Arcanine, L50, M|100\/100\n|switch|p1b: Corviknight|Corviknight, L50, F|100\/100\n|switch|p2a: Murkrow|Murkrow, L50, M|100\/100\n|switch|p2b: Chi-Yu|Chi-Yu, L50|100\/100\n|-ability|p2b: Chi-Yu|Beads of Ruin\n|-ability|p1a: Arcanine|Intimidate|boost\n|-unboost|p2a: Murkrow|atk|1\n|-unboost|p2b: Chi-Yu|atk|1\n|turn|1\n|\n|t:|1683189955\n|switch|p1b: Tyranitar|Tyranitar, L50, F|100\/100\n|-weather|Sandstorm|[from] ability: Sand Stream|[of] p1b: Tyranitar\n|move|p2a: Murkrow|Sunny Day|p2a: Murkrow\n|-weather|SunnyDay\n|move|p2b: Chi-Yu|Heat Wave|p1a: Arcanine|[spread] p1a,p1b\n|-resisted|p1a: Arcanine\n|-resisted|p1b: Tyranitar\n|-damage|p1a: Arcanine|45\/100\n|-damage|p1b: Tyranitar|73\/100\n|-damage|p2b: Chi-Yu|91\/100|[from] item: Life Orb\n|move|p1a: Arcanine|Flare Blitz|p2a: Murkrow\n|-damage|p2a: Murkrow|27\/100\n|-damage|p1a: Arcanine|24\/100|[from] Recoil\n|\n|-weather|SunnyDay|[upkeep]\n|upkeep\n|turn|2\n|\n|t:|1683189977\n|-terastallize|p1b: Tyranitar|Water\n|move|p2b: Chi-Yu|Protect|p2b: Chi-Yu\n|-singleturn|p2b: Chi-Yu|Protect\n|move|p1a: Arcanine|Extreme Speed|p2a: Murkrow\n|-damage|p2a: Murkrow|5\/100\n|move|p2a: Murkrow|Tailwind|p2a: Murkrow\n|-sidestart|p2: jdtorres|move: Tailwind\n|move|p1b: Tyranitar|Rock Slide|p2a: Murkrow|[spread] p2a\n|-activate|p2b: Chi-Yu|move: Protect\n|-supereffective|p2a: Murkrow\n|-damage|p2a: Murkrow|0 fnt\n|faint|p2a: Murkrow\n|\n|-weather|SunnyDay|[upkeep]\n|upkeep\n|\n|t:|1683189992\n|switch|p2a: Flutter Mane|Flutter Mane, L50|100\/100\n|-activate|p2a: Flutter Mane|ability: Protosynthesis\n|-start|p2a: Flutter Mane|protosynthesisspa\n|turn|3\n|\n|t:|1683190011\n|switch|p1b: Corviknight|Corviknight, L50, F|100\/100\n|-terastallize|p2a: Flutter Mane|Fairy\n|move|p1a: Arcanine|Protect|p1a: Arcanine\n|-singleturn|p1a: Arcanine|Protect\n|move|p2a: Flutter Mane|Dazzling Gleam|p1a: Arcanine|[spread] p1b\n|-activate|p1a: Arcanine|move: Protect\n|-resisted|p1b: Corviknight\n|-damage|p1b: Corviknight|44\/100\n|move|p2b: Chi-Yu|Dark Pulse|p1b: Corviknight\n|-damage|p1b: Corviknight|0 fnt\n|faint|p1b: Corviknight\n|-damage|p2b: Chi-Yu|82\/100|[from] item: Life Orb\n|\n|-weather|SunnyDay|[upkeep]\n|upkeep\n|\n|t:|1683190024\n|switch|p1b: Tyranitar|Tyranitar, L50, F, tera:Water|73\/100\n|-weather|Sandstorm|[from] ability: Sand Stream|[of] p1b: Tyranitar\n|-end|p2a: Flutter Mane|Protosynthesis\n|turn|4\n|\n|t:|1683190036\n|move|p1a: Arcanine|Extreme Speed|p2a: Flutter Mane\n|-damage|p2a: Flutter Mane|60\/100\n|move|p2a: Flutter Mane|Dazzling Gleam|p1b: Tyranitar|[spread] p1a,p1b\n|-resisted|p1a: Arcanine\n|-damage|p1a: Arcanine|0 fnt\n|-damage|p1b: Tyranitar|26\/100\n|faint|p1a: Arcanine\n|move|p2b: Chi-Yu|Dark Pulse|p1b: Tyranitar\n|-damage|p1b: Tyranitar|0 fnt\n|faint|p1b: Tyranitar\n|-damage|p2b: Chi-Yu|72\/100|[from] item: Life Orb\n|\n|-weather|Sandstorm|[upkeep]\n|-damage|p2a: Flutter Mane|54\/100|[from] Sandstorm\n|-damage|p2b: Chi-Yu|67\/100|[from] Sandstorm\n|upkeep\n|\n|t:|1683190043\n|switch|p1b: Flutter Mane|Flutter Mane, L50|100\/100\n|turn|5\n|\n|t:|1683190051\n|move|p2a: Flutter Mane|Dazzling Gleam|p1b: Flutter Mane\n|-damage|p1b: Flutter Mane|0 fnt\n|faint|p1b: Flutter Mane\n|-end|p1b: Flutter Mane|Protosynthesis|[silent]\n|\n|win|jdtorres\n","uploadtime":1683190056,"views":18,"p1id":"milliondollarbaby","p2id":"jdtorres","formatid":"gen9vgc2023regulationc","rating":0,"private":0,"password":""}