{"id":"gen9vgc2023regulationc-1858465965","p1":"PBR ESC4N0R","p2":"lancebob852","format":"[Gen 9] VGC 2023 Regulation C","log":"|j|\u2606PBR ESC4N0R\n|j|\u2606lancebob852\n|t:|1683314995\n|gametype|doubles\n|player|p1|PBR ESC4N0R|firebreather|1323\n|player|p2|lancebob852|2|1363\n|teamsize|p1|6\n|teamsize|p2|6\n|gen|9\n|tier|[Gen 9] VGC 2023 Regulation C\n|rated|\n|rule|Species Clause: Limit one of each Pok\u00e9mon\n|rule|Item Clause: Limit one of each item\n|clearpoke\n|poke|p1|Arcanine, L50, F|\n|poke|p1|Flutter Mane, L50|\n|poke|p1|Amoonguss, L50, M|\n|poke|p1|Palafin, L50, M|\n|poke|p1|Ting-Lu, L50|\n|poke|p1|Baxcalibur, L50, M|\n|poke|p2|Ceruledge, L50, F|\n|poke|p2|Iron Bundle, L50|\n|poke|p2|Brute Bonnet, L50|\n|poke|p2|Corviknight, L50, M|\n|poke|p2|Chi-Yu, L50|\n|poke|p2|Flutter Mane, L50|\n|teampreview|4\n|inactive|Battle timer is ON: inactive players will automatically lose when time's up. (requested by lancebob852)\nlancebob852 has agreed to open team sheets.\nPBR ESC4N0R has agreed to open team sheets.\n|inactive|PBR ESC4N0R has 60 seconds left.\n|inactive|lancebob852 has 60 seconds left.\n|\n|t:|1683315035\n|start\n|switch|p1a: Palafin|Palafin, L50, M, shiny|100\/100\n|switch|p1b: Baxcalibur|Baxcalibur, L50, M|100\/100\n|switch|p2a: Brute Bonnet|Brute Bonnet, L50|100\/100\n|switch|p2b: Ceruledge|Ceruledge, L50, F|100\/100\n|turn|1\n|inactive|PBR ESC4N0R has 30 seconds left.\n|inactive|lancebob852 has 30 seconds left.\n|inactive|PBR ESC4N0R has 20 seconds left.\n|\n|t:|1683315074\n|detailschange|p1a: Palafin|Palafin-Hero, L50, M, shiny\n|switch|p1a: Arcanine|Arcanine, L50, F, shiny|100\/100\n|-ability|p1a: Arcanine|Intimidate|boost\n|-unboost|p2a: Brute Bonnet|atk|1\n|-fail|p2b: Ceruledge|unboost|[from] item: Clear Amulet|[of] p2b: Ceruledge\n|-terastallize|p1b: Baxcalibur|Poison\n|-terastallize|p2a: Brute Bonnet|Fire\n|move|p1b: Baxcalibur|Icicle Crash|p2a: Brute Bonnet\n|-resisted|p2a: Brute Bonnet\n|-damage|p2a: Brute Bonnet|76\/100\n|move|p2b: Ceruledge|Bulk Up|p2b: Ceruledge\n|-boost|p2b: Ceruledge|atk|1\n|-boost|p2b: Ceruledge|def|1\n|move|p2a: Brute Bonnet|Spore|p1b: Baxcalibur\n|-status|p1b: Baxcalibur|slp|[from] move: Spore\n|\n|upkeep\n|turn|2\n|inactive|lancebob852 has 30 seconds left.\n|\n|t:|1683315106\n|cant|p1b: Baxcalibur|slp\n|move|p1a: Arcanine|Howl|p1a: Arcanine|[spread] p1a,p1b\n|-boost|p1a: Arcanine|atk|1\n|-boost|p1b: Baxcalibur|atk|1\n|move|p2b: Ceruledge|Bulk Up|p2b: Ceruledge\n|-boost|p2b: Ceruledge|atk|1\n|-boost|p2b: Ceruledge|def|1\n|move|p2a: Brute Bonnet|Bullet Seed|p1a: Arcanine\n|-resisted|p1a: Arcanine\n|-damage|p1a: Arcanine|95\/100\n|-resisted|p1a: Arcanine\n|-damage|p1a: Arcanine|90\/100\n|-resisted|p1a: Arcanine\n|-crit|p1a: Arcanine\n|-damage|p1a: Arcanine|79\/100\n|-resisted|p1a: Arcanine\n|-damage|p1a: Arcanine|74\/100\n|-resisted|p1a: Arcanine\n|-damage|p1a: Arcanine|69\/100\n|-hitcount|p1a: Arcanine|5\n|\n|upkeep\n|turn|3\n|\n|t:|1683315130\n|move|p2a: Brute Bonnet|Sucker Punch|p1b: Baxcalibur\n|-damage|p1b: Baxcalibur|75\/100 slp\n|move|p1a: Arcanine|Howl|p1a: Arcanine|[spread] p1a,p1b\n|-boost|p1a: Arcanine|atk|1\n|-boost|p1b: Baxcalibur|atk|1\n|cant|p1b: Baxcalibur|slp\n|move|p2b: Ceruledge|Bitter Blade|p1b: Baxcalibur\n|-damage|p1b: Baxcalibur|0 fnt\n|faint|p1b: Baxcalibur\n|\n|upkeep\n|\n|t:|1683315150\n|switch|p1b: Palafin|Palafin-Hero, L50, M, shiny|100\/100\n|-activate|p1b: Palafin|ability: Zero to Hero\n|turn|4\n|\n|t:|1683315173\n|-end|p2a: Brute Bonnet|Protosynthesis|[silent]\n|switch|p2a: Iron Bundle|Iron Bundle, L50|100\/100\n|-enditem|p2a: Iron Bundle|Booster Energy\n|-activate|p2a: Iron Bundle|ability: Quark Drive|[fromitem]\n|-start|p2a: Iron Bundle|quarkdrivespe\n|move|p1a: Arcanine|Extreme Speed|p2a: Iron Bundle\n|-damage|p2a: Iron Bundle|42\/100\n|move|p2b: Ceruledge|Shadow Sneak|p1a: Arcanine\n|-damage|p1a: Arcanine|26\/100\n|move|p1b: Palafin|Wave Crash|p2b: Ceruledge\n|-supereffective|p2b: Ceruledge\n|-damage|p2b: Ceruledge|0 fnt\n|faint|p2b: Ceruledge\n|-damage|p1b: Palafin|72\/100|[from] Recoil\n|\n|upkeep\n|\n|t:|1683315188\n|switch|p2b: Brute Bonnet|Brute Bonnet, L50, tera:Fire|76\/100\n|turn|5\n|inactive|lancebob852 has 30 seconds left.\n|\n|t:|1683315214\n|-end|p2a: Iron Bundle|Quark Drive|[silent]\n|switch|p2a: Flutter Mane|Flutter Mane, L50|100\/100\n|move|p1a: Arcanine|Extreme Speed|p2a: Flutter Mane\n|-immune|p2a: Flutter Mane\n|move|p1b: Palafin|Jet Punch|p2b: Brute Bonnet\n|-supereffective|p2b: Brute Bonnet\n|-damage|p2b: Brute Bonnet|0 fnt\n|faint|p2b: Brute Bonnet\n|-end|p2b: Brute Bonnet|Protosynthesis|[silent]\n|\n|upkeep\n|\n|t:|1683315222\n|switch|p2b: Iron Bundle|Iron Bundle, L50|42\/100\n|turn|6\n|\n|t:|1683315244\n|move|p2b: Iron Bundle|Protect|p2b: Iron Bundle\n|-singleturn|p2b: Iron Bundle|Protect\n|move|p1a: Arcanine|Extreme Speed|p2b: Iron Bundle\n|-activate|p2b: Iron Bundle|move: Protect\n|move|p1b: Palafin|Jet Punch|p2a: Flutter Mane\n|-damage|p2a: Flutter Mane|13\/100\n|move|p2a: Flutter Mane|Shadow Ball|p1a: Arcanine\n|-damage|p1a: Arcanine|0 fnt\n|faint|p1a: Arcanine\n|\n|upkeep\n|\n|t:|1683315257\n|switch|p1a: Ting-Lu|Ting-Lu, L50|100\/100\n|-ability|p1a: Ting-Lu|Vessel of Ruin\n|turn|7\n|\n|t:|1683315267\n|move|p1b: Palafin|Protect|p1b: Palafin\n|-singleturn|p1b: Palafin|Protect\n|move|p2b: Iron Bundle|Freeze-Dry|p1b: Palafin\n|-activate|p1b: Palafin|move: Protect\n|move|p2a: Flutter Mane|Shadow Ball|p1b: Palafin\n|-activate|p1b: Palafin|move: Protect\n|move|p1a: Ting-Lu|Earthquake|p2b: Iron Bundle|[spread] p2a,p2b\n|-activate|p1b: Palafin|move: Protect\n|-damage|p2a: Flutter Mane|0 fnt\n|-damage|p2b: Iron Bundle|6\/100\n|faint|p2a: Flutter Mane\n|-end|p2a: Flutter Mane|Protosynthesis|[silent]\n|\n|upkeep\n|turn|8\n|-message|lancebob852 forfeited.\n|\n|win|PBR ESC4N0R\n|raw|PBR ESC4N0R's rating: 1323 → 1345<\/strong> (+22 for winning)\n|raw|lancebob852's rating: 1363 → 1341<\/strong> (-22 for losing)\n|l|\u2606lancebob852\n","uploadtime":1683315286,"views":17,"p1id":"pbresc4n0r","p2id":"lancebob852","formatid":"gen9vgc2023regulationc","rating":1341,"private":0,"password":""}