{"id":"gen9vgc2023regulationc-1854200942","p1":"christian_hvn","p2":"Zucmpall","format":"[Gen 9] VGC 2023 Regulation C","log":"|j|\u2606christian_hvn\n|j|\u2606Zucmpall\n|t:|1682782917\n|gametype|doubles\n|player|p1|christian_hvn|marley|1313\n|player|p2|Zucmpall|265|1212\n|teamsize|p1|6\n|teamsize|p2|6\n|gen|9\n|tier|[Gen 9] VGC 2023 Regulation C\n|rated|\n|rule|Species Clause: Limit one of each Pok\u00e9mon\n|rule|Item Clause: Limit one of each item\n|clearpoke\n|poke|p1|Volcarona, L50, M|\n|poke|p1|Abomasnow, L50, M|\n|poke|p1|Iron Bundle, L50|\n|poke|p1|Dondozo, L50, M|\n|poke|p1|Tatsugiri, L50, M|\n|poke|p1|Ting-Lu, L50|\n|poke|p2|Volcarona, L50, F|\n|poke|p2|Gyarados, L50, M|\n|poke|p2|Flutter Mane, L50|\n|poke|p2|Brute Bonnet, L50|\n|poke|p2|Great Tusk, L50|\n|poke|p2|Murkrow, L50, M|\n|teampreview|4\nchristian_hvn has agreed to open team sheets.\n|\n|t:|1682782985\n|start\n|switch|p1a: Iron Bundle|Iron Bundle, L50|100\/100\n|switch|p1b: Volcarona|Volcarona, L50, M|100\/100\n|switch|p2a: Volcarona|Volcarona, L50, F, shiny|100\/100\n|switch|p2b: Gyarados|Gyarados, L50, M, shiny|100\/100\n|-ability|p2b: Gyarados|Intimidate|boost\n|-unboost|p1a: Iron Bundle|atk|1\n|-unboost|p1b: Volcarona|atk|1\n|-enditem|p1a: Iron Bundle|Booster Energy\n|-activate|p1a: Iron Bundle|ability: Quark Drive|[fromitem]\n|-start|p1a: Iron Bundle|quarkdrivespe\n|turn|1\n|\n|t:|1682783035\n|-terastallize|p2a: Volcarona|Water\n|move|p2b: Gyarados|Protect|p2b: Gyarados\n|-singleturn|p2b: Gyarados|Protect\n|move|p1a: Iron Bundle|Freeze-Dry|p2b: Gyarados\n|-activate|p2b: Gyarados|move: Protect\n|move|p1b: Volcarona|Quiver Dance|p1b: Volcarona\n|-boost|p1b: Volcarona|spa|1\n|-boost|p1b: Volcarona|spd|1\n|-boost|p1b: Volcarona|spe|1\n|move|p2a: Volcarona|Quiver Dance|p2a: Volcarona\n|-boost|p2a: Volcarona|spa|1\n|-boost|p2a: Volcarona|spd|1\n|-boost|p2a: Volcarona|spe|1\n|\n|upkeep\n|turn|2\n|\n|t:|1682783060\n|move|p1b: Volcarona|Protect|p1b: Volcarona\n|-singleturn|p1b: Volcarona|Protect\n|move|p1a: Iron Bundle|Freeze-Dry|p2b: Gyarados\n|-supereffective|p2b: Gyarados\n|-damage|p2b: Gyarados|0 fnt\n|faint|p2b: Gyarados\n|move|p2a: Volcarona|Heat Wave|p1b: Volcarona|[spread] p1a\n|-activate|p1b: Volcarona|move: Protect\n|-damage|p1a: Iron Bundle|0 fnt\n|faint|p1a: Iron Bundle\n|-end|p1a: Iron Bundle|Quark Drive|[silent]\n|\n|upkeep\n|\n|t:|1682783097\n|switch|p1a: Dondozo|Dondozo, L50, M|100\/100\n|switch|p2b: Flutter Mane|Flutter Mane, L50|100\/100\n|turn|3\n|\n|t:|1682783112\n|move|p1a: Dondozo|Protect|p1a: Dondozo\n|-singleturn|p1a: Dondozo|Protect\n|move|p1b: Volcarona|Giga Drain|p2a: Volcarona\n|-supereffective|p2a: Volcarona\n|-damage|p2a: Volcarona|59\/100\n|move|p2a: Volcarona|Heat Wave|p1b: Volcarona|[spread] p1b\n|-activate|p1a: Dondozo|move: Protect\n|-damage|p1b: Volcarona|67\/100\n|move|p2b: Flutter Mane|Energy Ball|p1a: Dondozo\n|-activate|p1a: Dondozo|move: Protect\n|\n|upkeep\n|turn|4\n|\n|t:|1682783151\n|switch|p1a: Tatsugiri|Tatsugiri, L50, M|100\/100\n|move|p1b: Volcarona|Giga Drain|p2a: Volcarona\n|-supereffective|p2a: Volcarona\n|-damage|p2a: Volcarona|13\/100\n|-heal|p1b: Volcarona|90\/100|[from] drain|[of] p2a: Volcarona\n|move|p2a: Volcarona|Heat Wave|p1a: Tatsugiri|[spread] p1a,p1b\n|-resisted|p1a: Tatsugiri\n|-damage|p1a: Tatsugiri|80\/100\n|-damage|p1b: Volcarona|54\/100\n|move|p2b: Flutter Mane|Energy Ball|p1a: Tatsugiri\n|-damage|p1a: Tatsugiri|20\/100\n|\n|upkeep\n|turn|5\n|\n|t:|1682783183\n|switch|p1b: Dondozo|Dondozo, L50, M|100\/100\n|-activate|p1a: Tatsugiri|ability: Commander|[of] p1b: Dondozo\n|-boost|p1b: Dondozo|atk|2\n|-boost|p1b: Dondozo|spa|2\n|-boost|p1b: Dondozo|spe|2\n|-boost|p1b: Dondozo|def|2\n|-boost|p1b: Dondozo|spd|2\n|-end|p2b: Flutter Mane|Protosynthesis|[silent]\n|switch|p2b: Badwish|Murkrow, L50, M|100\/100\n|move|p2a: Volcarona|Protect||[still]\n|-fail|p2a: Volcarona\n|\n|upkeep\n|turn|6\n|\n|t:|1682783203\n|move|p2a: Volcarona|Protect|p2a: Volcarona\n|-singleturn|p2a: Volcarona|Protect\n|move|p2b: Badwish|Haze|p2b: Badwish\n|-clearallboost\n|move|p1b: Dondozo|Order Up|p2a: Volcarona\n|-activate|p2a: Volcarona|move: Protect\n|\n|upkeep\n|turn|7\n|\n|t:|1682783228\n|switch|p2a: Flutter Mane|Flutter Mane, L50|100\/100\n|move|p2b: Badwish|Taunt|p1b: Dondozo\n|-start|p1b: Dondozo|move: Taunt\n|move|p1b: Dondozo|Order Up|p2a: Flutter Mane\n|-immune|p2a: Flutter Mane\n|\n|upkeep\n|turn|8\n|\n|t:|1682783247\n|-terastallize|p1b: Dondozo|Steel\n|move|p2a: Flutter Mane|Energy Ball|p1b: Dondozo\n|-resisted|p1b: Dondozo\n|-damage|p1b: Dondozo|80\/100\n|move|p2b: Badwish|Foul Play|p1b: Dondozo\n|-damage|p1b: Dondozo|53\/100\n|move|p1b: Dondozo|Wave Crash|p2a: Flutter Mane\n|-damage|p2a: Flutter Mane|8\/100\n|-damage|p1b: Dondozo|31\/100|[from] Recoil\n|\n|upkeep\n|turn|9\n|\n|t:|1682783270\n|move|p2a: Flutter Mane|Energy Ball|p1b: Dondozo\n|-resisted|p1b: Dondozo\n|-damage|p1b: Dondozo|10\/100\n|-unboost|p1b: Dondozo|spd|1\n|move|p2b: Badwish|Foul Play|p1b: Dondozo\n|-damage|p1b: Dondozo|0 fnt\n|faint|p1b: Dondozo\n|\n|upkeep\n|\n|t:|1682783280\n|switch|p1b: Volcarona|Volcarona, L50, M|54\/100\n|turn|10\n|l|\u2606Zucmpall\n|player|p2|\n|j|\u2606Zucmpall\n|player|p2|Zucmpall|265\n|\n|t:|1682783330\n|move|p2b: Badwish|Tailwind|p2b: Badwish\n|-sidestart|p2: Zucmpall|move: Tailwind\n|move|p2a: Flutter Mane|Energy Ball|p1a: Tatsugiri\n|-damage|p1a: Tatsugiri|0 fnt\n|faint|p1a: Tatsugiri\n|move|p1b: Volcarona|Quiver Dance|p1b: Volcarona\n|-boost|p1b: Volcarona|spa|1\n|-boost|p1b: Volcarona|spd|1\n|-boost|p1b: Volcarona|spe|1\n|\n|upkeep\n|turn|11\n|\n|t:|1682783351\n|move|p2b: Badwish|Haze|p2b: Badwish\n|-clearallboost\n|move|p2a: Flutter Mane|Energy Ball|p1b: Volcarona\n|-resisted|p1b: Volcarona\n|-damage|p1b: Volcarona|43\/100\n|-enditem|p1b: Volcarona|Sitrus Berry|[eat]\n|-heal|p1b: Volcarona|68\/100|[from] item: Sitrus Berry\n|move|p1b: Volcarona|Giga Drain|p2a: Flutter Mane\n|-damage|p2a: Flutter Mane|0 fnt\n|-heal|p1b: Volcarona|71\/100|[from] drain|[of] p2a: Flutter Mane\n|faint|p2a: Flutter Mane\n|-end|p2a: Flutter Mane|Protosynthesis|[silent]\n|\n|upkeep\n|\n|t:|1682783365\n|switch|p2a: Volcarona|Volcarona, L50, F, shiny, tera:Water|13\/100\n|turn|12\n|\n|t:|1682783379\n|move|p2a: Volcarona|Heat Wave|p1b: Volcarona\n|-damage|p1b: Volcarona|24\/100\n|move|p2b: Badwish|Foul Play|p1b: Volcarona\n|-damage|p1b: Volcarona|5\/100\n|move|p1b: Volcarona|Giga Drain|p2a: Volcarona\n|-supereffective|p2a: Volcarona\n|-damage|p2a: Volcarona|0 fnt\n|-heal|p1b: Volcarona|11\/100|[from] drain|[of] p2a: Volcarona\n|faint|p2a: Volcarona\n|\n|upkeep\n|turn|13\n|\n|t:|1682783390\n|move|p1b: Volcarona|Protect|p1b: Volcarona\n|-singleturn|p1b: Volcarona|Protect\n|move|p2b: Badwish|Foul Play|p1b: Volcarona\n|-activate|p1b: Volcarona|move: Protect\n|\n|-sideend|p2: Zucmpall|move: Tailwind\n|upkeep\n|turn|14\n|\n|t:|1682783402\n|move|p1b: Volcarona|Giga Drain|p2b: Badwish\n|-resisted|p2b: Badwish\n|-damage|p2b: Badwish|86\/100\n|-heal|p1b: Volcarona|17\/100|[from] drain|[of] p2b: Badwish\n|move|p2b: Badwish|Foul Play|p1b: Volcarona\n|-damage|p1b: Volcarona|0 fnt\n|faint|p1b: Volcarona\n|\n|win|Zucmpall\n|raw|christian_hvn's rating: 1313 → 1287<\/strong> (-26 for losing)\n|raw|Zucmpall's rating: 1212 → 1244<\/strong> (+32 for winning)\n","uploadtime":1682783411,"views":24,"p1id":"christianhvn","p2id":"zucmpall","formatid":"gen9vgc2023regulationc","rating":1244,"private":0,"password":""}