{"id":"gen9vgc2023regulationc-1864170505","p1":"revocolombia","p2":"Msrmotta","format":"[Gen 9] VGC 2023 Regulation C","log":"|j|\u2606revocolombia\n|j|\u2606Msrmotta\n|t:|1684129349\n|gametype|doubles\n|player|p1|revocolombia|pokemonranger-gen4|1371\n|player|p2|Msrmotta|265|1364\n|teamsize|p1|6\n|teamsize|p2|6\n|gen|9\n|tier|[Gen 9] VGC 2023 Regulation C\n|rated|\n|rule|Species Clause: Limit one of each Pok\u00e9mon\n|rule|Item Clause: Limit one of each item\n|clearpoke\n|poke|p1|Flutter Mane, L50|\n|poke|p1|Annihilape, L50, M|\n|poke|p1|Dragonite, L50, M|\n|poke|p1|Chien-Pao, L50|\n|poke|p1|Murkrow, L50, M|\n|poke|p1|Chi-Yu, L50|\n|poke|p2|Garchomp, L50, F|\n|poke|p2|Volcarona, L50, M|\n|poke|p2|Iron Hands, L50|\n|poke|p2|Iron Treads, L50|\n|poke|p2|Iron Jugulis, L50|\n|poke|p2|Gyarados, L50, M|\n|teampreview|4\n|\n|t:|1684129434\n|start\n|switch|p1a: Annihilape|Annihilape, L50, M, shiny|100\/100\n|switch|p1b: Dragonite|Dragonite, L50, M|100\/100\n|switch|p2a: Iron Jugulis|Iron Jugulis, L50|100\/100\n|switch|p2b: Iron Hands|Iron Hands, L50, shiny|100\/100\n|turn|1\n|j| They34\n|\n|t:|1684129454\n|-terastallize|p1a: Annihilape|Fire\n|move|p2b: Iron Hands|Fake Out|p1b: Dragonite\n|-damage|p1b: Dragonite|91\/100\n|move|p2a: Iron Jugulis|Tailwind|p2a: Iron Jugulis\n|-sidestart|p2: Msrmotta|move: Tailwind\n|cant|p1b: Dragonite|flinch\n|move|p1a: Annihilape|Drain Punch|p2a: Iron Jugulis\n|-damage|p2a: Iron Jugulis|54\/100\n|\n|upkeep\n|turn|2\n|\n|t:|1684129498\n|move|p1b: Dragonite|Extreme Speed|p2a: Iron Jugulis\n|-damage|p2a: Iron Jugulis|19\/100\n|move|p2a: Iron Jugulis|Electric Terrain|p2a: Iron Jugulis\n|-fieldstart|move: Electric Terrain\n|-activate|p2a: Iron Jugulis|ability: Quark Drive\n|-start|p2a: Iron Jugulis|quarkdrivespe\n|-activate|p2b: Iron Hands|ability: Quark Drive\n|-start|p2b: Iron Hands|quarkdriveatk\n|move|p2b: Iron Hands|Volt Switch|p1b: Dragonite\n|-damage|p1b: Dragonite|74\/100\n|\n|t:|1684129509\n|-end|p2b: Iron Hands|Quark Drive|[silent]\n|switch|p2b: Iron Treads|Iron Treads, L50|100\/100|[from] Volt Switch\n|-activate|p2b: Iron Treads|ability: Quark Drive\n|-start|p2b: Iron Treads|quarkdrivespe\n|move|p1a: Annihilape|Bulk Up|p1a: Annihilape\n|-boost|p1a: Annihilape|atk|1\n|-boost|p1a: Annihilape|def|1\n|\n|upkeep\n|turn|3\n|\n|t:|1684129549\n|-terastallize|p2b: Iron Treads|Ground\n|move|p1a: Annihilape|Protect|p1a: Annihilape\n|-singleturn|p1a: Annihilape|Protect\n|move|p2a: Iron Jugulis|Air Slash|p1a: Annihilape\n|-activate|p1a: Annihilape|move: Protect\n|move|p2b: Iron Treads|Bulldoze|p1b: Dragonite|[spread] \n|-activate|p1a: Annihilape|move: Protect\n|-immune|p2a: Iron Jugulis\n|-immune|p1b: Dragonite\n|move|p1b: Dragonite|Low Kick|p2b: Iron Treads\n|-damage|p2b: Iron Treads|57\/100\n|\n|upkeep\n|turn|4\n|\n|t:|1684129568\n|switch|p1a: Murkrow|Murkrow, L50, M|100\/100\n|move|p1b: Dragonite|Extreme Speed|p2a: Iron Jugulis\n|-damage|p2a: Iron Jugulis|0 fnt\n|faint|p2a: Iron Jugulis\n|-end|p2a: Iron Jugulis|Quark Drive|[silent]\n|move|p2b: Iron Treads|Rock Slide|p1a: Murkrow|[spread] p1a,p1b\n|-supereffective|p1a: Murkrow\n|-supereffective|p1b: Dragonite\n|-damage|p1a: Murkrow|52\/100\n|-damage|p1b: Dragonite|23\/100\n|-damage|p2b: Iron Treads|48\/100|[from] item: Life Orb\n|\n|-sideend|p2: Msrmotta|move: Tailwind\n|upkeep\n|\n|t:|1684129584\n|switch|p2a: Iron Hands|Iron Hands, L50, shiny|100\/100\n|-activate|p2a: Iron Hands|ability: Quark Drive\n|-start|p2a: Iron Hands|quarkdriveatk\n|turn|5\n|j| THUNDERSND77\n|\n|t:|1684129610\n|switch|p1a: Chien-Pao|Chien-Pao, L50|100\/100\n|-ability|p1a: Chien-Pao|Sword of Ruin\n|move|p2b: Iron Treads|Protect|p2b: Iron Treads\n|-singleturn|p2b: Iron Treads|Protect\n|move|p1b: Dragonite|Extreme Speed|p2b: Iron Treads\n|-activate|p2b: Iron Treads|move: Protect\n|move|p2a: Iron Hands|Volt Switch|p1b: Dragonite\n|-damage|p1b: Dragonite|4\/100\n|\n|t:|1684129622\n|-end|p2a: Iron Hands|Quark Drive|[silent]\n|switch|p2a: Gyarados|Gyarados, L50, M|100\/100|[from] Volt Switch\n|-ability|p2a: Gyarados|Intimidate|boost\n|-unboost|p1a: Chien-Pao|atk|1\n|-unboost|p1b: Dragonite|atk|1\n|\n|upkeep\n|turn|6\n|\n|t:|1684129637\n|move|p2b: Iron Treads|Rock Slide|p1a: Chien-Pao|[spread] p1a,p1b\n|-supereffective|p1a: Chien-Pao\n|-supereffective|p1b: Dragonite\n|-damage|p1a: Chien-Pao|38\/100\n|-damage|p1b: Dragonite|0 fnt\n|faint|p1b: Dragonite\n|-damage|p2b: Iron Treads|38\/100|[from] item: Life Orb\n|move|p1a: Chien-Pao|Ice Spinner|p2b: Iron Treads\n|-supereffective|p2b: Iron Treads\n|-damage|p2b: Iron Treads|0 fnt\n|-fieldend|move: Electric Terrain\n|faint|p2b: Iron Treads\n|-end|p2b: Iron Treads|Quark Drive|[silent]\n|move|p2a: Gyarados|Thunder Wave|p1a: Chien-Pao\n|-status|p1a: Chien-Pao|par\n|\n|upkeep\n|\n|t:|1684129654\n|switch|p2b: Iron Hands|Iron Hands, L50, shiny|100\/100\n|switch|p1b: Murkrow|Murkrow, L50, M|52\/100\n|turn|7\n|\n|t:|1684129671\n|switch|p1b: Annihilape|Annihilape, L50, M, shiny, tera:Fire|100\/100\n|move|p2a: Gyarados|Waterfall|p1a: Chien-Pao\n|-damage|p1a: Chien-Pao|0 fnt\n|faint|p1a: Chien-Pao\n|move|p2b: Iron Hands|Volt Switch|p1b: Annihilape\n|-damage|p1b: Annihilape|90\/100\n|\n|-heal|p1b: Annihilape|96\/100|[from] item: Leftovers\n|upkeep\n|\n|t:|1684129682\n|switch|p1a: Murkrow|Murkrow, L50, M|52\/100\n|turn|8\n|\n|t:|1684129691\n|move|p1a: Murkrow|Taunt|p2a: Gyarados\n|-start|p2a: Gyarados|move: Taunt\n|move|p2a: Gyarados|Waterfall|p1b: Annihilape\n|-supereffective|p1b: Annihilape\n|-damage|p1b: Annihilape|36\/100\n|move|p1b: Annihilape|Bulk Up|p1b: Annihilape\n|-boost|p1b: Annihilape|atk|1\n|-boost|p1b: Annihilape|def|1\n|move|p2b: Iron Hands|Drain Punch|p1a: Murkrow\n|-damage|p1a: Murkrow|0 fnt\n|faint|p1a: Murkrow\n|\n|-heal|p1b: Annihilape|42\/100|[from] item: Leftovers\n|upkeep\n|turn|9\n|\n|t:|1684129710\n|move|p1b: Annihilape|Protect|p1b: Annihilape\n|-singleturn|p1b: Annihilape|Protect\n|move|p2a: Gyarados|Waterfall|p1b: Annihilape\n|-activate|p1b: Annihilape|move: Protect\n|move|p2b: Iron Hands|Drain Punch|p1b: Annihilape\n|-activate|p1b: Annihilape|move: Protect\n|\n|-heal|p1b: Annihilape|48\/100|[from] item: Leftovers\n|upkeep\n|turn|10\n|c|\u2606Msrmotta|GG\n|\n|t:|1684129724\n|move|p2a: Gyarados|Waterfall|p1b: Annihilape\n|-supereffective|p1b: Annihilape\n|-damage|p1b: Annihilape|7\/100\n|cant|p1b: Annihilape|flinch\n|move|p2b: Iron Hands|Drain Punch|p1b: Annihilape\n|-damage|p1b: Annihilape|0 fnt\n|faint|p1b: Annihilape\n|\n|win|Msrmotta\n|raw|revocolombia's rating: 1371 → 1351<\/strong> (-20 for losing)\n|raw|Msrmotta's rating: 1364 → 1384<\/strong> (+20 for winning)\n|l|\u2606Msrmotta\n","uploadtime":1684129742,"views":9,"p1id":"revocolombia","p2id":"msrmotta","formatid":"gen9vgc2023regulationc","rating":1351,"private":0,"password":""}