{"id":"gen9vgc2023regulationc-1861561560","p1":"Blastwalker","p2":"RonJohn","format":"[Gen 9] VGC 2023 Regulation C","log":"|j|\u2606Blastwalker\n|j|\u2606RonJohn\n|t:|1683773476\n|gametype|doubles\n|player|p1|Blastwalker|265|1007\n|player|p2|RonJohn|266|1098\n|teamsize|p1|6\n|teamsize|p2|6\n|gen|9\n|tier|[Gen 9] VGC 2023 Regulation C\n|rated|\n|rule|Species Clause: Limit one of each Pok\u00e9mon\n|rule|Item Clause: Limit one of each item\n|clearpoke\n|poke|p1|Heracross, L50, M|\n|poke|p1|Barraskewda, L50, M|\n|poke|p1|Armarouge, L50, M|\n|poke|p1|Indeedee-F, L50, F|\n|poke|p1|Pawmot, L50, M|\n|poke|p1|Gengar, L50, F|\n|poke|p2|Flutter Mane, L50|\n|poke|p2|Orthworm, L50, M|\n|poke|p2|Dragonite, L50, F|\n|poke|p2|Amoonguss, L50, F|\n|poke|p2|Gyarados, L50, F|\n|poke|p2|Ting-Lu, L50|\n|teampreview|4\n|\n|t:|1683773499\n|start\n|switch|p1a: Heracross|Heracross, L50, M, shiny|100\/100\n|switch|p1b: Barraskewda|Barraskewda, L50, M, shiny|100\/100\n|switch|p2a: Gyarados|Gyarados, L50, F|100\/100\n|switch|p2b: Ting-Lu|Ting-Lu, L50|100\/100\n|-ability|p2a: Gyarados|Intimidate|boost\n|-unboost|p1a: Heracross|atk|1\n|-unboost|p1b: Barraskewda|atk|1\n|-ability|p2b: Ting-Lu|Vessel of Ruin\n|turn|1\n|\n|t:|1683773540\n|switch|p2b: Orthworm|Orthworm, L50, M|100\/100\n|-terastallize|p1a: Heracross|Fairy\n|move|p1b: Barraskewda|Waterfall|p2b: Orthworm\n|-damage|p2b: Orthworm|82\/100\n|move|p1a: Heracross|Tera Blast|p2b: Orthworm\n|-resisted|p2b: Orthworm\n|-damage|p2b: Orthworm|66\/100\n|move|p2a: Gyarados|Thunder Wave|p1b: Barraskewda\n|-status|p1b: Barraskewda|par\n|\n|upkeep\n|turn|2\n|\n|t:|1683773569\n|move|p1a: Heracross|Tera Blast|p2a: Gyarados\n|-damage|p2a: Gyarados|54\/100\n|move|p2a: Gyarados|Thunder Wave|p1a: Heracross\n|-status|p1a: Heracross|par\n|cant|p1b: Barraskewda|par\n|move|p2b: Orthworm|Shed Tail|p2b: Orthworm\n|-start|p2b: Orthworm|Substitute|[from] move: Shed Tail\n|-damage|p2b: Orthworm|16\/100\n|-enditem|p2b: Orthworm|Sitrus Berry|[eat]\n|-heal|p2b: Orthworm|41\/100|[from] item: Sitrus Berry\n|\n|t:|1683773585\n|switch|p2b: Dragonite|Dragonite, L50, F|100\/100|[from] Shed Tail\n|\n|upkeep\n|turn|3\n|\n|t:|1683773602\n|switch|p2a: Orthworm|Orthworm, L50, M|41\/100\n|move|p2b: Dragonite|Earthquake|p1b: Barraskewda|[spread] p1a,p1b\n|-heal|p2a: Orthworm|66\/100|[from] ability: Earth Eater|[of] p2b: Dragonite\n|-damage|p1a: Heracross|59\/100 par\n|-damage|p1b: Barraskewda|47\/100 par\n|move|p1b: Barraskewda|Waterfall|p2b: Dragonite\n|-resisted|p2b: Dragonite\n|-activate|p2b: Dragonite|move: Substitute|[damage]\n|cant|p1a: Heracross|par\n|\n|upkeep\n|turn|4\n|\n|t:|1683773630\n|move|p2b: Dragonite|Dragon Dance|p2b: Dragonite\n|-boost|p2b: Dragonite|atk|1\n|-boost|p2b: Dragonite|spe|1\n|move|p1b: Barraskewda|Brick Break|p2a: Orthworm\n|-supereffective|p2a: Orthworm\n|-damage|p2a: Orthworm|40\/100\n|move|p2a: Orthworm|Body Press|p1b: Barraskewda\n|-damage|p1b: Barraskewda|0 fnt\n|faint|p1b: Barraskewda\n|move|p1a: Heracross|Tera Blast|p2b: Dragonite\n|-supereffective|p2b: Dragonite\n|-end|p2b: Dragonite|Substitute\n|\n|upkeep\n|\n|t:|1683773644\n|switch|p1b: Armarouge|Armarouge, L50, M, shiny|100\/100\n|turn|5\n|\n|t:|1683773655\n|move|p1b: Armarouge|Wide Guard|p1b: Armarouge\n|-singleturn|p1b: Armarouge|Wide Guard\n|move|p2b: Dragonite|Earthquake|p1a: Heracross|[spread] \n|-activate|p1a: Heracross|move: Wide Guard\n|-activate|p1b: Armarouge|move: Wide Guard\n|-heal|p2a: Orthworm|65\/100|[from] ability: Earth Eater|[of] p2b: Dragonite\n|move|p2a: Orthworm|Heavy Slam|p1a: Heracross\n|-supereffective|p1a: Heracross\n|-damage|p1a: Heracross|0 fnt\n|faint|p1a: Heracross\n|\n|upkeep\n|\n|t:|1683773668\n|switch|p1a: Pawmot|Pawmot, L50, M|100\/100\n|turn|6\n|\n|t:|1683773709\n|switch|p2a: Gyarados|Gyarados, L50, F|54\/100\n|-ability|p2a: Gyarados|Intimidate|boost\n|-unboost|p1a: Pawmot|atk|1\n|-unboost|p1b: Armarouge|atk|1\n|move|p1a: Pawmot|Fake Out|p2b: Dragonite\n|-damage|p2b: Dragonite|96\/100\n|cant|p2b: Dragonite|flinch\n|move|p1b: Armarouge|Armor Cannon|p2a: Gyarados\n|-resisted|p2a: Gyarados\n|-damage|p2a: Gyarados|28\/100\n|-unboost|p1b: Armarouge|def|1\n|-unboost|p1b: Armarouge|spd|1\n|\n|upkeep\n|turn|7\n|\n|t:|1683773752\n|move|p1b: Armarouge|Wide Guard|p1b: Armarouge\n|-singleturn|p1b: Armarouge|Wide Guard\n|move|p2b: Dragonite|Earthquake|p1a: Pawmot|[spread] \n|-activate|p1a: Pawmot|move: Wide Guard\n|-activate|p1b: Armarouge|move: Wide Guard\n|-immune|p2a: Gyarados\n|move|p1a: Pawmot|Nuzzle|p2b: Dragonite\n|-damage|p2b: Dragonite|88\/100\n|-status|p2b: Dragonite|par\n|-enditem|p2b: Dragonite|Lum Berry|[eat]\n|-curestatus|p2b: Dragonite|par|[msg]\n|move|p2a: Gyarados|Taunt|p1b: Armarouge\n|-start|p1b: Armarouge|move: Taunt\n|\n|upkeep\n|turn|8\n|\n|t:|1683773782\n|switch|p2a: Orthworm|Orthworm, L50, M|65\/100\n|move|p2b: Dragonite|Earthquake|p1a: Pawmot|[spread] p1a,p1b\n|-heal|p2a: Orthworm|90\/100|[from] ability: Earth Eater|[of] p2b: Dragonite\n|-supereffective|p1a: Pawmot\n|-supereffective|p1b: Armarouge\n|-damage|p1a: Pawmot|0 fnt\n|-damage|p1b: Armarouge|0 fnt\n|faint|p1a: Pawmot\n|faint|p1b: Armarouge\n|\n|win|RonJohn\n|raw|Blastwalker's rating: 1007 → 1000<\/strong> (-7 for losing)\n|raw|RonJohn's rating: 1098 → 1117<\/strong> (+19 for winning)\n","uploadtime":1683773797,"views":20,"p1id":"blastwalker","p2id":"ronjohn","formatid":"gen9vgc2023regulationc","rating":1000,"private":0,"password":""}