{"id":"gen9vgc2023regulationc-1863324910","p1":"Tempest brute","p2":"Jayseeee","format":"[Gen 9] VGC 2023 Regulation C","log":"|j|\u2606Tempest brute\n|j|\u2606Jayseeee\n|t:|1684002677\n|gametype|doubles\n|player|p1|Tempest brute|veteran|\n|player|p2|Jayseeee|bellelba|\n|teamsize|p1|5\n|teamsize|p2|6\n|gen|9\n|tier|[Gen 9] VGC 2023 Regulation C\n|rated|Tournament battle\n|rule|Species Clause: Limit one of each Pok\u00e9mon\n|rule|Item Clause: Limit one of each item\n|clearpoke\n|poke|p1|Ting-Lu, L50|\n|poke|p1|Roaring Moon, L50|\n|poke|p1|Klefki, L50, M|\n|poke|p1|Skeledirge, L50, F|\n|poke|p1|Arboliva, L50, M|\n|poke|p2|Abomasnow, L50, M|\n|poke|p2|Iron Bundle, L50|\n|poke|p2|Flutter Mane, L50|\n|poke|p2|Iron Hands, L50|\n|poke|p2|Ting-Lu, L50|\n|poke|p2|Bronzong, L50|\n|teampreview|4\n|j| MDLRCum\n|\n|t:|1684002732\n|start\n|switch|p1a: Klefki|Klefki, L50, M|100\/100\n|switch|p1b: Skeledirge|Skeledirge, L50, F|100\/100\n|switch|p2a: Iron Hands|Iron Hands, L50|100\/100\n|switch|p2b: Bronzong|Bronzong, L50|100\/100\n|turn|1\n|\n|t:|1684002765\n|-end|p2a: Iron Hands|Quark Drive|[silent]\n|switch|p2a: Ting-Lu|Ting-Lu, L50|100\/100\n|-ability|p2a: Ting-Lu|Vessel of Ruin\n|move|p1a: Klefki|Reflect|p1a: Klefki\n|-sidestart|p1: Tempest brute|Reflect\n|move|p1b: Skeledirge|Will-O-Wisp|p2a: Ting-Lu\n|-status|p2a: Ting-Lu|brn\n|move|p2b: Bronzong|Trick Room|p2b: Bronzong\n|-fieldstart|move: Trick Room|[of] p2b: Bronzong\n|\n|-damage|p2a: Ting-Lu|94\/100 brn|[from] brn\n|upkeep\n|turn|2\n|\n|t:|1684002798\n|move|p1a: Klefki|Light Screen|p1a: Klefki\n|-sidestart|p1: Tempest brute|move: Light Screen\n|move|p2b: Bronzong|Safeguard|p2b: Bronzong\n|-sidestart|p2: Jayseeee|Safeguard\n|move|p2a: Ting-Lu|Earthquake|p1b: Skeledirge|[spread] p1a,p1b\n|-immune|p2b: Bronzong|[from] ability: Levitate\n|-supereffective|p1a: Klefki\n|-supereffective|p1b: Skeledirge\n|-damage|p1a: Klefki|69\/100\n|-damage|p1b: Skeledirge|77\/100\n|-damage|p2a: Ting-Lu|84\/100 brn|[from] item: Life Orb\n|move|p1b: Skeledirge|Will-O-Wisp|p2b: Bronzong\n|-activate|p2b: Bronzong|move: Safeguard\n|\n|-damage|p2a: Ting-Lu|78\/100 brn|[from] brn\n|upkeep\n|turn|3\n|\n|t:|1684002818\n|switch|p1a: Arboliva|Arboliva, L50, M|100\/100\n|move|p2b: Bronzong|Gyro Ball|p1b: Skeledirge\n|-resisted|p1b: Skeledirge\n|-damage|p1b: Skeledirge|72\/100\n|move|p2a: Ting-Lu|Earthquake|p1a: Arboliva|[spread] p1a,p1b\n|-immune|p2b: Bronzong|[from] ability: Levitate\n|-resisted|p1a: Arboliva\n|-supereffective|p1b: Skeledirge\n|-damage|p1a: Arboliva|93\/100\n|-damage|p1b: Skeledirge|47\/100\n|-fieldstart|move: Grassy Terrain|[from] ability: Seed Sower|[of] p1a: Arboliva\n|-enditem|p1b: Skeledirge|Sitrus Berry|[eat]\n|-heal|p1b: Skeledirge|72\/100|[from] item: Sitrus Berry\n|-damage|p2a: Ting-Lu|68\/100 brn|[from] item: Life Orb\n|move|p1b: Skeledirge|Torch Song|p2b: Bronzong\n|-supereffective|p2b: Bronzong\n|-damage|p2b: Bronzong|68\/100\n|-boost|p1b: Skeledirge|spa|1\n|\n|-heal|p2a: Ting-Lu|75\/100 brn|[from] Grassy Terrain\n|-heal|p1a: Arboliva|99\/100|[from] Grassy Terrain\n|-heal|p1b: Skeledirge|78\/100|[from] Grassy Terrain\n|-damage|p2a: Ting-Lu|68\/100 brn|[from] brn\n|upkeep\n|turn|4\n|\n|t:|1684002848\n|switch|p2b: Iron Hands|Iron Hands, L50|100\/100\n|move|p2a: Ting-Lu|Throat Chop|p1b: Skeledirge\n|-supereffective|p1b: Skeledirge\n|-damage|p1b: Skeledirge|52\/100\n|-start|p1b: Skeledirge|Throat Chop|[silent]\n|-damage|p2a: Ting-Lu|59\/100 brn|[from] item: Life Orb\n|move|p1a: Arboliva|Pollen Puff|p1b: Skeledirge\n|-heal|p1b: Skeledirge|100\/100\n|cant|p1b: Skeledirge|move: Throat Chop\n|\n|-heal|p2a: Ting-Lu|65\/100 brn|[from] Grassy Terrain\n|-heal|p1a: Arboliva|100\/100|[from] Grassy Terrain\n|-damage|p2a: Ting-Lu|59\/100 brn|[from] brn\n|upkeep\n|turn|5\n|\n|t:|1684002895\n|move|p2a: Ting-Lu|Stomping Tantrum|p1a: Arboliva\n|-resisted|p1a: Arboliva\n|-damage|p1a: Arboliva|93\/100\n|-damage|p2a: Ting-Lu|49\/100 brn|[from] item: Life Orb\n|move|p2b: Iron Hands|Close Combat|p1a: Arboliva\n|-supereffective|p1a: Arboliva\n|-damage|p1a: Arboliva|19\/100\n|-unboost|p2b: Iron Hands|def|1\n|-unboost|p2b: Iron Hands|spd|1\n|move|p1a: Arboliva|Giga Drain|p2a: Ting-Lu\n|-supereffective|p2a: Ting-Lu\n|-damage|p2a: Ting-Lu|3\/100 brn\n|-heal|p1a: Arboliva|49\/100|[from] drain|[of] p2a: Ting-Lu\n|move|p1b: Skeledirge|Shadow Ball|p2b: Iron Hands\n|-damage|p2b: Iron Hands|84\/100\n|-unboost|p2b: Iron Hands|spd|1\n|\n|-heal|p2a: Ting-Lu|10\/100 brn|[from] Grassy Terrain\n|-heal|p2b: Iron Hands|90\/100|[from] Grassy Terrain\n|-heal|p1a: Arboliva|55\/100|[from] Grassy Terrain\n|-damage|p2a: Ting-Lu|3\/100 brn|[from] brn\n|-end|p1b: Skeledirge|Throat Chop|[silent]\n|-fieldend|move: Trick Room\n|upkeep\n|turn|6\n|\n|t:|1684002918\n|-end|p2b: Iron Hands|Quark Drive|[silent]\n|switch|p2b: Bronzong|Bronzong, L50|68\/100\n|move|p1b: Skeledirge|Torch Song|p2b: Bronzong\n|-supereffective|p2b: Bronzong\n|-damage|p2b: Bronzong|22\/100\n|-boost|p1b: Skeledirge|spa|1\n|move|p1a: Arboliva|Giga Drain|p2b: Bronzong\n|-resisted|p2b: Bronzong\n|-damage|p2b: Bronzong|10\/100\n|-heal|p1a: Arboliva|61\/100|[from] drain|[of] p2b: Bronzong\n|move|p2a: Ting-Lu|Throat Chop|p1b: Skeledirge\n|-supereffective|p1b: Skeledirge\n|-damage|p1b: Skeledirge|74\/100\n|-start|p1b: Skeledirge|Throat Chop|[silent]\n|-damage|p2a: Ting-Lu|0 fnt|[from] item: Life Orb\n|faint|p2a: Ting-Lu\n|\n|-heal|p1b: Skeledirge|81\/100|[from] Grassy Terrain\n|-heal|p1a: Arboliva|67\/100|[from] Grassy Terrain\n|-sideend|p2: Jayseeee|Safeguard\n|upkeep\n|\n|t:|1684002944\n|switch|p2a: Iron Hands|Iron Hands, L50|90\/100\n|turn|7\n|\n|t:|1684002965\n|-end|p2a: Iron Hands|Quark Drive|[silent]\n|switch|p2a: Abomasnow|Abomasnow, L50, M|100\/100\n|-weather|Snow|[from] ability: Snow Warning|[of] p2a: Abomasnow\n|move|p1b: Skeledirge|Will-O-Wisp|p2a: Abomasnow\n|-status|p2a: Abomasnow|brn\n|move|p1a: Arboliva|Pollen Puff|p2b: Bronzong\n|-damage|p2b: Bronzong|0 fnt\n|faint|p2b: Bronzong\n|\n|-weather|Snow|[upkeep]\n|-heal|p1b: Skeledirge|87\/100|[from] Grassy Terrain\n|-heal|p1a: Arboliva|73\/100|[from] Grassy Terrain\n|-damage|p2a: Abomasnow|94\/100 brn|[from] brn\n|-end|p1b: Skeledirge|Throat Chop|[silent]\n|-fieldend|move: Grassy Terrain\n|upkeep\n|\n|t:|1684002980\n|switch|p2b: Iron Hands|Iron Hands, L50|90\/100\n|turn|8\n|\n|t:|1684003002\n|move|p1b: Skeledirge|Will-O-Wisp|p2b: Iron Hands\n|-status|p2b: Iron Hands|brn\n|move|p1a: Arboliva|Earth Power|p2b: Iron Hands\n|-supereffective|p2b: Iron Hands\n|-damage|p2b: Iron Hands|66\/100 brn\n|-unboost|p2b: Iron Hands|spd|1\n|move|p2a: Abomasnow|Blizzard|p1a: Arboliva|[spread] p1a,p1b\n|-supereffective|p1a: Arboliva\n|-resisted|p1b: Skeledirge\n|-damage|p1a: Arboliva|49\/100\n|-damage|p1b: Skeledirge|77\/100\n|-status|p1b: Skeledirge|frz\n|-fieldstart|move: Grassy Terrain|[from] ability: Seed Sower|[of] p1a: Arboliva\n|move|p2b: Iron Hands|Wild Charge|p1b: Skeledirge\n|-damage|p1b: Skeledirge|65\/100 frz\n|-damage|p2b: Iron Hands|63\/100 brn|[from] Recoil\n|\n|-weather|Snow|[upkeep]\n|-heal|p1b: Skeledirge|71\/100 frz|[from] Grassy Terrain\n|-heal|p1a: Arboliva|55\/100|[from] Grassy Terrain\n|-heal|p2a: Abomasnow|100\/100 brn|[from] Grassy Terrain\n|-heal|p2b: Iron Hands|70\/100 brn|[from] Grassy Terrain\n|-damage|p2a: Abomasnow|94\/100 brn|[from] brn\n|-damage|p2b: Iron Hands|63\/100 brn|[from] brn\n|-sideend|p1: Tempest brute|Reflect\n|upkeep\n|turn|9\n|\n|t:|1684003030\n|switch|p1a: Klefki|Klefki, L50, M|69\/100\n|cant|p1b: Skeledirge|frz\n|move|p2a: Abomasnow|Blizzard|p1b: Skeledirge|[spread] p1a,p1b\n|-resisted|p1a: Klefki\n|-resisted|p1b: Skeledirge\n|-damage|p1a: Klefki|57\/100\n|-damage|p1b: Skeledirge|62\/100 frz\n|move|p2b: Iron Hands|Wild Charge|p1b: Skeledirge\n|-damage|p1b: Skeledirge|41\/100 frz\n|-damage|p2b: Iron Hands|59\/100 brn|[from] Recoil\n|\n|-weather|Snow|[upkeep]\n|-heal|p1a: Klefki|63\/100|[from] Grassy Terrain\n|-heal|p1b: Skeledirge|47\/100 frz|[from] Grassy Terrain\n|-heal|p2a: Abomasnow|100\/100 brn|[from] Grassy Terrain\n|-heal|p2b: Iron Hands|65\/100 brn|[from] Grassy Terrain\n|-damage|p2a: Abomasnow|94\/100 brn|[from] brn\n|-damage|p2b: Iron Hands|59\/100 brn|[from] brn\n|-sideend|p1: Tempest brute|move: Light Screen\n|upkeep\n|turn|10\n|\n|t:|1684003057\n|move|p1a: Klefki|Reflect|p1a: Klefki\n|-sidestart|p1: Tempest brute|Reflect\n|cant|p1b: Skeledirge|frz\n|move|p2a: Abomasnow|Blizzard|p1a: Klefki|[spread] p1a,p1b\n|-resisted|p1a: Klefki\n|-resisted|p1b: Skeledirge\n|-damage|p1a: Klefki|45\/100\n|-damage|p1b: Skeledirge|33\/100 frz\n|move|p2b: Iron Hands|Wild Charge|p1b: Skeledirge\n|-damage|p1b: Skeledirge|19\/100 frz\n|-damage|p2b: Iron Hands|56\/100 brn|[from] Recoil\n|\n|-weather|Snow|[upkeep]\n|-heal|p1a: Klefki|51\/100|[from] Grassy Terrain\n|-heal|p1b: Skeledirge|26\/100 frz|[from] Grassy Terrain\n|-heal|p2a: Abomasnow|100\/100 brn|[from] Grassy Terrain\n|-heal|p2b: Iron Hands|62\/100 brn|[from] Grassy Terrain\n|-damage|p2a: Abomasnow|94\/100 brn|[from] brn\n|-damage|p2b: Iron Hands|56\/100 brn|[from] brn\n|upkeep\n|turn|11\n|\n|t:|1684003076\n|move|p1a: Klefki|Light Screen|p1a: Klefki\n|-sidestart|p1: Tempest brute|move: Light Screen\n|cant|p1b: Skeledirge|frz\n|move|p2a: Abomasnow|Blizzard|p1a: Klefki|[spread] p1a,p1b\n|-resisted|p1a: Klefki\n|-resisted|p1b: Skeledirge\n|-damage|p1a: Klefki|40\/100\n|-damage|p1b: Skeledirge|17\/100 frz\n|move|p2b: Iron Hands|Close Combat|p1a: Klefki\n|-damage|p1a: Klefki|17\/100\n|-unboost|p2b: Iron Hands|def|1\n|-unboost|p2b: Iron Hands|spd|1\n|\n|-weather|none\n|-heal|p1a: Klefki|23\/100|[from] Grassy Terrain\n|-heal|p1b: Skeledirge|23\/100 frz|[from] Grassy Terrain\n|-heal|p2a: Abomasnow|100\/100 brn|[from] Grassy Terrain\n|-heal|p2b: Iron Hands|62\/100 brn|[from] Grassy Terrain\n|-damage|p2a: Abomasnow|94\/100 brn|[from] brn\n|-damage|p2b: Iron Hands|56\/100 brn|[from] brn\n|upkeep\n|turn|12\n|\n|t:|1684003092\n|-terastallize|p2a: Abomasnow|Water\n|move|p1a: Klefki|Dazzling Gleam|p2b: Iron Hands|[spread] p2a,p2b\n|-supereffective|p2b: Iron Hands\n|-damage|p2a: Abomasnow|75\/100 brn\n|-damage|p2b: Iron Hands|24\/100 brn\n|cant|p1b: Skeledirge|frz\n|move|p2a: Abomasnow|Blizzard|p1b: Skeledirge|[spread] p1b\n|-miss|p2a: Abomasnow|p1a: Klefki\n|-resisted|p1b: Skeledirge\n|-damage|p1b: Skeledirge|12\/100 frz\n|move|p2b: Iron Hands|Wild Charge|p1b: Skeledirge\n|-crit|p1b: Skeledirge\n|-damage|p1b: Skeledirge|0 fnt\n|faint|p1b: Skeledirge\n|-damage|p2b: Iron Hands|21\/100 brn|[from] Recoil\n|\n|-heal|p1a: Klefki|29\/100|[from] Grassy Terrain\n|-heal|p2a: Abomasnow|81\/100 brn|[from] Grassy Terrain\n|-heal|p2b: Iron Hands|27\/100 brn|[from] Grassy Terrain\n|-damage|p2a: Abomasnow|75\/100 brn|[from] brn\n|-damage|p2b: Iron Hands|21\/100 brn|[from] brn\n|-fieldend|move: Grassy Terrain\n|upkeep\n|\n|t:|1684003113\n|switch|p1b: Arboliva|Arboliva, L50, M|55\/100\n|turn|13\n|\n|t:|1684003121\n|move|p1a: Klefki|Dazzling Gleam|p2b: Iron Hands|[spread] p2a,p2b\n|-supereffective|p2b: Iron Hands\n|-damage|p2a: Abomasnow|57\/100 brn\n|-damage|p2b: Iron Hands|0 fnt\n|faint|p2b: Iron Hands\n|-end|p2b: Iron Hands|Quark Drive|[silent]\n|move|p1b: Arboliva|Giga Drain|p2a: Abomasnow\n|-supereffective|p2a: Abomasnow\n|-damage|p2a: Abomasnow|0 fnt\n|-heal|p1b: Arboliva|85\/100|[from] drain|[of] p2a: Abomasnow\n|faint|p2a: Abomasnow\n|\n|win|Tempest brute\n|n|\u2606Tempest brute|tempestbrute\n|n|\u2606Jayseeee|jayseeee\n|n| MDLRCum|mdlrcum\n","uploadtime":1684003122,"views":8,"p1id":"tempestbrute","p2id":"jayseeee","formatid":"gen9vgc2023regulationc","rating":0,"private":0,"password":""}