{"id":"gen9vgc2023regulationc-1848709234","p1":"Ibartov","p2":"Diego Eisner","format":"[Gen 9] VGC 2023 Regulation C","log":"|j|\u2606Ibartov\n|j|\u2606Diego Eisner\n|t:|1682102784\n|gametype|doubles\n|player|p1|Ibartov|marshal|1087\n|player|p2|Diego Eisner|rocketgrunt|1119\n|teamsize|p1|6\n|teamsize|p2|6\n|gen|9\n|tier|[Gen 9] VGC 2023 Regulation C\n|rated|\n|rule|Species Clause: Limit one of each Pok\u00e9mon\n|rule|Item Clause: Limit one of each item\n|clearpoke\n|poke|p1|Iron Bundle, L50|\n|poke|p1|Scizor, L50, F|\n|poke|p1|Chi-Yu, L50|\n|poke|p1|Wo-Chien, L50|\n|poke|p1|Garganacl, L50, F|\n|poke|p1|Flutter Mane, L50|\n|poke|p2|Dragapult, L50, M|\n|poke|p2|Gengar, L50, M|\n|poke|p2|Gastrodon-East, L50, M|\n|poke|p2|Grimmsnarl, L50, M|\n|poke|p2|Corviknight, L50, F|\n|poke|p2|Ceruledge, L50, F|\n|teampreview|4\n|inactive|Battle timer is ON: inactive players will automatically lose when time's up. (requested by Diego Eisner)\n|inactive|Ibartov has 60 seconds left.\n|\n|t:|1682102852\n|start\n|switch|p1a: Garganacl|Garganacl, L50, F|100\/100\n|switch|p1b: Iron Bundle|Iron Bundle, L50|100\/100\n|switch|p2a: Dragapult|Dragapult, L50, M|100\/100\n|switch|p2b: Grimmsnarl|Grimmsnarl, L50, M|100\/100\n|-enditem|p1b: Iron Bundle|Booster Energy\n|-activate|p1b: Iron Bundle|ability: Quark Drive|[fromitem]\n|-start|p1b: Iron Bundle|quarkdrivespe\n|turn|1\n|inactive|Ibartov has 30 seconds left.\n|inactive|Ibartov has 20 seconds left.\n|inactive|Ibartov has 15 seconds left.\n|\n|t:|1682102894\n|move|p2b: Grimmsnarl|Taunt|p1a: Garganacl\n|-start|p1a: Garganacl|move: Taunt\n|move|p1b: Iron Bundle|Icy Wind|p2a: Dragapult|[spread] p2a,p2b\n|-supereffective|p2a: Dragapult\n|-damage|p2a: Dragapult|46\/100\n|-damage|p2b: Grimmsnarl|80\/100\n|-unboost|p2a: Dragapult|spe|1\n|-unboost|p2b: Grimmsnarl|spe|1\n|move|p2a: Dragapult|Thunderbolt|p1b: Iron Bundle\n|-supereffective|p1b: Iron Bundle\n|-damage|p1b: Iron Bundle|0 fnt\n|faint|p1b: Iron Bundle\n|-end|p1b: Iron Bundle|Quark Drive|[silent]\n|-damage|p2a: Dragapult|36\/100|[from] item: Life Orb\n|move|p1a: Garganacl|Salt Cure|p2a: Dragapult\n|-damage|p2a: Dragapult|15\/100\n|-start|p2a: Dragapult|Salt Cure\n|\n|-damage|p2a: Dragapult|3\/100|[from] Salt Cure\n|upkeep\n|\n|t:|1682102918\n|switch|p1b: Flutter Mane|Flutter Mane, L50|100\/100\n|turn|2\n|\n|t:|1682102938\n|-end|p1b: Flutter Mane|Protosynthesis|[silent]\n|switch|p1b: Wo-Chien|Wo-Chien, L50|100\/100\n|-ability|p1b: Wo-Chien|Tablets of Ruin\n|move|p2b: Grimmsnarl|Light Screen|p2b: Grimmsnarl\n|-sidestart|p2: Diego Eisner|move: Light Screen\n|move|p2a: Dragapult|Shadow Ball|p1b: Wo-Chien\n|-resisted|p1b: Wo-Chien\n|-damage|p1b: Wo-Chien|86\/100\n|-damage|p2a: Dragapult|0 fnt|[from] item: Life Orb\n|faint|p2a: Dragapult\n|move|p1a: Garganacl|Earth Power|p2b: Grimmsnarl\n|-damage|p2b: Grimmsnarl|73\/100\n|\n|upkeep\n|\n|t:|1682102945\n|switch|p2a: Corviknight|Corviknight, L50, F, shiny|100\/100\n|turn|3\n|\n|t:|1682102961\n|move|p1b: Wo-Chien|Leech Seed|p2b: Grimmsnarl\n|-start|p2b: Grimmsnarl|move: Leech Seed\n|move|p2a: Corviknight|Iron Defense|p2a: Corviknight\n|-boost|p2a: Corviknight|def|2\n|move|p2b: Grimmsnarl|Spirit Break|p1b: Wo-Chien\n|-supereffective|p1b: Wo-Chien\n|-damage|p1b: Wo-Chien|52\/100\n|-unboost|p1b: Wo-Chien|spa|1\n|move|p1a: Garganacl|Salt Cure|p2a: Corviknight\n|-damage|p2a: Corviknight|96\/100\n|-start|p2a: Corviknight|Salt Cure\n|\n|-damage|p2b: Grimmsnarl|61\/100|[from] Leech Seed|[of] p1b: Wo-Chien\n|-heal|p1b: Wo-Chien|65\/100|[silent]\n|-damage|p2a: Corviknight|71\/100|[from] Salt Cure\n|-end|p1a: Garganacl|move: Taunt\n|upkeep\n|turn|4\n|\n|t:|1682102982\n|move|p1b: Wo-Chien|Protect|p1b: Wo-Chien\n|-singleturn|p1b: Wo-Chien|Protect\n|move|p2a: Corviknight|Iron Defense|p2a: Corviknight\n|-boost|p2a: Corviknight|def|2\n|move|p2b: Grimmsnarl|Spirit Break|p1b: Wo-Chien\n|-activate|p1b: Wo-Chien|move: Protect\n|move|p1a: Garganacl|Salt Cure|p2b: Grimmsnarl\n|-damage|p2b: Grimmsnarl|49\/100\n|-start|p2b: Grimmsnarl|Salt Cure\n|\n|-damage|p2b: Grimmsnarl|36\/100|[from] Leech Seed|[of] p1b: Wo-Chien\n|-heal|p1b: Wo-Chien|78\/100|[silent]\n|-damage|p2a: Corviknight|46\/100|[from] Salt Cure\n|-damage|p2b: Grimmsnarl|24\/100|[from] Salt Cure\n|upkeep\n|-enditem|p2a: Corviknight|Sitrus Berry|[eat]\n|-heal|p2a: Corviknight|71\/100|[from] item: Sitrus Berry\n|turn|5\n|inactive|Ibartov has 30 seconds left.\n|inactive|Ibartov has 20 seconds left.\n|inactive|Ibartov has 15 seconds left.\n|\n|t:|1682103025\n|switch|p1b: Flutter Mane|Flutter Mane, L50|100\/100\n|move|p2a: Corviknight|Body Press|p1b: Flutter Mane\n|-immune|p1b: Flutter Mane\n|move|p2b: Grimmsnarl|Spirit Break|p1b: Flutter Mane\n|-damage|p1b: Flutter Mane|36\/100\n|-unboost|p1b: Flutter Mane|spa|1\n|move|p1a: Garganacl|Salt Cure|p2a: Corviknight\n|-damage|p2a: Corviknight|68\/100\n|\n|-damage|p2b: Grimmsnarl|11\/100|[from] Leech Seed|[of] p1b: Flutter Mane\n|-heal|p1b: Flutter Mane|55\/100|[silent]\n|-damage|p2a: Corviknight|43\/100|[from] Salt Cure\n|-damage|p2b: Grimmsnarl|0 fnt|[from] Salt Cure\n|faint|p2b: Grimmsnarl\n|upkeep\n|\n|t:|1682103034\n|switch|p2b: Gengar|Gengar, L50, M|100\/100\n|turn|6\n|\n|t:|1682103048\n|-end|p1b: Flutter Mane|Protosynthesis|[silent]\n|switch|p1b: Wo-Chien|Wo-Chien, L50|78\/100\n|-ability|p1b: Wo-Chien|Tablets of Ruin\n|move|p2b: Gengar|Shadow Ball|p1b: Wo-Chien\n|-resisted|p1b: Wo-Chien\n|-damage|p1b: Wo-Chien|64\/100\n|move|p2a: Corviknight|Roost|p2a: Corviknight\n|-heal|p2a: Corviknight|93\/100\n|-singleturn|p2a: Corviknight|move: Roost\n|move|p1a: Garganacl|Earth Power|p2b: Gengar\n|-supereffective|p2b: Gengar\n|-damage|p2b: Gengar|77\/100\n|\n|-damage|p2a: Corviknight|68\/100|[from] Salt Cure\n|-sideend|p2: Diego Eisner|move: Light Screen\n|upkeep\n|turn|7\n|inactive|Ibartov has 30 seconds left.\n|inactive|Diego Eisner has 30 seconds left.\n|\n|t:|1682103075\n|move|p1b: Wo-Chien|Protect|p1b: Wo-Chien\n|-singleturn|p1b: Wo-Chien|Protect\n|move|p2b: Gengar|Energy Ball|p1a: Garganacl\n|-supereffective|p1a: Garganacl\n|-damage|p1a: Garganacl|51\/100\n|move|p2a: Corviknight|Body Press|p1a: Garganacl\n|-supereffective|p1a: Garganacl\n|-damage|p1a: Garganacl|0 fnt\n|faint|p1a: Garganacl\n|\n|-damage|p2a: Corviknight|43\/100|[from] Salt Cure\n|upkeep\n|\n|t:|1682103088\n|switch|p1a: Flutter Mane|Flutter Mane, L50|55\/100\n|turn|8\n|\n|t:|1682103101\n|-terastallize|p1b: Wo-Chien|Poison\n|move|p1a: Flutter Mane|Shadow Ball|p2b: Gengar\n|-supereffective|p2b: Gengar\n|-damage|p2b: Gengar|0 fnt\n|faint|p2b: Gengar\n|move|p1b: Wo-Chien|Leech Seed|p2a: Corviknight\n|-start|p2a: Corviknight|move: Leech Seed\n|move|p2a: Corviknight|Roost|p2a: Corviknight\n|-heal|p2a: Corviknight|94\/100\n|-singleturn|p2a: Corviknight|move: Roost\n|\n|-damage|p2a: Corviknight|81\/100|[from] Leech Seed|[of] p1b: Wo-Chien\n|-heal|p1b: Wo-Chien|77\/100|[silent]\n|-damage|p2a: Corviknight|57\/100|[from] Salt Cure\n|upkeep\n|turn|9\n|inactive|Ibartov has 30 seconds left.\n|\n|t:|1682103126\n|move|p1a: Flutter Mane|Shadow Ball|p2a: Corviknight\n|-damage|p2a: Corviknight|12\/100\n|move|p1b: Wo-Chien|Pollen Puff|p1a: Flutter Mane\n|-heal|p1a: Flutter Mane|100\/100\n|move|p2a: Corviknight|Brave Bird|p1a: Flutter Mane\n|-damage|p1a: Flutter Mane|43\/100\n|-damage|p2a: Corviknight|0 fnt|[from] Recoil\n|faint|p2a: Corviknight\n|\n|win|Ibartov\n|raw|Ibartov's rating: 1087 → 1116<\/strong> (+29 for winning)\n|raw|Diego Eisner's rating: 1119 → 1092<\/strong> (-27 for losing)\n|l|\u2606Diego Eisner\n|l|\u2606Ibartov\n|j|\u2606Ibartov\n|player|p1|Ibartov|marshal\n","uploadtime":1682103344,"views":4,"p1id":"ibartov","p2id":"diegoeisner","formatid":"gen9vgc2023regulationc","rating":1092,"private":0,"password":""}