{"id":"gen9vgc2023regulationc-1861052597","p1":"RomaSTA","p2":"DarthIgnus","format":"[Gen 9] VGC 2023 Regulation C","log":"|j|\u2606RomaSTA\n|j|\u2606DarthIgnus\n|t:|1683721245\n|gametype|doubles\n|player|p1|RomaSTA|266|1403\n|player|p2|DarthIgnus|dragontamer|1381\n|teamsize|p1|6\n|teamsize|p2|6\n|gen|9\n|tier|[Gen 9] VGC 2023 Regulation C\n|rated|\n|rule|Species Clause: Limit one of each Pok\u00e9mon\n|rule|Item Clause: Limit one of each item\n|clearpoke\n|poke|p1|Kingambit, L50, M|\n|poke|p1|Flutter Mane, L50|\n|poke|p1|Arcanine, L50, M|\n|poke|p1|Chi-Yu, L50|\n|poke|p1|Baxcalibur, L50, F|\n|poke|p1|Amoonguss, L50, M|\n|poke|p2|Orthworm, L50, F|\n|poke|p2|Flutter Mane, L50|\n|poke|p2|Dragonite, L50, M|\n|poke|p2|Ting-Lu, L50|\n|poke|p2|Gyarados, L50, F|\n|poke|p2|Garchomp, L50, M|\n|teampreview|4\n|inactive|Battle timer is ON: inactive players will automatically lose when time's up. (requested by RomaSTA)\nDarthIgnus has agreed to open team sheets.\n|inactive|DarthIgnus has 60 seconds left.\n|\n|t:|1683721306\n|start\n|switch|p1a: Arcanine|Arcanine, L50, M|100\/100\n|switch|p1b: Kingambit|Kingambit, L50, M|100\/100\n|switch|p2a: Orthworm|Orthworm, L50, F|100\/100\n|switch|p2b: Ting-Lu|Ting-Lu, L50|100\/100\n|-ability|p1a: Arcanine|Intimidate|boost\n|-unboost|p2a: Orthworm|atk|1\n|-unboost|p2b: Ting-Lu|atk|1\n|-ability|p2b: Ting-Lu|Vessel of Ruin\n|turn|1\n|\n|t:|1683721323\n|-terastallize|p2a: Orthworm|Fire\n|move|p1a: Arcanine|Will-O-Wisp|p2b: Ting-Lu\n|-status|p2b: Ting-Lu|brn\n|move|p2b: Ting-Lu|Earthquake|p1b: Kingambit|[spread] p1a,p1b\n|-immune|p2a: Orthworm|[from] ability: Earth Eater\n|-supereffective|p1a: Arcanine\n|-supereffective|p1b: Kingambit\n|-damage|p1a: Arcanine|65\/100\n|-damage|p1b: Kingambit|78\/100\n|move|p2a: Orthworm|Iron Defense|p2a: Orthworm\n|-boost|p2a: Orthworm|def|2\n|move|p1b: Kingambit|Swords Dance|p1b: Kingambit\n|-boost|p1b: Kingambit|atk|2\n|\n|-damage|p2b: Ting-Lu|94\/100 brn|[from] brn\n|upkeep\n|turn|2\n|inactive|RomaSTA has 30 seconds left.\n|\n|t:|1683721355\n|move|p1a: Arcanine|Howl|p1a: Arcanine|[spread] p1a,p1b\n|-boost|p1a: Arcanine|atk|1\n|-boost|p1b: Kingambit|atk|1\n|move|p2b: Ting-Lu|Earthquake|p1b: Kingambit|[spread] p1a,p1b\n|-immune|p2a: Orthworm|[from] ability: Earth Eater\n|-supereffective|p1a: Arcanine\n|-supereffective|p1b: Kingambit\n|-damage|p1a: Arcanine|28\/100\n|-damage|p1b: Kingambit|53\/100\n|move|p2a: Orthworm|Body Press|p1b: Kingambit\n|-supereffective|p1b: Kingambit\n|-damage|p1b: Kingambit|0 fnt\n|faint|p1b: Kingambit\n|\n|-damage|p2b: Ting-Lu|88\/100 brn|[from] brn\n|upkeep\n|inactive|RomaSTA has 30 seconds left.\n|\n|t:|1683721385\n|switch|p1b: Flutter Mane|Flutter Mane, L50|100\/100\n|-enditem|p1b: Flutter Mane|Booster Energy\n|-activate|p1b: Flutter Mane|ability: Protosynthesis|[fromitem]\n|-start|p1b: Flutter Mane|protosynthesisspe\n|turn|3\n|\n|t:|1683721398\n|switch|p1a: Chi-Yu|Chi-Yu, L50|100\/100\n|-ability|p1a: Chi-Yu|Beads of Ruin\n|switch|p2b: Gyarados|Gyarados, L50, F|100\/100\n|-ability|p2b: Gyarados|Intimidate|boost\n|-unboost|p1a: Chi-Yu|atk|1\n|-unboost|p1b: Flutter Mane|atk|1\n|move|p1b: Flutter Mane|Moonblast|p2a: Orthworm\n|-resisted|p2a: Orthworm\n|-damage|p2a: Orthworm|59\/100\n|-unboost|p2a: Orthworm|spa|1\n|move|p2a: Orthworm|Heavy Slam|p1b: Flutter Mane\n|-supereffective|p1b: Flutter Mane\n|-damage|p1b: Flutter Mane|7\/100\n|\n|upkeep\n|turn|4\n|inactive|DarthIgnus has 30 seconds left.\n|inactive|DarthIgnus has 20 seconds left.\n|inactive|DarthIgnus has 15 seconds left.\n|inactive|DarthIgnus has 10 seconds left.\n|\n|t:|1683721448\n|switch|p2a: Ting-Lu|Ting-Lu, L50|88\/100 brn\n|-ability|p2a: Ting-Lu|Vessel of Ruin\n|move|p1b: Flutter Mane|Shadow Ball|p2a: Ting-Lu\n|-resisted|p2a: Ting-Lu\n|-damage|p2a: Ting-Lu|73\/100 brn\n|-unboost|p2a: Ting-Lu|spd|1\n|move|p1a: Chi-Yu|Dark Pulse|p2a: Ting-Lu\n|-resisted|p2a: Ting-Lu\n|-damage|p2a: Ting-Lu|36\/100 brn\n|move|p2b: Gyarados|Waterfall|p1b: Flutter Mane\n|-damage|p1b: Flutter Mane|0 fnt\n|faint|p1b: Flutter Mane\n|-end|p1b: Flutter Mane|Protosynthesis|[silent]\n|\n|-damage|p2a: Ting-Lu|30\/100 brn|[from] brn\n|upkeep\n|\n|t:|1683721463\n|switch|p1b: Arcanine|Arcanine, L50, M|28\/100\n|-ability|p1b: Arcanine|Intimidate|boost\n|-unboost|p2a: Ting-Lu|atk|1\n|-unboost|p2b: Gyarados|atk|1\n|turn|5\n|\n|t:|1683721476\n|switch|p2b: Orthworm|Orthworm, L50, F, tera:Fire|59\/100\n|-terastallize|p1b: Arcanine|Water\n|move|p1a: Chi-Yu|Dark Pulse|p2b: Orthworm\n|-damage|p2b: Orthworm|0 fnt\n|faint|p2b: Orthworm\n|move|p1b: Arcanine|Will-O-Wisp|p2a: Ting-Lu\n|-fail|p2a: Ting-Lu|brn\n|move|p2a: Ting-Lu|Earthquake|p1a: Chi-Yu|[spread] p1a,p1b\n|-supereffective|p1a: Chi-Yu\n|-damage|p1a: Chi-Yu|50\/100\n|-damage|p1b: Arcanine|13\/100\n|\n|-damage|p2a: Ting-Lu|24\/100 brn|[from] brn\n|upkeep\n|\n|t:|1683721490\n|switch|p2b: Gyarados|Gyarados, L50, F|100\/100\n|-ability|p2b: Gyarados|Intimidate|boost\n|-unboost|p1a: Chi-Yu|atk|1\n|-unboost|p1b: Arcanine|atk|1\n|turn|6\n|\n|t:|1683721506\n|move|p1b: Arcanine|Extreme Speed|p2b: Gyarados\n|-damage|p2b: Gyarados|88\/100\n|move|p1a: Chi-Yu|Dark Pulse|p2b: Gyarados\n|-damage|p2b: Gyarados|35\/100\n|move|p2b: Gyarados|Waterfall|p1a: Chi-Yu\n|-supereffective|p1a: Chi-Yu\n|-damage|p1a: Chi-Yu|0 fnt\n|faint|p1a: Chi-Yu\n|move|p2a: Ting-Lu|Earthquake|p1b: Arcanine|[spread] p1b\n|-immune|p2b: Gyarados\n|-damage|p1b: Arcanine|0 fnt\n|faint|p1b: Arcanine\n|\n|win|DarthIgnus\n|raw|RomaSTA's rating: 1403 → 1382<\/strong> (-21 for losing)\n|raw|DarthIgnus's rating: 1381 → 1402<\/strong> (+21 for winning)\n","uploadtime":1683721534,"views":9,"p1id":"romasta","p2id":"darthignus","formatid":"gen9vgc2023regulationc","rating":1382,"private":0,"password":""}