{"id":"gen9vgc2023regulationc-1855410361","p1":"Infernape314","p2":"PhillyDolph","format":"[Gen 9] VGC 2023 Regulation C","log":"|j|\u2606Infernape314\n|j|\u2606PhillyDolph\n|t:|1682948729\n|gametype|doubles\n|player|p1|Infernape314|101|1329\n|player|p2|PhillyDolph|steven|1301\n|teamsize|p1|6\n|teamsize|p2|6\n|gen|9\n|tier|[Gen 9] VGC 2023 Regulation C\n|rated|\n|rule|Species Clause: Limit one of each Pok\u00e9mon\n|rule|Item Clause: Limit one of each item\n|clearpoke\n|poke|p1|Palafin, L50, F|\n|poke|p1|Amoonguss, L50, F|\n|poke|p1|Pelipper, L50, M|\n|poke|p1|Iron Hands, L50|\n|poke|p1|Chien-Pao, L50|\n|poke|p1|Salamence, L50, M|\n|poke|p2|Scizor, L50, M|\n|poke|p2|Iron Bundle, L50|\n|poke|p2|Gastrodon-East, L50, M|\n|poke|p2|Flutter Mane, L50|\n|poke|p2|Talonflame, L50, M|\n|poke|p2|Chi-Yu, L50|\n|teampreview|4\n|inactive|Battle timer is ON: inactive players will automatically lose when time's up. (requested by PhillyDolph)\n|inactive|Infernape314 also wants the timer to be on.\nPhillyDolph has agreed to open team sheets.\n|inactive|PhillyDolph has 60 seconds left.\n|\n|t:|1682948775\n|start\n|switch|p1a: Chien-Pao|Chien-Pao, L50|100\/100\n|switch|p1b: Iron Hands|Iron Hands, L50|100\/100\n|switch|p2a: Iron Bundle|Iron Bundle, L50, shiny|100\/100\n|switch|p2b: Chi-Yu|Chi-Yu, L50|100\/100\n|-ability|p2b: Chi-Yu|Beads of Ruin\n|-ability|p1a: Chien-Pao|Sword of Ruin\n|-enditem|p2a: Iron Bundle|Booster Energy\n|-activate|p2a: Iron Bundle|ability: Quark Drive|[fromitem]\n|-start|p2a: Iron Bundle|quarkdrivespe\n|turn|1\n|\n|t:|1682948794\n|switch|p2b: Talonflame|Talonflame, L50, M|100\/100\n|move|p2a: Iron Bundle|Protect|p2a: Iron Bundle\n|-singleturn|p2a: Iron Bundle|Protect\n|move|p1b: Iron Hands|Fake Out|p2a: Iron Bundle\n|-activate|p2a: Iron Bundle|move: Protect\n|move|p1a: Chien-Pao|Sacred Sword|p2b: Talonflame\n|-resisted|p2b: Talonflame\n|-damage|p2b: Talonflame|78\/100\n|-damage|p1a: Chien-Pao|84\/100|[from] item: Rocky Helmet|[of] p2b: Talonflame\n|-damage|p1a: Chien-Pao|75\/100|[from] item: Life Orb\n|\n|upkeep\n|turn|2\n|inactive|PhillyDolph has 30 seconds left.\n|\n|t:|1682948827\n|-terastallize|p2a: Iron Bundle|Ghost\n|move|p1a: Chien-Pao|Protect|p1a: Chien-Pao\n|-singleturn|p1a: Chien-Pao|Protect\n|move|p2a: Iron Bundle|Icy Wind|p1a: Chien-Pao|[spread] p1b\n|-activate|p1a: Chien-Pao|move: Protect\n|-damage|p1b: Iron Hands|90\/100\n|-unboost|p1b: Iron Hands|spe|1\n|move|p2b: Talonflame|Will-O-Wisp|p1b: Iron Hands\n|-status|p1b: Iron Hands|brn\n|move|p1b: Iron Hands|Wild Charge|p2a: Iron Bundle\n|-damage|p2a: Iron Bundle|58\/100\n|-damage|p1b: Iron Hands|84\/100 brn|[from] Recoil\n|\n|-damage|p1b: Iron Hands|78\/100 brn|[from] brn\n|upkeep\n|turn|3\n|inactive|Infernape314 has 30 seconds left.\n|\n|t:|1682948856\n|move|p2a: Iron Bundle|Protect|p2a: Iron Bundle\n|-singleturn|p2a: Iron Bundle|Protect\n|move|p1a: Chien-Pao|Ice Spinner|p2b: Talonflame\n|-damage|p2b: Talonflame|18\/100\n|-damage|p1a: Chien-Pao|59\/100|[from] item: Rocky Helmet|[of] p2b: Talonflame\n|-damage|p1a: Chien-Pao|49\/100|[from] item: Life Orb\n|move|p2b: Talonflame|Will-O-Wisp|p1a: Chien-Pao\n|-status|p1a: Chien-Pao|brn\n|move|p1b: Iron Hands|Wild Charge|p2b: Talonflame\n|-supereffective|p2b: Talonflame\n|-damage|p2b: Talonflame|0 fnt\n|-damage|p1b: Iron Hands|61\/100 brn|[from] item: Rocky Helmet|[of] p2b: Talonflame\n|faint|p2b: Talonflame\n|-damage|p1b: Iron Hands|58\/100 brn|[from] Recoil\n|\n|-damage|p1a: Chien-Pao|43\/100 brn|[from] brn\n|-damage|p1b: Iron Hands|52\/100 brn|[from] brn\n|upkeep\n|\n|t:|1682948874\n|switch|p2b: Chi-Yu|Chi-Yu, L50|100\/100\n|-ability|p2b: Chi-Yu|Beads of Ruin\n|turn|4\n|\n|t:|1682948887\n|-end|p2a: Iron Bundle|Quark Drive|[silent]\n|switch|p2a: Gastrodon|Gastrodon-East, L50, M|100\/100\n|move|p1a: Chien-Pao|Sucker Punch||[still]\n|-fail|p1a: Chien-Pao\n|move|p2b: Chi-Yu|Psychic|p1b: Iron Hands\n|-supereffective|p1b: Iron Hands\n|-damage|p1b: Iron Hands|0 fnt\n|faint|p1b: Iron Hands\n|-end|p1b: Iron Hands|Quark Drive|[silent]\n|\n|-damage|p1a: Chien-Pao|37\/100 brn|[from] brn\n|upkeep\n|\n|t:|1682948897\n|switch|p1b: Salamence|Salamence, L50, M|100\/100\n|-ability|p1b: Salamence|Intimidate|boost\n|-unboost|p2a: Gastrodon|atk|1\n|-unboost|p2b: Chi-Yu|atk|1\n|turn|5\n|\n|t:|1682948913\n|switch|p2b: Iron Bundle|Iron Bundle, L50, shiny, tera:Ghost|58\/100\n|switch|p1a: Pelipper|Pelipper, L50, M|100\/100\n|-weather|RainDance|[from] ability: Drizzle|[of] p1a: Pelipper\n|-terastallize|p1b: Salamence|Steel\n|move|p1b: Salamence|Hurricane|p2b: Iron Bundle\n|-damage|p2b: Iron Bundle|0 fnt\n|faint|p2b: Iron Bundle\n|-end|p2b: Iron Bundle|Quark Drive|[silent]\n|move|p2a: Gastrodon|Muddy Water|p1a: Pelipper|[spread] p1a,p1b\n|-resisted|p1a: Pelipper\n|-damage|p1a: Pelipper|72\/100\n|-damage|p1b: Salamence|62\/100\n|\n|-weather|RainDance|[upkeep]\n|upkeep\n|\n|t:|1682948919\n|switch|p2b: Chi-Yu|Chi-Yu, L50|100\/100\n|-ability|p2b: Chi-Yu|Beads of Ruin\n|turn|6\n|\n|t:|1682948938\n|move|p1b: Salamence|Protect|p1b: Salamence\n|-singleturn|p1b: Salamence|Protect\n|move|p2b: Chi-Yu|Snarl|p1a: Pelipper|[spread] p1a\n|-activate|p1b: Salamence|move: Protect\n|-damage|p1a: Pelipper|17\/100\n|-unboost|p1a: Pelipper|spa|1\n|move|p1a: Pelipper|Tailwind|p1a: Pelipper\n|-sidestart|p1: Infernape314|move: Tailwind\n|move|p2a: Gastrodon|Muddy Water|p1b: Salamence|[spread] \n|-activate|p1b: Salamence|move: Protect\n|-miss|p2a: Gastrodon|p1a: Pelipper\n|\n|-weather|RainDance|[upkeep]\n|upkeep\n|turn|7\n|\n|t:|1682948956\n|move|p1a: Pelipper|Wide Guard|p1a: Pelipper\n|-singleturn|p1a: Pelipper|Wide Guard\n|move|p1b: Salamence|Hurricane|p2b: Chi-Yu\n|-damage|p2b: Chi-Yu|33\/100\n|move|p2b: Chi-Yu|Snarl|p1a: Pelipper|[spread] \n|-activate|p1a: Pelipper|move: Wide Guard\n|-activate|p1b: Salamence|move: Wide Guard\n|move|p2a: Gastrodon|Muddy Water|p1b: Salamence|[spread] \n|-activate|p1a: Pelipper|move: Wide Guard\n|-activate|p1b: Salamence|move: Wide Guard\n|\n|-weather|RainDance|[upkeep]\n|upkeep\n|turn|8\n|\n|t:|1682948973\n|move|p1b: Salamence|Hurricane|p2b: Chi-Yu\n|-crit|p2b: Chi-Yu\n|-damage|p2b: Chi-Yu|0 fnt\n|faint|p2b: Chi-Yu\n|move|p1a: Pelipper|Hurricane|p2a: Gastrodon\n|-damage|p2a: Gastrodon|80\/100\n|move|p2a: Gastrodon|Clear Smog|p1a: Pelipper\n|-damage|p1a: Pelipper|0 fnt\n|-clearboost|p1a: Pelipper\n|faint|p1a: Pelipper\n|\n|-weather|RainDance|[upkeep]\n|upkeep\n|\n|t:|1682948984\n|switch|p1a: Chien-Pao|Chien-Pao, L50|37\/100 brn\n|-ability|p1a: Chien-Pao|Sword of Ruin\n|turn|9\n|\n|t:|1682948991\n|move|p2a: Gastrodon|Protect|p2a: Gastrodon\n|-singleturn|p2a: Gastrodon|Protect\n|move|p1a: Chien-Pao|Ice Spinner|p2a: Gastrodon\n|-activate|p2a: Gastrodon|move: Protect\n|move|p1b: Salamence|Hurricane|p2a: Gastrodon\n|-activate|p2a: Gastrodon|move: Protect\n|\n|-weather|none\n|-damage|p1a: Chien-Pao|31\/100 brn|[from] brn\n|-sideend|p1: Infernape314|move: Tailwind\n|upkeep\n|turn|10\n|\n|t:|1682949001\n|move|p1a: Chien-Pao|Ice Spinner|p2a: Gastrodon\n|-damage|p2a: Gastrodon|43\/100\n|-enditem|p2a: Gastrodon|Sitrus Berry|[eat]\n|-heal|p2a: Gastrodon|68\/100|[from] item: Sitrus Berry\n|-damage|p1a: Chien-Pao|22\/100 brn|[from] item: Life Orb\n|move|p1b: Salamence|Draco Meteor|p2a: Gastrodon\n|-damage|p2a: Gastrodon|27\/100\n|-unboost|p1b: Salamence|spa|2\n|move|p2a: Gastrodon|Recover|p2a: Gastrodon\n|-heal|p2a: Gastrodon|77\/100\n|\n|-damage|p1a: Chien-Pao|16\/100 brn|[from] brn\n|upkeep\n|turn|11\n|\n|t:|1682949017\n|move|p2a: Gastrodon|Protect|p2a: Gastrodon\n|-singleturn|p2a: Gastrodon|Protect\n|move|p1a: Chien-Pao|Ice Spinner|p2a: Gastrodon\n|-activate|p2a: Gastrodon|move: Protect\n|move|p1b: Salamence|Hurricane|p2a: Gastrodon\n|-activate|p2a: Gastrodon|move: Protect\n|\n|-damage|p1a: Chien-Pao|10\/100 brn|[from] brn\n|upkeep\n|turn|12\n|\n|t:|1682949024\n|move|p1a: Chien-Pao|Ice Spinner|p2a: Gastrodon\n|-damage|p2a: Gastrodon|37\/100\n|-damage|p1a: Chien-Pao|0 fnt|[from] item: Life Orb\n|faint|p1a: Chien-Pao\n|move|p1b: Salamence|Hurricane|p2a: Gastrodon\n|-damage|p2a: Gastrodon|17\/100\n|-start|p2a: Gastrodon|confusion\n|-activate|p2a: Gastrodon|confusion\n|move|p2a: Gastrodon|Recover|p2a: Gastrodon\n|-heal|p2a: Gastrodon|67\/100\n|\n|upkeep\n|turn|13\n|\n|t:|1682949036\n|move|p1b: Salamence|Hurricane|p2a: Gastrodon\n|-damage|p2a: Gastrodon|47\/100\n|-activate|p2a: Gastrodon|confusion\n|-damage|p2a: Gastrodon|42\/100|[from] confusion\n|\n|upkeep\n|turn|14\n|\n|t:|1682949043\n|move|p1b: Salamence|Hurricane|p2a: Gastrodon\n|-damage|p2a: Gastrodon|21\/100\n|-end|p2a: Gastrodon|confusion\n|move|p2a: Gastrodon|Recover|p2a: Gastrodon\n|-heal|p2a: Gastrodon|71\/100\n|\n|upkeep\n|turn|15\n|c|\u2606PhillyDolph|you're lucky lol never missed a hurricane\n|\n|t:|1682949067\n|move|p1b: Salamence|Hurricane|p2a: Gastrodon\n|-damage|p2a: Gastrodon|52\/100\n|-start|p2a: Gastrodon|confusion\n|-activate|p2a: Gastrodon|confusion\n|-damage|p2a: Gastrodon|47\/100|[from] confusion\n|\n|upkeep\n|turn|16\n|c|\u2606Infernape314|I still lose lol\n|\n|t:|1682949082\n|move|p1b: Salamence|Hurricane|p2a: Gastrodon\n|-damage|p2a: Gastrodon|24\/100\n|-activate|p2a: Gastrodon|confusion\n|-damage|p2a: Gastrodon|19\/100|[from] confusion\n|\n|upkeep\n|turn|17\n|\n|t:|1682949092\n|move|p1b: Salamence|Draco Meteor|p2a: Gastrodon\n|-damage|p2a: Gastrodon|0 fnt\n|-unboost|p1b: Salamence|spa|2\n|faint|p2a: Gastrodon\n|\n|win|Infernape314\n|raw|Infernape314's rating: 1329 → 1347<\/strong> (+18 for winning)\n|raw|PhillyDolph's rating: 1301 → 1283<\/strong> (-18 for losing)\n|c|\u2606Infernape314|gg\n|c|\u2606PhillyDolph|no\n|c|\u2606PhillyDolph|if this is good game\n|c|\u2606Infernape314|rngesus was on my side\n|c|\u2606PhillyDolph|than every game is good game\n|c|\u2606PhillyDolph|lol\n|c|\u2606Infernape314|naw\n|c|\u2606PhillyDolph|bye\n|c|\u2606Infernape314|i got hit by 3 fissures\n|l|\u2606PhillyDolph\n|c|\u2606Infernape314|in a row\n|c|\u2606Infernape314|yesterday\n","uploadtime":1682949127,"views":17,"p1id":"infernape314","p2id":"phillydolph","formatid":"gen9vgc2023regulationc","rating":1283,"private":0,"password":""}