{"id":"gen9vgc2023regulationc-1857451134","p1":"gorilnx","p2":"ElCalador","format":"[Gen 9] VGC 2023 Regulation C","log":"|j|\u2606gorilnx\n|j|\u2606ElCalador\n|t:|1683195277\n|gametype|doubles\n|player|p1|gorilnx|dawn-gen4pt|1254\n|player|p2|ElCalador|crasherwake|1327\n|teamsize|p1|6\n|teamsize|p2|6\n|gen|9\n|tier|[Gen 9] VGC 2023 Regulation C\n|rated|\n|rule|Species Clause: Limit one of each Pok\u00e9mon\n|rule|Item Clause: Limit one of each item\n|clearpoke\n|poke|p1|Palafin, L50, F|\n|poke|p1|Amoonguss, L50, M|\n|poke|p1|Flutter Mane, L50|\n|poke|p1|Arcanine, L50, F|\n|poke|p1|Ting-Lu, L50|\n|poke|p1|Baxcalibur, L50, F|\n|poke|p2|Torkoal, L50, M|\n|poke|p2|Jumpluff, L50, F|\n|poke|p2|Flutter Mane, L50|\n|poke|p2|Chi-Yu, L50|\n|poke|p2|Roaring Moon, L50|\n|poke|p2|Great Tusk, L50|\n|teampreview|4\n|inactive|Battle timer is ON: inactive players will automatically lose when time's up. (requested by ElCalador)\n|inactive|gorilnx also wants the timer to be on.\n|inactive|ElCalador has 60 seconds left.\n|\n|t:|1683195320\n|start\n|switch|p1a: Ting-Lu|Ting-Lu, L50|100\/100\n|switch|p1b: Palafin|Palafin, L50, F|100\/100\n|switch|p2a: Jumpluff|Jumpluff, L50, F|100\/100\n|switch|p2b: Flutter Mane|Flutter Mane, L50|100\/100\n|-ability|p1a: Ting-Lu|Vessel of Ruin\n|turn|1\n|\n|t:|1683195337\n|detailschange|p1b: Palafin|Palafin-Hero, L50, F\n|switch|p1b: Amoonguss|Amoonguss, L50, M|100\/100\n|-terastallize|p2b: Flutter Mane|Fairy\n|move|p2a: Jumpluff|Tailwind|p2a: Jumpluff\n|-sidestart|p2: ElCalador|move: Tailwind\n|move|p2b: Flutter Mane|Moonblast|p1b: Amoonguss\n|-resisted|p1b: Amoonguss\n|-damage|p1b: Amoonguss|69\/100\n|-unboost|p1b: Amoonguss|spa|1\n|move|p1a: Ting-Lu|Heavy Slam|p2b: Flutter Mane\n|-supereffective|p2b: Flutter Mane\n|-damage|p2b: Flutter Mane|0 fnt\n|faint|p2b: Flutter Mane\n|-end|p2b: Flutter Mane|Protosynthesis|[silent]\n|\n|upkeep\n|\n|t:|1683195345\n|switch|p2b: Roaring Moon|Roaring Moon, L50|100\/100\n|turn|2\n|\n|t:|1683195366\n|move|p1b: Amoonguss|Protect|p1b: Amoonguss\n|-singleturn|p1b: Amoonguss|Protect\n|move|p2b: Roaring Moon|Jaw Lock|p1b: Amoonguss\n|-activate|p1b: Amoonguss|move: Protect\n|move|p2a: Jumpluff|Sleep Powder|p1a: Ting-Lu\n|-status|p1a: Ting-Lu|slp|[from] move: Sleep Powder\n|cant|p1a: Ting-Lu|slp\n|\n|upkeep\n|turn|3\n|\n|t:|1683195382\n|move|p2b: Roaring Moon|Jaw Lock|p1b: Amoonguss\n|-damage|p1b: Amoonguss|22\/100\n|-activate|p2b: Roaring Moon|trapped\n|-activate|p1b: Amoonguss|trapped\n|-enditem|p1b: Amoonguss|Sitrus Berry|[eat]\n|-heal|p1b: Amoonguss|47\/100|[from] item: Sitrus Berry\n|-damage|p2b: Roaring Moon|91\/100|[from] item: Life Orb\n|move|p2a: Jumpluff|Grass Knot|p1a: Ting-Lu\n|-supereffective|p1a: Ting-Lu\n|-damage|p1a: Ting-Lu|83\/100 slp\n|cant|p1a: Ting-Lu|slp\n|move|p1b: Amoonguss|Spore|p2b: Roaring Moon\n|-status|p2b: Roaring Moon|slp|[from] move: Spore\n|\n|upkeep\n|turn|4\n|\n|t:|1683195402\n|cant|p2b: Roaring Moon|slp\n|move|p2a: Jumpluff|Charm|p1a: Ting-Lu\n|-unboost|p1a: Ting-Lu|atk|2\n|cant|p1a: Ting-Lu|slp\n|move|p1b: Amoonguss|Pollen Puff|p2b: Roaring Moon\n|-supereffective|p2b: Roaring Moon\n|-damage|p2b: Roaring Moon|72\/100 slp\n|\n|-sideend|p2: ElCalador|move: Tailwind\n|upkeep\n|turn|5\n|\n|t:|1683195417\n|switch|p1a: Flutter Mane|Flutter Mane, L50|100\/100\n|move|p1b: Amoonguss|Protect|p1b: Amoonguss\n|-singleturn|p1b: Amoonguss|Protect\n|cant|p2b: Roaring Moon|slp\n|move|p2a: Jumpluff|Charm|p1a: Flutter Mane\n|-unboost|p1a: Flutter Mane|atk|2\n|\n|upkeep\n|turn|6\n|\n|t:|1683195434\n|-curestatus|p2b: Roaring Moon|slp|[msg]\n|move|p2b: Roaring Moon|Protect|p2b: Roaring Moon\n|-singleturn|p2b: Roaring Moon|Protect\n|move|p1a: Flutter Mane|Dazzling Gleam|p2b: Roaring Moon|[spread] p2a\n|-activate|p2b: Roaring Moon|move: Protect\n|-damage|p2a: Jumpluff|50\/100\n|move|p2a: Jumpluff|Tailwind|p2a: Jumpluff\n|-sidestart|p2: ElCalador|move: Tailwind\n|move|p1b: Amoonguss|Pollen Puff|p2a: Jumpluff\n|-damage|p2a: Jumpluff|37\/100\n|\n|upkeep\n|turn|7\n|\n|t:|1683195459\n|-end|p1a: Flutter Mane|Protosynthesis|[silent]\n|switch|p1a: Ting-Lu|Ting-Lu, L50|83\/100 slp\n|-ability|p1a: Ting-Lu|Vessel of Ruin\n|move|p2b: Roaring Moon|Jaw Lock|p1b: Amoonguss\n|-crit|p1b: Amoonguss\n|-damage|p1b: Amoonguss|0 fnt\n|faint|p1b: Amoonguss\n|-damage|p2b: Roaring Moon|62\/100|[from] item: Life Orb\n|move|p2a: Jumpluff|Sleep Powder|p1a: Ting-Lu\n|-fail|p1a: Ting-Lu|slp\n|\n|upkeep\n|\n|t:|1683195479\n|switch|p1b: Palafin|Palafin-Hero, L50, F|100\/100\n|-activate|p1b: Palafin|ability: Zero to Hero\n|turn|8\n|\n|t:|1683195489\n|move|p1b: Palafin|Protect|p1b: Palafin\n|-singleturn|p1b: Palafin|Protect\n|move|p2b: Roaring Moon|Breaking Swipe|p1b: Palafin|[spread] p1a\n|-activate|p1b: Palafin|move: Protect\n|-damage|p1a: Ting-Lu|65\/100 slp\n|-unboost|p1a: Ting-Lu|atk|1\n|-damage|p2b: Roaring Moon|53\/100|[from] item: Life Orb\n|move|p2a: Jumpluff|Charm|p1b: Palafin\n|-activate|p1b: Palafin|move: Protect\n|-curestatus|p1a: Ting-Lu|slp|[msg]\n|move|p1a: Ting-Lu|Fissure|p2b: Roaring Moon|[miss]\n|-miss|p1a: Ting-Lu|p2b: Roaring Moon\n|\n|upkeep\n|turn|9\n|\n|t:|1683195509\n|-terastallize|p1b: Palafin|Water\n|move|p1b: Palafin|Jet Punch|p2a: Jumpluff\n|-resisted|p2a: Jumpluff\n|-damage|p2a: Jumpluff|0 fnt\n|faint|p2a: Jumpluff\n|move|p2b: Roaring Moon|Jaw Lock|p1a: Ting-Lu\n|-resisted|p1a: Ting-Lu\n|-damage|p1a: Ting-Lu|46\/100\n|-activate|p2b: Roaring Moon|trapped\n|-activate|p1a: Ting-Lu|trapped\n|-damage|p2b: Roaring Moon|43\/100|[from] item: Life Orb\n|move|p1a: Ting-Lu|Stomping Tantrum|p2b: Roaring Moon\n|-damage|p2b: Roaring Moon|0 fnt\n|faint|p2b: Roaring Moon\n|-end|p2b: Roaring Moon|Protosynthesis|[silent]\n|\n|-sideend|p2: ElCalador|move: Tailwind\n|upkeep\n|-message|ElCalador forfeited.\n|\n|win|gorilnx\n|raw|gorilnx's rating: 1254 → 1284<\/strong> (+30 for winning)\n|raw|ElCalador's rating: 1327 → 1303<\/strong> (-24 for losing)\n|l|\u2606ElCalador\n","uploadtime":1683195527,"views":14,"p1id":"gorilnx","p2id":"elcalador","formatid":"gen9vgc2023regulationc","rating":1284,"private":0,"password":""}