{"id":"gen9vgc2023regulationc-1862102536","p1":"Poison bird 10","p2":"Rock090","format":"[Gen 9] VGC 2023 Regulation C","log":"|j|\u2606Poison bird 10\n|j|\u2606Rock090\n|t:|1683837214\n|gametype|doubles\n|player|p1|Poison bird 10|101|1076\n|player|p2|Rock090|parasollady|1151\n|teamsize|p1|6\n|teamsize|p2|6\n|gen|9\n|tier|[Gen 9] VGC 2023 Regulation C\n|rated|\n|rule|Species Clause: Limit one of each Pok\u00e9mon\n|rule|Item Clause: Limit one of each item\n|clearpoke\n|poke|p1|Azumarill, L50, M|\n|poke|p1|Amoonguss, L50, M|\n|poke|p1|Pawmot, L50, M|\n|poke|p1|Flamigo, L50, M|\n|poke|p1|Corviknight, L50, F|\n|poke|p1|Palafin, L50, M|\n|poke|p2|Annihilape, L50, M|\n|poke|p2|Iron Bundle, L50|\n|poke|p2|Arcanine, L50, M|\n|poke|p2|Roaring Moon, L50|\n|poke|p2|Gholdengo, L50|\n|poke|p2|Maushold-Four, L50|\n|teampreview|4\n|inactive|Battle timer is ON: inactive players will automatically lose when time's up. (requested by Rock090)\nPoison bird 10 rejected open team sheets.\n|\n|t:|1683837232\n|start\n|switch|p1a: Azumarill|Azumarill, L50, M, shiny|100\/100\n|switch|p1b: Amoonguss|Amoonguss, L50, M|100\/100\n|switch|p2a: Roaring Moon|Roaring Moon, L50|100\/100\n|switch|p2b: Gholdengo|Gholdengo, L50|100\/100\n|-enditem|p2a: Roaring Moon|Booster Energy\n|-activate|p2a: Roaring Moon|ability: Protosynthesis|[fromitem]\n|-start|p2a: Roaring Moon|protosynthesisspe\n|turn|1\n|\n|t:|1683837249\n|move|p2a: Roaring Moon|Tailwind|p2a: Roaring Moon\n|-sidestart|p2: Rock090|move: Tailwind\n|move|p2b: Gholdengo|Nasty Plot|p2b: Gholdengo\n|-boost|p2b: Gholdengo|spa|2\n|move|p1a: Azumarill|Belly Drum|p1a: Azumarill\n|-damage|p1a: Azumarill|50\/100\n|-setboost|p1a: Azumarill|atk|6|[from] move: Belly Drum\n|-enditem|p1a: Azumarill|Sitrus Berry|[eat]\n|-heal|p1a: Azumarill|75\/100|[from] item: Sitrus Berry\n|move|p1b: Amoonguss|Spore|p2b: Gholdengo\n|-immune|p2b: Gholdengo|[from] ability: Good as Gold\n|\n|upkeep\n|turn|2\n|\n|t:|1683837269\n|switch|p1b: Flamigo|Flamigo, L50, M|100\/100\n|-copyboost|p1b: Flamigo|p1a: Azumarill|[from] ability: Costar\n|-terastallize|p2a: Roaring Moon|Flying\n|move|p2a: Roaring Moon|Acrobatics|p1b: Flamigo\n|-supereffective|p1b: Flamigo\n|-damage|p1b: Flamigo|0 fnt\n|faint|p1b: Flamigo\n|move|p2b: Gholdengo|Nasty Plot|p2b: Gholdengo\n|-boost|p2b: Gholdengo|spa|2\n|move|p1a: Azumarill|Play Rough|p2a: Roaring Moon\n|-damage|p2a: Roaring Moon|0 fnt\n|faint|p2a: Roaring Moon\n|-end|p2a: Roaring Moon|Protosynthesis|[silent]\n|\n|upkeep\n|\n|t:|1683837285\n|switch|p2a: Iron Bundle|Iron Bundle, L50|100\/100\n|switch|p1b: Amoonguss|Amoonguss, L50, M|100\/100\n|turn|3\n|\n|t:|1683837301\n|move|p1a: Azumarill|Aqua Jet|p2b: Gholdengo\n|-damage|p2b: Gholdengo|0 fnt\n|faint|p2b: Gholdengo\n|move|p2a: Iron Bundle|Icy Wind|p1a: Azumarill|[spread] p1a\n|-miss|p2a: Iron Bundle|p1b: Amoonguss\n|-resisted|p1a: Azumarill\n|-damage|p1a: Azumarill|66\/100\n|-unboost|p1a: Azumarill|spe|1\n|move|p1b: Amoonguss|Pollen Puff|p1a: Azumarill\n|-heal|p1a: Azumarill|100\/100\n|\n|upkeep\n|\n|t:|1683837307\n|switch|p2b: Arcanine|Arcanine, L50, M|100\/100\n|-ability|p2b: Arcanine|Intimidate|boost\n|-unboost|p1a: Azumarill|atk|1\n|-unboost|p1b: Amoonguss|atk|1\n|turn|4\n|\n|t:|1683837320\n|move|p1b: Amoonguss|Protect|p1b: Amoonguss\n|-singleturn|p1b: Amoonguss|Protect\n|move|p2b: Arcanine|Extreme Speed|p1a: Azumarill\n|-damage|p1a: Azumarill|74\/100\n|move|p1a: Azumarill|Aqua Jet|p2b: Arcanine\n|-supereffective|p2b: Arcanine\n|-damage|p2b: Arcanine|0 fnt\n|faint|p2b: Arcanine\n|move|p2a: Iron Bundle|Encore|p1b: Amoonguss\n|-activate|p1b: Amoonguss|move: Protect\n|\n|-sideend|p2: Rock090|move: Tailwind\n|upkeep\n|turn|5\n|-message|Rock090 forfeited.\n|\n|win|Poison bird 10\n|raw|Poison bird 10's rating: 1076 → 1111<\/strong> (+35 for winning)\n|raw|Rock090's rating: 1151 → 1121<\/strong> (-30 for losing)\n|l|\u2606Rock090\n","uploadtime":1683837392,"views":21,"p1id":"poisonbird10","p2id":"rock090","formatid":"gen9vgc2023regulationc","rating":1111,"private":0,"password":""}