{"id":"gen9vgc2023regulationc-1852964036","p1":"KatafriVGC","p2":"Bambambi","format":"[Gen 9] VGC 2023 Regulation C","log":"|j|\u2606KatafriVGC\n|j|\u2606Bambambi\n|t:|1682621106\n|gametype|doubles\n|player|p1|KatafriVGC|n|1139\n|player|p2|Bambambi|wallace-gen6|1207\n|teamsize|p1|6\n|teamsize|p2|6\n|gen|9\n|tier|[Gen 9] VGC 2023 Regulation C\n|rated|\n|rule|Species Clause: Limit one of each Pok\u00e9mon\n|rule|Item Clause: Limit one of each item\n|clearpoke\n|poke|p1|Abomasnow, L50, F|\n|poke|p1|Baxcalibur, L50, F|\n|poke|p1|Kingambit, L50, M|\n|poke|p1|Frosmoth, L50, M|\n|poke|p1|Slowking, L50, M|\n|poke|p1|Iron Bundle, L50|\n|poke|p2|Flutter Mane, L50|\n|poke|p2|Gothitelle, L50, F|\n|poke|p2|Scream Tail, L50|\n|poke|p2|Chi-Yu, L50|\n|poke|p2|Amoonguss, L50, F|\n|poke|p2|Palafin, L50, M|\n|teampreview|4\nKatafriVGC has agreed to open team sheets.\n|inactive|Battle timer is ON: inactive players will automatically lose when time's up. (requested by KatafriVGC)\nBambambi has agreed to open team sheets.\n|inactive|KatafriVGC has 60 seconds left.\n|inactive|Bambambi has 60 seconds left.\n|\n|t:|1682621190\n|start\n|switch|p1a: Obamasnow|Abomasnow, L50, F, shiny|100\/100\n|switch|p1b: Slowking|Slowking, L50, M|100\/100\n|switch|p2a: SSJ3 Jiggly|Scream Tail, L50, shiny|100\/100\n|switch|p2b: Palafin|Palafin, L50, M|100\/100\n|-weather|Snow|[from] ability: Snow Warning|[of] p1a: Obamasnow\n|-enditem|p2a: SSJ3 Jiggly|Booster Energy\n|-activate|p2a: SSJ3 Jiggly|ability: Protosynthesis|[fromitem]\n|-start|p2a: SSJ3 Jiggly|protosynthesisspe\n|turn|1\n|\n|t:|1682621209\n|detailschange|p2b: Palafin|Palafin-Hero, L50, M\n|switch|p2b: Egirl|Gothitelle, L50, F, shiny|100\/100\n|move|p2a: SSJ3 Jiggly|Perish Song|p2a: SSJ3 Jiggly\n|-start|p1a: Obamasnow|perish3|[silent]\n|-start|p1b: Slowking|perish3|[silent]\n|-start|p2a: SSJ3 Jiggly|perish3|[silent]\n|-start|p2b: Egirl|perish3|[silent]\n|-fieldactivate|move: Perish Song\n|move|p1a: Obamasnow|Aurora Veil|p1a: Obamasnow\n|-sidestart|p1: KatafriVGC|move: Aurora Veil\n|move|p1b: Slowking|Trick Room|p1b: Slowking\n|-fieldstart|move: Trick Room|[of] p1b: Slowking\n|\n|-weather|Snow|[upkeep]\n|-start|p1b: Slowking|perish3\n|-start|p1a: Obamasnow|perish3\n|-start|p2b: Egirl|perish3\n|-start|p2a: SSJ3 Jiggly|perish3\n|upkeep\n|turn|2\n|\n|t:|1682621225\n|move|p2a: SSJ3 Jiggly|Protect|p2a: SSJ3 Jiggly\n|-singleturn|p2a: SSJ3 Jiggly|Protect\n|move|p2b: Egirl|Fake Out|p1a: Obamasnow\n|-damage|p1a: Obamasnow|98\/100\n|move|p1b: Slowking|Surf|p2a: SSJ3 Jiggly|[spread] p1a,p2b\n|-activate|p2a: SSJ3 Jiggly|move: Protect\n|-resisted|p1a: Obamasnow\n|-damage|p1a: Obamasnow|89\/100\n|-damage|p2b: Egirl|78\/100\n|cant|p1a: Obamasnow|flinch\n|\n|-weather|Snow|[upkeep]\n|-start|p1b: Slowking|perish2\n|-start|p1a: Obamasnow|perish2\n|-start|p2b: Egirl|perish2\n|-start|p2a: SSJ3 Jiggly|perish2\n|upkeep\n|turn|3\n|\n|t:|1682621244\n|-end|p2a: SSJ3 Jiggly|Protosynthesis|[silent]\n|switch|p2a: Palafin|Palafin-Hero, L50, M|100\/100\n|-activate|p2a: Palafin|ability: Zero to Hero\n|move|p1b: Slowking|Surf|p2b: Egirl|[spread] p1a,p2a,p2b\n|-resisted|p1a: Obamasnow\n|-resisted|p2a: Palafin\n|-damage|p1a: Obamasnow|81\/100\n|-damage|p2a: Palafin|86\/100\n|-damage|p2b: Egirl|56\/100\n|move|p1a: Obamasnow|Blizzard|p2b: Egirl|[spread] p2a,p2b\n|-resisted|p2a: Palafin\n|-damage|p2a: Palafin|74\/100\n|-damage|p2b: Egirl|33\/100\n|-enditem|p2b: Egirl|Sitrus Berry|[eat]\n|-heal|p2b: Egirl|58\/100|[from] item: Sitrus Berry\n|move|p2b: Egirl|Light Screen|p2b: Egirl\n|-sidestart|p2: Bambambi|move: Light Screen\n|\n|-weather|Snow|[upkeep]\n|-start|p1b: Slowking|perish1\n|-start|p1a: Obamasnow|perish1\n|-start|p2b: Egirl|perish1\n|upkeep\n|turn|4\n|inactive|KatafriVGC has 30 seconds left.\n|\n|t:|1682621276\n|switch|p2b: SSJ3 Jiggly|Scream Tail, L50, shiny|100\/100\n|move|p2a: Palafin|Protect|p2a: Palafin\n|-singleturn|p2a: Palafin|Protect\n|move|p1b: Slowking|Surf|p2b: SSJ3 Jiggly|[spread] p1a,p2b\n|-activate|p2a: Palafin|move: Protect\n|-resisted|p1a: Obamasnow\n|-damage|p1a: Obamasnow|72\/100\n|-damage|p2b: SSJ3 Jiggly|86\/100\n|move|p1a: Obamasnow|Blizzard|p2b: SSJ3 Jiggly|[spread] p2b\n|-activate|p2a: Palafin|move: Protect\n|-damage|p2b: SSJ3 Jiggly|72\/100\n|\n|-weather|Snow|[upkeep]\n|-start|p1b: Slowking|perish0\n|-start|p1a: Obamasnow|perish0\n|faint|p1b: Slowking\n|faint|p1a: Obamasnow\n|upkeep\n|\n|t:|1682621291\n|switch|p1b: Iron Bundle|Iron Bundle, L50|100\/100\n|switch|p1a: Zangetsu|Kingambit, L50, M|100\/100\n|-enditem|p1b: Iron Bundle|Booster Energy\n|-activate|p1b: Iron Bundle|ability: Quark Drive|[fromitem]\n|-start|p1b: Iron Bundle|quarkdrivespa\n|turn|5\n|\n|t:|1682621301\n|switch|p2a: Egirl|Gothitelle, L50, F, shiny|58\/100\n|move|p2b: SSJ3 Jiggly|Protect|p2b: SSJ3 Jiggly\n|-singleturn|p2b: SSJ3 Jiggly|Protect\n|move|p1b: Iron Bundle|Protect|p1b: Iron Bundle\n|-singleturn|p1b: Iron Bundle|Protect\n|move|p1a: Zangetsu|Iron Head|p2b: SSJ3 Jiggly\n|-activate|p2b: SSJ3 Jiggly|move: Protect\n|\n|-weather|Snow|[upkeep]\n|-sideend|p1: KatafriVGC|move: Aurora Veil\n|-fieldend|move: Trick Room\n|upkeep\n|turn|6\n|\n|t:|1682621319\n|move|p2a: Egirl|Fake Out|p1b: Iron Bundle\n|-damage|p1b: Iron Bundle|96\/100\n|cant|p1b: Iron Bundle|flinch\n|move|p2b: SSJ3 Jiggly|Perish Song|p2b: SSJ3 Jiggly\n|-start|p1a: Zangetsu|perish3|[silent]\n|-start|p1b: Iron Bundle|perish3|[silent]\n|-start|p2a: Egirl|perish3|[silent]\n|-start|p2b: SSJ3 Jiggly|perish3|[silent]\n|-fieldactivate|move: Perish Song\n|move|p1a: Zangetsu|Iron Head|p2b: SSJ3 Jiggly\n|-supereffective|p2b: SSJ3 Jiggly\n|-crit|p2b: SSJ3 Jiggly\n|-damage|p2b: SSJ3 Jiggly|0 fnt\n|faint|p2b: SSJ3 Jiggly\n|-end|p2b: SSJ3 Jiggly|Protosynthesis|[silent]\n|\n|-weather|Snow|[upkeep]\n|-start|p1b: Iron Bundle|perish3\n|-start|p2a: Egirl|perish3\n|-start|p1a: Zangetsu|perish3\n|upkeep\n|\n|t:|1682621329\n|switch|p2b: Amoonguss|Amoonguss, L50, F|100\/100\n|turn|7\n|\n|t:|1682621342\n|-terastallize|p1b: Iron Bundle|Ice\n|move|p2a: Egirl|Protect|p2a: Egirl\n|-singleturn|p2a: Egirl|Protect\n|move|p2b: Amoonguss|Protect|p2b: Amoonguss\n|-singleturn|p2b: Amoonguss|Protect\n|move|p1b: Iron Bundle|Blizzard|p2b: Amoonguss|[spread] \n|-activate|p2a: Egirl|move: Protect\n|-activate|p2b: Amoonguss|move: Protect\n|move|p1a: Zangetsu|Kowtow Cleave|p2a: Egirl\n|-activate|p2a: Egirl|move: Protect\n|\n|-weather|Snow|[upkeep]\n|-start|p1b: Iron Bundle|perish2\n|-start|p2a: Egirl|perish2\n|-start|p1a: Zangetsu|perish2\n|-sideend|p2: Bambambi|move: Light Screen\n|upkeep\n|turn|8\n|inactive|Bambambi has 30 seconds left.\n|inactive|Bambambi has 20 seconds left.\n|\n|t:|1682621380\n|move|p2a: Egirl|Protect|p2a: Egirl\n|-singleturn|p2a: Egirl|Protect\n|move|p2b: Amoonguss|Rage Powder|p2b: Amoonguss\n|-singleturn|p2b: Amoonguss|move: Rage Powder\n|move|p1b: Iron Bundle|Blizzard|p2b: Amoonguss|[spread] p2b\n|-activate|p2a: Egirl|move: Protect\n|-supereffective|p2b: Amoonguss\n|-damage|p2b: Amoonguss|0 fnt\n|faint|p2b: Amoonguss\n|move|p1a: Zangetsu|Kowtow Cleave|p2a: Egirl\n|-activate|p2a: Egirl|move: Protect\n|\n|-weather|none\n|-start|p1b: Iron Bundle|perish1\n|-start|p2a: Egirl|perish1\n|-start|p1a: Zangetsu|perish1\n|upkeep\n|\n|t:|1682621387\n|switch|p2b: Palafin|Palafin-Hero, L50, M|74\/100\n|turn|9\n|c|\u2606Bambambi|Misclick\n|c|\u2606Bambambi|oh well\n|c|\u2606Bambambi|gg\n|\n|t:|1682621403\n|move|p2b: Palafin|Protect|p2b: Palafin\n|-singleturn|p2b: Palafin|Protect\n|move|p2a: Egirl|Protect||[still]\n|-fail|p2a: Egirl\n|move|p1b: Iron Bundle|Blizzard|p2a: Egirl|[spread] p2a\n|-activate|p2b: Palafin|move: Protect\n|-damage|p2a: Egirl|0 fnt\n|faint|p2a: Egirl\n|move|p1a: Zangetsu|Kowtow Cleave|p2b: Palafin\n|-activate|p2b: Palafin|move: Protect\n|\n|-start|p1b: Iron Bundle|perish0\n|-start|p1a: Zangetsu|perish0\n|faint|p1b: Iron Bundle\n|-end|p1b: Iron Bundle|Quark Drive|[silent]\n|faint|p1a: Zangetsu\n|\n|win|Bambambi\n|upkeep\n|raw|KatafriVGC's rating: 1139 → 1119<\/strong> (-20 for losing)\n|raw|Bambambi's rating: 1207 → 1227<\/strong> (+20 for winning)\n|c|\u2606KatafriVGC|ggs\n|c|\u2606KatafriVGC|never played against perish song\n|c|\u2606KatafriVGC|good learning experience\n","uploadtime":1682621425,"views":9,"p1id":"katafrivgc","p2id":"bambambi","formatid":"gen9vgc2023regulationc","rating":1119,"private":0,"password":""}