{"id":"gen9vgc2023regulationc-1854778894","p1":"Jbenn","p2":"Lightzawk","format":"[Gen 9] VGC 2023 Regulation C","log":"|j|\u2606Jbenn\n|j|\u2606Lightzawk\n|t:|1682864929\n|gametype|doubles\n|player|p1|Jbenn|steven|\n|player|p2|Lightzawk|veteran|\n|teamsize|p1|6\n|teamsize|p2|6\n|gen|9\n|tier|[Gen 9] VGC 2023 Regulation C\n|rated|Tournament battle\n|rule|Species Clause: Limit one of each Pok\u00e9mon\n|rule|Item Clause: Limit one of each item\n|clearpoke\n|poke|p1|Roaring Moon, L50|\n|poke|p1|Great Tusk, L50|\n|poke|p1|Gholdengo, L50|\n|poke|p1|Hariyama, L50, F|\n|poke|p1|Mimikyu, L50, M|\n|poke|p1|Gyarados, L50, M|\n|poke|p2|Cetitan, L50, M|\n|poke|p2|Abomasnow, L50, M|\n|poke|p2|Dragonite, L50, F|\n|poke|p2|Chi-Yu, L50|\n|poke|p2|Amoonguss, L50, M|\n|poke|p2|Flutter Mane, L50|\n|teampreview|4\n|raw| Open Team Sheet for Jbenn<\/summary>Smaug (Roaring Moon) @ Booster Energy Ability: Protosynthesis Level: 50 Tera Type: Flying - Protect - Tailwind - Acrobatics - Jaw Lock Big AL (Great Tusk) @ Life Orb Ability: Protosynthesis Level: 50 Hidden Power: Fighting Tera Type: Grass - Protect - Headlong Rush - Earthquake - Ice Spinner 50 Cent (Gholdengo) @ Leftovers Ability: Good as Gold Level: 50 Tera Type: Water - Protect - Nasty Plot - Make It Rain - Thunderbolt Yokozuna (Hariyama) @ Roseli Berry Ability: Thick Fat Level: 50 Shiny: Yes Tera Type: Steel - Fake Out - Close Combat - Iron Head - Wide Guard Casper (Mimikyu) @ Sitrus Berry Ability: Disguise Level: 50 Tera Type: Water - Protect - Trick Room - Play Rough - Curse Haku (Gyarados) (M) @ Lum Berry Ability: Intimidate Level: 50 Shiny: Yes Tera Type: Flying - Taunt - Waterfall - Thunder Wave - Tera Blast <\/details><\/div> Open Team Sheet for Lightzawk<\/summary>Cetitan (M) @ Assault Vest Ability: Slush Rush Level: 50 Shiny: Yes Tera Type: Water - Ice Shard - Liquidation - Heavy Slam - Ice Spinner Abomasnow (M) @ Light Clay Ability: Snow Warning Level: 50 Shiny: Yes Tera Type: Fire - Protect - Aurora Veil - Giga Drain - Blizzard Dragonite @ Liechi Berry Ability: Multiscale Level: 50 Shiny: Yes Tera Type: Fire - Tailwind - Snowscape - Extreme Speed - Earthquake Chi-Yu @ Focus Sash Ability: Beads of Ruin Level: 50 Tera Type: Water - Protect - Tera Blast - Dark Pulse - Heat Wave Amoonguss @ Leftovers Ability: Regenerator Level: 50 Shiny: Yes Tera Type: Ghost - Rage Powder - Spore - Clear Smog - Pollen Puff Flutter Mane @ Booster Energy Ability: Protosynthesis Level: 50 Tera Type: Fairy - Protect - Icy Wind - Dazzling Gleam - Shadow Ball <\/details><\/div>\n|\n|t:|1682864985\n|start\n|switch|p1a: Yokozuna|Hariyama, L50, F, shiny|100\/100\n|switch|p1b: Casper|Mimikyu, L50, M|100\/100\n|switch|p2a: Chi-Yu|Chi-Yu, L50|100\/100\n|switch|p2b: Flutter Mane|Flutter Mane, L50|100\/100\n|-ability|p2a: Chi-Yu|Beads of Ruin\n|-enditem|p2b: Flutter Mane|Booster Energy\n|-activate|p2b: Flutter Mane|ability: Protosynthesis|[fromitem]\n|-start|p2b: Flutter Mane|protosynthesisspe\n|turn|1\n|\n|t:|1682865007\n|-terastallize|p2b: Flutter Mane|Fairy\n|move|p2a: Chi-Yu|Protect|p2a: Chi-Yu\n|-singleturn|p2a: Chi-Yu|Protect\n|move|p1a: Yokozuna|Fake Out|p2a: Chi-Yu\n|-activate|p2a: Chi-Yu|move: Protect\n|move|p2b: Flutter Mane|Dazzling Gleam|p1a: Yokozuna|[spread] p1a,p1b\n|-supereffective|p1a: Yokozuna\n|-enditem|p1a: Yokozuna|Roseli Berry|[eat]\n|-enditem|p1a: Yokozuna|Roseli Berry|[weaken]\n|-damage|p1a: Yokozuna|44\/100\n|-activate|p1b: Casper|ability: Disguise\n|-damage|p1b: Casper|100\/100\n|detailschange|p1b: Casper|Mimikyu-Busted, L50, M\n|-damage|p1b: Casper|88\/100|[from] pokemon: Mimikyu-Busted\n|move|p1b: Casper|Trick Room|p1b: Casper\n|-fieldstart|move: Trick Room|[of] p1b: Casper\n|\n|upkeep\n|turn|2\n|\n|t:|1682865084\n|switch|p1b: 50 Cent|Gholdengo, L50|100\/100\n|move|p2b: Flutter Mane|Protect|p2b: Flutter Mane\n|-singleturn|p2b: Flutter Mane|Protect\n|move|p1a: Yokozuna|Close Combat|p2a: Chi-Yu\n|-supereffective|p2a: Chi-Yu\n|-enditem|p2a: Chi-Yu|Focus Sash\n|-damage|p2a: Chi-Yu|1\/100\n|-unboost|p1a: Yokozuna|def|1\n|-unboost|p1a: Yokozuna|spd|1\n|move|p2a: Chi-Yu|Dark Pulse|p1a: Yokozuna\n|-resisted|p1a: Yokozuna\n|-damage|p1a: Yokozuna|0 fnt\n|faint|p1a: Yokozuna\n|\n|upkeep\n|\n|t:|1682865105\n|switch|p1a: Haku|Gyarados, L50, M, shiny|100\/100\n|-ability|p1a: Haku|Intimidate|boost\n|-unboost|p2a: Chi-Yu|atk|1\n|-unboost|p2b: Flutter Mane|atk|1\n|turn|3\n|j| LoveforVGC\n|\n|t:|1682865129\n|-end|p2b: Flutter Mane|Protosynthesis|[silent]\n|switch|p2b: Cetitan|Cetitan, L50, M, shiny|100\/100\n|move|p2a: Chi-Yu|Protect|p2a: Chi-Yu\n|-singleturn|p2a: Chi-Yu|Protect\n|move|p1b: 50 Cent|Make It Rain|p2a: Chi-Yu|[spread] p2b\n|-activate|p2a: Chi-Yu|move: Protect\n|-supereffective|p2b: Cetitan\n|-damage|p2b: Cetitan|0 fnt\n|-unboost|p1b: 50 Cent|spa|1\n|faint|p2b: Cetitan\n|move|p1a: Haku|Waterfall|p2a: Chi-Yu\n|-activate|p2a: Chi-Yu|move: Protect\n|\n|upkeep\n|\n|t:|1682865139\n|switch|p2b: Flutter Mane|Flutter Mane, L50, tera:Fairy|100\/100\n|turn|4\n|\n|t:|1682865153\n|move|p2a: Chi-Yu|Protect||[still]\n|-fail|p2a: Chi-Yu\n|move|p2b: Flutter Mane|Protect|p2b: Flutter Mane\n|-singleturn|p2b: Flutter Mane|Protect\n|move|p1b: 50 Cent|Make It Rain|p2b: Flutter Mane|[spread] p2a\n|-activate|p2b: Flutter Mane|move: Protect\n|-resisted|p2a: Chi-Yu\n|-crit|p2a: Chi-Yu\n|-damage|p2a: Chi-Yu|0 fnt\n|-unboost|p1b: 50 Cent|spa|1\n|faint|p2a: Chi-Yu\n|move|p1a: Haku|Waterfall|p2b: Flutter Mane\n|-activate|p2b: Flutter Mane|move: Protect\n|\n|upkeep\n|\n|t:|1682865160\n|switch|p2a: Amoonguss|Amoonguss, L50, M, shiny|100\/100\n|turn|5\n|\n|t:|1682865181\n|move|p2a: Amoonguss|Rage Powder|p2a: Amoonguss\n|-singleturn|p2a: Amoonguss|move: Rage Powder\n|move|p1b: 50 Cent|Make It Rain|p2a: Amoonguss|[spread] p2a,p2b\n|-supereffective|p2b: Flutter Mane\n|-damage|p2a: Amoonguss|83\/100\n|-damage|p2b: Flutter Mane|47\/100\n|-unboost|p1b: 50 Cent|spa|1\n|move|p1a: Haku|Taunt|p2a: Amoonguss\n|-start|p2a: Amoonguss|move: Taunt\n|move|p2b: Flutter Mane|Shadow Ball|p1b: 50 Cent\n|-supereffective|p1b: 50 Cent\n|-damage|p1b: 50 Cent|13\/100\n|\n|-heal|p2a: Amoonguss|88\/100|[from] item: Leftovers\n|-heal|p1b: 50 Cent|19\/100|[from] item: Leftovers\n|-fieldend|move: Trick Room\n|upkeep\n|turn|6\n|\n|t:|1682865212\n|move|p1b: 50 Cent|Protect|p1b: 50 Cent\n|-singleturn|p1b: 50 Cent|Protect\n|move|p2b: Flutter Mane|Shadow Ball|p1a: Haku\n|-damage|p1a: Haku|64\/100\n|-unboost|p1a: Haku|spd|1\n|move|p1a: Haku|Waterfall|p2b: Flutter Mane\n|-damage|p2b: Flutter Mane|0 fnt\n|faint|p2b: Flutter Mane\n|-end|p2b: Flutter Mane|Protosynthesis|[silent]\n|move|p2a: Amoonguss|Pollen Puff|p2: Flutter Mane|[notarget]\n|-fail|p2a: Amoonguss\n|\n|-heal|p1b: 50 Cent|25\/100|[from] item: Leftovers\n|-heal|p2a: Amoonguss|94\/100|[from] item: Leftovers\n|upkeep\n|turn|7\n|-message|Lightzawk forfeited.\n|\n|win|Jbenn\n|n|\u2606Jbenn|jbenn\n|n|\u2606Lightzawk|lightzawk\n|n| LoveforVGC|loveforvgc\n","uploadtime":1682865223,"views":14,"p1id":"jbenn","p2id":"lightzawk","formatid":"gen9vgc2023regulationc","rating":0,"private":0,"password":""}