{"id":"gen9vgc2023regulationc-1850535598","p1":"gmjuice","p2":"lucailbello88","format":"[Gen 9] VGC 2023 Regulation C","log":"|j|\u2606gmjuice\n|j|\u2606lucailbello88\n|t:|1682346597\n|gametype|doubles\n|player|p1|gmjuice|265|1132\n|player|p2|lucailbello88|169|1028\n|teamsize|p1|6\n|teamsize|p2|6\n|gen|9\n|tier|[Gen 9] VGC 2023 Regulation C\n|rated|\n|rule|Species Clause: Limit one of each Pok\u00e9mon\n|rule|Item Clause: Limit one of each item\n|clearpoke\n|poke|p1|Chien-Pao, L50|\n|poke|p1|Flutter Mane, L50|\n|poke|p1|Maushold-Four, L50|\n|poke|p1|Arcanine, L50, F|\n|poke|p1|Amoonguss, L50, F|\n|poke|p1|Klawf, L50, F|\n|poke|p2|Gastrodon-East, L50, F|\n|poke|p2|Flutter Mane, L50|\n|poke|p2|Brute Bonnet, L50|\n|poke|p2|Talonflame, L50, F|\n|poke|p2|Eelektross, L50, F|\n|poke|p2|Indeedee-F, L50, F|\n|teampreview|4\ngmjuice rejected open team sheets.\n|inactive|Battle timer is ON: inactive players will automatically lose when time's up. (requested by gmjuice)\n|\n|t:|1682346648\n|start\n|switch|p1a: Klawf|Klawf, L50, F|100\/100\n|switch|p1b: Maushold|Maushold-Four, L50|100\/100\n|switch|p2a: Indeedee|Indeedee-F, L50, F|100\/100\n|switch|p2b: Eelektross|Eelektross, L50, F|100\/100\n|-fieldstart|move: Psychic Terrain|[from] ability: Psychic Surge|[of] p2a: Indeedee\n|-enditem|p2a: Indeedee|Psychic Seed\n|-boost|p2a: Indeedee|spd|1|[from] item: Psychic Seed\n|turn|1\n|inactive|gmjuice has 30 seconds left.\n|\n|t:|1682346677\n|move|p2b: Eelektross|Protect|p2b: Eelektross\n|-singleturn|p2b: Eelektross|Protect\n|move|p1b: Maushold|Follow Me|p1b: Maushold\n|-singleturn|p1b: Maushold|move: Follow Me\n|move|p1a: Klawf|Knock Off|p2a: Indeedee\n|-supereffective|p2a: Indeedee\n|-damage|p2a: Indeedee|65\/100\n|move|p2a: Indeedee|Trick Room|p2a: Indeedee\n|-fieldstart|move: Trick Room|[of] p2a: Indeedee\n|\n|upkeep\n|turn|2\n|\n|t:|1682346699\n|move|p2a: Indeedee|Helping Hand|p2b: Eelektross\n|-singleturn|p2b: Eelektross|Helping Hand|[of] p2a: Indeedee\n|move|p2b: Eelektross|Giga Drain|p1a: Klawf\n|-supereffective|p1a: Klawf\n|-damage|p1a: Klawf|38\/100\n|move|p1a: Klawf|Stone Edge|p2b: Eelektross\n|-damage|p2b: Eelektross|55\/100\n|move|p1b: Maushold|Tickle|p2b: Eelektross\n|-unboost|p2b: Eelektross|atk|1\n|-unboost|p2b: Eelektross|def|1\n|\n|upkeep\n|turn|3\n|\n|t:|1682346719\n|switch|p1a: Amoonguss|Amoonguss, L50, F|100\/100\n|move|p2a: Indeedee|Follow Me|p2a: Indeedee\n|-singleturn|p2a: Indeedee|move: Follow Me\n|move|p2b: Eelektross|Giga Drain|p1a: Amoonguss\n|-resisted|p1a: Amoonguss\n|-damage|p1a: Amoonguss|97\/100\n|-heal|p2b: Eelektross|57\/100|[from] drain|[of] p1a: Amoonguss\n|move|p1b: Maushold|Tickle|p2a: Indeedee\n|-unboost|p2a: Indeedee|atk|1\n|-unboost|p2a: Indeedee|def|1\n|\n|upkeep\n|turn|4\n|inactive|gmjuice has 30 seconds left.\n|\n|t:|1682346752\n|move|p2a: Indeedee|Follow Me|p2a: Indeedee\n|-singleturn|p2a: Indeedee|move: Follow Me\n|move|p1b: Maushold|Follow Me|p1b: Maushold\n|-singleturn|p1b: Maushold|move: Follow Me\n|move|p1a: Amoonguss|Pollen Puff|p2a: Indeedee\n|-supereffective|p2a: Indeedee\n|-damage|p2a: Indeedee|35\/100\n|move|p2b: Eelektross|Flamethrower|p1b: Maushold\n|-damage|p1b: Maushold|66\/100\n|\n|upkeep\n|turn|5\n|\n|t:|1682346771\n|switch|p2b: Brute Bonnet|Brute Bonnet, L50|100\/100\n|move|p1b: Maushold|Follow Me|p1b: Maushold\n|-singleturn|p1b: Maushold|move: Follow Me\n|move|p1a: Amoonguss|Pollen Puff|p2a: Indeedee\n|-supereffective|p2a: Indeedee\n|-damage|p2a: Indeedee|8\/100\n|move|p2a: Indeedee|Dazzling Gleam|p1a: Amoonguss|[spread] p1a,p1b\n|-resisted|p1a: Amoonguss\n|-damage|p1a: Amoonguss|92\/100\n|-damage|p1b: Maushold|45\/100\n|\n|-fieldend|move: Trick Room\n|-fieldend|move: Psychic Terrain\n|upkeep\n|turn|6\n|\n|t:|1682346793\n|move|p2a: Indeedee|Helping Hand|p2b: Brute Bonnet\n|-singleturn|p2b: Brute Bonnet|Helping Hand|[of] p2a: Indeedee\n|move|p1b: Maushold|Tickle|p2b: Brute Bonnet\n|-unboost|p2b: Brute Bonnet|atk|1\n|-unboost|p2b: Brute Bonnet|def|1\n|move|p2b: Brute Bonnet|Bullet Seed|p1b: Maushold\n|-damage|p1b: Maushold|24\/100\n|-damage|p1b: Maushold|3\/100\n|-crit|p1b: Maushold\n|-damage|p1b: Maushold|0 fnt\n|faint|p1b: Maushold\n|-hitcount|p1: Maushold|3\n|move|p1a: Amoonguss|Pollen Puff|p2a: Indeedee\n|-supereffective|p2a: Indeedee\n|-damage|p2a: Indeedee|0 fnt\n|faint|p2a: Indeedee\n|\n|upkeep\n|\n|t:|1682346812\n|switch|p1b: Flutter Mane|Flutter Mane, L50|100\/100\n|switch|p2a: Eelektross|Eelektross, L50, F|57\/100\n|-enditem|p1b: Flutter Mane|Booster Energy\n|-activate|p1b: Flutter Mane|ability: Protosynthesis|[fromitem]\n|-start|p1b: Flutter Mane|protosynthesisspe\n|turn|7\n|\n|t:|1682346825\n|move|p1b: Flutter Mane|Dazzling Gleam|p2b: Brute Bonnet|[spread] p2a,p2b\n|-supereffective|p2b: Brute Bonnet\n|-damage|p2a: Eelektross|25\/100\n|-damage|p2b: Brute Bonnet|37\/100\n|-enditem|p2a: Eelektross|Sitrus Berry|[eat]\n|-heal|p2a: Eelektross|50\/100|[from] item: Sitrus Berry\n|move|p2b: Brute Bonnet|Spore|p1b: Flutter Mane\n|-status|p1b: Flutter Mane|slp|[from] move: Spore\n|move|p2a: Eelektross|Flamethrower|p1a: Amoonguss\n|-supereffective|p1a: Amoonguss\n|-damage|p1a: Amoonguss|45\/100\n|move|p1a: Amoonguss|Pollen Puff|p2b: Brute Bonnet\n|-supereffective|p2b: Brute Bonnet\n|-damage|p2b: Brute Bonnet|0 fnt\n|faint|p2b: Brute Bonnet\n|-end|p2b: Brute Bonnet|Protosynthesis|[silent]\n|\n|upkeep\n|\n|t:|1682346840\n|switch|p2b: Gastrodon|Gastrodon-East, L50, F, shiny|100\/100\n|turn|8\n|\n|t:|1682346853\n|-terastallize|p2b: Gastrodon|Fire\n|cant|p1b: Flutter Mane|slp\n|move|p2a: Eelektross|Giga Drain|p1b: Flutter Mane\n|-damage|p1b: Flutter Mane|77\/100 slp\n|-heal|p2a: Eelektross|58\/100|[from] drain|[of] p1b: Flutter Mane\n|move|p2b: Gastrodon|Tera Blast|p1a: Amoonguss\n|-supereffective|p1a: Amoonguss\n|-damage|p1a: Amoonguss|0 fnt\n|faint|p1a: Amoonguss\n|\n|upkeep\n|\n|t:|1682346863\n|switch|p1a: Klawf|Klawf, L50, F|71\/100\n|turn|9\n|\n|t:|1682346877\n|-terastallize|p1a: Klawf|Rock\n|-curestatus|p1b: Flutter Mane|slp|[msg]\n|move|p1b: Flutter Mane|Dazzling Gleam|p2b: Gastrodon|[spread] p2a,p2b\n|-resisted|p2b: Gastrodon\n|-damage|p2a: Eelektross|24\/100\n|-damage|p2b: Gastrodon|86\/100\n|move|p1a: Klawf|Stone Edge|p2b: Gastrodon|[miss]\n|-miss|p1a: Klawf|p2b: Gastrodon\n|move|p2a: Eelektross|Giga Drain|p1a: Klawf\n|-supereffective|p1a: Klawf\n|-damage|p1a: Klawf|14\/100\n|-heal|p2a: Eelektross|45\/100|[from] drain|[of] p1a: Klawf\n|move|p2b: Gastrodon|Clear Smog|p1b: Flutter Mane\n|-damage|p1b: Flutter Mane|61\/100\n|-clearboost|p1b: Flutter Mane\n|\n|-heal|p2b: Gastrodon|92\/100|[from] item: Leftovers\n|upkeep\n|turn|10\n|inactive|lucailbello88 has 30 seconds left.\n|\n|t:|1682346903\n|move|p2a: Eelektross|Protect|p2a: Eelektross\n|-singleturn|p2a: Eelektross|Protect\n|move|p1b: Flutter Mane|Dazzling Gleam|p2a: Eelektross|[spread] p2b\n|-activate|p2a: Eelektross|move: Protect\n|-resisted|p2b: Gastrodon\n|-damage|p2b: Gastrodon|76\/100\n|move|p1a: Klawf|Stone Edge|p2b: Gastrodon\n|-supereffective|p2b: Gastrodon\n|-damage|p2b: Gastrodon|0 fnt\n|faint|p2b: Gastrodon\n|\n|upkeep\n|turn|11\n|-message|lucailbello88 forfeited.\n|\n|win|gmjuice\n|raw|gmjuice's rating: 1132 → 1150<\/strong> (+18 for winning)\n|raw|lucailbello88's rating: 1028 → 1018<\/strong> (-10 for losing)\n|l|\u2606lucailbello88\n","uploadtime":1682346922,"views":22,"p1id":"gmjuice","p2id":"lucailbello88","formatid":"gen9vgc2023regulationc","rating":1018,"private":0,"password":""}