{"id":"gen9vgc2023regulationc-1862111218","p1":"Greedent Enjoyer","p2":"QuaxLink","format":"[Gen 9] VGC 2023 Regulation C","log":"|j|\u2606Greedent Enjoyer\n|j|\u2606QuaxLink\n|t:|1683838100\n|gametype|doubles\n|player|p1|Greedent Enjoyer|artist|\n|player|p2|QuaxLink|blackbelt-gen4dp|\n|teamsize|p1|6\n|teamsize|p2|6\n|gen|9\n|tier|[Gen 9] VGC 2023 Regulation C\n|rule|Species Clause: Limit one of each Pok\u00e9mon\n|rule|Item Clause: Limit one of each item\n|clearpoke\n|poke|p1|Forretress, L50, F|\n|poke|p1|Mabosstiff, L50, M|\n|poke|p1|Iron Thorns, L50|\n|poke|p1|Iron Jugulis, L50|\n|poke|p1|Pincurchin, L50, F|\n|poke|p1|Scovillain, L50, M|\n|poke|p2|Flutter Mane, L50|\n|poke|p2|Grafaiai, L50, M|\n|poke|p2|Dragonite, L50, F|\n|poke|p2|Tauros-Paldea-Blaze, L50, M|\n|poke|p2|Vivillon, L50, M|\n|poke|p2|Clawitzer, L50, F|\n|teampreview|4\nGreedent Enjoyer rejected open team sheets.\n|j| PorygonTheBot\n|c| PorygonTheBot|Porygon has digitized into the match... booting up... successfully calibrating stats!\n|c|\u2606QuaxLink|glhf\n|j| xMissingName\n|c|\u2606Greedent Enjoyer|glhf\n|c|\u2606Greedent Enjoyer|warum hab ich eigentlich diesen maler\n|\n|t:|1683838303\n|start\n|switch|p1a: Tsukuyomi|Iron Jugulis, L50|100\/100\n|switch|p1b: Chargebolt|Pincurchin, L50, F|100\/100\n|switch|p2a: Dragonite|Dragonite, L50, F|100\/100\n|switch|p2b: Vivillon|Vivillon, L50, M|100\/100\n|-fieldstart|move: Electric Terrain|[from] ability: Electric Surge|[of] p1b: Chargebolt\n|-activate|p1a: Tsukuyomi|ability: Quark Drive\n|-start|p1a: Tsukuyomi|quarkdrivespe\n|turn|1\n|c|\u2606Greedent Enjoyer|den hab ich nie ausgew\u00e4hlt\n|\n|t:|1683838337\n|move|p1a: Tsukuyomi|Air Slash|p2b: Vivillon\n|-supereffective|p2b: Vivillon\n|-enditem|p2b: Vivillon|Focus Sash\n|-damage|p2b: Vivillon|1\/100\n|move|p2b: Vivillon|Struggle Bug|p1b: Chargebolt|[spread] p1a,p1b\n|-damage|p1a: Tsukuyomi|79\/100\n|-damage|p1b: Chargebolt|86\/100\n|-unboost|p1a: Tsukuyomi|spa|1\n|-unboost|p1b: Chargebolt|spa|1\n|move|p2a: Dragonite|Dragon Dance|p2a: Dragonite\n|-boost|p2a: Dragonite|atk|1\n|-boost|p2a: Dragonite|spe|1\n|move|p1b: Chargebolt|Zing Zap|p2a: Dragonite\n|-damage|p2a: Dragonite|87\/100\n|\n|upkeep\n|turn|2\n|\n|t:|1683838455\n|-end|p1a: Tsukuyomi|Quark Drive|[silent]\n|switch|p1a: Tsuragamae|Mabosstiff, L50, M|100\/100\n|-ability|p1a: Tsuragamae|Intimidate|boost\n|-fail|p2a: Dragonite|unboost|[from] item: Clear Amulet|[of] p2a: Dragonite\n|-unboost|p2b: Vivillon|atk|1\n|-terastallize|p2a: Dragonite|Normal\n|move|p2a: Dragonite|Extreme Speed|p1a: Tsuragamae\n|-damage|p1a: Tsuragamae|8\/100\n|move|p2b: Vivillon|Pollen Puff|p2a: Dragonite\n|-heal|p2a: Dragonite|100\/100\n|move|p1b: Chargebolt|Thunder Wave|p2a: Dragonite\n|-status|p2a: Dragonite|par\n|\n|upkeep\n|turn|3\n|\n|t:|1683838499\n|move|p1b: Chargebolt|Sucker Punch|p2b: Vivillon\n|-damage|p2b: Vivillon|0 fnt\n|faint|p2b: Vivillon\n|move|p1a: Tsuragamae|Endeavor|p2a: Dragonite\n|-damage|p2a: Dragonite|6\/100 par\n|move|p2a: Dragonite|Stomping Tantrum|p1b: Chargebolt\n|-supereffective|p1b: Chargebolt\n|-enditem|p1b: Chargebolt|Shuca Berry|[eat]\n|-enditem|p1b: Chargebolt|Shuca Berry|[weaken]\n|-damage|p1b: Chargebolt|31\/100\n|\n|upkeep\n|\n|t:|1683838583\n|switch|p2b: Flutter Mane|Flutter Mane, L50|100\/100\n|turn|4\n|\n|t:|1683838612\n|move|p2a: Dragonite|Extreme Speed|p1b: Chargebolt\n|-damage|p1b: Chargebolt|0 fnt\n|faint|p1b: Chargebolt\n|move|p2b: Flutter Mane|Moonblast|p1a: Tsuragamae\n|-supereffective|p1a: Tsuragamae\n|-damage|p1a: Tsuragamae|0 fnt\n|faint|p1a: Tsuragamae\n|-damage|p2b: Flutter Mane|91\/100|[from] item: Life Orb\n|\n|upkeep\n|\n|t:|1683838616\n|switch|p1a: Gigantomachia|Iron Thorns, L50, shiny|100\/100\n|switch|p1b: Tsukuyomi|Iron Jugulis, L50|79\/100\n|-activate|p1b: Tsukuyomi|ability: Quark Drive\n|-start|p1b: Tsukuyomi|quarkdrivespe\n|-activate|p1a: Gigantomachia|ability: Quark Drive\n|-start|p1a: Gigantomachia|quarkdriveatk\n|turn|5\n|\n|t:|1683838644\n|-terastallize|p1a: Gigantomachia|Grass\n|move|p2b: Flutter Mane|Protect|p2b: Flutter Mane\n|-singleturn|p2b: Flutter Mane|Protect\n|move|p2a: Dragonite|Extreme Speed|p1b: Tsukuyomi\n|-damage|p1b: Tsukuyomi|0 fnt\n|faint|p1b: Tsukuyomi\n|-end|p1b: Tsukuyomi|Quark Drive|[silent]\n|move|p1a: Gigantomachia|Rock Slide|p2b: Flutter Mane|[spread] p2a\n|-activate|p2b: Flutter Mane|move: Protect\n|-damage|p2a: Dragonite|0 fnt\n|faint|p2a: Dragonite\n|\n|-fieldend|move: Electric Terrain\n|-end|p1a: Gigantomachia|Quark Drive\n|upkeep\n|c|\u2606Greedent Enjoyer|crazy\n|\n|t:|1683838656\n|switch|p2a: Clawitzer|Clawitzer, L50, F, shiny|100\/100\n|turn|6\n|\n|t:|1683838713\n|move|p1a: Gigantomachia|Protect|p1a: Gigantomachia\n|-singleturn|p1a: Gigantomachia|Protect\n|move|p2b: Flutter Mane|Moonblast|p1a: Gigantomachia\n|-activate|p1a: Gigantomachia|move: Protect\n|move|p2a: Clawitzer|Ice Beam|p1a: Gigantomachia\n|-activate|p1a: Gigantomachia|move: Protect\n|\n|upkeep\n|turn|7\n|\n|t:|1683838731\n|move|p2b: Flutter Mane|Moonblast|p1a: Gigantomachia\n|-damage|p1a: Gigantomachia|29\/100\n|-damage|p2b: Flutter Mane|81\/100|[from] item: Life Orb\n|move|p1a: Gigantomachia|Rock Slide|p2a: Clawitzer|[spread] p2a,p2b\n|-crit|p2a: Clawitzer\n|-damage|p2a: Clawitzer|37\/100\n|-damage|p2b: Flutter Mane|13\/100\n|cant|p2a: Clawitzer|flinch\n|\n|upkeep\n|turn|8\n|\n|t:|1683838744\n|move|p2b: Flutter Mane|Moonblast|p1a: Gigantomachia\n|-damage|p1a: Gigantomachia|0 fnt\n|faint|p1a: Gigantomachia\n|-end|p1a: Gigantomachia|Quark Drive|[silent]\n|-damage|p2b: Flutter Mane|4\/100|[from] item: Life Orb\n|\n|win|QuaxLink\n","uploadtime":1683838745,"views":22,"p1id":"greedentenjoyer","p2id":"quaxlink","formatid":"gen9vgc2023regulationc","rating":0,"private":0,"password":""}