{"id":"gen9vgc2023regulationc-1863509810","p1":"SuperToad916","p2":"JJ22FTW","format":"[Gen 9] VGC 2023 Regulation C","log":"|j|\u2606SuperToad916\n|j|\u2606JJ22FTW\n|t:|1684027211\n|gametype|doubles\n|player|p1|SuperToad916|2|\n|player|p2|JJ22FTW|2|\n|teamsize|p1|6\n|teamsize|p2|6\n|gen|9\n|tier|[Gen 9] VGC 2023 Regulation C\n|rule|Species Clause: Limit one of each Pok\u00e9mon\n|rule|Item Clause: Limit one of each item\n|clearpoke\n|poke|p1|Dragonite, L50, F|\n|poke|p1|Torkoal, L50, F|\n|poke|p1|Sylveon, L50, F|\n|poke|p1|Lilligant, L50, F|\n|poke|p1|Toedscruel, L50, M|\n|poke|p1|Kingambit, L50, F|\n|poke|p2|Abomasnow, L50, M|\n|poke|p2|Garchomp, L50, M|\n|poke|p2|Talonflame, L50, M|\n|poke|p2|Gengar, L50, F|\n|poke|p2|Gardevoir, L50, F|\n|poke|p2|Iron Valiant, L50|\n|teampreview|4\n|j| CluelessGamer18\nJJ22FTW rejected open team sheets.\n|\n|t:|1684027280\n|start\n|switch|p1a: x3|Sylveon, L50, F|100\/100\n|switch|p1b: Like|Toedscruel, L50, M|100\/100\n|switch|p2a: HungLikeAMoose|Talonflame, L50, M, shiny|100\/100\n|switch|p2b: IGarTheWaySheChomp|Garchomp, L50, M|100\/100\n|turn|1\n|\n|t:|1684027341\n|-terastallize|p1a: x3|Fairy\n|move|p2a: HungLikeAMoose|Tailwind|p2a: HungLikeAMoose\n|-sidestart|p2: JJ22FTW|move: Tailwind\n|move|p2b: IGarTheWaySheChomp|Earthquake|p1b: Like|[spread] p1a,p1b\n|-immune|p2a: HungLikeAMoose\n|-resisted|p1b: Like\n|-damage|p1a: x3|53\/100\n|-damage|p1b: Like|73\/100\n|move|p1a: x3|Hyper Voice|p2a: HungLikeAMoose|[spread] p2a,p2b\n|-resisted|p2a: HungLikeAMoose\n|-supereffective|p2b: IGarTheWaySheChomp\n|-damage|p2a: HungLikeAMoose|75\/100\n|-damage|p2b: IGarTheWaySheChomp|15\/100\n|-enditem|p2b: IGarTheWaySheChomp|Aguav Berry|[eat]\n|-heal|p2b: IGarTheWaySheChomp|49\/100|[from] item: Aguav Berry\n|-enditem|p1a: x3|Throat Spray\n|-boost|p1a: x3|spa|1|[from] item: Throat Spray\n|move|p1b: Like|Trick Room|p1b: Like\n|-fieldstart|move: Trick Room|[of] p1b: Like\n|\n|upkeep\n|turn|2\n|\n|t:|1684027388\n|switch|p2b: Gaydar|Gengar, L50, F|100\/100\n|move|p1a: x3|Hyper Voice|p2a: HungLikeAMoose|[spread] p2a,p2b\n|-resisted|p2a: HungLikeAMoose\n|-resisted|p2b: Gaydar\n|-damage|p2a: HungLikeAMoose|34\/100\n|-damage|p2b: Gaydar|53\/100\n|-start|p1a: x3|Disable|Hyper Voice|[from] ability: Cursed Body|[of] p2b: Gaydar\n|move|p2a: HungLikeAMoose|Flare Blitz|p1b: Like\n|-supereffective|p1b: Like\n|-damage|p1b: Like|0 fnt\n|faint|p1b: Like\n|-damage|p2a: HungLikeAMoose|9\/100|[from] Recoil\n|\n|upkeep\n|\n|t:|1684027405\n|switch|p1b: Mike|Dragonite, L50, F, shiny|100\/100\n|turn|3\n|c|\u2606SuperToad916|!weakness gengar\n|c| SuperToad916|\/raw Gengar (ignoring abilities): Weaknesses<\/span>: Dark, Ghost, Ground, Psychic Resistances<\/span>: Bug<\/b>, Fairy, Grass, Poison<\/b> Immunities<\/span>: Fighting, Normal, Toxic, Trapping<\/div>\n|c|\u2606JJ22FTW|!weakness dragonite\n|c| JJ22FTW|\/raw Dragonite (ignoring abilities): Weaknesses<\/span>: Dragon, Fairy, Ice<\/b>, Rock Resistances<\/span>: Bug, Fighting, Fire, Grass<\/b>, Water Immunities<\/span>: Ground<\/div>\n|\n|t:|1684027468\n|move|p1a: x3|Baton Pass|p1a: x3\n|\n|t:|1684027471\n|switch|p1a: Bike|Torkoal, L50, F|100\/100|[from] Baton Pass\n|-weather|SunnyDay|[from] ability: Drought|[of] p1a: Bike\n|move|p1b: Mike|Rock Slide|p2b: Gaydar|[spread] p2a,p2b\n|-supereffective|p2a: HungLikeAMoose\n|-damage|p2a: HungLikeAMoose|0 fnt\n|-damage|p2b: Gaydar|6\/100\n|faint|p2a: HungLikeAMoose\n|move|p2b: Gaydar|Sludge Bomb|p1a: Bike\n|-damage|p1a: Bike|33\/100\n|-status|p1a: Bike|psn\n|\n|-weather|SunnyDay|[upkeep]\n|-damage|p1a: Bike|20\/100 psn|[from] psn\n|upkeep\n|\n|t:|1684027494\n|switch|p2a: Have Mercy...|Gardevoir, L50, F|100\/100\n|-ability|p2a: Have Mercy...|Multiscale|[from] ability: Trace|[of] p1b: Mike\n|turn|4\n|c|\u2606SuperToad916|!weakness gardevoir\n|c| SuperToad916|\/raw Gardevoir (ignoring abilities): Weaknesses<\/span>: Ghost, Poison, Steel Resistances<\/span>: Fighting<\/b>, Psychic Immunities<\/span>: Dragon<\/div>\n|\n|t:|1684027541\n|move|p1b: Mike|Extreme Speed|p2a: Have Mercy...\n|-damage|p2a: Have Mercy...|73\/100\n|move|p1a: Bike|Heat Wave|p2b: Gaydar|[spread] p2a\n|-miss|p1a: Bike|p2b: Gaydar\n|-damage|p2a: Have Mercy...|10\/100\n|-status|p2a: Have Mercy...|brn\n|move|p2a: Have Mercy...|Dazzling Gleam|p1b: Mike|[spread] p1a,p1b\n|-resisted|p1a: Bike\n|-supereffective|p1b: Mike\n|-damage|p1a: Bike|0 fnt\n|-damage|p1b: Mike|73\/100\n|-enditem|p1b: Mike|Weakness Policy\n|-boost|p1b: Mike|atk|2|[from] item: Weakness Policy\n|-boost|p1b: Mike|spa|2|[from] item: Weakness Policy\n|faint|p1a: Bike\n|move|p2b: Gaydar|Sludge Bomb|p1b: Mike\n|-damage|p1b: Mike|28\/100\n|\n|-weather|SunnyDay|[upkeep]\n|-damage|p2a: Have Mercy...|5\/100 brn|[from] brn\n|-sideend|p2: JJ22FTW|move: Tailwind\n|upkeep\n|\n|t:|1684027558\n|switch|p1a: x3|Sylveon, L50, F, tera:Fairy|53\/100\n|turn|5\n|\n|t:|1684027605\n|move|p1a: x3|Shadow Ball|p2a: Have Mercy...\n|-supereffective|p2a: Have Mercy...\n|-damage|p2a: Have Mercy...|0 fnt\n|faint|p2a: Have Mercy...\n|move|p1b: Mike|Roost|p1b: Mike\n|-heal|p1b: Mike|78\/100\n|-singleturn|p1b: Mike|move: Roost\n|move|p2b: Gaydar|Sludge Bomb|p1a: x3\n|-supereffective|p1a: x3\n|-damage|p1a: x3|0 fnt\n|faint|p1a: x3\n|\n|-weather|SunnyDay|[upkeep]\n|-fieldend|move: Trick Room\n|upkeep\n|\n|t:|1684027621\n|switch|p2a: IGarTheWaySheChomp|Garchomp, L50, M|49\/100\n|turn|6\n|\n|t:|1684027676\n|move|p1b: Mike|Extreme Speed|p2a: IGarTheWaySheChomp\n|-damage|p2a: IGarTheWaySheChomp|0 fnt\n|-damage|p1b: Mike|66\/100|[from] ability: Rough Skin|[of] p2a: IGarTheWaySheChomp\n|faint|p2a: IGarTheWaySheChomp\n|move|p2b: Gaydar|Sludge Bomb|p1b: Mike\n|-damage|p1b: Mike|26\/100\n|\n|-weather|SunnyDay|[upkeep]\n|upkeep\n|turn|7\n|\n|t:|1684027735\n|move|p2b: Gaydar|Sludge Bomb|p1b: Mike\n|-damage|p1b: Mike|0 fnt\n|faint|p1b: Mike\n|\n|win|JJ22FTW\n","uploadtime":1684027741,"views":11,"p1id":"supertoad916","p2id":"jj22ftw","formatid":"gen9vgc2023regulationc","rating":0,"private":0,"password":""}