{"id":"gen9vgc2023regulationc-1860659867","p1":"dreameatergengar1","p2":"RoundLew","format":"[Gen 9] VGC 2023 Regulation C","log":"|j|\u2606dreameatergengar1\n|j|\u2606RoundLew\n|t:|1683663475\n|gametype|doubles\n|player|p1|dreameatergengar1|psychic-gen4|1329\n|player|p2|RoundLew|gardenia|1241\n|teamsize|p1|6\n|teamsize|p2|6\n|gen|9\n|tier|[Gen 9] VGC 2023 Regulation C\n|rated|\n|rule|Species Clause: Limit one of each Pok\u00e9mon\n|rule|Item Clause: Limit one of each item\n|clearpoke\n|poke|p1|Chi-Yu, L50|\n|poke|p1|Flutter Mane, L50|\n|poke|p1|Gyarados, L50, F|\n|poke|p1|Amoonguss, L50, F|\n|poke|p1|Iron Hands, L50|\n|poke|p1|Scizor, L50, M|\n|poke|p2|Ting-Lu, L50|\n|poke|p2|Orthworm, L50, M|\n|poke|p2|Gyarados, L50, M|\n|poke|p2|Dragonite, L50, M|\n|poke|p2|Chien-Pao, L50|\n|poke|p2|Flutter Mane, L50|\n|teampreview|4\nRoundLew has agreed to open team sheets.\n|j| Metal_390\n|\n|t:|1683663519\n|start\n|switch|p1a: Chi-Yu|Chi-Yu, L50|100\/100\n|switch|p1b: Gyarados|Gyarados, L50, F|100\/100\n|switch|p2a: Ting-Lu|Ting-Lu, L50|100\/100\n|switch|p2b: Orthworm|Orthworm, L50, M|100\/100\n|-ability|p1a: Chi-Yu|Beads of Ruin\n|-ability|p1b: Gyarados|Intimidate|boost\n|-unboost|p2a: Ting-Lu|atk|1\n|-unboost|p2b: Orthworm|atk|1\n|-ability|p2a: Ting-Lu|Vessel of Ruin\n|turn|1\n|\n|t:|1683663539\n|-terastallize|p1a: Chi-Yu|Water\n|move|p1a: Chi-Yu|Nasty Plot|p1a: Chi-Yu\n|-boost|p1a: Chi-Yu|spa|2\n|move|p1b: Gyarados|Waterfall|p2a: Ting-Lu\n|-supereffective|p2a: Ting-Lu\n|-damage|p2a: Ting-Lu|62\/100\n|move|p2b: Orthworm|Shed Tail|p2b: Orthworm\n|-start|p2b: Orthworm|Substitute|[from] move: Shed Tail\n|-damage|p2b: Orthworm|50\/100\n|-enditem|p2b: Orthworm|Sitrus Berry|[eat]\n|-heal|p2b: Orthworm|75\/100|[from] item: Sitrus Berry\n|inactive|Battle timer is ON: inactive players will automatically lose when time's up. (requested by dreameatergengar1)\n|\n|t:|1683663552\n|switch|p2b: Dragonite|Dragonite, L50, M|100\/100|[from] Shed Tail\n|move|p2a: Ting-Lu|Earthquake|p1b: Gyarados|[spread] p1a\n|-immune|p2b: Dragonite\n|-immune|p1b: Gyarados\n|-damage|p1a: Chi-Yu|73\/100\n|\n|upkeep\n|turn|2\n|\n|t:|1683663575\n|move|p2b: Dragonite|Dragon Dance|p2b: Dragonite\n|-boost|p2b: Dragonite|atk|1\n|-boost|p2b: Dragonite|spe|1\n|move|p1a: Chi-Yu|Heat Wave|p2a: Ting-Lu|[spread] p2a\n|-miss|p1a: Chi-Yu|p2b: Dragonite\n|-damage|p2a: Ting-Lu|28\/100\n|-status|p2a: Ting-Lu|brn\n|move|p1b: Gyarados|Waterfall|p2a: Ting-Lu\n|-supereffective|p2a: Ting-Lu\n|-damage|p2a: Ting-Lu|0 fnt\n|faint|p2a: Ting-Lu\n|\n|upkeep\n|\n|t:|1683663587\n|switch|p2a: Flutter Mane|Flutter Mane, L50|100\/100\n|-enditem|p2a: Flutter Mane|Booster Energy\n|-activate|p2a: Flutter Mane|ability: Protosynthesis|[fromitem]\n|-start|p2a: Flutter Mane|protosynthesisspa\n|turn|3\n|\n|t:|1683663599\n|switch|p1b: Scizor|Scizor, L50, M|100\/100\n|-terastallize|p2b: Dragonite|Flying\n|move|p1a: Chi-Yu|Protect|p1a: Chi-Yu\n|-singleturn|p1a: Chi-Yu|Protect\n|move|p2b: Dragonite|Tera Blast|p1a: Chi-Yu\n|-activate|p1a: Chi-Yu|move: Protect\n|move|p2a: Flutter Mane|Moonblast|p1b: Scizor\n|-resisted|p1b: Scizor\n|-damage|p1b: Scizor|50\/100\n|\n|upkeep\n|turn|4\n|\n|t:|1683663620\n|switch|p1a: Gyarados|Gyarados, L50, F|100\/100\n|-ability|p1a: Gyarados|Intimidate|boost\n|-unboost|p2a: Flutter Mane|atk|1\n|-immune|p2b: Dragonite\n|move|p2a: Flutter Mane|Protect|p2a: Flutter Mane\n|-singleturn|p2a: Flutter Mane|Protect\n|move|p1b: Scizor|Bullet Punch|p2a: Flutter Mane\n|-activate|p2a: Flutter Mane|move: Protect\n|move|p2b: Dragonite|Tera Blast|p1a: Gyarados\n|-damage|p1a: Gyarados|22\/100\n|\n|upkeep\n|turn|5\n|inactive|dreameatergengar1 has 30 seconds left.\n|\n|t:|1683663648\n|-end|p2a: Flutter Mane|Protosynthesis|[silent]\n|switch|p2a: Orthworm|Orthworm, L50, M|75\/100\n|move|p1b: Scizor|Bullet Punch|p2a: Orthworm\n|-resisted|p2a: Orthworm\n|-damage|p2a: Orthworm|56\/100\n|move|p2b: Dragonite|Earthquake|p1b: Scizor|[spread] p1b\n|-heal|p2a: Orthworm|81\/100|[from] ability: Earth Eater|[of] p2b: Dragonite\n|-immune|p1a: Gyarados\n|-damage|p1b: Scizor|10\/100\n|move|p1a: Gyarados|Waterfall|p2b: Dragonite\n|-activate|p2b: Dragonite|move: Substitute|[damage]\n|\n|upkeep\n|turn|6\n|-message|dreameatergengar1 forfeited.\n|\n|win|RoundLew\n|raw|dreameatergengar1's rating: 1329 → 1304<\/strong> (-25 for losing)\n|raw|RoundLew's rating: 1241 → 1272<\/strong> (+31 for winning)\n|l|\u2606dreameatergengar1\n|c|\u2606RoundLew|gg\n|l|\u2606RoundLew\n","uploadtime":1683663712,"views":13,"p1id":"dreameatergengar1","p2id":"roundlew","formatid":"gen9vgc2023regulationc","rating":1272,"private":0,"password":""}