{"id":"gen9vgc2023regulationc-1852785798","p1":"JeloOrange","p2":"swurli","format":"[Gen 9] VGC 2023 Regulation C","log":"|j|\u2606JeloOrange\n|j|\u2606swurli\n|t:|1682606161\n|gametype|doubles\n|player|p1|JeloOrange|rancher|1000\n|player|p2|swurli|lyra|1000\n|teamsize|p1|6\n|teamsize|p2|6\n|gen|9\n|tier|[Gen 9] VGC 2023 Regulation C\n|rated|\n|rule|Species Clause: Limit one of each Pok\u00e9mon\n|rule|Item Clause: Limit one of each item\n|clearpoke\n|poke|p1|Tauros-Paldea-Blaze, L50, M|\n|poke|p1|Kingambit, L50, M|\n|poke|p1|Gardevoir, L50, F|\n|poke|p1|Grimmsnarl, L50, M|\n|poke|p1|Greedent, L50, F|\n|poke|p1|Azumarill, L50, F|\n|poke|p2|Klefki, L50, M|\n|poke|p2|Grafaiai, L50, M|\n|poke|p2|Slaking, L50, M|\n|poke|p2|Kingambit, L50, F|\n|poke|p2|Amoonguss, L50, M|\n|poke|p2|Iron Bundle, L50|\n|teampreview|4\n|\n|t:|1682606200\n|start\n|switch|p1a: Gardevoir|Gardevoir, L50, F|100\/100\n|switch|p1b: Grimmsnarl|Grimmsnarl, L50, M|100\/100\n|switch|p2a: doodle jump|Grafaiai, L50, M|100\/100\n|switch|p2b: wacky stats|Slaking, L50, M|100\/100\n|turn|1\n|inactive|Battle timer is ON: inactive players will automatically lose when time's up. (requested by JeloOrange)\n|\n|t:|1682606230\n|move|p1b: Grimmsnarl|Fake Out|p2a: doodle jump\n|-damage|p2a: doodle jump|82\/100\n|cant|p2a: doodle jump|flinch\n|move|p2b: wacky stats|Poison Jab|p1b: Grimmsnarl\n|-supereffective|p1b: Grimmsnarl\n|-damage|p1b: Grimmsnarl|40\/100\n|move|p1a: Gardevoir|Trick Room|p1a: Gardevoir\n|-fieldstart|move: Trick Room|[of] p1a: Gardevoir\n|\n|upkeep\n|turn|2\n|\n|t:|1682606252\n|switch|p1a: Greedent|Greedent, L50, F|100\/100\n|move|p1b: Grimmsnarl|Reflect|p1b: Grimmsnarl\n|-sidestart|p1: JeloOrange|Reflect\n|move|p2a: doodle jump|Doodle|p1a: Greedent\n|-endability|p2a: doodle jump|Prankster|[from] move: Doodle\n|-ability|p2a: doodle jump|Cheek Pouch|[from] move: Doodle\n|-endability|p2b: wacky stats|Truant|[from] move: Doodle\n|-ability|p2b: wacky stats|Cheek Pouch|[from] move: Doodle\n|move|p2b: wacky stats|Poison Jab|p1b: Grimmsnarl\n|-supereffective|p1b: Grimmsnarl\n|-damage|p1b: Grimmsnarl|0 fnt\n|faint|p1b: Grimmsnarl\n|\n|upkeep\n|\n|t:|1682606267\n|switch|p1b: Gardevoir|Gardevoir, L50, F|100\/100\n|turn|3\n|\n|t:|1682606282\n|move|p1b: Gardevoir|Protect|p1b: Gardevoir\n|-singleturn|p1b: Gardevoir|Protect\n|move|p1a: Greedent|Belly Drum|p1a: Greedent\n|-damage|p1a: Greedent|51\/100\n|-setboost|p1a: Greedent|atk|6|[from] move: Belly Drum\n|move|p2b: wacky stats|Drain Punch|p1a: Greedent\n|-supereffective|p1a: Greedent\n|-damage|p1a: Greedent|24\/100\n|-enditem|p1a: Greedent|Sitrus Berry|[eat]\n|-heal|p1a: Greedent|49\/100|[from] item: Sitrus Berry\n|-heal|p1a: Greedent|82\/100|[from] ability: Cheek Pouch\n|move|p2a: doodle jump|Knock Off|p1b: Gardevoir\n|-activate|p1b: Gardevoir|move: Protect\n|\n|upkeep\n|turn|4\n|inactive|swurli has 30 seconds left.\n|\n|t:|1682606310\n|move|p1a: Greedent|Earthquake|p2b: wacky stats|[spread] p2a,p2b\n|-activate|p1b: Gardevoir|ability: Telepathy\n|-supereffective|p2a: doodle jump\n|-damage|p2a: doodle jump|0 fnt\n|-damage|p2b: wacky stats|67\/100\n|faint|p2a: doodle jump\n|move|p1b: Gardevoir|Dazzling Gleam|p2b: wacky stats\n|-damage|p2b: wacky stats|24\/100\n|move|p2b: wacky stats|Drain Punch|p1a: Greedent\n|-supereffective|p1a: Greedent\n|-damage|p1a: Greedent|55\/100\n|-heal|p2b: wacky stats|36\/100|[from] drain|[of] p1a: Greedent\n|\n|-heal|p2b: wacky stats|42\/100|[from] item: Leftovers\n|upkeep\n|\n|t:|1682606325\n|switch|p2a: kingdom hearts|Klefki, L50, M|100\/100\n|turn|5\n|\n|t:|1682606340\n|move|p2a: kingdom hearts|Switcheroo|p1a: Greedent\n|-activate|p2a: kingdom hearts|move: Trick|[of] p1a: Greedent\n|-item|p1a: Greedent|Toxic Orb|[from] move: Switcheroo\n|-enditem|p2a: kingdom hearts|Toxic Orb|[silent]|[from] move: Switcheroo\n|move|p1a: Greedent|Earthquake|p2b: wacky stats|[spread] p2a,p2b\n|-activate|p1b: Gardevoir|ability: Telepathy\n|-supereffective|p2a: kingdom hearts\n|-damage|p2a: kingdom hearts|0 fnt\n|-damage|p2b: wacky stats|10\/100\n|faint|p2a: kingdom hearts\n|move|p1b: Gardevoir|Dazzling Gleam|p2b: wacky stats\n|-damage|p2b: wacky stats|0 fnt\n|faint|p2b: wacky stats\n|\n|-fieldend|move: Trick Room\n|-status|p1a: Greedent|tox|[from] item: Toxic Orb\n|upkeep\n|\n|t:|1682606357\n|switch|p2a: checkmate|Kingambit, L50, F|100\/100\n|turn|6\n|\n|t:|1682606380\n|-terastallize|p2a: checkmate|Dark\n|move|p2a: checkmate|Swords Dance|p2a: checkmate\n|-boost|p2a: checkmate|atk|2\n|move|p1a: Greedent|Earthquake|p2a: checkmate|[spread] p2a\n|-activate|p1b: Gardevoir|ability: Telepathy\n|-damage|p2a: checkmate|53\/100\n|move|p1b: Gardevoir|Trick Room|p1b: Gardevoir\n|-fieldstart|move: Trick Room|[of] p1b: Gardevoir\n|\n|-damage|p1a: Greedent|49\/100 tox|[from] psn\n|upkeep\n|turn|7\n|inactive|swurli has 30 seconds left.\n|\n|t:|1682606411\n|move|p2a: checkmate|Sucker Punch|p1b: Gardevoir\n|-enditem|p1b: Gardevoir|Focus Sash\n|-damage|p1b: Gardevoir|1\/100\n|move|p1a: Greedent|Body Slam|p2a: checkmate\n|-damage|p2a: checkmate|0 fnt\n|faint|p2a: checkmate\n|\n|win|JeloOrange\n|raw|JeloOrange's rating: 1000 → 1040<\/strong> (+40 for winning)\n|raw|swurli's rating: 1000 → 1000<\/strong> (+0 for losing)\n|l|\u2606swurli\n","uploadtime":1682606430,"views":12,"p1id":"jeloorange","p2id":"swurli","formatid":"gen9vgc2023regulationc","rating":1000,"private":0,"password":""}