{"id":"gen9vgc2023regulationc-1857993095","p1":"datoneman","p2":"Accidental","format":"[Gen 9] VGC 2023 Regulation C","log":"|j|\u2606datoneman\n|j|\u2606Accidental\n|t:|1683257115\n|gametype|doubles\n|player|p1|datoneman|sage|\n|player|p2|Accidental|ingo|\n|teamsize|p1|6\n|teamsize|p2|6\n|gen|9\n|tier|[Gen 9] VGC 2023 Regulation C\n|rule|Species Clause: Limit one of each Pok\u00e9mon\n|rule|Item Clause: Limit one of each item\n|clearpoke\n|poke|p1|Iron Bundle, L50|\n|poke|p1|Great Tusk, L50|\n|poke|p1|Wo-Chien, L50|\n|poke|p1|Talonflame, L50, F|\n|poke|p1|Sylveon, L50, F|\n|poke|p1|Luxray, L50, F|\n|poke|p2|Roaring Moon, L50|\n|poke|p2|Gholdengo, L50|\n|poke|p2|Arcanine, L50, F|\n|poke|p2|Grimmsnarl, L50, M|\n|poke|p2|Misdreavus, L50, M|\n|poke|p2|Hariyama, L50, M|\n|teampreview|4\n|c|\u2606Accidental|g2\n|c|\u2606Accidental|glhf\n|c|\u2606datoneman|hf\n|j| ThinkingSceptile\n|j| sexy_Loki\n|\n|t:|1683257758\n|start\n|switch|p1a: Luxray|Luxray, L50, F|100\/100\n|switch|p1b: Iron Bundle|Iron Bundle, L50|100\/100\n|switch|p2a: BLOODWING|Roaring Moon, L50|100\/100\n|switch|p2b: BOOSTER|Gholdengo, L50|100\/100\n|-ability|p1a: Luxray|Intimidate|boost\n|-unboost|p2a: BLOODWING|atk|1\n|-unboost|p2b: BOOSTER|atk|1\n|-enditem|p1b: Iron Bundle|Booster Energy\n|-activate|p1b: Iron Bundle|ability: Quark Drive|[fromitem]\n|-start|p1b: Iron Bundle|quarkdrivespe\n|-enditem|p2a: BLOODWING|Booster Energy\n|-activate|p2a: BLOODWING|ability: Protosynthesis|[fromitem]\n|-start|p2a: BLOODWING|protosynthesisspe\n|turn|1\n|\n|t:|1683257827\n|switch|p2b: BORF|Arcanine, L50, F|100\/100\n|-ability|p2b: BORF|Intimidate|boost\n|-unboost|p1a: Luxray|atk|1\n|-unboost|p1b: Iron Bundle|atk|1\n|-terastallize|p1b: Iron Bundle|Water\n|move|p1b: Iron Bundle|Hydro Pump|p2b: BORF\n|-supereffective|p2b: BORF\n|-damage|p2b: BORF|0 fnt\n|faint|p2b: BORF\n|move|p2a: BLOODWING|Tailwind|p2a: BLOODWING\n|-sidestart|p2: Accidental|move: Tailwind\n|move|p1a: Luxray|Volt Switch|p2a: BLOODWING\n|-resisted|p2a: BLOODWING\n|-damage|p2a: BLOODWING|91\/100\n|c| sexy_Loki|\ud83d\udc40\n|\n|t:|1683257847\n|switch|p1a: Wo-Chien|Wo-Chien, L50|100\/100|[from] Volt Switch\n|-ability|p1a: Wo-Chien|Tablets of Ruin\n|\n|upkeep\n|\n|t:|1683257860\n|switch|p2b: SHIMANO|Hariyama, L50, M|100\/100\n|turn|2\n|\n|t:|1683257896\n|-end|p1b: Iron Bundle|Quark Drive|[silent]\n|switch|p1b: Sylveon|Sylveon, L50, F|100\/100\n|move|p2a: BLOODWING|Acrobatics|p1a: Wo-Chien\n|-supereffective|p1a: Wo-Chien\n|-damage|p1a: Wo-Chien|70\/100\n|move|p2b: SHIMANO|Drain Punch|p1a: Wo-Chien\n|-supereffective|p1a: Wo-Chien\n|-damage|p1a: Wo-Chien|25\/100\n|move|p1a: Wo-Chien|Leech Seed|p2b: SHIMANO\n|-start|p2b: SHIMANO|move: Leech Seed\n|\n|-heal|p1a: Wo-Chien|32\/100|[from] item: Leftovers\n|-damage|p2b: SHIMANO|88\/100|[from] Leech Seed|[of] p1a: Wo-Chien\n|-heal|p1a: Wo-Chien|46\/100|[silent]\n|upkeep\n|turn|3\n|\n|t:|1683257949\n|switch|p2b: BOOSTER|Gholdengo, L50|100\/100\n|-terastallize|p2a: BLOODWING|Flying\n|move|p1a: Wo-Chien|Protect|p1a: Wo-Chien\n|-singleturn|p1a: Wo-Chien|Protect\n|move|p2a: BLOODWING|Acrobatics|p1a: Wo-Chien\n|-activate|p1a: Wo-Chien|move: Protect\n|move|p1b: Sylveon|Hyper Voice|p2a: BLOODWING|[spread] p2a,p2b\n|-resisted|p2b: BOOSTER\n|-damage|p2a: BLOODWING|47\/100\n|-damage|p2b: BOOSTER|80\/100\n|-enditem|p1b: Sylveon|Throat Spray\n|-boost|p1b: Sylveon|spa|1|[from] item: Throat Spray\n|\n|-heal|p1a: Wo-Chien|52\/100|[from] item: Leftovers\n|upkeep\n|turn|4\n|\n|t:|1683258017\n|move|p2a: BLOODWING|Protect|p2a: BLOODWING\n|-singleturn|p2a: BLOODWING|Protect\n|move|p2b: BOOSTER|Make It Rain|p1b: Sylveon|[spread] p1a,p1b\n|-supereffective|p1b: Sylveon\n|-damage|p1a: Wo-Chien|16\/100\n|-damage|p1b: Sylveon|25\/100\n|-unboost|p2b: BOOSTER|spa|1\n|move|p1a: Wo-Chien|Foul Play|p2b: BOOSTER\n|-supereffective|p2b: BOOSTER\n|-damage|p2b: BOOSTER|55\/100\n|move|p1b: Sylveon|Shadow Ball|p2b: BOOSTER\n|-supereffective|p2b: BOOSTER\n|-damage|p2b: BOOSTER|0 fnt\n|faint|p2b: BOOSTER\n|\n|-heal|p1a: Wo-Chien|22\/100|[from] item: Leftovers\n|-sideend|p2: Accidental|move: Tailwind\n|upkeep\n|\n|t:|1683258030\n|switch|p2b: SHIMANO|Hariyama, L50, M|88\/100\n|turn|5\n|\n|t:|1683258054\n|switch|p1a: Luxray|Luxray, L50, F|100\/100\n|-ability|p1a: Luxray|Intimidate|boost\n|-unboost|p2a: BLOODWING|atk|1\n|-unboost|p2b: SHIMANO|atk|1\n|move|p2a: BLOODWING|Acrobatics|p1b: Sylveon\n|-damage|p1b: Sylveon|0 fnt\n|faint|p1b: Sylveon\n|move|p2b: SHIMANO|Drain Punch|p1a: Luxray\n|-damage|p1a: Luxray|75\/100\n|-heal|p2b: SHIMANO|99\/100|[from] drain|[of] p1a: Luxray\n|\n|upkeep\n|\n|t:|1683258063\n|switch|p1b: Iron Bundle|Iron Bundle, L50, tera:Water|100\/100\n|turn|6\n|\n|t:|1683258095\n|move|p1a: Luxray|Helping Hand|p1b: Iron Bundle\n|-singleturn|p1b: Iron Bundle|Helping Hand|[of] p1a: Luxray\n|move|p2a: BLOODWING|Protect|p2a: BLOODWING\n|-singleturn|p2a: BLOODWING|Protect\n|move|p1b: Iron Bundle|Icy Wind|p2b: SHIMANO|[spread] \n|-activate|p2a: BLOODWING|move: Protect\n|-miss|p1b: Iron Bundle|p2b: SHIMANO\n|move|p2b: SHIMANO|Drain Punch|p1b: Iron Bundle\n|-damage|p1b: Iron Bundle|72\/100\n|-heal|p2b: SHIMANO|100\/100|[from] drain|[of] p1b: Iron Bundle\n|\n|upkeep\n|turn|7\n|\n|t:|1683258150\n|move|p1a: Luxray|Helping Hand|p1b: Iron Bundle\n|-singleturn|p1b: Iron Bundle|Helping Hand|[of] p1a: Luxray\n|move|p2a: BLOODWING|Acrobatics|p1b: Iron Bundle\n|-damage|p1b: Iron Bundle|42\/100\n|move|p1b: Iron Bundle|Icy Wind|p2b: SHIMANO|[spread] p2a,p2b\n|-supereffective|p2a: BLOODWING\n|-damage|p2a: BLOODWING|0 fnt\n|-damage|p2b: SHIMANO|81\/100\n|-unboost|p2b: SHIMANO|spe|1\n|faint|p2a: BLOODWING\n|-end|p2a: BLOODWING|Protosynthesis|[silent]\n|move|p2b: SHIMANO|Drain Punch|p1b: Iron Bundle\n|-damage|p1b: Iron Bundle|11\/100\n|-heal|p2b: SHIMANO|91\/100|[from] drain|[of] p1b: Iron Bundle\n|\n|upkeep\n|turn|8\n|\n|t:|1683258174\n|move|p1b: Iron Bundle|Protect|p1b: Iron Bundle\n|-singleturn|p1b: Iron Bundle|Protect\n|move|p1a: Luxray|Volt Switch|p2b: SHIMANO\n|-damage|p2b: SHIMANO|76\/100\n|\n|t:|1683258178\n|switch|p1a: Wo-Chien|Wo-Chien, L50|22\/100|[from] Volt Switch\n|-ability|p1a: Wo-Chien|Tablets of Ruin\n|move|p2b: SHIMANO|Drain Punch|p1b: Iron Bundle\n|-activate|p1b: Iron Bundle|move: Protect\n|\n|-heal|p1a: Wo-Chien|29\/100|[from] item: Leftovers\n|upkeep\n|turn|9\n|\n|t:|1683258198\n|-end|p1b: Iron Bundle|Quark Drive|[silent]\n|switch|p1b: Luxray|Luxray, L50, F|75\/100\n|-ability|p1b: Luxray|Intimidate|boost\n|-unboost|p2b: SHIMANO|atk|1\n|move|p1a: Wo-Chien|Leech Seed|p2b: SHIMANO\n|-start|p2b: SHIMANO|move: Leech Seed\n|move|p2b: SHIMANO|Drain Punch|p1a: Wo-Chien\n|-supereffective|p1a: Wo-Chien\n|-damage|p1a: Wo-Chien|6\/100\n|-heal|p2b: SHIMANO|86\/100|[from] drain|[of] p1a: Wo-Chien\n|\n|-heal|p1a: Wo-Chien|12\/100|[from] item: Leftovers\n|-damage|p2b: SHIMANO|74\/100|[from] Leech Seed|[of] p1a: Wo-Chien\n|-heal|p1a: Wo-Chien|26\/100|[silent]\n|upkeep\n|turn|10\n|c|\u2606Accidental|gr\n|-message|Accidental forfeited.\n|\n|win|datoneman\n|c|\u2606datoneman|gr\n|l| sexy_Loki\n","uploadtime":1683258211,"views":14,"p1id":"datoneman","p2id":"accidental","formatid":"gen9vgc2023regulationc","rating":0,"private":0,"password":""}