{"id":"gen9vgc2023regulationc-1860206562","p1":"SweetSerenityGrace","p2":"jdh1294","format":"[Gen 9] VGC 2023 Regulation C","log":"|j|\u2606SweetSerenityGrace\n|j|\u2606jdh1294\n|t:|1683610137\n|gametype|doubles\n|player|p1|SweetSerenityGrace|iris-gen5bw2|1218\n|player|p2|jdh1294|266|1232\n|teamsize|p1|6\n|teamsize|p2|6\n|gen|9\n|tier|[Gen 9] VGC 2023 Regulation C\n|rated|\n|rule|Species Clause: Limit one of each Pok\u00e9mon\n|rule|Item Clause: Limit one of each item\n|clearpoke\n|poke|p1|Flutter Mane, L50|\n|poke|p1|Chi-Yu, L50|\n|poke|p1|Chien-Pao, L50|\n|poke|p1|Dragonite, L50, F|\n|poke|p1|Iron Hands, L50|\n|poke|p1|Amoonguss, L50, F|\n|poke|p2|Corviknight, L50, M|\n|poke|p2|Gholdengo, L50|\n|poke|p2|Iron Treads, L50|\n|poke|p2|Kingambit, L50, F|\n|poke|p2|Scizor, L50, M|\n|poke|p2|Magnezone, L50|\n|teampreview|4\njdh1294 rejected open team sheets.\n|inactive|Battle timer is ON: inactive players will automatically lose when time's up. (requested by SweetSerenityGrace)\n|\n|t:|1683610181\n|start\n|switch|p1a: Big Missy|Flutter Mane, L50|100\/100\n|switch|p1b: Chi-Yu|Chi-Yu, L50|100\/100\n|switch|p2a: Gholdengo|Gholdengo, L50|100\/100\n|switch|p2b: Magnezone|Magnezone, L50|100\/100\n|-ability|p1b: Chi-Yu|Beads of Ruin\n|-item|p2b: Magnezone|Air Balloon\n|-enditem|p1a: Big Missy|Booster Energy\n|-activate|p1a: Big Missy|ability: Protosynthesis|[fromitem]\n|-start|p1a: Big Missy|protosynthesisspe\n|turn|1\n|\n|t:|1683610201\n|move|p1a: Big Missy|Protect|p1a: Big Missy\n|-singleturn|p1a: Big Missy|Protect\n|move|p2a: Gholdengo|Protect|p2a: Gholdengo\n|-singleturn|p2a: Gholdengo|Protect\n|move|p1b: Chi-Yu|Heat Wave|p2b: Magnezone|[spread] p2b\n|-activate|p2a: Gholdengo|move: Protect\n|-supereffective|p2b: Magnezone\n|-ability|p2b: Magnezone|Sturdy\n|-damage|p2b: Magnezone|1\/100\n|-enditem|p2b: Magnezone|Air Balloon\n|move|p2b: Magnezone|Flash Cannon|p1a: Big Missy\n|-activate|p1a: Big Missy|move: Protect\n|\n|upkeep\n|turn|2\n|\n|t:|1683610222\n|move|p2b: Magnezone|Protect|p2b: Magnezone\n|-singleturn|p2b: Magnezone|Protect\n|move|p1a: Big Missy|Shadow Ball|p2a: Gholdengo\n|-supereffective|p2a: Gholdengo\n|-enditem|p2a: Gholdengo|Focus Sash\n|-damage|p2a: Gholdengo|1\/100\n|move|p2a: Gholdengo|Make It Rain|p1b: Chi-Yu|[spread] p1a,p1b\n|-supereffective|p1a: Big Missy\n|-resisted|p1b: Chi-Yu\n|-damage|p1a: Big Missy|0 fnt\n|-damage|p1b: Chi-Yu|84\/100\n|-unboost|p2a: Gholdengo|spa|1\n|faint|p1a: Big Missy\n|-end|p1a: Big Missy|Protosynthesis|[silent]\n|move|p1b: Chi-Yu|Heat Wave|p2a: Gholdengo|[spread] p2a\n|-activate|p2b: Magnezone|move: Protect\n|-supereffective|p2a: Gholdengo\n|-damage|p2a: Gholdengo|0 fnt\n|faint|p2a: Gholdengo\n|\n|-heal|p1b: Chi-Yu|90\/100|[from] item: Leftovers\n|upkeep\n|\n|t:|1683610243\n|switch|p1a: Dragonite|Dragonite, L50, F|100\/100\n|switch|p2a: Kingambit|Kingambit, L50, F, shiny|100\/100\n|turn|3\n|\n|t:|1683610260\n|-terastallize|p2a: Kingambit|Fire\n|move|p1b: Chi-Yu|Protect|p1b: Chi-Yu\n|-singleturn|p1b: Chi-Yu|Protect\n|move|p1a: Dragonite|Dragon Dance|p1a: Dragonite\n|-boost|p1a: Dragonite|atk|1\n|-boost|p1a: Dragonite|spe|1\n|move|p2b: Magnezone|Thunderbolt|p1b: Chi-Yu\n|-activate|p1b: Chi-Yu|move: Protect\n|move|p2a: Kingambit|Iron Head|p1b: Chi-Yu\n|-activate|p1b: Chi-Yu|move: Protect\n|\n|-heal|p1b: Chi-Yu|96\/100|[from] item: Leftovers\n|upkeep\n|turn|4\n|\n|t:|1683610282\n|move|p2a: Kingambit|Sucker Punch|p1b: Chi-Yu\n|-resisted|p1b: Chi-Yu\n|-damage|p1b: Chi-Yu|67\/100\n|move|p1a: Dragonite|Dragon Dance|p1a: Dragonite\n|-boost|p1a: Dragonite|atk|1\n|-boost|p1a: Dragonite|spe|1\n|move|p1b: Chi-Yu|Heat Wave|p2b: Magnezone|[spread] p2a,p2b\n|-resisted|p2a: Kingambit\n|-supereffective|p2b: Magnezone\n|-damage|p2a: Kingambit|86\/100\n|-damage|p2b: Magnezone|0 fnt\n|faint|p2b: Magnezone\n|\n|-heal|p1b: Chi-Yu|73\/100|[from] item: Leftovers\n|upkeep\n|\n|t:|1683610293\n|switch|p2b: Iron Treads|Iron Treads, L50|100\/100\n|-enditem|p2b: Iron Treads|Booster Energy\n|-activate|p2b: Iron Treads|ability: Quark Drive|[fromitem]\n|-start|p2b: Iron Treads|quarkdrivespe\n|turn|5\n|\n|t:|1683610307\n|-terastallize|p1a: Dragonite|Normal\n|move|p1a: Dragonite|Extreme Speed|p2a: Kingambit\n|-damage|p2a: Kingambit|21\/100\n|move|p2a: Kingambit|Sucker Punch||[still]\n|-fail|p2a: Kingambit\n|move|p2b: Iron Treads|Ice Spinner|p1a: Dragonite\n|-damage|p1a: Dragonite|88\/100\n|move|p1b: Chi-Yu|Heat Wave|p2b: Iron Treads|[spread] p2a,p2b\n|-resisted|p2a: Kingambit\n|-supereffective|p2b: Iron Treads\n|-damage|p2a: Kingambit|6\/100\n|-damage|p2b: Iron Treads|0 fnt\n|faint|p2b: Iron Treads\n|-end|p2b: Iron Treads|Quark Drive|[silent]\n|\n|-heal|p1b: Chi-Yu|80\/100|[from] item: Leftovers\n|upkeep\n|turn|6\n|-message|jdh1294 forfeited.\n|\n|win|SweetSerenityGrace\n|raw|SweetSerenityGrace's rating: 1218 → 1244<\/strong> (+26 for winning)\n|raw|jdh1294's rating: 1232 → 1206<\/strong> (-26 for losing)\n|l|\u2606jdh1294\n","uploadtime":1683610326,"views":8,"p1id":"sweetserenitygrace","p2id":"jdh1294","formatid":"gen9vgc2023regulationc","rating":1206,"private":0,"password":""}