{"id":"gen9vgc2023regulationc-1863314421","p1":"IamMx3","p2":"jameszeey","format":"[Gen 9] VGC 2023 Regulation C","log":"|j|\u2606IamMx3\n|j|\u2606jameszeey\n|t:|1684001402\n|gametype|doubles\n|player|p1|IamMx3|palmer|\n|player|p2|jameszeey|102|\n|teamsize|p1|6\n|teamsize|p2|6\n|gen|9\n|tier|[Gen 9] VGC 2023 Regulation C\n|rule|Species Clause: Limit one of each Pok\u00e9mon\n|rule|Item Clause: Limit one of each item\n|clearpoke\n|poke|p1|Abomasnow, L50, M|\n|poke|p1|Iron Bundle, L50|\n|poke|p1|Medicham, L50, F|\n|poke|p1|Salamence, L50, M|\n|poke|p1|Chi-Yu, L50|\n|poke|p1|Dachsbun, L50, F|\n|poke|p2|Slither Wing, L50|\n|poke|p2|Copperajah, L50, F|\n|poke|p2|Grimmsnarl, L50, M|\n|poke|p2|Meowscarada, L50, M|\n|poke|p2|Chien-Pao, L50|\n|poke|p2|Gyarados, L50, M|\n|teampreview|4\n|c|\u2606jameszeey|glhf\n|c|\u2606IamMx3|glhf\n|c|\u2606IamMx3|wait do we need to reveal teras?\n|c|\u2606jameszeey|idk\n|c|\u2606IamMx3|I think we do closed sheet but we do reveal teras\n|c|\u2606IamMx3|I'll check to make sure\n|c|\u2606jameszeey|ok\n|c|\u2606IamMx3|it says team sheets will be closed with exception to all pokemons teras\n|c|\u2606IamMx3|I'll send you my teras rq\n|c|\u2606jameszeey|ok\n|c|\u2606jameszeey|how do we send it? on dms?\n|c|\u2606IamMx3|yeah I'll send a paste with only tera on dm\n|c|\u2606jameszeey|ok\n|c|\u2606IamMx3|glhf\n|c|\u2606jameszeey|glhf\n|\n|t:|1684001831\n|start\n|switch|p1a: Chi-Yu|Chi-Yu, L50|100\/100\n|switch|p1b: Dachsbun|Dachsbun, L50, F|100\/100\n|switch|p2a: Grimmsnarl|Grimmsnarl, L50, M|100\/100\n|switch|p2b: Slither Wing|Slither Wing, L50|100\/100\n|-ability|p1a: Chi-Yu|Beads of Ruin\n|turn|1\n|\n|t:|1684001885\n|-terastallize|p1a: Chi-Yu|Fairy\n|move|p2a: Grimmsnarl|Fake Out|p1a: Chi-Yu\n|-damage|p1a: Chi-Yu|81\/100\n|move|p2b: Slither Wing|First Impression|p1a: Chi-Yu\n|-resisted|p1a: Chi-Yu\n|-damage|p1a: Chi-Yu|29\/100\n|cant|p1a: Chi-Yu|flinch\n|move|p1b: Dachsbun|Body Press|p2b: Slither Wing\n|-resisted|p2b: Slither Wing\n|-crit|p2b: Slither Wing\n|-damage|p2b: Slither Wing|69\/100\n|\n|upkeep\n|turn|2\n|\n|t:|1684001916\n|move|p2a: Grimmsnarl|Reflect|p2a: Grimmsnarl\n|-sidestart|p2: jameszeey|Reflect\n|move|p1a: Chi-Yu|Lava Plume|p2a: Grimmsnarl|[spread] p2a,p2b\n|-ability|p1b: Dachsbun|Well-Baked Body|boost\n|-boost|p1b: Dachsbun|def|2\n|-supereffective|p2b: Slither Wing\n|-damage|p2a: Grimmsnarl|66\/100\n|-damage|p2b: Slither Wing|0 fnt\n|-status|p2a: Grimmsnarl|brn\n|faint|p2b: Slither Wing\n|-end|p2b: Slither Wing|Protosynthesis|[silent]\n|move|p1b: Dachsbun|Body Press|p2a: Grimmsnarl\n|-damage|p2a: Grimmsnarl|22\/100 brn\n|\n|-damage|p2a: Grimmsnarl|16\/100 brn|[from] brn\n|upkeep\n|\n|t:|1684001941\n|switch|p2b: Copperajah|Copperajah, L50, F|100\/100\n|turn|3\n|\n|t:|1684001959\n|-terastallize|p2b: Copperajah|Water\n|move|p2a: Grimmsnarl|Light Screen|p2a: Grimmsnarl\n|-sidestart|p2: jameszeey|move: Light Screen\n|move|p1a: Chi-Yu|Lava Plume|p2a: Grimmsnarl|[spread] p2a,p2b\n|-ability|p1b: Dachsbun|Well-Baked Body|boost\n|-boost|p1b: Dachsbun|def|2\n|-resisted|p2b: Copperajah\n|-damage|p2a: Grimmsnarl|0 fnt\n|-damage|p2b: Copperajah|90\/100\n|faint|p2a: Grimmsnarl\n|move|p1b: Dachsbun|Yawn|p2b: Copperajah\n|-start|p2b: Copperajah|move: Yawn|[of] p1b: Dachsbun\n|move|p2b: Copperajah|Iron Head|p1b: Dachsbun\n|-supereffective|p1b: Dachsbun\n|-damage|p1b: Dachsbun|70\/100\n|\n|-heal|p1b: Dachsbun|76\/100|[from] item: Leftovers\n|upkeep\n|\n|t:|1684001974\n|switch|p2a: Chien-Pao|Chien-Pao, L50|100\/100\n|-ability|p2a: Chien-Pao|Sword of Ruin\n|turn|4\n|\n|t:|1684001982\n|move|p1a: Chi-Yu|Lava Plume|p2b: Copperajah|[spread] p2a,p2b\n|-ability|p1b: Dachsbun|Well-Baked Body|boost\n|-boost|p1b: Dachsbun|def|2\n|-supereffective|p2a: Chien-Pao\n|-resisted|p2b: Copperajah\n|-damage|p2a: Chien-Pao|30\/100\n|-damage|p2b: Copperajah|80\/100\n|-status|p2a: Chien-Pao|brn\n|move|p2a: Chien-Pao|Ice Spinner|p1a: Chi-Yu\n|-damage|p1a: Chi-Yu|0 fnt\n|faint|p1a: Chi-Yu\n|move|p1b: Dachsbun|Body Press|p2a: Chien-Pao\n|-supereffective|p2a: Chien-Pao\n|-damage|p2a: Chien-Pao|0 fnt\n|faint|p2a: Chien-Pao\n|move|p2b: Copperajah|Iron Head|p1b: Dachsbun\n|-supereffective|p1b: Dachsbun\n|-damage|p1b: Dachsbun|53\/100\n|\n|-heal|p1b: Dachsbun|59\/100|[from] item: Leftovers\n|-end|p2b: Copperajah|move: Yawn|[silent]\n|-status|p2b: Copperajah|slp\n|upkeep\n|\n|t:|1684001999\n|switch|p1a: Iron Bundle|Iron Bundle, L50|100\/100\n|turn|5\n|\n|t:|1684002007\n|move|p1a: Iron Bundle|Freeze-Dry|p2b: Copperajah\n|-supereffective|p2b: Copperajah\n|-damage|p2b: Copperajah|30\/100 slp\n|move|p1b: Dachsbun|Body Press|p2b: Copperajah\n|-damage|p2b: Copperajah|0 fnt\n|faint|p2b: Copperajah\n|\n|win|IamMx3\n|c|\u2606jameszeey|gg\n|c|\u2606IamMx3|gg\n|l|\u2606IamMx3\n|j|\u2606IamMx3\n|player|p1|IamMx3|palmer\n|l|\u2606jameszeey\n","uploadtime":1684002466,"views":10,"p1id":"iammx3","p2id":"jameszeey","formatid":"gen9vgc2023regulationc","rating":0,"private":0,"password":""}