{"id":"gen9vgc2023regulationc-1855735443","p1":"TailsVGC","p2":"ELFRAN132","format":"[Gen 9] VGC 2023 Regulation C","log":"|j|\u2606TailsVGC\n|j|\u2606ELFRAN132\n|t:|1682978196\n|gametype|doubles\n|player|p1|TailsVGC|lucas|1090\n|player|p2|ELFRAN132|101|1097\n|teamsize|p1|6\n|teamsize|p2|6\n|gen|9\n|tier|[Gen 9] VGC 2023 Regulation C\n|rated|\n|rule|Species Clause: Limit one of each Pok\u00e9mon\n|rule|Item Clause: Limit one of each item\n|clearpoke\n|poke|p1|Farigiraf, L50, M|\n|poke|p1|Flutter Mane, L50|\n|poke|p1|Amoonguss, L50, M|\n|poke|p1|Iron Hands, L50|\n|poke|p1|Ting-Lu, L50|\n|poke|p1|Wo-Chien, L50|\n|poke|p2|Dragonite, L50, F|\n|poke|p2|Palafin, L50, M|\n|poke|p2|Amoonguss, L50, M|\n|poke|p2|Flutter Mane, L50|\n|poke|p2|Tatsugiri, L50, F|\n|poke|p2|Arcanine, L50, F|\n|teampreview|4\n|inactive|Battle timer is ON: inactive players will automatically lose when time's up. (requested by TailsVGC)\n|inactive|ELFRAN132 has 60 seconds left.\n|\n|t:|1682978239\n|start\n|switch|p1a: Farigiraf|Farigiraf, L50, M|100\/100\n|switch|p1b: Iron Hands|Iron Hands, L50|100\/100\n|switch|p2a: Arcanine|Arcanine, L50, F|100\/100\n|switch|p2b: Flutter Mane|Flutter Mane, L50|100\/100\n|-ability|p2a: Arcanine|Intimidate|boost\n|-unboost|p1a: Farigiraf|atk|1\n|-unboost|p1b: Iron Hands|atk|1\n|-enditem|p2b: Flutter Mane|Booster Energy\n|-activate|p2b: Flutter Mane|ability: Protosynthesis|[fromitem]\n|-start|p2b: Flutter Mane|protosynthesisspa\n|turn|1\n|\n|t:|1682978260\n|-end|p1b: Iron Hands|Quark Drive|[silent]\n|switch|p1b: Amoonguss|Amoonguss, L50, M|100\/100\n|move|p2b: Flutter Mane|Dazzling Gleam|p1b: Amoonguss|[spread] p1a,p1b\n|-resisted|p1b: Amoonguss\n|-damage|p1a: Farigiraf|55\/100\n|-damage|p1b: Amoonguss|84\/100\n|move|p2a: Arcanine|Will-O-Wisp|p1b: Amoonguss|[miss]\n|-miss|p2a: Arcanine|p1b: Amoonguss\n|move|p1a: Farigiraf|Trick Room|p1a: Farigiraf\n|-fieldstart|move: Trick Room|[of] p1a: Farigiraf\n|\n|upkeep\n|turn|2\n|inactive|ELFRAN132 has 30 seconds left.\n|inactive|TailsVGC has 30 seconds left.\n|\n|t:|1682978300\n|switch|p1a: Iron Hands|Iron Hands, L50|100\/100\n|-terastallize|p1b: Amoonguss|Water\n|move|p2b: Flutter Mane|Protect|p2b: Flutter Mane\n|-singleturn|p2b: Flutter Mane|Protect\n|move|p1b: Amoonguss|Spore|p2b: Flutter Mane\n|-activate|p2b: Flutter Mane|move: Protect\n|move|p2a: Arcanine|Flare Blitz|p1a: Iron Hands\n|-damage|p1a: Iron Hands|67\/100\n|-damage|p2a: Arcanine|86\/100|[from] Recoil\n|\n|upkeep\n|turn|3\n|inactive|TailsVGC has 30 seconds left.\n|inactive|ELFRAN132 has 30 seconds left.\n|\n|t:|1682978327\n|-end|p2b: Flutter Mane|Protosynthesis|[silent]\n|switch|p2b: Amoonguss|Amoonguss, L50, M|100\/100\n|move|p1b: Amoonguss|Spore|p2b: Amoonguss\n|-immune|p2b: Amoonguss\n|move|p1a: Iron Hands|Belly Drum|p1a: Iron Hands\n|-damage|p1a: Iron Hands|17\/100\n|-setboost|p1a: Iron Hands|atk|6|[from] move: Belly Drum\n|-enditem|p1a: Iron Hands|Aguav Berry|[eat]\n|-heal|p1a: Iron Hands|50\/100|[from] item: Aguav Berry\n|move|p2a: Arcanine|Will-O-Wisp|p1a: Iron Hands\n|-status|p1a: Iron Hands|brn\n|\n|-damage|p1a: Iron Hands|44\/100 brn|[from] brn\n|upkeep\n|turn|4\n|inactive|TailsVGC has 30 seconds left.\n|inactive|ELFRAN132 has 30 seconds left.\n|inactive|TailsVGC has 20 seconds left.\n|inactive|ELFRAN132 has 20 seconds left.\n|inactive|TailsVGC has 15 seconds left.\n|inactive|ELFRAN132 has 15 seconds left.\n|inactive|ELFRAN132 has 10 seconds left.\n|\n|t:|1682978377\n|move|p2a: Arcanine|Extreme Speed|p1a: Iron Hands\n|-damage|p1a: Iron Hands|28\/100 brn\n|move|p1b: Amoonguss|Pollen Puff|p1a: Iron Hands\n|-heal|p1a: Iron Hands|78\/100 brn\n|move|p1a: Iron Hands|Drain Punch|p2b: Amoonguss\n|-resisted|p2b: Amoonguss\n|-damage|p2b: Amoonguss|74\/100\n|-heal|p1a: Iron Hands|89\/100 brn|[from] drain|[of] p2b: Amoonguss\n|move|p2b: Amoonguss|Spore|p1b: Amoonguss\n|-status|p1b: Amoonguss|slp|[from] move: Spore\n|\n|-damage|p1a: Iron Hands|83\/100 brn|[from] brn\n|upkeep\n|turn|5\n|inactive|TailsVGC has 30 seconds left.\n|inactive|ELFRAN132 has 30 seconds left.\n|inactive|TailsVGC has 20 seconds left.\n|inactive|ELFRAN132 has 20 seconds left.\n|inactive|TailsVGC has 15 seconds left.\n|\n|t:|1682978420\n|cant|p1b: Amoonguss|slp\n|move|p1a: Iron Hands|Drain Punch|p2a: Arcanine\n|-damage|p2a: Arcanine|13\/100\n|-heal|p1a: Iron Hands|100\/100 brn|[from] drain|[of] p2a: Arcanine\n|move|p2b: Amoonguss|Pollen Puff|p2a: Arcanine\n|-heal|p2a: Arcanine|62\/100\n|move|p2a: Arcanine|Flare Blitz|p1a: Iron Hands\n|-damage|p1a: Iron Hands|67\/100 brn\n|-damage|p2a: Arcanine|48\/100|[from] Recoil\n|\n|-damage|p1a: Iron Hands|61\/100 brn|[from] brn\n|-fieldend|move: Trick Room\n|upkeep\n|turn|6\n|inactive|TailsVGC has 30 seconds left.\n|\n|t:|1682978446\n|switch|p1b: Farigiraf|Farigiraf, L50, M|55\/100\n|move|p2a: Arcanine|Flare Blitz|p1a: Iron Hands\n|-damage|p1a: Iron Hands|23\/100 brn\n|-damage|p2a: Arcanine|31\/100|[from] Recoil\n|move|p2b: Amoonguss|Pollen Puff|p1b: Farigiraf\n|-supereffective|p1b: Farigiraf\n|-damage|p1b: Farigiraf|18\/100\n|move|p1a: Iron Hands|Drain Punch|p2a: Arcanine\n|-crit|p2a: Arcanine\n|-damage|p2a: Arcanine|0 fnt\n|-heal|p1a: Iron Hands|35\/100 brn|[from] drain|[of] p2a: Arcanine\n|faint|p2a: Arcanine\n|\n|-damage|p1a: Iron Hands|29\/100 brn|[from] brn\n|upkeep\n|\n|t:|1682978461\n|switch|p2a: Flutter Mane|Flutter Mane, L50|100\/100\n|turn|7\n|-message|TailsVGC forfeited.\n|\n|win|ELFRAN132\n|raw|TailsVGC's rating: 1090 → 1067<\/strong> (-23 for losing)\n|raw|ELFRAN132's rating: 1097 → 1122<\/strong> (+25 for winning)\n|l|\u2606TailsVGC\n","uploadtime":1682978495,"views":12,"p1id":"tailsvgc","p2id":"elfran132","formatid":"gen9vgc2023regulationc","rating":1067,"private":0,"password":""}