{"id":"gen9vgc2023regulationc-1864301222","p1":"docenoko","p2":"thymianthorsten","format":"[Gen 9] VGC 2023 Regulation C","log":"|j|\u2606docenoko\n|j|\u2606thymianthorsten\n|t:|1684152487\n|gametype|doubles\n|player|p1|docenoko|101|1262\n|player|p2|thymianthorsten|169|1356\n|teamsize|p1|6\n|teamsize|p2|6\n|gen|9\n|tier|[Gen 9] VGC 2023 Regulation C\n|rated|\n|rule|Species Clause: Limit one of each Pok\u00e9mon\n|rule|Item Clause: Limit one of each item\n|clearpoke\n|poke|p1|Coalossal, L50, M|\n|poke|p1|Glimmora, L50, F|\n|poke|p1|Garganacl, L50, M|\n|poke|p1|Tyranitar, L50, F|\n|poke|p1|Lycanroc, L50, F|\n|poke|p1|Maushold, L50|\n|poke|p2|Indeedee-F, L50, F|\n|poke|p2|Armarouge, L50, M|\n|poke|p2|Palafin, L50, F|\n|poke|p2|Sandy Shocks, L50|\n|poke|p2|Chien-Pao, L50|\n|poke|p2|Hawlucha, L50, M|\n|teampreview|4\n|inactive|Battle timer is ON: inactive players will automatically lose when time's up. (requested by thymianthorsten)\n|inactive|docenoko has 60 seconds left.\n|inactive|thymianthorsten has 60 seconds left.\n|\n|t:|1684152529\n|start\n|switch|p1a: Tyranitar|Tyranitar, L50, F|100\/100\n|switch|p1b: Lycanroc|Lycanroc, L50, F|100\/100\n|switch|p2a: Sandy Shocks|Sandy Shocks, L50, shiny|100\/100\n|switch|p2b: Hawlucha|Hawlucha, L50, M|100\/100\n|-weather|Sandstorm|[from] ability: Sand Stream|[of] p1a: Tyranitar\n|-enditem|p2a: Sandy Shocks|Booster Energy\n|-activate|p2a: Sandy Shocks|ability: Protosynthesis|[fromitem]\n|-start|p2a: Sandy Shocks|protosynthesisspe\n|turn|1\n|inactive|docenoko has 30 seconds left.\n|inactive|thymianthorsten has 30 seconds left.\n|\n|t:|1684152558\n|switch|p1a: Glimmora|Glimmora, L50, F|100\/100\n|-terastallize|p2b: Hawlucha|Steel\n|move|p1b: Lycanroc|Rock Slide|p2a: Sandy Shocks|[spread] p2a,p2b\n|-resisted|p2a: Sandy Shocks\n|-resisted|p2b: Hawlucha\n|-damage|p2a: Sandy Shocks|85\/100\n|-damage|p2b: Hawlucha|82\/100\n|move|p2a: Sandy Shocks|Earth Power|p1b: Lycanroc\n|-supereffective|p1b: Lycanroc\n|-enditem|p1b: Lycanroc|Focus Sash\n|-damage|p1b: Lycanroc|1\/100\n|move|p2b: Hawlucha|Flying Press|p1b: Lycanroc\n|-damage|p1b: Lycanroc|0 fnt\n|faint|p1b: Lycanroc\n|\n|-weather|Sandstorm|[upkeep]\n|upkeep\n|\n|t:|1684152575\n|switch|p1b: Garganacl|Garganacl, L50, M|100\/100\n|turn|2\n|\n|t:|1684152596\n|move|p1b: Garganacl|Protect|p1b: Garganacl\n|-singleturn|p1b: Garganacl|Protect\n|move|p2a: Sandy Shocks|Earth Power|p1b: Garganacl\n|-activate|p1b: Garganacl|move: Protect\n|move|p2b: Hawlucha|Swords Dance|p2b: Hawlucha\n|-boost|p2b: Hawlucha|atk|2\n|move|p1a: Glimmora|Mortal Spin|p2a: Sandy Shocks|[spread] p2a\n|-immune|p2b: Hawlucha\n|-resisted|p2a: Sandy Shocks\n|-damage|p2a: Sandy Shocks|83\/100\n|-status|p2a: Sandy Shocks|psn\n|\n|-weather|Sandstorm|[upkeep]\n|-damage|p2a: Sandy Shocks|71\/100 psn|[from] psn\n|upkeep\n|turn|3\n|inactive|docenoko has 30 seconds left.\n|\n|t:|1684152631\n|-terastallize|p1b: Garganacl|Ghost\n|move|p2a: Sandy Shocks|Earth Power|p1b: Garganacl\n|-damage|p1b: Garganacl|71\/100\n|move|p2b: Hawlucha|Acrobatics|p1b: Garganacl\n|-damage|p1b: Garganacl|40\/100\n|move|p1a: Glimmora|Energy Ball|p2a: Sandy Shocks\n|-supereffective|p2a: Sandy Shocks\n|-damage|p2a: Sandy Shocks|12\/100 psn\n|-unboost|p2a: Sandy Shocks|spd|1\n|move|p1b: Garganacl|Salt Cure|p2b: Hawlucha\n|-resisted|p2b: Hawlucha\n|-damage|p2b: Hawlucha|72\/100\n|-start|p2b: Hawlucha|Salt Cure\n|\n|-weather|Sandstorm|[upkeep]\n|-damage|p1b: Garganacl|34\/100|[from] Sandstorm\n|-heal|p1b: Garganacl|40\/100|[from] item: Leftovers\n|-damage|p2a: Sandy Shocks|0 fnt|[from] psn\n|faint|p2a: Sandy Shocks\n|-end|p2a: Sandy Shocks|Protosynthesis|[silent]\n|-damage|p2b: Hawlucha|47\/100|[from] Salt Cure\n|upkeep\n|\n|t:|1684152650\n|switch|p2a: Indeedee|Indeedee-F, L50, F|100\/100\n|-fieldstart|move: Psychic Terrain|[from] ability: Psychic Surge|[of] p2a: Indeedee\n|-enditem|p2b: Hawlucha|Psychic Seed\n|-boost|p2b: Hawlucha|spd|1|[from] item: Psychic Seed\n|turn|4\n|inactive|thymianthorsten has 30 seconds left.\n|\n|t:|1684152681\n|move|p1b: Garganacl|Protect|p1b: Garganacl\n|-singleturn|p1b: Garganacl|Protect\n|move|p2b: Hawlucha|Acrobatics|p1a: Glimmora\n|-resisted|p1a: Glimmora\n|-damage|p1a: Glimmora|58\/100\n|move|p1a: Glimmora|Mortal Spin|p2a: Indeedee|[spread] p2a\n|-immune|p2b: Hawlucha\n|-damage|p2a: Indeedee|97\/100\n|-status|p2a: Indeedee|psn\n|move|p2a: Indeedee|Psychic|p1a: Glimmora\n|-supereffective|p1a: Glimmora\n|-damage|p1a: Glimmora|14\/100\n|-enditem|p1a: Glimmora|Sitrus Berry|[eat]\n|-heal|p1a: Glimmora|38\/100|[from] item: Sitrus Berry\n|\n|-weather|Sandstorm|[upkeep]\n|-damage|p1b: Garganacl|34\/100|[from] Sandstorm\n|-heal|p1b: Garganacl|40\/100|[from] item: Leftovers\n|-damage|p2a: Indeedee|84\/100 psn|[from] psn\n|-damage|p2b: Hawlucha|23\/100|[from] Salt Cure\n|upkeep\n|turn|5\n|inactive|docenoko has 30 seconds left.\n|\n|t:|1684152710\n|move|p1a: Glimmora|Spiky Shield|p1a: Glimmora\n|-singleturn|p1a: Glimmora|move: Protect\n|move|p2b: Hawlucha|Acrobatics|p1a: Glimmora\n|-activate|p1a: Glimmora|move: Protect\n|-damage|p2b: Hawlucha|11\/100|[from] Spiky Shield|[of] p1a: Glimmora\n|move|p2a: Indeedee|Heal Pulse|p2b: Hawlucha\n|-heal|p2b: Hawlucha|61\/100\n|move|p1b: Garganacl|Recover|p1b: Garganacl\n|-heal|p1b: Garganacl|90\/100\n|\n|-weather|none\n|-heal|p1b: Garganacl|96\/100|[from] item: Leftovers\n|-damage|p2a: Indeedee|72\/100 psn|[from] psn\n|-damage|p2b: Hawlucha|36\/100|[from] Salt Cure\n|upkeep\n|turn|6\n|inactive|docenoko has 30 seconds left.\n|\n|t:|1684152738\n|move|p2b: Hawlucha|Flying Press|p1a: Glimmora|[miss]\n|-miss|p2b: Hawlucha|p1a: Glimmora\n|move|p1a: Glimmora|Energy Ball|p2b: Hawlucha\n|-resisted|p2b: Hawlucha\n|-damage|p2b: Hawlucha|22\/100\n|move|p2a: Indeedee|Heal Pulse|p2b: Hawlucha\n|-heal|p2b: Hawlucha|72\/100\n|move|p1b: Garganacl|Salt Cure|p2a: Indeedee\n|-damage|p2a: Indeedee|58\/100 psn\n|-start|p2a: Indeedee|Salt Cure\n|\n|-heal|p1b: Garganacl|100\/100|[from] item: Leftovers\n|-damage|p2a: Indeedee|45\/100 psn|[from] psn\n|-damage|p2b: Hawlucha|47\/100|[from] Salt Cure\n|-damage|p2a: Indeedee|33\/100 psn|[from] Salt Cure\n|upkeep\n|turn|7\n|inactive|docenoko has 30 seconds left.\n|inactive|docenoko has 20 seconds left.\n|inactive|docenoko has 15 seconds left.\n|\n|t:|1684152782\n|move|p1a: Glimmora|Spiky Shield|p1a: Glimmora\n|-singleturn|p1a: Glimmora|move: Protect\n|move|p2b: Hawlucha|Swords Dance|p2b: Hawlucha\n|-boost|p2b: Hawlucha|atk|2\n|move|p2a: Indeedee|Heal Pulse|p2b: Hawlucha\n|-heal|p2b: Hawlucha|97\/100\n|move|p1b: Garganacl|Salt Cure|p2a: Indeedee\n|-damage|p2a: Indeedee|19\/100 psn\n|\n|-damage|p2a: Indeedee|6\/100 psn|[from] psn\n|-damage|p2b: Hawlucha|72\/100|[from] Salt Cure\n|-damage|p2a: Indeedee|0 fnt|[from] Salt Cure\n|faint|p2a: Indeedee\n|upkeep\n|\n|t:|1684152795\n|switch|p2a: Chien-Pao|Chien-Pao, L50|100\/100\n|-ability|p2a: Chien-Pao|Sword of Ruin\n|turn|8\n|inactive|docenoko has 30 seconds left.\n|inactive|docenoko has 20 seconds left.\n|\n|t:|1684152833\n|move|p1b: Garganacl|Protect|p1b: Garganacl\n|-singleturn|p1b: Garganacl|Protect\n|move|p2b: Hawlucha|Acrobatics|p1a: Glimmora\n|-resisted|p1a: Glimmora\n|-damage|p1a: Glimmora|0 fnt\n|faint|p1a: Glimmora\n|move|p2a: Chien-Pao|Throat Chop|p1b: Garganacl\n|-activate|p1b: Garganacl|move: Protect\n|\n|-damage|p2b: Hawlucha|47\/100|[from] Salt Cure\n|-fieldend|move: Psychic Terrain\n|upkeep\n|\n|t:|1684152844\n|switch|p1a: Tyranitar|Tyranitar, L50, F|100\/100\n|-weather|Sandstorm|[from] ability: Sand Stream|[of] p1a: Tyranitar\n|turn|9\n|inactive|docenoko has 30 seconds left.\n|\n|t:|1684152870\n|move|p2b: Hawlucha|Acrobatics|p1b: Garganacl\n|-damage|p1b: Garganacl|0 fnt\n|faint|p1b: Garganacl\n|move|p2a: Chien-Pao|Throat Chop|p1a: Tyranitar\n|-resisted|p1a: Tyranitar\n|-damage|p1a: Tyranitar|81\/100\n|-start|p1a: Tyranitar|Throat Chop|[silent]\n|move|p1a: Tyranitar|Crunch|p2b: Hawlucha\n|-damage|p2b: Hawlucha|0 fnt\n|faint|p2b: Hawlucha\n|\n|-weather|Sandstorm|[upkeep]\n|-damage|p2a: Chien-Pao|95\/100|[from] Sandstorm\n|upkeep\n|turn|10\n|inactive|docenoko has 30 seconds left.\n|\n|t:|1684152898\n|move|p2a: Chien-Pao|Ice Spinner|p1a: Tyranitar\n|-damage|p1a: Tyranitar|38\/100\n|move|p1a: Tyranitar|Iron Head|p2a: Chien-Pao\n|-supereffective|p2a: Chien-Pao\n|-damage|p2a: Chien-Pao|25\/100\n|\n|-weather|Sandstorm|[upkeep]\n|-damage|p2a: Chien-Pao|20\/100|[from] Sandstorm\n|-end|p1a: Tyranitar|Throat Chop|[silent]\n|upkeep\n|turn|11\n|\n|t:|1684152920\n|move|p2a: Chien-Pao|Ice Spinner|p1a: Tyranitar\n|-damage|p1a: Tyranitar|1\/100\n|move|p1a: Tyranitar|Iron Head|p2a: Chien-Pao\n|-supereffective|p2a: Chien-Pao\n|-damage|p2a: Chien-Pao|0 fnt\n|faint|p2a: Chien-Pao\n|\n|win|docenoko\n|raw|docenoko's rating: 1262 → 1294<\/strong> (+32 for winning)\n|raw|thymianthorsten's rating: 1356 → 1331<\/strong> (-25 for losing)\n|c|\u2606thymianthorsten|wtf xd\n|c|\u2606thymianthorsten|absolute low roll\n|c|\u2606docenoko|haha yeah unlucky\n|l|\u2606docenoko\n","uploadtime":1684153145,"views":5,"p1id":"docenoko","p2id":"thymianthorsten","formatid":"gen9vgc2023regulationc","rating":1294,"private":0,"password":""}