{"id":"gen9vgc2023regulationc-1851992436","p1":"xingtian888","p2":"GiovanniLor","format":"[Gen 9] VGC 2023 Regulation C","log":"|j|\u2606xingtian888\n|j|\u2606GiovanniLor\n|t:|1682514741\n|gametype|doubles\n|player|p1|xingtian888|266|1452\n|player|p2|GiovanniLor|266|1527\n|teamsize|p1|6\n|teamsize|p2|6\n|gen|9\n|tier|[Gen 9] VGC 2023 Regulation C\n|rated|\n|rule|Species Clause: Limit one of each Pok\u00e9mon\n|rule|Item Clause: Limit one of each item\n|clearpoke\n|poke|p1|Ting-Lu, L50|\n|poke|p1|Amoonguss, L50, F|\n|poke|p1|Abomasnow, L50, M|\n|poke|p1|Iron Bundle, L50|\n|poke|p1|Baxcalibur, L50, M|\n|poke|p1|Gyarados, L50, F|\n|poke|p2|Dragapult, L50, F|\n|poke|p2|Chien-Pao, L50|\n|poke|p2|Gholdengo, L50|\n|poke|p2|Amoonguss, L50, M|\n|poke|p2|Ting-Lu, L50|\n|poke|p2|Palafin, L50, M|\n|teampreview|4\n|inactive|Battle timer is ON: inactive players will automatically lose when time's up. (requested by xingtian888)\nGiovanniLor has agreed to open team sheets.\n|j| THUNDERSND77\n|inactive|GiovanniLor has 60 seconds left.\n|inactive|GiovanniLor has 30 seconds left.\n|inactive|GiovanniLor has 20 seconds left.\n|inactive|GiovanniLor has 15 seconds left.\n|\n|t:|1682514821\n|start\n|switch|p1a: Ting-Lu|Ting-Lu, L50|100\/100\n|switch|p1b: Gyarados|Gyarados, L50, F, shiny|100\/100\n|switch|p2a: Ting-Lu|Ting-Lu, L50|100\/100\n|switch|p2b: Gholdengo|Gholdengo, L50|100\/100\n|-ability|p1b: Gyarados|Intimidate|boost\n|-unboost|p2a: Ting-Lu|atk|1\n|-unboost|p2b: Gholdengo|atk|1\n|-ability|p1a: Ting-Lu|Vessel of Ruin\n|-ability|p2a: Ting-Lu|Vessel of Ruin\n|turn|1\n|inactive|xingtian888 has 30 seconds left.\n|inactive|GiovanniLor has 30 seconds left.\n|inactive|GiovanniLor has 20 seconds left.\n|\n|t:|1682514859\n|-terastallize|p1b: Gyarados|Electric\n|-terastallize|p2b: Gholdengo|Water\n|move|p1b: Gyarados|Tera Blast|p2b: Gholdengo\n|-supereffective|p2b: Gholdengo\n|-damage|p2b: Gholdengo|6\/100\n|-damage|p1b: Gyarados|91\/100|[from] item: Life Orb\n|move|p2b: Gholdengo|Thunderbolt|p1b: Gyarados\n|-resisted|p1b: Gyarados\n|-damage|p1b: Gyarados|81\/100\n|move|p2a: Ting-Lu|Stomping Tantrum|p1a: Ting-Lu\n|-damage|p1a: Ting-Lu|88\/100\n|move|p1a: Ting-Lu|Stomping Tantrum|p2b: Gholdengo\n|-damage|p2b: Gholdengo|0 fnt\n|faint|p2b: Gholdengo\n|\n|upkeep\n|\n|t:|1682514870\n|switch|p2b: Chien-Pao|Chien-Pao, L50|100\/100\n|-ability|p2b: Chien-Pao|Sword of Ruin\n|turn|2\n|inactive|xingtian888 has 30 seconds left.\n|\n|t:|1682514897\n|move|p1b: Gyarados|Protect|p1b: Gyarados\n|-singleturn|p1b: Gyarados|Protect\n|move|p2b: Chien-Pao|Icicle Crash|p1a: Ting-Lu\n|-supereffective|p1a: Ting-Lu\n|-damage|p1a: Ting-Lu|30\/100\n|move|p2a: Ting-Lu|Stomping Tantrum|p1b: Gyarados\n|-activate|p1b: Gyarados|move: Protect\n|move|p1a: Ting-Lu|Heavy Slam|p2b: Chien-Pao\n|-supereffective|p2b: Chien-Pao\n|-damage|p2b: Chien-Pao|18\/100\n|\n|upkeep\n|turn|3\n|inactive|xingtian888 has 30 seconds left.\n|\n|t:|1682514928\n|switch|p2a: Dragapult|Dragapult, L50, F, shiny|100\/100\n|move|p2b: Chien-Pao|Icicle Crash|p1a: Ting-Lu\n|-supereffective|p1a: Ting-Lu\n|-damage|p1a: Ting-Lu|0 fnt\n|faint|p1a: Ting-Lu\n|move|p1b: Gyarados|Waterfall|p2a: Dragapult\n|-resisted|p2a: Dragapult\n|-damage|p2a: Dragapult|53\/100\n|-damage|p1b: Gyarados|71\/100|[from] item: Life Orb\n|\n|upkeep\n|\n|t:|1682514935\n|switch|p1a: Baxcalibur|Baxcalibur, L50, M, shiny|100\/100\n|turn|4\n|\n|t:|1682514954\n|switch|p2a: Ting-Lu|Ting-Lu, L50|100\/100\n|-ability|p2a: Ting-Lu|Vessel of Ruin\n|move|p2b: Chien-Pao|Sacred Sword|p1a: Baxcalibur\n|-supereffective|p1a: Baxcalibur\n|-damage|p1a: Baxcalibur|27\/100\n|move|p1b: Gyarados|Waterfall|p2b: Chien-Pao\n|-damage|p2b: Chien-Pao|0 fnt\n|faint|p2b: Chien-Pao\n|-damage|p1b: Gyarados|62\/100|[from] item: Life Orb\n|move|p1a: Baxcalibur|Icicle Spear|p2a: Ting-Lu\n|-supereffective|p2a: Ting-Lu\n|-damage|p2a: Ting-Lu|83\/100\n|-supereffective|p2a: Ting-Lu\n|-damage|p2a: Ting-Lu|66\/100\n|-supereffective|p2a: Ting-Lu\n|-damage|p2a: Ting-Lu|47\/100\n|-supereffective|p2a: Ting-Lu\n|-damage|p2a: Ting-Lu|29\/100\n|-supereffective|p2a: Ting-Lu\n|-damage|p2a: Ting-Lu|10\/100\n|-hitcount|p2a: Ting-Lu|5\n|\n|upkeep\n|\n|t:|1682514965\n|switch|p2b: Dragapult|Dragapult, L50, F, shiny|53\/100\n|turn|5\n|\n|t:|1682514982\n|switch|p1a: Amoonguss|Amoonguss, L50, F, shiny|100\/100\n|move|p2b: Dragapult|Dragon Darts|p1a: Amoonguss\n|-damage|p1a: Amoonguss|69\/100\n|-anim|p2b: Dragapult|Dragon Darts|p1b: Gyarados\n|-damage|p1b: Gyarados|16\/100\n|move|p1b: Gyarados|Waterfall|p2a: Ting-Lu\n|-supereffective|p2a: Ting-Lu\n|-crit|p2a: Ting-Lu\n|-damage|p2a: Ting-Lu|0 fnt\n|faint|p2a: Ting-Lu\n|-damage|p1b: Gyarados|7\/100|[from] item: Life Orb\n|\n|upkeep\n|turn|6\n|\n|t:|1682514998\n|move|p1b: Gyarados|Protect|p1b: Gyarados\n|-singleturn|p1b: Gyarados|Protect\n|move|p2b: Dragapult|Dragon Darts|p1a: Amoonguss\n|-damage|p1a: Amoonguss|41\/100\n|-enditem|p1a: Amoonguss|Sitrus Berry|[eat]\n|-heal|p1a: Amoonguss|66\/100|[from] item: Sitrus Berry\n|-anim|p2b: Dragapult|Dragon Darts|p1a: Amoonguss\n|-damage|p1a: Amoonguss|35\/100\n|move|p1a: Amoonguss|Spore|p2b: Dragapult\n|-status|p2b: Dragapult|slp|[from] move: Spore\n|\n|upkeep\n|turn|7\n|-message|GiovanniLor forfeited.\n|\n|win|xingtian888\n|raw|xingtian888's rating: 1452 → 1476<\/strong> (+24 for winning)\n|raw|GiovanniLor's rating: 1527 → 1503<\/strong> (-24 for losing)\n|l|\u2606GiovanniLor\n|l| THUNDERSND77\n","uploadtime":1682515023,"views":7,"p1id":"xingtian888","p2id":"giovannilor","formatid":"gen9vgc2023regulationc","rating":1476,"private":0,"password":""}