{"id":"gen9vgc2023regulationc-1846851075","p1":"ExcelSheet","p2":"gengarfan97","format":"[Gen 9] VGC 2023 Regulation C","log":"|j|\u2606ExcelSheet\n|j|\u2606gengarfan97\n|t:|1681890388\n|gametype|doubles\n|player|p1|ExcelSheet|hilbert-wonderlauncher|1093\n|player|p2|gengarfan97|170|1071\n|teamsize|p1|6\n|teamsize|p2|6\n|gen|9\n|tier|[Gen 9] VGC 2023 Regulation C\n|rated|\n|rule|Species Clause: Limit one of each Pok\u00e9mon\n|rule|Item Clause: Limit one of each item\n|clearpoke\n|poke|p1|Flutter Mane, L50|\n|poke|p1|Great Tusk, L50|\n|poke|p1|Scizor, L50, M|\n|poke|p1|Corviknight, L50, M|\n|poke|p1|Chi-Yu, L50|\n|poke|p1|Iron Bundle, L50|\n|poke|p2|Sableye, L50, F|\n|poke|p2|Wo-Chien, L50|\n|poke|p2|Iron Bundle, L50|\n|poke|p2|Arcanine, L50, F|\n|poke|p2|Iron Hands, L50|\n|poke|p2|Chi-Yu, L50|\n|teampreview|4\n|inactive|Battle timer is ON: inactive players will automatically lose when time's up. (requested by ExcelSheet)\nExcelSheet has agreed to open team sheets.\n|\n|t:|1681890418\n|start\n|switch|p1a: Scizor|Scizor, L50, M|100\/100\n|switch|p1b: Chi-Yu|Chi-Yu, L50|100\/100\n|switch|p2a: Iron Bundle|Iron Bundle, L50|100\/100\n|switch|p2b: Chi-Yu|Chi-Yu, L50|100\/100\n|-ability|p2b: Chi-Yu|Beads of Ruin\n|-ability|p1b: Chi-Yu|Beads of Ruin\n|turn|1\n|inactive|ExcelSheet has 30 seconds left.\n|\n|t:|1681890450\n|-terastallize|p1a: Scizor|Fire\n|move|p2a: Iron Bundle|Icy Wind|p1a: Scizor|[spread] p1a,p1b\n|-resisted|p1a: Scizor\n|-resisted|p1b: Chi-Yu\n|-damage|p1a: Scizor|83\/100\n|-damage|p1b: Chi-Yu|91\/100\n|-unboost|p1a: Scizor|spe|1\n|-unboost|p1b: Chi-Yu|spe|1\n|move|p2b: Chi-Yu|Heat Wave|p1b: Chi-Yu|[spread] p1a,p1b\n|-resisted|p1a: Scizor\n|-resisted|p1b: Chi-Yu\n|-damage|p1a: Scizor|35\/100\n|-damage|p1b: Chi-Yu|63\/100\n|move|p1b: Chi-Yu|Dark Pulse|p2a: Iron Bundle\n|-damage|p2a: Iron Bundle|0 fnt\n|faint|p2a: Iron Bundle\n|-end|p2a: Iron Bundle|Quark Drive|[silent]\n|move|p1a: Scizor|U-turn|p2b: Chi-Yu\n|-damage|p2b: Chi-Yu|22\/100\n|inactive|ExcelSheet has 30 seconds left.\n|\n|t:|1681890477\n|switch|p1a: Great Tusk|Great Tusk, L50|100\/100|[from] U-turn\n|\n|upkeep\n|\n|t:|1681890488\n|switch|p2a: Wo-Chien|Wo-Chien, L50|100\/100\n|-ability|p2a: Wo-Chien|Tablets of Ruin\n|turn|2\n|\n|t:|1681890497\n|-terastallize|p2a: Wo-Chien|Flying\n|move|p1a: Great Tusk|Protect|p1a: Great Tusk\n|-singleturn|p1a: Great Tusk|Protect\n|move|p2b: Chi-Yu|Heat Wave|p1b: Chi-Yu|[spread] p1b\n|-activate|p1a: Great Tusk|move: Protect\n|-resisted|p1b: Chi-Yu\n|-damage|p1b: Chi-Yu|34\/100\n|move|p2a: Wo-Chien|Leech Seed|p1a: Great Tusk\n|-activate|p1a: Great Tusk|move: Protect\n|move|p1b: Chi-Yu|Heat Wave|p2a: Wo-Chien|[spread] p2a\n|-miss|p1b: Chi-Yu|p2b: Chi-Yu\n|-damage|p2a: Wo-Chien|52\/100\n|\n|-heal|p2a: Wo-Chien|58\/100|[from] item: Leftovers\n|upkeep\n|turn|3\n|inactive|ExcelSheet has 30 seconds left.\n|\n|t:|1681890532\n|move|p2a: Wo-Chien|Protect|p2a: Wo-Chien\n|-singleturn|p2a: Wo-Chien|Protect\n|move|p1a: Great Tusk|Close Combat|p2a: Wo-Chien\n|-activate|p2a: Wo-Chien|move: Protect\n|move|p2b: Chi-Yu|Heat Wave|p1a: Great Tusk|[spread] p1a\n|-miss|p2b: Chi-Yu|p1b: Chi-Yu\n|-enditem|p1a: Great Tusk|Focus Sash\n|-damage|p1a: Great Tusk|1\/100\n|move|p1b: Chi-Yu|Heat Wave|p2a: Wo-Chien|[spread] p2b\n|-activate|p2a: Wo-Chien|move: Protect\n|-resisted|p2b: Chi-Yu\n|-damage|p2b: Chi-Yu|0 fnt\n|faint|p2b: Chi-Yu\n|\n|-heal|p2a: Wo-Chien|64\/100|[from] item: Leftovers\n|upkeep\n|\n|t:|1681890553\n|switch|p2b: Sableye|Sableye, L50, F|100\/100\n|turn|4\n|\n|t:|1681890568\n|move|p1a: Great Tusk|Headlong Rush|p2b: Sableye\n|-damage|p2b: Sableye|26\/100\n|-unboost|p1a: Great Tusk|def|1\n|-unboost|p1a: Great Tusk|spd|1\n|move|p2b: Sableye|Disable|p1b: Chi-Yu\n|-start|p1b: Chi-Yu|Disable|Heat Wave\n|move|p2a: Wo-Chien|Knock Off|p1b: Chi-Yu\n|-resisted|p1b: Chi-Yu\n|-damage|p1b: Chi-Yu|20\/100\n|-enditem|p1b: Chi-Yu|Charcoal|[from] move: Knock Off|[of] p2a: Wo-Chien\n|cant|p1b: Chi-Yu|Disable|Heat Wave\n|\n|-heal|p2a: Wo-Chien|70\/100|[from] item: Leftovers\n|upkeep\n|turn|5\n|inactive|gengarfan97 has 30 seconds left.\n|\n|t:|1681890601\n|move|p1b: Chi-Yu|Protect|p1b: Chi-Yu\n|-singleturn|p1b: Chi-Yu|Protect\n|move|p1a: Great Tusk|Earthquake|p2a: Wo-Chien|[spread] p2b\n|-activate|p1b: Chi-Yu|move: Protect\n|-immune|p2a: Wo-Chien\n|-damage|p2b: Sableye|0 fnt\n|faint|p2b: Sableye\n|move|p2a: Wo-Chien|Giga Drain|p1a: Great Tusk\n|-supereffective|p1a: Great Tusk\n|-damage|p1a: Great Tusk|0 fnt\n|-heal|p2a: Wo-Chien|71\/100|[from] drain|[of] p1a: Great Tusk\n|faint|p1a: Great Tusk\n|-end|p1a: Great Tusk|Protosynthesis|[silent]\n|\n|-heal|p2a: Wo-Chien|77\/100|[from] item: Leftovers\n|upkeep\n|\n|t:|1681890619\n|switch|p1a: Iron Bundle|Iron Bundle, L50|100\/100\n|-enditem|p1a: Iron Bundle|Booster Energy\n|-activate|p1a: Iron Bundle|ability: Quark Drive|[fromitem]\n|-start|p1a: Iron Bundle|quarkdrivespe\n|turn|6\n|inactive|gengarfan97 has 30 seconds left.\n|inactive|gengarfan97 has 20 seconds left.\n|inactive|gengarfan97 has 15 seconds left.\n|inactive|gengarfan97 has 10 seconds left.\n|l|\u2606gengarfan97\n|inactive|gengarfan97 disconnected and has a minute to reconnect!\n|player|p2|\n|inactive|gengarfan97 has 5 seconds left.\n|-message|gengarfan97 lost due to inactivity.\n|\n|win|ExcelSheet\n|raw|ExcelSheet's rating: 1093 → 1117<\/strong> (+24 for winning)\n|raw|gengarfan97's rating: 1071 → 1052<\/strong> (-19 for losing)\n","uploadtime":1681890707,"views":9,"p1id":"excelsheet","p2id":"gengarfan97","formatid":"gen9vgc2023regulationc","rating":1052,"private":0,"password":""}