{"id":"gen9vgc2023regulationc-1858105591","p1":"Chelys","p2":"dogetreats","format":"[Gen 9] VGC 2023 Regulation C","log":"|j|\u2606Chelys\n|j|\u2606dogetreats\n|t:|1683276519\n|gametype|doubles\n|player|p1|Chelys|gambler|1397\n|player|p2|dogetreats|lady-gen4|1328\n|teamsize|p1|6\n|teamsize|p2|6\n|gen|9\n|tier|[Gen 9] VGC 2023 Regulation C\n|rated|\n|rule|Species Clause: Limit one of each Pok\u00e9mon\n|rule|Item Clause: Limit one of each item\n|clearpoke\n|poke|p1|Dondozo, L50, F|\n|poke|p1|Tatsugiri, L50, F|\n|poke|p1|Glimmora, L50, F|\n|poke|p1|Arcanine, L50, F|\n|poke|p1|Flutter Mane, L50|\n|poke|p1|Wo-Chien, L50|\n|poke|p2|Lucario, L50, M|\n|poke|p2|Chien-Pao, L50|\n|poke|p2|Amoonguss, L50, M|\n|poke|p2|Flutter Mane, L50|\n|poke|p2|Arcanine, L50, M|\n|poke|p2|Dragonite, L50, F|\n|teampreview|4\n|inactive|Battle timer is ON: inactive players will automatically lose when time's up. (requested by Chelys)\n|inactive|dogetreats has 60 seconds left.\n|\n|t:|1683276609\n|start\n|switch|p1a: Glimmora|Glimmora, L50, F|100\/100\n|switch|p1b: Arcanine|Arcanine, L50, F|100\/100\n|switch|p2a: Arcanine|Arcanine, L50, M|100\/100\n|switch|p2b: Flutter Mane|Flutter Mane, L50|100\/100\n|-ability|p2a: Arcanine|Intimidate|boost\n|-unboost|p1a: Glimmora|atk|1\n|-unboost|p1b: Arcanine|atk|1\n|-ability|p1b: Arcanine|Intimidate|boost\n|-unboost|p2a: Arcanine|atk|1\n|-unboost|p2b: Flutter Mane|atk|1\n|turn|1\n|inactive|dogetreats has 30 seconds left.\n|inactive|dogetreats has 20 seconds left.\n|inactive|dogetreats has 15 seconds left.\n|inactive|dogetreats has 10 seconds left.\n|inactive|dogetreats has 5 seconds left.\n|\n|t:|1683276662\n|-terastallize|p2b: Flutter Mane|Water\n|move|p2b: Flutter Mane|Shadow Ball|p1b: Arcanine\n|-damage|p1b: Arcanine|40\/100\n|-unboost|p1b: Arcanine|spd|1\n|move|p2a: Arcanine|Will-O-Wisp|p1a: Glimmora\n|-status|p1a: Glimmora|brn\n|move|p1a: Glimmora|Mortal Spin|p2b: Flutter Mane|[spread] p2a,p2b\n|-damage|p2a: Arcanine|99\/100\n|-damage|p2b: Flutter Mane|98\/100\n|-status|p2a: Arcanine|psn\n|-status|p2b: Flutter Mane|psn\n|move|p1b: Arcanine|Flare Blitz|p2b: Flutter Mane\n|-resisted|p2b: Flutter Mane\n|-damage|p2b: Flutter Mane|66\/100 psn\n|-damage|p1b: Arcanine|32\/100|[from] Recoil\n|\n|-damage|p2b: Flutter Mane|54\/100 psn|[from] psn\n|-damage|p2a: Arcanine|87\/100 psn|[from] psn\n|-damage|p1a: Glimmora|95\/100 brn|[from] brn\n|upkeep\n|turn|2\n|inactive|Chelys has 30 seconds left.\n|inactive|dogetreats has 30 seconds left.\n|inactive|Chelys has 20 seconds left.\n|inactive|Chelys has 15 seconds left.\n|inactive|Chelys has 10 seconds left.\n|inactive|Chelys has 5 seconds left.\n|\n|t:|1683276713\n|-end|p2b: Flutter Mane|Protosynthesis|[silent]\n|switch|p2b: Dragonite|Dragonite, L50, F|100\/100\n|move|p1b: Arcanine|Protect|p1b: Arcanine\n|-singleturn|p1b: Arcanine|Protect\n|move|p2a: Arcanine|Howl|p2a: Arcanine|[spread] p2a,p2b\n|-boost|p2a: Arcanine|atk|1\n|-boost|p2b: Dragonite|atk|1\n|move|p1a: Glimmora|Power Gem|p2a: Arcanine\n|-supereffective|p2a: Arcanine\n|-damage|p2a: Arcanine|0 fnt\n|faint|p2a: Arcanine\n|\n|-damage|p1a: Glimmora|89\/100 brn|[from] brn\n|upkeep\n|\n|t:|1683276727\n|switch|p2a: Flutter Mane|Flutter Mane, L50, tera:Water|54\/100 psn\n|turn|3\n|\n|t:|1683276751\n|move|p1b: Arcanine|Extreme Speed|p2a: Flutter Mane\n|-damage|p2a: Flutter Mane|28\/100 psn\n|move|p2a: Flutter Mane|Shadow Ball|p1a: Glimmora\n|-damage|p1a: Glimmora|17\/100 brn\n|move|p1a: Glimmora|Power Gem|p2b: Dragonite\n|-supereffective|p2b: Dragonite\n|-damage|p2b: Dragonite|76\/100\n|move|p2b: Dragonite|Ice Spinner|p1a: Glimmora\n|-damage|p1a: Glimmora|0 fnt\n|-activate|p1a: Glimmora|ability: Toxic Debris\n|-sidestart|p2: dogetreats|move: Toxic Spikes\n|faint|p1a: Glimmora\n|\n|-damage|p2a: Flutter Mane|16\/100 psn|[from] psn\n|upkeep\n|\n|t:|1683276766\n|switch|p1a: Dondozo|Dondozo, L50, F|100\/100\n|turn|4\n|inactive|Chelys has 30 seconds left.\n|\n|t:|1683276795\n|-end|p2a: Flutter Mane|Protosynthesis|[silent]\n|switch|p2a: Amoonguss|Amoonguss, L50, M|100\/100\n|-sideend|p2: dogetreats|move: Toxic Spikes|[of] p2a: Amoonguss\n|move|p1b: Arcanine|Protect|p1b: Arcanine\n|-singleturn|p1b: Arcanine|Protect\n|move|p1a: Dondozo|Protect|p1a: Dondozo\n|-singleturn|p1a: Dondozo|Protect\n|move|p2b: Dragonite|Outrage|p1b: Arcanine\n|-activate|p1b: Arcanine|move: Protect\n|\n|upkeep\n|turn|5\n|\n|t:|1683276817\n|switch|p1b: Tatsugiri|Tatsugiri, L50, F|100\/100\n|-activate|p1b: Tatsugiri|ability: Commander|[of] p1a: Dondozo\n|-boost|p1a: Dondozo|atk|2\n|-boost|p1a: Dondozo|spa|2\n|-boost|p1a: Dondozo|spe|2\n|-boost|p1a: Dondozo|def|2\n|-boost|p1a: Dondozo|spd|2\n|-terastallize|p1a: Dondozo|Grass\n|move|p2a: Amoonguss|Protect|p2a: Amoonguss\n|-singleturn|p2a: Amoonguss|Protect\n|move|p1a: Dondozo|Earthquake|p2a: Amoonguss|[spread] \n|-miss|p1a: Dondozo|p1b: Tatsugiri\n|-activate|p2a: Amoonguss|move: Protect\n|-immune|p2b: Dragonite\n|move|p2b: Dragonite|Outrage|p1a: Dondozo\n|-damage|p1a: Dondozo|76\/100\n|\n|-heal|p1a: Dondozo|82\/100|[from] item: Leftovers\n|upkeep\n|turn|6\n|\n|t:|1683276845\n|move|p1a: Dondozo|Earthquake|p2a: Amoonguss|[spread] p2a\n|-miss|p1a: Dondozo|p1b: Tatsugiri\n|-immune|p2b: Dragonite\n|-damage|p2a: Amoonguss|67\/100\n|move|p2b: Dragonite|Outrage|p1a: Dondozo|[from]lockedmove\n|-damage|p1a: Dondozo|60\/100\n|-start|p2b: Dragonite|confusion|[fatigue]\n|move|p2a: Amoonguss|Pollen Puff|p2b: Dragonite\n|-heal|p2b: Dragonite|100\/100\n|\n|-heal|p1a: Dondozo|66\/100|[from] item: Leftovers\n|upkeep\n|turn|7\n|\n|t:|1683276862\n|move|p2a: Amoonguss|Protect|p2a: Amoonguss\n|-singleturn|p2a: Amoonguss|Protect\n|move|p1a: Dondozo|Earthquake|p2a: Amoonguss|[spread] \n|-miss|p1a: Dondozo|p1b: Tatsugiri\n|-activate|p2a: Amoonguss|move: Protect\n|-immune|p2b: Dragonite\n|-activate|p2b: Dragonite|confusion\n|move|p2b: Dragonite|Ice Spinner|p1a: Dondozo\n|-supereffective|p1a: Dondozo\n|-damage|p1a: Dondozo|45\/100\n|\n|-heal|p1a: Dondozo|51\/100|[from] item: Leftovers\n|upkeep\n|turn|8\n|\n|t:|1683276883\n|switch|p2a: Flutter Mane|Flutter Mane, L50, tera:Water|16\/100 psn\n|move|p1a: Dondozo|Earthquake|p2b: Dragonite|[spread] p2a\n|-miss|p1a: Dondozo|p1b: Tatsugiri\n|-immune|p2b: Dragonite\n|-damage|p2a: Flutter Mane|0 fnt\n|faint|p2a: Flutter Mane\n|-end|p2a: Flutter Mane|Protosynthesis|[silent]\n|-activate|p2b: Dragonite|confusion\n|-damage|p2b: Dragonite|76\/100|[from] confusion\n|\n|-heal|p1a: Dondozo|57\/100|[from] item: Leftovers\n|upkeep\n|\n|t:|1683276894\n|switch|p2a: Amoonguss|Amoonguss, L50, M|99\/100\n|turn|9\n|\n|t:|1683276900\n|move|p1a: Dondozo|Protect|p1a: Dondozo\n|-singleturn|p1a: Dondozo|Protect\n|-activate|p2b: Dragonite|confusion\n|move|p2b: Dragonite|Ice Spinner|p1a: Dondozo\n|-activate|p1a: Dondozo|move: Protect\n|move|p2a: Amoonguss|Pollen Puff|p2b: Dragonite\n|-heal|p2b: Dragonite|100\/100\n|\n|-heal|p1a: Dondozo|63\/100|[from] item: Leftovers\n|upkeep\n|turn|10\n|\n|t:|1683276912\n|move|p1a: Dondozo|Wave Crash|p2b: Dragonite\n|-resisted|p2b: Dragonite\n|-damage|p2b: Dragonite|79\/100\n|-damage|p1a: Dondozo|57\/100|[from] Recoil\n|-activate|p2b: Dragonite|confusion\n|move|p2b: Dragonite|Ice Spinner|p1a: Dondozo\n|-supereffective|p1a: Dondozo\n|-damage|p1a: Dondozo|37\/100\n|move|p2a: Amoonguss|Pollen Puff|p1a: Dondozo\n|-supereffective|p1a: Dondozo\n|-damage|p1a: Dondozo|19\/100\n|\n|-heal|p1a: Dondozo|25\/100|[from] item: Leftovers\n|upkeep\n|turn|11\n|inactive|dogetreats has 30 seconds left.\n|inactive|dogetreats has 20 seconds left.\n|\n|t:|1683276947\n|move|p1a: Dondozo|Protect|p1a: Dondozo\n|-singleturn|p1a: Dondozo|Protect\n|-end|p2b: Dragonite|confusion\n|move|p2b: Dragonite|Ice Spinner|p1a: Dondozo\n|-activate|p1a: Dondozo|move: Protect\n|move|p2a: Amoonguss|Pollen Puff|p2b: Dragonite\n|-heal|p2b: Dragonite|100\/100\n|\n|-heal|p1a: Dondozo|31\/100|[from] item: Leftovers\n|upkeep\n|turn|12\n|inactive|dogetreats has 30 seconds left.\n|\n|t:|1683276977\n|move|p2a: Amoonguss|Protect|p2a: Amoonguss\n|-singleturn|p2a: Amoonguss|Protect\n|move|p1a: Dondozo|Earthquake|p2a: Amoonguss|[spread] \n|-miss|p1a: Dondozo|p1b: Tatsugiri\n|-activate|p2a: Amoonguss|move: Protect\n|-immune|p2b: Dragonite\n|move|p2b: Dragonite|Ice Spinner|p1a: Dondozo\n|-supereffective|p1a: Dondozo\n|-damage|p1a: Dondozo|10\/100\n|\n|-heal|p1a: Dondozo|16\/100|[from] item: Leftovers\n|upkeep\n|turn|13\n|\n|t:|1683276993\n|move|p1a: Dondozo|Earthquake|p2a: Amoonguss|[spread] p2a\n|-miss|p1a: Dondozo|p1b: Tatsugiri\n|-immune|p2b: Dragonite\n|-crit|p2a: Amoonguss\n|-damage|p2a: Amoonguss|49\/100\n|-enditem|p2a: Amoonguss|Sitrus Berry|[eat]\n|-heal|p2a: Amoonguss|74\/100|[from] item: Sitrus Berry\n|move|p2b: Dragonite|Ice Spinner|p1a: Dondozo\n|-supereffective|p1a: Dondozo\n|-crit|p1a: Dondozo\n|-damage|p1a: Dondozo|0 fnt\n|faint|p1a: Dondozo\n|move|p2a: Amoonguss|Spore|p1b: Tatsugiri\n|-status|p1b: Tatsugiri|slp|[from] move: Spore\n|\n|upkeep\n|\n|t:|1683277008\n|switch|p1a: Arcanine|Arcanine, L50, F|32\/100\n|-ability|p1a: Arcanine|Intimidate|boost\n|-unboost|p2a: Amoonguss|atk|1\n|-unboost|p2b: Dragonite|atk|1\n|turn|14\n|\n|t:|1683277024\n|move|p1a: Arcanine|Protect|p1a: Arcanine\n|-singleturn|p1a: Arcanine|Protect\n|move|p2a: Amoonguss|Rage Powder|p2a: Amoonguss\n|-singleturn|p2a: Amoonguss|move: Rage Powder\n|cant|p1b: Tatsugiri|slp\n|move|p2b: Dragonite|Outrage|p1b: Tatsugiri\n|-supereffective|p1b: Tatsugiri\n|-damage|p1b: Tatsugiri|0 fnt\n|faint|p1b: Tatsugiri\n|\n|upkeep\n|turn|15\n|c|\u2606dogetreats|gg\n|-message|Chelys forfeited.\n|\n|win|dogetreats\n|raw|Chelys's rating: 1397 → 1373<\/strong> (-24 for losing)\n|raw|dogetreats's rating: 1328 → 1352<\/strong> (+24 for winning)\n|l|\u2606Chelys\n","uploadtime":1683277042,"views":20,"p1id":"chelys","p2id":"dogetreats","formatid":"gen9vgc2023regulationc","rating":1352,"private":0,"password":""}