{"id":"gen9vgc2023regulationc-1861906485","p1":"ScrubShadedPurple","p2":"Funnierwalrus","format":"[Gen 9] VGC 2023 Regulation C","log":"|j|\u2606ScrubShadedPurple\n|j|\u2606Funnierwalrus\n|t:|1683819668\n|gametype|doubles\n|player|p1|ScrubShadedPurple|101|1127\n|player|p2|Funnierwalrus|170|1127\n|teamsize|p1|6\n|teamsize|p2|6\n|gen|9\n|tier|[Gen 9] VGC 2023 Regulation C\n|rated|\n|rule|Species Clause: Limit one of each Pok\u00e9mon\n|rule|Item Clause: Limit one of each item\n|clearpoke\n|poke|p1|Revavroom, L50, M|\n|poke|p1|Gyarados, L50, M|\n|poke|p1|Maushold, L50|\n|poke|p1|Volcarona, L50, F|\n|poke|p1|Ting-Lu, L50|\n|poke|p1|Flutter Mane, L50|\n|poke|p2|Chien-Pao, L50|\n|poke|p2|Torkoal, L50, M|\n|poke|p2|Indeedee-F, L50, F|\n|poke|p2|Armarouge, L50, M|\n|poke|p2|Kingambit, L50, M|\n|poke|p2|Quaquaval, L50, F|\n|teampreview|4\n|\n|t:|1683819700\n|start\n|switch|p1a: Maushold|Maushold, L50|100\/100\n|switch|p1b: Ting-Lu|Ting-Lu, L50|100\/100\n|switch|p2a: Indeedee|Indeedee-F, L50, F|100\/100\n|switch|p2b: Quaquaval|Quaquaval, L50, F|100\/100\n|-fieldstart|move: Psychic Terrain|[from] ability: Psychic Surge|[of] p2a: Indeedee\n|-ability|p1b: Ting-Lu|Vessel of Ruin\n|turn|1\n|\n|t:|1683819727\n|switch|p1b: Gyarados|Gyarados, L50, M|100\/100\n|-ability|p1b: Gyarados|Intimidate|boost\n|-unboost|p2a: Indeedee|atk|1\n|-unboost|p2b: Quaquaval|atk|1\n|-terastallize|p2b: Quaquaval|Flying\n|move|p1a: Maushold|Protect|p1a: Maushold\n|-singleturn|p1a: Maushold|Protect\n|move|p2a: Indeedee|Follow Me|p2a: Indeedee\n|-singleturn|p2a: Indeedee|move: Follow Me\n|move|p2b: Quaquaval|Close Combat|p1a: Maushold\n|-activate|p1a: Maushold|move: Protect\n|\n|upkeep\n|turn|2\n|inactive|Battle timer is ON: inactive players will automatically lose when time's up. (requested by ScrubShadedPurple)\n|\n|t:|1683819788\n|-terastallize|p1a: Maushold|Ghost\n|move|p2a: Indeedee|Follow Me|p2a: Indeedee\n|-singleturn|p2a: Indeedee|move: Follow Me\n|move|p2b: Quaquaval|Close Combat|p1a: Maushold\n|-immune|p1a: Maushold\n|move|p1a: Maushold|Encore|p2a: Indeedee\n|-start|p2a: Indeedee|Encore\n|move|p1b: Gyarados|Taunt|p2a: Indeedee\n|-start|p2a: Indeedee|move: Taunt\n|\n|upkeep\n|turn|3\n|inactive|ScrubShadedPurple has 30 seconds left.\n|inactive|Funnierwalrus has 30 seconds left.\n|\n|t:|1683819818\n|switch|p2a: Chien-Pao|Chien-Pao, L50|100\/100\n|-ability|p2a: Chien-Pao|Sword of Ruin\n|move|p2b: Quaquaval|Aqua Step|p1a: Maushold\n|-damage|p1a: Maushold|48\/100\n|-boost|p2b: Quaquaval|spe|1\n|-damage|p2b: Quaquaval|91\/100|[from] item: Life Orb\n|move|p1a: Maushold|Encore|p2b: Quaquaval\n|-start|p2b: Quaquaval|Encore\n|move|p1b: Gyarados|Thunder Wave|p2b: Quaquaval\n|-status|p2b: Quaquaval|par\n|\n|upkeep\n|turn|4\n|inactive|ScrubShadedPurple has 30 seconds left.\n|\n|t:|1683819846\n|switch|p1b: Volcarona|Volcarona, L50, F|100\/100\n|move|p1a: Maushold|Protect|p1a: Maushold\n|-singleturn|p1a: Maushold|Protect\n|move|p2a: Chien-Pao|Icicle Crash|p1b: Volcarona\n|-resisted|p1b: Volcarona\n|-damage|p1b: Volcarona|75\/100\n|move|p2b: Quaquaval|Aqua Step|p1a: Maushold\n|-activate|p1a: Maushold|move: Protect\n|\n|upkeep\n|turn|5\n|inactive|Funnierwalrus has 30 seconds left.\n|inactive|Funnierwalrus has 20 seconds left.\n|inactive|Funnierwalrus has 15 seconds left.\n|inactive|Funnierwalrus has 10 seconds left.\n|\n|t:|1683819891\n|switch|p1a: Gyarados|Gyarados, L50, M|100\/100\n|-ability|p1a: Gyarados|Intimidate|boost\n|-unboost|p2a: Chien-Pao|atk|1\n|-unboost|p2b: Quaquaval|atk|1\n|move|p1b: Volcarona|Protect|p1b: Volcarona\n|-singleturn|p1b: Volcarona|Protect\n|move|p2a: Chien-Pao|Icicle Crash|p1b: Volcarona\n|-activate|p1b: Volcarona|move: Protect\n|cant|p2b: Quaquaval|par\n|\n|-fieldend|move: Psychic Terrain\n|upkeep\n|turn|6\n|\n|t:|1683819912\n|switch|p1b: Maushold|Maushold, L50, tera:Ghost|48\/100\n|switch|p2b: Indeedee|Indeedee-F, L50, F|100\/100\n|-fieldstart|move: Psychic Terrain|[from] ability: Psychic Surge|[of] p2b: Indeedee\n|move|p2a: Chien-Pao|Sucker Punch||[still]\n|-fail|p2a: Chien-Pao\n|move|p1a: Gyarados|Thunder Wave|p2a: Chien-Pao\n|-status|p2a: Chien-Pao|par\n|\n|upkeep\n|turn|7\n|\n|t:|1683819933\n|move|p2a: Chien-Pao|Protect|p2a: Chien-Pao\n|-singleturn|p2a: Chien-Pao|Protect\n|move|p1b: Maushold|Encore|p2a: Chien-Pao\n|-activate|p2a: Chien-Pao|move: Protect\n|move|p1a: Gyarados|Taunt|p2b: Indeedee\n|-start|p2b: Indeedee|move: Taunt\n|cant|p2b: Indeedee|move: Taunt|Trick Room\n|\n|upkeep\n|turn|8\n|\n|t:|1683819949\n|move|p1b: Maushold|Super Fang|p2b: Indeedee\n|-damage|p2b: Indeedee|51\/100\n|-damage|p1b: Maushold|31\/100|[from] item: Rocky Helmet|[of] p2b: Indeedee\n|move|p1a: Gyarados|Waterfall|p2a: Chien-Pao\n|-damage|p2a: Chien-Pao|42\/100 par\n|move|p2a: Chien-Pao|Icicle Crash|p1b: Maushold\n|-damage|p1b: Maushold|0 fnt\n|faint|p1b: Maushold\n|move|p2b: Indeedee|Dazzling Gleam|p1a: Gyarados\n|-damage|p1a: Gyarados|85\/100\n|\n|upkeep\n|\n|t:|1683819960\n|switch|p1b: Volcarona|Volcarona, L50, F|75\/100\n|turn|9\n|\n|t:|1683819972\n|switch|p2b: Quaquaval|Quaquaval, L50, F, tera:Flying|91\/100 par\n|cant|p2a: Chien-Pao|par\n|move|p1b: Volcarona|Quiver Dance|p1b: Volcarona\n|-boost|p1b: Volcarona|spa|1\n|-boost|p1b: Volcarona|spd|1\n|-boost|p1b: Volcarona|spe|1\n|move|p1a: Gyarados|Waterfall|p2a: Chien-Pao\n|-crit|p2a: Chien-Pao\n|-damage|p2a: Chien-Pao|0 fnt\n|faint|p2a: Chien-Pao\n|\n|upkeep\n|\n|t:|1683819977\n|switch|p2a: Indeedee|Indeedee-F, L50, F|51\/100\n|turn|10\n|\n|t:|1683819999\n|move|p1b: Volcarona|Heat Wave|p2a: Indeedee|[spread] p2a\n|-miss|p1b: Volcarona|p2b: Quaquaval\n|-damage|p2a: Indeedee|15\/100\n|move|p1a: Gyarados|Waterfall|p2b: Quaquaval\n|-damage|p2b: Quaquaval|34\/100 par\n|move|p2b: Quaquaval|Brave Bird|p1b: Volcarona\n|-supereffective|p1b: Volcarona\n|-crit|p1b: Volcarona\n|-damage|p1b: Volcarona|0 fnt\n|faint|p1b: Volcarona\n|-ability|p2b: Quaquaval|Moxie|boost\n|-boost|p2b: Quaquaval|atk|1\n|-damage|p2b: Quaquaval|5\/100 par|[from] Recoil\n|-damage|p2b: Quaquaval|0 fnt|[from] item: Life Orb\n|faint|p2b: Quaquaval\n|move|p2a: Indeedee|Trick Room|p2a: Indeedee\n|-fieldstart|move: Trick Room|[of] p2a: Indeedee\n|\n|-fieldend|move: Psychic Terrain\n|upkeep\n|\n|t:|1683820018\n|switch|p2b: Armarouge|Armarouge, L50, M|100\/100\n|switch|p1b: Ting-Lu|Ting-Lu, L50|100\/100\n|-ability|p1b: Ting-Lu|Vessel of Ruin\n|turn|11\n|\n|t:|1683820040\n|move|p2a: Indeedee|Helping Hand|p2b: Armarouge\n|-singleturn|p2b: Armarouge|Helping Hand|[of] p2a: Indeedee\n|move|p1b: Ting-Lu|Earthquake|p2b: Armarouge|[spread] p2a,p2b\n|-immune|p1a: Gyarados\n|-supereffective|p2b: Armarouge\n|-damage|p2a: Indeedee|0 fnt\n|-damage|p2b: Armarouge|40\/100\n|faint|p2a: Indeedee\n|move|p2b: Armarouge|Expanding Force|p1a: Gyarados\n|-damage|p1a: Gyarados|45\/100\n|move|p1a: Gyarados|Thunder Wave|p2b: Armarouge\n|-status|p2b: Armarouge|par\n|\n|upkeep\n|turn|12\n|\n|t:|1683820054\n|move|p2b: Armarouge|Expanding Force|p1a: Gyarados\n|-damage|p1a: Gyarados|18\/100\n|-enditem|p1a: Gyarados|Iapapa Berry|[eat]\n|-heal|p1a: Gyarados|51\/100|[from] item: Iapapa Berry\n|move|p1b: Ting-Lu|Stomping Tantrum|p2b: Armarouge\n|-supereffective|p2b: Armarouge\n|-damage|p2b: Armarouge|0 fnt\n|faint|p2b: Armarouge\n|\n|win|ScrubShadedPurple\n|raw|ScrubShadedPurple's rating: 1127 → 1152<\/strong> (+25 for winning)\n|raw|Funnierwalrus's rating: 1127 → 1102<\/strong> (-25 for losing)\n|l|\u2606Funnierwalrus\n","uploadtime":1683820065,"views":8,"p1id":"scrubshadedpurple","p2id":"funnierwalrus","formatid":"gen9vgc2023regulationc","rating":1102,"private":0,"password":""}