{"id":"gen9vgc2023regulationc-1856480670","p1":"heelflores","p2":"vrumvrumnatal","format":"[Gen 9] VGC 2023 Regulation C","log":"|j|\u2606heelflores\n|j|\u2606vrumvrumnatal\n|t:|1683066214\n|gametype|doubles\n|player|p1|heelflores|roughneck-gen4|1241\n|player|p2|vrumvrumnatal|2|1255\n|teamsize|p1|6\n|teamsize|p2|6\n|gen|9\n|tier|[Gen 9] VGC 2023 Regulation C\n|rated|\n|rule|Species Clause: Limit one of each Pok\u00e9mon\n|rule|Item Clause: Limit one of each item\n|clearpoke\n|poke|p1|Abomasnow, L50, M|\n|poke|p1|Iron Bundle, L50|\n|poke|p1|Great Tusk, L50|\n|poke|p1|Flutter Mane, L50|\n|poke|p1|Arcanine, L50, F|\n|poke|p1|Amoonguss, L50, F|\n|poke|p2|Chien-Pao, L50|\n|poke|p2|Dragonite, L50, M|\n|poke|p2|Kingambit, L50, M|\n|poke|p2|Gyarados, L50, M|\n|poke|p2|Great Tusk, L50|\n|poke|p2|Flutter Mane, L50|\n|teampreview|4\n|inactive|Battle timer is ON: inactive players will automatically lose when time's up. (requested by vrumvrumnatal)\n|\n|t:|1683066255\n|start\n|switch|p1a: Abomasnow|Abomasnow, L50, M|100\/100\n|switch|p1b: Iron Bundle|Iron Bundle, L50|100\/100\n|switch|p2a: Dragonite|Dragonite, L50, M|100\/100\n|switch|p2b: Chien-Pao|Chien-Pao, L50|100\/100\n|-ability|p2b: Chien-Pao|Sword of Ruin\n|-weather|Snow|[from] ability: Snow Warning|[of] p1a: Abomasnow\n|turn|1\n|\n|t:|1683066278\n|move|p2a: Dragonite|Extreme Speed|p1a: Abomasnow\n|-damage|p1a: Abomasnow|69\/100\n|move|p1b: Iron Bundle|Aurora Veil|p1b: Iron Bundle\n|-sidestart|p1: heelflores|move: Aurora Veil\n|move|p2b: Chien-Pao|Sacred Sword|p1a: Abomasnow\n|-supereffective|p1a: Abomasnow\n|-damage|p1a: Abomasnow|31\/100\n|move|p1a: Abomasnow|Blizzard|p2a: Dragonite|[spread] p2a,p2b\n|-supereffective|p2a: Dragonite\n|-resisted|p2b: Chien-Pao\n|-damage|p2a: Dragonite|27\/100\n|-damage|p2b: Chien-Pao|71\/100\n|\n|-weather|Snow|[upkeep]\n|upkeep\n|turn|2\n|\n|t:|1683066297\n|move|p2a: Dragonite|Extreme Speed|p1a: Abomasnow\n|-damage|p1a: Abomasnow|9\/100\n|move|p2b: Chien-Pao|Sucker Punch|p1a: Abomasnow\n|-damage|p1a: Abomasnow|0 fnt\n|faint|p1a: Abomasnow\n|move|p1b: Iron Bundle|Blizzard|p2b: Chien-Pao|[spread] p2a,p2b\n|-supereffective|p2a: Dragonite\n|-resisted|p2b: Chien-Pao\n|-damage|p2a: Dragonite|0 fnt\n|-damage|p2b: Chien-Pao|41\/100\n|faint|p2a: Dragonite\n|\n|-weather|Snow|[upkeep]\n|upkeep\n|inactive|vrumvrumnatal has 30 seconds left.\n|\n|t:|1683066328\n|switch|p2a: Gyarados|Gyarados, L50, M, shiny|100\/100\n|switch|p1a: Falcon Punch|Arcanine, L50, F|100\/100\n|-ability|p1a: Falcon Punch|Intimidate|boost\n|-unboost|p2a: Gyarados|atk|1\n|-unboost|p2b: Chien-Pao|atk|1\n|-ability|p2a: Gyarados|Intimidate|boost\n|-unboost|p1a: Falcon Punch|atk|1\n|-unboost|p1b: Iron Bundle|atk|1\n|turn|3\n|\n|t:|1683066349\n|move|p1a: Falcon Punch|Extreme Speed|p2b: Chien-Pao\n|-damage|p2b: Chien-Pao|25\/100\n|move|p2b: Chien-Pao|Sucker Punch|p1b: Iron Bundle\n|-damage|p1b: Iron Bundle|84\/100\n|move|p1b: Iron Bundle|Blizzard|p2b: Chien-Pao|[spread] p2a,p2b\n|-resisted|p2b: Chien-Pao\n|-damage|p2a: Gyarados|75\/100\n|-damage|p2b: Chien-Pao|0 fnt\n|faint|p2b: Chien-Pao\n|move|p2a: Gyarados|Thunder Wave|p1b: Iron Bundle\n|-status|p1b: Iron Bundle|par\n|\n|-weather|Snow|[upkeep]\n|-heal|p2a: Gyarados|81\/100|[from] item: Leftovers\n|upkeep\n|\n|t:|1683066362\n|switch|p2b: Flutter Mane|Flutter Mane, L50|100\/100\n|-enditem|p2b: Flutter Mane|Booster Energy\n|-activate|p2b: Flutter Mane|ability: Protosynthesis|[fromitem]\n|-start|p2b: Flutter Mane|protosynthesisspa\n|turn|4\n|\n|t:|1683066387\n|-terastallize|p2a: Gyarados|Fairy\n|move|p2b: Flutter Mane|Moonblast|p1b: Iron Bundle\n|-damage|p1b: Iron Bundle|10\/100 par\n|move|p1a: Falcon Punch|Flare Blitz|p2b: Flutter Mane\n|-damage|p2b: Flutter Mane|41\/100\n|-damage|p1a: Falcon Punch|84\/100|[from] Recoil\n|move|p2a: Gyarados|Waterfall|p1b: Iron Bundle\n|-resisted|p1b: Iron Bundle\n|-damage|p1b: Iron Bundle|5\/100 par\n|move|p1b: Iron Bundle|Blizzard|p2a: Gyarados|[spread] p2a,p2b\n|-damage|p2a: Gyarados|52\/100\n|-damage|p2b: Flutter Mane|6\/100\n|\n|-weather|Snow|[upkeep]\n|-heal|p2a: Gyarados|58\/100|[from] item: Leftovers\n|upkeep\n|turn|5\n|inactive|heelflores has 30 seconds left.\n|inactive|vrumvrumnatal has 30 seconds left.\n|inactive|heelflores has 20 seconds left.\n|inactive|heelflores has 15 seconds left.\n|inactive|vrumvrumnatal has 20 seconds left.\n|inactive|heelflores has 10 seconds left.\n|\n|t:|1683066436\n|move|p2b: Flutter Mane|Dazzling Gleam|p1b: Iron Bundle|[spread] p1a,p1b\n|-resisted|p1a: Falcon Punch\n|-damage|p1a: Falcon Punch|70\/100\n|-damage|p1b: Iron Bundle|0 fnt\n|faint|p1b: Iron Bundle\n|-end|p1b: Iron Bundle|Quark Drive|[silent]\n|move|p1a: Falcon Punch|Flare Blitz|p2a: Gyarados\n|-damage|p2a: Gyarados|27\/100\n|-damage|p1a: Falcon Punch|59\/100|[from] Recoil\n|move|p2a: Gyarados|Waterfall|p1a: Falcon Punch\n|-supereffective|p1a: Falcon Punch\n|-crit|p1a: Falcon Punch\n|-damage|p1a: Falcon Punch|0 fnt\n|faint|p1a: Falcon Punch\n|\n|-weather|none\n|-heal|p2a: Gyarados|33\/100|[from] item: Leftovers\n|-sideend|p1: heelflores|move: Aurora Veil\n|upkeep\n|\n|t:|1683066447\n|switch|p1b: Flutter Mane|Flutter Mane, L50|100\/100\n|turn|6\n|\n|t:|1683066456\n|-terastallize|p1b: Flutter Mane|Fairy\n|move|p2b: Flutter Mane|Protect|p2b: Flutter Mane\n|-singleturn|p2b: Flutter Mane|Protect\n|move|p1b: Flutter Mane|Dazzling Gleam|p2a: Gyarados|[spread] p2a\n|-activate|p2b: Flutter Mane|move: Protect\n|-damage|p2a: Gyarados|0 fnt\n|faint|p2a: Gyarados\n|\n|upkeep\n|turn|7\n|\n|t:|1683066466\n|move|p1b: Flutter Mane|Dazzling Gleam|p2b: Flutter Mane\n|-damage|p2b: Flutter Mane|0 fnt\n|faint|p2b: Flutter Mane\n|-end|p2b: Flutter Mane|Protosynthesis|[silent]\n|\n|win|heelflores\n|raw|heelflores's rating: 1241 → 1267<\/strong> (+26 for winning)\n|raw|vrumvrumnatal's rating: 1255 → 1229<\/strong> (-26 for losing)\n","uploadtime":1683066471,"views":12,"p1id":"heelflores","p2id":"vrumvrumnatal","formatid":"gen9vgc2023regulationc","rating":1229,"private":0,"password":""}