{"id":"gen9vgc2023regulationc-1859203778","p1":"Mizore Te","p2":"AprilSummer1","format":"[Gen 9] VGC 2023 Regulation C","log":"|j|\u2606Mizore Te\n|j|\u2606AprilSummer1\n|t:|1683417510\n|gametype|doubles\n|player|p1|Mizore Te|penny|1318\n|player|p2|AprilSummer1|170|1451\n|teamsize|p1|6\n|teamsize|p2|6\n|gen|9\n|tier|[Gen 9] VGC 2023 Regulation C\n|rated|\n|rule|Species Clause: Limit one of each Pok\u00e9mon\n|rule|Item Clause: Limit one of each item\n|clearpoke\n|poke|p1|Amoonguss, L50, M|\n|poke|p1|Flutter Mane, L50|\n|poke|p1|Baxcalibur, L50, F|\n|poke|p1|Ting-Lu, L50|\n|poke|p1|Gyarados, L50, F|\n|poke|p1|Corviknight, L50, F|\n|poke|p2|Leafeon, L50, F|\n|poke|p2|Torkoal, L50, F|\n|poke|p2|Dragonite, L50, M|\n|poke|p2|Flutter Mane, L50|\n|poke|p2|Chi-Yu, L50|\n|poke|p2|Ting-Lu, L50|\n|teampreview|4\n|\n|t:|1683417542\n|start\n|switch|p1a: Ting-Lu|Ting-Lu, L50|100\/100\n|switch|p1b: Gyarados|Gyarados, L50, F|100\/100\n|switch|p2a: Chi-Yu|Chi-Yu, L50|100\/100\n|switch|p2b: Flutter Mane|Flutter Mane, L50|100\/100\n|-ability|p2a: Chi-Yu|Beads of Ruin\n|-ability|p1b: Gyarados|Intimidate|boost\n|-unboost|p2a: Chi-Yu|atk|1\n|-unboost|p2b: Flutter Mane|atk|1\n|-ability|p1a: Ting-Lu|Vessel of Ruin\n|turn|1\n|\n|t:|1683417558\n|-terastallize|p2b: Flutter Mane|Fairy\n|-terastallize|p1a: Ting-Lu|Poison\n|move|p2b: Flutter Mane|Moonblast|p1a: Ting-Lu\n|-resisted|p1a: Ting-Lu\n|-damage|p1a: Ting-Lu|75\/100\n|-unboost|p1a: Ting-Lu|spa|1\n|move|p2a: Chi-Yu|Overheat|p1a: Ting-Lu\n|-damage|p1a: Ting-Lu|45\/100\n|-unboost|p2a: Chi-Yu|spa|2\n|move|p1b: Gyarados|Thunder Wave|p2a: Chi-Yu\n|-status|p2a: Chi-Yu|par\n|move|p1a: Ting-Lu|Heavy Slam|p2b: Flutter Mane\n|-supereffective|p2b: Flutter Mane\n|-damage|p2b: Flutter Mane|0 fnt\n|faint|p2b: Flutter Mane\n|-end|p2b: Flutter Mane|Protosynthesis|[silent]\n|\n|upkeep\n|\n|t:|1683417576\n|switch|p2b: Ting-Lu|Ting-Lu, L50|100\/100\n|-ability|p2b: Ting-Lu|Vessel of Ruin\n|turn|2\n|\n|t:|1683417593\n|switch|p2a: Dragonite|Dragonite, L50, M|100\/100\n|move|p1b: Gyarados|Waterfall|p2b: Ting-Lu\n|-supereffective|p2b: Ting-Lu\n|-damage|p2b: Ting-Lu|59\/100\n|move|p2b: Ting-Lu|Earthquake|p1a: Ting-Lu|[spread] p1a\n|-immune|p2a: Dragonite\n|-immune|p1b: Gyarados\n|-supereffective|p1a: Ting-Lu\n|-damage|p1a: Ting-Lu|3\/100\n|move|p1a: Ting-Lu|Earthquake|p2b: Ting-Lu|[spread] p2b\n|-immune|p1b: Gyarados\n|-immune|p2a: Dragonite\n|-crit|p2b: Ting-Lu\n|-damage|p2b: Ting-Lu|22\/100\n|\n|upkeep\n|turn|3\n|\n|t:|1683417622\n|switch|p1b: Corviknight|Corviknight, L50, F|100\/100\n|switch|p2b: Chi-Yu|Chi-Yu, L50|100\/100 par\n|-ability|p2b: Chi-Yu|Beads of Ruin\n|move|p2a: Dragonite|Extreme Speed|p1a: Ting-Lu\n|-damage|p1a: Ting-Lu|0 fnt\n|faint|p1a: Ting-Lu\n|\n|upkeep\n|\n|t:|1683417635\n|switch|p1a: Gyarados|Gyarados, L50, F|100\/100\n|-ability|p1a: Gyarados|Intimidate|boost\n|-fail|p2a: Dragonite|unboost|Attack|[from] ability: Inner Focus|[of] p2a: Dragonite\n|-unboost|p2b: Chi-Yu|atk|1\n|turn|4\n|\n|t:|1683417646\n|move|p2a: Dragonite|Extreme Speed|p1a: Gyarados\n|-damage|p1a: Gyarados|57\/100\n|move|p1a: Gyarados|Waterfall|p2b: Chi-Yu\n|-supereffective|p2b: Chi-Yu\n|-enditem|p2b: Chi-Yu|Focus Sash\n|-damage|p2b: Chi-Yu|1\/100 par\n|move|p1b: Corviknight|Brave Bird|p2b: Chi-Yu\n|-damage|p2b: Chi-Yu|0 fnt\n|faint|p2b: Chi-Yu\n|-damage|p1b: Corviknight|99\/100|[from] Recoil\n|\n|-heal|p1b: Corviknight|100\/100|[from] item: Leftovers\n|upkeep\n|\n|t:|1683417659\n|switch|p2b: Ting-Lu|Ting-Lu, L50|22\/100\n|-ability|p2b: Ting-Lu|Vessel of Ruin\n|turn|5\n|\n|t:|1683417671\n|move|p2a: Dragonite|Extreme Speed|p1a: Gyarados\n|-damage|p1a: Gyarados|9\/100\n|-enditem|p1a: Gyarados|Sitrus Berry|[eat]\n|-heal|p1a: Gyarados|34\/100|[from] item: Sitrus Berry\n|move|p1a: Gyarados|Waterfall|p2b: Ting-Lu\n|-supereffective|p2b: Ting-Lu\n|-damage|p2b: Ting-Lu|0 fnt\n|faint|p2b: Ting-Lu\n|move|p1b: Corviknight|Brave Bird|p2a: Dragonite\n|-damage|p2a: Dragonite|49\/100\n|-damage|p1b: Corviknight|84\/100|[from] Recoil\n|\n|-heal|p1b: Corviknight|90\/100|[from] item: Leftovers\n|upkeep\n|turn|6\n|-message|AprilSummer1 forfeited.\n|\n|win|Mizore Te\n|raw|Mizore Te's rating: 1318 → 1345<\/strong> (+27 for winning)\n|raw|AprilSummer1's rating: 1451 → 1424<\/strong> (-27 for losing)\n|l|\u2606AprilSummer1\n","uploadtime":1683417687,"views":8,"p1id":"mizorete","p2id":"aprilsummer1","formatid":"gen9vgc2023regulationc","rating":1345,"private":0,"password":""}