{"id":"gen9vgc2023regulationc-1845940757","p1":"matthewssandslash","p2":"Applejacks15","format":"[Gen 9] VGC 2023 Regulation C","log":"|j|\u2606matthewssandslash\n|j|\u2606Applejacks15\n|t:|1681781777\n|gametype|doubles\n|player|p1|matthewssandslash|169|\n|player|p2|Applejacks15|supernerd|\n|teamsize|p1|6\n|teamsize|p2|6\n|gen|9\n|tier|[Gen 9] VGC 2023 Regulation C\n|rule|Species Clause: Limit one of each Pok\u00e9mon\n|rule|Item Clause: Limit one of each item\n|clearpoke\n|poke|p1|Impidimp, L50, M|\n|poke|p1|Revavroom, L50, M|\n|poke|p1|Flamigo, L50, M|\n|poke|p1|Lycanroc-Dusk, L50, F|\n|poke|p1|Masquerain, L50, F|\n|poke|p1|Misdreavus, L50, F|\n|poke|p2|Tinkaton, L50, F|\n|poke|p2|Slowking, L50, M|\n|poke|p2|Honchkrow, L50, M|\n|poke|p2|Zangoose, L50, M|\n|poke|p2|Beartic, L50, F|\n|poke|p2|Bellibolt, L50, M|\n|teampreview|4\n|c|\u2606Applejacks15|g2\n|j| Dikhovinka\n|c|\u2606matthewssandslash|glhf!\n|c|\u2606Applejacks15|glhf x2!!\n|\n|t:|1681782422\n|start\n|switch|p1a: Apple|Masquerain, L50, F|100\/100\n|switch|p1b: Versus Matt|Misdreavus, L50, F|100\/100\n|switch|p2a: Sledge Queen|Tinkaton, L50, F|100\/100\n|switch|p2b: HOENN 2 THE TOP|Zangoose, L50, M, shiny|100\/100\n|-ability|p1a: Apple|Intimidate|boost\n|-fail|p2a: Sledge Queen|unboost|Attack|[from] ability: Own Tempo|[of] p2a: Sledge Queen\n|-unboost|p2b: HOENN 2 THE TOP|atk|1\n|turn|1\n|\n|t:|1681782477\n|move|p1a: Apple|Protect|p1a: Apple\n|-singleturn|p1a: Apple|Protect\n|move|p2a: Sledge Queen|Knock Off|p1b: Versus Matt\n|-supereffective|p1b: Versus Matt\n|-damage|p1b: Versus Matt|54\/100\n|-enditem|p1b: Versus Matt|Eviolite|[from] move: Knock Off|[of] p2a: Sledge Queen\n|move|p2b: HOENN 2 THE TOP|Shadow Claw|p1b: Versus Matt\n|-supereffective|p1b: Versus Matt\n|-crit|p1b: Versus Matt\n|-damage|p1b: Versus Matt|0 fnt\n|faint|p1b: Versus Matt\n|\n|-status|p2b: HOENN 2 THE TOP|tox|[from] item: Toxic Orb\n|upkeep\n|\n|t:|1681782487\n|switch|p1b: Tale as old|Impidimp, L50, M|100\/100\n|turn|2\n|c|\u2606matthewssandslash|nice read\n|c|\u2606Applejacks15|ty!\n|\n|t:|1681782530\n|-terastallize|p1a: Apple|Ground\n|move|p2b: HOENN 2 THE TOP|Protect|p2b: HOENN 2 THE TOP\n|-singleturn|p2b: HOENN 2 THE TOP|Protect\n|move|p1b: Tale as old|Fake Out|p2b: HOENN 2 THE TOP\n|-activate|p2b: HOENN 2 THE TOP|move: Protect\n|move|p2a: Sledge Queen|Thunder Wave|p1a: Apple\n|-immune|p1a: Apple\n|move|p1a: Apple|Quiver Dance|p1a: Apple\n|-boost|p1a: Apple|spa|1\n|-boost|p1a: Apple|spd|1\n|-boost|p1a: Apple|spe|1\n|-enditem|p2a: Sledge Queen|Mirror Herb\n|-boost|p2a: Sledge Queen|spa|1|[from] item: Mirror Herb\n|-boost|p2a: Sledge Queen|spd|1|[from] item: Mirror Herb\n|-boost|p2a: Sledge Queen|spe|1|[from] item: Mirror Herb\n|\n|-damage|p2b: HOENN 2 THE TOP|94\/100 tox|[from] psn\n|upkeep\n|turn|3\n|c|\u2606Applejacks15|u2 haha\n|\n|t:|1681782601\n|-terastallize|p2a: Sledge Queen|Steel\n|move|p2b: HOENN 2 THE TOP|Feint|p1a: Apple\n|-damage|p1a: Apple|72\/100\n|move|p1b: Tale as old|Parting Shot|p2a: Sledge Queen\n|-unboost|p2a: Sledge Queen|atk|1\n|-unboost|p2a: Sledge Queen|spa|1\n|\n|t:|1681782607\n|switch|p1b: As rhyme|Lycanroc-Dusk, L50, F|100\/100|[from] Parting Shot\n|move|p2a: Sledge Queen|Gigaton Hammer|p1a: Apple\n|-damage|p1a: Apple|0 fnt\n|faint|p1a: Apple\n|\n|-damage|p2b: HOENN 2 THE TOP|82\/100 tox|[from] psn\n|upkeep\n|c|\u2606matthewssandslash|well poo\n|c|\u2606matthewssandslash|gg\n|\n|t:|1681782617\n|switch|p1a: Tale as old|Impidimp, L50, M|100\/100\n|turn|4\n|\n|t:|1681782632\n|move|p1a: Tale as old|Fake Out|p2a: Sledge Queen\n|-resisted|p2a: Sledge Queen\n|-damage|p2a: Sledge Queen|97\/100\n|cant|p2a: Sledge Queen|flinch\n|move|p1b: As rhyme|Drill Run|p2a: Sledge Queen\n|-supereffective|p2a: Sledge Queen\n|-damage|p2a: Sledge Queen|0 fnt\n|faint|p2a: Sledge Queen\n|-damage|p1b: As rhyme|91\/100|[from] item: Life Orb\n|move|p2b: HOENN 2 THE TOP|Facade|p1a: Tale as old\n|-enditem|p1a: Tale as old|Focus Sash\n|-damage|p1a: Tale as old|1\/100\n|\n|-damage|p2b: HOENN 2 THE TOP|64\/100 tox|[from] psn\n|upkeep\n|\n|t:|1681782647\n|switch|p2a: Sluggish Chungus|Slowking, L50, M|100\/100\n|turn|5\n|c|\u2606matthewssandslash|well\n|c|\u2606matthewssandslash|time for the #BestStratEVER\n|\n|t:|1681782711\n|move|p2b: HOENN 2 THE TOP|Feint|p1a: Tale as old\n|-damage|p1a: Tale as old|0 fnt\n|faint|p1a: Tale as old\n|move|p1b: As rhyme|Rock Slide|p2a: Sluggish Chungus|[spread] p2a,p2b\n|-damage|p2a: Sluggish Chungus|72\/100\n|-damage|p2b: HOENN 2 THE TOP|9\/100 tox\n|-damage|p1b: As rhyme|82\/100|[from] item: Life Orb\n|move|p2a: Sluggish Chungus|Trick Room|p2a: Sluggish Chungus\n|-fieldstart|move: Trick Room|[of] p2a: Sluggish Chungus\n|\n|-damage|p2b: HOENN 2 THE TOP|0 fnt|[from] psn\n|faint|p2b: HOENN 2 THE TOP\n|upkeep\n|c|\u2606Applejacks15|hahahaha\n|\n|t:|1681782721\n|switch|p2b: Mighty Morphin'|Bellibolt, L50, M|100\/100\n|turn|6\n|c|\u2606matthewssandslash|27% of the time.....\n|c|\u2606matthewssandslash|well\n|c|\u2606matthewssandslash|okay\n|c|\u2606matthewssandslash|so\n|c|\u2606matthewssandslash|here goes\n|\n|t:|1681782739\n|move|p1b: As rhyme|Protect|p1b: As rhyme\n|-singleturn|p1b: As rhyme|Protect\n|move|p2a: Sluggish Chungus|Ice Beam|p1b: As rhyme\n|-activate|p1b: As rhyme|move: Protect\n|move|p2b: Mighty Morphin'|Thunderbolt|p1b: As rhyme\n|-activate|p1b: As rhyme|move: Protect\n|\n|upkeep\n|turn|7\n|c|\u2606matthewssandslash|what are the odds of a quadruple protect?\n|\n|t:|1681782748\n|move|p1b: As rhyme|Protect||[still]\n|-fail|p1b: As rhyme\n|move|p2a: Sluggish Chungus|Ice Beam|p1b: As rhyme\n|-damage|p1b: As rhyme|47\/100\n|move|p2b: Mighty Morphin'|Thunderbolt|p1b: As rhyme\n|-damage|p1b: As rhyme|0 fnt\n|faint|p1b: As rhyme\n|\n|win|Applejacks15\n|c|\u2606matthewssandslash|not high enough\n|c|\u2606matthewssandslash|ggs!!\n|c|\u2606Applejacks15|ggs!!\n|c| Dikhovinka|wow\n","uploadtime":1681782758,"views":19,"p1id":"matthewssandslash","p2id":"applejacks15","formatid":"gen9vgc2023regulationc","rating":0,"private":0,"password":""}