{"id":"gen9vgc2023regulationc-1858182393","p1":"Arcacagne","p2":"alanfournumbers","format":"[Gen 9] VGC 2023 Regulation C","log":"|j|\u2606Arcacagne\n|j|\u2606alanfournumbers\n|t:|1683288169\n|gametype|doubles\n|player|p1|Arcacagne|1|1213\n|player|p2|alanfournumbers|266|1215\n|teamsize|p1|6\n|teamsize|p2|6\n|gen|9\n|tier|[Gen 9] VGC 2023 Regulation C\n|rated|\n|rule|Species Clause: Limit one of each Pok\u00e9mon\n|rule|Item Clause: Limit one of each item\n|clearpoke\n|poke|p1|Chi-Yu, L50|\n|poke|p1|Flutter Mane, L50|\n|poke|p1|Amoonguss, L50, F|\n|poke|p1|Palafin, L50, M|\n|poke|p1|Kingambit, L50, F|\n|poke|p1|Arcanine, L50, M|\n|poke|p2|Magnezone, L50|\n|poke|p2|Dragonite, L50, M|\n|poke|p2|Amoonguss, L50, F|\n|poke|p2|Sableye, L50, M|\n|poke|p2|Great Tusk, L50|\n|poke|p2|Flutter Mane, L50|\n|teampreview|4\nArcacagne has agreed to open team sheets.\n|inactive|Battle timer is ON: inactive players will automatically lose when time's up. (requested by alanfournumbers)\nalanfournumbers has agreed to open team sheets.\n|inactive|Arcacagne has 60 seconds left.\n|inactive|Arcacagne has 30 seconds left.\n|\n|t:|1683288260\n|start\n|switch|p1a: Chi-Yu|Chi-Yu, L50|100\/100\n|switch|p1b: Flutter Mane|Flutter Mane, L50|100\/100\n|switch|p2a: Magnezone|Magnezone, L50|100\/100\n|switch|p2b: Sableye|Sableye, L50, M|100\/100\n|-ability|p1a: Chi-Yu|Beads of Ruin\n|-enditem|p1b: Flutter Mane|Booster Energy\n|-activate|p1b: Flutter Mane|ability: Protosynthesis|[fromitem]\n|-start|p1b: Flutter Mane|protosynthesisspa\n|turn|1\n|\n|t:|1683288284\n|move|p2b: Sableye|Light Screen|p2b: Sableye\n|-sidestart|p2: alanfournumbers|move: Light Screen\n|move|p1b: Flutter Mane|Substitute|p1b: Flutter Mane\n|-start|p1b: Flutter Mane|Substitute\n|-damage|p1b: Flutter Mane|76\/100\n|move|p1a: Chi-Yu|Nasty Plot|p1a: Chi-Yu\n|-boost|p1a: Chi-Yu|spa|2\n|move|p2a: Magnezone|Flash Cannon|p1b: Flutter Mane\n|-supereffective|p1b: Flutter Mane\n|-end|p1b: Flutter Mane|Substitute\n|\n|upkeep\n|turn|2\n|\n|t:|1683288301\n|-terastallize|p2a: Magnezone|Water\n|move|p1b: Flutter Mane|Protect|p1b: Flutter Mane\n|-singleturn|p1b: Flutter Mane|Protect\n|move|p1a: Chi-Yu|Heat Wave|p2a: Magnezone|[spread] p2a,p2b\n|-resisted|p2a: Magnezone\n|-damage|p2a: Magnezone|79\/100\n|-damage|p2b: Sableye|34\/100\n|-status|p2b: Sableye|brn\n|move|p2a: Magnezone|Tera Blast|p1a: Chi-Yu\n|-supereffective|p1a: Chi-Yu\n|-damage|p1a: Chi-Yu|18\/100\n|move|p2b: Sableye|Knock Off|p1b: Flutter Mane\n|-activate|p1b: Flutter Mane|move: Protect\n|\n|-damage|p2b: Sableye|29\/100 brn|[from] brn\n|upkeep\n|turn|3\n|\n|t:|1683288324\n|move|p1b: Flutter Mane|Substitute|p1b: Flutter Mane\n|-start|p1b: Flutter Mane|Substitute\n|-damage|p1b: Flutter Mane|51\/100\n|move|p1a: Chi-Yu|Dark Pulse|p2a: Magnezone\n|-damage|p2a: Magnezone|35\/100\n|move|p2a: Magnezone|Electroweb|p1a: Chi-Yu|[spread] p1a,p1b\n|-end|p1b: Flutter Mane|Substitute\n|-damage|p1a: Chi-Yu|0 fnt\n|faint|p1a: Chi-Yu\n|move|p2b: Sableye|Knock Off|p1b: Flutter Mane\n|-damage|p1b: Flutter Mane|38\/100\n|\n|-damage|p2b: Sableye|23\/100 brn|[from] brn\n|upkeep\n|-enditem|p2b: Sableye|Aguav Berry|[eat]\n|-heal|p2b: Sableye|56\/100 brn|[from] item: Aguav Berry\n|\n|t:|1683288341\n|switch|p1a: Arcanine|Arcanine, L50, M|100\/100\n|-ability|p1a: Arcanine|Intimidate|boost\n|-unboost|p2a: Magnezone|atk|1\n|-unboost|p2b: Sableye|atk|1\n|turn|4\n|\n|t:|1683288362\n|-terastallize|p1b: Flutter Mane|Fairy\n|move|p2b: Sableye|Taunt|p1b: Flutter Mane\n|-start|p1b: Flutter Mane|move: Taunt\n|move|p1b: Flutter Mane|Moonblast|p2a: Magnezone\n|-damage|p2a: Magnezone|0 fnt\n|faint|p2a: Magnezone\n|move|p1a: Arcanine|Flare Blitz|p2b: Sableye\n|-damage|p2b: Sableye|0 fnt\n|faint|p2b: Sableye\n|-damage|p1a: Arcanine|86\/100|[from] Recoil\n|\n|upkeep\n|\n|t:|1683288376\n|switch|p2a: Amoonguss|Amoonguss, L50, F|100\/100\n|switch|p2b: Dragonite|Dragonite, L50, M|100\/100\n|turn|5\n|\n|t:|1683288392\n|-end|p1b: Flutter Mane|Protosynthesis|[silent]\n|switch|p1b: Amoonguss|Amoonguss, L50, F|100\/100\n|move|p2a: Amoonguss|Rage Powder|p2a: Amoonguss\n|-singleturn|p2a: Amoonguss|move: Rage Powder\n|move|p1a: Arcanine|Will-O-Wisp|p2a: Amoonguss\n|-status|p2a: Amoonguss|brn\n|move|p2b: Dragonite|Dragon Dance|p2b: Dragonite\n|-boost|p2b: Dragonite|atk|1\n|-boost|p2b: Dragonite|spe|1\n|\n|-damage|p2a: Amoonguss|95\/100 brn|[from] brn\n|-sideend|p2: alanfournumbers|move: Light Screen\n|upkeep\n|turn|6\n|\n|t:|1683288412\n|move|p2b: Dragonite|Dragon Claw|p1b: Amoonguss\n|-damage|p1b: Amoonguss|39\/100\n|-enditem|p1b: Amoonguss|Sitrus Berry|[eat]\n|-heal|p1b: Amoonguss|64\/100|[from] item: Sitrus Berry\n|move|p1a: Arcanine|Flare Blitz|p2a: Amoonguss\n|-supereffective|p2a: Amoonguss\n|-damage|p2a: Amoonguss|31\/100 brn\n|-status|p1a: Arcanine|par|[from] ability: Effect Spore|[of] p2a: Amoonguss\n|-damage|p1a: Arcanine|62\/100 par|[from] Recoil\n|move|p1b: Amoonguss|Spore|p2b: Dragonite\n|-status|p2b: Dragonite|slp|[from] move: Spore\n|move|p2a: Amoonguss|Spore||[still]\n|-fail|p2a: Amoonguss\n|\n|-heal|p2a: Amoonguss|37\/100 brn|[from] item: Leftovers\n|-damage|p2a: Amoonguss|31\/100 brn|[from] brn\n|upkeep\n|turn|7\n|\n|t:|1683288436\n|switch|p1b: Flutter Mane|Flutter Mane, L50, tera:Fairy|38\/100\n|cant|p2b: Dragonite|slp\n|cant|p1a: Arcanine|par\n|move|p2a: Amoonguss|Pollen Puff|p2b: Dragonite\n|-immune|p2b: Dragonite\n|\n|-heal|p2a: Amoonguss|37\/100 brn|[from] item: Leftovers\n|-damage|p2a: Amoonguss|31\/100 brn|[from] brn\n|upkeep\n|turn|8\n|inactive|alanfournumbers has 30 seconds left.\n|\n|t:|1683288463\n|move|p1b: Flutter Mane|Substitute|p1b: Flutter Mane\n|-start|p1b: Flutter Mane|Substitute\n|-damage|p1b: Flutter Mane|14\/100\n|cant|p2b: Dragonite|slp\n|move|p1a: Arcanine|Flare Blitz|p2a: Amoonguss\n|-supereffective|p2a: Amoonguss\n|-damage|p2a: Amoonguss|0 fnt\n|faint|p2a: Amoonguss\n|-damage|p1a: Arcanine|51\/100 par|[from] Recoil\n|\n|upkeep\n|turn|9\n|\n|t:|1683288477\n|switch|p1a: Amoonguss|Amoonguss, L50, F|97\/100\n|move|p1b: Flutter Mane|Moonblast|p2b: Dragonite\n|-supereffective|p2b: Dragonite\n|-damage|p2b: Dragonite|43\/100 slp\n|-enditem|p2b: Dragonite|Weakness Policy\n|-boost|p2b: Dragonite|atk|2|[from] item: Weakness Policy\n|-boost|p2b: Dragonite|spa|2|[from] item: Weakness Policy\n|-curestatus|p2b: Dragonite|slp|[msg]\n|move|p2b: Dragonite|Iron Head|p1b: Flutter Mane\n|-supereffective|p1b: Flutter Mane\n|-end|p1b: Flutter Mane|Substitute\n|\n|upkeep\n|turn|10\n|\n|t:|1683288493\n|move|p1a: Amoonguss|Rage Powder|p1a: Amoonguss\n|-singleturn|p1a: Amoonguss|move: Rage Powder\n|move|p1b: Flutter Mane|Moonblast|p2b: Dragonite\n|-supereffective|p2b: Dragonite\n|-damage|p2b: Dragonite|0 fnt\n|faint|p2b: Dragonite\n|\n|win|Arcacagne\n|raw|Arcacagne's rating: 1213 → 1238<\/strong> (+25 for winning)\n|raw|alanfournumbers's rating: 1215 → 1190<\/strong> (-25 for losing)\n|c|\u2606alanfournumbers|Ggs\n|c|\u2606Arcacagne|gg\n|l|\u2606alanfournumbers\n","uploadtime":1683288505,"views":8,"p1id":"arcacagne","p2id":"alanfournumbers","formatid":"gen9vgc2023regulationc","rating":1190,"private":0,"password":""}