{"id":"gen9vgc2023regulationc-1860629078","p1":"bpinela","p2":"sgarli74","format":"[Gen 9] VGC 2023 Regulation C","log":"|j|\u2606bpinela\n|j|\u2606sgarli74\n|t:|1683660549\n|gametype|doubles\n|player|p1|bpinela|kimonogirl|\n|player|p2|sgarli74|265|\n|teamsize|p1|6\n|teamsize|p2|6\n|gen|9\n|tier|[Gen 9] VGC 2023 Regulation C\n|rule|Species Clause: Limit one of each Pok\u00e9mon\n|rule|Item Clause: Limit one of each item\n|clearpoke\n|poke|p1|Ting-Lu, L50|\n|poke|p1|Annihilape, L50, M|\n|poke|p1|Corviknight, L50, F|\n|poke|p1|Iron Moth, L50|\n|poke|p1|Grimmsnarl, L50, M|\n|poke|p1|Gholdengo, L50|\n|poke|p2|Talonflame, L50, M|\n|poke|p2|Chi-Yu, L50|\n|poke|p2|Flutter Mane, L50|\n|poke|p2|Rotom-Wash, L50|\n|poke|p2|Baxcalibur, L50, M|\n|poke|p2|Iron Bundle, L50|\n|teampreview|4\nbpinela has agreed to open team sheets.\nsgarli74 has agreed to open team sheets.\n|\n|t:|1683661083\n|start\n|switch|p1a: grindelwald|Grimmsnarl, L50, M|100\/100\n|switch|p1b: goldenSurfer|Gholdengo, L50|100\/100\n|switch|p2a: Rotom|Rotom-Wash, L50|100\/100\n|switch|p2b: Iron Bundle|Iron Bundle, L50|100\/100\n|-enditem|p2b: Iron Bundle|Booster Energy\n|-activate|p2b: Iron Bundle|ability: Quark Drive|[fromitem]\n|-start|p2b: Iron Bundle|quarkdrivespe\n|turn|1\n|\n|t:|1683661121\n|move|p2b: Iron Bundle|Protect|p2b: Iron Bundle\n|-singleturn|p2b: Iron Bundle|Protect\n|move|p1a: grindelwald|Light Screen|p1a: grindelwald\n|-sidestart|p1: bpinela|move: Light Screen\n|move|p2a: Rotom|Nasty Plot|p2a: Rotom\n|-boost|p2a: Rotom|spa|2\n|move|p1b: goldenSurfer|Nasty Plot|p1b: goldenSurfer\n|-boost|p1b: goldenSurfer|spa|2\n|\n|upkeep\n|turn|2\n|\n|t:|1683661161\n|move|p2b: Iron Bundle|Helping Hand|p2a: Rotom\n|-singleturn|p2a: Rotom|Helping Hand|[of] p2b: Iron Bundle\n|move|p1b: goldenSurfer|Protect|p1b: goldenSurfer\n|-singleturn|p1b: goldenSurfer|Protect\n|move|p2a: Rotom|Thunderbolt|p1b: goldenSurfer\n|-activate|p1b: goldenSurfer|move: Protect\n|move|p1a: grindelwald|Spirit Break|p2a: Rotom\n|-damage|p2a: Rotom|72\/100\n|-unboost|p2a: Rotom|spa|1\n|\n|upkeep\n|turn|3\n|c|\u2606sgarli74|thx for robbing me the first game\n|\n|t:|1683661193\n|move|p2b: Iron Bundle|Protect|p2b: Iron Bundle\n|-singleturn|p2b: Iron Bundle|Protect\n|move|p2a: Rotom|Thunderbolt|p1b: goldenSurfer\n|-damage|p1b: goldenSurfer|61\/100\n|move|p1b: goldenSurfer|Shadow Ball|p2a: Rotom\n|-damage|p2a: Rotom|0 fnt\n|faint|p2a: Rotom\n|move|p1a: grindelwald|Spirit Break|p2b: Iron Bundle\n|-activate|p2b: Iron Bundle|move: Protect\n|\n|-heal|p1b: goldenSurfer|68\/100|[from] item: Leftovers\n|upkeep\n|c|\u2606sgarli74|and my tio cut\n|\n|t:|1683661202\n|switch|p2a: Chi-Yu|Chi-Yu, L50|100\/100\n|-ability|p2a: Chi-Yu|Beads of Ruin\n|turn|4\n|\n|t:|1683661224\n|move|p1b: goldenSurfer|Protect|p1b: goldenSurfer\n|-singleturn|p1b: goldenSurfer|Protect\n|move|p2b: Iron Bundle|Freeze-Dry|p1b: goldenSurfer\n|-activate|p1b: goldenSurfer|move: Protect\n|move|p2a: Chi-Yu|Flamethrower|p1b: goldenSurfer\n|-activate|p1b: goldenSurfer|move: Protect\n|move|p1a: grindelwald|Spirit Break|p2b: Iron Bundle\n|-damage|p2b: Iron Bundle|66\/100\n|-unboost|p2b: Iron Bundle|spa|1\n|\n|-heal|p1b: goldenSurfer|74\/100|[from] item: Leftovers\n|upkeep\n|turn|5\n|\n|t:|1683661262\n|switch|p1b: rj|Iron Moth, L50|100\/100\n|-enditem|p1b: rj|Booster Energy\n|-activate|p1b: rj|ability: Quark Drive|[fromitem]\n|-start|p1b: rj|quarkdrivespa\n|move|p2b: Iron Bundle|Freeze-Dry|p1b: rj\n|-resisted|p1b: rj\n|-damage|p1b: rj|90\/100\n|move|p2a: Chi-Yu|Flamethrower|p1b: rj\n|-resisted|p1b: rj\n|-damage|p1b: rj|53\/100\n|move|p1a: grindelwald|Spirit Break|p2a: Chi-Yu\n|-damage|p2a: Chi-Yu|56\/100\n|-unboost|p2a: Chi-Yu|spa|1\n|\n|upkeep\n|turn|6\n|\n|t:|1683661282\n|switch|p2a: Flutter Mane|Flutter Mane, L50|100\/100\n|switch|p1a: angrybird|Corviknight, L50, F|100\/100\n|move|p2b: Iron Bundle|Protect|p2b: Iron Bundle\n|-singleturn|p2b: Iron Bundle|Protect\n|move|p1b: rj|Sludge Wave|p2b: Iron Bundle|[spread] p2a\n|-activate|p2b: Iron Bundle|move: Protect\n|-immune|p1a: angrybird\n|-damage|p2a: Flutter Mane|49\/100\n|\n|upkeep\n|turn|7\n|\n|t:|1683661314\n|move|p2a: Flutter Mane|Protect|p2a: Flutter Mane\n|-singleturn|p2a: Flutter Mane|Protect\n|move|p2b: Iron Bundle|Freeze-Dry|p1a: angrybird\n|-damage|p1a: angrybird|86\/100\n|move|p1b: rj|Energy Ball|p2b: Iron Bundle\n|-supereffective|p2b: Iron Bundle\n|-damage|p2b: Iron Bundle|0 fnt\n|faint|p2b: Iron Bundle\n|-end|p2b: Iron Bundle|Quark Drive|[silent]\n|move|p1a: angrybird|Iron Head|p2a: Flutter Mane\n|-activate|p2a: Flutter Mane|move: Protect\n|\n|upkeep\n|\n|t:|1683661320\n|switch|p2b: Chi-Yu|Chi-Yu, L50|56\/100\n|-ability|p2b: Chi-Yu|Beads of Ruin\n|turn|8\n|\n|t:|1683661380\n|-terastallize|p1a: angrybird|Water\n|move|p1b: rj|Protect|p1b: rj\n|-singleturn|p1b: rj|Protect\n|move|p2a: Flutter Mane|Shadow Ball|p1b: rj\n|-activate|p1b: rj|move: Protect\n|move|p2b: Chi-Yu|Heat Wave|p1b: rj|[spread] p1a\n|-activate|p1b: rj|move: Protect\n|-resisted|p1a: angrybird\n|-damage|p1a: angrybird|62\/100\n|move|p1a: angrybird|Iron Head|p2a: Flutter Mane\n|-supereffective|p2a: Flutter Mane\n|-damage|p2a: Flutter Mane|0 fnt\n|faint|p2a: Flutter Mane\n|-end|p2a: Flutter Mane|Protosynthesis|[silent]\n|\n|-sideend|p1: bpinela|move: Light Screen\n|upkeep\n|turn|9\n|c|\u2606sgarli74|gg\n|c|\u2606sgarli74|thx for robbing a game\n|c|\u2606bpinela|gg\n|c|\u2606sgarli74|idiot\n|\n|t:|1683661413\n|-terastallize|p2b: Chi-Yu|Water\n|move|p1b: rj|Sludge Wave|p2b: Chi-Yu|[spread] p1a,p2b\n|-damage|p1a: angrybird|0 fnt\n|-damage|p2b: Chi-Yu|4\/100\n|faint|p1a: angrybird\n|move|p2b: Chi-Yu|Heat Wave|p1b: rj\n|-resisted|p1b: rj\n|-damage|p1b: rj|0 fnt\n|faint|p1b: rj\n|-end|p1b: rj|Quark Drive|[silent]\n|\n|upkeep\n|\n|t:|1683661420\n|switch|p1b: grindelwald|Grimmsnarl, L50, M|100\/100\n|switch|p1a: goldenSurfer|Gholdengo, L50|74\/100\n|turn|10\n|\n|t:|1683661431\n|move|p1a: goldenSurfer|Protect|p1a: goldenSurfer\n|-singleturn|p1a: goldenSurfer|Protect\n|move|p1b: grindelwald|Light Screen|p1b: grindelwald\n|-sidestart|p1: bpinela|move: Light Screen\n|move|p2b: Chi-Yu|Heat Wave|p1a: goldenSurfer|[spread] p1b\n|-activate|p1a: goldenSurfer|move: Protect\n|-damage|p1b: grindelwald|52\/100\n|\n|-heal|p1a: goldenSurfer|80\/100|[from] item: Leftovers\n|upkeep\n|turn|11\n|\n|t:|1683661443\n|move|p2b: Chi-Yu|Heat Wave|p1b: grindelwald|[spread] p1a,p1b\n|-supereffective|p1a: goldenSurfer\n|-damage|p1a: goldenSurfer|0 fnt\n|-damage|p1b: grindelwald|4\/100\n|faint|p1a: goldenSurfer\n|move|p1b: grindelwald|Spirit Break|p2b: Chi-Yu\n|-damage|p2b: Chi-Yu|0 fnt\n|faint|p2b: Chi-Yu\n|\n|win|bpinela\n|c|\u2606sgarli74|off\n|l|\u2606sgarli74\n","uploadtime":1683661501,"views":16,"p1id":"bpinela","p2id":"sgarli74","formatid":"gen9vgc2023regulationc","rating":0,"private":0,"password":""}