{"id":"gen9vgc2023regulationc-1854269954","p1":"Savage Red Sun","p2":"lepparyn","format":"[Gen 9] VGC 2023 Regulation C","log":"|j|\u2606Savage Red Sun\n|j|\u2606lepparyn\n|t:|1682790838\n|gametype|doubles\n|player|p1|Savage Red Sun|unknown|1395\n|player|p2|lepparyn|caitlin|1317\n|teamsize|p1|6\n|teamsize|p2|6\n|gen|9\n|tier|[Gen 9] VGC 2023 Regulation C\n|rated|\n|rule|Species Clause: Limit one of each Pok\u00e9mon\n|rule|Item Clause: Limit one of each item\n|clearpoke\n|poke|p1|Arcanine, L50, M|\n|poke|p1|Annihilape, L50, F|\n|poke|p1|Maushold-Four, L50|\n|poke|p1|Palafin, L50, M|\n|poke|p1|Klefki, L50, F|\n|poke|p1|Dragapult, L50, F|\n|poke|p2|Ting-Lu, L50|\n|poke|p2|Amoonguss, L50, M|\n|poke|p2|Palafin, L50, F|\n|poke|p2|Flutter Mane, L50|\n|poke|p2|Rotom-Heat, L50|\n|poke|p2|Krookodile, L50, F|\n|teampreview|4\n|\n|t:|1682790879\n|start\n|switch|p1a: Maushold|Maushold-Four, L50|100\/100\n|switch|p1b: Dragapult|Dragapult, L50, F|100\/100\n|switch|p2a: Cop Disliker|Ting-Lu, L50|100\/100\n|switch|p2b: Chibi-Roto|Rotom-Heat, L50|100\/100\n|-ability|p2a: Cop Disliker|Vessel of Ruin\n|turn|1\n|\n|t:|1682790918\n|-terastallize|p1b: Dragapult|Dragon\n|move|p2a: Cop Disliker|Protect|p2a: Cop Disliker\n|-singleturn|p2a: Cop Disliker|Protect\n|move|p1a: Maushold|Follow Me|p1a: Maushold\n|-singleturn|p1a: Maushold|move: Follow Me\n|move|p1b: Dragapult|Dragon Darts|p2b: Chibi-Roto\n|-damage|p2b: Chibi-Roto|47\/100\n|-anim|p1b: Dragapult|Dragon Darts|p2b: Chibi-Roto\n|-damage|p2b: Chibi-Roto|0 fnt\n|faint|p2b: Chibi-Roto\n|\n|upkeep\n|\n|t:|1682790926\n|switch|p2b: Flutter Mane 2.0|Flutter Mane, L50|100\/100\n|turn|2\n|\n|t:|1682790938\n|switch|p1b: Arcanine|Arcanine, L50, M|100\/100\n|-ability|p1b: Arcanine|Intimidate|boost\n|-unboost|p2a: Cop Disliker|atk|1\n|-unboost|p2b: Flutter Mane 2.0|atk|1\n|-terastallize|p2b: Flutter Mane 2.0|Fairy\n|move|p2b: Flutter Mane 2.0|Dazzling Gleam|p1a: Maushold|[spread] p1a,p1b\n|-resisted|p1b: Arcanine\n|-damage|p1a: Maushold|45\/100\n|-damage|p1b: Arcanine|77\/100\n|-enditem|p1a: Maushold|Sitrus Berry|[eat]\n|-heal|p1a: Maushold|70\/100|[from] item: Sitrus Berry\n|move|p1a: Maushold|Super Fang|p2a: Cop Disliker|[miss]\n|-miss|p1a: Maushold|p2a: Cop Disliker\n|move|p2a: Cop Disliker|Payback|p1a: Maushold\n|-damage|p1a: Maushold|31\/100\n|\n|upkeep\n|turn|3\n|\n|t:|1682790968\n|-end|p2b: Flutter Mane 2.0|Protosynthesis|[silent]\n|switch|p2b: Palafin's Friend|Amoonguss, L50, M|100\/100\n|move|p1a: Maushold|Super Fang|p2a: Cop Disliker\n|-damage|p2a: Cop Disliker|50\/100\n|move|p1b: Arcanine|Flare Blitz|p2b: Palafin's Friend\n|-supereffective|p2b: Palafin's Friend\n|-damage|p2b: Palafin's Friend|0 fnt\n|faint|p2b: Palafin's Friend\n|-damage|p1b: Arcanine|34\/100|[from] Recoil\n|move|p2a: Cop Disliker|Earthquake|p1a: Maushold|[spread] p1a,p1b\n|-supereffective|p1b: Arcanine\n|-damage|p1a: Maushold|7\/100\n|-damage|p1b: Arcanine|0 fnt\n|faint|p1b: Arcanine\n|\n|-heal|p2a: Cop Disliker|57\/100|[from] item: Leftovers\n|upkeep\n|\n|t:|1682790984\n|switch|p1b: Annihilape|Annihilape, L50, F|100\/100\n|switch|p2b: Flutter Mane 2.0|Flutter Mane, L50, tera:Fairy|100\/100\n|turn|4\n|\n|t:|1682790998\n|move|p1a: Maushold|Protect|p1a: Maushold\n|-singleturn|p1a: Maushold|Protect\n|move|p2b: Flutter Mane 2.0|Dazzling Gleam|p1a: Maushold|[spread] p1b\n|-activate|p1a: Maushold|move: Protect\n|-supereffective|p1b: Annihilape\n|-damage|p1b: Annihilape|37\/100\n|move|p1b: Annihilape|Rage Fist|p2b: Flutter Mane 2.0\n|-damage|p2b: Flutter Mane 2.0|0 fnt\n|faint|p2b: Flutter Mane 2.0\n|-end|p2b: Flutter Mane 2.0|Protosynthesis|[silent]\n|move|p2a: Cop Disliker|Payback|p1b: Annihilape\n|-damage|p1b: Annihilape|15\/100\n|\n|-heal|p1b: Annihilape|21\/100|[from] item: Leftovers\n|-heal|p2a: Cop Disliker|63\/100|[from] item: Leftovers\n|upkeep\n|turn|5\n|n|!lepparyn|lepparyn\n|-message|lepparyn forfeited.\n|\n|win|Savage Red Sun\n|raw|Savage Red Sun's rating: 1395 → 1411<\/strong> (+16 for winning)\n|raw|lepparyn's rating: 1317 → 1301<\/strong> (-16 for losing)\n|c|\u2606Savage Red Sun|Gg\n","uploadtime":1682791014,"views":18,"p1id":"savageredsun","p2id":"lepparyn","formatid":"gen9vgc2023regulationc","rating":1301,"private":0,"password":""}