{"id":"gen9vgc2023regulationc-1857969836","p1":"PerenniumFalcon","p2":"SavannahPandaVGC","format":"[Gen 9] VGC 2023 Regulation C","log":"|j|\u2606PerenniumFalcon\n|j|\u2606SavannahPandaVGC\n|t:|1683253884\n|gametype|doubles\n|player|p1|PerenniumFalcon|juggler|1398\n|player|p2|SavannahPandaVGC|2|1367\n|teamsize|p1|6\n|teamsize|p2|6\n|gen|9\n|tier|[Gen 9] VGC 2023 Regulation C\n|rated|\n|rule|Species Clause: Limit one of each Pok\u00e9mon\n|rule|Item Clause: Limit one of each item\n|clearpoke\n|poke|p1|Chi-Yu, L50|\n|poke|p1|Garchomp, L50, M|\n|poke|p1|Talonflame, L50, F|\n|poke|p1|Amoonguss, L50, F|\n|poke|p1|Flutter Mane, L50|\n|poke|p1|Corviknight, L50, M|\n|poke|p2|Flutter Mane, L50|\n|poke|p2|Iron Hands, L50|\n|poke|p2|Corviknight, L50, F|\n|poke|p2|Gyarados, L50, F|\n|poke|p2|Chi-Yu, L50|\n|poke|p2|Amoonguss, L50, M|\n|teampreview|4\nPerenniumFalcon has agreed to open team sheets.\nSavannahPandaVGC has agreed to open team sheets.\n|inactive|Battle timer is ON: inactive players will automatically lose when time's up. (requested by SavannahPandaVGC)\n|inactive|PerenniumFalcon has 60 seconds left.\n|inactive|SavannahPandaVGC has 60 seconds left.\n|inactive|SavannahPandaVGC has 30 seconds left.\n|inactive|SavannahPandaVGC has 20 seconds left.\n|inactive|SavannahPandaVGC has 15 seconds left.\n|inactive|SavannahPandaVGC has 10 seconds left.\n|inactive|SavannahPandaVGC has 5 seconds left.\n|\n|t:|1683253979\n|start\n|switch|p1a: Talonflame|Talonflame, L50, F|100\/100\n|switch|p1b: Garchomp|Garchomp, L50, M|100\/100\n|switch|p2a: Iron Hands|Iron Hands, L50|100\/100\n|switch|p2b: Flutter Mane|Flutter Mane, L50|100\/100\n|turn|1\n|\n|t:|1683253994\n|-terastallize|p1b: Garchomp|Fire\n|-terastallize|p2a: Iron Hands|Grass\n|move|p2a: Iron Hands|Fake Out|p1a: Talonflame\n|-damage|p1a: Talonflame|79\/100\n|move|p1a: Talonflame|Will-O-Wisp|p2a: Iron Hands\n|-status|p2a: Iron Hands|brn\n|move|p2b: Flutter Mane|Shadow Ball|p1a: Talonflame\n|-damage|p1a: Talonflame|0 fnt\n|faint|p1a: Talonflame\n|move|p1b: Garchomp|Swords Dance|p1b: Garchomp\n|-boost|p1b: Garchomp|atk|2\n|\n|-damage|p2a: Iron Hands|95\/100 brn|[from] brn\n|upkeep\n|\n|t:|1683254017\n|switch|p1a: Amoonguss|Amoonguss, L50, F|100\/100\n|turn|2\n|inactive|SavannahPandaVGC has 30 seconds left.\n|inactive|SavannahPandaVGC has 20 seconds left.\n|\n|t:|1683254056\n|move|p1a: Amoonguss|Protect|p1a: Amoonguss\n|-singleturn|p1a: Amoonguss|Protect\n|move|p2b: Flutter Mane|Shadow Ball|p1a: Amoonguss\n|-activate|p1a: Amoonguss|move: Protect\n|move|p1b: Garchomp|Earthquake|p2a: Iron Hands|[spread] p2a,p2b\n|-activate|p1a: Amoonguss|move: Protect\n|-resisted|p2a: Iron Hands\n|-damage|p2a: Iron Hands|71\/100 brn\n|-damage|p2b: Flutter Mane|0 fnt\n|faint|p2b: Flutter Mane\n|-end|p2b: Flutter Mane|Protosynthesis|[silent]\n|move|p2a: Iron Hands|Volt Switch|p1a: Amoonguss\n|-activate|p1a: Amoonguss|move: Protect\n|\n|-damage|p2a: Iron Hands|65\/100 brn|[from] brn\n|upkeep\n|\n|t:|1683254070\n|switch|p2b: Gyarados|Gyarados, L50, F|100\/100\n|-ability|p2b: Gyarados|Intimidate|boost\n|-unboost|p1a: Amoonguss|atk|1\n|-fail|p1b: Garchomp|unboost|[from] item: Clear Amulet|[of] p1b: Garchomp\n|turn|3\n|inactive|SavannahPandaVGC has 30 seconds left.\n|inactive|SavannahPandaVGC has 20 seconds left.\n|\n|t:|1683254106\n|switch|p1a: Flutter Mane|Flutter Mane, L50|100\/100\n|move|p1b: Garchomp|Rock Slide|p2b: Gyarados|[spread] p2a,p2b\n|-supereffective|p2b: Gyarados\n|-damage|p2a: Iron Hands|42\/100 brn\n|-damage|p2b: Gyarados|33\/100\n|move|p2b: Gyarados|Taunt|p1a: Flutter Mane\n|-start|p1a: Flutter Mane|move: Taunt\n|cant|p2a: Iron Hands|flinch\n|\n|-damage|p2a: Iron Hands|36\/100 brn|[from] brn\n|upkeep\n|turn|4\n|inactive|PerenniumFalcon has 30 seconds left.\n|inactive|SavannahPandaVGC has 30 seconds left.\n|\n|t:|1683254137\n|move|p1a: Flutter Mane|Dazzling Gleam|p2a: Iron Hands|[spread] p2a,p2b\n|-crit|p2b: Gyarados\n|-damage|p2a: Iron Hands|13\/100 brn\n|-damage|p2b: Gyarados|0 fnt\n|faint|p2b: Gyarados\n|move|p1b: Garchomp|Rock Slide|p2a: Iron Hands\n|-damage|p2a: Iron Hands|0 fnt\n|faint|p2a: Iron Hands\n|-end|p2a: Iron Hands|Quark Drive|[silent]\n|\n|upkeep\n|\n|t:|1683254146\n|switch|p2b: Corviknight|Corviknight, L50, F|100\/100\n|turn|5\n|\n|t:|1683254154\n|-end|p1a: Flutter Mane|Protosynthesis|[silent]\n|switch|p1a: Amoonguss|Amoonguss, L50, F|100\/100\n|move|p1b: Garchomp|Swords Dance|p1b: Garchomp\n|-boost|p1b: Garchomp|atk|2\n|move|p2b: Corviknight|Iron Head|p1a: Amoonguss\n|-damage|p1a: Amoonguss|77\/100\n|\n|upkeep\n|turn|6\n|\n|t:|1683254165\n|move|p1b: Garchomp|Swords Dance|p1b: Garchomp\n|-boost|p1b: Garchomp|atk|2\n|move|p2b: Corviknight|Brave Bird|p1a: Amoonguss\n|-supereffective|p1a: Amoonguss\n|-damage|p1a: Amoonguss|3\/100\n|-enditem|p1a: Amoonguss|Sitrus Berry|[eat]\n|-heal|p1a: Amoonguss|28\/100|[from] item: Sitrus Berry\n|-damage|p2b: Corviknight|74\/100|[from] Recoil\n|move|p1a: Amoonguss|Spore|p2b: Corviknight\n|-status|p2b: Corviknight|slp|[from] move: Spore\n|\n|-heal|p2b: Corviknight|80\/100 slp|[from] item: Leftovers\n|upkeep\n|turn|7\n|\n|t:|1683254179\n|switch|p1a: Flutter Mane|Flutter Mane, L50|100\/100\n|move|p1b: Garchomp|Rock Slide|p2b: Corviknight\n|-damage|p2b: Corviknight|1\/100 slp\n|cant|p2b: Corviknight|slp\n|\n|-heal|p2b: Corviknight|7\/100 slp|[from] item: Leftovers\n|upkeep\n|turn|8\n|\n|t:|1683254189\n|move|p1a: Flutter Mane|Shadow Ball|p2b: Corviknight\n|-damage|p2b: Corviknight|0 fnt\n|faint|p2b: Corviknight\n|\n|win|PerenniumFalcon\n|raw|PerenniumFalcon's rating: 1398 → 1416<\/strong> (+18 for winning)\n|raw|SavannahPandaVGC's rating: 1367 → 1349<\/strong> (-18 for losing)\n","uploadtime":1683254194,"views":12,"p1id":"perenniumfalcon","p2id":"savannahpandavgc","formatid":"gen9vgc2023regulationc","rating":1349,"private":0,"password":""}