{"id":"gen9vgc2023regulationc-1854365916","p1":"my form empties","p2":"LumpySangsu","format":"[Gen 9] VGC 2023 Regulation C","log":"|j|\u2606my form empties\n|j|\u2606LumpySangsu\n|t:|1682801947\n|gametype|doubles\n|player|p1|my form empties|unknownf|1198\n|player|p2|LumpySangsu|169|1316\n|teamsize|p1|6\n|teamsize|p2|6\n|gen|9\n|tier|[Gen 9] VGC 2023 Regulation C\n|rated|\n|rule|Species Clause: Limit one of each Pok\u00e9mon\n|rule|Item Clause: Limit one of each item\n|clearpoke\n|poke|p1|Roaring Moon, L50|\n|poke|p1|Corviknight, L50, F|\n|poke|p1|Garchomp, L50, M|\n|poke|p1|Flutter Mane, L50|\n|poke|p1|Arcanine, L50, F|\n|poke|p1|Gyarados, L50, F|\n|poke|p2|Iron Bundle, L50|\n|poke|p2|Glimmora, L50, M|\n|poke|p2|Arcanine, L50, M|\n|poke|p2|Amoonguss, L50, F|\n|poke|p2|Garganacl, L50, F|\n|poke|p2|Ting-Lu, L50|\n|teampreview|4\nmy form empties has agreed to open team sheets.\n|inactive|Battle timer is ON: inactive players will automatically lose when time's up. (requested by LumpySangsu)\n|\n|t:|1682801986\n|start\n|switch|p1a: Roaring Moon|Roaring Moon, L50|100\/100\n|switch|p1b: MINT JAMS|Flutter Mane, L50|100\/100\n|switch|p2a: Ting-Lu|Ting-Lu, L50|100\/100\n|switch|p2b: Garganacl|Garganacl, L50, F|100\/100\n|-ability|p2a: Ting-Lu|Vessel of Ruin\n|-enditem|p1a: Roaring Moon|Booster Energy\n|-activate|p1a: Roaring Moon|ability: Protosynthesis|[fromitem]\n|-start|p1a: Roaring Moon|protosynthesisspe\n|turn|1\n|\n|t:|1682802011\n|-end|p1a: Roaring Moon|Protosynthesis|[silent]\n|switch|p1a: Garchomp|Garchomp, L50, M|100\/100\n|-end|p1b: MINT JAMS|Protosynthesis|[silent]\n|switch|p1b: Gyarados|Gyarados, L50, F|100\/100\n|-ability|p1b: Gyarados|Intimidate|boost\n|-unboost|p2a: Ting-Lu|atk|1\n|-unboost|p2b: Garganacl|atk|1\n|-terastallize|p2a: Ting-Lu|Steel\n|move|p2a: Ting-Lu|Heavy Slam|p1b: Gyarados\n|-resisted|p1b: Gyarados\n|-damage|p1b: Gyarados|91\/100\n|move|p2b: Garganacl|Salt Cure|p1a: Garchomp\n|-resisted|p1a: Garchomp\n|-damage|p1a: Garchomp|96\/100\n|-start|p1a: Garchomp|Salt Cure\n|\n|-heal|p1b: Gyarados|98\/100|[from] item: Leftovers\n|-damage|p1a: Garchomp|84\/100|[from] Salt Cure\n|upkeep\n|turn|2\n|\n|t:|1682802024\n|switch|p2a: Arcanine|Arcanine, L50, M|100\/100\n|-ability|p2a: Arcanine|Intimidate|boost\n|-fail|p1a: Garchomp|unboost|[from] item: Clear Amulet|[of] p1a: Garchomp\n|-unboost|p1b: Gyarados|atk|1\n|-terastallize|p1a: Garchomp|Ground\n|move|p1a: Garchomp|Earthquake|p2a: Arcanine|[spread] p2a,p2b\n|-immune|p1b: Gyarados\n|-supereffective|p2a: Arcanine\n|-supereffective|p2b: Garganacl\n|-damage|p2a: Arcanine|0 fnt\n|-damage|p2b: Garganacl|39\/100\n|faint|p2a: Arcanine\n|move|p1b: Gyarados|Taunt|p2b: Garganacl\n|-start|p2b: Garganacl|move: Taunt\n|move|p2b: Garganacl|Salt Cure|p1b: Gyarados\n|-supereffective|p1b: Gyarados\n|-damage|p1b: Gyarados|77\/100\n|-start|p1b: Gyarados|Salt Cure\n|\n|-heal|p1b: Gyarados|84\/100|[from] item: Leftovers\n|-heal|p2b: Garganacl|44\/100|[from] item: Leftovers\n|-damage|p1a: Garchomp|72\/100|[from] Salt Cure\n|-damage|p1b: Gyarados|59\/100|[from] Salt Cure\n|upkeep\n|\n|t:|1682802028\n|switch|p2a: Amoonguss|Amoonguss, L50, F|100\/100\n|turn|3\n|\n|t:|1682802044\n|switch|p2b: Ting-Lu|Ting-Lu, L50, tera:Steel|100\/100\n|-ability|p2b: Ting-Lu|Vessel of Ruin\n|move|p1a: Garchomp|Earthquake|p2a: Amoonguss|[spread] p2a,p2b\n|-immune|p1b: Gyarados\n|-supereffective|p2b: Ting-Lu\n|-damage|p2a: Amoonguss|56\/100\n|-damage|p2b: Ting-Lu|44\/100\n|-enditem|p2b: Ting-Lu|Sitrus Berry|[eat]\n|-heal|p2b: Ting-Lu|69\/100|[from] item: Sitrus Berry\n|move|p1b: Gyarados|Taunt|p2a: Amoonguss\n|-start|p2a: Amoonguss|move: Taunt\n|cant|p2a: Amoonguss|move: Taunt|Spore\n|\n|-heal|p1b: Gyarados|65\/100|[from] item: Leftovers\n|-damage|p1a: Garchomp|60\/100|[from] Salt Cure\n|-damage|p1b: Gyarados|40\/100|[from] Salt Cure\n|upkeep\n|turn|4\n|\n|t:|1682802058\n|switch|p1b: Roaring Moon|Roaring Moon, L50|100\/100\n|move|p1a: Garchomp|Earthquake|p2a: Amoonguss|[spread] p1b,p2a,p2b\n|-supereffective|p2b: Ting-Lu\n|-damage|p1b: Roaring Moon|32\/100\n|-damage|p2a: Amoonguss|10\/100\n|-damage|p2b: Ting-Lu|11\/100\n|-enditem|p2a: Amoonguss|Aguav Berry|[eat]\n|-heal|p2a: Amoonguss|43\/100|[from] item: Aguav Berry\n|move|p2b: Ting-Lu|Fissure|p1a: Garchomp\n|-damage|p1a: Garchomp|0 fnt\n|faint|p1a: Garchomp\n|-ohko\n|move|p2a: Amoonguss|Pollen Puff|p2b: Ting-Lu\n|-heal|p2b: Ting-Lu|61\/100\n|\n|upkeep\n|\n|t:|1682802074\n|switch|p1a: MINT JAMS|Flutter Mane, L50|100\/100\n|turn|5\n|\n|t:|1682802088\n|move|p1a: MINT JAMS|Shadow Ball|p2b: Ting-Lu\n|-crit|p2b: Ting-Lu\n|-damage|p2b: Ting-Lu|18\/100\n|move|p1b: Roaring Moon|Acrobatics|p2a: Amoonguss\n|-supereffective|p2a: Amoonguss\n|-damage|p2a: Amoonguss|0 fnt\n|faint|p2a: Amoonguss\n|move|p2b: Ting-Lu|Heavy Slam|p1a: MINT JAMS\n|-supereffective|p1a: MINT JAMS\n|-damage|p1a: MINT JAMS|0 fnt\n|faint|p1a: MINT JAMS\n|-end|p1a: MINT JAMS|Protosynthesis|[silent]\n|\n|upkeep\n|\n|t:|1682802091\n|switch|p1a: Gyarados|Gyarados, L50, F|40\/100\n|switch|p2a: Garganacl|Garganacl, L50, F|44\/100\n|-ability|p1a: Gyarados|Intimidate|boost\n|-unboost|p2a: Garganacl|atk|1\n|-unboost|p2b: Ting-Lu|atk|1\n|turn|6\n|\n|t:|1682802102\n|move|p1b: Roaring Moon|Throat Chop|p2b: Ting-Lu\n|-damage|p2b: Ting-Lu|0 fnt\n|faint|p2b: Ting-Lu\n|move|p1a: Gyarados|Waterfall|p2a: Garganacl\n|-supereffective|p2a: Garganacl\n|-damage|p2a: Garganacl|0 fnt\n|faint|p2a: Garganacl\n|\n|win|my form empties\n|raw|my form empties's rating: 1198 → 1231<\/strong> (+33 for winning)\n|raw|LumpySangsu's rating: 1316 → 1289<\/strong> (-27 for losing)\n|l|\u2606LumpySangsu\n","uploadtime":1682802107,"views":17,"p1id":"myformempties","p2id":"lumpysangsu","formatid":"gen9vgc2023regulationc","rating":1231,"private":0,"password":""}