{"id":"gen9vgc2023regulationc-1850058070","p1":"Dummy_Yamage","p2":"ChandosH","format":"[Gen 9] VGC 2023 Regulation C","log":"|j|\u2606Dummy_Yamage\n|j|\u2606ChandosH\n|t:|1682282628\n|gametype|doubles\n|player|p1|Dummy_Yamage|101|1395\n|player|p2|ChandosH|n-masters|1386\n|teamsize|p1|6\n|teamsize|p2|6\n|gen|9\n|tier|[Gen 9] VGC 2023 Regulation C\n|rated|\n|rule|Species Clause: Limit one of each Pok\u00e9mon\n|rule|Item Clause: Limit one of each item\n|clearpoke\n|poke|p1|Pelipper, L50, M|\n|poke|p1|Dondozo, L50, F|\n|poke|p1|Tatsugiri, L50, M|\n|poke|p1|Ting-Lu, L50|\n|poke|p1|Amoonguss, L50, M|\n|poke|p1|Corviknight, L50, M|\n|poke|p2|Glimmora, L50, M|\n|poke|p2|Wo-Chien, L50|\n|poke|p2|Dondozo, L50, F|\n|poke|p2|Tatsugiri, L50, F|\n|poke|p2|Flutter Mane, L50|\n|poke|p2|Arcanine, L50, F|\n|teampreview|4\n|\n|t:|1682282680\n|start\n|switch|p1a: Pelipper|Pelipper, L50, M|100\/100\n|switch|p1b: Dondozo|Dondozo, L50, F|100\/100\n|switch|p2a: Glimmora|Glimmora, L50, M|100\/100\n|switch|p2b: Wo-Chien|Wo-Chien, L50|100\/100\n|-weather|RainDance|[from] ability: Drizzle|[of] p1a: Pelipper\n|-ability|p2b: Wo-Chien|Tablets of Ruin\n|turn|1\n|\n|t:|1682282704\n|switch|p1a: Tatsugiri|Tatsugiri, L50, M|100\/100\n|-activate|p1a: Tatsugiri|ability: Commander|[of] p1b: Dondozo\n|-boost|p1b: Dondozo|atk|2\n|-boost|p1b: Dondozo|spa|2\n|-boost|p1b: Dondozo|spe|2\n|-boost|p1b: Dondozo|def|2\n|-boost|p1b: Dondozo|spd|2\n|-terastallize|p2a: Glimmora|Grass\n|-terastallize|p1b: Dondozo|Water\n|move|p1b: Dondozo|Surf|p2b: Wo-Chien|[spread] p2a,p2b\n|-miss|p1b: Dondozo|p1a: Tatsugiri\n|-resisted|p2a: Glimmora\n|-resisted|p2b: Wo-Chien\n|-damage|p2a: Glimmora|49\/100\n|-damage|p2b: Wo-Chien|59\/100\n|-damage|p1b: Dondozo|91\/100|[from] item: Life Orb\n|move|p2a: Glimmora|Mortal Spin|p1a: Tatsugiri|[spread] p1b\n|-miss|p2a: Glimmora|p1a: Tatsugiri\n|-damage|p1b: Dondozo|89\/100\n|-status|p1b: Dondozo|psn\n|move|p2b: Wo-Chien|Leech Seed|p1b: Dondozo\n|-start|p1b: Dondozo|move: Leech Seed\n|\n|-weather|RainDance|[upkeep]\n|-damage|p1b: Dondozo|77\/100 psn|[from] Leech Seed|[of] p2b: Wo-Chien\n|-heal|p2b: Wo-Chien|75\/100|[silent]\n|-damage|p1b: Dondozo|65\/100 psn|[from] psn\n|upkeep\n|turn|2\n|\n|t:|1682282738\n|move|p1b: Dondozo|Surf|p2a: Glimmora|[spread] p2a,p2b\n|-miss|p1b: Dondozo|p1a: Tatsugiri\n|-resisted|p2a: Glimmora\n|-resisted|p2b: Wo-Chien\n|-damage|p2a: Glimmora|0 fnt\n|-damage|p2b: Wo-Chien|28\/100\n|-enditem|p2b: Wo-Chien|Sitrus Berry|[eat]\n|-heal|p2b: Wo-Chien|53\/100|[from] item: Sitrus Berry\n|faint|p2a: Glimmora\n|-damage|p1b: Dondozo|55\/100 psn|[from] item: Life Orb\n|move|p2b: Wo-Chien|Pollen Puff|p2: Glimmora|[notarget]\n|-fail|p2b: Wo-Chien\n|\n|-weather|RainDance|[upkeep]\n|-damage|p1b: Dondozo|43\/100 psn|[from] Leech Seed|[of] p2b: Wo-Chien\n|-heal|p2b: Wo-Chien|69\/100|[silent]\n|-damage|p1b: Dondozo|30\/100 psn|[from] psn\n|upkeep\n|\n|t:|1682282756\n|switch|p2a: Flutter Mane|Flutter Mane, L50|100\/100\n|turn|3\n|\n|t:|1682282785\n|move|p2a: Flutter Mane|Moonblast|p1b: Dondozo\n|-damage|p1b: Dondozo|0 fnt\n|faint|p1b: Dondozo\n|move|p2b: Wo-Chien|Leech Seed|p1a: Tatsugiri\n|-start|p1a: Tatsugiri|move: Leech Seed\n|\n|-weather|RainDance|[upkeep]\n|-damage|p1a: Tatsugiri|89\/100|[from] Leech Seed|[of] p2b: Wo-Chien\n|-heal|p2b: Wo-Chien|78\/100|[silent]\n|upkeep\n|\n|t:|1682282805\n|switch|p1b: Pelipper|Pelipper, L50, M|100\/100\n|turn|4\n|\n|t:|1682282814\n|move|p1a: Tatsugiri|Protect|p1a: Tatsugiri\n|-singleturn|p1a: Tatsugiri|Protect\n|move|p2a: Flutter Mane|Moonblast|p1b: Pelipper\n|-damage|p1b: Pelipper|0 fnt\n|faint|p1b: Pelipper\n|move|p2b: Wo-Chien|Pollen Puff|p2a: Flutter Mane\n|-immune|p2a: Flutter Mane\n|\n|-weather|RainDance|[upkeep]\n|-damage|p1a: Tatsugiri|77\/100|[from] Leech Seed|[of] p2b: Wo-Chien\n|-heal|p2b: Wo-Chien|88\/100|[silent]\n|upkeep\n|\n|t:|1682282832\n|switch|p1b: Amoonguss|Amoonguss, L50, M|100\/100\n|turn|5\n|\n|t:|1682282845\n|-end|p2a: Flutter Mane|Protosynthesis|[silent]\n|switch|p2a: Arcanine|Arcanine, L50, F|100\/100\n|-ability|p2a: Arcanine|Intimidate|boost\n|-unboost|p1a: Tatsugiri|atk|1\n|-unboost|p1b: Amoonguss|atk|1\n|move|p1b: Amoonguss|Rage Powder|p1b: Amoonguss\n|-singleturn|p1b: Amoonguss|move: Rage Powder\n|move|p1a: Tatsugiri|Taunt|p2b: Wo-Chien\n|-start|p2b: Wo-Chien|move: Taunt\n|move|p2b: Wo-Chien|Foul Play|p1a: Tatsugiri\n|-damage|p1a: Tatsugiri|60\/100\n|\n|-weather|RainDance|[upkeep]\n|-damage|p1a: Tatsugiri|48\/100|[from] Leech Seed|[of] p2b: Wo-Chien\n|-heal|p2b: Wo-Chien|98\/100|[silent]\n|upkeep\n|turn|6\n|\n|t:|1682282869\n|move|p2a: Arcanine|Protect|p2a: Arcanine\n|-singleturn|p2a: Arcanine|Protect\n|move|p1a: Tatsugiri|Muddy Water|p2b: Wo-Chien|[spread] p2b\n|-activate|p2a: Arcanine|move: Protect\n|-resisted|p2b: Wo-Chien\n|-damage|p2b: Wo-Chien|80\/100\n|move|p2b: Wo-Chien|Foul Play|p1a: Tatsugiri\n|-damage|p1a: Tatsugiri|31\/100\n|move|p1b: Amoonguss|Pollen Puff|p1a: Tatsugiri\n|-heal|p1a: Tatsugiri|80\/100\n|\n|-weather|RainDance|[upkeep]\n|-damage|p1a: Tatsugiri|68\/100|[from] Leech Seed|[of] p2b: Wo-Chien\n|-heal|p2b: Wo-Chien|89\/100|[silent]\n|upkeep\n|turn|7\n|\n|t:|1682282895\n|switch|p2a: Flutter Mane|Flutter Mane, L50|100\/100\n|move|p1a: Tatsugiri|Muddy Water|p2a: Flutter Mane|[spread] p2a,p2b\n|-resisted|p2b: Wo-Chien\n|-damage|p2a: Flutter Mane|54\/100\n|-damage|p2b: Wo-Chien|73\/100\n|move|p2b: Wo-Chien|Pollen Puff|p2a: Flutter Mane\n|-heal|p2a: Flutter Mane|100\/100\n|move|p1b: Amoonguss|Pollen Puff|p1a: Tatsugiri\n|-heal|p1a: Tatsugiri|100\/100\n|\n|-weather|RainDance|[upkeep]\n|-damage|p1a: Tatsugiri|89\/100|[from] Leech Seed|[of] p2b: Wo-Chien\n|-heal|p2b: Wo-Chien|82\/100|[silent]\n|-end|p2b: Wo-Chien|move: Taunt\n|upkeep\n|turn|8\n|\n|t:|1682282916\n|move|p1a: Tatsugiri|Protect|p1a: Tatsugiri\n|-singleturn|p1a: Tatsugiri|Protect\n|move|p2a: Flutter Mane|Dazzling Gleam|p1a: Tatsugiri|[spread] p1b\n|-activate|p1a: Tatsugiri|move: Protect\n|-resisted|p1b: Amoonguss\n|-damage|p1b: Amoonguss|83\/100\n|move|p2b: Wo-Chien|Foul Play|p1b: Amoonguss\n|-damage|p1b: Amoonguss|70\/100\n|move|p1b: Amoonguss|Spore|p2a: Flutter Mane\n|-status|p2a: Flutter Mane|slp|[from] move: Spore\n|\n|-weather|none\n|-damage|p1a: Tatsugiri|77\/100|[from] Leech Seed|[of] p2b: Wo-Chien\n|-heal|p2b: Wo-Chien|92\/100|[silent]\n|upkeep\n|turn|9\n|\n|t:|1682282936\n|cant|p2a: Flutter Mane|slp\n|move|p1a: Tatsugiri|Muddy Water|p2a: Flutter Mane|[spread] p2a,p2b\n|-resisted|p2b: Wo-Chien\n|-damage|p2a: Flutter Mane|67\/100 slp\n|-damage|p2b: Wo-Chien|80\/100\n|-unboost|p2a: Flutter Mane|accuracy|1\n|-unboost|p2b: Wo-Chien|accuracy|1\n|move|p2b: Wo-Chien|Pollen Puff|p2a: Flutter Mane\n|-heal|p2a: Flutter Mane|100\/100 slp\n|move|p1b: Amoonguss|Pollen Puff|p2b: Wo-Chien\n|-supereffective|p2b: Wo-Chien\n|-damage|p2b: Wo-Chien|28\/100\n|\n|-damage|p1a: Tatsugiri|65\/100|[from] Leech Seed|[of] p2b: Wo-Chien\n|-heal|p2b: Wo-Chien|38\/100|[silent]\n|upkeep\n|turn|10\n|\n|t:|1682282957\n|switch|p2b: Arcanine|Arcanine, L50, F|100\/100\n|-ability|p2b: Arcanine|Intimidate|boost\n|-unboost|p1a: Tatsugiri|atk|1\n|-unboost|p1b: Amoonguss|atk|1\n|move|p1a: Tatsugiri|Protect|p1a: Tatsugiri\n|-singleturn|p1a: Tatsugiri|Protect\n|cant|p2a: Flutter Mane|slp\n|move|p1b: Amoonguss|Spore|p2a: Flutter Mane\n|-fail|p2a: Flutter Mane|slp\n|\n|-damage|p1a: Tatsugiri|53\/100|[from] Leech Seed|[of] p2b: Arcanine\n|upkeep\n|turn|11\n|c|\u2606ChandosH|gg\n|\n|t:|1682282972\n|move|p1a: Tatsugiri|Protect||[still]\n|-fail|p1a: Tatsugiri\n|cant|p2a: Flutter Mane|slp\n|move|p2b: Arcanine|Flare Blitz|p1b: Amoonguss\n|-supereffective|p1b: Amoonguss\n|-damage|p1b: Amoonguss|0 fnt\n|faint|p1b: Amoonguss\n|-damage|p2b: Arcanine|71\/100|[from] Recoil\n|\n|-damage|p1a: Tatsugiri|41\/100|[from] Leech Seed|[of] p2b: Arcanine\n|-heal|p2b: Arcanine|81\/100|[silent]\n|upkeep\n|turn|12\n|-message|Dummy_Yamage forfeited.\n|\n|win|ChandosH\n|raw|Dummy_Yamage's rating: 1395 → 1374<\/strong> (-21 for losing)\n|raw|ChandosH's rating: 1386 → 1407<\/strong> (+21 for winning)\n|l|\u2606Dummy_Yamage\n","uploadtime":1682282988,"views":13,"p1id":"dummyyamage","p2id":"chandosh","formatid":"gen9vgc2023regulationc","rating":1374,"private":0,"password":""}