{"id":"gen9vgc2023regulationc-1861106068","p1":"GoEZsenpai","p2":"Uchuuseijin","format":"[Gen 9] VGC 2023 Regulation C","log":"|j|\u2606GoEZsenpai\n|j|\u2606Uchuuseijin\n|t:|1683727069\n|gametype|doubles\n|player|p1|GoEZsenpai|169|1185\n|player|p2|Uchuuseijin|ltsurge|1248\n|teamsize|p1|6\n|teamsize|p2|6\n|gen|9\n|tier|[Gen 9] VGC 2023 Regulation C\n|rated|\n|rule|Species Clause: Limit one of each Pok\u00e9mon\n|rule|Item Clause: Limit one of each item\n|clearpoke\n|poke|p1|Ceruledge, L50, M|\n|poke|p1|Chien-Pao, L50|\n|poke|p1|Gyarados, L50, M|\n|poke|p1|Ting-Lu, L50|\n|poke|p1|Flutter Mane, L50|\n|poke|p1|Iron Bundle, L50|\n|poke|p2|Iron Bundle, L50|\n|poke|p2|Tyranitar, L50, F|\n|poke|p2|Wo-Chien, L50|\n|poke|p2|Glimmora, L50, F|\n|poke|p2|Gyarados, L50, F|\n|poke|p2|Flutter Mane, L50|\n|teampreview|4\n|inactive|Battle timer is ON: inactive players will automatically lose when time's up. (requested by GoEZsenpai)\n|\n|t:|1683727115\n|start\n|switch|p1a: Gyarados|Gyarados, L50, M|100\/100\n|switch|p1b: Ting-Lu|Ting-Lu, L50|100\/100\n|switch|p2a: Glimmora|Glimmora, L50, F|100\/100\n|switch|p2b: Gyarados|Gyarados, L50, F|100\/100\n|-ability|p2b: Gyarados|Intimidate|boost\n|-unboost|p1a: Gyarados|atk|1\n|-unboost|p1b: Ting-Lu|atk|1\n|-ability|p1a: Gyarados|Intimidate|boost\n|-unboost|p2a: Glimmora|atk|1\n|-unboost|p2b: Gyarados|atk|1\n|-ability|p1b: Ting-Lu|Vessel of Ruin\n|turn|1\n|inactive|GoEZsenpai has 30 seconds left.\n|\n|t:|1683727141\n|move|p2b: Gyarados|Icy Wind|p1a: Gyarados|[spread] p1a\n|-miss|p2b: Gyarados|p1b: Ting-Lu\n|-damage|p1a: Gyarados|97\/100\n|-unboost|p1a: Gyarados|spe|1\n|move|p2a: Glimmora|Mortal Spin|p1b: Ting-Lu|[spread] p1a,p1b\n|-resisted|p1b: Ting-Lu\n|-damage|p1a: Gyarados|95\/100\n|-damage|p1b: Ting-Lu|99\/100\n|-status|p1a: Gyarados|psn\n|-status|p1b: Ting-Lu|psn\n|move|p1a: Gyarados|Taunt|p2b: Gyarados\n|-start|p2b: Gyarados|move: Taunt\n|move|p1b: Ting-Lu|Stomping Tantrum|p2a: Glimmora\n|-supereffective|p2a: Glimmora\n|-damage|p2a: Glimmora|12\/100\n|-activate|p2a: Glimmora|ability: Toxic Debris\n|-sidestart|p1: GoEZsenpai|move: Toxic Spikes\n|\n|-damage|p1a: Gyarados|83\/100 psn|[from] psn\n|-damage|p1b: Ting-Lu|87\/100 psn|[from] psn\n|upkeep\n|turn|2\n|inactive|GoEZsenpai has 30 seconds left.\n|inactive|Uchuuseijin has 30 seconds left.\n|inactive|GoEZsenpai has 20 seconds left.\n|inactive|GoEZsenpai has 15 seconds left.\n|inactive|GoEZsenpai has 10 seconds left.\n|inactive|GoEZsenpai has 5 seconds left.\n|\n|t:|1683727196\n|switch|p2a: Wo-Chien|Wo-Chien, L50|100\/100\n|-ability|p2a: Wo-Chien|Tablets of Ruin\n|move|p2b: Gyarados|Waterfall|p1b: Ting-Lu\n|-supereffective|p1b: Ting-Lu\n|-damage|p1b: Ting-Lu|67\/100 psn\n|move|p1a: Gyarados|Waterfall|p2a: Wo-Chien\n|-resisted|p2a: Wo-Chien\n|-damage|p2a: Wo-Chien|93\/100\n|move|p1b: Ting-Lu|Earthquake|p2b: Gyarados|[spread] p2a\n|-immune|p1a: Gyarados\n|-immune|p2b: Gyarados\n|-resisted|p2a: Wo-Chien\n|-damage|p2a: Wo-Chien|85\/100\n|\n|-heal|p2a: Wo-Chien|92\/100|[from] item: Leftovers\n|-damage|p1a: Gyarados|70\/100 psn|[from] psn\n|-damage|p1b: Ting-Lu|55\/100 psn|[from] psn\n|upkeep\n|turn|3\n|inactive|GoEZsenpai has 30 seconds left.\n|inactive|Uchuuseijin has 30 seconds left.\n|inactive|GoEZsenpai has 20 seconds left.\n|\n|t:|1683727236\n|move|p2b: Gyarados|Icy Wind|p1a: Gyarados|[spread] p1a,p1b\n|-supereffective|p1b: Ting-Lu\n|-damage|p1a: Gyarados|67\/100 psn\n|-damage|p1b: Ting-Lu|50\/100 psn\n|-unboost|p1a: Gyarados|spe|1\n|-unboost|p1b: Ting-Lu|spe|1\n|move|p2a: Wo-Chien|Leech Seed|p1a: Gyarados|[miss]\n|-miss|p2a: Wo-Chien|p1a: Gyarados\n|move|p1a: Gyarados|Thunder Wave|p2a: Wo-Chien\n|-status|p2a: Wo-Chien|par\n|move|p1b: Ting-Lu|Payback|p2b: Gyarados\n|-damage|p2b: Gyarados|73\/100\n|\n|-heal|p2a: Wo-Chien|98\/100 par|[from] item: Leftovers\n|-damage|p1a: Gyarados|54\/100 psn|[from] psn\n|-damage|p1b: Ting-Lu|38\/100 psn|[from] psn\n|upkeep\n|turn|4\n|\n|t:|1683727259\n|move|p2b: Gyarados|Waterfall|p1b: Ting-Lu\n|-supereffective|p1b: Ting-Lu\n|-damage|p1b: Ting-Lu|18\/100 psn\n|move|p1a: Gyarados|Thunder Wave|p2b: Gyarados\n|-status|p2b: Gyarados|par\n|move|p2a: Wo-Chien|Leech Seed|p1a: Gyarados\n|-start|p1a: Gyarados|move: Leech Seed\n|move|p1b: Ting-Lu|Payback|p2b: Gyarados\n|-damage|p2b: Gyarados|44\/100 par\n|-enditem|p2b: Gyarados|Sitrus Berry|[eat]\n|-heal|p2b: Gyarados|69\/100 par|[from] item: Sitrus Berry\n|\n|-heal|p2a: Wo-Chien|100\/100 par|[from] item: Leftovers\n|-damage|p1a: Gyarados|42\/100 psn|[from] Leech Seed|[of] p2a: Wo-Chien\n|-damage|p1a: Gyarados|30\/100 psn|[from] psn\n|-damage|p1b: Ting-Lu|5\/100 psn|[from] psn\n|-end|p2b: Gyarados|move: Taunt\n|upkeep\n|turn|5\n|\n|t:|1683727283\n|cant|p2a: Wo-Chien|par\n|move|p2b: Gyarados|Taunt|p1a: Gyarados\n|-start|p1a: Gyarados|move: Taunt\n|cant|p1a: Gyarados|move: Taunt|Taunt\n|move|p1b: Ting-Lu|Payback|p2b: Gyarados\n|-damage|p2b: Gyarados|40\/100 par\n|\n|-damage|p1a: Gyarados|17\/100 psn|[from] Leech Seed|[of] p2a: Wo-Chien\n|-damage|p1a: Gyarados|5\/100 psn|[from] psn\n|-damage|p1b: Ting-Lu|0 fnt|[from] psn\n|faint|p1b: Ting-Lu\n|upkeep\n|-enditem|p1a: Gyarados|Aguav Berry|[eat]\n|-heal|p1a: Gyarados|38\/100 psn|[from] item: Aguav Berry\n|\n|t:|1683727291\n|switch|p1b: Flutter Mane|Flutter Mane, L50|100\/100\n|-status|p1b: Flutter Mane|psn\n|turn|6\n|\n|t:|1683727306\n|switch|p1a: Chien-Pao|Chien-Pao, L50|100\/100\n|-status|p1a: Chien-Pao|psn\n|-ability|p1a: Chien-Pao|Sword of Ruin\n|-terastallize|p1b: Flutter Mane|Fairy\n|move|p1b: Flutter Mane|Dazzling Gleam|p2b: Gyarados|[spread] p2a,p2b\n|-supereffective|p2a: Wo-Chien\n|-damage|p2a: Wo-Chien|25\/100 par\n|-damage|p2b: Gyarados|0 fnt\n|faint|p2b: Gyarados\n|move|p2a: Wo-Chien|Leech Seed|p1b: Flutter Mane\n|-start|p1b: Flutter Mane|move: Leech Seed\n|\n|-heal|p2a: Wo-Chien|32\/100 par|[from] item: Leftovers\n|-damage|p1b: Flutter Mane|88\/100 psn|[from] Leech Seed|[of] p2a: Wo-Chien\n|-heal|p2a: Wo-Chien|41\/100 par|[silent]\n|-damage|p1a: Chien-Pao|88\/100 psn|[from] psn\n|-damage|p1b: Flutter Mane|76\/100 psn|[from] psn\n|upkeep\n|\n|t:|1683727323\n|switch|p2b: Glimmora|Glimmora, L50, F|12\/100\n|turn|7\n|\n|t:|1683727337\n|move|p1a: Chien-Pao|Ice Spinner|p2a: Wo-Chien\n|-supereffective|p2a: Wo-Chien\n|-crit|p2a: Wo-Chien\n|-damage|p2a: Wo-Chien|0 fnt\n|faint|p2a: Wo-Chien\n|move|p1b: Flutter Mane|Dazzling Gleam|p2b: Glimmora\n|-resisted|p2b: Glimmora\n|-damage|p2b: Glimmora|0 fnt\n|faint|p2b: Glimmora\n|\n|-damage|p1a: Chien-Pao|76\/100 psn|[from] psn\n|-damage|p1b: Flutter Mane|64\/100 psn|[from] psn\n|upkeep\n|\n|t:|1683727349\n|switch|p2b: Tyranitar|Tyranitar, L50, F|100\/100\n|-weather|Sandstorm|[from] ability: Sand Stream|[of] p2b: Tyranitar\n|turn|8\n|\n|t:|1683727360\n|-end|p1b: Flutter Mane|Protosynthesis|[silent]\n|switch|p1b: Gyarados|Gyarados, L50, M|38\/100 psn\n|-ability|p1b: Gyarados|Intimidate|boost\n|-unboost|p2b: Tyranitar|atk|1\n|-terastallize|p2b: Tyranitar|Flying\n|move|p1a: Chien-Pao|Ice Spinner|p2b: Tyranitar\n|-supereffective|p2b: Tyranitar\n|-damage|p2b: Tyranitar|4\/100\n|move|p2b: Tyranitar|Rock Slide|p1a: Chien-Pao|[spread] p1a,p1b\n|-supereffective|p1a: Chien-Pao\n|-supereffective|p1b: Gyarados\n|-damage|p1a: Chien-Pao|0 fnt\n|-damage|p1b: Gyarados|0 fnt\n|faint|p1a: Chien-Pao\n|faint|p1b: Gyarados\n|\n|-weather|Sandstorm|[upkeep]\n|-damage|p2b: Tyranitar|0 fnt|[from] Sandstorm\n|faint|p2b: Tyranitar\n|\n|win|GoEZsenpai\n|upkeep\n|raw|GoEZsenpai's rating: 1185 → 1214<\/strong> (+29 for winning)\n|raw|Uchuuseijin's rating: 1248 → 1219<\/strong> (-29 for losing)\n|c|\u2606GoEZsenpai|Nice stall\n|l|\u2606Uchuuseijin\n","uploadtime":1683727390,"views":14,"p1id":"goezsenpai","p2id":"uchuuseijin","formatid":"gen9vgc2023regulationc","rating":1214,"private":0,"password":""}