{"id":"gen9vgc2023regulationc-1859065716","p1":"Jstardude","p2":"F3athers","format":"[Gen 9] VGC 2023 Regulation C","log":"|j|\u2606Jstardude\n|j|\u2606F3athers\n|t:|1683400376\n|gametype|doubles\n|player|p1|Jstardude|hilbert|\n|player|p2|F3athers|flannery|\n|teamsize|p1|6\n|teamsize|p2|6\n|gen|9\n|tier|[Gen 9] VGC 2023 Regulation C\n|rule|Species Clause: Limit one of each Pok\u00e9mon\n|rule|Item Clause: Limit one of each item\n|clearpoke\n|poke|p1|Dragapult, L50, F|\n|poke|p1|Chien-Pao, L50|\n|poke|p1|Tauros-Paldea-Blaze, L50, M|\n|poke|p1|Espathra, L50, F|\n|poke|p1|Scream Tail, L50|\n|poke|p1|Scizor, L50, M|\n|poke|p2|Qwilfish, L50, F|\n|poke|p2|Bronzong, L50|\n|poke|p2|Camerupt, L50, M|\n|poke|p2|Roaring Moon, L50|\n|poke|p2|Flutter Mane, L50|\n|poke|p2|Sableye, L50, F|\n|teampreview|4\nF3athers rejected open team sheets.\n|j| jayballester\n|j| Tuxmux\n|c| jayballester|mf will bring camerupt to every match\n|c| Tuxmux|dont diss the rupt\n|c|\u2606F3athers|i literally dont see any ways jstar can stop camerupt\n|c|\u2606Jstardude|same lol\n|c|\u2606F3athers|mons too broken\n|c|\u2606F3athers|guaranted tier 7 mvp\n|\n|t:|1683400512\n|start\n|switch|p1a: Scream Tail|Scream Tail, L50|100\/100\n|switch|p1b: Scizor|Scizor, L50, M|100\/100\n|switch|p2a: Sableye|Sableye, L50, F|100\/100\n|switch|p2b: Flutter Mane|Flutter Mane, L50|100\/100\n|-enditem|p1a: Scream Tail|Booster Energy\n|-activate|p1a: Scream Tail|ability: Protosynthesis|[fromitem]\n|-start|p1a: Scream Tail|protosynthesisspe\n|turn|1\n|\n|t:|1683400569\n|move|p1b: Scizor|Bullet Punch|p2b: Flutter Mane\n|-supereffective|p2b: Flutter Mane\n|-enditem|p2b: Flutter Mane|Focus Sash\n|-damage|p2b: Flutter Mane|1\/100\n|move|p2a: Sableye|Will-O-Wisp|p1b: Scizor\n|-status|p1b: Scizor|brn\n|move|p1a: Scream Tail|Dazzling Gleam|p2b: Flutter Mane|[spread] p2a,p2b\n|-supereffective|p2a: Sableye\n|-damage|p2a: Sableye|53\/100\n|-damage|p2b: Flutter Mane|0 fnt\n|faint|p2b: Flutter Mane\n|-end|p2b: Flutter Mane|Protosynthesis|[silent]\n|\n|-damage|p1b: Scizor|94\/100 brn|[from] brn\n|upkeep\n|\n|t:|1683400583\n|switch|p2b: Roaring Moon|Roaring Moon, L50|100\/100\n|turn|2\n|c| jayballester|zZz\n|\n|t:|1683400653\n|-terastallize|p2b: Roaring Moon|Steel\n|move|p1b: Scizor|Bullet Punch|p2a: Sableye\n|-damage|p2a: Sableye|36\/100\n|move|p2a: Sableye|Will-O-Wisp|p1a: Scream Tail\n|-status|p1a: Scream Tail|brn\n|move|p1a: Scream Tail|Dazzling Gleam|p2a: Sableye|[spread] p2a,p2b\n|-supereffective|p2a: Sableye\n|-resisted|p2b: Roaring Moon\n|-damage|p2a: Sableye|0 fnt\n|-damage|p2b: Roaring Moon|94\/100\n|faint|p2a: Sableye\n|move|p2b: Roaring Moon|Throat Chop|p1b: Scizor\n|-damage|p1b: Scizor|52\/100 brn\n|-start|p1b: Scizor|Throat Chop|[silent]\n|\n|-heal|p1b: Scizor|58\/100 brn|[from] item: Leftovers\n|-damage|p1a: Scream Tail|95\/100 brn|[from] brn\n|-damage|p1b: Scizor|52\/100 brn|[from] brn\n|upkeep\n|\n|t:|1683400668\n|switch|p2a: Qwilfish|Qwilfish, L50, F|100\/100\n|-ability|p2a: Qwilfish|Intimidate|boost\n|-unboost|p1a: Scream Tail|atk|1\n|-unboost|p1b: Scizor|atk|1\n|turn|3\n|\n|t:|1683400701\n|move|p1a: Scream Tail|Reflect|p1a: Scream Tail\n|-sidestart|p1: Jstardude|Reflect\n|move|p2b: Roaring Moon|Tailwind|p2b: Roaring Moon\n|-sidestart|p2: F3athers|move: Tailwind\n|move|p2a: Qwilfish|Liquidation|p1b: Scizor\n|-crit|p1b: Scizor\n|-damage|p1b: Scizor|8\/100 brn\n|-unboost|p1b: Scizor|def|1\n|move|p1b: Scizor|Tailwind|p1b: Scizor\n|-sidestart|p1: Jstardude|move: Tailwind\n|\n|-heal|p1b: Scizor|14\/100 brn|[from] item: Leftovers\n|-damage|p1a: Scream Tail|89\/100 brn|[from] brn\n|-damage|p1b: Scizor|8\/100 brn|[from] brn\n|-end|p1b: Scizor|Throat Chop|[silent]\n|upkeep\n|turn|4\n|\n|t:|1683400733\n|move|p1b: Scizor|Bullet Punch|p2b: Roaring Moon\n|-resisted|p2b: Roaring Moon\n|-damage|p2b: Roaring Moon|87\/100\n|move|p1a: Scream Tail|Dazzling Gleam|p2b: Roaring Moon|[spread] p2a,p2b\n|-resisted|p2a: Qwilfish\n|-resisted|p2b: Roaring Moon\n|-damage|p2a: Qwilfish|89\/100\n|-damage|p2b: Roaring Moon|81\/100\n|move|p2b: Roaring Moon|Throat Chop|p1a: Scream Tail\n|-damage|p1a: Scream Tail|65\/100 brn\n|-start|p1a: Scream Tail|Throat Chop|[silent]\n|move|p2a: Qwilfish|Liquidation|p1a: Scream Tail\n|-damage|p1a: Scream Tail|50\/100 brn\n|-unboost|p1a: Scream Tail|def|1\n|\n|-heal|p2a: Qwilfish|95\/100|[from] item: Leftovers\n|-heal|p1b: Scizor|14\/100 brn|[from] item: Leftovers\n|-damage|p1a: Scream Tail|45\/100 brn|[from] brn\n|-damage|p1b: Scizor|8\/100 brn|[from] brn\n|upkeep\n|turn|5\n|\n|t:|1683400767\n|move|p1a: Scream Tail|Protect|p1a: Scream Tail\n|-singleturn|p1a: Scream Tail|Protect\n|move|p1b: Scizor|Bullet Punch|p2a: Qwilfish\n|-resisted|p2a: Qwilfish\n|-damage|p2a: Qwilfish|89\/100\n|move|p2b: Roaring Moon|Throat Chop|p1a: Scream Tail\n|-activate|p1a: Scream Tail|move: Protect\n|move|p2a: Qwilfish|Liquidation|p1a: Scream Tail\n|-activate|p1a: Scream Tail|move: Protect\n|\n|-heal|p2a: Qwilfish|95\/100|[from] item: Leftovers\n|-heal|p1b: Scizor|14\/100 brn|[from] item: Leftovers\n|-damage|p1a: Scream Tail|39\/100 brn|[from] brn\n|-damage|p1b: Scizor|8\/100 brn|[from] brn\n|-end|p1a: Scream Tail|Throat Chop|[silent]\n|upkeep\n|turn|6\n|\n|t:|1683400788\n|move|p1b: Scizor|Bullet Punch|p2a: Qwilfish\n|-resisted|p2a: Qwilfish\n|-damage|p2a: Qwilfish|91\/100\n|move|p1a: Scream Tail|Dazzling Gleam|p2b: Roaring Moon|[spread] p2a,p2b\n|-resisted|p2a: Qwilfish\n|-resisted|p2b: Roaring Moon\n|-damage|p2a: Qwilfish|78\/100\n|-damage|p2b: Roaring Moon|74\/100\n|move|p2b: Roaring Moon|Throat Chop|p1a: Scream Tail\n|-damage|p1a: Scream Tail|5\/100 brn\n|-start|p1a: Scream Tail|Throat Chop|[silent]\n|move|p2a: Qwilfish|Liquidation|p1a: Scream Tail\n|-damage|p1a: Scream Tail|0 fnt\n|faint|p1a: Scream Tail\n|-end|p1a: Scream Tail|Protosynthesis|[silent]\n|\n|-heal|p2a: Qwilfish|84\/100|[from] item: Leftovers\n|-heal|p1b: Scizor|14\/100 brn|[from] item: Leftovers\n|-damage|p1b: Scizor|8\/100 brn|[from] brn\n|-sideend|p1: Jstardude|move: Tailwind\n|-sideend|p2: F3athers|move: Tailwind\n|upkeep\n|\n|t:|1683400809\n|switch|p1a: Chien-Pao|Chien-Pao, L50|100\/100\n|-ability|p1a: Chien-Pao|Sword of Ruin\n|turn|7\n|\n|t:|1683400820\n|switch|p1b: Dragapult|Dragapult, L50, F|100\/100\n|move|p2b: Roaring Moon|Protect|p2b: Roaring Moon\n|-singleturn|p2b: Roaring Moon|Protect\n|move|p1a: Chien-Pao|Sacred Sword|p2b: Roaring Moon\n|-activate|p2b: Roaring Moon|move: Protect\n|move|p2a: Qwilfish|Thunder Wave|p1a: Chien-Pao\n|-status|p1a: Chien-Pao|par\n|\n|-heal|p2a: Qwilfish|90\/100|[from] item: Leftovers\n|-sideend|p1: Jstardude|Reflect\n|upkeep\n|turn|8\n|\n|t:|1683400849\n|move|p1a: Chien-Pao|Protect|p1a: Chien-Pao\n|-singleturn|p1a: Chien-Pao|Protect\n|move|p1b: Dragapult|Phantom Force||[still]\n|-prepare|p1b: Dragapult|Phantom Force\n|move|p2b: Roaring Moon|Breaking Swipe|p1a: Chien-Pao|[spread] \n|-miss|p2b: Roaring Moon|p1b: Dragapult\n|-activate|p1a: Chien-Pao|move: Protect\n|move|p2a: Qwilfish|Crunch|p1b: Dragapult|[miss]\n|-miss|p2a: Qwilfish|p1b: Dragapult\n|\n|-heal|p2a: Qwilfish|96\/100|[from] item: Leftovers\n|upkeep\n|turn|9\n|\n|t:|1683400871\n|move|p1b: Dragapult|Phantom Force|p2b: Roaring Moon|[from]lockedmove\n|-damage|p2b: Roaring Moon|0 fnt\n|faint|p2b: Roaring Moon\n|-end|p2b: Roaring Moon|Protosynthesis|[silent]\n|move|p2a: Qwilfish|Crunch|p1b: Dragapult\n|-supereffective|p1b: Dragapult\n|-damage|p1b: Dragapult|34\/100\n|move|p1a: Chien-Pao|Sacred Sword|p2a: Qwilfish\n|-resisted|p2a: Qwilfish\n|-damage|p2a: Qwilfish|80\/100\n|\n|-heal|p2a: Qwilfish|85\/100|[from] item: Leftovers\n|upkeep\n|turn|10\n|\n|t:|1683400886\n|move|p1b: Dragapult|Phantom Force||[still]\n|-prepare|p1b: Dragapult|Phantom Force\n|move|p2a: Qwilfish|Liquidation|p1a: Chien-Pao\n|-damage|p1a: Chien-Pao|63\/100 par\n|move|p1a: Chien-Pao|Crunch|p2a: Qwilfish\n|-damage|p2a: Qwilfish|45\/100\n|-unboost|p2a: Qwilfish|def|1\n|\n|-heal|p2a: Qwilfish|50\/100|[from] item: Leftovers\n|upkeep\n|turn|11\n|c| jayballester|can the fish do it\n|c| jayballester|i dont think so\n|\n|t:|1683400896\n|move|p1b: Dragapult|Phantom Force|p2a: Qwilfish|[from]lockedmove\n|-damage|p2a: Qwilfish|0 fnt\n|faint|p2a: Qwilfish\n|\n|win|Jstardude\n|c|\u2606Jstardude|gg\n|c|\u2606F3athers|gg\n|c|\u2606F3athers|that did not go as planned\n","uploadtime":1683400909,"views":16,"p1id":"jstardude","p2id":"f3athers","formatid":"gen9vgc2023regulationc","rating":0,"private":0,"password":""}