{"id":"gen9vgc2023regulationc-1852051461","p1":"pupulovessixsheep","p2":"Inspire60","format":"[Gen 9] VGC 2023 Regulation C","log":"|j|\u2606pupulovessixsheep\n|j|\u2606Inspire60\n|t:|1682520087\n|gametype|doubles\n|player|p1|pupulovessixsheep|169|1280\n|player|p2|Inspire60|richboy-gen4|1324\n|teamsize|p1|6\n|teamsize|p2|6\n|gen|9\n|tier|[Gen 9] VGC 2023 Regulation C\n|rated|\n|rule|Species Clause: Limit one of each Pok\u00e9mon\n|rule|Item Clause: Limit one of each item\n|clearpoke\n|poke|p1|Talonflame, L50, M|\n|poke|p1|Chi-Yu, L50|\n|poke|p1|Flutter Mane, L50|\n|poke|p1|Amoonguss, L50, F|\n|poke|p1|Tyranitar, L50, F|\n|poke|p1|Houndstone, L50, M|\n|poke|p2|Eiscue, L50, F|\n|poke|p2|Abomasnow, L50, F|\n|poke|p2|Kilowattrel, L50, M|\n|poke|p2|Brambleghast, L50, F|\n|poke|p2|Garchomp, L50, M|\n|poke|p2|Flutter Mane, L50|\n|teampreview|4\n|inactive|Battle timer is ON: inactive players will automatically lose when time's up. (requested by Inspire60)\n|inactive|Inspire60 has 60 seconds left.\n|\n|t:|1682520128\n|start\n|switch|p1a: Chi-Yu|Chi-Yu, L50|100\/100\n|switch|p1b: Flutter Mane|Flutter Mane, L50|100\/100\n|switch|p2a: Eiscue|Eiscue, L50, F|100\/100\n|switch|p2b: Milo|Kilowattrel, L50, M|100\/100\n|-ability|p1a: Chi-Yu|Beads of Ruin\n|-enditem|p1b: Flutter Mane|Booster Energy\n|-activate|p1b: Flutter Mane|ability: Protosynthesis|[fromitem]\n|-start|p1b: Flutter Mane|protosynthesisspa\n|turn|1\n|inactive|Inspire60 has 30 seconds left.\n|\n|t:|1682520157\n|-terastallize|p1b: Flutter Mane|Fairy\n|-terastallize|p2a: Eiscue|Water\n|move|p1a: Chi-Yu|Heat Wave|p2a: Eiscue|[spread] p2a,p2b\n|-resisted|p2a: Eiscue\n|-damage|p2a: Eiscue|65\/100\n|-damage|p2b: Milo|7\/100\n|move|p2b: Milo|Tailwind|p2b: Milo\n|-sidestart|p2: Inspire60|move: Tailwind\n|move|p2a: Eiscue|Liquidation|p1a: Chi-Yu\n|-supereffective|p1a: Chi-Yu\n|-damage|p1a: Chi-Yu|0 fnt\n|faint|p1a: Chi-Yu\n|move|p1b: Flutter Mane|Dazzling Gleam|p2a: Eiscue|[spread] p2a,p2b\n|-crit|p2a: Eiscue\n|-damage|p2a: Eiscue|0 fnt\n|-damage|p2b: Milo|0 fnt\n|faint|p2a: Eiscue\n|faint|p2b: Milo\n|\n|upkeep\n|\n|t:|1682520177\n|switch|p2b: Sandyghast|Brambleghast, L50, F|100\/100\n|switch|p1a: \u5c0f\u767d|Houndstone, L50, M, shiny|100\/100\n|switch|p2a: Abomasnow|Abomasnow, L50, F|100\/100\n|-ability|p2b: Sandyghast|Wind Rider|boost\n|-boost|p2b: Sandyghast|atk|1\n|-weather|Snow|[from] ability: Snow Warning|[of] p2a: Abomasnow\n|turn|2\n|\n|t:|1682520192\n|switch|p1a: Tyranitar|Tyranitar, L50, F, shiny|100\/100\n|-weather|Sandstorm|[from] ability: Sand Stream|[of] p1a: Tyranitar\n|move|p2b: Sandyghast|Bullet Seed|p1b: Flutter Mane\n|-damage|p1b: Flutter Mane|56\/100\n|-damage|p1b: Flutter Mane|10\/100\n|-damage|p1b: Flutter Mane|0 fnt\n|faint|p1b: Flutter Mane\n|-end|p1b: Flutter Mane|Protosynthesis|[silent]\n|-hitcount|p1: Flutter Mane|3\n|move|p2a: Abomasnow|Aurora Veil||[still]\n|-fail|p2a: Abomasnow\n|\n|-weather|Sandstorm|[upkeep]\n|-damage|p2b: Sandyghast|94\/100|[from] Sandstorm\n|-damage|p2a: Abomasnow|95\/100|[from] Sandstorm\n|upkeep\n|\n|t:|1682520209\n|switch|p1b: \u5c0f\u767d|Houndstone, L50, M, shiny|100\/100\n|turn|3\n|\n|t:|1682520220\n|move|p1b: \u5c0f\u767d|Ally Switch|p1b: \u5c0f\u767d\n|swap|p1b: \u5c0f\u767d|0|[from] move: Ally Switch\n|move|p2b: Sandyghast|Bullet Seed|p1a: \u5c0f\u767d\n|-damage|p1a: \u5c0f\u767d|76\/100\n|-damage|p1a: \u5c0f\u767d|51\/100\n|-damage|p1a: \u5c0f\u767d|27\/100\n|-damage|p1a: \u5c0f\u767d|2\/100\n|-damage|p1a: \u5c0f\u767d|0 fnt\n|faint|p1a: \u5c0f\u767d\n|-hitcount|p1: \u5c0f\u767d|5\n|move|p2a: Abomasnow|Energy Ball|p1b: Tyranitar\n|-supereffective|p1b: Tyranitar\n|-crit|p1b: Tyranitar\n|-damage|p1b: Tyranitar|27\/100\n|-enditem|p1b: Tyranitar|Weakness Policy\n|-boost|p1b: Tyranitar|atk|2|[from] item: Weakness Policy\n|-boost|p1b: Tyranitar|spa|2|[from] item: Weakness Policy\n|move|p1b: Tyranitar|Dragon Dance|p1b: Tyranitar\n|-boost|p1b: Tyranitar|atk|1\n|-boost|p1b: Tyranitar|spe|1\n|\n|-weather|Sandstorm|[upkeep]\n|-damage|p2b: Sandyghast|88\/100|[from] Sandstorm\n|-damage|p2a: Abomasnow|89\/100|[from] Sandstorm\n|upkeep\n|turn|4\n|\n|t:|1682520243\n|move|p1b: Tyranitar|Protect|p1b: Tyranitar\n|-singleturn|p1b: Tyranitar|Protect\n|move|p2b: Sandyghast|Bullet Seed|p1b: Tyranitar\n|-activate|p1b: Tyranitar|move: Protect\n|move|p2a: Abomasnow|Energy Ball|p1b: Tyranitar\n|-activate|p1b: Tyranitar|move: Protect\n|\n|-weather|Sandstorm|[upkeep]\n|-damage|p2b: Sandyghast|82\/100|[from] Sandstorm\n|-damage|p2a: Abomasnow|83\/100|[from] Sandstorm\n|-sideend|p2: Inspire60|move: Tailwind\n|upkeep\n|turn|5\n|\n|t:|1682520261\n|move|p1b: Tyranitar|Rock Slide|p2b: Sandyghast|[spread] p2a,p2b\n|-supereffective|p2a: Abomasnow\n|-damage|p2a: Abomasnow|0 fnt\n|-damage|p2b: Sandyghast|0 fnt\n|faint|p2a: Abomasnow\n|faint|p2b: Sandyghast\n|\n|win|pupulovessixsheep\n|raw|pupulovessixsheep's rating: 1280 → 1308<\/strong> (+28 for winning)\n|raw|Inspire60's rating: 1324 → 1301<\/strong> (-23 for losing)\n|l|\u2606Inspire60\n","uploadtime":1682520273,"views":7,"p1id":"pupulovessixsheep","p2id":"inspire60","formatid":"gen9vgc2023regulationc","rating":1301,"private":0,"password":""}