{"id":"gen9vgc2023regulationc-1864028241","p1":"littlemasteraik","p2":"Igpvala","format":"[Gen 9] VGC 2023 Regulation C","log":"|j|\u2606littlemasteraik\n|j|\u2606Igpvala\n|t:|1684107351\n|gametype|doubles\n|player|p1|littlemasteraik|169|1418\n|player|p2|Igpvala|hugh|1400\n|teamsize|p1|6\n|teamsize|p2|6\n|gen|9\n|tier|[Gen 9] VGC 2023 Regulation C\n|rated|\n|rule|Species Clause: Limit one of each Pok\u00e9mon\n|rule|Item Clause: Limit one of each item\n|clearpoke\n|poke|p1|Talonflame, L50, M|\n|poke|p1|Amoonguss, L50, F|\n|poke|p1|Flutter Mane, L50|\n|poke|p1|Chi-Yu, L50|\n|poke|p1|Iron Bundle, L50|\n|poke|p1|Azumarill, L50, M|\n|poke|p2|Vaporeon, L50, F|\n|poke|p2|Garganacl, L50, M|\n|poke|p2|Flutter Mane, L50|\n|poke|p2|Iron Bundle, L50|\n|poke|p2|Iron Hands, L50|\n|poke|p2|Great Tusk, L50|\n|teampreview|4\nIgpvala has agreed to open team sheets.\n|inactive|Battle timer is ON: inactive players will automatically lose when time's up. (requested by littlemasteraik)\n|\n|t:|1684107390\n|start\n|switch|p1a: Talonflame|Talonflame, L50, M|100\/100\n|switch|p1b: Flutter Mane|Flutter Mane, L50|100\/100\n|switch|p2a: Iron Hands|Iron Hands, L50, shiny|100\/100\n|switch|p2b: Vaporeon|Vaporeon, L50, F, shiny|100\/100\n|turn|1\n|\n|t:|1684107406\n|-terastallize|p1b: Flutter Mane|Fairy\n|-terastallize|p2a: Iron Hands|Grass\n|move|p1a: Talonflame|Tailwind|p1a: Talonflame\n|-sidestart|p1: littlemasteraik|move: Tailwind\n|move|p1b: Flutter Mane|Dazzling Gleam|p2b: Vaporeon|[spread] p2a,p2b\n|-crit|p2b: Vaporeon\n|-damage|p2a: Iron Hands|66\/100\n|-damage|p2b: Vaporeon|28\/100\n|move|p2b: Vaporeon|Muddy Water|p1b: Flutter Mane|[spread] p1a,p1b\n|-supereffective|p1a: Talonflame\n|-damage|p1a: Talonflame|32\/100\n|-damage|p1b: Flutter Mane|77\/100\n|move|p2a: Iron Hands|Wild Charge|p1b: Flutter Mane\n|-damage|p1b: Flutter Mane|0 fnt\n|faint|p1b: Flutter Mane\n|-end|p1b: Flutter Mane|Protosynthesis|[silent]\n|-damage|p2a: Iron Hands|54\/100|[from] Recoil\n|\n|-heal|p2b: Vaporeon|34\/100|[from] item: Leftovers\n|upkeep\n|\n|t:|1684107428\n|switch|p1b: Iron Bundle|Iron Bundle, L50|100\/100\n|-enditem|p1b: Iron Bundle|Booster Energy\n|-activate|p1b: Iron Bundle|ability: Quark Drive|[fromitem]\n|-start|p1b: Iron Bundle|quarkdrivespe\n|turn|2\n|inactive|littlemasteraik has 30 seconds left.\n|inactive|littlemasteraik has 20 seconds left.\n|\n|t:|1684107464\n|-end|p2a: Iron Hands|Quark Drive|[silent]\n|switch|p2a: Iron Bundle|Iron Bundle, L50, shiny|100\/100\n|move|p1b: Iron Bundle|Icy Wind|p2b: Vaporeon|[spread] p2a,p2b\n|-resisted|p2a: Iron Bundle\n|-resisted|p2b: Vaporeon\n|-damage|p2a: Iron Bundle|89\/100\n|-damage|p2b: Vaporeon|25\/100\n|-unboost|p2a: Iron Bundle|spe|1\n|-unboost|p2b: Vaporeon|spe|1\n|move|p1a: Talonflame|Brave Bird|p2a: Iron Bundle\n|-crit|p2a: Iron Bundle\n|-damage|p2a: Iron Bundle|20\/100\n|-damage|p1a: Talonflame|16\/100|[from] Recoil\n|move|p2b: Vaporeon|Muddy Water|p1a: Talonflame|[spread] p1a,p1b\n|-supereffective|p1a: Talonflame\n|-resisted|p1b: Iron Bundle\n|-damage|p1a: Talonflame|0 fnt\n|-damage|p1b: Iron Bundle|73\/100\n|faint|p1a: Talonflame\n|\n|-heal|p2b: Vaporeon|32\/100|[from] item: Leftovers\n|upkeep\n|\n|t:|1684107482\n|switch|p1a: Chi-Yu|Chi-Yu, L50|100\/100\n|-ability|p1a: Chi-Yu|Beads of Ruin\n|turn|3\n|inactive|littlemasteraik has 30 seconds left.\n|inactive|littlemasteraik has 20 seconds left.\n|inactive|littlemasteraik has 15 seconds left.\n|inactive|littlemasteraik has 10 seconds left.\n|inactive|littlemasteraik has 5 seconds left.\n|\n|t:|1684107533\n|move|p2a: Iron Bundle|Protect|p2a: Iron Bundle\n|-singleturn|p2a: Iron Bundle|Protect\n|move|p2b: Vaporeon|Protect|p2b: Vaporeon\n|-singleturn|p2b: Vaporeon|Protect\n|move|p1b: Iron Bundle|Freeze-Dry|p2b: Vaporeon\n|-activate|p2b: Vaporeon|move: Protect\n|move|p1a: Chi-Yu|Heat Wave|p2b: Vaporeon|[spread] \n|-activate|p2a: Iron Bundle|move: Protect\n|-activate|p2b: Vaporeon|move: Protect\n|\n|-heal|p2b: Vaporeon|38\/100|[from] item: Leftovers\n|upkeep\n|turn|4\n|\n|t:|1684107555\n|move|p1b: Iron Bundle|Freeze-Dry|p2b: Vaporeon\n|-supereffective|p2b: Vaporeon\n|-damage|p2b: Vaporeon|0 fnt\n|faint|p2b: Vaporeon\n|move|p1a: Chi-Yu|Heat Wave|p2a: Iron Bundle\n|-damage|p2a: Iron Bundle|0 fnt\n|faint|p2a: Iron Bundle\n|-end|p2a: Iron Bundle|Quark Drive|[silent]\n|\n|-sideend|p1: littlemasteraik|move: Tailwind\n|upkeep\n|\n|t:|1684107563\n|switch|p2a: Iron Hands|Iron Hands, L50, shiny, tera:Grass|54\/100\n|switch|p2b: Flutter Mane|Flutter Mane, L50, shiny|100\/100\n|turn|5\n|inactive|Igpvala has 30 seconds left.\n|\n|t:|1684107596\n|move|p1b: Iron Bundle|Protect|p1b: Iron Bundle\n|-singleturn|p1b: Iron Bundle|Protect\n|move|p1a: Chi-Yu|Protect|p1a: Chi-Yu\n|-singleturn|p1a: Chi-Yu|Protect\n|move|p2a: Iron Hands|Fake Out|p1a: Chi-Yu\n|-activate|p1a: Chi-Yu|move: Protect\n|move|p2b: Flutter Mane|Moonblast|p1a: Chi-Yu\n|-activate|p1a: Chi-Yu|move: Protect\n|\n|upkeep\n|turn|6\n|\n|t:|1684107616\n|move|p1b: Iron Bundle|Icy Wind|p2a: Iron Hands|[spread] p2a,p2b\n|-supereffective|p2a: Iron Hands\n|-damage|p2a: Iron Hands|25\/100\n|-damage|p2b: Flutter Mane|71\/100\n|-unboost|p2a: Iron Hands|spe|1\n|-unboost|p2b: Flutter Mane|spe|1\n|move|p2b: Flutter Mane|Moonblast|p1b: Iron Bundle\n|-damage|p1b: Iron Bundle|0 fnt\n|faint|p1b: Iron Bundle\n|-end|p1b: Iron Bundle|Quark Drive|[silent]\n|move|p1a: Chi-Yu|Heat Wave|p2b: Flutter Mane|[spread] p2a,p2b\n|-supereffective|p2a: Iron Hands\n|-damage|p2a: Iron Hands|0 fnt\n|-damage|p2b: Flutter Mane|19\/100\n|faint|p2a: Iron Hands\n|-end|p2a: Iron Hands|Quark Drive|[silent]\n|\n|upkeep\n|turn|7\n|\n|t:|1684107633\n|move|p2b: Flutter Mane|Moonblast|p1a: Chi-Yu\n|-damage|p1a: Chi-Yu|26\/100\n|move|p1a: Chi-Yu|Dark Pulse|p2b: Flutter Mane\n|-damage|p2b: Flutter Mane|0 fnt\n|faint|p2b: Flutter Mane\n|-end|p2b: Flutter Mane|Protosynthesis|[silent]\n|\n|win|littlemasteraik\n|raw|littlemasteraik's rating: 1418 → 1437<\/strong> (+19 for winning)\n|raw|Igpvala's rating: 1400 → 1381<\/strong> (-19 for losing)\n|l|\u2606Igpvala\n","uploadtime":1684107645,"views":10,"p1id":"littlemasteraik","p2id":"igpvala","formatid":"gen9vgc2023regulationc","rating":1381,"private":0,"password":""}