{"id":"gen9vgc2023regulationc-1845791202","p1":"Keveloper","p2":"arbokiara","format":"[Gen 9] VGC 2023 Regulation C","log":"|j|\u2606Keveloper\n|j|\u2606arbokiara\n|t:|1681764916\n|gametype|doubles\n|player|p1|Keveloper|ash|1322\n|player|p2|arbokiara|shadowtriad|1321\n|teamsize|p1|6\n|teamsize|p2|6\n|gen|9\n|tier|[Gen 9] VGC 2023 Regulation C\n|rated|\n|rule|Species Clause: Limit one of each Pok\u00e9mon\n|rule|Item Clause: Limit one of each item\n|clearpoke\n|poke|p1|Orthworm, L50, F|\n|poke|p1|Dragonite, L50, M|\n|poke|p1|Ting-Lu, L50|\n|poke|p1|Gyarados, L50, M|\n|poke|p1|Flutter Mane, L50|\n|poke|p1|Chien-Pao, L50|\n|poke|p2|Magnezone, L50|\n|poke|p2|Flutter Mane, L50|\n|poke|p2|Palafin, L50, M|\n|poke|p2|Chi-Yu, L50|\n|poke|p2|Chien-Pao, L50|\n|poke|p2|Dragonite, L50, M|\n|teampreview|4\n|inactive|Battle timer is ON: inactive players will automatically lose when time's up. (requested by arbokiara)\narbokiara has agreed to open team sheets.\n|inactive|Keveloper has 60 seconds left.\n|inactive|arbokiara has 60 seconds left.\n|c|\u2606Keveloper|sorry, practicing for the global challenge closed team sheet\n|c|\u2606arbokiara|ok\n|inactive|arbokiara has 30 seconds left.\n|inactive|arbokiara has 20 seconds left.\n|inactive|arbokiara has 15 seconds left.\n|\n|t:|1681764994\n|start\n|switch|p1a: Orthworm|Orthworm, L50, F|100\/100\n|switch|p1b: Gyarados|Gyarados, L50, M|100\/100\n|switch|p2a: Palafin|Palafin, L50, M|100\/100\n|switch|p2b: Chi-Yu|Chi-Yu, L50|100\/100\n|-ability|p2b: Chi-Yu|Beads of Ruin\n|-ability|p1b: Gyarados|Intimidate|boost\n|-unboost|p2a: Palafin|atk|1\n|-unboost|p2b: Chi-Yu|atk|1\n|turn|1\n|inactive|Keveloper has 30 seconds left.\n|inactive|arbokiara has 30 seconds left.\n|inactive|arbokiara has 20 seconds left.\n|inactive|arbokiara has 15 seconds left.\n|inactive|arbokiara has 10 seconds left.\n|\n|t:|1681765039\n|detailschange|p2a: Palafin|Palafin-Hero, L50, M\n|switch|p2a: Flutter Mane|Flutter Mane, L50|100\/100\n|-enditem|p2a: Flutter Mane|Booster Energy\n|-activate|p2a: Flutter Mane|ability: Protosynthesis|[fromitem]\n|-start|p2a: Flutter Mane|protosynthesisspe\n|-terastallize|p2b: Chi-Yu|Ghost\n|-terastallize|p1a: Orthworm|Fire\n|move|p2b: Chi-Yu|Heat Wave|p1b: Gyarados|[spread] p1a,p1b\n|-resisted|p1a: Orthworm\n|-resisted|p1b: Gyarados\n|-damage|p1a: Orthworm|69\/100\n|-damage|p1b: Gyarados|78\/100\n|move|p1b: Gyarados|Bulldoze|p2b: Chi-Yu|[spread] p2a,p2b\n|-heal|p1a: Orthworm|94\/100|[from] ability: Earth Eater|[of] p1b: Gyarados\n|-damage|p2a: Flutter Mane|78\/100\n|-damage|p2b: Chi-Yu|81\/100\n|-unboost|p2a: Flutter Mane|spe|1\n|-unboost|p2b: Chi-Yu|spe|1\n|move|p1a: Orthworm|Shed Tail|p1a: Orthworm\n|-start|p1a: Orthworm|Substitute|[from] move: Shed Tail\n|-damage|p1a: Orthworm|44\/100\n|-enditem|p1a: Orthworm|Sitrus Berry|[eat]\n|-heal|p1a: Orthworm|69\/100|[from] item: Sitrus Berry\n|inactive|Keveloper has 30 seconds left.\n|\n|t:|1681765074\n|switch|p1a: Dragonite|Dragonite, L50, M|100\/100|[from] Shed Tail\n|\n|upkeep\n|turn|2\n|inactive|arbokiara has 30 seconds left.\n|\n|t:|1681765100\n|switch|p1b: Orthworm|Orthworm, L50, F, tera:Fire|69\/100\n|move|p2a: Flutter Mane|Thunderbolt|p1b: Orthworm\n|-crit|p1b: Orthworm\n|-damage|p1b: Orthworm|0 fnt\n|faint|p1b: Orthworm\n|move|p2b: Chi-Yu|Heat Wave|p1a: Dragonite\n|-resisted|p1a: Dragonite\n|-activate|p1a: Dragonite|move: Substitute|[damage]\n|move|p1a: Dragonite|Earthquake|p2b: Chi-Yu|[spread] p2a,p2b\n|-crit|p2b: Chi-Yu\n|-damage|p2a: Flutter Mane|34\/100\n|-damage|p2b: Chi-Yu|24\/100\n|\n|upkeep\n|\n|t:|1681765114\n|switch|p1b: Ting-Lu|Ting-Lu, L50|100\/100\n|-ability|p1b: Ting-Lu|Vessel of Ruin\n|turn|3\n|\n|t:|1681765137\n|move|p2a: Flutter Mane|Protect|p2a: Flutter Mane\n|-singleturn|p2a: Flutter Mane|Protect\n|move|p2b: Chi-Yu|Heat Wave|p1a: Dragonite|[spread] p1b\n|-miss|p2b: Chi-Yu|p1a: Dragonite\n|-damage|p1b: Ting-Lu|74\/100\n|move|p1a: Dragonite|Dragon Dance|p1a: Dragonite\n|-boost|p1a: Dragonite|atk|1\n|-boost|p1a: Dragonite|spe|1\n|move|p1b: Ting-Lu|Earthquake|p2b: Chi-Yu|[spread] p2b\n|-activate|p2a: Flutter Mane|move: Protect\n|-immune|p1a: Dragonite\n|-damage|p2b: Chi-Yu|0 fnt\n|faint|p2b: Chi-Yu\n|\n|upkeep\n|\n|t:|1681765158\n|switch|p2b: Chien-Pao|Chien-Pao, L50|100\/100\n|-ability|p2b: Chien-Pao|Sword of Ruin\n|turn|4\n|\n|t:|1681765180\n|switch|p1b: Gyarados|Gyarados, L50, M|78\/100\n|-ability|p1b: Gyarados|Intimidate|boost\n|-unboost|p2a: Flutter Mane|atk|1\n|-unboost|p2b: Chien-Pao|atk|1\n|move|p1a: Dragonite|Earthquake|p2b: Chien-Pao|[spread] p2a,p2b\n|-immune|p1b: Gyarados\n|-damage|p2a: Flutter Mane|0 fnt\n|-damage|p2b: Chien-Pao|45\/100\n|faint|p2a: Flutter Mane\n|-end|p2a: Flutter Mane|Protosynthesis|[silent]\n|move|p2b: Chien-Pao|Ice Spinner|p1a: Dragonite\n|-supereffective|p1a: Dragonite\n|-end|p1a: Dragonite|Substitute\n|\n|upkeep\n|\n|t:|1681765192\n|switch|p2a: Palafin|Palafin-Hero, L50, M|100\/100\n|-activate|p2a: Palafin|ability: Zero to Hero\n|turn|5\n|inactive|arbokiara has 30 seconds left.\n|inactive|arbokiara has 20 seconds left.\n|inactive|arbokiara has 15 seconds left.\n|\n|t:|1681765233\n|move|p2b: Chien-Pao|Protect|p2b: Chien-Pao\n|-singleturn|p2b: Chien-Pao|Protect\n|move|p1a: Dragonite|Extreme Speed|p2b: Chien-Pao\n|-activate|p2b: Chien-Pao|move: Protect\n|move|p2a: Palafin|Haze|p2a: Palafin\n|-clearallboost\n|move|p1b: Gyarados|Thunder Wave|p2a: Palafin\n|-status|p2a: Palafin|par\n|\n|upkeep\n|turn|6\n|inactive|Keveloper has 30 seconds left.\n|\n|t:|1681765265\n|move|p1a: Dragonite|Extreme Speed|p2b: Chien-Pao\n|-damage|p2b: Chien-Pao|8\/100\n|move|p2a: Palafin|Jet Punch|p1a: Dragonite\n|-resisted|p1a: Dragonite\n|-damage|p1a: Dragonite|86\/100\n|move|p2b: Chien-Pao|Ice Spinner|p1a: Dragonite\n|-supereffective|p1a: Dragonite\n|-crit|p1a: Dragonite\n|-damage|p1a: Dragonite|0 fnt\n|faint|p1a: Dragonite\n|move|p1b: Gyarados|Bulldoze|p2b: Chien-Pao|[spread] p2a,p2b\n|-damage|p2a: Palafin|85\/100 par\n|-damage|p2b: Chien-Pao|0 fnt\n|-unboost|p2a: Palafin|spe|1\n|faint|p2b: Chien-Pao\n|\n|upkeep\n|\n|t:|1681765277\n|switch|p1a: Ting-Lu|Ting-Lu, L50|74\/100\n|-ability|p1a: Ting-Lu|Vessel of Ruin\n|turn|7\n|inactive|Keveloper has 30 seconds left.\n|\n|t:|1681765310\n|move|p1b: Gyarados|Waterfall|p2a: Palafin\n|-resisted|p2a: Palafin\n|-damage|p2a: Palafin|69\/100 par\n|move|p1a: Ting-Lu|Earthquake|p2a: Palafin|[spread] p2a\n|-immune|p1b: Gyarados\n|-damage|p2a: Palafin|27\/100 par\n|cant|p2a: Palafin|flinch\n|\n|upkeep\n|turn|8\n|-message|arbokiara forfeited.\n|\n|win|Keveloper\n|raw|Keveloper's rating: 1322 → 1342<\/strong> (+20 for winning)\n|raw|arbokiara's rating: 1321 → 1301<\/strong> (-20 for losing)\n|l|\u2606arbokiara\n","uploadtime":1681765323,"views":8,"p1id":"keveloper","p2id":"arbokiara","formatid":"gen9vgc2023regulationc","rating":1301,"private":0,"password":""}