{"id":"gen9vgc2023regulationc-1853325550","p1":"ffff44","p2":"suzuiVGC","format":"[Gen 9] VGC 2023 Regulation C","log":"|j|\u2606ffff44\n|j|\u2606suzuiVGC\n|t:|1682668330\n|gametype|doubles\n|player|p1|ffff44|101|1047\n|player|p2|suzuiVGC|roxanne|1046\n|teamsize|p1|6\n|teamsize|p2|6\n|gen|9\n|tier|[Gen 9] VGC 2023 Regulation C\n|rated|\n|rule|Species Clause: Limit one of each Pok\u00e9mon\n|rule|Item Clause: Limit one of each item\n|clearpoke\n|poke|p1|Torkoal, L50, M|\n|poke|p1|Chi-Yu, L50|\n|poke|p1|Bronzong, L50|\n|poke|p1|Gastrodon, L50, M|\n|poke|p1|Grimmsnarl, L50, M|\n|poke|p1|Skeledirge, L50, F|\n|poke|p2|Amoonguss, L50, F|\n|poke|p2|Arcanine, L50, M|\n|poke|p2|Flutter Mane, L50|\n|poke|p2|Ting-Lu, L50|\n|poke|p2|Palafin, L50, F|\n|poke|p2|Dragonite, L50, F|\n|teampreview|4\n|\n|t:|1682668357\n|start\n|switch|p1a: Grimmsnarl|Grimmsnarl, L50, M|100\/100\n|switch|p1b: Skeledirge|Skeledirge, L50, F|100\/100\n|switch|p2a: Arcanine|Arcanine, L50, M|100\/100\n|switch|p2b: Palafin|Palafin, L50, F|100\/100\n|-ability|p2a: Arcanine|Intimidate|boost\n|-unboost|p1a: Grimmsnarl|atk|1\n|-unboost|p1b: Skeledirge|atk|1\n|turn|1\n|inactive|Battle timer is ON: inactive players will automatically lose when time's up. (requested by ffff44)\n|\n|t:|1682668382\n|-terastallize|p2b: Palafin|Water\n|move|p1b: Skeledirge|Protect|p1b: Skeledirge\n|-singleturn|p1b: Skeledirge|Protect\n|move|p2b: Palafin|Wave Crash|p1b: Skeledirge\n|-activate|p1b: Skeledirge|move: Protect\n|move|p2a: Arcanine|Snarl|p1b: Skeledirge|[spread] p1a\n|-activate|p1b: Skeledirge|move: Protect\n|-resisted|p1a: Grimmsnarl\n|-damage|p1a: Grimmsnarl|98\/100\n|-unboost|p1a: Grimmsnarl|spa|1\n|move|p1a: Grimmsnarl|Spirit Break|p2b: Palafin\n|-damage|p2b: Palafin|68\/100\n|\n|upkeep\n|turn|2\n|\n|t:|1682668401\n|switch|p1b: Gastrodon|Gastrodon, L50, M|100\/100\n|move|p1a: Grimmsnarl|Trick|p2a: Arcanine\n|-activate|p1a: Grimmsnarl|move: Trick|[of] p2a: Arcanine\n|-item|p2a: Arcanine|Lagging Tail|[from] move: Trick\n|-item|p1a: Grimmsnarl|Aguav Berry|[from] move: Trick\n|move|p2b: Palafin|Wave Crash|p1b: Gastrodon\n|-ability|p1b: Gastrodon|Storm Drain|boost\n|-boost|p1b: Gastrodon|spa|1\n|move|p2a: Arcanine|Snarl|p1b: Gastrodon|[spread] p1a,p1b\n|-resisted|p1a: Grimmsnarl\n|-damage|p1a: Grimmsnarl|95\/100\n|-damage|p1b: Gastrodon|94\/100\n|-unboost|p1a: Grimmsnarl|spa|1\n|\n|upkeep\n|turn|3\n|\n|t:|1682668417\n|detailschange|p2b: Palafin|Palafin-Hero, L50, F, tera:Water\n|switch|p2b: Ting-Lu|Ting-Lu, L50|100\/100\n|-ability|p2b: Ting-Lu|Vessel of Ruin\n|switch|p1a: Skeledirge|Skeledirge, L50, F|100\/100\n|move|p1b: Gastrodon|Earth Power|p2a: Arcanine\n|-supereffective|p2a: Arcanine\n|-damage|p2a: Arcanine|20\/100\n|move|p2a: Arcanine|Snarl|p1a: Skeledirge|[spread] p1a,p1b\n|-supereffective|p1a: Skeledirge\n|-damage|p1a: Skeledirge|85\/100\n|-damage|p1b: Gastrodon|89\/100\n|-unboost|p1a: Skeledirge|spa|1\n|\n|-heal|p1a: Skeledirge|91\/100|[from] item: Leftovers\n|upkeep\n|turn|4\n|\n|t:|1682668438\n|switch|p1a: Grimmsnarl|Grimmsnarl, L50, M|95\/100\n|move|p1b: Gastrodon|Protect|p1b: Gastrodon\n|-singleturn|p1b: Gastrodon|Protect\n|move|p2a: Arcanine|Protect|p2a: Arcanine\n|-singleturn|p2a: Arcanine|Protect\n|move|p2b: Ting-Lu|Stomping Tantrum|p1a: Grimmsnarl\n|-damage|p1a: Grimmsnarl|61\/100\n|\n|upkeep\n|turn|5\n|\n|t:|1682668453\n|switch|p2a: Flutter Mane|Flutter Mane, L50|100\/100\n|-enditem|p2a: Flutter Mane|Booster Energy\n|-activate|p2a: Flutter Mane|ability: Protosynthesis|[fromitem]\n|-start|p2a: Flutter Mane|protosynthesisspe\n|move|p1a: Grimmsnarl|Fake Out|p2b: Ting-Lu\n|-damage|p2b: Ting-Lu|91\/100\n|move|p1b: Gastrodon|Earth Power|p2a: Flutter Mane\n|-damage|p2a: Flutter Mane|55\/100\n|cant|p2b: Ting-Lu|flinch\n|\n|-heal|p2b: Ting-Lu|97\/100|[from] item: Leftovers\n|upkeep\n|turn|6\n|\n|t:|1682668469\n|move|p1b: Gastrodon|Protect|p1b: Gastrodon\n|-singleturn|p1b: Gastrodon|Protect\n|move|p1a: Grimmsnarl|Sucker Punch|p2a: Flutter Mane\n|-damage|p2a: Flutter Mane|0 fnt\n|faint|p2a: Flutter Mane\n|-end|p2a: Flutter Mane|Protosynthesis|[silent]\n|move|p2b: Ting-Lu|Ruination|p1b: Gastrodon\n|-activate|p1b: Gastrodon|move: Protect\n|\n|-heal|p2b: Ting-Lu|100\/100|[from] item: Leftovers\n|upkeep\n|\n|t:|1682668481\n|switch|p2a: Arcanine|Arcanine, L50, M|20\/100\n|-ability|p2a: Arcanine|Intimidate|boost\n|-unboost|p1a: Grimmsnarl|atk|1\n|-unboost|p1b: Gastrodon|atk|1\n|turn|7\n|\n|t:|1682668487\n|switch|p1b: Skeledirge|Skeledirge, L50, F|91\/100\n|move|p1a: Grimmsnarl|Spirit Break|p2b: Ting-Lu\n|-supereffective|p2b: Ting-Lu\n|-damage|p2b: Ting-Lu|67\/100\n|-unboost|p2b: Ting-Lu|spa|1\n|move|p2b: Ting-Lu|Ruination|p1b: Skeledirge\n|-damage|p1b: Skeledirge|46\/100\n|move|p2a: Arcanine|Flare Blitz|p1a: Grimmsnarl\n|-damage|p1a: Grimmsnarl|0 fnt\n|faint|p1a: Grimmsnarl\n|-damage|p2a: Arcanine|1\/100|[from] Recoil\n|\n|-heal|p1b: Skeledirge|52\/100|[from] item: Leftovers\n|-heal|p2b: Ting-Lu|73\/100|[from] item: Leftovers\n|upkeep\n|\n|t:|1682668499\n|switch|p1a: Gastrodon|Gastrodon, L50, M|89\/100\n|turn|8\n|\n|t:|1682668517\n|move|p1b: Skeledirge|Protect|p1b: Skeledirge\n|-singleturn|p1b: Skeledirge|Protect\n|move|p1a: Gastrodon|Protect|p1a: Gastrodon\n|-singleturn|p1a: Gastrodon|Protect\n|move|p2a: Arcanine|Protect|p2a: Arcanine\n|-singleturn|p2a: Arcanine|Protect\n|move|p2b: Ting-Lu|Stomping Tantrum|p1b: Skeledirge\n|-activate|p1b: Skeledirge|move: Protect\n|\n|-heal|p1b: Skeledirge|58\/100|[from] item: Leftovers\n|-heal|p2b: Ting-Lu|79\/100|[from] item: Leftovers\n|upkeep\n|turn|9\n|inactive|suzuiVGC has 30 seconds left.\n|\n|t:|1682668543\n|-terastallize|p1b: Skeledirge|Fairy\n|move|p1b: Skeledirge|Tera Blast|p2b: Ting-Lu\n|-supereffective|p2b: Ting-Lu\n|-damage|p2b: Ting-Lu|37\/100\n|move|p1a: Gastrodon|Earth Power|p2a: Arcanine\n|-supereffective|p2a: Arcanine\n|-crit|p2a: Arcanine\n|-damage|p2a: Arcanine|0 fnt\n|faint|p2a: Arcanine\n|move|p2b: Ting-Lu|Stomping Tantrum|p1b: Skeledirge\n|-damage|p1b: Skeledirge|28\/100\n|\n|-heal|p1b: Skeledirge|34\/100|[from] item: Leftovers\n|-heal|p2b: Ting-Lu|43\/100|[from] item: Leftovers\n|upkeep\n|\n|t:|1682668555\n|switch|p2a: Palafin|Palafin-Hero, L50, F, tera:Water|68\/100\n|-activate|p2a: Palafin|ability: Zero to Hero\n|turn|10\n|\n|t:|1682668565\n|move|p1a: Gastrodon|Protect|p1a: Gastrodon\n|-singleturn|p1a: Gastrodon|Protect\n|move|p2b: Ting-Lu|Protect|p2b: Ting-Lu\n|-singleturn|p2b: Ting-Lu|Protect\n|move|p2a: Palafin|Close Combat|p1a: Gastrodon\n|-activate|p1a: Gastrodon|move: Protect\n|move|p1b: Skeledirge|Tera Blast|p2b: Ting-Lu\n|-activate|p2b: Ting-Lu|move: Protect\n|\n|-heal|p1b: Skeledirge|40\/100|[from] item: Leftovers\n|-heal|p2b: Ting-Lu|49\/100|[from] item: Leftovers\n|upkeep\n|turn|11\n|inactive|suzuiVGC has 30 seconds left.\n|\n|t:|1682668595\n|move|p2a: Palafin|Close Combat|p1a: Gastrodon\n|-damage|p1a: Gastrodon|30\/100\n|-unboost|p2a: Palafin|def|1\n|-unboost|p2a: Palafin|spd|1\n|move|p1b: Skeledirge|Encore|p2b: Ting-Lu\n|-start|p2b: Ting-Lu|Encore\n|move|p1a: Gastrodon|Sludge Bomb|p2a: Palafin\n|-damage|p2a: Palafin|41\/100\n|move|p2b: Ting-Lu|Protect||[still]\n|-fail|p2b: Ting-Lu\n|\n|-heal|p1b: Skeledirge|45\/100|[from] item: Leftovers\n|-heal|p2b: Ting-Lu|55\/100|[from] item: Leftovers\n|upkeep\n|turn|12\n|\n|t:|1682668616\n|move|p1a: Gastrodon|Protect|p1a: Gastrodon\n|-singleturn|p1a: Gastrodon|Protect\n|move|p2b: Ting-Lu|Protect|p2b: Ting-Lu\n|-singleturn|p2b: Ting-Lu|Protect\n|move|p2a: Palafin|Close Combat|p1a: Gastrodon\n|-activate|p1a: Gastrodon|move: Protect\n|move|p1b: Skeledirge|Tera Blast|p2a: Palafin\n|-damage|p2a: Palafin|0 fnt\n|faint|p2a: Palafin\n|\n|-heal|p1b: Skeledirge|51\/100|[from] item: Leftovers\n|-heal|p2b: Ting-Lu|62\/100|[from] item: Leftovers\n|upkeep\n|turn|13\n|-message|suzuiVGC forfeited.\n|\n|win|ffff44\n|raw|ffff44's rating: 1076 → 1102<\/strong> (+26 for winning)\n|raw|suzuiVGC's rating: 1046 → 1031<\/strong> (-15 for losing)\n|l|\u2606suzuiVGC\n","uploadtime":1682668630,"views":8,"p1id":"ffff44","p2id":"suzuivgc","formatid":"gen9vgc2023regulationc","rating":1031,"private":0,"password":""}