{"id":"gen9vgc2023regulationc-1846587387","p1":"kyle jables the d","p2":"avidgamer2","format":"[Gen 9] VGC 2023 Regulation C","log":"|j|\u2606kyle jables the d\n|j|\u2606avidgamer2\n|t:|1681854506\n|gametype|doubles\n|player|p1|kyle jables the d|ingo|1528\n|player|p2|avidgamer2|giovanni|1501\n|teamsize|p1|6\n|teamsize|p2|6\n|gen|9\n|tier|[Gen 9] VGC 2023 Regulation C\n|rated|\n|rule|Species Clause: Limit one of each Pok\u00e9mon\n|rule|Item Clause: Limit one of each item\n|clearpoke\n|poke|p1|Orthworm, L50, F|\n|poke|p1|Dragonite, L50, F|\n|poke|p1|Ting-Lu, L50|\n|poke|p1|Gyarados, L50, M|\n|poke|p1|Flutter Mane, L50|\n|poke|p1|Chien-Pao, L50|\n|poke|p2|Flutter Mane, L50|\n|poke|p2|Tatsugiri, L50, F|\n|poke|p2|Dondozo, L50, F|\n|poke|p2|Kingambit, L50, M|\n|poke|p2|Chi-Yu, L50|\n|poke|p2|Amoonguss, L50, M|\n|teampreview|4\n|j| DegeneraVGC\n|\n|t:|1681854580\n|start\n|switch|p1a: Ting-Lu|Ting-Lu, L50|100\/100\n|switch|p1b: Dragonite|Dragonite, L50, F|100\/100\n|switch|p2a: Tatsugiri|Tatsugiri, L50, F, shiny|100\/100\n|switch|p2b: Chi-Yu|Chi-Yu, L50|100\/100\n|-ability|p2b: Chi-Yu|Beads of Ruin\n|-item|p2b: Chi-Yu|Air Balloon\n|-ability|p1a: Ting-Lu|Vessel of Ruin\n|turn|1\n|\n|t:|1681854610\n|-terastallize|p2a: Tatsugiri|Steel\n|-terastallize|p1b: Dragonite|Flying\n|move|p2a: Tatsugiri|Draco Meteor|p1b: Dragonite\n|-damage|p1b: Dragonite|67\/100\n|-unboost|p2a: Tatsugiri|spa|2\n|move|p1b: Dragonite|Tera Blast|p2b: Chi-Yu\n|-damage|p2b: Chi-Yu|35\/100\n|-enditem|p2b: Chi-Yu|Air Balloon\n|move|p2b: Chi-Yu|Heat Wave|p1a: Ting-Lu|[spread] p1a,p1b\n|-damage|p1a: Ting-Lu|72\/100\n|-damage|p1b: Dragonite|29\/100\n|move|p1a: Ting-Lu|Earthquake|p2b: Chi-Yu|[spread] p2a,p2b\n|-immune|p1b: Dragonite\n|-supereffective|p2a: Tatsugiri\n|-supereffective|p2b: Chi-Yu\n|-damage|p2a: Tatsugiri|0 fnt\n|-damage|p2b: Chi-Yu|0 fnt\n|faint|p2a: Tatsugiri\n|faint|p2b: Chi-Yu\n|\n|upkeep\n|\n|t:|1681854628\n|switch|p2a: Flutter Mane|Flutter Mane, L50, shiny|100\/100\n|switch|p2b: Dondozo|Dondozo, L50, F, shiny|100\/100\n|turn|2\n|\n|t:|1681854644\n|move|p1b: Dragonite|Extreme Speed|p2b: Dondozo\n|-damage|p2b: Dondozo|86\/100\n|move|p2a: Flutter Mane|Dazzling Gleam|p1a: Ting-Lu|[spread] p1a,p1b\n|-supereffective|p1a: Ting-Lu\n|-damage|p1a: Ting-Lu|36\/100\n|-damage|p1b: Dragonite|6\/100\n|move|p1a: Ting-Lu|Earthquake|p2b: Dondozo|[spread] p2a,p2b\n|-immune|p1b: Dragonite\n|-enditem|p2a: Flutter Mane|Focus Sash\n|-damage|p2a: Flutter Mane|1\/100\n|-damage|p2b: Dondozo|58\/100\n|move|p2b: Dondozo|Yawn|p1a: Ting-Lu\n|-start|p1a: Ting-Lu|move: Yawn|[of] p2b: Dondozo\n|\n|-heal|p2b: Dondozo|64\/100|[from] item: Leftovers\n|upkeep\n|turn|3\n|\n|t:|1681854668\n|move|p1b: Dragonite|Extreme Speed|p2b: Dondozo\n|-damage|p2b: Dondozo|51\/100\n|move|p2a: Flutter Mane|Dazzling Gleam|p1b: Dragonite|[spread] p1a,p1b\n|-supereffective|p1a: Ting-Lu\n|-damage|p1a: Ting-Lu|0 fnt\n|-damage|p1b: Dragonite|0 fnt\n|faint|p1a: Ting-Lu\n|faint|p1b: Dragonite\n|move|p2b: Dondozo|Wave Crash|p1: Ting-Lu|[notarget]\n|-fail|p2b: Dondozo\n|\n|-heal|p2b: Dondozo|57\/100|[from] item: Leftovers\n|upkeep\n|\n|t:|1681854678\n|switch|p1b: Flutter Mane|Flutter Mane, L50|100\/100\n|switch|p1a: Chien-Pao|Chien-Pao, L50|100\/100\n|-ability|p1a: Chien-Pao|Sword of Ruin\n|turn|4\n|\n|t:|1681854691\n|move|p2a: Flutter Mane|Protect|p2a: Flutter Mane\n|-singleturn|p2a: Flutter Mane|Protect\n|move|p1a: Chien-Pao|Sucker Punch||[still]\n|-fail|p1a: Chien-Pao\n|move|p1b: Flutter Mane|Moonblast|p2b: Dondozo\n|-damage|p2b: Dondozo|12\/100\n|move|p2b: Dondozo|Wave Crash|p1a: Chien-Pao\n|-damage|p1a: Chien-Pao|42\/100\n|-damage|p2b: Dondozo|0 fnt|[from] Recoil\n|faint|p2b: Dondozo\n|\n|upkeep\n|turn|5\n|\n|t:|1681854706\n|move|p1a: Chien-Pao|Sucker Punch|p2a: Flutter Mane\n|-damage|p2a: Flutter Mane|0 fnt\n|faint|p2a: Flutter Mane\n|-end|p2a: Flutter Mane|Protosynthesis|[silent]\n|\n|win|kyle jables the d\n|raw|kyle jables the d's rating: 1528 → 1546<\/strong> (+18 for winning)\n|raw|avidgamer2's rating: 1501 → 1483<\/strong> (-18 for losing)\n|l|\u2606kyle jables the d\n","uploadtime":1681854732,"views":12,"p1id":"kylejablesthed","p2id":"avidgamer2","formatid":"gen9vgc2023regulationc","rating":1483,"private":0,"password":""}