{"id":"gen9vgc2023regulationc-1853211163","p1":"TokiDoki9001","p2":"grafaudawg","format":"[Gen 9] VGC 2023 Regulation C","log":"|j|\u2606TokiDoki9001\n|j|\u2606grafaudawg\n|t:|1682649166\n|gametype|doubles\n|player|p1|TokiDoki9001|pokefanf-gen4|1251\n|player|p2|grafaudawg|102|1203\n|teamsize|p1|6\n|teamsize|p2|6\n|gen|9\n|tier|[Gen 9] VGC 2023 Regulation C\n|rated|\n|rule|Species Clause: Limit one of each Pok\u00e9mon\n|rule|Item Clause: Limit one of each item\n|clearpoke\n|poke|p1|Oricorio-Pom-Pom, L50, F|\n|poke|p1|Chi-Yu, L50|\n|poke|p1|Volcarona, L50, M|\n|poke|p1|Gyarados, L50, F|\n|poke|p1|Flutter Mane, L50|\n|poke|p1|Amoonguss, L50, M|\n|poke|p2|Iron Hands, L50|\n|poke|p2|Gholdengo, L50|\n|poke|p2|Chi-Yu, L50|\n|poke|p2|Palafin, L50, F|\n|poke|p2|Iron Bundle, L50|\n|poke|p2|Sylveon, L50, M|\n|teampreview|4\n|inactive|Battle timer is ON: inactive players will automatically lose when time's up. (requested by grafaudawg)\n|inactive|TokiDoki9001 has 60 seconds left.\n|\n|t:|1682649226\n|start\n|switch|p1a: Toki|Oricorio-Pom-Pom, L50, F, shiny|100\/100\n|switch|p1b: Jackie|Volcarona, L50, M|100\/100\n|switch|p2a: Palafin|Palafin, L50, F|100\/100\n|switch|p2b: Iron Hands|Iron Hands, L50|100\/100\n|turn|1\n|inactive|TokiDoki9001 has 30 seconds left.\n|\n|t:|1682649252\n|move|p1a: Toki|Protect|p1a: Toki\n|-singleturn|p1a: Toki|Protect\n|move|p2a: Palafin|Protect|p2a: Palafin\n|-singleturn|p2a: Palafin|Protect\n|move|p1b: Jackie|Quiver Dance|p1b: Jackie\n|-boost|p1b: Jackie|spa|1\n|-boost|p1b: Jackie|spd|1\n|-boost|p1b: Jackie|spe|1\n|-activate|p1a: Toki|ability: Dancer\n|move|p1a: Toki|Quiver Dance|p1a: Toki|[from]ability: Dancer\n|-boost|p1a: Toki|spa|1\n|-boost|p1a: Toki|spd|1\n|-boost|p1a: Toki|spe|1\n|move|p2b: Iron Hands|Thunder Punch|p1a: Toki\n|-activate|p1a: Toki|move: Protect\n|\n|upkeep\n|turn|2\n|inactive|TokiDoki9001 has 30 seconds left.\n|inactive|grafaudawg has 30 seconds left.\n|inactive|TokiDoki9001 has 20 seconds left.\n|inactive|grafaudawg has 20 seconds left.\n|inactive|TokiDoki9001 has 15 seconds left.\n|inactive|grafaudawg has 15 seconds left.\n|inactive|TokiDoki9001 has 10 seconds left.\n|\n|t:|1682649298\n|-terastallize|p1b: Jackie|Water\n|-terastallize|p2a: Palafin|Water\n|move|p2a: Palafin|Jet Punch|p1b: Jackie\n|-resisted|p1b: Jackie\n|-damage|p1b: Jackie|78\/100\n|move|p1b: Jackie|Fiery Dance|p2b: Iron Hands\n|-crit|p2b: Iron Hands\n|-damage|p2b: Iron Hands|47\/100\n|-activate|p1a: Toki|ability: Dancer\n|move|p1a: Toki|Fiery Dance|p2b: Iron Hands|[from]ability: Dancer\n|-damage|p2b: Iron Hands|28\/100\n|move|p1a: Toki|Revelation Dance|p2a: Palafin\n|-supereffective|p2a: Palafin\n|-damage|p2a: Palafin|0 fnt\n|faint|p2a: Palafin\n|move|p2b: Iron Hands|Drain Punch|p1a: Toki\n|-resisted|p1a: Toki\n|-crit|p1a: Toki\n|-damage|p1a: Toki|63\/100\n|-heal|p2b: Iron Hands|40\/100|[from] drain|[of] p1a: Toki\n|\n|upkeep\n|inactive|grafaudawg has 30 seconds left.\n|\n|t:|1682649325\n|switch|p2a: Iron Bundle|Iron Bundle, L50|100\/100\n|-enditem|p2a: Iron Bundle|Booster Energy\n|-activate|p2a: Iron Bundle|ability: Quark Drive|[fromitem]\n|-start|p2a: Iron Bundle|quarkdrivespe\n|turn|3\n|inactive|TokiDoki9001 has 30 seconds left.\n|inactive|grafaudawg has 30 seconds left.\n|\n|t:|1682649353\n|switch|p1b: Amoonguss|Amoonguss, L50, M|100\/100\n|move|p2a: Iron Bundle|Protect|p2a: Iron Bundle\n|-singleturn|p2a: Iron Bundle|Protect\n|move|p1a: Toki|Protect|p1a: Toki\n|-singleturn|p1a: Toki|Protect\n|move|p2b: Iron Hands|Thunder Punch|p1b: Amoonguss\n|-resisted|p1b: Amoonguss\n|-damage|p1b: Amoonguss|80\/100\n|\n|upkeep\n|turn|4\n|inactive|grafaudawg has 30 seconds left.\n|\n|t:|1682649380\n|move|p1b: Amoonguss|Rage Powder|p1b: Amoonguss\n|-singleturn|p1b: Amoonguss|move: Rage Powder\n|move|p2a: Iron Bundle|Freeze-Dry|p1b: Amoonguss\n|-supereffective|p1b: Amoonguss\n|-enditem|p1b: Amoonguss|Yache Berry|[eat]\n|-enditem|p1b: Amoonguss|Yache Berry|[weaken]\n|-damage|p1b: Amoonguss|58\/100\n|move|p1a: Toki|Tailwind|p1a: Toki\n|-sidestart|p1: TokiDoki9001|move: Tailwind\n|move|p2b: Iron Hands|Drain Punch|p1b: Amoonguss\n|-resisted|p1b: Amoonguss\n|-damage|p1b: Amoonguss|39\/100\n|-heal|p2b: Iron Hands|48\/100|[from] drain|[of] p1b: Amoonguss\n|\n|upkeep\n|turn|5\n|\n|t:|1682649399\n|move|p1b: Amoonguss|Rage Powder|p1b: Amoonguss\n|-singleturn|p1b: Amoonguss|move: Rage Powder\n|move|p1a: Toki|Air Slash|p2b: Iron Hands\n|-damage|p2b: Iron Hands|15\/100\n|move|p2a: Iron Bundle|Freeze-Dry|p1b: Amoonguss\n|-supereffective|p1b: Amoonguss\n|-damage|p1b: Amoonguss|0 fnt\n|faint|p1b: Amoonguss\n|move|p2b: Iron Hands|Thunder Punch|p1a: Toki\n|-damage|p1a: Toki|9\/100\n|-enditem|p1a: Toki|Mago Berry|[eat]\n|-heal|p1a: Toki|42\/100|[from] item: Mago Berry\n|\n|upkeep\n|\n|t:|1682649411\n|switch|p1b: Jackie|Volcarona, L50, M, tera:Water|78\/100\n|turn|6\n|\n|t:|1682649422\n|-end|p2b: Iron Hands|Quark Drive|[silent]\n|switch|p2b: Cheezers|Gholdengo, L50|100\/100\n|move|p1a: Toki|Revelation Dance|p2a: Iron Bundle\n|-supereffective|p2a: Iron Bundle\n|-damage|p2a: Iron Bundle|0 fnt\n|faint|p2a: Iron Bundle\n|-end|p2a: Iron Bundle|Quark Drive|[silent]\n|move|p1b: Jackie|Fiery Dance|p2b: Cheezers\n|-supereffective|p2b: Cheezers\n|-damage|p2b: Cheezers|32\/100\n|-boost|p1b: Jackie|spa|1\n|-enditem|p2b: Cheezers|Sitrus Berry|[eat]\n|-heal|p2b: Cheezers|57\/100|[from] item: Sitrus Berry\n|-activate|p1a: Toki|ability: Dancer\n|move|p1a: Toki|Fiery Dance|p2b: Cheezers|[from]ability: Dancer\n|-supereffective|p2b: Cheezers\n|-damage|p2b: Cheezers|0 fnt\n|faint|p2b: Cheezers\n|\n|upkeep\n|-message|grafaudawg forfeited.\n|\n|win|TokiDoki9001\n|raw|TokiDoki9001's rating: 1251 → 1273<\/strong> (+22 for winning)\n|raw|grafaudawg's rating: 1203 → 1181<\/strong> (-22 for losing)\n|l|\u2606grafaudawg\n","uploadtime":1682649449,"views":16,"p1id":"tokidoki9001","p2id":"grafaudawg","formatid":"gen9vgc2023regulationc","rating":1181,"private":0,"password":""}