{"id":"gen9vgc2023regulationc-1860962180","p1":"Mizore Te","p2":"D-scNSe","format":"[Gen 9] VGC 2023 Regulation C","log":"|j|\u2606Mizore Te\n|j|\u2606D-scNSe\n|t:|1683703833\n|gametype|doubles\n|player|p1|Mizore Te|penny|1340\n|player|p2|D-scNSe|266|1264\n|teamsize|p1|6\n|teamsize|p2|6\n|gen|9\n|tier|[Gen 9] VGC 2023 Regulation C\n|rated|\n|rule|Species Clause: Limit one of each Pok\u00e9mon\n|rule|Item Clause: Limit one of each item\n|clearpoke\n|poke|p1|Goodra, L50, M|\n|poke|p1|Wo-Chien, L50|\n|poke|p1|Pelipper, L50, M|\n|poke|p1|Luxray, L50, F|\n|poke|p1|Tinkaton, L50, F|\n|poke|p1|Volcarona, L50, M|\n|poke|p2|Flutter Mane, L50|\n|poke|p2|Ting-Lu, L50|\n|poke|p2|Maushold-Four, L50|\n|poke|p2|Annihilape, L50, F|\n|poke|p2|Iron Bundle, L50|\n|poke|p2|Arcanine, L50, F|\n|teampreview|4\n|inactive|Battle timer is ON: inactive players will automatically lose when time's up. (requested by D-scNSe)\n|\n|t:|1683703928\n|start\n|switch|p1a: Pelipper|Pelipper, L50, M|100\/100\n|switch|p1b: Goodra|Goodra, L50, M|100\/100\n|switch|p2a: Iron Bundle|Iron Bundle, L50|100\/100\n|switch|p2b: Arcanine|Arcanine, L50, F|100\/100\n|-weather|RainDance|[from] ability: Drizzle|[of] p1a: Pelipper\n|-ability|p2b: Arcanine|Intimidate|boost\n|-unboost|p1a: Pelipper|atk|1\n|-unboost|p1b: Goodra|atk|1\n|turn|1\n|\n|t:|1683703949\n|-terastallize|p1b: Goodra|Water\n|move|p2a: Iron Bundle|Freeze-Dry|p1a: Pelipper\n|-supereffective|p1a: Pelipper\n|-enditem|p1a: Pelipper|Focus Sash\n|-damage|p1a: Pelipper|1\/100\n|move|p1b: Goodra|Acid Armor|p1b: Goodra\n|-boost|p1b: Goodra|def|2\n|move|p1a: Pelipper|Tailwind|p1a: Pelipper\n|-sidestart|p1: Mizore Te|move: Tailwind\n|move|p2b: Arcanine|Snarl|p1b: Goodra|[spread] p1a,p1b\n|-damage|p1a: Pelipper|0 fnt\n|-damage|p1b: Goodra|94\/100\n|-unboost|p1b: Goodra|spa|1\n|faint|p1a: Pelipper\n|\n|-weather|RainDance|[upkeep]\n|-heal|p1b: Goodra|100\/100|[from] item: Leftovers\n|upkeep\n|\n|t:|1683703965\n|switch|p1a: Tinkaton|Tinkaton, L50, F|100\/100\n|turn|2\n|\n|t:|1683703975\n|move|p2a: Iron Bundle|Protect|p2a: Iron Bundle\n|-singleturn|p2a: Iron Bundle|Protect\n|move|p2b: Arcanine|Protect|p2b: Arcanine\n|-singleturn|p2b: Arcanine|Protect\n|move|p1a: Tinkaton|Feint|p2a: Iron Bundle\n|-activate|p2a: Iron Bundle|move: Feint\n|-damage|p2a: Iron Bundle|92\/100\n|move|p1b: Goodra|Body Press|p2a: Iron Bundle\n|-supereffective|p2a: Iron Bundle\n|-damage|p2a: Iron Bundle|10\/100\n|\n|-weather|RainDance|[upkeep]\n|upkeep\n|turn|3\n|\n|t:|1683703997\n|-end|p2a: Iron Bundle|Quark Drive|[silent]\n|switch|p2a: Annihilape|Annihilape, L50, F|100\/100\n|move|p1a: Tinkaton|Ice Hammer|p2b: Arcanine\n|-resisted|p2b: Arcanine\n|-damage|p2b: Arcanine|90\/100\n|-unboost|p1a: Tinkaton|spe|1\n|-enditem|p1a: Tinkaton|Eject Pack\n|\n|t:|1683704005\n|switch|p1a: Wo-Chien|Wo-Chien, L50|100\/100\n|-ability|p1a: Wo-Chien|Tablets of Ruin\n|move|p1b: Goodra|Muddy Water|p2a: Annihilape|[spread] p2a,p2b\n|-supereffective|p2b: Arcanine\n|-damage|p2a: Annihilape|71\/100\n|-damage|p2b: Arcanine|27\/100\n|-enditem|p2b: Arcanine|Sitrus Berry|[eat]\n|-heal|p2b: Arcanine|52\/100|[from] item: Sitrus Berry\n|move|p2b: Arcanine|Will-O-Wisp|p1a: Wo-Chien|[miss]\n|-miss|p2b: Arcanine|p1a: Wo-Chien\n|\n|-weather|RainDance|[upkeep]\n|-heal|p2a: Annihilape|77\/100|[from] item: Leftovers\n|upkeep\n|turn|4\n|\n|t:|1683704029\n|move|p2b: Arcanine|Protect|p2b: Arcanine\n|-singleturn|p2b: Arcanine|Protect\n|move|p1b: Goodra|Muddy Water|p2a: Annihilape|[spread] p2a\n|-activate|p2b: Arcanine|move: Protect\n|-damage|p2a: Annihilape|46\/100\n|move|p1a: Wo-Chien|Ruination|p2a: Annihilape|[miss]\n|-miss|p1a: Wo-Chien|p2a: Annihilape\n|move|p2a: Annihilape|Drain Punch|p1a: Wo-Chien\n|-supereffective|p1a: Wo-Chien\n|-damage|p1a: Wo-Chien|54\/100\n|-heal|p2a: Annihilape|67\/100|[from] drain|[of] p1a: Wo-Chien\n|\n|-weather|RainDance|[upkeep]\n|-heal|p2a: Annihilape|73\/100|[from] item: Leftovers\n|-sideend|p1: Mizore Te|move: Tailwind\n|upkeep\n|turn|5\n|inactive|D-scNSe has 30 seconds left.\n|\n|t:|1683704060\n|-terastallize|p2b: Arcanine|Grass\n|move|p1a: Wo-Chien|Protect|p1a: Wo-Chien\n|-singleturn|p1a: Wo-Chien|Protect\n|move|p1b: Goodra|Muddy Water|p2b: Arcanine|[spread] p2a,p2b\n|-resisted|p2b: Arcanine\n|-damage|p2a: Annihilape|45\/100\n|-damage|p2b: Arcanine|37\/100\n|move|p2b: Arcanine|Snarl|p1a: Wo-Chien|[spread] p1b\n|-activate|p1a: Wo-Chien|move: Protect\n|-damage|p1b: Goodra|94\/100\n|-unboost|p1b: Goodra|spa|1\n|move|p2a: Annihilape|Drain Punch|p1a: Wo-Chien\n|-activate|p1a: Wo-Chien|move: Protect\n|\n|-weather|none\n|-heal|p1b: Goodra|100\/100|[from] item: Leftovers\n|-heal|p2a: Annihilape|51\/100|[from] item: Leftovers\n|upkeep\n|turn|6\n|\n|t:|1683704084\n|move|p1b: Goodra|Body Press|p2b: Arcanine\n|-damage|p2b: Arcanine|12\/100\n|move|p2b: Arcanine|Flare Blitz|p1a: Wo-Chien\n|-supereffective|p1a: Wo-Chien\n|-damage|p1a: Wo-Chien|0 fnt\n|faint|p1a: Wo-Chien\n|-damage|p2b: Arcanine|0 fnt|[from] Recoil\n|faint|p2b: Arcanine\n|move|p2a: Annihilape|Rage Fist|p1b: Goodra\n|-damage|p1b: Goodra|37\/100\n|\n|-heal|p1b: Goodra|44\/100|[from] item: Leftovers\n|-heal|p2a: Annihilape|57\/100|[from] item: Leftovers\n|upkeep\n|\n|t:|1683704100\n|switch|p2b: Flutter Mane|Flutter Mane, L50|100\/100\n|switch|p1a: Tinkaton|Tinkaton, L50, F|100\/100\n|-enditem|p2b: Flutter Mane|Booster Energy\n|-activate|p2b: Flutter Mane|ability: Protosynthesis|[fromitem]\n|-start|p2b: Flutter Mane|protosynthesisspe\n|turn|7\n|\n|t:|1683704121\n|move|p1b: Goodra|Protect|p1b: Goodra\n|-singleturn|p1b: Goodra|Protect\n|move|p2b: Flutter Mane|Thunderbolt|p1b: Goodra\n|-activate|p1b: Goodra|move: Protect\n|move|p1a: Tinkaton|Gigaton Hammer|p2b: Flutter Mane\n|-supereffective|p2b: Flutter Mane\n|-damage|p2b: Flutter Mane|0 fnt\n|faint|p2b: Flutter Mane\n|-end|p2b: Flutter Mane|Protosynthesis|[silent]\n|move|p2a: Annihilape|Rage Fist|p1a: Tinkaton\n|-crit|p1a: Tinkaton\n|-damage|p1a: Tinkaton|0 fnt\n|faint|p1a: Tinkaton\n|\n|-heal|p1b: Goodra|50\/100|[from] item: Leftovers\n|-heal|p2a: Annihilape|63\/100|[from] item: Leftovers\n|upkeep\n|\n|t:|1683704139\n|switch|p2b: Iron Bundle|Iron Bundle, L50|10\/100\n|turn|8\n|\n|t:|1683704152\n|move|p2b: Iron Bundle|Freeze-Dry|p1b: Goodra\n|-supereffective|p1b: Goodra\n|-damage|p1b: Goodra|1\/100\n|move|p1b: Goodra|Muddy Water|p2b: Iron Bundle|[spread] p2a,p2b\n|-crit|p2a: Annihilape\n|-resisted|p2b: Iron Bundle\n|-damage|p2a: Annihilape|17\/100\n|-damage|p2b: Iron Bundle|0 fnt\n|faint|p2b: Iron Bundle\n|-end|p2b: Iron Bundle|Quark Drive|[silent]\n|move|p2a: Annihilape|Rage Fist|p1b: Goodra\n|-damage|p1b: Goodra|0 fnt\n|faint|p1b: Goodra\n|\n|win|D-scNSe\n|raw|Mizore Te's rating: 1340 → 1316<\/strong> (-24 for losing)\n|raw|D-scNSe's rating: 1264 → 1294<\/strong> (+30 for winning)\n|l|\u2606Mizore Te\n","uploadtime":1683704174,"views":12,"p1id":"mizorete","p2id":"dscnse","formatid":"gen9vgc2023regulationc","rating":1294,"private":0,"password":""}