{"id":"gen9vgc2023regulationc-1863983374","p1":"wiidoo","p2":"wackomarko","format":"[Gen 9] VGC 2023 Regulation C","log":"|j|\u2606wiidoo\n|j|\u2606wackomarko\n|t:|1684101198\n|gametype|doubles\n|player|p1|wiidoo|blue|1112\n|player|p2|wackomarko|hiker-gen4|1096\n|teamsize|p1|6\n|teamsize|p2|6\n|gen|9\n|tier|[Gen 9] VGC 2023 Regulation C\n|rated|\n|rule|Species Clause: Limit one of each Pok\u00e9mon\n|rule|Item Clause: Limit one of each item\n|clearpoke\n|poke|p1|Torkoal, L50, F|\n|poke|p1|Chi-Yu, L50|\n|poke|p1|Great Tusk, L50|\n|poke|p1|Farigiraf, L50, F|\n|poke|p1|Flutter Mane, L50|\n|poke|p1|Kingambit, L50, M|\n|poke|p2|Talonflame, L50, F|\n|poke|p2|Amoonguss, L50, M|\n|poke|p2|Flutter Mane, L50|\n|poke|p2|Chien-Pao, L50|\n|poke|p2|Gyarados, L50, F|\n|poke|p2|Dragapult, L50, M|\n|teampreview|4\n|\n|t:|1684101252\n|start\n|switch|p1a: Torkoal|Torkoal, L50, F|100\/100\n|switch|p1b: Chizo|Flutter Mane, L50, shiny|100\/100\n|switch|p2a: Chien-Pao|Chien-Pao, L50|100\/100\n|switch|p2b: Dragapult|Dragapult, L50, M, shiny|100\/100\n|-ability|p2a: Chien-Pao|Sword of Ruin\n|-weather|SunnyDay|[from] ability: Drought|[of] p1a: Torkoal\n|-activate|p1b: Chizo|ability: Protosynthesis\n|-start|p1b: Chizo|protosynthesisspe\n|turn|1\n|\n|t:|1684101295\n|switch|p2b: Talonflame|Talonflame, L50, F, shiny|100\/100\n|switch|p1a: Farigiraf|Farigiraf, L50, F|100\/100\n|move|p2a: Chien-Pao|Sucker Punch||[still]\n|cant|p1a: Farigiraf|ability: Armor Tail|Sucker Punch|[of] p2a: Chien-Pao\n|move|p1b: Chizo|Moonblast|p2b: Talonflame\n|-resisted|p2b: Talonflame\n|-damage|p2b: Talonflame|50\/100\n|\n|-weather|SunnyDay|[upkeep]\n|upkeep\n|turn|2\n|\n|t:|1684101329\n|move|p1b: Chizo|Moonblast|p2a: Chien-Pao\n|-supereffective|p2a: Chien-Pao\n|-enditem|p2a: Chien-Pao|Focus Sash\n|-damage|p2a: Chien-Pao|1\/100\n|move|p2a: Chien-Pao|Ice Spinner|p1a: Farigiraf\n|-damage|p1a: Farigiraf|50\/100\n|move|p2b: Talonflame|Brave Bird|p1a: Farigiraf\n|-crit|p1a: Farigiraf\n|-damage|p1a: Farigiraf|0 fnt\n|faint|p1a: Farigiraf\n|-damage|p2b: Talonflame|30\/100|[from] Recoil\n|\n|-weather|SunnyDay|[upkeep]\n|upkeep\n|\n|t:|1684101343\n|switch|p1a: Torkoal|Torkoal, L50, F|100\/100\n|turn|3\n|\n|t:|1684101353\n|-end|p1b: Chizo|Protosynthesis|[silent]\n|switch|p1b: Kingambit|Kingambit, L50, M|100\/100\n|move|p2a: Chien-Pao|Sucker Punch||[still]\n|-fail|p2a: Chien-Pao\n|move|p2b: Talonflame|Tailwind|p2b: Talonflame\n|-sidestart|p2: wackomarko|move: Tailwind\n|move|p1a: Torkoal|Overheat|p2a: Chien-Pao\n|-supereffective|p2a: Chien-Pao\n|-damage|p2a: Chien-Pao|0 fnt\n|-unboost|p1a: Torkoal|spa|2\n|-enditem|p1a: Torkoal|Eject Pack\n|faint|p2a: Chien-Pao\n|\n|t:|1684101364\n|switch|p1a: Chizo|Flutter Mane, L50, shiny|100\/100\n|-activate|p1a: Chizo|ability: Protosynthesis\n|-start|p1a: Chizo|protosynthesisspe\n|\n|-weather|SunnyDay|[upkeep]\n|upkeep\n|\n|t:|1684101380\n|switch|p2a: Dragapult|Dragapult, L50, M, shiny|100\/100\n|turn|4\n|\n|t:|1684101394\n|-terastallize|p1a: Chizo|Fairy\n|move|p1b: Kingambit|Sucker Punch||[still]\n|-fail|p1b: Kingambit\n|move|p2a: Dragapult|Phantom Force||[still]\n|-prepare|p2a: Dragapult|Phantom Force\n|move|p2b: Talonflame|Will-O-Wisp|p1b: Kingambit\n|-status|p1b: Kingambit|brn\n|move|p1a: Chizo|Moonblast|p2a: Dragapult|[miss]\n|-miss|p1a: Chizo|p2a: Dragapult\n|\n|-weather|SunnyDay|[upkeep]\n|-damage|p1b: Kingambit|94\/100 brn|[from] brn\n|upkeep\n|turn|5\n|\n|t:|1684101423\n|move|p2a: Dragapult|Phantom Force|p1a: Chizo|[from]lockedmove\n|-damage|p1a: Chizo|0 fnt\n|faint|p1a: Chizo\n|-end|p1a: Chizo|Protosynthesis|[silent]\n|move|p2b: Talonflame|Will-O-Wisp|p1b: Kingambit\n|-fail|p1b: Kingambit|brn\n|move|p1b: Kingambit|Kowtow Cleave|p2b: Talonflame\n|-damage|p2b: Talonflame|0 fnt\n|faint|p2b: Talonflame\n|\n|-weather|none\n|-damage|p1b: Kingambit|88\/100 brn|[from] brn\n|upkeep\n|\n|t:|1684101440\n|switch|p2b: Flutter Mane|Flutter Mane, L50, shiny|100\/100\n|switch|p1a: Torkoal|Torkoal, L50, F|100\/100\n|-weather|SunnyDay|[from] ability: Drought|[of] p1a: Torkoal\n|-activate|p2b: Flutter Mane|ability: Protosynthesis\n|-start|p2b: Flutter Mane|protosynthesisspe\n|turn|6\n|\n|t:|1684101473\n|-terastallize|p2b: Flutter Mane|Steel\n|move|p2b: Flutter Mane|Shadow Ball|p1a: Torkoal\n|-damage|p1a: Torkoal|32\/100\n|-damage|p2b: Flutter Mane|91\/100|[from] item: Life Orb\n|move|p2a: Dragapult|Phantom Force||[still]\n|-prepare|p2a: Dragapult|Phantom Force\n|move|p1b: Kingambit|Iron Head|p2b: Flutter Mane\n|-resisted|p2b: Flutter Mane\n|-damage|p2b: Flutter Mane|70\/100\n|move|p1a: Torkoal|Yawn|p2b: Flutter Mane\n|-start|p2b: Flutter Mane|move: Yawn|[of] p1a: Torkoal\n|\n|-weather|SunnyDay|[upkeep]\n|-damage|p1b: Kingambit|82\/100 brn|[from] brn\n|-sideend|p2: wackomarko|move: Tailwind\n|upkeep\n|turn|7\n|\n|t:|1684101496\n|move|p1a: Torkoal|Protect|p1a: Torkoal\n|-singleturn|p1a: Torkoal|Protect\n|move|p2b: Flutter Mane|Thunderbolt|p1b: Kingambit\n|-damage|p1b: Kingambit|57\/100 brn\n|-damage|p2b: Flutter Mane|60\/100|[from] item: Life Orb\n|move|p2a: Dragapult|Phantom Force|p1a: Torkoal|[from]lockedmove\n|-activate|p1a: Torkoal|move: Phantom Force|[broken]\n|-damage|p1a: Torkoal|0 fnt\n|faint|p1a: Torkoal\n|move|p1b: Kingambit|Kowtow Cleave|p2a: Dragapult\n|-supereffective|p2a: Dragapult\n|-damage|p2a: Dragapult|35\/100\n|\n|-weather|SunnyDay|[upkeep]\n|-damage|p1b: Kingambit|50\/100 brn|[from] brn\n|-end|p2b: Flutter Mane|move: Yawn|[silent]\n|-status|p2b: Flutter Mane|slp\n|upkeep\n|turn|8\n|\n|t:|1684101517\n|cant|p2b: Flutter Mane|slp\n|move|p2a: Dragapult|Phantom Force||[still]\n|-prepare|p2a: Dragapult|Phantom Force\n|move|p1b: Kingambit|Brick Break|p2b: Flutter Mane\n|-supereffective|p2b: Flutter Mane\n|-damage|p2b: Flutter Mane|4\/100 slp\n|\n|-weather|SunnyDay|[upkeep]\n|-damage|p1b: Kingambit|44\/100 brn|[from] brn\n|upkeep\n|turn|9\n|\n|t:|1684101530\n|move|p1b: Kingambit|Sucker Punch|p2a: Dragapult|[miss]\n|-miss|p1b: Kingambit|p2a: Dragapult\n|cant|p2b: Flutter Mane|slp\n|move|p2a: Dragapult|Phantom Force|p1b: Kingambit|[from]lockedmove\n|-resisted|p1b: Kingambit\n|-damage|p1b: Kingambit|20\/100 brn\n|\n|-weather|SunnyDay|[upkeep]\n|-damage|p1b: Kingambit|15\/100 brn|[from] brn\n|upkeep\n|turn|10\n|\n|t:|1684101545\n|move|p1b: Kingambit|Sucker Punch|p2b: Flutter Mane\n|-damage|p2b: Flutter Mane|0 fnt\n|faint|p2b: Flutter Mane\n|-end|p2b: Flutter Mane|Protosynthesis|[silent]\n|move|p2a: Dragapult|Phantom Force||[still]\n|-prepare|p2a: Dragapult|Phantom Force\n|\n|-weather|none\n|-damage|p1b: Kingambit|8\/100 brn|[from] brn\n|upkeep\n|turn|11\n|\n|t:|1684101555\n|move|p2a: Dragapult|Phantom Force|p1b: Kingambit|[from]lockedmove\n|-resisted|p1b: Kingambit\n|-damage|p1b: Kingambit|0 fnt\n|faint|p1b: Kingambit\n|\n|win|wackomarko\n|raw|wiidoo's rating: 1112 → 1086<\/strong> (-26 for losing)\n|raw|wackomarko's rating: 1096 → 1123<\/strong> (+27 for winning)\n|l|\u2606wiidoo\n","uploadtime":1684101562,"views":7,"p1id":"wiidoo","p2id":"wackomarko","formatid":"gen9vgc2023regulationc","rating":1086,"private":0,"password":""}