{"id":"gen9vgc2023regulationc-1862550598","p1":"Tendo Pain(Nagato)","p2":"jmz900","format":"[Gen 9] VGC 2023 Regulation C","log":"|j|\u2606Tendo Pain(Nagato)\n|j|\u2606jmz900\n|t:|1683899911\n|gametype|doubles\n|player|p1|Tendo Pain(Nagato)|bruno|1520\n|player|p2|jmz900|265|1428\n|teamsize|p1|6\n|teamsize|p2|6\n|gen|9\n|tier|[Gen 9] VGC 2023 Regulation C\n|rated|\n|rule|Species Clause: Limit one of each Pok\u00e9mon\n|rule|Item Clause: Limit one of each item\n|clearpoke\n|poke|p1|Ting-Lu, L50|\n|poke|p1|Vivillon-Fancy, L50, F|\n|poke|p1|Iron Bundle, L50|\n|poke|p1|Abomasnow, L50, F|\n|poke|p1|Annihilape, L50, M|\n|poke|p1|Chien-Pao, L50|\n|poke|p2|Kingambit, L50, F|\n|poke|p2|Amoonguss, L50, M|\n|poke|p2|Arcanine, L50, F|\n|poke|p2|Flutter Mane, L50|\n|poke|p2|Baxcalibur, L50, M|\n|poke|p2|Iron Bundle, L50|\n|teampreview|4\n|\n|t:|1683899949\n|start\n|switch|p1a: Annihilape|Annihilape, L50, M|100\/100\n|switch|p1b: Vivillon|Vivillon-Fancy, L50, F|100\/100\n|switch|p2a: Baxcalibur|Baxcalibur, L50, M|100\/100\n|switch|p2b: Iron Bundle|Iron Bundle, L50|100\/100\n|-enditem|p2b: Iron Bundle|Booster Energy\n|-activate|p2b: Iron Bundle|ability: Quark Drive|[fromitem]\n|-start|p2b: Iron Bundle|quarkdrivespe\n|turn|1\n|inactive|Battle timer is ON: inactive players will automatically lose when time's up. (requested by Tendo Pain(Nagato))\n|\n|t:|1683899973\n|-terastallize|p2a: Baxcalibur|Poison\n|move|p1b: Vivillon|Protect|p1b: Vivillon\n|-singleturn|p1b: Vivillon|Protect\n|move|p2b: Iron Bundle|Hydro Pump|p1a: Annihilape\n|-damage|p1a: Annihilape|62\/100\n|move|p1a: Annihilape|Close Combat|p2b: Iron Bundle\n|-supereffective|p2b: Iron Bundle\n|-damage|p2b: Iron Bundle|0 fnt\n|-unboost|p1a: Annihilape|def|1\n|-unboost|p1a: Annihilape|spd|1\n|faint|p2b: Iron Bundle\n|-end|p2b: Iron Bundle|Quark Drive|[silent]\n|move|p2a: Baxcalibur|Glaive Rush|p1a: Annihilape\n|-damage|p1a: Annihilape|0 fnt\n|-singlemove|p2a: Baxcalibur|Glaive Rush|[silent]\n|faint|p1a: Annihilape\n|\n|upkeep\n|\n|t:|1683899996\n|switch|p2b: Kingambit|Kingambit, L50, F|100\/100\n|switch|p1a: Iron Bundle|Iron Bundle, L50|100\/100\n|-enditem|p1a: Iron Bundle|Booster Energy\n|-activate|p1a: Iron Bundle|ability: Quark Drive|[fromitem]\n|-start|p1a: Iron Bundle|quarkdrivespe\n|turn|2\n|j| Rabbihorn\n|\n|t:|1683900012\n|move|p2a: Baxcalibur|Ice Shard|p1b: Vivillon\n|-supereffective|p1b: Vivillon\n|-damage|p1b: Vivillon|14\/100\n|move|p1a: Iron Bundle|Hydro Pump|p2b: Kingambit\n|-damage|p2b: Kingambit|49\/100\n|move|p1b: Vivillon|Pollen Puff|p2b: Kingambit\n|-damage|p2b: Kingambit|15\/100\n|move|p2b: Kingambit|Kowtow Cleave|p1a: Iron Bundle\n|-damage|p1a: Iron Bundle|52\/100\n|\n|upkeep\n|turn|3\n|\n|t:|1683900031\n|switch|p1b: Abomasnow|Abomasnow, L50, F|100\/100\n|-weather|Snow|[from] ability: Snow Warning|[of] p1b: Abomasnow\n|move|p2a: Baxcalibur|Ice Shard|p1a: Iron Bundle\n|-resisted|p1a: Iron Bundle\n|-damage|p1a: Iron Bundle|47\/100\n|move|p2b: Kingambit|Sucker Punch||[still]\n|-fail|p2b: Kingambit\n|move|p1a: Iron Bundle|Aurora Veil|p1a: Iron Bundle\n|-sidestart|p1: Tendo Pain(Nagato)|move: Aurora Veil\n|\n|-weather|Snow|[upkeep]\n|upkeep\n|turn|4\n|\n|t:|1683900055\n|move|p2b: Kingambit|Sucker Punch|p1a: Iron Bundle\n|-damage|p1a: Iron Bundle|23\/100\n|move|p1a: Iron Bundle|Blizzard|p2a: Baxcalibur|[spread] p2a,p2b\n|-resisted|p2b: Kingambit\n|-damage|p2a: Baxcalibur|78\/100\n|-damage|p2b: Kingambit|0 fnt\n|-status|p2a: Baxcalibur|frz\n|faint|p2b: Kingambit\n|-curestatus|p2a: Baxcalibur|frz|[msg]\n|move|p2a: Baxcalibur|Glaive Rush|p1a: Iron Bundle\n|-damage|p1a: Iron Bundle|0 fnt\n|-singlemove|p2a: Baxcalibur|Glaive Rush|[silent]\n|faint|p1a: Iron Bundle\n|-end|p1a: Iron Bundle|Quark Drive|[silent]\n|move|p1b: Abomasnow|Blizzard|p2a: Baxcalibur\n|-damage|p2a: Baxcalibur|17\/100\n|-damage|p1b: Abomasnow|91\/100|[from] item: Life Orb\n|\n|-weather|Snow|[upkeep]\n|upkeep\n|\n|t:|1683900073\n|switch|p1a: Vivillon|Vivillon-Fancy, L50, F|14\/100\n|switch|p2b: Flutter Mane|Flutter Mane, L50|100\/100\n|turn|5\n|\n|t:|1683900085\n|-terastallize|p1b: Abomasnow|Water\n|move|p1a: Vivillon|Protect|p1a: Vivillon\n|-singleturn|p1a: Vivillon|Protect\n|move|p2a: Baxcalibur|Ice Shard|p1b: Abomasnow\n|-resisted|p1b: Abomasnow\n|-damage|p1b: Abomasnow|84\/100\n|move|p2b: Flutter Mane|Moonblast|p1b: Abomasnow\n|-damage|p1b: Abomasnow|43\/100\n|move|p1b: Abomasnow|Blizzard|p2a: Baxcalibur|[spread] p2a,p2b\n|-damage|p2a: Baxcalibur|0 fnt\n|-damage|p2b: Flutter Mane|54\/100\n|faint|p2a: Baxcalibur\n|-damage|p1b: Abomasnow|34\/100|[from] item: Life Orb\n|\n|-weather|Snow|[upkeep]\n|upkeep\n|turn|6\n|\n|t:|1683900102\n|move|p1a: Vivillon|Rage Powder|p1a: Vivillon\n|-singleturn|p1a: Vivillon|move: Rage Powder\n|move|p2b: Flutter Mane|Moonblast|p1a: Vivillon\n|-damage|p1a: Vivillon|0 fnt\n|faint|p1a: Vivillon\n|move|p1b: Abomasnow|Blizzard|p2b: Flutter Mane\n|-damage|p2b: Flutter Mane|0 fnt\n|faint|p2b: Flutter Mane\n|-end|p2b: Flutter Mane|Protosynthesis|[silent]\n|-damage|p1b: Abomasnow|24\/100|[from] item: Life Orb\n|\n|win|Tendo Pain(Nagato)\n|raw|Tendo Pain(Nagato)'s rating: 1520 → 1535<\/strong> (+15 for winning)\n|raw|jmz900's rating: 1428 → 1413<\/strong> (-15 for losing)\n|c|\u2606Tendo Pain(Nagato)|ggwp\n|l|\u2606Tendo Pain(Nagato)\n|c|\u2606jmz900|same!!\n","uploadtime":1683900123,"views":7,"p1id":"tendopainnagato","p2id":"jmz900","formatid":"gen9vgc2023regulationc","rating":1413,"private":0,"password":""}