{"id":"gen9vgc2023regulationc-1862936630","p1":"Chartwig","p2":"Igpvala","format":"[Gen 9] VGC 2023 Regulation C","log":"|j|\u2606Chartwig\n|j|\u2606Igpvala\n|t:|1683940833\n|gametype|doubles\n|player|p1|Chartwig|hilbert|1326\n|player|p2|Igpvala|hugh|1353\n|teamsize|p1|6\n|teamsize|p2|6\n|gen|9\n|tier|[Gen 9] VGC 2023 Regulation C\n|rated|\n|rule|Species Clause: Limit one of each Pok\u00e9mon\n|rule|Item Clause: Limit one of each item\n|clearpoke\n|poke|p1|Chi-Yu, L50|\n|poke|p1|Flutter Mane, L50|\n|poke|p1|Iron Bundle, L50|\n|poke|p1|Great Tusk, L50|\n|poke|p1|Murkrow, L50, F|\n|poke|p1|Baxcalibur, L50, M|\n|poke|p2|Vaporeon, L50, F|\n|poke|p2|Garganacl, L50, M|\n|poke|p2|Flutter Mane, L50|\n|poke|p2|Iron Bundle, L50|\n|poke|p2|Iron Hands, L50|\n|poke|p2|Great Tusk, L50|\n|teampreview|4\nChartwig has agreed to open team sheets.\nIgpvala has agreed to open team sheets.\n|inactive|Battle timer is ON: inactive players will automatically lose when time's up. (requested by Chartwig)\n|inactive|Igpvala has 60 seconds left.\n|inactive|Igpvala has 30 seconds left.\n|inactive|Igpvala has 20 seconds left.\n|inactive|Igpvala has 15 seconds left.\n|\n|t:|1683940916\n|start\n|switch|p1a: Flutter Mane|Flutter Mane, L50|100\/100\n|switch|p1b: Iron Bundle|Iron Bundle, L50|100\/100\n|switch|p2a: Iron Hands|Iron Hands, L50, shiny|100\/100\n|switch|p2b: Vaporeon|Vaporeon, L50, F, shiny|100\/100\n|-enditem|p1b: Iron Bundle|Booster Energy\n|-activate|p1b: Iron Bundle|ability: Quark Drive|[fromitem]\n|-start|p1b: Iron Bundle|quarkdrivespe\n|turn|1\n|\n|t:|1683940941\n|move|p1b: Iron Bundle|Protect|p1b: Iron Bundle\n|-singleturn|p1b: Iron Bundle|Protect\n|move|p1a: Flutter Mane|Moonblast|p2a: Iron Hands\n|-supereffective|p2a: Iron Hands\n|-damage|p2a: Iron Hands|50\/100\n|-unboost|p2a: Iron Hands|spa|1\n|move|p2b: Vaporeon|Muddy Water|p1a: Flutter Mane|[spread] \n|-activate|p1b: Iron Bundle|move: Protect\n|-miss|p2b: Vaporeon|p1a: Flutter Mane\n|move|p2a: Iron Hands|Wild Charge|p1a: Flutter Mane\n|-enditem|p1a: Flutter Mane|Focus Sash\n|-damage|p1a: Flutter Mane|1\/100\n|-damage|p2a: Iron Hands|35\/100|[from] Recoil\n|\n|upkeep\n|turn|2\n|\n|t:|1683940962\n|move|p1b: Iron Bundle|Freeze-Dry|p2b: Vaporeon\n|-supereffective|p2b: Vaporeon\n|-damage|p2b: Vaporeon|42\/100\n|move|p1a: Flutter Mane|Moonblast|p2a: Iron Hands\n|-supereffective|p2a: Iron Hands\n|-damage|p2a: Iron Hands|0 fnt\n|faint|p2a: Iron Hands\n|-end|p2a: Iron Hands|Quark Drive|[silent]\n|move|p2b: Vaporeon|Muddy Water|p1b: Iron Bundle|[spread] p1a,p1b\n|-resisted|p1b: Iron Bundle\n|-damage|p1a: Flutter Mane|0 fnt\n|-damage|p1b: Iron Bundle|76\/100\n|faint|p1a: Flutter Mane\n|-end|p1a: Flutter Mane|Protosynthesis|[silent]\n|\n|-heal|p2b: Vaporeon|48\/100|[from] item: Leftovers\n|upkeep\n|\n|t:|1683940976\n|switch|p1a: Chi-Yu|Chi-Yu, L50|100\/100\n|switch|p2a: Flutter Mane|Flutter Mane, L50, shiny|100\/100\n|-ability|p1a: Chi-Yu|Beads of Ruin\n|turn|3\n|\n|t:|1683940989\n|-terastallize|p2a: Flutter Mane|Fairy\n|-terastallize|p1a: Chi-Yu|Fire\n|move|p2b: Vaporeon|Protect|p2b: Vaporeon\n|-singleturn|p2b: Vaporeon|Protect\n|move|p1b: Iron Bundle|Freeze-Dry|p2b: Vaporeon\n|-activate|p2b: Vaporeon|move: Protect\n|move|p2a: Flutter Mane|Dazzling Gleam|p1b: Iron Bundle|[spread] p1a,p1b\n|-resisted|p1a: Chi-Yu\n|-damage|p1a: Chi-Yu|60\/100\n|-damage|p1b: Iron Bundle|0 fnt\n|faint|p1b: Iron Bundle\n|-end|p1b: Iron Bundle|Quark Drive|[silent]\n|move|p1a: Chi-Yu|Dark Pulse|p2a: Flutter Mane\n|-resisted|p2a: Flutter Mane\n|-damage|p2a: Flutter Mane|60\/100\n|-damage|p1a: Chi-Yu|50\/100|[from] item: Life Orb\n|\n|-heal|p2b: Vaporeon|54\/100|[from] item: Leftovers\n|upkeep\n|\n|t:|1683940993\n|switch|p1b: Great Tusk|Great Tusk, L50|100\/100\n|turn|4\n|\n|t:|1683941012\n|move|p2a: Flutter Mane|Dazzling Gleam|p1a: Chi-Yu|[spread] p1a,p1b\n|-resisted|p1a: Chi-Yu\n|-supereffective|p1b: Great Tusk\n|-damage|p1a: Chi-Yu|14\/100\n|-damage|p1b: Great Tusk|0 fnt\n|faint|p1b: Great Tusk\n|-end|p1b: Great Tusk|Protosynthesis|[silent]\n|move|p1a: Chi-Yu|Heat Wave|p2b: Vaporeon|[spread] p2b\n|-miss|p1a: Chi-Yu|p2a: Flutter Mane\n|-resisted|p2b: Vaporeon\n|-damage|p2b: Vaporeon|22\/100\n|-damage|p1a: Chi-Yu|4\/100|[from] item: Life Orb\n|move|p2b: Vaporeon|Muddy Water|p1a: Chi-Yu|[miss]\n|-miss|p2b: Vaporeon|p1a: Chi-Yu\n|\n|-heal|p2b: Vaporeon|29\/100|[from] item: Leftovers\n|upkeep\n|turn|5\n|c|\u2606Chartwig|Oof\n|\n|t:|1683941026\n|move|p2a: Flutter Mane|Dazzling Gleam|p1a: Chi-Yu\n|-resisted|p1a: Chi-Yu\n|-damage|p1a: Chi-Yu|0 fnt\n|faint|p1a: Chi-Yu\n|\n|win|Igpvala\n|raw|Chartwig's rating: 1326 → 1308<\/strong> (-18 for losing)\n|raw|Igpvala's rating: 1353 → 1371<\/strong> (+18 for winning)\n","uploadtime":1683941031,"views":7,"p1id":"chartwig","p2id":"igpvala","formatid":"gen9vgc2023regulationc","rating":1308,"private":0,"password":""}