{"id":"gen9vgc2023regulationc-1855764857","p1":"walter gaming 2","p2":"T8XICIDAD","format":"[Gen 9] VGC 2023 Regulation C","log":"|j|\u2606walter gaming 2\n|j|\u2606T8XICIDAD\n|t:|1682981480\n|gametype|doubles\n|player|p1|walter gaming 2|acetrainerf-gen4dp|1113\n|player|p2|T8XICIDAD|clair|1146\n|teamsize|p1|6\n|teamsize|p2|6\n|gen|9\n|tier|[Gen 9] VGC 2023 Regulation C\n|rated|\n|rule|Species Clause: Limit one of each Pok\u00e9mon\n|rule|Item Clause: Limit one of each item\n|clearpoke\n|poke|p1|Grimmsnarl, L50, M|\n|poke|p1|Glimmora, L50, F|\n|poke|p1|Wo-Chien, L50|\n|poke|p1|Ting-Lu, L50|\n|poke|p1|Annihilape, L50, M|\n|poke|p1|Arcanine, L50, F|\n|poke|p2|Amoonguss, L50, F|\n|poke|p2|Palafin, L50, M|\n|poke|p2|Arcanine, L50, F|\n|poke|p2|Flutter Mane, L50|\n|poke|p2|Ting-Lu, L50|\n|poke|p2|Kingambit, L50, F|\n|teampreview|4\n|\n|t:|1682981516\n|start\n|switch|p1a: Grimmsnarl|Grimmsnarl, L50, M|100\/100\n|switch|p1b: Annihilape|Annihilape, L50, M|100\/100\n|switch|p2a: Ting-Lu|Ting-Lu, L50|100\/100\n|switch|p2b: Amoonguss|Amoonguss, L50, F|100\/100\n|-ability|p2a: Ting-Lu|Vessel of Ruin\n|turn|1\n|\n|t:|1682981544\n|move|p1b: Annihilape|Protect|p1b: Annihilape\n|-singleturn|p1b: Annihilape|Protect\n|move|p1a: Grimmsnarl|Reflect|p1a: Grimmsnarl\n|-sidestart|p1: walter gaming 2|Reflect\n|move|p2a: Ting-Lu|Ruination|p1b: Annihilape\n|-activate|p1b: Annihilape|move: Protect\n|move|p2b: Amoonguss|Spore|p1a: Grimmsnarl\n|-status|p1a: Grimmsnarl|slp|[from] move: Spore\n|\n|upkeep\n|turn|2\n|\n|t:|1682981581\n|switch|p1a: Glimmora|Glimmora, L50, F|100\/100\n|move|p2b: Amoonguss|Rage Powder|p2b: Amoonguss\n|-singleturn|p2b: Amoonguss|move: Rage Powder\n|move|p1b: Annihilape|Bulk Up|p1b: Annihilape\n|-boost|p1b: Annihilape|atk|1\n|-boost|p1b: Annihilape|def|1\n|move|p2a: Ting-Lu|Ruination|p1b: Annihilape\n|-damage|p1b: Annihilape|51\/100\n|\n|-heal|p1b: Annihilape|57\/100|[from] item: Leftovers\n|upkeep\n|turn|3\n|\n|t:|1682981606\n|move|p1b: Annihilape|Drain Punch|p2a: Ting-Lu\n|-supereffective|p2a: Ting-Lu\n|-damage|p2a: Ting-Lu|46\/100\n|-heal|p1b: Annihilape|88\/100|[from] drain|[of] p2a: Ting-Lu\n|move|p1a: Glimmora|Toxic|p2b: Amoonguss\n|-status|p2b: Amoonguss|tox\n|move|p2a: Ting-Lu|Stomping Tantrum|p1a: Glimmora\n|-supereffective|p1a: Glimmora\n|-damage|p1a: Glimmora|32\/100\n|-enditem|p1a: Glimmora|Sitrus Berry|[eat]\n|-heal|p1a: Glimmora|56\/100|[from] item: Sitrus Berry\n|move|p2b: Amoonguss|Spore|p1a: Glimmora\n|-status|p1a: Glimmora|slp|[from] move: Spore\n|\n|-heal|p1b: Annihilape|94\/100|[from] item: Leftovers\n|-damage|p2b: Amoonguss|95\/100 tox|[from] psn\n|upkeep\n|turn|4\n|\n|t:|1682981642\n|switch|p1a: Grimmsnarl|Grimmsnarl, L50, M|100\/100 slp\n|switch|p2a: Arcanine|Arcanine, L50, F|100\/100\n|-ability|p2a: Arcanine|Intimidate|boost\n|-unboost|p1a: Grimmsnarl|atk|1\n|-unboost|p1b: Annihilape|atk|1\n|-ability|p1b: Annihilape|Defiant|boost\n|-boost|p1b: Annihilape|atk|2\n|move|p1b: Annihilape|Drain Punch|p2a: Arcanine\n|-damage|p2a: Arcanine|25\/100\n|-heal|p1b: Annihilape|100\/100|[from] drain|[of] p2a: Arcanine\n|move|p2b: Amoonguss|Spore|p1b: Annihilape\n|-status|p1b: Annihilape|slp|[from] move: Spore\n|\n|-damage|p2b: Amoonguss|83\/100 tox|[from] psn\n|upkeep\n|turn|5\n|\n|t:|1682981670\n|switch|p2a: Ting-Lu|Ting-Lu, L50|46\/100\n|-ability|p2a: Ting-Lu|Vessel of Ruin\n|cant|p1b: Annihilape|slp\n|cant|p1a: Grimmsnarl|slp\n|move|p2b: Amoonguss|Pollen Puff|p2a: Ting-Lu\n|-heal|p2a: Ting-Lu|96\/100\n|\n|-damage|p2b: Amoonguss|65\/100 tox|[from] psn\n|upkeep\n|turn|6\n|\n|t:|1682981700\n|switch|p1a: Glimmora|Glimmora, L50, F|56\/100 slp\n|switch|p2b: Palafin|Palafin, L50, M|100\/100\n|-curestatus|p1b: Annihilape|slp|[msg]\n|move|p1b: Annihilape|Drain Punch|p2a: Ting-Lu\n|-supereffective|p2a: Ting-Lu\n|-damage|p2a: Ting-Lu|22\/100\n|move|p2a: Ting-Lu|Stomping Tantrum|p1a: Glimmora\n|-supereffective|p1a: Glimmora\n|-damage|p1a: Glimmora|0 fnt\n|faint|p1a: Glimmora\n|\n|upkeep\n|\n|t:|1682981709\n|switch|p1a: Ting-Lu|Ting-Lu, L50|100\/100\n|-ability|p1a: Ting-Lu|Vessel of Ruin\n|turn|7\n|\n|t:|1682981726\n|switch|p2a: Amoonguss|Amoonguss, L50, F|98\/100 tox\n|move|p2b: Palafin|Haze|p2b: Palafin\n|-clearallboost\n|move|p1b: Annihilape|Drain Punch|p2a: Amoonguss\n|-resisted|p2a: Amoonguss\n|-damage|p2a: Amoonguss|85\/100 tox\n|-damage|p1b: Annihilape|84\/100|[from] item: Rocky Helmet|[of] p2a: Amoonguss\n|move|p1a: Ting-Lu|Stomping Tantrum|p2b: Palafin\n|-damage|p2b: Palafin|65\/100\n|\n|-heal|p1b: Annihilape|90\/100|[from] item: Leftovers\n|-damage|p2a: Amoonguss|79\/100 tox|[from] psn\n|upkeep\n|turn|8\n|\n|t:|1682981744\n|detailschange|p2b: Palafin|Palafin-Hero, L50, M\n|switch|p2b: Ting-Lu|Ting-Lu, L50|22\/100\n|-ability|p2b: Ting-Lu|Vessel of Ruin\n|move|p1b: Annihilape|Rage Fist|p2a: Amoonguss\n|-damage|p2a: Amoonguss|42\/100 tox\n|-damage|p1b: Annihilape|73\/100|[from] item: Rocky Helmet|[of] p2a: Amoonguss\n|move|p1a: Ting-Lu|Rock Slide|p2a: Amoonguss|[spread] p2a,p2b\n|-resisted|p2b: Ting-Lu\n|-damage|p2a: Amoonguss|31\/100 tox\n|-damage|p2b: Ting-Lu|18\/100\n|move|p2a: Amoonguss|Spore|p1b: Annihilape\n|-status|p1b: Annihilape|slp|[from] move: Spore\n|\n|-heal|p1b: Annihilape|79\/100 slp|[from] item: Leftovers\n|-damage|p2a: Amoonguss|20\/100 tox|[from] psn\n|-sideend|p1: walter gaming 2|Reflect\n|upkeep\n|turn|9\n|\n|t:|1682981766\n|switch|p2b: Arcanine|Arcanine, L50, F|25\/100\n|-ability|p2b: Arcanine|Intimidate|boost\n|-unboost|p1a: Ting-Lu|atk|1\n|-unboost|p1b: Annihilape|atk|1\n|-ability|p1b: Annihilape|Defiant|boost\n|-boost|p1b: Annihilape|atk|2\n|switch|p2a: Palafin|Palafin-Hero, L50, M|65\/100\n|-activate|p2a: Palafin|ability: Zero to Hero\n|cant|p1b: Annihilape|slp\n|move|p1a: Ting-Lu|Rock Slide|p2b: Arcanine|[spread] p2a,p2b\n|-supereffective|p2b: Arcanine\n|-damage|p2a: Palafin|57\/100\n|-damage|p2b: Arcanine|5\/100\n|\n|-heal|p1b: Annihilape|85\/100 slp|[from] item: Leftovers\n|upkeep\n|turn|10\n|\n|t:|1682981798\n|-terastallize|p2a: Palafin|Water\n|move|p2a: Palafin|Wave Crash|p1b: Annihilape\n|-damage|p1b: Annihilape|0 fnt\n|faint|p1b: Annihilape\n|-damage|p2a: Palafin|26\/100|[from] Recoil\n|move|p2b: Arcanine|Will-O-Wisp|p1a: Ting-Lu\n|-status|p1a: Ting-Lu|brn\n|move|p1a: Ting-Lu|Stomping Tantrum|p2b: Arcanine\n|-supereffective|p2b: Arcanine\n|-damage|p2b: Arcanine|0 fnt\n|faint|p2b: Arcanine\n|\n|-damage|p1a: Ting-Lu|94\/100 brn|[from] brn\n|upkeep\n|\n|t:|1682981812\n|switch|p2b: Amoonguss|Amoonguss, L50, F|53\/100 tox\n|switch|p1b: Grimmsnarl|Grimmsnarl, L50, M|100\/100 slp\n|turn|11\n|\n|t:|1682981824\n|move|p2a: Palafin|Jet Punch|p1a: Ting-Lu\n|-supereffective|p1a: Ting-Lu\n|-damage|p1a: Ting-Lu|26\/100 brn\n|cant|p1b: Grimmsnarl|slp\n|move|p1a: Ting-Lu|Fissure|p2b: Amoonguss\n|-damage|p2b: Amoonguss|0 fnt\n|faint|p2b: Amoonguss\n|-ohko\n|\n|-damage|p1a: Ting-Lu|20\/100 brn|[from] brn\n|upkeep\n|\n|t:|1682981834\n|switch|p2b: Ting-Lu|Ting-Lu, L50|18\/100\n|-ability|p2b: Ting-Lu|Vessel of Ruin\n|turn|12\n|\n|t:|1682981858\n|-terastallize|p1a: Ting-Lu|Poison\n|move|p2a: Palafin|Jet Punch|p1a: Ting-Lu\n|-damage|p1a: Ting-Lu|0 fnt\n|faint|p1a: Ting-Lu\n|-curestatus|p1b: Grimmsnarl|slp|[msg]\n|move|p1b: Grimmsnarl|Reflect|p1b: Grimmsnarl\n|-sidestart|p1: walter gaming 2|Reflect\n|move|p2b: Ting-Lu|Heavy Slam|p1b: Grimmsnarl\n|-supereffective|p1b: Grimmsnarl\n|-damage|p1b: Grimmsnarl|52\/100\n|\n|upkeep\n|turn|13\n|\n|t:|1682981872\n|move|p2a: Palafin|Protect|p2a: Palafin\n|-singleturn|p2a: Palafin|Protect\n|move|p1b: Grimmsnarl|Foul Play|p2a: Palafin\n|-activate|p2a: Palafin|move: Protect\n|move|p2b: Ting-Lu|Heavy Slam|p1b: Grimmsnarl\n|-supereffective|p1b: Grimmsnarl\n|-damage|p1b: Grimmsnarl|7\/100\n|\n|upkeep\n|turn|14\n|-message|walter gaming 2 forfeited.\n|\n|win|T8XICIDAD\n|raw|walter gaming 2's rating: 1113 → 1090<\/strong> (-23 for losing)\n|raw|T8XICIDAD's rating: 1146 → 1169<\/strong> (+23 for winning)\n|l|\u2606walter gaming 2\n|c|\u2606T8XICIDAD|Gg\n","uploadtime":1682981886,"views":20,"p1id":"waltergaming2","p2id":"t8xicidad","formatid":"gen9vgc2023regulationc","rating":1090,"private":0,"password":""}