{"id":"gen9vgc2023regulationc-1846713572","p1":"ThatGuyTi","p2":"EdwinVGC","format":"[Gen 9] VGC 2023 Regulation C","log":"|j|\u2606ThatGuyTi\n|j|\u2606EdwinVGC\n|t:|1681869078\n|gametype|doubles\n|player|p1|ThatGuyTi|266|1150\n|player|p2|EdwinVGC|266|1055\n|teamsize|p1|6\n|teamsize|p2|6\n|gen|9\n|tier|[Gen 9] VGC 2023 Regulation C\n|rated|\n|rule|Species Clause: Limit one of each Pok\u00e9mon\n|rule|Item Clause: Limit one of each item\n|clearpoke\n|poke|p1|Dragapult, L50, M|\n|poke|p1|Palafin, L50, M|\n|poke|p1|Amoonguss, L50, F|\n|poke|p1|Arcanine, L50, F|\n|poke|p1|Chien-Pao, L50|\n|poke|p1|Flutter Mane, L50|\n|poke|p2|Glimmora, L50, M|\n|poke|p2|Gothitelle, L50, M|\n|poke|p2|Gyarados, L50, M|\n|poke|p2|Flutter Mane, L50|\n|poke|p2|Tyranitar, L50, M|\n|poke|p2|Wo-Chien, L50|\n|teampreview|4\n|\n|t:|1681869111\n|start\n|switch|p1a: Dragapult|Dragapult, L50, M|100\/100\n|switch|p1b: Palafin|Palafin, L50, M|100\/100\n|switch|p2a: Glimmora|Glimmora, L50, M, shiny|100\/100\n|switch|p2b: Wo-Chien|Wo-Chien, L50|100\/100\n|-ability|p2b: Wo-Chien|Tablets of Ruin\n|turn|1\n|\n|t:|1681869127\n|move|p1a: Dragapult|U-turn|p2b: Wo-Chien\n|-supereffective|p2b: Wo-Chien\n|-damage|p2b: Wo-Chien|3\/100\n|\n|t:|1681869131\n|switch|p1a: Amoonguss|Amoonguss, L50, F|100\/100|[from] U-turn\n|move|p1b: Palafin|Wave Crash|p2a: Glimmora\n|-supereffective|p2a: Glimmora\n|-damage|p2a: Glimmora|22\/100\n|-damage|p1b: Palafin|76\/100|[from] Recoil\n|move|p2a: Glimmora|Mortal Spin|p1a: Amoonguss|[spread] p1a,p1b\n|-damage|p1a: Amoonguss|98\/100\n|-damage|p1b: Palafin|71\/100\n|-status|p1a: Amoonguss|psn\n|-status|p1b: Palafin|psn\n|move|p2b: Wo-Chien|Leech Seed|p1b: Palafin\n|-start|p1b: Palafin|move: Leech Seed\n|\n|-heal|p2b: Wo-Chien|9\/100|[from] item: Leftovers\n|-heal|p1a: Amoonguss|100\/100 psn|[from] item: Leftovers\n|-damage|p1b: Palafin|59\/100 psn|[from] Leech Seed|[of] p2b: Wo-Chien\n|-heal|p2b: Wo-Chien|20\/100|[silent]\n|-damage|p1b: Palafin|47\/100 psn|[from] psn\n|-damage|p1a: Amoonguss|88\/100 psn|[from] psn\n|upkeep\n|turn|2\n|\n|t:|1681869154\n|detailschange|p1b: Palafin|Palafin-Hero, L50, M\n|switch|p1b: Dragapult|Dragapult, L50, M|100\/100\n|move|p2a: Glimmora|Spiky Shield|p2a: Glimmora\n|-singleturn|p2a: Glimmora|move: Protect\n|move|p2b: Wo-Chien|Protect|p2b: Wo-Chien\n|-singleturn|p2b: Wo-Chien|Protect\n|move|p1a: Amoonguss|Pollen Puff|p2b: Wo-Chien\n|-activate|p2b: Wo-Chien|move: Protect\n|\n|-heal|p2b: Wo-Chien|26\/100|[from] item: Leftovers\n|-heal|p1a: Amoonguss|94\/100 psn|[from] item: Leftovers\n|-damage|p1a: Amoonguss|82\/100 psn|[from] psn\n|upkeep\n|turn|3\n|\n|t:|1681869178\n|move|p1a: Amoonguss|Rage Powder|p1a: Amoonguss\n|-singleturn|p1a: Amoonguss|move: Rage Powder\n|move|p1b: Dragapult|Dragon Darts|p2a: Glimmora\n|-damage|p2a: Glimmora|0 fnt\n|-anim|p1b: Dragapult|Dragon Darts|p2b: Wo-Chien\n|-damage|p2b: Wo-Chien|0 fnt\n|faint|p2a: Glimmora\n|faint|p2b: Wo-Chien\n|\n|-heal|p1a: Amoonguss|88\/100 psn|[from] item: Leftovers\n|-damage|p1a: Amoonguss|76\/100 psn|[from] psn\n|upkeep\n|\n|t:|1681869188\n|switch|p2a: Flutter Mane|Flutter Mane, L50|100\/100\n|switch|p2b: Gyarados|Gyarados, L50, M, shiny|100\/100\n|-ability|p2b: Gyarados|Intimidate|boost\n|-unboost|p1a: Amoonguss|atk|1\n|-fail|p1b: Dragapult|unboost|[from] ability: Clear Body|[of] p1b: Dragapult\n|turn|4\n|\n|t:|1681869218\n|switch|p1b: Chien-Pao|Chien-Pao, L50|100\/100\n|-ability|p1b: Chien-Pao|Sword of Ruin\n|move|p1a: Amoonguss|Protect|p1a: Amoonguss\n|-singleturn|p1a: Amoonguss|Protect\n|move|p2a: Flutter Mane|Moonblast|p1a: Amoonguss\n|-activate|p1a: Amoonguss|move: Protect\n|move|p2b: Gyarados|Waterfall|p1b: Chien-Pao\n|-damage|p1b: Chien-Pao|46\/100\n|\n|-heal|p1a: Amoonguss|82\/100 psn|[from] item: Leftovers\n|-damage|p1a: Amoonguss|69\/100 psn|[from] psn\n|upkeep\n|turn|5\n|\n|t:|1681869246\n|move|p1b: Chien-Pao|Ice Spinner|p2b: Gyarados\n|-crit|p2b: Gyarados\n|-damage|p2b: Gyarados|19\/100\n|move|p2a: Flutter Mane|Moonblast|p1b: Chien-Pao\n|-supereffective|p1b: Chien-Pao\n|-damage|p1b: Chien-Pao|0 fnt\n|faint|p1b: Chien-Pao\n|move|p2b: Gyarados|Waterfall|p1a: Amoonguss\n|-resisted|p1a: Amoonguss\n|-damage|p1a: Amoonguss|50\/100 psn\n|move|p1a: Amoonguss|Pollen Puff|p1: Chien-Pao|[notarget]\n|-fail|p1a: Amoonguss\n|\n|-heal|p1a: Amoonguss|56\/100 psn|[from] item: Leftovers\n|-damage|p1a: Amoonguss|44\/100 psn|[from] psn\n|upkeep\n|\n|t:|1681869263\n|switch|p1b: Dragapult|Dragapult, L50, M|100\/100\n|turn|6\n|\n|t:|1681869270\n|move|p2b: Gyarados|Protect|p2b: Gyarados\n|-singleturn|p2b: Gyarados|Protect\n|move|p1a: Amoonguss|Protect|p1a: Amoonguss\n|-singleturn|p1a: Amoonguss|Protect\n|move|p1b: Dragapult|Phantom Force||[still]\n|-prepare|p1b: Dragapult|Phantom Force\n|move|p2a: Flutter Mane|Moonblast|p1b: Dragapult|[miss]\n|-miss|p2a: Flutter Mane|p1b: Dragapult\n|\n|-heal|p1a: Amoonguss|50\/100 psn|[from] item: Leftovers\n|-damage|p1a: Amoonguss|38\/100 psn|[from] psn\n|upkeep\n|turn|7\n|\n|t:|1681869295\n|-terastallize|p2a: Flutter Mane|Fairy\n|move|p1b: Dragapult|Phantom Force|p2a: Flutter Mane|[from]lockedmove\n|-damage|p2a: Flutter Mane|0 fnt\n|faint|p2a: Flutter Mane\n|-end|p2a: Flutter Mane|Protosynthesis|[silent]\n|move|p2b: Gyarados|Iron Head|p1a: Amoonguss\n|-damage|p1a: Amoonguss|12\/100 psn\n|cant|p1a: Amoonguss|flinch\n|\n|-heal|p1a: Amoonguss|18\/100 psn|[from] item: Leftovers\n|-damage|p1a: Amoonguss|6\/100 psn|[from] psn\n|upkeep\n|turn|8\n|\n|t:|1681869309\n|switch|p1a: Palafin|Palafin-Hero, L50, M|47\/100 psn\n|-activate|p1a: Palafin|ability: Zero to Hero\n|move|p1b: Dragapult|Phantom Force||[still]\n|-prepare|p1b: Dragapult|Phantom Force\n|move|p2b: Gyarados|Thunder Wave|p1b: Dragapult|[miss]\n|-miss|p2b: Gyarados|p1b: Dragapult\n|\n|-damage|p1a: Palafin|35\/100 psn|[from] psn\n|upkeep\n|turn|9\n|\n|t:|1681869327\n|move|p2b: Gyarados|Protect|p2b: Gyarados\n|-singleturn|p2b: Gyarados|Protect\n|move|p1a: Palafin|Jet Punch|p2b: Gyarados\n|-activate|p2b: Gyarados|move: Protect\n|move|p1b: Dragapult|Phantom Force|p2b: Gyarados|[from]lockedmove\n|-activate|p2b: Gyarados|move: Phantom Force|[broken]\n|-damage|p2b: Gyarados|0 fnt\n|faint|p2b: Gyarados\n|\n|win|ThatGuyTi\n|raw|ThatGuyTi's rating: 1150 → 1168<\/strong> (+18 for winning)\n|raw|EdwinVGC's rating: 1055 → 1042<\/strong> (-13 for losing)\n","uploadtime":1681869338,"views":13,"p1id":"thatguyti","p2id":"edwinvgc","formatid":"gen9vgc2023regulationc","rating":1042,"private":0,"password":""}