{"id":"gen9vgc2023regulationc-1856574166","p1":"Shugarshock","p2":"Big misser","format":"[Gen 9] VGC 2023 Regulation C","log":"|j|\u2606Shugarshock\n|j|\u2606Big misser\n|t:|1683077503\n|gametype|doubles\n|player|p1|Shugarshock|101|1105\n|player|p2|Big misser|266|1000\n|teamsize|p1|6\n|teamsize|p2|6\n|gen|9\n|tier|[Gen 9] VGC 2023 Regulation C\n|rated|\n|rule|Species Clause: Limit one of each Pok\u00e9mon\n|rule|Item Clause: Limit one of each item\n|clearpoke\n|poke|p1|Amoonguss, L50, M|\n|poke|p1|Garchomp, L50, F|\n|poke|p1|Talonflame, L50, M|\n|poke|p1|Flutter Mane, L50|\n|poke|p1|Palafin, L50, F|\n|poke|p1|Gholdengo, L50|\n|poke|p2|Umbreon, L50, F|\n|poke|p2|Arcanine, L50, M|\n|poke|p2|Lucario, L50, F|\n|poke|p2|Kilowattrel, L50, F|\n|poke|p2|Hariyama, L50, F|\n|poke|p2|Grimmsnarl, L50, M|\n|teampreview|4\nShugarshock has agreed to open team sheets.\n|c|\u2606Shugarshock|Gl hf\n|\n|t:|1683077545\n|start\n|switch|p1a: Gholdengo|Gholdengo, L50|100\/100\n|switch|p1b: Amoonguss|Amoonguss, L50, M|100\/100\n|switch|p2a: Kilowattrel|Kilowattrel, L50, F, shiny|100\/100\n|switch|p2b: Grimmsnarl|Grimmsnarl, L50, M|100\/100\n|turn|1\n|\n|t:|1683077561\n|move|p2b: Grimmsnarl|Parting Shot|p1a: Gholdengo\n|-immune|p1a: Gholdengo|[from] ability: Good as Gold\n|move|p2a: Kilowattrel|Tailwind|p2a: Kilowattrel\n|-sidestart|p2: Big misser|move: Tailwind\n|move|p1a: Gholdengo|Shadow Ball|p2b: Grimmsnarl\n|-resisted|p2b: Grimmsnarl\n|-damage|p2b: Grimmsnarl|78\/100\n|move|p1b: Amoonguss|Spore|p2a: Kilowattrel\n|-status|p2a: Kilowattrel|slp|[from] move: Spore\n|\n|upkeep\n|turn|2\n|\n|t:|1683077594\n|switch|p2a: Arcanine|Arcanine, L50, M|100\/100\n|-ability|p2a: Arcanine|Intimidate|boost\n|-unboost|p1a: Gholdengo|atk|1\n|-unboost|p1b: Amoonguss|atk|1\n|move|p1b: Amoonguss|Rage Powder|p1b: Amoonguss\n|-singleturn|p1b: Amoonguss|move: Rage Powder\n|move|p2b: Grimmsnarl|Parting Shot|p1b: Amoonguss\n|-unboost|p1b: Amoonguss|atk|1\n|-unboost|p1b: Amoonguss|spa|1\n|\n|t:|1683077605\n|switch|p2b: Kilowattrel|Kilowattrel, L50, F, shiny|100\/100 slp|[from] Parting Shot\n|move|p1a: Gholdengo|Nasty Plot|p1a: Gholdengo\n|-boost|p1a: Gholdengo|spa|2\n|\n|upkeep\n|turn|3\n|\n|t:|1683077629\n|move|p2a: Arcanine|Extreme Speed|p2b: Kilowattrel\n|-damage|p2b: Kilowattrel|63\/100 slp\n|-damage|p2a: Arcanine|84\/100|[from] item: Rocky Helmet|[of] p2b: Kilowattrel\n|cant|p2b: Kilowattrel|slp\n|move|p1a: Gholdengo|Shadow Ball|p2a: Arcanine\n|-damage|p2a: Arcanine|0 fnt\n|faint|p2a: Arcanine\n|move|p1b: Amoonguss|Spore|p2b: Kilowattrel\n|-fail|p2b: Kilowattrel|slp\n|\n|upkeep\n|\n|t:|1683077647\n|switch|p2a: Lucario|Lucario, L50, F|100\/100\n|turn|4\n|\n|t:|1683077676\n|-terastallize|p2a: Lucario|Ground\n|move|p1b: Amoonguss|Rage Powder|p1b: Amoonguss\n|-singleturn|p1b: Amoonguss|move: Rage Powder\n|cant|p2b: Kilowattrel|slp\n|move|p2a: Lucario|Earthquake|p1b: Amoonguss|[spread] p1a,p1b\n|-immune|p2b: Kilowattrel\n|-supereffective|p1a: Gholdengo\n|-damage|p1a: Gholdengo|27\/100\n|-damage|p1b: Amoonguss|71\/100\n|move|p1a: Gholdengo|Shadow Ball|p2b: Kilowattrel\n|-crit|p2b: Kilowattrel\n|-damage|p2b: Kilowattrel|0 fnt\n|faint|p2b: Kilowattrel\n|\n|-heal|p1a: Gholdengo|33\/100|[from] item: Leftovers\n|-sideend|p2: Big misser|move: Tailwind\n|upkeep\n|\n|t:|1683077693\n|switch|p2b: Grimmsnarl|Grimmsnarl, L50, M|78\/100\n|turn|5\n|\n|t:|1683077706\n|move|p2b: Grimmsnarl|Light Screen|p2b: Grimmsnarl\n|-sidestart|p2: Big misser|move: Light Screen\n|move|p2a: Lucario|Earthquake|p1a: Gholdengo|[spread] p2b,p1a,p1b\n|-supereffective|p1a: Gholdengo\n|-damage|p2b: Grimmsnarl|39\/100\n|-damage|p1a: Gholdengo|0 fnt\n|-damage|p1b: Amoonguss|43\/100\n|-enditem|p1b: Amoonguss|Sitrus Berry|[eat]\n|-heal|p1b: Amoonguss|68\/100|[from] item: Sitrus Berry\n|faint|p1a: Gholdengo\n|move|p1b: Amoonguss|Pollen Puff|p1: Gholdengo|[notarget]\n|-fail|p1b: Amoonguss\n|\n|upkeep\n|\n|t:|1683077712\n|switch|p1a: Palafin|Palafin, L50, F, shiny|100\/100\n|turn|6\n|\n|t:|1683077724\n|move|p2a: Lucario|Bullet Punch|p1b: Amoonguss\n|-damage|p1b: Amoonguss|53\/100\n|move|p1a: Palafin|Jet Punch|p2a: Lucario\n|-supereffective|p2a: Lucario\n|-damage|p2a: Lucario|5\/100\n|move|p2b: Grimmsnarl|Light Screen||[still]\n|-fail|p2b: Grimmsnarl\n|move|p1b: Amoonguss|Spore|p2b: Grimmsnarl\n|-status|p2b: Grimmsnarl|slp|[from] move: Spore\n|\n|upkeep\n|turn|7\n|-message|Big misser forfeited.\n|\n|win|Shugarshock\n|raw|Shugarshock's rating: 1105 → 1123<\/strong> (+18 for winning)\n|raw|Big misser's rating: 1000 → 1000<\/strong> (+0 for losing)\n|l|\u2606Big misser\n","uploadtime":1683077748,"views":13,"p1id":"shugarshock","p2id":"bigmisser","formatid":"gen9vgc2023regulationc","rating":1000,"private":0,"password":""}