{"id":"gen9vgc2023regulationc-1848663575","p1":"ItaChidori24","p2":"LordSno","format":"[Gen 9] VGC 2023 Regulation C","log":"|j|\u2606ItaChidori24\n|j|\u2606LordSno\n|t:|1682098808\n|gametype|doubles\n|player|p1|ItaChidori24|170|1079\n|player|p2|LordSno|2|1162\n|teamsize|p1|6\n|teamsize|p2|6\n|gen|9\n|tier|[Gen 9] VGC 2023 Regulation C\n|rated|\n|rule|Species Clause: Limit one of each Pok\u00e9mon\n|rule|Item Clause: Limit one of each item\n|clearpoke\n|poke|p1|Palafin, L50, F|\n|poke|p1|Amoonguss, L50, M|\n|poke|p1|Arcanine, L50, F|\n|poke|p1|Flutter Mane, L50|\n|poke|p1|Orthworm, L50, M|\n|poke|p1|Dragonite, L50, M|\n|poke|p2|Chi-Yu, L50|\n|poke|p2|Flutter Mane, L50|\n|poke|p2|Torkoal, L50, M|\n|poke|p2|Jumpluff, L50, M|\n|poke|p2|Great Tusk, L50|\n|poke|p2|Wo-Chien, L50|\n|teampreview|4\n|inactive|Battle timer is ON: inactive players will automatically lose when time's up. (requested by LordSno)\n|\n|t:|1682098838\n|start\n|switch|p1a: ChiYu|Arcanine, L50, F|100\/100\n|switch|p1b: Orthworm|Orthworm, L50, M|100\/100\n|switch|p2a: Wo-Chien|Wo-Chien, L50|100\/100\n|switch|p2b: Jumpluff|Jumpluff, L50, M|100\/100\n|-ability|p1a: ChiYu|Intimidate|boost\n|-unboost|p2a: Wo-Chien|atk|1\n|-unboost|p2b: Jumpluff|atk|1\n|-ability|p2a: Wo-Chien|Tablets of Ruin\n|turn|1\n|inactive|ItaChidori24 has 30 seconds left.\n|inactive|ItaChidori24 has 20 seconds left.\n|\n|t:|1682098876\n|switch|p2a: Torkoal|Torkoal, L50, M|100\/100\n|-weather|SunnyDay|[from] ability: Drought|[of] p2a: Torkoal\n|move|p2b: Jumpluff|Sleep Powder|p1b: Orthworm|[miss]\n|-miss|p2b: Jumpluff|p1b: Orthworm\n|move|p1a: ChiYu|Flare Blitz|p2a: Torkoal\n|-resisted|p2a: Torkoal\n|-damage|p2a: Torkoal|71\/100\n|-damage|p1a: ChiYu|92\/100|[from] Recoil\n|move|p1b: Orthworm|Iron Defense|p1b: Orthworm\n|-boost|p1b: Orthworm|def|2\n|\n|-weather|SunnyDay|[upkeep]\n|upkeep\n|turn|2\n|inactive|ItaChidori24 has 30 seconds left.\n|\n|t:|1682098902\n|-terastallize|p1b: Orthworm|Fire\n|move|p2b: Jumpluff|Sleep Powder|p1b: Orthworm\n|-status|p1b: Orthworm|slp|[from] move: Sleep Powder\n|move|p1a: ChiYu|Bulldoze|p2a: Torkoal|[spread] p2a\n|-immune|p1b: Orthworm|[from] ability: Earth Eater\n|-immune|p2b: Jumpluff\n|-supereffective|p2a: Torkoal\n|-damage|p2a: Torkoal|53\/100\n|-unboost|p2a: Torkoal|spe|1\n|-enditem|p2a: Torkoal|Eject Pack\n|\n|t:|1682098916\n|switch|p2a: Great Tusk|Great Tusk, L50|100\/100\n|-activate|p2a: Great Tusk|ability: Protosynthesis\n|-start|p2a: Great Tusk|protosynthesisatk\n|cant|p1b: Orthworm|slp\n|\n|-weather|SunnyDay|[upkeep]\n|upkeep\n|turn|3\n|inactive|ItaChidori24 has 30 seconds left.\n|\n|t:|1682098943\n|move|p2b: Jumpluff|Tailwind|p2b: Jumpluff\n|-sidestart|p2: LordSno|move: Tailwind\n|move|p2a: Great Tusk|Headlong Rush|p1a: ChiYu\n|-supereffective|p1a: ChiYu\n|-damage|p1a: ChiYu|0 fnt\n|-unboost|p2a: Great Tusk|def|1\n|-unboost|p2a: Great Tusk|spd|1\n|faint|p1a: ChiYu\n|cant|p1b: Orthworm|slp\n|\n|-weather|SunnyDay|[upkeep]\n|upkeep\n|\n|t:|1682098955\n|switch|p1a: Mimi|Flutter Mane, L50|100\/100\n|-activate|p1a: Mimi|ability: Protosynthesis\n|-start|p1a: Mimi|protosynthesisspa\n|turn|4\n|l|\u2606LordSno\n|inactive|LordSno disconnected and has a minute to reconnect!\n|player|p2|\n|j|\u2606LordSno\n|inactive|LordSno reconnected and has 45 seconds left.\n|player|p2|LordSno|2\n|inactive|LordSno has 30 seconds left.\n|\n|t:|1682098980\n|switch|p2b: Torkoal|Torkoal, L50, M|53\/100\n|move|p1a: Mimi|Protect|p1a: Mimi\n|-singleturn|p1a: Mimi|Protect\n|move|p2a: Great Tusk|Headlong Rush|p1a: Mimi\n|-activate|p1a: Mimi|move: Protect\n|cant|p1b: Orthworm|slp\n|\n|-weather|SunnyDay|[upkeep]\n|upkeep\n|turn|5\n|\n|t:|1682099004\n|move|p1a: Mimi|Protect||[still]\n|-fail|p1a: Mimi\n|move|p2a: Great Tusk|Headlong Rush|p1a: Mimi\n|-damage|p1a: Mimi|0 fnt\n|-unboost|p2a: Great Tusk|def|1\n|-unboost|p2a: Great Tusk|spd|1\n|faint|p1a: Mimi\n|-end|p1a: Mimi|Protosynthesis|[silent]\n|-curestatus|p1b: Orthworm|slp|[msg]\n|move|p1b: Orthworm|Shed Tail|p1b: Orthworm\n|-start|p1b: Orthworm|Substitute|[from] move: Shed Tail\n|-damage|p1b: Orthworm|50\/100\n|-enditem|p1b: Orthworm|Sitrus Berry|[eat]\n|-heal|p1b: Orthworm|75\/100|[from] item: Sitrus Berry\n|\n|t:|1682099016\n|switch|p1b: Dragonite|Dragonite, L50, M|100\/100|[from] Shed Tail\n|move|p2b: Torkoal|Heat Wave|p1b: Dragonite\n|-resisted|p1b: Dragonite\n|-activate|p1b: Dragonite|move: Substitute|[damage]\n|\n|-weather|none\n|-end|p2a: Great Tusk|Protosynthesis\n|upkeep\n|\n|t:|1682099024\n|switch|p1a: Orthworm|Orthworm, L50, M, tera:Fire|75\/100\n|turn|6\n|inactive|ItaChidori24 has 30 seconds left.\n|\n|t:|1682099050\n|switch|p2b: Wo-Chien|Wo-Chien, L50|100\/100\n|-ability|p2b: Wo-Chien|Tablets of Ruin\n|move|p2a: Great Tusk|Protect|p2a: Great Tusk\n|-singleturn|p2a: Great Tusk|Protect\n|move|p1b: Dragonite|Earthquake|p2a: Great Tusk|[spread] p2b\n|-activate|p2a: Great Tusk|move: Protect\n|-heal|p1a: Orthworm|99\/100|[from] ability: Earth Eater|[of] p1b: Dragonite\n|-resisted|p2b: Wo-Chien\n|-damage|p2b: Wo-Chien|90\/100\n|move|p1a: Orthworm|Body Press|p2b: Wo-Chien\n|-supereffective|p2b: Wo-Chien\n|-damage|p2b: Wo-Chien|45\/100\n|\n|-heal|p2b: Wo-Chien|52\/100|[from] item: Leftovers\n|-sideend|p2: LordSno|move: Tailwind\n|upkeep\n|turn|7\n|inactive|LordSno has 30 seconds left.\n|\n|t:|1682099078\n|-end|p2a: Great Tusk|Protosynthesis|[silent]\n|switch|p2a: Torkoal|Torkoal, L50, M|53\/100\n|-weather|SunnyDay|[from] ability: Drought|[of] p2a: Torkoal\n|move|p2b: Wo-Chien|Protect|p2b: Wo-Chien\n|-singleturn|p2b: Wo-Chien|Protect\n|move|p1b: Dragonite|Earthquake|p2a: Torkoal|[spread] p2a\n|-activate|p2b: Wo-Chien|move: Protect\n|-heal|p1a: Orthworm|100\/100|[from] ability: Earth Eater|[of] p1b: Dragonite\n|-supereffective|p2a: Torkoal\n|-crit|p2a: Torkoal\n|-damage|p2a: Torkoal|0 fnt\n|faint|p2a: Torkoal\n|move|p1a: Orthworm|Body Press|p2b: Wo-Chien\n|-activate|p2b: Wo-Chien|move: Protect\n|\n|-weather|SunnyDay|[upkeep]\n|-heal|p2b: Wo-Chien|58\/100|[from] item: Leftovers\n|upkeep\n|\n|t:|1682099090\n|switch|p2a: Jumpluff|Jumpluff, L50, M|100\/100\n|turn|8\n|\n|t:|1682099105\n|move|p2a: Jumpluff|Sleep Powder|p1a: Orthworm\n|-status|p1a: Orthworm|slp|[from] move: Sleep Powder\n|move|p1b: Dragonite|Dragon Dance|p1b: Dragonite\n|-boost|p1b: Dragonite|atk|1\n|-boost|p1b: Dragonite|spe|1\n|move|p2b: Wo-Chien|Leech Seed|p1a: Orthworm\n|-start|p1a: Orthworm|move: Leech Seed\n|cant|p1a: Orthworm|slp\n|\n|-weather|SunnyDay|[upkeep]\n|-heal|p2b: Wo-Chien|64\/100|[from] item: Leftovers\n|-damage|p1a: Orthworm|88\/100 slp|[from] Leech Seed|[of] p2b: Wo-Chien\n|-heal|p2b: Wo-Chien|75\/100|[silent]\n|upkeep\n|turn|9\n|\n|t:|1682099120\n|move|p2a: Jumpluff|Tailwind|p2a: Jumpluff\n|-sidestart|p2: LordSno|move: Tailwind\n|move|p2b: Wo-Chien|Ruination|p1b: Dragonite\n|-end|p1b: Dragonite|Substitute\n|move|p1b: Dragonite|Dragon Dance|p1b: Dragonite\n|-boost|p1b: Dragonite|atk|1\n|-boost|p1b: Dragonite|spe|1\n|-curestatus|p1a: Orthworm|slp|[msg]\n|move|p1a: Orthworm|Iron Defense|p1a: Orthworm\n|-boost|p1a: Orthworm|def|2\n|\n|-weather|SunnyDay|[upkeep]\n|-heal|p2b: Wo-Chien|81\/100|[from] item: Leftovers\n|-damage|p1a: Orthworm|76\/100|[from] Leech Seed|[of] p2b: Wo-Chien\n|-heal|p2b: Wo-Chien|92\/100|[silent]\n|upkeep\n|turn|10\n|\n|t:|1682099139\n|move|p1b: Dragonite|Extreme Speed|p2a: Jumpluff\n|-damage|p2a: Jumpluff|38\/100\n|move|p2a: Jumpluff|Sleep Powder|p1b: Dragonite\n|-status|p1b: Dragonite|slp|[from] move: Sleep Powder\n|-enditem|p1b: Dragonite|Lum Berry|[eat]\n|-curestatus|p1b: Dragonite|slp|[msg]\n|move|p2b: Wo-Chien|Leech Seed|p1b: Dragonite\n|-start|p1b: Dragonite|move: Leech Seed\n|move|p1a: Orthworm|Body Press|p2b: Wo-Chien\n|-supereffective|p2b: Wo-Chien\n|-damage|p2b: Wo-Chien|8\/100\n|\n|-weather|SunnyDay|[upkeep]\n|-heal|p2b: Wo-Chien|14\/100|[from] item: Leftovers\n|-damage|p1b: Dragonite|88\/100|[from] Leech Seed|[of] p2b: Wo-Chien\n|-heal|p2b: Wo-Chien|25\/100|[silent]\n|-damage|p1a: Orthworm|64\/100|[from] Leech Seed|[of] p2b: Wo-Chien\n|-heal|p2b: Wo-Chien|36\/100|[silent]\n|upkeep\n|turn|11\n|inactive|LordSno has 30 seconds left.\n|\n|t:|1682099167\n|move|p2b: Wo-Chien|Protect|p2b: Wo-Chien\n|-singleturn|p2b: Wo-Chien|Protect\n|move|p1b: Dragonite|Extreme Speed|p2a: Jumpluff\n|-damage|p2a: Jumpluff|0 fnt\n|faint|p2a: Jumpluff\n|move|p1a: Orthworm|Body Press|p2b: Wo-Chien\n|-activate|p2b: Wo-Chien|move: Protect\n|\n|-weather|none\n|-heal|p2b: Wo-Chien|43\/100|[from] item: Leftovers\n|-damage|p1b: Dragonite|76\/100|[from] Leech Seed|[of] p2b: Wo-Chien\n|-heal|p2b: Wo-Chien|54\/100|[silent]\n|-damage|p1a: Orthworm|51\/100|[from] Leech Seed|[of] p2b: Wo-Chien\n|-heal|p2b: Wo-Chien|65\/100|[silent]\n|upkeep\n|\n|t:|1682099172\n|switch|p2a: Great Tusk|Great Tusk, L50|100\/100\n|turn|12\n|\n|t:|1682099192\n|-terastallize|p2b: Wo-Chien|Fire\n|move|p1b: Dragonite|Extreme Speed|p2a: Great Tusk\n|-damage|p2a: Great Tusk|66\/100\n|move|p2a: Great Tusk|Ice Spinner|p1b: Dragonite\n|-supereffective|p1b: Dragonite\n|-damage|p1b: Dragonite|0 fnt\n|faint|p1b: Dragonite\n|move|p2b: Wo-Chien|Ruination|p1a: Orthworm\n|-damage|p1a: Orthworm|26\/100\n|move|p1a: Orthworm|Body Press|p2b: Wo-Chien\n|-damage|p2b: Wo-Chien|26\/100\n|\n|-heal|p2b: Wo-Chien|32\/100|[from] item: Leftovers\n|-damage|p1a: Orthworm|14\/100|[from] Leech Seed|[of] p2b: Wo-Chien\n|-heal|p2b: Wo-Chien|43\/100|[silent]\n|-sideend|p2: LordSno|move: Tailwind\n|upkeep\n|turn|13\n|-message|ItaChidori24 forfeited.\n|\n|win|LordSno\n|raw|ItaChidori24's rating: 1079 → 1062<\/strong> (-17 for losing)\n|raw|LordSno's rating: 1162 → 1181<\/strong> (+19 for winning)\n|l|\u2606ItaChidori24\n","uploadtime":1682099212,"views":10,"p1id":"itachidori24","p2id":"lordsno","formatid":"gen9vgc2023regulationc","rating":1062,"private":0,"password":""}