{"id":"gen9vgc2023regulationc-1846324437","p1":"maverickya","p2":"Akcolade","format":"[Gen 9] VGC 2023 Regulation C","log":"|j|\u2606maverickya\n|j|\u2606Akcolade\n|t:|1681831713\n|gametype|doubles\n|player|p1|maverickya|266|1027\n|player|p2|Akcolade|170|1031\n|teamsize|p1|6\n|teamsize|p2|6\n|gen|9\n|tier|[Gen 9] VGC 2023 Regulation C\n|rated|\n|rule|Species Clause: Limit one of each Pok\u00e9mon\n|rule|Item Clause: Limit one of each item\n|clearpoke\n|poke|p1|Pachirisu, L50, F|\n|poke|p1|Scizor, L50, M|\n|poke|p1|Wo-Chien, L50|\n|poke|p1|Brute Bonnet, L50|\n|poke|p1|Annihilape, L50, M|\n|poke|p1|Dragapult, L50, F|\n|poke|p2|Chi-Yu, L50|\n|poke|p2|Dachsbun, L50, M|\n|poke|p2|Ditto, L50|\n|poke|p2|Breloom, L50, M|\n|poke|p2|Sandy Shocks, L50|\n|poke|p2|Roaring Moon, L50|\n|teampreview|4\n|\n|t:|1681831730\n|start\n|switch|p1a: Scizor|Scizor, L50, M|100\/100\n|switch|p1b: Wo-Chien|Wo-Chien, L50|100\/100\n|switch|p2a: Chi-Yu|Chi-Yu, L50|100\/100\n|switch|p2b: Dachsbun|Dachsbun, L50, M|100\/100\n|-ability|p2a: Chi-Yu|Beads of Ruin\n|-ability|p1b: Wo-Chien|Tablets of Ruin\n|turn|1\n|\n|t:|1681831757\n|-terastallize|p1a: Scizor|Water\n|move|p2a: Chi-Yu|Heat Wave|p1b: Wo-Chien|[spread] p1a,p1b\n|-resisted|p1a: Scizor\n|-supereffective|p1b: Wo-Chien\n|-damage|p1a: Scizor|56\/100\n|-damage|p1b: Wo-Chien|40\/100\n|move|p2b: Dachsbun|Yawn|p1a: Scizor\n|-start|p1a: Scizor|move: Yawn|[of] p2b: Dachsbun\n|move|p1b: Wo-Chien|Ruination|p2a: Chi-Yu\n|-damage|p2a: Chi-Yu|50\/100\n|move|p1a: Scizor|Tera Blast|p2a: Chi-Yu\n|-supereffective|p2a: Chi-Yu\n|-damage|p2a: Chi-Yu|0 fnt\n|faint|p2a: Chi-Yu\n|\n|upkeep\n|\n|t:|1681831777\n|switch|p2a: Breloom|Breloom, L50, M|100\/100\n|turn|2\n|\n|t:|1681831791\n|switch|p1a: Brute Bonnet|Brute Bonnet, L50|100\/100\n|move|p2b: Dachsbun|Body Press|p1b: Wo-Chien\n|-supereffective|p1b: Wo-Chien\n|-damage|p1b: Wo-Chien|14\/100\n|move|p2a: Breloom|Bullet Seed|p1a: Brute Bonnet\n|-resisted|p1a: Brute Bonnet\n|-damage|p1a: Brute Bonnet|95\/100\n|-resisted|p1a: Brute Bonnet\n|-damage|p1a: Brute Bonnet|89\/100\n|-hitcount|p1a: Brute Bonnet|2\n|move|p1b: Wo-Chien|Ruination|p2b: Dachsbun\n|-damage|p2b: Dachsbun|50\/100\n|\n|-heal|p2b: Dachsbun|57\/100|[from] item: Leftovers\n|-heal|p1a: Brute Bonnet|95\/100|[from] item: Leftovers\n|upkeep\n|turn|3\n|\n|t:|1681831811\n|move|p1a: Brute Bonnet|Rage Powder|p1a: Brute Bonnet\n|-singleturn|p1a: Brute Bonnet|move: Rage Powder\n|move|p2b: Dachsbun|Yawn|p1a: Brute Bonnet\n|-start|p1a: Brute Bonnet|move: Yawn|[of] p2b: Dachsbun\n|move|p2a: Breloom|Close Combat|p1b: Wo-Chien\n|-supereffective|p1b: Wo-Chien\n|-damage|p1b: Wo-Chien|0 fnt\n|-unboost|p2a: Breloom|def|1\n|-unboost|p2a: Breloom|spd|1\n|faint|p1b: Wo-Chien\n|\n|-heal|p2b: Dachsbun|63\/100|[from] item: Leftovers\n|-heal|p1a: Brute Bonnet|100\/100|[from] item: Leftovers\n|upkeep\n|\n|t:|1681831821\n|switch|p1b: Scizor|Scizor, L50, M, tera:Water|56\/100\n|turn|4\n|\n|t:|1681831834\n|move|p2b: Dachsbun|Body Press|p1b: Scizor\n|-damage|p1b: Scizor|36\/100\n|move|p2a: Breloom|Bullet Seed|p1b: Scizor\n|-supereffective|p1b: Scizor\n|-damage|p1b: Scizor|0 fnt\n|faint|p1b: Scizor\n|-hitcount|p1: Scizor|1\n|move|p1a: Brute Bonnet|Spore|p2b: Dachsbun\n|-status|p2b: Dachsbun|slp|[from] move: Spore\n|\n|-heal|p2b: Dachsbun|69\/100 slp|[from] item: Leftovers\n|-end|p1a: Brute Bonnet|move: Yawn|[silent]\n|-status|p1a: Brute Bonnet|slp\n|upkeep\n|\n|t:|1681831845\n|switch|p1b: Pachirisu|Pachirisu, L50, F|100\/100\n|turn|5\n|\n|t:|1681831857\n|move|p1b: Pachirisu|Super Fang|p2a: Breloom\n|-damage|p2a: Breloom|51\/100\n|cant|p2b: Dachsbun|slp\n|move|p2a: Breloom|Bullet Seed|p1b: Pachirisu\n|-damage|p1b: Pachirisu|70\/100\n|-damage|p1b: Pachirisu|37\/100\n|-enditem|p1b: Pachirisu|Sitrus Berry|[eat]\n|-heal|p1b: Pachirisu|62\/100|[from] item: Sitrus Berry\n|-damage|p1b: Pachirisu|31\/100\n|-hitcount|p1b: Pachirisu|3\n|cant|p1a: Brute Bonnet|slp\n|\n|-heal|p2b: Dachsbun|75\/100 slp|[from] item: Leftovers\n|upkeep\n|turn|6\n|\n|t:|1681831879\n|cant|p1a: Brute Bonnet|slp\n|move|p1b: Pachirisu|Nuzzle|p2a: Breloom\n|-resisted|p2a: Breloom\n|-damage|p2a: Breloom|46\/100\n|-status|p2a: Breloom|par\n|cant|p2b: Dachsbun|slp\n|move|p2a: Breloom|Bullet Seed|p1b: Pachirisu\n|-damage|p1b: Pachirisu|2\/100\n|-damage|p1b: Pachirisu|0 fnt\n|faint|p1b: Pachirisu\n|-hitcount|p1: Pachirisu|2\n|\n|-heal|p2b: Dachsbun|81\/100 slp|[from] item: Leftovers\n|upkeep\n|turn|7\n|\n|t:|1681831899\n|cant|p2b: Dachsbun|slp\n|-curestatus|p1a: Brute Bonnet|slp|[msg]\n|move|p1a: Brute Bonnet|Spore|p2a: Breloom\n|-immune|p2a: Breloom\n|move|p2a: Breloom|Close Combat|p1a: Brute Bonnet\n|-supereffective|p1a: Brute Bonnet\n|-damage|p1a: Brute Bonnet|10\/100\n|-unboost|p2a: Breloom|def|1\n|-unboost|p2a: Breloom|spd|1\n|\n|-heal|p2b: Dachsbun|87\/100 slp|[from] item: Leftovers\n|-heal|p1a: Brute Bonnet|15\/100|[from] item: Leftovers\n|upkeep\n|turn|8\n|-message|maverickya forfeited.\n|\n|win|Akcolade\n|raw|maverickya's rating: 1027 → 1013<\/strong> (-14 for losing)\n|raw|Akcolade's rating: 1031 → 1066<\/strong> (+35 for winning)\n|l|\u2606maverickya\n","uploadtime":1681831918,"views":6,"p1id":"maverickya","p2id":"akcolade","formatid":"gen9vgc2023regulationc","rating":1013,"private":0,"password":""}