{"id":"gen9vgc2023regulationc-1845910774","p1":"Maiikon","p2":"GS \u00a6 Leelep","format":"[Gen 9] VGC 2023 Regulation C","log":"|j|\u2606Maiikon\n|j|\u2606GS \u00a6 Leelep\n|t:|1681778286\n|gametype|doubles\n|player|p1|Maiikon|marshal|\n|player|p2|GS \u00a6 Leelep|riley|\n|teamsize|p1|6\n|teamsize|p2|6\n|gen|9\n|tier|[Gen 9] VGC 2023 Regulation C\n|rule|Species Clause: Limit one of each Pok\u00e9mon\n|rule|Item Clause: Limit one of each item\n|clearpoke\n|poke|p1|Chien-Pao, L50|\n|poke|p1|Chi-Yu, L50|\n|poke|p1|Iron Hands, L50|\n|poke|p1|Dragonite, L50, M|\n|poke|p1|Bronzong, L50|\n|poke|p1|Flutter Mane, L50|\n|poke|p2|Chien-Pao, L50|\n|poke|p2|Amoonguss, L50, F|\n|poke|p2|Volcarona, L50, F|\n|poke|p2|Dragapult, L50, M|\n|poke|p2|Ting-Lu, L50|\n|poke|p2|Dragonite, L50, M|\n|teampreview|4\n|inactive|Battle timer is ON: inactive players will automatically lose when time's up. (requested by GS \u00a6 Leelep)\nGS \u00a6 Leelep has agreed to open team sheets.\n|c|\u2606Maiikon|g1\n|inactiveoff|Battle timer is now OFF.\nMaiikon has agreed to open team sheets.\n|c|\u2606GS \u00a6 Leelep|G1\n|c|\u2606GS \u00a6 Leelep|GL HF\n|c|\u2606Maiikon|bom jogo mano\n|\n|t:|1681778412\n|start\n|switch|p1a: Chien-Pao|Chien-Pao, L50|100\/100\n|switch|p1b: Hulk|Dragonite, L50, M, shiny|100\/100\n|switch|p2a: Volcarona|Volcarona, L50, F, shiny|100\/100\n|switch|p2b: Amoonguss|Amoonguss, L50, F, shiny|100\/100\n|-ability|p1a: Chien-Pao|Sword of Ruin\n|turn|1\n|\n|t:|1681778480\n|move|p2a: Volcarona|Rage Powder|p2a: Volcarona\n|-singleturn|p2a: Volcarona|move: Rage Powder\n|move|p1a: Chien-Pao|Ice Spinner|p2a: Volcarona\n|-resisted|p2a: Volcarona\n|-damage|p2a: Volcarona|62\/100\n|-damage|p1a: Chien-Pao|91\/100|[from] item: Life Orb\n|move|p1b: Hulk|Earthquake|p2b: Amoonguss|[spread] p1a,p2a,p2b\n|-damage|p1a: Chien-Pao|29\/100\n|-damage|p2a: Volcarona|0 fnt\n|-damage|p2b: Amoonguss|56\/100\n|faint|p2a: Volcarona\n|move|p2b: Amoonguss|Spore|p1a: Chien-Pao\n|-status|p1a: Chien-Pao|slp|[from] move: Spore\n|\n|upkeep\n|\n|t:|1681778493\n|switch|p2a: Chien-Pao|Chien-Pao, L50|100\/100\n|-ability|p2a: Chien-Pao|Sword of Ruin\n|turn|2\n|\n|t:|1681778518\n|switch|p1b: BigBen|Bronzong, L50|100\/100\n|move|p2a: Chien-Pao|Sacred Sword|p1a: Chien-Pao\n|-supereffective|p1a: Chien-Pao\n|-damage|p1a: Chien-Pao|0 fnt\n|faint|p1a: Chien-Pao\n|move|p2b: Amoonguss|Spore|p1b: BigBen\n|-status|p1b: BigBen|slp|[from] move: Spore\n|\n|upkeep\n|\n|t:|1681778529\n|switch|p1a: Hulk|Dragonite, L50, M, shiny|100\/100\n|turn|3\n|\n|t:|1681778546\n|switch|p2b: Dragapult|Dragapult, L50, M|100\/100\n|-terastallize|p1a: Hulk|Normal\n|move|p2a: Chien-Pao|Sacred Sword|p1a: Hulk\n|-supereffective|p1a: Hulk\n|-damage|p1a: Hulk|14\/100\n|move|p1a: Hulk|Earthquake|p2b: Dragapult|[spread] p2a,p2b\n|-immune|p1b: BigBen|[from] ability: Levitate\n|-damage|p2a: Chien-Pao|40\/100\n|-damage|p2b: Dragapult|4\/100\n|cant|p1b: BigBen|slp\n|\n|upkeep\n|turn|4\n|\n|t:|1681778581\n|switch|p1a: Flutter Mane|Flutter Mane, L50|100\/100\n|move|p2b: Dragapult|Phantom Force||[still]\n|-prepare|p2b: Dragapult|Phantom Force\n|move|p2a: Chien-Pao|Ice Spinner|p1a: Flutter Mane\n|-damage|p1a: Flutter Mane|0 fnt\n|faint|p1a: Flutter Mane\n|-end|p1a: Flutter Mane|Protosynthesis|[silent]\n|cant|p1b: BigBen|slp\n|\n|upkeep\n|\n|t:|1681778590\n|switch|p1a: Hulk|Dragonite, L50, M, shiny, tera:Normal|14\/100\n|turn|5\n|\n|t:|1681778610\n|-terastallize|p2a: Chien-Pao|Ghost\n|move|p1a: Hulk|Extreme Speed|p2a: Chien-Pao\n|-immune|p2a: Chien-Pao\n|move|p2b: Dragapult|Phantom Force|p1b: BigBen|[from]lockedmove\n|-supereffective|p1b: BigBen\n|-damage|p1b: BigBen|0 fnt\n|faint|p1b: BigBen\n|-damage|p2b: Dragapult|0 fnt|[from] item: Life Orb\n|faint|p2b: Dragapult\n|move|p2a: Chien-Pao|Ice Spinner|p1a: Hulk\n|-damage|p1a: Hulk|0 fnt\n|faint|p1a: Hulk\n|\n|win|GS \u00a6 Leelep\n|c|\u2606Maiikon|gg\n","uploadtime":1681778674,"views":15,"p1id":"maiikon","p2id":"gsleelep","formatid":"gen9vgc2023regulationc","rating":0,"private":0,"password":""}