{"id":"gen9vgc2023regulationc-1848632767","p1":"TrunksPlaysPokemon","p2":"pls be kind to me","format":"[Gen 9] VGC 2023 Regulation C","log":"|j|\u2606TrunksPlaysPokemon\n|j|\u2606pls be kind to me\n|t:|1682096179\n|gametype|doubles\n|player|p1|TrunksPlaysPokemon|flannery|1231\n|player|p2|pls be kind to me|flannery|1262\n|teamsize|p1|6\n|teamsize|p2|6\n|gen|9\n|tier|[Gen 9] VGC 2023 Regulation C\n|rated|\n|rule|Species Clause: Limit one of each Pok\u00e9mon\n|rule|Item Clause: Limit one of each item\n|clearpoke\n|poke|p1|Amoonguss, L50, M|\n|poke|p1|Baxcalibur, L50, F|\n|poke|p1|Iron Hands, L50|\n|poke|p1|Palafin, L50, M|\n|poke|p1|Chi-Yu, L50|\n|poke|p1|Flutter Mane, L50|\n|poke|p2|Chi-Yu, L50|\n|poke|p2|Flutter Mane, L50|\n|poke|p2|Corviknight, L50, M|\n|poke|p2|Baxcalibur, L50, F|\n|poke|p2|Scream Tail, L50|\n|poke|p2|Rotom-Wash, L50|\n|teampreview|4\npls be kind to me has agreed to open team sheets.\nTrunksPlaysPokemon has agreed to open team sheets.\n|inactive|Battle timer is ON: inactive players will automatically lose when time's up. (requested by TrunksPlaysPokemon)\n|\n|t:|1682096309\n|start\n|switch|p1a: Iron Hands|Iron Hands, L50|100\/100\n|switch|p1b: Baxcalibur|Baxcalibur, L50, F|100\/100\n|switch|p2a: Chi-Yu|Chi-Yu, L50|100\/100\n|switch|p2b: Scream Tail|Scream Tail, L50|100\/100\n|-ability|p2a: Chi-Yu|Beads of Ruin\n|-enditem|p2b: Scream Tail|Booster Energy\n|-activate|p2b: Scream Tail|ability: Protosynthesis|[fromitem]\n|-start|p2b: Scream Tail|protosynthesisspe\n|turn|1\n|inactive|TrunksPlaysPokemon has 30 seconds left.\n|inactive|pls be kind to me has 30 seconds left.\n|inactive|TrunksPlaysPokemon has 20 seconds left.\n|inactive|pls be kind to me has 20 seconds left.\n|inactive|TrunksPlaysPokemon has 15 seconds left.\n|inactive|pls be kind to me has 15 seconds left.\n|inactive|TrunksPlaysPokemon has 10 seconds left.\n|inactive|TrunksPlaysPokemon has 5 seconds left.\n|\n|t:|1682096360\n|move|p1b: Baxcalibur|Protect|p1b: Baxcalibur\n|-singleturn|p1b: Baxcalibur|Protect\n|move|p2b: Scream Tail|Play Rough|p1b: Baxcalibur\n|-activate|p1b: Baxcalibur|move: Protect\n|move|p2a: Chi-Yu|Dark Pulse|p1b: Baxcalibur\n|-activate|p1b: Baxcalibur|move: Protect\n|move|p1a: Iron Hands|Volt Switch|p2a: Chi-Yu\n|-damage|p2a: Chi-Yu|88\/100\n|\n|t:|1682096369\n|-end|p1a: Iron Hands|Quark Drive|[silent]\n|switch|p1a: Palafin|Palafin, L50, M|100\/100|[from] Volt Switch\n|\n|upkeep\n|turn|2\n|\n|t:|1682096378\n|switch|p2a: Rotom|Rotom-Wash, L50, shiny|100\/100\n|switch|p1b: Iron Hands|Iron Hands, L50|100\/100\n|detailschange|p1a: Palafin|Palafin-Hero, L50, M\n|switch|p1a: Chi-Yu|Chi-Yu, L50|100\/100\n|-ability|p1a: Chi-Yu|Beads of Ruin\n|move|p2b: Scream Tail|Encore||[still]\n|-fail|p2b: Scream Tail\n|\n|upkeep\n|turn|3\n|inactive|pls be kind to me has 30 seconds left.\n|inactive|TrunksPlaysPokemon has 30 seconds left.\n|inactive|pls be kind to me has 20 seconds left.\n|inactive|pls be kind to me has 15 seconds left.\n|inactive|TrunksPlaysPokemon has 20 seconds left.\n|inactive|TrunksPlaysPokemon has 15 seconds left.\n|inactive|TrunksPlaysPokemon has 10 seconds left.\n|\n|t:|1682096436\n|switch|p2a: Chi-Yu|Chi-Yu, L50|88\/100\n|-ability|p2a: Chi-Yu|Beads of Ruin\n|move|p2b: Scream Tail|Play Rough|p1a: Chi-Yu\n|-damage|p1a: Chi-Yu|67\/100\n|move|p1a: Chi-Yu|Dark Pulse|p2a: Chi-Yu\n|-resisted|p2a: Chi-Yu\n|-damage|p2a: Chi-Yu|64\/100\n|move|p1b: Iron Hands|Wild Charge|p2a: Chi-Yu\n|-damage|p2a: Chi-Yu|0 fnt\n|faint|p2a: Chi-Yu\n|-damage|p1b: Iron Hands|90\/100|[from] Recoil\n|\n|upkeep\n|\n|t:|1682096447\n|switch|p2a: Rotom|Rotom-Wash, L50, shiny|100\/100\n|turn|4\n|\n|t:|1682096457\n|move|p2b: Scream Tail|Disable|p1a: Chi-Yu\n|-start|p1a: Chi-Yu|Disable|Dark Pulse\n|cant|p1a: Chi-Yu|Disable|Dark Pulse\n|move|p2a: Rotom|Nasty Plot|p2a: Rotom\n|-boost|p2a: Rotom|spa|2\n|move|p1b: Iron Hands|Wild Charge|p2a: Rotom\n|-damage|p2a: Rotom|62\/100\n|-damage|p1b: Iron Hands|84\/100|[from] Recoil\n|\n|upkeep\n|turn|5\n|\n|t:|1682096476\n|move|p2b: Scream Tail|Play Rough|p1b: Iron Hands\n|-supereffective|p1b: Iron Hands\n|-damage|p1b: Iron Hands|54\/100\n|-activate|p1a: Chi-Yu|move: Struggle\n|move|p1a: Chi-Yu|Struggle|p2a: Rotom\n|-damage|p2a: Rotom|55\/100\n|-damage|p1a: Chi-Yu|42\/100|[from] recoil\n|move|p2a: Rotom|Hydro Pump|p1b: Iron Hands|[miss]\n|-miss|p2a: Rotom|p1b: Iron Hands\n|move|p1b: Iron Hands|Close Combat|p2a: Rotom\n|-damage|p2a: Rotom|1\/100\n|-unboost|p1b: Iron Hands|def|1\n|-unboost|p1b: Iron Hands|spd|1\n|-enditem|p2a: Rotom|Sitrus Berry|[eat]\n|-heal|p2a: Rotom|26\/100|[from] item: Sitrus Berry\n|\n|upkeep\n|turn|6\n|inactive|TrunksPlaysPokemon has 30 seconds left.\n|inactive|pls be kind to me has 30 seconds left.\n|\n|t:|1682096502\n|move|p2b: Scream Tail|Play Rough|p1a: Chi-Yu\n|-damage|p1a: Chi-Yu|10\/100\n|-activate|p1a: Chi-Yu|move: Struggle\n|move|p1a: Chi-Yu|Struggle|p2b: Scream Tail\n|-damage|p2b: Scream Tail|94\/100\n|-damage|p1a: Chi-Yu|0 fnt|[from] recoil\n|faint|p1a: Chi-Yu\n|move|p2a: Rotom|Hydro Pump|p1b: Iron Hands\n|-damage|p1b: Iron Hands|0 fnt\n|faint|p1b: Iron Hands\n|-end|p1b: Iron Hands|Quark Drive|[silent]\n|\n|upkeep\n|\n|t:|1682096513\n|switch|p1a: Palafin|Palafin-Hero, L50, M|100\/100\n|switch|p1b: Baxcalibur|Baxcalibur, L50, F|100\/100\n|-activate|p1a: Palafin|ability: Zero to Hero\n|turn|7\n|inactive|pls be kind to me has 30 seconds left.\n|\n|t:|1682096541\n|-terastallize|p1b: Baxcalibur|Fire\n|move|p2b: Scream Tail|Play Rough|p1a: Palafin\n|-damage|p1a: Palafin|81\/100\n|-unboost|p1a: Palafin|atk|1\n|move|p1b: Baxcalibur|Glaive Rush|p2a: Rotom\n|-damage|p2a: Rotom|0 fnt\n|-singlemove|p1b: Baxcalibur|Glaive Rush|[silent]\n|faint|p2a: Rotom\n|move|p1a: Palafin|Wave Crash|p2b: Scream Tail\n|-damage|p2b: Scream Tail|42\/100\n|-damage|p1a: Palafin|63\/100|[from] Recoil\n|\n|upkeep\n|\n|t:|1682096551\n|switch|p2a: Corviknight|Corviknight, L50, M, shiny|100\/100\n|turn|8\n|inactive|pls be kind to me has 30 seconds left.\n|\n|t:|1682096576\n|-terastallize|p2b: Scream Tail|Water\n|move|p1b: Baxcalibur|Protect|p1b: Baxcalibur\n|-singleturn|p1b: Baxcalibur|Protect\n|move|p1a: Palafin|Jet Punch|p2b: Scream Tail\n|-resisted|p2b: Scream Tail\n|-damage|p2b: Scream Tail|27\/100\n|move|p2b: Scream Tail|Disable|p1a: Palafin\n|-start|p1a: Palafin|Disable|Jet Punch\n|move|p2a: Corviknight|Tailwind|p2a: Corviknight\n|-sidestart|p2: pls be kind to me|move: Tailwind\n|\n|upkeep\n|turn|9\n|\n|t:|1682096600\n|move|p1b: Baxcalibur|Protect|p1b: Baxcalibur\n|-singleturn|p1b: Baxcalibur|Protect\n|move|p2b: Scream Tail|Encore|p1b: Baxcalibur\n|-activate|p1b: Baxcalibur|move: Protect\n|move|p2a: Corviknight|Brave Bird|p1a: Palafin\n|-damage|p1a: Palafin|30\/100\n|-damage|p2a: Corviknight|90\/100|[from] Recoil\n|move|p1a: Palafin|Wave Crash|p2b: Scream Tail\n|-resisted|p2b: Scream Tail\n|-damage|p2b: Scream Tail|1\/100\n|-damage|p1a: Palafin|22\/100|[from] Recoil\n|\n|upkeep\n|turn|10\n|inactive|TrunksPlaysPokemon has 30 seconds left.\n|inactive|TrunksPlaysPokemon has 20 seconds left.\n|inactive|TrunksPlaysPokemon has 15 seconds left.\n|inactive|TrunksPlaysPokemon has 10 seconds left.\n|\n|t:|1682096649\n|move|p1a: Palafin|Protect|p1a: Palafin\n|-singleturn|p1a: Palafin|Protect\n|move|p2b: Scream Tail|Encore|p1b: Baxcalibur\n|-start|p1b: Baxcalibur|Encore\n|move|p2a: Corviknight|Brave Bird|p1a: Palafin\n|-activate|p1a: Palafin|move: Protect\n|move|p1b: Baxcalibur|Protect||[still]\n|-fail|p1b: Baxcalibur\n|\n|upkeep\n|turn|11\n|\n|t:|1682096660\n|move|p1b: Baxcalibur|Protect|p1b: Baxcalibur\n|-singleturn|p1b: Baxcalibur|Protect\n|move|p1a: Palafin|Protect||[still]\n|-fail|p1a: Palafin\n|move|p2b: Scream Tail|Howl|p2b: Scream Tail|[spread] p2a,p2b\n|-boost|p2a: Corviknight|atk|1\n|-boost|p2b: Scream Tail|atk|1\n|move|p2a: Corviknight|Brave Bird|p1a: Palafin\n|-damage|p1a: Palafin|0 fnt\n|faint|p1a: Palafin\n|-damage|p2a: Corviknight|83\/100|[from] Recoil\n|\n|-sideend|p2: pls be kind to me|move: Tailwind\n|upkeep\n|turn|12\n|\n|t:|1682096671\n|move|p1b: Baxcalibur|Protect|p1b: Baxcalibur\n|-singleturn|p1b: Baxcalibur|Protect\n|move|p2b: Scream Tail|Howl|p2b: Scream Tail|[spread] p2a,p2b\n|-boost|p2a: Corviknight|atk|1\n|-boost|p2b: Scream Tail|atk|1\n|move|p2a: Corviknight|Brave Bird|p1b: Baxcalibur\n|-activate|p1b: Baxcalibur|move: Protect\n|\n|-end|p1b: Baxcalibur|Encore\n|upkeep\n|turn|13\n|c|\u2606TrunksPlaysPokemon|Gg, I miscounted disable turns\n|-message|TrunksPlaysPokemon forfeited.\n|\n|win|pls be kind to me\n|raw|TrunksPlaysPokemon's rating: 1231 → 1208<\/strong> (-23 for losing)\n|raw|pls be kind to me's rating: 1262 → 1285<\/strong> (+23 for winning)\n|c|\u2606pls be kind to me|gg\n","uploadtime":1682096774,"views":17,"p1id":"trunksplayspokemon","p2id":"plsbekindtome","formatid":"gen9vgc2023regulationc","rating":1208,"private":0,"password":""}