{"id":"gen9vgc2023regulationc-1863838934","p1":"azulite_poke","p2":"tang justin","format":"[Gen 9] VGC 2023 Regulation C","log":"|j|\u2606azulite_poke\n|j|\u2606tang justin\n|t:|1684083917\n|gametype|doubles\n|player|p1|azulite_poke|palmer|\n|player|p2|tang justin|caitlin|\n|teamsize|p1|6\n|teamsize|p2|6\n|gen|9\n|tier|[Gen 9] VGC 2023 Regulation C\n|rule|Species Clause: Limit one of each Pok\u00e9mon\n|rule|Item Clause: Limit one of each item\n|clearpoke\n|poke|p1|Iron Bundle, L50|\n|poke|p1|Dragonite, L50, F|\n|poke|p1|Kingambit, L50, M|\n|poke|p1|Flutter Mane, L50|\n|poke|p1|Abomasnow, L50, F|\n|poke|p1|Great Tusk, L50|\n|poke|p2|Ting-Lu, L50|\n|poke|p2|Dragonite, L50, F|\n|poke|p2|Dondozo, L50, F|\n|poke|p2|Chien-Pao, L50|\n|poke|p2|Tatsugiri-Stretchy, L50, M|\n|poke|p2|Glimmora, L50, M|\n|teampreview|4\n|c|\u2606tang justin|g2\n|c|\u2606azulite_poke|g2\n|c|\u2606tang justin|\/log tang justin made this room public.\n|j| Deemo Hyouryou\n|j| Yoshiandlugia\n|j| baaaaat_\n|j|+Zelda\n|j| TabuVGC\ntang justin has agreed to open team sheets.\n|j| JMOdri\n|j| UberVylit\n|l|\u2606azulite_poke\n|player|p1|\n|j|\u2606azulite_poke\n|player|p1|azulite_poke|palmer\n|j| Sratsym\nazulite_poke has agreed to open team sheets.\n|\n|t:|1684084475\n|start\n|switch|p1a: Iron Bundle|Iron Bundle, L50|100\/100\n|switch|p1b: Abomasnow|Abomasnow, L50, F|100\/100\n|switch|p2a: Dondozo|Dondozo, L50, F|100\/100\n|switch|p2b: Ting-Lu|Ting-Lu, L50|100\/100\n|-weather|Snow|[from] ability: Snow Warning|[of] p1b: Abomasnow\n|-ability|p2b: Ting-Lu|Vessel of Ruin\n|turn|1\n|\n|t:|1684084493\n|-terastallize|p2b: Ting-Lu|Fairy\n|move|p1a: Iron Bundle|Blizzard|p2a: Dondozo|[spread] p2a,p2b\n|-resisted|p2a: Dondozo\n|-damage|p2a: Dondozo|81\/100\n|-damage|p2b: Ting-Lu|76\/100\n|move|p1b: Abomasnow|Leaf Storm|p2a: Dondozo\n|-supereffective|p2a: Dondozo\n|-damage|p2a: Dondozo|2\/100\n|-unboost|p1b: Abomasnow|spa|2\n|move|p2b: Ting-Lu|Stealth Rock|p1a: Iron Bundle\n|-sidestart|p1: azulite_poke|move: Stealth Rock\n|move|p2a: Dondozo|Yawn|p1a: Iron Bundle\n|-start|p1a: Iron Bundle|move: Yawn|[of] p2a: Dondozo\n|\n|-weather|Snow|[upkeep]\n|-heal|p2a: Dondozo|8\/100|[from] item: Leftovers\n|upkeep\n|turn|2\n|j| Pokemon19385\n|\n|t:|1684084514\n|move|p2a: Dondozo|Protect|p2a: Dondozo\n|-singleturn|p2a: Dondozo|Protect\n|move|p1a: Iron Bundle|Blizzard|p2a: Dondozo|[spread] p2b\n|-activate|p2a: Dondozo|move: Protect\n|-damage|p2b: Ting-Lu|50\/100\n|-status|p2b: Ting-Lu|frz\n|move|p1b: Abomasnow|Aurora Veil|p1b: Abomasnow\n|-sidestart|p1: azulite_poke|move: Aurora Veil\n|cant|p2b: Ting-Lu|frz\n|\n|-weather|Snow|[upkeep]\n|-heal|p2a: Dondozo|14\/100|[from] item: Leftovers\n|-end|p1a: Iron Bundle|move: Yawn|[silent]\n|-status|p1a: Iron Bundle|slp\n|upkeep\n|turn|3\n|l| Pokemon19385\n|\n|t:|1684084528\n|cant|p1a: Iron Bundle|slp\n|move|p1b: Abomasnow|Blizzard|p2a: Dondozo|[spread] p2a,p2b\n|-resisted|p2a: Dondozo\n|-damage|p2a: Dondozo|3\/100\n|-damage|p2b: Ting-Lu|42\/100 frz\n|-status|p2a: Dondozo|frz\n|-curestatus|p2b: Ting-Lu|frz|[msg]\n|move|p2b: Ting-Lu|Ruination|p1b: Abomasnow\n|-damage|p1b: Abomasnow|50\/100\n|cant|p2a: Dondozo|frz\n|\n|-weather|Snow|[upkeep]\n|-heal|p2a: Dondozo|9\/100 frz|[from] item: Leftovers\n|upkeep\n|turn|4\n|\n|t:|1684084540\n|cant|p1a: Iron Bundle|slp\n|move|p1b: Abomasnow|Blizzard|p2b: Ting-Lu|[spread] p2a,p2b\n|-resisted|p2a: Dondozo\n|-damage|p2a: Dondozo|0 fnt\n|-damage|p2b: Ting-Lu|34\/100\n|faint|p2a: Dondozo\n|move|p2b: Ting-Lu|Ruination|p1a: Iron Bundle\n|-damage|p1a: Iron Bundle|50\/100 slp\n|\n|-weather|Snow|[upkeep]\n|upkeep\n|j| sempr9\n|\n|t:|1684084546\n|switch|p2a: Chien-Pao|Chien-Pao, L50|100\/100\n|-ability|p2a: Chien-Pao|Sword of Ruin\n|turn|5\n|j| pokeway96\n|\n|t:|1684084555\n|move|p2a: Chien-Pao|Protect|p2a: Chien-Pao\n|-singleturn|p2a: Chien-Pao|Protect\n|-curestatus|p1a: Iron Bundle|slp|[msg]\n|move|p1a: Iron Bundle|Blizzard|p2b: Ting-Lu|[spread] p2b\n|-activate|p2a: Chien-Pao|move: Protect\n|-damage|p2b: Ting-Lu|8\/100\n|move|p1b: Abomasnow|Leaf Storm|p2a: Chien-Pao\n|-activate|p2a: Chien-Pao|move: Protect\n|move|p2b: Ting-Lu|Earthquake|p1b: Abomasnow|[spread] p1a,p1b\n|-activate|p2a: Chien-Pao|move: Protect\n|-resisted|p1b: Abomasnow\n|-damage|p1a: Iron Bundle|32\/100\n|-damage|p1b: Abomasnow|42\/100\n|\n|-weather|none\n|upkeep\n|turn|6\n|\n|t:|1684084573\n|move|p1a: Iron Bundle|Blizzard|p2a: Chien-Pao|[spread] p2b\n|-miss|p1a: Iron Bundle|p2a: Chien-Pao\n|-damage|p2b: Ting-Lu|0 fnt\n|faint|p2b: Ting-Lu\n|move|p2a: Chien-Pao|Sacred Sword|p1b: Abomasnow\n|-supereffective|p1b: Abomasnow\n|-damage|p1b: Abomasnow|0 fnt\n|faint|p1b: Abomasnow\n|\n|-sideend|p1: azulite_poke|move: Aurora Veil\n|upkeep\n|\n|t:|1684084581\n|switch|p1b: Flutter Mane|Flutter Mane, L50|100\/100\n|switch|p2b: Dragonite|Dragonite, L50, F|100\/100\n|-damage|p1b: Flutter Mane|88\/100|[from] Stealth Rock\n|-enditem|p1b: Flutter Mane|Booster Energy\n|-activate|p1b: Flutter Mane|ability: Protosynthesis|[fromitem]\n|-start|p1b: Flutter Mane|protosynthesisspe\n|turn|7\n|\n|t:|1684084627\n|move|p1b: Flutter Mane|Protect|p1b: Flutter Mane\n|-singleturn|p1b: Flutter Mane|Protect\n|move|p2b: Dragonite|Extreme Speed|p1a: Iron Bundle\n|-damage|p1a: Iron Bundle|0 fnt\n|faint|p1a: Iron Bundle\n|-end|p1a: Iron Bundle|Quark Drive|[silent]\n|move|p2a: Chien-Pao|Ice Spinner|p1b: Flutter Mane\n|-activate|p1b: Flutter Mane|move: Protect\n|\n|upkeep\n|\n|t:|1684084635\n|switch|p1a: Dragonite|Dragonite, L50, F|100\/100\n|-damage|p1a: Dragonite|76\/100|[from] Stealth Rock\n|turn|8\n|\n|t:|1684084654\n|-terastallize|p1a: Dragonite|Normal\n|move|p2a: Chien-Pao|Protect|p2a: Chien-Pao\n|-singleturn|p2a: Chien-Pao|Protect\n|move|p1a: Dragonite|Extreme Speed|p2b: Dragonite\n|-damage|p2b: Dragonite|60\/100\n|move|p2b: Dragonite|Extreme Speed|p1a: Dragonite\n|-damage|p1a: Dragonite|5\/100\n|move|p1b: Flutter Mane|Dazzling Gleam|p2a: Chien-Pao|[spread] p2b\n|-activate|p2a: Chien-Pao|move: Protect\n|-supereffective|p2b: Dragonite\n|-crit|p2b: Dragonite\n|-damage|p2b: Dragonite|0 fnt\n|faint|p2b: Dragonite\n|\n|upkeep\n|turn|9\n|l| pokeway96\n|\n|t:|1684084674\n|move|p1a: Dragonite|Extreme Speed|p2a: Chien-Pao\n|-damage|p2a: Chien-Pao|14\/100\n|move|p2a: Chien-Pao|Sucker Punch|p1b: Flutter Mane\n|-damage|p1b: Flutter Mane|2\/100\n|move|p1b: Flutter Mane|Moonblast|p2a: Chien-Pao\n|-supereffective|p2a: Chien-Pao\n|-damage|p2a: Chien-Pao|0 fnt\n|faint|p2a: Chien-Pao\n|\n|win|azulite_poke\n|c|\u2606azulite_poke|ggs\n|l|+Zelda\n|l| sempr9\n|l| TabuVGC\n|c|\u2606tang justin|ggs\n|l| Deemo Hyouryou\n","uploadtime":1684084697,"views":19,"p1id":"azulitepoke","p2id":"tangjustin","formatid":"gen9vgc2023regulationc","rating":0,"private":0,"password":""}