{"id":"gen9vgc2023regulationc-1863903645","p1":"TGH_sr","p2":"josuegarciap","format":"[Gen 9] VGC 2023 Regulation C","log":"|j|\u2606TGH_sr\n|j|\u2606josuegarciap\n|t:|1684091483\n|gametype|doubles\n|player|p1|TGH_sr|steven|1098\n|player|p2|josuegarciap|steven|1135\n|teamsize|p1|6\n|teamsize|p2|6\n|gen|9\n|tier|[Gen 9] VGC 2023 Regulation C\n|rated|\n|rule|Species Clause: Limit one of each Pok\u00e9mon\n|rule|Item Clause: Limit one of each item\n|clearpoke\n|poke|p1|Talonflame, L50, M|\n|poke|p1|Garchomp, L50, F|\n|poke|p1|Kingambit, L50, F|\n|poke|p1|Chi-Yu, L50|\n|poke|p1|Iron Bundle, L50|\n|poke|p1|Flutter Mane, L50|\n|poke|p2|Iron Hands, L50|\n|poke|p2|Palafin, L50, M|\n|poke|p2|Rotom-Mow, L50|\n|poke|p2|Pelipper, L50, F|\n|poke|p2|Gholdengo, L50|\n|poke|p2|Ting-Lu, L50|\n|teampreview|4\nTGH_sr has agreed to open team sheets.\n|\n|t:|1684091563\n|start\n|switch|p1a: Chi-Yu|Chi-Yu, L50|100\/100\n|switch|p1b: Flutter Mane|Flutter Mane, L50|100\/100\n|switch|p2a: Pelipper|Pelipper, L50, F|100\/100\n|switch|p2b: Gholdengo|Gholdengo, L50|100\/100\n|-ability|p1a: Chi-Yu|Beads of Ruin\n|-weather|RainDance|[from] ability: Drizzle|[of] p2a: Pelipper\n|turn|1\n|inactive|Battle timer is ON: inactive players will automatically lose when time's up. (requested by josuegarciap)\n|\n|t:|1684091611\n|move|p1a: Chi-Yu|Protect|p1a: Chi-Yu\n|-singleturn|p1a: Chi-Yu|Protect\n|move|p2b: Gholdengo|Make It Rain|p1a: Chi-Yu|[spread] p1b\n|-activate|p1a: Chi-Yu|move: Protect\n|-supereffective|p1b: Flutter Mane\n|-damage|p1b: Flutter Mane|0 fnt\n|-unboost|p2b: Gholdengo|spa|1\n|faint|p1b: Flutter Mane\n|-end|p1b: Flutter Mane|Protosynthesis|[silent]\n|move|p2a: Pelipper|Hurricane|p1a: Chi-Yu\n|-activate|p1a: Chi-Yu|move: Protect\n|\n|-weather|RainDance|[upkeep]\n|upkeep\n|\n|t:|1684091630\n|switch|p1b: Garchomp|Garchomp, L50, F|100\/100\n|turn|2\n|inactive|TGH_sr has 30 seconds left.\n|\n|t:|1684091661\n|switch|p2b: Ting-Lu|Ting-Lu, L50|100\/100\n|-ability|p2b: Ting-Lu|Vessel of Ruin\n|-terastallize|p1b: Garchomp|Steel\n|move|p1a: Chi-Yu|Dark Pulse|p2b: Ting-Lu\n|-resisted|p2b: Ting-Lu\n|-damage|p2b: Ting-Lu|81\/100\n|move|p1b: Garchomp|Rock Slide|p2a: Pelipper|[spread] p2a,p2b\n|-supereffective|p2a: Pelipper\n|-resisted|p2b: Ting-Lu\n|-damage|p2a: Pelipper|27\/100\n|-damage|p2b: Ting-Lu|73\/100\n|cant|p2a: Pelipper|flinch\n|\n|-weather|RainDance|[upkeep]\n|-heal|p2b: Ting-Lu|80\/100|[from] item: Leftovers\n|upkeep\n|turn|3\n|inactive|TGH_sr has 30 seconds left.\n|inactive|TGH_sr has 20 seconds left.\n|inactive|TGH_sr has 15 seconds left.\n|inactive|TGH_sr has 10 seconds left.\n|inactive|TGH_sr has 5 seconds left.\n|\n|t:|1684091714\n|move|p1a: Chi-Yu|Protect|p1a: Chi-Yu\n|-singleturn|p1a: Chi-Yu|Protect\n|move|p2a: Pelipper|Protect|p2a: Pelipper\n|-singleturn|p2a: Pelipper|Protect\n|move|p1b: Garchomp|Rock Slide|p2a: Pelipper|[spread] p2b\n|-activate|p2a: Pelipper|move: Protect\n|-resisted|p2b: Ting-Lu\n|-damage|p2b: Ting-Lu|73\/100\n|move|p2b: Ting-Lu|Earthquake|p1b: Garchomp|[spread] p1b\n|-activate|p2a: Pelipper|move: Protect\n|-activate|p1a: Chi-Yu|move: Protect\n|-supereffective|p1b: Garchomp\n|-damage|p1b: Garchomp|49\/100\n|\n|-weather|RainDance|[upkeep]\n|-heal|p2b: Ting-Lu|79\/100|[from] item: Leftovers\n|upkeep\n|turn|4\n|inactive|TGH_sr has 30 seconds left.\n|\n|t:|1684091746\n|move|p1a: Chi-Yu|Dark Pulse|p2a: Pelipper\n|-damage|p2a: Pelipper|0 fnt\n|faint|p2a: Pelipper\n|move|p1b: Garchomp|Rock Slide|p2b: Ting-Lu\n|-resisted|p2b: Ting-Lu\n|-damage|p2b: Ting-Lu|70\/100\n|cant|p2b: Ting-Lu|flinch\n|\n|-weather|RainDance|[upkeep]\n|-heal|p2b: Ting-Lu|76\/100|[from] item: Leftovers\n|upkeep\n|\n|t:|1684091757\n|switch|p2a: Palafin|Palafin, L50, M|100\/100\n|turn|5\n|\n|t:|1684091780\n|-terastallize|p2a: Palafin|Grass\n|move|p1a: Chi-Yu|Protect|p1a: Chi-Yu\n|-singleturn|p1a: Chi-Yu|Protect\n|move|p2a: Palafin|Jet Punch|p1b: Garchomp\n|-damage|p1b: Garchomp|17\/100\n|-damage|p2a: Palafin|88\/100|[from] ability: Rough Skin|[of] p1b: Garchomp\n|move|p1b: Garchomp|Rock Slide|p2b: Ting-Lu|[spread] p2a,p2b\n|-resisted|p2b: Ting-Lu\n|-damage|p2a: Palafin|48\/100\n|-damage|p2b: Ting-Lu|70\/100\n|move|p2b: Ting-Lu|Earthquake|p1a: Chi-Yu|[spread] p2a,p1b\n|-activate|p1a: Chi-Yu|move: Protect\n|-resisted|p2a: Palafin\n|-supereffective|p1b: Garchomp\n|-damage|p2a: Palafin|31\/100\n|-damage|p1b: Garchomp|0 fnt\n|faint|p1b: Garchomp\n|\n|-weather|RainDance|[upkeep]\n|-heal|p2b: Ting-Lu|76\/100|[from] item: Leftovers\n|upkeep\n|\n|t:|1684091797\n|switch|p1b: Talonflame|Talonflame, L50, M|100\/100\n|turn|6\n|\n|t:|1684091819\n|move|p1b: Talonflame|Brave Bird|p2a: Palafin\n|-supereffective|p2a: Palafin\n|-damage|p2a: Palafin|0 fnt\n|faint|p2a: Palafin\n|-damage|p1b: Talonflame|89\/100|[from] Recoil\n|-damage|p1b: Talonflame|79\/100|[from] item: Life Orb\n|move|p1a: Chi-Yu|Heat Wave|p2b: Ting-Lu\n|-damage|p2b: Ting-Lu|55\/100\n|move|p2b: Ting-Lu|Earthquake|p1a: Chi-Yu|[spread] p1a\n|-immune|p1b: Talonflame\n|-supereffective|p1a: Chi-Yu\n|-damage|p1a: Chi-Yu|11\/100\n|\n|-weather|RainDance|[upkeep]\n|-heal|p2b: Ting-Lu|61\/100|[from] item: Leftovers\n|upkeep\n|\n|t:|1684091830\n|switch|p2a: Gholdengo|Gholdengo, L50|100\/100\n|turn|7\n|\n|t:|1684091846\n|move|p2a: Gholdengo|Make It Rain|p1b: Talonflame|[spread] p1a,p1b\n|-resisted|p1a: Chi-Yu\n|-resisted|p1b: Talonflame\n|-damage|p1a: Chi-Yu|0 fnt\n|-damage|p1b: Talonflame|41\/100\n|-unboost|p2a: Gholdengo|spa|1\n|faint|p1a: Chi-Yu\n|move|p1b: Talonflame|Tailwind|p1b: Talonflame\n|-sidestart|p1: TGH_sr|move: Tailwind\n|move|p2b: Ting-Lu|Throat Chop|p1b: Talonflame\n|-damage|p1b: Talonflame|0 fnt\n|faint|p1b: Talonflame\n|\n|win|josuegarciap\n|raw|TGH_sr's rating: 1098 → 1076<\/strong> (-22 for losing)\n|raw|josuegarciap's rating: 1135 → 1157<\/strong> (+22 for winning)\n|l|\u2606josuegarciap\n","uploadtime":1684091859,"views":8,"p1id":"tghsr","p2id":"josuegarciap","formatid":"gen9vgc2023regulationc","rating":1076,"private":0,"password":""}