{"id":"gen9vgc2023regulationc-1847480988","p1":"RaimuBeat","p2":"Sprye0216","format":"[Gen 9] VGC 2023 Regulation C","log":"|j|\u2606RaimuBeat\n|j|\u2606Sprye0216\n|t:|1681960482\n|gametype|doubles\n|player|p1|RaimuBeat|caitlin|1277\n|player|p2|Sprye0216|skyla|1199\n|teamsize|p1|6\n|teamsize|p2|6\n|gen|9\n|tier|[Gen 9] VGC 2023 Regulation C\n|rated|\n|rule|Species Clause: Limit one of each Pok\u00e9mon\n|rule|Item Clause: Limit one of each item\n|clearpoke\n|poke|p1|Dondozo, L50, M|\n|poke|p1|Grimmsnarl, L50, M|\n|poke|p1|Corviknight, L50, M|\n|poke|p1|Tatsugiri-Droopy, L50, F|\n|poke|p1|Annihilape, L50, F|\n|poke|p1|Clodsire, L50, M|\n|poke|p2|Talonflame, L50, M|\n|poke|p2|Garchomp, L50, M|\n|poke|p2|Gholdengo, L50|\n|poke|p2|Palafin, L50, F|\n|poke|p2|Amoonguss, L50, M|\n|poke|p2|Ting-Lu, L50|\n|teampreview|4\nRaimuBeat has agreed to open team sheets.\nSprye0216 has agreed to open team sheets.\n|\n|t:|1681960558\n|start\n|switch|p1a: Jack|Grimmsnarl, L50, M|100\/100\n|switch|p1b: Crow|Corviknight, L50, M|100\/100\n|switch|p2a: Palafin|Palafin, L50, F|100\/100\n|switch|p2b: Talonflame|Talonflame, L50, M|100\/100\n|turn|1\n|\n|t:|1681960579\n|detailschange|p2a: Palafin|Palafin-Hero, L50, F\n|switch|p2a: Ting-Lu|Ting-Lu, L50|100\/100\n|-ability|p2a: Ting-Lu|Vessel of Ruin\n|move|p1a: Jack|Fake Out|p2b: Talonflame\n|-damage|p2b: Talonflame|87\/100\n|move|p2b: Talonflame|Will-O-Wisp|p1b: Crow\n|-status|p1b: Crow|brn\n|move|p1b: Crow|Bulk Up|p1b: Crow\n|-boost|p1b: Crow|atk|1\n|-boost|p1b: Crow|def|1\n|\n|-damage|p1b: Crow|95\/100 brn|[from] brn\n|upkeep\n|turn|2\n|\n|t:|1681960601\n|move|p1a: Jack|Reflect|p1a: Jack\n|-sidestart|p1: RaimuBeat|Reflect\n|move|p2b: Talonflame|Taunt|p1a: Jack\n|-start|p1a: Jack|move: Taunt\n|move|p1b: Crow|Bulk Up|p1b: Crow\n|-boost|p1b: Crow|atk|1\n|-boost|p1b: Crow|def|1\n|move|p2a: Ting-Lu|Fissure|p1a: Jack|[miss]\n|-miss|p2a: Ting-Lu|p1a: Jack\n|\n|-damage|p1b: Crow|89\/100 brn|[from] brn\n|upkeep\n|turn|3\n|\n|t:|1681960625\n|move|p2b: Talonflame|Tailwind|p2b: Talonflame\n|-sidestart|p2: Sprye0216|move: Tailwind\n|move|p2a: Ting-Lu|Stomping Tantrum|p1a: Jack\n|-damage|p1a: Jack|56\/100\n|move|p1b: Crow|Bulk Up|p1b: Crow\n|-boost|p1b: Crow|atk|1\n|-boost|p1b: Crow|def|1\n|move|p1a: Jack|False Surrender|p2b: Talonflame\n|-damage|p2b: Talonflame|47\/100\n|\n|-damage|p1b: Crow|83\/100 brn|[from] brn\n|upkeep\n|turn|4\n|\n|t:|1681960649\n|move|p2b: Talonflame|Taunt|p1b: Crow\n|-start|p1b: Crow|move: Taunt\n|move|p2a: Ting-Lu|Fissure|p1a: Jack\n|-damage|p1a: Jack|0 fnt\n|faint|p1a: Jack\n|-ohko\n|cant|p1b: Crow|move: Taunt|Bulk Up\n|\n|-damage|p1b: Crow|77\/100 brn|[from] brn\n|upkeep\n|\n|t:|1681960658\n|switch|p1a: Leo|Dondozo, L50, M|100\/100\n|turn|5\n|\n|t:|1681960669\n|switch|p2b: Palafin|Palafin-Hero, L50, F|100\/100\n|-activate|p2b: Palafin|ability: Zero to Hero\n|-terastallize|p2a: Ting-Lu|Poison\n|move|p2a: Ting-Lu|Fissure|p1a: Leo|[miss]\n|-miss|p2a: Ting-Lu|p1a: Leo\n|move|p1b: Crow|Body Press|p2a: Ting-Lu\n|-resisted|p2a: Ting-Lu\n|-damage|p2a: Ting-Lu|94\/100\n|move|p1a: Leo|Liquidation|p2a: Ting-Lu\n|-damage|p2a: Ting-Lu|71\/100\n|-unboost|p2a: Ting-Lu|def|1\n|\n|-damage|p1b: Crow|71\/100 brn|[from] brn\n|upkeep\n|turn|6\n|\n|t:|1681960689\n|switch|p1b: Luna|Tatsugiri-Droopy, L50, F|100\/100\n|-activate|p1b: Luna|ability: Commander|[of] p1a: Leo\n|-boost|p1a: Leo|atk|2\n|-boost|p1a: Leo|spa|2\n|-boost|p1a: Leo|spe|2\n|-boost|p1a: Leo|def|2\n|-boost|p1a: Leo|spd|2\n|move|p2b: Palafin|Haze|p2b: Palafin\n|-clearallboost\n|move|p2a: Ting-Lu|Fissure|p1a: Leo\n|-damage|p1a: Leo|0 fnt\n|faint|p1a: Leo\n|-ohko\n|\n|-sideend|p2: Sprye0216|move: Tailwind\n|upkeep\n|\n|t:|1681960703\n|switch|p1a: Crow|Corviknight, L50, M|71\/100 brn\n|turn|7\n|\n|t:|1681960724\n|move|p1b: Luna|Taunt|p2b: Palafin\n|-start|p2b: Palafin|move: Taunt\n|move|p2b: Palafin|Wave Crash|p1a: Crow\n|-damage|p1a: Crow|15\/100 brn\n|-damage|p2b: Palafin|84\/100|[from] item: Rocky Helmet|[of] p1a: Crow\n|-damage|p2b: Palafin|66\/100|[from] Recoil\n|move|p1a: Crow|Brave Bird|p2b: Palafin\n|-damage|p2b: Palafin|48\/100\n|-damage|p1a: Crow|9\/100 brn|[from] Recoil\n|move|p2a: Ting-Lu|Fissure|p1b: Luna|[miss]\n|-miss|p2a: Ting-Lu|p1b: Luna\n|\n|-damage|p1a: Crow|3\/100 brn|[from] brn\n|upkeep\n|turn|8\n|\n|t:|1681960755\n|move|p2b: Palafin|Jet Punch|p1a: Crow\n|-damage|p1a: Crow|0 fnt\n|-damage|p2b: Palafin|32\/100|[from] item: Rocky Helmet|[of] p1a: Crow\n|faint|p1a: Crow\n|move|p1b: Luna|Draco Meteor|p2a: Ting-Lu\n|-damage|p2a: Ting-Lu|50\/100\n|-unboost|p1b: Luna|spa|2\n|move|p2a: Ting-Lu|Stomping Tantrum|p1b: Luna\n|-damage|p1b: Luna|17\/100\n|\n|upkeep\n|turn|9\n|\n|t:|1681960768\n|move|p2b: Palafin|Jet Punch|p1b: Luna\n|-resisted|p1b: Luna\n|-damage|p1b: Luna|2\/100\n|move|p1b: Luna|Draco Meteor|p2a: Ting-Lu\n|-crit|p2a: Ting-Lu\n|-damage|p2a: Ting-Lu|20\/100\n|-unboost|p1b: Luna|spa|2\n|move|p2a: Ting-Lu|Stomping Tantrum|p1b: Luna\n|-damage|p1b: Luna|0 fnt\n|faint|p1b: Luna\n|\n|win|Sprye0216\n|raw|RaimuBeat's rating: 1277 → 1246<\/strong> (-31 for losing)\n|raw|Sprye0216's rating: 1199 → 1230<\/strong> (+31 for winning)\n|c|\u2606RaimuBeat|gg\n|l|\u2606RaimuBeat\n|c|\u2606Sprye0216|gg\n","uploadtime":1681960785,"views":12,"p1id":"raimubeat","p2id":"sprye0216","formatid":"gen9vgc2023regulationc","rating":1230,"private":0,"password":""}