{"id":"gen9vgc2023regulationc-1859316714","p1":"Pikachu Bagels","p2":"benjc","format":"[Gen 9] VGC 2023 Regulation C","log":"|j|\u2606Pikachu Bagels\n|j|\u2606benjc\n|t:|1683433411\n|gametype|doubles\n|player|p1|Pikachu Bagels|102|1234\n|player|p2|benjc|preschooler|1358\n|teamsize|p1|6\n|teamsize|p2|6\n|gen|9\n|tier|[Gen 9] VGC 2023 Regulation C\n|rated|\n|rule|Species Clause: Limit one of each Pok\u00e9mon\n|rule|Item Clause: Limit one of each item\n|clearpoke\n|poke|p1|Ting-Lu, L50|\n|poke|p1|Flutter Mane, L50|\n|poke|p1|Arcanine, L50, M|\n|poke|p1|Palafin, L50, F|\n|poke|p1|Amoonguss, L50, M|\n|poke|p1|Iron Hands, L50|\n|poke|p2|Talonflame, L50, M|\n|poke|p2|Wo-Chien, L50|\n|poke|p2|Iron Bundle, L50|\n|poke|p2|Great Tusk, L50|\n|poke|p2|Flutter Mane, L50|\n|poke|p2|Espathra, L50, F|\n|teampreview|4\n|inactive|Battle timer is ON: inactive players will automatically lose when time's up. (requested by benjc)\n|inactive|Pikachu Bagels also wants the timer to be on.\nPikachu Bagels has agreed to open team sheets.\n|\n|t:|1683433436\n|start\n|switch|p1a: Ting-Lu|Ting-Lu, L50|100\/100\n|switch|p1b: Palafin|Palafin, L50, F|100\/100\n|switch|p2a: Espathra|Espathra, L50, F|100\/100\n|switch|p2b: Iron Bundle|Iron Bundle, L50|100\/100\n|-ability|p1a: Ting-Lu|Vessel of Ruin\n|-enditem|p2b: Iron Bundle|Booster Energy\n|-activate|p2b: Iron Bundle|ability: Quark Drive|[fromitem]\n|-start|p2b: Iron Bundle|quarkdrivespe\n|turn|1\n|\n|t:|1683433461\n|detailschange|p1b: Palafin|Palafin-Hero, L50, F\n|switch|p1b: Arcanine|Arcanine, L50, M|100\/100\n|-ability|p1b: Arcanine|Intimidate|boost\n|-unboost|p2a: Espathra|atk|1\n|-unboost|p2b: Iron Bundle|atk|1\n|-terastallize|p1a: Ting-Lu|Grass\n|move|p2b: Iron Bundle|Hydro Pump|p1a: Ting-Lu\n|-resisted|p1a: Ting-Lu\n|-damage|p1a: Ting-Lu|89\/100\n|move|p2a: Espathra|Reflect|p2a: Espathra\n|-sidestart|p2: benjc|Reflect\n|move|p1a: Ting-Lu|Throat Chop|p2b: Iron Bundle\n|-damage|p2b: Iron Bundle|72\/100\n|-start|p2b: Iron Bundle|Throat Chop|[silent]\n|\n|-ability|p2a: Espathra|Speed Boost|boost\n|-boost|p2a: Espathra|spe|1\n|upkeep\n|turn|2\n|\n|t:|1683433481\n|switch|p1a: Palafin|Palafin-Hero, L50, F|100\/100\n|-activate|p1a: Palafin|ability: Zero to Hero\n|move|p2b: Iron Bundle|Protect|p2b: Iron Bundle\n|-singleturn|p2b: Iron Bundle|Protect\n|move|p2a: Espathra|Protect|p2a: Espathra\n|-singleturn|p2a: Espathra|Protect\n|move|p1b: Arcanine|Flare Blitz|p2b: Iron Bundle\n|-activate|p2b: Iron Bundle|move: Protect\n|\n|-end|p2b: Iron Bundle|Throat Chop|[silent]\n|-ability|p2a: Espathra|Speed Boost|boost\n|-boost|p2a: Espathra|spe|1\n|upkeep\n|turn|3\n|\n|t:|1683433503\n|switch|p1b: Ting-Lu|Ting-Lu, L50, tera:Grass|89\/100\n|-ability|p1b: Ting-Lu|Vessel of Ruin\n|move|p2a: Espathra|Lumina Crash|p1a: Palafin\n|-damage|p1a: Palafin|70\/100\n|-unboost|p1a: Palafin|spd|2\n|move|p2b: Iron Bundle|Freeze-Dry|p1a: Palafin\n|-supereffective|p1a: Palafin\n|-damage|p1a: Palafin|0 fnt\n|faint|p1a: Palafin\n|\n|-ability|p2a: Espathra|Speed Boost|boost\n|-boost|p2a: Espathra|spe|1\n|upkeep\n|\n|t:|1683433524\n|switch|p1a: Flutter Mane|Flutter Mane, L50|100\/100\n|-enditem|p1a: Flutter Mane|Booster Energy\n|-activate|p1a: Flutter Mane|ability: Protosynthesis|[fromitem]\n|-start|p1a: Flutter Mane|protosynthesisspe\n|turn|4\n|\n|t:|1683433536\n|switch|p1b: Arcanine|Arcanine, L50, M|100\/100\n|-ability|p1b: Arcanine|Intimidate|boost\n|-unboost|p2a: Espathra|atk|1\n|-unboost|p2b: Iron Bundle|atk|1\n|move|p2a: Espathra|Lumina Crash|p1a: Flutter Mane\n|-damage|p1a: Flutter Mane|67\/100\n|-unboost|p1a: Flutter Mane|spd|2\n|move|p2b: Iron Bundle|Freeze-Dry|p1a: Flutter Mane\n|-damage|p1a: Flutter Mane|0 fnt\n|faint|p1a: Flutter Mane\n|-end|p1a: Flutter Mane|Protosynthesis|[silent]\n|\n|-ability|p2a: Espathra|Speed Boost|boost\n|-boost|p2a: Espathra|spe|1\n|upkeep\n|\n|t:|1683433548\n|switch|p1a: Ting-Lu|Ting-Lu, L50, tera:Grass|89\/100\n|-ability|p1a: Ting-Lu|Vessel of Ruin\n|turn|5\n|\n|t:|1683433556\n|move|p1b: Arcanine|Protect|p1b: Arcanine\n|-singleturn|p1b: Arcanine|Protect\n|move|p2a: Espathra|Lumina Crash|p1a: Ting-Lu\n|-damage|p1a: Ting-Lu|74\/100\n|-unboost|p1a: Ting-Lu|spd|2\n|move|p2b: Iron Bundle|Freeze-Dry|p1a: Ting-Lu\n|-supereffective|p1a: Ting-Lu\n|-damage|p1a: Ting-Lu|18\/100\n|-status|p1a: Ting-Lu|frz\n|cant|p1a: Ting-Lu|frz\n|\n|-ability|p2a: Espathra|Speed Boost|boost\n|-boost|p2a: Espathra|spe|1\n|upkeep\n|turn|6\n|c|\u2606benjc|im sorry\n|c|\u2606Pikachu Bagels|all part of the game you're good\n|inactive|benjc has 30 seconds left.\n|c|\u2606benjc|i hate that that move freezes its so stupid\n|c|\u2606benjc|i just lost to the same thing like 2 games ago\n|inactive|benjc has 20 seconds left.\n|inactive|benjc has 15 seconds left.\n|\n|t:|1683433597\n|move|p1b: Arcanine|Extreme Speed|p2b: Iron Bundle\n|-damage|p2b: Iron Bundle|53\/100\n|move|p2a: Espathra|Lumina Crash|p1b: Arcanine\n|-damage|p1b: Arcanine|66\/100\n|-unboost|p1b: Arcanine|spd|2\n|move|p2b: Iron Bundle|Hydro Pump|p1b: Arcanine\n|-supereffective|p1b: Arcanine\n|-damage|p1b: Arcanine|0 fnt\n|faint|p1b: Arcanine\n|cant|p1a: Ting-Lu|frz\n|\n|-ability|p2a: Espathra|Speed Boost|boost\n|-boost|p2a: Espathra|spe|1\n|upkeep\n|turn|7\n|c|\u2606Pikachu Bagels|This has been helpful for me though so I appreciate you\n|\n|t:|1683433613\n|move|p2a: Espathra|Lumina Crash|p1a: Ting-Lu\n|-damage|p1a: Ting-Lu|0 fnt\n|faint|p1a: Ting-Lu\n|\n|win|benjc\n|raw|Pikachu Bagels's rating: 1234 → 1218<\/strong> (-16 for losing)\n|raw|benjc's rating: 1358 → 1371<\/strong> (+13 for winning)\n|c|\u2606benjc|ggs\n|c|\u2606Pikachu Bagels|gg\n","uploadtime":1683433629,"views":17,"p1id":"pikachubagels","p2id":"benjc","formatid":"gen9vgc2023regulationc","rating":1218,"private":0,"password":""}