{"id":"gen9vgc2023regulationc-1855931844","p1":"Cozy Snail","p2":"SpooBear","format":"[Gen 9] VGC 2023 Regulation C","log":"|j|\u2606Cozy Snail\n|j|\u2606SpooBear\n|t:|1683002575\n|gametype|doubles\n|player|p1|Cozy Snail|fisherman-gen4|\n|player|p2|SpooBear|hiker-gen4|\n|teamsize|p1|6\n|teamsize|p2|6\n|gen|9\n|tier|[Gen 9] VGC 2023 Regulation C\n|rule|Species Clause: Limit one of each Pok\u00e9mon\n|rule|Item Clause: Limit one of each item\n|clearpoke\n|poke|p1|Dragonite, L50, F|\n|poke|p1|Scream Tail, L50|\n|poke|p1|Rotom-Wash, L50|\n|poke|p1|Ting-Lu, L50|\n|poke|p1|Gholdengo, L50|\n|poke|p1|Palafin, L50, M|\n|poke|p2|Talonflame, L50, F|\n|poke|p2|Iron Bundle, L50|\n|poke|p2|Flutter Mane, L50|\n|poke|p2|Bellibolt, L50, M|\n|poke|p2|Gyarados, L50, M|\n|poke|p2|Baxcalibur, L50, F|\n|teampreview|4\nCozy Snail has agreed to open team sheets.\nSpooBear has agreed to open team sheets.\n|\n|t:|1683002694\n|start\n|switch|p1a: Rotom|Rotom-Wash, L50, shiny|100\/100\n|switch|p1b: Ting-Lu|Ting-Lu, L50|100\/100\n|switch|p2a: Flutter Mane|Flutter Mane, L50, shiny|100\/100\n|switch|p2b: Bellibolt|Bellibolt, L50, M, shiny|100\/100\n|-ability|p1b: Ting-Lu|Vessel of Ruin\n|-enditem|p2a: Flutter Mane|Booster Energy\n|-activate|p2a: Flutter Mane|ability: Protosynthesis|[fromitem]\n|-start|p2a: Flutter Mane|protosynthesisspa\n|turn|1\n|\n|t:|1683002737\n|-terastallize|p1b: Ting-Lu|Poison\n|-terastallize|p2b: Bellibolt|Flying\n|move|p2a: Flutter Mane|Shadow Ball|p1a: Rotom\n|-damage|p1a: Rotom|57\/100\n|move|p1a: Rotom|Hydro Pump|p2a: Flutter Mane|[miss]\n|-miss|p1a: Rotom|p2a: Flutter Mane\n|move|p1b: Ting-Lu|Earthquake|p2a: Flutter Mane|[spread] p2a\n|-immune|p1a: Rotom|[from] ability: Levitate\n|-immune|p2b: Bellibolt\n|-damage|p2a: Flutter Mane|51\/100\n|move|p2b: Bellibolt|Muddy Water|p1b: Ting-Lu|[spread] p1a,p1b\n|-resisted|p1a: Rotom\n|-damage|p1a: Rotom|49\/100\n|-damage|p1b: Ting-Lu|89\/100\n|\n|upkeep\n|turn|2\n|\n|t:|1683002762\n|move|p2a: Flutter Mane|Shadow Ball|p1b: Ting-Lu\n|-damage|p1b: Ting-Lu|62\/100\n|move|p1a: Rotom|Thunderbolt|p2b: Bellibolt\n|-supereffective|p2b: Bellibolt\n|-damage|p2b: Bellibolt|64\/100\n|-start|p2b: Bellibolt|Charge|Thunderbolt|[from] ability: Electromorphosis\n|move|p1b: Ting-Lu|Heavy Slam|p2a: Flutter Mane\n|-supereffective|p2a: Flutter Mane\n|-damage|p2a: Flutter Mane|0 fnt\n|faint|p2a: Flutter Mane\n|-end|p2a: Flutter Mane|Protosynthesis|[silent]\n|move|p2b: Bellibolt|Tera Blast|p1b: Ting-Lu\n|-damage|p1b: Ting-Lu|41\/100\n|\n|upkeep\n|\n|t:|1683002778\n|switch|p2a: Baxcalibur|Baxcalibur, L50, F, shiny|100\/100\n|turn|3\n|\n|t:|1683002801\n|move|p1a: Rotom|Thunderbolt|p2b: Bellibolt\n|-supereffective|p2b: Bellibolt\n|-damage|p2b: Bellibolt|27\/100\n|-start|p2b: Bellibolt|Charge|Thunderbolt|[from] ability: Electromorphosis\n|move|p2a: Baxcalibur|Glaive Rush|p1b: Ting-Lu\n|-damage|p1b: Ting-Lu|0 fnt\n|-singlemove|p2a: Baxcalibur|Glaive Rush|[silent]\n|faint|p1b: Ting-Lu\n|move|p2b: Bellibolt|Muddy Water|p1a: Rotom\n|-resisted|p1a: Rotom\n|-damage|p1a: Rotom|32\/100\n|-unboost|p1a: Rotom|accuracy|1\n|\n|upkeep\n|\n|t:|1683002828\n|switch|p1b: Gholdengo|Gholdengo, L50|100\/100\n|turn|4\n|\n|t:|1683002839\n|switch|p1a: Scream Tail|Scream Tail, L50|100\/100\n|-enditem|p1a: Scream Tail|Booster Energy\n|-activate|p1a: Scream Tail|ability: Protosynthesis|[fromitem]\n|-start|p1a: Scream Tail|protosynthesisspe\n|move|p2a: Baxcalibur|Ice Shard|p1a: Scream Tail\n|-damage|p1a: Scream Tail|83\/100\n|move|p1b: Gholdengo|Make It Rain|p2a: Baxcalibur|[spread] p2a,p2b\n|-supereffective|p2a: Baxcalibur\n|-damage|p2a: Baxcalibur|0 fnt\n|-damage|p2b: Bellibolt|0 fnt\n|-unboost|p1b: Gholdengo|spa|1\n|faint|p2a: Baxcalibur\n|faint|p2b: Bellibolt\n|\n|upkeep\n|\n|t:|1683002855\n|switch|p2a: Iron Bundle|Iron Bundle, L50|100\/100\n|turn|5\n|\n|t:|1683002866\n|move|p1a: Scream Tail|Thunder Wave|p2a: Iron Bundle\n|-status|p2a: Iron Bundle|par\n|move|p1b: Gholdengo|Make It Rain|p2a: Iron Bundle\n|-enditem|p2a: Iron Bundle|Focus Sash\n|-damage|p2a: Iron Bundle|1\/100 par\n|-unboost|p1b: Gholdengo|spa|1\n|move|p2a: Iron Bundle|Hydro Pump|p1b: Gholdengo|[miss]\n|-miss|p2a: Iron Bundle|p1b: Gholdengo\n|\n|upkeep\n|turn|6\n|\n|t:|1683002881\n|move|p1a: Scream Tail|Play Rough|p2a: Iron Bundle\n|-damage|p2a: Iron Bundle|0 fnt\n|faint|p2a: Iron Bundle\n|-end|p2a: Iron Bundle|Quark Drive|[silent]\n|\n|win|Cozy Snail\n|l|\u2606Cozy Snail\n|j|\u2606Cozy Snail\n|player|p1|Cozy Snail|fisherman-gen4\n","uploadtime":1683002997,"views":14,"p1id":"cozysnail","p2id":"spoobear","formatid":"gen9vgc2023regulationc","rating":0,"private":0,"password":""}