{"id":"gen9vgc2023regulationc-1862345903","p1":"hysaaron","p2":"haofanaa","format":"[Gen 9] VGC 2023 Regulation C","log":"|j|\u2606hysaaron\n|j|\u2606haofanaa\n|t:|1683869974\n|gametype|doubles\n|player|p1|hysaaron|170|1159\n|player|p2|haofanaa|265|1094\n|teamsize|p1|6\n|teamsize|p2|6\n|gen|9\n|tier|[Gen 9] VGC 2023 Regulation C\n|rated|\n|rule|Species Clause: Limit one of each Pok\u00e9mon\n|rule|Item Clause: Limit one of each item\n|clearpoke\n|poke|p1|Flutter Mane, L50|\n|poke|p1|Amoonguss, L50, F|\n|poke|p1|Ting-Lu, L50|\n|poke|p1|Arcanine, L50, M|\n|poke|p1|Palafin, L50, F|\n|poke|p1|Pelipper, L50, F|\n|poke|p2|Chi-Yu, L50|\n|poke|p2|Murkrow, L50, F|\n|poke|p2|Flutter Mane, L50|\n|poke|p2|Indeedee-F, L50, F|\n|poke|p2|Great Tusk, L50|\n|poke|p2|Corviknight, L50, F|\n|teampreview|4\n|\n|t:|1683870008\n|start\n|switch|p1a: Palafin|Palafin, L50, F|100\/100\n|switch|p1b: Ting-Lu|Ting-Lu, L50|100\/100\n|switch|p2a: Murkrow|Murkrow, L50, F|100\/100\n|switch|p2b: Corviknight|Corviknight, L50, F|100\/100\n|-ability|p1b: Ting-Lu|Vessel of Ruin\n|turn|1\n|inactive|Battle timer is ON: inactive players will automatically lose when time's up. (requested by hysaaron)\n|\n|t:|1683870036\n|detailschange|p1a: Palafin|Palafin-Hero, L50, F\n|switch|p1a: Flutter Mane|Flutter Mane, L50|100\/100\n|move|p2a: Murkrow|Foul Play|p1a: Flutter Mane\n|-damage|p1a: Flutter Mane|83\/100\n|move|p2b: Corviknight|Bulk Up|p2b: Corviknight\n|-boost|p2b: Corviknight|atk|1\n|-boost|p2b: Corviknight|def|1\n|move|p1b: Ting-Lu|Rock Slide|p2b: Corviknight|[spread] p2a,p2b\n|-supereffective|p2a: Murkrow\n|-damage|p2a: Murkrow|66\/100\n|-damage|p2b: Corviknight|91\/100\n|\n|upkeep\n|turn|2\n|inactive|hysaaron has 30 seconds left.\n|\n|t:|1683870071\n|switch|p1b: Pelipper|Pelipper, L50, F|100\/100\n|-weather|RainDance|[from] ability: Drizzle|[of] p1b: Pelipper\n|move|p2a: Murkrow|Tailwind|p2a: Murkrow\n|-sidestart|p2: haofanaa|move: Tailwind\n|move|p2b: Corviknight|Brave Bird|p1a: Flutter Mane\n|-damage|p1a: Flutter Mane|0 fnt\n|faint|p1a: Flutter Mane\n|-end|p1a: Flutter Mane|Protosynthesis|[silent]\n|-damage|p2b: Corviknight|69\/100|[from] Recoil\n|\n|-weather|RainDance|[upkeep]\n|upkeep\n|\n|t:|1683870085\n|switch|p1a: Palafin|Palafin-Hero, L50, F|100\/100\n|-activate|p1a: Palafin|ability: Zero to Hero\n|turn|3\n|inactive|haofanaa has 30 seconds left.\n|\n|t:|1683870114\n|switch|p2a: Indeedee|Indeedee-F, L50, F|100\/100\n|-fieldstart|move: Psychic Terrain|[from] ability: Psychic Surge|[of] p2a: Indeedee\n|move|p1a: Palafin|Protect|p1a: Palafin\n|-singleturn|p1a: Palafin|Protect\n|move|p2b: Corviknight|Brave Bird|p1a: Palafin\n|-activate|p1a: Palafin|move: Protect\n|move|p1b: Pelipper|Tailwind|p1b: Pelipper\n|-sidestart|p1: hysaaron|move: Tailwind\n|\n|-weather|RainDance|[upkeep]\n|upkeep\n|turn|4\n|inactive|hysaaron has 30 seconds left.\n|inactive|haofanaa has 30 seconds left.\n|\n|t:|1683870144\n|move|p2a: Indeedee|Follow Me|p2a: Indeedee\n|-singleturn|p2a: Indeedee|move: Follow Me\n|move|p1a: Palafin|Haze|p1a: Palafin\n|-clearallboost\n|move|p1b: Pelipper|Hurricane|p2a: Indeedee\n|-damage|p2a: Indeedee|62\/100\n|-start|p2a: Indeedee|confusion\n|move|p2b: Corviknight|Bulk Up|p2b: Corviknight\n|-boost|p2b: Corviknight|atk|1\n|-boost|p2b: Corviknight|def|1\n|\n|-weather|RainDance|[upkeep]\n|upkeep\n|turn|5\n|\n|t:|1683870164\n|-terastallize|p1a: Palafin|Water\n|move|p1b: Pelipper|Helping Hand|p1a: Palafin\n|-singleturn|p1a: Palafin|Helping Hand|[of] p1b: Pelipper\n|move|p1a: Palafin|Wave Crash|p2b: Corviknight\n|-damage|p2b: Corviknight|0 fnt\n|faint|p2b: Corviknight\n|-damage|p1a: Palafin|79\/100|[from] Recoil\n|-activate|p2a: Indeedee|confusion\n|-damage|p2a: Indeedee|57\/100|[from] confusion\n|\n|-weather|RainDance|[upkeep]\n|-sideend|p2: haofanaa|move: Tailwind\n|upkeep\n|\n|t:|1683870181\n|switch|p2b: Flutter Mane|Flutter Mane, L50|100\/100\n|turn|6\n|inactive|hysaaron has 30 seconds left.\n|inactive|hysaaron has 20 seconds left.\n|inactive|hysaaron has 15 seconds left.\n|inactive|hysaaron has 10 seconds left.\n|\n|t:|1683870228\n|-terastallize|p2b: Flutter Mane|Water\n|move|p1a: Palafin|Protect|p1a: Palafin\n|-singleturn|p1a: Palafin|Protect\n|-activate|p2a: Indeedee|confusion\n|move|p2a: Indeedee|Follow Me|p2a: Indeedee\n|-singleturn|p2a: Indeedee|move: Follow Me\n|move|p1b: Pelipper|Hurricane|p2a: Indeedee\n|-damage|p2a: Indeedee|18\/100\n|move|p2b: Flutter Mane|Dazzling Gleam|p1a: Palafin|[spread] p1b\n|-activate|p1a: Palafin|move: Protect\n|-damage|p1b: Pelipper|38\/100\n|\n|-weather|RainDance|[upkeep]\n|-sideend|p1: hysaaron|move: Tailwind\n|upkeep\n|turn|7\n|\n|t:|1683870253\n|switch|p1b: Ting-Lu|Ting-Lu, L50|100\/100\n|-ability|p1b: Ting-Lu|Vessel of Ruin\n|move|p2b: Flutter Mane|Dazzling Gleam|p1a: Palafin|[spread] p1a,p1b\n|-supereffective|p1b: Ting-Lu\n|-damage|p1a: Palafin|44\/100\n|-damage|p1b: Ting-Lu|73\/100\n|move|p1a: Palafin|Wave Crash|p2b: Flutter Mane\n|-resisted|p2b: Flutter Mane\n|-damage|p2b: Flutter Mane|0 fnt\n|faint|p2b: Flutter Mane\n|-end|p2b: Flutter Mane|Protosynthesis|[silent]\n|-damage|p1a: Palafin|20\/100|[from] Recoil\n|-end|p2a: Indeedee|confusion\n|move|p2a: Indeedee|Psychic|p1b: Ting-Lu\n|-immune|p1b: Ting-Lu\n|\n|-weather|RainDance|[upkeep]\n|-fieldend|move: Psychic Terrain\n|upkeep\n|-message|haofanaa forfeited.\n|\n|win|hysaaron\n|raw|hysaaron's rating: 1159 → 1179<\/strong> (+20 for winning)\n|raw|haofanaa's rating: 1094 → 1074<\/strong> (-20 for losing)\n|l|\u2606haofanaa\n","uploadtime":1683870273,"views":8,"p1id":"hysaaron","p2id":"haofanaa","formatid":"gen9vgc2023regulationc","rating":1074,"private":0,"password":""}