{"id":"gen9vgc2023regulationc-1850070865","p1":"Jgare1213","p2":"screamribbon","format":"[Gen 9] VGC 2023 Regulation C","log":"|j|\u2606Jgare1213\n|j|\u2606screamribbon\n|t:|1682283978\n|gametype|doubles\n|player|p1|Jgare1213|101|1250\n|player|p2|screamribbon|idol|1290\n|teamsize|p1|6\n|teamsize|p2|6\n|gen|9\n|tier|[Gen 9] VGC 2023 Regulation C\n|rated|\n|rule|Species Clause: Limit one of each Pok\u00e9mon\n|rule|Item Clause: Limit one of each item\n|clearpoke\n|poke|p1|Abomasnow, L50, M|\n|poke|p1|Iron Bundle, L50|\n|poke|p1|Great Tusk, L50|\n|poke|p1|Chi-Yu, L50|\n|poke|p1|Amoonguss, L50, F|\n|poke|p1|Flutter Mane, L50|\n|poke|p2|Armarouge, L50, M|\n|poke|p2|Great Tusk, L50|\n|poke|p2|Talonflame, L50, F|\n|poke|p2|Indeedee-F, L50, F|\n|poke|p2|Gyarados, L50, F|\n|poke|p2|Flutter Mane, L50|\n|teampreview|4\nscreamribbon has agreed to open team sheets.\n|inactive|Battle timer is ON: inactive players will automatically lose when time's up. (requested by Jgare1213)\n|inactive|Jgare1213 has 60 seconds left.\n|inactive|screamribbon has 60 seconds left.\n|inactive|Jgare1213 has 30 seconds left.\n|inactive|Jgare1213 has 20 seconds left.\n|\n|t:|1682284059\n|start\n|switch|p1a: Abomasnow|Abomasnow, L50, M|100\/100\n|switch|p1b: Iron Bundle|Iron Bundle, L50|100\/100\n|switch|p2a: Gyarados|Gyarados, L50, F, shiny|100\/100\n|switch|p2b: Armarouge|Armarouge, L50, M|100\/100\n|-weather|Snow|[from] ability: Snow Warning|[of] p1a: Abomasnow\n|-ability|p2a: Gyarados|Intimidate|boost\n|-unboost|p1a: Abomasnow|atk|1\n|-unboost|p1b: Iron Bundle|atk|1\n|turn|1\n|inactive|Jgare1213 has 30 seconds left.\n|inactive|screamribbon has 30 seconds left.\n|inactive|screamribbon has 20 seconds left.\n|\n|t:|1682284098\n|switch|p2a: Indeedee|Indeedee-F, L50, F|100\/100\n|-fieldstart|move: Psychic Terrain|[from] ability: Psychic Surge|[of] p2a: Indeedee\n|-terastallize|p2b: Armarouge|Psychic\n|move|p1b: Iron Bundle|Hydro Pump|p2b: Armarouge\n|-damage|p2b: Armarouge|36\/100\n|move|p2b: Armarouge|Heat Wave|p1b: Iron Bundle|[spread] p1b\n|-miss|p2b: Armarouge|p1a: Abomasnow\n|-damage|p1b: Iron Bundle|54\/100\n|move|p1a: Abomasnow|Blizzard|p2b: Armarouge|[spread] p2a,p2b\n|-damage|p2a: Indeedee|75\/100\n|-damage|p2b: Armarouge|0 fnt\n|faint|p2b: Armarouge\n|\n|-weather|Snow|[upkeep]\n|upkeep\n|c|\u2606screamribbon|lol.\n|inactive|screamribbon has 30 seconds left.\n|\n|t:|1682284130\n|switch|p2b: Gyarados|Gyarados, L50, F, shiny|100\/100\n|-ability|p2b: Gyarados|Intimidate|boost\n|-unboost|p1a: Abomasnow|atk|1\n|-unboost|p1b: Iron Bundle|atk|1\n|-enditem|p2b: Gyarados|Psychic Seed\n|-boost|p2b: Gyarados|spd|1|[from] item: Psychic Seed\n|turn|2\n|\n|t:|1682284149\n|move|p1b: Iron Bundle|Blizzard|p2b: Gyarados|[spread] p2a,p2b\n|-damage|p2a: Indeedee|45\/100\n|-damage|p2b: Gyarados|83\/100\n|move|p1a: Abomasnow|Aurora Veil|p1a: Abomasnow\n|-sidestart|p1: Jgare1213|move: Aurora Veil\n|move|p2b: Gyarados|Thunder Wave|p1b: Iron Bundle\n|-status|p1b: Iron Bundle|par\n|move|p2a: Indeedee|Dazzling Gleam|p1a: Abomasnow|[spread] p1a,p1b\n|-damage|p1a: Abomasnow|90\/100\n|-damage|p1b: Iron Bundle|45\/100 par\n|\n|-weather|Snow|[upkeep]\n|upkeep\n|turn|3\n|\n|t:|1682284171\n|move|p1a: Abomasnow|Blizzard|p2a: Indeedee|[spread] p2a,p2b\n|-damage|p2a: Indeedee|17\/100\n|-damage|p2b: Gyarados|69\/100\n|move|p2b: Gyarados|Thunder Wave|p1a: Abomasnow|[miss]\n|-miss|p2b: Gyarados|p1a: Abomasnow\n|move|p2a: Indeedee|Dazzling Gleam|p1a: Abomasnow|[spread] p1a,p1b\n|-damage|p1a: Abomasnow|79\/100\n|-damage|p1b: Iron Bundle|36\/100 par\n|move|p1b: Iron Bundle|Freeze-Dry|p2b: Gyarados\n|-supereffective|p2b: Gyarados\n|-damage|p2b: Gyarados|9\/100\n|\n|-weather|Snow|[upkeep]\n|upkeep\n|turn|4\n|c|\u2606screamribbon|lol\n|inactive|screamribbon has 30 seconds left.\n|\n|t:|1682284199\n|move|p1a: Abomasnow|Blizzard|p2a: Indeedee|[spread] p2a,p2b\n|-damage|p2a: Indeedee|0 fnt\n|-damage|p2b: Gyarados|0 fnt\n|faint|p2a: Indeedee\n|faint|p2b: Gyarados\n|cant|p1b: Iron Bundle|par\n|\n|-weather|Snow|[upkeep]\n|upkeep\n|\n|t:|1682284201\n|switch|p2a: Flutter Mane|Flutter Mane, L50|100\/100\n|turn|5\n|\n|t:|1682284207\n|move|p2a: Flutter Mane|Dazzling Gleam|p1b: Iron Bundle|[spread] p1a,p1b\n|-damage|p1a: Abomasnow|44\/100\n|-damage|p1b: Iron Bundle|3\/100 par\n|move|p1a: Abomasnow|Blizzard|p2a: Flutter Mane\n|-damage|p2a: Flutter Mane|57\/100\n|-status|p2a: Flutter Mane|frz\n|move|p1b: Iron Bundle|Blizzard|p2a: Flutter Mane\n|-damage|p2a: Flutter Mane|10\/100 frz\n|\n|-weather|none\n|-fieldend|move: Psychic Terrain\n|upkeep\n|turn|6\n|c|\u2606screamribbon|lol\n|-message|screamribbon forfeited.\n|\n|win|Jgare1213\n|raw|Jgare1213's rating: 1250 → 1278<\/strong> (+28 for winning)\n|raw|screamribbon's rating: 1290 → 1262<\/strong> (-28 for losing)\n","uploadtime":1682284222,"views":12,"p1id":"jgare1213","p2id":"screamribbon","formatid":"gen9vgc2023regulationc","rating":1262,"private":0,"password":""}