{"id":"gen9vgc2023regulationc-1861375029","p1":"jarguelles1","p2":"garfieldslaya","format":"[Gen 9] VGC 2023 Regulation C","log":"|j|\u2606jarguelles1\n|j|\u2606garfieldslaya\n|t:|1683750929\n|gametype|doubles\n|player|p1|jarguelles1|102|1103\n|player|p2|garfieldslaya|jasmine|1153\n|teamsize|p1|6\n|teamsize|p2|6\n|gen|9\n|tier|[Gen 9] VGC 2023 Regulation C\n|rated|\n|rule|Species Clause: Limit one of each Pok\u00e9mon\n|rule|Item Clause: Limit one of each item\n|clearpoke\n|poke|p1|Hatterene, L50, F|\n|poke|p1|Indeedee-F, L50, F|\n|poke|p1|Sableye, L50, M|\n|poke|p1|Krookodile, L50, M|\n|poke|p1|Flamigo, L50, M|\n|poke|p1|Meowscarada, L50, M|\n|poke|p2|Amoonguss, L50, M|\n|poke|p2|Flutter Mane, L50|\n|poke|p2|Arcanine, L50, F|\n|poke|p2|Baxcalibur, L50, M|\n|poke|p2|Ting-Lu, L50|\n|poke|p2|Azumarill, L50, M|\n|teampreview|4\ngarfieldslaya has agreed to open team sheets.\n|inactive|Battle timer is ON: inactive players will automatically lose when time's up. (requested by jarguelles1)\n|\n|t:|1683750992\n|start\n|switch|p1a: Krookodile|Krookodile, L50, M, shiny|100\/100\n|switch|p1b: Meowscarada|Meowscarada, L50, M|100\/100\n|switch|p2a: Arcanine|Arcanine, L50, F|100\/100\n|switch|p2b: Amoonguss|Amoonguss, L50, M|100\/100\n|-ability|p2a: Arcanine|Intimidate|boost\n|-unboost|p1a: Krookodile|atk|1\n|-unboost|p1b: Meowscarada|atk|1\n|turn|1\n|\n|t:|1683751011\n|-terastallize|p1a: Krookodile|Rock\n|move|p2a: Arcanine|Protect|p2a: Arcanine\n|-singleturn|p2a: Arcanine|Protect\n|move|p1b: Meowscarada|Flower Trick|p1a: Krookodile\n|-supereffective|p1a: Krookodile\n|-crit|p1a: Krookodile\n|-damage|p1a: Krookodile|2\/100\n|-setboost|p1a: Krookodile|atk|6|[from] ability: Anger Point\n|-enditem|p1a: Krookodile|Salac Berry|[eat]\n|-boost|p1a: Krookodile|spe|1|[from] item: Salac Berry\n|move|p1a: Krookodile|Rock Slide|p2b: Amoonguss|[spread] p2b\n|-activate|p2a: Arcanine|move: Protect\n|-damage|p2b: Amoonguss|4\/100\n|move|p2b: Amoonguss|Spore|p1a: Krookodile\n|-status|p1a: Krookodile|slp|[from] move: Spore\n|\n|upkeep\n|turn|2\n|inactive|jarguelles1 has 30 seconds left.\n|inactive|garfieldslaya has 30 seconds left.\n|inactive|garfieldslaya has 20 seconds left.\n|inactive|garfieldslaya has 15 seconds left.\n|\n|t:|1683751053\n|switch|p1b: Flamigo|Flamigo, L50, M, shiny|100\/100\n|-copyboost|p1b: Flamigo|p1a: Krookodile|[from] ability: Costar\n|switch|p2b: Azumarill|Azumarill, L50, M|100\/100\n|cant|p1a: Krookodile|slp\n|move|p2a: Arcanine|Flare Blitz|p1a: Krookodile\n|-resisted|p1a: Krookodile\n|-damage|p1a: Krookodile|0 fnt\n|faint|p1a: Krookodile\n|-damage|p2a: Arcanine|99\/100|[from] Recoil\n|\n|upkeep\n|\n|t:|1683751067\n|switch|p1a: Sableye|Sableye, L50, M, shiny|100\/100\n|turn|3\n|inactive|jarguelles1 has 30 seconds left.\n|inactive|jarguelles1 has 20 seconds left.\n|inactive|garfieldslaya has 30 seconds left.\n|\n|t:|1683751108\n|-terastallize|p2b: Azumarill|Water\n|move|p2a: Arcanine|Extreme Speed|p1b: Flamigo\n|-damage|p1b: Flamigo|69\/100\n|move|p1a: Sableye|Skill Swap|p1b: Flamigo\n|-activate|p1a: Sableye|move: Skill Swap|||[of] p1b: Flamigo\n|-copyboost|p1a: Sableye|p1b: Flamigo|[from] ability: Costar\n|move|p2b: Azumarill|Aqua Jet|p1b: Flamigo\n|-damage|p1b: Flamigo|0 fnt\n|faint|p1b: Flamigo\n|\n|upkeep\n|\n|t:|1683751118\n|switch|p1b: Meowscarada|Meowscarada, L50, M|100\/100\n|turn|4\n|\n|t:|1683751142\n|switch|p2b: Amoonguss|Amoonguss, L50, M|37\/100\n|move|p1b: Meowscarada|Flower Trick|p2b: Amoonguss\n|-resisted|p2b: Amoonguss\n|-crit|p2b: Amoonguss\n|-damage|p2b: Amoonguss|29\/100\n|move|p2a: Arcanine|Flare Blitz|p1b: Meowscarada\n|-supereffective|p1b: Meowscarada\n|-damage|p1b: Meowscarada|0 fnt\n|faint|p1b: Meowscarada\n|-damage|p2a: Arcanine|70\/100|[from] Recoil\n|move|p1a: Sableye|Skill Swap|p1: Meowscarada|[notarget]\n|-fail|p1a: Sableye\n|\n|upkeep\n|turn|5\n|-message|jarguelles1 forfeited.\n|\n|win|garfieldslaya\n|raw|jarguelles1's rating: 1103 → 1082<\/strong> (-21 for losing)\n|raw|garfieldslaya's rating: 1153 → 1174<\/strong> (+21 for winning)\n|l|\u2606jarguelles1\n","uploadtime":1683751156,"views":12,"p1id":"jarguelles1","p2id":"garfieldslaya","formatid":"gen9vgc2023regulationc","rating":1082,"private":0,"password":""}