{"id":"gen9vgc2023regulationc-1854988840","p1":"germany_cart","p2":"Steakman5","format":"[Gen 9] VGC 2023 Regulation C","log":"|j|\u2606germany_cart\n|j|\u2606Steakman5\n|t:|1682888275\n|gametype|doubles\n|player|p1|germany_cart|102|1185\n|player|p2|Steakman5|swimmer-gen4|1205\n|teamsize|p1|6\n|teamsize|p2|6\n|gen|9\n|tier|[Gen 9] VGC 2023 Regulation C\n|rated|\n|rule|Species Clause: Limit one of each Pok\u00e9mon\n|rule|Item Clause: Limit one of each item\n|clearpoke\n|poke|p1|Ting-Lu, L50|\n|poke|p1|Vivillon-Fancy, L50, M|\n|poke|p1|Iron Bundle, L50|\n|poke|p1|Abomasnow, L50, F|\n|poke|p1|Annihilape, L50, M|\n|poke|p1|Chien-Pao, L50|\n|poke|p2|Flamigo, L50, F|\n|poke|p2|Dondozo, L50, F|\n|poke|p2|Flutter Mane, L50|\n|poke|p2|Tatsugiri-Droopy, L50, F|\n|poke|p2|Great Tusk, L50|\n|poke|p2|Talonflame, L50, M|\n|teampreview|4\n|\n|t:|1682888292\n|start\n|switch|p1a: Annihilape|Annihilape, L50, M|100\/100\n|switch|p1b: Vivillon|Vivillon-Fancy, L50, M|100\/100\n|switch|p2a: Flutter Mane|Flutter Mane, L50|100\/100\n|switch|p2b: Tatsugiri|Tatsugiri-Droopy, L50, F|100\/100\n|-enditem|p2a: Flutter Mane|Booster Energy\n|-activate|p2a: Flutter Mane|ability: Protosynthesis|[fromitem]\n|-start|p2a: Flutter Mane|protosynthesisspe\n|turn|1\n|inactive|Battle timer is ON: inactive players will automatically lose when time's up. (requested by germany_cart)\n|\n|t:|1682888313\n|-terastallize|p1a: Annihilape|Fire\n|move|p2b: Tatsugiri|Protect|p2b: Tatsugiri\n|-singleturn|p2b: Tatsugiri|Protect\n|move|p1b: Vivillon|Rage Powder|p1b: Vivillon\n|-singleturn|p1b: Vivillon|move: Rage Powder\n|move|p2a: Flutter Mane|Perish Song|p2a: Flutter Mane\n|-start|p1a: Annihilape|perish3|[silent]\n|-start|p1b: Vivillon|perish3|[silent]\n|-start|p2a: Flutter Mane|perish3|[silent]\n|-start|p2b: Tatsugiri|perish3|[silent]\n|-fieldactivate|move: Perish Song\n|move|p1a: Annihilape|Rage Fist|p2a: Flutter Mane\n|-supereffective|p2a: Flutter Mane\n|-damage|p2a: Flutter Mane|0 fnt\n|faint|p2a: Flutter Mane\n|-end|p2a: Flutter Mane|Protosynthesis|[silent]\n|\n|-start|p1b: Vivillon|perish3\n|-start|p2b: Tatsugiri|perish3\n|-start|p1a: Annihilape|perish3\n|upkeep\n|\n|t:|1682888323\n|switch|p2a: Dondozo|Dondozo, L50, F|100\/100\n|-activate|p2b: Tatsugiri|ability: Commander|[of] p2a: Dondozo\n|-boost|p2a: Dondozo|atk|2\n|-boost|p2a: Dondozo|spa|2\n|-boost|p2a: Dondozo|spe|2\n|-boost|p2a: Dondozo|def|2\n|-boost|p2a: Dondozo|spd|2\n|turn|2\n|\n|t:|1682888340\n|switch|p1a: Abomasnow|Abomasnow, L50, F|100\/100\n|-weather|Snow|[from] ability: Snow Warning|[of] p1a: Abomasnow\n|-terastallize|p2a: Dondozo|Water\n|move|p1b: Vivillon|Rage Powder|p1b: Vivillon\n|-singleturn|p1b: Vivillon|move: Rage Powder\n|move|p2a: Dondozo|Surf|p1b: Vivillon|[spread] p1a,p1b\n|-miss|p2a: Dondozo|p2b: Tatsugiri\n|-resisted|p1a: Abomasnow\n|-crit|p1b: Vivillon\n|-damage|p1a: Abomasnow|72\/100\n|-enditem|p1b: Vivillon|Focus Sash\n|-damage|p1b: Vivillon|1\/100\n|-damage|p2a: Dondozo|91\/100|[from] item: Life Orb\n|\n|-weather|Snow|[upkeep]\n|-start|p1b: Vivillon|perish2\n|-start|p2b: Tatsugiri|perish2\n|upkeep\n|turn|3\n|inactive|Steakman5 has 30 seconds left.\n|\n|t:|1682888371\n|move|p2a: Dondozo|Protect|p2a: Dondozo\n|-singleturn|p2a: Dondozo|Protect\n|move|p1b: Vivillon|Pollen Puff|p1a: Abomasnow\n|-heal|p1a: Abomasnow|100\/100\n|move|p1a: Abomasnow|Energy Ball|p2a: Dondozo\n|-activate|p2a: Dondozo|move: Protect\n|\n|-weather|Snow|[upkeep]\n|-start|p1b: Vivillon|perish1\n|-start|p2b: Tatsugiri|perish1\n|upkeep\n|turn|4\n|\n|t:|1682888386\n|switch|p1b: Iron Bundle|Iron Bundle, L50|100\/100\n|-enditem|p1b: Iron Bundle|Booster Energy\n|-activate|p1b: Iron Bundle|ability: Quark Drive|[fromitem]\n|-start|p1b: Iron Bundle|quarkdrivespe\n|move|p2a: Dondozo|Surf|p1a: Abomasnow|[spread] p1a,p1b\n|-miss|p2a: Dondozo|p2b: Tatsugiri\n|-resisted|p1a: Abomasnow\n|-resisted|p1b: Iron Bundle\n|-damage|p1a: Abomasnow|60\/100\n|-damage|p1b: Iron Bundle|40\/100\n|-damage|p2a: Dondozo|81\/100|[from] item: Life Orb\n|move|p1a: Abomasnow|Blizzard|p2a: Dondozo|[spread] p2a\n|-miss|p1a: Abomasnow|p2b: Tatsugiri\n|-resisted|p2a: Dondozo\n|-damage|p2a: Dondozo|69\/100\n|-damage|p1a: Abomasnow|50\/100|[from] item: Life Orb\n|\n|-weather|Snow|[upkeep]\n|-start|p2b: Tatsugiri|perish0\n|upkeep\n|faint|p2b: Tatsugiri\n|\n|t:|1682888394\n|switch|p2b: Flamigo|Flamigo, L50, F|100\/100\n|-copyboost|p2b: Flamigo|p2a: Dondozo|[from] ability: Costar\n|turn|5\n|\n|t:|1682888408\n|move|p2b: Flamigo|Protect|p2b: Flamigo\n|-singleturn|p2b: Flamigo|Protect\n|move|p1a: Abomasnow|Ice Shard|p2b: Flamigo\n|-activate|p2b: Flamigo|move: Protect\n|move|p1b: Iron Bundle|Blizzard|p2b: Flamigo|[spread] p2a\n|-activate|p2b: Flamigo|move: Protect\n|-resisted|p2a: Dondozo\n|-damage|p2a: Dondozo|58\/100\n|move|p2a: Dondozo|Surf|p1a: Abomasnow|[spread] p1a,p1b\n|-activate|p2b: Flamigo|move: Protect\n|-resisted|p1a: Abomasnow\n|-resisted|p1b: Iron Bundle\n|-damage|p1a: Abomasnow|7\/100\n|-damage|p1b: Iron Bundle|0 fnt\n|faint|p1b: Iron Bundle\n|-end|p1b: Iron Bundle|Quark Drive|[silent]\n|-damage|p2a: Dondozo|48\/100|[from] item: Life Orb\n|\n|-weather|Snow|[upkeep]\n|upkeep\n|\n|t:|1682888412\n|switch|p1b: Annihilape|Annihilape, L50, M, tera:Fire|100\/100\n|turn|6\n|\n|t:|1682888432\n|move|p1a: Abomasnow|Ice Shard|p2b: Flamigo\n|-supereffective|p2b: Flamigo\n|-damage|p2b: Flamigo|76\/100\n|-damage|p1a: Abomasnow|0 fnt|[from] item: Life Orb\n|faint|p1a: Abomasnow\n|move|p2b: Flamigo|Tera Blast|p1b: Annihilape\n|-damage|p1b: Annihilape|73\/100\n|move|p2a: Dondozo|Wave Crash|p1b: Annihilape\n|-supereffective|p1b: Annihilape\n|-damage|p1b: Annihilape|0 fnt\n|faint|p1b: Annihilape\n|-damage|p2a: Dondozo|25\/100|[from] Recoil\n|-damage|p2a: Dondozo|16\/100|[from] item: Life Orb\n|\n|-weather|none\n|upkeep\n|\n|t:|1682888439\n|switch|p1b: Vivillon|Vivillon-Fancy, L50, M|1\/100\n|turn|7\n|-message|germany_cart forfeited.\n|\n|win|Steakman5\n|raw|germany_cart's rating: 1185 → 1161<\/strong> (-24 for losing)\n|raw|Steakman5's rating: 1205 → 1229<\/strong> (+24 for winning)\n|l|\u2606germany_cart\n","uploadtime":1682888453,"views":5,"p1id":"germanycart","p2id":"steakman5","formatid":"gen9vgc2023regulationc","rating":1161,"private":0,"password":""}