{"id":"gen9vgc2023regulationc-1860044417","p1":"OarYouOkay","p2":"zlint","format":"[Gen 9] VGC 2023 Regulation C","log":"|j|\u2606OarYouOkay\n|j|\u2606zlint\n|t:|1683588694\n|gametype|doubles\n|player|p1|OarYouOkay|pokemonrangerf-gen4|1063\n|player|p2|zlint|may|1090\n|teamsize|p1|6\n|teamsize|p2|6\n|gen|9\n|tier|[Gen 9] VGC 2023 Regulation C\n|rated|\n|rule|Species Clause: Limit one of each Pok\u00e9mon\n|rule|Item Clause: Limit one of each item\n|clearpoke\n|poke|p1|Gyarados, L50, F|\n|poke|p1|Riolu, L50, F|\n|poke|p1|Scizor, L50, M|\n|poke|p1|Dragonite, L50, F|\n|poke|p1|Espeon, L50, M|\n|poke|p1|Passimian, L50, F|\n|poke|p2|Scream Tail, L50|\n|poke|p2|Baxcalibur, L50, F|\n|poke|p2|Corviknight, L50, M|\n|poke|p2|Rotom-Wash, L50|\n|poke|p2|Flutter Mane, L50|\n|poke|p2|Tyranitar, L50, F|\n|teampreview|4\n|inactive|Battle timer is ON: inactive players will automatically lose when time's up. (requested by OarYouOkay)\nzlint has agreed to open team sheets.\n|inactive|zlint has 60 seconds left.\n|\n|t:|1683588738\n|start\n|switch|p1a: Skullkraken|Gyarados, L50, F, shiny|100\/100\n|switch|p1b: Snip Snip|Scizor, L50, M|100\/100\n|switch|p2a: Flutter Mane|Flutter Mane, L50|100\/100\n|switch|p2b: Baxcalibur|Baxcalibur, L50, F|100\/100\n|-ability|p1a: Skullkraken|Intimidate|boost\n|-unboost|p2a: Flutter Mane|atk|1\n|-unboost|p2b: Baxcalibur|atk|1\n|turn|1\n|inactive|OarYouOkay has 30 seconds left.\n|inactive|zlint has 30 seconds left.\n|\n|t:|1683588776\n|-end|p2a: Flutter Mane|Protosynthesis|[silent]\n|switch|p2a: Rotom|Rotom-Wash, L50, shiny|100\/100\n|move|p1b: Snip Snip|Bullet Punch|p2a: Rotom\n|-resisted|p2a: Rotom\n|-damage|p2a: Rotom|93\/100\n|move|p1a: Skullkraken|Stone Edge|p2b: Baxcalibur\n|-supereffective|p2b: Baxcalibur\n|-damage|p2b: Baxcalibur|38\/100\n|move|p2b: Baxcalibur|Glaive Rush|p1a: Skullkraken\n|-damage|p1a: Skullkraken|38\/100\n|-singlemove|p2b: Baxcalibur|Glaive Rush|[silent]\n|\n|upkeep\n|turn|2\n|\n|t:|1683588794\n|move|p2b: Baxcalibur|Protect|p2b: Baxcalibur\n|-singleturn|p2b: Baxcalibur|Protect\n|move|p1b: Snip Snip|Bullet Punch|p2b: Baxcalibur\n|-activate|p2b: Baxcalibur|move: Protect\n|move|p1a: Skullkraken|Stone Edge|p2a: Rotom\n|-damage|p2a: Rotom|65\/100\n|move|p2a: Rotom|Will-O-Wisp|p1b: Snip Snip|[miss]\n|-miss|p2a: Rotom|p1b: Snip Snip\n|\n|upkeep\n|turn|3\n|\n|t:|1683588814\n|move|p2b: Baxcalibur|Protect||[still]\n|-fail|p2b: Baxcalibur\n|move|p1b: Snip Snip|Bullet Punch|p2b: Baxcalibur\n|-supereffective|p2b: Baxcalibur\n|-damage|p2b: Baxcalibur|0 fnt\n|faint|p2b: Baxcalibur\n|move|p1a: Skullkraken|Stone Edge|p2a: Rotom\n|-damage|p2a: Rotom|34\/100\n|-enditem|p2a: Rotom|Sitrus Berry|[eat]\n|-heal|p2a: Rotom|59\/100|[from] item: Sitrus Berry\n|move|p2a: Rotom|Will-O-Wisp|p1b: Snip Snip\n|-status|p1b: Snip Snip|brn\n|\n|-damage|p1b: Snip Snip|94\/100 brn|[from] brn\n|upkeep\n|\n|t:|1683588833\n|switch|p2b: Scream Tail|Scream Tail, L50, shiny|100\/100\n|-enditem|p2b: Scream Tail|Booster Energy\n|-activate|p2b: Scream Tail|ability: Protosynthesis|[fromitem]\n|-start|p2b: Scream Tail|protosynthesisspe\n|turn|4\n|\n|t:|1683588847\n|-terastallize|p2b: Scream Tail|Water\n|move|p1b: Snip Snip|Bullet Punch|p2b: Scream Tail\n|-resisted|p2b: Scream Tail\n|-crit|p2b: Scream Tail\n|-damage|p2b: Scream Tail|91\/100\n|move|p2b: Scream Tail|Disable|p1b: Snip Snip\n|-start|p1b: Snip Snip|Disable|Bullet Punch\n|move|p1a: Skullkraken|Aqua Tail|p2b: Scream Tail\n|-resisted|p2b: Scream Tail\n|-damage|p2b: Scream Tail|73\/100\n|move|p2a: Rotom|Thunderbolt|p1a: Skullkraken\n|-supereffective|p1a: Skullkraken\n|-damage|p1a: Skullkraken|0 fnt\n|faint|p1a: Skullkraken\n|\n|-damage|p1b: Snip Snip|88\/100 brn|[from] brn\n|upkeep\n|\n|t:|1683588864\n|switch|p1a: Emerald Kitty|Espeon, L50, M, shiny|100\/100\n|turn|5\n|inactive|zlint has 30 seconds left.\n|\n|t:|1683588894\n|move|p2b: Scream Tail|Encore|p1b: Snip Snip\n|-start|p1b: Snip Snip|Encore\n|move|p1a: Emerald Kitty|Psychic|p2a: Rotom\n|-damage|p2a: Rotom|8\/100\n|move|p2a: Rotom|Thunderbolt|p1a: Emerald Kitty\n|-damage|p1a: Emerald Kitty|53\/100\n|cant|p1b: Snip Snip|Disable|Bullet Punch\n|\n|-damage|p1b: Snip Snip|82\/100 brn|[from] brn\n|upkeep\n|turn|6\n|\n|t:|1683588910\n|move|p1a: Emerald Kitty|Protect|p1a: Emerald Kitty\n|-singleturn|p1a: Emerald Kitty|Protect\n|move|p2b: Scream Tail|Disable|p1a: Emerald Kitty\n|-activate|p1a: Emerald Kitty|move: Protect\n|move|p2a: Rotom|Will-O-Wisp|p1b: Snip Snip\n|-fail|p1b: Snip Snip|brn\n|-activate|p1b: Snip Snip|move: Struggle\n|move|p1b: Snip Snip|Struggle|p2b: Scream Tail\n|-damage|p2b: Scream Tail|62\/100\n|-damage|p1b: Snip Snip|57\/100 brn|[from] recoil\n|\n|-damage|p1b: Snip Snip|51\/100 brn|[from] brn\n|upkeep\n|turn|7\n|\n|t:|1683588927\n|switch|p1a: Lighthouse|Dragonite, L50, F|100\/100\n|move|p2b: Scream Tail|Encore||[still]\n|-fail|p2b: Scream Tail\n|move|p2a: Rotom|Thunderbolt|p1b: Snip Snip\n|-damage|p1b: Snip Snip|13\/100 brn\n|-activate|p1b: Snip Snip|move: Struggle\n|move|p1b: Snip Snip|Struggle|p2a: Rotom\n|-damage|p2a: Rotom|0 fnt\n|faint|p2a: Rotom\n|-damage|p1b: Snip Snip|0 fnt|[from] recoil\n|faint|p1b: Snip Snip\n|\n|upkeep\n|\n|t:|1683588941\n|switch|p2a: Flutter Mane|Flutter Mane, L50|100\/100\n|switch|p1b: Emerald Kitty|Espeon, L50, M, shiny|53\/100\n|turn|8\n|\n|t:|1683588953\n|-terastallize|p1a: Lighthouse|Water\n|move|p1b: Emerald Kitty|Protect|p1b: Emerald Kitty\n|-singleturn|p1b: Emerald Kitty|Protect\n|move|p2b: Scream Tail|Play Rough|p1a: Lighthouse\n|-damage|p1a: Lighthouse|90\/100\n|move|p2a: Flutter Mane|Shadow Ball|p1b: Emerald Kitty\n|-activate|p1b: Emerald Kitty|move: Protect\n|move|p1a: Lighthouse|Waterfall|p2a: Flutter Mane\n|-damage|p2a: Flutter Mane|27\/100\n|\n|upkeep\n|turn|9\n|\n|t:|1683588973\n|move|p2b: Scream Tail|Disable|p1a: Lighthouse\n|-start|p1a: Lighthouse|Disable|Waterfall\n|move|p2a: Flutter Mane|Shadow Ball|p1b: Emerald Kitty\n|-supereffective|p1b: Emerald Kitty\n|-damage|p1b: Emerald Kitty|0 fnt\n|faint|p1b: Emerald Kitty\n|-damage|p2a: Flutter Mane|18\/100|[from] item: Life Orb\n|cant|p1a: Lighthouse|Disable|Waterfall\n|\n|upkeep\n|turn|10\n|\n|t:|1683588986\n|move|p1a: Lighthouse|Extreme Speed|p2b: Scream Tail\n|-damage|p2b: Scream Tail|40\/100\n|move|p2b: Scream Tail|Encore|p1a: Lighthouse\n|-start|p1a: Lighthouse|Encore\n|move|p2a: Flutter Mane|Moonblast|p1a: Lighthouse\n|-damage|p1a: Lighthouse|40\/100\n|-unboost|p1a: Lighthouse|spa|1\n|-damage|p2a: Flutter Mane|8\/100|[from] item: Life Orb\n|\n|upkeep\n|turn|11\n|\n|t:|1683589005\n|move|p1a: Lighthouse|Extreme Speed|p2b: Scream Tail\n|-damage|p2b: Scream Tail|15\/100\n|move|p2b: Scream Tail|Play Rough|p1a: Lighthouse\n|-damage|p1a: Lighthouse|20\/100\n|move|p2a: Flutter Mane|Moonblast|p1a: Lighthouse\n|-damage|p1a: Lighthouse|0 fnt\n|faint|p1a: Lighthouse\n|-damage|p2a: Flutter Mane|0 fnt|[from] item: Life Orb\n|faint|p2a: Flutter Mane\n|-end|p2a: Flutter Mane|Protosynthesis|[silent]\n|\n|win|zlint\n|raw|OarYouOkay's rating: 1063 → 1045<\/strong> (-18 for losing)\n|raw|zlint's rating: 1090 → 1114<\/strong> (+24 for winning)\n|l|\u2606OarYouOkay\n","uploadtime":1683589016,"views":10,"p1id":"oaryouokay","p2id":"zlint","formatid":"gen9vgc2023regulationc","rating":1045,"private":0,"password":""}