{"id":"gen9vgc2023regulationc-1860144550","p1":"Terran Weeds","p2":"LobsterLiveGaming","format":"[Gen 9] VGC 2023 Regulation C","log":"|j|\u2606Terran Weeds\n|j|\u2606LobsterLiveGaming\n|t:|1683600650\n|gametype|doubles\n|player|p1|Terran Weeds|bellelba|1245\n|player|p2|LobsterLiveGaming|darach-caitlin|1302\n|teamsize|p1|6\n|teamsize|p2|6\n|gen|9\n|tier|[Gen 9] VGC 2023 Regulation C\n|rated|\n|rule|Species Clause: Limit one of each Pok\u00e9mon\n|rule|Item Clause: Limit one of each item\n|clearpoke\n|poke|p1|Ceruledge, L50, F|\n|poke|p1|Flutter Mane, L50|\n|poke|p1|Iron Hands, L50|\n|poke|p1|Maushold-Four, L50|\n|poke|p1|Gyarados, L50, F|\n|poke|p1|Chi-Yu, L50|\n|poke|p2|Tatsugiri-Stretchy, L50, M|\n|poke|p2|Dondozo, L50, M|\n|poke|p2|Chien-Pao, L50|\n|poke|p2|Dragonite, L50, F|\n|poke|p2|Pelipper, L50, F|\n|poke|p2|Drednaw, L50, M|\n|teampreview|4\n|inactive|Battle timer is ON: inactive players will automatically lose when time's up. (requested by LobsterLiveGaming)\nTerran Weeds rejected open team sheets.\n|\n|t:|1683600674\n|start\n|switch|p1a: Iron Hands|Iron Hands, L50|100\/100\n|switch|p1b: Maushold|Maushold-Four, L50|100\/100\n|switch|p2a: Dragonite|Dragonite, L50, F|100\/100\n|switch|p2b: Chien-Pao|Chien-Pao, L50|100\/100\n|-ability|p2b: Chien-Pao|Sword of Ruin\n|turn|1\n|inactive|Terran Weeds has 30 seconds left.\n|inactive|LobsterLiveGaming has 30 seconds left.\n|\n|t:|1683600711\n|move|p2b: Chien-Pao|Protect|p2b: Chien-Pao\n|-singleturn|p2b: Chien-Pao|Protect\n|move|p1b: Maushold|Super Fang|p2a: Dragonite\n|-damage|p2a: Dragonite|51\/100\n|move|p2a: Dragonite|Aerial Ace|p1a: Iron Hands\n|-damage|p1a: Iron Hands|77\/100\n|move|p1a: Iron Hands|Wild Charge|p2a: Dragonite\n|-damage|p2a: Dragonite|0 fnt\n|faint|p2a: Dragonite\n|-damage|p1a: Iron Hands|68\/100|[from] Recoil\n|\n|upkeep\n|\n|t:|1683600719\n|switch|p2a: Pelipper|Pelipper, L50, F|100\/100\n|-weather|RainDance|[from] ability: Drizzle|[of] p2a: Pelipper\n|turn|2\n|\n|t:|1683600734\n|move|p2b: Chien-Pao|Ice Spinner|p1a: Iron Hands\n|-damage|p1a: Iron Hands|41\/100\n|move|p1b: Maushold|Taunt|p2a: Pelipper\n|-start|p2a: Pelipper|move: Taunt\n|move|p2a: Pelipper|Hurricane|p1a: Iron Hands\n|-damage|p1a: Iron Hands|16\/100\n|move|p1a: Iron Hands|Drain Punch|p2b: Chien-Pao\n|-supereffective|p2b: Chien-Pao\n|-crit|p2b: Chien-Pao\n|-enditem|p2b: Chien-Pao|Focus Sash\n|-damage|p2b: Chien-Pao|1\/100\n|-heal|p1a: Iron Hands|45\/100|[from] drain|[of] p2b: Chien-Pao\n|\n|-weather|RainDance|[upkeep]\n|upkeep\n|turn|3\n|inactive|Terran Weeds has 30 seconds left.\n|inactive|LobsterLiveGaming has 30 seconds left.\n|inactive|Terran Weeds has 20 seconds left.\n|inactive|Terran Weeds has 15 seconds left.\n|\n|t:|1683600775\n|move|p1b: Maushold|Follow Me|p1b: Maushold\n|-singleturn|p1b: Maushold|move: Follow Me\n|move|p2b: Chien-Pao|Ice Spinner|p1b: Maushold\n|-damage|p1b: Maushold|32\/100\n|move|p2a: Pelipper|Hurricane|p1b: Maushold\n|-damage|p1b: Maushold|0 fnt\n|faint|p1b: Maushold\n|move|p1a: Iron Hands|Wild Charge|p2a: Pelipper\n|-supereffective|p2a: Pelipper\n|-damage|p2a: Pelipper|0 fnt\n|faint|p2a: Pelipper\n|-damage|p1a: Iron Hands|29\/100|[from] Recoil\n|\n|-weather|RainDance|[upkeep]\n|upkeep\n|\n|t:|1683600787\n|switch|p1b: Gyarados|Gyarados, L50, F|100\/100\n|switch|p2a: Drednaw|Drednaw, L50, M|100\/100\n|-ability|p1b: Gyarados|Intimidate|boost\n|-unboost|p2a: Drednaw|atk|1\n|-unboost|p2b: Chien-Pao|atk|1\n|turn|4\n|\n|t:|1683600805\n|-terastallize|p2a: Drednaw|Grass\n|-terastallize|p1b: Gyarados|Water\n|move|p2a: Drednaw|Rock Slide|p1b: Gyarados|[spread] p1a,p1b\n|-resisted|p1a: Iron Hands\n|-crit|p1b: Gyarados\n|-damage|p1a: Iron Hands|17\/100\n|-damage|p1b: Gyarados|0 fnt\n|faint|p1b: Gyarados\n|move|p2b: Chien-Pao|Ice Spinner|p1a: Iron Hands\n|-damage|p1a: Iron Hands|0 fnt\n|faint|p1a: Iron Hands\n|-end|p1a: Iron Hands|Quark Drive|[silent]\n|\n|-weather|RainDance|[upkeep]\n|upkeep\n|c|\u2606Terran Weeds|man\n|c|\u2606Terran Weeds|you know you didnt deserve this\n|\n|t:|1683600826\n|switch|p1b: Flutter Mane|Flutter Mane, L50|100\/100\n|-enditem|p1b: Flutter Mane|Booster Energy\n|-activate|p1b: Flutter Mane|ability: Protosynthesis|[fromitem]\n|-start|p1b: Flutter Mane|protosynthesisspe\n|turn|5\n|c|\u2606LobsterLiveGaming|crit did not matter\n|c|\u2606Terran Weeds|yes it fucking did\n|c|\u2606Terran Weeds|i tera water'd\n|c|\u2606Terran Weeds|what are you on about\n|c|\u2606Terran Weeds|youre at -1\n|inactive|Terran Weeds has 30 seconds left.\n|c|\u2606Terran Weeds|what makes you think that neutral damage is that strong lmao\n|inactive|Terran Weeds has 20 seconds left.\n|inactive|Terran Weeds has 15 seconds left.\n|inactive|Terran Weeds has 10 seconds left.\n|\n|t:|1683600872\n|move|p1b: Flutter Mane|Protect|p1b: Flutter Mane\n|-singleturn|p1b: Flutter Mane|Protect\n|move|p2b: Chien-Pao|Sucker Punch||[still]\n|-fail|p2b: Chien-Pao\n|move|p2a: Drednaw|Rock Slide|p1b: Flutter Mane\n|-activate|p1b: Flutter Mane|move: Protect\n|\n|-weather|RainDance|[upkeep]\n|upkeep\n|turn|6\n|\n|t:|1683600887\n|move|p1b: Flutter Mane|Protect|p1b: Flutter Mane\n|-singleturn|p1b: Flutter Mane|Protect\n|move|p2b: Chien-Pao|Sucker Punch||[still]\n|-fail|p2b: Chien-Pao\n|move|p2a: Drednaw|Rock Slide|p1b: Flutter Mane\n|-activate|p1b: Flutter Mane|move: Protect\n|\n|-weather|RainDance|[upkeep]\n|upkeep\n|turn|7\n|\n|t:|1683600892\n|move|p2b: Chien-Pao|Sucker Punch|p1b: Flutter Mane\n|-damage|p1b: Flutter Mane|36\/100\n|move|p1b: Flutter Mane|Dazzling Gleam|p2b: Chien-Pao|[spread] p2a,p2b\n|-supereffective|p2b: Chien-Pao\n|-damage|p2a: Drednaw|56\/100\n|-damage|p2b: Chien-Pao|0 fnt\n|faint|p2b: Chien-Pao\n|move|p2a: Drednaw|Rock Slide|p1b: Flutter Mane|[miss]\n|-miss|p2a: Drednaw|p1b: Flutter Mane\n|\n|-weather|RainDance|[upkeep]\n|upkeep\n|turn|8\n|\n|t:|1683600896\n|move|p1b: Flutter Mane|Protect|p1b: Flutter Mane\n|-singleturn|p1b: Flutter Mane|Protect\n|move|p2a: Drednaw|Rock Slide|p1b: Flutter Mane\n|-activate|p1b: Flutter Mane|move: Protect\n|\n|-weather|RainDance|[upkeep]\n|upkeep\n|turn|9\n|\n|t:|1683600899\n|move|p1b: Flutter Mane|Protect||[still]\n|-fail|p1b: Flutter Mane\n|move|p2a: Drednaw|Rock Slide|p1b: Flutter Mane\n|-damage|p1b: Flutter Mane|0 fnt\n|faint|p1b: Flutter Mane\n|-end|p1b: Flutter Mane|Protosynthesis|[silent]\n|\n|win|LobsterLiveGaming\n|raw|Terran Weeds's rating: 1220 → 1201<\/strong> (-19 for losing)\n|raw|LobsterLiveGaming's rating: 1302 → 1317<\/strong> (+15 for winning)\n|c|\u2606Terran Weeds|bad\n|c|\u2606LobsterLiveGaming|gg\n|l|\u2606Terran Weeds\n","uploadtime":1683600909,"views":17,"p1id":"terranweeds","p2id":"lobsterlivegaming","formatid":"gen9vgc2023regulationc","rating":1201,"private":0,"password":""}