{"id":"gen9vgc2023regulationc-1845654799","p1":"your local x-9","p2":"Jabby12","format":"[Gen 9] VGC 2023 Regulation C","log":"|j|\u2606your local x-9\n|j|\u2606Jabby12\n|t:|1681752915\n|gametype|doubles\n|player|p1|your local x-9|dahlia|1208\n|player|p2|Jabby12|170|1227\n|teamsize|p1|6\n|teamsize|p2|6\n|gen|9\n|tier|[Gen 9] VGC 2023 Regulation C\n|rated|\n|rule|Species Clause: Limit one of each Pok\u00e9mon\n|rule|Item Clause: Limit one of each item\n|clearpoke\n|poke|p1|Ting-Lu, L50|\n|poke|p1|Azumarill, L50, F|\n|poke|p1|Farigiraf, L50, M|\n|poke|p1|Klefki, L50, F|\n|poke|p1|Iron Hands, L50|\n|poke|p1|Amoonguss, L50, M|\n|poke|p2|Pawmot, L50, M|\n|poke|p2|Gholdengo, L50|\n|poke|p2|Tatsugiri-Stretchy, L50, M|\n|poke|p2|Meowscarada, L50, F|\n|poke|p2|Dondozo, L50, F|\n|poke|p2|Gastrodon, L50, M|\n|teampreview|4\nyour local x-9 has agreed to open team sheets.\n|c|\u2606your local x-9|Glhf\nJabby12 has agreed to open team sheets.\n|\n|t:|1681753007\n|start\n|switch|p1a: Farigiraf|Farigiraf, L50, M|100\/100\n|switch|p1b: Iron Hands|Iron Hands, L50|100\/100\n|switch|p2a: Dondozo|Dondozo, L50, F|100\/100\n|switch|p2b: Pawmot|Pawmot, L50, M|100\/100\n|turn|1\n|\n|t:|1681753032\n|switch|p2b: Tatsugiri|Tatsugiri-Stretchy, L50, M, shiny|100\/100\n|-activate|p2b: Tatsugiri|ability: Commander|[of] p2a: Dondozo\n|-boost|p2a: Dondozo|atk|2\n|-boost|p2a: Dondozo|spa|2\n|-boost|p2a: Dondozo|spe|2\n|-boost|p2a: Dondozo|def|2\n|-boost|p2a: Dondozo|spd|2\n|move|p1b: Iron Hands|Fake Out|p2a: Dondozo\n|-damage|p2a: Dondozo|95\/100\n|cant|p2a: Dondozo|flinch\n|move|p1a: Farigiraf|Trick Room|p1a: Farigiraf\n|-fieldstart|move: Trick Room|[of] p1a: Farigiraf\n|\n|upkeep\n|turn|2\n|\n|t:|1681753045\n|-end|p1b: Iron Hands|Quark Drive|[silent]\n|switch|p1b: Amoonguss|Amoonguss, L50, M|100\/100\n|move|p1a: Farigiraf|Protect|p1a: Farigiraf\n|-singleturn|p1a: Farigiraf|Protect\n|move|p2a: Dondozo|Earthquake|p1a: Farigiraf|[spread] p1b\n|-miss|p2a: Dondozo|p2b: Tatsugiri\n|-activate|p1a: Farigiraf|move: Protect\n|-damage|p1b: Amoonguss|65\/100\n|\n|upkeep\n|turn|3\n|\n|t:|1681753059\n|move|p1b: Amoonguss|Clear Smog|p2a: Dondozo\n|-damage|p2a: Dondozo|85\/100\n|-clearboost|p2a: Dondozo\n|move|p1a: Farigiraf|Hyper Voice|p2a: Dondozo|[spread] p2a\n|-miss|p1a: Farigiraf|p2b: Tatsugiri\n|-damage|p2a: Dondozo|54\/100\n|-enditem|p1a: Farigiraf|Throat Spray\n|-boost|p1a: Farigiraf|spa|1|[from] item: Throat Spray\n|move|p2a: Dondozo|Earthquake|p1b: Amoonguss|[spread] p1a,p1b\n|-miss|p2a: Dondozo|p2b: Tatsugiri\n|-damage|p1a: Farigiraf|77\/100\n|-damage|p1b: Amoonguss|47\/100\n|\n|upkeep\n|turn|4\n|\n|t:|1681753082\n|switch|p1b: Iron Hands|Iron Hands, L50|100\/100\n|move|p1a: Farigiraf|Hyper Voice|p2b: Tatsugiri|[spread] p2a\n|-miss|p1a: Farigiraf|p2b: Tatsugiri\n|-damage|p2a: Dondozo|20\/100\n|move|p2a: Dondozo|Earthquake|p1b: Iron Hands|[spread] p1a,p1b\n|-miss|p2a: Dondozo|p2b: Tatsugiri\n|-supereffective|p1b: Iron Hands\n|-damage|p1a: Farigiraf|55\/100\n|-damage|p1b: Iron Hands|70\/100\n|\n|upkeep\n|turn|5\n|\n|t:|1681753106\n|-end|p1b: Iron Hands|Quark Drive|[silent]\n|switch|p1b: Amoonguss|Amoonguss, L50, M|80\/100\n|move|p1a: Farigiraf|Protect|p1a: Farigiraf\n|-singleturn|p1a: Farigiraf|Protect\n|move|p2a: Dondozo|Wave Crash|p1a: Farigiraf\n|-activate|p1a: Farigiraf|move: Protect\n|\n|-fieldend|move: Trick Room\n|upkeep\n|turn|6\n|\n|t:|1681753119\n|move|p1b: Amoonguss|Rage Powder|p1b: Amoonguss\n|-singleturn|p1b: Amoonguss|move: Rage Powder\n|move|p2a: Dondozo|Rest|p2a: Dondozo\n|-status|p2a: Dondozo|slp|[from] move: Rest\n|-heal|p2a: Dondozo|100\/100 slp|[silent]\n|-enditem|p2a: Dondozo|Chesto Berry|[eat]\n|-curestatus|p2a: Dondozo|slp|[msg]\n|move|p1a: Farigiraf|Trick Room|p1a: Farigiraf\n|-fieldstart|move: Trick Room|[of] p1a: Farigiraf\n|\n|upkeep\n|turn|7\n|\n|t:|1681753131\n|move|p1b: Amoonguss|Pollen Puff|p1a: Farigiraf\n|-heal|p1a: Farigiraf|100\/100\n|move|p1a: Farigiraf|Hyper Voice|p2b: Tatsugiri|[spread] p2a\n|-miss|p1a: Farigiraf|p2b: Tatsugiri\n|-damage|p2a: Dondozo|67\/100\n|move|p2a: Dondozo|Wave Crash|p1a: Farigiraf\n|-damage|p1a: Farigiraf|45\/100\n|-damage|p2a: Dondozo|50\/100|[from] Recoil\n|\n|upkeep\n|turn|8\n|\n|t:|1681753143\n|move|p1b: Amoonguss|Pollen Puff|p1a: Farigiraf\n|-heal|p1a: Farigiraf|95\/100\n|move|p1a: Farigiraf|Hyper Voice|p2b: Tatsugiri|[spread] p2a\n|-miss|p1a: Farigiraf|p2b: Tatsugiri\n|-damage|p2a: Dondozo|21\/100\n|move|p2a: Dondozo|Earthquake|p1a: Farigiraf|[spread] p1a,p1b\n|-miss|p2a: Dondozo|p2b: Tatsugiri\n|-damage|p1a: Farigiraf|73\/100\n|-damage|p1b: Amoonguss|60\/100\n|\n|upkeep\n|turn|9\n|\n|t:|1681753156\n|move|p1b: Amoonguss|Spore|p2b: Tatsugiri|[miss]\n|-miss|p1b: Amoonguss|p2b: Tatsugiri\n|move|p1a: Farigiraf|Hyper Voice|p2b: Tatsugiri|[spread] p2a\n|-miss|p1a: Farigiraf|p2b: Tatsugiri\n|-damage|p2a: Dondozo|0 fnt\n|faint|p2a: Dondozo\n|\n|upkeep\n|c|\u2606your local x-9|oh\n|c|\u2606your local x-9|duh\n|c|\u2606your local x-9|lmao\n|\n|t:|1681753201\n|switch|p2a: Pawmot|Pawmot, L50, M|100\/100\n|turn|10\n|\n|t:|1681753211\n|move|p1b: Amoonguss|Pollen Puff|p2a: Pawmot\n|-resisted|p2a: Pawmot\n|-damage|p2a: Pawmot|85\/100\n|move|p1a: Farigiraf|Hyper Voice|p2b: Tatsugiri|[spread] p2a,p2b\n|-damage|p2a: Pawmot|0 fnt\n|-damage|p2b: Tatsugiri|48\/100\n|faint|p2a: Pawmot\n|move|p2b: Tatsugiri|Draco Meteor|p1b: Amoonguss\n|-damage|p1b: Amoonguss|4\/100\n|-unboost|p2b: Tatsugiri|spa|2\n|\n|-fieldend|move: Trick Room\n|upkeep\n|\n|t:|1681753224\n|switch|p2a: Gastrodon|Gastrodon, L50, M|100\/100\n|turn|11\n|\n|t:|1681753234\n|switch|p1b: Iron Hands|Iron Hands, L50|70\/100\n|move|p2b: Tatsugiri|Draco Meteor|p1b: Iron Hands\n|-damage|p1b: Iron Hands|47\/100\n|-unboost|p2b: Tatsugiri|spa|2\n|move|p2a: Gastrodon|Yawn|p1a: Farigiraf\n|-start|p1a: Farigiraf|move: Yawn|[of] p2a: Gastrodon\n|move|p1a: Farigiraf|Hyper Voice|p2b: Tatsugiri|[spread] p2a,p2b\n|-damage|p2a: Gastrodon|64\/100\n|-damage|p2b: Tatsugiri|0 fnt\n|faint|p2b: Tatsugiri\n|\n|-heal|p2a: Gastrodon|70\/100|[from] item: Leftovers\n|upkeep\n|turn|12\n|-message|Jabby12 forfeited.\n|\n|win|your local x-9\n|raw|your local x-9's rating: 1208 → 1234<\/strong> (+26 for winning)\n|raw|Jabby12's rating: 1227 → 1201<\/strong> (-26 for losing)\n|l|\u2606Jabby12\n","uploadtime":1681753254,"views":13,"p1id":"yourlocalx9","p2id":"jabby12","formatid":"gen9vgc2023regulationc","rating":1201,"private":0,"password":""}