{"id":"gen9vgc2023regulationc-1861736689","p1":"PleaseStepBro","p2":"Aegis173","format":"[Gen 9] VGC 2023 Regulation C","log":"|j|\u2606PleaseStepBro\n|j|\u2606Aegis173\n|t:|1683802257\n|gametype|doubles\n|player|p1|PleaseStepBro|102|1079\n|player|p2|Aegis173|266|1000\n|teamsize|p1|6\n|teamsize|p2|6\n|gen|9\n|tier|[Gen 9] VGC 2023 Regulation C\n|rated|\n|rule|Species Clause: Limit one of each Pok\u00e9mon\n|rule|Item Clause: Limit one of each item\n|clearpoke\n|poke|p1|Scovillain, L50, F|\n|poke|p1|Grimmsnarl, L50, M|\n|poke|p1|Iron Bundle, L50|\n|poke|p1|Iron Valiant, L50|\n|poke|p1|Garganacl, L50, M|\n|poke|p1|Great Tusk, L50|\n|poke|p2|Murkrow, L50, F|\n|poke|p2|Maushold, L50|\n|poke|p2|Armarouge, L50, F|\n|poke|p2|Indeedee-F, L50, F|\n|poke|p2|Dondozo, L50, M|\n|poke|p2|Tatsugiri, L50, M|\n|teampreview|4\n|\n|t:|1683802275\n|start\n|switch|p1a: Grimmsnarl|Grimmsnarl, L50, M|100\/100\n|switch|p1b: Iron Bundle|Iron Bundle, L50|100\/100\n|switch|p2a: Dondozo|Dondozo, L50, M|100\/100\n|switch|p2b: Tatsugiri|Tatsugiri, L50, M|100\/100\n|-activate|p2b: Tatsugiri|ability: Commander|[of] p2a: Dondozo\n|-boost|p2a: Dondozo|atk|2\n|-boost|p2a: Dondozo|spa|2\n|-boost|p2a: Dondozo|spe|2\n|-boost|p2a: Dondozo|def|2\n|-boost|p2a: Dondozo|spd|2\n|turn|1\n|\n|t:|1683802328\n|move|p1a: Grimmsnarl|Reflect|p1a: Grimmsnarl\n|-sidestart|p1: PleaseStepBro|Reflect\n|move|p1b: Iron Bundle|Freeze-Dry|p2a: Dondozo\n|-supereffective|p2a: Dondozo\n|-damage|p2a: Dondozo|49\/100\n|move|p2a: Dondozo|Heavy Slam|p1a: Grimmsnarl\n|-supereffective|p1a: Grimmsnarl\n|-damage|p1a: Grimmsnarl|22\/100\n|\n|-heal|p2a: Dondozo|55\/100|[from] item: Leftovers\n|upkeep\n|turn|2\n|inactive|Battle timer is ON: inactive players will automatically lose when time's up. (requested by Aegis173)\n|\n|t:|1683802346\n|-terastallize|p1b: Iron Bundle|Ice\n|move|p2a: Dondozo|Protect|p2a: Dondozo\n|-singleturn|p2a: Dondozo|Protect\n|move|p1a: Grimmsnarl|Light Screen|p1a: Grimmsnarl\n|-sidestart|p1: PleaseStepBro|move: Light Screen\n|move|p1b: Iron Bundle|Freeze-Dry|p2a: Dondozo\n|-activate|p2a: Dondozo|move: Protect\n|\n|-heal|p2a: Dondozo|62\/100|[from] item: Leftovers\n|upkeep\n|turn|3\n|\n|t:|1683802356\n|move|p1a: Grimmsnarl|Taunt|p2b: Tatsugiri|[miss]\n|-miss|p1a: Grimmsnarl|p2b: Tatsugiri\n|move|p1b: Iron Bundle|Freeze-Dry|p2a: Dondozo\n|-supereffective|p2a: Dondozo\n|-damage|p2a: Dondozo|0 fnt\n|faint|p2a: Dondozo\n|\n|upkeep\n|\n|t:|1683802369\n|switch|p2a: Maushold|Maushold, L50|100\/100\n|turn|4\n|\n|t:|1683802375\n|move|p2a: Maushold|Protect|p2a: Maushold\n|-singleturn|p2a: Maushold|Protect\n|move|p1b: Iron Bundle|Freeze-Dry|p2b: Tatsugiri\n|-supereffective|p2b: Tatsugiri\n|-damage|p2b: Tatsugiri|0 fnt\n|faint|p2b: Tatsugiri\n|move|p1a: Grimmsnarl|Play Rough|p2a: Maushold\n|-activate|p2a: Maushold|move: Protect\n|\n|upkeep\n|\n|t:|1683802382\n|switch|p2b: Murkrow|Murkrow, L50, F|100\/100\n|turn|5\n|\n|t:|1683802389\n|move|p2b: Murkrow|Tailwind|p2b: Murkrow\n|-sidestart|p2: Aegis173|move: Tailwind\n|move|p2a: Maushold|Population Bomb|p1b: Iron Bundle\n|-damage|p1b: Iron Bundle|94\/100\n|-damage|p1b: Iron Bundle|86\/100\n|-damage|p1b: Iron Bundle|79\/100\n|-damage|p1b: Iron Bundle|72\/100\n|-damage|p1b: Iron Bundle|65\/100\n|-damage|p1b: Iron Bundle|57\/100\n|-damage|p1b: Iron Bundle|49\/100\n|-damage|p1b: Iron Bundle|42\/100\n|-damage|p1b: Iron Bundle|34\/100\n|-damage|p1b: Iron Bundle|26\/100\n|-hitcount|p1b: Iron Bundle|10\n|move|p1b: Iron Bundle|Freeze-Dry|p2b: Murkrow\n|-supereffective|p2b: Murkrow\n|-enditem|p2b: Murkrow|Focus Sash\n|-damage|p2b: Murkrow|1\/100\n|move|p1a: Grimmsnarl|Play Rough|p2a: Maushold\n|-damage|p2a: Maushold|54\/100\n|\n|upkeep\n|turn|6\n|inactive|Aegis173 has 30 seconds left.\n|\n|t:|1683802416\n|move|p2b: Murkrow|Protect|p2b: Murkrow\n|-singleturn|p2b: Murkrow|Protect\n|move|p2a: Maushold|Population Bomb|p1b: Iron Bundle\n|-damage|p1b: Iron Bundle|19\/100\n|-damage|p1b: Iron Bundle|11\/100\n|-damage|p1b: Iron Bundle|4\/100\n|-damage|p1b: Iron Bundle|0 fnt\n|faint|p1b: Iron Bundle\n|-end|p1b: Iron Bundle|Quark Drive|[silent]\n|-hitcount|p1: Iron Bundle|4\n|move|p1a: Grimmsnarl|Play Rough|p2a: Maushold\n|-damage|p2a: Maushold|2\/100\n|-unboost|p2a: Maushold|atk|1\n|\n|upkeep\n|\n|t:|1683802420\n|switch|p1b: Iron Valiant|Iron Valiant, L50|100\/100\n|-enditem|p1b: Iron Valiant|Booster Energy\n|-activate|p1b: Iron Valiant|ability: Quark Drive|[fromitem]\n|-start|p1b: Iron Valiant|quarkdrivespe\n|turn|7\n|\n|t:|1683802445\n|move|p1b: Iron Valiant|Shadow Sneak|p2b: Murkrow\n|-resisted|p2b: Murkrow\n|-damage|p2b: Murkrow|0 fnt\n|faint|p2b: Murkrow\n|move|p2a: Maushold|Population Bomb|p1b: Iron Valiant\n|-damage|p1b: Iron Valiant|95\/100\n|-damage|p1b: Iron Valiant|90\/100\n|-damage|p1b: Iron Valiant|84\/100\n|-damage|p1b: Iron Valiant|79\/100\n|-damage|p1b: Iron Valiant|74\/100\n|-damage|p1b: Iron Valiant|68\/100\n|-damage|p1b: Iron Valiant|63\/100\n|-damage|p1b: Iron Valiant|58\/100\n|-damage|p1b: Iron Valiant|52\/100\n|-damage|p1b: Iron Valiant|47\/100\n|-hitcount|p1b: Iron Valiant|10\n|move|p1a: Grimmsnarl|Play Rough|p2a: Maushold\n|-damage|p2a: Maushold|0 fnt\n|faint|p2a: Maushold\n|\n|win|PleaseStepBro\n|raw|PleaseStepBro's rating: 1079 → 1101<\/strong> (+22 for winning)\n|raw|Aegis173's rating: 1000 → 1000<\/strong> (+0 for losing)\n|l|\u2606Aegis173\n|c|\u2606PleaseStepBro|gg\n","uploadtime":1683802464,"views":13,"p1id":"pleasestepbro","p2id":"aegis173","formatid":"gen9vgc2023regulationc","rating":1000,"private":0,"password":""}