{"id":"gen9vgc2023regulationc-1859677641","p1":"bgcfranky","p2":"ani kabab","format":"[Gen 9] VGC 2023 Regulation C","log":"|j|\u2606bgcfranky\n|j|\u2606ani kabab\n|t:|1683555282\n|gametype|doubles\n|player|p1|bgcfranky|rocketgrunt|1191\n|player|p2|ani kabab|volkner|1127\n|teamsize|p1|6\n|teamsize|p2|6\n|gen|9\n|tier|[Gen 9] VGC 2023 Regulation C\n|rated|\n|rule|Species Clause: Limit one of each Pok\u00e9mon\n|rule|Item Clause: Limit one of each item\n|clearpoke\n|poke|p1|Volcarona, L50, F|\n|poke|p1|Wo-Chien, L50|\n|poke|p1|Grimmsnarl, L50, M|\n|poke|p1|Iron Hands, L50|\n|poke|p1|Slowking, L50, M|\n|poke|p1|Salamence, L50, M|\n|poke|p2|Murkrow, L50, M|\n|poke|p2|Iron Hands, L50|\n|poke|p2|Ting-Lu, L50|\n|poke|p2|Scizor, L50, M|\n|poke|p2|Salamence, L50, M|\n|poke|p2|Flutter Mane, L50|\n|teampreview|4\n|inactive|Battle timer is ON: inactive players will automatically lose when time's up. (requested by ani kabab)\n|\n|t:|1683555351\n|start\n|switch|p1a: Volcarona|Volcarona, L50, F|100\/100\n|switch|p1b: Wo-Chien|Wo-Chien, L50|100\/100\n|switch|p2a: Flutter Mane|Flutter Mane, L50|100\/100\n|switch|p2b: Iron Hands|Iron Hands, L50|100\/100\n|-ability|p1b: Wo-Chien|Tablets of Ruin\n|turn|1\n|inactive|ani kabab has 30 seconds left.\n|\n|t:|1683555381\n|-terastallize|p1b: Wo-Chien|Poison\n|move|p1a: Volcarona|Protect|p1a: Volcarona\n|-singleturn|p1a: Volcarona|Protect\n|move|p2b: Iron Hands|Fake Out|p1a: Volcarona\n|-activate|p1a: Volcarona|move: Protect\n|move|p2a: Flutter Mane|Mystical Fire|p1b: Wo-Chien\n|-damage|p1b: Wo-Chien|86\/100\n|-unboost|p1b: Wo-Chien|spa|1\n|move|p1b: Wo-Chien|Mud-Slap|p2b: Iron Hands\n|-supereffective|p2b: Iron Hands\n|-damage|p2b: Iron Hands|94\/100\n|-unboost|p2b: Iron Hands|accuracy|1\n|\n|upkeep\n|turn|2\n|inactive|bgcfranky has 30 seconds left.\n|\n|t:|1683555407\n|move|p2a: Flutter Mane|Mystical Fire|p1a: Volcarona|[miss]\n|-miss|p2a: Flutter Mane|p1a: Volcarona\n|move|p1a: Volcarona|Quiver Dance|p1a: Volcarona\n|-boost|p1a: Volcarona|spa|1\n|-boost|p1a: Volcarona|spd|1\n|-boost|p1a: Volcarona|spe|1\n|move|p1b: Wo-Chien|Knock Off|p2b: Iron Hands\n|-resisted|p2b: Iron Hands\n|-damage|p2b: Iron Hands|86\/100\n|-enditem|p2b: Iron Hands|Sitrus Berry|[from] move: Knock Off|[of] p1b: Wo-Chien\n|move|p2b: Iron Hands|Thunder Punch|p1a: Volcarona|[miss]\n|-miss|p2b: Iron Hands|p1a: Volcarona\n|\n|upkeep\n|turn|3\n|inactive|bgcfranky has 30 seconds left.\n|inactive|bgcfranky has 20 seconds left.\n|\n|t:|1683555446\n|move|p2a: Flutter Mane|Mystical Fire|p1a: Volcarona\n|-damage|p1a: Volcarona|85\/100\n|-unboost|p1a: Volcarona|spa|1\n|move|p1a: Volcarona|Fiery Dance|p2b: Iron Hands\n|-damage|p2b: Iron Hands|48\/100\n|-boost|p1a: Volcarona|spa|1\n|move|p1b: Wo-Chien|Mud-Slap|p2a: Flutter Mane\n|-damage|p2a: Flutter Mane|97\/100\n|-unboost|p2a: Flutter Mane|accuracy|1\n|move|p2b: Iron Hands|Thunder Punch|p1a: Volcarona|[miss]\n|-miss|p2b: Iron Hands|p1a: Volcarona\n|\n|upkeep\n|turn|4\n|\n|t:|1683555469\n|move|p2a: Flutter Mane|Shadow Ball|p1b: Wo-Chien|[miss]\n|-miss|p2a: Flutter Mane|p1b: Wo-Chien\n|move|p1a: Volcarona|Fiery Dance|p2a: Flutter Mane\n|-damage|p2a: Flutter Mane|31\/100\n|move|p1b: Wo-Chien|Knock Off|p2a: Flutter Mane\n|-damage|p2a: Flutter Mane|0 fnt\n|-enditem|p2a: Flutter Mane|Focus Sash|[from] move: Knock Off|[of] p1b: Wo-Chien\n|faint|p2a: Flutter Mane\n|-end|p2a: Flutter Mane|Protosynthesis|[silent]\n|move|p2b: Iron Hands|Thunder Punch|p1b: Wo-Chien\n|-damage|p1b: Wo-Chien|61\/100\n|\n|upkeep\n|\n|t:|1683555481\n|switch|p2a: Ting-Lu|Ting-Lu, L50|100\/100\n|-ability|p2a: Ting-Lu|Vessel of Ruin\n|turn|5\n|\n|t:|1683555492\n|-end|p2b: Iron Hands|Quark Drive|[silent]\n|switch|p2b: Scizor|Scizor, L50, M, shiny|100\/100\n|move|p1a: Volcarona|Protect|p1a: Volcarona\n|-singleturn|p1a: Volcarona|Protect\n|move|p1b: Wo-Chien|Ruination|p2a: Ting-Lu\n|-damage|p2a: Ting-Lu|51\/100\n|move|p2a: Ting-Lu|Fissure|p1a: Volcarona\n|-activate|p1a: Volcarona|move: Protect\n|\n|upkeep\n|turn|6\n|\n|t:|1683555515\n|move|p2b: Scizor|Protect|p2b: Scizor\n|-singleturn|p2b: Scizor|Protect\n|move|p1a: Volcarona|Fiery Dance|p2b: Scizor\n|-activate|p2b: Scizor|move: Protect\n|move|p1b: Wo-Chien|Mud-Slap|p2a: Ting-Lu\n|-damage|p2a: Ting-Lu|49\/100\n|-unboost|p2a: Ting-Lu|accuracy|1\n|move|p2a: Ting-Lu|Fissure|p1a: Volcarona\n|-damage|p1a: Volcarona|0 fnt\n|faint|p1a: Volcarona\n|-ohko\n|\n|upkeep\n|\n|t:|1683555534\n|switch|p1a: Iron Hands|Iron Hands, L50|100\/100\n|turn|7\n|inactive|bgcfranky has 30 seconds left.\n|\n|t:|1683555560\n|move|p1a: Iron Hands|Fake Out|p2b: Scizor\n|-resisted|p2b: Scizor\n|-damage|p2b: Scizor|95\/100\n|cant|p2b: Scizor|flinch\n|move|p1b: Wo-Chien|Mud-Slap|p2b: Scizor\n|-damage|p2b: Scizor|93\/100\n|move|p2a: Ting-Lu|Fissure|p1b: Wo-Chien\n|-damage|p1b: Wo-Chien|0 fnt\n|faint|p1b: Wo-Chien\n|-ohko\n|\n|upkeep\n|\n|t:|1683555572\n|switch|p1b: Grimmsnarl|Grimmsnarl, L50, M, shiny|100\/100\n|turn|8\n|inactive|bgcfranky has 30 seconds left.\n|\n|t:|1683555601\n|move|p1b: Grimmsnarl|Fake Out|p2b: Scizor\n|-resisted|p2b: Scizor\n|-damage|p2b: Scizor|86\/100\n|cant|p2b: Scizor|flinch\n|move|p1a: Iron Hands|Belly Drum|p1a: Iron Hands\n|-damage|p1a: Iron Hands|51\/100\n|-setboost|p1a: Iron Hands|atk|6|[from] move: Belly Drum\n|move|p2a: Ting-Lu|Fissure|p1a: Iron Hands|[miss]\n|-miss|p2a: Ting-Lu|p1a: Iron Hands\n|\n|upkeep\n|turn|9\n|\n|t:|1683555623\n|-terastallize|p2b: Scizor|Steel\n|move|p2b: Scizor|Bullet Punch|p1b: Grimmsnarl\n|-supereffective|p1b: Grimmsnarl\n|-damage|p1b: Grimmsnarl|15\/100\n|move|p1b: Grimmsnarl|Parting Shot|p2b: Scizor\n|-fail|p2b: Scizor|unboost|[from] item: Clear Amulet|[of] p2b: Scizor\n|move|p1a: Iron Hands|Drain Punch|p2a: Ting-Lu\n|-supereffective|p2a: Ting-Lu\n|-damage|p2a: Ting-Lu|0 fnt\n|-heal|p1a: Iron Hands|73\/100|[from] drain|[of] p2a: Ting-Lu\n|faint|p2a: Ting-Lu\n|\n|upkeep\n|\n|t:|1683555634\n|switch|p2a: Iron Hands|Iron Hands, L50|48\/100\n|turn|10\n|\n|t:|1683555654\n|move|p2a: Iron Hands|Fake Out|p1a: Iron Hands\n|-damage|p1a: Iron Hands|63\/100\n|move|p2b: Scizor|Bullet Punch|p1b: Grimmsnarl\n|-supereffective|p1b: Grimmsnarl\n|-damage|p1b: Grimmsnarl|0 fnt\n|faint|p1b: Grimmsnarl\n|cant|p1a: Iron Hands|flinch\n|\n|upkeep\n|turn|11\n|\n|t:|1683555667\n|move|p2b: Scizor|Protect|p2b: Scizor\n|-singleturn|p2b: Scizor|Protect\n|move|p2a: Iron Hands|Drain Punch|p1a: Iron Hands\n|-damage|p1a: Iron Hands|35\/100\n|-heal|p2a: Iron Hands|61\/100|[from] drain|[of] p1a: Iron Hands\n|-enditem|p1a: Iron Hands|Sitrus Berry|[eat]\n|-heal|p1a: Iron Hands|60\/100|[from] item: Sitrus Berry\n|move|p1a: Iron Hands|Drain Punch|p2a: Iron Hands\n|-damage|p2a: Iron Hands|0 fnt\n|-heal|p1a: Iron Hands|91\/100|[from] drain|[of] p2a: Iron Hands\n|faint|p2a: Iron Hands\n|-end|p2a: Iron Hands|Quark Drive|[silent]\n|\n|upkeep\n|turn|12\n|\n|t:|1683555683\n|move|p2b: Scizor|Bullet Punch|p1a: Iron Hands\n|-resisted|p1a: Iron Hands\n|-damage|p1a: Iron Hands|79\/100\n|move|p1a: Iron Hands|Drain Punch|p2b: Scizor\n|-supereffective|p2b: Scizor\n|-damage|p2b: Scizor|0 fnt\n|-heal|p1a: Iron Hands|100\/100|[from] drain|[of] p2b: Scizor\n|faint|p2b: Scizor\n|\n|win|bgcfranky\n|raw|bgcfranky's rating: 1191 → 1211<\/strong> (+20 for winning)\n|raw|ani kabab's rating: 1127 → 1107<\/strong> (-20 for losing)\n|l|\u2606ani kabab\n","uploadtime":1683555694,"views":8,"p1id":"bgcfranky","p2id":"anikabab","formatid":"gen9vgc2023regulationc","rating":1107,"private":0,"password":""}