{"id":"gen9vgc2023regulationc-1852372293","p1":"Koodaloo","p2":"anshar_training","format":"[Gen 9] VGC 2023 Regulation C","log":"|j|\u2606Koodaloo\n|j|\u2606anshar_training\n|t:|1682549526\n|gametype|doubles\n|player|p1|Koodaloo|266|1086\n|player|p2|anshar_training|colress|1000\n|teamsize|p1|6\n|teamsize|p2|6\n|gen|9\n|tier|[Gen 9] VGC 2023 Regulation C\n|rated|\n|rule|Species Clause: Limit one of each Pok\u00e9mon\n|rule|Item Clause: Limit one of each item\n|clearpoke\n|poke|p1|Chi-Yu, L50|\n|poke|p1|Dachsbun, L50, M|\n|poke|p1|Dragonite, L50, F|\n|poke|p1|Flutter Mane, L50|\n|poke|p1|Azumarill, L50, F|\n|poke|p1|Chien-Pao, L50|\n|poke|p2|Palafin, L50, M|\n|poke|p2|Flutter Mane, L50|\n|poke|p2|Arcanine, L50, M|\n|poke|p2|Amoonguss, L50, F|\n|poke|p2|Ting-Lu, L50|\n|poke|p2|Roaring Moon, L50|\n|teampreview|4\n|inactive|Battle timer is ON: inactive players will automatically lose when time's up. (requested by anshar_training)\n|inactive|anshar_training has 60 seconds left.\n|\n|t:|1682549566\n|start\n|switch|p1a: Chi-Yu|Chi-Yu, L50|100\/100\n|switch|p1b: Flutter Mane|Flutter Mane, L50|100\/100\n|switch|p2a: PlusUltra|Palafin, L50, M|100\/100\n|switch|p2b: Apolo|Arcanine, L50, M|100\/100\n|-ability|p1a: Chi-Yu|Beads of Ruin\n|-ability|p2b: Apolo|Intimidate|boost\n|-unboost|p1a: Chi-Yu|atk|1\n|-unboost|p1b: Flutter Mane|atk|1\n|-enditem|p1b: Flutter Mane|Booster Energy\n|-activate|p1b: Flutter Mane|ability: Protosynthesis|[fromitem]\n|-start|p1b: Flutter Mane|protosynthesisspe\n|turn|1\n|inactive|anshar_training has 30 seconds left.\n|inactive|anshar_training has 20 seconds left.\n|\n|t:|1682549603\n|detailschange|p2a: PlusUltra|Palafin-Hero, L50, M\n|switch|p2a: Good Soup|Ting-Lu, L50|100\/100\n|-ability|p2a: Good Soup|Vessel of Ruin\n|-terastallize|p1a: Chi-Yu|Ghost\n|move|p2b: Apolo|Extreme Speed|p1a: Chi-Yu\n|-immune|p1a: Chi-Yu\n|move|p1b: Flutter Mane|Shadow Ball|p2a: Good Soup\n|-resisted|p2a: Good Soup\n|-damage|p2a: Good Soup|90\/100\n|-unboost|p2a: Good Soup|spd|1\n|move|p1a: Chi-Yu|Dark Pulse|p2a: Good Soup\n|-resisted|p2a: Good Soup\n|-damage|p2a: Good Soup|73\/100\n|\n|upkeep\n|turn|2\n|inactive|anshar_training has 30 seconds left.\n|\n|t:|1682549632\n|move|p1b: Flutter Mane|Dazzling Gleam|p2a: Good Soup|[spread] p2a,p2b\n|-supereffective|p2a: Good Soup\n|-resisted|p2b: Apolo\n|-crit|p2b: Apolo\n|-damage|p2a: Good Soup|26\/100\n|-damage|p2b: Apolo|74\/100\n|move|p1a: Chi-Yu|Dark Pulse|p2b: Apolo\n|-damage|p2b: Apolo|30\/100\n|move|p2b: Apolo|Flare Blitz|p1a: Chi-Yu\n|-damage|p1a: Chi-Yu|16\/100\n|-damage|p2b: Apolo|11\/100|[from] Recoil\n|move|p2a: Good Soup|Ruination|p1b: Flutter Mane|[miss]\n|-miss|p2a: Good Soup|p1b: Flutter Mane\n|\n|upkeep\n|turn|3\n|inactive|Koodaloo has 30 seconds left.\n|inactive|anshar_training has 30 seconds left.\n|\n|t:|1682549663\n|move|p2b: Apolo|Protect|p2b: Apolo\n|-singleturn|p2b: Apolo|Protect\n|move|p1b: Flutter Mane|Dazzling Gleam|p2a: Good Soup|[spread] p2a\n|-activate|p2b: Apolo|move: Protect\n|-supereffective|p2a: Good Soup\n|-damage|p2a: Good Soup|0 fnt\n|faint|p2a: Good Soup\n|move|p1a: Chi-Yu|Dark Pulse|p2b: Apolo\n|-activate|p2b: Apolo|move: Protect\n|\n|upkeep\n|\n|t:|1682549678\n|switch|p2a: Cornelia|Flutter Mane, L50|100\/100\n|turn|4\n|\n|t:|1682549695\n|switch|p2b: PlusUltra|Palafin-Hero, L50, M|100\/100\n|-activate|p2b: PlusUltra|ability: Zero to Hero\n|-terastallize|p2a: Cornelia|Fairy\n|move|p1b: Flutter Mane|Shadow Ball|p2a: Cornelia\n|-damage|p2a: Cornelia|49\/100\n|-unboost|p2a: Cornelia|spd|1\n|move|p1a: Chi-Yu|Dark Pulse|p2b: PlusUltra\n|-damage|p2b: PlusUltra|44\/100\n|move|p2a: Cornelia|Dazzling Gleam|p1a: Chi-Yu|[spread] p1a,p1b\n|-damage|p1a: Chi-Yu|0 fnt\n|-damage|p1b: Flutter Mane|20\/100\n|faint|p1a: Chi-Yu\n|\n|upkeep\n|\n|t:|1682549714\n|switch|p1a: Dragonite|Dragonite, L50, F|100\/100\n|turn|5\n|\n|t:|1682549732\n|move|p1a: Dragonite|Extreme Speed|p2b: PlusUltra\n|-damage|p2b: PlusUltra|13\/100\n|move|p2b: PlusUltra|Jet Punch|p1b: Flutter Mane\n|-crit|p1b: Flutter Mane\n|-damage|p1b: Flutter Mane|0 fnt\n|faint|p1b: Flutter Mane\n|-end|p1b: Flutter Mane|Protosynthesis|[silent]\n|move|p2a: Cornelia|Dazzling Gleam|p1a: Dragonite\n|-supereffective|p1a: Dragonite\n|-damage|p1a: Dragonite|27\/100\n|\n|upkeep\n|\n|t:|1682549743\n|switch|p1b: Dachsbun|Dachsbun, L50, M|100\/100\n|turn|6\n|\n|t:|1682549761\n|move|p2b: PlusUltra|Protect|p2b: PlusUltra\n|-singleturn|p2b: PlusUltra|Protect\n|move|p1a: Dragonite|Protect|p1a: Dragonite\n|-singleturn|p1a: Dragonite|Protect\n|move|p2a: Cornelia|Dazzling Gleam|p1b: Dachsbun|[spread] p1b\n|-activate|p1a: Dragonite|move: Protect\n|-damage|p1b: Dachsbun|44\/100\n|move|p1b: Dachsbun|Body Press|p2b: PlusUltra\n|-activate|p2b: PlusUltra|move: Protect\n|\n|-heal|p1b: Dachsbun|50\/100|[from] item: Leftovers\n|upkeep\n|turn|7\n|\n|t:|1682549780\n|move|p2b: PlusUltra|Jet Punch|p1a: Dragonite\n|-resisted|p1a: Dragonite\n|-damage|p1a: Dragonite|4\/100\n|move|p2a: Cornelia|Dazzling Gleam|p1a: Dragonite|[spread] p1a,p1b\n|-supereffective|p1a: Dragonite\n|-damage|p1a: Dragonite|0 fnt\n|-damage|p1b: Dachsbun|0 fnt\n|faint|p1a: Dragonite\n|faint|p1b: Dachsbun\n|\n|win|anshar_training\n|raw|Koodaloo's rating: 1086 → 1058<\/strong> (-28 for losing)\n|raw|anshar_training's rating: 1000 → 1050<\/strong> (+50 for winning)\n","uploadtime":1682549790,"views":16,"p1id":"koodaloo","p2id":"anshartraining","formatid":"gen9vgc2023regulationc","rating":1050,"private":0,"password":""}