{"id":"gen9vgc2023regulationc-1860410120","p1":"Bambambi","p2":"Arweinyddiaeth","format":"[Gen 9] VGC 2023 Regulation C","log":"|j|\u2606Bambambi\n|j|\u2606Arweinyddiaeth\n|t:|1683641774\n|gametype|doubles\n|player|p1|Bambambi|wallace-gen6|1041\n|player|p2|Arweinyddiaeth|ethan|1110\n|teamsize|p1|6\n|teamsize|p2|6\n|gen|9\n|tier|[Gen 9] VGC 2023 Regulation C\n|rated|\n|rule|Species Clause: Limit one of each Pok\u00e9mon\n|rule|Item Clause: Limit one of each item\n|clearpoke\n|poke|p1|Flutter Mane, L50|\n|poke|p1|Gothitelle, L50, F|\n|poke|p1|Scream Tail, L50|\n|poke|p1|Chi-Yu, L50|\n|poke|p1|Murkrow, L50, F|\n|poke|p1|Great Tusk, L50|\n|poke|p2|Amoonguss, L50, F|\n|poke|p2|Arcanine, L50, M|\n|poke|p2|Palafin, L50, F|\n|poke|p2|Chien-Pao, L50|\n|poke|p2|Dragonite, L50, M|\n|poke|p2|Flutter Mane, L50|\n|teampreview|4\n|inactive|Battle timer is ON: inactive players will automatically lose when time's up. (requested by Arweinyddiaeth)\n|inactive|Arweinyddiaeth has 60 seconds left.\n|\n|t:|1683641806\n|start\n|switch|p1a: Mr. God|Murkrow, L50, F, shiny|100\/100\n|switch|p1b: Great Tusk|Great Tusk, L50|100\/100\n|switch|p2a: Amoonguss|Amoonguss, L50, F|100\/100\n|switch|p2b: Arcanine|Arcanine, L50, M|100\/100\n|-ability|p2b: Arcanine|Intimidate|boost\n|-unboost|p1a: Mr. God|atk|1\n|-unboost|p1b: Great Tusk|atk|1\n|turn|1\n|\n|t:|1683641821\n|-end|p1b: Great Tusk|Protosynthesis|[silent]\n|switch|p1b: Ironmouse|Gothitelle, L50, F, shiny|100\/100\n|switch|p2a: Dragonite|Dragonite, L50, M|100\/100\n|-terastallize|p2b: Arcanine|Flying\n|move|p1a: Mr. God|Perish Song|p1a: Mr. God\n|-start|p1a: Mr. God|perish3|[silent]\n|-start|p1b: Ironmouse|perish3|[silent]\n|-start|p2a: Dragonite|perish3|[silent]\n|-start|p2b: Arcanine|perish3|[silent]\n|-fieldactivate|move: Perish Song\n|move|p2b: Arcanine|Howl|p2b: Arcanine|[spread] p2a,p2b\n|-boost|p2a: Dragonite|atk|1\n|-boost|p2b: Arcanine|atk|1\n|\n|-start|p2b: Arcanine|perish3\n|-start|p1a: Mr. God|perish3\n|-start|p2a: Dragonite|perish3\n|-start|p1b: Ironmouse|perish3\n|upkeep\n|turn|2\n|inactive|Bambambi has 30 seconds left.\n|inactive|Arweinyddiaeth has 30 seconds left.\n|\n|t:|1683641854\n|-terastallize|p1b: Ironmouse|Steel\n|move|p1a: Mr. God|Protect|p1a: Mr. God\n|-singleturn|p1a: Mr. God|Protect\n|move|p1b: Ironmouse|Fake Out|p2b: Arcanine\n|-damage|p2b: Arcanine|95\/100\n|cant|p2b: Arcanine|flinch\n|move|p2a: Dragonite|Dragon Claw|p1b: Ironmouse\n|-resisted|p1b: Ironmouse\n|-damage|p1b: Ironmouse|56\/100\n|\n|-start|p2b: Arcanine|perish2\n|-start|p1a: Mr. God|perish2\n|-start|p2a: Dragonite|perish2\n|-start|p1b: Ironmouse|perish2\n|upkeep\n|turn|3\n|\n|t:|1683641875\n|move|p1a: Mr. God|Tailwind|p1a: Mr. God\n|-sidestart|p1: Bambambi|move: Tailwind\n|move|p1b: Ironmouse|Reflect|p1b: Ironmouse\n|-sidestart|p1: Bambambi|Reflect\n|move|p2b: Arcanine|Flare Blitz|p1b: Ironmouse\n|-supereffective|p1b: Ironmouse\n|-damage|p1b: Ironmouse|0 fnt\n|faint|p1b: Ironmouse\n|-damage|p2b: Arcanine|78\/100|[from] Recoil\n|move|p2a: Dragonite|Dragon Claw|p1a: Mr. God\n|-damage|p1a: Mr. God|29\/100\n|\n|-start|p1a: Mr. God|perish1\n|-start|p2b: Arcanine|perish1\n|-start|p2a: Dragonite|perish1\n|upkeep\n|\n|t:|1683641885\n|switch|p1b: Pearls|Flutter Mane, L50, shiny|100\/100\n|turn|4\n|\n|t:|1683641893\n|switch|p2b: Chien-Pao|Chien-Pao, L50|100\/100\n|-ability|p2b: Chien-Pao|Sword of Ruin\n|switch|p2a: Amoonguss|Amoonguss, L50, F|100\/100\n|move|p1b: Pearls|Dazzling Gleam|p2b: Chien-Pao|[spread] p2a,p2b\n|-resisted|p2a: Amoonguss\n|-supereffective|p2b: Chien-Pao\n|-damage|p2a: Amoonguss|86\/100\n|-enditem|p2b: Chien-Pao|Focus Sash\n|-damage|p2b: Chien-Pao|1\/100\n|move|p1a: Mr. God|Foul Play|p2b: Chien-Pao\n|-resisted|p2b: Chien-Pao\n|-crit|p2b: Chien-Pao\n|-damage|p2b: Chien-Pao|0 fnt\n|faint|p2b: Chien-Pao\n|\n|-start|p1a: Mr. God|perish0\n|faint|p1a: Mr. God\n|upkeep\n|\n|t:|1683641906\n|switch|p2b: Dragonite|Dragonite, L50, M|100\/100\n|switch|p1a: Great Tusk|Great Tusk, L50|100\/100\n|turn|5\n|\n|t:|1683641926\n|move|p1b: Pearls|Dazzling Gleam|p2a: Amoonguss|[spread] p2a,p2b\n|-resisted|p2a: Amoonguss\n|-supereffective|p2b: Dragonite\n|-damage|p2a: Amoonguss|73\/100\n|-damage|p2b: Dragonite|43\/100\n|move|p1a: Great Tusk|Headlong Rush|p2a: Amoonguss\n|-damage|p2a: Amoonguss|23\/100\n|-unboost|p1a: Great Tusk|def|1\n|-unboost|p1a: Great Tusk|spd|1\n|-enditem|p2a: Amoonguss|Sitrus Berry|[eat]\n|-heal|p2a: Amoonguss|48\/100|[from] item: Sitrus Berry\n|move|p2b: Dragonite|Earthquake|p1b: Pearls|[spread] p2a,p1a,p1b\n|-damage|p2a: Amoonguss|9\/100\n|-damage|p1a: Great Tusk|69\/100\n|-damage|p1b: Pearls|37\/100\n|move|p2a: Amoonguss|Spore|p1a: Great Tusk\n|-status|p1a: Great Tusk|slp|[from] move: Spore\n|\n|upkeep\n|turn|6\n|inactive|Arweinyddiaeth has 30 seconds left.\n|\n|t:|1683641958\n|switch|p2a: Arcanine|Arcanine, L50, M, tera:Flying|78\/100\n|-ability|p2a: Arcanine|Intimidate|boost\n|-unboost|p1a: Great Tusk|atk|1\n|-unboost|p1b: Pearls|atk|1\n|cant|p1a: Great Tusk|slp\n|move|p1b: Pearls|Dazzling Gleam|p2b: Dragonite|[spread] p2a,p2b\n|-supereffective|p2b: Dragonite\n|-damage|p2a: Arcanine|42\/100\n|-damage|p2b: Dragonite|0 fnt\n|faint|p2b: Dragonite\n|\n|-sideend|p1: Bambambi|move: Tailwind\n|upkeep\n|\n|t:|1683641966\n|switch|p2b: Amoonguss|Amoonguss, L50, F|42\/100\n|turn|7\n|\n|t:|1683641982\n|move|p1b: Pearls|Dazzling Gleam|p2b: Amoonguss|[spread] p2a,p2b\n|-resisted|p2b: Amoonguss\n|-damage|p2a: Arcanine|3\/100\n|-damage|p2b: Amoonguss|29\/100\n|move|p2a: Arcanine|Flare Blitz|p1b: Pearls\n|-damage|p1b: Pearls|0 fnt\n|faint|p1b: Pearls\n|-end|p1b: Pearls|Protosynthesis|[silent]\n|-damage|p2a: Arcanine|0 fnt|[from] Recoil\n|faint|p2a: Arcanine\n|cant|p1a: Great Tusk|slp\n|move|p2b: Amoonguss|Pollen Puff|p2: Arcanine|[notarget]\n|-fail|p2b: Amoonguss\n|\n|-sideend|p1: Bambambi|Reflect\n|upkeep\n|turn|8\n|c|\u2606Bambambi|gg\n|\n|t:|1683641994\n|-curestatus|p1a: Great Tusk|slp|[msg]\n|move|p1a: Great Tusk|Headlong Rush|p2b: Amoonguss\n|-damage|p2b: Amoonguss|0 fnt\n|-unboost|p1a: Great Tusk|def|1\n|-unboost|p1a: Great Tusk|spd|1\n|faint|p2b: Amoonguss\n|\n|win|Bambambi\n|raw|Bambambi's rating: 1041 → 1081<\/strong> (+40 for winning)\n|raw|Arweinyddiaeth's rating: 1110 → 1080<\/strong> (-30 for losing)\n|c|\u2606Arweinyddiaeth|GG\n|l|\u2606Arweinyddiaeth\n","uploadtime":1683642005,"views":6,"p1id":"bambambi","p2id":"arweinyddiaeth","formatid":"gen9vgc2023regulationc","rating":1080,"private":0,"password":""}