{"id":"gen9vgc2023regulationc-1847612195","p1":"Gnello11","p2":"Xepher008","format":"[Gen 9] VGC 2023 Regulation C","log":"|j|\u2606Gnello11\n|j|\u2606Xepher008\n|t:|1681981868\n|gametype|doubles\n|player|p1|Gnello11|giovanni|1321\n|player|p2|Xepher008|2|1219\n|teamsize|p1|6\n|teamsize|p2|6\n|gen|9\n|tier|[Gen 9] VGC 2023 Regulation C\n|rated|\n|rule|Species Clause: Limit one of each Pok\u00e9mon\n|rule|Item Clause: Limit one of each item\n|clearpoke\n|poke|p1|Talonflame, L50, M|\n|poke|p1|Great Tusk, L50|\n|poke|p1|Chi-Yu, L50|\n|poke|p1|Flutter Mane, L50|\n|poke|p1|Dragapult, L50, M|\n|poke|p1|Chien-Pao, L50|\n|poke|p2|Flutter Mane, L50|\n|poke|p2|Gastrodon, L50, M|\n|poke|p2|Chi-Yu, L50|\n|poke|p2|Chien-Pao, L50|\n|poke|p2|Dragonite, L50, F|\n|poke|p2|Amoonguss, L50, F|\n|teampreview|4\n|\n|t:|1681981902\n|start\n|switch|p1a: Talonflame|Talonflame, L50, M|100\/100\n|switch|p1b: Flutter Mane|Flutter Mane, L50|100\/100\n|switch|p2a: Chien-Pao|Chien-Pao, L50|100\/100\n|switch|p2b: Dragonite|Dragonite, L50, F|100\/100\n|-ability|p2a: Chien-Pao|Sword of Ruin\n|-enditem|p1b: Flutter Mane|Booster Energy\n|-activate|p1b: Flutter Mane|ability: Protosynthesis|[fromitem]\n|-start|p1b: Flutter Mane|protosynthesisspa\n|turn|1\n|\n|t:|1681981949\n|-terastallize|p2b: Dragonite|Normal\n|move|p1a: Talonflame|Tailwind|p1a: Talonflame\n|-sidestart|p1: Gnello11|move: Tailwind\n|move|p1b: Flutter Mane|Dazzling Gleam|p2b: Dragonite|[spread] p2a,p2b\n|-supereffective|p2a: Chien-Pao\n|-enditem|p2a: Chien-Pao|Focus Sash\n|-damage|p2a: Chien-Pao|1\/100\n|-damage|p2b: Dragonite|81\/100\n|move|p2a: Chien-Pao|Throat Chop|p1a: Talonflame\n|-damage|p1a: Talonflame|14\/100\n|move|p2b: Dragonite|Iron Head|p1b: Flutter Mane\n|-supereffective|p1b: Flutter Mane\n|-damage|p1b: Flutter Mane|0 fnt\n|faint|p1b: Flutter Mane\n|-end|p1b: Flutter Mane|Protosynthesis|[silent]\n|\n|upkeep\n|\n|t:|1681981968\n|switch|p1b: Chi-Yu|Chi-Yu, L50|100\/100\n|-ability|p1b: Chi-Yu|Beads of Ruin\n|turn|2\n|\n|t:|1681981990\n|switch|p2b: Amoonguss|Amoonguss, L50, F|100\/100\n|move|p2a: Chien-Pao|Protect|p2a: Chien-Pao\n|-singleturn|p2a: Chien-Pao|Protect\n|move|p1a: Talonflame|Quick Guard|p1a: Talonflame\n|-singleturn|p1a: Talonflame|Quick Guard\n|move|p1b: Chi-Yu|Heat Wave|p2a: Chien-Pao|[spread] p2b\n|-activate|p2a: Chien-Pao|move: Protect\n|-supereffective|p2b: Amoonguss\n|-damage|p2b: Amoonguss|11\/100\n|\n|upkeep\n|turn|3\n|\n|t:|1681982018\n|move|p1a: Talonflame|Quick Guard|p1a: Talonflame\n|-singleturn|p1a: Talonflame|Quick Guard\n|move|p1b: Chi-Yu|Heat Wave|p2b: Amoonguss|[spread] p2b\n|-miss|p1b: Chi-Yu|p2a: Chien-Pao\n|-supereffective|p2b: Amoonguss\n|-damage|p2b: Amoonguss|0 fnt\n|faint|p2b: Amoonguss\n|move|p2a: Chien-Pao|Sacred Sword|p1b: Chi-Yu\n|-supereffective|p1b: Chi-Yu\n|-damage|p1b: Chi-Yu|0 fnt\n|faint|p1b: Chi-Yu\n|\n|upkeep\n|\n|t:|1681982043\n|switch|p1b: Dragapult|Dragapult, L50, M|100\/100\n|switch|p2b: Dragonite|Dragonite, L50, F, tera:Normal|81\/100\n|turn|4\n|\n|t:|1681982065\n|move|p2a: Chien-Pao|Protect|p2a: Chien-Pao\n|-singleturn|p2a: Chien-Pao|Protect\n|move|p1a: Talonflame|Quick Guard|p1a: Talonflame\n|-singleturn|p1a: Talonflame|Quick Guard\n|move|p2b: Dragonite|Extreme Speed|p1a: Talonflame\n|-activate|p1a: Talonflame|move: Quick Guard\n|move|p1b: Dragapult|Dragon Darts|p2b: Dragonite\n|-damage|p2b: Dragonite|37\/100\n|-anim|p1b: Dragapult|Dragon Darts|p2b: Dragonite\n|-damage|p2b: Dragonite|0 fnt\n|faint|p2b: Dragonite\n|\n|-sideend|p1: Gnello11|move: Tailwind\n|upkeep\n|\n|t:|1681982080\n|switch|p2b: Flutter Mane|Flutter Mane, L50|100\/100\n|turn|5\n|\n|t:|1681982095\n|move|p1b: Dragapult|Dragon Darts|p2a: Chien-Pao\n|-damage|p2a: Chien-Pao|0 fnt\n|faint|p2a: Chien-Pao\n|move|p2b: Flutter Mane|Dazzling Gleam|p1b: Dragapult|[spread] p1a,p1b\n|-resisted|p1a: Talonflame\n|-supereffective|p1b: Dragapult\n|-damage|p1a: Talonflame|0 fnt\n|-damage|p1b: Dragapult|0 fnt\n|faint|p1a: Talonflame\n|faint|p1b: Dragapult\n|\n|win|Xepher008\n|raw|Gnello11's rating: 1321 → 1295<\/strong> (-26 for losing)\n|raw|Xepher008's rating: 1219 → 1251<\/strong> (+32 for winning)\n|l|\u2606Gnello11\n","uploadtime":1681982114,"views":11,"p1id":"gnello11","p2id":"xepher008","formatid":"gen9vgc2023regulationc","rating":1251,"private":0,"password":""}