{"id":"gen9vgc2023regulationc-1849406930","p1":"TigroVGC","p2":"Maxwell1315","format":"[Gen 9] VGC 2023 Regulation C","log":"|j|\u2606TigroVGC\n|j|\u2606Maxwell1315\n|t:|1682194970\n|gametype|doubles\n|player|p1|TigroVGC|blue|1165\n|player|p2|Maxwell1315|hugh|1172\n|teamsize|p1|6\n|teamsize|p2|6\n|gen|9\n|tier|[Gen 9] VGC 2023 Regulation C\n|rated|\n|rule|Species Clause: Limit one of each Pok\u00e9mon\n|rule|Item Clause: Limit one of each item\n|clearpoke\n|poke|p1|Iron Hands, L50|\n|poke|p1|Great Tusk, L50|\n|poke|p1|Farigiraf, L50, F|\n|poke|p1|Brute Bonnet, L50|\n|poke|p1|Torkoal, L50, F|\n|poke|p1|Scream Tail, L50|\n|poke|p2|Amoonguss, L50, F|\n|poke|p2|Flutter Mane, L50|\n|poke|p2|Arcanine, L50, M|\n|poke|p2|Iron Hands, L50|\n|poke|p2|Palafin, L50, M|\n|poke|p2|Ting-Lu, L50|\n|teampreview|4\n|inactive|Battle timer is ON: inactive players will automatically lose when time's up. (requested by Maxwell1315)\nMaxwell1315 has agreed to open team sheets.\n|inactive|TigroVGC has 60 seconds left.\n|inactive|Maxwell1315 has 60 seconds left.\n|\n|t:|1682195026\n|start\n|switch|p1a: Uncircumcised|Farigiraf, L50, F, shiny|100\/100\n|switch|p1b: Sunslave|Torkoal, L50, F, shiny|100\/100\n|switch|p2a: Ting-Lu|Ting-Lu, L50|100\/100\n|switch|p2b: Palafin|Palafin, L50, M|100\/100\n|-ability|p2a: Ting-Lu|Vessel of Ruin\n|-weather|SunnyDay|[from] ability: Drought|[of] p1b: Sunslave\n|turn|1\n|\n|t:|1682195051\n|detailschange|p2b: Palafin|Palafin-Hero, L50, M\n|switch|p2b: Arcanine|Arcanine, L50, M|100\/100\n|-ability|p2b: Arcanine|Intimidate|boost\n|-unboost|p1a: Uncircumcised|atk|1\n|-unboost|p1b: Sunslave|atk|1\n|move|p2a: Ting-Lu|Stomping Tantrum|p1b: Sunslave\n|-supereffective|p1b: Sunslave\n|-damage|p1b: Sunslave|60\/100\n|move|p1b: Sunslave|Solar Beam||[still]\n|-prepare|p1b: Sunslave|Solar Beam\n|-anim|p1b: Sunslave|Solar Beam|p2b: Arcanine\n|-resisted|p2b: Arcanine\n|-damage|p2b: Arcanine|82\/100\n|move|p1a: Uncircumcised|Trick Room|p1a: Uncircumcised\n|-fieldstart|move: Trick Room|[of] p1a: Uncircumcised\n|\n|-weather|SunnyDay|[upkeep]\n|upkeep\n|turn|2\n|inactive|TigroVGC has 30 seconds left.\n|inactive|Maxwell1315 has 30 seconds left.\n|inactive|TigroVGC has 20 seconds left.\n|inactive|TigroVGC has 15 seconds left.\n|\n|t:|1682195095\n|switch|p1a: Rotato|Great Tusk, L50, shiny|100\/100\n|-activate|p1a: Rotato|ability: Protosynthesis\n|-start|p1a: Rotato|protosynthesisatk\n|move|p2a: Ting-Lu|Protect|p2a: Ting-Lu\n|-singleturn|p2a: Ting-Lu|Protect\n|move|p1b: Sunslave|Solar Beam||[still]\n|-prepare|p1b: Sunslave|Solar Beam\n|-anim|p1b: Sunslave|Solar Beam|p2a: Ting-Lu\n|-activate|p2a: Ting-Lu|move: Protect\n|move|p2b: Arcanine|Snarl|p1a: Rotato|[spread] p1a,p1b\n|-resisted|p1a: Rotato\n|-damage|p1a: Rotato|98\/100\n|-damage|p1b: Sunslave|51\/100\n|-unboost|p1a: Rotato|spa|1\n|-unboost|p1b: Sunslave|spa|1\n|\n|-weather|SunnyDay|[upkeep]\n|upkeep\n|turn|3\n|inactive|TigroVGC has 30 seconds left.\n|inactive|TigroVGC has 20 seconds left.\n|inactive|Maxwell1315 has 30 seconds left.\n|inactive|TigroVGC has 15 seconds left.\n|\n|t:|1682195137\n|switch|p2a: Amoonguss|Amoonguss, L50, F|100\/100\n|move|p2b: Arcanine|Protect|p2b: Arcanine\n|-singleturn|p2b: Arcanine|Protect\n|move|p1b: Sunslave|Solar Beam||[still]\n|-prepare|p1b: Sunslave|Solar Beam\n|-anim|p1b: Sunslave|Solar Beam|p2a: Amoonguss\n|-resisted|p2a: Amoonguss\n|-damage|p2a: Amoonguss|94\/100\n|move|p1a: Rotato|Headlong Rush|p2b: Arcanine\n|-activate|p2b: Arcanine|move: Protect\n|\n|-weather|SunnyDay|[upkeep]\n|upkeep\n|turn|4\n|\n|t:|1682195160\n|switch|p1b: Ugly|Brute Bonnet, L50, shiny|100\/100\n|-activate|p1b: Ugly|ability: Protosynthesis\n|-start|p1b: Ugly|protosynthesisspd\n|switch|p2b: Ting-Lu|Ting-Lu, L50|100\/100\n|-ability|p2b: Ting-Lu|Vessel of Ruin\n|-terastallize|p2a: Amoonguss|Water\n|move|p2a: Amoonguss|Spore|p1a: Rotato\n|-status|p1a: Rotato|slp|[from] move: Spore\n|cant|p1a: Rotato|slp\n|\n|-weather|SunnyDay|[upkeep]\n|upkeep\n|turn|5\n|inactive|TigroVGC has 30 seconds left.\n|inactive|Maxwell1315 has 30 seconds left.\n|\n|t:|1682195186\n|switch|p2a: Arcanine|Arcanine, L50, M|82\/100\n|-ability|p2a: Arcanine|Intimidate|boost\n|-unboost|p1a: Rotato|atk|1\n|-unboost|p1b: Ugly|atk|1\n|-terastallize|p1a: Rotato|Ice\n|move|p2b: Ting-Lu|Body Press|p1b: Ugly\n|-supereffective|p1b: Ugly\n|-damage|p1b: Ugly|60\/100\n|move|p1b: Ugly|Spore|p2a: Arcanine\n|-status|p2a: Arcanine|slp|[from] move: Spore\n|cant|p1a: Rotato|slp\n|\n|-weather|none\n|-end|p1b: Ugly|Protosynthesis\n|-end|p1a: Rotato|Protosynthesis\n|-fieldend|move: Trick Room\n|upkeep\n|turn|6\n|\n|t:|1682195207\n|cant|p2a: Arcanine|slp\n|cant|p1a: Rotato|slp\n|move|p1b: Ugly|Spore|p2b: Ting-Lu\n|-status|p2b: Ting-Lu|slp|[from] move: Spore\n|cant|p2b: Ting-Lu|slp\n|\n|upkeep\n|turn|7\n|\n|t:|1682195223\n|switch|p2b: Amoonguss|Amoonguss, L50, F, tera:Water|100\/100\n|-curestatus|p2a: Arcanine|slp|[msg]\n|move|p2a: Arcanine|Protect|p2a: Arcanine\n|-singleturn|p2a: Arcanine|Protect\n|move|p1b: Ugly|Rage Powder|p1b: Ugly\n|-singleturn|p1b: Ugly|move: Rage Powder\n|-curestatus|p1a: Rotato|slp|[msg]\n|move|p1a: Rotato|Headlong Rush|p2a: Arcanine\n|-activate|p2a: Arcanine|move: Protect\n|\n|upkeep\n|turn|8\n|\n|t:|1682195240\n|switch|p2a: Ting-Lu|Ting-Lu, L50|100\/100 slp\n|-ability|p2a: Ting-Lu|Vessel of Ruin\n|move|p2b: Amoonguss|Protect|p2b: Amoonguss\n|-singleturn|p2b: Amoonguss|Protect\n|move|p1a: Rotato|Headlong Rush|p2a: Ting-Lu\n|-damage|p2a: Ting-Lu|77\/100 slp\n|-unboost|p1a: Rotato|def|1\n|-unboost|p1a: Rotato|spd|1\n|move|p1b: Ugly|Spore|p2b: Amoonguss\n|-activate|p2b: Amoonguss|move: Protect\n|\n|-heal|p2a: Ting-Lu|83\/100 slp|[from] item: Leftovers\n|upkeep\n|turn|9\n|\n|t:|1682195264\n|-end|p1a: Rotato|Protosynthesis|[silent]\n|switch|p1a: Sunslave|Torkoal, L50, F, shiny|51\/100\n|-weather|SunnyDay|[from] ability: Drought|[of] p1a: Sunslave\n|-activate|p1b: Ugly|ability: Protosynthesis\n|-start|p1b: Ugly|protosynthesisspd\n|switch|p2b: Arcanine|Arcanine, L50, M|82\/100\n|-ability|p2b: Arcanine|Intimidate|boost\n|-unboost|p1a: Sunslave|atk|1\n|-unboost|p1b: Ugly|atk|1\n|move|p1b: Ugly|Spore|p2b: Arcanine\n|-status|p2b: Arcanine|slp|[from] move: Spore\n|cant|p2a: Ting-Lu|slp\n|\n|-weather|SunnyDay|[upkeep]\n|-heal|p2a: Ting-Lu|90\/100 slp|[from] item: Leftovers\n|upkeep\n|turn|10\n|inactive|TigroVGC has 30 seconds left.\n|\n|t:|1682195294\n|cant|p2a: Ting-Lu|slp\n|cant|p2b: Arcanine|slp\n|move|p1b: Ugly|Spore|p2b: Arcanine\n|-fail|p2b: Arcanine|slp\n|move|p1a: Sunslave|Solar Beam||[still]\n|-prepare|p1a: Sunslave|Solar Beam\n|-anim|p1a: Sunslave|Solar Beam|p2a: Ting-Lu\n|-supereffective|p2a: Ting-Lu\n|-damage|p2a: Ting-Lu|45\/100 slp\n|\n|-weather|SunnyDay|[upkeep]\n|-heal|p2a: Ting-Lu|51\/100 slp|[from] item: Leftovers\n|upkeep\n|turn|11\n|\n|t:|1682195304\n|-curestatus|p2a: Ting-Lu|slp|[msg]\n|move|p2a: Ting-Lu|Protect|p2a: Ting-Lu\n|-singleturn|p2a: Ting-Lu|Protect\n|cant|p2b: Arcanine|slp\n|move|p1b: Ugly|Spore|p2a: Ting-Lu\n|-activate|p2a: Ting-Lu|move: Protect\n|move|p1a: Sunslave|Solar Beam||[still]\n|-prepare|p1a: Sunslave|Solar Beam\n|-anim|p1a: Sunslave|Solar Beam|p2a: Ting-Lu\n|-activate|p2a: Ting-Lu|move: Protect\n|\n|-weather|SunnyDay|[upkeep]\n|-heal|p2a: Ting-Lu|57\/100|[from] item: Leftovers\n|upkeep\n|turn|12\n|\n|t:|1682195318\n|-curestatus|p2b: Arcanine|slp|[msg]\n|move|p2b: Arcanine|Flare Blitz|p1b: Ugly\n|-supereffective|p1b: Ugly\n|-damage|p1b: Ugly|0 fnt\n|faint|p1b: Ugly\n|-end|p1b: Ugly|Protosynthesis|[silent]\n|-damage|p2b: Arcanine|59\/100|[from] Recoil\n|move|p2a: Ting-Lu|Stomping Tantrum|p1a: Sunslave\n|-supereffective|p1a: Sunslave\n|-damage|p1a: Sunslave|10\/100\n|move|p1a: Sunslave|Solar Beam||[still]\n|-prepare|p1a: Sunslave|Solar Beam\n|-anim|p1a: Sunslave|Solar Beam|p2a: Ting-Lu\n|-supereffective|p2a: Ting-Lu\n|-damage|p2a: Ting-Lu|12\/100\n|\n|-weather|SunnyDay|[upkeep]\n|-heal|p2a: Ting-Lu|18\/100|[from] item: Leftovers\n|upkeep\n|\n|t:|1682195329\n|switch|p1b: Uncircumcised|Farigiraf, L50, F, shiny|100\/100\n|turn|13\n|\n|t:|1682195343\n|switch|p2b: Amoonguss|Amoonguss, L50, F, tera:Water|100\/100\n|move|p2a: Ting-Lu|Protect|p2a: Ting-Lu\n|-singleturn|p2a: Ting-Lu|Protect\n|move|p1a: Sunslave|Solar Beam||[still]\n|-prepare|p1a: Sunslave|Solar Beam\n|-anim|p1a: Sunslave|Solar Beam|p2a: Ting-Lu\n|-activate|p2a: Ting-Lu|move: Protect\n|move|p1b: Uncircumcised|Trick Room|p1b: Uncircumcised\n|-fieldstart|move: Trick Room|[of] p1b: Uncircumcised\n|\n|-weather|none\n|-heal|p2a: Ting-Lu|24\/100|[from] item: Leftovers\n|upkeep\n|turn|14\n|\n|t:|1682195364\n|move|p1a: Sunslave|Solar Beam||[still]\n|-prepare|p1a: Sunslave|Solar Beam\n|move|p2b: Amoonguss|Spore|p1b: Uncircumcised\n|-activate|p1b: Uncircumcised|item: Safety Goggles|Spore\n|move|p2a: Ting-Lu|Body Press|p1a: Sunslave\n|-crit|p1a: Sunslave\n|-damage|p1a: Sunslave|0 fnt\n|faint|p1a: Sunslave\n|move|p1b: Uncircumcised|Hyper Voice|p2a: Ting-Lu|[spread] p2a,p2b\n|-damage|p2a: Ting-Lu|12\/100\n|-damage|p2b: Amoonguss|84\/100\n|\n|-heal|p2a: Ting-Lu|18\/100|[from] item: Leftovers\n|upkeep\n|\n|t:|1682195375\n|switch|p1a: Rotato|Great Tusk, L50, shiny, tera:Ice|98\/100\n|turn|15\n|\n|t:|1682195385\n|switch|p2a: Arcanine|Arcanine, L50, M|59\/100\n|-ability|p2a: Arcanine|Intimidate|boost\n|-unboost|p1a: Rotato|atk|1\n|-unboost|p1b: Uncircumcised|atk|1\n|move|p2b: Amoonguss|Spore|p1a: Rotato\n|-status|p1a: Rotato|slp|[from] move: Spore\n|move|p1b: Uncircumcised|Hyper Voice|p2b: Amoonguss|[spread] p2a,p2b\n|-damage|p2a: Arcanine|34\/100\n|-damage|p2b: Amoonguss|63\/100\n|cant|p1a: Rotato|slp\n|\n|upkeep\n|turn|16\n|j| A Borygon\n|c|\u2606TigroVGC|literally the most annoying little kid shit team\n|c|\u2606TigroVGC|lmao\n|inactive|TigroVGC has 30 seconds left.\n|c|\u2606TigroVGC|just switch spore switch spore switch spore\n|inactive|TigroVGC has 20 seconds left.\n|inactive|TigroVGC has 15 seconds left.\n|\n|t:|1682195427\n|move|p2b: Amoonguss|Pollen Puff|p2a: Arcanine\n|-heal|p2a: Arcanine|84\/100\n|move|p1b: Uncircumcised|Hyper Voice|p2a: Arcanine|[spread] p2a,p2b\n|-damage|p2a: Arcanine|61\/100\n|-damage|p2b: Amoonguss|41\/100\n|cant|p1a: Rotato|slp\n|move|p2a: Arcanine|Flare Blitz|p1b: Uncircumcised\n|-damage|p1b: Uncircumcised|53\/100\n|-damage|p2a: Arcanine|41\/100|[from] Recoil\n|\n|upkeep\n|turn|17\n|\n|t:|1682195445\n|move|p2b: Amoonguss|Protect|p2b: Amoonguss\n|-singleturn|p2b: Amoonguss|Protect\n|move|p1b: Uncircumcised|Protect|p1b: Uncircumcised\n|-singleturn|p1b: Uncircumcised|Protect\n|-curestatus|p1a: Rotato|slp|[msg]\n|move|p1a: Rotato|Headlong Rush|p2a: Arcanine\n|-supereffective|p2a: Arcanine\n|-damage|p2a: Arcanine|0 fnt\n|-unboost|p1a: Rotato|def|1\n|-unboost|p1a: Rotato|spd|1\n|faint|p2a: Arcanine\n|\n|-fieldend|move: Trick Room\n|upkeep\n|\n|t:|1682195458\n|switch|p2a: Palafin|Palafin-Hero, L50, M|100\/100\n|-activate|p2a: Palafin|ability: Zero to Hero\n|turn|18\n|\n|t:|1682195481\n|switch|p2b: Ting-Lu|Ting-Lu, L50|18\/100\n|-ability|p2b: Ting-Lu|Vessel of Ruin\n|move|p2a: Palafin|Protect|p2a: Palafin\n|-singleturn|p2a: Palafin|Protect\n|move|p1a: Rotato|Close Combat|p2a: Palafin\n|-activate|p2a: Palafin|move: Protect\n|move|p1b: Uncircumcised|Psychic|p2a: Palafin\n|-activate|p2a: Palafin|move: Protect\n|\n|-heal|p2b: Ting-Lu|24\/100|[from] item: Leftovers\n|upkeep\n|turn|19\n|-message|TigroVGC forfeited.\n|\n|win|Maxwell1315\n|raw|TigroVGC's rating: 1165 → 1141<\/strong> (-24 for losing)\n|raw|Maxwell1315's rating: 1172 → 1196<\/strong> (+24 for winning)\n|l|\u2606TigroVGC\n|c|\u2606Maxwell1315|xd\n","uploadtime":1682195505,"views":9,"p1id":"tigrovgc","p2id":"maxwell1315","formatid":"gen9vgc2023regulationc","rating":1141,"private":0,"password":""}