{"id":"gen9vgc2023regulationc-1858009191","p1":"AlternateAltVGC","p2":"FlockOfDeagles","format":"[Gen 9] VGC 2023 Regulation C","log":"|j|\u2606AlternateAltVGC\n|j|\u2606FlockOfDeagles\n|t:|1683259575\n|gametype|doubles\n|player|p1|AlternateAltVGC|266|1188\n|player|p2|FlockOfDeagles|chuck|1114\n|teamsize|p1|6\n|teamsize|p2|6\n|gen|9\n|tier|[Gen 9] VGC 2023 Regulation C\n|rated|\n|rule|Species Clause: Limit one of each Pok\u00e9mon\n|rule|Item Clause: Limit one of each item\n|clearpoke\n|poke|p1|Wo-Chien, L50|\n|poke|p1|Palafin, L50, F|\n|poke|p1|Arcanine, L50, M|\n|poke|p1|Flutter Mane, L50|\n|poke|p1|Iron Bundle, L50|\n|poke|p1|Maushold, L50|\n|poke|p2|Tyranitar, L50, M|\n|poke|p2|Lycanroc, L50, F|\n|poke|p2|Ting-Lu, L50|\n|poke|p2|Maushold-Four, L50|\n|poke|p2|Annihilape, L50, F|\n|poke|p2|Flutter Mane, L50|\n|teampreview|4\n|inactive|Battle timer is ON: inactive players will automatically lose when time's up. (requested by FlockOfDeagles)\n|inactive|FlockOfDeagles has 60 seconds left.\n|\n|t:|1683259607\n|start\n|switch|p1a: Rilla|Wo-Chien, L50|100\/100\n|switch|p1b: Wake|Palafin, L50, F, shiny|100\/100\n|switch|p2a: Maushold|Maushold-Four, L50|100\/100\n|switch|p2b: Annihilape|Annihilape, L50, F|100\/100\n|-ability|p1a: Rilla|Tablets of Ruin\n|turn|1\n|inactive|FlockOfDeagles has 30 seconds left.\n|\n|t:|1683259632\n|detailschange|p1b: Wake|Palafin-Hero, L50, F, shiny\n|switch|p1b: Clef|Maushold, L50, shiny|100\/100\n|move|p2a: Maushold|Beat Up|p2b: Annihilape\n|-damage|p2b: Annihilape|99\/100\n|-damage|p2b: Annihilape|97\/100\n|-damage|p2b: Annihilape|95\/100\n|-damage|p2b: Annihilape|93\/100\n|-hitcount|p2b: Annihilape|4\n|move|p2b: Annihilape|Rage Fist|p1a: Rilla\n|-resisted|p1a: Rilla\n|-damage|p1a: Rilla|71\/100\n|move|p1a: Rilla|Leech Seed|p2b: Annihilape\n|-start|p2b: Annihilape|move: Leech Seed\n|\n|-heal|p2b: Annihilape|99\/100|[from] item: Leftovers\n|-heal|p1a: Rilla|77\/100|[from] item: Leftovers\n|-damage|p2b: Annihilape|87\/100|[from] Leech Seed|[of] p1a: Rilla\n|-heal|p1a: Rilla|90\/100|[silent]\n|upkeep\n|turn|2\n|inactive|AlternateAltVGC has 30 seconds left.\n|inactive|AlternateAltVGC has 20 seconds left.\n|\n|t:|1683259667\n|move|p1b: Clef|Population Bomb|p2a: Maushold\n|-damage|p2a: Maushold|93\/100\n|-damage|p2a: Maushold|86\/100\n|-damage|p2a: Maushold|79\/100\n|-damage|p2a: Maushold|72\/100\n|-damage|p2a: Maushold|65\/100\n|-damage|p2a: Maushold|57\/100\n|-damage|p2a: Maushold|50\/100\n|-damage|p2a: Maushold|43\/100\n|-damage|p2a: Maushold|36\/100\n|-damage|p2a: Maushold|29\/100\n|-hitcount|p2a: Maushold|10\n|move|p2a: Maushold|Super Fang|p1a: Rilla\n|-damage|p1a: Rilla|45\/100\n|move|p2b: Annihilape|Drain Punch|p1b: Clef\n|-supereffective|p1b: Clef\n|-damage|p1b: Clef|40\/100\n|-heal|p2b: Annihilape|100\/100|[from] drain|[of] p1b: Clef\n|move|p1a: Rilla|Pollen Puff|p1b: Clef\n|-heal|p1b: Clef|89\/100\n|\n|-heal|p1a: Rilla|51\/100|[from] item: Leftovers\n|-damage|p2b: Annihilape|88\/100|[from] Leech Seed|[of] p1a: Rilla\n|-heal|p1a: Rilla|65\/100|[silent]\n|upkeep\n|turn|3\n|inactive|AlternateAltVGC has 30 seconds left.\n|inactive|FlockOfDeagles has 30 seconds left.\n|inactive|AlternateAltVGC has 20 seconds left.\n|inactive|FlockOfDeagles has 20 seconds left.\n|inactive|AlternateAltVGC has 15 seconds left.\n|inactive|FlockOfDeagles has 15 seconds left.\n|inactive|AlternateAltVGC has 10 seconds left.\n|inactive|FlockOfDeagles has 10 seconds left.\n|\n|t:|1683259715\n|move|p2a: Maushold|Protect|p2a: Maushold\n|-singleturn|p2a: Maushold|Protect\n|move|p1b: Clef|Population Bomb|p2a: Maushold\n|-activate|p2a: Maushold|move: Protect\n|move|p2b: Annihilape|Bulk Up|p2b: Annihilape\n|-boost|p2b: Annihilape|atk|1\n|-boost|p2b: Annihilape|def|1\n|move|p1a: Rilla|Pollen Puff|p1b: Clef\n|-heal|p1b: Clef|100\/100\n|\n|-heal|p2b: Annihilape|94\/100|[from] item: Leftovers\n|-heal|p1a: Rilla|71\/100|[from] item: Leftovers\n|-damage|p2b: Annihilape|82\/100|[from] Leech Seed|[of] p1a: Rilla\n|-heal|p1a: Rilla|85\/100|[silent]\n|upkeep\n|turn|4\n|inactive|FlockOfDeagles has 30 seconds left.\n|\n|t:|1683259747\n|switch|p2a: Ting-Lu|Ting-Lu, L50|100\/100\n|-ability|p2a: Ting-Lu|Vessel of Ruin\n|move|p1b: Clef|Protect|p1b: Clef\n|-singleturn|p1b: Clef|Protect\n|move|p2b: Annihilape|Drain Punch|p1b: Clef\n|-activate|p1b: Clef|move: Protect\n|move|p1a: Rilla|Leech Seed|p2a: Ting-Lu\n|-start|p2a: Ting-Lu|move: Leech Seed\n|\n|-heal|p2b: Annihilape|88\/100|[from] item: Leftovers\n|-heal|p1a: Rilla|90\/100|[from] item: Leftovers\n|-damage|p2b: Annihilape|75\/100|[from] Leech Seed|[of] p1a: Rilla\n|-heal|p1a: Rilla|100\/100|[silent]\n|-damage|p2a: Ting-Lu|88\/100|[from] Leech Seed|[of] p1a: Rilla\n|upkeep\n|turn|5\n|inactive|AlternateAltVGC has 30 seconds left.\n|inactive|FlockOfDeagles has 30 seconds left.\n|inactive|FlockOfDeagles has 20 seconds left.\n|\n|t:|1683259786\n|switch|p1b: Wake|Palafin-Hero, L50, F, shiny|100\/100\n|-activate|p1b: Wake|ability: Zero to Hero\n|move|p2b: Annihilape|Drain Punch|p1b: Wake\n|-damage|p1b: Wake|67\/100\n|-heal|p2b: Annihilape|92\/100|[from] drain|[of] p1b: Wake\n|move|p1a: Rilla|Knock Off|p2a: Ting-Lu\n|-resisted|p2a: Ting-Lu\n|-damage|p2a: Ting-Lu|80\/100\n|-enditem|p2a: Ting-Lu|Clear Amulet|[from] move: Knock Off|[of] p1a: Rilla\n|move|p2a: Ting-Lu|Payback|p1b: Wake\n|-damage|p1b: Wake|48\/100\n|\n|-heal|p2b: Annihilape|99\/100|[from] item: Leftovers\n|-damage|p2b: Annihilape|86\/100|[from] Leech Seed|[of] p1a: Rilla\n|-damage|p2a: Ting-Lu|67\/100|[from] Leech Seed|[of] p1a: Rilla\n|upkeep\n|turn|6\n|\n|t:|1683259810\n|move|p2a: Ting-Lu|Protect|p2a: Ting-Lu\n|-singleturn|p2a: Ting-Lu|Protect\n|move|p1b: Wake|Substitute|p1b: Wake\n|-start|p1b: Wake|Substitute\n|-damage|p1b: Wake|23\/100\n|move|p2b: Annihilape|Rage Fist|p1b: Wake\n|-crit|p1b: Wake\n|-end|p1b: Wake|Substitute\n|move|p1a: Rilla|Pollen Puff|p1b: Wake\n|-heal|p1b: Wake|73\/100\n|\n|-heal|p2b: Annihilape|92\/100|[from] item: Leftovers\n|-damage|p2b: Annihilape|80\/100|[from] Leech Seed|[of] p1a: Rilla\n|-damage|p2a: Ting-Lu|55\/100|[from] Leech Seed|[of] p1a: Rilla\n|upkeep\n|turn|7\n|inactive|AlternateAltVGC has 30 seconds left.\n|inactive|FlockOfDeagles has 30 seconds left.\n|inactive|AlternateAltVGC has 20 seconds left.\n|inactive|AlternateAltVGC has 15 seconds left.\n|\n|t:|1683259853\n|move|p1b: Wake|Substitute|p1b: Wake\n|-start|p1b: Wake|Substitute\n|-damage|p1b: Wake|49\/100\n|move|p2b: Annihilape|Rage Fist|p1b: Wake\n|-end|p1b: Wake|Substitute\n|move|p1a: Rilla|Pollen Puff|p1b: Wake\n|-heal|p1b: Wake|99\/100\n|move|p2a: Ting-Lu|Payback|p1b: Wake\n|-damage|p1b: Wake|64\/100\n|\n|-heal|p2b: Annihilape|86\/100|[from] item: Leftovers\n|-damage|p2b: Annihilape|74\/100|[from] Leech Seed|[of] p1a: Rilla\n|-damage|p2a: Ting-Lu|42\/100|[from] Leech Seed|[of] p1a: Rilla\n|upkeep\n|turn|8\n|c|\u2606FlockOfDeagles|I feel like im playing against this totally wrong\n|inactive|AlternateAltVGC has 30 seconds left.\n|inactive|FlockOfDeagles has 30 seconds left.\n|\n|t:|1683259883\n|switch|p2a: Tyranitar|Tyranitar, L50, M|100\/100\n|-weather|Sandstorm|[from] ability: Sand Stream|[of] p2a: Tyranitar\n|move|p1b: Wake|Protect|p1b: Wake\n|-singleturn|p1b: Wake|Protect\n|move|p2b: Annihilape|Drain Punch|p1a: Rilla\n|-supereffective|p1a: Rilla\n|-damage|p1a: Rilla|47\/100\n|-heal|p2b: Annihilape|98\/100|[from] drain|[of] p1a: Rilla\n|move|p1a: Rilla|Pollen Puff|p2a: Tyranitar\n|-supereffective|p2a: Tyranitar\n|-damage|p2a: Tyranitar|86\/100\n|\n|-weather|Sandstorm|[upkeep]\n|-damage|p1b: Wake|58\/100|[from] Sandstorm\n|-damage|p2b: Annihilape|92\/100|[from] Sandstorm\n|-damage|p1a: Rilla|41\/100|[from] Sandstorm\n|-heal|p2b: Annihilape|98\/100|[from] item: Leftovers\n|-heal|p1a: Rilla|47\/100|[from] item: Leftovers\n|-damage|p2b: Annihilape|86\/100|[from] Leech Seed|[of] p1a: Rilla\n|-heal|p1a: Rilla|60\/100|[silent]\n|upkeep\n|turn|9\n|inactive|AlternateAltVGC has 30 seconds left.\n|inactive|FlockOfDeagles has 30 seconds left.\n|inactive|FlockOfDeagles has 20 seconds left.\n|\n|t:|1683259922\n|-terastallize|p2a: Tyranitar|Flying\n|move|p1b: Wake|Wave Crash|p2a: Tyranitar\n|-damage|p2a: Tyranitar|29\/100\n|-damage|p1b: Wake|39\/100|[from] Recoil\n|move|p2b: Annihilape|Drain Punch|p1a: Rilla\n|-supereffective|p1a: Rilla\n|-damage|p1a: Rilla|3\/100\n|-heal|p2b: Annihilape|100\/100|[from] drain|[of] p1a: Rilla\n|move|p2a: Tyranitar|Ice Punch|p1a: Rilla\n|-supereffective|p1a: Rilla\n|-damage|p1a: Rilla|0 fnt\n|faint|p1a: Rilla\n|\n|-weather|Sandstorm|[upkeep]\n|-damage|p1b: Wake|34\/100|[from] Sandstorm\n|-damage|p2b: Annihilape|94\/100|[from] Sandstorm\n|-damage|p2a: Tyranitar|23\/100|[from] Sandstorm\n|-heal|p2b: Annihilape|100\/100|[from] item: Leftovers\n|upkeep\n|\n|t:|1683259942\n|switch|p1a: Clef|Maushold, L50, shiny|100\/100\n|turn|10\n|\n|t:|1683259966\n|-terastallize|p1b: Wake|Water\n|move|p1b: Wake|Jet Punch|p2b: Annihilape\n|-damage|p2b: Annihilape|59\/100\n|move|p1a: Clef|Population Bomb|p2a: Tyranitar\n|-crit|p2a: Tyranitar\n|-damage|p2a: Tyranitar|12\/100\n|-damage|p2a: Tyranitar|6\/100\n|-damage|p2a: Tyranitar|0 fnt\n|faint|p2a: Tyranitar\n|-hitcount|p2: Tyranitar|3\n|move|p2b: Annihilape|Drain Punch|p1a: Clef\n|-supereffective|p1a: Clef\n|-damage|p1a: Clef|0 fnt\n|-heal|p2b: Annihilape|100\/100|[from] drain|[of] p1a: Clef\n|faint|p1a: Clef\n|\n|-weather|Sandstorm|[upkeep]\n|-damage|p1b: Wake|28\/100|[from] Sandstorm\n|-damage|p2b: Annihilape|94\/100|[from] Sandstorm\n|-heal|p2b: Annihilape|100\/100|[from] item: Leftovers\n|upkeep\n|\n|t:|1683259986\n|switch|p1a: Incin|Arcanine, L50, M, shiny|100\/100\n|switch|p2a: Maushold|Maushold-Four, L50|29\/100\n|-ability|p1a: Incin|Intimidate|boost\n|-unboost|p2a: Maushold|atk|1\n|-unboost|p2b: Annihilape|atk|1\n|-ability|p2b: Annihilape|Defiant|boost\n|-boost|p2b: Annihilape|atk|2\n|turn|11\n|-message|AlternateAltVGC forfeited.\n|\n|win|FlockOfDeagles\n|raw|AlternateAltVGC's rating: 1188 → 1158<\/strong> (-30 for losing)\n|raw|FlockOfDeagles's rating: 1114 → 1144<\/strong> (+30 for winning)\n|l|\u2606AlternateAltVGC\n","uploadtime":1683260004,"views":5,"p1id":"alternatealtvgc","p2id":"flockofdeagles","formatid":"gen9vgc2023regulationc","rating":1144,"private":0,"password":""}