{"id":"gen9vgc2023regulationc-1857249135","p1":"NotDaBoy","p2":"SolgLover10","format":"[Gen 9] VGC 2023 Regulation C","log":"|j|\u2606NotDaBoy\n|j|\u2606SolgLover10\n|t:|1683163299\n|gametype|doubles\n|player|p1|NotDaBoy|2|\n|player|p2|SolgLover10|170|\n|teamsize|p1|6\n|teamsize|p2|6\n|gen|9\n|tier|[Gen 9] VGC 2023 Regulation C\n|rule|Species Clause: Limit one of each Pok\u00e9mon\n|rule|Item Clause: Limit one of each item\n|clearpoke\n|poke|p1|Murkrow, L50, F|\n|poke|p1|Great Tusk, L50|\n|poke|p1|Gholdengo, L50|\n|poke|p1|Brute Bonnet, L50|\n|poke|p1|Iron Bundle, L50|\n|poke|p1|Chi-Yu, L50|\n|poke|p2|Flutter Mane, L50|\n|poke|p2|Baxcalibur, L50, M|\n|poke|p2|Arcanine, L50, F|\n|poke|p2|Amoonguss, L50, F|\n|poke|p2|Iron Bundle, L50|\n|poke|p2|Chi-Yu, L50|\n|teampreview|4\nSolgLover10 has agreed to open team sheets.\nNotDaBoy has agreed to open team sheets.\n|\n|t:|1683163378\n|start\n|switch|p1a: Murkrow|Murkrow, L50, F|100\/100\n|switch|p1b: Gholdengo|Gholdengo, L50|100\/100\n|switch|p2a: Amoonguss|Amoonguss, L50, F|100\/100\n|switch|p2b: Chi-Yu|Chi-Yu, L50|100\/100\n|-ability|p2b: Chi-Yu|Beads of Ruin\n|turn|1\n|\n|t:|1683163428\n|move|p1a: Murkrow|Tailwind|p1a: Murkrow\n|-sidestart|p1: NotDaBoy|move: Tailwind\n|move|p1b: Gholdengo|Make It Rain|p2a: Amoonguss|[spread] p2a,p2b\n|-resisted|p2b: Chi-Yu\n|-damage|p2a: Amoonguss|26\/100\n|-damage|p2b: Chi-Yu|71\/100\n|-unboost|p1b: Gholdengo|spa|1\n|-enditem|p2a: Amoonguss|Sitrus Berry|[eat]\n|-heal|p2a: Amoonguss|51\/100|[from] item: Sitrus Berry\n|-damage|p1b: Gholdengo|90\/100|[from] item: Life Orb\n|move|p2b: Chi-Yu|Dark Pulse|p1b: Gholdengo\n|-supereffective|p1b: Gholdengo\n|-damage|p1b: Gholdengo|0 fnt\n|faint|p1b: Gholdengo\n|-damage|p2b: Chi-Yu|62\/100|[from] item: Life Orb\n|move|p2a: Amoonguss|Spore|p1a: Murkrow\n|-status|p1a: Murkrow|slp|[from] move: Spore\n|\n|upkeep\n|\n|t:|1683163446\n|switch|p1b: Great Tusk|Great Tusk, L50|100\/100\n|turn|2\n|\n|t:|1683163465\n|move|p1b: Great Tusk|Protect|p1b: Great Tusk\n|-singleturn|p1b: Great Tusk|Protect\n|move|p2b: Chi-Yu|Protect|p2b: Chi-Yu\n|-singleturn|p2b: Chi-Yu|Protect\n|cant|p1a: Murkrow|slp\n|move|p2a: Amoonguss|Spore|p1b: Great Tusk\n|-activate|p1b: Great Tusk|move: Protect\n|\n|upkeep\n|turn|3\n|\n|t:|1683163508\n|cant|p1a: Murkrow|slp\n|move|p1b: Great Tusk|Earthquake|p2a: Amoonguss|[spread] p2a,p2b\n|-immune|p1a: Murkrow\n|-supereffective|p2b: Chi-Yu\n|-damage|p2a: Amoonguss|20\/100\n|-damage|p2b: Chi-Yu|0 fnt\n|faint|p2b: Chi-Yu\n|move|p2a: Amoonguss|Spore|p1b: Great Tusk\n|-status|p1b: Great Tusk|slp|[from] move: Spore\n|\n|upkeep\n|\n|t:|1683163523\n|switch|p2b: Iron Bundle|Iron Bundle, L50|100\/100\n|-enditem|p2b: Iron Bundle|Booster Energy\n|-activate|p2b: Iron Bundle|ability: Quark Drive|[fromitem]\n|-start|p2b: Iron Bundle|quarkdrivespe\n|turn|4\n|\n|t:|1683163536\n|switch|p2a: Flutter Mane|Flutter Mane, L50|100\/100\n|cant|p1a: Murkrow|slp\n|cant|p1b: Great Tusk|slp\n|move|p2b: Iron Bundle|Icy Wind|p1b: Great Tusk|[spread] p1a,p1b\n|-supereffective|p1a: Murkrow\n|-supereffective|p1b: Great Tusk\n|-damage|p1a: Murkrow|6\/100 slp\n|-damage|p1b: Great Tusk|50\/100 slp\n|-unboost|p1a: Murkrow|spe|1\n|\n|-sideend|p1: NotDaBoy|move: Tailwind\n|upkeep\n|turn|5\n|\n|t:|1683163551\n|-curestatus|p1a: Murkrow|slp|[msg]\n|move|p1a: Murkrow|Tailwind|p1a: Murkrow\n|-sidestart|p1: NotDaBoy|move: Tailwind\n|-curestatus|p1b: Great Tusk|slp|[msg]\n|move|p1b: Great Tusk|Earthquake|p2b: Iron Bundle|[spread] p2a,p2b\n|-immune|p1a: Murkrow\n|-damage|p2a: Flutter Mane|45\/100\n|-damage|p2b: Iron Bundle|54\/100\n|move|p2b: Iron Bundle|Icy Wind|p1b: Great Tusk|[spread] p1a,p1b\n|-supereffective|p1a: Murkrow\n|-supereffective|p1b: Great Tusk\n|-damage|p1a: Murkrow|0 fnt\n|-damage|p1b: Great Tusk|0 fnt\n|faint|p1a: Murkrow\n|faint|p1b: Great Tusk\n|-end|p1b: Great Tusk|Protosynthesis|[silent]\n|move|p2a: Flutter Mane|Dazzling Gleam|p1: Murkrow|[notarget]\n|-fail|p2a: Flutter Mane\n|\n|upkeep\n|\n|t:|1683163566\n|switch|p1b: Iron Bundle|Iron Bundle, L50|100\/100\n|-enditem|p1b: Iron Bundle|Booster Energy\n|-activate|p1b: Iron Bundle|ability: Quark Drive|[fromitem]\n|-start|p1b: Iron Bundle|quarkdrivespe\n|turn|6\n|\n|t:|1683163582\n|-terastallize|p2b: Iron Bundle|Ice\n|move|p1b: Iron Bundle|Hydro Pump|p2a: Flutter Mane\n|-damage|p2a: Flutter Mane|0 fnt\n|faint|p2a: Flutter Mane\n|-end|p2a: Flutter Mane|Protosynthesis|[silent]\n|move|p2b: Iron Bundle|Freeze-Dry|p1b: Iron Bundle\n|-damage|p1b: Iron Bundle|12\/100\n|\n|upkeep\n|\n|t:|1683163589\n|switch|p2a: Amoonguss|Amoonguss, L50, F|54\/100\n|turn|7\n|\n|t:|1683163594\n|move|p2a: Amoonguss|Rage Powder|p2a: Amoonguss\n|-singleturn|p2a: Amoonguss|move: Rage Powder\n|move|p1b: Iron Bundle|Freeze-Dry|p2a: Amoonguss\n|-supereffective|p2a: Amoonguss\n|-damage|p2a: Amoonguss|0 fnt\n|faint|p2a: Amoonguss\n|move|p2b: Iron Bundle|Freeze-Dry|p1b: Iron Bundle\n|-damage|p1b: Iron Bundle|0 fnt\n|faint|p1b: Iron Bundle\n|-end|p1b: Iron Bundle|Quark Drive|[silent]\n|\n|win|SolgLover10\n|c|\u2606SolgLover10|ggs\n|c|\u2606NotDaBoy|gg them sleep turns frying me\n|c|\u2606SolgLover10|I was hoping tusk would sleep for one more turn\n|c|\u2606SolgLover10|but ima brb\n|c|\u2606NotDaBoy|bet\n","uploadtime":1683163718,"views":11,"p1id":"notdaboy","p2id":"solglover10","formatid":"gen9vgc2023regulationc","rating":0,"private":0,"password":""}