{"id":"gen9vgc2023regulationc-1853076367","p1":"whosgemini","p2":"vhne","format":"[Gen 9] VGC 2023 Regulation C","log":"|j|\u2606whosgemini\n|j|\u2606vhne\n|t:|1682632332\n|gametype|doubles\n|player|p1|whosgemini|n|1215\n|player|p2|vhne|red|1170\n|teamsize|p1|6\n|teamsize|p2|6\n|gen|9\n|tier|[Gen 9] VGC 2023 Regulation C\n|rated|\n|rule|Species Clause: Limit one of each Pok\u00e9mon\n|rule|Item Clause: Limit one of each item\n|clearpoke\n|poke|p1|Annihilape, L50, F|\n|poke|p1|Brute Bonnet, L50|\n|poke|p1|Volcarona, L50, F|\n|poke|p1|Chien-Pao, L50|\n|poke|p1|Gyarados, L50, F|\n|poke|p1|Gholdengo, L50|\n|poke|p2|Chi-Yu, L50|\n|poke|p2|Dachsbun, L50, M|\n|poke|p2|Dragonite, L50, M|\n|poke|p2|Flutter Mane, L50|\n|poke|p2|Azumarill, L50, F|\n|poke|p2|Chien-Pao, L50|\n|teampreview|4\n|\n|t:|1682632347\n|start\n|switch|p1a: Annihilape|Annihilape, L50, F|100\/100\n|switch|p1b: Brute Bonnet|Brute Bonnet, L50|100\/100\n|switch|p2a: Chi-Yu|Chi-Yu, L50|100\/100\n|switch|p2b: Dachsbun|Dachsbun, L50, M|100\/100\n|-ability|p2a: Chi-Yu|Beads of Ruin\n|turn|1\n|inactive|Battle timer is ON: inactive players will automatically lose when time's up. (requested by vhne)\n|\n|t:|1682632378\n|-terastallize|p1b: Brute Bonnet|Water\n|move|p2a: Chi-Yu|Lava Plume|p1b: Brute Bonnet|[spread] p1a,p1b\n|-ability|p2b: Dachsbun|Well-Baked Body|boost\n|-boost|p2b: Dachsbun|def|2\n|-resisted|p1b: Brute Bonnet\n|-damage|p1a: Annihilape|71\/100\n|-damage|p1b: Brute Bonnet|84\/100\n|move|p2b: Dachsbun|Yawn|p1a: Annihilape\n|-start|p1a: Annihilape|move: Yawn|[of] p2b: Dachsbun\n|move|p1a: Annihilape|Bulk Up|p1a: Annihilape\n|-boost|p1a: Annihilape|atk|1\n|-boost|p1a: Annihilape|def|1\n|move|p1b: Brute Bonnet|Spore|p2b: Dachsbun\n|-status|p2b: Dachsbun|slp|[from] move: Spore\n|\n|upkeep\n|turn|2\n|inactive|vhne has 30 seconds left.\n|\n|t:|1682632403\n|switch|p2a: Flutter Mane|Flutter Mane, L50|100\/100\n|-enditem|p2a: Flutter Mane|Booster Energy\n|-activate|p2a: Flutter Mane|ability: Protosynthesis|[fromitem]\n|-start|p2a: Flutter Mane|protosynthesisspe\n|switch|p1a: Gyarados|Gyarados, L50, F|100\/100\n|-ability|p1a: Gyarados|Intimidate|boost\n|-unboost|p2a: Flutter Mane|atk|1\n|-unboost|p2b: Dachsbun|atk|1\n|cant|p2b: Dachsbun|slp\n|move|p1b: Brute Bonnet|Spore|p2a: Flutter Mane\n|-status|p2a: Flutter Mane|slp|[from] move: Spore\n|\n|upkeep\n|turn|3\n|\n|t:|1682632424\n|switch|p1a: Gholdengo|Gholdengo, L50|100\/100\n|cant|p2a: Flutter Mane|slp\n|cant|p2b: Dachsbun|slp\n|move|p1b: Brute Bonnet|Spore|p2b: Dachsbun\n|-fail|p2b: Dachsbun|slp\n|\n|upkeep\n|turn|4\n|\n|t:|1682632437\n|move|p1b: Brute Bonnet|Rage Powder|p1b: Brute Bonnet\n|-singleturn|p1b: Brute Bonnet|move: Rage Powder\n|cant|p2a: Flutter Mane|slp\n|cant|p2b: Dachsbun|slp\n|move|p1a: Gholdengo|Make It Rain|p2a: Flutter Mane|[spread] p2a,p2b\n|-supereffective|p2a: Flutter Mane\n|-supereffective|p2b: Dachsbun\n|-damage|p2a: Flutter Mane|0 fnt\n|-damage|p2b: Dachsbun|0 fnt\n|-unboost|p1a: Gholdengo|spa|1\n|faint|p2a: Flutter Mane\n|-end|p2a: Flutter Mane|Protosynthesis|[silent]\n|faint|p2b: Dachsbun\n|\n|upkeep\n|\n|t:|1682632441\n|switch|p2a: Chien-Pao|Chien-Pao, L50|100\/100\n|switch|p2b: Chi-Yu|Chi-Yu, L50|100\/100\n|-ability|p2b: Chi-Yu|Beads of Ruin\n|-ability|p2a: Chien-Pao|Sword of Ruin\n|turn|5\n|\n|t:|1682632465\n|switch|p1a: Gyarados|Gyarados, L50, F|100\/100\n|-ability|p1a: Gyarados|Intimidate|boost\n|-unboost|p2a: Chien-Pao|atk|1\n|-unboost|p2b: Chi-Yu|atk|1\n|move|p2b: Chi-Yu|Dark Pulse|p1b: Brute Bonnet\n|-damage|p1b: Brute Bonnet|41\/100\n|move|p2a: Chien-Pao|Throat Chop|p1b: Brute Bonnet\n|-damage|p1b: Brute Bonnet|15\/100\n|-start|p1b: Brute Bonnet|Throat Chop|[silent]\n|-damage|p2a: Chien-Pao|84\/100|[from] item: Rocky Helmet|[of] p1b: Brute Bonnet\n|cant|p1b: Brute Bonnet|flinch\n|\n|upkeep\n|turn|6\n|\n|t:|1682632481\n|move|p2a: Chien-Pao|Protect|p2a: Chien-Pao\n|-singleturn|p2a: Chien-Pao|Protect\n|move|p1b: Brute Bonnet|Rage Powder|p1b: Brute Bonnet\n|-singleturn|p1b: Brute Bonnet|move: Rage Powder\n|move|p2b: Chi-Yu|Dark Pulse|p1b: Brute Bonnet\n|-damage|p1b: Brute Bonnet|0 fnt\n|faint|p1b: Brute Bonnet\n|-end|p1b: Brute Bonnet|Protosynthesis|[silent]\n|move|p1a: Gyarados|Waterfall|p2b: Chi-Yu\n|-supereffective|p2b: Chi-Yu\n|-damage|p2b: Chi-Yu|0 fnt\n|faint|p2b: Chi-Yu\n|-damage|p1a: Gyarados|91\/100|[from] item: Life Orb\n|\n|upkeep\n|\n|t:|1682632492\n|switch|p1b: Gholdengo|Gholdengo, L50|100\/100\n|turn|7\n|-message|vhne forfeited.\n|\n|win|whosgemini\n|raw|whosgemini's rating: 1215 → 1237<\/strong> (+22 for winning)\n|raw|vhne's rating: 1170 → 1148<\/strong> (-22 for losing)\n|l|\u2606vhne\n","uploadtime":1682632496,"views":15,"p1id":"whosgemini","p2id":"vhne","formatid":"gen9vgc2023regulationc","rating":1148,"private":0,"password":""}