{"id":"gen9vgc2023regulationc-1858709080","p1":"Devlisted","p2":"Daehkcarc420","format":"[Gen 9] VGC 2023 Regulation C","log":"|j|\u2606Devlisted\n|j|\u2606Daehkcarc420\n|t:|1683345994\n|gametype|doubles\n|player|p1|Devlisted|101|\n|player|p2|Daehkcarc420|2|\n|teamsize|p1|6\n|teamsize|p2|6\n|gen|9\n|tier|[Gen 9] VGC 2023 Regulation C\n|rule|Species Clause: Limit one of each Pok\u00e9mon\n|rule|Item Clause: Limit one of each item\n|clearpoke\n|poke|p1|Flutter Mane, L50|\n|poke|p1|Chi-Yu, L50|\n|poke|p1|Roaring Moon, L50|\n|poke|p1|Jumpluff, L50, F|\n|poke|p1|Wo-Chien, L50|\n|poke|p1|Torkoal, L50, M|\n|poke|p2|Annihilape, L50, F|\n|poke|p2|Maushold-Four, L50|\n|poke|p2|Mudsdale, L50, M|\n|poke|p2|Arcanine, L50, F|\n|poke|p2|Umbreon, L50, F|\n|poke|p2|Flutter Mane, L50|\n|teampreview|4\n|inactive|Battle timer is ON: inactive players will automatically lose when time's up. (requested by Daehkcarc420)\n|\n|t:|1683346020\n|start\n|switch|p1a: Flutter Mane|Flutter Mane, L50|100\/100\n|switch|p1b: Wo-Chien|Wo-Chien, L50|100\/100\n|switch|p2a: Umbreon|Umbreon, L50, F|100\/100\n|switch|p2b: Arcanine|Arcanine, L50, F|100\/100\n|-ability|p2b: Arcanine|Intimidate|boost\n|-unboost|p1a: Flutter Mane|atk|1\n|-unboost|p1b: Wo-Chien|atk|1\n|-enditem|p1b: Wo-Chien|Eject Pack\n|\n|t:|1683346033\n|switch|p1b: Chi-Yu|Chi-Yu, L50|100\/100\n|-ability|p1b: Chi-Yu|Beads of Ruin\n|turn|1\n|inactive|Devlisted has 30 seconds left.\n|\n|t:|1683346061\n|move|p2b: Arcanine|Extreme Speed|p1b: Chi-Yu\n|-damage|p1b: Chi-Yu|72\/100\n|move|p2a: Umbreon|Taunt|p1a: Flutter Mane\n|-start|p1a: Flutter Mane|move: Taunt\n|move|p1b: Chi-Yu|Dark Pulse|p2b: Arcanine\n|-damage|p2b: Arcanine|26\/100\n|cant|p1a: Flutter Mane|move: Taunt|Trick Room\n|\n|upkeep\n|turn|2\n|\n|t:|1683346084\n|move|p2b: Arcanine|Extreme Speed|p1b: Chi-Yu\n|-damage|p1b: Chi-Yu|41\/100\n|move|p2a: Umbreon|Snarl|p1b: Chi-Yu|[spread] p1a,p1b\n|-resisted|p1b: Chi-Yu\n|-damage|p1a: Flutter Mane|89\/100\n|-damage|p1b: Chi-Yu|37\/100\n|-unboost|p1a: Flutter Mane|spa|1\n|-unboost|p1b: Chi-Yu|spa|1\n|move|p1b: Chi-Yu|Flamethrower|p2a: Umbreon\n|-damage|p2a: Umbreon|70\/100\n|move|p1a: Flutter Mane|Dazzling Gleam|p2b: Arcanine|[spread] p2a,p2b\n|-supereffective|p2a: Umbreon\n|-resisted|p2b: Arcanine\n|-damage|p2a: Umbreon|37\/100\n|-damage|p2b: Arcanine|11\/100\n|\n|upkeep\n|turn|3\n|\n|t:|1683346102\n|move|p1b: Chi-Yu|Protect|p1b: Chi-Yu\n|-singleturn|p1b: Chi-Yu|Protect\n|move|p2b: Arcanine|Extreme Speed|p1b: Chi-Yu\n|-activate|p1b: Chi-Yu|move: Protect\n|move|p2a: Umbreon|Snarl|p1a: Flutter Mane|[spread] p1a\n|-activate|p1b: Chi-Yu|move: Protect\n|-damage|p1a: Flutter Mane|79\/100\n|-unboost|p1a: Flutter Mane|spa|1\n|move|p1a: Flutter Mane|Dazzling Gleam|p2a: Umbreon|[spread] p2a,p2b\n|-supereffective|p2a: Umbreon\n|-resisted|p2b: Arcanine\n|-damage|p2a: Umbreon|15\/100\n|-damage|p2b: Arcanine|0 fnt\n|-enditem|p2a: Umbreon|Mago Berry|[eat]\n|-heal|p2a: Umbreon|48\/100|[from] item: Mago Berry\n|faint|p2b: Arcanine\n|\n|-end|p1a: Flutter Mane|move: Taunt\n|upkeep\n|\n|t:|1683346110\n|switch|p2b: Annihilape|Annihilape, L50, F|100\/100\n|turn|4\n|\n|t:|1683346127\n|-terastallize|p2b: Annihilape|Fighting\n|move|p2b: Annihilape|Drain Punch|p1b: Chi-Yu\n|-supereffective|p1b: Chi-Yu\n|-damage|p1b: Chi-Yu|0 fnt\n|faint|p1b: Chi-Yu\n|move|p2a: Umbreon|Taunt|p1a: Flutter Mane\n|-start|p1a: Flutter Mane|move: Taunt\n|cant|p1a: Flutter Mane|move: Taunt|Trick Room\n|\n|upkeep\n|\n|t:|1683346136\n|switch|p1b: Wo-Chien|Wo-Chien, L50|100\/100\n|-ability|p1b: Wo-Chien|Tablets of Ruin\n|turn|5\n|\n|t:|1683346156\n|move|p2b: Annihilape|Rage Fist|p1a: Flutter Mane\n|-supereffective|p1a: Flutter Mane\n|-damage|p1a: Flutter Mane|35\/100\n|move|p2a: Umbreon|Thunder Wave|p1b: Wo-Chien\n|-status|p1b: Wo-Chien|par\n|move|p1a: Flutter Mane|Dazzling Gleam|p2b: Annihilape|[spread] p2a,p2b\n|-supereffective|p2a: Umbreon\n|-supereffective|p2b: Annihilape\n|-damage|p2a: Umbreon|26\/100\n|-damage|p2b: Annihilape|83\/100\n|move|p1b: Wo-Chien|Pollen Puff|p2a: Umbreon\n|-supereffective|p2a: Umbreon\n|-damage|p2a: Umbreon|0 fnt\n|faint|p2a: Umbreon\n|\n|upkeep\n|\n|t:|1683346169\n|switch|p2a: Maushold|Maushold-Four, L50|100\/100\n|turn|6\n|inactive|Devlisted has 30 seconds left.\n|\n|t:|1683346196\n|-end|p1a: Flutter Mane|Protosynthesis|[silent]\n|switch|p1a: Torkoal|Torkoal, L50, M|100\/100\n|-weather|SunnyDay|[from] ability: Drought|[of] p1a: Torkoal\n|move|p2a: Maushold|Population Bomb|p1b: Wo-Chien\n|-damage|p1b: Wo-Chien|92\/100 par\n|-damage|p1b: Wo-Chien|83\/100 par\n|-damage|p1b: Wo-Chien|73\/100 par\n|-damage|p1b: Wo-Chien|65\/100 par\n|-damage|p1b: Wo-Chien|55\/100 par\n|-damage|p1b: Wo-Chien|47\/100 par\n|-damage|p1b: Wo-Chien|39\/100 par\n|-damage|p1b: Wo-Chien|29\/100 par\n|-damage|p1b: Wo-Chien|20\/100 par\n|-damage|p1b: Wo-Chien|11\/100 par\n|-hitcount|p1b: Wo-Chien|10\n|move|p2b: Annihilape|Rage Fist|p1a: Torkoal\n|-damage|p1a: Torkoal|73\/100\n|move|p1b: Wo-Chien|Substitute|p1b: Wo-Chien\n|-fail|p1b: Wo-Chien|move: Substitute|[weak]\n|\n|-weather|SunnyDay|[upkeep]\n|upkeep\n|turn|7\n|inactive|Daehkcarc420 has 30 seconds left.\n|\n|t:|1683346224\n|-terastallize|p1a: Torkoal|Fire\n|move|p2a: Maushold|Population Bomb|p1a: Torkoal\n|-damage|p1a: Torkoal|65\/100\n|-damage|p1a: Torkoal|59\/100\n|-damage|p1a: Torkoal|51\/100\n|-hitcount|p1a: Torkoal|3\n|move|p2b: Annihilape|Drain Punch|p1b: Wo-Chien\n|-supereffective|p1b: Wo-Chien\n|-damage|p1b: Wo-Chien|0 fnt\n|-heal|p2b: Annihilape|89\/100|[from] drain|[of] p1b: Wo-Chien\n|faint|p1b: Wo-Chien\n|move|p1a: Torkoal|Eruption|p2a: Maushold|[spread] p2a,p2b\n|-damage|p2a: Maushold|0 fnt\n|-damage|p2b: Annihilape|40\/100\n|faint|p2a: Maushold\n|\n|-weather|SunnyDay|[upkeep]\n|upkeep\n|\n|t:|1683346230\n|switch|p1b: Flutter Mane|Flutter Mane, L50|35\/100\n|-activate|p1b: Flutter Mane|ability: Protosynthesis\n|-start|p1b: Flutter Mane|protosynthesisspa\n|turn|8\n|inactive|Daehkcarc420 has 30 seconds left.\n|\n|t:|1683346256\n|move|p2b: Annihilape|Rage Fist|p1a: Torkoal\n|-damage|p1a: Torkoal|0 fnt\n|faint|p1a: Torkoal\n|move|p1b: Flutter Mane|Dazzling Gleam|p2b: Annihilape\n|-supereffective|p2b: Annihilape\n|-damage|p2b: Annihilape|0 fnt\n|faint|p2b: Annihilape\n|\n|win|Devlisted\n","uploadtime":1683346263,"views":16,"p1id":"devlisted","p2id":"daehkcarc420","formatid":"gen9vgc2023regulationc","rating":0,"private":0,"password":""}