{"id":"gen9vgc2023regulationc-1851484525","p1":"Tentacruel Man","p2":"Obvaltisobv","format":"[Gen 9] VGC 2023 Regulation C","log":"|j|\u2606Tentacruel Man\n|j|\u2606Obvaltisobv\n|t:|1682448941\n|gametype|doubles\n|player|p1|Tentacruel Man|2|1306\n|player|p2|Obvaltisobv|1|1368\n|teamsize|p1|6\n|teamsize|p2|6\n|gen|9\n|tier|[Gen 9] VGC 2023 Regulation C\n|rated|\n|rule|Species Clause: Limit one of each Pok\u00e9mon\n|rule|Item Clause: Limit one of each item\n|clearpoke\n|poke|p1|Baxcalibur, L50, M|\n|poke|p1|Arcanine, L50, F|\n|poke|p1|Palafin, L50, M|\n|poke|p1|Amoonguss, L50, M|\n|poke|p1|Flutter Mane, L50|\n|poke|p1|Corviknight, L50, M|\n|poke|p2|Garchomp, L50, F|\n|poke|p2|Talonflame, L50, F|\n|poke|p2|Flutter Mane, L50|\n|poke|p2|Iron Bundle, L50|\n|poke|p2|Amoonguss, L50, F|\n|poke|p2|Garganacl, L50, F|\n|teampreview|4\nObvaltisobv has agreed to open team sheets.\n|\n|t:|1682448969\n|start\n|switch|p1a: Palafin|Palafin, L50, M|100\/100\n|switch|p1b: Corviknight|Corviknight, L50, M|100\/100\n|switch|p2a: Garganacl|Garganacl, L50, F|100\/100\n|switch|p2b: Talonflame|Talonflame, L50, F|100\/100\n|turn|1\n|inactive|Battle timer is ON: inactive players will automatically lose when time's up. (requested by Obvaltisobv)\n|\n|t:|1682448987\n|detailschange|p1a: Palafin|Palafin-Hero, L50, M\n|switch|p1a: Flutter Mane|Flutter Mane, L50|100\/100\n|move|p2b: Talonflame|Taunt|p1b: Corviknight\n|-start|p1b: Corviknight|move: Taunt\n|cant|p1b: Corviknight|move: Taunt|Tailwind\n|move|p2a: Garganacl|Salt Cure|p1b: Corviknight\n|-damage|p1b: Corviknight|91\/100\n|-start|p1b: Corviknight|Salt Cure\n|\n|-damage|p1b: Corviknight|66\/100|[from] Salt Cure\n|upkeep\n|turn|2\n|\n|t:|1682449007\n|switch|p1b: Palafin|Palafin-Hero, L50, M|100\/100\n|-activate|p1b: Palafin|ability: Zero to Hero\n|move|p2b: Talonflame|Brave Bird|p1a: Flutter Mane\n|-damage|p1a: Flutter Mane|15\/100\n|-damage|p2b: Talonflame|71\/100|[from] Recoil\n|move|p1a: Flutter Mane|Thunderbolt|p2b: Talonflame\n|-supereffective|p2b: Talonflame\n|-damage|p2b: Talonflame|0 fnt\n|faint|p2b: Talonflame\n|move|p2a: Garganacl|Salt Cure|p1a: Flutter Mane\n|-damage|p1a: Flutter Mane|0 fnt\n|faint|p1a: Flutter Mane\n|-end|p1a: Flutter Mane|Protosynthesis|[silent]\n|\n|upkeep\n|\n|t:|1682449025\n|switch|p1a: Corviknight|Corviknight, L50, M|66\/100\n|switch|p2b: Iron Bundle|Iron Bundle, L50|100\/100\n|-enditem|p2b: Iron Bundle|Booster Energy\n|-activate|p2b: Iron Bundle|ability: Quark Drive|[fromitem]\n|-start|p2b: Iron Bundle|quarkdrivespe\n|turn|3\n|\n|t:|1682449048\n|-terastallize|p2a: Garganacl|Water\n|move|p1b: Palafin|Protect|p1b: Palafin\n|-singleturn|p1b: Palafin|Protect\n|move|p2b: Iron Bundle|Hydro Pump|p1a: Corviknight\n|-damage|p1a: Corviknight|15\/100\n|move|p1a: Corviknight|Tailwind|p1a: Corviknight\n|-sidestart|p1: Tentacruel Man|move: Tailwind\n|move|p2a: Garganacl|Iron Defense|p2a: Garganacl\n|-boost|p2a: Garganacl|def|2\n|\n|upkeep\n|turn|4\n|\n|t:|1682449069\n|-terastallize|p1b: Palafin|Water\n|move|p2b: Iron Bundle|Freeze-Dry|p1a: Corviknight\n|-damage|p1a: Corviknight|0 fnt\n|faint|p1a: Corviknight\n|move|p1b: Palafin|Wave Crash|p2b: Iron Bundle\n|-resisted|p2b: Iron Bundle\n|-damage|p2b: Iron Bundle|29\/100\n|-damage|p1b: Palafin|86\/100|[from] Recoil\n|move|p2a: Garganacl|Salt Cure|p1b: Palafin\n|-damage|p1b: Palafin|72\/100\n|-start|p1b: Palafin|Salt Cure\n|\n|-damage|p1b: Palafin|47\/100|[from] Salt Cure\n|upkeep\n|\n|t:|1682449077\n|switch|p1a: Baxcalibur|Baxcalibur, L50, M|100\/100\n|turn|5\n|\n|t:|1682449094\n|move|p2b: Iron Bundle|Freeze-Dry|p1b: Palafin\n|-supereffective|p1b: Palafin\n|-damage|p1b: Palafin|0 fnt\n|faint|p1b: Palafin\n|move|p1a: Baxcalibur|Glaive Rush|p2a: Garganacl\n|-damage|p2a: Garganacl|75\/100\n|-singlemove|p1a: Baxcalibur|Glaive Rush|[silent]\n|move|p2a: Garganacl|Body Press|p1a: Baxcalibur\n|-supereffective|p1a: Baxcalibur\n|-damage|p1a: Baxcalibur|0 fnt\n|faint|p1a: Baxcalibur\n|\n|win|Obvaltisobv\n|raw|Tentacruel Man's rating: 1306 → 1290<\/strong> (-16 for losing)\n|raw|Obvaltisobv's rating: 1368 → 1384<\/strong> (+16 for winning)\n|l|\u2606Tentacruel Man\n","uploadtime":1682449114,"views":12,"p1id":"tentacruelman","p2id":"obvaltisobv","formatid":"gen9vgc2023regulationc","rating":1290,"private":0,"password":""}