{"id":"gen9vgc2023regulationc-1861079255","p1":"kaiyoooo","p2":"BaltimoreBuizels","format":"[Gen 9] VGC 2023 Regulation C","log":"|j|\u2606kaiyoooo\n|j|\u2606BaltimoreBuizels\n|t:|1683724490\n|gametype|doubles\n|player|p1|kaiyoooo|shadowtriad|1179\n|player|p2|BaltimoreBuizels|flannery|1146\n|teamsize|p1|6\n|teamsize|p2|6\n|gen|9\n|tier|[Gen 9] VGC 2023 Regulation C\n|rated|\n|rule|Species Clause: Limit one of each Pok\u00e9mon\n|rule|Item Clause: Limit one of each item\n|clearpoke\n|poke|p1|Chi-Yu, L50|\n|poke|p1|Iron Bundle, L50|\n|poke|p1|Great Tusk, L50|\n|poke|p1|Murkrow, L50, M|\n|poke|p1|Dragonite, L50, M|\n|poke|p1|Flutter Mane, L50|\n|poke|p2|Dragapult, L50, M|\n|poke|p2|Chien-Pao, L50|\n|poke|p2|Talonflame, L50, M|\n|poke|p2|Iron Bundle, L50|\n|poke|p2|Flutter Mane, L50|\n|poke|p2|Amoonguss, L50, M|\n|teampreview|4\n|c|\u2606kaiyoooo|glhf\n|\n|t:|1683724532\n|start\n|switch|p1a: Murkrow|Murkrow, L50, M, shiny|100\/100\n|switch|p1b: Chi-Yu|Chi-Yu, L50|100\/100\n|switch|p2a: Gimbob|Iron Bundle, L50, shiny|100\/100\n|switch|p2b: Taloncott|Talonflame, L50, M, shiny|100\/100\n|-ability|p1b: Chi-Yu|Beads of Ruin\n|-enditem|p2a: Gimbob|Booster Energy\n|-activate|p2a: Gimbob|ability: Quark Drive|[fromitem]\n|-start|p2a: Gimbob|quarkdrivespe\n|turn|1\n|c|\u2606BaltimoreBuizels|You too\n|\n|t:|1683724557\n|move|p2b: Taloncott|Tailwind|p2b: Taloncott\n|-sidestart|p2: BaltimoreBuizels|move: Tailwind\n|move|p1a: Murkrow|Sunny Day|p1a: Murkrow\n|-weather|SunnyDay\n|move|p2a: Gimbob|Hydro Pump|p1b: Chi-Yu|[miss]\n|-miss|p2a: Gimbob|p1b: Chi-Yu\n|move|p1b: Chi-Yu|Heat Wave|p2a: Gimbob|[spread] p2a,p2b\n|-resisted|p2b: Taloncott\n|-damage|p2a: Gimbob|0 fnt\n|-damage|p2b: Taloncott|46\/100\n|faint|p2a: Gimbob\n|-end|p2a: Gimbob|Quark Drive|[silent]\n|\n|-weather|SunnyDay|[upkeep]\n|upkeep\n|\n|t:|1683724564\n|switch|p2a: Whimsi-Pao|Chien-Pao, L50|100\/100\n|-ability|p2a: Whimsi-Pao|Sword of Ruin\n|turn|2\n|\n|t:|1683724576\n|move|p1a: Murkrow|Tailwind|p1a: Murkrow\n|-sidestart|p1: kaiyoooo|move: Tailwind\n|move|p2a: Whimsi-Pao|Sacred Sword|p1b: Chi-Yu\n|-supereffective|p1b: Chi-Yu\n|-damage|p1b: Chi-Yu|0 fnt\n|faint|p1b: Chi-Yu\n|move|p2b: Taloncott|Brave Bird|p1a: Murkrow\n|-damage|p1a: Murkrow|45\/100\n|-damage|p2b: Taloncott|29\/100|[from] Recoil\n|\n|-weather|SunnyDay|[upkeep]\n|upkeep\n|\n|t:|1683724582\n|switch|p1b: Flutter Mane|Flutter Mane, L50|100\/100\n|-activate|p1b: Flutter Mane|ability: Protosynthesis\n|-start|p1b: Flutter Mane|protosynthesisspe\n|turn|3\n|\n|t:|1683724595\n|-terastallize|p1b: Flutter Mane|Fairy\n|move|p1b: Flutter Mane|Dazzling Gleam|p2a: Whimsi-Pao|[spread] p2a,p2b\n|-supereffective|p2a: Whimsi-Pao\n|-resisted|p2b: Taloncott\n|-enditem|p2a: Whimsi-Pao|Focus Sash\n|-damage|p2a: Whimsi-Pao|1\/100\n|-damage|p2b: Taloncott|0 fnt\n|faint|p2b: Taloncott\n|move|p2a: Whimsi-Pao|Ice Spinner|p1b: Flutter Mane\n|-enditem|p1b: Flutter Mane|Focus Sash\n|-damage|p1b: Flutter Mane|1\/100\n|move|p1a: Murkrow|Foul Play|p2a: Whimsi-Pao\n|-resisted|p2a: Whimsi-Pao\n|-crit|p2a: Whimsi-Pao\n|-damage|p2a: Whimsi-Pao|0 fnt\n|faint|p2a: Whimsi-Pao\n|\n|-weather|SunnyDay|[upkeep]\n|upkeep\n|\n|t:|1683724603\n|switch|p2b: Fluttercott|Flutter Mane, L50, shiny|100\/100\n|-activate|p2b: Fluttercott|ability: Protosynthesis\n|-start|p2b: Fluttercott|protosynthesisspa\n|turn|4\n|\n|t:|1683724618\n|-terastallize|p2b: Fluttercott|Water\n|move|p1b: Flutter Mane|Shadow Ball|p2b: Fluttercott\n|-damage|p2b: Fluttercott|61\/100\n|move|p2b: Fluttercott|Dazzling Gleam|p1a: Murkrow|[spread] p1a,p1b\n|-supereffective|p1a: Murkrow\n|-damage|p1a: Murkrow|0 fnt\n|-damage|p1b: Flutter Mane|0 fnt\n|faint|p1a: Murkrow\n|faint|p1b: Flutter Mane\n|-end|p1b: Flutter Mane|Protosynthesis|[silent]\n|\n|-weather|SunnyDay|[upkeep]\n|-sideend|p2: BaltimoreBuizels|move: Tailwind\n|upkeep\n|\n|t:|1683724624\n|switch|p1b: Iron Bundle|Iron Bundle, L50|100\/100\n|-enditem|p1b: Iron Bundle|Booster Energy\n|-activate|p1b: Iron Bundle|ability: Quark Drive|[fromitem]\n|-start|p1b: Iron Bundle|quarkdrivespe\n|turn|5\n|\n|t:|1683724630\n|move|p1b: Iron Bundle|Freeze-Dry|p2b: Fluttercott\n|-supereffective|p2b: Fluttercott\n|-damage|p2b: Fluttercott|0 fnt\n|faint|p2b: Fluttercott\n|-end|p2b: Fluttercott|Protosynthesis|[silent]\n|\n|win|kaiyoooo\n|raw|kaiyoooo's rating: 1179 → 1202<\/strong> (+23 for winning)\n|raw|BaltimoreBuizels's rating: 1146 → 1123<\/strong> (-23 for losing)\n|c|\u2606kaiyoooo|gg\n","uploadtime":1683724634,"views":18,"p1id":"kaiyoooo","p2id":"baltimorebuizels","formatid":"gen9vgc2023regulationc","rating":1123,"private":0,"password":""}