{"id":"gen9vgc2023regulationc-1848165640","p1":"RibombeeForUbers","p2":"ApplinFan773","format":"[Gen 9] VGC 2023 Regulation C","log":"|j|\u2606RibombeeForUbers\n|j|\u2606ApplinFan773\n|t:|1682037463\n|gametype|doubles\n|player|p1|RibombeeForUbers|265|1314\n|player|p2|ApplinFan773|cilan|1215\n|teamsize|p1|6\n|teamsize|p2|6\n|gen|9\n|tier|[Gen 9] VGC 2023 Regulation C\n|rated|\n|rule|Species Clause: Limit one of each Pok\u00e9mon\n|rule|Item Clause: Limit one of each item\n|clearpoke\n|poke|p1|Torkoal, L50, M|\n|poke|p1|Slither Wing, L50|\n|poke|p1|Flutter Mane, L50|\n|poke|p1|Iron Hands, L50|\n|poke|p1|Oranguru, L50, M|\n|poke|p1|Coalossal, L50, F|\n|poke|p2|Maushold-Four, L50|\n|poke|p2|Flutter Mane, L50|\n|poke|p2|Scream Tail, L50|\n|poke|p2|Arboliva, L50, F|\n|poke|p2|Ceruledge, L50, M|\n|poke|p2|Salamence, L50, M|\n|teampreview|4\n|inactive|Battle timer is ON: inactive players will automatically lose when time's up. (requested by ApplinFan773)\n|c|\u2606ApplinFan773|Glhf\n|c|\u2606ApplinFan773|Cool team\nRibombeeForUbers has agreed to open team sheets.\n|c|\u2606RibombeeForUbers|Ty you too!\n|inactive|ApplinFan773 has 60 seconds left.\n|\n|t:|1682037507\n|start\n|switch|p1a: Flutter Mane|Flutter Mane, L50|100\/100\n|switch|p1b: Torkoal|Torkoal, L50, M|100\/100\n|switch|p2a: The Millers|Maushold-Four, L50|100\/100\n|switch|p2b: Grim Shady|Ceruledge, L50, M|100\/100\n|-weather|SunnyDay|[from] ability: Drought|[of] p1b: Torkoal\n|-activate|p1a: Flutter Mane|ability: Protosynthesis\n|-start|p1a: Flutter Mane|protosynthesisspe\n|turn|1\n|inactive|RibombeeForUbers has 30 seconds left.\n|c|\u2606RibombeeForUbers|I dont have my regulation c team ready for this weekend's tournament so im practicing with my series 2 team again\n|inactive|RibombeeForUbers has 20 seconds left.\n|c|\u2606ApplinFan773|No worries lol, im practicing too\n|inactive|RibombeeForUbers has 15 seconds left.\n|inactive|RibombeeForUbers has 10 seconds left.\n|\n|t:|1682037554\n|move|p2a: The Millers|Follow Me|p2a: The Millers\n|-singleturn|p2a: The Millers|move: Follow Me\n|move|p2b: Grim Shady|Shadow Sneak|p1a: Flutter Mane\n|-supereffective|p1a: Flutter Mane\n|-damage|p1a: Flutter Mane|17\/100\n|move|p1a: Flutter Mane|Dazzling Gleam|p2b: Grim Shady|[spread] p2a,p2b\n|-resisted|p2b: Grim Shady\n|-damage|p2a: The Millers|52\/100\n|-damage|p2b: Grim Shady|91\/100\n|move|p1b: Torkoal|Eruption|p2a: The Millers|[spread] p2a\n|-start|p2b: Grim Shady|ability: Flash Fire\n|-damage|p2a: The Millers|0 fnt\n|faint|p2a: The Millers\n|\n|-weather|SunnyDay|[upkeep]\n|upkeep\n|\n|t:|1682037578\n|switch|p2a: Myrtle|Flutter Mane, L50, shiny|100\/100\n|-activate|p2a: Myrtle|ability: Protosynthesis\n|-start|p2a: Myrtle|protosynthesisspa\n|turn|2\n|\n|t:|1682037594\n|move|p2a: Myrtle|Protect|p2a: Myrtle\n|-singleturn|p2a: Myrtle|Protect\n|move|p2b: Grim Shady|Shadow Sneak|p1a: Flutter Mane\n|-supereffective|p1a: Flutter Mane\n|-damage|p1a: Flutter Mane|0 fnt\n|faint|p1a: Flutter Mane\n|-end|p1a: Flutter Mane|Protosynthesis|[silent]\n|move|p1b: Torkoal|Earth Power|p2b: Grim Shady\n|-supereffective|p2b: Grim Shady\n|-damage|p2b: Grim Shady|58\/100\n|\n|-weather|SunnyDay|[upkeep]\n|upkeep\n|\n|t:|1682037618\n|switch|p1a: Slither Wing|Slither Wing, L50|100\/100\n|-activate|p1a: Slither Wing|ability: Protosynthesis\n|-start|p1a: Slither Wing|protosynthesisatk\n|turn|3\n|\n|t:|1682037628\n|-terastallize|p1a: Slither Wing|Fire\n|move|p2a: Myrtle|Power Gem|p1b: Torkoal\n|-supereffective|p1b: Torkoal\n|-damage|p1b: Torkoal|0 fnt\n|faint|p1b: Torkoal\n|-damage|p2a: Myrtle|91\/100|[from] item: Life Orb\n|move|p2b: Grim Shady|Bitter Blade|p1a: Slither Wing\n|-resisted|p1a: Slither Wing\n|-damage|p1a: Slither Wing|40\/100\n|-heal|p2b: Grim Shady|92\/100|[from] drain|[of] p1a: Slither Wing\n|move|p1a: Slither Wing|Flame Charge|p2a: Myrtle\n|-damage|p2a: Myrtle|0 fnt\n|-boost|p1a: Slither Wing|spe|1\n|faint|p2a: Myrtle\n|-end|p2a: Myrtle|Protosynthesis|[silent]\n|\n|-weather|SunnyDay|[upkeep]\n|upkeep\n|\n|t:|1682037644\n|switch|p2a: Salami|Salamence, L50, M, shiny|100\/100\n|switch|p1b: Coalossal|Coalossal, L50, F|100\/100\n|-ability|p2a: Salami|Intimidate|boost\n|-unboost|p1a: Slither Wing|atk|1\n|-unboost|p1b: Coalossal|atk|1\n|turn|4\n|inactive|ApplinFan773 has 30 seconds left.\n|\n|t:|1682037670\n|-terastallize|p2b: Grim Shady|Grass\n|move|p2b: Grim Shady|Shadow Sneak|p1a: Slither Wing\n|-damage|p1a: Slither Wing|18\/100\n|move|p2a: Salami|Dragon Claw|p1a: Slither Wing\n|-damage|p1a: Slither Wing|0 fnt\n|faint|p1a: Slither Wing\n|-end|p1a: Slither Wing|Protosynthesis|[silent]\n|move|p1b: Coalossal|Rock Slide|p2a: Salami|[spread] p2a,p2b\n|-supereffective|p2a: Salami\n|-damage|p2a: Salami|68\/100\n|-damage|p2b: Grim Shady|75\/100\n|\n|-weather|SunnyDay|[upkeep]\n|upkeep\n|turn|5\n|\n|t:|1682037692\n|move|p2a: Salami|Brick Break|p1b: Coalossal\n|-supereffective|p1b: Coalossal\n|-damage|p1b: Coalossal|57\/100\n|-enditem|p1b: Coalossal|Weakness Policy\n|-boost|p1b: Coalossal|atk|2|[from] item: Weakness Policy\n|-boost|p1b: Coalossal|spa|2|[from] item: Weakness Policy\n|-enditem|p2a: Salami|Mirror Herb\n|-boost|p2a: Salami|atk|2|[from] item: Mirror Herb\n|-boost|p2a: Salami|spa|2|[from] item: Mirror Herb\n|move|p2b: Grim Shady|Close Combat|p1b: Coalossal\n|-supereffective|p1b: Coalossal\n|-damage|p1b: Coalossal|0 fnt\n|-unboost|p2b: Grim Shady|def|1\n|-unboost|p2b: Grim Shady|spd|1\n|faint|p1b: Coalossal\n|\n|win|ApplinFan773\n|raw|RibombeeForUbers's rating: 1314 → 1288<\/strong> (-26 for losing)\n|raw|ApplinFan773's rating: 1215 → 1247<\/strong> (+32 for winning)\n|l|\u2606RibombeeForUbers\n|c|\u2606ApplinFan773|ggs man, super cool team\n|c|\u2606ApplinFan773|Good luck in the tournament\n|c|\u2606ApplinFan773|Oh he left\n","uploadtime":1682037772,"views":8,"p1id":"ribombeeforubers","p2id":"applinfan773","formatid":"gen9vgc2023regulationc","rating":1247,"private":0,"password":""}