{"id":"gen9vgc2023regulationc-1859168621","p1":"Kiwigal","p2":"BIGHAXORUSFAN147","format":"[Gen 9] VGC 2023 Regulation C","log":"|j|\u2606Kiwigal\n|j|\u2606BIGHAXORUSFAN147\n|t:|1683412888\n|gametype|doubles\n|player|p1|Kiwigal|emma|1491\n|player|p2|BIGHAXORUSFAN147|grimsley-masters|1563\n|teamsize|p1|6\n|teamsize|p2|6\n|gen|9\n|tier|[Gen 9] VGC 2023 Regulation C\n|rated|\n|rule|Species Clause: Limit one of each Pok\u00e9mon\n|rule|Item Clause: Limit one of each item\n|clearpoke\n|poke|p1|Dondozo, L50, F|\n|poke|p1|Tatsugiri, L50, M|\n|poke|p1|Ting-Lu, L50|\n|poke|p1|Abomasnow, L50, F|\n|poke|p1|Wo-Chien, L50|\n|poke|p1|Iron Bundle, L50|\n|poke|p2|Kingambit, L50, M|\n|poke|p2|Dragonite, L50, M|\n|poke|p2|Palafin, L50, M|\n|poke|p2|Amoonguss, L50, M|\n|poke|p2|Arcanine, L50, M|\n|poke|p2|Flutter Mane, L50|\n|teampreview|4\nBIGHAXORUSFAN147 has agreed to open team sheets.\nKiwigal has agreed to open team sheets.\n|inactive|Battle timer is ON: inactive players will automatically lose when time's up. (requested by BIGHAXORUSFAN147)\n|\n|t:|1683412998\n|start\n|switch|p1a: Ting-Lu|Ting-Lu, L50|100\/100\n|switch|p1b: Abomasnow|Abomasnow, L50, F|100\/100\n|switch|p2a: Mihawk|Kingambit, L50, M|100\/100\n|switch|p2b: Perona|Flutter Mane, L50|100\/100\n|-weather|Snow|[from] ability: Snow Warning|[of] p1b: Abomasnow\n|-ability|p1a: Ting-Lu|Vessel of Ruin\n|turn|1\n|inactive|Kiwigal has 30 seconds left.\n|inactive|Kiwigal has 20 seconds left.\n|\n|t:|1683413035\n|-end|p2b: Perona|Protosynthesis|[silent]\n|switch|p2b: Jinbe|Palafin, L50, M, shiny|100\/100\n|move|p1a: Ting-Lu|Protect|p1a: Ting-Lu\n|-singleturn|p1a: Ting-Lu|Protect\n|move|p1b: Abomasnow|Aurora Veil|p1b: Abomasnow\n|-sidestart|p1: Kiwigal|move: Aurora Veil\n|move|p2a: Mihawk|Swords Dance|p2a: Mihawk\n|-boost|p2a: Mihawk|atk|2\n|\n|-weather|Snow|[upkeep]\n|upkeep\n|turn|2\n|\n|t:|1683413054\n|detailschange|p2b: Jinbe|Palafin-Hero, L50, M, shiny\n|switch|p2b: Aramaki|Amoonguss, L50, M|100\/100\n|-terastallize|p2a: Mihawk|Dark\n|move|p1b: Abomasnow|Giga Drain|p2b: Aramaki\n|-resisted|p2b: Aramaki\n|-damage|p2b: Aramaki|96\/100\n|move|p2a: Mihawk|Swords Dance|p2a: Mihawk\n|-boost|p2a: Mihawk|atk|2\n|move|p1a: Ting-Lu|Fissure|p2a: Mihawk|[miss]\n|-miss|p1a: Ting-Lu|p2a: Mihawk\n|\n|-weather|Snow|[upkeep]\n|upkeep\n|turn|3\n|inactive|BIGHAXORUSFAN147 has 30 seconds left.\n|\n|t:|1683413086\n|move|p1b: Abomasnow|Blizzard|p2b: Aramaki|[spread] p2a,p2b\n|-supereffective|p2b: Aramaki\n|-damage|p2a: Mihawk|78\/100\n|-damage|p2b: Aramaki|57\/100\n|move|p2a: Mihawk|Swords Dance|p2a: Mihawk\n|-boost|p2a: Mihawk|atk|2\n|move|p1a: Ting-Lu|Sand Tomb|p2a: Mihawk|[miss]\n|-miss|p1a: Ting-Lu|p2a: Mihawk\n|move|p2b: Aramaki|Spore|p1a: Ting-Lu\n|-status|p1a: Ting-Lu|slp|[from] move: Spore\n|\n|-weather|Snow|[upkeep]\n|upkeep\n|turn|4\n|\n|t:|1683413109\n|move|p2b: Aramaki|Protect|p2b: Aramaki\n|-singleturn|p2b: Aramaki|Protect\n|move|p1b: Abomasnow|Blizzard|p2b: Aramaki|[spread] p2a\n|-activate|p2b: Aramaki|move: Protect\n|-damage|p2a: Mihawk|55\/100\n|move|p2a: Mihawk|Kowtow Cleave|p1b: Abomasnow\n|-damage|p1b: Abomasnow|0 fnt\n|faint|p1b: Abomasnow\n|cant|p1a: Ting-Lu|slp\n|\n|-weather|Snow|[upkeep]\n|upkeep\n|inactive|Kiwigal has 30 seconds left.\n|inactive|Kiwigal has 20 seconds left.\n|inactive|Kiwigal has 15 seconds left.\n|\n|t:|1683413151\n|switch|p1b: Dondozo|Dondozo, L50, F|100\/100\n|turn|5\n|\n|t:|1683413174\n|move|p1b: Dondozo|Protect|p1b: Dondozo\n|-singleturn|p1b: Dondozo|Protect\n|move|p2b: Aramaki|Rage Powder|p2b: Aramaki\n|-singleturn|p2b: Aramaki|move: Rage Powder\n|move|p2a: Mihawk|Kowtow Cleave|p1b: Dondozo\n|-activate|p1b: Dondozo|move: Protect\n|cant|p1a: Ting-Lu|slp\n|\n|-weather|none\n|upkeep\n|turn|6\n|\n|t:|1683413189\n|switch|p1a: Tatsugiri|Tatsugiri, L50, M|100\/100\n|-activate|p1a: Tatsugiri|ability: Commander|[of] p1b: Dondozo\n|-boost|p1b: Dondozo|atk|2\n|-boost|p1b: Dondozo|spa|2\n|-boost|p1b: Dondozo|spe|2\n|-boost|p1b: Dondozo|def|2\n|-boost|p1b: Dondozo|spd|2\n|move|p2b: Aramaki|Rage Powder|p2b: Aramaki\n|-singleturn|p2b: Aramaki|move: Rage Powder\n|move|p1b: Dondozo|Surf|p2a: Mihawk|[spread] p2a,p2b\n|-miss|p1b: Dondozo|p1a: Tatsugiri\n|-resisted|p2b: Aramaki\n|-damage|p2a: Mihawk|18\/100\n|-damage|p2b: Aramaki|41\/100\n|-enditem|p2b: Aramaki|Sitrus Berry|[eat]\n|-heal|p2b: Aramaki|66\/100|[from] item: Sitrus Berry\n|move|p2a: Mihawk|Kowtow Cleave|p1b: Dondozo\n|-damage|p1b: Dondozo|85\/100\n|\n|-heal|p1b: Dondozo|91\/100|[from] item: Leftovers\n|upkeep\n|turn|7\n|\n|t:|1683413214\n|move|p2a: Mihawk|Protect|p2a: Mihawk\n|-singleturn|p2a: Mihawk|Protect\n|move|p1b: Dondozo|Surf|p2a: Mihawk|[spread] p2b\n|-miss|p1b: Dondozo|p1a: Tatsugiri\n|-activate|p2a: Mihawk|move: Protect\n|-resisted|p2b: Aramaki\n|-damage|p2b: Aramaki|50\/100\n|move|p2b: Aramaki|Spore|p1b: Dondozo\n|-status|p1b: Dondozo|slp|[from] move: Spore\n|\n|-heal|p1b: Dondozo|97\/100 slp|[from] item: Leftovers\n|upkeep\n|turn|8\n|\n|t:|1683413234\n|switch|p2a: Perona|Flutter Mane, L50|100\/100\n|switch|p2b: Jinbe|Palafin-Hero, L50, M, shiny|100\/100\n|-activate|p2b: Jinbe|ability: Zero to Hero\n|cant|p1b: Dondozo|slp\n|\n|-heal|p1b: Dondozo|100\/100 slp|[from] item: Leftovers\n|-sideend|p1: Kiwigal|move: Aurora Veil\n|upkeep\n|turn|9\n|inactive|BIGHAXORUSFAN147 has 30 seconds left.\n|\n|t:|1683413264\n|move|p2a: Perona|Shadow Ball|p1b: Dondozo\n|-damage|p1b: Dondozo|78\/100 slp\n|move|p2b: Jinbe|Haze|p2b: Jinbe\n|-clearallboost\n|cant|p1b: Dondozo|slp\n|\n|-heal|p1b: Dondozo|84\/100 slp|[from] item: Leftovers\n|upkeep\n|turn|10\n|inactive|BIGHAXORUSFAN147 has 30 seconds left.\n|\n|t:|1683413291\n|-end|p2a: Perona|Protosynthesis|[silent]\n|switch|p2a: Mihawk|Kingambit, L50, M, tera:Dark|18\/100\n|move|p2b: Jinbe|Wave Crash|p1b: Dondozo\n|-resisted|p1b: Dondozo\n|-damage|p1b: Dondozo|54\/100 slp\n|-damage|p2b: Jinbe|88\/100|[from] Recoil\n|cant|p1b: Dondozo|slp\n|\n|-heal|p1b: Dondozo|60\/100 slp|[from] item: Leftovers\n|upkeep\n|turn|11\n|inactive|BIGHAXORUSFAN147 has 30 seconds left.\n|\n|t:|1683413318\n|-curestatus|p1b: Dondozo|slp|[msg]\n|move|p1b: Dondozo|Protect|p1b: Dondozo\n|-singleturn|p1b: Dondozo|Protect\n|move|p2b: Jinbe|Wave Crash|p1b: Dondozo\n|-activate|p1b: Dondozo|move: Protect\n|move|p2a: Mihawk|Kowtow Cleave|p1b: Dondozo\n|-activate|p1b: Dondozo|move: Protect\n|\n|-heal|p1b: Dondozo|66\/100|[from] item: Leftovers\n|upkeep\n|turn|12\n|\n|t:|1683413335\n|switch|p2a: Aramaki|Amoonguss, L50, M|83\/100\n|move|p2b: Jinbe|Wave Crash|p1b: Dondozo\n|-resisted|p1b: Dondozo\n|-damage|p1b: Dondozo|35\/100\n|-damage|p2b: Jinbe|75\/100|[from] Recoil\n|move|p1b: Dondozo|Surf|p2b: Jinbe|[spread] p2a,p2b\n|-miss|p1b: Dondozo|p1a: Tatsugiri\n|-resisted|p2a: Aramaki\n|-resisted|p2b: Jinbe\n|-damage|p2a: Aramaki|74\/100\n|-damage|p2b: Jinbe|64\/100\n|\n|-heal|p1b: Dondozo|41\/100|[from] item: Leftovers\n|upkeep\n|turn|13\n|\n|t:|1683413354\n|move|p2b: Jinbe|Protect|p2b: Jinbe\n|-singleturn|p2b: Jinbe|Protect\n|move|p1b: Dondozo|Protect|p1b: Dondozo\n|-singleturn|p1b: Dondozo|Protect\n|move|p2a: Aramaki|Spore|p1b: Dondozo\n|-activate|p1b: Dondozo|move: Protect\n|\n|-heal|p1b: Dondozo|47\/100|[from] item: Leftovers\n|upkeep\n|turn|14\n|\n|t:|1683413368\n|move|p2b: Jinbe|Jet Punch|p1b: Dondozo\n|-resisted|p1b: Dondozo\n|-damage|p1b: Dondozo|33\/100\n|move|p1b: Dondozo|Yawn|p2b: Jinbe\n|-start|p2b: Jinbe|move: Yawn|[of] p1b: Dondozo\n|move|p2a: Aramaki|Spore|p1b: Dondozo\n|-status|p1b: Dondozo|slp|[from] move: Spore\n|\n|-heal|p1b: Dondozo|40\/100 slp|[from] item: Leftovers\n|upkeep\n|turn|15\n|\n|t:|1683413377\n|switch|p2b: Mihawk|Kingambit, L50, M, tera:Dark|18\/100\n|cant|p1b: Dondozo|slp\n|move|p2a: Aramaki|Pollen Puff|p2b: Mihawk\n|-heal|p2b: Mihawk|67\/100\n|\n|-heal|p1b: Dondozo|46\/100 slp|[from] item: Leftovers\n|upkeep\n|turn|16\n|\n|t:|1683413390\n|move|p2b: Mihawk|Swords Dance|p2b: Mihawk\n|-boost|p2b: Mihawk|atk|2\n|-curestatus|p1b: Dondozo|slp|[msg]\n|move|p1b: Dondozo|Surf|p2a: Aramaki|[spread] p2a,p2b\n|-miss|p1b: Dondozo|p1a: Tatsugiri\n|-resisted|p2a: Aramaki\n|-damage|p2a: Aramaki|65\/100\n|-damage|p2b: Mihawk|47\/100\n|move|p2a: Aramaki|Pollen Puff|p2b: Mihawk\n|-heal|p2b: Mihawk|97\/100\n|\n|-heal|p1b: Dondozo|52\/100|[from] item: Leftovers\n|upkeep\n|turn|17\n|\n|t:|1683413409\n|move|p1b: Dondozo|Protect|p1b: Dondozo\n|-singleturn|p1b: Dondozo|Protect\n|move|p2a: Aramaki|Rage Powder|p2a: Aramaki\n|-singleturn|p2a: Aramaki|move: Rage Powder\n|move|p2b: Mihawk|Kowtow Cleave|p1b: Dondozo\n|-activate|p1b: Dondozo|move: Protect\n|\n|-heal|p1b: Dondozo|58\/100|[from] item: Leftovers\n|upkeep\n|turn|18\n|\n|t:|1683413421\n|switch|p2a: Perona|Flutter Mane, L50|100\/100\n|-terastallize|p1b: Dondozo|Fire\n|move|p2b: Mihawk|Kowtow Cleave|p1b: Dondozo\n|-damage|p1b: Dondozo|17\/100\n|move|p1b: Dondozo|Tera Blast|p2a: Perona\n|-damage|p2a: Perona|77\/100\n|\n|-heal|p1b: Dondozo|23\/100|[from] item: Leftovers\n|upkeep\n|turn|19\n|inactive|BIGHAXORUSFAN147 has 30 seconds left.\n|\n|t:|1683413449\n|move|p1b: Dondozo|Protect|p1b: Dondozo\n|-singleturn|p1b: Dondozo|Protect\n|move|p2a: Perona|Moonblast|p1b: Dondozo\n|-activate|p1b: Dondozo|move: Protect\n|move|p2b: Mihawk|Kowtow Cleave|p1b: Dondozo\n|-activate|p1b: Dondozo|move: Protect\n|\n|-heal|p1b: Dondozo|29\/100|[from] item: Leftovers\n|upkeep\n|turn|20\n|-message|Kiwigal forfeited.\n|\n|win|BIGHAXORUSFAN147\n|raw|Kiwigal's rating: 1491 → 1475<\/strong> (-16 for losing)\n|raw|BIGHAXORUSFAN147's rating: 1563 → 1579<\/strong> (+16 for winning)\n|l|\u2606Kiwigal\n","uploadtime":1683413454,"views":11,"p1id":"kiwigal","p2id":"bighaxorusfan147","formatid":"gen9vgc2023regulationc","rating":1475,"private":0,"password":""}