{"id":"gen9vgc2023regulationc-1862262976","p1":"aed96","p2":"Bullish21","format":"[Gen 9] VGC 2023 Regulation C","log":"|j|\u2606aed96\n|j|\u2606Bullish21\n|t:|1683856730\n|gametype|doubles\n|player|p1|aed96|red-masters|\n|player|p2|Bullish21|riley|\n|teamsize|p1|6\n|teamsize|p2|6\n|gen|9\n|tier|[Gen 9] VGC 2023 Regulation C\n|rule|Species Clause: Limit one of each Pok\u00e9mon\n|rule|Item Clause: Limit one of each item\n|clearpoke\n|poke|p1|Amoonguss, L50, M|\n|poke|p1|Azumarill, L50, M|\n|poke|p1|Espeon, L50, F|\n|poke|p1|Eelektross, L50, M|\n|poke|p1|Dragapult, L50, F|\n|poke|p1|Dragonite, L50, M|\n|poke|p2|Brambleghast, L50, M|\n|poke|p2|Ursaring, L50, M|\n|poke|p2|Lucario, L50, F|\n|poke|p2|Indeedee-F, L50, F|\n|poke|p2|Sylveon, L50, F|\n|poke|p2|Hatterene, L50, F|\n|teampreview|4\n|c|\u2606aed96|g1\nBullish21 has agreed to open team sheets.\naed96 has agreed to open team sheets.\n|c|\u2606Bullish21|gl bro\n|c|\u2606aed96|glhf\n|\n|t:|1683856821\n|start\n|switch|p1a: Dragonite|Dragonite, L50, M|100\/100\n|switch|p1b: Espeon|Espeon, L50, F|100\/100\n|switch|p2a: Hatterene|Hatterene, L50, F|100\/100\n|switch|p2b: Sylveon|Sylveon, L50, F|100\/100\n|turn|1\n|\n|t:|1683856837\n|-terastallize|p1a: Dragonite|Flying\n|move|p1b: Espeon|Psychic|p2b: Sylveon\n|-damage|p2b: Sylveon|69\/100\n|move|p1a: Dragonite|Tera Blast|p2b: Sylveon\n|-damage|p2b: Sylveon|0 fnt\n|faint|p2b: Sylveon\n|move|p2a: Hatterene|Trick Room|p2a: Hatterene\n|-fieldstart|move: Trick Room|[of] p2a: Hatterene\n|\n|upkeep\n|\n|t:|1683856847\n|switch|p2b: Ursaring|Ursaring, L50, M|100\/100\n|turn|2\n|\n|t:|1683856858\n|move|p2a: Hatterene|Dazzling Gleam|p1a: Dragonite|[spread] p1a,p1b\n|-damage|p1a: Dragonite|84\/100\n|-damage|p1b: Espeon|62\/100\n|move|p2b: Ursaring|Rock Slide|p1b: Espeon|[spread] p1a,p1b\n|-supereffective|p1a: Dragonite\n|-damage|p1a: Dragonite|41\/100\n|-damage|p1b: Espeon|35\/100\n|-enditem|p1b: Espeon|Sitrus Berry|[eat]\n|-heal|p1b: Espeon|60\/100|[from] item: Sitrus Berry\n|move|p1a: Dragonite|Tera Blast|p2a: Hatterene\n|-damage|p2a: Hatterene|33\/100\n|cant|p1b: Espeon|flinch\n|\n|-status|p2b: Ursaring|brn|[from] item: Flame Orb\n|upkeep\n|turn|3\n|\n|t:|1683856882\n|move|p1a: Dragonite|Protect|p1a: Dragonite\n|-singleturn|p1a: Dragonite|Protect\n|move|p1b: Espeon|Protect|p1b: Espeon\n|-singleturn|p1b: Espeon|Protect\n|move|p2a: Hatterene|Dazzling Gleam|p1b: Espeon|[spread] \n|-activate|p1a: Dragonite|move: Protect\n|-activate|p1b: Espeon|move: Protect\n|move|p2b: Ursaring|Rock Slide|p1a: Dragonite|[spread] \n|-activate|p1a: Dragonite|move: Protect\n|-activate|p1b: Espeon|move: Protect\n|\n|-damage|p2b: Ursaring|94\/100 brn|[from] brn\n|upkeep\n|turn|4\n|\n|t:|1683856904\n|switch|p2a: Indeedee|Indeedee-F, L50, F|100\/100\n|-fieldstart|move: Psychic Terrain|[from] ability: Psychic Surge|[of] p2a: Indeedee\n|-enditem|p2a: Indeedee|Psychic Seed\n|-boost|p2a: Indeedee|spd|1|[from] item: Psychic Seed\n|move|p1a: Dragonite|Extreme Speed|p2a: Indeedee\n|-activate|p2a: Indeedee|move: Psychic Terrain\n|move|p2b: Ursaring|Rock Slide|p1b: Espeon|[spread] p1a,p1b\n|-supereffective|p1a: Dragonite\n|-damage|p1a: Dragonite|0 fnt\n|-damage|p1b: Espeon|23\/100\n|faint|p1a: Dragonite\n|move|p1b: Espeon|Trick Room|p1b: Espeon\n|-fieldend|move: Trick Room\n|\n|-damage|p2b: Ursaring|88\/100 brn|[from] brn\n|upkeep\n|\n|t:|1683856920\n|switch|p1a: Amoonguss|Amoonguss, L50, M, shiny|100\/100\n|turn|5\n|\n|t:|1683856939\n|move|p1b: Espeon|Protect|p1b: Espeon\n|-singleturn|p1b: Espeon|Protect\n|move|p2a: Indeedee|Psyshock|p1a: Amoonguss\n|-supereffective|p1a: Amoonguss\n|-damage|p1a: Amoonguss|48\/100\n|move|p2b: Ursaring|Facade|p1a: Amoonguss\n|-damage|p1a: Amoonguss|0 fnt\n|faint|p1a: Amoonguss\n|\n|-damage|p2b: Ursaring|82\/100 brn|[from] brn\n|upkeep\n|\n|t:|1683856950\n|switch|p1a: Dragapult|Dragapult, L50, F|100\/100\n|turn|6\n|\n|t:|1683856968\n|move|p1a: Dragapult|Dragon Darts|p2a: Indeedee\n|-damage|p2a: Indeedee|65\/100\n|-anim|p1a: Dragapult|Dragon Darts|p2b: Ursaring\n|-damage|p2b: Ursaring|42\/100 brn\n|move|p1b: Espeon|Psychic|p2b: Ursaring\n|-damage|p2b: Ursaring|0 fnt\n|faint|p2b: Ursaring\n|move|p2a: Indeedee|Trick Room|p2a: Indeedee\n|-fieldstart|move: Trick Room|[of] p2a: Indeedee\n|\n|upkeep\n|\n|t:|1683856976\n|switch|p2b: Hatterene|Hatterene, L50, F|33\/100\n|turn|7\n|\n|t:|1683856998\n|move|p2b: Hatterene|Dazzling Gleam|p1a: Dragapult|[spread] p1a,p1b\n|-supereffective|p1a: Dragapult\n|-damage|p1a: Dragapult|15\/100\n|-damage|p1b: Espeon|0 fnt\n|faint|p1b: Espeon\n|move|p2a: Indeedee|Psyshock|p1a: Dragapult\n|-damage|p1a: Dragapult|0 fnt\n|faint|p1a: Dragapult\n|\n|win|Bullish21\n|c|\u2606Bullish21|gg\n|c|\u2606aed96|gg\n","uploadtime":1683857482,"views":8,"p1id":"aed96","p2id":"bullish21","formatid":"gen9vgc2023regulationc","rating":0,"private":0,"password":""}