{"id":"gen9vgc2023regulationc-1849011372","p1":"kinohara","p2":"leafyarrow","format":"[Gen 9] VGC 2023 Regulation C","log":"|j|\u2606kinohara\n|j|\u2606leafyarrow\n|t:|1682138645\n|gametype|doubles\n|player|p1|kinohara|acetrainerf|\n|player|p2|leafyarrow|leaf-masters|\n|teamsize|p1|6\n|teamsize|p2|6\n|gen|9\n|tier|[Gen 9] VGC 2023 Regulation C\n|rule|Species Clause: Limit one of each Pok\u00e9mon\n|rule|Item Clause: Limit one of each item\n|clearpoke\n|poke|p1|Maushold-Four, L50|\n|poke|p1|Annihilape, L50, F|\n|poke|p1|Amoonguss, L50, M|\n|poke|p1|Talonflame, L50, M|\n|poke|p1|Iron Treads, L50|\n|poke|p1|Flutter Mane, L50|\n|poke|p2|Flutter Mane, L50|\n|poke|p2|Palafin, L50, M|\n|poke|p2|Amoonguss, L50, M|\n|poke|p2|Ting-Lu, L50|\n|poke|p2|Arcanine, L50, F|\n|poke|p2|Roaring Moon, L50|\n|teampreview|4\nleafyarrow has agreed to open team sheets.\nkinohara has agreed to open team sheets.\n|\n|t:|1682138715\n|start\n|switch|p1a: Maushold|Maushold-Four, L50|100\/100\n|switch|p1b: Annihilape|Annihilape, L50, F|100\/100\n|switch|p2a: Arcanine|Arcanine, L50, F|100\/100\n|switch|p2b: Roaring Moon|Roaring Moon, L50|100\/100\n|-ability|p2a: Arcanine|Intimidate|boost\n|-unboost|p1a: Maushold|atk|1\n|-unboost|p1b: Annihilape|atk|1\n|-ability|p1b: Annihilape|Defiant|boost\n|-boost|p1b: Annihilape|atk|2\n|-enditem|p2b: Roaring Moon|Booster Energy\n|-activate|p2b: Roaring Moon|ability: Protosynthesis|[fromitem]\n|-start|p2b: Roaring Moon|protosynthesisspe\n|turn|1\n|\n|t:|1682138741\n|-terastallize|p2b: Roaring Moon|Flying\n|move|p2b: Roaring Moon|Acrobatics|p1b: Annihilape\n|-supereffective|p1b: Annihilape\n|-damage|p1b: Annihilape|16\/100\n|move|p1a: Maushold|Taunt|p2a: Arcanine\n|-start|p2a: Arcanine|move: Taunt\n|cant|p2a: Arcanine|move: Taunt|Will-O-Wisp\n|move|p1b: Annihilape|Bulk Up|p1b: Annihilape\n|-boost|p1b: Annihilape|atk|1\n|-boost|p1b: Annihilape|def|1\n|\n|-heal|p1b: Annihilape|22\/100|[from] item: Leftovers\n|upkeep\n|turn|2\n|\n|t:|1682138770\n|switch|p2a: Flutter Mane|Flutter Mane, L50|100\/100\n|move|p1a: Maushold|Follow Me|p1a: Maushold\n|-singleturn|p1a: Maushold|move: Follow Me\n|move|p2b: Roaring Moon|Acrobatics|p1a: Maushold\n|-damage|p1a: Maushold|29\/100\n|move|p1b: Annihilape|Drain Punch|p2a: Flutter Mane\n|-immune|p2a: Flutter Mane\n|\n|-heal|p1b: Annihilape|28\/100|[from] item: Leftovers\n|upkeep\n|turn|3\n|\n|t:|1682138822\n|-terastallize|p1b: Annihilape|Fire\n|move|p1a: Maushold|Follow Me|p1a: Maushold\n|-singleturn|p1a: Maushold|move: Follow Me\n|move|p2b: Roaring Moon|Dragon Dance|p2b: Roaring Moon\n|-boost|p2b: Roaring Moon|atk|1\n|-boost|p2b: Roaring Moon|spe|1\n|move|p2a: Flutter Mane|Dazzling Gleam|p1a: Maushold|[spread] p1a,p1b\n|-resisted|p1b: Annihilape\n|-damage|p1a: Maushold|0 fnt\n|-damage|p1b: Annihilape|15\/100\n|faint|p1a: Maushold\n|move|p1b: Annihilape|Drain Punch|p2b: Roaring Moon\n|-resisted|p2b: Roaring Moon\n|-damage|p2b: Roaring Moon|60\/100\n|-heal|p1b: Annihilape|33\/100|[from] drain|[of] p2b: Roaring Moon\n|\n|-heal|p1b: Annihilape|39\/100|[from] item: Leftovers\n|upkeep\n|\n|t:|1682138835\n|switch|p1a: Amoonguss|Amoonguss, L50, M|100\/100\n|turn|4\n|\n|t:|1682138859\n|move|p1a: Amoonguss|Rage Powder|p1a: Amoonguss\n|-singleturn|p1a: Amoonguss|move: Rage Powder\n|move|p2b: Roaring Moon|Acrobatics|p1a: Amoonguss\n|-supereffective|p1a: Amoonguss\n|-damage|p1a: Amoonguss|0 fnt\n|faint|p1a: Amoonguss\n|move|p2a: Flutter Mane|Dazzling Gleam|p1b: Annihilape\n|-resisted|p1b: Annihilape\n|-damage|p1b: Annihilape|16\/100\n|move|p1b: Annihilape|Rage Fist|p2b: Roaring Moon\n|-damage|p2b: Roaring Moon|0 fnt\n|faint|p2b: Roaring Moon\n|-end|p2b: Roaring Moon|Protosynthesis|[silent]\n|\n|-heal|p1b: Annihilape|22\/100|[from] item: Leftovers\n|upkeep\n|\n|t:|1682138877\n|switch|p2b: Arcanine|Arcanine, L50, F|100\/100\n|switch|p1a: Talonflame|Talonflame, L50, M|100\/100\n|-ability|p2b: Arcanine|Intimidate|boost\n|-unboost|p1a: Talonflame|atk|1\n|-unboost|p1b: Annihilape|atk|1\n|-ability|p1b: Annihilape|Defiant|boost\n|-boost|p1b: Annihilape|atk|2\n|turn|5\n|\n|t:|1682138917\n|move|p1a: Talonflame|Tailwind|p1a: Talonflame\n|-sidestart|p1: kinohara|move: Tailwind\n|move|p1b: Annihilape|Rage Fist|p2a: Flutter Mane\n|-supereffective|p2a: Flutter Mane\n|-damage|p2a: Flutter Mane|0 fnt\n|faint|p2a: Flutter Mane\n|-end|p2a: Flutter Mane|Protosynthesis|[silent]\n|move|p2b: Arcanine|Flare Blitz|p1b: Annihilape\n|-resisted|p1b: Annihilape\n|-damage|p1b: Annihilape|7\/100\n|-damage|p2b: Arcanine|95\/100|[from] Recoil\n|\n|-heal|p1b: Annihilape|13\/100|[from] item: Leftovers\n|upkeep\n|\n|t:|1682138928\n|switch|p2a: Amoonguss|Amoonguss, L50, M|100\/100\n|turn|6\n|\n|t:|1682138962\n|move|p2b: Arcanine|Protect|p2b: Arcanine\n|-singleturn|p2b: Arcanine|Protect\n|move|p1a: Talonflame|Quick Guard|p1a: Talonflame\n|-singleturn|p1a: Talonflame|Quick Guard\n|move|p1b: Annihilape|Drain Punch|p2b: Arcanine\n|-activate|p2b: Arcanine|move: Protect\n|move|p2a: Amoonguss|Spore|p1b: Annihilape\n|-status|p1b: Annihilape|slp|[from] move: Spore\n|\n|-heal|p1b: Annihilape|19\/100 slp|[from] item: Leftovers\n|upkeep\n|turn|7\n|\n|t:|1682138979\n|move|p1a: Talonflame|Quick Guard|p1a: Talonflame\n|-singleturn|p1a: Talonflame|Quick Guard\n|cant|p1b: Annihilape|slp\n|move|p2b: Arcanine|Flare Blitz|p1b: Annihilape\n|-resisted|p1b: Annihilape\n|-damage|p1b: Annihilape|4\/100 slp\n|-damage|p2b: Arcanine|89\/100|[from] Recoil\n|move|p2a: Amoonguss|Spore|p1a: Talonflame\n|-status|p1a: Talonflame|slp|[from] move: Spore\n|\n|-heal|p1b: Annihilape|10\/100 slp|[from] item: Leftovers\n|upkeep\n|turn|8\n|\n|t:|1682139002\n|cant|p1a: Talonflame|slp\n|-curestatus|p1b: Annihilape|slp|[msg]\n|move|p1b: Annihilape|Drain Punch|p2b: Arcanine\n|-crit|p2b: Arcanine\n|-damage|p2b: Arcanine|0 fnt\n|-heal|p1b: Annihilape|50\/100|[from] drain|[of] p2b: Arcanine\n|faint|p2b: Arcanine\n|move|p2a: Amoonguss|Pollen Puff|p1b: Annihilape\n|-resisted|p1b: Annihilape\n|-damage|p1b: Annihilape|42\/100\n|\n|-heal|p1b: Annihilape|48\/100|[from] item: Leftovers\n|-sideend|p1: kinohara|move: Tailwind\n|upkeep\n|turn|9\n|-message|leafyarrow forfeited.\n|\n|win|kinohara\n","uploadtime":1682139026,"views":12,"p1id":"kinohara","p2id":"leafyarrow","formatid":"gen9vgc2023regulationc","rating":0,"private":0,"password":""}