{"id":"gen9vgc2023regulationc-1845971393","p1":"peytoncookie","p2":"d_davex","format":"[Gen 9] VGC 2023 Regulation C","log":"|j|\u2606peytoncookie\n|j|\u2606d_davex\n|t:|1681785564\n|gametype|doubles\n|player|p1|peytoncookie|ninjaboy|1210\n|player|p2|d_davex|cyclist-gen4|1197\n|teamsize|p1|6\n|teamsize|p2|6\n|gen|9\n|tier|[Gen 9] VGC 2023 Regulation C\n|rated|\n|rule|Species Clause: Limit one of each Pok\u00e9mon\n|rule|Item Clause: Limit one of each item\n|clearpoke\n|poke|p1|Gothitelle, L50, F|\n|poke|p1|Scream Tail, L50|\n|poke|p1|Arcanine, L50, M|\n|poke|p1|Ting-Lu, L50|\n|poke|p1|Flutter Mane, L50|\n|poke|p1|Palafin, L50, F|\n|poke|p2|Grimmsnarl, L50, M|\n|poke|p2|Flutter Mane, L50|\n|poke|p2|Annihilape, L50, F|\n|poke|p2|Wo-Chien, L50|\n|poke|p2|Glimmora, L50, M|\n|poke|p2|Gyarados, L50, F|\n|teampreview|4\n|inactive|Battle timer is ON: inactive players will automatically lose when time's up. (requested by d_davex)\npeytoncookie has agreed to open team sheets.\n|\n|t:|1681785588\n|start\n|switch|p1a: Gothitelle|Gothitelle, L50, F|100\/100\n|switch|p1b: Palafin|Palafin, L50, F|100\/100\n|switch|p2a: Glimmora|Glimmora, L50, M|100\/100\n|switch|p2b: Grimmsnarl|Grimmsnarl, L50, M|100\/100\n|turn|1\n|\n|t:|1681785608\n|detailschange|p1b: Palafin|Palafin-Hero, L50, F\n|switch|p1b: Scream Tail|Scream Tail, L50, shiny|100\/100\n|-enditem|p1b: Scream Tail|Booster Energy\n|-activate|p1b: Scream Tail|ability: Protosynthesis|[fromitem]\n|-start|p1b: Scream Tail|protosynthesisspe\n|move|p1a: Gothitelle|Fake Out|p2b: Grimmsnarl\n|-damage|p2b: Grimmsnarl|96\/100\n|cant|p2b: Grimmsnarl|flinch\n|move|p2a: Glimmora|Mortal Spin|p1a: Gothitelle|[spread] p1a,p1b\n|-supereffective|p1b: Scream Tail\n|-damage|p1a: Gothitelle|97\/100\n|-damage|p1b: Scream Tail|92\/100\n|-status|p1a: Gothitelle|psn\n|-status|p1b: Scream Tail|psn\n|\n|-damage|p1b: Scream Tail|80\/100 psn|[from] psn\n|-damage|p1a: Gothitelle|84\/100 psn|[from] psn\n|upkeep\n|turn|2\n|\n|t:|1681785630\n|-terastallize|p1b: Scream Tail|Steel\n|move|p1a: Gothitelle|Protect|p1a: Gothitelle\n|-singleturn|p1a: Gothitelle|Protect\n|move|p2b: Grimmsnarl|Light Screen|p2b: Grimmsnarl\n|-sidestart|p2: d_davex|move: Light Screen\n|move|p1b: Scream Tail|Perish Song|p1b: Scream Tail\n|-start|p1a: Gothitelle|perish3|[silent]\n|-start|p1b: Scream Tail|perish3|[silent]\n|-start|p2a: Glimmora|perish3|[silent]\n|-start|p2b: Grimmsnarl|perish3|[silent]\n|-fieldactivate|move: Perish Song\n|move|p2a: Glimmora|Venoshock|p1b: Scream Tail\n|-immune|p1b: Scream Tail\n|\n|-damage|p1b: Scream Tail|68\/100 psn|[from] psn\n|-damage|p1a: Gothitelle|72\/100 psn|[from] psn\n|-start|p1b: Scream Tail|perish3\n|-start|p2a: Glimmora|perish3\n|-start|p1a: Gothitelle|perish3\n|-start|p2b: Grimmsnarl|perish3\n|upkeep\n|turn|3\n|inactive|d_davex has 30 seconds left.\n|\n|t:|1681785656\n|move|p2b: Grimmsnarl|Reflect|p2b: Grimmsnarl\n|-sidestart|p2: d_davex|Reflect\n|move|p1b: Scream Tail|Disable|p2a: Glimmora\n|-start|p2a: Glimmora|Disable|Venoshock\n|move|p2a: Glimmora|Earth Power|p1b: Scream Tail\n|-supereffective|p1b: Scream Tail\n|-damage|p1b: Scream Tail|24\/100 psn\n|-unboost|p1b: Scream Tail|spd|1\n|move|p1a: Gothitelle|Heal Pulse|p1b: Scream Tail\n|-heal|p1b: Scream Tail|74\/100 psn\n|\n|-damage|p1b: Scream Tail|62\/100 psn|[from] psn\n|-damage|p1a: Gothitelle|59\/100 psn|[from] psn\n|-start|p1b: Scream Tail|perish2\n|-start|p2a: Glimmora|perish2\n|-start|p1a: Gothitelle|perish2\n|-start|p2b: Grimmsnarl|perish2\n|upkeep\n|turn|4\n|inactive|d_davex has 30 seconds left.\n|inactive|d_davex has 20 seconds left.\n|inactive|d_davex has 15 seconds left.\n|\n|t:|1681785696\n|move|p1b: Scream Tail|Protect|p1b: Scream Tail\n|-singleturn|p1b: Scream Tail|Protect\n|move|p1a: Gothitelle|Protect|p1a: Gothitelle\n|-singleturn|p1a: Gothitelle|Protect\n|move|p2a: Glimmora|Earth Power|p1b: Scream Tail\n|-activate|p1b: Scream Tail|move: Protect\n|move|p2b: Grimmsnarl|Spirit Break|p1a: Gothitelle\n|-activate|p1a: Gothitelle|move: Protect\n|\n|-damage|p1b: Scream Tail|50\/100 psn|[from] psn\n|-damage|p1a: Gothitelle|47\/100 psn|[from] psn\n|-start|p1b: Scream Tail|perish1\n|-start|p2a: Glimmora|perish1\n|-start|p1a: Gothitelle|perish1\n|-start|p2b: Grimmsnarl|perish1\n|upkeep\n|-enditem|p1a: Gothitelle|Sitrus Berry|[eat]\n|-heal|p1a: Gothitelle|72\/100 psn|[from] item: Sitrus Berry\n|turn|5\n|inactive|peytoncookie has 30 seconds left.\n|inactive|d_davex has 30 seconds left.\n|\n|t:|1681785731\n|-end|p1b: Scream Tail|Protosynthesis|[silent]\n|switch|p1b: Flutter Mane|Flutter Mane, L50|100\/100\n|switch|p1a: Palafin|Palafin-Hero, L50, F|100\/100\n|-activate|p1a: Palafin|ability: Zero to Hero\n|move|p2b: Grimmsnarl|Thunder Wave|p1a: Palafin\n|-status|p1a: Palafin|par\n|move|p2a: Glimmora|Mortal Spin|p1b: Flutter Mane|[spread] p1a,p1b\n|-damage|p1a: Palafin|96\/100 par\n|-damage|p1b: Flutter Mane|91\/100\n|-status|p1b: Flutter Mane|psn\n|\n|-damage|p1b: Flutter Mane|79\/100 psn|[from] psn\n|-start|p2a: Glimmora|perish0\n|-start|p2b: Grimmsnarl|perish0\n|faint|p2a: Glimmora\n|faint|p2b: Grimmsnarl\n|upkeep\n|\n|t:|1681785747\n|switch|p2a: Annihilape|Annihilape, L50, F|100\/100\n|switch|p2b: Gyarados|Gyarados, L50, F|100\/100\n|-ability|p2b: Gyarados|Intimidate|boost\n|-unboost|p1a: Palafin|atk|1\n|-unboost|p1b: Flutter Mane|atk|1\n|turn|6\n|\n|t:|1681785759\n|-end|p1b: Flutter Mane|Protosynthesis|[silent]\n|switch|p1b: Gothitelle|Gothitelle, L50, F|72\/100 psn\n|switch|p1a: Scream Tail|Scream Tail, L50, shiny, tera:Steel|50\/100 psn\n|-terastallize|p2a: Annihilape|Fire\n|move|p2b: Gyarados|Dragon Dance|p2b: Gyarados\n|-boost|p2b: Gyarados|atk|1\n|-boost|p2b: Gyarados|spe|1\n|move|p2a: Annihilape|Rage Fist|p1b: Gothitelle\n|-supereffective|p1b: Gothitelle\n|-damage|p1b: Gothitelle|36\/100 psn\n|\n|-damage|p1a: Scream Tail|37\/100 psn|[from] psn\n|-damage|p1b: Gothitelle|24\/100 psn|[from] psn\n|-sideend|p2: d_davex|move: Light Screen\n|upkeep\n|turn|7\n|inactive|d_davex has 30 seconds left.\n|\n|t:|1681785793\n|move|p1b: Gothitelle|Fake Out|p2b: Gyarados\n|-damage|p2b: Gyarados|97\/100\n|cant|p2b: Gyarados|flinch\n|move|p1a: Scream Tail|Perish Song|p1a: Scream Tail\n|-start|p1a: Scream Tail|perish3|[silent]\n|-start|p1b: Gothitelle|perish3|[silent]\n|-start|p2a: Annihilape|perish3|[silent]\n|-start|p2b: Gyarados|perish3|[silent]\n|-fieldactivate|move: Perish Song\n|move|p2a: Annihilape|Bulk Up|p2a: Annihilape\n|-boost|p2a: Annihilape|atk|1\n|-boost|p2a: Annihilape|def|1\n|\n|-damage|p1a: Scream Tail|25\/100 psn|[from] psn\n|-damage|p1b: Gothitelle|11\/100 psn|[from] psn\n|-start|p2b: Gyarados|perish3\n|-start|p1a: Scream Tail|perish3\n|-start|p2a: Annihilape|perish3\n|-start|p1b: Gothitelle|perish3\n|-sideend|p2: d_davex|Reflect\n|upkeep\n|turn|8\n|\n|t:|1681785809\n|move|p1a: Scream Tail|Protect|p1a: Scream Tail\n|-singleturn|p1a: Scream Tail|Protect\n|move|p1b: Gothitelle|Protect|p1b: Gothitelle\n|-singleturn|p1b: Gothitelle|Protect\n|move|p2b: Gyarados|Dragon Dance|p2b: Gyarados\n|-boost|p2b: Gyarados|atk|1\n|-boost|p2b: Gyarados|spe|1\n|move|p2a: Annihilape|Bulk Up|p2a: Annihilape\n|-boost|p2a: Annihilape|atk|1\n|-boost|p2a: Annihilape|def|1\n|\n|-damage|p1a: Scream Tail|13\/100 psn|[from] psn\n|-damage|p1b: Gothitelle|0 fnt|[from] psn\n|faint|p1b: Gothitelle\n|-start|p2b: Gyarados|perish2\n|-start|p1a: Scream Tail|perish2\n|-start|p2a: Annihilape|perish2\n|upkeep\n|\n|t:|1681785831\n|switch|p1b: Flutter Mane|Flutter Mane, L50|79\/100 psn\n|turn|9\n|\n|t:|1681785844\n|move|p1b: Flutter Mane|Protect|p1b: Flutter Mane\n|-singleturn|p1b: Flutter Mane|Protect\n|move|p2b: Gyarados|Waterfall|p1b: Flutter Mane\n|-activate|p1b: Flutter Mane|move: Protect\n|move|p1a: Scream Tail|Disable|p2a: Annihilape\n|-start|p2a: Annihilape|Disable|Bulk Up\n|move|p2a: Annihilape|Drain Punch|p1a: Scream Tail\n|-supereffective|p1a: Scream Tail\n|-damage|p1a: Scream Tail|0 fnt\n|faint|p1a: Scream Tail\n|-end|p1a: Scream Tail|Protosynthesis|[silent]\n|\n|-damage|p1b: Flutter Mane|67\/100 psn|[from] psn\n|-start|p2b: Gyarados|perish1\n|-start|p2a: Annihilape|perish1\n|upkeep\n|\n|t:|1681785860\n|switch|p1a: Palafin|Palafin-Hero, L50, F|96\/100 par\n|turn|10\n|\n|t:|1681785883\n|cant|p1a: Palafin|par\n|move|p2b: Gyarados|Waterfall|p1b: Flutter Mane\n|-damage|p1b: Flutter Mane|0 fnt\n|faint|p1b: Flutter Mane\n|-end|p1b: Flutter Mane|Protosynthesis|[silent]\n|move|p2a: Annihilape|Drain Punch|p1a: Palafin\n|-damage|p1a: Palafin|37\/100 par\n|\n|-start|p2b: Gyarados|perish0\n|-start|p2a: Annihilape|perish0\n|upkeep\n|faint|p2b: Gyarados\n|faint|p2a: Annihilape\n|\n|win|peytoncookie\n|raw|peytoncookie's rating: 1210 → 1234<\/strong> (+24 for winning)\n|raw|d_davex's rating: 1197 → 1173<\/strong> (-24 for losing)\n|l|\u2606d_davex\n","uploadtime":1681786056,"views":11,"p1id":"peytoncookie","p2id":"ddavex","formatid":"gen9vgc2023regulationc","rating":1173,"private":0,"password":""}