{"id":"gen9vgc2023regulationc-1854295814","p1":"BlueZenith47","p2":"charbelle5","format":"[Gen 9] VGC 2023 Regulation C","log":"|j|\u2606BlueZenith47\n|j|\u2606charbelle5\n|t:|1682793794\n|gametype|doubles\n|player|p1|BlueZenith47|birdkeeper-gen4dp|1075\n|player|p2|charbelle5|266|1000\n|teamsize|p1|6\n|teamsize|p2|6\n|gen|9\n|tier|[Gen 9] VGC 2023 Regulation C\n|rated|\n|rule|Species Clause: Limit one of each Pok\u00e9mon\n|rule|Item Clause: Limit one of each item\n|clearpoke\n|poke|p1|Electrode, L50|\n|poke|p1|Iron Moth, L50|\n|poke|p1|Iron Thorns, L50|\n|poke|p1|Ursaring, L50, M|\n|poke|p1|Amoonguss, L50, M|\n|poke|p1|Grimmsnarl, L50, M|\n|poke|p2|Pelipper, L50, F|\n|poke|p2|Palafin, L50, M|\n|poke|p2|Toxapex, L50, M|\n|poke|p2|Floatzel, L50, F|\n|poke|p2|Clawitzer, L50, M|\n|poke|p2|Great Tusk, L50|\n|teampreview|4\n|inactive|Battle timer is ON: inactive players will automatically lose when time's up. (requested by charbelle5)\n|\n|t:|1682793808\n|start\n|switch|p1a: Covid-19|Iron Moth, L50|100\/100\n|switch|p1b: Blue Ball|Electrode, L50, shiny|100\/100\n|switch|p2a: Pelipper|Pelipper, L50, F|100\/100\n|switch|p2b: Palafin|Palafin, L50, M|100\/100\n|-weather|RainDance|[from] ability: Drizzle|[of] p2a: Pelipper\n|turn|1\n|inactive|charbelle5 has 30 seconds left.\n|\n|t:|1682793838\n|-terastallize|p1a: Covid-19|Grass\n|move|p1b: Blue Ball|Electric Terrain|p1b: Blue Ball\n|-fieldstart|move: Electric Terrain\n|-activate|p1a: Covid-19|ability: Quark Drive\n|-start|p1a: Covid-19|quarkdrivespa\n|move|p2b: Palafin|Flip Turn|p1b: Blue Ball\n|-damage|p1b: Blue Ball|59\/100\n|\n|t:|1682793853\n|detailschange|p2b: Palafin|Palafin-Hero, L50, M\n|switch|p2b: Clawitzer|Clawitzer, L50, M|100\/100|[from] Flip Turn\n|move|p1a: Covid-19|Discharge|p2b: Clawitzer|[spread] p1b,p2a,p2b\n|-resisted|p1b: Blue Ball\n|-supereffective|p2a: Pelipper\n|-supereffective|p2b: Clawitzer\n|-damage|p1b: Blue Ball|21\/100\n|-damage|p2a: Pelipper|0 fnt\n|-damage|p2b: Clawitzer|0 fnt\n|faint|p2a: Pelipper\n|faint|p2b: Clawitzer\n|\n|-weather|RainDance|[upkeep]\n|upkeep\n|\n|t:|1682793868\n|switch|p2b: Palafin|Palafin-Hero, L50, M|100\/100\n|switch|p2a: Floatzel|Floatzel, L50, F|100\/100\n|-activate|p2b: Palafin|ability: Zero to Hero\n|turn|2\n|\n|t:|1682793882\n|move|p2b: Palafin|Jet Punch|p1b: Blue Ball\n|-damage|p1b: Blue Ball|0 fnt\n|faint|p1b: Blue Ball\n|move|p2a: Floatzel|Ice Fang|p1a: Covid-19\n|-supereffective|p1a: Covid-19\n|-damage|p1a: Covid-19|0 fnt\n|faint|p1a: Covid-19\n|-end|p1a: Covid-19|Quark Drive|[silent]\n|\n|-weather|RainDance|[upkeep]\n|upkeep\n|\n|t:|1682793890\n|switch|p1b: Amumu|Amoonguss, L50, M|100\/100\n|switch|p1a: Shin Godzilla|Iron Thorns, L50, shiny|100\/100\n|-activate|p1a: Shin Godzilla|ability: Quark Drive\n|-start|p1a: Shin Godzilla|quarkdriveatk\n|turn|3\n|\n|t:|1682793904\n|move|p1b: Amumu|Rage Powder|p1b: Amumu\n|-singleturn|p1b: Amumu|move: Rage Powder\n|move|p2b: Palafin|Jet Punch|p1b: Amumu\n|-resisted|p1b: Amumu\n|-damage|p1b: Amumu|72\/100\n|move|p2a: Floatzel|Ice Fang|p1b: Amumu\n|-supereffective|p1b: Amumu\n|-damage|p1b: Amumu|4\/100\n|-status|p2a: Floatzel|par|[from] ability: Effect Spore|[of] p1b: Amumu\n|-enditem|p1b: Amumu|Aguav Berry|[eat]\n|-heal|p1b: Amumu|37\/100|[from] item: Aguav Berry\n|move|p1a: Shin Godzilla|Thunder Punch|p2b: Palafin\n|-supereffective|p2b: Palafin\n|-enditem|p2b: Palafin|Focus Sash\n|-damage|p2b: Palafin|1\/100\n|\n|-weather|RainDance|[upkeep]\n|upkeep\n|turn|4\n|inactive|charbelle5 has 30 seconds left.\n|\n|t:|1682793930\n|move|p1b: Amumu|Rage Powder|p1b: Amumu\n|-singleturn|p1b: Amumu|move: Rage Powder\n|move|p2b: Palafin|Close Combat|p1b: Amumu\n|-resisted|p1b: Amumu\n|-damage|p1b: Amumu|10\/100\n|-unboost|p2b: Palafin|def|1\n|-unboost|p2b: Palafin|spd|1\n|move|p2a: Floatzel|Ice Fang|p1b: Amumu\n|-supereffective|p1b: Amumu\n|-damage|p1b: Amumu|0 fnt\n|faint|p1b: Amumu\n|move|p1a: Shin Godzilla|Thunder Punch|p2b: Palafin\n|-supereffective|p2b: Palafin\n|-damage|p2b: Palafin|0 fnt\n|faint|p2b: Palafin\n|\n|-weather|RainDance|[upkeep]\n|upkeep\n|turn|5\n|inactive|charbelle5 has 30 seconds left.\n|l|\u2606charbelle5\n|inactive|charbelle5 disconnected and has a minute to reconnect!\n|player|p2|\n|j|\u2606charbelle5\n|inactive|charbelle5 reconnected and has 30 seconds left.\n|player|p2|charbelle5|266\n|\n|t:|1682793962\n|move|p2a: Floatzel|Ice Fang|p1a: Shin Godzilla\n|-damage|p1a: Shin Godzilla|75\/100\n|move|p1a: Shin Godzilla|Thunder Punch|p2a: Floatzel\n|-supereffective|p2a: Floatzel\n|-damage|p2a: Floatzel|0 fnt\n|faint|p2a: Floatzel\n|\n|win|BlueZenith47\n|raw|BlueZenith47's rating: 1075 → 1098<\/strong> (+23 for winning)\n|raw|charbelle5's rating: 1000 → 1000<\/strong> (+0 for losing)\n|l|\u2606charbelle5\n","uploadtime":1682793981,"views":13,"p1id":"bluezenith47","p2id":"charbelle5","formatid":"gen9vgc2023regulationc","rating":1000,"private":0,"password":""}