{"id":"gen9vgc2023regulationc-1852967622","p1":"Mlemcorice","p2":"vasuvasuvasu","format":"[Gen 9] VGC 2023 Regulation C","log":"|j|\u2606Mlemcorice\n|j|\u203dvasuvasuvasu\n|t:|1682621418\n|gametype|doubles\n|player|p1|Mlemcorice|beauty-gen4dp|\n|player|p2|vasuvasuvasu|170|\n|teamsize|p1|6\n|teamsize|p2|6\n|gen|9\n|tier|[Gen 9] VGC 2023 Regulation C\n|rule|Species Clause: Limit one of each Pok\u00e9mon\n|rule|Item Clause: Limit one of each item\n|clearpoke\n|poke|p1|Dachsbun, L50, M|\n|poke|p1|Chi-Yu, L50|\n|poke|p1|Typhlosion, L50, F|\n|poke|p1|Gastrodon-East, L50, F|\n|poke|p1|Noivern, L50, F|\n|poke|p1|Amoonguss, L50, F|\n|poke|p2|Gholdengo, L50|\n|poke|p2|Meowscarada, L50, M|\n|poke|p2|Roaring Moon, L50|\n|poke|p2|Iron Bundle, L50|\n|poke|p2|Iron Valiant, L50|\n|poke|p2|Gothorita, L50, M|\n|teampreview|4\nMlemcorice has agreed to open team sheets.\n|j| ContessaZia\nvasuvasuvasu has agreed to open team sheets.\n|\n|t:|1682621501\n|start\n|switch|p1a: Bat|Noivern, L50, F|100\/100\n|switch|p1b: Tomato|Amoonguss, L50, F|100\/100\n|switch|p2a: Roaring Moon|Roaring Moon, L50|100\/100\n|switch|p2b: Gothorita|Gothorita, L50, M|100\/100\n|-enditem|p2a: Roaring Moon|Booster Energy\n|-activate|p2a: Roaring Moon|ability: Protosynthesis|[fromitem]\n|-start|p2a: Roaring Moon|protosynthesisatk\n|turn|1\n|\n|t:|1682621545\n|-terastallize|p2a: Roaring Moon|Flying\n|move|p2b: Gothorita|Fake Out|p1a: Bat\n|-damage|p1a: Bat|94\/100\n|move|p1b: Tomato|Rage Powder|p1b: Tomato\n|-singleturn|p1b: Tomato|move: Rage Powder\n|cant|p1a: Bat|flinch\n|move|p2a: Roaring Moon|Dragon Dance|p2a: Roaring Moon\n|-boost|p2a: Roaring Moon|atk|1\n|-boost|p2a: Roaring Moon|spe|1\n|\n|upkeep\n|turn|2\n|\n|t:|1682621587\n|switch|p2b: Iron Bundle|Iron Bundle, L50|100\/100\n|move|p2a: Roaring Moon|Acrobatics|p1b: Tomato\n|-supereffective|p1b: Tomato\n|-damage|p1b: Tomato|0 fnt\n|faint|p1b: Tomato\n|move|p1a: Bat|Tailwind|p1a: Bat\n|-sidestart|p1: Mlemcorice|move: Tailwind\n|\n|upkeep\n|\n|t:|1682621598\n|switch|p1b: Beam|Chi-Yu, L50|100\/100\n|-ability|p1b: Beam|Beads of Ruin\n|turn|3\n|\n|t:|1682621647\n|-terastallize|p1a: Bat|Steel\n|move|p1b: Beam|Lava Plume|p2b: Iron Bundle|[spread] p2a,p2b\n|-activate|p1a: Bat|ability: Telepathy\n|-damage|p2a: Roaring Moon|64\/100\n|-damage|p2b: Iron Bundle|18\/100\n|move|p1a: Bat|Draco Meteor|p2a: Roaring Moon\n|-crit|p2a: Roaring Moon\n|-damage|p2a: Roaring Moon|0 fnt\n|-unboost|p1a: Bat|spa|2\n|faint|p2a: Roaring Moon\n|-end|p2a: Roaring Moon|Protosynthesis|[silent]\n|move|p2b: Iron Bundle|Freeze-Dry|p1a: Bat\n|-resisted|p1a: Bat\n|-damage|p1a: Bat|60\/100\n|\n|upkeep\n|\n|t:|1682621666\n|switch|p2a: Gothorita|Gothorita, L50, M|100\/100\n|turn|4\n|\n|t:|1682621688\n|move|p2b: Iron Bundle|Protect|p2b: Iron Bundle\n|-singleturn|p2b: Iron Bundle|Protect\n|move|p1b: Beam|Lava Plume|p2a: Gothorita|[spread] p2a\n|-activate|p2b: Iron Bundle|move: Protect\n|-activate|p1a: Bat|ability: Telepathy\n|-damage|p2a: Gothorita|67\/100\n|-status|p2a: Gothorita|brn\n|move|p1a: Bat|Draco Meteor|p2a: Gothorita\n|-damage|p2a: Gothorita|40\/100 brn\n|-unboost|p1a: Bat|spa|2\n|move|p2a: Gothorita|Heal Pulse|p2b: Iron Bundle\n|-activate|p2b: Iron Bundle|move: Protect\n|\n|-damage|p2a: Gothorita|34\/100 brn|[from] brn\n|upkeep\n|turn|5\n|\n|t:|1682621727\n|move|p2b: Iron Bundle|Protect||[still]\n|-fail|p2b: Iron Bundle\n|move|p1b: Beam|Lava Plume|p2a: Gothorita|[spread] p2a,p2b\n|-activate|p1a: Bat|ability: Telepathy\n|-damage|p2a: Gothorita|0 fnt\n|-damage|p2b: Iron Bundle|0 fnt\n|faint|p2a: Gothorita\n|faint|p2b: Iron Bundle\n|-end|p2b: Iron Bundle|Quark Drive|[silent]\n|move|p1a: Bat|Draco Meteor|p2: Gothorita|[notarget]\n|-fail|p1a: Bat\n|\n|-sideend|p1: Mlemcorice|move: Tailwind\n|upkeep\n|-message|vasuvasuvasu forfeited.\n|\n|win|Mlemcorice\n|l|\u203dvasuvasuvasu\n","uploadtime":1682621741,"views":10,"p1id":"mlemcorice","p2id":"vasuvasuvasu","formatid":"gen9vgc2023regulationc","rating":0,"private":0,"password":""}