{"id":"gen9vgc2023regulationc-1859817949","p1":"littensalt","p2":"Xnzskck","format":"[Gen 9] VGC 2023 Regulation C","log":"|j|\u2606littensalt\n|j|\u2606Xnzskck\n|t:|1683567065\n|gametype|doubles\n|player|p1|littensalt|hugh|1079\n|player|p2|Xnzskck|unknown|1048\n|teamsize|p1|6\n|teamsize|p2|6\n|gen|9\n|tier|[Gen 9] VGC 2023 Regulation C\n|rated|\n|rule|Species Clause: Limit one of each Pok\u00e9mon\n|rule|Item Clause: Limit one of each item\n|clearpoke\n|poke|p1|Indeedee-F, L50, F|\n|poke|p1|Armarouge, L50, F|\n|poke|p1|Gholdengo, L50|\n|poke|p1|Murkrow, L50, M|\n|poke|p1|Meowscarada, L50, F|\n|poke|p1|Great Tusk, L50|\n|poke|p2|Farigiraf, L50, M|\n|poke|p2|Iron Hands, L50|\n|poke|p2|Sableye, L50, M|\n|poke|p2|Flutter Mane, L50|\n|poke|p2|Lilligant, L50, F|\n|poke|p2|Torkoal, L50, M|\n|teampreview|4\n|inactive|Battle timer is ON: inactive players will automatically lose when time's up. (requested by Xnzskck)\n|inactive|littensalt has 60 seconds left.\n|inactive|Xnzskck has 60 seconds left.\n|\n|t:|1683567106\n|start\n|switch|p1a: Indeedee|Indeedee-F, L50, F|100\/100\n|switch|p1b: Armarouge|Armarouge, L50, F|100\/100\n|switch|p2a: Melman|Farigiraf, L50, M|100\/100\n|switch|p2b: Cartier|Sableye, L50, M|100\/100\n|-fieldstart|move: Psychic Terrain|[from] ability: Psychic Surge|[of] p1a: Indeedee\n|-enditem|p1a: Indeedee|Psychic Seed\n|-boost|p1a: Indeedee|spd|1|[from] item: Psychic Seed\n|turn|1\n|\n|t:|1683567121\n|move|p1b: Armarouge|Protect|p1b: Armarouge\n|-singleturn|p1b: Armarouge|Protect\n|move|p2b: Cartier|Light Screen|p2b: Cartier\n|-sidestart|p2: Xnzskck|move: Light Screen\n|move|p2a: Melman|Hyper Voice|p1b: Armarouge|[spread] p1a\n|-activate|p1b: Armarouge|move: Protect\n|-damage|p1a: Indeedee|85\/100\n|move|p1a: Indeedee|Trick Room|p1a: Indeedee\n|-fieldstart|move: Trick Room|[of] p1a: Indeedee\n|\n|upkeep\n|turn|2\n|\n|t:|1683567144\n|move|p1a: Indeedee|Helping Hand|p1b: Armarouge\n|-singleturn|p1b: Armarouge|Helping Hand|[of] p1a: Indeedee\n|move|p2b: Cartier|Foul Play|p1b: Armarouge\n|-supereffective|p1b: Armarouge\n|-damage|p1b: Armarouge|75\/100\n|move|p2a: Melman|Hyper Voice|p1b: Armarouge|[spread] p1a,p1b\n|-damage|p1a: Indeedee|67\/100\n|-damage|p1b: Armarouge|36\/100\n|move|p1b: Armarouge|Armor Cannon|p2b: Cartier\n|-damage|p2b: Cartier|25\/100\n|-unboost|p1b: Armarouge|def|1\n|-unboost|p1b: Armarouge|spd|1\n|-damage|p1b: Armarouge|26\/100|[from] item: Life Orb\n|\n|upkeep\n|turn|3\n|inactive|littensalt has 30 seconds left.\n|\n|t:|1683567175\n|move|p1a: Indeedee|Follow Me|p1a: Indeedee\n|-singleturn|p1a: Indeedee|move: Follow Me\n|move|p2b: Cartier|Foul Play|p1a: Indeedee\n|-supereffective|p1a: Indeedee\n|-damage|p1a: Indeedee|16\/100\n|move|p2a: Melman|Hyper Voice|p1a: Indeedee|[spread] p1a,p1b\n|-damage|p1a: Indeedee|0 fnt\n|-damage|p1b: Armarouge|0 fnt\n|faint|p1a: Indeedee\n|faint|p1b: Armarouge\n|\n|upkeep\n|\n|t:|1683567185\n|switch|p1b: Great Tusk|Great Tusk, L50|100\/100\n|switch|p1a: Gholdengo|Gholdengo, L50|100\/100\n|-enditem|p1b: Great Tusk|Booster Energy\n|-activate|p1b: Great Tusk|ability: Protosynthesis|[fromitem]\n|-start|p1b: Great Tusk|protosynthesisatk\n|turn|4\n|\n|t:|1683567210\n|move|p1b: Great Tusk|Protect|p1b: Great Tusk\n|-singleturn|p1b: Great Tusk|Protect\n|move|p2b: Cartier|Reflect|p2b: Cartier\n|-sidestart|p2: Xnzskck|Reflect\n|move|p2a: Melman|Dazzling Gleam|p1a: Gholdengo|[spread] p1a\n|-activate|p1b: Great Tusk|move: Protect\n|-resisted|p1a: Gholdengo\n|-damage|p1a: Gholdengo|89\/100\n|move|p1a: Gholdengo|Nasty Plot|p1a: Gholdengo\n|-boost|p1a: Gholdengo|spa|2\n|\n|-heal|p1a: Gholdengo|95\/100|[from] item: Leftovers\n|upkeep\n|turn|5\n|inactive|Xnzskck has 30 seconds left.\n|inactive|Xnzskck has 20 seconds left.\n|inactive|Xnzskck has 15 seconds left.\n|inactive|Xnzskck has 10 seconds left.\n|\n|t:|1683567255\n|-terastallize|p2a: Melman|Fairy\n|move|p2b: Cartier|Foul Play|p1b: Great Tusk\n|-resisted|p1b: Great Tusk\n|-damage|p1b: Great Tusk|81\/100\n|move|p2a: Melman|Dazzling Gleam|p1b: Great Tusk|[spread] p1a,p1b\n|-resisted|p1a: Gholdengo\n|-crit|p1a: Gholdengo\n|-supereffective|p1b: Great Tusk\n|-damage|p1a: Gholdengo|68\/100\n|-damage|p1b: Great Tusk|0 fnt\n|faint|p1b: Great Tusk\n|-end|p1b: Great Tusk|Protosynthesis|[silent]\n|move|p1a: Gholdengo|Make It Rain|p2b: Cartier|[spread] p2a,p2b\n|-supereffective|p2a: Melman\n|-damage|p2a: Melman|0 fnt\n|-damage|p2b: Cartier|0 fnt\n|-unboost|p1a: Gholdengo|spa|1\n|faint|p2a: Melman\n|faint|p2b: Cartier\n|\n|-heal|p1a: Gholdengo|75\/100|[from] item: Leftovers\n|-fieldend|move: Trick Room\n|-fieldend|move: Psychic Terrain\n|upkeep\n|\n|t:|1683567268\n|switch|p2a: Mellow Bowser|Torkoal, L50, M|100\/100\n|switch|p2b: Ex-wife|Flutter Mane, L50|100\/100\n|-weather|SunnyDay|[from] ability: Drought|[of] p2a: Mellow Bowser\n|-activate|p2b: Ex-wife|ability: Protosynthesis\n|-start|p2b: Ex-wife|protosynthesisspe\n|turn|6\n|\n|t:|1683567279\n|move|p2b: Ex-wife|Shadow Ball|p1a: Gholdengo\n|-supereffective|p1a: Gholdengo\n|-damage|p1a: Gholdengo|0 fnt\n|faint|p1a: Gholdengo\n|\n|win|Xnzskck\n|raw|littensalt's rating: 1079 → 1055<\/strong> (-24 for losing)\n|raw|Xnzskck's rating: 1048 → 1084<\/strong> (+36 for winning)\n|c|\u2606littensalt|gg\n","uploadtime":1683567292,"views":10,"p1id":"littensalt","p2id":"xnzskck","formatid":"gen9vgc2023regulationc","rating":1055,"private":0,"password":""}