{"id":"gen9vgc2023regulationc-1847470722","p1":"BladeOwl","p2":"tumorcio","format":"[Gen 9] VGC 2023 Regulation C","log":"|j|\u2606BladeOwl\n|j|\u2606tumorcio\n|t:|1681959133\n|gametype|doubles\n|player|p1|BladeOwl|byron|1209\n|player|p2|tumorcio|266|1189\n|teamsize|p1|6\n|teamsize|p2|6\n|gen|9\n|tier|[Gen 9] VGC 2023 Regulation C\n|rated|\n|rule|Species Clause: Limit one of each Pok\u00e9mon\n|rule|Item Clause: Limit one of each item\n|clearpoke\n|poke|p1|Rotom-Mow, L50|\n|poke|p1|Tauros-Paldea-Blaze, L50, M|\n|poke|p1|Palafin, L50, F|\n|poke|p1|Flutter Mane, L50|\n|poke|p1|Chien-Pao, L50|\n|poke|p1|Dragapult, L50, M|\n|poke|p2|Flutter Mane, L50|\n|poke|p2|Arcanine, L50, M|\n|poke|p2|Iron Hands, L50|\n|poke|p2|Amoonguss, L50, M|\n|poke|p2|Chien-Pao, L50|\n|poke|p2|Palafin, L50, F|\n|teampreview|4\n|inactive|Battle timer is ON: inactive players will automatically lose when time's up. (requested by BladeOwl)\n|inactive|tumorcio has 60 seconds left.\n|\n|t:|1681959257\n|start\n|switch|p1a: Chien-Pao|Chien-Pao, L50|100\/100\n|switch|p1b: Dragapult|Dragapult, L50, M|100\/100\n|switch|p2a: Chien-Pao|Chien-Pao, L50|100\/100\n|switch|p2b: Arcanine|Arcanine, L50, M|100\/100\n|-ability|p2a: Chien-Pao|Sword of Ruin\n|-ability|p1a: Chien-Pao|Sword of Ruin\n|-ability|p2b: Arcanine|Intimidate|boost\n|-unboost|p1a: Chien-Pao|atk|1\n|-fail|p1b: Dragapult|unboost|[from] ability: Clear Body|[of] p1b: Dragapult\n|turn|1\n|inactive|BladeOwl has 30 seconds left.\n|inactive|tumorcio has 30 seconds left.\n|inactive|BladeOwl has 20 seconds left.\n|\n|t:|1681959292\n|move|p2a: Chien-Pao|Protect|p2a: Chien-Pao\n|-singleturn|p2a: Chien-Pao|Protect\n|move|p1a: Chien-Pao|Sucker Punch||[still]\n|-fail|p1a: Chien-Pao\n|move|p1b: Dragapult|Dragon Darts|p2b: Arcanine\n|-damage|p2b: Arcanine|48\/100\n|-anim|p1b: Dragapult|Dragon Darts|p2b: Arcanine\n|-damage|p2b: Arcanine|0 fnt\n|faint|p2b: Arcanine\n|\n|upkeep\n|inactive|tumorcio has 30 seconds left.\n|inactive|tumorcio has 20 seconds left.\n|inactive|tumorcio has 15 seconds left.\n|inactive|tumorcio has 10 seconds left.\n|\n|t:|1681959337\n|switch|p2b: Amoonguss|Amoonguss, L50, M|100\/100\n|turn|2\n|inactive|tumorcio has 30 seconds left.\n|\n|t:|1681959368\n|switch|p1a: Tauros|Tauros-Paldea-Blaze, L50, M|100\/100\n|-ability|p1a: Tauros|Intimidate|boost\n|-unboost|p2a: Chien-Pao|atk|1\n|-unboost|p2b: Amoonguss|atk|1\n|move|p2b: Amoonguss|Rage Powder|p2b: Amoonguss\n|-singleturn|p2b: Amoonguss|move: Rage Powder\n|move|p2a: Chien-Pao|Sucker Punch|p1b: Dragapult\n|-supereffective|p1b: Dragapult\n|-damage|p1b: Dragapult|14\/100\n|move|p1b: Dragapult|Dragon Darts|p2b: Amoonguss\n|-damage|p2b: Amoonguss|62\/100\n|-anim|p1b: Dragapult|Dragon Darts|p2b: Amoonguss\n|-damage|p2b: Amoonguss|19\/100\n|\n|upkeep\n|turn|3\n|inactive|BladeOwl has 30 seconds left.\n|inactive|BladeOwl has 20 seconds left.\n|inactive|BladeOwl has 15 seconds left.\n|\n|t:|1681959409\n|switch|p1b: Chien-Pao|Chien-Pao, L50|100\/100\n|-ability|p1b: Chien-Pao|Sword of Ruin\n|move|p2a: Chien-Pao|Protect|p2a: Chien-Pao\n|-singleturn|p2a: Chien-Pao|Protect\n|move|p2b: Amoonguss|Protect|p2b: Amoonguss\n|-singleturn|p2b: Amoonguss|Protect\n|move|p1a: Tauros|Raging Bull|p2b: Amoonguss\n|-activate|p2b: Amoonguss|move: Protect\n|\n|upkeep\n|turn|4\n|inactive|BladeOwl has 30 seconds left.\n|inactive|tumorcio has 30 seconds left.\n|\n|t:|1681959438\n|move|p2b: Amoonguss|Rage Powder|p2b: Amoonguss\n|-singleturn|p2b: Amoonguss|move: Rage Powder\n|move|p2a: Chien-Pao|Sacred Sword|p1b: Chien-Pao\n|-supereffective|p1b: Chien-Pao\n|-enditem|p1b: Chien-Pao|Focus Sash\n|-damage|p1b: Chien-Pao|1\/100\n|move|p1b: Chien-Pao|Ice Spinner|p2b: Amoonguss\n|-supereffective|p2b: Amoonguss\n|-damage|p2b: Amoonguss|0 fnt\n|-damage|p1b: Chien-Pao|0 fnt|[from] item: Rocky Helmet|[of] p2b: Amoonguss\n|faint|p2b: Amoonguss\n|faint|p1b: Chien-Pao\n|move|p1a: Tauros|Raging Bull|p2a: Chien-Pao\n|-supereffective|p2a: Chien-Pao\n|-damage|p2a: Chien-Pao|6\/100\n|\n|upkeep\n|inactive|BladeOwl has 30 seconds left.\n|\n|t:|1681959463\n|switch|p1b: Rotom|Rotom-Mow, L50|100\/100\n|switch|p2b: Flutter Mane|Flutter Mane, L50|100\/100\n|-enditem|p2b: Flutter Mane|Booster Energy\n|-activate|p2b: Flutter Mane|ability: Protosynthesis|[fromitem]\n|-start|p2b: Flutter Mane|protosynthesisspa\n|turn|5\n|inactive|BladeOwl has 30 seconds left.\n|inactive|BladeOwl has 20 seconds left.\n|inactive|BladeOwl has 15 seconds left.\n|inactive|BladeOwl has 10 seconds left.\n|inactive|BladeOwl has 5 seconds left.\n|\n|t:|1681959518\n|-terastallize|p2b: Flutter Mane|Fairy\n|-terastallize|p1a: Tauros|Flying\n|move|p2a: Chien-Pao|Ice Spinner|p1b: Rotom\n|-supereffective|p1b: Rotom\n|-damage|p1b: Rotom|34\/100\n|move|p2b: Flutter Mane|Shadow Ball|p1a: Tauros\n|-damage|p1a: Tauros|36\/100\n|move|p1a: Tauros|Raging Bull|p2a: Chien-Pao\n|-supereffective|p2a: Chien-Pao\n|-damage|p2a: Chien-Pao|0 fnt\n|faint|p2a: Chien-Pao\n|move|p1b: Rotom|Dark Pulse|p2b: Flutter Mane\n|-resisted|p2b: Flutter Mane\n|-damage|p2b: Flutter Mane|85\/100\n|\n|upkeep\n|turn|6\n|inactive|BladeOwl has 30 seconds left.\n|\n|t:|1681959550\n|move|p2b: Flutter Mane|Dazzling Gleam|p1b: Rotom|[spread] p1a,p1b\n|-damage|p1a: Tauros|0 fnt\n|-damage|p1b: Rotom|0 fnt\n|faint|p1a: Tauros\n|faint|p1b: Rotom\n|\n|upkeep\n|\n|t:|1681959556\n|switch|p1b: Dragapult|Dragapult, L50, M|14\/100\n|turn|7\n|\n|t:|1681959567\n|move|p1b: Dragapult|Phantom Force||[still]\n|-prepare|p1b: Dragapult|Phantom Force\n|move|p2b: Flutter Mane|Shadow Ball|p1b: Dragapult|[miss]\n|-miss|p2b: Flutter Mane|p1b: Dragapult\n|\n|upkeep\n|turn|8\n|\n|t:|1681959575\n|move|p1b: Dragapult|Phantom Force|p2b: Flutter Mane|[from]lockedmove\n|-damage|p2b: Flutter Mane|0 fnt\n|faint|p2b: Flutter Mane\n|-end|p2b: Flutter Mane|Protosynthesis|[silent]\n|\n|win|BladeOwl\n|raw|BladeOwl's rating: 1209 → 1233<\/strong> (+24 for winning)\n|raw|tumorcio's rating: 1189 → 1165<\/strong> (-24 for losing)\n|l|\u2606BladeOwl\n","uploadtime":1681959584,"views":5,"p1id":"bladeowl","p2id":"tumorcio","formatid":"gen9vgc2023regulationc","rating":1165,"private":0,"password":""}