{"id":"gen9vgc2023regulationc-1844813600","p1":"keysmash_roa","p2":"telameneo","format":"[Gen 9] VGC 2023 Regulation C","log":"|j|\u2606keysmash_roa\n|j|\u2606telameneo\n|t:|1681651603\n|gametype|doubles\n|player|p1|keysmash_roa|guitarist|1110\n|player|p2|telameneo|riley|1133\n|teamsize|p1|6\n|teamsize|p2|6\n|gen|9\n|tier|[Gen 9] VGC 2023 Regulation C\n|rated|\n|rule|Species Clause: Limit one of each Pok\u00e9mon\n|rule|Item Clause: Limit one of each item\n|clearpoke\n|poke|p1|Lycanroc, L50, F|\n|poke|p1|Tyranitar, L50, F|\n|poke|p1|Amoonguss, L50, M|\n|poke|p1|Kingambit, L50, M|\n|poke|p1|Rotom-Wash, L50|\n|poke|p1|Arcanine, L50, F|\n|poke|p2|Tinkaton, L50, F|\n|poke|p2|Ting-Lu, L50|\n|poke|p2|Orthworm, L50, F|\n|poke|p2|Dragonite, L50, M|\n|poke|p2|Flutter Mane, L50|\n|poke|p2|Amoonguss, L50, M|\n|teampreview|4\n|inactive|Battle timer is ON: inactive players will automatically lose when time's up. (requested by keysmash_roa)\nkeysmash_roa has agreed to open team sheets.\n|\n|t:|1681651658\n|start\n|switch|p1a: Tyranitar|Tyranitar, L50, F|100\/100\n|switch|p1b: Amoonguss|Amoonguss, L50, M|100\/100\n|switch|p2a: AmigosFumar|Ting-Lu, L50|100\/100\n|switch|p2b: NomNomNom|Orthworm, L50, F, shiny|100\/100\n|-weather|Sandstorm|[from] ability: Sand Stream|[of] p1a: Tyranitar\n|-ability|p2a: AmigosFumar|Vessel of Ruin\n|turn|1\n|inactive|keysmash_roa has 30 seconds left.\n|\n|t:|1681651688\n|move|p1b: Amoonguss|Rage Powder|p1b: Amoonguss\n|-singleturn|p1b: Amoonguss|move: Rage Powder\n|move|p2b: NomNomNom|Body Press|p1b: Amoonguss\n|-resisted|p1b: Amoonguss\n|-damage|p1b: Amoonguss|87\/100\n|move|p1a: Tyranitar|Low Kick|p2a: AmigosFumar\n|-supereffective|p2a: AmigosFumar\n|-damage|p2a: AmigosFumar|49\/100\n|move|p2a: AmigosFumar|Earthquake|p1a: Tyranitar|[spread] p1a,p1b\n|-immune|p2b: NomNomNom|[from] ability: Earth Eater\n|-supereffective|p1a: Tyranitar\n|-damage|p1a: Tyranitar|14\/100\n|-damage|p1b: Amoonguss|20\/100\n|\n|-weather|Sandstorm|[upkeep]\n|-damage|p1b: Amoonguss|14\/100|[from] Sandstorm\n|-heal|p1a: Tyranitar|19\/100|[from] item: Leftovers\n|upkeep\n|turn|2\n|inactive|telameneo has 30 seconds left.\n|\n|t:|1681651723\n|switch|p2a: Espa\u00f1ita|Dragonite, L50, M, shiny|100\/100\n|-terastallize|p1a: Tyranitar|Flying\n|move|p1b: Amoonguss|Rage Powder|p1b: Amoonguss\n|-singleturn|p1b: Amoonguss|move: Rage Powder\n|move|p2b: NomNomNom|Body Press|p1b: Amoonguss\n|-resisted|p1b: Amoonguss\n|-damage|p1b: Amoonguss|1\/100\n|move|p1a: Tyranitar|Low Kick|p2a: Espa\u00f1ita\n|-resisted|p2a: Espa\u00f1ita\n|-damage|p2a: Espa\u00f1ita|85\/100\n|\n|-weather|Sandstorm|[upkeep]\n|-damage|p2a: Espa\u00f1ita|79\/100|[from] Sandstorm\n|-damage|p1a: Tyranitar|14\/100|[from] Sandstorm\n|-damage|p1b: Amoonguss|0 fnt|[from] Sandstorm\n|faint|p1b: Amoonguss\n|-heal|p1a: Tyranitar|19\/100|[from] item: Leftovers\n|upkeep\n|\n|t:|1681651728\n|switch|p1b: Lycanroc|Lycanroc, L50, F, shiny|100\/100\n|turn|3\n|inactive|telameneo has 30 seconds left.\n|\n|t:|1681651762\n|switch|p2a: AmigosFumar|Ting-Lu, L50|49\/100\n|-ability|p2a: AmigosFumar|Vessel of Ruin\n|move|p1b: Lycanroc|Earth Power|p2b: NomNomNom\n|-immune|p2b: NomNomNom|[from] ability: Earth Eater\n|move|p2b: NomNomNom|Heavy Slam|p1a: Tyranitar\n|-damage|p1a: Tyranitar|10\/100\n|move|p1a: Tyranitar|Rock Slide|p2b: NomNomNom|[spread] p2a\n|-miss|p1a: Tyranitar|p2b: NomNomNom\n|-resisted|p2a: AmigosFumar\n|-damage|p2a: AmigosFumar|40\/100\n|\n|-weather|Sandstorm|[upkeep]\n|-damage|p1a: Tyranitar|4\/100|[from] Sandstorm\n|-heal|p1a: Tyranitar|10\/100|[from] item: Leftovers\n|upkeep\n|turn|4\n|inactive|keysmash_roa has 30 seconds left.\n|inactive|telameneo has 30 seconds left.\n|inactive|keysmash_roa has 20 seconds left.\n|\n|t:|1681651798\n|-terastallize|p2a: AmigosFumar|Water\n|move|p1b: Lycanroc|Earth Power|p2a: AmigosFumar\n|-damage|p2a: AmigosFumar|29\/100\n|move|p2b: NomNomNom|Body Press|p1b: Lycanroc\n|-supereffective|p1b: Lycanroc\n|-damage|p1b: Lycanroc|12\/100\n|move|p1a: Tyranitar|Stomping Tantrum|p2b: NomNomNom\n|-immune|p2b: NomNomNom|[from] ability: Earth Eater\n|move|p2a: AmigosFumar|Earthquake|p1a: Tyranitar|[spread] p1b\n|-immune|p2b: NomNomNom|[from] ability: Earth Eater\n|-immune|p1a: Tyranitar\n|-supereffective|p1b: Lycanroc\n|-damage|p1b: Lycanroc|0 fnt\n|faint|p1b: Lycanroc\n|\n|-weather|Sandstorm|[upkeep]\n|-damage|p1a: Tyranitar|4\/100|[from] Sandstorm\n|-damage|p2a: AmigosFumar|23\/100|[from] Sandstorm\n|-heal|p1a: Tyranitar|10\/100|[from] item: Leftovers\n|upkeep\n|\n|t:|1681651807\n|switch|p1b: Rotom|Rotom-Wash, L50|100\/100\n|turn|5\n|\n|t:|1681651830\n|switch|p2a: Amoonguss|Amoonguss, L50, M|100\/100\n|move|p1b: Rotom|Discharge|p2b: NomNomNom|[spread] p1a,p2a,p2b\n|-supereffective|p1a: Tyranitar\n|-resisted|p2a: Amoonguss\n|-damage|p1a: Tyranitar|0 fnt\n|-damage|p2a: Amoonguss|91\/100\n|-damage|p2b: NomNomNom|78\/100\n|faint|p1a: Tyranitar\n|move|p2b: NomNomNom|Iron Defense|p2b: NomNomNom\n|-boost|p2b: NomNomNom|def|2\n|\n|-weather|none\n|-heal|p2a: Amoonguss|96\/100|[from] item: Leftovers\n|upkeep\n|turn|6\n|\n|t:|1681651849\n|move|p1b: Rotom|Shadow Ball|p2a: Amoonguss\n|-damage|p2a: Amoonguss|80\/100\n|-unboost|p2a: Amoonguss|spd|1\n|move|p2b: NomNomNom|Body Press|p1b: Rotom\n|-damage|p1b: Rotom|43\/100\n|move|p2a: Amoonguss|Spore|p1b: Rotom\n|-status|p1b: Rotom|slp|[from] move: Spore\n|\n|-heal|p2a: Amoonguss|86\/100|[from] item: Leftovers\n|upkeep\n|turn|7\n|\n|t:|1681651864\n|cant|p1b: Rotom|slp\n|move|p2b: NomNomNom|Body Press|p1b: Rotom\n|-damage|p1b: Rotom|0 fnt\n|faint|p1b: Rotom\n|\n|win|telameneo\n|raw|keysmash_roa's rating: 1110 → 1087<\/strong> (-23 for losing)\n|raw|telameneo's rating: 1133 → 1156<\/strong> (+23 for winning)\n|l|\u2606keysmash_roa\n","uploadtime":1681651887,"views":11,"p1id":"keysmashroa","p2id":"telameneo","formatid":"gen9vgc2023regulationc","rating":1087,"private":0,"password":""}