{"id":"gen9vgc2023regulationc-1851731999","p1":"zeropiccolo","p2":"Humanberrito 2.0","format":"[Gen 9] VGC 2023 Regulation C","log":"|j|\u2606zeropiccolo\n|j|\u2606Humanberrito 2.0\n|t:|1682475528\n|gametype|doubles\n|player|p1|zeropiccolo|1|1181\n|player|p2|Humanberrito 2.0|unknown|1253\n|teamsize|p1|6\n|teamsize|p2|6\n|gen|9\n|tier|[Gen 9] VGC 2023 Regulation C\n|rated|\n|rule|Species Clause: Limit one of each Pok\u00e9mon\n|rule|Item Clause: Limit one of each item\n|clearpoke\n|poke|p1|Flutter Mane, L50|\n|poke|p1|Arcanine, L50, F|\n|poke|p1|Amoonguss, L50, F|\n|poke|p1|Palafin, L50, F|\n|poke|p1|Chien-Pao, L50|\n|poke|p1|Ting-Lu, L50|\n|poke|p2|Flutter Mane, L50|\n|poke|p2|Ting-Lu, L50|\n|poke|p2|Arcanine, L50, F|\n|poke|p2|Palafin, L50, F|\n|poke|p2|Chien-Pao, L50|\n|poke|p2|Talonflame, L50, F|\n|teampreview|4\n|\n|t:|1682475589\n|start\n|switch|p1a: Flutter Mane|Flutter Mane, L50|100\/100\n|switch|p1b: Arcanine|Arcanine, L50, F|100\/100\n|switch|p2a: Flutter Mane|Flutter Mane, L50|100\/100\n|switch|p2b: Palafin|Palafin, L50, F|100\/100\n|-ability|p1b: Arcanine|Intimidate|boost\n|-unboost|p2a: Flutter Mane|atk|1\n|-unboost|p2b: Palafin|atk|1\n|turn|1\n|\n|t:|1682475620\n|-end|p1a: Flutter Mane|Protosynthesis|[silent]\n|switch|p1a: Ting-Lu|Ting-Lu, L50|100\/100\n|-ability|p1a: Ting-Lu|Vessel of Ruin\n|detailschange|p2b: Palafin|Palafin-Hero, L50, F\n|switch|p2b: Arcanine|Arcanine, L50, F|100\/100\n|-ability|p2b: Arcanine|Intimidate|boost\n|-unboost|p1a: Ting-Lu|atk|1\n|-unboost|p1b: Arcanine|atk|1\n|move|p2a: Flutter Mane|Shadow Ball|p1a: Ting-Lu\n|-resisted|p1a: Ting-Lu\n|-damage|p1a: Ting-Lu|89\/100\n|move|p1b: Arcanine|Flare Blitz|p2a: Flutter Mane\n|-damage|p2a: Flutter Mane|50\/100\n|-damage|p1b: Arcanine|89\/100|[from] Recoil\n|\n|upkeep\n|turn|2\n|\n|t:|1682475656\n|-end|p2a: Flutter Mane|Protosynthesis|[silent]\n|switch|p2a: Palafin|Palafin-Hero, L50, F|100\/100\n|-activate|p2a: Palafin|ability: Zero to Hero\n|move|p1b: Arcanine|Howl|p1b: Arcanine|[spread] p1a,p1b\n|-boost|p1a: Ting-Lu|atk|1\n|-boost|p1b: Arcanine|atk|1\n|move|p2b: Arcanine|Will-O-Wisp|p1a: Ting-Lu|[miss]\n|-miss|p2b: Arcanine|p1a: Ting-Lu\n|move|p1a: Ting-Lu|Fissure|p2b: Arcanine|[miss]\n|-miss|p1a: Ting-Lu|p2b: Arcanine\n|\n|upkeep\n|turn|3\n|\n|t:|1682475699\n|-terastallize|p2a: Palafin|Water\n|-terastallize|p1a: Ting-Lu|Poison\n|move|p1b: Arcanine|Protect|p1b: Arcanine\n|-singleturn|p1b: Arcanine|Protect\n|move|p2a: Palafin|Wave Crash|p1b: Arcanine\n|-activate|p1b: Arcanine|move: Protect\n|move|p2b: Arcanine|Will-O-Wisp|p1a: Ting-Lu|[miss]\n|-miss|p2b: Arcanine|p1a: Ting-Lu\n|move|p1a: Ting-Lu|Stomping Tantrum|p2a: Palafin\n|-damage|p2a: Palafin|42\/100\n|\n|upkeep\n|turn|4\n|\n|t:|1682475739\n|switch|p1b: Chien-Pao|Chien-Pao, L50|100\/100\n|-ability|p1b: Chien-Pao|Sword of Ruin\n|move|p2a: Palafin|Protect|p2a: Palafin\n|-singleturn|p2a: Palafin|Protect\n|move|p2b: Arcanine|Will-O-Wisp|p1a: Ting-Lu\n|-status|p1a: Ting-Lu|brn\n|move|p1a: Ting-Lu|Fissure|p2b: Arcanine|[miss]\n|-miss|p1a: Ting-Lu|p2b: Arcanine\n|\n|-damage|p1a: Ting-Lu|83\/100 brn|[from] brn\n|upkeep\n|turn|5\n|\n|t:|1682475784\n|switch|p2a: Flutter Mane|Flutter Mane, L50|50\/100\n|move|p1b: Chien-Pao|Protect|p1b: Chien-Pao\n|-singleturn|p1b: Chien-Pao|Protect\n|move|p2b: Arcanine|Will-O-Wisp|p1b: Chien-Pao\n|-activate|p1b: Chien-Pao|move: Protect\n|move|p1a: Ting-Lu|Stomping Tantrum|p2b: Arcanine\n|-supereffective|p2b: Arcanine\n|-damage|p2b: Arcanine|14\/100\n|\n|-damage|p1a: Ting-Lu|77\/100 brn|[from] brn\n|upkeep\n|turn|6\n|\n|t:|1682475819\n|move|p1b: Chien-Pao|Sucker Punch|p2a: Flutter Mane\n|-damage|p2a: Flutter Mane|0 fnt\n|faint|p2a: Flutter Mane\n|-end|p2a: Flutter Mane|Protosynthesis|[silent]\n|move|p2b: Arcanine|Will-O-Wisp|p1b: Chien-Pao\n|-status|p1b: Chien-Pao|brn\n|move|p1a: Ting-Lu|Stomping Tantrum|p2b: Arcanine\n|-supereffective|p2b: Arcanine\n|-damage|p2b: Arcanine|0 fnt\n|faint|p2b: Arcanine\n|\n|-damage|p1b: Chien-Pao|95\/100 brn|[from] brn\n|-damage|p1a: Ting-Lu|72\/100 brn|[from] brn\n|upkeep\n|\n|t:|1682475832\n|switch|p2a: Palafin|Palafin-Hero, L50, F, tera:Water|42\/100\n|switch|p2b: Chien-Pao|Chien-Pao, L50|100\/100\n|-ability|p2b: Chien-Pao|Sword of Ruin\n|turn|7\n|\n|t:|1682475854\n|switch|p1b: Arcanine|Arcanine, L50, F|89\/100\n|-ability|p1b: Arcanine|Intimidate|boost\n|-unboost|p2a: Palafin|atk|1\n|-unboost|p2b: Chien-Pao|atk|1\n|move|p2a: Palafin|Protect|p2a: Palafin\n|-singleturn|p2a: Palafin|Protect\n|move|p2b: Chien-Pao|Sacred Sword|p1b: Arcanine\n|-damage|p1b: Arcanine|57\/100\n|move|p1a: Ting-Lu|Heavy Slam|p2b: Chien-Pao\n|-supereffective|p2b: Chien-Pao\n|-damage|p2b: Chien-Pao|59\/100\n|\n|-damage|p1a: Ting-Lu|66\/100 brn|[from] brn\n|upkeep\n|turn|8\n|\n|t:|1682475884\n|move|p1b: Arcanine|Protect|p1b: Arcanine\n|-singleturn|p1b: Arcanine|Protect\n|move|p2a: Palafin|Jet Punch|p1b: Arcanine\n|-activate|p1b: Arcanine|move: Protect\n|move|p2b: Chien-Pao|Ice Spinner|p1a: Ting-Lu\n|-damage|p1a: Ting-Lu|48\/100 brn\n|move|p1a: Ting-Lu|Fissure|p2a: Palafin\n|-damage|p2a: Palafin|0 fnt\n|faint|p2a: Palafin\n|-ohko\n|\n|-damage|p1a: Ting-Lu|42\/100 brn|[from] brn\n|upkeep\n|turn|9\n|\n|t:|1682475905\n|move|p2b: Chien-Pao|Ice Spinner|p1a: Ting-Lu\n|-damage|p1a: Ting-Lu|21\/100 brn\n|move|p1b: Arcanine|Flare Blitz|p2b: Chien-Pao\n|-supereffective|p2b: Chien-Pao\n|-damage|p2b: Chien-Pao|0 fnt\n|faint|p2b: Chien-Pao\n|-damage|p1b: Arcanine|41\/100|[from] Recoil\n|\n|win|zeropiccolo\n|raw|zeropiccolo's rating: 1181 → 1211<\/strong> (+30 for winning)\n|raw|Humanberrito 2.0's rating: 1253 → 1223<\/strong> (-30 for losing)\n","uploadtime":1682475918,"views":11,"p1id":"zeropiccolo","p2id":"humanberrito20","formatid":"gen9vgc2023regulationc","rating":1211,"private":0,"password":""}