{"id":"gen9vgc2023regulationc-1860577360","p1":"jdtyhrg","p2":"duff72","format":"[Gen 9] VGC 2023 Regulation C","log":"|j|\u2606jdtyhrg\n|j|\u2606duff72\n|t:|1683655992\n|gametype|doubles\n|player|p1|jdtyhrg|1|1000\n|player|p2|duff72|266|1053\n|teamsize|p1|6\n|teamsize|p2|4\n|gen|9\n|tier|[Gen 9] VGC 2023 Regulation C\n|rated|\n|rule|Species Clause: Limit one of each Pok\u00e9mon\n|rule|Item Clause: Limit one of each item\n|clearpoke\n|poke|p1|Dondozo, L50, M|\n|poke|p1|Tatsugiri, L50, F|\n|poke|p1|Pawmot, L50, M|\n|poke|p1|Dragapult, L50, F|\n|poke|p1|Chien-Pao, L50|\n|poke|p1|Flutter Mane, L50|\n|poke|p2|Scream Tail, L50|\n|poke|p2|Wigglytuff, L50, F|\n|poke|p2|Jigglypuff, L50, F|\n|poke|p2|Igglybuff, L50, M|\n|teampreview|4\n|j| ghostistheman\n|inactive|Battle timer is ON: inactive players will automatically lose when time's up. (requested by duff72)\n|\n|t:|1683656017\n|start\n|switch|p1a: Dondozo|Dondozo, L50, M|100\/100\n|switch|p1b: Pawmot|Pawmot, L50, M|100\/100\n|switch|p2a: Scream Tail|Scream Tail, L50|100\/100\n|switch|p2b: Igglybuff|Igglybuff, L50, M|100\/100\n|-enditem|p2a: Scream Tail|Booster Energy\n|-activate|p2a: Scream Tail|ability: Protosynthesis|[fromitem]\n|-start|p2a: Scream Tail|protosynthesisspd\n|turn|1\n|\n|t:|1683656030\n|move|p1b: Pawmot|Volt Switch|p1a: Dondozo\n|-supereffective|p1a: Dondozo\n|-damage|p1a: Dondozo|81\/100\n|-enditem|p1a: Dondozo|Weakness Policy\n|-boost|p1a: Dondozo|atk|2|[from] item: Weakness Policy\n|-boost|p1a: Dondozo|spa|2|[from] item: Weakness Policy\n|\n|t:|1683656033\n|switch|p1b: Tatsugiri|Tatsugiri, L50, F|100\/100|[from] Volt Switch\n|-activate|p1b: Tatsugiri|ability: Commander|[of] p1a: Dondozo\n|-boost|p1a: Dondozo|atk|2\n|-boost|p1a: Dondozo|spa|2\n|-boost|p1a: Dondozo|spe|2\n|-boost|p1a: Dondozo|def|2\n|-boost|p1a: Dondozo|spd|2\n|move|p1a: Dondozo|Earthquake|p2b: Igglybuff|[spread] p2a,p2b\n|-miss|p1a: Dondozo|p1b: Tatsugiri\n|-damage|p2a: Scream Tail|64\/100\n|-enditem|p2b: Igglybuff|Focus Sash\n|-damage|p2b: Igglybuff|1\/100\n|move|p2b: Igglybuff|Gravity|p2b: Igglybuff\n|-fieldstart|move: Gravity\n|move|p2a: Scream Tail|Trick Room|p2a: Scream Tail\n|-fieldstart|move: Trick Room|[of] p2a: Scream Tail\n|\n|upkeep\n|turn|2\n|\n|t:|1683656054\n|move|p2b: Igglybuff|Sing|p1a: Dondozo\n|-status|p1a: Dondozo|slp|[from] move: Sing\n|cant|p1a: Dondozo|slp\n|move|p2a: Scream Tail|Bulk Up|p2a: Scream Tail\n|-boost|p2a: Scream Tail|atk|1\n|-boost|p2a: Scream Tail|def|1\n|\n|upkeep\n|turn|3\n|\n|t:|1683656067\n|move|p2b: Igglybuff|Sweet Kiss|p1a: Dondozo\n|-start|p1a: Dondozo|confusion\n|-curestatus|p1a: Dondozo|slp|[msg]\n|-activate|p1a: Dondozo|confusion\n|move|p1a: Dondozo|Earthquake|p2a: Scream Tail|[spread] p2a,p2b\n|-miss|p1a: Dondozo|p1b: Tatsugiri\n|-damage|p2a: Scream Tail|28\/100\n|-damage|p2b: Igglybuff|0 fnt\n|faint|p2b: Igglybuff\n|move|p2a: Scream Tail|Drain Punch|p1a: Dondozo\n|-damage|p1a: Dondozo|75\/100\n|-heal|p2a: Scream Tail|32\/100|[from] drain|[of] p1a: Dondozo\n|\n|upkeep\n|\n|t:|1683656080\n|switch|p2b: Jigglypuff|Jigglypuff, L50, F, shiny|100\/100\n|turn|4\n|\n|t:|1683656096\n|-activate|p1a: Dondozo|confusion\n|move|p1a: Dondozo|Protect|p1a: Dondozo\n|-singleturn|p1a: Dondozo|Protect\n|move|p2b: Jigglypuff|Sing|p1a: Dondozo\n|-activate|p1a: Dondozo|move: Protect\n|move|p2a: Scream Tail|Bulk Up|p2a: Scream Tail\n|-boost|p2a: Scream Tail|atk|1\n|-boost|p2a: Scream Tail|def|1\n|\n|upkeep\n|turn|5\n|\n|t:|1683656109\n|-activate|p1a: Dondozo|confusion\n|move|p1a: Dondozo|Protect||[still]\n|-fail|p1a: Dondozo\n|move|p2b: Jigglypuff|Sing|p1a: Dondozo\n|-status|p1a: Dondozo|slp|[from] move: Sing\n|move|p2a: Scream Tail|Drain Punch|p1a: Dondozo\n|-damage|p1a: Dondozo|69\/100 slp\n|-heal|p2a: Scream Tail|35\/100|[from] drain|[of] p1a: Dondozo\n|\n|-fieldend|move: Trick Room\n|-fieldend|move: Gravity\n|upkeep\n|turn|6\n|\n|t:|1683656124\n|cant|p1a: Dondozo|slp\n|move|p2b: Jigglypuff|Heal Pulse|p2a: Scream Tail\n|-heal|p2a: Scream Tail|85\/100\n|move|p2a: Scream Tail|Trick Room|p2a: Scream Tail\n|-fieldstart|move: Trick Room|[of] p2a: Scream Tail\n|\n|upkeep\n|turn|7\n|\n|t:|1683656138\n|move|p2b: Jigglypuff|Gyro Ball|p1a: Dondozo\n|-resisted|p1a: Dondozo\n|-damage|p1a: Dondozo|66\/100 slp\n|-curestatus|p1a: Dondozo|slp|[msg]\n|-activate|p1a: Dondozo|confusion\n|-damage|p1a: Dondozo|56\/100|[from] confusion\n|move|p2a: Scream Tail|Psychic Fangs|p1a: Dondozo\n|-damage|p1a: Dondozo|45\/100\n|\n|upkeep\n|turn|8\n|\n|t:|1683656151\n|move|p2b: Jigglypuff|Gravity|p2b: Jigglypuff\n|-fieldstart|move: Gravity\n|-end|p1a: Dondozo|confusion\n|move|p1a: Dondozo|Earthquake|p2a: Scream Tail|[spread] p2a,p2b\n|-miss|p1a: Dondozo|p1b: Tatsugiri\n|-damage|p2a: Scream Tail|51\/100\n|-damage|p2b: Jigglypuff|57\/100\n|move|p2a: Scream Tail|Drain Punch|p1a: Dondozo\n|-damage|p1a: Dondozo|39\/100\n|-heal|p2a: Scream Tail|55\/100|[from] drain|[of] p1a: Dondozo\n|\n|upkeep\n|turn|9\n|\n|t:|1683656167\n|move|p1a: Dondozo|Protect|p1a: Dondozo\n|-singleturn|p1a: Dondozo|Protect\n|move|p2b: Jigglypuff|Sing|p1a: Dondozo\n|-activate|p1a: Dondozo|move: Protect\n|move|p2a: Scream Tail|Drain Punch|p1a: Dondozo\n|-activate|p1a: Dondozo|move: Protect\n|\n|upkeep\n|turn|10\n|\n|t:|1683656176\n|move|p1a: Dondozo|Protect||[still]\n|-fail|p1a: Dondozo\n|move|p2b: Jigglypuff|Sing|p1a: Dondozo\n|-status|p1a: Dondozo|slp|[from] move: Sing\n|move|p2a: Scream Tail|Drain Punch|p1a: Dondozo\n|-damage|p1a: Dondozo|33\/100 slp\n|-heal|p2a: Scream Tail|58\/100|[from] drain|[of] p1a: Dondozo\n|\n|-fieldend|move: Trick Room\n|upkeep\n|turn|11\n|\n|t:|1683656191\n|move|p2a: Scream Tail|Psychic Fangs|p1a: Dondozo\n|-damage|p1a: Dondozo|23\/100 slp\n|cant|p1a: Dondozo|slp\n|move|p2b: Jigglypuff|Heal Pulse|p2a: Scream Tail\n|-heal|p2a: Scream Tail|100\/100\n|\n|upkeep\n|turn|12\n|\n|t:|1683656206\n|cant|p1a: Dondozo|slp\n|move|p2b: Jigglypuff|Gyro Ball|p1a: Dondozo\n|-resisted|p1a: Dondozo\n|-damage|p1a: Dondozo|20\/100 slp\n|move|p2a: Scream Tail|Trick Room|p2a: Scream Tail\n|-fieldstart|move: Trick Room|[of] p2a: Scream Tail\n|\n|-fieldend|move: Gravity\n|upkeep\n|turn|13\n|\n|t:|1683656216\n|move|p2b: Jigglypuff|Gravity|p2b: Jigglypuff\n|-fieldstart|move: Gravity\n|cant|p1a: Dondozo|slp\n|move|p2a: Scream Tail|Psychic Fangs|p1a: Dondozo\n|-crit|p1a: Dondozo\n|-damage|p1a: Dondozo|0 fnt\n|faint|p1a: Dondozo\n|\n|upkeep\n|\n|t:|1683656225\n|switch|p1a: Pawmot|Pawmot, L50, M|100\/100\n|turn|14\n|\n|t:|1683656234\n|move|p1a: Pawmot|Fake Out|p2a: Scream Tail\n|-damage|p2a: Scream Tail|96\/100\n|move|p2b: Jigglypuff|Sing|p1b: Tatsugiri\n|-status|p1b: Tatsugiri|slp|[from] move: Sing\n|cant|p2a: Scream Tail|flinch\n|cant|p1b: Tatsugiri|slp\n|\n|upkeep\n|turn|15\n|\n|t:|1683656248\n|move|p2b: Jigglypuff|Sing|p1a: Pawmot\n|-status|p1a: Pawmot|slp|[from] move: Sing\n|move|p2a: Scream Tail|Bulk Up|p2a: Scream Tail\n|-boost|p2a: Scream Tail|atk|1\n|-boost|p2a: Scream Tail|def|1\n|cant|p1a: Pawmot|slp\n|cant|p1b: Tatsugiri|slp\n|move|p1b: Tatsugiri|Sleep Talk|p1b: Tatsugiri\n|move|p1b: Tatsugiri|Muddy Water|p2a: Scream Tail|[from]move: Sleep Talk|[spread] p2a,p2b\n|-damage|p2a: Scream Tail|81\/100\n|-damage|p2b: Jigglypuff|10\/100\n|\n|upkeep\n|turn|16\n|\n|t:|1683656268\n|move|p2b: Jigglypuff|Gyro Ball|p1b: Tatsugiri\n|-resisted|p1b: Tatsugiri\n|-damage|p1b: Tatsugiri|82\/100 slp\n|move|p2a: Scream Tail|Psychic Fangs|p1b: Tatsugiri\n|-damage|p1b: Tatsugiri|0 fnt\n|faint|p1b: Tatsugiri\n|-curestatus|p1a: Pawmot|slp|[msg]\n|move|p1a: Pawmot|Volt Switch|p2a: Scream Tail\n|-damage|p2a: Scream Tail|75\/100\n|\n|t:|1683656273\n|switch|p1a: Flutter Mane|Flutter Mane, L50|100\/100|[from] Volt Switch\n|\n|-fieldend|move: Trick Room\n|upkeep\n|\n|t:|1683656275\n|switch|p1b: Pawmot|Pawmot, L50, M|100\/100\n|turn|17\n|\n|t:|1683656294\n|move|p1b: Pawmot|Fake Out|p2a: Scream Tail\n|-damage|p2a: Scream Tail|72\/100\n|move|p1a: Flutter Mane|Dazzling Gleam|p2b: Jigglypuff|[spread] p2a,p2b\n|-damage|p2a: Scream Tail|50\/100\n|-damage|p2b: Jigglypuff|0 fnt\n|faint|p2b: Jigglypuff\n|cant|p2a: Scream Tail|flinch\n|\n|-fieldend|move: Gravity\n|upkeep\n|\n|t:|1683656303\n|switch|p2b: Wigglytuff|Wigglytuff, L50, F|100\/100\n|turn|18\n|\n|t:|1683656311\n|-terastallize|p1b: Pawmot|Electric\n|move|p1b: Pawmot|Double Shock|p2b: Wigglytuff\n|-damage|p2b: Wigglytuff|0 fnt\n|-start|p1b: Pawmot|typechange|Electric|[from] move: Double Shock\n|faint|p2b: Wigglytuff\n|move|p1a: Flutter Mane|Dazzling Gleam|p2a: Scream Tail\n|-damage|p2a: Scream Tail|9\/100\n|move|p2a: Scream Tail|Psychic Fangs|p1a: Flutter Mane\n|-damage|p1a: Flutter Mane|0 fnt\n|faint|p1a: Flutter Mane\n|-end|p1a: Flutter Mane|Protosynthesis|[silent]\n|\n|upkeep\n|turn|19\n|\n|t:|1683656325\n|move|p1b: Pawmot|Double Shock|p2a: Scream Tail\n|-damage|p2a: Scream Tail|0 fnt\n|-start|p1b: Pawmot|typechange|Electric|[from] move: Double Shock\n|faint|p2a: Scream Tail\n|-end|p2a: Scream Tail|Protosynthesis|[silent]\n|\n|win|jdtyhrg\n|raw|jdtyhrg's rating: 1000 → 1046<\/strong> (+46 for winning)\n|raw|duff72's rating: 1053 → 1032<\/strong> (-21 for losing)\n|c| ghostistheman|gg\n|l|\u2606duff72\n|l|\u2606jdtyhrg\n|j|\u2606jdtyhrg\n|player|p1|jdtyhrg|1\n","uploadtime":1683656338,"views":10,"p1id":"jdtyhrg","p2id":"duff72","formatid":"gen9vgc2023regulationc","rating":1032,"private":0,"password":""}