{"id":"gen9vgc2023regulationc-1855313412","p1":"hysaaron","p2":"Filnapo89","format":"[Gen 9] VGC 2023 Regulation C","log":"|j|\u2606hysaaron\n|j|\u2606Filnapo89\n|t:|1682935229\n|gametype|doubles\n|player|p1|hysaaron|102|1155\n|player|p2|Filnapo89|266|1204\n|teamsize|p1|6\n|teamsize|p2|6\n|gen|9\n|tier|[Gen 9] VGC 2023 Regulation C\n|rated|\n|rule|Species Clause: Limit one of each Pok\u00e9mon\n|rule|Item Clause: Limit one of each item\n|clearpoke\n|poke|p1|Talonflame, L50, M|\n|poke|p1|Great Tusk, L50|\n|poke|p1|Chi-Yu, L50|\n|poke|p1|Flutter Mane, L50|\n|poke|p1|Amoonguss, L50, F|\n|poke|p1|Gyarados, L50, F|\n|poke|p2|Torkoal, L50, F|\n|poke|p2|Flutter Mane, L50|\n|poke|p2|Great Tusk, L50|\n|poke|p2|Jumpluff, L50, F|\n|poke|p2|Chien-Pao, L50|\n|poke|p2|Kingambit, L50, M|\n|teampreview|4\n|inactive|Battle timer is ON: inactive players will automatically lose when time's up. (requested by hysaaron)\n|inactive|Filnapo89 has 60 seconds left.\n|\n|t:|1682935270\n|start\n|switch|p1a: Talonflame|Talonflame, L50, M, shiny|100\/100\n|switch|p1b: Great Tusk|Great Tusk, L50, shiny|100\/100\n|switch|p2a: Trouble|Great Tusk, L50, shiny|100\/100\n|switch|p2b: Breakthrough|Torkoal, L50, F, shiny|100\/100\n|-weather|SunnyDay|[from] ability: Drought|[of] p2b: Breakthrough\n|-activate|p1b: Great Tusk|ability: Protosynthesis\n|-start|p1b: Great Tusk|protosynthesisatk\n|-activate|p2a: Trouble|ability: Protosynthesis\n|-start|p2a: Trouble|protosynthesisatk\n|turn|1\n|inactive|hysaaron has 30 seconds left.\n|inactive|hysaaron has 20 seconds left.\n|inactive|hysaaron has 15 seconds left.\n|inactive|hysaaron has 10 seconds left.\n|\n|t:|1682935318\n|switch|p2b: Jumpluff|Jumpluff, L50, F, shiny|100\/100\n|move|p1a: Talonflame|Tailwind|p1a: Talonflame\n|-sidestart|p1: hysaaron|move: Tailwind\n|move|p1b: Great Tusk|Earthquake|p2b: Jumpluff|[spread] p2a\n|-immune|p1a: Talonflame\n|-immune|p2b: Jumpluff\n|-damage|p2a: Trouble|64\/100\n|move|p2a: Trouble|Headlong Rush|p1b: Great Tusk\n|-damage|p1b: Great Tusk|40\/100\n|-unboost|p2a: Trouble|def|1\n|-unboost|p2a: Trouble|spd|1\n|\n|-weather|SunnyDay|[upkeep]\n|upkeep\n|turn|2\n|inactive|Filnapo89 has 30 seconds left.\n|inactive|Filnapo89 has 20 seconds left.\n|inactive|Filnapo89 has 15 seconds left.\n|inactive|Filnapo89 has 10 seconds left.\n|\n|t:|1682935367\n|-end|p2a: Trouble|Protosynthesis|[silent]\n|switch|p2a: Breakthrough|Torkoal, L50, F, shiny|100\/100\n|move|p1a: Talonflame|Brave Bird|p2b: Jumpluff\n|-supereffective|p2b: Jumpluff\n|-enditem|p2b: Jumpluff|Coba Berry|[eat]\n|-enditem|p2b: Jumpluff|Coba Berry|[weaken]\n|-damage|p2b: Jumpluff|56\/100\n|-damage|p1a: Talonflame|89\/100|[from] Recoil\n|move|p1b: Great Tusk|Earthquake|p2a: Breakthrough|[spread] p2a\n|-immune|p1a: Talonflame\n|-immune|p2b: Jumpluff\n|-supereffective|p2a: Breakthrough\n|-damage|p2a: Breakthrough|26\/100\n|move|p2b: Jumpluff|Tailwind|p2b: Jumpluff\n|-sidestart|p2: Filnapo89|move: Tailwind\n|\n|-weather|SunnyDay|[upkeep]\n|upkeep\n|turn|3\n|inactive|hysaaron has 30 seconds left.\n|inactive|Filnapo89 has 30 seconds left.\n|\n|t:|1682935401\n|move|p2b: Jumpluff|Sleep Powder|p1a: Talonflame\n|-status|p1a: Talonflame|slp|[from] move: Sleep Powder\n|move|p1b: Great Tusk|Earthquake|p2b: Jumpluff|[spread] p2a\n|-immune|p1a: Talonflame\n|-immune|p2b: Jumpluff\n|-supereffective|p2a: Breakthrough\n|-damage|p2a: Breakthrough|0 fnt\n|faint|p2a: Breakthrough\n|cant|p1a: Talonflame|slp\n|\n|-weather|SunnyDay|[upkeep]\n|upkeep\n|\n|t:|1682935409\n|switch|p2a: Trouble|Great Tusk, L50, shiny|64\/100\n|-activate|p2a: Trouble|ability: Protosynthesis\n|-start|p2a: Trouble|protosynthesisatk\n|turn|4\n|\n|t:|1682935432\n|move|p2b: Jumpluff|Pollen Puff|p2a: Trouble\n|-heal|p2a: Trouble|100\/100\n|move|p1b: Great Tusk|Earthquake|p2a: Trouble|[spread] p2a\n|-immune|p1a: Talonflame\n|-immune|p2b: Jumpluff\n|-damage|p2a: Trouble|65\/100\n|move|p2a: Trouble|Rock Slide|p1b: Great Tusk|[spread] p1a,p1b\n|-supereffective|p1a: Talonflame\n|-resisted|p1b: Great Tusk\n|-damage|p1a: Talonflame|0 fnt\n|-damage|p1b: Great Tusk|36\/100\n|faint|p1a: Talonflame\n|\n|-weather|SunnyDay|[upkeep]\n|-sideend|p1: hysaaron|move: Tailwind\n|upkeep\n|l|\u2606hysaaron\n|inactive|hysaaron disconnected and has a minute to reconnect!\n|player|p1|\n|inactive|hysaaron has 30 seconds left.\n|inactive|hysaaron has 20 seconds left.\n|j|\u2606hysaaron\n|inactive|hysaaron reconnected and has 20 seconds left.\n|player|p1|hysaaron|102\n|inactive|hysaaron has 15 seconds left.\n|\n|t:|1682935472\n|switch|p1a: Flutter Mane|Flutter Mane, L50|100\/100\n|-activate|p1a: Flutter Mane|ability: Protosynthesis\n|-start|p1a: Flutter Mane|protosynthesisspa\n|turn|5\n|inactive|Filnapo89 has 30 seconds left.\n|inactive|Filnapo89 has 20 seconds left.\n|inactive|Filnapo89 has 15 seconds left.\n|inactive|Filnapo89 has 10 seconds left.\n|inactive|Filnapo89 has 5 seconds left.\n|\n|t:|1682935524\n|-end|p2a: Trouble|Protosynthesis|[silent]\n|switch|p2a: Kingambit|Kingambit, L50, M|100\/100\n|move|p1a: Flutter Mane|Protect|p1a: Flutter Mane\n|-singleturn|p1a: Flutter Mane|Protect\n|move|p2b: Jumpluff|Sleep Powder|p1b: Great Tusk\n|-status|p1b: Great Tusk|slp|[from] move: Sleep Powder\n|cant|p1b: Great Tusk|slp\n|\n|-weather|none\n|-end|p1b: Great Tusk|Protosynthesis\n|-end|p1a: Flutter Mane|Protosynthesis\n|-sideend|p2: Filnapo89|move: Tailwind\n|upkeep\n|-enditem|p1a: Flutter Mane|Booster Energy\n|-activate|p1a: Flutter Mane|ability: Protosynthesis|[fromitem]\n|-start|p1a: Flutter Mane|protosynthesisspa\n|turn|6\n|inactive|hysaaron has 30 seconds left.\n|inactive|Filnapo89 has 30 seconds left.\n|\n|t:|1682935556\n|-end|p1b: Great Tusk|Protosynthesis|[silent]\n|switch|p1b: Chi-Yu|Chi-Yu, L50|100\/100\n|-ability|p1b: Chi-Yu|Beads of Ruin\n|move|p2b: Jumpluff|Tailwind|p2b: Jumpluff\n|-sidestart|p2: Filnapo89|move: Tailwind\n|move|p1a: Flutter Mane|Substitute|p1a: Flutter Mane\n|-start|p1a: Flutter Mane|Substitute\n|-damage|p1a: Flutter Mane|76\/100\n|move|p2a: Kingambit|Iron Head|p1a: Flutter Mane\n|-supereffective|p1a: Flutter Mane\n|-end|p1a: Flutter Mane|Substitute\n|\n|upkeep\n|turn|7\n|inactive|hysaaron has 30 seconds left.\n|inactive|Filnapo89 has 30 seconds left.\n|inactive|Filnapo89 has 20 seconds left.\n|\n|t:|1682935594\n|-terastallize|p2a: Kingambit|Fire\n|move|p2b: Jumpluff|Sleep Powder|p1b: Chi-Yu|[miss]\n|-miss|p2b: Jumpluff|p1b: Chi-Yu\n|move|p1a: Flutter Mane|Substitute|p1a: Flutter Mane\n|-start|p1a: Flutter Mane|Substitute\n|-damage|p1a: Flutter Mane|51\/100\n|move|p2a: Kingambit|Iron Head|p1a: Flutter Mane\n|-supereffective|p1a: Flutter Mane\n|-end|p1a: Flutter Mane|Substitute\n|move|p1b: Chi-Yu|Heat Wave|p2b: Jumpluff|[spread] p2b\n|-miss|p1b: Chi-Yu|p2a: Kingambit\n|-supereffective|p2b: Jumpluff\n|-damage|p2b: Jumpluff|0 fnt\n|faint|p2b: Jumpluff\n|-damage|p1b: Chi-Yu|91\/100|[from] item: Life Orb\n|\n|upkeep\n|\n|t:|1682935599\n|switch|p2b: Trouble|Great Tusk, L50, shiny|65\/100\n|turn|8\n|inactive|hysaaron has 30 seconds left.\n|\n|t:|1682935628\n|move|p1a: Flutter Mane|Protect|p1a: Flutter Mane\n|-singleturn|p1a: Flutter Mane|Protect\n|move|p1b: Chi-Yu|Protect|p1b: Chi-Yu\n|-singleturn|p1b: Chi-Yu|Protect\n|move|p2b: Trouble|Headlong Rush|p1b: Chi-Yu\n|-activate|p1b: Chi-Yu|move: Protect\n|move|p2a: Kingambit|Iron Head|p1a: Flutter Mane\n|-activate|p1a: Flutter Mane|move: Protect\n|\n|upkeep\n|turn|9\n|inactive|hysaaron has 30 seconds left.\n|inactive|Filnapo89 has 30 seconds left.\n|\n|t:|1682935657\n|-terastallize|p1b: Chi-Yu|Flying\n|move|p2b: Trouble|Headlong Rush|p1b: Chi-Yu\n|-immune|p1b: Chi-Yu\n|move|p1a: Flutter Mane|Substitute|p1a: Flutter Mane\n|-start|p1a: Flutter Mane|Substitute\n|-damage|p1a: Flutter Mane|27\/100\n|move|p2a: Kingambit|Iron Head|p1a: Flutter Mane\n|-supereffective|p1a: Flutter Mane\n|-end|p1a: Flutter Mane|Substitute\n|move|p1b: Chi-Yu|Nasty Plot|p1b: Chi-Yu\n|-boost|p1b: Chi-Yu|spa|2\n|\n|-sideend|p2: Filnapo89|move: Tailwind\n|upkeep\n|turn|10\n|inactive|Filnapo89 has 30 seconds left.\n|inactive|Filnapo89 has 20 seconds left.\n|\n|t:|1682935693\n|move|p1a: Flutter Mane|Protect|p1a: Flutter Mane\n|-singleturn|p1a: Flutter Mane|Protect\n|move|p2b: Trouble|Headlong Rush|p1a: Flutter Mane\n|-activate|p1a: Flutter Mane|move: Protect\n|move|p1b: Chi-Yu|Heat Wave|p2a: Kingambit|[spread] p2a,p2b\n|-resisted|p2a: Kingambit\n|-crit|p2a: Kingambit\n|-damage|p2a: Kingambit|10\/100\n|-damage|p2b: Trouble|0 fnt\n|faint|p2b: Trouble\n|-end|p2b: Trouble|Protosynthesis|[silent]\n|-damage|p1b: Chi-Yu|82\/100|[from] item: Life Orb\n|move|p2a: Kingambit|Tera Blast|p1b: Chi-Yu\n|-damage|p1b: Chi-Yu|36\/100\n|\n|upkeep\n|turn|11\n|inactive|Filnapo89 has 30 seconds left.\n|l|\u2606Filnapo89\n|inactive|Filnapo89 disconnected and has a minute to reconnect!\n|player|p2|\n|inactive|Filnapo89 has 20 seconds left.\n|inactive|Filnapo89 has 15 seconds left.\n|inactive|Filnapo89 has 10 seconds left.\n|inactive|Filnapo89 has 5 seconds left.\n|-message|Filnapo89 lost due to inactivity.\n|\n|win|hysaaron\n|raw|hysaaron's rating: 1155 → 1184<\/strong> (+29 for winning)\n|raw|Filnapo89's rating: 1204 → 1175<\/strong> (-29 for losing)\n","uploadtime":1682935752,"views":20,"p1id":"hysaaron","p2id":"filnapo89","formatid":"gen9vgc2023regulationc","rating":1175,"private":0,"password":""}