{"id":"gen9vgc2023regulationc-1850429678","p1":"Flavio22","p2":"hysaaron","format":"[Gen 9] VGC 2023 Regulation C","log":"|j|\u2606Flavio22\n|j|\u2606hysaaron\n|t:|1682335607\n|gametype|doubles\n|player|p1|Flavio22|170|1150\n|player|p2|hysaaron|169|1193\n|teamsize|p1|6\n|teamsize|p2|6\n|gen|9\n|tier|[Gen 9] VGC 2023 Regulation C\n|rated|\n|rule|Species Clause: Limit one of each Pok\u00e9mon\n|rule|Item Clause: Limit one of each item\n|clearpoke\n|poke|p1|Coalossal, L50, F|\n|poke|p1|Iron Bundle, L50|\n|poke|p1|Dragonite, L50, F|\n|poke|p1|Murkrow, L50, M|\n|poke|p1|Gholdengo, L50|\n|poke|p1|Amoonguss, L50, F|\n|poke|p2|Murkrow, L50, F|\n|poke|p2|Gholdengo, L50|\n|poke|p2|Great Tusk, L50|\n|poke|p2|Gyarados, L50, M|\n|poke|p2|Amoonguss, L50, F|\n|poke|p2|Ting-Lu, L50|\n|teampreview|4\n|inactive|Battle timer is ON: inactive players will automatically lose when time's up. (requested by hysaaron)\n|inactive|Flavio22 has 60 seconds left.\n|inactive|hysaaron has 60 seconds left.\n|\n|t:|1682335655\n|start\n|switch|p1a: Iron Bundle|Iron Bundle, L50|100\/100\n|switch|p1b: Murkrow|Murkrow, L50, M|100\/100\n|switch|p2a: Murkrow|Murkrow, L50, F, shiny|100\/100\n|switch|p2b: Great Tusk|Great Tusk, L50, shiny|100\/100\n|turn|1\n|inactive|hysaaron has 30 seconds left.\n|\n|t:|1682335688\n|move|p1b: Murkrow|Tailwind|p1b: Murkrow\n|-sidestart|p1: Flavio22|move: Tailwind\n|move|p2a: Murkrow|Tailwind|p2a: Murkrow\n|-sidestart|p2: hysaaron|move: Tailwind\n|move|p2b: Great Tusk|Close Combat|p1a: Iron Bundle\n|-supereffective|p1a: Iron Bundle\n|-enditem|p1a: Iron Bundle|Focus Sash\n|-damage|p1a: Iron Bundle|1\/100\n|-unboost|p2b: Great Tusk|def|1\n|-unboost|p2b: Great Tusk|spd|1\n|move|p1a: Iron Bundle|Hydro Pump|p2b: Great Tusk\n|-supereffective|p2b: Great Tusk\n|-damage|p2b: Great Tusk|0 fnt\n|faint|p2b: Great Tusk\n|-end|p2b: Great Tusk|Protosynthesis|[silent]\n|\n|upkeep\n|\n|t:|1682335705\n|switch|p2b: Gholdengo|Gholdengo, L50|100\/100\n|turn|2\n|inactive|Flavio22 has 30 seconds left.\n|inactive|hysaaron has 30 seconds left.\n|\n|t:|1682335734\n|move|p2a: Murkrow|Taunt|p1b: Murkrow\n|-hint|Since gen 7, Dark is immune to Prankster moves.\n|-immune|p1b: Murkrow\n|move|p1a: Iron Bundle|Flip Turn|p2a: Murkrow\n|-damage|p2a: Murkrow|77\/100\n|\n|t:|1682335741\n|-end|p1a: Iron Bundle|Quark Drive|[silent]\n|switch|p1a: Gholdengo|Gholdengo, L50|100\/100|[from] Flip Turn\n|move|p1b: Murkrow|Foul Play|p2b: Gholdengo\n|-supereffective|p2b: Gholdengo\n|-damage|p2b: Gholdengo|69\/100\n|move|p2b: Gholdengo|Shadow Ball|p1a: Gholdengo\n|-supereffective|p1a: Gholdengo\n|-damage|p1a: Gholdengo|4\/100\n|-unboost|p1a: Gholdengo|spd|1\n|\n|-heal|p2b: Gholdengo|76\/100|[from] item: Leftovers\n|upkeep\n|turn|3\n|inactive|Flavio22 has 30 seconds left.\n|inactive|hysaaron has 30 seconds left.\n|\n|t:|1682335775\n|switch|p1b: Coalossal|Coalossal, L50, F|100\/100\n|move|p2b: Gholdengo|Protect|p2b: Gholdengo\n|-singleturn|p2b: Gholdengo|Protect\n|move|p1a: Gholdengo|Shadow Ball|p2b: Gholdengo\n|-activate|p2b: Gholdengo|move: Protect\n|move|p2a: Murkrow|Foul Play|p1a: Gholdengo\n|-supereffective|p1a: Gholdengo\n|-damage|p1a: Gholdengo|0 fnt\n|faint|p1a: Gholdengo\n|\n|-heal|p2b: Gholdengo|82\/100|[from] item: Leftovers\n|upkeep\n|\n|t:|1682335792\n|switch|p1a: Iron Bundle|Iron Bundle, L50|1\/100\n|turn|4\n|l|\u2606hysaaron\n|inactive|hysaaron disconnected and has a minute to reconnect!\n|player|p2|\n|j|\u2606hysaaron\n|inactive|hysaaron reconnected and has 45 seconds left.\n|player|p2|hysaaron|169\n|inactive|hysaaron has 30 seconds left.\n|\n|t:|1682335823\n|-terastallize|p2b: Gholdengo|Water\n|-terastallize|p1b: Coalossal|Ground\n|move|p1a: Iron Bundle|Flip Turn|p1b: Coalossal\n|-supereffective|p1b: Coalossal\n|-damage|p1b: Coalossal|75\/100\n|-ability|p1b: Coalossal|Steam Engine|boost\n|-boost|p1b: Coalossal|spe|6\n|-enditem|p1b: Coalossal|Weakness Policy\n|-boost|p1b: Coalossal|atk|2|[from] item: Weakness Policy\n|-boost|p1b: Coalossal|spa|2|[from] item: Weakness Policy\n|\n|t:|1682335833\n|-end|p1a: Iron Bundle|Quark Drive|[silent]\n|switch|p1a: Murkrow|Murkrow, L50, M|100\/100|[from] Flip Turn\n|move|p1b: Coalossal|Rock Slide|p2a: Murkrow|[spread] p2a,p2b\n|-supereffective|p2a: Murkrow\n|-damage|p2a: Murkrow|0 fnt\n|-damage|p2b: Gholdengo|35\/100\n|faint|p2a: Murkrow\n|move|p2b: Gholdengo|Nasty Plot|p2b: Gholdengo\n|-boost|p2b: Gholdengo|spa|2\n|\n|-heal|p2b: Gholdengo|41\/100|[from] item: Leftovers\n|-sideend|p1: Flavio22|move: Tailwind\n|-sideend|p2: hysaaron|move: Tailwind\n|upkeep\n|\n|t:|1682335847\n|switch|p2a: Amoonguss|Amoonguss, L50, F, shiny|100\/100\n|turn|5\n|inactive|hysaaron has 30 seconds left.\n|\n|t:|1682335875\n|move|p2b: Gholdengo|Protect|p2b: Gholdengo\n|-singleturn|p2b: Gholdengo|Protect\n|move|p1a: Murkrow|Tailwind|p1a: Murkrow\n|-sidestart|p1: Flavio22|move: Tailwind\n|move|p1b: Coalossal|Flare Blitz|p2a: Amoonguss\n|-supereffective|p2a: Amoonguss\n|-damage|p2a: Amoonguss|0 fnt\n|-damage|p1b: Coalossal|58\/100|[from] item: Rocky Helmet|[of] p2a: Amoonguss\n|faint|p2a: Amoonguss\n|-damage|p1b: Coalossal|19\/100|[from] Recoil\n|\n|-heal|p2b: Gholdengo|47\/100|[from] item: Leftovers\n|upkeep\n|turn|6\n|\n|t:|1682335895\n|move|p1b: Coalossal|Earthquake|p2b: Gholdengo|[spread] p2b\n|-immune|p1a: Murkrow\n|-damage|p2b: Gholdengo|0 fnt\n|faint|p2b: Gholdengo\n|\n|win|Flavio22\n|raw|Flavio22's rating: 1150 → 1178<\/strong> (+28 for winning)\n|raw|hysaaron's rating: 1193 → 1165<\/strong> (-28 for losing)\n","uploadtime":1682335900,"views":24,"p1id":"flavio22","p2id":"hysaaron","formatid":"gen9vgc2023regulationc","rating":1165,"private":0,"password":""}