{"id":"gen9vgc2023regulationc-1852610578","p1":"Timelypants","p2":"Piccius","format":"[Gen 9] VGC 2023 Regulation C","log":"|j|\u2606Timelypants\n|j|\u2606Piccius\n|t:|1682584899\n|gametype|doubles\n|player|p1|Timelypants|102|1250\n|player|p2|Piccius|hiker-gen4|1314\n|teamsize|p1|6\n|teamsize|p2|6\n|gen|9\n|tier|[Gen 9] VGC 2023 Regulation C\n|rated|\n|rule|Species Clause: Limit one of each Pok\u00e9mon\n|rule|Item Clause: Limit one of each item\n|clearpoke\n|poke|p1|Dondozo, L50, F|\n|poke|p1|Tatsugiri-Droopy, L50, M|\n|poke|p1|Pelipper, L50, M|\n|poke|p1|Drednaw, L50, F|\n|poke|p1|Dragonite, L50, F|\n|poke|p1|Chien-Pao, L50|\n|poke|p2|Iron Bundle, L50|\n|poke|p2|Chi-Yu, L50|\n|poke|p2|Azumarill, L50, F|\n|poke|p2|Annihilape, L50, M|\n|poke|p2|Maushold, L50|\n|poke|p2|Abomasnow, L50, M|\n|teampreview|4\n|inactive|Battle timer is ON: inactive players will automatically lose when time's up. (requested by Timelypants)\n|inactive|Timelypants has 60 seconds left.\n|inactive|Piccius has 60 seconds left.\n|\n|t:|1682584938\n|start\n|switch|p1a: Pelipper|Pelipper, L50, M|100\/100\n|switch|p1b: Drednaw|Drednaw, L50, F|100\/100\n|switch|p2a: Iron Bundle|Iron Bundle, L50|100\/100\n|switch|p2b: Chi-Yu|Chi-Yu, L50|100\/100\n|-ability|p2b: Chi-Yu|Beads of Ruin\n|-weather|RainDance|[from] ability: Drizzle|[of] p1a: Pelipper\n|-enditem|p2a: Iron Bundle|Booster Energy\n|-activate|p2a: Iron Bundle|ability: Quark Drive|[fromitem]\n|-start|p2a: Iron Bundle|quarkdrivespe\n|turn|1\n|inactive|Timelypants has 30 seconds left.\n|inactive|Timelypants has 20 seconds left.\n|\n|t:|1682584974\n|switch|p2b: Abomasnow|Abomasnow, L50, M|100\/100\n|-weather|Snow|[from] ability: Snow Warning|[of] p2b: Abomasnow\n|move|p2a: Iron Bundle|Freeze-Dry|p1a: Pelipper\n|-supereffective|p1a: Pelipper\n|-damage|p1a: Pelipper|0 fnt\n|faint|p1a: Pelipper\n|move|p1b: Drednaw|Rock Slide|p2b: Abomasnow|[spread] p2a,p2b\n|-supereffective|p2a: Iron Bundle\n|-supereffective|p2b: Abomasnow\n|-damage|p2a: Iron Bundle|28\/100\n|-damage|p2b: Abomasnow|32\/100\n|\n|-weather|Snow|[upkeep]\n|upkeep\n|\n|t:|1682584993\n|switch|p1a: Dondozo|Dondozo, L50, F|100\/100\n|turn|2\n|\n|t:|1682585008\n|move|p1a: Dondozo|Protect|p1a: Dondozo\n|-singleturn|p1a: Dondozo|Protect\n|move|p2a: Iron Bundle|Icy Wind|p1b: Drednaw|[spread] p1b\n|-activate|p1a: Dondozo|move: Protect\n|-resisted|p1b: Drednaw\n|-damage|p1b: Drednaw|84\/100\n|-unboost|p1b: Drednaw|spe|1\n|move|p1b: Drednaw|Rock Slide|p2a: Iron Bundle|[spread] p2b\n|-miss|p1b: Drednaw|p2a: Iron Bundle\n|-supereffective|p2b: Abomasnow\n|-damage|p2b: Abomasnow|0 fnt\n|faint|p2b: Abomasnow\n|\n|-weather|Snow|[upkeep]\n|upkeep\n|\n|t:|1682585024\n|switch|p2b: Azumarill|Azumarill, L50, F, shiny|100\/100\n|turn|3\n|inactive|Timelypants has 30 seconds left.\n|\n|t:|1682585057\n|switch|p1b: Tatsugiri|Tatsugiri-Droopy, L50, M, shiny|100\/100\n|-activate|p1b: Tatsugiri|ability: Commander|[of] p1a: Dondozo\n|-boost|p1a: Dondozo|atk|2\n|-boost|p1a: Dondozo|spa|2\n|-boost|p1a: Dondozo|spe|2\n|-boost|p1a: Dondozo|def|2\n|-boost|p1a: Dondozo|spd|2\n|move|p2a: Iron Bundle|Icy Wind|p1b: Tatsugiri|[spread] p1a\n|-miss|p2a: Iron Bundle|p1b: Tatsugiri\n|-resisted|p1a: Dondozo\n|-damage|p1a: Dondozo|94\/100\n|-unboost|p1a: Dondozo|spe|1\n|move|p1a: Dondozo|Wave Crash|p2a: Iron Bundle\n|-resisted|p2a: Iron Bundle\n|-damage|p2a: Iron Bundle|0 fnt\n|faint|p2a: Iron Bundle\n|-end|p2a: Iron Bundle|Quark Drive|[silent]\n|-damage|p1a: Dondozo|89\/100|[from] Recoil\n|-damage|p1a: Dondozo|79\/100|[from] item: Life Orb\n|move|p2b: Azumarill|Play Rough|p1a: Dondozo\n|-crit|p1a: Dondozo\n|-damage|p1a: Dondozo|12\/100\n|\n|-weather|Snow|[upkeep]\n|upkeep\n|\n|t:|1682585061\n|switch|p2a: Chi-Yu|Chi-Yu, L50|100\/100\n|-ability|p2a: Chi-Yu|Beads of Ruin\n|turn|4\n|inactive|Piccius has 30 seconds left.\n|\n|t:|1682585088\n|move|p2a: Chi-Yu|Dark Pulse|p1a: Dondozo\n|-damage|p1a: Dondozo|0 fnt\n|faint|p1a: Dondozo\n|move|p2b: Azumarill|Play Rough|p1b: Tatsugiri\n|-supereffective|p1b: Tatsugiri\n|-crit|p1b: Tatsugiri\n|-damage|p1b: Tatsugiri|0 fnt\n|faint|p1b: Tatsugiri\n|\n|-weather|Snow|[upkeep]\n|upkeep\n|\n|t:|1682585095\n|switch|p1b: Drednaw|Drednaw, L50, F|84\/100\n|turn|5\n|\n|t:|1682585103\n|-terastallize|p2a: Chi-Yu|Water\n|-terastallize|p1b: Drednaw|Grass\n|move|p2a: Chi-Yu|Dark Pulse|p1b: Drednaw\n|-damage|p1b: Drednaw|0 fnt\n|faint|p1b: Drednaw\n|\n|win|Piccius\n|raw|Timelypants's rating: 1250 → 1230<\/strong> (-20 for losing)\n|raw|Piccius's rating: 1314 → 1330<\/strong> (+16 for winning)\n|l|\u2606Timelypants\n","uploadtime":1682585120,"views":13,"p1id":"timelypants","p2id":"piccius","formatid":"gen9vgc2023regulationc","rating":1230,"private":0,"password":""}