{"id":"gen9vgc2023regulationc-1854948703","p1":"BumpyBumps","p2":"awesome10billion","format":"[Gen 9] VGC 2023 Regulation C","log":"|j|\u2606BumpyBumps\n|j|\u2606awesome10billion\n|t:|1682883960\n|gametype|doubles\n|player|p1|BumpyBumps|wallace|\n|player|p2|awesome10billion|170|\n|teamsize|p1|6\n|teamsize|p2|6\n|gen|9\n|tier|[Gen 9] VGC 2023 Regulation C\n|rule|Species Clause: Limit one of each Pok\u00e9mon\n|rule|Item Clause: Limit one of each item\n|clearpoke\n|poke|p1|Flutter Mane, L50|\n|poke|p1|Chien-Pao, L50|\n|poke|p1|Ting-Lu, L50|\n|poke|p1|Arcanine, L50, F|\n|poke|p1|Dragonite, L50, F|\n|poke|p1|Amoonguss, L50, F|\n|poke|p2|Iron Hands, L50|\n|poke|p2|Amoonguss, L50, F|\n|poke|p2|Pelipper, L50, M|\n|poke|p2|Palafin, L50, F|\n|poke|p2|Baxcalibur, L50, F|\n|poke|p2|Dragonite, L50, F|\n|teampreview|4\n|inactive|Battle timer is ON: inactive players will automatically lose when time's up. (requested by awesome10billion)\nBumpyBumps rejected open team sheets.\n|inactive|awesome10billion has 60 seconds left.\n|\n|t:|1682884021\n|start\n|switch|p1a: Arcanine|Arcanine, L50, F|100\/100\n|switch|p1b: Amoonguss|Amoonguss, L50, F|100\/100\n|switch|p2a: Pelipper|Pelipper, L50, M|100\/100\n|switch|p2b: Baxcalibur|Baxcalibur, L50, F|100\/100\n|-ability|p1a: Arcanine|Intimidate|boost\n|-unboost|p2a: Pelipper|atk|1\n|-unboost|p2b: Baxcalibur|atk|1\n|-weather|RainDance|[from] ability: Drizzle|[of] p2a: Pelipper\n|turn|1\n|\n|t:|1682884042\n|move|p1a: Arcanine|Will-O-Wisp|p2b: Baxcalibur\n|-immune|p2b: Baxcalibur|[from] ability: Thermal Exchange\n|move|p2a: Pelipper|Hurricane|p1b: Amoonguss\n|-supereffective|p1b: Amoonguss\n|-crit|p1b: Amoonguss\n|-damage|p1b: Amoonguss|0 fnt\n|faint|p1b: Amoonguss\n|move|p2b: Baxcalibur|Icicle Crash|p1a: Arcanine\n|-resisted|p1a: Arcanine\n|-damage|p1a: Arcanine|83\/100\n|\n|-weather|RainDance|[upkeep]\n|upkeep\n|\n|t:|1682884053\n|switch|p1b: Chien-Pao|Chien-Pao, L50|100\/100\n|-ability|p1b: Chien-Pao|Sword of Ruin\n|turn|2\n|j| aquaarmor23\n|\n|t:|1682884070\n|switch|p2b: Iron Hands|Iron Hands, L50|100\/100\n|move|p1b: Chien-Pao|Sucker Punch||[still]\n|-fail|p1b: Chien-Pao\n|move|p1a: Arcanine|Flare Blitz|p2b: Iron Hands\n|-damage|p2b: Iron Hands|76\/100\n|-damage|p1a: Arcanine|73\/100|[from] Recoil\n|move|p2a: Pelipper|Tailwind|p2a: Pelipper\n|-sidestart|p2: awesome10billion|move: Tailwind\n|\n|-weather|RainDance|[upkeep]\n|upkeep\n|turn|3\n|c| aquaarmor23|howdy y'all got my computer to actually work\n|inactive|BumpyBumps has 30 seconds left.\n|inactive|BumpyBumps has 20 seconds left.\n|c|\u2606awesome10billion|hey, that's awesome\n|inactive|BumpyBumps has 15 seconds left.\n|\n|t:|1682884111\n|move|p2b: Iron Hands|Fake Out|p1b: Chien-Pao\n|-damage|p1b: Chien-Pao|81\/100\n|cant|p1b: Chien-Pao|flinch\n|move|p2a: Pelipper|Hydro Pump|p1a: Arcanine\n|-supereffective|p1a: Arcanine\n|-damage|p1a: Arcanine|0 fnt\n|faint|p1a: Arcanine\n|\n|-weather|RainDance|[upkeep]\n|upkeep\n|\n|t:|1682884117\n|switch|p1a: Ting-Lu|Ting-Lu, L50|100\/100\n|-ability|p1a: Ting-Lu|Vessel of Ruin\n|turn|4\n|\n|t:|1682884125\n|move|p1b: Chien-Pao|Sucker Punch|p2a: Pelipper\n|-damage|p2a: Pelipper|41\/100\n|move|p2a: Pelipper|Hydro Pump|p1a: Ting-Lu\n|-supereffective|p1a: Ting-Lu\n|-damage|p1a: Ting-Lu|52\/100\n|move|p2b: Iron Hands|Close Combat|p1b: Chien-Pao\n|-supereffective|p1b: Chien-Pao\n|-damage|p1b: Chien-Pao|0 fnt\n|-unboost|p2b: Iron Hands|def|1\n|-unboost|p2b: Iron Hands|spd|1\n|faint|p1b: Chien-Pao\n|move|p1a: Ting-Lu|Fissure|p2b: Iron Hands|[miss]\n|-miss|p1a: Ting-Lu|p2b: Iron Hands\n|\n|-weather|RainDance|[upkeep]\n|upkeep\n|turn|5\n|\n|t:|1682884140\n|move|p2a: Pelipper|Hydro Pump|p1a: Ting-Lu\n|-supereffective|p1a: Ting-Lu\n|-damage|p1a: Ting-Lu|0 fnt\n|faint|p1a: Ting-Lu\n|\n|win|awesome10billion\n|c|\u2606awesome10billion|gg\n","uploadtime":1682884148,"views":8,"p1id":"bumpybumps","p2id":"awesome10billion","formatid":"gen9vgc2023regulationc","rating":0,"private":0,"password":""}