{"id":"gen9vgc2023regulationc-1846857292","p1":"Fallsover","p2":"Dunnakhiin","format":"[Gen 9] VGC 2023 Regulation C","log":"|j|\u2606Fallsover\n|j|\u2606Dunnakhiin\n|t:|1681891442\n|gametype|doubles\n|player|p1|Fallsover|1|1288\n|player|p2|Dunnakhiin|266|1216\n|teamsize|p1|6\n|teamsize|p2|6\n|gen|9\n|tier|[Gen 9] VGC 2023 Regulation C\n|rated|\n|rule|Species Clause: Limit one of each Pok\u00e9mon\n|rule|Item Clause: Limit one of each item\n|clearpoke\n|poke|p1|Wo-Chien, L50|\n|poke|p1|Gyarados, L50, F|\n|poke|p1|Tyranitar, L50, M|\n|poke|p1|Lycanroc, L50, F|\n|poke|p1|Iron Bundle, L50|\n|poke|p1|Grimmsnarl, L50, M|\n|poke|p2|Corviknight, L50, F|\n|poke|p2|Hydreigon, L50, M|\n|poke|p2|Coalossal, L50, M|\n|poke|p2|Florges-White, L50, F|\n|poke|p2|Palafin, L50, M|\n|poke|p2|Great Tusk, L50|\n|teampreview|4\n|inactive|Battle timer is ON: inactive players will automatically lose when time's up. (requested by Fallsover)\n|inactive|Fallsover has 60 seconds left.\n|inactive|Fallsover has 30 seconds left.\n|inactive|Fallsover has 20 seconds left.\n|\n|t:|1681891517\n|start\n|switch|p1a: Gyarados|Gyarados, L50, F|100\/100\n|switch|p1b: Grimmsnarl|Grimmsnarl, L50, M|100\/100\n|switch|p2a: Corviknight|Corviknight, L50, F|100\/100\n|switch|p2b: Great Tusk|Great Tusk, L50|100\/100\n|-ability|p1a: Gyarados|Intimidate|boost\n|-ability|p2a: Corviknight|Mirror Armor\n|-unboost|p1a: Gyarados|atk|1\n|-unboost|p2b: Great Tusk|atk|1\n|turn|1\n|\n|t:|1681891530\n|move|p2b: Great Tusk|Protect|p2b: Great Tusk\n|-singleturn|p2b: Great Tusk|Protect\n|move|p1b: Grimmsnarl|Reflect|p1b: Grimmsnarl\n|-sidestart|p1: Fallsover|Reflect\n|move|p1a: Gyarados|Thunder Wave|p2a: Corviknight\n|-status|p2a: Corviknight|par\n|move|p2a: Corviknight|Tailwind|p2a: Corviknight\n|-sidestart|p2: Dunnakhiin|move: Tailwind\n|\n|upkeep\n|turn|2\n|inactive|Fallsover has 30 seconds left.\n|\n|t:|1681891556\n|switch|p1a: Wo-Chien|Wo-Chien, L50|100\/100\n|-ability|p1a: Wo-Chien|Tablets of Ruin\n|move|p1b: Grimmsnarl|Parting Shot|p2b: Great Tusk\n|-unboost|p2b: Great Tusk|atk|1\n|-unboost|p2b: Great Tusk|spa|1\n|\n|t:|1681891563\n|switch|p1b: Gyarados|Gyarados, L50, F|100\/100|[from] Parting Shot\n|-ability|p1b: Gyarados|Intimidate|boost\n|-ability|p2a: Corviknight|Mirror Armor\n|-unboost|p1b: Gyarados|atk|1\n|-unboost|p2b: Great Tusk|atk|1\n|move|p2b: Great Tusk|Earthquake|p1a: Wo-Chien|[spread] p1a\n|-immune|p2a: Corviknight\n|-immune|p1b: Gyarados\n|-resisted|p1a: Wo-Chien\n|-damage|p1a: Wo-Chien|97\/100\n|cant|p2a: Corviknight|par\n|\n|-heal|p1a: Wo-Chien|100\/100|[from] item: Leftovers\n|upkeep\n|turn|3\n|inactive|Fallsover has 30 seconds left.\n|inactive|Fallsover has 20 seconds left.\n|\n|t:|1681891600\n|-end|p2b: Great Tusk|Protosynthesis|[silent]\n|switch|p2b: Florges|Florges-White, L50, F|100\/100\n|move|p1b: Gyarados|Waterfall|p2b: Florges\n|-damage|p2b: Florges|86\/100\n|move|p1a: Wo-Chien|Leech Seed|p2a: Corviknight\n|-start|p2a: Corviknight|move: Leech Seed\n|move|p2a: Corviknight|Bulk Up|p2a: Corviknight\n|-boost|p2a: Corviknight|atk|1\n|-boost|p2a: Corviknight|def|1\n|\n|-damage|p2a: Corviknight|88\/100 par|[from] Leech Seed|[of] p1a: Wo-Chien\n|upkeep\n|turn|4\n|\n|t:|1681891621\n|move|p2b: Florges|Moonblast|p1a: Wo-Chien\n|-supereffective|p1a: Wo-Chien\n|-damage|p1a: Wo-Chien|46\/100\n|-unboost|p1a: Wo-Chien|spa|1\n|move|p1b: Gyarados|Thunder Wave|p2b: Florges\n|-status|p2b: Florges|par\n|move|p1a: Wo-Chien|Leech Seed|p2b: Florges\n|-start|p2b: Florges|move: Leech Seed\n|move|p2a: Corviknight|Bulk Up|p2a: Corviknight\n|-boost|p2a: Corviknight|atk|1\n|-boost|p2a: Corviknight|def|1\n|\n|-heal|p1a: Wo-Chien|53\/100|[from] item: Leftovers\n|-damage|p2b: Florges|73\/100 par|[from] Leech Seed|[of] p1a: Wo-Chien\n|-heal|p1a: Wo-Chien|65\/100|[silent]\n|-damage|p2a: Corviknight|76\/100 par|[from] Leech Seed|[of] p1a: Wo-Chien\n|-heal|p1a: Wo-Chien|78\/100|[silent]\n|-sideend|p2: Dunnakhiin|move: Tailwind\n|upkeep\n|turn|5\n|inactive|Fallsover has 30 seconds left.\n|\n|t:|1681891650\n|switch|p1b: Grimmsnarl|Grimmsnarl, L50, M|100\/100\n|switch|p2b: Great Tusk|Great Tusk, L50|100\/100\n|-terastallize|p1a: Wo-Chien|Ghost\n|move|p1a: Wo-Chien|Ruination|p2a: Corviknight\n|-damage|p2a: Corviknight|39\/100 par\n|cant|p2a: Corviknight|par\n|\n|-heal|p1a: Wo-Chien|84\/100|[from] item: Leftovers\n|-damage|p2a: Corviknight|26\/100 par|[from] Leech Seed|[of] p1a: Wo-Chien\n|-heal|p1a: Wo-Chien|97\/100|[silent]\n|upkeep\n|turn|6\n|\n|t:|1681891671\n|move|p1b: Grimmsnarl|Parting Shot|p2b: Great Tusk\n|-unboost|p2b: Great Tusk|atk|1\n|-unboost|p2b: Great Tusk|spa|1\n|\n|t:|1681891675\n|switch|p1b: Gyarados|Gyarados, L50, F|100\/100|[from] Parting Shot\n|-ability|p1b: Gyarados|Intimidate|boost\n|-ability|p2a: Corviknight|Mirror Armor\n|-unboost|p1b: Gyarados|atk|1\n|-unboost|p2b: Great Tusk|atk|1\n|move|p2b: Great Tusk|Earthquake|p1b: Gyarados|[spread] p1a\n|-immune|p2a: Corviknight\n|-immune|p1b: Gyarados\n|-damage|p1a: Wo-Chien|90\/100\n|move|p1a: Wo-Chien|Leech Seed|p2b: Great Tusk\n|-start|p2b: Great Tusk|move: Leech Seed\n|move|p2a: Corviknight|Bulk Up|p2a: Corviknight\n|-boost|p2a: Corviknight|atk|1\n|-boost|p2a: Corviknight|def|1\n|\n|-heal|p1a: Wo-Chien|96\/100|[from] item: Leftovers\n|-damage|p2b: Great Tusk|88\/100|[from] Leech Seed|[of] p1a: Wo-Chien\n|-heal|p1a: Wo-Chien|100\/100|[silent]\n|-damage|p2a: Corviknight|14\/100 par|[from] Leech Seed|[of] p1a: Wo-Chien\n|upkeep\n|-enditem|p2a: Corviknight|Aguav Berry|[eat]\n|-heal|p2a: Corviknight|47\/100 par|[from] item: Aguav Berry\n|turn|7\n|inactive|Fallsover has 30 seconds left.\n|\n|t:|1681891708\n|-end|p2b: Great Tusk|Protosynthesis|[silent]\n|switch|p2b: Florges|Florges-White, L50, F|73\/100 par\n|switch|p1b: Grimmsnarl|Grimmsnarl, L50, M|100\/100\n|move|p1a: Wo-Chien|Ruination|p2b: Florges\n|-damage|p2b: Florges|37\/100 par\n|move|p2a: Corviknight|Roost|p2a: Corviknight\n|-heal|p2a: Corviknight|98\/100 par\n|-singleturn|p2a: Corviknight|move: Roost\n|\n|-damage|p2a: Corviknight|85\/100 par|[from] Leech Seed|[of] p1a: Wo-Chien\n|upkeep\n|turn|8\n|\n|t:|1681891727\n|switch|p2b: Coalossal|Coalossal, L50, M|100\/100\n|move|p1b: Grimmsnarl|Light Screen|p1b: Grimmsnarl\n|-sidestart|p1: Fallsover|move: Light Screen\n|move|p1a: Wo-Chien|Leech Seed|p2b: Coalossal\n|-start|p2b: Coalossal|move: Leech Seed\n|move|p2a: Corviknight|Iron Head|p1b: Grimmsnarl\n|-supereffective|p1b: Grimmsnarl\n|-damage|p1b: Grimmsnarl|37\/100\n|\n|-damage|p2b: Coalossal|88\/100|[from] Leech Seed|[of] p1a: Wo-Chien\n|-damage|p2a: Corviknight|73\/100 par|[from] Leech Seed|[of] p1a: Wo-Chien\n|-sideend|p1: Fallsover|Reflect\n|upkeep\n|turn|9\n|\n|t:|1681891752\n|switch|p2b: Florges|Florges-White, L50, F|37\/100 par\n|move|p1b: Grimmsnarl|Reflect|p1b: Grimmsnarl\n|-sidestart|p1: Fallsover|Reflect\n|move|p1a: Wo-Chien|Pollen Puff|p1b: Grimmsnarl\n|-heal|p1b: Grimmsnarl|87\/100\n|move|p2a: Corviknight|Iron Head|p1b: Grimmsnarl\n|-supereffective|p1b: Grimmsnarl\n|-damage|p1b: Grimmsnarl|21\/100\n|\n|-damage|p2a: Corviknight|61\/100 par|[from] Leech Seed|[of] p1a: Wo-Chien\n|upkeep\n|turn|10\n|\n|t:|1681891776\n|switch|p2b: Great Tusk|Great Tusk, L50|88\/100\n|move|p1b: Grimmsnarl|Parting Shot|p2b: Great Tusk\n|-unboost|p2b: Great Tusk|atk|1\n|-unboost|p2b: Great Tusk|spa|1\n|\n|t:|1681891782\n|switch|p1b: Gyarados|Gyarados, L50, F|100\/100|[from] Parting Shot\n|-ability|p1b: Gyarados|Intimidate|boost\n|-ability|p2a: Corviknight|Mirror Armor\n|-unboost|p1b: Gyarados|atk|1\n|-unboost|p2b: Great Tusk|atk|1\n|move|p1a: Wo-Chien|Leech Seed|p2b: Great Tusk\n|-start|p2b: Great Tusk|move: Leech Seed\n|move|p2a: Corviknight|Iron Head|p1b: Gyarados\n|-resisted|p1b: Gyarados\n|-damage|p1b: Gyarados|88\/100\n|\n|-damage|p2b: Great Tusk|76\/100|[from] Leech Seed|[of] p1a: Wo-Chien\n|-damage|p2a: Corviknight|49\/100 par|[from] Leech Seed|[of] p1a: Wo-Chien\n|upkeep\n|turn|11\n|inactive|Fallsover has 30 seconds left.\n|\n|t:|1681891810\n|move|p2b: Great Tusk|Close Combat|p1b: Gyarados\n|-resisted|p1b: Gyarados\n|-damage|p1b: Gyarados|83\/100\n|-unboost|p2b: Great Tusk|def|1\n|-unboost|p2b: Great Tusk|spd|1\n|move|p1b: Gyarados|Waterfall|p2b: Great Tusk\n|-supereffective|p2b: Great Tusk\n|-damage|p2b: Great Tusk|38\/100\n|move|p1a: Wo-Chien|Ruination|p2b: Great Tusk\n|-damage|p2b: Great Tusk|19\/100\n|move|p2a: Corviknight|Roost|p2a: Corviknight\n|-heal|p2a: Corviknight|99\/100 par\n|-singleturn|p2a: Corviknight|move: Roost\n|\n|-damage|p2b: Great Tusk|7\/100|[from] Leech Seed|[of] p1a: Wo-Chien\n|-damage|p2a: Corviknight|87\/100 par|[from] Leech Seed|[of] p1a: Wo-Chien\n|upkeep\n|turn|12\n|inactive|Fallsover has 30 seconds left.\n|inactive|Fallsover has 20 seconds left.\n|inactive|Fallsover has 15 seconds left.\n|\n|t:|1681891852\n|move|p2b: Great Tusk|Iron Head|p1a: Wo-Chien\n|-damage|p1a: Wo-Chien|95\/100\n|move|p1b: Gyarados|Waterfall|p2b: Great Tusk\n|-supereffective|p2b: Great Tusk\n|-damage|p2b: Great Tusk|0 fnt\n|faint|p2b: Great Tusk\n|-end|p2b: Great Tusk|Protosynthesis|[silent]\n|cant|p1a: Wo-Chien|flinch\n|move|p2a: Corviknight|Iron Head|p1a: Wo-Chien\n|-damage|p1a: Wo-Chien|71\/100\n|\n|-heal|p1a: Wo-Chien|78\/100|[from] item: Leftovers\n|-damage|p2a: Corviknight|75\/100 par|[from] Leech Seed|[of] p1a: Wo-Chien\n|-heal|p1a: Wo-Chien|91\/100|[silent]\n|upkeep\n|\n|t:|1681891859\n|switch|p2b: Coalossal|Coalossal, L50, M|88\/100\n|turn|13\n|inactive|Fallsover has 30 seconds left.\n|\n|t:|1681891887\n|switch|p2a: Florges|Florges-White, L50, F|37\/100 par\n|-terastallize|p2b: Coalossal|Grass\n|move|p1b: Gyarados|Thunder Wave|p1a: Wo-Chien\n|-status|p1a: Wo-Chien|par\n|move|p2b: Coalossal|Power Gem|p1b: Gyarados\n|-supereffective|p1b: Gyarados\n|-damage|p1b: Gyarados|41\/100\n|move|p1a: Wo-Chien|Leech Seed|p2b: Coalossal\n|-immune|p2b: Coalossal\n|\n|-heal|p1a: Wo-Chien|97\/100 par|[from] item: Leftovers\n|upkeep\n|turn|14\n|c|\u2606Dunnakhiin|Misclick?\n|inactive|Dunnakhiin has 30 seconds left.\n|inactive|Fallsover has 30 seconds left.\n|\n|t:|1681891922\n|move|p2a: Florges|Protect|p2a: Florges\n|-singleturn|p2a: Florges|Protect\n|move|p1b: Gyarados|Thunder Wave|p2b: Coalossal\n|-block|p2b: Coalossal|ability: Flower Veil|[of] p2a: Florges\n|move|p2b: Coalossal|Power Gem|p1b: Gyarados\n|-supereffective|p1b: Gyarados\n|-damage|p1b: Gyarados|1\/100\n|-enditem|p1b: Gyarados|Aguav Berry|[eat]\n|-heal|p1b: Gyarados|35\/100|[from] item: Aguav Berry\n|move|p1a: Wo-Chien|Pollen Puff|p1b: Gyarados\n|-heal|p1b: Gyarados|85\/100\n|\n|-heal|p1a: Wo-Chien|100\/100 par|[from] item: Leftovers\n|upkeep\n|turn|15\n|inactive|Fallsover has 30 seconds left.\n|inactive|Fallsover has 20 seconds left.\n|\n|t:|1681891960\n|cant|p2a: Florges|par\n|move|p1b: Gyarados|Waterfall|p2a: Florges\n|-crit|p2a: Florges\n|-damage|p2a: Florges|3\/100 par\n|-enditem|p2a: Florges|Iapapa Berry|[eat]\n|-heal|p2a: Florges|36\/100 par|[from] item: Iapapa Berry\n|move|p2b: Coalossal|Power Gem|p1b: Gyarados\n|-supereffective|p1b: Gyarados\n|-damage|p1b: Gyarados|45\/100\n|move|p1a: Wo-Chien|Snarl|p2b: Coalossal|[spread] p2a,p2b\n|-resisted|p2a: Florges\n|-damage|p2a: Florges|32\/100 par\n|-damage|p2b: Coalossal|83\/100\n|-unboost|p2a: Florges|spa|1\n|\n|-sideend|p1: Fallsover|move: Light Screen\n|upkeep\n|turn|16\n|inactive|Fallsover has 30 seconds left.\n|inactive|Fallsover has 20 seconds left.\n|inactive|Fallsover has 15 seconds left.\n|inactive|Fallsover has 10 seconds left.\n|inactive|Fallsover has 5 seconds left.\n|\n|t:|1681891993\n|move|p2a: Florges|Helping Hand|p2b: Coalossal\n|-singleturn|p2b: Coalossal|Helping Hand|[of] p2a: Florges\n|move|p1b: Gyarados|Waterfall|p2a: Florges\n|-damage|p2a: Florges|16\/100 par\n|move|p2b: Coalossal|Power Gem|p1b: Gyarados\n|-supereffective|p1b: Gyarados\n|-damage|p1b: Gyarados|0 fnt\n|faint|p1b: Gyarados\n|move|p1a: Wo-Chien|Ruination|p2b: Coalossal\n|-damage|p2b: Coalossal|42\/100\n|\n|-sideend|p1: Fallsover|Reflect\n|upkeep\n|inactive|Fallsover has 5 seconds left this turn.\n|-message|Fallsover lost due to inactivity.\n|\n|win|Dunnakhiin\n|raw|Fallsover's rating: 1288 → 1258<\/strong> (-30 for losing)\n|raw|Dunnakhiin's rating: 1216 → 1246<\/strong> (+30 for winning)\n","uploadtime":1681892013,"views":20,"p1id":"fallsover","p2id":"dunnakhiin","formatid":"gen9vgc2023regulationc","rating":1246,"private":0,"password":""}