{"id":"gen9vgc2023regulationc-1857228929","p1":"Ejeiaks","p2":"StridenVGC","format":"[Gen 9] VGC 2023 Regulation C","log":"|j|\u2606Ejeiaks\n|j|\u2606StridenVGC\n|t:|1683160737\n|gametype|doubles\n|player|p1|Ejeiaks|170|1000\n|player|p2|StridenVGC|skier|1108\n|teamsize|p1|6\n|teamsize|p2|6\n|gen|9\n|tier|[Gen 9] VGC 2023 Regulation C\n|rated|\n|rule|Species Clause: Limit one of each Pok\u00e9mon\n|rule|Item Clause: Limit one of each item\n|clearpoke\n|poke|p1|Scream Tail, L50|\n|poke|p1|Garchomp, L50, M|\n|poke|p1|Iron Hands, L50|\n|poke|p1|Gholdengo, L50|\n|poke|p1|Meowscarada, L50, M|\n|poke|p1|Kingambit, L50, M|\n|poke|p2|Toxtricity-Low-Key, L50, M|\n|poke|p2|Iron Treads, L50|\n|poke|p2|Chien-Pao, L50|\n|poke|p2|Arcanine, L50, F|\n|poke|p2|Breloom, L50, F|\n|poke|p2|Gastrodon, L50, M|\n|teampreview|4\nStridenVGC has agreed to open team sheets.\n|\n|t:|1683160759\n|start\n|switch|p1a: AAAHHH|Scream Tail, L50, shiny|100\/100\n|switch|p1b: Honey stick|Iron Hands, L50, shiny|100\/100\n|switch|p2a: Gumyun|Toxtricity-Low-Key, L50, M, shiny|100\/100\n|switch|p2b: Iron Treads|Iron Treads, L50|100\/100\n|-enditem|p2b: Iron Treads|Booster Energy\n|-activate|p2b: Iron Treads|ability: Quark Drive|[fromitem]\n|-start|p2b: Iron Treads|quarkdrivespe\n|-enditem|p1a: AAAHHH|Booster Energy\n|-activate|p1a: AAAHHH|ability: Protosynthesis|[fromitem]\n|-start|p1a: AAAHHH|protosynthesisspd\n|turn|1\n|\n|t:|1683160779\n|move|p2b: Iron Treads|Stealth Rock|p1a: AAAHHH\n|-sidestart|p1: Ejeiaks|move: Stealth Rock\n|move|p1a: AAAHHH|Sing|p2b: Iron Treads|[miss]\n|-miss|p1a: AAAHHH|p2b: Iron Treads\n|move|p2a: Gumyun|Sludge Bomb|p1a: AAAHHH\n|-supereffective|p1a: AAAHHH\n|-damage|p1a: AAAHHH|28\/100\n|-status|p1a: AAAHHH|psn\n|move|p1b: Honey stick|Belly Drum|p1b: Honey stick\n|-damage|p1b: Honey stick|51\/100\n|-setboost|p1b: Honey stick|atk|6|[from] move: Belly Drum\n|\n|-damage|p1a: AAAHHH|15\/100 psn|[from] psn\n|upkeep\n|turn|2\n|\n|t:|1683160808\n|switch|p2a: Arcanine|Arcanine, L50, F|100\/100\n|-ability|p2a: Arcanine|Intimidate|boost\n|-unboost|p1a: AAAHHH|atk|1\n|-unboost|p1b: Honey stick|atk|1\n|move|p2b: Iron Treads|Protect|p2b: Iron Treads\n|-singleturn|p2b: Iron Treads|Protect\n|move|p1a: AAAHHH|Sing|p2b: Iron Treads\n|-activate|p2b: Iron Treads|move: Protect\n|move|p1b: Honey stick|Close Combat|p2a: Arcanine\n|-damage|p2a: Arcanine|0 fnt\n|-unboost|p1b: Honey stick|def|1\n|-unboost|p1b: Honey stick|spd|1\n|faint|p2a: Arcanine\n|\n|-damage|p1a: AAAHHH|3\/100 psn|[from] psn\n|upkeep\n|\n|t:|1683160831\n|switch|p2a: Chien-Pao|Chien-Pao, L50|100\/100\n|-ability|p2a: Chien-Pao|Sword of Ruin\n|turn|3\n|\n|t:|1683160846\n|move|p2a: Chien-Pao|Protect|p2a: Chien-Pao\n|-singleturn|p2a: Chien-Pao|Protect\n|move|p2b: Iron Treads|Earthquake|p1b: Honey stick|[spread] p1a,p1b\n|-activate|p2a: Chien-Pao|move: Protect\n|-crit|p1a: AAAHHH\n|-supereffective|p1b: Honey stick\n|-damage|p1a: AAAHHH|0 fnt\n|-damage|p1b: Honey stick|0 fnt\n|faint|p1a: AAAHHH\n|-end|p1a: AAAHHH|Protosynthesis|[silent]\n|faint|p1b: Honey stick\n|-end|p1b: Honey stick|Quark Drive|[silent]\n|\n|upkeep\n|\n|t:|1683160858\n|switch|p1a: Baby metal|Gholdengo, L50|100\/100\n|switch|p1b: Slasher|Garchomp, L50, M|100\/100\n|-damage|p1b: Slasher|94\/100|[from] Stealth Rock\n|-damage|p1a: Baby metal|94\/100|[from] Stealth Rock\n|turn|4\n|\n|t:|1683160873\n|move|p2b: Iron Treads|Protect|p2b: Iron Treads\n|-singleturn|p2b: Iron Treads|Protect\n|move|p2a: Chien-Pao|Ice Spinner|p1b: Slasher\n|-supereffective|p1b: Slasher\n|-damage|p1b: Slasher|0 fnt\n|-damage|p2a: Chien-Pao|88\/100|[from] ability: Rough Skin|[of] p1b: Slasher\n|faint|p1b: Slasher\n|move|p1a: Baby metal|Nasty Plot|p1a: Baby metal\n|-boost|p1a: Baby metal|spa|2\n|\n|upkeep\n|turn|5\n|\n|t:|1683160885\n|-terastallize|p1a: Baby metal|Steel\n|move|p2a: Chien-Pao|Sucker Punch|p1a: Baby metal\n|-damage|p1a: Baby metal|43\/100\n|move|p2b: Iron Treads|Heavy Slam|p1a: Baby metal\n|-resisted|p1a: Baby metal\n|-damage|p1a: Baby metal|3\/100\n|move|p1a: Baby metal|Make It Rain|p2a: Chien-Pao|[spread] p2a,p2b\n|-supereffective|p2a: Chien-Pao\n|-resisted|p2b: Iron Treads\n|-damage|p2a: Chien-Pao|0 fnt\n|-damage|p2b: Iron Treads|9\/100\n|-unboost|p1a: Baby metal|spa|1\n|faint|p2a: Chien-Pao\n|\n|upkeep\n|\n|t:|1683160895\n|switch|p2a: Gumyun|Toxtricity-Low-Key, L50, M, shiny|100\/100\n|turn|6\n|\n|t:|1683160908\n|move|p2b: Iron Treads|Protect|p2b: Iron Treads\n|-singleturn|p2b: Iron Treads|Protect\n|move|p2a: Gumyun|Boomburst|p1a: Baby metal|[spread] p1a\n|-activate|p2b: Iron Treads|move: Protect\n|-resisted|p1a: Baby metal\n|-damage|p1a: Baby metal|0 fnt\n|faint|p1a: Baby metal\n|\n|win|StridenVGC\n|raw|Ejeiaks's rating: 1000 → 1000<\/strong> (+0 for losing)\n|raw|StridenVGC's rating: 1108 → 1125<\/strong> (+17 for winning)\n","uploadtime":1683160916,"views":17,"p1id":"ejeiaks","p2id":"stridenvgc","formatid":"gen9vgc2023regulationc","rating":1000,"private":0,"password":""}