{"id":"gen9vgc2023regulationc-1855452630","p1":"LegalWrights","p2":"JvemDCmp","format":"[Gen 9] VGC 2023 Regulation C","log":"|j|\u2606LegalWrights\n|j|\u2606JvemDCmp\n|t:|1682952787\n|gametype|doubles\n|player|p1|LegalWrights|marnie-league|1000\n|player|p2|JvemDCmp|266|1027\n|teamsize|p1|6\n|teamsize|p2|6\n|gen|9\n|tier|[Gen 9] VGC 2023 Regulation C\n|rated|\n|rule|Species Clause: Limit one of each Pok\u00e9mon\n|rule|Item Clause: Limit one of each item\n|clearpoke\n|poke|p1|Wo-Chien, L50|\n|poke|p1|Arcanine, L50, M|\n|poke|p1|Meowscarada, L50, F|\n|poke|p1|Flutter Mane, L50|\n|poke|p1|Iron Hands, L50|\n|poke|p1|Grimmsnarl, L50, M|\n|poke|p2|Wo-Chien, L50|\n|poke|p2|Scizor, L50, M|\n|poke|p2|Luxray, L50, F|\n|poke|p2|Dragalge, L50, M|\n|poke|p2|Hydreigon, L50, F|\n|poke|p2|Grafaiai, L50, F|\n|teampreview|4\n|inactive|Battle timer is ON: inactive players will automatically lose when time's up. (requested by JvemDCmp)\n|inactive|LegalWrights has 60 seconds left.\n|\n|t:|1682952830\n|start\n|switch|p1a: Arcanine|Arcanine, L50, M|100\/100\n|switch|p1b: Grimmsnarl|Grimmsnarl, L50, M|100\/100\n|switch|p2a: Grafaiai|Grafaiai, L50, F|100\/100\n|switch|p2b: Dragalge|Dragalge, L50, M|100\/100\n|-item|p2a: Grafaiai|Air Balloon\n|-ability|p1a: Arcanine|Intimidate|boost\n|-unboost|p2a: Grafaiai|atk|1\n|-unboost|p2b: Dragalge|atk|1\n|-enditem|p2b: Dragalge|Eject Pack\n|inactive|JvemDCmp has 30 seconds left.\n|\n|t:|1682952858\n|switch|p2b: Wo-Chien|Wo-Chien, L50|100\/100\n|-ability|p2b: Wo-Chien|Tablets of Ruin\n|turn|1\n|inactive|JvemDCmp has 30 seconds left.\n|inactive|LegalWrights has 30 seconds left.\n|inactive|JvemDCmp has 20 seconds left.\n|inactive|JvemDCmp has 15 seconds left.\n|\n|t:|1682952899\n|-terastallize|p2b: Wo-Chien|Water\n|move|p1b: Grimmsnarl|Reflect|p1b: Grimmsnarl\n|-sidestart|p1: LegalWrights|Reflect\n|move|p2a: Grafaiai|Gunk Shot|p1b: Grimmsnarl\n|-supereffective|p1b: Grimmsnarl\n|-damage|p1b: Grimmsnarl|56\/100\n|move|p1a: Arcanine|Flare Blitz|p2b: Wo-Chien\n|-resisted|p2b: Wo-Chien\n|-damage|p2b: Wo-Chien|82\/100\n|-damage|p1a: Arcanine|94\/100|[from] Recoil\n|move|p2b: Wo-Chien|Tera Blast|p1a: Arcanine\n|-supereffective|p1a: Arcanine\n|-damage|p1a: Arcanine|24\/100\n|-enditem|p1a: Arcanine|Sitrus Berry|[eat]\n|-heal|p1a: Arcanine|49\/100|[from] item: Sitrus Berry\n|\n|upkeep\n|turn|2\n|inactive|JvemDCmp has 30 seconds left.\n|inactive|JvemDCmp has 20 seconds left.\n|inactive|JvemDCmp has 15 seconds left.\n|\n|t:|1682952944\n|move|p1b: Grimmsnarl|Light Screen|p1b: Grimmsnarl\n|-sidestart|p1: LegalWrights|move: Light Screen\n|move|p2a: Grafaiai|Gunk Shot|p1b: Grimmsnarl\n|-supereffective|p1b: Grimmsnarl\n|-damage|p1b: Grimmsnarl|13\/100\n|move|p1a: Arcanine|Snarl|p2b: Wo-Chien|[spread] p2b\n|-miss|p1a: Arcanine|p2a: Grafaiai\n|-damage|p2b: Wo-Chien|78\/100\n|-unboost|p2b: Wo-Chien|spa|1\n|move|p2b: Wo-Chien|Pollen Puff|p1a: Arcanine\n|-resisted|p1a: Arcanine\n|-crit|p1a: Arcanine\n|-damage|p1a: Arcanine|29\/100\n|\n|upkeep\n|turn|3\n|inactive|LegalWrights has 30 seconds left.\n|inactive|JvemDCmp has 30 seconds left.\n|\n|t:|1682952978\n|move|p1a: Arcanine|Protect|p1a: Arcanine\n|-singleturn|p1a: Arcanine|Protect\n|move|p1b: Grimmsnarl|Thunder Wave|p2a: Grafaiai\n|-status|p2a: Grafaiai|par\n|move|p2b: Wo-Chien|Tera Blast|p1a: Arcanine\n|-activate|p1a: Arcanine|move: Protect\n|move|p2a: Grafaiai|U-turn|p1b: Grimmsnarl\n|-damage|p1b: Grimmsnarl|3\/100\n|\n|t:|1682952992\n|switch|p2a: Dragalge|Dragalge, L50, M|100\/100|[from] U-turn\n|\n|upkeep\n|turn|4\n|\n|t:|1682953002\n|move|p1b: Grimmsnarl|Thunder Wave|p2a: Dragalge\n|-status|p2a: Dragalge|par\n|move|p1a: Arcanine|Snarl|p2b: Wo-Chien|[spread] p2a,p2b\n|-damage|p2a: Dragalge|92\/100 par\n|-damage|p2b: Wo-Chien|74\/100\n|-unboost|p2a: Dragalge|spa|1\n|-unboost|p2b: Wo-Chien|spa|1\n|move|p2b: Wo-Chien|Snarl|p1a: Arcanine|[spread] p1a,p1b\n|-resisted|p1b: Grimmsnarl\n|-damage|p1a: Arcanine|22\/100\n|-damage|p1b: Grimmsnarl|2\/100\n|-unboost|p1a: Arcanine|spa|1\n|-unboost|p1b: Grimmsnarl|spa|1\n|cant|p2a: Dragalge|par\n|\n|upkeep\n|turn|5\n|\n|t:|1682953024\n|switch|p2b: Grafaiai|Grafaiai, L50, F|100\/100 par\n|-item|p2b: Grafaiai|Air Balloon\n|move|p1b: Grimmsnarl|Thunder Wave|p2b: Grafaiai\n|-fail|p2b: Grafaiai|par\n|move|p1a: Arcanine|Snarl|p2b: Grafaiai|[spread] p2a,p2b\n|-crit|p2a: Dragalge\n|-damage|p2a: Dragalge|80\/100 par\n|-damage|p2b: Grafaiai|90\/100 par\n|-unboost|p2a: Dragalge|spa|1\n|-unboost|p2b: Grafaiai|spa|1\n|-enditem|p2b: Grafaiai|Air Balloon\n|move|p2a: Dragalge|Sludge Bomb|p1a: Arcanine\n|-damage|p1a: Arcanine|5\/100\n|\n|upkeep\n|turn|6\n|inactive|JvemDCmp has 30 seconds left.\n|inactive|JvemDCmp has 20 seconds left.\n|\n|t:|1682953061\n|move|p1a: Arcanine|Protect|p1a: Arcanine\n|-singleturn|p1a: Arcanine|Protect\n|move|p2b: Grafaiai|U-turn|p1a: Arcanine\n|-activate|p1a: Arcanine|move: Protect\n|move|p1b: Grimmsnarl|Spirit Break|p2a: Dragalge\n|-damage|p2a: Dragalge|43\/100 par\n|-unboost|p2a: Dragalge|spa|1\n|move|p2a: Dragalge|Sludge Bomb|p1a: Arcanine\n|-activate|p1a: Arcanine|move: Protect\n|\n|upkeep\n|turn|7\n|\n|t:|1682953076\n|move|p2a: Dragalge|Protect|p2a: Dragalge\n|-singleturn|p2a: Dragalge|Protect\n|cant|p2b: Grafaiai|par\n|move|p1a: Arcanine|Snarl|p2b: Grafaiai|[spread] p2b\n|-activate|p2a: Dragalge|move: Protect\n|-damage|p2b: Grafaiai|82\/100 par\n|-unboost|p2b: Grafaiai|spa|1\n|move|p1b: Grimmsnarl|Spirit Break|p2a: Dragalge\n|-activate|p2a: Dragalge|move: Protect\n|\n|upkeep\n|turn|8\n|\n|t:|1682953098\n|cant|p2b: Grafaiai|par\n|move|p1a: Arcanine|Snarl|p2a: Dragalge|[spread] p2a,p2b\n|-damage|p2a: Dragalge|38\/100 par\n|-damage|p2b: Grafaiai|72\/100 par\n|-unboost|p2a: Dragalge|spa|1\n|-unboost|p2b: Grafaiai|spa|1\n|move|p1b: Grimmsnarl|Spirit Break|p2a: Dragalge\n|-damage|p2a: Dragalge|0 fnt\n|faint|p2a: Dragalge\n|\n|-sideend|p1: LegalWrights|Reflect\n|upkeep\n|\n|t:|1682953115\n|switch|p2a: Scizor|Scizor, L50, M|100\/100\n|turn|9\n|inactive|LegalWrights has 30 seconds left.\n|\n|t:|1682953142\n|move|p1b: Grimmsnarl|Reflect|p1b: Grimmsnarl\n|-sidestart|p1: LegalWrights|Reflect\n|cant|p2b: Grafaiai|par\n|move|p1a: Arcanine|Flare Blitz|p2a: Scizor\n|-supereffective|p2a: Scizor\n|-damage|p2a: Scizor|0 fnt\n|faint|p2a: Scizor\n|-damage|p1a: Arcanine|0 fnt|[from] Recoil\n|faint|p1a: Arcanine\n|\n|-sideend|p1: LegalWrights|move: Light Screen\n|upkeep\n|-message|JvemDCmp forfeited.\n|\n|win|LegalWrights\n|raw|LegalWrights's rating: 1000 → 1043<\/strong> (+43 for winning)\n|raw|JvemDCmp's rating: 1027 → 1012<\/strong> (-15 for losing)\n|l|\u2606JvemDCmp\n","uploadtime":1682953167,"views":21,"p1id":"legalwrights","p2id":"jvemdcmp","formatid":"gen9vgc2023regulationc","rating":1012,"private":0,"password":""}