{"id":"gen9vgc2023regulationc-1845990624","p1":"ThunderboltRose","p2":"Kwiper","format":"[Gen 9] VGC 2023 Regulation C","log":"|j|\u2606ThunderboltRose\n|j|\u2606Kwiper\n|t:|1681788127\n|gametype|doubles\n|player|p1|ThunderboltRose|rosa|1276\n|player|p2|Kwiper|thorton|1322\n|teamsize|p1|6\n|teamsize|p2|6\n|gen|9\n|tier|[Gen 9] VGC 2023 Regulation C\n|rated|\n|rule|Species Clause: Limit one of each Pok\u00e9mon\n|rule|Item Clause: Limit one of each item\n|clearpoke\n|poke|p1|Heracross, L50, F|\n|poke|p1|Raichu, L50, M|\n|poke|p1|Dragonite, L50, F|\n|poke|p1|Iron Treads, L50|\n|poke|p1|Jolteon, L50, M|\n|poke|p1|Chien-Pao, L50|\n|poke|p2|Gastrodon-East, L50, M|\n|poke|p2|Chi-Yu, L50|\n|poke|p2|Tyranitar, L50, F|\n|poke|p2|Iron Bundle, L50|\n|poke|p2|Dragapult, L50, M|\n|poke|p2|Amoonguss, L50, F|\n|teampreview|4\n|inactive|Battle timer is ON: inactive players will automatically lose when time's up. (requested by ThunderboltRose)\n|\n|t:|1681788151\n|start\n|switch|p1a: Chien-Pao|Chien-Pao, L50|100\/100\n|switch|p1b: Heracross|Heracross, L50, F|100\/100\n|switch|p2a: Amoonguss|Amoonguss, L50, F|100\/100\n|switch|p2b: Iron Bundle|Iron Bundle, L50|100\/100\n|-ability|p1a: Chien-Pao|Sword of Ruin\n|-enditem|p2b: Iron Bundle|Booster Energy\n|-activate|p2b: Iron Bundle|ability: Quark Drive|[fromitem]\n|-start|p2b: Iron Bundle|quarkdrivespe\n|turn|1\n|\n|t:|1681788165\n|move|p2b: Iron Bundle|Icy Wind|p1a: Chien-Pao|[spread] p1a,p1b\n|-resisted|p1a: Chien-Pao\n|-damage|p1a: Chien-Pao|85\/100\n|-damage|p1b: Heracross|77\/100\n|-unboost|p1a: Chien-Pao|spe|1\n|-unboost|p1b: Heracross|spe|1\n|move|p1a: Chien-Pao|Ice Spinner|p2a: Amoonguss\n|-supereffective|p2a: Amoonguss\n|-damage|p2a: Amoonguss|16\/100\n|-damage|p1a: Chien-Pao|69\/100|[from] item: Rocky Helmet|[of] p2a: Amoonguss\n|move|p1b: Heracross|Close Combat|p2b: Iron Bundle\n|-supereffective|p2b: Iron Bundle\n|-damage|p2b: Iron Bundle|0 fnt\n|-unboost|p1b: Heracross|def|1\n|-unboost|p1b: Heracross|spd|1\n|faint|p2b: Iron Bundle\n|-end|p2b: Iron Bundle|Quark Drive|[silent]\n|move|p2a: Amoonguss|Spore|p1b: Heracross\n|-status|p1b: Heracross|slp|[from] move: Spore\n|\n|upkeep\n|\n|t:|1681788176\n|switch|p2b: Chi-Yu|Chi-Yu, L50|100\/100\n|-ability|p2b: Chi-Yu|Beads of Ruin\n|turn|2\n|\n|t:|1681788184\n|switch|p1b: Jolteon|Jolteon, L50, M|100\/100\n|move|p1a: Chien-Pao|Protect|p1a: Chien-Pao\n|-singleturn|p1a: Chien-Pao|Protect\n|move|p2a: Amoonguss|Rage Powder|p2a: Amoonguss\n|-singleturn|p2a: Amoonguss|move: Rage Powder\n|move|p2b: Chi-Yu|Heat Wave|p1b: Jolteon|[spread] p1b\n|-activate|p1a: Chien-Pao|move: Protect\n|-damage|p1b: Jolteon|0 fnt\n|faint|p1b: Jolteon\n|\n|upkeep\n|\n|t:|1681788189\n|switch|p1b: Iron Treads|Iron Treads, L50|100\/100\n|turn|3\n|\n|t:|1681788212\n|-terastallize|p2b: Chi-Yu|Grass\n|-terastallize|p1b: Iron Treads|Ground\n|move|p1a: Chien-Pao|Protect|p1a: Chien-Pao\n|-singleturn|p1a: Chien-Pao|Protect\n|move|p2a: Amoonguss|Rage Powder|p2a: Amoonguss\n|-singleturn|p2a: Amoonguss|move: Rage Powder\n|move|p2b: Chi-Yu|Heat Wave|p1a: Chien-Pao|[spread] p1b\n|-activate|p1a: Chien-Pao|move: Protect\n|-crit|p1b: Iron Treads\n|-damage|p1b: Iron Treads|0 fnt\n|faint|p1b: Iron Treads\n|-end|p1b: Iron Treads|Quark Drive|[silent]\n|\n|upkeep\n|\n|t:|1681788221\n|switch|p1b: Heracross|Heracross, L50, F|77\/100 slp\n|turn|4\n|\n|t:|1681788230\n|cant|p1b: Heracross|slp\n|move|p2a: Amoonguss|Rage Powder|p2a: Amoonguss\n|-singleturn|p2a: Amoonguss|move: Rage Powder\n|move|p2b: Chi-Yu|Heat Wave|p1a: Chien-Pao|[spread] p1a\n|-miss|p2b: Chi-Yu|p1b: Heracross\n|-supereffective|p1a: Chien-Pao\n|-damage|p1a: Chien-Pao|0 fnt\n|faint|p1a: Chien-Pao\n|\n|upkeep\n|turn|5\n|\n|t:|1681788237\n|cant|p1b: Heracross|slp\n|move|p2a: Amoonguss|Rage Powder|p2a: Amoonguss\n|-singleturn|p2a: Amoonguss|move: Rage Powder\n|move|p2b: Chi-Yu|Heat Wave|p1b: Heracross\n|-supereffective|p1b: Heracross\n|-damage|p1b: Heracross|0 fnt\n|faint|p1b: Heracross\n|\n|win|Kwiper\n|raw|ThunderboltRose's rating: 1276 → 1254<\/strong> (-22 for losing)\n|raw|Kwiper's rating: 1322 → 1339<\/strong> (+17 for winning)\n|l|\u2606ThunderboltRose\n","uploadtime":1681788242,"views":3,"p1id":"thunderboltrose","p2id":"kwiper","formatid":"gen9vgc2023regulationc","rating":1254,"private":0,"password":""}