{"id":"gen9vgc2023regulationc-1847975944","p1":"Whatever0512","p2":"Supersuperscoops","format":"[Gen 9] VGC 2023 Regulation C","log":"|j|\u2606Whatever0512\n|j|\u2606Supersuperscoops\n|t:|1682017320\n|gametype|doubles\n|player|p1|Whatever0512|170|1355\n|player|p2|Supersuperscoops|265|1416\n|teamsize|p1|6\n|teamsize|p2|6\n|gen|9\n|tier|[Gen 9] VGC 2023 Regulation C\n|rated|\n|rule|Species Clause: Limit one of each Pok\u00e9mon\n|rule|Item Clause: Limit one of each item\n|clearpoke\n|poke|p1|Tyranitar, L50, M|\n|poke|p1|Iron Bundle, L50|\n|poke|p1|Great Tusk, L50|\n|poke|p1|Talonflame, L50, M|\n|poke|p1|Gothitelle, L50, F|\n|poke|p1|Flutter Mane, L50|\n|poke|p2|Ting-Lu, L50|\n|poke|p2|Chi-Yu, L50|\n|poke|p2|Amoonguss, L50, F|\n|poke|p2|Azumarill, L50, F|\n|poke|p2|Orthworm, L50, F|\n|poke|p2|Flutter Mane, L50|\n|teampreview|4\n|inactive|Battle timer is ON: inactive players will automatically lose when time's up. (requested by Supersuperscoops)\nWhatever0512 has agreed to open team sheets.\n|inactive|Whatever0512 has 60 seconds left.\n|\n|t:|1682017370\n|start\n|switch|p1a: Talonflame|Talonflame, L50, M, shiny|100\/100\n|switch|p1b: Tyranitar|Tyranitar, L50, M|100\/100\n|switch|p2a: Orthworm|Orthworm, L50, F|100\/100\n|switch|p2b: Amoonguss|Amoonguss, L50, F|100\/100\n|-weather|Sandstorm|[from] ability: Sand Stream|[of] p1b: Tyranitar\n|turn|1\n|inactive|Whatever0512 has 30 seconds left.\n|inactive|Whatever0512 has 20 seconds left.\n|\n|t:|1682017409\n|-terastallize|p2b: Amoonguss|Water\n|move|p1a: Talonflame|Taunt|p2b: Amoonguss\n|-start|p2b: Amoonguss|move: Taunt\n|move|p1b: Tyranitar|Low Kick|p2a: Orthworm\n|-supereffective|p2a: Orthworm\n|-damage|p2a: Orthworm|44\/100\n|-enditem|p2a: Orthworm|Sitrus Berry|[eat]\n|-heal|p2a: Orthworm|69\/100|[from] item: Sitrus Berry\n|move|p2a: Orthworm|Shed Tail|p2a: Orthworm\n|-start|p2a: Orthworm|Substitute|[from] move: Shed Tail\n|-damage|p2a: Orthworm|19\/100\n|\n|t:|1682017418\n|switch|p2a: Azumarill|Azumarill, L50, F|100\/100|[from] Shed Tail\n|cant|p2b: Amoonguss|move: Taunt|Spore\n|\n|-weather|Sandstorm|[upkeep]\n|-damage|p2b: Amoonguss|95\/100|[from] Sandstorm\n|upkeep\n|turn|2\n|inactive|Whatever0512 has 30 seconds left.\n|inactive|Whatever0512 has 20 seconds left.\n|inactive|Whatever0512 has 15 seconds left.\n|inactive|Whatever0512 has 10 seconds left.\n|inactive|Whatever0512 has 5 seconds left.\n|\n|t:|1682017469\n|switch|p1a: Iron Bundle|Iron Bundle, L50, shiny|100\/100\n|-enditem|p1a: Iron Bundle|Booster Energy\n|-activate|p1a: Iron Bundle|ability: Quark Drive|[fromitem]\n|-start|p1a: Iron Bundle|quarkdrivespe\n|switch|p2b: Orthworm|Orthworm, L50, F|19\/100\n|move|p2a: Azumarill|Aqua Jet|p1a: Iron Bundle\n|-resisted|p1a: Iron Bundle\n|-damage|p1a: Iron Bundle|87\/100\n|move|p1b: Tyranitar|Rock Slide|p2a: Azumarill|[spread] p2a,p2b\n|-end|p2a: Azumarill|Substitute\n|-resisted|p2b: Orthworm\n|-damage|p2b: Orthworm|8\/100\n|\n|-weather|Sandstorm|[upkeep]\n|-damage|p1a: Iron Bundle|82\/100|[from] Sandstorm\n|upkeep\n|turn|3\n|inactive|Whatever0512 has 30 seconds left.\n|\n|t:|1682017497\n|move|p2b: Orthworm|Helping Hand|p2a: Azumarill\n|-singleturn|p2a: Azumarill|Helping Hand|[of] p2b: Orthworm\n|move|p1a: Iron Bundle|Freeze-Dry|p2a: Azumarill\n|-supereffective|p2a: Azumarill\n|-damage|p2a: Azumarill|18\/100\n|move|p1b: Tyranitar|Rock Slide|p2b: Orthworm|[spread] p2a,p2b\n|-resisted|p2b: Orthworm\n|-damage|p2a: Azumarill|0 fnt\n|-damage|p2b: Orthworm|0 fnt\n|faint|p2a: Azumarill\n|faint|p2b: Orthworm\n|\n|-weather|Sandstorm|[upkeep]\n|-damage|p1a: Iron Bundle|76\/100|[from] Sandstorm\n|upkeep\n|\n|t:|1682017512\n|switch|p2a: Flutter Mane|Flutter Mane, L50|100\/100\n|switch|p2b: Amoonguss|Amoonguss, L50, F, tera:Water|100\/100\n|-enditem|p2a: Flutter Mane|Booster Energy\n|-activate|p2a: Flutter Mane|ability: Protosynthesis|[fromitem]\n|-start|p2a: Flutter Mane|protosynthesisspe\n|turn|4\n|inactive|Whatever0512 has 30 seconds left.\n|inactive|Whatever0512 has 20 seconds left.\n|\n|t:|1682017549\n|-end|p1a: Iron Bundle|Quark Drive|[silent]\n|switch|p1a: Flutter Mane|Flutter Mane, L50|100\/100\n|-terastallize|p1b: Tyranitar|Flying\n|move|p2a: Flutter Mane|Protect|p2a: Flutter Mane\n|-singleturn|p2a: Flutter Mane|Protect\n|move|p1b: Tyranitar|Heavy Slam|p2a: Flutter Mane\n|-activate|p2a: Flutter Mane|move: Protect\n|move|p2b: Amoonguss|Spore|p1b: Tyranitar\n|-status|p1b: Tyranitar|slp|[from] move: Spore\n|\n|-weather|Sandstorm|[upkeep]\n|-damage|p2a: Flutter Mane|95\/100|[from] Sandstorm\n|-damage|p1a: Flutter Mane|95\/100|[from] Sandstorm\n|-damage|p1b: Tyranitar|95\/100 slp|[from] Sandstorm\n|-damage|p2b: Amoonguss|95\/100|[from] Sandstorm\n|upkeep\n|turn|5\n|\n|t:|1682017570\n|move|p2a: Flutter Mane|Thunderbolt|p1b: Tyranitar\n|-supereffective|p1b: Tyranitar\n|-damage|p1b: Tyranitar|52\/100 slp\n|move|p1a: Flutter Mane|Thunderbolt|p2b: Amoonguss\n|-supereffective|p2b: Amoonguss\n|-damage|p2b: Amoonguss|20\/100\n|cant|p1b: Tyranitar|slp\n|move|p2b: Amoonguss|Spore|p1a: Flutter Mane\n|-status|p1a: Flutter Mane|slp|[from] move: Spore\n|\n|-weather|none\n|upkeep\n|turn|6\n|inactive|Whatever0512 has 30 seconds left.\n|\n|t:|1682017595\n|move|p2a: Flutter Mane|Thunderbolt|p1b: Tyranitar\n|-supereffective|p1b: Tyranitar\n|-damage|p1b: Tyranitar|13\/100 slp\n|cant|p1a: Flutter Mane|slp\n|-curestatus|p1b: Tyranitar|slp|[msg]\n|move|p1b: Tyranitar|Rock Slide|p2a: Flutter Mane|[spread] p2b\n|-miss|p1b: Tyranitar|p2a: Flutter Mane\n|-damage|p2b: Amoonguss|0 fnt\n|faint|p2b: Amoonguss\n|\n|upkeep\n|turn|7\n|\n|t:|1682017618\n|move|p2a: Flutter Mane|Dazzling Gleam|p1a: Flutter Mane|[spread] p1a,p1b\n|-damage|p1a: Flutter Mane|67\/100 slp\n|-damage|p1b: Tyranitar|0 fnt\n|faint|p1b: Tyranitar\n|cant|p1a: Flutter Mane|slp\n|\n|upkeep\n|\n|t:|1682017622\n|switch|p1b: Talonflame|Talonflame, L50, M, shiny|100\/100\n|turn|8\n|\n|t:|1682017630\n|move|p1b: Talonflame|Tailwind|p1b: Talonflame\n|-sidestart|p1: Whatever0512|move: Tailwind\n|-curestatus|p1a: Flutter Mane|slp|[msg]\n|move|p1a: Flutter Mane|Thunderbolt|p2a: Flutter Mane\n|-damage|p2a: Flutter Mane|52\/100\n|move|p2a: Flutter Mane|Thunderbolt|p1b: Talonflame\n|-supereffective|p1b: Talonflame\n|-damage|p1b: Talonflame|16\/100\n|\n|upkeep\n|turn|9\n|\n|t:|1682017638\n|move|p1b: Talonflame|Brave Bird|p2a: Flutter Mane\n|-damage|p2a: Flutter Mane|0 fnt\n|faint|p2a: Flutter Mane\n|-end|p2a: Flutter Mane|Protosynthesis|[silent]\n|-damage|p1b: Talonflame|3\/100|[from] Recoil\n|\n|win|Whatever0512\n|raw|Whatever0512's rating: 1355 → 1378<\/strong> (+23 for winning)\n|raw|Supersuperscoops's rating: 1416 → 1393<\/strong> (-23 for losing)\n|c|\u2606Whatever0512|gg\n","uploadtime":1682017655,"views":14,"p1id":"whatever0512","p2id":"supersuperscoops","formatid":"gen9vgc2023regulationc","rating":1378,"private":0,"password":""}