{"id":"gen9vgc2023regulationc-1848035448","p1":"Levlev_mm\u2026","p2":"Nincarmine2007x","format":"[Gen 9] VGC 2023 Regulation C","log":"|j|\u2606Levlev_mm\u2026\n|j|\u2606Nincarmine2007x\n|t:|1682022786\n|gametype|doubles\n|player|p1|Levlev_mm\u2026|morty|1074\n|player|p2|Nincarmine2007x|102|1017\n|teamsize|p1|6\n|teamsize|p2|6\n|gen|9\n|tier|[Gen 9] VGC 2023 Regulation C\n|rated|\n|rule|Species Clause: Limit one of each Pok\u00e9mon\n|rule|Item Clause: Limit one of each item\n|clearpoke\n|poke|p1|Dragonite, L50, M|\n|poke|p1|Gholdengo, L50|\n|poke|p1|Grafaiai, L50, M|\n|poke|p1|Slither Wing, L50|\n|poke|p1|Iron Thorns, L50|\n|poke|p1|Chansey, L50, F|\n|poke|p2|Arcanine, L50, F|\n|poke|p2|Mudsdale, L50, M|\n|poke|p2|Gyarados, L50, M|\n|poke|p2|Raichu, L50, M|\n|poke|p2|Grimmsnarl, L50, M|\n|poke|p2|Gholdengo, L50|\n|teampreview|4\n|inactive|Battle timer is ON: inactive players will automatically lose when time's up. (requested by Levlev_mm\u2026)\nLevlev_mm\u2026 rejected open team sheets.\n|inactive|Levlev_mm\u2026 has 60 seconds left.\n|\n|t:|1682022842\n|start\n|switch|p1a: Grafaiai|Grafaiai, L50, M|100\/100\n|switch|p1b: Gholdengo|Gholdengo, L50|100\/100\n|switch|p2a: Grimmsnarl|Grimmsnarl, L50, M|100\/100\n|switch|p2b: Gyarados|Gyarados, L50, M|100\/100\n|-ability|p2b: Gyarados|Intimidate|boost\n|-unboost|p1a: Grafaiai|atk|1\n|-unboost|p1b: Gholdengo|atk|1\n|turn|1\n|\n|t:|1682022864\n|move|p1b: Gholdengo|Protect|p1b: Gholdengo\n|-singleturn|p1b: Gholdengo|Protect\n|move|p1a: Grafaiai|Toxic|p2b: Gyarados\n|-status|p2b: Gyarados|tox\n|move|p2a: Grimmsnarl|Light Screen|p2a: Grimmsnarl\n|-sidestart|p2: Nincarmine2007x|move: Light Screen\n|move|p2b: Gyarados|Dragon Dance|p2b: Gyarados\n|-boost|p2b: Gyarados|atk|1\n|-boost|p2b: Gyarados|spe|1\n|\n|-damage|p2b: Gyarados|95\/100 tox|[from] psn\n|upkeep\n|turn|2\n|\n|t:|1682022881\n|switch|p1b: Slither Wing|Slither Wing, L50|100\/100\n|move|p1a: Grafaiai|Parting Shot|p2b: Gyarados\n|-unboost|p2b: Gyarados|atk|1\n|-unboost|p2b: Gyarados|spa|1\n|\n|t:|1682022890\n|switch|p1a: Chansey|Chansey, L50, F|100\/100|[from] Parting Shot\n|move|p2a: Grimmsnarl|Parting Shot|p1b: Slither Wing\n|-unboost|p1b: Slither Wing|atk|1\n|-unboost|p1b: Slither Wing|spa|1\n|\n|t:|1682022897\n|switch|p2a: Mudsdale|Mudsdale, L50, M|100\/100|[from] Parting Shot\n|move|p2b: Gyarados|Bulldoze|p1b: Slither Wing|[spread] p2a,p1a,p1b\n|-resisted|p1b: Slither Wing\n|-damage|p2a: Mudsdale|89\/100\n|-damage|p1a: Chansey|90\/100\n|-damage|p1b: Slither Wing|90\/100\n|-unboost|p2a: Mudsdale|spe|1\n|-unboost|p1a: Chansey|spe|1\n|-unboost|p1b: Slither Wing|spe|1\n|-ability|p2a: Mudsdale|Stamina|boost\n|-boost|p2a: Mudsdale|def|1\n|\n|-damage|p2b: Gyarados|83\/100 tox|[from] psn\n|upkeep\n|turn|3\n|inactive|Levlev_mm\u2026 has 30 seconds left.\n|inactive|Levlev_mm\u2026 has 20 seconds left.\n|\n|t:|1682022935\n|move|p2b: Gyarados|Bulldoze|p1a: Chansey|[spread] p2a,p1a,p1b\n|-resisted|p1b: Slither Wing\n|-damage|p2a: Mudsdale|80\/100\n|-damage|p1a: Chansey|80\/100\n|-damage|p1b: Slither Wing|80\/100\n|-unboost|p2a: Mudsdale|spe|1\n|-unboost|p1a: Chansey|spe|1\n|-unboost|p1b: Slither Wing|spe|1\n|-ability|p2a: Mudsdale|Stamina|boost\n|-boost|p2a: Mudsdale|def|1\n|move|p1b: Slither Wing|Leech Life|p2a: Mudsdale\n|-damage|p2a: Mudsdale|68\/100\n|-heal|p1b: Slither Wing|87\/100|[from] drain|[of] p2a: Mudsdale\n|-ability|p2a: Mudsdale|Stamina|boost\n|-boost|p2a: Mudsdale|def|1\n|move|p1a: Chansey|Chilling Water|p2b: Gyarados\n|-resisted|p2b: Gyarados\n|-damage|p2b: Gyarados|81\/100 tox\n|-unboost|p2b: Gyarados|atk|1\n|move|p2a: Mudsdale|Body Press|p1a: Chansey\n|-supereffective|p1a: Chansey\n|-damage|p1a: Chansey|0 fnt\n|faint|p1a: Chansey\n|\n|-damage|p2b: Gyarados|63\/100 tox|[from] psn\n|upkeep\n|\n|t:|1682022955\n|switch|p1a: Grafaiai|Grafaiai, L50, M|100\/100\n|turn|4\n|\n|t:|1682022971\n|switch|p2b: Grimmsnarl|Grimmsnarl, L50, M|100\/100\n|move|p1a: Grafaiai|Toxic|p2a: Mudsdale\n|-status|p2a: Mudsdale|tox\n|move|p1b: Slither Wing|U-turn|p2b: Grimmsnarl\n|-damage|p2b: Grimmsnarl|71\/100\n|\n|t:|1682022978\n|-end|p1b: Slither Wing|Protosynthesis|[silent]\n|switch|p1b: Gholdengo|Gholdengo, L50|100\/100|[from] U-turn\n|move|p2a: Mudsdale|Rock Slide|p1b: Gholdengo|[spread] p1a,p1b\n|-resisted|p1b: Gholdengo\n|-damage|p1a: Grafaiai|76\/100\n|-damage|p1b: Gholdengo|93\/100\n|\n|-heal|p1a: Grafaiai|82\/100|[from] item: Black Sludge\n|-damage|p2a: Mudsdale|62\/100 tox|[from] psn\n|upkeep\n|turn|5\n|\n|t:|1682023000\n|move|p2b: Grimmsnarl|Reflect|p2b: Grimmsnarl\n|-sidestart|p2: Nincarmine2007x|Reflect\n|move|p1a: Grafaiai|Super Fang|p2b: Grimmsnarl\n|-damage|p2b: Grimmsnarl|36\/100\n|move|p1b: Gholdengo|Shadow Ball|p2a: Mudsdale\n|-damage|p2a: Mudsdale|46\/100 tox\n|-ability|p2a: Mudsdale|Stamina|boost\n|-boost|p2a: Mudsdale|def|1\n|move|p2a: Mudsdale|Body Press|p1b: Gholdengo\n|-immune|p1b: Gholdengo\n|\n|-heal|p1a: Grafaiai|88\/100|[from] item: Black Sludge\n|-damage|p2a: Mudsdale|34\/100 tox|[from] psn\n|upkeep\n|turn|6\n|\n|t:|1682023025\n|-terastallize|p1b: Gholdengo|Steel\n|move|p1a: Grafaiai|Protect|p1a: Grafaiai\n|-singleturn|p1a: Grafaiai|Protect\n|move|p2b: Grimmsnarl|Parting Shot|p1b: Gholdengo\n|-immune|p1b: Gholdengo|[from] ability: Good as Gold\n|move|p1b: Gholdengo|Make It Rain|p2a: Mudsdale|[spread] p2a,p2b\n|-supereffective|p2b: Grimmsnarl\n|-damage|p2a: Mudsdale|10\/100 tox\n|-damage|p2b: Grimmsnarl|0 fnt\n|-unboost|p1b: Gholdengo|spa|1\n|-ability|p2a: Mudsdale|Stamina|boost\n|-boost|p2a: Mudsdale|def|1\n|faint|p2b: Grimmsnarl\n|move|p2a: Mudsdale|Body Press|p1a: Grafaiai\n|-activate|p1a: Grafaiai|move: Protect\n|\n|-heal|p1a: Grafaiai|93\/100|[from] item: Black Sludge\n|-damage|p2a: Mudsdale|0 fnt|[from] psn\n|faint|p2a: Mudsdale\n|upkeep\n|\n|t:|1682023045\n|switch|p2b: Gyarados|Gyarados, L50, M|63\/100 tox\n|switch|p2a: Raichu|Raichu, L50, M|100\/100\n|-ability|p2b: Gyarados|Intimidate|boost\n|-unboost|p1a: Grafaiai|atk|1\n|-unboost|p1b: Gholdengo|atk|1\n|turn|7\n|\n|t:|1682023063\n|move|p1b: Gholdengo|Protect|p1b: Gholdengo\n|-singleturn|p1b: Gholdengo|Protect\n|move|p2a: Raichu|Fake Out|p1b: Gholdengo\n|-activate|p1b: Gholdengo|move: Protect\n|move|p1a: Grafaiai|Toxic|p2a: Raichu\n|-status|p2a: Raichu|tox\n|move|p2b: Gyarados|Dragon Dance|p2b: Gyarados\n|-boost|p2b: Gyarados|atk|1\n|-boost|p2b: Gyarados|spe|1\n|\n|-heal|p1a: Grafaiai|99\/100|[from] item: Black Sludge\n|-damage|p2b: Gyarados|58\/100 tox|[from] psn\n|-damage|p2a: Raichu|95\/100 tox|[from] psn\n|upkeep\n|turn|8\n|inactive|Nincarmine2007x has 30 seconds left.\n|\n|t:|1682023094\n|switch|p1b: Slither Wing|Slither Wing, L50|87\/100\n|-terastallize|p2b: Gyarados|Ice\n|move|p1a: Grafaiai|Parting Shot|p2b: Gyarados\n|-unboost|p2b: Gyarados|atk|1\n|-unboost|p2b: Gyarados|spa|1\n|\n|t:|1682023100\n|switch|p1a: Gholdengo|Gholdengo, L50, tera:Steel|93\/100|[from] Parting Shot\n|move|p2b: Gyarados|Waterfall|p1b: Slither Wing\n|-damage|p1b: Slither Wing|34\/100\n|move|p2a: Raichu|Volt Switch|p1b: Slither Wing\n|-damage|p1b: Slither Wing|5\/100\n|\n|-damage|p2b: Gyarados|46\/100 tox|[from] psn\n|-damage|p2a: Raichu|83\/100 tox|[from] psn\n|-sideend|p2: Nincarmine2007x|move: Light Screen\n|upkeep\n|turn|9\n|\n|t:|1682023118\n|move|p2b: Gyarados|Waterfall|p1a: Gholdengo\n|-damage|p1a: Gholdengo|54\/100\n|move|p2a: Raichu|Volt Switch|p1a: Gholdengo\n|-damage|p1a: Gholdengo|26\/100\n|move|p1b: Slither Wing|U-turn|p2a: Raichu\n|-damage|p2a: Raichu|27\/100 tox\n|\n|t:|1682023125\n|-end|p1b: Slither Wing|Protosynthesis|[silent]\n|switch|p1b: Grafaiai|Grafaiai, L50, M|99\/100|[from] U-turn\n|move|p1a: Gholdengo|Make It Rain|p2b: Gyarados|[spread] p2a,p2b\n|-resisted|p2a: Raichu\n|-supereffective|p2b: Gyarados\n|-damage|p2a: Raichu|0 fnt\n|-damage|p2b: Gyarados|0 fnt\n|-unboost|p1a: Gholdengo|spa|1\n|faint|p2a: Raichu\n|faint|p2b: Gyarados\n|\n|win|Levlev_mm\u2026\n|raw|Levlev_mm\u2026's rating: 1074 → 1098<\/strong> (+24 for winning)\n|raw|Nincarmine2007x's rating: 1017 → 1006<\/strong> (-11 for losing)\n|l|\u2606Nincarmine2007x\n","uploadtime":1682023295,"views":6,"p1id":"levlevmm","p2id":"nincarmine2007x","formatid":"gen9vgc2023regulationc","rating":1006,"private":0,"password":""}