{"id":"gen9vgc2023regulationc-1845946562","p1":"Keveloper","p2":"brexton","format":"[Gen 9] VGC 2023 Regulation C","log":"|j|\u2606Keveloper\n|j|\u2606brexton\n|t:|1681782467\n|gametype|doubles\n|player|p1|Keveloper|lucas|1485\n|player|p2|brexton|nate|1434\n|teamsize|p1|6\n|teamsize|p2|6\n|gen|9\n|tier|[Gen 9] VGC 2023 Regulation C\n|rated|\n|rule|Species Clause: Limit one of each Pok\u00e9mon\n|rule|Item Clause: Limit one of each item\n|clearpoke\n|poke|p1|Orthworm, L50, M|\n|poke|p1|Dragonite, L50, F|\n|poke|p1|Ting-Lu, L50|\n|poke|p1|Gyarados, L50, M|\n|poke|p1|Flutter Mane, L50|\n|poke|p1|Chien-Pao, L50|\n|poke|p2|Chi-Yu, L50|\n|poke|p2|Flutter Mane, L50|\n|poke|p2|Corviknight, L50, M|\n|poke|p2|Tatsugiri, L50, M|\n|poke|p2|Amoonguss, L50, F|\n|poke|p2|Arcanine, L50, M|\n|teampreview|4\n|inactive|Battle timer is ON: inactive players will automatically lose when time's up. (requested by brexton)\nbrexton rejected open team sheets.\n|inactive|Keveloper has 60 seconds left.\n|\n|t:|1681782525\n|start\n|switch|p1a: Orthworm|Orthworm, L50, M|100\/100\n|switch|p1b: Ting-Lu|Ting-Lu, L50|100\/100\n|switch|p2a: Amoonguss|Amoonguss, L50, F|100\/100\n|switch|p2b: Corviknight|Corviknight, L50, M|100\/100\n|-ability|p1b: Ting-Lu|Vessel of Ruin\n|turn|1\n|inactive|Keveloper has 30 seconds left.\n|\n|t:|1681782552\n|switch|p1b: Gyarados|Gyarados, L50, M|100\/100\n|-ability|p1b: Gyarados|Intimidate|boost\n|-unboost|p2a: Amoonguss|atk|1\n|-ability|p2b: Corviknight|Mirror Armor\n|-unboost|p1b: Gyarados|atk|1\n|move|p2b: Corviknight|Nasty Plot|p2b: Corviknight\n|-boost|p2b: Corviknight|spa|2\n|move|p1a: Orthworm|Shed Tail|p1a: Orthworm\n|-start|p1a: Orthworm|Substitute|[from] move: Shed Tail\n|-damage|p1a: Orthworm|50\/100\n|-enditem|p1a: Orthworm|Sitrus Berry|[eat]\n|-heal|p1a: Orthworm|75\/100|[from] item: Sitrus Berry\n|\n|t:|1681782573\n|switch|p1a: Dragonite|Dragonite, L50, F|100\/100|[from] Shed Tail\n|move|p2a: Amoonguss|Spore||[still]\n|-fail|p2a: Amoonguss\n|\n|upkeep\n|turn|2\n|inactive|brexton has 30 seconds left.\n|inactive|brexton has 20 seconds left.\n|j| Spacejes\n|inactive|brexton has 15 seconds left.\n|inactive|brexton has 10 seconds left.\n|\n|t:|1681782621\n|-terastallize|p1a: Dragonite|Flying\n|move|p2a: Amoonguss|Protect|p2a: Amoonguss\n|-singleturn|p2a: Amoonguss|Protect\n|move|p1a: Dragonite|Tera Blast|p2a: Amoonguss\n|-activate|p2a: Amoonguss|move: Protect\n|move|p1b: Gyarados|Taunt|p2b: Corviknight\n|-start|p2b: Corviknight|move: Taunt\n|cant|p2b: Corviknight|move: Taunt|Tailwind\n|\n|upkeep\n|turn|3\n|inactive|brexton has 30 seconds left.\n|\n|t:|1681782653\n|move|p2a: Amoonguss|Protect|p2a: Amoonguss\n|-singleturn|p2a: Amoonguss|Protect\n|move|p1a: Dragonite|Dragon Dance|p1a: Dragonite\n|-boost|p1a: Dragonite|atk|1\n|-boost|p1a: Dragonite|spe|1\n|move|p1b: Gyarados|Thunder Wave|p2b: Corviknight\n|-status|p2b: Corviknight|par\n|move|p2b: Corviknight|Flash Cannon|p1a: Dragonite\n|-end|p1a: Dragonite|Substitute\n|\n|upkeep\n|turn|4\n|\n|t:|1681782676\n|move|p1a: Dragonite|Tera Blast|p2a: Amoonguss\n|-supereffective|p2a: Amoonguss\n|-damage|p2a: Amoonguss|0 fnt\n|faint|p2a: Amoonguss\n|move|p1b: Gyarados|Waterfall|p2b: Corviknight\n|-damage|p2b: Corviknight|81\/100 par\n|cant|p2b: Corviknight|flinch\n|\n|-end|p2b: Corviknight|move: Taunt\n|upkeep\n|\n|t:|1681782684\n|switch|p2a: Flutter Mane|Flutter Mane, L50|100\/100\n|-enditem|p2a: Flutter Mane|Booster Energy\n|-activate|p2a: Flutter Mane|ability: Protosynthesis|[fromitem]\n|-start|p2a: Flutter Mane|protosynthesisspe\n|turn|5\n|\n|t:|1681782698\n|switch|p1b: Ting-Lu|Ting-Lu, L50|100\/100\n|-ability|p1b: Ting-Lu|Vessel of Ruin\n|move|p2a: Flutter Mane|Protect|p2a: Flutter Mane\n|-singleturn|p2a: Flutter Mane|Protect\n|move|p1a: Dragonite|Tera Blast|p2a: Flutter Mane\n|-activate|p2a: Flutter Mane|move: Protect\n|move|p2b: Corviknight|Flash Cannon|p1a: Dragonite\n|-damage|p1a: Dragonite|78\/100\n|\n|upkeep\n|turn|6\n|inactive|Keveloper has 30 seconds left.\n|\n|t:|1681782725\n|-terastallize|p2a: Flutter Mane|Steel\n|move|p2a: Flutter Mane|Substitute|p2a: Flutter Mane\n|-start|p2a: Flutter Mane|Substitute\n|-damage|p2a: Flutter Mane|76\/100\n|move|p1a: Dragonite|Tera Blast|p2a: Flutter Mane\n|-resisted|p2a: Flutter Mane\n|-end|p2a: Flutter Mane|Substitute\n|move|p1b: Ting-Lu|Throat Chop|p2b: Corviknight\n|-damage|p2b: Corviknight|35\/100 par\n|-start|p2b: Corviknight|Throat Chop|[silent]\n|move|p2b: Corviknight|Nasty Plot|p2b: Corviknight\n|-boost|p2b: Corviknight|spa|2\n|\n|upkeep\n|turn|7\n|\n|t:|1681782745\n|move|p2a: Flutter Mane|Moonblast|p1a: Dragonite\n|-damage|p1a: Dragonite|36\/100\n|move|p1a: Dragonite|Earthquake|p2b: Corviknight|[spread] p1b,p2a\n|-immune|p2b: Corviknight\n|-supereffective|p2a: Flutter Mane\n|-damage|p1b: Ting-Lu|76\/100\n|-damage|p2a: Flutter Mane|0 fnt\n|faint|p2a: Flutter Mane\n|-end|p2a: Flutter Mane|Protosynthesis|[silent]\n|move|p1b: Ting-Lu|Throat Chop|p2b: Corviknight\n|-damage|p2b: Corviknight|0 fnt\n|faint|p2b: Corviknight\n|\n|upkeep\n|\n|t:|1681782753\n|switch|p2b: Chi-Yu|Chi-Yu, L50|100\/100\n|-ability|p2b: Chi-Yu|Beads of Ruin\n|turn|8\n|inactive|Keveloper has 30 seconds left.\n|\n|t:|1681782781\n|switch|p1b: Orthworm|Orthworm, L50, M|75\/100\n|move|p1a: Dragonite|Earthquake|p2b: Chi-Yu|[spread] p2b\n|-heal|p1b: Orthworm|100\/100|[from] ability: Earth Eater|[of] p1a: Dragonite\n|-supereffective|p2b: Chi-Yu\n|-damage|p2b: Chi-Yu|16\/100\n|-enditem|p2b: Chi-Yu|Sitrus Berry|[eat]\n|-heal|p2b: Chi-Yu|41\/100|[from] item: Sitrus Berry\n|move|p2b: Chi-Yu|Flamethrower|p1b: Orthworm\n|-supereffective|p1b: Orthworm\n|-crit|p1b: Orthworm\n|-damage|p1b: Orthworm|0 fnt\n|faint|p1b: Orthworm\n|\n|upkeep\n|\n|t:|1681782795\n|switch|p1b: Gyarados|Gyarados, L50, M|100\/100\n|-ability|p1b: Gyarados|Intimidate|boost\n|-unboost|p2b: Chi-Yu|atk|1\n|turn|9\n|inactive|brexton has 30 seconds left.\n|\n|t:|1681782821\n|move|p1a: Dragonite|Earthquake|p2b: Chi-Yu|[spread] p2b\n|-immune|p1b: Gyarados\n|-supereffective|p2b: Chi-Yu\n|-damage|p2b: Chi-Yu|0 fnt\n|faint|p2b: Chi-Yu\n|\n|win|Keveloper\n|raw|Keveloper's rating: 1485 → 1502<\/strong> (+17 for winning)\n|raw|brexton's rating: 1434 → 1417<\/strong> (-17 for losing)\n|l| Spacejes\n","uploadtime":1681782828,"views":8,"p1id":"keveloper","p2id":"brexton","formatid":"gen9vgc2023regulationc","rating":1417,"private":0,"password":""}