{"id":"gen9vgc2023regulationc-1862885077","p1":"RIPTheDollarMenu","p2":"Desconocido187","format":"[Gen 9] VGC 2023 Regulation C","log":"|j|\u2606RIPTheDollarMenu\n|j|\u2606Desconocido187\n|t:|1683933673\n|gametype|doubles\n|player|p1|RIPTheDollarMenu|waiter-gen4|1196\n|player|p2|Desconocido187|giovanni|1256\n|teamsize|p1|6\n|teamsize|p2|6\n|gen|9\n|tier|[Gen 9] VGC 2023 Regulation C\n|rated|\n|rule|Species Clause: Limit one of each Pok\u00e9mon\n|rule|Item Clause: Limit one of each item\n|clearpoke\n|poke|p1|Tyranitar, L50, F|\n|poke|p1|Garchomp, L50, M|\n|poke|p1|Scream Tail, L50|\n|poke|p1|Corviknight, L50, M|\n|poke|p1|Gyarados, L50, F|\n|poke|p1|Iron Hands, L50|\n|poke|p2|Gastrodon, L50, F|\n|poke|p2|Tyranitar, L50, M|\n|poke|p2|Scizor, L50, F|\n|poke|p2|Gholdengo, L50|\n|poke|p2|Iron Hands, L50|\n|poke|p2|Ceruledge, L50, M|\n|teampreview|4\n|\n|t:|1683933728\n|start\n|switch|p1a: Beholder|Scream Tail, L50, shiny|100\/100\n|switch|p1b: Leviathan|Gyarados, L50, F|100\/100\n|switch|p2a: Gastrodon|Gastrodon, L50, F|100\/100\n|switch|p2b: Tyranitar|Tyranitar, L50, M|100\/100\n|-ability|p1b: Leviathan|Intimidate|boost\n|-unboost|p2a: Gastrodon|atk|1\n|-unboost|p2b: Tyranitar|atk|1\n|-weather|Sandstorm|[from] ability: Sand Stream|[of] p2b: Tyranitar\n|-enditem|p1a: Beholder|Booster Energy\n|-activate|p1a: Beholder|ability: Protosynthesis|[fromitem]\n|-start|p1a: Beholder|protosynthesisspe\n|turn|1\n|\n|t:|1683933757\n|-terastallize|p2b: Tyranitar|Flying\n|move|p1b: Leviathan|Protect|p1b: Leviathan\n|-singleturn|p1b: Leviathan|Protect\n|move|p1a: Beholder|Thunder Wave|p2b: Tyranitar\n|-status|p2b: Tyranitar|par\n|move|p2a: Gastrodon|Ice Beam|p1b: Leviathan\n|-activate|p1b: Leviathan|move: Protect\n|cant|p2b: Tyranitar|par\n|\n|-weather|Sandstorm|[upkeep]\n|-damage|p1a: Beholder|95\/100|[from] Sandstorm\n|-damage|p1b: Leviathan|94\/100|[from] Sandstorm\n|-heal|p1b: Leviathan|100\/100|[from] item: Leftovers\n|upkeep\n|turn|2\n|\n|t:|1683933778\n|switch|p1b: Genie|Iron Hands, L50, shiny|100\/100\n|move|p1a: Beholder|Disable|p2a: Gastrodon\n|-start|p2a: Gastrodon|Disable|Ice Beam\n|cant|p2a: Gastrodon|Disable|Ice Beam\n|move|p2b: Tyranitar|Rock Slide|p1a: Beholder|[spread] p1a,p1b\n|-resisted|p1b: Genie\n|-damage|p1a: Beholder|81\/100\n|-damage|p1b: Genie|95\/100\n|\n|-weather|Sandstorm|[upkeep]\n|-damage|p1a: Beholder|75\/100|[from] Sandstorm\n|-damage|p1b: Genie|89\/100|[from] Sandstorm\n|upkeep\n|turn|3\n|\n|t:|1683933797\n|move|p2b: Tyranitar|Protect|p2b: Tyranitar\n|-singleturn|p2b: Tyranitar|Protect\n|move|p1a: Beholder|Encore|p2a: Gastrodon\n|-start|p2a: Gastrodon|Encore\n|move|p1b: Genie|Wild Charge|p2b: Tyranitar\n|-activate|p2b: Tyranitar|move: Protect\n|cant|p2a: Gastrodon|Disable|Ice Beam\n|\n|-weather|Sandstorm|[upkeep]\n|-damage|p1a: Beholder|70\/100|[from] Sandstorm\n|-damage|p1b: Genie|83\/100|[from] Sandstorm\n|upkeep\n|turn|4\n|\n|t:|1683933821\n|switch|p2b: Scizor|Scizor, L50, F|100\/100\n|move|p1a: Beholder|Thunder Wave|p2a: Gastrodon\n|-immune|p2a: Gastrodon\n|move|p1b: Genie|Wild Charge|p2b: Scizor\n|-damage|p2b: Scizor|50\/100\n|-damage|p1b: Genie|73\/100|[from] Recoil\n|-activate|p2a: Gastrodon|move: Struggle\n|move|p2a: Gastrodon|Struggle|p1a: Beholder\n|-damage|p1a: Beholder|65\/100\n|-damage|p2a: Gastrodon|75\/100|[from] recoil\n|\n|-weather|Sandstorm|[upkeep]\n|-damage|p1a: Beholder|59\/100|[from] Sandstorm\n|-damage|p1b: Genie|67\/100|[from] Sandstorm\n|-heal|p2a: Gastrodon|81\/100|[from] item: Leftovers\n|upkeep\n|turn|5\n|\n|t:|1683933847\n|switch|p2a: Ceruledge|Ceruledge, L50, M|100\/100\n|-terastallize|p1a: Beholder|Grass\n|move|p2b: Scizor|Bullet Punch|p1a: Beholder\n|-damage|p1a: Beholder|31\/100\n|move|p1a: Beholder|Thunder Wave|p2b: Scizor|[miss]\n|-miss|p1a: Beholder|p2b: Scizor\n|move|p1b: Genie|Drain Punch|p2b: Scizor\n|-damage|p2b: Scizor|3\/100\n|-heal|p1b: Genie|85\/100|[from] drain|[of] p2b: Scizor\n|\n|-weather|none\n|upkeep\n|turn|6\n|\n|t:|1683933872\n|-end|p1a: Beholder|Protosynthesis|[silent]\n|switch|p1a: Leviathan|Gyarados, L50, F|100\/100\n|-ability|p1a: Leviathan|Intimidate|boost\n|-fail|p2a: Ceruledge|unboost|[from] item: Clear Amulet|[of] p2a: Ceruledge\n|-unboost|p2b: Scizor|atk|1\n|move|p2b: Scizor|Protect|p2b: Scizor\n|-singleturn|p2b: Scizor|Protect\n|move|p2a: Ceruledge|Bitter Blade|p1a: Leviathan\n|-resisted|p1a: Leviathan\n|-damage|p1a: Leviathan|80\/100\n|move|p1b: Genie|Wild Charge|p2a: Ceruledge\n|-damage|p2a: Ceruledge|43\/100\n|-damage|p1b: Genie|74\/100|[from] Recoil\n|\n|-heal|p1a: Leviathan|86\/100|[from] item: Leftovers\n|upkeep\n|turn|7\n|\n|t:|1683933904\n|switch|p2b: Gastrodon|Gastrodon, L50, F|81\/100\n|move|p2a: Ceruledge|Protect|p2a: Ceruledge\n|-singleturn|p2a: Ceruledge|Protect\n|move|p1a: Leviathan|Tera Blast|p2b: Gastrodon\n|-damage|p2b: Gastrodon|70\/100\n|move|p1b: Genie|Wild Charge|p2a: Ceruledge\n|-activate|p2a: Ceruledge|move: Protect\n|\n|-heal|p1a: Leviathan|92\/100|[from] item: Leftovers\n|-heal|p2b: Gastrodon|76\/100|[from] item: Leftovers\n|upkeep\n|turn|8\n|\n|t:|1683933927\n|move|p1b: Genie|Protect|p1b: Genie\n|-singleturn|p1b: Genie|Protect\n|move|p1a: Leviathan|Taunt|p2a: Ceruledge\n|-start|p2a: Ceruledge|move: Taunt\n|move|p2a: Ceruledge|Bitter Blade|p1b: Genie\n|-activate|p1b: Genie|move: Protect\n|move|p2b: Gastrodon|Earth Power|p1b: Genie\n|-activate|p1b: Genie|move: Protect\n|\n|-heal|p1a: Leviathan|98\/100|[from] item: Leftovers\n|-heal|p2b: Gastrodon|82\/100|[from] item: Leftovers\n|upkeep\n|turn|9\n|\n|t:|1683933962\n|switch|p1a: Mogaru|Garchomp, L50, M|100\/100\n|move|p2a: Ceruledge|Brick Break|p1a: Mogaru\n|-damage|p1a: Mogaru|77\/100\n|move|p1b: Genie|Wild Charge|p2a: Ceruledge\n|-damage|p2a: Ceruledge|0 fnt\n|faint|p2a: Ceruledge\n|-damage|p1b: Genie|66\/100|[from] Recoil\n|move|p2b: Gastrodon|Ice Beam|p1a: Mogaru\n|-supereffective|p1a: Mogaru\n|-damage|p1a: Mogaru|0 fnt\n|faint|p1a: Mogaru\n|\n|-heal|p2b: Gastrodon|88\/100|[from] item: Leftovers\n|upkeep\n|\n|t:|1683933978\n|switch|p1a: Beholder|Scream Tail, L50, shiny, tera:Grass|31\/100\n|switch|p2a: Scizor|Scizor, L50, F|3\/100\n|turn|10\n|\n|t:|1683934013\n|-end|p1a: Beholder|Protosynthesis|[silent]\n|switch|p1a: Leviathan|Gyarados, L50, F|98\/100\n|-ability|p1a: Leviathan|Intimidate|boost\n|-unboost|p2a: Scizor|atk|1\n|-unboost|p2b: Gastrodon|atk|1\n|move|p2a: Scizor|Protect|p2a: Scizor\n|-singleturn|p2a: Scizor|Protect\n|move|p2b: Gastrodon|Protect|p2b: Gastrodon\n|-singleturn|p2b: Gastrodon|Protect\n|move|p1b: Genie|Drain Punch|p2b: Gastrodon\n|-activate|p2b: Gastrodon|move: Protect\n|\n|-heal|p1a: Leviathan|100\/100|[from] item: Leftovers\n|-heal|p2b: Gastrodon|94\/100|[from] item: Leftovers\n|upkeep\n|turn|11\n|\n|t:|1683934036\n|move|p2a: Scizor|Bullet Punch|p1b: Genie\n|-resisted|p1b: Genie\n|-damage|p1b: Genie|57\/100\n|move|p1a: Leviathan|Tera Blast|p2a: Scizor\n|-resisted|p2a: Scizor\n|-damage|p2a: Scizor|0 fnt\n|faint|p2a: Scizor\n|move|p1b: Genie|Drain Punch|p2b: Gastrodon\n|-damage|p2b: Gastrodon|54\/100\n|-heal|p1b: Genie|75\/100|[from] drain|[of] p2b: Gastrodon\n|move|p2b: Gastrodon|Earth Power|p1b: Genie\n|-supereffective|p1b: Genie\n|-damage|p1b: Genie|23\/100\n|-enditem|p1b: Genie|Sitrus Berry|[eat]\n|-heal|p1b: Genie|47\/100|[from] item: Sitrus Berry\n|\n|-heal|p2b: Gastrodon|60\/100|[from] item: Leftovers\n|upkeep\n|\n|t:|1683934051\n|switch|p2a: Tyranitar|Tyranitar, L50, M, tera:Flying|100\/100 par\n|-weather|Sandstorm|[from] ability: Sand Stream|[of] p2a: Tyranitar\n|turn|12\n|\n|t:|1683934073\n|switch|p1a: Beholder|Scream Tail, L50, shiny, tera:Grass|31\/100\n|move|p1b: Genie|Protect|p1b: Genie\n|-singleturn|p1b: Genie|Protect\n|move|p2b: Gastrodon|Ice Beam|p1a: Beholder\n|-supereffective|p1a: Beholder\n|-damage|p1a: Beholder|0 fnt\n|faint|p1a: Beholder\n|-end|p1a: Beholder|Protosynthesis|[silent]\n|move|p2a: Tyranitar|Rock Slide|p1b: Genie\n|-activate|p1b: Genie|move: Protect\n|\n|-weather|Sandstorm|[upkeep]\n|-damage|p1b: Genie|42\/100|[from] Sandstorm\n|-heal|p2b: Gastrodon|66\/100|[from] item: Leftovers\n|upkeep\n|\n|t:|1683934087\n|switch|p1a: Leviathan|Gyarados, L50, F|100\/100\n|-ability|p1a: Leviathan|Intimidate|boost\n|-unboost|p2a: Tyranitar|atk|1\n|-unboost|p2b: Gastrodon|atk|1\n|turn|13\n|\n|t:|1683934106\n|move|p1b: Genie|Protect|p1b: Genie\n|-singleturn|p1b: Genie|Protect\n|move|p1a: Leviathan|Tera Blast|p2b: Gastrodon\n|-damage|p2b: Gastrodon|55\/100\n|move|p2b: Gastrodon|Earth Power|p1b: Genie\n|-activate|p1b: Genie|move: Protect\n|move|p2a: Tyranitar|Rock Slide|p1b: Genie|[spread] p1a\n|-activate|p1b: Genie|move: Protect\n|-supereffective|p1a: Leviathan\n|-damage|p1a: Leviathan|65\/100\n|\n|-weather|Sandstorm|[upkeep]\n|-damage|p1a: Leviathan|59\/100|[from] Sandstorm\n|-damage|p1b: Genie|36\/100|[from] Sandstorm\n|-heal|p1a: Leviathan|65\/100|[from] item: Leftovers\n|-heal|p2b: Gastrodon|61\/100|[from] item: Leftovers\n|upkeep\n|turn|14\n|\n|t:|1683934137\n|move|p2a: Tyranitar|Protect|p2a: Tyranitar\n|-singleturn|p2a: Tyranitar|Protect\n|move|p1a: Leviathan|Tera Blast|p2b: Gastrodon\n|-damage|p2b: Gastrodon|51\/100\n|move|p1b: Genie|Drain Punch|p2b: Gastrodon\n|-damage|p2b: Gastrodon|11\/100\n|-heal|p1b: Genie|54\/100|[from] drain|[of] p2b: Gastrodon\n|move|p2b: Gastrodon|Earth Power|p1b: Genie\n|-supereffective|p1b: Genie\n|-damage|p1b: Genie|0 fnt\n|faint|p1b: Genie\n|-end|p1b: Genie|Quark Drive|[silent]\n|\n|-weather|Sandstorm|[upkeep]\n|-damage|p1a: Leviathan|59\/100|[from] Sandstorm\n|-heal|p1a: Leviathan|65\/100|[from] item: Leftovers\n|-heal|p2b: Gastrodon|17\/100|[from] item: Leftovers\n|upkeep\n|turn|15\n|\n|t:|1683934158\n|move|p2b: Gastrodon|Protect|p2b: Gastrodon\n|-singleturn|p2b: Gastrodon|Protect\n|move|p1a: Leviathan|Tera Blast|p2b: Gastrodon\n|-activate|p2b: Gastrodon|move: Protect\n|move|p2a: Tyranitar|Rock Slide|p1a: Leviathan\n|-supereffective|p1a: Leviathan\n|-damage|p1a: Leviathan|15\/100\n|\n|-weather|Sandstorm|[upkeep]\n|-damage|p1a: Leviathan|9\/100|[from] Sandstorm\n|-heal|p1a: Leviathan|15\/100|[from] item: Leftovers\n|-heal|p2b: Gastrodon|23\/100|[from] item: Leftovers\n|upkeep\n|turn|16\n|\n|t:|1683934174\n|move|p1a: Leviathan|Tera Blast|p2b: Gastrodon\n|-damage|p2b: Gastrodon|13\/100\n|move|p2b: Gastrodon|Ice Beam|p1a: Leviathan\n|-damage|p1a: Leviathan|0 fnt\n|faint|p1a: Leviathan\n|\n|win|Desconocido187\n|raw|RIPTheDollarMenu's rating: 1196 → 1175<\/strong> (-21 for losing)\n|raw|Desconocido187's rating: 1256 → 1277<\/strong> (+21 for winning)\n","uploadtime":1683934182,"views":11,"p1id":"ripthedollarmenu","p2id":"desconocido187","formatid":"gen9vgc2023regulationc","rating":1175,"private":0,"password":""}