{"id":"gen9vgc2023regulationc-1855091175","p1":"AzMatic1","p2":"RitmanTesting1","format":"[Gen 9] VGC 2023 Regulation C","log":"|j|\u2606AzMatic1\n|j|\u2606RitmanTesting1\n|t:|1682900189\n|gametype|doubles\n|player|p1|AzMatic1|102|1322\n|player|p2|RitmanTesting1|byron|1444\n|teamsize|p1|6\n|teamsize|p2|6\n|gen|9\n|tier|[Gen 9] VGC 2023 Regulation C\n|rated|\n|rule|Species Clause: Limit one of each Pok\u00e9mon\n|rule|Item Clause: Limit one of each item\n|clearpoke\n|poke|p1|Tyranitar, L50, F|\n|poke|p1|Murkrow, L50, F|\n|poke|p1|Great Tusk, L50|\n|poke|p1|Flutter Mane, L50|\n|poke|p1|Chi-Yu, L50|\n|poke|p1|Brute Bonnet, L50|\n|poke|p2|Arcanine, L50, M|\n|poke|p2|Flutter Mane, L50|\n|poke|p2|Rotom-Wash, L50|\n|poke|p2|Wo-Chien, L50|\n|poke|p2|Glimmora, L50, F|\n|poke|p2|Baxcalibur, L50, M|\n|teampreview|4\nRitmanTesting1 has agreed to open team sheets.\n|inactive|Battle timer is ON: inactive players will automatically lose when time's up. (requested by RitmanTesting1)\n|inactive|AzMatic1 has 60 seconds left.\n|inactive|RitmanTesting1 has 60 seconds left.\n|inactive|AzMatic1 has 30 seconds left.\n|inactive|AzMatic1 has 20 seconds left.\n|inactive|AzMatic1 has 15 seconds left.\n|\n|t:|1682900276\n|start\n|switch|p1a: Murkrow|Murkrow, L50, F|100\/100\n|switch|p1b: Great Tusk|Great Tusk, L50|100\/100\n|switch|p2a: Glimmora|Glimmora, L50, F|100\/100\n|switch|p2b: Wo-Chien|Wo-Chien, L50|100\/100\n|-ability|p2b: Wo-Chien|Tablets of Ruin\n|turn|1\n|inactive|AzMatic1 has 30 seconds left.\n|inactive|AzMatic1 has 20 seconds left.\n|inactive|AzMatic1 has 15 seconds left.\n|inactive|AzMatic1 has 10 seconds left.\n|\n|t:|1682900326\n|-terastallize|p2a: Glimmora|Grass\n|move|p1a: Murkrow|Sunny Day|p1a: Murkrow\n|-weather|SunnyDay\n|-activate|p1b: Great Tusk|ability: Protosynthesis\n|-start|p1b: Great Tusk|protosynthesisatk\n|move|p1b: Great Tusk|Close Combat|p2b: Wo-Chien\n|-supereffective|p2b: Wo-Chien\n|-damage|p2b: Wo-Chien|3\/100\n|-unboost|p1b: Great Tusk|def|1\n|-unboost|p1b: Great Tusk|spd|1\n|move|p2a: Glimmora|Power Gem|p1a: Murkrow\n|-supereffective|p1a: Murkrow\n|-damage|p1a: Murkrow|0 fnt\n|faint|p1a: Murkrow\n|move|p2b: Wo-Chien|Leech Seed|p1b: Great Tusk\n|-start|p1b: Great Tusk|move: Leech Seed\n|\n|-weather|SunnyDay|[upkeep]\n|-heal|p2b: Wo-Chien|9\/100|[from] item: Leftovers\n|-damage|p1b: Great Tusk|88\/100|[from] Leech Seed|[of] p2b: Wo-Chien\n|-heal|p2b: Wo-Chien|21\/100|[silent]\n|upkeep\n|\n|t:|1682900343\n|switch|p1a: Flutter Mane|Flutter Mane, L50|100\/100\n|-activate|p1a: Flutter Mane|ability: Protosynthesis\n|-start|p1a: Flutter Mane|protosynthesisspe\n|turn|2\n|\n|t:|1682900361\n|-end|p1b: Great Tusk|Protosynthesis|[silent]\n|switch|p1b: Tyranitar|Tyranitar, L50, F|100\/100\n|-weather|Sandstorm|[from] ability: Sand Stream|[of] p1b: Tyranitar\n|-end|p1a: Flutter Mane|Protosynthesis\n|move|p2b: Wo-Chien|Protect|p2b: Wo-Chien\n|-singleturn|p2b: Wo-Chien|Protect\n|move|p1a: Flutter Mane|Dazzling Gleam|p2a: Glimmora|[spread] p2a\n|-activate|p2b: Wo-Chien|move: Protect\n|-damage|p2a: Glimmora|71\/100\n|-damage|p1a: Flutter Mane|91\/100|[from] item: Life Orb\n|move|p2a: Glimmora|Mortal Spin|p1b: Tyranitar|[spread] p1a,p1b\n|-resisted|p1b: Tyranitar\n|-damage|p1a: Flutter Mane|84\/100\n|-damage|p1b: Tyranitar|99\/100\n|-status|p1a: Flutter Mane|psn\n|-status|p1b: Tyranitar|psn\n|\n|-weather|Sandstorm|[upkeep]\n|-damage|p1a: Flutter Mane|78\/100 psn|[from] Sandstorm\n|-damage|p2a: Glimmora|66\/100|[from] Sandstorm\n|-damage|p2b: Wo-Chien|15\/100|[from] Sandstorm\n|-heal|p2b: Wo-Chien|21\/100|[from] item: Leftovers\n|-damage|p1a: Flutter Mane|65\/100 psn|[from] psn\n|-damage|p1b: Tyranitar|87\/100 psn|[from] psn\n|upkeep\n|turn|3\n|\n|t:|1682900385\n|switch|p2b: Arcanine|Arcanine, L50, M|100\/100\n|-ability|p2b: Arcanine|Intimidate|boost\n|-unboost|p1a: Flutter Mane|atk|1\n|-unboost|p1b: Tyranitar|atk|1\n|-terastallize|p1b: Tyranitar|Flying\n|move|p1a: Flutter Mane|Dazzling Gleam|p2a: Glimmora|[spread] p2a,p2b\n|-resisted|p2b: Arcanine\n|-damage|p2a: Glimmora|38\/100\n|-damage|p2b: Arcanine|79\/100\n|-damage|p1a: Flutter Mane|55\/100 psn|[from] item: Life Orb\n|move|p2a: Glimmora|Earth Power|p1b: Tyranitar\n|-immune|p1b: Tyranitar\n|move|p1b: Tyranitar|Tera Blast|p2b: Arcanine\n|-damage|p2b: Arcanine|41\/100\n|\n|-weather|Sandstorm|[upkeep]\n|-damage|p1a: Flutter Mane|49\/100 psn|[from] Sandstorm\n|-damage|p2a: Glimmora|32\/100|[from] Sandstorm\n|-damage|p1b: Tyranitar|81\/100 psn|[from] Sandstorm\n|-damage|p1a: Flutter Mane|37\/100 psn|[from] psn\n|-damage|p1b: Tyranitar|69\/100 psn|[from] psn\n|upkeep\n|turn|4\n|inactive|AzMatic1 has 30 seconds left.\n|\n|t:|1682900412\n|move|p2b: Arcanine|Protect|p2b: Arcanine\n|-singleturn|p2b: Arcanine|Protect\n|move|p1a: Flutter Mane|Shadow Ball|p2a: Glimmora\n|-crit|p2a: Glimmora\n|-damage|p2a: Glimmora|0 fnt\n|faint|p2a: Glimmora\n|-damage|p1a: Flutter Mane|27\/100 psn|[from] item: Life Orb\n|move|p1b: Tyranitar|Rock Slide|p2b: Arcanine\n|-activate|p2b: Arcanine|move: Protect\n|\n|-weather|Sandstorm|[upkeep]\n|-damage|p1a: Flutter Mane|21\/100 psn|[from] Sandstorm\n|-damage|p1b: Tyranitar|63\/100 psn|[from] Sandstorm\n|-damage|p1a: Flutter Mane|9\/100 psn|[from] psn\n|-damage|p1b: Tyranitar|51\/100 psn|[from] psn\n|upkeep\n|\n|t:|1682900422\n|switch|p2a: Baxcalibur|Baxcalibur, L50, M|100\/100\n|turn|5\n|\n|t:|1682900439\n|switch|p2b: Wo-Chien|Wo-Chien, L50|21\/100\n|-ability|p2b: Wo-Chien|Tablets of Ruin\n|move|p2a: Baxcalibur|Ice Shard|p1a: Flutter Mane\n|-damage|p1a: Flutter Mane|0 fnt\n|faint|p1a: Flutter Mane\n|-end|p1a: Flutter Mane|Protosynthesis|[silent]\n|move|p1b: Tyranitar|Rock Slide|p2a: Baxcalibur|[spread] p2a,p2b\n|-supereffective|p2a: Baxcalibur\n|-crit|p2b: Wo-Chien\n|-damage|p2a: Baxcalibur|74\/100\n|-damage|p2b: Wo-Chien|0 fnt\n|faint|p2b: Wo-Chien\n|\n|-weather|Sandstorm|[upkeep]\n|-damage|p2a: Baxcalibur|69\/100|[from] Sandstorm\n|-damage|p1b: Tyranitar|45\/100 psn|[from] Sandstorm\n|-damage|p1b: Tyranitar|33\/100 psn|[from] psn\n|upkeep\n|\n|t:|1682900454\n|switch|p1a: Great Tusk|Great Tusk, L50|88\/100\n|switch|p2b: Arcanine|Arcanine, L50, M|41\/100\n|-ability|p2b: Arcanine|Intimidate|boost\n|-unboost|p1a: Great Tusk|atk|1\n|-unboost|p1b: Tyranitar|atk|1\n|turn|6\n|\n|t:|1682900479\n|move|p2b: Arcanine|Howl|p2b: Arcanine|[spread] p2a,p2b\n|-boost|p2a: Baxcalibur|atk|1\n|-boost|p2b: Arcanine|atk|1\n|move|p1a: Great Tusk|Earthquake|p2b: Arcanine|[spread] p2a,p2b\n|-immune|p1b: Tyranitar\n|-supereffective|p2b: Arcanine\n|-damage|p2a: Baxcalibur|48\/100\n|-damage|p2b: Arcanine|0 fnt\n|faint|p2b: Arcanine\n|move|p2a: Baxcalibur|Icicle Spear|p1a: Great Tusk\n|-supereffective|p1a: Great Tusk\n|-damage|p1a: Great Tusk|59\/100\n|-supereffective|p1a: Great Tusk\n|-damage|p1a: Great Tusk|28\/100\n|-supereffective|p1a: Great Tusk\n|-damage|p1a: Great Tusk|0 fnt\n|faint|p1a: Great Tusk\n|-end|p1a: Great Tusk|Protosynthesis|[silent]\n|-hitcount|p1: Great Tusk|3\n|move|p1b: Tyranitar|Rock Slide|p2a: Baxcalibur|[miss]\n|-miss|p1b: Tyranitar|p2a: Baxcalibur\n|\n|-weather|none\n|-damage|p1b: Tyranitar|21\/100 psn|[from] psn\n|upkeep\n|turn|7\n|\n|t:|1682900500\n|move|p2a: Baxcalibur|Ice Shard|p1b: Tyranitar\n|-supereffective|p1b: Tyranitar\n|-damage|p1b: Tyranitar|0 fnt\n|faint|p1b: Tyranitar\n|\n|win|RitmanTesting1\n|raw|AzMatic1's rating: 1322 → 1309<\/strong> (-13 for losing)\n|raw|RitmanTesting1's rating: 1444 → 1457<\/strong> (+13 for winning)\n|l|\u2606AzMatic1\n","uploadtime":1682900507,"views":2,"p1id":"azmatic1","p2id":"ritmantesting1","formatid":"gen9vgc2023regulationc","rating":1309,"private":0,"password":""}