{"id":"gen9vgc2023regulationc-1862102541","p1":"Mystic_Spearit","p2":"wochientcg","format":"[Gen 9] VGC 2023 Regulation C","log":"|j|\u2606Mystic_Spearit\n|j|\u2606wochientcg\n|t:|1683837214\n|gametype|doubles\n|player|p1|Mystic_Spearit|hilbert|1425\n|player|p2|wochientcg|musician|1492\n|teamsize|p1|6\n|teamsize|p2|6\n|gen|9\n|tier|[Gen 9] VGC 2023 Regulation C\n|rated|\n|rule|Species Clause: Limit one of each Pok\u00e9mon\n|rule|Item Clause: Limit one of each item\n|clearpoke\n|poke|p1|Ceruledge, L50, M|\n|poke|p1|Garchomp, L50, M|\n|poke|p1|Salazzle, L50, F|\n|poke|p1|Flutter Mane, L50|\n|poke|p1|Talonflame, L50, M|\n|poke|p1|Gyarados, L50, M|\n|poke|p2|Amoonguss, L50, F|\n|poke|p2|Arcanine, L50, M|\n|poke|p2|Iron Bundle, L50|\n|poke|p2|Kingambit, L50, M|\n|poke|p2|Baxcalibur, L50, F|\n|poke|p2|Flutter Mane, L50|\n|teampreview|4\n|inactive|Battle timer is ON: inactive players will automatically lose when time's up. (requested by Mystic_Spearit)\n|inactive|wochientcg has 60 seconds left.\n|\n|t:|1683837279\n|start\n|switch|p1a: Salazzle|Salazzle, L50, F|100\/100\n|switch|p1b: Flutter Mane|Flutter Mane, L50|100\/100\n|switch|p2a: Iron Bundle|Iron Bundle, L50, shiny|100\/100\n|switch|p2b: Flutter Mane|Flutter Mane, L50|100\/100\n|-enditem|p2a: Iron Bundle|Booster Energy\n|-activate|p2a: Iron Bundle|ability: Quark Drive|[fromitem]\n|-start|p2a: Iron Bundle|quarkdrivespe\n|turn|1\n|inactive|wochientcg has 30 seconds left.\n|\n|t:|1683837312\n|move|p2a: Iron Bundle|Protect|p2a: Iron Bundle\n|-singleturn|p2a: Iron Bundle|Protect\n|move|p1a: Salazzle|Fake Out|p2a: Iron Bundle\n|-activate|p2a: Iron Bundle|move: Protect\n|move|p2b: Flutter Mane|Shadow Ball|p1b: Flutter Mane\n|-supereffective|p1b: Flutter Mane\n|-damage|p1b: Flutter Mane|0 fnt\n|faint|p1b: Flutter Mane\n|-end|p1b: Flutter Mane|Protosynthesis|[silent]\n|\n|upkeep\n|\n|t:|1683837323\n|switch|p1b: Ceruledge|Ceruledge, L50, M|100\/100\n|turn|2\n|inactive|wochientcg has 30 seconds left.\n|\n|t:|1683837351\n|move|p2a: Iron Bundle|Icy Wind|p1a: Salazzle|[spread] p1a,p1b\n|-resisted|p1a: Salazzle\n|-resisted|p1b: Ceruledge\n|-damage|p1a: Salazzle|81\/100\n|-damage|p1b: Ceruledge|93\/100\n|-unboost|p1a: Salazzle|spe|1\n|-unboost|p1b: Ceruledge|spe|1\n|move|p2b: Flutter Mane|Shadow Ball|p1a: Salazzle\n|-damage|p1a: Salazzle|0 fnt\n|faint|p1a: Salazzle\n|move|p1b: Ceruledge|Bitter Blade|p2b: Flutter Mane\n|-damage|p2b: Flutter Mane|6\/100\n|-heal|p1b: Ceruledge|100\/100|[from] drain|[of] p2b: Flutter Mane\n|\n|upkeep\n|\n|t:|1683837363\n|switch|p1a: Garchomp|Garchomp, L50, M|100\/100\n|turn|3\n|\n|t:|1683837371\n|-terastallize|p1a: Garchomp|Steel\n|move|p1b: Ceruledge|Shadow Sneak|p2b: Flutter Mane\n|-supereffective|p2b: Flutter Mane\n|-damage|p2b: Flutter Mane|0 fnt\n|faint|p2b: Flutter Mane\n|-end|p2b: Flutter Mane|Protosynthesis|[silent]\n|move|p2a: Iron Bundle|Icy Wind|p1b: Ceruledge|[spread] p1a,p1b\n|-resisted|p1a: Garchomp\n|-resisted|p1b: Ceruledge\n|-damage|p1a: Garchomp|89\/100\n|-damage|p1b: Ceruledge|94\/100\n|-unboost|p1b: Ceruledge|spe|1\n|move|p1a: Garchomp|Dragon Claw|p2a: Iron Bundle\n|-damage|p2a: Iron Bundle|48\/100\n|\n|upkeep\n|inactive|wochientcg has 30 seconds left.\n|inactive|wochientcg has 20 seconds left.\n|inactive|wochientcg has 15 seconds left.\n|inactive|wochientcg has 10 seconds left.\n|\n|t:|1683837419\n|switch|p2b: Baxcalibur|Baxcalibur, L50, F|100\/100\n|turn|4\n|\n|t:|1683837438\n|move|p2a: Iron Bundle|Protect|p2a: Iron Bundle\n|-singleturn|p2a: Iron Bundle|Protect\n|move|p1a: Garchomp|Dragon Claw|p2b: Baxcalibur\n|-supereffective|p2b: Baxcalibur\n|-damage|p2b: Baxcalibur|24\/100\n|move|p2b: Baxcalibur|Glaive Rush|p1b: Ceruledge\n|-damage|p1b: Ceruledge|32\/100\n|-singlemove|p2b: Baxcalibur|Glaive Rush|[silent]\n|move|p1b: Ceruledge|Bitter Blade|p2a: Iron Bundle\n|-activate|p2a: Iron Bundle|move: Protect\n|\n|upkeep\n|turn|5\n|inactive|wochientcg has 30 seconds left.\n|\n|t:|1683837470\n|move|p2b: Baxcalibur|Protect|p2b: Baxcalibur\n|-singleturn|p2b: Baxcalibur|Protect\n|move|p1b: Ceruledge|Shadow Sneak|p2b: Baxcalibur\n|-activate|p2b: Baxcalibur|move: Protect\n|move|p2a: Iron Bundle|Hydro Pump|p1b: Ceruledge\n|-supereffective|p1b: Ceruledge\n|-damage|p1b: Ceruledge|0 fnt\n|faint|p1b: Ceruledge\n|move|p1a: Garchomp|Dragon Claw|p2a: Iron Bundle\n|-damage|p2a: Iron Bundle|0 fnt\n|faint|p2a: Iron Bundle\n|-end|p2a: Iron Bundle|Quark Drive|[silent]\n|\n|upkeep\n|\n|t:|1683837477\n|switch|p2a: Kingambit|Kingambit, L50, M|100\/100\n|turn|6\n|\n|t:|1683837494\n|-terastallize|p2a: Kingambit|Flying\n|move|p2b: Baxcalibur|Ice Shard|p1a: Garchomp\n|-resisted|p1a: Garchomp\n|-damage|p1a: Garchomp|77\/100\n|move|p1a: Garchomp|Earthquake|p2a: Kingambit|[spread] p2b\n|-immune|p2a: Kingambit\n|-damage|p2b: Baxcalibur|0 fnt\n|faint|p2b: Baxcalibur\n|move|p2a: Kingambit|Brick Break|p1a: Garchomp\n|-supereffective|p1a: Garchomp\n|-damage|p1a: Garchomp|15\/100\n|-damage|p2a: Kingambit|88\/100|[from] ability: Rough Skin|[of] p1a: Garchomp\n|\n|upkeep\n|turn|7\n|\n|t:|1683837509\n|move|p2a: Kingambit|Sucker Punch|p1a: Garchomp\n|-damage|p1a: Garchomp|0 fnt\n|-damage|p2a: Kingambit|76\/100|[from] ability: Rough Skin|[of] p1a: Garchomp\n|faint|p1a: Garchomp\n|\n|win|wochientcg\n|raw|Mystic_Spearit's rating: 1425 → 1409<\/strong> (-16 for losing)\n|raw|wochientcg's rating: 1492 → 1508<\/strong> (+16 for winning)\n","uploadtime":1683837524,"views":11,"p1id":"mysticspearit","p2id":"wochientcg","formatid":"gen9vgc2023regulationc","rating":1409,"private":0,"password":""}