{"id":"gen9vgc2023regulationc-1856972566","p1":"Windows11Goated","p2":"WhatWasIC00KING","format":"[Gen 9] VGC 2023 Regulation C","log":"|j|\u2606Windows11Goated\n|j|\u2606WhatWasIC00KING\n|t:|1683132142\n|gametype|doubles\n|player|p1|Windows11Goated|169|\n|player|p2|WhatWasIC00KING|gambler|\n|teamsize|p1|6\n|teamsize|p2|6\n|gen|9\n|tier|[Gen 9] VGC 2023 Regulation C\n|rule|Species Clause: Limit one of each Pok\u00e9mon\n|rule|Item Clause: Limit one of each item\n|clearpoke\n|poke|p1|Iron Bundle, L50|\n|poke|p1|Abomasnow, L50, M|\n|poke|p1|Maushold-Four, L50|\n|poke|p1|Annihilape, L50, M|\n|poke|p1|Ting-Lu, L50|\n|poke|p1|Chi-Yu, L50|\n|poke|p2|Ting-Lu, L50|\n|poke|p2|Annihilape, L50, M|\n|poke|p2|Palafin, L50, M|\n|poke|p2|Flutter Mane, L50|\n|poke|p2|Arcanine, L50, M|\n|poke|p2|Amoonguss, L50, F|\n|teampreview|4\n|inactive|Battle timer is ON: inactive players will automatically lose when time's up. (requested by Windows11Goated)\nWhatWasIC00KING has agreed to open team sheets.\nWindows11Goated has agreed to open team sheets.\n|inactive|Windows11Goated has 60 seconds left.\n|\n|t:|1683132172\n|start\n|switch|p1a: Maushold|Maushold-Four, L50|100\/100\n|switch|p1b: Annihilape|Annihilape, L50, M|100\/100\n|switch|p2a: Poseidon|Palafin, L50, M, shiny|100\/100\n|switch|p2b: Eris|Flutter Mane, L50|100\/100\n|turn|1\n|\n|t:|1683132195\n|-terastallize|p2b: Eris|Fairy\n|move|p1a: Maushold|Follow Me|p1a: Maushold\n|-singleturn|p1a: Maushold|move: Follow Me\n|move|p2a: Poseidon|Jet Punch|p1a: Maushold\n|-damage|p1a: Maushold|65\/100\n|move|p2b: Eris|Moonblast|p1a: Maushold\n|-damage|p1a: Maushold|0 fnt\n|faint|p1a: Maushold\n|move|p1b: Annihilape|Bulk Up|p1b: Annihilape\n|-boost|p1b: Annihilape|atk|1\n|-boost|p1b: Annihilape|def|1\n|\n|upkeep\n|\n|t:|1683132214\n|switch|p1a: Iron Bundle|Iron Bundle, L50|100\/100\n|-enditem|p1a: Iron Bundle|Booster Energy\n|-activate|p1a: Iron Bundle|ability: Quark Drive|[fromitem]\n|-start|p1a: Iron Bundle|quarkdrivespe\n|turn|2\n|\n|t:|1683132223\n|-terastallize|p1b: Annihilape|Fire\n|move|p1a: Iron Bundle|Protect|p1a: Iron Bundle\n|-singleturn|p1a: Iron Bundle|Protect\n|move|p2a: Poseidon|Protect|p2a: Poseidon\n|-singleturn|p2a: Poseidon|Protect\n|move|p2b: Eris|Moonblast|p1a: Iron Bundle\n|-activate|p1a: Iron Bundle|move: Protect\n|move|p1b: Annihilape|Rage Fist|p2b: Eris\n|-damage|p2b: Eris|56\/100\n|\n|upkeep\n|turn|3\n|\n|t:|1683132246\n|move|p1a: Iron Bundle|Hydro Pump|p2b: Eris\n|-damage|p2b: Eris|0 fnt\n|faint|p2b: Eris\n|-end|p2b: Eris|Protosynthesis|[silent]\n|move|p2a: Poseidon|Haze|p2a: Poseidon\n|-clearallboost\n|move|p1b: Annihilape|Drain Punch|p2a: Poseidon\n|-damage|p2a: Poseidon|64\/100\n|\n|upkeep\n|\n|t:|1683132256\n|switch|p2b: Ares|Annihilape, L50, M, shiny|100\/100\n|turn|4\n|\n|t:|1683132273\n|detailschange|p2a: Poseidon|Palafin-Hero, L50, M, shiny\n|switch|p2a: Aeolus|Arcanine, L50, M, shiny|100\/100\n|-ability|p2a: Aeolus|Intimidate|boost\n|-unboost|p1a: Iron Bundle|atk|1\n|-unboost|p1b: Annihilape|atk|1\n|-ability|p1b: Annihilape|Defiant|boost\n|-boost|p1b: Annihilape|atk|2\n|move|p1a: Iron Bundle|Hydro Pump|p2a: Aeolus\n|-supereffective|p2a: Aeolus\n|-damage|p2a: Aeolus|0 fnt\n|faint|p2a: Aeolus\n|move|p2b: Ares|Drain Punch|p1a: Iron Bundle\n|-supereffective|p1a: Iron Bundle\n|-damage|p1a: Iron Bundle|23\/100\n|move|p1b: Annihilape|Bulk Up|p1b: Annihilape\n|-boost|p1b: Annihilape|atk|1\n|-boost|p1b: Annihilape|def|1\n|\n|upkeep\n|\n|t:|1683132288\n|switch|p2a: Poseidon|Palafin-Hero, L50, M, shiny|64\/100\n|-activate|p2a: Poseidon|ability: Zero to Hero\n|turn|5\n|\n|t:|1683132307\n|move|p2a: Poseidon|Protect|p2a: Poseidon\n|-singleturn|p2a: Poseidon|Protect\n|move|p1a: Iron Bundle|Freeze-Dry|p2a: Poseidon\n|-activate|p2a: Poseidon|move: Protect\n|move|p2b: Ares|Drain Punch|p1a: Iron Bundle\n|-supereffective|p1a: Iron Bundle\n|-crit|p1a: Iron Bundle\n|-damage|p1a: Iron Bundle|0 fnt\n|faint|p1a: Iron Bundle\n|-end|p1a: Iron Bundle|Quark Drive|[silent]\n|move|p1b: Annihilape|Rage Fist|p2b: Ares\n|-supereffective|p2b: Ares\n|-damage|p2b: Ares|9\/100\n|\n|-heal|p2b: Ares|15\/100|[from] item: Leftovers\n|upkeep\n|\n|t:|1683132314\n|switch|p1a: Ting-Lu|Ting-Lu, L50|100\/100\n|-ability|p1a: Ting-Lu|Vessel of Ruin\n|turn|6\n|\n|t:|1683132331\n|move|p2a: Poseidon|Wave Crash|p1b: Annihilape\n|-supereffective|p1b: Annihilape\n|-damage|p1b: Annihilape|0 fnt\n|faint|p1b: Annihilape\n|-damage|p2a: Poseidon|29\/100|[from] Recoil\n|move|p2b: Ares|Rage Fist|p1a: Ting-Lu\n|-resisted|p1a: Ting-Lu\n|-damage|p1a: Ting-Lu|88\/100\n|move|p1a: Ting-Lu|Stomping Tantrum|p2b: Ares\n|-damage|p2b: Ares|0 fnt\n|faint|p2b: Ares\n|\n|upkeep\n|turn|7\n|\n|t:|1683132344\n|move|p2a: Poseidon|Wave Crash|p1a: Ting-Lu\n|-supereffective|p1a: Ting-Lu\n|-damage|p1a: Ting-Lu|0 fnt\n|faint|p1a: Ting-Lu\n|-damage|p2a: Poseidon|0 fnt|[from] Recoil\n|faint|p2a: Poseidon\n|\n|win|WhatWasIC00KING\n|l|\u2606Windows11Goated\n","uploadtime":1683132369,"views":27,"p1id":"windows11goated","p2id":"whatwasic00king","formatid":"gen9vgc2023regulationc","rating":0,"private":0,"password":""}