{"id":"gen9vgc2023regulationc-1862406430","p1":"pieno vivace","p2":"LILNPALM1627","format":"[Gen 9] VGC 2023 Regulation C","log":"|j|\u2606pieno vivace\n|j|\u2606LILNPALM1627\n|t:|1683880851\n|gametype|doubles\n|player|p1|pieno vivace|170|1174\n|player|p2|LILNPALM1627|cynthia|1188\n|teamsize|p1|6\n|teamsize|p2|6\n|gen|9\n|tier|[Gen 9] VGC 2023 Regulation C\n|rated|\n|rule|Species Clause: Limit one of each Pok\u00e9mon\n|rule|Item Clause: Limit one of each item\n|clearpoke\n|poke|p1|Orthworm, L50, M|\n|poke|p1|Dragonite, L50, F|\n|poke|p1|Ting-Lu, L50|\n|poke|p1|Gyarados, L50, M|\n|poke|p1|Flutter Mane, L50|\n|poke|p1|Chien-Pao, L50|\n|poke|p2|Torkoal, L50, F|\n|poke|p2|Lilligant, L50, F|\n|poke|p2|Great Tusk, L50|\n|poke|p2|Flutter Mane, L50|\n|poke|p2|Dragonite, L50, F|\n|poke|p2|Kingambit, L50, F|\n|teampreview|4\n|inactive|Battle timer is ON: inactive players will automatically lose when time's up. (requested by LILNPALM1627)\n|inactive|pieno vivace has 60 seconds left.\n|\n|t:|1683880902\n|start\n|switch|p1a: Orthworm|Orthworm, L50, M|100\/100\n|switch|p1b: Gyarados|Gyarados, L50, M|100\/100\n|switch|p2a: Lilligant|Lilligant, L50, F, shiny|100\/100\n|switch|p2b: Torkoal|Torkoal, L50, F, shiny|100\/100\n|-ability|p1b: Gyarados|Intimidate|boost\n|-unboost|p2a: Lilligant|atk|1\n|-unboost|p2b: Torkoal|atk|1\n|-weather|SunnyDay|[from] ability: Drought|[of] p2b: Torkoal\n|turn|1\n|\n|t:|1683880919\n|-terastallize|p1a: Orthworm|Fire\n|move|p2a: Lilligant|After You|p2b: Torkoal\n|-activate|p2b: Torkoal|move: After You\n|move|p2b: Torkoal|Eruption|p1a: Orthworm|[spread] p1a,p1b\n|-resisted|p1a: Orthworm\n|-resisted|p1b: Gyarados\n|-damage|p1a: Orthworm|50\/100\n|-damage|p1b: Gyarados|66\/100\n|-enditem|p1a: Orthworm|Sitrus Berry|[eat]\n|-heal|p1a: Orthworm|75\/100|[from] item: Sitrus Berry\n|move|p1b: Gyarados|Thunder Wave|p2a: Lilligant\n|-status|p2a: Lilligant|par\n|move|p1a: Orthworm|Shed Tail|p1a: Orthworm\n|-start|p1a: Orthworm|Substitute|[from] move: Shed Tail\n|-damage|p1a: Orthworm|25\/100\n|\n|t:|1683880926\n|switch|p1a: Dragonite|Dragonite, L50, F|100\/100|[from] Shed Tail\n|\n|-weather|SunnyDay|[upkeep]\n|upkeep\n|turn|2\n|\n|t:|1683880944\n|switch|p2b: Dragonite|Dragonite, L50, F, shiny|100\/100\n|move|p2a: Lilligant|Leaf Storm|p1b: Gyarados\n|-damage|p1b: Gyarados|20\/100\n|-unboost|p2a: Lilligant|spa|2\n|move|p1a: Dragonite|Dragon Dance|p1a: Dragonite\n|-boost|p1a: Dragonite|atk|1\n|-boost|p1a: Dragonite|spe|1\n|move|p1b: Gyarados|Waterfall|p2b: Dragonite\n|-resisted|p2b: Dragonite\n|-damage|p2b: Dragonite|96\/100\n|\n|-weather|SunnyDay|[upkeep]\n|upkeep\n|turn|3\n|inactive|LILNPALM1627 has 30 seconds left.\n|\n|t:|1683880976\n|move|p1a: Dragonite|Extreme Speed|p2b: Dragonite\n|-damage|p2b: Dragonite|54\/100\n|move|p2b: Dragonite|Extreme Speed|p1b: Gyarados\n|-damage|p1b: Gyarados|0 fnt\n|faint|p1b: Gyarados\n|move|p2a: Lilligant|Leaf Storm|p1a: Dragonite\n|-resisted|p1a: Dragonite\n|-activate|p1a: Dragonite|move: Substitute|[damage]\n|-unboost|p2a: Lilligant|spa|2\n|\n|-weather|SunnyDay|[upkeep]\n|upkeep\n|\n|t:|1683880984\n|switch|p1b: Flutter Mane|Flutter Mane, L50|100\/100\n|-activate|p1b: Flutter Mane|ability: Protosynthesis\n|-start|p1b: Flutter Mane|protosynthesisspe\n|turn|4\n|inactive|LILNPALM1627 has 30 seconds left.\n|\n|t:|1683881012\n|switch|p2b: Great Tusk|Great Tusk, L50, shiny|100\/100\n|-activate|p2b: Great Tusk|ability: Protosynthesis\n|-start|p2b: Great Tusk|protosynthesisatk\n|move|p1b: Flutter Mane|Dazzling Gleam|p2a: Lilligant|[spread] p2a,p2b\n|-supereffective|p2b: Great Tusk\n|-damage|p2a: Lilligant|39\/100 par\n|-damage|p2b: Great Tusk|0 fnt\n|faint|p2b: Great Tusk\n|-end|p2b: Great Tusk|Protosynthesis|[silent]\n|move|p1a: Dragonite|Dragon Dance|p1a: Dragonite\n|-boost|p1a: Dragonite|atk|1\n|-boost|p1a: Dragonite|spe|1\n|move|p2a: Lilligant|Sleep Powder|p1b: Flutter Mane|[miss]\n|-miss|p2a: Lilligant|p1b: Flutter Mane\n|\n|-weather|SunnyDay|[upkeep]\n|upkeep\n|\n|t:|1683881026\n|switch|p2b: Dragonite|Dragonite, L50, F, shiny|54\/100\n|turn|5\n|\n|t:|1683881042\n|switch|p2a: Torkoal|Torkoal, L50, F, shiny|100\/100\n|-terastallize|p2b: Dragonite|Flying\n|move|p1a: Dragonite|Extreme Speed|p2b: Dragonite\n|-damage|p2b: Dragonite|0 fnt\n|faint|p2b: Dragonite\n|move|p1b: Flutter Mane|Dazzling Gleam|p2a: Torkoal\n|-resisted|p2a: Torkoal\n|-damage|p2a: Torkoal|63\/100\n|\n|-weather|none\n|-end|p1b: Flutter Mane|Protosynthesis\n|upkeep\n|\n|t:|1683881053\n|switch|p2b: Lilligant|Lilligant, L50, F, shiny|39\/100 par\n|turn|6\n|\n|t:|1683881060\n|-end|p1b: Flutter Mane|Protosynthesis|[silent]\n|switch|p1b: Orthworm|Orthworm, L50, M, tera:Fire|25\/100\n|move|p2b: Lilligant|Protect|p2b: Lilligant\n|-singleturn|p2b: Lilligant|Protect\n|move|p1a: Dragonite|Earthquake|p2a: Torkoal|[spread] p2a\n|-activate|p2b: Lilligant|move: Protect\n|-heal|p1b: Orthworm|50\/100|[from] ability: Earth Eater|[of] p1a: Dragonite\n|-supereffective|p2a: Torkoal\n|-damage|p2a: Torkoal|0 fnt\n|faint|p2a: Torkoal\n|\n|upkeep\n|turn|7\n|-message|LILNPALM1627 forfeited.\n|\n|win|pieno vivace\n|raw|pieno vivace's rating: 1174 → 1200<\/strong> (+26 for winning)\n|raw|LILNPALM1627's rating: 1188 → 1162<\/strong> (-26 for losing)\n|l|\u2606LILNPALM1627\n","uploadtime":1683881076,"views":10,"p1id":"pienovivace","p2id":"lilnpalm1627","formatid":"gen9vgc2023regulationc","rating":1162,"private":0,"password":""}