{"id":"gen9vgc2023regulationc-1848242175","p1":"Sumo'sWeenusVGC","p2":"jackthree","format":"[Gen 9] VGC 2023 Regulation C","log":"|j|\u2606Sumo'sWeenusVGC\n|j|\u2606jackthree\n|t:|1682046986\n|gametype|doubles\n|player|p1|Sumo'sWeenusVGC|colress|1227\n|player|p2|jackthree|depotagent|1176\n|teamsize|p1|6\n|teamsize|p2|6\n|gen|9\n|tier|[Gen 9] VGC 2023 Regulation C\n|rated|\n|rule|Species Clause: Limit one of each Pok\u00e9mon\n|rule|Item Clause: Limit one of each item\n|clearpoke\n|poke|p1|Annihilape, L50, M|\n|poke|p1|Chien-Pao, L50|\n|poke|p1|Flutter Mane, L50|\n|poke|p1|Arcanine, L50, M|\n|poke|p1|Palafin, L50, F|\n|poke|p1|Amoonguss, L50, F|\n|poke|p2|Palafin, L50, F|\n|poke|p2|Chien-Pao, L50|\n|poke|p2|Dragapult, L50, F|\n|poke|p2|Amoonguss, L50, M|\n|poke|p2|Arcanine, L50, F|\n|poke|p2|Flutter Mane, L50|\n|teampreview|4\n|inactive|Battle timer is ON: inactive players will automatically lose when time's up. (requested by Sumo'sWeenusVGC)\nSumo'sWeenusVGC has agreed to open team sheets.\n|inactive|Sumo'sWeenusVGC has 60 seconds left.\n|inactive|jackthree has 60 seconds left.\n|inactive|Sumo'sWeenusVGC has 30 seconds left.\n|\n|t:|1682047047\n|start\n|switch|p1a: Psi Mu Signma|Annihilape, L50, M, shiny|100\/100\n|switch|p1b: Doll-Pugno|Palafin, L50, F, shiny|100\/100\n|switch|p2a: Chien-Pao|Chien-Pao, L50|100\/100\n|switch|p2b: Dragapult|Dragapult, L50, F|100\/100\n|-ability|p2a: Chien-Pao|Sword of Ruin\n|turn|1\n|inactive|jackthree has 30 seconds left.\n|\n|t:|1682047073\n|detailschange|p1b: Doll-Pugno|Palafin-Hero, L50, F, shiny\n|switch|p1b: Slif's Woof|Arcanine, L50, M, shiny|100\/100\n|-ability|p1b: Slif's Woof|Intimidate|boost\n|-unboost|p2a: Chien-Pao|atk|1\n|-fail|p2b: Dragapult|unboost|[from] ability: Clear Body|[of] p2b: Dragapult\n|-terastallize|p2b: Dragapult|Steel\n|-terastallize|p1a: Psi Mu Signma|Fire\n|move|p2b: Dragapult|Tera Blast|p1a: Psi Mu Signma\n|-resisted|p1a: Psi Mu Signma\n|-damage|p1a: Psi Mu Signma|64\/100\n|move|p2a: Chien-Pao|Ice Spinner|p1a: Psi Mu Signma\n|-resisted|p1a: Psi Mu Signma\n|-crit|p1a: Psi Mu Signma\n|-damage|p1a: Psi Mu Signma|25\/100\n|move|p1a: Psi Mu Signma|Bulk Up|p1a: Psi Mu Signma\n|-boost|p1a: Psi Mu Signma|atk|1\n|-boost|p1a: Psi Mu Signma|def|1\n|\n|-heal|p1a: Psi Mu Signma|31\/100|[from] item: Leftovers\n|upkeep\n|turn|2\n|inactive|Sumo'sWeenusVGC has 30 seconds left.\n|\n|t:|1682047106\n|move|p1a: Psi Mu Signma|Protect|p1a: Psi Mu Signma\n|-singleturn|p1a: Psi Mu Signma|Protect\n|move|p2b: Dragapult|Tera Blast|p1a: Psi Mu Signma\n|-activate|p1a: Psi Mu Signma|move: Protect\n|move|p2a: Chien-Pao|Sacred Sword|p1a: Psi Mu Signma\n|-activate|p1a: Psi Mu Signma|move: Protect\n|move|p1b: Slif's Woof|Howl|p1b: Slif's Woof|[spread] p1a,p1b\n|-boost|p1a: Psi Mu Signma|atk|1\n|-boost|p1b: Slif's Woof|atk|1\n|\n|-heal|p1a: Psi Mu Signma|37\/100|[from] item: Leftovers\n|upkeep\n|turn|3\n|\n|t:|1682047127\n|move|p1b: Slif's Woof|Extreme Speed|p2b: Dragapult\n|-resisted|p2b: Dragapult\n|-damage|p2b: Dragapult|76\/100\n|move|p2b: Dragapult|Tera Blast|p1a: Psi Mu Signma\n|-resisted|p1a: Psi Mu Signma\n|-damage|p1a: Psi Mu Signma|13\/100\n|move|p2a: Chien-Pao|Sacred Sword|p1a: Psi Mu Signma\n|-damage|p1a: Psi Mu Signma|0 fnt\n|faint|p1a: Psi Mu Signma\n|\n|upkeep\n|\n|t:|1682047138\n|switch|p1a: Doll-Pugno|Palafin-Hero, L50, F, shiny|100\/100\n|-activate|p1a: Doll-Pugno|ability: Zero to Hero\n|turn|4\n|\n|t:|1682047155\n|switch|p2b: Arcanine|Arcanine, L50, F|100\/100\n|-ability|p2b: Arcanine|Intimidate|boost\n|-unboost|p1a: Doll-Pugno|atk|1\n|-unboost|p1b: Slif's Woof|atk|1\n|move|p1a: Doll-Pugno|Protect|p1a: Doll-Pugno\n|-singleturn|p1a: Doll-Pugno|Protect\n|move|p2a: Chien-Pao|Sucker Punch||[still]\n|-fail|p2a: Chien-Pao\n|move|p1b: Slif's Woof|Howl|p1b: Slif's Woof|[spread] p1a,p1b\n|-boost|p1a: Doll-Pugno|atk|1\n|-boost|p1b: Slif's Woof|atk|1\n|\n|upkeep\n|turn|5\n|\n|t:|1682047173\n|move|p2b: Arcanine|Extreme Speed|p1a: Doll-Pugno\n|-damage|p1a: Doll-Pugno|75\/100\n|move|p2a: Chien-Pao|Sucker Punch|p1a: Doll-Pugno\n|-damage|p1a: Doll-Pugno|50\/100\n|move|p1b: Slif's Woof|Flare Blitz|p2a: Chien-Pao\n|-supereffective|p2a: Chien-Pao\n|-crit|p2a: Chien-Pao\n|-enditem|p2a: Chien-Pao|Focus Sash\n|-damage|p2a: Chien-Pao|1\/100\n|-damage|p1b: Slif's Woof|74\/100|[from] Recoil\n|move|p1a: Doll-Pugno|Wave Crash|p2b: Arcanine\n|-supereffective|p2b: Arcanine\n|-damage|p2b: Arcanine|0 fnt\n|faint|p2b: Arcanine\n|-damage|p1a: Doll-Pugno|19\/100|[from] Recoil\n|\n|upkeep\n|\n|t:|1682047189\n|switch|p2b: Flutter Mane|Flutter Mane, L50|100\/100\n|-enditem|p2b: Flutter Mane|Booster Energy\n|-activate|p2b: Flutter Mane|ability: Protosynthesis|[fromitem]\n|-start|p2b: Flutter Mane|protosynthesisspa\n|turn|6\n|\n|t:|1682047200\n|switch|p2a: Dragapult|Dragapult, L50, F, tera:Steel|76\/100\n|move|p1b: Slif's Woof|Extreme Speed|p2a: Dragapult\n|-resisted|p2a: Dragapult\n|-damage|p2a: Dragapult|55\/100\n|move|p1a: Doll-Pugno|Jet Punch|p2b: Flutter Mane\n|-damage|p2b: Flutter Mane|29\/100\n|move|p2b: Flutter Mane|Dazzling Gleam|p1b: Slif's Woof|[spread] p1a,p1b\n|-resisted|p1b: Slif's Woof\n|-damage|p1a: Doll-Pugno|0 fnt\n|-damage|p1b: Slif's Woof|58\/100\n|faint|p1a: Doll-Pugno\n|\n|upkeep\n|\n|t:|1682047211\n|switch|p1a: Farter Man|Flutter Mane, L50, shiny|100\/100\n|turn|7\n|\n|t:|1682047229\n|move|p2b: Flutter Mane|Protect|p2b: Flutter Mane\n|-singleturn|p2b: Flutter Mane|Protect\n|move|p2a: Dragapult|Phantom Force||[still]\n|-prepare|p2a: Dragapult|Phantom Force\n|move|p1a: Farter Man|Shadow Ball|p2b: Flutter Mane\n|-activate|p2b: Flutter Mane|move: Protect\n|move|p1b: Slif's Woof|Flare Blitz|p2a: Dragapult|[miss]\n|-miss|p1b: Slif's Woof|p2a: Dragapult\n|\n|upkeep\n|turn|8\n|\n|t:|1682047244\n|-end|p2b: Flutter Mane|Protosynthesis|[silent]\n|switch|p2b: Chien-Pao|Chien-Pao, L50|1\/100\n|-ability|p2b: Chien-Pao|Sword of Ruin\n|move|p2a: Dragapult|Phantom Force|p1a: Farter Man|[from]lockedmove\n|-supereffective|p1a: Farter Man\n|-crit|p1a: Farter Man\n|-damage|p1a: Farter Man|0 fnt\n|faint|p1a: Farter Man\n|-end|p1a: Farter Man|Protosynthesis|[silent]\n|move|p1b: Slif's Woof|Flare Blitz|p2a: Dragapult\n|-supereffective|p2a: Dragapult\n|-damage|p2a: Dragapult|0 fnt\n|faint|p2a: Dragapult\n|-damage|p1b: Slif's Woof|42\/100|[from] Recoil\n|\n|upkeep\n|\n|t:|1682047256\n|switch|p2a: Flutter Mane|Flutter Mane, L50|29\/100\n|turn|9\n|\n|t:|1682047262\n|move|p1b: Slif's Woof|Protect|p1b: Slif's Woof\n|-singleturn|p1b: Slif's Woof|Protect\n|move|p2b: Chien-Pao|Sacred Sword|p1b: Slif's Woof\n|-activate|p1b: Slif's Woof|move: Protect\n|move|p2a: Flutter Mane|Shadow Ball|p1b: Slif's Woof\n|-activate|p1b: Slif's Woof|move: Protect\n|\n|upkeep\n|turn|10\n|\n|t:|1682047272\n|move|p1b: Slif's Woof|Extreme Speed|p2b: Chien-Pao\n|-crit|p2b: Chien-Pao\n|-damage|p2b: Chien-Pao|0 fnt\n|faint|p2b: Chien-Pao\n|move|p2a: Flutter Mane|Shadow Ball|p1b: Slif's Woof\n|-damage|p1b: Slif's Woof|8\/100\n|-unboost|p1b: Slif's Woof|spd|1\n|\n|upkeep\n|turn|11\n|\n|t:|1682047281\n|move|p2a: Flutter Mane|Shadow Ball|p1b: Slif's Woof\n|-damage|p1b: Slif's Woof|0 fnt\n|faint|p1b: Slif's Woof\n|\n|win|jackthree\n|raw|Sumo'sWeenusVGC's rating: 1227 → 1198<\/strong> (-29 for losing)\n|raw|jackthree's rating: 1176 → 1205<\/strong> (+29 for winning)\n|c|\u2606Sumo'sWeenusVGC|gg\n|l|\u2606jackthree\n","uploadtime":1682047295,"views":16,"p1id":"sumosweenusvgc","p2id":"jackthree","formatid":"gen9vgc2023regulationc","rating":1198,"private":0,"password":""}