{"id":"gen9vgc2023regulationc-1854316366","p1":"Dackt","p2":"Accidental","format":"[Gen 9] VGC 2023 Regulation C","log":"|j|\u2606Dackt\n|j|\u2606Accidental\n|t:|1682796184\n|gametype|doubles\n|player|p1|Dackt|psychic|\n|player|p2|Accidental|ingo|\n|teamsize|p1|6\n|teamsize|p2|6\n|gen|9\n|tier|[Gen 9] VGC 2023 Regulation C\n|rule|Species Clause: Limit one of each Pok\u00e9mon\n|rule|Item Clause: Limit one of each item\n|clearpoke\n|poke|p1|Garchomp, L50, F|\n|poke|p1|Iron Hands, L50|\n|poke|p1|Staraptor, L50, M|\n|poke|p1|Indeedee-F, L50, F|\n|poke|p1|Armarouge, L50, F|\n|poke|p1|Azumarill, L50, M|\n|poke|p2|Palafin, L50, F|\n|poke|p2|Arcanine, L50, M|\n|poke|p2|Grimmsnarl, L50, M|\n|poke|p2|Foongus, L50, F|\n|poke|p2|Roaring Moon, L50|\n|poke|p2|Rotom-Mow, L50|\n|teampreview|4\n|inactive|Battle timer is ON: inactive players will automatically lose when time's up. (requested by Dackt)\n|c|\u2606Accidental|G2\n|inactiveoff|Battle timer is now OFF.\nDackt rejected open team sheets.\n|j| sexy_Loki\n|c|\u2606Accidental|Glhf\n|j| Wiliat9\n|j| Grookey Supremacy\n|c| Wiliat9|I just now noticed the fungus lol\n|c|\u2606Dackt|glhf\n|c|\u2606Dackt|ye the fungus is hype\n|c| sexy_Loki|Holy shit that g1 was crazy\n|l| sexy_Loki\n|j| sexy_Loki\n|\n|t:|1682797002\n|start\n|switch|p1a: Iron Hands|Iron Hands, L50|100\/100\n|switch|p1b: Indeedee|Indeedee-F, L50, F|100\/100\n|switch|p2a: Rotom|Rotom-Mow, L50|100\/100\n|switch|p2b: I AM HERE|Palafin, L50, F|100\/100\n|-fieldstart|move: Psychic Terrain|[from] ability: Psychic Surge|[of] p1b: Indeedee\n|turn|1\n|\n|t:|1682797038\n|detailschange|p2b: I AM HERE|Palafin-Hero, L50, F\n|switch|p2b: BLOODWING|Roaring Moon, L50|100\/100\n|-enditem|p2b: BLOODWING|Booster Energy\n|-activate|p2b: BLOODWING|ability: Protosynthesis|[fromitem]\n|-start|p2b: BLOODWING|protosynthesisspe\n|move|p1b: Indeedee|Follow Me|p1b: Indeedee\n|-singleturn|p1b: Indeedee|move: Follow Me\n|move|p2a: Rotom|Volt Switch|p1b: Indeedee\n|-damage|p1b: Indeedee|71\/100\n|\n|t:|1682797048\n|switch|p2a: FOGUS|Foongus, L50, F|100\/100|[from] Volt Switch\n|move|p1a: Iron Hands|Substitute|p1a: Iron Hands\n|-start|p1a: Iron Hands|Substitute\n|-damage|p1a: Iron Hands|76\/100\n|\n|upkeep\n|turn|2\n|\n|t:|1682797128\n|move|p1b: Indeedee|Protect|p1b: Indeedee\n|-singleturn|p1b: Indeedee|Protect\n|move|p2a: FOGUS|Rage Powder|p2a: FOGUS\n|-singleturn|p2a: FOGUS|move: Rage Powder\n|move|p2b: BLOODWING|Breaking Swipe|p1a: Iron Hands|[spread] p1a\n|-activate|p1b: Indeedee|move: Protect\n|-activate|p1a: Iron Hands|move: Substitute|[damage]\n|move|p1a: Iron Hands|Swords Dance|p1a: Iron Hands\n|-boost|p1a: Iron Hands|atk|2\n|\n|upkeep\n|turn|3\n|\n|t:|1682797164\n|move|p2b: BLOODWING|Throat Chop|p1b: Indeedee\n|-supereffective|p1b: Indeedee\n|-enditem|p1b: Indeedee|Colbur Berry|[eat]\n|-enditem|p1b: Indeedee|Colbur Berry|[weaken]\n|-damage|p1b: Indeedee|32\/100\n|-start|p1b: Indeedee|Throat Chop|[silent]\n|move|p1b: Indeedee|Dazzling Gleam|p2b: BLOODWING|[spread] p2a,p2b\n|-resisted|p2a: FOGUS\n|-supereffective|p2b: BLOODWING\n|-damage|p2a: FOGUS|96\/100\n|-damage|p2b: BLOODWING|49\/100\n|move|p1a: Iron Hands|Substitute|p1a: Iron Hands\n|-fail|p1a: Iron Hands|move: Substitute\n|move|p2a: FOGUS|Foul Play|p1a: Iron Hands\n|-resisted|p1a: Iron Hands\n|-end|p1a: Iron Hands|Substitute\n|\n|upkeep\n|turn|4\n|\n|t:|1682797225\n|move|p1b: Indeedee|Follow Me|p1b: Indeedee\n|-singleturn|p1b: Indeedee|move: Follow Me\n|move|p2a: FOGUS|Rage Powder|p2a: FOGUS\n|-singleturn|p2a: FOGUS|move: Rage Powder\n|move|p2b: BLOODWING|Throat Chop|p1b: Indeedee\n|-supereffective|p1b: Indeedee\n|-damage|p1b: Indeedee|0 fnt\n|faint|p1b: Indeedee\n|move|p1a: Iron Hands|Substitute|p1a: Iron Hands\n|-start|p1a: Iron Hands|Substitute\n|-damage|p1a: Iron Hands|51\/100\n|\n|upkeep\n|\n|t:|1682797232\n|switch|p1b: Azumarill|Azumarill, L50, M|100\/100\n|turn|5\n|\n|t:|1682797279\n|-terastallize|p2b: BLOODWING|Fairy\n|move|p2a: FOGUS|Rage Powder|p2a: FOGUS\n|-singleturn|p2a: FOGUS|move: Rage Powder\n|move|p2b: BLOODWING|Tera Blast|p1a: Iron Hands\n|-supereffective|p1a: Iron Hands\n|-end|p1a: Iron Hands|Substitute\n|move|p1b: Azumarill|Encore|p2a: FOGUS\n|-start|p2a: FOGUS|Encore\n|move|p1a: Iron Hands|Swords Dance|p1a: Iron Hands\n|-boost|p1a: Iron Hands|atk|2\n|\n|-fieldend|move: Psychic Terrain\n|upkeep\n|turn|6\n|\n|t:|1682797307\n|-end|p1a: Iron Hands|Quark Drive|[silent]\n|switch|p1a: Armarouge|Armarouge, L50, F|100\/100\n|move|p2a: FOGUS|Rage Powder|p2a: FOGUS\n|-singleturn|p2a: FOGUS|move: Rage Powder\n|move|p1b: Azumarill|Aqua Jet|p2a: FOGUS\n|-resisted|p2a: FOGUS\n|-damage|p2a: FOGUS|90\/100\n|move|p2b: BLOODWING|Tera Blast|p1a: Armarouge\n|-resisted|p1a: Armarouge\n|-crit|p1a: Armarouge\n|-damage|p1a: Armarouge|71\/100\n|-ability|p1a: Armarouge|Weak Armor|boost\n|-unboost|p1a: Armarouge|def|1\n|-boost|p1a: Armarouge|spe|2\n|\n|upkeep\n|turn|7\n|\n|t:|1682797342\n|move|p2a: FOGUS|Rage Powder|p2a: FOGUS\n|-singleturn|p2a: FOGUS|move: Rage Powder\n|move|p2b: BLOODWING|Throat Chop|p1a: Armarouge\n|-supereffective|p1a: Armarouge\n|-damage|p1a: Armarouge|0 fnt\n|faint|p1a: Armarouge\n|move|p1b: Azumarill|Play Rough|p2a: FOGUS\n|-resisted|p2a: FOGUS\n|-damage|p2a: FOGUS|76\/100\n|\n|upkeep\n|\n|t:|1682797348\n|switch|p1a: Iron Hands|Iron Hands, L50|51\/100\n|turn|8\n|\n|t:|1682797368\n|-terastallize|p1a: Iron Hands|Fire\n|move|p2a: FOGUS|Rage Powder|p2a: FOGUS\n|-singleturn|p2a: FOGUS|move: Rage Powder\n|move|p2b: BLOODWING|Tera Blast|p1a: Iron Hands\n|-resisted|p1a: Iron Hands\n|-damage|p1a: Iron Hands|37\/100\n|move|p1b: Azumarill|Play Rough|p2a: FOGUS\n|-resisted|p2a: FOGUS\n|-damage|p2a: FOGUS|63\/100\n|move|p1a: Iron Hands|Thunder Punch|p2a: FOGUS\n|-resisted|p2a: FOGUS\n|-damage|p2a: FOGUS|35\/100\n|\n|-end|p2a: FOGUS|Encore\n|upkeep\n|turn|9\n|\n|t:|1682797386\n|move|p2a: FOGUS|Rage Powder|p2a: FOGUS\n|-singleturn|p2a: FOGUS|move: Rage Powder\n|move|p2b: BLOODWING|Throat Chop|p1a: Iron Hands\n|-damage|p1a: Iron Hands|6\/100\n|-start|p1a: Iron Hands|Throat Chop|[silent]\n|move|p1b: Azumarill|Play Rough|p2a: FOGUS\n|-resisted|p2a: FOGUS\n|-damage|p2a: FOGUS|20\/100\n|move|p1a: Iron Hands|Thunder Punch|p2a: FOGUS\n|-resisted|p2a: FOGUS\n|-damage|p2a: FOGUS|0 fnt\n|faint|p2a: FOGUS\n|\n|upkeep\n|\n|t:|1682797394\n|switch|p2a: Rotom|Rotom-Mow, L50|100\/100\n|turn|10\n|\n|t:|1682797401\n|move|p2b: BLOODWING|Throat Chop|p1a: Iron Hands\n|-damage|p1a: Iron Hands|0 fnt\n|faint|p1a: Iron Hands\n|-end|p1a: Iron Hands|Quark Drive|[silent]\n|move|p2a: Rotom|Volt Switch|p1b: Azumarill\n|-supereffective|p1b: Azumarill\n|-damage|p1b: Azumarill|34\/100\n|-enditem|p1b: Azumarill|Sitrus Berry|[eat]\n|-heal|p1b: Azumarill|58\/100|[from] item: Sitrus Berry\n|c|\u2606Dackt|gr\n|\n|t:|1682797404\n|switch|p2a: I AM HERE|Palafin-Hero, L50, F|100\/100|[from] Volt Switch\n|-activate|p2a: I AM HERE|ability: Zero to Hero\n|move|p1b: Azumarill|Play Rough|p2b: BLOODWING|[miss]\n|-miss|p1b: Azumarill|p2b: BLOODWING\n|\n|upkeep\n|turn|11\n|c|\u2606Dackt|lol\n|l|\u2606Accidental\n|player|p2|\n|\n|t:|1682797415\n|switch|p2a: Rotom|Rotom-Mow, L50|100\/100\n|move|p2b: BLOODWING|Tera Blast|p1b: Azumarill\n|-damage|p1b: Azumarill|22\/100\n|move|p1b: Azumarill|Play Rough|p2a: Rotom\n|-damage|p2a: Rotom|77\/100\n|\n|upkeep\n|turn|12\n|l| sexy_Loki\n|j|\u2606Accidental\n|player|p2|Accidental|ingo\n|\n|t:|1682797425\n|move|p2b: BLOODWING|Tera Blast|p1b: Azumarill\n|-damage|p1b: Azumarill|0 fnt\n|faint|p1b: Azumarill\n|\n|win|Accidental\n|l| Wiliat9\n|c|\u2606Accidental|Gr\n","uploadtime":1682797463,"views":23,"p1id":"dackt","p2id":"accidental","formatid":"gen9vgc2023regulationc","rating":0,"private":0,"password":""}