{"id":"gen9vgc2023regulationc-1854845803","p1":"Montendoz","p2":"CaliberChamp","format":"[Gen 9] VGC 2023 Regulation C","log":"|j|\u2606Montendoz\n|j|\u2606CaliberChamp\n|t:|1682872724\n|gametype|doubles\n|player|p1|Montendoz|102|1164\n|player|p2|CaliberChamp|red-masters|1207\n|teamsize|p1|6\n|teamsize|p2|6\n|gen|9\n|tier|[Gen 9] VGC 2023 Regulation C\n|rated|\n|rule|Species Clause: Limit one of each Pok\u00e9mon\n|rule|Item Clause: Limit one of each item\n|clearpoke\n|poke|p1|Annihilape, L50, F|\n|poke|p1|Sylveon, L50, M|\n|poke|p1|Great Tusk, L50|\n|poke|p1|Scream Tail, L50|\n|poke|p1|Torkoal, L50, M|\n|poke|p1|Tsareena, L50, F|\n|poke|p2|Quaquaval, L50, F|\n|poke|p2|Cyclizar, L50, M|\n|poke|p2|Armarouge, L50, M|\n|poke|p2|Ceruledge, L50, F|\n|poke|p2|Iron Bundle, L50|\n|poke|p2|Iron Valiant, L50|\n|teampreview|4\n|inactive|Battle timer is ON: inactive players will automatically lose when time's up. (requested by CaliberChamp)\n|inactive|CaliberChamp has 60 seconds left.\n|\n|t:|1682872771\n|start\n|switch|p1a: Annihilape|Annihilape, L50, F|100\/100\n|switch|p1b: Scream Tail|Scream Tail, L50|100\/100\n|switch|p2a: Cyclizar|Cyclizar, L50, M|100\/100\n|switch|p2b: Armarouge|Armarouge, L50, M|100\/100\n|turn|1\n|\n|t:|1682872793\n|switch|p2b: Ceruledge|Ceruledge, L50, F|100\/100\n|move|p2a: Cyclizar|Shed Tail|p2a: Cyclizar\n|-start|p2a: Cyclizar|Substitute|[from] move: Shed Tail\n|-damage|p2a: Cyclizar|50\/100\n|\n|t:|1682872802\n|switch|p2a: Delibundle|Iron Bundle, L50|100\/100|[from] Shed Tail\n|move|p1a: Annihilape|Final Gambit|p2b: Ceruledge\n|-immune|p2b: Ceruledge\n|move|p1b: Scream Tail|Trick Room|p1b: Scream Tail\n|-fieldstart|move: Trick Room|[of] p1b: Scream Tail\n|\n|upkeep\n|turn|2\n|inactive|Montendoz has 30 seconds left.\n|inactive|CaliberChamp has 30 seconds left.\n|inactive|Montendoz has 20 seconds left.\n|inactive|Montendoz has 15 seconds left.\n|inactive|Montendoz has 10 seconds left.\n|\n|t:|1682872847\n|switch|p1a: Great Tusk|Great Tusk, L50|100\/100\n|move|p1b: Scream Tail|Dazzling Gleam|p2a: Delibundle|[spread] p2a,p2b\n|-end|p2a: Delibundle|Substitute\n|-resisted|p2b: Ceruledge\n|-damage|p2b: Ceruledge|94\/100\n|move|p2b: Ceruledge|Bitter Blade|p1b: Scream Tail\n|-damage|p1b: Scream Tail|57\/100\n|-heal|p2b: Ceruledge|100\/100|[from] drain|[of] p1b: Scream Tail\n|move|p2a: Delibundle|Freeze-Dry|p1b: Scream Tail\n|-damage|p1b: Scream Tail|40\/100\n|\n|upkeep\n|turn|3\n|inactive|Montendoz has 30 seconds left.\n|inactive|CaliberChamp has 30 seconds left.\n|\n|t:|1682872882\n|-terastallize|p2b: Ceruledge|Grass\n|move|p2a: Delibundle|Protect|p2a: Delibundle\n|-singleturn|p2a: Delibundle|Protect\n|move|p1a: Great Tusk|Close Combat|p2a: Delibundle\n|-activate|p2a: Delibundle|move: Protect\n|move|p1b: Scream Tail|Dazzling Gleam|p2a: Delibundle|[spread] p2b\n|-activate|p2a: Delibundle|move: Protect\n|-damage|p2b: Ceruledge|86\/100\n|move|p2b: Ceruledge|Bitter Blade|p1b: Scream Tail\n|-damage|p1b: Scream Tail|2\/100\n|-heal|p2b: Ceruledge|100\/100|[from] drain|[of] p1b: Scream Tail\n|\n|upkeep\n|turn|4\n|inactive|Montendoz has 30 seconds left.\n|inactive|CaliberChamp has 30 seconds left.\n|\n|t:|1682872911\n|move|p1b: Scream Tail|Helping Hand|p1a: Great Tusk\n|-singleturn|p1a: Great Tusk|Helping Hand|[of] p1b: Scream Tail\n|move|p2b: Ceruledge|Shadow Sneak|p1b: Scream Tail\n|-supereffective|p1b: Scream Tail\n|-damage|p1b: Scream Tail|0 fnt\n|faint|p1b: Scream Tail\n|-end|p1b: Scream Tail|Protosynthesis|[silent]\n|move|p1a: Great Tusk|Ice Spinner|p2b: Ceruledge\n|-supereffective|p2b: Ceruledge\n|-damage|p2b: Ceruledge|0 fnt\n|faint|p2b: Ceruledge\n|move|p2a: Delibundle|Freeze-Dry|p1a: Great Tusk\n|-supereffective|p1a: Great Tusk\n|-damage|p1a: Great Tusk|11\/100\n|\n|upkeep\n|\n|t:|1682872923\n|switch|p1b: Sylveon|Sylveon, L50, M|100\/100\n|switch|p2b: Armarouge|Armarouge, L50, M|100\/100\n|turn|5\n|\n|t:|1682872947\n|-terastallize|p1b: Sylveon|Rock\n|move|p2a: Delibundle|Protect|p2a: Delibundle\n|-singleturn|p2a: Delibundle|Protect\n|move|p1b: Sylveon|Tera Blast|p2a: Delibundle\n|-activate|p2a: Delibundle|move: Protect\n|move|p2b: Armarouge|Lava Plume|p1a: Great Tusk|[spread] p1a,p1b\n|-activate|p2a: Delibundle|move: Protect\n|-resisted|p1b: Sylveon\n|-damage|p1a: Great Tusk|0 fnt\n|-damage|p1b: Sylveon|93\/100\n|faint|p1a: Great Tusk\n|-end|p1a: Great Tusk|Protosynthesis|[silent]\n|\n|-fieldend|move: Trick Room\n|upkeep\n|\n|t:|1682872958\n|switch|p1a: Annihilape|Annihilape, L50, F|100\/100\n|turn|6\n|inactive|CaliberChamp has 30 seconds left.\n|\n|t:|1682872990\n|move|p2b: Armarouge|Helping Hand|p2a: Delibundle\n|-singleturn|p2a: Delibundle|Helping Hand|[of] p2b: Armarouge\n|move|p1a: Annihilape|Close Combat|p2a: Delibundle\n|-supereffective|p2a: Delibundle\n|-enditem|p2a: Delibundle|Focus Sash\n|-damage|p2a: Delibundle|1\/100\n|-unboost|p1a: Annihilape|def|1\n|-unboost|p1a: Annihilape|spd|1\n|move|p2a: Delibundle|Freeze-Dry|p1b: Sylveon\n|-damage|p1b: Sylveon|57\/100\n|move|p1b: Sylveon|Tera Blast|p2b: Armarouge\n|-supereffective|p2b: Armarouge\n|-damage|p2b: Armarouge|0 fnt\n|faint|p2b: Armarouge\n|-damage|p1b: Sylveon|47\/100|[from] item: Life Orb\n|\n|upkeep\n|\n|t:|1682873005\n|switch|p2b: Cyclizar|Cyclizar, L50, M|83\/100\n|turn|7\n|inactive|CaliberChamp has 30 seconds left.\n|inactive|CaliberChamp has 20 seconds left.\n|inactive|CaliberChamp has 15 seconds left.\n|inactive|CaliberChamp has 10 seconds left.\n|inactive|CaliberChamp has 5 seconds left.\n|\n|t:|1682873056\n|move|p2a: Delibundle|Protect|p2a: Delibundle\n|-singleturn|p2a: Delibundle|Protect\n|move|p2b: Cyclizar|Iron Head|p1b: Sylveon\n|-supereffective|p1b: Sylveon\n|-damage|p1b: Sylveon|0 fnt\n|faint|p1b: Sylveon\n|move|p1a: Annihilape|Close Combat|p2a: Delibundle\n|-activate|p2a: Delibundle|move: Protect\n|\n|upkeep\n|turn|8\n|\n|t:|1682873070\n|move|p2b: Cyclizar|Iron Head|p1a: Annihilape\n|-damage|p1a: Annihilape|66\/100\n|move|p1a: Annihilape|Close Combat|p2a: Delibundle\n|-supereffective|p2a: Delibundle\n|-damage|p2a: Delibundle|0 fnt\n|-unboost|p1a: Annihilape|def|1\n|-unboost|p1a: Annihilape|spd|1\n|faint|p2a: Delibundle\n|-end|p2a: Delibundle|Quark Drive|[silent]\n|\n|upkeep\n|turn|9\n|\n|t:|1682873079\n|move|p2b: Cyclizar|Iron Head|p1a: Annihilape\n|-damage|p1a: Annihilape|21\/100\n|cant|p1a: Annihilape|flinch\n|\n|upkeep\n|turn|10\n|\n|t:|1682873085\n|move|p2b: Cyclizar|Iron Head|p1a: Annihilape\n|-damage|p1a: Annihilape|0 fnt\n|faint|p1a: Annihilape\n|\n|win|CaliberChamp\n|raw|Montendoz's rating: 1164 → 1142<\/strong> (-22 for losing)\n|raw|CaliberChamp's rating: 1207 → 1229<\/strong> (+22 for winning)\n|l|\u2606Montendoz\n","uploadtime":1682873133,"views":14,"p1id":"montendoz","p2id":"caliberchamp","formatid":"gen9vgc2023regulationc","rating":1142,"private":0,"password":""}