{"id":"gen9vgc2023regulationc-1858106219","p1":"testinglitch1","p2":"iQuweii","format":"[Gen 9] VGC 2023 Regulation C","log":"|j|\u2606testinglitch1\n|j|\u2606iQuweii\n|t:|1683276624\n|gametype|doubles\n|player|p1|testinglitch1|169|1126\n|player|p2|iQuweii|101|1143\n|teamsize|p1|6\n|teamsize|p2|6\n|gen|9\n|tier|[Gen 9] VGC 2023 Regulation C\n|rated|\n|rule|Species Clause: Limit one of each Pok\u00e9mon\n|rule|Item Clause: Limit one of each item\n|clearpoke\n|poke|p1|Ting-Lu, L50|\n|poke|p1|Annihilape, L50, M|\n|poke|p1|Corviknight, L50, F|\n|poke|p1|Iron Moth, L50|\n|poke|p1|Grimmsnarl, L50, M|\n|poke|p1|Gholdengo, L50|\n|poke|p2|Ting-Lu, L50|\n|poke|p2|Vivillon-Fancy, L50, M|\n|poke|p2|Iron Bundle, L50|\n|poke|p2|Abomasnow, L50, F|\n|poke|p2|Annihilape, L50, M|\n|poke|p2|Chien-Pao, L50|\n|teampreview|4\n|inactive|Battle timer is ON: inactive players will automatically lose when time's up. (requested by testinglitch1)\n|inactive|iQuweii has 60 seconds left.\n|\n|t:|1683276714\n|start\n|switch|p1a: Grimmsnarl|Grimmsnarl, L50, M|100\/100\n|switch|p1b: Corviknight|Corviknight, L50, F|100\/100\n|switch|p2a: Iron Bundle|Iron Bundle, L50|100\/100\n|switch|p2b: Abomasnow|Abomasnow, L50, F|100\/100\n|-weather|Snow|[from] ability: Snow Warning|[of] p2b: Abomasnow\n|-enditem|p2a: Iron Bundle|Booster Energy\n|-activate|p2a: Iron Bundle|ability: Quark Drive|[fromitem]\n|-start|p2a: Iron Bundle|quarkdrivespe\n|turn|1\n|\n|t:|1683276724\n|move|p1a: Grimmsnarl|Light Screen|p1a: Grimmsnarl\n|-sidestart|p1: testinglitch1|move: Light Screen\n|move|p2a: Iron Bundle|Aurora Veil|p2a: Iron Bundle\n|-sidestart|p2: iQuweii|move: Aurora Veil\n|move|p1b: Corviknight|Tailwind|p1b: Corviknight\n|-sidestart|p1: testinglitch1|move: Tailwind\n|move|p2b: Abomasnow|Blizzard|p1b: Corviknight|[spread] p1a,p1b\n|-damage|p1a: Grimmsnarl|76\/100\n|-damage|p1b: Corviknight|75\/100\n|-damage|p2b: Abomasnow|91\/100|[from] item: Life Orb\n|\n|-weather|Snow|[upkeep]\n|upkeep\n|turn|2\n|inactive|testinglitch1 has 30 seconds left.\n|inactive|testinglitch1 has 20 seconds left.\n|\n|t:|1683276761\n|move|p2a: Iron Bundle|Blizzard|p1b: Corviknight|[spread] p1a,p1b\n|-damage|p1a: Grimmsnarl|52\/100\n|-damage|p1b: Corviknight|51\/100\n|move|p1b: Corviknight|Iron Head|p2a: Iron Bundle\n|-damage|p2a: Iron Bundle|85\/100\n|move|p1a: Grimmsnarl|Spirit Break|p2b: Abomasnow\n|-damage|p2b: Abomasnow|76\/100\n|-unboost|p2b: Abomasnow|spa|1\n|move|p2b: Abomasnow|Blizzard|p1a: Grimmsnarl|[spread] p1a,p1b\n|-damage|p1a: Grimmsnarl|34\/100\n|-damage|p1b: Corviknight|34\/100\n|-damage|p2b: Abomasnow|67\/100|[from] item: Life Orb\n|\n|-weather|Snow|[upkeep]\n|upkeep\n|turn|3\n|\n|t:|1683276782\n|move|p2a: Iron Bundle|Blizzard|p1a: Grimmsnarl|[spread] p1a,p1b\n|-damage|p1a: Grimmsnarl|11\/100\n|-damage|p1b: Corviknight|7\/100\n|-status|p1b: Corviknight|frz\n|-enditem|p1b: Corviknight|Lum Berry|[eat]\n|-curestatus|p1b: Corviknight|frz|[msg]\n|move|p1b: Corviknight|Roost|p1b: Corviknight\n|-heal|p1b: Corviknight|58\/100\n|-singleturn|p1b: Corviknight|move: Roost\n|move|p1a: Grimmsnarl|Spirit Break|p2a: Iron Bundle\n|-damage|p2a: Iron Bundle|68\/100\n|-unboost|p2a: Iron Bundle|spa|1\n|move|p2b: Abomasnow|Blizzard|p1a: Grimmsnarl|[spread] p1a,p1b\n|-resisted|p1b: Corviknight\n|-damage|p1a: Grimmsnarl|0 fnt\n|-damage|p1b: Corviknight|49\/100\n|-status|p1b: Corviknight|frz\n|faint|p1a: Grimmsnarl\n|-damage|p2b: Abomasnow|57\/100|[from] item: Life Orb\n|\n|-weather|Snow|[upkeep]\n|upkeep\n|\n|t:|1683276795\n|switch|p1a: Iron Moth|Iron Moth, L50|100\/100\n|-enditem|p1a: Iron Moth|Booster Energy\n|-activate|p1a: Iron Moth|ability: Quark Drive|[fromitem]\n|-start|p1a: Iron Moth|quarkdrivespe\n|turn|4\n|inactive|iQuweii has 30 seconds left.\n|inactive|iQuweii has 20 seconds left.\n|\n|t:|1683276833\n|-terastallize|p2b: Abomasnow|Water\n|move|p1a: Iron Moth|Sludge Wave|p2b: Abomasnow|[spread] p2a,p2b\n|-immune|p1b: Corviknight\n|-damage|p2a: Iron Bundle|33\/100\n|-damage|p2b: Abomasnow|31\/100\n|move|p2a: Iron Bundle|Hydro Pump|p1a: Iron Moth|[miss]\n|-miss|p2a: Iron Bundle|p1a: Iron Moth\n|cant|p1b: Corviknight|frz\n|move|p2b: Abomasnow|Blizzard|p1b: Corviknight|[spread] p1a,p1b\n|-resisted|p1a: Iron Moth\n|-damage|p1a: Iron Moth|90\/100\n|-damage|p1b: Corviknight|31\/100 frz\n|-damage|p2b: Abomasnow|21\/100|[from] item: Life Orb\n|\n|-weather|Snow|[upkeep]\n|-sideend|p1: testinglitch1|move: Tailwind\n|upkeep\n|turn|5\n|\n|t:|1683276857\n|move|p2a: Iron Bundle|Hydro Pump|p1a: Iron Moth\n|-supereffective|p1a: Iron Moth\n|-damage|p1a: Iron Moth|41\/100\n|move|p1a: Iron Moth|Sludge Wave|p2a: Iron Bundle|[spread] p2a,p2b\n|-immune|p1b: Corviknight\n|-damage|p2a: Iron Bundle|0 fnt\n|-damage|p2b: Abomasnow|0 fnt\n|faint|p2a: Iron Bundle\n|-end|p2a: Iron Bundle|Quark Drive|[silent]\n|faint|p2b: Abomasnow\n|cant|p1b: Corviknight|frz\n|\n|-weather|none\n|-sideend|p2: iQuweii|move: Aurora Veil\n|upkeep\n|j| A Borygon\n|\n|t:|1683276863\n|switch|p2a: Chien-Pao|Chien-Pao, L50|100\/100\n|switch|p2b: Annihilape|Annihilape, L50, M|100\/100\n|-ability|p2a: Chien-Pao|Sword of Ruin\n|turn|6\n|\n|t:|1683276878\n|move|p1a: Iron Moth|Fiery Dance|p2a: Chien-Pao\n|-supereffective|p2a: Chien-Pao\n|-damage|p2a: Chien-Pao|3\/100\n|-boost|p1a: Iron Moth|spa|1\n|-enditem|p2a: Chien-Pao|Sitrus Berry|[eat]\n|-heal|p2a: Chien-Pao|28\/100|[from] item: Sitrus Berry\n|move|p2a: Chien-Pao|Sacred Sword|p1b: Corviknight\n|-damage|p1b: Corviknight|0 fnt\n|faint|p1b: Corviknight\n|move|p2b: Annihilape|Rage Fist|p1a: Iron Moth\n|-damage|p1a: Iron Moth|0 fnt\n|faint|p1a: Iron Moth\n|-end|p1a: Iron Moth|Quark Drive|[silent]\n|\n|upkeep\n|\n|t:|1683276890\n|switch|p1b: Annihilape|Annihilape, L50, M|100\/100\n|turn|7\n|\n|t:|1683276903\n|-terastallize|p1b: Annihilape|Fire\n|move|p2a: Chien-Pao|Ice Spinner|p1b: Annihilape\n|-resisted|p1b: Annihilape\n|-damage|p1b: Annihilape|81\/100\n|move|p2b: Annihilape|Rage Fist|p1b: Annihilape\n|-damage|p1b: Annihilape|52\/100\n|move|p1b: Annihilape|Bulk Up|p1b: Annihilape\n|-boost|p1b: Annihilape|atk|1\n|-boost|p1b: Annihilape|def|1\n|\n|upkeep\n|turn|8\n|\n|t:|1683276919\n|move|p2a: Chien-Pao|Haze|p2a: Chien-Pao\n|-clearallboost\n|move|p2b: Annihilape|Phantom Force||[still]\n|-prepare|p2b: Annihilape|Phantom Force\n|move|p1b: Annihilape|Drain Punch|p2a: Chien-Pao\n|-supereffective|p2a: Chien-Pao\n|-damage|p2a: Chien-Pao|0 fnt\n|-heal|p1b: Annihilape|65\/100|[from] drain|[of] p2a: Chien-Pao\n|faint|p2a: Chien-Pao\n|\n|-sideend|p1: testinglitch1|move: Light Screen\n|upkeep\n|turn|9\n|\n|t:|1683276929\n|move|p2b: Annihilape|Phantom Force|p1b: Annihilape|[from]lockedmove\n|-damage|p1b: Annihilape|25\/100\n|-enditem|p1b: Annihilape|Sitrus Berry|[eat]\n|-heal|p1b: Annihilape|50\/100|[from] item: Sitrus Berry\n|move|p1b: Annihilape|Rage Fist|p2b: Annihilape\n|-supereffective|p2b: Annihilape\n|-crit|p2b: Annihilape\n|-damage|p2b: Annihilape|0 fnt\n|faint|p2b: Annihilape\n|\n|win|testinglitch1\n|raw|testinglitch1's rating: 1126 → 1152<\/strong> (+26 for winning)\n|raw|iQuweii's rating: 1143 → 1117<\/strong> (-26 for losing)\n|l|\u2606iQuweii\n","uploadtime":1683276942,"views":16,"p1id":"testinglitch1","p2id":"iquweii","formatid":"gen9vgc2023regulationc","rating":1117,"private":0,"password":""}