{"id":"gen9vgc2023regulationc-1859186442","p1":"garbinho","p2":"Zydroxequil","format":"[Gen 9] VGC 2023 Regulation C","log":"|j|\u2606garbinho\n|j|\u2606Zydroxequil\n|t:|1683415217\n|gametype|doubles\n|player|p1|garbinho|169|1088\n|player|p2|Zydroxequil|psychic-gen4|1138\n|teamsize|p1|6\n|teamsize|p2|6\n|gen|9\n|tier|[Gen 9] VGC 2023 Regulation C\n|rated|\n|rule|Species Clause: Limit one of each Pok\u00e9mon\n|rule|Item Clause: Limit one of each item\n|clearpoke\n|poke|p1|Arcanine, L50, M|\n|poke|p1|Dragonite, L50, M|\n|poke|p1|Gengar, L50, M|\n|poke|p1|Gyarados, L50, F|\n|poke|p1|Raichu, L50, F|\n|poke|p1|Cloyster, L50, M|\n|poke|p2|Farigiraf, L50, M|\n|poke|p2|Tyranitar, L50, F|\n|poke|p2|Bronzong, L50|\n|poke|p2|Ting-Lu, L50|\n|poke|p2|Flutter Mane, L50|\n|poke|p2|Garganacl, L50, F|\n|teampreview|4\n|inactive|Battle timer is ON: inactive players will automatically lose when time's up. (requested by Zydroxequil)\n|inactive|garbinho has 60 seconds left.\n|\n|t:|1683415268\n|start\n|switch|p1a: Raichu|Raichu, L50, F|100\/100\n|switch|p1b: Arcanine|Arcanine, L50, M|100\/100\n|switch|p2a: Bronzong|Bronzong, L50|100\/100\n|switch|p2b: Tyranitar|Tyranitar, L50, F, shiny|100\/100\n|-ability|p1b: Arcanine|Intimidate|boost\n|-unboost|p2a: Bronzong|atk|1\n|-unboost|p2b: Tyranitar|atk|1\n|-weather|Sandstorm|[from] ability: Sand Stream|[of] p2b: Tyranitar\n|turn|1\n|\n|t:|1683415288\n|-terastallize|p2a: Bronzong|Water\n|move|p2b: Tyranitar|Protect|p2b: Tyranitar\n|-singleturn|p2b: Tyranitar|Protect\n|move|p1a: Raichu|Fake Out|p2a: Bronzong\n|-damage|p2a: Bronzong|94\/100\n|move|p1b: Arcanine|Flare Blitz|p2a: Bronzong\n|-resisted|p2a: Bronzong\n|-damage|p2a: Bronzong|72\/100\n|-damage|p1b: Arcanine|93\/100|[from] Recoil\n|cant|p2a: Bronzong|flinch\n|\n|-weather|Sandstorm|[upkeep]\n|-damage|p1a: Raichu|95\/100|[from] Sandstorm\n|-damage|p1b: Arcanine|87\/100|[from] Sandstorm\n|-damage|p2a: Bronzong|66\/100|[from] Sandstorm\n|upkeep\n|turn|2\n|\n|t:|1683415310\n|switch|p2a: Ting-Lu|Ting-Lu, L50|100\/100\n|-ability|p2a: Ting-Lu|Vessel of Ruin\n|move|p1a: Raichu|Encore|p2b: Tyranitar\n|-start|p2b: Tyranitar|Encore\n|move|p1b: Arcanine|Wild Charge|p1a: Raichu\n|-activate|p1a: Raichu|ability: Lightning Rod\n|-ability|p1a: Raichu|Lightning Rod|boost\n|-boost|p1a: Raichu|spa|1\n|move|p2b: Tyranitar|Protect||[still]\n|-fail|p2b: Tyranitar\n|\n|-weather|Sandstorm|[upkeep]\n|-damage|p1a: Raichu|89\/100|[from] Sandstorm\n|-damage|p1b: Arcanine|80\/100|[from] Sandstorm\n|upkeep\n|turn|3\n|inactive|garbinho has 30 seconds left.\n|\n|t:|1683415336\n|switch|p1b: Gyarados|Gyarados, L50, F|100\/100\n|-ability|p1b: Gyarados|Intimidate|boost\n|-unboost|p2a: Ting-Lu|atk|1\n|-unboost|p2b: Tyranitar|atk|1\n|switch|p2b: Garganacl|Garganacl, L50, F|100\/100\n|move|p1a: Raichu|Thunderbolt|p2b: Garganacl\n|-damage|p2b: Garganacl|84\/100\n|move|p2a: Ting-Lu|Stomping Tantrum|p1a: Raichu\n|-supereffective|p1a: Raichu\n|-damage|p1a: Raichu|8\/100\n|\n|-weather|Sandstorm|[upkeep]\n|-damage|p1a: Raichu|2\/100|[from] Sandstorm\n|-damage|p1b: Gyarados|95\/100|[from] Sandstorm\n|-heal|p2b: Garganacl|90\/100|[from] item: Leftovers\n|upkeep\n|turn|4\n|inactive|garbinho has 30 seconds left.\n|\n|t:|1683415365\n|switch|p2a: Bronzong|Bronzong, L50, tera:Water|66\/100\n|-terastallize|p1b: Gyarados|Water\n|move|p1a: Raichu|Nuzzle|p2b: Garganacl\n|-damage|p2b: Garganacl|86\/100\n|move|p1b: Gyarados|Waterfall|p2a: Bronzong\n|-resisted|p2a: Bronzong\n|-damage|p2a: Bronzong|34\/100\n|-damage|p1b: Gyarados|85\/100|[from] item: Life Orb\n|move|p2b: Garganacl|Salt Cure|p1b: Gyarados\n|-damage|p1b: Gyarados|66\/100\n|-start|p1b: Gyarados|Salt Cure\n|\n|-weather|Sandstorm|[upkeep]\n|-damage|p1a: Raichu|0 fnt|[from] Sandstorm\n|-damage|p1b: Gyarados|60\/100|[from] Sandstorm\n|-damage|p2a: Bronzong|29\/100|[from] Sandstorm\n|faint|p1a: Raichu\n|-heal|p2b: Garganacl|92\/100|[from] item: Leftovers\n|-damage|p1b: Gyarados|36\/100|[from] Salt Cure\n|upkeep\n|inactive|garbinho has 30 seconds left.\n|\n|t:|1683415393\n|switch|p1a: Arcanine|Arcanine, L50, M|80\/100\n|-ability|p1a: Arcanine|Intimidate|boost\n|-unboost|p2a: Bronzong|atk|1\n|-unboost|p2b: Garganacl|atk|1\n|turn|5\n|\n|t:|1683415402\n|move|p2a: Bronzong|Protect|p2a: Bronzong\n|-singleturn|p2a: Bronzong|Protect\n|move|p1a: Arcanine|Wild Charge|p2a: Bronzong\n|-activate|p2a: Bronzong|move: Protect\n|move|p1b: Gyarados|Waterfall|p2b: Garganacl\n|-supereffective|p2b: Garganacl\n|-damage|p2b: Garganacl|3\/100\n|-damage|p1b: Gyarados|26\/100|[from] item: Life Orb\n|cant|p2b: Garganacl|flinch\n|\n|-weather|none\n|-heal|p2b: Garganacl|9\/100|[from] item: Leftovers\n|-damage|p1b: Gyarados|1\/100|[from] Salt Cure\n|upkeep\n|turn|6\n|\n|t:|1683415423\n|switch|p2b: Tyranitar|Tyranitar, L50, F, shiny|100\/100\n|-weather|Sandstorm|[from] ability: Sand Stream|[of] p2b: Tyranitar\n|switch|p2a: Ting-Lu|Ting-Lu, L50|100\/100\n|-ability|p2a: Ting-Lu|Vessel of Ruin\n|move|p1a: Arcanine|Wild Charge|p2a: Ting-Lu\n|-immune|p2a: Ting-Lu\n|move|p1b: Gyarados|Waterfall|p2b: Tyranitar\n|-supereffective|p2b: Tyranitar\n|-damage|p2b: Tyranitar|0 fnt\n|faint|p2b: Tyranitar\n|-damage|p1b: Gyarados|0 fnt|[from] item: Life Orb\n|faint|p1b: Gyarados\n|\n|-weather|Sandstorm|[upkeep]\n|-damage|p1a: Arcanine|74\/100|[from] Sandstorm\n|upkeep\n|\n|t:|1683415441\n|switch|p1b: Cloyster|Cloyster, L50, M|100\/100\n|switch|p2b: Bronzong|Bronzong, L50, tera:Water|29\/100\n|turn|7\n|\n|t:|1683415453\n|move|p2b: Bronzong|Protect|p2b: Bronzong\n|-singleturn|p2b: Bronzong|Protect\n|move|p1a: Arcanine|Wild Charge|p2b: Bronzong\n|-activate|p2b: Bronzong|move: Protect\n|move|p1b: Cloyster|Icicle Spear|p2a: Ting-Lu\n|-supereffective|p2a: Ting-Lu\n|-damage|p2a: Ting-Lu|81\/100\n|-supereffective|p2a: Ting-Lu\n|-damage|p2a: Ting-Lu|63\/100\n|-supereffective|p2a: Ting-Lu\n|-damage|p2a: Ting-Lu|45\/100\n|-supereffective|p2a: Ting-Lu\n|-damage|p2a: Ting-Lu|28\/100\n|-supereffective|p2a: Ting-Lu\n|-damage|p2a: Ting-Lu|10\/100\n|-hitcount|p2a: Ting-Lu|5\n|move|p2a: Ting-Lu|Earthquake|p1b: Cloyster|[spread] p1a,p1b\n|-activate|p2b: Bronzong|move: Protect\n|-supereffective|p1a: Arcanine\n|-damage|p1a: Arcanine|0 fnt\n|-damage|p1b: Cloyster|76\/100\n|faint|p1a: Arcanine\n|\n|-weather|Sandstorm|[upkeep]\n|-damage|p1b: Cloyster|70\/100|[from] Sandstorm\n|-damage|p2b: Bronzong|23\/100|[from] Sandstorm\n|upkeep\n|turn|8\n|inactive|Zydroxequil has 30 seconds left.\n|\n|t:|1683415478\n|move|p1b: Cloyster|Ice Shard|p2a: Ting-Lu\n|-supereffective|p2a: Ting-Lu\n|-damage|p2a: Ting-Lu|0 fnt\n|faint|p2a: Ting-Lu\n|move|p2b: Bronzong|Trick Room|p2b: Bronzong\n|-fieldstart|move: Trick Room|[of] p2b: Bronzong\n|\n|-weather|Sandstorm|[upkeep]\n|-damage|p2b: Bronzong|17\/100|[from] Sandstorm\n|-damage|p1b: Cloyster|64\/100|[from] Sandstorm\n|upkeep\n|\n|t:|1683415480\n|switch|p2a: Garganacl|Garganacl, L50, F|9\/100\n|turn|9\n|\n|t:|1683415491\n|move|p2b: Bronzong|Gyro Ball|p1b: Cloyster\n|-damage|p1b: Cloyster|50\/100\n|move|p2a: Garganacl|Recover|p2a: Garganacl\n|-heal|p2a: Garganacl|60\/100\n|move|p1b: Cloyster|Liquidation|p2a: Garganacl\n|-supereffective|p2a: Garganacl\n|-damage|p2a: Garganacl|13\/100\n|\n|-weather|Sandstorm|[upkeep]\n|-damage|p2b: Bronzong|11\/100|[from] Sandstorm\n|-damage|p1b: Cloyster|44\/100|[from] Sandstorm\n|-heal|p2a: Garganacl|19\/100|[from] item: Leftovers\n|upkeep\n|turn|10\n|\n|t:|1683415506\n|move|p2b: Bronzong|Gyro Ball|p1b: Cloyster\n|-damage|p1b: Cloyster|29\/100\n|move|p2a: Garganacl|Salt Cure|p1b: Cloyster\n|-supereffective|p1b: Cloyster\n|-damage|p1b: Cloyster|8\/100\n|-start|p1b: Cloyster|Salt Cure\n|move|p1b: Cloyster|Liquidation|p2a: Garganacl\n|-supereffective|p2a: Garganacl\n|-damage|p2a: Garganacl|0 fnt\n|faint|p2a: Garganacl\n|\n|-weather|none\n|-damage|p1b: Cloyster|0 fnt|[from] Salt Cure\n|faint|p1b: Cloyster\n|\n|win|Zydroxequil\n|upkeep\n|raw|garbinho's rating: 1088 → 1068<\/strong> (-20 for losing)\n|raw|Zydroxequil's rating: 1138 → 1159<\/strong> (+21 for winning)\n","uploadtime":1683415515,"views":9,"p1id":"garbinho","p2id":"zydroxequil","formatid":"gen9vgc2023regulationc","rating":1068,"private":0,"password":""}