{"id":"gen9vgc2023regulationc-1862990959","p1":"revocolombia","p2":"Pistone75","format":"[Gen 9] VGC 2023 Regulation C","log":"|j|\u2606revocolombia\n|j|\u2606Pistone75\n|t:|1683948696\n|gametype|doubles\n|player|p1|revocolombia|pokemonranger-gen4|1362\n|player|p2|Pistone75|102|1292\n|teamsize|p1|6\n|teamsize|p2|6\n|gen|9\n|tier|[Gen 9] VGC 2023 Regulation C\n|rated|\n|rule|Species Clause: Limit one of each Pok\u00e9mon\n|rule|Item Clause: Limit one of each item\n|clearpoke\n|poke|p1|Flutter Mane, L50|\n|poke|p1|Garchomp, L50, M|\n|poke|p1|Dragonite, L50, F|\n|poke|p1|Chien-Pao, L50|\n|poke|p1|Murkrow, L50, F|\n|poke|p1|Gholdengo, L50|\n|poke|p2|Wo-Chien, L50|\n|poke|p2|Gyarados, L50, F|\n|poke|p2|Flutter Mane, L50|\n|poke|p2|Tyranitar, L50, F|\n|poke|p2|Iron Bundle, L50|\n|poke|p2|Glimmora, L50, M|\n|teampreview|4\n|\n|t:|1683948723\n|start\n|switch|p1a: Garchomp|Garchomp, L50, M|100\/100\n|switch|p1b: Murkrow|Murkrow, L50, F|100\/100\n|switch|p2a: Wo-Chien|Wo-Chien, L50|100\/100\n|switch|p2b: Gyarados|Gyarados, L50, F|100\/100\n|-ability|p2b: Gyarados|Intimidate|boost\n|-fail|p1a: Garchomp|unboost|[from] item: Clear Amulet|[of] p1a: Garchomp\n|-unboost|p1b: Murkrow|atk|1\n|-ability|p2a: Wo-Chien|Tablets of Ruin\n|turn|1\n|\n|t:|1683948756\n|move|p1b: Murkrow|Taunt|p2b: Gyarados\n|-start|p2b: Gyarados|move: Taunt\n|move|p1a: Garchomp|Rock Slide|p2b: Gyarados|[spread] p2a,p2b\n|-supereffective|p2b: Gyarados\n|-crit|p2b: Gyarados\n|-damage|p2a: Wo-Chien|86\/100\n|-damage|p2b: Gyarados|46\/100\n|-enditem|p2b: Gyarados|Sitrus Berry|[eat]\n|-heal|p2b: Gyarados|71\/100|[from] item: Sitrus Berry\n|cant|p2b: Gyarados|move: Taunt|Taunt\n|move|p2a: Wo-Chien|Foul Play|p1a: Garchomp\n|-damage|p1a: Garchomp|50\/100\n|-damage|p2a: Wo-Chien|73\/100|[from] ability: Rough Skin|[of] p1a: Garchomp\n|\n|-heal|p2a: Wo-Chien|80\/100|[from] item: Leftovers\n|upkeep\n|turn|2\n|\n|t:|1683948791\n|move|p2a: Wo-Chien|Protect|p2a: Wo-Chien\n|-singleturn|p2a: Wo-Chien|Protect\n|move|p1b: Murkrow|Tailwind|p1b: Murkrow\n|-sidestart|p1: revocolombia|move: Tailwind\n|move|p1a: Garchomp|Rock Slide|p2a: Wo-Chien|[spread] \n|-activate|p2a: Wo-Chien|move: Protect\n|-miss|p1a: Garchomp|p2b: Gyarados\n|move|p2b: Gyarados|Icy Wind|p1a: Garchomp|[spread] p1b\n|-miss|p2b: Gyarados|p1a: Garchomp\n|-supereffective|p1b: Murkrow\n|-damage|p1b: Murkrow|89\/100\n|-unboost|p1b: Murkrow|spe|1\n|\n|-heal|p2a: Wo-Chien|86\/100|[from] item: Leftovers\n|upkeep\n|turn|3\n|\n|t:|1683948820\n|switch|p1b: Gholdengo|Gholdengo, L50|100\/100\n|move|p1a: Garchomp|Rock Slide|p2b: Gyarados|[spread] p2a,p2b\n|-supereffective|p2b: Gyarados\n|-damage|p2a: Wo-Chien|72\/100\n|-damage|p2b: Gyarados|38\/100\n|cant|p2b: Gyarados|flinch\n|move|p2a: Wo-Chien|Leech Seed|p1b: Gholdengo\n|-immune|p1b: Gholdengo|[from] ability: Good as Gold\n|\n|-heal|p2a: Wo-Chien|79\/100|[from] item: Leftovers\n|-end|p2b: Gyarados|move: Taunt\n|upkeep\n|turn|4\n|\n|t:|1683948843\n|move|p1a: Garchomp|Rock Slide|p2a: Wo-Chien|[spread] p2a,p2b\n|-supereffective|p2b: Gyarados\n|-damage|p2a: Wo-Chien|64\/100\n|-damage|p2b: Gyarados|5\/100\n|move|p1b: Gholdengo|Make It Rain|p2b: Gyarados|[spread] p2a,p2b\n|-resisted|p2b: Gyarados\n|-damage|p2a: Wo-Chien|24\/100\n|-damage|p2b: Gyarados|0 fnt\n|-unboost|p1b: Gholdengo|spa|1\n|faint|p2b: Gyarados\n|-damage|p1b: Gholdengo|91\/100|[from] item: Life Orb\n|move|p2a: Wo-Chien|Foul Play|p1a: Garchomp\n|-damage|p1a: Garchomp|0 fnt\n|-damage|p2a: Wo-Chien|12\/100|[from] ability: Rough Skin|[of] p1a: Garchomp\n|faint|p1a: Garchomp\n|\n|-heal|p2a: Wo-Chien|18\/100|[from] item: Leftovers\n|upkeep\n|\n|t:|1683948867\n|switch|p1a: Murkrow|Murkrow, L50, F|89\/100\n|switch|p2b: Tyranitar|Tyranitar, L50, F|100\/100\n|-weather|Sandstorm|[from] ability: Sand Stream|[of] p2b: Tyranitar\n|turn|5\n|\n|t:|1683948885\n|-terastallize|p2b: Tyranitar|Flying\n|move|p2a: Wo-Chien|Protect|p2a: Wo-Chien\n|-singleturn|p2a: Wo-Chien|Protect\n|move|p1a: Murkrow|Haze|p1a: Murkrow\n|-clearallboost\n|move|p1b: Gholdengo|Make It Rain|p2b: Tyranitar|[spread] p2b\n|-activate|p2a: Wo-Chien|move: Protect\n|-damage|p2b: Tyranitar|37\/100\n|-unboost|p1b: Gholdengo|spa|1\n|-damage|p1b: Gholdengo|81\/100|[from] item: Life Orb\n|move|p2b: Tyranitar|Stomping Tantrum|p1b: Gholdengo\n|-supereffective|p1b: Gholdengo\n|-damage|p1b: Gholdengo|12\/100\n|\n|-weather|Sandstorm|[upkeep]\n|-damage|p1a: Murkrow|83\/100|[from] Sandstorm\n|-damage|p2b: Tyranitar|30\/100|[from] Sandstorm\n|-damage|p2a: Wo-Chien|12\/100|[from] Sandstorm\n|-heal|p2a: Wo-Chien|18\/100|[from] item: Leftovers\n|-sideend|p1: revocolombia|move: Tailwind\n|upkeep\n|turn|6\n|\n|t:|1683948918\n|move|p1a: Murkrow|Haze|p1a: Murkrow\n|-clearallboost\n|move|p1b: Gholdengo|Make It Rain|p2b: Tyranitar|[spread] p2a,p2b\n|-damage|p2a: Wo-Chien|0 fnt\n|-damage|p2b: Tyranitar|0 fnt\n|-unboost|p1b: Gholdengo|spa|1\n|faint|p2a: Wo-Chien\n|faint|p2b: Tyranitar\n|-damage|p1b: Gholdengo|2\/100|[from] item: Life Orb\n|\n|-weather|Sandstorm|[upkeep]\n|-damage|p1a: Murkrow|77\/100|[from] Sandstorm\n|upkeep\n|\n|t:|1683948923\n|switch|p2b: Flutter Mane|Flutter Mane, L50|100\/100\n|-enditem|p2b: Flutter Mane|Booster Energy\n|-activate|p2b: Flutter Mane|ability: Protosynthesis|[fromitem]\n|-start|p2b: Flutter Mane|protosynthesisspe\n|turn|7\n|\n|t:|1683948948\n|move|p1a: Murkrow|Tailwind|p1a: Murkrow\n|-sidestart|p1: revocolombia|move: Tailwind\n|move|p2b: Flutter Mane|Dazzling Gleam|p1b: Gholdengo|[spread] p1a,p1b\n|-supereffective|p1a: Murkrow\n|-resisted|p1b: Gholdengo\n|-damage|p1a: Murkrow|5\/100\n|-damage|p1b: Gholdengo|0 fnt\n|faint|p1b: Gholdengo\n|\n|-weather|Sandstorm|[upkeep]\n|-damage|p2b: Flutter Mane|95\/100|[from] Sandstorm\n|-damage|p1a: Murkrow|0 fnt|[from] Sandstorm\n|faint|p1a: Murkrow\n|upkeep\n|\n|t:|1683948960\n|switch|p1b: Dragonite|Dragonite, L50, F|100\/100\n|turn|8\n|\n|t:|1683948970\n|move|p2b: Flutter Mane|Dazzling Gleam|p1b: Dragonite\n|-supereffective|p1b: Dragonite\n|-damage|p1b: Dragonite|58\/100\n|move|p1b: Dragonite|Earthquake|p2b: Flutter Mane\n|-damage|p2b: Flutter Mane|0 fnt\n|faint|p2b: Flutter Mane\n|-end|p2b: Flutter Mane|Protosynthesis|[silent]\n|\n|win|revocolombia\n|raw|revocolombia's rating: 1362 → 1378<\/strong> (+16 for winning)\n|raw|Pistone75's rating: 1292 → 1272<\/strong> (-20 for losing)\n|l|\u2606Pistone75\n","uploadtime":1683949000,"views":12,"p1id":"revocolombia","p2id":"pistone75","formatid":"gen9vgc2023regulationc","rating":1272,"private":0,"password":""}