{"id":"gen9vgc2023regulationc-1848744831","p1":"sea_lake","p2":"Jesus Bug","format":"[Gen 9] VGC 2023 Regulation C","log":"|j|\u2606sea_lake\n|j|\u2606Jesus Bug\n|t:|1682106131\n|gametype|doubles\n|player|p1|sea_lake|266|1078\n|player|p2|Jesus Bug|li|1000\n|teamsize|p1|6\n|teamsize|p2|6\n|gen|9\n|tier|[Gen 9] VGC 2023 Regulation C\n|rated|\n|rule|Species Clause: Limit one of each Pok\u00e9mon\n|rule|Item Clause: Limit one of each item\n|clearpoke\n|poke|p1|Goodra, L50, F|\n|poke|p1|Abomasnow, L50, F|\n|poke|p1|Frosmoth, L50, M|\n|poke|p1|Pelipper, L50, F|\n|poke|p1|Palafin, L50, M|\n|poke|p1|Kingambit, L50, F|\n|poke|p2|Rabsca, L50, F|\n|poke|p2|Pelipper, L50, M|\n|poke|p2|Ting-Lu, L50|\n|poke|p2|Palafin, L50, M|\n|poke|p2|Flutter Mane, L50|\n|poke|p2|Amoonguss, L50, M|\n|teampreview|4\n|c|\u2606Jesus Bug|hf\n|\n|t:|1682106165\n|start\n|switch|p1a: Abomasnow|Abomasnow, L50, F, shiny|100\/100\n|switch|p1b: Goodra|Goodra, L50, F, shiny|100\/100\n|switch|p2a: Pelipper|Pelipper, L50, M|100\/100\n|switch|p2b: Palafin|Palafin, L50, M|100\/100\n|-weather|RainDance|[from] ability: Drizzle|[of] p2a: Pelipper\n|-weather|Snow|[from] ability: Snow Warning|[of] p1a: Abomasnow\n|turn|1\n|\n|t:|1682106189\n|move|p2a: Pelipper|Wide Guard|p2a: Pelipper\n|-singleturn|p2a: Pelipper|Wide Guard\n|move|p2b: Palafin|Flip Turn|p1a: Abomasnow\n|-resisted|p1a: Abomasnow\n|-crit|p1a: Abomasnow\n|-damage|p1a: Abomasnow|87\/100\n|\n|t:|1682106199\n|detailschange|p2b: Palafin|Palafin-Hero, L50, M\n|switch|p2b: Amoonguss|Amoonguss, L50, M|100\/100|[from] Flip Turn\n|move|p1b: Goodra|Blizzard|p2b: Amoonguss|[spread] \n|-activate|p2a: Pelipper|move: Wide Guard\n|-activate|p2b: Amoonguss|move: Wide Guard\n|move|p1a: Abomasnow|Aurora Veil|p1a: Abomasnow\n|-sidestart|p1: sea_lake|move: Aurora Veil\n|\n|-weather|Snow|[upkeep]\n|upkeep\n|turn|2\n|\n|t:|1682106219\n|switch|p2a: Palafin|Palafin-Hero, L50, M|100\/100\n|-activate|p2a: Palafin|ability: Zero to Hero\n|-terastallize|p2b: Amoonguss|Water\n|move|p1b: Goodra|Blizzard|p2a: Palafin|[spread] p2a,p2b\n|-resisted|p2a: Palafin\n|-resisted|p2b: Amoonguss\n|-damage|p2a: Palafin|90\/100\n|-damage|p2b: Amoonguss|93\/100\n|move|p1a: Abomasnow|Weather Ball|p2b: Amoonguss\n|-resisted|p2b: Amoonguss\n|-damage|p2b: Amoonguss|80\/100\n|move|p2b: Amoonguss|Spore|p1b: Goodra\n|-ability|p1b: Goodra|Sap Sipper|boost\n|-boost|p1b: Goodra|atk|1\n|\n|-weather|Snow|[upkeep]\n|upkeep\n|turn|3\n|\n|t:|1682106299\n|switch|p1b: Kingambit|Kingambit, L50, F, shiny|100\/100\n|switch|p1a: Frosmoth|Frosmoth, L50, M|100\/100\n|switch|p2b: Pelipper|Pelipper, L50, M|100\/100\n|-weather|RainDance|[from] ability: Drizzle|[of] p2b: Pelipper\n|move|p2a: Palafin|Flip Turn|p1a: Frosmoth\n|-damage|p1a: Frosmoth|47\/100\n|\n|t:|1682106311\n|switch|p2a: Ting-Lu|Ting-Lu, L50|100\/100|[from] Flip Turn\n|-ability|p2a: Ting-Lu|Vessel of Ruin\n|\n|-weather|RainDance|[upkeep]\n|upkeep\n|turn|4\n|\n|t:|1682106336\n|switch|p1a: Abomasnow|Abomasnow, L50, F, shiny|87\/100\n|-weather|Snow|[from] ability: Snow Warning|[of] p1a: Abomasnow\n|-terastallize|p1b: Kingambit|Flying\n|move|p2b: Pelipper|Hurricane|p1a: Abomasnow|[miss]\n|-miss|p2b: Pelipper|p1a: Abomasnow\n|move|p1b: Kingambit|Assurance|p2b: Pelipper\n|-damage|p2b: Pelipper|59\/100\n|move|p2a: Ting-Lu|Earthquake|p1a: Abomasnow|[spread] p1a\n|-immune|p2b: Pelipper\n|-immune|p1b: Kingambit\n|-resisted|p1a: Abomasnow\n|-damage|p1a: Abomasnow|78\/100\n|\n|-weather|Snow|[upkeep]\n|upkeep\n|turn|5\n|\n|t:|1682106367\n|switch|p1b: Frosmoth|Frosmoth, L50, M|47\/100\n|move|p2b: Pelipper|Hurricane|p1a: Abomasnow\n|-supereffective|p1a: Abomasnow\n|-crit|p1a: Abomasnow\n|-damage|p1a: Abomasnow|0 fnt\n|faint|p1a: Abomasnow\n|move|p2a: Ting-Lu|Rock Tomb|p1b: Frosmoth\n|-supereffective|p1b: Frosmoth\n|-damage|p1b: Frosmoth|2\/100\n|-unboost|p1b: Frosmoth|spe|1\n|\n|-weather|Snow|[upkeep]\n|upkeep\n|c|\u2606Jesus Bug|skill\n|\n|t:|1682106380\n|switch|p1a: Kingambit|Kingambit, L50, F, shiny, tera:Flying|100\/100\n|turn|6\n|\n|t:|1682106394\n|switch|p1b: Goodra|Goodra, L50, F, shiny|100\/100\n|move|p2b: Pelipper|Protect|p2b: Pelipper\n|-singleturn|p2b: Pelipper|Protect\n|move|p1a: Kingambit|Tera Blast|p2b: Pelipper\n|-activate|p2b: Pelipper|move: Protect\n|move|p2a: Ting-Lu|Throat Chop|p1b: Goodra\n|-damage|p1b: Goodra|70\/100\n|-start|p1b: Goodra|Throat Chop|[silent]\n|\n|-weather|Snow|[upkeep]\n|upkeep\n|turn|7\n|c|\u2606Jesus Bug|sorry tho for crit+7\/10acc\n|\n|t:|1682106435\n|switch|p2b: Amoonguss|Amoonguss, L50, M, tera:Water|100\/100\n|move|p1b: Goodra|Blizzard|p2a: Ting-Lu|[spread] p2a,p2b\n|-supereffective|p2a: Ting-Lu\n|-resisted|p2b: Amoonguss\n|-damage|p2a: Ting-Lu|84\/100\n|-damage|p2b: Amoonguss|95\/100\n|move|p1a: Kingambit|Tera Blast|p2b: Amoonguss\n|-damage|p2b: Amoonguss|50\/100\n|-enditem|p2b: Amoonguss|Sitrus Berry|[eat]\n|-heal|p2b: Amoonguss|75\/100|[from] item: Sitrus Berry\n|move|p2a: Ting-Lu|Throat Chop|p1b: Goodra\n|-damage|p1b: Goodra|39\/100\n|\n|-weather|Snow|[upkeep]\n|-end|p1b: Goodra|Throat Chop|[silent]\n|upkeep\n|turn|8\n|\n|t:|1682106465\n|move|p1b: Goodra|Earthquake|p2a: Ting-Lu|[spread] p2a,p2b\n|-immune|p1a: Kingambit\n|-damage|p2a: Ting-Lu|74\/100\n|-damage|p2b: Amoonguss|58\/100\n|move|p1a: Kingambit|Assurance|p2b: Amoonguss\n|-damage|p2b: Amoonguss|0 fnt\n|faint|p2b: Amoonguss\n|move|p2a: Ting-Lu|Throat Chop|p1b: Goodra\n|-damage|p1b: Goodra|5\/100\n|-start|p1b: Goodra|Throat Chop|[silent]\n|\n|-weather|none\n|-sideend|p1: sea_lake|move: Aurora Veil\n|upkeep\n|\n|t:|1682106479\n|switch|p2b: Pelipper|Pelipper, L50, M|59\/100\n|-weather|RainDance|[from] ability: Drizzle|[of] p2b: Pelipper\n|turn|9\n|\n|t:|1682106495\n|move|p2b: Pelipper|Tailwind|p2b: Pelipper\n|-sidestart|p2: Jesus Bug|move: Tailwind\n|move|p2a: Ting-Lu|Earthquake|p1a: Kingambit|[spread] p1b\n|-immune|p2b: Pelipper\n|-immune|p1a: Kingambit\n|-damage|p1b: Goodra|0 fnt\n|faint|p1b: Goodra\n|move|p1a: Kingambit|Assurance|p2b: Pelipper\n|-damage|p2b: Pelipper|12\/100\n|\n|-weather|RainDance|[upkeep]\n|upkeep\n|\n|t:|1682106508\n|switch|p1b: Frosmoth|Frosmoth, L50, M|2\/100\n|turn|10\n|\n|t:|1682106524\n|move|p1b: Frosmoth|Protect|p1b: Frosmoth\n|-singleturn|p1b: Frosmoth|Protect\n|move|p2b: Pelipper|Hurricane|p1a: Kingambit\n|-damage|p1a: Kingambit|62\/100\n|move|p2a: Ting-Lu|Throat Chop|p1b: Frosmoth\n|-activate|p1b: Frosmoth|move: Protect\n|move|p1a: Kingambit|Assurance|p2b: Pelipper\n|-damage|p2b: Pelipper|0 fnt\n|faint|p2b: Pelipper\n|\n|-weather|RainDance|[upkeep]\n|upkeep\n|\n|t:|1682106528\n|switch|p2b: Palafin|Palafin-Hero, L50, M|90\/100\n|turn|11\n|\n|t:|1682106548\n|move|p2b: Palafin|Wave Crash|p1a: Kingambit\n|-damage|p1a: Kingambit|0 fnt\n|faint|p1a: Kingambit\n|-damage|p2b: Palafin|68\/100|[from] Recoil\n|move|p2a: Ting-Lu|Throat Chop|p1b: Frosmoth\n|-damage|p1b: Frosmoth|0 fnt\n|faint|p1b: Frosmoth\n|\n|win|Jesus Bug\n|raw|sea_lake's rating: 1078 → 1052<\/strong> (-26 for losing)\n|raw|Jesus Bug's rating: 1000 → 1049<\/strong> (+49 for winning)\n|c|\u2606Jesus Bug|gg\n|l|\u2606sea_lake\n","uploadtime":1682106646,"views":8,"p1id":"sealake","p2id":"jesusbug","formatid":"gen9vgc2023regulationc","rating":1049,"private":0,"password":""}