{"id":"gen9vgc2023regulationc-1856049778","p1":"Feliber","p2":"Hlxomg","format":"[Gen 9] VGC 2023 Regulation C","log":"|j|\u2606Feliber\n|j|\u2606Hlxomg\n|t:|1683023166\n|gametype|doubles\n|player|p1|Feliber|170|1046\n|player|p2|Hlxomg|veteranf|1132\n|teamsize|p1|6\n|teamsize|p2|6\n|gen|9\n|tier|[Gen 9] VGC 2023 Regulation C\n|rated|\n|rule|Species Clause: Limit one of each Pok\u00e9mon\n|rule|Item Clause: Limit one of each item\n|clearpoke\n|poke|p1|Tsareena, L50, F|\n|poke|p1|Flamigo, L50, F|\n|poke|p1|Iron Moth, L50|\n|poke|p1|Dragapult, L50, F|\n|poke|p1|Revavroom, L50, M|\n|poke|p1|Vaporeon, L50, M|\n|poke|p2|Torkoal, L50, F|\n|poke|p2|Great Tusk, L50|\n|poke|p2|Flutter Mane, L50|\n|poke|p2|Jumpluff, L50, M|\n|poke|p2|Chien-Pao, L50|\n|poke|p2|Kingambit, L50, M|\n|teampreview|4\n|inactive|Battle timer is ON: inactive players will automatically lose when time's up. (requested by Feliber)\n|\n|t:|1683023218\n|start\n|switch|p1a: Flamigo|Flamigo, L50, F|100\/100\n|switch|p1b: Vaporeon|Vaporeon, L50, M, shiny|100\/100\n|switch|p2a: Torkoal|Torkoal, L50, F|100\/100\n|switch|p2b: Jumpluff|Jumpluff, L50, M|100\/100\n|-copyboost|p1a: Flamigo|p1b: Vaporeon|[from] ability: Costar\n|-weather|SunnyDay|[from] ability: Drought|[of] p2a: Torkoal\n|turn|1\n|\n|t:|1683023241\n|move|p2b: Jumpluff|Sleep Powder|p1a: Flamigo\n|-status|p1a: Flamigo|slp|[from] move: Sleep Powder\n|cant|p1a: Flamigo|slp\n|move|p1b: Vaporeon|Calm Mind|p1b: Vaporeon\n|-boost|p1b: Vaporeon|spa|1\n|-boost|p1b: Vaporeon|spd|1\n|move|p2a: Torkoal|Overheat|p1a: Flamigo|[miss]\n|-miss|p2a: Torkoal|p1a: Flamigo\n|\n|-weather|SunnyDay|[upkeep]\n|upkeep\n|turn|2\n|\n|t:|1683023257\n|move|p2b: Jumpluff|Encore|p1b: Vaporeon\n|-start|p1b: Vaporeon|Encore\n|cant|p1a: Flamigo|slp\n|move|p1b: Vaporeon|Calm Mind|p1b: Vaporeon\n|-boost|p1b: Vaporeon|spa|1\n|-boost|p1b: Vaporeon|spd|1\n|move|p2a: Torkoal|Overheat|p1a: Flamigo|[miss]\n|-miss|p2a: Torkoal|p1a: Flamigo\n|\n|-weather|SunnyDay|[upkeep]\n|upkeep\n|turn|3\n|\n|t:|1683023273\n|move|p2b: Jumpluff|Sleep Powder|p1b: Vaporeon\n|-status|p1b: Vaporeon|slp|[from] move: Sleep Powder\n|-curestatus|p1a: Flamigo|slp|[msg]\n|move|p1a: Flamigo|Tailwind|p1a: Flamigo\n|-sidestart|p1: Feliber|move: Tailwind\n|cant|p1b: Vaporeon|slp\n|move|p2a: Torkoal|Overheat|p1a: Flamigo\n|-enditem|p1a: Flamigo|Focus Sash\n|-damage|p1a: Flamigo|1\/100\n|-unboost|p2a: Torkoal|spa|2\n|-enditem|p2a: Torkoal|Eject Pack\n|\n|t:|1683023287\n|switch|p2a: Great Tusk|Great Tusk, L50|100\/100\n|-activate|p2a: Great Tusk|ability: Protosynthesis\n|-start|p2a: Great Tusk|protosynthesisatk\n|\n|-weather|SunnyDay|[upkeep]\n|upkeep\n|turn|4\n|\n|t:|1683023306\n|-terastallize|p2a: Great Tusk|Fire\n|move|p2b: Jumpluff|Tailwind|p2b: Jumpluff\n|-sidestart|p2: Hlxomg|move: Tailwind\n|move|p2a: Great Tusk|Headlong Rush|p1b: Vaporeon\n|-damage|p1b: Vaporeon|0 fnt\n|-unboost|p2a: Great Tusk|def|1\n|-unboost|p2a: Great Tusk|spd|1\n|faint|p1b: Vaporeon\n|move|p1a: Flamigo|Acrobatics|p2b: Jumpluff\n|-supereffective|p2b: Jumpluff\n|-crit|p2b: Jumpluff\n|-damage|p2b: Jumpluff|0 fnt\n|faint|p2b: Jumpluff\n|\n|-weather|SunnyDay|[upkeep]\n|upkeep\n|\n|t:|1683023322\n|switch|p2b: Flutter Mane|Flutter Mane, L50|100\/100\n|switch|p1b: Revavroom|Revavroom, L50, M|100\/100\n|-activate|p2b: Flutter Mane|ability: Protosynthesis\n|-start|p2b: Flutter Mane|protosynthesisspe\n|-item|p1b: Revavroom|Air Balloon\n|turn|5\n|\n|t:|1683023344\n|move|p2b: Flutter Mane|Dazzling Gleam|p1a: Flamigo|[spread] p1a,p1b\n|-supereffective|p1a: Flamigo\n|-resisted|p1b: Revavroom\n|-damage|p1a: Flamigo|0 fnt\n|-damage|p1b: Revavroom|88\/100\n|-enditem|p1b: Revavroom|Air Balloon\n|faint|p1a: Flamigo\n|move|p2a: Great Tusk|Headlong Rush|p1b: Revavroom\n|-supereffective|p1b: Revavroom\n|-damage|p1b: Revavroom|0 fnt\n|-unboost|p2a: Great Tusk|def|1\n|-unboost|p2a: Great Tusk|spd|1\n|faint|p1b: Revavroom\n|\n|-weather|none\n|-end|p2b: Flutter Mane|Protosynthesis\n|-end|p2a: Great Tusk|Protosynthesis\n|upkeep\n|\n|t:|1683023357\n|switch|p1b: Iron Moth|Iron Moth, L50|100\/100\n|-enditem|p1b: Iron Moth|Booster Energy\n|-activate|p1b: Iron Moth|ability: Quark Drive|[fromitem]\n|-start|p1b: Iron Moth|quarkdrivespa\n|turn|6\n|\n|t:|1683023372\n|-terastallize|p1b: Iron Moth|Fire\n|move|p2a: Great Tusk|Headlong Rush|p1b: Iron Moth\n|-supereffective|p1b: Iron Moth\n|-damage|p1b: Iron Moth|0 fnt\n|-unboost|p2a: Great Tusk|def|1\n|-unboost|p2a: Great Tusk|spd|1\n|faint|p1b: Iron Moth\n|-end|p1b: Iron Moth|Quark Drive|[silent]\n|\n|win|Hlxomg\n|raw|Feliber's rating: 1046 → 1033<\/strong> (-13 for losing)\n|raw|Hlxomg's rating: 1132 → 1151<\/strong> (+19 for winning)\n|l|\u2606Feliber\n|l|\u2606Hlxomg\n|j| Nightmare_King_VGC\n","uploadtime":1683023803,"views":10,"p1id":"feliber","p2id":"hlxomg","formatid":"gen9vgc2023regulationc","rating":1033,"private":0,"password":""}