{"id":"gen9vgc2023regulationc-1845954528","p1":"vasperchu","p2":"Zoono","format":"[Gen 9] VGC 2023 Regulation C","log":"|j|\u2606vasperchu\n|j|\u2606Zoono\n|t:|1681783417\n|gametype|doubles\n|player|p1|vasperchu|1|1117\n|player|p2|Zoono|ghetsis-gen5bw|1082\n|teamsize|p1|6\n|teamsize|p2|6\n|gen|9\n|tier|[Gen 9] VGC 2023 Regulation C\n|rated|\n|rule|Species Clause: Limit one of each Pok\u00e9mon\n|rule|Item Clause: Limit one of each item\n|clearpoke\n|poke|p1|Gothitelle, L50, F|\n|poke|p1|Volcarona, L50, M|\n|poke|p1|Palafin, L50, F|\n|poke|p1|Scizor, L50, M|\n|poke|p1|Bellibolt, L50, F|\n|poke|p1|Lucario, L50, M|\n|poke|p2|Flutter Mane, L50|\n|poke|p2|Amoonguss, L50, M|\n|poke|p2|Arcanine, L50, F|\n|poke|p2|Palafin, L50, F|\n|poke|p2|Ting-Lu, L50|\n|poke|p2|Dragonite, L50, M|\n|teampreview|4\nZoono has agreed to open team sheets.\n|\n|t:|1681783448\n|start\n|switch|p1a: Palafin|Palafin, L50, F|100\/100\n|switch|p1b: Gothitelle|Gothitelle, L50, F|100\/100\n|switch|p2a: PalaWIN|Palafin, L50, F|100\/100\n|switch|p2b: My man|Dragonite, L50, M, shiny|100\/100\n|turn|1\n|\n|t:|1681783465\n|detailschange|p1a: Palafin|Palafin-Hero, L50, F\n|switch|p1a: Volcarona|Volcarona, L50, M, shiny|100\/100\n|move|p2a: PalaWIN|Protect|p2a: PalaWIN\n|-singleturn|p2a: PalaWIN|Protect\n|move|p1b: Gothitelle|Fake Out|p2b: My man\n|-damage|p2b: My man|98\/100\n|cant|p2b: My man|flinch\n|\n|upkeep\n|turn|2\n|\n|t:|1681783483\n|-terastallize|p1a: Volcarona|Grass\n|move|p2a: PalaWIN|Jet Punch|p1a: Volcarona\n|-resisted|p1a: Volcarona\n|-damage|p1a: Volcarona|86\/100\n|move|p1a: Volcarona|Quiver Dance|p1a: Volcarona\n|-boost|p1a: Volcarona|spa|1\n|-boost|p1a: Volcarona|spd|1\n|-boost|p1a: Volcarona|spe|1\n|move|p2b: My man|Dragon Dance|p2b: My man\n|-boost|p2b: My man|atk|1\n|-boost|p2b: My man|spe|1\n|move|p1b: Gothitelle|Heal Pulse|p1a: Volcarona\n|-heal|p1a: Volcarona|100\/100\n|\n|upkeep\n|turn|3\n|\n|t:|1681783503\n|-terastallize|p2b: My man|Fire\n|move|p2a: PalaWIN|Jet Punch|p1b: Gothitelle\n|-damage|p1b: Gothitelle|71\/100\n|move|p1a: Volcarona|Heat Wave|p2a: PalaWIN|[spread] p2a\n|-miss|p1a: Volcarona|p2b: My man\n|-resisted|p2a: PalaWIN\n|-damage|p2a: PalaWIN|69\/100\n|move|p2b: My man|Fire Punch|p1a: Volcarona\n|-supereffective|p1a: Volcarona\n|-damage|p1a: Volcarona|0 fnt\n|faint|p1a: Volcarona\n|move|p1b: Gothitelle|Psychic|p2b: My man\n|-damage|p2b: My man|69\/100\n|\n|upkeep\n|\n|t:|1681783515\n|switch|p1a: Palafin|Palafin-Hero, L50, F|100\/100\n|-activate|p1a: Palafin|ability: Zero to Hero\n|turn|4\n|\n|t:|1681783533\n|switch|p1b: Bellibolt|Bellibolt, L50, F|100\/100\n|move|p2b: My man|Extreme Speed|p1b: Bellibolt\n|-damage|p1b: Bellibolt|69\/100\n|-start|p1b: Bellibolt|Charge|Extreme Speed|[from] ability: Electromorphosis\n|move|p1a: Palafin|Bulk Up|p1a: Palafin\n|-boost|p1a: Palafin|atk|1\n|-boost|p1a: Palafin|def|1\n|move|p2a: PalaWIN|Drain Punch|p1a: Palafin\n|-damage|p1a: Palafin|86\/100\n|-heal|p2a: PalaWIN|76\/100|[from] drain|[of] p1a: Palafin\n|\n|upkeep\n|turn|5\n|\n|t:|1681783582\n|detailschange|p2a: PalaWIN|Palafin-Hero, L50, F\n|switch|p2a: Nugget|Arcanine, L50, F, shiny|100\/100\n|-ability|p2a: Nugget|Intimidate|boost\n|-unboost|p1a: Palafin|atk|1\n|-unboost|p1b: Bellibolt|atk|1\n|move|p1a: Palafin|Jet Punch|p2b: My man\n|-supereffective|p2b: My man\n|-damage|p2b: My man|0 fnt\n|faint|p2b: My man\n|move|p1b: Bellibolt|Thunderbolt|p2a: Nugget\n|-damage|p2a: Nugget|38\/100\n|-end|p1b: Bellibolt|Charge|[silent]\n|\n|upkeep\n|\n|t:|1681783597\n|switch|p2b: Ting-Lu|Ting-Lu, L50|100\/100\n|-ability|p2b: Ting-Lu|Vessel of Ruin\n|turn|6\n|\n|t:|1681783627\n|switch|p2a: PalaWIN|Palafin-Hero, L50, F|76\/100\n|-activate|p2a: PalaWIN|ability: Zero to Hero\n|switch|p1b: Gothitelle|Gothitelle, L50, F|71\/100\n|move|p1a: Palafin|Jet Punch|p2a: PalaWIN\n|-resisted|p2a: PalaWIN\n|-damage|p2a: PalaWIN|57\/100\n|move|p2b: Ting-Lu|Stomping Tantrum|p1a: Palafin\n|-damage|p1a: Palafin|63\/100\n|\n|upkeep\n|turn|7\n|\n|t:|1681783657\n|move|p1b: Gothitelle|Fake Out|p2a: PalaWIN\n|-crit|p2a: PalaWIN\n|-damage|p2a: PalaWIN|49\/100\n|cant|p2a: PalaWIN|flinch\n|move|p1a: Palafin|Bulk Up|p1a: Palafin\n|-boost|p1a: Palafin|atk|1\n|-boost|p1a: Palafin|def|1\n|move|p2b: Ting-Lu|Fissure|p1a: Palafin|[miss]\n|-miss|p2b: Ting-Lu|p1a: Palafin\n|\n|upkeep\n|turn|8\n|\n|t:|1681783683\n|move|p2a: PalaWIN|Jet Punch|p1b: Gothitelle\n|-damage|p1b: Gothitelle|20\/100\n|-enditem|p1b: Gothitelle|Figy Berry|[eat]\n|-heal|p1b: Gothitelle|53\/100|[from] item: Figy Berry\n|move|p1a: Palafin|Drain Punch|p2a: PalaWIN\n|-damage|p2a: PalaWIN|5\/100\n|-heal|p1a: Palafin|88\/100|[from] drain|[of] p2a: PalaWIN\n|move|p1b: Gothitelle|Heal Pulse|p1a: Palafin\n|-heal|p1a: Palafin|100\/100\n|move|p2b: Ting-Lu|Fissure|p1a: Palafin\n|-damage|p1a: Palafin|0 fnt\n|faint|p1a: Palafin\n|-ohko\n|\n|upkeep\n|\n|t:|1681783696\n|switch|p1a: Bellibolt|Bellibolt, L50, F|69\/100\n|turn|9\n|\n|t:|1681783708\n|move|p2a: PalaWIN|Jet Punch|p1b: Gothitelle\n|-damage|p1b: Gothitelle|3\/100\n|move|p1b: Gothitelle|Heal Pulse|p1a: Bellibolt\n|-heal|p1a: Bellibolt|100\/100\n|move|p2b: Ting-Lu|Stomping Tantrum|p1a: Bellibolt\n|-supereffective|p1a: Bellibolt\n|-damage|p1a: Bellibolt|55\/100\n|-start|p1a: Bellibolt|Charge|Stomping Tantrum|[from] ability: Electromorphosis\n|move|p1a: Bellibolt|Muddy Water|p2b: Ting-Lu|[spread] p2a,p2b\n|-resisted|p2a: PalaWIN\n|-supereffective|p2b: Ting-Lu\n|-damage|p2a: PalaWIN|0 fnt\n|-damage|p2b: Ting-Lu|89\/100\n|-unboost|p2b: Ting-Lu|accuracy|1\n|faint|p2a: PalaWIN\n|\n|upkeep\n|\n|t:|1681783722\n|switch|p2a: Nugget|Arcanine, L50, F, shiny|38\/100\n|-ability|p2a: Nugget|Intimidate|boost\n|-unboost|p1a: Bellibolt|atk|1\n|-unboost|p1b: Gothitelle|atk|1\n|turn|10\n|\n|t:|1681783730\n|move|p2a: Nugget|Snarl|p1b: Gothitelle|[spread] p1a,p1b\n|-supereffective|p1b: Gothitelle\n|-damage|p1a: Bellibolt|50\/100\n|-damage|p1b: Gothitelle|0 fnt\n|-unboost|p1a: Bellibolt|spa|1\n|-start|p1a: Bellibolt|Charge|Snarl|[from] ability: Electromorphosis\n|faint|p1b: Gothitelle\n|move|p2b: Ting-Lu|Stomping Tantrum|p1a: Bellibolt\n|-supereffective|p1a: Bellibolt\n|-damage|p1a: Bellibolt|6\/100\n|-start|p1a: Bellibolt|Charge|Stomping Tantrum|[from] ability: Electromorphosis\n|move|p1a: Bellibolt|Muddy Water|p2a: Nugget|[spread] p2b\n|-miss|p1a: Bellibolt|p2a: Nugget\n|-supereffective|p2b: Ting-Lu\n|-damage|p2b: Ting-Lu|81\/100\n|-unboost|p2b: Ting-Lu|accuracy|1\n|\n|upkeep\n|turn|11\n|-message|vasperchu forfeited.\n|\n|win|Zoono\n|raw|vasperchu's rating: 1117 → 1089<\/strong> (-28 for losing)\n|raw|Zoono's rating: 1082 → 1112<\/strong> (+30 for winning)\n|l|\u2606vasperchu\n","uploadtime":1681783753,"views":10,"p1id":"vasperchu","p2id":"zoono","formatid":"gen9vgc2023regulationc","rating":1089,"private":0,"password":""}