{"id":"gen9vgc2023regulationc-1845283174","p1":"tumorcio","p2":"PoGoboy","format":"[Gen 9] VGC 2023 Regulation C","log":"|j|\u2606tumorcio\n|j|\u2606PoGoboy\n|t:|1681707349\n|gametype|doubles\n|player|p1|tumorcio|101|1185\n|player|p2|PoGoboy|2|1295\n|teamsize|p1|6\n|teamsize|p2|6\n|gen|9\n|tier|[Gen 9] VGC 2023 Regulation C\n|rated|\n|rule|Species Clause: Limit one of each Pok\u00e9mon\n|rule|Item Clause: Limit one of each item\n|clearpoke\n|poke|p1|Flutter Mane, L50|\n|poke|p1|Arcanine, L50, M|\n|poke|p1|Iron Hands, L50|\n|poke|p1|Amoonguss, L50, M|\n|poke|p1|Chien-Pao, L50|\n|poke|p1|Palafin, L50, M|\n|poke|p2|Annihilape, L50, M|\n|poke|p2|Roaring Moon, L50|\n|poke|p2|Gardevoir, L50, F|\n|poke|p2|Garchomp, L50, F|\n|poke|p2|Abomasnow, L50, F|\n|poke|p2|Iron Bundle, L50|\n|teampreview|4\n|inactive|Battle timer is ON: inactive players will automatically lose when time's up. (requested by PoGoboy)\n|inactive|tumorcio also wants the timer to be on.\nPoGoboy has agreed to open team sheets.\n|inactive|tumorcio has 60 seconds left.\n|inactive|tumorcio has 30 seconds left.\n|inactive|tumorcio has 20 seconds left.\n|inactive|tumorcio has 15 seconds left.\n|inactive|tumorcio has 10 seconds left.\n|inactive|tumorcio has 5 seconds left.\n|\n|t:|1681707434\n|start\n|switch|p1a: Iron Hands|Iron Hands, L50|100\/100\n|switch|p1b: Chien-Pao|Chien-Pao, L50|100\/100\n|switch|p2a: Garchomp|Garchomp, L50, F, shiny|100\/100\n|switch|p2b: Gardevoir|Gardevoir, L50, F, shiny|100\/100\n|-ability|p1b: Chien-Pao|Sword of Ruin\n|turn|1\n|inactive|tumorcio has 30 seconds left.\n|\n|t:|1681707465\n|-terastallize|p2a: Garchomp|Fire\n|move|p1a: Iron Hands|Fake Out|p2b: Gardevoir\n|-damage|p2b: Gardevoir|72\/100\n|move|p1b: Chien-Pao|Ice Spinner|p2b: Gardevoir\n|-damage|p2b: Gardevoir|0 fnt\n|faint|p2b: Gardevoir\n|move|p2a: Garchomp|Earthquake|p1a: Iron Hands|[spread] p1a,p1b\n|-supereffective|p1a: Iron Hands\n|-damage|p1a: Iron Hands|24\/100\n|-damage|p1b: Chien-Pao|46\/100\n|\n|upkeep\n|\n|t:|1681707473\n|switch|p2b: Abomasnow|Abomasnow, L50, F, shiny|100\/100\n|-weather|Snow|[from] ability: Snow Warning|[of] p2b: Abomasnow\n|turn|2\n|\n|t:|1681707498\n|move|p1b: Chien-Pao|Protect|p1b: Chien-Pao\n|-singleturn|p1b: Chien-Pao|Protect\n|move|p2a: Garchomp|Protect|p2a: Garchomp\n|-singleturn|p2a: Garchomp|Protect\n|move|p2b: Abomasnow|Blizzard|p1b: Chien-Pao|[spread] p1a\n|-activate|p1b: Chien-Pao|move: Protect\n|-damage|p1a: Iron Hands|0 fnt\n|faint|p1a: Iron Hands\n|-end|p1a: Iron Hands|Quark Drive|[silent]\n|-damage|p2b: Abomasnow|91\/100|[from] item: Life Orb\n|\n|-weather|Snow|[upkeep]\n|upkeep\n|\n|t:|1681707517\n|switch|p1a: Flutter Mane|Flutter Mane, L50|100\/100\n|-enditem|p1a: Flutter Mane|Booster Energy\n|-activate|p1a: Flutter Mane|ability: Protosynthesis|[fromitem]\n|-start|p1a: Flutter Mane|protosynthesisspa\n|turn|3\n|\n|t:|1681707528\n|switch|p2a: Iron Bundle|Iron Bundle, L50, shiny|100\/100\n|move|p1b: Chien-Pao|Sucker Punch||[still]\n|-fail|p1b: Chien-Pao\n|move|p1a: Flutter Mane|Shadow Ball|p2a: Iron Bundle\n|-crit|p2a: Iron Bundle\n|-damage|p2a: Iron Bundle|0 fnt\n|faint|p2a: Iron Bundle\n|-end|p2a: Iron Bundle|Quark Drive|[silent]\n|move|p2b: Abomasnow|Giga Drain|p1b: Chien-Pao\n|-damage|p1b: Chien-Pao|0 fnt\n|-heal|p2b: Abomasnow|100\/100|[from] drain|[of] p1b: Chien-Pao\n|faint|p1b: Chien-Pao\n|-damage|p2b: Abomasnow|91\/100|[from] item: Life Orb\n|\n|-weather|Snow|[upkeep]\n|upkeep\n|\n|t:|1681707539\n|switch|p2a: Garchomp|Garchomp, L50, F, shiny, tera:Fire|100\/100\n|switch|p1b: Arcanine|Arcanine, L50, M|100\/100\n|-ability|p1b: Arcanine|Intimidate|boost\n|-fail|p2a: Garchomp|unboost|[from] item: Clear Amulet|[of] p2a: Garchomp\n|-unboost|p2b: Abomasnow|atk|1\n|turn|4\n|\n|t:|1681707551\n|-terastallize|p1b: Arcanine|Flying\n|move|p2b: Abomasnow|Protect|p2b: Abomasnow\n|-singleturn|p2b: Abomasnow|Protect\n|move|p1a: Flutter Mane|Shadow Ball|p2a: Garchomp\n|-damage|p2a: Garchomp|40\/100\n|move|p2a: Garchomp|Earthquake|p1a: Flutter Mane|[spread] p1a\n|-activate|p2b: Abomasnow|move: Protect\n|-immune|p1b: Arcanine\n|-damage|p1a: Flutter Mane|23\/100\n|move|p1b: Arcanine|Flare Blitz|p2b: Abomasnow\n|-activate|p2b: Abomasnow|move: Protect\n|\n|-weather|Snow|[upkeep]\n|upkeep\n|turn|5\n|\n|t:|1681707576\n|move|p2b: Abomasnow|Protect||[still]\n|-fail|p2b: Abomasnow\n|move|p1a: Flutter Mane|Shadow Ball|p2a: Garchomp\n|-damage|p2a: Garchomp|0 fnt\n|faint|p2a: Garchomp\n|move|p1b: Arcanine|Flare Blitz|p2b: Abomasnow\n|-supereffective|p2b: Abomasnow\n|-damage|p2b: Abomasnow|0 fnt\n|faint|p2b: Abomasnow\n|-damage|p1b: Arcanine|71\/100|[from] Recoil\n|\n|win|tumorcio\n|raw|tumorcio's rating: 1185 → 1218<\/strong> (+33 for winning)\n|raw|PoGoboy's rating: 1295 → 1262<\/strong> (-33 for losing)\n|l|\u2606PoGoboy\n","uploadtime":1681707587,"views":10,"p1id":"tumorcio","p2id":"pogoboy","formatid":"gen9vgc2023regulationc","rating":1218,"private":0,"password":""}