{"id":"gen9vgc2023regulationc-1845598843","p1":"yrdt5","p2":"KB1107","format":"[Gen 9] VGC 2023 Regulation C","log":"|j|\u2606yrdt5\n|j|\u2606KB1107\n|t:|1681748279\n|gametype|doubles\n|player|p1|yrdt5|102|1040\n|player|p2|KB1107|102|1083\n|teamsize|p1|6\n|teamsize|p2|6\n|gen|9\n|tier|[Gen 9] VGC 2023 Regulation C\n|rated|\n|rule|Species Clause: Limit one of each Pok\u00e9mon\n|rule|Item Clause: Limit one of each item\n|clearpoke\n|poke|p1|Maushold, L50|\n|poke|p1|Murkrow, L50, M|\n|poke|p1|Baxcalibur, L50, F|\n|poke|p1|Great Tusk, L50|\n|poke|p1|Arcanine, L50, F|\n|poke|p1|Torkoal, L50, M|\n|poke|p2|Dragonite, L50, M|\n|poke|p2|Pelipper, L50, F|\n|poke|p2|Tinkaton, L50, F|\n|poke|p2|Garchomp, L50, M|\n|poke|p2|Raichu, L50, F|\n|poke|p2|Palafin, L50, M|\n|teampreview|4\n|inactive|Battle timer is ON: inactive players will automatically lose when time's up. (requested by yrdt5)\n|\n|t:|1681748318\n|start\n|switch|p1a: Murkrow|Murkrow, L50, M|100\/100\n|switch|p1b: Baxcalibur|Baxcalibur, L50, F|100\/100\n|switch|p2a: Tinkaton|Tinkaton, L50, F|100\/100\n|switch|p2b: Palafin|Palafin, L50, M, shiny|100\/100\n|turn|1\n|\n|t:|1681748339\n|detailschange|p2b: Palafin|Palafin-Hero, L50, M, shiny\n|switch|p2b: Pelipper|Pelipper, L50, F, shiny|100\/100\n|-weather|RainDance|[from] ability: Drizzle|[of] p2b: Pelipper\n|move|p2a: Tinkaton|Fake Out|p1a: Murkrow\n|-damage|p1a: Murkrow|78\/100\n|-damage|p2a: Tinkaton|84\/100|[from] item: Rocky Helmet|[of] p1a: Murkrow\n|cant|p1a: Murkrow|flinch\n|move|p1b: Baxcalibur|Dragon Dance|p1b: Baxcalibur\n|-boost|p1b: Baxcalibur|atk|1\n|-boost|p1b: Baxcalibur|spe|1\n|\n|-weather|RainDance|[upkeep]\n|upkeep\n|turn|2\n|\n|t:|1681748360\n|move|p1a: Murkrow|Tailwind|p1a: Murkrow\n|-sidestart|p1: yrdt5|move: Tailwind\n|move|p1b: Baxcalibur|Icicle Spear|p2a: Tinkaton\n|-resisted|p2a: Tinkaton\n|-damage|p2a: Tinkaton|70\/100\n|-resisted|p2a: Tinkaton\n|-damage|p2a: Tinkaton|56\/100\n|-resisted|p2a: Tinkaton\n|-damage|p2a: Tinkaton|43\/100\n|-enditem|p2a: Tinkaton|Sitrus Berry|[eat]\n|-heal|p2a: Tinkaton|68\/100|[from] item: Sitrus Berry\n|-resisted|p2a: Tinkaton\n|-damage|p2a: Tinkaton|56\/100\n|-resisted|p2a: Tinkaton\n|-damage|p2a: Tinkaton|43\/100\n|-hitcount|p2a: Tinkaton|5\n|move|p2a: Tinkaton|Knock Off|p1b: Baxcalibur\n|-damage|p1b: Baxcalibur|77\/100\n|-enditem|p1b: Baxcalibur|Loaded Dice|[from] move: Knock Off|[of] p2a: Tinkaton\n|move|p2b: Pelipper|Hydro Pump|p1b: Baxcalibur\n|-resisted|p1b: Baxcalibur\n|-damage|p1b: Baxcalibur|33\/100\n|\n|-weather|RainDance|[upkeep]\n|upkeep\n|turn|3\n|inactive|yrdt5 has 30 seconds left.\n|inactive|KB1107 has 30 seconds left.\n|\n|t:|1681748391\n|move|p1a: Murkrow|Perish Song|p1a: Murkrow\n|-start|p1a: Murkrow|perish3|[silent]\n|-start|p1b: Baxcalibur|perish3|[silent]\n|-start|p2a: Tinkaton|perish3|[silent]\n|-start|p2b: Pelipper|perish3|[silent]\n|-fieldactivate|move: Perish Song\n|move|p1b: Baxcalibur|Icicle Spear|p2a: Tinkaton\n|-resisted|p2a: Tinkaton\n|-damage|p2a: Tinkaton|31\/100\n|-resisted|p2a: Tinkaton\n|-damage|p2a: Tinkaton|17\/100\n|-resisted|p2a: Tinkaton\n|-damage|p2a: Tinkaton|3\/100\n|-hitcount|p2a: Tinkaton|3\n|move|p2a: Tinkaton|Play Rough|p1b: Baxcalibur\n|-supereffective|p1b: Baxcalibur\n|-damage|p1b: Baxcalibur|0 fnt\n|faint|p1b: Baxcalibur\n|move|p2b: Pelipper|Tailwind|p2b: Pelipper\n|-sidestart|p2: KB1107|move: Tailwind\n|\n|-weather|RainDance|[upkeep]\n|-start|p1a: Murkrow|perish3\n|-start|p2a: Tinkaton|perish3\n|-start|p2b: Pelipper|perish3\n|upkeep\n|\n|t:|1681748404\n|switch|p1b: Torkoal|Torkoal, L50, M|100\/100\n|-weather|SunnyDay|[from] ability: Drought|[of] p1b: Torkoal\n|turn|4\n|\n|t:|1681748428\n|switch|p2b: Garchomp|Garchomp, L50, M|100\/100\n|move|p1a: Murkrow|Foul Play|p2a: Tinkaton\n|-resisted|p2a: Tinkaton\n|-damage|p2a: Tinkaton|0 fnt\n|faint|p2a: Tinkaton\n|move|p1b: Torkoal|Will-O-Wisp|p2b: Garchomp\n|-status|p2b: Garchomp|brn\n|\n|-weather|SunnyDay|[upkeep]\n|-damage|p2b: Garchomp|94\/100 brn|[from] brn\n|-start|p1a: Murkrow|perish2\n|upkeep\n|\n|t:|1681748441\n|switch|p2a: Pelipper|Pelipper, L50, F, shiny|100\/100\n|-weather|RainDance|[from] ability: Drizzle|[of] p2a: Pelipper\n|turn|5\n|\n|t:|1681748465\n|move|p1a: Murkrow|Perish Song|p1a: Murkrow\n|-start|p1b: Torkoal|perish3|[silent]\n|-start|p2a: Pelipper|perish3|[silent]\n|-start|p2b: Garchomp|perish3|[silent]\n|-fieldactivate|move: Perish Song\n|move|p2b: Garchomp|Earthquake|p1a: Murkrow|[spread] p1b\n|-immune|p2a: Pelipper\n|-immune|p1a: Murkrow\n|-supereffective|p1b: Torkoal\n|-damage|p1b: Torkoal|74\/100\n|move|p2a: Pelipper|Hydro Pump|p1b: Torkoal|[miss]\n|-miss|p2a: Pelipper|p1b: Torkoal\n|move|p1b: Torkoal|Lava Plume|p2b: Garchomp|[spread] p1a,p2a,p2b\n|-resisted|p2a: Pelipper\n|-resisted|p2b: Garchomp\n|-damage|p1a: Murkrow|62\/100\n|-damage|p2a: Pelipper|95\/100\n|-damage|p2b: Garchomp|90\/100 brn\n|\n|-weather|RainDance|[upkeep]\n|-damage|p2b: Garchomp|84\/100 brn|[from] brn\n|-start|p2b: Garchomp|perish3\n|-start|p1a: Murkrow|perish1\n|-start|p2a: Pelipper|perish3\n|-start|p1b: Torkoal|perish3\n|-sideend|p1: yrdt5|move: Tailwind\n|upkeep\n|turn|6\n|inactive|yrdt5 has 30 seconds left.\n|inactive|KB1107 has 30 seconds left.\n|\n|t:|1681748495\n|switch|p2b: Palafin|Palafin-Hero, L50, M, shiny|100\/100\n|-activate|p2b: Palafin|ability: Zero to Hero\n|switch|p1a: Arcanine|Arcanine, L50, F|100\/100\n|-ability|p1a: Arcanine|Intimidate|boost\n|-unboost|p2a: Pelipper|atk|1\n|-unboost|p2b: Palafin|atk|1\n|move|p2a: Pelipper|Hydro Pump|p1b: Torkoal\n|-supereffective|p1b: Torkoal\n|-damage|p1b: Torkoal|0 fnt\n|faint|p1b: Torkoal\n|\n|-weather|RainDance|[upkeep]\n|-start|p2a: Pelipper|perish2\n|-sideend|p2: KB1107|move: Tailwind\n|upkeep\n|\n|t:|1681748505\n|switch|p1b: Murkrow|Murkrow, L50, M|62\/100\n|turn|7\n|\n|t:|1681748520\n|-terastallize|p1a: Arcanine|Grass\n|move|p1b: Murkrow|Tailwind|p1b: Murkrow\n|-sidestart|p1: yrdt5|move: Tailwind\n|move|p1a: Arcanine|Tera Blast|p2b: Palafin\n|-supereffective|p2b: Palafin\n|-damage|p2b: Palafin|21\/100\n|move|p2b: Palafin|Wave Crash|p1a: Arcanine\n|-resisted|p1a: Arcanine\n|-damage|p1a: Arcanine|42\/100\n|-damage|p2b: Palafin|3\/100|[from] Recoil\n|-damage|p2b: Palafin|0 fnt|[from] item: Life Orb\n|faint|p2b: Palafin\n|move|p2a: Pelipper|Hydro Pump|p1a: Arcanine\n|-resisted|p1a: Arcanine\n|-damage|p1a: Arcanine|0 fnt\n|faint|p1a: Arcanine\n|\n|-weather|RainDance|[upkeep]\n|-start|p2a: Pelipper|perish1\n|upkeep\n|\n|t:|1681748540\n|switch|p2b: Garchomp|Garchomp, L50, M|84\/100 brn\n|turn|8\n|\n|t:|1681748555\n|move|p1b: Murkrow|Foul Play|p2b: Garchomp\n|-damage|p2b: Garchomp|33\/100 brn\n|-damage|p1b: Murkrow|50\/100|[from] ability: Rough Skin|[of] p2b: Garchomp\n|move|p2b: Garchomp|Outrage|p1b: Murkrow\n|-damage|p1b: Murkrow|0 fnt\n|-damage|p2b: Garchomp|16\/100 brn|[from] item: Rocky Helmet|[of] p1b: Murkrow\n|faint|p1b: Murkrow\n|\n|win|KB1107\n|raw|yrdt5's rating: 1040 → 1026<\/strong> (-14 for losing)\n|raw|KB1107's rating: 1083 → 1107<\/strong> (+24 for winning)\n|l|\u2606yrdt5\n","uploadtime":1681748575,"views":17,"p1id":"yrdt5","p2id":"kb1107","formatid":"gen9vgc2023regulationc","rating":1026,"private":0,"password":""}