{"id":"gen9vgc2023regulationc-1848757386","p1":"Lexus05F","p2":"TkwIme","format":"[Gen 9] VGC 2023 Regulation C","log":"|j|\u2606Lexus05F\n|j|\u2606TkwIme\n|t:|1682107366\n|gametype|doubles\n|player|p1|Lexus05F|ghetsis-gen5bw|\n|player|p2|TkwIme|2|\n|teamsize|p1|6\n|teamsize|p2|6\n|gen|9\n|tier|[Gen 9] VGC 2023 Regulation C\n|rule|Species Clause: Limit one of each Pok\u00e9mon\n|rule|Item Clause: Limit one of each item\n|clearpoke\n|poke|p1|Flutter Mane, L50|\n|poke|p1|Murkrow, L50, M|\n|poke|p1|Great Tusk, L50|\n|poke|p1|Brute Bonnet, L50|\n|poke|p1|Chi-Yu, L50|\n|poke|p1|Corviknight, L50, F|\n|poke|p2|Amoonguss, L50, M|\n|poke|p2|Ting-Lu, L50|\n|poke|p2|Iron Hands, L50|\n|poke|p2|Arcanine, L50, M|\n|poke|p2|Palafin, L50, M|\n|poke|p2|Flutter Mane, L50|\n|teampreview|4\nTkwIme has agreed to open team sheets.\nLexus05F has agreed to open team sheets.\n|c|\u2606Lexus05F|Listo\n|inactive|Battle timer is ON: inactive players will automatically lose when time's up. (requested by Lexus05F)\n|inactive|Lexus05F has 60 seconds left.\n|inactive|TkwIme has 60 seconds left.\n|\n|t:|1682107507\n|start\n|switch|p1a: Murkrow|Murkrow, L50, M, shiny|100\/100\n|switch|p1b: Chi-Yu|Chi-Yu, L50|100\/100\n|switch|p2a: Iron Hands|Iron Hands, L50|100\/100\n|switch|p2b: Palafin|Palafin, L50, M, shiny|100\/100\n|-ability|p1b: Chi-Yu|Beads of Ruin\n|turn|1\n|inactive|TkwIme has 30 seconds left.\n|inactive|Lexus05F has 30 seconds left.\n|\n|t:|1682107543\n|move|p1b: Chi-Yu|Protect|p1b: Chi-Yu\n|-singleturn|p1b: Chi-Yu|Protect\n|move|p2a: Iron Hands|Fake Out|p1a: Murkrow\n|-damage|p1a: Murkrow|86\/100\n|move|p2b: Palafin|Jet Punch|p1a: Murkrow\n|-damage|p1a: Murkrow|65\/100\n|cant|p1a: Murkrow|flinch\n|\n|upkeep\n|turn|2\n|inactive|TkwIme has 30 seconds left.\n|\n|t:|1682107569\n|detailschange|p2b: Palafin|Palafin-Hero, L50, M, shiny\n|switch|p2b: Flutter Mane|Flutter Mane, L50, shiny|100\/100\n|-terastallize|p1b: Chi-Yu|Ghost\n|move|p1a: Murkrow|Sunny Day|p1a: Murkrow\n|-weather|SunnyDay\n|-activate|p2b: Flutter Mane|ability: Protosynthesis\n|-start|p2b: Flutter Mane|protosynthesisspe\n|move|p1b: Chi-Yu|Heat Wave|p2b: Flutter Mane|[spread] p2a,p2b\n|-damage|p2a: Iron Hands|1\/100\n|-damage|p2b: Flutter Mane|1\/100\n|-damage|p1b: Chi-Yu|90\/100|[from] item: Life Orb\n|move|p2a: Iron Hands|Drain Punch|p1b: Chi-Yu\n|-immune|p1b: Chi-Yu\n|\n|-weather|SunnyDay|[upkeep]\n|upkeep\n|turn|3\n|inactive|Lexus05F has 30 seconds left.\n|inactive|TkwIme has 30 seconds left.\n|\n|t:|1682107597\n|move|p1b: Chi-Yu|Protect|p1b: Chi-Yu\n|-singleturn|p1b: Chi-Yu|Protect\n|move|p2a: Iron Hands|Protect|p2a: Iron Hands\n|-singleturn|p2a: Iron Hands|Protect\n|move|p1a: Murkrow|Tailwind|p1a: Murkrow\n|-sidestart|p1: Lexus05F|move: Tailwind\n|move|p2b: Flutter Mane|Shadow Ball|p1b: Chi-Yu\n|-activate|p1b: Chi-Yu|move: Protect\n|\n|-weather|SunnyDay|[upkeep]\n|upkeep\n|turn|4\n|\n|t:|1682107618\n|move|p1b: Chi-Yu|Dark Pulse|p2b: Flutter Mane\n|-damage|p2b: Flutter Mane|0 fnt\n|faint|p2b: Flutter Mane\n|-end|p2b: Flutter Mane|Protosynthesis|[silent]\n|-damage|p1b: Chi-Yu|80\/100|[from] item: Life Orb\n|move|p1a: Murkrow|Foul Play|p2a: Iron Hands\n|-resisted|p2a: Iron Hands\n|-damage|p2a: Iron Hands|0 fnt\n|faint|p2a: Iron Hands\n|-end|p2a: Iron Hands|Quark Drive|[silent]\n|\n|-weather|SunnyDay|[upkeep]\n|upkeep\n|\n|t:|1682107630\n|switch|p2b: Palafin|Palafin-Hero, L50, M, shiny|100\/100\n|switch|p2a: Amoonguss|Amoonguss, L50, M, shiny|100\/100\n|-activate|p2b: Palafin|ability: Zero to Hero\n|turn|5\n|inactive|TkwIme has 30 seconds left.\n|\n|t:|1682107658\n|-terastallize|p2a: Amoonguss|Water\n|move|p1b: Chi-Yu|Overheat|p2a: Amoonguss|[miss]\n|-miss|p1b: Chi-Yu|p2a: Amoonguss\n|move|p1a: Murkrow|Foul Play|p2b: Palafin\n|-damage|p2b: Palafin|53\/100\n|move|p2b: Palafin|Wave Crash|p1b: Chi-Yu\n|-damage|p1b: Chi-Yu|9\/100\n|-damage|p2b: Palafin|36\/100|[from] Recoil\n|move|p2a: Amoonguss|Spore|p1b: Chi-Yu\n|-status|p1b: Chi-Yu|slp|[from] move: Spore\n|\n|-weather|SunnyDay|[upkeep]\n|upkeep\n|turn|6\n|inactive|Lexus05F has 30 seconds left.\n|inactive|TkwIme has 30 seconds left.\n|\n|t:|1682107687\n|switch|p1a: Brute Bonnet|Brute Bonnet, L50|100\/100\n|-activate|p1a: Brute Bonnet|ability: Protosynthesis\n|-start|p1a: Brute Bonnet|protosynthesisatk\n|move|p2b: Palafin|Jet Punch|p1a: Brute Bonnet\n|-resisted|p1a: Brute Bonnet\n|-damage|p1a: Brute Bonnet|91\/100\n|cant|p1b: Chi-Yu|slp\n|move|p2a: Amoonguss|Pollen Puff|p2b: Palafin\n|-heal|p2b: Palafin|86\/100\n|\n|-weather|none\n|-end|p1a: Brute Bonnet|Protosynthesis\n|-sideend|p1: Lexus05F|move: Tailwind\n|upkeep\n|turn|7\n|inactive|TkwIme has 30 seconds left.\n|\n|t:|1682107721\n|move|p2a: Amoonguss|Rage Powder|p2a: Amoonguss\n|-singleturn|p2a: Amoonguss|move: Rage Powder\n|move|p2b: Palafin|Jet Punch|p1b: Chi-Yu\n|-damage|p1b: Chi-Yu|0 fnt\n|faint|p1b: Chi-Yu\n|move|p1a: Brute Bonnet|Bullet Seed|p2a: Amoonguss\n|-supereffective|p2a: Amoonguss\n|-damage|p2a: Amoonguss|75\/100\n|-supereffective|p2a: Amoonguss\n|-damage|p2a: Amoonguss|45\/100\n|-enditem|p2a: Amoonguss|Sitrus Berry|[eat]\n|-heal|p2a: Amoonguss|70\/100|[from] item: Sitrus Berry\n|-supereffective|p2a: Amoonguss\n|-damage|p2a: Amoonguss|42\/100\n|-supereffective|p2a: Amoonguss\n|-damage|p2a: Amoonguss|17\/100\n|-supereffective|p2a: Amoonguss\n|-damage|p2a: Amoonguss|0 fnt\n|faint|p2a: Amoonguss\n|-hitcount|p2: Amoonguss|5\n|\n|upkeep\n|\n|t:|1682107741\n|switch|p1b: Murkrow|Murkrow, L50, M, shiny|65\/100\n|turn|8\n|\n|t:|1682107761\n|move|p2b: Palafin|Jet Punch|p1b: Murkrow\n|-damage|p1b: Murkrow|23\/100\n|move|p1b: Murkrow|Sunny Day|p1b: Murkrow\n|-weather|SunnyDay\n|-activate|p1a: Brute Bonnet|ability: Protosynthesis\n|-start|p1a: Brute Bonnet|protosynthesisatk\n|move|p1a: Brute Bonnet|Bullet Seed|p2b: Palafin\n|-supereffective|p2b: Palafin\n|-damage|p2b: Palafin|54\/100\n|-supereffective|p2b: Palafin\n|-damage|p2b: Palafin|18\/100\n|-supereffective|p2b: Palafin\n|-damage|p2b: Palafin|0 fnt\n|faint|p2b: Palafin\n|-hitcount|p2: Palafin|3\n|\n|win|Lexus05F\n","uploadtime":1682108246,"views":19,"p1id":"lexus05f","p2id":"tkwime","formatid":"gen9vgc2023regulationc","rating":0,"private":0,"password":""}