{"id":"gen9vgc2023regulationc-1850330063","p1":"DawnTV","p2":"Riddallk","format":"[Gen 9] VGC 2023 Regulation C","log":"|j|\u2606DawnTV\n|j|\u2606Riddallk\n|t:|1682319280\n|gametype|doubles\n|player|p1|DawnTV|caitlin|1091\n|player|p2|Riddallk|170|1040\n|teamsize|p1|6\n|teamsize|p2|6\n|gen|9\n|tier|[Gen 9] VGC 2023 Regulation C\n|rated|\n|rule|Species Clause: Limit one of each Pok\u00e9mon\n|rule|Item Clause: Limit one of each item\n|clearpoke\n|poke|p1|Ting-Lu, L50|\n|poke|p1|Garganacl, L50, M|\n|poke|p1|Palafin, L50, F|\n|poke|p1|Amoonguss, L50, F|\n|poke|p1|Dragapult, L50, M|\n|poke|p1|Arcanine, L50, M|\n|poke|p2|Ting-Lu, L50|\n|poke|p2|Glimmora, L50, M|\n|poke|p2|Dachsbun, L50, M|\n|poke|p2|Chi-Yu, L50|\n|poke|p2|Flutter Mane, L50|\n|poke|p2|Palafin, L50, M|\n|teampreview|4\n|\n|t:|1682319357\n|start\n|switch|p1a: Ting-Lu|Ting-Lu, L50|100\/100\n|switch|p1b: Palafin|Palafin, L50, F|100\/100\n|switch|p2a: Chi-Yu|Chi-Yu, L50|100\/100\n|switch|p2b: Dachsbun|Dachsbun, L50, M|100\/100\n|-ability|p2a: Chi-Yu|Beads of Ruin\n|-ability|p1a: Ting-Lu|Vessel of Ruin\n|turn|1\n|\n|t:|1682319401\n|-terastallize|p2a: Chi-Yu|Water\n|move|p1b: Palafin|Wave Crash|p2a: Chi-Yu\n|-resisted|p2a: Chi-Yu\n|-damage|p2a: Chi-Yu|64\/100\n|-damage|p1b: Palafin|92\/100|[from] Recoil\n|move|p2a: Chi-Yu|Lava Plume|p1a: Ting-Lu|[spread] p1a,p1b\n|-ability|p2b: Dachsbun|Well-Baked Body|boost\n|-boost|p2b: Dachsbun|def|2\n|-resisted|p1b: Palafin\n|-damage|p1a: Ting-Lu|83\/100\n|-damage|p1b: Palafin|69\/100\n|-status|p1a: Ting-Lu|brn\n|-status|p1b: Palafin|brn\n|move|p2b: Dachsbun|Play Rough|p1a: Ting-Lu\n|-supereffective|p1a: Ting-Lu\n|-damage|p1a: Ting-Lu|63\/100 brn\n|move|p1a: Ting-Lu|Bulldoze|p2b: Dachsbun|[spread] p1b,p2a,p2b\n|-damage|p1b: Palafin|59\/100 brn\n|-damage|p2a: Chi-Yu|50\/100\n|-damage|p2b: Dachsbun|97\/100\n|-unboost|p1b: Palafin|spe|1\n|-unboost|p2a: Chi-Yu|spe|1\n|-unboost|p2b: Dachsbun|spe|1\n|\n|-heal|p2b: Dachsbun|100\/100|[from] item: Leftovers\n|-damage|p1b: Palafin|53\/100 brn|[from] brn\n|-damage|p1a: Ting-Lu|57\/100 brn|[from] brn\n|upkeep\n|turn|2\n|\n|t:|1682319458\n|detailschange|p1b: Palafin|Palafin-Hero, L50, F\n|switch|p1b: Amoonguss|Amoonguss, L50, F|100\/100\n|move|p2a: Chi-Yu|Protect|p2a: Chi-Yu\n|-singleturn|p2a: Chi-Yu|Protect\n|move|p1a: Ting-Lu|Ruination|p2b: Dachsbun\n|-damage|p2b: Dachsbun|50\/100\n|move|p2b: Dachsbun|Body Press|p1a: Ting-Lu\n|-supereffective|p1a: Ting-Lu\n|-damage|p1a: Ting-Lu|19\/100 brn\n|\n|-heal|p2b: Dachsbun|57\/100|[from] item: Leftovers\n|-damage|p1a: Ting-Lu|13\/100 brn|[from] brn\n|upkeep\n|turn|3\n|\n|t:|1682319499\n|move|p2a: Chi-Yu|Lava Plume|p1b: Amoonguss|[spread] p1a,p1b\n|-ability|p2b: Dachsbun|Well-Baked Body|boost\n|-boost|p2b: Dachsbun|def|2\n|-supereffective|p1b: Amoonguss\n|-damage|p1a: Ting-Lu|0 fnt\n|-damage|p1b: Amoonguss|38\/100\n|-enditem|p1b: Amoonguss|Sitrus Berry|[eat]\n|-heal|p1b: Amoonguss|63\/100|[from] item: Sitrus Berry\n|faint|p1a: Ting-Lu\n|move|p2b: Dachsbun|Body Press|p1b: Amoonguss\n|-resisted|p1b: Amoonguss\n|-damage|p1b: Amoonguss|41\/100\n|move|p1b: Amoonguss|Spore|p2b: Dachsbun\n|-status|p2b: Dachsbun|slp|[from] move: Spore\n|\n|-heal|p2b: Dachsbun|63\/100 slp|[from] item: Leftovers\n|upkeep\n|\n|t:|1682319513\n|switch|p1a: Palafin|Palafin-Hero, L50, F|53\/100 brn\n|-activate|p1a: Palafin|ability: Zero to Hero\n|turn|4\n|\n|t:|1682319537\n|move|p2a: Chi-Yu|Protect|p2a: Chi-Yu\n|-singleturn|p2a: Chi-Yu|Protect\n|move|p1a: Palafin|Wave Crash|p2a: Chi-Yu\n|-activate|p2a: Chi-Yu|move: Protect\n|cant|p2b: Dachsbun|slp\n|move|p1b: Amoonguss|Pollen Puff|p1a: Palafin\n|-heal|p1a: Palafin|100\/100 brn\n|\n|-heal|p2b: Dachsbun|69\/100 slp|[from] item: Leftovers\n|-damage|p1a: Palafin|95\/100 brn|[from] brn\n|upkeep\n|turn|5\n|\n|t:|1682319570\n|switch|p1b: Garganacl|Garganacl, L50, M|100\/100\n|move|p1a: Palafin|Wave Crash|p2a: Chi-Yu\n|-resisted|p2a: Chi-Yu\n|-damage|p2a: Chi-Yu|17\/100\n|-damage|p1a: Palafin|87\/100 brn|[from] Recoil\n|move|p2a: Chi-Yu|Lava Plume|p1b: Garganacl|[spread] p1a,p1b\n|-ability|p2b: Dachsbun|Well-Baked Body|boost\n|-boost|p2b: Dachsbun|def|2\n|-resisted|p1a: Palafin\n|-resisted|p1b: Garganacl\n|-damage|p1a: Palafin|64\/100 brn\n|-damage|p1b: Garganacl|80\/100\n|-curestatus|p2b: Dachsbun|slp|[msg]\n|move|p2b: Dachsbun|Body Press|p1a: Palafin\n|-damage|p1a: Palafin|0 fnt\n|faint|p1a: Palafin\n|\n|-heal|p2b: Dachsbun|75\/100|[from] item: Leftovers\n|upkeep\n|\n|t:|1682319587\n|switch|p1a: Amoonguss|Amoonguss, L50, F|74\/100\n|turn|6\n|-message|DawnTV forfeited.\n|\n|win|Riddallk\n|raw|DawnTV's rating: 1091 → 1064<\/strong> (-27 for losing)\n|raw|Riddallk's rating: 1040 → 1079<\/strong> (+39 for winning)\n|l|\u2606DawnTV\n","uploadtime":1682319609,"views":31,"p1id":"dawntv","p2id":"riddallk","formatid":"gen9vgc2023regulationc","rating":1064,"private":0,"password":""}