{"id":"gen9vgc2023regulationc-1846042956","p1":"vasperchu","p2":"Ztringz","format":"[Gen 9] VGC 2023 Regulation C","log":"|j|\u2606vasperchu\n|j|\u2606Ztringz\n|t:|1681796432\n|gametype|doubles\n|player|p1|vasperchu|1|1320\n|player|p2|Ztringz|2|1415\n|teamsize|p1|6\n|teamsize|p2|6\n|gen|9\n|tier|[Gen 9] VGC 2023 Regulation C\n|rated|\n|rule|Species Clause: Limit one of each Pok\u00e9mon\n|rule|Item Clause: Limit one of each item\n|clearpoke\n|poke|p1|Gothitelle, L50, M|\n|poke|p1|Baxcalibur, L50, F|\n|poke|p1|Volcarona, L50, F|\n|poke|p1|Scizor, L50, F|\n|poke|p1|Bellibolt, L50, F|\n|poke|p1|Lucario, L50, M|\n|poke|p2|Amoonguss, L50, F|\n|poke|p2|Flutter Mane, L50|\n|poke|p2|Rotom-Wash, L50|\n|poke|p2|Arcanine, L50, F|\n|poke|p2|Dragonite, L50, F|\n|poke|p2|Kingambit, L50, M|\n|teampreview|4\n|\n|t:|1681796471\n|start\n|switch|p1a: Gothitelle|Gothitelle, L50, M|100\/100\n|switch|p1b: Lucario|Lucario, L50, M|100\/100\n|switch|p2a: Kingambit|Kingambit, L50, M|100\/100\n|switch|p2b: Dragonite|Dragonite, L50, F|100\/100\n|turn|1\n|\n|t:|1681796508\n|-terastallize|p2a: Kingambit|Flying\n|move|p1a: Gothitelle|Fake Out|p2a: Kingambit\n|-damage|p2a: Kingambit|96\/100\n|move|p1b: Lucario|Ice Punch|p2b: Dragonite\n|-supereffective|p2b: Dragonite\n|-damage|p2b: Dragonite|67\/100\n|move|p2b: Dragonite|Earthquake|p1a: Gothitelle|[spread] p1a,p1b\n|-immune|p2a: Kingambit\n|-supereffective|p1b: Lucario\n|-damage|p1a: Gothitelle|69\/100\n|-damage|p1b: Lucario|26\/100\n|cant|p2a: Kingambit|flinch\n|\n|upkeep\n|turn|2\n|\n|t:|1681796536\n|move|p1a: Gothitelle|Protect|p1a: Gothitelle\n|-singleturn|p1a: Gothitelle|Protect\n|move|p2b: Dragonite|Extreme Speed|p1b: Lucario\n|-resisted|p1b: Lucario\n|-damage|p1b: Lucario|6\/100\n|move|p2a: Kingambit|Sucker Punch|p1b: Lucario\n|-resisted|p1b: Lucario\n|-damage|p1b: Lucario|0 fnt\n|faint|p1b: Lucario\n|\n|upkeep\n|\n|t:|1681796548\n|switch|p1b: Bellibolt|Bellibolt, L50, F|100\/100\n|turn|3\n|\n|t:|1681796564\n|move|p2b: Dragonite|Earthquake|p1b: Bellibolt|[spread] p1a,p1b\n|-immune|p2a: Kingambit\n|-crit|p1a: Gothitelle\n|-supereffective|p1b: Bellibolt\n|-damage|p1a: Gothitelle|23\/100\n|-damage|p1b: Bellibolt|55\/100\n|-start|p1b: Bellibolt|Charge|Earthquake|[from] ability: Electromorphosis\n|-enditem|p1a: Gothitelle|Figy Berry|[eat]\n|-heal|p1a: Gothitelle|56\/100|[from] item: Figy Berry\n|move|p1a: Gothitelle|Charm|p2b: Dragonite\n|-unboost|p2b: Dragonite|atk|2\n|move|p2a: Kingambit|Kowtow Cleave|p1a: Gothitelle\n|-supereffective|p1a: Gothitelle\n|-damage|p1a: Gothitelle|0 fnt\n|faint|p1a: Gothitelle\n|move|p1b: Bellibolt|Parabolic Charge|p2b: Dragonite|[spread] p2a,p2b\n|-supereffective|p2a: Kingambit\n|-damage|p2a: Kingambit|29\/100\n|-heal|p1b: Bellibolt|87\/100|[from] drain|[of] p2a: Kingambit\n|-damage|p2b: Dragonite|46\/100\n|-heal|p1b: Bellibolt|97\/100|[from] drain|[of] p2b: Dragonite\n|-end|p1b: Bellibolt|Charge|[silent]\n|\n|upkeep\n|\n|t:|1681796582\n|switch|p1a: Baxcalibur|Baxcalibur, L50, F|100\/100\n|turn|4\n|\n|t:|1681796598\n|-terastallize|p1a: Baxcalibur|Ground\n|move|p2b: Dragonite|Extreme Speed|p1b: Bellibolt\n|-damage|p1b: Bellibolt|86\/100\n|-start|p1b: Bellibolt|Charge|Extreme Speed|[from] ability: Electromorphosis\n|move|p1a: Baxcalibur|Dragon Dance|p1a: Baxcalibur\n|-boost|p1a: Baxcalibur|atk|1\n|-boost|p1a: Baxcalibur|spe|1\n|move|p2a: Kingambit|Iron Head|p1a: Baxcalibur\n|-damage|p1a: Baxcalibur|52\/100\n|move|p1b: Bellibolt|Parabolic Charge|p2a: Kingambit|[spread] p2a,p2b\n|-immune|p1a: Baxcalibur\n|-supereffective|p2a: Kingambit\n|-damage|p2a: Kingambit|0 fnt\n|-heal|p1b: Bellibolt|99\/100|[from] drain|[of] p2a: Kingambit\n|-damage|p2b: Dragonite|24\/100\n|-heal|p1b: Bellibolt|100\/100|[from] drain|[of] p2b: Dragonite\n|faint|p2a: Kingambit\n|-end|p1b: Bellibolt|Charge|[silent]\n|\n|upkeep\n|\n|t:|1681796619\n|switch|p2a: Arcanine|Arcanine, L50, F|100\/100\n|-ability|p2a: Arcanine|Intimidate|boost\n|-unboost|p1a: Baxcalibur|atk|1\n|-unboost|p1b: Bellibolt|atk|1\n|turn|5\n|\n|t:|1681796635\n|move|p2a: Arcanine|Extreme Speed|p1a: Baxcalibur\n|-damage|p1a: Baxcalibur|29\/100\n|move|p2b: Dragonite|Extreme Speed|p1a: Baxcalibur\n|-damage|p1a: Baxcalibur|12\/100\n|move|p1a: Baxcalibur|Icicle Spear|p2a: Arcanine\n|-resisted|p2a: Arcanine\n|-damage|p2a: Arcanine|93\/100\n|-resisted|p2a: Arcanine\n|-damage|p2a: Arcanine|85\/100\n|-resisted|p2a: Arcanine\n|-damage|p2a: Arcanine|76\/100\n|-resisted|p2a: Arcanine\n|-damage|p2a: Arcanine|68\/100\n|-resisted|p2a: Arcanine\n|-damage|p2a: Arcanine|60\/100\n|-hitcount|p2a: Arcanine|5\n|move|p1b: Bellibolt|Parabolic Charge|p2b: Dragonite|[spread] p2a,p2b\n|-immune|p1a: Baxcalibur\n|-crit|p2a: Arcanine\n|-damage|p2a: Arcanine|40\/100\n|-damage|p2b: Dragonite|14\/100\n|-enditem|p2a: Arcanine|Sitrus Berry|[eat]\n|-heal|p2a: Arcanine|64\/100|[from] item: Sitrus Berry\n|\n|upkeep\n|turn|6\n|\n|t:|1681796658\n|switch|p2b: Rotom|Rotom-Wash, L50|100\/100\n|move|p2a: Arcanine|Extreme Speed|p1a: Baxcalibur\n|-damage|p1a: Baxcalibur|0 fnt\n|faint|p1a: Baxcalibur\n|move|p1b: Bellibolt|Muddy Water|p2b: Rotom|[spread] p2a,p2b\n|-supereffective|p2a: Arcanine\n|-resisted|p2b: Rotom\n|-damage|p2a: Arcanine|40\/100\n|-damage|p2b: Rotom|88\/100\n|-unboost|p2a: Arcanine|accuracy|1\n|\n|upkeep\n|turn|7\n|\n|t:|1681796687\n|move|p2b: Rotom|Thunderbolt|p1b: Bellibolt\n|-resisted|p1b: Bellibolt\n|-damage|p1b: Bellibolt|82\/100\n|-start|p1b: Bellibolt|Charge|Thunderbolt|[from] ability: Electromorphosis\n|move|p2a: Arcanine|Flare Blitz|p1b: Bellibolt\n|-damage|p1b: Bellibolt|48\/100\n|-start|p1b: Bellibolt|Charge|Flare Blitz|[from] ability: Electromorphosis\n|-damage|p2a: Arcanine|27\/100|[from] Recoil\n|move|p1b: Bellibolt|Parabolic Charge|p2b: Rotom|[spread] p2a,p2b\n|-damage|p2a: Arcanine|0 fnt\n|-heal|p1b: Bellibolt|60\/100|[from] drain|[of] p2a: Arcanine\n|-damage|p2b: Rotom|40\/100\n|-heal|p1b: Bellibolt|74\/100|[from] drain|[of] p2b: Rotom\n|faint|p2a: Arcanine\n|-end|p1b: Bellibolt|Charge|[silent]\n|\n|upkeep\n|inactive|Battle timer is ON: inactive players will automatically lose when time's up. (requested by vasperchu)\n|\n|t:|1681796704\n|switch|p2a: Dragonite|Dragonite, L50, F|14\/100\n|turn|8\n|inactive|Ztringz has 30 seconds left.\n|\n|t:|1681796736\n|move|p2b: Rotom|Thunderbolt|p1b: Bellibolt\n|-resisted|p1b: Bellibolt\n|-damage|p1b: Bellibolt|57\/100\n|-start|p1b: Bellibolt|Charge|Thunderbolt|[from] ability: Electromorphosis\n|move|p2a: Dragonite|Earthquake|p1b: Bellibolt|[spread] p1b\n|-immune|p2b: Rotom|[from] ability: Levitate\n|-supereffective|p1b: Bellibolt\n|-damage|p1b: Bellibolt|16\/100\n|-start|p1b: Bellibolt|Charge|Earthquake|[from] ability: Electromorphosis\n|move|p1b: Bellibolt|Parabolic Charge|p2b: Rotom|[spread] p2a,p2b\n|-damage|p2a: Dragonite|0 fnt\n|-heal|p1b: Bellibolt|22\/100|[from] drain|[of] p2a: Dragonite\n|-damage|p2b: Rotom|0 fnt\n|-heal|p1b: Bellibolt|33\/100|[from] drain|[of] p2b: Rotom\n|faint|p2a: Dragonite\n|faint|p2b: Rotom\n|-end|p1b: Bellibolt|Charge|[silent]\n|\n|win|vasperchu\n|raw|vasperchu's rating: 1320 → 1345<\/strong> (+25 for winning)\n|raw|Ztringz's rating: 1415 → 1390<\/strong> (-25 for losing)\n","uploadtime":1681796759,"views":9,"p1id":"vasperchu","p2id":"ztringz","formatid":"gen9vgc2023regulationc","rating":1345,"private":0,"password":""}