{"id":"gen9vgc2023regulationc-1846804495","p1":"Mess in Distress","p2":"Emberbloom","format":"[Gen 9] VGC 2023 Regulation C","log":"|j|\u2606Mess in Distress\n|j|\u2606Emberbloom\n|t:|1681882286\n|gametype|doubles\n|player|p1|Mess in Distress|2|1536\n|player|p2|Emberbloom|flannery|1524\n|teamsize|p1|6\n|teamsize|p2|6\n|gen|9\n|tier|[Gen 9] VGC 2023 Regulation C\n|rated|\n|rule|Species Clause: Limit one of each Pok\u00e9mon\n|rule|Item Clause: Limit one of each item\n|clearpoke\n|poke|p1|Flutter Mane, L50|\n|poke|p1|Ting-Lu, L50|\n|poke|p1|Ceruledge, L50, M|\n|poke|p1|Gyarados, L50, M|\n|poke|p1|Amoonguss, L50, M|\n|poke|p1|Iron Hands, L50|\n|poke|p2|Corviknight, L50, F|\n|poke|p2|Tyranitar, L50, M|\n|poke|p2|Garchomp, L50, M|\n|poke|p2|Gyarados, L50, F|\n|poke|p2|Amoonguss, L50, M|\n|poke|p2|Iron Hands, L50|\n|teampreview|4\n|inactive|Battle timer is ON: inactive players will automatically lose when time's up. (requested by Mess in Distress)\n|inactive|Emberbloom has 60 seconds left.\n|j| TsukiGumi\n|\n|t:|1681882356\n|start\n|switch|p1a: Amoonguss|Amoonguss, L50, M|100\/100\n|switch|p1b: Ting-Lu|Ting-Lu, L50|100\/100\n|switch|p2a: Tyranitar|Tyranitar, L50, M, shiny|100\/100\n|switch|p2b: Garchomp|Garchomp, L50, M|100\/100\n|-weather|Sandstorm|[from] ability: Sand Stream|[of] p2a: Tyranitar\n|-ability|p1b: Ting-Lu|Vessel of Ruin\n|turn|1\n|inactive|Mess in Distress has 30 seconds left.\n|\n|t:|1681882387\n|switch|p1a: Gyarados|Gyarados, L50, M|100\/100\n|-ability|p1a: Gyarados|Intimidate|boost\n|-unboost|p2a: Tyranitar|atk|1\n|-unboost|p2b: Garchomp|atk|1\n|-terastallize|p2a: Tyranitar|Flying\n|move|p2b: Garchomp|Earthquake|p1b: Ting-Lu|[spread] p1b\n|-immune|p2a: Tyranitar\n|-immune|p1a: Gyarados\n|-damage|p1b: Ting-Lu|83\/100\n|-damage|p2b: Garchomp|91\/100|[from] item: Life Orb\n|move|p2a: Tyranitar|Tera Blast|p1a: Gyarados\n|-damage|p1a: Gyarados|71\/100\n|move|p1b: Ting-Lu|Earthquake|p2b: Garchomp|[spread] p2b\n|-immune|p1a: Gyarados\n|-immune|p2a: Tyranitar\n|-damage|p2b: Garchomp|36\/100\n|\n|-weather|Sandstorm|[upkeep]\n|-damage|p2a: Tyranitar|95\/100|[from] Sandstorm\n|upkeep\n|turn|2\n|inactive|Mess in Distress has 30 seconds left.\n|j| merahmerona\n|\n|t:|1681882419\n|switch|p2b: Gyarados|Gyarados, L50, F, shiny|100\/100\n|-ability|p2b: Gyarados|Intimidate|boost\n|-unboost|p1a: Gyarados|atk|1\n|-unboost|p1b: Ting-Lu|atk|1\n|move|p1a: Gyarados|Thunder Wave|p2a: Tyranitar\n|-status|p2a: Tyranitar|par\n|move|p1b: Ting-Lu|Earthquake|p2b: Gyarados|[spread] \n|-immune|p1a: Gyarados\n|-immune|p2a: Tyranitar\n|-immune|p2b: Gyarados\n|move|p2a: Tyranitar|Low Kick|p1b: Ting-Lu\n|-supereffective|p1b: Ting-Lu\n|-damage|p1b: Ting-Lu|47\/100\n|\n|-weather|Sandstorm|[upkeep]\n|-damage|p2b: Gyarados|95\/100|[from] Sandstorm\n|-damage|p2a: Tyranitar|89\/100 par|[from] Sandstorm\n|upkeep\n|turn|3\n|\n|t:|1681882442\n|switch|p1b: Flutter Mane|Flutter Mane, L50|100\/100\n|-enditem|p1b: Flutter Mane|Booster Energy\n|-activate|p1b: Flutter Mane|ability: Protosynthesis|[fromitem]\n|-start|p1b: Flutter Mane|protosynthesisspa\n|move|p2b: Gyarados|Thunder Wave|p1a: Gyarados|[miss]\n|-miss|p2b: Gyarados|p1a: Gyarados\n|move|p1a: Gyarados|Thunder Wave|p2b: Gyarados\n|-status|p2b: Gyarados|par\n|move|p2a: Tyranitar|Rock Slide|p1a: Gyarados|[spread] p1a,p1b\n|-supereffective|p1a: Gyarados\n|-damage|p1a: Gyarados|31\/100\n|-damage|p1b: Flutter Mane|66\/100\n|\n|-weather|Sandstorm|[upkeep]\n|-damage|p1b: Flutter Mane|60\/100|[from] Sandstorm\n|-damage|p2b: Gyarados|89\/100 par|[from] Sandstorm\n|-damage|p2a: Tyranitar|83\/100 par|[from] Sandstorm\n|upkeep\n|turn|4\n|inactive|Mess in Distress has 30 seconds left.\n|\n|t:|1681882474\n|move|p1a: Gyarados|Helping Hand|p1b: Flutter Mane\n|-singleturn|p1b: Flutter Mane|Helping Hand|[of] p1a: Gyarados\n|cant|p2b: Gyarados|par\n|move|p1b: Flutter Mane|Moonblast|p2b: Gyarados\n|-damage|p2b: Gyarados|9\/100 par\n|-unboost|p2b: Gyarados|spa|1\n|-enditem|p2b: Gyarados|Figy Berry|[eat]\n|-heal|p2b: Gyarados|42\/100 par|[from] item: Figy Berry\n|move|p2a: Tyranitar|Snarl|p1b: Flutter Mane|[spread] p1a,p1b\n|-damage|p1a: Gyarados|23\/100\n|-damage|p1b: Flutter Mane|47\/100\n|-unboost|p1a: Gyarados|spa|1\n|-unboost|p1b: Flutter Mane|spa|1\n|\n|-weather|Sandstorm|[upkeep]\n|-damage|p1b: Flutter Mane|42\/100|[from] Sandstorm\n|-damage|p2b: Gyarados|36\/100 par|[from] Sandstorm\n|-damage|p2a: Tyranitar|77\/100 par|[from] Sandstorm\n|upkeep\n|turn|5\n|\n|t:|1681882491\n|switch|p2b: Corviknight|Corviknight, L50, F|100\/100\n|move|p1a: Gyarados|Helping Hand|p1b: Flutter Mane\n|-singleturn|p1b: Flutter Mane|Helping Hand|[of] p1a: Gyarados\n|move|p1b: Flutter Mane|Moonblast|p2a: Tyranitar\n|-damage|p2a: Tyranitar|41\/100 par\n|move|p2a: Tyranitar|Rock Slide|p1b: Flutter Mane|[spread] p1a,p1b\n|-supereffective|p1a: Gyarados\n|-damage|p1a: Gyarados|0 fnt\n|-damage|p1b: Flutter Mane|9\/100\n|faint|p1a: Gyarados\n|\n|-weather|none\n|upkeep\n|\n|t:|1681882501\n|switch|p1a: Amoonguss|Amoonguss, L50, M|100\/100\n|turn|6\n|\n|t:|1681882518\n|switch|p2a: Gyarados|Gyarados, L50, F, shiny|36\/100 par\n|-ability|p2a: Gyarados|Intimidate|boost\n|-unboost|p1a: Amoonguss|atk|1\n|-unboost|p1b: Flutter Mane|atk|1\n|move|p1a: Amoonguss|Rage Powder|p1a: Amoonguss\n|-singleturn|p1a: Amoonguss|move: Rage Powder\n|move|p1b: Flutter Mane|Moonblast|p2a: Gyarados\n|-damage|p2a: Gyarados|4\/100 par\n|move|p2b: Corviknight|Tailwind|p2b: Corviknight\n|-sidestart|p2: Emberbloom|move: Tailwind\n|\n|upkeep\n|turn|7\n|inactive|Emberbloom has 30 seconds left.\n|\n|t:|1681882543\n|move|p1a: Amoonguss|Rage Powder|p1a: Amoonguss\n|-singleturn|p1a: Amoonguss|move: Rage Powder\n|move|p2b: Corviknight|Brave Bird|p1a: Amoonguss\n|-supereffective|p1a: Amoonguss\n|-damage|p1a: Amoonguss|34\/100\n|-damage|p2b: Corviknight|84\/100|[from] item: Rocky Helmet|[of] p1a: Amoonguss\n|-damage|p2b: Corviknight|61\/100|[from] Recoil\n|move|p1b: Flutter Mane|Moonblast|p2a: Gyarados\n|-damage|p2a: Gyarados|0 fnt\n|faint|p2a: Gyarados\n|\n|upkeep\n|\n|t:|1681882549\n|switch|p2a: Tyranitar|Tyranitar, L50, M, shiny, tera:Flying|41\/100 par\n|-weather|Sandstorm|[from] ability: Sand Stream|[of] p2a: Tyranitar\n|turn|8\n|\n|t:|1681882566\n|-terastallize|p1a: Amoonguss|Water\n|move|p1b: Flutter Mane|Protect|p1b: Flutter Mane\n|-singleturn|p1b: Flutter Mane|Protect\n|move|p2b: Corviknight|Brave Bird|p1a: Amoonguss\n|-damage|p1a: Amoonguss|1\/100\n|-damage|p2b: Corviknight|44\/100|[from] item: Rocky Helmet|[of] p1a: Amoonguss\n|-damage|p2b: Corviknight|33\/100|[from] Recoil\n|cant|p2a: Tyranitar|par\n|move|p1a: Amoonguss|Spore|p2b: Corviknight\n|-status|p2b: Corviknight|slp|[from] move: Spore\n|-enditem|p2b: Corviknight|Lum Berry|[eat]\n|-curestatus|p2b: Corviknight|slp|[msg]\n|\n|-weather|Sandstorm|[upkeep]\n|-damage|p1b: Flutter Mane|3\/100|[from] Sandstorm\n|-damage|p2a: Tyranitar|36\/100 par|[from] Sandstorm\n|-damage|p1a: Amoonguss|0 fnt|[from] Sandstorm\n|faint|p1a: Amoonguss\n|upkeep\n|\n|t:|1681882579\n|switch|p1a: Ting-Lu|Ting-Lu, L50|47\/100\n|-ability|p1a: Ting-Lu|Vessel of Ruin\n|turn|9\n|\n|t:|1681882595\n|move|p2b: Corviknight|Iron Head|p1b: Flutter Mane\n|-supereffective|p1b: Flutter Mane\n|-damage|p1b: Flutter Mane|0 fnt\n|faint|p1b: Flutter Mane\n|-end|p1b: Flutter Mane|Protosynthesis|[silent]\n|cant|p2a: Tyranitar|par\n|move|p1a: Ting-Lu|Rock Slide|p2a: Tyranitar|[spread] p2a,p2b\n|-supereffective|p2a: Tyranitar\n|-damage|p2a: Tyranitar|0 fnt\n|-damage|p2b: Corviknight|11\/100\n|faint|p2a: Tyranitar\n|\n|-weather|Sandstorm|[upkeep]\n|-sideend|p2: Emberbloom|move: Tailwind\n|upkeep\n|\n|t:|1681882597\n|switch|p2a: Garchomp|Garchomp, L50, M|36\/100\n|turn|10\n|\n|t:|1681882613\n|move|p2a: Garchomp|Earthquake|p1a: Ting-Lu|[spread] p1a\n|-immune|p2b: Corviknight\n|-damage|p1a: Ting-Lu|20\/100\n|-damage|p2a: Garchomp|26\/100|[from] item: Life Orb\n|move|p2b: Corviknight|Iron Head|p1a: Ting-Lu\n|-damage|p1a: Ting-Lu|5\/100\n|move|p1a: Ting-Lu|Rock Slide|p2a: Garchomp|[spread] p2a\n|-miss|p1a: Ting-Lu|p2b: Corviknight\n|-resisted|p2a: Garchomp\n|-damage|p2a: Garchomp|13\/100\n|\n|-weather|Sandstorm|[upkeep]\n|upkeep\n|turn|11\n|\n|t:|1681882626\n|move|p2a: Garchomp|Earthquake|p1a: Ting-Lu|[spread] p1a\n|-immune|p2b: Corviknight\n|-crit|p1a: Ting-Lu\n|-damage|p1a: Ting-Lu|0 fnt\n|faint|p1a: Ting-Lu\n|-damage|p2a: Garchomp|3\/100|[from] item: Life Orb\n|\n|win|Emberbloom\n|raw|Mess in Distress's rating: 1536 → 1515<\/strong> (-21 for losing)\n|raw|Emberbloom's rating: 1524 → 1545<\/strong> (+21 for winning)\n|l|\u2606Mess in Distress\n","uploadtime":1681882635,"views":10,"p1id":"messindistress","p2id":"emberbloom","formatid":"gen9vgc2023regulationc","rating":1515,"private":0,"password":""}