{"id":"gen9vgc2023regulationc-1857461919","p1":"teehee638","p2":"Henry80825","format":"[Gen 9] VGC 2023 Regulation C","log":"|j|\u2606teehee638\n|j|\u2606Henry80825\n|t:|1683196908\n|gametype|doubles\n|player|p1|teehee638|170|1165\n|player|p2|Henry80825|170|1155\n|teamsize|p1|6\n|teamsize|p2|6\n|gen|9\n|tier|[Gen 9] VGC 2023 Regulation C\n|rated|\n|rule|Species Clause: Limit one of each Pok\u00e9mon\n|rule|Item Clause: Limit one of each item\n|clearpoke\n|poke|p1|Scizor, L50, F|\n|poke|p1|Scream Tail, L50|\n|poke|p1|Arcanine, L50, F|\n|poke|p1|Dragapult, L50, F|\n|poke|p1|Iron Bundle, L50|\n|poke|p1|Chi-Yu, L50|\n|poke|p2|Arcanine, L50, F|\n|poke|p2|Kingambit, L50, F|\n|poke|p2|Flutter Mane, L50|\n|poke|p2|Amoonguss, L50, F|\n|poke|p2|Ting-Lu, L50|\n|poke|p2|Palafin, L50, F|\n|teampreview|4\n|\n|t:|1683196951\n|start\n|switch|p1a: Chi-Yu|Chi-Yu, L50|100\/100\n|switch|p1b: Iron Bundle|Iron Bundle, L50, shiny|100\/100\n|switch|p2a: Kingambit|Kingambit, L50, F|100\/100\n|switch|p2b: Ting-Lu|Ting-Lu, L50|100\/100\n|-ability|p1a: Chi-Yu|Beads of Ruin\n|-ability|p2b: Ting-Lu|Vessel of Ruin\n|turn|1\n|\n|t:|1683196988\n|-terastallize|p1a: Chi-Yu|Water\n|-terastallize|p2a: Kingambit|Dark\n|move|p1b: Iron Bundle|Hydro Pump|p2a: Kingambit\n|-damage|p2a: Kingambit|58\/100\n|move|p1a: Chi-Yu|Heat Wave|p2b: Ting-Lu|[spread] p2a,p2b\n|-damage|p2a: Kingambit|11\/100\n|-damage|p2b: Ting-Lu|75\/100\n|move|p2a: Kingambit|Swords Dance|p2a: Kingambit\n|-boost|p2a: Kingambit|atk|2\n|move|p2b: Ting-Lu|Payback|p1a: Chi-Yu\n|-damage|p1a: Chi-Yu|28\/100\n|\n|upkeep\n|turn|2\n|\n|t:|1683197014\n|switch|p1a: Scream Tail|Scream Tail, L50, shiny|100\/100\n|-enditem|p1a: Scream Tail|Booster Energy\n|-activate|p1a: Scream Tail|ability: Protosynthesis|[fromitem]\n|-start|p1a: Scream Tail|protosynthesisspe\n|move|p1b: Iron Bundle|Protect|p1b: Iron Bundle\n|-singleturn|p1b: Iron Bundle|Protect\n|move|p2a: Kingambit|Sucker Punch||[still]\n|-fail|p2a: Kingambit\n|move|p2b: Ting-Lu|Payback|p1a: Scream Tail\n|-damage|p1a: Scream Tail|83\/100\n|\n|upkeep\n|turn|3\n|\n|t:|1683197028\n|move|p1b: Iron Bundle|Protect|p1b: Iron Bundle\n|-singleturn|p1b: Iron Bundle|Protect\n|move|p2a: Kingambit|Sucker Punch||[still]\n|-fail|p2a: Kingambit\n|move|p1a: Scream Tail|Encore|p2a: Kingambit\n|-start|p2a: Kingambit|Encore\n|move|p2b: Ting-Lu|Heavy Slam|p1a: Scream Tail\n|-supereffective|p1a: Scream Tail\n|-damage|p1a: Scream Tail|25\/100\n|\n|upkeep\n|turn|4\n|\n|t:|1683197047\n|move|p2a: Kingambit|Sucker Punch|p1b: Iron Bundle\n|-enditem|p1b: Iron Bundle|Focus Sash\n|-damage|p1b: Iron Bundle|1\/100\n|move|p1a: Scream Tail|Play Rough|p2a: Kingambit\n|-supereffective|p2a: Kingambit\n|-damage|p2a: Kingambit|0 fnt\n|faint|p2a: Kingambit\n|move|p1b: Iron Bundle|Hydro Pump|p2b: Ting-Lu\n|-supereffective|p2b: Ting-Lu\n|-damage|p2b: Ting-Lu|40\/100\n|move|p2b: Ting-Lu|Heavy Slam|p1a: Scream Tail\n|-supereffective|p1a: Scream Tail\n|-damage|p1a: Scream Tail|0 fnt\n|faint|p1a: Scream Tail\n|-end|p1a: Scream Tail|Protosynthesis|[silent]\n|\n|upkeep\n|\n|t:|1683197068\n|switch|p1a: Chi-Yu|Chi-Yu, L50, tera:Water|28\/100\n|switch|p2a: Flutter Mane|Flutter Mane, L50|100\/100\n|-ability|p1a: Chi-Yu|Beads of Ruin\n|turn|5\n|\n|t:|1683197107\n|move|p1b: Iron Bundle|Icy Wind|p2b: Ting-Lu|[spread] p2a,p2b\n|-supereffective|p2b: Ting-Lu\n|-damage|p2a: Flutter Mane|77\/100\n|-damage|p2b: Ting-Lu|22\/100\n|-unboost|p2a: Flutter Mane|spe|1\n|-unboost|p2b: Ting-Lu|spe|1\n|move|p1a: Chi-Yu|Overheat|p2a: Flutter Mane\n|-damage|p2a: Flutter Mane|0 fnt\n|-unboost|p1a: Chi-Yu|spa|2\n|faint|p2a: Flutter Mane\n|-end|p2a: Flutter Mane|Protosynthesis|[silent]\n|move|p2b: Ting-Lu|Payback|p1a: Chi-Yu\n|-damage|p1a: Chi-Yu|0 fnt\n|faint|p1a: Chi-Yu\n|\n|upkeep\n|\n|t:|1683197122\n|switch|p2a: Arcanine|Arcanine, L50, F|100\/100\n|switch|p1a: Dragapult|Dragapult, L50, F, shiny|100\/100\n|-ability|p2a: Arcanine|Intimidate|boost\n|-fail|p1a: Dragapult|unboost|[from] ability: Clear Body|[of] p1a: Dragapult\n|-unboost|p1b: Iron Bundle|atk|1\n|turn|6\n|\n|t:|1683197144\n|move|p1b: Iron Bundle|Protect|p1b: Iron Bundle\n|-singleturn|p1b: Iron Bundle|Protect\n|move|p1a: Dragapult|Dragon Darts|p2b: Ting-Lu\n|-damage|p2b: Ting-Lu|2\/100\n|-anim|p1a: Dragapult|Dragon Darts|p2a: Arcanine\n|-damage|p2a: Arcanine|67\/100\n|-damage|p1a: Dragapult|91\/100|[from] item: Life Orb\n|move|p2a: Arcanine|Howl|p2a: Arcanine|[spread] p2a,p2b\n|-boost|p2a: Arcanine|atk|1\n|-boost|p2b: Ting-Lu|atk|1\n|move|p2b: Ting-Lu|Payback|p1b: Iron Bundle\n|-activate|p1b: Iron Bundle|move: Protect\n|\n|upkeep\n|turn|7\n|\n|t:|1683197153\n|move|p1a: Dragapult|Sucker Punch|p2b: Ting-Lu\n|-resisted|p2b: Ting-Lu\n|-damage|p2b: Ting-Lu|0 fnt\n|faint|p2b: Ting-Lu\n|-damage|p1a: Dragapult|82\/100|[from] item: Life Orb\n|move|p1b: Iron Bundle|Hydro Pump|p2a: Arcanine|[miss]\n|-miss|p1b: Iron Bundle|p2a: Arcanine\n|move|p2a: Arcanine|Flare Blitz|p1a: Dragapult\n|-resisted|p1a: Dragapult\n|-damage|p1a: Dragapult|41\/100\n|-damage|p2a: Arcanine|55\/100|[from] Recoil\n|\n|upkeep\n|turn|8\n|\n|t:|1683197165\n|move|p2a: Arcanine|Protect|p2a: Arcanine\n|-singleturn|p2a: Arcanine|Protect\n|move|p1a: Dragapult|Dragon Darts|p2a: Arcanine\n|-activate|p2a: Arcanine|move: Protect\n|move|p1b: Iron Bundle|Hydro Pump|p2a: Arcanine\n|-activate|p2a: Arcanine|move: Protect\n|\n|upkeep\n|turn|9\n|\n|t:|1683197171\n|move|p1a: Dragapult|Dragon Darts|p2a: Arcanine\n|-damage|p2a: Arcanine|20\/100\n|-anim|p1a: Dragapult|Dragon Darts|p2a: Arcanine\n|-damage|p2a: Arcanine|0 fnt\n|faint|p2a: Arcanine\n|-damage|p1a: Dragapult|31\/100|[from] item: Life Orb\n|\n|win|teehee638\n|raw|teehee638's rating: 1165 → 1189<\/strong> (+24 for winning)\n|raw|Henry80825's rating: 1155 → 1131<\/strong> (-24 for losing)\n|l|\u2606Henry80825\n","uploadtime":1683197229,"views":15,"p1id":"teehee638","p2id":"henry80825","formatid":"gen9vgc2023regulationc","rating":1131,"private":0,"password":""}