{"id":"gen9vgc2023regulationc-1864213332","p1":"unimulticorn","p2":"SIGYLYFH","format":"[Gen 9] VGC 2023 Regulation C","log":"|j|\u2606unimulticorn\n|j|\u2606SIGYLYFH\n|t:|1684137917\n|gametype|doubles\n|player|p1|unimulticorn|caitlin|1132\n|player|p2|SIGYLYFH|169|1087\n|teamsize|p1|4\n|teamsize|p2|6\n|gen|9\n|tier|[Gen 9] VGC 2023 Regulation C\n|rated|\n|rule|Species Clause: Limit one of each Pok\u00e9mon\n|rule|Item Clause: Limit one of each item\n|clearpoke\n|poke|p1|Starly, L50, F|\n|poke|p1|Iron Hands, L50|\n|poke|p1|Indeedee-F, L50, F|\n|poke|p1|Maushold-Four, L50|\n|poke|p2|Iron Hands, L50|\n|poke|p2|Amoonguss, L50, F|\n|poke|p2|Pelipper, L50, F|\n|poke|p2|Palafin, L50, M|\n|poke|p2|Dragonite, L50, F|\n|poke|p2|Chien-Pao, L50|\n|teampreview|4\n|inactive|Battle timer is ON: inactive players will automatically lose when time's up. (requested by unimulticorn)\nunimulticorn has agreed to open team sheets.\nSIGYLYFH has agreed to open team sheets.\n|inactive|unimulticorn has 60 seconds left.\n|inactive|SIGYLYFH has 60 seconds left.\n|inactive|SIGYLYFH has 30 seconds left.\n|inactive|SIGYLYFH has 20 seconds left.\n|inactive|SIGYLYFH has 15 seconds left.\n|\n|t:|1684137993\n|start\n|switch|p1a: Starly|Starly, L50, F|100\/100\n|switch|p1b: Maushold|Maushold-Four, L50|100\/100\n|switch|p2a: Postit|Iron Hands, L50|100\/100\n|switch|p2b: Torqoise|Palafin, L50, M|100\/100\n|turn|1\n|inactive|SIGYLYFH has 30 seconds left.\n|inactive|SIGYLYFH has 20 seconds left.\n|inactive|SIGYLYFH has 15 seconds left.\n|inactive|SIGYLYFH has 10 seconds left.\n|inactive|SIGYLYFH has 5 seconds left.\n|\n|t:|1684138045\n|-terastallize|p2b: Torqoise|Water\n|move|p2a: Postit|Fake Out|p1a: Starly\n|-damage|p1a: Starly|40\/100\n|move|p2b: Torqoise|Jet Punch|p1a: Starly\n|-damage|p1a: Starly|0 fnt\n|faint|p1a: Starly\n|move|p1b: Maushold|Population Bomb|p2b: Torqoise\n|-damage|p2b: Torqoise|86\/100\n|-damage|p2b: Torqoise|72\/100\n|-damage|p2b: Torqoise|60\/100\n|-damage|p2b: Torqoise|47\/100\n|-damage|p2b: Torqoise|34\/100\n|-damage|p2b: Torqoise|21\/100\n|-damage|p2b: Torqoise|8\/100\n|-damage|p2b: Torqoise|0 fnt\n|faint|p2b: Torqoise\n|-hitcount|p2: Torqoise|8\n|\n|upkeep\n|\n|t:|1684138059\n|switch|p1a: Iron Hands|Iron Hands, L50|100\/100\n|switch|p2b: Chien-Pao|Chien-Pao, L50|100\/100\n|-ability|p2b: Chien-Pao|Sword of Ruin\n|turn|2\n|\n|t:|1684138067\n|-terastallize|p1b: Maushold|Normal\n|move|p2b: Chien-Pao|Protect|p2b: Chien-Pao\n|-singleturn|p2b: Chien-Pao|Protect\n|move|p1a: Iron Hands|Fake Out|p2b: Chien-Pao\n|-activate|p2b: Chien-Pao|move: Protect\n|move|p1b: Maushold|Population Bomb|p2a: Postit\n|-damage|p2a: Postit|88\/100\n|-damage|p2a: Postit|75\/100\n|-damage|p2a: Postit|62\/100\n|-damage|p2a: Postit|48\/100\n|-damage|p2a: Postit|35\/100\n|-damage|p2a: Postit|22\/100\n|-damage|p2a: Postit|8\/100\n|-damage|p2a: Postit|0 fnt\n|faint|p2a: Postit\n|-end|p2a: Postit|Quark Drive|[silent]\n|-hitcount|p2: Postit|8\n|\n|upkeep\n|\n|t:|1684138082\n|switch|p2a: Rim|Pelipper, L50, F|100\/100\n|-weather|RainDance|[from] ability: Drizzle|[of] p2a: Rim\n|turn|3\n|\n|t:|1684138103\n|move|p1b: Maushold|Protect|p1b: Maushold\n|-singleturn|p1b: Maushold|Protect\n|move|p2b: Chien-Pao|Sacred Sword|p1b: Maushold\n|-activate|p1b: Maushold|move: Protect\n|move|p2a: Rim|Hurricane|p1a: Iron Hands\n|-damage|p1a: Iron Hands|56\/100\n|-start|p1a: Iron Hands|confusion\n|-activate|p1a: Iron Hands|confusion\n|move|p1a: Iron Hands|Thunder Punch|p2a: Rim\n|-supereffective|p2a: Rim\n|-enditem|p2a: Rim|Focus Sash\n|-damage|p2a: Rim|1\/100\n|\n|-weather|RainDance|[upkeep]\n|upkeep\n|turn|4\n|\n|t:|1684138126\n|switch|p1b: Indeedee|Indeedee-F, L50, F|100\/100\n|move|p2b: Chien-Pao|Sacred Sword|p1b: Indeedee\n|-damage|p1b: Indeedee|14\/100\n|-damage|p2b: Chien-Pao|91\/100|[from] item: Life Orb\n|move|p2a: Rim|Hurricane|p1a: Iron Hands\n|-damage|p1a: Iron Hands|10\/100\n|-enditem|p1a: Iron Hands|Sitrus Berry|[eat]\n|-heal|p1a: Iron Hands|35\/100|[from] item: Sitrus Berry\n|-activate|p1a: Iron Hands|confusion\n|move|p1a: Iron Hands|Drain Punch|p2b: Chien-Pao\n|-supereffective|p2b: Chien-Pao\n|-damage|p2b: Chien-Pao|0 fnt\n|-heal|p1a: Iron Hands|62\/100|[from] drain|[of] p2b: Chien-Pao\n|faint|p2b: Chien-Pao\n|\n|-weather|RainDance|[upkeep]\n|-heal|p1b: Indeedee|20\/100|[from] item: Leftovers\n|upkeep\n|turn|5\n|inactive|unimulticorn has 30 seconds left.\n|\n|t:|1684138152\n|move|p2a: Rim|Hurricane|p1b: Indeedee\n|-damage|p1b: Indeedee|0 fnt\n|faint|p1b: Indeedee\n|-activate|p1a: Iron Hands|confusion\n|move|p1a: Iron Hands|Thunder Punch|p2a: Rim\n|-supereffective|p2a: Rim\n|-damage|p2a: Rim|0 fnt\n|faint|p2a: Rim\n|\n|win|unimulticorn\n|raw|unimulticorn's rating: 1132 → 1154<\/strong> (+22 for winning)\n|raw|SIGYLYFH's rating: 1087 → 1067<\/strong> (-20 for losing)\n|l|\u2606SIGYLYFH\n","uploadtime":1684138179,"views":15,"p1id":"unimulticorn","p2id":"sigylyfh","formatid":"gen9vgc2023regulationc","rating":1067,"private":0,"password":""}