{"id":"gen9vgc2023regulationc-1853231029","p1":"anshar_training","p2":"Wiseroni","format":"[Gen 9] VGC 2023 Regulation C","log":"|j|\u2606anshar_training\n|j|\u2606Wiseroni\n|t:|1682651940\n|gametype|doubles\n|player|p1|anshar_training|colress|1166\n|player|p2|Wiseroni|101|1122\n|teamsize|p1|6\n|teamsize|p2|6\n|gen|9\n|tier|[Gen 9] VGC 2023 Regulation C\n|rated|\n|rule|Species Clause: Limit one of each Pok\u00e9mon\n|rule|Item Clause: Limit one of each item\n|clearpoke\n|poke|p1|Palafin, L50, M|\n|poke|p1|Flutter Mane, L50|\n|poke|p1|Arcanine, L50, F|\n|poke|p1|Amoonguss, L50, F|\n|poke|p1|Ting-Lu, L50|\n|poke|p1|Roaring Moon, L50|\n|poke|p2|Corviknight, L50, F|\n|poke|p2|Iron Bundle, L50|\n|poke|p2|Dragonite, L50, F|\n|poke|p2|Flutter Mane, L50|\n|poke|p2|Iron Hands, L50|\n|poke|p2|Arcanine, L50, F|\n|teampreview|4\n|inactive|Battle timer is ON: inactive players will automatically lose when time's up. (requested by Wiseroni)\n|inactive|anshar_training has 60 seconds left.\n|inactive|anshar_training has 30 seconds left.\n|inactive|anshar_training has 20 seconds left.\n|inactive|anshar_training has 15 seconds left.\n|\n|t:|1682652016\n|start\n|switch|p1a: Good Soup|Ting-Lu, L50|100\/100\n|switch|p1b: Susy|Amoonguss, L50, F|100\/100\n|switch|p2a: Dragonite|Dragonite, L50, F|100\/100\n|switch|p2b: Arcanine|Arcanine, L50, F|100\/100\n|-ability|p2b: Arcanine|Intimidate|boost\n|-unboost|p1a: Good Soup|atk|1\n|-unboost|p1b: Susy|atk|1\n|-ability|p1a: Good Soup|Vessel of Ruin\n|turn|1\n|inactive|anshar_training has 30 seconds left.\n|inactive|Wiseroni has 30 seconds left.\n|inactive|anshar_training has 20 seconds left.\n|inactive|Wiseroni has 20 seconds left.\n|\n|t:|1682652057\n|-terastallize|p2a: Dragonite|Normal\n|move|p1b: Susy|Protect|p1b: Susy\n|-singleturn|p1b: Susy|Protect\n|move|p2a: Dragonite|Extreme Speed|p1b: Susy\n|-activate|p1b: Susy|move: Protect\n|move|p2b: Arcanine|Flare Blitz|p1b: Susy\n|-activate|p1b: Susy|move: Protect\n|move|p1a: Good Soup|Stomping Tantrum|p2b: Arcanine\n|-supereffective|p2b: Arcanine\n|-damage|p2b: Arcanine|46\/100\n|\n|upkeep\n|turn|2\n|inactive|anshar_training has 30 seconds left.\n|inactive|anshar_training has 20 seconds left.\n|inactive|Wiseroni has 30 seconds left.\n|inactive|anshar_training has 15 seconds left.\n|inactive|Wiseroni has 20 seconds left.\n|\n|t:|1682652103\n|switch|p2b: Flutter Mane|Flutter Mane, L50|100\/100\n|switch|p2a: Iron Hands|Iron Hands, L50|100\/100\n|switch|p1b: Cornelia|Flutter Mane, L50|100\/100\n|move|p1a: Good Soup|Ruination|p2a: Iron Hands\n|-damage|p2a: Iron Hands|50\/100\n|\n|upkeep\n|turn|3\n|inactive|anshar_training has 30 seconds left.\n|\n|t:|1682652131\n|-end|p1b: Cornelia|Protosynthesis|[silent]\n|switch|p1b: Apolo|Arcanine, L50, F|100\/100\n|-ability|p1b: Apolo|Intimidate|boost\n|-unboost|p2a: Iron Hands|atk|1\n|-unboost|p2b: Flutter Mane|atk|1\n|move|p2a: Iron Hands|Fake Out|p1a: Good Soup\n|-damage|p1a: Good Soup|95\/100\n|move|p2b: Flutter Mane|Shadow Ball|p1b: Apolo\n|-damage|p1b: Apolo|62\/100\n|cant|p1a: Good Soup|flinch\n|\n|upkeep\n|turn|4\n|\n|t:|1682652154\n|move|p2b: Flutter Mane|Protect|p2b: Flutter Mane\n|-singleturn|p2b: Flutter Mane|Protect\n|move|p1b: Apolo|Will-O-Wisp|p2a: Iron Hands\n|-status|p2a: Iron Hands|brn\n|move|p1a: Good Soup|Heavy Slam|p2b: Flutter Mane\n|-activate|p2b: Flutter Mane|move: Protect\n|move|p2a: Iron Hands|Earthquake|p1b: Apolo|[spread] p1a,p1b\n|-activate|p2b: Flutter Mane|move: Protect\n|-supereffective|p1b: Apolo\n|-damage|p1a: Good Soup|89\/100\n|-damage|p1b: Apolo|41\/100\n|\n|-damage|p2a: Iron Hands|44\/100 brn|[from] brn\n|upkeep\n|turn|5\n|inactive|anshar_training has 30 seconds left.\n|\n|t:|1682652182\n|move|p2b: Flutter Mane|Moonblast|p1a: Good Soup\n|-supereffective|p1a: Good Soup\n|-damage|p1a: Good Soup|49\/100\n|move|p1b: Apolo|Will-O-Wisp|p2b: Flutter Mane\n|-status|p2b: Flutter Mane|brn\n|move|p1a: Good Soup|Heavy Slam|p2b: Flutter Mane\n|-supereffective|p2b: Flutter Mane\n|-damage|p2b: Flutter Mane|6\/100 brn\n|-enditem|p2b: Flutter Mane|Aguav Berry|[eat]\n|-heal|p2b: Flutter Mane|39\/100 brn|[from] item: Aguav Berry\n|move|p2a: Iron Hands|Drain Punch|p1b: Apolo\n|-damage|p1b: Apolo|26\/100\n|-heal|p2a: Iron Hands|51\/100 brn|[from] drain|[of] p1b: Apolo\n|\n|-damage|p2b: Flutter Mane|33\/100 brn|[from] brn\n|-damage|p2a: Iron Hands|45\/100 brn|[from] brn\n|upkeep\n|turn|6\n|inactive|anshar_training has 30 seconds left.\n|inactive|anshar_training has 20 seconds left.\n|inactive|anshar_training has 15 seconds left.\n|inactive|anshar_training has 10 seconds left.\n|inactive|anshar_training has 5 seconds left.\n|\n|t:|1682652232\n|move|p1b: Apolo|Protect|p1b: Apolo\n|-singleturn|p1b: Apolo|Protect\n|move|p2b: Flutter Mane|Moonblast|p1a: Good Soup\n|-supereffective|p1a: Good Soup\n|-damage|p1a: Good Soup|4\/100\n|move|p1a: Good Soup|Heavy Slam|p2b: Flutter Mane\n|-supereffective|p2b: Flutter Mane\n|-damage|p2b: Flutter Mane|0 fnt\n|faint|p2b: Flutter Mane\n|-end|p2b: Flutter Mane|Protosynthesis|[silent]\n|move|p2a: Iron Hands|Drain Punch|p1a: Good Soup\n|-supereffective|p1a: Good Soup\n|-damage|p1a: Good Soup|0 fnt\n|-heal|p2a: Iron Hands|47\/100 brn|[from] drain|[of] p1a: Good Soup\n|faint|p1a: Good Soup\n|\n|-damage|p2a: Iron Hands|40\/100 brn|[from] brn\n|upkeep\n|\n|t:|1682652249\n|switch|p2b: Arcanine|Arcanine, L50, F|46\/100\n|switch|p1a: Cornelia|Flutter Mane, L50|100\/100\n|-ability|p2b: Arcanine|Intimidate|boost\n|-unboost|p1a: Cornelia|atk|1\n|-unboost|p1b: Apolo|atk|1\n|turn|7\n|\n|t:|1682652267\n|-terastallize|p1a: Cornelia|Fairy\n|move|p2b: Arcanine|Protect|p2b: Arcanine\n|-singleturn|p2b: Arcanine|Protect\n|move|p1b: Apolo|Extreme Speed|p2b: Arcanine\n|-activate|p2b: Arcanine|move: Protect\n|move|p1a: Cornelia|Dazzling Gleam|p2a: Iron Hands|[spread] p2a\n|-activate|p2b: Arcanine|move: Protect\n|-supereffective|p2a: Iron Hands\n|-damage|p2a: Iron Hands|0 fnt\n|faint|p2a: Iron Hands\n|-end|p2a: Iron Hands|Quark Drive|[silent]\n|\n|upkeep\n|\n|t:|1682652278\n|switch|p2a: Dragonite|Dragonite, L50, F, tera:Normal|100\/100\n|turn|8\n|\n|t:|1682652291\n|move|p2a: Dragonite|Extreme Speed|p1b: Apolo\n|-damage|p1b: Apolo|0 fnt\n|faint|p1b: Apolo\n|move|p1a: Cornelia|Dazzling Gleam|p2b: Arcanine|[spread] p2a,p2b\n|-resisted|p2b: Arcanine\n|-damage|p2a: Dragonite|68\/100\n|-damage|p2b: Arcanine|8\/100\n|move|p2b: Arcanine|Will-O-Wisp|p1a: Cornelia|[miss]\n|-miss|p2b: Arcanine|p1a: Cornelia\n|\n|upkeep\n|\n|t:|1682652302\n|switch|p1b: Susy|Amoonguss, L50, F|100\/100\n|turn|9\n|\n|t:|1682652317\n|move|p1b: Susy|Protect|p1b: Susy\n|-singleturn|p1b: Susy|Protect\n|move|p2a: Dragonite|Extreme Speed|p1a: Cornelia\n|-damage|p1a: Cornelia|17\/100\n|move|p1a: Cornelia|Dazzling Gleam|p2b: Arcanine|[spread] p2a,p2b\n|-resisted|p2b: Arcanine\n|-damage|p2a: Dragonite|4\/100\n|-damage|p2b: Arcanine|0 fnt\n|faint|p2b: Arcanine\n|\n|upkeep\n|turn|10\n|\n|t:|1682652334\n|move|p2a: Dragonite|Extreme Speed|p1a: Cornelia\n|-damage|p1a: Cornelia|0 fnt\n|faint|p1a: Cornelia\n|-end|p1a: Cornelia|Protosynthesis|[silent]\n|move|p1b: Susy|Rage Powder|p1b: Susy\n|-singleturn|p1b: Susy|move: Rage Powder\n|\n|upkeep\n|turn|11\n|\n|t:|1682652347\n|move|p2a: Dragonite|Protect|p2a: Dragonite\n|-singleturn|p2a: Dragonite|Protect\n|move|p1b: Susy|Pollen Puff|p2a: Dragonite\n|-activate|p2a: Dragonite|move: Protect\n|\n|upkeep\n|turn|12\n|\n|t:|1682652356\n|move|p2a: Dragonite|Extreme Speed|p1b: Susy\n|-damage|p1b: Susy|66\/100\n|move|p1b: Susy|Pollen Puff|p2a: Dragonite\n|-damage|p2a: Dragonite|0 fnt\n|faint|p2a: Dragonite\n|\n|win|anshar_training\n|raw|anshar_training's rating: 1166 → 1188<\/strong> (+22 for winning)\n|raw|Wiseroni's rating: 1122 → 1100<\/strong> (-22 for losing)\n","uploadtime":1682652365,"views":6,"p1id":"anshartraining","p2id":"wiseroni","formatid":"gen9vgc2023regulationc","rating":1100,"private":0,"password":""}