{"id":"gen9vgc2023regulationc-1847312135","p1":"Ricardo Randorez","p2":"PotatoFoe11","format":"[Gen 9] VGC 2023 Regulation C","log":"|j|\u2606Ricardo Randorez\n|j|\u2606PotatoFoe11\n|t:|1681937297\n|gametype|doubles\n|player|p1|Ricardo Randorez|1|1049\n|player|p2|PotatoFoe11|2|1003\n|teamsize|p1|6\n|teamsize|p2|6\n|gen|9\n|tier|[Gen 9] VGC 2023 Regulation C\n|rated|\n|rule|Species Clause: Limit one of each Pok\u00e9mon\n|rule|Item Clause: Limit one of each item\n|clearpoke\n|poke|p1|Flutter Mane, L50|\n|poke|p1|Chi-Yu, L50|\n|poke|p1|Iron Bundle, L50|\n|poke|p1|Amoonguss, L50, F|\n|poke|p1|Palafin, L50, M|\n|poke|p1|Iron Hands, L50|\n|poke|p2|Basculin, L50, F|\n|poke|p2|Pelipper, L50, M|\n|poke|p2|Flutter Mane, L50|\n|poke|p2|Chien-Pao, L50|\n|poke|p2|Amoonguss, L50, M|\n|poke|p2|Arcanine, L50, F|\n|teampreview|4\nPotatoFoe11 has agreed to open team sheets.\n|inactive|Battle timer is ON: inactive players will automatically lose when time's up. (requested by PotatoFoe11)\n|\n|t:|1681937340\n|start\n|switch|p1a: bundle of bitches|Iron Bundle, L50|100\/100\n|switch|p1b: BANKAI|Palafin, L50, M|100\/100\n|switch|p2a: Flutter Mane|Flutter Mane, L50|100\/100\n|switch|p2b: Chien-Pao|Chien-Pao, L50|100\/100\n|-ability|p2b: Chien-Pao|Sword of Ruin\n|-enditem|p1a: bundle of bitches|Booster Energy\n|-activate|p1a: bundle of bitches|ability: Quark Drive|[fromitem]\n|-start|p1a: bundle of bitches|quarkdrivespe\n|-enditem|p2a: Flutter Mane|Booster Energy\n|-activate|p2a: Flutter Mane|ability: Protosynthesis|[fromitem]\n|-start|p2a: Flutter Mane|protosynthesisspa\n|turn|1\n|inactive|PotatoFoe11 has 30 seconds left.\n|inactive|PotatoFoe11 has 20 seconds left.\n|\n|t:|1681937377\n|detailschange|p1b: BANKAI|Palafin-Hero, L50, M\n|switch|p1b: AMOGUS|Amoonguss, L50, F|100\/100\n|move|p1a: bundle of bitches|Protect|p1a: bundle of bitches\n|-singleturn|p1a: bundle of bitches|Protect\n|move|p2b: Chien-Pao|Protect|p2b: Chien-Pao\n|-singleturn|p2b: Chien-Pao|Protect\n|move|p2a: Flutter Mane|Dazzling Gleam|p1a: bundle of bitches|[spread] p1b\n|-activate|p1a: bundle of bitches|move: Protect\n|-resisted|p1b: AMOGUS\n|-damage|p1b: AMOGUS|86\/100\n|\n|upkeep\n|turn|2\n|l|\u2606Ricardo Randorez\n|inactive|Ricardo Randorez disconnected and has a minute to reconnect!\n|player|p1|\n|j|\u2606Ricardo Randorez\n|inactive|Ricardo Randorez reconnected and has 35 seconds left.\n|player|p1|Ricardo Randorez|1\n|inactive|Ricardo Randorez has 30 seconds left.\n|inactive|Ricardo Randorez has 20 seconds left.\n|\n|t:|1681937413\n|move|p1a: bundle of bitches|Freeze-Dry|p2a: Flutter Mane\n|-damage|p2a: Flutter Mane|63\/100\n|move|p2a: Flutter Mane|Dazzling Gleam|p1b: AMOGUS|[spread] p1a,p1b\n|-resisted|p1b: AMOGUS\n|-damage|p1a: bundle of bitches|13\/100\n|-damage|p1b: AMOGUS|72\/100\n|move|p2b: Chien-Pao|Ice Spinner|p1b: AMOGUS\n|-supereffective|p1b: AMOGUS\n|-damage|p1b: AMOGUS|0 fnt\n|faint|p1b: AMOGUS\n|\n|upkeep\n|\n|t:|1681937427\n|switch|p1b: BANKAI|Palafin-Hero, L50, M|100\/100\n|-activate|p1b: BANKAI|ability: Zero to Hero\n|turn|3\n|\n|t:|1681937441\n|-terastallize|p1b: BANKAI|Water\n|move|p1a: bundle of bitches|Protect|p1a: bundle of bitches\n|-singleturn|p1a: bundle of bitches|Protect\n|move|p1b: BANKAI|Jet Punch|p2b: Chien-Pao\n|-damage|p2b: Chien-Pao|15\/100\n|move|p2a: Flutter Mane|Dazzling Gleam|p1a: bundle of bitches|[spread] p1b\n|-activate|p1a: bundle of bitches|move: Protect\n|-damage|p1b: BANKAI|56\/100\n|move|p2b: Chien-Pao|Crunch|p1a: bundle of bitches\n|-activate|p1a: bundle of bitches|move: Protect\n|\n|upkeep\n|turn|4\n|\n|t:|1681937461\n|move|p1b: BANKAI|Jet Punch|p2a: Flutter Mane\n|-damage|p2a: Flutter Mane|0 fnt\n|faint|p2a: Flutter Mane\n|-end|p2a: Flutter Mane|Protosynthesis|[silent]\n|move|p1a: bundle of bitches|Freeze-Dry|p2b: Chien-Pao\n|-resisted|p2b: Chien-Pao\n|-damage|p2b: Chien-Pao|0 fnt\n|faint|p2b: Chien-Pao\n|\n|upkeep\n|\n|t:|1681937466\n|switch|p2a: Basculin|Basculin, L50, F|100\/100\n|switch|p2b: Pelipper|Pelipper, L50, M, shiny|100\/100\n|-weather|RainDance|[from] ability: Drizzle|[of] p2b: Pelipper\n|turn|5\n|\n|t:|1681937486\n|move|p2a: Basculin|Protect|p2a: Basculin\n|-singleturn|p2a: Basculin|Protect\n|move|p1a: bundle of bitches|Freeze-Dry|p2b: Pelipper\n|-supereffective|p2b: Pelipper\n|-damage|p2b: Pelipper|0 fnt\n|faint|p2b: Pelipper\n|move|p1b: BANKAI|Wave Crash|p2a: Basculin\n|-activate|p2a: Basculin|move: Protect\n|\n|-weather|RainDance|[upkeep]\n|upkeep\n|turn|6\n|\n|t:|1681937500\n|-terastallize|p2a: Basculin|Water\n|move|p1b: BANKAI|Jet Punch|p2a: Basculin\n|-resisted|p2a: Basculin\n|-damage|p2a: Basculin|23\/100\n|move|p1a: bundle of bitches|Freeze-Dry|p2a: Basculin\n|-supereffective|p2a: Basculin\n|-damage|p2a: Basculin|0 fnt\n|faint|p2a: Basculin\n|\n|win|Ricardo Randorez\n|raw|Ricardo Randorez's rating: 1049 → 1077<\/strong> (+28 for winning)\n|raw|PotatoFoe11's rating: 1003 → 1000<\/strong> (-3 for losing)\n|c|\u2606PotatoFoe11|Gg\n|l|\u2606PotatoFoe11\n","uploadtime":1681937511,"views":8,"p1id":"ricardorandorez","p2id":"potatofoe11","formatid":"gen9vgc2023regulationc","rating":1000,"private":0,"password":""}