{"id":"gen9vgc2023regulationc-1854550076","p1":"LasermanZ111","p2":"saweaaaa","format":"[Gen 9] VGC 2023 Regulation C","log":"|j|\u2606LasermanZ111\n|j|\u2606saweaaaa\n|t:|1682825621\n|gametype|doubles\n|player|p1|LasermanZ111|ash|1330\n|player|p2|saweaaaa|giovanni|1362\n|teamsize|p1|6\n|teamsize|p2|6\n|gen|9\n|tier|[Gen 9] VGC 2023 Regulation C\n|rated|\n|rule|Species Clause: Limit one of each Pok\u00e9mon\n|rule|Item Clause: Limit one of each item\n|clearpoke\n|poke|p1|Flutter Mane, L50|\n|poke|p1|Chi-Yu, L50|\n|poke|p1|Gyarados, L50, M|\n|poke|p1|Amoonguss, L50, M|\n|poke|p1|Baxcalibur, L50, M|\n|poke|p1|Iron Hands, L50|\n|poke|p2|Tyranitar, L50, M|\n|poke|p2|Palafin, L50, M|\n|poke|p2|Arcanine, L50, F|\n|poke|p2|Amoonguss, L50, F|\n|poke|p2|Flutter Mane, L50|\n|poke|p2|Iron Hands, L50|\n|teampreview|4\nLasermanZ111 has agreed to open team sheets.\n|inactive|Battle timer is ON: inactive players will automatically lose when time's up. (requested by saweaaaa)\n|inactive|LasermanZ111 has 60 seconds left.\n|inactive|LasermanZ111 has 30 seconds left.\n|inactive|LasermanZ111 has 20 seconds left.\n|inactive|LasermanZ111 has 15 seconds left.\n|inactive|LasermanZ111 has 10 seconds left.\n|\n|t:|1682825738\n|start\n|switch|p1a: Gyarados|Gyarados, L50, M, shiny|100\/100\n|switch|p1b: Flutter Mane|Flutter Mane, L50|100\/100\n|switch|p2a: Roma|Tyranitar, L50, M|100\/100\n|switch|p2b: Cser|Iron Hands, L50|100\/100\n|-ability|p1a: Gyarados|Intimidate|boost\n|-fail|p2a: Roma|unboost|[from] item: Clear Amulet|[of] p2a: Roma\n|-unboost|p2b: Cser|atk|1\n|-weather|Sandstorm|[from] ability: Sand Stream|[of] p2a: Roma\n|-enditem|p1b: Flutter Mane|Booster Energy\n|-activate|p1b: Flutter Mane|ability: Protosynthesis|[fromitem]\n|-start|p1b: Flutter Mane|protosynthesisspe\n|turn|1\n|inactive|LasermanZ111 has 30 seconds left.\n|\n|t:|1682825765\n|switch|p1a: Iron Hands|Iron Hands, L50|100\/100\n|move|p1b: Flutter Mane|Protect|p1b: Flutter Mane\n|-singleturn|p1b: Flutter Mane|Protect\n|move|p2a: Roma|Crunch|p1b: Flutter Mane\n|-activate|p1b: Flutter Mane|move: Protect\n|move|p2b: Cser|Wild Charge|p1b: Flutter Mane\n|-activate|p1b: Flutter Mane|move: Protect\n|\n|-weather|Sandstorm|[upkeep]\n|-damage|p1b: Flutter Mane|95\/100|[from] Sandstorm\n|-damage|p1a: Iron Hands|95\/100|[from] Sandstorm\n|-damage|p2b: Cser|94\/100|[from] Sandstorm\n|upkeep\n|turn|2\n|inactive|LasermanZ111 has 30 seconds left.\n|inactive|LasermanZ111 has 20 seconds left.\n|\n|t:|1682825804\n|switch|p2a: Shiba|Arcanine, L50, F|100\/100\n|-ability|p2a: Shiba|Intimidate|boost\n|-unboost|p1a: Iron Hands|atk|1\n|-unboost|p1b: Flutter Mane|atk|1\n|-terastallize|p1b: Flutter Mane|Fairy\n|move|p1a: Iron Hands|Fake Out|p2b: Cser\n|-damage|p2b: Cser|86\/100\n|move|p1b: Flutter Mane|Moonblast|p2a: Shiba\n|-resisted|p2a: Shiba\n|-damage|p2a: Shiba|65\/100\n|cant|p2b: Cser|flinch\n|\n|-weather|Sandstorm|[upkeep]\n|-damage|p1b: Flutter Mane|89\/100|[from] Sandstorm\n|-damage|p1a: Iron Hands|89\/100|[from] Sandstorm\n|-damage|p2b: Cser|80\/100|[from] Sandstorm\n|upkeep\n|turn|3\n|inactive|LasermanZ111 has 30 seconds left.\n|inactive|saweaaaa has 30 seconds left.\n|inactive|LasermanZ111 has 20 seconds left.\n|\n|t:|1682825842\n|-end|p1a: Iron Hands|Quark Drive|[silent]\n|switch|p1a: Gyarados|Gyarados, L50, M, shiny|100\/100\n|-ability|p1a: Gyarados|Intimidate|boost\n|-unboost|p2a: Shiba|atk|1\n|-unboost|p2b: Cser|atk|1\n|move|p2a: Shiba|Protect|p2a: Shiba\n|-singleturn|p2a: Shiba|Protect\n|move|p1b: Flutter Mane|Moonblast|p2b: Cser\n|-supereffective|p2b: Cser\n|-damage|p2b: Cser|10\/100\n|-unboost|p2b: Cser|spa|1\n|move|p2b: Cser|Volt Switch|p1a: Gyarados\n|-supereffective|p1a: Gyarados\n|-damage|p1a: Gyarados|75\/100\n|\n|t:|1682825860\n|-end|p2b: Cser|Quark Drive|[silent]\n|switch|p2b: Roma|Tyranitar, L50, M|100\/100|[from] Volt Switch\n|\n|-weather|Sandstorm|[upkeep]\n|-damage|p1b: Flutter Mane|83\/100|[from] Sandstorm\n|-damage|p1a: Gyarados|69\/100|[from] Sandstorm\n|upkeep\n|turn|4\n|inactive|saweaaaa has 30 seconds left.\n|\n|t:|1682825889\n|switch|p2a: Cser|Iron Hands, L50|10\/100\n|move|p1b: Flutter Mane|Icy Wind|p2a: Cser|[spread] p2a,p2b\n|-damage|p2a: Cser|3\/100\n|-damage|p2b: Roma|92\/100\n|-unboost|p2a: Cser|spe|1\n|move|p1a: Gyarados|Waterfall|p2a: Cser\n|-damage|p2a: Cser|0 fnt\n|faint|p2a: Cser\n|-end|p2a: Cser|Quark Drive|[silent]\n|move|p2b: Roma|Rock Slide|p1b: Flutter Mane|[spread] p1a,p1b\n|-supereffective|p1a: Gyarados\n|-damage|p1a: Gyarados|2\/100\n|-damage|p1b: Flutter Mane|38\/100\n|\n|-weather|Sandstorm|[upkeep]\n|-damage|p1b: Flutter Mane|33\/100|[from] Sandstorm\n|-damage|p1a: Gyarados|0 fnt|[from] Sandstorm\n|faint|p1a: Gyarados\n|upkeep\n|inactive|LasermanZ111 has 30 seconds left.\n|\n|t:|1682825919\n|switch|p1a: Iron Hands|Iron Hands, L50|89\/100\n|switch|p2a: Shiba|Arcanine, L50, F|65\/100\n|-ability|p2a: Shiba|Intimidate|boost\n|-unboost|p1a: Iron Hands|atk|1\n|-unboost|p1b: Flutter Mane|atk|1\n|turn|5\n|inactive|LasermanZ111 has 30 seconds left.\n|\n|t:|1682825951\n|move|p2b: Roma|Protect|p2b: Roma\n|-singleturn|p2b: Roma|Protect\n|move|p1a: Iron Hands|Fake Out|p2a: Shiba\n|-damage|p2a: Shiba|54\/100\n|cant|p2a: Shiba|flinch\n|move|p1b: Flutter Mane|Shadow Ball|p2a: Shiba\n|-damage|p2a: Shiba|8\/100\n|-unboost|p2a: Shiba|spd|1\n|\n|-weather|none\n|upkeep\n|turn|6\n|\n|t:|1682825976\n|-terastallize|p2b: Roma|Flying\n|move|p2a: Shiba|Extreme Speed|p1b: Flutter Mane\n|-damage|p1b: Flutter Mane|0 fnt\n|faint|p1b: Flutter Mane\n|-end|p1b: Flutter Mane|Protosynthesis|[silent]\n|move|p2b: Roma|Tera Blast|p1a: Iron Hands\n|-damage|p1a: Iron Hands|55\/100\n|move|p1a: Iron Hands|Drain Punch|p2b: Roma\n|-resisted|p2b: Roma\n|-damage|p2b: Roma|81\/100\n|-heal|p1a: Iron Hands|60\/100|[from] drain|[of] p2b: Roma\n|\n|upkeep\n|\n|t:|1682825988\n|switch|p1b: Baxcalibur|Baxcalibur, L50, M|100\/100\n|turn|7\n|inactive|LasermanZ111 has 30 seconds left.\n|inactive|LasermanZ111 has 20 seconds left.\n|inactive|saweaaaa has 30 seconds left.\n|inactive|LasermanZ111 has 15 seconds left.\n|\n|t:|1682826031\n|move|p2a: Shiba|Protect|p2a: Shiba\n|-singleturn|p2a: Shiba|Protect\n|move|p1b: Baxcalibur|Ice Shard|p2a: Shiba\n|-activate|p2a: Shiba|move: Protect\n|move|p2b: Roma|Crunch|p1b: Baxcalibur\n|-damage|p1b: Baxcalibur|59\/100\n|move|p1a: Iron Hands|Wild Charge|p2b: Roma\n|-supereffective|p2b: Roma\n|-damage|p2b: Roma|26\/100\n|-damage|p1a: Iron Hands|48\/100|[from] Recoil\n|\n|upkeep\n|turn|8\n|\n|t:|1682826055\n|move|p2a: Shiba|Extreme Speed|p1a: Iron Hands\n|-damage|p1a: Iron Hands|29\/100\n|move|p1b: Baxcalibur|Ice Shard|p2b: Roma\n|-supereffective|p2b: Roma\n|-damage|p2b: Roma|0 fnt\n|faint|p2b: Roma\n|move|p1a: Iron Hands|Wild Charge|p2a: Shiba\n|-damage|p2a: Shiba|0 fnt\n|faint|p2a: Shiba\n|-damage|p1a: Iron Hands|28\/100|[from] Recoil\n|\n|upkeep\n|\n|t:|1682826064\n|switch|p2a: Lilly|Flutter Mane, L50|100\/100\n|turn|9\n|\n|t:|1682826071\n|move|p2a: Lilly|Moonblast|p1b: Baxcalibur\n|-supereffective|p1b: Baxcalibur\n|-damage|p1b: Baxcalibur|0 fnt\n|faint|p1b: Baxcalibur\n|move|p1a: Iron Hands|Wild Charge|p2a: Lilly\n|-damage|p2a: Lilly|20\/100\n|-damage|p1a: Iron Hands|17\/100|[from] Recoil\n|\n|upkeep\n|turn|10\n|c|\u2606LasermanZ111|dear god\n|inactive|LasermanZ111 has 30 seconds left.\n|inactive|LasermanZ111 has 20 seconds left.\n|c|\u2606LasermanZ111|why did you have to switch out Arcanine the one turn ahhh\n|inactive|LasermanZ111 has 15 seconds left.\n|\n|t:|1682826113\n|move|p2a: Lilly|Shadow Ball|p1a: Iron Hands\n|-damage|p1a: Iron Hands|0 fnt\n|faint|p1a: Iron Hands\n|-end|p1a: Iron Hands|Quark Drive|[silent]\n|\n|win|saweaaaa\n|raw|LasermanZ111's rating: 1330 → 1312<\/strong> (-18 for losing)\n|raw|saweaaaa's rating: 1362 → 1380<\/strong> (+18 for winning)\n","uploadtime":1682826120,"views":8,"p1id":"lasermanz111","p2id":"saweaaaa","formatid":"gen9vgc2023regulationc","rating":1312,"private":0,"password":""}