{"id":"gen9vgc2023regulationc-1847507075","p1":"edhead64","p2":"ModernNeesh","format":"[Gen 9] VGC 2023 Regulation C","log":"|j|\u2606edhead64\n|j|\u2606ModernNeesh\n|t:|1681964275\n|gametype|doubles\n|player|p1|edhead64|ethan|\n|player|p2|ModernNeesh|hilbert|\n|teamsize|p1|6\n|teamsize|p2|6\n|gen|9\n|tier|[Gen 9] VGC 2023 Regulation C\n|rule|Species Clause: Limit one of each Pok\u00e9mon\n|rule|Item Clause: Limit one of each item\n|clearpoke\n|poke|p1|Lycanroc, L50, M|\n|poke|p1|Tyranitar, L50, M|\n|poke|p1|Armarouge, L50, F|\n|poke|p1|Indeedee-F, L50, F|\n|poke|p1|Dondozo, L50, F|\n|poke|p1|Tatsugiri-Stretchy, L50, F|\n|poke|p2|Talonflame, L50, F|\n|poke|p2|Flutter Mane, L50|\n|poke|p2|Dragonite, L50, F|\n|poke|p2|Amoonguss, L50, F|\n|poke|p2|Iron Bundle, L50|\n|poke|p2|Great Tusk, L50|\n|teampreview|4\nModernNeesh has agreed to open team sheets.\nedhead64 has agreed to open team sheets.\n|\n|t:|1681964316\n|start\n|switch|p1a: Lycanroc|Lycanroc, L50, M|100\/100\n|switch|p1b: Tyranitar|Tyranitar, L50, M|100\/100\n|switch|p2a: Dragonite|Dragonite, L50, F|100\/100\n|switch|p2b: Great Tusk|Great Tusk, L50|100\/100\n|-weather|Sandstorm|[from] ability: Sand Stream|[of] p1b: Tyranitar\n|turn|1\n|\n|t:|1681964356\n|-terastallize|p2a: Dragonite|Normal\n|-terastallize|p1b: Tyranitar|Flying\n|move|p1a: Lycanroc|Rock Slide|p2a: Dragonite|[spread] p2a,p2b\n|-resisted|p2b: Great Tusk\n|-damage|p2a: Dragonite|72\/100\n|-damage|p2b: Great Tusk|95\/100\n|move|p2b: Great Tusk|Close Combat|p1b: Tyranitar\n|-resisted|p1b: Tyranitar\n|-damage|p1b: Tyranitar|73\/100\n|-unboost|p2b: Great Tusk|def|1\n|-unboost|p2b: Great Tusk|spd|1\n|move|p2a: Dragonite|Ice Spinner|p1a: Lycanroc\n|-damage|p1a: Lycanroc|20\/100\n|move|p1b: Tyranitar|Tera Blast|p2b: Great Tusk\n|-supereffective|p2b: Great Tusk\n|-damage|p2b: Great Tusk|0 fnt\n|faint|p2b: Great Tusk\n|-end|p2b: Great Tusk|Protosynthesis|[silent]\n|\n|-weather|Sandstorm|[upkeep]\n|-damage|p2a: Dragonite|66\/100|[from] Sandstorm\n|-damage|p1b: Tyranitar|67\/100|[from] Sandstorm\n|upkeep\n|\n|t:|1681964379\n|switch|p2b: Amoonguss|Amoonguss, L50, F|100\/100\n|turn|2\n|\n|t:|1681964418\n|switch|p1b: Indeedee|Indeedee-F, L50, F|100\/100\n|-fieldstart|move: Psychic Terrain|[from] ability: Psychic Surge|[of] p1b: Indeedee\n|move|p2b: Amoonguss|Rage Powder|p2b: Amoonguss\n|-singleturn|p2b: Amoonguss|move: Rage Powder\n|move|p1a: Lycanroc|Rock Slide|p2a: Dragonite|[spread] p2a,p2b\n|-damage|p2a: Dragonite|39\/100\n|-damage|p2b: Amoonguss|76\/100\n|move|p2a: Dragonite|Ice Spinner|p1b: Indeedee\n|-damage|p1b: Indeedee|43\/100\n|-fieldend|move: Psychic Terrain\n|\n|-weather|Sandstorm|[upkeep]\n|-damage|p2a: Dragonite|33\/100|[from] Sandstorm\n|-damage|p2b: Amoonguss|70\/100|[from] Sandstorm\n|upkeep\n|turn|3\n|\n|t:|1681964492\n|switch|p2a: Iron Bundle|Iron Bundle, L50|100\/100\n|-enditem|p2a: Iron Bundle|Booster Energy\n|-activate|p2a: Iron Bundle|ability: Quark Drive|[fromitem]\n|-start|p2a: Iron Bundle|quarkdrivespe\n|move|p1a: Lycanroc|Protect|p1a: Lycanroc\n|-singleturn|p1a: Lycanroc|Protect\n|move|p2b: Amoonguss|Spore|p1a: Lycanroc\n|-activate|p1a: Lycanroc|move: Protect\n|move|p1b: Indeedee|Trick Room|p1b: Indeedee\n|-fieldstart|move: Trick Room|[of] p1b: Indeedee\n|\n|-weather|Sandstorm|[upkeep]\n|-damage|p2b: Amoonguss|64\/100|[from] Sandstorm\n|-damage|p2a: Iron Bundle|94\/100|[from] Sandstorm\n|upkeep\n|turn|4\n|\n|t:|1681964546\n|move|p1a: Lycanroc|Protect||[still]\n|-fail|p1a: Lycanroc\n|move|p1b: Indeedee|Follow Me|p1b: Indeedee\n|-singleturn|p1b: Indeedee|move: Follow Me\n|move|p2b: Amoonguss|Spore|p1b: Indeedee\n|-activate|p1b: Indeedee|item: Safety Goggles|Spore\n|move|p2a: Iron Bundle|Hydro Pump|p1b: Indeedee\n|-damage|p1b: Indeedee|0 fnt\n|faint|p1b: Indeedee\n|\n|-weather|Sandstorm|[upkeep]\n|-damage|p2b: Amoonguss|58\/100|[from] Sandstorm\n|-damage|p2a: Iron Bundle|88\/100|[from] Sandstorm\n|upkeep\n|\n|t:|1681964554\n|switch|p1b: Armarouge|Armarouge, L50, F|100\/100\n|turn|5\n|\n|t:|1681964597\n|move|p2b: Amoonguss|Spore|p1b: Armarouge\n|-status|p1b: Armarouge|slp|[from] move: Spore\n|cant|p1b: Armarouge|slp\n|move|p2a: Iron Bundle|Freeze-Dry|p1a: Lycanroc\n|-damage|p1a: Lycanroc|0 fnt\n|faint|p1a: Lycanroc\n|\n|-weather|none\n|upkeep\n|\n|t:|1681964606\n|switch|p1a: Tyranitar|Tyranitar, L50, M, tera:Flying|67\/100\n|-weather|Sandstorm|[from] ability: Sand Stream|[of] p1a: Tyranitar\n|turn|6\n|\n|t:|1681964652\n|move|p2b: Amoonguss|Spore|p1a: Tyranitar\n|-status|p1a: Tyranitar|slp|[from] move: Spore\n|-curestatus|p1b: Armarouge|slp|[msg]\n|move|p1b: Armarouge|Expanding Force|p2b: Amoonguss\n|-supereffective|p2b: Amoonguss\n|-damage|p2b: Amoonguss|0 fnt\n|faint|p2b: Amoonguss\n|-damage|p1b: Armarouge|91\/100|[from] item: Life Orb\n|cant|p1a: Tyranitar|slp\n|move|p2a: Iron Bundle|Hydro Pump|p1b: Armarouge\n|-supereffective|p1b: Armarouge\n|-damage|p1b: Armarouge|0 fnt\n|faint|p1b: Armarouge\n|\n|-weather|Sandstorm|[upkeep]\n|-damage|p1a: Tyranitar|61\/100 slp|[from] Sandstorm\n|-damage|p2a: Iron Bundle|82\/100|[from] Sandstorm\n|upkeep\n|\n|t:|1681964667\n|switch|p2b: Dragonite|Dragonite, L50, F, tera:Normal|33\/100\n|turn|7\n|\n|t:|1681964699\n|move|p2a: Iron Bundle|Protect|p2a: Iron Bundle\n|-singleturn|p2a: Iron Bundle|Protect\n|move|p2b: Dragonite|Extreme Speed|p1a: Tyranitar\n|-damage|p1a: Tyranitar|0 fnt\n|faint|p1a: Tyranitar\n|\n|win|ModernNeesh\n|c|\u2606edhead64|gg\n|c|\u2606ModernNeesh|gg\n","uploadtime":1681964709,"views":8,"p1id":"edhead64","p2id":"modernneesh","formatid":"gen9vgc2023regulationc","rating":0,"private":0,"password":""}