{"id":"gen9vgc2023regulationc-1863787897","p1":"voxxod","p2":"Sanex1ty","format":"[Gen 9] VGC 2023 Regulation C","log":"|j|\u2606voxxod\n|j|\u2606Sanex1ty\n|t:|1684077749\n|gametype|doubles\n|player|p1|voxxod|leon|\n|player|p2|Sanex1ty|collector|\n|teamsize|p1|6\n|teamsize|p2|6\n|gen|9\n|tier|[Gen 9] VGC 2023 Regulation C\n|rule|Species Clause: Limit one of each Pok\u00e9mon\n|rule|Item Clause: Limit one of each item\n|clearpoke\n|poke|p1|Lycanroc, L50, F|\n|poke|p1|Tyranitar, L50, F|\n|poke|p1|Annihilape, L50, M|\n|poke|p1|Ting-Lu, L50|\n|poke|p1|Armarouge, L50, F|\n|poke|p1|Indeedee-F, L50, F|\n|poke|p2|Dondozo, L50, F|\n|poke|p2|Tatsugiri-Droopy, L50, F|\n|poke|p2|Wo-Chien, L50|\n|poke|p2|Flutter Mane, L50|\n|poke|p2|Arcanine, L50, M|\n|poke|p2|Glimmora, L50, F|\n|teampreview|4\nvoxxod has agreed to open team sheets.\n|\n|t:|1684077777\n|start\n|switch|p1a: Indeedee|Indeedee-F, L50, F|100\/100\n|switch|p1b: Armarouge|Armarouge, L50, F|100\/100\n|switch|p2a: Flutter Mane|Flutter Mane, L50|100\/100\n|switch|p2b: Wo-Chien|Wo-Chien, L50|100\/100\n|-fieldstart|move: Psychic Terrain|[from] ability: Psychic Surge|[of] p1a: Indeedee\n|-ability|p2b: Wo-Chien|Tablets of Ruin\n|turn|1\n|\n|t:|1684077823\n|move|p1a: Indeedee|Follow Me|p1a: Indeedee\n|-singleturn|p1a: Indeedee|move: Follow Me\n|move|p2a: Flutter Mane|Dazzling Gleam|p1b: Armarouge|[spread] p1a,p1b\n|-resisted|p1b: Armarouge\n|-damage|p1a: Indeedee|63\/100\n|-damage|p1b: Armarouge|74\/100\n|move|p1b: Armarouge|Expanding Force|p2b: Wo-Chien|[spread] p2a\n|-immune|p2b: Wo-Chien\n|-damage|p2a: Flutter Mane|46\/100\n|move|p2b: Wo-Chien|Snarl|p1a: Indeedee|[spread] p1a,p1b\n|-supereffective|p1a: Indeedee\n|-supereffective|p1b: Armarouge\n|-damage|p1a: Indeedee|36\/100\n|-damage|p1b: Armarouge|43\/100\n|-unboost|p1a: Indeedee|spa|1\n|-unboost|p1b: Armarouge|spa|1\n|\n|upkeep\n|turn|2\n|j| Rowlet69420\n|c| Rowlet69420|Glhf both\n|\n|t:|1684077872\n|move|p2a: Flutter Mane|Dazzling Gleam|p1b: Armarouge|[spread] p1a,p1b\n|-resisted|p1b: Armarouge\n|-damage|p1a: Indeedee|0 fnt\n|-damage|p1b: Armarouge|14\/100\n|faint|p1a: Indeedee\n|move|p1b: Armarouge|Armor Cannon|p2a: Flutter Mane\n|-damage|p2a: Flutter Mane|5\/100\n|-unboost|p1b: Armarouge|def|1\n|-unboost|p1b: Armarouge|spd|1\n|move|p2b: Wo-Chien|Snarl|p1b: Armarouge\n|-supereffective|p1b: Armarouge\n|-damage|p1b: Armarouge|0 fnt\n|faint|p1b: Armarouge\n|\n|upkeep\n|\n|t:|1684077881\n|switch|p1b: Ting-Lu|Ting-Lu, L50|100\/100\n|switch|p1a: Annihilape|Annihilape, L50, M|100\/100\n|-ability|p1b: Ting-Lu|Vessel of Ruin\n|turn|3\n|c| Rowlet69420|Mane bulky\n|\n|t:|1684077904\n|move|p1a: Annihilape|Protect|p1a: Annihilape\n|-singleturn|p1a: Annihilape|Protect\n|move|p2a: Flutter Mane|Dazzling Gleam|p1a: Annihilape|[spread] p1b\n|-activate|p1a: Annihilape|move: Protect\n|-supereffective|p1b: Ting-Lu\n|-damage|p1b: Ting-Lu|75\/100\n|move|p2b: Wo-Chien|Leech Seed|p1b: Ting-Lu\n|-start|p1b: Ting-Lu|move: Leech Seed\n|move|p1b: Ting-Lu|Snarl|p2a: Flutter Mane|[spread] p2a,p2b\n|-resisted|p2b: Wo-Chien\n|-damage|p2a: Flutter Mane|0 fnt\n|-damage|p2b: Wo-Chien|98\/100\n|-unboost|p2b: Wo-Chien|spa|1\n|faint|p2a: Flutter Mane\n|-end|p2a: Flutter Mane|Protosynthesis|[silent]\n|\n|-heal|p2b: Wo-Chien|100\/100|[from] item: Leftovers\n|-damage|p1b: Ting-Lu|62\/100|[from] Leech Seed|[of] p2b: Wo-Chien\n|upkeep\n|\n|t:|1684077940\n|switch|p2a: Dondozo|Dondozo, L50, F|100\/100\n|turn|4\n|\n|t:|1684077953\n|switch|p2b: Tatsugiri|Tatsugiri-Droopy, L50, F|100\/100\n|-activate|p2b: Tatsugiri|ability: Commander|[of] p2a: Dondozo\n|-boost|p2a: Dondozo|atk|2\n|-boost|p2a: Dondozo|spa|2\n|-boost|p2a: Dondozo|spe|2\n|-boost|p2a: Dondozo|def|2\n|-boost|p2a: Dondozo|spd|2\n|-terastallize|p1b: Ting-Lu|Water\n|move|p2a: Dondozo|Protect|p2a: Dondozo\n|-singleturn|p2a: Dondozo|Protect\n|move|p1a: Annihilape|Bulk Up|p1a: Annihilape\n|-boost|p1a: Annihilape|atk|1\n|-boost|p1a: Annihilape|def|1\n|move|p1b: Ting-Lu|Ruination|p2b: Tatsugiri|[miss]\n|-miss|p1b: Ting-Lu|p2b: Tatsugiri\n|\n|-damage|p1b: Ting-Lu|50\/100|[from] Leech Seed|[of] p2b: Tatsugiri\n|upkeep\n|turn|5\n|\n|t:|1684077981\n|-terastallize|p2a: Dondozo|Flying\n|move|p2a: Dondozo|Tera Blast|p1a: Annihilape\n|-supereffective|p1a: Annihilape\n|-damage|p1a: Annihilape|0 fnt\n|faint|p1a: Annihilape\n|-damage|p2a: Dondozo|91\/100|[from] item: Life Orb\n|move|p1b: Ting-Lu|Ruination|p2a: Dondozo\n|-damage|p2a: Dondozo|46\/100\n|\n|-damage|p1b: Ting-Lu|38\/100|[from] Leech Seed|[of] p2b: Tatsugiri\n|-fieldend|move: Psychic Terrain\n|upkeep\n|turn|6\n|c|\u2606voxxod|Lool\n|-message|voxxod forfeited.\n|\n|win|Sanex1ty\n|l|\u2606voxxod\n|c|\u2606Sanex1ty|ggs :>\n","uploadtime":1684078011,"views":17,"p1id":"voxxod","p2id":"sanex1ty","formatid":"gen9vgc2023regulationc","rating":0,"private":0,"password":""}