{"id":"gen9vgc2023regulationc-1861923374","p1":"mbmvmv","p2":"VeeGey","format":"[Gen 9] VGC 2023 Regulation C","log":"|j|\u2606mbmvmv\n|j|\u2606VeeGey\n|t:|1683821121\n|gametype|doubles\n|player|p1|mbmvmv|sage|1075\n|player|p2|VeeGey|170|1029\n|teamsize|p1|6\n|teamsize|p2|6\n|gen|9\n|tier|[Gen 9] VGC 2023 Regulation C\n|rated|\n|rule|Species Clause: Limit one of each Pok\u00e9mon\n|rule|Item Clause: Limit one of each item\n|clearpoke\n|poke|p1|Grafaiai, L50, M|\n|poke|p1|Slaking, L50, M|\n|poke|p1|Meowscarada, L50, M|\n|poke|p1|Murkrow, L50, M|\n|poke|p1|Gyarados, L50, M|\n|poke|p1|Kingambit, L50, F|\n|poke|p2|Barraskewda, L50, M|\n|poke|p2|Pelipper, L50, M|\n|poke|p2|Golduck, L50, M|\n|poke|p2|Tsareena, L50, F|\n|poke|p2|Scream Tail, L50|\n|poke|p2|Azumarill, L50, F|\n|teampreview|4\n|inactive|Battle timer is ON: inactive players will automatically lose when time's up. (requested by VeeGey)\n|inactive|mbmvmv also wants the timer to be on.\nVeeGey has agreed to open team sheets.\nmbmvmv has agreed to open team sheets.\n|inactive|mbmvmv has 60 seconds left.\n|inactive|mbmvmv has 30 seconds left.\n|\n|t:|1683821182\n|start\n|switch|p1a: Grafaiai|Grafaiai, L50, M|100\/100\n|switch|p1b: Slaking|Slaking, L50, M|100\/100\n|switch|p2a: Pelipper|Pelipper, L50, M|100\/100\n|switch|p2b: Golduck|Golduck, L50, M|100\/100\n|-weather|RainDance|[from] ability: Drizzle|[of] p2a: Pelipper\n|turn|1\n|\n|t:|1683821206\n|switch|p2b: Scream Tail|Scream Tail, L50|100\/100\n|-enditem|p2b: Scream Tail|Booster Energy\n|-activate|p2b: Scream Tail|ability: Protosynthesis|[fromitem]\n|-start|p2b: Scream Tail|protosynthesisspd\n|move|p1a: Grafaiai|Doodle||[still]\n|-fail|p1a: Grafaiai\n|move|p1b: Slaking|Body Slam|p2b: Scream Tail\n|-damage|p2b: Scream Tail|49\/100\n|-status|p2b: Scream Tail|par\n|-damage|p1b: Slaking|91\/100|[from] item: Life Orb\n|move|p2a: Pelipper|Tailwind|p2a: Pelipper\n|-sidestart|p2: VeeGey|move: Tailwind\n|\n|-weather|RainDance|[upkeep]\n|upkeep\n|turn|2\n|inactive|mbmvmv has 30 seconds left.\n|\n|t:|1683821232\n|switch|p2a: Tsareena|Tsareena, L50, F|100\/100\n|move|p1a: Grafaiai|Doodle||[still]\n|cant|p2a: Tsareena|ability: Queenly Majesty|Doodle|[of] p1a: Grafaiai\n|cant|p1b: Slaking|ability: Truant\n|cant|p2b: Scream Tail|par\n|\n|-weather|RainDance|[upkeep]\n|upkeep\n|turn|3\n|inactive|mbmvmv has 30 seconds left.\n|inactive|VeeGey has 30 seconds left.\n|\n|t:|1683821260\n|-terastallize|p2a: Tsareena|Steel\n|move|p1a: Grafaiai|Parting Shot||[still]\n|cant|p2a: Tsareena|ability: Queenly Majesty|Parting Shot|[of] p1a: Grafaiai\n|move|p1b: Slaking|Rock Slide|p2a: Tsareena|[spread] p2a,p2b\n|-resisted|p2a: Tsareena\n|-damage|p2a: Tsareena|83\/100\n|-damage|p2b: Scream Tail|26\/100 par\n|-damage|p1b: Slaking|81\/100|[from] item: Life Orb\n|move|p2a: Tsareena|Trop Kick|p1b: Slaking\n|-damage|p1b: Slaking|52\/100\n|-unboost|p1b: Slaking|atk|1\n|cant|p2b: Scream Tail|par\n|\n|-weather|RainDance|[upkeep]\n|upkeep\n|turn|4\n|\n|t:|1683821281\n|switch|p1b: Murkrow|Murkrow, L50, M|100\/100\n|move|p1a: Grafaiai|Parting Shot||[still]\n|cant|p2a: Tsareena|ability: Queenly Majesty|Parting Shot|[of] p1a: Grafaiai\n|move|p2a: Tsareena|Low Kick|p1b: Murkrow\n|-damage|p1b: Murkrow|92\/100\n|cant|p2b: Scream Tail|par\n|\n|-weather|RainDance|[upkeep]\n|-sideend|p2: VeeGey|move: Tailwind\n|upkeep\n|turn|5\n|inactive|mbmvmv has 30 seconds left.\n|l|\u2606mbmvmv\n|inactive|mbmvmv disconnected and has a minute to reconnect!\n|player|p1|\n|inactive|mbmvmv has 20 seconds left.\n|inactive|mbmvmv has 15 seconds left.\n|inactive|mbmvmv has 10 seconds left.\n|inactive|mbmvmv has 5 seconds left.\n|-message|mbmvmv lost due to inactivity.\n|\n|win|VeeGey\n|raw|mbmvmv's rating: 1075 → 1051<\/strong> (-24 for losing)\n|raw|VeeGey's rating: 1029 → 1069<\/strong> (+40 for winning)\n","uploadtime":1683821340,"views":7,"p1id":"mbmvmv","p2id":"veegey","formatid":"gen9vgc2023regulationc","rating":1051,"private":0,"password":""}