{"id":"gen9vgc2023regulationc-1861984980","p1":"ScrubShadedPurple","p2":"tonythebrony","format":"[Gen 9] VGC 2023 Regulation C","log":"|j|\u2606ScrubShadedPurple\n|j|\u2606tonythebrony\n|t:|1683826402\n|gametype|doubles\n|player|p1|ScrubShadedPurple|101|1093\n|player|p2|tonythebrony|gardenia|1021\n|teamsize|p1|6\n|teamsize|p2|6\n|gen|9\n|tier|[Gen 9] VGC 2023 Regulation C\n|rated|\n|rule|Species Clause: Limit one of each Pok\u00e9mon\n|rule|Item Clause: Limit one of each item\n|clearpoke\n|poke|p1|Revavroom, L50, F|\n|poke|p1|Gyarados, L50, M|\n|poke|p1|Maushold, L50|\n|poke|p1|Volcarona, L50, M|\n|poke|p1|Ting-Lu, L50|\n|poke|p1|Flutter Mane, L50|\n|poke|p2|Slither Wing, L50|\n|poke|p2|Arcanine, L50, F|\n|poke|p2|Meowscarada, L50, F|\n|poke|p2|Gastrodon-East, L50, M|\n|poke|p2|Flutter Mane, L50|\n|poke|p2|Dragonite, L50, M|\n|teampreview|4\n|\n|t:|1683826438\n|start\n|switch|p1a: Revavroom|Revavroom, L50, F|100\/100\n|switch|p1b: Flutter Mane|Flutter Mane, L50|100\/100\n|switch|p2a: Gastrodon|Gastrodon-East, L50, M|100\/100\n|switch|p2b: Meowscarada|Meowscarada, L50, F|100\/100\n|turn|1\n|\n|t:|1683826467\n|-terastallize|p2b: Meowscarada|Grass\n|move|p1b: Flutter Mane|Substitute|p1b: Flutter Mane\n|-start|p1b: Flutter Mane|Substitute\n|-damage|p1b: Flutter Mane|76\/100\n|move|p2b: Meowscarada|Flower Trick|p1b: Flutter Mane\n|-crit|p1b: Flutter Mane\n|-end|p1b: Flutter Mane|Substitute\n|-damage|p2b: Meowscarada|91\/100|[from] item: Life Orb\n|move|p1a: Revavroom|Parting Shot|p2b: Meowscarada\n|-unboost|p2b: Meowscarada|atk|1\n|-unboost|p2b: Meowscarada|spa|1\n|\n|t:|1683826485\n|switch|p1a: Gyarados|Gyarados, L50, M|100\/100|[from] Parting Shot\n|-ability|p1a: Gyarados|Intimidate|boost\n|-unboost|p2a: Gastrodon|atk|1\n|-unboost|p2b: Meowscarada|atk|1\n|move|p2a: Gastrodon|Earth Power|p1a: Gyarados\n|-immune|p1a: Gyarados\n|\n|upkeep\n|turn|2\n|\n|t:|1683826514\n|move|p1b: Flutter Mane|Protect|p1b: Flutter Mane\n|-singleturn|p1b: Flutter Mane|Protect\n|move|p2b: Meowscarada|Flower Trick|p1b: Flutter Mane\n|-activate|p1b: Flutter Mane|move: Protect\n|move|p1a: Gyarados|Thunder Wave|p2b: Meowscarada\n|-status|p2b: Meowscarada|par\n|move|p2a: Gastrodon|Earth Power|p1b: Flutter Mane\n|-activate|p1b: Flutter Mane|move: Protect\n|\n|upkeep\n|turn|3\n|\n|t:|1683826551\n|move|p1b: Flutter Mane|Dazzling Gleam|p2b: Meowscarada|[spread] p2a,p2b\n|-damage|p2a: Gastrodon|63\/100\n|-damage|p2b: Meowscarada|22\/100 par\n|-damage|p1b: Flutter Mane|66\/100|[from] item: Life Orb\n|move|p1a: Gyarados|Taunt|p2a: Gastrodon\n|-start|p2a: Gastrodon|move: Taunt\n|cant|p2b: Meowscarada|par\n|move|p2a: Gastrodon|Earth Power|p1b: Flutter Mane\n|-damage|p1b: Flutter Mane|29\/100\n|\n|upkeep\n|turn|4\n|\n|t:|1683826606\n|switch|p1a: Revavroom|Revavroom, L50, F|100\/100\n|move|p1b: Flutter Mane|Dazzling Gleam|p2b: Meowscarada|[spread] p2a,p2b\n|-damage|p2a: Gastrodon|29\/100\n|-damage|p2b: Meowscarada|0 fnt\n|-enditem|p2a: Gastrodon|Sitrus Berry|[eat]\n|-heal|p2a: Gastrodon|54\/100|[from] item: Sitrus Berry\n|faint|p2b: Meowscarada\n|-damage|p1b: Flutter Mane|19\/100|[from] item: Life Orb\n|move|p2a: Gastrodon|Earth Power|p1b: Flutter Mane\n|-damage|p1b: Flutter Mane|0 fnt\n|faint|p1b: Flutter Mane\n|-end|p1b: Flutter Mane|Protosynthesis|[silent]\n|\n|upkeep\n|inactive|Battle timer is ON: inactive players will automatically lose when time's up. (requested by ScrubShadedPurple)\n|\n|t:|1683826631\n|switch|p1b: Volcarona|Volcarona, L50, M|100\/100\n|switch|p2b: Flutter Mane|Flutter Mane, L50|100\/100\n|turn|5\n|l|\u2606tonythebrony\n|inactive|tonythebrony disconnected and has a minute to reconnect!\n|player|p2|\n|inactive|tonythebrony has 30 seconds left.\n|inactive|tonythebrony has 20 seconds left.\n|inactive|tonythebrony has 15 seconds left.\n|inactive|tonythebrony has 10 seconds left.\n|inactive|tonythebrony has 5 seconds left.\n|-message|tonythebrony lost due to inactivity.\n|\n|win|ScrubShadedPurple\n|raw|ScrubShadedPurple's rating: 1093 → 1114<\/strong> (+21 for winning)\n|raw|tonythebrony's rating: 1021 → 1011<\/strong> (-10 for losing)\n","uploadtime":1683826691,"views":7,"p1id":"scrubshadedpurple","p2id":"tonythebrony","formatid":"gen9vgc2023regulationc","rating":1011,"private":0,"password":""}