{"id":"gen9vgc2023regulationc-1848660110","p1":"M1so","p2":"DragonWindGT","format":"[Gen 9] VGC 2023 Regulation C","log":"|j|\u2606M1so\n|j|\u2606DragonWindGT\n|t:|1682098508\n|gametype|doubles\n|player|p1|M1so|169|1129\n|player|p2|DragonWindGT|hilbert|1108\n|teamsize|p1|6\n|teamsize|p2|6\n|gen|9\n|tier|[Gen 9] VGC 2023 Regulation C\n|rated|\n|rule|Species Clause: Limit one of each Pok\u00e9mon\n|rule|Item Clause: Limit one of each item\n|clearpoke\n|poke|p1|Flutter Mane, L50|\n|poke|p1|Palafin, L50, M|\n|poke|p1|Arcanine, L50, F|\n|poke|p1|Amoonguss, L50, M|\n|poke|p1|Ting-Lu, L50|\n|poke|p1|Roaring Moon, L50|\n|poke|p2|Quaquaval, L50, M|\n|poke|p2|Pelipper, L50, F|\n|poke|p2|Gholdengo, L50|\n|poke|p2|Amoonguss, L50, M|\n|poke|p2|Chi-Yu, L50|\n|poke|p2|Ting-Lu, L50|\n|teampreview|4\nM1so has agreed to open team sheets.\n|\n|t:|1682098547\n|start\n|switch|p1a: Flutter Mane|Flutter Mane, L50|100\/100\n|switch|p1b: Palafin|Palafin, L50, M|100\/100\n|switch|p2a: Amoonguss|Amoonguss, L50, M, shiny|100\/100\n|switch|p2b: Gholdengo|Gholdengo, L50|100\/100\n|turn|1\n|inactive|Battle timer is ON: inactive players will automatically lose when time's up. (requested by DragonWindGT)\n|inactive|M1so has 60 seconds left.\n|\n|t:|1682098605\n|detailschange|p1b: Palafin|Palafin-Hero, L50, M\n|switch|p1b: Ting-Lu|Ting-Lu, L50|100\/100\n|-ability|p1b: Ting-Lu|Vessel of Ruin\n|move|p2a: Amoonguss|Rage Powder|p2a: Amoonguss\n|-singleturn|p2a: Amoonguss|move: Rage Powder\n|move|p1a: Flutter Mane|Shadow Ball|p2a: Amoonguss\n|-damage|p2a: Amoonguss|61\/100\n|move|p2b: Gholdengo|Nasty Plot|p2b: Gholdengo\n|-boost|p2b: Gholdengo|spa|2\n|\n|-heal|p2a: Amoonguss|67\/100|[from] item: Leftovers\n|upkeep\n|turn|2\n|inactive|M1so has 30 seconds left.\n|inactive|DragonWindGT has 30 seconds left.\n|inactive|M1so has 20 seconds left.\n|inactive|DragonWindGT has 20 seconds left.\n|\n|t:|1682098644\n|-end|p1a: Flutter Mane|Protosynthesis|[silent]\n|switch|p1a: Palafin|Palafin-Hero, L50, M|100\/100\n|-activate|p1a: Palafin|ability: Zero to Hero\n|-terastallize|p2b: Gholdengo|Steel\n|move|p2b: Gholdengo|Make It Rain|p1a: Palafin|[spread] p1a,p1b\n|-resisted|p1a: Palafin\n|-damage|p1a: Palafin|49\/100\n|-damage|p1b: Ting-Lu|47\/100\n|-unboost|p2b: Gholdengo|spa|1\n|move|p1b: Ting-Lu|Ruination|p2a: Amoonguss\n|-damage|p2a: Amoonguss|34\/100\n|move|p2a: Amoonguss|Spore|p1b: Ting-Lu\n|-status|p1b: Ting-Lu|slp|[from] move: Spore\n|\n|-heal|p2a: Amoonguss|40\/100|[from] item: Leftovers\n|upkeep\n|turn|3\n|inactive|M1so has 30 seconds left.\n|inactive|DragonWindGT has 30 seconds left.\n|inactive|DragonWindGT has 20 seconds left.\n|inactive|M1so has 20 seconds left.\n|inactive|DragonWindGT has 15 seconds left.\n|inactive|M1so has 15 seconds left.\n|inactive|DragonWindGT has 10 seconds left.\n|\n|t:|1682098693\n|switch|p1b: Amoonguss|Amoonguss, L50, M|100\/100\n|switch|p2a: Chi-Yu|Chi-Yu, L50|100\/100\n|-ability|p2a: Chi-Yu|Beads of Ruin\n|move|p2b: Gholdengo|Protect|p2b: Gholdengo\n|-singleturn|p2b: Gholdengo|Protect\n|move|p1a: Palafin|Haze|p1a: Palafin\n|-clearallboost\n|\n|upkeep\n|turn|4\n|inactive|M1so has 30 seconds left.\n|inactive|DragonWindGT has 30 seconds left.\n|inactive|M1so has 20 seconds left.\n|inactive|DragonWindGT has 20 seconds left.\n|inactive|M1so has 15 seconds left.\n|inactive|DragonWindGT has 15 seconds left.\n|inactive|M1so has 10 seconds left.\n|inactive|DragonWindGT has 10 seconds left.\n|inactive|M1so has 5 seconds left.\n|inactive|DragonWindGT has 5 seconds left.\n|\n|t:|1682098746\n|switch|p2a: Amoonguss|Amoonguss, L50, M, shiny|73\/100\n|-terastallize|p1a: Palafin|Water\n|move|p2b: Gholdengo|Nasty Plot|p2b: Gholdengo\n|-boost|p2b: Gholdengo|spa|2\n|move|p1a: Palafin|Wave Crash|p2b: Gholdengo\n|-damage|p2b: Gholdengo|0 fnt\n|faint|p2b: Gholdengo\n|-damage|p1a: Palafin|22\/100|[from] Recoil\n|move|p1b: Amoonguss|Pollen Puff|p1a: Palafin\n|-heal|p1a: Palafin|72\/100\n|\n|-heal|p2a: Amoonguss|79\/100|[from] item: Leftovers\n|upkeep\n|inactive|DragonWindGT has 30 seconds left.\n|\n|t:|1682098776\n|switch|p2b: Chi-Yu|Chi-Yu, L50|100\/100\n|-ability|p2b: Chi-Yu|Beads of Ruin\n|turn|5\n|inactive|DragonWindGT has 30 seconds left.\n|\n|t:|1682098819\n|switch|p1a: Ting-Lu|Ting-Lu, L50|47\/100 slp\n|-ability|p1a: Ting-Lu|Vessel of Ruin\n|move|p2a: Amoonguss|Rage Powder|p2a: Amoonguss\n|-singleturn|p2a: Amoonguss|move: Rage Powder\n|move|p2b: Chi-Yu|Dark Pulse|p1a: Ting-Lu\n|-resisted|p1a: Ting-Lu\n|-crit|p1a: Ting-Lu\n|-damage|p1a: Ting-Lu|24\/100 slp\n|move|p1b: Amoonguss|Spore|p2b: Chi-Yu\n|-status|p2b: Chi-Yu|slp|[from] move: Spore\n|\n|-heal|p2a: Amoonguss|85\/100|[from] item: Leftovers\n|upkeep\n|turn|6\n|inactive|DragonWindGT has 30 seconds left.\n|\n|t:|1682098847\n|switch|p2b: Quaquaval|Quaquaval, L50, M, shiny|100\/100\n|cant|p1a: Ting-Lu|slp\n|move|p2a: Amoonguss|Pollen Puff|p1a: Ting-Lu\n|-supereffective|p1a: Ting-Lu\n|-damage|p1a: Ting-Lu|13\/100 slp\n|move|p1b: Amoonguss|Pollen Puff|p1a: Ting-Lu\n|-heal|p1a: Ting-Lu|62\/100 slp\n|\n|-heal|p2a: Amoonguss|91\/100|[from] item: Leftovers\n|upkeep\n|turn|7\n|inactive|M1so has 30 seconds left.\n|inactive|DragonWindGT has 30 seconds left.\n|inactive|M1so has 20 seconds left.\n|inactive|M1so has 15 seconds left.\n|inactive|M1so has 10 seconds left.\n|\n|t:|1682098896\n|move|p2b: Quaquaval|Brave Bird|p1b: Amoonguss\n|-supereffective|p1b: Amoonguss\n|-damage|p1b: Amoonguss|14\/100\n|-enditem|p1b: Amoonguss|Sitrus Berry|[eat]\n|-heal|p1b: Amoonguss|38\/100|[from] item: Sitrus Berry\n|-damage|p2b: Quaquaval|61\/100|[from] Recoil\n|-damage|p2b: Quaquaval|51\/100|[from] item: Life Orb\n|-curestatus|p1a: Ting-Lu|slp|[msg]\n|move|p1a: Ting-Lu|Ruination|p2a: Amoonguss\n|-damage|p2a: Amoonguss|46\/100\n|move|p2a: Amoonguss|Pollen Puff|p2b: Quaquaval\n|-heal|p2b: Quaquaval|100\/100\n|move|p1b: Amoonguss|Spore|p2b: Quaquaval\n|-status|p2b: Quaquaval|slp|[from] move: Spore\n|\n|-heal|p2a: Amoonguss|52\/100|[from] item: Leftovers\n|upkeep\n|turn|8\n|inactive|M1so has 30 seconds left.\n|\n|t:|1682098922\n|switch|p2b: Chi-Yu|Chi-Yu, L50|100\/100 slp\n|-ability|p2b: Chi-Yu|Beads of Ruin\n|switch|p1b: Flutter Mane|Flutter Mane, L50|100\/100\n|move|p1a: Ting-Lu|Sand Tomb|p2a: Amoonguss\n|-damage|p2a: Amoonguss|36\/100\n|-activate|p2a: Amoonguss|move: Sand Tomb|[of] p1a: Ting-Lu\n|move|p2a: Amoonguss|Spore|p1a: Ting-Lu\n|-status|p1a: Ting-Lu|slp|[from] move: Spore\n|\n|-heal|p2a: Amoonguss|42\/100|[from] item: Leftovers\n|-damage|p2a: Amoonguss|30\/100|[from] move: Sand Tomb|[partiallytrapped]\n|upkeep\n|turn|9\n|inactive|M1so has 30 seconds left.\n|inactive|DragonWindGT has 30 seconds left.\n|inactive|M1so has 20 seconds left.\n|inactive|M1so has 15 seconds left.\n|inactive|M1so has 10 seconds left.\n|\n|t:|1682098968\n|switch|p1a: Palafin|Palafin-Hero, L50, M, tera:Water|72\/100\n|move|p1b: Flutter Mane|Shadow Ball|p2a: Amoonguss\n|-damage|p2a: Amoonguss|0 fnt\n|faint|p2a: Amoonguss\n|cant|p2b: Chi-Yu|slp\n|\n|upkeep\n|\n|t:|1682098978\n|switch|p2a: Quaquaval|Quaquaval, L50, M, shiny|100\/100 slp\n|turn|10\n|\n|t:|1682098991\n|cant|p2a: Quaquaval|slp\n|move|p1a: Palafin|Jet Punch|p2b: Chi-Yu\n|-supereffective|p2b: Chi-Yu\n|-damage|p2b: Chi-Yu|0 fnt\n|faint|p2b: Chi-Yu\n|move|p1b: Flutter Mane|Shadow Ball|p2a: Quaquaval\n|-damage|p2a: Quaquaval|18\/100 slp\n|\n|upkeep\n|turn|11\n|\n|t:|1682099002\n|cant|p2a: Quaquaval|slp\n|move|p1a: Palafin|Jet Punch|p2a: Quaquaval\n|-resisted|p2a: Quaquaval\n|-damage|p2a: Quaquaval|0 fnt\n|faint|p2a: Quaquaval\n|\n|win|M1so\n|raw|M1so's rating: 1129 → 1152<\/strong> (+23 for winning)\n|raw|DragonWindGT's rating: 1108 → 1085<\/strong> (-23 for losing)\n|l|\u2606DragonWindGT\n","uploadtime":1682099005,"views":13,"p1id":"m1so","p2id":"dragonwindgt","formatid":"gen9vgc2023regulationc","rating":1085,"private":0,"password":""}