{"id":"gen9vgc2023regulationc-1859438048","p1":"RobyKenobi","p2":"Tamejo","format":"[Gen 9] VGC 2023 Regulation C","log":"|j|\u2606RobyKenobi\n|j|\u2606Tamejo\n|t:|1683467700\n|gametype|doubles\n|player|p1|RobyKenobi|silver|\n|player|p2|Tamejo|rood|\n|teamsize|p1|6\n|teamsize|p2|6\n|gen|9\n|tier|[Gen 9] VGC 2023 Regulation C\n|rule|Species Clause: Limit one of each Pok\u00e9mon\n|rule|Item Clause: Limit one of each item\n|clearpoke\n|poke|p1|Chi-Yu, L50|\n|poke|p1|Abomasnow, L50, F|\n|poke|p1|Flutter Mane, L50|\n|poke|p1|Great Tusk, L50|\n|poke|p1|Iron Bundle, L50|\n|poke|p1|Iron Hands, L50|\n|poke|p2|Murkrow, L50, M|\n|poke|p2|Great Tusk, L50|\n|poke|p2|Iron Bundle, L50|\n|poke|p2|Chi-Yu, L50|\n|poke|p2|Iron Hands, L50|\n|poke|p2|Amoonguss, L50, M|\n|teampreview|4\n|c|\u2606Tamejo|G2\nRobyKenobi has agreed to open team sheets.\nTamejo has agreed to open team sheets.\n|\n|t:|1683467847\n|start\n|switch|p1a: Saccone|Iron Bundle, L50|100\/100\n|switch|p1b: Capellone|Flutter Mane, L50|100\/100\n|switch|p2a: Iron Bundle|Iron Bundle, L50|100\/100\n|switch|p2b: Iron Hands|Iron Hands, L50|100\/100\n|-enditem|p2a: Iron Bundle|Booster Energy\n|-activate|p2a: Iron Bundle|ability: Quark Drive|[fromitem]\n|-start|p2a: Iron Bundle|quarkdrivespe\n|-enditem|p1b: Capellone|Booster Energy\n|-activate|p1b: Capellone|ability: Protosynthesis|[fromitem]\n|-start|p1b: Capellone|protosynthesisspe\n|turn|1\n|\n|t:|1683467892\n|move|p2b: Iron Hands|Fake Out|p1a: Saccone\n|-damage|p1a: Saccone|81\/100\n|move|p2a: Iron Bundle|Icy Wind|p1a: Saccone|[spread] p1b\n|-miss|p2a: Iron Bundle|p1a: Saccone\n|-damage|p1b: Capellone|81\/100\n|-unboost|p1b: Capellone|spe|1\n|cant|p1a: Saccone|flinch\n|move|p1b: Capellone|Moonblast|p2b: Iron Hands\n|-supereffective|p2b: Iron Hands\n|-damage|p2b: Iron Hands|53\/100\n|\n|upkeep\n|turn|2\n|\n|t:|1683467923\n|move|p2a: Iron Bundle|Icy Wind|p1b: Capellone|[spread] p1a,p1b\n|-resisted|p1a: Saccone\n|-damage|p1a: Saccone|71\/100\n|-damage|p1b: Capellone|61\/100\n|-unboost|p1a: Saccone|spe|1\n|-unboost|p1b: Capellone|spe|1\n|move|p1b: Capellone|Icy Wind|p2a: Iron Bundle|[spread] p2a,p2b\n|-resisted|p2a: Iron Bundle\n|-damage|p2a: Iron Bundle|94\/100\n|-damage|p2b: Iron Hands|46\/100\n|-unboost|p2a: Iron Bundle|spe|1\n|-unboost|p2b: Iron Hands|spe|1\n|move|p1a: Saccone|Icy Wind|p2a: Iron Bundle|[spread] p2a,p2b\n|-resisted|p2a: Iron Bundle\n|-damage|p2a: Iron Bundle|86\/100\n|-damage|p2b: Iron Hands|35\/100\n|-unboost|p2a: Iron Bundle|spe|1\n|-unboost|p2b: Iron Hands|spe|1\n|move|p2b: Iron Hands|Drain Punch|p1a: Saccone\n|-supereffective|p1a: Saccone\n|-damage|p1a: Saccone|0 fnt\n|-heal|p2b: Iron Hands|54\/100|[from] drain|[of] p1a: Saccone\n|faint|p1a: Saccone\n|-end|p1a: Saccone|Quark Drive|[silent]\n|\n|upkeep\n|\n|t:|1683467954\n|switch|p1a: Pescione|Chi-Yu, L50|100\/100\n|-ability|p1a: Pescione|Beads of Ruin\n|turn|3\n|\n|t:|1683468025\n|-end|p2a: Iron Bundle|Quark Drive|[silent]\n|switch|p2a: Chi-Yu|Chi-Yu, L50|100\/100\n|-ability|p2a: Chi-Yu|Beads of Ruin\n|move|p1a: Pescione|Heat Wave|p2a: Chi-Yu|[spread] p2a,p2b\n|-resisted|p2a: Chi-Yu\n|-damage|p2a: Chi-Yu|73\/100\n|-damage|p2b: Iron Hands|21\/100\n|move|p1b: Capellone|Moonblast|p2b: Iron Hands\n|-supereffective|p2b: Iron Hands\n|-damage|p2b: Iron Hands|0 fnt\n|faint|p2b: Iron Hands\n|-end|p2b: Iron Hands|Quark Drive|[silent]\n|\n|upkeep\n|\n|t:|1683468098\n|switch|p2b: Great Tusk|Great Tusk, L50|100\/100\n|turn|4\n|\n|t:|1683468166\n|-terastallize|p1b: Capellone|Water\n|move|p2a: Chi-Yu|Dark Pulse|p1b: Capellone\n|-damage|p1b: Capellone|0 fnt\n|faint|p1b: Capellone\n|-end|p1b: Capellone|Protosynthesis|[silent]\n|move|p1a: Pescione|Heat Wave|p2a: Chi-Yu|[spread] p2a,p2b\n|-resisted|p2a: Chi-Yu\n|-damage|p2a: Chi-Yu|43\/100\n|-enditem|p2b: Great Tusk|Focus Sash\n|-damage|p2b: Great Tusk|1\/100\n|move|p2b: Great Tusk|Headlong Rush|p1a: Pescione\n|-supereffective|p1a: Pescione\n|-damage|p1a: Pescione|0 fnt\n|-unboost|p2b: Great Tusk|def|1\n|-unboost|p2b: Great Tusk|spd|1\n|faint|p1a: Pescione\n|\n|upkeep\n|\n|t:|1683468178\n|switch|p1b: Tascone|Great Tusk, L50|100\/100\n|turn|5\n|c|\u2606RobyKenobi|cazzo.. e mo regge?\n|c|\u2606Tamejo|Vediamo\n|\n|t:|1683468321\n|-terastallize|p2a: Chi-Yu|Water\n|move|p1b: Tascone|Earthquake|p2a: Chi-Yu|[spread] p2a,p2b\n|-damage|p2a: Chi-Yu|0 fnt\n|-damage|p2b: Great Tusk|0 fnt\n|faint|p2a: Chi-Yu\n|faint|p2b: Great Tusk\n|-end|p2b: Great Tusk|Protosynthesis|[silent]\n|\n|upkeep\n|c|\u2606RobyKenobi|non ricordo nemmeno a che game siamo lol\n|\n|t:|1683468326\n|switch|p2b: Iron Bundle|Iron Bundle, L50|86\/100\n|turn|6\n|c|\u2606Tamejo|G2\n|c|\u2606Tamejo|Per me \u00e8 roll\n|c|\u2606RobyKenobi|potevi fare la giocata\n|c|\u2606RobyKenobi|proteggendo tusk\n|c|\u2606Tamejo|Protect di tusk? Eq non mi shotta cos\u00ec\n|c|\u2606RobyKenobi|cosi ora prendevi eq single target\n|c|\u2606Tamejo|Cambiava niente\n|c|\u2606RobyKenobi|ma non so se viene giu\n|c|\u2606Tamejo|Perch\u00e9 quello dopo avrebbe comunque shottaro\n|c|\u2606Tamejo|tu non mi shotti mai cos\u00ec senza crit, sicuro\n|\n|t:|1683468388\n|move|p1b: Tascone|Earthquake|p2b: Iron Bundle\n|-damage|p2b: Iron Bundle|17\/100\n|move|p2b: Iron Bundle|Freeze-Dry|p1b: Tascone\n|-supereffective|p1b: Tascone\n|-damage|p1b: Tascone|0 fnt\n|faint|p1b: Tascone\n|-end|p1b: Tascone|Protosynthesis|[silent]\n|\n|win|Tamejo\n|c|\u2606RobyKenobi|col target doppio \u00e8 75%\n|c|\u2606Tamejo|Gg\n|c|\u2606RobyKenobi|gg\n|c|\u2606Tamejo|Era pi\u00f9 safe per\u00f2 comunque forse\n|c|\u2606Tamejo|dai andiamo a g3\n|l|\u2606RobyKenobi\n","uploadtime":1683469015,"views":9,"p1id":"robykenobi","p2id":"tamejo","formatid":"gen9vgc2023regulationc","rating":0,"private":0,"password":""}