{"id":"gen9vgc2023regulationc-1845340227","p1":"Breakaway97","p2":"Gengar210966","format":"[Gen 9] VGC 2023 Regulation C","log":"|j|\u2606Breakaway97\n|j|\u2606Gengar210966\n|t:|1681717906\n|gametype|doubles\n|player|p1|Breakaway97|cynthia-gen4|1338\n|player|p2|Gengar210966|170|1306\n|teamsize|p1|6\n|teamsize|p2|6\n|gen|9\n|tier|[Gen 9] VGC 2023 Regulation C\n|rated|\n|rule|Species Clause: Limit one of each Pok\u00e9mon\n|rule|Item Clause: Limit one of each item\n|clearpoke\n|poke|p1|Chien-Pao, L50|\n|poke|p1|Dragonite, L50, F|\n|poke|p1|Kingambit, L50, M|\n|poke|p1|Flutter Mane, L50|\n|poke|p1|Great Tusk, L50|\n|poke|p1|Arcanine, L50, F|\n|poke|p2|Wo-Chien, L50|\n|poke|p2|Glimmora, L50, M|\n|poke|p2|Flutter Mane, L50|\n|poke|p2|Great Tusk, L50|\n|poke|p2|Garganacl, L50, F|\n|poke|p2|Umbreon, L50, M|\n|teampreview|4\n|\n|t:|1681717964\n|start\n|switch|p1a: Flutter Mane|Flutter Mane, L50|100\/100\n|switch|p1b: Great Tusk|Great Tusk, L50|100\/100\n|switch|p2a: Flutter Mane|Flutter Mane, L50|100\/100\n|switch|p2b: Glimmora|Glimmora, L50, M|100\/100\n|turn|1\n|\n|t:|1681717993\n|-terastallize|p2b: Glimmora|Grass\n|move|p2a: Flutter Mane|Protect|p2a: Flutter Mane\n|-singleturn|p2a: Flutter Mane|Protect\n|move|p1b: Great Tusk|Headlong Rush|p2a: Flutter Mane\n|-activate|p2a: Flutter Mane|move: Protect\n|move|p1a: Flutter Mane|Shadow Ball|p2b: Glimmora\n|-damage|p2b: Glimmora|34\/100\n|-unboost|p2b: Glimmora|spd|1\n|move|p2b: Glimmora|Mortal Spin|p1a: Flutter Mane|[spread] p1a,p1b\n|-resisted|p1b: Great Tusk\n|-damage|p1a: Flutter Mane|91\/100\n|-damage|p1b: Great Tusk|99\/100\n|-status|p1a: Flutter Mane|psn\n|-status|p1b: Great Tusk|psn\n|\n|-damage|p1b: Great Tusk|87\/100 psn|[from] psn\n|-damage|p1a: Flutter Mane|79\/100 psn|[from] psn\n|upkeep\n|turn|2\n|\n|t:|1681718025\n|move|p1b: Great Tusk|Headlong Rush|p2a: Flutter Mane\n|-enditem|p2a: Flutter Mane|Focus Sash\n|-damage|p2a: Flutter Mane|1\/100\n|-unboost|p1b: Great Tusk|def|1\n|-unboost|p1b: Great Tusk|spd|1\n|move|p2a: Flutter Mane|Dazzling Gleam|p1b: Great Tusk|[spread] p1a,p1b\n|-supereffective|p1b: Great Tusk\n|-damage|p1a: Flutter Mane|47\/100 psn\n|-damage|p1b: Great Tusk|0 fnt\n|faint|p1b: Great Tusk\n|-end|p1b: Great Tusk|Protosynthesis|[silent]\n|move|p1a: Flutter Mane|Shadow Ball|p2b: Glimmora\n|-damage|p2b: Glimmora|0 fnt\n|faint|p2b: Glimmora\n|\n|-damage|p1a: Flutter Mane|35\/100 psn|[from] psn\n|upkeep\n|\n|t:|1681718050\n|switch|p2b: Garganacl|Garganacl, L50, F|100\/100\n|switch|p1b: Chien-Pao|Chien-Pao, L50|100\/100\n|-ability|p1b: Chien-Pao|Sword of Ruin\n|turn|3\n|\n|t:|1681718070\n|move|p2a: Flutter Mane|Protect|p2a: Flutter Mane\n|-singleturn|p2a: Flutter Mane|Protect\n|move|p1b: Chien-Pao|Sucker Punch||[still]\n|-fail|p1b: Chien-Pao\n|move|p1a: Flutter Mane|Shadow Ball|p2b: Garganacl\n|-crit|p2b: Garganacl\n|-damage|p2b: Garganacl|57\/100\n|move|p2b: Garganacl|Salt Cure|p1b: Chien-Pao\n|-supereffective|p1b: Chien-Pao\n|-damage|p1b: Chien-Pao|62\/100\n|-start|p1b: Chien-Pao|Salt Cure\n|\n|-heal|p2b: Garganacl|62\/100|[from] item: Leftovers\n|-damage|p1a: Flutter Mane|22\/100 psn|[from] psn\n|-damage|p1b: Chien-Pao|50\/100|[from] Salt Cure\n|upkeep\n|turn|4\n|\n|t:|1681718093\n|move|p2a: Flutter Mane|Protect||[still]\n|-fail|p2a: Flutter Mane\n|move|p1b: Chien-Pao|Sucker Punch||[still]\n|-fail|p1b: Chien-Pao\n|move|p1a: Flutter Mane|Shadow Ball|p2b: Garganacl\n|-damage|p2b: Garganacl|36\/100\n|-unboost|p2b: Garganacl|spd|1\n|move|p2b: Garganacl|Recover|p2b: Garganacl\n|-heal|p2b: Garganacl|86\/100\n|\n|-heal|p2b: Garganacl|92\/100|[from] item: Leftovers\n|-damage|p1a: Flutter Mane|10\/100 psn|[from] psn\n|-damage|p1b: Chien-Pao|38\/100|[from] Salt Cure\n|upkeep\n|turn|5\n|\n|t:|1681718114\n|move|p2a: Flutter Mane|Protect|p2a: Flutter Mane\n|-singleturn|p2a: Flutter Mane|Protect\n|move|p2b: Garganacl|Protect|p2b: Garganacl\n|-singleturn|p2b: Garganacl|Protect\n|move|p1a: Flutter Mane|Shadow Ball|p2b: Garganacl\n|-activate|p2b: Garganacl|move: Protect\n|move|p1b: Chien-Pao|Ice Spinner|p2a: Flutter Mane\n|-activate|p2a: Flutter Mane|move: Protect\n|\n|-heal|p2b: Garganacl|98\/100|[from] item: Leftovers\n|-damage|p1a: Flutter Mane|0 fnt|[from] psn\n|faint|p1a: Flutter Mane\n|-end|p1a: Flutter Mane|Protosynthesis|[silent]\n|-damage|p1b: Chien-Pao|25\/100|[from] Salt Cure\n|upkeep\n|\n|t:|1681718131\n|switch|p1a: Dragonite|Dragonite, L50, F|100\/100\n|turn|6\n|\n|t:|1681718143\n|move|p1a: Dragonite|Extreme Speed|p2b: Garganacl\n|-resisted|p2b: Garganacl\n|-damage|p2b: Garganacl|86\/100\n|move|p2a: Flutter Mane|Dazzling Gleam|p1a: Dragonite|[spread] p1a,p1b\n|-supereffective|p1a: Dragonite\n|-supereffective|p1b: Chien-Pao\n|-damage|p1a: Dragonite|72\/100\n|-damage|p1b: Chien-Pao|0 fnt\n|faint|p1b: Chien-Pao\n|move|p2b: Garganacl|Salt Cure|p1a: Dragonite\n|-supereffective|p1a: Dragonite\n|-damage|p1a: Dragonite|45\/100\n|-start|p1a: Dragonite|Salt Cure\n|\n|-heal|p2b: Garganacl|92\/100|[from] item: Leftovers\n|-damage|p1a: Dragonite|33\/100|[from] Salt Cure\n|upkeep\n|turn|7\n|c|\u2606Breakaway97|F u c k t h i s s h i t\n|-message|Breakaway97 forfeited.\n|\n|win|Gengar210966\n|raw|Breakaway97's rating: 1338 → 1316<\/strong> (-22 for losing)\n|raw|Gengar210966's rating: 1306 → 1328<\/strong> (+22 for winning)\n|l|\u2606Breakaway97\n","uploadtime":1681718168,"views":12,"p1id":"breakaway97","p2id":"gengar210966","formatid":"gen9vgc2023regulationc","rating":1316,"private":0,"password":""}