{"id":"gen9vgc2023regulationc-1847979827","p1":"Cicocci","p2":"donbozotesting","format":"[Gen 9] VGC 2023 Regulation C","log":"|j|\u2606Cicocci\n|j|\u2606donbozotesting\n|t:|1682017657\n|gametype|doubles\n|player|p1|Cicocci|1|1072\n|player|p2|donbozotesting|linebacker|1000\n|teamsize|p1|6\n|teamsize|p2|6\n|gen|9\n|tier|[Gen 9] VGC 2023 Regulation C\n|rated|\n|rule|Species Clause: Limit one of each Pok\u00e9mon\n|rule|Item Clause: Limit one of each item\n|clearpoke\n|poke|p1|Skeledirge, L50, F|\n|poke|p1|Murkrow, L50, M|\n|poke|p1|Chi-Yu, L50|\n|poke|p1|Kingambit, L50, M|\n|poke|p1|Glimmora, L50, F|\n|poke|p1|Amoonguss, L50, M|\n|poke|p2|Dondozo, L50, M|\n|poke|p2|Tatsugiri, L50, F|\n|poke|p2|Chi-Yu, L50|\n|poke|p2|Flutter Mane, L50|\n|poke|p2|Dragonite, L50, M|\n|poke|p2|Glimmora, L50, M|\n|teampreview|4\n|inactive|Battle timer is ON: inactive players will automatically lose when time's up. (requested by Cicocci)\nCicocci has agreed to open team sheets.\ndonbozotesting has agreed to open team sheets.\n|inactive|Cicocci has 60 seconds left.\n|inactive|donbozotesting has 60 seconds left.\n|inactive|donbozotesting has 30 seconds left.\n|inactive|donbozotesting has 20 seconds left.\n|\n|t:|1682017735\n|start\n|switch|p1a: Kingambit|Kingambit, L50, M|100\/100\n|switch|p1b: Glimmora|Glimmora, L50, F|100\/100\n|switch|p2a: Glimmora|Glimmora, L50, M|100\/100\n|switch|p2b: Dragonite|Dragonite, L50, M|100\/100\n|-item|p1b: Glimmora|Air Balloon\n|turn|1\n|inactive|donbozotesting has 30 seconds left.\n|inactive|Cicocci has 30 seconds left.\n|inactive|donbozotesting has 20 seconds left.\n|inactive|donbozotesting has 15 seconds left.\n|\n|t:|1682017776\n|switch|p2a: Tatsugiri|Tatsugiri, L50, F|100\/100\n|switch|p2b: Dondozo|Dondozo, L50, M|100\/100\n|-activate|p2a: Tatsugiri|ability: Commander|[of] p2b: Dondozo\n|-boost|p2b: Dondozo|atk|2\n|-boost|p2b: Dondozo|spa|2\n|-boost|p2b: Dondozo|spe|2\n|-boost|p2b: Dondozo|def|2\n|-boost|p2b: Dondozo|spd|2\n|move|p1b: Glimmora|Energy Ball|p2a: Tatsugiri|[miss]\n|-miss|p1b: Glimmora|p2a: Tatsugiri\n|move|p1a: Kingambit|Iron Head|p2a: Tatsugiri|[miss]\n|-miss|p1a: Kingambit|p2a: Tatsugiri\n|\n|upkeep\n|turn|2\n|inactive|Cicocci has 30 seconds left.\n|inactive|donbozotesting has 30 seconds left.\n|inactive|Cicocci has 20 seconds left.\n|inactive|donbozotesting has 20 seconds left.\n|inactive|Cicocci has 15 seconds left.\n|inactive|Cicocci has 10 seconds left.\n|\n|t:|1682017826\n|move|p1b: Glimmora|Protect|p1b: Glimmora\n|-singleturn|p1b: Glimmora|Protect\n|move|p1a: Kingambit|Sucker Punch|p2b: Dondozo\n|-damage|p2b: Dondozo|88\/100\n|move|p2b: Dondozo|Wave Crash|p1b: Glimmora\n|-activate|p1b: Glimmora|move: Protect\n|\n|upkeep\n|turn|3\n|\n|t:|1682017848\n|switch|p1b: Amoonguss|Amoonguss, L50, M|100\/100\n|move|p2b: Dondozo|Yawn|p1b: Amoonguss\n|-start|p1b: Amoonguss|move: Yawn|[of] p2b: Dondozo\n|move|p1a: Kingambit|Iron Head|p2b: Dondozo\n|-resisted|p2b: Dondozo\n|-damage|p2b: Dondozo|81\/100\n|\n|upkeep\n|turn|4\n|\n|t:|1682017861\n|switch|p1a: Glimmora|Glimmora, L50, F|100\/100\n|-item|p1a: Glimmora|Air Balloon\n|move|p2b: Dondozo|Protect|p2b: Dondozo\n|-singleturn|p2b: Dondozo|Protect\n|move|p1b: Amoonguss|Spore|p2b: Dondozo\n|-activate|p2b: Dondozo|move: Protect\n|\n|-end|p1b: Amoonguss|move: Yawn|[silent]\n|-status|p1b: Amoonguss|slp\n|upkeep\n|turn|5\n|\n|t:|1682017884\n|move|p1a: Glimmora|Mortal Spin|p2b: Dondozo|[spread] p2b\n|-miss|p1a: Glimmora|p2a: Tatsugiri\n|-damage|p2b: Dondozo|79\/100\n|-status|p2b: Dondozo|psn\n|move|p2b: Dondozo|Wave Crash|p1b: Amoonguss\n|-resisted|p1b: Amoonguss\n|-damage|p1b: Amoonguss|60\/100 slp\n|-damage|p2b: Dondozo|67\/100 psn|[from] Recoil\n|cant|p1b: Amoonguss|slp\n|\n|-damage|p2b: Dondozo|55\/100 psn|[from] psn\n|upkeep\n|turn|6\n|inactive|donbozotesting has 30 seconds left.\n|inactive|Cicocci has 30 seconds left.\n|inactive|donbozotesting has 20 seconds left.\n|inactive|donbozotesting has 15 seconds left.\n|\n|t:|1682017925\n|move|p1a: Glimmora|Protect|p1a: Glimmora\n|-singleturn|p1a: Glimmora|Protect\n|move|p2b: Dondozo|Tera Blast|p1b: Amoonguss\n|-damage|p1b: Amoonguss|42\/100 slp\n|-enditem|p1b: Amoonguss|Sitrus Berry|[eat]\n|-heal|p1b: Amoonguss|67\/100 slp|[from] item: Sitrus Berry\n|cant|p1b: Amoonguss|slp\n|\n|-damage|p2b: Dondozo|42\/100 psn|[from] psn\n|upkeep\n|-enditem|p2b: Dondozo|Sitrus Berry|[eat]\n|-heal|p2b: Dondozo|67\/100 psn|[from] item: Sitrus Berry\n|turn|7\n|\n|t:|1682017945\n|-terastallize|p2b: Dondozo|Grass\n|-curestatus|p1b: Amoonguss|slp|[msg]\n|move|p1b: Amoonguss|Rage Powder|p1b: Amoonguss\n|-singleturn|p1b: Amoonguss|move: Rage Powder\n|move|p1a: Glimmora|Energy Ball|p2b: Dondozo\n|-resisted|p2b: Dondozo\n|-damage|p2b: Dondozo|62\/100 psn\n|-unboost|p2b: Dondozo|spd|1\n|move|p2b: Dondozo|Tera Blast|p1a: Glimmora\n|-damage|p1a: Glimmora|31\/100\n|-activate|p1a: Glimmora|ability: Toxic Debris\n|-sidestart|p2: donbozotesting|move: Toxic Spikes\n|-enditem|p1a: Glimmora|Air Balloon\n|\n|-damage|p2b: Dondozo|50\/100 psn|[from] psn\n|upkeep\n|turn|8\n|inactive|donbozotesting has 30 seconds left.\n|\n|t:|1682017973\n|move|p1a: Glimmora|Mortal Spin|p2a: Tatsugiri|[spread] p2b\n|-miss|p1a: Glimmora|p2a: Tatsugiri\n|-supereffective|p2b: Dondozo\n|-damage|p2b: Dondozo|45\/100 psn\n|move|p2b: Dondozo|Yawn|p1b: Amoonguss\n|-start|p1b: Amoonguss|move: Yawn|[of] p2b: Dondozo\n|move|p1b: Amoonguss|Pollen Puff|p2b: Dondozo\n|-supereffective|p2b: Dondozo\n|-damage|p2b: Dondozo|25\/100 psn\n|\n|-damage|p2b: Dondozo|12\/100 psn|[from] psn\n|upkeep\n|turn|9\n|inactive|donbozotesting has 30 seconds left.\n|\n|t:|1682017998\n|switch|p1a: Skeledirge|Skeledirge, L50, F|100\/100\n|switch|p1b: Kingambit|Kingambit, L50, M|100\/100\n|move|p2b: Dondozo|Wave Crash|p1a: Skeledirge\n|-supereffective|p1a: Skeledirge\n|-damage|p1a: Skeledirge|35\/100\n|-damage|p2b: Dondozo|0 fnt|[from] Recoil\n|faint|p2b: Dondozo\n|\n|-heal|p1a: Skeledirge|41\/100|[from] item: Leftovers\n|upkeep\n|\n|t:|1682018018\n|switch|p2b: Glimmora|Glimmora, L50, M|100\/100\n|-sideend|p2: donbozotesting|move: Toxic Spikes|[of] p2b: Glimmora\n|turn|10\n|inactive|donbozotesting has 30 seconds left.\n|\n|t:|1682018050\n|move|p1a: Skeledirge|Protect|p1a: Skeledirge\n|-singleturn|p1a: Skeledirge|Protect\n|move|p2b: Glimmora|Earth Power|p1b: Kingambit\n|-supereffective|p1b: Kingambit\n|-damage|p1b: Kingambit|58\/100\n|move|p2a: Tatsugiri|Draco Meteor|p1b: Kingambit\n|-resisted|p1b: Kingambit\n|-damage|p1b: Kingambit|24\/100\n|-unboost|p2a: Tatsugiri|spa|2\n|move|p1b: Kingambit|Iron Head|p2a: Tatsugiri\n|-resisted|p2a: Tatsugiri\n|-crit|p2a: Tatsugiri\n|-damage|p2a: Tatsugiri|52\/100\n|\n|-heal|p1a: Skeledirge|47\/100|[from] item: Leftovers\n|upkeep\n|turn|11\n|inactive|Cicocci has 30 seconds left.\n|inactive|donbozotesting has 30 seconds left.\n|\n|t:|1682018079\n|switch|p2a: Dragonite|Dragonite, L50, M|100\/100\n|switch|p1b: Glimmora|Glimmora, L50, F|31\/100\n|move|p2b: Glimmora|Earth Power|p1b: Glimmora\n|-supereffective|p1b: Glimmora\n|-damage|p1b: Glimmora|0 fnt\n|faint|p1b: Glimmora\n|move|p1a: Skeledirge|Torch Song|p2a: Dragonite\n|-resisted|p2a: Dragonite\n|-damage|p2a: Dragonite|94\/100\n|-boost|p1a: Skeledirge|spa|1\n|\n|-heal|p1a: Skeledirge|54\/100|[from] item: Leftovers\n|upkeep\n|\n|t:|1682018094\n|switch|p1b: Kingambit|Kingambit, L50, M|24\/100\n|turn|12\n|inactive|donbozotesting has 30 seconds left.\n|inactive|Cicocci has 30 seconds left.\n|inactive|donbozotesting has 20 seconds left.\n|inactive|donbozotesting has 15 seconds left.\n|\n|t:|1682018136\n|-terastallize|p1b: Kingambit|Flying\n|move|p2b: Glimmora|Earth Power|p1b: Kingambit\n|-immune|p1b: Kingambit\n|move|p2a: Dragonite|Tailwind|p2a: Dragonite\n|-sidestart|p2: donbozotesting|move: Tailwind\n|move|p1a: Skeledirge|Torch Song|p2a: Dragonite\n|-resisted|p2a: Dragonite\n|-damage|p2a: Dragonite|74\/100\n|-boost|p1a: Skeledirge|spa|1\n|move|p1b: Kingambit|Iron Head|p2b: Glimmora\n|-supereffective|p2b: Glimmora\n|-crit|p2b: Glimmora\n|-enditem|p2b: Glimmora|Focus Sash\n|-damage|p2b: Glimmora|1\/100\n|-activate|p2b: Glimmora|ability: Toxic Debris\n|-sidestart|p1: Cicocci|move: Toxic Spikes\n|\n|-heal|p1a: Skeledirge|60\/100|[from] item: Leftovers\n|upkeep\n|turn|13\n|inactive|Cicocci has 30 seconds left.\n|inactive|donbozotesting has 30 seconds left.\n|\n|t:|1682018165\n|move|p2b: Glimmora|Spiky Shield|p2b: Glimmora\n|-singleturn|p2b: Glimmora|move: Protect\n|move|p2a: Dragonite|Extreme Speed|p1b: Kingambit\n|-damage|p1b: Kingambit|2\/100\n|move|p1b: Kingambit|Sucker Punch||[still]\n|-fail|p1b: Kingambit\n|move|p1a: Skeledirge|Shadow Ball|p2a: Dragonite\n|-damage|p2a: Dragonite|17\/100\n|\n|-heal|p1a: Skeledirge|66\/100|[from] item: Leftovers\n|upkeep\n|turn|14\n|\n|t:|1682018189\n|switch|p2b: Tatsugiri|Tatsugiri, L50, F|52\/100\n|move|p2a: Dragonite|Extreme Speed|p1b: Kingambit\n|-damage|p1b: Kingambit|0 fnt\n|faint|p1b: Kingambit\n|move|p1a: Skeledirge|Will-O-Wisp|p2a: Dragonite|[miss]\n|-miss|p1a: Skeledirge|p2a: Dragonite\n|\n|-heal|p1a: Skeledirge|72\/100|[from] item: Leftovers\n|upkeep\n|\n|t:|1682018198\n|switch|p1b: Amoonguss|Amoonguss, L50, M|99\/100\n|-sideend|p1: Cicocci|move: Toxic Spikes|[of] p1b: Amoonguss\n|turn|15\n|inactive|donbozotesting has 30 seconds left.\n|\n|t:|1682018219\n|move|p2a: Dragonite|Extreme Speed|p1b: Amoonguss\n|-damage|p1b: Amoonguss|73\/100\n|move|p1b: Amoonguss|Rage Powder|p1b: Amoonguss\n|-singleturn|p1b: Amoonguss|move: Rage Powder\n|move|p2b: Tatsugiri|Muddy Water|p1a: Skeledirge|[spread] p1a,p1b\n|-supereffective|p1a: Skeledirge\n|-resisted|p1b: Amoonguss\n|-damage|p1a: Skeledirge|0 fnt\n|-damage|p1b: Amoonguss|53\/100\n|faint|p1a: Skeledirge\n|\n|-sideend|p2: donbozotesting|move: Tailwind\n|upkeep\n|turn|16\n|inactive|donbozotesting has 25 seconds left this turn.\n|inactive|donbozotesting has 20 seconds left.\n|inactive|donbozotesting has 15 seconds left.\n|\n|t:|1682018233\n|move|p2a: Dragonite|Extreme Speed|p1b: Amoonguss\n|-damage|p1b: Amoonguss|25\/100\n|move|p2b: Tatsugiri|Muddy Water|p1b: Amoonguss\n|-resisted|p1b: Amoonguss\n|-crit|p1b: Amoonguss\n|-damage|p1b: Amoonguss|0 fnt\n|faint|p1b: Amoonguss\n|\n|win|donbozotesting\n|inactive|donbozotesting has 15 seconds left this turn.\n|raw|Cicocci's rating: 1072 → 1047<\/strong> (-25 for losing)\n|raw|donbozotesting's rating: 1000 → 1048<\/strong> (+48 for winning)\n|l|\u2606Cicocci\n|n|\u2606donbozotesting|donbozotesting\n","uploadtime":1682018465,"views":11,"p1id":"cicocci","p2id":"donbozotesting","formatid":"gen9vgc2023regulationc","rating":1047,"private":0,"password":""}