{"id":"gen9vgc2023regulationc-1848498815","p1":"Indurain","p2":"LarryWFH","format":"[Gen 9] VGC 2023 Regulation C","log":"|j|\u2606Indurain\n|j|\u2606LarryWFH\n|t:|1682084708\n|gametype|doubles\n|player|p1|Indurain|266|1478\n|player|p2|LarryWFH|170|1575\n|teamsize|p1|6\n|teamsize|p2|6\n|gen|9\n|tier|[Gen 9] VGC 2023 Regulation C\n|rated|\n|rule|Species Clause: Limit one of each Pok\u00e9mon\n|rule|Item Clause: Limit one of each item\n|clearpoke\n|poke|p1|Baxcalibur, L50, M|\n|poke|p1|Amoonguss, L50, F|\n|poke|p1|Gyarados, L50, M|\n|poke|p1|Ting-Lu, L50|\n|poke|p1|Flutter Mane, L50|\n|poke|p1|Kingambit, L50, M|\n|poke|p2|Garchomp, L50, F|\n|poke|p2|Corviknight, L50, F|\n|poke|p2|Tyranitar, L50, M|\n|poke|p2|Flutter Mane, L50|\n|poke|p2|Iron Bundle, L50|\n|poke|p2|Lycanroc, L50, M|\n|teampreview|4\n|inactive|Battle timer is ON: inactive players will automatically lose when time's up. (requested by Indurain)\nLarryWFH has agreed to open team sheets.\n|inactive|Indurain has 60 seconds left.\n|inactive|Indurain has 30 seconds left.\n|j| MondayXyz\n|inactive|Indurain has 20 seconds left.\n|inactive|Indurain has 15 seconds left.\n|\n|t:|1682084786\n|start\n|switch|p1a: Ting-Lu|Ting-Lu, L50|100\/100\n|switch|p1b: Kingambit|Kingambit, L50, M|100\/100\n|switch|p2a: Garchomp|Garchomp, L50, F|100\/100\n|switch|p2b: Iron Bundle|Iron Bundle, L50|100\/100\n|-ability|p1a: Ting-Lu|Vessel of Ruin\n|-enditem|p2b: Iron Bundle|Booster Energy\n|-activate|p2b: Iron Bundle|ability: Quark Drive|[fromitem]\n|-start|p2b: Iron Bundle|quarkdrivespe\n|turn|1\n|inactive|Indurain has 30 seconds left.\n|\n|t:|1682084817\n|-end|p2b: Iron Bundle|Quark Drive|[silent]\n|switch|p2b: Corviknight|Corviknight, L50, F|100\/100\n|switch|p1b: Gyarados|Gyarados, L50, M|100\/100\n|-ability|p1b: Gyarados|Intimidate|boost\n|-unboost|p2a: Garchomp|atk|1\n|-ability|p2b: Corviknight|Mirror Armor\n|-unboost|p1b: Gyarados|atk|1\n|move|p2a: Garchomp|Substitute|p2a: Garchomp\n|-start|p2a: Garchomp|Substitute\n|-damage|p2a: Garchomp|75\/100\n|move|p1a: Ting-Lu|Fissure|p2a: Garchomp|[miss]\n|-miss|p1a: Ting-Lu|p2a: Garchomp\n|\n|-heal|p2a: Garchomp|81\/100|[from] item: Leftovers\n|upkeep\n|turn|2\n|inactive|Indurain has 30 seconds left.\n|\n|t:|1682084844\n|move|p2a: Garchomp|Dragon Claw|p1a: Ting-Lu\n|-damage|p1a: Ting-Lu|83\/100\n|move|p1b: Gyarados|Taunt|p2b: Corviknight\n|-start|p2b: Corviknight|move: Taunt\n|move|p2b: Corviknight|Body Press|p1a: Ting-Lu\n|-supereffective|p1a: Ting-Lu\n|-crit|p1a: Ting-Lu\n|-damage|p1a: Ting-Lu|41\/100\n|move|p1a: Ting-Lu|Fissure|p2a: Garchomp|[miss]\n|-miss|p1a: Ting-Lu|p2a: Garchomp\n|\n|-heal|p2a: Garchomp|87\/100|[from] item: Leftovers\n|upkeep\n|turn|3\n|inactive|Indurain has 30 seconds left.\n|\n|t:|1682084870\n|switch|p1b: Amoonguss|Amoonguss, L50, F|100\/100\n|move|p2a: Garchomp|Earthquake|p1b: Amoonguss|[spread] p1a,p1b\n|-immune|p2b: Corviknight\n|-damage|p1a: Ting-Lu|24\/100\n|-damage|p1b: Amoonguss|78\/100\n|move|p2b: Corviknight|Body Press|p1a: Ting-Lu\n|-supereffective|p1a: Ting-Lu\n|-damage|p1a: Ting-Lu|0 fnt\n|faint|p1a: Ting-Lu\n|\n|-heal|p2a: Garchomp|93\/100|[from] item: Leftovers\n|upkeep\n|\n|t:|1682084883\n|switch|p1a: Kingambit|Kingambit, L50, M|100\/100\n|turn|4\n|\n|t:|1682084903\n|-terastallize|p1a: Kingambit|Dark\n|move|p1b: Amoonguss|Protect|p1b: Amoonguss\n|-singleturn|p1b: Amoonguss|Protect\n|move|p2a: Garchomp|Earthquake|p1b: Amoonguss|[spread] p1a\n|-activate|p1b: Amoonguss|move: Protect\n|-immune|p2b: Corviknight\n|-crit|p1a: Kingambit\n|-damage|p1a: Kingambit|61\/100\n|move|p2b: Corviknight|Brave Bird|p1b: Amoonguss\n|-activate|p1b: Amoonguss|move: Protect\n|move|p1a: Kingambit|Assurance|p2b: Corviknight\n|-damage|p2b: Corviknight|57\/100\n|\n|-heal|p2a: Garchomp|99\/100|[from] item: Leftovers\n|-end|p2b: Corviknight|move: Taunt\n|upkeep\n|turn|5\n|inactive|Indurain has 30 seconds left.\n|\n|t:|1682084934\n|switch|p1b: Gyarados|Gyarados, L50, M|100\/100\n|-ability|p1b: Gyarados|Intimidate|boost\n|-immune|p2a: Garchomp\n|-ability|p2b: Corviknight|Mirror Armor\n|-unboost|p1b: Gyarados|atk|1\n|move|p2a: Garchomp|Earthquake|p1b: Gyarados|[spread] p1a\n|-immune|p2b: Corviknight\n|-immune|p1b: Gyarados\n|-damage|p1a: Kingambit|42\/100\n|move|p2b: Corviknight|Brave Bird|p1b: Gyarados\n|-damage|p1b: Gyarados|58\/100\n|-damage|p2b: Corviknight|43\/100|[from] Recoil\n|-enditem|p2b: Corviknight|Sitrus Berry|[eat]\n|-heal|p2b: Corviknight|68\/100|[from] item: Sitrus Berry\n|move|p1a: Kingambit|Swords Dance|p1a: Kingambit\n|-boost|p1a: Kingambit|atk|2\n|\n|-heal|p2a: Garchomp|100\/100|[from] item: Leftovers\n|upkeep\n|turn|6\n|inactive|Indurain has 30 seconds left.\n|inactive|LarryWFH has 30 seconds left.\n|inactive|Indurain has 20 seconds left.\n|\n|t:|1682084972\n|switch|p1b: Amoonguss|Amoonguss, L50, F|100\/100\n|move|p1a: Kingambit|Sucker Punch||[still]\n|-fail|p1a: Kingambit\n|move|p2a: Garchomp|Earthquake|p1a: Kingambit|[spread] p1a,p1b\n|-immune|p2b: Corviknight\n|-damage|p1a: Kingambit|25\/100\n|-damage|p1b: Amoonguss|80\/100\n|move|p2b: Corviknight|Roost|p2b: Corviknight\n|-heal|p2b: Corviknight|100\/100\n|-singleturn|p2b: Corviknight|move: Roost\n|\n|upkeep\n|turn|7\n|inactive|Indurain has 30 seconds left.\n|\n|t:|1682084999\n|move|p1b: Amoonguss|Rage Powder|p1b: Amoonguss\n|-singleturn|p1b: Amoonguss|move: Rage Powder\n|move|p2a: Garchomp|Earthquake|p1b: Amoonguss|[spread] p1a,p1b\n|-immune|p2b: Corviknight\n|-damage|p1a: Kingambit|5\/100\n|-damage|p1b: Amoonguss|60\/100\n|move|p2b: Corviknight|Brave Bird|p1b: Amoonguss\n|-supereffective|p1b: Amoonguss\n|-damage|p1b: Amoonguss|2\/100\n|-enditem|p1b: Amoonguss|Sitrus Berry|[eat]\n|-heal|p1b: Amoonguss|27\/100|[from] item: Sitrus Berry\n|-damage|p2b: Corviknight|80\/100|[from] Recoil\n|move|p1a: Kingambit|Assurance|p2b: Corviknight\n|-damage|p2b: Corviknight|0 fnt\n|faint|p2b: Corviknight\n|\n|upkeep\n|\n|t:|1682085016\n|switch|p2b: Tyranitar|Tyranitar, L50, M|100\/100\n|-weather|Sandstorm|[from] ability: Sand Stream|[of] p2b: Tyranitar\n|turn|8\n|\n|t:|1682085025\n|switch|p1b: Gyarados|Gyarados, L50, M|58\/100\n|-ability|p1b: Gyarados|Intimidate|boost\n|-immune|p2a: Garchomp\n|-unboost|p2b: Tyranitar|atk|1\n|move|p1a: Kingambit|Protect|p1a: Kingambit\n|-singleturn|p1a: Kingambit|Protect\n|move|p2a: Garchomp|Dragon Claw|p1b: Gyarados\n|-damage|p1b: Gyarados|29\/100\n|move|p2b: Tyranitar|Rock Slide|p1b: Gyarados|[spread] p1b\n|-activate|p1a: Kingambit|move: Protect\n|-supereffective|p1b: Gyarados\n|-damage|p1b: Gyarados|0 fnt\n|faint|p1b: Gyarados\n|\n|-weather|Sandstorm|[upkeep]\n|-damage|p1a: Kingambit|0 fnt|[from] Sandstorm\n|faint|p1a: Kingambit\n|upkeep\n|\n|t:|1682085043\n|switch|p1b: Amoonguss|Amoonguss, L50, F|60\/100\n|turn|9\n|-message|Indurain forfeited.\n|\n|win|LarryWFH\n|raw|Indurain's rating: 1478 → 1463<\/strong> (-15 for losing)\n|raw|LarryWFH's rating: 1575 → 1590<\/strong> (+15 for winning)\n","uploadtime":1682085065,"views":10,"p1id":"indurain","p2id":"larrywfh","formatid":"gen9vgc2023regulationc","rating":1463,"private":0,"password":""}