{"id":"gen9vgc2023regulationc-1845732876","p1":"Ringeril","p2":"Temadin","format":"[Gen 9] VGC 2023 Regulation C","log":"|j|\u2606Ringeril\n|j|\u2606Temadin\n|t:|1681759521\n|gametype|doubles\n|player|p1|Ringeril|102|1215\n|player|p2|Temadin|102|1147\n|teamsize|p1|6\n|teamsize|p2|6\n|gen|9\n|tier|[Gen 9] VGC 2023 Regulation C\n|rated|\n|rule|Species Clause: Limit one of each Pok\u00e9mon\n|rule|Item Clause: Limit one of each item\n|clearpoke\n|poke|p1|Dondozo, L50, M|\n|poke|p1|Tatsugiri-Droopy, L50, F|\n|poke|p1|Pelipper, L50, M|\n|poke|p1|Drednaw, L50, F|\n|poke|p1|Dragonite, L50, F|\n|poke|p1|Chien-Pao, L50|\n|poke|p2|Arcanine, L50, M|\n|poke|p2|Baxcalibur, L50, F|\n|poke|p2|Palafin, L50, M|\n|poke|p2|Amoonguss, L50, F|\n|poke|p2|Flutter Mane, L50|\n|poke|p2|Kingambit, L50, F|\n|teampreview|4\nRingeril has agreed to open team sheets.\n|\n|t:|1681759546\n|start\n|switch|p1a: Dondozo|Dondozo, L50, M|100\/100\n|switch|p1b: Pelipper|Pelipper, L50, M|100\/100\n|switch|p2a: Amoonguss|Amoonguss, L50, F|100\/100\n|switch|p2b: Palafin|Palafin, L50, M|100\/100\n|-weather|RainDance|[from] ability: Drizzle|[of] p1b: Pelipper\n|turn|1\n|\n|t:|1681759567\n|detailschange|p2b: Palafin|Palafin-Hero, L50, M\n|switch|p2b: Arcanine|Arcanine, L50, M|100\/100\n|-ability|p2b: Arcanine|Intimidate|boost\n|-unboost|p1a: Dondozo|atk|1\n|-unboost|p1b: Pelipper|atk|1\n|move|p1a: Dondozo|Protect|p1a: Dondozo\n|-singleturn|p1a: Dondozo|Protect\n|move|p2a: Amoonguss|Protect|p2a: Amoonguss\n|-singleturn|p2a: Amoonguss|Protect\n|move|p1b: Pelipper|Hurricane|p2a: Amoonguss\n|-activate|p2a: Amoonguss|move: Protect\n|\n|-weather|RainDance|[upkeep]\n|upkeep\n|turn|2\n|\n|t:|1681759587\n|switch|p2a: Palafin|Palafin-Hero, L50, M|100\/100\n|-activate|p2a: Palafin|ability: Zero to Hero\n|move|p2b: Arcanine|Will-O-Wisp|p1a: Dondozo\n|-status|p1a: Dondozo|brn\n|move|p1a: Dondozo|Surf|p2a: Palafin|[spread] p1b,p2a,p2b\n|-resisted|p1b: Pelipper\n|-resisted|p2a: Palafin\n|-supereffective|p2b: Arcanine\n|-damage|p1b: Pelipper|71\/100\n|-damage|p2a: Palafin|77\/100\n|-damage|p2b: Arcanine|0 fnt\n|faint|p2b: Arcanine\n|-damage|p1a: Dondozo|91\/100 brn|[from] item: Life Orb\n|move|p1b: Pelipper|Hurricane|p2a: Palafin\n|-damage|p2a: Palafin|22\/100\n|\n|-weather|RainDance|[upkeep]\n|-damage|p1a: Dondozo|85\/100 brn|[from] brn\n|upkeep\n|\n|t:|1681759609\n|switch|p2b: Kingambit|Kingambit, L50, F|100\/100\n|turn|3\n|\n|t:|1681759626\n|switch|p2a: Amoonguss|Amoonguss, L50, F|100\/100\n|switch|p1b: Tatsugiri|Tatsugiri-Droopy, L50, F, shiny|100\/100\n|-activate|p1b: Tatsugiri|ability: Commander|[of] p1a: Dondozo\n|-boost|p1a: Dondozo|atk|2\n|-boost|p1a: Dondozo|spa|2\n|-boost|p1a: Dondozo|spe|2\n|-boost|p1a: Dondozo|def|2\n|-boost|p1a: Dondozo|spd|2\n|-terastallize|p1a: Dondozo|Water\n|move|p1a: Dondozo|Surf|p2a: Amoonguss|[spread] p2a,p2b\n|-miss|p1a: Dondozo|p1b: Tatsugiri\n|-resisted|p2a: Amoonguss\n|-damage|p2a: Amoonguss|48\/100\n|-damage|p2b: Kingambit|22\/100\n|-enditem|p2a: Amoonguss|Sitrus Berry|[eat]\n|-heal|p2a: Amoonguss|72\/100|[from] item: Sitrus Berry\n|-damage|p1a: Dondozo|75\/100 brn|[from] item: Life Orb\n|move|p2b: Kingambit|Kowtow Cleave|p1a: Dondozo\n|-damage|p1a: Dondozo|56\/100 brn\n|\n|-weather|RainDance|[upkeep]\n|-damage|p1a: Dondozo|50\/100 brn|[from] brn\n|upkeep\n|turn|4\n|\n|t:|1681759657\n|switch|p2b: Palafin|Palafin-Hero, L50, M|22\/100\n|move|p1a: Dondozo|Surf|p2a: Amoonguss|[spread] p2a,p2b\n|-miss|p1a: Dondozo|p1b: Tatsugiri\n|-resisted|p2a: Amoonguss\n|-resisted|p2b: Palafin\n|-damage|p2a: Amoonguss|27\/100\n|-damage|p2b: Palafin|0 fnt\n|faint|p2b: Palafin\n|-damage|p1a: Dondozo|40\/100 brn|[from] item: Life Orb\n|move|p2a: Amoonguss|Pollen Puff|p2: Palafin|[notarget]\n|-fail|p2a: Amoonguss\n|\n|-weather|RainDance|[upkeep]\n|-damage|p1a: Dondozo|34\/100 brn|[from] brn\n|upkeep\n|\n|t:|1681759663\n|switch|p2b: Kingambit|Kingambit, L50, F|22\/100\n|turn|5\n|\n|t:|1681759674\n|move|p2b: Kingambit|Sucker Punch|p1a: Dondozo\n|-damage|p1a: Dondozo|15\/100 brn\n|move|p1a: Dondozo|Surf|p2b: Kingambit|[spread] p2a,p2b\n|-miss|p1a: Dondozo|p1b: Tatsugiri\n|-resisted|p2a: Amoonguss\n|-crit|p2a: Amoonguss\n|-damage|p2a: Amoonguss|0 fnt\n|-damage|p2b: Kingambit|0 fnt\n|faint|p2a: Amoonguss\n|faint|p2b: Kingambit\n|-damage|p1a: Dondozo|5\/100 brn|[from] item: Life Orb\n|\n|win|Ringeril\n|raw|Ringeril's rating: 1215 → 1235<\/strong> (+20 for winning)\n|raw|Temadin's rating: 1147 → 1127<\/strong> (-20 for losing)\n|l|\u2606Temadin\n","uploadtime":1681759685,"views":7,"p1id":"ringeril","p2id":"temadin","formatid":"gen9vgc2023regulationc","rating":1127,"private":0,"password":""}