{"id":"gen9vgc2023regulationc-1849818216","p1":"Test4Sum","p2":"ether21","format":"[Gen 9] VGC 2023 Regulation C","log":"|j|\u2606Test4Sum\n|j|\u2606ether21\n|t:|1682256331\n|gametype|doubles\n|player|p1|Test4Sum|1|1228\n|player|p2|ether21|twins-gen4dp|1322\n|teamsize|p1|6\n|teamsize|p2|6\n|gen|9\n|tier|[Gen 9] VGC 2023 Regulation C\n|rated|\n|rule|Species Clause: Limit one of each Pok\u00e9mon\n|rule|Item Clause: Limit one of each item\n|clearpoke\n|poke|p1|Ceruledge, L50, M|\n|poke|p1|Sableye, L50, F|\n|poke|p1|Wo-Chien, L50|\n|poke|p1|Ting-Lu, L50|\n|poke|p1|Iron Bundle, L50|\n|poke|p1|Flutter Mane, L50|\n|poke|p2|Abomasnow, L50, M|\n|poke|p2|Annihilape, L50, M|\n|poke|p2|Ting-Lu, L50|\n|poke|p2|Wo-Chien, L50|\n|poke|p2|Arcanine, L50, M|\n|poke|p2|Glimmora, L50, F|\n|teampreview|4\n|\n|t:|1682256366\n|start\n|switch|p1a: Ceruledge|Ceruledge, L50, M|100\/100\n|switch|p1b: Sableye|Sableye, L50, F|100\/100\n|switch|p2a: Ting-Louie XI|Ting-Lu, L50|100\/100\n|switch|p2b: Ape Tyson|Annihilape, L50, M|100\/100\n|-ability|p2a: Ting-Louie XI|Vessel of Ruin\n|turn|1\n|\n|t:|1682256381\n|switch|p2b: Barking Moon|Arcanine, L50, M|100\/100\n|-ability|p2b: Barking Moon|Intimidate|boost\n|-unboost|p1a: Ceruledge|atk|1\n|-unboost|p1b: Sableye|atk|1\n|switch|p2a: Snow Biden|Abomasnow, L50, M|100\/100\n|-weather|Snow|[from] ability: Snow Warning|[of] p2a: Snow Biden\n|-terastallize|p1a: Ceruledge|Steel\n|move|p1b: Sableye|Reflect|p1b: Sableye\n|-sidestart|p1: Test4Sum|Reflect\n|move|p1a: Ceruledge|Bulk Up|p1a: Ceruledge\n|-boost|p1a: Ceruledge|atk|1\n|-boost|p1a: Ceruledge|def|1\n|\n|-weather|Snow|[upkeep]\n|upkeep\n|turn|2\n|\n|t:|1682256408\n|move|p1b: Sableye|Light Screen|p1b: Sableye\n|-sidestart|p1: Test4Sum|move: Light Screen\n|move|p2b: Barking Moon|Will-O-Wisp|p1b: Sableye\n|-status|p1b: Sableye|brn\n|move|p1a: Ceruledge|Bulk Up|p1a: Ceruledge\n|-boost|p1a: Ceruledge|atk|1\n|-boost|p1a: Ceruledge|def|1\n|move|p2a: Snow Biden|Sheer Cold|p1a: Ceruledge|[miss]\n|-miss|p2a: Snow Biden|p1a: Ceruledge\n|\n|-weather|Snow|[upkeep]\n|-damage|p1b: Sableye|95\/100 brn|[from] brn\n|upkeep\n|turn|3\n|\n|t:|1682256429\n|switch|p2b: Ting-Louie XI|Ting-Lu, L50|100\/100\n|-ability|p2b: Ting-Louie XI|Vessel of Ruin\n|move|p1b: Sableye|Disable|p2a: Snow Biden\n|-start|p2a: Snow Biden|Disable|Sheer Cold\n|move|p1a: Ceruledge|Bulk Up|p1a: Ceruledge\n|-boost|p1a: Ceruledge|atk|1\n|-boost|p1a: Ceruledge|def|1\n|cant|p2a: Snow Biden|Disable|Sheer Cold\n|\n|-weather|Snow|[upkeep]\n|-damage|p1b: Sableye|89\/100 brn|[from] brn\n|upkeep\n|turn|4\n|\n|t:|1682256448\n|move|p1a: Ceruledge|Protect|p1a: Ceruledge\n|-singleturn|p1a: Ceruledge|Protect\n|move|p1b: Sableye|Encore|p2a: Snow Biden\n|-start|p2a: Snow Biden|Encore\n|cant|p2a: Snow Biden|Disable|Sheer Cold\n|move|p2b: Ting-Louie XI|Fissure|p1a: Ceruledge\n|-activate|p1a: Ceruledge|move: Protect\n|\n|-weather|Snow|[upkeep]\n|-damage|p1b: Sableye|83\/100 brn|[from] brn\n|upkeep\n|turn|5\n|\n|t:|1682256470\n|switch|p2a: Barking Moon|Arcanine, L50, M|100\/100\n|-ability|p2a: Barking Moon|Intimidate|boost\n|-unboost|p1a: Ceruledge|atk|1\n|-unboost|p1b: Sableye|atk|1\n|switch|p1b: Flutter Mane|Flutter Mane, L50|100\/100\n|move|p1a: Ceruledge|Bitter Blade|p2b: Ting-Louie XI\n|-damage|p2b: Ting-Louie XI|60\/100\n|move|p2b: Ting-Louie XI|Fissure|p1a: Ceruledge\n|-damage|p1a: Ceruledge|0 fnt\n|faint|p1a: Ceruledge\n|-ohko\n|\n|-weather|none\n|upkeep\n|\n|t:|1682256488\n|switch|p1a: Ting-Lu|Ting-Lu, L50|100\/100\n|-ability|p1a: Ting-Lu|Vessel of Ruin\n|turn|6\n|\n|t:|1682256498\n|switch|p2a: Snow Biden|Abomasnow, L50, M|100\/100\n|-weather|Snow|[from] ability: Snow Warning|[of] p2a: Snow Biden\n|move|p1b: Flutter Mane|Moonblast|p2b: Ting-Louie XI\n|-supereffective|p2b: Ting-Louie XI\n|-damage|p2b: Ting-Louie XI|21\/100\n|move|p2b: Ting-Louie XI|Heavy Slam|p1b: Flutter Mane\n|-supereffective|p1b: Flutter Mane\n|-damage|p1b: Flutter Mane|36\/100\n|move|p1a: Ting-Lu|Fissure|p2a: Snow Biden|[miss]\n|-miss|p1a: Ting-Lu|p2a: Snow Biden\n|\n|-weather|Snow|[upkeep]\n|upkeep\n|turn|7\n|\n|t:|1682256526\n|move|p1b: Flutter Mane|Moonblast|p2b: Ting-Louie XI\n|-supereffective|p2b: Ting-Louie XI\n|-damage|p2b: Ting-Louie XI|0 fnt\n|faint|p2b: Ting-Louie XI\n|move|p2a: Snow Biden|Blizzard|p1b: Flutter Mane|[spread] p1a,p1b\n|-supereffective|p1a: Ting-Lu\n|-damage|p1a: Ting-Lu|90\/100\n|-damage|p1b: Flutter Mane|22\/100\n|-status|p1b: Flutter Mane|frz\n|move|p1a: Ting-Lu|Ruination|p2a: Snow Biden\n|-damage|p2a: Snow Biden|51\/100\n|\n|-weather|Snow|[upkeep]\n|upkeep\n|\n|t:|1682256540\n|switch|p2b: Ape Tyson|Annihilape, L50, M|100\/100\n|turn|8\n|\n|t:|1682256552\n|-end|p1b: Flutter Mane|Protosynthesis|[silent]\n|switch|p1b: Sableye|Sableye, L50, F|83\/100 brn\n|move|p2b: Ape Tyson|Bulk Up|p2b: Ape Tyson\n|-boost|p2b: Ape Tyson|atk|1\n|-boost|p2b: Ape Tyson|def|1\n|move|p2a: Snow Biden|Sheer Cold|p1a: Ting-Lu\n|-damage|p1a: Ting-Lu|0 fnt\n|faint|p1a: Ting-Lu\n|-ohko\n|\n|-weather|Snow|[upkeep]\n|-damage|p1b: Sableye|78\/100 brn|[from] brn\n|-sideend|p1: Test4Sum|Reflect\n|upkeep\n|\n|t:|1682256566\n|switch|p1a: Flutter Mane|Flutter Mane, L50|22\/100 frz\n|turn|9\n|\n|t:|1682256576\n|-terastallize|p2b: Ape Tyson|Fire\n|move|p1b: Sableye|Encore|p2b: Ape Tyson\n|-start|p2b: Ape Tyson|Encore\n|cant|p1a: Flutter Mane|frz\n|move|p2b: Ape Tyson|Bulk Up|p2b: Ape Tyson\n|-boost|p2b: Ape Tyson|atk|1\n|-boost|p2b: Ape Tyson|def|1\n|move|p2a: Snow Biden|Blizzard|p1a: Flutter Mane|[spread] p1a,p1b\n|-damage|p1a: Flutter Mane|4\/100 frz\n|-damage|p1b: Sableye|57\/100 brn\n|\n|-weather|Snow|[upkeep]\n|-damage|p1b: Sableye|51\/100 brn|[from] brn\n|-sideend|p1: Test4Sum|move: Light Screen\n|upkeep\n|turn|10\n|\n|t:|1682256606\n|move|p1b: Sableye|Disable|p2a: Snow Biden\n|-start|p2a: Snow Biden|Disable|Blizzard\n|cant|p1a: Flutter Mane|frz\n|move|p2b: Ape Tyson|Bulk Up|p2b: Ape Tyson\n|-boost|p2b: Ape Tyson|atk|1\n|-boost|p2b: Ape Tyson|def|1\n|cant|p2a: Snow Biden|Disable|Blizzard\n|\n|-weather|none\n|-damage|p1b: Sableye|46\/100 brn|[from] brn\n|upkeep\n|turn|11\n|\n|t:|1682256624\n|switch|p2a: Barking Moon|Arcanine, L50, M|100\/100\n|-ability|p2a: Barking Moon|Intimidate|boost\n|-unboost|p1a: Flutter Mane|atk|1\n|-unboost|p1b: Sableye|atk|1\n|move|p1b: Sableye|Encore||[still]\n|-fail|p1b: Sableye\n|cant|p1a: Flutter Mane|frz\n|move|p2b: Ape Tyson|Bulk Up|p2b: Ape Tyson\n|-boost|p2b: Ape Tyson|atk|1\n|-boost|p2b: Ape Tyson|def|1\n|\n|-damage|p1b: Sableye|40\/100 brn|[from] brn\n|-end|p2b: Ape Tyson|Encore\n|upkeep\n|turn|12\n|c|\u2606Test4Sum|Go to the lottery bro fr\n|\n|t:|1682256663\n|move|p1b: Sableye|Encore|p2b: Ape Tyson\n|-start|p2b: Ape Tyson|Encore\n|-curestatus|p1a: Flutter Mane|frz|[msg]\n|move|p1a: Flutter Mane|Power Gem|p2a: Barking Moon\n|-supereffective|p2a: Barking Moon\n|-damage|p2a: Barking Moon|2\/100\n|move|p2a: Barking Moon|Snarl|p1a: Flutter Mane|[spread] p1a,p1b\n|-crit|p1b: Sableye\n|-damage|p1a: Flutter Mane|0 fnt\n|-damage|p1b: Sableye|23\/100 brn\n|-unboost|p1b: Sableye|spa|1\n|faint|p1a: Flutter Mane\n|-end|p1a: Flutter Mane|Protosynthesis|[silent]\n|move|p2b: Ape Tyson|Bulk Up|p2b: Ape Tyson\n|-boost|p2b: Ape Tyson|atk|1\n|-boost|p2b: Ape Tyson|def|1\n|\n|-damage|p1b: Sableye|17\/100 brn|[from] brn\n|upkeep\n|turn|13\n|-message|Test4Sum forfeited.\n|\n|win|ether21\n|raw|Test4Sum's rating: 1228 → 1210<\/strong> (-18 for losing)\n|raw|ether21's rating: 1322 → 1337<\/strong> (+15 for winning)\n|l|\u2606Test4Sum\n","uploadtime":1682256695,"views":14,"p1id":"test4sum","p2id":"ether21","formatid":"gen9vgc2023regulationc","rating":1210,"private":0,"password":""}