{"id":"gen9vgc2023regulationc-1861596101","p1":"jaketopus","p2":"zlint","format":"[Gen 9] VGC 2023 Regulation C","log":"|j|\u2606jaketopus\n|j|\u2606zlint\n|t:|1683778606\n|gametype|doubles\n|player|p1|jaketopus|boarder|1275\n|player|p2|zlint|lyra-masters2|1384\n|teamsize|p1|6\n|teamsize|p2|6\n|gen|9\n|tier|[Gen 9] VGC 2023 Regulation C\n|rated|\n|rule|Species Clause: Limit one of each Pok\u00e9mon\n|rule|Item Clause: Limit one of each item\n|clearpoke\n|poke|p1|Chi-Yu, L50|\n|poke|p1|Murkrow, L50, F|\n|poke|p1|Great Tusk, L50|\n|poke|p1|Flutter Mane, L50|\n|poke|p1|Gyarados, L50, M|\n|poke|p1|Amoonguss, L50, M|\n|poke|p2|Scream Tail, L50|\n|poke|p2|Baxcalibur, L50, F|\n|poke|p2|Corviknight, L50, F|\n|poke|p2|Rotom-Wash, L50|\n|poke|p2|Flutter Mane, L50|\n|poke|p2|Tyranitar, L50, M|\n|teampreview|4\nzlint has agreed to open team sheets.\njaketopus has agreed to open team sheets.\n|\n|t:|1683778668\n|start\n|switch|p1a: Great Tusk|Great Tusk, L50, shiny|100\/100\n|switch|p1b: Murkrow|Murkrow, L50, F|100\/100\n|switch|p2a: Corviknight|Corviknight, L50, F, shiny|100\/100\n|switch|p2b: Rotom|Rotom-Wash, L50, shiny|100\/100\n|turn|1\n|inactive|Battle timer is ON: inactive players will automatically lose when time's up. (requested by zlint)\n|inactive|jaketopus has 60 seconds left.\n|\n|t:|1683778705\n|-terastallize|p1a: Great Tusk|Fire\n|move|p1b: Murkrow|Sunny Day|p1b: Murkrow\n|-weather|SunnyDay\n|-activate|p1a: Great Tusk|ability: Protosynthesis\n|-start|p1a: Great Tusk|protosynthesisatk\n|move|p1a: Great Tusk|Close Combat|p2a: Corviknight\n|-damage|p2a: Corviknight|34\/100\n|-unboost|p1a: Great Tusk|def|1\n|-unboost|p1a: Great Tusk|spd|1\n|move|p2b: Rotom|Hydro Pump|p1a: Great Tusk\n|-supereffective|p1a: Great Tusk\n|-damage|p1a: Great Tusk|13\/100\n|move|p2a: Corviknight|Roost|p2a: Corviknight\n|-heal|p2a: Corviknight|84\/100\n|-singleturn|p2a: Corviknight|move: Roost\n|\n|-weather|SunnyDay|[upkeep]\n|upkeep\n|turn|2\n|inactive|zlint has 30 seconds left.\n|\n|t:|1683778732\n|switch|p2a: Scream Tail|Scream Tail, L50, shiny|100\/100\n|-activate|p2a: Scream Tail|ability: Protosynthesis\n|-start|p2a: Scream Tail|protosynthesisspe\n|move|p1a: Great Tusk|Close Combat|p2b: Rotom\n|-damage|p2b: Rotom|25\/100\n|-unboost|p1a: Great Tusk|def|1\n|-unboost|p1a: Great Tusk|spd|1\n|-enditem|p2b: Rotom|Sitrus Berry|[eat]\n|-heal|p2b: Rotom|50\/100|[from] item: Sitrus Berry\n|move|p1b: Murkrow|Foul Play|p2a: Scream Tail\n|-damage|p2a: Scream Tail|82\/100\n|move|p2b: Rotom|Thunderbolt|p1a: Great Tusk\n|-damage|p1a: Great Tusk|0 fnt\n|faint|p1a: Great Tusk\n|-end|p1a: Great Tusk|Protosynthesis|[silent]\n|\n|-weather|SunnyDay|[upkeep]\n|upkeep\n|\n|t:|1683778749\n|switch|p1a: Chi-Yu|Chi-Yu, L50|100\/100\n|-ability|p1a: Chi-Yu|Beads of Ruin\n|turn|3\n|inactive|zlint has 30 seconds left.\n|\n|t:|1683778784\n|switch|p2b: Tyranitar|Tyranitar, L50, M|100\/100\n|-weather|Sandstorm|[from] ability: Sand Stream|[of] p2b: Tyranitar\n|-end|p2a: Scream Tail|Protosynthesis\n|-enditem|p2a: Scream Tail|Booster Energy\n|-activate|p2a: Scream Tail|ability: Protosynthesis|[fromitem]\n|-start|p2a: Scream Tail|protosynthesisspe\n|-terastallize|p2a: Scream Tail|Water\n|move|p1b: Murkrow|Tailwind|p1b: Murkrow\n|-sidestart|p1: jaketopus|move: Tailwind\n|move|p1a: Chi-Yu|Heat Wave|p2a: Scream Tail|[spread] p2a,p2b\n|-resisted|p2a: Scream Tail\n|-resisted|p2b: Tyranitar\n|-damage|p2a: Scream Tail|64\/100\n|-damage|p2b: Tyranitar|91\/100\n|move|p2a: Scream Tail|Play Rough|p1b: Murkrow\n|-supereffective|p1b: Murkrow\n|-damage|p1b: Murkrow|52\/100\n|\n|-weather|Sandstorm|[upkeep]\n|-damage|p1a: Chi-Yu|95\/100|[from] Sandstorm\n|-damage|p2a: Scream Tail|58\/100|[from] Sandstorm\n|-damage|p1b: Murkrow|46\/100|[from] Sandstorm\n|upkeep\n|turn|4\n|inactive|jaketopus has 30 seconds left.\n|\n|t:|1683778813\n|switch|p1a: Gyarados|Gyarados, L50, M|100\/100\n|-ability|p1a: Gyarados|Intimidate|boost\n|-unboost|p2a: Scream Tail|atk|1\n|-unboost|p2b: Tyranitar|atk|1\n|move|p1b: Murkrow|Sunny Day|p1b: Murkrow\n|-weather|SunnyDay\n|move|p2a: Scream Tail|Howl|p2a: Scream Tail|[spread] p2a,p2b\n|-boost|p2a: Scream Tail|atk|1\n|-boost|p2b: Tyranitar|atk|1\n|move|p2b: Tyranitar|Rock Slide|p1b: Murkrow|[spread] p1a,p1b\n|-supereffective|p1a: Gyarados\n|-crit|p1a: Gyarados\n|-supereffective|p1b: Murkrow\n|-damage|p1a: Gyarados|11\/100\n|-damage|p1b: Murkrow|0 fnt\n|faint|p1b: Murkrow\n|\n|-weather|SunnyDay|[upkeep]\n|upkeep\n|\n|t:|1683778825\n|switch|p1b: Chi-Yu|Chi-Yu, L50|95\/100\n|-ability|p1b: Chi-Yu|Beads of Ruin\n|turn|5\n|inactive|zlint has 30 seconds left.\n|inactive|jaketopus has 30 seconds left.\n|inactive|zlint has 20 seconds left.\n|inactive|jaketopus has 20 seconds left.\n|inactive|zlint has 15 seconds left.\n|\n|t:|1683778870\n|move|p1b: Chi-Yu|Dark Pulse|p2b: Tyranitar\n|-resisted|p2b: Tyranitar\n|-damage|p2b: Tyranitar|75\/100\n|move|p2a: Scream Tail|Howl|p2a: Scream Tail|[spread] p2a,p2b\n|-boost|p2a: Scream Tail|atk|1\n|-boost|p2b: Tyranitar|atk|1\n|move|p1a: Gyarados|Waterfall|p2b: Tyranitar\n|-supereffective|p2b: Tyranitar\n|-damage|p2b: Tyranitar|47\/100\n|move|p2b: Tyranitar|Rock Slide|p1b: Chi-Yu|[spread] p1a,p1b\n|-supereffective|p1a: Gyarados\n|-supereffective|p1b: Chi-Yu\n|-damage|p1a: Gyarados|0 fnt\n|-damage|p1b: Chi-Yu|0 fnt\n|faint|p1a: Gyarados\n|faint|p1b: Chi-Yu\n|\n|win|zlint\n|raw|jaketopus's rating: 1275 → 1258<\/strong> (-17 for losing)\n|raw|zlint's rating: 1384 → 1398<\/strong> (+14 for winning)\n","uploadtime":1683778882,"views":15,"p1id":"jaketopus","p2id":"zlint","formatid":"gen9vgc2023regulationc","rating":1258,"private":0,"password":""}