{"id":"gen9vgc2023regulationc-1848758759","p1":"Sprye0216","p2":"ottowof","format":"[Gen 9] VGC 2023 Regulation C","log":"|j|\u2606Sprye0216\n|j|\u2606ottowof\n|t:|1682107503\n|gametype|doubles\n|player|p1|Sprye0216|skyla|1158\n|player|p2|ottowof|169|1096\n|teamsize|p1|6\n|teamsize|p2|6\n|gen|9\n|tier|[Gen 9] VGC 2023 Regulation C\n|rated|\n|rule|Species Clause: Limit one of each Pok\u00e9mon\n|rule|Item Clause: Limit one of each item\n|clearpoke\n|poke|p1|Amoonguss, L50, F|\n|poke|p1|Gyarados, L50, F|\n|poke|p1|Talonflame, L50, F|\n|poke|p1|Garchomp, L50, M|\n|poke|p1|Flutter Mane, L50|\n|poke|p1|Ting-Lu, L50|\n|poke|p2|Dudunsparce-*, L50, F|\n|poke|p2|Flutter Mane, L50|\n|poke|p2|Gyarados, L50, M|\n|poke|p2|Chi-Yu, L50|\n|poke|p2|Dragapult, L50, M|\n|poke|p2|Chien-Pao, L50|\n|teampreview|4\nSprye0216 has agreed to open team sheets.\n|inactive|Battle timer is ON: inactive players will automatically lose when time's up. (requested by ottowof)\nottowof rejected open team sheets.\n|inactive|Sprye0216 has 60 seconds left.\n|\n|t:|1682107541\n|start\n|switch|p1a: Talonflame|Talonflame, L50, F|100\/100\n|switch|p1b: Gyarados|Gyarados, L50, F|100\/100\n|switch|p2a: Dudunsparce|Dudunsparce-Three-Segment, L50, F|100\/100\n|switch|p2b: Dragapult|Dragapult, L50, M|100\/100\n|-ability|p1b: Gyarados|Intimidate|boost\n|-unboost|p2a: Dudunsparce|atk|1\n|-unboost|p2b: Dragapult|atk|1\n|turn|1\n|\n|t:|1682107560\n|move|p1a: Talonflame|Tailwind|p1a: Talonflame\n|-sidestart|p1: Sprye0216|move: Tailwind\n|move|p1b: Gyarados|Dragon Dance|p1b: Gyarados\n|-boost|p1b: Gyarados|atk|1\n|-boost|p1b: Gyarados|spe|1\n|move|p2b: Dragapult|Thunder Wave|p1b: Gyarados\n|-status|p1b: Gyarados|par\n|move|p2a: Dudunsparce|Glare|p1a: Talonflame\n|-status|p1a: Talonflame|par\n|\n|upkeep\n|turn|2\n|\n|t:|1682107578\n|move|p2b: Dragapult|Confuse Ray|p1b: Gyarados\n|-start|p1b: Gyarados|confusion\n|-activate|p1b: Gyarados|confusion\n|cant|p1b: Gyarados|par\n|cant|p1a: Talonflame|par\n|move|p2a: Dudunsparce|Rock Slide|p1a: Talonflame|[spread] p1a,p1b\n|-supereffective|p1a: Talonflame\n|-supereffective|p1b: Gyarados\n|-damage|p1a: Talonflame|57\/100 par\n|-damage|p1b: Gyarados|79\/100 par\n|\n|upkeep\n|turn|3\n|\n|t:|1682107598\n|move|p2b: Dragapult|Infestation|p1b: Gyarados\n|-resisted|p1b: Gyarados\n|-damage|p1b: Gyarados|77\/100 par\n|-activate|p1b: Gyarados|move: Infestation|[of] p2b: Dragapult\n|-end|p1b: Gyarados|confusion\n|move|p1b: Gyarados|Waterfall|p2a: Dudunsparce\n|-damage|p2a: Dudunsparce|45\/100\n|move|p1a: Talonflame|Will-O-Wisp|p2b: Dragapult\n|-status|p2b: Dragapult|brn\n|move|p2a: Dudunsparce|Rock Slide|p1a: Talonflame|[spread] p1a,p1b\n|-supereffective|p1a: Talonflame\n|-supereffective|p1b: Gyarados\n|-damage|p1a: Talonflame|16\/100 par\n|-damage|p1b: Gyarados|57\/100 par\n|\n|-damage|p2b: Dragapult|94\/100 brn|[from] brn\n|-damage|p1b: Gyarados|41\/100 par|[from] move: Infestation|[partiallytrapped]\n|upkeep\n|turn|4\n|inactive|ottowof has 30 seconds left.\n|\n|t:|1682107633\n|switch|p2a: Gyarados|Gyarados, L50, M|100\/100\n|-ability|p2a: Gyarados|Intimidate|boost\n|-unboost|p1a: Talonflame|atk|1\n|-fail|p1b: Gyarados|unboost|[from] item: Clear Amulet|[of] p1b: Gyarados\n|move|p2b: Dragapult|Dragon Darts|p1b: Gyarados\n|-damage|p1b: Gyarados|32\/100 par\n|-anim|p2b: Dragapult|Dragon Darts|p1a: Talonflame\n|-damage|p1a: Talonflame|8\/100 par\n|move|p1b: Gyarados|Waterfall|p2b: Dragapult\n|-resisted|p2b: Dragapult\n|-damage|p2b: Dragapult|59\/100 brn\n|move|p1a: Talonflame|Brave Bird|p2a: Gyarados\n|-damage|p2a: Gyarados|77\/100\n|-damage|p1a: Talonflame|0 fnt|[from] Recoil\n|faint|p1a: Talonflame\n|\n|-damage|p2b: Dragapult|53\/100 brn|[from] brn\n|-damage|p1b: Gyarados|16\/100 par|[from] move: Infestation|[partiallytrapped]\n|-sideend|p1: Sprye0216|move: Tailwind\n|upkeep\n|\n|t:|1682107652\n|switch|p1a: Ting-Lu|Ting-Lu, L50|100\/100\n|-ability|p1a: Ting-Lu|Vessel of Ruin\n|turn|5\n|\n|t:|1682107675\n|-terastallize|p1a: Ting-Lu|Poison\n|move|p1b: Gyarados|Protect|p1b: Gyarados\n|-singleturn|p1b: Gyarados|Protect\n|move|p2b: Dragapult|Confuse Ray|p1a: Ting-Lu\n|-start|p1a: Ting-Lu|confusion\n|move|p2a: Gyarados|Waterfall|p1a: Ting-Lu\n|-crit|p1a: Ting-Lu\n|-damage|p1a: Ting-Lu|59\/100\n|-activate|p1a: Ting-Lu|confusion\n|-damage|p1a: Ting-Lu|53\/100|[from] confusion\n|\n|-damage|p2b: Dragapult|47\/100 brn|[from] brn\n|-damage|p1b: Gyarados|0 fnt|[from] move: Infestation|[partiallytrapped]\n|faint|p1b: Gyarados\n|upkeep\n|\n|t:|1682107689\n|switch|p1b: Amoonguss|Amoonguss, L50, F|100\/100\n|turn|6\n|\n|t:|1682107704\n|move|p2b: Dragapult|Thunder Wave|p1a: Ting-Lu\n|-status|p1a: Ting-Lu|par\n|move|p2a: Gyarados|Thunder Wave|p1b: Amoonguss|[miss]\n|-miss|p2a: Gyarados|p1b: Amoonguss\n|move|p1b: Amoonguss|Spore|p2a: Gyarados\n|-status|p2a: Gyarados|slp|[from] move: Spore\n|-enditem|p2a: Gyarados|Lum Berry|[eat]\n|-curestatus|p2a: Gyarados|slp|[msg]\n|-activate|p1a: Ting-Lu|confusion\n|-damage|p1a: Ting-Lu|46\/100 par|[from] confusion\n|\n|-damage|p2b: Dragapult|40\/100 brn|[from] brn\n|upkeep\n|turn|7\n|\n|t:|1682107723\n|-terastallize|p2a: Gyarados|Flying\n|move|p2b: Dragapult|Thunder Wave|p1b: Amoonguss\n|-status|p1b: Amoonguss|par\n|move|p2a: Gyarados|Tera Blast|p1b: Amoonguss\n|-supereffective|p1b: Amoonguss\n|-damage|p1b: Amoonguss|3\/100 par\n|-enditem|p1b: Amoonguss|Sitrus Berry|[eat]\n|-heal|p1b: Amoonguss|28\/100 par|[from] item: Sitrus Berry\n|-end|p1a: Ting-Lu|confusion\n|move|p1a: Ting-Lu|Stomping Tantrum|p2b: Dragapult\n|-damage|p2b: Dragapult|0 fnt\n|faint|p2b: Dragapult\n|move|p1b: Amoonguss|Spore|p2a: Gyarados\n|-status|p2a: Gyarados|slp|[from] move: Spore\n|\n|upkeep\n|\n|t:|1682107739\n|switch|p2b: Dudunsparce|Dudunsparce-Three-Segment, L50, F|45\/100\n|turn|8\n|\n|t:|1682107750\n|move|p2b: Dudunsparce|Rock Slide|p1a: Ting-Lu|[spread] p1a,p1b\n|-damage|p1a: Ting-Lu|38\/100 par\n|-damage|p1b: Amoonguss|18\/100 par\n|cant|p2a: Gyarados|slp\n|move|p1a: Ting-Lu|Stomping Tantrum|p2b: Dudunsparce\n|-damage|p2b: Dudunsparce|16\/100\n|move|p1b: Amoonguss|Pollen Puff|p1a: Ting-Lu\n|-heal|p1a: Ting-Lu|88\/100 par\n|\n|upkeep\n|turn|9\n|\n|t:|1682107768\n|cant|p2a: Gyarados|slp\n|move|p2b: Dudunsparce|Rock Slide|p1a: Ting-Lu|[spread] p1a,p1b\n|-damage|p1a: Ting-Lu|80\/100 par\n|-damage|p1b: Amoonguss|6\/100 par\n|cant|p1a: Ting-Lu|flinch\n|cant|p1b: Amoonguss|flinch\n|\n|upkeep\n|turn|10\n|\n|t:|1682107780\n|move|p2b: Dudunsparce|Rock Slide|p1b: Amoonguss|[spread] p1a,p1b\n|-damage|p1a: Ting-Lu|73\/100 par\n|-damage|p1b: Amoonguss|0 fnt\n|faint|p1b: Amoonguss\n|cant|p2a: Gyarados|slp\n|cant|p1a: Ting-Lu|flinch\n|\n|upkeep\n|turn|11\n|\n|t:|1682107792\n|move|p2b: Dudunsparce|Rock Slide|p1a: Ting-Lu\n|-damage|p1a: Ting-Lu|63\/100 par\n|-curestatus|p2a: Gyarados|slp|[msg]\n|move|p2a: Gyarados|Waterfall|p1a: Ting-Lu\n|-damage|p1a: Ting-Lu|39\/100 par\n|cant|p1a: Ting-Lu|flinch\n|\n|upkeep\n|turn|12\n|\n|t:|1682107804\n|move|p2b: Dudunsparce|Rock Slide|p1a: Ting-Lu\n|-crit|p1a: Ting-Lu\n|-damage|p1a: Ting-Lu|24\/100 par\n|move|p2a: Gyarados|Waterfall|p1a: Ting-Lu\n|-damage|p1a: Ting-Lu|0 fnt\n|faint|p1a: Ting-Lu\n|\n|win|ottowof\n|raw|Sprye0216's rating: 1158 → 1129<\/strong> (-29 for losing)\n|raw|ottowof's rating: 1096 → 1126<\/strong> (+30 for winning)\n","uploadtime":1682107813,"views":10,"p1id":"sprye0216","p2id":"ottowof","formatid":"gen9vgc2023regulationc","rating":1126,"private":0,"password":""}