{"id":"gen9vgc2023regulationc-1851618277","p1":"Jbenn","p2":"PuniHina","format":"[Gen 9] VGC 2023 Regulation C","log":"|j|\u2606Jbenn\n|j|\u2606PuniHina\n|t:|1682461837\n|gametype|doubles\n|player|p1|Jbenn|steven|1508\n|player|p2|PuniHina|marley|1631\n|teamsize|p1|6\n|teamsize|p2|6\n|gen|9\n|tier|[Gen 9] VGC 2023 Regulation C\n|rated|\n|rule|Species Clause: Limit one of each Pok\u00e9mon\n|rule|Item Clause: Limit one of each item\n|clearpoke\n|poke|p1|Roaring Moon, L50|\n|poke|p1|Tyranitar, L50, M|\n|poke|p1|Gholdengo, L50|\n|poke|p1|Hariyama, L50, F|\n|poke|p1|Mimikyu, L50, F|\n|poke|p1|Gyarados, L50, M|\n|poke|p2|Talonflame, L50, M|\n|poke|p2|Great Tusk, L50|\n|poke|p2|Chi-Yu, L50|\n|poke|p2|Flutter Mane, L50|\n|poke|p2|Gyarados, L50, F|\n|poke|p2|Indeedee-F, L50, F|\n|teampreview|4\nJbenn has agreed to open team sheets.\n|c|\u2606Jbenn|OTS\nPuniHina rejected open team sheets.\n|inactive|Battle timer is ON: inactive players will automatically lose when time's up. (requested by PuniHina)\n|j| Piccolo Ruiz\n|inactive|Jbenn has 60 seconds left.\n|\n|t:|1682461925\n|start\n|switch|p1a: Yokozuna|Hariyama, L50, F, shiny|100\/100\n|switch|p1b: Casper|Mimikyu, L50, F|100\/100\n|switch|p2a: Itachi Rin|Flutter Mane, L50|100\/100\n|switch|p2b: Indeedee|Indeedee-F, L50, F|100\/100\n|-fieldstart|move: Psychic Terrain|[from] ability: Psychic Surge|[of] p2b: Indeedee\n|-enditem|p2b: Indeedee|Psychic Seed\n|-boost|p2b: Indeedee|spd|1|[from] item: Psychic Seed\n|-enditem|p2a: Itachi Rin|Booster Energy\n|-activate|p2a: Itachi Rin|ability: Protosynthesis|[fromitem]\n|-start|p2a: Itachi Rin|protosynthesisspa\n|turn|1\n|\n|t:|1682461944\n|-terastallize|p1a: Yokozuna|Steel\n|move|p2a: Itachi Rin|Moonblast|p1a: Yokozuna\n|-resisted|p1a: Yokozuna\n|-damage|p1a: Yokozuna|69\/100\n|move|p1b: Casper|Play Rough|p2a: Itachi Rin|[miss]\n|-miss|p1b: Casper|p2a: Itachi Rin\n|move|p2b: Indeedee|Imprison|p2b: Indeedee\n|-start|p2b: Indeedee|move: Imprison\n|move|p1a: Yokozuna|Iron Head|p2a: Itachi Rin\n|-supereffective|p2a: Itachi Rin\n|-damage|p2a: Itachi Rin|0 fnt\n|faint|p2a: Itachi Rin\n|-end|p2a: Itachi Rin|Protosynthesis|[silent]\n|\n|upkeep\n|\n|t:|1682461955\n|switch|p2a: Chi-Yu|Chi-Yu, L50|100\/100\n|-ability|p2a: Chi-Yu|Beads of Ruin\n|turn|2\n|\n|t:|1682461967\n|move|p1a: Yokozuna|Wide Guard|p1a: Yokozuna\n|-singleturn|p1a: Yokozuna|Wide Guard\n|move|p2b: Indeedee|Follow Me|p2b: Indeedee\n|-singleturn|p2b: Indeedee|move: Follow Me\n|move|p2a: Chi-Yu|Heat Wave|p1a: Yokozuna|[spread] \n|-activate|p1a: Yokozuna|move: Wide Guard\n|-activate|p1b: Casper|move: Wide Guard\n|move|p1b: Casper|Play Rough|p2b: Indeedee\n|-damage|p2b: Indeedee|66\/100\n|\n|upkeep\n|turn|3\n|\n|t:|1682461983\n|switch|p1a: Deathasaurus|Tyranitar, L50, M|100\/100\n|-weather|Sandstorm|[from] ability: Sand Stream|[of] p1a: Deathasaurus\n|move|p2a: Chi-Yu|Heat Wave|p1a: Deathasaurus|[spread] p1b\n|-miss|p2a: Chi-Yu|p1a: Deathasaurus\n|-activate|p1b: Casper|ability: Disguise\n|-damage|p1b: Casper|100\/100\n|detailschange|p1b: Casper|Mimikyu-Busted, L50, F\n|-damage|p1b: Casper|88\/100|[from] pokemon: Mimikyu-Busted\n|move|p1b: Casper|Curse|p2a: Chi-Yu\n|-start|p2a: Chi-Yu|Curse|[of] p1b: Casper\n|-damage|p1b: Casper|38\/100\n|-enditem|p1b: Casper|Sitrus Berry|[eat]\n|-heal|p1b: Casper|63\/100|[from] item: Sitrus Berry\n|move|p2b: Indeedee|Psychic|p1b: Casper\n|-damage|p1b: Casper|14\/100\n|-unboost|p1b: Casper|spd|1\n|\n|-weather|Sandstorm|[upkeep]\n|-damage|p2a: Chi-Yu|94\/100|[from] Sandstorm\n|-damage|p1b: Casper|8\/100|[from] Sandstorm\n|-damage|p2b: Indeedee|60\/100|[from] Sandstorm\n|-damage|p2a: Chi-Yu|70\/100|[from] Curse\n|upkeep\n|turn|4\n|inactive|PuniHina has 30 seconds left.\n|\n|t:|1682462015\n|switch|p2a: Gyarados|Gyarados, L50, F|100\/100\n|-ability|p2a: Gyarados|Intimidate|boost\n|-unboost|p1a: Deathasaurus|atk|1\n|-unboost|p1b: Casper|atk|1\n|move|p1b: Casper|Protect|p1b: Casper\n|-singleturn|p1b: Casper|Protect\n|move|p2b: Indeedee|Psychic|p1b: Casper\n|-activate|p1b: Casper|move: Protect\n|move|p1a: Deathasaurus|Rock Slide|p2b: Indeedee|[spread] p2a,p2b\n|-supereffective|p2a: Gyarados\n|-damage|p2a: Gyarados|59\/100\n|-damage|p2b: Indeedee|38\/100\n|\n|-weather|Sandstorm|[upkeep]\n|-damage|p1b: Casper|2\/100|[from] Sandstorm\n|-damage|p2b: Indeedee|32\/100|[from] Sandstorm\n|upkeep\n|turn|5\n|inactive|Jbenn has 30 seconds left.\n|inactive|Jbenn has 20 seconds left.\n|\n|t:|1682462051\n|switch|p1a: Haku|Gyarados, L50, M, shiny|100\/100\n|-ability|p1a: Haku|Intimidate|boost\n|-unboost|p2a: Gyarados|atk|1\n|-unboost|p2b: Indeedee|atk|1\n|-terastallize|p2a: Gyarados|Steel\n|move|p2b: Indeedee|Follow Me|p2b: Indeedee\n|-singleturn|p2b: Indeedee|move: Follow Me\n|move|p1b: Casper|Curse|p2b: Indeedee\n|-start|p2b: Indeedee|Curse|[of] p1b: Casper\n|-damage|p1b: Casper|0 fnt\n|faint|p1b: Casper\n|move|p2a: Gyarados|Thunder Wave|p1a: Haku\n|-status|p1a: Haku|par\n|-enditem|p1a: Haku|Lum Berry|[eat]\n|-curestatus|p1a: Haku|par|[msg]\n|\n|-weather|Sandstorm|[upkeep]\n|-damage|p1a: Haku|94\/100|[from] Sandstorm\n|-damage|p2b: Indeedee|25\/100|[from] Sandstorm\n|-damage|p2b: Indeedee|0 fnt|[from] Curse\n|faint|p2b: Indeedee\n|-fieldend|move: Psychic Terrain\n|upkeep\n|inactive|Jbenn has 30 seconds left.\n|\n|t:|1682462082\n|switch|p1b: Yokozuna|Hariyama, L50, F, shiny, tera:Steel|69\/100\n|switch|p2b: Chi-Yu|Chi-Yu, L50|70\/100\n|-ability|p2b: Chi-Yu|Beads of Ruin\n|turn|6\n|\n|t:|1682462093\n|move|p1b: Yokozuna|Fake Out|p2b: Chi-Yu\n|-damage|p2b: Chi-Yu|45\/100\n|cant|p2b: Chi-Yu|flinch\n|move|p1a: Haku|Waterfall|p2b: Chi-Yu\n|-supereffective|p2b: Chi-Yu\n|-damage|p2b: Chi-Yu|0 fnt\n|faint|p2b: Chi-Yu\n|move|p2a: Gyarados|Thunder Wave|p1a: Haku\n|-status|p1a: Haku|par\n|\n|-weather|Sandstorm|[upkeep]\n|-damage|p1a: Haku|88\/100 par|[from] Sandstorm\n|upkeep\n|turn|7\n|-message|PuniHina forfeited.\n|\n|win|Jbenn\n|raw|Jbenn's rating: 1508 → 1535<\/strong> (+27 for winning)\n|raw|PuniHina's rating: 1631 → 1604<\/strong> (-27 for losing)\n|l|\u2606PuniHina\n","uploadtime":1682462112,"views":12,"p1id":"jbenn","p2id":"punihina","formatid":"gen9vgc2023regulationc","rating":1535,"private":0,"password":""}