{"id":"gen9vgc2023regulationc-1859108065","p1":"VgEnmanuel","p2":"Krib_Underscore","format":"[Gen 9] VGC 2023 Regulation C","log":"|j|\u2606VgEnmanuel\n|j|\u2606Krib_Underscore\n|t:|1683405389\n|gametype|doubles\n|player|p1|VgEnmanuel|lucas|1144\n|player|p2|Krib_Underscore|dancer|1196\n|teamsize|p1|6\n|teamsize|p2|6\n|gen|9\n|tier|[Gen 9] VGC 2023 Regulation C\n|rated|\n|rule|Species Clause: Limit one of each Pok\u00e9mon\n|rule|Item Clause: Limit one of each item\n|clearpoke\n|poke|p1|Flutter Mane, L50|\n|poke|p1|Torkoal, L50, M|\n|poke|p1|Bronzong, L50|\n|poke|p1|Palafin, L50, M|\n|poke|p1|Brute Bonnet, L50|\n|poke|p1|Chi-Yu, L50|\n|poke|p2|Armarouge, L50, M|\n|poke|p2|Indeedee-F, L50, F|\n|poke|p2|Great Tusk, L50|\n|poke|p2|Corviknight, L50, M|\n|poke|p2|Iron Bundle, L50|\n|poke|p2|Roaring Moon, L50|\n|teampreview|4\n|inactive|Battle timer is ON: inactive players will automatically lose when time's up. (requested by VgEnmanuel)\nKrib_Underscore has agreed to open team sheets.\n|inactive|VgEnmanuel has 60 seconds left.\n|inactive|Krib_Underscore has 60 seconds left.\n|inactive|Krib_Underscore has 30 seconds left.\n|inactive|VgEnmanuel has 30 seconds left.\n|\n|t:|1683405457\n|start\n|switch|p1a: Palafin|Palafin, L50, M|100\/100\n|switch|p1b: Brute Bonnet|Brute Bonnet, L50|100\/100\n|switch|p2a: Taxi Service|Corviknight, L50, M, shiny|100\/100\n|switch|p2b: HoHoHomicide|Iron Bundle, L50|100\/100\n|turn|1\n|inactive|Krib_Underscore has 30 seconds left.\n|inactive|Krib_Underscore has 20 seconds left.\n|inactive|Krib_Underscore has 15 seconds left.\n|inactive|Krib_Underscore has 10 seconds left.\n|\n|t:|1683405506\n|detailschange|p1a: Palafin|Palafin-Hero, L50, M\n|switch|p1a: Bronzong|Bronzong, L50|100\/100\n|move|p2b: HoHoHomicide|Protect|p2b: HoHoHomicide\n|-singleturn|p2b: HoHoHomicide|Protect\n|move|p1b: Brute Bonnet|Protect|p1b: Brute Bonnet\n|-singleturn|p1b: Brute Bonnet|Protect\n|move|p2a: Taxi Service|Tailwind|p2a: Taxi Service\n|-sidestart|p2: Krib_Underscore|move: Tailwind\n|\n|upkeep\n|turn|2\n|inactive|Krib_Underscore has 30 seconds left.\n|inactive|Krib_Underscore has 20 seconds left.\n|inactive|Krib_Underscore has 15 seconds left.\n|\n|t:|1683405551\n|-end|p2b: HoHoHomicide|Quark Drive|[silent]\n|switch|p2b: Knockoff Mega|Roaring Moon, L50|100\/100\n|-enditem|p2b: Knockoff Mega|Booster Energy\n|-activate|p2b: Knockoff Mega|ability: Protosynthesis|[fromitem]\n|-start|p2b: Knockoff Mega|protosynthesisatk\n|-end|p1b: Brute Bonnet|Protosynthesis|[silent]\n|switch|p1b: Palafin|Palafin-Hero, L50, M|100\/100\n|-activate|p1b: Palafin|ability: Zero to Hero\n|move|p2a: Taxi Service|Brave Bird|p1b: Palafin\n|-damage|p1b: Palafin|70\/100\n|-damage|p2a: Taxi Service|90\/100|[from] Recoil\n|move|p1a: Bronzong|Trick Room|p1a: Bronzong\n|-fieldstart|move: Trick Room|[of] p1a: Bronzong\n|\n|upkeep\n|turn|3\n|inactive|VgEnmanuel has 30 seconds left.\n|inactive|Krib_Underscore has 30 seconds left.\n|inactive|VgEnmanuel has 20 seconds left.\n|\n|t:|1683405587\n|switch|p1a: Flutter Mane|Flutter Mane, L50|100\/100\n|-terastallize|p1b: Palafin|Water\n|move|p2b: Knockoff Mega|Protect|p2b: Knockoff Mega\n|-singleturn|p2b: Knockoff Mega|Protect\n|move|p1b: Palafin|Wave Crash|p2a: Taxi Service\n|-damage|p2a: Taxi Service|19\/100\n|-damage|p1b: Palafin|53\/100|[from] item: Rocky Helmet|[of] p2a: Taxi Service\n|-damage|p1b: Palafin|30\/100|[from] Recoil\n|move|p2a: Taxi Service|Brave Bird|p1b: Palafin\n|-damage|p1b: Palafin|0 fnt\n|faint|p1b: Palafin\n|-damage|p2a: Taxi Service|9\/100|[from] Recoil\n|\n|upkeep\n|\n|t:|1683405594\n|switch|p1b: Brute Bonnet|Brute Bonnet, L50|100\/100\n|turn|4\n|inactive|Krib_Underscore has 30 seconds left.\n|\n|t:|1683405621\n|-terastallize|p2b: Knockoff Mega|Flying\n|move|p1b: Brute Bonnet|Seed Bomb|p2a: Taxi Service\n|-resisted|p2a: Taxi Service\n|-damage|p2a: Taxi Service|3\/100\n|move|p1a: Flutter Mane|Moonblast|p2b: Knockoff Mega\n|-damage|p2b: Knockoff Mega|50\/100\n|move|p2a: Taxi Service|Roost|p2a: Taxi Service\n|-heal|p2a: Taxi Service|53\/100\n|-singleturn|p2a: Taxi Service|move: Roost\n|move|p2b: Knockoff Mega|Throat Chop|p1a: Flutter Mane\n|-damage|p1a: Flutter Mane|30\/100\n|-start|p1a: Flutter Mane|Throat Chop|[silent]\n|\n|-heal|p1a: Flutter Mane|36\/100|[from] item: Leftovers\n|-sideend|p2: Krib_Underscore|move: Tailwind\n|upkeep\n|turn|5\n|inactive|VgEnmanuel has 30 seconds left.\n|inactive|Krib_Underscore has 30 seconds left.\n|\n|t:|1683405652\n|move|p2b: Knockoff Mega|Protect|p2b: Knockoff Mega\n|-singleturn|p2b: Knockoff Mega|Protect\n|move|p1b: Brute Bonnet|Spore|p2a: Taxi Service\n|-status|p2a: Taxi Service|slp|[from] move: Spore\n|cant|p2a: Taxi Service|slp\n|move|p1a: Flutter Mane|Moonblast|p2b: Knockoff Mega\n|-activate|p2b: Knockoff Mega|move: Protect\n|\n|-heal|p1a: Flutter Mane|42\/100|[from] item: Leftovers\n|-end|p1a: Flutter Mane|Throat Chop|[silent]\n|upkeep\n|turn|6\n|inactive|Krib_Underscore has 30 seconds left.\n|\n|t:|1683405684\n|move|p1b: Brute Bonnet|Seed Bomb|p2b: Knockoff Mega\n|-resisted|p2b: Knockoff Mega\n|-damage|p2b: Knockoff Mega|23\/100\n|-curestatus|p2a: Taxi Service|slp|[msg]\n|move|p2a: Taxi Service|Roost|p2a: Taxi Service\n|-heal|p2a: Taxi Service|100\/100\n|-singleturn|p2a: Taxi Service|move: Roost\n|move|p1a: Flutter Mane|Moonblast|p2b: Knockoff Mega\n|-damage|p2b: Knockoff Mega|0 fnt\n|faint|p2b: Knockoff Mega\n|-end|p2b: Knockoff Mega|Protosynthesis|[silent]\n|\n|-heal|p1a: Flutter Mane|49\/100|[from] item: Leftovers\n|-fieldend|move: Trick Room\n|upkeep\n|\n|t:|1683405703\n|switch|p2b: HoHoHomicide|Iron Bundle, L50|100\/100\n|turn|7\n|\n|t:|1683405725\n|move|p1a: Flutter Mane|Protect|p1a: Flutter Mane\n|-singleturn|p1a: Flutter Mane|Protect\n|move|p2b: HoHoHomicide|Hydro Pump|p1a: Flutter Mane\n|-activate|p1a: Flutter Mane|move: Protect\n|move|p2a: Taxi Service|Tailwind|p2a: Taxi Service\n|-sidestart|p2: Krib_Underscore|move: Tailwind\n|move|p1b: Brute Bonnet|Spore|p2a: Taxi Service\n|-status|p2a: Taxi Service|slp|[from] move: Spore\n|\n|-heal|p1a: Flutter Mane|55\/100|[from] item: Leftovers\n|upkeep\n|turn|8\n|\n|t:|1683405744\n|move|p2b: HoHoHomicide|Hydro Pump|p1a: Flutter Mane|[miss]\n|-miss|p2b: HoHoHomicide|p1a: Flutter Mane\n|cant|p2a: Taxi Service|slp\n|move|p1b: Brute Bonnet|Seed Bomb|p2b: HoHoHomicide\n|-supereffective|p2b: HoHoHomicide\n|-damage|p2b: HoHoHomicide|4\/100\n|move|p1a: Flutter Mane|Trick Room|p1a: Flutter Mane\n|-fieldstart|move: Trick Room|[of] p1a: Flutter Mane\n|\n|-heal|p1a: Flutter Mane|61\/100|[from] item: Leftovers\n|upkeep\n|turn|9\n|inactive|VgEnmanuel has 30 seconds left.\n|\n|t:|1683405774\n|move|p2b: HoHoHomicide|Protect|p2b: HoHoHomicide\n|-singleturn|p2b: HoHoHomicide|Protect\n|move|p1b: Brute Bonnet|Seed Bomb|p2b: HoHoHomicide\n|-activate|p2b: HoHoHomicide|move: Protect\n|move|p1a: Flutter Mane|Shadow Ball|p2a: Taxi Service\n|-damage|p2a: Taxi Service|61\/100 slp\n|cant|p2a: Taxi Service|slp\n|\n|-heal|p1a: Flutter Mane|67\/100|[from] item: Leftovers\n|upkeep\n|turn|10\n|\n|t:|1683405796\n|move|p1b: Brute Bonnet|Seed Bomb|p2b: HoHoHomicide\n|-supereffective|p2b: HoHoHomicide\n|-damage|p2b: HoHoHomicide|0 fnt\n|faint|p2b: HoHoHomicide\n|-end|p2b: HoHoHomicide|Quark Drive|[silent]\n|move|p1a: Flutter Mane|Shadow Ball|p2a: Taxi Service\n|-damage|p2a: Taxi Service|16\/100 slp\n|cant|p2a: Taxi Service|slp\n|\n|-heal|p1a: Flutter Mane|73\/100|[from] item: Leftovers\n|-sideend|p2: Krib_Underscore|move: Tailwind\n|upkeep\n|\n|t:|1683405809\n|switch|p2b: Big Horns|Great Tusk, L50|100\/100\n|turn|11\n|\n|t:|1683405830\n|move|p1b: Brute Bonnet|Seed Bomb|p2a: Taxi Service\n|-resisted|p2a: Taxi Service\n|-damage|p2a: Taxi Service|10\/100 slp\n|-curestatus|p2a: Taxi Service|slp|[msg]\n|move|p2a: Taxi Service|Iron Head|p1a: Flutter Mane\n|-supereffective|p1a: Flutter Mane\n|-damage|p1a: Flutter Mane|10\/100\n|move|p1a: Flutter Mane|Shadow Ball|p2a: Taxi Service\n|-damage|p2a: Taxi Service|0 fnt\n|faint|p2a: Taxi Service\n|move|p2b: Big Horns|Headlong Rush|p1a: Flutter Mane\n|-damage|p1a: Flutter Mane|0 fnt\n|-unboost|p2b: Big Horns|def|1\n|-unboost|p2b: Big Horns|spd|1\n|faint|p1a: Flutter Mane\n|-end|p1a: Flutter Mane|Protosynthesis|[silent]\n|\n|upkeep\n|\n|t:|1683405842\n|switch|p1a: Bronzong|Bronzong, L50|100\/100\n|turn|12\n|\n|t:|1683405864\n|move|p1a: Bronzong|Gyro Ball|p2b: Big Horns\n|-damage|p2b: Big Horns|58\/100\n|move|p1b: Brute Bonnet|Spore|p2b: Big Horns\n|-status|p2b: Big Horns|slp|[from] move: Spore\n|cant|p2b: Big Horns|slp\n|\n|-fieldend|move: Trick Room\n|upkeep\n|turn|13\n|\n|t:|1683405884\n|-curestatus|p2b: Big Horns|slp|[msg]\n|move|p2b: Big Horns|Close Combat|p1b: Brute Bonnet\n|-supereffective|p1b: Brute Bonnet\n|-damage|p1b: Brute Bonnet|3\/100\n|-unboost|p2b: Big Horns|def|1\n|-unboost|p2b: Big Horns|spd|1\n|move|p1b: Brute Bonnet|Seed Bomb|p2b: Big Horns\n|-supereffective|p2b: Big Horns\n|-damage|p2b: Big Horns|0 fnt\n|faint|p2b: Big Horns\n|-end|p2b: Big Horns|Protosynthesis|[silent]\n|\n|win|VgEnmanuel\n|raw|VgEnmanuel's rating: 1144 → 1173<\/strong> (+29 for winning)\n|raw|Krib_Underscore's rating: 1196 → 1167<\/strong> (-29 for losing)\n|c|\u2606Krib_Underscore|gg\n|c|\u2606VgEnmanuel|gg\n","uploadtime":1683405904,"views":15,"p1id":"vgenmanuel","p2id":"kribunderscore","formatid":"gen9vgc2023regulationc","rating":1167,"private":0,"password":""}