{"id":"gen9vgc2023regulationc-1850861858","p1":"tsupman","p2":"AndrwApple","format":"[Gen 9] VGC 2023 Regulation C","log":"|j|\u2606tsupman\n|j|\u2606AndrwApple\n|t:|1682375506\n|gametype|doubles\n|player|p1|tsupman|dragontamer|1424\n|player|p2|AndrwApple|bede-masters|1472\n|teamsize|p1|6\n|teamsize|p2|6\n|gen|9\n|tier|[Gen 9] VGC 2023 Regulation C\n|rated|\n|rule|Species Clause: Limit one of each Pok\u00e9mon\n|rule|Item Clause: Limit one of each item\n|clearpoke\n|poke|p1|Maushold-Four, L50|\n|poke|p1|Glimmora, L50, F|\n|poke|p1|Annihilape, L50, F|\n|poke|p1|Chi-Yu, L50|\n|poke|p1|Iron Bundle, L50|\n|poke|p1|Tsareena, L50, F|\n|poke|p2|Flutter Mane, L50|\n|poke|p2|Wo-Chien, L50|\n|poke|p2|Gholdengo, L50|\n|poke|p2|Arcanine, L50, M|\n|poke|p2|Palafin, L50, M|\n|poke|p2|Iron Hands, L50|\n|teampreview|4\n|inactive|Battle timer is ON: inactive players will automatically lose when time's up. (requested by tsupman)\n|inactive|tsupman has 60 seconds left.\n|\n|t:|1682375543\n|start\n|switch|p1a: Chi-Yu|Chi-Yu, L50|100\/100\n|switch|p1b: Annihilape|Annihilape, L50, F|100\/100\n|switch|p2a: Yoda|Flutter Mane, L50, shiny|100\/100\n|switch|p2b: The Force|Palafin, L50, M, shiny|100\/100\n|-ability|p1a: Chi-Yu|Beads of Ruin\n|turn|1\n|inactive|tsupman has 30 seconds left.\n|inactive|AndrwApple has 30 seconds left.\n|\n|t:|1682375575\n|detailschange|p2b: The Force|Palafin-Hero, L50, M, shiny\n|switch|p2b: Darth Vader|Iron Hands, L50, shiny|100\/100\n|switch|p1b: Maushold|Maushold-Four, L50|100\/100\n|move|p1a: Chi-Yu|Dark Pulse|p2b: Darth Vader\n|-resisted|p2b: Darth Vader\n|-damage|p2b: Darth Vader|85\/100\n|move|p2a: Yoda|Moonblast|p1a: Chi-Yu\n|-damage|p1a: Chi-Yu|35\/100\n|\n|upkeep\n|turn|2\n|\n|t:|1682375593\n|move|p1b: Maushold|Protect|p1b: Maushold\n|-singleturn|p1b: Maushold|Protect\n|move|p1a: Chi-Yu|Dark Pulse|p2a: Yoda\n|-damage|p2a: Yoda|31\/100\n|move|p2a: Yoda|Moonblast|p1b: Maushold\n|-activate|p1b: Maushold|move: Protect\n|move|p2b: Darth Vader|Drain Punch|p1a: Chi-Yu\n|-supereffective|p1a: Chi-Yu\n|-damage|p1a: Chi-Yu|0 fnt\n|-heal|p2b: Darth Vader|94\/100|[from] drain|[of] p1a: Chi-Yu\n|faint|p1a: Chi-Yu\n|\n|upkeep\n|\n|t:|1682375605\n|switch|p1a: Annihilape|Annihilape, L50, F|100\/100\n|turn|3\n|\n|t:|1682375613\n|-end|p2b: Darth Vader|Quark Drive|[silent]\n|switch|p2b: Jabba The Hutt|Wo-Chien, L50|100\/100\n|-ability|p2b: Jabba The Hutt|Tablets of Ruin\n|-terastallize|p2a: Yoda|Fairy\n|-terastallize|p1a: Annihilape|Fire\n|move|p2a: Yoda|Moonblast|p1b: Maushold\n|-damage|p1b: Maushold|0 fnt\n|faint|p1b: Maushold\n|move|p1a: Annihilape|Bulk Up|p1a: Annihilape\n|-boost|p1a: Annihilape|atk|1\n|-boost|p1a: Annihilape|def|1\n|\n|upkeep\n|\n|t:|1682375624\n|switch|p1b: Iron Bundle|Iron Bundle, L50|100\/100\n|-enditem|p1b: Iron Bundle|Booster Energy\n|-activate|p1b: Iron Bundle|ability: Quark Drive|[fromitem]\n|-start|p1b: Iron Bundle|quarkdrivespe\n|turn|4\n|\n|t:|1682375632\n|move|p1b: Iron Bundle|Protect|p1b: Iron Bundle\n|-singleturn|p1b: Iron Bundle|Protect\n|move|p2a: Yoda|Moonblast|p1b: Iron Bundle\n|-activate|p1b: Iron Bundle|move: Protect\n|move|p1a: Annihilape|Bulk Up|p1a: Annihilape\n|-boost|p1a: Annihilape|atk|1\n|-boost|p1a: Annihilape|def|1\n|move|p2b: Jabba The Hutt|Leech Seed|p1a: Annihilape\n|-start|p1a: Annihilape|move: Leech Seed\n|\n|-damage|p1a: Annihilape|88\/100|[from] Leech Seed|[of] p2b: Jabba The Hutt\n|upkeep\n|turn|5\n|\n|t:|1682375650\n|move|p1b: Iron Bundle|Freeze-Dry|p2a: Yoda\n|-damage|p2a: Yoda|0 fnt\n|faint|p2a: Yoda\n|-end|p2a: Yoda|Protosynthesis|[silent]\n|move|p1a: Annihilape|Bulk Up|p1a: Annihilape\n|-boost|p1a: Annihilape|atk|1\n|-boost|p1a: Annihilape|def|1\n|move|p2b: Jabba The Hutt|Leech Seed|p1b: Iron Bundle\n|-start|p1b: Iron Bundle|move: Leech Seed\n|\n|-heal|p1a: Annihilape|94\/100|[from] item: Leftovers\n|-damage|p1b: Iron Bundle|88\/100|[from] Leech Seed|[of] p2b: Jabba The Hutt\n|-damage|p1a: Annihilape|82\/100|[from] Leech Seed|[of] p2b: Jabba The Hutt\n|upkeep\n|\n|t:|1682375654\n|switch|p2a: Darth Vader|Iron Hands, L50, shiny|94\/100\n|turn|6\n|\n|t:|1682375668\n|move|p1b: Iron Bundle|Protect|p1b: Iron Bundle\n|-singleturn|p1b: Iron Bundle|Protect\n|move|p1a: Annihilape|Bulk Up|p1a: Annihilape\n|-boost|p1a: Annihilape|atk|1\n|-boost|p1a: Annihilape|def|1\n|move|p2b: Jabba The Hutt|Pollen Puff|p2a: Darth Vader\n|-heal|p2a: Darth Vader|100\/100\n|move|p2a: Darth Vader|Wild Charge|p1b: Iron Bundle\n|-activate|p1b: Iron Bundle|move: Protect\n|\n|-heal|p1a: Annihilape|88\/100|[from] item: Leftovers\n|-damage|p1b: Iron Bundle|76\/100|[from] Leech Seed|[of] p2b: Jabba The Hutt\n|-damage|p1a: Annihilape|75\/100|[from] Leech Seed|[of] p2b: Jabba The Hutt\n|upkeep\n|turn|7\n|inactive|tsupman has 30 seconds left.\n|\n|t:|1682375696\n|move|p1b: Iron Bundle|Freeze-Dry|p2a: Darth Vader\n|-damage|p2a: Darth Vader|82\/100\n|move|p1a: Annihilape|Drain Punch|p2a: Darth Vader\n|-damage|p2a: Darth Vader|37\/100\n|-heal|p1a: Annihilape|100\/100|[from] drain|[of] p2a: Darth Vader\n|move|p2b: Jabba The Hutt|Pollen Puff|p2a: Darth Vader\n|-heal|p2a: Darth Vader|87\/100\n|move|p2a: Darth Vader|Wild Charge|p1b: Iron Bundle\n|-supereffective|p1b: Iron Bundle\n|-damage|p1b: Iron Bundle|0 fnt\n|faint|p1b: Iron Bundle\n|-end|p1b: Iron Bundle|Quark Drive|[silent]\n|-damage|p2a: Darth Vader|77\/100|[from] Recoil\n|\n|-damage|p1a: Annihilape|88\/100|[from] Leech Seed|[of] p2b: Jabba The Hutt\n|upkeep\n|turn|8\n|\n|t:|1682375710\n|-end|p2a: Darth Vader|Quark Drive|[silent]\n|switch|p2a: The Force|Palafin-Hero, L50, M, shiny|100\/100\n|-activate|p2a: The Force|ability: Zero to Hero\n|move|p2b: Jabba The Hutt|Protect|p2b: Jabba The Hutt\n|-singleturn|p2b: Jabba The Hutt|Protect\n|move|p1a: Annihilape|Bulk Up|p1a: Annihilape\n|-boost|p1a: Annihilape|atk|1\n|-boost|p1a: Annihilape|def|1\n|\n|-heal|p1a: Annihilape|94\/100|[from] item: Leftovers\n|-damage|p1a: Annihilape|82\/100|[from] Leech Seed|[of] p2b: Jabba The Hutt\n|upkeep\n|turn|9\n|\n|t:|1682375720\n|switch|p2b: Darth Vader|Iron Hands, L50, shiny|77\/100\n|move|p2a: The Force|Protect|p2a: The Force\n|-singleturn|p2a: The Force|Protect\n|move|p1a: Annihilape|Rage Fist|p2a: The Force\n|-activate|p2a: The Force|move: Protect\n|\n|-heal|p1a: Annihilape|88\/100|[from] item: Leftovers\n|-damage|p1a: Annihilape|75\/100|[from] Leech Seed|[of] p2b: Darth Vader\n|-heal|p2b: Darth Vader|88\/100|[silent]\n|upkeep\n|turn|10\n|\n|t:|1682375726\n|move|p1a: Annihilape|Protect|p1a: Annihilape\n|-singleturn|p1a: Annihilape|Protect\n|move|p2b: Darth Vader|Fake Out|p1a: Annihilape\n|-activate|p1a: Annihilape|move: Protect\n|move|p2a: The Force|Substitute|p2a: The Force\n|-start|p2a: The Force|Substitute\n|-damage|p2a: The Force|76\/100\n|\n|-heal|p1a: Annihilape|81\/100|[from] item: Leftovers\n|-damage|p1a: Annihilape|69\/100|[from] Leech Seed|[of] p2b: Darth Vader\n|-heal|p2b: Darth Vader|98\/100|[silent]\n|upkeep\n|turn|11\n|\n|t:|1682375737\n|move|p2a: The Force|Wave Crash|p1a: Annihilape\n|-supereffective|p1a: Annihilape\n|-damage|p1a: Annihilape|21\/100\n|-damage|p2a: The Force|59\/100|[from] Recoil\n|move|p1a: Annihilape|Drain Punch|p2b: Darth Vader\n|-damage|p2b: Darth Vader|25\/100\n|-heal|p1a: Annihilape|63\/100|[from] drain|[of] p2b: Darth Vader\n|move|p2b: Darth Vader|Wild Charge|p1a: Annihilape\n|-damage|p1a: Annihilape|51\/100\n|-damage|p2b: Darth Vader|22\/100|[from] Recoil\n|\n|-heal|p1a: Annihilape|57\/100|[from] item: Leftovers\n|-damage|p1a: Annihilape|44\/100|[from] Leech Seed|[of] p2b: Darth Vader\n|-heal|p2b: Darth Vader|33\/100|[silent]\n|upkeep\n|turn|12\n|\n|t:|1682375752\n|move|p2a: The Force|Wave Crash|p1a: Annihilape\n|-supereffective|p1a: Annihilape\n|-damage|p1a: Annihilape|0 fnt\n|faint|p1a: Annihilape\n|-damage|p2a: The Force|44\/100|[from] Recoil\n|\n|win|AndrwApple\n|raw|tsupman's rating: 1424 → 1407<\/strong> (-17 for losing)\n|raw|AndrwApple's rating: 1472 → 1489<\/strong> (+17 for winning)\n|c|\u2606AndrwApple|There's nothing better\n","uploadtime":1682375771,"views":12,"p1id":"tsupman","p2id":"andrwapple","formatid":"gen9vgc2023regulationc","rating":1407,"private":0,"password":""}