{"id":"gen9vgc2023regulationc-1848340727","p1":"zaboomafoooo","p2":"Valkenhine","format":"[Gen 9] VGC 2023 Regulation C","log":"|j|\u2606zaboomafoooo\n|j|\u2606Valkenhine\n|t:|1682063411\n|gametype|doubles\n|player|p1|zaboomafoooo|dancer|1084\n|player|p2|Valkenhine|koga|1080\n|teamsize|p1|6\n|teamsize|p2|6\n|gen|9\n|tier|[Gen 9] VGC 2023 Regulation C\n|rated|\n|rule|Species Clause: Limit one of each Pok\u00e9mon\n|rule|Item Clause: Limit one of each item\n|clearpoke\n|poke|p1|Dondozo, L50, F|\n|poke|p1|Tatsugiri-Stretchy, L50, F|\n|poke|p1|Amoonguss, L50, M|\n|poke|p1|Arcanine, L50, M|\n|poke|p1|Orthworm, L50, M|\n|poke|p1|Flutter Mane, L50|\n|poke|p2|Vaporeon, L50, M|\n|poke|p2|Grimmsnarl, L50, M|\n|poke|p2|Flutter Mane, L50|\n|poke|p2|Palafin, L50, M|\n|poke|p2|Dragapult, L50, F|\n|poke|p2|Volcarona, L50, F|\n|teampreview|4\nValkenhine has agreed to open team sheets.\nzaboomafoooo rejected open team sheets.\n|inactive|Battle timer is ON: inactive players will automatically lose when time's up. (requested by zaboomafoooo)\n|\n|t:|1682063485\n|start\n|switch|p1a: Dondozo|Dondozo, L50, F, shiny|100\/100\n|switch|p1b: Amoonguss|Amoonguss, L50, M, shiny|100\/100\n|switch|p2a: Grimmsnarl|Grimmsnarl, L50, M|100\/100\n|switch|p2b: Flutter Mane|Flutter Mane, L50|100\/100\n|-enditem|p2b: Flutter Mane|Booster Energy\n|-activate|p2b: Flutter Mane|ability: Protosynthesis|[fromitem]\n|-start|p2b: Flutter Mane|protosynthesisspe\n|turn|1\n|inactive|zaboomafoooo has 30 seconds left.\n|\n|t:|1682063512\n|-end|p2b: Flutter Mane|Protosynthesis|[silent]\n|switch|p2b: Vaporeon|Vaporeon, L50, M|100\/100\n|move|p1b: Amoonguss|Rage Powder|p1b: Amoonguss\n|-singleturn|p1b: Amoonguss|move: Rage Powder\n|move|p2a: Grimmsnarl|Taunt|p1b: Amoonguss\n|-start|p1b: Amoonguss|move: Taunt\n|move|p1a: Dondozo|Substitute|p1a: Dondozo\n|-start|p1a: Dondozo|Substitute\n|-damage|p1a: Dondozo|76\/100\n|\n|-status|p1a: Dondozo|brn|[from] item: Flame Orb\n|upkeep\n|turn|2\n|inactive|Valkenhine has 30 seconds left.\n|inactive|Valkenhine has 20 seconds left.\n|inactive|Valkenhine has 15 seconds left.\n|\n|t:|1682063554\n|switch|p1b: Tatsugiri|Tatsugiri-Stretchy, L50, F, shiny|100\/100\n|-activate|p1b: Tatsugiri|ability: Commander|[of] p1a: Dondozo\n|-boost|p1a: Dondozo|atk|2\n|-boost|p1a: Dondozo|spa|2\n|-boost|p1a: Dondozo|spe|2\n|-boost|p1a: Dondozo|def|2\n|-boost|p1a: Dondozo|spd|2\n|-terastallize|p1a: Dondozo|Normal\n|move|p2a: Grimmsnarl|Reflect|p2a: Grimmsnarl\n|-sidestart|p2: Valkenhine|Reflect\n|move|p1a: Dondozo|Facade|p2a: Grimmsnarl\n|-damage|p2a: Grimmsnarl|17\/100\n|move|p2b: Vaporeon|Ice Beam|p1b: Tatsugiri|[miss]\n|-miss|p2b: Vaporeon|p1b: Tatsugiri\n|\n|-damage|p1a: Dondozo|70\/100 brn|[from] brn\n|upkeep\n|turn|3\n|\n|t:|1682063576\n|move|p2a: Grimmsnarl|Taunt|p1a: Dondozo\n|-immune|p1a: Dondozo|[from] ability: Oblivious\n|move|p1a: Dondozo|Facade|p2a: Grimmsnarl\n|-damage|p2a: Grimmsnarl|0 fnt\n|faint|p2a: Grimmsnarl\n|move|p2b: Vaporeon|Haze|p2b: Vaporeon\n|-clearallboost\n|\n|-damage|p1a: Dondozo|63\/100 brn|[from] brn\n|upkeep\n|\n|t:|1682063597\n|switch|p2a: Volcarona|Volcarona, L50, F|100\/100\n|turn|4\n|\n|t:|1682063612\n|move|p2a: Volcarona|Quiver Dance|p2a: Volcarona\n|-boost|p2a: Volcarona|spa|1\n|-boost|p2a: Volcarona|spd|1\n|-boost|p2a: Volcarona|spe|1\n|move|p1a: Dondozo|Facade|p2a: Volcarona\n|-damage|p2a: Volcarona|62\/100\n|move|p2b: Vaporeon|Ice Beam|p1a: Dondozo\n|-end|p1a: Dondozo|Substitute\n|\n|-heal|p2a: Volcarona|69\/100|[from] item: Leftovers\n|-damage|p1a: Dondozo|57\/100 brn|[from] brn\n|upkeep\n|turn|5\n|inactive|Valkenhine has 30 seconds left.\n|\n|t:|1682063638\n|move|p2a: Volcarona|Quiver Dance|p2a: Volcarona\n|-boost|p2a: Volcarona|spa|1\n|-boost|p2a: Volcarona|spd|1\n|-boost|p2a: Volcarona|spe|1\n|move|p1a: Dondozo|Facade|p2a: Volcarona\n|-damage|p2a: Volcarona|34\/100\n|move|p2b: Vaporeon|Hydro Pump|p1a: Dondozo\n|-damage|p1a: Dondozo|11\/100 brn\n|\n|-heal|p2a: Volcarona|41\/100|[from] item: Leftovers\n|-damage|p1a: Dondozo|4\/100 brn|[from] brn\n|upkeep\n|turn|6\n|\n|t:|1682063655\n|move|p2a: Volcarona|Morning Sun|p2a: Volcarona\n|-heal|p2a: Volcarona|91\/100\n|move|p1a: Dondozo|Facade|p2a: Volcarona\n|-damage|p2a: Volcarona|54\/100\n|move|p2b: Vaporeon|Ice Beam|p1a: Dondozo\n|-damage|p1a: Dondozo|0 fnt\n|faint|p1a: Dondozo\n|\n|-heal|p2a: Volcarona|60\/100|[from] item: Leftovers\n|upkeep\n|\n|t:|1682063669\n|switch|p1a: Amoonguss|Amoonguss, L50, M, shiny|100\/100\n|turn|7\n|\n|t:|1682063684\n|-terastallize|p2a: Volcarona|Grass\n|move|p1a: Amoonguss|Protect|p1a: Amoonguss\n|-singleturn|p1a: Amoonguss|Protect\n|move|p2a: Volcarona|Heat Wave|p1b: Tatsugiri|[spread] p1b\n|-activate|p1a: Amoonguss|move: Protect\n|-resisted|p1b: Tatsugiri\n|-damage|p1b: Tatsugiri|80\/100\n|move|p1b: Tatsugiri|Hydro Pump|p2a: Volcarona|[miss]\n|-miss|p1b: Tatsugiri|p2a: Volcarona\n|move|p2b: Vaporeon|Ice Beam|p1b: Tatsugiri\n|-damage|p1b: Tatsugiri|53\/100\n|\n|-heal|p2a: Volcarona|66\/100|[from] item: Leftovers\n|upkeep\n|turn|8\n|-message|zaboomafoooo forfeited.\n|\n|win|Valkenhine\n|raw|zaboomafoooo's rating: 1084 → 1061<\/strong> (-23 for losing)\n|raw|Valkenhine's rating: 1080 → 1108<\/strong> (+28 for winning)\n|l|\u2606zaboomafoooo\n","uploadtime":1682063731,"views":7,"p1id":"zaboomafoooo","p2id":"valkenhine","formatid":"gen9vgc2023regulationc","rating":1061,"private":0,"password":""}