{"id":"gen9vgc2023regulationc-1855973501","p1":"Shit Tier Pro","p2":"Greensworth","format":"[Gen 9] VGC 2023 Regulation C","log":"|j|\u2606Shit Tier Pro\n|j|\u2606Greensworth\n|t:|1683010072\n|gametype|doubles\n|player|p1|Shit Tier Pro|dancer|1091\n|player|p2|Greensworth|ghetsis-gen5bw|1122\n|teamsize|p1|6\n|teamsize|p2|6\n|gen|9\n|tier|[Gen 9] VGC 2023 Regulation C\n|rated|\n|rule|Species Clause: Limit one of each Pok\u00e9mon\n|rule|Item Clause: Limit one of each item\n|clearpoke\n|poke|p1|Palafin, L50, M|\n|poke|p1|Tauros-Paldea-Blaze, L50, M|\n|poke|p1|Salamence, L50, M|\n|poke|p1|Grimmsnarl, L50, M|\n|poke|p1|Garganacl, L50, F|\n|poke|p1|Wo-Chien, L50|\n|poke|p2|Scream Tail, L50|\n|poke|p2|Gothitelle, L50, M|\n|poke|p2|Flutter Mane, L50|\n|poke|p2|Arcanine, L50, F|\n|poke|p2|Amoonguss, L50, M|\n|poke|p2|Palafin, L50, F|\n|teampreview|4\n|inactive|Battle timer is ON: inactive players will automatically lose when time's up. (requested by Shit Tier Pro)\nShit Tier Pro rejected open team sheets.\n|inactive|Shit Tier Pro has 60 seconds left.\n|\n|t:|1683010124\n|start\n|switch|p1a: Grimmsnarl|Grimmsnarl, L50, M, shiny|100\/100\n|switch|p1b: Tauros|Tauros-Paldea-Blaze, L50, M|100\/100\n|switch|p2a: Flutter Mane|Flutter Mane, L50|100\/100\n|switch|p2b: Gothitelle|Gothitelle, L50, M|100\/100\n|-ability|p1b: Tauros|Intimidate|boost\n|-unboost|p2a: Flutter Mane|atk|1\n|-unboost|p2b: Gothitelle|atk|1\n|turn|1\n|\n|t:|1683010142\n|move|p2b: Gothitelle|Fake Out|p1b: Tauros\n|-damage|p1b: Tauros|96\/100\n|move|p1a: Grimmsnarl|Taunt|p2b: Gothitelle\n|-start|p2b: Gothitelle|move: Taunt\n|move|p2a: Flutter Mane|Perish Song|p2a: Flutter Mane\n|-start|p1a: Grimmsnarl|perish3|[silent]\n|-start|p1b: Tauros|perish3|[silent]\n|-start|p2a: Flutter Mane|perish3|[silent]\n|-start|p2b: Gothitelle|perish3|[silent]\n|-fieldactivate|move: Perish Song\n|cant|p1b: Tauros|flinch\n|\n|-start|p2a: Flutter Mane|perish3\n|-start|p1b: Tauros|perish3\n|-start|p2b: Gothitelle|perish3\n|-start|p1a: Grimmsnarl|perish3\n|upkeep\n|turn|2\n|inactive|Greensworth has 30 seconds left.\n|\n|t:|1683010170\n|-end|p2a: Flutter Mane|Protosynthesis|[silent]\n|switch|p2a: Amoonguss|Amoonguss, L50, M|100\/100\n|move|p1a: Grimmsnarl|Parting Shot|p2a: Amoonguss\n|-unboost|p2a: Amoonguss|atk|1\n|-unboost|p2a: Amoonguss|spa|1\n|\n|t:|1683010182\n|switch|p1a: Salamence|Salamence, L50, M|100\/100|[from] Parting Shot\n|-ability|p1a: Salamence|Intimidate|boost\n|-unboost|p2a: Amoonguss|atk|1\n|-unboost|p2b: Gothitelle|atk|1\n|move|p1b: Tauros|Close Combat|p2b: Gothitelle\n|-resisted|p2b: Gothitelle\n|-damage|p2b: Gothitelle|78\/100\n|-unboost|p1b: Tauros|def|1\n|-unboost|p1b: Tauros|spd|1\n|-enditem|p1b: Tauros|Eject Pack\n|\n|t:|1683010190\n|switch|p1b: Garganacl|Garganacl, L50, F|100\/100\n|move|p2b: Gothitelle|Psychic|p1b: Garganacl\n|-damage|p1b: Garganacl|79\/100\n|\n|-start|p2b: Gothitelle|perish2\n|upkeep\n|turn|3\n|inactive|Greensworth has 30 seconds left.\n|\n|t:|1683010223\n|switch|p2b: Palafin|Palafin, L50, F|100\/100\n|move|p2a: Amoonguss|Rage Powder|p2a: Amoonguss\n|-singleturn|p2a: Amoonguss|move: Rage Powder\n|move|p1a: Salamence|Dragon Dance|p1a: Salamence\n|-boost|p1a: Salamence|atk|1\n|-boost|p1a: Salamence|spe|1\n|move|p1b: Garganacl|Block|p2a: Amoonguss\n|-activate|p2a: Amoonguss|trapped\n|\n|upkeep\n|turn|4\n|inactive|Greensworth has 30 seconds left.\n|inactive|Greensworth has 20 seconds left.\n|inactive|Greensworth has 15 seconds left.\n|inactive|Greensworth has 10 seconds left.\n|inactive|Greensworth has 5 seconds left.\n|\n|t:|1683010274\n|detailschange|p2b: Palafin|Palafin-Hero, L50, F\n|switch|p2b: Gothitelle|Gothitelle, L50, M|78\/100\n|move|p2a: Amoonguss|Rage Powder|p2a: Amoonguss\n|-singleturn|p2a: Amoonguss|move: Rage Powder\n|move|p1a: Salamence|Dual Wingbeat|p2a: Amoonguss|[miss]\n|-miss|p1a: Salamence|p2a: Amoonguss\n|move|p1b: Garganacl|Block||[still]\n|-fail|p1b: Garganacl\n|\n|upkeep\n|turn|5\n|inactive|Shit Tier Pro has 30 seconds left.\n|inactive|Greensworth has 30 seconds left.\n|\n|t:|1683010305\n|move|p1a: Salamence|Protect|p1a: Salamence\n|-singleturn|p1a: Salamence|Protect\n|move|p2b: Gothitelle|Fake Out|p1a: Salamence\n|-activate|p1a: Salamence|move: Protect\n|move|p2a: Amoonguss|Rage Powder|p2a: Amoonguss\n|-singleturn|p2a: Amoonguss|move: Rage Powder\n|move|p1b: Garganacl|Salt Cure|p2a: Amoonguss\n|-damage|p2a: Amoonguss|91\/100\n|-start|p2a: Amoonguss|Salt Cure\n|\n|-damage|p2a: Amoonguss|79\/100|[from] Salt Cure\n|upkeep\n|turn|6\n|inactive|Greensworth has 30 seconds left.\n|\n|t:|1683010334\n|-terastallize|p2a: Amoonguss|Fairy\n|move|p2a: Amoonguss|Rage Powder|p2a: Amoonguss\n|-singleturn|p2a: Amoonguss|move: Rage Powder\n|move|p1a: Salamence|Dual Wingbeat|p2a: Amoonguss\n|-damage|p2a: Amoonguss|55\/100\n|-damage|p1a: Salamence|84\/100|[from] item: Rocky Helmet|[of] p2a: Amoonguss\n|-damage|p2a: Amoonguss|34\/100\n|-damage|p1a: Salamence|68\/100|[from] item: Rocky Helmet|[of] p2a: Amoonguss\n|-hitcount|p2a: Amoonguss|2\n|move|p2b: Gothitelle|Thunder Wave|p1a: Salamence\n|-status|p1a: Salamence|par\n|move|p1b: Garganacl|Block||[still]\n|-fail|p1b: Garganacl\n|\n|-damage|p2a: Amoonguss|22\/100|[from] Salt Cure\n|upkeep\n|turn|7\n|inactive|Shit Tier Pro has 30 seconds left.\n|inactive|Shit Tier Pro has 20 seconds left.\n|\n|t:|1683010371\n|move|p2b: Gothitelle|Protect|p2b: Gothitelle\n|-singleturn|p2b: Gothitelle|Protect\n|cant|p1a: Salamence|par\n|move|p1b: Garganacl|Block|p2b: Gothitelle\n|-activate|p2b: Gothitelle|trapped\n|move|p2a: Amoonguss|Synthesis|p2a: Amoonguss\n|-heal|p2a: Amoonguss|72\/100\n|\n|-damage|p2a: Amoonguss|60\/100|[from] Salt Cure\n|upkeep\n|turn|8\n|\n|t:|1683010389\n|move|p1a: Salamence|Dragon Dance|p1a: Salamence\n|-boost|p1a: Salamence|atk|1\n|-boost|p1a: Salamence|spe|1\n|move|p2b: Gothitelle|Thunder Wave|p1b: Garganacl\n|-immune|p1b: Garganacl|[from] ability: Purifying Salt\n|move|p1b: Garganacl|Salt Cure|p2b: Gothitelle\n|-damage|p2b: Gothitelle|64\/100\n|-start|p2b: Gothitelle|Salt Cure\n|move|p2a: Amoonguss|Synthesis|p2a: Amoonguss\n|-heal|p2a: Amoonguss|100\/100\n|\n|-damage|p2b: Gothitelle|52\/100|[from] Salt Cure\n|-damage|p2a: Amoonguss|88\/100|[from] Salt Cure\n|upkeep\n|turn|9\n|\n|t:|1683010412\n|move|p2a: Amoonguss|Rage Powder|p2a: Amoonguss\n|-singleturn|p2a: Amoonguss|move: Rage Powder\n|move|p1a: Salamence|Dual Wingbeat|p2a: Amoonguss\n|-damage|p2a: Amoonguss|59\/100\n|-damage|p1a: Salamence|51\/100 par|[from] item: Rocky Helmet|[of] p2a: Amoonguss\n|-damage|p2a: Amoonguss|29\/100\n|-damage|p1a: Salamence|35\/100 par|[from] item: Rocky Helmet|[of] p2a: Amoonguss\n|-hitcount|p2a: Amoonguss|2\n|move|p2b: Gothitelle|Psychic|p1a: Salamence\n|-damage|p1a: Salamence|6\/100 par\n|move|p1b: Garganacl|Recover|p1b: Garganacl\n|-heal|p1b: Garganacl|100\/100\n|\n|-damage|p2b: Gothitelle|39\/100|[from] Salt Cure\n|-damage|p2a: Amoonguss|17\/100|[from] Salt Cure\n|upkeep\n|turn|10\n|inactive|Greensworth has 30 seconds left.\n|\n|t:|1683010442\n|move|p1a: Salamence|Dual Wingbeat|p2a: Amoonguss\n|-damage|p2a: Amoonguss|0 fnt\n|-damage|p1a: Salamence|0 fnt|[from] item: Rocky Helmet|[of] p2a: Amoonguss\n|faint|p2a: Amoonguss\n|faint|p1a: Salamence\n|-hitcount|p2: Amoonguss|1\n|move|p2b: Gothitelle|Psychic|p1b: Garganacl\n|-damage|p1b: Garganacl|78\/100\n|move|p1b: Garganacl|Salt Cure|p2b: Gothitelle\n|-damage|p2b: Gothitelle|27\/100\n|\n|-damage|p2b: Gothitelle|15\/100|[from] Salt Cure\n|upkeep\n|-enditem|p2b: Gothitelle|Iapapa Berry|[eat]\n|-heal|p2b: Gothitelle|48\/100|[from] item: Iapapa Berry\n|\n|t:|1683010462\n|switch|p1a: Grimmsnarl|Grimmsnarl, L50, M, shiny|100\/100\n|switch|p2a: Palafin|Palafin-Hero, L50, F|100\/100\n|-activate|p2a: Palafin|ability: Zero to Hero\n|turn|11\n|\n|t:|1683010486\n|move|p1a: Grimmsnarl|Fake Out|p2a: Palafin\n|-damage|p2a: Palafin|90\/100\n|cant|p2a: Palafin|flinch\n|move|p2b: Gothitelle|Psychic|p1b: Garganacl\n|-damage|p1b: Garganacl|56\/100\n|move|p1b: Garganacl|Block|p2a: Palafin\n|-activate|p2a: Palafin|trapped\n|\n|-damage|p2b: Gothitelle|36\/100|[from] Salt Cure\n|upkeep\n|turn|12\n|inactive|Greensworth has 30 seconds left.\n|inactive|Greensworth has 20 seconds left.\n|\n|t:|1683010524\n|-terastallize|p1b: Garganacl|Grass\n|move|p2a: Palafin|Jet Punch|p1a: Grimmsnarl\n|-damage|p1a: Grimmsnarl|48\/100\n|move|p1a: Grimmsnarl|Parting Shot|p2a: Palafin\n|-unboost|p2a: Palafin|atk|1\n|-unboost|p2a: Palafin|spa|1\n|\n|t:|1683010531\n|switch|p1a: Tauros|Tauros-Paldea-Blaze, L50, M|96\/100|[from] Parting Shot\n|-ability|p1a: Tauros|Intimidate|boost\n|-unboost|p2a: Palafin|atk|1\n|-unboost|p2b: Gothitelle|atk|1\n|move|p2b: Gothitelle|Thunder Wave|p1a: Tauros\n|-status|p1a: Tauros|par\n|move|p1b: Garganacl|Recover|p1b: Garganacl\n|-heal|p1b: Garganacl|100\/100\n|\n|-damage|p2b: Gothitelle|23\/100|[from] Salt Cure\n|upkeep\n|turn|13\n|\n|t:|1683010555\n|move|p2a: Palafin|Jet Punch|p1a: Tauros\n|-supereffective|p1a: Tauros\n|-damage|p1a: Tauros|52\/100 par\n|move|p2b: Gothitelle|Psychic|p1a: Tauros\n|-supereffective|p1a: Tauros\n|-damage|p1a: Tauros|0 fnt\n|faint|p1a: Tauros\n|move|p1b: Garganacl|Salt Cure|p2a: Palafin\n|-damage|p2a: Palafin|74\/100\n|-start|p2a: Palafin|Salt Cure\n|\n|-damage|p2a: Palafin|49\/100|[from] Salt Cure\n|-damage|p2b: Gothitelle|11\/100|[from] Salt Cure\n|upkeep\n|\n|t:|1683010567\n|switch|p1a: Grimmsnarl|Grimmsnarl, L50, M, shiny|48\/100\n|turn|14\n|inactive|Greensworth has 30 seconds left.\n|inactive|Shit Tier Pro has 30 seconds left.\n|inactive|Shit Tier Pro has 20 seconds left.\n|\n|t:|1683010611\n|move|p1a: Grimmsnarl|Fake Out|p2a: Palafin\n|-damage|p2a: Palafin|38\/100\n|cant|p2a: Palafin|flinch\n|move|p2b: Gothitelle|Thunder Wave|p1a: Grimmsnarl\n|-status|p1a: Grimmsnarl|par\n|move|p1b: Garganacl|Salt Cure|p2a: Palafin\n|-crit|p2a: Palafin\n|-damage|p2a: Palafin|15\/100\n|\n|-damage|p2a: Palafin|0 fnt|[from] Salt Cure\n|faint|p2a: Palafin\n|-damage|p2b: Gothitelle|0 fnt|[from] Salt Cure\n|faint|p2b: Gothitelle\n|upkeep\n|inactive|Greensworth has 30 seconds left.\n|\n|t:|1683010628\n|switch|p2b: Flutter Mane|Flutter Mane, L50|100\/100\n|turn|15\n|inactive|Greensworth has 25 seconds left this turn.\n|inactive|Greensworth has 20 seconds left.\n|inactive|Greensworth has 15 seconds left.\n|inactive|Greensworth has 10 seconds left.\n|\n|t:|1683010647\n|move|p1a: Grimmsnarl|Parting Shot|p2b: Flutter Mane\n|-unboost|p2b: Flutter Mane|atk|1\n|-unboost|p2b: Flutter Mane|spa|1\n|move|p2b: Flutter Mane|Moonblast|p1a: Grimmsnarl\n|-supereffective|p1a: Grimmsnarl\n|-damage|p1a: Grimmsnarl|0 fnt\n|faint|p1a: Grimmsnarl\n|-damage|p2b: Flutter Mane|90\/100|[from] item: Life Orb\n|move|p1b: Garganacl|Salt Cure|p2b: Flutter Mane\n|-damage|p2b: Flutter Mane|60\/100\n|-start|p2b: Flutter Mane|Salt Cure\n|\n|-damage|p2b: Flutter Mane|47\/100|[from] Salt Cure\n|upkeep\n|turn|16\n|inactive|Greensworth has 10 seconds left this turn.\n|inactive|Greensworth has 5 seconds left.\n|\n|t:|1683010660\n|move|p2b: Flutter Mane|Moonblast|p1b: Garganacl\n|-damage|p1b: Garganacl|71\/100\n|-damage|p2b: Flutter Mane|37\/100|[from] item: Life Orb\n|move|p1b: Garganacl|Recover|p1b: Garganacl\n|-heal|p1b: Garganacl|100\/100\n|\n|-damage|p2b: Flutter Mane|25\/100|[from] Salt Cure\n|upkeep\n|turn|17\n|inactive|Greensworth has 5 seconds left this turn.\n|c|\u2606Shit Tier Pro|Gg\n|inactive|Shit Tier Pro has 30 seconds left.\n|\n|t:|1683010686\n|move|p2b: Flutter Mane|Moonblast|p1b: Garganacl\n|-damage|p1b: Garganacl|71\/100\n|-damage|p2b: Flutter Mane|15\/100|[from] item: Life Orb\n|move|p1b: Garganacl|Salt Cure|p2b: Flutter Mane\n|-damage|p2b: Flutter Mane|0 fnt\n|faint|p2b: Flutter Mane\n|-end|p2b: Flutter Mane|Protosynthesis|[silent]\n|\n|win|Shit Tier Pro\n|inactive|Greensworth has 5 seconds left this turn.\n|raw|Shit Tier Pro's rating: 1091 → 1120<\/strong> (+29 for winning)\n|raw|Greensworth's rating: 1122 → 1095<\/strong> (-27 for losing)\n|l|\u2606Greensworth\n","uploadtime":1683010696,"views":21,"p1id":"shittierpro","p2id":"greensworth","formatid":"gen9vgc2023regulationc","rating":1095,"private":0,"password":""}