{"id":"gen9vgc2023regulationc-1845951945","p1":"Rin Itachi","p2":"UserOmega","format":"[Gen 9] VGC 2023 Regulation C","log":"|j|\u2606Rin Itachi\n|j|\u2606UserOmega\n|t:|1681783102\n|gametype|doubles\n|player|p1|Rin Itachi|marley|1212\n|player|p2|UserOmega|youngcouple-gen4dp|1290\n|teamsize|p1|6\n|teamsize|p2|6\n|gen|9\n|tier|[Gen 9] VGC 2023 Regulation C\n|rated|\n|rule|Species Clause: Limit one of each Pok\u00e9mon\n|rule|Item Clause: Limit one of each item\n|clearpoke\n|poke|p1|Talonflame, L50, F|\n|poke|p1|Great Tusk, L50|\n|poke|p1|Chi-Yu, L50|\n|poke|p1|Flutter Mane, L50|\n|poke|p1|Gyarados, L50, F|\n|poke|p1|Indeedee-F, L50, F|\n|poke|p2|Dondozo, L50, M|\n|poke|p2|Tatsugiri, L50, F|\n|poke|p2|Glimmora, L50, F|\n|poke|p2|Iron Moth, L50|\n|poke|p2|Flutter Mane, L50|\n|poke|p2|Baxcalibur, L50, F|\n|teampreview|4\n|\n|t:|1681783127\n|start\n|switch|p1a: Itachi Rin|Flutter Mane, L50|100\/100\n|switch|p1b: Great Tusk|Great Tusk, L50|100\/100\n|switch|p2a: Dondozo|Dondozo, L50, M|100\/100\n|switch|p2b: Tatsugiri|Tatsugiri, L50, F|100\/100\n|-activate|p2b: Tatsugiri|ability: Commander|[of] p2a: Dondozo\n|-boost|p2a: Dondozo|atk|2\n|-boost|p2a: Dondozo|spa|2\n|-boost|p2a: Dondozo|spe|2\n|-boost|p2a: Dondozo|def|2\n|-boost|p2a: Dondozo|spd|2\n|-enditem|p1a: Itachi Rin|Booster Energy\n|-activate|p1a: Itachi Rin|ability: Protosynthesis|[fromitem]\n|-start|p1a: Itachi Rin|protosynthesisspa\n|turn|1\n|\n|t:|1681783150\n|-end|p1b: Great Tusk|Protosynthesis|[silent]\n|switch|p1b: Gyarados|Gyarados, L50, F|100\/100\n|-ability|p1b: Gyarados|Intimidate|boost\n|-unboost|p2a: Dondozo|atk|1\n|-unboost|p2b: Tatsugiri|atk|1\n|move|p1a: Itachi Rin|Protect|p1a: Itachi Rin\n|-singleturn|p1a: Itachi Rin|Protect\n|move|p2a: Dondozo|Wave Crash|p1a: Itachi Rin\n|-activate|p1a: Itachi Rin|move: Protect\n|\n|upkeep\n|turn|2\n|\n|t:|1681783164\n|move|p1a: Itachi Rin|Substitute|p1a: Itachi Rin\n|-start|p1a: Itachi Rin|Substitute\n|-damage|p1a: Itachi Rin|76\/100\n|move|p2a: Dondozo|Wave Crash|p1a: Itachi Rin\n|-end|p1a: Itachi Rin|Substitute\n|-damage|p2a: Dondozo|95\/100|[from] Recoil|[of] p1a: Itachi Rin\n|move|p1b: Gyarados|Thunder Wave|p2a: Dondozo\n|-status|p2a: Dondozo|par\n|-enditem|p2a: Dondozo|Lum Berry|[eat]\n|-curestatus|p2a: Dondozo|par|[msg]\n|\n|upkeep\n|turn|3\n|\n|t:|1681783177\n|move|p1a: Itachi Rin|Protect|p1a: Itachi Rin\n|-singleturn|p1a: Itachi Rin|Protect\n|move|p2a: Dondozo|Wave Crash|p1a: Itachi Rin\n|-activate|p1a: Itachi Rin|move: Protect\n|move|p1b: Gyarados|Thunder Wave|p2a: Dondozo|[miss]\n|-miss|p1b: Gyarados|p2a: Dondozo\n|\n|upkeep\n|turn|4\n|\n|t:|1681783186\n|move|p1a: Itachi Rin|Substitute|p1a: Itachi Rin\n|-start|p1a: Itachi Rin|Substitute\n|-damage|p1a: Itachi Rin|51\/100\n|move|p2a: Dondozo|Wave Crash|p1a: Itachi Rin\n|-end|p1a: Itachi Rin|Substitute\n|-damage|p2a: Dondozo|90\/100|[from] Recoil|[of] p1a: Itachi Rin\n|move|p1b: Gyarados|Thunder Wave|p2a: Dondozo\n|-status|p2a: Dondozo|par\n|\n|upkeep\n|turn|5\n|\n|t:|1681783196\n|move|p1a: Itachi Rin|Substitute|p1a: Itachi Rin\n|-start|p1a: Itachi Rin|Substitute\n|-damage|p1a: Itachi Rin|27\/100\n|move|p1b: Gyarados|Iron Head|p2a: Dondozo\n|-resisted|p2a: Dondozo\n|-crit|p2a: Dondozo\n|-damage|p2a: Dondozo|79\/100 par\n|cant|p2a: Dondozo|flinch\n|\n|upkeep\n|turn|6\n|c|\u2606UserOmega|ayo\n|\n|t:|1681783209\n|-terastallize|p1a: Itachi Rin|Fairy\n|move|p1a: Itachi Rin|Moonblast|p2a: Dondozo\n|-damage|p2a: Dondozo|39\/100 par\n|-unboost|p2a: Dondozo|spa|1\n|move|p1b: Gyarados|Iron Head|p2a: Dondozo\n|-resisted|p2a: Dondozo\n|-damage|p2a: Dondozo|36\/100 par\n|move|p2a: Dondozo|Wave Crash|p1a: Itachi Rin\n|-end|p1a: Itachi Rin|Substitute\n|-damage|p2a: Dondozo|30\/100 par|[from] Recoil|[of] p1a: Itachi Rin\n|\n|upkeep\n|turn|7\n|inactive|Battle timer is ON: inactive players will automatically lose when time's up. (requested by Rin Itachi)\n|\n|t:|1681783254\n|-terastallize|p2a: Dondozo|Steel\n|move|p1a: Itachi Rin|Substitute|p1a: Itachi Rin\n|-start|p1a: Itachi Rin|Substitute\n|-damage|p1a: Itachi Rin|2\/100\n|move|p1b: Gyarados|Iron Head|p2a: Dondozo\n|-resisted|p2a: Dondozo\n|-damage|p2a: Dondozo|26\/100 par\n|cant|p2a: Dondozo|flinch\n|\n|upkeep\n|turn|8\n|\n|t:|1681783269\n|move|p1a: Itachi Rin|Protect|p1a: Itachi Rin\n|-singleturn|p1a: Itachi Rin|Protect\n|move|p1b: Gyarados|Waterfall|p2a: Dondozo\n|-damage|p2a: Dondozo|15\/100 par\n|move|p2a: Dondozo|Wave Crash|p1a: Itachi Rin\n|-activate|p1a: Itachi Rin|move: Protect\n|\n|upkeep\n|turn|9\n|\n|t:|1681783279\n|move|p1a: Itachi Rin|Shadow Ball|p2a: Dondozo\n|-damage|p2a: Dondozo|0 fnt\n|faint|p2a: Dondozo\n|move|p1b: Gyarados|Thunder Wave|p2b: Tatsugiri\n|-status|p2b: Tatsugiri|par\n|\n|upkeep\n|\n|t:|1681783285\n|switch|p2a: Baxcalibur|Baxcalibur, L50, F|100\/100\n|turn|10\n|\n|t:|1681783294\n|move|p1a: Itachi Rin|Protect|p1a: Itachi Rin\n|-singleturn|p1a: Itachi Rin|Protect\n|move|p2a: Baxcalibur|Protect|p2a: Baxcalibur\n|-singleturn|p2a: Baxcalibur|Protect\n|move|p1b: Gyarados|Thunder Wave|p2a: Baxcalibur\n|-activate|p2a: Baxcalibur|move: Protect\n|move|p2b: Tatsugiri|Icy Wind|p1a: Itachi Rin|[spread] p1b\n|-activate|p1a: Itachi Rin|move: Protect\n|-damage|p1b: Gyarados|91\/100\n|-unboost|p1b: Gyarados|spe|1\n|\n|upkeep\n|turn|11\n|\n|t:|1681783309\n|switch|p2a: Flutter Mane|Flutter Mane, L50|100\/100\n|move|p1a: Itachi Rin|Moonblast|p2b: Tatsugiri\n|-supereffective|p2b: Tatsugiri\n|-damage|p2b: Tatsugiri|0 fnt\n|faint|p2b: Tatsugiri\n|move|p1b: Gyarados|Thunder Wave|p2a: Flutter Mane\n|-status|p2a: Flutter Mane|par\n|\n|upkeep\n|\n|t:|1681783314\n|switch|p2b: Baxcalibur|Baxcalibur, L50, F|100\/100\n|turn|12\n|\n|t:|1681783322\n|move|p1a: Itachi Rin|Moonblast|p2b: Baxcalibur\n|-supereffective|p2b: Baxcalibur\n|-damage|p2b: Baxcalibur|0 fnt\n|faint|p2b: Baxcalibur\n|move|p2a: Flutter Mane|Dazzling Gleam|p1a: Itachi Rin|[spread] p1a,p1b\n|-end|p1a: Itachi Rin|Substitute\n|-damage|p1b: Gyarados|58\/100\n|-damage|p2a: Flutter Mane|91\/100 par|[from] item: Life Orb\n|move|p1b: Gyarados|Iron Head|p2a: Flutter Mane\n|-supereffective|p2a: Flutter Mane\n|-damage|p2a: Flutter Mane|2\/100 par\n|\n|upkeep\n|turn|13\n|-message|UserOmega forfeited.\n|\n|win|Rin Itachi\n|raw|Rin Itachi's rating: 1212 → 1243<\/strong> (+31 for winning)\n|raw|UserOmega's rating: 1290 → 1259<\/strong> (-31 for losing)\n|l|\u2606UserOmega\n","uploadtime":1681783336,"views":11,"p1id":"rinitachi","p2id":"useromega","formatid":"gen9vgc2023regulationc","rating":1243,"private":0,"password":""}