{"id":"gen9vgc2023regulationc-1851372915","p1":"gaioukabs","p2":"Aigashu-15","format":"[Gen 9] VGC 2023 Regulation C","log":"|j|\u2606gaioukabs\n|j|\u2606Aigashu-15\n|t:|1682439869\n|gametype|doubles\n|player|p1|gaioukabs|caitlin|1067\n|player|p2|Aigashu-15|2|1113\n|teamsize|p1|6\n|teamsize|p2|6\n|gen|9\n|tier|[Gen 9] VGC 2023 Regulation C\n|rated|\n|rule|Species Clause: Limit one of each Pok\u00e9mon\n|rule|Item Clause: Limit one of each item\n|clearpoke\n|poke|p1|Pelipper, L50, M|\n|poke|p1|Palafin, L50, F|\n|poke|p1|Amoonguss, L50, M|\n|poke|p1|Gyarados, L50, M|\n|poke|p1|Flutter Mane, L50|\n|poke|p1|Ting-Lu, L50|\n|poke|p2|Arboliva, L50, M|\n|poke|p2|Iron Hands, L50|\n|poke|p2|Farigiraf, L50, M|\n|poke|p2|Glimmora, L50, F|\n|poke|p2|Mimikyu, L50, M|\n|poke|p2|Slowking, L50, M|\n|teampreview|4\nAigashu-15 has agreed to open team sheets.\n|inactive|Battle timer is ON: inactive players will automatically lose when time's up. (requested by gaioukabs)\n|inactive|Aigashu-15 has 60 seconds left.\n|\n|t:|1682439931\n|start\n|switch|p1a: Ting-Lu|Ting-Lu, L50|100\/100\n|switch|p1b: Amoonguss|Amoonguss, L50, M|100\/100\n|switch|p2a: Slowking|Slowking, L50, M|100\/100\n|switch|p2b: GurrenLagan|Glimmora, L50, F|100\/100\n|-ability|p1a: Ting-Lu|Vessel of Ruin\n|turn|1\n|\n|t:|1682439953\n|switch|p2a: Majar\u00e9|Arboliva, L50, M, shiny|100\/100\n|-terastallize|p2b: GurrenLagan|Grass\n|move|p2b: GurrenLagan|Mortal Spin|p1a: Ting-Lu|[spread] p1a,p1b\n|-resisted|p1a: Ting-Lu\n|-damage|p1a: Ting-Lu|99\/100\n|-damage|p1b: Amoonguss|96\/100\n|-status|p1a: Ting-Lu|psn\n|-damage|p2b: GurrenLagan|84\/100|[from] item: Rocky Helmet|[of] p1b: Amoonguss\n|move|p1a: Ting-Lu|Fissure|p2a: Majar\u00e9|[miss]\n|-miss|p1a: Ting-Lu|p2a: Majar\u00e9\n|move|p1b: Amoonguss|Spore|p2b: GurrenLagan\n|-immune|p2b: GurrenLagan\n|\n|-damage|p1a: Ting-Lu|87\/100 psn|[from] psn\n|upkeep\n|turn|2\n|inactive|Aigashu-15 has 30 seconds left.\n|\n|t:|1682439980\n|move|p2b: GurrenLagan|Earth Power|p1b: Amoonguss\n|-damage|p1b: Amoonguss|76\/100\n|move|p1a: Ting-Lu|Stomping Tantrum|p2b: GurrenLagan\n|-resisted|p2b: GurrenLagan\n|-damage|p2b: GurrenLagan|54\/100\n|-damage|p1a: Ting-Lu|71\/100 psn|[from] item: Rocky Helmet|[of] p2b: GurrenLagan\n|-activate|p2b: GurrenLagan|ability: Toxic Debris\n|-sidestart|p1: gaioukabs|move: Toxic Spikes\n|move|p2a: Majar\u00e9|Strength Sap|p1a: Ting-Lu\n|-unboost|p1a: Ting-Lu|atk|1\n|move|p1b: Amoonguss|Pollen Puff|p2b: GurrenLagan\n|-supereffective|p2b: GurrenLagan\n|-damage|p2b: GurrenLagan|25\/100\n|\n|-damage|p1a: Ting-Lu|58\/100 psn|[from] psn\n|upkeep\n|turn|3\n|\n|t:|1682439999\n|switch|p2b: Slowking|Slowking, L50, M|100\/100\n|move|p1a: Ting-Lu|Ruination|p2a: Majar\u00e9\n|-damage|p2a: Majar\u00e9|51\/100\n|-fieldstart|move: Grassy Terrain|[from] ability: Seed Sower|[of] p2a: Majar\u00e9\n|move|p2a: Majar\u00e9|Hyper Voice|p1a: Ting-Lu|[spread] p1a,p1b\n|-crit|p1a: Ting-Lu\n|-damage|p1a: Ting-Lu|41\/100 psn\n|-damage|p1b: Amoonguss|50\/100\n|-enditem|p2a: Majar\u00e9|Throat Spray\n|-boost|p2a: Majar\u00e9|spa|1|[from] item: Throat Spray\n|move|p1b: Amoonguss|Pollen Puff|p2b: Slowking\n|-supereffective|p2b: Slowking\n|-damage|p2b: Slowking|73\/100\n|\n|-heal|p1a: Ting-Lu|47\/100 psn|[from] Grassy Terrain\n|-heal|p2a: Majar\u00e9|57\/100|[from] Grassy Terrain\n|-heal|p1b: Amoonguss|56\/100|[from] Grassy Terrain\n|-heal|p2b: Slowking|79\/100|[from] Grassy Terrain\n|-damage|p1a: Ting-Lu|35\/100 psn|[from] psn\n|upkeep\n|turn|4\n|\n|t:|1682440023\n|move|p1a: Ting-Lu|Heavy Slam|p2a: Majar\u00e9\n|-damage|p2a: Majar\u00e9|30\/100\n|move|p2a: Majar\u00e9|Hyper Voice|p1b: Amoonguss|[spread] p1a,p1b\n|-damage|p1a: Ting-Lu|15\/100 psn\n|-damage|p1b: Amoonguss|17\/100\n|move|p1b: Amoonguss|Pollen Puff|p2a: Majar\u00e9\n|-supereffective|p2a: Majar\u00e9\n|-damage|p2a: Majar\u00e9|3\/100\n|move|p2b: Slowking|Trick Room|p2b: Slowking\n|-fieldstart|move: Trick Room|[of] p2b: Slowking\n|\n|-heal|p2b: Slowking|85\/100|[from] Grassy Terrain\n|-heal|p1b: Amoonguss|23\/100|[from] Grassy Terrain\n|-heal|p2a: Majar\u00e9|9\/100|[from] Grassy Terrain\n|-heal|p1a: Ting-Lu|21\/100 psn|[from] Grassy Terrain\n|-damage|p1a: Ting-Lu|9\/100 psn|[from] psn\n|upkeep\n|turn|5\n|\n|t:|1682440043\n|move|p2b: Slowking|Psychic|p1b: Amoonguss\n|-supereffective|p1b: Amoonguss\n|-damage|p1b: Amoonguss|0 fnt\n|faint|p1b: Amoonguss\n|move|p2a: Majar\u00e9|Hyper Voice|p1a: Ting-Lu\n|-damage|p1a: Ting-Lu|0 fnt\n|faint|p1a: Ting-Lu\n|\n|-heal|p2b: Slowking|90\/100|[from] Grassy Terrain\n|-heal|p2a: Majar\u00e9|15\/100|[from] Grassy Terrain\n|upkeep\n|\n|t:|1682440051\n|switch|p1b: Flutter Mane|Flutter Mane, L50|100\/100\n|switch|p1a: Gyarados|Gyarados, L50, M, shiny|100\/100\n|-ability|p1a: Gyarados|Intimidate|boost\n|-unboost|p2a: Majar\u00e9|atk|1\n|-fail|p2b: Slowking|unboost|Attack|[from] ability: Oblivious|[of] p2b: Slowking\n|-status|p1b: Flutter Mane|psn\n|turn|6\n|\n|t:|1682440071\n|move|p2b: Slowking|Chilling Water|p1a: Gyarados\n|-resisted|p1a: Gyarados\n|-damage|p1a: Gyarados|92\/100\n|-unboost|p1a: Gyarados|atk|1\n|move|p2a: Majar\u00e9|Strength Sap|p1a: Gyarados\n|-unboost|p1a: Gyarados|atk|1\n|-heal|p2a: Majar\u00e9|77\/100\n|move|p1a: Gyarados|Waterfall|p2a: Majar\u00e9\n|-resisted|p2a: Majar\u00e9\n|-damage|p2a: Majar\u00e9|68\/100\n|move|p1b: Flutter Mane|Thunderbolt|p2b: Slowking\n|-supereffective|p2b: Slowking\n|-damage|p2b: Slowking|12\/100\n|\n|-heal|p2b: Slowking|18\/100|[from] Grassy Terrain\n|-heal|p2a: Majar\u00e9|73\/100|[from] Grassy Terrain\n|-damage|p1b: Flutter Mane|88\/100 psn|[from] psn\n|upkeep\n|turn|7\n|\n|t:|1682440091\n|move|p2b: Slowking|Slack Off|p2b: Slowking\n|-heal|p2b: Slowking|68\/100\n|move|p2a: Majar\u00e9|Terrain Pulse|p1b: Flutter Mane\n|-damage|p1b: Flutter Mane|0 fnt\n|faint|p1b: Flutter Mane\n|-end|p1b: Flutter Mane|Protosynthesis|[silent]\n|move|p1a: Gyarados|Waterfall|p2a: Majar\u00e9\n|-resisted|p2a: Majar\u00e9\n|-damage|p2a: Majar\u00e9|64\/100\n|\n|-heal|p2b: Slowking|73\/100|[from] Grassy Terrain\n|-heal|p2a: Majar\u00e9|70\/100|[from] Grassy Terrain\n|-fieldend|move: Grassy Terrain\n|upkeep\n|turn|8\n|l|\u2606gaioukabs\n|inactive|gaioukabs disconnected and has a minute to reconnect!\n|player|p1|\n|inactive|gaioukabs has 30 seconds left.\n|inactive|Aigashu-15 has 30 seconds left.\n|inactive|gaioukabs has 20 seconds left.\n|inactive|gaioukabs has 15 seconds left.\n|inactive|gaioukabs has 10 seconds left.\n|inactive|gaioukabs has 5 seconds left.\n|-message|gaioukabs lost due to inactivity.\n|\n|win|Aigashu-15\n|raw|gaioukabs's rating: 1067 → 1050<\/strong> (-17 for losing)\n|raw|Aigashu-15's rating: 1113 → 1135<\/strong> (+22 for winning)\n","uploadtime":1682440156,"views":3,"p1id":"gaioukabs","p2id":"aigashu15","formatid":"gen9vgc2023regulationc","rating":1050,"private":0,"password":""}