{"id":"gen9vgc2023regulationc-1845473290","p1":"GRSpeed5","p2":"RU1NN56","format":"[Gen 9] VGC 2023 Regulation C","log":"|j|\u2606GRSpeed5\n|j|\u2606RU1NN56\n|t:|1681737187\n|gametype|doubles\n|player|p1|GRSpeed5|hilbert|1045\n|player|p2|RU1NN56|steven|1000\n|teamsize|p1|6\n|teamsize|p2|6\n|gen|9\n|tier|[Gen 9] VGC 2023 Regulation C\n|rated|\n|rule|Species Clause: Limit one of each Pok\u00e9mon\n|rule|Item Clause: Limit one of each item\n|clearpoke\n|poke|p1|Ting-Lu, L50|\n|poke|p1|Gyarados, L50, F|\n|poke|p1|Amoonguss, L50, F|\n|poke|p1|Iron Hands, L50|\n|poke|p1|Ceruledge, L50, M|\n|poke|p1|Clodsire, L50, F|\n|poke|p2|Flutter Mane, L50|\n|poke|p2|Scream Tail, L50|\n|poke|p2|Gothitelle, L50, F|\n|poke|p2|Palafin, L50, M|\n|poke|p2|Amoonguss, L50, M|\n|poke|p2|Arcanine, L50, M|\n|teampreview|4\n|\n|t:|1681737208\n|start\n|switch|p1a: Amoonguss|Amoonguss, L50, F|100\/100\n|switch|p1b: Ceruledge|Ceruledge, L50, M|100\/100\n|switch|p2a: Scream Tail|Scream Tail, L50, shiny|100\/100\n|switch|p2b: Palafin|Palafin, L50, M|100\/100\n|-enditem|p2a: Scream Tail|Booster Energy\n|-activate|p2a: Scream Tail|ability: Protosynthesis|[fromitem]\n|-start|p2a: Scream Tail|protosynthesisspe\n|turn|1\n|\n|t:|1681737243\n|detailschange|p2b: Palafin|Palafin-Hero, L50, M\n|switch|p2b: Amoonguss|Amoonguss, L50, M|100\/100\n|-terastallize|p1b: Ceruledge|Grass\n|move|p2a: Scream Tail|Protect|p2a: Scream Tail\n|-singleturn|p2a: Scream Tail|Protect\n|move|p1b: Ceruledge|Shadow Sneak|p2b: Amoonguss\n|-damage|p2b: Amoonguss|79\/100\n|move|p1a: Amoonguss|Spore|p2a: Scream Tail\n|-activate|p2a: Scream Tail|move: Protect\n|\n|upkeep\n|turn|2\n|\n|t:|1681737263\n|move|p2b: Amoonguss|Rage Powder|p2b: Amoonguss\n|-singleturn|p2b: Amoonguss|move: Rage Powder\n|move|p2a: Scream Tail|Disable|p1a: Amoonguss\n|-start|p1a: Amoonguss|Disable|Spore\n|move|p1b: Ceruledge|Bitter Blade|p2b: Amoonguss\n|-supereffective|p2b: Amoonguss\n|-damage|p2b: Amoonguss|0 fnt\n|faint|p2b: Amoonguss\n|move|p1a: Amoonguss|Pollen Puff|p2a: Scream Tail\n|-damage|p2a: Scream Tail|87\/100\n|\n|upkeep\n|\n|t:|1681737276\n|switch|p2b: Gothitelle|Gothitelle, L50, F|100\/100\n|turn|3\n|\n|t:|1681737299\n|move|p2b: Gothitelle|Fake Out|p1b: Ceruledge\n|-damage|p1b: Ceruledge|92\/100\n|cant|p1b: Ceruledge|flinch\n|move|p2a: Scream Tail|Perish Song|p2a: Scream Tail\n|-start|p1a: Amoonguss|perish3|[silent]\n|-start|p1b: Ceruledge|perish3|[silent]\n|-start|p2a: Scream Tail|perish3|[silent]\n|-start|p2b: Gothitelle|perish3|[silent]\n|-fieldactivate|move: Perish Song\n|move|p1a: Amoonguss|Pollen Puff|p2b: Gothitelle\n|-supereffective|p2b: Gothitelle\n|-damage|p2b: Gothitelle|77\/100\n|\n|-start|p2a: Scream Tail|perish3\n|-start|p1b: Ceruledge|perish3\n|-start|p2b: Gothitelle|perish3\n|-start|p1a: Amoonguss|perish3\n|upkeep\n|turn|4\n|\n|t:|1681737333\n|-end|p2a: Scream Tail|Protosynthesis|[silent]\n|switch|p2a: Palafin|Palafin-Hero, L50, M|100\/100\n|-activate|p2a: Palafin|ability: Zero to Hero\n|move|p2b: Gothitelle|Protect|p2b: Gothitelle\n|-singleturn|p2b: Gothitelle|Protect\n|move|p1b: Ceruledge|Shadow Sneak|p2b: Gothitelle\n|-activate|p2b: Gothitelle|move: Protect\n|move|p1a: Amoonguss|Pollen Puff|p2b: Gothitelle\n|-activate|p2b: Gothitelle|move: Protect\n|\n|-start|p1b: Ceruledge|perish2\n|-start|p2b: Gothitelle|perish2\n|-start|p1a: Amoonguss|perish2\n|upkeep\n|turn|5\n|\n|t:|1681737368\n|-terastallize|p2b: Gothitelle|Water\n|move|p2a: Palafin|Protect|p2a: Palafin\n|-singleturn|p2a: Palafin|Protect\n|move|p1a: Amoonguss|Rage Powder|p1a: Amoonguss\n|-singleturn|p1a: Amoonguss|move: Rage Powder\n|move|p1b: Ceruledge|Bitter Blade|p2b: Gothitelle\n|-resisted|p2b: Gothitelle\n|-damage|p2b: Gothitelle|55\/100\n|-heal|p1b: Ceruledge|100\/100|[from] drain|[of] p2b: Gothitelle\n|move|p2b: Gothitelle|Psychic|p1a: Amoonguss\n|-supereffective|p1a: Amoonguss\n|-damage|p1a: Amoonguss|48\/100\n|\n|-heal|p1a: Amoonguss|54\/100|[from] item: Black Sludge\n|-end|p1a: Amoonguss|Disable\n|-start|p1b: Ceruledge|perish1\n|-start|p2b: Gothitelle|perish1\n|-start|p1a: Amoonguss|perish1\n|upkeep\n|turn|6\n|\n|t:|1681737415\n|switch|p2b: Scream Tail|Scream Tail, L50, shiny|87\/100\n|move|p2a: Palafin|Jet Punch|p1b: Ceruledge\n|-resisted|p1b: Ceruledge\n|-damage|p1b: Ceruledge|67\/100\n|move|p1b: Ceruledge|Shadow Sneak|p2b: Scream Tail\n|-supereffective|p2b: Scream Tail\n|-damage|p2b: Scream Tail|55\/100\n|move|p1a: Amoonguss|Spore|p2a: Palafin\n|-status|p2a: Palafin|slp|[from] move: Spore\n|\n|-heal|p1a: Amoonguss|60\/100|[from] item: Black Sludge\n|-start|p1b: Ceruledge|perish0\n|-start|p1a: Amoonguss|perish0\n|upkeep\n|faint|p1b: Ceruledge\n|faint|p1a: Amoonguss\n|\n|t:|1681737433\n|switch|p1b: Iron Hands|Iron Hands, L50|100\/100\n|switch|p1a: Gyarados|Gyarados, L50, F|100\/100\n|-ability|p1a: Gyarados|Intimidate|boost\n|-unboost|p2a: Palafin|atk|1\n|-unboost|p2b: Scream Tail|atk|1\n|-enditem|p1b: Iron Hands|Booster Energy\n|-activate|p1b: Iron Hands|ability: Quark Drive|[fromitem]\n|-start|p1b: Iron Hands|quarkdriveatk\n|turn|7\n|\n|t:|1681737446\n|cant|p2a: Palafin|slp\n|move|p2b: Scream Tail|Perish Song|p2b: Scream Tail\n|-start|p1a: Gyarados|perish3|[silent]\n|-start|p1b: Iron Hands|perish3|[silent]\n|-start|p2a: Palafin|perish3|[silent]\n|-start|p2b: Scream Tail|perish3|[silent]\n|-fieldactivate|move: Perish Song\n|move|p1a: Gyarados|Dragon Dance|p1a: Gyarados\n|-boost|p1a: Gyarados|atk|1\n|-boost|p1a: Gyarados|spe|1\n|move|p1b: Iron Hands|Swords Dance|p1b: Iron Hands\n|-boost|p1b: Iron Hands|atk|2\n|\n|-start|p1a: Gyarados|perish3\n|-start|p2b: Scream Tail|perish3\n|-start|p2a: Palafin|perish3\n|-start|p1b: Iron Hands|perish3\n|upkeep\n|turn|8\n|\n|t:|1681737469\n|move|p1a: Gyarados|Waterfall|p2b: Scream Tail\n|-damage|p2b: Scream Tail|2\/100\n|move|p2b: Scream Tail|Disable|p1b: Iron Hands\n|-start|p1b: Iron Hands|Disable|Swords Dance\n|-curestatus|p2a: Palafin|slp|[msg]\n|move|p2a: Palafin|Wave Crash|p1b: Iron Hands\n|-damage|p1b: Iron Hands|65\/100\n|-damage|p2a: Palafin|83\/100|[from] Recoil\n|move|p1b: Iron Hands|Wild Charge|p2a: Palafin\n|-supereffective|p2a: Palafin\n|-damage|p2a: Palafin|0 fnt\n|faint|p2a: Palafin\n|-damage|p1b: Iron Hands|51\/100|[from] Recoil\n|\n|-start|p1a: Gyarados|perish2\n|-start|p2b: Scream Tail|perish2\n|-start|p1b: Iron Hands|perish2\n|upkeep\n|\n|t:|1681737489\n|switch|p2a: Gothitelle|Gothitelle, L50, F, tera:Water|55\/100\n|turn|9\n|\n|t:|1681737502\n|move|p2b: Scream Tail|Protect|p2b: Scream Tail\n|-singleturn|p2b: Scream Tail|Protect\n|move|p2a: Gothitelle|Fake Out|p1b: Iron Hands\n|-damage|p1b: Iron Hands|47\/100\n|move|p1a: Gyarados|Tera Blast|p2a: Gothitelle\n|-damage|p2a: Gothitelle|46\/100\n|-enditem|p2a: Gothitelle|Sitrus Berry|[eat]\n|-heal|p2a: Gothitelle|71\/100|[from] item: Sitrus Berry\n|cant|p1b: Iron Hands|flinch\n|\n|-start|p1a: Gyarados|perish1\n|-start|p2b: Scream Tail|perish1\n|-start|p1b: Iron Hands|perish1\n|upkeep\n|turn|10\n|l|\u2606GRSpeed5\n|player|p1|\n|inactive|Battle timer is ON: inactive players will automatically lose when time's up. (requested by RU1NN56)\n|inactive|GRSpeed5 has 30 seconds to reconnect!\n|inactive|GRSpeed5 has 20 seconds to reconnect!\n|inactive|GRSpeed5 has 15 seconds to reconnect!\n|inactive|GRSpeed5 has 10 seconds to reconnect!\n|inactive|GRSpeed5 has 5 seconds to reconnect!\n|-message|GRSpeed5 lost due to inactivity.\n|\n|win|RU1NN56\n|raw|GRSpeed5's rating: 1045 → 1026<\/strong> (-19 for losing)\n|raw|RU1NN56's rating: 1000 → 1045<\/strong> (+45 for winning)\n","uploadtime":1681737659,"views":6,"p1id":"grspeed5","p2id":"ru1nn56","formatid":"gen9vgc2023regulationc","rating":1026,"private":0,"password":""}