{"id":"gen9vgc2023regulationc-1851868217","p1":"SM0KESgirl","p2":"kotestplayer","format":"[Gen 9] VGC 2023 Regulation C","log":"|j|\u2606SM0KESgirl\n|j|\u2606kotestplayer\n|t:|1682497823\n|gametype|doubles\n|player|p1|SM0KESgirl|101|1169\n|player|p2|kotestplayer|101|1122\n|teamsize|p1|6\n|teamsize|p2|6\n|gen|9\n|tier|[Gen 9] VGC 2023 Regulation C\n|rated|\n|rule|Species Clause: Limit one of each Pok\u00e9mon\n|rule|Item Clause: Limit one of each item\n|clearpoke\n|poke|p1|Gholdengo, L50|\n|poke|p1|Murkrow, L50, M|\n|poke|p1|Baxcalibur, L50, F|\n|poke|p1|Annihilape, L50, F|\n|poke|p1|Flutter Mane, L50|\n|poke|p1|Amoonguss, L50, M|\n|poke|p2|Annihilape, L50, M|\n|poke|p2|Gholdengo, L50|\n|poke|p2|Maushold, L50|\n|poke|p2|Arcanine, L50, F|\n|poke|p2|Roaring Moon, L50|\n|poke|p2|Iron Bundle, L50|\n|teampreview|4\n|l|\u2606kotestplayer\n|player|p2|\n|j|\u2606kotestplayer\n|player|p2|kotestplayer|101\n|\n|t:|1682497859\n|start\n|switch|p1a: Flutter Mane|Flutter Mane, L50|100\/100\n|switch|p1b: Gholdengo|Gholdengo, L50|100\/100\n|switch|p2a: MegaMence|Roaring Moon, L50|100\/100\n|switch|p2b: Iron Bundle|Iron Bundle, L50, shiny|100\/100\n|-enditem|p2a: MegaMence|Booster Energy\n|-activate|p2a: MegaMence|ability: Protosynthesis|[fromitem]\n|-start|p2a: MegaMence|protosynthesisspe\n|turn|1\n|\n|t:|1682497893\n|-terastallize|p2a: MegaMence|Flying\n|move|p2b: Iron Bundle|Protect|p2b: Iron Bundle\n|-singleturn|p2b: Iron Bundle|Protect\n|move|p2a: MegaMence|Tailwind|p2a: MegaMence\n|-sidestart|p2: kotestplayer|move: Tailwind\n|move|p1b: Gholdengo|Make It Rain|p2a: MegaMence|[spread] p2a\n|-activate|p2b: Iron Bundle|move: Protect\n|-damage|p2a: MegaMence|26\/100\n|-unboost|p1b: Gholdengo|spa|1\n|move|p1a: Flutter Mane|Trick Room|p1a: Flutter Mane\n|-fieldstart|move: Trick Room|[of] p1a: Flutter Mane\n|\n|upkeep\n|turn|2\n|l|\u2606kotestplayer\n|player|p2|\n|j|\u2606kotestplayer\n|player|p2|kotestplayer|101\n|\n|t:|1682497928\n|-end|p2b: Iron Bundle|Quark Drive|[silent]\n|switch|p2b: Gholdenjoe|Gholdengo, L50|100\/100\n|move|p2a: MegaMence|Protect|p2a: MegaMence\n|-singleturn|p2a: MegaMence|Protect\n|move|p1b: Gholdengo|Make It Rain|p2a: MegaMence|[spread] p2b\n|-activate|p2a: MegaMence|move: Protect\n|-resisted|p2b: Gholdenjoe\n|-damage|p2b: Gholdenjoe|75\/100\n|-unboost|p1b: Gholdengo|spa|1\n|move|p1a: Flutter Mane|Dazzling Gleam|p2b: Gholdenjoe|[spread] p2b\n|-activate|p2a: MegaMence|move: Protect\n|-resisted|p2b: Gholdenjoe\n|-damage|p2b: Gholdenjoe|58\/100\n|\n|-heal|p2b: Gholdenjoe|64\/100|[from] item: Leftovers\n|upkeep\n|turn|3\n|\n|t:|1682497964\n|switch|p1b: Annihilape|Annihilape, L50, F|100\/100\n|-end|p2a: MegaMence|Protosynthesis|[silent]\n|switch|p2a: Goblin|Annihilape, L50, M|100\/100\n|move|p2b: Gholdenjoe|Protect|p2b: Gholdenjoe\n|-singleturn|p2b: Gholdenjoe|Protect\n|move|p1a: Flutter Mane|Dazzling Gleam|p2b: Gholdenjoe|[spread] p2a\n|-activate|p2b: Gholdenjoe|move: Protect\n|-supereffective|p2a: Goblin\n|-damage|p2a: Goblin|40\/100\n|-enditem|p2a: Goblin|Sitrus Berry|[eat]\n|-heal|p2a: Goblin|65\/100|[from] item: Sitrus Berry\n|\n|-heal|p2b: Gholdenjoe|70\/100|[from] item: Leftovers\n|upkeep\n|turn|4\n|l|\u2606kotestplayer\n|player|p2|\n|j|\u2606kotestplayer\n|player|p2|kotestplayer|101\n|\n|t:|1682498009\n|move|p1b: Annihilape|Protect|p1b: Annihilape\n|-singleturn|p1b: Annihilape|Protect\n|move|p2a: Goblin|Protect|p2a: Goblin\n|-singleturn|p2a: Goblin|Protect\n|move|p1a: Flutter Mane|Shadow Ball|p2a: Goblin\n|-activate|p2a: Goblin|move: Protect\n|move|p2b: Gholdenjoe|Shadow Ball|p1b: Annihilape\n|-activate|p1b: Annihilape|move: Protect\n|\n|-heal|p2b: Gholdenjoe|77\/100|[from] item: Leftovers\n|-sideend|p2: kotestplayer|move: Tailwind\n|upkeep\n|turn|5\n|\n|t:|1682498047\n|switch|p2a: MegaMence|Roaring Moon, L50, tera:Flying|26\/100\n|-terastallize|p1b: Annihilape|Grass\n|move|p2b: Gholdenjoe|Protect|p2b: Gholdenjoe\n|-singleturn|p2b: Gholdenjoe|Protect\n|move|p1b: Annihilape|Drain Punch|p2a: MegaMence\n|-resisted|p2a: MegaMence\n|-damage|p2a: MegaMence|6\/100\n|move|p1a: Flutter Mane|Shadow Ball|p2a: MegaMence\n|-damage|p2a: MegaMence|0 fnt\n|faint|p2a: MegaMence\n|-end|p2a: MegaMence|Protosynthesis|[silent]\n|\n|-heal|p2b: Gholdenjoe|83\/100|[from] item: Leftovers\n|-fieldend|move: Trick Room\n|upkeep\n|l|\u2606kotestplayer\n|player|p2|\n|inactive|Battle timer is ON: inactive players will automatically lose when time's up. (requested by SM0KESgirl)\n|inactive|kotestplayer has 30 seconds to reconnect!\n|j|\u2606kotestplayer\n|inactive|kotestplayer reconnected and has 55 seconds left.\n|player|p2|kotestplayer|101\n|\n|t:|1682498115\n|switch|p2a: Iron Bundle|Iron Bundle, L50, shiny|100\/100\n|turn|6\n|\n|t:|1682498137\n|move|p2a: Iron Bundle|Freeze-Dry|p1b: Annihilape\n|-supereffective|p1b: Annihilape\n|-damage|p1b: Annihilape|58\/100\n|move|p1a: Flutter Mane|Shadow Ball|p2b: Gholdenjoe\n|-supereffective|p2b: Gholdenjoe\n|-damage|p2b: Gholdenjoe|0 fnt\n|faint|p2b: Gholdenjoe\n|move|p1b: Annihilape|Rage Fist|p2a: Iron Bundle\n|-damage|p2a: Iron Bundle|55\/100\n|\n|-heal|p1b: Annihilape|64\/100|[from] item: Leftovers\n|upkeep\n|\n|t:|1682498151\n|switch|p2b: Goblin|Annihilape, L50, M|65\/100\n|turn|7\n|\n|t:|1682498172\n|move|p2b: Goblin|Protect|p2b: Goblin\n|-singleturn|p2b: Goblin|Protect\n|move|p2a: Iron Bundle|Freeze-Dry|p1b: Annihilape\n|-supereffective|p1b: Annihilape\n|-damage|p1b: Annihilape|24\/100\n|move|p1a: Flutter Mane|Shadow Ball|p2a: Iron Bundle\n|-damage|p2a: Iron Bundle|0 fnt\n|faint|p2a: Iron Bundle\n|-end|p2a: Iron Bundle|Quark Drive|[silent]\n|move|p1b: Annihilape|Bulk Up|p1b: Annihilape\n|-boost|p1b: Annihilape|atk|1\n|-boost|p1b: Annihilape|def|1\n|\n|-heal|p1b: Annihilape|30\/100|[from] item: Leftovers\n|upkeep\n|turn|8\n|-message|kotestplayer forfeited.\n|\n|win|SM0KESgirl\n|raw|SM0KESgirl's rating: 1169 → 1191<\/strong> (+22 for winning)\n|raw|kotestplayer's rating: 1122 → 1100<\/strong> (-22 for losing)\n|l|\u2606kotestplayer\n","uploadtime":1682498197,"views":15,"p1id":"sm0kesgirl","p2id":"kotestplayer","formatid":"gen9vgc2023regulationc","rating":1100,"private":0,"password":""}