{"id":"gen9vgc2023regulationc-1854362779","p1":"Whatever0512","p2":"VANISH21","format":"[Gen 9] VGC 2023 Regulation C","log":"|j|\u2606Whatever0512\n|j|\u2606VANISH21\n|t:|1682801574\n|gametype|doubles\n|player|p1|Whatever0512|170|1297\n|player|p2|VANISH21|pokemaniac|1240\n|teamsize|p1|6\n|teamsize|p2|6\n|gen|9\n|tier|[Gen 9] VGC 2023 Regulation C\n|rated|\n|rule|Species Clause: Limit one of each Pok\u00e9mon\n|rule|Item Clause: Limit one of each item\n|clearpoke\n|poke|p1|Talonflame, L50, F|\n|poke|p1|Flutter Mane, L50|\n|poke|p1|Tyranitar, L50, M|\n|poke|p1|Iron Bundle, L50|\n|poke|p1|Gothitelle, L50, M|\n|poke|p1|Great Tusk, L50|\n|poke|p2|Baxcalibur, L50, F|\n|poke|p2|Vivillon-Fancy, L50, F|\n|poke|p2|Iron Bundle, L50|\n|poke|p2|Abomasnow, L50, M|\n|poke|p2|Ceruledge, L50, F|\n|poke|p2|Chien-Pao, L50|\n|teampreview|4\n|\n|t:|1682801614\n|start\n|switch|p1a: Gothitelle|Gothitelle, L50, M|100\/100\n|switch|p1b: Flutter Mane|Flutter Mane, L50|100\/100\n|switch|p2a: Iron Bundle|Iron Bundle, L50|100\/100\n|switch|p2b: Ceruledge|Ceruledge, L50, F|100\/100\n|-enditem|p2a: Iron Bundle|Booster Energy\n|-activate|p2a: Iron Bundle|ability: Quark Drive|[fromitem]\n|-start|p2a: Iron Bundle|quarkdrivespe\n|turn|1\n|inactive|Battle timer is ON: inactive players will automatically lose when time's up. (requested by VANISH21)\n|inactive|VANISH21 has 60 seconds left.\n|\n|t:|1682801652\n|-end|p1b: Flutter Mane|Protosynthesis|[silent]\n|switch|p1b: Tyranitar|Tyranitar, L50, M|100\/100\n|-weather|Sandstorm|[from] ability: Sand Stream|[of] p1b: Tyranitar\n|move|p2a: Iron Bundle|Protect|p2a: Iron Bundle\n|-singleturn|p2a: Iron Bundle|Protect\n|move|p2b: Ceruledge|Protect|p2b: Ceruledge\n|-singleturn|p2b: Ceruledge|Protect\n|move|p1a: Gothitelle|Thunder Wave|p2a: Iron Bundle\n|-activate|p2a: Iron Bundle|move: Protect\n|\n|-weather|Sandstorm|[upkeep]\n|-damage|p2a: Iron Bundle|95\/100|[from] Sandstorm\n|-damage|p2b: Ceruledge|94\/100|[from] Sandstorm\n|-damage|p1a: Gothitelle|95\/100|[from] Sandstorm\n|upkeep\n|turn|2\n|inactive|Whatever0512 has 30 seconds left.\n|inactive|VANISH21 has 30 seconds left.\n|\n|t:|1682801684\n|-terastallize|p1b: Tyranitar|Flying\n|-terastallize|p2b: Ceruledge|Grass\n|move|p2a: Iron Bundle|Hydro Pump|p1b: Tyranitar|[miss]\n|-miss|p2a: Iron Bundle|p1b: Tyranitar\n|move|p1b: Tyranitar|Tera Blast|p2b: Ceruledge\n|-supereffective|p2b: Ceruledge\n|-damage|p2b: Ceruledge|0 fnt\n|faint|p2b: Ceruledge\n|move|p1a: Gothitelle|Thunder Wave|p2a: Iron Bundle\n|-status|p2a: Iron Bundle|par\n|\n|-weather|Sandstorm|[upkeep]\n|-damage|p2a: Iron Bundle|89\/100 par|[from] Sandstorm\n|-damage|p1b: Tyranitar|95\/100|[from] Sandstorm\n|-damage|p1a: Gothitelle|89\/100|[from] Sandstorm\n|upkeep\n|\n|t:|1682801698\n|switch|p2b: Abomasnow|Abomasnow, L50, M|100\/100\n|-weather|Snow|[from] ability: Snow Warning|[of] p2b: Abomasnow\n|turn|3\n|\n|t:|1682801714\n|cant|p2a: Iron Bundle|par\n|move|p1b: Tyranitar|Rock Slide|p2a: Iron Bundle|[spread] p2a,p2b\n|-supereffective|p2a: Iron Bundle\n|-supereffective|p2b: Abomasnow\n|-damage|p2a: Iron Bundle|41\/100 par\n|-damage|p2b: Abomasnow|58\/100\n|move|p1a: Gothitelle|Psychic|p2a: Iron Bundle\n|-damage|p2a: Iron Bundle|0 fnt\n|faint|p2a: Iron Bundle\n|-end|p2a: Iron Bundle|Quark Drive|[silent]\n|move|p2b: Abomasnow|Blizzard|p1b: Tyranitar|[spread] p1a,p1b\n|-supereffective|p1b: Tyranitar\n|-damage|p1a: Gothitelle|55\/100\n|-damage|p1b: Tyranitar|36\/100\n|-damage|p2b: Abomasnow|49\/100|[from] item: Life Orb\n|\n|-weather|Snow|[upkeep]\n|upkeep\n|\n|t:|1682801728\n|switch|p2a: Vivillon|Vivillon-Fancy, L50, F|100\/100\n|turn|4\n|\n|t:|1682801748\n|switch|p1b: Great Tusk|Great Tusk, L50|100\/100\n|move|p2a: Vivillon|Pollen Puff|p2b: Abomasnow\n|-heal|p2b: Abomasnow|98\/100\n|move|p1a: Gothitelle|Thunder Wave|p2a: Vivillon\n|-status|p2a: Vivillon|par\n|move|p2b: Abomasnow|Blizzard|p1a: Gothitelle|[spread] p1a,p1b\n|-supereffective|p1b: Great Tusk\n|-damage|p1a: Gothitelle|25\/100\n|-damage|p1b: Great Tusk|0 fnt\n|-enditem|p1a: Gothitelle|Sitrus Berry|[eat]\n|-heal|p1a: Gothitelle|49\/100|[from] item: Sitrus Berry\n|faint|p1b: Great Tusk\n|-end|p1b: Great Tusk|Protosynthesis|[silent]\n|-damage|p2b: Abomasnow|89\/100|[from] item: Life Orb\n|\n|-weather|Snow|[upkeep]\n|upkeep\n|\n|t:|1682801762\n|switch|p1b: Tyranitar|Tyranitar, L50, M, tera:Flying|36\/100\n|-weather|Sandstorm|[from] ability: Sand Stream|[of] p1b: Tyranitar\n|turn|5\n|\n|t:|1682801774\n|move|p1b: Tyranitar|Rock Slide|p2b: Abomasnow|[spread] p2a,p2b\n|-supereffective|p2a: Vivillon\n|-supereffective|p2b: Abomasnow\n|-enditem|p2a: Vivillon|Focus Sash\n|-damage|p2a: Vivillon|1\/100 par\n|-damage|p2b: Abomasnow|36\/100\n|move|p1a: Gothitelle|Taunt|p2a: Vivillon\n|-start|p2a: Vivillon|move: Taunt\n|move|p2b: Abomasnow|Blizzard|p1a: Gothitelle|[spread] p1a,p1b\n|-supereffective|p1b: Tyranitar\n|-damage|p1a: Gothitelle|19\/100\n|-damage|p1b: Tyranitar|0 fnt\n|faint|p1b: Tyranitar\n|-damage|p2b: Abomasnow|26\/100|[from] item: Life Orb\n|cant|p2a: Vivillon|flinch\n|\n|-weather|Sandstorm|[upkeep]\n|-damage|p1a: Gothitelle|14\/100|[from] Sandstorm\n|-damage|p2b: Abomasnow|21\/100|[from] Sandstorm\n|-damage|p2a: Vivillon|0 fnt|[from] Sandstorm\n|faint|p2a: Vivillon\n|upkeep\n|\n|t:|1682801780\n|switch|p1b: Flutter Mane|Flutter Mane, L50|100\/100\n|turn|6\n|c|\u2606Whatever0512|Gg\n|\n|t:|1682801794\n|move|p1b: Flutter Mane|Moonblast|p2b: Abomasnow\n|-damage|p2b: Abomasnow|0 fnt\n|faint|p2b: Abomasnow\n|\n|win|Whatever0512\n|raw|Whatever0512's rating: 1297 → 1318<\/strong> (+21 for winning)\n|raw|VANISH21's rating: 1240 → 1219<\/strong> (-21 for losing)\n|l|\u2606VANISH21\n","uploadtime":1682801803,"views":17,"p1id":"whatever0512","p2id":"vanish21","formatid":"gen9vgc2023regulationc","rating":1219,"private":0,"password":""}