{"id":"gen9vgc2023regulationc-1845330199","p1":"Dr.Dedded","p2":"Sumo'sWeenusVGC","format":"[Gen 9] VGC 2023 Regulation C","log":"|j|\u2606Dr.Dedded\n|j|\u2606Sumo'sWeenusVGC\n|t:|1681716085\n|gametype|doubles\n|player|p1|Dr.Dedded|drayden|1199\n|player|p2|Sumo'sWeenusVGC|colress|1135\n|teamsize|p1|6\n|teamsize|p2|6\n|gen|9\n|tier|[Gen 9] VGC 2023 Regulation C\n|rated|\n|rule|Species Clause: Limit one of each Pok\u00e9mon\n|rule|Item Clause: Limit one of each item\n|clearpoke\n|poke|p1|Scovillain, L50, M|\n|poke|p1|Torkoal, L50, F|\n|poke|p1|Hawlucha, L50, M|\n|poke|p1|Tauros-Paldea-Aqua, L50, M|\n|poke|p1|Flutter Mane, L50|\n|poke|p1|Roaring Moon, L50|\n|poke|p2|Ting-Lu, L50|\n|poke|p2|Wo-Chien, L50|\n|poke|p2|Flutter Mane, L50|\n|poke|p2|Glimmora, L50, F|\n|poke|p2|Palafin, L50, F|\n|poke|p2|Arcanine, L50, M|\n|teampreview|4\n|inactive|Battle timer is ON: inactive players will automatically lose when time's up. (requested by Sumo'sWeenusVGC)\nSumo'sWeenusVGC has agreed to open team sheets.\nDr.Dedded has agreed to open team sheets.\n|inactive|Sumo'sWeenusVGC has 60 seconds left.\n|inactive|Sumo'sWeenusVGC has 30 seconds left.\n|\n|t:|1681716149\n|start\n|switch|p1a: Scovillain|Scovillain, L50, M, shiny|100\/100\n|switch|p1b: Torkoal|Torkoal, L50, F, shiny|100\/100\n|switch|p2a: Flutter Mane|Flutter Mane, L50, shiny|100\/100\n|switch|p2b: Glimmora|Glimmora, L50, F, shiny|100\/100\n|-weather|SunnyDay|[from] ability: Drought|[of] p1b: Torkoal\n|-activate|p2a: Flutter Mane|ability: Protosynthesis\n|-start|p2a: Flutter Mane|protosynthesisspa\n|turn|1\n|inactive|Sumo'sWeenusVGC has 30 seconds left.\n|\n|t:|1681716174\n|move|p1a: Scovillain|Protect|p1a: Scovillain\n|-singleturn|p1a: Scovillain|Protect\n|move|p2a: Flutter Mane|Power Gem|p1b: Torkoal\n|-supereffective|p1b: Torkoal\n|-damage|p1b: Torkoal|0 fnt\n|faint|p1b: Torkoal\n|move|p2b: Glimmora|Mortal Spin|p1a: Scovillain\n|-activate|p1a: Scovillain|move: Protect\n|\n|-weather|SunnyDay|[upkeep]\n|upkeep\n|\n|t:|1681716183\n|switch|p1b: Hawlucha|Hawlucha, L50, M, shiny|100\/100\n|turn|2\n|\n|t:|1681716192\n|-terastallize|p1b: Hawlucha|Rock\n|move|p1a: Scovillain|Spicy Extract|p2b: Glimmora\n|-boost|p2b: Glimmora|atk|2\n|-unboost|p2b: Glimmora|def|2\n|-enditem|p1b: Hawlucha|Mirror Herb\n|-boost|p1b: Hawlucha|atk|2|[from] item: Mirror Herb\n|move|p1b: Hawlucha|Rock Slide|p2b: Glimmora|[spread] p2a,p2b\n|-damage|p2a: Flutter Mane|6\/100\n|-enditem|p2b: Glimmora|Focus Sash\n|-damage|p2b: Glimmora|1\/100\n|move|p2a: Flutter Mane|Power Gem|p1b: Hawlucha\n|-damage|p1b: Hawlucha|27\/100\n|move|p2b: Glimmora|Mortal Spin|p1b: Hawlucha|[spread] p1a,p1b\n|-supereffective|p1a: Scovillain\n|-resisted|p1b: Hawlucha\n|-damage|p1a: Scovillain|75\/100\n|-damage|p1b: Hawlucha|21\/100\n|-status|p1a: Scovillain|psn\n|-status|p1b: Hawlucha|psn\n|\n|-weather|SunnyDay|[upkeep]\n|-damage|p1a: Scovillain|63\/100 psn|[from] psn\n|-damage|p1b: Hawlucha|9\/100 psn|[from] psn\n|upkeep\n|turn|3\n|inactive|Dr.Dedded has 30 seconds left.\n|\n|t:|1681716223\n|-end|p2a: Flutter Mane|Protosynthesis|[silent]\n|switch|p2a: Ting-Lu|Ting-Lu, L50|100\/100\n|-ability|p2a: Ting-Lu|Vessel of Ruin\n|move|p1a: Scovillain|Protect|p1a: Scovillain\n|-singleturn|p1a: Scovillain|Protect\n|move|p2b: Glimmora|Spiky Shield|p2b: Glimmora\n|-singleturn|p2b: Glimmora|move: Protect\n|move|p1b: Hawlucha|Rock Slide|p2b: Glimmora|[spread] p2a\n|-activate|p2b: Glimmora|move: Protect\n|-resisted|p2a: Ting-Lu\n|-damage|p2a: Ting-Lu|91\/100\n|\n|-weather|SunnyDay|[upkeep]\n|-damage|p1a: Scovillain|50\/100 psn|[from] psn\n|-damage|p1b: Hawlucha|0 fnt|[from] psn\n|faint|p1b: Hawlucha\n|upkeep\n|\n|t:|1681716239\n|switch|p1b: Tauros|Tauros-Paldea-Aqua, L50, M, shiny|100\/100\n|-ability|p1b: Tauros|Intimidate|boost\n|-unboost|p2a: Ting-Lu|atk|1\n|-unboost|p2b: Glimmora|atk|1\n|turn|4\n|\n|t:|1681716252\n|-terastallize|p2a: Ting-Lu|Flying\n|move|p1a: Scovillain|Spicy Extract|p2a: Ting-Lu\n|-boost|p2a: Ting-Lu|atk|2\n|-unboost|p2a: Ting-Lu|def|2\n|move|p1b: Tauros|Close Combat|p2a: Ting-Lu\n|-resisted|p2a: Ting-Lu\n|-damage|p2a: Ting-Lu|63\/100\n|-unboost|p1b: Tauros|def|1\n|-unboost|p1b: Tauros|spd|1\n|move|p2b: Glimmora|Energy Ball|p1b: Tauros\n|-supereffective|p1b: Tauros\n|-damage|p1b: Tauros|36\/100\n|move|p2a: Ting-Lu|Fissure|p1b: Tauros|[miss]\n|-miss|p2a: Ting-Lu|p1b: Tauros\n|\n|-weather|SunnyDay|[upkeep]\n|-damage|p1a: Scovillain|38\/100 psn|[from] psn\n|upkeep\n|turn|5\n|inactive|Dr.Dedded has 30 seconds left.\n|\n|t:|1681716280\n|move|p2b: Glimmora|Spiky Shield|p2b: Glimmora\n|-singleturn|p2b: Glimmora|move: Protect\n|move|p1a: Scovillain|Overheat|p2a: Ting-Lu\n|-crit|p2a: Ting-Lu\n|-damage|p2a: Ting-Lu|18\/100\n|-unboost|p1a: Scovillain|spa|2\n|move|p1b: Tauros|Raging Bull|p2a: Ting-Lu\n|-damage|p2a: Ting-Lu|0 fnt\n|faint|p2a: Ting-Lu\n|\n|-weather|none\n|-damage|p1a: Scovillain|26\/100 psn|[from] psn\n|upkeep\n|\n|t:|1681716299\n|switch|p2a: Flutter Mane|Flutter Mane, L50, shiny|6\/100\n|turn|6\n|\n|t:|1681716310\n|move|p1b: Tauros|Aqua Jet|p2a: Flutter Mane\n|-damage|p2a: Flutter Mane|0 fnt\n|faint|p2a: Flutter Mane\n|-end|p2a: Flutter Mane|Protosynthesis|[silent]\n|move|p1a: Scovillain|Overheat|p2b: Glimmora|[miss]\n|-miss|p1a: Scovillain|p2b: Glimmora\n|move|p2b: Glimmora|Sludge Bomb|p1a: Scovillain\n|-supereffective|p1a: Scovillain\n|-crit|p1a: Scovillain\n|-damage|p1a: Scovillain|0 fnt\n|faint|p1a: Scovillain\n|\n|upkeep\n|\n|t:|1681716320\n|switch|p2a: Wo-Chien|Wo-Chien, L50|100\/100\n|-ability|p2a: Wo-Chien|Tablets of Ruin\n|turn|7\n|\n|t:|1681716330\n|move|p2b: Glimmora|Spiky Shield|p2b: Glimmora\n|-singleturn|p2b: Glimmora|move: Protect\n|move|p1b: Tauros|Close Combat|p2a: Wo-Chien\n|-supereffective|p2a: Wo-Chien\n|-damage|p2a: Wo-Chien|32\/100\n|-unboost|p1b: Tauros|def|1\n|-unboost|p1b: Tauros|spd|1\n|move|p2a: Wo-Chien|Leech Seed|p1b: Tauros\n|-start|p1b: Tauros|move: Leech Seed\n|\n|-heal|p2a: Wo-Chien|38\/100|[from] item: Leftovers\n|-damage|p1b: Tauros|24\/100|[from] Leech Seed|[of] p2a: Wo-Chien\n|-heal|p2a: Wo-Chien|49\/100|[silent]\n|upkeep\n|turn|8\n|\n|t:|1681716354\n|move|p1b: Tauros|Aqua Jet|p2b: Glimmora\n|-supereffective|p2b: Glimmora\n|-damage|p2b: Glimmora|0 fnt\n|faint|p2b: Glimmora\n|move|p2a: Wo-Chien|Pollen Puff|p1b: Tauros\n|-resisted|p1b: Tauros\n|-damage|p1b: Tauros|5\/100\n|\n|-heal|p2a: Wo-Chien|56\/100|[from] item: Leftovers\n|-damage|p1b: Tauros|0 fnt|[from] Leech Seed|[of] p2a: Wo-Chien\n|-heal|p2a: Wo-Chien|60\/100|[silent]\n|faint|p1b: Tauros\n|\n|win|Sumo'sWeenusVGC\n|upkeep\n|raw|Dr.Dedded's rating: 1199 → 1169<\/strong> (-30 for losing)\n|raw|Sumo'sWeenusVGC's rating: 1135 → 1165<\/strong> (+30 for winning)\n","uploadtime":1681716372,"views":13,"p1id":"drdedded","p2id":"sumosweenusvgc","formatid":"gen9vgc2023regulationc","rating":1165,"private":0,"password":""}