{"id":"gen9vgc2023regulationc-1852260503","p1":"512scrub","p2":"b(R)2","format":"[Gen 9] VGC 2023 Regulation C","log":"|j|\u2606512scrub\n|j|\u2606b(R)2\n|t:|1682537704\n|gametype|doubles\n|player|p1|512scrub|170|1016\n|player|p2|b(R)2|266|1085\n|teamsize|p1|6\n|teamsize|p2|6\n|gen|9\n|tier|[Gen 9] VGC 2023 Regulation C\n|rated|\n|rule|Species Clause: Limit one of each Pok\u00e9mon\n|rule|Item Clause: Limit one of each item\n|clearpoke\n|poke|p1|Great Tusk, L50|\n|poke|p1|Gothitelle, L50, F|\n|poke|p1|Flutter Mane, L50|\n|poke|p1|Murkrow, L50, M|\n|poke|p1|Wo-Chien, L50|\n|poke|p1|Arcanine, L50, M|\n|poke|p2|Ting-Lu, L50|\n|poke|p2|Amoonguss, L50, F|\n|poke|p2|Garganacl, L50, M|\n|poke|p2|Arcanine, L50, M|\n|poke|p2|Roaring Moon, L50|\n|poke|p2|Iron Bundle, L50|\n|teampreview|4\n|\n|t:|1682537752\n|start\n|switch|p1a: Wo-Chien|Wo-Chien, L50|100\/100\n|switch|p1b: Murkrow|Murkrow, L50, M|100\/100\n|switch|p2a: Roaring Moon|Roaring Moon, L50|100\/100\n|switch|p2b: Amoonguss|Amoonguss, L50, F|100\/100\n|-ability|p1a: Wo-Chien|Tablets of Ruin\n|-enditem|p2a: Roaring Moon|Booster Energy\n|-activate|p2a: Roaring Moon|ability: Protosynthesis|[fromitem]\n|-start|p2a: Roaring Moon|protosynthesisatk\n|turn|1\n|\n|t:|1682537784\n|move|p1a: Wo-Chien|Protect|p1a: Wo-Chien\n|-singleturn|p1a: Wo-Chien|Protect\n|move|p1b: Murkrow|Tailwind|p1b: Murkrow\n|-sidestart|p1: 512scrub|move: Tailwind\n|move|p2a: Roaring Moon|Dragon Dance|p2a: Roaring Moon\n|-boost|p2a: Roaring Moon|atk|1\n|-boost|p2a: Roaring Moon|spe|1\n|move|p2b: Amoonguss|Pollen Puff|p1a: Wo-Chien\n|-activate|p1a: Wo-Chien|move: Protect\n|\n|upkeep\n|turn|2\n|\n|t:|1682537820\n|-terastallize|p2a: Roaring Moon|Flying\n|move|p1b: Murkrow|Sunny Day|p1b: Murkrow\n|-weather|SunnyDay\n|move|p1a: Wo-Chien|Growth|p1a: Wo-Chien\n|-boost|p1a: Wo-Chien|atk|2\n|-boost|p1a: Wo-Chien|spa|2\n|move|p2a: Roaring Moon|Acrobatics|p1a: Wo-Chien\n|-supereffective|p1a: Wo-Chien\n|-damage|p1a: Wo-Chien|0 fnt\n|faint|p1a: Wo-Chien\n|move|p2b: Amoonguss|Pollen Puff|p2a: Roaring Moon\n|-immune|p2a: Roaring Moon\n|\n|-weather|SunnyDay|[upkeep]\n|upkeep\n|\n|t:|1682537832\n|switch|p1a: Great Tusk|Great Tusk, L50|100\/100\n|-activate|p1a: Great Tusk|ability: Protosynthesis\n|-start|p1a: Great Tusk|protosynthesisatk\n|turn|3\n|\n|t:|1682537850\n|-terastallize|p1a: Great Tusk|Steel\n|move|p1a: Great Tusk|Rock Slide|p2a: Roaring Moon|[spread] p2a,p2b\n|-supereffective|p2a: Roaring Moon\n|-damage|p2a: Roaring Moon|43\/100\n|-damage|p2b: Amoonguss|80\/100\n|move|p1b: Murkrow|Foul Play|p2a: Roaring Moon\n|-damage|p2a: Roaring Moon|0 fnt\n|faint|p2a: Roaring Moon\n|-end|p2a: Roaring Moon|Protosynthesis|[silent]\n|move|p2b: Amoonguss|Pollen Puff|p1a: Great Tusk\n|-resisted|p1a: Great Tusk\n|-damage|p1a: Great Tusk|87\/100\n|\n|-weather|SunnyDay|[upkeep]\n|upkeep\n|\n|t:|1682537863\n|switch|p2a: Ting-Lu|Ting-Lu, L50|100\/100\n|-ability|p2a: Ting-Lu|Vessel of Ruin\n|turn|4\n|\n|t:|1682537876\n|move|p2b: Amoonguss|Rage Powder|p2b: Amoonguss\n|-singleturn|p2b: Amoonguss|move: Rage Powder\n|move|p1a: Great Tusk|Rock Slide|p2b: Amoonguss|[spread] p2a,p2b\n|-resisted|p2a: Ting-Lu\n|-damage|p2a: Ting-Lu|93\/100\n|-damage|p2b: Amoonguss|58\/100\n|move|p1b: Murkrow|Icy Wind|p2b: Amoonguss|[spread] p2a,p2b\n|-supereffective|p2a: Ting-Lu\n|-supereffective|p2b: Amoonguss\n|-damage|p2a: Ting-Lu|87\/100\n|-damage|p2b: Amoonguss|45\/100\n|-unboost|p2a: Ting-Lu|spe|1\n|-unboost|p2b: Amoonguss|spe|1\n|-enditem|p2b: Amoonguss|Sitrus Berry|[eat]\n|-heal|p2b: Amoonguss|70\/100|[from] item: Sitrus Berry\n|move|p2a: Ting-Lu|Stomping Tantrum|p1a: Great Tusk\n|-supereffective|p1a: Great Tusk\n|-damage|p1a: Great Tusk|30\/100\n|\n|-weather|SunnyDay|[upkeep]\n|-sideend|p1: 512scrub|move: Tailwind\n|upkeep\n|turn|5\n|\n|t:|1682537897\n|-end|p1a: Great Tusk|Protosynthesis|[silent]\n|switch|p1a: Flutter Mane|Flutter Mane, L50|100\/100\n|-activate|p1a: Flutter Mane|ability: Protosynthesis\n|-start|p1a: Flutter Mane|protosynthesisspa\n|move|p1b: Murkrow|Tailwind|p1b: Murkrow\n|-sidestart|p1: 512scrub|move: Tailwind\n|move|p2a: Ting-Lu|Stomping Tantrum|p1a: Flutter Mane\n|-damage|p1a: Flutter Mane|54\/100\n|move|p2b: Amoonguss|Spore|p1b: Murkrow\n|-status|p1b: Murkrow|slp|[from] move: Spore\n|\n|-weather|SunnyDay|[upkeep]\n|upkeep\n|turn|6\n|\n|t:|1682537919\n|move|p2b: Amoonguss|Rage Powder|p2b: Amoonguss\n|-singleturn|p2b: Amoonguss|move: Rage Powder\n|move|p1a: Flutter Mane|Dazzling Gleam|p2a: Ting-Lu|[spread] p2a,p2b\n|-supereffective|p2a: Ting-Lu\n|-resisted|p2b: Amoonguss\n|-damage|p2a: Ting-Lu|48\/100\n|-damage|p2b: Amoonguss|49\/100\n|cant|p1b: Murkrow|slp\n|move|p2a: Ting-Lu|Heavy Slam|p1a: Flutter Mane\n|-supereffective|p1a: Flutter Mane\n|-damage|p1a: Flutter Mane|0 fnt\n|faint|p1a: Flutter Mane\n|-end|p1a: Flutter Mane|Protosynthesis|[silent]\n|\n|-weather|none\n|upkeep\n|\n|t:|1682537929\n|switch|p1a: Great Tusk|Great Tusk, L50, tera:Steel|30\/100\n|turn|7\n|\n|t:|1682537945\n|move|p1a: Great Tusk|Close Combat|p2a: Ting-Lu\n|-supereffective|p2a: Ting-Lu\n|-damage|p2a: Ting-Lu|0 fnt\n|-unboost|p1a: Great Tusk|def|1\n|-unboost|p1a: Great Tusk|spd|1\n|faint|p2a: Ting-Lu\n|cant|p1b: Murkrow|slp\n|move|p2b: Amoonguss|Spore|p1a: Great Tusk\n|-status|p1a: Great Tusk|slp|[from] move: Spore\n|\n|upkeep\n|\n|t:|1682537955\n|switch|p2a: Iron Bundle|Iron Bundle, L50|100\/100\n|turn|8\n|\n|t:|1682537976\n|-curestatus|p1b: Murkrow|slp|[msg]\n|move|p1b: Murkrow|Sunny Day|p1b: Murkrow\n|-weather|SunnyDay\n|-activate|p1a: Great Tusk|ability: Protosynthesis\n|-start|p1a: Great Tusk|protosynthesisatk\n|cant|p1a: Great Tusk|slp\n|move|p2a: Iron Bundle|Hydro Pump|p1a: Great Tusk\n|-damage|p1a: Great Tusk|0 fnt\n|faint|p1a: Great Tusk\n|-end|p1a: Great Tusk|Protosynthesis|[silent]\n|move|p2b: Amoonguss|Pollen Puff|p1b: Murkrow\n|-damage|p1b: Murkrow|84\/100\n|\n|-weather|SunnyDay|[upkeep]\n|-sideend|p1: 512scrub|move: Tailwind\n|upkeep\n|turn|9\n|-message|512scrub forfeited.\n|\n|win|b(R)2\n|raw|512scrub's rating: 1016 → 1006<\/strong> (-10 for losing)\n|raw|b(R)2's rating: 1085 → 1107<\/strong> (+22 for winning)\n|l|\u2606512scrub\n","uploadtime":1682537994,"views":24,"p1id":"512scrub","p2id":"br2","formatid":"gen9vgc2023regulationc","rating":1006,"private":0,"password":""}