{"id":"gen9vgc2023regulationc-1846188445","p1":"gankyburner","p2":"alon17","format":"[Gen 9] VGC 2023 Regulation C","log":"|j|\u2606gankyburner\n|j|\u2606alon17\n|t:|1681819095\n|gametype|doubles\n|player|p1|gankyburner|266|1306\n|player|p2|alon17|blue|1276\n|teamsize|p1|6\n|teamsize|p2|6\n|gen|9\n|tier|[Gen 9] VGC 2023 Regulation C\n|rated|\n|rule|Species Clause: Limit one of each Pok\u00e9mon\n|rule|Item Clause: Limit one of each item\n|clearpoke\n|poke|p1|Murkrow, L50, F|\n|poke|p1|Tyranitar, L50, M|\n|poke|p1|Houndstone, L50, F|\n|poke|p1|Chi-Yu, L50|\n|poke|p1|Corviknight, L50, M|\n|poke|p1|Orthworm, L50, M|\n|poke|p2|Dondozo, L50, F|\n|poke|p2|Tatsugiri-Stretchy, L50, F|\n|poke|p2|Glimmora, L50, F|\n|poke|p2|Dragonite, L50, M|\n|poke|p2|Chien-Pao, L50|\n|poke|p2|Ceruledge, L50, M|\n|teampreview|4\n|inactive|Battle timer is ON: inactive players will automatically lose when time's up. (requested by alon17)\n|\n|t:|1681819127\n|start\n|switch|p1a: Mr. Jones|Corviknight, L50, M|100\/100\n|switch|p1b: Dragula|Houndstone, L50, F, shiny|100\/100\n|switch|p2a: Chien-Pao|Chien-Pao, L50|100\/100\n|switch|p2b: Dragonite|Dragonite, L50, M|100\/100\n|-ability|p2a: Chien-Pao|Sword of Ruin\n|turn|1\n|\n|t:|1681819151\n|switch|p1a: Godzilla|Tyranitar, L50, M, shiny|100\/100\n|-weather|Sandstorm|[from] ability: Sand Stream|[of] p1a: Godzilla\n|move|p2a: Chien-Pao|Protect|p2a: Chien-Pao\n|-singleturn|p2a: Chien-Pao|Protect\n|move|p1b: Dragula|Will-O-Wisp|p2a: Chien-Pao\n|-activate|p2a: Chien-Pao|move: Protect\n|move|p2b: Dragonite|Tailwind|p2b: Dragonite\n|-sidestart|p2: alon17|move: Tailwind\n|\n|-weather|Sandstorm|[upkeep]\n|-damage|p2a: Chien-Pao|95\/100|[from] Sandstorm\n|-damage|p2b: Dragonite|94\/100|[from] Sandstorm\n|upkeep\n|turn|2\n|inactive|alon17 has 30 seconds left.\n|\n|t:|1681819176\n|-terastallize|p1a: Godzilla|Flying\n|move|p2a: Chien-Pao|Sacred Sword|p1a: Godzilla\n|-resisted|p1a: Godzilla\n|-damage|p1a: Godzilla|83\/100\n|move|p1b: Dragula|Howl|p1b: Dragula|[spread] p1a,p1b\n|-boost|p1a: Godzilla|atk|1\n|-boost|p1b: Dragula|atk|1\n|move|p2b: Dragonite|Outrage|p1a: Godzilla\n|-damage|p1a: Godzilla|7\/100\n|move|p1a: Godzilla|Rock Slide|p2a: Chien-Pao|[spread] p2a,p2b\n|-supereffective|p2a: Chien-Pao\n|-supereffective|p2b: Dragonite\n|-damage|p2a: Chien-Pao|0 fnt\n|-damage|p2b: Dragonite|0 fnt\n|faint|p2a: Chien-Pao\n|faint|p2b: Dragonite\n|\n|-weather|Sandstorm|[upkeep]\n|-damage|p1a: Godzilla|1\/100|[from] Sandstorm\n|upkeep\n|\n|t:|1681819192\n|switch|p2a: Glimmora|Glimmora, L50, F, shiny|100\/100\n|switch|p2b: Ceruledge|Ceruledge, L50, M|100\/100\n|turn|3\n|inactive|gankyburner has 30 seconds left.\n|inactive|alon17 has 30 seconds left.\n|\n|t:|1681819221\n|-terastallize|p2b: Ceruledge|Steel\n|move|p1b: Dragula|Scary Face|p2a: Glimmora\n|-unboost|p2a: Glimmora|spe|2\n|move|p2b: Ceruledge|Bulk Up|p2b: Ceruledge\n|-boost|p2b: Ceruledge|atk|1\n|-boost|p2b: Ceruledge|def|1\n|move|p2a: Glimmora|Mortal Spin|p1b: Dragula|[spread] p1a,p1b\n|-resisted|p1b: Dragula\n|-crit|p1b: Dragula\n|-damage|p1a: Godzilla|0 fnt\n|-damage|p1b: Dragula|97\/100\n|-status|p1b: Dragula|psn\n|faint|p1a: Godzilla\n|\n|-weather|Sandstorm|[upkeep]\n|-damage|p1b: Dragula|85\/100 psn|[from] psn\n|upkeep\n|\n|t:|1681819239\n|switch|p1a: Dr. Worm|Orthworm, L50, M|100\/100\n|turn|4\n|inactive|gankyburner has 30 seconds left.\n|\n|t:|1681819265\n|move|p1b: Dragula|Last Respects|p2b: Ceruledge\n|-damage|p2b: Ceruledge|58\/100\n|move|p2b: Ceruledge|Bulk Up|p2b: Ceruledge\n|-boost|p2b: Ceruledge|atk|1\n|-boost|p2b: Ceruledge|def|1\n|move|p2a: Glimmora|Sludge Bomb|p1b: Dragula\n|-resisted|p1b: Dragula\n|-damage|p1b: Dragula|57\/100 psn\n|move|p1a: Dr. Worm|Body Press|p2a: Glimmora\n|-damage|p2a: Glimmora|74\/100\n|-activate|p2a: Glimmora|ability: Toxic Debris\n|-sidestart|p1: gankyburner|move: Toxic Spikes\n|\n|-weather|Sandstorm|[upkeep]\n|-damage|p1b: Dragula|45\/100 psn|[from] psn\n|-sideend|p2: alon17|move: Tailwind\n|upkeep\n|-enditem|p1b: Dragula|Sitrus Berry|[eat]\n|-heal|p1b: Dragula|70\/100 psn|[from] item: Sitrus Berry\n|turn|5\n|inactive|gankyburner has 30 seconds left.\n|\n|t:|1681819296\n|move|p1b: Dragula|Last Respects|p2b: Ceruledge\n|-damage|p2b: Ceruledge|28\/100\n|move|p2b: Ceruledge|Bitter Blade|p1a: Dr. Worm\n|-supereffective|p1a: Dr. Worm\n|-damage|p1a: Dr. Worm|0 fnt\n|-heal|p2b: Ceruledge|77\/100|[from] drain|[of] p1a: Dr. Worm\n|faint|p1a: Dr. Worm\n|move|p2a: Glimmora|Power Gem|p1b: Dragula\n|-damage|p1b: Dragula|27\/100 psn\n|\n|-weather|none\n|-damage|p1b: Dragula|15\/100 psn|[from] psn\n|upkeep\n|\n|t:|1681819308\n|switch|p1a: Mr. Jones|Corviknight, L50, M|100\/100\n|turn|6\n|\n|t:|1681819326\n|move|p1b: Dragula|Howl|p1b: Dragula|[spread] p1a,p1b\n|-boost|p1a: Mr. Jones|atk|1\n|-boost|p1b: Dragula|atk|1\n|move|p1a: Mr. Jones|Iron Head|p2a: Glimmora\n|-supereffective|p2a: Glimmora\n|-damage|p2a: Glimmora|0 fnt\n|-activate|p2a: Glimmora|ability: Toxic Debris\n|-sidestart|p1: gankyburner|move: Toxic Spikes\n|faint|p2a: Glimmora\n|move|p2b: Ceruledge|Bitter Blade|p1a: Mr. Jones\n|-supereffective|p1a: Mr. Jones\n|-damage|p1a: Mr. Jones|0 fnt\n|-heal|p2b: Ceruledge|100\/100|[from] drain|[of] p1a: Mr. Jones\n|faint|p1a: Mr. Jones\n|\n|-damage|p1b: Dragula|3\/100 psn|[from] psn\n|upkeep\n|turn|7\n|\n|t:|1681819343\n|move|p2b: Ceruledge|Shadow Sneak|p1b: Dragula\n|-supereffective|p1b: Dragula\n|-damage|p1b: Dragula|0 fnt\n|faint|p1b: Dragula\n|\n|win|alon17\n|raw|gankyburner's rating: 1306 → 1284<\/strong> (-22 for losing)\n|raw|alon17's rating: 1276 → 1303<\/strong> (+27 for winning)\n","uploadtime":1681819349,"views":4,"p1id":"gankyburner","p2id":"alon17","formatid":"gen9vgc2023regulationc","rating":1284,"private":0,"password":""}