{"id":"gen9vgc2023regulationc-1857076541","p1":"themodpros_Bros","p2":"the0philus","format":"[Gen 9] VGC 2023 Regulation C","log":"|j|\u2606themodpros_Bros\n|j|\u2606the0philus\n|t:|1683143457\n|gametype|doubles\n|player|p1|themodpros_Bros|1|\n|player|p2|the0philus|102|\n|teamsize|p1|6\n|teamsize|p2|6\n|gen|9\n|tier|[Gen 9] VGC 2023 Regulation C\n|rule|Species Clause: Limit one of each Pok\u00e9mon\n|rule|Item Clause: Limit one of each item\n|clearpoke\n|poke|p1|Chien-Pao, L50|\n|poke|p1|Garganacl, L50, F|\n|poke|p1|Impidimp, L50, M|\n|poke|p1|Kilowattrel, L50, F|\n|poke|p1|Scizor, L50, F|\n|poke|p1|Quaquaval, L50, M|\n|poke|p2|Dragapult, L50, M|\n|poke|p2|Medicham, L50, M|\n|poke|p2|Wo-Chien, L50|\n|poke|p2|Glimmora, L50, F|\n|poke|p2|Stantler, L50, M|\n|poke|p2|Cloyster, L50, F|\n|teampreview|4\n|\n|t:|1683143560\n|start\n|switch|p1a: Chien-Pao|Chien-Pao, L50|100\/100\n|switch|p1b: Scizor|Scizor, L50, F|100\/100\n|switch|p2a: Medicham|Medicham, L50, M|100\/100\n|switch|p2b: Cloyster|Cloyster, L50, F|100\/100\n|-ability|p1a: Chien-Pao|Sword of Ruin\n|turn|1\n|\n|t:|1683143632\n|move|p2a: Medicham|Fake Out|p1b: Scizor\n|-resisted|p1b: Scizor\n|-damage|p1b: Scizor|85\/100\n|move|p1a: Chien-Pao|Throat Chop|p2a: Medicham\n|-damage|p2a: Medicham|16\/100\n|-start|p2a: Medicham|Throat Chop|[silent]\n|cant|p1b: Scizor|flinch\n|move|p2b: Cloyster|Rock Blast|p1a: Chien-Pao|[miss]\n|-miss|p2b: Cloyster|p1a: Chien-Pao\n|\n|upkeep\n|turn|2\n|c|\u2606themodpros_Bros|oh\n|c|\u2606themodpros_Bros|that sucks\n|c|\u2606the0philus|f\n|\n|t:|1683143706\n|move|p1a: Chien-Pao|Ice Shard|p2a: Medicham\n|-damage|p2a: Medicham|0 fnt\n|faint|p2a: Medicham\n|move|p1b: Scizor|Pounce|p2b: Cloyster\n|-damage|p2b: Cloyster|66\/100\n|-unboost|p2b: Cloyster|spe|1\n|-enditem|p2b: Cloyster|White Herb\n|-clearnegativeboost|p2b: Cloyster|[silent]\n|move|p2b: Cloyster|Rock Blast|p1a: Chien-Pao\n|-supereffective|p1a: Chien-Pao\n|-damage|p1a: Chien-Pao|88\/100\n|-supereffective|p1a: Chien-Pao\n|-damage|p1a: Chien-Pao|73\/100\n|-supereffective|p1a: Chien-Pao\n|-damage|p1a: Chien-Pao|58\/100\n|-supereffective|p1a: Chien-Pao\n|-damage|p1a: Chien-Pao|46\/100\n|-supereffective|p1a: Chien-Pao\n|-damage|p1a: Chien-Pao|32\/100\n|-hitcount|p1a: Chien-Pao|5\n|\n|upkeep\n|\n|t:|1683143727\n|switch|p2a: Dragapult|Dragapult, L50, M|100\/100\n|turn|3\n|c|\u2606themodpros_Bros|that didnt even kill mfao\n|c|\u2606the0philus|ye dang\n|\n|t:|1683143809\n|move|p1a: Chien-Pao|Ice Shard|p2a: Dragapult\n|-supereffective|p2a: Dragapult\n|-damage|p2a: Dragapult|20\/100\n|move|p1b: Scizor|Bullet Punch|p2a: Dragapult\n|-damage|p2a: Dragapult|0 fnt\n|faint|p2a: Dragapult\n|move|p2b: Cloyster|Rock Blast|p1a: Chien-Pao|[miss]\n|-miss|p2b: Cloyster|p1a: Chien-Pao\n|\n|upkeep\n|\n|t:|1683143817\n|switch|p2a: Glimmora|Glimmora, L50, F|100\/100\n|turn|4\n|c|\u2606themodpros_Bros|oh\n|c|\u2606the0philus|well\n|\n|t:|1683143848\n|-terastallize|p2a: Glimmora|Ground\n|move|p1b: Scizor|Bullet Punch|p2a: Glimmora\n|-damage|p2a: Glimmora|55\/100\n|-activate|p2a: Glimmora|ability: Toxic Debris\n|-sidestart|p1: themodpros_Bros|move: Toxic Spikes\n|move|p2a: Glimmora|Earth Power|p1b: Scizor\n|-damage|p1b: Scizor|50\/100\n|-unboost|p1b: Scizor|spd|1\n|move|p1a: Chien-Pao|Throat Chop|p2a: Glimmora\n|-damage|p2a: Glimmora|0 fnt\n|-activate|p2a: Glimmora|ability: Toxic Debris\n|-sidestart|p1: themodpros_Bros|move: Toxic Spikes\n|faint|p2a: Glimmora\n|move|p2b: Cloyster|Rock Blast|p1a: Chien-Pao|[miss]\n|-miss|p2b: Cloyster|p1a: Chien-Pao\n|\n|upkeep\n|turn|5\n|c|\u2606the0philus|ggs\n|c|\u2606themodpros_Bros|BRO\n|\n|t:|1683143878\n|move|p1b: Scizor|Bullet Punch|p2b: Cloyster\n|-damage|p2b: Cloyster|41\/100\n|move|p1a: Chien-Pao|Throat Chop|p2b: Cloyster\n|-damage|p2b: Cloyster|6\/100\n|-start|p2b: Cloyster|Throat Chop|[silent]\n|move|p2b: Cloyster|Rock Blast|p1a: Chien-Pao\n|-supereffective|p1a: Chien-Pao\n|-damage|p1a: Chien-Pao|18\/100\n|-supereffective|p1a: Chien-Pao\n|-damage|p1a: Chien-Pao|3\/100\n|-supereffective|p1a: Chien-Pao\n|-damage|p1a: Chien-Pao|0 fnt\n|faint|p1a: Chien-Pao\n|-hitcount|p1: Chien-Pao|3\n|\n|upkeep\n|\n|t:|1683143887\n|switch|p1a: Impidimp|Impidimp, L50, M|100\/100\n|-status|p1a: Impidimp|tox\n|turn|6\n|\n|t:|1683143894\n|move|p1a: Impidimp|Fake Out|p2b: Cloyster\n|-crit|p2b: Cloyster\n|-damage|p2b: Cloyster|1\/100\n|move|p1b: Scizor|Pounce|p2b: Cloyster\n|-crit|p2b: Cloyster\n|-damage|p2b: Cloyster|0 fnt\n|faint|p2b: Cloyster\n|\n|win|themodpros_Bros\n|c|\u2606themodpros_Bros|i think you just lost to garg anyways\n","uploadtime":1683143938,"views":14,"p1id":"themodprosbros","p2id":"the0philus","formatid":"gen9vgc2023regulationc","rating":0,"private":0,"password":""}