{"id":"gen9vgc2023regulationc-1849357525","p1":"whosgemini","p2":"DirtyBongWater1420","format":"[Gen 9] VGC 2023 Regulation C","log":"|j|\u2606whosgemini\n|j|\u2606DirtyBongWater1420\n|t:|1682189545\n|gametype|doubles\n|player|p1|whosgemini|n|1128\n|player|p2|DirtyBongWater1420|n|1110\n|teamsize|p1|6\n|teamsize|p2|6\n|gen|9\n|tier|[Gen 9] VGC 2023 Regulation C\n|rated|\n|rule|Species Clause: Limit one of each Pok\u00e9mon\n|rule|Item Clause: Limit one of each item\n|clearpoke\n|poke|p1|Mimikyu, L50, M|\n|poke|p1|Hatterene, L50, F|\n|poke|p1|Torkoal, L50, F|\n|poke|p1|Arcanine, L50, F|\n|poke|p1|Pachirisu, L50, M|\n|poke|p1|Iron Hands, L50|\n|poke|p2|Flamigo, L50, M|\n|poke|p2|Amoonguss, L50, F|\n|poke|p2|Cloyster, L50, F|\n|poke|p2|Garganacl, L50, F|\n|poke|p2|Toxapex, L50, F|\n|poke|p2|Flutter Mane, L50|\n|teampreview|4\n|\n|t:|1682189561\n|start\n|switch|p1a: Mimikyu|Mimikyu, L50, M|100\/100\n|switch|p1b: Hatterene|Hatterene, L50, F|100\/100\n|switch|p2a: Cloyster|Cloyster, L50, F, shiny|100\/100\n|switch|p2b: Amoonguss|Amoonguss, L50, F, shiny|100\/100\n|turn|1\n|inactive|Battle timer is ON: inactive players will automatically lose when time's up. (requested by whosgemini)\n|\n|t:|1682189591\n|move|p2a: Cloyster|Protect|p2a: Cloyster\n|-singleturn|p2a: Cloyster|Protect\n|move|p1a: Mimikyu|Taunt|p2b: Amoonguss\n|-start|p2b: Amoonguss|move: Taunt\n|cant|p2b: Amoonguss|move: Taunt|Spore\n|move|p1b: Hatterene|Psychic|p2b: Amoonguss\n|-supereffective|p2b: Amoonguss\n|-damage|p2b: Amoonguss|10\/100\n|-enditem|p2b: Amoonguss|Sitrus Berry|[eat]\n|-heal|p2b: Amoonguss|35\/100|[from] item: Sitrus Berry\n|\n|upkeep\n|turn|2\n|\n|t:|1682189611\n|switch|p2b: Garganacl|Garganacl, L50, F, shiny|100\/100\n|move|p1b: Hatterene|Protect|p1b: Hatterene\n|-singleturn|p1b: Hatterene|Protect\n|move|p2a: Cloyster|Icicle Spear|p1a: Mimikyu\n|-activate|p1a: Mimikyu|ability: Disguise\n|-damage|p1a: Mimikyu|100\/100\n|detailschange|p1a: Mimikyu|Mimikyu-Busted, L50, M\n|-damage|p1a: Mimikyu|88\/100|[from] pokemon: Mimikyu-Busted\n|-damage|p1a: Mimikyu|77\/100\n|-damage|p1a: Mimikyu|65\/100\n|-damage|p1a: Mimikyu|54\/100\n|-damage|p1a: Mimikyu|42\/100\n|-hitcount|p1a: Mimikyu|5\n|move|p1a: Mimikyu|Trick Room|p1a: Mimikyu\n|-fieldstart|move: Trick Room|[of] p1a: Mimikyu\n|\n|upkeep\n|turn|3\n|\n|t:|1682189635\n|move|p2a: Cloyster|Protect|p2a: Cloyster\n|-singleturn|p2a: Cloyster|Protect\n|move|p1a: Mimikyu|Shadow Sneak|p1b: Hatterene\n|-supereffective|p1b: Hatterene\n|-damage|p1b: Hatterene|70\/100\n|-enditem|p1b: Hatterene|Weakness Policy\n|-boost|p1b: Hatterene|atk|2|[from] item: Weakness Policy\n|-boost|p1b: Hatterene|spa|2|[from] item: Weakness Policy\n|move|p1b: Hatterene|Dazzling Gleam|p2b: Garganacl|[spread] p2b\n|-activate|p2a: Cloyster|move: Protect\n|-damage|p2b: Garganacl|44\/100\n|move|p2b: Garganacl|Salt Cure|p1b: Hatterene\n|-damage|p1b: Hatterene|53\/100\n|-start|p1b: Hatterene|Salt Cure\n|\n|-heal|p2b: Garganacl|50\/100|[from] item: Leftovers\n|-damage|p1b: Hatterene|41\/100|[from] Salt Cure\n|upkeep\n|turn|4\n|\n|t:|1682189654\n|switch|p2a: Amoonguss|Amoonguss, L50, F, shiny|68\/100\n|move|p2b: Garganacl|Protect|p2b: Garganacl\n|-singleturn|p2b: Garganacl|Protect\n|move|p1a: Mimikyu|Shadow Sneak|p2a: Amoonguss\n|-damage|p2a: Amoonguss|58\/100\n|move|p1b: Hatterene|Dazzling Gleam|p2b: Garganacl|[spread] p2a\n|-activate|p2b: Garganacl|move: Protect\n|-resisted|p2a: Amoonguss\n|-damage|p2a: Amoonguss|27\/100\n|\n|-heal|p2b: Garganacl|56\/100|[from] item: Leftovers\n|-damage|p1b: Hatterene|29\/100|[from] Salt Cure\n|upkeep\n|turn|5\n|\n|t:|1682189678\n|move|p1a: Mimikyu|Shadow Sneak|p2b: Garganacl\n|-damage|p2b: Garganacl|51\/100\n|move|p1b: Hatterene|Dazzling Gleam|p2a: Amoonguss|[spread] p2a,p2b\n|-resisted|p2a: Amoonguss\n|-damage|p2a: Amoonguss|0 fnt\n|-damage|p2b: Garganacl|1\/100\n|faint|p2a: Amoonguss\n|move|p2b: Garganacl|Recover|p2b: Garganacl\n|-heal|p2b: Garganacl|52\/100\n|\n|-heal|p2b: Garganacl|58\/100|[from] item: Leftovers\n|-damage|p1b: Hatterene|16\/100|[from] Salt Cure\n|upkeep\n|\n|t:|1682189691\n|switch|p2a: Cloyster|Cloyster, L50, F, shiny|100\/100\n|turn|6\n|\n|t:|1682189709\n|move|p2b: Garganacl|Protect|p2b: Garganacl\n|-singleturn|p2b: Garganacl|Protect\n|move|p2a: Cloyster|Protect|p2a: Cloyster\n|-singleturn|p2a: Cloyster|Protect\n|move|p1b: Hatterene|Dazzling Gleam|p2b: Garganacl|[spread] \n|-activate|p2a: Cloyster|move: Protect\n|-activate|p2b: Garganacl|move: Protect\n|move|p1a: Mimikyu|Will-O-Wisp|p2b: Garganacl\n|-activate|p2b: Garganacl|move: Protect\n|\n|-heal|p2b: Garganacl|63\/100|[from] item: Leftovers\n|-damage|p1b: Hatterene|4\/100|[from] Salt Cure\n|-fieldend|move: Trick Room\n|upkeep\n|turn|7\n|inactive|DirtyBongWater1420 has 30 seconds left.\n|inactive|DirtyBongWater1420 has 20 seconds left.\n|inactive|DirtyBongWater1420 has 15 seconds left.\n|inactive|DirtyBongWater1420 has 10 seconds left.\n|\n|t:|1682189754\n|move|p2a: Cloyster|Icicle Spear|p1b: Hatterene\n|-damage|p1b: Hatterene|0 fnt\n|faint|p1b: Hatterene\n|-hitcount|p1: Hatterene|1\n|move|p2b: Garganacl|Recover|p2b: Garganacl\n|-heal|p2b: Garganacl|100\/100\n|move|p1a: Mimikyu|Trick Room|p1a: Mimikyu\n|-fieldstart|move: Trick Room|[of] p1a: Mimikyu\n|\n|upkeep\n|\n|t:|1682189763\n|switch|p1b: Iron Hands|Iron Hands, L50|100\/100\n|turn|8\n|\n|t:|1682189774\n|-terastallize|p2b: Garganacl|Flying\n|move|p2a: Cloyster|Protect|p2a: Cloyster\n|-singleturn|p2a: Cloyster|Protect\n|move|p1b: Iron Hands|Swords Dance|p1b: Iron Hands\n|-boost|p1b: Iron Hands|atk|2\n|move|p2b: Garganacl|Salt Cure|p1b: Iron Hands\n|-resisted|p1b: Iron Hands\n|-damage|p1b: Iron Hands|96\/100\n|-start|p1b: Iron Hands|Salt Cure\n|move|p1a: Mimikyu|Taunt|p2b: Garganacl\n|-start|p2b: Garganacl|move: Taunt\n|\n|-damage|p1b: Iron Hands|84\/100|[from] Salt Cure\n|upkeep\n|turn|9\n|\n|t:|1682189796\n|move|p1b: Iron Hands|Thunder Punch|p2a: Cloyster\n|-supereffective|p2a: Cloyster\n|-damage|p2a: Cloyster|0 fnt\n|faint|p2a: Cloyster\n|-damage|p1b: Iron Hands|74\/100|[from] item: Life Orb\n|move|p2b: Garganacl|Salt Cure|p1a: Mimikyu\n|-damage|p1a: Mimikyu|29\/100\n|-start|p1a: Mimikyu|Salt Cure\n|move|p1a: Mimikyu|Will-O-Wisp|p2b: Garganacl\n|-immune|p2b: Garganacl|[from] ability: Purifying Salt\n|\n|-damage|p1b: Iron Hands|61\/100|[from] Salt Cure\n|-damage|p1a: Mimikyu|17\/100|[from] Salt Cure\n|upkeep\n|\n|t:|1682189800\n|switch|p2a: Flamigo|Flamigo, L50, M, shiny|100\/100\n|-copyboost|p2a: Flamigo|p2b: Garganacl|[from] ability: Costar\n|turn|10\n|\n|t:|1682189818\n|move|p1b: Iron Hands|Thunder Punch|p2b: Garganacl\n|-supereffective|p2b: Garganacl\n|-damage|p2b: Garganacl|0 fnt\n|faint|p2b: Garganacl\n|-damage|p1b: Iron Hands|51\/100|[from] item: Life Orb\n|move|p1a: Mimikyu|Will-O-Wisp|p2a: Flamigo\n|-status|p2a: Flamigo|brn\n|move|p2a: Flamigo|Acrobatics|p1b: Iron Hands\n|-damage|p1b: Iron Hands|42\/100\n|\n|-damage|p2a: Flamigo|95\/100 brn|[from] brn\n|-damage|p1b: Iron Hands|30\/100|[from] Salt Cure\n|-damage|p1a: Mimikyu|4\/100|[from] Salt Cure\n|upkeep\n|turn|11\n|\n|t:|1682189835\n|move|p2a: Flamigo|Protect|p2a: Flamigo\n|-singleturn|p2a: Flamigo|Protect\n|move|p1a: Mimikyu|Shadow Sneak|p2a: Flamigo\n|-activate|p2a: Flamigo|move: Protect\n|move|p1b: Iron Hands|Thunder Punch|p2a: Flamigo\n|-activate|p2a: Flamigo|move: Protect\n|\n|-damage|p2a: Flamigo|89\/100 brn|[from] brn\n|-damage|p1b: Iron Hands|18\/100|[from] Salt Cure\n|-damage|p1a: Mimikyu|0 fnt|[from] Salt Cure\n|faint|p1a: Mimikyu\n|-fieldend|move: Trick Room\n|upkeep\n|\n|t:|1682189837\n|switch|p1a: Pachirisu|Pachirisu, L50, M|100\/100\n|turn|12\n|\n|t:|1682189846\n|move|p1a: Pachirisu|Follow Me|p1a: Pachirisu\n|-singleturn|p1a: Pachirisu|move: Follow Me\n|move|p2a: Flamigo|Acrobatics|p1a: Pachirisu\n|-resisted|p1a: Pachirisu\n|-damage|p1a: Pachirisu|94\/100\n|move|p1b: Iron Hands|Thunder Punch|p2a: Flamigo\n|-supereffective|p2a: Flamigo\n|-damage|p2a: Flamigo|0 fnt\n|faint|p2a: Flamigo\n|-damage|p1b: Iron Hands|8\/100|[from] item: Life Orb\n|\n|win|whosgemini\n|raw|whosgemini's rating: 1128 → 1152<\/strong> (+24 for winning)\n|raw|DirtyBongWater1420's rating: 1110 → 1086<\/strong> (-24 for losing)\n|l|\u2606DirtyBongWater1420\n","uploadtime":1682189855,"views":10,"p1id":"whosgemini","p2id":"dirtybongwater1420","formatid":"gen9vgc2023regulationc","rating":1086,"private":0,"password":""}