{"id":"gen9vgc2023regulationc-1862034080","p1":"Doomnik","p2":"Kastellan","format":"[Gen 9] VGC 2023 Regulation C","log":"|j|\u2606Doomnik\n|j|\u2606Kastellan\n|t:|1683830643\n|gametype|doubles\n|player|p1|Doomnik|lance|1146\n|player|p2|Kastellan|roxie|1099\n|teamsize|p1|6\n|teamsize|p2|6\n|gen|9\n|tier|[Gen 9] VGC 2023 Regulation C\n|rated|\n|rule|Species Clause: Limit one of each Pok\u00e9mon\n|rule|Item Clause: Limit one of each item\n|clearpoke\n|poke|p1|Kingambit, L50, M|\n|poke|p1|Amoonguss, L50, M|\n|poke|p1|Arcanine, L50, M|\n|poke|p1|Gyarados, L50, M|\n|poke|p1|Ting-Lu, L50|\n|poke|p1|Flutter Mane, L50|\n|poke|p2|Toxapex, L50, M|\n|poke|p2|Glimmora, L50, F|\n|poke|p2|Indeedee-F, L50, F|\n|poke|p2|Armarouge, L50, M|\n|poke|p2|Iron Hands, L50|\n|poke|p2|Ting-Lu, L50|\n|teampreview|4\nDoomnik rejected open team sheets.\n|\n|t:|1683830670\n|start\n|switch|p1a: Arcanine|Arcanine, L50, M, shiny|100\/100\n|switch|p1b: Gyarados|Gyarados, L50, M, shiny|100\/100\n|switch|p2a: Glimmora|Glimmora, L50, F|100\/100\n|switch|p2b: Indeedee|Indeedee-F, L50, F|100\/100\n|-ability|p1b: Gyarados|Intimidate|boost\n|-unboost|p2a: Glimmora|atk|1\n|-unboost|p2b: Indeedee|atk|1\n|-ability|p1a: Arcanine|Intimidate|boost\n|-unboost|p2a: Glimmora|atk|1\n|-unboost|p2b: Indeedee|atk|1\n|-fieldstart|move: Psychic Terrain|[from] ability: Psychic Surge|[of] p2b: Indeedee\n|-enditem|p2b: Indeedee|Psychic Seed\n|-boost|p2b: Indeedee|spd|1|[from] item: Psychic Seed\n|turn|1\n|\n|t:|1683830698\n|move|p1a: Arcanine|Protect|p1a: Arcanine\n|-singleturn|p1a: Arcanine|Protect\n|move|p1b: Gyarados|Taunt|p2b: Indeedee\n|-start|p2b: Indeedee|move: Taunt\n|move|p2a: Glimmora|Mortal Spin|p1a: Arcanine|[spread] p1b\n|-activate|p1a: Arcanine|move: Protect\n|-damage|p1b: Gyarados|98\/100\n|-status|p1b: Gyarados|psn\n|cant|p2b: Indeedee|move: Taunt|Trick Room\n|\n|-damage|p1b: Gyarados|86\/100 psn|[from] psn\n|upkeep\n|turn|2\n|\n|t:|1683830722\n|switch|p2b: Armarouge|Armarouge, L50, M|100\/100\n|move|p1b: Gyarados|Thunder Wave|p2a: Glimmora\n|-status|p2a: Glimmora|par\n|move|p1a: Arcanine|Will-O-Wisp|p2b: Armarouge\n|-start|p2b: Armarouge|ability: Flash Fire\n|move|p2a: Glimmora|Earth Power|p1a: Arcanine\n|-supereffective|p1a: Arcanine\n|-damage|p1a: Arcanine|22\/100\n|\n|-damage|p1b: Gyarados|74\/100 psn|[from] psn\n|upkeep\n|turn|3\n|\n|t:|1683830748\n|switch|p1b: Ting-Lu|Ting-Lu, L50|100\/100\n|-ability|p1b: Ting-Lu|Vessel of Ruin\n|move|p1a: Arcanine|Protect|p1a: Arcanine\n|-singleturn|p1a: Arcanine|Protect\n|move|p2b: Armarouge|Protect|p2b: Armarouge\n|-singleturn|p2b: Armarouge|Protect\n|move|p2a: Glimmora|Mortal Spin|p1a: Arcanine|[spread] p1b\n|-activate|p1a: Arcanine|move: Protect\n|-resisted|p1b: Ting-Lu\n|-damage|p1b: Ting-Lu|99\/100\n|-status|p1b: Ting-Lu|psn\n|\n|-damage|p1b: Ting-Lu|88\/100 psn|[from] psn\n|upkeep\n|turn|4\n|\n|t:|1683830773\n|switch|p1a: Gyarados|Gyarados, L50, M, shiny|74\/100 psn\n|-ability|p1a: Gyarados|Intimidate|boost\n|-unboost|p2a: Glimmora|atk|1\n|-unboost|p2b: Armarouge|atk|1\n|move|p2a: Glimmora|Spiky Shield|p2a: Glimmora\n|-singleturn|p2a: Glimmora|move: Protect\n|move|p2b: Armarouge|Expanding Force|p1b: Ting-Lu|[spread] p1a\n|-immune|p1b: Ting-Lu\n|-damage|p1a: Gyarados|19\/100 psn\n|-enditem|p1a: Gyarados|Sitrus Berry|[eat]\n|-heal|p1a: Gyarados|44\/100 psn|[from] item: Sitrus Berry\n|move|p1b: Ting-Lu|Fissure|p2a: Glimmora\n|-activate|p2a: Glimmora|move: Protect\n|\n|-damage|p1a: Gyarados|32\/100 psn|[from] psn\n|-damage|p1b: Ting-Lu|76\/100 psn|[from] psn\n|upkeep\n|turn|5\n|\n|t:|1683830820\n|move|p1a: Gyarados|Thunder Wave|p2b: Armarouge\n|-status|p2b: Armarouge|par\n|move|p1b: Ting-Lu|Fissure|p2a: Glimmora|[miss]\n|-miss|p1b: Ting-Lu|p2a: Glimmora\n|move|p2a: Glimmora|Energy Ball|p1a: Gyarados\n|-damage|p1a: Gyarados|8\/100 psn\n|move|p2b: Armarouge|Trick Room|p2b: Armarouge\n|-fieldstart|move: Trick Room|[of] p2b: Armarouge\n|\n|-damage|p1b: Ting-Lu|64\/100 psn|[from] psn\n|-damage|p1a: Gyarados|0 fnt|[from] psn\n|faint|p1a: Gyarados\n|-fieldend|move: Psychic Terrain\n|upkeep\n|\n|t:|1683830836\n|switch|p1a: Flutter Mane|Flutter Mane, L50, shiny|100\/100\n|turn|6\n|\n|t:|1683830851\n|switch|p2a: Toxapex|Toxapex, L50, M|100\/100\n|move|p2b: Armarouge|Protect|p2b: Armarouge\n|-singleturn|p2b: Armarouge|Protect\n|move|p1b: Ting-Lu|Stomping Tantrum|p2b: Armarouge\n|-activate|p2b: Armarouge|move: Protect\n|move|p1a: Flutter Mane|Moonblast|p2a: Toxapex\n|-resisted|p2a: Toxapex\n|-damage|p2a: Toxapex|79\/100\n|-unboost|p2a: Toxapex|spa|1\n|\n|-heal|p2a: Toxapex|85\/100|[from] item: Black Sludge\n|-damage|p1b: Ting-Lu|52\/100 psn|[from] psn\n|upkeep\n|turn|7\n|\n|t:|1683830879\n|move|p2a: Toxapex|Venoshock|p1b: Ting-Lu\n|-resisted|p1b: Ting-Lu\n|-crit|p1b: Ting-Lu\n|-damage|p1b: Ting-Lu|43\/100 psn\n|cant|p2b: Armarouge|par\n|move|p1b: Ting-Lu|Stomping Tantrum|p2b: Armarouge\n|-supereffective|p2b: Armarouge\n|-damage|p2b: Armarouge|34\/100 par\n|move|p1a: Flutter Mane|Moonblast|p2b: Armarouge\n|-resisted|p2b: Armarouge\n|-damage|p2b: Armarouge|3\/100 par\n|-unboost|p2b: Armarouge|spa|1\n|\n|-heal|p2a: Toxapex|91\/100|[from] item: Black Sludge\n|-damage|p1b: Ting-Lu|31\/100 psn|[from] psn\n|upkeep\n|turn|8\n|\n|t:|1683830909\n|move|p2a: Toxapex|Venoshock|p1b: Ting-Lu\n|-resisted|p1b: Ting-Lu\n|-crit|p1b: Ting-Lu\n|-damage|p1b: Ting-Lu|23\/100 psn\n|move|p2b: Armarouge|Armor Cannon|p1a: Flutter Mane\n|-damage|p1a: Flutter Mane|47\/100\n|-unboost|p2b: Armarouge|def|1\n|-unboost|p2b: Armarouge|spd|1\n|move|p1b: Ting-Lu|Fissure|p2a: Toxapex|[miss]\n|-miss|p1b: Ting-Lu|p2a: Toxapex\n|move|p1a: Flutter Mane|Moonblast|p2b: Armarouge\n|-resisted|p2b: Armarouge\n|-damage|p2b: Armarouge|0 fnt\n|faint|p2b: Armarouge\n|\n|-heal|p2a: Toxapex|97\/100|[from] item: Black Sludge\n|-damage|p1b: Ting-Lu|11\/100 psn|[from] psn\n|upkeep\n|\n|t:|1683830928\n|switch|p2b: Glimmora|Glimmora, L50, F|100\/100 par\n|turn|9\n|\n|t:|1683830942\n|-end|p1a: Flutter Mane|Protosynthesis|[silent]\n|switch|p1a: Arcanine|Arcanine, L50, M, shiny|22\/100\n|-ability|p1a: Arcanine|Intimidate|boost\n|-unboost|p2a: Toxapex|atk|1\n|-unboost|p2b: Glimmora|atk|1\n|move|p2a: Toxapex|Baneful Bunker|p2a: Toxapex\n|-singleturn|p2a: Toxapex|move: Protect\n|cant|p2b: Glimmora|par\n|move|p1b: Ting-Lu|Stomping Tantrum|p2b: Glimmora\n|-supereffective|p2b: Glimmora\n|-enditem|p2b: Glimmora|Focus Sash\n|-damage|p2b: Glimmora|1\/100 par\n|-activate|p2b: Glimmora|ability: Toxic Debris\n|-sidestart|p1: Doomnik|move: Toxic Spikes\n|\n|-heal|p2a: Toxapex|100\/100|[from] item: Black Sludge\n|-damage|p1b: Ting-Lu|0 fnt|[from] psn\n|faint|p1b: Ting-Lu\n|-fieldend|move: Trick Room\n|upkeep\n|\n|t:|1683830958\n|switch|p1b: Flutter Mane|Flutter Mane, L50, shiny|47\/100\n|-status|p1b: Flutter Mane|psn\n|turn|10\n|\n|t:|1683830980\n|cant|p2b: Glimmora|par\n|move|p1a: Arcanine|Extreme Speed|p2b: Glimmora\n|-resisted|p2b: Glimmora\n|-damage|p2b: Glimmora|0 fnt\n|-activate|p2b: Glimmora|ability: Toxic Debris\n|-sidestart|p1: Doomnik|move: Toxic Spikes\n|faint|p2b: Glimmora\n|move|p1b: Flutter Mane|Shadow Ball|p2a: Toxapex\n|-damage|p2a: Toxapex|57\/100\n|move|p2a: Toxapex|Venoshock|p1b: Flutter Mane\n|-crit|p1b: Flutter Mane\n|-damage|p1b: Flutter Mane|0 fnt\n|faint|p1b: Flutter Mane\n|-end|p1b: Flutter Mane|Protosynthesis|[silent]\n|\n|-heal|p2a: Toxapex|62\/100|[from] item: Black Sludge\n|upkeep\n|\n|t:|1683830997\n|switch|p2b: Indeedee|Indeedee-F, L50, F|100\/100\n|-fieldstart|move: Psychic Terrain|[from] ability: Psychic Surge|[of] p2b: Indeedee\n|turn|11\n|\n|t:|1683831013\n|-terastallize|p1a: Arcanine|Water\n|move|p2b: Indeedee|Helping Hand|p2a: Toxapex\n|-singleturn|p2a: Toxapex|Helping Hand|[of] p2b: Indeedee\n|move|p1a: Arcanine|Flare Blitz|p2b: Indeedee\n|-damage|p2b: Indeedee|49\/100\n|-damage|p1a: Arcanine|6\/100|[from] Recoil\n|move|p2a: Toxapex|Hydro Pump|p1a: Arcanine\n|-resisted|p1a: Arcanine\n|-damage|p1a: Arcanine|0 fnt\n|faint|p1a: Arcanine\n|\n|win|Kastellan\n|raw|Doomnik's rating: 1146 → 1118<\/strong> (-28 for losing)\n|raw|Kastellan's rating: 1099 → 1128<\/strong> (+29 for winning)\n|c|\u2606Doomnik|gg\n|l|\u2606Doomnik\n","uploadtime":1683831033,"views":8,"p1id":"doomnik","p2id":"kastellan","formatid":"gen9vgc2023regulationc","rating":1118,"private":0,"password":""}