{"id":"gen9vgc2023regulationc-1850638566","p1":"Trinity BLiGHTS","p2":"doedel1104","format":"[Gen 9] VGC 2023 Regulation C","log":"|j|\u2606Trinity BLiGHTS\n|j|\u2606doedel1104\n|t:|1682355131\n|gametype|doubles\n|player|p1|Trinity BLiGHTS|ingo|1033\n|player|p2|doedel1104|1|1029\n|teamsize|p1|6\n|teamsize|p2|6\n|gen|9\n|tier|[Gen 9] VGC 2023 Regulation C\n|rated|\n|rule|Species Clause: Limit one of each Pok\u00e9mon\n|rule|Item Clause: Limit one of each item\n|clearpoke\n|poke|p1|Ceruledge, L50, M|\n|poke|p1|Tinkaton, L50, F|\n|poke|p1|Kilowattrel, L50, M|\n|poke|p1|Avalugg, L50, M|\n|poke|p1|Cyclizar, L50, M|\n|poke|p1|Bellibolt, L50, M|\n|poke|p2|Indeedee-F, L50, F|\n|poke|p2|Armarouge, L50, M|\n|poke|p2|Torkoal, L50, M|\n|poke|p2|Hatterene, L50, F|\n|poke|p2|Kingambit, L50, M|\n|poke|p2|Annihilape, L50, M|\n|teampreview|4\n|inactive|Battle timer is ON: inactive players will automatically lose when time's up. (requested by doedel1104)\n|\n|t:|1682355156\n|start\n|switch|p1a: Cyclizar|Cyclizar, L50, M|100\/100\n|switch|p1b: Bellibolt|Bellibolt, L50, M|100\/100\n|switch|p2a: Armarouge|Armarouge, L50, M|100\/100\n|switch|p2b: Indeedee|Indeedee-F, L50, F|100\/100\n|-fieldstart|move: Psychic Terrain|[from] ability: Psychic Surge|[of] p2b: Indeedee\n|-enditem|p2b: Indeedee|Psychic Seed\n|-boost|p2b: Indeedee|spd|1|[from] item: Psychic Seed\n|turn|1\n|inactive|Trinity BLiGHTS has 30 seconds left.\n|\n|t:|1682355189\n|move|p1a: Cyclizar|Shed Tail|p1a: Cyclizar\n|-start|p1a: Cyclizar|Substitute|[from] move: Shed Tail\n|-damage|p1a: Cyclizar|50\/100\n|\n|t:|1682355194\n|switch|p1a: Tinkaton|Tinkaton, L50, F|100\/100|[from] Shed Tail\n|-ability|p1a: Tinkaton|Mold Breaker\n|move|p2a: Armarouge|Expanding Force|p1a: Tinkaton|[spread] p1a,p1b\n|-resisted|p1a: Tinkaton\n|-end|p1a: Tinkaton|Substitute\n|-damage|p1b: Bellibolt|63\/100\n|-start|p1b: Bellibolt|Charge|Expanding Force|[from] ability: Electromorphosis\n|move|p1b: Bellibolt|Chilling Water|p2a: Armarouge\n|-supereffective|p2a: Armarouge\n|-damage|p2a: Armarouge|68\/100\n|-unboost|p2a: Armarouge|atk|1\n|move|p2b: Indeedee|Trick Room|p2b: Indeedee\n|-fieldstart|move: Trick Room|[of] p2b: Indeedee\n|\n|upkeep\n|turn|2\n|inactive|Trinity BLiGHTS has 30 seconds left.\n|inactive|doedel1104 has 30 seconds left.\n|inactive|Trinity BLiGHTS has 20 seconds left.\n|inactive|Trinity BLiGHTS has 15 seconds left.\n|inactive|Trinity BLiGHTS has 10 seconds left.\n|\n|t:|1682355244\n|switch|p2b: Torkoal|Torkoal, L50, M|100\/100\n|-weather|SunnyDay|[from] ability: Drought|[of] p2b: Torkoal\n|-terastallize|p2a: Armarouge|Dark\n|move|p1b: Bellibolt|Thunderbolt|p2a: Armarouge\n|-damage|p2a: Armarouge|0 fnt\n|faint|p2a: Armarouge\n|-end|p1b: Bellibolt|Charge|[silent]\n|move|p1a: Tinkaton|Gigaton Hammer|p2b: Torkoal\n|-resisted|p2b: Torkoal\n|-damage|p2b: Torkoal|81\/100\n|\n|-weather|SunnyDay|[upkeep]\n|upkeep\n|inactive|doedel1104 has 30 seconds left.\n|\n|t:|1682355272\n|switch|p2a: Annihilape|Annihilape, L50, M|100\/100\n|turn|3\n|inactive|Trinity BLiGHTS has 30 seconds left.\n|inactive|Trinity BLiGHTS has 20 seconds left.\n|inactive|Trinity BLiGHTS has 15 seconds left.\n|inactive|Trinity BLiGHTS has 10 seconds left.\n|inactive|Trinity BLiGHTS has 5 seconds left.\n|\n|t:|1682355323\n|switch|p1a: Ceruledge|Ceruledge, L50, M|100\/100\n|move|p2b: Torkoal|Eruption|p1a: Ceruledge|[spread] p1b\n|-start|p1a: Ceruledge|ability: Flash Fire\n|-damage|p1b: Bellibolt|29\/100\n|-start|p1b: Bellibolt|Charge|Eruption|[from] ability: Electromorphosis\n|move|p1b: Bellibolt|Thunderbolt|p2a: Annihilape\n|-damage|p2a: Annihilape|31\/100\n|-end|p1b: Bellibolt|Charge|[silent]\n|move|p2a: Annihilape|Final Gambit|p1a: Ceruledge\n|-immune|p1a: Ceruledge\n|\n|-weather|SunnyDay|[upkeep]\n|upkeep\n|turn|4\n|inactive|Trinity BLiGHTS has 30 seconds left.\n|\n|t:|1682355352\n|switch|p2a: Indeedee|Indeedee-F, L50, F|100\/100\n|move|p2b: Torkoal|Flamethrower|p1b: Bellibolt\n|-damage|p1b: Bellibolt|0 fnt\n|faint|p1b: Bellibolt\n|move|p1a: Ceruledge|Psycho Cut|p2b: Torkoal\n|-damage|p2b: Torkoal|54\/100\n|\n|-weather|SunnyDay|[upkeep]\n|upkeep\n|\n|t:|1682355363\n|switch|p1b: Cyclizar|Cyclizar, L50, M|84\/100\n|turn|5\n|inactive|doedel1104 has 30 seconds left.\n|inactive|doedel1104 has 20 seconds left.\n|inactive|doedel1104 has 15 seconds left.\n|inactive|doedel1104 has 10 seconds left.\n|inactive|doedel1104 has 5 seconds left.\n|\n|t:|1682355418\n|move|p2b: Torkoal|Eruption|p1b: Cyclizar|[spread] p1b\n|-immune|p1a: Ceruledge|[from] ability: Flash Fire\n|-resisted|p1b: Cyclizar\n|-damage|p1b: Cyclizar|50\/100\n|move|p2a: Indeedee|Dazzling Gleam|p1a: Ceruledge|[spread] p1a,p1b\n|-resisted|p1a: Ceruledge\n|-supereffective|p1b: Cyclizar\n|-damage|p1a: Ceruledge|93\/100\n|-damage|p1b: Cyclizar|11\/100\n|move|p1b: Cyclizar|Taunt|p2a: Indeedee\n|-start|p2a: Indeedee|move: Taunt\n|move|p1a: Ceruledge|Psycho Cut|p2b: Torkoal\n|-crit|p2b: Torkoal\n|-damage|p2b: Torkoal|16\/100\n|\n|-weather|SunnyDay|[upkeep]\n|-fieldend|move: Trick Room\n|-fieldend|move: Psychic Terrain\n|upkeep\n|turn|6\n|inactive|doedel1104 has 30 seconds left.\n|inactive|doedel1104 has 20 seconds left.\n|\n|t:|1682355457\n|move|p1a: Ceruledge|Psycho Cut|p2b: Torkoal\n|-damage|p2b: Torkoal|0 fnt\n|faint|p2b: Torkoal\n|move|p1b: Cyclizar|Knock Off|p2a: Indeedee\n|-supereffective|p2a: Indeedee\n|-damage|p2a: Indeedee|73\/100\n|move|p2a: Indeedee|Dazzling Gleam|p1b: Cyclizar|[spread] p1a,p1b\n|-resisted|p1a: Ceruledge\n|-supereffective|p1b: Cyclizar\n|-crit|p1b: Cyclizar\n|-damage|p1a: Ceruledge|86\/100\n|-damage|p1b: Cyclizar|0 fnt\n|faint|p1b: Cyclizar\n|\n|-weather|none\n|upkeep\n|\n|t:|1682355471\n|switch|p1b: Tinkaton|Tinkaton, L50, F|100\/100\n|switch|p2b: Annihilape|Annihilape, L50, M|31\/100\n|-ability|p1b: Tinkaton|Mold Breaker\n|turn|7\n|\n|t:|1682355490\n|-terastallize|p1b: Tinkaton|Steel\n|move|p2b: Annihilape|Shadow Claw|p1a: Ceruledge\n|-supereffective|p1a: Ceruledge\n|-damage|p1a: Ceruledge|14\/100\n|move|p1a: Ceruledge|Psycho Cut|p2b: Annihilape\n|-supereffective|p2b: Annihilape\n|-damage|p2b: Annihilape|0 fnt\n|faint|p2b: Annihilape\n|move|p1b: Tinkaton|Gigaton Hammer|p2a: Indeedee\n|-damage|p2a: Indeedee|16\/100\n|move|p2a: Indeedee|Dazzling Gleam|p1b: Tinkaton|[spread] p1a,p1b\n|-resisted|p1a: Ceruledge\n|-resisted|p1b: Tinkaton\n|-damage|p1a: Ceruledge|7\/100\n|-damage|p1b: Tinkaton|95\/100\n|\n|-heal|p1b: Tinkaton|100\/100|[from] item: Leftovers\n|upkeep\n|turn|8\n|-message|doedel1104 forfeited.\n|\n|win|Trinity BLiGHTS\n|raw|Trinity BLiGHTS's rating: 1033 → 1068<\/strong> (+35 for winning)\n|raw|doedel1104's rating: 1029 → 1015<\/strong> (-14 for losing)\n|l|\u2606doedel1104\n|c|\u2606Trinity BLiGHTS|gg\n","uploadtime":1682355523,"views":18,"p1id":"trinityblights","p2id":"doedel1104","formatid":"gen9vgc2023regulationc","rating":1015,"private":0,"password":""}