{"id":"gen9vgc2023regulationc-1852663821","p1":"Fastjon4444","p2":"Ladderen op werk","format":"[Gen 9] VGC 2023 Regulation C","log":"|j|\u2606Fastjon4444\n|j|\u2606Ladderen op werk\n|t:|1682593234\n|gametype|doubles\n|player|p1|Fastjon4444|hilbert|1439\n|player|p2|Ladderen op werk|102|1530\n|teamsize|p1|6\n|teamsize|p2|6\n|gen|9\n|tier|[Gen 9] VGC 2023 Regulation C\n|rated|\n|rule|Species Clause: Limit one of each Pok\u00e9mon\n|rule|Item Clause: Limit one of each item\n|clearpoke\n|poke|p1|Chien-Pao, L50|\n|poke|p1|Dragapult, L50, F|\n|poke|p1|Arcanine, L50, F|\n|poke|p1|Flutter Mane, L50|\n|poke|p1|Palafin, L50, M|\n|poke|p1|Amoonguss, L50, M|\n|poke|p2|Flutter Mane, L50|\n|poke|p2|Arcanine, L50, M|\n|poke|p2|Palafin, L50, M|\n|poke|p2|Amoonguss, L50, F|\n|poke|p2|Ting-Lu, L50|\n|poke|p2|Iron Hands, L50|\n|teampreview|4\nFastjon4444 has agreed to open team sheets.\n|inactive|Battle timer is ON: inactive players will automatically lose when time's up. (requested by Ladderen op werk)\n|\n|t:|1682593265\n|start\n|switch|p1a: Dragapult|Dragapult, L50, F|100\/100\n|switch|p1b: Palafin|Palafin, L50, M|100\/100\n|switch|p2a: Flutter Mane|Flutter Mane, L50|100\/100\n|switch|p2b: Arcanine|Arcanine, L50, M|100\/100\n|-ability|p2b: Arcanine|Intimidate|boost\n|-fail|p1a: Dragapult|unboost|[from] ability: Clear Body|[of] p1a: Dragapult\n|-unboost|p1b: Palafin|atk|1\n|turn|1\n|j| Braindeadmeta\n|inactive|Fastjon4444 has 30 seconds left.\n|\n|t:|1682593294\n|-end|p2a: Flutter Mane|Protosynthesis|[silent]\n|switch|p2a: Amoonguss|Amoonguss, L50, F|100\/100\n|detailschange|p1b: Palafin|Palafin-Hero, L50, M\n|switch|p1b: Amoonguss|Amoonguss, L50, M|100\/100\n|move|p1a: Dragapult|Protect|p1a: Dragapult\n|-singleturn|p1a: Dragapult|Protect\n|move|p2b: Arcanine|Will-O-Wisp|p1a: Dragapult\n|-activate|p1a: Dragapult|move: Protect\n|\n|upkeep\n|turn|2\n|inactive|Fastjon4444 has 30 seconds left.\n|inactive|Fastjon4444 has 20 seconds left.\n|inactive|Fastjon4444 has 15 seconds left.\n|\n|t:|1682593337\n|move|p1a: Dragapult|Phantom Force||[still]\n|-prepare|p1a: Dragapult|Phantom Force\n|move|p2b: Arcanine|Will-O-Wisp|p1b: Amoonguss|[miss]\n|-miss|p2b: Arcanine|p1b: Amoonguss\n|move|p2a: Amoonguss|Spore|p1a: Dragapult|[miss]\n|-miss|p2a: Amoonguss|p1a: Dragapult\n|move|p1b: Amoonguss|Spore|p2b: Arcanine\n|-activate|p2b: Arcanine|item: Safety Goggles|Spore\n|\n|upkeep\n|turn|3\n|\n|t:|1682593352\n|switch|p1b: Chien-Pao|Chien-Pao, L50|100\/100\n|-ability|p1b: Chien-Pao|Sword of Ruin\n|move|p1a: Dragapult|Phantom Force|p2b: Arcanine|[from]lockedmove\n|-damage|p2b: Arcanine|46\/100\n|move|p2b: Arcanine|Howl|p2b: Arcanine|[spread] p2a,p2b\n|-boost|p2a: Amoonguss|atk|1\n|-boost|p2b: Arcanine|atk|1\n|move|p2a: Amoonguss|Spore|p1a: Dragapult\n|-status|p1a: Dragapult|slp|[from] move: Spore\n|-enditem|p1a: Dragapult|Lum Berry|[eat]\n|-curestatus|p1a: Dragapult|slp|[msg]\n|\n|upkeep\n|turn|4\n|\n|t:|1682593370\n|-terastallize|p2a: Amoonguss|Water\n|move|p2a: Amoonguss|Rage Powder|p2a: Amoonguss\n|-singleturn|p2a: Amoonguss|move: Rage Powder\n|move|p1a: Dragapult|Dragon Darts|p2a: Amoonguss\n|-damage|p2a: Amoonguss|73\/100\n|-anim|p1a: Dragapult|Dragon Darts|p2a: Amoonguss\n|-damage|p2a: Amoonguss|45\/100\n|move|p1b: Chien-Pao|Ice Spinner|p2a: Amoonguss\n|-resisted|p2a: Amoonguss\n|-damage|p2a: Amoonguss|25\/100\n|-damage|p1b: Chien-Pao|84\/100|[from] item: Rocky Helmet|[of] p2a: Amoonguss\n|move|p2b: Arcanine|Flare Blitz|p1b: Chien-Pao\n|-supereffective|p1b: Chien-Pao\n|-damage|p1b: Chien-Pao|0 fnt\n|faint|p1b: Chien-Pao\n|-damage|p2b: Arcanine|24\/100|[from] Recoil\n|\n|upkeep\n|\n|t:|1682593394\n|switch|p1b: Palafin|Palafin-Hero, L50, M|100\/100\n|-activate|p1b: Palafin|ability: Zero to Hero\n|turn|5\n|\n|t:|1682593415\n|switch|p2a: Palafin|Palafin, L50, M|100\/100\n|move|p2b: Arcanine|Extreme Speed|p1b: Palafin\n|-damage|p1b: Palafin|69\/100\n|move|p1a: Dragapult|Dragon Darts|p2b: Arcanine\n|-damage|p2b: Arcanine|0 fnt\n|-anim|p1a: Dragapult|Dragon Darts|p2a: Palafin\n|-damage|p2a: Palafin|71\/100\n|faint|p2b: Arcanine\n|move|p1b: Palafin|Wave Crash|p2a: Palafin\n|-resisted|p2a: Palafin\n|-damage|p2a: Palafin|29\/100\n|-damage|p1b: Palafin|55\/100|[from] Recoil\n|\n|upkeep\n|\n|t:|1682593427\n|switch|p2b: Flutter Mane|Flutter Mane, L50|100\/100\n|turn|6\n|\n|t:|1682593444\n|detailschange|p2a: Palafin|Palafin-Hero, L50, M\n|switch|p2a: Amoonguss|Amoonguss, L50, F, tera:Water|25\/100\n|-terastallize|p1a: Dragapult|Steel\n|move|p1a: Dragapult|Tera Blast|p2b: Flutter Mane\n|-supereffective|p2b: Flutter Mane\n|-damage|p2b: Flutter Mane|0 fnt\n|faint|p2b: Flutter Mane\n|-end|p2b: Flutter Mane|Protosynthesis|[silent]\n|move|p1b: Palafin|Wave Crash|p2a: Amoonguss\n|-resisted|p2a: Amoonguss\n|-damage|p2a: Amoonguss|0 fnt\n|-damage|p1b: Palafin|38\/100|[from] item: Rocky Helmet|[of] p2a: Amoonguss\n|faint|p2a: Amoonguss\n|-damage|p1b: Palafin|29\/100|[from] Recoil\n|\n|upkeep\n|-message|Ladderen op werk forfeited.\n|\n|win|Fastjon4444\n|raw|Fastjon4444's rating: 1439 → 1464<\/strong> (+25 for winning)\n|raw|Ladderen op werk's rating: 1530 → 1505<\/strong> (-25 for losing)\n|l|\u2606Ladderen op werk\n|l| Braindeadmeta\n","uploadtime":1682593469,"views":16,"p1id":"fastjon4444","p2id":"ladderenopwerk","formatid":"gen9vgc2023regulationc","rating":1464,"private":0,"password":""}