{"id":"gen9vgc2023regulationc-1848424799","p1":"Dr.Dedded","p2":"Bamssee","format":"[Gen 9] VGC 2023 Regulation C","log":"|j|\u2606Dr.Dedded\n|j|\u2606Bamssee\n|t:|1682076347\n|gametype|doubles\n|player|p1|Dr.Dedded|drayden|1198\n|player|p2|Bamssee|benga|1249\n|teamsize|p1|6\n|teamsize|p2|6\n|gen|9\n|tier|[Gen 9] VGC 2023 Regulation C\n|rated|\n|rule|Species Clause: Limit one of each Pok\u00e9mon\n|rule|Item Clause: Limit one of each item\n|clearpoke\n|poke|p1|Tyranitar, L50, F|\n|poke|p1|Cacturne, L50, M|\n|poke|p1|Hippowdon, L50, F|\n|poke|p1|Sandaconda, L50, F|\n|poke|p1|Houndstone, L50, M|\n|poke|p1|Iron Thorns, L50|\n|poke|p2|Corviknight, L50, F|\n|poke|p2|Garchomp, L50, F|\n|poke|p2|Klefki, L50, M|\n|poke|p2|Roaring Moon, L50|\n|poke|p2|Flutter Mane, L50|\n|poke|p2|Rotom-Wash, L50|\n|teampreview|4\n|c|\u2606Bamssee|kind of giga chad team\n|c|\u2606Dr.Dedded|its just for fun\n|\n|t:|1682076389\n|start\n|switch|p1a: Tyranitar|Tyranitar, L50, F|100\/100\n|switch|p1b: Cacturne|Cacturne, L50, M, shiny|100\/100\n|switch|p2a: Casey|Corviknight, L50, F, shiny|100\/100\n|switch|p2b: Garchomp|Garchomp, L50, F|100\/100\n|-weather|Sandstorm|[from] ability: Sand Stream|[of] p1a: Tyranitar\n|turn|1\n|c|\u2606Dr.Dedded|made alot people quit tho :)\n|c|\u2606Dr.Dedded|but you might have the raw power to make it not work\n|c|\u2606Bamssee|thats gas\n|\n|t:|1682076450\n|move|p2b: Garchomp|Earthquake|p1b: Cacturne|[spread] p1a\n|-immune|p2a: Casey\n|-miss|p2b: Garchomp|p1b: Cacturne\n|-supereffective|p1a: Tyranitar\n|-damage|p1a: Tyranitar|42\/100\n|move|p1a: Tyranitar|Rock Slide|p2b: Garchomp|[spread] p2a\n|-miss|p1a: Tyranitar|p2b: Garchomp\n|-damage|p2a: Casey|74\/100\n|move|p1b: Cacturne|Leech Seed|p2b: Garchomp\n|-start|p2b: Garchomp|move: Leech Seed\n|move|p2a: Casey|Bulk Up|p2a: Casey\n|-boost|p2a: Casey|atk|1\n|-boost|p2a: Casey|def|1\n|\n|-weather|Sandstorm|[upkeep]\n|-damage|p2b: Garchomp|88\/100|[from] Leech Seed|[of] p1b: Cacturne\n|upkeep\n|turn|2\n|\n|t:|1682076476\n|-terastallize|p1a: Tyranitar|Flying\n|move|p2b: Garchomp|Earthquake|p1b: Cacturne|[spread] p1b\n|-immune|p2a: Casey\n|-immune|p1a: Tyranitar\n|-resisted|p1b: Cacturne\n|-damage|p1b: Cacturne|75\/100\n|move|p1b: Cacturne|Leech Seed||[still]\n|-fail|p1b: Cacturne\n|move|p1a: Tyranitar|Rock Slide|p2b: Garchomp|[spread] p2a\n|-miss|p1a: Tyranitar|p2b: Garchomp\n|-damage|p2a: Casey|56\/100\n|move|p2a: Casey|Body Press|p1b: Cacturne\n|-supereffective|p1b: Cacturne\n|-damage|p1b: Cacturne|4\/100\n|\n|-weather|Sandstorm|[upkeep]\n|-damage|p1a: Tyranitar|36\/100|[from] Sandstorm\n|-damage|p2b: Garchomp|76\/100|[from] Leech Seed|[of] p1b: Cacturne\n|-heal|p1b: Cacturne|17\/100|[silent]\n|upkeep\n|turn|3\n|\n|t:|1682076511\n|switch|p2b: Rotom|Rotom-Wash, L50|100\/100\n|move|p1b: Cacturne|Spiky Shield|p1b: Cacturne\n|-singleturn|p1b: Cacturne|move: Protect\n|move|p1a: Tyranitar|Rock Slide|p2a: Casey|[spread] p2a,p2b\n|-damage|p2a: Casey|40\/100\n|-damage|p2b: Rotom|59\/100\n|-enditem|p2a: Casey|Sitrus Berry|[eat]\n|-heal|p2a: Casey|65\/100|[from] item: Sitrus Berry\n|move|p2a: Casey|Body Press|p1b: Cacturne\n|-activate|p1b: Cacturne|move: Protect\n|-damage|p2a: Casey|53\/100|[from] Spiky Shield|[of] p1b: Cacturne\n|\n|-weather|Sandstorm|[upkeep]\n|-damage|p2b: Rotom|53\/100|[from] Sandstorm\n|-damage|p1a: Tyranitar|30\/100|[from] Sandstorm\n|upkeep\n|turn|4\n|\n|t:|1682076533\n|move|p1b: Cacturne|Sucker Punch|p2b: Rotom\n|-damage|p2b: Rotom|14\/100\n|move|p2b: Rotom|Thunderbolt|p1a: Tyranitar\n|-supereffective|p1a: Tyranitar\n|-damage|p1a: Tyranitar|0 fnt\n|faint|p1a: Tyranitar\n|-damage|p2b: Rotom|4\/100|[from] item: Life Orb\n|move|p2a: Casey|Body Press|p1b: Cacturne|[miss]\n|-miss|p2a: Casey|p1b: Cacturne\n|\n|-weather|Sandstorm|[upkeep]\n|-damage|p2b: Rotom|0 fnt|[from] Sandstorm\n|faint|p2b: Rotom\n|upkeep\n|c|\u2606Bamssee|the cacturn is pretty scary\n|\n|t:|1682076555\n|switch|p2b: Garchomp|Garchomp, L50, F|76\/100\n|switch|p1a: Houndstone|Houndstone, L50, M|100\/100\n|turn|5\n|c|\u2606Dr.Dedded|thanks ... its also got toxic spikes\n|c|\u2606Dr.Dedded|but your eq didnt let me setup\n|\n|t:|1682076578\n|move|p1b: Cacturne|Spiky Shield|p1b: Cacturne\n|-singleturn|p1b: Cacturne|move: Protect\n|move|p2b: Garchomp|Earthquake|p1a: Houndstone|[spread] p1a\n|-activate|p1b: Cacturne|move: Protect\n|-immune|p2a: Casey\n|-damage|p1a: Houndstone|57\/100\n|move|p1a: Houndstone|Last Respects|p2b: Garchomp\n|-crit|p2b: Garchomp\n|-damage|p2b: Garchomp|0 fnt\n|faint|p2b: Garchomp\n|move|p2a: Casey|Roost|p2a: Casey\n|-heal|p2a: Casey|100\/100\n|-singleturn|p2a: Casey|move: Roost\n|\n|-weather|none\n|upkeep\n|\n|t:|1682076592\n|switch|p2b: Roaring Moon|Roaring Moon, L50|100\/100\n|-enditem|p2b: Roaring Moon|Booster Energy\n|-activate|p2b: Roaring Moon|ability: Protosynthesis|[fromitem]\n|-start|p2b: Roaring Moon|protosynthesisspe\n|turn|6\n|\n|t:|1682076610\n|switch|p1a: Hippowdon|Hippowdon, L50, F, shiny|100\/100\n|-weather|Sandstorm|[from] ability: Sand Stream|[of] p1a: Hippowdon\n|move|p1b: Cacturne|Sucker Punch|p2a: Casey\n|-damage|p2a: Casey|84\/100\n|move|p2b: Roaring Moon|Throat Chop|p1a: Hippowdon\n|-damage|p1a: Hippowdon|74\/100\n|-start|p1a: Hippowdon|Throat Chop|[silent]\n|move|p2a: Casey|Body Press|p1b: Cacturne\n|-supereffective|p1b: Cacturne\n|-damage|p1b: Cacturne|0 fnt\n|faint|p1b: Cacturne\n|\n|-weather|Sandstorm|[upkeep]\n|-damage|p2b: Roaring Moon|95\/100|[from] Sandstorm\n|-heal|p1a: Hippowdon|80\/100|[from] item: Leftovers\n|upkeep\n|\n|t:|1682076625\n|switch|p1b: Houndstone|Houndstone, L50, M|57\/100\n|turn|7\n|\n|t:|1682076652\n|move|p2b: Roaring Moon|Throat Chop|p1b: Houndstone\n|-supereffective|p1b: Houndstone\n|-damage|p1b: Houndstone|0 fnt\n|faint|p1b: Houndstone\n|move|p2a: Casey|Bulk Up|p2a: Casey\n|-boost|p2a: Casey|atk|1\n|-boost|p2a: Casey|def|1\n|move|p1a: Hippowdon|Curse|p1a: Hippowdon\n|-unboost|p1a: Hippowdon|spe|1\n|-boost|p1a: Hippowdon|atk|1\n|-boost|p1a: Hippowdon|def|1\n|\n|-weather|Sandstorm|[upkeep]\n|-damage|p2b: Roaring Moon|89\/100|[from] Sandstorm\n|-heal|p1a: Hippowdon|87\/100|[from] item: Leftovers\n|-end|p1a: Hippowdon|Throat Chop|[silent]\n|upkeep\n|turn|8\n|\n|t:|1682076675\n|move|p2b: Roaring Moon|Throat Chop|p1a: Hippowdon\n|-damage|p1a: Hippowdon|68\/100\n|-start|p1a: Hippowdon|Throat Chop|[silent]\n|move|p2a: Casey|Bulk Up|p2a: Casey\n|-boost|p2a: Casey|atk|1\n|-boost|p2a: Casey|def|1\n|move|p1a: Hippowdon|Body Press|p2b: Roaring Moon\n|-supereffective|p2b: Roaring Moon\n|-damage|p2b: Roaring Moon|0 fnt\n|faint|p2b: Roaring Moon\n|-end|p2b: Roaring Moon|Protosynthesis|[silent]\n|\n|-weather|Sandstorm|[upkeep]\n|-heal|p1a: Hippowdon|74\/100|[from] item: Leftovers\n|upkeep\n|turn|9\n|\n|t:|1682076691\n|move|p2a: Casey|Body Press|p1a: Hippowdon\n|-damage|p1a: Hippowdon|55\/100\n|move|p1a: Hippowdon|Curse|p1a: Hippowdon\n|-unboost|p1a: Hippowdon|spe|1\n|-boost|p1a: Hippowdon|atk|1\n|-boost|p1a: Hippowdon|def|1\n|\n|-weather|Sandstorm|[upkeep]\n|-heal|p1a: Hippowdon|61\/100|[from] item: Leftovers\n|-end|p1a: Hippowdon|Throat Chop|[silent]\n|upkeep\n|turn|10\n|\n|t:|1682076706\n|move|p2a: Casey|Body Press|p1a: Hippowdon\n|-damage|p1a: Hippowdon|46\/100\n|move|p1a: Hippowdon|Yawn|p2a: Casey\n|-start|p2a: Casey|move: Yawn|[of] p1a: Hippowdon\n|\n|-weather|none\n|-heal|p1a: Hippowdon|52\/100|[from] item: Leftovers\n|upkeep\n|turn|11\n|\n|t:|1682076716\n|move|p2a: Casey|Bulk Up|p2a: Casey\n|-boost|p2a: Casey|atk|1\n|-boost|p2a: Casey|def|1\n|move|p1a: Hippowdon|Curse|p1a: Hippowdon\n|-unboost|p1a: Hippowdon|spe|1\n|-boost|p1a: Hippowdon|atk|1\n|-boost|p1a: Hippowdon|def|1\n|\n|-heal|p1a: Hippowdon|58\/100|[from] item: Leftovers\n|-end|p2a: Casey|move: Yawn|[silent]\n|-status|p2a: Casey|slp\n|upkeep\n|turn|12\n|\n|t:|1682076727\n|cant|p2a: Casey|slp\n|move|p1a: Hippowdon|Body Press|p2a: Casey\n|-damage|p2a: Casey|65\/100 slp\n|\n|-heal|p1a: Hippowdon|64\/100|[from] item: Leftovers\n|upkeep\n|turn|13\n|\n|t:|1682076735\n|cant|p2a: Casey|slp\n|move|p1a: Hippowdon|Curse|p1a: Hippowdon\n|-unboost|p1a: Hippowdon|spe|1\n|-boost|p1a: Hippowdon|atk|1\n|-boost|p1a: Hippowdon|def|1\n|\n|-heal|p1a: Hippowdon|70\/100|[from] item: Leftovers\n|upkeep\n|turn|14\n|\n|t:|1682076743\n|cant|p2a: Casey|slp\n|move|p1a: Hippowdon|Curse|p1a: Hippowdon\n|-unboost|p1a: Hippowdon|spe|1\n|-boost|p1a: Hippowdon|atk|1\n|-boost|p1a: Hippowdon|def|1\n|\n|-heal|p1a: Hippowdon|76\/100|[from] item: Leftovers\n|upkeep\n|turn|15\n|\n|t:|1682076752\n|-curestatus|p2a: Casey|slp|[msg]\n|move|p2a: Casey|Bulk Up|p2a: Casey\n|-boost|p2a: Casey|atk|1\n|-boost|p2a: Casey|def|1\n|move|p1a: Hippowdon|Curse|p1a: Hippowdon\n|-unboost|p1a: Hippowdon|spe|1\n|-boost|p1a: Hippowdon|atk|1\n|-boost|p1a: Hippowdon|def|1\n|\n|-heal|p1a: Hippowdon|83\/100|[from] item: Leftovers\n|upkeep\n|turn|16\n|c|\u2606Dr.Dedded|hah\n|\n|t:|1682076765\n|move|p2a: Casey|Bulk Up|p2a: Casey\n|-boost|p2a: Casey|atk|1\n|-boost|p2a: Casey|def|1\n|move|p1a: Hippowdon|Curse|p1a: Hippowdon\n|\n|-heal|p1a: Hippowdon|89\/100|[from] item: Leftovers\n|upkeep\n|turn|17\n|\n|t:|1682076777\n|move|p2a: Casey|Brave Bird|p1a: Hippowdon\n|-damage|p1a: Hippowdon|67\/100\n|-damage|p2a: Casey|58\/100|[from] Recoil\n|move|p1a: Hippowdon|Heavy Slam|p2a: Casey\n|-resisted|p2a: Casey\n|-damage|p2a: Casey|45\/100\n|\n|-heal|p1a: Hippowdon|73\/100|[from] item: Leftovers\n|upkeep\n|turn|18\n|\n|t:|1682076791\n|move|p2a: Casey|Body Press|p1a: Hippowdon\n|-damage|p1a: Hippowdon|62\/100\n|move|p1a: Hippowdon|Yawn|p2a: Casey\n|-start|p2a: Casey|move: Yawn|[of] p1a: Hippowdon\n|\n|-heal|p1a: Hippowdon|68\/100|[from] item: Leftovers\n|upkeep\n|turn|19\n|\n|t:|1682076799\n|move|p2a: Casey|Roost|p2a: Casey\n|-heal|p2a: Casey|96\/100\n|-singleturn|p2a: Casey|move: Roost\n|move|p1a: Hippowdon|Heavy Slam|p2a: Casey\n|-resisted|p2a: Casey\n|-damage|p2a: Casey|83\/100\n|\n|-heal|p1a: Hippowdon|74\/100|[from] item: Leftovers\n|-end|p2a: Casey|move: Yawn|[silent]\n|-status|p2a: Casey|slp\n|upkeep\n|turn|20\n|\n|t:|1682076816\n|cant|p2a: Casey|slp\n|move|p1a: Hippowdon|Body Press|p2a: Casey\n|-damage|p2a: Casey|61\/100 slp\n|\n|-heal|p1a: Hippowdon|80\/100|[from] item: Leftovers\n|upkeep\n|turn|21\n|\n|t:|1682076823\n|cant|p2a: Casey|slp\n|move|p1a: Hippowdon|Body Press|p2a: Casey\n|-damage|p2a: Casey|36\/100 slp\n|\n|-heal|p1a: Hippowdon|86\/100|[from] item: Leftovers\n|upkeep\n|turn|22\n|\n|t:|1682076831\n|cant|p2a: Casey|slp\n|move|p1a: Hippowdon|Body Press|p2a: Casey\n|-damage|p2a: Casey|13\/100 slp\n|\n|-heal|p1a: Hippowdon|92\/100|[from] item: Leftovers\n|upkeep\n|turn|23\n|\n|t:|1682076838\n|-curestatus|p2a: Casey|slp|[msg]\n|move|p2a: Casey|Roost|p2a: Casey\n|-heal|p2a: Casey|63\/100\n|-singleturn|p2a: Casey|move: Roost\n|move|p1a: Hippowdon|Body Press|p2a: Casey\n|-supereffective|p2a: Casey\n|-damage|p2a: Casey|16\/100\n|\n|-heal|p1a: Hippowdon|98\/100|[from] item: Leftovers\n|upkeep\n|turn|24\n|\n|t:|1682076851\n|move|p2a: Casey|Roost|p2a: Casey\n|-heal|p2a: Casey|66\/100\n|-singleturn|p2a: Casey|move: Roost\n|move|p1a: Hippowdon|Yawn|p2a: Casey\n|-start|p2a: Casey|move: Yawn|[of] p1a: Hippowdon\n|\n|-heal|p1a: Hippowdon|100\/100|[from] item: Leftovers\n|upkeep\n|turn|25\n|\n|t:|1682076861\n|move|p2a: Casey|Roost|p2a: Casey\n|-heal|p2a: Casey|100\/100\n|-singleturn|p2a: Casey|move: Roost\n|move|p1a: Hippowdon|Body Press|p2a: Casey\n|-supereffective|p2a: Casey\n|-damage|p2a: Casey|50\/100\n|\n|-end|p2a: Casey|move: Yawn|[silent]\n|-status|p2a: Casey|slp\n|upkeep\n|turn|26\n|\n|t:|1682076875\n|cant|p2a: Casey|slp\n|move|p1a: Hippowdon|Body Press|p2a: Casey\n|-damage|p2a: Casey|27\/100 slp\n|\n|upkeep\n|turn|27\n|\n|t:|1682076884\n|-curestatus|p2a: Casey|slp|[msg]\n|move|p2a: Casey|Roost|p2a: Casey\n|-heal|p2a: Casey|78\/100\n|-singleturn|p2a: Casey|move: Roost\n|move|p1a: Hippowdon|Body Press|p2a: Casey\n|-supereffective|p2a: Casey\n|-damage|p2a: Casey|33\/100\n|\n|upkeep\n|turn|28\n|\n|t:|1682076896\n|move|p2a: Casey|Roost|p2a: Casey\n|-heal|p2a: Casey|83\/100\n|-singleturn|p2a: Casey|move: Roost\n|move|p1a: Hippowdon|Yawn|p2a: Casey\n|-start|p2a: Casey|move: Yawn|[of] p1a: Hippowdon\n|\n|upkeep\n|turn|29\n|\n|t:|1682076905\n|move|p2a: Casey|Body Press|p1a: Hippowdon\n|-damage|p1a: Hippowdon|88\/100\n|move|p1a: Hippowdon|Heavy Slam|p2a: Casey\n|-resisted|p2a: Casey\n|-damage|p2a: Casey|71\/100\n|\n|-heal|p1a: Hippowdon|94\/100|[from] item: Leftovers\n|-end|p2a: Casey|move: Yawn|[silent]\n|-status|p2a: Casey|slp\n|upkeep\n|turn|30\n|\n|t:|1682076924\n|cant|p2a: Casey|slp\n|move|p1a: Hippowdon|Body Press|p2a: Casey\n|-damage|p2a: Casey|47\/100 slp\n|\n|-heal|p1a: Hippowdon|100\/100|[from] item: Leftovers\n|upkeep\n|turn|31\n|\n|t:|1682076931\n|cant|p2a: Casey|slp\n|move|p1a: Hippowdon|Body Press|p2a: Casey\n|-damage|p2a: Casey|23\/100 slp\n|\n|upkeep\n|turn|32\n|\n|t:|1682076937\n|cant|p2a: Casey|slp\n|move|p1a: Hippowdon|Body Press|p2a: Casey\n|-crit|p2a: Casey\n|-damage|p2a: Casey|0 fnt\n|faint|p2a: Casey\n|\n|win|Dr.Dedded\n|raw|Dr.Dedded's rating: 1198 → 1227<\/strong> (+29 for winning)\n|raw|Bamssee's rating: 1249 → 1220<\/strong> (-29 for losing)\n|c|\u2606Bamssee|gg\n|c|\u2606Dr.Dedded|gg\n|c|\u2606Dr.Dedded|fun match bud\n|c|\u2606Bamssee|your team is kinda money\n|c|\u2606Dr.Dedded|thanks\n|c|\u2606Dr.Dedded|yours too\n|l|\u2606Bamssee\n","uploadtime":1682076969,"views":11,"p1id":"drdedded","p2id":"bamssee","formatid":"gen9vgc2023regulationc","rating":1220,"private":0,"password":""}