{"id":"gen9vgc2023regulationc-1845136868","p1":"Sbradyb","p2":"Steakman5","format":"[Gen 9] VGC 2023 Regulation C","log":"|j|\u2606Sbradyb\n|j|\u2606Steakman5\n|t:|1681687912\n|gametype|doubles\n|player|p1|Sbradyb|102|1298\n|player|p2|Steakman5|tuber|1218\n|teamsize|p1|6\n|teamsize|p2|6\n|gen|9\n|tier|[Gen 9] VGC 2023 Regulation C\n|rated|\n|rule|Species Clause: Limit one of each Pok\u00e9mon\n|rule|Item Clause: Limit one of each item\n|clearpoke\n|poke|p1|Baxcalibur, L50, F|\n|poke|p1|Gastrodon, L50, F|\n|poke|p1|Flutter Mane, L50|\n|poke|p1|Breloom, L50, M|\n|poke|p1|Corviknight, L50, M|\n|poke|p1|Chi-Yu, L50|\n|poke|p2|Flutter Mane, L50|\n|poke|p2|Dondozo, L50, M|\n|poke|p2|Tatsugiri, L50, M|\n|poke|p2|Brute Bonnet, L50|\n|poke|p2|Chi-Yu, L50|\n|poke|p2|Dachsbun, L50, M|\n|teampreview|4\n|inactive|Battle timer is ON: inactive players will automatically lose when time's up. (requested by Sbradyb)\nSbradyb has agreed to open team sheets.\n|inactive|Sbradyb has 60 seconds left.\n|\n|t:|1681687960\n|start\n|switch|p1a: Flutter Mane|Flutter Mane, L50|100\/100\n|switch|p1b: Corviknight|Corviknight, L50, M|100\/100\n|switch|p2a: Chi-Yu|Chi-Yu, L50|100\/100\n|switch|p2b: Dachsbun|Dachsbun, L50, M|100\/100\n|-ability|p2a: Chi-Yu|Beads of Ruin\n|-enditem|p1a: Flutter Mane|Booster Energy\n|-activate|p1a: Flutter Mane|ability: Protosynthesis|[fromitem]\n|-start|p1a: Flutter Mane|protosynthesisspa\n|turn|1\n|inactive|Steakman5 has 30 seconds left.\n|\n|t:|1681687985\n|-terastallize|p2a: Chi-Yu|Fire\n|-terastallize|p1b: Corviknight|Fire\n|move|p1a: Flutter Mane|Protect|p1a: Flutter Mane\n|-singleturn|p1a: Flutter Mane|Protect\n|move|p2a: Chi-Yu|Lava Plume|p1b: Corviknight|[spread] p1b\n|-activate|p1a: Flutter Mane|move: Protect\n|-ability|p2b: Dachsbun|Well-Baked Body|boost\n|-boost|p2b: Dachsbun|def|2\n|-resisted|p1b: Corviknight\n|-crit|p1b: Corviknight\n|-damage|p1b: Corviknight|49\/100\n|move|p2b: Dachsbun|Body Press|p1b: Corviknight\n|-damage|p1b: Corviknight|11\/100\n|move|p1b: Corviknight|Brave Bird|p2a: Chi-Yu\n|-damage|p2a: Chi-Yu|0 fnt\n|faint|p2a: Chi-Yu\n|-damage|p1b: Corviknight|0 fnt|[from] Recoil\n|faint|p1b: Corviknight\n|\n|upkeep\n|inactive|Sbradyb has 30 seconds left.\n|inactive|Sbradyb has 20 seconds left.\n|\n|t:|1681688022\n|switch|p2a: Dondozo|Dondozo, L50, M|100\/100\n|switch|p1b: Gastrodon|Gastrodon, L50, F|100\/100\n|turn|2\n|inactive|Steakman5 has 30 seconds left.\n|\n|t:|1681688049\n|move|p1b: Gastrodon|Protect|p1b: Gastrodon\n|-singleturn|p1b: Gastrodon|Protect\n|move|p1a: Flutter Mane|Moonblast|p2b: Dachsbun\n|-damage|p2b: Dachsbun|8\/100\n|-unboost|p2b: Dachsbun|spa|1\n|move|p2b: Dachsbun|Body Press|p1b: Gastrodon\n|-activate|p1b: Gastrodon|move: Protect\n|move|p2a: Dondozo|Order Up|p1b: Gastrodon\n|-activate|p1b: Gastrodon|move: Protect\n|\n|upkeep\n|turn|3\n|\n|t:|1681688070\n|move|p1a: Flutter Mane|Moonblast|p2b: Dachsbun\n|-damage|p2b: Dachsbun|0 fnt\n|faint|p2b: Dachsbun\n|move|p1b: Gastrodon|Muddy Water|p2a: Dondozo\n|-resisted|p2a: Dondozo\n|-damage|p2a: Dondozo|83\/100\n|move|p2a: Dondozo|Order Up|p1b: Gastrodon\n|-damage|p1b: Gastrodon|73\/100\n|\n|-heal|p1b: Gastrodon|79\/100|[from] item: Leftovers\n|upkeep\n|\n|t:|1681688073\n|switch|p2b: Flutter Mane|Flutter Mane, L50|100\/100\n|turn|4\n|\n|t:|1681688089\n|move|p1a: Flutter Mane|Protect|p1a: Flutter Mane\n|-singleturn|p1a: Flutter Mane|Protect\n|move|p2b: Flutter Mane|Energy Ball|p1b: Gastrodon\n|-supereffective|p1b: Gastrodon\n|-damage|p1b: Gastrodon|0 fnt\n|faint|p1b: Gastrodon\n|move|p2a: Dondozo|Liquidation|p1a: Flutter Mane\n|-activate|p1a: Flutter Mane|move: Protect\n|\n|upkeep\n|\n|t:|1681688095\n|switch|p1b: Breloom|Breloom, L50, M|100\/100\n|turn|5\n|\n|t:|1681688110\n|move|p1a: Flutter Mane|Shadow Ball|p2b: Flutter Mane\n|-supereffective|p2b: Flutter Mane\n|-damage|p2b: Flutter Mane|0 fnt\n|faint|p2b: Flutter Mane\n|-end|p2b: Flutter Mane|Protosynthesis|[silent]\n|move|p1b: Breloom|Bullet Seed|p2a: Dondozo\n|-supereffective|p2a: Dondozo\n|-damage|p2a: Dondozo|59\/100\n|-supereffective|p2a: Dondozo\n|-damage|p2a: Dondozo|36\/100\n|-hitcount|p2a: Dondozo|2\n|move|p2a: Dondozo|Liquidation|p1a: Flutter Mane\n|-damage|p1a: Flutter Mane|32\/100\n|\n|upkeep\n|turn|6\n|-message|Steakman5 forfeited.\n|\n|win|Sbradyb\n|raw|Sbradyb's rating: 1298 → 1317<\/strong> (+19 for winning)\n|raw|Steakman5's rating: 1218 → 1199<\/strong> (-19 for losing)\n|l|\u2606Steakman5\n","uploadtime":1681688130,"views":14,"p1id":"sbradyb","p2id":"steakman5","formatid":"gen9vgc2023regulationc","rating":1199,"private":0,"password":""}