{"id":"gen9vgc2023regulationc-1856456873","p1":"battlefactoryluna","p2":"Samythril","format":"[Gen 9] VGC 2023 Regulation C","log":"|j|\u2606battlefactoryluna\n|j|\u2606Samythril\n|t:|1683063532\n|gametype|doubles\n|player|p1|battlefactoryluna|caitlin|\n|player|p2|Samythril|will|\n|teamsize|p1|6\n|teamsize|p2|6\n|gen|9\n|tier|[Gen 9] VGC 2023 Regulation C\n|rule|Species Clause: Limit one of each Pok\u00e9mon\n|rule|Item Clause: Limit one of each item\n|clearpoke\n|poke|p1|Kingambit, L50, M|\n|poke|p1|Hatterene, L50, F|\n|poke|p1|Indeedee-F, L50, F|\n|poke|p1|Torkoal, L50, M|\n|poke|p1|Dondozo, L50, M|\n|poke|p1|Tatsugiri, L50, F|\n|poke|p2|Orthworm, L50, F|\n|poke|p2|Ting-Lu, L50|\n|poke|p2|Rotom-Wash, L50|\n|poke|p2|Flutter Mane, L50|\n|poke|p2|Talonflame, L50, M|\n|poke|p2|Garchomp, L50, M|\n|teampreview|4\nSamythril has agreed to open team sheets.\n|c|\u2606Samythril|glhf!\nbattlefactoryluna has agreed to open team sheets.\n|c|\u2606battlefactoryluna|u2\n|\n|t:|1683063575\n|start\n|switch|p1a: Hatterene|Hatterene, L50, F|100\/100\n|switch|p1b: Torkoal|Torkoal, L50, M|100\/100\n|switch|p2a: Rotom|Rotom-Wash, L50|100\/100\n|switch|p2b: Garchomp|Garchomp, L50, M|100\/100\n|-weather|SunnyDay|[from] ability: Drought|[of] p1b: Torkoal\n|turn|1\n|\n|t:|1683063602\n|move|p1b: Torkoal|Protect|p1b: Torkoal\n|-singleturn|p1b: Torkoal|Protect\n|move|p2b: Garchomp|Earthquake|p1b: Torkoal|[spread] p1a\n|-activate|p1b: Torkoal|move: Protect\n|-immune|p2a: Rotom|[from] ability: Levitate\n|-damage|p1a: Hatterene|39\/100\n|-damage|p2b: Garchomp|91\/100|[from] item: Life Orb\n|move|p2a: Rotom|Thunderbolt|p1a: Hatterene\n|-damage|p1a: Hatterene|0 fnt\n|faint|p1a: Hatterene\n|\n|-weather|SunnyDay|[upkeep]\n|upkeep\n|\n|t:|1683063612\n|switch|p1a: Dondozo|Dondozo, L50, M|100\/100\n|turn|2\n|\n|t:|1683063642\n|switch|p1b: Tatsugiri|Tatsugiri, L50, F|100\/100\n|-activate|p1b: Tatsugiri|ability: Commander|[of] p1a: Dondozo\n|-boost|p1a: Dondozo|atk|2\n|-boost|p1a: Dondozo|spa|2\n|-boost|p1a: Dondozo|spe|2\n|-boost|p1a: Dondozo|def|2\n|-boost|p1a: Dondozo|spd|2\n|-terastallize|p1a: Dondozo|Grass\n|move|p2a: Rotom|Protect|p2a: Rotom\n|-singleturn|p2a: Rotom|Protect\n|move|p2b: Garchomp|Earthquake|p1b: Tatsugiri|[spread] p1a\n|-miss|p2b: Garchomp|p1b: Tatsugiri\n|-activate|p2a: Rotom|move: Protect\n|-resisted|p1a: Dondozo\n|-damage|p1a: Dondozo|91\/100\n|-damage|p2b: Garchomp|81\/100|[from] item: Life Orb\n|move|p1a: Dondozo|Tera Blast|p2a: Rotom\n|-activate|p2a: Rotom|move: Protect\n|\n|-weather|SunnyDay|[upkeep]\n|upkeep\n|turn|3\n|\n|t:|1683063691\n|switch|p2a: Talonflame|Talonflame, L50, M|100\/100\n|-terastallize|p2b: Garchomp|Fire\n|move|p2b: Garchomp|Swords Dance|p2b: Garchomp\n|-boost|p2b: Garchomp|atk|2\n|move|p1a: Dondozo|Tera Blast|p2a: Talonflame\n|-resisted|p2a: Talonflame\n|-damage|p2a: Talonflame|60\/100\n|\n|-weather|SunnyDay|[upkeep]\n|upkeep\n|turn|4\n|\n|t:|1683063712\n|move|p2a: Talonflame|Will-O-Wisp|p1a: Dondozo\n|-status|p1a: Dondozo|brn\n|move|p2b: Garchomp|Rock Slide|p1a: Dondozo|[spread] p1a\n|-miss|p2b: Garchomp|p1b: Tatsugiri\n|-damage|p1a: Dondozo|74\/100 brn\n|-damage|p2b: Garchomp|71\/100|[from] item: Life Orb\n|move|p1a: Dondozo|Tera Blast|p2b: Garchomp\n|-resisted|p2b: Garchomp\n|-damage|p2b: Garchomp|43\/100\n|\n|-weather|SunnyDay|[upkeep]\n|-damage|p1a: Dondozo|68\/100 brn|[from] brn\n|upkeep\n|turn|5\n|\n|t:|1683063737\n|move|p2a: Talonflame|Tailwind|p2a: Talonflame\n|-sidestart|p2: Samythril|move: Tailwind\n|move|p2b: Garchomp|Rock Slide|p1a: Dondozo|[spread] p1a\n|-miss|p2b: Garchomp|p1b: Tatsugiri\n|-damage|p1a: Dondozo|49\/100 brn\n|-damage|p2b: Garchomp|33\/100|[from] item: Life Orb\n|move|p1a: Dondozo|Tera Blast|p2a: Talonflame\n|-resisted|p2a: Talonflame\n|-damage|p2a: Talonflame|40\/100\n|\n|-weather|none\n|-damage|p1a: Dondozo|43\/100 brn|[from] brn\n|upkeep\n|turn|6\n|\n|t:|1683063761\n|move|p2a: Talonflame|Brave Bird|p1a: Dondozo\n|-supereffective|p1a: Dondozo\n|-damage|p1a: Dondozo|13\/100 brn\n|-damage|p2a: Talonflame|27\/100|[from] Recoil\n|move|p2b: Garchomp|Earthquake|p1b: Tatsugiri|[spread] p1a\n|-miss|p2b: Garchomp|p1b: Tatsugiri\n|-immune|p2a: Talonflame\n|-resisted|p1a: Dondozo\n|-damage|p1a: Dondozo|0 fnt\n|faint|p1a: Dondozo\n|-damage|p2b: Garchomp|23\/100|[from] item: Life Orb\n|\n|upkeep\n|\n|t:|1683063767\n|switch|p1a: Torkoal|Torkoal, L50, M|100\/100\n|-weather|SunnyDay|[from] ability: Drought|[of] p1a: Torkoal\n|turn|7\n|c|\u2606battlefactoryluna|gg\n|c|\u2606Samythril|gg\n|\n|t:|1683063784\n|move|p1a: Torkoal|Protect|p1a: Torkoal\n|-singleturn|p1a: Torkoal|Protect\n|move|p2a: Talonflame|Brave Bird|p1b: Tatsugiri\n|-damage|p1b: Tatsugiri|21\/100\n|-damage|p2a: Talonflame|3\/100|[from] Recoil\n|move|p2b: Garchomp|Earthquake|p1a: Torkoal|[spread] p1b\n|-activate|p1a: Torkoal|move: Protect\n|-immune|p2a: Talonflame\n|-damage|p1b: Tatsugiri|0 fnt\n|faint|p1b: Tatsugiri\n|-damage|p2b: Garchomp|14\/100|[from] item: Life Orb\n|\n|-weather|SunnyDay|[upkeep]\n|upkeep\n|turn|8\n|\n|t:|1683063802\n|move|p2a: Talonflame|Brave Bird|p1a: Torkoal\n|-damage|p1a: Torkoal|69\/100\n|-damage|p2a: Talonflame|0 fnt|[from] Recoil\n|faint|p2a: Talonflame\n|move|p2b: Garchomp|Earthquake|p1a: Torkoal\n|-supereffective|p1a: Torkoal\n|-damage|p1a: Torkoal|0 fnt\n|faint|p1a: Torkoal\n|-damage|p2b: Garchomp|4\/100|[from] item: Life Orb\n|\n|win|Samythril\n","uploadtime":1683063813,"views":9,"p1id":"battlefactoryluna","p2id":"samythril","formatid":"gen9vgc2023regulationc","rating":0,"private":0,"password":""}