{"id":"gen9vgc2023regulationc-1856520647","p1":"vrumvrumnatal","p2":"1jx","format":"[Gen 9] VGC 2023 Regulation C","log":"|j|\u2606vrumvrumnatal\n|j|\u26061jx\n|t:|1683071015\n|gametype|doubles\n|player|p1|vrumvrumnatal|2|1256\n|player|p2|1jx|169|1275\n|teamsize|p1|6\n|teamsize|p2|6\n|gen|9\n|tier|[Gen 9] VGC 2023 Regulation C\n|rated|\n|rule|Species Clause: Limit one of each Pok\u00e9mon\n|rule|Item Clause: Limit one of each item\n|clearpoke\n|poke|p1|Chien-Pao, L50|\n|poke|p1|Dragonite, L50, M|\n|poke|p1|Kingambit, L50, F|\n|poke|p1|Gyarados, L50, F|\n|poke|p1|Great Tusk, L50|\n|poke|p1|Flutter Mane, L50|\n|poke|p2|Annihilape, L50, M|\n|poke|p2|Maushold, L50|\n|poke|p2|Chien-Pao, L50|\n|poke|p2|Chi-Yu, L50|\n|poke|p2|Flutter Mane, L50|\n|poke|p2|Amoonguss, L50, M|\n|teampreview|4\n|inactive|Battle timer is ON: inactive players will automatically lose when time's up. (requested by 1jx)\n|inactive|vrumvrumnatal has 60 seconds left.\n|inactive|1jx has 60 seconds left.\n|\n|t:|1683071072\n|start\n|switch|p1a: Gyarados|Gyarados, L50, F, shiny|100\/100\n|switch|p1b: Great Tusk|Great Tusk, L50|100\/100\n|switch|p2a: Annihilape|Annihilape, L50, M|100\/100\n|switch|p2b: Maushold|Maushold, L50|100\/100\n|-ability|p1a: Gyarados|Intimidate|boost\n|-unboost|p2a: Annihilape|atk|1\n|-ability|p2a: Annihilape|Defiant|boost\n|-boost|p2a: Annihilape|atk|2\n|-unboost|p2b: Maushold|atk|1\n|turn|1\n|\n|t:|1683071093\n|move|p2b: Maushold|Protect|p2b: Maushold\n|-singleturn|p2b: Maushold|Protect\n|move|p1b: Great Tusk|Earthquake|p2b: Maushold|[spread] p2a\n|-activate|p2b: Maushold|move: Protect\n|-immune|p1a: Gyarados\n|-damage|p2a: Annihilape|62\/100\n|move|p2a: Annihilape|Rage Fist|p1b: Great Tusk\n|-damage|p1b: Great Tusk|47\/100\n|move|p1a: Gyarados|Thunder Wave|p2a: Annihilape\n|-status|p2a: Annihilape|par\n|\n|-heal|p2a: Annihilape|68\/100 par|[from] item: Leftovers\n|upkeep\n|turn|2\n|inactive|1jx has 30 seconds left.\n|\n|t:|1683071127\n|move|p1b: Great Tusk|Earthquake|p2a: Annihilape|[spread] p2a,p2b\n|-immune|p1a: Gyarados\n|-damage|p2a: Annihilape|29\/100 par\n|-damage|p2b: Maushold|49\/100\n|move|p2b: Maushold|Beat Up|p2a: Annihilape\n|-damage|p2a: Annihilape|28\/100 par\n|-damage|p2a: Annihilape|26\/100 par\n|-damage|p2a: Annihilape|25\/100 par\n|-hitcount|p2a: Annihilape|3\n|move|p1a: Gyarados|Waterfall|p2a: Annihilape\n|-damage|p2a: Annihilape|0 fnt\n|faint|p2a: Annihilape\n|\n|upkeep\n|\n|t:|1683071138\n|switch|p2a: Flutter Mane|Flutter Mane, L50|100\/100\n|-enditem|p2a: Flutter Mane|Booster Energy\n|-activate|p2a: Flutter Mane|ability: Protosynthesis|[fromitem]\n|-start|p2a: Flutter Mane|protosynthesisspe\n|turn|3\n|\n|t:|1683071153\n|move|p2a: Flutter Mane|Protect|p2a: Flutter Mane\n|-singleturn|p2a: Flutter Mane|Protect\n|move|p1b: Great Tusk|Earthquake|p2a: Flutter Mane|[spread] p2b\n|-activate|p2a: Flutter Mane|move: Protect\n|-immune|p1a: Gyarados\n|-damage|p2b: Maushold|3\/100\n|move|p2b: Maushold|Super Fang|p1a: Gyarados\n|-damage|p1a: Gyarados|51\/100\n|move|p1a: Gyarados|Waterfall|p2a: Flutter Mane\n|-activate|p2a: Flutter Mane|move: Protect\n|\n|-heal|p1a: Gyarados|57\/100|[from] item: Leftovers\n|upkeep\n|turn|4\n|inactive|1jx has 30 seconds left.\n|\n|t:|1683071179\n|move|p2a: Flutter Mane|Dazzling Gleam|p1a: Gyarados|[spread] p1a,p1b\n|-supereffective|p1b: Great Tusk\n|-damage|p1a: Gyarados|33\/100\n|-damage|p1b: Great Tusk|0 fnt\n|faint|p1b: Great Tusk\n|-end|p1b: Great Tusk|Protosynthesis|[silent]\n|move|p2b: Maushold|Beat Up|p1a: Gyarados\n|-damage|p1a: Gyarados|31\/100\n|-damage|p1a: Gyarados|30\/100\n|-damage|p1a: Gyarados|28\/100\n|-hitcount|p1a: Gyarados|3\n|move|p1a: Gyarados|Waterfall|p2a: Flutter Mane\n|-damage|p2a: Flutter Mane|43\/100\n|\n|-heal|p1a: Gyarados|34\/100|[from] item: Leftovers\n|upkeep\n|\n|t:|1683071197\n|switch|p1b: Chien-Pao|Chien-Pao, L50|100\/100\n|-ability|p1b: Chien-Pao|Sword of Ruin\n|turn|5\n|\n|t:|1683071210\n|move|p2b: Maushold|Follow Me|p2b: Maushold\n|-singleturn|p2b: Maushold|move: Follow Me\n|move|p1b: Chien-Pao|Sucker Punch||[still]\n|-fail|p1b: Chien-Pao\n|move|p2a: Flutter Mane|Dazzling Gleam|p1a: Gyarados|[spread] p1a,p1b\n|-supereffective|p1b: Chien-Pao\n|-damage|p1a: Gyarados|10\/100\n|-enditem|p1b: Chien-Pao|Focus Sash\n|-damage|p1b: Chien-Pao|1\/100\n|move|p1a: Gyarados|Waterfall|p2b: Maushold\n|-damage|p2b: Maushold|0 fnt\n|faint|p2b: Maushold\n|\n|-heal|p1a: Gyarados|16\/100|[from] item: Leftovers\n|upkeep\n|\n|t:|1683071227\n|switch|p2b: Amoonguss|Amoonguss, L50, M|100\/100\n|turn|6\n|\n|t:|1683071243\n|move|p2b: Amoonguss|Rage Powder|p2b: Amoonguss\n|-singleturn|p2b: Amoonguss|move: Rage Powder\n|move|p2a: Flutter Mane|Dazzling Gleam|p1b: Chien-Pao|[spread] p1a,p1b\n|-supereffective|p1b: Chien-Pao\n|-damage|p1a: Gyarados|0 fnt\n|-damage|p1b: Chien-Pao|0 fnt\n|faint|p1a: Gyarados\n|faint|p1b: Chien-Pao\n|\n|upkeep\n|\n|t:|1683071250\n|switch|p1b: Flutter Mane|Flutter Mane, L50|100\/100\n|-enditem|p1b: Flutter Mane|Booster Energy\n|-activate|p1b: Flutter Mane|ability: Protosynthesis|[fromitem]\n|-start|p1b: Flutter Mane|protosynthesisspa\n|turn|7\n|\n|t:|1683071266\n|-terastallize|p1b: Flutter Mane|Fairy\n|move|p2a: Flutter Mane|Protect|p2a: Flutter Mane\n|-singleturn|p2a: Flutter Mane|Protect\n|move|p1b: Flutter Mane|Shadow Ball|p2a: Flutter Mane\n|-activate|p2a: Flutter Mane|move: Protect\n|move|p2b: Amoonguss|Spore|p1b: Flutter Mane\n|-status|p1b: Flutter Mane|slp|[from] move: Spore\n|\n|upkeep\n|turn|8\n|\n|t:|1683071285\n|-terastallize|p2a: Flutter Mane|Ghost\n|move|p2a: Flutter Mane|Shadow Ball|p1b: Flutter Mane\n|-damage|p1b: Flutter Mane|51\/100 slp\n|cant|p1b: Flutter Mane|slp\n|move|p2b: Amoonguss|Pollen Puff|p2a: Flutter Mane\n|-heal|p2a: Flutter Mane|93\/100\n|\n|upkeep\n|turn|9\n|\n|t:|1683071299\n|move|p2a: Flutter Mane|Shadow Ball|p1b: Flutter Mane\n|-damage|p1b: Flutter Mane|2\/100 slp\n|cant|p1b: Flutter Mane|slp\n|move|p2b: Amoonguss|Pollen Puff|p1b: Flutter Mane\n|-resisted|p1b: Flutter Mane\n|-damage|p1b: Flutter Mane|0 fnt\n|faint|p1b: Flutter Mane\n|-end|p1b: Flutter Mane|Protosynthesis|[silent]\n|\n|win|1jx\n|raw|vrumvrumnatal's rating: 1256 → 1232<\/strong> (-24 for losing)\n|raw|1jx's rating: 1275 → 1299<\/strong> (+24 for winning)\n","uploadtime":1683071309,"views":16,"p1id":"vrumvrumnatal","p2id":"1jx","formatid":"gen9vgc2023regulationc","rating":1232,"private":0,"password":""}