{"id":"gen9vgc2023regulationc-1862065097","p1":"AleksAleyard","p2":"revocolombia","format":"[Gen 9] VGC 2023 Regulation C","log":"|j|\u2606AleksAleyard\n|j|\u2606revocolombia\n|t:|1683833508\n|gametype|doubles\n|player|p1|AleksAleyard|ghetsis|1316\n|player|p2|revocolombia|pokemonranger-gen4|1247\n|teamsize|p1|6\n|teamsize|p2|6\n|gen|9\n|tier|[Gen 9] VGC 2023 Regulation C\n|rated|\n|rule|Species Clause: Limit one of each Pok\u00e9mon\n|rule|Item Clause: Limit one of each item\n|clearpoke\n|poke|p1|Iron Hands, L50|\n|poke|p1|Indeedee-F, L50, F|\n|poke|p1|Torkoal, L50, F|\n|poke|p1|Clawitzer, L50, M|\n|poke|p1|Oranguru, L50, M|\n|poke|p1|Ting-Lu, L50|\n|poke|p2|Flutter Mane, L50|\n|poke|p2|Great Tusk, L50|\n|poke|p2|Hydreigon, L50, M|\n|poke|p2|Chien-Pao, L50|\n|poke|p2|Murkrow, L50, F|\n|poke|p2|Kingambit, L50, F|\n|teampreview|4\n|\n|t:|1683833533\n|start\n|switch|p1a: Indeedee|Indeedee-F, L50, F|100\/100\n|switch|p1b: Oranguru|Oranguru, L50, M|100\/100\n|switch|p2a: Chien-Pao|Chien-Pao, L50|100\/100\n|switch|p2b: Hydreigon|Hydreigon, L50, M|100\/100\n|-ability|p2a: Chien-Pao|Sword of Ruin\n|-fieldstart|move: Psychic Terrain|[from] ability: Psychic Surge|[of] p1a: Indeedee\n|turn|1\n|\n|t:|1683833564\n|-terastallize|p1b: Oranguru|Water\n|move|p1a: Indeedee|Follow Me|p1a: Indeedee\n|-singleturn|p1a: Indeedee|move: Follow Me\n|move|p2a: Chien-Pao|Ice Spinner|p1a: Indeedee\n|-damage|p1a: Indeedee|34\/100\n|-fieldend|move: Psychic Terrain\n|move|p2b: Hydreigon|Dark Pulse|p1a: Indeedee\n|-supereffective|p1a: Indeedee\n|-damage|p1a: Indeedee|0 fnt\n|faint|p1a: Indeedee\n|move|p1b: Oranguru|Trick Room|p1b: Oranguru\n|-fieldstart|move: Trick Room|[of] p1b: Oranguru\n|\n|upkeep\n|\n|t:|1683833570\n|switch|p1a: Iron Hands|Iron Hands, L50|100\/100\n|-enditem|p1a: Iron Hands|Booster Energy\n|-activate|p1a: Iron Hands|ability: Quark Drive|[fromitem]\n|-start|p1a: Iron Hands|quarkdriveatk\n|turn|2\n|\n|t:|1683833597\n|-terastallize|p2b: Hydreigon|Fire\n|move|p1a: Iron Hands|Swords Dance|p1a: Iron Hands\n|-boost|p1a: Iron Hands|atk|2\n|move|p1b: Oranguru|Imprison|p1b: Oranguru\n|-start|p1b: Oranguru|move: Imprison\n|move|p2b: Hydreigon|Dark Pulse|p1b: Oranguru\n|-damage|p1b: Oranguru|53\/100\n|move|p2a: Chien-Pao|Ice Spinner|p1a: Iron Hands\n|-damage|p1a: Iron Hands|73\/100\n|\n|upkeep\n|turn|3\n|\n|t:|1683833622\n|move|p2a: Chien-Pao|Sucker Punch|p1a: Iron Hands\n|-resisted|p1a: Iron Hands\n|-damage|p1a: Iron Hands|61\/100\n|move|p1a: Iron Hands|Thunder Punch|p2b: Hydreigon\n|-damage|p2b: Hydreigon|0 fnt\n|faint|p2b: Hydreigon\n|move|p1b: Oranguru|Instruct|p1a: Iron Hands\n|-singleturn|p1a: Iron Hands|move: Instruct|[of] p1b: Oranguru\n|move|p1a: Iron Hands|Thunder Punch|p2a: Chien-Pao\n|-enditem|p2a: Chien-Pao|Focus Sash\n|-damage|p2a: Chien-Pao|1\/100\n|\n|upkeep\n|\n|t:|1683833639\n|switch|p2b: Great Tusk|Great Tusk, L50|100\/100\n|turn|4\n|\n|t:|1683833679\n|move|p2a: Chien-Pao|Sucker Punch||[still]\n|-fail|p2a: Chien-Pao\n|move|p1a: Iron Hands|Drain Punch|p2b: Great Tusk\n|-damage|p2b: Great Tusk|9\/100\n|-heal|p1a: Iron Hands|99\/100|[from] drain|[of] p2b: Great Tusk\n|move|p1b: Oranguru|Instruct|p1a: Iron Hands\n|-singleturn|p1a: Iron Hands|move: Instruct|[of] p1b: Oranguru\n|move|p1a: Iron Hands|Drain Punch|p2b: Great Tusk\n|-damage|p2b: Great Tusk|0 fnt\n|-heal|p1a: Iron Hands|100\/100|[from] drain|[of] p2b: Great Tusk\n|faint|p2b: Great Tusk\n|-end|p2b: Great Tusk|Protosynthesis|[silent]\n|\n|upkeep\n|\n|t:|1683833695\n|switch|p2b: Flutter Mane|Flutter Mane, L50|100\/100\n|-enditem|p2b: Flutter Mane|Booster Energy\n|-activate|p2b: Flutter Mane|ability: Protosynthesis|[fromitem]\n|-start|p2b: Flutter Mane|protosynthesisspa\n|turn|5\n|c|\u2606AleksAleyard|Gg\n|\n|t:|1683833714\n|move|p1a: Iron Hands|Thunder Punch|p2b: Flutter Mane\n|-damage|p2b: Flutter Mane|0 fnt\n|faint|p2b: Flutter Mane\n|-end|p2b: Flutter Mane|Protosynthesis|[silent]\n|move|p1b: Oranguru|Instruct|p1a: Iron Hands\n|-singleturn|p1a: Iron Hands|move: Instruct|[of] p1b: Oranguru\n|move|p1a: Iron Hands|Thunder Punch|p2a: Chien-Pao\n|-damage|p2a: Chien-Pao|0 fnt\n|faint|p2a: Chien-Pao\n|\n|win|AleksAleyard\n|raw|AleksAleyard's rating: 1316 → 1332<\/strong> (+16 for winning)\n|raw|revocolombia's rating: 1247 → 1227<\/strong> (-20 for losing)\n|l|\u2606AleksAleyard\n","uploadtime":1683833733,"views":14,"p1id":"aleksaleyard","p2id":"revocolombia","formatid":"gen9vgc2023regulationc","rating":1227,"private":0,"password":""}