{"id":"gen9vgc2023regulationc-1860997205","p1":"moth.o","p2":"Shine Blanco","format":"[Gen 9] VGC 2023 Regulation C","log":"|j|\u2606moth.o\n|j|\u2606Shine Blanco\n|t:|1683711069\n|gametype|doubles\n|player|p1|moth.o|roxie|1454\n|player|p2|Shine Blanco|170|1555\n|teamsize|p1|6\n|teamsize|p2|6\n|gen|9\n|tier|[Gen 9] VGC 2023 Regulation C\n|rated|\n|rule|Species Clause: Limit one of each Pok\u00e9mon\n|rule|Item Clause: Limit one of each item\n|clearpoke\n|poke|p1|Wo-Chien, L50|\n|poke|p1|Tauros-Paldea-Aqua, L50, M|\n|poke|p1|Iron Moth, L50|\n|poke|p1|Stonjourner, L50, F|\n|poke|p1|Hatterene, L50, F|\n|poke|p1|Baxcalibur, L50, F|\n|poke|p2|Orthworm, L50, F|\n|poke|p2|Dragonite, L50, M|\n|poke|p2|Arcanine, L50, M|\n|poke|p2|Ting-Lu, L50|\n|poke|p2|Chien-Pao, L50|\n|poke|p2|Flutter Mane, L50|\n|teampreview|4\n|\n|t:|1683711106\n|start\n|switch|p1a: Fontana|Tauros-Paldea-Aqua, L50, M|100\/100\n|switch|p1b: Portalito|Stonjourner, L50, F, shiny|100\/100\n|switch|p2a: Orthworm|Orthworm, L50, F|100\/100\n|switch|p2b: Ting-Lu|Ting-Lu, L50|100\/100\n|-ability|p1a: Fontana|Intimidate|boost\n|-unboost|p2a: Orthworm|atk|1\n|-unboost|p2b: Ting-Lu|atk|1\n|-ability|p2b: Ting-Lu|Vessel of Ruin\n|turn|1\n|\n|t:|1683711132\n|move|p1b: Portalito|Wide Guard|p1b: Portalito\n|-singleturn|p1b: Portalito|Wide Guard\n|move|p1a: Fontana|Close Combat|p2a: Orthworm\n|-supereffective|p2a: Orthworm\n|-damage|p2a: Orthworm|8\/100\n|-unboost|p1a: Fontana|def|1\n|-unboost|p1a: Fontana|spd|1\n|-enditem|p2a: Orthworm|Sitrus Berry|[eat]\n|-heal|p2a: Orthworm|33\/100|[from] item: Sitrus Berry\n|move|p2b: Ting-Lu|Earthquake|p1b: Portalito|[spread] \n|-activate|p1a: Fontana|move: Wide Guard\n|-activate|p1b: Portalito|move: Wide Guard\n|-heal|p2a: Orthworm|58\/100|[from] ability: Earth Eater|[of] p2b: Ting-Lu\n|move|p2a: Orthworm|Shed Tail|p2a: Orthworm\n|-start|p2a: Orthworm|Substitute|[from] move: Shed Tail\n|-damage|p2a: Orthworm|8\/100\n|\n|t:|1683711149\n|switch|p2a: Dragonite|Dragonite, L50, M|100\/100|[from] Shed Tail\n|\n|upkeep\n|turn|2\n|\n|t:|1683711160\n|move|p1a: Fontana|Close Combat|p2b: Ting-Lu\n|-supereffective|p2b: Ting-Lu\n|-damage|p2b: Ting-Lu|39\/100\n|-unboost|p1a: Fontana|def|1\n|-unboost|p1a: Fontana|spd|1\n|move|p2a: Dragonite|Dragon Dance|p2a: Dragonite\n|-boost|p2a: Dragonite|atk|1\n|-boost|p2a: Dragonite|spe|1\n|move|p1b: Portalito|Rock Slide|p2a: Dragonite|[spread] p2a,p2b\n|-supereffective|p2a: Dragonite\n|-activate|p2a: Dragonite|move: Substitute|[damage]\n|-resisted|p2b: Ting-Lu\n|-damage|p2b: Ting-Lu|32\/100\n|cant|p2b: Ting-Lu|flinch\n|\n|upkeep\n|turn|3\n|\n|t:|1683711184\n|-terastallize|p2a: Dragonite|Flying\n|move|p1a: Fontana|Aqua Jet|p2a: Dragonite\n|-end|p2a: Dragonite|Substitute\n|move|p2a: Dragonite|Tera Blast|p1a: Fontana\n|-supereffective|p1a: Fontana\n|-damage|p1a: Fontana|0 fnt\n|faint|p1a: Fontana\n|move|p1b: Portalito|Rock Slide|p2b: Ting-Lu|[spread] p2a,p2b\n|-supereffective|p2a: Dragonite\n|-resisted|p2b: Ting-Lu\n|-damage|p2a: Dragonite|75\/100\n|-damage|p2b: Ting-Lu|25\/100\n|cant|p2b: Ting-Lu|flinch\n|\n|upkeep\n|\n|t:|1683711202\n|switch|p1a: Morgana|Hatterene, L50, F|100\/100\n|turn|4\n|\n|t:|1683711208\n|move|p1a: Morgana|Protect|p1a: Morgana\n|-singleturn|p1a: Morgana|Protect\n|move|p2a: Dragonite|Tera Blast|p1a: Morgana\n|-activate|p1a: Morgana|move: Protect\n|move|p1b: Portalito|Rock Slide|p2a: Dragonite|[spread] p2a,p2b\n|-supereffective|p2a: Dragonite\n|-resisted|p2b: Ting-Lu\n|-damage|p2a: Dragonite|24\/100\n|-damage|p2b: Ting-Lu|18\/100\n|move|p2b: Ting-Lu|Earthquake|p1a: Morgana|[spread] p1b\n|-activate|p1a: Morgana|move: Protect\n|-immune|p2a: Dragonite\n|-supereffective|p1b: Portalito\n|-damage|p1b: Portalito|75\/100\n|\n|upkeep\n|turn|5\n|\n|t:|1683711235\n|move|p2a: Dragonite|Tera Blast|p1a: Morgana\n|-damage|p1a: Morgana|19\/100\n|move|p1b: Portalito|Rock Slide|p2a: Dragonite|[spread] p2a,p2b\n|-supereffective|p2a: Dragonite\n|-resisted|p2b: Ting-Lu\n|-damage|p2a: Dragonite|0 fnt\n|-damage|p2b: Ting-Lu|12\/100\n|faint|p2a: Dragonite\n|cant|p2b: Ting-Lu|flinch\n|move|p1a: Morgana|Draining Kiss|p2b: Ting-Lu\n|-supereffective|p2b: Ting-Lu\n|-damage|p2b: Ting-Lu|0 fnt\n|-heal|p1a: Morgana|34\/100|[from] drain|[of] p2b: Ting-Lu\n|faint|p2b: Ting-Lu\n|\n|upkeep\n|\n|t:|1683711249\n|switch|p2a: Chien-Pao|Chien-Pao, L50|100\/100\n|switch|p2b: Orthworm|Orthworm, L50, F|8\/100\n|-ability|p2a: Chien-Pao|Sword of Ruin\n|turn|6\n|\n|t:|1683711272\n|-terastallize|p1a: Morgana|Water\n|move|p2a: Chien-Pao|Sacred Sword|p1b: Portalito\n|-supereffective|p1b: Portalito\n|-damage|p1b: Portalito|33\/100\n|move|p1b: Portalito|Body Press|p2a: Chien-Pao\n|-supereffective|p2a: Chien-Pao\n|-enditem|p2a: Chien-Pao|Focus Sash\n|-damage|p2a: Chien-Pao|1\/100\n|move|p2b: Orthworm|Heavy Slam|p1a: Morgana\n|-resisted|p1a: Morgana\n|-damage|p1a: Morgana|12\/100\n|move|p1a: Morgana|Draining Kiss|p1b: Portalito\n|-damage|p1b: Portalito|0 fnt\n|-heal|p1a: Morgana|44\/100|[from] drain|[of] p1b: Portalito\n|faint|p1b: Portalito\n|\n|upkeep\n|\n|t:|1683711291\n|switch|p1b: Track_10.mp3|Iron Moth, L50|100\/100\n|-enditem|p1b: Track_10.mp3|Booster Energy\n|-activate|p1b: Track_10.mp3|ability: Quark Drive|[fromitem]\n|-start|p1b: Track_10.mp3|quarkdrivespa\n|turn|7\n|\n|t:|1683711318\n|move|p2a: Chien-Pao|Sacred Sword|p1a: Morgana\n|-crit|p1a: Morgana\n|-damage|p1a: Morgana|0 fnt\n|faint|p1a: Morgana\n|move|p1b: Track_10.mp3|Fiery Dance|p2a: Chien-Pao\n|-supereffective|p2a: Chien-Pao\n|-damage|p2a: Chien-Pao|0 fnt\n|-boost|p1b: Track_10.mp3|spa|1\n|faint|p2a: Chien-Pao\n|move|p2b: Orthworm|Body Press|p1b: Track_10.mp3\n|-resisted|p1b: Track_10.mp3\n|-damage|p1b: Track_10.mp3|81\/100\n|\n|upkeep\n|turn|8\n|-message|Shine Blanco forfeited.\n|\n|win|moth.o\n|raw|moth.o's rating: 1454 → 1480<\/strong> (+26 for winning)\n|raw|Shine Blanco's rating: 1555 → 1529<\/strong> (-26 for losing)\n|l|\u2606Shine Blanco\n","uploadtime":1683711347,"views":11,"p1id":"motho","p2id":"shineblanco","formatid":"gen9vgc2023regulationc","rating":1480,"private":0,"password":""}