{"id":"gen9vgc2023regulationc-1857411616","p1":"Hadaiz","p2":"StantlerGOAT","format":"[Gen 9] VGC 2023 Regulation C","log":"|j|\u2606Hadaiz\n|j|\u2606StantlerGOAT\n|t:|1683188850\n|gametype|doubles\n|player|p1|Hadaiz|brock|1061\n|player|p2|StantlerGOAT|265|1158\n|teamsize|p1|6\n|teamsize|p2|6\n|gen|9\n|tier|[Gen 9] VGC 2023 Regulation C\n|rated|\n|rule|Species Clause: Limit one of each Pok\u00e9mon\n|rule|Item Clause: Limit one of each item\n|clearpoke\n|poke|p1|Baxcalibur, L50, F|\n|poke|p1|Amoonguss, L50, M|\n|poke|p1|Flutter Mane, L50|\n|poke|p1|Palafin, L50, M|\n|poke|p1|Talonflame, L50, M|\n|poke|p1|Ting-Lu, L50|\n|poke|p2|Ting-Lu, L50|\n|poke|p2|Slowbro, L50, F|\n|poke|p2|Tropius, L50, M|\n|poke|p2|Iron Hands, L50|\n|poke|p2|Bronzong, L50|\n|poke|p2|Clawitzer, L50, M|\n|teampreview|4\n|inactive|Battle timer is ON: inactive players will automatically lose when time's up. (requested by Hadaiz)\n|\n|t:|1683188877\n|start\n|switch|p1a: Amoonguss|Amoonguss, L50, M|100\/100\n|switch|p1b: Palafin|Palafin, L50, M|100\/100\n|switch|p2a: Bronzong|Bronzong, L50|100\/100\n|switch|p2b: Ting-Lu|Ting-Lu, L50|100\/100\n|-ability|p2b: Ting-Lu|Vessel of Ruin\n|turn|1\n|inactive|StantlerGOAT has 30 seconds left.\n|inactive|StantlerGOAT has 20 seconds left.\n|\n|t:|1683188912\n|move|p1b: Palafin|Protect|p1b: Palafin\n|-singleturn|p1b: Palafin|Protect\n|move|p2b: Ting-Lu|Protect|p2b: Ting-Lu\n|-singleturn|p2b: Ting-Lu|Protect\n|move|p1a: Amoonguss|Spore|p2b: Ting-Lu\n|-activate|p2b: Ting-Lu|move: Protect\n|move|p2a: Bronzong|Safeguard|p2a: Bronzong\n|-sidestart|p2: StantlerGOAT|Safeguard\n|\n|upkeep\n|turn|2\n|inactive|Hadaiz has 30 seconds left.\n|inactive|Hadaiz has 20 seconds left.\n|\n|t:|1683188948\n|detailschange|p1b: Palafin|Palafin-Hero, L50, M\n|switch|p1b: Baxcalibur|Baxcalibur, L50, F|100\/100\n|-terastallize|p2b: Ting-Lu|Ground\n|move|p2b: Ting-Lu|Earthquake|p1a: Amoonguss|[spread] p1a,p1b\n|-immune|p2a: Bronzong|[from] ability: Levitate\n|-damage|p1a: Amoonguss|58\/100\n|-damage|p1b: Baxcalibur|52\/100\n|move|p1a: Amoonguss|Pollen Puff|p2b: Ting-Lu\n|-damage|p2b: Ting-Lu|90\/100\n|move|p2a: Bronzong|Trick Room|p2a: Bronzong\n|-fieldstart|move: Trick Room|[of] p2a: Bronzong\n|\n|upkeep\n|turn|3\n|\n|t:|1683188973\n|move|p2a: Bronzong|Ice Spinner|p2b: Ting-Lu\n|-supereffective|p2b: Ting-Lu\n|-damage|p2b: Ting-Lu|69\/100\n|-enditem|p2b: Ting-Lu|Weakness Policy\n|-boost|p2b: Ting-Lu|atk|2|[from] item: Weakness Policy\n|-boost|p2b: Ting-Lu|spa|2|[from] item: Weakness Policy\n|move|p1a: Amoonguss|Pollen Puff|p1b: Baxcalibur\n|-heal|p1b: Baxcalibur|100\/100\n|move|p2b: Ting-Lu|Earthquake|p1b: Baxcalibur|[spread] p1a,p1b\n|-immune|p2a: Bronzong|[from] ability: Levitate\n|-crit|p1a: Amoonguss\n|-damage|p1a: Amoonguss|0 fnt\n|-damage|p1b: Baxcalibur|15\/100\n|faint|p1a: Amoonguss\n|move|p1b: Baxcalibur|Icicle Crash|p2b: Ting-Lu\n|-supereffective|p2b: Ting-Lu\n|-damage|p2b: Ting-Lu|4\/100\n|\n|upkeep\n|\n|t:|1683188992\n|switch|p1a: Ting-Lu|Ting-Lu, L50|100\/100\n|-ability|p1a: Ting-Lu|Vessel of Ruin\n|turn|4\n|\n|t:|1683189007\n|move|p1b: Baxcalibur|Protect|p1b: Baxcalibur\n|-singleturn|p1b: Baxcalibur|Protect\n|move|p2a: Bronzong|Psychic|p1b: Baxcalibur\n|-activate|p1b: Baxcalibur|move: Protect\n|move|p2b: Ting-Lu|Rock Slide|p1a: Ting-Lu|[spread] p1a\n|-activate|p1b: Baxcalibur|move: Protect\n|-resisted|p1a: Ting-Lu\n|-damage|p1a: Ting-Lu|91\/100\n|move|p1a: Ting-Lu|Body Press|p2a: Bronzong\n|-damage|p2a: Bronzong|83\/100\n|-heal|p1a: Ting-Lu|92\/100|[from] item: Shell Bell|[of] p2a: Bronzong\n|\n|upkeep\n|turn|5\n|inactive|Hadaiz has 30 seconds left.\n|inactive|StantlerGOAT has 30 seconds left.\n|\n|t:|1683189037\n|-terastallize|p1a: Ting-Lu|Dark\n|move|p1b: Baxcalibur|Protect||[still]\n|-fail|p1b: Baxcalibur\n|move|p2a: Bronzong|Psychic|p1b: Baxcalibur\n|-damage|p1b: Baxcalibur|0 fnt\n|faint|p1b: Baxcalibur\n|move|p2b: Ting-Lu|Heavy Slam|p1a: Ting-Lu\n|-damage|p1a: Ting-Lu|79\/100\n|move|p1a: Ting-Lu|Earthquake|p2b: Ting-Lu|[spread] p2b\n|-immune|p2a: Bronzong|[from] ability: Levitate\n|-damage|p2b: Ting-Lu|0 fnt\n|faint|p2b: Ting-Lu\n|-heal|p1a: Ting-Lu|79\/100|[from] item: Shell Bell|[of] p2: Ting-Lu\n|\n|-sideend|p2: StantlerGOAT|Safeguard\n|upkeep\n|\n|t:|1683189055\n|switch|p2b: Iron Hands|Iron Hands, L50|100\/100\n|switch|p1b: Palafin|Palafin-Hero, L50, M|100\/100\n|-activate|p1b: Palafin|ability: Zero to Hero\n|turn|6\n|\n|t:|1683189068\n|move|p1b: Palafin|Protect|p1b: Palafin\n|-singleturn|p1b: Palafin|Protect\n|move|p2a: Bronzong|Psychic|p1b: Palafin\n|-activate|p1b: Palafin|move: Protect\n|move|p2b: Iron Hands|Drain Punch|p1a: Ting-Lu\n|-supereffective|p1a: Ting-Lu\n|-damage|p1a: Ting-Lu|41\/100\n|move|p1a: Ting-Lu|Earthquake|p2b: Iron Hands|[spread] p2b\n|-activate|p1b: Palafin|move: Protect\n|-immune|p2a: Bronzong|[from] ability: Levitate\n|-supereffective|p2b: Iron Hands\n|-damage|p2b: Iron Hands|48\/100\n|-heal|p1a: Ting-Lu|47\/100|[from] item: Shell Bell|[of] p2b: Iron Hands\n|\n|-fieldend|move: Trick Room\n|upkeep\n|turn|7\n|inactive|Hadaiz has 30 seconds left.\n|\n|t:|1683189097\n|-end|p2b: Iron Hands|Quark Drive|[silent]\n|switch|p2b: Clawitzer|Clawitzer, L50, M|100\/100\n|move|p1b: Palafin|Jet Punch|p2b: Clawitzer\n|-resisted|p2b: Clawitzer\n|-damage|p2b: Clawitzer|79\/100\n|move|p1a: Ting-Lu|Body Press|p2b: Clawitzer\n|-damage|p2b: Clawitzer|49\/100\n|-heal|p1a: Ting-Lu|49\/100|[from] item: Shell Bell|[of] p2b: Clawitzer\n|move|p2a: Bronzong|Trick Room|p2a: Bronzong\n|-fieldstart|move: Trick Room|[of] p2a: Bronzong\n|\n|upkeep\n|turn|8\n|\n|t:|1683189117\n|move|p1b: Palafin|Protect|p1b: Palafin\n|-singleturn|p1b: Palafin|Protect\n|move|p2a: Bronzong|Ice Spinner|p1a: Ting-Lu\n|-damage|p1a: Ting-Lu|40\/100\n|move|p2b: Clawitzer|Aura Sphere|p1a: Ting-Lu\n|-supereffective|p1a: Ting-Lu\n|-damage|p1a: Ting-Lu|0 fnt\n|faint|p1a: Ting-Lu\n|-damage|p2b: Clawitzer|40\/100|[from] item: Life Orb\n|\n|upkeep\n|turn|9\n|\n|t:|1683189133\n|move|p2a: Bronzong|Psychic|p1b: Palafin\n|-damage|p1b: Palafin|71\/100\n|move|p2b: Clawitzer|Shadow Ball|p1b: Palafin\n|-damage|p1b: Palafin|26\/100\n|-unboost|p1b: Palafin|spd|1\n|-damage|p2b: Clawitzer|30\/100|[from] item: Life Orb\n|move|p1b: Palafin|Drain Punch|p2b: Clawitzer\n|-damage|p2b: Clawitzer|0 fnt\n|-heal|p1b: Palafin|42\/100|[from] drain|[of] p2b: Clawitzer\n|faint|p2b: Clawitzer\n|\n|upkeep\n|\n|t:|1683189140\n|switch|p2b: Iron Hands|Iron Hands, L50|48\/100\n|turn|10\n|\n|t:|1683189156\n|move|p1b: Palafin|Jet Punch|p2a: Bronzong\n|-damage|p2a: Bronzong|59\/100\n|move|p2a: Bronzong|Psychic|p1b: Palafin\n|-damage|p1b: Palafin|0 fnt\n|faint|p1b: Palafin\n|\n|win|StantlerGOAT\n|raw|Hadaiz's rating: 1061 → 1047<\/strong> (-14 for losing)\n|raw|StantlerGOAT's rating: 1158 → 1176<\/strong> (+18 for winning)\n|c|\u2606StantlerGOAT|Gg\n|l|\u2606Hadaiz\n","uploadtime":1683189167,"views":14,"p1id":"hadaiz","p2id":"stantlergoat","formatid":"gen9vgc2023regulationc","rating":1047,"private":0,"password":""}