{"id":"gen9vgc2023regulationc-1858586492","p1":"Axieo","p2":"grad_and_sad","format":"[Gen 9] VGC 2023 Regulation C","log":"|j|\u2606Axieo\n|j|\u2606grad_and_sad\n|t:|1683328750\n|gametype|doubles\n|player|p1|Axieo|swimmer-gen4dp|1053\n|player|p2|grad_and_sad|2|1079\n|teamsize|p1|6\n|teamsize|p2|6\n|gen|9\n|tier|[Gen 9] VGC 2023 Regulation C\n|rated|\n|rule|Species Clause: Limit one of each Pok\u00e9mon\n|rule|Item Clause: Limit one of each item\n|clearpoke\n|poke|p1|Palossand, L50, F|\n|poke|p1|Wugtrio, L50, M|\n|poke|p1|Flamigo, L50, F|\n|poke|p1|Indeedee-F, L50, F|\n|poke|p1|Armarouge, L50, M|\n|poke|p1|Dragapult, L50, F|\n|poke|p2|Wo-Chien, L50|\n|poke|p2|Iron Bundle, L50|\n|poke|p2|Ting-Lu, L50|\n|poke|p2|Volcarona, L50, M|\n|poke|p2|Garganacl, L50, M|\n|poke|p2|Annihilape, L50, M|\n|teampreview|4\nAxieo rejected open team sheets.\n|inactive|Battle timer is ON: inactive players will automatically lose when time's up. (requested by Axieo)\n|\n|t:|1683328769\n|start\n|switch|p1a: Palossand|Palossand, L50, F, shiny|100\/100\n|switch|p1b: Wugtrio|Wugtrio, L50, M, shiny|100\/100\n|switch|p2a: Wo-Chien|Wo-Chien, L50|100\/100\n|switch|p2b: Annihilape|Annihilape, L50, M|100\/100\n|-ability|p2a: Wo-Chien|Tablets of Ruin\n|turn|1\n|\n|t:|1683328794\n|-terastallize|p1a: Palossand|Grass\n|move|p1b: Wugtrio|Triple Dive|p1a: Palossand\n|-resisted|p1a: Palossand\n|-damage|p1a: Palossand|97\/100\n|-ability|p1a: Palossand|Water Compaction|boost\n|-boost|p1a: Palossand|def|2\n|-resisted|p1a: Palossand\n|-damage|p1a: Palossand|95\/100\n|-ability|p1a: Palossand|Water Compaction|boost\n|-boost|p1a: Palossand|def|2\n|-resisted|p1a: Palossand\n|-damage|p1a: Palossand|94\/100\n|-ability|p1a: Palossand|Water Compaction|boost\n|-boost|p1a: Palossand|def|2\n|-hitcount|p1a: Palossand|3\n|move|p2b: Annihilape|Bulk Up|p2b: Annihilape\n|-boost|p2b: Annihilape|atk|1\n|-boost|p2b: Annihilape|def|1\n|move|p2a: Wo-Chien|Leech Seed|p1b: Wugtrio\n|-start|p1b: Wugtrio|move: Leech Seed\n|move|p1a: Palossand|Shore Up|p1a: Palossand\n|-heal|p1a: Palossand|100\/100\n|\n|-damage|p1b: Wugtrio|89\/100|[from] Leech Seed|[of] p2a: Wo-Chien\n|upkeep\n|turn|2\n|inactive|grad_and_sad has 30 seconds left.\n|\n|t:|1683328820\n|move|p1b: Wugtrio|Memento|p2b: Annihilape\n|-unboost|p2b: Annihilape|atk|2\n|-ability|p2b: Annihilape|Defiant|boost\n|-boost|p2b: Annihilape|atk|2\n|-unboost|p2b: Annihilape|spa|2\n|-ability|p2b: Annihilape|Defiant|boost\n|-boost|p2b: Annihilape|atk|2\n|faint|p1b: Wugtrio\n|move|p2b: Annihilape|Bulk Up|p2b: Annihilape\n|-boost|p2b: Annihilape|atk|1\n|-boost|p2b: Annihilape|def|1\n|move|p2a: Wo-Chien|Leech Seed|p1a: Palossand\n|-immune|p1a: Palossand\n|move|p1a: Palossand|Amnesia|p1a: Palossand\n|-boost|p1a: Palossand|spd|2\n|\n|upkeep\n|\n|t:|1683328839\n|switch|p1b: Indeedee|Indeedee-F, L50, F|100\/100\n|-fieldstart|move: Psychic Terrain|[from] ability: Psychic Surge|[of] p1b: Indeedee\n|turn|3\n|\n|t:|1683328853\n|move|p1b: Indeedee|Follow Me|p1b: Indeedee\n|-singleturn|p1b: Indeedee|move: Follow Me\n|move|p2b: Annihilape|Rage Fist|p1b: Indeedee\n|-immune|p1b: Indeedee\n|move|p2a: Wo-Chien|Leech Seed|p1b: Indeedee\n|-start|p1b: Indeedee|move: Leech Seed\n|move|p1a: Palossand|Amnesia|p1a: Palossand\n|-boost|p1a: Palossand|spd|2\n|\n|-damage|p1b: Indeedee|88\/100|[from] Leech Seed|[of] p2a: Wo-Chien\n|upkeep\n|turn|4\n|inactive|grad_and_sad has 30 seconds left.\n|\n|t:|1683328879\n|move|p2a: Wo-Chien|Protect|p2a: Wo-Chien\n|-singleturn|p2a: Wo-Chien|Protect\n|move|p1b: Indeedee|Psych Up|p1a: Palossand\n|-copyboost|p1b: Indeedee|p1a: Palossand|[from] move: Psych Up\n|move|p2b: Annihilape|Drain Punch|p1b: Indeedee\n|-damage|p1b: Indeedee|61\/100\n|move|p1a: Palossand|Amnesia|p1a: Palossand\n|-boost|p1a: Palossand|spd|2\n|\n|-damage|p1b: Indeedee|49\/100|[from] Leech Seed|[of] p2a: Wo-Chien\n|upkeep\n|turn|5\n|inactive|Axieo has 30 seconds left.\n|inactive|grad_and_sad has 30 seconds left.\n|inactive|Axieo has 20 seconds left.\n|\n|t:|1683328917\n|move|p1b: Indeedee|Stored Power|p2b: Annihilape\n|-supereffective|p2b: Annihilape\n|-damage|p2b: Annihilape|0 fnt\n|faint|p2b: Annihilape\n|move|p2a: Wo-Chien|Pollen Puff|p1a: Palossand\n|-supereffective|p1a: Palossand\n|-damage|p1a: Palossand|91\/100\n|move|p1a: Palossand|Earth Power|p2a: Wo-Chien\n|-resisted|p2a: Wo-Chien\n|-damage|p2a: Wo-Chien|89\/100\n|\n|-damage|p1b: Indeedee|36\/100|[from] Leech Seed|[of] p2a: Wo-Chien\n|-heal|p2a: Wo-Chien|100\/100|[silent]\n|upkeep\n|\n|t:|1683328929\n|switch|p2b: Ting-Lu|Ting-Lu, L50|100\/100\n|-ability|p2b: Ting-Lu|Vessel of Ruin\n|turn|6\n|\n|t:|1683328947\n|move|p1b: Indeedee|Psych Up|p1a: Palossand\n|-copyboost|p1b: Indeedee|p1a: Palossand|[from] move: Psych Up\n|move|p2a: Wo-Chien|Ruination|p1b: Indeedee|[miss]\n|-miss|p2a: Wo-Chien|p1b: Indeedee\n|move|p2b: Ting-Lu|Fissure|p1a: Palossand\n|-damage|p1a: Palossand|0 fnt\n|faint|p1a: Palossand\n|-ohko\n|\n|-damage|p1b: Indeedee|24\/100|[from] Leech Seed|[of] p2a: Wo-Chien\n|upkeep\n|-enditem|p1b: Indeedee|Aguav Berry|[eat]\n|-heal|p1b: Indeedee|57\/100|[from] item: Aguav Berry\n|\n|t:|1683328959\n|switch|p1a: Flamigo|Flamigo, L50, F|100\/100\n|-copyboost|p1a: Flamigo|p1b: Indeedee|[from] ability: Costar\n|turn|7\n|\n|t:|1683328979\n|move|p1b: Indeedee|Follow Me|p1b: Indeedee\n|-singleturn|p1b: Indeedee|move: Follow Me\n|move|p1a: Flamigo|Close Combat|p2b: Ting-Lu\n|-supereffective|p2b: Ting-Lu\n|-damage|p2b: Ting-Lu|35\/100\n|-unboost|p1a: Flamigo|def|1\n|-unboost|p1a: Flamigo|spd|1\n|-damage|p1a: Flamigo|91\/100|[from] item: Life Orb\n|move|p2a: Wo-Chien|Leech Seed|p1b: Indeedee|[miss]\n|-miss|p2a: Wo-Chien|p1b: Indeedee\n|move|p2b: Ting-Lu|Fissure|p1b: Indeedee|[miss]\n|-miss|p2b: Ting-Lu|p1b: Indeedee\n|\n|-damage|p1b: Indeedee|45\/100|[from] Leech Seed|[of] p2a: Wo-Chien\n|-fieldend|move: Psychic Terrain\n|upkeep\n|turn|8\n|\n|t:|1683329001\n|move|p1b: Indeedee|Follow Me|p1b: Indeedee\n|-singleturn|p1b: Indeedee|move: Follow Me\n|move|p1a: Flamigo|Bulk Up|p1a: Flamigo\n|-boost|p1a: Flamigo|atk|1\n|-boost|p1a: Flamigo|def|1\n|move|p2a: Wo-Chien|Leech Seed||[still]\n|-fail|p2a: Wo-Chien\n|move|p2b: Ting-Lu|Stomping Tantrum|p1b: Indeedee\n|-damage|p1b: Indeedee|24\/100\n|\n|-damage|p1b: Indeedee|12\/100|[from] Leech Seed|[of] p2a: Wo-Chien\n|upkeep\n|turn|9\n|\n|t:|1683329024\n|move|p1b: Indeedee|Psych Up|p1a: Flamigo\n|-copyboost|p1b: Indeedee|p1a: Flamigo|[from] move: Psych Up\n|move|p1a: Flamigo|Close Combat|p2a: Wo-Chien\n|-supereffective|p2a: Wo-Chien\n|-damage|p2a: Wo-Chien|0 fnt\n|-unboost|p1a: Flamigo|def|1\n|-unboost|p1a: Flamigo|spd|1\n|faint|p2a: Wo-Chien\n|-damage|p1a: Flamigo|81\/100|[from] item: Life Orb\n|move|p2b: Ting-Lu|Earthquake|p1a: Flamigo|[spread] p1b\n|-immune|p1a: Flamigo\n|-damage|p1b: Indeedee|0 fnt\n|faint|p1b: Indeedee\n|\n|upkeep\n|\n|t:|1683329037\n|switch|p2a: Garganacl|Garganacl, L50, M|100\/100\n|turn|10\n|\n|t:|1683329046\n|move|p1a: Flamigo|Bulk Up|p1a: Flamigo\n|-boost|p1a: Flamigo|atk|1\n|-boost|p1a: Flamigo|def|1\n|move|p2b: Ting-Lu|Fissure|p1a: Flamigo\n|-immune|p1a: Flamigo\n|move|p2a: Garganacl|Salt Cure|p1a: Flamigo\n|-damage|p1a: Flamigo|77\/100\n|-start|p1a: Flamigo|Salt Cure\n|\n|-damage|p1a: Flamigo|65\/100|[from] Salt Cure\n|upkeep\n|turn|11\n|\n|t:|1683329070\n|move|p2a: Garganacl|Protect|p2a: Garganacl\n|-singleturn|p2a: Garganacl|Protect\n|move|p1a: Flamigo|Close Combat|p2b: Ting-Lu\n|-supereffective|p2b: Ting-Lu\n|-damage|p2b: Ting-Lu|0 fnt\n|-unboost|p1a: Flamigo|def|1\n|-unboost|p1a: Flamigo|spd|1\n|faint|p2b: Ting-Lu\n|-damage|p1a: Flamigo|55\/100|[from] item: Life Orb\n|\n|-damage|p1a: Flamigo|43\/100|[from] Salt Cure\n|upkeep\n|turn|12\n|\n|t:|1683329093\n|-terastallize|p2a: Garganacl|Ghost\n|move|p1a: Flamigo|Close Combat|p2a: Garganacl\n|-immune|p2a: Garganacl\n|move|p2a: Garganacl|Body Press|p1a: Flamigo\n|-resisted|p1a: Flamigo\n|-damage|p1a: Flamigo|39\/100\n|\n|-damage|p1a: Flamigo|26\/100|[from] Salt Cure\n|upkeep\n|turn|13\n|\n|t:|1683329108\n|move|p2a: Garganacl|Protect|p2a: Garganacl\n|-singleturn|p2a: Garganacl|Protect\n|move|p1a: Flamigo|Roost|p1a: Flamigo\n|-heal|p1a: Flamigo|77\/100\n|-singleturn|p1a: Flamigo|move: Roost\n|\n|-damage|p1a: Flamigo|65\/100|[from] Salt Cure\n|upkeep\n|turn|14\n|\n|t:|1683329118\n|move|p1a: Flamigo|Throat Chop|p2a: Garganacl\n|-supereffective|p2a: Garganacl\n|-damage|p2a: Garganacl|15\/100\n|-damage|p1a: Flamigo|55\/100|[from] item: Life Orb\n|move|p2a: Garganacl|Body Press|p1a: Flamigo\n|-resisted|p1a: Flamigo\n|-damage|p1a: Flamigo|51\/100\n|\n|-damage|p1a: Flamigo|39\/100|[from] Salt Cure\n|upkeep\n|turn|15\n|\n|t:|1683329130\n|move|p2a: Garganacl|Protect|p2a: Garganacl\n|-singleturn|p2a: Garganacl|Protect\n|move|p1a: Flamigo|Roost|p1a: Flamigo\n|-heal|p1a: Flamigo|89\/100\n|-singleturn|p1a: Flamigo|move: Roost\n|\n|-damage|p1a: Flamigo|77\/100|[from] Salt Cure\n|upkeep\n|turn|16\n|\n|t:|1683329139\n|move|p2a: Garganacl|Protect|p2a: Garganacl\n|-singleturn|p2a: Garganacl|Protect\n|move|p1a: Flamigo|Throat Chop|p2a: Garganacl\n|-activate|p2a: Garganacl|move: Protect\n|\n|-damage|p1a: Flamigo|65\/100|[from] Salt Cure\n|upkeep\n|turn|17\n|\n|t:|1683329147\n|move|p1a: Flamigo|Throat Chop|p2a: Garganacl\n|-supereffective|p2a: Garganacl\n|-damage|p2a: Garganacl|0 fnt\n|faint|p2a: Garganacl\n|-damage|p1a: Flamigo|55\/100|[from] item: Life Orb\n|\n|win|Axieo\n|raw|Axieo's rating: 1053 → 1087<\/strong> (+34 for winning)\n|raw|grad_and_sad's rating: 1079 → 1056<\/strong> (-23 for losing)\n|l|\u2606grad_and_sad\n","uploadtime":1683329162,"views":6,"p1id":"axieo","p2id":"gradandsad","formatid":"gen9vgc2023regulationc","rating":1056,"private":0,"password":""}