{"id":"gen9vgc2023regulationc-1847165524","p1":"Hadrian1917","p2":"Borkis12","format":"[Gen 9] VGC 2023 Regulation C","log":"|j|\u2606Hadrian1917\n|j|\u2606Borkis12\n|t:|1681924445\n|gametype|doubles\n|player|p1|Hadrian1917|brock|1223\n|player|p2|Borkis12|1|1163\n|teamsize|p1|6\n|teamsize|p2|4\n|gen|9\n|tier|[Gen 9] VGC 2023 Regulation C\n|rated|\n|rule|Species Clause: Limit one of each Pok\u00e9mon\n|rule|Item Clause: Limit one of each item\n|clearpoke\n|poke|p1|Flutter Mane, L50|\n|poke|p1|Arcanine, L50, M|\n|poke|p1|Baxcalibur, L50, F|\n|poke|p1|Ting-Lu, L50|\n|poke|p1|Gyarados, L50, M|\n|poke|p1|Amoonguss, L50, M|\n|poke|p2|Lycanroc, L50, M|\n|poke|p2|Tyranitar, L50, F|\n|poke|p2|Garganacl, L50, M|\n|poke|p2|Houndstone, L50, F|\n|teampreview|4\n|inactive|Battle timer is ON: inactive players will automatically lose when time's up. (requested by Borkis12)\n|\n|t:|1681924468\n|start\n|switch|p1a: Arcanine|Arcanine, L50, M|100\/100\n|switch|p1b: Baxcalibur|Baxcalibur, L50, F|100\/100\n|switch|p2a: Garganacl|Garganacl, L50, M|100\/100\n|switch|p2b: Lycanroc|Lycanroc, L50, M|100\/100\n|-ability|p1a: Arcanine|Intimidate|boost\n|-unboost|p2a: Garganacl|atk|1\n|-unboost|p2b: Lycanroc|atk|1\n|turn|1\n|inactive|Hadrian1917 has 30 seconds left.\n|\n|t:|1681924502\n|move|p1b: Baxcalibur|Protect|p1b: Baxcalibur\n|-singleturn|p1b: Baxcalibur|Protect\n|move|p2b: Lycanroc|Rock Slide|p1a: Arcanine|[spread] p1a\n|-activate|p1b: Baxcalibur|move: Protect\n|-supereffective|p1a: Arcanine\n|-damage|p1a: Arcanine|63\/100\n|move|p1a: Arcanine|Howl|p1a: Arcanine|[spread] p1a,p1b\n|-boost|p1a: Arcanine|atk|1\n|-boost|p1b: Baxcalibur|atk|1\n|move|p2a: Garganacl|Salt Cure|p1b: Baxcalibur\n|-activate|p1b: Baxcalibur|move: Protect\n|\n|upkeep\n|turn|2\n|\n|t:|1681924520\n|move|p1a: Arcanine|Extreme Speed|p2b: Lycanroc\n|-resisted|p2b: Lycanroc\n|-damage|p2b: Lycanroc|73\/100\n|move|p1b: Baxcalibur|Ice Shard|p2b: Lycanroc\n|-damage|p2b: Lycanroc|11\/100\n|move|p2b: Lycanroc|Rock Slide|p1b: Baxcalibur|[spread] p1a,p1b\n|-supereffective|p1a: Arcanine\n|-supereffective|p1b: Baxcalibur\n|-damage|p1a: Arcanine|25\/100\n|-damage|p1b: Baxcalibur|70\/100\n|move|p2a: Garganacl|Salt Cure|p1b: Baxcalibur\n|-supereffective|p1b: Baxcalibur\n|-damage|p1b: Baxcalibur|53\/100\n|-start|p1b: Baxcalibur|Salt Cure\n|\n|-damage|p1b: Baxcalibur|40\/100|[from] Salt Cure\n|upkeep\n|turn|3\n|inactive|Hadrian1917 has 30 seconds left.\n|\n|t:|1681924551\n|switch|p2b: Tyranitar|Tyranitar, L50, F, shiny|100\/100\n|-weather|Sandstorm|[from] ability: Sand Stream|[of] p2b: Tyranitar\n|move|p1a: Arcanine|Extreme Speed|p2b: Tyranitar\n|-resisted|p2b: Tyranitar\n|-damage|p2b: Tyranitar|86\/100\n|move|p1b: Baxcalibur|Glaive Rush|p2a: Garganacl\n|-damage|p2a: Garganacl|48\/100\n|-singlemove|p1b: Baxcalibur|Glaive Rush|[silent]\n|move|p2a: Garganacl|Salt Cure|p1a: Arcanine\n|-supereffective|p1a: Arcanine\n|-damage|p1a: Arcanine|6\/100\n|-start|p1a: Arcanine|Salt Cure\n|\n|-weather|Sandstorm|[upkeep]\n|-damage|p1b: Baxcalibur|34\/100|[from] Sandstorm\n|-damage|p1a: Arcanine|0 fnt|[from] Salt Cure\n|faint|p1a: Arcanine\n|-damage|p1b: Baxcalibur|22\/100|[from] Salt Cure\n|upkeep\n|\n|t:|1681924572\n|switch|p1a: Gyarados|Gyarados, L50, M|100\/100\n|-ability|p1a: Gyarados|Intimidate|boost\n|-unboost|p2a: Garganacl|atk|1\n|-unboost|p2b: Tyranitar|atk|1\n|turn|4\n|\n|t:|1681924595\n|move|p1b: Baxcalibur|Icicle Crash|p2b: Tyranitar\n|-damage|p2b: Tyranitar|27\/100\n|move|p1a: Gyarados|Waterfall|p2b: Tyranitar\n|-supereffective|p2b: Tyranitar\n|-damage|p2b: Tyranitar|0 fnt\n|faint|p2b: Tyranitar\n|move|p2a: Garganacl|Recover|p2a: Garganacl\n|-heal|p2a: Garganacl|98\/100\n|\n|-weather|Sandstorm|[upkeep]\n|-damage|p1b: Baxcalibur|16\/100|[from] Sandstorm\n|-damage|p1a: Gyarados|94\/100|[from] Sandstorm\n|-damage|p1b: Baxcalibur|4\/100|[from] Salt Cure\n|upkeep\n|\n|t:|1681924612\n|switch|p2b: Houndstone|Houndstone, L50, F|100\/100\n|turn|5\n|\n|t:|1681924627\n|-terastallize|p2b: Houndstone|Ghost\n|move|p2b: Houndstone|Last Respects|p1a: Gyarados\n|-damage|p1a: Gyarados|18\/100\n|-enditem|p1a: Gyarados|Sitrus Berry|[eat]\n|-heal|p1a: Gyarados|43\/100|[from] item: Sitrus Berry\n|-damage|p2b: Houndstone|91\/100|[from] item: Life Orb\n|move|p1b: Baxcalibur|Glaive Rush|p2a: Garganacl\n|-damage|p2a: Garganacl|46\/100\n|-singlemove|p1b: Baxcalibur|Glaive Rush|[silent]\n|move|p1a: Gyarados|Waterfall|p2a: Garganacl\n|-supereffective|p2a: Garganacl\n|-damage|p2a: Garganacl|11\/100\n|move|p2a: Garganacl|Salt Cure|p1a: Gyarados\n|-supereffective|p1a: Gyarados\n|-damage|p1a: Gyarados|30\/100\n|-start|p1a: Gyarados|Salt Cure\n|\n|-weather|Sandstorm|[upkeep]\n|-damage|p1b: Baxcalibur|0 fnt|[from] Sandstorm\n|-damage|p1a: Gyarados|24\/100|[from] Sandstorm\n|faint|p1b: Baxcalibur\n|-damage|p1a: Gyarados|0 fnt|[from] Salt Cure\n|faint|p1a: Gyarados\n|upkeep\n|\n|t:|1681924648\n|switch|p1b: Flutter Mane|Flutter Mane, L50|100\/100\n|turn|6\n|\n|t:|1681924663\n|-terastallize|p1b: Flutter Mane|Fairy\n|move|p2a: Garganacl|Wide Guard|p2a: Garganacl\n|-singleturn|p2a: Garganacl|Wide Guard\n|move|p2b: Houndstone|Last Respects|p1b: Flutter Mane\n|-damage|p1b: Flutter Mane|0 fnt\n|faint|p1b: Flutter Mane\n|-end|p1b: Flutter Mane|Protosynthesis|[silent]\n|-damage|p2b: Houndstone|81\/100|[from] item: Life Orb\n|\n|win|Borkis12\n|raw|Hadrian1917's rating: 1223 → 1194<\/strong> (-29 for losing)\n|raw|Borkis12's rating: 1163 → 1192<\/strong> (+29 for winning)\n","uploadtime":1681924675,"views":13,"p1id":"hadrian1917","p2id":"borkis12","formatid":"gen9vgc2023regulationc","rating":1192,"private":0,"password":""}