{"id":"gen9vgc2023regulationc-1860410133","p1":"beastofpeace","p2":"titterman","format":"[Gen 9] VGC 2023 Regulation C","log":"|j|\u2606beastofpeace\n|j|\u2606titterman\n|t:|1683641775\n|gametype|doubles\n|player|p1|beastofpeace|2|1147\n|player|p2|titterman|101|1096\n|teamsize|p1|6\n|teamsize|p2|6\n|gen|9\n|tier|[Gen 9] VGC 2023 Regulation C\n|rated|\n|rule|Species Clause: Limit one of each Pok\u00e9mon\n|rule|Item Clause: Limit one of each item\n|clearpoke\n|poke|p1|Palafin, L50, F|\n|poke|p1|Tyranitar, L50, M|\n|poke|p1|Talonflame, L50, M|\n|poke|p1|Dragapult, L50, F|\n|poke|p1|Amoonguss, L50, F|\n|poke|p1|Flutter Mane, L50|\n|poke|p2|Amoonguss, L50, M|\n|poke|p2|Arcanine, L50, M|\n|poke|p2|Flutter Mane, L50|\n|poke|p2|Dragonite, L50, F|\n|poke|p2|Palafin, L50, M|\n|poke|p2|Chien-Pao, L50|\n|teampreview|4\n|inactive|Battle timer is ON: inactive players will automatically lose when time's up. (requested by beastofpeace)\n|inactive|beastofpeace has 60 seconds left.\n|inactive|titterman has 60 seconds left.\n|\n|t:|1683641821\n|start\n|switch|p1a: Dragapult|Dragapult, L50, F|100\/100\n|switch|p1b: Talonflame|Talonflame, L50, M|100\/100\n|switch|p2a: Chien-Pao|Chien-Pao, L50|100\/100\n|switch|p2b: Palafin|Palafin, L50, M, shiny|100\/100\n|-ability|p2a: Chien-Pao|Sword of Ruin\n|turn|1\n|inactive|beastofpeace has 30 seconds left.\n|\n|t:|1683641853\n|-terastallize|p2b: Palafin|Water\n|move|p2b: Palafin|Jet Punch|p1b: Talonflame\n|-supereffective|p1b: Talonflame\n|-damage|p1b: Talonflame|0 fnt\n|faint|p1b: Talonflame\n|move|p1a: Dragapult|Dragon Darts|p2a: Chien-Pao\n|-damage|p2a: Chien-Pao|50\/100\n|-anim|p1a: Dragapult|Dragon Darts|p2b: Palafin\n|-damage|p2b: Palafin|34\/100\n|move|p2a: Chien-Pao|Throat Chop|p1a: Dragapult\n|-supereffective|p1a: Dragapult\n|-damage|p1a: Dragapult|0 fnt\n|faint|p1a: Dragapult\n|\n|upkeep\n|\n|t:|1683641865\n|switch|p1a: Tyranitar|Tyranitar, L50, M|100\/100\n|switch|p1b: Flutter Mane|Flutter Mane, L50|100\/100\n|-weather|Sandstorm|[from] ability: Sand Stream|[of] p1a: Tyranitar\n|-enditem|p1b: Flutter Mane|Booster Energy\n|-activate|p1b: Flutter Mane|ability: Protosynthesis|[fromitem]\n|-start|p1b: Flutter Mane|protosynthesisspa\n|turn|2\n|inactive|beastofpeace has 30 seconds left.\n|inactive|beastofpeace has 20 seconds left.\n|inactive|beastofpeace has 15 seconds left.\n|\n|t:|1683641907\n|detailschange|p2b: Palafin|Palafin-Hero, L50, M, shiny, tera:Water\n|switch|p2b: Arcanine|Arcanine, L50, M, shiny|100\/100\n|-ability|p2b: Arcanine|Intimidate|boost\n|-unboost|p1a: Tyranitar|atk|1\n|-unboost|p1b: Flutter Mane|atk|1\n|-terastallize|p1a: Tyranitar|Water\n|move|p2a: Chien-Pao|Protect|p2a: Chien-Pao\n|-singleturn|p2a: Chien-Pao|Protect\n|move|p1b: Flutter Mane|Protect|p1b: Flutter Mane\n|-singleturn|p1b: Flutter Mane|Protect\n|move|p1a: Tyranitar|Rock Blast|p2a: Chien-Pao\n|-activate|p2a: Chien-Pao|move: Protect\n|\n|-weather|Sandstorm|[upkeep]\n|-damage|p2a: Chien-Pao|44\/100|[from] Sandstorm\n|-damage|p1b: Flutter Mane|95\/100|[from] Sandstorm\n|-damage|p2b: Arcanine|95\/100|[from] Sandstorm\n|-damage|p1a: Tyranitar|95\/100|[from] Sandstorm\n|upkeep\n|turn|3\n|\n|t:|1683641931\n|move|p2a: Chien-Pao|Throat Chop|p1b: Flutter Mane\n|-damage|p1b: Flutter Mane|19\/100\n|-start|p1b: Flutter Mane|Throat Chop|[silent]\n|move|p1b: Flutter Mane|Moonblast|p2a: Chien-Pao\n|-supereffective|p2a: Chien-Pao\n|-damage|p2a: Chien-Pao|0 fnt\n|faint|p2a: Chien-Pao\n|move|p2b: Arcanine|Will-O-Wisp|p1a: Tyranitar|[miss]\n|-miss|p2b: Arcanine|p1a: Tyranitar\n|move|p1a: Tyranitar|Rock Blast|p2b: Arcanine\n|-supereffective|p2b: Arcanine\n|-damage|p2b: Arcanine|73\/100\n|-supereffective|p2b: Arcanine\n|-damage|p2b: Arcanine|49\/100\n|-supereffective|p2b: Arcanine\n|-damage|p2b: Arcanine|26\/100\n|-supereffective|p2b: Arcanine\n|-damage|p2b: Arcanine|4\/100\n|-hitcount|p2b: Arcanine|4\n|\n|-weather|Sandstorm|[upkeep]\n|-damage|p1b: Flutter Mane|13\/100|[from] Sandstorm\n|-damage|p2b: Arcanine|0 fnt|[from] Sandstorm\n|-damage|p1a: Tyranitar|89\/100|[from] Sandstorm\n|faint|p2b: Arcanine\n|upkeep\n|\n|t:|1683641939\n|switch|p2a: Palafin|Palafin-Hero, L50, M, shiny, tera:Water|34\/100\n|switch|p2b: Darla|Flutter Mane, L50, shiny|100\/100\n|-activate|p2a: Palafin|ability: Zero to Hero\n|turn|4\n|inactive|beastofpeace has 30 seconds left.\n|\n|t:|1683641969\n|move|p1b: Flutter Mane|Protect|p1b: Flutter Mane\n|-singleturn|p1b: Flutter Mane|Protect\n|move|p2a: Palafin|Jet Punch|p1b: Flutter Mane\n|-activate|p1b: Flutter Mane|move: Protect\n|move|p2b: Darla|Thunderbolt|p1a: Tyranitar\n|-supereffective|p1a: Tyranitar\n|-damage|p1a: Tyranitar|24\/100\n|-damage|p2b: Darla|90\/100|[from] item: Life Orb\n|move|p1a: Tyranitar|Rock Blast|p2b: Darla\n|-damage|p2b: Darla|67\/100\n|-crit|p2b: Darla\n|-damage|p2b: Darla|21\/100\n|-damage|p2b: Darla|0 fnt\n|faint|p2b: Darla\n|-end|p2b: Darla|Protosynthesis|[silent]\n|-hitcount|p2: Darla|3\n|\n|-weather|Sandstorm|[upkeep]\n|-damage|p1b: Flutter Mane|7\/100|[from] Sandstorm\n|-damage|p2a: Palafin|28\/100|[from] Sandstorm\n|-damage|p1a: Tyranitar|18\/100|[from] Sandstorm\n|-end|p1b: Flutter Mane|Throat Chop|[silent]\n|upkeep\n|turn|5\n|\n|t:|1683641990\n|move|p2a: Palafin|Jet Punch|p1b: Flutter Mane\n|-damage|p1b: Flutter Mane|0 fnt\n|faint|p1b: Flutter Mane\n|-end|p1b: Flutter Mane|Protosynthesis|[silent]\n|move|p1a: Tyranitar|Rock Blast|p2a: Palafin\n|-damage|p2a: Palafin|18\/100\n|-crit|p2a: Palafin\n|-damage|p2a: Palafin|0 fnt\n|faint|p2a: Palafin\n|-hitcount|p2: Palafin|2\n|\n|win|beastofpeace\n|raw|beastofpeace's rating: 1147 → 1168<\/strong> (+21 for winning)\n|raw|titterman's rating: 1096 → 1075<\/strong> (-21 for losing)\n|l|\u2606titterman\n","uploadtime":1683642006,"views":6,"p1id":"beastofpeace","p2id":"titterman","formatid":"gen9vgc2023regulationc","rating":1075,"private":0,"password":""}