{"id":"gen9vgc2023regulationc-1851937126","p1":"trynderror","p2":"M4tty02","format":"[Gen 9] VGC 2023 Regulation C","log":"|j|\u2606trynderror\n|j|\u2606M4tty02\n|t:|1682508375\n|gametype|doubles\n|player|p1|trynderror|170|1420\n|player|p2|M4tty02|emmet|1323\n|teamsize|p1|6\n|teamsize|p2|6\n|gen|9\n|tier|[Gen 9] VGC 2023 Regulation C\n|rated|\n|rule|Species Clause: Limit one of each Pok\u00e9mon\n|rule|Item Clause: Limit one of each item\n|clearpoke\n|poke|p1|Maushold, L50|\n|poke|p1|Annihilape, L50, M|\n|poke|p1|Iron Bundle, L50|\n|poke|p1|Arcanine, L50, M|\n|poke|p1|Gholdengo, L50|\n|poke|p1|Scream Tail, L50|\n|poke|p2|Chi-Yu, L50|\n|poke|p2|Flutter Mane, L50|\n|poke|p2|Amoonguss, L50, M|\n|poke|p2|Iron Hands, L50|\n|poke|p2|Palafin, L50, M|\n|poke|p2|Arcanine, L50, M|\n|teampreview|4\n|inactive|Battle timer is ON: inactive players will automatically lose when time's up. (requested by trynderror)\nM4tty02 has agreed to open team sheets.\n|inactive|M4tty02 has 60 seconds left.\n|inactive|trynderror has 60 seconds left.\n|inactive|M4tty02 has 30 seconds left.\n|\n|t:|1682508446\n|start\n|switch|p1a: Annihilape|Annihilape, L50, M|100\/100\n|switch|p1b: Scream Tail|Scream Tail, L50|100\/100\n|switch|p2a: Flutter Mane|Flutter Mane, L50|100\/100\n|switch|p2b: Chi-Yu|Chi-Yu, L50|100\/100\n|-ability|p2b: Chi-Yu|Beads of Ruin\n|-enditem|p1b: Scream Tail|Booster Energy\n|-activate|p1b: Scream Tail|ability: Protosynthesis|[fromitem]\n|-start|p1b: Scream Tail|protosynthesisspe\n|-enditem|p2a: Flutter Mane|Booster Energy\n|-activate|p2a: Flutter Mane|ability: Protosynthesis|[fromitem]\n|-start|p2a: Flutter Mane|protosynthesisspa\n|turn|1\n|\n|t:|1682508458\n|-terastallize|p2a: Flutter Mane|Fairy\n|-terastallize|p1a: Annihilape|Water\n|move|p1b: Scream Tail|Thunder Wave|p2a: Flutter Mane\n|-status|p2a: Flutter Mane|par\n|move|p2b: Chi-Yu|Heat Wave|p1b: Scream Tail|[spread] p1a,p1b\n|-resisted|p1a: Annihilape\n|-damage|p1a: Annihilape|81\/100\n|-damage|p1b: Scream Tail|66\/100\n|-status|p1b: Scream Tail|brn\n|move|p1a: Annihilape|Rage Fist|p2a: Flutter Mane\n|-damage|p2a: Flutter Mane|25\/100 par\n|move|p2a: Flutter Mane|Shadow Ball|p1a: Annihilape\n|-damage|p1a: Annihilape|13\/100\n|-unboost|p1a: Annihilape|spd|1\n|-ability|p1a: Annihilape|Defiant|boost\n|-boost|p1a: Annihilape|atk|2\n|-enditem|p1a: Annihilape|Sitrus Berry|[eat]\n|-heal|p1a: Annihilape|38\/100|[from] item: Sitrus Berry\n|\n|-damage|p1b: Scream Tail|60\/100 brn|[from] brn\n|upkeep\n|turn|2\n|\n|t:|1682508481\n|move|p1b: Scream Tail|Disable|p2b: Chi-Yu\n|-start|p2b: Chi-Yu|Disable|Heat Wave\n|cant|p2b: Chi-Yu|Disable|Heat Wave\n|move|p1a: Annihilape|Drain Punch|p2b: Chi-Yu\n|-supereffective|p2b: Chi-Yu\n|-damage|p2b: Chi-Yu|0 fnt\n|-heal|p1a: Annihilape|72\/100|[from] drain|[of] p2b: Chi-Yu\n|faint|p2b: Chi-Yu\n|move|p2a: Flutter Mane|Shadow Ball|p1b: Scream Tail\n|-supereffective|p1b: Scream Tail\n|-damage|p1b: Scream Tail|0 fnt\n|faint|p1b: Scream Tail\n|-end|p1b: Scream Tail|Protosynthesis|[silent]\n|\n|upkeep\n|\n|t:|1682508495\n|switch|p1b: Maushold|Maushold, L50|100\/100\n|switch|p2b: Iron Hands|Iron Hands, L50|100\/100\n|turn|3\n|\n|t:|1682508513\n|move|p1b: Maushold|Protect|p1b: Maushold\n|-singleturn|p1b: Maushold|Protect\n|move|p1a: Annihilape|Protect|p1a: Annihilape\n|-singleturn|p1a: Annihilape|Protect\n|move|p2b: Iron Hands|Fake Out|p1a: Annihilape\n|-activate|p1a: Annihilape|move: Protect\n|move|p2a: Flutter Mane|Dazzling Gleam|p1b: Maushold|[spread] \n|-activate|p1a: Annihilape|move: Protect\n|-activate|p1b: Maushold|move: Protect\n|\n|upkeep\n|turn|4\n|\n|t:|1682508529\n|move|p1b: Maushold|Beat Up|p1a: Annihilape\n|-damage|p1a: Annihilape|70\/100\n|-damage|p1a: Annihilape|68\/100\n|-damage|p1a: Annihilape|66\/100\n|-hitcount|p1a: Annihilape|3\n|move|p1a: Annihilape|Rage Fist|p2b: Iron Hands\n|-damage|p2b: Iron Hands|0 fnt\n|faint|p2b: Iron Hands\n|-end|p2b: Iron Hands|Quark Drive|[silent]\n|move|p2a: Flutter Mane|Dazzling Gleam|p1b: Maushold|[spread] p1a,p1b\n|-damage|p1a: Annihilape|9\/100\n|-damage|p1b: Maushold|40\/100\n|\n|upkeep\n|\n|t:|1682508533\n|switch|p2b: Amoonguss|Amoonguss, L50, M, shiny|100\/100\n|turn|5\n|\n|t:|1682508544\n|move|p2b: Amoonguss|Protect|p2b: Amoonguss\n|-singleturn|p2b: Amoonguss|Protect\n|move|p1b: Maushold|Follow Me|p1b: Maushold\n|-singleturn|p1b: Maushold|move: Follow Me\n|move|p1a: Annihilape|Rage Fist|p2a: Flutter Mane\n|-damage|p2a: Flutter Mane|0 fnt\n|faint|p2a: Flutter Mane\n|-end|p2a: Flutter Mane|Protosynthesis|[silent]\n|\n|upkeep\n|turn|6\n|-message|M4tty02 forfeited.\n|\n|win|trynderror\n|raw|trynderror's rating: 1420 → 1435<\/strong> (+15 for winning)\n|raw|M4tty02's rating: 1323 → 1308<\/strong> (-15 for losing)\n|l|\u2606M4tty02\n","uploadtime":1682508557,"views":9,"p1id":"trynderror","p2id":"m4tty02","formatid":"gen9vgc2023regulationc","rating":1308,"private":0,"password":""}