{"id":"gen9vgc2023regulationc-1850791645","p1":"N3rdSl4y3r","p2":"Funnyman Krebs","format":"[Gen 9] VGC 2023 Regulation C","log":"|j|\u2606N3rdSl4y3r\n|j|\u2606Funnyman Krebs\n|t:|1682368200\n|gametype|doubles\n|player|p1|N3rdSl4y3r|rika|\n|player|p2|Funnyman Krebs|wallace|\n|teamsize|p1|6\n|teamsize|p2|6\n|gen|9\n|tier|[Gen 9] VGC 2023 Regulation C\n|rule|Species Clause: Limit one of each Pok\u00e9mon\n|rule|Item Clause: Limit one of each item\n|clearpoke\n|poke|p1|Breloom, L50, M|\n|poke|p1|Chi-Yu, L50|\n|poke|p1|Azumarill, L50, F|\n|poke|p1|Baxcalibur, L50, F|\n|poke|p1|Flutter Mane, L50|\n|poke|p1|Maushold-Four, L50|\n|poke|p2|Glimmora, L50, M|\n|poke|p2|Arcanine, L50, M|\n|poke|p2|Wo-Chien, L50|\n|poke|p2|Flutter Mane, L50|\n|poke|p2|Dondozo, L50, F|\n|poke|p2|Tatsugiri-Stretchy, L50, M|\n|teampreview|4\nFunnyman Krebs has agreed to open team sheets.\nN3rdSl4y3r has agreed to open team sheets.\n|c|\u2606N3rdSl4y3r|glhf!\n|c|\u2606Funnyman Krebs|u2!\n|\n|t:|1682368263\n|start\n|switch|p1a: Chi-Nuke|Chi-Yu, L50|100\/100\n|switch|p1b: Azumarill|Azumarill, L50, F|100\/100\n|switch|p2a: Flutter Mid|Flutter Mane, L50, shiny|100\/100\n|switch|p2b: Wheeeee!|Glimmora, L50, M, shiny|100\/100\n|-ability|p1a: Chi-Nuke|Beads of Ruin\n|-enditem|p2a: Flutter Mid|Booster Energy\n|-activate|p2a: Flutter Mid|ability: Protosynthesis|[fromitem]\n|-start|p2a: Flutter Mid|protosynthesisspa\n|turn|1\n|\n|t:|1682368300\n|switch|p1b: samuel(s)|Maushold-Four, L50|100\/100\n|move|p2a: Flutter Mid|Dazzling Gleam|p1b: samuel(s)|[spread] p1a,p1b\n|-damage|p1a: Chi-Nuke|71\/100\n|-damage|p1b: samuel(s)|36\/100\n|move|p2b: Wheeeee!|Power Gem|p1a: Chi-Nuke\n|-supereffective|p1a: Chi-Nuke\n|-crit|p1a: Chi-Nuke\n|-damage|p1a: Chi-Nuke|0 fnt\n|faint|p1a: Chi-Nuke\n|\n|upkeep\n|c|\u2606N3rdSl4y3r|I just changed my evs LMAO I forgot that I made it min speed lollll\n|\n|t:|1682368326\n|switch|p1a: Hovering Cane|Flutter Mane, L50, shiny|100\/100\n|-enditem|p1a: Hovering Cane|Booster Energy\n|-activate|p1a: Hovering Cane|ability: Protosynthesis|[fromitem]\n|-start|p1a: Hovering Cane|protosynthesisspa\n|turn|2\n|c|\u2606Funnyman Krebs|Min speed??\n|c|\u2606Funnyman Krebs|For what??\n|c|\u2606N3rdSl4y3r|all bulk\n|c|\u2606N3rdSl4y3r|I'm messing around with it\n|c|\u2606Funnyman Krebs|Oh so not MIN speed\n|c|\u2606Funnyman Krebs|Just no investment\n|c|\u2606Funnyman Krebs|I see\n|\n|t:|1682368368\n|move|p1b: samuel(s)|Follow Me|p1b: samuel(s)\n|-singleturn|p1b: samuel(s)|move: Follow Me\n|move|p1a: Hovering Cane|Shadow Ball|p2a: Flutter Mid\n|-supereffective|p2a: Flutter Mid\n|-damage|p2a: Flutter Mid|0 fnt\n|faint|p2a: Flutter Mid\n|-end|p2a: Flutter Mid|Protosynthesis|[silent]\n|move|p2b: Wheeeee!|Mortal Spin|p1a: Hovering Cane|[spread] p1a,p1b\n|-damage|p1a: Hovering Cane|95\/100\n|-damage|p1b: samuel(s)|30\/100\n|-status|p1a: Hovering Cane|psn\n|-status|p1b: samuel(s)|psn\n|\n|-damage|p1a: Hovering Cane|83\/100 psn|[from] psn\n|-damage|p1b: samuel(s)|18\/100 psn|[from] psn\n|upkeep\n|c|\u2606N3rdSl4y3r|I'm seeing if a bulky nuke as chi yu works\n|c|\u2606Funnyman Krebs|You need to give it some speed control too\n|c|\u2606N3rdSl4y3r|ye\n|\n|t:|1682368394\n|switch|p2a: Pee-wee|Tatsugiri-Stretchy, L50, M|100\/100\n|turn|3\n|c|\u2606N3rdSl4y3r|I've messed aorund with it but I don't rly like it so far\n|\n|t:|1682368422\n|-terastallize|p2a: Pee-wee|Steel\n|move|p1b: samuel(s)|Follow Me|p1b: samuel(s)\n|-singleturn|p1b: samuel(s)|move: Follow Me\n|move|p2a: Pee-wee|Muddy Water|p1b: samuel(s)|[spread] p1a,p1b\n|-damage|p1a: Hovering Cane|57\/100 psn\n|-damage|p1b: samuel(s)|0 fnt\n|-unboost|p1a: Hovering Cane|accuracy|1\n|faint|p1b: samuel(s)\n|move|p1a: Hovering Cane|Thunderbolt|p2b: Wheeeee!\n|-damage|p2b: Wheeeee!|62\/100\n|move|p2b: Wheeeee!|Power Gem|p1a: Hovering Cane\n|-damage|p1a: Hovering Cane|16\/100 psn\n|\n|-damage|p1a: Hovering Cane|4\/100 psn|[from] psn\n|upkeep\n|\n|t:|1682368437\n|switch|p1b: Azumarill|Azumarill, L50, F|100\/100\n|turn|4\n|\n|t:|1682368451\n|move|p2a: Pee-wee|Muddy Water|p1b: Azumarill|[spread] p1b\n|-miss|p2a: Pee-wee|p1a: Hovering Cane\n|-resisted|p1b: Azumarill\n|-damage|p1b: Azumarill|84\/100\n|move|p1a: Hovering Cane|Shadow Ball|p2b: Wheeeee!\n|-damage|p2b: Wheeeee!|5\/100\n|move|p2b: Wheeeee!|Mortal Spin|p1b: Azumarill|[spread] p1a,p1b\n|-supereffective|p1b: Azumarill\n|-damage|p1a: Hovering Cane|0 fnt\n|-damage|p1b: Azumarill|75\/100\n|-status|p1b: Azumarill|psn\n|faint|p1a: Hovering Cane\n|-end|p1a: Hovering Cane|Protosynthesis|[silent]\n|move|p1b: Azumarill|Liquidation|p2a: Pee-wee\n|-damage|p2a: Pee-wee|1\/100\n|\n|-damage|p1b: Azumarill|62\/100 psn|[from] psn\n|upkeep\n|turn|5\n|\n|t:|1682368485\n|move|p2a: Pee-wee|Muddy Water|p1b: Azumarill\n|-resisted|p1b: Azumarill\n|-damage|p1b: Azumarill|38\/100 psn\n|-enditem|p1b: Azumarill|Sitrus Berry|[eat]\n|-heal|p1b: Azumarill|63\/100 psn|[from] item: Sitrus Berry\n|move|p2b: Wheeeee!|Energy Ball|p1b: Azumarill\n|-supereffective|p1b: Azumarill\n|-damage|p1b: Azumarill|4\/100 psn\n|move|p1b: Azumarill|Liquidation|p2b: Wheeeee!\n|-supereffective|p2b: Wheeeee!\n|-damage|p2b: Wheeeee!|0 fnt\n|-activate|p2b: Wheeeee!|ability: Toxic Debris\n|-sidestart|p1: N3rdSl4y3r|move: Toxic Spikes\n|faint|p2b: Wheeeee!\n|\n|-damage|p1b: Azumarill|0 fnt|[from] psn\n|faint|p1b: Azumarill\n|\n|win|Funnyman Krebs\n|upkeep\n|c|\u2606Funnyman Krebs|gg\n","uploadtime":1682368505,"views":22,"p1id":"n3rdsl4y3r","p2id":"funnymankrebs","formatid":"gen9vgc2023regulationc","rating":0,"private":0,"password":""}