{"id":"gen9vgc2023regulationc-1857080635","p1":"GAPDHB","p2":"Vengeful potato","format":"[Gen 9] VGC 2023 Regulation C","log":"|j|\u2606GAPDHB\n|j|\u2606Vengeful potato\n|t:|1683143851\n|gametype|doubles\n|player|p1|GAPDHB|ruinmaniac|1343\n|player|p2|Vengeful potato|swimmer-gen4|1247\n|teamsize|p1|6\n|teamsize|p2|6\n|gen|9\n|tier|[Gen 9] VGC 2023 Regulation C\n|rated|\n|rule|Species Clause: Limit one of each Pok\u00e9mon\n|rule|Item Clause: Limit one of each item\n|clearpoke\n|poke|p1|Maushold, L50|\n|poke|p1|Annihilape, L50, M|\n|poke|p1|Talonflame, L50, M|\n|poke|p1|Iron Bundle, L50|\n|poke|p1|Lucario, L50, F|\n|poke|p1|Chi-Yu, L50|\n|poke|p2|Dudunsparce-*, L50, M|\n|poke|p2|Hariyama, L50, M|\n|poke|p2|Chi-Yu, L50|\n|poke|p2|Salamence, L50, F|\n|poke|p2|Tinkaton, L50, F|\n|poke|p2|Rotom-Wash, L50|\n|teampreview|4\nGAPDHB has agreed to open team sheets.\nVengeful potato has agreed to open team sheets.\n|\n|t:|1683143905\n|start\n|switch|p1a: Iron Bundle|Iron Bundle, L50|100\/100\n|switch|p1b: Chi-Yu|Chi-Yu, L50|100\/100\n|switch|p2a: Double Down|Dudunsparce, L50, M|100\/100\n|switch|p2b: THICC!|Hariyama, L50, M, shiny|100\/100\n|-ability|p1b: Chi-Yu|Beads of Ruin\n|-enditem|p1a: Iron Bundle|Booster Energy\n|-activate|p1a: Iron Bundle|ability: Quark Drive|[fromitem]\n|-start|p1a: Iron Bundle|quarkdrivespe\n|turn|1\n|\n|t:|1683143927\n|move|p2b: THICC!|Fake Out|p1a: Iron Bundle\n|-damage|p1a: Iron Bundle|86\/100\n|cant|p1a: Iron Bundle|flinch\n|move|p1b: Chi-Yu|Heat Wave|p2b: THICC!|[spread] p2a,p2b\n|-damage|p2a: Double Down|29\/100\n|-damage|p2b: THICC!|70\/100\n|-enditem|p2a: Double Down|Sitrus Berry|[eat]\n|-heal|p2a: Double Down|53\/100|[from] item: Sitrus Berry\n|move|p2a: Double Down|Glare|p1b: Chi-Yu\n|-status|p1b: Chi-Yu|par\n|\n|upkeep\n|turn|2\n|\n|t:|1683143945\n|move|p1a: Iron Bundle|Hydro Pump|p2b: THICC!\n|-damage|p2b: THICC!|10\/100\n|-enditem|p2b: THICC!|Mago Berry|[eat]\n|-heal|p2b: THICC!|43\/100|[from] item: Mago Berry\n|move|p2a: Double Down|Rock Slide|p1b: Chi-Yu|[spread] p1a,p1b\n|-supereffective|p1a: Iron Bundle\n|-supereffective|p1b: Chi-Yu\n|-damage|p1a: Iron Bundle|54\/100\n|-damage|p1b: Chi-Yu|55\/100 par\n|move|p1b: Chi-Yu|Heat Wave|p2b: THICC!|[spread] p2a,p2b\n|-damage|p2a: Double Down|0 fnt\n|-damage|p2b: THICC!|11\/100\n|faint|p2a: Double Down\n|move|p2b: THICC!|Drain Punch|p1a: Iron Bundle\n|-supereffective|p1a: Iron Bundle\n|-damage|p1a: Iron Bundle|0 fnt\n|-heal|p2b: THICC!|27\/100|[from] drain|[of] p1a: Iron Bundle\n|faint|p1a: Iron Bundle\n|-end|p1a: Iron Bundle|Quark Drive|[silent]\n|\n|upkeep\n|\n|t:|1683143963\n|switch|p1a: Annihilape|Annihilape, L50, M|100\/100\n|switch|p2a: \ud83d\udca6|Rotom-Wash, L50, shiny|100\/100\n|turn|3\n|\n|t:|1683143976\n|switch|p2b: Nemo|Chi-Yu, L50|100\/100\n|-ability|p2b: Nemo|Beads of Ruin\n|move|p1a: Annihilape|Rage Fist|p2b: Nemo\n|-resisted|p2b: Nemo\n|-damage|p2b: Nemo|86\/100\n|move|p2a: \ud83d\udca6|Will-O-Wisp|p1a: Annihilape\n|-status|p1a: Annihilape|brn\n|move|p1b: Chi-Yu|Heat Wave|p2b: Nemo|[spread] p2a,p2b\n|-resisted|p2a: \ud83d\udca6\n|-resisted|p2b: Nemo\n|-damage|p2a: \ud83d\udca6|68\/100\n|-damage|p2b: Nemo|60\/100\n|\n|-damage|p1a: Annihilape|94\/100 brn|[from] brn\n|upkeep\n|turn|4\n|\n|t:|1683143997\n|switch|p1b: Maushold|Maushold, L50|100\/100\n|move|p2b: Nemo|Hex|p1a: Annihilape\n|-supereffective|p1a: Annihilape\n|-damage|p1a: Annihilape|0 fnt\n|faint|p1a: Annihilape\n|move|p2a: \ud83d\udca6|Hydro Pump|p1b: Maushold|[miss]\n|-miss|p2a: \ud83d\udca6|p1b: Maushold\n|\n|upkeep\n|\n|t:|1683144006\n|switch|p1a: Chi-Yu|Chi-Yu, L50|55\/100 par\n|-ability|p1a: Chi-Yu|Beads of Ruin\n|turn|5\n|\n|t:|1683144035\n|switch|p2b: THICC!|Hariyama, L50, M, shiny|27\/100\n|-terastallize|p1a: Chi-Yu|Grass\n|move|p1b: Maushold|Follow Me|p1b: Maushold\n|-singleturn|p1b: Maushold|move: Follow Me\n|move|p2a: \ud83d\udca6|Volt Switch|p1b: Maushold\n|-damage|p1b: Maushold|66\/100\n|\n|t:|1683144049\n|switch|p2a: Nemo|Chi-Yu, L50|60\/100|[from] Volt Switch\n|-ability|p2a: Nemo|Beads of Ruin\n|cant|p1a: Chi-Yu|par\n|\n|upkeep\n|turn|6\n|\n|t:|1683144061\n|move|p1b: Maushold|Protect|p1b: Maushold\n|-singleturn|p1b: Maushold|Protect\n|move|p2b: THICC!|Fake Out|p1b: Maushold\n|-activate|p1b: Maushold|move: Protect\n|move|p2a: Nemo|Heat Wave|p1a: Chi-Yu|[spread] p1a\n|-activate|p1b: Maushold|move: Protect\n|-supereffective|p1a: Chi-Yu\n|-damage|p1a: Chi-Yu|0 fnt\n|faint|p1a: Chi-Yu\n|\n|upkeep\n|turn|7\n|-message|GAPDHB forfeited.\n|\n|win|Vengeful potato\n|raw|GAPDHB's rating: 1343 → 1318<\/strong> (-25 for losing)\n|raw|Vengeful potato's rating: 1247 → 1279<\/strong> (+32 for winning)\n|l|\u2606GAPDHB\n","uploadtime":1683144099,"views":8,"p1id":"gapdhb","p2id":"vengefulpotato","formatid":"gen9vgc2023regulationc","rating":1279,"private":0,"password":""}