{"id":"gen9vgc2023regulationc-1862753127","p1":"JaiGosai","p2":"SwedeLRL","format":"[Gen 9] VGC 2023 Regulation C","log":"|j|\u2606JaiGosai\n|j|\u2606SwedeLRL\n|t:|1683918373\n|gametype|doubles\n|player|p1|JaiGosai|2|\n|player|p2|SwedeLRL|265|\n|teamsize|p1|6\n|teamsize|p2|6\n|gen|9\n|tier|[Gen 9] VGC 2023 Regulation C\n|rule|Species Clause: Limit one of each Pok\u00e9mon\n|rule|Item Clause: Limit one of each item\n|clearpoke\n|poke|p1|Baxcalibur, L50, M|\n|poke|p1|Flutter Mane, L50|\n|poke|p1|Ting-Lu, L50|\n|poke|p1|Arcanine, L50, F|\n|poke|p1|Amoonguss, L50, F|\n|poke|p1|Palafin, L50, M|\n|poke|p2|Lycanroc, L50, M|\n|poke|p2|Corviknight, L50, F|\n|poke|p2|Iron Bundle, L50|\n|poke|p2|Tyranitar, L50, M|\n|poke|p2|Garchomp, L50, F|\n|poke|p2|Flutter Mane, L50|\n|teampreview|4\n|inactive|Battle timer is ON: inactive players will automatically lose when time's up. (requested by JaiGosai)\n|inactiveoff|Battle timer is now OFF.\n|c|\u2606JaiGosai|g1\n|j| GenericName3333\n|j| scotty1vgc\n|j| MortTTL\nJaiGosai has agreed to open team sheets.\nSwedeLRL has agreed to open team sheets.\n|c| scotty1vgc|Mort \u2764\n|c| MortTTL|Scotwald:)\n|\n|t:|1683918642\n|start\n|switch|p1a: Palafin|Palafin, L50, M, shiny|100\/100\n|switch|p1b: Amoonguss|Amoonguss, L50, F, shiny|100\/100\n|switch|p2a: Tyranitar|Tyranitar, L50, M|100\/100\n|switch|p2b: Lycanroc|Lycanroc, L50, M|100\/100\n|-weather|Sandstorm|[from] ability: Sand Stream|[of] p2a: Tyranitar\n|turn|1\n|c|\u2606SwedeLRL|ok glhf\n|c|\u2606JaiGosai|glhf\n|\n|t:|1683918715\n|move|p1a: Palafin|Jet Punch|p2b: Lycanroc\n|-supereffective|p2b: Lycanroc\n|-damage|p2b: Lycanroc|5\/100\n|move|p2b: Lycanroc|Rock Slide|p1b: Amoonguss|[spread] p1a,p1b\n|-damage|p1a: Palafin|66\/100\n|-damage|p1b: Amoonguss|77\/100\n|move|p2a: Tyranitar|Assurance|p1b: Amoonguss\n|-damage|p1b: Amoonguss|28\/100\n|-enditem|p1b: Amoonguss|Sitrus Berry|[eat]\n|-heal|p1b: Amoonguss|53\/100|[from] item: Sitrus Berry\n|cant|p1b: Amoonguss|flinch\n|\n|-weather|Sandstorm|[upkeep]\n|-damage|p1a: Palafin|60\/100|[from] Sandstorm\n|-damage|p1b: Amoonguss|47\/100|[from] Sandstorm\n|upkeep\n|turn|2\n|\n|t:|1683918779\n|detailschange|p1a: Palafin|Palafin-Hero, L50, M, shiny\n|switch|p1a: Flutter Mane|Flutter Mane, L50|100\/100\n|-terastallize|p2a: Tyranitar|Grass\n|move|p2b: Lycanroc|Protect|p2b: Lycanroc\n|-singleturn|p2b: Lycanroc|Protect\n|move|p2a: Tyranitar|Tera Blast|p1a: Flutter Mane\n|-damage|p1a: Flutter Mane|48\/100\n|move|p1b: Amoonguss|Spore|p2a: Tyranitar\n|-immune|p2a: Tyranitar\n|\n|-weather|Sandstorm|[upkeep]\n|-damage|p1a: Flutter Mane|42\/100|[from] Sandstorm\n|-damage|p2a: Tyranitar|95\/100|[from] Sandstorm\n|-damage|p1b: Amoonguss|41\/100|[from] Sandstorm\n|upkeep\n|turn|3\n|\n|t:|1683918882\n|switch|p1b: Palafin|Palafin-Hero, L50, M, shiny|60\/100\n|-activate|p1b: Palafin|ability: Zero to Hero\n|move|p2b: Lycanroc|Rock Slide|p1a: Flutter Mane|[spread] p1a,p1b\n|-damage|p1a: Flutter Mane|7\/100\n|-damage|p1b: Palafin|35\/100\n|move|p1a: Flutter Mane|Dazzling Gleam|p2b: Lycanroc|[spread] p2a,p2b\n|-damage|p2a: Tyranitar|69\/100\n|-damage|p2b: Lycanroc|0 fnt\n|faint|p2b: Lycanroc\n|move|p2a: Tyranitar|Assurance|p1a: Flutter Mane\n|-damage|p1a: Flutter Mane|0 fnt\n|faint|p1a: Flutter Mane\n|-end|p1a: Flutter Mane|Protosynthesis|[silent]\n|\n|-weather|Sandstorm|[upkeep]\n|-damage|p1b: Palafin|29\/100|[from] Sandstorm\n|-damage|p2a: Tyranitar|63\/100|[from] Sandstorm\n|upkeep\n|\n|t:|1683918933\n|switch|p2b: Iron Bundle|Iron Bundle, L50|100\/100\n|switch|p1a: Baxcalibur|Baxcalibur, L50, M|100\/100\n|-enditem|p2b: Iron Bundle|Booster Energy\n|-activate|p2b: Iron Bundle|ability: Quark Drive|[fromitem]\n|-start|p2b: Iron Bundle|quarkdrivespe\n|turn|4\n|\n|t:|1683919026\n|-terastallize|p1a: Baxcalibur|Poison\n|move|p1b: Palafin|Protect|p1b: Palafin\n|-singleturn|p1b: Palafin|Protect\n|move|p2b: Iron Bundle|Freeze-Dry|p1a: Baxcalibur\n|-crit|p1a: Baxcalibur\n|-damage|p1a: Baxcalibur|55\/100\n|move|p1a: Baxcalibur|Icicle Crash|p2a: Tyranitar|[miss]\n|-miss|p1a: Baxcalibur|p2a: Tyranitar\n|move|p2a: Tyranitar|Rock Slide|p1b: Palafin|[spread] p1a\n|-activate|p1b: Palafin|move: Protect\n|-damage|p1a: Baxcalibur|27\/100\n|\n|-weather|Sandstorm|[upkeep]\n|-damage|p2b: Iron Bundle|94\/100|[from] Sandstorm\n|-damage|p1b: Palafin|23\/100|[from] Sandstorm\n|-damage|p1a: Baxcalibur|22\/100|[from] Sandstorm\n|-damage|p2a: Tyranitar|57\/100|[from] Sandstorm\n|upkeep\n|turn|5\n|c| MortTTL|jfc LOL\n|\n|t:|1683919072\n|switch|p1b: Amoonguss|Amoonguss, L50, F, shiny|74\/100\n|move|p2b: Iron Bundle|Protect|p2b: Iron Bundle\n|-singleturn|p2b: Iron Bundle|Protect\n|move|p1a: Baxcalibur|Protect|p1a: Baxcalibur\n|-singleturn|p1a: Baxcalibur|Protect\n|move|p2a: Tyranitar|Rock Slide|p1b: Amoonguss|[spread] p1b\n|-activate|p1a: Baxcalibur|move: Protect\n|-damage|p1b: Amoonguss|50\/100\n|\n|-weather|none\n|upkeep\n|turn|6\n|l| MortTTL\n|\n|t:|1683919120\n|switch|p2a: Garchomp|Garchomp, L50, F|100\/100\n|move|p2b: Iron Bundle|Freeze-Dry|p1a: Baxcalibur\n|-damage|p1a: Baxcalibur|0 fnt\n|faint|p1a: Baxcalibur\n|move|p1b: Amoonguss|Pollen Puff|p1: Baxcalibur|[notarget]\n|-fail|p1b: Amoonguss\n|\n|upkeep\n|j| MortTTL\n|\n|t:|1683919132\n|switch|p1a: Palafin|Palafin-Hero, L50, M, shiny|23\/100\n|turn|7\n|l| MortTTL\n|j| MortTTL\n|-message|JaiGosai forfeited.\n|\n|win|SwedeLRL\n|c|\u2606SwedeLRL|gg\n|l| scotty1vgc\n|l| MortTTL\n|j| Tulin's Tornado\n|l| Tulin's Tornado\n|l| GenericName3333\n|l|\u2606JaiGosai\n","uploadtime":1683919926,"views":36,"p1id":"jaigosai","p2id":"swedelrl","formatid":"gen9vgc2023regulationc","rating":0,"private":0,"password":""}