{"id":"gen9vgc2023regulationc-1857726691","p1":"BrianJortVGC","p2":"Combustandy","format":"[Gen 9] VGC 2023 Regulation C","log":"|j|\u2606BrianJortVGC\n|j|\u2606Combustandy\n|t:|1683226047\n|gametype|doubles\n|player|p1|BrianJortVGC|fennel|\n|player|p2|Combustandy|169|\n|teamsize|p1|6\n|teamsize|p2|6\n|gen|9\n|tier|[Gen 9] VGC 2023 Regulation C\n|rule|Species Clause: Limit one of each Pok\u00e9mon\n|rule|Item Clause: Limit one of each item\n|clearpoke\n|poke|p1|Bellibolt, L50, M|\n|poke|p1|Gastrodon-East, L50, F|\n|poke|p1|Iron Treads, L50|\n|poke|p1|Mimikyu, L50, M|\n|poke|p1|Chi-Yu, L50|\n|poke|p1|Dragonite, L50, M|\n|poke|p2|Corviknight, L50, M|\n|poke|p2|Chi-Yu, L50|\n|poke|p2|Gyarados, L50, M|\n|poke|p2|Flutter Mane, L50|\n|poke|p2|Amoonguss, L50, M|\n|poke|p2|Iron Hands, L50|\n|teampreview|4\n|c|\u2606Combustandy|g1\nBrianJortVGC has agreed to open team sheets.\nCombustandy has agreed to open team sheets.\n|c|\u2606Combustandy|lemme get links in chat and we gucci\n|l|\u2606BrianJortVGC\n|player|p1|\n|j|\u2606BrianJortVGC\n|player|p1|BrianJortVGC|fennel\n|l|\u2606BrianJortVGC\n|player|p1|\n|j| genericname3333\n|j|\u2606BrianJortVGC\n|player|p1|BrianJortVGC|fennel\n|l|\u2606BrianJortVGC\n|player|p1|\n|j| XerneusVGC\n|j| animal2012\n|j|\u2606BrianJortVGC\n|player|p1|BrianJortVGC|fennel\n|j| SwedeLRL\n|c|\u2606BrianJortVGC|Someday showdown will work on mobile\n|c|\u2606BrianJortVGC|GLHF!\n|c|\u2606Combustandy|no dramas, ill lkeave timer alone cause its being alil shit today\n|c|\u2606BrianJortVGC|Fair fair\n|\n|t:|1683226360\n|start\n|switch|p1a: Pretty Sweet|Mimikyu, L50, M|100\/100\n|switch|p1b: Solo|Bellibolt, L50, M, shiny|100\/100\n|switch|p2a: Chi-Yu|Chi-Yu, L50|100\/100\n|switch|p2b: Iron Hands|Iron Hands, L50|100\/100\n|-ability|p2a: Chi-Yu|Beads of Ruin\n|turn|1\n|j| scotty1vgc\n|j| bumboobots\n|c| scotty1vgc|Lets go brian \ud83d\udc4f\n|\n|t:|1683226434\n|-terastallize|p2b: Iron Hands|Fire\n|move|p1a: Pretty Sweet|Play Rough|p2a: Chi-Yu\n|-damage|p2a: Chi-Yu|39\/100\n|-damage|p1a: Pretty Sweet|91\/100|[from] item: Life Orb\n|move|p2a: Chi-Yu|Nasty Plot|p2a: Chi-Yu\n|-boost|p2a: Chi-Yu|spa|2\n|move|p2b: Iron Hands|Volt Switch|p1a: Pretty Sweet\n|-activate|p1a: Pretty Sweet|ability: Disguise\n|-damage|p1a: Pretty Sweet|91\/100\n|detailschange|p1a: Pretty Sweet|Mimikyu-Busted, L50, M\n|-damage|p1a: Pretty Sweet|79\/100|[from] pokemon: Mimikyu-Busted\n|\n|t:|1683226448\n|-end|p2b: Iron Hands|Quark Drive|[silent]\n|switch|p2b: Flutter Mane|Flutter Mane, L50|100\/100|[from] Volt Switch\n|-enditem|p2b: Flutter Mane|Booster Energy\n|-activate|p2b: Flutter Mane|ability: Protosynthesis|[fromitem]\n|-start|p2b: Flutter Mane|protosynthesisspa\n|move|p1b: Solo|Muddy Water|p2b: Flutter Mane|[spread] p2a\n|-miss|p1b: Solo|p2b: Flutter Mane\n|-supereffective|p2a: Chi-Yu\n|-damage|p2a: Chi-Yu|7\/100\n|\n|upkeep\n|turn|2\n|\n|t:|1683226479\n|move|p2a: Chi-Yu|Protect|p2a: Chi-Yu\n|-singleturn|p2a: Chi-Yu|Protect\n|move|p1a: Pretty Sweet|Shadow Sneak|p2a: Chi-Yu\n|-activate|p2a: Chi-Yu|move: Protect\n|move|p2b: Flutter Mane|Shadow Ball|p1a: Pretty Sweet\n|-supereffective|p1a: Pretty Sweet\n|-damage|p1a: Pretty Sweet|0 fnt\n|faint|p1a: Pretty Sweet\n|move|p1b: Solo|Thunderbolt|p2b: Flutter Mane\n|-damage|p2b: Flutter Mane|58\/100\n|\n|upkeep\n|\n|t:|1683226480\n|switch|p1a: White Ferrari|Iron Treads, L50|100\/100\n|-enditem|p1a: White Ferrari|Booster Energy\n|-activate|p1a: White Ferrari|ability: Quark Drive|[fromitem]\n|-start|p1a: White Ferrari|quarkdrivespe\n|turn|3\n|\n|t:|1683226507\n|switch|p2a: Gyarados|Gyarados, L50, M|100\/100\n|-ability|p2a: Gyarados|Intimidate|boost\n|-unboost|p1a: White Ferrari|atk|1\n|-unboost|p1b: Solo|atk|1\n|move|p1a: White Ferrari|Stomping Tantrum|p2a: Gyarados\n|-immune|p2a: Gyarados\n|move|p2b: Flutter Mane|Shadow Ball|p1a: White Ferrari\n|-damage|p1a: White Ferrari|32\/100\n|move|p1b: Solo|Parabolic Charge|p2b: Flutter Mane|[spread] p2a,p2b\n|-immune|p1a: White Ferrari\n|-supereffective|p2a: Gyarados\n|-damage|p2a: Gyarados|41\/100\n|-damage|p2b: Flutter Mane|40\/100\n|-enditem|p2a: Gyarados|Sitrus Berry|[eat]\n|-heal|p2a: Gyarados|66\/100|[from] item: Sitrus Berry\n|\n|upkeep\n|turn|4\n|\n|t:|1683226544\n|switch|p2a: Iron Hands|Iron Hands, L50, tera:Fire|100\/100\n|switch|p1b: Self Control|Gastrodon-East, L50, F|100\/100\n|move|p2b: Flutter Mane|Protect|p2b: Flutter Mane\n|-singleturn|p2b: Flutter Mane|Protect\n|move|p1a: White Ferrari|Stomping Tantrum|p2b: Flutter Mane\n|-activate|p2b: Flutter Mane|move: Protect\n|\n|upkeep\n|turn|5\n|\n|t:|1683226565\n|move|p2a: Iron Hands|Fake Out|p1a: White Ferrari\n|-resisted|p1a: White Ferrari\n|-damage|p1a: White Ferrari|25\/100\n|cant|p1a: White Ferrari|flinch\n|move|p2b: Flutter Mane|Shadow Ball|p1a: White Ferrari\n|-damage|p1a: White Ferrari|0 fnt\n|faint|p1a: White Ferrari\n|-end|p1a: White Ferrari|Quark Drive|[silent]\n|move|p1b: Self Control|Earth Power|p2a: Iron Hands\n|-supereffective|p2a: Iron Hands\n|-damage|p2a: Iron Hands|67\/100\n|\n|upkeep\n|\n|t:|1683226567\n|switch|p1a: Solo|Bellibolt, L50, M, shiny|100\/100\n|turn|6\n|\n|t:|1683226579\n|-end|p2a: Iron Hands|Quark Drive|[silent]\n|switch|p2a: Gyarados|Gyarados, L50, M|66\/100\n|-ability|p2a: Gyarados|Intimidate|boost\n|-unboost|p1a: Solo|atk|1\n|-unboost|p1b: Self Control|atk|1\n|move|p2b: Flutter Mane|Protect|p2b: Flutter Mane\n|-singleturn|p2b: Flutter Mane|Protect\n|move|p1b: Self Control|Muddy Water|p2b: Flutter Mane|[spread] p2a\n|-activate|p2b: Flutter Mane|move: Protect\n|-resisted|p2a: Gyarados\n|-damage|p2a: Gyarados|58\/100\n|move|p1a: Solo|Parabolic Charge|p2b: Flutter Mane|[spread] p2a\n|-activate|p2b: Flutter Mane|move: Protect\n|-immune|p1b: Self Control\n|-supereffective|p2a: Gyarados\n|-damage|p2a: Gyarados|0 fnt\n|faint|p2a: Gyarados\n|\n|upkeep\n|\n|t:|1683226595\n|switch|p2a: Iron Hands|Iron Hands, L50, tera:Fire|67\/100\n|turn|7\n|\n|t:|1683226630\n|move|p2a: Iron Hands|Fake Out|p1a: Solo\n|-damage|p1a: Solo|88\/100\n|-start|p1a: Solo|Charge|Fake Out|[from] ability: Electromorphosis\n|move|p2b: Flutter Mane|Moonblast|p1b: Self Control\n|-damage|p1b: Self Control|44\/100\n|move|p1b: Self Control|Muddy Water|p2a: Iron Hands|[spread] p2b\n|-miss|p1b: Self Control|p2a: Iron Hands\n|-damage|p2b: Flutter Mane|20\/100\n|cant|p1a: Solo|flinch\n|-end|p1a: Solo|Charge|[silent]\n|\n|upkeep\n|turn|8\n|j| Spelunker Xeno\n|\n|t:|1683226650\n|-terastallize|p1b: Self Control|Fire\n|move|p2b: Flutter Mane|Moonblast|p1b: Self Control\n|-resisted|p1b: Self Control\n|-damage|p1b: Self Control|12\/100\n|move|p2a: Iron Hands|Drain Punch|p1a: Solo\n|-damage|p1a: Solo|52\/100\n|-heal|p2a: Iron Hands|84\/100|[from] drain|[of] p1a: Solo\n|-start|p1a: Solo|Charge|Drain Punch|[from] ability: Electromorphosis\n|move|p1b: Self Control|Earth Power|p2a: Iron Hands\n|-supereffective|p2a: Iron Hands\n|-damage|p2a: Iron Hands|49\/100\n|move|p1a: Solo|Thunderbolt|p2a: Iron Hands\n|-damage|p2a: Iron Hands|10\/100\n|-status|p2a: Iron Hands|par\n|-end|p1a: Solo|Charge|[silent]\n|\n|upkeep\n|turn|9\n|\n|t:|1683226680\n|move|p2b: Flutter Mane|Dazzling Gleam|p1a: Solo|[spread] p1a,p1b\n|-resisted|p1b: Self Control\n|-damage|p1a: Solo|28\/100\n|-damage|p1b: Self Control|0 fnt\n|-start|p1a: Solo|Charge|Dazzling Gleam|[from] ability: Electromorphosis\n|faint|p1b: Self Control\n|move|p1a: Solo|Parabolic Charge|p2b: Flutter Mane|[spread] p2a,p2b\n|-damage|p2a: Iron Hands|0 fnt\n|-heal|p1a: Solo|33\/100|[from] drain|[of] p2a: Iron Hands\n|-damage|p2b: Flutter Mane|0 fnt\n|-heal|p1a: Solo|41\/100|[from] drain|[of] p2b: Flutter Mane\n|faint|p2a: Iron Hands\n|-end|p2a: Iron Hands|Quark Drive|[silent]\n|faint|p2b: Flutter Mane\n|-end|p2b: Flutter Mane|Protosynthesis|[silent]\n|-end|p1a: Solo|Charge|[silent]\n|\n|upkeep\n|\n|t:|1683226691\n|switch|p2b: Chi-Yu|Chi-Yu, L50|7\/100\n|-ability|p2b: Chi-Yu|Beads of Ruin\n|turn|10\n|\n|t:|1683226698\n|move|p2b: Chi-Yu|Dark Pulse|p1a: Solo\n|-damage|p1a: Solo|6\/100\n|-start|p1a: Solo|Charge|Dark Pulse|[from] ability: Electromorphosis\n|move|p1a: Solo|Thunderbolt|p2b: Chi-Yu\n|-damage|p2b: Chi-Yu|0 fnt\n|faint|p2b: Chi-Yu\n|-end|p1a: Solo|Charge|[silent]\n|\n|win|BrianJortVGC\n|c|\u2606BrianJortVGC|GG\n|c|\u2606Combustandy|gg\n|l| scotty1vgc\n|l| animal2012\n|l| bumboobots\n|l| XerneusVGC\n|l| Spelunker Xeno\n|l|\u2606BrianJortVGC\n","uploadtime":1683227212,"views":24,"p1id":"brianjortvgc","p2id":"combustandy","formatid":"gen9vgc2023regulationc","rating":0,"private":0,"password":""}