{"id":"gen9vgc2023regulationc-1854555734","p1":"tzarii","p2":"Roshu","format":"[Gen 9] VGC 2023 Regulation C","log":"|j|\u2606tzarii\n|j|\u2606Roshu\n|t:|1682826421\n|gametype|doubles\n|player|p1|tzarii|lady-gen4|1239\n|player|p2|Roshu|morty-masters2|1273\n|teamsize|p1|6\n|teamsize|p2|6\n|gen|9\n|tier|[Gen 9] VGC 2023 Regulation C\n|rated|\n|rule|Species Clause: Limit one of each Pok\u00e9mon\n|rule|Item Clause: Limit one of each item\n|clearpoke\n|poke|p1|Iron Bundle, L50|\n|poke|p1|Chi-Yu, L50|\n|poke|p1|Wo-Chien, L50|\n|poke|p1|Goodra, L50, F|\n|poke|p1|Flutter Mane, L50|\n|poke|p1|Great Tusk, L50|\n|poke|p2|Glimmora, L50, F|\n|poke|p2|Garchomp, L50, M|\n|poke|p2|Hippowdon, L50, F|\n|poke|p2|Toedscruel, L50, M|\n|poke|p2|Gastrodon-East, L50, M|\n|poke|p2|Ting-Lu, L50|\n|teampreview|4\n|inactive|Battle timer is ON: inactive players will automatically lose when time's up. (requested by Roshu)\ntzarii has agreed to open team sheets.\n|inactive|tzarii has 60 seconds left.\n|\n|t:|1682826473\n|start\n|switch|p1a: Wo-Chien|Wo-Chien, L50|100\/100\n|switch|p1b: Flutter Mane|Flutter Mane, L50, shiny|100\/100\n|switch|p2a: MC|Garchomp, L50, M|100\/100\n|switch|p2b: Shiny|Hippowdon, L50, F|100\/100\n|-ability|p1a: Wo-Chien|Tablets of Ruin\n|-weather|Sandstorm|[from] ability: Sand Stream|[of] p2b: Shiny\n|turn|1\n|inactive|tzarii has 30 seconds left.\n|\n|t:|1682826503\n|-terastallize|p2a: MC|Rock\n|move|p1b: Flutter Mane|Moonblast|p2a: MC|[miss]\n|-miss|p1b: Flutter Mane|p2a: MC\n|move|p2a: MC|Rock Slide|p1a: Wo-Chien|[spread] p1a,p1b\n|-damage|p1a: Wo-Chien|83\/100\n|-damage|p1b: Flutter Mane|50\/100\n|move|p1a: Wo-Chien|Ruination|p2b: Shiny\n|-damage|p2b: Shiny|51\/100\n|move|p2b: Shiny|Heavy Slam|p1b: Flutter Mane\n|-supereffective|p1b: Flutter Mane\n|-damage|p1b: Flutter Mane|0 fnt\n|faint|p1b: Flutter Mane\n|-end|p1b: Flutter Mane|Protosynthesis|[silent]\n|\n|-weather|Sandstorm|[upkeep]\n|-damage|p1a: Wo-Chien|77\/100|[from] Sandstorm\n|-heal|p1a: Wo-Chien|83\/100|[from] item: Leftovers\n|upkeep\n|\n|t:|1682826518\n|switch|p1b: Chi-Yu|Chi-Yu, L50|100\/100\n|-ability|p1b: Chi-Yu|Beads of Ruin\n|turn|2\n|inactive|tzarii has 30 seconds left.\n|\n|t:|1682826544\n|move|p1b: Chi-Yu|Protect|p1b: Chi-Yu\n|-singleturn|p1b: Chi-Yu|Protect\n|move|p2a: MC|Rock Slide|p1a: Wo-Chien|[spread] p1a\n|-activate|p1b: Chi-Yu|move: Protect\n|-damage|p1a: Wo-Chien|63\/100\n|move|p1a: Wo-Chien|Ruination|p2a: MC|[miss]\n|-miss|p1a: Wo-Chien|p2a: MC\n|move|p2b: Shiny|Yawn|p1a: Wo-Chien\n|-start|p1a: Wo-Chien|move: Yawn|[of] p2b: Shiny\n|\n|-weather|Sandstorm|[upkeep]\n|-damage|p1b: Chi-Yu|94\/100|[from] Sandstorm\n|-damage|p1a: Wo-Chien|57\/100|[from] Sandstorm\n|-heal|p1a: Wo-Chien|63\/100|[from] item: Leftovers\n|upkeep\n|turn|3\n|\n|t:|1682826563\n|move|p2a: MC|Protect|p2a: MC\n|-singleturn|p2a: MC|Protect\n|move|p1b: Chi-Yu|Dark Pulse|p2a: MC\n|-activate|p2a: MC|move: Protect\n|move|p1a: Wo-Chien|Leech Seed|p2b: Shiny\n|-start|p2b: Shiny|move: Leech Seed\n|move|p2b: Shiny|Yawn|p1b: Chi-Yu\n|-start|p1b: Chi-Yu|move: Yawn|[of] p2b: Shiny\n|\n|-weather|Sandstorm|[upkeep]\n|-damage|p1b: Chi-Yu|88\/100|[from] Sandstorm\n|-damage|p1a: Wo-Chien|57\/100|[from] Sandstorm\n|-heal|p1a: Wo-Chien|63\/100|[from] item: Leftovers\n|-damage|p2b: Shiny|39\/100|[from] Leech Seed|[of] p1a: Wo-Chien\n|-heal|p1a: Wo-Chien|77\/100|[silent]\n|-end|p1a: Wo-Chien|move: Yawn|[silent]\n|-status|p1a: Wo-Chien|slp\n|upkeep\n|turn|4\n|\n|t:|1682826578\n|switch|p1b: Iron Bundle|Iron Bundle, L50|100\/100\n|-enditem|p1b: Iron Bundle|Booster Energy\n|-activate|p1b: Iron Bundle|ability: Quark Drive|[fromitem]\n|-start|p1b: Iron Bundle|quarkdrivespe\n|switch|p2b: The ting goes|Ting-Lu, L50|100\/100\n|-ability|p2b: The ting goes|Vessel of Ruin\n|cant|p1a: Wo-Chien|slp\n|move|p2a: MC|Rock Slide|p1b: Iron Bundle|[spread] p1a,p1b\n|-supereffective|p1b: Iron Bundle\n|-damage|p1a: Wo-Chien|59\/100 slp\n|-damage|p1b: Iron Bundle|46\/100\n|\n|-weather|Sandstorm|[upkeep]\n|-damage|p1b: Iron Bundle|39\/100|[from] Sandstorm\n|-damage|p1a: Wo-Chien|53\/100 slp|[from] Sandstorm\n|-heal|p1a: Wo-Chien|59\/100 slp|[from] item: Leftovers\n|upkeep\n|turn|5\n|\n|t:|1682826601\n|switch|p2b: Brazil|Gastrodon-East, L50, M|100\/100\n|move|p1b: Iron Bundle|Protect|p1b: Iron Bundle\n|-singleturn|p1b: Iron Bundle|Protect\n|move|p2a: MC|Rock Slide|p1a: Wo-Chien|[spread] p1a\n|-activate|p1b: Iron Bundle|move: Protect\n|-damage|p1a: Wo-Chien|42\/100 slp\n|cant|p1a: Wo-Chien|slp\n|\n|-weather|Sandstorm|[upkeep]\n|-damage|p1b: Iron Bundle|33\/100|[from] Sandstorm\n|-damage|p1a: Wo-Chien|35\/100 slp|[from] Sandstorm\n|-heal|p1a: Wo-Chien|42\/100 slp|[from] item: Leftovers\n|upkeep\n|turn|6\n|\n|t:|1682826620\n|move|p1b: Iron Bundle|Freeze-Dry|p2b: Brazil\n|-supereffective|p2b: Brazil\n|-damage|p2b: Brazil|0 fnt\n|faint|p2b: Brazil\n|move|p2a: MC|Rock Slide|p1b: Iron Bundle|[spread] p1a,p1b\n|-supereffective|p1b: Iron Bundle\n|-damage|p1a: Wo-Chien|23\/100 slp\n|-damage|p1b: Iron Bundle|0 fnt\n|faint|p1b: Iron Bundle\n|-end|p1b: Iron Bundle|Quark Drive|[silent]\n|cant|p1a: Wo-Chien|slp\n|\n|-weather|Sandstorm|[upkeep]\n|-damage|p1a: Wo-Chien|17\/100 slp|[from] Sandstorm\n|-heal|p1a: Wo-Chien|23\/100 slp|[from] item: Leftovers\n|upkeep\n|\n|t:|1682826632\n|switch|p1b: Chi-Yu|Chi-Yu, L50|88\/100\n|switch|p2b: The ting goes|Ting-Lu, L50|100\/100\n|-ability|p1b: Chi-Yu|Beads of Ruin\n|-ability|p2b: The ting goes|Vessel of Ruin\n|turn|7\n|\n|t:|1682826638\n|move|p1b: Chi-Yu|Protect|p1b: Chi-Yu\n|-singleturn|p1b: Chi-Yu|Protect\n|-curestatus|p1a: Wo-Chien|slp|[msg]\n|move|p1a: Wo-Chien|Protect|p1a: Wo-Chien\n|-singleturn|p1a: Wo-Chien|Protect\n|move|p2a: MC|Rock Slide|p1a: Wo-Chien|[spread] \n|-activate|p1a: Wo-Chien|move: Protect\n|-activate|p1b: Chi-Yu|move: Protect\n|move|p2b: The ting goes|Stomping Tantrum|p1a: Wo-Chien\n|-activate|p1a: Wo-Chien|move: Protect\n|\n|-weather|Sandstorm|[upkeep]\n|-damage|p1b: Chi-Yu|82\/100|[from] Sandstorm\n|-damage|p1a: Wo-Chien|17\/100|[from] Sandstorm\n|-heal|p1a: Wo-Chien|23\/100|[from] item: Leftovers\n|upkeep\n|turn|8\n|\n|t:|1682826657\n|move|p2a: MC|Rock Slide|p1b: Chi-Yu|[spread] p1a,p1b\n|-supereffective|p1b: Chi-Yu\n|-damage|p1a: Wo-Chien|3\/100\n|-damage|p1b: Chi-Yu|8\/100\n|move|p1b: Chi-Yu|Heat Wave|p2a: MC|[spread] p2b\n|-miss|p1b: Chi-Yu|p2a: MC\n|-damage|p2b: The ting goes|75\/100\n|-status|p2b: The ting goes|brn\n|-damage|p1b: Chi-Yu|0 fnt|[from] item: Life Orb\n|faint|p1b: Chi-Yu\n|cant|p1a: Wo-Chien|flinch\n|move|p2b: The ting goes|Stomping Tantrum|p1a: Wo-Chien\n|-resisted|p1a: Wo-Chien\n|-damage|p1a: Wo-Chien|0 fnt\n|faint|p1a: Wo-Chien\n|\n|win|Roshu\n|raw|tzarii's rating: 1239 → 1216<\/strong> (-23 for losing)\n|raw|Roshu's rating: 1273 → 1296<\/strong> (+23 for winning)\n|l|\u2606tzarii\n|c|\u2606Roshu|gg\n","uploadtime":1682826682,"views":13,"p1id":"tzarii","p2id":"roshu","formatid":"gen9vgc2023regulationc","rating":1216,"private":0,"password":""}