{"id":"gen9vgc2023regulationc-1863750731","p1":"Blaziken Blazers","p2":"Cigtar","format":"[Gen 9] VGC 2023 Regulation C","log":"|j|\u2606Blaziken Blazers\n|j|\u2606Cigtar\n|t:|1684071825\n|gametype|doubles\n|player|p1|Blaziken Blazers|hooligans|\n|player|p2|Cigtar|grusha|\n|teamsize|p1|6\n|teamsize|p2|6\n|gen|9\n|tier|[Gen 9] VGC 2023 Regulation C\n|rule|Species Clause: Limit one of each Pok\u00e9mon\n|rule|Item Clause: Limit one of each item\n|clearpoke\n|poke|p1|Roaring Moon, L50|\n|poke|p1|Gholdengo, L50|\n|poke|p1|Sylveon, L50, M|\n|poke|p1|Mudsdale, L50, F|\n|poke|p1|Tauros-Paldea-Aqua, L50, M|\n|poke|p1|Vivillon-Monsoon, L50, M|\n|poke|p2|Chi-Yu, L50|\n|poke|p2|Gyarados, L50, M|\n|poke|p2|Sableye, L50, F|\n|poke|p2|Toedscruel, L50, F|\n|poke|p2|Gothorita, L50, F|\n|poke|p2|Ursaring, L50, F|\n|teampreview|4\n|c|\u2606Blaziken Blazers|G2\nBlaziken Blazers rejected open team sheets.\n|c|\u2606Blaziken Blazers|glhf\n|\n|t:|1684072124\n|start\n|switch|p1a: Subway Surfer|Gholdengo, L50|100\/100\n|switch|p1b: Rooting4U|Vivillon-Monsoon, L50, M|100\/100\n|switch|p2a: Chi-Yu|Chi-Yu, L50|100\/100\n|switch|p2b: Toedscruel|Toedscruel, L50, F|100\/100\n|-ability|p2a: Chi-Yu|Beads of Ruin\n|turn|1\n|\n|t:|1684072172\n|move|p2a: Chi-Yu|Protect|p2a: Chi-Yu\n|-singleturn|p2a: Chi-Yu|Protect\n|move|p1b: Rooting4U|Protect|p1b: Rooting4U\n|-singleturn|p1b: Rooting4U|Protect\n|move|p1a: Subway Surfer|Protect|p1a: Subway Surfer\n|-singleturn|p1a: Subway Surfer|Protect\n|move|p2b: Toedscruel|Spore|p1b: Rooting4U\n|-activate|p1b: Rooting4U|move: Protect\n|\n|upkeep\n|turn|2\n|\n|t:|1684072206\n|switch|p1a: Saandu|Tauros-Paldea-Aqua, L50, M, shiny|100\/100\n|-ability|p1a: Saandu|Intimidate|boost\n|-unboost|p2a: Chi-Yu|atk|1\n|-unboost|p2b: Toedscruel|atk|1\n|move|p2b: Toedscruel|Rage Powder|p2b: Toedscruel\n|-singleturn|p2b: Toedscruel|move: Rage Powder\n|move|p2a: Chi-Yu|Heat Wave|p1b: Rooting4U|[spread] p1a,p1b\n|-resisted|p1a: Saandu\n|-supereffective|p1b: Rooting4U\n|-damage|p1a: Saandu|71\/100\n|-enditem|p1b: Rooting4U|Focus Sash\n|-damage|p1b: Rooting4U|1\/100\n|move|p1b: Rooting4U|Pollen Puff|p2b: Toedscruel\n|-supereffective|p2b: Toedscruel\n|-damage|p2b: Toedscruel|27\/100\n|\n|upkeep\n|turn|3\n|\n|t:|1684072246\n|-terastallize|p2a: Chi-Yu|Fairy\n|move|p2b: Toedscruel|Rage Powder|p2b: Toedscruel\n|-singleturn|p2b: Toedscruel|move: Rage Powder\n|move|p1a: Saandu|Close Combat|p2b: Toedscruel\n|-damage|p2b: Toedscruel|0 fnt\n|-unboost|p1a: Saandu|def|1\n|-unboost|p1a: Saandu|spd|1\n|faint|p2b: Toedscruel\n|move|p2a: Chi-Yu|Tera Blast|p1a: Saandu\n|-supereffective|p1a: Saandu\n|-damage|p1a: Saandu|0 fnt\n|faint|p1a: Saandu\n|move|p1b: Rooting4U|Sleep Powder|p2a: Chi-Yu\n|-status|p2a: Chi-Yu|slp|[from] move: Sleep Powder\n|\n|upkeep\n|\n|t:|1684072265\n|switch|p2b: Sableye|Sableye, L50, F|100\/100\n|switch|p1a: Subway Surfer|Gholdengo, L50|100\/100\n|turn|4\n|\n|t:|1684072272\n|move|p1b: Rooting4U|Protect|p1b: Rooting4U\n|-singleturn|p1b: Rooting4U|Protect\n|move|p2b: Sableye|Fake Out|p1b: Rooting4U\n|-activate|p1b: Rooting4U|move: Protect\n|cant|p2a: Chi-Yu|slp\n|move|p1a: Subway Surfer|Make It Rain|p2a: Chi-Yu|[spread] p2a,p2b\n|-supereffective|p2a: Chi-Yu\n|-crit|p2b: Sableye\n|-enditem|p2a: Chi-Yu|Focus Sash\n|-damage|p2a: Chi-Yu|1\/100 slp\n|-damage|p2b: Sableye|0 fnt\n|-unboost|p1a: Subway Surfer|spa|1\n|faint|p2b: Sableye\n|\n|upkeep\n|\n|t:|1684072275\n|switch|p2b: Gyarados|Gyarados, L50, M|100\/100\n|-ability|p2b: Gyarados|Intimidate|boost\n|-unboost|p1a: Subway Surfer|atk|1\n|-unboost|p1b: Rooting4U|atk|1\n|turn|5\n|\n|t:|1684072301\n|move|p2b: Gyarados|Protect|p2b: Gyarados\n|-singleturn|p2b: Gyarados|Protect\n|cant|p2a: Chi-Yu|slp\n|move|p1b: Rooting4U|Sleep Powder|p2b: Gyarados\n|-activate|p2b: Gyarados|move: Protect\n|move|p1a: Subway Surfer|Make It Rain|p2b: Gyarados|[spread] p2a\n|-activate|p2b: Gyarados|move: Protect\n|-supereffective|p2a: Chi-Yu\n|-damage|p2a: Chi-Yu|0 fnt\n|-unboost|p1a: Subway Surfer|spa|1\n|faint|p2a: Chi-Yu\n|\n|upkeep\n|turn|6\n|\n|t:|1684072319\n|move|p1b: Rooting4U|Sleep Powder|p2b: Gyarados\n|-activate|p2b: Gyarados|item: Safety Goggles|Sleep Powder\n|move|p2b: Gyarados|Waterfall|p1b: Rooting4U\n|-damage|p1b: Rooting4U|0 fnt\n|faint|p1b: Rooting4U\n|move|p1a: Subway Surfer|Nasty Plot|p1a: Subway Surfer\n|-boost|p1a: Subway Surfer|spa|2\n|\n|upkeep\n|\n|t:|1684072327\n|switch|p1b: Lizardon|Roaring Moon, L50, shiny|100\/100\n|-enditem|p1b: Lizardon|Booster Energy\n|-activate|p1b: Lizardon|ability: Protosynthesis|[fromitem]\n|-start|p1b: Lizardon|protosynthesisatk\n|turn|7\n|\n|t:|1684072348\n|move|p1b: Lizardon|Acrobatics|p2b: Gyarados\n|-damage|p2b: Gyarados|25\/100\n|move|p1a: Subway Surfer|Shadow Ball|p2b: Gyarados\n|-damage|p2b: Gyarados|0 fnt\n|faint|p2b: Gyarados\n|\n|win|Blaziken Blazers\n|c|\u2606Cigtar|gg\n|c|\u2606Blaziken Blazers|ggs\n|l|\u2606Cigtar\n","uploadtime":1684073092,"views":23,"p1id":"blazikenblazers","p2id":"cigtar","formatid":"gen9vgc2023regulationc","rating":0,"private":0,"password":""}