{"id":"gen9vgc2023regulationc-1846694350","p1":"wesleihas","p2":"GS \u00a6 Cedrico","format":"[Gen 9] VGC 2023 Regulation C","log":"|j|\u2606wesleihas\n|j|\u2606GS \u00a6 Cedrico\n|t:|1681866772\n|gametype|doubles\n|player|p1|wesleihas|101|\n|player|p2|GS \u00a6 Cedrico|102|\n|teamsize|p1|6\n|teamsize|p2|6\n|gen|9\n|tier|[Gen 9] VGC 2023 Regulation C\n|rule|Species Clause: Limit one of each Pok\u00e9mon\n|rule|Item Clause: Limit one of each item\n|clearpoke\n|poke|p1|Ting-Lu, L50|\n|poke|p1|Corviknight, L50, F|\n|poke|p1|Scream Tail, L50|\n|poke|p1|Kingambit, L50, M|\n|poke|p1|Flutter Mane, L50|\n|poke|p1|Gyarados, L50, M|\n|poke|p2|Ting-Lu, L50|\n|poke|p2|Baxcalibur, L50, F|\n|poke|p2|Amoonguss, L50, F|\n|poke|p2|Flutter Mane, L50|\n|poke|p2|Gyarados, L50, F|\n|poke|p2|Chi-Yu, L50|\n|teampreview|4\nwesleihas has agreed to open team sheets.\n|c|\u2606wesleihas|g2\n|c|\u2606GS \u00a6 Cedrico|bora\n|\n|t:|1681867259\n|start\n|switch|p1a: Ting-Lu|Ting-Lu, L50|100\/100\n|switch|p1b: Gyarados|Gyarados, L50, M, shiny|100\/100\n|switch|p2a: Baxcalibur|Baxcalibur, L50, F|100\/100\n|switch|p2b: Amoonguss|Amoonguss, L50, F|100\/100\n|-ability|p1b: Gyarados|Intimidate|boost\n|-unboost|p2a: Baxcalibur|atk|1\n|-unboost|p2b: Amoonguss|atk|1\n|-ability|p1a: Ting-Lu|Vessel of Ruin\n|turn|1\n|\n|t:|1681867319\n|switch|p2a: Gyarados|Gyarados, L50, F|100\/100\n|-ability|p2a: Gyarados|Intimidate|boost\n|-unboost|p1a: Ting-Lu|atk|1\n|-unboost|p1b: Gyarados|atk|1\n|-terastallize|p1a: Ting-Lu|Poison\n|move|p1b: Gyarados|Thunder Wave|p2b: Amoonguss\n|-status|p2b: Amoonguss|par\n|move|p1a: Ting-Lu|Earthquake|p2a: Gyarados|[spread] p2b\n|-immune|p1b: Gyarados\n|-immune|p2a: Gyarados\n|-damage|p2b: Amoonguss|80\/100 par\n|move|p2b: Amoonguss|Spore|p1b: Gyarados\n|-status|p1b: Gyarados|slp|[from] move: Spore\n|\n|upkeep\n|turn|2\n|\n|t:|1681867367\n|switch|p2a: Baxcalibur|Baxcalibur, L50, F|100\/100\n|move|p1a: Ting-Lu|Protect|p1a: Ting-Lu\n|-singleturn|p1a: Ting-Lu|Protect\n|cant|p1b: Gyarados|slp\n|move|p2b: Amoonguss|Spore|p1a: Ting-Lu\n|-activate|p1a: Ting-Lu|move: Protect\n|\n|upkeep\n|turn|3\n|\n|t:|1681867388\n|-terastallize|p2a: Baxcalibur|Water\n|move|p2a: Baxcalibur|Icicle Spear|p1b: Gyarados\n|-damage|p1b: Gyarados|83\/100 slp\n|-damage|p1b: Gyarados|63\/100 slp\n|-damage|p1b: Gyarados|47\/100 slp\n|-enditem|p1b: Gyarados|Sitrus Berry|[eat]\n|-heal|p1b: Gyarados|71\/100 slp|[from] item: Sitrus Berry\n|-damage|p1b: Gyarados|52\/100 slp\n|-hitcount|p1b: Gyarados|4\n|cant|p1b: Gyarados|slp\n|move|p1a: Ting-Lu|Rock Slide|p2a: Baxcalibur|[spread] p2a,p2b\n|-damage|p2a: Baxcalibur|89\/100\n|-damage|p2b: Amoonguss|69\/100 par\n|cant|p2b: Amoonguss|flinch\n|\n|upkeep\n|turn|4\n|\n|t:|1681867425\n|switch|p1b: Corviknight|Corviknight, L50, F|100\/100\n|switch|p2b: Gyarados|Gyarados, L50, F|100\/100\n|-ability|p2b: Gyarados|Intimidate|boost\n|-unboost|p1a: Ting-Lu|atk|1\n|-ability|p1b: Corviknight|Mirror Armor\n|-unboost|p2b: Gyarados|atk|1\n|move|p2a: Baxcalibur|Icicle Spear|p1b: Corviknight\n|-damage|p1b: Corviknight|90\/100\n|-damage|p1b: Corviknight|78\/100\n|-damage|p1b: Corviknight|68\/100\n|-damage|p1b: Corviknight|56\/100\n|-hitcount|p1b: Corviknight|4\n|move|p1a: Ting-Lu|Earthquake|p2b: Gyarados|[spread] p2a\n|-immune|p1b: Corviknight\n|-immune|p2b: Gyarados\n|-damage|p2a: Baxcalibur|70\/100\n|\n|upkeep\n|turn|5\n|\n|t:|1681867475\n|switch|p1a: Gyarados|Gyarados, L50, M, shiny|52\/100 slp\n|-ability|p1a: Gyarados|Intimidate|boost\n|-unboost|p2a: Baxcalibur|atk|1\n|-unboost|p2b: Gyarados|atk|1\n|move|p2b: Gyarados|Helping Hand|p2a: Baxcalibur\n|-singleturn|p2a: Baxcalibur|Helping Hand|[of] p2b: Gyarados\n|move|p2a: Baxcalibur|Icicle Spear|p1b: Corviknight\n|-damage|p1b: Corviknight|45\/100\n|-damage|p1b: Corviknight|34\/100\n|-damage|p1b: Corviknight|23\/100\n|-damage|p1b: Corviknight|11\/100\n|-crit|p1b: Corviknight\n|-damage|p1b: Corviknight|0 fnt\n|faint|p1b: Corviknight\n|-hitcount|p1: Corviknight|5\n|\n|upkeep\n|\n|t:|1681867492\n|switch|p1b: Flutter Mane|Flutter Mane, L50|100\/100\n|turn|6\n|\n|t:|1681867520\n|switch|p2a: Amoonguss|Amoonguss, L50, F|100\/100 par\n|move|p1b: Flutter Mane|Thunderbolt|p2b: Gyarados\n|-supereffective|p2b: Gyarados\n|-damage|p2b: Gyarados|0 fnt\n|faint|p2b: Gyarados\n|-curestatus|p1a: Gyarados|slp|[msg]\n|move|p1a: Gyarados|Thunder Wave|p2a: Amoonguss\n|-fail|p2a: Amoonguss|par\n|\n|upkeep\n|\n|t:|1681867538\n|switch|p2b: Baxcalibur|Baxcalibur, L50, F, tera:Water|70\/100\n|turn|7\n|\n|t:|1681867565\n|move|p2b: Baxcalibur|Protect|p2b: Baxcalibur\n|-singleturn|p2b: Baxcalibur|Protect\n|move|p1b: Flutter Mane|Thunderbolt|p2b: Baxcalibur\n|-activate|p2b: Baxcalibur|move: Protect\n|move|p1a: Gyarados|Thunder Wave|p1b: Flutter Mane\n|-status|p1b: Flutter Mane|par\n|move|p2a: Amoonguss|Spore||[still]\n|-fail|p2a: Amoonguss\n|\n|upkeep\n|turn|8\n|\n|t:|1681867588\n|move|p2a: Amoonguss|Rage Powder|p2a: Amoonguss\n|-singleturn|p2a: Amoonguss|move: Rage Powder\n|move|p2b: Baxcalibur|Icicle Spear|p1a: Gyarados\n|-damage|p1a: Gyarados|33\/100\n|-damage|p1a: Gyarados|13\/100\n|-damage|p1a: Gyarados|0 fnt\n|faint|p1a: Gyarados\n|-hitcount|p1: Gyarados|3\n|cant|p1b: Flutter Mane|par\n|\n|upkeep\n|\n|t:|1681867596\n|switch|p1a: Ting-Lu|Ting-Lu, L50, tera:Poison|100\/100\n|-ability|p1a: Ting-Lu|Vessel of Ruin\n|turn|9\n|\n|t:|1681867610\n|move|p2b: Baxcalibur|Protect|p2b: Baxcalibur\n|-singleturn|p2b: Baxcalibur|Protect\n|move|p1b: Flutter Mane|Thunderbolt|p2b: Baxcalibur\n|-activate|p2b: Baxcalibur|move: Protect\n|move|p1a: Ting-Lu|Earthquake|p2b: Baxcalibur|[spread] p1b,p2a\n|-activate|p2b: Baxcalibur|move: Protect\n|-damage|p1b: Flutter Mane|39\/100 par\n|-damage|p2a: Amoonguss|70\/100 par\n|move|p2a: Amoonguss|Spore|p1a: Ting-Lu\n|-status|p1a: Ting-Lu|slp|[from] move: Spore\n|\n|upkeep\n|turn|10\n|\n|t:|1681867639\n|switch|p2b: Chi-Yu|Chi-Yu, L50|100\/100\n|-ability|p2b: Chi-Yu|Beads of Ruin\n|cant|p1b: Flutter Mane|par\n|cant|p1a: Ting-Lu|slp\n|move|p2a: Amoonguss|Pollen Puff|p2b: Chi-Yu\n|-immune|p2b: Chi-Yu\n|\n|upkeep\n|turn|11\n|\n|t:|1681867659\n|move|p2a: Amoonguss|Rage Powder|p2a: Amoonguss\n|-singleturn|p2a: Amoonguss|move: Rage Powder\n|move|p2b: Chi-Yu|Dark Pulse|p1b: Flutter Mane\n|-damage|p1b: Flutter Mane|0 fnt\n|faint|p1b: Flutter Mane\n|-end|p1b: Flutter Mane|Protosynthesis|[silent]\n|-curestatus|p1a: Ting-Lu|slp|[msg]\n|move|p1a: Ting-Lu|Earthquake|p2b: Chi-Yu|[spread] p2a,p2b\n|-supereffective|p2b: Chi-Yu\n|-damage|p2a: Amoonguss|40\/100 par\n|-damage|p2b: Chi-Yu|0 fnt\n|-enditem|p2a: Amoonguss|Sitrus Berry|[eat]\n|-heal|p2a: Amoonguss|65\/100 par|[from] item: Sitrus Berry\n|faint|p2b: Chi-Yu\n|\n|upkeep\n|\n|t:|1681867667\n|switch|p2b: Baxcalibur|Baxcalibur, L50, F, tera:Water|70\/100\n|turn|12\n|\n|t:|1681867679\n|move|p1a: Ting-Lu|Protect|p1a: Ting-Lu\n|-singleturn|p1a: Ting-Lu|Protect\n|move|p2b: Baxcalibur|Icicle Spear|p1a: Ting-Lu\n|-activate|p1a: Ting-Lu|move: Protect\n|cant|p2a: Amoonguss|par\n|\n|upkeep\n|turn|13\n|\n|t:|1681867686\n|move|p2b: Baxcalibur|Icicle Spear|p1a: Ting-Lu\n|-damage|p1a: Ting-Lu|92\/100\n|-damage|p1a: Ting-Lu|83\/100\n|-damage|p1a: Ting-Lu|75\/100\n|-damage|p1a: Ting-Lu|65\/100\n|-damage|p1a: Ting-Lu|56\/100\n|-hitcount|p1a: Ting-Lu|5\n|move|p1a: Ting-Lu|Earthquake|p2b: Baxcalibur|[spread] p2a,p2b\n|-damage|p2a: Amoonguss|35\/100 par\n|-damage|p2b: Baxcalibur|33\/100\n|move|p2a: Amoonguss|Spore|p1a: Ting-Lu\n|-status|p1a: Ting-Lu|slp|[from] move: Spore\n|\n|-heal|p1a: Ting-Lu|62\/100 slp|[from] item: Leftovers\n|upkeep\n|turn|14\n|\n|t:|1681867700\n|cant|p1a: Ting-Lu|slp\n|move|p2b: Baxcalibur|Icicle Spear|p1a: Ting-Lu\n|-damage|p1a: Ting-Lu|54\/100 slp\n|-damage|p1a: Ting-Lu|44\/100 slp\n|-damage|p1a: Ting-Lu|35\/100 slp\n|-damage|p1a: Ting-Lu|26\/100 slp\n|-hitcount|p1a: Ting-Lu|4\n|move|p2a: Amoonguss|Pollen Puff|p2b: Baxcalibur\n|-heal|p2b: Baxcalibur|82\/100\n|\n|-heal|p1a: Ting-Lu|32\/100 slp|[from] item: Leftovers\n|upkeep\n|turn|15\n|\n|t:|1681867713\n|move|p2b: Baxcalibur|Icicle Spear|p1a: Ting-Lu\n|-damage|p1a: Ting-Lu|23\/100 slp\n|-damage|p1a: Ting-Lu|13\/100 slp\n|-damage|p1a: Ting-Lu|4\/100 slp\n|-damage|p1a: Ting-Lu|0 fnt\n|faint|p1a: Ting-Lu\n|-hitcount|p1: Ting-Lu|4\n|\n|win|GS \u00a6 Cedrico\n|c|\u2606wesleihas|gg\n","uploadtime":1681868125,"views":15,"p1id":"wesleihas","p2id":"gscedrico","formatid":"gen9vgc2023regulationc","rating":0,"private":0,"password":""}