{"id":"gen9vgc2023regulationc-1861543760","p1":"Funnyman Krebs","p2":"sspark","format":"[Gen 9] VGC 2023 Regulation C","log":"|j|\u2606Funnyman Krebs\n|j|\u2606sspark\n|t:|1683771087\n|gametype|doubles\n|player|p1|Funnyman Krebs|wallace|1626\n|player|p2|sspark|102|1603\n|teamsize|p1|6\n|teamsize|p2|6\n|gen|9\n|tier|[Gen 9] VGC 2023 Regulation C\n|rated|\n|rule|Species Clause: Limit one of each Pok\u00e9mon\n|rule|Item Clause: Limit one of each item\n|clearpoke\n|poke|p1|Glimmora, L50, M|\n|poke|p1|Iron Bundle, L50|\n|poke|p1|Chi-Yu, L50|\n|poke|p1|Dragonite, L50, F|\n|poke|p1|Dondozo, L50, F|\n|poke|p1|Tatsugiri, L50, M|\n|poke|p2|Flutter Mane, L50|\n|poke|p2|Chi-Yu, L50|\n|poke|p2|Iron Bundle, L50|\n|poke|p2|Maushold, L50|\n|poke|p2|Great Tusk, L50|\n|poke|p2|Gyarados, L50, F|\n|teampreview|4\nFunnyman Krebs has agreed to open team sheets.\n|j| SuperSecretTeam\n|inactive|Battle timer is ON: inactive players will automatically lose when time's up. (requested by Funnyman Krebs)\n|\n|t:|1683771157\n|start\n|switch|p1a: Wheeeee!|Glimmora, L50, M, shiny|100\/100\n|switch|p1b: Iron Santa|Iron Bundle, L50, shiny|100\/100\n|switch|p2a: Iron Bundle|Iron Bundle, L50|100\/100\n|switch|p2b: Gyarados|Gyarados, L50, F|100\/100\n|-ability|p2b: Gyarados|Intimidate|boost\n|-unboost|p1a: Wheeeee!|atk|1\n|-unboost|p1b: Iron Santa|atk|1\n|-enditem|p1b: Iron Santa|Booster Energy\n|-activate|p1b: Iron Santa|ability: Quark Drive|[fromitem]\n|-start|p1b: Iron Santa|quarkdrivespe\n|turn|1\n|\n|t:|1683771180\n|move|p1b: Iron Santa|Protect|p1b: Iron Santa\n|-singleturn|p1b: Iron Santa|Protect\n|move|p2a: Iron Bundle|Protect|p2a: Iron Bundle\n|-singleturn|p2a: Iron Bundle|Protect\n|move|p2b: Gyarados|Protect|p2b: Gyarados\n|-singleturn|p2b: Gyarados|Protect\n|move|p1a: Wheeeee!|Power Gem|p2a: Iron Bundle\n|-activate|p2a: Iron Bundle|move: Protect\n|\n|upkeep\n|turn|2\n|inactive|sspark has 30 seconds left.\n|\n|t:|1683771209\n|switch|p2b: Maushold|Maushold, L50|100\/100\n|move|p1b: Iron Santa|Freeze-Dry|p2b: Maushold\n|-damage|p2b: Maushold|58\/100\n|move|p2a: Iron Bundle|Hydro Pump|p1a: Wheeeee!\n|-supereffective|p1a: Wheeeee!\n|-damage|p1a: Wheeeee!|27\/100\n|move|p1a: Wheeeee!|Power Gem|p2a: Iron Bundle\n|-supereffective|p2a: Iron Bundle\n|-damage|p2a: Iron Bundle|1\/100\n|\n|upkeep\n|turn|3\n|\n|t:|1683771232\n|move|p2a: Iron Bundle|Protect|p2a: Iron Bundle\n|-singleturn|p2a: Iron Bundle|Protect\n|move|p1b: Iron Santa|Icy Wind|p2a: Iron Bundle|[spread] p2b\n|-activate|p2a: Iron Bundle|move: Protect\n|-damage|p2b: Maushold|35\/100\n|-unboost|p2b: Maushold|spe|1\n|move|p1a: Wheeeee!|Power Gem|p2b: Maushold\n|-damage|p2b: Maushold|0 fnt\n|faint|p2b: Maushold\n|\n|upkeep\n|\n|t:|1683771255\n|switch|p2b: Chi-Yu|Chi-Yu, L50|100\/100\n|-ability|p2b: Chi-Yu|Beads of Ruin\n|turn|4\n|\n|t:|1683771269\n|-terastallize|p2b: Chi-Yu|Grass\n|move|p2a: Iron Bundle|Protect||[still]\n|-fail|p2a: Iron Bundle\n|move|p1b: Iron Santa|Icy Wind|p2a: Iron Bundle|[spread] p2a,p2b\n|-resisted|p2a: Iron Bundle\n|-supereffective|p2b: Chi-Yu\n|-damage|p2a: Iron Bundle|0 fnt\n|-damage|p2b: Chi-Yu|56\/100\n|-unboost|p2b: Chi-Yu|spe|1\n|faint|p2a: Iron Bundle\n|-end|p2a: Iron Bundle|Quark Drive|[silent]\n|move|p1a: Wheeeee!|Mortal Spin|p2b: Chi-Yu\n|-supereffective|p2b: Chi-Yu\n|-damage|p2b: Chi-Yu|44\/100\n|-status|p2b: Chi-Yu|psn\n|move|p2b: Chi-Yu|Heat Wave|p1a: Wheeeee!|[spread] p1a,p1b\n|-resisted|p1a: Wheeeee!\n|-damage|p1a: Wheeeee!|5\/100\n|-damage|p1b: Iron Santa|0 fnt\n|faint|p1b: Iron Santa\n|-end|p1b: Iron Santa|Quark Drive|[silent]\n|-damage|p2b: Chi-Yu|35\/100 psn|[from] item: Life Orb\n|\n|-damage|p2b: Chi-Yu|23\/100 psn|[from] psn\n|upkeep\n|\n|t:|1683771288\n|switch|p1b: Tiny|Dragonite, L50, F|100\/100\n|switch|p2a: Gyarados|Gyarados, L50, F|100\/100\n|-ability|p2a: Gyarados|Intimidate|boost\n|-unboost|p1a: Wheeeee!|atk|1\n|-unboost|p1b: Tiny|atk|1\n|turn|5\n|j| nave\n|inactive|Funnyman Krebs has 30 seconds left.\n|\n|t:|1683771317\n|move|p1b: Tiny|Extreme Speed|p2a: Gyarados\n|-damage|p2a: Gyarados|64\/100\n|move|p2a: Gyarados|Dragon Dance|p2a: Gyarados\n|-boost|p2a: Gyarados|atk|1\n|-boost|p2a: Gyarados|spe|1\n|move|p1a: Wheeeee!|Mortal Spin|p2a: Gyarados|[spread] p2a,p2b\n|-supereffective|p2b: Chi-Yu\n|-damage|p2a: Gyarados|61\/100\n|-damage|p2b: Chi-Yu|17\/100 psn\n|-status|p2a: Gyarados|psn\n|-enditem|p2a: Gyarados|Lum Berry|[eat]\n|-curestatus|p2a: Gyarados|psn|[msg]\n|move|p2b: Chi-Yu|Heat Wave|p1a: Wheeeee!|[spread] p1a,p1b\n|-resisted|p1a: Wheeeee!\n|-resisted|p1b: Tiny\n|-damage|p1a: Wheeeee!|0 fnt\n|-damage|p1b: Tiny|84\/100\n|faint|p1a: Wheeeee!\n|-damage|p2b: Chi-Yu|8\/100 psn|[from] item: Life Orb\n|\n|-damage|p2b: Chi-Yu|0 fnt|[from] psn\n|faint|p2b: Chi-Yu\n|upkeep\n|\n|t:|1683771330\n|switch|p1a: Pain meds|Chi-Yu, L50|100\/100\n|-ability|p1a: Pain meds|Beads of Ruin\n|turn|6\n|\n|t:|1683771352\n|-terastallize|p1b: Tiny|Normal\n|move|p2a: Gyarados|Protect|p2a: Gyarados\n|-singleturn|p2a: Gyarados|Protect\n|move|p1b: Tiny|Extreme Speed|p2a: Gyarados\n|-activate|p2a: Gyarados|move: Protect\n|move|p1a: Pain meds|Dark Pulse|p2a: Gyarados\n|-activate|p2a: Gyarados|move: Protect\n|\n|upkeep\n|turn|7\n|\n|t:|1683771365\n|move|p1b: Tiny|Extreme Speed|p2a: Gyarados\n|-damage|p2a: Gyarados|6\/100\n|move|p2a: Gyarados|Waterfall|p1a: Pain meds\n|-supereffective|p1a: Pain meds\n|-enditem|p1a: Pain meds|Focus Sash\n|-damage|p1a: Pain meds|1\/100\n|move|p1a: Pain meds|Dark Pulse|p2a: Gyarados\n|-damage|p2a: Gyarados|0 fnt\n|faint|p2a: Gyarados\n|\n|win|Funnyman Krebs\n|raw|Funnyman Krebs's rating: 1626 → 1645<\/strong> (+19 for winning)\n|raw|sspark's rating: 1603 → 1584<\/strong> (-19 for losing)\n|l|\u2606sspark\n|c|\u2606Funnyman Krebs|gg\n","uploadtime":1683771377,"views":32,"p1id":"funnymankrebs","p2id":"sspark","formatid":"gen9vgc2023regulationc","rating":1584,"private":0,"password":""}