{"id":"gen9vgc2023regulationc-1847460608","p1":"NoodleDude2355","p2":"ShaytheFair","format":"[Gen 9] VGC 2023 Regulation C","log":"|j|\u2606NoodleDude2355\n|j|\u2606ShaytheFair\n|t:|1681957864\n|gametype|doubles\n|player|p1|NoodleDude2355|101|1103\n|player|p2|ShaytheFair|veteranf|1106\n|teamsize|p1|6\n|teamsize|p2|6\n|gen|9\n|tier|[Gen 9] VGC 2023 Regulation C\n|rated|\n|rule|Species Clause: Limit one of each Pok\u00e9mon\n|rule|Item Clause: Limit one of each item\n|clearpoke\n|poke|p1|Cetitan, L50, M|\n|poke|p1|Abomasnow, L50, M|\n|poke|p1|Iron Hands, L50|\n|poke|p1|Amoonguss, L50, F|\n|poke|p1|Arcanine, L50, F|\n|poke|p1|Flutter Mane, L50|\n|poke|p2|Palafin, L50, F|\n|poke|p2|Flutter Mane, L50|\n|poke|p2|Arcanine, L50, M|\n|poke|p2|Ting-Lu, L50|\n|poke|p2|Amoonguss, L50, F|\n|poke|p2|Kingambit, L50, F|\n|teampreview|4\nShaytheFair has agreed to open team sheets.\n|inactive|Battle timer is ON: inactive players will automatically lose when time's up. (requested by NoodleDude2355)\nNoodleDude2355 rejected open team sheets.\n|\n|t:|1681957917\n|start\n|switch|p1a: Abomasnow|Abomasnow, L50, M|100\/100\n|switch|p1b: Cetitan|Cetitan, L50, M|100\/100\n|switch|p2a: Arcanine|Arcanine, L50, M|100\/100\n|switch|p2b: Palafin|Palafin, L50, F|100\/100\n|-ability|p2a: Arcanine|Intimidate|boost\n|-unboost|p1a: Abomasnow|atk|1\n|-unboost|p1b: Cetitan|atk|1\n|-weather|Snow|[from] ability: Snow Warning|[of] p1a: Abomasnow\n|turn|1\n|inactive|ShaytheFair has 30 seconds left.\n|inactive|ShaytheFair has 20 seconds left.\n|\n|t:|1681957952\n|-terastallize|p1b: Cetitan|Ground\n|move|p2b: Palafin|Protect|p2b: Palafin\n|-singleturn|p2b: Palafin|Protect\n|move|p1a: Abomasnow|Protect|p1a: Abomasnow\n|-singleturn|p1a: Abomasnow|Protect\n|move|p1b: Cetitan|Earthquake|p2a: Arcanine|[spread] p2a\n|-activate|p1a: Abomasnow|move: Protect\n|-activate|p2b: Palafin|move: Protect\n|-supereffective|p2a: Arcanine\n|-damage|p2a: Arcanine|18\/100\n|move|p2a: Arcanine|Will-O-Wisp|p1b: Cetitan\n|-status|p1b: Cetitan|brn\n|\n|-weather|Snow|[upkeep]\n|-damage|p1b: Cetitan|94\/100 brn|[from] brn\n|upkeep\n|turn|2\n|inactive|ShaytheFair has 30 seconds left.\n|\n|t:|1681957981\n|detailschange|p2b: Palafin|Palafin-Hero, L50, F\n|switch|p2b: Kingambit|Kingambit, L50, F|100\/100\n|move|p1a: Abomasnow|Helping Hand|p1b: Cetitan\n|-singleturn|p1b: Cetitan|Helping Hand|[of] p1a: Abomasnow\n|move|p1b: Cetitan|Earthquake|p2a: Arcanine|[spread] p1a,p2a,p2b\n|-resisted|p1a: Abomasnow\n|-supereffective|p2a: Arcanine\n|-supereffective|p2b: Kingambit\n|-damage|p1a: Abomasnow|89\/100\n|-damage|p2a: Arcanine|0 fnt\n|-damage|p2b: Kingambit|57\/100\n|faint|p2a: Arcanine\n|\n|-weather|Snow|[upkeep]\n|-damage|p1b: Cetitan|88\/100 brn|[from] brn\n|upkeep\n|\n|t:|1681957995\n|switch|p2a: Palafin|Palafin-Hero, L50, F|100\/100\n|-activate|p2a: Palafin|ability: Zero to Hero\n|turn|3\n|\n|t:|1681958009\n|switch|p1b: Flutter Mane|Flutter Mane, L50|100\/100\n|switch|p1a: Iron Hands|Iron Hands, L50|100\/100\n|-enditem|p1a: Iron Hands|Booster Energy\n|-activate|p1a: Iron Hands|ability: Quark Drive|[fromitem]\n|-start|p1a: Iron Hands|quarkdrivedef\n|move|p2b: Kingambit|Sucker Punch||[still]\n|-fail|p2b: Kingambit\n|move|p2a: Palafin|Wave Crash|p1b: Flutter Mane\n|-damage|p1b: Flutter Mane|0 fnt\n|faint|p1b: Flutter Mane\n|-end|p1b: Flutter Mane|Protosynthesis|[silent]\n|-damage|p2a: Palafin|80\/100|[from] Recoil\n|\n|-weather|Snow|[upkeep]\n|upkeep\n|\n|t:|1681958023\n|switch|p1b: Cetitan|Cetitan, L50, M, tera:Ground|88\/100 brn\n|turn|4\n|\n|t:|1681958036\n|-terastallize|p2a: Palafin|Water\n|move|p1a: Iron Hands|Protect|p1a: Iron Hands\n|-singleturn|p1a: Iron Hands|Protect\n|move|p2b: Kingambit|Sucker Punch||[still]\n|-fail|p2b: Kingambit\n|move|p1b: Cetitan|Earthquake|p2a: Palafin|[spread] p2a,p2b\n|-activate|p1a: Iron Hands|move: Protect\n|-supereffective|p2b: Kingambit\n|-damage|p2a: Palafin|56\/100\n|-damage|p2b: Kingambit|16\/100\n|move|p2a: Palafin|Wave Crash|p1b: Cetitan\n|-supereffective|p1b: Cetitan\n|-damage|p1b: Cetitan|0 fnt\n|faint|p1b: Cetitan\n|-damage|p2a: Palafin|22\/100|[from] Recoil\n|\n|-weather|Snow|[upkeep]\n|upkeep\n|\n|t:|1681958051\n|switch|p1b: Abomasnow|Abomasnow, L50, M|89\/100\n|turn|5\n|\n|t:|1681958061\n|move|p2a: Palafin|Protect|p2a: Palafin\n|-singleturn|p2a: Palafin|Protect\n|move|p2b: Kingambit|Protect|p2b: Kingambit\n|-singleturn|p2b: Kingambit|Protect\n|move|p1b: Abomasnow|Blizzard|p2a: Palafin|[spread] \n|-activate|p2a: Palafin|move: Protect\n|-activate|p2b: Kingambit|move: Protect\n|move|p1a: Iron Hands|Thunder|p2a: Palafin\n|-activate|p2a: Palafin|move: Protect\n|\n|-weather|none\n|upkeep\n|turn|6\n|inactive|ShaytheFair has 30 seconds left.\n|inactive|ShaytheFair has 20 seconds left.\n|\n|t:|1681958097\n|move|p2a: Palafin|Jet Punch|p1b: Abomasnow\n|-resisted|p1b: Abomasnow\n|-damage|p1b: Abomasnow|49\/100\n|move|p1b: Abomasnow|Blizzard|p2b: Kingambit|[spread] p2a,p2b\n|-resisted|p2a: Palafin\n|-resisted|p2b: Kingambit\n|-damage|p2a: Palafin|9\/100\n|-damage|p2b: Kingambit|2\/100\n|move|p2b: Kingambit|Kowtow Cleave|p1a: Iron Hands\n|-resisted|p1a: Iron Hands\n|-damage|p1a: Iron Hands|90\/100\n|move|p1a: Iron Hands|Thunder|p2a: Palafin\n|-supereffective|p2a: Palafin\n|-damage|p2a: Palafin|0 fnt\n|faint|p2a: Palafin\n|\n|upkeep\n|\n|t:|1681958111\n|switch|p2a: Flutter Mane|Flutter Mane, L50|100\/100\n|-enditem|p2a: Flutter Mane|Booster Energy\n|-activate|p2a: Flutter Mane|ability: Protosynthesis|[fromitem]\n|-start|p2a: Flutter Mane|protosynthesisspa\n|turn|7\n|\n|t:|1681958119\n|move|p2b: Kingambit|Protect|p2b: Kingambit\n|-singleturn|p2b: Kingambit|Protect\n|move|p2a: Flutter Mane|Dazzling Gleam|p1b: Abomasnow|[spread] p1a,p1b\n|-supereffective|p1a: Iron Hands\n|-damage|p1a: Iron Hands|14\/100\n|-damage|p1b: Abomasnow|19\/100\n|move|p1b: Abomasnow|Blizzard|p2a: Flutter Mane|[spread] p2a\n|-activate|p2b: Kingambit|move: Protect\n|-damage|p2a: Flutter Mane|72\/100\n|move|p1a: Iron Hands|Thunder|p2a: Flutter Mane\n|-damage|p2a: Flutter Mane|48\/100\n|-status|p2a: Flutter Mane|par\n|\n|upkeep\n|turn|8\n|inactive|ShaytheFair has 30 seconds left.\n|\n|t:|1681958145\n|cant|p2a: Flutter Mane|par\n|move|p1b: Abomasnow|Blizzard|p2a: Flutter Mane|[spread] \n|-miss|p1b: Abomasnow|p2a: Flutter Mane\n|-miss|p1b: Abomasnow|p2b: Kingambit\n|move|p2b: Kingambit|Kowtow Cleave|p1b: Abomasnow\n|-damage|p1b: Abomasnow|0 fnt\n|faint|p1b: Abomasnow\n|move|p1a: Iron Hands|Thunder|p2a: Flutter Mane\n|-damage|p2a: Flutter Mane|25\/100 par\n|\n|upkeep\n|turn|9\n|-message|NoodleDude2355 forfeited.\n|\n|win|ShaytheFair\n|raw|NoodleDude2355's rating: 1103 → 1078<\/strong> (-25 for losing)\n|raw|ShaytheFair's rating: 1106 → 1131<\/strong> (+25 for winning)\n|l|\u2606NoodleDude2355\n","uploadtime":1681958178,"views":18,"p1id":"noodledude2355","p2id":"shaythefair","formatid":"gen9vgc2023regulationc","rating":1078,"private":0,"password":""}