{"id":"gen9vgc2023regulationc-1848067783","p1":"That_Leek","p2":"Undentable","format":"[Gen 9] VGC 2023 Regulation C","log":"|j|\u2606That_Leek\n|j|\u2606Undentable\n|t:|1682026058\n|gametype|doubles\n|player|p1|That_Leek|blue-masters|1177\n|player|p2|Undentable|lance|1193\n|teamsize|p1|6\n|teamsize|p2|6\n|gen|9\n|tier|[Gen 9] VGC 2023 Regulation C\n|rated|\n|rule|Species Clause: Limit one of each Pok\u00e9mon\n|rule|Item Clause: Limit one of each item\n|clearpoke\n|poke|p1|Gholdengo, L50|\n|poke|p1|Gyarados, L50, M|\n|poke|p1|Tyranitar, L50, F|\n|poke|p1|Maushold-Four, L50|\n|poke|p1|Annihilape, L50, F|\n|poke|p1|Volcarona, L50, F|\n|poke|p2|Arcanine, L50, M|\n|poke|p2|Palafin, L50, M|\n|poke|p2|Amoonguss, L50, F|\n|poke|p2|Ting-Lu, L50|\n|poke|p2|Baxcalibur, L50, F|\n|poke|p2|Flutter Mane, L50|\n|teampreview|4\nThat_Leek has agreed to open team sheets.\nUndentable has agreed to open team sheets.\n|\n|t:|1682026139\n|start\n|switch|p1a: Maushold|Maushold-Four, L50|100\/100\n|switch|p1b: Gholdengo|Gholdengo, L50|100\/100\n|switch|p2a: Amoonguss|Amoonguss, L50, F|100\/100\n|switch|p2b: Palafin|Palafin, L50, M|100\/100\n|turn|1\n|\n|t:|1682026156\n|detailschange|p2b: Palafin|Palafin-Hero, L50, M\n|switch|p2b: Flutter Mane|Flutter Mane, L50, shiny|100\/100\n|-enditem|p2b: Flutter Mane|Booster Energy\n|-activate|p2b: Flutter Mane|ability: Protosynthesis|[fromitem]\n|-start|p2b: Flutter Mane|protosynthesisspe\n|move|p1a: Maushold|Super Fang|p2b: Flutter Mane\n|-immune|p2b: Flutter Mane\n|move|p1b: Gholdengo|Nasty Plot|p1b: Gholdengo\n|-boost|p1b: Gholdengo|spa|2\n|move|p2a: Amoonguss|Pollen Puff|p2b: Flutter Mane\n|-immune|p2b: Flutter Mane\n|\n|upkeep\n|turn|2\n|\n|t:|1682026193\n|-end|p2b: Flutter Mane|Protosynthesis|[silent]\n|switch|p2b: Palafin|Palafin-Hero, L50, M|100\/100\n|-activate|p2b: Palafin|ability: Zero to Hero\n|move|p1a: Maushold|Follow Me|p1a: Maushold\n|-singleturn|p1a: Maushold|move: Follow Me\n|move|p1b: Gholdengo|Make It Rain|p2b: Palafin|[spread] p2a,p2b\n|-resisted|p2b: Palafin\n|-damage|p2a: Amoonguss|4\/100\n|-damage|p2b: Palafin|43\/100\n|-unboost|p1b: Gholdengo|spa|1\n|-damage|p1b: Gholdengo|91\/100|[from] item: Life Orb\n|move|p2a: Amoonguss|Pollen Puff|p1a: Maushold\n|-crit|p1a: Maushold\n|-damage|p1a: Maushold|66\/100\n|\n|upkeep\n|turn|3\n|\n|t:|1682026226\n|switch|p2a: Baxcalibur|Baxcalibur, L50, F, shiny|100\/100\n|move|p1a: Maushold|Follow Me|p1a: Maushold\n|-singleturn|p1a: Maushold|move: Follow Me\n|move|p2b: Palafin|Wave Crash|p1a: Maushold\n|-damage|p1a: Maushold|0 fnt\n|faint|p1a: Maushold\n|-damage|p2b: Palafin|24\/100|[from] Recoil\n|move|p1b: Gholdengo|Nasty Plot|p1b: Gholdengo\n|-boost|p1b: Gholdengo|spa|2\n|\n|upkeep\n|\n|t:|1682026233\n|switch|p1a: Gyarados|Gyarados, L50, M|100\/100\n|-ability|p1a: Gyarados|Intimidate|boost\n|-unboost|p2a: Baxcalibur|atk|1\n|-unboost|p2b: Palafin|atk|1\n|turn|4\n|\n|t:|1682026253\n|move|p2a: Baxcalibur|Protect|p2a: Baxcalibur\n|-singleturn|p2a: Baxcalibur|Protect\n|move|p1b: Gholdengo|Protect|p1b: Gholdengo\n|-singleturn|p1b: Gholdengo|Protect\n|move|p2b: Palafin|Haze|p2b: Palafin\n|-clearallboost\n|move|p1a: Gyarados|Thunder Wave|p2a: Baxcalibur\n|-activate|p2a: Baxcalibur|move: Protect\n|\n|upkeep\n|turn|5\n|\n|t:|1682026286\n|-terastallize|p2a: Baxcalibur|Poison\n|-terastallize|p1b: Gholdengo|Water\n|move|p2a: Baxcalibur|Glaive Rush|p1b: Gholdengo\n|-damage|p1b: Gholdengo|31\/100\n|-singlemove|p2a: Baxcalibur|Glaive Rush|[silent]\n|move|p2b: Palafin|Wave Crash|p1b: Gholdengo\n|-resisted|p1b: Gholdengo\n|-damage|p1b: Gholdengo|0 fnt\n|faint|p1b: Gholdengo\n|-damage|p2b: Palafin|15\/100|[from] Recoil\n|move|p1a: Gyarados|Dragon Dance|p1a: Gyarados\n|-boost|p1a: Gyarados|atk|1\n|-boost|p1a: Gyarados|spe|1\n|\n|upkeep\n|\n|t:|1682026292\n|switch|p1b: Tyranitar|Tyranitar, L50, F|100\/100\n|-weather|Sandstorm|[from] ability: Sand Stream|[of] p1b: Tyranitar\n|turn|6\n|\n|t:|1682026308\n|move|p2a: Baxcalibur|Protect|p2a: Baxcalibur\n|-singleturn|p2a: Baxcalibur|Protect\n|move|p1a: Gyarados|Waterfall|p2b: Palafin\n|-resisted|p2b: Palafin\n|-damage|p2b: Palafin|0 fnt\n|faint|p2b: Palafin\n|move|p1b: Tyranitar|Crunch|p2a: Baxcalibur\n|-activate|p2a: Baxcalibur|move: Protect\n|\n|-weather|Sandstorm|[upkeep]\n|-damage|p1a: Gyarados|95\/100|[from] Sandstorm\n|-damage|p2a: Baxcalibur|95\/100|[from] Sandstorm\n|upkeep\n|\n|t:|1682026315\n|switch|p2b: Amoonguss|Amoonguss, L50, F|37\/100\n|turn|7\n|\n|t:|1682026323\n|move|p2b: Amoonguss|Protect|p2b: Amoonguss\n|-singleturn|p2b: Amoonguss|Protect\n|move|p1a: Gyarados|Waterfall|p2a: Baxcalibur\n|-damage|p2a: Baxcalibur|28\/100\n|move|p2a: Baxcalibur|Icicle Spear|p1a: Gyarados\n|-damage|p1a: Gyarados|81\/100\n|-damage|p1a: Gyarados|67\/100\n|-damage|p1a: Gyarados|50\/100\n|-enditem|p1a: Gyarados|Sitrus Berry|[eat]\n|-heal|p1a: Gyarados|75\/100|[from] item: Sitrus Berry\n|-damage|p1a: Gyarados|60\/100\n|-hitcount|p1a: Gyarados|4\n|move|p1b: Tyranitar|Rock Slide|p2a: Baxcalibur|[spread] p2a\n|-activate|p2b: Amoonguss|move: Protect\n|-damage|p2a: Baxcalibur|0 fnt\n|faint|p2a: Baxcalibur\n|\n|-weather|Sandstorm|[upkeep]\n|-damage|p1a: Gyarados|54\/100|[from] Sandstorm\n|-damage|p2b: Amoonguss|31\/100|[from] Sandstorm\n|upkeep\n|\n|t:|1682026338\n|switch|p2a: Flutter Mane|Flutter Mane, L50, shiny|100\/100\n|turn|8\n|\n|t:|1682026373\n|move|p1a: Gyarados|Protect|p1a: Gyarados\n|-singleturn|p1a: Gyarados|Protect\n|move|p2a: Flutter Mane|Thunderbolt|p1a: Gyarados\n|-activate|p1a: Gyarados|move: Protect\n|move|p1b: Tyranitar|Rock Slide|p2b: Amoonguss|[spread] p2a,p2b\n|-damage|p2a: Flutter Mane|22\/100\n|-damage|p2b: Amoonguss|0 fnt\n|faint|p2b: Amoonguss\n|\n|-weather|Sandstorm|[upkeep]\n|-damage|p2a: Flutter Mane|16\/100|[from] Sandstorm\n|-damage|p1a: Gyarados|48\/100|[from] Sandstorm\n|upkeep\n|turn|9\n|-message|Undentable forfeited.\n|\n|win|That_Leek\n|raw|That_Leek's rating: 1177 → 1203<\/strong> (+26 for winning)\n|raw|Undentable's rating: 1193 → 1167<\/strong> (-26 for losing)\n|l|\u2606Undentable\n","uploadtime":1682026384,"views":4,"p1id":"thatleek","p2id":"undentable","formatid":"gen9vgc2023regulationc","rating":1167,"private":0,"password":""}