{"id":"gen9vgc2023regulationc-1861466651","p1":"SpadesHS","p2":"Nightfront","format":"[Gen 9] VGC 2023 Regulation C","log":"|j|\u2606SpadesHS\n|j|\u2606Nightfront\n|t:|1683761365\n|gametype|doubles\n|player|p1|SpadesHS|n|\n|player|p2|Nightfront|winona-gen6|\n|teamsize|p1|6\n|teamsize|p2|6\n|gen|9\n|tier|[Gen 9] VGC 2023 Regulation C\n|rule|Species Clause: Limit one of each Pok\u00e9mon\n|rule|Item Clause: Limit one of each item\n|clearpoke\n|poke|p1|Amoonguss, L50, F|\n|poke|p1|Palafin, L50, F|\n|poke|p1|Arcanine, L50, M|\n|poke|p1|Ting-Lu, L50|\n|poke|p1|Kingambit, L50, F|\n|poke|p1|Flutter Mane, L50|\n|poke|p2|Iron Treads, L50|\n|poke|p2|Hydreigon, L50, F|\n|poke|p2|Pawmot, L50, F|\n|poke|p2|Bronzong, L50|\n|poke|p2|Arboliva, L50, M|\n|poke|p2|Sylveon, L50, F|\n|teampreview|4\n|\n|t:|1683761404\n|start\n|switch|p1a: Marino|Palafin, L50, F|100\/100\n|switch|p1b: Fun Police|Arcanine, L50, M|100\/100\n|switch|p2a: Sylveon|Sylveon, L50, F|100\/100\n|switch|p2b: Iron Treads|Iron Treads, L50|100\/100\n|-ability|p1b: Fun Police|Intimidate|boost\n|-unboost|p2a: Sylveon|atk|1\n|-fail|p2b: Iron Treads|unboost|[from] item: Clear Amulet|[of] p2b: Iron Treads\n|turn|1\n|\n|t:|1683761423\n|detailschange|p1a: Marino|Palafin-Hero, L50, F\n|switch|p1a: Tiki|Ting-Lu, L50|100\/100\n|-ability|p1a: Tiki|Vessel of Ruin\n|-terastallize|p1b: Fun Police|Flying\n|move|p2b: Iron Treads|Protect|p2b: Iron Treads\n|-singleturn|p2b: Iron Treads|Protect\n|move|p1b: Fun Police|Flare Blitz|p2a: Sylveon\n|-damage|p2a: Sylveon|33\/100\n|-damage|p1b: Fun Police|78\/100|[from] Recoil\n|move|p2a: Sylveon|Hyper Voice|p1b: Fun Police|[spread] p1a,p1b\n|-supereffective|p1a: Tiki\n|-damage|p1a: Tiki|71\/100\n|-damage|p1b: Fun Police|44\/100\n|\n|upkeep\n|turn|2\n|\n|t:|1683761455\n|switch|p2a: Hydreigon|Hydreigon, L50, F|100\/100\n|-terastallize|p2b: Iron Treads|Water\n|move|p2b: Iron Treads|Iron Head|p1b: Fun Police\n|-damage|p1b: Fun Police|5\/100\n|move|p1b: Fun Police|Flare Blitz|p2b: Iron Treads\n|-resisted|p2b: Iron Treads\n|-damage|p2b: Iron Treads|77\/100\n|-damage|p1b: Fun Police|0 fnt|[from] Recoil\n|faint|p1b: Fun Police\n|move|p1a: Tiki|Earthquake|p2b: Iron Treads|[spread] p2b\n|-immune|p2a: Hydreigon|[from] ability: Levitate\n|-damage|p2b: Iron Treads|42\/100\n|\n|upkeep\n|\n|t:|1683761469\n|switch|p1b: Marino|Palafin-Hero, L50, F|100\/100\n|-activate|p1b: Marino|ability: Zero to Hero\n|turn|3\n|\n|t:|1683761487\n|move|p1b: Marino|Protect|p1b: Marino\n|-singleturn|p1b: Marino|Protect\n|move|p2b: Iron Treads|Stomping Tantrum|p1b: Marino\n|-activate|p1b: Marino|move: Protect\n|move|p2a: Hydreigon|Draco Meteor|p1b: Marino\n|-activate|p1b: Marino|move: Protect\n|move|p1a: Tiki|Stomping Tantrum|p2b: Iron Treads\n|-damage|p2b: Iron Treads|9\/100\n|\n|upkeep\n|turn|4\n|\n|t:|1683761503\n|switch|p1b: Magnus|Kingambit, L50, F|100\/100\n|move|p2b: Iron Treads|Stomping Tantrum|p1b: Magnus\n|-supereffective|p1b: Magnus\n|-damage|p1b: Magnus|47\/100\n|move|p2a: Hydreigon|Draco Meteor|p1b: Magnus\n|-resisted|p1b: Magnus\n|-damage|p1b: Magnus|19\/100\n|-unboost|p2a: Hydreigon|spa|2\n|move|p1a: Tiki|Ruination|p2a: Hydreigon\n|-damage|p2a: Hydreigon|51\/100\n|\n|upkeep\n|turn|5\n|\n|t:|1683761519\n|move|p2b: Iron Treads|Protect|p2b: Iron Treads\n|-singleturn|p2b: Iron Treads|Protect\n|move|p1b: Magnus|Protect|p1b: Magnus\n|-singleturn|p1b: Magnus|Protect\n|move|p2a: Hydreigon|Heat Wave|p1b: Magnus|[spread] p1a\n|-activate|p1b: Magnus|move: Protect\n|-damage|p1a: Tiki|66\/100\n|-status|p1a: Tiki|brn\n|move|p1a: Tiki|Earthquake|p2a: Hydreigon|[spread] \n|-activate|p1b: Magnus|move: Protect\n|-activate|p2b: Iron Treads|move: Protect\n|-immune|p2a: Hydreigon|[from] ability: Levitate\n|\n|-damage|p1a: Tiki|60\/100 brn|[from] brn\n|upkeep\n|turn|6\n|\n|t:|1683761537\n|move|p1b: Magnus|Sucker Punch|p2b: Iron Treads\n|-damage|p2b: Iron Treads|0 fnt\n|faint|p2b: Iron Treads\n|-end|p2b: Iron Treads|Quark Drive|[silent]\n|move|p2a: Hydreigon|Heat Wave|p1b: Magnus|[spread] p1a,p1b\n|-supereffective|p1b: Magnus\n|-damage|p1a: Tiki|55\/100 brn\n|-damage|p1b: Magnus|0 fnt\n|faint|p1b: Magnus\n|move|p1a: Tiki|Ruination|p2a: Hydreigon\n|-damage|p2a: Hydreigon|26\/100\n|\n|-damage|p1a: Tiki|49\/100 brn|[from] brn\n|upkeep\n|\n|t:|1683761547\n|switch|p2b: Pawmot|Pawmot, L50, F|100\/100\n|switch|p1b: Marino|Palafin-Hero, L50, F|100\/100\n|turn|7\n|\n|t:|1683761561\n|switch|p2a: Sylveon|Sylveon, L50, F|33\/100\n|move|p1b: Marino|Jet Punch|p2b: Pawmot\n|-damage|p2b: Pawmot|18\/100\n|move|p2b: Pawmot|Close Combat|p1a: Tiki\n|-supereffective|p1a: Tiki\n|-damage|p1a: Tiki|0 fnt\n|-unboost|p2b: Pawmot|def|1\n|-unboost|p2b: Pawmot|spd|1\n|faint|p1a: Tiki\n|\n|upkeep\n|turn|8\n|\n|t:|1683761574\n|move|p1b: Marino|Protect|p1b: Marino\n|-singleturn|p1b: Marino|Protect\n|move|p2b: Pawmot|Volt Switch|p1b: Marino\n|-activate|p1b: Marino|move: Protect\n|move|p2a: Sylveon|Hyper Voice|p1b: Marino\n|-activate|p1b: Marino|move: Protect\n|\n|upkeep\n|turn|9\n|\n|t:|1683761585\n|move|p1b: Marino|Jet Punch|p2a: Sylveon\n|-damage|p2a: Sylveon|0 fnt\n|faint|p2a: Sylveon\n|move|p2b: Pawmot|Close Combat|p1b: Marino\n|-damage|p1b: Marino|51\/100\n|-unboost|p2b: Pawmot|def|1\n|-unboost|p2b: Pawmot|spd|1\n|\n|upkeep\n|\n|t:|1683761590\n|switch|p2a: Hydreigon|Hydreigon, L50, F|26\/100\n|turn|10\n|\n|t:|1683761599\n|move|p1b: Marino|Protect|p1b: Marino\n|-singleturn|p1b: Marino|Protect\n|move|p2b: Pawmot|Close Combat|p1b: Marino\n|-activate|p1b: Marino|move: Protect\n|move|p2a: Hydreigon|Draco Meteor|p1b: Marino\n|-activate|p1b: Marino|move: Protect\n|\n|upkeep\n|turn|11\n|\n|t:|1683761606\n|move|p1b: Marino|Jet Punch|p2a: Hydreigon\n|-resisted|p2a: Hydreigon\n|-damage|p2a: Hydreigon|1\/100\n|move|p2b: Pawmot|Close Combat|p1b: Marino\n|-crit|p1b: Marino\n|-damage|p1b: Marino|0 fnt\n|-unboost|p2b: Pawmot|def|1\n|-unboost|p2b: Pawmot|spd|1\n|faint|p1b: Marino\n|\n|win|Nightfront\n|l|\u2606SpadesHS\n","uploadtime":1683762090,"views":8,"p1id":"spadeshs","p2id":"nightfront","formatid":"gen9vgc2023regulationc","rating":0,"private":0,"password":""}