{"id":"gen9vgc2023regulationc-1852386261","p1":"ghostyboyy97","p2":"snorlax215.2","format":"[Gen 9] VGC 2023 Regulation C","log":"|j|\u2606ghostyboyy97\n|j|\u2606snorlax215.2\n|t:|1682551214\n|gametype|doubles\n|player|p1|ghostyboyy97|cameraman|1145\n|player|p2|snorlax215.2|hilbert-wonderlauncher|1197\n|teamsize|p1|6\n|teamsize|p2|6\n|gen|9\n|tier|[Gen 9] VGC 2023 Regulation C\n|rated|\n|rule|Species Clause: Limit one of each Pok\u00e9mon\n|rule|Item Clause: Limit one of each item\n|clearpoke\n|poke|p1|Gastrodon, L50, M|\n|poke|p1|Ceruledge, L50, F|\n|poke|p1|Glimmora, L50, F|\n|poke|p1|Grimmsnarl, L50, M|\n|poke|p1|Iron Hands, L50|\n|poke|p1|Wo-Chien, L50|\n|poke|p2|Ting-Lu, L50|\n|poke|p2|Arcanine, L50, M|\n|poke|p2|Palafin, L50, F|\n|poke|p2|Amoonguss, L50, F|\n|poke|p2|Flutter Mane, L50|\n|poke|p2|Chien-Pao, L50|\n|teampreview|4\n|inactive|Battle timer is ON: inactive players will automatically lose when time's up. (requested by ghostyboyy97)\n|c|\u2606ghostyboyy97|glhf\nsnorlax215.2 has agreed to open team sheets.\nghostyboyy97 has agreed to open team sheets.\n|inactive|ghostyboyy97 has 60 seconds left.\n|inactive|snorlax215.2 has 60 seconds left.\n|\n|t:|1682551262\n|start\n|switch|p1a: Grimmsnarl|Grimmsnarl, L50, M|100\/100\n|switch|p1b: Glimmora|Glimmora, L50, F|100\/100\n|switch|p2a: Arcanine|Arcanine, L50, M|100\/100\n|switch|p2b: Palafin|Palafin, L50, F|100\/100\n|-ability|p2a: Arcanine|Intimidate|boost\n|-unboost|p1a: Grimmsnarl|atk|1\n|-unboost|p1b: Glimmora|atk|1\n|turn|1\n|inactive|snorlax215.2 has 30 seconds left.\n|\n|t:|1682551296\n|-terastallize|p2a: Arcanine|Water\n|move|p2b: Palafin|Jet Punch|p1b: Glimmora\n|-supereffective|p1b: Glimmora\n|-damage|p1b: Glimmora|32\/100\n|move|p1a: Grimmsnarl|Reflect|p1a: Grimmsnarl\n|-sidestart|p1: ghostyboyy97|Reflect\n|move|p1b: Glimmora|Mortal Spin|p2b: Palafin|[spread] p2a,p2b\n|-damage|p2a: Arcanine|97\/100\n|-damage|p2b: Palafin|96\/100\n|-status|p2a: Arcanine|psn\n|-status|p2b: Palafin|psn\n|move|p2a: Arcanine|Flare Blitz|p1b: Glimmora\n|-resisted|p1b: Glimmora\n|-damage|p1b: Glimmora|9\/100\n|-damage|p2a: Arcanine|91\/100 psn|[from] Recoil\n|\n|-damage|p2a: Arcanine|78\/100 psn|[from] psn\n|-damage|p2b: Palafin|84\/100 psn|[from] psn\n|upkeep\n|turn|2\n|\n|t:|1682551320\n|move|p1b: Glimmora|Spiky Shield|p1b: Glimmora\n|-singleturn|p1b: Glimmora|move: Protect\n|move|p2b: Palafin|Jet Punch|p1b: Glimmora\n|-activate|p1b: Glimmora|move: Protect\n|-damage|p2b: Palafin|72\/100 psn|[from] Spiky Shield|[of] p1b: Glimmora\n|move|p1a: Grimmsnarl|Light Screen|p1a: Grimmsnarl\n|-sidestart|p1: ghostyboyy97|move: Light Screen\n|move|p2a: Arcanine|Howl|p2a: Arcanine|[spread] p2a,p2b\n|-boost|p2a: Arcanine|atk|1\n|-boost|p2b: Palafin|atk|1\n|\n|-damage|p2a: Arcanine|66\/100 psn|[from] psn\n|-damage|p2b: Palafin|60\/100 psn|[from] psn\n|upkeep\n|turn|3\n|\n|t:|1682551340\n|switch|p1b: Gastrodon|Gastrodon, L50, M|100\/100\n|detailschange|p2b: Palafin|Palafin-Hero, L50, F\n|switch|p2b: Flutter Mane|Flutter Mane, L50|100\/100\n|-enditem|p2b: Flutter Mane|Booster Energy\n|-activate|p2b: Flutter Mane|ability: Protosynthesis|[fromitem]\n|-start|p2b: Flutter Mane|protosynthesisspa\n|move|p2a: Arcanine|Flare Blitz|p1b: Gastrodon\n|-resisted|p1b: Gastrodon\n|-damage|p1b: Gastrodon|73\/100\n|-damage|p2a: Arcanine|56\/100 psn|[from] Recoil\n|move|p1a: Grimmsnarl|Spirit Break|p2b: Flutter Mane\n|-damage|p2b: Flutter Mane|64\/100\n|-unboost|p2b: Flutter Mane|spa|1\n|\n|-damage|p2a: Arcanine|44\/100 psn|[from] psn\n|upkeep\n|turn|4\n|inactive|ghostyboyy97 has 30 seconds left.\n|\n|t:|1682551371\n|move|p2b: Flutter Mane|Dazzling Gleam|p1b: Gastrodon|[spread] p1a,p1b\n|-supereffective|p1a: Grimmsnarl\n|-damage|p1a: Grimmsnarl|67\/100\n|-damage|p1b: Gastrodon|61\/100\n|move|p2a: Arcanine|Flare Blitz|p1a: Grimmsnarl\n|-damage|p1a: Grimmsnarl|8\/100\n|-damage|p2a: Arcanine|24\/100 psn|[from] Recoil\n|move|p1a: Grimmsnarl|Spirit Break|p2b: Flutter Mane\n|-damage|p2b: Flutter Mane|29\/100\n|-unboost|p2b: Flutter Mane|spa|1\n|move|p1b: Gastrodon|Recover|p1b: Gastrodon\n|-heal|p1b: Gastrodon|100\/100\n|\n|-damage|p2a: Arcanine|11\/100 psn|[from] psn\n|upkeep\n|turn|5\n|\n|t:|1682551395\n|move|p2b: Flutter Mane|Dazzling Gleam|p1b: Gastrodon|[spread] p1a,p1b\n|-supereffective|p1a: Grimmsnarl\n|-crit|p1b: Gastrodon\n|-damage|p1a: Grimmsnarl|0 fnt\n|-damage|p1b: Gastrodon|61\/100\n|faint|p1a: Grimmsnarl\n|move|p2a: Arcanine|Will-O-Wisp|p1b: Gastrodon\n|-status|p1b: Gastrodon|brn\n|move|p1b: Gastrodon|Earth Power|p2b: Flutter Mane\n|-damage|p2b: Flutter Mane|1\/100\n|\n|-damage|p2a: Arcanine|0 fnt|[from] psn\n|faint|p2a: Arcanine\n|-damage|p1b: Gastrodon|55\/100 brn|[from] brn\n|upkeep\n|\n|t:|1682551413\n|switch|p2a: Chien-Pao|Chien-Pao, L50|100\/100\n|switch|p1a: Wo-Chien|Wo-Chien, L50|100\/100\n|-ability|p2a: Chien-Pao|Sword of Ruin\n|-ability|p1a: Wo-Chien|Tablets of Ruin\n|turn|6\n|\n|t:|1682551432\n|-end|p2b: Flutter Mane|Protosynthesis|[silent]\n|switch|p2b: Palafin|Palafin-Hero, L50, F|60\/100 psn\n|-activate|p2b: Palafin|ability: Zero to Hero\n|switch|p1b: Glimmora|Glimmora, L50, F|9\/100\n|-terastallize|p1a: Wo-Chien|Poison\n|move|p2a: Chien-Pao|Ice Spinner|p1a: Wo-Chien\n|-damage|p1a: Wo-Chien|74\/100\n|-damage|p2a: Chien-Pao|84\/100|[from] item: Rocky Helmet|[of] p1a: Wo-Chien\n|move|p1a: Wo-Chien|Leech Seed|p2a: Chien-Pao\n|-start|p2a: Chien-Pao|move: Leech Seed\n|\n|-damage|p2a: Chien-Pao|72\/100|[from] Leech Seed|[of] p1a: Wo-Chien\n|-heal|p1a: Wo-Chien|84\/100|[silent]\n|-damage|p2b: Palafin|48\/100 psn|[from] psn\n|upkeep\n|turn|7\n|inactive|ghostyboyy97 has 30 seconds left.\n|inactive|snorlax215.2 has 30 seconds left.\n|inactive|snorlax215.2 has 20 seconds left.\n|inactive|snorlax215.2 has 15 seconds left.\n|\n|t:|1682551472\n|move|p1b: Glimmora|Spiky Shield|p1b: Glimmora\n|-singleturn|p1b: Glimmora|move: Protect\n|move|p2b: Palafin|Protect|p2b: Palafin\n|-singleturn|p2b: Palafin|Protect\n|move|p2a: Chien-Pao|Ice Spinner|p1a: Wo-Chien\n|-damage|p1a: Wo-Chien|58\/100\n|-damage|p2a: Chien-Pao|55\/100|[from] item: Rocky Helmet|[of] p1a: Wo-Chien\n|move|p1a: Wo-Chien|Giga Drain|p2b: Palafin\n|-activate|p2b: Palafin|move: Protect\n|\n|-damage|p2a: Chien-Pao|43\/100|[from] Leech Seed|[of] p1a: Wo-Chien\n|-heal|p1a: Wo-Chien|68\/100|[silent]\n|-damage|p2b: Palafin|36\/100 psn|[from] psn\n|upkeep\n|turn|8\n|\n|t:|1682551491\n|switch|p1b: Gastrodon|Gastrodon, L50, M|55\/100 brn\n|move|p1a: Wo-Chien|Protect|p1a: Wo-Chien\n|-singleturn|p1a: Wo-Chien|Protect\n|move|p2a: Chien-Pao|Ice Spinner|p1a: Wo-Chien\n|-activate|p1a: Wo-Chien|move: Protect\n|move|p2b: Palafin|Wave Crash|p1b: Gastrodon\n|-activate|p1b: Gastrodon|ability: Storm Drain\n|-ability|p1b: Gastrodon|Storm Drain|boost\n|-boost|p1b: Gastrodon|spa|1\n|\n|-damage|p2a: Chien-Pao|31\/100|[from] Leech Seed|[of] p1a: Wo-Chien\n|-heal|p1a: Wo-Chien|78\/100|[silent]\n|-damage|p2b: Palafin|24\/100 psn|[from] psn\n|-damage|p1b: Gastrodon|49\/100 brn|[from] brn\n|-sideend|p1: ghostyboyy97|Reflect\n|upkeep\n|turn|9\n|-message|snorlax215.2 forfeited.\n|\n|win|ghostyboyy97\n|raw|ghostyboyy97's rating: 1145 → 1174<\/strong> (+29 for winning)\n|raw|snorlax215.2's rating: 1197 → 1168<\/strong> (-29 for losing)\n|l|\u2606snorlax215.2\n","uploadtime":1682551509,"views":16,"p1id":"ghostyboyy97","p2id":"snorlax2152","formatid":"gen9vgc2023regulationc","rating":1168,"private":0,"password":""}