{"id":"gen9vgc2023regulationc-1847834990","p1":"borpox","p2":"Lorge Coffee","format":"[Gen 9] VGC 2023 Regulation C","log":"|j|\u2606borpox\n|j|\u2606Lorge Coffee\n|t:|1682005839\n|gametype|doubles\n|player|p1|borpox|steven|1202\n|player|p2|Lorge Coffee|shauntal|1168\n|teamsize|p1|6\n|teamsize|p2|6\n|gen|9\n|tier|[Gen 9] VGC 2023 Regulation C\n|rated|\n|rule|Species Clause: Limit one of each Pok\u00e9mon\n|rule|Item Clause: Limit one of each item\n|clearpoke\n|poke|p1|Dudunsparce-*, L50, F|\n|poke|p1|Gyarados, L50, F|\n|poke|p1|Dragonite, L50, F|\n|poke|p1|Ting-Lu, L50|\n|poke|p1|Iron Hands, L50|\n|poke|p1|Farigiraf, L50, M|\n|poke|p2|Iron Bundle, L50|\n|poke|p2|Iron Treads, L50|\n|poke|p2|Iron Thorns, L50|\n|poke|p2|Amoonguss, L50, M|\n|poke|p2|Talonflame, L50, M|\n|poke|p2|Annihilape, L50, F|\n|teampreview|4\n|inactive|Battle timer is ON: inactive players will automatically lose when time's up. (requested by borpox)\n|inactive|Lorge Coffee also wants the timer to be on.\n|inactive|borpox has 60 seconds left.\n|inactive|borpox has 30 seconds left.\n|inactive|borpox has 20 seconds left.\n|inactive|borpox has 15 seconds left.\n|\n|t:|1682005917\n|start\n|switch|p1a: a favore di cristo|Dudunsparce-Three-Segment, L50, F, shiny|100\/100\n|switch|p1b: para flinch|Gyarados, L50, F, shiny|100\/100\n|switch|p2a: Talonflame|Talonflame, L50, M|100\/100\n|switch|p2b: Annihilape|Annihilape, L50, F|100\/100\n|-ability|p1b: para flinch|Intimidate|boost\n|-unboost|p2a: Talonflame|atk|1\n|-unboost|p2b: Annihilape|atk|1\n|-ability|p2b: Annihilape|Defiant|boost\n|-boost|p2b: Annihilape|atk|2\n|turn|1\n|inactive|borpox has 30 seconds left.\n|\n|t:|1682005951\n|switch|p1a: incubo|Dragonite, L50, F, shiny|100\/100\n|move|p2a: Talonflame|Tailwind|p2a: Talonflame\n|-sidestart|p2: Lorge Coffee|move: Tailwind\n|move|p2b: Annihilape|Drain Punch|p1a: incubo\n|-resisted|p1a: incubo\n|-damage|p1a: incubo|88\/100\n|move|p1b: para flinch|Thunder Wave|p2b: Annihilape\n|-status|p2b: Annihilape|par\n|\n|upkeep\n|turn|2\n|\n|t:|1682005974\n|move|p2a: Talonflame|Quick Guard|p2a: Talonflame\n|-singleturn|p2a: Talonflame|Quick Guard\n|move|p2b: Annihilape|Bulk Up|p2b: Annihilape\n|-boost|p2b: Annihilape|atk|1\n|-boost|p2b: Annihilape|def|1\n|move|p1b: para flinch|Taunt|p2b: Annihilape\n|-start|p2b: Annihilape|move: Taunt\n|move|p1a: incubo|Rock Slide|p2b: Annihilape|[spread] p2a,p2b\n|-supereffective|p2a: Talonflame\n|-resisted|p2b: Annihilape\n|-damage|p2a: Talonflame|0 fnt\n|-damage|p2b: Annihilape|94\/100 par\n|faint|p2a: Talonflame\n|\n|-heal|p2b: Annihilape|99\/100 par|[from] item: Leftovers\n|upkeep\n|inactive|Lorge Coffee has 30 seconds left.\n|\n|t:|1682006003\n|switch|p2a: Iron Thorns|Iron Thorns, L50|100\/100\n|-enditem|p2a: Iron Thorns|Booster Energy\n|-activate|p2a: Iron Thorns|ability: Quark Drive|[fromitem]\n|-start|p2a: Iron Thorns|quarkdriveatk\n|turn|3\n|\n|t:|1682006023\n|-terastallize|p2a: Iron Thorns|Flying\n|move|p2a: Iron Thorns|Rock Slide|p1a: incubo|[spread] p1a,p1b\n|-supereffective|p1a: incubo\n|-supereffective|p1b: para flinch\n|-damage|p1a: incubo|20\/100\n|-damage|p1b: para flinch|35\/100\n|move|p2b: Annihilape|Rage Fist|p1a: incubo\n|-damage|p1a: incubo|0 fnt\n|faint|p1a: incubo\n|move|p1b: para flinch|Thunder Wave|p2a: Iron Thorns\n|-status|p2a: Iron Thorns|par\n|\n|-heal|p2b: Annihilape|100\/100 par|[from] item: Leftovers\n|upkeep\n|\n|t:|1682006043\n|switch|p1a: comp tocci|Iron Hands, L50, shiny|100\/100\n|turn|4\n|\n|t:|1682006068\n|move|p2a: Iron Thorns|Protect|p2a: Iron Thorns\n|-singleturn|p2a: Iron Thorns|Protect\n|move|p2b: Annihilape|Rage Fist|p1a: comp tocci\n|-damage|p1a: comp tocci|32\/100\n|-enditem|p1a: comp tocci|Sitrus Berry|[eat]\n|-heal|p1a: comp tocci|57\/100|[from] item: Sitrus Berry\n|move|p1b: para flinch|Waterfall|p2b: Annihilape\n|-damage|p2b: Annihilape|77\/100 par\n|move|p1a: comp tocci|Wild Charge|p2a: Iron Thorns\n|-activate|p2a: Iron Thorns|move: Protect\n|\n|-heal|p2b: Annihilape|83\/100 par|[from] item: Leftovers\n|-sideend|p2: Lorge Coffee|move: Tailwind\n|upkeep\n|turn|5\n|inactive|borpox has 30 seconds left.\n|\n|t:|1682006093\n|move|p1b: para flinch|Waterfall|p2b: Annihilape\n|-damage|p2b: Annihilape|58\/100 par\n|move|p2a: Iron Thorns|Rock Slide|p1b: para flinch|[spread] p1a,p1b\n|-resisted|p1a: comp tocci\n|-supereffective|p1b: para flinch\n|-damage|p1a: comp tocci|45\/100\n|-damage|p1b: para flinch|0 fnt\n|faint|p1b: para flinch\n|cant|p2b: Annihilape|par\n|move|p1a: comp tocci|Wild Charge|p2a: Iron Thorns\n|-supereffective|p2a: Iron Thorns\n|-damage|p2a: Iron Thorns|17\/100 par\n|-damage|p1a: comp tocci|29\/100|[from] Recoil\n|\n|-heal|p2b: Annihilape|63\/100 par|[from] item: Leftovers\n|-end|p2b: Annihilape|move: Taunt\n|upkeep\n|\n|t:|1682006107\n|switch|p1b: a favore di cristo|Dudunsparce-Three-Segment, L50, F, shiny|100\/100\n|turn|6\n|\n|t:|1682006119\n|-end|p2a: Iron Thorns|Quark Drive|[silent]\n|switch|p2a: Iron Treads|Iron Treads, L50|100\/100\n|-terastallize|p1b: a favore di cristo|Rock\n|move|p2b: Annihilape|Rage Fist|p1b: a favore di cristo\n|-damage|p1b: a favore di cristo|0 fnt\n|faint|p1b: a favore di cristo\n|move|p1a: comp tocci|Wild Charge|p2b: Annihilape\n|-damage|p2b: Annihilape|34\/100 par\n|-damage|p1a: comp tocci|22\/100|[from] Recoil\n|\n|-heal|p2b: Annihilape|40\/100 par|[from] item: Leftovers\n|upkeep\n|turn|7\n|\n|t:|1682006134\n|move|p2a: Iron Treads|Iron Head|p1a: comp tocci\n|-resisted|p1a: comp tocci\n|-damage|p1a: comp tocci|7\/100\n|-damage|p2a: Iron Treads|91\/100|[from] item: Life Orb\n|move|p2b: Annihilape|Rage Fist|p1a: comp tocci\n|-damage|p1a: comp tocci|0 fnt\n|faint|p1a: comp tocci\n|-end|p1a: comp tocci|Quark Drive|[silent]\n|\n|win|Lorge Coffee\n|raw|borpox's rating: 1202 → 1175<\/strong> (-27 for losing)\n|raw|Lorge Coffee's rating: 1168 → 1195<\/strong> (+27 for winning)\n|l|\u2606borpox\n","uploadtime":1682006148,"views":9,"p1id":"borpox","p2id":"lorgecoffee","formatid":"gen9vgc2023regulationc","rating":1175,"private":0,"password":""}