{"id":"gen9vgc2023regulationc-1845744170","p1":"Goldjunge1994","p2":"gohan92","format":"[Gen 9] VGC 2023 Regulation C","log":"|j|\u2606Goldjunge1994\n|j|\u2606gohan92\n|t:|1681760535\n|gametype|doubles\n|player|p1|Goldjunge1994|170|\n|player|p2|gohan92|170|\n|teamsize|p1|6\n|teamsize|p2|6\n|gen|9\n|tier|[Gen 9] VGC 2023 Regulation C\n|rule|Species Clause: Limit one of each Pok\u00e9mon\n|rule|Item Clause: Limit one of each item\n|clearpoke\n|poke|p1|Dragonite, L50, F|\n|poke|p1|Palafin, L50, M|\n|poke|p1|Flutter Mane, L50|\n|poke|p1|Arcanine, L50, M|\n|poke|p1|Chien-Pao, L50|\n|poke|p1|Amoonguss, L50, F|\n|poke|p2|Flutter Mane, L50|\n|poke|p2|Torkoal, L50, M|\n|poke|p2|Great Tusk, L50|\n|poke|p2|Chien-Pao, L50|\n|poke|p2|Dragonite, L50, M|\n|poke|p2|Lilligant, L50, F|\n|teampreview|4\nGoldjunge1994 has agreed to open team sheets.\ngohan92 has agreed to open team sheets.\n|\n|t:|1681760607\n|start\n|switch|p1a: Grauwind|Arcanine, L50, M|100\/100\n|switch|p1b: Vhagar|Dragonite, L50, F|100\/100\n|switch|p2a: Torkoal|Torkoal, L50, M|100\/100\n|switch|p2b: Lilligant|Lilligant, L50, F|100\/100\n|-ability|p1a: Grauwind|Intimidate|boost\n|-unboost|p2a: Torkoal|atk|1\n|-unboost|p2b: Lilligant|atk|1\n|-weather|SunnyDay|[from] ability: Drought|[of] p2a: Torkoal\n|turn|1\n|\n|t:|1681760644\n|-terastallize|p2b: Lilligant|Ghost\n|move|p2b: Lilligant|Sleep Powder|p1b: Vhagar|[miss]\n|-miss|p2b: Lilligant|p1b: Vhagar\n|move|p1a: Grauwind|Flare Blitz|p2b: Lilligant\n|-damage|p2b: Lilligant|0 fnt\n|faint|p2b: Lilligant\n|-damage|p1a: Grauwind|75\/100|[from] Recoil\n|move|p1b: Vhagar|Stomping Tantrum|p2a: Torkoal\n|-supereffective|p2a: Torkoal\n|-damage|p2a: Torkoal|27\/100\n|move|p2a: Torkoal|Eruption|p1b: Vhagar|[spread] p1a,p1b\n|-resisted|p1a: Grauwind\n|-resisted|p1b: Vhagar\n|-damage|p1a: Grauwind|63\/100\n|-damage|p1b: Vhagar|95\/100\n|\n|-weather|SunnyDay|[upkeep]\n|upkeep\n|c|\u2606Goldjunge1994|sorry\n|c|\u2606gohan92|mit wide lense sogar xd\n|\n|t:|1681760672\n|switch|p2b: Great Tusk|Great Tusk, L50|100\/100\n|-activate|p2b: Great Tusk|ability: Protosynthesis\n|-start|p2b: Great Tusk|protosynthesisatk\n|turn|2\n|c|\u2606Goldjunge1994|ja, das habe ich mir auch gedacht\n|c|\u2606gohan92|np passiert\n|\n|t:|1681760716\n|move|p1a: Grauwind|Protect|p1a: Grauwind\n|-singleturn|p1a: Grauwind|Protect\n|move|p2b: Great Tusk|Rock Slide|p1a: Grauwind|[spread] \n|-activate|p1a: Grauwind|move: Protect\n|-miss|p2b: Great Tusk|p1b: Vhagar\n|move|p1b: Vhagar|Stomping Tantrum|p2a: Torkoal\n|-supereffective|p2a: Torkoal\n|-damage|p2a: Torkoal|0 fnt\n|faint|p2a: Torkoal\n|\n|-weather|SunnyDay|[upkeep]\n|upkeep\n|\n|t:|1681760729\n|switch|p2a: Flutter Mane|Flutter Mane, L50|100\/100\n|-activate|p2a: Flutter Mane|ability: Protosynthesis\n|-start|p2a: Flutter Mane|protosynthesisspa\n|turn|3\n|c|\u2606Goldjunge1994|jetzt haxe ich\n|c|\u2606gohan92|haha g\u00f6nn dir\n|\n|t:|1681760762\n|switch|p1b: Skarm|Amoonguss, L50, F|100\/100\n|move|p2b: Great Tusk|Rock Slide|p1a: Grauwind|[spread] p1a,p1b\n|-supereffective|p1a: Grauwind\n|-damage|p1a: Grauwind|9\/100\n|-damage|p1b: Skarm|81\/100\n|move|p2a: Flutter Mane|Dazzling Gleam|p1b: Skarm|[spread] p1a,p1b\n|-resisted|p1a: Grauwind\n|-resisted|p1b: Skarm\n|-damage|p1a: Grauwind|0 fnt\n|-damage|p1b: Skarm|58\/100\n|faint|p1a: Grauwind\n|\n|-weather|SunnyDay|[upkeep]\n|upkeep\n|\n|t:|1681760795\n|switch|p1a: Dipset|Flutter Mane, L50|100\/100\n|-activate|p1a: Dipset|ability: Protosynthesis\n|-start|p1a: Dipset|protosynthesisspa\n|turn|4\n|\n|t:|1681760803\n|move|p1a: Dipset|Protect|p1a: Dipset\n|-singleturn|p1a: Dipset|Protect\n|move|p2b: Great Tusk|Rock Slide|p1a: Dipset|[spread] p1b\n|-activate|p1a: Dipset|move: Protect\n|-damage|p1b: Skarm|36\/100\n|-enditem|p1b: Skarm|Sitrus Berry|[eat]\n|-heal|p1b: Skarm|61\/100|[from] item: Sitrus Berry\n|move|p2a: Flutter Mane|Dazzling Gleam|p1a: Dipset|[spread] p1b\n|-activate|p1a: Dipset|move: Protect\n|-resisted|p1b: Skarm\n|-damage|p1b: Skarm|38\/100\n|move|p1b: Skarm|Spore|p2b: Great Tusk\n|-status|p2b: Great Tusk|slp|[from] move: Spore\n|\n|-weather|SunnyDay|[upkeep]\n|upkeep\n|turn|5\n|c|\u2606gohan92|ggwp\n|\n|t:|1681760827\n|cant|p2b: Great Tusk|slp\n|move|p1a: Dipset|Moonblast|p2b: Great Tusk\n|-supereffective|p2b: Great Tusk\n|-damage|p2b: Great Tusk|0 fnt\n|faint|p2b: Great Tusk\n|-end|p2b: Great Tusk|Protosynthesis|[silent]\n|move|p2a: Flutter Mane|Dazzling Gleam|p1a: Dipset|[spread] p1a,p1b\n|-resisted|p1b: Skarm\n|-damage|p1a: Dipset|46\/100\n|-damage|p1b: Skarm|15\/100\n|move|p1b: Skarm|Spore|p2a: Flutter Mane\n|-status|p2a: Flutter Mane|slp|[from] move: Spore\n|\n|-weather|none\n|-end|p1a: Dipset|Protosynthesis\n|-end|p2a: Flutter Mane|Protosynthesis\n|upkeep\n|-enditem|p1a: Dipset|Booster Energy\n|-activate|p1a: Dipset|ability: Protosynthesis|[fromitem]\n|-start|p1a: Dipset|protosynthesisspa\n|turn|6\n|c|\u2606Goldjunge1994|\"gg\"\n|\n|t:|1681760853\n|move|p1b: Skarm|Protect|p1b: Skarm\n|-singleturn|p1b: Skarm|Protect\n|move|p1a: Dipset|Shadow Ball|p2a: Flutter Mane\n|-supereffective|p2a: Flutter Mane\n|-damage|p2a: Flutter Mane|0 fnt\n|faint|p2a: Flutter Mane\n|-end|p2a: Flutter Mane|Protosynthesis|[silent]\n|\n|win|Goldjunge1994\n|c|\u2606gohan92|ein miss kommt vor\n|c|\u2606Goldjunge1994|2 sogar\n|c|\u2606gohan92|ja stimmt, egal noch eins :D\n","uploadtime":1681760884,"views":9,"p1id":"goldjunge1994","p2id":"gohan92","formatid":"gen9vgc2023regulationc","rating":0,"private":0,"password":""}