{"id":"gen9vgc2023regulationc-1852551699","p1":"Duecal1on","p2":"ekkirtre","format":"[Gen 9] VGC 2023 Regulation C","log":"|j|\u2606Duecal1on\n|j|\u2606ekkirtre\n|t:|1682574625\n|gametype|doubles\n|player|p1|Duecal1on|pokefan|1206\n|player|p2|ekkirtre|giovanni|1105\n|teamsize|p1|6\n|teamsize|p2|6\n|gen|9\n|tier|[Gen 9] VGC 2023 Regulation C\n|rated|\n|rule|Species Clause: Limit one of each Pok\u00e9mon\n|rule|Item Clause: Limit one of each item\n|clearpoke\n|poke|p1|Palafin, L50, M|\n|poke|p1|Rotom-Wash, L50|\n|poke|p1|Arcanine, L50, M|\n|poke|p1|Amoonguss, L50, M|\n|poke|p1|Chien-Pao, L50|\n|poke|p1|Scizor, L50, M|\n|poke|p2|Passimian, L50, F|\n|poke|p2|Talonflame, L50, M|\n|poke|p2|Baxcalibur, L50, M|\n|poke|p2|Glimmora, L50, M|\n|poke|p2|Meowscarada, L50, F|\n|poke|p2|Iron Thorns, L50|\n|teampreview|4\n|\n|t:|1682574650\n|start\n|switch|p1a: Palafin|Palafin, L50, M, shiny|100\/100\n|switch|p1b: Scizor|Scizor, L50, M|100\/100\n|switch|p2a: Talonflame|Talonflame, L50, M|100\/100\n|switch|p2b: Passimian|Passimian, L50, F|100\/100\n|turn|1\n|inactive|Battle timer is ON: inactive players will automatically lose when time's up. (requested by ekkirtre)\n|inactive|ekkirtre has 60 seconds left.\n|\n|t:|1682574688\n|move|p1b: Scizor|Feint|p2a: Talonflame\n|-damage|p2a: Talonflame|77\/100\n|move|p1a: Palafin|Jet Punch|p2a: Talonflame\n|-supereffective|p2a: Talonflame\n|-damage|p2a: Talonflame|0 fnt\n|faint|p2a: Talonflame\n|move|p2b: Passimian|Drain Punch|p1b: Scizor\n|-damage|p1b: Scizor|60\/100\n|\n|upkeep\n|\n|t:|1682574697\n|switch|p2a: Baxcalibur|Baxcalibur, L50, M|100\/100\n|turn|2\n|\n|t:|1682574713\n|detailschange|p1a: Palafin|Palafin-Hero, L50, M, shiny\n|switch|p1a: Chien-Pao|Chien-Pao, L50|100\/100\n|-ability|p1a: Chien-Pao|Sword of Ruin\n|move|p1b: Scizor|Bullet Punch|p2a: Baxcalibur\n|-supereffective|p2a: Baxcalibur\n|-crit|p2a: Baxcalibur\n|-damage|p2a: Baxcalibur|0 fnt\n|faint|p2a: Baxcalibur\n|move|p2b: Passimian|Rock Slide|p1b: Scizor|[spread] p1a\n|-miss|p2b: Passimian|p1b: Scizor\n|-supereffective|p1a: Chien-Pao\n|-damage|p1a: Chien-Pao|42\/100\n|\n|upkeep\n|\n|t:|1682574724\n|switch|p2a: Iron Thorns|Iron Thorns, L50|100\/100\n|-enditem|p2a: Iron Thorns|Booster Energy\n|-activate|p2a: Iron Thorns|ability: Quark Drive|[fromitem]\n|-start|p2a: Iron Thorns|quarkdriveatk\n|turn|3\n|c|\u2606Duecal1on|Sorry \ud83d\ude1e\n|inactive|Duecal1on has 30 seconds left.\n|\n|t:|1682574752\n|move|p2a: Iron Thorns|Protect|p2a: Iron Thorns\n|-singleturn|p2a: Iron Thorns|Protect\n|move|p1b: Scizor|Feint|p2a: Iron Thorns\n|-activate|p2a: Iron Thorns|move: Feint\n|-resisted|p2a: Iron Thorns\n|-damage|p2a: Iron Thorns|91\/100\n|move|p1a: Chien-Pao|Sacred Sword|p2a: Iron Thorns\n|-supereffective|p2a: Iron Thorns\n|-crit|p2a: Iron Thorns\n|-damage|p2a: Iron Thorns|0 fnt\n|faint|p2a: Iron Thorns\n|-end|p2a: Iron Thorns|Quark Drive|[silent]\n|move|p2b: Passimian|Rock Slide|p1a: Chien-Pao|[spread] p1a,p1b\n|-supereffective|p1a: Chien-Pao\n|-damage|p1a: Chien-Pao|0 fnt\n|-damage|p1b: Scizor|31\/100\n|faint|p1a: Chien-Pao\n|\n|upkeep\n|\n|t:|1682574768\n|switch|p1a: Palafin|Palafin-Hero, L50, M, shiny|100\/100\n|-activate|p1a: Palafin|ability: Zero to Hero\n|turn|4\n|\n|t:|1682574793\n|-terastallize|p1a: Palafin|Water\n|-terastallize|p2b: Passimian|Steel\n|move|p1a: Palafin|Jet Punch|p2b: Passimian\n|-damage|p2b: Passimian|42\/100\n|move|p2b: Passimian|Seed Bomb|p1a: Palafin\n|-supereffective|p1a: Palafin\n|-damage|p1a: Palafin|53\/100\n|move|p1b: Scizor|Swords Dance|p1b: Scizor\n|-boost|p1b: Scizor|atk|2\n|\n|upkeep\n|turn|5\n|-message|ekkirtre forfeited.\n|\n|win|Duecal1on\n|raw|Duecal1on's rating: 1206 → 1224<\/strong> (+18 for winning)\n|raw|ekkirtre's rating: 1105 → 1087<\/strong> (-18 for losing)\n|l|\u2606ekkirtre\n|l|\u2606Duecal1on\n|j|\u2606Duecal1on\n|player|p1|Duecal1on|pokefan\n","uploadtime":1682574822,"views":15,"p1id":"duecal1on","p2id":"ekkirtre","formatid":"gen9vgc2023regulationc","rating":1087,"private":0,"password":""}