{"id":"gen9vgc2023regulationc-1847776400","p1":"Julicitos","p2":"fo50","format":"[Gen 9] VGC 2023 Regulation C","log":"|j|\u2606Julicitos\n|j|\u2606fo50\n|t:|1682001034\n|gametype|doubles\n|player|p1|Julicitos|101|1146\n|player|p2|fo50|169|1036\n|teamsize|p1|6\n|teamsize|p2|6\n|gen|9\n|tier|[Gen 9] VGC 2023 Regulation C\n|rated|\n|rule|Species Clause: Limit one of each Pok\u00e9mon\n|rule|Item Clause: Limit one of each item\n|clearpoke\n|poke|p1|Indeedee-F, L50, F|\n|poke|p1|Hatterene, L50, F|\n|poke|p1|Armarouge, L50, F|\n|poke|p1|Gastrodon, L50, F|\n|poke|p1|Oranguru, L50, F|\n|poke|p1|Kingambit, L50, M|\n|poke|p2|Scovillain, L50, M|\n|poke|p2|Dragonite, L50, M|\n|poke|p2|Tinkaton, L50, F|\n|poke|p2|Garchomp, L50, M|\n|poke|p2|Torkoal, L50, M|\n|poke|p2|Scizor, L50, M|\n|teampreview|4\n|inactive|Battle timer is ON: inactive players will automatically lose when time's up. (requested by fo50)\n|inactive|Julicitos has 60 seconds left.\n|\n|t:|1682001079\n|start\n|switch|p1a: Armarouge|Armarouge, L50, F|100\/100\n|switch|p1b: Indeedee|Indeedee-F, L50, F|100\/100\n|switch|p2a: Garchomp|Garchomp, L50, M|100\/100\n|switch|p2b: Dragonite|Dragonite, L50, M|100\/100\n|-fieldstart|move: Psychic Terrain|[from] ability: Psychic Surge|[of] p1b: Indeedee\n|-enditem|p1b: Indeedee|Psychic Seed\n|-boost|p1b: Indeedee|spd|1|[from] item: Psychic Seed\n|turn|1\n|inactive|Julicitos has 30 seconds left.\n|\n|t:|1682001107\n|move|p1a: Armarouge|Protect|p1a: Armarouge\n|-singleturn|p1a: Armarouge|Protect\n|move|p2a: Garchomp|Earthquake|p1a: Armarouge|[spread] p1b\n|-activate|p1a: Armarouge|move: Protect\n|-immune|p2b: Dragonite\n|-damage|p1b: Indeedee|61\/100\n|move|p2b: Dragonite|Ice Spinner|p1b: Indeedee\n|-damage|p1b: Indeedee|29\/100\n|-fieldend|move: Psychic Terrain\n|move|p1b: Indeedee|Trick Room|p1b: Indeedee\n|-fieldstart|move: Trick Room|[of] p1b: Indeedee\n|\n|upkeep\n|turn|2\n|\n|t:|1682001123\n|switch|p1a: Hatterene|Hatterene, L50, F|100\/100\n|switch|p1b: Oranguru|Oranguru, L50, F|100\/100\n|move|p2b: Dragonite|Extreme Speed|p1b: Oranguru\n|-damage|p1b: Oranguru|69\/100\n|move|p2a: Garchomp|Earthquake|p1b: Oranguru|[spread] p1a,p1b\n|-immune|p2b: Dragonite\n|-damage|p1a: Hatterene|49\/100\n|-damage|p1b: Oranguru|23\/100\n|-enditem|p1b: Oranguru|Iapapa Berry|[eat]\n|-heal|p1b: Oranguru|56\/100|[from] item: Iapapa Berry\n|\n|upkeep\n|turn|3\n|\n|t:|1682001148\n|-terastallize|p1a: Hatterene|Fairy\n|move|p2b: Dragonite|Extreme Speed|p1a: Hatterene\n|-crit|p1a: Hatterene\n|-damage|p1a: Hatterene|0 fnt\n|faint|p1a: Hatterene\n|move|p1b: Oranguru|Instruct|p1: Hatterene|[notarget]\n|-fail|p1b: Oranguru\n|move|p2a: Garchomp|Earthquake|p1b: Oranguru|[spread] p1b\n|-immune|p2b: Dragonite\n|-damage|p1b: Oranguru|6\/100\n|\n|upkeep\n|\n|t:|1682001160\n|switch|p1a: Indeedee|Indeedee-F, L50, F|29\/100\n|-fieldstart|move: Psychic Terrain|[from] ability: Psychic Surge|[of] p1a: Indeedee\n|turn|4\n|\n|t:|1682001173\n|move|p1b: Oranguru|Psychic|p2a: Garchomp\n|-damage|p2a: Garchomp|56\/100\n|move|p1a: Indeedee|Dazzling Gleam|p2b: Dragonite|[spread] p2a,p2b\n|-supereffective|p2a: Garchomp\n|-supereffective|p2b: Dragonite\n|-damage|p2a: Garchomp|27\/100\n|-damage|p2b: Dragonite|90\/100\n|-enditem|p2a: Garchomp|Weakness Policy\n|-boost|p2a: Garchomp|atk|2|[from] item: Weakness Policy\n|-boost|p2a: Garchomp|spa|2|[from] item: Weakness Policy\n|move|p2b: Dragonite|Ice Spinner|p1a: Indeedee\n|-damage|p1a: Indeedee|0 fnt\n|-fieldend|move: Psychic Terrain\n|faint|p1a: Indeedee\n|move|p2a: Garchomp|Earthquake|p1b: Oranguru|[spread] p1b\n|-immune|p2b: Dragonite\n|-damage|p1b: Oranguru|0 fnt\n|faint|p1b: Oranguru\n|\n|upkeep\n|\n|t:|1682001189\n|switch|p1b: Armarouge|Armarouge, L50, F|100\/100\n|turn|5\n|\n|t:|1682001203\n|move|p2b: Dragonite|Extreme Speed|p1b: Armarouge\n|-damage|p1b: Armarouge|70\/100\n|move|p1b: Armarouge|Expanding Force|p2a: Garchomp\n|-damage|p2a: Garchomp|0 fnt\n|faint|p2a: Garchomp\n|\n|-fieldend|move: Trick Room\n|upkeep\n|\n|t:|1682001212\n|switch|p2a: Tinkaton|Tinkaton, L50, F|100\/100\n|turn|6\n|\n|t:|1682001225\n|move|p2b: Dragonite|Extreme Speed|p1b: Armarouge\n|-damage|p1b: Armarouge|42\/100\n|move|p2a: Tinkaton|Knock Off|p1b: Armarouge\n|-supereffective|p1b: Armarouge\n|-damage|p1b: Armarouge|9\/100\n|-enditem|p1b: Armarouge|Safety Goggles|[from] move: Knock Off|[of] p2a: Tinkaton\n|move|p1b: Armarouge|Armor Cannon|p2a: Tinkaton\n|-supereffective|p2a: Tinkaton\n|-damage|p2a: Tinkaton|6\/100\n|-unboost|p1b: Armarouge|def|1\n|-unboost|p1b: Armarouge|spd|1\n|\n|-heal|p2a: Tinkaton|12\/100|[from] item: Leftovers\n|upkeep\n|turn|7\n|-message|Julicitos forfeited.\n|\n|win|fo50\n|raw|Julicitos's rating: 1146 → 1113<\/strong> (-33 for losing)\n|raw|fo50's rating: 1036 → 1081<\/strong> (+45 for winning)\n|l|\u2606Julicitos\n|c|\u2606fo50|Ggs\n","uploadtime":1682001253,"views":8,"p1id":"julicitos","p2id":"fo50","formatid":"gen9vgc2023regulationc","rating":1081,"private":0,"password":""}