{"id":"gen9vgc2023regulationc-1846299119","p1":"Wan Wood","p2":"tukeydukey","format":"[Gen 9] VGC 2023 Regulation C","log":"|j|\u2606Wan Wood\n|j|\u2606tukeydukey\n|t:|1681829617\n|gametype|doubles\n|player|p1|Wan Wood|1|1289\n|player|p2|tukeydukey|elesa|1179\n|teamsize|p1|6\n|teamsize|p2|6\n|gen|9\n|tier|[Gen 9] VGC 2023 Regulation C\n|rated|\n|rule|Species Clause: Limit one of each Pok\u00e9mon\n|rule|Item Clause: Limit one of each item\n|clearpoke\n|poke|p1|Chi-Yu, L50|\n|poke|p1|Flutter Mane, L50|\n|poke|p1|Farigiraf, L50, M|\n|poke|p1|Amoonguss, L50, F|\n|poke|p1|Scizor, L50, F|\n|poke|p1|Iron Bundle, L50|\n|poke|p2|Chi-Yu, L50|\n|poke|p2|Dachsbun, L50, F|\n|poke|p2|Ceruledge, L50, F|\n|poke|p2|Iron Bundle, L50|\n|poke|p2|Abomasnow, L50, F|\n|poke|p2|Azumarill, L50, F|\n|teampreview|4\n|inactive|Battle timer is ON: inactive players will automatically lose when time's up. (requested by tukeydukey)\n|\n|t:|1681829649\n|start\n|switch|p1a: Iron Bundle|Iron Bundle, L50|100\/100\n|switch|p1b: Scizor|Scizor, L50, F|100\/100\n|switch|p2a: Chi-Yu|Chi-Yu, L50|100\/100\n|switch|p2b: Ceruledge|Ceruledge, L50, F|100\/100\n|-ability|p2a: Chi-Yu|Beads of Ruin\n|-enditem|p1a: Iron Bundle|Booster Energy\n|-activate|p1a: Iron Bundle|ability: Quark Drive|[fromitem]\n|-start|p1a: Iron Bundle|quarkdrivespe\n|turn|1\n|inactive|tukeydukey has 30 seconds left.\n|\n|t:|1681829675\n|switch|p2b: Abomasnow|Abomasnow, L50, F|100\/100\n|-weather|Snow|[from] ability: Snow Warning|[of] p2b: Abomasnow\n|-terastallize|p2a: Chi-Yu|Ghost\n|-terastallize|p1b: Scizor|Water\n|move|p1a: Iron Bundle|Hydro Pump|p2b: Abomasnow\n|-resisted|p2b: Abomasnow\n|-damage|p2b: Abomasnow|72\/100\n|move|p2a: Chi-Yu|Heat Wave|p1b: Scizor|[spread] p1a\n|-miss|p2a: Chi-Yu|p1b: Scizor\n|-damage|p1a: Iron Bundle|4\/100\n|move|p1b: Scizor|Close Combat|p2a: Chi-Yu\n|-immune|p2a: Chi-Yu\n|\n|-weather|Snow|[upkeep]\n|upkeep\n|turn|2\n|\n|t:|1681829692\n|move|p1b: Scizor|Bullet Punch|p2b: Abomasnow\n|-supereffective|p2b: Abomasnow\n|-damage|p2b: Abomasnow|3\/100\n|-damage|p1b: Scizor|91\/100|[from] item: Life Orb\n|move|p1a: Iron Bundle|Hydro Pump|p2a: Chi-Yu|[miss]\n|-miss|p1a: Iron Bundle|p2a: Chi-Yu\n|move|p2a: Chi-Yu|Heat Wave|p1b: Scizor|[spread] p1a,p1b\n|-resisted|p1b: Scizor\n|-damage|p1a: Iron Bundle|0 fnt\n|-damage|p1b: Scizor|59\/100\n|faint|p1a: Iron Bundle\n|-end|p1a: Iron Bundle|Quark Drive|[silent]\n|move|p2b: Abomasnow|Aurora Veil|p2b: Abomasnow\n|-sidestart|p2: tukeydukey|move: Aurora Veil\n|\n|-weather|Snow|[upkeep]\n|upkeep\n|\n|t:|1681829696\n|switch|p1a: Flutter Mane|Flutter Mane, L50|100\/100\n|turn|3\n|\n|t:|1681829714\n|move|p1b: Scizor|Bullet Punch|p2b: Abomasnow\n|-supereffective|p2b: Abomasnow\n|-damage|p2b: Abomasnow|0 fnt\n|faint|p2b: Abomasnow\n|-damage|p1b: Scizor|50\/100|[from] item: Life Orb\n|move|p2a: Chi-Yu|Heat Wave|p1a: Flutter Mane|[spread] p1a,p1b\n|-resisted|p1b: Scizor\n|-damage|p1a: Flutter Mane|51\/100\n|-damage|p1b: Scizor|23\/100\n|move|p1a: Flutter Mane|Shadow Ball|p2a: Chi-Yu\n|-supereffective|p2a: Chi-Yu\n|-damage|p2a: Chi-Yu|41\/100\n|\n|-weather|Snow|[upkeep]\n|upkeep\n|\n|t:|1681829721\n|switch|p2b: Ceruledge|Ceruledge, L50, F|100\/100\n|turn|4\n|\n|t:|1681829733\n|switch|p2a: Iron Bundle|Iron Bundle, L50|100\/100\n|-enditem|p2a: Iron Bundle|Booster Energy\n|-activate|p2a: Iron Bundle|ability: Quark Drive|[fromitem]\n|-start|p2a: Iron Bundle|quarkdrivespe\n|move|p1a: Flutter Mane|Protect|p1a: Flutter Mane\n|-singleturn|p1a: Flutter Mane|Protect\n|move|p2b: Ceruledge|Shadow Sneak|p1a: Flutter Mane\n|-activate|p1a: Flutter Mane|move: Protect\n|move|p1b: Scizor|Bullet Punch|p2a: Iron Bundle\n|-damage|p2a: Iron Bundle|75\/100\n|-damage|p1b: Scizor|13\/100|[from] item: Life Orb\n|\n|-weather|Snow|[upkeep]\n|upkeep\n|turn|5\n|\n|t:|1681829748\n|-end|p1a: Flutter Mane|Protosynthesis|[silent]\n|switch|p1a: Chi-Yu|Chi-Yu, L50|100\/100\n|-ability|p1a: Chi-Yu|Beads of Ruin\n|move|p2b: Ceruledge|Shadow Sneak|p1a: Chi-Yu\n|-resisted|p1a: Chi-Yu\n|-damage|p1a: Chi-Yu|86\/100\n|move|p2a: Iron Bundle|Freeze-Dry|p1b: Scizor\n|-supereffective|p1b: Scizor\n|-damage|p1b: Scizor|0 fnt\n|faint|p1b: Scizor\n|\n|-weather|none\n|upkeep\n|\n|t:|1681829756\n|switch|p1b: Flutter Mane|Flutter Mane, L50|51\/100\n|turn|6\n|\n|t:|1681829767\n|move|p1b: Flutter Mane|Protect|p1b: Flutter Mane\n|-singleturn|p1b: Flutter Mane|Protect\n|move|p2b: Ceruledge|Shadow Sneak|p1b: Flutter Mane\n|-activate|p1b: Flutter Mane|move: Protect\n|move|p2a: Iron Bundle|Hydro Pump|p1a: Chi-Yu\n|-supereffective|p1a: Chi-Yu\n|-damage|p1a: Chi-Yu|0 fnt\n|faint|p1a: Chi-Yu\n|\n|-sideend|p2: tukeydukey|move: Aurora Veil\n|upkeep\n|turn|7\n|\n|t:|1681829775\n|move|p2b: Ceruledge|Shadow Sneak|p1b: Flutter Mane\n|-supereffective|p1b: Flutter Mane\n|-damage|p1b: Flutter Mane|0 fnt\n|faint|p1b: Flutter Mane\n|-end|p1b: Flutter Mane|Protosynthesis|[silent]\n|\n|win|tukeydukey\n|raw|Wan Wood's rating: 1289 → 1256<\/strong> (-33 for losing)\n|raw|tukeydukey's rating: 1179 → 1212<\/strong> (+33 for winning)\n","uploadtime":1681829780,"views":6,"p1id":"wanwood","p2id":"tukeydukey","formatid":"gen9vgc2023regulationc","rating":1212,"private":0,"password":""}