{"id":"gen9vgc2023regulationc-1855609261","p1":"Missed Ledgedash","p2":"Peppeld","format":"[Gen 9] VGC 2023 Regulation C","log":"|j|\u2606Missed Ledgedash\n|j|\u2606Peppeld\n|t:|1682966217\n|gametype|doubles\n|player|p1|Missed Ledgedash|juan-gen3|1451\n|player|p2|Peppeld|102|1394\n|teamsize|p1|6\n|teamsize|p2|6\n|gen|9\n|tier|[Gen 9] VGC 2023 Regulation C\n|rated|\n|rule|Species Clause: Limit one of each Pok\u00e9mon\n|rule|Item Clause: Limit one of each item\n|clearpoke\n|poke|p1|Flutter Mane, L50|\n|poke|p1|Arcanine, L50, F|\n|poke|p1|Amoonguss, L50, M|\n|poke|p1|Palafin, L50, F|\n|poke|p1|Corviknight, L50, M|\n|poke|p1|Iron Hands, L50|\n|poke|p2|Maushold-Four, L50|\n|poke|p2|Annihilape, L50, M|\n|poke|p2|Arcanine, L50, M|\n|poke|p2|Ting-Lu, L50|\n|poke|p2|Iron Bundle, L50|\n|poke|p2|Flutter Mane, L50|\n|teampreview|4\nMissed Ledgedash has agreed to open team sheets.\n|inactive|Battle timer is ON: inactive players will automatically lose when time's up. (requested by Missed Ledgedash)\n|\n|t:|1682966282\n|start\n|switch|p1a: Flutter Mane|Flutter Mane, L50|100\/100\n|switch|p1b: Palafin|Palafin, L50, F|100\/100\n|switch|p2a: Arcanine|Arcanine, L50, M|100\/100\n|switch|p2b: Annihilape|Annihilape, L50, M, shiny|100\/100\n|-ability|p2a: Arcanine|Intimidate|boost\n|-unboost|p1a: Flutter Mane|atk|1\n|-unboost|p1b: Palafin|atk|1\n|turn|1\n|inactive|Missed Ledgedash has 30 seconds left.\n|inactive|Peppeld has 30 seconds left.\n|inactive|Missed Ledgedash has 20 seconds left.\n|inactive|Missed Ledgedash has 15 seconds left.\n|\n|t:|1682966322\n|-terastallize|p2b: Annihilape|Water\n|move|p1a: Flutter Mane|Moonblast|p2b: Annihilape\n|-damage|p2b: Annihilape|47\/100\n|move|p2a: Arcanine|Flare Blitz|p1b: Palafin\n|-resisted|p1b: Palafin\n|-damage|p1b: Palafin|70\/100\n|-damage|p2a: Arcanine|90\/100|[from] Recoil\n|move|p1b: Palafin|Wave Crash|p2b: Annihilape\n|-resisted|p2b: Annihilape\n|-damage|p2b: Annihilape|32\/100\n|-damage|p1b: Palafin|65\/100|[from] Recoil\n|move|p2b: Annihilape|Bulk Up|p2b: Annihilape\n|-boost|p2b: Annihilape|atk|1\n|-boost|p2b: Annihilape|def|1\n|\n|-heal|p2b: Annihilape|38\/100|[from] item: Leftovers\n|upkeep\n|turn|2\n|inactive|Peppeld has 30 seconds left.\n|\n|t:|1682966347\n|move|p2b: Annihilape|Protect|p2b: Annihilape\n|-singleturn|p2b: Annihilape|Protect\n|move|p1a: Flutter Mane|Moonblast|p2b: Annihilape\n|-activate|p2b: Annihilape|move: Protect\n|move|p2a: Arcanine|Flare Blitz|p1a: Flutter Mane\n|-damage|p1a: Flutter Mane|24\/100\n|-status|p1a: Flutter Mane|brn\n|-damage|p2a: Arcanine|73\/100|[from] Recoil\n|move|p1b: Palafin|Wave Crash|p2a: Arcanine\n|-supereffective|p2a: Arcanine\n|-damage|p2a: Arcanine|0 fnt\n|faint|p2a: Arcanine\n|-damage|p1b: Palafin|42\/100|[from] Recoil\n|\n|-heal|p2b: Annihilape|44\/100|[from] item: Leftovers\n|-damage|p1a: Flutter Mane|17\/100 brn|[from] brn\n|upkeep\n|\n|t:|1682966363\n|switch|p2a: Iron Bundle|Iron Bundle, L50, shiny|100\/100\n|-enditem|p2a: Iron Bundle|Booster Energy\n|-activate|p2a: Iron Bundle|ability: Quark Drive|[fromitem]\n|-start|p2a: Iron Bundle|quarkdrivespe\n|turn|3\n|\n|t:|1682966378\n|move|p2a: Iron Bundle|Icy Wind|p1b: Palafin|[spread] p1a,p1b\n|-resisted|p1b: Palafin\n|-damage|p1a: Flutter Mane|0 fnt\n|-damage|p1b: Palafin|30\/100\n|-unboost|p1b: Palafin|spe|1\n|faint|p1a: Flutter Mane\n|-end|p1a: Flutter Mane|Protosynthesis|[silent]\n|move|p2b: Annihilape|Drain Punch|p1b: Palafin\n|-damage|p1b: Palafin|0 fnt\n|-heal|p2b: Annihilape|59\/100|[from] drain|[of] p1b: Palafin\n|faint|p1b: Palafin\n|\n|-heal|p2b: Annihilape|65\/100|[from] item: Leftovers\n|upkeep\n|\n|t:|1682966383\n|switch|p1a: Corviknight|Corviknight, L50, M|100\/100\n|switch|p1b: Amoonguss|Amoonguss, L50, M|100\/100\n|turn|4\n|inactive|Peppeld has 30 seconds left.\n|\n|t:|1682966415\n|move|p2a: Iron Bundle|Protect|p2a: Iron Bundle\n|-singleturn|p2a: Iron Bundle|Protect\n|move|p2b: Annihilape|Protect|p2b: Annihilape\n|-singleturn|p2b: Annihilape|Protect\n|move|p1a: Corviknight|Substitute|p1a: Corviknight\n|-start|p1a: Corviknight|Substitute\n|-damage|p1a: Corviknight|76\/100\n|move|p1b: Amoonguss|Spore|p2b: Annihilape\n|-activate|p2b: Annihilape|move: Protect\n|\n|-heal|p2b: Annihilape|72\/100|[from] item: Leftovers\n|-heal|p1a: Corviknight|82\/100|[from] item: Leftovers\n|upkeep\n|turn|5\n|inactive|Missed Ledgedash has 30 seconds left.\n|inactive|Peppeld has 30 seconds left.\n|\n|t:|1682966449\n|move|p2a: Iron Bundle|Freeze-Dry|p1b: Amoonguss\n|-supereffective|p1b: Amoonguss\n|-damage|p1b: Amoonguss|45\/100\n|-enditem|p1b: Amoonguss|Sitrus Berry|[eat]\n|-heal|p1b: Amoonguss|69\/100|[from] item: Sitrus Berry\n|move|p2b: Annihilape|Rage Fist|p1b: Amoonguss\n|-damage|p1b: Amoonguss|0 fnt\n|faint|p1b: Amoonguss\n|move|p1a: Corviknight|Bulk Up|p1a: Corviknight\n|-boost|p1a: Corviknight|atk|1\n|-boost|p1a: Corviknight|def|1\n|\n|-heal|p2b: Annihilape|78\/100|[from] item: Leftovers\n|-heal|p1a: Corviknight|88\/100|[from] item: Leftovers\n|upkeep\n|turn|6\n|\n|t:|1682966474\n|-terastallize|p1a: Corviknight|Fire\n|move|p2a: Iron Bundle|Freeze-Dry|p1a: Corviknight\n|-resisted|p1a: Corviknight\n|-activate|p1a: Corviknight|move: Substitute|[damage]\n|move|p2b: Annihilape|Bulk Up|p2b: Annihilape\n|-boost|p2b: Annihilape|atk|1\n|-boost|p2b: Annihilape|def|1\n|move|p1a: Corviknight|Brave Bird|p2a: Iron Bundle\n|-damage|p2a: Iron Bundle|10\/100\n|-damage|p1a: Corviknight|67\/100|[from] Recoil\n|\n|-heal|p2b: Annihilape|84\/100|[from] item: Leftovers\n|-heal|p1a: Corviknight|73\/100|[from] item: Leftovers\n|upkeep\n|turn|7\n|\n|t:|1682966496\n|move|p2a: Iron Bundle|Hydro Pump|p1a: Corviknight\n|-supereffective|p1a: Corviknight\n|-end|p1a: Corviknight|Substitute\n|move|p2b: Annihilape|Rage Fist|p1a: Corviknight\n|-damage|p1a: Corviknight|0 fnt\n|faint|p1a: Corviknight\n|\n|win|Peppeld\n|raw|Missed Ledgedash's rating: 1451 → 1428<\/strong> (-23 for losing)\n|raw|Peppeld's rating: 1394 → 1417<\/strong> (+23 for winning)\n","uploadtime":1682966503,"views":50,"p1id":"missedledgedash","p2id":"peppeld","formatid":"gen9vgc2023regulationc","rating":1417,"private":0,"password":""}