{"id":"gen9vgc2023regulationc-1847179846","p1":"Bolsa_25","p2":"the mudkip warrior","format":"[Gen 9] VGC 2023 Regulation C","log":"|j|\u2606Bolsa_25\n|j|\u2606the mudkip warrior\n|t:|1681925611\n|gametype|doubles\n|player|p1|Bolsa_25|tate|1363\n|player|p2|the mudkip warrior|acetrainer-gen4dp|1355\n|teamsize|p1|6\n|teamsize|p2|6\n|gen|9\n|tier|[Gen 9] VGC 2023 Regulation C\n|rated|\n|rule|Species Clause: Limit one of each Pok\u00e9mon\n|rule|Item Clause: Limit one of each item\n|clearpoke\n|poke|p1|Ting-Lu, L50|\n|poke|p1|Grimmsnarl, L50, M|\n|poke|p1|Gastrodon, L50, M|\n|poke|p1|Annihilape, L50, F|\n|poke|p1|Indeedee-F, L50, F|\n|poke|p1|Wo-Chien, L50|\n|poke|p2|Grimmsnarl, L50, M|\n|poke|p2|Palafin, L50, M|\n|poke|p2|Flutter Mane, L50|\n|poke|p2|Arcanine, L50, F|\n|poke|p2|Dragonite, L50, F|\n|poke|p2|Dragapult, L50, M|\n|teampreview|4\n|c|\u2606the mudkip warrior|gl\n|c|\u2606Bolsa_25|hf\n|\n|t:|1681925643\n|start\n|switch|p1a: Grimmsnarl|Grimmsnarl, L50, M|100\/100\n|switch|p1b: Annihilape|Annihilape, L50, F|100\/100\n|switch|p2a: Captain Coral|Palafin, L50, M|100\/100\n|switch|p2b: Salvo|Dragapult, L50, M, shiny|100\/100\n|turn|1\n|\n|t:|1681925654\n|detailschange|p2a: Captain Coral|Palafin-Hero, L50, M\n|switch|p2a: Twilight|Flutter Mane, L50|100\/100\n|move|p1b: Annihilape|Protect|p1b: Annihilape\n|-singleturn|p1b: Annihilape|Protect\n|move|p1a: Grimmsnarl|Reflect|p1a: Grimmsnarl\n|-sidestart|p1: Bolsa_25|Reflect\n|move|p2b: Salvo|Phantom Force||[still]\n|-prepare|p2b: Salvo|Phantom Force\n|\n|upkeep\n|turn|2\n|\n|t:|1681925668\n|switch|p1b: Ting-Lu|Ting-Lu, L50|100\/100\n|-ability|p1b: Ting-Lu|Vessel of Ruin\n|move|p2b: Salvo|Phantom Force|p1b: Ting-Lu|[from]lockedmove\n|-resisted|p1b: Ting-Lu\n|-damage|p1b: Ting-Lu|87\/100\n|move|p2a: Twilight|Dazzling Gleam|p1a: Grimmsnarl|[spread] p1a,p1b\n|-supereffective|p1a: Grimmsnarl\n|-supereffective|p1b: Ting-Lu\n|-damage|p1a: Grimmsnarl|47\/100\n|-damage|p1b: Ting-Lu|51\/100\n|-enditem|p1b: Ting-Lu|Weakness Policy\n|-boost|p1b: Ting-Lu|atk|2|[from] item: Weakness Policy\n|-boost|p1b: Ting-Lu|spa|2|[from] item: Weakness Policy\n|-damage|p2a: Twilight|90\/100|[from] item: Life Orb\n|move|p1a: Grimmsnarl|Spirit Break|p2a: Twilight\n|-damage|p2a: Twilight|24\/100\n|-unboost|p2a: Twilight|spa|1\n|\n|upkeep\n|turn|3\n|\n|t:|1681925688\n|move|p1a: Grimmsnarl|Light Screen|p1a: Grimmsnarl\n|-sidestart|p1: Bolsa_25|move: Light Screen\n|move|p2b: Salvo|Phantom Force||[still]\n|-prepare|p2b: Salvo|Phantom Force\n|move|p2a: Twilight|Dazzling Gleam|p1b: Ting-Lu|[spread] p1a,p1b\n|-supereffective|p1a: Grimmsnarl\n|-supereffective|p1b: Ting-Lu\n|-damage|p1a: Grimmsnarl|21\/100\n|-damage|p1b: Ting-Lu|35\/100\n|-damage|p2a: Twilight|14\/100|[from] item: Life Orb\n|move|p1b: Ting-Lu|Earthquake|p2b: Salvo|[spread] p1a,p2a\n|-miss|p1b: Ting-Lu|p2b: Salvo\n|-crit|p2a: Twilight\n|-damage|p1a: Grimmsnarl|0 fnt\n|-damage|p2a: Twilight|0 fnt\n|faint|p1a: Grimmsnarl\n|faint|p2a: Twilight\n|-end|p2a: Twilight|Protosynthesis|[silent]\n|\n|upkeep\n|\n|t:|1681925700\n|switch|p2a: Captain Coral|Palafin-Hero, L50, M|100\/100\n|switch|p1a: Annihilape|Annihilape, L50, F|100\/100\n|-activate|p2a: Captain Coral|ability: Zero to Hero\n|turn|4\n|\n|t:|1681925716\n|switch|p1a: Gastrodon|Gastrodon, L50, M|100\/100\n|move|p2b: Salvo|Phantom Force|p1a: Gastrodon|[from]lockedmove\n|-damage|p1a: Gastrodon|61\/100\n|move|p2a: Captain Coral|Haze|p2a: Captain Coral\n|-clearallboost\n|move|p1b: Ting-Lu|Earthquake|p2a: Captain Coral|[spread] p1a,p2a,p2b\n|-damage|p1a: Gastrodon|43\/100\n|-damage|p2a: Captain Coral|73\/100\n|-damage|p2b: Salvo|52\/100\n|\n|upkeep\n|turn|5\n|\n|t:|1681925736\n|switch|p2a: Dolce|Dragonite, L50, F|100\/100\n|switch|p1b: Annihilape|Annihilape, L50, F|100\/100\n|move|p2b: Salvo|Phantom Force||[still]\n|-prepare|p2b: Salvo|Phantom Force\n|move|p1a: Gastrodon|Earth Power|p2a: Dolce\n|-immune|p2a: Dolce\n|\n|upkeep\n|turn|6\n|\n|t:|1681925747\n|switch|p1a: Ting-Lu|Ting-Lu, L50|35\/100\n|-ability|p1a: Ting-Lu|Vessel of Ruin\n|-terastallize|p1b: Annihilape|Fire\n|-terastallize|p2a: Dolce|Normal\n|move|p2b: Salvo|Phantom Force|p1a: Ting-Lu|[from]lockedmove\n|-resisted|p1a: Ting-Lu\n|-damage|p1a: Ting-Lu|23\/100\n|move|p1b: Annihilape|Bulk Up|p1b: Annihilape\n|-boost|p1b: Annihilape|atk|1\n|-boost|p1b: Annihilape|def|1\n|move|p2a: Dolce|Dragon Dance|p2a: Dolce\n|-boost|p2a: Dolce|atk|1\n|-boost|p2a: Dolce|spe|1\n|\n|upkeep\n|turn|7\n|\n|t:|1681925767\n|move|p1a: Ting-Lu|Protect|p1a: Ting-Lu\n|-singleturn|p1a: Ting-Lu|Protect\n|move|p2b: Salvo|Phantom Force||[still]\n|-prepare|p2b: Salvo|Phantom Force\n|move|p1b: Annihilape|Drain Punch|p2a: Dolce\n|-supereffective|p2a: Dolce\n|-damage|p2a: Dolce|55\/100\n|move|p2a: Dolce|Dragon Dance|p2a: Dolce\n|-boost|p2a: Dolce|atk|1\n|-boost|p2a: Dolce|spe|1\n|\n|upkeep\n|turn|8\n|\n|t:|1681925783\n|move|p2b: Salvo|Phantom Force|p1b: Annihilape|[from]lockedmove\n|-damage|p1b: Annihilape|71\/100\n|move|p2a: Dolce|Stomping Tantrum|p1b: Annihilape\n|-supereffective|p1b: Annihilape\n|-damage|p1b: Annihilape|18\/100\n|move|p1b: Annihilape|Drain Punch|p2a: Dolce\n|-supereffective|p2a: Dolce\n|-damage|p2a: Dolce|0 fnt\n|-heal|p1b: Annihilape|44\/100|[from] drain|[of] p2a: Dolce\n|faint|p2a: Dolce\n|move|p1a: Ting-Lu|Heavy Slam|p2b: Salvo\n|-damage|p2b: Salvo|0 fnt\n|faint|p2b: Salvo\n|\n|-sideend|p1: Bolsa_25|Reflect\n|upkeep\n|c|\u2606the mudkip warrior|ohhhhh no\n|c|\u2606Bolsa_25|rip\n|\n|t:|1681925797\n|switch|p2b: Captain Coral|Palafin-Hero, L50, M|73\/100\n|turn|9\n|\n|t:|1681925805\n|switch|p1a: Gastrodon|Gastrodon, L50, M|43\/100\n|move|p2b: Captain Coral|Jet Punch|p1a: Gastrodon\n|-activate|p1a: Gastrodon|ability: Storm Drain\n|-ability|p1a: Gastrodon|Storm Drain|boost\n|-boost|p1a: Gastrodon|spa|1\n|move|p1b: Annihilape|Rage Fist|p2b: Captain Coral\n|-damage|p2b: Captain Coral|0 fnt\n|faint|p2b: Captain Coral\n|\n|win|Bolsa_25\n|raw|Bolsa_25's rating: 1363 → 1383<\/strong> (+20 for winning)\n|raw|the mudkip warrior's rating: 1355 → 1335<\/strong> (-20 for losing)\n|c|\u2606Bolsa_25|gg\n|c|\u2606the mudkip warrior|I can fix this\n|c|\u2606the mudkip warrior|i cant fix this\n|c|\u2606Bolsa_25|XDD\n|c|\u2606the mudkip warrior|gg lol\n|c|\u2606Bolsa_25|gg bro\n","uploadtime":1681925822,"views":15,"p1id":"bolsa25","p2id":"themudkipwarrior","formatid":"gen9vgc2023regulationc","rating":1335,"private":0,"password":""}