{"id":"gen9vgc2023regulationc-1856219826","p1":"xcvghdfghfhf","p2":"volcranix","format":"[Gen 9] VGC 2023 Regulation C","log":"|j|\u2606xcvghdfghfhf\n|j|\u2606volcranix\n|t:|1683041958\n|gametype|doubles\n|player|p1|xcvghdfghfhf|alder|1072\n|player|p2|volcranix|cynthia-masters3|1149\n|teamsize|p1|6\n|teamsize|p2|6\n|gen|9\n|tier|[Gen 9] VGC 2023 Regulation C\n|rated|\n|rule|Species Clause: Limit one of each Pok\u00e9mon\n|rule|Item Clause: Limit one of each item\n|clearpoke\n|poke|p1|Garganacl, L50, F|\n|poke|p1|Iron Bundle, L50|\n|poke|p1|Amoonguss, L50, M|\n|poke|p1|Gyarados, L50, F|\n|poke|p1|Iron Hands, L50|\n|poke|p1|Glimmora, L50, F|\n|poke|p2|Flutter Mane, L50|\n|poke|p2|Chi-Yu, L50|\n|poke|p2|Iron Bundle, L50|\n|poke|p2|Dragonite, L50, F|\n|poke|p2|Ting-Lu, L50|\n|poke|p2|Amoonguss, L50, M|\n|teampreview|4\n|inactive|Battle timer is ON: inactive players will automatically lose when time's up. (requested by xcvghdfghfhf)\n|inactive|xcvghdfghfhf has 60 seconds left.\n|inactive|volcranix has 60 seconds left.\n|\n|t:|1683042010\n|start\n|switch|p1a: Garganacl|Garganacl, L50, F|100\/100\n|switch|p1b: Glimmora|Glimmora, L50, F|100\/100\n|switch|p2a: Iron Bundle|Iron Bundle, L50|100\/100\n|switch|p2b: Flutter Mane|Flutter Mane, L50|100\/100\n|-enditem|p2a: Iron Bundle|Booster Energy\n|-activate|p2a: Iron Bundle|ability: Quark Drive|[fromitem]\n|-start|p2a: Iron Bundle|quarkdrivespe\n|turn|1\n|inactive|volcranix has 30 seconds left.\n|inactive|volcranix has 20 seconds left.\n|inactive|volcranix has 15 seconds left.\n|\n|t:|1683042052\n|-terastallize|p1a: Garganacl|Ghost\n|move|p2a: Iron Bundle|Hydro Pump|p1a: Garganacl\n|-damage|p1a: Garganacl|57\/100\n|move|p2b: Flutter Mane|Moonblast|p1b: Glimmora\n|-resisted|p1b: Glimmora\n|-damage|p1b: Glimmora|50\/100\n|-unboost|p1b: Glimmora|spa|1\n|move|p1b: Glimmora|Mortal Spin|p2a: Iron Bundle|[spread] p2a,p2b\n|-damage|p2a: Iron Bundle|94\/100\n|-damage|p2b: Flutter Mane|89\/100\n|-status|p2a: Iron Bundle|psn\n|-status|p2b: Flutter Mane|psn\n|move|p1a: Garganacl|Salt Cure|p2b: Flutter Mane\n|-damage|p2b: Flutter Mane|59\/100 psn\n|-start|p2b: Flutter Mane|Salt Cure\n|\n|-heal|p1a: Garganacl|62\/100|[from] item: Leftovers\n|-damage|p2a: Iron Bundle|81\/100 psn|[from] psn\n|-damage|p2b: Flutter Mane|47\/100 psn|[from] psn\n|-damage|p2b: Flutter Mane|35\/100 psn|[from] Salt Cure\n|upkeep\n|turn|2\n|inactive|xcvghdfghfhf has 30 seconds left.\n|inactive|volcranix has 30 seconds left.\n|\n|t:|1683042080\n|move|p1b: Glimmora|Spiky Shield|p1b: Glimmora\n|-singleturn|p1b: Glimmora|move: Protect\n|move|p1a: Garganacl|Protect|p1a: Garganacl\n|-singleturn|p1a: Garganacl|Protect\n|move|p2a: Iron Bundle|Hydro Pump|p1a: Garganacl\n|-activate|p1a: Garganacl|move: Protect\n|move|p2b: Flutter Mane|Moonblast|p1b: Glimmora\n|-activate|p1b: Glimmora|move: Protect\n|\n|-heal|p1a: Garganacl|68\/100|[from] item: Leftovers\n|-damage|p2a: Iron Bundle|69\/100 psn|[from] psn\n|-damage|p2b: Flutter Mane|23\/100 psn|[from] psn\n|-damage|p2b: Flutter Mane|10\/100 psn|[from] Salt Cure\n|upkeep\n|turn|3\n|\n|t:|1683042101\n|switch|p1a: Gyarados|Gyarados, L50, F|100\/100\n|-ability|p1a: Gyarados|Intimidate|boost\n|-unboost|p2a: Iron Bundle|atk|1\n|-unboost|p2b: Flutter Mane|atk|1\n|move|p2a: Iron Bundle|Hydro Pump|p1b: Glimmora\n|-supereffective|p1b: Glimmora\n|-damage|p1b: Glimmora|0 fnt\n|faint|p1b: Glimmora\n|move|p2b: Flutter Mane|Moonblast|p1a: Gyarados\n|-damage|p1a: Gyarados|55\/100\n|-unboost|p1a: Gyarados|spa|1\n|\n|-damage|p2a: Iron Bundle|57\/100 psn|[from] psn\n|-damage|p2b: Flutter Mane|0 fnt|[from] psn\n|faint|p2b: Flutter Mane\n|-end|p2b: Flutter Mane|Protosynthesis|[silent]\n|upkeep\n|\n|t:|1683042117\n|switch|p2b: Amoonguss|Amoonguss, L50, M|100\/100\n|switch|p1b: Iron Hands|Iron Hands, L50|100\/100\n|turn|4\n|\n|t:|1683042136\n|move|p1b: Iron Hands|Fake Out|p2a: Iron Bundle\n|-damage|p2a: Iron Bundle|41\/100 psn\n|cant|p2a: Iron Bundle|flinch\n|move|p1a: Gyarados|Taunt|p2b: Amoonguss\n|-start|p2b: Amoonguss|move: Taunt\n|cant|p2b: Amoonguss|move: Taunt|Spore\n|\n|-damage|p2a: Iron Bundle|29\/100 psn|[from] psn\n|upkeep\n|turn|5\n|inactive|xcvghdfghfhf has 30 seconds left.\n|inactive|volcranix has 30 seconds left.\n|\n|t:|1683042169\n|switch|p1a: Garganacl|Garganacl, L50, F, tera:Ghost|68\/100\n|move|p2a: Iron Bundle|Freeze-Dry|p1a: Garganacl\n|-damage|p1a: Garganacl|42\/100\n|move|p1b: Iron Hands|Volt Switch|p2a: Iron Bundle\n|-supereffective|p2a: Iron Bundle\n|-damage|p2a: Iron Bundle|0 fnt\n|faint|p2a: Iron Bundle\n|-end|p2a: Iron Bundle|Quark Drive|[silent]\n|\n|t:|1683042177\n|-end|p1b: Iron Hands|Quark Drive|[silent]\n|switch|p1b: Gyarados|Gyarados, L50, F|55\/100|[from] Volt Switch\n|-ability|p1b: Gyarados|Intimidate|boost\n|-unboost|p2b: Amoonguss|atk|1\n|move|p2b: Amoonguss|Pollen Puff|p2: Iron Bundle|[notarget]\n|-fail|p2b: Amoonguss\n|\n|-heal|p1a: Garganacl|48\/100|[from] item: Leftovers\n|upkeep\n|\n|t:|1683042183\n|switch|p2a: Ting-Lu|Ting-Lu, L50|100\/100\n|-ability|p2a: Ting-Lu|Vessel of Ruin\n|turn|6\n|\n|t:|1683042200\n|switch|p1b: Iron Hands|Iron Hands, L50|100\/100\n|-terastallize|p2a: Ting-Lu|Steel\n|move|p1a: Garganacl|Protect|p1a: Garganacl\n|-singleturn|p1a: Garganacl|Protect\n|move|p2a: Ting-Lu|Fissure|p1b: Iron Hands|[miss]\n|-miss|p2a: Ting-Lu|p1b: Iron Hands\n|move|p2b: Amoonguss|Giga Drain|p1a: Garganacl\n|-activate|p1a: Garganacl|move: Protect\n|\n|-heal|p1a: Garganacl|54\/100|[from] item: Leftovers\n|-end|p2b: Amoonguss|move: Taunt\n|upkeep\n|turn|7\n|\n|t:|1683042217\n|move|p1b: Iron Hands|Fake Out|p2a: Ting-Lu\n|-resisted|p2a: Ting-Lu\n|-damage|p2a: Ting-Lu|97\/100\n|cant|p2a: Ting-Lu|flinch\n|move|p1a: Garganacl|Salt Cure|p2a: Ting-Lu\n|-resisted|p2a: Ting-Lu\n|-damage|p2a: Ting-Lu|93\/100\n|-start|p2a: Ting-Lu|Salt Cure\n|move|p2b: Amoonguss|Giga Drain|p1a: Garganacl\n|-damage|p1a: Garganacl|42\/100\n|\n|-heal|p1a: Garganacl|47\/100|[from] item: Leftovers\n|-damage|p2a: Ting-Lu|68\/100|[from] Salt Cure\n|upkeep\n|turn|8\n|inactive|xcvghdfghfhf has 30 seconds left.\n|\n|t:|1683042243\n|-end|p1b: Iron Hands|Quark Drive|[silent]\n|switch|p1b: Gyarados|Gyarados, L50, F|55\/100\n|-ability|p1b: Gyarados|Intimidate|boost\n|-unboost|p2a: Ting-Lu|atk|1\n|-unboost|p2b: Amoonguss|atk|1\n|move|p2a: Ting-Lu|Fissure|p1b: Gyarados\n|-immune|p1b: Gyarados\n|move|p1a: Garganacl|Salt Cure|p2b: Amoonguss\n|-damage|p2b: Amoonguss|88\/100\n|-start|p2b: Amoonguss|Salt Cure\n|move|p2b: Amoonguss|Spore|p1a: Garganacl\n|-immune|p1a: Garganacl|[from] ability: Purifying Salt\n|\n|-heal|p1a: Garganacl|53\/100|[from] item: Leftovers\n|-damage|p2a: Ting-Lu|44\/100|[from] Salt Cure\n|-damage|p2b: Amoonguss|76\/100|[from] Salt Cure\n|upkeep\n|turn|9\n|inactive|volcranix has 30 seconds left.\n|inactive|volcranix has 20 seconds left.\n|\n|t:|1683042280\n|move|p1a: Garganacl|Protect|p1a: Garganacl\n|-singleturn|p1a: Garganacl|Protect\n|move|p1b: Gyarados|Thunder Wave|p2a: Ting-Lu\n|-status|p2a: Ting-Lu|par\n|move|p2b: Amoonguss|Spore|p1b: Gyarados\n|-activate|p1b: Gyarados|item: Safety Goggles|Spore\n|move|p2a: Ting-Lu|Fissure|p1a: Garganacl\n|-activate|p1a: Garganacl|move: Protect\n|\n|-heal|p1a: Garganacl|59\/100|[from] item: Leftovers\n|-damage|p2b: Amoonguss|63\/100|[from] Salt Cure\n|-damage|p2a: Ting-Lu|19\/100 par|[from] Salt Cure\n|upkeep\n|turn|10\n|-message|volcranix forfeited.\n|\n|win|xcvghdfghfhf\n|raw|xcvghdfghfhf's rating: 1072 → 1108<\/strong> (+36 for winning)\n|raw|volcranix's rating: 1149 → 1119<\/strong> (-30 for losing)\n|l|\u2606volcranix\n","uploadtime":1683042460,"views":12,"p1id":"xcvghdfghfhf","p2id":"volcranix","formatid":"gen9vgc2023regulationc","rating":1108,"private":0,"password":""}