{"id":"gen9vgc2023regulationc-1863372404","p1":"gggggyyyyy(Coach)","p2":"elletfo","format":"[Gen 9] VGC 2023 Regulation C","log":"|j|\u2606gggggyyyyy(Coach)\n|j|\u2606elletfo\n|t:|1684008595\n|gametype|doubles\n|player|p1|gggggyyyyy(Coach)|n|1131\n|player|p2|elletfo|2|1162\n|teamsize|p1|6\n|teamsize|p2|6\n|gen|9\n|tier|[Gen 9] VGC 2023 Regulation C\n|rated|\n|rule|Species Clause: Limit one of each Pok\u00e9mon\n|rule|Item Clause: Limit one of each item\n|clearpoke\n|poke|p1|Quaquaval, L50, F|\n|poke|p1|Scream Tail, L50|\n|poke|p1|Volcarona, L50, M|\n|poke|p1|Chien-Pao, L50|\n|poke|p1|Amoonguss, L50, M|\n|poke|p1|Iron Hands, L50|\n|poke|p2|Chien-Pao, L50|\n|poke|p2|Dragonite, L50, F|\n|poke|p2|Palafin, L50, F|\n|poke|p2|Flutter Mane, L50|\n|poke|p2|Amoonguss, L50, M|\n|poke|p2|Arcanine, L50, M|\n|teampreview|4\n|inactive|Battle timer is ON: inactive players will automatically lose when time's up. (requested by elletfo)\ngggggyyyyy(Coach) rejected open team sheets.\n|\n|t:|1684008620\n|start\n|switch|p1a: Quaquaval|Quaquaval, L50, F|100\/100\n|switch|p1b: Iron Hands|Iron Hands, L50|100\/100\n|switch|p2a: BetterWeavile|Chien-Pao, L50|100\/100\n|switch|p2b: MAH BOI|Dragonite, L50, F|100\/100\n|-ability|p2a: BetterWeavile|Sword of Ruin\n|turn|1\n|inactive|gggggyyyyy(Coach) has 30 seconds left.\n|\n|t:|1684008653\n|move|p2a: BetterWeavile|Protect|p2a: BetterWeavile\n|-singleturn|p2a: BetterWeavile|Protect\n|move|p1b: Iron Hands|Fake Out|p2b: MAH BOI\n|-damage|p2b: MAH BOI|91\/100\n|move|p1a: Quaquaval|Bulk Up|p1a: Quaquaval\n|-boost|p1a: Quaquaval|atk|1\n|-boost|p1a: Quaquaval|def|1\n|cant|p2b: MAH BOI|flinch\n|\n|upkeep\n|turn|2\n|inactive|gggggyyyyy(Coach) has 30 seconds left.\n|inactive|elletfo has 30 seconds left.\n|inactive|elletfo has 20 seconds left.\n|inactive|elletfo has 15 seconds left.\n|inactive|gggggyyyyy(Coach) has 20 seconds left.\n|inactive|gggggyyyyy(Coach) has 15 seconds left.\n|\n|t:|1684008706\n|-terastallize|p2a: BetterWeavile|Flying\n|move|p1a: Quaquaval|Detect|p1a: Quaquaval\n|-singleturn|p1a: Quaquaval|Protect\n|move|p2a: BetterWeavile|Ice Spinner|p1a: Quaquaval\n|-activate|p1a: Quaquaval|move: Protect\n|move|p2b: MAH BOI|Earthquake|p1a: Quaquaval|[spread] p1b\n|-activate|p1a: Quaquaval|move: Protect\n|-immune|p2a: BetterWeavile\n|-supereffective|p1b: Iron Hands\n|-damage|p1b: Iron Hands|28\/100\n|move|p1b: Iron Hands|Wild Charge|p2b: MAH BOI\n|-damage|p2b: MAH BOI|20\/100\n|-damage|p1b: Iron Hands|14\/100|[from] Recoil\n|\n|upkeep\n|turn|3\n|inactive|gggggyyyyy(Coach) has 30 seconds left.\n|inactive|gggggyyyyy(Coach) has 20 seconds left.\n|\n|t:|1684008744\n|move|p2a: BetterWeavile|Ice Spinner|p1a: Quaquaval\n|-resisted|p1a: Quaquaval\n|-damage|p1a: Quaquaval|76\/100\n|move|p1a: Quaquaval|Aqua Step|p2b: MAH BOI\n|-resisted|p2b: MAH BOI\n|-damage|p2b: MAH BOI|0 fnt\n|-boost|p1a: Quaquaval|spe|1\n|faint|p2b: MAH BOI\n|-ability|p1a: Quaquaval|Moxie|boost\n|-boost|p1a: Quaquaval|atk|1\n|move|p1b: Iron Hands|Wild Charge|p2a: BetterWeavile\n|-supereffective|p2a: BetterWeavile\n|-enditem|p2a: BetterWeavile|Focus Sash\n|-damage|p2a: BetterWeavile|1\/100\n|-damage|p1b: Iron Hands|0 fnt|[from] Recoil\n|faint|p1b: Iron Hands\n|-end|p1b: Iron Hands|Quark Drive|[silent]\n|\n|upkeep\n|inactive|gggggyyyyy(Coach) has 30 seconds left.\n|\n|t:|1684008776\n|switch|p2b: Mismalius|Flutter Mane, L50, shiny|100\/100\n|switch|p1b: Chien-Pao|Chien-Pao, L50|100\/100\n|-ability|p1b: Chien-Pao|Sword of Ruin\n|-enditem|p2b: Mismalius|Booster Energy\n|-activate|p2b: Mismalius|ability: Protosynthesis|[fromitem]\n|-start|p2b: Mismalius|protosynthesisspa\n|turn|4\n|\n|t:|1684008802\n|move|p2b: Mismalius|Protect|p2b: Mismalius\n|-singleturn|p2b: Mismalius|Protect\n|move|p1a: Quaquaval|Aqua Step|p2b: Mismalius\n|-activate|p2b: Mismalius|move: Protect\n|move|p1b: Chien-Pao|Throat Chop|p2b: Mismalius\n|-activate|p2b: Mismalius|move: Protect\n|move|p2a: BetterWeavile|Sacred Sword|p1b: Chien-Pao\n|-supereffective|p1b: Chien-Pao\n|-crit|p1b: Chien-Pao\n|-enditem|p1b: Chien-Pao|Focus Sash\n|-damage|p1b: Chien-Pao|1\/100\n|\n|upkeep\n|turn|5\n|\n|t:|1684008823\n|move|p1b: Chien-Pao|Protect|p1b: Chien-Pao\n|-singleturn|p1b: Chien-Pao|Protect\n|move|p2a: BetterWeavile|Sucker Punch||[still]\n|-fail|p2a: BetterWeavile\n|move|p1a: Quaquaval|Aqua Step|p2b: Mismalius\n|-damage|p2b: Mismalius|0 fnt\n|-boost|p1a: Quaquaval|spe|1\n|faint|p2b: Mismalius\n|-end|p2b: Mismalius|Protosynthesis|[silent]\n|-ability|p1a: Quaquaval|Moxie|boost\n|-boost|p1a: Quaquaval|atk|1\n|\n|upkeep\n|\n|t:|1684008835\n|switch|p2b: HesAGoodBoi|Arcanine, L50, M|100\/100\n|-ability|p2b: HesAGoodBoi|Intimidate|boost\n|-fail|p1a: Quaquaval|unboost|[from] item: Clear Amulet|[of] p1a: Quaquaval\n|-unboost|p1b: Chien-Pao|atk|1\n|turn|6\n|inactive|elletfo has 30 seconds left.\n|\n|t:|1684008863\n|move|p1b: Chien-Pao|Protect|p1b: Chien-Pao\n|-singleturn|p1b: Chien-Pao|Protect\n|move|p2b: HesAGoodBoi|Extreme Speed|p1b: Chien-Pao\n|-activate|p1b: Chien-Pao|move: Protect\n|move|p2a: BetterWeavile|Sucker Punch|p1a: Quaquaval\n|-resisted|p1a: Quaquaval\n|-damage|p1a: Quaquaval|56\/100\n|move|p1a: Quaquaval|Aqua Step|p2a: BetterWeavile\n|-damage|p2a: BetterWeavile|0 fnt\n|-boost|p1a: Quaquaval|spe|1\n|faint|p2a: BetterWeavile\n|-ability|p1a: Quaquaval|Moxie|boost\n|-boost|p1a: Quaquaval|atk|1\n|\n|upkeep\n|turn|7\n|\n|t:|1684008883\n|move|p1a: Quaquaval|Aqua Step|p2b: HesAGoodBoi\n|-supereffective|p2b: HesAGoodBoi\n|-damage|p2b: HesAGoodBoi|0 fnt\n|-boost|p1a: Quaquaval|spe|1\n|faint|p2b: HesAGoodBoi\n|\n|win|gggggyyyyy(Coach)\n|raw|gggggyyyyy(Coach)'s rating: 1131 → 1158<\/strong> (+27 for winning)\n|raw|elletfo's rating: 1162 → 1135<\/strong> (-27 for losing)\n|l|\u2606elletfo\n|c|\u2606gggggyyyyy(Coach)|gg\n","uploadtime":1684008962,"views":13,"p1id":"gggggyyyyycoach","p2id":"elletfo","formatid":"gen9vgc2023regulationc","rating":1135,"private":0,"password":""}