{"id":"gen9vgc2023regulationc-1854376883","p1":"my form empties","p2":"garfieldslaya","format":"[Gen 9] VGC 2023 Regulation C","log":"|j|\u2606my form empties\n|j|\u2606garfieldslaya\n|t:|1682803277\n|gametype|doubles\n|player|p1|my form empties|unknownf|1233\n|player|p2|garfieldslaya|jasmine|1282\n|teamsize|p1|6\n|teamsize|p2|6\n|gen|9\n|tier|[Gen 9] VGC 2023 Regulation C\n|rated|\n|rule|Species Clause: Limit one of each Pok\u00e9mon\n|rule|Item Clause: Limit one of each item\n|clearpoke\n|poke|p1|Roaring Moon, L50|\n|poke|p1|Corviknight, L50, M|\n|poke|p1|Garchomp, L50, F|\n|poke|p1|Flutter Mane, L50|\n|poke|p1|Arcanine, L50, M|\n|poke|p1|Gyarados, L50, M|\n|poke|p2|Amoonguss, L50, F|\n|poke|p2|Flutter Mane, L50|\n|poke|p2|Arcanine, L50, M|\n|poke|p2|Baxcalibur, L50, M|\n|poke|p2|Ting-Lu, L50|\n|poke|p2|Palafin, L50, F|\n|teampreview|4\nmy form empties has agreed to open team sheets.\ngarfieldslaya has agreed to open team sheets.\n|\n|t:|1682803372\n|start\n|switch|p1a: Roaring Moon|Roaring Moon, L50|100\/100\n|switch|p1b: Corviknight|Corviknight, L50, M|100\/100\n|switch|p2a: Baxcalibur|Baxcalibur, L50, M|100\/100\n|switch|p2b: Amoonguss|Amoonguss, L50, F|100\/100\n|-enditem|p1a: Roaring Moon|Booster Energy\n|-activate|p1a: Roaring Moon|ability: Protosynthesis|[fromitem]\n|-start|p1a: Roaring Moon|protosynthesisspe\n|turn|1\n|\n|t:|1682803438\n|-terastallize|p2a: Baxcalibur|Poison\n|move|p1a: Roaring Moon|Acrobatics|p2b: Amoonguss\n|-supereffective|p2b: Amoonguss\n|-damage|p2b: Amoonguss|33\/100\n|-damage|p1a: Roaring Moon|84\/100|[from] item: Rocky Helmet|[of] p2b: Amoonguss\n|move|p2a: Baxcalibur|Icicle Crash|p1a: Roaring Moon\n|-supereffective|p1a: Roaring Moon\n|-damage|p1a: Roaring Moon|0 fnt\n|faint|p1a: Roaring Moon\n|-end|p1a: Roaring Moon|Protosynthesis|[silent]\n|move|p1b: Corviknight|Brave Bird|p2b: Amoonguss\n|-supereffective|p2b: Amoonguss\n|-damage|p2b: Amoonguss|0 fnt\n|-damage|p1b: Corviknight|84\/100|[from] item: Rocky Helmet|[of] p2b: Amoonguss\n|faint|p2b: Amoonguss\n|-damage|p1b: Corviknight|73\/100|[from] Recoil\n|\n|upkeep\n|\n|t:|1682803452\n|switch|p1a: Garchomp|Garchomp, L50, F|100\/100\n|switch|p2b: Flutter Mane|Flutter Mane, L50|100\/100\n|-enditem|p2b: Flutter Mane|Booster Energy\n|-activate|p2b: Flutter Mane|ability: Protosynthesis|[fromitem]\n|-start|p2b: Flutter Mane|protosynthesisspe\n|turn|2\n|\n|t:|1682803483\n|-terastallize|p1a: Garchomp|Ground\n|move|p2a: Baxcalibur|Ice Shard|p1a: Garchomp\n|-supereffective|p1a: Garchomp\n|-damage|p1a: Garchomp|48\/100\n|move|p2b: Flutter Mane|Moonblast|p1a: Garchomp\n|-damage|p1a: Garchomp|0 fnt\n|faint|p1a: Garchomp\n|move|p1b: Corviknight|Iron Head|p2b: Flutter Mane\n|-supereffective|p2b: Flutter Mane\n|-damage|p2b: Flutter Mane|0 fnt\n|faint|p2b: Flutter Mane\n|-end|p2b: Flutter Mane|Protosynthesis|[silent]\n|\n|upkeep\n|\n|t:|1682803494\n|switch|p2b: Ting-Lu|Ting-Lu, L50|100\/100\n|switch|p1a: Gyarados|Gyarados, L50, M|100\/100\n|-ability|p1a: Gyarados|Intimidate|boost\n|-fail|p2a: Baxcalibur|unboost|[from] item: Clear Amulet|[of] p2a: Baxcalibur\n|-unboost|p2b: Ting-Lu|atk|1\n|-ability|p2b: Ting-Lu|Vessel of Ruin\n|turn|3\n|\n|t:|1682803535\n|move|p2a: Baxcalibur|Protect|p2a: Baxcalibur\n|-singleturn|p2a: Baxcalibur|Protect\n|move|p1a: Gyarados|Protect|p1a: Gyarados\n|-singleturn|p1a: Gyarados|Protect\n|move|p1b: Corviknight|Roost|p1b: Corviknight\n|-heal|p1b: Corviknight|100\/100\n|-singleturn|p1b: Corviknight|move: Roost\n|move|p2b: Ting-Lu|Ruination|p1a: Gyarados\n|-activate|p1a: Gyarados|move: Protect\n|\n|upkeep\n|turn|4\n|\n|t:|1682803566\n|move|p2a: Baxcalibur|Icicle Crash|p1a: Gyarados\n|-damage|p1a: Gyarados|48\/100\n|move|p1a: Gyarados|Thunder Wave|p2a: Baxcalibur\n|-status|p2a: Baxcalibur|par\n|move|p1b: Corviknight|Brave Bird|p2a: Baxcalibur\n|-crit|p2a: Baxcalibur\n|-damage|p2a: Baxcalibur|39\/100 par\n|-damage|p1b: Corviknight|79\/100|[from] Recoil\n|move|p2b: Ting-Lu|Ruination|p1b: Corviknight\n|-damage|p1b: Corviknight|40\/100\n|-enditem|p1b: Corviknight|Sitrus Berry|[eat]\n|-heal|p1b: Corviknight|64\/100|[from] item: Sitrus Berry\n|\n|-heal|p1a: Gyarados|54\/100|[from] item: Leftovers\n|upkeep\n|turn|5\n|\n|t:|1682803591\n|move|p2a: Baxcalibur|Protect|p2a: Baxcalibur\n|-singleturn|p2a: Baxcalibur|Protect\n|move|p1a: Gyarados|Waterfall|p2a: Baxcalibur\n|-activate|p2a: Baxcalibur|move: Protect\n|move|p1b: Corviknight|Brave Bird|p2a: Baxcalibur\n|-activate|p2a: Baxcalibur|move: Protect\n|move|p2b: Ting-Lu|Ruination|p1a: Gyarados\n|-damage|p1a: Gyarados|28\/100\n|\n|-heal|p1a: Gyarados|34\/100|[from] item: Leftovers\n|upkeep\n|turn|6\n|\n|t:|1682803606\n|move|p2a: Baxcalibur|Ice Shard|p1a: Gyarados\n|-damage|p1a: Gyarados|10\/100\n|move|p1a: Gyarados|Waterfall|p2a: Baxcalibur\n|-damage|p2a: Baxcalibur|1\/100 par\n|move|p1b: Corviknight|Brave Bird|p2a: Baxcalibur\n|-damage|p2a: Baxcalibur|0 fnt\n|faint|p2a: Baxcalibur\n|-damage|p1b: Corviknight|64\/100|[from] Recoil\n|move|p2b: Ting-Lu|Heavy Slam|p1a: Gyarados\n|-resisted|p1a: Gyarados\n|-damage|p1a: Gyarados|4\/100\n|\n|-heal|p1a: Gyarados|10\/100|[from] item: Leftovers\n|upkeep\n|turn|7\n|\n|t:|1682803622\n|move|p1a: Gyarados|Protect|p1a: Gyarados\n|-singleturn|p1a: Gyarados|Protect\n|move|p1b: Corviknight|Brave Bird|p2b: Ting-Lu\n|-damage|p2b: Ting-Lu|74\/100\n|-damage|p1b: Corviknight|54\/100|[from] Recoil\n|move|p2b: Ting-Lu|Heavy Slam|p1a: Gyarados\n|-activate|p1a: Gyarados|move: Protect\n|\n|-heal|p1a: Gyarados|16\/100|[from] item: Leftovers\n|-heal|p2b: Ting-Lu|80\/100|[from] item: Leftovers\n|upkeep\n|turn|8\n|-message|garfieldslaya forfeited.\n|\n|win|my form empties\n|raw|my form empties's rating: 1233 → 1262<\/strong> (+29 for winning)\n|raw|garfieldslaya's rating: 1282 → 1253<\/strong> (-29 for losing)\n","uploadtime":1682803630,"views":20,"p1id":"myformempties","p2id":"garfieldslaya","formatid":"gen9vgc2023regulationc","rating":1253,"private":0,"password":""}