{"id":"gen9vgc2023regulationc-1857789016","p1":"Lewlo","p2":"brood34","format":"[Gen 9] VGC 2023 Regulation C","log":"|j|\u2606Lewlo\n|j|\u2606brood34\n|t:|1683231902\n|gametype|doubles\n|player|p1|Lewlo|pokemonbreeder-gen4|1208\n|player|p2|brood34|giovanni|1195\n|teamsize|p1|6\n|teamsize|p2|6\n|gen|9\n|tier|[Gen 9] VGC 2023 Regulation C\n|rated|\n|rule|Species Clause: Limit one of each Pok\u00e9mon\n|rule|Item Clause: Limit one of each item\n|clearpoke\n|poke|p1|Arcanine, L50, M|\n|poke|p1|Azumarill, L50, M|\n|poke|p1|Amoonguss, L50, F|\n|poke|p1|Corviknight, L50, F|\n|poke|p1|Chien-Pao, L50|\n|poke|p1|Flutter Mane, L50|\n|poke|p2|Kilowattrel, L50, F|\n|poke|p2|Great Tusk, L50|\n|poke|p2|Rotom-Heat, L50|\n|poke|p2|Palafin, L50, M|\n|poke|p2|Brute Bonnet, L50|\n|poke|p2|Scizor, L50, F|\n|teampreview|4\n|inactive|Battle timer is ON: inactive players will automatically lose when time's up. (requested by Lewlo)\nLewlo has agreed to open team sheets.\n|inactive|Lewlo has 60 seconds left.\n|inactive|brood34 has 60 seconds left.\n|\n|t:|1683231941\n|start\n|switch|p1a: Arcanine|Arcanine, L50, M|100\/100\n|switch|p1b: Wigfrid|Corviknight, L50, F|100\/100\n|switch|p2a: Kilowattrel|Kilowattrel, L50, F|100\/100\n|switch|p2b: Scizor|Scizor, L50, F|100\/100\n|-ability|p1a: Arcanine|Intimidate|boost\n|-unboost|p2a: Kilowattrel|atk|1\n|-ability|p2a: Kilowattrel|Competitive|boost\n|-boost|p2a: Kilowattrel|spa|2\n|-unboost|p2b: Scizor|atk|1\n|turn|1\n|\n|t:|1683231960\n|switch|p1b: Amoonguss|Amoonguss, L50, F|100\/100\n|switch|p2b: Great Tusk|Great Tusk, L50|100\/100\n|-enditem|p2b: Great Tusk|Booster Energy\n|-activate|p2b: Great Tusk|ability: Protosynthesis|[fromitem]\n|-start|p2b: Great Tusk|protosynthesisatk\n|move|p1a: Arcanine|Extreme Speed|p2a: Kilowattrel\n|-damage|p2a: Kilowattrel|61\/100\n|move|p2a: Kilowattrel|Discharge|p1b: Amoonguss|[spread] p1a,p1b\n|-immune|p2b: Great Tusk\n|-resisted|p1b: Amoonguss\n|-damage|p1a: Arcanine|47\/100\n|-damage|p1b: Amoonguss|79\/100\n|\n|upkeep\n|turn|2\n|inactive|Lewlo has 30 seconds left.\n|\n|t:|1683231993\n|switch|p1a: Wigfrid|Corviknight, L50, F|100\/100\n|move|p2a: Kilowattrel|Air Slash|p1b: Amoonguss\n|-supereffective|p1b: Amoonguss\n|-damage|p1b: Amoonguss|0 fnt\n|faint|p1b: Amoonguss\n|move|p2b: Great Tusk|Earthquake|p1a: Wigfrid|[spread] \n|-immune|p2a: Kilowattrel\n|-immune|p1a: Wigfrid\n|\n|upkeep\n|\n|t:|1683231999\n|switch|p1b: Flutter Mane|Flutter Mane, L50|100\/100\n|-enditem|p1b: Flutter Mane|Booster Energy\n|-activate|p1b: Flutter Mane|ability: Protosynthesis|[fromitem]\n|-start|p1b: Flutter Mane|protosynthesisspa\n|turn|3\n|\n|t:|1683232016\n|move|p2a: Kilowattrel|Tailwind|p2a: Kilowattrel\n|-sidestart|p2: brood34|move: Tailwind\n|move|p2b: Great Tusk|Earthquake|p1b: Flutter Mane|[spread] p1b\n|-immune|p2a: Kilowattrel\n|-immune|p1a: Wigfrid\n|-damage|p1b: Flutter Mane|36\/100\n|move|p1b: Flutter Mane|Dazzling Gleam|p2b: Great Tusk|[spread] p2a,p2b\n|-supereffective|p2b: Great Tusk\n|-damage|p2a: Kilowattrel|0 fnt\n|-damage|p2b: Great Tusk|0 fnt\n|faint|p2a: Kilowattrel\n|faint|p2b: Great Tusk\n|-end|p2b: Great Tusk|Protosynthesis|[silent]\n|move|p1a: Wigfrid|Iron Head|p2: Kilowattrel|[notarget]\n|-fail|p1a: Wigfrid\n|\n|upkeep\n|c|\u2606brood34|should of pressed headlong rush\n|\n|t:|1683232034\n|switch|p2a: Scizor|Scizor, L50, F|100\/100\n|switch|p2b: Rotom|Rotom-Heat, L50|100\/100\n|turn|4\n|c|\u2606Lewlo|Sorry m8\n|\n|t:|1683232053\n|-end|p1b: Flutter Mane|Protosynthesis|[silent]\n|switch|p1b: Arcanine|Arcanine, L50, M|47\/100\n|-ability|p1b: Arcanine|Intimidate|boost\n|-unboost|p2a: Scizor|atk|1\n|-unboost|p2b: Rotom|atk|1\n|-terastallize|p1a: Wigfrid|Fire\n|move|p2a: Scizor|Bullet Punch|p1b: Arcanine\n|-resisted|p1b: Arcanine\n|-damage|p1b: Arcanine|34\/100\n|move|p2b: Rotom|Will-O-Wisp|p1a: Wigfrid\n|-immune|p1a: Wigfrid\n|move|p1a: Wigfrid|Bulk Up|p1a: Wigfrid\n|-boost|p1a: Wigfrid|atk|1\n|-boost|p1a: Wigfrid|def|1\n|\n|upkeep\n|turn|5\n|\n|t:|1683232073\n|switch|p1b: Flutter Mane|Flutter Mane, L50|36\/100\n|-terastallize|p2b: Rotom|Electric\n|move|p2a: Scizor|Protect|p2a: Scizor\n|-singleturn|p2a: Scizor|Protect\n|move|p2b: Rotom|Discharge|p1b: Flutter Mane|[spread] p1a,p1b\n|-activate|p2a: Scizor|move: Protect\n|-damage|p1a: Wigfrid|76\/100\n|-damage|p1b: Flutter Mane|11\/100\n|-status|p1a: Wigfrid|par\n|move|p1a: Wigfrid|Bulk Up|p1a: Wigfrid\n|-boost|p1a: Wigfrid|atk|1\n|-boost|p1a: Wigfrid|def|1\n|\n|-heal|p1a: Wigfrid|82\/100 par|[from] item: Leftovers\n|upkeep\n|turn|6\n|\n|t:|1683232090\n|move|p2a: Scizor|Bullet Punch|p1b: Flutter Mane\n|-supereffective|p1b: Flutter Mane\n|-damage|p1b: Flutter Mane|0 fnt\n|faint|p1b: Flutter Mane\n|-end|p1b: Flutter Mane|Protosynthesis|[silent]\n|move|p2b: Rotom|Discharge|p1a: Wigfrid|[spread] p2a,p1a\n|-damage|p2a: Scizor|63\/100\n|-damage|p1a: Wigfrid|56\/100 par\n|cant|p1a: Wigfrid|par\n|\n|-heal|p1a: Wigfrid|61\/100 par|[from] item: Leftovers\n|-sideend|p2: brood34|move: Tailwind\n|upkeep\n|\n|t:|1683232094\n|switch|p1b: Arcanine|Arcanine, L50, M|34\/100\n|-ability|p1b: Arcanine|Intimidate|boost\n|-unboost|p2a: Scizor|atk|1\n|-unboost|p2b: Rotom|atk|1\n|turn|7\n|\n|t:|1683232109\n|move|p2a: Scizor|Protect|p2a: Scizor\n|-singleturn|p2a: Scizor|Protect\n|move|p1b: Arcanine|Flare Blitz|p2a: Scizor\n|-activate|p2a: Scizor|move: Protect\n|move|p2b: Rotom|Discharge|p1b: Arcanine|[spread] p1a,p1b\n|-activate|p2a: Scizor|move: Protect\n|-damage|p1a: Wigfrid|34\/100 par\n|-damage|p1b: Arcanine|11\/100\n|move|p1a: Wigfrid|Brave Bird|p2b: Rotom\n|-resisted|p2b: Rotom\n|-damage|p2b: Rotom|55\/100\n|-damage|p1a: Wigfrid|23\/100 par|[from] Recoil\n|\n|-heal|p1a: Wigfrid|29\/100 par|[from] item: Leftovers\n|upkeep\n|turn|8\n|\n|t:|1683232130\n|move|p1b: Arcanine|Extreme Speed|p2b: Rotom\n|-damage|p2b: Rotom|34\/100\n|move|p2a: Scizor|Bullet Punch|p1b: Arcanine\n|-resisted|p1b: Arcanine\n|-crit|p1b: Arcanine\n|-damage|p1b: Arcanine|0 fnt\n|faint|p1b: Arcanine\n|move|p2b: Rotom|Discharge|p1a: Wigfrid|[spread] p2a,p1a\n|-damage|p2a: Scizor|32\/100\n|-damage|p1a: Wigfrid|4\/100 par\n|-status|p2a: Scizor|par\n|move|p1a: Wigfrid|Roost|p1a: Wigfrid\n|-heal|p1a: Wigfrid|55\/100 par\n|\n|-heal|p1a: Wigfrid|60\/100 par|[from] item: Leftovers\n|upkeep\n|turn|9\n|inactive|brood34 has 30 seconds left.\n|\n|t:|1683232158\n|move|p2a: Scizor|Protect|p2a: Scizor\n|-singleturn|p2a: Scizor|Protect\n|move|p2b: Rotom|Discharge|p1a: Wigfrid|[spread] p1a\n|-activate|p2a: Scizor|move: Protect\n|-damage|p1a: Wigfrid|34\/100 par\n|move|p1a: Wigfrid|Iron Head|p2b: Rotom\n|-resisted|p2b: Rotom\n|-damage|p2b: Rotom|1\/100\n|-enditem|p2b: Rotom|Iapapa Berry|[eat]\n|-heal|p2b: Rotom|34\/100|[from] item: Iapapa Berry\n|\n|-heal|p1a: Wigfrid|40\/100 par|[from] item: Leftovers\n|upkeep\n|turn|10\n|\n|t:|1683232174\n|move|p2a: Scizor|Bullet Punch|p1a: Wigfrid\n|-resisted|p1a: Wigfrid\n|-damage|p1a: Wigfrid|36\/100 par\n|move|p2b: Rotom|Discharge|p1a: Wigfrid|[spread] p2a,p1a\n|-damage|p2a: Scizor|0 fnt\n|-damage|p1a: Wigfrid|13\/100 par\n|faint|p2a: Scizor\n|move|p1a: Wigfrid|Roost|p1a: Wigfrid\n|-heal|p1a: Wigfrid|63\/100 par\n|\n|-heal|p1a: Wigfrid|69\/100 par|[from] item: Leftovers\n|upkeep\n|turn|11\n|\n|t:|1683232194\n|move|p2b: Rotom|Discharge|p1a: Wigfrid\n|-damage|p1a: Wigfrid|35\/100 par\n|move|p1a: Wigfrid|Iron Head|p2b: Rotom\n|-resisted|p2b: Rotom\n|-damage|p2b: Rotom|4\/100\n|\n|-heal|p1a: Wigfrid|41\/100 par|[from] item: Leftovers\n|upkeep\n|turn|12\n|c|\u2606brood34|this isn't singles\n|\n|t:|1683232205\n|move|p2b: Rotom|Discharge|p1a: Wigfrid\n|-damage|p1a: Wigfrid|5\/100 par\n|move|p1a: Wigfrid|Iron Head|p2b: Rotom\n|-resisted|p2b: Rotom\n|-damage|p2b: Rotom|0 fnt\n|faint|p2b: Rotom\n|\n|win|Lewlo\n|raw|Lewlo's rating: 1208 → 1232<\/strong> (+24 for winning)\n|raw|brood34's rating: 1195 → 1171<\/strong> (-24 for losing)\n|c|\u2606Lewlo|gg\n|c|\u2606brood34|please become interesting\n|l|\u2606brood34\n","uploadtime":1683232224,"views":7,"p1id":"lewlo","p2id":"brood34","formatid":"gen9vgc2023regulationc","rating":1171,"private":0,"password":""}