{"id":"gen9vgc2023regulationc-1849828727","p1":"gorilnx","p2":"fuckstain2","format":"[Gen 9] VGC 2023 Regulation C","log":"|j|\u2606gorilnx\n|j|\u2606fuckstain2\n|t:|1682257755\n|gametype|doubles\n|player|p1|gorilnx|dawn-gen4pt|1089\n|player|p2|fuckstain2|steven-gen3|1081\n|teamsize|p1|6\n|teamsize|p2|6\n|gen|9\n|tier|[Gen 9] VGC 2023 Regulation C\n|rated|\n|rule|Species Clause: Limit one of each Pok\u00e9mon\n|rule|Item Clause: Limit one of each item\n|clearpoke\n|poke|p1|Abomasnow, L50, M|\n|poke|p1|Iron Bundle, L50|\n|poke|p1|Vivillon-Fancy, L50, F|\n|poke|p1|Ting-Lu, L50|\n|poke|p1|Annihilape, L50, F|\n|poke|p1|Chien-Pao, L50|\n|poke|p2|Dragonite, L50, M|\n|poke|p2|Talonflame, L50, F|\n|poke|p2|Amoonguss, L50, M|\n|poke|p2|Palafin, L50, F|\n|poke|p2|Flutter Mane, L50|\n|poke|p2|Annihilape, L50, F|\n|teampreview|4\n|inactive|Battle timer is ON: inactive players will automatically lose when time's up. (requested by gorilnx)\nfuckstain2 has agreed to open team sheets.\n|inactive|gorilnx has 60 seconds left.\n|inactive|fuckstain2 has 60 seconds left.\n|\n|t:|1682257812\n|start\n|switch|p1a: Vivillon|Vivillon-Fancy, L50, F|100\/100\n|switch|p1b: Ting-Lu|Ting-Lu, L50|100\/100\n|switch|p2a: Tanjiro|Palafin, L50, F, shiny|100\/100\n|switch|p2b: Suzaku|Annihilape, L50, F, shiny|100\/100\n|-ability|p1b: Ting-Lu|Vessel of Ruin\n|turn|1\n|inactive|gorilnx has 30 seconds left.\n|\n|t:|1682257847\n|detailschange|p2a: Tanjiro|Palafin-Hero, L50, F, shiny\n|switch|p2a: Crewmate|Amoonguss, L50, M|100\/100\n|move|p2b: Suzaku|Bulk Up|p2b: Suzaku\n|-boost|p2b: Suzaku|atk|1\n|-boost|p2b: Suzaku|def|1\n|move|p1a: Vivillon|Safeguard|p1a: Vivillon\n|-sidestart|p1: gorilnx|Safeguard\n|move|p1b: Ting-Lu|Earthquake|p2b: Suzaku|[spread] p2a,p2b\n|-immune|p1a: Vivillon\n|-damage|p2a: Crewmate|48\/100\n|-damage|p2b: Suzaku|57\/100\n|\n|upkeep\n|turn|2\n|\n|t:|1682257870\n|move|p2b: Suzaku|Drain Punch|p1b: Ting-Lu\n|-supereffective|p1b: Ting-Lu\n|-crit|p1b: Ting-Lu\n|-damage|p1b: Ting-Lu|38\/100\n|-heal|p2b: Suzaku|99\/100|[from] drain|[of] p1b: Ting-Lu\n|move|p1a: Vivillon|Pollen Puff|p2a: Crewmate\n|-damage|p2a: Crewmate|26\/100\n|move|p1b: Ting-Lu|Earthquake|p2b: Suzaku|[spread] p2a,p2b\n|-immune|p1a: Vivillon\n|-damage|p2a: Crewmate|0 fnt\n|-damage|p2b: Suzaku|58\/100\n|faint|p2a: Crewmate\n|\n|upkeep\n|\n|t:|1682257884\n|switch|p2a: Betsy DeVos|Talonflame, L50, F|100\/100\n|turn|3\n|\n|t:|1682257902\n|move|p2a: Betsy DeVos|Tailwind|p2a: Betsy DeVos\n|-sidestart|p2: fuckstain2|move: Tailwind\n|move|p2b: Suzaku|Drain Punch|p1b: Ting-Lu\n|-supereffective|p1b: Ting-Lu\n|-damage|p1b: Ting-Lu|0 fnt\n|-heal|p2b: Suzaku|84\/100|[from] drain|[of] p1b: Ting-Lu\n|faint|p1b: Ting-Lu\n|move|p1a: Vivillon|Pollen Puff|p1: Ting-Lu|[notarget]\n|-fail|p1a: Vivillon\n|\n|upkeep\n|\n|t:|1682257916\n|switch|p1b: Iron Bundle|Iron Bundle, L50|100\/100\n|-enditem|p1b: Iron Bundle|Booster Energy\n|-activate|p1b: Iron Bundle|ability: Quark Drive|[fromitem]\n|-start|p1b: Iron Bundle|quarkdrivespe\n|turn|4\n|inactive|fuckstain2 has 30 seconds left.\n|\n|t:|1682257946\n|move|p1b: Iron Bundle|Protect|p1b: Iron Bundle\n|-singleturn|p1b: Iron Bundle|Protect\n|move|p1a: Vivillon|Rage Powder|p1a: Vivillon\n|-singleturn|p1a: Vivillon|move: Rage Powder\n|move|p2a: Betsy DeVos|Brave Bird|p1a: Vivillon\n|-supereffective|p1a: Vivillon\n|-enditem|p1a: Vivillon|Focus Sash\n|-damage|p1a: Vivillon|1\/100\n|-damage|p2a: Betsy DeVos|72\/100|[from] Recoil\n|move|p2b: Suzaku|Drain Punch|p1a: Vivillon\n|-resisted|p1a: Vivillon\n|-damage|p1a: Vivillon|0 fnt\n|-heal|p2b: Suzaku|84\/100|[from] drain|[of] p1a: Vivillon\n|faint|p1a: Vivillon\n|\n|upkeep\n|\n|t:|1682257958\n|switch|p1a: Abomasnow|Abomasnow, L50, M|100\/100\n|-weather|Snow|[from] ability: Snow Warning|[of] p1a: Abomasnow\n|turn|5\n|\n|t:|1682257970\n|move|p2a: Betsy DeVos|Taunt|p1a: Abomasnow\n|-start|p1a: Abomasnow|move: Taunt\n|move|p2b: Suzaku|Drain Punch|p1b: Iron Bundle\n|-supereffective|p1b: Iron Bundle\n|-damage|p1b: Iron Bundle|26\/100\n|-heal|p2b: Suzaku|100\/100|[from] drain|[of] p1b: Iron Bundle\n|move|p1b: Iron Bundle|Aurora Veil|p1b: Iron Bundle\n|-sidestart|p1: gorilnx|move: Aurora Veil\n|move|p1a: Abomasnow|Blizzard|p2b: Suzaku|[spread] p2a,p2b\n|-damage|p2a: Betsy DeVos|11\/100\n|-damage|p2b: Suzaku|60\/100\n|-damage|p1a: Abomasnow|91\/100|[from] item: Life Orb\n|\n|-weather|Snow|[upkeep]\n|-sideend|p1: gorilnx|Safeguard\n|upkeep\n|turn|6\n|inactive|fuckstain2 has 30 seconds left.\n|c|\u2606fuckstain2|is veil not affected by taunt?\n|inactive|fuckstain2 has 20 seconds left.\n|inactive|fuckstain2 has 15 seconds left.\n|\n|t:|1682258013\n|move|p1b: Iron Bundle|Protect|p1b: Iron Bundle\n|-singleturn|p1b: Iron Bundle|Protect\n|move|p1a: Abomasnow|Ice Shard|p2a: Betsy DeVos\n|-damage|p2a: Betsy DeVos|0 fnt\n|faint|p2a: Betsy DeVos\n|-damage|p1a: Abomasnow|81\/100|[from] item: Life Orb\n|move|p2b: Suzaku|Drain Punch|p1b: Iron Bundle\n|-activate|p1b: Iron Bundle|move: Protect\n|\n|-weather|Snow|[upkeep]\n|-sideend|p2: fuckstain2|move: Tailwind\n|upkeep\n|\n|t:|1682258015\n|switch|p2a: Tanjiro|Palafin-Hero, L50, F, shiny|100\/100\n|-activate|p2a: Tanjiro|ability: Zero to Hero\n|turn|7\n|inactive|gorilnx has 30 seconds left.\n|\n|t:|1682258045\n|move|p2a: Tanjiro|Protect|p2a: Tanjiro\n|-singleturn|p2a: Tanjiro|Protect\n|move|p1b: Iron Bundle|Blizzard|p2b: Suzaku|[spread] p2b\n|-activate|p2a: Tanjiro|move: Protect\n|-damage|p2b: Suzaku|24\/100\n|move|p2b: Suzaku|Drain Punch|p1b: Iron Bundle\n|-supereffective|p1b: Iron Bundle\n|-damage|p1b: Iron Bundle|0 fnt\n|-heal|p2b: Suzaku|33\/100|[from] drain|[of] p1b: Iron Bundle\n|faint|p1b: Iron Bundle\n|-end|p1b: Iron Bundle|Quark Drive|[silent]\n|move|p1a: Abomasnow|Blizzard|p2a: Tanjiro|[spread] p2b\n|-activate|p2a: Tanjiro|move: Protect\n|-damage|p2b: Suzaku|0 fnt\n|faint|p2b: Suzaku\n|-damage|p1a: Abomasnow|72\/100|[from] item: Life Orb\n|\n|-weather|Snow|[upkeep]\n|-end|p1a: Abomasnow|move: Taunt\n|upkeep\n|turn|8\n|inactive|fuckstain2 has 30 seconds left.\n|\n|t:|1682258073\n|-terastallize|p1a: Abomasnow|Grass\n|move|p2a: Tanjiro|Ice Punch|p1a: Abomasnow\n|-supereffective|p1a: Abomasnow\n|-damage|p1a: Abomasnow|22\/100\n|move|p1a: Abomasnow|Energy Ball|p2a: Tanjiro\n|-supereffective|p2a: Tanjiro\n|-damage|p2a: Tanjiro|0 fnt\n|faint|p2a: Tanjiro\n|-damage|p1a: Abomasnow|12\/100|[from] item: Life Orb\n|\n|win|gorilnx\n|raw|gorilnx's rating: 1089 → 1115<\/strong> (+26 for winning)\n|raw|fuckstain2's rating: 1081 → 1059<\/strong> (-22 for losing)\n|c|\u2606fuckstain2|gg\n|l|\u2606fuckstain2\n","uploadtime":1682258091,"views":8,"p1id":"gorilnx","p2id":"fuckstain2","formatid":"gen9vgc2023regulationc","rating":1059,"private":0,"password":""}