{"id":"gen9vgc2023regulationc-1860947034","p1":"kaiyoooo","p2":"Duecal1on","format":"[Gen 9] VGC 2023 Regulation C","log":"|j|\u2606kaiyoooo\n|j|\u2606Duecal1on\n|t:|1683701085\n|gametype|doubles\n|player|p1|kaiyoooo|shadowtriad|1266\n|player|p2|Duecal1on|volkner|1271\n|teamsize|p1|6\n|teamsize|p2|6\n|gen|9\n|tier|[Gen 9] VGC 2023 Regulation C\n|rated|\n|rule|Species Clause: Limit one of each Pok\u00e9mon\n|rule|Item Clause: Limit one of each item\n|clearpoke\n|poke|p1|Chi-Yu, L50|\n|poke|p1|Iron Bundle, L50|\n|poke|p1|Great Tusk, L50|\n|poke|p1|Murkrow, L50, M|\n|poke|p1|Dragonite, L50, M|\n|poke|p1|Flutter Mane, L50|\n|poke|p2|Dondozo, L50, M|\n|poke|p2|Tatsugiri-Stretchy, L50, M|\n|poke|p2|Pelipper, L50, F|\n|poke|p2|Drednaw, L50, M|\n|poke|p2|Chien-Pao, L50|\n|poke|p2|Dragonite, L50, F|\n|teampreview|4\n|c|\u2606kaiyoooo|glhf\n|\n|t:|1683701109\n|start\n|switch|p1a: Murkrow|Murkrow, L50, M, shiny|100\/100\n|switch|p1b: Chi-Yu|Chi-Yu, L50|100\/100\n|switch|p2a: Dragonite|Dragonite, L50, F|100\/100\n|switch|p2b: Chien-Pao|Chien-Pao, L50|100\/100\n|-ability|p2b: Chien-Pao|Sword of Ruin\n|-ability|p1b: Chi-Yu|Beads of Ruin\n|turn|1\n|\n|t:|1683701120\n|move|p1a: Murkrow|Sunny Day|p1a: Murkrow\n|-weather|SunnyDay\n|move|p2b: Chien-Pao|Ice Spinner|p1a: Murkrow\n|-supereffective|p1a: Murkrow\n|-damage|p1a: Murkrow|0 fnt\n|faint|p1a: Murkrow\n|move|p1b: Chi-Yu|Heat Wave|p2b: Chien-Pao|[spread] p2a,p2b\n|-resisted|p2a: Dragonite\n|-supereffective|p2b: Chien-Pao\n|-crit|p2b: Chien-Pao\n|-damage|p2a: Dragonite|84\/100\n|-enditem|p2b: Chien-Pao|Focus Sash\n|-damage|p2b: Chien-Pao|1\/100\n|move|p2a: Dragonite|Dragon Dance|p2a: Dragonite\n|-boost|p2a: Dragonite|atk|1\n|-boost|p2a: Dragonite|spe|1\n|\n|-weather|SunnyDay|[upkeep]\n|upkeep\n|\n|t:|1683701132\n|switch|p1a: Flutter Mane|Flutter Mane, L50|100\/100\n|-activate|p1a: Flutter Mane|ability: Protosynthesis\n|-start|p1a: Flutter Mane|protosynthesisspe\n|turn|2\n|\n|t:|1683701156\n|-terastallize|p1a: Flutter Mane|Fairy\n|-terastallize|p2a: Dragonite|Normal\n|move|p2b: Chien-Pao|Protect|p2b: Chien-Pao\n|-singleturn|p2b: Chien-Pao|Protect\n|move|p2a: Dragonite|Extreme Speed|p1b: Chi-Yu\n|-damage|p1b: Chi-Yu|0 fnt\n|faint|p1b: Chi-Yu\n|move|p1a: Flutter Mane|Dazzling Gleam|p2b: Chien-Pao|[spread] p2a\n|-activate|p2b: Chien-Pao|move: Protect\n|-damage|p2a: Dragonite|45\/100\n|\n|-weather|SunnyDay|[upkeep]\n|upkeep\n|\n|t:|1683701168\n|switch|p1b: Great Tusk|Great Tusk, L50|100\/100\n|-activate|p1b: Great Tusk|ability: Protosynthesis\n|-start|p1b: Great Tusk|protosynthesisatk\n|turn|3\n|\n|t:|1683701185\n|move|p1b: Great Tusk|Protect|p1b: Great Tusk\n|-singleturn|p1b: Great Tusk|Protect\n|move|p2a: Dragonite|Extreme Speed|p1a: Flutter Mane\n|-enditem|p1a: Flutter Mane|Focus Sash\n|-damage|p1a: Flutter Mane|1\/100\n|move|p2b: Chien-Pao|Sucker Punch|p1a: Flutter Mane\n|-resisted|p1a: Flutter Mane\n|-damage|p1a: Flutter Mane|0 fnt\n|faint|p1a: Flutter Mane\n|-end|p1a: Flutter Mane|Protosynthesis|[silent]\n|\n|-weather|SunnyDay|[upkeep]\n|upkeep\n|turn|4\n|c|\u2606kaiyoooo|gg\n|\n|t:|1683701201\n|move|p2b: Chien-Pao|Ice Spinner|p1b: Great Tusk\n|-supereffective|p1b: Great Tusk\n|-damage|p1b: Great Tusk|19\/100\n|move|p1b: Great Tusk|Earthquake|p2b: Chien-Pao|[spread] p2a,p2b\n|-damage|p2a: Dragonite|0 fnt\n|-damage|p2b: Chien-Pao|0 fnt\n|faint|p2a: Dragonite\n|faint|p2b: Chien-Pao\n|-damage|p1b: Great Tusk|9\/100|[from] item: Life Orb\n|\n|-weather|SunnyDay|[upkeep]\n|upkeep\n|\n|t:|1683701207\n|switch|p2b: Tatsugiri|Tatsugiri-Stretchy, L50, M, shiny|100\/100\n|switch|p2a: Dondozo|Dondozo, L50, M, shiny|100\/100\n|-activate|p2b: Tatsugiri|ability: Commander|[of] p2a: Dondozo\n|-boost|p2a: Dondozo|atk|2\n|-boost|p2a: Dondozo|spa|2\n|-boost|p2a: Dondozo|spe|2\n|-boost|p2a: Dondozo|def|2\n|-boost|p2a: Dondozo|spd|2\n|turn|5\n|\n|t:|1683701219\n|move|p2a: Dondozo|Surf|p1b: Great Tusk|[spread] p1b\n|-miss|p2a: Dondozo|p2b: Tatsugiri\n|-supereffective|p1b: Great Tusk\n|-damage|p1b: Great Tusk|0 fnt\n|faint|p1b: Great Tusk\n|-end|p1b: Great Tusk|Protosynthesis|[silent]\n|-damage|p2a: Dondozo|91\/100|[from] item: Life Orb\n|\n|win|Duecal1on\n|raw|kaiyoooo's rating: 1266 → 1241<\/strong> (-25 for losing)\n|raw|Duecal1on's rating: 1271 → 1296<\/strong> (+25 for winning)\n|l|\u2606kaiyoooo\n","uploadtime":1683701257,"views":15,"p1id":"kaiyoooo","p2id":"duecal1on","formatid":"gen9vgc2023regulationc","rating":1241,"private":0,"password":""}