{"id":"gen9vgc2023regulationc-1852478292","p1":"leafyarrow","p2":"ashiceclaw","format":"[Gen 9] VGC 2023 Regulation C","log":"|j|\u2606leafyarrow\n|j|\u2606ashiceclaw\n|t:|1682562737\n|gametype|doubles\n|player|p1|leafyarrow|leaf-gen3|1335\n|player|p2|ashiceclaw|cynthia|1446\n|teamsize|p1|6\n|teamsize|p2|6\n|gen|9\n|tier|[Gen 9] VGC 2023 Regulation C\n|rated|\n|rule|Species Clause: Limit one of each Pok\u00e9mon\n|rule|Item Clause: Limit one of each item\n|clearpoke\n|poke|p1|Flutter Mane, L50|\n|poke|p1|Palafin, L50, F|\n|poke|p1|Amoonguss, L50, M|\n|poke|p1|Ting-Lu, L50|\n|poke|p1|Arcanine, L50, F|\n|poke|p1|Jolteon, L50, F|\n|poke|p2|Dragonite, L50, F|\n|poke|p2|Chien-Pao, L50|\n|poke|p2|Palafin, L50, M|\n|poke|p2|Great Tusk, L50|\n|poke|p2|Tauros-Paldea-Blaze, L50, M|\n|poke|p2|Kingambit, L50, F|\n|teampreview|4\nleafyarrow has agreed to open team sheets.\n|inactive|Battle timer is ON: inactive players will automatically lose when time's up. (requested by ashiceclaw)\n|\n|t:|1682562797\n|start\n|switch|p1a: Jolteon|Jolteon, L50, F|100\/100\n|switch|p1b: Arcanine|Arcanine, L50, F|100\/100\n|switch|p2a: Dragonite|Dragonite, L50, F|100\/100\n|switch|p2b: Palafin|Palafin, L50, M|100\/100\n|-ability|p1b: Arcanine|Intimidate|boost\n|-fail|p2a: Dragonite|unboost|Attack|[from] ability: Inner Focus|[of] p2a: Dragonite\n|-unboost|p2b: Palafin|atk|1\n|turn|1\n|\n|t:|1682562818\n|detailschange|p2b: Palafin|Palafin-Hero, L50, M\n|switch|p2b: Tauros|Tauros-Paldea-Blaze, L50, M|100\/100\n|-ability|p2b: Tauros|Intimidate|boost\n|-unboost|p1a: Jolteon|atk|1\n|-unboost|p1b: Arcanine|atk|1\n|-terastallize|p2a: Dragonite|Normal\n|move|p2a: Dragonite|Extreme Speed|p1a: Jolteon\n|-enditem|p1a: Jolteon|Focus Sash\n|-damage|p1a: Jolteon|1\/100\n|move|p1a: Jolteon|Tickle|p2a: Dragonite\n|-unboost|p2a: Dragonite|atk|1\n|-unboost|p2a: Dragonite|def|1\n|move|p1b: Arcanine|Will-O-Wisp|p2a: Dragonite|[miss]\n|-miss|p1b: Arcanine|p2a: Dragonite\n|\n|upkeep\n|turn|2\n|inactive|leafyarrow has 30 seconds left.\n|inactive|ashiceclaw has 30 seconds left.\n|inactive|leafyarrow has 20 seconds left.\n|inactive|leafyarrow has 15 seconds left.\n|\n|t:|1682562859\n|switch|p1b: Palafin|Palafin, L50, F|100\/100\n|move|p1a: Jolteon|Detect|p1a: Jolteon\n|-singleturn|p1a: Jolteon|Protect\n|move|p2a: Dragonite|Extreme Speed|p1b: Palafin\n|-damage|p1b: Palafin|43\/100\n|move|p2b: Tauros|Raging Bull|p1a: Jolteon\n|-activate|p1a: Jolteon|move: Protect\n|\n|upkeep\n|turn|3\n|\n|t:|1682562877\n|switch|p1a: Flutter Mane|Flutter Mane, L50|100\/100\n|detailschange|p1b: Palafin|Palafin-Hero, L50, F\n|switch|p1b: Arcanine|Arcanine, L50, F|100\/100\n|-ability|p1b: Arcanine|Intimidate|boost\n|-fail|p2a: Dragonite|unboost|Attack|[from] ability: Inner Focus|[of] p2a: Dragonite\n|-unboost|p2b: Tauros|atk|1\n|move|p2a: Dragonite|Extreme Speed|p1b: Arcanine\n|-damage|p1b: Arcanine|50\/100\n|move|p2b: Tauros|Raging Bull|p1a: Flutter Mane\n|-damage|p1a: Flutter Mane|45\/100\n|\n|upkeep\n|turn|4\n|inactive|leafyarrow has 30 seconds left.\n|\n|t:|1682562911\n|switch|p2a: Chien-Pao|Chien-Pao, L50|100\/100\n|-ability|p2a: Chien-Pao|Sword of Ruin\n|-terastallize|p1a: Flutter Mane|Fairy\n|move|p1b: Arcanine|Extreme Speed|p2a: Chien-Pao\n|-damage|p2a: Chien-Pao|72\/100\n|move|p1a: Flutter Mane|Moonblast|p2a: Chien-Pao\n|-supereffective|p2a: Chien-Pao\n|-damage|p2a: Chien-Pao|0 fnt\n|faint|p2a: Chien-Pao\n|move|p2b: Tauros|Raging Bull|p1a: Flutter Mane\n|-damage|p1a: Flutter Mane|0 fnt\n|faint|p1a: Flutter Mane\n|-end|p1a: Flutter Mane|Protosynthesis|[silent]\n|\n|upkeep\n|\n|t:|1682562926\n|switch|p2a: Dragonite|Dragonite, L50, F, tera:Normal|100\/100\n|switch|p1a: Palafin|Palafin-Hero, L50, F|43\/100\n|-activate|p1a: Palafin|ability: Zero to Hero\n|turn|5\n|\n|t:|1682562941\n|switch|p2b: Palafin|Palafin-Hero, L50, M|100\/100\n|-activate|p2b: Palafin|ability: Zero to Hero\n|move|p1b: Arcanine|Extreme Speed|p2a: Dragonite\n|-damage|p2a: Dragonite|81\/100\n|move|p2a: Dragonite|Extreme Speed|p1b: Arcanine\n|-damage|p1b: Arcanine|0 fnt\n|faint|p1b: Arcanine\n|move|p1a: Palafin|Wave Crash|p2a: Dragonite\n|-damage|p2a: Dragonite|0 fnt\n|faint|p2a: Dragonite\n|-damage|p1a: Palafin|16\/100|[from] Recoil\n|\n|upkeep\n|\n|t:|1682562954\n|switch|p1b: Jolteon|Jolteon, L50, F|1\/100\n|switch|p2a: Tauros|Tauros-Paldea-Blaze, L50, M|100\/100\n|-ability|p2a: Tauros|Intimidate|boost\n|-unboost|p1a: Palafin|atk|1\n|-unboost|p1b: Jolteon|atk|1\n|turn|6\n|\n|t:|1682562971\n|move|p2b: Palafin|Jet Punch|p1b: Jolteon\n|-damage|p1b: Jolteon|0 fnt\n|faint|p1b: Jolteon\n|move|p2a: Tauros|Close Combat|p1a: Palafin\n|-damage|p1a: Palafin|0 fnt\n|-unboost|p2a: Tauros|def|1\n|-unboost|p2a: Tauros|spd|1\n|faint|p1a: Palafin\n|\n|win|ashiceclaw\n|raw|leafyarrow's rating: 1335 → 1321<\/strong> (-14 for losing)\n|raw|ashiceclaw's rating: 1446 → 1460<\/strong> (+14 for winning)\n","uploadtime":1682562980,"views":17,"p1id":"leafyarrow","p2id":"ashiceclaw","formatid":"gen9vgc2023regulationc","rating":1321,"private":0,"password":""}