{"id":"gen9vgc2023regulationc-1862935397","p1":"decrek","p2":"thrillcorner","format":"[Gen 9] VGC 2023 Regulation C","log":"|j|\u2606decrek\n|j|\u2606thrillcorner\n|t:|1683940658\n|gametype|doubles\n|player|p1|decrek|lillie-masters|1204\n|player|p2|thrillcorner|red-masters2|1289\n|teamsize|p1|6\n|teamsize|p2|6\n|gen|9\n|tier|[Gen 9] VGC 2023 Regulation C\n|rated|\n|rule|Species Clause: Limit one of each Pok\u00e9mon\n|rule|Item Clause: Limit one of each item\n|clearpoke\n|poke|p1|Dondozo, L50, M|\n|poke|p1|Talonflame, L50, F|\n|poke|p1|Tatsugiri, L50, F|\n|poke|p1|Baxcalibur, L50, M|\n|poke|p1|Chien-Pao, L50|\n|poke|p1|Scream Tail, L50|\n|poke|p2|Arcanine, L50, M|\n|poke|p2|Amoonguss, L50, F|\n|poke|p2|Flutter Mane, L50|\n|poke|p2|Pelipper, L50, M|\n|poke|p2|Azumarill, L50, F|\n|poke|p2|Iron Hands, L50|\n|teampreview|4\n|inactive|Battle timer is ON: inactive players will automatically lose when time's up. (requested by decrek)\nthrillcorner has agreed to open team sheets.\n|inactive|thrillcorner has 60 seconds left.\n|\n|t:|1683940702\n|start\n|switch|p1a: Chien-Pao|Chien-Pao, L50|100\/100\n|switch|p1b: Baxcalibur|Baxcalibur, L50, M|100\/100\n|switch|p2a: Iron Hands|Iron Hands, L50|100\/100\n|switch|p2b: Flutter Mane|Flutter Mane, L50|100\/100\n|-ability|p1a: Chien-Pao|Sword of Ruin\n|-enditem|p2b: Flutter Mane|Booster Energy\n|-activate|p2b: Flutter Mane|ability: Protosynthesis|[fromitem]\n|-start|p2b: Flutter Mane|protosynthesisspa\n|turn|1\n|inactive|thrillcorner has 30 seconds left.\n|\n|t:|1683940733\n|move|p1a: Chien-Pao|Protect|p1a: Chien-Pao\n|-singleturn|p1a: Chien-Pao|Protect\n|move|p1b: Baxcalibur|Protect|p1b: Baxcalibur\n|-singleturn|p1b: Baxcalibur|Protect\n|move|p2a: Iron Hands|Fake Out|p1b: Baxcalibur\n|-activate|p1b: Baxcalibur|move: Protect\n|move|p2b: Flutter Mane|Trick Room|p2b: Flutter Mane\n|-fieldstart|move: Trick Room|[of] p2b: Flutter Mane\n|\n|upkeep\n|turn|2\n|inactive|decrek has 30 seconds left.\n|\n|t:|1683940767\n|switch|p1b: Tatsugiri|Tatsugiri, L50, F|100\/100\n|switch|p1a: Dondozo|Dondozo, L50, M|100\/100\n|-activate|p1b: Tatsugiri|ability: Commander|[of] p1a: Dondozo\n|-boost|p1a: Dondozo|atk|2\n|-boost|p1a: Dondozo|spa|2\n|-boost|p1a: Dondozo|spe|2\n|-boost|p1a: Dondozo|def|2\n|-boost|p1a: Dondozo|spd|2\n|move|p2a: Iron Hands|Drain Punch|p1a: Dondozo\n|-damage|p1a: Dondozo|86\/100\n|move|p2b: Flutter Mane|Dazzling Gleam|p1a: Dondozo|[spread] p1a\n|-miss|p2b: Flutter Mane|p1b: Tatsugiri\n|-damage|p1a: Dondozo|67\/100\n|\n|-heal|p1a: Dondozo|73\/100|[from] item: Leftovers\n|upkeep\n|turn|3\n|inactive|thrillcorner has 30 seconds left.\n|\n|t:|1683940794\n|move|p2b: Flutter Mane|Protect|p2b: Flutter Mane\n|-singleturn|p2b: Flutter Mane|Protect\n|move|p1a: Dondozo|Protect|p1a: Dondozo\n|-singleturn|p1a: Dondozo|Protect\n|move|p2a: Iron Hands|Wild Charge|p1a: Dondozo\n|-activate|p1a: Dondozo|move: Protect\n|\n|-heal|p1a: Dondozo|79\/100|[from] item: Leftovers\n|upkeep\n|turn|4\n|\n|t:|1683940811\n|-end|p2b: Flutter Mane|Protosynthesis|[silent]\n|switch|p2b: Arcanine|Arcanine, L50, M|100\/100\n|-ability|p2b: Arcanine|Intimidate|boost\n|-unboost|p1a: Dondozo|atk|1\n|-unboost|p1b: Tatsugiri|atk|1\n|-terastallize|p2a: Iron Hands|Grass\n|-terastallize|p1a: Dondozo|Steel\n|move|p2a: Iron Hands|Drain Punch|p1a: Dondozo\n|-supereffective|p1a: Dondozo\n|-damage|p1a: Dondozo|52\/100\n|move|p1a: Dondozo|Wave Crash|p2b: Arcanine\n|-supereffective|p2b: Arcanine\n|-damage|p2b: Arcanine|0 fnt\n|faint|p2b: Arcanine\n|-damage|p1a: Dondozo|24\/100|[from] Recoil\n|\n|-heal|p1a: Dondozo|30\/100|[from] item: Leftovers\n|upkeep\n|c|\u2606decrek|\u53ef\u4ee5\n|c|\u2606decrek|\u4f46\u662f\u7a7a\u95f4\u6ca1\u4e86\n|\n|t:|1683940833\n|switch|p2b: Azumarill|Azumarill, L50, F|100\/100\n|turn|5\n|\n|t:|1683940853\n|-end|p2a: Iron Hands|Quark Drive|[silent]\n|switch|p2a: Flutter Mane|Flutter Mane, L50|100\/100\n|move|p1a: Dondozo|Protect|p1a: Dondozo\n|-singleturn|p1a: Dondozo|Protect\n|move|p2b: Azumarill|Liquidation|p1a: Dondozo\n|-activate|p1a: Dondozo|move: Protect\n|\n|-heal|p1a: Dondozo|36\/100|[from] item: Leftovers\n|-fieldend|move: Trick Room\n|upkeep\n|turn|6\n|\n|t:|1683940867\n|switch|p2b: Iron Hands|Iron Hands, L50, tera:Grass|100\/100\n|move|p2a: Flutter Mane|Protect|p2a: Flutter Mane\n|-singleturn|p2a: Flutter Mane|Protect\n|move|p1a: Dondozo|Wave Crash|p2a: Flutter Mane\n|-activate|p2a: Flutter Mane|move: Protect\n|\n|-heal|p1a: Dondozo|42\/100|[from] item: Leftovers\n|upkeep\n|turn|7\n|\n|t:|1683940886\n|move|p1a: Dondozo|Protect|p1a: Dondozo\n|-singleturn|p1a: Dondozo|Protect\n|move|p2b: Iron Hands|Fake Out|p1a: Dondozo\n|-activate|p1a: Dondozo|move: Protect\n|move|p2a: Flutter Mane|Trick Room|p2a: Flutter Mane\n|-fieldstart|move: Trick Room|[of] p2a: Flutter Mane\n|\n|-heal|p1a: Dondozo|49\/100|[from] item: Leftovers\n|upkeep\n|turn|8\n|\n|t:|1683940902\n|-end|p2a: Flutter Mane|Protosynthesis|[silent]\n|switch|p2a: Azumarill|Azumarill, L50, F|100\/100\n|move|p2b: Iron Hands|Drain Punch|p1a: Dondozo\n|-supereffective|p1a: Dondozo\n|-crit|p1a: Dondozo\n|-damage|p1a: Dondozo|0 fnt\n|faint|p1a: Dondozo\n|\n|upkeep\n|c|\u2606decrek|ct\uff1f\n|c|\u2606decrek|\u6211\u53bb\n|c|\u2606thrillcorner|what\n|inactive|decrek has 30 seconds left.\n|c|\u2606decrek|\u4e0dct\u8fd8\u80fd\u62d6\u7a7a\u95f4\n|\n|t:|1683940936\n|switch|p1a: Chien-Pao|Chien-Pao, L50|100\/100\n|-ability|p1a: Chien-Pao|Sword of Ruin\n|turn|9\n|c|\u2606thrillcorner|oh okay\n|\n|t:|1683940957\n|move|p1a: Chien-Pao|Protect|p1a: Chien-Pao\n|-singleturn|p1a: Chien-Pao|Protect\n|move|p2b: Iron Hands|Drain Punch|p1a: Chien-Pao\n|-activate|p1a: Chien-Pao|move: Protect\n|move|p2a: Azumarill|Play Rough|p1b: Tatsugiri\n|-supereffective|p1b: Tatsugiri\n|-damage|p1b: Tatsugiri|0 fnt\n|faint|p1b: Tatsugiri\n|-damage|p2a: Azumarill|91\/100|[from] item: Life Orb\n|\n|upkeep\n|-message|decrek forfeited.\n|\n|win|thrillcorner\n|raw|decrek's rating: 1204 → 1185<\/strong> (-19 for losing)\n|raw|thrillcorner's rating: 1289 → 1308<\/strong> (+19 for winning)\n|l|\u2606decrek\n|c|\u2606thrillcorner|gg then\n","uploadtime":1683940975,"views":58,"p1id":"decrek","p2id":"thrillcorner","formatid":"gen9vgc2023regulationc","rating":1185,"private":0,"password":""}