{"id":"gen9vgc2023regulationc-1854716657","p1":"tadano-reol","p2":"Granny Bacon","format":"[Gen 9] VGC 2023 Regulation C","log":"|j|\u2606tadano-reol\n|j|\u2606Granny Bacon\n|t:|1682855818\n|gametype|doubles\n|player|p1|tadano-reol|red|1380\n|player|p2|Granny Bacon|2|1292\n|teamsize|p1|6\n|teamsize|p2|6\n|gen|9\n|tier|[Gen 9] VGC 2023 Regulation C\n|rated|\n|rule|Species Clause: Limit one of each Pok\u00e9mon\n|rule|Item Clause: Limit one of each item\n|clearpoke\n|poke|p1|Ting-Lu, L50|\n|poke|p1|Rotom-Wash, L50|\n|poke|p1|Amoonguss, L50, M|\n|poke|p1|Arcanine, L50, M|\n|poke|p1|Flutter Mane, L50|\n|poke|p1|Chien-Pao, L50|\n|poke|p2|Pelipper, L50, F|\n|poke|p2|Orthworm, L50, F|\n|poke|p2|Ting-Lu, L50|\n|poke|p2|Flutter Mane, L50|\n|poke|p2|Dragonite, L50, F|\n|poke|p2|Gastrodon, L50, F|\n|teampreview|4\n|\n|t:|1682855854\n|start\n|switch|p1a: Ting-Lu|Ting-Lu, L50|100\/100\n|switch|p1b: Rotom|Rotom-Wash, L50|100\/100\n|switch|p2a: Orthworm|Orthworm, L50, F|100\/100\n|switch|p2b: Ting-Lu|Ting-Lu, L50|100\/100\n|-ability|p1a: Ting-Lu|Vessel of Ruin\n|-ability|p2b: Ting-Lu|Vessel of Ruin\n|turn|1\n|inactive|Battle timer is ON: inactive players will automatically lose when time's up. (requested by tadano-reol)\n|inactive|tadano-reol has 60 seconds left.\n|\n|t:|1682855902\n|switch|p1a: Arcanine|Arcanine, L50, M|100\/100\n|-ability|p1a: Arcanine|Intimidate|boost\n|-unboost|p2a: Orthworm|atk|1\n|-unboost|p2b: Ting-Lu|atk|1\n|move|p1b: Rotom|Thunderbolt|p2a: Orthworm\n|-damage|p2a: Orthworm|71\/100\n|move|p2a: Orthworm|Iron Defense|p2a: Orthworm\n|-boost|p2a: Orthworm|def|2\n|move|p2b: Ting-Lu|Ruination|p1a: Arcanine\n|-damage|p1a: Arcanine|51\/100\n|\n|-heal|p2a: Orthworm|77\/100|[from] item: Leftovers\n|upkeep\n|turn|2\n|inactive|Granny Bacon has 30 seconds left.\n|inactive|Granny Bacon has 20 seconds left.\n|inactive|Granny Bacon has 15 seconds left.\n|\n|t:|1682855945\n|move|p1b: Rotom|Thunderbolt|p2a: Orthworm\n|-damage|p2a: Orthworm|49\/100\n|-status|p2a: Orthworm|par\n|move|p1a: Arcanine|Flare Blitz|p2a: Orthworm\n|-supereffective|p2a: Orthworm\n|-damage|p2a: Orthworm|10\/100 par\n|-damage|p1a: Arcanine|40\/100|[from] Recoil\n|-enditem|p1a: Arcanine|Sitrus Berry|[eat]\n|-heal|p1a: Arcanine|64\/100|[from] item: Sitrus Berry\n|move|p2b: Ting-Lu|Earthquake|p1a: Arcanine|[spread] p1a\n|-heal|p2a: Orthworm|35\/100 par|[from] ability: Earth Eater|[of] p2b: Ting-Lu\n|-immune|p1b: Rotom|[from] ability: Levitate\n|-supereffective|p1a: Arcanine\n|-damage|p1a: Arcanine|18\/100\n|move|p2a: Orthworm|Body Press|p1b: Rotom\n|-damage|p1b: Rotom|45\/100\n|\n|-heal|p2a: Orthworm|41\/100 par|[from] item: Leftovers\n|upkeep\n|turn|3\n|inactive|Granny Bacon has 30 seconds left.\n|inactive|Granny Bacon has 20 seconds left.\n|\n|t:|1682855982\n|move|p2a: Orthworm|Protect|p2a: Orthworm\n|-singleturn|p2a: Orthworm|Protect\n|move|p1b: Rotom|Hydro Pump|p2b: Ting-Lu|[miss]\n|-miss|p1b: Rotom|p2b: Ting-Lu\n|move|p1a: Arcanine|Flare Blitz|p2a: Orthworm\n|-activate|p2a: Orthworm|move: Protect\n|move|p2b: Ting-Lu|Rock Slide|p1a: Arcanine|[spread] p1a,p1b\n|-supereffective|p1a: Arcanine\n|-damage|p1a: Arcanine|0 fnt\n|-damage|p1b: Rotom|32\/100\n|faint|p1a: Arcanine\n|\n|-heal|p2a: Orthworm|47\/100 par|[from] item: Leftovers\n|upkeep\n|\n|t:|1682855989\n|switch|p1a: Mew Mew|Chien-Pao, L50|100\/100\n|-ability|p1a: Mew Mew|Sword of Ruin\n|turn|4\n|inactive|Granny Bacon has 30 seconds left.\n|\n|t:|1682856024\n|-terastallize|p2a: Orthworm|Poison\n|move|p1a: Mew Mew|Sacred Sword|p2a: Orthworm\n|-resisted|p2a: Orthworm\n|-damage|p2a: Orthworm|34\/100 par\n|move|p1b: Rotom|Hydro Pump|p2b: Ting-Lu\n|-supereffective|p2b: Ting-Lu\n|-damage|p2b: Ting-Lu|61\/100\n|move|p2b: Ting-Lu|Heavy Slam|p1a: Mew Mew\n|-supereffective|p1a: Mew Mew\n|-damage|p1a: Mew Mew|41\/100\n|move|p2a: Orthworm|Body Press|p1b: Rotom\n|-damage|p1b: Rotom|0 fnt\n|faint|p1b: Rotom\n|\n|-heal|p2a: Orthworm|40\/100 par|[from] item: Leftovers\n|upkeep\n|\n|t:|1682856035\n|switch|p1b: Ting-Lu|Ting-Lu, L50|100\/100\n|-ability|p1b: Ting-Lu|Vessel of Ruin\n|turn|5\n|inactive|Granny Bacon has 30 seconds left.\n|\n|t:|1682856067\n|move|p1a: Mew Mew|Ice Spinner|p2a: Orthworm\n|-damage|p2a: Orthworm|20\/100 par\n|move|p1b: Ting-Lu|Stomping Tantrum|p2b: Ting-Lu\n|-damage|p2b: Ting-Lu|19\/100\n|move|p2b: Ting-Lu|Earthquake|p1a: Mew Mew|[spread] p1a,p1b\n|-heal|p2a: Orthworm|45\/100 par|[from] ability: Earth Eater|[of] p2b: Ting-Lu\n|-damage|p1a: Mew Mew|8\/100\n|-damage|p1b: Ting-Lu|78\/100\n|cant|p2a: Orthworm|par\n|\n|-heal|p2a: Orthworm|51\/100 par|[from] item: Leftovers\n|upkeep\n|turn|6\n|-message|tadano-reol forfeited.\n|\n|win|Granny Bacon\n|raw|tadano-reol's rating: 1380 → 1355<\/strong> (-25 for losing)\n|raw|Granny Bacon's rating: 1292 → 1323<\/strong> (+31 for winning)\n","uploadtime":1682856082,"views":21,"p1id":"tadanoreol","p2id":"grannybacon","formatid":"gen9vgc2023regulationc","rating":1323,"private":0,"password":""}