{"id":"gen9vgc2023regulationc-1845157244","p1":"PearDaddy","p2":"rafaelvid","format":"[Gen 9] VGC 2023 Regulation C","log":"|j|\u2606PearDaddy\n|j|\u2606rafaelvid\n|t:|1681690397\n|gametype|doubles\n|player|p1|PearDaddy|penny|1133\n|player|p2|rafaelvid|265|1083\n|teamsize|p1|6\n|teamsize|p2|6\n|gen|9\n|tier|[Gen 9] VGC 2023 Regulation C\n|rated|\n|rule|Species Clause: Limit one of each Pok\u00e9mon\n|rule|Item Clause: Limit one of each item\n|clearpoke\n|poke|p1|Tyranitar, L50, M|\n|poke|p1|Glimmora, L50, F|\n|poke|p1|Garchomp, L50, F|\n|poke|p1|Corviknight, L50, M|\n|poke|p1|Arcanine, L50, M|\n|poke|p1|Sandy Shocks, L50|\n|poke|p2|Arboliva, L50, M|\n|poke|p2|Gengar, L50, M|\n|poke|p2|Gastrodon-East, L50, F|\n|poke|p2|Arcanine, L50, M|\n|poke|p2|Iron Hands, L50|\n|poke|p2|Bellibolt, L50, M|\n|teampreview|4\n|\n|t:|1681690415\n|start\n|switch|p1a: Tyranitar|Tyranitar, L50, M|100\/100\n|switch|p1b: Glimmora|Glimmora, L50, F|100\/100\n|switch|p2a: Bellibolt|Bellibolt, L50, M|100\/100\n|switch|p2b: Gengar|Gengar, L50, M|100\/100\n|-weather|Sandstorm|[from] ability: Sand Stream|[of] p1a: Tyranitar\n|turn|1\n|\n|t:|1681690438\n|switch|p2b: Arboliva|Arboliva, L50, M|100\/100\n|move|p1b: Glimmora|Mortal Spin|p2b: Arboliva|[spread] p2a,p2b\n|-supereffective|p2b: Arboliva\n|-damage|p2a: Bellibolt|97\/100\n|-damage|p2b: Arboliva|94\/100\n|-status|p2a: Bellibolt|psn\n|-status|p2b: Arboliva|psn\n|move|p1a: Tyranitar|Dark Pulse|p2b: Arboliva\n|-damage|p2b: Arboliva|58\/100 psn\n|move|p2a: Bellibolt|Thunder Wave|p1a: Tyranitar\n|-status|p1a: Tyranitar|par\n|\n|-weather|Sandstorm|[upkeep]\n|-damage|p2a: Bellibolt|91\/100 psn|[from] Sandstorm\n|-damage|p2b: Arboliva|52\/100 psn|[from] Sandstorm\n|-heal|p2a: Bellibolt|97\/100 psn|[from] item: Leftovers\n|-damage|p2a: Bellibolt|85\/100 psn|[from] psn\n|-damage|p2b: Arboliva|40\/100 psn|[from] psn\n|upkeep\n|-enditem|p2b: Arboliva|Sitrus Berry|[eat]\n|-heal|p2b: Arboliva|65\/100 psn|[from] item: Sitrus Berry\n|turn|2\n|\n|t:|1681690469\n|move|p1b: Glimmora|Stealth Rock|p2a: Bellibolt\n|-sidestart|p2: rafaelvid|move: Stealth Rock\n|move|p2a: Bellibolt|Thunder Wave|p1b: Glimmora\n|-status|p1b: Glimmora|par\n|move|p2b: Arboliva|Strength Sap|p1a: Tyranitar\n|-unboost|p1a: Tyranitar|atk|1\n|-heal|p2b: Arboliva|100\/100 psn\n|move|p1a: Tyranitar|Ice Beam|p2b: Arboliva\n|-supereffective|p2b: Arboliva\n|-damage|p2b: Arboliva|52\/100 psn\n|\n|-weather|Sandstorm|[upkeep]\n|-damage|p2a: Bellibolt|79\/100 psn|[from] Sandstorm\n|-damage|p2b: Arboliva|46\/100 psn|[from] Sandstorm\n|-heal|p2a: Bellibolt|85\/100 psn|[from] item: Leftovers\n|-damage|p2a: Bellibolt|72\/100 psn|[from] psn\n|-damage|p2b: Arboliva|33\/100 psn|[from] psn\n|upkeep\n|turn|3\n|\n|t:|1681690503\n|cant|p1b: Glimmora|par\n|move|p2a: Bellibolt|Mud-Slap|p1b: Glimmora\n|-supereffective|p1b: Glimmora\n|-damage|p1b: Glimmora|82\/100 par\n|-unboost|p1b: Glimmora|accuracy|1\n|move|p2b: Arboliva|Giga Drain|p1a: Tyranitar\n|-supereffective|p1a: Tyranitar\n|-damage|p1a: Tyranitar|73\/100 par\n|-heal|p2b: Arboliva|48\/100 psn|[from] drain|[of] p1a: Tyranitar\n|move|p1a: Tyranitar|Ice Beam|p2b: Arboliva\n|-supereffective|p2b: Arboliva\n|-damage|p2b: Arboliva|0 fnt\n|faint|p2b: Arboliva\n|\n|-weather|Sandstorm|[upkeep]\n|-damage|p2a: Bellibolt|66\/100 psn|[from] Sandstorm\n|-heal|p2a: Bellibolt|72\/100 psn|[from] item: Leftovers\n|-damage|p2a: Bellibolt|60\/100 psn|[from] psn\n|upkeep\n|\n|t:|1681690529\n|switch|p2b: Iron Hands|Iron Hands, L50, shiny|100\/100\n|-damage|p2b: Iron Hands|94\/100|[from] Stealth Rock\n|turn|4\n|\n|t:|1681690554\n|-terastallize|p1a: Tyranitar|Flying\n|move|p2b: Iron Hands|Fake Out|p1b: Glimmora\n|-resisted|p1b: Glimmora\n|-damage|p1b: Glimmora|75\/100 par\n|-activate|p1b: Glimmora|ability: Toxic Debris\n|-sidestart|p2: rafaelvid|move: Toxic Spikes\n|cant|p1b: Glimmora|flinch\n|move|p2a: Bellibolt|Mud-Slap|p1b: Glimmora\n|-supereffective|p1b: Glimmora\n|-damage|p1b: Glimmora|56\/100 par\n|-unboost|p1b: Glimmora|accuracy|1\n|move|p1a: Tyranitar|Ice Beam|p2b: Iron Hands\n|-damage|p2b: Iron Hands|69\/100\n|\n|-weather|Sandstorm|[upkeep]\n|-damage|p2b: Iron Hands|63\/100|[from] Sandstorm\n|-damage|p2a: Bellibolt|54\/100 psn|[from] Sandstorm\n|-damage|p1a: Tyranitar|66\/100 par|[from] Sandstorm\n|-heal|p2a: Bellibolt|60\/100 psn|[from] item: Leftovers\n|-damage|p2a: Bellibolt|47\/100 psn|[from] psn\n|upkeep\n|turn|5\n|\n|t:|1681690579\n|switch|p1a: Garchomp|Garchomp, L50, F|100\/100\n|move|p2b: Iron Hands|Swords Dance|p2b: Iron Hands\n|-boost|p2b: Iron Hands|atk|2\n|move|p1b: Glimmora|Mortal Spin|p2a: Bellibolt|[spread] p2b\n|-miss|p1b: Glimmora|p2a: Bellibolt\n|-damage|p2b: Iron Hands|61\/100\n|-status|p2b: Iron Hands|psn\n|move|p2a: Bellibolt|Slack Off|p2a: Bellibolt\n|-heal|p2a: Bellibolt|97\/100 psn\n|\n|-weather|none\n|-heal|p2a: Bellibolt|100\/100 psn|[from] item: Leftovers\n|-damage|p2b: Iron Hands|48\/100 psn|[from] psn\n|-damage|p2a: Bellibolt|88\/100 psn|[from] psn\n|upkeep\n|turn|6\n|\n|t:|1681690603\n|switch|p1b: Tyranitar|Tyranitar, L50, M, tera:Flying|66\/100 par\n|-weather|Sandstorm|[from] ability: Sand Stream|[of] p1b: Tyranitar\n|move|p1a: Garchomp|Earthquake|p2b: Iron Hands|[spread] p2a,p2b\n|-immune|p1b: Tyranitar\n|-supereffective|p2a: Bellibolt\n|-supereffective|p2b: Iron Hands\n|-damage|p2a: Bellibolt|30\/100 psn\n|-damage|p2b: Iron Hands|0 fnt\n|faint|p2b: Iron Hands\n|-end|p2b: Iron Hands|Quark Drive|[silent]\n|move|p2a: Bellibolt|Thunder Wave|p1a: Garchomp\n|-immune|p1a: Garchomp\n|\n|-weather|Sandstorm|[upkeep]\n|-damage|p2a: Bellibolt|24\/100 psn|[from] Sandstorm\n|-damage|p1b: Tyranitar|60\/100 par|[from] Sandstorm\n|-heal|p2a: Bellibolt|30\/100 psn|[from] item: Leftovers\n|-damage|p2a: Bellibolt|17\/100 psn|[from] psn\n|upkeep\n|-message|rafaelvid forfeited.\n|\n|win|PearDaddy\n|raw|PearDaddy's rating: 1133 → 1154<\/strong> (+21 for winning)\n|raw|rafaelvid's rating: 1083 → 1064<\/strong> (-19 for losing)\n|l|\u2606rafaelvid\n","uploadtime":1681690621,"views":24,"p1id":"peardaddy","p2id":"rafaelvid","formatid":"gen9vgc2023regulationc","rating":1064,"private":0,"password":""}