{"id":"gen9vgc2023regulationc-1848895767","p1":"The Penguinari","p2":"openthedoorFBI","format":"[Gen 9] VGC 2023 Regulation C","log":"|j|\u2606The Penguinari\n|j|\u2606openthedoorFBI\n|t:|1682123130\n|gametype|doubles\n|player|p1|The Penguinari|grimsley|1159\n|player|p2|openthedoorFBI|2|1224\n|teamsize|p1|6\n|teamsize|p2|6\n|gen|9\n|tier|[Gen 9] VGC 2023 Regulation C\n|rated|\n|rule|Species Clause: Limit one of each Pok\u00e9mon\n|rule|Item Clause: Limit one of each item\n|clearpoke\n|poke|p1|Iron Bundle, L50|\n|poke|p1|Amoonguss, L50, F|\n|poke|p1|Chi-Yu, L50|\n|poke|p1|Corviknight, L50, M|\n|poke|p1|Flutter Mane, L50|\n|poke|p1|Iron Hands, L50|\n|poke|p2|Flutter Mane, L50|\n|poke|p2|Dragonite, L50, M|\n|poke|p2|Iron Hands, L50|\n|poke|p2|Gholdengo, L50|\n|poke|p2|Chien-Pao, L50|\n|poke|p2|Chi-Yu, L50|\n|teampreview|4\nThe Penguinari has agreed to open team sheets.\n|\n|t:|1682123177\n|start\n|switch|p1a: Chi-Yu|Chi-Yu, L50|100\/100\n|switch|p1b: Iron Bundle|Iron Bundle, L50|100\/100\n|switch|p2a: Iron Hands|Iron Hands, L50|100\/100\n|switch|p2b: Chi-Yu|Chi-Yu, L50|100\/100\n|-ability|p2b: Chi-Yu|Beads of Ruin\n|-ability|p1a: Chi-Yu|Beads of Ruin\n|-enditem|p1b: Iron Bundle|Booster Energy\n|-activate|p1b: Iron Bundle|ability: Quark Drive|[fromitem]\n|-start|p1b: Iron Bundle|quarkdrivespe\n|turn|1\n|\n|t:|1682123214\n|-terastallize|p2b: Chi-Yu|Fire\n|-terastallize|p1a: Chi-Yu|Ghost\n|move|p2a: Iron Hands|Fake Out|p1b: Iron Bundle\n|-damage|p1b: Iron Bundle|81\/100\n|cant|p1b: Iron Bundle|flinch\n|move|p2b: Chi-Yu|Heat Wave|p1a: Chi-Yu|[spread] p1b\n|-miss|p2b: Chi-Yu|p1a: Chi-Yu\n|-damage|p1b: Iron Bundle|0 fnt\n|faint|p1b: Iron Bundle\n|-end|p1b: Iron Bundle|Quark Drive|[silent]\n|move|p1a: Chi-Yu|Heat Wave|p2b: Chi-Yu|[spread] p2a,p2b\n|-resisted|p2b: Chi-Yu\n|-damage|p2a: Iron Hands|68\/100\n|-damage|p2b: Chi-Yu|78\/100\n|\n|upkeep\n|\n|t:|1682123229\n|switch|p1b: Iron Hands|Iron Hands, L50|100\/100\n|turn|2\n|\n|t:|1682123255\n|switch|p2b: Dragonite|Dragonite, L50, M|100\/100\n|move|p1a: Chi-Yu|Protect|p1a: Chi-Yu\n|-singleturn|p1a: Chi-Yu|Protect\n|move|p1b: Iron Hands|Wild Charge|p2b: Dragonite\n|-damage|p2b: Dragonite|77\/100\n|-damage|p1b: Iron Hands|96\/100|[from] Recoil\n|move|p2a: Iron Hands|Close Combat|p1a: Chi-Yu\n|-activate|p1a: Chi-Yu|move: Protect\n|\n|upkeep\n|turn|3\n|\n|t:|1682123299\n|move|p2b: Dragonite|Extreme Speed|p1b: Iron Hands\n|-damage|p1b: Iron Hands|65\/100\n|move|p1a: Chi-Yu|Dark Pulse|p2b: Dragonite\n|-damage|p2b: Dragonite|19\/100\n|move|p1b: Iron Hands|Wild Charge|p2b: Dragonite\n|-damage|p2b: Dragonite|0 fnt\n|faint|p2b: Dragonite\n|-damage|p1b: Iron Hands|61\/100|[from] Recoil\n|move|p2a: Iron Hands|Wild Charge|p1a: Chi-Yu\n|-damage|p1a: Chi-Yu|11\/100\n|-damage|p2a: Iron Hands|56\/100|[from] Recoil\n|\n|upkeep\n|\n|t:|1682123308\n|switch|p2b: Flutter Mane|Flutter Mane, L50|100\/100\n|-enditem|p2b: Flutter Mane|Booster Energy\n|-activate|p2b: Flutter Mane|ability: Protosynthesis|[fromitem]\n|-start|p2b: Flutter Mane|protosynthesisspe\n|turn|4\n|\n|t:|1682123334\n|move|p2b: Flutter Mane|Protect|p2b: Flutter Mane\n|-singleturn|p2b: Flutter Mane|Protect\n|move|p1a: Chi-Yu|Protect|p1a: Chi-Yu\n|-singleturn|p1a: Chi-Yu|Protect\n|move|p1b: Iron Hands|Heavy Slam|p2b: Flutter Mane\n|-activate|p2b: Flutter Mane|move: Protect\n|move|p2a: Iron Hands|Drain Punch|p1b: Iron Hands\n|-damage|p1b: Iron Hands|32\/100\n|-heal|p2a: Iron Hands|71\/100|[from] drain|[of] p1b: Iron Hands\n|\n|upkeep\n|turn|5\n|\n|t:|1682123362\n|-end|p2a: Iron Hands|Quark Drive|[silent]\n|switch|p2a: Chi-Yu|Chi-Yu, L50, tera:Fire|78\/100\n|-ability|p2a: Chi-Yu|Beads of Ruin\n|move|p2b: Flutter Mane|Dazzling Gleam|p1b: Iron Hands|[spread] p1a,p1b\n|-supereffective|p1b: Iron Hands\n|-damage|p1a: Chi-Yu|0 fnt\n|-damage|p1b: Iron Hands|0 fnt\n|faint|p1a: Chi-Yu\n|faint|p1b: Iron Hands\n|-end|p1b: Iron Hands|Quark Drive|[silent]\n|\n|upkeep\n|\n|t:|1682123368\n|switch|p1a: Flutter Mane|Flutter Mane, L50|100\/100\n|turn|6\n|\n|t:|1682123383\n|move|p2b: Flutter Mane|Moonblast|p1a: Flutter Mane\n|-damage|p1a: Flutter Mane|43\/100\n|-unboost|p1a: Flutter Mane|spa|1\n|move|p2a: Chi-Yu|Dark Pulse|p1a: Flutter Mane\n|-damage|p1a: Flutter Mane|0 fnt\n|faint|p1a: Flutter Mane\n|-end|p1a: Flutter Mane|Protosynthesis|[silent]\n|\n|win|openthedoorFBI\n|raw|The Penguinari's rating: 1159 → 1137<\/strong> (-22 for losing)\n|raw|openthedoorFBI's rating: 1198 → 1220<\/strong> (+22 for winning)\n|l|\u2606openthedoorFBI\n|c|\u2606The Penguinari|gg\n","uploadtime":1682123392,"views":16,"p1id":"thepenguinari","p2id":"openthedoorfbi","formatid":"gen9vgc2023regulationc","rating":1137,"private":0,"password":""}