{"id":"gen9vgc2023regulationc-1858087902","p1":"Cakestering","p2":"Gnik01","format":"[Gen 9] VGC 2023 Regulation C","log":"|j|\u2606Cakestering\n|j|\u2606Gnik01\n|t:|1683273523\n|gametype|doubles\n|player|p1|Cakestering|pokekid|1200\n|player|p2|Gnik01|lucas|1309\n|teamsize|p1|6\n|teamsize|p2|6\n|gen|9\n|tier|[Gen 9] VGC 2023 Regulation C\n|rated|\n|rule|Species Clause: Limit one of each Pok\u00e9mon\n|rule|Item Clause: Limit one of each item\n|clearpoke\n|poke|p1|Chi-Yu, L50|\n|poke|p1|Flutter Mane, L50|\n|poke|p1|Ceruledge, L50, F|\n|poke|p1|Chien-Pao, L50|\n|poke|p1|Dachsbun, L50, M|\n|poke|p1|Dragonite, L50, F|\n|poke|p2|Gyarados, L50, F|\n|poke|p2|Mimikyu, L50, F|\n|poke|p2|Chien-Pao, L50|\n|poke|p2|Dragonite, L50, M|\n|poke|p2|Breloom, L50, M|\n|poke|p2|Klefki, L50, M|\n|teampreview|4\nCakestering has agreed to open team sheets.\n|inactive|Battle timer is ON: inactive players will automatically lose when time's up. (requested by Cakestering)\n|\n|t:|1683273571\n|start\n|switch|p1a: Chi-Yu|Chi-Yu, L50|100\/100\n|switch|p1b: A Pure Bread Puppy|Dachsbun, L50, M|100\/100\n|switch|p2a: Dragonite|Dragonite, L50, M|100\/100\n|switch|p2b: Chien-Pao|Chien-Pao, L50|100\/100\n|-ability|p2b: Chien-Pao|Sword of Ruin\n|-ability|p1a: Chi-Yu|Beads of Ruin\n|turn|1\n|\n|t:|1683273587\n|move|p2b: Chien-Pao|Protect|p2b: Chien-Pao\n|-singleturn|p2b: Chien-Pao|Protect\n|move|p1a: Chi-Yu|Lava Plume|p2a: Dragonite|[spread] p2a\n|-activate|p2b: Chien-Pao|move: Protect\n|-ability|p1b: A Pure Bread Puppy|Well-Baked Body|boost\n|-boost|p1b: A Pure Bread Puppy|def|2\n|-resisted|p2a: Dragonite\n|-damage|p2a: Dragonite|82\/100\n|move|p1b: A Pure Bread Puppy|Yawn|p2a: Dragonite\n|-start|p2a: Dragonite|move: Yawn|[of] p1b: A Pure Bread Puppy\n|move|p2a: Dragonite|Earthquake|p1b: A Pure Bread Puppy|[spread] p1a,p1b\n|-activate|p2b: Chien-Pao|move: Protect\n|-supereffective|p1a: Chi-Yu\n|-crit|p1b: A Pure Bread Puppy\n|-enditem|p1a: Chi-Yu|Focus Sash\n|-damage|p1a: Chi-Yu|1\/100\n|-damage|p1b: A Pure Bread Puppy|42\/100\n|\n|-heal|p1b: A Pure Bread Puppy|48\/100|[from] item: Leftovers\n|upkeep\n|turn|2\n|\n|t:|1683273610\n|switch|p2a: Gyarados|Gyarados, L50, F|100\/100\n|-ability|p2a: Gyarados|Intimidate|boost\n|-unboost|p1a: Chi-Yu|atk|1\n|-unboost|p1b: A Pure Bread Puppy|atk|1\n|move|p2b: Chien-Pao|Sucker Punch|p1a: Chi-Yu\n|-resisted|p1a: Chi-Yu\n|-damage|p1a: Chi-Yu|0 fnt\n|faint|p1a: Chi-Yu\n|move|p1b: A Pure Bread Puppy|Body Press|p2b: Chien-Pao\n|-supereffective|p2b: Chien-Pao\n|-enditem|p2b: Chien-Pao|Focus Sash\n|-damage|p2b: Chien-Pao|1\/100\n|\n|-heal|p1b: A Pure Bread Puppy|54\/100|[from] item: Leftovers\n|upkeep\n|\n|t:|1683273616\n|switch|p1a: Ceruledge|Ceruledge, L50, F|100\/100\n|turn|3\n|inactive|Cakestering has 30 seconds left.\n|inactive|Gnik01 has 30 seconds left.\n|inactive|Gnik01 has 20 seconds left.\n|inactive|Gnik01 has 15 seconds left.\n|inactive|Gnik01 has 10 seconds left.\n|\n|t:|1683273664\n|-terastallize|p1a: Ceruledge|Grass\n|move|p2b: Chien-Pao|Protect|p2b: Chien-Pao\n|-singleturn|p2b: Chien-Pao|Protect\n|move|p1a: Ceruledge|Shadow Sneak|p2b: Chien-Pao\n|-activate|p2b: Chien-Pao|move: Protect\n|move|p1b: A Pure Bread Puppy|Substitute|p1b: A Pure Bread Puppy\n|-start|p1b: A Pure Bread Puppy|Substitute\n|-damage|p1b: A Pure Bread Puppy|29\/100\n|move|p2a: Gyarados|Taunt|p1b: A Pure Bread Puppy\n|-start|p1b: A Pure Bread Puppy|move: Taunt\n|\n|-heal|p1b: A Pure Bread Puppy|35\/100|[from] item: Leftovers\n|upkeep\n|turn|4\n|\n|t:|1683273682\n|switch|p2b: Dragonite|Dragonite, L50, M|82\/100\n|move|p1a: Ceruledge|Shadow Sneak|p2b: Dragonite\n|-damage|p2b: Dragonite|60\/100\n|move|p1b: A Pure Bread Puppy|Body Press|p2a: Gyarados\n|-resisted|p2a: Gyarados\n|-damage|p2a: Gyarados|71\/100\n|move|p2a: Gyarados|Ice Fang|p1a: Ceruledge\n|-supereffective|p1a: Ceruledge\n|-damage|p1a: Ceruledge|42\/100\n|\n|-heal|p1b: A Pure Bread Puppy|41\/100|[from] item: Leftovers\n|upkeep\n|turn|5\n|inactive|Gnik01 has 30 seconds left.\n|inactive|Gnik01 has 20 seconds left.\n|inactive|Gnik01 has 15 seconds left.\n|\n|t:|1683273724\n|switch|p1a: Flutter Mane|Flutter Mane, L50|100\/100\n|-enditem|p1a: Flutter Mane|Booster Energy\n|-activate|p1a: Flutter Mane|ability: Protosynthesis|[fromitem]\n|-start|p1a: Flutter Mane|protosynthesisspe\n|move|p2b: Dragonite|Extreme Speed|p1b: A Pure Bread Puppy\n|-activate|p1b: A Pure Bread Puppy|move: Substitute|[damage]\n|move|p1b: A Pure Bread Puppy|Body Press|p2a: Gyarados\n|-resisted|p2a: Gyarados\n|-damage|p2a: Gyarados|43\/100\n|-enditem|p2a: Gyarados|Sitrus Berry|[eat]\n|-heal|p2a: Gyarados|68\/100|[from] item: Sitrus Berry\n|move|p2a: Gyarados|Ice Fang|p1a: Flutter Mane\n|-damage|p1a: Flutter Mane|57\/100\n|\n|-heal|p1b: A Pure Bread Puppy|47\/100|[from] item: Leftovers\n|upkeep\n|turn|6\n|inactive|Gnik01 has 30 seconds left.\n|inactive|Gnik01 has 20 seconds left.\n|inactive|Gnik01 has 15 seconds left.\n|inactive|Gnik01 has 10 seconds left.\n|inactive|Gnik01 has 5 seconds left.\n|\n|t:|1683273775\n|move|p2b: Dragonite|Extreme Speed|p1b: A Pure Bread Puppy\n|-end|p1b: A Pure Bread Puppy|Substitute\n|move|p1a: Flutter Mane|Dazzling Gleam|p2b: Dragonite|[spread] p2a,p2b\n|-supereffective|p2b: Dragonite\n|-damage|p2a: Gyarados|44\/100\n|-damage|p2b: Dragonite|0 fnt\n|faint|p2b: Dragonite\n|move|p1b: A Pure Bread Puppy|Body Press|p2a: Gyarados\n|-resisted|p2a: Gyarados\n|-damage|p2a: Gyarados|16\/100\n|move|p2a: Gyarados|Waterfall|p1a: Flutter Mane\n|-damage|p1a: Flutter Mane|0 fnt\n|faint|p1a: Flutter Mane\n|-end|p1a: Flutter Mane|Protosynthesis|[silent]\n|\n|-heal|p1b: A Pure Bread Puppy|54\/100|[from] item: Leftovers\n|-end|p1b: A Pure Bread Puppy|move: Taunt\n|upkeep\n|\n|t:|1683273790\n|switch|p1a: Ceruledge|Ceruledge, L50, F, tera:Grass|42\/100\n|switch|p2b: Mimikyu|Mimikyu, L50, F|100\/100\n|turn|7\n|inactive|Gnik01 has 30 seconds left.\n|inactive|Gnik01 has 20 seconds left.\n|\n|t:|1683273827\n|switch|p2a: Chien-Pao|Chien-Pao, L50|1\/100\n|-ability|p2a: Chien-Pao|Sword of Ruin\n|move|p1a: Ceruledge|Shadow Sneak|p2a: Chien-Pao\n|-resisted|p2a: Chien-Pao\n|-damage|p2a: Chien-Pao|0 fnt\n|faint|p2a: Chien-Pao\n|move|p2b: Mimikyu|Shadow Sneak|p1a: Ceruledge\n|-damage|p1a: Ceruledge|7\/100\n|-damage|p2b: Mimikyu|91\/100|[from] item: Life Orb\n|move|p1b: A Pure Bread Puppy|Yawn|p2b: Mimikyu\n|-start|p2b: Mimikyu|move: Yawn|[of] p1b: A Pure Bread Puppy\n|\n|-heal|p1b: A Pure Bread Puppy|60\/100|[from] item: Leftovers\n|upkeep\n|\n|t:|1683273836\n|switch|p2a: Gyarados|Gyarados, L50, F|16\/100\n|-ability|p2a: Gyarados|Intimidate|boost\n|-unboost|p1a: Ceruledge|atk|1\n|-unboost|p1b: A Pure Bread Puppy|atk|1\n|turn|8\n|\n|t:|1683273853\n|move|p1a: Ceruledge|Shadow Sneak|p2a: Gyarados\n|-damage|p2a: Gyarados|1\/100\n|move|p2b: Mimikyu|Shadow Sneak|p1a: Ceruledge\n|-damage|p1a: Ceruledge|0 fnt\n|faint|p1a: Ceruledge\n|-damage|p2b: Mimikyu|81\/100|[from] item: Life Orb\n|move|p1b: A Pure Bread Puppy|Substitute|p1b: A Pure Bread Puppy\n|-start|p1b: A Pure Bread Puppy|Substitute\n|-damage|p1b: A Pure Bread Puppy|35\/100\n|move|p2a: Gyarados|Taunt|p1b: A Pure Bread Puppy\n|-start|p1b: A Pure Bread Puppy|move: Taunt\n|\n|-heal|p1b: A Pure Bread Puppy|41\/100|[from] item: Leftovers\n|-end|p2b: Mimikyu|move: Yawn|[silent]\n|-status|p2b: Mimikyu|slp\n|upkeep\n|turn|9\n|c|\u2606Cakestering|1% no way\n|\n|t:|1683273870\n|cant|p2b: Mimikyu|slp\n|move|p1b: A Pure Bread Puppy|Body Press|p2a: Gyarados\n|-resisted|p2a: Gyarados\n|-damage|p2a: Gyarados|0 fnt\n|faint|p2a: Gyarados\n|\n|-heal|p1b: A Pure Bread Puppy|47\/100|[from] item: Leftovers\n|upkeep\n|turn|10\n|c|\u2606Cakestering|gg\n|\n|t:|1683273880\n|cant|p2b: Mimikyu|slp\n|move|p1b: A Pure Bread Puppy|Body Press|p2b: Mimikyu\n|-immune|p2b: Mimikyu\n|\n|-heal|p1b: A Pure Bread Puppy|53\/100|[from] item: Leftovers\n|upkeep\n|turn|11\n|\n|t:|1683273885\n|-curestatus|p2b: Mimikyu|slp|[msg]\n|move|p2b: Mimikyu|Play Rough|p1b: A Pure Bread Puppy\n|-activate|p1b: A Pure Bread Puppy|move: Substitute|[damage]\n|-damage|p2b: Mimikyu|71\/100|[from] item: Life Orb\n|move|p1b: A Pure Bread Puppy|Body Press|p2b: Mimikyu\n|-immune|p2b: Mimikyu\n|\n|-heal|p1b: A Pure Bread Puppy|59\/100|[from] item: Leftovers\n|-end|p1b: A Pure Bread Puppy|move: Taunt\n|upkeep\n|turn|12\n|\n|t:|1683273901\n|move|p1b: A Pure Bread Puppy|Protect|p1b: A Pure Bread Puppy\n|-singleturn|p1b: A Pure Bread Puppy|Protect\n|move|p2b: Mimikyu|Shadow Sneak|p1b: A Pure Bread Puppy\n|-activate|p1b: A Pure Bread Puppy|move: Protect\n|\n|-heal|p1b: A Pure Bread Puppy|65\/100|[from] item: Leftovers\n|upkeep\n|turn|13\n|inactive|Cakestering has 30 seconds left.\n|inactive|Gnik01 has 30 seconds left.\n|inactive|Gnik01 has 20 seconds left.\n|inactive|Gnik01 has 15 seconds left.\n|inactive|Gnik01 has 10 seconds left.\n|inactive|Gnik01 has 5 seconds left.\n|\n|t:|1683273956\n|move|p2b: Mimikyu|Play Rough|p1b: A Pure Bread Puppy\n|-end|p1b: A Pure Bread Puppy|Substitute\n|-damage|p2b: Mimikyu|61\/100|[from] item: Life Orb\n|move|p1b: A Pure Bread Puppy|Yawn|p2b: Mimikyu\n|-start|p2b: Mimikyu|move: Yawn|[of] p1b: A Pure Bread Puppy\n|\n|-heal|p1b: A Pure Bread Puppy|71\/100|[from] item: Leftovers\n|upkeep\n|turn|14\n|inactive|Gnik01 has 30 seconds left.\n|inactive|Gnik01 has 20 seconds left.\n|inactive|Gnik01 has 15 seconds left.\n|inactive|Gnik01 has 10 seconds left.\n|inactive|Gnik01 has 5 seconds left.\n|\n|t:|1683274011\n|move|p1b: A Pure Bread Puppy|Protect|p1b: A Pure Bread Puppy\n|-singleturn|p1b: A Pure Bread Puppy|Protect\n|move|p2b: Mimikyu|Play Rough|p1b: A Pure Bread Puppy\n|-activate|p1b: A Pure Bread Puppy|move: Protect\n|\n|-heal|p1b: A Pure Bread Puppy|77\/100|[from] item: Leftovers\n|-end|p2b: Mimikyu|move: Yawn|[silent]\n|-status|p2b: Mimikyu|slp\n|upkeep\n|turn|15\n|inactive|Gnik01 has 30 seconds left.\n|inactive|Gnik01 has 20 seconds left.\n|inactive|Gnik01 has 15 seconds left.\n|inactive|Gnik01 has 10 seconds left.\n|inactive|Gnik01 has 5 seconds left.\n|-message|Gnik01 lost due to inactivity.\n|\n|win|Cakestering\n|raw|Cakestering's rating: 1200 → 1233<\/strong> (+33 for winning)\n|raw|Gnik01's rating: 1309 → 1283<\/strong> (-26 for losing)\n|c|\u2606Cakestering|bread puppy wins again\n|c|\u2606Cakestering|gg\n","uploadtime":1683274072,"views":12,"p1id":"cakestering","p2id":"gnik01","formatid":"gen9vgc2023regulationc","rating":1233,"private":0,"password":""}