{"id":"gen9vgc2023regulationc-1857048208","p1":"GorillaPrincess","p2":"Aurinko_Test","format":"[Gen 9] VGC 2023 Regulation C","log":"|j|\u2606GorillaPrincess\n|j|\u2606Aurinko_Test\n|t:|1683140630\n|gametype|doubles\n|player|p1|GorillaPrincess|266|1520\n|player|p2|Aurinko_Test|101|1597\n|teamsize|p1|6\n|teamsize|p2|6\n|gen|9\n|tier|[Gen 9] VGC 2023 Regulation C\n|rated|\n|rule|Species Clause: Limit one of each Pok\u00e9mon\n|rule|Item Clause: Limit one of each item\n|clearpoke\n|poke|p1|Dragonite, L50, M|\n|poke|p1|Ting-Lu, L50|\n|poke|p1|Flutter Mane, L50|\n|poke|p1|Iron Bundle, L50|\n|poke|p1|Ceruledge, L50, M|\n|poke|p1|Abomasnow, L50, F|\n|poke|p2|Glimmora, L50, F|\n|poke|p2|Garganacl, L50, F|\n|poke|p2|Annihilape, L50, M|\n|poke|p2|Sableye, L50, M|\n|poke|p2|Wo-Chien, L50|\n|poke|p2|Ting-Lu, L50|\n|teampreview|4\n|\n|t:|1683140683\n|start\n|switch|p1a: Iron Bundle|Iron Bundle, L50|100\/100\n|switch|p1b: Abomasnow|Abomasnow, L50, F|100\/100\n|switch|p2a: Sableye|Sableye, L50, M|100\/100\n|switch|p2b: Glimmora|Glimmora, L50, F|100\/100\n|-weather|Snow|[from] ability: Snow Warning|[of] p1b: Abomasnow\n|-enditem|p1a: Iron Bundle|Booster Energy\n|-activate|p1a: Iron Bundle|ability: Quark Drive|[fromitem]\n|-start|p1a: Iron Bundle|quarkdrivespe\n|turn|1\n|j| sicart\n|j| KennyJ\n|\n|t:|1683140715\n|move|p2a: Sableye|Light Screen|p2a: Sableye\n|-sidestart|p2: Aurinko_Test|move: Light Screen\n|move|p1a: Iron Bundle|Aurora Veil|p1a: Iron Bundle\n|-sidestart|p1: GorillaPrincess|move: Aurora Veil\n|move|p2b: Glimmora|Power Gem|p1a: Iron Bundle\n|-supereffective|p1a: Iron Bundle\n|-damage|p1a: Iron Bundle|0 fnt\n|faint|p1a: Iron Bundle\n|-end|p1a: Iron Bundle|Quark Drive|[silent]\n|move|p1b: Abomasnow|Earth Power|p2b: Glimmora\n|-supereffective|p2b: Glimmora\n|-damage|p2b: Glimmora|18\/100\n|\n|-weather|Snow|[upkeep]\n|upkeep\n|j| PiccoloRuiz\n|\n|t:|1683140736\n|switch|p1a: Flutter Mane|Flutter Mane, L50|100\/100\n|turn|2\n|\n|t:|1683140755\n|move|p2a: Sableye|Reflect|p2a: Sableye\n|-sidestart|p2: Aurinko_Test|Reflect\n|move|p1a: Flutter Mane|Dazzling Gleam|p2a: Sableye|[spread] p2a,p2b\n|-supereffective|p2a: Sableye\n|-resisted|p2b: Glimmora\n|-damage|p2a: Sableye|37\/100\n|-damage|p2b: Glimmora|0 fnt\n|faint|p2b: Glimmora\n|move|p1b: Abomasnow|Blizzard|p2a: Sableye\n|-damage|p2a: Sableye|2\/100\n|\n|-weather|Snow|[upkeep]\n|upkeep\n|\n|t:|1683140765\n|switch|p2b: Annihilape|Annihilape, L50, M|100\/100\n|turn|3\n|\n|t:|1683140790\n|-terastallize|p1a: Flutter Mane|Water\n|move|p2a: Sableye|Disable|p1a: Flutter Mane\n|-start|p1a: Flutter Mane|Disable|Dazzling Gleam\n|cant|p1a: Flutter Mane|Disable|Dazzling Gleam\n|move|p2b: Annihilape|Bulk Up|p2b: Annihilape\n|-boost|p2b: Annihilape|atk|1\n|-boost|p2b: Annihilape|def|1\n|move|p1b: Abomasnow|Earth Power|p2b: Annihilape\n|-damage|p2b: Annihilape|88\/100\n|\n|-weather|Snow|[upkeep]\n|upkeep\n|turn|4\n|\n|t:|1683140816\n|-end|p1a: Flutter Mane|Protosynthesis|[silent]\n|switch|p1a: Ceruledge|Ceruledge, L50, M|100\/100\n|move|p2a: Sableye|Encore|p1b: Abomasnow\n|-start|p1b: Abomasnow|Encore\n|move|p2b: Annihilape|Bulk Up|p2b: Annihilape\n|-boost|p2b: Annihilape|atk|1\n|-boost|p2b: Annihilape|def|1\n|move|p1b: Abomasnow|Earth Power|p2b: Annihilape\n|-crit|p2b: Annihilape\n|-damage|p2b: Annihilape|62\/100\n|\n|-weather|Snow|[upkeep]\n|upkeep\n|turn|5\n|\n|t:|1683140836\n|switch|p1b: Flutter Mane|Flutter Mane, L50, tera:Water|100\/100\n|switch|p2a: Garganacl|Garganacl, L50, F|100\/100\n|move|p1a: Ceruledge|Shadow Sneak|p2a: Garganacl\n|-damage|p2a: Garganacl|96\/100\n|move|p2b: Annihilape|Rage Fist|p1a: Ceruledge\n|-supereffective|p1a: Ceruledge\n|-damage|p1a: Ceruledge|0 fnt\n|faint|p1a: Ceruledge\n|\n|-weather|none\n|-heal|p2a: Garganacl|100\/100|[from] item: Leftovers\n|-sideend|p1: GorillaPrincess|move: Aurora Veil\n|upkeep\n|\n|t:|1683140844\n|switch|p1a: Abomasnow|Abomasnow, L50, F|100\/100\n|-weather|Snow|[from] ability: Snow Warning|[of] p1a: Abomasnow\n|turn|6\n|\n|t:|1683140861\n|move|p1a: Abomasnow|Helping Hand|p1b: Flutter Mane\n|-singleturn|p1b: Flutter Mane|Helping Hand|[of] p1a: Abomasnow\n|move|p2b: Annihilape|Protect|p2b: Annihilape\n|-singleturn|p2b: Annihilape|Protect\n|move|p1b: Flutter Mane|Moonblast|p2b: Annihilape\n|-activate|p2b: Annihilape|move: Protect\n|move|p2a: Garganacl|Salt Cure|p1b: Flutter Mane\n|-damage|p1b: Flutter Mane|77\/100\n|-start|p1b: Flutter Mane|Salt Cure\n|\n|-weather|Snow|[upkeep]\n|-damage|p1b: Flutter Mane|53\/100|[from] Salt Cure\n|upkeep\n|turn|7\n|\n|t:|1683140878\n|-terastallize|p2b: Annihilape|Fire\n|move|p1b: Flutter Mane|Moonblast|p2b: Annihilape\n|-resisted|p2b: Annihilape\n|-damage|p2b: Annihilape|43\/100\n|-enditem|p2b: Annihilape|Sitrus Berry|[eat]\n|-heal|p2b: Annihilape|68\/100|[from] item: Sitrus Berry\n|move|p2b: Annihilape|Drain Punch|p1a: Abomasnow\n|-supereffective|p1a: Abomasnow\n|-damage|p1a: Abomasnow|14\/100\n|-heal|p2b: Annihilape|100\/100|[from] drain|[of] p1a: Abomasnow\n|-enditem|p1a: Abomasnow|Sitrus Berry|[eat]\n|-heal|p1a: Abomasnow|39\/100|[from] item: Sitrus Berry\n|move|p1a: Abomasnow|Earth Power|p2b: Annihilape\n|-supereffective|p2b: Annihilape\n|-damage|p2b: Annihilape|77\/100\n|move|p2a: Garganacl|Salt Cure|p1b: Flutter Mane\n|-damage|p1b: Flutter Mane|31\/100\n|\n|-weather|Snow|[upkeep]\n|-damage|p1b: Flutter Mane|6\/100|[from] Salt Cure\n|upkeep\n|turn|8\n|\n|t:|1683140902\n|move|p1b: Flutter Mane|Moonblast|p2a: Garganacl\n|-damage|p2a: Garganacl|66\/100\n|move|p2b: Annihilape|Rage Fist|p1a: Abomasnow\n|-damage|p1a: Abomasnow|0 fnt\n|faint|p1a: Abomasnow\n|move|p2a: Garganacl|Fissure|p1b: Flutter Mane\n|-damage|p1b: Flutter Mane|0 fnt\n|faint|p1b: Flutter Mane\n|-end|p1b: Flutter Mane|Protosynthesis|[silent]\n|-ohko\n|\n|win|Aurinko_Test\n|raw|GorillaPrincess's rating: 1505 → 1490<\/strong> (-15 for losing)\n|raw|Aurinko_Test's rating: 1597 → 1612<\/strong> (+15 for winning)\n|l| sicart\n|l|\u2606Aurinko_Test\n|l|\u2606GorillaPrincess\n|l| PiccoloRuiz\n","uploadtime":1683141380,"views":8,"p1id":"gorillaprincess","p2id":"aurinkotest","formatid":"gen9vgc2023regulationc","rating":1490,"private":0,"password":""}