{"id":"gen9vgc2023regulationc-1859311315","p1":"AmongusMaster5678","p2":"HeroicPKMN","format":"[Gen 9] VGC 2023 Regulation C","log":"|j|\u2606AmongusMaster5678\n|j|\u2606HeroicPKMN\n|t:|1683432572\n|gametype|doubles\n|player|p1|AmongusMaster5678|101|1295\n|player|p2|HeroicPKMN|170|1205\n|teamsize|p1|6\n|teamsize|p2|6\n|gen|9\n|tier|[Gen 9] VGC 2023 Regulation C\n|rated|\n|rule|Species Clause: Limit one of each Pok\u00e9mon\n|rule|Item Clause: Limit one of each item\n|clearpoke\n|poke|p1|Glimmora, L50, M|\n|poke|p1|Amoonguss, L50, F|\n|poke|p1|Dondozo, L50, F|\n|poke|p1|Tatsugiri, L50, M|\n|poke|p1|Flutter Mane, L50|\n|poke|p1|Arcanine, L50, M|\n|poke|p2|Annihilape, L50, M|\n|poke|p2|Maushold-Four, L50|\n|poke|p2|Ting-Lu, L50|\n|poke|p2|Gyarados, L50, M|\n|poke|p2|Dragonite, L50, F|\n|poke|p2|Amoonguss, L50, F|\n|teampreview|4\n|inactive|Battle timer is ON: inactive players will automatically lose when time's up. (requested by AmongusMaster5678)\nAmongusMaster5678 rejected open team sheets.\n|\n|t:|1683432598\n|start\n|switch|p1a: Glimmora|Glimmora, L50, M, shiny|100\/100\n|switch|p1b: DONBOZO|Dondozo, L50, F|100\/100\n|switch|p2a: Orphanmaker|Annihilape, L50, M|100\/100\n|switch|p2b: Childhaver|Maushold-Four, L50|100\/100\n|turn|1\n|\n|t:|1683432606\n|move|p2b: Childhaver|Follow Me|p2b: Childhaver\n|-singleturn|p2b: Childhaver|move: Follow Me\n|move|p2a: Orphanmaker|Bulk Up|p2a: Orphanmaker\n|-boost|p2a: Orphanmaker|atk|1\n|-boost|p2a: Orphanmaker|def|1\n|move|p1a: Glimmora|Mortal Spin|p2a: Orphanmaker|[spread] p2a,p2b\n|-resisted|p2a: Orphanmaker\n|-damage|p2a: Orphanmaker|99\/100\n|-damage|p2b: Childhaver|96\/100\n|-status|p2a: Orphanmaker|psn\n|-status|p2b: Childhaver|psn\n|move|p1b: DONBOZO|Wave Crash|p2b: Childhaver\n|-damage|p2b: Childhaver|38\/100 psn\n|-damage|p1b: DONBOZO|85\/100|[from] Recoil\n|\n|-heal|p2a: Orphanmaker|100\/100 psn|[from] item: Leftovers\n|-heal|p1b: DONBOZO|91\/100|[from] item: Leftovers\n|-damage|p2b: Childhaver|25\/100 psn|[from] psn\n|-damage|p2a: Orphanmaker|88\/100 psn|[from] psn\n|upkeep\n|turn|2\n|\n|t:|1683432625\n|move|p1b: DONBOZO|Protect|p1b: DONBOZO\n|-singleturn|p1b: DONBOZO|Protect\n|move|p2b: Childhaver|Beat Up|p2a: Orphanmaker\n|-crit|p2a: Orphanmaker\n|-damage|p2a: Orphanmaker|86\/100 psn\n|-damage|p2a: Orphanmaker|85\/100 psn\n|-damage|p2a: Orphanmaker|83\/100 psn\n|-hitcount|p2a: Orphanmaker|3\n|move|p2a: Orphanmaker|Rage Fist|p1b: DONBOZO\n|-activate|p1b: DONBOZO|move: Protect\n|move|p1a: Glimmora|Power Gem|p2b: Childhaver\n|-damage|p2b: Childhaver|0 fnt\n|faint|p2b: Childhaver\n|\n|-heal|p2a: Orphanmaker|90\/100 psn|[from] item: Leftovers\n|-heal|p1b: DONBOZO|97\/100|[from] item: Leftovers\n|-damage|p2a: Orphanmaker|77\/100 psn|[from] psn\n|upkeep\n|\n|t:|1683432632\n|switch|p2b: Bullwinkle|Ting-Lu, L50|100\/100\n|-ability|p2b: Bullwinkle|Vessel of Ruin\n|turn|3\n|\n|t:|1683432646\n|switch|p1b: Flutter Mane|Flutter Mane, L50, shiny|100\/100\n|-enditem|p1b: Flutter Mane|Booster Energy\n|-activate|p1b: Flutter Mane|ability: Protosynthesis|[fromitem]\n|-start|p1b: Flutter Mane|protosynthesisspa\n|move|p2a: Orphanmaker|Rage Fist|p1b: Flutter Mane\n|-supereffective|p1b: Flutter Mane\n|-damage|p1b: Flutter Mane|0 fnt\n|faint|p1b: Flutter Mane\n|-end|p1b: Flutter Mane|Protosynthesis|[silent]\n|move|p1a: Glimmora|Mortal Spin|p2a: Orphanmaker|[spread] p2a,p2b\n|-resisted|p2a: Orphanmaker\n|-resisted|p2b: Bullwinkle\n|-damage|p2a: Orphanmaker|76\/100 psn\n|-damage|p2b: Bullwinkle|99\/100\n|-status|p2b: Bullwinkle|psn\n|move|p2b: Bullwinkle|Ruination|p1a: Glimmora\n|-damage|p1a: Glimmora|50\/100\n|\n|-heal|p2a: Orphanmaker|82\/100 psn|[from] item: Leftovers\n|-damage|p2a: Orphanmaker|70\/100 psn|[from] psn\n|-damage|p2b: Bullwinkle|88\/100 psn|[from] psn\n|upkeep\n|\n|t:|1683432656\n|switch|p1b: DONBOZO|Dondozo, L50, F|97\/100\n|turn|4\n|\n|t:|1683432666\n|switch|p1a: Tatsugiri|Tatsugiri, L50, M, shiny|100\/100\n|-activate|p1a: Tatsugiri|ability: Commander|[of] p1b: DONBOZO\n|-boost|p1b: DONBOZO|atk|2\n|-boost|p1b: DONBOZO|spa|2\n|-boost|p1b: DONBOZO|spe|2\n|-boost|p1b: DONBOZO|def|2\n|-boost|p1b: DONBOZO|spd|2\n|move|p1b: DONBOZO|Protect|p1b: DONBOZO\n|-singleturn|p1b: DONBOZO|Protect\n|move|p2a: Orphanmaker|Protect|p2a: Orphanmaker\n|-singleturn|p2a: Orphanmaker|Protect\n|move|p2b: Bullwinkle|Ruination|p1b: DONBOZO\n|-activate|p1b: DONBOZO|move: Protect\n|\n|-heal|p1b: DONBOZO|100\/100|[from] item: Leftovers\n|-heal|p2a: Orphanmaker|76\/100 psn|[from] item: Leftovers\n|-damage|p2a: Orphanmaker|64\/100 psn|[from] psn\n|-damage|p2b: Bullwinkle|75\/100 psn|[from] psn\n|upkeep\n|turn|5\n|\n|t:|1683432687\n|move|p1b: DONBOZO|Wave Crash|p2a: Orphanmaker\n|-damage|p2a: Orphanmaker|8\/100 psn\n|-damage|p1b: DONBOZO|83\/100|[from] Recoil\n|move|p2a: Orphanmaker|Rage Fist|p1b: DONBOZO\n|-damage|p1b: DONBOZO|11\/100\n|move|p2b: Bullwinkle|Ruination|p1b: DONBOZO\n|-damage|p1b: DONBOZO|6\/100\n|\n|-heal|p1b: DONBOZO|12\/100|[from] item: Leftovers\n|-heal|p2a: Orphanmaker|14\/100 psn|[from] item: Leftovers\n|-damage|p2a: Orphanmaker|2\/100 psn|[from] psn\n|-damage|p2b: Bullwinkle|63\/100 psn|[from] psn\n|upkeep\n|turn|6\n|\n|t:|1683432707\n|move|p1b: DONBOZO|Wave Crash|p2b: Bullwinkle\n|-supereffective|p2b: Bullwinkle\n|-damage|p2b: Bullwinkle|0 fnt\n|faint|p2b: Bullwinkle\n|-damage|p1b: DONBOZO|0 fnt|[from] Recoil\n|faint|p1b: DONBOZO\n|move|p2a: Orphanmaker|Rage Fist|p1a: Tatsugiri\n|-damage|p1a: Tatsugiri|0 fnt\n|faint|p1a: Tatsugiri\n|\n|-heal|p2a: Orphanmaker|8\/100 psn|[from] item: Leftovers\n|-damage|p2a: Orphanmaker|0 fnt|[from] psn\n|faint|p2a: Orphanmaker\n|upkeep\n|\n|t:|1683432717\n|switch|p2a: Mr.Postman|Dragonite, L50, F|100\/100\n|switch|p1b: Glimmora|Glimmora, L50, M, shiny|50\/100\n|turn|7\n|\n|t:|1683432738\n|-terastallize|p1b: Glimmora|Grass\n|move|p2a: Mr.Postman|Extreme Speed|p1b: Glimmora\n|-damage|p1b: Glimmora|26\/100\n|-activate|p1b: Glimmora|ability: Toxic Debris\n|-sidestart|p2: HeroicPKMN|move: Toxic Spikes\n|move|p1b: Glimmora|Power Gem|p2a: Mr.Postman\n|-supereffective|p2a: Mr.Postman\n|-damage|p2a: Mr.Postman|61\/100\n|\n|upkeep\n|turn|8\n|\n|t:|1683432747\n|-terastallize|p2a: Mr.Postman|Flying\n|move|p2a: Mr.Postman|Tera Blast|p1b: Glimmora\n|-supereffective|p1b: Glimmora\n|-damage|p1b: Glimmora|0 fnt\n|-activate|p1b: Glimmora|ability: Toxic Debris\n|-sidestart|p2: HeroicPKMN|move: Toxic Spikes\n|faint|p1b: Glimmora\n|\n|win|HeroicPKMN\n|raw|AmongusMaster5678's rating: 1295 → 1264<\/strong> (-31 for losing)\n|raw|HeroicPKMN's rating: 1205 → 1236<\/strong> (+31 for winning)\n|c|\u2606HeroicPKMN|gg\n|c|\u2606AmongusMaster5678|gg\n|l|\u2606AmongusMaster5678\n","uploadtime":1683432772,"views":17,"p1id":"amongusmaster5678","p2id":"heroicpkmn","formatid":"gen9vgc2023regulationc","rating":1236,"private":0,"password":""}