{"id":"gen9vgc2023regulationc-1847348567","p1":"garfieldslaya","p2":"Andy611","format":"[Gen 9] VGC 2023 Regulation C","log":"|j|\u2606garfieldslaya\n|j|\u2606Andy611\n|t:|1681941062\n|gametype|doubles\n|player|p1|garfieldslaya|jasmine|1261\n|player|p2|Andy611|265|1232\n|teamsize|p1|6\n|teamsize|p2|6\n|gen|9\n|tier|[Gen 9] VGC 2023 Regulation C\n|rated|\n|rule|Species Clause: Limit one of each Pok\u00e9mon\n|rule|Item Clause: Limit one of each item\n|clearpoke\n|poke|p1|Iron Hands, L50|\n|poke|p1|Amoonguss, L50, F|\n|poke|p1|Corviknight, L50, F|\n|poke|p1|Flutter Mane, L50|\n|poke|p1|Azumarill, L50, F|\n|poke|p1|Arcanine, L50, M|\n|poke|p2|Amoonguss, L50, M|\n|poke|p2|Palafin, L50, F|\n|poke|p2|Flutter Mane, L50|\n|poke|p2|Arcanine, L50, M|\n|poke|p2|Garganacl, L50, F|\n|poke|p2|Chien-Pao, L50|\n|teampreview|4\ngarfieldslaya has agreed to open team sheets.\n|inactive|Battle timer is ON: inactive players will automatically lose when time's up. (requested by Andy611)\n|\n|t:|1681941097\n|start\n|switch|p1a: Azumarill|Azumarill, L50, F|100\/100\n|switch|p1b: Flutter Mane|Flutter Mane, L50|100\/100\n|switch|p2a: Flutter Mane|Flutter Mane, L50|100\/100\n|switch|p2b: Garganacl|Garganacl, L50, F|100\/100\n|-enditem|p2a: Flutter Mane|Booster Energy\n|-activate|p2a: Flutter Mane|ability: Protosynthesis|[fromitem]\n|-start|p2a: Flutter Mane|protosynthesisspe\n|turn|1\n|inactive|garfieldslaya has 30 seconds left.\n|inactive|Andy611 has 30 seconds left.\n|inactive|garfieldslaya has 20 seconds left.\n|\n|t:|1681941134\n|-terastallize|p1b: Flutter Mane|Fairy\n|-terastallize|p2b: Garganacl|Ghost\n|move|p2a: Flutter Mane|Shadow Ball|p1b: Flutter Mane\n|-damage|p1b: Flutter Mane|57\/100\n|move|p1b: Flutter Mane|Moonblast|p2b: Garganacl\n|-crit|p2b: Garganacl\n|-damage|p2b: Garganacl|34\/100\n|move|p1a: Azumarill|Liquidation|p2b: Garganacl\n|-damage|p2b: Garganacl|0 fnt\n|faint|p2b: Garganacl\n|\n|upkeep\n|\n|t:|1681941148\n|switch|p2b: Arcanine|Arcanine, L50, M|100\/100\n|-ability|p2b: Arcanine|Intimidate|boost\n|-unboost|p1a: Azumarill|atk|1\n|-unboost|p1b: Flutter Mane|atk|1\n|turn|2\n|inactive|garfieldslaya has 30 seconds left.\n|inactive|garfieldslaya has 20 seconds left.\n|\n|t:|1681941184\n|-end|p1b: Flutter Mane|Protosynthesis|[silent]\n|switch|p1b: Iron Hands|Iron Hands, L50|100\/100\n|switch|p1a: Arcanine|Arcanine, L50, M|100\/100\n|-ability|p1a: Arcanine|Intimidate|boost\n|-unboost|p2a: Flutter Mane|atk|1\n|-unboost|p2b: Arcanine|atk|1\n|move|p2a: Flutter Mane|Moonblast|p1b: Iron Hands\n|-supereffective|p1b: Iron Hands\n|-damage|p1b: Iron Hands|22\/100\n|move|p2b: Arcanine|Will-O-Wisp|p1a: Arcanine\n|-immune|p1a: Arcanine\n|\n|upkeep\n|turn|3\n|\n|t:|1681941208\n|switch|p2b: Chien-Pao|Chien-Pao, L50|100\/100\n|-ability|p2b: Chien-Pao|Sword of Ruin\n|move|p1b: Iron Hands|Fake Out|p2b: Chien-Pao\n|-damage|p2b: Chien-Pao|79\/100\n|move|p2a: Flutter Mane|Moonblast|p1b: Iron Hands\n|-supereffective|p1b: Iron Hands\n|-damage|p1b: Iron Hands|0 fnt\n|faint|p1b: Iron Hands\n|-end|p1b: Iron Hands|Quark Drive|[silent]\n|move|p1a: Arcanine|Flare Blitz|p2a: Flutter Mane\n|-damage|p2a: Flutter Mane|0 fnt\n|faint|p2a: Flutter Mane\n|-end|p2a: Flutter Mane|Protosynthesis|[silent]\n|-damage|p1a: Arcanine|79\/100|[from] Recoil\n|\n|upkeep\n|\n|t:|1681941230\n|switch|p2a: Arcanine|Arcanine, L50, M|100\/100\n|switch|p1b: Azumarill|Azumarill, L50, F|100\/100\n|-ability|p2a: Arcanine|Intimidate|boost\n|-unboost|p1a: Arcanine|atk|1\n|-unboost|p1b: Azumarill|atk|1\n|turn|4\n|inactive|garfieldslaya has 30 seconds left.\n|\n|t:|1681941255\n|move|p2b: Chien-Pao|Crunch|p1a: Arcanine\n|-damage|p1a: Arcanine|28\/100\n|-unboost|p1a: Arcanine|def|1\n|-enditem|p1a: Arcanine|Sitrus Berry|[eat]\n|-heal|p1a: Arcanine|53\/100|[from] item: Sitrus Berry\n|move|p1a: Arcanine|Flare Blitz|p2b: Chien-Pao\n|-supereffective|p2b: Chien-Pao\n|-damage|p2b: Chien-Pao|0 fnt\n|faint|p2b: Chien-Pao\n|-damage|p1a: Arcanine|32\/100|[from] Recoil\n|move|p2a: Arcanine|Will-O-Wisp|p1b: Azumarill\n|-status|p1b: Azumarill|brn\n|move|p1b: Azumarill|Liquidation|p2a: Arcanine\n|-supereffective|p2a: Arcanine\n|-damage|p2a: Arcanine|60\/100\n|\n|-damage|p1b: Azumarill|95\/100 brn|[from] brn\n|upkeep\n|turn|5\n|\n|t:|1681941277\n|move|p1a: Arcanine|Extreme Speed|p2a: Arcanine\n|-damage|p2a: Arcanine|49\/100\n|move|p2a: Arcanine|Extreme Speed|p1a: Arcanine\n|-damage|p1a: Arcanine|4\/100\n|move|p1b: Azumarill|Liquidation|p2a: Arcanine\n|-supereffective|p2a: Arcanine\n|-damage|p2a: Arcanine|5\/100\n|\n|-damage|p1b: Azumarill|89\/100 brn|[from] brn\n|upkeep\n|turn|6\n|-message|Andy611 forfeited.\n|\n|win|garfieldslaya\n|raw|garfieldslaya's rating: 1261 → 1284<\/strong> (+23 for winning)\n|raw|Andy611's rating: 1232 → 1209<\/strong> (-23 for losing)\n|l|\u2606Andy611\n","uploadtime":1681941293,"views":3,"p1id":"garfieldslaya","p2id":"andy611","formatid":"gen9vgc2023regulationc","rating":1209,"private":0,"password":""}