{"id":"gen9vgc2023regulationc-1854257723","p1":"mizuirokanjo","p2":"TheEeveeAnimations","format":"[Gen 9] VGC 2023 Regulation C","log":"|j|\u2606mizuirokanjo\n|j|\u2606TheEeveeAnimations\n|t:|1682789443\n|gametype|doubles\n|player|p1|mizuirokanjo|265|1509\n|player|p2|TheEeveeAnimations|dahlia|1571\n|teamsize|p1|6\n|teamsize|p2|6\n|gen|9\n|tier|[Gen 9] VGC 2023 Regulation C\n|rated|\n|rule|Species Clause: Limit one of each Pok\u00e9mon\n|rule|Item Clause: Limit one of each item\n|clearpoke\n|poke|p1|Ceruledge, L50, M|\n|poke|p1|Grimmsnarl, L50, M|\n|poke|p1|Ting-Lu, L50|\n|poke|p1|Bronzong, L50|\n|poke|p1|Gyarados, L50, F|\n|poke|p1|Amoonguss, L50, F|\n|poke|p2|Gholdengo, L50|\n|poke|p2|Maushold-Four, L50|\n|poke|p2|Flutter Mane, L50|\n|poke|p2|Wo-Chien, L50|\n|poke|p2|Palafin, L50, F|\n|poke|p2|Arcanine, L50, F|\n|teampreview|4\nTheEeveeAnimations has agreed to open team sheets.\n|c|\u2606TheEeveeAnimations|glhf\n|\n|t:|1682789484\n|start\n|switch|p1a: Ting-Lu|Ting-Lu, L50|100\/100\n|switch|p1b: Bronzong|Bronzong, L50|100\/100\n|switch|p2a: Palafin|Palafin, L50, F|100\/100\n|switch|p2b: Homer|Wo-Chien, L50|100\/100\n|-ability|p2b: Homer|Tablets of Ruin\n|-ability|p1a: Ting-Lu|Vessel of Ruin\n|turn|1\n|\n|t:|1682789514\n|detailschange|p2a: Palafin|Palafin-Hero, L50, F\n|switch|p2a: Maushold|Maushold-Four, L50|100\/100\n|move|p2b: Homer|Foul Play|p1b: Bronzong\n|-supereffective|p1b: Bronzong\n|-damage|p1b: Bronzong|61\/100\n|move|p1a: Ting-Lu|Earthquake|p2b: Homer|[spread] p2a,p2b\n|-immune|p1b: Bronzong|[from] ability: Levitate\n|-resisted|p2b: Homer\n|-damage|p2a: Maushold|52\/100\n|-damage|p2b: Homer|90\/100\n|move|p1b: Bronzong|Trick Room|p1b: Bronzong\n|-fieldstart|move: Trick Room|[of] p1b: Bronzong\n|\n|upkeep\n|turn|2\n|\n|t:|1682789529\n|switch|p1a: Amoonguss|Amoonguss, L50, F|100\/100\n|move|p2a: Maushold|Baby-Doll Eyes|p1a: Amoonguss\n|-unboost|p1a: Amoonguss|atk|1\n|move|p1b: Bronzong|Iron Defense|p1b: Bronzong\n|-boost|p1b: Bronzong|def|2\n|move|p2b: Homer|Pollen Puff|p2a: Maushold\n|-heal|p2a: Maushold|100\/100\n|\n|upkeep\n|turn|3\n|\n|t:|1682789563\n|switch|p1a: Ceruledge|Ceruledge, L50, M|100\/100\n|switch|p2b: Gholdengo|Gholdengo, L50|100\/100\n|move|p2a: Maushold|Protect|p2a: Maushold\n|-singleturn|p2a: Maushold|Protect\n|move|p1b: Bronzong|Body Press|p2a: Maushold\n|-activate|p2a: Maushold|move: Protect\n|\n|upkeep\n|turn|4\n|\n|t:|1682789594\n|switch|p2a: Homer|Wo-Chien, L50|90\/100\n|-ability|p2a: Homer|Tablets of Ruin\n|-terastallize|p2b: Gholdengo|Water\n|move|p1b: Bronzong|Body Press|p2a: Homer\n|-supereffective|p2a: Homer\n|-damage|p2a: Homer|37\/100\n|move|p1a: Ceruledge|Bitter Blade|p2b: Gholdengo\n|-resisted|p2b: Gholdengo\n|-damage|p2b: Gholdengo|83\/100\n|move|p2b: Gholdengo|Nasty Plot|p2b: Gholdengo\n|-boost|p2b: Gholdengo|spa|2\n|\n|-heal|p2b: Gholdengo|89\/100|[from] item: Leftovers\n|upkeep\n|turn|5\n|\n|t:|1682789637\n|switch|p1a: Ting-Lu|Ting-Lu, L50|100\/100\n|-ability|p1a: Ting-Lu|Vessel of Ruin\n|-terastallize|p1b: Bronzong|Fire\n|move|p2b: Gholdengo|Protect|p2b: Gholdengo\n|-singleturn|p2b: Gholdengo|Protect\n|move|p1b: Bronzong|Body Press|p2b: Gholdengo\n|-activate|p2b: Gholdengo|move: Protect\n|move|p2a: Homer|Foul Play|p1a: Ting-Lu\n|-resisted|p1a: Ting-Lu\n|-damage|p1a: Ting-Lu|86\/100\n|\n|-heal|p2b: Gholdengo|95\/100|[from] item: Leftovers\n|-fieldend|move: Trick Room\n|upkeep\n|turn|6\n|\n|t:|1682789675\n|move|p2b: Gholdengo|Shadow Ball|p1b: Bronzong\n|-damage|p1b: Bronzong|14\/100\n|move|p2a: Homer|Pollen Puff|p2b: Gholdengo\n|-heal|p2b: Gholdengo|100\/100\n|move|p1a: Ting-Lu|Earthquake|p2b: Gholdengo|[spread] p2a,p2b\n|-immune|p1b: Bronzong|[from] ability: Levitate\n|-resisted|p2a: Homer\n|-damage|p2a: Homer|22\/100\n|-damage|p2b: Gholdengo|57\/100\n|move|p1b: Bronzong|Trick Room|p1b: Bronzong\n|-fieldstart|move: Trick Room|[of] p1b: Bronzong\n|\n|-heal|p2b: Gholdengo|62\/100|[from] item: Leftovers\n|upkeep\n|turn|7\n|\n|t:|1682789737\n|move|p2b: Gholdengo|Protect|p2b: Gholdengo\n|-singleturn|p2b: Gholdengo|Protect\n|move|p1b: Bronzong|Body Press|p2a: Homer\n|-supereffective|p2a: Homer\n|-damage|p2a: Homer|0 fnt\n|faint|p2a: Homer\n|move|p1a: Ting-Lu|Earthquake|p2b: Gholdengo|[spread] \n|-activate|p2b: Gholdengo|move: Protect\n|-immune|p1b: Bronzong|[from] ability: Levitate\n|\n|-heal|p2b: Gholdengo|68\/100|[from] item: Leftovers\n|upkeep\n|\n|t:|1682789748\n|switch|p2a: Palafin|Palafin-Hero, L50, F|100\/100\n|-activate|p2a: Palafin|ability: Zero to Hero\n|turn|8\n|\n|t:|1682789771\n|move|p1b: Bronzong|Body Press|p2b: Gholdengo\n|-damage|p2b: Gholdengo|18\/100\n|move|p1a: Ting-Lu|Earthquake|p2a: Palafin|[spread] p2a,p2b\n|-immune|p1b: Bronzong|[from] ability: Levitate\n|-damage|p2a: Palafin|51\/100\n|-damage|p2b: Gholdengo|0 fnt\n|faint|p2b: Gholdengo\n|move|p2a: Palafin|Wave Crash|p1a: Ting-Lu\n|-supereffective|p1a: Ting-Lu\n|-damage|p1a: Ting-Lu|0 fnt\n|faint|p1a: Ting-Lu\n|-damage|p2a: Palafin|14\/100|[from] Recoil\n|\n|upkeep\n|c|\u2606TheEeveeAnimations|yeah\n|c|\u2606TheEeveeAnimations|i lose\n|c|\u2606TheEeveeAnimations|gg\n|\n|t:|1682789784\n|switch|p1a: Amoonguss|Amoonguss, L50, F|100\/100\n|switch|p2b: Maushold|Maushold-Four, L50|100\/100\n|turn|9\n|\n|t:|1682789793\n|move|p2a: Palafin|Protect|p2a: Palafin\n|-singleturn|p2a: Palafin|Protect\n|move|p1a: Amoonguss|Rage Powder|p1a: Amoonguss\n|-singleturn|p1a: Amoonguss|move: Rage Powder\n|move|p1b: Bronzong|Body Press|p2b: Maushold\n|-supereffective|p2b: Maushold\n|-damage|p2b: Maushold|0 fnt\n|faint|p2b: Maushold\n|\n|upkeep\n|turn|10\n|-message|TheEeveeAnimations forfeited.\n|\n|win|mizuirokanjo\n|raw|mizuirokanjo's rating: 1509 → 1533<\/strong> (+24 for winning)\n|raw|TheEeveeAnimations's rating: 1571 → 1547<\/strong> (-24 for losing)\n","uploadtime":1682789804,"views":19,"p1id":"mizuirokanjo","p2id":"theeeveeanimations","formatid":"gen9vgc2023regulationc","rating":1533,"private":0,"password":""}