{"id":"gen9vgc2023regulationc-1863807375","p1":"Spearwinner","p2":"Yeetawheat","format":"[Gen 9] VGC 2023 Regulation C","log":"|j|\u2606Spearwinner\n|j|\u2606Yeetawheat\n|t:|1684080172\n|gametype|doubles\n|player|p1|Spearwinner|2|\n|player|p2|Yeetawheat|2|\n|teamsize|p1|6\n|teamsize|p2|6\n|gen|9\n|tier|[Gen 9] VGC 2023 Regulation C\n|rule|Species Clause: Limit one of each Pok\u00e9mon\n|rule|Item Clause: Limit one of each item\n|clearpoke\n|poke|p1|Grimmsnarl, L50, M|\n|poke|p1|Gholdengo, L50|\n|poke|p1|Amoonguss, L50, M|\n|poke|p1|Hariyama, L50, F|\n|poke|p1|Gyarados, L50, F|\n|poke|p1|Chi-Yu, L50|\n|poke|p2|Scizor, L50, F|\n|poke|p2|Tauros-Paldea-Aqua, L50, M|\n|poke|p2|Rotom-Heat, L50|\n|poke|p2|Flutter Mane, L50|\n|poke|p2|Ting-Lu, L50|\n|poke|p2|Amoonguss, L50, F|\n|teampreview|4\nYeetawheat has agreed to open team sheets.\n|c|\u2606Yeetawheat|glhf\nSpearwinner has agreed to open team sheets.\n|j| SirSmokeVGC\n|c|\u2606Spearwinner|g1\n|c|\u2606Spearwinner|glhf\n|\n|t:|1684080280\n|start\n|switch|p1a: Amoonguss|Amoonguss, L50, M|100\/100\n|switch|p1b: Grimmsnarl|Grimmsnarl, L50, M|100\/100\n|switch|p2a: Flutter Mane|Flutter Mane, L50|100\/100\n|switch|p2b: Rotom|Rotom-Heat, L50|100\/100\n|-enditem|p2a: Flutter Mane|Booster Energy\n|-activate|p2a: Flutter Mane|ability: Protosynthesis|[fromitem]\n|-start|p2a: Flutter Mane|protosynthesisspe\n|turn|1\n|inactive|Battle timer is ON: inactive players will automatically lose when time's up. (requested by Spearwinner)\n|inactive|Spearwinner has 60 seconds left.\n|\n|t:|1684080317\n|move|p1b: Grimmsnarl|Light Screen|p1b: Grimmsnarl\n|-sidestart|p1: Spearwinner|move: Light Screen\n|move|p2a: Flutter Mane|Shadow Ball|p1a: Amoonguss\n|-crit|p1a: Amoonguss\n|-damage|p1a: Amoonguss|54\/100\n|-unboost|p1a: Amoonguss|spd|1\n|move|p2b: Rotom|Overheat|p1a: Amoonguss\n|-supereffective|p1a: Amoonguss\n|-damage|p1a: Amoonguss|0 fnt\n|-unboost|p2b: Rotom|spa|2\n|faint|p1a: Amoonguss\n|\n|upkeep\n|\n|t:|1684080333\n|switch|p1a: Gholdengo|Gholdengo, L50|100\/100\n|turn|2\n|\n|t:|1684080352\n|-terastallize|p2b: Rotom|Electric\n|-terastallize|p1a: Gholdengo|Water\n|move|p2a: Flutter Mane|Shadow Ball|p1a: Gholdengo\n|-damage|p1a: Gholdengo|75\/100\n|move|p2b: Rotom|Volt Switch|p1a: Gholdengo\n|-supereffective|p1a: Gholdengo\n|-damage|p1a: Gholdengo|45\/100\n|\n|t:|1684080361\n|switch|p2b: Ting-Lu|Ting-Lu, L50|100\/100|[from] Volt Switch\n|-ability|p2b: Ting-Lu|Vessel of Ruin\n|move|p1a: Gholdengo|Nasty Plot|p1a: Gholdengo\n|-boost|p1a: Gholdengo|spa|2\n|move|p1b: Grimmsnarl|Spirit Break|p2a: Flutter Mane\n|-damage|p2a: Flutter Mane|46\/100\n|-unboost|p2a: Flutter Mane|spa|1\n|\n|-heal|p1a: Gholdengo|51\/100|[from] item: Leftovers\n|upkeep\n|turn|3\n|inactive|Yeetawheat has 30 seconds left.\n|\n|t:|1684080394\n|move|p1a: Gholdengo|Protect|p1a: Gholdengo\n|-singleturn|p1a: Gholdengo|Protect\n|move|p1b: Grimmsnarl|Parting Shot|p2a: Flutter Mane\n|-unboost|p2a: Flutter Mane|atk|1\n|-unboost|p2a: Flutter Mane|spa|1\n|\n|t:|1684080398\n|switch|p1b: Gyarados|Gyarados, L50, F|100\/100|[from] Parting Shot\n|-ability|p1b: Gyarados|Intimidate|boost\n|-unboost|p2a: Flutter Mane|atk|1\n|-unboost|p2b: Ting-Lu|atk|1\n|move|p2a: Flutter Mane|Moonblast|p1a: Gholdengo\n|-activate|p1a: Gholdengo|move: Protect\n|move|p2b: Ting-Lu|Heavy Slam|p1a: Gholdengo\n|-activate|p1a: Gholdengo|move: Protect\n|\n|-heal|p1a: Gholdengo|57\/100|[from] item: Leftovers\n|upkeep\n|turn|4\n|\n|t:|1684080423\n|move|p2a: Flutter Mane|Icy Wind|p1a: Gholdengo|[spread] p1a,p1b\n|-resisted|p1a: Gholdengo\n|-damage|p1a: Gholdengo|56\/100\n|-damage|p1b: Gyarados|98\/100\n|-unboost|p1a: Gholdengo|spe|1\n|-unboost|p1b: Gyarados|spe|1\n|move|p2b: Ting-Lu|Heavy Slam|p1a: Gholdengo\n|-resisted|p1a: Gholdengo\n|-damage|p1a: Gholdengo|45\/100\n|move|p1a: Gholdengo|Make It Rain|p2b: Ting-Lu|[spread] p2a,p2b\n|-supereffective|p2a: Flutter Mane\n|-damage|p2a: Flutter Mane|0 fnt\n|-damage|p2b: Ting-Lu|51\/100\n|-unboost|p1a: Gholdengo|spa|1\n|faint|p2a: Flutter Mane\n|-end|p2a: Flutter Mane|Protosynthesis|[silent]\n|move|p1b: Gyarados|Waterfall|p2b: Ting-Lu\n|-supereffective|p2b: Ting-Lu\n|-damage|p2b: Ting-Lu|8\/100\n|\n|-heal|p2b: Ting-Lu|14\/100|[from] item: Leftovers\n|-heal|p1a: Gholdengo|51\/100|[from] item: Leftovers\n|upkeep\n|\n|t:|1684080440\n|switch|p2a: Rotom|Rotom-Heat, L50, tera:Electric|100\/100\n|turn|5\n|inactive|Spearwinner has 30 seconds left.\n|\n|t:|1684080472\n|move|p2a: Rotom|Volt Switch|p1b: Gyarados\n|-supereffective|p1b: Gyarados\n|-damage|p1b: Gyarados|35\/100\n|\n|t:|1684080478\n|switch|p2a: Tauros|Tauros-Paldea-Aqua, L50, M|100\/100|[from] Volt Switch\n|-ability|p2a: Tauros|Intimidate|boost\n|-unboost|p1a: Gholdengo|atk|1\n|-unboost|p1b: Gyarados|atk|1\n|move|p2b: Ting-Lu|Stomping Tantrum|p1a: Gholdengo\n|-damage|p1a: Gholdengo|31\/100\n|move|p1a: Gholdengo|Shadow Ball|p2a: Tauros\n|-damage|p2a: Tauros|52\/100\n|-unboost|p2a: Tauros|spd|1\n|move|p1b: Gyarados|Waterfall|p2a: Tauros\n|-resisted|p2a: Tauros\n|-damage|p2a: Tauros|40\/100\n|\n|-heal|p2b: Ting-Lu|20\/100|[from] item: Leftovers\n|-heal|p1a: Gholdengo|37\/100|[from] item: Leftovers\n|upkeep\n|turn|6\n|\n|t:|1684080499\n|move|p1a: Gholdengo|Protect|p1a: Gholdengo\n|-singleturn|p1a: Gholdengo|Protect\n|move|p2a: Tauros|Trailblaze|p1a: Gholdengo\n|-activate|p1a: Gholdengo|move: Protect\n|move|p2b: Ting-Lu|Heavy Slam|p1b: Gyarados\n|-resisted|p1b: Gyarados\n|-damage|p1b: Gyarados|29\/100\n|move|p1b: Gyarados|Thunder Wave|p2a: Tauros\n|-status|p2a: Tauros|par\n|\n|-heal|p2b: Ting-Lu|27\/100|[from] item: Leftovers\n|-heal|p1a: Gholdengo|43\/100|[from] item: Leftovers\n|upkeep\n|turn|7\n|inactive|Spearwinner has 30 seconds left.\n|inactive|Spearwinner has 20 seconds left.\n|\n|t:|1684080538\n|switch|p1a: Grimmsnarl|Grimmsnarl, L50, M|100\/100\n|move|p2a: Tauros|Trailblaze|p1a: Grimmsnarl\n|-damage|p1a: Grimmsnarl|86\/100\n|-boost|p2a: Tauros|spe|1\n|move|p2b: Ting-Lu|Stomping Tantrum|p1a: Grimmsnarl\n|-damage|p1a: Grimmsnarl|66\/100\n|move|p1b: Gyarados|Waterfall|p2b: Ting-Lu\n|-supereffective|p2b: Ting-Lu\n|-damage|p2b: Ting-Lu|0 fnt\n|faint|p2b: Ting-Lu\n|\n|upkeep\n|\n|t:|1684080544\n|switch|p2b: Rotom|Rotom-Heat, L50, tera:Electric|100\/100\n|turn|8\n|\n|t:|1684080564\n|move|p1a: Grimmsnarl|Parting Shot|p2b: Rotom\n|-unboost|p2b: Rotom|atk|1\n|-unboost|p2b: Rotom|spa|1\n|\n|t:|1684080566\n|switch|p1a: Gholdengo|Gholdengo, L50, tera:Water|43\/100|[from] Parting Shot\n|move|p2b: Rotom|Thunderbolt|p1b: Gyarados\n|-supereffective|p1b: Gyarados\n|-crit|p1b: Gyarados\n|-damage|p1b: Gyarados|0 fnt\n|faint|p1b: Gyarados\n|move|p2a: Tauros|Wave Crash|p1a: Gholdengo\n|-resisted|p1a: Gholdengo\n|-damage|p1a: Gholdengo|17\/100\n|-damage|p2a: Tauros|31\/100 par|[from] Recoil\n|\n|-heal|p1a: Gholdengo|23\/100|[from] item: Leftovers\n|-sideend|p1: Spearwinner|move: Light Screen\n|upkeep\n|\n|t:|1684080575\n|switch|p1b: Grimmsnarl|Grimmsnarl, L50, M|66\/100\n|turn|9\n|\n|t:|1684080585\n|move|p2b: Rotom|Protect|p2b: Rotom\n|-singleturn|p2b: Rotom|Protect\n|move|p1a: Gholdengo|Protect|p1a: Gholdengo\n|-singleturn|p1a: Gholdengo|Protect\n|move|p1b: Grimmsnarl|Parting Shot|p2b: Rotom\n|-activate|p2b: Rotom|move: Protect\n|move|p2a: Tauros|Close Combat|p1b: Grimmsnarl\n|-damage|p1b: Grimmsnarl|9\/100\n|-unboost|p2a: Tauros|def|1\n|-unboost|p2a: Tauros|spd|1\n|\n|-heal|p1a: Gholdengo|29\/100|[from] item: Leftovers\n|upkeep\n|turn|10\n|inactive|Spearwinner has 30 seconds left.\n|\n|t:|1684080610\n|move|p2a: Tauros|Aqua Jet|p1b: Grimmsnarl\n|-crit|p1b: Grimmsnarl\n|-damage|p1b: Grimmsnarl|0 fnt\n|faint|p1b: Grimmsnarl\n|move|p2b: Rotom|Thunderbolt|p1a: Gholdengo\n|-supereffective|p1a: Gholdengo\n|-damage|p1a: Gholdengo|0 fnt\n|faint|p1a: Gholdengo\n|\n|win|Yeetawheat\n|c|\u2606Yeetawheat|gg g1!\n|c|\u2606Spearwinner|gg\n|l| SirSmokeVGC\n","uploadtime":1684080967,"views":10,"p1id":"spearwinner","p2id":"yeetawheat","formatid":"gen9vgc2023regulationc","rating":0,"private":0,"password":""}