{"id":"gen9vgc2023regulationc-1847367370","p1":"colonelween","p2":"Hadrian1917","format":"[Gen 9] VGC 2023 Regulation C","log":"|j|\u2606colonelween\n|j|\u2606Hadrian1917\n|t:|1681943144\n|gametype|doubles\n|player|p1|colonelween|turo-ai|1102\n|player|p2|Hadrian1917|brock|1195\n|teamsize|p1|6\n|teamsize|p2|6\n|gen|9\n|tier|[Gen 9] VGC 2023 Regulation C\n|rated|\n|rule|Species Clause: Limit one of each Pok\u00e9mon\n|rule|Item Clause: Limit one of each item\n|clearpoke\n|poke|p1|Baxcalibur, L50, F|\n|poke|p1|Ting-Lu, L50|\n|poke|p1|Arcanine, L50, F|\n|poke|p1|Palafin, L50, M|\n|poke|p1|Flutter Mane, L50|\n|poke|p1|Amoonguss, L50, F|\n|poke|p2|Flutter Mane, L50|\n|poke|p2|Arcanine, L50, M|\n|poke|p2|Baxcalibur, L50, F|\n|poke|p2|Ting-Lu, L50|\n|poke|p2|Gyarados, L50, M|\n|poke|p2|Amoonguss, L50, M|\n|teampreview|4\n|inactive|Battle timer is ON: inactive players will automatically lose when time's up. (requested by colonelween)\n|inactive|colonelween has 60 seconds left.\n|\n|t:|1681943179\n|start\n|switch|p1a: Yellow?|Arcanine, L50, F, shiny|100\/100\n|switch|p1b: Zero|Palafin, L50, M, shiny|100\/100\n|switch|p2a: Arcanine|Arcanine, L50, M|100\/100\n|switch|p2b: Baxcalibur|Baxcalibur, L50, F|100\/100\n|-ability|p2a: Arcanine|Intimidate|boost\n|-unboost|p1a: Yellow?|atk|1\n|-unboost|p1b: Zero|atk|1\n|-ability|p1a: Yellow?|Intimidate|boost\n|-unboost|p2a: Arcanine|atk|1\n|-fail|p2b: Baxcalibur|unboost|[from] item: Clear Amulet|[of] p2b: Baxcalibur\n|turn|1\n|inactive|colonelween has 30 seconds left.\n|inactive|Hadrian1917 has 30 seconds left.\n|inactive|colonelween has 20 seconds left.\n|inactive|Hadrian1917 has 20 seconds left.\n|inactive|Hadrian1917 has 15 seconds left.\n|\n|t:|1681943222\n|detailschange|p1b: Zero|Palafin-Hero, L50, M, shiny\n|switch|p1b: Ming-Mong|Ting-Lu, L50|100\/100\n|-ability|p1b: Ming-Mong|Vessel of Ruin\n|move|p1a: Yellow?|Protect|p1a: Yellow?\n|-singleturn|p1a: Yellow?|Protect\n|move|p2a: Arcanine|Howl|p2a: Arcanine|[spread] p2a,p2b\n|-boost|p2a: Arcanine|atk|1\n|-boost|p2b: Baxcalibur|atk|1\n|move|p2b: Baxcalibur|Icicle Crash|p1b: Ming-Mong\n|-supereffective|p1b: Ming-Mong\n|-damage|p1b: Ming-Mong|7\/100\n|\n|upkeep\n|turn|2\n|inactive|colonelween has 30 seconds left.\n|inactive|Hadrian1917 has 30 seconds left.\n|inactive|colonelween has 20 seconds left.\n|\n|t:|1681943258\n|switch|p1a: Zero|Palafin-Hero, L50, M, shiny|100\/100\n|-activate|p1a: Zero|ability: Zero to Hero\n|move|p2a: Arcanine|Howl|p2a: Arcanine|[spread] p2a,p2b\n|-boost|p2a: Arcanine|atk|1\n|-boost|p2b: Baxcalibur|atk|1\n|move|p2b: Baxcalibur|Icicle Crash|p1a: Zero\n|-resisted|p1a: Zero\n|-damage|p1a: Zero|57\/100\n|move|p1b: Ming-Mong|Fissure|p2b: Baxcalibur\n|-damage|p2b: Baxcalibur|0 fnt\n|faint|p2b: Baxcalibur\n|-ohko\n|\n|upkeep\n|\n|t:|1681943273\n|switch|p2b: Flutter Mane|Flutter Mane, L50|100\/100\n|turn|3\n|inactive|colonelween has 30 seconds left.\n|\n|t:|1681943307\n|-end|p2b: Flutter Mane|Protosynthesis|[silent]\n|switch|p2b: Gyarados|Gyarados, L50, M|100\/100\n|-ability|p2b: Gyarados|Intimidate|boost\n|-unboost|p1a: Zero|atk|1\n|-unboost|p1b: Ming-Mong|atk|1\n|move|p1a: Zero|Protect|p1a: Zero\n|-singleturn|p1a: Zero|Protect\n|move|p2a: Arcanine|Howl|p2a: Arcanine|[spread] p2a,p2b\n|-boost|p2a: Arcanine|atk|1\n|-boost|p2b: Gyarados|atk|1\n|move|p1b: Ming-Mong|Heavy Slam|p2b: Gyarados\n|-resisted|p2b: Gyarados\n|-damage|p2b: Gyarados|95\/100\n|\n|upkeep\n|turn|4\n|inactive|colonelween has 30 seconds left.\n|inactive|Hadrian1917 has 30 seconds left.\n|\n|t:|1681943339\n|move|p2a: Arcanine|Extreme Speed|p1a: Zero\n|-crit|p1a: Zero\n|-damage|p1a: Zero|0 fnt\n|faint|p1a: Zero\n|move|p2b: Gyarados|Waterfall|p1b: Ming-Mong\n|-supereffective|p1b: Ming-Mong\n|-damage|p1b: Ming-Mong|0 fnt\n|faint|p1b: Ming-Mong\n|\n|upkeep\n|\n|t:|1681943350\n|switch|p1a: Yellow?|Arcanine, L50, F, shiny|100\/100\n|switch|p1b: Ol' reliable|Flutter Mane, L50, shiny|100\/100\n|-ability|p1a: Yellow?|Intimidate|boost\n|-unboost|p2a: Arcanine|atk|1\n|-unboost|p2b: Gyarados|atk|1\n|turn|5\n|inactive|colonelween has 30 seconds left.\n|inactive|colonelween has 20 seconds left.\n|inactive|colonelween has 15 seconds left.\n|inactive|colonelween has 10 seconds left.\n|\n|t:|1681943395\n|-terastallize|p1a: Yellow?|Grass\n|move|p1b: Ol' reliable|Dazzling Gleam|p2a: Arcanine|[spread] p2a,p2b\n|-resisted|p2a: Arcanine\n|-damage|p2a: Arcanine|75\/100\n|-damage|p2b: Gyarados|57\/100\n|move|p2a: Arcanine|Howl|p2a: Arcanine|[spread] p2a,p2b\n|-boost|p2a: Arcanine|atk|1\n|-boost|p2b: Gyarados|atk|1\n|move|p1a: Yellow?|Will-O-Wisp|p2b: Gyarados\n|-status|p2b: Gyarados|brn\n|move|p2b: Gyarados|Thunder Wave|p1b: Ol' reliable\n|-status|p1b: Ol' reliable|par\n|\n|-damage|p2b: Gyarados|51\/100 brn|[from] brn\n|upkeep\n|turn|6\n|inactive|Hadrian1917 has 30 seconds left.\n|\n|t:|1681943425\n|move|p1a: Yellow?|Extreme Speed|p2b: Gyarados\n|-damage|p2b: Gyarados|29\/100 brn\n|-enditem|p2b: Gyarados|Sitrus Berry|[eat]\n|-heal|p2b: Gyarados|53\/100 brn|[from] item: Sitrus Berry\n|move|p2a: Arcanine|Flare Blitz|p1a: Yellow?\n|-supereffective|p1a: Yellow?\n|-damage|p1a: Yellow?|0 fnt\n|faint|p1a: Yellow?\n|-damage|p2a: Arcanine|43\/100|[from] Recoil\n|move|p2b: Gyarados|Waterfall|p1b: Ol' reliable\n|-damage|p1b: Ol' reliable|42\/100 par\n|move|p1b: Ol' reliable|Dazzling Gleam|p2b: Gyarados|[spread] p2a,p2b\n|-resisted|p2a: Arcanine\n|-damage|p2a: Arcanine|20\/100\n|-damage|p2b: Gyarados|18\/100 brn\n|\n|-damage|p2b: Gyarados|12\/100 brn|[from] brn\n|upkeep\n|turn|7\n|inactive|colonelween has 30 seconds left.\n|\n|t:|1681943452\n|move|p2a: Arcanine|Flare Blitz|p1b: Ol' reliable\n|-damage|p1b: Ol' reliable|0 fnt\n|faint|p1b: Ol' reliable\n|-end|p1b: Ol' reliable|Protosynthesis|[silent]\n|-damage|p2a: Arcanine|11\/100|[from] Recoil\n|\n|win|Hadrian1917\n|raw|colonelween's rating: 1102 → 1084<\/strong> (-18 for losing)\n|raw|Hadrian1917's rating: 1195 → 1213<\/strong> (+18 for winning)\n","uploadtime":1681943460,"views":5,"p1id":"colonelween","p2id":"hadrian1917","formatid":"gen9vgc2023regulationc","rating":1084,"private":0,"password":""}