{"id":"gen9vgc2023regulationc-1863910725","p1":"WillieDangerously","p2":"dotcubus","format":"[Gen 9] VGC 2023 Regulation C","log":"|j|\u2606WillieDangerously\n|j|\u2606dotcubus\n|t:|1684092309\n|gametype|doubles\n|player|p1|WillieDangerously|psychic-gen4|1223\n|player|p2|dotcubus|guitarist|1186\n|teamsize|p1|6\n|teamsize|p2|6\n|gen|9\n|tier|[Gen 9] VGC 2023 Regulation C\n|rated|\n|rule|Species Clause: Limit one of each Pok\u00e9mon\n|rule|Item Clause: Limit one of each item\n|clearpoke\n|poke|p1|Gholdengo, L50|\n|poke|p1|Wo-Chien, L50|\n|poke|p1|Iron Bundle, L50|\n|poke|p1|Dragapult, L50, M|\n|poke|p1|Hippowdon, L50, F|\n|poke|p1|Glimmora, L50, M|\n|poke|p2|Murkrow, L50, M|\n|poke|p2|Flutter Mane, L50|\n|poke|p2|Great Tusk, L50|\n|poke|p2|Brute Bonnet, L50|\n|poke|p2|Chi-Yu, L50|\n|poke|p2|Gyarados, L50, F|\n|teampreview|4\n|inactive|Battle timer is ON: inactive players will automatically lose when time's up. (requested by dotcubus)\n|inactive|dotcubus has 60 seconds left.\n|inactive|dotcubus has 30 seconds left.\n|inactive|dotcubus has 20 seconds left.\n|inactive|dotcubus has 15 seconds left.\n|inactive|dotcubus has 10 seconds left.\n|\n|t:|1684092392\n|start\n|switch|p1a: Hippowdon|Hippowdon, L50, F|100\/100\n|switch|p1b: Glimmora|Glimmora, L50, M|100\/100\n|switch|p2a: Murkrow|Murkrow, L50, M|100\/100\n|switch|p2b: Flutter Mane|Flutter Mane, L50|100\/100\n|-weather|Sandstorm|[from] ability: Sand Stream|[of] p1a: Hippowdon\n|turn|1\n|inactive|dotcubus has 30 seconds left.\n|inactive|dotcubus has 20 seconds left.\n|inactive|dotcubus has 15 seconds left.\n|inactive|dotcubus has 10 seconds left.\n|\n|t:|1684092439\n|move|p2a: Murkrow|Sunny Day|p2a: Murkrow\n|-weather|SunnyDay\n|-activate|p2b: Flutter Mane|ability: Protosynthesis\n|-start|p2b: Flutter Mane|protosynthesisspa\n|move|p2b: Flutter Mane|Shadow Ball|p1b: Glimmora\n|-damage|p1b: Glimmora|42\/100\n|move|p1b: Glimmora|Power Gem|p2a: Murkrow\n|-supereffective|p2a: Murkrow\n|-damage|p2a: Murkrow|17\/100\n|move|p1a: Hippowdon|Yawn|p2b: Flutter Mane\n|-start|p2b: Flutter Mane|move: Yawn|[of] p1a: Hippowdon\n|\n|-weather|SunnyDay|[upkeep]\n|upkeep\n|turn|2\n|inactive|WillieDangerously has 30 seconds left.\n|inactive|dotcubus has 30 seconds left.\n|inactive|WillieDangerously has 20 seconds left.\n|\n|t:|1684092477\n|switch|p1b: Wo-Chien|Wo-Chien, L50|100\/100\n|-ability|p1b: Wo-Chien|Tablets of Ruin\n|switch|p2a: Great Tusk|Great Tusk, L50|100\/100\n|-activate|p2a: Great Tusk|ability: Protosynthesis\n|-start|p2a: Great Tusk|protosynthesisatk\n|move|p2b: Flutter Mane|Shadow Ball|p1b: Wo-Chien\n|-resisted|p1b: Wo-Chien\n|-damage|p1b: Wo-Chien|72\/100\n|move|p1a: Hippowdon|Sand Tomb|p2b: Flutter Mane\n|-crit|p2b: Flutter Mane\n|-damage|p2b: Flutter Mane|73\/100\n|-activate|p2b: Flutter Mane|move: Sand Tomb|[of] p1a: Hippowdon\n|\n|-weather|SunnyDay|[upkeep]\n|-heal|p1b: Wo-Chien|79\/100|[from] item: Leftovers\n|-damage|p2b: Flutter Mane|61\/100|[from] move: Sand Tomb|[partiallytrapped]\n|-end|p2b: Flutter Mane|move: Yawn|[silent]\n|-status|p2b: Flutter Mane|slp\n|upkeep\n|turn|3\n|inactive|WillieDangerously has 30 seconds left.\n|inactive|dotcubus has 30 seconds left.\n|inactive|WillieDangerously has 20 seconds left.\n|inactive|dotcubus has 20 seconds left.\n|inactive|WillieDangerously has 15 seconds left.\n|inactive|dotcubus has 15 seconds left.\n|inactive|WillieDangerously has 10 seconds left.\n|inactive|dotcubus has 10 seconds left.\n|inactive|WillieDangerously has 5 seconds left.\n|inactive|dotcubus has 5 seconds left.\n|\n|t:|1684092530\n|-terastallize|p1b: Wo-Chien|Poison\n|move|p2a: Great Tusk|Close Combat|p1b: Wo-Chien\n|-resisted|p1b: Wo-Chien\n|-damage|p1b: Wo-Chien|55\/100\n|-unboost|p2a: Great Tusk|def|1\n|-unboost|p2a: Great Tusk|spd|1\n|cant|p2b: Flutter Mane|slp\n|move|p1b: Wo-Chien|Leech Seed|p2b: Flutter Mane|[miss]\n|-miss|p1b: Wo-Chien|p2b: Flutter Mane\n|move|p1a: Hippowdon|Stealth Rock|p2a: Great Tusk\n|-sidestart|p2: dotcubus|move: Stealth Rock\n|\n|-weather|SunnyDay|[upkeep]\n|-heal|p1b: Wo-Chien|61\/100|[from] item: Leftovers\n|-damage|p2b: Flutter Mane|49\/100 slp|[from] move: Sand Tomb|[partiallytrapped]\n|upkeep\n|turn|4\n|inactive|WillieDangerously has 30 seconds left.\n|inactive|dotcubus has 30 seconds left.\n|inactive|dotcubus has 20 seconds left.\n|inactive|dotcubus has 15 seconds left.\n|\n|t:|1684092580\n|-end|p2a: Great Tusk|Protosynthesis|[silent]\n|switch|p2a: Murkrow|Murkrow, L50, M|17\/100\n|-damage|p2a: Murkrow|0 fnt|[from] Stealth Rock\n|faint|p2a: Murkrow\n|switch|p1a: Glimmora|Glimmora, L50, M|42\/100\n|move|p1b: Wo-Chien|Protect|p1b: Wo-Chien\n|-singleturn|p1b: Wo-Chien|Protect\n|cant|p2b: Flutter Mane|slp\n|\n|-weather|SunnyDay|[upkeep]\n|-heal|p1b: Wo-Chien|67\/100|[from] item: Leftovers\n|-end|p2b: Flutter Mane|Sand Tomb|[partiallytrapped]|[silent]\n|upkeep\n|\n|t:|1684092595\n|switch|p2a: Great Tusk|Great Tusk, L50|100\/100\n|-damage|p2a: Great Tusk|98\/100|[from] Stealth Rock\n|-activate|p2a: Great Tusk|ability: Protosynthesis\n|-start|p2a: Great Tusk|protosynthesisatk\n|turn|5\n|inactive|WillieDangerously has 30 seconds left.\n|inactive|dotcubus has 30 seconds left.\n|inactive|dotcubus has 20 seconds left.\n|\n|t:|1684092634\n|switch|p1b: Hippowdon|Hippowdon, L50, F|100\/100\n|-weather|Sandstorm|[from] ability: Sand Stream|[of] p1b: Hippowdon\n|-end|p2a: Great Tusk|Protosynthesis\n|-end|p2b: Flutter Mane|Protosynthesis\n|move|p2a: Great Tusk|Earthquake|p1b: Hippowdon|[spread] p2b,p1a,p1b\n|-supereffective|p1a: Glimmora\n|-damage|p2b: Flutter Mane|0 fnt\n|-damage|p1a: Glimmora|0 fnt\n|-damage|p1b: Hippowdon|71\/100\n|-activate|p1a: Glimmora|ability: Toxic Debris\n|-sidestart|p2: dotcubus|move: Toxic Spikes\n|faint|p2b: Flutter Mane\n|-end|p2b: Flutter Mane|Protosynthesis|[silent]\n|faint|p1a: Glimmora\n|\n|-weather|Sandstorm|[upkeep]\n|upkeep\n|\n|t:|1684092650\n|switch|p2b: Chi-Yu|Chi-Yu, L50|100\/100\n|switch|p1a: Iron Bundle|Iron Bundle, L50|100\/100\n|-damage|p2b: Chi-Yu|76\/100|[from] Stealth Rock\n|-status|p2b: Chi-Yu|psn\n|-ability|p2b: Chi-Yu|Beads of Ruin\n|-enditem|p1a: Iron Bundle|Booster Energy\n|-activate|p1a: Iron Bundle|ability: Quark Drive|[fromitem]\n|-start|p1a: Iron Bundle|quarkdrivespe\n|turn|6\n|\n|t:|1684092670\n|-terastallize|p2a: Great Tusk|Ground\n|move|p2b: Chi-Yu|Protect|p2b: Chi-Yu\n|-singleturn|p2b: Chi-Yu|Protect\n|move|p1b: Hippowdon|Protect|p1b: Hippowdon\n|-singleturn|p1b: Hippowdon|Protect\n|move|p1a: Iron Bundle|Encore|p2a: Great Tusk\n|-start|p2a: Great Tusk|Encore\n|move|p2a: Great Tusk|Earthquake|p1a: Iron Bundle|[spread] p1a\n|-activate|p2b: Chi-Yu|move: Protect\n|-activate|p1b: Hippowdon|move: Protect\n|-damage|p1a: Iron Bundle|39\/100\n|\n|-weather|Sandstorm|[upkeep]\n|-damage|p1a: Iron Bundle|33\/100|[from] Sandstorm\n|-damage|p2b: Chi-Yu|70\/100 psn|[from] Sandstorm\n|-damage|p2b: Chi-Yu|58\/100 psn|[from] psn\n|upkeep\n|turn|7\n|inactive|WillieDangerously has 30 seconds left.\n|inactive|dotcubus has 30 seconds left.\n|\n|t:|1684092703\n|move|p2b: Chi-Yu|Protect||[still]\n|-fail|p2b: Chi-Yu\n|move|p1a: Iron Bundle|Encore|p2b: Chi-Yu\n|-start|p2b: Chi-Yu|Encore\n|move|p2a: Great Tusk|Earthquake|p1a: Iron Bundle|[spread] p2b,p1a,p1b\n|-supereffective|p2b: Chi-Yu\n|-damage|p2b: Chi-Yu|0 fnt\n|-damage|p1a: Iron Bundle|0 fnt\n|-damage|p1b: Hippowdon|31\/100\n|faint|p2b: Chi-Yu\n|faint|p1a: Iron Bundle\n|-end|p1a: Iron Bundle|Quark Drive|[silent]\n|move|p1b: Hippowdon|Sand Tomb|p2a: Great Tusk\n|-damage|p2a: Great Tusk|88\/100\n|-activate|p2a: Great Tusk|move: Sand Tomb|[of] p1b: Hippowdon\n|\n|-weather|Sandstorm|[upkeep]\n|-damage|p2a: Great Tusk|76\/100|[from] move: Sand Tomb|[partiallytrapped]\n|upkeep\n|\n|t:|1684092719\n|switch|p1a: Wo-Chien|Wo-Chien, L50, tera:Poison|67\/100\n|-ability|p1a: Wo-Chien|Tablets of Ruin\n|turn|8\n|\n|t:|1684092728\n|move|p1a: Wo-Chien|Protect|p1a: Wo-Chien\n|-singleturn|p1a: Wo-Chien|Protect\n|move|p2a: Great Tusk|Earthquake|p1b: Hippowdon|[spread] p1b\n|-activate|p1a: Wo-Chien|move: Protect\n|-damage|p1b: Hippowdon|2\/100\n|-enditem|p1b: Hippowdon|Mago Berry|[eat]\n|-heal|p1b: Hippowdon|35\/100|[from] item: Mago Berry\n|move|p1b: Hippowdon|Yawn|p2a: Great Tusk\n|-start|p2a: Great Tusk|move: Yawn|[of] p1b: Hippowdon\n|\n|-weather|Sandstorm|[upkeep]\n|-damage|p1a: Wo-Chien|61\/100|[from] Sandstorm\n|-heal|p1a: Wo-Chien|67\/100|[from] item: Leftovers\n|-damage|p2a: Great Tusk|64\/100|[from] move: Sand Tomb|[partiallytrapped]\n|-end|p2a: Great Tusk|Encore\n|upkeep\n|turn|9\n|inactive|WillieDangerously has 30 seconds left.\n|\n|t:|1684092759\n|move|p2a: Great Tusk|Earthquake|p1b: Hippowdon|[spread] p1a,p1b\n|-supereffective|p1a: Wo-Chien\n|-damage|p1a: Wo-Chien|0 fnt\n|-damage|p1b: Hippowdon|3\/100\n|faint|p1a: Wo-Chien\n|move|p1b: Hippowdon|Sand Tomb|p2a: Great Tusk\n|-damage|p2a: Great Tusk|53\/100\n|\n|-weather|none\n|-damage|p2a: Great Tusk|41\/100|[from] move: Sand Tomb|[partiallytrapped]\n|-end|p2a: Great Tusk|move: Yawn|[silent]\n|-status|p2a: Great Tusk|slp\n|upkeep\n|turn|10\n|\n|t:|1684092773\n|cant|p2a: Great Tusk|slp\n|move|p1b: Hippowdon|Sand Tomb|p2a: Great Tusk\n|-damage|p2a: Great Tusk|31\/100 slp\n|\n|-damage|p2a: Great Tusk|19\/100 slp|[from] move: Sand Tomb|[partiallytrapped]\n|upkeep\n|turn|11\n|\n|t:|1684092781\n|-curestatus|p2a: Great Tusk|slp|[msg]\n|move|p2a: Great Tusk|Earthquake|p1b: Hippowdon\n|-damage|p1b: Hippowdon|0 fnt\n|faint|p1b: Hippowdon\n|\n|win|dotcubus\n|raw|WillieDangerously's rating: 1223 → 1195<\/strong> (-28 for losing)\n|raw|dotcubus's rating: 1186 → 1214<\/strong> (+28 for winning)\n|l|\u2606WillieDangerously\n","uploadtime":1684092784,"views":4,"p1id":"williedangerously","p2id":"dotcubus","formatid":"gen9vgc2023regulationc","rating":1195,"private":0,"password":""}