{"id":"gen9vgc2023regulationc-1845632184","p1":"Tears tears","p2":"fo50","format":"[Gen 9] VGC 2023 Regulation C","log":"|j|\u2606Tears tears\n|j|\u2606fo50\n|t:|1681751049\n|gametype|doubles\n|player|p1|Tears tears|steven|1172\n|player|p2|fo50|169|1095\n|teamsize|p1|6\n|teamsize|p2|6\n|gen|9\n|tier|[Gen 9] VGC 2023 Regulation C\n|rated|\n|rule|Species Clause: Limit one of each Pok\u00e9mon\n|rule|Item Clause: Limit one of each item\n|clearpoke\n|poke|p1|Annihilape, L50, M|\n|poke|p1|Arcanine, L50, F|\n|poke|p1|Lycanroc-Dusk, L50, M|\n|poke|p1|Amoonguss, L50, F|\n|poke|p1|Dondozo, L50, F|\n|poke|p1|Tatsugiri-Droopy, L50, M|\n|poke|p2|Scovillain, L50, M|\n|poke|p2|Dragonite, L50, F|\n|poke|p2|Tinkaton, L50, F|\n|poke|p2|Amoonguss, L50, M|\n|poke|p2|Torkoal, L50, M|\n|poke|p2|Scizor, L50, M|\n|teampreview|4\n|inactive|Battle timer is ON: inactive players will automatically lose when time's up. (requested by Tears tears)\n|\n|t:|1681751076\n|start\n|switch|p1a: Lycanroc|Lycanroc-Dusk, L50, M|100\/100\n|switch|p1b: Arcanine|Arcanine, L50, F|100\/100\n|switch|p2a: Scizor|Scizor, L50, M|100\/100\n|switch|p2b: Tinkaton|Tinkaton, L50, F|100\/100\n|-ability|p1b: Arcanine|Intimidate|boost\n|-unboost|p2a: Scizor|atk|1\n|-fail|p2b: Tinkaton|unboost|Attack|[from] ability: Own Tempo|[of] p2b: Tinkaton\n|turn|1\n|inactive|fo50 has 30 seconds left.\n|\n|t:|1681751103\n|switch|p2a: Torkoal|Torkoal, L50, M|100\/100\n|-weather|SunnyDay|[from] ability: Drought|[of] p2a: Torkoal\n|-item|p2a: Torkoal|Air Balloon\n|move|p2b: Tinkaton|Fake Out|p1b: Arcanine\n|-damage|p1b: Arcanine|93\/100\n|-damage|p2b: Tinkaton|84\/100|[from] item: Rocky Helmet|[of] p1b: Arcanine\n|move|p1a: Lycanroc|Drill Run|p2b: Tinkaton\n|-supereffective|p2b: Tinkaton\n|-damage|p2b: Tinkaton|0 fnt\n|faint|p2b: Tinkaton\n|cant|p1b: Arcanine|flinch\n|\n|-weather|SunnyDay|[upkeep]\n|upkeep\n|\n|t:|1681751120\n|switch|p2b: Scovillain|Scovillain, L50, M|100\/100\n|turn|2\n|\n|t:|1681751138\n|move|p1b: Arcanine|Extreme Speed|p2b: Scovillain\n|-crit|p2b: Scovillain\n|-damage|p2b: Scovillain|32\/100\n|move|p2b: Scovillain|Solar Beam||[still]\n|-prepare|p2b: Scovillain|Solar Beam\n|-anim|p2b: Scovillain|Solar Beam|p1a: Lycanroc\n|-supereffective|p1a: Lycanroc\n|-damage|p1a: Lycanroc|0 fnt\n|faint|p1a: Lycanroc\n|-damage|p2b: Scovillain|22\/100|[from] item: Life Orb\n|move|p2a: Torkoal|Yawn|p1b: Arcanine\n|-start|p1b: Arcanine|move: Yawn|[of] p2a: Torkoal\n|\n|-weather|SunnyDay|[upkeep]\n|upkeep\n|\n|t:|1681751148\n|switch|p1a: Dondozo|Dondozo, L50, F|100\/100\n|turn|3\n|\n|t:|1681751160\n|move|p2b: Scovillain|Protect|p2b: Scovillain\n|-singleturn|p2b: Scovillain|Protect\n|move|p2a: Torkoal|Protect|p2a: Torkoal\n|-singleturn|p2a: Torkoal|Protect\n|move|p1b: Arcanine|Extreme Speed|p2b: Scovillain\n|-activate|p2b: Scovillain|move: Protect\n|move|p1a: Dondozo|Substitute|p1a: Dondozo\n|-start|p1a: Dondozo|Substitute\n|-damage|p1a: Dondozo|75\/100\n|\n|-weather|SunnyDay|[upkeep]\n|-heal|p1a: Dondozo|82\/100|[from] item: Leftovers\n|-end|p1b: Arcanine|move: Yawn|[silent]\n|-status|p1b: Arcanine|slp\n|upkeep\n|turn|4\n|inactive|fo50 has 30 seconds left.\n|\n|t:|1681751187\n|cant|p1b: Arcanine|slp\n|move|p2b: Scovillain|Solar Beam||[still]\n|-prepare|p2b: Scovillain|Solar Beam\n|-anim|p2b: Scovillain|Solar Beam|p1a: Dondozo\n|-supereffective|p1a: Dondozo\n|-end|p1a: Dondozo|Substitute\n|-damage|p2b: Scovillain|12\/100|[from] item: Life Orb\n|move|p1a: Dondozo|Liquidation|p2b: Scovillain\n|-damage|p2b: Scovillain|0 fnt\n|faint|p2b: Scovillain\n|move|p2a: Torkoal|Yawn|p1a: Dondozo\n|-start|p1a: Dondozo|move: Yawn|[of] p2a: Torkoal\n|\n|-weather|SunnyDay|[upkeep]\n|-heal|p1a: Dondozo|88\/100|[from] item: Leftovers\n|upkeep\n|\n|t:|1681751204\n|switch|p2b: Scizor|Scizor, L50, M|100\/100\n|turn|5\n|\n|t:|1681751212\n|switch|p1a: Tatsugiri|Tatsugiri-Droopy, L50, M, shiny|100\/100\n|move|p2a: Torkoal|Protect|p2a: Torkoal\n|-singleturn|p2a: Torkoal|Protect\n|cant|p1b: Arcanine|slp\n|move|p2b: Scizor|Swords Dance|p2b: Scizor\n|-boost|p2b: Scizor|atk|2\n|\n|-weather|none\n|upkeep\n|turn|6\n|inactive|fo50 has 30 seconds left.\n|\n|t:|1681751238\n|cant|p1b: Arcanine|slp\n|move|p1a: Tatsugiri|Hydro Pump|p2a: Torkoal|[miss]\n|-miss|p1a: Tatsugiri|p2a: Torkoal\n|move|p2b: Scizor|Pounce|p1b: Arcanine\n|-resisted|p1b: Arcanine\n|-damage|p1b: Arcanine|50\/100 slp\n|-unboost|p1b: Arcanine|spe|1\n|-damage|p2b: Scizor|84\/100|[from] item: Rocky Helmet|[of] p1b: Arcanine\n|move|p2a: Torkoal|Yawn||[still]\n|-fail|p2a: Torkoal\n|\n|upkeep\n|turn|7\n|\n|t:|1681751262\n|move|p2a: Torkoal|Protect|p2a: Torkoal\n|-singleturn|p2a: Torkoal|Protect\n|move|p1a: Tatsugiri|Hydro Pump|p2a: Torkoal\n|-activate|p2a: Torkoal|move: Protect\n|move|p2b: Scizor|Pounce|p1a: Tatsugiri\n|-damage|p1a: Tatsugiri|0 fnt\n|faint|p1a: Tatsugiri\n|-curestatus|p1b: Arcanine|slp|[msg]\n|move|p1b: Arcanine|Flare Blitz|p2b: Scizor\n|-supereffective|p2b: Scizor\n|-damage|p2b: Scizor|0 fnt\n|faint|p2b: Scizor\n|-damage|p1b: Arcanine|29\/100|[from] Recoil\n|\n|upkeep\n|\n|t:|1681751275\n|switch|p1a: Dondozo|Dondozo, L50, F|88\/100\n|turn|8\n|\n|t:|1681751289\n|move|p1b: Arcanine|Extreme Speed|p2a: Torkoal\n|-damage|p2a: Torkoal|85\/100\n|-enditem|p2a: Torkoal|Air Balloon\n|move|p1a: Dondozo|Substitute|p1a: Dondozo\n|-start|p1a: Dondozo|Substitute\n|-damage|p1a: Dondozo|63\/100\n|move|p2a: Torkoal|Yawn||[still]\n|-fail|p2a: Torkoal\n|\n|-heal|p1a: Dondozo|69\/100|[from] item: Leftovers\n|upkeep\n|turn|9\n|\n|t:|1681751303\n|move|p2a: Torkoal|Protect|p2a: Torkoal\n|-singleturn|p2a: Torkoal|Protect\n|move|p1b: Arcanine|Extreme Speed|p2a: Torkoal\n|-activate|p2a: Torkoal|move: Protect\n|move|p1a: Dondozo|Liquidation|p2a: Torkoal\n|-activate|p2a: Torkoal|move: Protect\n|\n|-heal|p1a: Dondozo|75\/100|[from] item: Leftovers\n|upkeep\n|turn|10\n|\n|t:|1681751324\n|-terastallize|p2a: Torkoal|Ground\n|move|p1b: Arcanine|Extreme Speed|p2a: Torkoal\n|-damage|p2a: Torkoal|67\/100\n|move|p1a: Dondozo|Liquidation|p2a: Torkoal\n|-supereffective|p2a: Torkoal\n|-damage|p2a: Torkoal|20\/100\n|-unboost|p2a: Torkoal|def|1\n|move|p2a: Torkoal|Earth Power|p1b: Arcanine\n|-supereffective|p1b: Arcanine\n|-damage|p1b: Arcanine|0 fnt\n|faint|p1b: Arcanine\n|\n|-heal|p1a: Dondozo|81\/100|[from] item: Leftovers\n|upkeep\n|turn|11\n|\n|t:|1681751345\n|move|p1a: Dondozo|Liquidation|p2a: Torkoal\n|-supereffective|p2a: Torkoal\n|-damage|p2a: Torkoal|0 fnt\n|faint|p2a: Torkoal\n|\n|win|Tears tears\n|raw|Tears tears's rating: 1172 → 1192<\/strong> (+20 for winning)\n|raw|fo50's rating: 1095 → 1076<\/strong> (-19 for losing)\n|l|\u2606Tears tears\n","uploadtime":1681751353,"views":67,"p1id":"tearstears","p2id":"fo50","formatid":"gen9vgc2023regulationc","rating":1076,"private":0,"password":""}