{"id":"gen9vgc2023regulationc-1850768219","p1":"snowf4ll","p2":"Missed Ledgedash","format":"[Gen 9] VGC 2023 Regulation C","log":"|j|\u2606snowf4ll\n|j|\u2606Missed Ledgedash\n|t:|1682366056\n|gametype|doubles\n|player|p1|snowf4ll|acetrainerf-gen4dp|1244\n|player|p2|Missed Ledgedash|hilda|1341\n|teamsize|p1|6\n|teamsize|p2|6\n|gen|9\n|tier|[Gen 9] VGC 2023 Regulation C\n|rated|\n|rule|Species Clause: Limit one of each Pok\u00e9mon\n|rule|Item Clause: Limit one of each item\n|clearpoke\n|poke|p1|Arcanine, L50, M|\n|poke|p1|Amoonguss, L50, F|\n|poke|p1|Glimmora, L50, F|\n|poke|p1|Annihilape, L50, M|\n|poke|p1|Iron Bundle, L50|\n|poke|p1|Maushold, L50|\n|poke|p2|Flutter Mane, L50|\n|poke|p2|Arcanine, L50, F|\n|poke|p2|Amoonguss, L50, M|\n|poke|p2|Palafin, L50, M|\n|poke|p2|Corviknight, L50, F|\n|poke|p2|Iron Hands, L50|\n|teampreview|4\n|inactive|Battle timer is ON: inactive players will automatically lose when time's up. (requested by snowf4ll)\nMissed Ledgedash has agreed to open team sheets.\n|inactive|Missed Ledgedash has 60 seconds left.\n|\n|t:|1682366107\n|start\n|switch|p1a: Maushold|Maushold, L50|100\/100\n|switch|p1b: Glimmora|Glimmora, L50, F|100\/100\n|switch|p2a: Iron Hands|Iron Hands, L50|100\/100\n|switch|p2b: Palafin|Palafin, L50, M|100\/100\n|turn|1\n|\n|t:|1682366128\n|move|p1a: Maushold|Follow Me|p1a: Maushold\n|-singleturn|p1a: Maushold|move: Follow Me\n|move|p2b: Palafin|Jet Punch|p1a: Maushold\n|-damage|p1a: Maushold|73\/100\n|move|p1b: Glimmora|Energy Ball|p2b: Palafin\n|-supereffective|p2b: Palafin\n|-damage|p2b: Palafin|24\/100\n|move|p2a: Iron Hands|Heavy Slam|p1a: Maushold\n|-damage|p1a: Maushold|30\/100\n|\n|upkeep\n|turn|2\n|\n|t:|1682366143\n|detailschange|p2b: Palafin|Palafin-Hero, L50, M\n|switch|p2b: Corviknight|Corviknight, L50, F|100\/100\n|move|p1a: Maushold|Feint|p2b: Corviknight\n|-resisted|p2b: Corviknight\n|-damage|p2b: Corviknight|98\/100\n|move|p1b: Glimmora|Power Gem|p2b: Corviknight\n|-damage|p2b: Corviknight|52\/100\n|move|p2a: Iron Hands|Drain Punch|p1a: Maushold\n|-supereffective|p1a: Maushold\n|-crit|p1a: Maushold\n|-damage|p1a: Maushold|0 fnt\n|faint|p1a: Maushold\n|\n|-heal|p2b: Corviknight|58\/100|[from] item: Leftovers\n|upkeep\n|inactive|snowf4ll has 30 seconds left.\n|\n|t:|1682366171\n|switch|p1a: Amoonguss|Amoonguss, L50, F|100\/100\n|turn|3\n|\n|t:|1682366187\n|move|p1a: Amoonguss|Protect|p1a: Amoonguss\n|-singleturn|p1a: Amoonguss|Protect\n|move|p1b: Glimmora|Mortal Spin|p2b: Corviknight|[spread] p2a\n|-immune|p2b: Corviknight\n|-crit|p2a: Iron Hands\n|-damage|p2a: Iron Hands|96\/100\n|-status|p2a: Iron Hands|psn\n|move|p2b: Corviknight|Substitute|p2b: Corviknight\n|-start|p2b: Corviknight|Substitute\n|-damage|p2b: Corviknight|33\/100\n|move|p2a: Iron Hands|Heavy Slam|p1b: Glimmora\n|-supereffective|p1b: Glimmora\n|-damage|p1b: Glimmora|10\/100\n|-activate|p1b: Glimmora|ability: Toxic Debris\n|-sidestart|p2: Missed Ledgedash|move: Toxic Spikes\n|\n|-heal|p2b: Corviknight|39\/100|[from] item: Leftovers\n|-damage|p2a: Iron Hands|83\/100 psn|[from] psn\n|upkeep\n|turn|4\n|\n|t:|1682366207\n|switch|p1a: Annihilape|Annihilape, L50, M|100\/100\n|move|p1b: Glimmora|Power Gem|p2b: Corviknight\n|-end|p2b: Corviknight|Substitute\n|move|p2b: Corviknight|Roost|p2b: Corviknight\n|-heal|p2b: Corviknight|90\/100\n|-singleturn|p2b: Corviknight|move: Roost\n|move|p2a: Iron Hands|Drain Punch|p1b: Glimmora\n|-damage|p1b: Glimmora|0 fnt\n|-heal|p2a: Iron Hands|87\/100 psn|[from] drain|[of] p1b: Glimmora\n|-activate|p1b: Glimmora|ability: Toxic Debris\n|-sidestart|p2: Missed Ledgedash|move: Toxic Spikes\n|faint|p1b: Glimmora\n|\n|-heal|p2b: Corviknight|96\/100|[from] item: Leftovers\n|-damage|p2a: Iron Hands|74\/100 psn|[from] psn\n|upkeep\n|\n|t:|1682366224\n|switch|p1b: Amoonguss|Amoonguss, L50, F|100\/100\n|turn|5\n|inactive|Missed Ledgedash has 30 seconds left.\n|\n|t:|1682366254\n|move|p1a: Annihilape|Bulk Up|p1a: Annihilape\n|-boost|p1a: Annihilape|atk|1\n|-boost|p1a: Annihilape|def|1\n|move|p2b: Corviknight|Substitute|p2b: Corviknight\n|-start|p2b: Corviknight|Substitute\n|-damage|p2b: Corviknight|71\/100\n|move|p2a: Iron Hands|Heavy Slam|p1b: Amoonguss\n|-damage|p1b: Amoonguss|58\/100\n|-damage|p2a: Iron Hands|58\/100 psn|[from] item: Rocky Helmet|[of] p1b: Amoonguss\n|move|p1b: Amoonguss|Spore||[still]\n|-fail|p1b: Amoonguss\n|\n|-heal|p2b: Corviknight|77\/100|[from] item: Leftovers\n|-damage|p2a: Iron Hands|45\/100 psn|[from] psn\n|upkeep\n|turn|6\n|inactive|Missed Ledgedash has 30 seconds left.\n|\n|t:|1682366280\n|move|p1b: Amoonguss|Protect|p1b: Amoonguss\n|-singleturn|p1b: Amoonguss|Protect\n|move|p1a: Annihilape|Rage Fist|p2b: Corviknight\n|-activate|p2b: Corviknight|move: Substitute|[damage]\n|move|p2b: Corviknight|Bulk Up|p2b: Corviknight\n|-boost|p2b: Corviknight|atk|1\n|-boost|p2b: Corviknight|def|1\n|move|p2a: Iron Hands|Heavy Slam|p1b: Amoonguss\n|-activate|p1b: Amoonguss|move: Protect\n|\n|-heal|p2b: Corviknight|83\/100|[from] item: Leftovers\n|-damage|p2a: Iron Hands|33\/100 psn|[from] psn\n|upkeep\n|turn|7\n|\n|t:|1682366302\n|move|p1a: Annihilape|Bulk Up|p1a: Annihilape\n|-boost|p1a: Annihilape|atk|1\n|-boost|p1a: Annihilape|def|1\n|move|p2b: Corviknight|Substitute|p2b: Corviknight\n|-fail|p2b: Corviknight|move: Substitute\n|move|p2a: Iron Hands|Heavy Slam|p1b: Amoonguss\n|-crit|p1b: Amoonguss\n|-damage|p1b: Amoonguss|0 fnt\n|-damage|p2a: Iron Hands|16\/100 psn|[from] item: Rocky Helmet|[of] p1b: Amoonguss\n|faint|p1b: Amoonguss\n|\n|-heal|p2b: Corviknight|89\/100|[from] item: Leftovers\n|-damage|p2a: Iron Hands|4\/100 psn|[from] psn\n|upkeep\n|turn|8\n|\n|t:|1682366323\n|move|p2a: Iron Hands|Fake Out||[still]\n|-hint|Fake Out only works on your first turn out.\n|-fail|p2a: Iron Hands\n|move|p1a: Annihilape|Rage Fist|p2b: Corviknight\n|-end|p2b: Corviknight|Substitute\n|move|p2b: Corviknight|Bulk Up|p2b: Corviknight\n|-boost|p2b: Corviknight|atk|1\n|-boost|p2b: Corviknight|def|1\n|\n|-heal|p2b: Corviknight|95\/100|[from] item: Leftovers\n|-damage|p2a: Iron Hands|0 fnt|[from] psn\n|faint|p2a: Iron Hands\n|-end|p2a: Iron Hands|Quark Drive|[silent]\n|upkeep\n|\n|t:|1682366332\n|switch|p2a: Palafin|Palafin-Hero, L50, M|24\/100\n|-status|p2a: Palafin|tox\n|-activate|p2a: Palafin|ability: Zero to Hero\n|turn|9\n|\n|t:|1682366342\n|-terastallize|p2a: Palafin|Water\n|move|p1a: Annihilape|Rage Fist|p2b: Corviknight\n|-damage|p2b: Corviknight|78\/100\n|move|p2a: Palafin|Wave Crash|p1a: Annihilape\n|-damage|p1a: Annihilape|46\/100\n|-damage|p2a: Palafin|5\/100 tox|[from] Recoil\n|move|p2b: Corviknight|Brave Bird|p1a: Annihilape\n|-supereffective|p1a: Annihilape\n|-damage|p1a: Annihilape|0 fnt\n|faint|p1a: Annihilape\n|-damage|p2b: Corviknight|61\/100|[from] Recoil\n|\n|win|Missed Ledgedash\n|raw|snowf4ll's rating: 1244 → 1226<\/strong> (-18 for losing)\n|raw|Missed Ledgedash's rating: 1341 → 1356<\/strong> (+15 for winning)\n|l|\u2606snowf4ll\n|l|\u2606Missed Ledgedash\n|j|\u2606Missed Ledgedash\n|player|p2|Missed Ledgedash|hilda\n","uploadtime":1682366389,"views":12,"p1id":"snowf4ll","p2id":"missedledgedash","formatid":"gen9vgc2023regulationc","rating":1226,"private":0,"password":""}