{"id":"gen9vgc2023regulationc-1848128178","p1":"t43tearg","p2":"MrNeilMcPotato","format":"[Gen 9] VGC 2023 Regulation C","log":"|j|\u2606t43tearg\n|j|\u2606MrNeilMcPotato\n|t:|1682032970\n|gametype|doubles\n|player|p1|t43tearg|266|1079\n|player|p2|MrNeilMcPotato|2|1124\n|teamsize|p1|6\n|teamsize|p2|6\n|gen|9\n|tier|[Gen 9] VGC 2023 Regulation C\n|rated|\n|rule|Species Clause: Limit one of each Pok\u00e9mon\n|rule|Item Clause: Limit one of each item\n|clearpoke\n|poke|p1|Palafin, L50, M|\n|poke|p1|Arcanine, L50, M|\n|poke|p1|Gholdengo, L50|\n|poke|p1|Ting-Lu, L50|\n|poke|p1|Dragonite, L50, F|\n|poke|p1|Amoonguss, L50, F|\n|poke|p2|Baxcalibur, L50, F|\n|poke|p2|Abomasnow, L50, F|\n|poke|p2|Chien-Pao, L50|\n|poke|p2|Palafin, L50, F|\n|poke|p2|Gholdengo, L50|\n|poke|p2|Maushold, L50|\n|teampreview|4\n|inactive|Battle timer is ON: inactive players will automatically lose when time's up. (requested by t43tearg)\n|inactive|MrNeilMcPotato has 60 seconds left.\n|inactive|MrNeilMcPotato has 30 seconds left.\n|inactive|MrNeilMcPotato has 20 seconds left.\n|inactive|MrNeilMcPotato has 15 seconds left.\n|inactive|MrNeilMcPotato has 10 seconds left.\n|\n|t:|1682033087\n|start\n|switch|p1a: Palafin|Palafin, L50, M|100\/100\n|switch|p1b: Gholdengo|Gholdengo, L50|100\/100\n|switch|p2a: Baxcalibur|Baxcalibur, L50, F|100\/100\n|switch|p2b: Palafin|Palafin, L50, F|100\/100\n|turn|1\n|inactive|MrNeilMcPotato has 30 seconds left.\n|inactive|MrNeilMcPotato has 20 seconds left.\n|inactive|MrNeilMcPotato has 15 seconds left.\n|\n|t:|1682033128\n|detailschange|p2b: Palafin|Palafin-Hero, L50, F\n|switch|p2b: Abomasnow|Abomasnow, L50, F|100\/100\n|-weather|Snow|[from] ability: Snow Warning|[of] p2b: Abomasnow\n|detailschange|p1a: Palafin|Palafin-Hero, L50, M\n|switch|p1a: Arcanine|Arcanine, L50, M|100\/100\n|-ability|p1a: Arcanine|Intimidate|boost\n|-fail|p2a: Baxcalibur|unboost|[from] item: Clear Amulet|[of] p2a: Baxcalibur\n|-unboost|p2b: Abomasnow|atk|1\n|move|p2a: Baxcalibur|Protect|p2a: Baxcalibur\n|-singleturn|p2a: Baxcalibur|Protect\n|move|p1b: Gholdengo|Make It Rain|p2a: Baxcalibur|[spread] p2b\n|-activate|p2a: Baxcalibur|move: Protect\n|-supereffective|p2b: Abomasnow\n|-damage|p2b: Abomasnow|0 fnt\n|-unboost|p1b: Gholdengo|spa|1\n|faint|p2b: Abomasnow\n|\n|-weather|Snow|[upkeep]\n|upkeep\n|inactive|MrNeilMcPotato has 30 seconds left.\n|\n|t:|1682033154\n|switch|p2b: Palafin|Palafin-Hero, L50, F|100\/100\n|-activate|p2b: Palafin|ability: Zero to Hero\n|turn|2\n|inactive|t43tearg has 30 seconds left.\n|inactive|MrNeilMcPotato has 30 seconds left.\n|inactive|MrNeilMcPotato has 20 seconds left.\n|inactive|MrNeilMcPotato has 15 seconds left.\n|inactive|MrNeilMcPotato has 10 seconds left.\n|inactive|MrNeilMcPotato has 5 seconds left.\n|inactive|t43tearg has 20 seconds left.\n|\n|t:|1682033214\n|switch|p1a: Palafin|Palafin-Hero, L50, M|100\/100\n|-activate|p1a: Palafin|ability: Zero to Hero\n|-terastallize|p2a: Baxcalibur|Water\n|move|p2b: Palafin|Protect|p2b: Palafin\n|-singleturn|p2b: Palafin|Protect\n|move|p1b: Gholdengo|Make It Rain|p2b: Palafin|[spread] p2a\n|-activate|p2b: Palafin|move: Protect\n|-resisted|p2a: Baxcalibur\n|-damage|p2a: Baxcalibur|78\/100\n|-unboost|p1b: Gholdengo|spa|1\n|move|p2a: Baxcalibur|Dragon Dance|p2a: Baxcalibur\n|-boost|p2a: Baxcalibur|atk|1\n|-boost|p2a: Baxcalibur|spe|1\n|\n|-weather|Snow|[upkeep]\n|upkeep\n|turn|3\n|inactive|MrNeilMcPotato has 30 seconds left.\n|inactive|MrNeilMcPotato has 20 seconds left.\n|\n|t:|1682033253\n|switch|p1b: Arcanine|Arcanine, L50, M|100\/100\n|-ability|p1b: Arcanine|Intimidate|boost\n|-fail|p2a: Baxcalibur|unboost|[from] item: Clear Amulet|[of] p2a: Baxcalibur\n|-unboost|p2b: Palafin|atk|1\n|move|p2a: Baxcalibur|Icicle Crash|p1a: Palafin\n|-resisted|p1a: Palafin\n|-damage|p1a: Palafin|71\/100\n|move|p2b: Palafin|Wave Crash|p1a: Palafin\n|-resisted|p1a: Palafin\n|-damage|p1a: Palafin|44\/100\n|-damage|p2b: Palafin|91\/100|[from] Recoil\n|move|p1a: Palafin|Haze|p1a: Palafin\n|-clearallboost\n|\n|-weather|Snow|[upkeep]\n|upkeep\n|turn|4\n|inactive|t43tearg has 30 seconds left.\n|inactive|MrNeilMcPotato has 30 seconds left.\n|inactive|MrNeilMcPotato has 20 seconds left.\n|inactive|MrNeilMcPotato has 15 seconds left.\n|inactive|MrNeilMcPotato has 10 seconds left.\n|\n|t:|1682033301\n|switch|p1a: Gholdengo|Gholdengo, L50|100\/100\n|move|p1b: Arcanine|Protect|p1b: Arcanine\n|-singleturn|p1b: Arcanine|Protect\n|move|p2b: Palafin|Jet Punch|p1b: Arcanine\n|-activate|p1b: Arcanine|move: Protect\n|move|p2a: Baxcalibur|Tera Blast|p1b: Arcanine\n|-activate|p1b: Arcanine|move: Protect\n|\n|-weather|Snow|[upkeep]\n|upkeep\n|turn|5\n|inactive|MrNeilMcPotato has 30 seconds left.\n|\n|t:|1682033330\n|switch|p1b: Palafin|Palafin-Hero, L50, M|44\/100\n|-terastallize|p1a: Gholdengo|Electric\n|move|p1a: Gholdengo|Tera Blast|p2b: Palafin\n|-supereffective|p2b: Palafin\n|-damage|p2b: Palafin|0 fnt\n|faint|p2b: Palafin\n|move|p2a: Baxcalibur|Tera Blast|p1a: Gholdengo\n|-damage|p1a: Gholdengo|44\/100\n|\n|-weather|none\n|upkeep\n|\n|t:|1682033341\n|switch|p2b: Chien-Pao|Chien-Pao, L50|100\/100\n|-ability|p2b: Chien-Pao|Sword of Ruin\n|turn|6\n|inactive|MrNeilMcPotato has 30 seconds left.\n|\n|t:|1682033370\n|move|p2a: Baxcalibur|Protect|p2a: Baxcalibur\n|-singleturn|p2a: Baxcalibur|Protect\n|move|p2b: Chien-Pao|Night Slash|p1a: Gholdengo\n|-damage|p1a: Gholdengo|0 fnt\n|faint|p1a: Gholdengo\n|move|p1b: Palafin|Wave Crash|p2b: Chien-Pao\n|-enditem|p2b: Chien-Pao|Focus Sash\n|-damage|p2b: Chien-Pao|1\/100\n|-damage|p1b: Palafin|19\/100|[from] Recoil\n|\n|upkeep\n|\n|t:|1682033389\n|switch|p1a: Arcanine|Arcanine, L50, M|100\/100\n|-ability|p1a: Arcanine|Intimidate|boost\n|-fail|p2a: Baxcalibur|unboost|[from] item: Clear Amulet|[of] p2a: Baxcalibur\n|-unboost|p2b: Chien-Pao|atk|1\n|turn|7\n|\n|t:|1682033409\n|move|p1a: Arcanine|Protect|p1a: Arcanine\n|-singleturn|p1a: Arcanine|Protect\n|move|p2b: Chien-Pao|Ice Shard|p1b: Palafin\n|-resisted|p1b: Palafin\n|-crit|p1b: Palafin\n|-damage|p1b: Palafin|0 fnt\n|faint|p1b: Palafin\n|move|p2a: Baxcalibur|Dragon Dance|p2a: Baxcalibur\n|-boost|p2a: Baxcalibur|atk|1\n|-boost|p2a: Baxcalibur|spe|1\n|\n|upkeep\n|-message|t43tearg forfeited.\n|\n|win|MrNeilMcPotato\n|raw|t43tearg's rating: 1079 → 1060<\/strong> (-19 for losing)\n|raw|MrNeilMcPotato's rating: 1124 → 1146<\/strong> (+22 for winning)\n|l|\u2606t43tearg\n","uploadtime":1682033440,"views":7,"p1id":"t43tearg","p2id":"mrneilmcpotato","formatid":"gen9vgc2023regulationc","rating":1060,"private":0,"password":""}