{"id":"gen9vgc2023regulationc-1855590703","p1":"SukItPhagz","p2":"Topical Rainstorm","format":"[Gen 9] VGC 2023 Regulation C","log":"|j|\u2606SukItPhagz\n|j|\u2606Topical Rainstorm\n|t:|1682964657\n|gametype|doubles\n|player|p1|SukItPhagz|rancher|1134\n|player|p2|Topical Rainstorm|zinzolin|1026\n|teamsize|p1|6\n|teamsize|p2|6\n|gen|9\n|tier|[Gen 9] VGC 2023 Regulation C\n|rated|\n|rule|Species Clause: Limit one of each Pok\u00e9mon\n|rule|Item Clause: Limit one of each item\n|clearpoke\n|poke|p1|Heracross, L50, F|\n|poke|p1|Electrode, L50|\n|poke|p1|Primeape, L50, F|\n|poke|p1|Glalie, L50, M|\n|poke|p1|Meowscarada, L50, F|\n|poke|p1|Gyarados, L50, F|\n|poke|p2|Krookodile, L50, M|\n|poke|p2|Cryogonal, L50|\n|poke|p2|Flamigo, L50, F|\n|poke|p2|Gastrodon, L50, M|\n|poke|p2|Iron Bundle, L50|\n|poke|p2|Chi-Yu, L50|\n|teampreview|4\n|inactive|Battle timer is ON: inactive players will automatically lose when time's up. (requested by Topical Rainstorm)\nSukItPhagz rejected open team sheets.\n|\n|t:|1682964674\n|start\n|switch|p1a: Glalie|Glalie, L50, M, shiny|100\/100\n|switch|p1b: Primeape|Primeape, L50, F, shiny|100\/100\n|switch|p2a: Krookodile|Krookodile, L50, M|100\/100\n|switch|p2b: Cryogonal|Cryogonal, L50, shiny|100\/100\n|turn|1\n|\n|t:|1682964681\n|move|p2b: Cryogonal|Frost Breath|p2a: Krookodile\n|-supereffective|p2a: Krookodile\n|-crit|p2a: Krookodile\n|-damage|p2a: Krookodile|37\/100\n|-setboost|p2a: Krookodile|atk|6|[from] ability: Anger Point\n|move|p2a: Krookodile|Earthquake|p1a: Glalie|[spread] p1a,p1b\n|-immune|p2b: Cryogonal|[from] ability: Levitate\n|-damage|p1a: Glalie|0 fnt\n|-damage|p1b: Primeape|0 fnt\n|faint|p1a: Glalie\n|faint|p1b: Primeape\n|\n|upkeep\n|\n|t:|1682964686\n|switch|p1a: Heracross|Heracross, L50, F, shiny|100\/100\n|switch|p1b: Electrode|Electrode, L50, shiny|100\/100\n|turn|2\n|c|\u2606Topical Rainstorm|Im guessing that was also anger point\n|\n|t:|1682964708\n|move|p1a: Heracross|Close Combat|p2a: Krookodile\n|-supereffective|p2a: Krookodile\n|-damage|p2a: Krookodile|0 fnt\n|-unboost|p1a: Heracross|def|1\n|-unboost|p1a: Heracross|spd|1\n|faint|p2a: Krookodile\n|-ability|p1a: Heracross|Moxie|boost\n|-boost|p1a: Heracross|atk|1\n|move|p1b: Electrode|Thunder Wave|p2b: Cryogonal\n|-status|p2b: Cryogonal|par\n|move|p2b: Cryogonal|Confuse Ray|p1a: Heracross\n|-start|p1a: Heracross|confusion\n|\n|upkeep\n|\n|t:|1682964723\n|switch|p2a: Iron Bundle|Iron Bundle, L50|100\/100\n|-enditem|p2a: Iron Bundle|Booster Energy\n|-activate|p2a: Iron Bundle|ability: Quark Drive|[fromitem]\n|-start|p2a: Iron Bundle|quarkdrivespe\n|turn|3\n|\n|t:|1682964737\n|move|p2a: Iron Bundle|Protect|p2a: Iron Bundle\n|-singleturn|p2a: Iron Bundle|Protect\n|-activate|p1a: Heracross|confusion\n|-damage|p1a: Heracross|59\/100|[from] confusion\n|move|p1b: Electrode|Thunderbolt|p2a: Iron Bundle\n|-activate|p2a: Iron Bundle|move: Protect\n|move|p2b: Cryogonal|Confuse Ray|p1b: Electrode\n|-start|p1b: Electrode|confusion\n|\n|upkeep\n|turn|4\n|\n|t:|1682964754\n|-terastallize|p2a: Iron Bundle|Steel\n|move|p2a: Iron Bundle|Freeze-Dry|p1b: Electrode\n|-damage|p1b: Electrode|57\/100\n|-activate|p1a: Heracross|confusion\n|move|p1a: Heracross|Close Combat|p2b: Cryogonal\n|-supereffective|p2b: Cryogonal\n|-damage|p2b: Cryogonal|0 fnt\n|-unboost|p1a: Heracross|def|1\n|-unboost|p1a: Heracross|spd|1\n|faint|p2b: Cryogonal\n|-ability|p1a: Heracross|Moxie|boost\n|-boost|p1a: Heracross|atk|1\n|-activate|p1b: Electrode|confusion\n|move|p1b: Electrode|Thunderbolt|p2a: Iron Bundle\n|-damage|p2a: Iron Bundle|48\/100\n|\n|upkeep\n|\n|t:|1682964762\n|switch|p2b: Chi-Yu|Chi-Yu, L50|100\/100\n|-ability|p2b: Chi-Yu|Beads of Ruin\n|turn|5\n|\n|t:|1682964776\n|-terastallize|p1a: Heracross|Rock\n|move|p2a: Iron Bundle|Hydro Pump|p1a: Heracross\n|-supereffective|p1a: Heracross\n|-damage|p1a: Heracross|0 fnt\n|faint|p1a: Heracross\n|-activate|p1b: Electrode|confusion\n|move|p1b: Electrode|Thunder Wave|p2a: Iron Bundle\n|-status|p2a: Iron Bundle|par\n|move|p2b: Chi-Yu|Fire Blast|p1b: Electrode|[miss]\n|-miss|p2b: Chi-Yu|p1b: Electrode\n|\n|upkeep\n|turn|6\n|\n|t:|1682964788\n|-activate|p1b: Electrode|confusion\n|-damage|p1b: Electrode|51\/100|[from] confusion\n|cant|p2a: Iron Bundle|par\n|move|p2b: Chi-Yu|Fire Blast|p1b: Electrode\n|-damage|p1b: Electrode|0 fnt\n|faint|p1b: Electrode\n|\n|win|Topical Rainstorm\n|raw|SukItPhagz's rating: 1134 → 1101<\/strong> (-33 for losing)\n|raw|Topical Rainstorm's rating: 1026 → 1073<\/strong> (+47 for winning)\n|l|\u2606SukItPhagz\n|c|\u2606Topical Rainstorm|Gg\n","uploadtime":1682964805,"views":16,"p1id":"sukitphagz","p2id":"topicalrainstorm","formatid":"gen9vgc2023regulationc","rating":1073,"private":0,"password":""}