{"id":"gen9vgc2023regulationc-1845551094","p1":"babiwi bewey\u2714\ufe0f","p2":"Raceto1700s","format":"[Gen 9] VGC 2023 Regulation C","log":"|j|\u2606babiwi bewey\u2714\ufe0f\n|j|\u2606Raceto1700s\n|t:|1681744277\n|gametype|doubles\n|player|p1|babiwi bewey\u2714\ufe0f|elesa-masters|\n|player|p2|Raceto1700s|pokekid|\n|teamsize|p1|6\n|teamsize|p2|6\n|gen|9\n|tier|[Gen 9] VGC 2023 Regulation C\n|rated|Tournament battle\n|rule|Species Clause: Limit one of each Pok\u00e9mon\n|rule|Item Clause: Limit one of each item\n|clearpoke\n|poke|p1|Brute Bonnet, L50|\n|poke|p1|Indeedee-F, L50, F|\n|poke|p1|Hatterene, L50, F|\n|poke|p1|Armarouge, L50, F|\n|poke|p1|Iron Hands, L50|\n|poke|p1|Kingambit, L50, F|\n|poke|p2|Maushold, L50|\n|poke|p2|Annihilape, L50, M|\n|poke|p2|Roaring Moon, L50|\n|poke|p2|Ting-Lu, L50|\n|poke|p2|Amoonguss, L50, M|\n|poke|p2|Arcanine, L50, M|\n|teampreview|4\n|raw| Open Team Sheet for babiwi bewey\u2714\ufe0f<\/summary>Brute Bonnet @ Loaded Dice Ability: Protosynthesis Level: 50 Tera Type: Water - Bullet Seed - Protect - Spore - Crunch Indeedee (Indeedee-F) (F) @ Psychic Seed Ability: Psychic Surge Level: 50 Tera Type: Fairy - Follow Me - Helping Hand - Trick Room - Psychic Hatterene (F) @ Life Orb Ability: Magic Bounce Level: 50 Tera Type: Fire - Psychic - Dazzling Gleam - Trick Room - Mystical Fire Armarouge @ Twisted Spoon Ability: Flash Fire Level: 50 Tera Type: Fairy - Protect - Trick Room - Expanding Force - Armor Cannon Iron Hands @ Assault Vest Ability: Quark Drive Level: 50 Tera Type: Grass - Drain Punch - Fake Out - Wild Charge - Heavy Slam Kingambit @ Safety Goggles Ability: Defiant Level: 50 Tera Type: Dark - Kowtow Cleave - Swords Dance - Iron Head - Sucker Punch <\/details><\/div> Open Team Sheet for Raceto1700s<\/summary>Maushold @ Safety Goggles Ability: Friend Guard Level: 50 Tera Type: Fairy - Beat Up - Follow Me - Super Fang - Protect Annihilape @ Leftovers Ability: Vital Spirit Level: 50 Tera Type: Poison - Drain Punch - Rage Fist - Bulk Up - Protect Roaring Moon @ Booster Energy Ability: Protosynthesis Level: 50 Tera Type: Flying - Acrobatics - Breaking Swipe - Tailwind - Protect Ting-Lu @ Assault Vest Ability: Vessel of Ruin Level: 50 Tera Type: Water - Stomping Tantrum - Heavy Slam - Rock Slide - Snarl Amoonguss @ Wiki Berry Ability: Regenerator Level: 50 Tera Type: Water - Pollen Puff - Rage Powder - Spore - Giga Drain Arcanine @ Sitrus Berry Ability: Intimidate Level: 50 Tera Type: Grass - Flare Blitz - Extreme Speed - Howl - Will-O-Wisp <\/details><\/div>\n|j|%Aldrich\n|l|%Aldrich\n|j| CyborgCrafter\n|\n|t:|1681744345\n|start\n|switch|p1a: Indeedee|Indeedee-F, L50, F|100\/100\n|switch|p1b: Armarouge|Armarouge, L50, F|100\/100\n|switch|p2a: Ting-Lu|Ting-Lu, L50|100\/100\n|switch|p2b: Arcanine|Arcanine, L50, M|100\/100\n|-ability|p2b: Arcanine|Intimidate|boost\n|-unboost|p1a: Indeedee|atk|1\n|-unboost|p1b: Armarouge|atk|1\n|-fieldstart|move: Psychic Terrain|[from] ability: Psychic Surge|[of] p1a: Indeedee\n|-enditem|p1a: Indeedee|Psychic Seed\n|-boost|p1a: Indeedee|spd|1|[from] item: Psychic Seed\n|-ability|p2a: Ting-Lu|Vessel of Ruin\n|turn|1\n|l| CyborgCrafter\n|\n|t:|1681744373\n|move|p1a: Indeedee|Follow Me|p1a: Indeedee\n|-singleturn|p1a: Indeedee|move: Follow Me\n|move|p2b: Arcanine|Howl|p2b: Arcanine|[spread] p2a,p2b\n|-boost|p2a: Ting-Lu|atk|1\n|-boost|p2b: Arcanine|atk|1\n|move|p1b: Armarouge|Expanding Force|p2a: Ting-Lu|[spread] p2b\n|-immune|p2a: Ting-Lu\n|-damage|p2b: Arcanine|46\/100\n|-enditem|p2b: Arcanine|Sitrus Berry|[eat]\n|-heal|p2b: Arcanine|71\/100|[from] item: Sitrus Berry\n|move|p2a: Ting-Lu|Snarl|p1a: Indeedee|[spread] p1a,p1b\n|-supereffective|p1a: Indeedee\n|-supereffective|p1b: Armarouge\n|-crit|p1b: Armarouge\n|-damage|p1a: Indeedee|90\/100\n|-damage|p1b: Armarouge|74\/100\n|-unboost|p1a: Indeedee|spa|1\n|-unboost|p1b: Armarouge|spa|1\n|\n|upkeep\n|turn|2\n|\n|t:|1681744391\n|switch|p1b: Brute Bonnet|Brute Bonnet, L50|100\/100\n|move|p2b: Arcanine|Flare Blitz|p1a: Indeedee\n|-damage|p1a: Indeedee|17\/100\n|-damage|p2b: Arcanine|49\/100|[from] Recoil\n|move|p2a: Ting-Lu|Rock Slide|p1a: Indeedee|[spread] p1a,p1b\n|-crit|p1a: Indeedee\n|-damage|p1a: Indeedee|0 fnt\n|-damage|p1b: Brute Bonnet|77\/100\n|faint|p1a: Indeedee\n|\n|upkeep\n|j| Topperlecat\n|\n|t:|1681744403\n|switch|p1a: Hatterene|Hatterene, L50, F|100\/100\n|turn|3\n|\n|t:|1681744430\n|-terastallize|p1b: Brute Bonnet|Water\n|move|p2b: Arcanine|Flare Blitz|p1a: Hatterene\n|-damage|p1a: Hatterene|18\/100\n|-damage|p2b: Arcanine|27\/100|[from] Recoil\n|move|p1b: Brute Bonnet|Bullet Seed|p2a: Ting-Lu\n|-supereffective|p2a: Ting-Lu\n|-damage|p2a: Ting-Lu|85\/100\n|-supereffective|p2a: Ting-Lu\n|-damage|p2a: Ting-Lu|69\/100\n|-supereffective|p2a: Ting-Lu\n|-damage|p2a: Ting-Lu|50\/100\n|-supereffective|p2a: Ting-Lu\n|-damage|p2a: Ting-Lu|35\/100\n|-hitcount|p2a: Ting-Lu|4\n|move|p2a: Ting-Lu|Stomping Tantrum|p1a: Hatterene\n|-damage|p1a: Hatterene|0 fnt\n|faint|p1a: Hatterene\n|\n|upkeep\n|\n|t:|1681744447\n|switch|p1a: Armarouge|Armarouge, L50, F|74\/100\n|turn|4\n|\n|t:|1681744482\n|switch|p2b: Maushold|Maushold, L50|100\/100\n|switch|p2a: Annihilape|Annihilape, L50, M|100\/100\n|move|p1b: Brute Bonnet|Bullet Seed|p2a: Annihilape\n|-damage|p2a: Annihilape|90\/100\n|-damage|p2a: Annihilape|80\/100\n|-damage|p2a: Annihilape|70\/100\n|-damage|p2a: Annihilape|60\/100\n|-damage|p2a: Annihilape|51\/100\n|-hitcount|p2a: Annihilape|5\n|move|p1a: Armarouge|Trick Room|p1a: Armarouge\n|-fieldstart|move: Trick Room|[of] p1a: Armarouge\n|\n|-heal|p2a: Annihilape|57\/100|[from] item: Leftovers\n|upkeep\n|turn|5\n|\n|t:|1681744498\n|move|p2a: Annihilape|Protect|p2a: Annihilape\n|-singleturn|p2a: Annihilape|Protect\n|move|p2b: Maushold|Protect|p2b: Maushold\n|-singleturn|p2b: Maushold|Protect\n|move|p1b: Brute Bonnet|Bullet Seed|p2b: Maushold\n|-activate|p2b: Maushold|move: Protect\n|move|p1a: Armarouge|Expanding Force|p2a: Annihilape|[spread] \n|-activate|p2a: Annihilape|move: Protect\n|-activate|p2b: Maushold|move: Protect\n|\n|-heal|p2a: Annihilape|63\/100|[from] item: Leftovers\n|-fieldend|move: Psychic Terrain\n|upkeep\n|turn|6\n|\n|t:|1681744512\n|move|p2b: Maushold|Follow Me|p2b: Maushold\n|-singleturn|p2b: Maushold|move: Follow Me\n|move|p1b: Brute Bonnet|Bullet Seed|p2b: Maushold\n|-damage|p2b: Maushold|86\/100\n|-damage|p2b: Maushold|69\/100\n|-damage|p2b: Maushold|54\/100\n|-damage|p2b: Maushold|36\/100\n|-hitcount|p2b: Maushold|4\n|move|p1a: Armarouge|Expanding Force|p2b: Maushold\n|-damage|p2b: Maushold|0 fnt\n|faint|p2b: Maushold\n|move|p2a: Annihilape|Rage Fist|p1a: Armarouge\n|-supereffective|p1a: Armarouge\n|-damage|p1a: Armarouge|0 fnt\n|faint|p1a: Armarouge\n|\n|-heal|p2a: Annihilape|70\/100|[from] item: Leftovers\n|upkeep\n|\n|t:|1681744522\n|switch|p2b: Arcanine|Arcanine, L50, M|27\/100\n|-ability|p2b: Arcanine|Intimidate|boost\n|-unboost|p1b: Brute Bonnet|atk|1\n|turn|7\n|\n|t:|1681744530\n|move|p1b: Brute Bonnet|Crunch|p2b: Arcanine\n|-damage|p2b: Arcanine|0 fnt\n|faint|p2b: Arcanine\n|move|p2a: Annihilape|Rage Fist|p1b: Brute Bonnet\n|-damage|p1b: Brute Bonnet|0 fnt\n|faint|p1b: Brute Bonnet\n|-end|p1b: Brute Bonnet|Protosynthesis|[silent]\n|\n|win|Raceto1700s\n|n|\u2606babiwi bewey\u2714\ufe0f|babiwibewey\n|n|\u2606Raceto1700s|raceto1700s\n|n| Topperlecat|topperlecat\n|l|\u2606babiwi bewey\u2714\ufe0f\n|l| Topperlecat\n","uploadtime":1681746582,"views":11,"p1id":"babiwibewey","p2id":"raceto1700s","formatid":"gen9vgc2023regulationc","rating":0,"private":0,"password":""}