{"id":"gen9vgc2023regulationc-1853091770","p1":"Cyruno","p2":"Grababab","format":"[Gen 9] VGC 2023 Regulation C","log":"|j|\u2606Cyruno\n|j|\u2606Grababab\n|t:|1682634118\n|gametype|doubles\n|player|p1|Cyruno|blue|1129\n|player|p2|Grababab|colress|1147\n|teamsize|p1|6\n|teamsize|p2|6\n|gen|9\n|tier|[Gen 9] VGC 2023 Regulation C\n|rated|\n|rule|Species Clause: Limit one of each Pok\u00e9mon\n|rule|Item Clause: Limit one of each item\n|clearpoke\n|poke|p1|Scizor, L50, M|\n|poke|p1|Flutter Mane, L50|\n|poke|p1|Chien-Pao, L50|\n|poke|p1|Arcanine, L50, F|\n|poke|p1|Azumarill, L50, F|\n|poke|p1|Amoonguss, L50, M|\n|poke|p2|Gogoat, L50, M|\n|poke|p2|Tatsugiri-Stretchy, L50, F|\n|poke|p2|Klefki, L50, M|\n|poke|p2|Orthworm, L50, F|\n|poke|p2|Talonflame, L50, F|\n|poke|p2|Oinkologne-F, L50, F|\n|teampreview|4\n|\n|t:|1682634161\n|start\n|switch|p1a: Lola|Azumarill, L50, F, shiny|100\/100\n|switch|p1b: Scissors|Scizor, L50, M|100\/100\n|switch|p2a: Oinkologne|Oinkologne-F, L50, F|100\/100\n|switch|p2b: Klefki|Klefki, L50, M, shiny|100\/100\n|turn|1\n|\n|t:|1682634192\n|move|p2b: Klefki|Thunder Wave|p1a: Lola\n|-status|p1a: Lola|par\n|move|p1b: Scissors|Close Combat|p2a: Oinkologne\n|-supereffective|p2a: Oinkologne\n|-damage|p2a: Oinkologne|29\/100\n|-unboost|p1b: Scissors|def|1\n|-unboost|p1b: Scissors|spd|1\n|move|p2a: Oinkologne|Stuff Cheeks|p2a: Oinkologne\n|-boost|p2a: Oinkologne|def|2\n|-enditem|p2a: Oinkologne|Ganlon Berry|[eat]\n|-boost|p2a: Oinkologne|def|1|[from] item: Ganlon Berry\n|move|p1a: Lola|Liquidation|p2a: Oinkologne\n|-damage|p2a: Oinkologne|14\/100\n|\n|upkeep\n|turn|2\n|\n|t:|1682634218\n|move|p2b: Klefki|Thunder Wave|p1b: Scissors\n|-status|p1b: Scissors|par\n|move|p1a: Lola|Aqua Jet|p2a: Oinkologne\n|-damage|p2a: Oinkologne|7\/100\n|move|p2a: Oinkologne|Body Press|p1b: Scissors\n|-damage|p1b: Scissors|24\/100 par\n|move|p1b: Scissors|U-turn|p2a: Oinkologne\n|-damage|p2a: Oinkologne|0 fnt\n|faint|p2a: Oinkologne\n|\n|t:|1682634229\n|switch|p1b: Misdreavus v2|Flutter Mane, L50|100\/100|[from] U-turn\n|-enditem|p1b: Misdreavus v2|Booster Energy\n|-activate|p1b: Misdreavus v2|ability: Protosynthesis|[fromitem]\n|-start|p1b: Misdreavus v2|protosynthesisspa\n|\n|upkeep\n|\n|t:|1682634233\n|switch|p2a: Orthworm|Orthworm, L50, F|100\/100\n|turn|3\n|\n|t:|1682634244\n|switch|p1a: Ice Weasel|Chien-Pao, L50|100\/100\n|-ability|p1a: Ice Weasel|Sword of Ruin\n|move|p1b: Misdreavus v2|Protect|p1b: Misdreavus v2\n|-singleturn|p1b: Misdreavus v2|Protect\n|move|p2b: Klefki|Thunder Wave|p1b: Misdreavus v2\n|-activate|p1b: Misdreavus v2|move: Protect\n|move|p2a: Orthworm|Heavy Slam|p1b: Misdreavus v2\n|-activate|p1b: Misdreavus v2|move: Protect\n|\n|upkeep\n|turn|4\n|\n|t:|1682634271\n|move|p2b: Klefki|Thunder Wave|p1b: Misdreavus v2\n|-status|p1b: Misdreavus v2|par\n|move|p1a: Ice Weasel|Sacred Sword|p2a: Orthworm\n|-supereffective|p2a: Orthworm\n|-damage|p2a: Orthworm|33\/100\n|move|p2a: Orthworm|Heavy Slam|p1b: Misdreavus v2\n|-supereffective|p1b: Misdreavus v2\n|-damage|p1b: Misdreavus v2|0 fnt\n|faint|p1b: Misdreavus v2\n|-end|p1b: Misdreavus v2|Protosynthesis|[silent]\n|\n|upkeep\n|\n|t:|1682634280\n|switch|p1b: Lola|Azumarill, L50, F, shiny|100\/100 par\n|turn|5\n|\n|t:|1682634289\n|-terastallize|p1b: Lola|Water\n|move|p2a: Orthworm|Protect|p2a: Orthworm\n|-singleturn|p2a: Orthworm|Protect\n|move|p2b: Klefki|Reflect|p2b: Klefki\n|-sidestart|p2: Grababab|Reflect\n|move|p1a: Ice Weasel|Sacred Sword|p2a: Orthworm\n|-activate|p2a: Orthworm|move: Protect\n|move|p1b: Lola|Liquidation|p2b: Klefki\n|-damage|p2b: Klefki|51\/100\n|\n|upkeep\n|turn|6\n|\n|t:|1682634310\n|-terastallize|p2a: Orthworm|Water\n|move|p2b: Klefki|Thunder Wave|p1a: Ice Weasel\n|-hint|Since gen 7, Dark is immune to Prankster moves.\n|-immune|p1a: Ice Weasel\n|move|p1a: Ice Weasel|Sacred Sword|p2a: Orthworm\n|-damage|p2a: Orthworm|13\/100\n|move|p2a: Orthworm|Iron Defense|p2a: Orthworm\n|-boost|p2a: Orthworm|def|2\n|cant|p1b: Lola|par\n|\n|upkeep\n|turn|7\n|\n|t:|1682634338\n|move|p1a: Ice Weasel|Sacred Sword|p2a: Orthworm\n|-damage|p2a: Orthworm|0 fnt\n|faint|p2a: Orthworm\n|move|p2b: Klefki|Dazzling Gleam|p1a: Ice Weasel|[spread] p1a,p1b\n|-supereffective|p1a: Ice Weasel\n|-damage|p1a: Ice Weasel|45\/100\n|-damage|p1b: Lola|89\/100 par\n|move|p1b: Lola|Liquidation|p2b: Klefki\n|-damage|p2b: Klefki|0 fnt\n|faint|p2b: Klefki\n|\n|upkeep\n|\n|t:|1682634348\n|switch|p2b: Talonflame|Talonflame, L50, F, shiny|100\/100\n|turn|8\n|\n|t:|1682634361\n|move|p1a: Ice Weasel|Protect|p1a: Ice Weasel\n|-singleturn|p1a: Ice Weasel|Protect\n|move|p2b: Talonflame|Brave Bird|p1a: Ice Weasel\n|-activate|p1a: Ice Weasel|move: Protect\n|move|p1b: Lola|Aqua Jet|p2b: Talonflame\n|-supereffective|p2b: Talonflame\n|-damage|p2b: Talonflame|25\/100\n|\n|upkeep\n|turn|9\n|\n|t:|1682634368\n|move|p1a: Ice Weasel|Sucker Punch|p2b: Talonflame\n|-crit|p2b: Talonflame\n|-damage|p2b: Talonflame|0 fnt\n|faint|p2b: Talonflame\n|\n|win|Cyruno\n|raw|Cyruno's rating: 1129 → 1155<\/strong> (+26 for winning)\n|raw|Grababab's rating: 1147 → 1121<\/strong> (-26 for losing)\n|l|\u2606Grababab\n","uploadtime":1682634375,"views":12,"p1id":"cyruno","p2id":"grababab","formatid":"gen9vgc2023regulationc","rating":1121,"private":0,"password":""}