{"id":"gen9vgc2023regulationc-1854636639","p1":"ujdn","p2":"Abugbog","format":"[Gen 9] VGC 2023 Regulation C","log":"|j|\u2606ujdn\n|j|\u2606Abugbog\n|t:|1682840690\n|gametype|doubles\n|player|p1|ujdn|gambler|1117\n|player|p2|Abugbog|170|1218\n|teamsize|p1|6\n|teamsize|p2|6\n|gen|9\n|tier|[Gen 9] VGC 2023 Regulation C\n|rated|\n|rule|Species Clause: Limit one of each Pok\u00e9mon\n|rule|Item Clause: Limit one of each item\n|clearpoke\n|poke|p1|Annihilape, L50, M|\n|poke|p1|Talonflame, L50, F|\n|poke|p1|Maushold-Four, L50|\n|poke|p1|Iron Bundle, L50|\n|poke|p1|Iron Hands, L50|\n|poke|p1|Chien-Pao, L50|\n|poke|p2|Chien-Pao, L50|\n|poke|p2|Dragonite, L50, M|\n|poke|p2|Drednaw, L50, M|\n|poke|p2|Pelipper, L50, M|\n|poke|p2|Dondozo, L50, M|\n|poke|p2|Tatsugiri-Droopy, L50, M|\n|teampreview|4\n|inactive|Battle timer is ON: inactive players will automatically lose when time's up. (requested by ujdn)\nujdn rejected open team sheets.\n|\n|t:|1682840723\n|start\n|switch|p1a: Chien-Pao|Chien-Pao, L50|100\/100\n|switch|p1b: Maushold|Maushold-Four, L50, shiny|100\/100\n|switch|p2a: Pelipper|Pelipper, L50, M|100\/100\n|switch|p2b: Drednaw|Drednaw, L50, M, shiny|100\/100\n|-ability|p1a: Chien-Pao|Sword of Ruin\n|-weather|RainDance|[from] ability: Drizzle|[of] p2a: Pelipper\n|turn|1\n|inactive|ujdn has 30 seconds left.\n|inactive|Abugbog has 30 seconds left.\n|\n|t:|1682840758\n|move|p1b: Maushold|Follow Me|p1b: Maushold\n|-singleturn|p1b: Maushold|move: Follow Me\n|move|p2b: Drednaw|Rock Slide|p1a: Chien-Pao|[spread] p1a\n|-miss|p2b: Drednaw|p1b: Maushold\n|-supereffective|p1a: Chien-Pao\n|-damage|p1a: Chien-Pao|17\/100\n|-damage|p2b: Drednaw|91\/100|[from] item: Life Orb\n|move|p1a: Chien-Pao|Sacred Sword|p2b: Drednaw\n|-supereffective|p2b: Drednaw\n|-damage|p2b: Drednaw|0 fnt\n|faint|p2b: Drednaw\n|-damage|p1a: Chien-Pao|7\/100|[from] item: Life Orb\n|move|p2a: Pelipper|Hurricane|p1b: Maushold\n|-damage|p1b: Maushold|33\/100\n|-start|p1b: Maushold|confusion\n|\n|-weather|RainDance|[upkeep]\n|upkeep\n|\n|t:|1682840779\n|switch|p2b: Dondozo|Dondozo, L50, M|100\/100\n|turn|2\n|\n|t:|1682840794\n|switch|p2a: Tatsugiri|Tatsugiri-Droopy, L50, M|100\/100\n|-activate|p2a: Tatsugiri|ability: Commander|[of] p2b: Dondozo\n|-boost|p2b: Dondozo|atk|2\n|-boost|p2b: Dondozo|spa|2\n|-boost|p2b: Dondozo|spe|2\n|-boost|p2b: Dondozo|def|2\n|-boost|p2b: Dondozo|spd|2\n|-activate|p1b: Maushold|confusion\n|move|p1b: Maushold|Follow Me|p1b: Maushold\n|-singleturn|p1b: Maushold|move: Follow Me\n|move|p1a: Chien-Pao|Ice Spinner|p2a: Tatsugiri|[miss]\n|-miss|p1a: Chien-Pao|p2a: Tatsugiri\n|move|p2b: Dondozo|Earthquake|p1b: Maushold|[spread] p1a,p1b\n|-miss|p2b: Dondozo|p2a: Tatsugiri\n|-crit|p1a: Chien-Pao\n|-damage|p1a: Chien-Pao|0 fnt\n|-damage|p1b: Maushold|0 fnt\n|faint|p1a: Chien-Pao\n|faint|p1b: Maushold\n|\n|-weather|RainDance|[upkeep]\n|upkeep\n|\n|t:|1682840811\n|switch|p1a: Annihilape|Annihilape, L50, M, shiny|100\/100\n|switch|p1b: Talonflame|Talonflame, L50, F|100\/100\n|turn|3\n|inactive|ujdn has 30 seconds left.\n|\n|t:|1682840836\n|-terastallize|p1b: Talonflame|Normal\n|move|p1b: Talonflame|Tailwind|p1b: Talonflame\n|-sidestart|p1: ujdn|move: Tailwind\n|move|p1a: Annihilape|Bulk Up|p1a: Annihilape\n|-boost|p1a: Annihilape|atk|1\n|-boost|p1a: Annihilape|def|1\n|move|p2b: Dondozo|Order Up|p1a: Annihilape\n|-damage|p1a: Annihilape|54\/100\n|-boost|p2b: Dondozo|def|1\n|\n|-weather|RainDance|[upkeep]\n|-heal|p1a: Annihilape|60\/100|[from] item: Leftovers\n|upkeep\n|turn|4\n|inactive|ujdn has 30 seconds left.\n|inactive|ujdn has 20 seconds left.\n|\n|t:|1682840872\n|move|p1b: Talonflame|Protect|p1b: Talonflame\n|-singleturn|p1b: Talonflame|Protect\n|move|p1a: Annihilape|Bulk Up|p1a: Annihilape\n|-boost|p1a: Annihilape|atk|1\n|-boost|p1a: Annihilape|def|1\n|move|p2b: Dondozo|Order Up|p1a: Annihilape\n|-damage|p1a: Annihilape|11\/100\n|-boost|p2b: Dondozo|def|1\n|\n|-weather|RainDance|[upkeep]\n|-heal|p1a: Annihilape|17\/100|[from] item: Leftovers\n|upkeep\n|turn|5\n|\n|t:|1682840892\n|move|p1b: Talonflame|Brave Bird|p2b: Dondozo\n|-damage|p2b: Dondozo|90\/100\n|-damage|p1b: Talonflame|95\/100|[from] Recoil\n|move|p1a: Annihilape|Rage Fist|p2b: Dondozo\n|-damage|p2b: Dondozo|73\/100\n|move|p2b: Dondozo|Order Up|p1a: Annihilape\n|-damage|p1a: Annihilape|0 fnt\n|faint|p1a: Annihilape\n|-boost|p2b: Dondozo|def|1\n|\n|-weather|RainDance|[upkeep]\n|-heal|p2b: Dondozo|80\/100|[from] item: Leftovers\n|upkeep\n|turn|6\n|-message|ujdn forfeited.\n|\n|win|Abugbog\n|raw|ujdn's rating: 1117 → 1099<\/strong> (-18 for losing)\n|raw|Abugbog's rating: 1218 → 1236<\/strong> (+18 for winning)\n|l|\u2606ujdn\n","uploadtime":1682840913,"views":14,"p1id":"ujdn","p2id":"abugbog","formatid":"gen9vgc2023regulationc","rating":1099,"private":0,"password":""}