{"id":"gen9vgc2023regulationc-1852340866","p1":"skaymxm","p2":"manolynx","format":"[Gen 9] VGC 2023 Regulation C","log":"|j|\u2606skaymxm\n|j|\u2606manolynx\n|t:|1682545890\n|gametype|doubles\n|player|p1|skaymxm|1|1064\n|player|p2|manolynx|170|1074\n|teamsize|p1|6\n|teamsize|p2|6\n|gen|9\n|tier|[Gen 9] VGC 2023 Regulation C\n|rated|\n|rule|Species Clause: Limit one of each Pok\u00e9mon\n|rule|Item Clause: Limit one of each item\n|clearpoke\n|poke|p1|Blissey, L50, F|\n|poke|p1|Coalossal, L50, F|\n|poke|p1|Quaquaval, L50, F|\n|poke|p1|Mudsdale, L50, F|\n|poke|p1|Annihilape, L50, M|\n|poke|p1|Meowscarada, L50, M|\n|poke|p2|Roaring Moon, L50|\n|poke|p2|Slither Wing, L50|\n|poke|p2|Torkoal, L50, M|\n|poke|p2|Flutter Mane, L50|\n|poke|p2|Amoonguss, L50, F|\n|poke|p2|Dragonite, L50, M|\n|teampreview|4\n|inactive|Battle timer is ON: inactive players will automatically lose when time's up. (requested by skaymxm)\n|inactive|manolynx has 60 seconds left.\n|\n|t:|1682546019\n|start\n|switch|p1a: Quaquaval|Quaquaval, L50, F|100\/100\n|switch|p1b: Annihilape|Annihilape, L50, M|100\/100\n|switch|p2a: Amoonguss|Amoonguss, L50, F|100\/100\n|switch|p2b: Roaring Moon|Roaring Moon, L50|100\/100\n|-item|p1b: Annihilape|Air Balloon\n|turn|1\n|inactive|manolynx has 30 seconds left.\n|inactive|manolynx has 20 seconds left.\n|inactive|manolynx has 15 seconds left.\n|inactive|manolynx has 10 seconds left.\n|inactive|manolynx has 5 seconds left.\n|\n|t:|1682546072\n|move|p2b: Roaring Moon|Scale Shot|p1a: Quaquaval\n|-damage|p1a: Quaquaval|82\/100\n|-damage|p1a: Quaquaval|63\/100\n|-damage|p1a: Quaquaval|44\/100\n|-hitcount|p1a: Quaquaval|3\n|-unboost|p2b: Roaring Moon|def|1\n|-boost|p2b: Roaring Moon|spe|1\n|move|p1b: Annihilape|Ice Punch|p2b: Roaring Moon\n|-supereffective|p2b: Roaring Moon\n|-crit|p2b: Roaring Moon\n|-damage|p2b: Roaring Moon|0 fnt\n|faint|p2b: Roaring Moon\n|-end|p2b: Roaring Moon|Protosynthesis|[silent]\n|move|p1a: Quaquaval|Ice Spinner|p2a: Amoonguss\n|-supereffective|p2a: Amoonguss\n|-damage|p2a: Amoonguss|52\/100\n|-damage|p1a: Quaquaval|28\/100|[from] item: Rocky Helmet|[of] p2a: Amoonguss\n|-status|p1a: Quaquaval|psn|[from] ability: Effect Spore|[of] p2a: Amoonguss\n|-damage|p1a: Quaquaval|18\/100 psn|[from] item: Life Orb\n|move|p2a: Amoonguss|Spore|p1b: Annihilape\n|-status|p1b: Annihilape|slp|[from] move: Spore\n|\n|-damage|p1a: Quaquaval|5\/100 psn|[from] psn\n|upkeep\n|inactive|manolynx has 30 seconds left.\n|\n|t:|1682546106\n|switch|p2b: Slither Wing|Slither Wing, L50|100\/100\n|turn|2\n|\n|t:|1682546117\n|move|p2a: Amoonguss|Rage Powder|p2a: Amoonguss\n|-singleturn|p2a: Amoonguss|move: Rage Powder\n|cant|p1b: Annihilape|slp\n|move|p1a: Quaquaval|Aqua Step|p2a: Amoonguss\n|-resisted|p2a: Amoonguss\n|-crit|p2a: Amoonguss\n|-damage|p2a: Amoonguss|21\/100\n|-boost|p1a: Quaquaval|spe|1\n|-damage|p1a: Quaquaval|0 fnt|[from] item: Rocky Helmet|[of] p2a: Amoonguss\n|faint|p1a: Quaquaval\n|move|p2b: Slither Wing|Bulk Up|p2b: Slither Wing\n|-boost|p2b: Slither Wing|atk|1\n|-boost|p2b: Slither Wing|def|1\n|\n|upkeep\n|\n|t:|1682546131\n|switch|p1a: Mudsdale|Mudsdale, L50, F|100\/100\n|turn|3\n|inactive|manolynx has 30 seconds left.\n|\n|t:|1682546163\n|-curestatus|p1b: Annihilape|slp|[msg]\n|move|p1b: Annihilape|Ice Punch|p2a: Amoonguss\n|-supereffective|p2a: Amoonguss\n|-damage|p2a: Amoonguss|0 fnt\n|-damage|p1b: Annihilape|84\/100|[from] item: Rocky Helmet|[of] p2a: Amoonguss\n|-status|p1b: Annihilape|psn|[from] ability: Effect Spore|[of] p2a: Amoonguss\n|faint|p2a: Amoonguss\n|move|p2b: Slither Wing|Bulk Up|p2b: Slither Wing\n|-boost|p2b: Slither Wing|atk|1\n|-boost|p2b: Slither Wing|def|1\n|move|p1a: Mudsdale|Earthquake|p2b: Slither Wing|[spread] p2b\n|-immune|p1b: Annihilape\n|-resisted|p2b: Slither Wing\n|-damage|p2b: Slither Wing|93\/100\n|\n|-heal|p2b: Slither Wing|99\/100|[from] item: Leftovers\n|-damage|p1b: Annihilape|72\/100 psn|[from] psn\n|upkeep\n|\n|t:|1682546182\n|switch|p2a: Dragonite|Dragonite, L50, M|100\/100\n|turn|4\n|inactive|skaymxm has 30 seconds left.\n|inactive|manolynx has 30 seconds left.\n|\n|t:|1682546213\n|-terastallize|p1a: Mudsdale|Steel\n|move|p1b: Annihilape|Ice Punch|p2a: Dragonite\n|-supereffective|p2a: Dragonite\n|-damage|p2a: Dragonite|56\/100\n|move|p2a: Dragonite|Ice Spinner|p1a: Mudsdale\n|-resisted|p1a: Mudsdale\n|-damage|p1a: Mudsdale|89\/100\n|-damage|p2a: Dragonite|39\/100|[from] item: Rocky Helmet|[of] p1a: Mudsdale\n|-ability|p1a: Mudsdale|Stamina|boost\n|-boost|p1a: Mudsdale|def|1\n|move|p2b: Slither Wing|Bulk Up|p2b: Slither Wing\n|-boost|p2b: Slither Wing|atk|1\n|-boost|p2b: Slither Wing|def|1\n|move|p1a: Mudsdale|Iron Head|p2b: Slither Wing\n|-damage|p2b: Slither Wing|85\/100\n|\n|-heal|p2b: Slither Wing|91\/100|[from] item: Leftovers\n|-damage|p1b: Annihilape|59\/100 psn|[from] psn\n|upkeep\n|turn|5\n|inactive|skaymxm has 30 seconds left.\n|inactive|manolynx has 30 seconds left.\n|inactive|manolynx has 20 seconds left.\n|\n|t:|1682546252\n|-terastallize|p2a: Dragonite|Normal\n|move|p1b: Annihilape|Ice Punch|p2a: Dragonite\n|-damage|p2a: Dragonite|15\/100\n|move|p2a: Dragonite|Tailwind|p2a: Dragonite\n|-sidestart|p2: manolynx|move: Tailwind\n|move|p2b: Slither Wing|Stomping Tantrum|p1a: Mudsdale\n|-supereffective|p1a: Mudsdale\n|-damage|p1a: Mudsdale|23\/100\n|-damage|p2b: Slither Wing|74\/100|[from] item: Rocky Helmet|[of] p1a: Mudsdale\n|-ability|p1a: Mudsdale|Stamina|boost\n|-boost|p1a: Mudsdale|def|1\n|move|p1a: Mudsdale|Body Press|p2b: Slither Wing\n|-resisted|p2b: Slither Wing\n|-damage|p2b: Slither Wing|62\/100\n|\n|-heal|p2b: Slither Wing|68\/100|[from] item: Leftovers\n|-damage|p1b: Annihilape|47\/100 psn|[from] psn\n|upkeep\n|turn|6\n|inactive|skaymxm has 30 seconds left.\n|inactive|manolynx has 30 seconds left.\n|\n|t:|1682546279\n|move|p2a: Dragonite|Ice Spinner|p1b: Annihilape\n|-damage|p1b: Annihilape|9\/100 psn\n|-enditem|p1b: Annihilape|Air Balloon\n|move|p2b: Slither Wing|Stomping Tantrum|p1a: Mudsdale\n|-supereffective|p1a: Mudsdale\n|-damage|p1a: Mudsdale|0 fnt\n|-damage|p2b: Slither Wing|52\/100|[from] item: Rocky Helmet|[of] p1a: Mudsdale\n|faint|p1a: Mudsdale\n|move|p1b: Annihilape|Ice Punch|p2a: Dragonite\n|-damage|p2a: Dragonite|0 fnt\n|faint|p2a: Dragonite\n|\n|-heal|p2b: Slither Wing|58\/100|[from] item: Leftovers\n|-damage|p1b: Annihilape|0 fnt|[from] psn\n|faint|p1b: Annihilape\n|upkeep\n|\n|t:|1682546295\n|switch|p1a: Coalossal|Coalossal, L50, F|100\/100\n|turn|7\n|\n|t:|1682546317\n|move|p2b: Slither Wing|Stomping Tantrum|p1a: Coalossal\n|-supereffective|p1a: Coalossal\n|-damage|p1a: Coalossal|0 fnt\n|faint|p1a: Coalossal\n|\n|win|manolynx\n|raw|skaymxm's rating: 1064 → 1045<\/strong> (-19 for losing)\n|raw|manolynx's rating: 1074 → 1102<\/strong> (+28 for winning)\n|l|\u2606skaymxm\n","uploadtime":1682546468,"views":14,"p1id":"skaymxm","p2id":"manolynx","formatid":"gen9vgc2023regulationc","rating":1045,"private":0,"password":""}