{"id":"gen9vgc2023regulationc-1860085906","p1":"dashrekawanobi","p2":"ice ice lol","format":"[Gen 9] VGC 2023 Regulation C","log":"|j|\u2606dashrekawanobi\n|j|\u2606ice ice lol\n|t:|1683593536\n|gametype|doubles\n|player|p1|dashrekawanobi|elesa-gen5bw2|\n|player|p2|ice ice lol|rocketgrunt|\n|teamsize|p1|6\n|teamsize|p2|6\n|gen|9\n|tier|[Gen 9] VGC 2023 Regulation C\n|rule|Species Clause: Limit one of each Pok\u00e9mon\n|rule|Item Clause: Limit one of each item\n|clearpoke\n|poke|p1|Volcarona, L50, M|\n|poke|p1|Flutter Mane, L50|\n|poke|p1|Oricorio-Pom-Pom, L50, F|\n|poke|p1|Chi-Yu, L50|\n|poke|p1|Wo-Chien, L50|\n|poke|p1|Palafin, L50, M|\n|poke|p2|Torkoal, L50, F|\n|poke|p2|Flutter Mane, L50|\n|poke|p2|Kingambit, L50, F|\n|poke|p2|Dragonite, L50, F|\n|poke|p2|Great Tusk, L50|\n|poke|p2|Leafeon, L50, F|\n|teampreview|4\n|c|\u2606dashrekawanobi|glhf\ndashrekawanobi rejected open team sheets.\n|\n|t:|1683593578\n|start\n|switch|p1a: Palafin|Palafin, L50, M|100\/100\n|switch|p1b: Chi-Yu|Chi-Yu, L50|100\/100\n|switch|p2a: Torkoal|Torkoal, L50, F, shiny|100\/100\n|switch|p2b: Flutter Mane|Flutter Mane, L50, shiny|100\/100\n|-ability|p1b: Chi-Yu|Beads of Ruin\n|-weather|SunnyDay|[from] ability: Drought|[of] p2a: Torkoal\n|-activate|p2b: Flutter Mane|ability: Protosynthesis\n|-start|p2b: Flutter Mane|protosynthesisspa\n|turn|1\n|\n|t:|1683593599\n|-terastallize|p1a: Palafin|Water\n|move|p1a: Palafin|Jet Punch|p2a: Torkoal\n|-supereffective|p2a: Torkoal\n|-damage|p2a: Torkoal|73\/100\n|move|p2b: Flutter Mane|Dazzling Gleam|p1a: Palafin|[spread] p1a,p1b\n|-damage|p1a: Palafin|0 fnt\n|-damage|p1b: Chi-Yu|24\/100\n|faint|p1a: Palafin\n|move|p1b: Chi-Yu|Dark Pulse|p2b: Flutter Mane\n|-damage|p2b: Flutter Mane|6\/100\n|move|p2a: Torkoal|Earth Power|p1b: Chi-Yu\n|-supereffective|p1b: Chi-Yu\n|-damage|p1b: Chi-Yu|0 fnt\n|faint|p1b: Chi-Yu\n|\n|-weather|SunnyDay|[upkeep]\n|upkeep\n|\n|t:|1683593606\n|switch|p1b: Oricorio|Oricorio-Pom-Pom, L50, F|100\/100\n|switch|p1a: Volcarona|Volcarona, L50, M|100\/100\n|turn|2\n|c|\u2606dashrekawanobi|watch this\n|c|\u2606dashrekawanobi|its something only oricorio can do\n|\n|t:|1683593639\n|move|p1b: Oricorio|Protect|p1b: Oricorio\n|-singleturn|p1b: Oricorio|Protect\n|move|p2b: Flutter Mane|Dazzling Gleam|p1a: Volcarona|[spread] p1a\n|-activate|p1b: Oricorio|move: Protect\n|-resisted|p1a: Volcarona\n|-damage|p1a: Volcarona|71\/100\n|move|p1a: Volcarona|Fiery Dance|p2b: Flutter Mane\n|-damage|p2b: Flutter Mane|0 fnt\n|faint|p2b: Flutter Mane\n|-end|p2b: Flutter Mane|Protosynthesis|[silent]\n|-activate|p1b: Oricorio|ability: Dancer\n|move|p1b: Oricorio|Fiery Dance|p2a: Torkoal|[from]ability: Dancer\n|-resisted|p2a: Torkoal\n|-damage|p2a: Torkoal|46\/100\n|-boost|p1b: Oricorio|spa|1\n|move|p2a: Torkoal|Earth Power|p1a: Volcarona\n|-crit|p1a: Volcarona\n|-damage|p1a: Volcarona|37\/100\n|\n|-weather|SunnyDay|[upkeep]\n|-heal|p1a: Volcarona|43\/100|[from] item: Leftovers\n|upkeep\n|\n|t:|1683593645\n|switch|p2b: Leafeon|Leafeon, L50, F, shiny|100\/100\n|turn|3\n|\n|t:|1683593671\n|move|p2b: Leafeon|Yawn|p1b: Oricorio\n|-start|p1b: Oricorio|move: Yawn|[of] p2b: Leafeon\n|move|p1a: Volcarona|Fiery Dance|p2b: Leafeon\n|-supereffective|p2b: Leafeon\n|-damage|p2b: Leafeon|0 fnt\n|-boost|p1a: Volcarona|spa|1\n|faint|p2b: Leafeon\n|-activate|p1b: Oricorio|ability: Dancer\n|move|p1b: Oricorio|Fiery Dance|p2a: Torkoal|[from]ability: Dancer\n|-resisted|p2a: Torkoal\n|-damage|p2a: Torkoal|10\/100\n|-boost|p1b: Oricorio|spa|1\n|move|p1b: Oricorio|Revelation Dance|p2a: Torkoal\n|-damage|p2a: Torkoal|0 fnt\n|faint|p2a: Torkoal\n|\n|-weather|SunnyDay|[upkeep]\n|-heal|p1a: Volcarona|49\/100|[from] item: Leftovers\n|upkeep\n|\n|t:|1683593679\n|switch|p2b: Great Tusk|Great Tusk, L50, shiny|100\/100\n|-activate|p2b: Great Tusk|ability: Protosynthesis\n|-start|p2b: Great Tusk|protosynthesisatk\n|turn|4\n|\n|t:|1683593689\n|move|p2b: Great Tusk|Rock Slide|p1b: Oricorio|[spread] p1a,p1b\n|-supereffective|p1a: Volcarona\n|-supereffective|p1b: Oricorio\n|-damage|p1a: Volcarona|0 fnt\n|-damage|p1b: Oricorio|28\/100\n|faint|p1a: Volcarona\n|cant|p1b: Oricorio|flinch\n|\n|-weather|SunnyDay|[upkeep]\n|-end|p1b: Oricorio|move: Yawn|[silent]\n|-status|p1b: Oricorio|slp\n|upkeep\n|turn|5\n|c|\u2606dashrekawanobi|NOOOOOO\n|\n|t:|1683593701\n|move|p2b: Great Tusk|Rock Slide|p1b: Oricorio\n|-supereffective|p1b: Oricorio\n|-damage|p1b: Oricorio|0 fnt\n|faint|p1b: Oricorio\n|\n|win|ice ice lol\n|c|\u2606dashrekawanobi|gg\n|c|\u2606ice ice lol|yes\n|c|\u2606ice ice lol|gg\n|c|\u2606dashrekawanobi|flinch mattered but gg\n|l|\u2606ice ice lol\n","uploadtime":1683593713,"views":5,"p1id":"dashrekawanobi","p2id":"iceicelol","formatid":"gen9vgc2023regulationc","rating":0,"private":0,"password":""}