{"id":"gen9vgc2023regulationc-1858105567","p1":"Ndjdkskw","p2":"Seal00","format":"[Gen 9] VGC 2023 Regulation C","log":"|j|\u2606Ndjdkskw\n|j|\u2606Seal00\n|t:|1683276514\n|gametype|doubles\n|player|p1|Ndjdkskw|giovanni|1179\n|player|p2|Seal00|265|1152\n|teamsize|p1|6\n|teamsize|p2|6\n|gen|9\n|tier|[Gen 9] VGC 2023 Regulation C\n|rated|\n|rule|Species Clause: Limit one of each Pok\u00e9mon\n|rule|Item Clause: Limit one of each item\n|clearpoke\n|poke|p1|Dondozo, L50, M|\n|poke|p1|Tatsugiri-Droopy, L50, M|\n|poke|p1|Glimmora, L50, F|\n|poke|p1|Chi-Yu, L50|\n|poke|p1|Flutter Mane, L50|\n|poke|p1|Dragonite, L50, M|\n|poke|p2|Abomasnow, L50, F|\n|poke|p2|Iron Bundle, L50|\n|poke|p2|Baxcalibur, L50, F|\n|poke|p2|Arcanine, L50, F|\n|poke|p2|Amoonguss, L50, F|\n|poke|p2|Flutter Mane, L50|\n|teampreview|4\n|inactive|Battle timer is ON: inactive players will automatically lose when time's up. (requested by Ndjdkskw)\n|inactive|Ndjdkskw has 60 seconds left.\n|\n|t:|1683276554\n|start\n|switch|p1a: Glimmora|Glimmora, L50, F|100\/100\n|switch|p1b: Chi-Yu|Chi-Yu, L50|100\/100\n|switch|p2a: Mocio|Abomasnow, L50, F|100\/100\n|switch|p2b: Pingu|Iron Bundle, L50|100\/100\n|-ability|p1b: Chi-Yu|Beads of Ruin\n|-weather|Snow|[from] ability: Snow Warning|[of] p2a: Mocio\n|-enditem|p2b: Pingu|Booster Energy\n|-activate|p2b: Pingu|ability: Quark Drive|[fromitem]\n|-start|p2b: Pingu|quarkdrivespe\n|turn|1\n|\n|t:|1683276571\n|-terastallize|p2a: Mocio|Ground\n|move|p1b: Chi-Yu|Protect|p1b: Chi-Yu\n|-singleturn|p1b: Chi-Yu|Protect\n|move|p2b: Pingu|Aurora Veil|p2b: Pingu\n|-sidestart|p2: Seal00|move: Aurora Veil\n|move|p1a: Glimmora|Energy Ball|p2b: Pingu\n|-supereffective|p2b: Pingu\n|-damage|p2b: Pingu|7\/100\n|move|p2a: Mocio|Earth Power|p1b: Chi-Yu\n|-activate|p1b: Chi-Yu|move: Protect\n|\n|-weather|Snow|[upkeep]\n|upkeep\n|turn|2\n|\n|t:|1683276592\n|switch|p1b: Dragonite|Dragonite, L50, M|100\/100\n|move|p2b: Pingu|Blizzard|p1a: Glimmora|[spread] p1a,p1b\n|-supereffective|p1b: Dragonite\n|-damage|p1a: Glimmora|72\/100\n|-damage|p1b: Dragonite|30\/100\n|-status|p1a: Glimmora|frz\n|-status|p1b: Dragonite|frz\n|cant|p1a: Glimmora|frz\n|move|p2a: Mocio|Earth Power|p1a: Glimmora\n|-supereffective|p1a: Glimmora\n|-crit|p1a: Glimmora\n|-damage|p1a: Glimmora|0 fnt\n|faint|p1a: Glimmora\n|\n|-weather|Snow|[upkeep]\n|upkeep\n|\n|t:|1683276607\n|switch|p1a: Tatsugiri|Tatsugiri-Droopy, L50, M|100\/100\n|turn|3\n|\n|t:|1683276616\n|-terastallize|p1a: Tatsugiri|Ghost\n|cant|p1b: Dragonite|frz\n|move|p2b: Pingu|Freeze-Dry|p1a: Tatsugiri\n|-damage|p1a: Tatsugiri|61\/100\n|move|p1a: Tatsugiri|Muddy Water|p2b: Pingu|[spread] p2a,p2b\n|-supereffective|p2a: Mocio\n|-resisted|p2b: Pingu\n|-damage|p2a: Mocio|47\/100\n|-damage|p2b: Pingu|0 fnt\n|faint|p2b: Pingu\n|-end|p2b: Pingu|Quark Drive|[silent]\n|move|p2a: Mocio|Blizzard|p1a: Tatsugiri|[spread] p1a,p1b\n|-supereffective|p1b: Dragonite\n|-damage|p1a: Tatsugiri|28\/100\n|-damage|p1b: Dragonite|0 fnt\n|faint|p1b: Dragonite\n|\n|-weather|Snow|[upkeep]\n|upkeep\n|\n|t:|1683276635\n|switch|p2b: Mi madre|Flutter Mane, L50|100\/100\n|switch|p1b: Chi-Yu|Chi-Yu, L50|100\/100\n|-ability|p1b: Chi-Yu|Beads of Ruin\n|turn|4\n|\n|t:|1683276643\n|move|p2b: Mi madre|Dazzling Gleam|p1b: Chi-Yu|[spread] p1a,p1b\n|-damage|p1a: Tatsugiri|0 fnt\n|-damage|p1b: Chi-Yu|52\/100\n|faint|p1a: Tatsugiri\n|move|p1b: Chi-Yu|Dark Pulse|p2a: Mocio\n|-damage|p2a: Mocio|15\/100\n|move|p2a: Mocio|Blizzard|p1b: Chi-Yu\n|-resisted|p1b: Chi-Yu\n|-damage|p1b: Chi-Yu|32\/100\n|\n|-weather|Snow|[upkeep]\n|upkeep\n|turn|5\n|-message|Ndjdkskw forfeited.\n|\n|win|Seal00\n|raw|Ndjdkskw's rating: 1179 → 1152<\/strong> (-27 for losing)\n|raw|Seal00's rating: 1152 → 1179<\/strong> (+27 for winning)\n|l|\u2606Ndjdkskw\n","uploadtime":1683276664,"views":16,"p1id":"ndjdkskw","p2id":"seal00","formatid":"gen9vgc2023regulationc","rating":1152,"private":0,"password":""}