{"id":"gen9vgc2023regulationc-1860582579","p1":"WillieDangerously","p2":"M87testing","format":"[Gen 9] VGC 2023 Regulation C","log":"|j|\u2606WillieDangerously\n|j|\u2606M87testing\n|t:|1683656431\n|gametype|doubles\n|player|p1|WillieDangerously|psychic-gen4|1251\n|player|p2|M87testing|2|1308\n|teamsize|p1|6\n|teamsize|p2|6\n|gen|9\n|tier|[Gen 9] VGC 2023 Regulation C\n|rated|\n|rule|Species Clause: Limit one of each Pok\u00e9mon\n|rule|Item Clause: Limit one of each item\n|clearpoke\n|poke|p1|Gholdengo, L50|\n|poke|p1|Wo-Chien, L50|\n|poke|p1|Iron Bundle, L50|\n|poke|p1|Dragapult, L50, M|\n|poke|p1|Hippowdon, L50, M|\n|poke|p1|Glimmora, L50, F|\n|poke|p2|Hawlucha, L50, F|\n|poke|p2|Grimmsnarl, L50, M|\n|poke|p2|Amoonguss, L50, F|\n|poke|p2|Farigiraf, L50, M|\n|poke|p2|Torkoal, L50, M|\n|poke|p2|Mudsdale, L50, M|\n|teampreview|4\n|\n|t:|1683656470\n|start\n|switch|p1a: Hippowdon|Hippowdon, L50, M|100\/100\n|switch|p1b: Glimmora|Glimmora, L50, F|100\/100\n|switch|p2a: Grimmsnarl|Grimmsnarl, L50, M|100\/100\n|switch|p2b: Hawlucha|Hawlucha, L50, F|100\/100\n|-weather|Sandstorm|[from] ability: Sand Stream|[of] p1a: Hippowdon\n|turn|1\n|\n|t:|1683656496\n|move|p2a: Grimmsnarl|Swagger|p2b: Hawlucha\n|-boost|p2b: Hawlucha|atk|2\n|-start|p2b: Hawlucha|confusion\n|-enditem|p2b: Hawlucha|Persim Berry|[eat]\n|-end|p2b: Hawlucha|confusion\n|move|p2b: Hawlucha|Acrobatics|p1a: Hippowdon\n|-damage|p1a: Hippowdon|40\/100\n|move|p1b: Glimmora|Mortal Spin|p2b: Hawlucha|[spread] p2a,p2b\n|-supereffective|p2a: Grimmsnarl\n|-damage|p2a: Grimmsnarl|92\/100\n|-damage|p2b: Hawlucha|95\/100\n|-status|p2a: Grimmsnarl|psn\n|-status|p2b: Hawlucha|psn\n|move|p1a: Hippowdon|Sand Tomb|p2a: Grimmsnarl\n|-damage|p2a: Grimmsnarl|78\/100 psn\n|-activate|p2a: Grimmsnarl|move: Sand Tomb|[of] p1a: Hippowdon\n|\n|-weather|Sandstorm|[upkeep]\n|-damage|p2b: Hawlucha|89\/100 psn|[from] Sandstorm\n|-damage|p2a: Grimmsnarl|72\/100 psn|[from] Sandstorm\n|-damage|p2b: Hawlucha|77\/100 psn|[from] psn\n|-damage|p2a: Grimmsnarl|60\/100 psn|[from] psn\n|-damage|p2a: Grimmsnarl|48\/100 psn|[from] move: Sand Tomb|[partiallytrapped]\n|upkeep\n|turn|2\n|\n|t:|1683656530\n|move|p1a: Hippowdon|Protect|p1a: Hippowdon\n|-singleturn|p1a: Hippowdon|Protect\n|move|p2b: Hawlucha|Acrobatics|p1a: Hippowdon\n|-activate|p1a: Hippowdon|move: Protect\n|move|p1b: Glimmora|Power Gem|p2b: Hawlucha\n|-damage|p2b: Hawlucha|19\/100 psn\n|move|p2a: Grimmsnarl|Spirit Break|p1b: Glimmora\n|-resisted|p1b: Glimmora\n|-damage|p1b: Glimmora|86\/100\n|-unboost|p1b: Glimmora|spa|1\n|-activate|p1b: Glimmora|ability: Toxic Debris\n|-sidestart|p2: M87testing|move: Toxic Spikes\n|\n|-weather|Sandstorm|[upkeep]\n|-damage|p2b: Hawlucha|13\/100 psn|[from] Sandstorm\n|-damage|p2a: Grimmsnarl|42\/100 psn|[from] Sandstorm\n|-damage|p2b: Hawlucha|1\/100 psn|[from] psn\n|-damage|p2a: Grimmsnarl|29\/100 psn|[from] psn\n|-damage|p2a: Grimmsnarl|17\/100 psn|[from] move: Sand Tomb|[partiallytrapped]\n|upkeep\n|turn|3\n|\n|t:|1683656565\n|switch|p1a: Gholdengo|Gholdengo, L50|100\/100\n|move|p2a: Grimmsnarl|Swagger|p1b: Glimmora\n|-boost|p1b: Glimmora|atk|2\n|-start|p1b: Glimmora|confusion\n|move|p2b: Hawlucha|Acrobatics|p1a: Gholdengo\n|-resisted|p1a: Gholdengo\n|-damage|p1a: Gholdengo|57\/100\n|-activate|p1b: Glimmora|confusion\n|move|p1b: Glimmora|Power Gem|p2a: Grimmsnarl\n|-damage|p2a: Grimmsnarl|0 fnt\n|faint|p2a: Grimmsnarl\n|\n|-weather|Sandstorm|[upkeep]\n|-damage|p2b: Hawlucha|0 fnt|[from] Sandstorm\n|faint|p2b: Hawlucha\n|upkeep\n|\n|t:|1683656578\n|switch|p2b: Torkoal|Torkoal, L50, M|100\/100\n|switch|p2a: Farigiraf|Farigiraf, L50, M|100\/100\n|-status|p2a: Farigiraf|psn\n|-status|p2b: Torkoal|psn\n|-weather|SunnyDay|[from] ability: Drought|[of] p2b: Torkoal\n|turn|4\n|\n|t:|1683656613\n|-terastallize|p1a: Gholdengo|Water\n|-terastallize|p2b: Torkoal|Fire\n|-activate|p1b: Glimmora|confusion\n|move|p1b: Glimmora|Power Gem|p2b: Torkoal\n|-supereffective|p2b: Torkoal\n|-damage|p2b: Torkoal|39\/100 psn\n|move|p1a: Gholdengo|Nasty Plot|p1a: Gholdengo\n|-boost|p1a: Gholdengo|spa|2\n|move|p2b: Torkoal|Heat Wave|p1b: Glimmora|[spread] p1a,p1b\n|-resisted|p1a: Gholdengo\n|-resisted|p1b: Glimmora\n|-damage|p1a: Gholdengo|12\/100\n|-damage|p1b: Glimmora|54\/100\n|-enditem|p1a: Gholdengo|Sitrus Berry|[eat]\n|-heal|p1a: Gholdengo|37\/100|[from] item: Sitrus Berry\n|move|p2a: Farigiraf|Trick Room|p2a: Farigiraf\n|-fieldstart|move: Trick Room|[of] p2a: Farigiraf\n|\n|-weather|SunnyDay|[upkeep]\n|-damage|p2b: Torkoal|27\/100 psn|[from] psn\n|-damage|p2a: Farigiraf|88\/100 psn|[from] psn\n|upkeep\n|turn|5\n|\n|t:|1683656635\n|switch|p1b: Hippowdon|Hippowdon, L50, M|40\/100\n|-weather|Sandstorm|[from] ability: Sand Stream|[of] p1b: Hippowdon\n|move|p2b: Torkoal|Heat Wave|p1a: Gholdengo|[spread] p1b\n|-miss|p2b: Torkoal|p1a: Gholdengo\n|-damage|p1b: Hippowdon|0 fnt\n|faint|p1b: Hippowdon\n|move|p2a: Farigiraf|Hyper Voice|p1a: Gholdengo\n|-damage|p1a: Gholdengo|3\/100\n|move|p1a: Gholdengo|Make It Rain|p2a: Farigiraf|[spread] p2a,p2b\n|-resisted|p2b: Torkoal\n|-damage|p2a: Farigiraf|10\/100 psn\n|-damage|p2b: Torkoal|0 fnt\n|-unboost|p1a: Gholdengo|spa|1\n|faint|p2b: Torkoal\n|\n|-weather|Sandstorm|[upkeep]\n|-damage|p1a: Gholdengo|0 fnt|[from] Sandstorm\n|faint|p1a: Gholdengo\n|-damage|p2a: Farigiraf|0 fnt|[from] psn\n|faint|p2a: Farigiraf\n|\n|win|WillieDangerously\n|upkeep\n|raw|WillieDangerously's rating: 1251 → 1280<\/strong> (+29 for winning)\n|raw|M87testing's rating: 1308 → 1285<\/strong> (-23 for losing)\n|l|\u2606M87testing\n","uploadtime":1683656662,"views":8,"p1id":"williedangerously","p2id":"m87testing","formatid":"gen9vgc2023regulationc","rating":1280,"private":0,"password":""}