{"id":"gen9vgc2023regulationc-1846234025","p1":"Hibu14","p2":"haha u rage quit","format":"[Gen 9] VGC 2023 Regulation C","log":"|j|\u2606Hibu14\n|j|\u2606haha u rage quit\n|t:|1681823967\n|gametype|doubles\n|player|p1|Hibu14|steven|1262\n|player|p2|haha u rage quit|pokemaniac|1256\n|teamsize|p1|6\n|teamsize|p2|6\n|gen|9\n|tier|[Gen 9] VGC 2023 Regulation C\n|rated|\n|rule|Species Clause: Limit one of each Pok\u00e9mon\n|rule|Item Clause: Limit one of each item\n|clearpoke\n|poke|p1|Dragonite, L50, F|\n|poke|p1|Lilligant, L50, F|\n|poke|p1|Great Tusk, L50|\n|poke|p1|Torkoal, L50, M|\n|poke|p1|Chien-Pao, L50|\n|poke|p1|Flutter Mane, L50|\n|poke|p2|Amoonguss, L50, M|\n|poke|p2|Flutter Mane, L50|\n|poke|p2|Great Tusk, L50|\n|poke|p2|Iron Bundle, L50|\n|poke|p2|Baxcalibur, L50, M|\n|poke|p2|Palafin, L50, M|\n|teampreview|4\n|inactive|Battle timer is ON: inactive players will automatically lose when time's up. (requested by Hibu14)\n|inactive|Hibu14 has 60 seconds left.\n|inactive|haha u rage quit has 60 seconds left.\n|\n|t:|1681824018\n|start\n|switch|p1a: Torkoal|Torkoal, L50, M|100\/100\n|switch|p1b: Lilligant|Lilligant, L50, F|100\/100\n|switch|p2a: Amoonguss|Amoonguss, L50, M|100\/100\n|switch|p2b: Palafin|Palafin, L50, M|100\/100\n|-weather|SunnyDay|[from] ability: Drought|[of] p1a: Torkoal\n|turn|1\n|\n|t:|1681824037\n|detailschange|p2b: Palafin|Palafin-Hero, L50, M\n|switch|p2b: Baxcalibur|Baxcalibur, L50, M|100\/100\n|move|p2a: Amoonguss|Protect|p2a: Amoonguss\n|-singleturn|p2a: Amoonguss|Protect\n|move|p1b: Lilligant|Sleep Powder|p2b: Baxcalibur\n|-status|p2b: Baxcalibur|slp|[from] move: Sleep Powder\n|move|p1a: Torkoal|Flamethrower|p2a: Amoonguss\n|-activate|p2a: Amoonguss|move: Protect\n|\n|-weather|SunnyDay|[upkeep]\n|upkeep\n|turn|2\n|\n|t:|1681824057\n|-terastallize|p2a: Amoonguss|Water\n|-terastallize|p1a: Torkoal|Fire\n|move|p1b: Lilligant|After You|p1a: Torkoal\n|-activate|p1a: Torkoal|move: After You\n|move|p1a: Torkoal|Eruption|p2a: Amoonguss|[spread] p2a,p2b\n|-resisted|p2a: Amoonguss\n|-damage|p2a: Amoonguss|59\/100\n|-damage|p2b: Baxcalibur|9\/100 slp\n|-ability|p2b: Baxcalibur|Thermal Exchange|boost\n|-boost|p2b: Baxcalibur|atk|1\n|cant|p2b: Baxcalibur|slp\n|move|p2a: Amoonguss|Spore|p1a: Torkoal\n|-activate|p1a: Torkoal|item: Safety Goggles|Spore\n|\n|-weather|SunnyDay|[upkeep]\n|upkeep\n|turn|3\n|\n|t:|1681824081\n|move|p2a: Amoonguss|Protect|p2a: Amoonguss\n|-singleturn|p2a: Amoonguss|Protect\n|-curestatus|p2b: Baxcalibur|slp|[msg]\n|move|p2b: Baxcalibur|Ice Shard|p1b: Lilligant\n|-supereffective|p1b: Lilligant\n|-damage|p1b: Lilligant|0 fnt\n|faint|p1b: Lilligant\n|move|p1a: Torkoal|Flamethrower|p2b: Baxcalibur\n|-damage|p2b: Baxcalibur|0 fnt\n|faint|p2b: Baxcalibur\n|\n|-weather|SunnyDay|[upkeep]\n|upkeep\n|\n|t:|1681824097\n|switch|p1b: Great Tusk|Great Tusk, L50|100\/100\n|switch|p2b: Palafin|Palafin-Hero, L50, M|100\/100\n|-activate|p1b: Great Tusk|ability: Protosynthesis\n|-start|p1b: Great Tusk|protosynthesisatk\n|-activate|p2b: Palafin|ability: Zero to Hero\n|turn|4\n|\n|t:|1681824120\n|move|p2a: Amoonguss|Rage Powder|p2a: Amoonguss\n|-singleturn|p2a: Amoonguss|move: Rage Powder\n|move|p1b: Great Tusk|Headlong Rush|p2a: Amoonguss\n|-damage|p2a: Amoonguss|0 fnt\n|-unboost|p1b: Great Tusk|def|1\n|-unboost|p1b: Great Tusk|spd|1\n|faint|p2a: Amoonguss\n|move|p2b: Palafin|Wave Crash|p1a: Torkoal\n|-supereffective|p1a: Torkoal\n|-damage|p1a: Torkoal|29\/100\n|-damage|p2b: Palafin|80\/100|[from] Recoil\n|move|p1a: Torkoal|Eruption|p2b: Palafin\n|-resisted|p2b: Palafin\n|-damage|p2b: Palafin|60\/100\n|\n|-weather|SunnyDay|[upkeep]\n|upkeep\n|\n|t:|1681824133\n|switch|p2a: Flutter Mane|Flutter Mane, L50|100\/100\n|-activate|p2a: Flutter Mane|ability: Protosynthesis\n|-start|p2a: Flutter Mane|protosynthesisspe\n|turn|5\n|\n|t:|1681824147\n|-end|p1b: Great Tusk|Protosynthesis|[silent]\n|switch|p1b: Chien-Pao|Chien-Pao, L50|100\/100\n|-ability|p1b: Chien-Pao|Sword of Ruin\n|move|p1a: Torkoal|Protect|p1a: Torkoal\n|-singleturn|p1a: Torkoal|Protect\n|move|p2a: Flutter Mane|Moonblast|p1b: Chien-Pao\n|-supereffective|p1b: Chien-Pao\n|-enditem|p1b: Chien-Pao|Focus Sash\n|-damage|p1b: Chien-Pao|1\/100\n|-unboost|p1b: Chien-Pao|spa|1\n|move|p2b: Palafin|Wave Crash|p1a: Torkoal\n|-activate|p1a: Torkoal|move: Protect\n|\n|-weather|none\n|-end|p2a: Flutter Mane|Protosynthesis\n|upkeep\n|-enditem|p2a: Flutter Mane|Booster Energy\n|-activate|p2a: Flutter Mane|ability: Protosynthesis|[fromitem]\n|-start|p2a: Flutter Mane|protosynthesisspe\n|turn|6\n|\n|t:|1681824163\n|move|p2a: Flutter Mane|Protect|p2a: Flutter Mane\n|-singleturn|p2a: Flutter Mane|Protect\n|move|p2b: Palafin|Jet Punch|p1b: Chien-Pao\n|-damage|p1b: Chien-Pao|0 fnt\n|faint|p1b: Chien-Pao\n|move|p1a: Torkoal|Flamethrower|p2a: Flutter Mane\n|-activate|p2a: Flutter Mane|move: Protect\n|\n|upkeep\n|\n|t:|1681824167\n|switch|p1b: Great Tusk|Great Tusk, L50|100\/100\n|turn|7\n|\n|t:|1681824174\n|move|p2a: Flutter Mane|Moonblast|p1b: Great Tusk\n|-supereffective|p1b: Great Tusk\n|-damage|p1b: Great Tusk|0 fnt\n|faint|p1b: Great Tusk\n|-end|p1b: Great Tusk|Protosynthesis|[silent]\n|move|p2b: Palafin|Wave Crash|p1a: Torkoal\n|-supereffective|p1a: Torkoal\n|-damage|p1a: Torkoal|0 fnt\n|faint|p1a: Torkoal\n|-damage|p2b: Palafin|52\/100|[from] Recoil\n|\n|win|haha u rage quit\n|raw|Hibu14's rating: 1262 → 1237<\/strong> (-25 for losing)\n|raw|haha u rage quit's rating: 1256 → 1281<\/strong> (+25 for winning)\n|l|\u2606Hibu14\n","uploadtime":1681824218,"views":7,"p1id":"hibu14","p2id":"hahauragequit","formatid":"gen9vgc2023regulationc","rating":1237,"private":0,"password":""}