{"id":"gen9vgc2023regulationc-1847387551","p1":"uhoh I poopd","p2":"MechadaConPure","format":"[Gen 9] VGC 2023 Regulation C","log":"|j|\u2606uhoh I poopd\n|j|\u2606MechadaConPure\n|t:|1681949174\n|gametype|doubles\n|player|p1|uhoh I poopd|colress|1319\n|player|p2|MechadaConPure|waiter|1350\n|teamsize|p1|6\n|teamsize|p2|6\n|gen|9\n|tier|[Gen 9] VGC 2023 Regulation C\n|rated|\n|rule|Species Clause: Limit one of each Pok\u00e9mon\n|rule|Item Clause: Limit one of each item\n|clearpoke\n|poke|p1|Masquerain, L50, M|\n|poke|p1|Coalossal, L50, M|\n|poke|p1|Amoonguss, L50, M|\n|poke|p1|Arcanine, L50, M|\n|poke|p1|Palafin, L50, M|\n|poke|p1|Annihilape, L50, M|\n|poke|p2|Quaquaval, L50, M|\n|poke|p2|Flutter Mane, L50|\n|poke|p2|Amoonguss, L50, F|\n|poke|p2|Ting-Lu, L50|\n|poke|p2|Arcanine, L50, F|\n|poke|p2|Corviknight, L50, F|\n|teampreview|4\nMechadaConPure has agreed to open team sheets.\n|j| Gran Autisimo\n|\n|t:|1681949235\n|start\n|switch|p1a: de Havilland|Masquerain, L50, M|100\/100\n|switch|p1b: Armavee|Coalossal, L50, M|100\/100\n|switch|p2a: Ting-Lu|Ting-Lu, L50|100\/100\n|switch|p2b: Amoonguss|Amoonguss, L50, F|100\/100\n|-ability|p1a: de Havilland|Intimidate|boost\n|-unboost|p2a: Ting-Lu|atk|1\n|-unboost|p2b: Amoonguss|atk|1\n|-ability|p2a: Ting-Lu|Vessel of Ruin\n|turn|1\n|\n|t:|1681949257\n|move|p1a: de Havilland|Aqua Jet|p1b: Armavee\n|-supereffective|p1b: Armavee\n|-damage|p1b: Armavee|81\/100\n|-ability|p1b: Armavee|Steam Engine|boost\n|-boost|p1b: Armavee|spe|6\n|-enditem|p1b: Armavee|Weakness Policy\n|-boost|p1b: Armavee|atk|2|[from] item: Weakness Policy\n|-boost|p1b: Armavee|spa|2|[from] item: Weakness Policy\n|move|p1b: Armavee|Heat Wave|p2b: Amoonguss|[spread] p2a,p2b\n|-supereffective|p2b: Amoonguss\n|-damage|p2a: Ting-Lu|81\/100\n|-damage|p2b: Amoonguss|35\/100\n|-enditem|p2b: Amoonguss|Sitrus Berry|[eat]\n|-heal|p2b: Amoonguss|60\/100|[from] item: Sitrus Berry\n|move|p2a: Ting-Lu|Stomping Tantrum|p1b: Armavee\n|-supereffective|p1b: Armavee\n|-damage|p1b: Armavee|23\/100\n|move|p2b: Amoonguss|Spore|p1b: Armavee\n|-status|p1b: Armavee|slp|[from] move: Spore\n|\n|upkeep\n|turn|2\n|\n|t:|1681949281\n|switch|p1a: Toad|Amoonguss, L50, M|100\/100\n|-terastallize|p1b: Armavee|Grass\n|cant|p1b: Armavee|slp\n|move|p2a: Ting-Lu|Stomping Tantrum|p1b: Armavee\n|-resisted|p1b: Armavee\n|-damage|p1b: Armavee|16\/100 slp\n|move|p2b: Amoonguss|Spore|p1a: Toad\n|-immune|p1a: Toad\n|\n|upkeep\n|turn|3\n|\n|t:|1681949307\n|move|p2b: Amoonguss|Protect|p2b: Amoonguss\n|-singleturn|p2b: Amoonguss|Protect\n|-curestatus|p1b: Armavee|slp|[msg]\n|move|p1b: Armavee|Tera Blast|p2a: Ting-Lu\n|-supereffective|p2a: Ting-Lu\n|-damage|p2a: Ting-Lu|30\/100\n|move|p2a: Ting-Lu|Stomping Tantrum|p1b: Armavee\n|-resisted|p1b: Armavee\n|-damage|p1b: Armavee|8\/100\n|move|p1a: Toad|Pollen Puff|p1b: Armavee\n|-heal|p1b: Armavee|58\/100\n|\n|upkeep\n|turn|4\n|\n|t:|1681949331\n|move|p1b: Armavee|Tera Blast|p2a: Ting-Lu\n|-supereffective|p2a: Ting-Lu\n|-damage|p2a: Ting-Lu|0 fnt\n|faint|p2a: Ting-Lu\n|move|p1a: Toad|Pollen Puff|p1b: Armavee\n|-heal|p1b: Armavee|100\/100\n|move|p2b: Amoonguss|Spore|p1b: Armavee\n|-immune|p1b: Armavee\n|\n|upkeep\n|\n|t:|1681949349\n|switch|p2a: Quaquaval|Quaquaval, L50, M|100\/100\n|turn|5\n|-message|MechadaConPure forfeited.\n|\n|win|uhoh I poopd\n|raw|uhoh I poopd's rating: 1319 → 1341<\/strong> (+22 for winning)\n|raw|MechadaConPure's rating: 1350 → 1328<\/strong> (-22 for losing)\n|l|\u2606MechadaConPure\n","uploadtime":1681949381,"views":3,"p1id":"uhohipoopd","p2id":"mechadaconpure","formatid":"gen9vgc2023regulationc","rating":1328,"private":0,"password":""}