{"id":"gen9vgc2023regulationc-1846665944","p1":"jyhgfguy","p2":"salt-air24","format":"[Gen 9] VGC 2023 Regulation C","log":"|j|\u2606jyhgfguy\n|j|\u2606salt-air24\n|t:|1681863428\n|gametype|doubles\n|player|p1|jyhgfguy|169|1000\n|player|p2|salt-air24|acetrainer-gen4dp|1067\n|teamsize|p1|6\n|teamsize|p2|6\n|gen|9\n|tier|[Gen 9] VGC 2023 Regulation C\n|rated|\n|rule|Species Clause: Limit one of each Pok\u00e9mon\n|rule|Item Clause: Limit one of each item\n|clearpoke\n|poke|p1|Torkoal, L50, F|\n|poke|p1|Chi-Yu, L50|\n|poke|p1|Bronzong, L50|\n|poke|p1|Gastrodon, L50, F|\n|poke|p1|Grimmsnarl, L50, M|\n|poke|p1|Skeledirge, L50, M|\n|poke|p2|Chi-Yu, L50|\n|poke|p2|Dachsbun, L50, F|\n|poke|p2|Dragonite, L50, F|\n|poke|p2|Flutter Mane, L50|\n|poke|p2|Azumarill, L50, F|\n|poke|p2|Chien-Pao, L50|\n|teampreview|4\n|inactive|Battle timer is ON: inactive players will automatically lose when time's up. (requested by salt-air24)\n|\n|t:|1681863446\n|start\n|switch|p1a: Grimmsnarl|Grimmsnarl, L50, M|100\/100\n|switch|p1b: Bronzong|Bronzong, L50|100\/100\n|switch|p2a: Chi-Yu|Chi-Yu, L50|100\/100\n|switch|p2b: Dachsbun|Dachsbun, L50, F|100\/100\n|-ability|p2a: Chi-Yu|Beads of Ruin\n|turn|1\n|\n|t:|1681863465\n|move|p1a: Grimmsnarl|Fake Out|p2a: Chi-Yu\n|-damage|p2a: Chi-Yu|78\/100\n|cant|p2a: Chi-Yu|flinch\n|move|p2b: Dachsbun|Yawn|p1b: Bronzong\n|-start|p1b: Bronzong|move: Yawn|[of] p2b: Dachsbun\n|move|p1b: Bronzong|Trick Room|p1b: Bronzong\n|-fieldstart|move: Trick Room|[of] p1b: Bronzong\n|\n|upkeep\n|turn|2\n|\n|t:|1681863481\n|switch|p1b: Gastrodon|Gastrodon, L50, F|100\/100\n|move|p1a: Grimmsnarl|Trick|p2b: Dachsbun\n|-activate|p1a: Grimmsnarl|move: Trick|[of] p2b: Dachsbun\n|-item|p2b: Dachsbun|Lagging Tail|[from] move: Trick\n|-item|p1a: Grimmsnarl|Leftovers|[from] move: Trick\n|move|p2b: Dachsbun|Wish|p2b: Dachsbun\n|move|p2a: Chi-Yu|Lava Plume|p1b: Gastrodon|[spread] p1a,p1b\n|-ability|p2b: Dachsbun|Well-Baked Body|boost\n|-boost|p2b: Dachsbun|def|2\n|-resisted|p1b: Gastrodon\n|-damage|p1a: Grimmsnarl|50\/100\n|-damage|p1b: Gastrodon|85\/100\n|-status|p1a: Grimmsnarl|brn\n|\n|-heal|p1a: Grimmsnarl|56\/100 brn|[from] item: Leftovers\n|-damage|p1a: Grimmsnarl|50\/100 brn|[from] brn\n|upkeep\n|turn|3\n|\n|t:|1681863499\n|switch|p1a: Skeledirge|Skeledirge, L50, M|100\/100\n|move|p1b: Gastrodon|Clear Smog|p2b: Dachsbun\n|-supereffective|p2b: Dachsbun\n|-crit|p2b: Dachsbun\n|-damage|p2b: Dachsbun|55\/100\n|-clearboost|p2b: Dachsbun\n|move|p2a: Chi-Yu|Lava Plume|p1a: Skeledirge|[spread] p1a,p1b\n|-ability|p2b: Dachsbun|Well-Baked Body|boost\n|-boost|p2b: Dachsbun|def|2\n|-resisted|p1a: Skeledirge\n|-resisted|p1b: Gastrodon\n|-damage|p1a: Skeledirge|78\/100\n|-damage|p1b: Gastrodon|68\/100\n|move|p2b: Dachsbun|Body Press|p1b: Gastrodon\n|-damage|p1b: Gastrodon|20\/100\n|\n|-heal|p2b: Dachsbun|100\/100|[from] move: Wish|[wisher] Dachsbun\n|-heal|p1a: Skeledirge|84\/100|[from] item: Leftovers\n|upkeep\n|turn|4\n|inactive|jyhgfguy has 30 seconds left.\n|\n|t:|1681863524\n|move|p1b: Gastrodon|Earth Power|p2a: Chi-Yu\n|-supereffective|p2a: Chi-Yu\n|-damage|p2a: Chi-Yu|0 fnt\n|faint|p2a: Chi-Yu\n|move|p1a: Skeledirge|Torch Song|p2b: Dachsbun\n|-ability|p2b: Dachsbun|Well-Baked Body|boost\n|-boost|p2b: Dachsbun|def|2\n|move|p2b: Dachsbun|Yawn|p1a: Skeledirge\n|-start|p1a: Skeledirge|move: Yawn|[of] p2b: Dachsbun\n|\n|-heal|p1a: Skeledirge|89\/100|[from] item: Leftovers\n|upkeep\n|\n|t:|1681863536\n|switch|p2a: Flutter Mane|Flutter Mane, L50|100\/100\n|-enditem|p2a: Flutter Mane|Booster Energy\n|-activate|p2a: Flutter Mane|ability: Protosynthesis|[fromitem]\n|-start|p2a: Flutter Mane|protosynthesisspe\n|turn|5\n|\n|t:|1681863547\n|switch|p1a: Grimmsnarl|Grimmsnarl, L50, M|50\/100 brn\n|move|p2a: Flutter Mane|Protect|p2a: Flutter Mane\n|-singleturn|p2a: Flutter Mane|Protect\n|move|p2b: Dachsbun|Protect|p2b: Dachsbun\n|-singleturn|p2b: Dachsbun|Protect\n|move|p1b: Gastrodon|Clear Smog|p2b: Dachsbun\n|-activate|p2b: Dachsbun|move: Protect\n|\n|-heal|p1a: Grimmsnarl|56\/100 brn|[from] item: Leftovers\n|-damage|p1a: Grimmsnarl|50\/100 brn|[from] brn\n|-fieldend|move: Trick Room\n|upkeep\n|turn|6\n|\n|t:|1681863570\n|move|p1b: Gastrodon|Protect|p1b: Gastrodon\n|-singleturn|p1b: Gastrodon|Protect\n|move|p1a: Grimmsnarl|Sucker Punch|p2a: Flutter Mane\n|-damage|p2a: Flutter Mane|65\/100\n|move|p2a: Flutter Mane|Dazzling Gleam|p1a: Grimmsnarl|[spread] p1a\n|-activate|p1b: Gastrodon|move: Protect\n|-supereffective|p1a: Grimmsnarl\n|-damage|p1a: Grimmsnarl|0 fnt\n|faint|p1a: Grimmsnarl\n|move|p2b: Dachsbun|Wish|p2b: Dachsbun\n|\n|upkeep\n|\n|t:|1681863574\n|switch|p1a: Bronzong|Bronzong, L50|100\/100\n|turn|7\n|inactive|salt-air24 has 30 seconds left.\n|inactive|salt-air24 has 20 seconds left.\n|inactive|salt-air24 has 15 seconds left.\n|inactive|salt-air24 has 10 seconds left.\n|\n|t:|1681863620\n|switch|p1b: Skeledirge|Skeledirge, L50, M|89\/100\n|move|p2a: Flutter Mane|Dazzling Gleam|p1b: Skeledirge|[spread] p1a,p1b\n|-resisted|p1a: Bronzong\n|-crit|p1a: Bronzong\n|-resisted|p1b: Skeledirge\n|-damage|p1a: Bronzong|80\/100\n|-damage|p1b: Skeledirge|73\/100\n|move|p1a: Bronzong|Iron Head|p2a: Flutter Mane\n|-supereffective|p2a: Flutter Mane\n|-damage|p2a: Flutter Mane|0 fnt\n|faint|p2a: Flutter Mane\n|-end|p2a: Flutter Mane|Protosynthesis|[silent]\n|move|p2b: Dachsbun|Body Press|p1a: Bronzong\n|-damage|p1a: Bronzong|36\/100\n|\n|-heal|p1b: Skeledirge|79\/100|[from] item: Leftovers\n|upkeep\n|\n|t:|1681863634\n|switch|p2a: Azumarill|Azumarill, L50, F|100\/100\n|turn|8\n|inactive|jyhgfguy has 30 seconds left.\n|\n|t:|1681863661\n|move|p1b: Skeledirge|Protect|p1b: Skeledirge\n|-singleturn|p1b: Skeledirge|Protect\n|move|p2b: Dachsbun|Protect|p2b: Dachsbun\n|-singleturn|p2b: Dachsbun|Protect\n|move|p2a: Azumarill|Liquidation|p1b: Skeledirge\n|-activate|p1b: Skeledirge|move: Protect\n|move|p1a: Bronzong|Trick Room|p1a: Bronzong\n|-fieldstart|move: Trick Room|[of] p1a: Bronzong\n|\n|-heal|p1b: Skeledirge|85\/100|[from] item: Leftovers\n|upkeep\n|turn|9\n|\n|t:|1681863681\n|switch|p1a: Gastrodon|Gastrodon, L50, F|20\/100\n|move|p2a: Azumarill|Play Rough|p1b: Skeledirge|[miss]\n|-miss|p2a: Azumarill|p1b: Skeledirge\n|move|p1b: Skeledirge|Encore|p2b: Dachsbun\n|-start|p2b: Dachsbun|Encore\n|move|p2b: Dachsbun|Protect||[still]\n|-fail|p2b: Dachsbun\n|\n|-heal|p1b: Skeledirge|90\/100|[from] item: Leftovers\n|upkeep\n|turn|10\n|\n|t:|1681863697\n|move|p1a: Gastrodon|Protect|p1a: Gastrodon\n|-singleturn|p1a: Gastrodon|Protect\n|move|p2b: Dachsbun|Protect|p2b: Dachsbun\n|-singleturn|p2b: Dachsbun|Protect\n|move|p2a: Azumarill|Play Rough|p1a: Gastrodon\n|-activate|p1a: Gastrodon|move: Protect\n|move|p1b: Skeledirge|Torch Song|p2a: Azumarill\n|-resisted|p2a: Azumarill\n|-damage|p2a: Azumarill|79\/100\n|-boost|p1b: Skeledirge|spa|1\n|\n|-heal|p1b: Skeledirge|96\/100|[from] item: Leftovers\n|upkeep\n|turn|11\n|\n|t:|1681863717\n|switch|p1a: Bronzong|Bronzong, L50|36\/100\n|move|p2b: Dachsbun|Protect||[still]\n|-fail|p2b: Dachsbun\n|move|p2a: Azumarill|Play Rough|p1a: Bronzong\n|-resisted|p1a: Bronzong\n|-damage|p1a: Bronzong|18\/100\n|-unboost|p1a: Bronzong|atk|1\n|move|p1b: Skeledirge|Torch Song|p2a: Azumarill\n|-resisted|p2a: Azumarill\n|-damage|p2a: Azumarill|45\/100\n|-boost|p1b: Skeledirge|spa|1\n|\n|-heal|p1b: Skeledirge|100\/100|[from] item: Leftovers\n|-end|p2b: Dachsbun|Encore\n|upkeep\n|turn|12\n|inactive|salt-air24 has 30 seconds left.\n|\n|t:|1681863743\n|switch|p1a: Gastrodon|Gastrodon, L50, F|20\/100\n|move|p2a: Azumarill|Protect|p2a: Azumarill\n|-singleturn|p2a: Azumarill|Protect\n|move|p1b: Skeledirge|Encore|p2b: Dachsbun\n|-start|p2b: Dachsbun|Encore\n|move|p2b: Dachsbun|Protect||[still]\n|-fail|p2b: Dachsbun\n|\n|-fieldend|move: Trick Room\n|upkeep\n|turn|13\n|\n|t:|1681863760\n|move|p1a: Gastrodon|Protect|p1a: Gastrodon\n|-singleturn|p1a: Gastrodon|Protect\n|move|p2b: Dachsbun|Protect|p2b: Dachsbun\n|-singleturn|p2b: Dachsbun|Protect\n|move|p1b: Skeledirge|Encore|p2a: Azumarill\n|-start|p2a: Azumarill|Encore\n|move|p2a: Azumarill|Protect||[still]\n|-fail|p2a: Azumarill\n|\n|upkeep\n|turn|14\n|\n|t:|1681863777\n|move|p2a: Azumarill|Protect|p2a: Azumarill\n|-singleturn|p2a: Azumarill|Protect\n|move|p2b: Dachsbun|Protect||[still]\n|-fail|p2b: Dachsbun\n|move|p1b: Skeledirge|Tera Blast|p2b: Dachsbun\n|-damage|p2b: Dachsbun|49\/100\n|move|p1a: Gastrodon|Clear Smog|p2b: Dachsbun\n|-supereffective|p2b: Dachsbun\n|-damage|p2b: Dachsbun|25\/100\n|-clearboost|p2b: Dachsbun\n|\n|-end|p2b: Dachsbun|Encore\n|upkeep\n|turn|15\n|\n|t:|1681863800\n|move|p2a: Azumarill|Protect||[still]\n|-fail|p2a: Azumarill\n|move|p1b: Skeledirge|Tera Blast|p2b: Dachsbun\n|-damage|p2b: Dachsbun|0 fnt\n|faint|p2b: Dachsbun\n|move|p1a: Gastrodon|Sludge Bomb|p2a: Azumarill\n|-supereffective|p2a: Azumarill\n|-damage|p2a: Azumarill|0 fnt\n|faint|p2a: Azumarill\n|\n|win|jyhgfguy\n|raw|jyhgfguy's rating: 1000 → 1048<\/strong> (+48 for winning)\n|raw|salt-air24's rating: 1067 → 1043<\/strong> (-24 for losing)\n","uploadtime":1681863803,"views":14,"p1id":"jyhgfguy","p2id":"saltair24","formatid":"gen9vgc2023regulationc","rating":1043,"private":0,"password":""}