{"id":"gen9vgc2023regulationc-1853174672","p1":"Swisher102","p2":"Edro360","format":"[Gen 9] VGC 2023 Regulation C","log":"|j|\u2606Swisher102\n|j|\u2606Edro360\n|t:|1682644364\n|gametype|doubles\n|player|p1|Swisher102|erika|1289\n|player|p2|Edro360|170|1204\n|teamsize|p1|6\n|teamsize|p2|6\n|gen|9\n|tier|[Gen 9] VGC 2023 Regulation C\n|rated|\n|rule|Species Clause: Limit one of each Pok\u00e9mon\n|rule|Item Clause: Limit one of each item\n|clearpoke\n|poke|p1|Scream Tail, L50|\n|poke|p1|Azumarill, L50, F|\n|poke|p1|Baxcalibur, L50, F|\n|poke|p1|Iron Hands, L50|\n|poke|p1|Scizor, L50, M|\n|poke|p1|Skeledirge, L50, M|\n|poke|p2|Chi-Yu, L50|\n|poke|p2|Ceruledge, L50, M|\n|poke|p2|Dachsbun, L50, M|\n|poke|p2|Iron Hands, L50|\n|poke|p2|Maushold-Four, L50|\n|poke|p2|Baxcalibur, L50, F|\n|teampreview|4\n|inactive|Battle timer is ON: inactive players will automatically lose when time's up. (requested by Swisher102)\n|inactive|Edro360 has 60 seconds left.\n|\n|t:|1682644399\n|start\n|switch|p1a: Scream Tail|Scream Tail, L50|100\/100\n|switch|p1b: Baxcalibur|Baxcalibur, L50, F|100\/100\n|switch|p2a: Chi-Yu|Chi-Yu, L50|100\/100\n|switch|p2b: Dachsbun|Dachsbun, L50, M|100\/100\n|-ability|p2a: Chi-Yu|Beads of Ruin\n|-enditem|p1a: Scream Tail|Booster Energy\n|-activate|p1a: Scream Tail|ability: Protosynthesis|[fromitem]\n|-start|p1a: Scream Tail|protosynthesisspe\n|turn|1\n|inactive|Swisher102 has 30 seconds left.\n|inactive|Swisher102 has 20 seconds left.\n|inactive|Swisher102 has 15 seconds left.\n|\n|t:|1682644442\n|-terastallize|p1b: Baxcalibur|Water\n|move|p1a: Scream Tail|Howl|p1a: Scream Tail|[spread] p1a,p1b\n|-boost|p1a: Scream Tail|atk|1\n|-boost|p1b: Baxcalibur|atk|1\n|move|p2b: Dachsbun|Yawn|p1b: Baxcalibur\n|-start|p1b: Baxcalibur|move: Yawn|[of] p2b: Dachsbun\n|move|p2a: Chi-Yu|Will-O-Wisp|p1a: Scream Tail\n|-status|p1a: Scream Tail|brn\n|move|p1b: Baxcalibur|Glaive Rush|p2a: Chi-Yu\n|-enditem|p2a: Chi-Yu|Focus Sash\n|-damage|p2a: Chi-Yu|1\/100\n|-singlemove|p1b: Baxcalibur|Glaive Rush|[silent]\n|\n|-damage|p1a: Scream Tail|95\/100 brn|[from] brn\n|upkeep\n|turn|2\n|\n|t:|1682644461\n|move|p2b: Dachsbun|Protect|p2b: Dachsbun\n|-singleturn|p2b: Dachsbun|Protect\n|move|p2a: Chi-Yu|Protect|p2a: Chi-Yu\n|-singleturn|p2a: Chi-Yu|Protect\n|move|p1b: Baxcalibur|Ice Shard|p2a: Chi-Yu\n|-activate|p2a: Chi-Yu|move: Protect\n|move|p1a: Scream Tail|Howl|p1a: Scream Tail|[spread] p1a,p1b\n|-boost|p1a: Scream Tail|atk|1\n|-boost|p1b: Baxcalibur|atk|1\n|\n|-damage|p1a: Scream Tail|89\/100 brn|[from] brn\n|-end|p1b: Baxcalibur|move: Yawn|[silent]\n|-status|p1b: Baxcalibur|slp\n|upkeep\n|turn|3\n|\n|t:|1682644482\n|cant|p1b: Baxcalibur|slp\n|move|p1a: Scream Tail|Bulk Up|p1a: Scream Tail\n|-boost|p1a: Scream Tail|atk|1\n|-boost|p1a: Scream Tail|def|1\n|move|p2b: Dachsbun|Body Press|p1b: Baxcalibur\n|-damage|p1b: Baxcalibur|84\/100 slp\n|move|p2a: Chi-Yu|Lava Plume|p1b: Baxcalibur|[spread] p1a,p1b\n|-ability|p2b: Dachsbun|Well-Baked Body|boost\n|-boost|p2b: Dachsbun|def|2\n|-resisted|p1b: Baxcalibur\n|-crit|p1b: Baxcalibur\n|-damage|p1a: Scream Tail|62\/100 brn\n|-damage|p1b: Baxcalibur|64\/100 slp\n|-ability|p1b: Baxcalibur|Thermal Exchange|boost\n|-boost|p1b: Baxcalibur|atk|1\n|\n|-damage|p1a: Scream Tail|56\/100 brn|[from] brn\n|upkeep\n|turn|4\n|\n|t:|1682644502\n|-curestatus|p1b: Baxcalibur|slp|[msg]\n|move|p1b: Baxcalibur|Ice Shard|p2a: Chi-Yu\n|-resisted|p2a: Chi-Yu\n|-damage|p2a: Chi-Yu|0 fnt\n|faint|p2a: Chi-Yu\n|move|p1a: Scream Tail|Calm Mind|p1a: Scream Tail\n|-boost|p1a: Scream Tail|spa|1\n|-boost|p1a: Scream Tail|spd|1\n|move|p2b: Dachsbun|Body Press|p1b: Baxcalibur\n|-damage|p1b: Baxcalibur|29\/100\n|\n|-damage|p1a: Scream Tail|50\/100 brn|[from] brn\n|upkeep\n|\n|t:|1682644517\n|switch|p2a: Iron Hands|Iron Hands, L50|100\/100\n|turn|5\n|\n|t:|1682644543\n|move|p2a: Iron Hands|Fake Out|p1a: Scream Tail\n|-damage|p1a: Scream Tail|40\/100 brn\n|cant|p1a: Scream Tail|flinch\n|move|p2b: Dachsbun|Body Press|p1b: Baxcalibur\n|-damage|p1b: Baxcalibur|0 fnt\n|faint|p1b: Baxcalibur\n|\n|-damage|p1a: Scream Tail|34\/100 brn|[from] brn\n|upkeep\n|\n|t:|1682644549\n|switch|p1b: Azumarill|Azumarill, L50, F|100\/100\n|turn|6\n|\n|t:|1682644567\n|move|p1a: Scream Tail|Baton Pass|p1a: Scream Tail\n|\n|t:|1682644570\n|-end|p1a: Scream Tail|Protosynthesis|[silent]\n|switch|p1a: Scizor|Scizor, L50, M|100\/100|[from] Baton Pass\n|move|p2b: Dachsbun|Body Press|p1a: Scizor\n|-damage|p1a: Scizor|73\/100\n|move|p1b: Azumarill|Play Rough|p2a: Iron Hands\n|-supereffective|p2a: Iron Hands\n|-damage|p2a: Iron Hands|28\/100\n|move|p2a: Iron Hands|Wild Charge|p1b: Azumarill\n|-supereffective|p1b: Azumarill\n|-damage|p1b: Azumarill|0 fnt\n|faint|p1b: Azumarill\n|-damage|p2a: Iron Hands|10\/100|[from] Recoil\n|\n|upkeep\n|\n|t:|1682644579\n|switch|p1b: Scream Tail|Scream Tail, L50|34\/100 brn\n|turn|7\n|inactive|Edro360 has 30 seconds left.\n|\n|t:|1682644605\n|move|p2b: Dachsbun|Protect|p2b: Dachsbun\n|-singleturn|p2b: Dachsbun|Protect\n|move|p1a: Scizor|Bullet Punch|p2b: Dachsbun\n|-activate|p2b: Dachsbun|move: Protect\n|move|p1b: Scream Tail|Howl|p1b: Scream Tail|[spread] p1a,p1b\n|-boost|p1a: Scizor|atk|1\n|-boost|p1b: Scream Tail|atk|1\n|move|p2a: Iron Hands|Drain Punch|p1a: Scizor\n|-damage|p1a: Scizor|44\/100\n|-heal|p2a: Iron Hands|20\/100|[from] drain|[of] p1a: Scizor\n|\n|-damage|p1b: Scream Tail|28\/100 brn|[from] brn\n|upkeep\n|turn|8\n|inactive|Edro360 has 30 seconds left.\n|inactive|Edro360 has 20 seconds left.\n|\n|t:|1682644642\n|-terastallize|p2b: Dachsbun|Fighting\n|move|p1a: Scizor|Bullet Punch|p2a: Iron Hands\n|-resisted|p2a: Iron Hands\n|-damage|p2a: Iron Hands|0 fnt\n|faint|p2a: Iron Hands\n|-end|p2a: Iron Hands|Quark Drive|[silent]\n|move|p1b: Scream Tail|Howl|p1b: Scream Tail|[spread] p1a,p1b\n|-boost|p1a: Scizor|atk|1\n|-boost|p1b: Scream Tail|atk|1\n|move|p2b: Dachsbun|Body Press|p1a: Scizor\n|-damage|p1a: Scizor|1\/100\n|\n|-damage|p1b: Scream Tail|23\/100 brn|[from] brn\n|upkeep\n|\n|t:|1682644656\n|switch|p2a: Ceruledge|Ceruledge, L50, M|100\/100\n|turn|9\n|\n|t:|1682644663\n|move|p2a: Ceruledge|Shadow Sneak|p1a: Scizor\n|-damage|p1a: Scizor|0 fnt\n|faint|p1a: Scizor\n|move|p1b: Scream Tail|Howl|p1b: Scream Tail\n|-boost|p1b: Scream Tail|atk|1\n|move|p2b: Dachsbun|Body Press|p1b: Scream Tail\n|-resisted|p1b: Scream Tail\n|-damage|p1b: Scream Tail|9\/100 brn\n|\n|-damage|p1b: Scream Tail|3\/100 brn|[from] brn\n|upkeep\n|turn|10\n|-message|Swisher102 forfeited.\n|\n|win|Edro360\n|raw|Swisher102's rating: 1289 → 1258<\/strong> (-31 for losing)\n|raw|Edro360's rating: 1204 → 1235<\/strong> (+31 for winning)\n|l|\u2606Swisher102\n","uploadtime":1682644678,"views":6,"p1id":"swisher102","p2id":"edro360","formatid":"gen9vgc2023regulationc","rating":1235,"private":0,"password":""}