{"id":"gen9vgc2023regulationc-1854940475","p1":"Giuliotrobb","p2":"mattnot3","format":"[Gen 9] VGC 2023 Regulation C","log":"|j|\u2606Giuliotrobb\n|j|\u2606mattnot3\n|t:|1682883075\n|gametype|doubles\n|player|p1|Giuliotrobb|roughneck-gen4|1528\n|player|p2|mattnot3|265|1539\n|teamsize|p1|6\n|teamsize|p2|6\n|gen|9\n|tier|[Gen 9] VGC 2023 Regulation C\n|rated|\n|rule|Species Clause: Limit one of each Pok\u00e9mon\n|rule|Item Clause: Limit one of each item\n|clearpoke\n|poke|p1|Pelipper, L50, F|\n|poke|p1|Gholdengo, L50|\n|poke|p1|Palafin, L50, M|\n|poke|p1|Chien-Pao, L50|\n|poke|p1|Iron Hands, L50|\n|poke|p1|Amoonguss, L50, F|\n|poke|p2|Chi-Yu, L50|\n|poke|p2|Flutter Mane, L50|\n|poke|p2|Scizor, L50, M|\n|poke|p2|Wo-Chien, L50|\n|poke|p2|Gyarados, L50, M|\n|poke|p2|Glimmora, L50, M|\n|teampreview|4\n|inactive|Battle timer is ON: inactive players will automatically lose when time's up. (requested by Giuliotrobb)\n|j| Rabbihorn\n|\n|t:|1682883123\n|start\n|switch|p1a: Iron Hands|Iron Hands, L50|100\/100\n|switch|p1b: Amoonguss|Amoonguss, L50, F|100\/100\n|switch|p2a: Scizor|Scizor, L50, M|100\/100\n|switch|p2b: Glimmora|Glimmora, L50, M|100\/100\n|turn|1\n|\n|t:|1682883139\n|-end|p1a: Iron Hands|Quark Drive|[silent]\n|switch|p1a: Gholdengo|Gholdengo, L50|100\/100\n|move|p2b: Glimmora|Mortal Spin|p1a: Gholdengo|[spread] p1b\n|-immune|p1a: Gholdengo\n|-damage|p1b: Amoonguss|96\/100\n|move|p2a: Scizor|Tailwind|p2a: Scizor\n|-sidestart|p2: mattnot3|move: Tailwind\n|move|p1b: Amoonguss|Spore|p2b: Glimmora\n|-status|p2b: Glimmora|slp|[from] move: Spore\n|\n|upkeep\n|turn|2\n|inactive|mattnot3 has 30 seconds left.\n|\n|t:|1682883165\n|switch|p2b: Gyarados|Gyarados, L50, M|100\/100\n|-ability|p2b: Gyarados|Intimidate|boost\n|-unboost|p1a: Gholdengo|atk|1\n|-unboost|p1b: Amoonguss|atk|1\n|switch|p1b: Iron Hands|Iron Hands, L50|100\/100\n|move|p2a: Scizor|U-turn|p1b: Iron Hands\n|-resisted|p1b: Iron Hands\n|-damage|p1b: Iron Hands|88\/100\n|\n|t:|1682883177\n|switch|p2a: Flutter Mane|Flutter Mane, L50|100\/100|[from] U-turn\n|-enditem|p2a: Flutter Mane|Booster Energy\n|-activate|p2a: Flutter Mane|ability: Protosynthesis|[fromitem]\n|-start|p2a: Flutter Mane|protosynthesisspa\n|move|p1a: Gholdengo|Nasty Plot|p1a: Gholdengo\n|-boost|p1a: Gholdengo|spa|2\n|\n|upkeep\n|turn|3\n|inactive|mattnot3 has 30 seconds left.\n|\n|t:|1682883203\n|-terastallize|p2b: Gyarados|Grass\n|-terastallize|p1a: Gholdengo|Water\n|move|p1b: Iron Hands|Fake Out|p2b: Gyarados\n|-damage|p2b: Gyarados|85\/100\n|move|p2a: Flutter Mane|Substitute|p2a: Flutter Mane\n|-start|p2a: Flutter Mane|Substitute\n|-damage|p2a: Flutter Mane|76\/100\n|cant|p2b: Gyarados|flinch\n|move|p1a: Gholdengo|Shadow Ball|p2a: Flutter Mane\n|-supereffective|p2a: Flutter Mane\n|-end|p2a: Flutter Mane|Substitute\n|\n|upkeep\n|turn|4\n|inactive|Giuliotrobb has 30 seconds left.\n|inactive|Giuliotrobb has 20 seconds left.\n|inactive|mattnot3 has 30 seconds left.\n|\n|t:|1682883244\n|-end|p1b: Iron Hands|Quark Drive|[silent]\n|switch|p1b: Amoonguss|Amoonguss, L50, F|100\/100\n|move|p2a: Flutter Mane|Moonblast|p1a: Gholdengo\n|-damage|p1a: Gholdengo|39\/100\n|move|p2b: Gyarados|Waterfall|p1a: Gholdengo\n|-resisted|p1a: Gholdengo\n|-damage|p1a: Gholdengo|25\/100\n|move|p1a: Gholdengo|Make It Rain|p2b: Gyarados|[spread] p2a,p2b\n|-supereffective|p2a: Flutter Mane\n|-damage|p2a: Flutter Mane|0 fnt\n|-damage|p2b: Gyarados|24\/100\n|-unboost|p1a: Gholdengo|spa|1\n|-enditem|p2b: Gyarados|Sitrus Berry|[eat]\n|-heal|p2b: Gyarados|49\/100|[from] item: Sitrus Berry\n|faint|p2a: Flutter Mane\n|-end|p2a: Flutter Mane|Protosynthesis|[silent]\n|\n|-heal|p1a: Gholdengo|31\/100|[from] item: Leftovers\n|-sideend|p2: mattnot3|move: Tailwind\n|upkeep\n|\n|t:|1682883256\n|switch|p2a: Scizor|Scizor, L50, M|100\/100\n|turn|5\n|\n|t:|1682883272\n|switch|p1a: Iron Hands|Iron Hands, L50|88\/100\n|move|p2b: Gyarados|Taunt|p1b: Amoonguss\n|-start|p1b: Amoonguss|move: Taunt\n|move|p2a: Scizor|U-turn|p1a: Iron Hands\n|-resisted|p1a: Iron Hands\n|-damage|p1a: Iron Hands|74\/100\n|\n|t:|1682883274\n|switch|p2a: Glimmora|Glimmora, L50, M|100\/100 slp|[from] U-turn\n|move|p1b: Amoonguss|Pollen Puff|p1a: Iron Hands\n|-heal|p1a: Iron Hands|100\/100\n|\n|upkeep\n|turn|6\n|\n|t:|1682883295\n|cant|p2a: Glimmora|slp\n|move|p2b: Gyarados|Whirlpool|p1a: Iron Hands\n|-damage|p1a: Iron Hands|96\/100\n|-activate|p1a: Iron Hands|move: Whirlpool|[of] p2b: Gyarados\n|move|p1a: Iron Hands|Volt Switch|p2a: Glimmora\n|-damage|p2a: Glimmora|90\/100 slp\n|\n|t:|1682883308\n|-end|p1a: Iron Hands|Quark Drive|[silent]\n|switch|p1a: Gholdengo|Gholdengo, L50, tera:Water|31\/100|[from] Volt Switch\n|move|p1b: Amoonguss|Pollen Puff|p2b: Gyarados\n|-supereffective|p2b: Gyarados\n|-damage|p2b: Gyarados|23\/100\n|\n|-heal|p1a: Gholdengo|37\/100|[from] item: Leftovers\n|upkeep\n|turn|7\n|inactive|mattnot3 has 30 seconds left.\n|inactive|mattnot3 has 20 seconds left.\n|\n|t:|1682883343\n|cant|p2a: Glimmora|slp\n|move|p1a: Gholdengo|Make It Rain|p2a: Glimmora|[spread] p2a,p2b\n|-supereffective|p2a: Glimmora\n|-damage|p2a: Glimmora|17\/100 slp\n|-damage|p2b: Gyarados|0 fnt\n|-unboost|p1a: Gholdengo|spa|1\n|faint|p2b: Gyarados\n|move|p1b: Amoonguss|Pollen Puff|p1a: Gholdengo\n|-heal|p1a: Gholdengo|87\/100\n|\n|-heal|p1a: Gholdengo|94\/100|[from] item: Leftovers\n|-end|p1b: Amoonguss|move: Taunt\n|upkeep\n|\n|t:|1682883352\n|switch|p2b: Scizor|Scizor, L50, M|100\/100\n|turn|8\n|\n|t:|1682883361\n|move|p1a: Gholdengo|Protect|p1a: Gholdengo\n|-singleturn|p1a: Gholdengo|Protect\n|-curestatus|p2a: Glimmora|slp|[msg]\n|move|p2a: Glimmora|Power Gem|p1a: Gholdengo\n|-activate|p1a: Gholdengo|move: Protect\n|move|p2b: Scizor|U-turn|p1a: Gholdengo\n|-activate|p1a: Gholdengo|move: Protect\n|move|p1b: Amoonguss|Leaf Storm|p2a: Glimmora\n|-damage|p2a: Glimmora|0 fnt\n|-unboost|p1b: Amoonguss|spa|2\n|faint|p2a: Glimmora\n|\n|-heal|p1a: Gholdengo|99\/100|[from] item: Leftovers\n|upkeep\n|turn|9\n|l| Rabbihorn\n|-message|mattnot3 forfeited.\n|\n|win|Giuliotrobb\n|raw|Giuliotrobb's rating: 1528 → 1549<\/strong> (+21 for winning)\n|raw|mattnot3's rating: 1539 → 1518<\/strong> (-21 for losing)\n|c|\u2606mattnot3|gg\n|l|\u2606Giuliotrobb\n","uploadtime":1682883384,"views":8,"p1id":"giuliotrobb","p2id":"mattnot3","formatid":"gen9vgc2023regulationc","rating":1518,"private":0,"password":""}