{"id":"gen9vgc2023regulationc-1847467548","p1":"darlingtonia","p2":"ModernNeesh","format":"[Gen 9] VGC 2023 Regulation C","log":"|j|\u2606darlingtonia\n|j|\u2606ModernNeesh\n|t:|1681958734\n|gametype|doubles\n|player|p1|darlingtonia|proton|\n|player|p2|ModernNeesh|hilbert|\n|teamsize|p1|6\n|teamsize|p2|6\n|gen|9\n|tier|[Gen 9] VGC 2023 Regulation C\n|rule|Species Clause: Limit one of each Pok\u00e9mon\n|rule|Item Clause: Limit one of each item\n|clearpoke\n|poke|p1|Chi-Yu, L50|\n|poke|p1|Palafin, L50, M|\n|poke|p1|Amoonguss, L50, F|\n|poke|p1|Glimmora, L50, M|\n|poke|p1|Flutter Mane, L50|\n|poke|p1|Dragonite, L50, F|\n|poke|p2|Talonflame, L50, M|\n|poke|p2|Flutter Mane, L50|\n|poke|p2|Dragonite, L50, M|\n|poke|p2|Amoonguss, L50, M|\n|poke|p2|Iron Bundle, L50|\n|poke|p2|Great Tusk, L50|\n|teampreview|4\nModernNeesh has agreed to open team sheets.\ndarlingtonia has agreed to open team sheets.\n|\n|t:|1681958796\n|start\n|switch|p1a: Amoonguss|Amoonguss, L50, F|100\/100\n|switch|p1b: Palafin|Palafin, L50, M|100\/100\n|switch|p2a: Iron Bundle|Iron Bundle, L50|100\/100\n|switch|p2b: Amoonguss|Amoonguss, L50, M|100\/100\n|-enditem|p2a: Iron Bundle|Booster Energy\n|-activate|p2a: Iron Bundle|ability: Quark Drive|[fromitem]\n|-start|p2a: Iron Bundle|quarkdrivespe\n|turn|1\n|\n|t:|1681958830\n|detailschange|p1b: Palafin|Palafin-Hero, L50, M\n|switch|p1b: Chi-Yu|Chi-Yu, L50|100\/100\n|-ability|p1b: Chi-Yu|Beads of Ruin\n|move|p2a: Iron Bundle|Protect|p2a: Iron Bundle\n|-singleturn|p2a: Iron Bundle|Protect\n|move|p2b: Amoonguss|Spore|p1b: Chi-Yu\n|-status|p1b: Chi-Yu|slp|[from] move: Spore\n|move|p1a: Amoonguss|Spore|p2a: Iron Bundle\n|-activate|p2a: Iron Bundle|move: Protect\n|\n|upkeep\n|turn|2\n|\n|t:|1681958867\n|switch|p2b: Talonflame|Talonflame, L50, M|100\/100\n|-terastallize|p2a: Iron Bundle|Ice\n|move|p2a: Iron Bundle|Freeze-Dry|p1a: Amoonguss\n|-supereffective|p1a: Amoonguss\n|-damage|p1a: Amoonguss|0 fnt\n|faint|p1a: Amoonguss\n|cant|p1b: Chi-Yu|slp\n|\n|upkeep\n|\n|t:|1681958878\n|switch|p1a: Palafin|Palafin-Hero, L50, M|100\/100\n|-activate|p1a: Palafin|ability: Zero to Hero\n|turn|3\n|\n|t:|1681958905\n|-terastallize|p1b: Chi-Yu|Ghost\n|move|p2b: Talonflame|Protect|p2b: Talonflame\n|-singleturn|p2b: Talonflame|Protect\n|move|p1a: Palafin|Jet Punch|p2b: Talonflame\n|-activate|p2b: Talonflame|move: Protect\n|move|p2a: Iron Bundle|Freeze-Dry|p1a: Palafin\n|-supereffective|p1a: Palafin\n|-damage|p1a: Palafin|0 fnt\n|faint|p1a: Palafin\n|cant|p1b: Chi-Yu|slp\n|\n|upkeep\n|\n|t:|1681958916\n|switch|p1a: Glimmora|Glimmora, L50, M|100\/100\n|turn|4\n|\n|t:|1681958945\n|move|p1a: Glimmora|Spiky Shield|p1a: Glimmora\n|-singleturn|p1a: Glimmora|move: Protect\n|move|p2a: Iron Bundle|Hydro Pump|p1a: Glimmora\n|-activate|p1a: Glimmora|move: Protect\n|move|p2b: Talonflame|Heat Wave|p1a: Glimmora|[spread] \n|-activate|p1a: Glimmora|move: Protect\n|-miss|p2b: Talonflame|p1b: Chi-Yu\n|-curestatus|p1b: Chi-Yu|slp|[msg]\n|move|p1b: Chi-Yu|Snarl|p2b: Talonflame|[spread] p2a,p2b\n|-crit|p2b: Talonflame\n|-damage|p2a: Iron Bundle|31\/100\n|-damage|p2b: Talonflame|36\/100\n|-unboost|p2a: Iron Bundle|spa|1\n|-unboost|p2b: Talonflame|spa|1\n|\n|upkeep\n|turn|5\n|\n|t:|1681958965\n|move|p2a: Iron Bundle|Hydro Pump|p1a: Glimmora\n|-supereffective|p1a: Glimmora\n|-enditem|p1a: Glimmora|Focus Sash\n|-damage|p1a: Glimmora|1\/100\n|move|p2b: Talonflame|Heat Wave|p1a: Glimmora|[spread] p1a,p1b\n|-resisted|p1a: Glimmora\n|-damage|p1a: Glimmora|0 fnt\n|-damage|p1b: Chi-Yu|91\/100\n|faint|p1a: Glimmora\n|move|p1b: Chi-Yu|Snarl|p2a: Iron Bundle|[spread] p2a,p2b\n|-damage|p2a: Iron Bundle|0 fnt\n|-damage|p2b: Talonflame|0 fnt\n|faint|p2a: Iron Bundle\n|-end|p2a: Iron Bundle|Quark Drive|[silent]\n|faint|p2b: Talonflame\n|\n|upkeep\n|\n|t:|1681958976\n|switch|p2a: Flutter Mane|Flutter Mane, L50|100\/100\n|switch|p2b: Amoonguss|Amoonguss, L50, M|100\/100\n|turn|6\n|\n|t:|1681958994\n|move|p2a: Flutter Mane|Shadow Ball|p1b: Chi-Yu\n|-supereffective|p1b: Chi-Yu\n|-crit|p1b: Chi-Yu\n|-damage|p1b: Chi-Yu|0 fnt\n|faint|p1b: Chi-Yu\n|-damage|p2a: Flutter Mane|91\/100|[from] item: Life Orb\n|\n|win|ModernNeesh\n|c|\u2606ModernNeesh|gg\n","uploadtime":1681959003,"views":9,"p1id":"darlingtonia","p2id":"modernneesh","formatid":"gen9vgc2023regulationc","rating":0,"private":0,"password":""}