{"id":"gen9vgc2023regulationc-1860097765","p1":"NickoVGC","p2":"Mait27","format":"[Gen 9] VGC 2023 Regulation C","log":"|j|\u2606NickoVGC\n|j|\u2606Mait27\n|t:|1683594911\n|gametype|doubles\n|player|p1|NickoVGC|ortega|1191\n|player|p2|Mait27|102|1170\n|teamsize|p1|6\n|teamsize|p2|6\n|gen|9\n|tier|[Gen 9] VGC 2023 Regulation C\n|rated|\n|rule|Species Clause: Limit one of each Pok\u00e9mon\n|rule|Item Clause: Limit one of each item\n|clearpoke\n|poke|p1|Dragonite, L50, M|\n|poke|p1|Amoonguss, L50, M|\n|poke|p1|Palafin, L50, M|\n|poke|p1|Flutter Mane, L50|\n|poke|p1|Ting-Lu, L50|\n|poke|p1|Garganacl, L50, F|\n|poke|p2|Klawf, L50, F|\n|poke|p2|Arcanine, L50, F|\n|poke|p2|Wo-Chien, L50|\n|poke|p2|Iron Bundle, L50|\n|poke|p2|Garganacl, L50, M|\n|poke|p2|Gholdengo, L50|\n|teampreview|4\n|\n|t:|1683594935\n|start\n|switch|p1a: Dragosam|Dragonite, L50, M|100\/100\n|switch|p1b: \u30af\u30ed\u30f3\u30af\u30fb\u30c8\u30ed\u30fc\u30ea\u30f3\u30b0|Amoonguss, L50, M, shiny|100\/100\n|switch|p2a: Iron Bundle|Iron Bundle, L50|100\/100\n|switch|p2b: Gholdengo|Gholdengo, L50|100\/100\n|-enditem|p2a: Iron Bundle|Booster Energy\n|-activate|p2a: Iron Bundle|ability: Quark Drive|[fromitem]\n|-start|p2a: Iron Bundle|quarkdrivespe\n|turn|1\n|\n|t:|1683594951\n|switch|p1a: Eso Fisurin|Ting-Lu, L50|100\/100\n|-ability|p1a: Eso Fisurin|Vessel of Ruin\n|move|p2a: Iron Bundle|Freeze-Dry|p1b: \u30af\u30ed\u30f3\u30af\u30fb\u30c8\u30ed\u30fc\u30ea\u30f3\u30b0\n|-supereffective|p1b: \u30af\u30ed\u30f3\u30af\u30fb\u30c8\u30ed\u30fc\u30ea\u30f3\u30b0\n|-damage|p1b: \u30af\u30ed\u30f3\u30af\u30fb\u30c8\u30ed\u30fc\u30ea\u30f3\u30b0|53\/100\n|move|p2b: Gholdengo|Make It Rain|p1a: Eso Fisurin|[spread] p1a,p1b\n|-damage|p1a: Eso Fisurin|85\/100\n|-damage|p1b: \u30af\u30ed\u30f3\u30af\u30fb\u30c8\u30ed\u30fc\u30ea\u30f3\u30b0|24\/100\n|-unboost|p2b: Gholdengo|spa|1\n|-enditem|p1b: \u30af\u30ed\u30f3\u30af\u30fb\u30c8\u30ed\u30fc\u30ea\u30f3\u30b0|Sitrus Berry|[eat]\n|-heal|p1b: \u30af\u30ed\u30f3\u30af\u30fb\u30c8\u30ed\u30fc\u30ea\u30f3\u30b0|49\/100|[from] item: Sitrus Berry\n|move|p1b: \u30af\u30ed\u30f3\u30af\u30fb\u30c8\u30ed\u30fc\u30ea\u30f3\u30b0|Pollen Puff|p1a: Eso Fisurin\n|-heal|p1a: Eso Fisurin|100\/100\n|\n|upkeep\n|turn|2\n|\n|t:|1683594978\n|switch|p2b: Wo-Chien|Wo-Chien, L50|100\/100\n|-ability|p2b: Wo-Chien|Tablets of Ruin\n|-terastallize|p1a: Eso Fisurin|Water\n|move|p1b: \u30af\u30ed\u30f3\u30af\u30fb\u30c8\u30ed\u30fc\u30ea\u30f3\u30b0|Protect|p1b: \u30af\u30ed\u30f3\u30af\u30fb\u30c8\u30ed\u30fc\u30ea\u30f3\u30b0\n|-singleturn|p1b: \u30af\u30ed\u30f3\u30af\u30fb\u30c8\u30ed\u30fc\u30ea\u30f3\u30b0|Protect\n|move|p2a: Iron Bundle|Freeze-Dry|p1b: \u30af\u30ed\u30f3\u30af\u30fb\u30c8\u30ed\u30fc\u30ea\u30f3\u30b0\n|-activate|p1b: \u30af\u30ed\u30f3\u30af\u30fb\u30c8\u30ed\u30fc\u30ea\u30f3\u30b0|move: Protect\n|move|p1a: Eso Fisurin|Ruination|p2a: Iron Bundle\n|-damage|p2a: Iron Bundle|51\/100\n|\n|upkeep\n|turn|3\n|\n|t:|1683594997\n|switch|p1b: Aleteahuevos|Flutter Mane, L50|100\/100\n|-enditem|p1b: Aleteahuevos|Booster Energy\n|-activate|p1b: Aleteahuevos|ability: Protosynthesis|[fromitem]\n|-start|p1b: Aleteahuevos|protosynthesisspa\n|move|p2a: Iron Bundle|Freeze-Dry|p1b: Aleteahuevos\n|-damage|p1b: Aleteahuevos|74\/100\n|move|p2b: Wo-Chien|Leech Seed|p1a: Eso Fisurin\n|-start|p1a: Eso Fisurin|move: Leech Seed\n|move|p1a: Eso Fisurin|Heavy Slam|p2a: Iron Bundle\n|-damage|p2a: Iron Bundle|17\/100\n|\n|-damage|p1a: Eso Fisurin|88\/100|[from] Leech Seed|[of] p2b: Wo-Chien\n|upkeep\n|turn|4\n|\n|t:|1683595019\n|-end|p2a: Iron Bundle|Quark Drive|[silent]\n|switch|p2a: Gholdengo|Gholdengo, L50|100\/100\n|move|p2b: Wo-Chien|Protect|p2b: Wo-Chien\n|-singleturn|p2b: Wo-Chien|Protect\n|move|p1b: Aleteahuevos|Moonblast|p2b: Wo-Chien\n|-activate|p2b: Wo-Chien|move: Protect\n|move|p1a: Eso Fisurin|Ruination|p2b: Wo-Chien\n|-activate|p2b: Wo-Chien|move: Protect\n|\n|-damage|p1a: Eso Fisurin|76\/100|[from] Leech Seed|[of] p2b: Wo-Chien\n|upkeep\n|turn|5\n|\n|t:|1683595040\n|move|p1b: Aleteahuevos|Protect|p1b: Aleteahuevos\n|-singleturn|p1b: Aleteahuevos|Protect\n|move|p2a: Gholdengo|Make It Rain|p1a: Eso Fisurin|[spread] p1a\n|-activate|p1b: Aleteahuevos|move: Protect\n|-resisted|p1a: Eso Fisurin\n|-damage|p1a: Eso Fisurin|69\/100\n|-unboost|p2a: Gholdengo|spa|1\n|move|p2b: Wo-Chien|Giga Drain|p1a: Eso Fisurin\n|-supereffective|p1a: Eso Fisurin\n|-damage|p1a: Eso Fisurin|51\/100\n|move|p1a: Eso Fisurin|Ruination|p2a: Gholdengo\n|-damage|p2a: Gholdengo|51\/100\n|\n|-damage|p1a: Eso Fisurin|39\/100|[from] Leech Seed|[of] p2b: Wo-Chien\n|upkeep\n|turn|6\n|\n|t:|1683595064\n|switch|p1a: Dragosam|Dragonite, L50, M|100\/100\n|move|p2a: Gholdengo|Make It Rain|p1b: Aleteahuevos|[spread] p1a,p1b\n|-supereffective|p1b: Aleteahuevos\n|-damage|p1a: Dragosam|73\/100\n|-damage|p1b: Aleteahuevos|7\/100\n|-unboost|p2a: Gholdengo|spa|1\n|move|p1b: Aleteahuevos|Mystical Fire|p2a: Gholdengo\n|-supereffective|p2a: Gholdengo\n|-damage|p2a: Gholdengo|0 fnt\n|faint|p2a: Gholdengo\n|move|p2b: Wo-Chien|Giga Drain|p1a: Dragosam\n|-resisted|p1a: Dragosam\n|-damage|p1a: Dragosam|68\/100\n|\n|upkeep\n|\n|t:|1683595083\n|switch|p2a: Klawf|Klawf, L50, F|100\/100\n|turn|7\n|\n|t:|1683595096\n|move|p1b: Aleteahuevos|Moonblast|p2b: Wo-Chien\n|-supereffective|p2b: Wo-Chien\n|-damage|p2b: Wo-Chien|24\/100\n|-unboost|p2b: Wo-Chien|spa|1\n|move|p2a: Klawf|Rock Slide|p1a: Dragosam|[spread] p1b\n|-miss|p2a: Klawf|p1a: Dragosam\n|-damage|p1b: Aleteahuevos|0 fnt\n|faint|p1b: Aleteahuevos\n|-end|p1b: Aleteahuevos|Protosynthesis|[silent]\n|move|p1a: Dragosam|Dragon Dance|p1a: Dragosam\n|-boost|p1a: Dragosam|atk|1\n|-boost|p1a: Dragosam|spe|1\n|move|p2b: Wo-Chien|Leech Seed|p1a: Dragosam|[miss]\n|-miss|p2b: Wo-Chien|p1a: Dragosam\n|\n|-heal|p2b: Wo-Chien|31\/100|[from] item: Leftovers\n|upkeep\n|\n|t:|1683595105\n|switch|p1b: \u30af\u30ed\u30f3\u30af\u30fb\u30c8\u30ed\u30fc\u30ea\u30f3\u30b0|Amoonguss, L50, M, shiny|82\/100\n|turn|8\n|\n|t:|1683595127\n|move|p1a: Dragosam|Protect|p1a: Dragosam\n|-singleturn|p1a: Dragosam|Protect\n|move|p2b: Wo-Chien|Protect|p2b: Wo-Chien\n|-singleturn|p2b: Wo-Chien|Protect\n|move|p2a: Klawf|Rock Slide|p1a: Dragosam|[spread] p1b\n|-activate|p1a: Dragosam|move: Protect\n|-damage|p1b: \u30af\u30ed\u30f3\u30af\u30fb\u30c8\u30ed\u30fc\u30ea\u30f3\u30b0|66\/100\n|cant|p1b: \u30af\u30ed\u30f3\u30af\u30fb\u30c8\u30ed\u30fc\u30ea\u30f3\u30b0|flinch\n|\n|-heal|p2b: Wo-Chien|37\/100|[from] item: Leftovers\n|upkeep\n|turn|9\n|\n|t:|1683595148\n|move|p1a: Dragosam|Iron Head|p2a: Klawf\n|-supereffective|p2a: Klawf\n|-damage|p2a: Klawf|23\/100\n|-ability|p2a: Klawf|Anger Shell|boost\n|-boost|p2a: Klawf|atk|1\n|-boost|p2a: Klawf|spa|1\n|-boost|p2a: Klawf|spe|1\n|-unboost|p2a: Klawf|def|1\n|-unboost|p2a: Klawf|spd|1\n|move|p2a: Klawf|Rock Slide|p1a: Dragosam|[spread] p1a,p1b\n|-supereffective|p1a: Dragosam\n|-damage|p1a: Dragosam|11\/100\n|-damage|p1b: \u30af\u30ed\u30f3\u30af\u30fb\u30c8\u30ed\u30fc\u30ea\u30f3\u30b0|42\/100\n|move|p2b: Wo-Chien|Leech Seed|p1a: Dragosam\n|-start|p1a: Dragosam|move: Leech Seed\n|move|p1b: \u30af\u30ed\u30f3\u30af\u30fb\u30c8\u30ed\u30fc\u30ea\u30f3\u30b0|Spore|p2a: Klawf\n|-status|p2a: Klawf|slp|[from] move: Spore\n|\n|-heal|p2b: Wo-Chien|43\/100|[from] item: Leftovers\n|-damage|p1a: Dragosam|0 fnt|[from] Leech Seed|[of] p2b: Wo-Chien\n|-heal|p2b: Wo-Chien|53\/100|[silent]\n|faint|p1a: Dragosam\n|upkeep\n|\n|t:|1683595164\n|switch|p1a: Eso Fisurin|Ting-Lu, L50, tera:Water|39\/100\n|-ability|p1a: Eso Fisurin|Vessel of Ruin\n|turn|10\n|\n|t:|1683595182\n|cant|p2a: Klawf|slp\n|move|p2b: Wo-Chien|Leech Seed|p1a: Eso Fisurin|[miss]\n|-miss|p2b: Wo-Chien|p1a: Eso Fisurin\n|move|p1a: Eso Fisurin|Heavy Slam|p2a: Klawf\n|-supereffective|p2a: Klawf\n|-crit|p2a: Klawf\n|-damage|p2a: Klawf|0 fnt\n|faint|p2a: Klawf\n|move|p1b: \u30af\u30ed\u30f3\u30af\u30fb\u30c8\u30ed\u30fc\u30ea\u30f3\u30b0|Pollen Puff|p1a: Eso Fisurin\n|-heal|p1a: Eso Fisurin|88\/100\n|\n|-heal|p2b: Wo-Chien|59\/100|[from] item: Leftovers\n|upkeep\n|\n|t:|1683595197\n|switch|p2a: Iron Bundle|Iron Bundle, L50|17\/100\n|turn|11\n|\n|t:|1683595208\n|move|p2a: Iron Bundle|Protect|p2a: Iron Bundle\n|-singleturn|p2a: Iron Bundle|Protect\n|move|p1b: \u30af\u30ed\u30f3\u30af\u30fb\u30c8\u30ed\u30fc\u30ea\u30f3\u30b0|Protect|p1b: \u30af\u30ed\u30f3\u30af\u30fb\u30c8\u30ed\u30fc\u30ea\u30f3\u30b0\n|-singleturn|p1b: \u30af\u30ed\u30f3\u30af\u30fb\u30c8\u30ed\u30fc\u30ea\u30f3\u30b0|Protect\n|move|p2b: Wo-Chien|Leech Seed|p1a: Eso Fisurin\n|-start|p1a: Eso Fisurin|move: Leech Seed\n|move|p1a: Eso Fisurin|Heavy Slam|p2a: Iron Bundle\n|-activate|p2a: Iron Bundle|move: Protect\n|\n|-heal|p2b: Wo-Chien|65\/100|[from] item: Leftovers\n|-damage|p1a: Eso Fisurin|76\/100|[from] Leech Seed|[of] p2b: Wo-Chien\n|-heal|p2b: Wo-Chien|81\/100|[silent]\n|upkeep\n|turn|12\n|\n|t:|1683595230\n|move|p2a: Iron Bundle|Freeze-Dry|p1b: \u30af\u30ed\u30f3\u30af\u30fb\u30c8\u30ed\u30fc\u30ea\u30f3\u30b0\n|-supereffective|p1b: \u30af\u30ed\u30f3\u30af\u30fb\u30c8\u30ed\u30fc\u30ea\u30f3\u30b0\n|-damage|p1b: \u30af\u30ed\u30f3\u30af\u30fb\u30c8\u30ed\u30fc\u30ea\u30f3\u30b0|0 fnt\n|faint|p1b: \u30af\u30ed\u30f3\u30af\u30fb\u30c8\u30ed\u30fc\u30ea\u30f3\u30b0\n|move|p2b: Wo-Chien|Pollen Puff|p2a: Iron Bundle\n|-heal|p2a: Iron Bundle|67\/100\n|move|p1a: Eso Fisurin|Heavy Slam|p2a: Iron Bundle\n|-damage|p2a: Iron Bundle|36\/100\n|\n|-heal|p2b: Wo-Chien|87\/100|[from] item: Leftovers\n|-damage|p1a: Eso Fisurin|64\/100|[from] Leech Seed|[of] p2b: Wo-Chien\n|-heal|p2b: Wo-Chien|100\/100|[silent]\n|upkeep\n|turn|13\n|\n|t:|1683595247\n|move|p2a: Iron Bundle|Freeze-Dry|p1a: Eso Fisurin\n|-supereffective|p1a: Eso Fisurin\n|-damage|p1a: Eso Fisurin|39\/100\n|move|p2b: Wo-Chien|Pollen Puff|p2a: Iron Bundle\n|-heal|p2a: Iron Bundle|85\/100\n|move|p1a: Eso Fisurin|Fissure|p2b: Wo-Chien\n|-damage|p2b: Wo-Chien|0 fnt\n|faint|p2b: Wo-Chien\n|-ohko\n|\n|upkeep\n|turn|14\n|\n|t:|1683595261\n|-terastallize|p2a: Iron Bundle|Ice\n|move|p2a: Iron Bundle|Freeze-Dry|p1a: Eso Fisurin\n|-supereffective|p1a: Eso Fisurin\n|-damage|p1a: Eso Fisurin|0 fnt\n|faint|p1a: Eso Fisurin\n|\n|win|Mait27\n|raw|NickoVGC's rating: 1191 → 1164<\/strong> (-27 for losing)\n|raw|Mait27's rating: 1170 → 1197<\/strong> (+27 for winning)\n|l|\u2606NickoVGC\n","uploadtime":1683595277,"views":11,"p1id":"nickovgc","p2id":"mait27","formatid":"gen9vgc2023regulationc","rating":1164,"private":0,"password":""}