{"id":"gen9vgc2023regulationc-1862300508","p1":"NakedPsyduck","p2":"chezburgur2","format":"[Gen 9] VGC 2023 Regulation C","log":"|j|\u2606NakedPsyduck\n|j|\u2606chezburgur2\n|t:|1683861947\n|gametype|doubles\n|player|p1|NakedPsyduck|baker|1333\n|player|p2|chezburgur2|fisherman-gen4|1286\n|teamsize|p1|6\n|teamsize|p2|6\n|gen|9\n|tier|[Gen 9] VGC 2023 Regulation C\n|rated|\n|rule|Species Clause: Limit one of each Pok\u00e9mon\n|rule|Item Clause: Limit one of each item\n|clearpoke\n|poke|p1|Ting-Lu, L50|\n|poke|p1|Abomasnow, L50, M|\n|poke|p1|Flutter Mane, L50|\n|poke|p1|Iron Hands, L50|\n|poke|p1|Bronzong, L50|\n|poke|p1|Arcanine, L50, F|\n|poke|p2|Maushold-Four, L50|\n|poke|p2|Annihilape, L50, M|\n|poke|p2|Ting-Lu, L50|\n|poke|p2|Flutter Mane, L50|\n|poke|p2|Amoonguss, L50, M|\n|poke|p2|Baxcalibur, L50, M|\n|teampreview|4\n|\n|t:|1683861983\n|start\n|switch|p1a: Flutter Mane|Flutter Mane, L50|100\/100\n|switch|p1b: Bronzong|Bronzong, L50|100\/100\n|switch|p2a: Amoonguss|Amoonguss, L50, M|100\/100\n|switch|p2b: Annihilape|Annihilape, L50, M|100\/100\n|turn|1\n|\n|t:|1683862028\n|switch|p2b: Ting-Lu|Ting-Lu, L50|100\/100\n|-ability|p2b: Ting-Lu|Vessel of Ruin\n|move|p1a: Flutter Mane|Dazzling Gleam|p2b: Ting-Lu|[spread] p2a,p2b\n|-resisted|p2a: Amoonguss\n|-supereffective|p2b: Ting-Lu\n|-damage|p2a: Amoonguss|85\/100\n|-damage|p2b: Ting-Lu|70\/100\n|move|p2a: Amoonguss|Spore|p1b: Bronzong\n|-activate|p1b: Bronzong|item: Safety Goggles|Spore\n|move|p1b: Bronzong|Trick Room|p1b: Bronzong\n|-fieldstart|move: Trick Room|[of] p1b: Bronzong\n|\n|upkeep\n|turn|2\n|\n|t:|1683862063\n|-end|p1a: Flutter Mane|Protosynthesis|[silent]\n|switch|p1a: Iron Hands|Iron Hands, L50|100\/100\n|move|p1b: Bronzong|Safeguard|p1b: Bronzong\n|-sidestart|p1: NakedPsyduck|Safeguard\n|move|p2a: Amoonguss|Spore|p1a: Iron Hands\n|-activate|p1a: Iron Hands|move: Safeguard\n|move|p2b: Ting-Lu|Stomping Tantrum|p1b: Bronzong\n|-immune|p1b: Bronzong|[from] ability: Levitate\n|\n|upkeep\n|turn|3\n|\n|t:|1683862101\n|switch|p2a: Annihilape|Annihilape, L50, M|100\/100\n|-terastallize|p1a: Iron Hands|Grass\n|-terastallize|p2b: Ting-Lu|Flying\n|move|p1b: Bronzong|Gyro Ball|p2a: Annihilape\n|-damage|p2a: Annihilape|74\/100\n|move|p1a: Iron Hands|Close Combat|p2b: Ting-Lu\n|-resisted|p2b: Ting-Lu\n|-damage|p2b: Ting-Lu|49\/100\n|-unboost|p1a: Iron Hands|def|1\n|-unboost|p1a: Iron Hands|spd|1\n|move|p2b: Ting-Lu|Stomping Tantrum|p1a: Iron Hands\n|-resisted|p1a: Iron Hands\n|-damage|p1a: Iron Hands|62\/100\n|\n|-heal|p2a: Annihilape|80\/100|[from] item: Leftovers\n|upkeep\n|turn|4\n|\n|t:|1683862131\n|move|p1b: Bronzong|Gyro Ball|p2b: Ting-Lu\n|-damage|p2b: Ting-Lu|39\/100\n|move|p1a: Iron Hands|Wild Charge|p2b: Ting-Lu\n|-supereffective|p2b: Ting-Lu\n|-damage|p2b: Ting-Lu|0 fnt\n|faint|p2b: Ting-Lu\n|-damage|p1a: Iron Hands|52\/100|[from] Recoil\n|move|p2a: Annihilape|Rage Fist|p1b: Bronzong\n|-supereffective|p1b: Bronzong\n|-damage|p1b: Bronzong|18\/100\n|\n|-heal|p2a: Annihilape|86\/100|[from] item: Leftovers\n|upkeep\n|\n|t:|1683862143\n|switch|p2b: Baxcalibur|Baxcalibur, L50, M|100\/100\n|turn|5\n|\n|t:|1683862162\n|move|p1b: Bronzong|Gyro Ball|p2b: Baxcalibur\n|-supereffective|p2b: Baxcalibur\n|-damage|p2b: Baxcalibur|31\/100\n|move|p1a: Iron Hands|Wild Charge|p2a: Annihilape\n|-damage|p2a: Annihilape|38\/100\n|-damage|p1a: Iron Hands|41\/100|[from] Recoil\n|move|p2a: Annihilape|Rage Fist|p1a: Iron Hands\n|-damage|p1a: Iron Hands|0 fnt\n|faint|p1a: Iron Hands\n|-end|p1a: Iron Hands|Quark Drive|[silent]\n|move|p2b: Baxcalibur|Glaive Rush|p1b: Bronzong\n|-resisted|p1b: Bronzong\n|-damage|p1b: Bronzong|0 fnt\n|-singlemove|p2b: Baxcalibur|Glaive Rush|[silent]\n|faint|p1b: Bronzong\n|\n|-heal|p2a: Annihilape|44\/100|[from] item: Leftovers\n|-fieldend|move: Trick Room\n|upkeep\n|\n|t:|1683862177\n|switch|p1a: Flutter Mane|Flutter Mane, L50|100\/100\n|switch|p1b: Ting-Lu|Ting-Lu, L50|100\/100\n|-ability|p1b: Ting-Lu|Vessel of Ruin\n|turn|6\n|\n|t:|1683862202\n|move|p2a: Annihilape|Protect|p2a: Annihilape\n|-singleturn|p2a: Annihilape|Protect\n|move|p2b: Baxcalibur|Ice Shard|p1a: Flutter Mane\n|-damage|p1a: Flutter Mane|65\/100\n|move|p1a: Flutter Mane|Dazzling Gleam|p2a: Annihilape|[spread] p2b\n|-activate|p2a: Annihilape|move: Protect\n|-supereffective|p2b: Baxcalibur\n|-damage|p2b: Baxcalibur|0 fnt\n|faint|p2b: Baxcalibur\n|move|p1b: Ting-Lu|Throat Chop|p2a: Annihilape\n|-activate|p2a: Annihilape|move: Protect\n|\n|-heal|p2a: Annihilape|50\/100|[from] item: Leftovers\n|-sideend|p1: NakedPsyduck|Safeguard\n|upkeep\n|inactive|Battle timer is ON: inactive players will automatically lose when time's up. (requested by NakedPsyduck)\n|\n|t:|1683862215\n|switch|p2b: Amoonguss|Amoonguss, L50, M|100\/100\n|turn|7\n|\n|t:|1683862231\n|move|p2b: Amoonguss|Rage Powder|p2b: Amoonguss\n|-singleturn|p2b: Amoonguss|move: Rage Powder\n|move|p1a: Flutter Mane|Dazzling Gleam|p2b: Amoonguss|[spread] p2a,p2b\n|-supereffective|p2a: Annihilape\n|-resisted|p2b: Amoonguss\n|-damage|p2a: Annihilape|0 fnt\n|-damage|p2b: Amoonguss|87\/100\n|faint|p2a: Annihilape\n|move|p1b: Ting-Lu|Throat Chop|p2b: Amoonguss\n|-damage|p2b: Amoonguss|35\/100\n|-start|p2b: Amoonguss|Throat Chop|[silent]\n|-enditem|p2b: Amoonguss|Sitrus Berry|[eat]\n|-heal|p2b: Amoonguss|60\/100|[from] item: Sitrus Berry\n|\n|upkeep\n|turn|8\n|\n|t:|1683862242\n|move|p1a: Flutter Mane|Dazzling Gleam|p2b: Amoonguss\n|-resisted|p2b: Amoonguss\n|-damage|p2b: Amoonguss|41\/100\n|move|p1b: Ting-Lu|Throat Chop|p2b: Amoonguss\n|-damage|p2b: Amoonguss|0 fnt\n|faint|p2b: Amoonguss\n|\n|win|NakedPsyduck\n|raw|NakedPsyduck's rating: 1333 → 1350<\/strong> (+17 for winning)\n|raw|chezburgur2's rating: 1286 → 1264<\/strong> (-22 for losing)\n|l|\u2606chezburgur2\n","uploadtime":1683862260,"views":16,"p1id":"nakedpsyduck","p2id":"chezburgur2","formatid":"gen9vgc2023regulationc","rating":1264,"private":0,"password":""}