{"id":"gen9vgc2023regulationc-1860588717","p1":"Mr.A1","p2":"Bugs.n.kisses","format":"[Gen 9] VGC 2023 Regulation C","log":"|j|\u2606Mr.A1\n|j|\u2606Bugs.n.kisses\n|t:|1683656947\n|gametype|doubles\n|player|p1|Mr.A1|2|1040\n|player|p2|Bugs.n.kisses|bugcatcher-gen4dp|1000\n|teamsize|p1|6\n|teamsize|p2|6\n|gen|9\n|tier|[Gen 9] VGC 2023 Regulation C\n|rated|\n|rule|Species Clause: Limit one of each Pok\u00e9mon\n|rule|Item Clause: Limit one of each item\n|clearpoke\n|poke|p1|Dragapult, L50, M|\n|poke|p1|Amoonguss, L50, M|\n|poke|p1|Chien-Pao, L50|\n|poke|p1|Arcanine, L50, M|\n|poke|p1|Palafin, L50, M|\n|poke|p1|Flutter Mane, L50|\n|poke|p2|Amoonguss, L50, F|\n|poke|p2|Iron Hands, L50|\n|poke|p2|Palafin, L50, F|\n|poke|p2|Flutter Mane, L50|\n|poke|p2|Klefki, L50, F|\n|poke|p2|Azumarill, L50, M|\n|teampreview|4\n|\n|t:|1683656965\n|start\n|switch|p1a: Chien-Pao|Chien-Pao, L50|100\/100\n|switch|p1b: Arcanine|Arcanine, L50, M, shiny|100\/100\n|switch|p2a: Palafin|Palafin, L50, F|100\/100\n|switch|p2b: Klefki|Klefki, L50, F|100\/100\n|-ability|p1a: Chien-Pao|Sword of Ruin\n|-ability|p1b: Arcanine|Intimidate|boost\n|-unboost|p2a: Palafin|atk|1\n|-unboost|p2b: Klefki|atk|1\n|turn|1\n|\n|t:|1683656993\n|detailschange|p2a: Palafin|Palafin-Hero, L50, F\n|switch|p2a: Iron Hands|Iron Hands, L50|100\/100\n|move|p1a: Chien-Pao|Sucker Punch||[still]\n|-fail|p1a: Chien-Pao\n|move|p2b: Klefki|Rain Dance|p2b: Klefki\n|-weather|RainDance\n|move|p1b: Arcanine|Will-O-Wisp|p2a: Iron Hands\n|-status|p2a: Iron Hands|brn\n|\n|-weather|RainDance|[upkeep]\n|-damage|p2a: Iron Hands|94\/100 brn|[from] brn\n|upkeep\n|turn|2\n|\n|t:|1683657015\n|switch|p1b: Palafin|Palafin, L50, M|100\/100\n|move|p1a: Chien-Pao|Sacred Sword|p2a: Iron Hands\n|-damage|p2a: Iron Hands|71\/100 brn\n|move|p2b: Klefki|Dazzling Gleam|p1b: Palafin|[spread] p1a,p1b\n|-supereffective|p1a: Chien-Pao\n|-damage|p1a: Chien-Pao|42\/100\n|-damage|p1b: Palafin|79\/100\n|move|p2a: Iron Hands|Drain Punch|p1a: Chien-Pao\n|-supereffective|p1a: Chien-Pao\n|-damage|p1a: Chien-Pao|0 fnt\n|-heal|p2a: Iron Hands|83\/100 brn|[from] drain|[of] p1a: Chien-Pao\n|faint|p1a: Chien-Pao\n|\n|-weather|RainDance|[upkeep]\n|-damage|p2a: Iron Hands|77\/100 brn|[from] brn\n|upkeep\n|\n|t:|1683657022\n|switch|p1a: Dragapult|Dragapult, L50, M|100\/100\n|turn|3\n|inactive|Battle timer is ON: inactive players will automatically lose when time's up. (requested by Mr.A1)\n|\n|t:|1683657046\n|detailschange|p1b: Palafin|Palafin-Hero, L50, M\n|switch|p1b: Arcanine|Arcanine, L50, M, shiny|100\/100\n|-ability|p1b: Arcanine|Intimidate|boost\n|-fail|p2a: Iron Hands|unboost|[from] item: Clear Amulet|[of] p2a: Iron Hands\n|-unboost|p2b: Klefki|atk|1\n|move|p1a: Dragapult|Phantom Force||[still]\n|-prepare|p1a: Dragapult|Phantom Force\n|move|p2b: Klefki|Dazzling Gleam|p1a: Dragapult|[spread] p1b\n|-miss|p2b: Klefki|p1a: Dragapult\n|-resisted|p1b: Arcanine\n|-damage|p1b: Arcanine|91\/100\n|move|p2a: Iron Hands|Thunder Punch|p1b: Arcanine\n|-damage|p1b: Arcanine|69\/100\n|\n|-weather|RainDance|[upkeep]\n|-damage|p2a: Iron Hands|71\/100 brn|[from] brn\n|upkeep\n|turn|4\n|inactive|Bugs.n.kisses has 30 seconds left.\n|\n|t:|1683657077\n|move|p1a: Dragapult|Phantom Force|p2b: Klefki|[from]lockedmove\n|-damage|p2b: Klefki|16\/100\n|move|p1b: Arcanine|Flare Blitz|p2b: Klefki\n|-supereffective|p2b: Klefki\n|-damage|p2b: Klefki|0 fnt\n|faint|p2b: Klefki\n|-damage|p1b: Arcanine|64\/100|[from] Recoil\n|move|p2a: Iron Hands|Electric Terrain|p2a: Iron Hands\n|-fieldstart|move: Electric Terrain\n|-activate|p2a: Iron Hands|ability: Quark Drive\n|-start|p2a: Iron Hands|quarkdriveatk\n|\n|-weather|RainDance|[upkeep]\n|-damage|p2a: Iron Hands|65\/100 brn|[from] brn\n|upkeep\n|\n|t:|1683657092\n|switch|p2b: Amoonguss|Amoonguss, L50, F|100\/100\n|turn|5\n|\n|t:|1683657109\n|move|p1b: Arcanine|Protect|p1b: Arcanine\n|-singleturn|p1b: Arcanine|Protect\n|move|p1a: Dragapult|Phantom Force||[still]\n|-prepare|p1a: Dragapult|Phantom Force\n|move|p2a: Iron Hands|Thunder Punch|p1b: Arcanine\n|-activate|p1b: Arcanine|move: Protect\n|move|p2b: Amoonguss|Pollen Puff|p2a: Iron Hands\n|-heal|p2a: Iron Hands|100\/100 brn\n|\n|-weather|none\n|-damage|p2a: Iron Hands|94\/100 brn|[from] brn\n|upkeep\n|turn|6\n|\n|t:|1683657128\n|move|p2b: Amoonguss|Rage Powder|p2b: Amoonguss\n|-singleturn|p2b: Amoonguss|move: Rage Powder\n|move|p1a: Dragapult|Phantom Force|p2b: Amoonguss|[from]lockedmove\n|-damage|p2b: Amoonguss|35\/100\n|move|p1b: Arcanine|Flare Blitz|p2b: Amoonguss\n|-supereffective|p2b: Amoonguss\n|-damage|p2b: Amoonguss|0 fnt\n|faint|p2b: Amoonguss\n|-damage|p1b: Arcanine|50\/100|[from] Recoil\n|move|p2a: Iron Hands|Thunder Punch|p1b: Arcanine\n|-damage|p1b: Arcanine|8\/100\n|\n|-damage|p2a: Iron Hands|88\/100 brn|[from] brn\n|upkeep\n|\n|t:|1683657143\n|switch|p2b: Palafin|Palafin-Hero, L50, F|100\/100\n|-activate|p2b: Palafin|ability: Zero to Hero\n|turn|7\n|\n|t:|1683657157\n|switch|p1a: Palafin|Palafin-Hero, L50, M|79\/100\n|-activate|p1a: Palafin|ability: Zero to Hero\n|move|p1b: Arcanine|Extreme Speed|p2b: Palafin\n|-damage|p2b: Palafin|76\/100\n|move|p2b: Palafin|Jet Punch|p1a: Palafin\n|-resisted|p1a: Palafin\n|-damage|p1a: Palafin|62\/100\n|move|p2a: Iron Hands|Thunder Punch|p1b: Arcanine\n|-damage|p1b: Arcanine|0 fnt\n|faint|p1b: Arcanine\n|\n|-damage|p2a: Iron Hands|82\/100 brn|[from] brn\n|upkeep\n|\n|t:|1683657170\n|switch|p1b: Dragapult|Dragapult, L50, M|100\/100\n|turn|8\n|\n|t:|1683657187\n|-terastallize|p1a: Palafin|Water\n|move|p2b: Palafin|Jet Punch|p1b: Dragapult\n|-resisted|p1b: Dragapult\n|-damage|p1b: Dragapult|74\/100\n|move|p1b: Dragapult|Dragon Darts|p2b: Palafin\n|-damage|p2b: Palafin|37\/100\n|-anim|p1b: Dragapult|Dragon Darts|p2a: Iron Hands\n|-damage|p2a: Iron Hands|59\/100 brn\n|move|p1a: Palafin|Wave Crash|p2a: Iron Hands\n|-damage|p2a: Iron Hands|0 fnt\n|faint|p2a: Iron Hands\n|-end|p2a: Iron Hands|Quark Drive|[silent]\n|-damage|p1a: Palafin|37\/100|[from] Recoil\n|\n|-fieldend|move: Electric Terrain\n|upkeep\n|turn|9\n|\n|t:|1683657208\n|-terastallize|p2b: Palafin|Water\n|move|p2b: Palafin|Jet Punch|p1b: Dragapult\n|-resisted|p1b: Dragapult\n|-damage|p1b: Dragapult|38\/100\n|move|p1a: Palafin|Jet Punch|p2b: Palafin\n|-resisted|p2b: Palafin\n|-damage|p2b: Palafin|3\/100\n|move|p1b: Dragapult|Dragon Darts|p2b: Palafin\n|-damage|p2b: Palafin|0 fnt\n|faint|p2b: Palafin\n|\n|win|Mr.A1\n|raw|Mr.A1's rating: 1040 → 1070<\/strong> (+30 for winning)\n|raw|Bugs.n.kisses's rating: 1000 → 1000<\/strong> (+0 for losing)\n|l|\u2606Bugs.n.kisses\n","uploadtime":1683657228,"views":9,"p1id":"mra1","p2id":"bugsnkisses","formatid":"gen9vgc2023regulationc","rating":1000,"private":0,"password":""}