{"id":"gen9vgc2023regulationc-1845830650","p1":"PearDaddy","p2":"LetHimSleep","format":"[Gen 9] VGC 2023 Regulation C","log":"|j|\u2606PearDaddy\n|j|\u2606LetHimSleep\n|t:|1681769010\n|gametype|doubles\n|player|p1|PearDaddy|penny|1172\n|player|p2|LetHimSleep|ninjaboy|1188\n|teamsize|p1|6\n|teamsize|p2|6\n|gen|9\n|tier|[Gen 9] VGC 2023 Regulation C\n|rated|\n|rule|Species Clause: Limit one of each Pok\u00e9mon\n|rule|Item Clause: Limit one of each item\n|clearpoke\n|poke|p1|Tyranitar, L50, F|\n|poke|p1|Glimmora, L50, M|\n|poke|p1|Garchomp, L50, M|\n|poke|p1|Corviknight, L50, F|\n|poke|p1|Arcanine, L50, F|\n|poke|p1|Sandy Shocks, L50|\n|poke|p2|Palafin, L50, F|\n|poke|p2|Amoonguss, L50, F|\n|poke|p2|Flutter Mane, L50|\n|poke|p2|Stonjourner, L50, F|\n|poke|p2|Arcanine, L50, M|\n|poke|p2|Sandy Shocks, L50|\n|teampreview|4\n|inactive|Battle timer is ON: inactive players will automatically lose when time's up. (requested by LetHimSleep)\n|\n|t:|1681769047\n|start\n|switch|p1a: Glimmora|Glimmora, L50, M|100\/100\n|switch|p1b: Tyranitar|Tyranitar, L50, F|100\/100\n|switch|p2a: Flutter Mane|Flutter Mane, L50|100\/100\n|switch|p2b: Palafin|Palafin, L50, F|100\/100\n|-weather|Sandstorm|[from] ability: Sand Stream|[of] p1b: Tyranitar\n|turn|1\n|\n|t:|1681769070\n|detailschange|p2b: Palafin|Palafin-Hero, L50, F\n|switch|p2b: Arcanine|Arcanine, L50, M|100\/100\n|-ability|p2b: Arcanine|Intimidate|boost\n|-unboost|p1a: Glimmora|atk|1\n|-unboost|p1b: Tyranitar|atk|1\n|-terastallize|p1b: Tyranitar|Flying\n|move|p2a: Flutter Mane|Protect|p2a: Flutter Mane\n|-singleturn|p2a: Flutter Mane|Protect\n|move|p1a: Glimmora|Mortal Spin|p2a: Flutter Mane|[spread] p2b\n|-activate|p2a: Flutter Mane|move: Protect\n|-damage|p2b: Arcanine|97\/100\n|-status|p2b: Arcanine|psn\n|move|p1b: Tyranitar|Power Gem|p2a: Flutter Mane\n|-activate|p2a: Flutter Mane|move: Protect\n|\n|-weather|Sandstorm|[upkeep]\n|-damage|p2a: Flutter Mane|95\/100|[from] Sandstorm\n|-damage|p2b: Arcanine|91\/100 psn|[from] Sandstorm\n|-damage|p1b: Tyranitar|94\/100|[from] Sandstorm\n|-damage|p2b: Arcanine|79\/100 psn|[from] psn\n|upkeep\n|turn|2\n|\n|t:|1681769094\n|move|p2b: Arcanine|Extreme Speed|p1b: Tyranitar\n|-damage|p1b: Tyranitar|73\/100\n|move|p2a: Flutter Mane|Power Gem|p1b: Tyranitar\n|-supereffective|p1b: Tyranitar\n|-damage|p1b: Tyranitar|21\/100\n|-damage|p2a: Flutter Mane|85\/100|[from] item: Life Orb\n|move|p1a: Glimmora|Mortal Spin|p2a: Flutter Mane|[spread] p2a,p2b\n|-crit|p2a: Flutter Mane\n|-damage|p2a: Flutter Mane|74\/100\n|-damage|p2b: Arcanine|76\/100 psn\n|-status|p2a: Flutter Mane|psn\n|move|p1b: Tyranitar|Power Gem|p2b: Arcanine\n|-supereffective|p2b: Arcanine\n|-damage|p2b: Arcanine|0 fnt\n|faint|p2b: Arcanine\n|\n|-weather|Sandstorm|[upkeep]\n|-damage|p2a: Flutter Mane|68\/100 psn|[from] Sandstorm\n|-damage|p1b: Tyranitar|14\/100|[from] Sandstorm\n|-damage|p2a: Flutter Mane|56\/100 psn|[from] psn\n|upkeep\n|\n|t:|1681769104\n|switch|p2b: Stonjourner|Stonjourner, L50, F, shiny|100\/100\n|turn|3\n|\n|t:|1681769129\n|switch|p1b: Garchomp|Garchomp, L50, M|100\/100\n|move|p2a: Flutter Mane|Shadow Ball|p1a: Glimmora\n|-damage|p1a: Glimmora|37\/100\n|-damage|p2a: Flutter Mane|47\/100 psn|[from] item: Life Orb\n|move|p1a: Glimmora|Stealth Rock|p2a: Flutter Mane\n|-sidestart|p2: LetHimSleep|move: Stealth Rock\n|move|p2b: Stonjourner|Rock Slide|p1a: Glimmora|[spread] p1a,p1b\n|-crit|p1a: Glimmora\n|-resisted|p1b: Garchomp\n|-damage|p1a: Glimmora|0 fnt\n|-damage|p1b: Garchomp|86\/100\n|-activate|p1a: Glimmora|ability: Toxic Debris\n|-sidestart|p2: LetHimSleep|move: Toxic Spikes\n|faint|p1a: Glimmora\n|\n|-weather|Sandstorm|[upkeep]\n|-damage|p2a: Flutter Mane|41\/100 psn|[from] Sandstorm\n|-damage|p2a: Flutter Mane|29\/100 psn|[from] psn\n|upkeep\n|\n|t:|1681769145\n|switch|p1a: Arcanine|Arcanine, L50, F|100\/100\n|-ability|p1a: Arcanine|Intimidate|boost\n|-unboost|p2a: Flutter Mane|atk|1\n|-unboost|p2b: Stonjourner|atk|1\n|turn|4\n|\n|t:|1681769156\n|move|p1a: Arcanine|Protect|p1a: Arcanine\n|-singleturn|p1a: Arcanine|Protect\n|move|p2b: Stonjourner|Wide Guard|p2b: Stonjourner\n|-singleturn|p2b: Stonjourner|Wide Guard\n|move|p2a: Flutter Mane|Dazzling Gleam|p1b: Garchomp|[spread] \n|-activate|p1a: Arcanine|move: Protect\n|-miss|p2a: Flutter Mane|p1b: Garchomp\n|move|p1b: Garchomp|Earthquake|p2a: Flutter Mane|[spread] \n|-activate|p2a: Flutter Mane|move: Wide Guard\n|-activate|p2b: Stonjourner|move: Wide Guard\n|-activate|p1a: Arcanine|move: Protect\n|\n|-weather|Sandstorm|[upkeep]\n|-damage|p2a: Flutter Mane|23\/100 psn|[from] Sandstorm\n|-damage|p2a: Flutter Mane|11\/100 psn|[from] psn\n|upkeep\n|turn|5\n|\n|t:|1681769172\n|move|p2a: Flutter Mane|Dazzling Gleam|p1b: Garchomp|[spread] p1a\n|-miss|p2a: Flutter Mane|p1b: Garchomp\n|-resisted|p1a: Arcanine\n|-damage|p1a: Arcanine|67\/100\n|-damage|p2a: Flutter Mane|1\/100 psn|[from] item: Life Orb\n|move|p1b: Garchomp|Iron Head|p2a: Flutter Mane\n|-supereffective|p2a: Flutter Mane\n|-damage|p2a: Flutter Mane|0 fnt\n|faint|p2a: Flutter Mane\n|-end|p2a: Flutter Mane|Protosynthesis|[silent]\n|move|p2b: Stonjourner|Rock Slide|p1a: Arcanine|[spread] p1a\n|-miss|p2b: Stonjourner|p1b: Garchomp\n|-supereffective|p1a: Arcanine\n|-damage|p1a: Arcanine|21\/100\n|move|p1a: Arcanine|Close Combat|p2b: Stonjourner\n|-supereffective|p2b: Stonjourner\n|-damage|p2b: Stonjourner|36\/100\n|-unboost|p1a: Arcanine|def|1\n|-unboost|p1a: Arcanine|spd|1\n|\n|-weather|none\n|upkeep\n|c|\u2606LetHimSleep|wow thats unlucky\n|\n|t:|1681769184\n|switch|p2a: Palafin|Palafin-Hero, L50, F|100\/100\n|-damage|p2a: Palafin|88\/100|[from] Stealth Rock\n|-status|p2a: Palafin|psn\n|-activate|p2a: Palafin|ability: Zero to Hero\n|turn|6\n|\n|t:|1681769206\n|switch|p1a: Tyranitar|Tyranitar, L50, F, tera:Flying|14\/100\n|-weather|Sandstorm|[from] ability: Sand Stream|[of] p1a: Tyranitar\n|-terastallize|p2a: Palafin|Water\n|move|p1b: Garchomp|Protect|p1b: Garchomp\n|-singleturn|p1b: Garchomp|Protect\n|move|p2a: Palafin|Jet Punch|p1b: Garchomp\n|-activate|p1b: Garchomp|move: Protect\n|move|p2b: Stonjourner|Rock Slide|p1a: Tyranitar|[spread] p1a\n|-activate|p1b: Garchomp|move: Protect\n|-supereffective|p1a: Tyranitar\n|-damage|p1a: Tyranitar|0 fnt\n|faint|p1a: Tyranitar\n|\n|-weather|Sandstorm|[upkeep]\n|-damage|p2a: Palafin|82\/100 psn|[from] Sandstorm\n|-damage|p2a: Palafin|70\/100 psn|[from] psn\n|upkeep\n|\n|t:|1681769223\n|switch|p1a: Arcanine|Arcanine, L50, F|21\/100\n|-ability|p1a: Arcanine|Intimidate|boost\n|-unboost|p2a: Palafin|atk|1\n|-unboost|p2b: Stonjourner|atk|1\n|turn|7\n|\n|t:|1681769234\n|move|p1a: Arcanine|Protect|p1a: Arcanine\n|-singleturn|p1a: Arcanine|Protect\n|move|p2b: Stonjourner|Wide Guard|p2b: Stonjourner\n|-singleturn|p2b: Stonjourner|Wide Guard\n|move|p2a: Palafin|Jet Punch|p1a: Arcanine\n|-activate|p1a: Arcanine|move: Protect\n|move|p1b: Garchomp|Dragon Claw|p2a: Palafin\n|-damage|p2a: Palafin|34\/100 psn\n|\n|-weather|Sandstorm|[upkeep]\n|-damage|p2a: Palafin|28\/100 psn|[from] Sandstorm\n|-damage|p2a: Palafin|15\/100 psn|[from] psn\n|upkeep\n|turn|8\n|\n|t:|1681769257\n|move|p2a: Palafin|Jet Punch|p1b: Garchomp\n|-damage|p1b: Garchomp|27\/100\n|move|p1b: Garchomp|Dragon Claw|p2a: Palafin\n|-damage|p2a: Palafin|0 fnt\n|faint|p2a: Palafin\n|move|p2b: Stonjourner|Rock Slide|p1b: Garchomp|[spread] p1b\n|-miss|p2b: Stonjourner|p1a: Arcanine\n|-resisted|p1b: Garchomp\n|-damage|p1b: Garchomp|19\/100\n|move|p1a: Arcanine|Close Combat|p2b: Stonjourner\n|-supereffective|p2b: Stonjourner\n|-damage|p2b: Stonjourner|0 fnt\n|-unboost|p1a: Arcanine|def|1\n|-unboost|p1a: Arcanine|spd|1\n|faint|p2b: Stonjourner\n|\n|win|PearDaddy\n|raw|PearDaddy's rating: 1172 → 1198<\/strong> (+26 for winning)\n|raw|LetHimSleep's rating: 1188 → 1162<\/strong> (-26 for losing)\n|c|\u2606PearDaddy|gg\n|c|\u2606LetHimSleep|no\n|l|\u2606LetHimSleep\n|c|\u2606PearDaddy|also bright powder sand veil\n","uploadtime":1681769278,"views":9,"p1id":"peardaddy","p2id":"lethimsleep","formatid":"gen9vgc2023regulationc","rating":1162,"private":0,"password":""}