{"id":"gen9vgc2023regulationc-1845002349","p1":"jfkdleneke","p2":"IceGymDuoOus","format":"[Gen 9] VGC 2023 Regulation C","log":"|j|\u2606jfkdleneke\n|j|\u2606IceGymDuoOus\n|t:|1681672873\n|gametype|doubles\n|player|p1|jfkdleneke|266|1000\n|player|p2|IceGymDuoOus|2|1000\n|teamsize|p1|4\n|teamsize|p2|6\n|gen|9\n|tier|[Gen 9] VGC 2023 Regulation C\n|rated|\n|rule|Species Clause: Limit one of each Pok\u00e9mon\n|rule|Item Clause: Limit one of each item\n|clearpoke\n|poke|p1|Slowbro, L50, F|\n|poke|p1|Skeledirge, L50, F|\n|poke|p1|Klefki, L50, M|\n|poke|p1|Crabominable, L50, F|\n|poke|p2|Espathra, L50, F|\n|poke|p2|Appletun, L50, M|\n|poke|p2|Arcanine, L50, M|\n|poke|p2|Grimmsnarl, L50, M|\n|poke|p2|Slowking, L50, M|\n|poke|p2|Hatterene, L50, F|\n|teampreview|4\n|inactive|Battle timer is ON: inactive players will automatically lose when time's up. (requested by IceGymDuoOus)\nIceGymDuoOus rejected open team sheets.\n|\n|t:|1681672910\n|start\n|switch|p1a: Klefki|Klefki, L50, M|100\/100\n|switch|p1b: Crabominable|Crabominable, L50, F|100\/100\n|switch|p2a: Grimmsnarl|Grimmsnarl, L50, M|100\/100\n|switch|p2b: Espathra|Espathra, L50, F|100\/100\n|turn|1\n|\n|t:|1681672925\n|move|p1b: Crabominable|Protect|p1b: Crabominable\n|-singleturn|p1b: Crabominable|Protect\n|move|p2a: Grimmsnarl|Fake Out|p1b: Crabominable\n|-activate|p1b: Crabominable|move: Protect\n|move|p2b: Espathra|Lumina Crash|p1b: Crabominable\n|-activate|p1b: Crabominable|move: Protect\n|move|p1a: Klefki|Trick Room|p1a: Klefki\n|-fieldstart|move: Trick Room|[of] p1a: Klefki\n|\n|upkeep\n|turn|2\n|c|\u2606IceGymDuoOus|Thanks for the trick room\n|\n|t:|1681672947\n|-terastallize|p1b: Crabominable|Steel\n|move|p1a: Klefki|Reflect|p1a: Klefki\n|-sidestart|p1: jfkdleneke|Reflect\n|move|p2b: Espathra|Lumina Crash|p1b: Crabominable\n|-resisted|p1b: Crabominable\n|-damage|p1b: Crabominable|83\/100\n|-unboost|p1b: Crabominable|spd|2\n|move|p1b: Crabominable|Bulk Up|p1b: Crabominable\n|-boost|p1b: Crabominable|atk|1\n|-boost|p1b: Crabominable|def|1\n|-ability|p2b: Espathra|Opportunist|boost\n|-boost|p2b: Espathra|atk|1\n|-boost|p2b: Espathra|def|1\n|move|p2a: Grimmsnarl|Spirit Break|p1b: Crabominable\n|-resisted|p1b: Crabominable\n|-crit|p1b: Crabominable\n|-damage|p1b: Crabominable|60\/100\n|-unboost|p1b: Crabominable|spa|1\n|\n|upkeep\n|turn|3\n|c|\u2606IceGymDuoOus|And the stats\n|\n|t:|1681672968\n|move|p1a: Klefki|Light Screen|p1a: Klefki\n|-sidestart|p1: jfkdleneke|move: Light Screen\n|move|p2b: Espathra|Lumina Crash|p1b: Crabominable\n|-resisted|p1b: Crabominable\n|-damage|p1b: Crabominable|39\/100\n|-unboost|p1b: Crabominable|spd|2\n|-enditem|p1b: Crabominable|Sitrus Berry|[eat]\n|-heal|p1b: Crabominable|64\/100|[from] item: Sitrus Berry\n|move|p1b: Crabominable|Ice Hammer|p2b: Espathra\n|-damage|p2b: Espathra|41\/100\n|-unboost|p1b: Crabominable|spe|1\n|move|p2a: Grimmsnarl|Chilling Water|p1b: Crabominable\n|-damage|p1b: Crabominable|36\/100\n|-unboost|p1b: Crabominable|atk|1\n|\n|upkeep\n|turn|4\n|\n|t:|1681672988\n|move|p2b: Espathra|Protect|p2b: Espathra\n|-singleturn|p2b: Espathra|Protect\n|move|p1b: Crabominable|Ice Hammer|p2b: Espathra\n|-activate|p2b: Espathra|move: Protect\n|move|p2a: Grimmsnarl|Chilling Water|p1b: Crabominable\n|-damage|p1b: Crabominable|10\/100\n|-unboost|p1b: Crabominable|atk|1\n|move|p1a: Klefki|Dazzling Gleam|p2b: Espathra|[spread] p2a\n|-activate|p2b: Espathra|move: Protect\n|-supereffective|p2a: Grimmsnarl\n|-damage|p2a: Grimmsnarl|58\/100\n|-enditem|p2a: Grimmsnarl|Eject Button\n|\n|t:|1681673002\n|switch|p2a: Slowking|Slowking, L50, M|100\/100\n|\n|upkeep\n|turn|5\n|\n|t:|1681673020\n|move|p2a: Slowking|Curse|p2a: Slowking\n|-unboost|p2a: Slowking|spe|1\n|-boost|p2a: Slowking|atk|1\n|-boost|p2a: Slowking|def|1\n|move|p1b: Crabominable|Ice Hammer|p2b: Espathra\n|-damage|p2b: Espathra|13\/100\n|-unboost|p1b: Crabominable|spe|1\n|move|p2b: Espathra|Lumina Crash|p1a: Klefki\n|-resisted|p1a: Klefki\n|-damage|p1a: Klefki|91\/100\n|-unboost|p1a: Klefki|spd|2\n|move|p1a: Klefki|Dazzling Gleam|p2b: Espathra|[spread] p2a,p2b\n|-damage|p2a: Slowking|89\/100\n|-damage|p2b: Espathra|0 fnt\n|faint|p2b: Espathra\n|\n|-fieldend|move: Trick Room\n|upkeep\n|\n|t:|1681673034\n|switch|p2b: Grimmsnarl|Grimmsnarl, L50, M|58\/100\n|turn|6\n|\n|t:|1681673041\n|move|p2b: Grimmsnarl|Fake Out|p1b: Crabominable\n|-resisted|p1b: Crabominable\n|-damage|p1b: Crabominable|8\/100\n|cant|p1b: Crabominable|flinch\n|move|p2a: Slowking|Curse|p2a: Slowking\n|-unboost|p2a: Slowking|spe|1\n|-boost|p2a: Slowking|atk|1\n|-boost|p2a: Slowking|def|1\n|move|p1a: Klefki|Trick Room|p1a: Klefki\n|-fieldstart|move: Trick Room|[of] p1a: Klefki\n|\n|upkeep\n|turn|7\n|\n|t:|1681673061\n|switch|p1a: Slowbro|Slowbro, L50, F|100\/100\n|move|p1b: Crabominable|Protect|p1b: Crabominable\n|-singleturn|p1b: Crabominable|Protect\n|move|p2a: Slowking|Drain Punch|p1b: Crabominable\n|-activate|p1b: Crabominable|move: Protect\n|move|p2b: Grimmsnarl|Spirit Break|p1a: Slowbro\n|-damage|p1a: Slowbro|86\/100\n|-unboost|p1a: Slowbro|spa|1\n|\n|-heal|p1a: Slowbro|92\/100|[from] item: Leftovers\n|upkeep\n|turn|8\n|\n|t:|1681673083\n|move|p2a: Slowking|Drain Punch|p1b: Crabominable\n|-supereffective|p1b: Crabominable\n|-damage|p1b: Crabominable|0 fnt\n|-heal|p2a: Slowking|93\/100|[from] drain|[of] p1b: Crabominable\n|faint|p1b: Crabominable\n|move|p1a: Slowbro|Heal Pulse|p1: Crabominable|[notarget]\n|-fail|p1a: Slowbro\n|move|p2b: Grimmsnarl|Spirit Break|p1a: Slowbro\n|-damage|p1a: Slowbro|75\/100\n|-unboost|p1a: Slowbro|spa|1\n|\n|-heal|p1a: Slowbro|81\/100|[from] item: Leftovers\n|upkeep\n|\n|t:|1681673086\n|switch|p1b: Skeledirge|Skeledirge, L50, F|100\/100\n|turn|9\n|\n|t:|1681673106\n|-terastallize|p2a: Slowking|Ghost\n|move|p2a: Slowking|Curse|p1b: Skeledirge\n|-start|p1b: Skeledirge|Curse|[of] p2a: Slowking\n|-damage|p2a: Slowking|43\/100\n|move|p1a: Slowbro|Slack Off|p1a: Slowbro\n|-heal|p1a: Slowbro|100\/100\n|move|p2b: Grimmsnarl|Spirit Break|p1b: Skeledirge\n|-resisted|p1b: Skeledirge\n|-damage|p1b: Skeledirge|92\/100\n|-unboost|p1b: Skeledirge|spa|1\n|move|p1b: Skeledirge|Torch Song|p2b: Grimmsnarl\n|-damage|p2b: Grimmsnarl|34\/100\n|-boost|p1b: Skeledirge|spa|1\n|-enditem|p1b: Skeledirge|Throat Spray\n|-boost|p1b: Skeledirge|spa|1|[from] item: Throat Spray\n|\n|-damage|p1b: Skeledirge|67\/100|[from] Curse\n|-sideend|p1: jfkdleneke|Reflect\n|upkeep\n|turn|10\n|\n|t:|1681673130\n|move|p2a: Slowking|Protect|p2a: Slowking\n|-singleturn|p2a: Slowking|Protect\n|move|p1a: Slowbro|Heal Pulse|p1b: Skeledirge\n|-heal|p1b: Skeledirge|100\/100\n|move|p2b: Grimmsnarl|Spirit Break|p1b: Skeledirge\n|-resisted|p1b: Skeledirge\n|-damage|p1b: Skeledirge|89\/100\n|-unboost|p1b: Skeledirge|spa|1\n|move|p1b: Skeledirge|Shadow Ball|p2a: Slowking\n|-activate|p2a: Slowking|move: Protect\n|\n|-damage|p1b: Skeledirge|64\/100|[from] Curse\n|-sideend|p1: jfkdleneke|move: Light Screen\n|-fieldend|move: Trick Room\n|upkeep\n|turn|11\n|\n|t:|1681673148\n|move|p1b: Skeledirge|Shadow Ball|p2a: Slowking\n|-supereffective|p2a: Slowking\n|-damage|p2a: Slowking|4\/100\n|move|p2b: Grimmsnarl|Spirit Break|p1b: Skeledirge\n|-resisted|p1b: Skeledirge\n|-damage|p1b: Skeledirge|51\/100\n|-unboost|p1b: Skeledirge|spa|1\n|move|p1a: Slowbro|Heal Pulse|p1b: Skeledirge\n|-heal|p1b: Skeledirge|100\/100\n|move|p2a: Slowking|Slack Off|p2a: Slowking\n|-heal|p2a: Slowking|54\/100\n|\n|-damage|p1b: Skeledirge|75\/100|[from] Curse\n|upkeep\n|turn|12\n|\n|t:|1681673167\n|move|p1b: Skeledirge|Torch Song|p2b: Grimmsnarl\n|-damage|p2b: Grimmsnarl|12\/100\n|-boost|p1b: Skeledirge|spa|1\n|move|p2b: Grimmsnarl|Spirit Break|p1b: Skeledirge\n|-resisted|p1b: Skeledirge\n|-damage|p1b: Skeledirge|63\/100\n|-unboost|p1b: Skeledirge|spa|1\n|move|p1a: Slowbro|Heal Pulse|p1b: Skeledirge\n|-heal|p1b: Skeledirge|100\/100\n|move|p2a: Slowking|Slack Off|p2a: Slowking\n|-heal|p2a: Slowking|100\/100\n|\n|-damage|p1b: Skeledirge|75\/100|[from] Curse\n|upkeep\n|turn|13\n|inactive|IceGymDuoOus has 30 seconds left.\n|inactive|IceGymDuoOus has 20 seconds left.\n|\n|t:|1681673207\n|move|p2a: Slowking|Protect|p2a: Slowking\n|-singleturn|p2a: Slowking|Protect\n|move|p1b: Skeledirge|Torch Song|p2b: Grimmsnarl\n|-damage|p2b: Grimmsnarl|0 fnt\n|-boost|p1b: Skeledirge|spa|1\n|faint|p2b: Grimmsnarl\n|move|p1a: Slowbro|Heal Pulse|p1b: Skeledirge\n|-heal|p1b: Skeledirge|100\/100\n|\n|-damage|p1b: Skeledirge|75\/100|[from] Curse\n|upkeep\n|\n|t:|1681673211\n|switch|p2b: Arcanine|Arcanine, L50, M|100\/100\n|-ability|p2b: Arcanine|Intimidate|boost\n|-unboost|p1a: Slowbro|atk|1\n|-unboost|p1b: Skeledirge|atk|1\n|turn|14\n|\n|t:|1681673236\n|switch|p1b: Klefki|Klefki, L50, M|91\/100\n|move|p2b: Arcanine|Protect|p2b: Arcanine\n|-singleturn|p2b: Arcanine|Protect\n|move|p1a: Slowbro|Surf|p2a: Slowking|[spread] p1b,p2a\n|-activate|p2b: Arcanine|move: Protect\n|-damage|p1b: Klefki|77\/100\n|-damage|p2a: Slowking|93\/100\n|move|p2a: Slowking|Drain Punch|p1a: Slowbro\n|-resisted|p1a: Slowbro\n|-damage|p1a: Slowbro|88\/100\n|-heal|p2a: Slowking|99\/100|[from] drain|[of] p1a: Slowbro\n|\n|-heal|p1a: Slowbro|94\/100|[from] item: Leftovers\n|upkeep\n|turn|15\n|inactive|IceGymDuoOus has 30 seconds left.\n|\n|t:|1681673263\n|move|p1b: Klefki|Reflect|p1b: Klefki\n|-sidestart|p1: jfkdleneke|Reflect\n|move|p2b: Arcanine|Fire Spin|p1b: Klefki|[miss]\n|-miss|p2b: Arcanine|p1b: Klefki\n|move|p1a: Slowbro|Surf|p2b: Arcanine|[spread] p1b,p2a,p2b\n|-supereffective|p2b: Arcanine\n|-damage|p1b: Klefki|65\/100\n|-damage|p2a: Slowking|91\/100\n|-damage|p2b: Arcanine|76\/100\n|move|p2a: Slowking|Curse|p1b: Klefki\n|-start|p1b: Klefki|Curse|[of] p2a: Slowking\n|-damage|p2a: Slowking|41\/100\n|\n|-heal|p1a: Slowbro|99\/100|[from] item: Leftovers\n|-damage|p1b: Klefki|40\/100|[from] Curse\n|upkeep\n|turn|16\n|\n|t:|1681673279\n|move|p1b: Klefki|Light Screen|p1b: Klefki\n|-sidestart|p1: jfkdleneke|move: Light Screen\n|move|p2b: Arcanine|Fire Spin|p1a: Slowbro\n|-resisted|p1a: Slowbro\n|-damage|p1a: Slowbro|96\/100\n|-activate|p1a: Slowbro|move: Fire Spin|[of] p2b: Arcanine\n|move|p1a: Slowbro|Heal Pulse|p1b: Klefki\n|-heal|p1b: Klefki|91\/100\n|move|p2a: Slowking|Slack Off|p2a: Slowking\n|-heal|p2a: Slowking|91\/100\n|\n|-heal|p1a: Slowbro|100\/100|[from] item: Leftovers\n|-damage|p1b: Klefki|66\/100|[from] Curse\n|-damage|p1a: Slowbro|88\/100|[from] move: Fire Spin|[partiallytrapped]\n|upkeep\n|turn|17\n|\n|t:|1681673292\n|switch|p1b: Skeledirge|Skeledirge, L50, F|75\/100\n|move|p2b: Arcanine|Fire Spin|p1b: Skeledirge\n|-resisted|p1b: Skeledirge\n|-damage|p1b: Skeledirge|72\/100\n|-activate|p1b: Skeledirge|move: Fire Spin|[of] p2b: Arcanine\n|move|p1a: Slowbro|Heal Pulse|p1b: Skeledirge\n|-heal|p1b: Skeledirge|100\/100\n|move|p2a: Slowking|Curse|p1a: Slowbro\n|-start|p1a: Slowbro|Curse|[of] p2a: Slowking\n|-damage|p2a: Slowking|41\/100\n|\n|-heal|p1a: Slowbro|94\/100|[from] item: Leftovers\n|-damage|p1a: Slowbro|70\/100|[from] Curse\n|-damage|p1b: Skeledirge|88\/100|[from] move: Fire Spin|[partiallytrapped]\n|-damage|p1a: Slowbro|57\/100|[from] move: Fire Spin|[partiallytrapped]\n|upkeep\n|turn|18\n|\n|t:|1681673308\n|move|p2a: Slowking|Protect|p2a: Slowking\n|-singleturn|p2a: Slowking|Protect\n|move|p2b: Arcanine|Snarl|p1b: Skeledirge|[spread] p1a\n|-miss|p2b: Arcanine|p1b: Skeledirge\n|-supereffective|p1a: Slowbro\n|-damage|p1a: Slowbro|46\/100\n|-unboost|p1a: Slowbro|spa|1\n|move|p1b: Skeledirge|Torch Song|p2b: Arcanine\n|-resisted|p2b: Arcanine\n|-damage|p2b: Arcanine|59\/100\n|-boost|p1b: Skeledirge|spa|1\n|move|p1a: Slowbro|Slack Off|p1a: Slowbro\n|-heal|p1a: Slowbro|96\/100\n|\n|-heal|p1a: Slowbro|100\/100|[from] item: Leftovers\n|-damage|p1a: Slowbro|76\/100|[from] Curse\n|-damage|p1b: Skeledirge|76\/100|[from] move: Fire Spin|[partiallytrapped]\n|-damage|p1a: Slowbro|64\/100|[from] move: Fire Spin|[partiallytrapped]\n|upkeep\n|turn|19\n|\n|t:|1681673321\n|move|p2b: Arcanine|Snarl|p1b: Skeledirge|[spread] p1a,p1b\n|-supereffective|p1a: Slowbro\n|-supereffective|p1b: Skeledirge\n|-damage|p1a: Slowbro|54\/100\n|-damage|p1b: Skeledirge|65\/100\n|-unboost|p1a: Slowbro|spa|1\n|-unboost|p1b: Skeledirge|spa|1\n|move|p1b: Skeledirge|Shadow Ball|p2a: Slowking\n|-supereffective|p2a: Slowking\n|-damage|p2a: Slowking|1\/100\n|move|p1a: Slowbro|Slack Off|p1a: Slowbro\n|-heal|p1a: Slowbro|100\/100\n|move|p2a: Slowking|Slack Off|p2a: Slowking\n|-heal|p2a: Slowking|51\/100\n|\n|-damage|p1a: Slowbro|76\/100|[from] Curse\n|-damage|p1b: Skeledirge|53\/100|[from] move: Fire Spin|[partiallytrapped]\n|-damage|p1a: Slowbro|64\/100|[from] move: Fire Spin|[partiallytrapped]\n|upkeep\n|turn|20\n|\n|t:|1681673340\n|move|p2b: Arcanine|Snarl|p1a: Slowbro|[spread] p1a,p1b\n|-supereffective|p1a: Slowbro\n|-crit|p1a: Slowbro\n|-supereffective|p1b: Skeledirge\n|-damage|p1a: Slowbro|36\/100\n|-damage|p1b: Skeledirge|43\/100\n|-unboost|p1a: Slowbro|spa|1\n|-unboost|p1b: Skeledirge|spa|1\n|move|p1b: Skeledirge|Torch Song|p2a: Slowking\n|-damage|p2a: Slowking|38\/100\n|-boost|p1b: Skeledirge|spa|1\n|move|p1a: Slowbro|Heal Pulse|p1b: Skeledirge\n|-heal|p1b: Skeledirge|93\/100\n|move|p2a: Slowking|Slack Off|p2a: Slowking\n|-heal|p2a: Slowking|88\/100\n|\n|-heal|p1a: Slowbro|41\/100|[from] item: Leftovers\n|-damage|p1a: Slowbro|17\/100|[from] Curse\n|-damage|p1b: Skeledirge|80\/100|[from] move: Fire Spin|[partiallytrapped]\n|-damage|p1a: Slowbro|5\/100|[from] move: Fire Spin|[partiallytrapped]\n|upkeep\n|turn|21\n|\n|t:|1681673358\n|move|p2b: Arcanine|Snarl|p1a: Slowbro|[spread] p1a,p1b\n|-supereffective|p1a: Slowbro\n|-supereffective|p1b: Skeledirge\n|-damage|p1a: Slowbro|0 fnt\n|-damage|p1b: Skeledirge|71\/100\n|-unboost|p1b: Skeledirge|spa|1\n|faint|p1a: Slowbro\n|move|p1b: Skeledirge|Torch Song|p2b: Arcanine\n|-resisted|p2b: Arcanine\n|-damage|p2b: Arcanine|49\/100\n|-boost|p1b: Skeledirge|spa|1\n|move|p2a: Slowking|Curse|p1b: Skeledirge\n|-start|p1b: Skeledirge|Curse|[of] p2a: Slowking\n|-damage|p2a: Slowking|38\/100\n|\n|-damage|p1b: Skeledirge|46\/100|[from] Curse\n|-end|p1b: Skeledirge|Fire Spin|[partiallytrapped]\n|upkeep\n|\n|t:|1681673361\n|switch|p1a: Klefki|Klefki, L50, M|66\/100\n|turn|22\n|\n|t:|1681673371\n|move|p2b: Arcanine|Snarl|p1a: Klefki|[spread] p1a,p1b\n|-resisted|p1a: Klefki\n|-supereffective|p1b: Skeledirge\n|-damage|p1a: Klefki|63\/100\n|-damage|p1b: Skeledirge|35\/100\n|-unboost|p1a: Klefki|spa|1\n|-unboost|p1b: Skeledirge|spa|1\n|move|p1b: Skeledirge|Torch Song|p2b: Arcanine\n|-resisted|p2b: Arcanine\n|-damage|p2b: Arcanine|38\/100\n|-boost|p1b: Skeledirge|spa|1\n|move|p2a: Slowking|Slack Off|p2a: Slowking\n|-heal|p2a: Slowking|88\/100\n|move|p1a: Klefki|Trick Room|p1a: Klefki\n|-fieldstart|move: Trick Room|[of] p1a: Klefki\n|-enditem|p2b: Arcanine|Room Service\n|-unboost|p2b: Arcanine|spe|1|[from] item: Room Service\n|\n|-damage|p1b: Skeledirge|10\/100|[from] Curse\n|-sideend|p1: jfkdleneke|Reflect\n|upkeep\n|turn|23\n|-message|jfkdleneke forfeited.\n|\n|win|IceGymDuoOus\n|raw|jfkdleneke's rating: 1000 → 1000<\/strong> (+0 for losing)\n|raw|IceGymDuoOus's rating: 1000 → 1040<\/strong> (+40 for winning)\n|l|\u2606jfkdleneke\n","uploadtime":1681673383,"views":15,"p1id":"jfkdleneke","p2id":"icegymduoous","formatid":"gen9vgc2023regulationc","rating":1000,"private":0,"password":""}