{"id":"gen9vgc2023regulationc-1856038923","p1":"Amesoeurs","p2":"NingunoSirve","format":"[Gen 9] VGC 2023 Regulation C","log":"|j|\u2606Amesoeurs\n|j|\u2606NingunoSirve\n|t:|1683021450\n|gametype|doubles\n|player|p1|Amesoeurs|170|1748\n|player|p2|NingunoSirve|101|1639\n|teamsize|p1|6\n|teamsize|p2|6\n|gen|9\n|tier|[Gen 9] VGC 2023 Regulation C\n|rated|\n|rule|Species Clause: Limit one of each Pok\u00e9mon\n|rule|Item Clause: Limit one of each item\n|clearpoke\n|poke|p1|Maushold-Four, L50|\n|poke|p1|Indeedee-F, L50, F|\n|poke|p1|Armarouge, L50, F|\n|poke|p1|Torkoal, L50, M|\n|poke|p1|Tyranitar, L50, M|\n|poke|p1|Lycanroc, L50, F|\n|poke|p2|Pelipper, L50, F|\n|poke|p2|Dondozo, L50, F|\n|poke|p2|Tatsugiri, L50, F|\n|poke|p2|Drednaw, L50, M|\n|poke|p2|Klefki, L50, M|\n|poke|p2|Bellibolt, L50, M|\n|teampreview|4\n|\n|t:|1683021492\n|start\n|switch|p1a: Maushold|Maushold-Four, L50|100\/100\n|switch|p1b: Armarouge|Armarouge, L50, F|100\/100\n|switch|p2a: Klefki|Klefki, L50, M, shiny|100\/100\n|switch|p2b: Drednaw|Drednaw, L50, M|100\/100\n|turn|1\n|inactive|Battle timer is ON: inactive players will automatically lose when time's up. (requested by NingunoSirve)\n|\n|t:|1683021521\n|switch|p1a: Indeedee|Indeedee-F, L50, F|100\/100\n|-fieldstart|move: Psychic Terrain|[from] ability: Psychic Surge|[of] p1a: Indeedee\n|-terastallize|p2b: Drednaw|Rock\n|-terastallize|p1b: Armarouge|Grass\n|move|p2a: Klefki|Rain Dance|p2a: Klefki\n|-weather|RainDance\n|move|p2b: Drednaw|Rock Slide|p1b: Armarouge|[spread] p1a,p1b\n|-crit|p1a: Indeedee\n|-damage|p1a: Indeedee|19\/100\n|-damage|p1b: Armarouge|47\/100\n|move|p1b: Armarouge|Energy Ball|p2b: Drednaw\n|-supereffective|p2b: Drednaw\n|-damage|p2b: Drednaw|0 fnt\n|faint|p2b: Drednaw\n|-damage|p1b: Armarouge|37\/100|[from] item: Life Orb\n|\n|-weather|RainDance|[upkeep]\n|upkeep\n|inactive|NingunoSirve has 30 seconds left.\n|\n|t:|1683021549\n|switch|p2b: Bellibolt|Bellibolt, L50, M, shiny|100\/100\n|turn|2\n|\n|t:|1683021559\n|move|p1a: Indeedee|Follow Me|p1a: Indeedee\n|-singleturn|p1a: Indeedee|move: Follow Me\n|move|p2a: Klefki|Light Screen|p2a: Klefki\n|-sidestart|p2: NingunoSirve|move: Light Screen\n|move|p1b: Armarouge|Expanding Force|p2a: Klefki|[spread] p2a,p2b\n|-resisted|p2a: Klefki\n|-damage|p2a: Klefki|77\/100\n|-damage|p2b: Bellibolt|67\/100\n|-start|p2b: Bellibolt|Charge|Expanding Force|[from] ability: Electromorphosis\n|-damage|p1b: Armarouge|27\/100|[from] item: Life Orb\n|move|p2b: Bellibolt|Parabolic Charge|p1b: Armarouge|[spread] p2a,p1a,p1b\n|-resisted|p1b: Armarouge\n|-damage|p2a: Klefki|50\/100\n|-heal|p2b: Bellibolt|78\/100|[from] drain|[of] p2a: Klefki\n|-damage|p1a: Indeedee|0 fnt\n|-heal|p2b: Bellibolt|86\/100|[from] drain|[of] p1a: Indeedee\n|-damage|p1b: Armarouge|2\/100\n|-heal|p2b: Bellibolt|97\/100|[from] drain|[of] p1b: Armarouge\n|faint|p1a: Indeedee\n|-end|p2b: Bellibolt|Charge|[silent]\n|\n|-weather|RainDance|[upkeep]\n|upkeep\n|j| poolsideguy\n|\n|t:|1683021584\n|switch|p1a: Maushold|Maushold-Four, L50|100\/100\n|turn|3\n|\n|t:|1683021590\n|move|p2a: Klefki|Reflect|p2a: Klefki\n|-sidestart|p2: NingunoSirve|Reflect\n|move|p1a: Maushold|Population Bomb|p2b: Bellibolt\n|-damage|p2b: Bellibolt|90\/100\n|-start|p2b: Bellibolt|Charge|Population Bomb|[from] ability: Electromorphosis\n|-damage|p2b: Bellibolt|83\/100\n|-start|p2b: Bellibolt|Charge|Population Bomb|[from] ability: Electromorphosis\n|-crit|p2b: Bellibolt\n|-damage|p2b: Bellibolt|67\/100\n|-start|p2b: Bellibolt|Charge|Population Bomb|[from] ability: Electromorphosis\n|-damage|p2b: Bellibolt|60\/100\n|-start|p2b: Bellibolt|Charge|Population Bomb|[from] ability: Electromorphosis\n|-damage|p2b: Bellibolt|54\/100\n|-start|p2b: Bellibolt|Charge|Population Bomb|[from] ability: Electromorphosis\n|-damage|p2b: Bellibolt|47\/100\n|-start|p2b: Bellibolt|Charge|Population Bomb|[from] ability: Electromorphosis\n|-damage|p2b: Bellibolt|40\/100\n|-start|p2b: Bellibolt|Charge|Population Bomb|[from] ability: Electromorphosis\n|-damage|p2b: Bellibolt|32\/100\n|-start|p2b: Bellibolt|Charge|Population Bomb|[from] ability: Electromorphosis\n|-damage|p2b: Bellibolt|25\/100\n|-start|p2b: Bellibolt|Charge|Population Bomb|[from] ability: Electromorphosis\n|-damage|p2b: Bellibolt|17\/100\n|-start|p2b: Bellibolt|Charge|Population Bomb|[from] ability: Electromorphosis\n|-hitcount|p2b: Bellibolt|10\n|move|p1b: Armarouge|Expanding Force|p2b: Bellibolt|[spread] p2a,p2b\n|-resisted|p2a: Klefki\n|-damage|p2a: Klefki|25\/100\n|-damage|p2b: Bellibolt|0 fnt\n|faint|p2b: Bellibolt\n|-damage|p1b: Armarouge|0 fnt|[from] item: Life Orb\n|faint|p1b: Armarouge\n|\n|-weather|RainDance|[upkeep]\n|upkeep\n|inactive|Amesoeurs has 30 seconds left.\n|\n|t:|1683021623\n|switch|p1b: Tyranitar|Tyranitar, L50, M|100\/100\n|switch|p2b: Pelipper|Pelipper, L50, F, shiny|100\/100\n|-weather|Sandstorm|[from] ability: Sand Stream|[of] p1b: Tyranitar\n|turn|4\n|\n|t:|1683021633\n|move|p2a: Klefki|Rain Dance|p2a: Klefki\n|-weather|RainDance\n|move|p1a: Maushold|Population Bomb|p2b: Pelipper\n|-damage|p2b: Pelipper|90\/100\n|-damage|p2b: Pelipper|81\/100\n|-hitcount|p2b: Pelipper|2\n|move|p2b: Pelipper|Hydro Pump|p1b: Tyranitar\n|-supereffective|p1b: Tyranitar\n|-damage|p1b: Tyranitar|14\/100\n|move|p1b: Tyranitar|Rock Slide|p2b: Pelipper|[spread] p2a,p2b\n|-resisted|p2a: Klefki\n|-supereffective|p2b: Pelipper\n|-damage|p2a: Klefki|12\/100\n|-damage|p2b: Pelipper|21\/100\n|\n|-weather|RainDance|[upkeep]\n|upkeep\n|turn|5\n|\n|t:|1683021654\n|move|p2a: Klefki|Thunder Wave|p1a: Maushold\n|-activate|p1a: Maushold|move: Psychic Terrain\n|move|p1a: Maushold|Population Bomb|p2b: Pelipper\n|-damage|p2b: Pelipper|12\/100\n|-damage|p2b: Pelipper|1\/100\n|-damage|p2b: Pelipper|0 fnt\n|faint|p2b: Pelipper\n|-hitcount|p2: Pelipper|3\n|move|p1b: Tyranitar|Low Kick|p2a: Klefki\n|-damage|p2a: Klefki|5\/100\n|\n|-weather|RainDance|[upkeep]\n|-fieldend|move: Psychic Terrain\n|upkeep\n|turn|6\n|-message|NingunoSirve forfeited.\n|\n|win|Amesoeurs\n|raw|Amesoeurs's rating: 1748 → 1762<\/strong> (+14 for winning)\n|raw|NingunoSirve's rating: 1639 → 1625<\/strong> (-14 for losing)\n|l|\u2606NingunoSirve\n","uploadtime":1683021680,"views":15,"p1id":"amesoeurs","p2id":"ningunosirve","formatid":"gen9vgc2023regulationc","rating":1625,"private":0,"password":""}