{"id":"gen9vgc2023regulationc-1855078539","p1":"Vengeful potato","p2":"PoGoboy","format":"[Gen 9] VGC 2023 Regulation C","log":"|j|\u2606Vengeful potato\n|j|\u2606PoGoboy\n|t:|1682898661\n|gametype|doubles\n|player|p1|Vengeful potato|swimmer-gen4|1265\n|player|p2|PoGoboy|rika|1286\n|teamsize|p1|6\n|teamsize|p2|6\n|gen|9\n|tier|[Gen 9] VGC 2023 Regulation C\n|rated|\n|rule|Species Clause: Limit one of each Pok\u00e9mon\n|rule|Item Clause: Limit one of each item\n|clearpoke\n|poke|p1|Dudunsparce-*, L50, M|\n|poke|p1|Hariyama, L50, M|\n|poke|p1|Gholdengo, L50|\n|poke|p1|Salamence, L50, F|\n|poke|p1|Amoonguss, L50, M|\n|poke|p1|Drednaw, L50, M|\n|poke|p2|Ceruledge, L50, F|\n|poke|p2|Lycanroc, L50, M|\n|poke|p2|Tyranitar, L50, M|\n|poke|p2|Iron Bundle, L50|\n|poke|p2|Salamence, L50, M|\n|poke|p2|Palafin, L50, M|\n|teampreview|4\n|inactive|Battle timer is ON: inactive players will automatically lose when time's up. (requested by PoGoboy)\n|inactive|Vengeful potato has 60 seconds left.\n|inactive|PoGoboy has 60 seconds left.\n|inactive|PoGoboy has 30 seconds left.\n|\n|t:|1682898722\n|start\n|switch|p1a: It\u2019s Sparcin\u2019 time|Dudunsparce, L50, M|100\/100\n|switch|p1b: THICC|Hariyama, L50, M, shiny|100\/100\n|switch|p2a: Lycanroc|Lycanroc, L50, M, shiny|100\/100\n|switch|p2b: Palafin|Palafin, L50, M|100\/100\n|turn|1\n|inactive|PoGoboy has 30 seconds left.\n|inactive|PoGoboy has 20 seconds left.\n|\n|t:|1682898758\n|detailschange|p2b: Palafin|Palafin-Hero, L50, M\n|switch|p2b: Salamence|Salamence, L50, M|100\/100\n|-ability|p2b: Salamence|Intimidate|boost\n|-unboost|p1a: It\u2019s Sparcin\u2019 time|atk|1\n|-unboost|p1b: THICC|atk|1\n|move|p2a: Lycanroc|Rock Slide|p1b: THICC|[spread] p1a,p1b\n|-resisted|p1b: THICC\n|-damage|p1a: It\u2019s Sparcin\u2019 time|76\/100\n|-damage|p1b: THICC|88\/100\n|move|p1a: It\u2019s Sparcin\u2019 time|Glare|p2a: Lycanroc\n|-status|p2a: Lycanroc|par\n|move|p1b: THICC|Drain Punch|p2b: Salamence\n|-resisted|p2b: Salamence\n|-damage|p2b: Salamence|87\/100\n|-heal|p1b: THICC|94\/100|[from] drain|[of] p2b: Salamence\n|\n|upkeep\n|turn|2\n|inactive|PoGoboy has 30 seconds left.\n|inactive|PoGoboy has 20 seconds left.\n|inactive|PoGoboy has 15 seconds left.\n|inactive|PoGoboy has 10 seconds left.\n|inactive|PoGoboy has 5 seconds left.\n|\n|t:|1682898813\n|switch|p1b: Big Stonks|Gholdengo, L50|100\/100\n|move|p2b: Salamence|Protect|p2b: Salamence\n|-singleturn|p2b: Salamence|Protect\n|move|p2a: Lycanroc|Protect|p2a: Lycanroc\n|-singleturn|p2a: Lycanroc|Protect\n|move|p1a: It\u2019s Sparcin\u2019 time|Glare|p2b: Salamence\n|-activate|p2b: Salamence|move: Protect\n|\n|upkeep\n|turn|3\n|\n|t:|1682898826\n|move|p2b: Salamence|Dragon Claw|p1a: It\u2019s Sparcin\u2019 time\n|-damage|p1a: It\u2019s Sparcin\u2019 time|30\/100\n|-enditem|p1a: It\u2019s Sparcin\u2019 time|Sitrus Berry|[eat]\n|-heal|p1a: It\u2019s Sparcin\u2019 time|56\/100|[from] item: Sitrus Berry\n|-damage|p2b: Salamence|77\/100|[from] item: Life Orb\n|move|p1b: Big Stonks|Make It Rain|p2a: Lycanroc|[spread] p2a,p2b\n|-supereffective|p2a: Lycanroc\n|-enditem|p2a: Lycanroc|Focus Sash\n|-damage|p2a: Lycanroc|1\/100 par\n|-damage|p2b: Salamence|0 fnt\n|-unboost|p1b: Big Stonks|spa|1\n|faint|p2b: Salamence\n|move|p1a: It\u2019s Sparcin\u2019 time|Rock Slide|p2a: Lycanroc\n|-damage|p2a: Lycanroc|0 fnt\n|faint|p2a: Lycanroc\n|\n|upkeep\n|\n|t:|1682898831\n|switch|p2a: Palafin|Palafin-Hero, L50, M|100\/100\n|switch|p2b: Tyranitar|Tyranitar, L50, M, shiny|100\/100\n|-activate|p2a: Palafin|ability: Zero to Hero\n|-weather|Sandstorm|[from] ability: Sand Stream|[of] p2b: Tyranitar\n|turn|4\n|\n|t:|1682898850\n|switch|p1b: Croissant|Salamence, L50, F|100\/100\n|-ability|p1b: Croissant|Intimidate|boost\n|-unboost|p2a: Palafin|atk|1\n|-unboost|p2b: Tyranitar|atk|1\n|-terastallize|p2a: Palafin|Water\n|move|p2a: Palafin|Wave Crash|p1b: Croissant\n|-resisted|p1b: Croissant\n|-damage|p1b: Croissant|58\/100\n|-damage|p2a: Palafin|86\/100|[from] Recoil\n|move|p1a: It\u2019s Sparcin\u2019 time|Glare|p2a: Palafin\n|-status|p2a: Palafin|par\n|move|p2b: Tyranitar|Rock Slide|p1a: It\u2019s Sparcin\u2019 time|[spread] p1a\n|-miss|p2b: Tyranitar|p1b: Croissant\n|-damage|p1a: It\u2019s Sparcin\u2019 time|37\/100\n|\n|-weather|Sandstorm|[upkeep]\n|-damage|p1a: It\u2019s Sparcin\u2019 time|31\/100|[from] Sandstorm\n|-damage|p2a: Palafin|80\/100 par|[from] Sandstorm\n|upkeep\n|turn|5\n|\n|t:|1682898869\n|switch|p1b: THICC|Hariyama, L50, M, shiny|94\/100\n|move|p1a: It\u2019s Sparcin\u2019 time|Protect|p1a: It\u2019s Sparcin\u2019 time\n|-singleturn|p1a: It\u2019s Sparcin\u2019 time|Protect\n|move|p2a: Palafin|Protect|p2a: Palafin\n|-singleturn|p2a: Palafin|Protect\n|move|p2b: Tyranitar|Rock Slide|p1b: THICC|[spread] p1b\n|-activate|p1a: It\u2019s Sparcin\u2019 time|move: Protect\n|-resisted|p1b: THICC\n|-damage|p1b: THICC|85\/100\n|\n|-weather|Sandstorm|[upkeep]\n|-damage|p1a: It\u2019s Sparcin\u2019 time|25\/100|[from] Sandstorm\n|-damage|p2a: Palafin|74\/100 par|[from] Sandstorm\n|-damage|p1b: THICC|79\/100|[from] Sandstorm\n|upkeep\n|turn|6\n|\n|t:|1682898884\n|move|p1b: THICC|Fake Out|p2a: Palafin\n|-damage|p2a: Palafin|61\/100 par\n|move|p1a: It\u2019s Sparcin\u2019 time|Roost|p1a: It\u2019s Sparcin\u2019 time\n|-heal|p1a: It\u2019s Sparcin\u2019 time|75\/100\n|-singleturn|p1a: It\u2019s Sparcin\u2019 time|move: Roost\n|move|p2b: Tyranitar|Rock Slide|p1b: THICC|[spread] p1a\n|-miss|p2b: Tyranitar|p1b: THICC\n|-damage|p1a: It\u2019s Sparcin\u2019 time|58\/100\n|cant|p2a: Palafin|flinch\n|\n|-weather|Sandstorm|[upkeep]\n|-damage|p1a: It\u2019s Sparcin\u2019 time|52\/100|[from] Sandstorm\n|-damage|p2a: Palafin|55\/100 par|[from] Sandstorm\n|-damage|p1b: THICC|74\/100|[from] Sandstorm\n|upkeep\n|turn|7\n|\n|t:|1682898894\n|move|p1a: It\u2019s Sparcin\u2019 time|Glare|p2b: Tyranitar\n|-status|p2b: Tyranitar|par\n|move|p2a: Palafin|Wave Crash|p1b: THICC\n|-damage|p1b: THICC|0 fnt\n|faint|p1b: THICC\n|-damage|p2a: Palafin|27\/100 par|[from] Recoil\n|move|p2b: Tyranitar|Rock Slide|p1a: It\u2019s Sparcin\u2019 time\n|-damage|p1a: It\u2019s Sparcin\u2019 time|29\/100\n|\n|-weather|Sandstorm|[upkeep]\n|-damage|p1a: It\u2019s Sparcin\u2019 time|23\/100|[from] Sandstorm\n|-damage|p2a: Palafin|21\/100 par|[from] Sandstorm\n|upkeep\n|\n|t:|1682898903\n|switch|p1b: Croissant|Salamence, L50, F|58\/100\n|-ability|p1b: Croissant|Intimidate|boost\n|-unboost|p2a: Palafin|atk|1\n|-unboost|p2b: Tyranitar|atk|1\n|turn|8\n|-message|PoGoboy forfeited.\n|\n|win|Vengeful potato\n|raw|Vengeful potato's rating: 1265 → 1290<\/strong> (+25 for winning)\n|raw|PoGoboy's rating: 1262 → 1237<\/strong> (-25 for losing)\n|l|\u2606PoGoboy\n","uploadtime":1682898907,"views":4,"p1id":"vengefulpotato","p2id":"pogoboy","formatid":"gen9vgc2023regulationc","rating":1237,"private":0,"password":""}