{"id":"gen9vgc2023regulationc-1850933525","p1":"Hacker tumbleweed","p2":"JustAWoterBattle","format":"[Gen 9] VGC 2023 Regulation C","log":"|j|\u2606Hacker tumbleweed\n|j|\u2606JustAWoterBattle\n|t:|1682383966\n|gametype|doubles\n|player|p1|Hacker tumbleweed|silver|1082\n|player|p2|JustAWoterBattle|2|1011\n|teamsize|p1|6\n|teamsize|p2|6\n|gen|9\n|tier|[Gen 9] VGC 2023 Regulation C\n|rated|\n|rule|Species Clause: Limit one of each Pok\u00e9mon\n|rule|Item Clause: Limit one of each item\n|clearpoke\n|poke|p1|Dondozo, L50, M|\n|poke|p1|Tatsugiri-Droopy, L50, F|\n|poke|p1|Gothitelle, L50, F|\n|poke|p1|Rabsca, L50, M|\n|poke|p1|Arcanine, L50, M|\n|poke|p1|Jumpluff, L50, F|\n|poke|p2|Klawf, L50, F|\n|poke|p2|Gengar, L50, F|\n|poke|p2|Quaquaval, L50, M|\n|poke|p2|Amoonguss, L50, M|\n|poke|p2|Grimmsnarl, L50, M|\n|poke|p2|Rotom-Heat, L50|\n|teampreview|4\n|\n|t:|1682384017\n|start\n|switch|p1a: Dondozo|Dondozo, L50, M|100\/100\n|switch|p1b: Jumpluff|Jumpluff, L50, F|100\/100\n|switch|p2a: Grimmsnarl|Grimmsnarl, L50, M|100\/100\n|switch|p2b: Gengar|Gengar, L50, F|100\/100\n|turn|1\n|\n|t:|1682384041\n|move|p2a: Grimmsnarl|Reflect|p2a: Grimmsnarl\n|-sidestart|p2: JustAWoterBattle|Reflect\n|move|p1b: Jumpluff|Sleep Powder|p2a: Grimmsnarl\n|-status|p2a: Grimmsnarl|slp|[from] move: Sleep Powder\n|move|p1a: Dondozo|Liquidation|p2b: Gengar\n|-damage|p2b: Gengar|57\/100\n|-unboost|p2b: Gengar|def|1\n|move|p2b: Gengar|Trick Room|p2b: Gengar\n|-fieldstart|move: Trick Room|[of] p2b: Gengar\n|-enditem|p2b: Gengar|Room Service\n|-unboost|p2b: Gengar|spe|1|[from] item: Room Service\n|\n|upkeep\n|turn|2\n|\n|t:|1682384061\n|switch|p2b: Amoonguss|Amoonguss, L50, M|100\/100\n|switch|p1b: Tatsugiri|Tatsugiri-Droopy, L50, F|100\/100\n|-activate|p1b: Tatsugiri|ability: Commander|[of] p1a: Dondozo\n|-boost|p1a: Dondozo|atk|2\n|-boost|p1a: Dondozo|spa|2\n|-boost|p1a: Dondozo|spe|2\n|-boost|p1a: Dondozo|def|2\n|-boost|p1a: Dondozo|spd|2\n|cant|p2a: Grimmsnarl|slp\n|move|p1a: Dondozo|Order Up|p2b: Amoonguss\n|-damage|p2b: Amoonguss|71\/100\n|-boost|p1a: Dondozo|def|1\n|\n|-status|p1b: Tatsugiri|tox|[from] item: Toxic Orb\n|upkeep\n|turn|3\n|\n|t:|1682384079\n|-terastallize|p1a: Dondozo|Steel\n|-curestatus|p2a: Grimmsnarl|slp|[msg]\n|move|p2a: Grimmsnarl|Parting Shot|p1a: Dondozo\n|-unboost|p1a: Dondozo|atk|1\n|-unboost|p1a: Dondozo|spa|1\n|\n|t:|1682384091\n|switch|p2a: Klawf|Klawf, L50, F|100\/100|[from] Parting Shot\n|move|p2b: Amoonguss|Spore|p1a: Dondozo\n|-status|p1a: Dondozo|slp|[from] move: Spore\n|-enditem|p1a: Dondozo|Chesto Berry|[eat]\n|-curestatus|p1a: Dondozo|slp|[msg]\n|move|p1a: Dondozo|Order Up|p2b: Amoonguss\n|-damage|p2b: Amoonguss|52\/100\n|-boost|p1a: Dondozo|def|1\n|\n|-damage|p1b: Tatsugiri|95\/100 tox|[from] psn\n|upkeep\n|turn|4\n|\n|t:|1682384104\n|move|p2b: Amoonguss|Spore|p1a: Dondozo\n|-status|p1a: Dondozo|slp|[from] move: Spore\n|move|p2a: Klawf|Knock Off|p1a: Dondozo\n|-damage|p1a: Dondozo|96\/100 slp\n|cant|p1a: Dondozo|slp\n|\n|-damage|p1b: Tatsugiri|84\/100 tox|[from] psn\n|upkeep\n|turn|5\n|\n|t:|1682384121\n|move|p2b: Amoonguss|Foul Play|p1a: Dondozo\n|-damage|p1a: Dondozo|89\/100 slp\n|move|p2a: Klawf|Stealth Rock|p1a: Dondozo\n|-sidestart|p1: Hacker tumbleweed|move: Stealth Rock\n|cant|p1a: Dondozo|slp\n|\n|-damage|p1b: Tatsugiri|67\/100 tox|[from] psn\n|-fieldend|move: Trick Room\n|upkeep\n|turn|6\n|\n|t:|1682384149\n|-curestatus|p1a: Dondozo|slp|[msg]\n|move|p1a: Dondozo|Body Press|p2a: Klawf\n|-supereffective|p2a: Klawf\n|-damage|p2a: Klawf|28\/100\n|move|p2a: Klawf|Stealth Rock||[still]\n|-fail|p2a: Klawf\n|move|p2b: Amoonguss|Foul Play|p1a: Dondozo\n|-damage|p1a: Dondozo|82\/100\n|\n|-damage|p1b: Tatsugiri|45\/100 tox|[from] psn\n|upkeep\n|turn|7\n|\n|t:|1682384162\n|move|p2a: Klawf|Protect|p2a: Klawf\n|-singleturn|p2a: Klawf|Protect\n|move|p1a: Dondozo|Order Up|p2a: Klawf\n|-activate|p2a: Klawf|move: Protect\n|move|p2b: Amoonguss|Spore|p1a: Dondozo\n|-status|p1a: Dondozo|slp|[from] move: Spore\n|\n|-damage|p1b: Tatsugiri|17\/100 tox|[from] psn\n|upkeep\n|turn|8\n|\n|t:|1682384179\n|cant|p1a: Dondozo|slp\n|move|p2a: Klawf|Ancient Power|p1a: Dondozo\n|-resisted|p1a: Dondozo\n|-damage|p1a: Dondozo|80\/100 slp\n|-boost|p2a: Klawf|atk|1\n|-boost|p2a: Klawf|def|1\n|-boost|p2a: Klawf|spa|1\n|-boost|p2a: Klawf|spd|1\n|-boost|p2a: Klawf|spe|1\n|move|p2b: Amoonguss|Pollen Puff|p2a: Klawf\n|-heal|p2a: Klawf|77\/100\n|\n|-damage|p1b: Tatsugiri|0 fnt|[from] psn\n|faint|p1b: Tatsugiri\n|-sideend|p2: JustAWoterBattle|Reflect\n|upkeep\n|\n|t:|1682384201\n|switch|p1b: Jumpluff|Jumpluff, L50, F|100\/100\n|-damage|p1b: Jumpluff|76\/100|[from] Stealth Rock\n|turn|9\n|\n|t:|1682384213\n|move|p1b: Jumpluff|Sleep Powder|p2a: Klawf|[miss]\n|-miss|p1b: Jumpluff|p2a: Klawf\n|move|p2a: Klawf|Knock Off|p1b: Jumpluff\n|-damage|p1b: Jumpluff|20\/100\n|-enditem|p1b: Jumpluff|Iapapa Berry|[from] move: Knock Off|[of] p2a: Klawf\n|cant|p1a: Dondozo|slp\n|move|p2b: Amoonguss|Foul Play|p1a: Dondozo\n|-damage|p1a: Dondozo|73\/100 slp\n|\n|upkeep\n|turn|10\n|\n|t:|1682384227\n|move|p2a: Klawf|Protect|p2a: Klawf\n|-singleturn|p2a: Klawf|Protect\n|move|p1b: Jumpluff|Sleep Powder|p2a: Klawf\n|-activate|p2a: Klawf|move: Protect\n|-curestatus|p1a: Dondozo|slp|[msg]\n|move|p1a: Dondozo|Body Press|p2a: Klawf\n|-activate|p2a: Klawf|move: Protect\n|move|p2b: Amoonguss|Spore|p1a: Dondozo\n|-status|p1a: Dondozo|slp|[from] move: Spore\n|\n|upkeep\n|turn|11\n|\n|t:|1682384258\n|switch|p2a: Grimmsnarl|Grimmsnarl, L50, M|100\/100\n|move|p1b: Jumpluff|Sleep Powder|p2a: Grimmsnarl\n|-status|p2a: Grimmsnarl|slp|[from] move: Sleep Powder\n|cant|p1a: Dondozo|slp\n|move|p2b: Amoonguss|Foul Play|p1a: Dondozo\n|-damage|p1a: Dondozo|65\/100 slp\n|\n|upkeep\n|turn|12\n|\n|t:|1682384274\n|cant|p2a: Grimmsnarl|slp\n|move|p1b: Jumpluff|Leech Seed|p2a: Grimmsnarl\n|-start|p2a: Grimmsnarl|move: Leech Seed\n|cant|p1a: Dondozo|slp\n|move|p2b: Amoonguss|Foul Play|p1a: Dondozo\n|-damage|p1a: Dondozo|59\/100 slp\n|\n|-damage|p2a: Grimmsnarl|88\/100 slp|[from] Leech Seed|[of] p1b: Jumpluff\n|-heal|p1b: Jumpluff|37\/100|[silent]\n|upkeep\n|turn|13\n|\n|t:|1682384290\n|move|p1b: Jumpluff|Giga Drain|p2a: Grimmsnarl\n|-damage|p2a: Grimmsnarl|73\/100 slp\n|-heal|p1b: Jumpluff|47\/100|[from] drain|[of] p2a: Grimmsnarl\n|-curestatus|p1a: Dondozo|slp|[msg]\n|move|p1a: Dondozo|Body Press|p2b: Amoonguss\n|-resisted|p2b: Amoonguss\n|-damage|p2b: Amoonguss|29\/100\n|-curestatus|p2a: Grimmsnarl|slp|[msg]\n|move|p2a: Grimmsnarl|Brick Break|p1a: Dondozo\n|-supereffective|p1a: Dondozo\n|-damage|p1a: Dondozo|49\/100\n|move|p2b: Amoonguss|Spore|p1a: Dondozo\n|-status|p1a: Dondozo|slp|[from] move: Spore\n|\n|-damage|p2a: Grimmsnarl|61\/100|[from] Leech Seed|[of] p1b: Jumpluff\n|-heal|p1b: Jumpluff|64\/100|[silent]\n|upkeep\n|turn|14\n|\n|t:|1682384311\n|move|p2b: Amoonguss|Rage Powder|p2b: Amoonguss\n|-singleturn|p2b: Amoonguss|move: Rage Powder\n|move|p1b: Jumpluff|Sleep Powder|p2a: Grimmsnarl|[miss]\n|-miss|p1b: Jumpluff|p2a: Grimmsnarl\n|cant|p1a: Dondozo|slp\n|move|p2a: Grimmsnarl|Brick Break|p1a: Dondozo\n|-supereffective|p1a: Dondozo\n|-damage|p1a: Dondozo|39\/100 slp\n|\n|-damage|p2a: Grimmsnarl|49\/100|[from] Leech Seed|[of] p1b: Jumpluff\n|-heal|p1b: Jumpluff|80\/100|[silent]\n|upkeep\n|turn|15\n|\n|t:|1682384349\n|move|p2b: Amoonguss|Rage Powder|p2b: Amoonguss\n|-singleturn|p2b: Amoonguss|move: Rage Powder\n|move|p1b: Jumpluff|Sleep Powder|p2a: Grimmsnarl\n|-status|p2a: Grimmsnarl|slp|[from] move: Sleep Powder\n|cant|p1a: Dondozo|slp\n|cant|p2a: Grimmsnarl|slp\n|\n|-damage|p2a: Grimmsnarl|36\/100 slp|[from] Leech Seed|[of] p1b: Jumpluff\n|-heal|p1b: Jumpluff|97\/100|[silent]\n|upkeep\n|turn|16\n|\n|t:|1682384389\n|cant|p2a: Grimmsnarl|slp\n|move|p1b: Jumpluff|Giga Drain|p2b: Amoonguss\n|-resisted|p2b: Amoonguss\n|-damage|p2b: Amoonguss|25\/100\n|-heal|p1b: Jumpluff|100\/100|[from] drain|[of] p2b: Amoonguss\n|-curestatus|p1a: Dondozo|slp|[msg]\n|move|p1a: Dondozo|Rest|p1a: Dondozo\n|-status|p1a: Dondozo|slp|[from] move: Rest\n|-heal|p1a: Dondozo|100\/100 slp|[silent]\n|move|p2b: Amoonguss|Spore|p1a: Dondozo\n|-fail|p1a: Dondozo|slp\n|\n|-damage|p2a: Grimmsnarl|24\/100 slp|[from] Leech Seed|[of] p1b: Jumpluff\n|upkeep\n|turn|17\n|-message|JustAWoterBattle forfeited.\n|\n|win|Hacker tumbleweed\n|raw|Hacker tumbleweed's rating: 1082 → 1104<\/strong> (+22 for winning)\n|raw|JustAWoterBattle's rating: 1011 → 1002<\/strong> (-9 for losing)\n|l|\u2606JustAWoterBattle\n","uploadtime":1682384421,"views":7,"p1id":"hackertumbleweed","p2id":"justawoterbattle","formatid":"gen9vgc2023regulationc","rating":1002,"private":0,"password":""}