{"id":"gen9vgc2023regulationc-1847699379","p1":"DeathToScarfChiYu","p2":"natsukawa417","format":"[Gen 9] VGC 2023 Regulation C","log":"|j|\u2606DeathToScarfChiYu\n|j|\u2606natsukawa417\n|t:|1681993823\n|gametype|doubles\n|player|p1|DeathToScarfChiYu|fennel|1679\n|player|p2|natsukawa417|101|1677\n|teamsize|p1|6\n|teamsize|p2|6\n|gen|9\n|tier|[Gen 9] VGC 2023 Regulation C\n|rated|\n|rule|Species Clause: Limit one of each Pok\u00e9mon\n|rule|Item Clause: Limit one of each item\n|clearpoke\n|poke|p1|Bellibolt, L50, M|\n|poke|p1|Gastrodon-East, L50, F|\n|poke|p1|Iron Treads, L50|\n|poke|p1|Mimikyu, L50, M|\n|poke|p1|Chi-Yu, L50|\n|poke|p1|Corviknight, L50, F|\n|poke|p2|Dondozo, L50, F|\n|poke|p2|Tatsugiri, L50, F|\n|poke|p2|Glimmora, L50, F|\n|poke|p2|Corviknight, L50, M|\n|poke|p2|Flutter Mane, L50|\n|poke|p2|Sandy Shocks, L50|\n|teampreview|4\n|j| Braindeadmeta\n|j| merahmerona\n|j| ROSELIA SAYO\n|inactive|Battle timer is ON: inactive players will automatically lose when time's up. (requested by DeathToScarfChiYu)\nDeathToScarfChiYu has agreed to open team sheets.\n|\n|t:|1681993888\n|start\n|switch|p1a: Pretty Sweet|Mimikyu, L50, M|100\/100\n|switch|p1b: Nights|Chi-Yu, L50|100\/100\n|switch|p2a: Glimmora|Glimmora, L50, F|100\/100\n|switch|p2b: Corviknight|Corviknight, L50, M|100\/100\n|-ability|p1b: Nights|Beads of Ruin\n|turn|1\n|inactive|natsukawa417 has 30 seconds left.\n|inactive|natsukawa417 has 20 seconds left.\n|\n|t:|1681993924\n|-terastallize|p1b: Nights|Ground\n|-terastallize|p2b: Corviknight|Fire\n|move|p1b: Nights|Tera Blast|p2a: Glimmora\n|-supereffective|p2a: Glimmora\n|-enditem|p2a: Glimmora|Focus Sash\n|-damage|p2a: Glimmora|1\/100\n|move|p1a: Pretty Sweet|Will-O-Wisp|p2b: Corviknight\n|-immune|p2b: Corviknight\n|move|p2a: Glimmora|Power Gem|p1b: Nights\n|-resisted|p1b: Nights\n|-damage|p1b: Nights|75\/100\n|move|p2b: Corviknight|Brave Bird|p1b: Nights\n|-damage|p1b: Nights|0 fnt\n|faint|p1b: Nights\n|-damage|p2b: Corviknight|85\/100|[from] Recoil\n|\n|upkeep\n|\n|t:|1681993932\n|switch|p1b: Self Control|Gastrodon-East, L50, F|100\/100\n|turn|2\n|\n|t:|1681993946\n|move|p2a: Glimmora|Spiky Shield|p2a: Glimmora\n|-singleturn|p2a: Glimmora|move: Protect\n|move|p1a: Pretty Sweet|Shadow Sneak|p2a: Glimmora\n|-activate|p2a: Glimmora|move: Protect\n|-damage|p1a: Pretty Sweet|88\/100|[from] Spiky Shield|[of] p2a: Glimmora\n|move|p2b: Corviknight|Brave Bird|p1b: Self Control\n|-damage|p1b: Self Control|39\/100\n|-damage|p2b: Corviknight|64\/100|[from] Recoil\n|move|p1b: Self Control|Muddy Water|p2b: Corviknight|[spread] p2b\n|-activate|p2a: Glimmora|move: Protect\n|-supereffective|p2b: Corviknight\n|-damage|p2b: Corviknight|18\/100\n|-ability|p2b: Corviknight|Mirror Armor\n|-unboost|p1b: Self Control|accuracy|1\n|\n|upkeep\n|turn|3\n|\n|t:|1681993969\n|switch|p2a: Dondozo|Dondozo, L50, F|100\/100\n|move|p1a: Pretty Sweet|Shadow Sneak|p2b: Corviknight\n|-damage|p2b: Corviknight|0 fnt\n|faint|p2b: Corviknight\n|-damage|p1a: Pretty Sweet|79\/100|[from] item: Life Orb\n|move|p1b: Self Control|Recover|p1b: Self Control\n|-heal|p1b: Self Control|89\/100\n|\n|upkeep\n|\n|t:|1681993980\n|switch|p2b: Tatsugiri|Tatsugiri, L50, F|100\/100\n|-activate|p2b: Tatsugiri|ability: Commander|[of] p2a: Dondozo\n|-boost|p2a: Dondozo|atk|2\n|-boost|p2a: Dondozo|spa|2\n|-boost|p2a: Dondozo|spe|2\n|-boost|p2a: Dondozo|def|2\n|-boost|p2a: Dondozo|spd|2\n|turn|4\n|\n|t:|1681993984\n|switch|p1b: Skyline To|Corviknight, L50, F|100\/100\n|move|p1a: Pretty Sweet|Will-O-Wisp|p2a: Dondozo\n|-status|p2a: Dondozo|brn\n|move|p2a: Dondozo|Earthquake|p1a: Pretty Sweet|[spread] p1a\n|-miss|p2a: Dondozo|p2b: Tatsugiri\n|-immune|p1b: Skyline To\n|-activate|p1a: Pretty Sweet|ability: Disguise\n|-damage|p1a: Pretty Sweet|79\/100\n|detailschange|p1a: Pretty Sweet|Mimikyu-Busted, L50, M\n|-damage|p1a: Pretty Sweet|66\/100|[from] pokemon: Mimikyu-Busted\n|\n|-damage|p2a: Dondozo|94\/100 brn|[from] brn\n|upkeep\n|turn|5\n|\n|t:|1681994004\n|switch|p1a: Self Control|Gastrodon-East, L50, F|89\/100\n|move|p2a: Dondozo|Wave Crash|p1a: Self Control\n|-ability|p1a: Self Control|Storm Drain|boost\n|-boost|p1a: Self Control|spa|1\n|move|p1b: Skyline To|Bulk Up|p1b: Skyline To\n|-boost|p1b: Skyline To|atk|1\n|-boost|p1b: Skyline To|def|1\n|\n|-damage|p2a: Dondozo|88\/100 brn|[from] brn\n|upkeep\n|turn|6\n|-message|natsukawa417 forfeited.\n|\n|win|DeathToScarfChiYu\n|raw|DeathToScarfChiYu's rating: 1698 → 1717<\/strong> (+19 for winning)\n|raw|natsukawa417's rating: 1677 → 1658<\/strong> (-19 for losing)\n|l|\u2606natsukawa417\n|l| Braindeadmeta\n|l|\u2606DeathToScarfChiYu\n","uploadtime":1681994049,"views":13,"p1id":"deathtoscarfchiyu","p2id":"natsukawa417","formatid":"gen9vgc2023regulationc","rating":1658,"private":0,"password":""}