{"id":"gen9vgc2023regulationc-1852906249","p1":"woho","p2":"Wyvern129","format":"[Gen 9] VGC 2023 Regulation C","log":"|j|\u2606woho\n|j|\u2606Wyvern129\n|t:|1682616224\n|gametype|doubles\n|player|p1|woho|alder|1149\n|player|p2|Wyvern129|giovanni|1186\n|teamsize|p1|6\n|teamsize|p2|6\n|gen|9\n|tier|[Gen 9] VGC 2023 Regulation C\n|rated|\n|rule|Species Clause: Limit one of each Pok\u00e9mon\n|rule|Item Clause: Limit one of each item\n|clearpoke\n|poke|p1|Arboliva, L50, F|\n|poke|p1|Ceruledge, L50, F|\n|poke|p1|Tauros-Paldea-Aqua, L50, M|\n|poke|p1|Orthworm, L50, M|\n|poke|p1|Iron Hands, L50|\n|poke|p1|Hatterene, L50, F|\n|poke|p2|Torkoal, L50, F|\n|poke|p2|Lilligant, L50, F|\n|poke|p2|Dragonite, L50, F|\n|poke|p2|Flutter Mane, L50|\n|poke|p2|Great Tusk, L50|\n|poke|p2|Iron Bundle, L50|\n|teampreview|4\n|\n|t:|1682616266\n|start\n|switch|p1a: Ceruledge|Ceruledge, L50, F|100\/100\n|switch|p1b: Rishiki|Iron Hands, L50|100\/100\n|switch|p2a: Raisenzahn|Great Tusk, L50|100\/100\n|switch|p2b: Koalio|Torkoal, L50, F|100\/100\n|-weather|SunnyDay|[from] ability: Drought|[of] p2b: Koalio\n|-activate|p2a: Raisenzahn|ability: Protosynthesis\n|-start|p2a: Raisenzahn|protosynthesisatk\n|turn|1\n|\n|t:|1682616298\n|move|p1b: Rishiki|Fake Out|p2a: Raisenzahn\n|-damage|p2a: Raisenzahn|88\/100\n|cant|p2a: Raisenzahn|flinch\n|move|p1a: Ceruledge|Will-O-Wisp|p2a: Raisenzahn\n|-status|p2a: Raisenzahn|brn\n|move|p2b: Koalio|Earth Power|p1b: Rishiki\n|-supereffective|p1b: Rishiki\n|-damage|p1b: Rishiki|72\/100\n|\n|-weather|SunnyDay|[upkeep]\n|-damage|p2a: Raisenzahn|82\/100 brn|[from] brn\n|upkeep\n|turn|2\n|\n|t:|1682616324\n|switch|p1a: Orthworm|Orthworm, L50, M|100\/100\n|move|p2a: Raisenzahn|Headlong Rush|p1a: Orthworm\n|-immune|p1a: Orthworm|[from] ability: Earth Eater\n|move|p1b: Rishiki|Drain Punch|p2a: Raisenzahn\n|-damage|p2a: Raisenzahn|44\/100 brn\n|-heal|p1b: Rishiki|87\/100|[from] drain|[of] p2a: Raisenzahn\n|move|p2b: Koalio|Earth Power|p1a: Orthworm\n|-immune|p1a: Orthworm|[from] ability: Earth Eater\n|\n|-weather|SunnyDay|[upkeep]\n|-damage|p2a: Raisenzahn|39\/100 brn|[from] brn\n|upkeep\n|turn|3\n|\n|t:|1682616347\n|-end|p2a: Raisenzahn|Protosynthesis|[silent]\n|switch|p2a: Lilly|Lilligant, L50, F|100\/100\n|move|p1a: Orthworm|Protect|p1a: Orthworm\n|-singleturn|p1a: Orthworm|Protect\n|move|p2b: Koalio|Protect|p2b: Koalio\n|-singleturn|p2b: Koalio|Protect\n|move|p1b: Rishiki|Drain Punch|p2a: Lilly\n|-damage|p2a: Lilly|43\/100\n|-heal|p1b: Rishiki|100\/100|[from] drain|[of] p2a: Lilly\n|\n|-weather|SunnyDay|[upkeep]\n|upkeep\n|turn|4\n|\n|t:|1682616366\n|switch|p1a: Ceruledge|Ceruledge, L50, F|100\/100\n|move|p2a: Lilly|After You|p2b: Koalio\n|-activate|p2b: Koalio|move: After You\n|move|p2b: Koalio|Eruption|p1b: Rishiki|[spread] p1b\n|-start|p1a: Ceruledge|ability: Flash Fire\n|-damage|p1b: Rishiki|53\/100\n|move|p1b: Rishiki|Drain Punch|p2a: Lilly\n|-damage|p2a: Lilly|0 fnt\n|-heal|p1b: Rishiki|69\/100|[from] drain|[of] p2a: Lilly\n|faint|p2a: Lilly\n|\n|-weather|SunnyDay|[upkeep]\n|upkeep\n|\n|t:|1682616380\n|switch|p2a: Iron Bundle|Iron Bundle, L50|100\/100\n|-enditem|p2a: Iron Bundle|Booster Energy\n|-activate|p2a: Iron Bundle|ability: Quark Drive|[fromitem]\n|-start|p2a: Iron Bundle|quarkdrivespe\n|turn|5\n|\n|t:|1682616392\n|move|p1a: Ceruledge|Protect|p1a: Ceruledge\n|-singleturn|p1a: Ceruledge|Protect\n|move|p2a: Iron Bundle|Hydro Pump|p1a: Ceruledge\n|-activate|p1a: Ceruledge|move: Protect\n|move|p1b: Rishiki|Drain Punch|p2a: Iron Bundle\n|-supereffective|p2a: Iron Bundle\n|-damage|p2a: Iron Bundle|0 fnt\n|-heal|p1b: Rishiki|96\/100|[from] drain|[of] p2a: Iron Bundle\n|faint|p2a: Iron Bundle\n|-end|p2a: Iron Bundle|Quark Drive|[silent]\n|move|p2b: Koalio|Eruption|p1a: Ceruledge|[spread] p1b\n|-activate|p1a: Ceruledge|move: Protect\n|-damage|p1b: Rishiki|41\/100\n|\n|-weather|none\n|upkeep\n|\n|t:|1682616405\n|switch|p2a: Raisenzahn|Great Tusk, L50|39\/100 brn\n|turn|6\n|\n|t:|1682616418\n|move|p2a: Raisenzahn|Headlong Rush|p1a: Ceruledge\n|-supereffective|p1a: Ceruledge\n|-enditem|p1a: Ceruledge|Focus Sash\n|-damage|p1a: Ceruledge|1\/100\n|-unboost|p2a: Raisenzahn|def|1\n|-unboost|p2a: Raisenzahn|spd|1\n|move|p1a: Ceruledge|Bitter Blade|p2a: Raisenzahn\n|-damage|p2a: Raisenzahn|0 fnt\n|-heal|p1a: Ceruledge|26\/100|[from] drain|[of] p2a: Raisenzahn\n|faint|p2a: Raisenzahn\n|-end|p2a: Raisenzahn|Protosynthesis|[silent]\n|move|p1b: Rishiki|Drain Punch|p2b: Koalio\n|-damage|p2b: Koalio|66\/100\n|-heal|p1b: Rishiki|54\/100|[from] drain|[of] p2b: Koalio\n|move|p2b: Koalio|Eruption|p1a: Ceruledge|[spread] p1b\n|-immune|p1a: Ceruledge|[from] ability: Flash Fire\n|-damage|p1b: Rishiki|31\/100\n|\n|upkeep\n|turn|7\n|-message|Wyvern129 forfeited.\n|\n|win|woho\n|raw|woho's rating: 1149 → 1177<\/strong> (+28 for winning)\n|raw|Wyvern129's rating: 1186 → 1158<\/strong> (-28 for losing)\n|l|\u2606Wyvern129\n","uploadtime":1682616448,"views":8,"p1id":"woho","p2id":"wyvern129","formatid":"gen9vgc2023regulationc","rating":1158,"private":0,"password":""}