{"id":"gen9vgc2023regulationc-1863344079","p1":"Alexis_student","p2":"charizard_LMAO","format":"[Gen 9] VGC 2023 Regulation C","log":"|j|\u2606Alexis_student\n|j|\u2606charizard_LMAO\n|t:|1684005053\n|gametype|doubles\n|player|p1|Alexis_student|cyclistf|1268\n|player|p2|charizard_LMAO|pokemaniac|1251\n|teamsize|p1|6\n|teamsize|p2|6\n|gen|9\n|tier|[Gen 9] VGC 2023 Regulation C\n|rated|\n|rule|Species Clause: Limit one of each Pok\u00e9mon\n|rule|Item Clause: Limit one of each item\n|clearpoke\n|poke|p1|Chi-Yu, L50|\n|poke|p1|Flutter Mane, L50|\n|poke|p1|Gyarados, L50, M|\n|poke|p1|Iron Hands, L50|\n|poke|p1|Dragonite, L50, M|\n|poke|p1|Amoonguss, L50, M|\n|poke|p2|Chi-Yu, L50|\n|poke|p2|Roaring Moon, L50|\n|poke|p2|Flutter Mane, L50|\n|poke|p2|Amoonguss, L50, M|\n|poke|p2|Great Tusk, L50|\n|poke|p2|Palafin, L50, F|\n|teampreview|4\n|inactive|Battle timer is ON: inactive players will automatically lose when time's up. (requested by charizard_LMAO)\ncharizard_LMAO rejected open team sheets.\n|\n|t:|1684005082\n|start\n|switch|p1a: Amoonguss|Amoonguss, L50, M|100\/100\n|switch|p1b: Flutter Mane|Flutter Mane, L50|100\/100\n|switch|p2a: Roaring Moon|Roaring Moon, L50|100\/100\n|switch|p2b: Flutter Mane|Flutter Mane, L50|100\/100\n|-enditem|p2a: Roaring Moon|Booster Energy\n|-activate|p2a: Roaring Moon|ability: Protosynthesis|[fromitem]\n|-start|p2a: Roaring Moon|protosynthesisatk\n|turn|1\n|\n|t:|1684005099\n|-terastallize|p2a: Roaring Moon|Flying\n|move|p1b: Flutter Mane|Protect|p1b: Flutter Mane\n|-singleturn|p1b: Flutter Mane|Protect\n|move|p2a: Roaring Moon|Tailwind|p2a: Roaring Moon\n|-sidestart|p2: charizard_LMAO|move: Tailwind\n|move|p2b: Flutter Mane|Shadow Ball|p1b: Flutter Mane\n|-activate|p1b: Flutter Mane|move: Protect\n|move|p1a: Amoonguss|Spore|p2b: Flutter Mane\n|-status|p2b: Flutter Mane|slp|[from] move: Spore\n|\n|upkeep\n|turn|2\n|\n|t:|1684005119\n|-end|p2b: Flutter Mane|Protosynthesis|[silent]\n|switch|p2b: Chi-Yu|Chi-Yu, L50|100\/100\n|-ability|p2b: Chi-Yu|Beads of Ruin\n|switch|p1a: Gyarados|Gyarados, L50, M|100\/100\n|-ability|p1a: Gyarados|Intimidate|boost\n|-unboost|p2a: Roaring Moon|atk|1\n|-unboost|p2b: Chi-Yu|atk|1\n|move|p2a: Roaring Moon|Acrobatics|p1a: Gyarados\n|-damage|p1a: Gyarados|56\/100\n|move|p1b: Flutter Mane|Shadow Ball|p2b: Chi-Yu\n|-resisted|p2b: Chi-Yu\n|-damage|p2b: Chi-Yu|80\/100\n|-damage|p1b: Flutter Mane|91\/100|[from] item: Life Orb\n|\n|upkeep\n|turn|3\n|inactive|Alexis_student has 30 seconds left.\n|\n|t:|1684005154\n|move|p1b: Flutter Mane|Protect|p1b: Flutter Mane\n|-singleturn|p1b: Flutter Mane|Protect\n|move|p2a: Roaring Moon|Acrobatics|p1a: Gyarados\n|-damage|p1a: Gyarados|9\/100\n|-enditem|p1a: Gyarados|Aguav Berry|[eat]\n|-heal|p1a: Gyarados|42\/100|[from] item: Aguav Berry\n|move|p2b: Chi-Yu|Heat Wave|p1b: Flutter Mane|[spread] p1a\n|-activate|p1b: Flutter Mane|move: Protect\n|-resisted|p1a: Gyarados\n|-damage|p1a: Gyarados|19\/100\n|move|p1a: Gyarados|Bulldoze|p2a: Roaring Moon|[spread] p2b\n|-activate|p1b: Flutter Mane|move: Protect\n|-immune|p2a: Roaring Moon\n|-supereffective|p2b: Chi-Yu\n|-damage|p2b: Chi-Yu|40\/100\n|-unboost|p2b: Chi-Yu|spe|1\n|\n|upkeep\n|turn|4\n|inactive|Alexis_student has 30 seconds left.\n|inactive|Alexis_student has 20 seconds left.\n|\n|t:|1684005193\n|move|p2a: Roaring Moon|Acrobatics|p1b: Flutter Mane\n|-damage|p1b: Flutter Mane|2\/100\n|move|p2b: Chi-Yu|Heat Wave|p1a: Gyarados|[spread] p1a\n|-miss|p2b: Chi-Yu|p1b: Flutter Mane\n|-resisted|p1a: Gyarados\n|-damage|p1a: Gyarados|0 fnt\n|faint|p1a: Gyarados\n|move|p1b: Flutter Mane|Dazzling Gleam|p2b: Chi-Yu|[spread] p2a,p2b\n|-crit|p2b: Chi-Yu\n|-damage|p2a: Roaring Moon|43\/100\n|-damage|p2b: Chi-Yu|0 fnt\n|faint|p2b: Chi-Yu\n|-damage|p1b: Flutter Mane|0 fnt|[from] item: Life Orb\n|faint|p1b: Flutter Mane\n|-end|p1b: Flutter Mane|Protosynthesis|[silent]\n|\n|-sideend|p2: charizard_LMAO|move: Tailwind\n|upkeep\n|\n|t:|1684005211\n|switch|p1b: Amoonguss|Amoonguss, L50, M|100\/100\n|switch|p2b: Flutter Mane|Flutter Mane, L50|100\/100 slp\n|switch|p1a: Chi-Yu|Chi-Yu, L50|100\/100\n|-ability|p1a: Chi-Yu|Beads of Ruin\n|turn|5\n|\n|t:|1684005228\n|-terastallize|p1b: Amoonguss|Water\n|move|p1b: Amoonguss|Rage Powder|p1b: Amoonguss\n|-singleturn|p1b: Amoonguss|move: Rage Powder\n|move|p2a: Roaring Moon|Tailwind|p2a: Roaring Moon\n|-sidestart|p2: charizard_LMAO|move: Tailwind\n|cant|p2b: Flutter Mane|slp\n|move|p1a: Chi-Yu|Nasty Plot|p1a: Chi-Yu\n|-boost|p1a: Chi-Yu|spa|2\n|\n|upkeep\n|turn|6\n|\n|t:|1684005244\n|move|p1b: Amoonguss|Rage Powder|p1b: Amoonguss\n|-singleturn|p1b: Amoonguss|move: Rage Powder\n|move|p2a: Roaring Moon|Acrobatics|p1b: Amoonguss\n|-damage|p1b: Amoonguss|54\/100\n|cant|p2b: Flutter Mane|slp\n|move|p1a: Chi-Yu|Heat Wave|p2a: Roaring Moon|[spread] p2a,p2b\n|-damage|p2a: Roaring Moon|0 fnt\n|-damage|p2b: Flutter Mane|0 fnt\n|faint|p2a: Roaring Moon\n|-end|p2a: Roaring Moon|Protosynthesis|[silent]\n|faint|p2b: Flutter Mane\n|-end|p2b: Flutter Mane|Protosynthesis|[silent]\n|\n|upkeep\n|\n|t:|1684005256\n|switch|p2b: Great Tusk|Great Tusk, L50|100\/100\n|turn|7\n|\n|t:|1684005270\n|move|p1a: Chi-Yu|Protect|p1a: Chi-Yu\n|-singleturn|p1a: Chi-Yu|Protect\n|move|p2b: Great Tusk|Close Combat|p1a: Chi-Yu\n|-activate|p1a: Chi-Yu|move: Protect\n|move|p1b: Amoonguss|Spore|p2b: Great Tusk\n|-status|p2b: Great Tusk|slp|[from] move: Spore\n|\n|upkeep\n|turn|8\n|\n|t:|1684005288\n|cant|p2b: Great Tusk|slp\n|move|p1a: Chi-Yu|Dark Pulse|p2b: Great Tusk\n|-resisted|p2b: Great Tusk\n|-damage|p2b: Great Tusk|18\/100 slp\n|move|p1b: Amoonguss|Pollen Puff|p2b: Great Tusk\n|-resisted|p2b: Great Tusk\n|-damage|p2b: Great Tusk|0 fnt\n|faint|p2b: Great Tusk\n|-end|p2b: Great Tusk|Protosynthesis|[silent]\n|\n|win|Alexis_student\n|raw|Alexis_student's rating: 1268 → 1292<\/strong> (+24 for winning)\n|raw|charizard_LMAO's rating: 1251 → 1227<\/strong> (-24 for losing)\n|l|\u2606charizard_LMAO\n","uploadtime":1684005300,"views":6,"p1id":"alexisstudent","p2id":"charizardlmao","formatid":"gen9vgc2023regulationc","rating":1227,"private":0,"password":""}