{"id":"gen9vgc2023regulationc-1856174683","p1":"VillagerZz","p2":"paj07","format":"[Gen 9] VGC 2023 Regulation C","log":"|j|\u2606VillagerZz\n|j|\u2606paj07\n|t:|1683037640\n|gametype|doubles\n|player|p1|VillagerZz|169|1093\n|player|p2|paj07|giovanni|1030\n|teamsize|p1|6\n|teamsize|p2|6\n|gen|9\n|tier|[Gen 9] VGC 2023 Regulation C\n|rated|\n|rule|Species Clause: Limit one of each Pok\u00e9mon\n|rule|Item Clause: Limit one of each item\n|clearpoke\n|poke|p1|Sylveon, L50, F|\n|poke|p1|Heracross, L50, M|\n|poke|p1|Scream Tail, L50|\n|poke|p1|Dragonair, L50, M|\n|poke|p1|Vivillon, L50, M|\n|poke|p1|Alomomola, L50, M|\n|poke|p2|Palafin, L50, M|\n|poke|p2|Murkrow, L50, M|\n|poke|p2|Chi-Yu, L50|\n|poke|p2|Ting-Lu, L50|\n|poke|p2|Toxapex, L50, M|\n|poke|p2|Chien-Pao, L50|\n|teampreview|4\n|\n|t:|1683037684\n|start\n|switch|p1a: Scream Tail|Scream Tail, L50, shiny|100\/100\n|switch|p1b: Vivillon|Vivillon, L50, M, shiny|100\/100\n|switch|p2a: Palafin|Palafin, L50, M|100\/100\n|switch|p2b: Murkrow|Murkrow, L50, M|100\/100\n|-enditem|p1a: Scream Tail|Booster Energy\n|-activate|p1a: Scream Tail|ability: Protosynthesis|[fromitem]\n|-start|p1a: Scream Tail|protosynthesisspe\n|turn|1\n|\n|t:|1683037706\n|move|p2b: Murkrow|Tailwind|p2b: Murkrow\n|-sidestart|p2: paj07|move: Tailwind\n|move|p2a: Palafin|Flip Turn|p1a: Scream Tail\n|-damage|p1a: Scream Tail|80\/100\n|\n|t:|1683037727\n|detailschange|p2a: Palafin|Palafin-Hero, L50, M\n|switch|p2a: Chien-Pao|Chien-Pao, L50|100\/100|[from] Flip Turn\n|-ability|p2a: Chien-Pao|Sword of Ruin\n|move|p1a: Scream Tail|Perish Song|p1a: Scream Tail\n|-start|p1a: Scream Tail|perish3|[silent]\n|-start|p1b: Vivillon|perish3|[silent]\n|-start|p2a: Chien-Pao|perish3|[silent]\n|-start|p2b: Murkrow|perish3|[silent]\n|-fieldactivate|move: Perish Song\n|move|p1b: Vivillon|Tailwind|p1b: Vivillon\n|-sidestart|p1: VillagerZz|move: Tailwind\n|\n|-start|p1a: Scream Tail|perish3\n|-start|p2a: Chien-Pao|perish3\n|-start|p1b: Vivillon|perish3\n|-start|p2b: Murkrow|perish3\n|upkeep\n|turn|2\n|\n|t:|1683037755\n|move|p2b: Murkrow|Thunder Wave|p1a: Scream Tail\n|-status|p1a: Scream Tail|par\n|move|p2a: Chien-Pao|Ice Spinner|p1b: Vivillon\n|-supereffective|p1b: Vivillon\n|-enditem|p1b: Vivillon|Focus Sash\n|-damage|p1b: Vivillon|1\/100\n|move|p1b: Vivillon|Sleep Powder|p2a: Chien-Pao\n|-status|p2a: Chien-Pao|slp|[from] move: Sleep Powder\n|move|p1a: Scream Tail|Encore|p2b: Murkrow\n|-start|p2b: Murkrow|Encore\n|\n|-start|p2a: Chien-Pao|perish2\n|-start|p1b: Vivillon|perish2\n|-start|p1a: Scream Tail|perish2\n|-start|p2b: Murkrow|perish2\n|upkeep\n|turn|3\n|\n|t:|1683037797\n|-end|p1a: Scream Tail|Protosynthesis|[silent]\n|switch|p1a: Sylveon|Sylveon, L50, F|100\/100\n|switch|p2b: Toxapex|Toxapex, L50, M|100\/100\n|cant|p2a: Chien-Pao|slp\n|move|p1b: Vivillon|Sleep Powder|p2b: Toxapex\n|-status|p2b: Toxapex|slp|[from] move: Sleep Powder\n|\n|-start|p2a: Chien-Pao|perish1\n|-start|p1b: Vivillon|perish1\n|upkeep\n|turn|4\n|\n|t:|1683037839\n|switch|p2a: Palafin|Palafin-Hero, L50, M|100\/100\n|-activate|p2a: Palafin|ability: Zero to Hero\n|cant|p2b: Toxapex|slp\n|move|p1b: Vivillon|Sleep Powder|p2a: Palafin\n|-status|p2a: Palafin|slp|[from] move: Sleep Powder\n|move|p1a: Sylveon|Hyper Voice|p2b: Toxapex|[spread] p2a,p2b\n|-resisted|p2b: Toxapex\n|-crit|p2b: Toxapex\n|-damage|p2a: Palafin|70\/100 slp\n|-damage|p2b: Toxapex|80\/100 slp\n|-enditem|p1a: Sylveon|Throat Spray\n|-boost|p1a: Sylveon|spa|1|[from] item: Throat Spray\n|\n|-start|p1b: Vivillon|perish0\n|-sideend|p2: paj07|move: Tailwind\n|-sideend|p1: VillagerZz|move: Tailwind\n|upkeep\n|faint|p1b: Vivillon\n|\n|t:|1683037870\n|switch|p1b: Scream Tail|Scream Tail, L50, shiny|80\/100 par\n|turn|5\n|\n|t:|1683037896\n|cant|p2a: Palafin|slp\n|move|p1b: Scream Tail|Perish Song|p1b: Scream Tail\n|-start|p1a: Sylveon|perish3|[silent]\n|-start|p1b: Scream Tail|perish3|[silent]\n|-start|p2a: Palafin|perish3|[silent]\n|-start|p2b: Toxapex|perish3|[silent]\n|-fieldactivate|move: Perish Song\n|move|p1a: Sylveon|Hyper Voice|p2b: Toxapex|[spread] p2a,p2b\n|-resisted|p2b: Toxapex\n|-damage|p2a: Palafin|18\/100 slp\n|-damage|p2b: Toxapex|59\/100 slp\n|-curestatus|p2b: Toxapex|slp|[msg]\n|move|p2b: Toxapex|Poison Jab|p1a: Sylveon\n|-supereffective|p1a: Sylveon\n|-damage|p1a: Sylveon|55\/100\n|\n|-start|p2a: Palafin|perish3\n|-start|p1b: Scream Tail|perish3\n|-start|p1a: Sylveon|perish3\n|-start|p2b: Toxapex|perish3\n|upkeep\n|turn|6\n|\n|t:|1683037924\n|cant|p2a: Palafin|slp\n|move|p1b: Scream Tail|Disable|p2b: Toxapex\n|-start|p2b: Toxapex|Disable|Poison Jab\n|move|p1a: Sylveon|Hyper Voice|p2b: Toxapex|[spread] p2a,p2b\n|-resisted|p2b: Toxapex\n|-damage|p2a: Palafin|0 fnt\n|-damage|p2b: Toxapex|37\/100\n|faint|p2a: Palafin\n|cant|p2b: Toxapex|Disable|Poison Jab\n|\n|-start|p1b: Scream Tail|perish2\n|-start|p1a: Sylveon|perish2\n|-start|p2b: Toxapex|perish2\n|upkeep\n|\n|t:|1683037942\n|switch|p2a: Chien-Pao|Chien-Pao, L50|100\/100 slp\n|-ability|p2a: Chien-Pao|Sword of Ruin\n|turn|7\n|\n|t:|1683037956\n|-end|p1b: Scream Tail|Protosynthesis|[silent]\n|switch|p1b: Alomomola|Alomomola, L50, M|100\/100\n|cant|p2a: Chien-Pao|slp\n|move|p1a: Sylveon|Hyper Voice|p2a: Chien-Pao|[spread] p2a,p2b\n|-supereffective|p2a: Chien-Pao\n|-resisted|p2b: Toxapex\n|-damage|p2a: Chien-Pao|0 fnt\n|-damage|p2b: Toxapex|14\/100\n|-enditem|p2b: Toxapex|Figy Berry|[eat]\n|-heal|p2b: Toxapex|47\/100|[from] item: Figy Berry\n|faint|p2a: Chien-Pao\n|move|p2b: Toxapex|Liquidation|p1a: Sylveon\n|-damage|p1a: Sylveon|28\/100\n|-unboost|p1a: Sylveon|def|1\n|\n|-start|p1a: Sylveon|perish1\n|-start|p2b: Toxapex|perish1\n|upkeep\n|\n|t:|1683037964\n|switch|p2a: Murkrow|Murkrow, L50, M|100\/100\n|turn|8\n|-message|paj07 forfeited.\n|\n|win|VillagerZz\n|raw|VillagerZz's rating: 1093 → 1114<\/strong> (+21 for winning)\n|raw|paj07's rating: 1030 → 1018<\/strong> (-12 for losing)\n|l|\u2606paj07\n","uploadtime":1683037981,"views":7,"p1id":"villagerzz","p2id":"paj07","formatid":"gen9vgc2023regulationc","rating":1018,"private":0,"password":""}