{"id":"gen9vgc2023regulationc-1858132713","p1":"Rateder","p2":"dandy155","format":"[Gen 9] VGC 2023 Regulation C","log":"|j|\u2606Rateder\n|j|\u2606dandy155\n|t:|1683280957\n|gametype|doubles\n|player|p1|Rateder|ethan|1349\n|player|p2|dandy155|wattson|1254\n|teamsize|p1|6\n|teamsize|p2|6\n|gen|9\n|tier|[Gen 9] VGC 2023 Regulation C\n|rated|\n|rule|Species Clause: Limit one of each Pok\u00e9mon\n|rule|Item Clause: Limit one of each item\n|clearpoke\n|poke|p1|Flutter Mane, L50|\n|poke|p1|Orthworm, L50, F|\n|poke|p1|Maushold-Four, L50|\n|poke|p1|Annihilape, L50, M|\n|poke|p1|Ting-Lu, L50|\n|poke|p1|Gyarados, L50, M|\n|poke|p2|Annihilape, L50, F|\n|poke|p2|Maushold-Four, L50|\n|poke|p2|Arcanine, L50, M|\n|poke|p2|Amoonguss, L50, F|\n|poke|p2|Palafin, L50, M|\n|poke|p2|Ting-Lu, L50|\n|teampreview|4\n|inactive|Battle timer is ON: inactive players will automatically lose when time's up. (requested by Rateder)\nRateder rejected open team sheets.\n|\n|t:|1683280985\n|start\n|switch|p1a: Orthworm|Orthworm, L50, F|100\/100\n|switch|p1b: Ting-Lu|Ting-Lu, L50|100\/100\n|switch|p2a: Maushold|Maushold-Four, L50|100\/100\n|switch|p2b: Annihilape|Annihilape, L50, F|100\/100\n|-ability|p1b: Ting-Lu|Vessel of Ruin\n|turn|1\n|inactive|Rateder has 30 seconds left.\n|inactive|Rateder has 20 seconds left.\n|inactive|Rateder has 15 seconds left.\n|\n|t:|1683281030\n|-terastallize|p1b: Ting-Lu|Poison\n|move|p2a: Maushold|Beat Up|p2b: Annihilape\n|-damage|p2b: Annihilape|99\/100\n|-damage|p2b: Annihilape|97\/100\n|-damage|p2b: Annihilape|95\/100\n|-damage|p2b: Annihilape|93\/100\n|-hitcount|p2b: Annihilape|4\n|move|p2b: Annihilape|Rage Fist|p1a: Orthworm\n|-damage|p1a: Orthworm|22\/100\n|-enditem|p1a: Orthworm|Sitrus Berry|[eat]\n|-heal|p1a: Orthworm|47\/100|[from] item: Sitrus Berry\n|move|p1a: Orthworm|Iron Defense|p1a: Orthworm\n|-boost|p1a: Orthworm|def|2\n|move|p1b: Ting-Lu|Earthquake|p2b: Annihilape|[spread] p2a,p2b\n|-heal|p1a: Orthworm|72\/100|[from] ability: Earth Eater|[of] p1b: Ting-Lu\n|-damage|p2a: Maushold|66\/100\n|-damage|p2b: Annihilape|65\/100\n|\n|-heal|p2b: Annihilape|71\/100|[from] item: Leftovers\n|upkeep\n|turn|2\n|inactive|Rateder has 30 seconds left.\n|inactive|dandy155 has 30 seconds left.\n|inactive|Rateder has 20 seconds left.\n|inactive|dandy155 has 20 seconds left.\n|inactive|Rateder has 15 seconds left.\n|\n|t:|1683281074\n|move|p2a: Maushold|Super Fang|p1a: Orthworm\n|-damage|p1a: Orthworm|37\/100\n|move|p2b: Annihilape|Rage Fist|p1a: Orthworm\n|-crit|p1a: Orthworm\n|-damage|p1a: Orthworm|0 fnt\n|faint|p1a: Orthworm\n|move|p1b: Ting-Lu|Fissure|p2b: Annihilape\n|-damage|p2b: Annihilape|0 fnt\n|faint|p2b: Annihilape\n|-ohko\n|\n|upkeep\n|inactive|Rateder has 30 seconds left.\n|\n|t:|1683281102\n|switch|p2b: Amoonguss|Amoonguss, L50, F|100\/100\n|switch|p1a: Flutter Mane|Flutter Mane, L50|100\/100\n|turn|3\n|inactive|Rateder has 30 seconds left.\n|inactive|Rateder has 20 seconds left.\n|\n|t:|1683281140\n|move|p2a: Maushold|Protect|p2a: Maushold\n|-singleturn|p2a: Maushold|Protect\n|move|p1a: Flutter Mane|Dazzling Gleam|p2b: Amoonguss|[spread] p2b\n|-activate|p2a: Maushold|move: Protect\n|-resisted|p2b: Amoonguss\n|-damage|p2b: Amoonguss|93\/100\n|move|p1b: Ting-Lu|Fissure|p2b: Amoonguss\n|-damage|p2b: Amoonguss|0 fnt\n|faint|p2b: Amoonguss\n|-ohko\n|\n|upkeep\n|\n|t:|1683281150\n|switch|p2b: Arcanine|Arcanine, L50, M|100\/100\n|-ability|p2b: Arcanine|Intimidate|boost\n|-unboost|p1a: Flutter Mane|atk|1\n|-unboost|p1b: Ting-Lu|atk|1\n|turn|4\n|\n|t:|1683281163\n|move|p2a: Maushold|Follow Me|p2a: Maushold\n|-singleturn|p2a: Maushold|move: Follow Me\n|move|p1a: Flutter Mane|Perish Song|p1a: Flutter Mane\n|-start|p1a: Flutter Mane|perish3|[silent]\n|-start|p1b: Ting-Lu|perish3|[silent]\n|-start|p2a: Maushold|perish3|[silent]\n|-start|p2b: Arcanine|perish3|[silent]\n|-fieldactivate|move: Perish Song\n|move|p2b: Arcanine|Flare Blitz|p1a: Flutter Mane\n|-enditem|p1a: Flutter Mane|Focus Sash\n|-damage|p1a: Flutter Mane|1\/100\n|-damage|p2b: Arcanine|79\/100|[from] Recoil\n|move|p1b: Ting-Lu|Fissure|p2a: Maushold|[miss]\n|-miss|p1b: Ting-Lu|p2a: Maushold\n|\n|-start|p1a: Flutter Mane|perish3\n|-start|p2a: Maushold|perish3\n|-start|p2b: Arcanine|perish3\n|-start|p1b: Ting-Lu|perish3\n|upkeep\n|turn|5\n|\n|t:|1683281184\n|move|p1a: Flutter Mane|Protect|p1a: Flutter Mane\n|-singleturn|p1a: Flutter Mane|Protect\n|move|p1b: Ting-Lu|Protect|p1b: Ting-Lu\n|-singleturn|p1b: Ting-Lu|Protect\n|move|p2a: Maushold|Super Fang|p1b: Ting-Lu\n|-activate|p1b: Ting-Lu|move: Protect\n|move|p2b: Arcanine|Flare Blitz|p1a: Flutter Mane\n|-activate|p1a: Flutter Mane|move: Protect\n|\n|-start|p1a: Flutter Mane|perish2\n|-start|p2a: Maushold|perish2\n|-start|p2b: Arcanine|perish2\n|-start|p1b: Ting-Lu|perish2\n|upkeep\n|turn|6\n|inactive|Rateder has 30 seconds left.\n|\n|t:|1683281211\n|-end|p1a: Flutter Mane|Protosynthesis|[silent]\n|switch|p1a: Gyarados|Gyarados, L50, M, shiny|100\/100\n|-ability|p1a: Gyarados|Intimidate|boost\n|-unboost|p2a: Maushold|atk|1\n|-unboost|p2b: Arcanine|atk|1\n|move|p2a: Maushold|Super Fang|p1b: Ting-Lu\n|-damage|p1b: Ting-Lu|50\/100\n|move|p2b: Arcanine|Flare Blitz|p1a: Gyarados\n|-resisted|p1a: Gyarados\n|-damage|p1a: Gyarados|86\/100\n|-damage|p2b: Arcanine|74\/100|[from] Recoil\n|move|p1b: Ting-Lu|Fissure|p2b: Arcanine|[miss]\n|-miss|p1b: Ting-Lu|p2b: Arcanine\n|\n|-start|p2a: Maushold|perish1\n|-start|p2b: Arcanine|perish1\n|-start|p1b: Ting-Lu|perish1\n|upkeep\n|turn|7\n|-message|dandy155 forfeited.\n|\n|win|Rateder\n|raw|Rateder's rating: 1349 → 1364<\/strong> (+15 for winning)\n|raw|dandy155's rating: 1254 → 1236<\/strong> (-18 for losing)\n|l|\u2606dandy155\n","uploadtime":1683281229,"views":19,"p1id":"rateder","p2id":"dandy155","formatid":"gen9vgc2023regulationc","rating":1236,"private":0,"password":""}