{"id":"gen9vgc2023regulationc-1850398209","p1":"bebra22","p2":"Devinlovesroxi","format":"[Gen 9] VGC 2023 Regulation C","log":"|j|\u2606bebra22\n|j|\u2606Devinlovesroxi\n|t:|1682330871\n|gametype|doubles\n|player|p1|bebra22|102|1149\n|player|p2|Devinlovesroxi|darach-caitlin|1171\n|teamsize|p1|6\n|teamsize|p2|6\n|gen|9\n|tier|[Gen 9] VGC 2023 Regulation C\n|rated|\n|rule|Species Clause: Limit one of each Pok\u00e9mon\n|rule|Item Clause: Limit one of each item\n|clearpoke\n|poke|p1|Goodra, L50, F|\n|poke|p1|Pelipper, L50, M|\n|poke|p1|Palafin, L50, M|\n|poke|p1|Wo-Chien, L50|\n|poke|p1|Ting-Lu, L50|\n|poke|p1|Gholdengo, L50|\n|poke|p2|Ting-Lu, L50|\n|poke|p2|Amoonguss, L50, F|\n|poke|p2|Garganacl, L50, M|\n|poke|p2|Arcanine, L50, F|\n|poke|p2|Roaring Moon, L50|\n|poke|p2|Iron Bundle, L50|\n|teampreview|4\n|\n|t:|1682330902\n|start\n|switch|p1a: Palafin|Palafin, L50, M|100\/100\n|switch|p1b: Pelipper|Pelipper, L50, M|100\/100\n|switch|p2a: Garganacl|Garganacl, L50, M|100\/100\n|switch|p2b: Iron Bundle|Iron Bundle, L50|100\/100\n|-weather|RainDance|[from] ability: Drizzle|[of] p1b: Pelipper\n|turn|1\n|inactive|Battle timer is ON: inactive players will automatically lose when time's up. (requested by bebra22)\n|\n|t:|1682330913\n|detailschange|p1a: Palafin|Palafin-Hero, L50, M\n|switch|p1a: Goodra|Goodra, L50, F|100\/100\n|move|p2b: Iron Bundle|Freeze-Dry|p1a: Goodra\n|-supereffective|p1a: Goodra\n|-damage|p1a: Goodra|57\/100\n|move|p1b: Pelipper|Tailwind|p1b: Pelipper\n|-sidestart|p1: bebra22|move: Tailwind\n|move|p2a: Garganacl|Salt Cure|p1a: Goodra\n|-damage|p1a: Goodra|44\/100\n|-start|p1a: Goodra|Salt Cure\n|\n|-weather|RainDance|[upkeep]\n|-damage|p1a: Goodra|32\/100|[from] Salt Cure\n|upkeep\n|turn|2\n|\n|t:|1682330936\n|-terastallize|p2a: Garganacl|Ghost\n|move|p2b: Iron Bundle|Protect|p2b: Iron Bundle\n|-singleturn|p2b: Iron Bundle|Protect\n|move|p1b: Pelipper|Hydro Pump|p2a: Garganacl\n|-damage|p2a: Garganacl|57\/100\n|move|p1a: Goodra|Thunder|p2b: Iron Bundle\n|-activate|p2b: Iron Bundle|move: Protect\n|move|p2a: Garganacl|Salt Cure|p1b: Pelipper\n|-supereffective|p1b: Pelipper\n|-damage|p1b: Pelipper|60\/100\n|-start|p1b: Pelipper|Salt Cure\n|\n|-weather|RainDance|[upkeep]\n|-heal|p2a: Garganacl|63\/100|[from] item: Leftovers\n|-damage|p1b: Pelipper|36\/100|[from] Salt Cure\n|-damage|p1a: Goodra|20\/100|[from] Salt Cure\n|upkeep\n|turn|3\n|\n|t:|1682330954\n|-end|p2b: Iron Bundle|Quark Drive|[silent]\n|switch|p2b: Amoonguss|Amoonguss, L50, F|100\/100\n|move|p1b: Pelipper|Hurricane|p2a: Garganacl\n|-damage|p2a: Garganacl|32\/100\n|move|p1a: Goodra|Thunder|p2b: Amoonguss\n|-resisted|p2b: Amoonguss\n|-damage|p2b: Amoonguss|87\/100\n|-status|p2b: Amoonguss|par\n|move|p2a: Garganacl|Recover|p2a: Garganacl\n|-heal|p2a: Garganacl|83\/100\n|\n|-weather|RainDance|[upkeep]\n|-heal|p2a: Garganacl|88\/100|[from] item: Leftovers\n|-damage|p1b: Pelipper|12\/100|[from] Salt Cure\n|-damage|p1a: Goodra|8\/100|[from] Salt Cure\n|upkeep\n|turn|4\n|inactive|Devinlovesroxi has 30 seconds left.\n|\n|t:|1682330981\n|move|p2a: Garganacl|Protect|p2a: Garganacl\n|-singleturn|p2a: Garganacl|Protect\n|cant|p2b: Amoonguss|par\n|move|p1b: Pelipper|Hurricane|p2b: Amoonguss\n|-supereffective|p2b: Amoonguss\n|-damage|p2b: Amoonguss|0 fnt\n|faint|p2b: Amoonguss\n|move|p1a: Goodra|Draco Meteor|p2a: Garganacl\n|-activate|p2a: Garganacl|move: Protect\n|\n|-weather|RainDance|[upkeep]\n|-heal|p2a: Garganacl|94\/100|[from] item: Leftovers\n|-damage|p1b: Pelipper|0 fnt|[from] Salt Cure\n|faint|p1b: Pelipper\n|-damage|p1a: Goodra|0 fnt|[from] Salt Cure\n|faint|p1a: Goodra\n|-sideend|p1: bebra22|move: Tailwind\n|upkeep\n|\n|t:|1682330988\n|switch|p1b: Wo-Chien|Wo-Chien, L50|100\/100\n|switch|p1a: Palafin|Palafin-Hero, L50, M|100\/100\n|switch|p2b: Iron Bundle|Iron Bundle, L50|100\/100\n|-activate|p1a: Palafin|ability: Zero to Hero\n|-ability|p1b: Wo-Chien|Tablets of Ruin\n|turn|5\n|inactive|bebra22 has 30 seconds left.\n|\n|t:|1682331015\n|move|p2b: Iron Bundle|Freeze-Dry|p1a: Palafin\n|-supereffective|p1a: Palafin\n|-damage|p1a: Palafin|31\/100\n|move|p1a: Palafin|Wave Crash|p2a: Garganacl\n|-damage|p2a: Garganacl|19\/100\n|-damage|p1a: Palafin|6\/100|[from] Recoil\n|move|p1b: Wo-Chien|Leech Seed|p2b: Iron Bundle\n|-start|p2b: Iron Bundle|move: Leech Seed\n|move|p2a: Garganacl|Salt Cure|p1a: Palafin\n|-damage|p1a: Palafin|0 fnt\n|faint|p1a: Palafin\n|\n|-weather|none\n|-heal|p2a: Garganacl|25\/100|[from] item: Leftovers\n|-damage|p2b: Iron Bundle|88\/100|[from] Leech Seed|[of] p1b: Wo-Chien\n|upkeep\n|turn|6\n|\n|t:|1682331038\n|-terastallize|p1b: Wo-Chien|Poison\n|move|p2b: Iron Bundle|Freeze-Dry|p1b: Wo-Chien\n|-damage|p1b: Wo-Chien|77\/100\n|move|p1b: Wo-Chien|Foul Play|p2a: Garganacl\n|-supereffective|p2a: Garganacl\n|-damage|p2a: Garganacl|0 fnt\n|faint|p2a: Garganacl\n|\n|-heal|p1b: Wo-Chien|83\/100|[from] item: Leftovers\n|-damage|p2b: Iron Bundle|76\/100|[from] Leech Seed|[of] p1b: Wo-Chien\n|-heal|p1b: Wo-Chien|91\/100|[silent]\n|upkeep\n|\n|t:|1682331046\n|switch|p2a: Roaring Moon|Roaring Moon, L50|100\/100\n|-enditem|p2a: Roaring Moon|Booster Energy\n|-activate|p2a: Roaring Moon|ability: Protosynthesis|[fromitem]\n|-start|p2a: Roaring Moon|protosynthesisatk\n|turn|7\n|\n|t:|1682331061\n|move|p2b: Iron Bundle|Encore|p1b: Wo-Chien\n|-start|p1b: Wo-Chien|Encore\n|move|p2a: Roaring Moon|Dragon Dance|p2a: Roaring Moon\n|-boost|p2a: Roaring Moon|atk|1\n|-boost|p2a: Roaring Moon|spe|1\n|move|p1b: Wo-Chien|Foul Play|p2b: Iron Bundle\n|-damage|p2b: Iron Bundle|50\/100\n|\n|-heal|p1b: Wo-Chien|97\/100|[from] item: Leftovers\n|-damage|p2b: Iron Bundle|38\/100|[from] Leech Seed|[of] p1b: Wo-Chien\n|-heal|p1b: Wo-Chien|100\/100|[silent]\n|upkeep\n|turn|8\n|\n|t:|1682331071\n|move|p2a: Roaring Moon|Acrobatics|p1b: Wo-Chien\n|-damage|p1b: Wo-Chien|47\/100\n|move|p2b: Iron Bundle|Hydro Pump|p1b: Wo-Chien\n|-damage|p1b: Wo-Chien|9\/100\n|move|p1b: Wo-Chien|Foul Play|p2a: Roaring Moon\n|-resisted|p2a: Roaring Moon\n|-damage|p2a: Roaring Moon|51\/100\n|\n|-heal|p1b: Wo-Chien|16\/100|[from] item: Leftovers\n|-damage|p2b: Iron Bundle|26\/100|[from] Leech Seed|[of] p1b: Wo-Chien\n|-heal|p1b: Wo-Chien|24\/100|[silent]\n|upkeep\n|turn|9\n|\n|t:|1682331080\n|move|p2a: Roaring Moon|Acrobatics|p1b: Wo-Chien\n|-damage|p1b: Wo-Chien|0 fnt\n|faint|p1b: Wo-Chien\n|\n|win|Devinlovesroxi\n|raw|bebra22's rating: 1149 → 1126<\/strong> (-23 for losing)\n|raw|Devinlovesroxi's rating: 1171 → 1194<\/strong> (+23 for winning)\n|l|\u2606bebra22\n","uploadtime":1682331089,"views":23,"p1id":"bebra22","p2id":"devinlovesroxi","formatid":"gen9vgc2023regulationc","rating":1126,"private":0,"password":""}