{"id":"gen9vgc2023regulationc-1847344212","p1":"IrisBlaze","p2":"Trdxyctfvygbh","format":"[Gen 9] VGC 2023 Regulation C","log":"|j|\u2606IrisBlaze\n|j|\u2606Trdxyctfvygbh\n|t:|1681940593\n|gametype|doubles\n|player|p1|IrisBlaze|lisia-masters|1047\n|player|p2|Trdxyctfvygbh|266|1000\n|teamsize|p1|6\n|teamsize|p2|6\n|gen|9\n|tier|[Gen 9] VGC 2023 Regulation C\n|rated|\n|rule|Species Clause: Limit one of each Pok\u00e9mon\n|rule|Item Clause: Limit one of each item\n|clearpoke\n|poke|p1|Talonflame, L50, M|\n|poke|p1|Garchomp, L50, M|\n|poke|p1|Armarouge, L50, M|\n|poke|p1|Scizor, L50, F|\n|poke|p1|Palafin, L50, M|\n|poke|p1|Brute Bonnet, L50|\n|poke|p2|Annihilape, L50, M|\n|poke|p2|Chi-Yu, L50|\n|poke|p2|Flutter Mane, L50|\n|poke|p2|Iron Hands, L50|\n|poke|p2|Gyarados, L50, M|\n|poke|p2|Amoonguss, L50, M|\n|teampreview|4\nIrisBlaze has agreed to open team sheets.\nTrdxyctfvygbh rejected open team sheets.\n|c|\u2606IrisBlaze|boo\n|c|\u2606IrisBlaze|glhf\n|\n|t:|1681940655\n|start\n|switch|p1a: Scizor|Scizor, L50, F|100\/100\n|switch|p1b: Armarouge|Armarouge, L50, M|100\/100\n|switch|p2a: Gyarados|Gyarados, L50, M, shiny|100\/100\n|switch|p2b: Annihilape|Annihilape, L50, M|100\/100\n|-ability|p2a: Gyarados|Intimidate|boost\n|-fail|p1a: Scizor|unboost|[from] item: Clear Amulet|[of] p1a: Scizor\n|-unboost|p1b: Armarouge|atk|1\n|turn|1\n|n|\u2606Trdxyctfvygbh|trdxyctfvygbh\n|c|\u2606Trdxyctfvygbh|If\n|c|\u2606Trdxyctfvygbh|u beat me\n|c|\u2606Trdxyctfvygbh|bo3 ots\n|c|\u2606IrisBlaze|ait\n|\n|t:|1681940689\n|move|p2b: Annihilape|Bulk Up|p2b: Annihilape\n|-boost|p2b: Annihilape|atk|1\n|-boost|p2b: Annihilape|def|1\n|move|p2a: Gyarados|Thunder Wave|p1b: Armarouge\n|-status|p1b: Armarouge|par\n|move|p1a: Scizor|Swords Dance|p1a: Scizor\n|-boost|p1a: Scizor|atk|2\n|move|p1b: Armarouge|Psychic|p2b: Annihilape\n|-supereffective|p2b: Annihilape\n|-damage|p2b: Annihilape|18\/100\n|\n|-heal|p2b: Annihilape|24\/100|[from] item: Leftovers\n|upkeep\n|turn|2\n|\n|t:|1681940710\n|-terastallize|p1b: Armarouge|Grass\n|move|p2b: Annihilape|Protect|p2b: Annihilape\n|-singleturn|p2b: Annihilape|Protect\n|move|p1a: Scizor|Bullet Punch|p2b: Annihilape\n|-activate|p2b: Annihilape|move: Protect\n|move|p2a: Gyarados|Thunder Wave|p1a: Scizor\n|-status|p1a: Scizor|par\n|move|p1b: Armarouge|Psychic|p2a: Gyarados\n|-damage|p2a: Gyarados|65\/100\n|\n|-heal|p2b: Annihilape|30\/100|[from] item: Leftovers\n|upkeep\n|turn|3\n|\n|t:|1681940739\n|-terastallize|p2b: Annihilape|Fire\n|move|p2a: Gyarados|Protect|p2a: Gyarados\n|-singleturn|p2a: Gyarados|Protect\n|move|p1a: Scizor|Bullet Punch|p2b: Annihilape\n|-resisted|p2b: Annihilape\n|-damage|p2b: Annihilape|7\/100\n|move|p2b: Annihilape|Rage Fist|p1a: Scizor\n|-damage|p1a: Scizor|0 fnt\n|faint|p1a: Scizor\n|cant|p1b: Armarouge|par\n|\n|-heal|p2b: Annihilape|13\/100|[from] item: Leftovers\n|upkeep\n|\n|t:|1681940747\n|switch|p1a: Talonflame|Talonflame, L50, M|100\/100\n|turn|4\n|\n|t:|1681940766\n|switch|p2b: Iron Hands|Iron Hands, L50|100\/100\n|move|p1a: Talonflame|Protect|p1a: Talonflame\n|-singleturn|p1a: Talonflame|Protect\n|move|p2a: Gyarados|Waterfall|p1a: Talonflame\n|-activate|p1a: Talonflame|move: Protect\n|move|p1b: Armarouge|Psychic|p2b: Iron Hands\n|-supereffective|p2b: Iron Hands\n|-damage|p2b: Iron Hands|42\/100\n|\n|upkeep\n|turn|5\n|\n|t:|1681940785\n|move|p2b: Iron Hands|Fake Out|p1b: Armarouge\n|-damage|p1b: Armarouge|84\/100 par\n|move|p1a: Talonflame|Tailwind|p1a: Talonflame\n|-sidestart|p1: IrisBlaze|move: Tailwind\n|move|p2a: Gyarados|Waterfall|p1a: Talonflame\n|-supereffective|p1a: Talonflame\n|-damage|p1a: Talonflame|0 fnt\n|faint|p1a: Talonflame\n|cant|p1b: Armarouge|flinch\n|\n|upkeep\n|\n|t:|1681940790\n|switch|p1a: Garchomp|Garchomp, L50, M|100\/100\n|turn|6\n|\n|t:|1681940804\n|switch|p2a: Amoonguss|Amoonguss, L50, M, shiny|100\/100\n|move|p1a: Garchomp|Swords Dance|p1a: Garchomp\n|-boost|p1a: Garchomp|atk|2\n|move|p1b: Armarouge|Psychic|p2b: Iron Hands\n|-supereffective|p2b: Iron Hands\n|-damage|p2b: Iron Hands|0 fnt\n|faint|p2b: Iron Hands\n|-end|p2b: Iron Hands|Quark Drive|[silent]\n|\n|upkeep\n|\n|t:|1681940811\n|switch|p2b: Gyarados|Gyarados, L50, M, shiny|65\/100\n|-ability|p2b: Gyarados|Intimidate|boost\n|-unboost|p1a: Garchomp|atk|1\n|-unboost|p1b: Armarouge|atk|1\n|turn|7\n|\n|t:|1681940822\n|move|p1a: Garchomp|Dragon Claw|p2a: Amoonguss\n|-damage|p2a: Amoonguss|24\/100\n|-damage|p1a: Garchomp|84\/100|[from] item: Rocky Helmet|[of] p2a: Amoonguss\n|-damage|p1a: Garchomp|74\/100|[from] item: Life Orb\n|move|p2b: Gyarados|Waterfall|p1b: Armarouge\n|-resisted|p1b: Armarouge\n|-damage|p1b: Armarouge|69\/100 par\n|cant|p1b: Armarouge|flinch\n|move|p2a: Amoonguss|Spore|p1a: Garchomp\n|-status|p1a: Garchomp|slp|[from] move: Spore\n|\n|upkeep\n|turn|8\n|\n|t:|1681940845\n|cant|p1a: Garchomp|slp\n|move|p2b: Gyarados|Waterfall|p1b: Armarouge\n|-resisted|p1b: Armarouge\n|-damage|p1b: Armarouge|52\/100 par\n|cant|p1b: Armarouge|par\n|move|p2a: Amoonguss|Pollen Puff|p1b: Armarouge\n|-supereffective|p1b: Armarouge\n|-damage|p1b: Armarouge|23\/100 par\n|\n|-sideend|p1: IrisBlaze|move: Tailwind\n|upkeep\n|turn|9\n|\n|t:|1681940865\n|switch|p2b: Annihilape|Annihilape, L50, M, tera:Fire|13\/100\n|move|p2a: Amoonguss|Protect|p2a: Amoonguss\n|-singleturn|p2a: Amoonguss|Protect\n|cant|p1a: Garchomp|slp\n|cant|p1b: Armarouge|par\n|\n|-heal|p2b: Annihilape|19\/100|[from] item: Leftovers\n|upkeep\n|turn|10\n|\n|t:|1681940878\n|switch|p2a: Gyarados|Gyarados, L50, M, shiny|65\/100\n|-ability|p2a: Gyarados|Intimidate|boost\n|-unboost|p1a: Garchomp|atk|1\n|-unboost|p1b: Armarouge|atk|1\n|-curestatus|p1a: Garchomp|slp|[msg]\n|move|p1a: Garchomp|Dragon Claw|p2b: Annihilape\n|-damage|p2b: Annihilape|0 fnt\n|faint|p2b: Annihilape\n|-damage|p1a: Garchomp|64\/100|[from] item: Life Orb\n|move|p1b: Armarouge|Psychic|p2a: Gyarados\n|-damage|p2a: Gyarados|30\/100\n|\n|upkeep\n|\n|t:|1681940886\n|switch|p2b: Amoonguss|Amoonguss, L50, M, shiny|57\/100\n|turn|11\n|\n|t:|1681940894\n|move|p1a: Garchomp|Protect|p1a: Garchomp\n|-singleturn|p1a: Garchomp|Protect\n|move|p2a: Gyarados|Protect|p2a: Gyarados\n|-singleturn|p2a: Gyarados|Protect\n|move|p1b: Armarouge|Psychic|p2b: Amoonguss\n|-supereffective|p2b: Amoonguss\n|-damage|p2b: Amoonguss|0 fnt\n|faint|p2b: Amoonguss\n|\n|upkeep\n|turn|12\n|-message|Trdxyctfvygbh forfeited.\n|\n|win|IrisBlaze\n|raw|IrisBlaze's rating: 1047 → 1076<\/strong> (+29 for winning)\n|raw|Trdxyctfvygbh's rating: 1000 → 1000<\/strong> (+0 for losing)\n|l|\u2606Trdxyctfvygbh\n|l|\u2606IrisBlaze\n|j|\u2606IrisBlaze\n|player|p1|IrisBlaze|lisia-masters\n","uploadtime":1681940955,"views":3,"p1id":"irisblaze","p2id":"trdxyctfvygbh","formatid":"gen9vgc2023regulationc","rating":1000,"private":0,"password":""}