{"id":"gen9vgc2023regulationc-1845632923","p1":"Vasy98ita","p2":"Ztringz","format":"[Gen 9] VGC 2023 Regulation C","log":"|j|\u2606Vasy98ita\n|j|\u2606Ztringz\n|t:|1681751110\n|gametype|doubles\n|player|p1|Vasy98ita|1|1158\n|player|p2|Ztringz|2|1160\n|teamsize|p1|6\n|teamsize|p2|6\n|gen|9\n|tier|[Gen 9] VGC 2023 Regulation C\n|rated|\n|rule|Species Clause: Limit one of each Pok\u00e9mon\n|rule|Item Clause: Limit one of each item\n|clearpoke\n|poke|p1|Amoonguss, L50, M|\n|poke|p1|Arcanine, L50, F|\n|poke|p1|Flutter Mane, L50|\n|poke|p1|Chi-Yu, L50|\n|poke|p1|Dragonite, L50, M|\n|poke|p1|Palafin, L50, M|\n|poke|p2|Amoonguss, L50, M|\n|poke|p2|Flutter Mane, L50|\n|poke|p2|Rotom-Wash, L50|\n|poke|p2|Arcanine, L50, M|\n|poke|p2|Dragonite, L50, F|\n|poke|p2|Kingambit, L50, M|\n|teampreview|4\nZtringz has agreed to open team sheets.\n|inactive|Battle timer is ON: inactive players will automatically lose when time's up. (requested by Ztringz)\n|\n|t:|1681751140\n|start\n|switch|p1a: Amoonguss|Amoonguss, L50, M|100\/100\n|switch|p1b: Dragonite|Dragonite, L50, M|100\/100\n|switch|p2a: Kingambit|Kingambit, L50, M|100\/100\n|switch|p2b: Rotom|Rotom-Wash, L50|100\/100\n|turn|1\n|inactive|Vasy98ita has 30 seconds left.\n|\n|t:|1681751170\n|-terastallize|p2b: Rotom|Fire\n|move|p1b: Dragonite|Stomping Tantrum|p2a: Kingambit\n|-supereffective|p2a: Kingambit\n|-damage|p2a: Kingambit|61\/100\n|move|p2b: Rotom|Tera Blast|p1a: Amoonguss\n|-supereffective|p1a: Amoonguss\n|-damage|p1a: Amoonguss|24\/100\n|-enditem|p1a: Amoonguss|Sitrus Berry|[eat]\n|-heal|p1a: Amoonguss|49\/100|[from] item: Sitrus Berry\n|move|p2a: Kingambit|Iron Head|p1b: Dragonite\n|-damage|p1b: Dragonite|76\/100\n|move|p1a: Amoonguss|Spore|p2a: Kingambit\n|-status|p2a: Kingambit|slp|[from] move: Spore\n|\n|upkeep\n|turn|2\n|inactive|Vasy98ita has 30 seconds left.\n|\n|t:|1681751197\n|-terastallize|p1a: Amoonguss|Water\n|move|p1b: Dragonite|Dragon Claw|p2b: Rotom\n|-damage|p2b: Rotom|61\/100\n|move|p2b: Rotom|Tera Blast|p1a: Amoonguss\n|-resisted|p1a: Amoonguss\n|-damage|p1a: Amoonguss|29\/100\n|cant|p2a: Kingambit|slp\n|move|p1a: Amoonguss|Spore|p2b: Rotom\n|-status|p2b: Rotom|slp|[from] move: Spore\n|\n|upkeep\n|turn|3\n|\n|t:|1681751222\n|switch|p1a: Flutter Mane|Flutter Mane, L50|100\/100\n|move|p1b: Dragonite|Dragon Claw|p2b: Rotom\n|-damage|p2b: Rotom|23\/100 slp\n|cant|p2b: Rotom|slp\n|-curestatus|p2a: Kingambit|slp|[msg]\n|move|p2a: Kingambit|Iron Head|p1b: Dragonite\n|-damage|p1b: Dragonite|26\/100\n|\n|upkeep\n|turn|4\n|inactive|Vasy98ita has 30 seconds left.\n|\n|t:|1681751247\n|move|p2a: Kingambit|Sucker Punch|p1b: Dragonite\n|-damage|p1b: Dragonite|0 fnt\n|faint|p1b: Dragonite\n|move|p1a: Flutter Mane|Dazzling Gleam|p2a: Kingambit|[spread] p2a,p2b\n|-resisted|p2b: Rotom\n|-damage|p2a: Kingambit|17\/100\n|-damage|p2b: Rotom|2\/100 slp\n|cant|p2b: Rotom|slp\n|\n|upkeep\n|\n|t:|1681751253\n|switch|p1b: Amoonguss|Amoonguss, L50, M, tera:Water|63\/100\n|turn|5\n|\n|t:|1681751264\n|move|p1b: Amoonguss|Rage Powder|p1b: Amoonguss\n|-singleturn|p1b: Amoonguss|move: Rage Powder\n|move|p2a: Kingambit|Sucker Punch||[still]\n|-fail|p2a: Kingambit\n|move|p1a: Flutter Mane|Dazzling Gleam|p2a: Kingambit|[spread] p2a,p2b\n|-resisted|p2b: Rotom\n|-damage|p2a: Kingambit|0 fnt\n|-damage|p2b: Rotom|0 fnt\n|faint|p2a: Kingambit\n|faint|p2b: Rotom\n|\n|upkeep\n|\n|t:|1681751273\n|switch|p2b: Flutter Mane|Flutter Mane, L50|100\/100\n|switch|p2a: Dragonite|Dragonite, L50, F|100\/100\n|-enditem|p2b: Flutter Mane|Booster Energy\n|-activate|p2b: Flutter Mane|ability: Protosynthesis|[fromitem]\n|-start|p2b: Flutter Mane|protosynthesisspe\n|turn|6\n|\n|t:|1681751290\n|-end|p1a: Flutter Mane|Protosynthesis|[silent]\n|switch|p1a: Arcanine|Arcanine, L50, F|100\/100\n|-ability|p1a: Arcanine|Intimidate|boost\n|-unboost|p2a: Dragonite|atk|1\n|-unboost|p2b: Flutter Mane|atk|1\n|move|p1b: Amoonguss|Protect|p1b: Amoonguss\n|-singleturn|p1b: Amoonguss|Protect\n|move|p2b: Flutter Mane|Moonblast|p1b: Amoonguss\n|-activate|p1b: Amoonguss|move: Protect\n|move|p2a: Dragonite|Dragon Claw|p1b: Amoonguss\n|-activate|p1b: Amoonguss|move: Protect\n|\n|upkeep\n|turn|7\n|inactive|Vasy98ita has 30 seconds left.\n|inactive|Vasy98ita has 20 seconds left.\n|\n|t:|1681751328\n|move|p1b: Amoonguss|Rage Powder|p1b: Amoonguss\n|-singleturn|p1b: Amoonguss|move: Rage Powder\n|move|p2b: Flutter Mane|Shadow Ball|p1b: Amoonguss\n|-damage|p1b: Amoonguss|28\/100\n|move|p1a: Arcanine|Flare Blitz|p2b: Flutter Mane\n|-damage|p2b: Flutter Mane|0 fnt\n|faint|p2b: Flutter Mane\n|-end|p2b: Flutter Mane|Protosynthesis|[silent]\n|-damage|p1a: Arcanine|78\/100|[from] Recoil\n|move|p2a: Dragonite|Earthquake|p1a: Arcanine|[spread] p1a,p1b\n|-supereffective|p1a: Arcanine\n|-crit|p1a: Arcanine\n|-damage|p1a: Arcanine|0 fnt\n|-damage|p1b: Amoonguss|10\/100\n|faint|p1a: Arcanine\n|\n|upkeep\n|\n|t:|1681751345\n|switch|p1a: Flutter Mane|Flutter Mane, L50|100\/100\n|turn|8\n|\n|t:|1681751359\n|move|p1b: Amoonguss|Protect|p1b: Amoonguss\n|-singleturn|p1b: Amoonguss|Protect\n|move|p1a: Flutter Mane|Dazzling Gleam|p2a: Dragonite\n|-supereffective|p2a: Dragonite\n|-damage|p2a: Dragonite|59\/100\n|move|p2a: Dragonite|Earthquake|p1b: Amoonguss|[spread] p1a\n|-activate|p1b: Amoonguss|move: Protect\n|-damage|p1a: Flutter Mane|60\/100\n|\n|upkeep\n|turn|9\n|-message|Ztringz forfeited.\n|\n|win|Vasy98ita\n|raw|Vasy98ita's rating: 1158 → 1183<\/strong> (+25 for winning)\n|raw|Ztringz's rating: 1160 → 1135<\/strong> (-25 for losing)\n|l|\u2606Ztringz\n","uploadtime":1681751378,"views":9,"p1id":"vasy98ita","p2id":"ztringz","formatid":"gen9vgc2023regulationc","rating":1135,"private":0,"password":""}