{"id":"gen9vgc2023regulationc-1862254409","p1":"stack of pancake","p2":"jfjf","format":"[Gen 9] VGC 2023 Regulation C","log":"|j|\u2606stack of pancake\n|j|\u2606jfjf\n|t:|1683855597\n|gametype|doubles\n|player|p1|stack of pancake|steven|1247\n|player|p2|jfjf|1|1325\n|teamsize|p1|6\n|teamsize|p2|6\n|gen|9\n|tier|[Gen 9] VGC 2023 Regulation C\n|rated|\n|rule|Species Clause: Limit one of each Pok\u00e9mon\n|rule|Item Clause: Limit one of each item\n|clearpoke\n|poke|p1|Murkrow, L50, M|\n|poke|p1|Flutter Mane, L50|\n|poke|p1|Great Tusk, L50|\n|poke|p1|Amoonguss, L50, F|\n|poke|p1|Dragonite, L50, F|\n|poke|p1|Chien-Pao, L50|\n|poke|p2|Ceruledge, L50, F|\n|poke|p2|Gyarados, L50, F|\n|poke|p2|Amoonguss, L50, F|\n|poke|p2|Flutter Mane, L50|\n|poke|p2|Murkrow, L50, F|\n|poke|p2|Great Tusk, L50|\n|teampreview|4\nstack of pancake has agreed to open team sheets.\n|\n|t:|1683855674\n|start\n|switch|p1a: Chien-Pao|Chien-Pao, L50|100\/100\n|switch|p1b: Great Tusk|Great Tusk, L50|100\/100\n|switch|p2a: Murkrow|Murkrow, L50, F|100\/100\n|switch|p2b: Flutter Mane|Flutter Mane, L50|100\/100\n|-ability|p1a: Chien-Pao|Sword of Ruin\n|turn|1\n|\n|t:|1683855699\n|-terastallize|p1b: Great Tusk|Fire\n|move|p1a: Chien-Pao|Protect|p1a: Chien-Pao\n|-singleturn|p1a: Chien-Pao|Protect\n|move|p2a: Murkrow|Tailwind|p2a: Murkrow\n|-sidestart|p2: jfjf|move: Tailwind\n|move|p2b: Flutter Mane|Moonblast|p1a: Chien-Pao\n|-activate|p1a: Chien-Pao|move: Protect\n|move|p1b: Great Tusk|Headlong Rush|p2b: Flutter Mane\n|-damage|p2b: Flutter Mane|0 fnt\n|-unboost|p1b: Great Tusk|def|1\n|-unboost|p1b: Great Tusk|spd|1\n|faint|p2b: Flutter Mane\n|-end|p2b: Flutter Mane|Protosynthesis|[silent]\n|\n|upkeep\n|\n|t:|1683855717\n|switch|p2b: Great Tusk|Great Tusk, L50|100\/100\n|turn|2\n|\n|t:|1683855739\n|switch|p1a: Dragonite|Dragonite, L50, F|100\/100\n|move|p2a: Murkrow|Sunny Day|p2a: Murkrow\n|-weather|SunnyDay\n|-activate|p2b: Great Tusk|ability: Protosynthesis\n|-start|p2b: Great Tusk|protosynthesisatk\n|-activate|p1b: Great Tusk|ability: Protosynthesis\n|-start|p1b: Great Tusk|protosynthesisatk\n|move|p2b: Great Tusk|Earthquake|p1b: Great Tusk|[spread] p1b\n|-immune|p2a: Murkrow\n|-immune|p1a: Dragonite\n|-supereffective|p1b: Great Tusk\n|-damage|p1b: Great Tusk|0 fnt\n|faint|p1b: Great Tusk\n|-end|p1b: Great Tusk|Protosynthesis|[silent]\n|\n|-weather|SunnyDay|[upkeep]\n|upkeep\n|\n|t:|1683855758\n|switch|p1b: Chien-Pao|Chien-Pao, L50|100\/100\n|-ability|p1b: Chien-Pao|Sword of Ruin\n|turn|3\n|\n|t:|1683855798\n|-terastallize|p2b: Great Tusk|Fire\n|move|p1b: Chien-Pao|Protect|p1b: Chien-Pao\n|-singleturn|p1b: Chien-Pao|Protect\n|move|p2b: Great Tusk|Close Combat|p1b: Chien-Pao\n|-activate|p1b: Chien-Pao|move: Protect\n|move|p2a: Murkrow|Brave Bird|p1b: Chien-Pao\n|-activate|p1b: Chien-Pao|move: Protect\n|move|p1a: Dragonite|Aerial Ace|p2b: Great Tusk\n|-damage|p2b: Great Tusk|49\/100\n|\n|-weather|SunnyDay|[upkeep]\n|upkeep\n|turn|4\n|\n|t:|1683855839\n|move|p2b: Great Tusk|Protect|p2b: Great Tusk\n|-singleturn|p2b: Great Tusk|Protect\n|move|p1b: Chien-Pao|Sucker Punch||[still]\n|-fail|p1b: Chien-Pao\n|move|p2a: Murkrow|Brave Bird|p1b: Chien-Pao\n|-damage|p1b: Chien-Pao|47\/100\n|-damage|p2a: Murkrow|84\/100|[from] Recoil\n|move|p1a: Dragonite|Aerial Ace|p2b: Great Tusk\n|-activate|p2b: Great Tusk|move: Protect\n|\n|-weather|SunnyDay|[upkeep]\n|-sideend|p2: jfjf|move: Tailwind\n|upkeep\n|turn|5\n|inactive|Battle timer is ON: inactive players will automatically lose when time's up. (requested by stack of pancake)\n|\n|t:|1683855900\n|move|p1b: Chien-Pao|Sucker Punch|p2b: Great Tusk\n|-damage|p2b: Great Tusk|1\/100\n|-damage|p1b: Chien-Pao|37\/100|[from] item: Life Orb\n|move|p2a: Murkrow|Tailwind|p2a: Murkrow\n|-sidestart|p2: jfjf|move: Tailwind\n|move|p2b: Great Tusk|Close Combat|p1b: Chien-Pao\n|-supereffective|p1b: Chien-Pao\n|-crit|p1b: Chien-Pao\n|-damage|p1b: Chien-Pao|0 fnt\n|-unboost|p2b: Great Tusk|def|1\n|-unboost|p2b: Great Tusk|spd|1\n|faint|p1b: Chien-Pao\n|move|p1a: Dragonite|Aerial Ace|p2b: Great Tusk\n|-damage|p2b: Great Tusk|0 fnt\n|faint|p2b: Great Tusk\n|-end|p2b: Great Tusk|Protosynthesis|[silent]\n|\n|-weather|SunnyDay|[upkeep]\n|upkeep\n|\n|t:|1683855918\n|switch|p1b: Flutter Mane|Flutter Mane, L50|100\/100\n|switch|p2b: Ceruledge|Ceruledge, L50, F|100\/100\n|-activate|p1b: Flutter Mane|ability: Protosynthesis\n|-start|p1b: Flutter Mane|protosynthesisspa\n|turn|6\n|inactive|jfjf has 30 seconds left.\n|inactive|jfjf has 20 seconds left.\n|inactive|jfjf has 15 seconds left.\n|\n|t:|1683855958\n|move|p2b: Ceruledge|Bitter Blade|p1b: Flutter Mane\n|-damage|p1b: Flutter Mane|2\/100\n|move|p2a: Murkrow|Brave Bird|p1a: Dragonite\n|-crit|p1a: Dragonite\n|-damage|p1a: Dragonite|72\/100\n|-damage|p2a: Murkrow|73\/100|[from] Recoil\n|move|p1b: Flutter Mane|Shadow Ball|p2b: Ceruledge\n|-supereffective|p2b: Ceruledge\n|-damage|p2b: Ceruledge|0 fnt\n|faint|p2b: Ceruledge\n|move|p1a: Dragonite|Aerial Ace|p2a: Murkrow\n|-damage|p2a: Murkrow|0 fnt\n|faint|p2a: Murkrow\n|\n|win|stack of pancake\n|raw|stack of pancake's rating: 1247 → 1278<\/strong> (+31 for winning)\n|raw|jfjf's rating: 1325 → 1301<\/strong> (-24 for losing)\n","uploadtime":1683855974,"views":10,"p1id":"stackofpancake","p2id":"jfjf","formatid":"gen9vgc2023regulationc","rating":1278,"private":0,"password":""}