{"id":"gen9vgc2023regulationc-1861425433","p1":"Jovenchano3103","p2":"Mast3rCruz","format":"[Gen 9] VGC 2023 Regulation C","log":"|j|\u2606Jovenchano3103\n|j|\u2606Mast3rCruz\n|t:|1683756387\n|gametype|doubles\n|player|p1|Jovenchano3103|bugcatcher-gen4dp|1061\n|player|p2|Mast3rCruz|dragontamer|1071\n|teamsize|p1|6\n|teamsize|p2|6\n|gen|9\n|tier|[Gen 9] VGC 2023 Regulation C\n|rated|\n|rule|Species Clause: Limit one of each Pok\u00e9mon\n|rule|Item Clause: Limit one of each item\n|clearpoke\n|poke|p1|Froslass, L50, F|\n|poke|p1|Abomasnow, L50, M|\n|poke|p1|Armarouge, L50, F|\n|poke|p1|Iron Hands, L50|\n|poke|p1|Palafin, L50, F|\n|poke|p1|Garchomp, L50, M|\n|poke|p2|Amoonguss, L50, M|\n|poke|p2|Armarouge, L50, M|\n|poke|p2|Gyarados, L50, F|\n|poke|p2|Hydreigon, L50, F|\n|poke|p2|Iron Hands, L50|\n|poke|p2|Iron Treads, L50|\n|teampreview|4\n|inactive|Battle timer is ON: inactive players will automatically lose when time's up. (requested by Jovenchano3103)\n|inactive|Jovenchano3103 has 60 seconds left.\n|inactive|Mast3rCruz has 60 seconds left.\n|\n|t:|1683756447\n|start\n|switch|p1a: Iron Hands|Iron Hands, L50|100\/100\n|switch|p1b: Garchomp|Garchomp, L50, M|100\/100\n|switch|p2a: Gott Mit Uns|Hydreigon, L50, F|100\/100\n|switch|p2b: Bismarck|Gyarados, L50, F|100\/100\n|-ability|p2b: Bismarck|Intimidate|boost\n|-unboost|p1a: Iron Hands|atk|1\n|-unboost|p1b: Garchomp|atk|1\n|turn|1\n|inactive|Jovenchano3103 has 30 seconds left.\n|inactive|Mast3rCruz has 30 seconds left.\n|inactive|Jovenchano3103 has 20 seconds left.\n|\n|t:|1683756483\n|switch|p2b: IntoTheFire|Armarouge, L50, M|100\/100\n|-terastallize|p1a: Iron Hands|Flying\n|move|p1b: Garchomp|Rock Slide|p2b: IntoTheFire|[spread] p2a,p2b\n|-supereffective|p2b: IntoTheFire\n|-damage|p2a: Gott Mit Uns|80\/100\n|-damage|p2b: IntoTheFire|66\/100\n|move|p2a: Gott Mit Uns|Draco Meteor|p1b: Garchomp\n|-supereffective|p1b: Garchomp\n|-damage|p1b: Garchomp|0 fnt\n|-unboost|p2a: Gott Mit Uns|spa|2\n|faint|p1b: Garchomp\n|move|p1a: Iron Hands|Belly Drum|p1a: Iron Hands\n|-damage|p1a: Iron Hands|50\/100\n|-setboost|p1a: Iron Hands|atk|6|[from] move: Belly Drum\n|-enditem|p1a: Iron Hands|Sitrus Berry|[eat]\n|-heal|p1a: Iron Hands|75\/100|[from] item: Sitrus Berry\n|\n|upkeep\n|\n|t:|1683756505\n|switch|p1b: Abomasnow|Abomasnow, L50, M|100\/100\n|-weather|Snow|[from] ability: Snow Warning|[of] p1b: Abomasnow\n|turn|2\n|inactive|Mast3rCruz has 30 seconds left.\n|\n|t:|1683756530\n|switch|p2a: Bismarck|Gyarados, L50, F|100\/100\n|-ability|p2a: Bismarck|Intimidate|boost\n|-unboost|p1a: Iron Hands|atk|1\n|-unboost|p1b: Abomasnow|atk|1\n|move|p2b: IntoTheFire|Psychic|p1a: Iron Hands\n|-damage|p1a: Iron Hands|43\/100\n|move|p1b: Abomasnow|Blizzard|p2b: IntoTheFire|[spread] p2a,p2b\n|-resisted|p2b: IntoTheFire\n|-damage|p2a: Bismarck|60\/100\n|-damage|p2b: IntoTheFire|47\/100\n|move|p1a: Iron Hands|Drain Punch|p2a: Bismarck\n|-resisted|p2a: Bismarck\n|-damage|p2a: Bismarck|0 fnt\n|-heal|p1a: Iron Hands|64\/100|[from] drain|[of] p2a: Bismarck\n|faint|p2a: Bismarck\n|\n|-weather|Snow|[upkeep]\n|upkeep\n|\n|t:|1683756551\n|switch|p2a: Midway|Amoonguss, L50, M|100\/100\n|turn|3\n|\n|t:|1683756576\n|move|p2b: IntoTheFire|Armor Cannon|p1b: Abomasnow\n|-supereffective|p1b: Abomasnow\n|-damage|p1b: Abomasnow|0 fnt\n|-unboost|p2b: IntoTheFire|def|1\n|-unboost|p2b: IntoTheFire|spd|1\n|faint|p1b: Abomasnow\n|move|p1a: Iron Hands|Thunder Punch|p2b: IntoTheFire\n|-damage|p2b: IntoTheFire|0 fnt\n|faint|p2b: IntoTheFire\n|move|p2a: Midway|Spore|p1a: Iron Hands\n|-status|p1a: Iron Hands|slp|[from] move: Spore\n|\n|-weather|Snow|[upkeep]\n|upkeep\n|\n|t:|1683756590\n|switch|p2b: Gott Mit Uns|Hydreigon, L50, F|80\/100\n|switch|p1b: Armarouge|Armarouge, L50, F|100\/100\n|turn|4\n|inactive|Jovenchano3103 has 30 seconds left.\n|inactive|Mast3rCruz has 30 seconds left.\n|inactive|Jovenchano3103 has 20 seconds left.\n|inactive|Mast3rCruz has 20 seconds left.\n|inactive|Jovenchano3103 has 15 seconds left.\n|inactive|Jovenchano3103 has 10 seconds left.\n|inactive|Jovenchano3103 has 5 seconds left.\n|inactive|Mast3rCruz has 15 seconds left.\n|\n|t:|1683756654\n|move|p2b: Gott Mit Uns|Draco Meteor|p1b: Armarouge\n|-damage|p1b: Armarouge|0 fnt\n|-unboost|p2b: Gott Mit Uns|spa|2\n|faint|p1b: Armarouge\n|cant|p1a: Iron Hands|slp\n|move|p2a: Midway|Spore|p1a: Iron Hands\n|-fail|p1a: Iron Hands|slp\n|\n|-weather|Snow|[upkeep]\n|upkeep\n|turn|5\n|inactive|Jovenchano3103 has 30 seconds left.\n|inactive|Jovenchano3103 has 20 seconds left.\n|inactive|Jovenchano3103 has 15 seconds left.\n|inactive|Jovenchano3103 has 10 seconds left.\n|inactive|Jovenchano3103 has 5 seconds left.\n|\n|t:|1683756709\n|-terastallize|p2b: Gott Mit Uns|Ghost\n|move|p2a: Midway|Rage Powder|p2a: Midway\n|-singleturn|p2a: Midway|move: Rage Powder\n|move|p2b: Gott Mit Uns|Draco Meteor|p1a: Iron Hands\n|-damage|p1a: Iron Hands|27\/100 slp\n|-unboost|p2b: Gott Mit Uns|spa|2\n|cant|p1a: Iron Hands|slp\n|\n|-weather|Snow|[upkeep]\n|upkeep\n|turn|6\n|inactive|Jovenchano3103 has 30 seconds left.\n|inactive|Jovenchano3103 has 20 seconds left.\n|inactive|Jovenchano3103 has 15 seconds left.\n|inactive|Jovenchano3103 has 10 seconds left.\n|inactive|Jovenchano3103 has 5 seconds left.\n|\n|t:|1683756764\n|move|p2a: Midway|Rage Powder|p2a: Midway\n|-singleturn|p2a: Midway|move: Rage Powder\n|move|p2b: Gott Mit Uns|Draco Meteor|p1a: Iron Hands\n|-damage|p1a: Iron Hands|0 fnt\n|-unboost|p2b: Gott Mit Uns|spa|2\n|faint|p1a: Iron Hands\n|-end|p1a: Iron Hands|Quark Drive|[silent]\n|\n|win|Mast3rCruz\n|raw|Jovenchano3103's rating: 1061 → 1042<\/strong> (-19 for losing)\n|raw|Mast3rCruz's rating: 1071 → 1100<\/strong> (+29 for winning)\n","uploadtime":1683756780,"views":4,"p1id":"jovenchano3103","p2id":"mast3rcruz","formatid":"gen9vgc2023regulationc","rating":1042,"private":0,"password":""}