{"id":"gen9vgc2023regulationc-1860251861","p1":"finiro","p2":"ryanogiggs11","format":"[Gen 9] VGC 2023 Regulation C","log":"|j|\u2606finiro\n|j|\u2606ryanogiggs11\n|t:|1683619164\n|gametype|doubles\n|player|p1|finiro|gambler|\n|player|p2|ryanogiggs11|dawn|\n|teamsize|p1|6\n|teamsize|p2|6\n|gen|9\n|tier|[Gen 9] VGC 2023 Regulation C\n|rule|Species Clause: Limit one of each Pok\u00e9mon\n|rule|Item Clause: Limit one of each item\n|clearpoke\n|poke|p1|Klefki, L50, F|\n|poke|p1|Kingambit, L50, M|\n|poke|p1|Gothorita, L50, F|\n|poke|p1|Scizor, L50, M|\n|poke|p1|Iron Bundle, L50|\n|poke|p1|Arcanine, L50, M|\n|poke|p2|Torkoal, L50, M|\n|poke|p2|Lilligant, L50, F|\n|poke|p2|Oranguru, L50, F|\n|poke|p2|Hatterene, L50, F|\n|poke|p2|Dragonite, L50, F|\n|poke|p2|Great Tusk, L50|\n|teampreview|4\n|c|\u2606ryanogiggs11|G1\n|c|\u2606ryanogiggs11|Lets set up the rest now\n|c|\u2606finiro|ok\n|c|\u2606ryanogiggs11|How do we ping ive battles hahaha\n|c|\u2606ryanogiggs11|Awh you got it\n|c|\u2606finiro|think i did it\n|j| jayballester\n|c| jayballester|Match match match\n|c|\u2606ryanogiggs11|glhf!\n|\n|t:|1683619305\n|start\n|switch|p1a: Klefki|Klefki, L50, F|100\/100\n|switch|p1b: Scizor|Scizor, L50, M|100\/100\n|switch|p2a: Torkoal|Torkoal, L50, M|100\/100\n|switch|p2b: Lilligant|Lilligant, L50, F, shiny|100\/100\n|-weather|SunnyDay|[from] ability: Drought|[of] p2a: Torkoal\n|turn|1\n|c|\u2606finiro|glhf!\n|\n|t:|1683619343\n|move|p1a: Klefki|Rain Dance|p1a: Klefki\n|-weather|RainDance\n|move|p2b: Lilligant|After You|p2a: Torkoal\n|-activate|p2a: Torkoal|move: After You\n|move|p2a: Torkoal|Eruption|p1b: Scizor|[spread] p1a,p1b\n|-supereffective|p1a: Klefki\n|-supereffective|p1b: Scizor\n|-damage|p1a: Klefki|53\/100\n|-damage|p1b: Scizor|0 fnt\n|faint|p1b: Scizor\n|\n|-weather|RainDance|[upkeep]\n|upkeep\n|\n|t:|1683619356\n|switch|p1b: Iron Bundle|Iron Bundle, L50|100\/100\n|-enditem|p1b: Iron Bundle|Booster Energy\n|-activate|p1b: Iron Bundle|ability: Quark Drive|[fromitem]\n|-start|p1b: Iron Bundle|quarkdrivespa\n|turn|2\n|\n|t:|1683619390\n|move|p2a: Torkoal|Protect|p2a: Torkoal\n|-singleturn|p2a: Torkoal|Protect\n|move|p1a: Klefki|Light Screen|p1a: Klefki\n|-sidestart|p1: finiro|move: Light Screen\n|move|p1b: Iron Bundle|Ice Beam|p2b: Lilligant\n|-supereffective|p2b: Lilligant\n|-damage|p2b: Lilligant|0 fnt\n|faint|p2b: Lilligant\n|\n|-weather|RainDance|[upkeep]\n|upkeep\n|\n|t:|1683619403\n|switch|p2b: Dragonite|Dragonite, L50, F, shiny|100\/100\n|turn|3\n|\n|t:|1683619418\n|-terastallize|p2b: Dragonite|Normal\n|move|p1a: Klefki|Reflect|p1a: Klefki\n|-sidestart|p1: finiro|Reflect\n|move|p1b: Iron Bundle|Hydro Pump|p2a: Torkoal\n|-supereffective|p2a: Torkoal\n|-damage|p2a: Torkoal|0 fnt\n|faint|p2a: Torkoal\n|move|p2b: Dragonite|Brick Break|p1b: Iron Bundle\n|-sideend|p1: finiro|Reflect\n|-sideend|p1: finiro|move: Light Screen\n|-supereffective|p1b: Iron Bundle\n|-damage|p1b: Iron Bundle|6\/100\n|\n|-weather|RainDance|[upkeep]\n|upkeep\n|\n|t:|1683619429\n|switch|p2a: Great Tusk|Great Tusk, L50|100\/100\n|turn|4\n|c| jayballester|Dang\n|\n|t:|1683619448\n|-end|p1b: Iron Bundle|Quark Drive|[silent]\n|switch|p1b: Arcanine|Arcanine, L50, M|100\/100\n|-ability|p1b: Arcanine|Intimidate|boost\n|-unboost|p2a: Great Tusk|atk|1\n|-fail|p2b: Dragonite|unboost|Attack|[from] ability: Inner Focus|[of] p2b: Dragonite\n|move|p2a: Great Tusk|Protect|p2a: Great Tusk\n|-singleturn|p2a: Great Tusk|Protect\n|move|p1a: Klefki|Reflect|p1a: Klefki\n|-sidestart|p1: finiro|Reflect\n|move|p2b: Dragonite|Brick Break|p1b: Arcanine\n|-sideend|p1: finiro|Reflect\n|-damage|p1b: Arcanine|49\/100\n|\n|-weather|RainDance|[upkeep]\n|upkeep\n|turn|5\n|j| A Borygon\n|\n|t:|1683619472\n|-terastallize|p1b: Arcanine|Water\n|move|p1a: Klefki|Reflect|p1a: Klefki\n|-sidestart|p1: finiro|Reflect\n|move|p1b: Arcanine|Tera Blast|p2a: Great Tusk\n|-supereffective|p2a: Great Tusk\n|-damage|p2a: Great Tusk|9\/100\n|move|p2a: Great Tusk|Earthquake|p1a: Klefki|[spread] p2b,p1a,p1b\n|-supereffective|p1a: Klefki\n|-damage|p2b: Dragonite|75\/100\n|-damage|p1a: Klefki|16\/100\n|-damage|p1b: Arcanine|26\/100\n|move|p2b: Dragonite|Brick Break|p1a: Klefki\n|-sideend|p1: finiro|Reflect\n|-damage|p1a: Klefki|0 fnt\n|faint|p1a: Klefki\n|\n|-weather|none\n|upkeep\n|\n|t:|1683619485\n|switch|p1a: Iron Bundle|Iron Bundle, L50|6\/100\n|turn|6\n|\n|t:|1683619508\n|move|p1a: Iron Bundle|Protect|p1a: Iron Bundle\n|-singleturn|p1a: Iron Bundle|Protect\n|move|p2a: Great Tusk|Protect|p2a: Great Tusk\n|-singleturn|p2a: Great Tusk|Protect\n|move|p1b: Arcanine|Extreme Speed|p2a: Great Tusk\n|-activate|p2a: Great Tusk|move: Protect\n|move|p2b: Dragonite|Brick Break|p1a: Iron Bundle\n|-activate|p1a: Iron Bundle|move: Protect\n|\n|upkeep\n|turn|7\n|\n|t:|1683619567\n|move|p1b: Arcanine|Extreme Speed|p2a: Great Tusk\n|-damage|p2a: Great Tusk|0 fnt\n|faint|p2a: Great Tusk\n|-end|p2a: Great Tusk|Protosynthesis|[silent]\n|move|p1a: Iron Bundle|Hydro Pump|p2b: Dragonite\n|-damage|p2b: Dragonite|17\/100\n|move|p2b: Dragonite|Brick Break|p1a: Iron Bundle\n|-supereffective|p1a: Iron Bundle\n|-damage|p1a: Iron Bundle|0 fnt\n|faint|p1a: Iron Bundle\n|-end|p1a: Iron Bundle|Quark Drive|[silent]\n|\n|upkeep\n|turn|8\n|c|\u2606ryanogiggs11|gg!\n|\n|t:|1683619578\n|move|p1b: Arcanine|Extreme Speed|p2b: Dragonite\n|-damage|p2b: Dragonite|0 fnt\n|faint|p2b: Dragonite\n|\n|win|finiro\n|c|\u2606finiro|gg\n|c| jayballester|wow gg\n|l| jayballester\n|j| jayballester\n|l| A Borygon\n","uploadtime":1683620287,"views":13,"p1id":"finiro","p2id":"ryanogiggs11","formatid":"gen9vgc2023regulationc","rating":0,"private":0,"password":""}