{"id":"gen9vgc2023regulationc-1854702414","p1":"th3d3b","p2":"joengi","format":"[Gen 9] VGC 2023 Regulation C","log":"|j|\u2606th3d3b\n|j|\u2606joengi\n|t:|1682853313\n|gametype|doubles\n|player|p1|th3d3b|2|1228\n|player|p2|joengi|169|1301\n|teamsize|p1|6\n|teamsize|p2|6\n|gen|9\n|tier|[Gen 9] VGC 2023 Regulation C\n|rated|\n|rule|Species Clause: Limit one of each Pok\u00e9mon\n|rule|Item Clause: Limit one of each item\n|clearpoke\n|poke|p1|Ceruledge, L50, F|\n|poke|p1|Flutter Mane, L50|\n|poke|p1|Ting-Lu, L50|\n|poke|p1|Arcanine, L50, M|\n|poke|p1|Amoonguss, L50, F|\n|poke|p1|Talonflame, L50, M|\n|poke|p2|Palafin, L50, F|\n|poke|p2|Chien-Pao, L50|\n|poke|p2|Flutter Mane, L50|\n|poke|p2|Arcanine, L50, M|\n|poke|p2|Amoonguss, L50, M|\n|poke|p2|Abomasnow, L50, M|\n|teampreview|4\n|inactive|Battle timer is ON: inactive players will automatically lose when time's up. (requested by joengi)\n|inactive|th3d3b has 60 seconds left.\n|inactive|joengi has 60 seconds left.\n|\n|t:|1682853357\n|start\n|switch|p1a: Talonflame|Talonflame, L50, M|100\/100\n|switch|p1b: Flutter Mane|Flutter Mane, L50|100\/100\n|switch|p2a: Palafin|Palafin, L50, F|100\/100\n|switch|p2b: Flutter Mane|Flutter Mane, L50|100\/100\n|-enditem|p2b: Flutter Mane|Booster Energy\n|-activate|p2b: Flutter Mane|ability: Protosynthesis|[fromitem]\n|-start|p2b: Flutter Mane|protosynthesisspe\n|turn|1\n|inactive|th3d3b has 30 seconds left.\n|inactive|th3d3b has 20 seconds left.\n|inactive|joengi has 30 seconds left.\n|inactive|th3d3b has 15 seconds left.\n|inactive|th3d3b has 10 seconds left.\n|inactive|th3d3b has 5 seconds left.\n|\n|t:|1682853409\n|-end|p1b: Flutter Mane|Protosynthesis|[silent]\n|switch|p1b: Arcanine|Arcanine, L50, M|100\/100\n|-ability|p1b: Arcanine|Intimidate|boost\n|-unboost|p2a: Palafin|atk|1\n|-unboost|p2b: Flutter Mane|atk|1\n|detailschange|p2a: Palafin|Palafin-Hero, L50, F\n|switch|p2a: Arcanine|Arcanine, L50, M|100\/100\n|-ability|p2a: Arcanine|Intimidate|boost\n|-unboost|p1a: Talonflame|atk|1\n|-unboost|p1b: Arcanine|atk|1\n|move|p2b: Flutter Mane|Protect|p2b: Flutter Mane\n|-singleturn|p2b: Flutter Mane|Protect\n|move|p1a: Talonflame|Tailwind|p1a: Talonflame\n|-sidestart|p1: th3d3b|move: Tailwind\n|\n|upkeep\n|turn|2\n|inactive|th3d3b has 30 seconds left.\n|inactive|th3d3b has 20 seconds left.\n|\n|t:|1682853446\n|switch|p1a: Ceruledge|Ceruledge, L50, F|100\/100\n|-end|p2b: Flutter Mane|Protosynthesis|[silent]\n|switch|p2b: Palafin|Palafin-Hero, L50, F|100\/100\n|-activate|p2b: Palafin|ability: Zero to Hero\n|move|p2a: Arcanine|Extreme Speed|p1a: Ceruledge\n|-immune|p1a: Ceruledge\n|move|p1b: Arcanine|Howl|p1b: Arcanine|[spread] p1a,p1b\n|-boost|p1a: Ceruledge|atk|1\n|-boost|p1b: Arcanine|atk|1\n|\n|upkeep\n|turn|3\n|inactive|th3d3b has 30 seconds left.\n|inactive|joengi has 30 seconds left.\n|\n|t:|1682853480\n|switch|p1b: Talonflame|Talonflame, L50, M|100\/100\n|switch|p2a: Chien-Pao|Chien-Pao, L50|100\/100\n|-ability|p2a: Chien-Pao|Sword of Ruin\n|-terastallize|p1a: Ceruledge|Grass\n|move|p2b: Palafin|Jet Punch|p1b: Talonflame\n|-supereffective|p1b: Talonflame\n|-damage|p1b: Talonflame|0 fnt\n|faint|p1b: Talonflame\n|move|p1a: Ceruledge|Tera Blast|p2b: Palafin\n|-supereffective|p2b: Palafin\n|-damage|p2b: Palafin|0 fnt\n|faint|p2b: Palafin\n|\n|upkeep\n|\n|t:|1682853497\n|switch|p1b: Arcanine|Arcanine, L50, M|100\/100\n|switch|p2b: Arcanine|Arcanine, L50, M|100\/100\n|-ability|p1b: Arcanine|Intimidate|boost\n|-unboost|p2a: Chien-Pao|atk|1\n|-unboost|p2b: Arcanine|atk|1\n|-ability|p2b: Arcanine|Intimidate|boost\n|-fail|p1a: Ceruledge|unboost|[from] item: Clear Amulet|[of] p1a: Ceruledge\n|-unboost|p1b: Arcanine|atk|1\n|turn|4\n|inactive|th3d3b has 30 seconds left.\n|\n|t:|1682853526\n|switch|p2b: Flutter Mane|Flutter Mane, L50|100\/100\n|-terastallize|p2a: Chien-Pao|Ghost\n|move|p1b: Arcanine|Howl|p1b: Arcanine|[spread] p1a,p1b\n|-boost|p1a: Ceruledge|atk|1\n|-boost|p1b: Arcanine|atk|1\n|move|p1a: Ceruledge|Bitter Blade|p2a: Chien-Pao\n|-damage|p2a: Chien-Pao|0 fnt\n|faint|p2a: Chien-Pao\n|\n|-sideend|p1: th3d3b|move: Tailwind\n|upkeep\n|\n|t:|1682853534\n|switch|p2a: Arcanine|Arcanine, L50, M|100\/100\n|-ability|p2a: Arcanine|Intimidate|boost\n|-fail|p1a: Ceruledge|unboost|[from] item: Clear Amulet|[of] p1a: Ceruledge\n|-unboost|p1b: Arcanine|atk|1\n|turn|5\n|\n|t:|1682853549\n|move|p1b: Arcanine|Protect|p1b: Arcanine\n|-singleturn|p1b: Arcanine|Protect\n|move|p2a: Arcanine|Extreme Speed|p1a: Ceruledge\n|-damage|p1a: Ceruledge|78\/100\n|move|p1a: Ceruledge|Shadow Sneak|p2b: Flutter Mane\n|-supereffective|p2b: Flutter Mane\n|-damage|p2b: Flutter Mane|0 fnt\n|faint|p2b: Flutter Mane\n|-end|p2b: Flutter Mane|Protosynthesis|[silent]\n|\n|upkeep\n|turn|6\n|-message|joengi forfeited.\n|\n|win|th3d3b\n|raw|th3d3b's rating: 1228 → 1258<\/strong> (+30 for winning)\n|raw|joengi's rating: 1301 → 1277<\/strong> (-24 for losing)\n|l|\u2606joengi\n|c|\u2606th3d3b|gg\n","uploadtime":1682853593,"views":11,"p1id":"th3d3b","p2id":"joengi","formatid":"gen9vgc2023regulationc","rating":1258,"private":0,"password":""}