{"id":"gen9vgc2023regulationc-1846345326","p1":"Nkd92","p2":"Armadill0","format":"[Gen 9] VGC 2023 Regulation C","log":"|j|\u2606Nkd92\n|j|\u2606Armadill0\n|t:|1681833390\n|gametype|doubles\n|player|p1|Nkd92|169|1000\n|player|p2|Armadill0|crasherwake|1021\n|teamsize|p1|6\n|teamsize|p2|6\n|gen|9\n|tier|[Gen 9] VGC 2023 Regulation C\n|rated|\n|rule|Species Clause: Limit one of each Pok\u00e9mon\n|rule|Item Clause: Limit one of each item\n|clearpoke\n|poke|p1|Dragonite, L50, F|\n|poke|p1|Ting-Lu, L50|\n|poke|p1|Arcanine, L50, F|\n|poke|p1|Palafin, L50, M|\n|poke|p1|Annihilape, L50, M|\n|poke|p1|Flutter Mane, L50|\n|poke|p2|Flutter Mane, L50|\n|poke|p2|Arcanine, L50, F|\n|poke|p2|Palafin, L50, M|\n|poke|p2|Amoonguss, L50, M|\n|poke|p2|Chi-Yu, L50|\n|poke|p2|Dragonite, L50, F|\n|teampreview|4\n|\n|t:|1681833428\n|start\n|switch|p1a: Dragonite|Dragonite, L50, F|100\/100\n|switch|p1b: Palafin|Palafin, L50, M|100\/100\n|switch|p2a: Flutter Mane|Flutter Mane, L50|100\/100\n|switch|p2b: Palafin|Palafin, L50, M|100\/100\n|turn|1\n|\n|t:|1681833452\n|detailschange|p2b: Palafin|Palafin-Hero, L50, M\n|switch|p2b: Arcanine|Arcanine, L50, F|100\/100\n|-ability|p2b: Arcanine|Intimidate|boost\n|-fail|p1a: Dragonite|unboost|Attack|[from] ability: Inner Focus|[of] p1a: Dragonite\n|-unboost|p1b: Palafin|atk|1\n|-terastallize|p1a: Dragonite|Normal\n|move|p2a: Flutter Mane|Protect|p2a: Flutter Mane\n|-singleturn|p2a: Flutter Mane|Protect\n|move|p1b: Palafin|Protect|p1b: Palafin\n|-singleturn|p1b: Palafin|Protect\n|move|p1a: Dragonite|Tailwind|p1a: Dragonite\n|-sidestart|p1: Nkd92|move: Tailwind\n|\n|upkeep\n|turn|2\n|\n|t:|1681833492\n|detailschange|p1b: Palafin|Palafin-Hero, L50, M\n|switch|p1b: Ting-Lu|Ting-Lu, L50|100\/100\n|-ability|p1b: Ting-Lu|Vessel of Ruin\n|-end|p2a: Flutter Mane|Protosynthesis|[silent]\n|switch|p2a: Palafin|Palafin-Hero, L50, M|100\/100\n|-activate|p2a: Palafin|ability: Zero to Hero\n|move|p1a: Dragonite|Protect|p1a: Dragonite\n|-singleturn|p1a: Dragonite|Protect\n|move|p2b: Arcanine|Wild Charge|p1b: Ting-Lu\n|-immune|p1b: Ting-Lu\n|\n|upkeep\n|turn|3\n|\n|t:|1681833540\n|-terastallize|p2a: Palafin|Water\n|move|p1a: Dragonite|Extreme Speed|p2a: Palafin\n|-damage|p2a: Palafin|31\/100\n|-damage|p1a: Dragonite|91\/100|[from] item: Life Orb\n|move|p2a: Palafin|Wave Crash|p1b: Ting-Lu\n|-supereffective|p1b: Ting-Lu\n|-damage|p1b: Ting-Lu|0 fnt\n|faint|p1b: Ting-Lu\n|-damage|p2a: Palafin|0 fnt|[from] Recoil\n|faint|p2a: Palafin\n|move|p2b: Arcanine|Will-O-Wisp|p1a: Dragonite\n|-status|p1a: Dragonite|brn\n|\n|-damage|p1a: Dragonite|85\/100 brn|[from] brn\n|upkeep\n|\n|t:|1681833558\n|switch|p2a: Flutter Mane|Flutter Mane, L50|100\/100\n|switch|p1b: Palafin|Palafin-Hero, L50, M|100\/100\n|-activate|p1b: Palafin|ability: Zero to Hero\n|turn|4\n|\n|t:|1681833589\n|switch|p2b: Amoonguss|Amoonguss, L50, M|100\/100\n|move|p2a: Flutter Mane|Protect|p2a: Flutter Mane\n|-singleturn|p2a: Flutter Mane|Protect\n|move|p1b: Palafin|Jet Punch|p2a: Flutter Mane\n|-activate|p2a: Flutter Mane|move: Protect\n|move|p1a: Dragonite|Ice Spinner|p2a: Flutter Mane\n|-activate|p2a: Flutter Mane|move: Protect\n|\n|-damage|p1a: Dragonite|79\/100 brn|[from] brn\n|-sideend|p1: Nkd92|move: Tailwind\n|upkeep\n|turn|5\n|\n|t:|1681833640\n|switch|p1b: Arcanine|Arcanine, L50, F|100\/100\n|-ability|p1b: Arcanine|Intimidate|boost\n|-unboost|p2a: Flutter Mane|atk|1\n|-unboost|p2b: Amoonguss|atk|1\n|move|p2a: Flutter Mane|Dazzling Gleam|p1a: Dragonite|[spread] p1a,p1b\n|-resisted|p1b: Arcanine\n|-damage|p1a: Dragonite|54\/100 brn\n|-damage|p1b: Arcanine|89\/100\n|move|p1a: Dragonite|Ice Spinner|p2a: Flutter Mane\n|-damage|p2a: Flutter Mane|79\/100\n|-damage|p1a: Dragonite|45\/100 brn|[from] item: Life Orb\n|move|p2b: Amoonguss|Spore|p1b: Arcanine\n|-activate|p1b: Arcanine|item: Safety Goggles|Spore\n|\n|-damage|p1a: Dragonite|39\/100 brn|[from] brn\n|upkeep\n|turn|6\n|\n|t:|1681833673\n|move|p1a: Dragonite|Extreme Speed|p2b: Amoonguss\n|-damage|p2b: Amoonguss|67\/100\n|-damage|p1a: Dragonite|29\/100 brn|[from] item: Life Orb\n|move|p2b: Amoonguss|Rage Powder|p2b: Amoonguss\n|-singleturn|p2b: Amoonguss|move: Rage Powder\n|move|p2a: Flutter Mane|Dazzling Gleam|p1b: Arcanine|[spread] p1a,p1b\n|-resisted|p1b: Arcanine\n|-damage|p1a: Dragonite|5\/100 brn\n|-damage|p1b: Arcanine|77\/100\n|move|p1b: Arcanine|Flare Blitz|p2b: Amoonguss\n|-supereffective|p2b: Amoonguss\n|-crit|p2b: Amoonguss\n|-damage|p2b: Amoonguss|0 fnt\n|faint|p2b: Amoonguss\n|-damage|p1b: Arcanine|51\/100|[from] Recoil\n|\n|-damage|p1a: Dragonite|0 fnt|[from] brn\n|faint|p1a: Dragonite\n|upkeep\n|\n|t:|1681833692\n|switch|p1a: Palafin|Palafin-Hero, L50, M|100\/100\n|switch|p2b: Arcanine|Arcanine, L50, F|100\/100\n|-ability|p2b: Arcanine|Intimidate|boost\n|-unboost|p1a: Palafin|atk|1\n|-unboost|p1b: Arcanine|atk|1\n|turn|7\n|\n|t:|1681833710\n|move|p2a: Flutter Mane|Protect|p2a: Flutter Mane\n|-singleturn|p2a: Flutter Mane|Protect\n|move|p1b: Arcanine|Protect|p1b: Arcanine\n|-singleturn|p1b: Arcanine|Protect\n|move|p1a: Palafin|Jet Punch|p2b: Arcanine\n|-supereffective|p2b: Arcanine\n|-damage|p2b: Arcanine|16\/100\n|-enditem|p2b: Arcanine|Aguav Berry|[eat]\n|-heal|p2b: Arcanine|49\/100|[from] item: Aguav Berry\n|move|p2b: Arcanine|Will-O-Wisp|p1a: Palafin\n|-status|p1a: Palafin|brn\n|\n|-damage|p1a: Palafin|95\/100 brn|[from] brn\n|upkeep\n|turn|8\n|\n|t:|1681833730\n|move|p2b: Arcanine|Extreme Speed|p1b: Arcanine\n|-damage|p1b: Arcanine|30\/100\n|move|p1a: Palafin|Jet Punch|p2b: Arcanine\n|-supereffective|p2b: Arcanine\n|-damage|p2b: Arcanine|12\/100\n|move|p2a: Flutter Mane|Hex|p1a: Palafin\n|-damage|p1a: Palafin|33\/100 brn\n|move|p1b: Arcanine|Flare Blitz|p2a: Flutter Mane\n|-damage|p2a: Flutter Mane|44\/100\n|-damage|p1b: Arcanine|20\/100|[from] Recoil\n|\n|-damage|p1a: Palafin|28\/100 brn|[from] brn\n|upkeep\n|turn|9\n|\n|t:|1681833749\n|move|p2b: Arcanine|Extreme Speed|p1b: Arcanine\n|-damage|p1b: Arcanine|0 fnt\n|faint|p1b: Arcanine\n|move|p1a: Palafin|Jet Punch|p2b: Arcanine\n|-supereffective|p2b: Arcanine\n|-damage|p2b: Arcanine|0 fnt\n|faint|p2b: Arcanine\n|move|p2a: Flutter Mane|Hex|p1a: Palafin\n|-damage|p1a: Palafin|0 fnt\n|faint|p1a: Palafin\n|\n|win|Armadill0\n|raw|Nkd92's rating: 1000 → 1000<\/strong> (+0 for losing)\n|raw|Armadill0's rating: 1021 → 1056<\/strong> (+35 for winning)\n|l|\u2606Nkd92\n","uploadtime":1681833763,"views":11,"p1id":"nkd92","p2id":"armadill0","formatid":"gen9vgc2023regulationc","rating":1000,"private":0,"password":""}