{"id":"gen9vgc2023regulationc-1848230527","p1":"StVero","p2":"Pamendrel","format":"[Gen 9] VGC 2023 Regulation C","log":"|j|\u2606StVero\n|j|\u2606Pamendrel\n|t:|1682045446\n|gametype|doubles\n|player|p1|StVero|101|1214\n|player|p2|Pamendrel|265|1140\n|teamsize|p1|6\n|teamsize|p2|6\n|gen|9\n|tier|[Gen 9] VGC 2023 Regulation C\n|rated|\n|rule|Species Clause: Limit one of each Pok\u00e9mon\n|rule|Item Clause: Limit one of each item\n|clearpoke\n|poke|p1|Dragonite, L50, F|\n|poke|p1|Tyranitar, L50, F|\n|poke|p1|Arcanine, L50, M|\n|poke|p1|Gyarados, L50, F|\n|poke|p1|Amoonguss, L50, F|\n|poke|p1|Flutter Mane, L50|\n|poke|p2|Lycanroc-Midnight, L50, F|\n|poke|p2|Medicham, L50, M|\n|poke|p2|Dondozo, L50, F|\n|poke|p2|Tatsugiri-Stretchy, L50, M|\n|poke|p2|Mimikyu, L50, M|\n|poke|p2|Ting-Lu, L50|\n|teampreview|4\n|\n|t:|1682045462\n|start\n|switch|p1a: Dragonite|Dragonite, L50, F, shiny|100\/100\n|switch|p1b: Amoonguss|Amoonguss, L50, F|100\/100\n|switch|p2a: Lycanroc|Lycanroc-Midnight, L50, F|100\/100\n|switch|p2b: Medicham|Medicham, L50, M|100\/100\n|turn|1\n|inactive|Battle timer is ON: inactive players will automatically lose when time's up. (requested by Pamendrel)\n|inactive|Pamendrel has 60 seconds left.\n|\n|t:|1682045493\n|-terastallize|p1a: Dragonite|Normal\n|move|p2b: Medicham|Fake Out|p1b: Amoonguss\n|-damage|p1b: Amoonguss|84\/100\n|move|p1a: Dragonite|Extreme Speed|p2b: Medicham\n|-damage|p2b: Medicham|25\/100\n|move|p2a: Lycanroc|Rock Slide|p1b: Amoonguss|[spread] p1a,p1b\n|-crit|p1a: Dragonite\n|-damage|p1a: Dragonite|79\/100\n|-damage|p1b: Amoonguss|58\/100\n|cant|p1b: Amoonguss|flinch\n|\n|upkeep\n|turn|2\n|\n|t:|1682045515\n|move|p1a: Dragonite|Extreme Speed|p2b: Medicham\n|-damage|p2b: Medicham|0 fnt\n|faint|p2b: Medicham\n|move|p2a: Lycanroc|Stone Edge|p1a: Dragonite\n|-crit|p1a: Dragonite\n|-damage|p1a: Dragonite|0 fnt\n|faint|p1a: Dragonite\n|move|p1b: Amoonguss|Spore|p2a: Lycanroc\n|-status|p2a: Lycanroc|slp|[from] move: Spore\n|\n|upkeep\n|\n|t:|1682045523\n|switch|p2b: Ting-Lu|Ting-Lu, L50|100\/100\n|switch|p1a: Gyarados|Gyarados, L50, F|100\/100\n|-ability|p1a: Gyarados|Intimidate|boost\n|-unboost|p2a: Lycanroc|atk|1\n|-unboost|p2b: Ting-Lu|atk|1\n|-ability|p2b: Ting-Lu|Vessel of Ruin\n|turn|3\n|inactive|Pamendrel has 30 seconds left.\n|inactive|Pamendrel has 20 seconds left.\n|inactive|Pamendrel has 15 seconds left.\n|inactive|Pamendrel has 10 seconds left.\n|\n|t:|1682045569\n|cant|p2a: Lycanroc|slp\n|move|p1a: Gyarados|Dragon Dance|p1a: Gyarados\n|-boost|p1a: Gyarados|atk|1\n|-boost|p1a: Gyarados|spe|1\n|move|p2b: Ting-Lu|Rock Slide|p1a: Gyarados|[spread] p1a,p1b\n|-supereffective|p1a: Gyarados\n|-damage|p1a: Gyarados|72\/100\n|-damage|p1b: Amoonguss|47\/100\n|-enditem|p1b: Amoonguss|Sitrus Berry|[eat]\n|-heal|p1b: Amoonguss|72\/100|[from] item: Sitrus Berry\n|move|p1b: Amoonguss|Spore|p2b: Ting-Lu\n|-status|p2b: Ting-Lu|slp|[from] move: Spore\n|\n|upkeep\n|turn|4\n|inactive|Pamendrel has 30 seconds left.\n|\n|t:|1682045596\n|switch|p1b: Arcanine|Arcanine, L50, M|100\/100\n|-ability|p1b: Arcanine|Intimidate|boost\n|-unboost|p2a: Lycanroc|atk|1\n|-unboost|p2b: Ting-Lu|atk|1\n|-curestatus|p2a: Lycanroc|slp|[msg]\n|move|p2a: Lycanroc|Helping Hand|p2b: Ting-Lu\n|-singleturn|p2b: Ting-Lu|Helping Hand|[of] p2a: Lycanroc\n|move|p1a: Gyarados|Dragon Dance|p1a: Gyarados\n|-boost|p1a: Gyarados|atk|1\n|-boost|p1a: Gyarados|spe|1\n|cant|p2b: Ting-Lu|slp\n|\n|upkeep\n|turn|5\n|\n|t:|1682045612\n|switch|p1b: Amoonguss|Amoonguss, L50, F|100\/100\n|-terastallize|p2a: Lycanroc|Water\n|move|p1a: Gyarados|Waterfall|p2a: Lycanroc\n|-resisted|p2a: Lycanroc\n|-damage|p2a: Lycanroc|47\/100\n|move|p2a: Lycanroc|Rock Slide|p1a: Gyarados|[spread] p1a,p1b\n|-supereffective|p1a: Gyarados\n|-crit|p1b: Amoonguss\n|-damage|p1a: Gyarados|38\/100\n|-damage|p1b: Amoonguss|64\/100\n|-curestatus|p2b: Ting-Lu|slp|[msg]\n|move|p2b: Ting-Lu|Fissure|p1a: Gyarados\n|-immune|p1a: Gyarados\n|\n|upkeep\n|turn|6\n|\n|t:|1682045634\n|switch|p2b: Mimikyu|Mimikyu, L50, M|100\/100\n|move|p1a: Gyarados|Protect|p1a: Gyarados\n|-singleturn|p1a: Gyarados|Protect\n|move|p2a: Lycanroc|Protect|p2a: Lycanroc\n|-singleturn|p2a: Lycanroc|Protect\n|move|p1b: Amoonguss|Spore|p2a: Lycanroc\n|-activate|p2a: Lycanroc|move: Protect\n|\n|upkeep\n|turn|7\n|\n|t:|1682045652\n|switch|p2a: Ting-Lu|Ting-Lu, L50|100\/100\n|-ability|p2a: Ting-Lu|Vessel of Ruin\n|move|p1a: Gyarados|Waterfall|p2a: Ting-Lu\n|-supereffective|p2a: Ting-Lu\n|-damage|p2a: Ting-Lu|6\/100\n|move|p1b: Amoonguss|Pollen Puff|p1a: Gyarados\n|-heal|p1a: Gyarados|88\/100\n|move|p2b: Mimikyu|Trick Room|p2b: Mimikyu\n|-fieldstart|move: Trick Room|[of] p2b: Mimikyu\n|\n|upkeep\n|turn|8\n|inactive|Pamendrel has 30 seconds left.\n|\n|t:|1682045683\n|move|p1b: Amoonguss|Spore|p2a: Ting-Lu\n|-status|p2a: Ting-Lu|slp|[from] move: Spore\n|cant|p2a: Ting-Lu|slp\n|move|p2b: Mimikyu|Play Rough|p1b: Amoonguss\n|-resisted|p1b: Amoonguss\n|-damage|p1b: Amoonguss|44\/100\n|-unboost|p1b: Amoonguss|atk|1\n|-damage|p2b: Mimikyu|91\/100|[from] item: Life Orb\n|move|p1a: Gyarados|Waterfall|p2b: Mimikyu\n|-activate|p2b: Mimikyu|ability: Disguise\n|-damage|p2b: Mimikyu|91\/100\n|detailschange|p2b: Mimikyu|Mimikyu-Busted, L50, M\n|-damage|p2b: Mimikyu|79\/100|[from] pokemon: Mimikyu-Busted\n|\n|upkeep\n|turn|9\n|\n|t:|1682045694\n|switch|p1b: Arcanine|Arcanine, L50, M|100\/100\n|-ability|p1b: Arcanine|Intimidate|boost\n|-unboost|p2a: Ting-Lu|atk|1\n|-unboost|p2b: Mimikyu|atk|1\n|move|p2b: Mimikyu|Protect|p2b: Mimikyu\n|-singleturn|p2b: Mimikyu|Protect\n|cant|p2a: Ting-Lu|slp\n|move|p1a: Gyarados|Waterfall|p2b: Mimikyu\n|-activate|p2b: Mimikyu|move: Protect\n|\n|upkeep\n|turn|10\n|\n|t:|1682045710\n|switch|p1b: Amoonguss|Amoonguss, L50, F|77\/100\n|move|p2b: Mimikyu|Shadow Sneak|p1b: Amoonguss\n|-damage|p1b: Amoonguss|64\/100\n|-damage|p2b: Mimikyu|70\/100|[from] item: Life Orb\n|cant|p2a: Ting-Lu|slp\n|move|p1a: Gyarados|Waterfall|p2b: Mimikyu\n|-damage|p2b: Mimikyu|0 fnt\n|faint|p2b: Mimikyu\n|\n|upkeep\n|\n|t:|1682045718\n|switch|p2b: Lycanroc|Lycanroc-Midnight, L50, F, tera:Water|47\/100\n|turn|11\n|-message|Pamendrel forfeited.\n|\n|win|StVero\n|raw|StVero's rating: 1214 → 1234<\/strong> (+20 for winning)\n|raw|Pamendrel's rating: 1140 → 1120<\/strong> (-20 for losing)\n|l|\u2606Pamendrel\n","uploadtime":1682045881,"views":9,"p1id":"stvero","p2id":"pamendrel","formatid":"gen9vgc2023regulationc","rating":1120,"private":0,"password":""}