{"id":"gen9vgc2023regulationc-1858914800","p1":"tigerozi11","p2":"therealrumpleman","format":"[Gen 9] VGC 2023 Regulation C","log":"|j|\u2606tigerozi11\n|j|\u2606therealrumpleman\n|t:|1683382875\n|gametype|doubles\n|player|p1|tigerozi11|ingo|1318\n|player|p2|therealrumpleman|koga|1358\n|teamsize|p1|6\n|teamsize|p2|6\n|gen|9\n|tier|[Gen 9] VGC 2023 Regulation C\n|rated|\n|rule|Species Clause: Limit one of each Pok\u00e9mon\n|rule|Item Clause: Limit one of each item\n|clearpoke\n|poke|p1|Iron Bundle, L50|\n|poke|p1|Flutter Mane, L50|\n|poke|p1|Amoonguss, L50, M|\n|poke|p1|Chi-Yu, L50|\n|poke|p1|Corviknight, L50, F|\n|poke|p1|Great Tusk, L50|\n|poke|p2|Rotom-Wash, L50|\n|poke|p2|Chien-Pao, L50|\n|poke|p2|Flutter Mane, L50|\n|poke|p2|Amoonguss, L50, M|\n|poke|p2|Great Tusk, L50|\n|poke|p2|Talonflame, L50, F|\n|teampreview|4\n|inactive|Battle timer is ON: inactive players will automatically lose when time's up. (requested by therealrumpleman)\ntherealrumpleman rejected open team sheets.\n|inactive|tigerozi11 has 60 seconds left.\n|inactive|therealrumpleman has 60 seconds left.\n|inactive|tigerozi11 has 30 seconds left.\n|inactive|tigerozi11 has 20 seconds left.\n|inactive|tigerozi11 has 15 seconds left.\n|inactive|tigerozi11 has 10 seconds left.\n|inactive|tigerozi11 has 5 seconds left.\n|\n|t:|1683382973\n|start\n|switch|p1a: Sir Elton John|Corviknight, L50, F|100\/100\n|switch|p1b: Kinoko|Amoonguss, L50, M|100\/100\n|switch|p2a: Talonflame|Talonflame, L50, F, shiny|100\/100\n|switch|p2b: Great Tusk|Great Tusk, L50|100\/100\n|turn|1\n|inactive|tigerozi11 has 30 seconds left.\n|inactive|therealrumpleman has 30 seconds left.\n|\n|t:|1683383000\n|move|p2a: Talonflame|Brave Bird|p1b: Kinoko\n|-supereffective|p1b: Kinoko\n|-damage|p1b: Kinoko|19\/100\n|-damage|p2a: Talonflame|62\/100|[from] Recoil\n|move|p2b: Great Tusk|Earthquake|p1b: Kinoko|[spread] p1b\n|-immune|p2a: Talonflame\n|-immune|p1a: Sir Elton John\n|-damage|p1b: Kinoko|0 fnt\n|faint|p1b: Kinoko\n|move|p1a: Sir Elton John|Tailwind|p1a: Sir Elton John\n|-sidestart|p1: tigerozi11|move: Tailwind\n|\n|upkeep\n|inactive|tigerozi11 has 30 seconds left.\n|\n|t:|1683383034\n|switch|p1b: Yurei|Flutter Mane, L50|100\/100\n|turn|2\n|\n|t:|1683383053\n|-end|p2b: Great Tusk|Protosynthesis|[silent]\n|switch|p2b: Rotom|Rotom-Wash, L50|100\/100\n|move|p1b: Yurei|Dazzling Gleam|p2b: Rotom|[spread] p2a,p2b\n|-resisted|p2a: Talonflame\n|-damage|p2a: Talonflame|21\/100\n|-damage|p2b: Rotom|45\/100\n|move|p2a: Talonflame|Tailwind|p2a: Talonflame\n|-sidestart|p2: therealrumpleman|move: Tailwind\n|move|p1a: Sir Elton John|Iron Head|p2a: Talonflame\n|-resisted|p2a: Talonflame\n|-damage|p2a: Talonflame|0 fnt\n|faint|p2a: Talonflame\n|\n|upkeep\n|\n|t:|1683383073\n|switch|p2a: Great Tusk|Great Tusk, L50|100\/100\n|turn|3\n|inactive|therealrumpleman has 30 seconds left.\n|\n|t:|1683383100\n|-terastallize|p2a: Great Tusk|Ground\n|-terastallize|p1a: Sir Elton John|Dragon\n|move|p2a: Great Tusk|Headlong Rush|p1b: Yurei\n|-damage|p1b: Yurei|0 fnt\n|-unboost|p2a: Great Tusk|def|1\n|-unboost|p2a: Great Tusk|spd|1\n|faint|p1b: Yurei\n|-end|p1b: Yurei|Protosynthesis|[silent]\n|move|p2b: Rotom|Will-O-Wisp|p1a: Sir Elton John\n|-status|p1a: Sir Elton John|brn\n|-enditem|p1a: Sir Elton John|Lum Berry|[eat]\n|-curestatus|p1a: Sir Elton John|brn|[msg]\n|move|p1a: Sir Elton John|Brave Bird|p2a: Great Tusk\n|-damage|p2a: Great Tusk|51\/100\n|-damage|p1a: Sir Elton John|85\/100|[from] Recoil\n|\n|upkeep\n|\n|t:|1683383117\n|switch|p1b: Pingu|Iron Bundle, L50|100\/100\n|-enditem|p1b: Pingu|Booster Energy\n|-activate|p1b: Pingu|ability: Quark Drive|[fromitem]\n|-start|p1b: Pingu|quarkdrivespe\n|turn|4\n|inactive|tigerozi11 has 30 seconds left.\n|\n|t:|1683383148\n|-end|p2a: Great Tusk|Protosynthesis|[silent]\n|switch|p2a: Flutter Mane|Flutter Mane, L50|100\/100\n|move|p2b: Rotom|Protect|p2b: Rotom\n|-singleturn|p2b: Rotom|Protect\n|move|p1b: Pingu|Icy Wind|p2a: Flutter Mane|[spread] p2a\n|-activate|p2b: Rotom|move: Protect\n|-damage|p2a: Flutter Mane|80\/100\n|-unboost|p2a: Flutter Mane|spe|1\n|move|p1a: Sir Elton John|Brave Bird|p2b: Rotom\n|-activate|p2b: Rotom|move: Protect\n|\n|-sideend|p1: tigerozi11|move: Tailwind\n|upkeep\n|turn|5\n|inactive|tigerozi11 has 30 seconds left.\n|\n|t:|1683383177\n|move|p1b: Pingu|Icy Wind|p2b: Rotom|[spread] p2a,p2b\n|-resisted|p2b: Rotom\n|-damage|p2a: Flutter Mane|60\/100\n|-damage|p2b: Rotom|34\/100\n|-unboost|p2a: Flutter Mane|spe|1\n|-unboost|p2b: Rotom|spe|1\n|move|p2a: Flutter Mane|Moonblast|p1a: Sir Elton John\n|-supereffective|p1a: Sir Elton John\n|-damage|p1a: Sir Elton John|0 fnt\n|faint|p1a: Sir Elton John\n|move|p2b: Rotom|Thunderbolt|p1b: Pingu\n|-supereffective|p1b: Pingu\n|-damage|p1b: Pingu|0 fnt\n|faint|p1b: Pingu\n|-end|p1b: Pingu|Quark Drive|[silent]\n|\n|win|therealrumpleman\n|raw|tigerozi11's rating: 1318 → 1300<\/strong> (-18 for losing)\n|raw|therealrumpleman's rating: 1358 → 1376<\/strong> (+18 for winning)\n|c|\u2606therealrumpleman|gg wp\n","uploadtime":1683383189,"views":10,"p1id":"tigerozi11","p2id":"therealrumpleman","formatid":"gen9vgc2023regulationc","rating":1300,"private":0,"password":""}