{"id":"gen9vgc2023regulationc-1845849058","p1":"SteXe36","p2":"Kehorie","format":"[Gen 9] VGC 2023 Regulation C","log":"|j|\u2606SteXe36\n|j|\u2606Kehorie\n|t:|1681771094\n|gametype|doubles\n|player|p1|SteXe36|102|1169\n|player|p2|Kehorie|caitlin|1186\n|teamsize|p1|6\n|teamsize|p2|6\n|gen|9\n|tier|[Gen 9] VGC 2023 Regulation C\n|rated|\n|rule|Species Clause: Limit one of each Pok\u00e9mon\n|rule|Item Clause: Limit one of each item\n|clearpoke\n|poke|p1|Chien-Pao, L50|\n|poke|p1|Baxcalibur, L50, F|\n|poke|p1|Chi-Yu, L50|\n|poke|p1|Flutter Mane, L50|\n|poke|p1|Amoonguss, L50, F|\n|poke|p1|Orthworm, L50, M|\n|poke|p2|Breloom, L50, F|\n|poke|p2|Palafin, L50, M|\n|poke|p2|Flutter Mane, L50|\n|poke|p2|Chi-Yu, L50|\n|poke|p2|Iron Bundle, L50|\n|poke|p2|Pyroar, L50, F|\n|teampreview|4\n|inactive|Battle timer is ON: inactive players will automatically lose when time's up. (requested by SteXe36)\n|\n|t:|1681771166\n|start\n|switch|p1a: Chien-Pao|Chien-Pao, L50|100\/100\n|switch|p1b: Baxcalibur|Baxcalibur, L50, F, shiny|100\/100\n|switch|p2a: Moogle|Iron Bundle, L50|100\/100\n|switch|p2b: Cecil|Palafin, L50, M, shiny|100\/100\n|-ability|p1a: Chien-Pao|Sword of Ruin\n|-enditem|p2a: Moogle|Booster Energy\n|-activate|p2a: Moogle|ability: Quark Drive|[fromitem]\n|-start|p2a: Moogle|quarkdrivespe\n|turn|1\n|\n|t:|1681771189\n|detailschange|p2b: Cecil|Palafin-Hero, L50, M, shiny\n|switch|p2b: Pyroar|Pyroar, L50, F, shiny|100\/100\n|move|p2a: Moogle|Icy Wind|p1b: Baxcalibur|[spread] p1a,p1b\n|-resisted|p1a: Chien-Pao\n|-damage|p1a: Chien-Pao|83\/100\n|-damage|p1b: Baxcalibur|81\/100\n|-unboost|p1a: Chien-Pao|spe|1\n|move|p1a: Chien-Pao|Sacred Sword|p2a: Moogle\n|-supereffective|p2a: Moogle\n|-damage|p2a: Moogle|6\/100\n|move|p1b: Baxcalibur|Glaive Rush|p2a: Moogle\n|-damage|p2a: Moogle|0 fnt\n|-singlemove|p1b: Baxcalibur|Glaive Rush|[silent]\n|faint|p2a: Moogle\n|-end|p2a: Moogle|Quark Drive|[silent]\n|\n|upkeep\n|\n|t:|1681771203\n|switch|p2a: Ursula|Breloom, L50, F, shiny|100\/100\n|turn|2\n|inactive|Kehorie has 30 seconds left.\n|\n|t:|1681771231\n|move|p1a: Chien-Pao|Protect|p1a: Chien-Pao\n|-singleturn|p1a: Chien-Pao|Protect\n|move|p1b: Baxcalibur|Protect|p1b: Baxcalibur\n|-singleturn|p1b: Baxcalibur|Protect\n|move|p2b: Pyroar|Overheat|p1a: Chien-Pao\n|-activate|p1a: Chien-Pao|move: Protect\n|move|p2a: Ursula|Spore|p1a: Chien-Pao\n|-activate|p1a: Chien-Pao|move: Protect\n|\n|upkeep\n|turn|3\n|inactive|SteXe36 has 30 seconds left.\n|\n|t:|1681771263\n|move|p1a: Chien-Pao|Sucker Punch|p2b: Pyroar\n|-damage|p2b: Pyroar|47\/100\n|move|p2a: Ursula|Mach Punch|p1b: Baxcalibur\n|-supereffective|p1b: Baxcalibur\n|-damage|p1b: Baxcalibur|20\/100\n|move|p2b: Pyroar|Overheat|p1a: Chien-Pao\n|-supereffective|p1a: Chien-Pao\n|-damage|p1a: Chien-Pao|0 fnt\n|-unboost|p2b: Pyroar|spa|2\n|faint|p1a: Chien-Pao\n|-ability|p2b: Pyroar|Moxie|boost\n|-boost|p2b: Pyroar|atk|1\n|move|p1b: Baxcalibur|Icicle Crash|p2a: Ursula\n|-supereffective|p2a: Ursula\n|-damage|p2a: Ursula|0 fnt\n|faint|p2a: Ursula\n|\n|upkeep\n|\n|t:|1681771282\n|switch|p1a: Amoonguss|Amoonguss, L50, F|100\/100\n|switch|p2a: Cecil|Palafin-Hero, L50, M, shiny|100\/100\n|-activate|p2a: Cecil|ability: Zero to Hero\n|turn|4\n|\n|t:|1681771307\n|-terastallize|p2b: Pyroar|Fire\n|-terastallize|p1a: Amoonguss|Water\n|move|p1b: Baxcalibur|Protect|p1b: Baxcalibur\n|-singleturn|p1b: Baxcalibur|Protect\n|move|p2a: Cecil|Protect|p2a: Cecil\n|-singleturn|p2a: Cecil|Protect\n|move|p2b: Pyroar|Flare Blitz|p1a: Amoonguss\n|-resisted|p1a: Amoonguss\n|-damage|p1a: Amoonguss|76\/100\n|-damage|p2b: Pyroar|38\/100|[from] Recoil\n|move|p1a: Amoonguss|Spore|p2a: Cecil\n|-activate|p2a: Cecil|move: Protect\n|\n|upkeep\n|turn|5\n|\n|t:|1681771330\n|move|p1a: Amoonguss|Rage Powder|p1a: Amoonguss\n|-singleturn|p1a: Amoonguss|move: Rage Powder\n|move|p2b: Pyroar|Hyper Voice|p1a: Amoonguss|[spread] p1a,p1b\n|-damage|p1a: Amoonguss|66\/100\n|-damage|p1b: Baxcalibur|5\/100\n|move|p1b: Baxcalibur|Glaive Rush|p2a: Cecil\n|-damage|p2a: Cecil|32\/100\n|-singlemove|p1b: Baxcalibur|Glaive Rush|[silent]\n|move|p2a: Cecil|Wave Crash|p1a: Amoonguss\n|-resisted|p1a: Amoonguss\n|-damage|p1a: Amoonguss|17\/100\n|-enditem|p1a: Amoonguss|Sitrus Berry|[eat]\n|-heal|p1a: Amoonguss|42\/100|[from] item: Sitrus Berry\n|-damage|p2a: Cecil|15\/100|[from] Recoil\n|\n|upkeep\n|turn|6\n|inactive|SteXe36 has 30 seconds left.\n|inactive|Kehorie has 30 seconds left.\n|\n|t:|1681771358\n|move|p1a: Amoonguss|Rage Powder|p1a: Amoonguss\n|-singleturn|p1a: Amoonguss|move: Rage Powder\n|move|p1b: Baxcalibur|Ice Shard|p2a: Cecil\n|-resisted|p2a: Cecil\n|-damage|p2a: Cecil|3\/100\n|move|p2a: Cecil|Jet Punch|p1a: Amoonguss\n|-resisted|p1a: Amoonguss\n|-crit|p1a: Amoonguss\n|-damage|p1a: Amoonguss|7\/100\n|move|p2b: Pyroar|Hyper Voice|p1a: Amoonguss|[spread] p1a,p1b\n|-damage|p1a: Amoonguss|0 fnt\n|-damage|p1b: Baxcalibur|0 fnt\n|faint|p1a: Amoonguss\n|faint|p1b: Baxcalibur\n|-ability|p2b: Pyroar|Moxie|boost\n|-boost|p2b: Pyroar|atk|2\n|\n|upkeep\n|\n|t:|1681771365\n|switch|p1b: Flutter Mane|Flutter Mane, L50|100\/100\n|turn|7\n|\n|t:|1681771378\n|move|p2a: Cecil|Jet Punch|p1b: Flutter Mane\n|-damage|p1b: Flutter Mane|0 fnt\n|faint|p1b: Flutter Mane\n|-end|p1b: Flutter Mane|Protosynthesis|[silent]\n|\n|win|Kehorie\n|raw|SteXe36's rating: 1169 → 1145<\/strong> (-24 for losing)\n|raw|Kehorie's rating: 1186 → 1210<\/strong> (+24 for winning)\n|l|\u2606SteXe36\n|l|\u2606Kehorie\n|j|\u2606Kehorie\n|player|p2|Kehorie|caitlin\n","uploadtime":1681771671,"views":5,"p1id":"stexe36","p2id":"kehorie","formatid":"gen9vgc2023regulationc","rating":1145,"private":0,"password":""}