{"id":"gen9vgc2023regulationc-1855914433","p1":"decrek","p2":"Hamstermminator","format":"[Gen 9] VGC 2023 Regulation C","log":"|j|\u2606decrek\n|j|\u2606Hamstermminator\n|t:|1682999901\n|gametype|doubles\n|player|p1|decrek|lillie-masters|1046\n|player|p2|Hamstermminator|birdkeeper|1064\n|teamsize|p1|6\n|teamsize|p2|6\n|gen|9\n|tier|[Gen 9] VGC 2023 Regulation C\n|rated|\n|rule|Species Clause: Limit one of each Pok\u00e9mon\n|rule|Item Clause: Limit one of each item\n|clearpoke\n|poke|p1|Dondozo, L50, M|\n|poke|p1|Talonflame, L50, M|\n|poke|p1|Tatsugiri, L50, M|\n|poke|p1|Baxcalibur, L50, F|\n|poke|p1|Chien-Pao, L50|\n|poke|p1|Scream Tail, L50|\n|poke|p2|Palafin, L50, M|\n|poke|p2|Arcanine, L50, M|\n|poke|p2|Flutter Mane, L50|\n|poke|p2|Corviknight, L50, F|\n|poke|p2|Baxcalibur, L50, F|\n|poke|p2|Sandy Shocks, L50|\n|teampreview|4\n|\n|t:|1682999923\n|start\n|switch|p1a: Talonflame|Talonflame, L50, M|100\/100\n|switch|p1b: Dondozo|Dondozo, L50, M|100\/100\n|switch|p2a: Palafin|Palafin, L50, M|100\/100\n|switch|p2b: Corviknight|Corviknight, L50, F|100\/100\n|turn|1\n|\n|t:|1682999947\n|detailschange|p2a: Palafin|Palafin-Hero, L50, M\n|switch|p2a: Flutter Mane|Flutter Mane, L50|100\/100\n|move|p1a: Talonflame|Protect|p1a: Talonflame\n|-singleturn|p1a: Talonflame|Protect\n|move|p2b: Corviknight|Tailwind|p2b: Corviknight\n|-sidestart|p2: Hamstermminator|move: Tailwind\n|move|p1b: Dondozo|Substitute|p1b: Dondozo\n|-start|p1b: Dondozo|Substitute\n|-damage|p1b: Dondozo|76\/100\n|\n|-heal|p1b: Dondozo|82\/100|[from] item: Leftovers\n|upkeep\n|turn|2\n|\n|t:|1682999966\n|switch|p2b: Sandy Shocks|Sandy Shocks, L50|100\/100\n|move|p1b: Dondozo|Protect|p1b: Dondozo\n|-singleturn|p1b: Dondozo|Protect\n|move|p1a: Talonflame|Tailwind|p1a: Talonflame\n|-sidestart|p1: decrek|move: Tailwind\n|move|p2a: Flutter Mane|Moonblast|p1b: Dondozo\n|-activate|p1b: Dondozo|move: Protect\n|\n|-heal|p1b: Dondozo|88\/100|[from] item: Leftovers\n|upkeep\n|turn|3\n|\n|t:|1682999986\n|switch|p1a: Tatsugiri|Tatsugiri, L50, M|100\/100\n|-activate|p1a: Tatsugiri|ability: Commander|[of] p1b: Dondozo\n|-boost|p1b: Dondozo|atk|2\n|-boost|p1b: Dondozo|spa|2\n|-boost|p1b: Dondozo|spe|2\n|-boost|p1b: Dondozo|def|2\n|-boost|p1b: Dondozo|spd|2\n|-terastallize|p1b: Dondozo|Steel\n|move|p2b: Sandy Shocks|Protect|p2b: Sandy Shocks\n|-singleturn|p2b: Sandy Shocks|Protect\n|move|p2a: Flutter Mane|Power Gem|p1a: Tatsugiri|[miss]\n|-miss|p2a: Flutter Mane|p1a: Tatsugiri\n|move|p1b: Dondozo|Wave Crash|p2a: Flutter Mane\n|-damage|p2a: Flutter Mane|0 fnt\n|faint|p2a: Flutter Mane\n|-end|p2a: Flutter Mane|Protosynthesis|[silent]\n|-damage|p1b: Dondozo|69\/100|[from] Recoil\n|\n|-heal|p1b: Dondozo|75\/100|[from] item: Leftovers\n|upkeep\n|\n|t:|1683000005\n|switch|p2a: Palafin|Palafin-Hero, L50, M|100\/100\n|-activate|p2a: Palafin|ability: Zero to Hero\n|turn|4\n|\n|t:|1683000020\n|-end|p2b: Sandy Shocks|Protosynthesis|[silent]\n|switch|p2b: Corviknight|Corviknight, L50, F|100\/100\n|move|p1b: Dondozo|Order Up|p2a: Palafin\n|-damage|p2a: Palafin|49\/100\n|-boost|p1b: Dondozo|atk|1\n|move|p2a: Palafin|Haze|p2a: Palafin\n|-clearallboost\n|\n|-heal|p1b: Dondozo|81\/100|[from] item: Leftovers\n|-sideend|p2: Hamstermminator|move: Tailwind\n|upkeep\n|turn|5\n|\n|t:|1683000046\n|move|p2a: Palafin|Jet Punch|p1b: Dondozo\n|-end|p1b: Dondozo|Substitute\n|move|p1b: Dondozo|Order Up|p2a: Palafin\n|-damage|p2a: Palafin|25\/100\n|-boost|p1b: Dondozo|atk|1\n|move|p2b: Corviknight|Tailwind|p2b: Corviknight\n|-sidestart|p2: Hamstermminator|move: Tailwind\n|\n|-heal|p1b: Dondozo|88\/100|[from] item: Leftovers\n|-sideend|p1: decrek|move: Tailwind\n|upkeep\n|turn|6\n|\n|t:|1683000068\n|switch|p2b: Sandy Shocks|Sandy Shocks, L50|100\/100\n|-terastallize|p2a: Palafin|Water\n|move|p2a: Palafin|Wave Crash|p1b: Dondozo\n|-damage|p1b: Dondozo|0 fnt\n|faint|p1b: Dondozo\n|-damage|p2a: Palafin|0 fnt|[from] Recoil\n|faint|p2a: Palafin\n|\n|upkeep\n|\n|t:|1683000081\n|switch|p2a: Corviknight|Corviknight, L50, F|100\/100\n|switch|p1b: Talonflame|Talonflame, L50, M|100\/100\n|turn|7\n|\n|t:|1683000098\n|move|p1b: Talonflame|Tailwind|p1b: Talonflame\n|-sidestart|p1: decrek|move: Tailwind\n|move|p1a: Tatsugiri|Muddy Water|p2a: Corviknight|[spread] p2a,p2b\n|-supereffective|p2b: Sandy Shocks\n|-damage|p2a: Corviknight|70\/100\n|-damage|p2b: Sandy Shocks|24\/100\n|-unboost|p2b: Sandy Shocks|accuracy|1\n|move|p2b: Sandy Shocks|Thunderbolt|p1b: Talonflame\n|-supereffective|p1b: Talonflame\n|-damage|p1b: Talonflame|0 fnt\n|faint|p1b: Talonflame\n|move|p2a: Corviknight|Brave Bird|p1a: Tatsugiri\n|-damage|p1a: Tatsugiri|22\/100\n|-damage|p2a: Corviknight|49\/100|[from] Recoil\n|\n|upkeep\n|\n|t:|1683000113\n|switch|p1b: Chien-Pao|Chien-Pao, L50|100\/100\n|-ability|p1b: Chien-Pao|Sword of Ruin\n|turn|8\n|\n|t:|1683000126\n|move|p1b: Chien-Pao|Protect|p1b: Chien-Pao\n|-singleturn|p1b: Chien-Pao|Protect\n|move|p1a: Tatsugiri|Muddy Water|p2b: Sandy Shocks|[spread] p2b\n|-miss|p1a: Tatsugiri|p2a: Corviknight\n|-supereffective|p2b: Sandy Shocks\n|-damage|p2b: Sandy Shocks|0 fnt\n|faint|p2b: Sandy Shocks\n|-end|p2b: Sandy Shocks|Protosynthesis|[silent]\n|move|p2a: Corviknight|Iron Head|p1b: Chien-Pao\n|-activate|p1b: Chien-Pao|move: Protect\n|\n|-sideend|p2: Hamstermminator|move: Tailwind\n|upkeep\n|turn|9\n|-message|Hamstermminator forfeited.\n|\n|win|decrek\n|raw|decrek's rating: 1046 → 1081<\/strong> (+35 for winning)\n|raw|Hamstermminator's rating: 1064 → 1043<\/strong> (-21 for losing)\n|l|\u2606Hamstermminator\n","uploadtime":1683000143,"views":15,"p1id":"decrek","p2id":"hamstermminator","formatid":"gen9vgc2023regulationc","rating":1043,"private":0,"password":""}