{"id":"gen9vgc2023regulationc-1850769512","p1":"xJPNH","p2":"coatesy92","format":"[Gen 9] VGC 2023 Regulation C","log":"|j|\u2606xJPNH\n|j|\u2606coatesy92\n|t:|1682366173\n|gametype|doubles\n|player|p1|xJPNH|flannery|\n|player|p2|coatesy92|170|\n|teamsize|p1|6\n|teamsize|p2|6\n|gen|9\n|tier|[Gen 9] VGC 2023 Regulation C\n|rule|Species Clause: Limit one of each Pok\u00e9mon\n|rule|Item Clause: Limit one of each item\n|clearpoke\n|poke|p1|Axew, L5, M|\n|poke|p1|Slowpoke, L5, F|\n|poke|p1|Cetoddle, L5, F|\n|poke|p1|Lechonk, L5, F|\n|poke|p1|Bergmite, L5, M|\n|poke|p1|Shellder, L5, M|\n|poke|p2|Makuhita, L5, M|\n|poke|p2|Toedscool, L5, F|\n|poke|p2|Lechonk, L5, M|\n|poke|p2|Fuecoco, L5, M|\n|poke|p2|Azurill, L5, M|\n|poke|p2|Pawmi, L5, F|\n|teampreview|4\n|j| ZenN16\n|j| Cerpin T\n|c| Cerpin T|oooooooo the boy\n|j| H0p5t3r\n|j| haydyg\n|inactive|Battle timer is ON: inactive players will automatically lose when time's up. (requested by xJPNH)\n|j| House of toga\n|j| Spageddy69\n|c| House of toga|Glhf!\n|inactive|coatesy92 has 60 seconds left.\n|c| Spageddy69|glhf\n|\n|t:|1682366276\n|start\n|switch|p1a: Lil Paul|Slowpoke, L5, F|100\/100\n|switch|p1b: Bergmite|Bergmite, L5, M|100\/100\n|switch|p2a: Toedscool|Toedscool, L5, F|100\/100\n|switch|p2b: pikapawmi|Pawmi, L5, F|100\/100\n|turn|1\n|\n|t:|1682366300\n|move|p2b: pikapawmi|Fake Out|p1b: Bergmite\n|-damage|p1b: Bergmite|91\/100\n|move|p1a: Lil Paul|Fire Blast|p2a: Toedscool\n|-supereffective|p2a: Toedscool\n|-damage|p2a: Toedscool|30\/100\n|move|p2a: Toedscool|Spore|p1b: Bergmite\n|-status|p1b: Bergmite|slp|[from] move: Spore\n|cant|p1b: Bergmite|slp\n|\n|upkeep\n|turn|2\n|\n|t:|1682366323\n|switch|p1b: Tampax|Shellder, L5, M|100\/100\n|switch|p1a: Jaws|Axew, L5, M|100\/100\n|-ability|p1a: Jaws|Mold Breaker\n|move|p2a: Toedscool|Giga Drain|p1a: Jaws\n|-resisted|p1a: Jaws\n|-damage|p1a: Jaws|73\/100\n|-heal|p2a: Toedscool|45\/100|[from] drain|[of] p1a: Jaws\n|move|p2b: pikapawmi|Nuzzle|p1a: Jaws\n|-resisted|p1a: Jaws\n|-damage|p1a: Jaws|69\/100\n|-status|p1a: Jaws|par\n|\n|upkeep\n|turn|3\n|inactive|xJPNH has 30 seconds left.\n|inactive|coatesy92 has 30 seconds left.\n|inactive|xJPNH has 20 seconds left.\n|inactive|coatesy92 has 20 seconds left.\n|inactive|xJPNH has 15 seconds left.\n|inactive|coatesy92 has 15 seconds left.\n|inactive|xJPNH has 10 seconds left.\n|inactive|coatesy92 has 10 seconds left.\n|j| Scrandrew\n|\n|t:|1682366370\n|move|p2a: Toedscool|Giga Drain|p1b: Tampax\n|-supereffective|p1b: Tampax\n|-damage|p1b: Tampax|6\/100\n|-heal|p2a: Toedscool|90\/100|[from] drain|[of] p1b: Tampax\n|move|p1b: Tampax|Rock Blast|p2b: pikapawmi\n|-damage|p2b: pikapawmi|88\/100\n|-damage|p2b: pikapawmi|75\/100\n|-damage|p2b: pikapawmi|63\/100\n|-damage|p2b: pikapawmi|50\/100\n|-damage|p2b: pikapawmi|38\/100\n|-hitcount|p2b: pikapawmi|5\n|move|p2b: pikapawmi|Nuzzle|p1b: Tampax\n|-supereffective|p1b: Tampax\n|-damage|p1b: Tampax|0 fnt\n|faint|p1b: Tampax\n|move|p1a: Jaws|Dragon Claw|p2b: pikapawmi\n|-damage|p2b: pikapawmi|0 fnt\n|faint|p2b: pikapawmi\n|-damage|p1a: Jaws|60\/100 par|[from] item: Life Orb\n|\n|upkeep\n|\n|t:|1682366393\n|switch|p1b: Bergmite|Bergmite, L5, M|91\/100 slp\n|switch|p2b: Fuecoco|Fuecoco, L5, M|100\/100\n|turn|4\n|inactive|xJPNH has 30 seconds left.\n|\n|t:|1682366423\n|switch|p1b: Lil Paul|Slowpoke, L5, F|100\/100\n|move|p2a: Toedscool|Earth Power|p1b: Lil Paul\n|-damage|p1b: Lil Paul|56\/100\n|move|p2b: Fuecoco|Flamethrower|p1b: Lil Paul\n|-resisted|p1b: Lil Paul\n|-damage|p1b: Lil Paul|38\/100\n|move|p1a: Jaws|Dragon Dance|p1a: Jaws\n|-boost|p1a: Jaws|atk|1\n|-boost|p1a: Jaws|spe|1\n|\n|-heal|p1b: Lil Paul|41\/100|[from] item: Leftovers\n|upkeep\n|turn|5\n|inactive|xJPNH has 30 seconds left.\n|inactive|coatesy92 has 30 seconds left.\n|inactive|coatesy92 has 20 seconds left.\n|\n|t:|1682366463\n|move|p2a: Toedscool|Giga Drain|p1a: Jaws\n|-resisted|p1a: Jaws\n|-damage|p1a: Jaws|32\/100 par\n|-heal|p2a: Toedscool|100\/100|[from] drain|[of] p1a: Jaws\n|move|p1a: Jaws|Dragon Claw|p2a: Toedscool\n|-enditem|p2a: Toedscool|Focus Sash\n|-damage|p2a: Toedscool|5\/100\n|-damage|p1a: Jaws|23\/100 par|[from] item: Life Orb\n|move|p2b: Fuecoco|Snarl|p1b: Lil Paul|[spread] p1a,p1b\n|-supereffective|p1b: Lil Paul\n|-crit|p1b: Lil Paul\n|-damage|p1a: Jaws|5\/100 par\n|-damage|p1b: Lil Paul|4\/100\n|-unboost|p1a: Jaws|spa|1\n|-unboost|p1b: Lil Paul|spa|1\n|move|p1b: Lil Paul|Slack Off|p1b: Lil Paul\n|-heal|p1b: Lil Paul|56\/100\n|\n|-heal|p1b: Lil Paul|60\/100|[from] item: Leftovers\n|upkeep\n|turn|6\n|inactive|xJPNH has 30 seconds left.\n|inactive|coatesy92 has 30 seconds left.\n|inactive|xJPNH has 20 seconds left.\n|inactive|xJPNH has 15 seconds left.\n|\n|t:|1682366505\n|switch|p1b: Bergmite|Bergmite, L5, M|91\/100 slp\n|move|p2a: Toedscool|Giga Drain|p1b: Bergmite\n|-damage|p1b: Bergmite|46\/100 slp\n|-heal|p2a: Toedscool|30\/100|[from] drain|[of] p1b: Bergmite\n|move|p1a: Jaws|Dragon Claw|p2a: Toedscool\n|-damage|p2a: Toedscool|0 fnt\n|faint|p2a: Toedscool\n|-damage|p1a: Jaws|0 fnt|[from] item: Life Orb\n|faint|p1a: Jaws\n|move|p2b: Fuecoco|Snarl|p1b: Bergmite\n|-damage|p1b: Bergmite|23\/100 slp\n|-unboost|p1b: Bergmite|spa|1\n|\n|upkeep\n|\n|t:|1682366519\n|switch|p2a: Lechonk|Lechonk, L5, M|100\/100\n|switch|p1a: Lil Paul|Slowpoke, L5, F|93\/100\n|turn|7\n|\n|t:|1682366541\n|move|p2b: Fuecoco|Snarl|p1a: Lil Paul|[spread] p1a,p1b\n|-supereffective|p1a: Lil Paul\n|-damage|p1a: Lil Paul|71\/100\n|-damage|p1b: Bergmite|10\/100 slp\n|-unboost|p1a: Lil Paul|spa|1\n|-unboost|p1b: Bergmite|spa|1\n|move|p2a: Lechonk|Body Slam|p1a: Lil Paul\n|-damage|p1a: Lil Paul|12\/100\n|-status|p1a: Lil Paul|par\n|cant|p1b: Bergmite|slp\n|move|p1a: Lil Paul|Thunder Wave|p2b: Fuecoco\n|-status|p2b: Fuecoco|par\n|\n|-heal|p1a: Lil Paul|15\/100 par|[from] item: Leftovers\n|upkeep\n|turn|8\n|\n|t:|1682366558\n|move|p2a: Lechonk|Body Slam|p1a: Lil Paul\n|-damage|p1a: Lil Paul|0 fnt\n|faint|p1a: Lil Paul\n|cant|p1b: Bergmite|slp\n|move|p2b: Fuecoco|Snarl|p1b: Bergmite\n|-damage|p1b: Bergmite|0 fnt\n|faint|p1b: Bergmite\n|\n|win|coatesy92\n","uploadtime":1682366570,"views":14,"p1id":"xjpnh","p2id":"coatesy92","formatid":"gen9vgc2023regulationc","rating":0,"private":0,"password":""}