{"id":"gen9vgc2023regulationc-1845926591","p1":"Ruben1452","p2":"penny my beloved","format":"[Gen 9] VGC 2023 Regulation C","log":"|j|\u2606Ruben1452\n|j|\u2606penny my beloved\n|t:|1681780107\n|gametype|doubles\n|player|p1|Ruben1452|lucas|1187\n|player|p2|penny my beloved|penny|1223\n|teamsize|p1|6\n|teamsize|p2|6\n|gen|9\n|tier|[Gen 9] VGC 2023 Regulation C\n|rated|\n|rule|Species Clause: Limit one of each Pok\u00e9mon\n|rule|Item Clause: Limit one of each item\n|clearpoke\n|poke|p1|Arcanine, L50, F|\n|poke|p1|Amoonguss, L50, F|\n|poke|p1|Dragonite, L50, M|\n|poke|p1|Flutter Mane, L50|\n|poke|p1|Gastrodon-East, L50, M|\n|poke|p1|Iron Hands, L50|\n|poke|p2|Ceruledge, L50, M|\n|poke|p2|Gyarados, L50, M|\n|poke|p2|Amoonguss, L50, M|\n|poke|p2|Chien-Pao, L50|\n|poke|p2|Dragonite, L50, M|\n|poke|p2|Iron Hands, L50|\n|teampreview|4\n|inactive|Battle timer is ON: inactive players will automatically lose when time's up. (requested by penny my beloved)\n|inactive|Ruben1452 also wants the timer to be on.\nRuben1452 has agreed to open team sheets.\n|inactive|penny my beloved has 60 seconds left.\n|inactive|penny my beloved has 30 seconds left.\n|inactive|penny my beloved has 20 seconds left.\n|\n|t:|1681780182\n|start\n|switch|p1a: Arcanine|Arcanine, L50, F|100\/100\n|switch|p1b: Gastrodon|Gastrodon-East, L50, M|100\/100\n|switch|p2a: Ceruledge|Ceruledge, L50, M|100\/100\n|switch|p2b: Amoonguss|Amoonguss, L50, M|100\/100\n|-ability|p1a: Arcanine|Intimidate|boost\n|-fail|p2a: Ceruledge|unboost|[from] item: Clear Amulet|[of] p2a: Ceruledge\n|-unboost|p2b: Amoonguss|atk|1\n|turn|1\n|\n|t:|1681780202\n|-terastallize|p2a: Ceruledge|Grass\n|move|p1a: Arcanine|Flare Blitz|p2b: Amoonguss\n|-supereffective|p2b: Amoonguss\n|-damage|p2b: Amoonguss|27\/100\n|-status|p2b: Amoonguss|brn\n|-damage|p1a: Arcanine|84\/100|[from] item: Rocky Helmet|[of] p2b: Amoonguss\n|-damage|p1a: Arcanine|57\/100|[from] Recoil\n|move|p2a: Ceruledge|Bulk Up|p2a: Ceruledge\n|-boost|p2a: Ceruledge|atk|1\n|-boost|p2a: Ceruledge|def|1\n|move|p1b: Gastrodon|Earth Power|p2a: Ceruledge\n|-resisted|p2a: Ceruledge\n|-damage|p2a: Ceruledge|83\/100\n|move|p2b: Amoonguss|Spore|p1b: Gastrodon\n|-status|p1b: Gastrodon|slp|[from] move: Spore\n|\n|-damage|p2b: Amoonguss|21\/100 brn|[from] brn\n|upkeep\n|turn|2\n|inactive|Ruben1452 has 30 seconds left.\n|\n|t:|1681780229\n|switch|p2b: Iron Hands|Iron Hands, L50|100\/100\n|-terastallize|p1b: Gastrodon|Fire\n|move|p1a: Arcanine|Extreme Speed|p2b: Iron Hands\n|-damage|p2b: Iron Hands|87\/100\n|move|p2a: Ceruledge|Bulk Up|p2a: Ceruledge\n|-boost|p2a: Ceruledge|atk|1\n|-boost|p2a: Ceruledge|def|1\n|cant|p1b: Gastrodon|slp\n|\n|upkeep\n|turn|3\n|\n|t:|1681780249\n|move|p1a: Arcanine|Protect|p1a: Arcanine\n|-singleturn|p1a: Arcanine|Protect\n|move|p2b: Iron Hands|Fake Out|p1a: Arcanine\n|-activate|p1a: Arcanine|move: Protect\n|move|p2a: Ceruledge|Bulk Up|p2a: Ceruledge\n|-boost|p2a: Ceruledge|atk|1\n|-boost|p2a: Ceruledge|def|1\n|-curestatus|p1b: Gastrodon|slp|[msg]\n|move|p1b: Gastrodon|Ice Beam|p2a: Ceruledge\n|-supereffective|p2a: Ceruledge\n|-damage|p2a: Ceruledge|36\/100\n|\n|upkeep\n|turn|4\n|\n|t:|1681780273\n|move|p1b: Gastrodon|Protect|p1b: Gastrodon\n|-singleturn|p1b: Gastrodon|Protect\n|move|p1a: Arcanine|Will-O-Wisp|p2b: Iron Hands\n|-status|p2b: Iron Hands|brn\n|move|p2a: Ceruledge|Bitter Blade|p1b: Gastrodon\n|-activate|p1b: Gastrodon|move: Protect\n|move|p2b: Iron Hands|Wild Charge|p1b: Gastrodon\n|-activate|p1b: Gastrodon|move: Protect\n|\n|-damage|p2b: Iron Hands|81\/100 brn|[from] brn\n|upkeep\n|turn|5\n|\n|t:|1681780295\n|move|p1a: Arcanine|Extreme Speed|p2a: Ceruledge\n|-damage|p2a: Ceruledge|26\/100\n|move|p2a: Ceruledge|Bitter Blade|p1b: Gastrodon\n|-resisted|p1b: Gastrodon\n|-crit|p1b: Gastrodon\n|-damage|p1b: Gastrodon|20\/100\n|-heal|p2a: Ceruledge|72\/100|[from] drain|[of] p1b: Gastrodon\n|move|p2b: Iron Hands|Drain Punch|p1b: Gastrodon\n|-damage|p1b: Gastrodon|0 fnt\n|-heal|p2b: Iron Hands|90\/100 brn|[from] drain|[of] p1b: Gastrodon\n|faint|p1b: Gastrodon\n|\n|-damage|p2b: Iron Hands|84\/100 brn|[from] brn\n|upkeep\n|c|\u2606penny my beloved|lel\n|\n|t:|1681780309\n|switch|p1b: Flutter Mane|Flutter Mane, L50|100\/100\n|turn|6\n|\n|t:|1681780329\n|switch|p1a: Iron Hands|Iron Hands, L50|100\/100\n|move|p1b: Flutter Mane|Protect|p1b: Flutter Mane\n|-singleturn|p1b: Flutter Mane|Protect\n|move|p2a: Ceruledge|Shadow Sneak|p1b: Flutter Mane\n|-activate|p1b: Flutter Mane|move: Protect\n|move|p2b: Iron Hands|Wild Charge|p1b: Flutter Mane\n|-activate|p1b: Flutter Mane|move: Protect\n|\n|-damage|p2b: Iron Hands|78\/100 brn|[from] brn\n|upkeep\n|turn|7\n|\n|t:|1681780340\n|move|p2a: Ceruledge|Protect|p2a: Ceruledge\n|-singleturn|p2a: Ceruledge|Protect\n|move|p1a: Iron Hands|Fake Out|p2a: Ceruledge\n|-activate|p2a: Ceruledge|move: Protect\n|move|p1b: Flutter Mane|Shadow Ball|p2a: Ceruledge\n|-activate|p2a: Ceruledge|move: Protect\n|move|p2b: Iron Hands|Wild Charge|p1b: Flutter Mane\n|-damage|p1b: Flutter Mane|46\/100\n|-damage|p2b: Iron Hands|71\/100 brn|[from] Recoil\n|\n|-damage|p2b: Iron Hands|65\/100 brn|[from] brn\n|upkeep\n|turn|8\n|\n|t:|1681780361\n|-end|p1b: Flutter Mane|Protosynthesis|[silent]\n|switch|p1b: Arcanine|Arcanine, L50, F|57\/100\n|-ability|p1b: Arcanine|Intimidate|boost\n|-fail|p2a: Ceruledge|unboost|[from] item: Clear Amulet|[of] p2a: Ceruledge\n|-unboost|p2b: Iron Hands|atk|1\n|move|p2a: Ceruledge|Shadow Sneak|p1b: Arcanine\n|-damage|p1b: Arcanine|7\/100\n|move|p2b: Iron Hands|Volt Switch|p1a: Iron Hands\n|-resisted|p1a: Iron Hands\n|-damage|p1a: Iron Hands|97\/100\n|\n|t:|1681780370\n|-end|p2b: Iron Hands|Quark Drive|[silent]\n|switch|p2b: Amoonguss|Amoonguss, L50, M|54\/100 brn|[from] Volt Switch\n|move|p1a: Iron Hands|Drain Punch|p2b: Amoonguss\n|-resisted|p2b: Amoonguss\n|-damage|p2b: Amoonguss|35\/100 brn\n|-heal|p1a: Iron Hands|100\/100|[from] drain|[of] p2b: Amoonguss\n|-damage|p1a: Iron Hands|84\/100|[from] item: Rocky Helmet|[of] p2b: Amoonguss\n|\n|-damage|p2b: Amoonguss|29\/100 brn|[from] brn\n|upkeep\n|turn|9\n|-message|Ruben1452 forfeited.\n|\n|win|penny my beloved\n|raw|Ruben1452's rating: 1187 → 1165<\/strong> (-22 for losing)\n|raw|penny my beloved's rating: 1223 → 1245<\/strong> (+22 for winning)\n|l|\u2606Ruben1452\n","uploadtime":1681780393,"views":9,"p1id":"ruben1452","p2id":"pennymybeloved","formatid":"gen9vgc2023regulationc","rating":1165,"private":0,"password":""}