{"id":"gen9vgc2023regulationc-1850988634","p1":"They34","p2":"Draco Jack17","format":"[Gen 9] VGC 2023 Regulation C","log":"|j|\u2606They34\n|j|\u2606Draco Jack17\n|t:|1682390743\n|gametype|doubles\n|player|p1|They34|ruinmaniac|\n|player|p2|Draco Jack17|n|\n|teamsize|p1|6\n|teamsize|p2|6\n|gen|9\n|tier|[Gen 9] VGC 2023 Regulation C\n|rated|Tournament battle\n|rule|Species Clause: Limit one of each Pok\u00e9mon\n|rule|Item Clause: Limit one of each item\n|clearpoke\n|poke|p1|Iron Bundle, L50|\n|poke|p1|Dragonite, L50, F|\n|poke|p1|Bronzong, L50|\n|poke|p1|Flutter Mane, L50|\n|poke|p1|Amoonguss, L50, M|\n|poke|p1|Ting-Lu, L50|\n|poke|p2|Houndstone, L50, M|\n|poke|p2|Tyranitar, L50, F|\n|poke|p2|Palafin, L50, F|\n|poke|p2|Chien-Pao, L50|\n|poke|p2|Chi-Yu, L50|\n|poke|p2|Dragapult, L50, F|\n|teampreview|4\n|raw| Open Team Sheet for They34<\/summary>Iron Bundle @ Focus Sash Ability: Quark Drive Level: 50 Tera Type: Ghost - Taunt - Freeze-Dry - Hydro Pump - Protect Dragonite @ Lum Berry Ability: Multiscale Level: 50 Tera Type: Flying - Extreme Speed - Iron Head - Tera Blast - Protect Bronzong @ Leftovers Ability: Levitate Level: 50 Tera Type: Water - Iron Defense - Trick Room - Gyro Ball - Body Press Flutter Mane @ Life Orb Ability: Protosynthesis Level: 50 Tera Type: Fairy - Protect - Dazzling Gleam - Shadow Ball - Power Gem Amoonguss @ Sitrus Berry Ability: Regenerator Level: 50 Tera Type: Water - Rage Powder - Spore - Clear Smog - Pollen Puff Ting-Lu @ Choice Band Ability: Vessel of Ruin Level: 50 Tera Type: Dark - Earthquake - Stomping Tantrum - Heavy Slam - Stone Edge <\/details><\/div> Open Team Sheet for Draco Jack17<\/summary>Skellydoge (Houndstone) @ Sitrus Berry Ability: Sand Rush Level: 50 Tera Type: Grass - Last Respects - Will-O-Wisp - Scary Face - Howl Rawr XD (Tyranitar) @ Assault Vest Ability: Sand Stream Level: 50 Tera Type: Flying - Rock Slide - Assurance - Low Kick - Tera Blast All Might (Palafin) @ Safety Goggles Ability: Zero to Hero Level: 50 Tera Type: Water - Jet Punch - Wave Crash - Haze - Protect POW! (Chien-Pao) @ Life Orb Ability: Sword of Ruin Level: 50 Tera Type: Ghost - Icicle Crash - Sucker Punch - Sacred Sword - Protect Caillou (Chi-Yu) @ Leftovers Ability: Beads of Ruin Level: 50 Tera Type: Grass - Heat Wave - Tera Blast - Dark Pulse - Protect Gambino (Dragapult) @ Choice Band Ability: Clear Body Level: 50 Tera Type: Steel - Dragon Darts - Phantom Force - U-turn - Tera Blast <\/details><\/div>\n|inactive|Battle timer is ON: inactive players will automatically lose when time's up. (requested by They34)\n|\n|t:|1682390828\n|start\n|switch|p1a: Bronzong|Bronzong, L50|100\/100\n|switch|p1b: Amoonguss|Amoonguss, L50, M|100\/100\n|switch|p2a: Rawr XD|Tyranitar, L50, F|100\/100\n|switch|p2b: Skellydoge|Houndstone, L50, M|100\/100\n|-weather|Sandstorm|[from] ability: Sand Stream|[of] p2a: Rawr XD\n|turn|1\n|inactive|They34 has 30 seconds left.\n|\n|t:|1682390854\n|-terastallize|p2a: Rawr XD|Flying\n|-terastallize|p1a: Bronzong|Water\n|move|p2b: Skellydoge|Howl|p2b: Skellydoge|[spread] p2a,p2b\n|-boost|p2a: Rawr XD|atk|1\n|-boost|p2b: Skellydoge|atk|1\n|move|p2a: Rawr XD|Tera Blast|p1b: Amoonguss\n|-supereffective|p1b: Amoonguss\n|-damage|p1b: Amoonguss|10\/100\n|-enditem|p1b: Amoonguss|Sitrus Berry|[eat]\n|-heal|p1b: Amoonguss|35\/100|[from] item: Sitrus Berry\n|move|p1b: Amoonguss|Spore|p2b: Skellydoge\n|-status|p2b: Skellydoge|slp|[from] move: Spore\n|move|p1a: Bronzong|Trick Room|p1a: Bronzong\n|-fieldstart|move: Trick Room|[of] p1a: Bronzong\n|\n|-weather|Sandstorm|[upkeep]\n|-damage|p1b: Amoonguss|29\/100|[from] Sandstorm\n|-damage|p1a: Bronzong|95\/100|[from] Sandstorm\n|-damage|p2a: Rawr XD|95\/100|[from] Sandstorm\n|-heal|p1a: Bronzong|100\/100|[from] item: Leftovers\n|upkeep\n|turn|2\n|\n|t:|1682390879\n|switch|p2a: All Might|Palafin, L50, F|100\/100\n|move|p1b: Amoonguss|Spore|p2a: All Might\n|-activate|p2a: All Might|item: Safety Goggles|Spore\n|move|p1a: Bronzong|Iron Defense|p1a: Bronzong\n|-boost|p1a: Bronzong|def|2\n|cant|p2b: Skellydoge|slp\n|\n|-weather|Sandstorm|[upkeep]\n|-damage|p1b: Amoonguss|23\/100|[from] Sandstorm\n|-damage|p1a: Bronzong|95\/100|[from] Sandstorm\n|-heal|p1a: Bronzong|100\/100|[from] item: Leftovers\n|upkeep\n|turn|3\n|\n|t:|1682390903\n|switch|p1b: Ting-Lu|Ting-Lu, L50|100\/100\n|-ability|p1b: Ting-Lu|Vessel of Ruin\n|move|p1a: Bronzong|Gyro Ball|p2b: Skellydoge\n|-damage|p2b: Skellydoge|53\/100 slp\n|move|p2a: All Might|Haze|p2a: All Might\n|-clearallboost\n|-curestatus|p2b: Skellydoge|slp|[msg]\n|move|p2b: Skellydoge|Scary Face|p1b: Ting-Lu\n|-unboost|p1b: Ting-Lu|spe|2\n|\n|-weather|Sandstorm|[upkeep]\n|-damage|p1a: Bronzong|95\/100|[from] Sandstorm\n|-heal|p1a: Bronzong|100\/100|[from] item: Leftovers\n|upkeep\n|turn|4\n|inactive|They34 has 30 seconds left.\n|inactive|Draco Jack17 has 30 seconds left.\n|inactive|Draco Jack17 has 20 seconds left.\n|inactive|Draco Jack17 has 15 seconds left.\n|inactive|Draco Jack17 has 10 seconds left.\n|inactive|Draco Jack17 has 5 seconds left.\n|\n|t:|1682390956\n|move|p2a: All Might|Jet Punch|p1b: Ting-Lu\n|-supereffective|p1b: Ting-Lu\n|-damage|p1b: Ting-Lu|71\/100\n|move|p1b: Ting-Lu|Earthquake|p2b: Skellydoge|[spread] p2a,p2b\n|-immune|p1a: Bronzong|[from] ability: Levitate\n|-damage|p2a: All Might|42\/100\n|-damage|p2b: Skellydoge|0 fnt\n|faint|p2b: Skellydoge\n|move|p1a: Bronzong|Gyro Ball|p2a: All Might\n|-resisted|p2a: All Might\n|-damage|p2a: All Might|27\/100\n|\n|-weather|Sandstorm|[upkeep]\n|-damage|p1a: Bronzong|95\/100|[from] Sandstorm\n|-heal|p1a: Bronzong|100\/100|[from] item: Leftovers\n|upkeep\n|\n|t:|1682390966\n|switch|p2b: Rawr XD|Tyranitar, L50, F, tera:Flying|95\/100\n|turn|5\n|inactive|Draco Jack17 has 30 seconds left.\n|inactive|Draco Jack17 has 20 seconds left.\n|\n|t:|1682391001\n|move|p2a: All Might|Protect|p2a: All Might\n|-singleturn|p2a: All Might|Protect\n|move|p1b: Ting-Lu|Earthquake|p2a: All Might|[spread] \n|-activate|p2a: All Might|move: Protect\n|-immune|p1a: Bronzong|[from] ability: Levitate\n|-immune|p2b: Rawr XD\n|move|p1a: Bronzong|Iron Defense|p1a: Bronzong\n|-boost|p1a: Bronzong|def|2\n|move|p2b: Rawr XD|Low Kick|p1b: Ting-Lu\n|-supereffective|p1b: Ting-Lu\n|-damage|p1b: Ting-Lu|18\/100\n|\n|-weather|none\n|-fieldend|move: Trick Room\n|upkeep\n|turn|6\n|\n|t:|1682391023\n|detailschange|p2a: All Might|Palafin-Hero, L50, F\n|switch|p2a: Gambino|Dragapult, L50, F|100\/100\n|switch|p1b: Amoonguss|Amoonguss, L50, M|56\/100\n|move|p2b: Rawr XD|Tera Blast|p1b: Amoonguss\n|-supereffective|p1b: Amoonguss\n|-damage|p1b: Amoonguss|0 fnt\n|faint|p1b: Amoonguss\n|move|p1a: Bronzong|Trick Room|p1a: Bronzong\n|-fieldstart|move: Trick Room|[of] p1a: Bronzong\n|\n|upkeep\n|\n|t:|1682391035\n|switch|p1b: Ting-Lu|Ting-Lu, L50|18\/100\n|-ability|p1b: Ting-Lu|Vessel of Ruin\n|turn|7\n|\n|t:|1682391053\n|move|p1a: Bronzong|Gyro Ball|p2b: Rawr XD\n|-damage|p2b: Rawr XD|76\/100\n|move|p1b: Ting-Lu|Stone Edge|p2b: Rawr XD\n|-supereffective|p2b: Rawr XD\n|-damage|p2b: Rawr XD|3\/100\n|move|p2b: Rawr XD|Low Kick|p1b: Ting-Lu\n|-supereffective|p1b: Ting-Lu\n|-damage|p1b: Ting-Lu|0 fnt\n|faint|p1b: Ting-Lu\n|move|p2a: Gambino|Phantom Force||[still]\n|-prepare|p2a: Gambino|Phantom Force\n|\n|upkeep\n|\n|t:|1682391064\n|switch|p1b: Flutter Mane|Flutter Mane, L50|100\/100\n|turn|8\n|\n|t:|1682391084\n|switch|p2b: All Might|Palafin-Hero, L50, F|27\/100\n|-activate|p2b: All Might|ability: Zero to Hero\n|move|p1a: Bronzong|Gyro Ball|p2b: All Might\n|-resisted|p2b: All Might\n|-damage|p2b: All Might|14\/100\n|move|p1b: Flutter Mane|Dazzling Gleam|p2b: All Might|[spread] p2b\n|-miss|p1b: Flutter Mane|p2a: Gambino\n|-damage|p2b: All Might|0 fnt\n|faint|p2b: All Might\n|-damage|p1b: Flutter Mane|91\/100|[from] item: Life Orb\n|move|p2a: Gambino|Phantom Force|p1a: Bronzong|[from]lockedmove\n|-damage|p1a: Bronzong|69\/100\n|\n|-heal|p1a: Bronzong|75\/100|[from] item: Leftovers\n|upkeep\n|\n|t:|1682391091\n|switch|p2b: Rawr XD|Tyranitar, L50, F, tera:Flying|3\/100\n|-weather|Sandstorm|[from] ability: Sand Stream|[of] p2b: Rawr XD\n|turn|9\n|\n|t:|1682391114\n|move|p1a: Bronzong|Gyro Ball|p2b: Rawr XD\n|-damage|p2b: Rawr XD|0 fnt\n|faint|p2b: Rawr XD\n|move|p1b: Flutter Mane|Dazzling Gleam|p2a: Gambino\n|-supereffective|p2a: Gambino\n|-damage|p2a: Gambino|0 fnt\n|faint|p2a: Gambino\n|-damage|p1b: Flutter Mane|81\/100|[from] item: Life Orb\n|\n|win|They34\n|n|\u2606They34|they34\n|n|\u2606Draco Jack17|dracojack17\n|c|\u2606They34|Gg\n|l|\u2606Draco Jack17\n","uploadtime":1682391119,"views":11,"p1id":"they34","p2id":"dracojack17","formatid":"gen9vgc2023regulationc","rating":0,"private":0,"password":""}