{"id":"gen9vgc2023regulationc-1857006567","p1":"WillieDangerously","p2":"Auscar","format":"[Gen 9] VGC 2023 Regulation C","log":"|j|\u2606WillieDangerously\n|j|\u2606Auscar\n|t:|1683135966\n|gametype|doubles\n|player|p1|WillieDangerously|psychic-gen4|1180\n|player|p2|Auscar|nate|1127\n|teamsize|p1|6\n|teamsize|p2|6\n|gen|9\n|tier|[Gen 9] VGC 2023 Regulation C\n|rated|\n|rule|Species Clause: Limit one of each Pok\u00e9mon\n|rule|Item Clause: Limit one of each item\n|clearpoke\n|poke|p1|Chien-Pao, L50|\n|poke|p1|Amoonguss, L50, M|\n|poke|p1|Palafin, L50, M|\n|poke|p1|Dragapult, L50, M|\n|poke|p1|Scream Tail, L50|\n|poke|p1|Arcanine, L50, M|\n|poke|p2|Flutter Mane, L50|\n|poke|p2|Vivillon, L50, F|\n|poke|p2|Wo-Chien, L50|\n|poke|p2|Corviknight, L50, M|\n|poke|p2|Dondozo, L50, M|\n|poke|p2|Tatsugiri, L50, F|\n|teampreview|4\n|\n|t:|1683136022\n|start\n|switch|p1a: Arcanine|Arcanine, L50, M|100\/100\n|switch|p1b: Chien-Pao|Chien-Pao, L50|100\/100\n|switch|p2a: Dondozo|Dondozo, L50, M|100\/100\n|switch|p2b: Tatsugiri|Tatsugiri, L50, F|100\/100\n|-activate|p2b: Tatsugiri|ability: Commander|[of] p2a: Dondozo\n|-boost|p2a: Dondozo|atk|2\n|-boost|p2a: Dondozo|spa|2\n|-boost|p2a: Dondozo|spe|2\n|-boost|p2a: Dondozo|def|2\n|-boost|p2a: Dondozo|spd|2\n|-enditem|p1a: Arcanine|Mirror Herb\n|-boost|p1a: Arcanine|atk|2|[from] item: Mirror Herb\n|-boost|p1a: Arcanine|spa|2|[from] item: Mirror Herb\n|-boost|p1a: Arcanine|spe|2|[from] item: Mirror Herb\n|-boost|p1a: Arcanine|def|2|[from] item: Mirror Herb\n|-boost|p1a: Arcanine|spd|2|[from] item: Mirror Herb\n|-ability|p1b: Chien-Pao|Sword of Ruin\n|-ability|p1a: Arcanine|Intimidate|boost\n|-unboost|p2a: Dondozo|atk|1\n|-unboost|p2b: Tatsugiri|atk|1\n|turn|1\n|\n|t:|1683136067\n|switch|p1b: Dragapult|Dragapult, L50, M|100\/100\n|move|p1a: Arcanine|Protect|p1a: Arcanine\n|-singleturn|p1a: Arcanine|Protect\n|move|p2a: Dondozo|Earthquake|p1a: Arcanine|[spread] p1b\n|-miss|p2a: Dondozo|p2b: Tatsugiri\n|-activate|p1a: Arcanine|move: Protect\n|-damage|p1b: Dragapult|41\/100\n|-damage|p2a: Dondozo|91\/100|[from] item: Life Orb\n|\n|upkeep\n|turn|2\n|\n|t:|1683136086\n|-terastallize|p1a: Arcanine|Normal\n|move|p1a: Arcanine|Extreme Speed|p2a: Dondozo\n|-damage|p2a: Dondozo|80\/100\n|move|p1b: Dragapult|Will-O-Wisp|p2a: Dondozo\n|-status|p2a: Dondozo|brn\n|move|p2a: Dondozo|Earthquake|p1b: Dragapult|[spread] p1a,p1b\n|-miss|p2a: Dondozo|p2b: Tatsugiri\n|-damage|p1a: Arcanine|74\/100\n|-damage|p1b: Dragapult|11\/100\n|-damage|p2a: Dondozo|71\/100 brn|[from] item: Life Orb\n|\n|-damage|p2a: Dondozo|64\/100 brn|[from] brn\n|upkeep\n|turn|3\n|\n|t:|1683136124\n|move|p1a: Arcanine|Protect|p1a: Arcanine\n|-singleturn|p1a: Arcanine|Protect\n|move|p1b: Dragapult|Protect|p1b: Dragapult\n|-singleturn|p1b: Dragapult|Protect\n|move|p2a: Dondozo|Earthquake|p1a: Arcanine|[spread] \n|-miss|p2a: Dondozo|p2b: Tatsugiri\n|-activate|p1a: Arcanine|move: Protect\n|-activate|p1b: Dragapult|move: Protect\n|\n|-damage|p2a: Dondozo|58\/100 brn|[from] brn\n|upkeep\n|turn|4\n|\n|t:|1683136145\n|switch|p1b: Scream Tail|Scream Tail, L50|100\/100\n|-enditem|p1b: Scream Tail|Booster Energy\n|-activate|p1b: Scream Tail|ability: Protosynthesis|[fromitem]\n|-start|p1b: Scream Tail|protosynthesisspe\n|move|p1a: Arcanine|Iron Head|p2a: Dondozo\n|-resisted|p2a: Dondozo\n|-damage|p2a: Dondozo|54\/100 brn\n|move|p2a: Dondozo|Wave Crash|p1a: Arcanine\n|-damage|p1a: Arcanine|11\/100\n|-damage|p2a: Dondozo|40\/100 brn|[from] Recoil\n|-damage|p2a: Dondozo|30\/100 brn|[from] item: Life Orb\n|\n|-damage|p2a: Dondozo|24\/100 brn|[from] brn\n|upkeep\n|turn|5\n|\n|t:|1683136167\n|move|p1a: Arcanine|Protect|p1a: Arcanine\n|-singleturn|p1a: Arcanine|Protect\n|move|p1b: Scream Tail|Howl|p1b: Scream Tail|[spread] p1a,p1b\n|-boost|p1a: Arcanine|atk|1\n|-boost|p1b: Scream Tail|atk|1\n|move|p2a: Dondozo|Earthquake|p1b: Scream Tail|[spread] p1b\n|-miss|p2a: Dondozo|p2b: Tatsugiri\n|-activate|p1a: Arcanine|move: Protect\n|-damage|p1b: Scream Tail|83\/100\n|-damage|p2a: Dondozo|14\/100 brn|[from] item: Life Orb\n|\n|-damage|p2a: Dondozo|8\/100 brn|[from] brn\n|upkeep\n|turn|6\n|\n|t:|1683136187\n|move|p1a: Arcanine|Extreme Speed|p2a: Dondozo\n|-damage|p2a: Dondozo|0 fnt\n|faint|p2a: Dondozo\n|move|p1b: Scream Tail|Howl|p1b: Scream Tail|[spread] p1a,p1b\n|-boost|p1a: Arcanine|atk|1\n|-boost|p1b: Scream Tail|atk|1\n|\n|upkeep\n|\n|t:|1683136205\n|switch|p2a: Wo-Chien|Wo-Chien, L50|100\/100\n|-ability|p2a: Wo-Chien|Tablets of Ruin\n|turn|7\n|\n|t:|1683136222\n|move|p1a: Arcanine|Protect|p1a: Arcanine\n|-singleturn|p1a: Arcanine|Protect\n|move|p2a: Wo-Chien|Protect|p2a: Wo-Chien\n|-singleturn|p2a: Wo-Chien|Protect\n|move|p1b: Scream Tail|Play Rough|p2b: Tatsugiri\n|-supereffective|p2b: Tatsugiri\n|-damage|p2b: Tatsugiri|0 fnt\n|-damage|p1b: Scream Tail|67\/100|[from] item: Rocky Helmet|[of] p2b: Tatsugiri\n|faint|p2b: Tatsugiri\n|\n|upkeep\n|\n|t:|1683136235\n|switch|p2b: Flutter Mane|Flutter Mane, L50|100\/100\n|turn|8\n|\n|t:|1683136258\n|-terastallize|p2a: Wo-Chien|Water\n|move|p1a: Arcanine|Extreme Speed|p2a: Wo-Chien\n|-damage|p2a: Wo-Chien|50\/100\n|move|p1b: Scream Tail|Thunder Wave|p2b: Flutter Mane\n|-status|p2b: Flutter Mane|par\n|move|p2a: Wo-Chien|Foul Play|p1b: Scream Tail\n|-damage|p1b: Scream Tail|33\/100\n|move|p2b: Flutter Mane|Dazzling Gleam|p1a: Arcanine|[spread] p1a,p1b\n|-damage|p1a: Arcanine|0 fnt\n|-damage|p1b: Scream Tail|14\/100\n|faint|p1a: Arcanine\n|\n|-heal|p2a: Wo-Chien|57\/100|[from] item: Leftovers\n|upkeep\n|\n|t:|1683136280\n|switch|p1a: Chien-Pao|Chien-Pao, L50|100\/100\n|-ability|p1a: Chien-Pao|Sword of Ruin\n|turn|9\n|\n|t:|1683136292\n|move|p1a: Chien-Pao|Protect|p1a: Chien-Pao\n|-singleturn|p1a: Chien-Pao|Protect\n|move|p1b: Scream Tail|Howl|p1b: Scream Tail|[spread] p1a,p1b\n|-boost|p1a: Chien-Pao|atk|1\n|-boost|p1b: Scream Tail|atk|1\n|move|p2a: Wo-Chien|Leech Seed|p1a: Chien-Pao\n|-activate|p1a: Chien-Pao|move: Protect\n|move|p2b: Flutter Mane|Dazzling Gleam|p1b: Scream Tail|[spread] p1b\n|-activate|p1a: Chien-Pao|move: Protect\n|-damage|p1b: Scream Tail|0 fnt\n|faint|p1b: Scream Tail\n|-end|p1b: Scream Tail|Protosynthesis|[silent]\n|\n|-heal|p2a: Wo-Chien|63\/100|[from] item: Leftovers\n|upkeep\n|\n|t:|1683136303\n|switch|p1b: Dragapult|Dragapult, L50, M|11\/100\n|turn|10\n|\n|t:|1683136325\n|move|p1b: Dragapult|Will-O-Wisp|p2a: Wo-Chien\n|-status|p2a: Wo-Chien|brn\n|move|p1a: Chien-Pao|Crunch|p2b: Flutter Mane\n|-damage|p2b: Flutter Mane|31\/100 par\n|-unboost|p2b: Flutter Mane|def|1\n|move|p2a: Wo-Chien|Leech Seed|p1a: Chien-Pao|[miss]\n|-miss|p2a: Wo-Chien|p1a: Chien-Pao\n|move|p2b: Flutter Mane|Dazzling Gleam|p1a: Chien-Pao|[spread] p1a,p1b\n|-supereffective|p1a: Chien-Pao\n|-supereffective|p1b: Dragapult\n|-damage|p1a: Chien-Pao|6\/100\n|-damage|p1b: Dragapult|0 fnt\n|faint|p1b: Dragapult\n|\n|-heal|p2a: Wo-Chien|69\/100 brn|[from] item: Leftovers\n|-damage|p2a: Wo-Chien|63\/100 brn|[from] brn\n|upkeep\n|turn|11\n|\n|t:|1683136351\n|move|p1a: Chien-Pao|Protect|p1a: Chien-Pao\n|-singleturn|p1a: Chien-Pao|Protect\n|move|p2a: Wo-Chien|Pollen Puff|p1a: Chien-Pao\n|-activate|p1a: Chien-Pao|move: Protect\n|cant|p2b: Flutter Mane|par\n|\n|-heal|p2a: Wo-Chien|69\/100 brn|[from] item: Leftovers\n|-damage|p2a: Wo-Chien|63\/100 brn|[from] brn\n|upkeep\n|turn|12\n|\n|t:|1683136370\n|move|p1a: Chien-Pao|Crunch|p2b: Flutter Mane\n|-damage|p2b: Flutter Mane|0 fnt\n|faint|p2b: Flutter Mane\n|-end|p2b: Flutter Mane|Protosynthesis|[silent]\n|move|p2a: Wo-Chien|Pollen Puff|p1a: Chien-Pao\n|-supereffective|p1a: Chien-Pao\n|-damage|p1a: Chien-Pao|0 fnt\n|faint|p1a: Chien-Pao\n|\n|win|Auscar\n|raw|WillieDangerously's rating: 1180 → 1151<\/strong> (-29 for losing)\n|raw|Auscar's rating: 1127 → 1156<\/strong> (+29 for winning)\n|l|\u2606WillieDangerously\n","uploadtime":1683136379,"views":15,"p1id":"williedangerously","p2id":"auscar","formatid":"gen9vgc2023regulationc","rating":1151,"private":0,"password":""}