{"id":"gen9vgc2023regulationc-1850407703","p1":"Big Piss","p2":"lamp1234567","format":"[Gen 9] VGC 2023 Regulation C","log":"|j|\u2606Big Piss\n|j|\u2606lamp1234567\n|t:|1682332343\n|gametype|doubles\n|player|p1|Big Piss|preschooler|1294\n|player|p2|lamp1234567|266|1204\n|teamsize|p1|6\n|teamsize|p2|5\n|gen|9\n|tier|[Gen 9] VGC 2023 Regulation C\n|rated|\n|rule|Species Clause: Limit one of each Pok\u00e9mon\n|rule|Item Clause: Limit one of each item\n|clearpoke\n|poke|p1|Great Tusk, L50|\n|poke|p1|Talonflame, L50, M|\n|poke|p1|Iron Bundle, L50|\n|poke|p1|Breloom, L50, M|\n|poke|p1|Flutter Mane, L50|\n|poke|p1|Farigiraf, L50, M|\n|poke|p2|Indeedee-F, L50, F|\n|poke|p2|Flapple, L50, F|\n|poke|p2|Sandy Shocks, L50|\n|poke|p2|Talonflame, L50, M|\n|poke|p2|Gothitelle, L50, F|\n|teampreview|4\n|inactive|Battle timer is ON: inactive players will automatically lose when time's up. (requested by Big Piss)\nBig Piss has agreed to open team sheets.\n|\n|t:|1682332357\n|start\n|switch|p1a: Farigiraf|Farigiraf, L50, M|100\/100\n|switch|p1b: Flutter Mane|Flutter Mane, L50|100\/100\n|switch|p2a: Talonflame|Talonflame, L50, M|100\/100\n|switch|p2b: Sandy Shocks|Sandy Shocks, L50|100\/100\n|-enditem|p2b: Sandy Shocks|Booster Energy\n|-activate|p2b: Sandy Shocks|ability: Protosynthesis|[fromitem]\n|-start|p2b: Sandy Shocks|protosynthesisspe\n|turn|1\n|\n|t:|1682332378\n|move|p2a: Talonflame|Tailwind|p2a: Talonflame\n|-sidestart|p2: lamp1234567|move: Tailwind\n|move|p2b: Sandy Shocks|Gravity|p2b: Sandy Shocks\n|-fieldstart|move: Gravity\n|move|p1b: Flutter Mane|Shadow Ball|p2a: Talonflame\n|-damage|p2a: Talonflame|11\/100\n|move|p1a: Farigiraf|Hyper Voice|p2b: Sandy Shocks|[spread] p2a,p2b\n|-damage|p2a: Talonflame|0 fnt\n|-damage|p2b: Sandy Shocks|55\/100\n|faint|p2a: Talonflame\n|-enditem|p1a: Farigiraf|Throat Spray\n|-boost|p1a: Farigiraf|spa|1|[from] item: Throat Spray\n|\n|upkeep\n|\n|t:|1682332388\n|switch|p2a: Flapple|Flapple, L50, F|100\/100\n|turn|2\n|\n|t:|1682332405\n|-end|p1b: Flutter Mane|Protosynthesis|[silent]\n|switch|p1b: Iron Bundle|Iron Bundle, L50|100\/100\n|-terastallize|p2a: Flapple|Grass\n|move|p2b: Sandy Shocks|Zap Cannon|p1b: Iron Bundle\n|-supereffective|p1b: Iron Bundle\n|-enditem|p1b: Iron Bundle|Focus Sash\n|-damage|p1b: Iron Bundle|1\/100\n|-status|p1b: Iron Bundle|par\n|move|p2a: Flapple|Grav Apple|p1a: Farigiraf\n|-damage|p1a: Farigiraf|0 fnt\n|faint|p1a: Farigiraf\n|\n|upkeep\n|\n|t:|1682332422\n|switch|p1a: Breloom|Breloom, L50, M, shiny|100\/100\n|turn|3\n|\n|t:|1682332438\n|move|p2b: Sandy Shocks|Reflect|p2b: Sandy Shocks\n|-sidestart|p2: lamp1234567|Reflect\n|move|p2a: Flapple|Grav Apple|p1b: Iron Bundle\n|-supereffective|p1b: Iron Bundle\n|-damage|p1b: Iron Bundle|0 fnt\n|faint|p1b: Iron Bundle\n|-end|p1b: Iron Bundle|Quark Drive|[silent]\n|move|p1a: Breloom|Bullet Seed|p2b: Sandy Shocks\n|-supereffective|p2b: Sandy Shocks\n|-damage|p2b: Sandy Shocks|26\/100\n|-supereffective|p2b: Sandy Shocks\n|-damage|p2b: Sandy Shocks|0 fnt\n|faint|p2b: Sandy Shocks\n|-end|p2b: Sandy Shocks|Protosynthesis|[silent]\n|-hitcount|p2: Sandy Shocks|2\n|\n|upkeep\n|\n|t:|1682332449\n|switch|p1b: Flutter Mane|Flutter Mane, L50|100\/100\n|switch|p2b: Indeedee|Indeedee-F, L50, F|100\/100\n|-fieldstart|move: Psychic Terrain|[from] ability: Psychic Surge|[of] p2b: Indeedee\n|turn|4\n|\n|t:|1682332468\n|-terastallize|p1b: Flutter Mane|Fairy\n|move|p2b: Indeedee|Follow Me|p2b: Indeedee\n|-singleturn|p2b: Indeedee|move: Follow Me\n|move|p2a: Flapple|Grav Apple|p1b: Flutter Mane\n|-damage|p1b: Flutter Mane|0 fnt\n|faint|p1b: Flutter Mane\n|-end|p1b: Flutter Mane|Protosynthesis|[silent]\n|move|p1a: Breloom|Bullet Seed|p2b: Indeedee\n|-damage|p2b: Indeedee|86\/100\n|-damage|p2b: Indeedee|72\/100\n|-crit|p2b: Indeedee\n|-damage|p2b: Indeedee|43\/100\n|-enditem|p2b: Indeedee|Sitrus Berry|[eat]\n|-heal|p2b: Indeedee|68\/100|[from] item: Sitrus Berry\n|-damage|p2b: Indeedee|54\/100\n|-damage|p2b: Indeedee|40\/100\n|-hitcount|p2b: Indeedee|5\n|\n|-sideend|p2: lamp1234567|move: Tailwind\n|upkeep\n|turn|5\n|\n|t:|1682332482\n|move|p2a: Flapple|Grav Apple|p1a: Breloom\n|-resisted|p1a: Breloom\n|-damage|p1a: Breloom|7\/100\n|-unboost|p1a: Breloom|def|1\n|move|p1a: Breloom|Bullet Seed|p2b: Indeedee\n|-damage|p2b: Indeedee|26\/100\n|-damage|p2b: Indeedee|13\/100\n|-damage|p2b: Indeedee|0 fnt\n|faint|p2b: Indeedee\n|-hitcount|p2: Indeedee|3\n|\n|-fieldend|move: Gravity\n|upkeep\n|turn|6\n|-message|Big Piss forfeited.\n|\n|win|lamp1234567\n|raw|Big Piss's rating: 1275 → 1245<\/strong> (-30 for losing)\n|raw|lamp1234567's rating: 1204 → 1234<\/strong> (+30 for winning)\n|l|\u2606Big Piss\n","uploadtime":1682332503,"views":22,"p1id":"bigpiss","p2id":"lamp1234567","formatid":"gen9vgc2023regulationc","rating":1234,"private":0,"password":""}