{"id":"gen9vgc2023regulationc-1858583670","p1":"Hazuri","p2":"Aigashu-15","format":"[Gen 9] VGC 2023 Regulation C","log":"|j|\u2606Hazuri\n|j|\u2606Aigashu-15\n|t:|1683328384\n|gametype|doubles\n|player|p1|Hazuri|102|1060\n|player|p2|Aigashu-15|169|1040\n|teamsize|p1|6\n|teamsize|p2|6\n|gen|9\n|tier|[Gen 9] VGC 2023 Regulation C\n|rated|\n|rule|Species Clause: Limit one of each Pok\u00e9mon\n|rule|Item Clause: Limit one of each item\n|clearpoke\n|poke|p1|Scizor, L50, M|\n|poke|p1|Flutter Mane, L50|\n|poke|p1|Gyarados, L50, F|\n|poke|p1|Brute Bonnet, L50|\n|poke|p1|Ting-Lu, L50|\n|poke|p1|Dragonite, L50, M|\n|poke|p2|Arboliva, L50, M|\n|poke|p2|Iron Hands, L50|\n|poke|p2|Farigiraf, L50, F|\n|poke|p2|Slowking, L50, M|\n|poke|p2|Tinkaton, L50, F|\n|poke|p2|Skeledirge, L50, M|\n|teampreview|4\nAigashu-15 has agreed to open team sheets.\nHazuri has agreed to open team sheets.\n|\n|t:|1683328447\n|start\n|switch|p1a: Brute Bonnet|Brute Bonnet, L50|100\/100\n|switch|p1b: Ting-Lu|Ting-Lu, L50|100\/100\n|switch|p2a: Agamenon|Farigiraf, L50, F|100\/100\n|switch|p2b: Majar\u00e9|Arboliva, L50, M, shiny|100\/100\n|-ability|p1b: Ting-Lu|Vessel of Ruin\n|-enditem|p1a: Brute Bonnet|Booster Energy\n|-activate|p1a: Brute Bonnet|ability: Protosynthesis|[fromitem]\n|-start|p1a: Brute Bonnet|protosynthesisatk\n|turn|1\n|\n|t:|1683328490\n|-terastallize|p2a: Agamenon|Fairy\n|move|p1a: Brute Bonnet|Spore|p2a: Agamenon\n|-activate|p2a: Agamenon|item: Safety Goggles|Spore\n|move|p1b: Ting-Lu|Ruination|p2b: Majar\u00e9\n|-damage|p2b: Majar\u00e9|51\/100\n|-fieldstart|move: Grassy Terrain|[from] ability: Seed Sower|[of] p2b: Majar\u00e9\n|move|p2b: Majar\u00e9|Hyper Voice|p1a: Brute Bonnet|[spread] p1a,p1b\n|-crit|p1a: Brute Bonnet\n|-damage|p1a: Brute Bonnet|65\/100\n|-damage|p1b: Ting-Lu|89\/100\n|-enditem|p2b: Majar\u00e9|Throat Spray\n|-boost|p2b: Majar\u00e9|spa|1|[from] item: Throat Spray\n|move|p2a: Agamenon|Trick Room|p2a: Agamenon\n|-fieldstart|move: Trick Room|[of] p2a: Agamenon\n|\n|-heal|p2b: Majar\u00e9|57\/100|[from] Grassy Terrain\n|-heal|p1b: Ting-Lu|95\/100|[from] Grassy Terrain\n|-heal|p1a: Brute Bonnet|71\/100|[from] Grassy Terrain\n|upkeep\n|turn|2\n|\n|t:|1683328542\n|move|p1a: Brute Bonnet|Rage Powder|p1a: Brute Bonnet\n|-singleturn|p1a: Brute Bonnet|move: Rage Powder\n|move|p2a: Agamenon|Dazzling Gleam|p1a: Brute Bonnet|[spread] p1a,p1b\n|-supereffective|p1a: Brute Bonnet\n|-supereffective|p1b: Ting-Lu\n|-damage|p1a: Brute Bonnet|32\/100\n|-damage|p1b: Ting-Lu|78\/100\n|move|p2b: Majar\u00e9|Terrain Pulse|p1b: Ting-Lu\n|-supereffective|p1b: Ting-Lu\n|-damage|p1b: Ting-Lu|10\/100\n|move|p1b: Ting-Lu|Body Press|p2b: Majar\u00e9\n|-supereffective|p2b: Majar\u00e9\n|-damage|p2b: Majar\u00e9|2\/100\n|\n|-heal|p2b: Majar\u00e9|8\/100|[from] Grassy Terrain\n|-heal|p1b: Ting-Lu|16\/100|[from] Grassy Terrain\n|-heal|p1a: Brute Bonnet|38\/100|[from] Grassy Terrain\n|upkeep\n|turn|3\n|\n|t:|1683328571\n|move|p1a: Brute Bonnet|Sucker Punch||[still]\n|cant|p2a: Agamenon|ability: Armor Tail|Sucker Punch|[of] p1a: Brute Bonnet\n|move|p2a: Agamenon|Dazzling Gleam|p1a: Brute Bonnet|[spread] p1a,p1b\n|-supereffective|p1a: Brute Bonnet\n|-supereffective|p1b: Ting-Lu\n|-damage|p1a: Brute Bonnet|0 fnt\n|-damage|p1b: Ting-Lu|0 fnt\n|faint|p1a: Brute Bonnet\n|-end|p1a: Brute Bonnet|Protosynthesis|[silent]\n|faint|p1b: Ting-Lu\n|move|p2b: Majar\u00e9|Strength Sap|p1: Brute Bonnet|[notarget]\n|-fail|p2b: Majar\u00e9\n|\n|-heal|p2b: Majar\u00e9|14\/100|[from] Grassy Terrain\n|upkeep\n|\n|t:|1683328583\n|switch|p1b: Flutter Mane|Flutter Mane, L50|100\/100\n|switch|p1a: Scizor|Scizor, L50, M|100\/100\n|turn|4\n|\n|t:|1683328601\n|move|p1a: Scizor|Bullet Punch||[still]\n|cant|p2a: Agamenon|ability: Armor Tail|Bullet Punch|[of] p1a: Scizor\n|move|p2a: Agamenon|Psychic|p1a: Scizor\n|-resisted|p1a: Scizor\n|-damage|p1a: Scizor|69\/100\n|move|p2b: Majar\u00e9|Terrain Pulse|p1b: Flutter Mane\n|-damage|p1b: Flutter Mane|0 fnt\n|faint|p1b: Flutter Mane\n|-end|p1b: Flutter Mane|Protosynthesis|[silent]\n|\n|-heal|p2b: Majar\u00e9|20\/100|[from] Grassy Terrain\n|-heal|p1a: Scizor|76\/100|[from] Grassy Terrain\n|upkeep\n|turn|5\n|-message|Hazuri forfeited.\n|\n|win|Aigashu-15\n|raw|Hazuri's rating: 1060 → 1040<\/strong> (-20 for losing)\n|raw|Aigashu-15's rating: 1040 → 1076<\/strong> (+36 for winning)\n|l|\u2606Hazuri\n|c|\u2606Aigashu-15|GG\n","uploadtime":1683328628,"views":4,"p1id":"hazuri","p2id":"aigashu15","formatid":"gen9vgc2023regulationc","rating":1040,"private":0,"password":""}