{"id":"gen9vgc2023regulationc-1846017135","p1":"mozey24","p2":"Ryce25","format":"[Gen 9] VGC 2023 Regulation C","log":"|j|\u2606mozey24\n|j|\u2606Ryce25\n|t:|1681792036\n|gametype|doubles\n|player|p1|mozey24|169|1321\n|player|p2|Ryce25|dancer|1227\n|teamsize|p1|6\n|teamsize|p2|6\n|gen|9\n|tier|[Gen 9] VGC 2023 Regulation C\n|rated|\n|rule|Species Clause: Limit one of each Pok\u00e9mon\n|rule|Item Clause: Limit one of each item\n|clearpoke\n|poke|p1|Gothitelle, L50, F|\n|poke|p1|Chi-Yu, L50|\n|poke|p1|Sandy Shocks, L50|\n|poke|p1|Dondozo, L50, F|\n|poke|p1|Dachsbun, L50, M|\n|poke|p1|Iron Valiant, L50|\n|poke|p2|Flutter Mane, L50|\n|poke|p2|Scizor, L50, M|\n|poke|p2|Garchomp, L50, F|\n|poke|p2|Sawsbuck-Winter, L50, F|\n|poke|p2|Chien-Pao, L50|\n|poke|p2|Murkrow, L50, F|\n|teampreview|4\n|inactive|Battle timer is ON: inactive players will automatically lose when time's up. (requested by mozey24)\n|\n|t:|1681792094\n|start\n|switch|p1a: Gothitelle|Gothitelle, L50, F|100\/100\n|switch|p1b: Chi-Yu|Chi-Yu, L50|100\/100\n|switch|p2a: Garchomp|Garchomp, L50, F|100\/100\n|switch|p2b: Murkrow|Murkrow, L50, F|100\/100\n|-ability|p1b: Chi-Yu|Beads of Ruin\n|turn|1\n|inactive|mozey24 has 30 seconds left.\n|inactive|mozey24 has 20 seconds left.\n|inactive|mozey24 has 15 seconds left.\n|inactive|mozey24 has 10 seconds left.\n|\n|t:|1681792141\n|move|p1a: Gothitelle|Fake Out|p2a: Garchomp\n|-damage|p2a: Garchomp|95\/100\n|-damage|p1a: Gothitelle|88\/100|[from] ability: Rough Skin|[of] p2a: Garchomp\n|move|p2b: Murkrow|Tailwind|p2b: Murkrow\n|-sidestart|p2: Ryce25|move: Tailwind\n|cant|p2a: Garchomp|flinch\n|move|p1b: Chi-Yu|Dark Pulse|p2a: Garchomp\n|-damage|p2a: Garchomp|27\/100\n|\n|upkeep\n|turn|2\n|inactive|mozey24 has 30 seconds left.\n|inactive|Ryce25 has 30 seconds left.\n|inactive|Ryce25 has 20 seconds left.\n|\n|t:|1681792180\n|switch|p1b: Dachsbun|Dachsbun, L50, M|100\/100\n|-terastallize|p2a: Garchomp|Ground\n|move|p2b: Murkrow|Thunder Wave|p1a: Gothitelle\n|-status|p1a: Gothitelle|par\n|move|p2a: Garchomp|Earthquake|p1b: Dachsbun|[spread] p1a,p1b\n|-immune|p2b: Murkrow\n|-damage|p1a: Gothitelle|19\/100 par\n|-damage|p1b: Dachsbun|46\/100\n|-enditem|p1a: Gothitelle|Sitrus Berry|[eat]\n|-heal|p1a: Gothitelle|44\/100 par|[from] item: Sitrus Berry\n|move|p1a: Gothitelle|Psychic Terrain|p1a: Gothitelle\n|-fieldstart|move: Psychic Terrain\n|\n|-heal|p1b: Dachsbun|52\/100|[from] item: Leftovers\n|upkeep\n|turn|3\n|inactive|mozey24 has 30 seconds left.\n|inactive|Ryce25 has 30 seconds left.\n|inactive|Ryce25 has 20 seconds left.\n|inactive|Ryce25 has 15 seconds left.\n|\n|t:|1681792221\n|move|p2a: Garchomp|Earthquake|p1b: Dachsbun|[spread] p1a,p1b\n|-immune|p2b: Murkrow\n|-damage|p1a: Gothitelle|0 fnt\n|-damage|p1b: Dachsbun|0 fnt\n|faint|p1a: Gothitelle\n|faint|p1b: Dachsbun\n|move|p2b: Murkrow|Foul Play|p1: Gothitelle|[notarget]\n|-fail|p2b: Murkrow\n|\n|upkeep\n|\n|t:|1681792230\n|switch|p1b: Chi-Yu|Chi-Yu, L50|100\/100\n|switch|p1a: Dondozo|Dondozo, L50, F|100\/100\n|-ability|p1b: Chi-Yu|Beads of Ruin\n|turn|4\n|inactive|mozey24 has 30 seconds left.\n|\n|t:|1681792256\n|-terastallize|p1b: Chi-Yu|Ghost\n|move|p2b: Murkrow|Thunder Wave|p1a: Dondozo\n|-activate|p1a: Dondozo|move: Psychic Terrain\n|move|p2a: Garchomp|Earthquake|p1b: Chi-Yu|[spread] p1a,p1b\n|-immune|p2b: Murkrow\n|-damage|p1a: Dondozo|48\/100\n|-damage|p1b: Chi-Yu|0 fnt\n|faint|p1b: Chi-Yu\n|move|p1a: Dondozo|Body Press|p2b: Murkrow\n|-damage|p2b: Murkrow|57\/100\n|\n|-sideend|p2: Ryce25|move: Tailwind\n|upkeep\n|turn|5\n|inactive|mozey24 has 30 seconds left.\n|inactive|mozey24 has 20 seconds left.\n|\n|t:|1681792292\n|move|p2a: Garchomp|Earthquake|p1a: Dondozo|[spread] p1a\n|-immune|p2b: Murkrow\n|-damage|p1a: Dondozo|0 fnt\n|faint|p1a: Dondozo\n|\n|win|Ryce25\n|raw|mozey24's rating: 1321 → 1296<\/strong> (-25 for losing)\n|raw|Ryce25's rating: 1227 → 1259<\/strong> (+32 for winning)\n","uploadtime":1681792305,"views":6,"p1id":"mozey24","p2id":"ryce25","formatid":"gen9vgc2023regulationc","rating":1259,"private":0,"password":""}