{"id":"gen9vgc2023regulationc-1857146295","p1":"Steeltrainer","p2":"Inwaves22","format":"[Gen 9] VGC 2023 Regulation C","log":"|j|\u2606Steeltrainer\n|j|\u2606Inwaves22\n|t:|1683150666\n|gametype|doubles\n|player|p1|Steeltrainer|102|1353\n|player|p2|Inwaves22|falkner|1262\n|teamsize|p1|6\n|teamsize|p2|6\n|gen|9\n|tier|[Gen 9] VGC 2023 Regulation C\n|rated|\n|rule|Species Clause: Limit one of each Pok\u00e9mon\n|rule|Item Clause: Limit one of each item\n|clearpoke\n|poke|p1|Flutter Mane, L50|\n|poke|p1|Arcanine, L50, M|\n|poke|p1|Dragapult, L50, F|\n|poke|p1|Ting-Lu, L50|\n|poke|p1|Gothitelle, L50, M|\n|poke|p1|Kingambit, L50, F|\n|poke|p2|Chi-Yu, L50|\n|poke|p2|Iron Hands, L50|\n|poke|p2|Flutter Mane, L50|\n|poke|p2|Gyarados, L50, M|\n|poke|p2|Ting-Lu, L50|\n|poke|p2|Amoonguss, L50, M|\n|teampreview|4\n|inactive|Battle timer is ON: inactive players will automatically lose when time's up. (requested by Inwaves22)\n|\n|t:|1683150701\n|start\n|switch|p1a: Gothitelle|Gothitelle, L50, M|100\/100\n|switch|p1b: Ting-Lu|Ting-Lu, L50|100\/100\n|switch|p2a: Gyarados|Gyarados, L50, M|100\/100\n|switch|p2b: Chi-Yu|Chi-Yu, L50|100\/100\n|-ability|p2b: Chi-Yu|Beads of Ruin\n|-ability|p2a: Gyarados|Intimidate|boost\n|-unboost|p1a: Gothitelle|atk|1\n|-unboost|p1b: Ting-Lu|atk|1\n|-ability|p1b: Ting-Lu|Vessel of Ruin\n|turn|1\n|\n|t:|1683150722\n|-terastallize|p2b: Chi-Yu|Grass\n|move|p1a: Gothitelle|Fake Out|p2a: Gyarados\n|-damage|p2a: Gyarados|97\/100\n|move|p2b: Chi-Yu|Tera Blast|p1b: Ting-Lu\n|-supereffective|p1b: Ting-Lu\n|-damage|p1b: Ting-Lu|63\/100\n|cant|p2a: Gyarados|flinch\n|move|p1b: Ting-Lu|Fissure|p2b: Chi-Yu\n|-damage|p2b: Chi-Yu|0 fnt\n|faint|p2b: Chi-Yu\n|-ohko\n|\n|upkeep\n|\n|t:|1683150733\n|switch|p2b: Iron Hands|Iron Hands, L50|100\/100\n|turn|2\n|\n|t:|1683150742\n|move|p2a: Gyarados|Waterfall|p1a: Gothitelle\n|-crit|p1a: Gothitelle\n|-damage|p1a: Gothitelle|56\/100\n|move|p1a: Gothitelle|Psychic|p2b: Iron Hands\n|-supereffective|p2b: Iron Hands\n|-damage|p2b: Iron Hands|78\/100\n|move|p2b: Iron Hands|Drain Punch|p1b: Ting-Lu\n|-supereffective|p1b: Ting-Lu\n|-damage|p1b: Ting-Lu|12\/100\n|-heal|p2b: Iron Hands|100\/100|[from] drain|[of] p1b: Ting-Lu\n|move|p1b: Ting-Lu|Ruination|p2a: Gyarados\n|-damage|p2a: Gyarados|49\/100\n|\n|upkeep\n|turn|3\n|inactive|Inwaves22 has 30 seconds left.\n|\n|t:|1683150768\n|move|p1a: Gothitelle|Protect|p1a: Gothitelle\n|-singleturn|p1a: Gothitelle|Protect\n|move|p2a: Gyarados|Waterfall|p1b: Ting-Lu\n|-supereffective|p1b: Ting-Lu\n|-damage|p1b: Ting-Lu|0 fnt\n|faint|p1b: Ting-Lu\n|move|p2b: Iron Hands|Wild Charge|p1a: Gothitelle\n|-activate|p1a: Gothitelle|move: Protect\n|\n|upkeep\n|\n|t:|1683150776\n|switch|p1b: Dragapult|Dragapult, L50, F|100\/100\n|turn|4\n|\n|t:|1683150791\n|-terastallize|p1b: Dragapult|Dragon\n|move|p1b: Dragapult|Dragon Darts|p2a: Gyarados\n|-damage|p2a: Gyarados|2\/100\n|-anim|p1b: Dragapult|Dragon Darts|p2b: Iron Hands\n|-damage|p2b: Iron Hands|68\/100\n|move|p2a: Gyarados|Thunder Wave|p1b: Dragapult\n|-status|p1b: Dragapult|par\n|move|p1a: Gothitelle|Psychic|p2b: Iron Hands\n|-supereffective|p2b: Iron Hands\n|-damage|p2b: Iron Hands|39\/100\n|move|p2b: Iron Hands|Volt Switch|p1a: Gothitelle\n|-damage|p1a: Gothitelle|45\/100\n|-enditem|p1a: Gothitelle|Sitrus Berry|[eat]\n|-heal|p1a: Gothitelle|69\/100|[from] item: Sitrus Berry\n|\n|t:|1683150814\n|-end|p2b: Iron Hands|Quark Drive|[silent]\n|switch|p2b: Ting-Lu|Ting-Lu, L50|100\/100|[from] Volt Switch\n|-ability|p2b: Ting-Lu|Vessel of Ruin\n|\n|upkeep\n|turn|5\n|\n|t:|1683150827\n|move|p1a: Gothitelle|Protect|p1a: Gothitelle\n|-singleturn|p1a: Gothitelle|Protect\n|move|p2a: Gyarados|Waterfall|p1b: Dragapult\n|-resisted|p1b: Dragapult\n|-damage|p1b: Dragapult|75\/100 par\n|move|p1b: Dragapult|Dragon Darts|p2a: Gyarados\n|-damage|p2a: Gyarados|0 fnt\n|-anim|p1b: Dragapult|Dragon Darts|p2b: Ting-Lu\n|-damage|p2b: Ting-Lu|71\/100\n|faint|p2a: Gyarados\n|move|p2b: Ting-Lu|Stomping Tantrum|p1b: Dragapult\n|-damage|p1b: Dragapult|21\/100 par\n|\n|upkeep\n|\n|t:|1683150838\n|switch|p2a: Iron Hands|Iron Hands, L50|39\/100\n|turn|6\n|\n|t:|1683150851\n|move|p2a: Iron Hands|Fake Out|p1b: Dragapult\n|-damage|p1b: Dragapult|0 fnt\n|faint|p1b: Dragapult\n|move|p1a: Gothitelle|Psychic|p2a: Iron Hands\n|-supereffective|p2a: Iron Hands\n|-damage|p2a: Iron Hands|16\/100\n|move|p2b: Ting-Lu|Stomping Tantrum|p1a: Gothitelle\n|-damage|p1a: Gothitelle|37\/100\n|\n|upkeep\n|\n|t:|1683150854\n|switch|p1b: Flutter Mane|Flutter Mane, L50|100\/100\n|turn|7\n|\n|t:|1683150868\n|move|p1b: Flutter Mane|Moonblast|p2b: Ting-Lu\n|-supereffective|p2b: Ting-Lu\n|-damage|p2b: Ting-Lu|16\/100\n|move|p1a: Gothitelle|Psychic|p2a: Iron Hands\n|-supereffective|p2a: Iron Hands\n|-damage|p2a: Iron Hands|0 fnt\n|faint|p2a: Iron Hands\n|-end|p2a: Iron Hands|Quark Drive|[silent]\n|move|p2b: Ting-Lu|Heavy Slam|p1b: Flutter Mane\n|-supereffective|p1b: Flutter Mane\n|-enditem|p1b: Flutter Mane|Focus Sash\n|-damage|p1b: Flutter Mane|1\/100\n|\n|upkeep\n|turn|8\n|\n|t:|1683150880\n|move|p1b: Flutter Mane|Moonblast|p2b: Ting-Lu\n|-supereffective|p2b: Ting-Lu\n|-damage|p2b: Ting-Lu|0 fnt\n|faint|p2b: Ting-Lu\n|\n|win|Steeltrainer\n|raw|Steeltrainer's rating: 1353 → 1368<\/strong> (+15 for winning)\n|raw|Inwaves22's rating: 1262 → 1243<\/strong> (-19 for losing)\n|l|\u2606Steeltrainer\n","uploadtime":1683150959,"views":8,"p1id":"steeltrainer","p2id":"inwaves22","formatid":"gen9vgc2023regulationc","rating":1243,"private":0,"password":""}