{"id":"gen9vgc2023regulationc-1852312081","p1":"dijon58","p2":"SassaroThePubber","format":"[Gen 9] VGC 2023 Regulation C","log":"|j|\u2606dijon58\n|j|\u2606SassaroThePubber\n|t:|1682542774\n|gametype|doubles\n|player|p1|dijon58|lyra|1211\n|player|p2|SassaroThePubber|ghetsis|1121\n|teamsize|p1|6\n|teamsize|p2|6\n|gen|9\n|tier|[Gen 9] VGC 2023 Regulation C\n|rated|\n|rule|Species Clause: Limit one of each Pok\u00e9mon\n|rule|Item Clause: Limit one of each item\n|clearpoke\n|poke|p1|Chi-Yu, L50|\n|poke|p1|Flutter Mane, L50|\n|poke|p1|Iron Bundle, L50|\n|poke|p1|Amoonguss, L50, F|\n|poke|p1|Dondozo, L50, M|\n|poke|p1|Tatsugiri, L50, F|\n|poke|p2|Ting-Lu, L50|\n|poke|p2|Annihilape, L50, F|\n|poke|p2|Maushold-Four, L50|\n|poke|p2|Iron Bundle, L50|\n|poke|p2|Wo-Chien, L50|\n|poke|p2|Arcanine, L50, F|\n|teampreview|4\n|c|\u2606SassaroThePubber|glhf\n|c|\u2606dijon58|glhf\ndijon58 rejected open team sheets.\n|inactive|Battle timer is ON: inactive players will automatically lose when time's up. (requested by dijon58)\n|\n|t:|1682542823\n|start\n|switch|p1a: Flutter Mane|Flutter Mane, L50|100\/100\n|switch|p1b: Iron Bundle|Iron Bundle, L50|100\/100\n|switch|p2a: Iron Bundle|Iron Bundle, L50|100\/100\n|switch|p2b: Ting-Lu|Ting-Lu, L50|100\/100\n|-ability|p2b: Ting-Lu|Vessel of Ruin\n|-enditem|p1b: Iron Bundle|Booster Energy\n|-activate|p1b: Iron Bundle|ability: Quark Drive|[fromitem]\n|-start|p1b: Iron Bundle|quarkdrivespe\n|-enditem|p2a: Iron Bundle|Booster Energy\n|-activate|p2a: Iron Bundle|ability: Quark Drive|[fromitem]\n|-start|p2a: Iron Bundle|quarkdrivespe\n|turn|1\n|inactive|SassaroThePubber has 30 seconds left.\n|\n|t:|1682542854\n|-terastallize|p2b: Ting-Lu|Water\n|move|p2a: Iron Bundle|Protect|p2a: Iron Bundle\n|-singleturn|p2a: Iron Bundle|Protect\n|move|p1b: Iron Bundle|Icy Wind|p2a: Iron Bundle|[spread] p2b\n|-activate|p2a: Iron Bundle|move: Protect\n|-resisted|p2b: Ting-Lu\n|-damage|p2b: Ting-Lu|97\/100\n|-unboost|p2b: Ting-Lu|spe|1\n|move|p1a: Flutter Mane|Dazzling Gleam|p2b: Ting-Lu|[spread] p2b\n|-activate|p2a: Iron Bundle|move: Protect\n|-damage|p2b: Ting-Lu|82\/100\n|-damage|p1a: Flutter Mane|90\/100|[from] item: Life Orb\n|move|p2b: Ting-Lu|Heavy Slam|p1a: Flutter Mane\n|-supereffective|p1a: Flutter Mane\n|-damage|p1a: Flutter Mane|0 fnt\n|faint|p1a: Flutter Mane\n|-end|p1a: Flutter Mane|Protosynthesis|[silent]\n|\n|upkeep\n|\n|t:|1682542872\n|switch|p1a: Chi-Yu|Chi-Yu, L50|100\/100\n|-ability|p1a: Chi-Yu|Beads of Ruin\n|turn|2\n|\n|t:|1682542890\n|move|p1a: Chi-Yu|Protect|p1a: Chi-Yu\n|-singleturn|p1a: Chi-Yu|Protect\n|move|p1b: Iron Bundle|Freeze-Dry|p2b: Ting-Lu\n|-supereffective|p2b: Ting-Lu\n|-damage|p2b: Ting-Lu|51\/100\n|move|p2a: Iron Bundle|Freeze-Dry|p1b: Iron Bundle\n|-damage|p1b: Iron Bundle|33\/100\n|move|p2b: Ting-Lu|Stomping Tantrum|p1a: Chi-Yu\n|-activate|p1a: Chi-Yu|move: Protect\n|\n|upkeep\n|turn|3\n|inactive|dijon58 has 30 seconds left.\n|inactive|SassaroThePubber has 30 seconds left.\n|\n|t:|1682542921\n|-terastallize|p1a: Chi-Yu|Grass\n|move|p1b: Iron Bundle|Freeze-Dry|p2a: Iron Bundle\n|-damage|p2a: Iron Bundle|35\/100\n|move|p2a: Iron Bundle|Hydro Pump|p1a: Chi-Yu|[miss]\n|-miss|p2a: Iron Bundle|p1a: Chi-Yu\n|move|p1a: Chi-Yu|Tera Blast|p2a: Iron Bundle\n|-supereffective|p2a: Iron Bundle\n|-damage|p2a: Iron Bundle|0 fnt\n|faint|p2a: Iron Bundle\n|-end|p2a: Iron Bundle|Quark Drive|[silent]\n|move|p2b: Ting-Lu|Earthquake|p1b: Iron Bundle|[spread] p1a,p1b\n|-resisted|p1a: Chi-Yu\n|-damage|p1a: Chi-Yu|72\/100\n|-damage|p1b: Iron Bundle|0 fnt\n|faint|p1b: Iron Bundle\n|-end|p1b: Iron Bundle|Quark Drive|[silent]\n|\n|upkeep\n|\n|t:|1682542935\n|switch|p1b: Tatsugiri|Tatsugiri, L50, F|100\/100\n|switch|p2a: Annihilape|Annihilape, L50, F|100\/100\n|turn|4\n|inactive|SassaroThePubber has 30 seconds left.\n|inactive|SassaroThePubber has 20 seconds left.\n|\n|t:|1682542974\n|move|p1a: Chi-Yu|Protect|p1a: Chi-Yu\n|-singleturn|p1a: Chi-Yu|Protect\n|move|p1b: Tatsugiri|Dragon Pulse|p2b: Ting-Lu\n|-damage|p2b: Ting-Lu|31\/100\n|move|p2a: Annihilape|Rage Fist|p1b: Tatsugiri\n|-damage|p1b: Tatsugiri|58\/100\n|move|p2b: Ting-Lu|Stomping Tantrum|p1b: Tatsugiri\n|-damage|p1b: Tatsugiri|0 fnt\n|faint|p1b: Tatsugiri\n|\n|upkeep\n|turn|5\n|\n|t:|1682542988\n|move|p1a: Chi-Yu|Tera Blast|p2b: Ting-Lu\n|-supereffective|p2b: Ting-Lu\n|-damage|p2b: Ting-Lu|0 fnt\n|faint|p2b: Ting-Lu\n|move|p2a: Annihilape|Bulk Up|p2a: Annihilape\n|-boost|p2a: Annihilape|atk|1\n|-boost|p2a: Annihilape|def|1\n|\n|upkeep\n|\n|t:|1682542992\n|switch|p2b: Wo-Chien|Wo-Chien, L50|100\/100\n|-ability|p2b: Wo-Chien|Tablets of Ruin\n|turn|6\n|\n|t:|1682543005\n|move|p1a: Chi-Yu|Dark Pulse|p2a: Annihilape\n|-damage|p2a: Annihilape|57\/100\n|cant|p2a: Annihilape|flinch\n|move|p2b: Wo-Chien|Pollen Puff|p1a: Chi-Yu\n|-supereffective|p1a: Chi-Yu\n|-damage|p1a: Chi-Yu|21\/100\n|\n|-heal|p2a: Annihilape|64\/100|[from] item: Leftovers\n|upkeep\n|turn|7\n|\n|t:|1682543018\n|move|p1a: Chi-Yu|Heat Wave|p2b: Wo-Chien|[spread] p2b\n|-miss|p1a: Chi-Yu|p2a: Annihilape\n|-supereffective|p2b: Wo-Chien\n|-damage|p2b: Wo-Chien|43\/100\n|move|p2a: Annihilape|Drain Punch|p1a: Chi-Yu\n|-damage|p1a: Chi-Yu|0 fnt\n|-heal|p2a: Annihilape|70\/100|[from] drain|[of] p1a: Chi-Yu\n|faint|p1a: Chi-Yu\n|\n|win|SassaroThePubber\n|raw|dijon58's rating: 1211 → 1180<\/strong> (-31 for losing)\n|raw|SassaroThePubber's rating: 1121 → 1152<\/strong> (+31 for winning)\n","uploadtime":1682543023,"views":12,"p1id":"dijon58","p2id":"sassarothepubber","formatid":"gen9vgc2023regulationc","rating":1152,"private":0,"password":""}