{"id":"gen9vgc2023regulationc-1846673958","p1":"nefffffffff","p2":"Valhala Alfa","format":"[Gen 9] VGC 2023 Regulation C","log":"|j|\u2606nefffffffff\n|j|\u2606Valhala Alfa\n|t:|1681864350\n|gametype|doubles\n|player|p1|nefffffffff|169|1078\n|player|p2|Valhala Alfa|101|1170\n|teamsize|p1|6\n|teamsize|p2|6\n|gen|9\n|tier|[Gen 9] VGC 2023 Regulation C\n|rated|\n|rule|Species Clause: Limit one of each Pok\u00e9mon\n|rule|Item Clause: Limit one of each item\n|clearpoke\n|poke|p1|Palafin, L50, M|\n|poke|p1|Arcanine, L50, F|\n|poke|p1|Amoonguss, L50, M|\n|poke|p1|Iron Hands, L50|\n|poke|p1|Flutter Mane, L50|\n|poke|p1|Chien-Pao, L50|\n|poke|p2|Farigiraf, L50, F|\n|poke|p2|Murkrow, L50, F|\n|poke|p2|Magnezone, L50|\n|poke|p2|Staraptor, L50, M|\n|poke|p2|Annihilape, L50, F|\n|poke|p2|Volcarona, L50, F|\n|teampreview|4\nnefffffffff has agreed to open team sheets.\n|inactive|Battle timer is ON: inactive players will automatically lose when time's up. (requested by Valhala Alfa)\nValhala Alfa rejected open team sheets.\n|inactive|nefffffffff has 60 seconds left.\n|inactive|Valhala Alfa has 60 seconds left.\n|\n|t:|1681864410\n|start\n|switch|p1a: Iron Hands|Iron Hands, L50|100\/100\n|switch|p1b: Amoonguss|Amoonguss, L50, M|100\/100\n|switch|p2a: Farigiraf|Farigiraf, L50, F, shiny|100\/100\n|switch|p2b: Volcarona|Volcarona, L50, F|100\/100\n|turn|1\n|inactive|nefffffffff has 30 seconds left.\n|\n|t:|1681864441\n|-terastallize|p2b: Volcarona|Grass\n|move|p2b: Volcarona|Overheat|p1b: Amoonguss\n|-supereffective|p1b: Amoonguss\n|-damage|p1b: Amoonguss|0 fnt\n|-unboost|p2b: Volcarona|spa|2\n|faint|p1b: Amoonguss\n|move|p2a: Farigiraf|Hyper Voice|p1a: Iron Hands\n|-damage|p1a: Iron Hands|76\/100\n|-enditem|p2a: Farigiraf|Throat Spray\n|-boost|p2a: Farigiraf|spa|1|[from] item: Throat Spray\n|move|p1a: Iron Hands|Stomping Tantrum|p2b: Volcarona\n|-resisted|p2b: Volcarona\n|-damage|p2b: Volcarona|84\/100\n|-damage|p1a: Iron Hands|59\/100|[from] item: Rocky Helmet|[of] p2b: Volcarona\n|\n|upkeep\n|\n|t:|1681864452\n|switch|p1b: Chien-Pao|Chien-Pao, L50|100\/100\n|-ability|p1b: Chien-Pao|Sword of Ruin\n|turn|2\n|\n|t:|1681864459\n|move|p2b: Volcarona|Protect|p2b: Volcarona\n|-singleturn|p2b: Volcarona|Protect\n|move|p1b: Chien-Pao|Ice Spinner|p2b: Volcarona\n|-activate|p2b: Volcarona|move: Protect\n|move|p2a: Farigiraf|Hyper Voice|p1b: Chien-Pao|[spread] p1a,p1b\n|-damage|p1a: Iron Hands|32\/100\n|-damage|p1b: Chien-Pao|18\/100\n|move|p1a: Iron Hands|Drain Punch|p2a: Farigiraf\n|-damage|p2a: Farigiraf|43\/100\n|-heal|p1a: Iron Hands|60\/100|[from] drain|[of] p2a: Farigiraf\n|\n|upkeep\n|turn|3\n|\n|t:|1681864484\n|move|p2b: Volcarona|Rage Powder|p2b: Volcarona\n|-singleturn|p2b: Volcarona|move: Rage Powder\n|move|p1b: Chien-Pao|Ice Spinner|p2b: Volcarona\n|-supereffective|p2b: Volcarona\n|-damage|p2b: Volcarona|0 fnt\n|-damage|p1b: Chien-Pao|1\/100|[from] item: Rocky Helmet|[of] p2b: Volcarona\n|-status|p1b: Chien-Pao|brn|[from] ability: Flame Body|[of] p2b: Volcarona\n|faint|p2b: Volcarona\n|move|p2a: Farigiraf|Hyper Voice|p1b: Chien-Pao|[spread] p1a,p1b\n|-damage|p1a: Iron Hands|33\/100\n|-damage|p1b: Chien-Pao|0 fnt\n|faint|p1b: Chien-Pao\n|move|p1a: Iron Hands|Drain Punch|p2a: Farigiraf\n|-damage|p2a: Farigiraf|0 fnt\n|-heal|p1a: Iron Hands|53\/100|[from] drain|[of] p2a: Farigiraf\n|faint|p2a: Farigiraf\n|\n|upkeep\n|\n|t:|1681864499\n|switch|p1b: Flutter Mane|Flutter Mane, L50|100\/100\n|switch|p2b: Magnezone|Magnezone, L50|100\/100\n|switch|p2a: Staraptor|Staraptor, L50, M|100\/100\n|-enditem|p1b: Flutter Mane|Booster Energy\n|-activate|p1b: Flutter Mane|ability: Protosynthesis|[fromitem]\n|-start|p1b: Flutter Mane|protosynthesisspe\n|turn|4\n|\n|t:|1681864520\n|-terastallize|p1b: Flutter Mane|Fairy\n|move|p1b: Flutter Mane|Dazzling Gleam|p2a: Staraptor|[spread] p2a,p2b\n|-resisted|p2b: Magnezone\n|-damage|p2a: Staraptor|30\/100\n|-damage|p2b: Magnezone|89\/100\n|move|p2a: Staraptor|Double-Edge|p1a: Iron Hands\n|-damage|p1a: Iron Hands|6\/100\n|-damage|p2a: Staraptor|7\/100|[from] Recoil\n|move|p2b: Magnezone|Flash Cannon|p1b: Flutter Mane\n|-supereffective|p1b: Flutter Mane\n|-damage|p1b: Flutter Mane|26\/100\n|move|p1a: Iron Hands|Drain Punch|p2a: Staraptor\n|-damage|p2a: Staraptor|0 fnt\n|-heal|p1a: Iron Hands|8\/100|[from] drain|[of] p2a: Staraptor\n|faint|p2a: Staraptor\n|\n|upkeep\n|turn|5\n|\n|t:|1681864534\n|move|p1b: Flutter Mane|Shadow Ball|p2b: Magnezone\n|-damage|p2b: Magnezone|62\/100\n|move|p2b: Magnezone|Discharge|p1a: Iron Hands|[spread] p1a,p1b\n|-resisted|p1a: Iron Hands\n|-damage|p1a: Iron Hands|0 fnt\n|-damage|p1b: Flutter Mane|0 fnt\n|faint|p1a: Iron Hands\n|-end|p1a: Iron Hands|Quark Drive|[silent]\n|faint|p1b: Flutter Mane\n|-end|p1b: Flutter Mane|Protosynthesis|[silent]\n|\n|win|Valhala Alfa\n|raw|nefffffffff's rating: 1078 → 1062<\/strong> (-16 for losing)\n|raw|Valhala Alfa's rating: 1170 → 1189<\/strong> (+19 for winning)\n|l|\u2606nefffffffff\n","uploadtime":1681865242,"views":10,"p1id":"nefffffffff","p2id":"valhalaalfa","formatid":"gen9vgc2023regulationc","rating":1062,"private":0,"password":""}