{"id":"gen9vgc2023regulationc-1845747189","p1":"muddyswamppert","p2":"Keveloper","format":"[Gen 9] VGC 2023 Regulation C","log":"|j|\u2606muddyswamppert\n|j|\u2606Keveloper\n|t:|1681760801\n|gametype|doubles\n|player|p1|muddyswamppert|cynthia-gen4|\n|player|p2|Keveloper|ash|\n|teamsize|p1|6\n|teamsize|p2|6\n|gen|9\n|tier|[Gen 9] VGC 2023 Regulation C\n|rule|Species Clause: Limit one of each Pok\u00e9mon\n|rule|Item Clause: Limit one of each item\n|clearpoke\n|poke|p1|Garchomp, L50, F|\n|poke|p1|Garganacl, L50, F|\n|poke|p1|Ceruledge, L50, F|\n|poke|p1|Amoonguss, L50, F|\n|poke|p1|Gyarados, L50, F|\n|poke|p1|Chien-Pao, L50|\n|poke|p2|Salamence, L50, F|\n|poke|p2|Amoonguss, L50, M|\n|poke|p2|Palafin, L50, M|\n|poke|p2|Ceruledge, L50, M|\n|poke|p2|Flutter Mane, L50|\n|poke|p2|Ting-Lu, L50|\n|teampreview|4\n|inactive|Battle timer is ON: inactive players will automatically lose when time's up. (requested by muddyswamppert)\nmuddyswamppert has agreed to open team sheets.\n|c|\u2606Keveloper|do you have a team paste? would you mind if I try out one of your teams?\nKeveloper has agreed to open team sheets.\n|inactive|muddyswamppert has 60 seconds left.\n|inactive|Keveloper has 60 seconds left.\n|c|\u2606muddyswamppert|i do witch 1 do you want\n|inactive|muddyswamppert has 30 seconds left.\n|c|\u2606Keveloper|any team\n|c|\u2606muddyswamppert|i can send multiple if you want\n|inactive|muddyswamppert has 20 seconds left.\n|inactive|muddyswamppert has 15 seconds left.\n|\n|t:|1681760878\n|start\n|switch|p1a: Gyarados|Gyarados, L50, F|100\/100\n|switch|p1b: Ceruledge|Ceruledge, L50, F|100\/100\n|switch|p2a: Salamence|Salamence, L50, F|100\/100\n|switch|p2b: Amoonguss|Amoonguss, L50, M|100\/100\n|-ability|p2a: Salamence|Intimidate|boost\n|-unboost|p1a: Gyarados|atk|1\n|-fail|p1b: Ceruledge|unboost|[from] item: Clear Amulet|[of] p1b: Ceruledge\n|-ability|p1a: Gyarados|Intimidate|boost\n|-unboost|p2a: Salamence|atk|1\n|-unboost|p2b: Amoonguss|atk|1\n|turn|1\n|c|\u2606Keveloper|sure, sounds good\n|inactive|Keveloper has 30 seconds left.\n|\n|t:|1681760906\n|-terastallize|p2a: Salamence|Flying\n|-terastallize|p1b: Ceruledge|Grass\n|move|p2a: Salamence|Air Slash|p1b: Ceruledge\n|-supereffective|p1b: Ceruledge\n|-damage|p1b: Ceruledge|15\/100\n|move|p1a: Gyarados|Ice Fang|p2a: Salamence\n|-supereffective|p2a: Salamence\n|-damage|p2a: Salamence|60\/100\n|move|p1b: Ceruledge|Bitter Blade|p2b: Amoonguss\n|-supereffective|p2b: Amoonguss\n|-enditem|p2b: Amoonguss|Occa Berry|[eat]\n|-enditem|p2b: Amoonguss|Occa Berry|[weaken]\n|-damage|p2b: Amoonguss|62\/100\n|-heal|p1b: Ceruledge|38\/100|[from] drain|[of] p2b: Amoonguss\n|move|p2b: Amoonguss|Spore|p1a: Gyarados\n|-status|p1a: Gyarados|slp|[from] move: Spore\n|\n|upkeep\n|turn|2\n|c|\u2606muddyswamppert|do i send them on discord or here on showdown?\n|c|\u2606Keveloper|just click export to pokepaste at the bottom of the teambuilder\n|inactive|Keveloper has 30 seconds left.\n|c|\u2606Keveloper|and send a pokepaste link\n|inactive|Keveloper has 20 seconds left.\n|\n|t:|1681760945\n|move|p1b: Ceruledge|Protect|p1b: Ceruledge\n|-singleturn|p1b: Ceruledge|Protect\n|move|p2a: Salamence|Air Slash|p1b: Ceruledge\n|-activate|p1b: Ceruledge|move: Protect\n|cant|p1a: Gyarados|slp\n|move|p2b: Amoonguss|Pollen Puff|p2a: Salamence\n|-heal|p2a: Salamence|100\/100\n|\n|upkeep\n|turn|3\n|inactive|muddyswamppert has 30 seconds left.\n|inactive|muddyswamppert has 20 seconds left.\n|inactive|muddyswamppert has 15 seconds left.\n|inactive|muddyswamppert has 10 seconds left.\n|inactive|muddyswamppert has 5 seconds left.\n|c|\u2606Keveloper|I hope you're not doing it rn you're gonna time out D:\n|\n|t:|1681761000\n|switch|p2b: Palafin|Palafin, L50, M|100\/100\n|move|p2a: Salamence|Air Slash|p1a: Gyarados\n|-damage|p1a: Gyarados|44\/100 slp\n|-curestatus|p1a: Gyarados|slp|[msg]\n|move|p1a: Gyarados|Dragon Dance|p1a: Gyarados\n|-boost|p1a: Gyarados|atk|1\n|-boost|p1a: Gyarados|spe|1\n|move|p1b: Ceruledge|Bitter Blade|p2a: Salamence\n|-damage|p2a: Salamence|52\/100\n|-heal|p1b: Ceruledge|63\/100|[from] drain|[of] p2a: Salamence\n|\n|upkeep\n|turn|4\n|inactive|Keveloper has 30 seconds left.\n|\n|t:|1681761035\n|detailschange|p2b: Palafin|Palafin-Hero, L50, M\n|switch|p2b: Amoonguss|Amoonguss, L50, M|95\/100\n|move|p1b: Ceruledge|Shadow Sneak|p2a: Salamence\n|-damage|p2a: Salamence|28\/100\n|move|p2a: Salamence|Air Slash|p1a: Gyarados\n|-damage|p1a: Gyarados|0 fnt\n|faint|p1a: Gyarados\n|\n|upkeep\n|c|\u2606muddyswamppert|im not was busy doing something\n|\n|t:|1681761053\n|switch|p1a: Chien-Pao|Chien-Pao, L50|100\/100\n|-ability|p1a: Chien-Pao|Sword of Ruin\n|turn|5\n|\n|t:|1681761064\n|switch|p1b: Garganacl|Garganacl, L50, F|100\/100\n|move|p2a: Salamence|Air Slash|p1b: Garganacl\n|-resisted|p1b: Garganacl\n|-damage|p1b: Garganacl|80\/100\n|move|p1a: Chien-Pao|Ice Spinner|p2a: Salamence\n|-supereffective|p2a: Salamence\n|-damage|p2a: Salamence|0 fnt\n|faint|p2a: Salamence\n|move|p2b: Amoonguss|Pollen Puff|p2: Salamence|[notarget]\n|-fail|p2b: Amoonguss\n|\n|-heal|p1b: Garganacl|86\/100|[from] item: Leftovers\n|upkeep\n|\n|t:|1681761073\n|switch|p2a: Palafin|Palafin-Hero, L50, M|100\/100\n|-activate|p2a: Palafin|ability: Zero to Hero\n|turn|6\n|\n|t:|1681761093\n|move|p1a: Chien-Pao|Throat Chop|p2a: Palafin\n|-damage|p2a: Palafin|52\/100\n|-start|p2a: Palafin|Throat Chop|[silent]\n|move|p2a: Palafin|Wave Crash|p1b: Garganacl\n|-supereffective|p1b: Garganacl\n|-damage|p1b: Garganacl|0 fnt\n|faint|p1b: Garganacl\n|-damage|p2a: Palafin|23\/100|[from] Recoil\n|move|p2b: Amoonguss|Spore|p1a: Chien-Pao\n|-status|p1a: Chien-Pao|slp|[from] move: Spore\n|\n|upkeep\n|\n|t:|1681761102\n|switch|p1b: Ceruledge|Ceruledge, L50, F, tera:Grass|63\/100\n|turn|7\n|\n|t:|1681761115\n|move|p1b: Ceruledge|Shadow Sneak|p2a: Palafin\n|-damage|p2a: Palafin|0 fnt\n|faint|p2a: Palafin\n|cant|p1a: Chien-Pao|slp\n|move|p2b: Amoonguss|Pollen Puff|p1a: Chien-Pao\n|-supereffective|p1a: Chien-Pao\n|-damage|p1a: Chien-Pao|39\/100 slp\n|\n|upkeep\n|\n|t:|1681761120\n|switch|p2a: Flutter Mane|Flutter Mane, L50|100\/100\n|-enditem|p2a: Flutter Mane|Booster Energy\n|-activate|p2a: Flutter Mane|ability: Protosynthesis|[fromitem]\n|-start|p2a: Flutter Mane|protosynthesisspe\n|turn|8\n|\n|t:|1681761128\n|move|p2b: Amoonguss|Rage Powder|p2b: Amoonguss\n|-singleturn|p2b: Amoonguss|move: Rage Powder\n|move|p1b: Ceruledge|Shadow Sneak|p2a: Flutter Mane\n|-supereffective|p2a: Flutter Mane\n|-damage|p2a: Flutter Mane|16\/100\n|move|p2a: Flutter Mane|Dazzling Gleam|p1b: Ceruledge|[spread] p1a,p1b\n|-supereffective|p1a: Chien-Pao\n|-damage|p1a: Chien-Pao|0 fnt\n|-damage|p1b: Ceruledge|37\/100\n|faint|p1a: Chien-Pao\n|\n|upkeep\n|turn|9\n|\n|t:|1681761147\n|move|p1b: Ceruledge|Shadow Sneak|p2a: Flutter Mane\n|-supereffective|p2a: Flutter Mane\n|-damage|p2a: Flutter Mane|0 fnt\n|faint|p2a: Flutter Mane\n|-end|p2a: Flutter Mane|Protosynthesis|[silent]\n|move|p2b: Amoonguss|Pollen Puff|p1b: Ceruledge\n|-supereffective|p1b: Ceruledge\n|-damage|p1b: Ceruledge|4\/100\n|\n|upkeep\n|turn|10\n|\n|t:|1681761158\n|move|p1b: Ceruledge|Bitter Blade|p2b: Amoonguss\n|-supereffective|p2b: Amoonguss\n|-crit|p2b: Amoonguss\n|-damage|p2b: Amoonguss|0 fnt\n|-heal|p1b: Ceruledge|61\/100|[from] drain|[of] p2b: Amoonguss\n|faint|p2b: Amoonguss\n|\n|win|muddyswamppert\n|c|\u2606Keveloper|gg\n|c|\u2606muddyswamppert|gg\n","uploadtime":1681761164,"views":6,"p1id":"muddyswamppert","p2id":"keveloper","formatid":"gen9vgc2023regulationc","rating":0,"private":0,"password":""}