{"id":"gen9vgc2023regulationc-1849708872","p1":"LiakosVGC","p2":"FrostVG","format":"[Gen 9] VGC 2023 Regulation C","log":"|j|\u2606LiakosVGC\n|j|\u2606FrostVG\n|t:|1682236794\n|gametype|doubles\n|player|p1|LiakosVGC|lass-gen4dp|\n|player|p2|FrostVG|fisherman-gen4|\n|teamsize|p1|6\n|teamsize|p2|6\n|gen|9\n|tier|[Gen 9] VGC 2023 Regulation C\n|rule|Species Clause: Limit one of each Pok\u00e9mon\n|rule|Item Clause: Limit one of each item\n|clearpoke\n|poke|p1|Palafin, L50, M|\n|poke|p1|Amoonguss, L50, M|\n|poke|p1|Arcanine, L50, M|\n|poke|p1|Ting-Lu, L50|\n|poke|p1|Iron Hands, L50|\n|poke|p1|Flutter Mane, L50|\n|poke|p2|Iron Hands, L50|\n|poke|p2|Amoonguss, L50, F|\n|poke|p2|Gyarados, L50, F|\n|poke|p2|Flutter Mane, L50|\n|poke|p2|Chi-Yu, L50|\n|poke|p2|Tyranitar, L50, F|\n|teampreview|4\n|c|\u2606FrostVG|g2\nFrostVG has agreed to open team sheets.\n|j| MSI2023\n|c|\u2606FrostVG|glhf\n|c|\u2606LiakosVGC|you too\nLiakosVGC has agreed to open team sheets.\n|j| skoda fabia scam\n|j| TamtamNi\n|j| Tekagt\n|j| 1400inthegc\n|\n|t:|1682237568\n|start\n|switch|p1a: Palafin|Palafin, L50, M, shiny|100\/100\n|switch|p1b: Ting-Lu|Ting-Lu, L50|100\/100\n|switch|p2a: Iron Hands|Iron Hands, L50|100\/100\n|switch|p2b: Gyarados|Gyarados, L50, F|100\/100\n|-ability|p2b: Gyarados|Intimidate|boost\n|-unboost|p1a: Palafin|atk|1\n|-unboost|p1b: Ting-Lu|atk|1\n|-ability|p1b: Ting-Lu|Vessel of Ruin\n|turn|1\n|\n|t:|1682237615\n|detailschange|p1a: Palafin|Palafin-Hero, L50, M, shiny\n|switch|p1a: Arcanine|Arcanine, L50, M|100\/100\n|-ability|p1a: Arcanine|Intimidate|boost\n|-unboost|p2a: Iron Hands|atk|1\n|-unboost|p2b: Gyarados|atk|1\n|move|p2b: Gyarados|Thunder Wave|p1a: Arcanine\n|-status|p1a: Arcanine|par\n|move|p2a: Iron Hands|Swords Dance|p2a: Iron Hands\n|-boost|p2a: Iron Hands|atk|2\n|move|p1b: Ting-Lu|Fissure|p2a: Iron Hands|[miss]\n|-miss|p1b: Ting-Lu|p2a: Iron Hands\n|\n|upkeep\n|turn|2\n|j| duckpond\n|\n|t:|1682237659\n|move|p2b: Gyarados|Waterfall|p1a: Arcanine\n|-supereffective|p1a: Arcanine\n|-damage|p1a: Arcanine|54\/100 par\n|move|p2a: Iron Hands|Drain Punch|p1b: Ting-Lu\n|-supereffective|p1b: Ting-Lu\n|-damage|p1b: Ting-Lu|32\/100\n|move|p1b: Ting-Lu|Stomping Tantrum|p2a: Iron Hands\n|-supereffective|p2a: Iron Hands\n|-damage|p2a: Iron Hands|34\/100\n|move|p1a: Arcanine|Flare Blitz|p2b: Gyarados\n|-resisted|p2b: Gyarados\n|-damage|p2b: Gyarados|77\/100\n|-damage|p1a: Arcanine|47\/100 par|[from] Recoil\n|\n|-heal|p2b: Gyarados|83\/100|[from] item: Leftovers\n|upkeep\n|turn|3\n|\n|t:|1682237711\n|switch|p2b: Amoonguss|Amoonguss, L50, F|100\/100\n|switch|p1a: Iron Hands|Iron Hands, L50, shiny|100\/100\n|move|p2a: Iron Hands|Drain Punch|p1b: Ting-Lu\n|-supereffective|p1b: Ting-Lu\n|-damage|p1b: Ting-Lu|0 fnt\n|-heal|p2a: Iron Hands|49\/100|[from] drain|[of] p1b: Ting-Lu\n|faint|p1b: Ting-Lu\n|\n|upkeep\n|\n|t:|1682237721\n|switch|p1b: Arcanine|Arcanine, L50, M|47\/100 par\n|-ability|p1b: Arcanine|Intimidate|boost\n|-unboost|p2a: Iron Hands|atk|1\n|-unboost|p2b: Amoonguss|atk|1\n|turn|4\n|\n|t:|1682237741\n|-end|p2a: Iron Hands|Quark Drive|[silent]\n|switch|p2a: Gyarados|Gyarados, L50, F|83\/100\n|-ability|p2a: Gyarados|Intimidate|boost\n|-unboost|p1a: Iron Hands|atk|1\n|-unboost|p1b: Arcanine|atk|1\n|-terastallize|p1a: Iron Hands|Grass\n|move|p1a: Iron Hands|Drain Punch|p2a: Gyarados\n|-resisted|p2a: Gyarados\n|-damage|p2a: Gyarados|70\/100\n|cant|p1b: Arcanine|par\n|move|p2b: Amoonguss|Spore|p1a: Iron Hands\n|-immune|p1a: Iron Hands\n|\n|-heal|p2a: Gyarados|76\/100|[from] item: Leftovers\n|upkeep\n|turn|5\n|\n|t:|1682237774\n|switch|p2a: Iron Hands|Iron Hands, L50|49\/100\n|move|p1b: Arcanine|Protect|p1b: Arcanine\n|-singleturn|p1b: Arcanine|Protect\n|move|p1a: Iron Hands|Wild Charge|p2a: Iron Hands\n|-resisted|p2a: Iron Hands\n|-damage|p2a: Iron Hands|40\/100\n|-damage|p1a: Iron Hands|98\/100|[from] Recoil\n|move|p2b: Amoonguss|Pollen Puff|p2a: Iron Hands\n|-heal|p2a: Iron Hands|90\/100\n|\n|upkeep\n|turn|6\n|\n|t:|1682237805\n|-end|p1a: Iron Hands|Quark Drive|[silent]\n|switch|p1a: Palafin|Palafin-Hero, L50, M, shiny|100\/100\n|-activate|p1a: Palafin|ability: Zero to Hero\n|move|p2a: Iron Hands|Swords Dance|p2a: Iron Hands\n|-boost|p2a: Iron Hands|atk|2\n|cant|p1b: Arcanine|par\n|move|p2b: Amoonguss|Spore|p1b: Arcanine\n|-activate|p1b: Arcanine|item: Safety Goggles|Spore\n|\n|upkeep\n|turn|7\n|\n|t:|1682237827\n|move|p1a: Palafin|Protect|p1a: Palafin\n|-singleturn|p1a: Palafin|Protect\n|move|p2b: Amoonguss|Rage Powder|p2b: Amoonguss\n|-singleturn|p2b: Amoonguss|move: Rage Powder\n|move|p2a: Iron Hands|Drain Punch|p1b: Arcanine\n|-damage|p1b: Arcanine|0 fnt\n|-heal|p2a: Iron Hands|100\/100|[from] drain|[of] p1b: Arcanine\n|faint|p1b: Arcanine\n|\n|upkeep\n|\n|t:|1682237833\n|switch|p1b: Iron Hands|Iron Hands, L50, shiny, tera:Grass|98\/100\n|turn|8\n|\n|t:|1682237844\n|switch|p2b: Gyarados|Gyarados, L50, F|76\/100\n|-ability|p2b: Gyarados|Intimidate|boost\n|-unboost|p1a: Palafin|atk|1\n|-unboost|p1b: Iron Hands|atk|1\n|move|p2a: Iron Hands|Protect|p2a: Iron Hands\n|-singleturn|p2a: Iron Hands|Protect\n|move|p1b: Iron Hands|Fake Out|p2b: Gyarados\n|-damage|p2b: Gyarados|65\/100\n|move|p1a: Palafin|Haze|p1a: Palafin\n|-clearallboost\n|\n|-heal|p2b: Gyarados|71\/100|[from] item: Leftovers\n|upkeep\n|turn|9\n|\n|t:|1682237863\n|switch|p2b: Amoonguss|Amoonguss, L50, F|100\/100\n|move|p1a: Palafin|Wave Crash|p2a: Iron Hands\n|-damage|p2a: Iron Hands|35\/100\n|-damage|p1a: Palafin|73\/100|[from] Recoil\n|move|p1b: Iron Hands|Drain Punch|p2a: Iron Hands\n|-damage|p2a: Iron Hands|9\/100\n|-heal|p1b: Iron Hands|100\/100|[from] drain|[of] p2a: Iron Hands\n|move|p2a: Iron Hands|Thunder Punch|p1a: Palafin\n|-supereffective|p1a: Palafin\n|-damage|p1a: Palafin|0 fnt\n|faint|p1a: Palafin\n|\n|upkeep\n|turn|10\n|\n|t:|1682237885\n|move|p1b: Iron Hands|Wild Charge|p2a: Iron Hands\n|-resisted|p2a: Iron Hands\n|-damage|p2a: Iron Hands|0 fnt\n|faint|p2a: Iron Hands\n|-end|p2a: Iron Hands|Quark Drive|[silent]\n|-damage|p1b: Iron Hands|98\/100|[from] Recoil\n|move|p2b: Amoonguss|Pollen Puff|p1b: Iron Hands\n|-supereffective|p1b: Iron Hands\n|-damage|p1b: Iron Hands|79\/100\n|\n|upkeep\n|\n|t:|1682237889\n|switch|p2a: Gyarados|Gyarados, L50, F|71\/100\n|-ability|p2a: Gyarados|Intimidate|boost\n|-unboost|p1b: Iron Hands|atk|1\n|turn|11\n|c|\u2606LiakosVGC|gg\n|c|\u2606FrostVG|gg\n|-message|LiakosVGC forfeited.\n|\n|win|FrostVG\n|l| skoda fabia scam\n|j| dltmessi\n|j| Tito Sprigs\n|l| Tito Sprigs\n|l| dltmessi\n|l| Tekagt\n|j| globaleuitdaging\n|l| 1400inthegc\n|l| MSI2023\n|l| duckpond\n","uploadtime":1682237927,"views":40,"p1id":"liakosvgc","p2id":"frostvg","formatid":"gen9vgc2023regulationc","rating":0,"private":0,"password":""}