{"id":"gen9vgc2023regulationc-1860128187","p1":"Rolling Mooo","p2":"daveboy77","format":"[Gen 9] VGC 2023 Regulation C","log":"|j|\u2606Rolling Mooo\n|j|\u2606daveboy77\n|t:|1683598541\n|gametype|doubles\n|player|p1|Rolling Mooo|2|1779\n|player|p2|daveboy77|alder|1712\n|teamsize|p1|6\n|teamsize|p2|6\n|gen|9\n|tier|[Gen 9] VGC 2023 Regulation C\n|rated|\n|rule|Species Clause: Limit one of each Pok\u00e9mon\n|rule|Item Clause: Limit one of each item\n|clearpoke\n|poke|p1|Bronzong, L50|\n|poke|p1|Dragonite, L50, M|\n|poke|p1|Chien-Pao, L50|\n|poke|p1|Roaring Moon, L50|\n|poke|p1|Ting-Lu, L50|\n|poke|p1|Iron Bundle, L50|\n|poke|p2|Iron Treads, L50|\n|poke|p2|Rotom-Wash, L50|\n|poke|p2|Gallade, L50, M|\n|poke|p2|Gengar, L50, F|\n|poke|p2|Dragonite, L50, M|\n|poke|p2|Scovillain, L50, M|\n|teampreview|4\n|inactive|Battle timer is ON: inactive players will automatically lose when time's up. (requested by Rolling Mooo)\n|inactive|Rolling Mooo has 60 seconds left.\n|inactive|daveboy77 has 60 seconds left.\n|j| Braindeadmeta\n|inactive|Rolling Mooo has 30 seconds left.\n|inactive|Rolling Mooo has 20 seconds left.\n|\n|t:|1683598612\n|start\n|switch|p1a: Bronzong|Bronzong, L50|100\/100\n|switch|p1b: Ting-Lu|Ting-Lu, L50|100\/100\n|switch|p2a: Dragonite|Dragonite, L50, M|100\/100\n|switch|p2b: Iron Treads|Iron Treads, L50|100\/100\n|-ability|p1b: Ting-Lu|Vessel of Ruin\n|-enditem|p2b: Iron Treads|Booster Energy\n|-activate|p2b: Iron Treads|ability: Quark Drive|[fromitem]\n|-start|p2b: Iron Treads|quarkdriveatk\n|turn|1\n|inactive|daveboy77 has 30 seconds left.\n|\n|t:|1683598644\n|switch|p2a: Rotom|Rotom-Wash, L50|100\/100\n|move|p2b: Iron Treads|Earthquake|p1b: Ting-Lu|[spread] p1b\n|-immune|p2a: Rotom|[from] ability: Levitate\n|-immune|p1a: Bronzong|[from] ability: Levitate\n|-damage|p1b: Ting-Lu|72\/100\n|move|p1b: Ting-Lu|Earthquake|p2b: Iron Treads|[spread] p2b\n|-immune|p1a: Bronzong|[from] ability: Levitate\n|-immune|p2a: Rotom|[from] ability: Levitate\n|-supereffective|p2b: Iron Treads\n|-damage|p2b: Iron Treads|5\/100\n|move|p1a: Bronzong|Trick Room|p1a: Bronzong\n|-fieldstart|move: Trick Room|[of] p1a: Bronzong\n|\n|upkeep\n|turn|2\n|\n|t:|1683598660\n|move|p2b: Iron Treads|Protect|p2b: Iron Treads\n|-singleturn|p2b: Iron Treads|Protect\n|move|p1a: Bronzong|Iron Defense|p1a: Bronzong\n|-boost|p1a: Bronzong|def|2\n|move|p1b: Ting-Lu|Earthquake|p2a: Rotom|[spread] \n|-activate|p2b: Iron Treads|move: Protect\n|-immune|p1a: Bronzong|[from] ability: Levitate\n|-immune|p2a: Rotom|[from] ability: Levitate\n|move|p2a: Rotom|Hydro Pump|p1b: Ting-Lu\n|-supereffective|p1b: Ting-Lu\n|-damage|p1b: Ting-Lu|6\/100\n|\n|upkeep\n|turn|3\n|\n|t:|1683598677\n|-end|p2b: Iron Treads|Quark Drive|[silent]\n|switch|p2b: Dragonite|Dragonite, L50, M|100\/100\n|-terastallize|p2a: Rotom|Fire\n|move|p1a: Bronzong|Body Press|p2a: Rotom\n|-damage|p2a: Rotom|38\/100\n|move|p1b: Ting-Lu|Earthquake|p2b: Dragonite|[spread] \n|-immune|p1a: Bronzong|[from] ability: Levitate\n|-immune|p2a: Rotom|[from] ability: Levitate\n|-immune|p2b: Dragonite\n|move|p2a: Rotom|Tera Blast|p1a: Bronzong\n|-supereffective|p1a: Bronzong\n|-damage|p1a: Bronzong|48\/100\n|-enditem|p1a: Bronzong|Sitrus Berry|[eat]\n|-heal|p1a: Bronzong|72\/100|[from] item: Sitrus Berry\n|\n|upkeep\n|turn|4\n|\n|t:|1683598697\n|switch|p1b: Dragonite|Dragonite, L50, M|100\/100\n|move|p2b: Dragonite|Extreme Speed|p1b: Dragonite\n|-damage|p1b: Dragonite|90\/100\n|move|p1a: Bronzong|Body Press|p2a: Rotom\n|-damage|p2a: Rotom|0 fnt\n|faint|p2a: Rotom\n|\n|upkeep\n|\n|t:|1683598713\n|switch|p2a: Iron Treads|Iron Treads, L50|5\/100\n|turn|5\n|\n|t:|1683598721\n|move|p2a: Iron Treads|Protect|p2a: Iron Treads\n|-singleturn|p2a: Iron Treads|Protect\n|move|p1b: Dragonite|Extreme Speed|p2a: Iron Treads\n|-activate|p2a: Iron Treads|move: Protect\n|move|p1a: Bronzong|Iron Defense|p1a: Bronzong\n|-boost|p1a: Bronzong|def|2\n|move|p2b: Dragonite|Tailwind|p2b: Dragonite\n|-sidestart|p2: daveboy77|move: Tailwind\n|\n|-fieldend|move: Trick Room\n|upkeep\n|turn|6\n|\n|t:|1683598734\n|move|p1b: Dragonite|Extreme Speed|p2a: Iron Treads\n|-resisted|p2a: Iron Treads\n|-damage|p2a: Iron Treads|0 fnt\n|faint|p2a: Iron Treads\n|-end|p2a: Iron Treads|Quark Drive|[silent]\n|move|p2b: Dragonite|Encore|p1a: Bronzong\n|-start|p1a: Bronzong|Encore\n|move|p1a: Bronzong|Iron Defense|p1a: Bronzong\n|-boost|p1a: Bronzong|def|2\n|\n|upkeep\n|\n|t:|1683598742\n|switch|p2a: Gallade|Gallade, L50, M|100\/100\n|turn|7\n|\n|t:|1683598759\n|switch|p1a: Chien-Pao|Chien-Pao, L50|100\/100\n|-ability|p1a: Chien-Pao|Sword of Ruin\n|-terastallize|p1b: Dragonite|Normal\n|move|p2b: Dragonite|Helping Hand|p2a: Gallade\n|-singleturn|p2a: Gallade|Helping Hand|[of] p2b: Dragonite\n|move|p1b: Dragonite|Extreme Speed|p2a: Gallade\n|-damage|p2a: Gallade|9\/100\n|move|p2a: Gallade|Psycho Cut|p1b: Dragonite\n|-damage|p1b: Dragonite|0 fnt\n|faint|p1b: Dragonite\n|\n|upkeep\n|\n|t:|1683598762\n|switch|p1b: Bronzong|Bronzong, L50|72\/100\n|turn|8\n|j| safdsgfdg\n|inactive|Rolling Mooo has 30 seconds left.\n|\n|t:|1683598792\n|move|p2b: Dragonite|Extreme Speed|p1a: Chien-Pao\n|-damage|p1a: Chien-Pao|70\/100\n|move|p1a: Chien-Pao|Sucker Punch||[still]\n|-fail|p1a: Chien-Pao\n|move|p2a: Gallade|Hypnosis|p1b: Bronzong|[miss]\n|-miss|p2a: Gallade|p1b: Bronzong\n|-enditem|p2a: Gallade|Blunder Policy\n|-boost|p2a: Gallade|spe|2\n|move|p1b: Bronzong|Trick Room|p1b: Bronzong\n|-fieldstart|move: Trick Room|[of] p1b: Bronzong\n|\n|-sideend|p2: daveboy77|move: Tailwind\n|upkeep\n|turn|9\n|\n|t:|1683598816\n|switch|p1a: Ting-Lu|Ting-Lu, L50|6\/100\n|-ability|p1a: Ting-Lu|Vessel of Ruin\n|move|p2b: Dragonite|Extreme Speed|p1a: Ting-Lu\n|-damage|p1a: Ting-Lu|0 fnt\n|faint|p1a: Ting-Lu\n|move|p1b: Bronzong|Body Press|p2a: Gallade\n|-resisted|p2a: Gallade\n|-damage|p2a: Gallade|0 fnt\n|faint|p2a: Gallade\n|\n|upkeep\n|\n|t:|1683598820\n|switch|p1a: Chien-Pao|Chien-Pao, L50|70\/100\n|-ability|p1a: Chien-Pao|Sword of Ruin\n|turn|10\n|j| Hoyuelo\n|\n|t:|1683598839\n|move|p2b: Dragonite|Extreme Speed|p1a: Chien-Pao\n|-damage|p1a: Chien-Pao|39\/100\n|move|p1b: Bronzong|Iron Defense|p1b: Bronzong\n|-boost|p1b: Bronzong|def|2\n|move|p1a: Chien-Pao|Icicle Crash|p2b: Dragonite\n|-supereffective|p2b: Dragonite\n|-damage|p2b: Dragonite|10\/100\n|\n|-heal|p2b: Dragonite|16\/100|[from] item: Leftovers\n|upkeep\n|turn|11\n|\n|t:|1683598859\n|move|p1b: Bronzong|Iron Defense|p1b: Bronzong\n|-boost|p1b: Bronzong|def|2\n|move|p2b: Dragonite|Encore|p1b: Bronzong\n|-start|p1b: Bronzong|Encore\n|move|p1a: Chien-Pao|Icicle Crash|p2b: Dragonite\n|-supereffective|p2b: Dragonite\n|-damage|p2b: Dragonite|0 fnt\n|faint|p2b: Dragonite\n|\n|win|Rolling Mooo\n|raw|Rolling Mooo's rating: 1779 → 1795<\/strong> (+16 for winning)\n|raw|daveboy77's rating: 1712 → 1696<\/strong> (-16 for losing)\n|l|\u2606Rolling Mooo\n|l|\u2606daveboy77\n|l| Braindeadmeta\n","uploadtime":1683599018,"views":10,"p1id":"rollingmooo","p2id":"daveboy77","formatid":"gen9vgc2023regulationc","rating":1696,"private":0,"password":""}