{"id":"gen9vgc2023regulationc-1854858389","p1":"bennoVGC","p2":"HeffNastyy","format":"[Gen 9] VGC 2023 Regulation C","log":"|j|\u2606bennoVGC\n|j|\u2606HeffNastyy\n|t:|1682874069\n|gametype|doubles\n|player|p1|bennoVGC|265|\n|player|p2|HeffNastyy|lance|\n|teamsize|p1|6\n|teamsize|p2|6\n|gen|9\n|tier|[Gen 9] VGC 2023 Regulation C\n|rule|Species Clause: Limit one of each Pok\u00e9mon\n|rule|Item Clause: Limit one of each item\n|clearpoke\n|poke|p1|Palafin, L50, M|\n|poke|p1|Arcanine, L50, F|\n|poke|p1|Flutter Mane, L50|\n|poke|p1|Amoonguss, L50, F|\n|poke|p1|Pawmot, L50, M|\n|poke|p1|Ting-Lu, L50|\n|poke|p2|Garchomp, L50, F|\n|poke|p2|Chien-Pao, L50|\n|poke|p2|Talonflame, L50, M|\n|poke|p2|Gyarados, L50, F|\n|poke|p2|Flutter Mane, L50|\n|poke|p2|Iron Hands, L50|\n|teampreview|4\n|c|\u2606bennoVGC|g3\nbennoVGC has agreed to open team sheets.\nHeffNastyy has agreed to open team sheets.\n|c|\u2606bennoVGC|gl hf :D\n|c|\u2606HeffNastyy|gl hf\n|\n|t:|1682874825\n|start\n|switch|p1a: Palafin|Palafin, L50, M, shiny|100\/100\n|switch|p1b: Flutter Mane|Flutter Mane, L50, shiny|100\/100\n|switch|p2a: Lilith|Flutter Mane, L50, shiny|100\/100\n|switch|p2b: Phoenix|Talonflame, L50, M, shiny|100\/100\n|-enditem|p2a: Lilith|Booster Energy\n|-activate|p2a: Lilith|ability: Protosynthesis|[fromitem]\n|-start|p2a: Lilith|protosynthesisspa\n|turn|1\n|\n|t:|1682874887\n|detailschange|p1a: Palafin|Palafin-Hero, L50, M, shiny\n|switch|p1a: Ting-Lu|Ting-Lu, L50|100\/100\n|-ability|p1a: Ting-Lu|Vessel of Ruin\n|-terastallize|p1b: Flutter Mane|Grass\n|-terastallize|p2a: Lilith|Fairy\n|move|p2b: Phoenix|Tailwind|p2b: Phoenix\n|-sidestart|p2: HeffNastyy|move: Tailwind\n|move|p2a: Lilith|Shadow Ball|p1b: Flutter Mane\n|-damage|p1b: Flutter Mane|64\/100\n|-unboost|p1b: Flutter Mane|spd|1\n|move|p1b: Flutter Mane|Shadow Ball|p2a: Lilith\n|-damage|p2a: Lilith|59\/100\n|\n|upkeep\n|turn|2\n|\n|t:|1682874923\n|-end|p1b: Flutter Mane|Protosynthesis|[silent]\n|switch|p1b: Pawmot|Pawmot, L50, M, shiny|100\/100\n|move|p2b: Phoenix|Brave Bird|p1b: Pawmot\n|-damage|p1b: Pawmot|44\/100\n|-damage|p2b: Phoenix|86\/100|[from] Recoil\n|move|p2a: Lilith|Moonblast|p1a: Ting-Lu\n|-supereffective|p1a: Ting-Lu\n|-damage|p1a: Ting-Lu|52\/100\n|move|p1a: Ting-Lu|Ruination|p2b: Phoenix\n|-damage|p2b: Phoenix|43\/100\n|\n|upkeep\n|turn|3\n|\n|t:|1682874955\n|move|p2b: Phoenix|Quick Guard|p2b: Phoenix\n|-singleturn|p2b: Phoenix|Quick Guard\n|move|p2a: Lilith|Dazzling Gleam|p1a: Ting-Lu|[spread] p1a,p1b\n|-supereffective|p1a: Ting-Lu\n|-supereffective|p1b: Pawmot\n|-damage|p1a: Ting-Lu|20\/100\n|-damage|p1b: Pawmot|0 fnt\n|faint|p1b: Pawmot\n|move|p1a: Ting-Lu|Heavy Slam|p2a: Lilith\n|-supereffective|p2a: Lilith\n|-damage|p2a: Lilith|0 fnt\n|faint|p2a: Lilith\n|-end|p2a: Lilith|Protosynthesis|[silent]\n|\n|upkeep\n|\n|t:|1682874975\n|switch|p1b: Palafin|Palafin-Hero, L50, M, shiny|100\/100\n|switch|p2a: Chompa|Garchomp, L50, F, shiny|100\/100\n|-activate|p1b: Palafin|ability: Zero to Hero\n|turn|4\n|\n|t:|1682875002\n|switch|p2b: Jaws|Gyarados, L50, F, shiny|100\/100\n|-ability|p2b: Jaws|Intimidate|boost\n|-unboost|p1a: Ting-Lu|atk|1\n|-unboost|p1b: Palafin|atk|1\n|move|p2a: Chompa|Earthquake|p1a: Ting-Lu|[spread] p1a,p1b\n|-immune|p2b: Jaws\n|-damage|p1a: Ting-Lu|0 fnt\n|-damage|p1b: Palafin|66\/100\n|faint|p1a: Ting-Lu\n|move|p1b: Palafin|Wave Crash|p2b: Jaws\n|-resisted|p2b: Jaws\n|-damage|p2b: Jaws|75\/100\n|-damage|p1b: Palafin|57\/100|[from] Recoil\n|\n|-sideend|p2: HeffNastyy|move: Tailwind\n|upkeep\n|\n|t:|1682875010\n|switch|p1a: Flutter Mane|Flutter Mane, L50, shiny, tera:Grass|64\/100\n|turn|5\n|\n|t:|1682875025\n|move|p2a: Chompa|Protect|p2a: Chompa\n|-singleturn|p2a: Chompa|Protect\n|move|p1a: Flutter Mane|Thunderbolt|p2b: Jaws\n|-supereffective|p2b: Jaws\n|-crit|p2b: Jaws\n|-damage|p2b: Jaws|0 fnt\n|faint|p2b: Jaws\n|move|p1b: Palafin|Wave Crash|p2a: Chompa\n|-activate|p2a: Chompa|move: Protect\n|\n|upkeep\n|\n|t:|1682875034\n|switch|p2b: Phoenix|Talonflame, L50, M, shiny|43\/100\n|turn|6\n|\n|t:|1682875051\n|move|p1b: Palafin|Protect|p1b: Palafin\n|-singleturn|p1b: Palafin|Protect\n|move|p2b: Phoenix|Quick Guard|p2b: Phoenix\n|-singleturn|p2b: Phoenix|Quick Guard\n|move|p1a: Flutter Mane|Thunderbolt|p2b: Phoenix\n|-supereffective|p2b: Phoenix\n|-damage|p2b: Phoenix|0 fnt\n|faint|p2b: Phoenix\n|move|p2a: Chompa|Earthquake|p1b: Palafin|[spread] p1a\n|-activate|p1b: Palafin|move: Protect\n|-resisted|p1a: Flutter Mane\n|-crit|p1a: Flutter Mane\n|-damage|p1a: Flutter Mane|7\/100\n|\n|upkeep\n|turn|7\n|\n|t:|1682875082\n|move|p1b: Palafin|Jet Punch|p2a: Chompa\n|-damage|p2a: Chompa|70\/100\n|-damage|p1b: Palafin|45\/100|[from] ability: Rough Skin|[of] p2a: Chompa\n|move|p1a: Flutter Mane|Thunderbolt|p2a: Chompa\n|-immune|p2a: Chompa\n|move|p2a: Chompa|Dragon Claw|p1b: Palafin\n|-damage|p1b: Palafin|5\/100\n|\n|upkeep\n|turn|8\n|\n|t:|1682875104\n|move|p1a: Flutter Mane|Thunderbolt|p2a: Chompa\n|-immune|p2a: Chompa\n|move|p2a: Chompa|Dragon Claw|p1b: Palafin\n|-damage|p1b: Palafin|0 fnt\n|faint|p1b: Palafin\n|\n|upkeep\n|turn|9\n|c|\u2606bennoVGC|gg\n|c|\u2606HeffNastyy|ggs\n|-message|bennoVGC forfeited.\n|\n|win|HeffNastyy\n|l|\u2606bennoVGC\n","uploadtime":1682875194,"views":8,"p1id":"bennovgc","p2id":"heffnastyy","formatid":"gen9vgc2023regulationc","rating":0,"private":0,"password":""}