{"id":"gen9vgc2023regulationc-1863079525","p1":"user0118","p2":"Arcacagne","format":"[Gen 9] VGC 2023 Regulation C","log":"|j|\u2606user0118\n|j|\u2606Arcacagne\n|t:|1683965621\n|gametype|doubles\n|player|p1|user0118|170|1365\n|player|p2|Arcacagne|169|1271\n|teamsize|p1|6\n|teamsize|p2|6\n|gen|9\n|tier|[Gen 9] VGC 2023 Regulation C\n|rated|\n|rule|Species Clause: Limit one of each Pok\u00e9mon\n|rule|Item Clause: Limit one of each item\n|clearpoke\n|poke|p1|Murkrow, L50, F|\n|poke|p1|Chi-Yu, L50|\n|poke|p1|Iron Bundle, L50|\n|poke|p1|Flutter Mane, L50|\n|poke|p1|Great Tusk, L50|\n|poke|p1|Gholdengo, L50|\n|poke|p2|Chi-Yu, L50|\n|poke|p2|Flutter Mane, L50|\n|poke|p2|Amoonguss, L50, M|\n|poke|p2|Ting-Lu, L50|\n|poke|p2|Iron Hands, L50|\n|poke|p2|Gyarados, L50, F|\n|teampreview|4\n|inactive|Battle timer is ON: inactive players will automatically lose when time's up. (requested by Arcacagne)\n|inactive|user0118 has 60 seconds left.\n|\n|t:|1683965715\n|start\n|switch|p1a: Murkrow|Murkrow, L50, F|100\/100\n|switch|p1b: Great Tusk|Great Tusk, L50|100\/100\n|switch|p2a: Ting-Lu|Ting-Lu, L50|100\/100\n|switch|p2b: Iron Hands|Iron Hands, L50|100\/100\n|-ability|p2a: Ting-Lu|Vessel of Ruin\n|turn|1\n|inactive|user0118 has 30 seconds left.\n|inactive|Arcacagne has 30 seconds left.\n|inactive|user0118 has 20 seconds left.\n|inactive|Arcacagne has 20 seconds left.\n|inactive|user0118 has 15 seconds left.\n|\n|t:|1683965758\n|switch|p2a: Gyarados|Gyarados, L50, F|100\/100\n|-ability|p2a: Gyarados|Intimidate|boost\n|-unboost|p1a: Murkrow|atk|1\n|-unboost|p1b: Great Tusk|atk|1\n|-terastallize|p2b: Iron Hands|Grass\n|move|p1a: Murkrow|Sunny Day|p1a: Murkrow\n|-weather|SunnyDay\n|-activate|p1b: Great Tusk|ability: Protosynthesis\n|-start|p1b: Great Tusk|protosynthesisdef\n|move|p1b: Great Tusk|Earthquake|p2b: Iron Hands|[spread] p2b\n|-immune|p1a: Murkrow\n|-immune|p2a: Gyarados\n|-resisted|p2b: Iron Hands\n|-damage|p2b: Iron Hands|91\/100\n|move|p2b: Iron Hands|Thunder Punch|p1a: Murkrow\n|-supereffective|p1a: Murkrow\n|-damage|p1a: Murkrow|17\/100\n|\n|-weather|SunnyDay|[upkeep]\n|upkeep\n|turn|2\n|inactive|user0118 has 30 seconds left.\n|inactive|Arcacagne has 30 seconds left.\n|inactive|user0118 has 20 seconds left.\n|\n|t:|1683965797\n|move|p1a: Murkrow|Haze|p1a: Murkrow\n|-clearallboost\n|move|p2a: Gyarados|Waterfall|p1a: Murkrow\n|-damage|p1a: Murkrow|0 fnt\n|faint|p1a: Murkrow\n|move|p1b: Great Tusk|Rock Slide|p2a: Gyarados|[spread] p2a,p2b\n|-supereffective|p2a: Gyarados\n|-damage|p2a: Gyarados|55\/100\n|-damage|p2b: Iron Hands|77\/100\n|move|p2b: Iron Hands|Swords Dance|p2b: Iron Hands\n|-boost|p2b: Iron Hands|atk|2\n|\n|-weather|SunnyDay|[upkeep]\n|upkeep\n|\n|t:|1683965810\n|switch|p1a: Iron Bundle|Iron Bundle, L50|100\/100\n|-enditem|p1a: Iron Bundle|Booster Energy\n|-activate|p1a: Iron Bundle|ability: Quark Drive|[fromitem]\n|-start|p1a: Iron Bundle|quarkdrivespe\n|turn|3\n|\n|t:|1683965829\n|switch|p2a: Ting-Lu|Ting-Lu, L50|100\/100\n|-ability|p2a: Ting-Lu|Vessel of Ruin\n|move|p1a: Iron Bundle|Freeze-Dry|p2b: Iron Hands\n|-supereffective|p2b: Iron Hands\n|-damage|p2b: Iron Hands|45\/100\n|move|p1b: Great Tusk|Close Combat|p2b: Iron Hands\n|-damage|p2b: Iron Hands|4\/100\n|-unboost|p1b: Great Tusk|def|1\n|-unboost|p1b: Great Tusk|spd|1\n|move|p2b: Iron Hands|Drain Punch|p1a: Iron Bundle\n|-supereffective|p1a: Iron Bundle\n|-damage|p1a: Iron Bundle|0 fnt\n|-heal|p2b: Iron Hands|30\/100|[from] drain|[of] p1a: Iron Bundle\n|faint|p1a: Iron Bundle\n|-end|p1a: Iron Bundle|Quark Drive|[silent]\n|\n|-weather|SunnyDay|[upkeep]\n|upkeep\n|\n|t:|1683965845\n|switch|p1a: Gholdengo|Gholdengo, L50|100\/100\n|turn|4\n|inactive|user0118 has 30 seconds left.\n|\n|t:|1683965870\n|-end|p2b: Iron Hands|Quark Drive|[silent]\n|switch|p2b: Gyarados|Gyarados, L50, F|55\/100\n|-ability|p2b: Gyarados|Intimidate|boost\n|-unboost|p1a: Gholdengo|atk|1\n|-unboost|p1b: Great Tusk|atk|1\n|-terastallize|p1a: Gholdengo|Water\n|move|p1a: Gholdengo|Make It Rain|p2a: Ting-Lu|[spread] p2a,p2b\n|-resisted|p2b: Gyarados\n|-damage|p2a: Ting-Lu|72\/100\n|-damage|p2b: Gyarados|42\/100\n|-unboost|p1a: Gholdengo|spa|1\n|move|p1b: Great Tusk|Rock Slide|p2b: Gyarados|[spread] p2a,p2b\n|-resisted|p2a: Ting-Lu\n|-supereffective|p2b: Gyarados\n|-damage|p2a: Ting-Lu|67\/100\n|-damage|p2b: Gyarados|14\/100\n|move|p2a: Ting-Lu|Earthquake|p1b: Great Tusk|[spread] p1a,p1b\n|-immune|p2b: Gyarados\n|-crit|p1a: Gholdengo\n|-damage|p1a: Gholdengo|10\/100\n|-damage|p1b: Great Tusk|56\/100\n|-enditem|p1a: Gholdengo|Sitrus Berry|[eat]\n|-heal|p1a: Gholdengo|34\/100|[from] item: Sitrus Berry\n|\n|-weather|SunnyDay|[upkeep]\n|upkeep\n|turn|5\n|inactive|user0118 has 30 seconds left.\n|inactive|Arcacagne has 30 seconds left.\n|\n|t:|1683965901\n|move|p2b: Gyarados|Protect|p2b: Gyarados\n|-singleturn|p2b: Gyarados|Protect\n|move|p1a: Gholdengo|Tera Blast|p2a: Ting-Lu\n|-supereffective|p2a: Ting-Lu\n|-damage|p2a: Ting-Lu|52\/100\n|move|p1b: Great Tusk|Close Combat|p2a: Ting-Lu\n|-supereffective|p2a: Ting-Lu\n|-damage|p2a: Ting-Lu|0 fnt\n|-unboost|p1b: Great Tusk|def|1\n|-unboost|p1b: Great Tusk|spd|1\n|faint|p2a: Ting-Lu\n|\n|-weather|none\n|-end|p1b: Great Tusk|Protosynthesis\n|upkeep\n|\n|t:|1683965925\n|switch|p2a: Chi-Yu|Chi-Yu, L50|100\/100\n|-ability|p2a: Chi-Yu|Beads of Ruin\n|turn|6\n|\n|t:|1683965940\n|move|p2a: Chi-Yu|Heat Wave|p1a: Gholdengo|[spread] p1a,p1b\n|-resisted|p1a: Gholdengo\n|-damage|p1a: Gholdengo|6\/100\n|-damage|p1b: Great Tusk|0 fnt\n|faint|p1b: Great Tusk\n|-end|p1b: Great Tusk|Protosynthesis|[silent]\n|move|p1a: Gholdengo|Tera Blast|p2a: Chi-Yu\n|-supereffective|p2a: Chi-Yu\n|-damage|p2a: Chi-Yu|27\/100\n|move|p2b: Gyarados|Waterfall|p1a: Gholdengo\n|-resisted|p1a: Gholdengo\n|-damage|p1a: Gholdengo|0 fnt\n|faint|p1a: Gholdengo\n|\n|win|Arcacagne\n|raw|user0118's rating: 1365 → 1340<\/strong> (-25 for losing)\n|raw|Arcacagne's rating: 1271 → 1303<\/strong> (+32 for winning)\n","uploadtime":1683965953,"views":11,"p1id":"user0118","p2id":"arcacagne","formatid":"gen9vgc2023regulationc","rating":1303,"private":0,"password":""}