{"id":"gen9vgc2023regulationc-1845953530","p1":"Ricardo Randorez","p2":"TrashOwOs","format":"[Gen 9] VGC 2023 Regulation C","log":"|j|\u2606Ricardo Randorez\n|j|\u2606TrashOwOs\n|t:|1681783295\n|gametype|doubles\n|player|p1|Ricardo Randorez|169|1179\n|player|p2|TrashOwOs|lass-gen4dp|1077\n|teamsize|p1|6\n|teamsize|p2|6\n|gen|9\n|tier|[Gen 9] VGC 2023 Regulation C\n|rated|\n|rule|Species Clause: Limit one of each Pok\u00e9mon\n|rule|Item Clause: Limit one of each item\n|clearpoke\n|poke|p1|Gyarados, L50, F|\n|poke|p1|Arcanine, L50, M|\n|poke|p1|Dragonite, L50, M|\n|poke|p1|Flutter Mane, L50|\n|poke|p1|Volcarona, L50, M|\n|poke|p1|Chien-Pao, L50|\n|poke|p2|Indeedee-F, L50, F|\n|poke|p2|Florges, L50, F|\n|poke|p2|Goodra, L50, M|\n|poke|p2|Vaporeon, L50, M|\n|poke|p2|Sableye, L50, F|\n|poke|p2|Lurantis, L50, F|\n|teampreview|4\n|inactive|Battle timer is ON: inactive players will automatically lose when time's up. (requested by Ricardo Randorez)\n|\n|t:|1681783323\n|start\n|switch|p1a: Dragonite|Dragonite, L50, M|100\/100\n|switch|p1b: Chien-Pao|Chien-Pao, L50|100\/100\n|switch|p2a: Sableye|Sableye, L50, F|100\/100\n|switch|p2b: Indeedee|Indeedee-F, L50, F|100\/100\n|-ability|p1b: Chien-Pao|Sword of Ruin\n|-fieldstart|move: Psychic Terrain|[from] ability: Psychic Surge|[of] p2b: Indeedee\n|-enditem|p2b: Indeedee|Psychic Seed\n|-boost|p2b: Indeedee|spd|1|[from] item: Psychic Seed\n|turn|1\n|inactive|Ricardo Randorez has 30 seconds left.\n|inactive|TrashOwOs has 30 seconds left.\n|\n|t:|1681783356\n|switch|p1a: Arcanine|Arcanine, L50, M|100\/100\n|-ability|p1a: Arcanine|Intimidate|boost\n|-unboost|p2a: Sableye|atk|1\n|-unboost|p2b: Indeedee|atk|1\n|move|p2a: Sableye|Reflect|p2a: Sableye\n|-sidestart|p2: TrashOwOs|Reflect\n|move|p1b: Chien-Pao|Ice Spinner|p2a: Sableye\n|-damage|p2a: Sableye|48\/100\n|-fieldend|move: Psychic Terrain\n|move|p2b: Indeedee|Trick Room|p2b: Indeedee\n|-fieldstart|move: Trick Room|[of] p2b: Indeedee\n|\n|upkeep\n|turn|2\n|inactive|TrashOwOs has 30 seconds left.\n|\n|t:|1681783381\n|move|p1b: Chien-Pao|Protect|p1b: Chien-Pao\n|-singleturn|p1b: Chien-Pao|Protect\n|move|p2a: Sableye|Will-O-Wisp|p1b: Chien-Pao\n|-activate|p1b: Chien-Pao|move: Protect\n|move|p2b: Indeedee|Psychic|p1a: Arcanine\n|-damage|p1a: Arcanine|69\/100\n|move|p1a: Arcanine|Snarl|p2a: Sableye|[spread] p2a,p2b\n|-supereffective|p2b: Indeedee\n|-damage|p2a: Sableye|39\/100\n|-damage|p2b: Indeedee|91\/100\n|-unboost|p2a: Sableye|spa|1\n|-unboost|p2b: Indeedee|spa|1\n|\n|upkeep\n|turn|3\n|inactive|Ricardo Randorez has 30 seconds left.\n|\n|t:|1681783407\n|move|p2a: Sableye|Will-O-Wisp|p1b: Chien-Pao\n|-hint|Since gen 7, Dark is immune to Prankster moves.\n|-immune|p1b: Chien-Pao\n|move|p1b: Chien-Pao|Sucker Punch|p2b: Indeedee\n|-supereffective|p2b: Indeedee\n|-damage|p2b: Indeedee|0 fnt\n|faint|p2b: Indeedee\n|move|p1a: Arcanine|Flare Blitz|p2a: Sableye\n|-damage|p2a: Sableye|0 fnt\n|faint|p2a: Sableye\n|-damage|p1a: Arcanine|58\/100|[from] Recoil\n|\n|upkeep\n|\n|t:|1681783421\n|switch|p2a: Goodra|Goodra, L50, M, shiny|100\/100\n|switch|p2b: Vaporeon|Vaporeon, L50, M|100\/100\n|turn|4\n|\n|t:|1681783434\n|-terastallize|p2b: Vaporeon|Water\n|-terastallize|p1a: Arcanine|Normal\n|move|p1b: Chien-Pao|Sucker Punch||[still]\n|-fail|p1b: Chien-Pao\n|move|p2b: Vaporeon|Muddy Water|p1a: Arcanine|[spread] p1a,p1b\n|-damage|p1a: Arcanine|10\/100\n|-damage|p1b: Chien-Pao|32\/100\n|move|p2a: Goodra|Rain Dance|p2a: Goodra\n|-weather|RainDance\n|move|p1a: Arcanine|Snarl|p2a: Goodra|[spread] p2a,p2b\n|-damage|p2a: Goodra|96\/100\n|-damage|p2b: Vaporeon|94\/100\n|-unboost|p2a: Goodra|spa|1\n|\n|-weather|RainDance|[upkeep]\n|upkeep\n|turn|5\n|\n|t:|1681783456\n|move|p1a: Arcanine|Extreme Speed|p2b: Vaporeon\n|-damage|p2b: Vaporeon|57\/100\n|move|p1b: Chien-Pao|Sucker Punch|p2a: Goodra\n|-damage|p2a: Goodra|57\/100\n|move|p2b: Vaporeon|Muddy Water|p1b: Chien-Pao|[spread] p1a,p1b\n|-damage|p1a: Arcanine|0 fnt\n|-damage|p1b: Chien-Pao|0 fnt\n|faint|p1a: Arcanine\n|faint|p1b: Chien-Pao\n|move|p2a: Goodra|Surf|p2b: Vaporeon\n|-heal|p2b: Vaporeon|82\/100|[from] ability: Water Absorb|[of] p2a: Goodra\n|\n|-weather|RainDance|[upkeep]\n|-fieldend|move: Trick Room\n|upkeep\n|\n|t:|1681783472\n|switch|p1b: Dragonite|Dragonite, L50, M|100\/100\n|switch|p1a: Flutter Mane|Flutter Mane, L50|100\/100\n|-enditem|p1a: Flutter Mane|Booster Energy\n|-activate|p1a: Flutter Mane|ability: Protosynthesis|[fromitem]\n|-start|p1a: Flutter Mane|protosynthesisspe\n|turn|6\n|\n|t:|1681783486\n|move|p1b: Dragonite|Extreme Speed|p2a: Goodra\n|-damage|p2a: Goodra|20\/100\n|-enditem|p2a: Goodra|Sitrus Berry|[eat]\n|-heal|p2a: Goodra|45\/100|[from] item: Sitrus Berry\n|move|p1a: Flutter Mane|Thunderbolt|p2b: Vaporeon\n|-supereffective|p2b: Vaporeon\n|-damage|p2b: Vaporeon|36\/100\n|move|p2a: Goodra|Tearful Look|p1a: Flutter Mane\n|-unboost|p1a: Flutter Mane|atk|1\n|-unboost|p1a: Flutter Mane|spa|1\n|move|p2b: Vaporeon|Calm Mind|p2b: Vaporeon\n|-boost|p2b: Vaporeon|spa|1\n|-boost|p2b: Vaporeon|spd|1\n|\n|-weather|RainDance|[upkeep]\n|upkeep\n|turn|7\n|\n|t:|1681783506\n|move|p1b: Dragonite|Extreme Speed|p2a: Goodra\n|-damage|p2a: Goodra|7\/100\n|move|p1a: Flutter Mane|Thunderbolt|p2b: Vaporeon\n|-supereffective|p2b: Vaporeon\n|-crit|p2b: Vaporeon\n|-damage|p2b: Vaporeon|0 fnt\n|faint|p2b: Vaporeon\n|move|p2a: Goodra|Surf|p1b: Dragonite|[spread] p1a,p1b\n|-resisted|p1b: Dragonite\n|-damage|p1a: Flutter Mane|81\/100\n|-damage|p1b: Dragonite|92\/100\n|\n|-weather|RainDance|[upkeep]\n|upkeep\n|turn|8\n|\n|t:|1681783520\n|move|p1b: Dragonite|Extreme Speed|p2a: Goodra\n|-damage|p2a: Goodra|0 fnt\n|faint|p2a: Goodra\n|\n|win|Ricardo Randorez\n|raw|Ricardo Randorez's rating: 1179 → 1197<\/strong> (+18 for winning)\n|raw|TrashOwOs's rating: 1077 → 1062<\/strong> (-15 for losing)\n|c|\u2606Ricardo Randorez|Yep\n|l|\u2606TrashOwOs\n|c|\u2606Ricardo Randorez|Cool team tho\n","uploadtime":1681783542,"views":8,"p1id":"ricardorandorez","p2id":"trashowos","formatid":"gen9vgc2023regulationc","rating":1062,"private":0,"password":""}