{"id":"gen9vgc2023regulationc-1859331057","p1":"sparktide","p2":"joju997","format":"[Gen 9] VGC 2023 Regulation C","log":"|j|\u2606sparktide\n|j|\u2606joju997\n|t:|1683436098\n|gametype|doubles\n|player|p1|sparktide|1|\n|player|p2|joju997|170|\n|teamsize|p1|6\n|teamsize|p2|6\n|gen|9\n|tier|[Gen 9] VGC 2023 Regulation C\n|rule|Species Clause: Limit one of each Pok\u00e9mon\n|rule|Item Clause: Limit one of each item\n|clearpoke\n|poke|p1|Kilowattrel, L50, M|\n|poke|p1|Maushold, L50|\n|poke|p1|Barraskewda, L50, F|\n|poke|p1|Pelipper, L50, F|\n|poke|p1|Amoonguss, L50, M|\n|poke|p1|Scizor, L50, M|\n|poke|p2|Luxray, L50, M|\n|poke|p2|Talonflame, L50, M|\n|poke|p2|Meowscarada, L50, M|\n|poke|p2|Corviknight, L50, M|\n|poke|p2|Garchomp, L50, M|\n|poke|p2|Sylveon, L50, F|\n|teampreview|4\njoju997 has agreed to open team sheets.\n|\n|t:|1683436121\n|start\n|switch|p1a: Pepper|Pelipper, L50, F|100\/100\n|switch|p1b: Blitz|Kilowattrel, L50, M|100\/100\n|switch|p2a: Talonflame|Talonflame, L50, M|100\/100\n|switch|p2b: Corviknight|Corviknight, L50, M|100\/100\n|-weather|RainDance|[from] ability: Drizzle|[of] p1a: Pepper\n|turn|1\n|\n|t:|1683436176\n|move|p2a: Talonflame|Tailwind|p2a: Talonflame\n|-sidestart|p2: joju997|move: Tailwind\n|move|p1b: Blitz|Thunder|p2b: Corviknight\n|-supereffective|p2b: Corviknight\n|-damage|p2b: Corviknight|0 fnt\n|faint|p2b: Corviknight\n|move|p1a: Pepper|Tailwind|p1a: Pepper\n|-sidestart|p1: sparktide|move: Tailwind\n|\n|-weather|RainDance|[upkeep]\n|upkeep\n|\n|t:|1683436187\n|switch|p2b: Sylveon|Sylveon, L50, F|100\/100\n|-item|p2b: Sylveon|Air Balloon\n|turn|2\n|\n|t:|1683436204\n|move|p2a: Talonflame|Steel Wing|p1a: Pepper\n|-resisted|p1a: Pepper\n|-damage|p1a: Pepper|94\/100\n|move|p1b: Blitz|Weather Ball|p2a: Talonflame\n|-supereffective|p2a: Talonflame\n|-damage|p2a: Talonflame|0 fnt\n|faint|p2a: Talonflame\n|move|p1a: Pepper|U-turn|p2b: Sylveon\n|-resisted|p2b: Sylveon\n|-damage|p2b: Sylveon|96\/100\n|-enditem|p2b: Sylveon|Air Balloon\n|\n|t:|1683436214\n|switch|p1a: Aria|Barraskewda, L50, F|100\/100|[from] U-turn\n|move|p2b: Sylveon|Hyper Voice|p1a: Aria|[spread] p1a,p1b\n|-crit|p1b: Blitz\n|-damage|p1a: Aria|57\/100\n|-damage|p1b: Blitz|18\/100\n|\n|-weather|RainDance|[upkeep]\n|upkeep\n|\n|t:|1683436222\n|switch|p2a: Garchomp|Garchomp, L50, M|100\/100\n|turn|3\n|\n|t:|1683436241\n|move|p2b: Sylveon|Protect|p2b: Sylveon\n|-singleturn|p2b: Sylveon|Protect\n|move|p1a: Aria|Poison Jab|p2b: Sylveon\n|-activate|p2b: Sylveon|move: Protect\n|move|p1b: Blitz|Weather Ball|p2a: Garchomp\n|-damage|p2a: Garchomp|68\/100\n|move|p2a: Garchomp|Draco Meteor|p1b: Blitz\n|-damage|p1b: Blitz|0 fnt\n|-unboost|p2a: Garchomp|spa|2\n|faint|p1b: Blitz\n|\n|-weather|RainDance|[upkeep]\n|upkeep\n|\n|t:|1683436254\n|switch|p1b: Amoo|Amoonguss, L50, M|100\/100\n|turn|4\n|\n|t:|1683436271\n|move|p2b: Sylveon|Protect|p2b: Sylveon\n|-singleturn|p2b: Sylveon|Protect\n|move|p1a: Aria|Poison Jab|p2b: Sylveon\n|-activate|p2b: Sylveon|move: Protect\n|move|p2a: Garchomp|Earthquake|p1a: Aria|[spread] p1a,p1b\n|-activate|p2b: Sylveon|move: Protect\n|-damage|p1a: Aria|0 fnt\n|-damage|p1b: Amoo|62\/100\n|faint|p1a: Aria\n|move|p1b: Amoo|Giga Drain|p2a: Garchomp\n|-damage|p2a: Garchomp|52\/100\n|-heal|p1b: Amoo|71\/100|[from] drain|[of] p2a: Garchomp\n|\n|-weather|RainDance|[upkeep]\n|-heal|p1b: Amoo|77\/100|[from] item: Leftovers\n|-sideend|p2: joju997|move: Tailwind\n|-sideend|p1: sparktide|move: Tailwind\n|upkeep\n|\n|t:|1683436286\n|switch|p1a: Pepper|Pelipper, L50, F|94\/100\n|turn|5\n|\n|t:|1683436310\n|move|p2a: Garchomp|Draco Meteor|p1a: Pepper\n|-damage|p1a: Pepper|57\/100\n|-unboost|p2a: Garchomp|spa|2\n|move|p1a: Pepper|Hurricane|p2b: Sylveon\n|-damage|p2b: Sylveon|76\/100\n|move|p2b: Sylveon|Body Slam|p1a: Pepper\n|-damage|p1a: Pepper|39\/100\n|-status|p1a: Pepper|par\n|move|p1b: Amoo|Foul Play|p2a: Garchomp\n|-damage|p2a: Garchomp|27\/100\n|-damage|p1b: Amoo|64\/100|[from] ability: Rough Skin|[of] p2a: Garchomp\n|\n|-weather|RainDance|[upkeep]\n|-heal|p1b: Amoo|70\/100|[from] item: Leftovers\n|upkeep\n|turn|6\n|\n|t:|1683436358\n|move|p2a: Garchomp|Draco Meteor|p1b: Amoo\n|-damage|p1b: Amoo|58\/100\n|-unboost|p2a: Garchomp|spa|2\n|move|p2b: Sylveon|Hyper Voice|p1b: Amoo|[spread] p1a,p1b\n|-resisted|p1b: Amoo\n|-damage|p1a: Pepper|0 fnt\n|-damage|p1b: Amoo|48\/100\n|faint|p1a: Pepper\n|move|p1b: Amoo|Spore|p2a: Garchomp\n|-status|p2a: Garchomp|slp|[from] move: Spore\n|\n|-weather|RainDance|[upkeep]\n|-heal|p1b: Amoo|54\/100|[from] item: Leftovers\n|upkeep\n|turn|7\n|\n|t:|1683436378\n|move|p2b: Sylveon|Protect|p2b: Sylveon\n|-singleturn|p2b: Sylveon|Protect\n|cant|p2a: Garchomp|slp\n|move|p1b: Amoo|Toxic|p2b: Sylveon\n|-activate|p2b: Sylveon|move: Protect\n|\n|-weather|RainDance|[upkeep]\n|-heal|p1b: Amoo|60\/100|[from] item: Leftovers\n|upkeep\n|turn|8\n|\n|t:|1683436392\n|-curestatus|p2a: Garchomp|slp|[msg]\n|move|p2a: Garchomp|Draco Meteor|p1b: Amoo\n|-damage|p1b: Amoo|51\/100\n|move|p2b: Sylveon|Hyper Voice|p1b: Amoo\n|-resisted|p1b: Amoo\n|-crit|p1b: Amoo\n|-damage|p1b: Amoo|29\/100\n|move|p1b: Amoo|Toxic|p2b: Sylveon\n|-status|p2b: Sylveon|tox\n|\n|-weather|none\n|-heal|p1b: Amoo|35\/100|[from] item: Leftovers\n|-damage|p2b: Sylveon|70\/100 tox|[from] psn\n|upkeep\n|turn|9\n|\n|t:|1683436415\n|move|p2b: Sylveon|Protect|p2b: Sylveon\n|-singleturn|p2b: Sylveon|Protect\n|move|p2a: Garchomp|Draco Meteor|p1b: Amoo\n|-damage|p1b: Amoo|25\/100\n|move|p1b: Amoo|Giga Drain|p2a: Garchomp\n|-damage|p2a: Garchomp|10\/100\n|-heal|p1b: Amoo|33\/100|[from] drain|[of] p2a: Garchomp\n|\n|-heal|p1b: Amoo|39\/100|[from] item: Leftovers\n|-damage|p2b: Sylveon|58\/100 tox|[from] psn\n|upkeep\n|turn|10\n|\n|t:|1683436437\n|move|p2a: Garchomp|Draco Meteor|p1b: Amoo\n|-damage|p1b: Amoo|29\/100\n|move|p2b: Sylveon|Hyper Voice|p1b: Amoo\n|-resisted|p1b: Amoo\n|-damage|p1b: Amoo|16\/100\n|move|p1b: Amoo|Giga Drain|p2a: Garchomp\n|-damage|p2a: Garchomp|0 fnt\n|-heal|p1b: Amoo|20\/100|[from] drain|[of] p2a: Garchomp\n|faint|p2a: Garchomp\n|\n|-heal|p1b: Amoo|26\/100|[from] item: Leftovers\n|-damage|p2b: Sylveon|41\/100 tox|[from] psn\n|upkeep\n|turn|11\n|\n|t:|1683436466\n|move|p2b: Sylveon|Hyper Voice|p1b: Amoo\n|-resisted|p1b: Amoo\n|-damage|p1b: Amoo|13\/100\n|move|p1b: Amoo|Giga Drain|p2b: Sylveon\n|-damage|p2b: Sylveon|27\/100 tox\n|-heal|p1b: Amoo|19\/100|[from] drain|[of] p2b: Sylveon\n|\n|-heal|p1b: Amoo|25\/100|[from] item: Leftovers\n|-damage|p2b: Sylveon|3\/100 tox|[from] psn\n|upkeep\n|turn|12\n|\n|t:|1683436476\n|move|p2b: Sylveon|Hyper Voice|p1b: Amoo\n|-resisted|p1b: Amoo\n|-damage|p1b: Amoo|11\/100\n|move|p1b: Amoo|Giga Drain|p2b: Sylveon\n|-damage|p2b: Sylveon|0 fnt\n|-heal|p1b: Amoo|13\/100|[from] drain|[of] p2b: Sylveon\n|faint|p2b: Sylveon\n|\n|win|sparktide\n|c|\u2606sparktide|gg\n|c|\u2606joju997|gg\n|l|\u2606joju997\n|l|\u2606sparktide\n|j|\u2606sparktide\n|player|p1|sparktide|1\n","uploadtime":1683436813,"views":7,"p1id":"sparktide","p2id":"joju997","formatid":"gen9vgc2023regulationc","rating":0,"private":0,"password":""}