{"id":"gen9vgc2023regulationc-1848256181","p1":"JayMcG1010","p2":"matthewssandslash","format":"[Gen 9] VGC 2023 Regulation C","log":"|j|\u2606JayMcG1010\n|j|\u2606matthewssandslash\n|t:|1682048941\n|gametype|doubles\n|player|p1|JayMcG1010|266|\n|player|p2|matthewssandslash|265|\n|teamsize|p1|6\n|teamsize|p2|6\n|gen|9\n|tier|[Gen 9] VGC 2023 Regulation C\n|rule|Species Clause: Limit one of each Pok\u00e9mon\n|rule|Item Clause: Limit one of each item\n|clearpoke\n|poke|p1|Alomomola, L50, M|\n|poke|p1|Tandemaus, L50|\n|poke|p1|Arctibax, L50, M|\n|poke|p1|Rufflet, L50, M|\n|poke|p1|Swalot, L50, F|\n|poke|p1|Numel, L50, M|\n|poke|p2|Eiscue, L50, M|\n|poke|p2|Slowpoke, L50, M|\n|poke|p2|Capsakid, L50, F|\n|poke|p2|Sunflora, L50, M|\n|poke|p2|Corvisquire, L50, F|\n|poke|p2|Houndour, L50, F|\n|teampreview|4\n|c|\u2606matthewssandslash|oh bro\n|c|\u2606JayMcG1010|g3\n|c|\u2606matthewssandslash|I was not expecting this\n|c|\u2606JayMcG1010|this is super exciting\nJayMcG1010 rejected open team sheets.\n|c|\u2606matthewssandslash|holy\n|c|\u2606matthewssandslash|wel\n|c|\u2606JayMcG1010|brutal miss\n|c|\u2606matthewssandslash|if sky attack were 100%...\n|c|\u2606matthewssandslash|lol\n|c|\u2606matthewssandslash|IDK how much that was doing but it might've might've been something\n|c|\u2606JayMcG1010|i still am pretty unsure how much that wouldve done\n|c|\u2606matthewssandslash|we'll never know\n|c|\u2606matthewssandslash|because it would've had to land lmao\n|\n|t:|1682049614\n|start\n|switch|p1a: 6|Swalot, L50, F, shiny|100\/100\n|switch|p1b: 1|Numel, L50, M, shiny|100\/100\n|switch|p2a: Capsakid|Capsakid, L50, F|100\/100\n|switch|p2b: Eiscue|Eiscue, L50, M|100\/100\n|turn|1\n|c|\u2606JayMcG1010|true! lol, seriously tough to see\n|\n|t:|1682049631\n|move|p2a: Capsakid|Rage Powder|p2a: Capsakid\n|-singleturn|p2a: Capsakid|move: Rage Powder\n|move|p2b: Eiscue|Zen Headbutt|p1a: 6\n|-supereffective|p1a: 6\n|-damage|p1a: 6|44\/100\n|-enditem|p1a: 6|Aguav Berry|[eat]\n|-heal|p1a: 6|77\/100|[from] item: Aguav Berry\n|move|p1a: 6|Acid Armor|p1a: 6\n|-boost|p1a: 6|def|2\n|move|p1b: 1|Will-O-Wisp|p2a: Capsakid\n|-status|p2a: Capsakid|brn\n|\n|-damage|p2a: Capsakid|95\/100 brn|[from] brn\n|upkeep\n|turn|2\n|\n|t:|1682049654\n|switch|p2b: Slowpoke|Slowpoke, L50, M|100\/100\n|move|p1a: 6|Protect|p1a: 6\n|-singleturn|p1a: 6|Protect\n|move|p2a: Capsakid|Protect|p2a: Capsakid\n|-singleturn|p2a: Capsakid|Protect\n|move|p1b: 1|Stockpile|p1b: 1\n|-start|p1b: 1|stockpile1\n|-boost|p1b: 1|def|2\n|-boost|p1b: 1|spd|2\n|\n|-damage|p2a: Capsakid|89\/100 brn|[from] brn\n|upkeep\n|turn|3\n|\n|t:|1682049672\n|move|p2a: Capsakid|Helping Hand|p2b: Slowpoke\n|-singleturn|p2b: Slowpoke|Helping Hand|[of] p2a: Capsakid\n|move|p1a: 6|Acid Armor|p1a: 6\n|-boost|p1a: 6|def|2\n|move|p1b: 1|Stockpile|p1b: 1\n|-start|p1b: 1|stockpile2\n|-boost|p1b: 1|def|2\n|-boost|p1b: 1|spd|2\n|move|p2b: Slowpoke|Liquidation|p1b: 1\n|-supereffective|p1b: 1\n|-damage|p1b: 1|27\/100\n|-enditem|p1b: 1|Sitrus Berry|[eat]\n|-heal|p1b: 1|52\/100|[from] item: Sitrus Berry\n|\n|-damage|p2a: Capsakid|84\/100 brn|[from] brn\n|upkeep\n|turn|4\n|\n|t:|1682049711\n|switch|p2a: Sunflora|Sunflora, L50, M|100\/100\n|move|p1b: 1|Protect|p1b: 1\n|-singleturn|p1b: 1|Protect\n|move|p1a: 6|Acid Armor|p1a: 6\n|-boost|p1a: 6|def|2\n|move|p2b: Slowpoke|Trick Room|p2b: Slowpoke\n|-fieldstart|move: Trick Room|[of] p2b: Slowpoke\n|\n|upkeep\n|turn|5\n|\n|t:|1682049732\n|-terastallize|p2a: Sunflora|Fire\n|move|p2b: Slowpoke|Yawn|p1a: 6\n|-start|p1a: 6|move: Yawn|[of] p2b: Slowpoke\n|move|p2a: Sunflora|Giga Drain|p1b: 1\n|-damage|p1b: 1|29\/100\n|-damage|p2a: Sunflora|91\/100|[from] item: Life Orb\n|move|p1b: 1|Body Press|p2a: Sunflora\n|-damage|p2a: Sunflora|32\/100\n|move|p1a: 6|Body Press|p2a: Sunflora\n|-crit|p2a: Sunflora\n|-damage|p2a: Sunflora|0 fnt\n|faint|p2a: Sunflora\n|\n|upkeep\n|c|\u2606matthewssandslash|whoa\n|c|\u2606matthewssandslash|I just\n|c|\u2606matthewssandslash|kinda forgot\n|c|\u2606matthewssandslash|that stockpile isn't curse\n|c|\u2606matthewssandslash|lmao\n|\n|t:|1682049763\n|switch|p2a: Capsakid|Capsakid, L50, F|84\/100 brn\n|turn|6\n|\n|t:|1682049772\n|move|p2a: Capsakid|Rage Powder|p2a: Capsakid\n|-singleturn|p2a: Capsakid|move: Rage Powder\n|move|p2b: Slowpoke|Liquidation|p1b: 1\n|-supereffective|p1b: 1\n|-damage|p1b: 1|0 fnt\n|faint|p1b: 1\n|move|p1a: 6|Body Press|p2a: Capsakid\n|-crit|p2a: Capsakid\n|-damage|p2a: Capsakid|0 fnt\n|faint|p2a: Capsakid\n|\n|-end|p1a: 6|move: Yawn|[silent]\n|-status|p1a: 6|slp\n|upkeep\n|\n|t:|1682049784\n|switch|p1b: 5|Alomomola, L50, M, shiny|100\/100\n|switch|p2a: Eiscue|Eiscue, L50, M|100\/100\n|turn|7\n|\n|t:|1682049804\n|move|p2b: Slowpoke|Yawn|p1b: 5\n|-start|p1b: 5|move: Yawn|[of] p2b: Slowpoke\n|cant|p1a: 6|slp\n|move|p2a: Eiscue|Liquidation|p1a: 6\n|-damage|p1a: 6|70\/100 slp\n|move|p1b: 5|Hydro Pump|p2a: Eiscue\n|-damage|p2a: Eiscue|72\/100\n|\n|upkeep\n|turn|8\n|\n|t:|1682049819\n|move|p2b: Slowpoke|Liquidation|p1a: 6\n|-damage|p1a: 6|65\/100 slp\n|cant|p1a: 6|slp\n|move|p2a: Eiscue|Liquidation|p1a: 6\n|-damage|p1a: 6|58\/100 slp\n|move|p1b: 5|Hydro Pump|p2a: Eiscue\n|-damage|p2a: Eiscue|45\/100\n|\n|-end|p1b: 5|move: Yawn|[silent]\n|-status|p1b: 5|slp\n|-fieldend|move: Trick Room\n|upkeep\n|turn|9\n|\n|t:|1682049833\n|cant|p1b: 5|slp\n|move|p2a: Eiscue|Liquidation|p1a: 6\n|-damage|p1a: 6|51\/100 slp\n|cant|p1a: 6|slp\n|move|p2b: Slowpoke|Liquidation|p1a: 6\n|-damage|p1a: 6|47\/100 slp\n|\n|upkeep\n|turn|10\n|c|\u2606matthewssandslash|crit crit crit crit crit\n|c|\u2606matthewssandslash|crit\n|c|\u2606matthewssandslash|crit\n|c|\u2606matthewssandslash|crit\n|\n|t:|1682049848\n|cant|p1b: 5|slp\n|move|p2a: Eiscue|Liquidation|p1a: 6\n|-damage|p1a: 6|39\/100 slp\n|-curestatus|p1a: 6|slp|[msg]\n|move|p1a: 6|Toxic|p2b: Slowpoke\n|-status|p2b: Slowpoke|tox\n|move|p2b: Slowpoke|Liquidation|p1a: 6\n|-damage|p1a: 6|36\/100\n|\n|-damage|p2b: Slowpoke|94\/100 tox|[from] psn\n|upkeep\n|turn|11\n|c|\u2606matthewssandslash|ggs, you smoked me\n|\n|t:|1682049861\n|cant|p1b: 5|slp\n|move|p2a: Eiscue|Liquidation|p1a: 6\n|-damage|p1a: 6|29\/100\n|move|p1a: 6|Body Press|p2a: Eiscue\n|-activate|p2a: Eiscue|ability: Ice Face\n|-damage|p2a: Eiscue|45\/100\n|detailschange|p2a: Eiscue|Eiscue-Noice, L50, M\n|move|p2b: Slowpoke|Liquidation|p1a: 6\n|-damage|p1a: 6|24\/100\n|\n|-damage|p2b: Slowpoke|82\/100 tox|[from] psn\n|upkeep\n|turn|12\n|c|\u2606JayMcG1010|the double 3 turn lmao\\\n|c|\u2606matthewssandslash|lol\n|\n|t:|1682049885\n|move|p2a: Eiscue|Liquidation|p1a: 6\n|-damage|p1a: 6|18\/100\n|-unboost|p1a: 6|def|1\n|-curestatus|p1b: 5|slp|[msg]\n|move|p1b: 5|Hydro Pump|p2a: Eiscue\n|-damage|p2a: Eiscue|0 fnt\n|faint|p2a: Eiscue\n|move|p1a: 6|Body Press|p2b: Slowpoke\n|-resisted|p2b: Slowpoke\n|-damage|p2b: Slowpoke|52\/100 tox\n|move|p2b: Slowpoke|Yawn|p1b: 5\n|-start|p1b: 5|move: Yawn|[of] p2b: Slowpoke\n|\n|-damage|p2b: Slowpoke|33\/100 tox|[from] psn\n|upkeep\n|turn|13\n|c|\u2606matthewssandslash|the game tries to make up for sky attack missess\n|c|\u2606matthewssandslash|gg\n|c|\u2606JayMcG1010|gg!\n|\n|t:|1682049903\n|move|p1b: 5|Hydro Pump|p2b: Slowpoke\n|-resisted|p2b: Slowpoke\n|-damage|p2b: Slowpoke|24\/100 tox\n|move|p1a: 6|Body Press|p2b: Slowpoke\n|-resisted|p2b: Slowpoke\n|-damage|p2b: Slowpoke|0 fnt\n|faint|p2b: Slowpoke\n|\n|win|JayMcG1010\n","uploadtime":1682049911,"views":17,"p1id":"jaymcg1010","p2id":"matthewssandslash","formatid":"gen9vgc2023regulationc","rating":0,"private":0,"password":""}