{"id":"gen9vgc2023regulationc-1849966722","p1":"Superlenpants","p2":"malikmunch","format":"[Gen 9] VGC 2023 Regulation C","log":"|j|\u2606Superlenpants\n|j|\u2606malikmunch\n|t:|1682273140\n|gametype|doubles\n|player|p1|Superlenpants|artist|1179\n|player|p2|malikmunch|1|1216\n|teamsize|p1|6\n|teamsize|p2|6\n|gen|9\n|tier|[Gen 9] VGC 2023 Regulation C\n|rated|\n|rule|Species Clause: Limit one of each Pok\u00e9mon\n|rule|Item Clause: Limit one of each item\n|clearpoke\n|poke|p1|Ting-Lu, L50|\n|poke|p1|Garganacl, L50, F|\n|poke|p1|Florges, L50, F|\n|poke|p1|Grimmsnarl, L50, M|\n|poke|p1|Amoonguss, L50, F|\n|poke|p1|Rabsca, L50, F|\n|poke|p2|Dachsbun, L50, F|\n|poke|p2|Chi-Yu, L50|\n|poke|p2|Dragonite, L50, M|\n|poke|p2|Torkoal, L50, M|\n|poke|p2|Flutter Mane, L50|\n|poke|p2|Arcanine, L50, F|\n|teampreview|4\n|inactive|Battle timer is ON: inactive players will automatically lose when time's up. (requested by Superlenpants)\n|\n|t:|1682273178\n|start\n|switch|p1a: Ting-Lu|Ting-Lu, L50|100\/100\n|switch|p1b: Grimmsnarl|Grimmsnarl, L50, M, shiny|100\/100\n|switch|p2a: Torkoal|Torkoal, L50, M|100\/100\n|switch|p2b: Arcanine|Arcanine, L50, F|100\/100\n|-ability|p2b: Arcanine|Intimidate|boost\n|-unboost|p1a: Ting-Lu|atk|1\n|-unboost|p1b: Grimmsnarl|atk|1\n|-ability|p1a: Ting-Lu|Vessel of Ruin\n|-weather|SunnyDay|[from] ability: Drought|[of] p2a: Torkoal\n|turn|1\n|\n|t:|1682273202\n|switch|p2b: Dachsbun|Dachsbun, L50, F|100\/100\n|move|p1b: Grimmsnarl|Fake Out|p2a: Torkoal\n|-damage|p2a: Torkoal|96\/100\n|move|p1a: Ting-Lu|Ruination|p2a: Torkoal\n|-damage|p2a: Torkoal|49\/100\n|cant|p2a: Torkoal|flinch\n|\n|-weather|SunnyDay|[upkeep]\n|upkeep\n|turn|2\n|inactive|malikmunch has 30 seconds left.\n|inactive|malikmunch has 20 seconds left.\n|inactive|malikmunch has 15 seconds left.\n|\n|t:|1682273243\n|-terastallize|p2a: Torkoal|Flying\n|move|p1b: Grimmsnarl|Light Screen|p1b: Grimmsnarl\n|-sidestart|p1: Superlenpants|move: Light Screen\n|move|p2b: Dachsbun|Yawn|p1a: Ting-Lu\n|-start|p1a: Ting-Lu|move: Yawn|[of] p2b: Dachsbun\n|move|p1a: Ting-Lu|Stomping Tantrum|p2a: Torkoal\n|-immune|p2a: Torkoal\n|move|p2a: Torkoal|Lava Plume|p1a: Ting-Lu|[spread] p1a,p1b\n|-ability|p2b: Dachsbun|Well-Baked Body|boost\n|-boost|p2b: Dachsbun|def|2\n|-crit|p1b: Grimmsnarl\n|-damage|p1a: Ting-Lu|94\/100\n|-damage|p1b: Grimmsnarl|71\/100\n|\n|-weather|SunnyDay|[upkeep]\n|upkeep\n|turn|3\n|\n|t:|1682273267\n|switch|p1a: Garganacl|Garganacl, L50, F|100\/100\n|move|p2b: Dachsbun|Body Press|p1b: Grimmsnarl\n|-damage|p1b: Grimmsnarl|22\/100\n|move|p1b: Grimmsnarl|Spirit Break|p2a: Torkoal\n|-damage|p2a: Torkoal|38\/100\n|-unboost|p2a: Torkoal|spa|1\n|move|p2a: Torkoal|Lava Plume|p1a: Garganacl|[spread] p1a,p1b\n|-ability|p2b: Dachsbun|Well-Baked Body|boost\n|-boost|p2b: Dachsbun|def|2\n|-resisted|p1a: Garganacl\n|-crit|p1a: Garganacl\n|-damage|p1a: Garganacl|87\/100\n|-damage|p1b: Grimmsnarl|11\/100\n|\n|-weather|SunnyDay|[upkeep]\n|-heal|p1a: Garganacl|93\/100|[from] item: Leftovers\n|upkeep\n|turn|4\n|inactive|Superlenpants has 30 seconds left.\n|inactive|malikmunch has 30 seconds left.\n|\n|t:|1682273294\n|move|p1b: Grimmsnarl|Reflect|p1b: Grimmsnarl\n|-sidestart|p1: Superlenpants|Reflect\n|move|p2b: Dachsbun|Body Press|p1a: Garganacl\n|-supereffective|p1a: Garganacl\n|-damage|p1a: Garganacl|39\/100\n|move|p2a: Torkoal|Lava Plume|p1a: Garganacl|[spread] p1a,p1b\n|-ability|p2b: Dachsbun|Well-Baked Body|boost\n|-boost|p2b: Dachsbun|def|2\n|-resisted|p1a: Garganacl\n|-damage|p1a: Garganacl|35\/100\n|-damage|p1b: Grimmsnarl|0 fnt\n|faint|p1b: Grimmsnarl\n|move|p1a: Garganacl|Salt Cure|p2a: Torkoal\n|-supereffective|p2a: Torkoal\n|-damage|p2a: Torkoal|20\/100\n|-start|p2a: Torkoal|Salt Cure\n|\n|-weather|SunnyDay|[upkeep]\n|-heal|p1a: Garganacl|41\/100|[from] item: Leftovers\n|-damage|p2a: Torkoal|7\/100|[from] Salt Cure\n|upkeep\n|\n|t:|1682273310\n|switch|p1b: Ting-Lu|Ting-Lu, L50|94\/100\n|-ability|p1b: Ting-Lu|Vessel of Ruin\n|turn|5\n|\n|t:|1682273325\n|-terastallize|p1a: Garganacl|Water\n|move|p2a: Torkoal|Helping Hand|p2b: Dachsbun\n|-singleturn|p2b: Dachsbun|Helping Hand|[of] p2a: Torkoal\n|move|p2b: Dachsbun|Body Press|p1b: Ting-Lu\n|-supereffective|p1b: Ting-Lu\n|-damage|p1b: Ting-Lu|0 fnt\n|faint|p1b: Ting-Lu\n|move|p1a: Garganacl|Recover|p1a: Garganacl\n|-heal|p1a: Garganacl|91\/100\n|\n|-weather|SunnyDay|[upkeep]\n|-heal|p1a: Garganacl|97\/100|[from] item: Leftovers\n|-damage|p2a: Torkoal|0 fnt|[from] Salt Cure\n|faint|p2a: Torkoal\n|upkeep\n|\n|t:|1682273340\n|switch|p1b: Florges|Florges, L50, F|100\/100\n|switch|p2a: Arcanine|Arcanine, L50, F|100\/100\n|-ability|p2a: Arcanine|Intimidate|boost\n|-unboost|p1a: Garganacl|atk|1\n|-unboost|p1b: Florges|atk|1\n|turn|6\n|inactive|Superlenpants has 30 seconds left.\n|inactive|malikmunch has 30 seconds left.\n|\n|t:|1682273366\n|move|p2a: Arcanine|Snarl|p1b: Florges|[spread] p1a\n|-miss|p2a: Arcanine|p1b: Florges\n|-damage|p1a: Garganacl|92\/100\n|-unboost|p1a: Garganacl|spa|1\n|move|p2b: Dachsbun|Body Press|p1b: Florges\n|-resisted|p1b: Florges\n|-damage|p1b: Florges|72\/100\n|move|p1b: Florges|Chilling Water|p2a: Arcanine\n|-supereffective|p2a: Arcanine\n|-damage|p2a: Arcanine|89\/100\n|-unboost|p2a: Arcanine|atk|1\n|move|p1a: Garganacl|Salt Cure|p2b: Dachsbun\n|-damage|p2b: Dachsbun|98\/100\n|-start|p2b: Dachsbun|Salt Cure\n|\n|-weather|SunnyDay|[upkeep]\n|-heal|p2b: Dachsbun|100\/100|[from] item: Leftovers\n|-heal|p1a: Garganacl|98\/100|[from] item: Leftovers\n|-damage|p2b: Dachsbun|88\/100|[from] Salt Cure\n|upkeep\n|turn|7\n|inactive|Superlenpants has 30 seconds left.\n|\n|t:|1682273391\n|move|p2a: Arcanine|Snarl|p1b: Florges|[spread] p1a,p1b\n|-resisted|p1b: Florges\n|-damage|p1a: Garganacl|93\/100\n|-damage|p1b: Florges|70\/100\n|-unboost|p1a: Garganacl|spa|1\n|-unboost|p1b: Florges|spa|1\n|move|p2b: Dachsbun|Body Press|p1b: Florges\n|-resisted|p1b: Florges\n|-damage|p1b: Florges|38\/100\n|move|p1b: Florges|Calm Mind|p1b: Florges\n|-boost|p1b: Florges|spa|1\n|-boost|p1b: Florges|spd|1\n|move|p1a: Garganacl|Salt Cure|p2a: Arcanine\n|-supereffective|p2a: Arcanine\n|-damage|p2a: Arcanine|67\/100\n|-start|p2a: Arcanine|Salt Cure\n|\n|-weather|SunnyDay|[upkeep]\n|-heal|p2b: Dachsbun|94\/100|[from] item: Leftovers\n|-heal|p1a: Garganacl|99\/100|[from] item: Leftovers\n|-damage|p2a: Arcanine|55\/100|[from] Salt Cure\n|-damage|p2b: Dachsbun|82\/100|[from] Salt Cure\n|upkeep\n|turn|8\n|inactive|Superlenpants has 30 seconds left.\n|inactive|malikmunch has 30 seconds left.\n|\n|t:|1682273419\n|move|p2a: Arcanine|Snarl|p1b: Florges|[spread] p1a,p1b\n|-resisted|p1b: Florges\n|-damage|p1a: Garganacl|95\/100\n|-damage|p1b: Florges|36\/100\n|-unboost|p1a: Garganacl|spa|1\n|-unboost|p1b: Florges|spa|1\n|move|p2b: Dachsbun|Body Press|p1a: Garganacl\n|-damage|p1a: Garganacl|57\/100\n|move|p1b: Florges|Moonblast|p2b: Dachsbun\n|-damage|p2b: Dachsbun|53\/100\n|move|p1a: Garganacl|Salt Cure|p2a: Arcanine\n|-supereffective|p2a: Arcanine\n|-damage|p2a: Arcanine|30\/100\n|\n|-weather|none\n|-heal|p2b: Dachsbun|59\/100|[from] item: Leftovers\n|-heal|p1a: Garganacl|62\/100|[from] item: Leftovers\n|-damage|p2a: Arcanine|18\/100|[from] Salt Cure\n|-damage|p2b: Dachsbun|47\/100|[from] Salt Cure\n|upkeep\n|turn|9\n|\n|t:|1682273441\n|move|p2b: Dachsbun|Protect|p2b: Dachsbun\n|-singleturn|p2b: Dachsbun|Protect\n|move|p2a: Arcanine|Extreme Speed|p1b: Florges\n|-damage|p1b: Florges|26\/100\n|move|p1b: Florges|Moonblast|p2b: Dachsbun\n|-activate|p2b: Dachsbun|move: Protect\n|move|p1a: Garganacl|Salt Cure|p2a: Arcanine\n|-supereffective|p2a: Arcanine\n|-damage|p2a: Arcanine|0 fnt\n|faint|p2a: Arcanine\n|\n|-heal|p2b: Dachsbun|53\/100|[from] item: Leftovers\n|-heal|p1a: Garganacl|68\/100|[from] item: Leftovers\n|-damage|p2b: Dachsbun|41\/100|[from] Salt Cure\n|-sideend|p1: Superlenpants|move: Light Screen\n|upkeep\n|\n|t:|1682273452\n|switch|p2a: Dragonite|Dragonite, L50, M|100\/100\n|turn|10\n|\n|t:|1682273464\n|move|p2a: Dragonite|Extreme Speed|p1b: Florges\n|-damage|p1b: Florges|6\/100\n|move|p2b: Dachsbun|Body Press|p1a: Garganacl\n|-damage|p1a: Garganacl|26\/100\n|move|p1b: Florges|Moonblast|p2a: Dragonite\n|-supereffective|p2a: Dragonite\n|-damage|p2a: Dragonite|60\/100\n|-unboost|p2a: Dragonite|spa|1\n|move|p1a: Garganacl|Salt Cure|p2a: Dragonite\n|-supereffective|p2a: Dragonite\n|-crit|p2a: Dragonite\n|-damage|p2a: Dragonite|8\/100\n|-start|p2a: Dragonite|Salt Cure\n|\n|-heal|p2b: Dachsbun|47\/100|[from] item: Leftovers\n|-heal|p1a: Garganacl|32\/100|[from] item: Leftovers\n|-damage|p2a: Dragonite|0 fnt|[from] Salt Cure\n|faint|p2a: Dragonite\n|-damage|p2b: Dachsbun|35\/100|[from] Salt Cure\n|upkeep\n|turn|11\n|-message|malikmunch forfeited.\n|\n|win|Superlenpants\n|raw|Superlenpants's rating: 1179 → 1207<\/strong> (+28 for winning)\n|raw|malikmunch's rating: 1216 → 1188<\/strong> (-28 for losing)\n|l|\u2606malikmunch\n","uploadtime":1682273491,"views":9,"p1id":"superlenpants","p2id":"malikmunch","formatid":"gen9vgc2023regulationc","rating":1188,"private":0,"password":""}