{"id":"gen9vgc2023regulationc-1862752091","p1":"godtech946","p2":"dovuu","format":"[Gen 9] VGC 2023 Regulation C","log":"|j|\u2606godtech946\n|j|\u2606dovuu\n|t:|1683918269\n|gametype|doubles\n|player|p1|godtech946|veteran|1092\n|player|p2|dovuu|skierf|1108\n|teamsize|p1|6\n|teamsize|p2|6\n|gen|9\n|tier|[Gen 9] VGC 2023 Regulation C\n|rated|\n|rule|Species Clause: Limit one of each Pok\u00e9mon\n|rule|Item Clause: Limit one of each item\n|clearpoke\n|poke|p1|Amoonguss, L50, F|\n|poke|p1|Oranguru, L50, M|\n|poke|p1|Torkoal, L50, F|\n|poke|p1|Chi-Yu, L50|\n|poke|p1|Gyarados, L50, M|\n|poke|p1|Garganacl, L50, M|\n|poke|p2|Amoonguss, L50, F|\n|poke|p2|Dragonite, L50, F|\n|poke|p2|Gastrodon, L50, M|\n|poke|p2|Gholdengo, L50|\n|poke|p2|Arcanine, L50, M|\n|poke|p2|Palafin, L50, F|\n|teampreview|4\n|inactive|Battle timer is ON: inactive players will automatically lose when time's up. (requested by dovuu)\ndovuu rejected open team sheets.\n|\n|t:|1683918298\n|start\n|switch|p1a: Garganacl|Garganacl, L50, M|100\/100\n|switch|p1b: Chi-Yu|Chi-Yu, L50|100\/100\n|switch|p2a: Dragonite|Dragonite, L50, F|100\/100\n|switch|p2b: Amoonguss|Amoonguss, L50, F|100\/100\n|-ability|p1b: Chi-Yu|Beads of Ruin\n|turn|1\n|inactive|godtech946 has 30 seconds left.\n|\n|t:|1683918328\n|-terastallize|p1a: Garganacl|Ghost\n|move|p2b: Amoonguss|Protect|p2b: Amoonguss\n|-singleturn|p2b: Amoonguss|Protect\n|move|p1b: Chi-Yu|Fire Blast|p2b: Amoonguss\n|-activate|p2b: Amoonguss|move: Protect\n|move|p2a: Dragonite|Earthquake|p1b: Chi-Yu|[spread] p1a,p1b\n|-activate|p2b: Amoonguss|move: Protect\n|-supereffective|p1b: Chi-Yu\n|-damage|p1a: Garganacl|83\/100\n|-damage|p1b: Chi-Yu|13\/100\n|move|p1a: Garganacl|Curse|p2a: Dragonite\n|-start|p2a: Dragonite|Curse|[of] p1a: Garganacl\n|-damage|p1a: Garganacl|34\/100\n|-enditem|p1a: Garganacl|Sitrus Berry|[eat]\n|-heal|p1a: Garganacl|58\/100|[from] item: Sitrus Berry\n|\n|-damage|p2a: Dragonite|76\/100|[from] Curse\n|upkeep\n|turn|2\n|inactive|godtech946 has 30 seconds left.\n|inactive|dovuu has 30 seconds left.\n|inactive|godtech946 has 20 seconds left.\n|\n|t:|1683918366\n|move|p2a: Dragonite|Extreme Speed|p1b: Chi-Yu\n|-damage|p1b: Chi-Yu|0 fnt\n|faint|p1b: Chi-Yu\n|move|p1a: Garganacl|Salt Cure|p2b: Amoonguss\n|-damage|p2b: Amoonguss|87\/100\n|-start|p2b: Amoonguss|Salt Cure\n|move|p2b: Amoonguss|Spore|p1a: Garganacl\n|-immune|p1a: Garganacl|[from] ability: Purifying Salt\n|\n|-damage|p2a: Dragonite|51\/100|[from] Curse\n|-damage|p2b: Amoonguss|74\/100|[from] Salt Cure\n|upkeep\n|\n|t:|1683918385\n|switch|p1b: Oranguru|Oranguru, L50, M|100\/100\n|turn|3\n|inactive|godtech946 has 30 seconds left.\n|\n|t:|1683918416\n|switch|p2a: Arcanine|Arcanine, L50, M|100\/100\n|-ability|p2a: Arcanine|Intimidate|boost\n|-unboost|p1a: Garganacl|atk|1\n|-unboost|p1b: Oranguru|atk|1\n|switch|p2b: Palafin|Palafin, L50, F|100\/100\n|move|p1b: Oranguru|Protect|p1b: Oranguru\n|-singleturn|p1b: Oranguru|Protect\n|move|p1a: Garganacl|Salt Cure|p2a: Arcanine\n|-supereffective|p2a: Arcanine\n|-damage|p2a: Arcanine|79\/100\n|-start|p2a: Arcanine|Salt Cure\n|\n|-damage|p2a: Arcanine|67\/100|[from] Salt Cure\n|upkeep\n|turn|4\n|inactive|godtech946 has 30 seconds left.\n|inactive|godtech946 has 20 seconds left.\n|\n|t:|1683918451\n|detailschange|p2b: Palafin|Palafin-Hero, L50, F\n|switch|p2b: Amoonguss|Amoonguss, L50, F|100\/100\n|move|p2a: Arcanine|Snarl|p1b: Oranguru|[spread] p1a,p1b\n|-supereffective|p1a: Garganacl\n|-supereffective|p1b: Oranguru\n|-damage|p1a: Garganacl|41\/100\n|-damage|p1b: Oranguru|86\/100\n|-unboost|p1a: Garganacl|spa|1\n|-unboost|p1b: Oranguru|spa|1\n|move|p1a: Garganacl|Curse|p2b: Amoonguss\n|-start|p2b: Amoonguss|Curse|[of] p1a: Garganacl\n|-damage|p1a: Garganacl|0 fnt\n|faint|p1a: Garganacl\n|move|p1b: Oranguru|Trick Room|p1b: Oranguru\n|-fieldstart|move: Trick Room|[of] p1b: Oranguru\n|\n|-damage|p2b: Amoonguss|76\/100|[from] Curse\n|-damage|p2a: Arcanine|55\/100|[from] Salt Cure\n|upkeep\n|\n|t:|1683918469\n|switch|p1a: Torkoal|Torkoal, L50, F|100\/100\n|-weather|SunnyDay|[from] ability: Drought|[of] p1a: Torkoal\n|turn|5\n|\n|t:|1683918489\n|move|p1a: Torkoal|Eruption|p2b: Amoonguss|[spread] p2a,p2b\n|-resisted|p2a: Arcanine\n|-supereffective|p2b: Amoonguss\n|-damage|p2a: Arcanine|14\/100\n|-damage|p2b: Amoonguss|0 fnt\n|faint|p2b: Amoonguss\n|move|p1b: Oranguru|Instruct|p1a: Torkoal\n|-singleturn|p1a: Torkoal|move: Instruct|[of] p1b: Oranguru\n|move|p1a: Torkoal|Eruption|p2a: Arcanine\n|-resisted|p2a: Arcanine\n|-damage|p2a: Arcanine|0 fnt\n|faint|p2a: Arcanine\n|\n|-weather|SunnyDay|[upkeep]\n|upkeep\n|\n|t:|1683918499\n|switch|p2b: Dragonite|Dragonite, L50, F|51\/100\n|switch|p2a: Palafin|Palafin-Hero, L50, F|100\/100\n|-activate|p2a: Palafin|ability: Zero to Hero\n|turn|6\n|\n|t:|1683918519\n|-terastallize|p2a: Palafin|Water\n|move|p1a: Torkoal|Eruption|p2b: Dragonite|[spread] p2a,p2b\n|-resisted|p2a: Palafin\n|-resisted|p2b: Dragonite\n|-damage|p2a: Palafin|54\/100\n|-damage|p2b: Dragonite|6\/100\n|move|p1b: Oranguru|Instruct|p1a: Torkoal\n|-singleturn|p1a: Torkoal|move: Instruct|[of] p1b: Oranguru\n|move|p1a: Torkoal|Eruption|p2b: Dragonite|[spread] p2a,p2b\n|-resisted|p2a: Palafin\n|-resisted|p2b: Dragonite\n|-damage|p2a: Palafin|8\/100\n|-damage|p2b: Dragonite|0 fnt\n|faint|p2b: Dragonite\n|move|p2a: Palafin|Wave Crash|p1a: Torkoal\n|-supereffective|p1a: Torkoal\n|-damage|p1a: Torkoal|0 fnt\n|faint|p1a: Torkoal\n|-damage|p2a: Palafin|0 fnt|[from] Recoil\n|faint|p2a: Palafin\n|\n|win|godtech946\n|raw|godtech946's rating: 1092 → 1119<\/strong> (+27 for winning)\n|raw|dovuu's rating: 1108 → 1082<\/strong> (-26 for losing)\n|l|\u2606dovuu\n","uploadtime":1683918541,"views":6,"p1id":"godtech946","p2id":"dovuu","formatid":"gen9vgc2023regulationc","rating":1082,"private":0,"password":""}