{"id":"gen9vgc2023regulationc-1864285783","p1":"darthnius","p2":"Indigosaffron","format":"[Gen 9] VGC 2023 Regulation C","log":"|j|\u2606darthnius\n|j|\u2606Indigosaffron\n|t:|1684150289\n|gametype|doubles\n|player|p1|darthnius|volkner|1566\n|player|p2|Indigosaffron|170|1532\n|teamsize|p1|6\n|teamsize|p2|6\n|gen|9\n|tier|[Gen 9] VGC 2023 Regulation C\n|rated|\n|rule|Species Clause: Limit one of each Pok\u00e9mon\n|rule|Item Clause: Limit one of each item\n|clearpoke\n|poke|p1|Murkrow, L50, M|\n|poke|p1|Chi-Yu, L50|\n|poke|p1|Flutter Mane, L50|\n|poke|p1|Great Tusk, L50|\n|poke|p1|Brute Bonnet, L50|\n|poke|p1|Corviknight, L50, M|\n|poke|p2|Murkrow, L50, F|\n|poke|p2|Flutter Mane, L50|\n|poke|p2|Chi-Yu, L50|\n|poke|p2|Amoonguss, L50, M|\n|poke|p2|Kingambit, L50, M|\n|poke|p2|Roaring Moon, L50|\n|teampreview|4\ndarthnius has agreed to open team sheets.\n|inactive|Battle timer is ON: inactive players will automatically lose when time's up. (requested by Indigosaffron)\nIndigosaffron has agreed to open team sheets.\n|inactive|darthnius has 60 seconds left.\n|j| merah merona\n|inactive|darthnius has 30 seconds left.\n|\n|t:|1684150381\n|start\n|switch|p1a: Chi-Yu|Chi-Yu, L50|100\/100\n|switch|p1b: Murkrow|Murkrow, L50, M|100\/100\n|switch|p2a: Murkrow|Murkrow, L50, F|100\/100\n|switch|p2b: Chi-Yu|Chi-Yu, L50|100\/100\n|-ability|p2b: Chi-Yu|Beads of Ruin\n|-ability|p1a: Chi-Yu|Beads of Ruin\n|turn|1\n|\n|t:|1684150400\n|move|p2a: Murkrow|Tailwind|p2a: Murkrow\n|-sidestart|p2: Indigosaffron|move: Tailwind\n|move|p2b: Chi-Yu|Heat Wave|p1b: Murkrow|[spread] p1a,p1b\n|-resisted|p1a: Chi-Yu\n|-damage|p1a: Chi-Yu|77\/100\n|-damage|p1b: Murkrow|44\/100\n|move|p1a: Chi-Yu|Heat Wave|p2a: Murkrow|[spread] p2a,p2b\n|-resisted|p2b: Chi-Yu\n|-damage|p2a: Murkrow|50\/100\n|-damage|p2b: Chi-Yu|77\/100\n|-status|p2a: Murkrow|brn\n|-damage|p1a: Chi-Yu|67\/100|[from] item: Life Orb\n|move|p1b: Murkrow|Foul Play|p2a: Murkrow\n|-resisted|p2a: Murkrow\n|-damage|p2a: Murkrow|37\/100 brn\n|\n|-damage|p2a: Murkrow|31\/100 brn|[from] brn\n|upkeep\n|turn|2\n|\n|t:|1684150418\n|move|p1b: Murkrow|Tailwind|p1b: Murkrow\n|-sidestart|p1: darthnius|move: Tailwind\n|move|p1a: Chi-Yu|Heat Wave|p2a: Murkrow|[spread] p2a,p2b\n|-resisted|p2b: Chi-Yu\n|-damage|p2a: Murkrow|0 fnt\n|-damage|p2b: Chi-Yu|54\/100\n|faint|p2a: Murkrow\n|-damage|p1a: Chi-Yu|57\/100|[from] item: Life Orb\n|move|p2b: Chi-Yu|Heat Wave|p1a: Chi-Yu|[spread] p1a,p1b\n|-resisted|p1a: Chi-Yu\n|-damage|p1a: Chi-Yu|34\/100\n|-damage|p1b: Murkrow|0 fnt\n|faint|p1b: Murkrow\n|\n|upkeep\n|\n|t:|1684150435\n|switch|p1b: Flutter Mane|Flutter Mane, L50|100\/100\n|switch|p2a: Roaring Moon|Roaring Moon, L50|100\/100\n|-enditem|p2a: Roaring Moon|Booster Energy\n|-activate|p2a: Roaring Moon|ability: Protosynthesis|[fromitem]\n|-start|p2a: Roaring Moon|protosynthesisatk\n|turn|3\n|\n|t:|1684150453\n|move|p2a: Roaring Moon|Protect|p2a: Roaring Moon\n|-singleturn|p2a: Roaring Moon|Protect\n|move|p1b: Flutter Mane|Dazzling Gleam|p2a: Roaring Moon|[spread] p2b\n|-activate|p2a: Roaring Moon|move: Protect\n|-damage|p2b: Chi-Yu|0 fnt\n|faint|p2b: Chi-Yu\n|move|p1a: Chi-Yu|Heat Wave|p2a: Roaring Moon\n|-activate|p2a: Roaring Moon|move: Protect\n|\n|upkeep\n|\n|t:|1684150461\n|switch|p2b: Flutter Mane|Flutter Mane, L50|100\/100\n|turn|4\n|\n|t:|1684150480\n|-terastallize|p1b: Flutter Mane|Fairy\n|-terastallize|p2a: Roaring Moon|Flying\n|move|p1a: Chi-Yu|Protect|p1a: Chi-Yu\n|-singleturn|p1a: Chi-Yu|Protect\n|move|p1b: Flutter Mane|Dazzling Gleam|p2b: Flutter Mane|[spread] p2a,p2b\n|-damage|p2a: Roaring Moon|15\/100\n|-damage|p2b: Flutter Mane|26\/100\n|move|p2b: Flutter Mane|Shadow Ball|p1b: Flutter Mane\n|-damage|p1b: Flutter Mane|8\/100\n|move|p2a: Roaring Moon|Acrobatics|p1a: Chi-Yu\n|-activate|p1a: Chi-Yu|move: Protect\n|\n|-sideend|p2: Indigosaffron|move: Tailwind\n|upkeep\n|turn|5\n|\n|t:|1684150500\n|move|p2a: Roaring Moon|Protect|p2a: Roaring Moon\n|-singleturn|p2a: Roaring Moon|Protect\n|move|p1b: Flutter Mane|Dazzling Gleam|p2b: Flutter Mane|[spread] p2b\n|-activate|p2a: Roaring Moon|move: Protect\n|-damage|p2b: Flutter Mane|0 fnt\n|faint|p2b: Flutter Mane\n|-end|p2b: Flutter Mane|Protosynthesis|[silent]\n|move|p1a: Chi-Yu|Heat Wave|p2a: Roaring Moon\n|-activate|p2a: Roaring Moon|move: Protect\n|\n|-sideend|p1: darthnius|move: Tailwind\n|upkeep\n|turn|6\n|\n|t:|1684150508\n|move|p1b: Flutter Mane|Dazzling Gleam|p2a: Roaring Moon\n|-damage|p2a: Roaring Moon|0 fnt\n|faint|p2a: Roaring Moon\n|-end|p2a: Roaring Moon|Protosynthesis|[silent]\n|\n|win|darthnius\n|raw|darthnius's rating: 1566 → 1584<\/strong> (+18 for winning)\n|raw|Indigosaffron's rating: 1532 → 1514<\/strong> (-18 for losing)\n|l|\u2606Indigosaffron\n","uploadtime":1684150516,"views":9,"p1id":"darthnius","p2id":"indigosaffron","formatid":"gen9vgc2023regulationc","rating":1514,"private":0,"password":""}