{"id":"gen9vgc2023regulationc-1857024132","p1":"SuperGreg513","p2":"NicoHaxVGC","format":"[Gen 9] VGC 2023 Regulation C","log":"|j|\u2606SuperGreg513\n|j|\u2606NicoHaxVGC\n|t:|1683137924\n|gametype|doubles\n|player|p1|SuperGreg513|gentleman-gen4|1162\n|player|p2|NicoHaxVGC|red|1266\n|teamsize|p1|6\n|teamsize|p2|6\n|gen|9\n|tier|[Gen 9] VGC 2023 Regulation C\n|rated|\n|rule|Species Clause: Limit one of each Pok\u00e9mon\n|rule|Item Clause: Limit one of each item\n|clearpoke\n|poke|p1|Armarouge, L50, M|\n|poke|p1|Brute Bonnet, L50|\n|poke|p1|Indeedee-F, L50, F|\n|poke|p1|Espathra, L50, F|\n|poke|p1|Garganacl, L50, F|\n|poke|p1|Ting-Lu, L50|\n|poke|p2|Corviknight, L50, F|\n|poke|p2|Ting-Lu, L50|\n|poke|p2|Annihilape, L50, M|\n|poke|p2|Maushold, L50|\n|poke|p2|Iron Bundle, L50|\n|poke|p2|Flutter Mane, L50|\n|teampreview|4\n|inactive|Battle timer is ON: inactive players will automatically lose when time's up. (requested by NicoHaxVGC)\n|n|\u2606SuperGreg513|supergreg513\n|inactive|NicoHaxVGC has 60 seconds left.\n|\n|t:|1683137960\n|start\n|switch|p1a: Garganacl|Garganacl, L50, F|100\/100\n|switch|p1b: Espathra|Espathra, L50, F|100\/100\n|switch|p2a: Raven|Corviknight, L50, F|100\/100\n|switch|p2b: Beast boy|Ting-Lu, L50|100\/100\n|-ability|p2b: Beast boy|Vessel of Ruin\n|turn|1\n|\n|t:|1683137978\n|move|p1b: Espathra|Protect|p1b: Espathra\n|-singleturn|p1b: Espathra|Protect\n|move|p2a: Raven|Brave Bird|p1b: Espathra\n|-activate|p1b: Espathra|move: Protect\n|move|p2b: Beast boy|Stomping Tantrum|p1b: Espathra\n|-activate|p1b: Espathra|move: Protect\n|move|p1a: Garganacl|Stealth Rock|p2b: Beast boy\n|-sidestart|p2: NicoHaxVGC|move: Stealth Rock\n|\n|-ability|p1b: Espathra|Speed Boost|boost\n|-boost|p1b: Espathra|spe|1\n|upkeep\n|turn|2\n|inactive|SuperGreg513 has 30 seconds left.\n|inactive|SuperGreg513 has 20 seconds left.\n|\n|t:|1683138014\n|move|p1b: Espathra|Calm Mind|p1b: Espathra\n|-boost|p1b: Espathra|spa|1\n|-boost|p1b: Espathra|spd|1\n|move|p2a: Raven|Brave Bird|p1b: Espathra\n|-damage|p1b: Espathra|43\/100\n|-damage|p2a: Raven|81\/100|[from] Recoil\n|move|p2b: Beast boy|Ruination|p1a: Garganacl\n|-damage|p1a: Garganacl|51\/100\n|move|p1a: Garganacl|Salt Cure|p2a: Raven\n|-damage|p2a: Raven|69\/100\n|-start|p2a: Raven|Salt Cure\n|\n|-damage|p2a: Raven|45\/100|[from] Salt Cure\n|-ability|p1b: Espathra|Speed Boost|boost\n|-boost|p1b: Espathra|spe|1\n|upkeep\n|turn|3\n|inactive|NicoHaxVGC has 30 seconds left.\n|\n|t:|1683138043\n|switch|p2a: Robin|Annihilape, L50, M|100\/100\n|-damage|p2a: Robin|94\/100|[from] Stealth Rock\n|move|p1b: Espathra|Protect|p1b: Espathra\n|-singleturn|p1b: Espathra|Protect\n|move|p2b: Beast boy|Heavy Slam|p1b: Espathra\n|-activate|p1b: Espathra|move: Protect\n|move|p1a: Garganacl|Salt Cure|p2b: Beast boy\n|-resisted|p2b: Beast boy\n|-damage|p2b: Beast boy|97\/100\n|-start|p2b: Beast boy|Salt Cure\n|\n|-heal|p2a: Robin|100\/100|[from] item: Leftovers\n|-damage|p2b: Beast boy|85\/100|[from] Salt Cure\n|-ability|p1b: Espathra|Speed Boost|boost\n|-boost|p1b: Espathra|spe|1\n|upkeep\n|turn|4\n|\n|t:|1683138059\n|-terastallize|p1b: Espathra|Fairy\n|-terastallize|p2a: Robin|Water\n|move|p1b: Espathra|Dazzling Gleam|p2a: Robin|[spread] p2a,p2b\n|-supereffective|p2b: Beast boy\n|-damage|p2a: Robin|73\/100\n|-damage|p2b: Beast boy|49\/100\n|move|p2a: Robin|Rage Fist|p1b: Espathra\n|-damage|p1b: Espathra|0 fnt\n|faint|p1b: Espathra\n|move|p2b: Beast boy|Ruination|p1a: Garganacl\n|-damage|p1a: Garganacl|26\/100\n|-enditem|p1a: Garganacl|Sitrus Berry|[eat]\n|-heal|p1a: Garganacl|50\/100|[from] item: Sitrus Berry\n|move|p1a: Garganacl|Salt Cure|p2a: Robin\n|-damage|p2a: Robin|60\/100\n|-start|p2a: Robin|Salt Cure\n|\n|-heal|p2a: Robin|66\/100|[from] item: Leftovers\n|-damage|p2a: Robin|41\/100|[from] Salt Cure\n|-damage|p2b: Beast boy|37\/100|[from] Salt Cure\n|upkeep\n|\n|t:|1683138069\n|switch|p1b: Indeedee|Indeedee-F, L50, F|100\/100\n|-fieldstart|move: Psychic Terrain|[from] ability: Psychic Surge|[of] p1b: Indeedee\n|-enditem|p1b: Indeedee|Psychic Seed\n|-boost|p1b: Indeedee|spd|1|[from] item: Psychic Seed\n|turn|5\n|\n|t:|1683138092\n|switch|p2a: Raven|Corviknight, L50, F|45\/100\n|-damage|p2a: Raven|32\/100|[from] Stealth Rock\n|move|p1b: Indeedee|Follow Me|p1b: Indeedee\n|-singleturn|p1b: Indeedee|move: Follow Me\n|move|p2b: Beast boy|Ruination|p1b: Indeedee\n|-damage|p1b: Indeedee|51\/100\n|move|p1a: Garganacl|Rock Slide|p2b: Beast boy|[spread] p2a,p2b\n|-resisted|p2b: Beast boy\n|-damage|p2a: Raven|16\/100\n|-damage|p2b: Beast boy|32\/100\n|\n|-damage|p2b: Beast boy|20\/100|[from] Salt Cure\n|upkeep\n|turn|6\n|inactive|NicoHaxVGC has 30 seconds left.\n|\n|t:|1683138119\n|move|p1b: Indeedee|Follow Me|p1b: Indeedee\n|-singleturn|p1b: Indeedee|move: Follow Me\n|move|p2a: Raven|Brave Bird|p1b: Indeedee\n|-damage|p1b: Indeedee|13\/100\n|-damage|p2a: Raven|5\/100|[from] Recoil\n|move|p2b: Beast boy|Rock Slide|p1a: Garganacl|[spread] p1a\n|-miss|p2b: Beast boy|p1b: Indeedee\n|-damage|p1a: Garganacl|40\/100\n|cant|p1a: Garganacl|flinch\n|\n|-damage|p2b: Beast boy|8\/100|[from] Salt Cure\n|upkeep\n|turn|7\n|\n|t:|1683138138\n|move|p1b: Indeedee|Follow Me|p1b: Indeedee\n|-singleturn|p1b: Indeedee|move: Follow Me\n|move|p2a: Raven|Iron Head|p1b: Indeedee\n|-damage|p1b: Indeedee|0 fnt\n|faint|p1b: Indeedee\n|move|p2b: Beast boy|Rock Slide|p1a: Garganacl\n|-damage|p1a: Garganacl|25\/100\n|move|p1a: Garganacl|Rock Slide|p2a: Raven|[spread] p2a,p2b\n|-resisted|p2b: Beast boy\n|-damage|p2a: Raven|0 fnt\n|-damage|p2b: Beast boy|2\/100\n|faint|p2a: Raven\n|\n|-damage|p2b: Beast boy|0 fnt|[from] Salt Cure\n|faint|p2b: Beast boy\n|upkeep\n|\n|t:|1683138147\n|switch|p1b: Armarouge|Armarouge, L50, M|100\/100\n|switch|p2a: Cyborg|Iron Bundle, L50|100\/100\n|switch|p2b: Robin|Annihilape, L50, M, tera:Water|41\/100\n|-damage|p2a: Cyborg|76\/100|[from] Stealth Rock\n|-damage|p2b: Robin|28\/100|[from] Stealth Rock\n|-enditem|p2a: Cyborg|Booster Energy\n|-activate|p2a: Cyborg|ability: Quark Drive|[fromitem]\n|-start|p2a: Cyborg|quarkdrivespe\n|turn|8\n|\n|t:|1683138163\n|move|p2a: Cyborg|Hydro Pump|p1a: Garganacl|[miss]\n|-miss|p2a: Cyborg|p1a: Garganacl\n|move|p2b: Robin|Rage Fist|p1b: Armarouge\n|-supereffective|p1b: Armarouge\n|-damage|p1b: Armarouge|0 fnt\n|faint|p1b: Armarouge\n|move|p1a: Garganacl|Salt Cure|p2a: Cyborg\n|-supereffective|p2a: Cyborg\n|-damage|p2a: Cyborg|47\/100\n|-start|p2a: Cyborg|Salt Cure\n|\n|-heal|p2b: Robin|35\/100|[from] item: Leftovers\n|-damage|p2a: Cyborg|22\/100|[from] Salt Cure\n|upkeep\n|turn|9\n|\n|t:|1683138175\n|move|p2a: Cyborg|Hydro Pump|p1a: Garganacl\n|-supereffective|p1a: Garganacl\n|-damage|p1a: Garganacl|0 fnt\n|faint|p1a: Garganacl\n|\n|win|NicoHaxVGC\n|raw|SuperGreg513's rating: 1162 → 1144<\/strong> (-18 for losing)\n|raw|NicoHaxVGC's rating: 1266 → 1284<\/strong> (+18 for winning)\n|l|\u2606SuperGreg513\n","uploadtime":1683138208,"views":20,"p1id":"supergreg513","p2id":"nicohaxvgc","formatid":"gen9vgc2023regulationc","rating":1144,"private":0,"password":""}