{"id":"gen9vgc2023regulationc-1857447561","p1":"CardoTr","p2":"PianginaPardo","format":"[Gen 9] VGC 2023 Regulation C","log":"|j|\u2606CardoTr\n|j|\u2606PianginaPardo\n|t:|1683194708\n|gametype|doubles\n|player|p1|CardoTr|brawly|1315\n|player|p2|PianginaPardo|102|1277\n|teamsize|p1|6\n|teamsize|p2|6\n|gen|9\n|tier|[Gen 9] VGC 2023 Regulation C\n|rated|\n|rule|Species Clause: Limit one of each Pok\u00e9mon\n|rule|Item Clause: Limit one of each item\n|clearpoke\n|poke|p1|Amoonguss, L50, F|\n|poke|p1|Gyarados, L50, F|\n|poke|p1|Ting-Lu, L50|\n|poke|p1|Chien-Pao, L50|\n|poke|p1|Dragonite, L50, M|\n|poke|p1|Flutter Mane, L50|\n|poke|p2|Iron Hands, L50|\n|poke|p2|Ting-Lu, L50|\n|poke|p2|Amoonguss, L50, M|\n|poke|p2|Gyarados, L50, F|\n|poke|p2|Iron Bundle, L50|\n|poke|p2|Flutter Mane, L50|\n|teampreview|4\nPianginaPardo has agreed to open team sheets.\n|inactive|Battle timer is ON: inactive players will automatically lose when time's up. (requested by PianginaPardo)\n|\n|t:|1683194748\n|start\n|switch|p1a: Ting-Lu|Ting-Lu, L50|100\/100\n|switch|p1b: Chien-Pao|Chien-Pao, L50|100\/100\n|switch|p2a: Iron Hands|Iron Hands, L50|100\/100\n|switch|p2b: Amoonguss|Amoonguss, L50, M|100\/100\n|-ability|p1b: Chien-Pao|Sword of Ruin\n|-ability|p1a: Ting-Lu|Vessel of Ruin\n|turn|1\n|\n|t:|1683194768\n|switch|p1b: Gyarados|Gyarados, L50, F|100\/100\n|-ability|p1b: Gyarados|Intimidate|boost\n|-unboost|p2a: Iron Hands|atk|1\n|-unboost|p2b: Amoonguss|atk|1\n|move|p2a: Iron Hands|Fake Out|p1b: Gyarados\n|-damage|p1b: Gyarados|90\/100\n|move|p1a: Ting-Lu|Bulldoze|p2a: Iron Hands|[spread] p2a,p2b\n|-immune|p1b: Gyarados\n|-supereffective|p2a: Iron Hands\n|-damage|p2a: Iron Hands|78\/100\n|-damage|p2b: Amoonguss|88\/100\n|-unboost|p2a: Iron Hands|spe|1\n|-unboost|p2b: Amoonguss|spe|1\n|move|p2b: Amoonguss|Spore|p1a: Ting-Lu\n|-status|p1a: Ting-Lu|slp|[from] move: Spore\n|\n|upkeep\n|turn|2\n|\n|t:|1683194793\n|-end|p2a: Iron Hands|Quark Drive|[silent]\n|switch|p2a: Gyarados|Gyarados, L50, F|100\/100\n|-ability|p2a: Gyarados|Intimidate|boost\n|-unboost|p1a: Ting-Lu|atk|1\n|-unboost|p1b: Gyarados|atk|1\n|move|p1b: Gyarados|Taunt|p2b: Amoonguss\n|-start|p2b: Amoonguss|move: Taunt\n|cant|p1a: Ting-Lu|slp\n|cant|p2b: Amoonguss|move: Taunt|Spore\n|\n|upkeep\n|turn|3\n|\n|t:|1683194810\n|switch|p2b: Iron Hands|Iron Hands, L50|78\/100\n|move|p2a: Gyarados|Thunder Wave|p1b: Gyarados\n|-status|p1b: Gyarados|par\n|move|p1b: Gyarados|Thunder Wave|p2a: Gyarados\n|-status|p2a: Gyarados|par\n|-curestatus|p1a: Ting-Lu|slp|[msg]\n|move|p1a: Ting-Lu|Ruination|p2b: Iron Hands\n|-damage|p2b: Iron Hands|40\/100\n|\n|upkeep\n|turn|4\n|inactive|CardoTr has 30 seconds left.\n|inactive|PianginaPardo has 30 seconds left.\n|inactive|CardoTr has 20 seconds left.\n|\n|t:|1683194850\n|switch|p1b: Chien-Pao|Chien-Pao, L50|100\/100\n|-ability|p1b: Chien-Pao|Sword of Ruin\n|move|p2b: Iron Hands|Drain Punch|p1a: Ting-Lu\n|-supereffective|p1a: Ting-Lu\n|-damage|p1a: Ting-Lu|49\/100\n|-heal|p2b: Iron Hands|67\/100|[from] drain|[of] p1a: Ting-Lu\n|cant|p2a: Gyarados|par\n|move|p1a: Ting-Lu|Stomping Tantrum|p2b: Iron Hands\n|-supereffective|p2b: Iron Hands\n|-damage|p2b: Iron Hands|32\/100\n|\n|upkeep\n|turn|5\n|inactive|CardoTr has 30 seconds left.\n|\n|t:|1683194882\n|-end|p2b: Iron Hands|Quark Drive|[silent]\n|switch|p2b: Amoonguss|Amoonguss, L50, M|100\/100\n|move|p1b: Chien-Pao|Sacred Sword|p2b: Amoonguss\n|-resisted|p2b: Amoonguss\n|-damage|p2b: Amoonguss|83\/100\n|move|p2a: Gyarados|Thunder Wave|p1b: Chien-Pao\n|-status|p1b: Chien-Pao|par\n|move|p1a: Ting-Lu|Ruination|p2a: Gyarados\n|-damage|p2a: Gyarados|50\/100 par\n|\n|upkeep\n|turn|6\n|inactive|PianginaPardo has 30 seconds left.\n|inactive|PianginaPardo has 20 seconds left.\n|inactive|PianginaPardo has 15 seconds left.\n|\n|t:|1683194922\n|move|p1b: Chien-Pao|Ice Spinner|p2b: Amoonguss\n|-supereffective|p2b: Amoonguss\n|-damage|p2b: Amoonguss|0 fnt\n|faint|p2b: Amoonguss\n|move|p2a: Gyarados|Waterfall|p1a: Ting-Lu\n|-supereffective|p1a: Ting-Lu\n|-damage|p1a: Ting-Lu|5\/100\n|move|p1a: Ting-Lu|Stomping Tantrum|p2a: Gyarados\n|-immune|p2a: Gyarados\n|\n|upkeep\n|\n|t:|1683194936\n|switch|p2b: Flutter Mane|Flutter Mane, L50|100\/100\n|turn|7\n|\n|t:|1683194945\n|switch|p2a: Iron Hands|Iron Hands, L50|32\/100\n|-terastallize|p2b: Flutter Mane|Fairy\n|move|p2b: Flutter Mane|Dazzling Gleam|p1b: Chien-Pao|[spread] p1a,p1b\n|-supereffective|p1a: Ting-Lu\n|-supereffective|p1b: Chien-Pao\n|-damage|p1a: Ting-Lu|0 fnt\n|-enditem|p1b: Chien-Pao|Focus Sash\n|-damage|p1b: Chien-Pao|1\/100 par\n|faint|p1a: Ting-Lu\n|move|p1b: Chien-Pao|Ice Spinner|p2b: Flutter Mane\n|-damage|p2b: Flutter Mane|7\/100\n|\n|upkeep\n|\n|t:|1683194965\n|switch|p1a: Gyarados|Gyarados, L50, F|90\/100 par\n|-ability|p1a: Gyarados|Intimidate|boost\n|-unboost|p2a: Iron Hands|atk|1\n|-unboost|p2b: Flutter Mane|atk|1\n|turn|8\n|\n|t:|1683194978\n|-end|p2b: Flutter Mane|Protosynthesis|[silent]\n|switch|p2b: Gyarados|Gyarados, L50, F|50\/100 par\n|-ability|p2b: Gyarados|Intimidate|boost\n|-unboost|p1a: Gyarados|atk|1\n|-unboost|p1b: Chien-Pao|atk|1\n|move|p2a: Iron Hands|Fake Out|p1b: Chien-Pao\n|-damage|p1b: Chien-Pao|0 fnt\n|faint|p1b: Chien-Pao\n|move|p1a: Gyarados|Waterfall|p2b: Gyarados\n|-resisted|p2b: Gyarados\n|-damage|p2b: Gyarados|41\/100 par\n|\n|upkeep\n|\n|t:|1683194988\n|switch|p1b: Dragonite|Dragonite, L50, M|100\/100\n|turn|9\n|inactive|CardoTr has 30 seconds left.\n|inactive|PianginaPardo has 30 seconds left.\n|\n|t:|1683195018\n|switch|p2b: Flutter Mane|Flutter Mane, L50, tera:Fairy|7\/100\n|-terastallize|p1a: Gyarados|Steel\n|move|p1b: Dragonite|Extreme Speed|p2b: Flutter Mane\n|-damage|p2b: Flutter Mane|0 fnt\n|faint|p2b: Flutter Mane\n|-end|p2b: Flutter Mane|Protosynthesis|[silent]\n|move|p2a: Iron Hands|Swords Dance|p2a: Iron Hands\n|-boost|p2a: Iron Hands|atk|2\n|cant|p1a: Gyarados|par\n|\n|upkeep\n|\n|t:|1683195031\n|switch|p2b: Gyarados|Gyarados, L50, F|41\/100 par\n|-ability|p2b: Gyarados|Intimidate|boost\n|-unboost|p1a: Gyarados|atk|1\n|-unboost|p1b: Dragonite|atk|1\n|turn|10\n|\n|t:|1683195053\n|move|p1b: Dragonite|Extreme Speed|p2a: Iron Hands\n|-damage|p2a: Iron Hands|12\/100\n|move|p2a: Iron Hands|Drain Punch|p1a: Gyarados\n|-supereffective|p1a: Gyarados\n|-damage|p1a: Gyarados|0 fnt\n|-heal|p2a: Iron Hands|50\/100|[from] drain|[of] p1a: Gyarados\n|faint|p1a: Gyarados\n|cant|p2b: Gyarados|par\n|\n|upkeep\n|turn|11\n|-message|CardoTr forfeited.\n|\n|win|PianginaPardo\n|raw|CardoTr's rating: 1315 → 1293<\/strong> (-22 for losing)\n|raw|PianginaPardo's rating: 1277 → 1305<\/strong> (+28 for winning)\n|l|\u2606CardoTr\n|c|\u2606PianginaPardo|gg\n","uploadtime":1683195072,"views":17,"p1id":"cardotr","p2id":"pianginapardo","formatid":"gen9vgc2023regulationc","rating":1293,"private":0,"password":""}