{"id":"gen9vgc2023regulationc-1857973106","p1":"BlueRay_04","p2":"Ugarte Joseph","format":"[Gen 9] VGC 2023 Regulation C","log":"|j|\u2606BlueRay_04\n|j|\u2606Ugarte Joseph\n|t:|1683254328\n|gametype|doubles\n|player|p1|BlueRay_04|bianca|1242\n|player|p2|Ugarte Joseph|hugh|1133\n|teamsize|p1|6\n|teamsize|p2|6\n|gen|9\n|tier|[Gen 9] VGC 2023 Regulation C\n|rated|\n|rule|Species Clause: Limit one of each Pok\u00e9mon\n|rule|Item Clause: Limit one of each item\n|clearpoke\n|poke|p1|Magneton, L50|\n|poke|p1|Ting-Lu, L50|\n|poke|p1|Flutter Mane, L50|\n|poke|p1|Azumarill, L50, M|\n|poke|p1|Arcanine, L50, F|\n|poke|p1|Chien-Pao, L50|\n|poke|p2|Dondozo, L50, F|\n|poke|p2|Tatsugiri-Stretchy, L50, M|\n|poke|p2|Ting-Lu, L50|\n|poke|p2|Mimikyu, L50, F|\n|poke|p2|Orthworm, L50, F|\n|poke|p2|Dragonite, L50, F|\n|teampreview|4\n|inactive|Battle timer is ON: inactive players will automatically lose when time's up. (requested by Ugarte Joseph)\n|inactive|BlueRay_04 has 60 seconds left.\n|inactive|Ugarte Joseph has 60 seconds left.\n|inactive|Ugarte Joseph has 30 seconds left.\n|\n|t:|1683254394\n|start\n|switch|p1a: Azumarill|Azumarill, L50, M|100\/100\n|switch|p1b: Chien-Pao|Chien-Pao, L50|100\/100\n|switch|p2a: Orthworm|Orthworm, L50, F, shiny|100\/100\n|switch|p2b: Tatsugiri|Tatsugiri-Stretchy, L50, M, shiny|100\/100\n|-ability|p1b: Chien-Pao|Sword of Ruin\n|turn|1\n|inactive|BlueRay_04 has 30 seconds left.\n|\n|t:|1683254428\n|switch|p2b: Dondozo|Dondozo, L50, F, shiny|100\/100\n|switch|p1a: Magneton|Magneton, L50|100\/100\n|move|p1b: Chien-Pao|Sacred Sword|p2a: Orthworm\n|-supereffective|p2a: Orthworm\n|-damage|p2a: Orthworm|45\/100\n|-enditem|p2a: Orthworm|Sitrus Berry|[eat]\n|-heal|p2a: Orthworm|70\/100|[from] item: Sitrus Berry\n|move|p2a: Orthworm|Shed Tail|p2a: Orthworm\n|-start|p2a: Orthworm|Substitute|[from] move: Shed Tail\n|-damage|p2a: Orthworm|20\/100\n|\n|t:|1683254443\n|switch|p2a: Mimikyu|Mimikyu, L50, F, shiny|100\/100|[from] Shed Tail\n|\n|upkeep\n|turn|2\n|inactive|BlueRay_04 has 30 seconds left.\n|inactive|BlueRay_04 has 20 seconds left.\n|inactive|Ugarte Joseph has 30 seconds left.\n|\n|t:|1683254485\n|-terastallize|p1a: Magneton|Grass\n|-terastallize|p2b: Dondozo|Grass\n|move|p1b: Chien-Pao|Sacred Sword|p2b: Dondozo\n|-damage|p2b: Dondozo|81\/100\n|move|p1a: Magneton|Electroweb|p2a: Mimikyu|[spread] p2a,p2b\n|-activate|p2a: Mimikyu|move: Substitute|[damage]\n|-resisted|p2b: Dondozo\n|-crit|p2b: Dondozo\n|-damage|p2b: Dondozo|71\/100\n|-unboost|p2b: Dondozo|spe|1\n|move|p2a: Mimikyu|Swords Dance|p2a: Mimikyu\n|-boost|p2a: Mimikyu|atk|2\n|move|p2b: Dondozo|Yawn|p1a: Magneton\n|-start|p1a: Magneton|move: Yawn|[of] p2b: Dondozo\n|\n|-heal|p2b: Dondozo|77\/100|[from] item: Leftovers\n|upkeep\n|turn|3\n|inactive|BlueRay_04 has 30 seconds left.\n|\n|t:|1683254514\n|switch|p1a: Flutter Mane|Flutter Mane, L50|100\/100\n|-enditem|p1a: Flutter Mane|Booster Energy\n|-activate|p1a: Flutter Mane|ability: Protosynthesis|[fromitem]\n|-start|p1a: Flutter Mane|protosynthesisspe\n|move|p1b: Chien-Pao|Crunch|p2a: Mimikyu\n|-end|p2a: Mimikyu|Substitute\n|move|p2a: Mimikyu|Swords Dance|p2a: Mimikyu\n|-boost|p2a: Mimikyu|atk|2\n|move|p2b: Dondozo|Body Press|p1b: Chien-Pao\n|-supereffective|p1b: Chien-Pao\n|-enditem|p1b: Chien-Pao|Focus Sash\n|-damage|p1b: Chien-Pao|1\/100\n|\n|-heal|p2b: Dondozo|83\/100|[from] item: Leftovers\n|upkeep\n|turn|4\n|inactive|BlueRay_04 has 30 seconds left.\n|inactive|Ugarte Joseph has 30 seconds left.\n|inactive|BlueRay_04 has 20 seconds left.\n|inactive|BlueRay_04 has 15 seconds left.\n|\n|t:|1683254556\n|-end|p1a: Flutter Mane|Protosynthesis|[silent]\n|switch|p1a: Azumarill|Azumarill, L50, M|100\/100\n|move|p2a: Mimikyu|Shadow Sneak|p1a: Azumarill\n|-damage|p1a: Azumarill|28\/100\n|move|p1b: Chien-Pao|Crunch|p2a: Mimikyu\n|-activate|p2a: Mimikyu|ability: Disguise\n|-damage|p2a: Mimikyu|100\/100\n|detailschange|p2a: Mimikyu|Mimikyu-Busted, L50, F, shiny\n|-damage|p2a: Mimikyu|88\/100|[from] pokemon: Mimikyu-Busted\n|move|p2b: Dondozo|Wave Crash|p1b: Chien-Pao\n|-damage|p1b: Chien-Pao|0 fnt\n|faint|p1b: Chien-Pao\n|-damage|p2b: Dondozo|82\/100|[from] Recoil\n|\n|-heal|p2b: Dondozo|88\/100|[from] item: Leftovers\n|upkeep\n|\n|t:|1683254570\n|switch|p1b: Magneton|Magneton, L50, tera:Grass|100\/100\n|turn|5\n|\n|t:|1683254590\n|move|p1a: Azumarill|Protect|p1a: Azumarill\n|-singleturn|p1a: Azumarill|Protect\n|move|p2a: Mimikyu|Shadow Sneak|p1a: Azumarill\n|-activate|p1a: Azumarill|move: Protect\n|move|p1b: Magneton|Flash Cannon|p2a: Mimikyu\n|-supereffective|p2a: Mimikyu\n|-damage|p2a: Mimikyu|10\/100\n|move|p2b: Dondozo|Yawn|p1b: Magneton\n|-start|p1b: Magneton|move: Yawn|[of] p2b: Dondozo\n|\n|-heal|p2b: Dondozo|94\/100|[from] item: Leftovers\n|upkeep\n|turn|6\n|inactive|BlueRay_04 has 30 seconds left.\n|\n|t:|1683254616\n|move|p1a: Azumarill|Protect|p1a: Azumarill\n|-singleturn|p1a: Azumarill|Protect\n|move|p2b: Dondozo|Protect|p2b: Dondozo\n|-singleturn|p2b: Dondozo|Protect\n|move|p2a: Mimikyu|Shadow Sneak|p1a: Azumarill\n|-activate|p1a: Azumarill|move: Protect\n|move|p1b: Magneton|Electroweb|p2a: Mimikyu|[spread] p2a\n|-activate|p2b: Dondozo|move: Protect\n|-damage|p2a: Mimikyu|0 fnt\n|faint|p2a: Mimikyu\n|\n|-heal|p2b: Dondozo|99\/100|[from] item: Leftovers\n|-end|p1b: Magneton|move: Yawn|[silent]\n|-status|p1b: Magneton|slp\n|upkeep\n|c|\u2606Ugarte Joseph|Nice\n|\n|t:|1683254639\n|switch|p2a: Orthworm|Orthworm, L50, F, shiny|20\/100\n|turn|7\n|\n|t:|1683254659\n|cant|p1b: Magneton|slp\n|move|p1a: Azumarill|Play Rough|p2b: Dondozo\n|-damage|p2b: Dondozo|67\/100\n|move|p2a: Orthworm|Heavy Slam|p1a: Azumarill\n|-damage|p1a: Azumarill|0 fnt\n|faint|p1a: Azumarill\n|move|p2b: Dondozo|Body Press|p1b: Magneton\n|-damage|p1b: Magneton|77\/100 slp\n|\n|-heal|p2b: Dondozo|73\/100|[from] item: Leftovers\n|upkeep\n|\n|t:|1683254670\n|switch|p1a: Flutter Mane|Flutter Mane, L50|100\/100\n|turn|8\n|\n|t:|1683254683\n|move|p1a: Flutter Mane|Dazzling Gleam|p2b: Dondozo|[spread] p2a,p2b\n|-resisted|p2a: Orthworm\n|-damage|p2a: Orthworm|6\/100\n|-damage|p2b: Dondozo|48\/100\n|cant|p1b: Magneton|slp\n|move|p2a: Orthworm|Heavy Slam|p1a: Flutter Mane\n|-supereffective|p1a: Flutter Mane\n|-damage|p1a: Flutter Mane|2\/100\n|move|p2b: Dondozo|Wave Crash|p1a: Flutter Mane\n|-damage|p1a: Flutter Mane|0 fnt\n|faint|p1a: Flutter Mane\n|-end|p1a: Flutter Mane|Protosynthesis|[silent]\n|-damage|p2b: Dondozo|48\/100|[from] Recoil\n|\n|-heal|p2b: Dondozo|54\/100|[from] item: Leftovers\n|upkeep\n|turn|9\n|\n|t:|1683254700\n|move|p2a: Orthworm|Helping Hand|p2b: Dondozo\n|-singleturn|p2b: Dondozo|Helping Hand|[of] p2a: Orthworm\n|-curestatus|p1b: Magneton|slp|[msg]\n|move|p1b: Magneton|Electroweb|p2b: Dondozo|[spread] p2a,p2b\n|-resisted|p2b: Dondozo\n|-damage|p2a: Orthworm|0 fnt\n|-damage|p2b: Dondozo|47\/100\n|-unboost|p2b: Dondozo|spe|1\n|faint|p2a: Orthworm\n|move|p2b: Dondozo|Body Press|p1b: Magneton\n|-crit|p1b: Magneton\n|-damage|p1b: Magneton|32\/100\n|\n|-heal|p2b: Dondozo|53\/100|[from] item: Leftovers\n|upkeep\n|\n|t:|1683254712\n|switch|p2a: Tatsugiri|Tatsugiri-Stretchy, L50, M, shiny|100\/100\n|turn|10\n|\n|t:|1683254727\n|move|p1b: Magneton|Thunderbolt|p2a: Tatsugiri\n|-damage|p2a: Tatsugiri|59\/100\n|move|p2a: Tatsugiri|Draco Meteor|p1b: Magneton\n|-damage|p1b: Magneton|0 fnt\n|-unboost|p2a: Tatsugiri|spa|2\n|faint|p1b: Magneton\n|\n|win|Ugarte Joseph\n|raw|BlueRay_04's rating: 1242 → 1209<\/strong> (-33 for losing)\n|raw|Ugarte Joseph's rating: 1133 → 1166<\/strong> (+33 for winning)\n|l|\u2606BlueRay_04\n","uploadtime":1683254751,"views":9,"p1id":"blueray04","p2id":"ugartejoseph","formatid":"gen9vgc2023regulationc","rating":1166,"private":0,"password":""}