{"id":"gen9vgc2023regulationc-1855661702","p1":"anchelados","p2":"Nepheshel","format":"[Gen 9] VGC 2023 Regulation C","log":"|j|\u2606anchelados\n|j|\u2606Nepheshel\n|t:|1682970869\n|gametype|doubles\n|player|p1|anchelados|preschooler|1712\n|player|p2|Nepheshel|265|1700\n|teamsize|p1|6\n|teamsize|p2|6\n|gen|9\n|tier|[Gen 9] VGC 2023 Regulation C\n|rated|\n|rule|Species Clause: Limit one of each Pok\u00e9mon\n|rule|Item Clause: Limit one of each item\n|clearpoke\n|poke|p1|Kingambit, L50, F|\n|poke|p1|Glimmora, L50, M|\n|poke|p1|Arcanine, L50, M|\n|poke|p1|Chien-Pao, L50|\n|poke|p1|Dragonite, L50, F|\n|poke|p1|Rotom-Wash, L50|\n|poke|p2|Flutter Mane, L50|\n|poke|p2|Palafin, L50, F|\n|poke|p2|Talonflame, L50, M|\n|poke|p2|Sylveon, L50, F|\n|poke|p2|Indeedee-F, L50, F|\n|poke|p2|Chi-Yu, L50|\n|teampreview|4\n|\n|t:|1682970913\n|start\n|switch|p1a: Glimmora|Glimmora, L50, M|100\/100\n|switch|p1b: Arcanine|Arcanine, L50, M|100\/100\n|switch|p2a: Chi-Yu|Chi-Yu, L50|100\/100\n|switch|p2b: Flutter Mane|Flutter Mane, L50|100\/100\n|-ability|p2a: Chi-Yu|Beads of Ruin\n|-ability|p1b: Arcanine|Intimidate|boost\n|-unboost|p2a: Chi-Yu|atk|1\n|-unboost|p2b: Flutter Mane|atk|1\n|turn|1\n|\n|t:|1682970923\n|-terastallize|p2a: Chi-Yu|Water\n|move|p2b: Flutter Mane|Dazzling Gleam|p1b: Arcanine|[spread] p1a,p1b\n|-resisted|p1a: Glimmora\n|-resisted|p1b: Arcanine\n|-damage|p1a: Glimmora|82\/100\n|-damage|p1b: Arcanine|80\/100\n|move|p2a: Chi-Yu|Tera Blast|p1a: Glimmora\n|-supereffective|p1a: Glimmora\n|-damage|p1a: Glimmora|0 fnt\n|faint|p1a: Glimmora\n|-damage|p2a: Chi-Yu|91\/100|[from] item: Life Orb\n|move|p1b: Arcanine|Flare Blitz|p2b: Flutter Mane\n|-damage|p2b: Flutter Mane|21\/100\n|-damage|p1b: Arcanine|60\/100|[from] Recoil\n|\n|upkeep\n|\n|t:|1682970938\n|switch|p1a: Dragonite|Dragonite, L50, F|100\/100\n|turn|2\n|\n|t:|1682970953\n|-terastallize|p1a: Dragonite|Flying\n|move|p1b: Arcanine|Protect|p1b: Arcanine\n|-singleturn|p1b: Arcanine|Protect\n|move|p2a: Chi-Yu|Tera Blast|p1b: Arcanine\n|-activate|p1b: Arcanine|move: Protect\n|move|p1a: Dragonite|Tera Blast|p2a: Chi-Yu\n|-damage|p2a: Chi-Yu|5\/100\n|move|p2b: Flutter Mane|Trick Room|p2b: Flutter Mane\n|-fieldstart|move: Trick Room|[of] p2b: Flutter Mane\n|\n|upkeep\n|turn|3\n|\n|t:|1682970979\n|move|p1b: Arcanine|Extreme Speed|p2a: Chi-Yu\n|-damage|p2a: Chi-Yu|0 fnt\n|faint|p2a: Chi-Yu\n|move|p1a: Dragonite|Tera Blast|p2b: Flutter Mane\n|-damage|p2b: Flutter Mane|0 fnt\n|faint|p2b: Flutter Mane\n|-end|p2b: Flutter Mane|Protosynthesis|[silent]\n|\n|upkeep\n|j| Hikawari\n|\n|t:|1682970982\n|switch|p2a: Indeedee|Indeedee-F, L50, F|100\/100\n|switch|p2b: Sylveon|Sylveon, L50, F|100\/100\n|-fieldstart|move: Psychic Terrain|[from] ability: Psychic Surge|[of] p2a: Indeedee\n|-enditem|p2a: Indeedee|Psychic Seed\n|-boost|p2a: Indeedee|spd|1|[from] item: Psychic Seed\n|turn|4\n|\n|t:|1682971003\n|move|p2a: Indeedee|Psychic|p1a: Dragonite\n|-crit|p1a: Dragonite\n|-damage|p1a: Dragonite|63\/100\n|move|p2b: Sylveon|Hyper Voice|p1b: Arcanine|[spread] p1a,p1b\n|-resisted|p1b: Arcanine\n|-damage|p1a: Dragonite|10\/100\n|-damage|p1b: Arcanine|30\/100\n|move|p1a: Dragonite|Tera Blast|p2b: Sylveon\n|-damage|p2b: Sylveon|6\/100\n|move|p1b: Arcanine|Flare Blitz|p2b: Sylveon\n|-damage|p2b: Sylveon|0 fnt\n|faint|p2b: Sylveon\n|-damage|p1b: Arcanine|29\/100|[from] Recoil\n|\n|upkeep\n|turn|5\n|j| efrgebgf\n|\n|t:|1682971015\n|move|p1a: Dragonite|Protect|p1a: Dragonite\n|-singleturn|p1a: Dragonite|Protect\n|move|p1b: Arcanine|Protect|p1b: Arcanine\n|-singleturn|p1b: Arcanine|Protect\n|move|p2a: Indeedee|Dazzling Gleam|p1a: Dragonite|[spread] \n|-activate|p1a: Dragonite|move: Protect\n|-activate|p1b: Arcanine|move: Protect\n|\n|upkeep\n|turn|6\n|j| manwtfisthis\n|-message|Nepheshel forfeited.\n|\n|win|anchelados\n|raw|anchelados's rating: 1712 → 1731<\/strong> (+19 for winning)\n|raw|Nepheshel's rating: 1700 → 1681<\/strong> (-19 for losing)\n|l|\u2606Nepheshel\n","uploadtime":1682971021,"views":16,"p1id":"anchelados","p2id":"nepheshel","formatid":"gen9vgc2023regulationc","rating":1681,"private":0,"password":""}