{"id":"gen9vgc2023regulationc-1854473909","p1":"JimmyLeSimplet","p2":"Yuni Sensei","format":"[Gen 9] VGC 2023 Regulation C","log":"|j|\u2606JimmyLeSimplet\n|j|\u2606Yuni Sensei\n|t:|1682815530\n|gametype|doubles\n|player|p1|JimmyLeSimplet|ethan|1416\n|player|p2|Yuni Sensei|ninjaboy|1509\n|teamsize|p1|6\n|teamsize|p2|6\n|gen|9\n|tier|[Gen 9] VGC 2023 Regulation C\n|rated|\n|rule|Species Clause: Limit one of each Pok\u00e9mon\n|rule|Item Clause: Limit one of each item\n|clearpoke\n|poke|p1|Iron Bundle, L50|\n|poke|p1|Gholdengo, L50|\n|poke|p1|Mimikyu, L50, F|\n|poke|p1|Pelipper, L50, F|\n|poke|p1|Palafin, L50, M|\n|poke|p1|Murkrow, L50, M|\n|poke|p2|Annihilape, L50, M|\n|poke|p2|Maushold, L50|\n|poke|p2|Talonflame, L50, M|\n|poke|p2|Ting-Lu, L50|\n|poke|p2|Gyarados, L50, M|\n|poke|p2|Amoonguss, L50, M|\n|teampreview|4\nYuni Sensei has agreed to open team sheets.\nJimmyLeSimplet has agreed to open team sheets.\n|\n|t:|1682815577\n|start\n|switch|p1a: Gholdengo|Gholdengo, L50|100\/100\n|switch|p1b: Palafin|Palafin, L50, M, shiny|100\/100\n|switch|p2a: Annihilape|Annihilape, L50, M|100\/100\n|switch|p2b: Maushold|Maushold, L50|100\/100\n|turn|1\n|\n|t:|1682815601\n|detailschange|p1b: Palafin|Palafin-Hero, L50, M, shiny\n|switch|p1b: Pelipper|Pelipper, L50, F, shiny|100\/100\n|-weather|RainDance|[from] ability: Drizzle|[of] p1b: Pelipper\n|-terastallize|p2a: Annihilape|Water\n|-terastallize|p1a: Gholdengo|Water\n|move|p2b: Maushold|Beat Up|p2a: Annihilape\n|-damage|p2a: Annihilape|98\/100\n|-damage|p2a: Annihilape|96\/100\n|-damage|p2a: Annihilape|94\/100\n|-damage|p2a: Annihilape|91\/100\n|-hitcount|p2a: Annihilape|4\n|move|p2a: Annihilape|Bulk Up|p2a: Annihilape\n|-boost|p2a: Annihilape|atk|1\n|-boost|p2a: Annihilape|def|1\n|move|p1a: Gholdengo|Make It Rain|p2b: Maushold|[spread] p2a,p2b\n|-resisted|p2a: Annihilape\n|-damage|p2a: Annihilape|66\/100\n|-damage|p2b: Maushold|20\/100\n|-unboost|p1a: Gholdengo|spa|1\n|\n|-weather|RainDance|[upkeep]\n|-heal|p2a: Annihilape|72\/100|[from] item: Leftovers\n|upkeep\n|turn|2\n|\n|t:|1682815628\n|move|p2b: Maushold|Protect|p2b: Maushold\n|-singleturn|p2b: Maushold|Protect\n|move|p2a: Annihilape|Rage Fist|p1a: Gholdengo\n|-damage|p1a: Gholdengo|0 fnt\n|faint|p1a: Gholdengo\n|move|p1b: Pelipper|Hurricane|p2a: Annihilape\n|-damage|p2a: Annihilape|40\/100\n|\n|-weather|RainDance|[upkeep]\n|-heal|p2a: Annihilape|46\/100|[from] item: Leftovers\n|upkeep\n|\n|t:|1682815637\n|switch|p1a: Iron Bundle|Iron Bundle, L50, shiny|100\/100\n|-enditem|p1a: Iron Bundle|Booster Energy\n|-activate|p1a: Iron Bundle|ability: Quark Drive|[fromitem]\n|-start|p1a: Iron Bundle|quarkdrivespe\n|turn|3\n|\n|t:|1682815655\n|move|p1a: Iron Bundle|Protect|p1a: Iron Bundle\n|-singleturn|p1a: Iron Bundle|Protect\n|move|p2a: Annihilape|Protect|p2a: Annihilape\n|-singleturn|p2a: Annihilape|Protect\n|move|p2b: Maushold|Super Fang|p1b: Pelipper\n|-damage|p1b: Pelipper|51\/100\n|move|p1b: Pelipper|Hurricane|p2a: Annihilape\n|-activate|p2a: Annihilape|move: Protect\n|\n|-weather|RainDance|[upkeep]\n|-heal|p2a: Annihilape|52\/100|[from] item: Leftovers\n|upkeep\n|turn|4\n|\n|t:|1682815675\n|move|p2b: Maushold|Follow Me|p2b: Maushold\n|-singleturn|p2b: Maushold|move: Follow Me\n|move|p1a: Iron Bundle|Freeze-Dry|p2b: Maushold\n|-crit|p2b: Maushold\n|-damage|p2b: Maushold|0 fnt\n|faint|p2b: Maushold\n|move|p2a: Annihilape|Drain Punch|p1a: Iron Bundle\n|-supereffective|p1a: Iron Bundle\n|-damage|p1a: Iron Bundle|0 fnt\n|-heal|p2a: Annihilape|84\/100|[from] drain|[of] p1a: Iron Bundle\n|faint|p1a: Iron Bundle\n|-end|p1a: Iron Bundle|Quark Drive|[silent]\n|move|p1b: Pelipper|Hurricane|p2a: Annihilape\n|-damage|p2a: Annihilape|42\/100\n|-start|p2a: Annihilape|confusion\n|\n|-weather|RainDance|[upkeep]\n|-heal|p2a: Annihilape|48\/100|[from] item: Leftovers\n|upkeep\n|inactive|Battle timer is ON: inactive players will automatically lose when time's up. (requested by Yuni Sensei)\n|\n|t:|1682815694\n|switch|p1a: Palafin|Palafin-Hero, L50, M, shiny|100\/100\n|switch|p2b: Gyarados|Gyarados, L50, M|100\/100\n|-activate|p1a: Palafin|ability: Zero to Hero\n|-ability|p2b: Gyarados|Intimidate|boost\n|-unboost|p1a: Palafin|atk|1\n|-unboost|p1b: Pelipper|atk|1\n|turn|5\n|\n|t:|1682815714\n|switch|p2b: Ting-Lu|Ting-Lu, L50|100\/100\n|-ability|p2b: Ting-Lu|Vessel of Ruin\n|-activate|p2a: Annihilape|confusion\n|move|p2a: Annihilape|Protect|p2a: Annihilape\n|-singleturn|p2a: Annihilape|Protect\n|move|p1a: Palafin|Wave Crash|p2a: Annihilape\n|-activate|p2a: Annihilape|move: Protect\n|move|p1b: Pelipper|Hurricane|p2b: Ting-Lu\n|-damage|p2b: Ting-Lu|80\/100\n|\n|-weather|none\n|-heal|p2a: Annihilape|54\/100|[from] item: Leftovers\n|upkeep\n|turn|6\n|\n|t:|1682815733\n|switch|p2b: Gyarados|Gyarados, L50, M|100\/100\n|-ability|p2b: Gyarados|Intimidate|boost\n|-unboost|p1a: Palafin|atk|1\n|-unboost|p1b: Pelipper|atk|1\n|-end|p2a: Annihilape|confusion\n|move|p2a: Annihilape|Rage Fist|p1a: Palafin\n|-damage|p1a: Palafin|0 fnt\n|faint|p1a: Palafin\n|move|p1b: Pelipper|Hurricane|p2a: Annihilape\n|-damage|p2a: Annihilape|10\/100\n|\n|-heal|p2a: Annihilape|16\/100|[from] item: Leftovers\n|upkeep\n|turn|7\n|-message|JimmyLeSimplet forfeited.\n|\n|win|Yuni Sensei\n|raw|JimmyLeSimplet's rating: 1416 → 1401<\/strong> (-15 for losing)\n|raw|Yuni Sensei's rating: 1509 → 1524<\/strong> (+15 for winning)\n|l|\u2606JimmyLeSimplet\n","uploadtime":1682815751,"views":15,"p1id":"jimmylesimplet","p2id":"yunisensei","formatid":"gen9vgc2023regulationc","rating":1401,"private":0,"password":""}