{"id":"gen9vgc2023regulationc-1845101827","p1":"Vitalis24","p2":"peppe1221","format":"[Gen 9] VGC 2023 Regulation C","log":"|j|\u2606Vitalis24\n|j|\u2606peppe1221\n|t:|1681683727\n|gametype|doubles\n|player|p1|Vitalis24|ethan|1299\n|player|p2|peppe1221|266|1381\n|teamsize|p1|6\n|teamsize|p2|6\n|gen|9\n|tier|[Gen 9] VGC 2023 Regulation C\n|rated|\n|rule|Species Clause: Limit one of each Pok\u00e9mon\n|rule|Item Clause: Limit one of each item\n|clearpoke\n|poke|p1|Glimmora, L50, M|\n|poke|p1|Flutter Mane, L50|\n|poke|p1|Indeedee-F, L50, F|\n|poke|p1|Iron Hands, L50|\n|poke|p1|Brute Bonnet, L50|\n|poke|p1|Pelipper, L50, F|\n|poke|p2|Quaquaval, L50, M|\n|poke|p2|Chien-Pao, L50|\n|poke|p2|Glimmora, L50, M|\n|poke|p2|Sableye, L50, M|\n|poke|p2|Flutter Mane, L50|\n|poke|p2|Dragonite, L50, F|\n|teampreview|4\n|\n|t:|1681683753\n|start\n|switch|p1a: Flutter Mane|Flutter Mane, L50|100\/100\n|switch|p1b: Indeedee|Indeedee-F, L50, F|100\/100\n|switch|p2a: Sableye|Sableye, L50, M|100\/100\n|switch|p2b: Flutter Mane|Flutter Mane, L50|100\/100\n|-fieldstart|move: Psychic Terrain|[from] ability: Psychic Surge|[of] p1b: Indeedee\n|turn|1\n|\n|t:|1681683771\n|-terastallize|p1a: Flutter Mane|Fairy\n|move|p1b: Indeedee|Follow Me|p1b: Indeedee\n|-singleturn|p1b: Indeedee|move: Follow Me\n|move|p2a: Sableye|Light Screen|p2a: Sableye\n|-sidestart|p2: peppe1221|move: Light Screen\n|move|p1a: Flutter Mane|Dazzling Gleam|p2b: Flutter Mane|[spread] p2a,p2b\n|-supereffective|p2a: Sableye\n|-damage|p2a: Sableye|36\/100\n|-damage|p2b: Flutter Mane|73\/100\n|move|p2b: Flutter Mane|Dazzling Gleam|p1a: Flutter Mane|[spread] p1a,p1b\n|-damage|p1a: Flutter Mane|47\/100\n|-damage|p1b: Indeedee|58\/100\n|\n|upkeep\n|turn|2\n|\n|t:|1681683786\n|move|p2a: Sableye|Reflect|p2a: Sableye\n|-sidestart|p2: peppe1221|Reflect\n|move|p1a: Flutter Mane|Dazzling Gleam|p2b: Flutter Mane|[spread] p2a,p2b\n|-supereffective|p2a: Sableye\n|-damage|p2a: Sableye|0 fnt\n|-damage|p2b: Flutter Mane|46\/100\n|faint|p2a: Sableye\n|move|p2b: Flutter Mane|Dazzling Gleam|p1a: Flutter Mane|[spread] p1a,p1b\n|-damage|p1a: Flutter Mane|0 fnt\n|-damage|p1b: Indeedee|8\/100\n|faint|p1a: Flutter Mane\n|-end|p1a: Flutter Mane|Protosynthesis|[silent]\n|move|p1b: Indeedee|Psychic|p2b: Flutter Mane\n|-damage|p2b: Flutter Mane|25\/100\n|\n|upkeep\n|\n|t:|1681683802\n|switch|p1a: Glimmora|Glimmora, L50, M|100\/100\n|switch|p2a: Dragonite|Dragonite, L50, F|100\/100\n|turn|3\n|\n|t:|1681683817\n|-end|p2b: Flutter Mane|Protosynthesis|[silent]\n|switch|p2b: Glimmora|Glimmora, L50, M|100\/100\n|move|p2a: Dragonite|Fire Spin|p1b: Indeedee|[miss]\n|-miss|p2a: Dragonite|p1b: Indeedee\n|move|p1a: Glimmora|Sludge Bomb|p2b: Glimmora\n|-resisted|p2b: Glimmora\n|-damage|p2b: Glimmora|92\/100\n|move|p1b: Indeedee|Trick Room|p1b: Indeedee\n|-fieldstart|move: Trick Room|[of] p1b: Indeedee\n|\n|-heal|p2b: Glimmora|98\/100|[from] item: Leftovers\n|upkeep\n|turn|4\n|\n|t:|1681683836\n|move|p1b: Indeedee|Psychic|p2b: Glimmora\n|-supereffective|p2b: Glimmora\n|-damage|p2b: Glimmora|49\/100\n|-unboost|p2b: Glimmora|spd|1\n|move|p1a: Glimmora|Power Gem|p2a: Dragonite\n|-supereffective|p2a: Dragonite\n|-damage|p2a: Dragonite|69\/100\n|move|p2a: Dragonite|Fire Spin|p1a: Glimmora\n|-resisted|p1a: Glimmora\n|-damage|p1a: Glimmora|96\/100\n|-activate|p1a: Glimmora|move: Fire Spin|[of] p2a: Dragonite\n|move|p2b: Glimmora|Power Gem|p1b: Indeedee\n|-damage|p1b: Indeedee|0 fnt\n|faint|p1b: Indeedee\n|\n|-heal|p2b: Glimmora|55\/100|[from] item: Leftovers\n|-damage|p1a: Glimmora|84\/100|[from] move: Fire Spin|[partiallytrapped]\n|upkeep\n|\n|t:|1681683855\n|switch|p1b: Iron Hands|Iron Hands, L50|100\/100\n|turn|5\n|\n|t:|1681683866\n|-terastallize|p2a: Dragonite|Normal\n|move|p1b: Iron Hands|Swords Dance|p1b: Iron Hands\n|-boost|p1b: Iron Hands|atk|2\n|move|p1a: Glimmora|Earth Power|p2b: Glimmora\n|-supereffective|p2b: Glimmora\n|-damage|p2b: Glimmora|0 fnt\n|faint|p2b: Glimmora\n|move|p2a: Dragonite|Roost|p2a: Dragonite\n|-heal|p2a: Dragonite|100\/100\n|\n|-damage|p1a: Glimmora|72\/100|[from] move: Fire Spin|[partiallytrapped]\n|-fieldend|move: Psychic Terrain\n|upkeep\n|\n|t:|1681683876\n|switch|p2b: Flutter Mane|Flutter Mane, L50|25\/100\n|turn|6\n|\n|t:|1681683884\n|move|p1b: Iron Hands|Drain Punch|p2a: Dragonite\n|-supereffective|p2a: Dragonite\n|-damage|p2a: Dragonite|46\/100\n|-damage|p1b: Iron Hands|84\/100|[from] item: Rocky Helmet|[of] p2a: Dragonite\n|move|p1a: Glimmora|Sludge Bomb|p2b: Flutter Mane\n|-damage|p2b: Flutter Mane|0 fnt\n|faint|p2b: Flutter Mane\n|-end|p2b: Flutter Mane|Protosynthesis|[silent]\n|move|p2a: Dragonite|Fire Spin|p1b: Iron Hands\n|-damage|p1b: Iron Hands|78\/100\n|-activate|p1b: Iron Hands|move: Fire Spin|[of] p2a: Dragonite\n|\n|-damage|p1b: Iron Hands|65\/100|[from] move: Fire Spin|[partiallytrapped]\n|-damage|p1a: Glimmora|60\/100|[from] move: Fire Spin|[partiallytrapped]\n|upkeep\n|turn|7\n|\n|t:|1681683903\n|move|p2a: Dragonite|Extreme Speed|p1b: Iron Hands\n|-damage|p1b: Iron Hands|37\/100\n|move|p1b: Iron Hands|Drain Punch|p2a: Dragonite\n|-supereffective|p2a: Dragonite\n|-damage|p2a: Dragonite|0 fnt\n|-heal|p1b: Iron Hands|55\/100|[from] drain|[of] p2a: Dragonite\n|-damage|p1b: Iron Hands|38\/100|[from] item: Rocky Helmet|[of] p2a: Dragonite\n|faint|p2a: Dragonite\n|\n|win|Vitalis24\n|raw|Vitalis24's rating: 1299 → 1330<\/strong> (+31 for winning)\n|raw|peppe1221's rating: 1381 → 1356<\/strong> (-25 for losing)\n|l|\u2606peppe1221\n","uploadtime":1681683915,"views":10,"p1id":"vitalis24","p2id":"peppe1221","formatid":"gen9vgc2023regulationc","rating":1330,"private":0,"password":""}