{"id":"gen9vgc2023regulationc-1863236449","p1":"ArnavChawla","p2":"ocfrey","format":"[Gen 9] VGC 2023 Regulation C","log":"|j|\u2606ArnavChawla\n|j|\u2606ocfrey\n|t:|1683992030\n|gametype|doubles\n|player|p1|ArnavChawla|ingo|\n|player|p2|ocfrey|1|\n|teamsize|p1|6\n|teamsize|p2|6\n|gen|9\n|tier|[Gen 9] VGC 2023 Regulation C\n|rule|Tera Type Preview: Tera Types are shown at Team Preview\n|rule|Species Clause: Limit one of each Pok\u00e9mon\n|rule|Item Clause: Limit one of each item\n|clearpoke\n|poke|p1|Sableye, L50, F|\n|poke|p1|Iron Valiant, L50|\n|poke|p1|Kingambit, L50, M|\n|poke|p1|Pincurchin, L50, F|\n|poke|p1|Gothitelle, L50, M|\n|poke|p1|Tauros-Paldea-Combat, L50, M|\n|poke|p2|Sylveon, L50, F|\n|poke|p2|Indeedee-F, L50, F|\n|poke|p2|Iron Hands, L50|\n|poke|p2|Weavile, L50, F|\n|poke|p2|Bronzong, L50|\n|poke|p2|Dragapult, L50, M|\n|teampreview|4\n|raw|ArnavChawla's Tera Types: \/ \/ \/ \/ \/ \n|raw|ocfrey's Tera Types: \/ \/ \/ \/ \/ \n|inactive|Battle timer is ON: inactive players will automatically lose when time's up. (requested by ArnavChawla)\n|c|\u2606ArnavChawla|r2\n|inactiveoff|Battle timer is now OFF.\n|inactive|Battle timer is ON: inactive players will automatically lose when time's up. (requested by ArnavChawla)\n|c|\u2606ArnavChawla|glhf\n|c|\u2606ocfrey|glhf\n|inactive|ArnavChawla has 30 seconds left.\n|inactive|ocfrey has 30 seconds left.\n|\n|t:|1683992227\n|start\n|switch|p1a: Kingambit|Kingambit, L50, M|100\/100\n|switch|p1b: Pincurchin|Pincurchin, L50, F|100\/100\n|switch|p2a: Indeedee|Indeedee-F, L50, F|100\/100\n|switch|p2b: Sylveon|Sylveon, L50, F|100\/100\n|-fieldstart|move: Psychic Terrain|[from] ability: Psychic Surge|[of] p2a: Indeedee\n|-fieldstart|move: Electric Terrain|[from] ability: Electric Surge|[of] p1b: Pincurchin\n|turn|1\n|\n|t:|1683992247\n|-terastallize|p2b: Sylveon|Fire\n|move|p2a: Indeedee|Helping Hand|p2b: Sylveon\n|-singleturn|p2b: Sylveon|Helping Hand|[of] p2a: Indeedee\n|move|p2b: Sylveon|Tera Blast|p1a: Kingambit\n|-supereffective|p1a: Kingambit\n|-damage|p1a: Kingambit|0 fnt\n|faint|p1a: Kingambit\n|move|p1b: Pincurchin|Thunderbolt|p2b: Sylveon\n|-damage|p2b: Sylveon|58\/100\n|\n|upkeep\n|\n|t:|1683992256\n|switch|p1a: Gothitelle|Gothitelle, L50, M|100\/100\n|turn|2\n|\n|t:|1683992266\n|move|p1b: Pincurchin|Protect|p1b: Pincurchin\n|-singleturn|p1b: Pincurchin|Protect\n|move|p2a: Indeedee|Follow Me|p2a: Indeedee\n|-singleturn|p2a: Indeedee|move: Follow Me\n|move|p2b: Sylveon|Tera Blast|p1b: Pincurchin\n|-activate|p1b: Pincurchin|move: Protect\n|move|p1a: Gothitelle|Trick Room|p1a: Gothitelle\n|-fieldstart|move: Trick Room|[of] p1a: Gothitelle\n|\n|upkeep\n|turn|3\n|\n|t:|1683992289\n|-terastallize|p1b: Pincurchin|Electric\n|move|p2a: Indeedee|Helping Hand|p2b: Sylveon\n|-singleturn|p2b: Sylveon|Helping Hand|[of] p2a: Indeedee\n|move|p1b: Pincurchin|Thunderbolt|p2b: Sylveon\n|-damage|p2b: Sylveon|2\/100\n|-status|p2b: Sylveon|par\n|cant|p2b: Sylveon|par\n|move|p1a: Gothitelle|Psychic|p2b: Sylveon\n|-damage|p2b: Sylveon|0 fnt\n|faint|p2b: Sylveon\n|\n|upkeep\n|\n|t:|1683992300\n|switch|p2b: Iron Hands|Iron Hands, L50|100\/100\n|-activate|p2b: Iron Hands|ability: Quark Drive\n|-start|p2b: Iron Hands|quarkdriveatk\n|turn|4\n|\n|t:|1683992313\n|move|p1b: Pincurchin|Protect|p1b: Pincurchin\n|-singleturn|p1b: Pincurchin|Protect\n|move|p1a: Gothitelle|Protect|p1a: Gothitelle\n|-singleturn|p1a: Gothitelle|Protect\n|move|p2a: Indeedee|Follow Me|p2a: Indeedee\n|-singleturn|p2a: Indeedee|move: Follow Me\n|move|p2b: Iron Hands|Drain Punch|p1b: Pincurchin\n|-activate|p1b: Pincurchin|move: Protect\n|\n|upkeep\n|turn|5\n|\n|t:|1683992326\n|move|p2a: Indeedee|Follow Me|p2a: Indeedee\n|-singleturn|p2a: Indeedee|move: Follow Me\n|move|p1b: Pincurchin|Thunder|p2a: Indeedee|[miss]\n|-miss|p1b: Pincurchin|p2a: Indeedee\n|move|p2b: Iron Hands|Close Combat|p1b: Pincurchin\n|-damage|p1b: Pincurchin|0 fnt\n|-unboost|p2b: Iron Hands|def|1\n|-unboost|p2b: Iron Hands|spd|1\n|faint|p1b: Pincurchin\n|move|p1a: Gothitelle|Psychic|p2a: Indeedee\n|-resisted|p2a: Indeedee\n|-damage|p2a: Indeedee|90\/100\n|\n|-fieldend|move: Electric Terrain\n|-end|p2b: Iron Hands|Quark Drive\n|upkeep\n|\n|t:|1683992333\n|switch|p1b: Sableye|Sableye, L50, F|100\/100\n|turn|6\n|c|\u2606ArnavChawla|gg\n|\n|t:|1683992349\n|move|p2a: Indeedee|Follow Me|p2a: Indeedee\n|-singleturn|p2a: Indeedee|move: Follow Me\n|move|p2b: Iron Hands|Play Rough|p1b: Sableye\n|-supereffective|p1b: Sableye\n|-damage|p1b: Sableye|0 fnt\n|faint|p1b: Sableye\n|move|p1a: Gothitelle|Psychic|p2a: Indeedee\n|-resisted|p2a: Indeedee\n|-damage|p2a: Indeedee|80\/100\n|\n|-fieldend|move: Trick Room\n|upkeep\n|turn|7\n|\n|t:|1683992360\n|move|p2a: Indeedee|Follow Me|p2a: Indeedee\n|-singleturn|p2a: Indeedee|move: Follow Me\n|move|p1a: Gothitelle|Psychic|p2a: Indeedee\n|-resisted|p2a: Indeedee\n|-damage|p2a: Indeedee|69\/100\n|move|p2b: Iron Hands|Thunder Punch|p1a: Gothitelle\n|-damage|p1a: Gothitelle|63\/100\n|\n|upkeep\n|turn|8\n|c|\u2606ocfrey|gg\n|c|\u2606ArnavChawla|gg\n|-message|ArnavChawla forfeited.\n|\n|win|ocfrey\n","uploadtime":1683992407,"views":9,"p1id":"arnavchawla","p2id":"ocfrey","formatid":"gen9vgc2023regulationc","rating":0,"private":0,"password":""}