{"id":"gen9vgc2023regulationc-1857126960","p1":"NicoHaxVGC","p2":"ArtiboniteTest","format":"[Gen 9] VGC 2023 Regulation C","log":"|j|\u2606NicoHaxVGC\n|j|\u2606ArtiboniteTest\n|t:|1683148531\n|gametype|doubles\n|player|p1|NicoHaxVGC|red|1344\n|player|p2|ArtiboniteTest|firebreather|1337\n|teamsize|p1|6\n|teamsize|p2|6\n|gen|9\n|tier|[Gen 9] VGC 2023 Regulation C\n|rated|\n|rule|Species Clause: Limit one of each Pok\u00e9mon\n|rule|Item Clause: Limit one of each item\n|clearpoke\n|poke|p1|Corviknight, L50, F|\n|poke|p1|Ting-Lu, L50|\n|poke|p1|Annihilape, L50, M|\n|poke|p1|Maushold, L50|\n|poke|p1|Iron Bundle, L50|\n|poke|p1|Flutter Mane, L50|\n|poke|p2|Flutter Mane, L50|\n|poke|p2|Amoonguss, L50, F|\n|poke|p2|Palafin, L50, M|\n|poke|p2|Kingambit, L50, F|\n|poke|p2|Hawlucha, L50, F|\n|poke|p2|Arcanine, L50, F|\n|teampreview|4\n|inactive|Battle timer is ON: inactive players will automatically lose when time's up. (requested by NicoHaxVGC)\n|j| SupernovaSZ8\n|inactive|ArtiboniteTest has 60 seconds left.\n|inactive|ArtiboniteTest has 30 seconds left.\n|inactive|ArtiboniteTest has 20 seconds left.\n|inactive|ArtiboniteTest has 15 seconds left.\n|\n|t:|1683148611\n|start\n|switch|p1a: Star fire|Flutter Mane, L50|100\/100\n|switch|p1b: Maushold|Maushold, L50|100\/100\n|switch|p2a: Palafin|Palafin, L50, M|100\/100\n|switch|p2b: Hawlucha|Hawlucha, L50, F|100\/100\n|turn|1\n|inactive|NicoHaxVGC has 30 seconds left.\n|\n|t:|1683148636\n|detailschange|p2a: Palafin|Palafin-Hero, L50, M\n|switch|p2a: Amoonguss|Amoonguss, L50, F|100\/100\n|-terastallize|p2b: Hawlucha|Fire\n|-terastallize|p1a: Star fire|Fairy\n|move|p1b: Maushold|Follow Me|p1b: Maushold\n|-singleturn|p1b: Maushold|move: Follow Me\n|move|p2b: Hawlucha|Close Combat|p1b: Maushold\n|-supereffective|p1b: Maushold\n|-damage|p1b: Maushold|10\/100\n|-unboost|p2b: Hawlucha|def|1\n|-unboost|p2b: Hawlucha|spd|1\n|-enditem|p2b: Hawlucha|White Herb\n|-clearnegativeboost|p2b: Hawlucha|[silent]\n|move|p1a: Star fire|Dazzling Gleam|p2a: Amoonguss|[spread] p2a,p2b\n|-resisted|p2a: Amoonguss\n|-resisted|p2b: Hawlucha\n|-damage|p2a: Amoonguss|76\/100\n|-damage|p2b: Hawlucha|58\/100\n|\n|upkeep\n|turn|2\n|inactive|NicoHaxVGC has 30 seconds left.\n|\n|t:|1683148666\n|-end|p1a: Star fire|Protosynthesis|[silent]\n|switch|p1a: Robin|Annihilape, L50, M|100\/100\n|move|p2b: Hawlucha|Detect|p2b: Hawlucha\n|-singleturn|p2b: Hawlucha|Protect\n|move|p1b: Maushold|Protect|p1b: Maushold\n|-singleturn|p1b: Maushold|Protect\n|move|p2a: Amoonguss|Spore|p1a: Robin\n|-status|p1a: Robin|slp|[from] move: Spore\n|\n|upkeep\n|turn|3\n|\n|t:|1683148691\n|switch|p1b: Star fire|Flutter Mane, L50, tera:Fairy|100\/100\n|switch|p2a: Palafin|Palafin-Hero, L50, M|100\/100\n|-activate|p2a: Palafin|ability: Zero to Hero\n|move|p2b: Hawlucha|Acrobatics|p1b: Star fire\n|-damage|p1b: Star fire|44\/100\n|cant|p1a: Robin|slp\n|\n|upkeep\n|turn|4\n|\n|t:|1683148707\n|-end|p1b: Star fire|Protosynthesis|[silent]\n|switch|p1b: Maushold|Maushold, L50|10\/100\n|move|p2b: Hawlucha|Acrobatics|p1b: Maushold\n|-damage|p1b: Maushold|0 fnt\n|faint|p1b: Maushold\n|move|p2a: Palafin|Wave Crash|p1a: Robin\n|-damage|p1a: Robin|4\/100 slp\n|-damage|p2a: Palafin|63\/100|[from] Recoil\n|cant|p1a: Robin|slp\n|\n|-heal|p1a: Robin|10\/100 slp|[from] item: Leftovers\n|upkeep\n|c|\u2606ArtiboniteTest|??\n|\n|t:|1683148721\n|switch|p1b: Cyborg|Iron Bundle, L50|100\/100\n|-enditem|p1b: Cyborg|Booster Energy\n|-activate|p1b: Cyborg|ability: Quark Drive|[fromitem]\n|-start|p1b: Cyborg|quarkdrivespe\n|turn|5\n|inactive|NicoHaxVGC has 30 seconds left.\n|\n|t:|1683148748\n|move|p2a: Palafin|Jet Punch|p1a: Robin\n|-damage|p1a: Robin|0 fnt\n|faint|p1a: Robin\n|move|p2b: Hawlucha|Close Combat|p1b: Cyborg\n|-supereffective|p1b: Cyborg\n|-damage|p1b: Cyborg|21\/100\n|-unboost|p2b: Hawlucha|def|1\n|-unboost|p2b: Hawlucha|spd|1\n|move|p1b: Cyborg|Freeze-Dry|p2a: Palafin\n|-supereffective|p2a: Palafin\n|-damage|p2a: Palafin|0 fnt\n|faint|p2a: Palafin\n|\n|upkeep\n|\n|t:|1683148759\n|switch|p2a: Amoonguss|Amoonguss, L50, F|100\/100\n|switch|p1a: Star fire|Flutter Mane, L50, tera:Fairy|44\/100\n|turn|6\n|\n|t:|1683148775\n|move|p2b: Hawlucha|Detect|p2b: Hawlucha\n|-singleturn|p2b: Hawlucha|Protect\n|move|p2a: Amoonguss|Protect|p2a: Amoonguss\n|-singleturn|p2a: Amoonguss|Protect\n|move|p1b: Cyborg|Hydro Pump|p2b: Hawlucha\n|-activate|p2b: Hawlucha|move: Protect\n|move|p1a: Star fire|Shadow Ball|p2a: Amoonguss\n|-activate|p2a: Amoonguss|move: Protect\n|\n|upkeep\n|turn|7\n|inactive|NicoHaxVGC has 30 seconds left.\n|\n|t:|1683148801\n|move|p2a: Amoonguss|Rage Powder|p2a: Amoonguss\n|-singleturn|p2a: Amoonguss|move: Rage Powder\n|move|p2b: Hawlucha|Acrobatics|p1a: Star fire\n|-damage|p1a: Star fire|0 fnt\n|faint|p1a: Star fire\n|-end|p1a: Star fire|Protosynthesis|[silent]\n|move|p1b: Cyborg|Freeze-Dry|p2a: Amoonguss\n|-supereffective|p2a: Amoonguss\n|-damage|p2a: Amoonguss|49\/100\n|\n|upkeep\n|turn|8\n|c|\u2606ArtiboniteTest|easy\n|\n|t:|1683148812\n|switch|p2a: Arcanine|Arcanine, L50, F|100\/100\n|-ability|p2a: Arcanine|Intimidate|boost\n|-unboost|p1b: Cyborg|atk|1\n|move|p2b: Hawlucha|Close Combat|p1b: Cyborg\n|-supereffective|p1b: Cyborg\n|-damage|p1b: Cyborg|0 fnt\n|-unboost|p2b: Hawlucha|def|1\n|-unboost|p2b: Hawlucha|spd|1\n|faint|p1b: Cyborg\n|-end|p1b: Cyborg|Quark Drive|[silent]\n|\n|win|ArtiboniteTest\n|raw|NicoHaxVGC's rating: 1344 → 1324<\/strong> (-20 for losing)\n|raw|ArtiboniteTest's rating: 1337 → 1357<\/strong> (+20 for winning)\n","uploadtime":1683148816,"views":12,"p1id":"nicohaxvgc","p2id":"artibonitetest","formatid":"gen9vgc2023regulationc","rating":1324,"private":0,"password":""}