{"id":"gen9vgc2023regulationc-1858196899","p1":"ElronMcBong","p2":"RazorSquid","format":"[Gen 9] VGC 2023 Regulation C","log":"|j|\u2606ElronMcBong\n|j|\u2606RazorSquid\n|t:|1683289874\n|gametype|doubles\n|player|p1|ElronMcBong|red|1068\n|player|p2|RazorSquid|roughneck-gen4|1130\n|teamsize|p1|6\n|teamsize|p2|6\n|gen|9\n|tier|[Gen 9] VGC 2023 Regulation C\n|rated|\n|rule|Species Clause: Limit one of each Pok\u00e9mon\n|rule|Item Clause: Limit one of each item\n|clearpoke\n|poke|p1|Honchkrow, L50, M|\n|poke|p1|Murkrow, L50, F|\n|poke|p1|Espathra, L50, F|\n|poke|p1|Talonflame, L50, F|\n|poke|p1|Pelipper, L50, F|\n|poke|p1|Eelektross, L50, M|\n|poke|p2|Iron Bundle, L50|\n|poke|p2|Vivillon, L50, M|\n|poke|p2|Abomasnow, L50, M|\n|poke|p2|Annihilape, L50, F|\n|poke|p2|Chien-Pao, L50|\n|poke|p2|Ting-Lu, L50|\n|teampreview|4\n|inactive|Battle timer is ON: inactive players will automatically lose when time's up. (requested by RazorSquid)\n|inactive|ElronMcBong has 60 seconds left.\n|\n|t:|1683289914\n|start\n|switch|p1a: Eelektross|Eelektross, L50, M|100\/100\n|switch|p1b: Murkrow|Murkrow, L50, F|100\/100\n|switch|p2a: Vivillon|Vivillon, L50, M|100\/100\n|switch|p2b: Annihilape|Annihilape, L50, F|100\/100\n|turn|1\n|\n|t:|1683289935\n|move|p2a: Vivillon|Rage Powder|p2a: Vivillon\n|-singleturn|p2a: Vivillon|move: Rage Powder\n|move|p1b: Murkrow|Thunder Wave|p2a: Vivillon\n|-status|p2a: Vivillon|par\n|move|p1a: Eelektross|Crunch|p2a: Vivillon\n|-damage|p2a: Vivillon|50\/100 par\n|move|p2b: Annihilape|Bulk Up|p2b: Annihilape\n|-boost|p2b: Annihilape|atk|1\n|-boost|p2b: Annihilape|def|1\n|\n|upkeep\n|turn|2\n|\n|t:|1683289959\n|move|p2b: Annihilape|Protect|p2b: Annihilape\n|-singleturn|p2b: Annihilape|Protect\n|move|p1a: Eelektross|Crunch|p2a: Vivillon\n|-damage|p2a: Vivillon|0 fnt\n|faint|p2a: Vivillon\n|move|p1b: Murkrow|Foul Play|p2b: Annihilape\n|-activate|p2b: Annihilape|move: Protect\n|\n|upkeep\n|\n|t:|1683289964\n|switch|p2a: Abomasnow|Abomasnow, L50, M|100\/100\n|-weather|Snow|[from] ability: Snow Warning|[of] p2a: Abomasnow\n|turn|3\n|\n|t:|1683289980\n|-terastallize|p2b: Annihilape|Fire\n|move|p1b: Murkrow|Thunder Wave|p2b: Annihilape\n|-status|p2b: Annihilape|par\n|move|p1a: Eelektross|Crunch|p2b: Annihilape\n|-damage|p2b: Annihilape|83\/100 par\n|move|p2a: Abomasnow|Icy Wind|p1b: Murkrow|[spread] p1a,p1b\n|-supereffective|p1b: Murkrow\n|-damage|p1a: Eelektross|69\/100\n|-damage|p1b: Murkrow|63\/100\n|-unboost|p1a: Eelektross|spe|1\n|-unboost|p1b: Murkrow|spe|1\n|-damage|p2a: Abomasnow|91\/100|[from] item: Life Orb\n|move|p2b: Annihilape|Drain Punch|p1a: Eelektross\n|-damage|p1a: Eelektross|0 fnt\n|-heal|p2b: Annihilape|100\/100 par|[from] drain|[of] p1a: Eelektross\n|faint|p1a: Eelektross\n|\n|-weather|Snow|[upkeep]\n|upkeep\n|\n|t:|1683290001\n|switch|p1a: Talonflame|Talonflame, L50, F|100\/100\n|turn|4\n|\n|t:|1683290019\n|-terastallize|p1a: Talonflame|Water\n|move|p1b: Murkrow|Thunder Wave|p2a: Abomasnow\n|-status|p2a: Abomasnow|par\n|move|p1a: Talonflame|Tera Blast|p2b: Annihilape\n|-supereffective|p2b: Annihilape\n|-damage|p2b: Annihilape|42\/100 par\n|-damage|p1a: Talonflame|91\/100|[from] item: Life Orb\n|move|p2b: Annihilape|Rage Fist|p1a: Talonflame\n|-damage|p1a: Talonflame|0 fnt\n|faint|p1a: Talonflame\n|move|p2a: Abomasnow|Blizzard|p1b: Murkrow\n|-supereffective|p1b: Murkrow\n|-crit|p1b: Murkrow\n|-damage|p1b: Murkrow|0 fnt\n|faint|p1b: Murkrow\n|-damage|p2a: Abomasnow|81\/100 par|[from] item: Life Orb\n|\n|-weather|Snow|[upkeep]\n|-heal|p2b: Annihilape|48\/100 par|[from] item: Leftovers\n|upkeep\n|\n|t:|1683290037\n|switch|p1a: Honchkrow|Honchkrow, L50, M|100\/100\n|turn|5\n|c|\u2606RazorSquid|Thunder wave loool\n|\n|t:|1683290055\n|move|p1a: Honchkrow|Brave Bird|p2a: Abomasnow\n|-supereffective|p2a: Abomasnow\n|-damage|p2a: Abomasnow|0 fnt\n|faint|p2a: Abomasnow\n|-ability|p1a: Honchkrow|Moxie|boost\n|-boost|p1a: Honchkrow|atk|1\n|-damage|p1a: Honchkrow|72\/100|[from] Recoil\n|cant|p2b: Annihilape|par\n|\n|-weather|Snow|[upkeep]\n|-heal|p2b: Annihilape|54\/100 par|[from] item: Leftovers\n|upkeep\n|\n|t:|1683290058\n|switch|p2a: Iron Bundle|Iron Bundle, L50|100\/100\n|-enditem|p2a: Iron Bundle|Booster Energy\n|-activate|p2a: Iron Bundle|ability: Quark Drive|[fromitem]\n|-start|p2a: Iron Bundle|quarkdrivespe\n|turn|6\n|\n|t:|1683290070\n|move|p1a: Honchkrow|Sucker Punch||[still]\n|-fail|p1a: Honchkrow\n|move|p2a: Iron Bundle|Blizzard|p1a: Honchkrow\n|-supereffective|p1a: Honchkrow\n|-damage|p1a: Honchkrow|0 fnt\n|faint|p1a: Honchkrow\n|\n|win|RazorSquid\n|raw|ElronMcBong's rating: 1068 → 1051<\/strong> (-17 for losing)\n|raw|RazorSquid's rating: 1130 → 1151<\/strong> (+21 for winning)\n","uploadtime":1683290078,"views":11,"p1id":"elronmcbong","p2id":"razorsquid","formatid":"gen9vgc2023regulationc","rating":1051,"private":0,"password":""}