{"id":"gen9vgc2023regulationc-1858180145","p1":"uiopenjuct","p2":"SandyKC","format":"[Gen 9] VGC 2023 Regulation C","log":"|j|\u2606uiopenjuct\n|j|\u2606SandyKC\n|t:|1683287885\n|gametype|doubles\n|player|p1|uiopenjuct|waitress|1000\n|player|p2|SandyKC|lenora|1095\n|teamsize|p1|6\n|teamsize|p2|6\n|gen|9\n|tier|[Gen 9] VGC 2023 Regulation C\n|rated|\n|rule|Species Clause: Limit one of each Pok\u00e9mon\n|rule|Item Clause: Limit one of each item\n|clearpoke\n|poke|p1|Ting-Lu, L50|\n|poke|p1|Amoonguss, L50, F|\n|poke|p1|Dondozo, L50, F|\n|poke|p1|Tatsugiri, L50, M|\n|poke|p1|Arcanine, L50, F|\n|poke|p1|Dragonite, L50, M|\n|poke|p2|Farigiraf, L50, M|\n|poke|p2|Chi-Yu, L50|\n|poke|p2|Amoonguss, L50, M|\n|poke|p2|Dachsbun, L50, F|\n|poke|p2|Iron Bundle, L50|\n|poke|p2|Iron Hands, L50|\n|teampreview|4\n|inactive|Battle timer is ON: inactive players will automatically lose when time's up. (requested by uiopenjuct)\n|\n|t:|1683287901\n|start\n|switch|p1a: Dragonite|Dragonite, L50, M|100\/100\n|switch|p1b: Arcanine|Arcanine, L50, F|100\/100\n|switch|p2a: Amoonguss|Amoonguss, L50, M|100\/100\n|switch|p2b: Iron Hands|Iron Hands, L50|100\/100\n|-ability|p1b: Arcanine|Intimidate|boost\n|-unboost|p2a: Amoonguss|atk|1\n|-unboost|p2b: Iron Hands|atk|1\n|turn|1\n|\n|t:|1683287923\n|switch|p1b: Amoonguss|Amoonguss, L50, F|100\/100\n|switch|p2a: Chi-Yu|Chi-Yu, L50|100\/100\n|-ability|p2a: Chi-Yu|Beads of Ruin\n|move|p1a: Dragonite|Protect|p1a: Dragonite\n|-singleturn|p1a: Dragonite|Protect\n|move|p2b: Iron Hands|Ice Punch|p1a: Dragonite\n|-activate|p1a: Dragonite|move: Protect\n|\n|upkeep\n|turn|2\n|inactive|SandyKC has 30 seconds left.\n|inactive|SandyKC has 20 seconds left.\n|\n|t:|1683287962\n|switch|p1b: Ting-Lu|Ting-Lu, L50|100\/100\n|-ability|p1b: Ting-Lu|Vessel of Ruin\n|move|p2a: Chi-Yu|Snarl|p1b: Ting-Lu|[spread] p1a,p1b\n|-resisted|p1b: Ting-Lu\n|-damage|p1a: Dragonite|91\/100\n|-damage|p1b: Ting-Lu|95\/100\n|-unboost|p1a: Dragonite|spa|1\n|-unboost|p1b: Ting-Lu|spa|1\n|move|p1a: Dragonite|Stomping Tantrum|p2a: Chi-Yu\n|-supereffective|p2a: Chi-Yu\n|-damage|p2a: Chi-Yu|11\/100\n|move|p2b: Iron Hands|Wild Charge|p1a: Dragonite\n|-damage|p1a: Dragonite|56\/100\n|-damage|p2b: Iron Hands|93\/100|[from] Recoil\n|\n|upkeep\n|turn|3\n|inactive|uiopenjuct has 30 seconds left.\n|\n|t:|1683287988\n|switch|p2a: Amoonguss|Amoonguss, L50, M|100\/100\n|move|p1a: Dragonite|Extreme Speed|p2a: Amoonguss\n|-damage|p2a: Amoonguss|75\/100\n|move|p2b: Iron Hands|Ice Punch|p1a: Dragonite\n|-supereffective|p1a: Dragonite\n|-damage|p1a: Dragonite|0 fnt\n|faint|p1a: Dragonite\n|move|p1b: Ting-Lu|Stomping Tantrum|p2b: Iron Hands\n|-supereffective|p2b: Iron Hands\n|-damage|p2b: Iron Hands|41\/100\n|\n|upkeep\n|\n|t:|1683288001\n|switch|p1a: Amoonguss|Amoonguss, L50, F|100\/100\n|turn|4\n|\n|t:|1683288011\n|-terastallize|p2b: Iron Hands|Grass\n|move|p2b: Iron Hands|Drain Punch|p1b: Ting-Lu\n|-supereffective|p1b: Ting-Lu\n|-damage|p1b: Ting-Lu|59\/100\n|-heal|p2b: Iron Hands|61\/100|[from] drain|[of] p1b: Ting-Lu\n|move|p1b: Ting-Lu|Fissure|p2a: Amoonguss|[miss]\n|-miss|p1b: Ting-Lu|p2a: Amoonguss\n|move|p2a: Amoonguss|Pollen Puff|p2b: Iron Hands\n|-heal|p2b: Iron Hands|100\/100\n|move|p1a: Amoonguss|Spore|p2b: Iron Hands\n|-immune|p2b: Iron Hands\n|\n|upkeep\n|turn|5\n|inactive|uiopenjuct has 30 seconds left.\n|\n|t:|1683288037\n|switch|p2a: Chi-Yu|Chi-Yu, L50|11\/100\n|-ability|p2a: Chi-Yu|Beads of Ruin\n|-terastallize|p1b: Ting-Lu|Water\n|move|p2b: Iron Hands|Drain Punch|p1b: Ting-Lu\n|-damage|p1b: Ting-Lu|40\/100\n|move|p1b: Ting-Lu|Stomping Tantrum|p2b: Iron Hands\n|-resisted|p2b: Iron Hands\n|-crit|p2b: Iron Hands\n|-damage|p2b: Iron Hands|60\/100\n|move|p1a: Amoonguss|Pollen Puff|p1b: Ting-Lu\n|-heal|p1b: Ting-Lu|90\/100\n|\n|upkeep\n|turn|6\n|\n|t:|1683288061\n|move|p1a: Amoonguss|Rage Powder|p1a: Amoonguss\n|-singleturn|p1a: Amoonguss|move: Rage Powder\n|move|p2a: Chi-Yu|Dark Pulse|p1a: Amoonguss\n|-crit|p1a: Amoonguss\n|-damage|p1a: Amoonguss|55\/100\n|move|p2b: Iron Hands|Wild Charge|p1b: Ting-Lu\n|-supereffective|p1b: Ting-Lu\n|-damage|p1b: Ting-Lu|52\/100\n|-damage|p2b: Iron Hands|49\/100|[from] Recoil\n|move|p1b: Ting-Lu|Stomping Tantrum|p2a: Chi-Yu\n|-supereffective|p2a: Chi-Yu\n|-damage|p2a: Chi-Yu|0 fnt\n|faint|p2a: Chi-Yu\n|\n|upkeep\n|\n|t:|1683288076\n|switch|p2a: Amoonguss|Amoonguss, L50, M|100\/100\n|turn|7\n|\n|t:|1683288085\n|move|p2a: Amoonguss|Rage Powder|p2a: Amoonguss\n|-singleturn|p2a: Amoonguss|move: Rage Powder\n|move|p2b: Iron Hands|Drain Punch|p1b: Ting-Lu\n|-damage|p1b: Ting-Lu|36\/100\n|-heal|p2b: Iron Hands|58\/100|[from] drain|[of] p1b: Ting-Lu\n|move|p1b: Ting-Lu|Fissure|p2a: Amoonguss\n|-damage|p2a: Amoonguss|0 fnt\n|faint|p2a: Amoonguss\n|-ohko\n|move|p1a: Amoonguss|Pollen Puff|p1b: Ting-Lu\n|-heal|p1b: Ting-Lu|86\/100\n|\n|upkeep\n|\n|t:|1683288099\n|switch|p2a: Iron Bundle|Iron Bundle, L50, shiny|100\/100\n|-enditem|p2a: Iron Bundle|Booster Energy\n|-activate|p2a: Iron Bundle|ability: Quark Drive|[fromitem]\n|-start|p2a: Iron Bundle|quarkdrivespe\n|turn|8\n|\n|t:|1683288122\n|move|p1a: Amoonguss|Rage Powder|p1a: Amoonguss\n|-singleturn|p1a: Amoonguss|move: Rage Powder\n|move|p2a: Iron Bundle|Freeze-Dry|p1a: Amoonguss\n|-supereffective|p1a: Amoonguss\n|-damage|p1a: Amoonguss|20\/100\n|move|p2b: Iron Hands|Ice Punch|p1a: Amoonguss\n|-supereffective|p1a: Amoonguss\n|-damage|p1a: Amoonguss|0 fnt\n|faint|p1a: Amoonguss\n|move|p1b: Ting-Lu|Heavy Slam|p2a: Iron Bundle\n|-damage|p2a: Iron Bundle|53\/100\n|\n|upkeep\n|\n|t:|1683288135\n|switch|p1a: Arcanine|Arcanine, L50, F|100\/100\n|-ability|p1a: Arcanine|Intimidate|boost\n|-unboost|p2a: Iron Bundle|atk|1\n|-unboost|p2b: Iron Hands|atk|1\n|turn|9\n|\n|t:|1683288148\n|move|p1a: Arcanine|Extreme Speed|p2a: Iron Bundle\n|-damage|p2a: Iron Bundle|26\/100\n|move|p2a: Iron Bundle|Hydro Pump|p1a: Arcanine\n|-supereffective|p1a: Arcanine\n|-damage|p1a: Arcanine|37\/100\n|move|p2b: Iron Hands|Drain Punch|p1a: Arcanine\n|-damage|p1a: Arcanine|9\/100\n|-heal|p2b: Iron Hands|70\/100|[from] drain|[of] p1a: Arcanine\n|-enditem|p1a: Arcanine|Iapapa Berry|[eat]\n|-heal|p1a: Arcanine|42\/100|[from] item: Iapapa Berry\n|-start|p1a: Arcanine|confusion\n|move|p1b: Ting-Lu|Heavy Slam|p2a: Iron Bundle\n|-damage|p2a: Iron Bundle|0 fnt\n|faint|p2a: Iron Bundle\n|-end|p2a: Iron Bundle|Quark Drive|[silent]\n|\n|upkeep\n|turn|10\n|\n|t:|1683288167\n|-activate|p1a: Arcanine|confusion\n|move|p1a: Arcanine|Will-O-Wisp|p2b: Iron Hands\n|-status|p2b: Iron Hands|brn\n|move|p2b: Iron Hands|Wild Charge|p1b: Ting-Lu\n|-supereffective|p1b: Ting-Lu\n|-damage|p1b: Ting-Lu|69\/100\n|-damage|p2b: Iron Hands|65\/100 brn|[from] Recoil\n|move|p1b: Ting-Lu|Fissure|p2b: Iron Hands|[miss]\n|-miss|p1b: Ting-Lu|p2b: Iron Hands\n|\n|-damage|p2b: Iron Hands|59\/100 brn|[from] brn\n|upkeep\n|turn|11\n|\n|t:|1683288185\n|-activate|p1a: Arcanine|confusion\n|move|p1a: Arcanine|Fire Blast|p2b: Iron Hands\n|-supereffective|p2b: Iron Hands\n|-damage|p2b: Iron Hands|24\/100 brn\n|move|p2b: Iron Hands|Drain Punch|p1b: Ting-Lu\n|-damage|p1b: Ting-Lu|64\/100\n|-heal|p2b: Iron Hands|28\/100 brn|[from] drain|[of] p1b: Ting-Lu\n|move|p1b: Ting-Lu|Fissure|p2b: Iron Hands|[miss]\n|-miss|p1b: Ting-Lu|p2b: Iron Hands\n|\n|-damage|p2b: Iron Hands|21\/100 brn|[from] brn\n|upkeep\n|turn|12\n|\n|t:|1683288200\n|-activate|p1a: Arcanine|confusion\n|-damage|p1a: Arcanine|30\/100|[from] confusion\n|move|p2b: Iron Hands|Drain Punch|p1a: Arcanine\n|-damage|p1a: Arcanine|16\/100\n|-heal|p2b: Iron Hands|28\/100 brn|[from] drain|[of] p1a: Arcanine\n|move|p1b: Ting-Lu|Fissure|p2b: Iron Hands|[miss]\n|-miss|p1b: Ting-Lu|p2b: Iron Hands\n|\n|-damage|p2b: Iron Hands|21\/100 brn|[from] brn\n|upkeep\n|turn|13\n|\n|t:|1683288213\n|-activate|p1a: Arcanine|confusion\n|move|p1a: Arcanine|Extreme Speed|p2b: Iron Hands\n|-damage|p2b: Iron Hands|5\/100 brn\n|move|p2b: Iron Hands|Drain Punch|p1a: Arcanine\n|-damage|p1a: Arcanine|3\/100\n|-heal|p2b: Iron Hands|11\/100 brn|[from] drain|[of] p1a: Arcanine\n|move|p1b: Ting-Lu|Stomping Tantrum|p2b: Iron Hands\n|-resisted|p2b: Iron Hands\n|-damage|p2b: Iron Hands|0 fnt\n|faint|p2b: Iron Hands\n|-end|p2b: Iron Hands|Quark Drive|[silent]\n|\n|win|uiopenjuct\n|raw|uiopenjuct's rating: 1000 → 1051<\/strong> (+51 for winning)\n|raw|SandyKC's rating: 1095 → 1064<\/strong> (-31 for losing)\n|l|\u2606uiopenjuct\n","uploadtime":1683288248,"views":8,"p1id":"uiopenjuct","p2id":"sandykc","formatid":"gen9vgc2023regulationc","rating":1051,"private":0,"password":""}