{"id":"gen9vgc2023regulationc-1847555770","p1":"Zoono","p2":"Sanghyeon","format":"[Gen 9] VGC 2023 Regulation C","log":"|j|\u2606Zoono\n|j|\u2606Sanghyeon\n|t:|1681972756\n|gametype|doubles\n|player|p1|Zoono|ghetsis-gen5bw|1167\n|player|p2|Sanghyeon|blue|1180\n|teamsize|p1|6\n|teamsize|p2|6\n|gen|9\n|tier|[Gen 9] VGC 2023 Regulation C\n|rated|\n|rule|Species Clause: Limit one of each Pok\u00e9mon\n|rule|Item Clause: Limit one of each item\n|clearpoke\n|poke|p1|Flutter Mane, L50|\n|poke|p1|Amoonguss, L50, F|\n|poke|p1|Arcanine, L50, M|\n|poke|p1|Palafin, L50, M|\n|poke|p1|Ting-Lu, L50|\n|poke|p1|Dragonite, L50, F|\n|poke|p2|Dragonite, L50, F|\n|poke|p2|Kingambit, L50, F|\n|poke|p2|Gyarados, L50, F|\n|poke|p2|Chien-Pao, L50|\n|poke|p2|Flutter Mane, L50|\n|poke|p2|Great Tusk, L50|\n|teampreview|4\nZoono has agreed to open team sheets.\n|c|\u2606Zoono|GLHF\n|c|\u2606Sanghyeon|:)\n|\n|t:|1681972809\n|start\n|switch|p1a: PalaWIN|Palafin, L50, M|100\/100\n|switch|p1b: My man|Dragonite, L50, F, shiny|100\/100\n|switch|p2a: Gyarados|Gyarados, L50, F|100\/100\n|switch|p2b: Flutter Mane|Flutter Mane, L50|100\/100\n|-ability|p2a: Gyarados|Intimidate|boost\n|-unboost|p1a: PalaWIN|atk|1\n|-unboost|p1b: My man|atk|1\n|turn|1\n|\n|t:|1681972836\n|switch|p1b: Nugget|Arcanine, L50, M, shiny|100\/100\n|-ability|p1b: Nugget|Intimidate|boost\n|-unboost|p2a: Gyarados|atk|1\n|-unboost|p2b: Flutter Mane|atk|1\n|move|p1a: PalaWIN|Protect|p1a: PalaWIN\n|-singleturn|p1a: PalaWIN|Protect\n|move|p2b: Flutter Mane|Dazzling Gleam|p1a: PalaWIN|[spread] p1b\n|-activate|p1a: PalaWIN|move: Protect\n|-resisted|p1b: Nugget\n|-crit|p1b: Nugget\n|-damage|p1b: Nugget|70\/100\n|move|p2a: Gyarados|Thunder Wave|p1a: PalaWIN\n|-activate|p1a: PalaWIN|move: Protect\n|\n|upkeep\n|turn|2\n|\n|t:|1681972864\n|detailschange|p1a: PalaWIN|Palafin-Hero, L50, M\n|switch|p1a: Ting-Lu|Ting-Lu, L50|100\/100\n|-ability|p1a: Ting-Lu|Vessel of Ruin\n|move|p2b: Flutter Mane|Dazzling Gleam|p1b: Nugget|[spread] p1a,p1b\n|-supereffective|p1a: Ting-Lu\n|-resisted|p1b: Nugget\n|-damage|p1a: Ting-Lu|68\/100\n|-damage|p1b: Nugget|56\/100\n|move|p2a: Gyarados|Waterfall|p1b: Nugget\n|-supereffective|p1b: Nugget\n|-damage|p1b: Nugget|12\/100\n|move|p1b: Nugget|Snarl|p2b: Flutter Mane|[spread] p2a,p2b\n|-damage|p2a: Gyarados|94\/100\n|-damage|p2b: Flutter Mane|94\/100\n|-unboost|p2a: Gyarados|spa|1\n|-unboost|p2b: Flutter Mane|spa|1\n|\n|upkeep\n|turn|3\n|\n|t:|1681972889\n|switch|p1b: PalaWIN|Palafin-Hero, L50, M|100\/100\n|-activate|p1b: PalaWIN|ability: Zero to Hero\n|-terastallize|p1a: Ting-Lu|Poison\n|move|p2b: Flutter Mane|Dazzling Gleam|p1b: PalaWIN|[spread] p1a,p1b\n|-resisted|p1a: Ting-Lu\n|-damage|p1a: Ting-Lu|62\/100\n|-damage|p1b: PalaWIN|76\/100\n|move|p2a: Gyarados|Waterfall|p1a: Ting-Lu\n|-damage|p1a: Ting-Lu|51\/100\n|cant|p1a: Ting-Lu|flinch\n|\n|upkeep\n|turn|4\n|\n|t:|1681972939\n|switch|p2a: Kingambit|Kingambit, L50, F|100\/100\n|move|p1b: PalaWIN|Jet Punch|p2b: Flutter Mane\n|-damage|p2b: Flutter Mane|24\/100\n|move|p2b: Flutter Mane|Dazzling Gleam|p1b: PalaWIN|[spread] p1a,p1b\n|-resisted|p1a: Ting-Lu\n|-damage|p1a: Ting-Lu|46\/100\n|-damage|p1b: PalaWIN|54\/100\n|move|p1a: Ting-Lu|Heavy Slam|p2b: Flutter Mane\n|-supereffective|p2b: Flutter Mane\n|-damage|p2b: Flutter Mane|0 fnt\n|faint|p2b: Flutter Mane\n|-end|p2b: Flutter Mane|Protosynthesis|[silent]\n|\n|upkeep\n|\n|t:|1681972953\n|switch|p2b: Gyarados|Gyarados, L50, F|94\/100\n|-ability|p2b: Gyarados|Intimidate|boost\n|-unboost|p1a: Ting-Lu|atk|1\n|-unboost|p1b: PalaWIN|atk|1\n|turn|5\n|\n|t:|1681972979\n|move|p2a: Kingambit|Sucker Punch|p1b: PalaWIN\n|-damage|p1b: PalaWIN|16\/100\n|move|p2b: Gyarados|Thunder Wave|p1a: Ting-Lu\n|-status|p1a: Ting-Lu|par\n|move|p1b: PalaWIN|Drain Punch|p2a: Kingambit\n|-supereffective|p2a: Kingambit\n|-damage|p2a: Kingambit|37\/100\n|-heal|p1b: PalaWIN|49\/100|[from] drain|[of] p2a: Kingambit\n|move|p1a: Ting-Lu|Stomping Tantrum|p2a: Kingambit\n|-supereffective|p2a: Kingambit\n|-damage|p2a: Kingambit|7\/100\n|\n|upkeep\n|turn|6\n|\n|t:|1681973005\n|move|p2a: Kingambit|Sucker Punch||[still]\n|-fail|p2a: Kingambit\n|move|p2b: Gyarados|Waterfall|p1b: PalaWIN\n|-resisted|p1b: PalaWIN\n|-damage|p1b: PalaWIN|34\/100\n|move|p1b: PalaWIN|Haze|p1b: PalaWIN\n|-clearallboost\n|move|p1a: Ting-Lu|Rock Slide|p2b: Gyarados|[spread] p2a,p2b\n|-resisted|p2a: Kingambit\n|-supereffective|p2b: Gyarados\n|-damage|p2a: Kingambit|1\/100\n|-damage|p2b: Gyarados|64\/100\n|\n|upkeep\n|turn|7\n|\n|t:|1681973022\n|switch|p1b: My man|Dragonite, L50, F, shiny|100\/100\n|move|p2a: Kingambit|Sucker Punch||[still]\n|-fail|p2a: Kingambit\n|move|p2b: Gyarados|Thunder Wave|p1b: My man\n|-status|p1b: My man|par\n|-enditem|p1b: My man|Lum Berry|[eat]\n|-curestatus|p1b: My man|par|[msg]\n|move|p1a: Ting-Lu|Rock Slide|p2a: Kingambit|[spread] p2a,p2b\n|-resisted|p2a: Kingambit\n|-supereffective|p2b: Gyarados\n|-damage|p2a: Kingambit|0 fnt\n|-damage|p2b: Gyarados|35\/100\n|-enditem|p2b: Gyarados|Sitrus Berry|[eat]\n|-heal|p2b: Gyarados|60\/100|[from] item: Sitrus Berry\n|faint|p2a: Kingambit\n|\n|upkeep\n|\n|t:|1681973028\n|switch|p2a: Chien-Pao|Chien-Pao, L50|100\/100\n|-ability|p2a: Chien-Pao|Sword of Ruin\n|turn|8\n|\n|t:|1681973048\n|switch|p1a: Nugget|Arcanine, L50, M, shiny|12\/100\n|-ability|p1a: Nugget|Intimidate|boost\n|-unboost|p2a: Chien-Pao|atk|1\n|-unboost|p2b: Gyarados|atk|1\n|move|p2a: Chien-Pao|Protect|p2a: Chien-Pao\n|-singleturn|p2a: Chien-Pao|Protect\n|move|p1b: My man|Extreme Speed|p2a: Chien-Pao\n|-activate|p2a: Chien-Pao|move: Protect\n|move|p2b: Gyarados|Thunder Wave|p1b: My man\n|-status|p1b: My man|par\n|\n|upkeep\n|turn|9\n|\n|t:|1681973068\n|switch|p1a: Ting-Lu|Ting-Lu, L50, tera:Poison|46\/100 par\n|-ability|p1a: Ting-Lu|Vessel of Ruin\n|move|p1b: My man|Extreme Speed|p2a: Chien-Pao\n|-damage|p2a: Chien-Pao|60\/100\n|move|p2a: Chien-Pao|Ice Spinner|p1b: My man\n|-supereffective|p1b: My man\n|-damage|p1b: My man|30\/100 par\n|move|p2b: Gyarados|Thunder Wave|p1a: Ting-Lu\n|-fail|p1a: Ting-Lu|par\n|\n|upkeep\n|turn|10\n|\n|t:|1681973091\n|move|p2a: Chien-Pao|Protect|p2a: Chien-Pao\n|-singleturn|p2a: Chien-Pao|Protect\n|move|p1b: My man|Extreme Speed|p2a: Chien-Pao\n|-activate|p2a: Chien-Pao|move: Protect\n|move|p2b: Gyarados|Waterfall|p1a: Ting-Lu\n|-damage|p1a: Ting-Lu|29\/100 par\n|move|p1a: Ting-Lu|Rock Slide|p2a: Chien-Pao|[spread] p2b\n|-activate|p2a: Chien-Pao|move: Protect\n|-supereffective|p2b: Gyarados\n|-damage|p2b: Gyarados|19\/100\n|\n|upkeep\n|turn|11\n|\n|t:|1681973109\n|cant|p1b: My man|par\n|move|p2a: Chien-Pao|Sacred Sword|p1b: My man\n|-resisted|p1b: My man\n|-damage|p1b: My man|18\/100 par\n|move|p2b: Gyarados|Waterfall|p1b: My man\n|-resisted|p1b: My man\n|-damage|p1b: My man|4\/100 par\n|move|p1a: Ting-Lu|Rock Slide|p2b: Gyarados|[spread] p2a,p2b\n|-supereffective|p2a: Chien-Pao\n|-supereffective|p2b: Gyarados\n|-damage|p2a: Chien-Pao|18\/100\n|-damage|p2b: Gyarados|0 fnt\n|faint|p2b: Gyarados\n|\n|upkeep\n|turn|12\n|-message|Sanghyeon forfeited.\n|\n|win|Zoono\n|raw|Zoono's rating: 1167 → 1193<\/strong> (+26 for winning)\n|raw|Sanghyeon's rating: 1180 → 1154<\/strong> (-26 for losing)\n|l|\u2606Sanghyeon\n","uploadtime":1681973126,"views":12,"p1id":"zoono","p2id":"sanghyeon","formatid":"gen9vgc2023regulationc","rating":1154,"private":0,"password":""}