{"id":"gen9vgc2023regulationc-1860211339","p1":"SweetSerenityGrace","p2":"Currymanpuff","format":"[Gen 9] VGC 2023 Regulation C","log":"|j|\u2606SweetSerenityGrace\n|j|\u2606Currymanpuff\n|t:|1683611003\n|gametype|doubles\n|player|p1|SweetSerenityGrace|iris-gen5bw2|1186\n|player|p2|Currymanpuff|102|1277\n|teamsize|p1|6\n|teamsize|p2|6\n|gen|9\n|tier|[Gen 9] VGC 2023 Regulation C\n|rated|\n|rule|Species Clause: Limit one of each Pok\u00e9mon\n|rule|Item Clause: Limit one of each item\n|clearpoke\n|poke|p1|Flutter Mane, L50|\n|poke|p1|Chi-Yu, L50|\n|poke|p1|Chien-Pao, L50|\n|poke|p1|Dragonite, L50, F|\n|poke|p1|Iron Hands, L50|\n|poke|p1|Amoonguss, L50, F|\n|poke|p2|Wo-Chien, L50|\n|poke|p2|Glimmora, L50, F|\n|poke|p2|Scream Tail, L50|\n|poke|p2|Palafin, L50, M|\n|poke|p2|Talonflame, L50, M|\n|poke|p2|Garchomp, L50, M|\n|teampreview|4\nSweetSerenityGrace rejected open team sheets.\n|inactive|Battle timer is ON: inactive players will automatically lose when time's up. (requested by SweetSerenityGrace)\n|\n|t:|1683611038\n|start\n|switch|p1a: Big Missy|Flutter Mane, L50|100\/100\n|switch|p1b: Chi-Yu|Chi-Yu, L50|100\/100\n|switch|p2a: Glimmora|Glimmora, L50, F|100\/100\n|switch|p2b: Scream Tail|Scream Tail, L50|100\/100\n|-ability|p1b: Chi-Yu|Beads of Ruin\n|-enditem|p1a: Big Missy|Booster Energy\n|-activate|p1a: Big Missy|ability: Protosynthesis|[fromitem]\n|-start|p1a: Big Missy|protosynthesisspe\n|-enditem|p2b: Scream Tail|Booster Energy\n|-activate|p2b: Scream Tail|ability: Protosynthesis|[fromitem]\n|-start|p2b: Scream Tail|protosynthesisspe\n|turn|1\n|inactive|SweetSerenityGrace has 30 seconds left.\n|\n|t:|1683611070\n|move|p1b: Chi-Yu|Protect|p1b: Chi-Yu\n|-singleturn|p1b: Chi-Yu|Protect\n|move|p1a: Big Missy|Shadow Ball|p2a: Glimmora\n|-damage|p2a: Glimmora|53\/100\n|move|p2a: Glimmora|Power Gem|p1b: Chi-Yu\n|-activate|p1b: Chi-Yu|move: Protect\n|move|p2b: Scream Tail|Trick Room|p2b: Scream Tail\n|-fieldstart|move: Trick Room|[of] p2b: Scream Tail\n|\n|upkeep\n|turn|2\n|\n|t:|1683611089\n|move|p1a: Big Missy|Protect|p1a: Big Missy\n|-singleturn|p1a: Big Missy|Protect\n|move|p2a: Glimmora|Power Gem|p1b: Chi-Yu\n|-supereffective|p1b: Chi-Yu\n|-damage|p1b: Chi-Yu|29\/100\n|move|p1b: Chi-Yu|Dark Pulse|p2a: Glimmora\n|-damage|p2a: Glimmora|13\/100\n|move|p2b: Scream Tail|Disable|p1a: Big Missy\n|-activate|p1a: Big Missy|move: Protect\n|\n|-heal|p1b: Chi-Yu|35\/100|[from] item: Leftovers\n|upkeep\n|turn|3\n|\n|t:|1683611109\n|move|p1b: Chi-Yu|Protect|p1b: Chi-Yu\n|-singleturn|p1b: Chi-Yu|Protect\n|move|p2a: Glimmora|Power Gem|p1b: Chi-Yu\n|-activate|p1b: Chi-Yu|move: Protect\n|move|p2b: Scream Tail|Encore|p1a: Big Missy\n|-start|p1a: Big Missy|Encore\n|move|p1a: Big Missy|Protect||[still]\n|-fail|p1a: Big Missy\n|\n|-heal|p1b: Chi-Yu|41\/100|[from] item: Leftovers\n|upkeep\n|turn|4\n|inactive|SweetSerenityGrace has 30 seconds left.\n|inactive|SweetSerenityGrace has 20 seconds left.\n|inactive|SweetSerenityGrace has 15 seconds left.\n|\n|t:|1683611150\n|switch|p1b: Shroomie|Amoonguss, L50, F|100\/100\n|-end|p1a: Big Missy|Protosynthesis|[silent]\n|switch|p1a: Dragonite|Dragonite, L50, F|100\/100\n|move|p2a: Glimmora|Power Gem|p1b: Shroomie\n|-damage|p1b: Shroomie|60\/100\n|move|p2b: Scream Tail|Disable||[still]\n|-fail|p2b: Scream Tail\n|\n|upkeep\n|turn|5\n|inactive|Currymanpuff has 30 seconds left.\n|inactive|Currymanpuff has 20 seconds left.\n|\n|t:|1683611186\n|move|p1a: Dragonite|Extreme Speed|p2a: Glimmora\n|-resisted|p2a: Glimmora\n|-damage|p2a: Glimmora|0 fnt\n|-activate|p2a: Glimmora|ability: Toxic Debris\n|-sidestart|p1: SweetSerenityGrace|move: Toxic Spikes\n|faint|p2a: Glimmora\n|move|p1b: Shroomie|Spore|p2b: Scream Tail\n|-status|p2b: Scream Tail|slp|[from] move: Spore\n|cant|p2b: Scream Tail|slp\n|\n|-fieldend|move: Trick Room\n|upkeep\n|\n|t:|1683611196\n|switch|p2a: Talonflame|Talonflame, L50, M|100\/100\n|turn|6\n|\n|t:|1683611220\n|switch|p1b: Chi-Yu|Chi-Yu, L50|41\/100\n|-status|p1b: Chi-Yu|psn\n|-ability|p1b: Chi-Yu|Beads of Ruin\n|-terastallize|p2a: Talonflame|Ghost\n|cant|p2b: Scream Tail|slp\n|move|p2a: Talonflame|Taunt|p1b: Chi-Yu\n|-start|p1b: Chi-Yu|move: Taunt\n|move|p1a: Dragonite|Dragon Dance|p1a: Dragonite\n|-boost|p1a: Dragonite|atk|1\n|-boost|p1a: Dragonite|spe|1\n|\n|-heal|p1b: Chi-Yu|47\/100 psn|[from] item: Leftovers\n|-damage|p1b: Chi-Yu|35\/100 psn|[from] psn\n|upkeep\n|turn|7\n|inactive|SweetSerenityGrace has 30 seconds left.\n|inactive|SweetSerenityGrace has 20 seconds left.\n|inactive|SweetSerenityGrace has 15 seconds left.\n|inactive|SweetSerenityGrace has 10 seconds left.\n|\n|t:|1683611266\n|-terastallize|p1a: Dragonite|Normal\n|move|p2a: Talonflame|Brave Bird|p1b: Chi-Yu\n|-damage|p1b: Chi-Yu|0 fnt\n|faint|p1b: Chi-Yu\n|-damage|p2a: Talonflame|91\/100|[from] Recoil\n|-curestatus|p2b: Scream Tail|slp|[msg]\n|move|p2b: Scream Tail|Encore|p1a: Dragonite\n|-start|p1a: Dragonite|Encore\n|move|p1a: Dragonite|Dragon Dance|p1a: Dragonite\n|-boost|p1a: Dragonite|atk|1\n|-boost|p1a: Dragonite|spe|1\n|\n|upkeep\n|\n|t:|1683611280\n|switch|p1b: Shroomie|Amoonguss, L50, F|93\/100\n|-sideend|p1: SweetSerenityGrace|move: Toxic Spikes|[of] p1b: Shroomie\n|turn|8\n|\n|t:|1683611290\n|move|p2b: Scream Tail|Disable|p1a: Dragonite\n|-start|p1a: Dragonite|Disable|Dragon Dance\n|cant|p1a: Dragonite|Disable|Dragon Dance\n|move|p2a: Talonflame|Taunt|p1b: Shroomie\n|-start|p1b: Shroomie|move: Taunt\n|cant|p1b: Shroomie|move: Taunt|Spore\n|\n|upkeep\n|turn|9\n|\n|t:|1683611310\n|move|p2b: Scream Tail|Dazzling Gleam|p1b: Shroomie|[spread] p1a,p1b\n|-resisted|p1b: Shroomie\n|-damage|p1a: Dragonite|93\/100\n|-damage|p1b: Shroomie|86\/100\n|-activate|p1a: Dragonite|move: Struggle\n|move|p1a: Dragonite|Struggle|p2b: Scream Tail\n|-damage|p2b: Scream Tail|67\/100\n|-damage|p1a: Dragonite|68\/100|[from] recoil\n|move|p2a: Talonflame|Tailwind|p2a: Talonflame\n|-sidestart|p2: Currymanpuff|move: Tailwind\n|move|p1b: Shroomie|Pollen Puff|p1a: Dragonite\n|-heal|p1a: Dragonite|100\/100\n|\n|-end|p1a: Dragonite|Encore\n|upkeep\n|turn|10\n|inactive|SweetSerenityGrace has 30 seconds left.\n|\n|t:|1683611338\n|switch|p1b: Big Missy|Flutter Mane, L50|100\/100\n|move|p1a: Dragonite|Extreme Speed|p2b: Scream Tail\n|-damage|p2b: Scream Tail|0 fnt\n|faint|p2b: Scream Tail\n|-end|p2b: Scream Tail|Protosynthesis|[silent]\n|move|p2a: Talonflame|Brave Bird|p1b: Big Missy\n|-crit|p1b: Big Missy\n|-damage|p1b: Big Missy|0 fnt\n|faint|p1b: Big Missy\n|-end|p1b: Big Missy|Protosynthesis|[silent]\n|-damage|p2a: Talonflame|68\/100|[from] Recoil\n|\n|upkeep\n|\n|t:|1683611350\n|switch|p1b: Shroomie|Amoonguss, L50, F|100\/100\n|switch|p2b: Garchomp|Garchomp, L50, M|100\/100\n|turn|11\n|\n|t:|1683611363\n|move|p1b: Shroomie|Rage Powder|p1b: Shroomie\n|-singleturn|p1b: Shroomie|move: Rage Powder\n|move|p2a: Talonflame|Brave Bird|p1b: Shroomie\n|-supereffective|p1b: Shroomie\n|-damage|p1b: Shroomie|40\/100\n|-damage|p2a: Talonflame|51\/100|[from] item: Rocky Helmet|[of] p1b: Shroomie\n|-damage|p2a: Talonflame|28\/100|[from] Recoil\n|move|p2b: Garchomp|Earthquake|p1b: Shroomie|[spread] p2a,p1a,p1b\n|-damage|p2a: Talonflame|0 fnt\n|-damage|p1a: Dragonite|76\/100\n|-damage|p1b: Shroomie|2\/100\n|faint|p2a: Talonflame\n|-damage|p2b: Garchomp|91\/100|[from] item: Life Orb\n|move|p1a: Dragonite|Outrage|p2b: Garchomp\n|-supereffective|p2b: Garchomp\n|-damage|p2b: Garchomp|0 fnt\n|-damage|p1a: Dragonite|64\/100|[from] ability: Rough Skin|[of] p2b: Garchomp\n|faint|p2b: Garchomp\n|\n|win|SweetSerenityGrace\n|raw|SweetSerenityGrace's rating: 1186 → 1217<\/strong> (+31 for winning)\n|raw|Currymanpuff's rating: 1277 → 1246<\/strong> (-31 for losing)\n","uploadtime":1683611393,"views":9,"p1id":"sweetserenitygrace","p2id":"currymanpuff","formatid":"gen9vgc2023regulationc","rating":1217,"private":0,"password":""}