{"id":"gen9vgc2023regulationc-1847861805","p1":"bigkarpfan8001","p2":"PoisioningSalt","format":"[Gen 9] VGC 2023 Regulation C","log":"|j|\u2606bigkarpfan8001\n|j|\u2606PoisioningSalt\n|t:|1682008031\n|gametype|doubles\n|player|p1|bigkarpfan8001|1|1022\n|player|p2|PoisioningSalt|bruno|1103\n|teamsize|p1|6\n|teamsize|p2|6\n|gen|9\n|tier|[Gen 9] VGC 2023 Regulation C\n|rated|\n|rule|Species Clause: Limit one of each Pok\u00e9mon\n|rule|Item Clause: Limit one of each item\n|clearpoke\n|poke|p1|Arboliva, L50, F|\n|poke|p1|Gyarados, L50, F|\n|poke|p1|Ceruledge, L50, M|\n|poke|p1|Hydreigon, L50, F|\n|poke|p1|Talonflame, L50, M|\n|poke|p1|Arcanine, L50, F|\n|poke|p2|Glimmora, L50, F|\n|poke|p2|Arcanine, L50, M|\n|poke|p2|Palafin, L50, M|\n|poke|p2|Wo-Chien, L50|\n|poke|p2|Flutter Mane, L50|\n|poke|p2|Ting-Lu, L50|\n|teampreview|4\n|\n|t:|1682008074\n|start\n|switch|p1a: Arboliva|Arboliva, L50, F|100\/100\n|switch|p1b: Talonflame|Talonflame, L50, M|100\/100\n|switch|p2a: Poisoning MVP|Glimmora, L50, F|100\/100\n|switch|p2b: All-might|Palafin, L50, M|100\/100\n|turn|1\n|\n|t:|1682008092\n|detailschange|p2b: All-might|Palafin-Hero, L50, M\n|switch|p2b: Flutter Mane|Flutter Mane, L50|100\/100\n|move|p1b: Talonflame|Will-O-Wisp|p2b: Flutter Mane\n|-status|p2b: Flutter Mane|brn\n|move|p2a: Poisoning MVP|Power Gem|p1b: Talonflame\n|-supereffective|p1b: Talonflame\n|-damage|p1b: Talonflame|0 fnt\n|faint|p1b: Talonflame\n|move|p1a: Arboliva|Leech Seed|p2a: Poisoning MVP\n|-start|p2a: Poisoning MVP|move: Leech Seed\n|\n|-damage|p2a: Poisoning MVP|88\/100|[from] Leech Seed|[of] p1a: Arboliva\n|-damage|p2b: Flutter Mane|94\/100 brn|[from] brn\n|upkeep\n|\n|t:|1682008107\n|switch|p1b: Ceruledge|Ceruledge, L50, M|100\/100\n|turn|2\n|\n|t:|1682008146\n|-terastallize|p1b: Ceruledge|Grass\n|move|p2b: Flutter Mane|Protect|p2b: Flutter Mane\n|-singleturn|p2b: Flutter Mane|Protect\n|move|p2a: Poisoning MVP|Mortal Spin|p1b: Ceruledge|[spread] p1a,p1b\n|-supereffective|p1a: Arboliva\n|-supereffective|p1b: Ceruledge\n|-damage|p1a: Arboliva|94\/100\n|-damage|p1b: Ceruledge|90\/100\n|-status|p1a: Arboliva|psn\n|-status|p1b: Ceruledge|psn\n|-fieldstart|move: Grassy Terrain|[from] ability: Seed Sower|[of] p1a: Arboliva\n|-enditem|p1b: Ceruledge|Weakness Policy\n|-boost|p1b: Ceruledge|atk|2|[from] item: Weakness Policy\n|-boost|p1b: Ceruledge|spa|2|[from] item: Weakness Policy\n|-end|p2a: Poisoning MVP|Leech Seed|[from] move: Mortal Spin|[of] p2a: Poisoning MVP\n|move|p1b: Ceruledge|Bulk Up|p1b: Ceruledge\n|-boost|p1b: Ceruledge|atk|1\n|-boost|p1b: Ceruledge|def|1\n|move|p1a: Arboliva|Leech Seed|p2b: Flutter Mane\n|-activate|p2b: Flutter Mane|move: Protect\n|\n|-heal|p2b: Flutter Mane|100\/100 brn|[from] Grassy Terrain\n|-heal|p2a: Poisoning MVP|94\/100|[from] Grassy Terrain\n|-heal|p1b: Ceruledge|96\/100 psn|[from] Grassy Terrain\n|-heal|p1a: Arboliva|99\/100 psn|[from] Grassy Terrain\n|-heal|p1a: Arboliva|100\/100 psn|[from] item: Leftovers\n|-damage|p1b: Ceruledge|84\/100 psn|[from] psn\n|-damage|p1a: Arboliva|88\/100 psn|[from] psn\n|-damage|p2b: Flutter Mane|94\/100 brn|[from] brn\n|upkeep\n|turn|3\n|\n|t:|1682008196\n|-end|p2b: Flutter Mane|Protosynthesis|[silent]\n|switch|p2b: Ting-Lu|Ting-Lu, L50|100\/100\n|-ability|p2b: Ting-Lu|Vessel of Ruin\n|move|p1a: Arboliva|Helping Hand|p1b: Ceruledge\n|-singleturn|p1b: Ceruledge|Helping Hand|[of] p1a: Arboliva\n|move|p2a: Poisoning MVP|Power Gem|p1b: Ceruledge\n|-damage|p1b: Ceruledge|52\/100 psn\n|move|p1b: Ceruledge|Tera Blast|p2a: Poisoning MVP\n|-damage|p2a: Poisoning MVP|0 fnt\n|-activate|p2a: Poisoning MVP|ability: Toxic Debris\n|-sidestart|p1: bigkarpfan8001|move: Toxic Spikes\n|faint|p2a: Poisoning MVP\n|\n|-heal|p1b: Ceruledge|58\/100 psn|[from] Grassy Terrain\n|-heal|p1a: Arboliva|94\/100 psn|[from] Grassy Terrain\n|-heal|p1a: Arboliva|99\/100 psn|[from] item: Leftovers\n|-damage|p1b: Ceruledge|46\/100 psn|[from] psn\n|-damage|p1a: Arboliva|88\/100 psn|[from] psn\n|upkeep\n|\n|t:|1682008224\n|switch|p2a: All-might|Palafin-Hero, L50, M|100\/100\n|-activate|p2a: All-might|ability: Zero to Hero\n|turn|4\n|\n|t:|1682008241\n|move|p2a: All-might|Haze|p2a: All-might\n|-clearallboost\n|move|p1b: Ceruledge|Tera Blast|p2a: All-might\n|-supereffective|p2a: All-might\n|-damage|p2a: All-might|1\/100\n|move|p1a: Arboliva|Pollen Puff|p1b: Ceruledge\n|-heal|p1b: Ceruledge|96\/100 psn\n|move|p2b: Ting-Lu|Fissure|p1a: Arboliva|[miss]\n|-miss|p2b: Ting-Lu|p1a: Arboliva\n|\n|-heal|p2a: All-might|7\/100|[from] Grassy Terrain\n|-heal|p1b: Ceruledge|100\/100 psn|[from] Grassy Terrain\n|-heal|p1a: Arboliva|93\/100 psn|[from] Grassy Terrain\n|-heal|p1a: Arboliva|99\/100 psn|[from] item: Leftovers\n|-damage|p1b: Ceruledge|88\/100 psn|[from] psn\n|-damage|p1a: Arboliva|87\/100 psn|[from] psn\n|upkeep\n|turn|5\n|\n|t:|1682008265\n|move|p1a: Arboliva|Helping Hand|p1b: Ceruledge\n|-singleturn|p1b: Ceruledge|Helping Hand|[of] p1a: Arboliva\n|move|p2a: All-might|Close Combat|p1b: Ceruledge\n|-damage|p1b: Ceruledge|19\/100 psn\n|-unboost|p2a: All-might|def|1\n|-unboost|p2a: All-might|spd|1\n|-damage|p2a: All-might|0 fnt|[from] item: Life Orb\n|faint|p2a: All-might\n|move|p1b: Ceruledge|Tera Blast|p2b: Ting-Lu\n|-supereffective|p2b: Ting-Lu\n|-damage|p2b: Ting-Lu|24\/100\n|-enditem|p2b: Ting-Lu|Sitrus Berry|[eat]\n|-heal|p2b: Ting-Lu|49\/100|[from] item: Sitrus Berry\n|move|p2b: Ting-Lu|Fissure|p1b: Ceruledge|[miss]\n|-miss|p2b: Ting-Lu|p1b: Ceruledge\n|\n|-heal|p1b: Ceruledge|25\/100 psn|[from] Grassy Terrain\n|-heal|p1a: Arboliva|93\/100 psn|[from] Grassy Terrain\n|-heal|p1a: Arboliva|99\/100 psn|[from] item: Leftovers\n|-heal|p2b: Ting-Lu|55\/100|[from] Grassy Terrain\n|-damage|p1b: Ceruledge|13\/100 psn|[from] psn\n|-damage|p1a: Arboliva|86\/100 psn|[from] psn\n|upkeep\n|inactive|Battle timer is ON: inactive players will automatically lose when time's up. (requested by bigkarpfan8001)\n|inactive|PoisioningSalt has 60 seconds left.\n|\n|t:|1682008346\n|switch|p2a: Flutter Mane|Flutter Mane, L50|94\/100 brn\n|turn|6\n|\n|t:|1682008370\n|switch|p1b: Gyarados|Gyarados, L50, F|100\/100\n|-ability|p1b: Gyarados|Intimidate|boost\n|-unboost|p2a: Flutter Mane|atk|1\n|-unboost|p2b: Ting-Lu|atk|1\n|move|p2a: Flutter Mane|Shadow Ball|p1b: Gyarados\n|-damage|p1b: Gyarados|42\/100\n|move|p1a: Arboliva|Leech Seed|p2b: Ting-Lu\n|-start|p2b: Ting-Lu|move: Leech Seed\n|move|p2b: Ting-Lu|Fissure|p1a: Arboliva|[miss]\n|-miss|p2b: Ting-Lu|p1a: Arboliva\n|\n|-heal|p2a: Flutter Mane|100\/100 brn|[from] Grassy Terrain\n|-heal|p1a: Arboliva|92\/100 psn|[from] Grassy Terrain\n|-heal|p1a: Arboliva|98\/100 psn|[from] item: Leftovers\n|-heal|p2b: Ting-Lu|61\/100|[from] Grassy Terrain\n|-damage|p2b: Ting-Lu|49\/100|[from] Leech Seed|[of] p1a: Arboliva\n|-heal|p1a: Arboliva|100\/100 psn|[silent]\n|-damage|p1a: Arboliva|88\/100 psn|[from] psn\n|-damage|p2a: Flutter Mane|94\/100 brn|[from] brn\n|-fieldend|move: Grassy Terrain\n|upkeep\n|turn|7\n|inactive|bigkarpfan8001 has 30 seconds left.\n|\n|t:|1682008398\n|move|p1a: Arboliva|Helping Hand|p1b: Gyarados\n|-singleturn|p1b: Gyarados|Helping Hand|[of] p1a: Arboliva\n|move|p2a: Flutter Mane|Shadow Ball|p1b: Gyarados\n|-damage|p1b: Gyarados|0 fnt\n|faint|p1b: Gyarados\n|move|p2b: Ting-Lu|Fissure|p1a: Arboliva|[miss]\n|-miss|p2b: Ting-Lu|p1a: Arboliva\n|\n|-heal|p1a: Arboliva|94\/100 psn|[from] item: Leftovers\n|-damage|p2b: Ting-Lu|37\/100|[from] Leech Seed|[of] p1a: Arboliva\n|-heal|p1a: Arboliva|100\/100 psn|[silent]\n|-damage|p1a: Arboliva|88\/100 psn|[from] psn\n|-damage|p2a: Flutter Mane|88\/100 brn|[from] brn\n|upkeep\n|\n|t:|1682008404\n|switch|p1b: Ceruledge|Ceruledge, L50, M, tera:Grass|13\/100 psn\n|turn|8\n|inactive|PoisioningSalt has 30 seconds left.\n|inactive|PoisioningSalt has 20 seconds left.\n|inactive|PoisioningSalt has 15 seconds left.\n|inactive|PoisioningSalt has 10 seconds left.\n|inactive|PoisioningSalt has 5 seconds left.\n|\n|t:|1682008459\n|move|p2a: Flutter Mane|Shadow Ball|p1b: Ceruledge\n|-damage|p1b: Ceruledge|0 fnt\n|faint|p1b: Ceruledge\n|move|p1a: Arboliva|Pollen Puff|p2a: Flutter Mane\n|-resisted|p2a: Flutter Mane\n|-crit|p2a: Flutter Mane\n|-damage|p2a: Flutter Mane|83\/100 brn\n|move|p2b: Ting-Lu|Heavy Slam|p1a: Arboliva\n|-damage|p1a: Arboliva|72\/100 psn\n|-fieldstart|move: Grassy Terrain|[from] ability: Seed Sower|[of] p1a: Arboliva\n|\n|-heal|p2a: Flutter Mane|89\/100 brn|[from] Grassy Terrain\n|-heal|p1a: Arboliva|78\/100 psn|[from] Grassy Terrain\n|-heal|p1a: Arboliva|84\/100 psn|[from] item: Leftovers\n|-heal|p2b: Ting-Lu|43\/100|[from] Grassy Terrain\n|-damage|p2b: Ting-Lu|31\/100|[from] Leech Seed|[of] p1a: Arboliva\n|-heal|p1a: Arboliva|100\/100 psn|[silent]\n|-damage|p1a: Arboliva|88\/100 psn|[from] psn\n|-damage|p2a: Flutter Mane|83\/100 brn|[from] brn\n|upkeep\n|turn|9\n|inactive|PoisioningSalt has 30 seconds left.\n|inactive|PoisioningSalt has 20 seconds left.\n|inactive|PoisioningSalt has 15 seconds left.\n|inactive|PoisioningSalt has 10 seconds left.\n|inactive|PoisioningSalt has 5 seconds left.\n|\n|t:|1682008514\n|move|p2a: Flutter Mane|Shadow Ball|p1a: Arboliva\n|-immune|p1a: Arboliva\n|move|p1a: Arboliva|Pollen Puff|p2b: Ting-Lu\n|-supereffective|p2b: Ting-Lu\n|-damage|p2b: Ting-Lu|5\/100\n|move|p2b: Ting-Lu|Heavy Slam|p1a: Arboliva\n|-damage|p1a: Arboliva|73\/100 psn\n|\n|-heal|p2a: Flutter Mane|89\/100 brn|[from] Grassy Terrain\n|-heal|p1a: Arboliva|79\/100 psn|[from] Grassy Terrain\n|-heal|p1a: Arboliva|85\/100 psn|[from] item: Leftovers\n|-heal|p2b: Ting-Lu|11\/100|[from] Grassy Terrain\n|-damage|p2b: Ting-Lu|0 fnt|[from] Leech Seed|[of] p1a: Arboliva\n|-heal|p1a: Arboliva|99\/100 psn|[silent]\n|faint|p2b: Ting-Lu\n|-damage|p1a: Arboliva|87\/100 psn|[from] psn\n|-damage|p2a: Flutter Mane|83\/100 brn|[from] brn\n|upkeep\n|turn|10\n|inactive|PoisioningSalt has 30 seconds left.\n|inactive|PoisioningSalt has 20 seconds left.\n|inactive|PoisioningSalt has 15 seconds left.\n|inactive|PoisioningSalt has 10 seconds left.\n|inactive|PoisioningSalt has 5 seconds left.\n|\n|t:|1682008569\n|move|p2a: Flutter Mane|Shadow Ball|p1a: Arboliva\n|-immune|p1a: Arboliva\n|move|p1a: Arboliva|Leech Seed|p2a: Flutter Mane\n|-start|p2a: Flutter Mane|move: Leech Seed\n|\n|-heal|p2a: Flutter Mane|89\/100 brn|[from] Grassy Terrain\n|-heal|p1a: Arboliva|93\/100 psn|[from] Grassy Terrain\n|-heal|p1a: Arboliva|99\/100 psn|[from] item: Leftovers\n|-damage|p2a: Flutter Mane|76\/100 brn|[from] Leech Seed|[of] p1a: Arboliva\n|-heal|p1a: Arboliva|100\/100 psn|[silent]\n|-damage|p1a: Arboliva|88\/100 psn|[from] psn\n|-damage|p2a: Flutter Mane|70\/100 brn|[from] brn\n|upkeep\n|turn|11\n|inactive|PoisioningSalt has 30 seconds left.\n|\n|t:|1682008595\n|move|p2a: Flutter Mane|Shadow Ball|p1a: Arboliva\n|-immune|p1a: Arboliva\n|move|p1a: Arboliva|Pollen Puff|p2a: Flutter Mane\n|-resisted|p2a: Flutter Mane\n|-damage|p2a: Flutter Mane|65\/100 brn\n|\n|-heal|p2a: Flutter Mane|71\/100 brn|[from] Grassy Terrain\n|-heal|p1a: Arboliva|94\/100 psn|[from] Grassy Terrain\n|-heal|p1a: Arboliva|99\/100 psn|[from] item: Leftovers\n|-damage|p2a: Flutter Mane|59\/100 brn|[from] Leech Seed|[of] p1a: Arboliva\n|-heal|p1a: Arboliva|100\/100 psn|[silent]\n|-damage|p1a: Arboliva|88\/100 psn|[from] psn\n|-damage|p2a: Flutter Mane|53\/100 brn|[from] brn\n|upkeep\n|turn|12\n|-message|PoisioningSalt forfeited.\n|\n|win|bigkarpfan8001\n|raw|bigkarpfan8001's rating: 1022 → 1067<\/strong> (+45 for winning)\n|raw|PoisioningSalt's rating: 1103 → 1072<\/strong> (-31 for losing)\n|l|\u2606PoisioningSalt\n","uploadtime":1682008612,"views":12,"p1id":"bigkarpfan8001","p2id":"poisioningsalt","formatid":"gen9vgc2023regulationc","rating":1067,"private":0,"password":""}