{"id":"gen9vgc2023regulationc-1863188391","p1":"Creeper.25","p2":"Chamix90","format":"[Gen 9] VGC 2023 Regulation C","log":"|j|\u2606Creeper.25\n|j|\u2606Chamix90\n|t:|1683985777\n|gametype|doubles\n|player|p1|Creeper.25|cheren-gen5bw2|1109\n|player|p2|Chamix90|265|1255\n|teamsize|p1|6\n|teamsize|p2|6\n|gen|9\n|tier|[Gen 9] VGC 2023 Regulation C\n|rated|\n|rule|Species Clause: Limit one of each Pok\u00e9mon\n|rule|Item Clause: Limit one of each item\n|clearpoke\n|poke|p1|Talonflame, L50, F|\n|poke|p1|Great Tusk, L50|\n|poke|p1|Ting-Lu, L50|\n|poke|p1|Chien-Pao, L50|\n|poke|p1|Amoonguss, L50, M|\n|poke|p1|Arcanine, L50, F|\n|poke|p2|Chi-Yu, L50|\n|poke|p2|Annihilape, L50, M|\n|poke|p2|Maushold-Four, L50|\n|poke|p2|Wo-Chien, L50|\n|poke|p2|Iron Bundle, L50|\n|poke|p2|Gyarados, L50, M|\n|teampreview|4\n|inactive|Battle timer is ON: inactive players will automatically lose when time's up. (requested by Creeper.25)\n|inactive|Creeper.25 has 60 seconds left.\n|inactive|Chamix90 has 60 seconds left.\n|\n|t:|1683985827\n|start\n|switch|p1a: Talonflame|Talonflame, L50, F|100\/100\n|switch|p1b: Great Tusk|Great Tusk, L50|100\/100\n|switch|p2a: Gyarados|Gyarados, L50, M, shiny|100\/100\n|switch|p2b: Federico|Annihilape, L50, M, shiny|100\/100\n|-ability|p2a: Gyarados|Intimidate|boost\n|-unboost|p1a: Talonflame|atk|1\n|-unboost|p1b: Great Tusk|atk|1\n|-enditem|p1b: Great Tusk|Booster Energy\n|-activate|p1b: Great Tusk|ability: Protosynthesis|[fromitem]\n|-start|p1b: Great Tusk|protosynthesisspe\n|turn|1\n|inactive|Chamix90 has 30 seconds left.\n|inactive|Creeper.25 has 30 seconds left.\n|\n|t:|1683985861\n|-end|p1b: Great Tusk|Protosynthesis|[silent]\n|switch|p1b: Arcanine|Arcanine, L50, F|100\/100\n|-ability|p1b: Arcanine|Intimidate|boost\n|-unboost|p2a: Gyarados|atk|1\n|-unboost|p2b: Federico|atk|1\n|-ability|p2b: Federico|Defiant|boost\n|-boost|p2b: Federico|atk|2\n|-terastallize|p2b: Federico|Fire\n|move|p1a: Talonflame|Will-O-Wisp|p2a: Gyarados|[miss]\n|-miss|p1a: Talonflame|p2a: Gyarados\n|move|p2b: Federico|Bulk Up|p2b: Federico\n|-boost|p2b: Federico|atk|1\n|-boost|p2b: Federico|def|1\n|move|p2a: Gyarados|Thunder Wave|p1a: Talonflame|[miss]\n|-miss|p2a: Gyarados|p1a: Talonflame\n|\n|upkeep\n|turn|2\n|inactive|Creeper.25 has 30 seconds left.\n|inactive|Chamix90 has 30 seconds left.\n|\n|t:|1683985887\n|move|p1a: Talonflame|Tailwind|p1a: Talonflame\n|-sidestart|p1: Creeper.25|move: Tailwind\n|move|p1b: Arcanine|Wild Charge|p2a: Gyarados\n|-supereffective|p2a: Gyarados\n|-damage|p2a: Gyarados|17\/100\n|-enditem|p2a: Gyarados|Aguav Berry|[eat]\n|-heal|p2a: Gyarados|50\/100|[from] item: Aguav Berry\n|-damage|p1b: Arcanine|79\/100|[from] Recoil\n|move|p2b: Federico|Drain Punch|p1b: Arcanine\n|-damage|p1b: Arcanine|11\/100\n|move|p2a: Gyarados|Thunder Wave|p1a: Talonflame\n|-status|p1a: Talonflame|par\n|\n|upkeep\n|turn|3\n|inactive|Creeper.25 has 30 seconds left.\n|inactive|Chamix90 has 30 seconds left.\n|\n|t:|1683985921\n|switch|p1a: Ting-Lu|Ting-Lu, L50|100\/100\n|-ability|p1a: Ting-Lu|Vessel of Ruin\n|move|p2a: Gyarados|Protect|p2a: Gyarados\n|-singleturn|p2a: Gyarados|Protect\n|move|p1b: Arcanine|Wild Charge|p2a: Gyarados\n|-activate|p2a: Gyarados|move: Protect\n|move|p2b: Federico|Rage Fist|p1a: Ting-Lu\n|-resisted|p1a: Ting-Lu\n|-damage|p1a: Ting-Lu|89\/100\n|\n|-heal|p1a: Ting-Lu|95\/100|[from] item: Leftovers\n|upkeep\n|turn|4\n|\n|t:|1683985943\n|switch|p2a: Vavusu|Wo-Chien, L50|100\/100\n|-ability|p2a: Vavusu|Tablets of Ruin\n|move|p1b: Arcanine|Wild Charge|p2a: Vavusu\n|-resisted|p2a: Vavusu\n|-damage|p2a: Vavusu|94\/100\n|-damage|p1b: Arcanine|9\/100|[from] Recoil\n|move|p1a: Ting-Lu|Fissure|p2b: Federico|[miss]\n|-miss|p1a: Ting-Lu|p2b: Federico\n|move|p2b: Federico|Drain Punch|p1b: Arcanine\n|-damage|p1b: Arcanine|0 fnt\n|faint|p1b: Arcanine\n|\n|-heal|p1a: Ting-Lu|100\/100|[from] item: Leftovers\n|-heal|p2a: Vavusu|99\/100|[from] item: Leftovers\n|upkeep\n|\n|t:|1683985958\n|switch|p1b: Talonflame|Talonflame, L50, F|100\/100 par\n|turn|5\n|\n|t:|1683985970\n|move|p1b: Talonflame|Protect|p1b: Talonflame\n|-singleturn|p1b: Talonflame|Protect\n|move|p2b: Federico|Protect|p2b: Federico\n|-singleturn|p2b: Federico|Protect\n|move|p1a: Ting-Lu|Fissure|p2b: Federico\n|-activate|p2b: Federico|move: Protect\n|move|p2a: Vavusu|Leech Seed|p1a: Ting-Lu|[miss]\n|-miss|p2a: Vavusu|p1a: Ting-Lu\n|\n|-heal|p2a: Vavusu|100\/100|[from] item: Leftovers\n|-sideend|p1: Creeper.25|move: Tailwind\n|upkeep\n|turn|6\n|\n|t:|1683985990\n|move|p1b: Talonflame|Brave Bird|p2a: Vavusu\n|-supereffective|p2a: Vavusu\n|-damage|p2a: Vavusu|62\/100\n|-damage|p1b: Talonflame|88\/100 par|[from] Recoil\n|move|p2b: Federico|Drain Punch|p1a: Ting-Lu\n|-supereffective|p1a: Ting-Lu\n|-damage|p1a: Ting-Lu|52\/100\n|move|p2a: Vavusu|Leech Seed|p1a: Ting-Lu\n|-start|p1a: Ting-Lu|move: Leech Seed\n|move|p1a: Ting-Lu|Fissure|p2b: Federico|[miss]\n|-miss|p1a: Ting-Lu|p2b: Federico\n|\n|-heal|p2a: Vavusu|68\/100|[from] item: Leftovers\n|-heal|p1a: Ting-Lu|58\/100|[from] item: Leftovers\n|-damage|p1a: Ting-Lu|46\/100|[from] Leech Seed|[of] p2a: Vavusu\n|-heal|p2a: Vavusu|85\/100|[silent]\n|upkeep\n|turn|7\n|inactive|Creeper.25 has 30 seconds left.\n|inactive|Chamix90 has 30 seconds left.\n|\n|t:|1683986022\n|move|p2b: Federico|Drain Punch|p1a: Ting-Lu\n|-supereffective|p1a: Ting-Lu\n|-damage|p1a: Ting-Lu|0 fnt\n|faint|p1a: Ting-Lu\n|move|p1b: Talonflame|Tailwind|p1b: Talonflame\n|-sidestart|p1: Creeper.25|move: Tailwind\n|move|p2a: Vavusu|Substitute|p2a: Vavusu\n|-start|p2a: Vavusu|Substitute\n|-damage|p2a: Vavusu|60\/100\n|\n|-heal|p2a: Vavusu|66\/100|[from] item: Leftovers\n|upkeep\n|\n|t:|1683986030\n|switch|p1a: Great Tusk|Great Tusk, L50|100\/100\n|turn|8\n|\n|t:|1683986046\n|move|p2b: Federico|Protect|p2b: Federico\n|-singleturn|p2b: Federico|Protect\n|move|p1a: Great Tusk|Headlong Rush|p2b: Federico\n|-activate|p2b: Federico|move: Protect\n|move|p1b: Talonflame|Brave Bird|p2a: Vavusu\n|-supereffective|p2a: Vavusu\n|-end|p2a: Vavusu|Substitute\n|-damage|p1b: Talonflame|79\/100 par|[from] Recoil|[of] p2a: Vavusu\n|move|p2a: Vavusu|Leech Seed|p1a: Great Tusk\n|-start|p1a: Great Tusk|move: Leech Seed\n|\n|-heal|p2a: Vavusu|72\/100|[from] item: Leftovers\n|-damage|p1a: Great Tusk|88\/100|[from] Leech Seed|[of] p2a: Vavusu\n|-heal|p2a: Vavusu|84\/100|[silent]\n|upkeep\n|turn|9\n|-message|Creeper.25 forfeited.\n|\n|win|Chamix90\n|raw|Creeper.25's rating: 1109 → 1094<\/strong> (-15 for losing)\n|raw|Chamix90's rating: 1255 → 1270<\/strong> (+15 for winning)\n|l|\u2606Creeper.25\n","uploadtime":1683986072,"views":11,"p1id":"creeper25","p2id":"chamix90","formatid":"gen9vgc2023regulationc","rating":1094,"private":0,"password":""}