{"id":"gen9vgc2023regulationc-1855784457","p1":"nikaso","p2":"Alexis_student","format":"[Gen 9] VGC 2023 Regulation C","log":"|j|\u2606nikaso\n|j|\u2606Alexis_student\n|t:|1682983794\n|gametype|doubles\n|player|p1|nikaso|265|1246\n|player|p2|Alexis_student|266|1232\n|teamsize|p1|6\n|teamsize|p2|6\n|gen|9\n|tier|[Gen 9] VGC 2023 Regulation C\n|rated|\n|rule|Species Clause: Limit one of each Pok\u00e9mon\n|rule|Item Clause: Limit one of each item\n|clearpoke\n|poke|p1|Scizor, L50, F|\n|poke|p1|Great Tusk, L50|\n|poke|p1|Arcanine, L50, M|\n|poke|p1|Amoonguss, L50, F|\n|poke|p1|Iron Valiant, L50|\n|poke|p1|Chi-Yu, L50|\n|poke|p2|Chi-Yu, L50|\n|poke|p2|Flutter Mane, L50|\n|poke|p2|Palafin, L50, F|\n|poke|p2|Iron Hands, L50|\n|poke|p2|Dragonite, L50, F|\n|poke|p2|Amoonguss, L50, F|\n|teampreview|4\n|inactive|Battle timer is ON: inactive players will automatically lose when time's up. (requested by Alexis_student)\n|\n|t:|1682983811\n|start\n|switch|p1a: Scizor|Scizor, L50, F|100\/100\n|switch|p1b: Chi-Yu|Chi-Yu, L50|100\/100\n|switch|p2a: Palafin|Palafin, L50, F|100\/100\n|switch|p2b: Amoonguss|Amoonguss, L50, F|100\/100\n|-ability|p1b: Chi-Yu|Beads of Ruin\n|turn|1\n|\n|t:|1682983836\n|-terastallize|p1b: Chi-Yu|Grass\n|-terastallize|p2a: Palafin|Water\n|move|p2b: Amoonguss|Protect|p2b: Amoonguss\n|-singleturn|p2b: Amoonguss|Protect\n|move|p1b: Chi-Yu|Heat Wave|p2b: Amoonguss|[spread] \n|-activate|p2b: Amoonguss|move: Protect\n|-miss|p1b: Chi-Yu|p2a: Palafin\n|move|p2a: Palafin|Wave Crash|p1b: Chi-Yu\n|-resisted|p1b: Chi-Yu\n|-damage|p1b: Chi-Yu|41\/100\n|-damage|p2a: Palafin|88\/100|[from] Recoil\n|move|p1a: Scizor|Tailwind|p1a: Scizor\n|-sidestart|p1: nikaso|move: Tailwind\n|\n|upkeep\n|turn|2\n|inactive|Alexis_student has 30 seconds left.\n|\n|t:|1682983865\n|detailschange|p2a: Palafin|Palafin-Hero, L50, F, tera:Water\n|switch|p2a: Chi-Yu|Chi-Yu, L50|100\/100\n|-ability|p2a: Chi-Yu|Beads of Ruin\n|move|p1b: Chi-Yu|Tera Blast|p2a: Chi-Yu\n|-resisted|p2a: Chi-Yu\n|-damage|p2a: Chi-Yu|79\/100\n|move|p1a: Scizor|Pounce|p2b: Amoonguss\n|-damage|p2b: Amoonguss|65\/100\n|-unboost|p2b: Amoonguss|spe|1\n|move|p2b: Amoonguss|Pollen Puff|p1b: Chi-Yu\n|-supereffective|p1b: Chi-Yu\n|-crit|p1b: Chi-Yu\n|-damage|p1b: Chi-Yu|0 fnt\n|faint|p1b: Chi-Yu\n|\n|upkeep\n|\n|t:|1682983878\n|switch|p1b: Iron Valiant|Iron Valiant, L50|100\/100\n|-enditem|p1b: Iron Valiant|Booster Energy\n|-activate|p1b: Iron Valiant|ability: Quark Drive|[fromitem]\n|-start|p1b: Iron Valiant|quarkdrivespe\n|turn|3\n|\n|t:|1682983893\n|move|p2b: Amoonguss|Rage Powder|p2b: Amoonguss\n|-singleturn|p2b: Amoonguss|move: Rage Powder\n|move|p1b: Iron Valiant|Aura Sphere|p2b: Amoonguss\n|-resisted|p2b: Amoonguss\n|-damage|p2b: Amoonguss|44\/100\n|-enditem|p2b: Amoonguss|Sitrus Berry|[eat]\n|-heal|p2b: Amoonguss|69\/100|[from] item: Sitrus Berry\n|move|p1a: Scizor|Pounce|p2b: Amoonguss\n|-damage|p2b: Amoonguss|34\/100\n|-unboost|p2b: Amoonguss|spe|1\n|move|p2a: Chi-Yu|Flamethrower|p1a: Scizor\n|-supereffective|p1a: Scizor\n|-damage|p1a: Scizor|0 fnt\n|faint|p1a: Scizor\n|\n|upkeep\n|\n|t:|1682983896\n|switch|p1a: Great Tusk|Great Tusk, L50|100\/100\n|turn|4\n|\n|t:|1682983920\n|switch|p2b: Palafin|Palafin-Hero, L50, F, tera:Water|88\/100\n|-activate|p2b: Palafin|ability: Zero to Hero\n|move|p2a: Chi-Yu|Protect|p2a: Chi-Yu\n|-singleturn|p2a: Chi-Yu|Protect\n|move|p1b: Iron Valiant|Psyshock|p2b: Palafin\n|-damage|p2b: Palafin|65\/100\n|move|p1a: Great Tusk|Close Combat|p2a: Chi-Yu\n|-activate|p2a: Chi-Yu|move: Protect\n|\n|-sideend|p1: nikaso|move: Tailwind\n|upkeep\n|turn|5\n|\n|t:|1682983941\n|switch|p2a: Amoonguss|Amoonguss, L50, F|67\/100\n|move|p2b: Palafin|Jet Punch|p1a: Great Tusk\n|-supereffective|p1a: Great Tusk\n|-damage|p1a: Great Tusk|2\/100\n|move|p1b: Iron Valiant|Aura Sphere|p2a: Amoonguss\n|-resisted|p2a: Amoonguss\n|-damage|p2a: Amoonguss|51\/100\n|move|p1a: Great Tusk|Headlong Rush|p2b: Palafin\n|-damage|p2b: Palafin|7\/100\n|-unboost|p1a: Great Tusk|def|1\n|-unboost|p1a: Great Tusk|spd|1\n|\n|upkeep\n|turn|6\n|\n|t:|1682983958\n|move|p1a: Great Tusk|Protect|p1a: Great Tusk\n|-singleturn|p1a: Great Tusk|Protect\n|move|p2b: Palafin|Jet Punch|p1a: Great Tusk\n|-activate|p1a: Great Tusk|move: Protect\n|move|p1b: Iron Valiant|Dazzling Gleam|p2b: Palafin|[spread] p2a,p2b\n|-resisted|p2a: Amoonguss\n|-damage|p2a: Amoonguss|39\/100\n|-damage|p2b: Palafin|0 fnt\n|faint|p2b: Palafin\n|move|p2a: Amoonguss|Spore|p1b: Iron Valiant\n|-status|p1b: Iron Valiant|slp|[from] move: Spore\n|\n|upkeep\n|-message|nikaso forfeited.\n|\n|win|Alexis_student\n|raw|nikaso's rating: 1269 → 1241<\/strong> (-28 for losing)\n|raw|Alexis_student's rating: 1232 → 1260<\/strong> (+28 for winning)\n|l|\u2606nikaso\n","uploadtime":1682983973,"views":21,"p1id":"nikaso","p2id":"alexisstudent","formatid":"gen9vgc2023regulationc","rating":1241,"private":0,"password":""}