{"id":"gen9vgc2023regulationc-1852860005","p1":"Funnyman Krebs","p2":"tang gang member","format":"[Gen 9] VGC 2023 Regulation C","log":"|j|\u2606Funnyman Krebs\n|j|\u2606tang gang member\n|t:|1682612336\n|gametype|doubles\n|player|p1|Funnyman Krebs|wallace|1370\n|player|p2|tang gang member|picnicker|1292\n|teamsize|p1|6\n|teamsize|p2|6\n|gen|9\n|tier|[Gen 9] VGC 2023 Regulation C\n|rated|\n|rule|Species Clause: Limit one of each Pok\u00e9mon\n|rule|Item Clause: Limit one of each item\n|clearpoke\n|poke|p1|Quaquaval, L50, M|\n|poke|p1|Orthworm, L50, M|\n|poke|p1|Ting-Lu, L50|\n|poke|p1|Flutter Mane, L50|\n|poke|p1|Arcanine, L50, M|\n|poke|p1|Amoonguss, L50, F|\n|poke|p2|Ting-Lu, L50|\n|poke|p2|Abomasnow, L50, F|\n|poke|p2|Flutter Mane, L50|\n|poke|p2|Iron Hands, L50|\n|poke|p2|Bronzong, L50|\n|poke|p2|Arcanine, L50, M|\n|teampreview|4\nFunnyman Krebs has agreed to open team sheets.\n|inactive|Battle timer is ON: inactive players will automatically lose when time's up. (requested by Funnyman Krebs)\n|\n|t:|1682612374\n|start\n|switch|p1a: dirt eater|Orthworm, L50, M|100\/100\n|switch|p1b: Choco-Mousse|Ting-Lu, L50|100\/100\n|switch|p2a: Abomasnow|Abomasnow, L50, F|100\/100\n|switch|p2b: Bronzong|Bronzong, L50|100\/100\n|-ability|p1b: Choco-Mousse|Vessel of Ruin\n|-weather|Snow|[from] ability: Snow Warning|[of] p2a: Abomasnow\n|turn|1\n|\n|t:|1682612398\n|move|p2a: Abomasnow|Protect|p2a: Abomasnow\n|-singleturn|p2a: Abomasnow|Protect\n|move|p1a: dirt eater|Shed Tail|p1a: dirt eater\n|-start|p1a: dirt eater|Substitute|[from] move: Shed Tail\n|-damage|p1a: dirt eater|50\/100\n|-enditem|p1a: dirt eater|Sitrus Berry|[eat]\n|-heal|p1a: dirt eater|75\/100|[from] item: Sitrus Berry\n|\n|t:|1682612416\n|switch|p1a: Infurno|Arcanine, L50, M|100\/100|[from] Shed Tail\n|-ability|p1a: Infurno|Intimidate|boost\n|-unboost|p2a: Abomasnow|atk|1\n|-unboost|p2b: Bronzong|atk|1\n|move|p1b: Choco-Mousse|Heavy Slam|p2a: Abomasnow\n|-activate|p2a: Abomasnow|move: Protect\n|move|p2b: Bronzong|Trick Room|p2b: Bronzong\n|-fieldstart|move: Trick Room|[of] p2b: Bronzong\n|\n|-weather|Snow|[upkeep]\n|upkeep\n|turn|2\n|\n|t:|1682612435\n|-terastallize|p2a: Abomasnow|Water\n|move|p2b: Bronzong|Gyro Ball|p1a: Infurno\n|-resisted|p1a: Infurno\n|-activate|p1a: Infurno|move: Substitute|[damage]\n|move|p2a: Abomasnow|Blizzard|p1a: Infurno|[spread] p1a,p1b\n|-resisted|p1a: Infurno\n|-crit|p1a: Infurno\n|-end|p1a: Infurno|Substitute\n|-supereffective|p1b: Choco-Mousse\n|-damage|p1b: Choco-Mousse|78\/100\n|move|p1b: Choco-Mousse|Throat Chop|p2b: Bronzong\n|-supereffective|p2b: Bronzong\n|-damage|p2b: Bronzong|44\/100\n|-start|p2b: Bronzong|Throat Chop|[silent]\n|move|p1a: Infurno|Flare Blitz|p2a: Abomasnow\n|-resisted|p2a: Abomasnow\n|-crit|p2a: Abomasnow\n|-damage|p2a: Abomasnow|59\/100\n|-damage|p1a: Infurno|85\/100|[from] Recoil\n|\n|-weather|Snow|[upkeep]\n|upkeep\n|turn|3\n|inactive|tang gang member has 30 seconds left.\n|inactive|Funnyman Krebs has 30 seconds left.\n|inactive|Funnyman Krebs has 20 seconds left.\n|\n|t:|1682612477\n|switch|p2b: Arcanine|Arcanine, L50, M|100\/100\n|-ability|p2b: Arcanine|Intimidate|boost\n|-unboost|p1a: Infurno|atk|1\n|-unboost|p1b: Choco-Mousse|atk|1\n|move|p2a: Abomasnow|Earth Power|p1a: Infurno\n|-supereffective|p1a: Infurno\n|-damage|p1a: Infurno|43\/100\n|move|p1b: Choco-Mousse|Throat Chop|p2b: Arcanine\n|-damage|p2b: Arcanine|74\/100\n|-start|p2b: Arcanine|Throat Chop|[silent]\n|move|p1a: Infurno|Snarl|p2a: Abomasnow|[spread] p2a,p2b\n|-damage|p2a: Abomasnow|53\/100\n|-damage|p2b: Arcanine|66\/100\n|-unboost|p2a: Abomasnow|spa|1\n|-unboost|p2b: Arcanine|spa|1\n|\n|-weather|Snow|[upkeep]\n|upkeep\n|turn|4\n|\n|t:|1682612496\n|move|p1a: Infurno|Protect|p1a: Infurno\n|-singleturn|p1a: Infurno|Protect\n|move|p2a: Abomasnow|Blizzard|p1b: Choco-Mousse|[spread] p1b\n|-activate|p1a: Infurno|move: Protect\n|-supereffective|p1b: Choco-Mousse\n|-damage|p1b: Choco-Mousse|62\/100\n|move|p1b: Choco-Mousse|Fissure|p2a: Abomasnow|[miss]\n|-miss|p1b: Choco-Mousse|p2a: Abomasnow\n|move|p2b: Arcanine|Flare Blitz|p1a: Infurno\n|-activate|p1a: Infurno|move: Protect\n|\n|-weather|Snow|[upkeep]\n|-end|p2b: Arcanine|Throat Chop|[silent]\n|upkeep\n|turn|5\n|inactive|Funnyman Krebs has 30 seconds left.\n|\n|t:|1682612523\n|move|p2a: Abomasnow|Blizzard|p1a: Infurno|[spread] p1a,p1b\n|-resisted|p1a: Infurno\n|-supereffective|p1b: Choco-Mousse\n|-damage|p1a: Infurno|33\/100\n|-damage|p1b: Choco-Mousse|45\/100\n|move|p1b: Choco-Mousse|Stomping Tantrum|p2b: Arcanine\n|-supereffective|p2b: Arcanine\n|-damage|p2b: Arcanine|0 fnt\n|faint|p2b: Arcanine\n|move|p1a: Infurno|Snarl|p2a: Abomasnow\n|-damage|p2a: Abomasnow|45\/100\n|-unboost|p2a: Abomasnow|spa|1\n|\n|-weather|none\n|-fieldend|move: Trick Room\n|upkeep\n|-message|tang gang member forfeited.\n|\n|win|Funnyman Krebs\n|raw|Funnyman Krebs's rating: 1370 → 1386<\/strong> (+16 for winning)\n|raw|tang gang member's rating: 1292 → 1273<\/strong> (-19 for losing)\n|l|\u2606tang gang member\n","uploadtime":1682612539,"views":6,"p1id":"funnymankrebs","p2id":"tanggangmember","formatid":"gen9vgc2023regulationc","rating":1273,"private":0,"password":""}