{"id":"gen9vgc2023regulationc-1846528915","p1":"OnlyForTheMeme","p2":"Ykrach","format":"[Gen 9] VGC 2023 Regulation C","log":"|j|\u2606OnlyForTheMeme\n|j|\u2606Ykrach\n|t:|1681848694\n|gametype|doubles\n|player|p1|OnlyForTheMeme|102|1056\n|player|p2|Ykrach|acetrainer-gen4dp|1017\n|teamsize|p1|6\n|teamsize|p2|6\n|gen|9\n|tier|[Gen 9] VGC 2023 Regulation C\n|rated|\n|rule|Species Clause: Limit one of each Pok\u00e9mon\n|rule|Item Clause: Limit one of each item\n|clearpoke\n|poke|p1|Bronzong, L50|\n|poke|p1|Lycanroc-Midnight, L50, M|\n|poke|p1|Kingambit, L50, M|\n|poke|p1|Ting-Lu, L50|\n|poke|p1|Beartic, L50, F|\n|poke|p1|Pelipper, L50, F|\n|poke|p2|Scizor, L50, M|\n|poke|p2|Murkrow, L50, M|\n|poke|p2|Hatterene, L50, F|\n|poke|p2|Garganacl, L50, M|\n|poke|p2|Arboliva, L50, M|\n|poke|p2|Iron Moth, L50|\n|teampreview|4\n|inactive|Battle timer is ON: inactive players will automatically lose when time's up. (requested by OnlyForTheMeme)\n|\n|t:|1681848721\n|start\n|switch|p1a: Bronzong|Bronzong, L50|100\/100\n|switch|p1b: Lycanroc|Lycanroc-Midnight, L50, M|100\/100\n|switch|p2a: Murkrow|Murkrow, L50, M|100\/100\n|switch|p2b: Arboliva|Arboliva, L50, M|100\/100\n|turn|1\n|\n|t:|1681848736\n|move|p1b: Lycanroc|Protect|p1b: Lycanroc\n|-singleturn|p1b: Lycanroc|Protect\n|move|p2a: Murkrow|Tailwind|p2a: Murkrow\n|-sidestart|p2: Ykrach|move: Tailwind\n|move|p2b: Arboliva|Earth Power|p1b: Lycanroc\n|-activate|p1b: Lycanroc|move: Protect\n|move|p1a: Bronzong|Trick Room|p1a: Bronzong\n|-fieldstart|move: Trick Room|[of] p1a: Bronzong\n|\n|upkeep\n|turn|2\n|\n|t:|1681848753\n|move|p2a: Murkrow|Thunder Wave|p1a: Bronzong\n|-status|p1a: Bronzong|par\n|cant|p1a: Bronzong|par\n|move|p2b: Arboliva|Leech Seed|p1b: Lycanroc\n|-start|p1b: Lycanroc|move: Leech Seed\n|move|p1b: Lycanroc|Stealth Rock|p2a: Murkrow\n|-sidestart|p2: Ykrach|move: Stealth Rock\n|\n|-damage|p1b: Lycanroc|88\/100|[from] Leech Seed|[of] p2b: Arboliva\n|upkeep\n|turn|3\n|inactive|OnlyForTheMeme has 30 seconds left.\n|\n|t:|1681848783\n|move|p1a: Bronzong|Skill Swap|p1b: Lycanroc\n|-activate|p1a: Bronzong|move: Skill Swap|||[of] p1b: Lycanroc\n|move|p1b: Lycanroc|Stone Edge|p2a: Murkrow|[miss]\n|-miss|p1b: Lycanroc|p2a: Murkrow\n|move|p2b: Arboliva|Earth Power|p1a: Bronzong\n|-supereffective|p1a: Bronzong\n|-damage|p1a: Bronzong|43\/100 par\n|move|p2a: Murkrow|Foul Play|p1b: Lycanroc\n|-damage|p1b: Lycanroc|30\/100\n|\n|-damage|p1b: Lycanroc|17\/100|[from] Leech Seed|[of] p2b: Arboliva\n|upkeep\n|turn|4\n|\n|t:|1681848800\n|switch|p1b: Kingambit|Kingambit, L50, M|100\/100\n|-ability|p1b: Kingambit|Pressure\n|move|p1a: Bronzong|Skill Swap|p1b: Kingambit\n|-activate|p1a: Bronzong|move: Skill Swap|||[of] p1b: Kingambit\n|-ability|p1a: Bronzong|Pressure\n|move|p2b: Arboliva|Earth Power|p1a: Bronzong\n|-supereffective|p1a: Bronzong\n|-damage|p1a: Bronzong|0 fnt\n|faint|p1a: Bronzong\n|move|p2a: Murkrow|Foul Play|p1b: Kingambit\n|-resisted|p1b: Kingambit\n|-damage|p1b: Kingambit|81\/100\n|\n|-sideend|p2: Ykrach|move: Tailwind\n|upkeep\n|inactive|OnlyForTheMeme has 30 seconds left.\n|\n|t:|1681848828\n|switch|p1a: Ting-Lu|Ting-Lu, L50|100\/100\n|-ability|p1a: Ting-Lu|Vessel of Ruin\n|turn|5\n|\n|t:|1681848842\n|switch|p2a: Hatterene|Hatterene, L50, F|100\/100\n|-damage|p2a: Hatterene|88\/100|[from] Stealth Rock\n|move|p1b: Kingambit|Guillotine|p2b: Arboliva\n|-damage|p2b: Arboliva|0 fnt\n|-fieldstart|move: Grassy Terrain|[from] ability: Seed Sower|[of] p2b: Arboliva\n|faint|p2b: Arboliva\n|-ohko\n|move|p1a: Ting-Lu|Rock Slide|p2a: Hatterene\n|-damage|p2a: Hatterene|64\/100\n|\n|-heal|p1b: Kingambit|86\/100|[from] Grassy Terrain\n|-heal|p2a: Hatterene|70\/100|[from] Grassy Terrain\n|-fieldend|move: Trick Room\n|upkeep\n|\n|t:|1681848856\n|switch|p2b: Iron Moth|Iron Moth, L50|100\/100\n|-damage|p2b: Iron Moth|76\/100|[from] Stealth Rock\n|-enditem|p2b: Iron Moth|Booster Energy\n|-activate|p2b: Iron Moth|ability: Quark Drive|[fromitem]\n|-start|p2b: Iron Moth|quarkdrivespa\n|turn|6\n|\n|t:|1681848873\n|-terastallize|p2b: Iron Moth|Water\n|-terastallize|p1b: Kingambit|Ghost\n|move|p2b: Iron Moth|Tera Blast|p1a: Ting-Lu\n|-supereffective|p1a: Ting-Lu\n|-damage|p1a: Ting-Lu|55\/100\n|move|p1a: Ting-Lu|Rock Slide|p2a: Hatterene|[spread] p2a,p2b\n|-damage|p2a: Hatterene|52\/100\n|-damage|p2b: Iron Moth|56\/100\n|move|p2a: Hatterene|Dazzling Gleam|p1b: Kingambit|[spread] p1a,p1b\n|-supereffective|p1a: Ting-Lu\n|-damage|p1a: Ting-Lu|36\/100\n|-damage|p1b: Kingambit|64\/100\n|move|p1b: Kingambit|Guillotine|p2b: Iron Moth\n|-damage|p2b: Iron Moth|0 fnt\n|faint|p2b: Iron Moth\n|-end|p2b: Iron Moth|Quark Drive|[silent]\n|-ohko\n|\n|-heal|p1a: Ting-Lu|42\/100|[from] Grassy Terrain\n|-heal|p2a: Hatterene|58\/100|[from] Grassy Terrain\n|-heal|p1b: Kingambit|70\/100|[from] Grassy Terrain\n|upkeep\n|\n|t:|1681848892\n|switch|p2b: Murkrow|Murkrow, L50, M|100\/100\n|-damage|p2b: Murkrow|76\/100|[from] Stealth Rock\n|turn|7\n|inactive|OnlyForTheMeme has 30 seconds left.\n|inactive|OnlyForTheMeme has 20 seconds left.\n|\n|t:|1681848929\n|move|p2b: Murkrow|Foul Play|p1b: Kingambit\n|-supereffective|p1b: Kingambit\n|-damage|p1b: Kingambit|0 fnt\n|faint|p1b: Kingambit\n|move|p1a: Ting-Lu|Heavy Slam|p2a: Hatterene|[miss]\n|-miss|p1a: Ting-Lu|p2a: Hatterene\n|move|p2a: Hatterene|Dazzling Gleam|p1a: Ting-Lu\n|-supereffective|p1a: Ting-Lu\n|-damage|p1a: Ting-Lu|14\/100\n|\n|-heal|p1a: Ting-Lu|20\/100|[from] Grassy Terrain\n|-heal|p2a: Hatterene|64\/100|[from] Grassy Terrain\n|upkeep\n|\n|t:|1681848932\n|switch|p1b: Lycanroc|Lycanroc-Midnight, L50, M|17\/100\n|turn|8\n|inactive|OnlyForTheMeme has 30 seconds left.\n|\n|t:|1681848958\n|move|p2b: Murkrow|Tailwind|p2b: Murkrow\n|-sidestart|p2: Ykrach|move: Tailwind\n|move|p1b: Lycanroc|Stone Edge|p2b: Murkrow\n|-supereffective|p2b: Murkrow\n|-damage|p2b: Murkrow|0 fnt\n|faint|p2b: Murkrow\n|move|p2a: Hatterene|Dazzling Gleam|p1a: Ting-Lu|[spread] p1a,p1b\n|-supereffective|p1a: Ting-Lu\n|-damage|p1a: Ting-Lu|0 fnt\n|-damage|p1b: Lycanroc|0 fnt\n|faint|p1a: Ting-Lu\n|faint|p1b: Lycanroc\n|\n|win|Ykrach\n|raw|OnlyForTheMeme's rating: 1039 → 1022<\/strong> (-17 for losing)\n|raw|Ykrach's rating: 1017 → 1057<\/strong> (+40 for winning)\n|l|\u2606OnlyForTheMeme\n","uploadtime":1681848971,"views":7,"p1id":"onlyforthememe","p2id":"ykrach","formatid":"gen9vgc2023regulationc","rating":1022,"private":0,"password":""}