{"id":"gen9vgc2023regulationc-1846889558","p1":"xiaoyang2004","p2":"comprestrict","format":"[Gen 9] VGC 2023 Regulation C","log":"|j|\u2606xiaoyang2004\n|j|\u2606comprestrict\n|t:|1681896500\n|gametype|doubles\n|player|p1|xiaoyang2004|lyra|1307\n|player|p2|comprestrict|102|1211\n|teamsize|p1|6\n|teamsize|p2|6\n|gen|9\n|tier|[Gen 9] VGC 2023 Regulation C\n|rated|\n|rule|Species Clause: Limit one of each Pok\u00e9mon\n|rule|Item Clause: Limit one of each item\n|clearpoke\n|poke|p1|Chi-Yu, L50|\n|poke|p1|Flutter Mane, L50|\n|poke|p1|Iron Bundle, L50|\n|poke|p1|Gholdengo, L50|\n|poke|p1|Talonflame, L50, M|\n|poke|p1|Amoonguss, L50, M|\n|poke|p2|Tyranitar, L50, F|\n|poke|p2|Talonflame, L50, M|\n|poke|p2|Garchomp, L50, F|\n|poke|p2|Rotom-Wash, L50|\n|poke|p2|Goodra, L50, M|\n|poke|p2|Great Tusk, L50|\n|teampreview|4\n|inactive|Battle timer is ON: inactive players will automatically lose when time's up. (requested by comprestrict)\n|\n|t:|1681896526\n|start\n|switch|p1a: Talonflame|Talonflame, L50, M, shiny|100\/100\n|switch|p1b: Flutter Mane|Flutter Mane, L50, shiny|100\/100\n|switch|p2a: Tyranitar|Tyranitar, L50, F|100\/100\n|switch|p2b: Garchomp|Garchomp, L50, F|100\/100\n|-weather|Sandstorm|[from] ability: Sand Stream|[of] p2a: Tyranitar\n|turn|1\n|\n|t:|1681896547\n|-terastallize|p1b: Flutter Mane|Fairy\n|move|p2b: Garchomp|Protect|p2b: Garchomp\n|-singleturn|p2b: Garchomp|Protect\n|move|p1a: Talonflame|Tailwind|p1a: Talonflame\n|-sidestart|p1: xiaoyang2004|move: Tailwind\n|move|p1b: Flutter Mane|Dazzling Gleam|p2a: Tyranitar|[spread] p2a\n|-activate|p2b: Garchomp|move: Protect\n|-supereffective|p2a: Tyranitar\n|-crit|p2a: Tyranitar\n|-damage|p2a: Tyranitar|13\/100\n|-enditem|p2a: Tyranitar|Weakness Policy\n|-boost|p2a: Tyranitar|atk|2|[from] item: Weakness Policy\n|-boost|p2a: Tyranitar|spa|2|[from] item: Weakness Policy\n|move|p2a: Tyranitar|Rock Slide|p1a: Talonflame|[spread] p1b\n|-miss|p2a: Tyranitar|p1a: Talonflame\n|-enditem|p1b: Flutter Mane|Focus Sash\n|-damage|p1b: Flutter Mane|1\/100\n|\n|-weather|Sandstorm|[upkeep]\n|-damage|p1b: Flutter Mane|0 fnt|[from] Sandstorm\n|-damage|p1a: Talonflame|95\/100|[from] Sandstorm\n|faint|p1b: Flutter Mane\n|-end|p1b: Flutter Mane|Protosynthesis|[silent]\n|upkeep\n|\n|t:|1681896567\n|switch|p1b: Iron Bundle|Iron Bundle, L50, shiny|100\/100\n|-enditem|p1b: Iron Bundle|Booster Energy\n|-activate|p1b: Iron Bundle|ability: Quark Drive|[fromitem]\n|-start|p1b: Iron Bundle|quarkdrivespe\n|turn|2\n|\n|t:|1681896585\n|switch|p2b: Goodra|Goodra, L50, M|100\/100\n|move|p1b: Iron Bundle|Icy Wind|p2b: Goodra|[spread] p2a,p2b\n|-supereffective|p2b: Goodra\n|-damage|p2a: Tyranitar|0 fnt\n|-damage|p2b: Goodra|72\/100\n|-unboost|p2b: Goodra|spe|1\n|faint|p2a: Tyranitar\n|move|p1a: Talonflame|Brave Bird|p2b: Goodra\n|-damage|p2b: Goodra|26\/100\n|-damage|p1a: Talonflame|80\/100|[from] Recoil\n|\n|-weather|Sandstorm|[upkeep]\n|-damage|p1b: Iron Bundle|94\/100|[from] Sandstorm\n|-damage|p1a: Talonflame|74\/100|[from] Sandstorm\n|-damage|p2b: Goodra|20\/100|[from] Sandstorm\n|-heal|p2b: Goodra|26\/100|[from] item: Leftovers\n|upkeep\n|\n|t:|1681896594\n|switch|p2a: Great Tusk|Great Tusk, L50|100\/100\n|turn|3\n|\n|t:|1681896609\n|-terastallize|p2a: Great Tusk|Steel\n|move|p1b: Iron Bundle|Freeze-Dry|p2b: Goodra\n|-supereffective|p2b: Goodra\n|-damage|p2b: Goodra|0 fnt\n|faint|p2b: Goodra\n|move|p1a: Talonflame|Will-O-Wisp|p2a: Great Tusk\n|-status|p2a: Great Tusk|brn\n|move|p2a: Great Tusk|Close Combat|p1b: Iron Bundle\n|-supereffective|p1b: Iron Bundle\n|-damage|p1b: Iron Bundle|16\/100\n|-unboost|p2a: Great Tusk|def|1\n|-unboost|p2a: Great Tusk|spd|1\n|\n|-weather|Sandstorm|[upkeep]\n|-damage|p1b: Iron Bundle|10\/100|[from] Sandstorm\n|-damage|p1a: Talonflame|68\/100|[from] Sandstorm\n|-damage|p2a: Great Tusk|95\/100 brn|[from] brn\n|upkeep\n|\n|t:|1681896617\n|switch|p2b: Garchomp|Garchomp, L50, F|100\/100\n|turn|4\n|\n|t:|1681896636\n|move|p1b: Iron Bundle|Hydro Pump|p2a: Great Tusk\n|-damage|p2a: Great Tusk|0 fnt\n|faint|p2a: Great Tusk\n|-end|p2a: Great Tusk|Protosynthesis|[silent]\n|move|p1a: Talonflame|Will-O-Wisp|p2b: Garchomp\n|-status|p2b: Garchomp|brn\n|move|p2b: Garchomp|Dragon Claw|p1a: Talonflame\n|-damage|p1a: Talonflame|41\/100\n|\n|-weather|Sandstorm|[upkeep]\n|-damage|p1b: Iron Bundle|4\/100|[from] Sandstorm\n|-damage|p1a: Talonflame|35\/100|[from] Sandstorm\n|-damage|p2b: Garchomp|94\/100 brn|[from] brn\n|-sideend|p1: xiaoyang2004|move: Tailwind\n|upkeep\n|turn|5\n|-message|comprestrict forfeited.\n|\n|win|xiaoyang2004\n|raw|xiaoyang2004's rating: 1307 → 1322<\/strong> (+15 for winning)\n|raw|comprestrict's rating: 1211 → 1193<\/strong> (-18 for losing)\n|l|\u2606comprestrict\n","uploadtime":1681896664,"views":12,"p1id":"xiaoyang2004","p2id":"comprestrict","formatid":"gen9vgc2023regulationc","rating":1193,"private":0,"password":""}