{"id":"gen9vgc2023regulationc-1857502916","p1":"pokemon homo","p2":"Uahhhh","format":"[Gen 9] VGC 2023 Regulation C","log":"|j|\u2606pokemon homo\n|j|\u2606Uahhhh\n|t:|1683202379\n|gametype|doubles\n|player|p1|pokemon homo|rosa|\n|player|p2|Uahhhh|266|\n|teamsize|p1|6\n|teamsize|p2|6\n|gen|9\n|tier|[Gen 9] VGC 2023 Regulation C\n|rule|Species Clause: Limit one of each Pok\u00e9mon\n|rule|Item Clause: Limit one of each item\n|clearpoke\n|poke|p1|Chien-Pao, L50|\n|poke|p1|Dragonite, L50, F|\n|poke|p1|Ting-Lu, L50|\n|poke|p1|Gyarados, L50, F|\n|poke|p1|Flutter Mane, L50|\n|poke|p1|Amoonguss, L50, M|\n|poke|p2|Chi-Yu, L50|\n|poke|p2|Great Tusk, L50|\n|poke|p2|Iron Bundle, L50|\n|poke|p2|Gholdengo, L50|\n|poke|p2|Murkrow, L50, M|\n|poke|p2|Abomasnow, L50, F|\n|teampreview|4\npokemon homo has agreed to open team sheets.\nUahhhh has agreed to open team sheets.\n|inactive|Battle timer is ON: inactive players will automatically lose when time's up. (requested by Uahhhh)\n|j| Naiyaya\n|j| 99jiuli\n|j| frimaire21\n|l| Naiyaya\n|inactive|Uahhhh has 60 seconds left.\n|\n|t:|1683202455\n|start\n|switch|p1a: Ting-Lu|Ting-Lu, L50|100\/100\n|switch|p1b: Chien-Pao|Chien-Pao, L50|100\/100\n|switch|p2a: Abomasnow|Abomasnow, L50, F, shiny|100\/100\n|switch|p2b: \u5305\u88b1\u5305\u88b1|Iron Bundle, L50|100\/100\n|-ability|p1b: Chien-Pao|Sword of Ruin\n|-weather|Snow|[from] ability: Snow Warning|[of] p2a: Abomasnow\n|-ability|p1a: Ting-Lu|Vessel of Ruin\n|-enditem|p2b: \u5305\u88b1\u5305\u88b1|Booster Energy\n|-activate|p2b: \u5305\u88b1\u5305\u88b1|ability: Quark Drive|[fromitem]\n|-start|p2b: \u5305\u88b1\u5305\u88b1|quarkdrivespa\n|turn|1\n|inactive|pokemon homo has 30 seconds left.\n|inactive|pokemon homo has 20 seconds left.\n|\n|t:|1683202495\n|move|p1b: Chien-Pao|Sacred Sword|p2b: \u5305\u88b1\u5305\u88b1\n|-supereffective|p2b: \u5305\u88b1\u5305\u88b1\n|-damage|p2b: \u5305\u88b1\u5305\u88b1|43\/100\n|move|p2b: \u5305\u88b1\u5305\u88b1|Blizzard|p1a: Ting-Lu|[spread] p1a,p1b\n|-supereffective|p1a: Ting-Lu\n|-resisted|p1b: Chien-Pao\n|-damage|p1a: Ting-Lu|57\/100\n|-damage|p1b: Chien-Pao|66\/100\n|move|p2a: Abomasnow|Aurora Veil|p2a: Abomasnow\n|-sidestart|p2: Uahhhh|move: Aurora Veil\n|move|p1a: Ting-Lu|Ruination|p2a: Abomasnow|[miss]\n|-miss|p1a: Ting-Lu|p2a: Abomasnow\n|\n|-weather|Snow|[upkeep]\n|upkeep\n|turn|2\n|c| frimaire21|\u8fd9\n|inactive|pokemon homo has 30 seconds left.\n|inactive|Uahhhh has 30 seconds left.\n|\n|t:|1683202525\n|move|p1b: Chien-Pao|Protect|p1b: Chien-Pao\n|-singleturn|p1b: Chien-Pao|Protect\n|move|p2b: \u5305\u88b1\u5305\u88b1|Blizzard|p1a: Ting-Lu|[spread] p1a\n|-activate|p1b: Chien-Pao|move: Protect\n|-supereffective|p1a: Ting-Lu\n|-damage|p1a: Ting-Lu|16\/100\n|move|p2a: Abomasnow|Blizzard|p1b: Chien-Pao|[spread] p1a\n|-activate|p1b: Chien-Pao|move: Protect\n|-supereffective|p1a: Ting-Lu\n|-damage|p1a: Ting-Lu|0 fnt\n|faint|p1a: Ting-Lu\n|\n|-weather|Snow|[upkeep]\n|upkeep\n|\n|t:|1683202537\n|switch|p1a: Dragonite|Dragonite, L50, F|100\/100\n|turn|3\n|\n|t:|1683202548\n|-end|p2b: \u5305\u88b1\u5305\u88b1|Quark Drive|[silent]\n|switch|p2b: Gholdengo|Gholdengo, L50|100\/100\n|-terastallize|p1a: Dragonite|Normal\n|move|p1a: Dragonite|Extreme Speed|p2b: Gholdengo\n|-immune|p2b: Gholdengo\n|move|p1b: Chien-Pao|Sacred Sword|p2a: Abomasnow\n|-supereffective|p2a: Abomasnow\n|-damage|p2a: Abomasnow|63\/100\n|move|p2a: Abomasnow|Blizzard|p1b: Chien-Pao|[spread] p1a,p1b\n|-resisted|p1b: Chien-Pao\n|-damage|p1a: Dragonite|68\/100\n|-damage|p1b: Chien-Pao|35\/100\n|\n|-weather|Snow|[upkeep]\n|upkeep\n|turn|4\n|inactive|pokemon homo has 30 seconds left.\n|l| 99jiuli\n|\n|t:|1683202575\n|move|p1a: Dragonite|Extreme Speed|p2a: Abomasnow\n|-damage|p2a: Abomasnow|20\/100\n|move|p1b: Chien-Pao|Sacred Sword|p2a: Abomasnow\n|-supereffective|p2a: Abomasnow\n|-damage|p2a: Abomasnow|0 fnt\n|faint|p2a: Abomasnow\n|move|p2b: Gholdengo|Make It Rain|p1b: Chien-Pao|[spread] p1a,p1b\n|-supereffective|p1b: Chien-Pao\n|-damage|p1a: Dragonite|24\/100\n|-damage|p1b: Chien-Pao|0 fnt\n|-unboost|p2b: Gholdengo|spa|1\n|faint|p1b: Chien-Pao\n|\n|-weather|Snow|[upkeep]\n|upkeep\n|\n|t:|1683202592\n|switch|p1b: Flutter Mane|Flutter Mane, L50|100\/100\n|switch|p2a: Great Tusk|Great Tusk, L50|100\/100\n|-enditem|p1b: Flutter Mane|Booster Energy\n|-activate|p1b: Flutter Mane|ability: Protosynthesis|[fromitem]\n|-start|p1b: Flutter Mane|protosynthesisspa\n|turn|5\n|j| 99jiuli\n|inactive|pokemon homo has 30 seconds left.\n|inactive|Uahhhh has 30 seconds left.\n|c| frimaire21|\u611f\u89c9G\u4e86\n|inactive|Uahhhh has 20 seconds left.\n|inactive|Uahhhh has 15 seconds left.\n|inactive|Uahhhh has 10 seconds left.\n|inactive|Uahhhh has 5 seconds left.\n|\n|t:|1683202647\n|move|p1a: Dragonite|Extreme Speed|p2a: Great Tusk\n|-damage|p2a: Great Tusk|66\/100\n|move|p2a: Great Tusk|Earthquake|p1a: Dragonite|[spread] p2b,p1a,p1b\n|-supereffective|p2b: Gholdengo\n|-damage|p2b: Gholdengo|50\/100\n|-damage|p1a: Dragonite|0 fnt\n|-damage|p1b: Flutter Mane|28\/100\n|-enditem|p2b: Gholdengo|Sitrus Berry|[eat]\n|-heal|p2b: Gholdengo|75\/100|[from] item: Sitrus Berry\n|faint|p1a: Dragonite\n|move|p1b: Flutter Mane|Shadow Ball|p2b: Gholdengo\n|-supereffective|p2b: Gholdengo\n|-damage|p2b: Gholdengo|7\/100\n|-unboost|p2b: Gholdengo|spd|1\n|move|p2b: Gholdengo|Make It Rain|p1b: Flutter Mane\n|-supereffective|p1b: Flutter Mane\n|-damage|p1b: Flutter Mane|0 fnt\n|-unboost|p2b: Gholdengo|spa|1\n|faint|p1b: Flutter Mane\n|-end|p1b: Flutter Mane|Protosynthesis|[silent]\n|\n|win|Uahhhh\n|c|\u2606Uahhhh|gg\n|l|\u2606Uahhhh\n|l| frimaire21\n|l|\u2606pokemon homo\n|l| 99jiuli\n|j|\u2606pokemon homo\n|player|p1|pokemon homo|rosa\n","uploadtime":1683203041,"views":6,"p1id":"pokemonhomo","p2id":"uahhhh","formatid":"gen9vgc2023regulationc","rating":0,"private":0,"password":""}