{"id":"gen9vgc2023regulationc-1848082573","p1":"QrdeJegoMac","p2":"bombastic side eye","format":"[Gen 9] VGC 2023 Regulation C","log":"|j|\u2606QrdeJegoMac\n|j|\u2606bombastic side eye\n|t:|1682027664\n|gametype|doubles\n|player|p1|QrdeJegoMac|102|1580\n|player|p2|bombastic side eye|dahlia|1687\n|teamsize|p1|6\n|teamsize|p2|6\n|gen|9\n|tier|[Gen 9] VGC 2023 Regulation C\n|rated|\n|rule|Species Clause: Limit one of each Pok\u00e9mon\n|rule|Item Clause: Limit one of each item\n|clearpoke\n|poke|p1|Murkrow, L50, M|\n|poke|p1|Chi-Yu, L50|\n|poke|p1|Flutter Mane, L50|\n|poke|p1|Great Tusk, L50|\n|poke|p1|Brute Bonnet, L50|\n|poke|p1|Corviknight, L50, F|\n|poke|p2|Arcanine, L50, M|\n|poke|p2|Palafin, L50, F|\n|poke|p2|Amoonguss, L50, F|\n|poke|p2|Flutter Mane, L50|\n|poke|p2|Chien-Pao, L50|\n|poke|p2|Dragonite, L50, M|\n|teampreview|4\n|inactive|Battle timer is ON: inactive players will automatically lose when time's up. (requested by QrdeJegoMac)\n|j| HatingVGCsoMuch\n|inactive|bombastic side eye has 60 seconds left.\nQrdeJegoMac has agreed to open team sheets.\n|j| DeathToScarfChiYu\n|inactive|bombastic side eye has 30 seconds left.\n|inactive|bombastic side eye has 20 seconds left.\n|\n|t:|1682027736\n|start\n|switch|p1a: Great Tusk|Great Tusk, L50|100\/100\n|switch|p1b: Murkrow|Murkrow, L50, M, shiny|100\/100\n|switch|p2a: Dragonite|Dragonite, L50, M, shiny|100\/100\n|switch|p2b: Arcanine|Arcanine, L50, M|100\/100\n|-ability|p2b: Arcanine|Intimidate|boost\n|-unboost|p1a: Great Tusk|atk|1\n|-unboost|p1b: Murkrow|atk|1\n|turn|1\n|\n|t:|1682027756\n|-terastallize|p1a: Great Tusk|Steel\n|move|p1b: Murkrow|Sunny Day|p1b: Murkrow\n|-weather|SunnyDay\n|-activate|p1a: Great Tusk|ability: Protosynthesis\n|-start|p1a: Great Tusk|protosynthesisdef\n|move|p1a: Great Tusk|Headlong Rush|p2b: Arcanine\n|-supereffective|p2b: Arcanine\n|-damage|p2b: Arcanine|0 fnt\n|-unboost|p1a: Great Tusk|def|1\n|-unboost|p1a: Great Tusk|spd|1\n|faint|p2b: Arcanine\n|move|p2a: Dragonite|Tailwind|p2a: Dragonite\n|-sidestart|p2: bombastic side eye|move: Tailwind\n|\n|-weather|SunnyDay|[upkeep]\n|upkeep\n|\n|t:|1682027771\n|switch|p2b: Chien-Pao|Chien-Pao, L50|100\/100\n|-ability|p2b: Chien-Pao|Sword of Ruin\n|turn|2\n|\n|t:|1682027783\n|-end|p1a: Great Tusk|Protosynthesis|[silent]\n|switch|p1a: Corviknight|Corviknight, L50, F|100\/100\n|move|p2a: Dragonite|Extreme Speed|p1b: Murkrow\n|-damage|p1b: Murkrow|62\/100\n|move|p1b: Murkrow|Tailwind|p1b: Murkrow\n|-sidestart|p1: QrdeJegoMac|move: Tailwind\n|move|p2b: Chien-Pao|Sacred Sword|p1a: Corviknight\n|-damage|p1a: Corviknight|66\/100\n|\n|-weather|SunnyDay|[upkeep]\n|upkeep\n|turn|3\n|inactive|bombastic side eye has 30 seconds left.\n|l| HatingVGCsoMuch\n|inactive|bombastic side eye has 20 seconds left.\n|inactive|bombastic side eye has 15 seconds left.\n|inactive|bombastic side eye has 10 seconds left.\n|\n|t:|1682027830\n|-terastallize|p2a: Dragonite|Flying\n|move|p2b: Chien-Pao|Ice Spinner|p1a: Corviknight\n|-damage|p1a: Corviknight|15\/100\n|move|p2a: Dragonite|Tera Blast|p1b: Murkrow\n|-damage|p1b: Murkrow|0 fnt\n|faint|p1b: Murkrow\n|move|p1a: Corviknight|U-turn|p2b: Chien-Pao\n|-supereffective|p2b: Chien-Pao\n|-damage|p2b: Chien-Pao|18\/100\n|\n|t:|1682027843\n|switch|p1a: Flutter Mane|Flutter Mane, L50|100\/100|[from] U-turn\n|-activate|p1a: Flutter Mane|ability: Protosynthesis\n|-start|p1a: Flutter Mane|protosynthesisspa\n|\n|-weather|SunnyDay|[upkeep]\n|upkeep\n|\n|t:|1682027848\n|switch|p1b: Great Tusk|Great Tusk, L50, tera:Steel|100\/100\n|-activate|p1b: Great Tusk|ability: Protosynthesis\n|-start|p1b: Great Tusk|protosynthesisatk\n|turn|4\n|\n|t:|1682027869\n|-end|p1a: Flutter Mane|Protosynthesis|[silent]\n|switch|p1a: Corviknight|Corviknight, L50, F|15\/100\n|move|p1b: Great Tusk|Rock Slide|p2a: Dragonite|[spread] p2a,p2b\n|-supereffective|p2a: Dragonite\n|-supereffective|p2b: Chien-Pao\n|-damage|p2a: Dragonite|62\/100\n|-damage|p2b: Chien-Pao|0 fnt\n|faint|p2b: Chien-Pao\n|move|p2a: Dragonite|Tera Blast|p1a: Corviknight\n|-resisted|p1a: Corviknight\n|-damage|p1a: Corviknight|0 fnt\n|faint|p1a: Corviknight\n|\n|-weather|SunnyDay|[upkeep]\n|-sideend|p2: bombastic side eye|move: Tailwind\n|upkeep\n|\n|t:|1682027875\n|switch|p2b: Flutter Mane|Flutter Mane, L50|100\/100\n|switch|p1a: Flutter Mane|Flutter Mane, L50|100\/100\n|-activate|p1a: Flutter Mane|ability: Protosynthesis\n|-start|p1a: Flutter Mane|protosynthesisspa\n|-activate|p2b: Flutter Mane|ability: Protosynthesis\n|-start|p2b: Flutter Mane|protosynthesisspe\n|turn|5\n|\n|t:|1682027889\n|move|p2b: Flutter Mane|Protect|p2b: Flutter Mane\n|-singleturn|p2b: Flutter Mane|Protect\n|move|p1b: Great Tusk|Rock Slide|p2a: Dragonite|[spread] p2a\n|-activate|p2b: Flutter Mane|move: Protect\n|-supereffective|p2a: Dragonite\n|-damage|p2a: Dragonite|0 fnt\n|faint|p2a: Dragonite\n|move|p1a: Flutter Mane|Dazzling Gleam|p2b: Flutter Mane\n|-activate|p2b: Flutter Mane|move: Protect\n|\n|-weather|none\n|-end|p1b: Great Tusk|Protosynthesis\n|-end|p1a: Flutter Mane|Protosynthesis\n|-end|p2b: Flutter Mane|Protosynthesis\n|-sideend|p1: QrdeJegoMac|move: Tailwind\n|upkeep\n|-enditem|p2b: Flutter Mane|Booster Energy\n|-activate|p2b: Flutter Mane|ability: Protosynthesis|[fromitem]\n|-start|p2b: Flutter Mane|protosynthesisspe\n|turn|6\n|\n|t:|1682027904\n|move|p2b: Flutter Mane|Shadow Ball|p1a: Flutter Mane\n|-supereffective|p1a: Flutter Mane\n|-crit|p1a: Flutter Mane\n|-damage|p1a: Flutter Mane|0 fnt\n|faint|p1a: Flutter Mane\n|-end|p1a: Flutter Mane|Protosynthesis|[silent]\n|move|p1b: Great Tusk|Rock Slide|p2b: Flutter Mane\n|-crit|p2b: Flutter Mane\n|-damage|p2b: Flutter Mane|31\/100\n|\n|upkeep\n|turn|7\n|\n|t:|1682027915\n|move|p2b: Flutter Mane|Shadow Ball|p1b: Great Tusk\n|-damage|p1b: Great Tusk|40\/100\n|move|p1b: Great Tusk|Rock Slide|p2b: Flutter Mane\n|-damage|p2b: Flutter Mane|0 fnt\n|faint|p2b: Flutter Mane\n|-end|p2b: Flutter Mane|Protosynthesis|[silent]\n|\n|win|QrdeJegoMac\n|raw|QrdeJegoMac's rating: 1580 → 1605<\/strong> (+25 for winning)\n|raw|bombastic side eye's rating: 1669 → 1644<\/strong> (-25 for losing)\n|l|\u2606bombastic side eye\n|c|\u2606QrdeJegoMac|gg\n","uploadtime":1682027926,"views":5,"p1id":"qrdejegomac","p2id":"bombasticsideeye","formatid":"gen9vgc2023regulationc","rating":1605,"private":0,"password":""}