{"id":"gen9vgc2023regulationc-1849063527","p1":"JiangTang","p2":"Gazamie","format":"[Gen 9] VGC 2023 Regulation C","log":"|j|\u2606JiangTang\n|j|\u2606Gazamie\n|t:|1682148101\n|gametype|doubles\n|player|p1|JiangTang|red|1284\n|player|p2|Gazamie|unknownf|1375\n|teamsize|p1|6\n|teamsize|p2|6\n|gen|9\n|tier|[Gen 9] VGC 2023 Regulation C\n|rated|\n|rule|Species Clause: Limit one of each Pok\u00e9mon\n|rule|Item Clause: Limit one of each item\n|clearpoke\n|poke|p1|Lycanroc-Dusk, L50, M|\n|poke|p1|Chien-Pao, L50|\n|poke|p1|Grafaiai, L50, M|\n|poke|p1|Chi-Yu, L50|\n|poke|p1|Flutter Mane, L50|\n|poke|p1|Iron Bundle, L50|\n|poke|p2|Gholdengo, L50|\n|poke|p2|Tauros-Paldea-Aqua, L50, M|\n|poke|p2|Baxcalibur, L50, M|\n|poke|p2|Chi-Yu, L50|\n|poke|p2|Indeedee-F, L50, F|\n|poke|p2|Murkrow, L50, F|\n|teampreview|4\n|inactive|Battle timer is ON: inactive players will automatically lose when time's up. (requested by Gazamie)\n|\n|t:|1682148159\n|start\n|switch|p1a: Chi-Yu|Chi-Yu, L50|100\/100\n|switch|p1b: Flutter Mane|Flutter Mane, L50|100\/100\n|switch|p2a: Murkrow|Murkrow, L50, F|100\/100\n|switch|p2b: Gholdengo|Gholdengo, L50|100\/100\n|-ability|p1a: Chi-Yu|Beads of Ruin\n|turn|1\n|\n|t:|1682148182\n|-terastallize|p2b: Gholdengo|Water\n|move|p2a: Murkrow|Tailwind|p2a: Murkrow\n|-sidestart|p2: Gazamie|move: Tailwind\n|move|p2b: Gholdengo|Make It Rain|p1a: Chi-Yu|[spread] p1a,p1b\n|-resisted|p1a: Chi-Yu\n|-supereffective|p1b: Flutter Mane\n|-damage|p1a: Chi-Yu|78\/100\n|-damage|p1b: Flutter Mane|0 fnt\n|-unboost|p2b: Gholdengo|spa|1\n|faint|p1b: Flutter Mane\n|-end|p1b: Flutter Mane|Protosynthesis|[silent]\n|move|p1a: Chi-Yu|Heat Wave|p2a: Murkrow|[spread] p2a,p2b\n|-resisted|p2b: Gholdengo\n|-damage|p2a: Murkrow|27\/100\n|-damage|p2b: Gholdengo|71\/100\n|-status|p2a: Murkrow|brn\n|\n|-heal|p2b: Gholdengo|77\/100|[from] item: Leftovers\n|-damage|p2a: Murkrow|21\/100 brn|[from] brn\n|upkeep\n|\n|t:|1682148205\n|switch|p1b: Lycanroc|Lycanroc-Dusk, L50, M|100\/100\n|turn|2\n|\n|t:|1682148222\n|move|p2a: Murkrow|Feather Dance|p1b: Lycanroc\n|-unboost|p1b: Lycanroc|atk|2\n|move|p1b: Lycanroc|Accelerock|p2b: Gholdengo\n|-damage|p2b: Gholdengo|60\/100\n|-damage|p1b: Lycanroc|91\/100|[from] item: Life Orb\n|move|p2b: Gholdengo|Make It Rain|p1a: Chi-Yu|[spread] p1a,p1b\n|-resisted|p1a: Chi-Yu\n|-supereffective|p1b: Lycanroc\n|-damage|p1a: Chi-Yu|64\/100\n|-damage|p1b: Lycanroc|0 fnt\n|-unboost|p2b: Gholdengo|spa|1\n|faint|p1b: Lycanroc\n|move|p1a: Chi-Yu|Heat Wave|p2a: Murkrow|[spread] p2a,p2b\n|-resisted|p2b: Gholdengo\n|-damage|p2a: Murkrow|0 fnt\n|-damage|p2b: Gholdengo|30\/100\n|faint|p2a: Murkrow\n|\n|-heal|p2b: Gholdengo|36\/100|[from] item: Leftovers\n|upkeep\n|inactive|Gazamie has 30 seconds left.\n|\n|t:|1682148249\n|switch|p1b: Iron Bundle|Iron Bundle, L50, shiny|100\/100\n|switch|p2a: Tauros|Tauros-Paldea-Aqua, L50, M|100\/100\n|-ability|p2a: Tauros|Intimidate|boost\n|-unboost|p1a: Chi-Yu|atk|1\n|-unboost|p1b: Iron Bundle|atk|1\n|-enditem|p1b: Iron Bundle|Booster Energy\n|-activate|p1b: Iron Bundle|ability: Quark Drive|[fromitem]\n|-start|p1b: Iron Bundle|quarkdrivespe\n|turn|3\n|inactive|JiangTang has 30 seconds left.\n|\n|t:|1682148278\n|-terastallize|p1b: Iron Bundle|Water\n|move|p2a: Tauros|Close Combat|p1b: Iron Bundle\n|-damage|p1b: Iron Bundle|39\/100\n|-unboost|p2a: Tauros|def|1\n|-unboost|p2a: Tauros|spd|1\n|move|p2b: Gholdengo|Make It Rain|p1a: Chi-Yu|[spread] p1a,p1b\n|-resisted|p1a: Chi-Yu\n|-resisted|p1b: Iron Bundle\n|-damage|p1a: Chi-Yu|53\/100\n|-damage|p1b: Iron Bundle|20\/100\n|-unboost|p2b: Gholdengo|spa|1\n|move|p1b: Iron Bundle|Freeze-Dry|p2b: Gholdengo\n|-supereffective|p2b: Gholdengo\n|-damage|p2b: Gholdengo|0 fnt\n|faint|p2b: Gholdengo\n|move|p1a: Chi-Yu|Heat Wave|p2a: Tauros\n|-resisted|p2a: Tauros\n|-damage|p2a: Tauros|10\/100\n|\n|upkeep\n|\n|t:|1682148296\n|switch|p2b: Baxcalibur|Baxcalibur, L50, M|100\/100\n|turn|4\n|\n|t:|1682148313\n|move|p1b: Iron Bundle|Protect|p1b: Iron Bundle\n|-singleturn|p1b: Iron Bundle|Protect\n|move|p2a: Tauros|Close Combat|p1b: Iron Bundle\n|-activate|p1b: Iron Bundle|move: Protect\n|move|p2b: Baxcalibur|Glaive Rush|p1a: Chi-Yu\n|-damage|p1a: Chi-Yu|0 fnt\n|-singlemove|p2b: Baxcalibur|Glaive Rush|[silent]\n|faint|p1a: Chi-Yu\n|\n|-sideend|p2: Gazamie|move: Tailwind\n|upkeep\n|turn|5\n|\n|t:|1682148333\n|move|p2a: Tauros|Aqua Jet|p1b: Iron Bundle\n|-resisted|p1b: Iron Bundle\n|-damage|p1b: Iron Bundle|9\/100\n|move|p1b: Iron Bundle|Freeze-Dry|p2a: Tauros\n|-supereffective|p2a: Tauros\n|-damage|p2a: Tauros|0 fnt\n|faint|p2a: Tauros\n|move|p2b: Baxcalibur|Glaive Rush|p1b: Iron Bundle\n|-damage|p1b: Iron Bundle|0 fnt\n|-singlemove|p2b: Baxcalibur|Glaive Rush|[silent]\n|faint|p1b: Iron Bundle\n|-end|p1b: Iron Bundle|Quark Drive|[silent]\n|\n|win|Gazamie\n|raw|JiangTang's rating: 1284 → 1265<\/strong> (-19 for losing)\n|raw|Gazamie's rating: 1375 → 1390<\/strong> (+15 for winning)\n|l|\u2606Gazamie\n","uploadtime":1682148348,"views":7,"p1id":"jiangtang","p2id":"gazamie","formatid":"gen9vgc2023regulationc","rating":1265,"private":0,"password":""}