{"id":"gen9vgc2023regulationc-1850076542","p1":"Jstardude","p2":"jayballester","format":"[Gen 9] VGC 2023 Regulation C","log":"|j|\u2606Jstardude\n|j|\u2606jayballester\n|t:|1682284587\n|gametype|doubles\n|player|p1|Jstardude|265|\n|player|p2|jayballester|riley|\n|teamsize|p1|6\n|teamsize|p2|6\n|gen|9\n|tier|[Gen 9] VGC 2023 Regulation C\n|rule|Species Clause: Limit one of each Pok\u00e9mon\n|rule|Item Clause: Limit one of each item\n|clearpoke\n|poke|p1|Skeledirge, L50, F|\n|poke|p1|Murkrow, L50, F|\n|poke|p1|Hariyama, L50, F|\n|poke|p1|Baxcalibur, L50, F|\n|poke|p1|Gyarados, L50, F|\n|poke|p1|Tyranitar, L50, F|\n|poke|p2|Garganacl, L50, M|\n|poke|p2|Tyranitar, L50, F|\n|poke|p2|Lycanroc, L50, F|\n|poke|p2|Toedscool, L50, M|\n|poke|p2|Palafin, L50, F|\n|poke|p2|Noivern, L50, F|\n|teampreview|4\n|j| Tuxmux\n|\n|t:|1682284656\n|start\n|switch|p1a: Murkrow|Murkrow, L50, F|100\/100\n|switch|p1b: Gyarados|Gyarados, L50, F|100\/100\n|switch|p2a: this team sucks|Tyranitar, L50, F|100\/100\n|switch|p2b: u drafted this fr?|Lycanroc, L50, F|100\/100\n|-weather|Sandstorm|[from] ability: Sand Stream|[of] p2a: this team sucks\n|-ability|p1b: Gyarados|Intimidate|boost\n|-unboost|p2a: this team sucks|atk|1\n|-unboost|p2b: u drafted this fr?|atk|1\n|turn|1\n|\n|t:|1682284685\n|move|p1b: Gyarados|Protect|p1b: Gyarados\n|-singleturn|p1b: Gyarados|Protect\n|move|p1a: Murkrow|Tailwind|p1a: Murkrow\n|-sidestart|p1: Jstardude|move: Tailwind\n|move|p2b: u drafted this fr?|Rock Slide|p1a: Murkrow|[spread] p1a\n|-activate|p1b: Gyarados|move: Protect\n|-supereffective|p1a: Murkrow\n|-damage|p1a: Murkrow|39\/100\n|move|p2a: this team sucks|Rock Slide|p1a: Murkrow|[spread] p1a\n|-activate|p1b: Gyarados|move: Protect\n|-supereffective|p1a: Murkrow\n|-damage|p1a: Murkrow|0 fnt\n|faint|p1a: Murkrow\n|\n|-weather|Sandstorm|[upkeep]\n|upkeep\n|\n|t:|1682284698\n|switch|p1a: Hariyama|Hariyama, L50, F|100\/100\n|turn|2\n|\n|t:|1682284731\n|switch|p1b: Skeledirge|Skeledirge, L50, F|100\/100\n|switch|p2a: actually goated|Noivern, L50, F|100\/100\n|-item|p1a: Hariyama|Flame Orb|[from] ability: Frisk|[of] p2a: actually goated|[identify]\n|-item|p1b: Skeledirge|Leftovers|[from] ability: Frisk|[of] p2a: actually goated|[identify]\n|move|p2b: u drafted this fr?|Protect|p2b: u drafted this fr?\n|-singleturn|p2b: u drafted this fr?|Protect\n|move|p1a: Hariyama|Drain Punch|p2a: actually goated\n|-resisted|p2a: actually goated\n|-crit|p2a: actually goated\n|-damage|p2a: actually goated|68\/100\n|-enditem|p2a: actually goated|Eject Button\n|\n|t:|1682284745\n|switch|p2a: this team sucks|Tyranitar, L50, F|100\/100\n|\n|-weather|Sandstorm|[upkeep]\n|-damage|p1b: Skeledirge|94\/100|[from] Sandstorm\n|-damage|p1a: Hariyama|95\/100|[from] Sandstorm\n|-heal|p1b: Skeledirge|100\/100|[from] item: Leftovers\n|-status|p1a: Hariyama|brn|[from] item: Flame Orb\n|upkeep\n|turn|3\n|\n|t:|1682284810\n|switch|p1a: Gyarados|Gyarados, L50, F|100\/100\n|-ability|p1a: Gyarados|Intimidate|boost\n|-unboost|p2a: this team sucks|atk|1\n|-unboost|p2b: u drafted this fr?|atk|1\n|-terastallize|p1b: Skeledirge|Grass\n|-terastallize|p2a: this team sucks|Flying\n|move|p2b: u drafted this fr?|Rock Slide|p1a: Gyarados|[spread] p1a,p1b\n|-supereffective|p1a: Gyarados\n|-damage|p1a: Gyarados|75\/100\n|-damage|p1b: Skeledirge|79\/100\n|cant|p1b: Skeledirge|flinch\n|move|p2a: this team sucks|Tera Blast|p1a: Gyarados\n|-damage|p1a: Gyarados|48\/100\n|\n|-weather|Sandstorm|[upkeep]\n|-damage|p1b: Skeledirge|73\/100|[from] Sandstorm\n|-damage|p2a: this team sucks|95\/100|[from] Sandstorm\n|-heal|p1b: Skeledirge|79\/100|[from] item: Leftovers\n|upkeep\n|turn|4\n|\n|t:|1682284840\n|move|p2b: u drafted this fr?|Rock Slide|p1b: Skeledirge|[spread] p1a,p1b\n|-supereffective|p1a: Gyarados\n|-damage|p1a: Gyarados|23\/100\n|-damage|p1b: Skeledirge|53\/100\n|move|p1a: Gyarados|Thunder Wave|p2a: this team sucks\n|-status|p2a: this team sucks|par\n|move|p1b: Skeledirge|Tera Blast|p2b: u drafted this fr?\n|-supereffective|p2b: u drafted this fr?\n|-damage|p2b: u drafted this fr?|11\/100\n|move|p2a: this team sucks|Tera Blast|p1b: Skeledirge\n|-supereffective|p1b: Skeledirge\n|-damage|p1b: Skeledirge|0 fnt\n|faint|p1b: Skeledirge\n|\n|-weather|Sandstorm|[upkeep]\n|-damage|p2a: this team sucks|89\/100 par|[from] Sandstorm\n|-sideend|p1: Jstardude|move: Tailwind\n|upkeep\n|\n|t:|1682284853\n|switch|p1b: Hariyama|Hariyama, L50, F|95\/100 brn\n|turn|5\n|\n|t:|1682284898\n|switch|p2b: overrated asf|Garganacl, L50, M|100\/100\n|switch|p2a: actually goated|Noivern, L50, F|68\/100\n|-item|p1a: Gyarados|Safety Goggles|[from] ability: Frisk|[of] p2a: actually goated|[identify]\n|-item|p1b: Hariyama|Flame Orb|[from] ability: Frisk|[of] p2a: actually goated|[identify]\n|move|p1b: Hariyama|Fake Out|p2b: overrated asf\n|-resisted|p2b: overrated asf\n|-damage|p2b: overrated asf|93\/100\n|move|p1a: Gyarados|Waterfall|p2a: actually goated\n|-resisted|p2a: actually goated\n|-damage|p2a: actually goated|43\/100\n|\n|-weather|none\n|-heal|p2b: overrated asf|99\/100|[from] item: Leftovers\n|-damage|p1b: Hariyama|89\/100 brn|[from] brn\n|upkeep\n|turn|6\n|\n|t:|1682284961\n|move|p2a: actually goated|Protect|p2a: actually goated\n|-singleturn|p2a: actually goated|Protect\n|move|p1a: Gyarados|Waterfall|p2b: overrated asf\n|-supereffective|p2b: overrated asf\n|-crit|p2b: overrated asf\n|-damage|p2b: overrated asf|15\/100\n|move|p1b: Hariyama|Ice Punch|p2a: actually goated\n|-activate|p2a: actually goated|move: Protect\n|move|p2b: overrated asf|Salt Cure|p1b: Hariyama\n|-resisted|p1b: Hariyama\n|-damage|p1b: Hariyama|81\/100 brn\n|-start|p1b: Hariyama|Salt Cure\n|\n|-heal|p2b: overrated asf|21\/100|[from] item: Leftovers\n|-damage|p1b: Hariyama|75\/100 brn|[from] brn\n|-damage|p1b: Hariyama|63\/100 brn|[from] Salt Cure\n|upkeep\n|turn|7\n|\n|t:|1682284985\n|move|p2a: actually goated|Draco Meteor|p1a: Gyarados\n|-damage|p1a: Gyarados|0 fnt\n|-unboost|p2a: actually goated|spa|2\n|faint|p1a: Gyarados\n|move|p1b: Hariyama|Ice Punch|p2a: actually goated\n|-supereffective|p2a: actually goated\n|-damage|p2a: actually goated|0 fnt\n|faint|p2a: actually goated\n|move|p2b: overrated asf|Body Press|p1b: Hariyama\n|-damage|p1b: Hariyama|38\/100 brn\n|\n|-heal|p2b: overrated asf|27\/100|[from] item: Leftovers\n|-damage|p1b: Hariyama|32\/100 brn|[from] brn\n|-damage|p1b: Hariyama|20\/100 brn|[from] Salt Cure\n|upkeep\n|\n|t:|1682285000\n|switch|p2a: u drafted this fr?|Lycanroc, L50, F|11\/100\n|turn|8\n|c|\u2606Jstardude|GG\n|c|\u2606jayballester|gg\n|\n|t:|1682285011\n|move|p2a: u drafted this fr?|Close Combat|p1b: Hariyama\n|-damage|p1b: Hariyama|0 fnt\n|-unboost|p2a: u drafted this fr?|def|1\n|-unboost|p2a: u drafted this fr?|spd|1\n|faint|p1b: Hariyama\n|\n|win|jayballester\n","uploadtime":1682285019,"views":9,"p1id":"jstardude","p2id":"jayballester","formatid":"gen9vgc2023regulationc","rating":0,"private":0,"password":""}