{"id":"gen9vgc2023regulationc-1855764862","p1":"herofire81","p2":"eggplanet07","format":"[Gen 9] VGC 2023 Regulation C","log":"|j|\u2606herofire81\n|j|\u2606eggplanet07\n|t:|1682981480\n|gametype|doubles\n|player|p1|herofire81|266|1351\n|player|p2|eggplanet07|rosa|1363\n|teamsize|p1|6\n|teamsize|p2|6\n|gen|9\n|tier|[Gen 9] VGC 2023 Regulation C\n|rated|\n|rule|Species Clause: Limit one of each Pok\u00e9mon\n|rule|Item Clause: Limit one of each item\n|clearpoke\n|poke|p1|Palafin, L50, M|\n|poke|p1|Amoonguss, L50, M|\n|poke|p1|Armarouge, L50, M|\n|poke|p1|Ting-Lu, L50|\n|poke|p1|Annihilape, L50, F|\n|poke|p1|Dragonite, L50, F|\n|poke|p2|Raichu, L50, M|\n|poke|p2|Azumarill, L50, M|\n|poke|p2|Amoonguss, L50, F|\n|poke|p2|Gyarados, L50, F|\n|poke|p2|Flutter Mane, L50|\n|poke|p2|Palafin, L50, M|\n|teampreview|4\n|inactive|Battle timer is ON: inactive players will automatically lose when time's up. (requested by eggplanet07)\n|inactive|herofire81 has 60 seconds left.\n|inactive|eggplanet07 has 60 seconds left.\n|\n|t:|1682981531\n|start\n|switch|p1a: Ting-Lu|Ting-Lu, L50|100\/100\n|switch|p1b: Armarouge|Armarouge, L50, M|100\/100\n|switch|p2a: Palafin|Palafin, L50, M|100\/100\n|switch|p2b: Flutter Mane|Flutter Mane, L50, shiny|100\/100\n|-ability|p1a: Ting-Lu|Vessel of Ruin\n|-enditem|p2b: Flutter Mane|Booster Energy\n|-activate|p2b: Flutter Mane|ability: Protosynthesis|[fromitem]\n|-start|p2b: Flutter Mane|protosynthesisspa\n|turn|1\n|inactive|eggplanet07 has 30 seconds left.\n|\n|t:|1682981559\n|-terastallize|p1a: Ting-Lu|Poison\n|move|p2b: Flutter Mane|Protect|p2b: Flutter Mane\n|-singleturn|p2b: Flutter Mane|Protect\n|move|p2a: Palafin|Protect|p2a: Palafin\n|-singleturn|p2a: Palafin|Protect\n|move|p1a: Ting-Lu|Heavy Slam|p2b: Flutter Mane\n|-activate|p2b: Flutter Mane|move: Protect\n|move|p1b: Armarouge|Trick Room|p1b: Armarouge\n|-fieldstart|move: Trick Room|[of] p1b: Armarouge\n|\n|upkeep\n|turn|2\n|\n|t:|1682981577\n|-end|p2b: Flutter Mane|Protosynthesis|[silent]\n|switch|p2b: Amoonguss|Amoonguss, L50, F|100\/100\n|move|p1a: Ting-Lu|Stomping Tantrum|p2a: Palafin\n|-damage|p2a: Palafin|61\/100\n|move|p1b: Armarouge|Psychic|p2a: Palafin\n|-damage|p2a: Palafin|23\/100\n|move|p2a: Palafin|Wave Crash|p1b: Armarouge\n|-supereffective|p1b: Armarouge\n|-damage|p1b: Armarouge|12\/100\n|-damage|p2a: Palafin|0 fnt|[from] Recoil\n|faint|p2a: Palafin\n|\n|upkeep\n|\n|t:|1682981589\n|switch|p2a: Flutter Mane|Flutter Mane, L50, shiny|100\/100\n|turn|3\n|inactive|eggplanet07 has 30 seconds left.\n|\n|t:|1682981617\n|switch|p1a: Annihilape|Annihilape, L50, F|100\/100\n|move|p2a: Flutter Mane|Protect|p2a: Flutter Mane\n|-singleturn|p2a: Flutter Mane|Protect\n|move|p2b: Amoonguss|Spore|p1a: Annihilape\n|-immune|p1a: Annihilape|[from] ability: Vital Spirit\n|move|p1b: Armarouge|Heat Wave|p2b: Amoonguss|[spread] p2b\n|-activate|p2a: Flutter Mane|move: Protect\n|-supereffective|p2b: Amoonguss\n|-damage|p2b: Amoonguss|37\/100\n|\n|upkeep\n|turn|4\n|\n|t:|1682981632\n|move|p2b: Amoonguss|Protect|p2b: Amoonguss\n|-singleturn|p2b: Amoonguss|Protect\n|move|p1b: Armarouge|Heat Wave|p2b: Amoonguss|[spread] p2a\n|-activate|p2b: Amoonguss|move: Protect\n|-damage|p2a: Flutter Mane|65\/100\n|move|p1a: Annihilape|Rage Fist|p2a: Flutter Mane\n|-supereffective|p2a: Flutter Mane\n|-damage|p2a: Flutter Mane|0 fnt\n|faint|p2a: Flutter Mane\n|-end|p2a: Flutter Mane|Protosynthesis|[silent]\n|\n|upkeep\n|\n|t:|1682981641\n|switch|p2a: Azumarill|Azumarill, L50, M, shiny|100\/100\n|turn|5\n|\n|t:|1682981652\n|-terastallize|p2b: Amoonguss|Water\n|move|p2b: Amoonguss|Spore|p1b: Armarouge\n|-activate|p1b: Armarouge|item: Safety Goggles|Spore\n|move|p2a: Azumarill|Play Rough|p1a: Annihilape\n|-supereffective|p1a: Annihilape\n|-damage|p1a: Annihilape|0 fnt\n|faint|p1a: Annihilape\n|move|p1b: Armarouge|Heat Wave|p2b: Amoonguss|[spread] p2a,p2b\n|-resisted|p2a: Azumarill\n|-resisted|p2b: Amoonguss\n|-damage|p2a: Azumarill|82\/100\n|-damage|p2b: Amoonguss|20\/100\n|\n|-fieldend|move: Trick Room\n|upkeep\n|\n|t:|1682981663\n|switch|p1a: Ting-Lu|Ting-Lu, L50, tera:Poison|100\/100\n|-ability|p1a: Ting-Lu|Vessel of Ruin\n|turn|6\n|\n|t:|1682981677\n|move|p1b: Armarouge|Protect|p1b: Armarouge\n|-singleturn|p1b: Armarouge|Protect\n|move|p2b: Amoonguss|Protect|p2b: Amoonguss\n|-singleturn|p2b: Amoonguss|Protect\n|move|p2a: Azumarill|Play Rough|p1b: Armarouge\n|-activate|p1b: Armarouge|move: Protect\n|move|p1a: Ting-Lu|Stomping Tantrum|p2b: Amoonguss\n|-activate|p2b: Amoonguss|move: Protect\n|\n|upkeep\n|turn|7\n|\n|t:|1682981688\n|move|p2b: Amoonguss|Protect||[still]\n|-fail|p2b: Amoonguss\n|move|p1b: Armarouge|Psychic|p2b: Amoonguss\n|-damage|p2b: Amoonguss|0 fnt\n|faint|p2b: Amoonguss\n|move|p2a: Azumarill|Play Rough|p1b: Armarouge\n|-resisted|p1b: Armarouge\n|-damage|p1b: Armarouge|0 fnt\n|faint|p1b: Armarouge\n|move|p1a: Ting-Lu|Stomping Tantrum|p2a: Azumarill\n|-damage|p2a: Azumarill|45\/100\n|\n|upkeep\n|\n|t:|1682981698\n|switch|p1b: Dragonite|Dragonite, L50, F|100\/100\n|turn|8\n|\n|t:|1682981703\n|move|p1b: Dragonite|Extreme Speed|p2a: Azumarill\n|-damage|p2a: Azumarill|0 fnt\n|faint|p2a: Azumarill\n|\n|win|herofire81\n|raw|herofire81's rating: 1351 → 1372<\/strong> (+21 for winning)\n|raw|eggplanet07's rating: 1363 → 1342<\/strong> (-21 for losing)\n","uploadtime":1682981708,"views":16,"p1id":"herofire81","p2id":"eggplanet07","formatid":"gen9vgc2023regulationc","rating":1342,"private":0,"password":""}