{"id":"gen9vgc2023regulationc-1861742547","p1":"runningcatdog","p2":"Jscoot12","format":"[Gen 9] VGC 2023 Regulation C","log":"|j|\u2606runningcatdog\n|j|\u2606Jscoot12\n|t:|1683803107\n|gametype|doubles\n|player|p1|runningcatdog|101|1347\n|player|p2|Jscoot12|2|1341\n|teamsize|p1|6\n|teamsize|p2|6\n|gen|9\n|tier|[Gen 9] VGC 2023 Regulation C\n|rated|\n|rule|Species Clause: Limit one of each Pok\u00e9mon\n|rule|Item Clause: Limit one of each item\n|clearpoke\n|poke|p1|Garganacl, L50, F|\n|poke|p1|Ting-Lu, L50|\n|poke|p1|Roaring Moon, L50|\n|poke|p1|Iron Bundle, L50|\n|poke|p1|Amoonguss, L50, M|\n|poke|p1|Arcanine, L50, M|\n|poke|p2|Orthworm, L50, M|\n|poke|p2|Gyarados, L50, M|\n|poke|p2|Dragonite, L50, M|\n|poke|p2|Flutter Mane, L50|\n|poke|p2|Ting-Lu, L50|\n|poke|p2|Ceruledge, L50, F|\n|teampreview|4\n|\n|t:|1683803125\n|start\n|switch|p1a: Garganacl|Garganacl, L50, F|100\/100\n|switch|p1b: Arcanine|Arcanine, L50, M|100\/100\n|switch|p2a: Flutter Mane|Flutter Mane, L50|100\/100\n|switch|p2b: Ceruledge|Ceruledge, L50, F|100\/100\n|-ability|p1b: Arcanine|Intimidate|boost\n|-unboost|p2a: Flutter Mane|atk|1\n|-unboost|p2b: Ceruledge|atk|1\n|-enditem|p2a: Flutter Mane|Booster Energy\n|-activate|p2a: Flutter Mane|ability: Protosynthesis|[fromitem]\n|-start|p2a: Flutter Mane|protosynthesisspe\n|turn|1\n|inactive|Battle timer is ON: inactive players will automatically lose when time's up. (requested by runningcatdog)\n|\n|t:|1683803153\n|move|p2a: Flutter Mane|Shadow Ball|p1b: Arcanine\n|-damage|p1b: Arcanine|63\/100\n|move|p1b: Arcanine|Flare Blitz|p2a: Flutter Mane\n|-damage|p2a: Flutter Mane|31\/100\n|-damage|p1b: Arcanine|47\/100|[from] Recoil\n|move|p2b: Ceruledge|Bitter Blade|p1b: Arcanine\n|-resisted|p1b: Arcanine\n|-damage|p1b: Arcanine|31\/100\n|move|p1a: Garganacl|Salt Cure|p2b: Ceruledge\n|-supereffective|p2b: Ceruledge\n|-damage|p2b: Ceruledge|63\/100\n|-start|p2b: Ceruledge|Salt Cure\n|\n|-damage|p2b: Ceruledge|51\/100|[from] Salt Cure\n|upkeep\n|turn|2\n|inactive|Jscoot12 has 30 seconds left.\n|\n|t:|1683803184\n|switch|p2b: Ting-Lu|Ting-Lu, L50|100\/100\n|-ability|p2b: Ting-Lu|Vessel of Ruin\n|move|p1b: Arcanine|Protect|p1b: Arcanine\n|-singleturn|p1b: Arcanine|Protect\n|move|p2a: Flutter Mane|Shadow Ball|p1a: Garganacl\n|-damage|p1a: Garganacl|91\/100\n|-unboost|p1a: Garganacl|spd|1\n|move|p1a: Garganacl|Salt Cure|p2a: Flutter Mane\n|-damage|p2a: Flutter Mane|12\/100\n|-start|p2a: Flutter Mane|Salt Cure\n|\n|-heal|p1a: Garganacl|97\/100|[from] item: Leftovers\n|-damage|p2a: Flutter Mane|0 fnt|[from] Salt Cure\n|faint|p2a: Flutter Mane\n|-end|p2a: Flutter Mane|Protosynthesis|[silent]\n|upkeep\n|\n|t:|1683803203\n|switch|p2a: Orthworm|Orthworm, L50, M|100\/100\n|turn|3\n|\n|t:|1683803215\n|switch|p1b: Iron Bundle|Iron Bundle, L50|100\/100\n|-terastallize|p1a: Garganacl|Ghost\n|move|p2a: Orthworm|Iron Defense|p2a: Orthworm\n|-boost|p2a: Orthworm|def|2\n|move|p2b: Ting-Lu|Earthquake|p1a: Garganacl|[spread] p1a,p1b\n|-immune|p2a: Orthworm|[from] ability: Earth Eater\n|-damage|p1a: Garganacl|74\/100\n|-damage|p1b: Iron Bundle|60\/100\n|move|p1a: Garganacl|Salt Cure|p2a: Orthworm\n|-resisted|p2a: Orthworm\n|-damage|p2a: Orthworm|98\/100\n|-start|p2a: Orthworm|Salt Cure\n|\n|-heal|p1a: Garganacl|80\/100|[from] item: Leftovers\n|-damage|p2a: Orthworm|73\/100|[from] Salt Cure\n|upkeep\n|turn|4\n|inactive|Jscoot12 has 30 seconds left.\n|\n|t:|1683803241\n|-terastallize|p2b: Ting-Lu|Water\n|move|p1b: Iron Bundle|Encore|p2a: Orthworm\n|-start|p2a: Orthworm|Encore\n|move|p2a: Orthworm|Iron Defense|p2a: Orthworm\n|-boost|p2a: Orthworm|def|2\n|move|p2b: Ting-Lu|Earthquake|p1a: Garganacl|[spread] p1a,p1b\n|-heal|p2a: Orthworm|98\/100|[from] ability: Earth Eater|[of] p2b: Ting-Lu\n|-damage|p1a: Garganacl|55\/100\n|-damage|p1b: Iron Bundle|18\/100\n|move|p1a: Garganacl|Salt Cure|p2b: Ting-Lu\n|-damage|p2b: Ting-Lu|92\/100\n|-start|p2b: Ting-Lu|Salt Cure\n|\n|-heal|p1a: Garganacl|61\/100|[from] item: Leftovers\n|-damage|p2a: Orthworm|73\/100|[from] Salt Cure\n|-damage|p2b: Ting-Lu|68\/100|[from] Salt Cure\n|upkeep\n|turn|5\n|\n|t:|1683803265\n|move|p1b: Iron Bundle|Freeze-Dry|p2b: Ting-Lu\n|-supereffective|p2b: Ting-Lu\n|-damage|p2b: Ting-Lu|42\/100\n|move|p2a: Orthworm|Iron Defense|p2a: Orthworm\n|-boost|p2a: Orthworm|def|2\n|move|p2b: Ting-Lu|Earthquake|p1b: Iron Bundle|[spread] p1a,p1b\n|-heal|p2a: Orthworm|98\/100|[from] ability: Earth Eater|[of] p2b: Ting-Lu\n|-damage|p1a: Garganacl|34\/100\n|-damage|p1b: Iron Bundle|0 fnt\n|faint|p1b: Iron Bundle\n|-end|p1b: Iron Bundle|Quark Drive|[silent]\n|move|p1a: Garganacl|Recover|p1a: Garganacl\n|-heal|p1a: Garganacl|85\/100\n|\n|-heal|p1a: Garganacl|90\/100|[from] item: Leftovers\n|-damage|p2a: Orthworm|73\/100|[from] Salt Cure\n|-damage|p2b: Ting-Lu|17\/100|[from] Salt Cure\n|upkeep\n|\n|t:|1683803283\n|switch|p1b: Arcanine|Arcanine, L50, M|31\/100\n|-ability|p1b: Arcanine|Intimidate|boost\n|-unboost|p2a: Orthworm|atk|1\n|-unboost|p2b: Ting-Lu|atk|1\n|turn|6\n|\n|t:|1683803293\n|move|p1b: Arcanine|Protect|p1b: Arcanine\n|-singleturn|p1b: Arcanine|Protect\n|move|p2a: Orthworm|Iron Defense|p2a: Orthworm\n|-boost|p2a: Orthworm|def|0\n|move|p2b: Ting-Lu|Earthquake|p1a: Garganacl|[spread] p1a\n|-activate|p1b: Arcanine|move: Protect\n|-heal|p2a: Orthworm|98\/100|[from] ability: Earth Eater|[of] p2b: Ting-Lu\n|-damage|p1a: Garganacl|74\/100\n|move|p1a: Garganacl|Recover|p1a: Garganacl\n|-heal|p1a: Garganacl|100\/100\n|\n|-damage|p2a: Orthworm|73\/100|[from] Salt Cure\n|-damage|p2b: Ting-Lu|0 fnt|[from] Salt Cure\n|faint|p2b: Ting-Lu\n|-end|p2a: Orthworm|Encore\n|upkeep\n|\n|t:|1683803311\n|switch|p2b: Ceruledge|Ceruledge, L50, F|51\/100\n|turn|7\n|\n|t:|1683803321\n|switch|p1b: Ting-Lu|Ting-Lu, L50|100\/100\n|-ability|p1b: Ting-Lu|Vessel of Ruin\n|move|p2b: Ceruledge|Shadow Sneak|p1a: Garganacl\n|-supereffective|p1a: Garganacl\n|-damage|p1a: Garganacl|85\/100\n|move|p2a: Orthworm|Body Press|p1b: Ting-Lu\n|-supereffective|p1b: Ting-Lu\n|-damage|p1b: Ting-Lu|0 fnt\n|faint|p1b: Ting-Lu\n|move|p1a: Garganacl|Salt Cure|p2b: Ceruledge\n|-supereffective|p2b: Ceruledge\n|-damage|p2b: Ceruledge|17\/100\n|-start|p2b: Ceruledge|Salt Cure\n|\n|-heal|p1a: Garganacl|91\/100|[from] item: Leftovers\n|-damage|p2b: Ceruledge|5\/100|[from] Salt Cure\n|-damage|p2a: Orthworm|48\/100|[from] Salt Cure\n|upkeep\n|-enditem|p2a: Orthworm|Sitrus Berry|[eat]\n|-heal|p2a: Orthworm|73\/100|[from] item: Sitrus Berry\n|\n|t:|1683803338\n|switch|p1b: Arcanine|Arcanine, L50, M|31\/100\n|-ability|p1b: Arcanine|Intimidate|boost\n|-unboost|p2a: Orthworm|atk|1\n|-unboost|p2b: Ceruledge|atk|1\n|turn|8\n|\n|t:|1683803356\n|move|p1b: Arcanine|Protect|p1b: Arcanine\n|-singleturn|p1b: Arcanine|Protect\n|move|p1a: Garganacl|Protect|p1a: Garganacl\n|-singleturn|p1a: Garganacl|Protect\n|move|p2b: Ceruledge|Shadow Sneak|p1b: Arcanine\n|-activate|p1b: Arcanine|move: Protect\n|move|p2a: Orthworm|Heavy Slam|p1a: Garganacl\n|-activate|p1a: Garganacl|move: Protect\n|\n|-heal|p1a: Garganacl|97\/100|[from] item: Leftovers\n|-damage|p2b: Ceruledge|0 fnt|[from] Salt Cure\n|faint|p2b: Ceruledge\n|-damage|p2a: Orthworm|48\/100|[from] Salt Cure\n|upkeep\n|turn|9\n|\n|t:|1683803373\n|move|p1b: Arcanine|Will-O-Wisp|p2a: Orthworm\n|-status|p2a: Orthworm|brn\n|move|p2a: Orthworm|Body Press|p1b: Arcanine\n|-damage|p1b: Arcanine|0 fnt\n|faint|p1b: Arcanine\n|move|p1a: Garganacl|Salt Cure|p2a: Orthworm\n|-resisted|p2a: Orthworm\n|-damage|p2a: Orthworm|46\/100 brn\n|\n|-heal|p1a: Garganacl|100\/100|[from] item: Leftovers\n|-damage|p2a: Orthworm|40\/100 brn|[from] brn\n|-damage|p2a: Orthworm|15\/100 brn|[from] Salt Cure\n|upkeep\n|turn|10\n|\n|t:|1683803394\n|move|p1a: Garganacl|Protect|p1a: Garganacl\n|-singleturn|p1a: Garganacl|Protect\n|move|p2a: Orthworm|Heavy Slam|p1a: Garganacl\n|-activate|p1a: Garganacl|move: Protect\n|\n|-damage|p2a: Orthworm|9\/100 brn|[from] brn\n|-damage|p2a: Orthworm|0 fnt|[from] Salt Cure\n|faint|p2a: Orthworm\n|\n|win|runningcatdog\n|upkeep\n|raw|runningcatdog's rating: 1347 → 1367<\/strong> (+20 for winning)\n|raw|Jscoot12's rating: 1341 → 1321<\/strong> (-20 for losing)\n","uploadtime":1683803414,"views":16,"p1id":"runningcatdog","p2id":"jscoot12","formatid":"gen9vgc2023regulationc","rating":1321,"private":0,"password":""}