{"id":"gen9vgc2023regulationc-1855151424","p1":"dvsazs","p2":"NotLeugim","format":"[Gen 9] VGC 2023 Regulation C","log":"|j|\u203ddvsazs\n|j|\u2606NotLeugim\n|t:|1682907591\n|gametype|doubles\n|player|p1|dvsazs|169|1041\n|player|p2|NotLeugim|cynthia|1088\n|teamsize|p1|6\n|teamsize|p2|6\n|gen|9\n|tier|[Gen 9] VGC 2023 Regulation C\n|rated|\n|rule|Species Clause: Limit one of each Pok\u00e9mon\n|rule|Item Clause: Limit one of each item\n|clearpoke\n|poke|p1|Dondozo, L50, F|\n|poke|p1|Tatsugiri-Droopy, L50, F|\n|poke|p1|Pelipper, L50, F|\n|poke|p1|Drednaw, L50, M|\n|poke|p1|Dragonite, L50, F|\n|poke|p1|Chien-Pao, L50|\n|poke|p2|Flutter Mane, L50|\n|poke|p2|Palafin, L50, M|\n|poke|p2|Arcanine, L50, F|\n|poke|p2|Amoonguss, L50, M|\n|poke|p2|Ting-Lu, L50|\n|poke|p2|Hydreigon, L50, F|\n|teampreview|4\n|inactive|Battle timer is ON: inactive players will automatically lose when time's up. (requested by dvsazs)\n|\n|t:|1682907618\n|start\n|switch|p1a: Dondozo|Dondozo, L50, F|100\/100\n|switch|p1b: Pelipper|Pelipper, L50, F|100\/100\n|switch|p2a: Flutter Mane|Flutter Mane, L50|100\/100\n|switch|p2b: Hydreigon|Hydreigon, L50, F, shiny|100\/100\n|-weather|RainDance|[from] ability: Drizzle|[of] p1b: Pelipper\n|-enditem|p2a: Flutter Mane|Booster Energy\n|-activate|p2a: Flutter Mane|ability: Protosynthesis|[fromitem]\n|-start|p2a: Flutter Mane|protosynthesisspe\n|turn|1\n|inactive|dvsazs has 30 seconds left.\n|inactive|NotLeugim has 30 seconds left.\n|inactive|dvsazs has 20 seconds left.\n|inactive|NotLeugim has 20 seconds left.\n|inactive|dvsazs has 15 seconds left.\n|inactive|NotLeugim has 15 seconds left.\n|\n|t:|1682907660\n|-terastallize|p1b: Pelipper|Steel\n|move|p1a: Dondozo|Protect|p1a: Dondozo\n|-singleturn|p1a: Dondozo|Protect\n|move|p2a: Flutter Mane|Shadow Ball|p1b: Pelipper\n|-damage|p1b: Pelipper|44\/100\n|move|p2b: Hydreigon|Draco Meteor|p1a: Dondozo\n|-activate|p1a: Dondozo|move: Protect\n|move|p1b: Pelipper|Tailwind|p1b: Pelipper\n|-sidestart|p1: dvsazs|move: Tailwind\n|\n|-weather|RainDance|[upkeep]\n|upkeep\n|turn|2\n|inactive|dvsazs has 30 seconds left.\n|inactive|NotLeugim has 30 seconds left.\n|inactive|dvsazs has 20 seconds left.\n|inactive|NotLeugim has 20 seconds left.\n|inactive|dvsazs has 15 seconds left.\n|inactive|NotLeugim has 15 seconds left.\n|\n|t:|1682907702\n|switch|p1b: Tatsugiri|Tatsugiri-Droopy, L50, F, shiny|100\/100\n|-activate|p1b: Tatsugiri|ability: Commander|[of] p1a: Dondozo\n|-boost|p1a: Dondozo|atk|2\n|-boost|p1a: Dondozo|spa|2\n|-boost|p1a: Dondozo|spe|2\n|-boost|p1a: Dondozo|def|2\n|-boost|p1a: Dondozo|spd|2\n|move|p1a: Dondozo|Wave Crash|p2b: Hydreigon\n|-resisted|p2b: Hydreigon\n|-damage|p2b: Hydreigon|2\/100\n|-damage|p1a: Dondozo|77\/100|[from] Recoil\n|-damage|p1a: Dondozo|67\/100|[from] item: Life Orb\n|move|p2a: Flutter Mane|Dazzling Gleam|p1a: Dondozo|[spread] p1a\n|-miss|p2a: Flutter Mane|p1b: Tatsugiri\n|-damage|p1a: Dondozo|50\/100\n|move|p2b: Hydreigon|Draco Meteor|p1a: Dondozo\n|-damage|p1a: Dondozo|5\/100\n|-unboost|p2b: Hydreigon|spa|2\n|-damage|p2b: Hydreigon|0 fnt|[from] item: Life Orb\n|faint|p2b: Hydreigon\n|\n|-weather|RainDance|[upkeep]\n|upkeep\n|inactive|NotLeugim has 30 seconds left.\n|\n|t:|1682907731\n|switch|p2b: Arcanine|Arcanine, L50, F, shiny|100\/100\n|-ability|p2b: Arcanine|Intimidate|boost\n|-unboost|p1a: Dondozo|atk|1\n|-unboost|p1b: Tatsugiri|atk|1\n|turn|3\n|\n|t:|1682907743\n|move|p2a: Flutter Mane|Protect|p2a: Flutter Mane\n|-singleturn|p2a: Flutter Mane|Protect\n|move|p2b: Arcanine|Extreme Speed|p1a: Dondozo\n|-damage|p1a: Dondozo|0 fnt\n|faint|p1a: Dondozo\n|\n|-weather|RainDance|[upkeep]\n|upkeep\n|\n|t:|1682907749\n|switch|p1a: Drednaw|Drednaw, L50, M|100\/100\n|turn|4\n|\n|t:|1682907762\n|-terastallize|p2b: Arcanine|Water\n|move|p1a: Drednaw|Rock Slide|p2a: Flutter Mane|[spread] p2a,p2b\n|-damage|p2a: Flutter Mane|9\/100\n|-damage|p2b: Arcanine|48\/100\n|move|p1b: Tatsugiri|Muddy Water|p2b: Arcanine|[spread] p2a\n|-miss|p1b: Tatsugiri|p2b: Arcanine\n|-damage|p2a: Flutter Mane|0 fnt\n|faint|p2a: Flutter Mane\n|-end|p2a: Flutter Mane|Protosynthesis|[silent]\n|move|p2b: Arcanine|Will-O-Wisp|p1a: Drednaw|[miss]\n|-miss|p2b: Arcanine|p1a: Drednaw\n|\n|-weather|RainDance|[upkeep]\n|-sideend|p1: dvsazs|move: Tailwind\n|upkeep\n|\n|t:|1682907775\n|switch|p2a: Ting-Lu|Ting-Lu, L50|100\/100\n|-ability|p2a: Ting-Lu|Vessel of Ruin\n|turn|5\n|\n|t:|1682907790\n|switch|p1a: Pelipper|Pelipper, L50, F, tera:Steel|44\/100\n|move|p2b: Arcanine|Protect|p2b: Arcanine\n|-singleturn|p2b: Arcanine|Protect\n|move|p1b: Tatsugiri|Muddy Water|p2a: Ting-Lu|[spread] p2a\n|-activate|p2b: Arcanine|move: Protect\n|-supereffective|p2a: Ting-Lu\n|-crit|p2a: Ting-Lu\n|-damage|p2a: Ting-Lu|45\/100\n|move|p2a: Ting-Lu|Heavy Slam|p1a: Pelipper\n|-resisted|p1a: Pelipper\n|-damage|p1a: Pelipper|29\/100\n|\n|-weather|RainDance|[upkeep]\n|upkeep\n|turn|6\n|inactive|NotLeugim has 30 seconds left.\n|inactive|NotLeugim has 20 seconds left.\n|\n|t:|1682907826\n|move|p1b: Tatsugiri|Muddy Water|p2b: Arcanine|[spread] p2a,p2b\n|-supereffective|p2a: Ting-Lu\n|-resisted|p2b: Arcanine\n|-damage|p2a: Ting-Lu|6\/100\n|-damage|p2b: Arcanine|24\/100\n|move|p2b: Arcanine|Flare Blitz|p1a: Pelipper\n|-supereffective|p1a: Pelipper\n|-damage|p1a: Pelipper|0 fnt\n|faint|p1a: Pelipper\n|-damage|p2b: Arcanine|15\/100|[from] Recoil\n|move|p2a: Ting-Lu|Stomping Tantrum|p1b: Tatsugiri\n|-crit|p1b: Tatsugiri\n|-damage|p1b: Tatsugiri|21\/100\n|\n|-weather|RainDance|[upkeep]\n|upkeep\n|\n|t:|1682907836\n|switch|p1a: Drednaw|Drednaw, L50, M|100\/100\n|turn|7\n|\n|t:|1682907848\n|move|p2b: Arcanine|Extreme Speed|p1b: Tatsugiri\n|-damage|p1b: Tatsugiri|0 fnt\n|faint|p1b: Tatsugiri\n|move|p1a: Drednaw|Waterfall|p2a: Ting-Lu\n|-supereffective|p2a: Ting-Lu\n|-damage|p2a: Ting-Lu|0 fnt\n|faint|p2a: Ting-Lu\n|\n|-weather|RainDance|[upkeep]\n|upkeep\n|turn|8\n|\n|t:|1682907859\n|move|p2b: Arcanine|Protect|p2b: Arcanine\n|-singleturn|p2b: Arcanine|Protect\n|move|p1a: Drednaw|Waterfall|p2b: Arcanine\n|-activate|p2b: Arcanine|move: Protect\n|\n|-weather|none\n|upkeep\n|turn|9\n|\n|t:|1682907872\n|move|p2b: Arcanine|Extreme Speed|p1a: Drednaw\n|-resisted|p1a: Drednaw\n|-damage|p1a: Drednaw|85\/100\n|move|p1a: Drednaw|Waterfall|p2b: Arcanine\n|-resisted|p2b: Arcanine\n|-damage|p2b: Arcanine|0 fnt\n|faint|p2b: Arcanine\n|\n|win|dvsazs\n|raw|dvsazs's rating: 1041 → 1079<\/strong> (+38 for winning)\n|raw|NotLeugim's rating: 1088 → 1062<\/strong> (-26 for losing)\n|l|\u2606NotLeugim\n","uploadtime":1682907880,"views":14,"p1id":"dvsazs","p2id":"notleugim","formatid":"gen9vgc2023regulationc","rating":1062,"private":0,"password":""}