{"id":"gen9vgc2023regulationc-1855445711","p1":"ECMBB","p2":"shivers64","format":"[Gen 9] VGC 2023 Regulation C","log":"|j|\u2606ECMBB\n|j|\u203dshivers64\n|t:|1682952136\n|gametype|doubles\n|player|p1|ECMBB|266|1032\n|player|p2|shivers64|266|1070\n|teamsize|p1|6\n|teamsize|p2|4\n|gen|9\n|tier|[Gen 9] VGC 2023 Regulation C\n|rated|\n|rule|Species Clause: Limit one of each Pok\u00e9mon\n|rule|Item Clause: Limit one of each item\n|clearpoke\n|poke|p1|Ting-Lu, L50|\n|poke|p1|Gyarados, L50, F|\n|poke|p1|Flutter Mane, L50|\n|poke|p1|Amoonguss, L50, M|\n|poke|p1|Arcanine, L50, M|\n|poke|p1|Palafin, L50, M|\n|poke|p2|Gothitelle, L50, F|\n|poke|p2|Sandy Shocks, L50|\n|poke|p2|Flapple, L50, F|\n|poke|p2|Clawitzer, L50, M|\n|teampreview|4\n|\n|t:|1682952159\n|start\n|switch|p1a: Flutter Mane|Flutter Mane, L50, shiny|100\/100\n|switch|p1b: Amoonguss|Amoonguss, L50, M|100\/100\n|switch|p2a: Sandy Shocks|Sandy Shocks, L50|100\/100\n|switch|p2b: Gothitelle|Gothitelle, L50, F|100\/100\n|-enditem|p1a: Flutter Mane|Booster Energy\n|-activate|p1a: Flutter Mane|ability: Protosynthesis|[fromitem]\n|-start|p1a: Flutter Mane|protosynthesisspa\n|-enditem|p2a: Sandy Shocks|Booster Energy\n|-activate|p2a: Sandy Shocks|ability: Protosynthesis|[fromitem]\n|-start|p2a: Sandy Shocks|protosynthesisspe\n|turn|1\n|inactive|Battle timer is ON: inactive players will automatically lose when time's up. (requested by ECMBB)\n|\n|t:|1682952192\n|move|p1a: Flutter Mane|Protect|p1a: Flutter Mane\n|-singleturn|p1a: Flutter Mane|Protect\n|move|p2a: Sandy Shocks|Gravity|p2a: Sandy Shocks\n|-fieldstart|move: Gravity\n|move|p2b: Gothitelle|Hypnosis|p1b: Amoonguss\n|-status|p1b: Amoonguss|slp|[from] move: Hypnosis\n|cant|p1b: Amoonguss|slp\n|\n|upkeep\n|turn|2\n|inactive|ECMBB has 30 seconds left.\n|inactive|shivers64 has 30 seconds left.\n|inactive|ECMBB has 20 seconds left.\n|\n|t:|1682952228\n|-end|p1a: Flutter Mane|Protosynthesis|[silent]\n|switch|p1a: Ting-Lu|Ting-Lu, L50|100\/100\n|-ability|p1a: Ting-Lu|Vessel of Ruin\n|move|p2a: Sandy Shocks|Zap Cannon|p1a: Ting-Lu\n|-immune|p1a: Ting-Lu\n|move|p2b: Gothitelle|Heal Pulse|p2a: Sandy Shocks\n|-fail|p2a: Sandy Shocks|heal\n|cant|p1b: Amoonguss|slp\n|\n|upkeep\n|turn|3\n|\n|t:|1682952244\n|-end|p2a: Sandy Shocks|Protosynthesis|[silent]\n|switch|p2a: Flapple|Flapple, L50, F|100\/100\n|move|p2b: Gothitelle|Hypnosis|p1a: Ting-Lu\n|-status|p1a: Ting-Lu|slp|[from] move: Hypnosis\n|cant|p1a: Ting-Lu|slp\n|-curestatus|p1b: Amoonguss|slp|[msg]\n|move|p1b: Amoonguss|Spore|p2b: Gothitelle\n|-status|p2b: Gothitelle|slp|[from] move: Spore\n|\n|upkeep\n|turn|4\n|inactive|ECMBB has 30 seconds left.\n|inactive|ECMBB has 20 seconds left.\n|inactive|ECMBB has 15 seconds left.\n|inactive|ECMBB has 10 seconds left.\n|inactive|shivers64 has 30 seconds left.\n|inactive|shivers64 has 20 seconds left.\n|\n|t:|1682952310\n|move|p1b: Amoonguss|Protect|p1b: Amoonguss\n|-singleturn|p1b: Amoonguss|Protect\n|cant|p2b: Gothitelle|slp\n|move|p2a: Flapple|Dragon Rush|p1a: Ting-Lu\n|-damage|p1a: Ting-Lu|68\/100 slp\n|-curestatus|p1a: Ting-Lu|slp|[msg]\n|cant|p1a: Ting-Lu|flinch\n|\n|upkeep\n|turn|5\n|\n|t:|1682952325\n|cant|p2b: Gothitelle|slp\n|move|p2a: Flapple|Grav Apple|p1a: Ting-Lu\n|-supereffective|p1a: Ting-Lu\n|-damage|p1a: Ting-Lu|0 fnt\n|faint|p1a: Ting-Lu\n|move|p1b: Amoonguss|Pollen Puff|p1: Ting-Lu|[notarget]\n|-fail|p1b: Amoonguss\n|\n|-fieldend|move: Gravity\n|upkeep\n|\n|t:|1682952336\n|switch|p1a: Flutter Mane|Flutter Mane, L50, shiny|100\/100\n|turn|6\n|\n|t:|1682952356\n|-terastallize|p1a: Flutter Mane|Fairy\n|-terastallize|p2a: Flapple|Fire\n|move|p1a: Flutter Mane|Dazzling Gleam|p2b: Gothitelle|[spread] p2a,p2b\n|-resisted|p2a: Flapple\n|-damage|p2a: Flapple|72\/100\n|-damage|p2b: Gothitelle|68\/100 slp\n|cant|p2b: Gothitelle|slp\n|move|p2a: Flapple|Grav Apple|p1a: Flutter Mane\n|-damage|p1a: Flutter Mane|47\/100\n|-unboost|p1a: Flutter Mane|def|1\n|move|p1b: Amoonguss|Spore|p2b: Gothitelle\n|-fail|p2b: Gothitelle|slp\n|\n|upkeep\n|turn|7\n|inactive|ECMBB has 30 seconds left.\n|inactive|shivers64 has 30 seconds left.\n|inactive|ECMBB has 20 seconds left.\n|\n|t:|1682952393\n|move|p1a: Flutter Mane|Moonblast|p2a: Flapple\n|-resisted|p2a: Flapple\n|-damage|p2a: Flapple|26\/100\n|-unboost|p2a: Flapple|spa|1\n|-curestatus|p2b: Gothitelle|slp|[msg]\n|move|p2b: Gothitelle|Hypnosis|p1b: Amoonguss\n|-status|p1b: Amoonguss|slp|[from] move: Hypnosis\n|move|p2a: Flapple|Tera Blast|p1a: Flutter Mane\n|-damage|p1a: Flutter Mane|0 fnt\n|faint|p1a: Flutter Mane\n|-end|p1a: Flutter Mane|Protosynthesis|[silent]\n|cant|p1b: Amoonguss|slp\n|\n|upkeep\n|\n|t:|1682952407\n|switch|p1a: Gyarados|Gyarados, L50, F, shiny|100\/100\n|-ability|p1a: Gyarados|Intimidate|boost\n|-unboost|p2a: Flapple|atk|1\n|-unboost|p2b: Gothitelle|atk|1\n|turn|8\n|\n|t:|1682952428\n|switch|p2a: Clawitzer|Clawitzer, L50, M|100\/100\n|move|p2b: Gothitelle|Foul Play|p1a: Gyarados\n|-damage|p1a: Gyarados|64\/100\n|move|p1a: Gyarados|Waterfall|p2a: Clawitzer\n|-resisted|p2a: Clawitzer\n|-damage|p2a: Clawitzer|80\/100\n|-curestatus|p1b: Amoonguss|slp|[msg]\n|move|p1b: Amoonguss|Spore|p2b: Gothitelle\n|-status|p2b: Gothitelle|slp|[from] move: Spore\n|\n|upkeep\n|turn|9\n|inactive|shivers64 has 30 seconds left.\n|inactive|shivers64 has 20 seconds left.\n|inactive|shivers64 has 15 seconds left.\n|inactive|shivers64 has 10 seconds left.\n|inactive|shivers64 has 5 seconds left.\n|\n|t:|1682952481\n|cant|p2b: Gothitelle|slp\n|move|p1a: Gyarados|Waterfall|p2b: Gothitelle\n|-damage|p2b: Gothitelle|29\/100 slp\n|move|p2a: Clawitzer|Aura Sphere|p1a: Gyarados\n|-resisted|p1a: Gyarados\n|-damage|p1a: Gyarados|44\/100\n|move|p1b: Amoonguss|Spore|p2a: Clawitzer\n|-status|p2a: Clawitzer|slp|[from] move: Spore\n|\n|upkeep\n|turn|10\n|inactive|shivers64 has 30 seconds left.\n|\n|t:|1682952515\n|cant|p2b: Gothitelle|slp\n|move|p1a: Gyarados|Waterfall|p2b: Gothitelle\n|-damage|p2b: Gothitelle|0 fnt\n|faint|p2b: Gothitelle\n|cant|p2a: Clawitzer|slp\n|move|p1b: Amoonguss|Pollen Puff|p1a: Gyarados\n|-heal|p1a: Gyarados|94\/100\n|\n|upkeep\n|\n|t:|1682952527\n|switch|p2b: Sandy Shocks|Sandy Shocks, L50|100\/100\n|turn|11\n|\n|t:|1682952540\n|move|p1b: Amoonguss|Rage Powder|p1b: Amoonguss\n|-singleturn|p1b: Amoonguss|move: Rage Powder\n|move|p2b: Sandy Shocks|Power Gem|p1b: Amoonguss\n|-damage|p1b: Amoonguss|83\/100\n|move|p1a: Gyarados|Waterfall|p2b: Sandy Shocks\n|-supereffective|p2b: Sandy Shocks\n|-damage|p2b: Sandy Shocks|28\/100\n|cant|p2a: Clawitzer|slp\n|\n|upkeep\n|turn|12\n|\n|t:|1682952561\n|move|p1b: Amoonguss|Rage Powder|p1b: Amoonguss\n|-singleturn|p1b: Amoonguss|move: Rage Powder\n|move|p2b: Sandy Shocks|Zap Cannon|p1b: Amoonguss|[miss]\n|-miss|p2b: Sandy Shocks|p1b: Amoonguss\n|move|p1a: Gyarados|Waterfall|p2b: Sandy Shocks\n|-supereffective|p2b: Sandy Shocks\n|-damage|p2b: Sandy Shocks|0 fnt\n|faint|p2b: Sandy Shocks\n|-end|p2b: Sandy Shocks|Protosynthesis|[silent]\n|-curestatus|p2a: Clawitzer|slp|[msg]\n|move|p2a: Clawitzer|Dragon Pulse|p1b: Amoonguss\n|-damage|p1b: Amoonguss|53\/100\n|\n|upkeep\n|\n|t:|1682952575\n|switch|p2b: Flapple|Flapple, L50, F, tera:Fire|26\/100\n|turn|13\n|\n|t:|1682952592\n|move|p1b: Amoonguss|Protect|p1b: Amoonguss\n|-singleturn|p1b: Amoonguss|Protect\n|move|p2b: Flapple|Tera Blast|p1b: Amoonguss\n|-activate|p1b: Amoonguss|move: Protect\n|move|p1a: Gyarados|Waterfall|p2b: Flapple\n|-supereffective|p2b: Flapple\n|-damage|p2b: Flapple|0 fnt\n|faint|p2b: Flapple\n|move|p2a: Clawitzer|Dragon Pulse|p1a: Gyarados\n|-damage|p1a: Gyarados|53\/100\n|\n|upkeep\n|turn|14\n|\n|t:|1682952606\n|move|p1a: Gyarados|Waterfall|p2a: Clawitzer\n|-resisted|p2a: Clawitzer\n|-crit|p2a: Clawitzer\n|-damage|p2a: Clawitzer|44\/100\n|move|p2a: Clawitzer|Dragon Pulse|p1a: Gyarados\n|-damage|p1a: Gyarados|15\/100\n|move|p1b: Amoonguss|Spore|p2a: Clawitzer\n|-status|p2a: Clawitzer|slp|[from] move: Spore\n|\n|upkeep\n|turn|15\n|\n|t:|1682952619\n|move|p1a: Gyarados|Waterfall|p2a: Clawitzer\n|-resisted|p2a: Clawitzer\n|-damage|p2a: Clawitzer|24\/100 slp\n|cant|p2a: Clawitzer|slp\n|move|p1b: Amoonguss|Pollen Puff|p1a: Gyarados\n|-heal|p1a: Gyarados|65\/100\n|\n|upkeep\n|turn|16\n|-message|shivers64 forfeited.\n|\n|win|ECMBB\n|raw|ECMBB's rating: 1032 → 1071<\/strong> (+39 for winning)\n|raw|shivers64's rating: 1070 → 1047<\/strong> (-23 for losing)\n|l|\u203dshivers64\n","uploadtime":1682952638,"views":22,"p1id":"ecmbb","p2id":"shivers64","formatid":"gen9vgc2023regulationc","rating":1047,"private":0,"password":""}