{"id":"gen9vgc2023regulationc-1859951356","p1":"JNEWMZ","p2":"destrucktoo","format":"[Gen 9] VGC 2023 Regulation C","log":"|j|\u2606JNEWMZ\n|j|\u2606destrucktoo\n|t:|1683578715\n|gametype|doubles\n|player|p1|JNEWMZ|emmet|\n|player|p2|destrucktoo|pokekid|\n|teamsize|p1|6\n|teamsize|p2|6\n|gen|9\n|tier|[Gen 9] VGC 2023 Regulation C\n|rule|Species Clause: Limit one of each Pok\u00e9mon\n|rule|Item Clause: Limit one of each item\n|clearpoke\n|poke|p1|Annihilape, L50, F|\n|poke|p1|Iron Moth, L50|\n|poke|p1|Masquerain, L50, M|\n|poke|p1|Mudsdale, L50, F|\n|poke|p1|Ceruledge, L50, M|\n|poke|p1|Rotom-Wash, L50|\n|poke|p2|Abomasnow, L50, F|\n|poke|p2|Cetitan, L50, F|\n|poke|p2|Iron Hands, L50|\n|poke|p2|Arcanine, L50, M|\n|poke|p2|Eiscue, L50, M|\n|poke|p2|Slowbro, L50, F|\n|teampreview|4\n|j| BossgodoraIII\n|j| pinapplehead\ndestrucktoo rejected open team sheets.\n|\n|t:|1683578772\n|start\n|switch|p1a: Masquerain|Masquerain, L50, M, shiny|100\/100\n|switch|p1b: Annihilape|Annihilape, L50, F|100\/100\n|switch|p2a: Slowest Bro|Slowbro, L50, F|100\/100\n|switch|p2b: Fingers|Iron Hands, L50|100\/100\n|-ability|p1a: Masquerain|Intimidate|boost\n|-fail|p2a: Slowest Bro|unboost|Attack|[from] ability: Oblivious|[of] p2a: Slowest Bro\n|-unboost|p2b: Fingers|atk|1\n|-enditem|p2b: Fingers|Booster Energy\n|-activate|p2b: Fingers|ability: Quark Drive|[fromitem]\n|-start|p2b: Fingers|quarkdriveatk\n|turn|1\n|j| WindyEng\n|j| dolphinsfan254\n|c|\u2606JNEWMZ|the bug has arrived\n|l| pinapplehead\n|l| dolphinsfan254\n|j| pinapplehead\n|j| dolphinsfan254\n|c|\u2606destrucktoo|bugz\n|\n|t:|1683578879\n|-terastallize|p2b: Fingers|Steel\n|move|p1a: Masquerain|Helping Hand|p1b: Annihilape\n|-singleturn|p1b: Annihilape|Helping Hand|[of] p1a: Masquerain\n|move|p1b: Annihilape|Earthquake|p2a: Slowest Bro|[spread] p2a,p2b\n|-immune|p1a: Masquerain\n|-supereffective|p2b: Fingers\n|-damage|p2a: Slowest Bro|77\/100\n|-damage|p2b: Fingers|25\/100\n|move|p2b: Fingers|Tera Blast|p1b: Annihilape\n|-damage|p1b: Annihilape|56\/100\n|move|p2a: Slowest Bro|Trick Room|p2a: Slowest Bro\n|-fieldstart|move: Trick Room|[of] p2a: Slowest Bro\n|\n|upkeep\n|turn|2\n|c|\u2606destrucktoo|not what i thought was gonna happen\n|c|\u2606JNEWMZ|fighting resists steel ??\n|c|\u2606JNEWMZ|guess it doesnt\n|c| WindyEng|nope it doesn't\n|\n|t:|1683578968\n|switch|p1b: Mudsdale|Mudsdale, L50, F|100\/100\n|move|p2a: Slowest Bro|Helping Hand|p2b: Fingers\n|-singleturn|p2b: Fingers|Helping Hand|[of] p2a: Slowest Bro\n|move|p2b: Fingers|Wild Charge|p1b: Mudsdale\n|-immune|p1b: Mudsdale\n|move|p1a: Masquerain|Chilling Water|p2b: Fingers\n|-damage|p2b: Fingers|12\/100\n|-unboost|p2b: Fingers|atk|1\n|\n|upkeep\n|turn|3\n|\n|t:|1683578995\n|-end|p2b: Fingers|Quark Drive|[silent]\n|switch|p2b: Goodest of Boys|Arcanine, L50, M|100\/100\n|-ability|p2b: Goodest of Boys|Intimidate|boost\n|-unboost|p1a: Masquerain|atk|1\n|-unboost|p1b: Mudsdale|atk|1\n|move|p1a: Masquerain|Helping Hand|p1b: Mudsdale\n|-singleturn|p1b: Mudsdale|Helping Hand|[of] p1a: Masquerain\n|move|p2a: Slowest Bro|Liquidation|p1a: Masquerain\n|-damage|p1a: Masquerain|49\/100\n|move|p1b: Mudsdale|Rock Slide|p2a: Slowest Bro|[spread] p2a,p2b\n|-supereffective|p2b: Goodest of Boys\n|-damage|p2a: Slowest Bro|64\/100\n|-damage|p2b: Goodest of Boys|64\/100\n|\n|upkeep\n|turn|4\n|\n|t:|1683579025\n|move|p1a: Masquerain|Helping Hand|p1b: Mudsdale\n|-singleturn|p1b: Mudsdale|Helping Hand|[of] p1a: Masquerain\n|move|p2a: Slowest Bro|Liquidation|p1b: Mudsdale\n|-supereffective|p1b: Mudsdale\n|-damage|p1b: Mudsdale|56\/100\n|-ability|p1b: Mudsdale|Stamina|boost\n|-boost|p1b: Mudsdale|def|1\n|move|p1b: Mudsdale|Rock Slide|p2a: Slowest Bro|[spread] p2a,p2b\n|-crit|p2a: Slowest Bro\n|-supereffective|p2b: Goodest of Boys\n|-damage|p2a: Slowest Bro|35\/100\n|-damage|p2b: Goodest of Boys|21\/100\n|move|p2b: Goodest of Boys|Flare Blitz|p1a: Masquerain\n|-supereffective|p1a: Masquerain\n|-damage|p1a: Masquerain|0 fnt\n|faint|p1a: Masquerain\n|-damage|p2b: Goodest of Boys|10\/100|[from] Recoil\n|\n|upkeep\n|\n|t:|1683579045\n|switch|p1a: Annihilape|Annihilape, L50, F|56\/100\n|turn|5\n|\n|t:|1683579094\n|switch|p2b: A Bomasnow|Abomasnow, L50, F|100\/100\n|-weather|Snow|[from] ability: Snow Warning|[of] p2b: A Bomasnow\n|move|p1b: Mudsdale|Rock Slide|p2a: Slowest Bro|[spread] p2b\n|-miss|p1b: Mudsdale|p2a: Slowest Bro\n|-supereffective|p2b: A Bomasnow\n|-damage|p2b: A Bomasnow|81\/100\n|move|p1a: Annihilape|Rage Fist|p2a: Slowest Bro\n|-supereffective|p2a: Slowest Bro\n|-damage|p2a: Slowest Bro|0 fnt\n|faint|p2a: Slowest Bro\n|\n|-weather|Snow|[upkeep]\n|-fieldend|move: Trick Room\n|upkeep\n|\n|t:|1683579112\n|switch|p2a: Fingers|Iron Hands, L50, tera:Steel|12\/100\n|turn|6\n|\n|t:|1683579134\n|move|p2a: Fingers|Fake Out|p1b: Mudsdale\n|-damage|p1b: Mudsdale|47\/100\n|-ability|p1b: Mudsdale|Stamina|boost\n|-boost|p1b: Mudsdale|def|1\n|move|p1a: Annihilape|Fire Punch|p2b: A Bomasnow\n|-supereffective|p2b: A Bomasnow\n|-damage|p2b: A Bomasnow|0 fnt\n|faint|p2b: A Bomasnow\n|cant|p1b: Mudsdale|flinch\n|\n|-weather|Snow|[upkeep]\n|upkeep\n|\n|t:|1683579144\n|switch|p2b: Goodest of Boys|Arcanine, L50, M|10\/100\n|-ability|p2b: Goodest of Boys|Intimidate|boost\n|-unboost|p1a: Annihilape|atk|1\n|-ability|p1a: Annihilape|Defiant|boost\n|-boost|p1a: Annihilape|atk|2\n|-unboost|p1b: Mudsdale|atk|1\n|turn|7\n|\n|t:|1683579174\n|move|p2b: Goodest of Boys|Flare Blitz|p1b: Mudsdale\n|-damage|p1b: Mudsdale|22\/100\n|-ability|p1b: Mudsdale|Stamina|boost\n|-boost|p1b: Mudsdale|def|1\n|-damage|p2b: Goodest of Boys|1\/100|[from] Recoil\n|move|p1a: Annihilape|Earthquake|p2a: Fingers|[spread] p1b,p2a,p2b\n|-supereffective|p2a: Fingers\n|-supereffective|p2b: Goodest of Boys\n|-damage|p1b: Mudsdale|8\/100\n|-damage|p2a: Fingers|0 fnt\n|-damage|p2b: Goodest of Boys|0 fnt\n|-ability|p1b: Mudsdale|Stamina|boost\n|-boost|p1b: Mudsdale|def|1\n|faint|p2a: Fingers\n|-end|p2a: Fingers|Quark Drive|[silent]\n|faint|p2b: Goodest of Boys\n|\n|win|JNEWMZ\n|c|\u2606JNEWMZ|gg\n|c|\u2606destrucktoo|gg\n","uploadtime":1683579266,"views":13,"p1id":"jnewmz","p2id":"destrucktoo","formatid":"gen9vgc2023regulationc","rating":0,"private":0,"password":""}