{"id":"gen9vgc2023regulationc-1848159523","p1":"Seymorekun","p2":"Armadill0","format":"[Gen 9] VGC 2023 Regulation C","log":"|j|\u2606Seymorekun\n|j|\u2606Armadill0\n|t:|1682036727\n|gametype|doubles\n|player|p1|Seymorekun|169|1109\n|player|p2|Armadill0|crasherwake|1136\n|teamsize|p1|6\n|teamsize|p2|6\n|gen|9\n|tier|[Gen 9] VGC 2023 Regulation C\n|rated|\n|rule|Species Clause: Limit one of each Pok\u00e9mon\n|rule|Item Clause: Limit one of each item\n|clearpoke\n|poke|p1|Chi-Yu, L50|\n|poke|p1|Gyarados, L50, M|\n|poke|p1|Iron Hands, L50|\n|poke|p1|Chien-Pao, L50|\n|poke|p1|Dragonite, L50, F|\n|poke|p1|Flutter Mane, L50|\n|poke|p2|Flutter Mane, L50|\n|poke|p2|Arcanine, L50, M|\n|poke|p2|Palafin, L50, M|\n|poke|p2|Amoonguss, L50, F|\n|poke|p2|Chi-Yu, L50|\n|poke|p2|Dragonite, L50, M|\n|teampreview|4\n|\n|t:|1682036759\n|start\n|switch|p1a: Gyarados|Gyarados, L50, M|100\/100\n|switch|p1b: Chi-Yu|Chi-Yu, L50|100\/100\n|switch|p2a: Flutter Mane|Flutter Mane, L50|100\/100\n|switch|p2b: Arcanine|Arcanine, L50, M|100\/100\n|-ability|p1b: Chi-Yu|Beads of Ruin\n|-ability|p2b: Arcanine|Intimidate|boost\n|-unboost|p1a: Gyarados|atk|1\n|-unboost|p1b: Chi-Yu|atk|1\n|-ability|p1a: Gyarados|Intimidate|boost\n|-unboost|p2a: Flutter Mane|atk|1\n|-unboost|p2b: Arcanine|atk|1\n|turn|1\n|\n|t:|1682036778\n|move|p1b: Chi-Yu|Protect|p1b: Chi-Yu\n|-singleturn|p1b: Chi-Yu|Protect\n|move|p2a: Flutter Mane|Protect|p2a: Flutter Mane\n|-singleturn|p2a: Flutter Mane|Protect\n|move|p2b: Arcanine|Wild Charge|p1a: Gyarados\n|-supereffective|p1a: Gyarados\n|-damage|p1a: Gyarados|0 fnt\n|faint|p1a: Gyarados\n|-damage|p2b: Arcanine|75\/100|[from] Recoil\n|\n|upkeep\n|\n|t:|1682036793\n|switch|p1a: Dragonite|Dragonite, L50, F|100\/100\n|turn|2\n|\n|t:|1682036805\n|switch|p1b: Iron Hands|Iron Hands, L50|100\/100\n|-end|p2a: Flutter Mane|Protosynthesis|[silent]\n|switch|p2a: Dragonite|Dragonite, L50, M|100\/100\n|-terastallize|p1a: Dragonite|Normal\n|move|p2b: Arcanine|Will-O-Wisp|p1a: Dragonite\n|-status|p1a: Dragonite|brn\n|move|p1a: Dragonite|Rock Slide|p2b: Arcanine|[spread] p2a,p2b\n|-supereffective|p2a: Dragonite\n|-supereffective|p2b: Arcanine\n|-damage|p2a: Dragonite|84\/100\n|-damage|p2b: Arcanine|38\/100\n|\n|-damage|p1a: Dragonite|94\/100 brn|[from] brn\n|upkeep\n|turn|3\n|inactive|Battle timer is ON: inactive players will automatically lose when time's up. (requested by Seymorekun)\n|\n|t:|1682036841\n|move|p1b: Iron Hands|Fake Out|p2b: Arcanine\n|-damage|p2b: Arcanine|16\/100\n|-enditem|p2b: Arcanine|Aguav Berry|[eat]\n|-heal|p2b: Arcanine|49\/100|[from] item: Aguav Berry\n|move|p2a: Dragonite|Extreme Speed|p1a: Dragonite\n|-damage|p1a: Dragonite|47\/100 brn\n|cant|p2b: Arcanine|flinch\n|move|p1a: Dragonite|Rock Slide|p2a: Dragonite|[spread] p2a,p2b\n|-supereffective|p2a: Dragonite\n|-supereffective|p2b: Arcanine\n|-damage|p2a: Dragonite|50\/100\n|-damage|p2b: Arcanine|11\/100\n|\n|-damage|p1a: Dragonite|41\/100 brn|[from] brn\n|upkeep\n|turn|4\n|inactive|Seymorekun has 30 seconds left.\n|inactive|Armadill0 has 30 seconds left.\n|\n|t:|1682036874\n|-end|p1b: Iron Hands|Quark Drive|[silent]\n|switch|p1b: Chi-Yu|Chi-Yu, L50|100\/100\n|-ability|p1b: Chi-Yu|Beads of Ruin\n|move|p2b: Arcanine|Extreme Speed|p1a: Dragonite\n|-damage|p1a: Dragonite|22\/100 brn\n|move|p2a: Dragonite|Extreme Speed|p1a: Dragonite\n|-damage|p1a: Dragonite|0 fnt\n|faint|p1a: Dragonite\n|\n|upkeep\n|\n|t:|1682036886\n|switch|p1a: Iron Hands|Iron Hands, L50|100\/100\n|turn|5\n|inactive|Armadill0 has 30 seconds left.\n|\n|t:|1682036917\n|switch|p2a: Flutter Mane|Flutter Mane, L50|100\/100\n|move|p1a: Iron Hands|Fake Out|p2a: Flutter Mane\n|-immune|p2a: Flutter Mane\n|move|p1b: Chi-Yu|Heat Wave|p2b: Arcanine|[spread] p2a,p2b\n|-resisted|p2b: Arcanine\n|-damage|p2a: Flutter Mane|54\/100\n|-damage|p2b: Arcanine|0 fnt\n|faint|p2b: Arcanine\n|\n|upkeep\n|\n|t:|1682036940\n|switch|p2b: Dragonite|Dragonite, L50, M|50\/100\n|turn|6\n|\n|t:|1682036957\n|-terastallize|p2a: Flutter Mane|Fairy\n|move|p1b: Chi-Yu|Protect|p1b: Chi-Yu\n|-singleturn|p1b: Chi-Yu|Protect\n|move|p2a: Flutter Mane|Dazzling Gleam|p1b: Chi-Yu|[spread] p1a\n|-activate|p1b: Chi-Yu|move: Protect\n|-supereffective|p1a: Iron Hands\n|-damage|p1a: Iron Hands|38\/100\n|move|p2b: Dragonite|Dragon Claw|p1b: Chi-Yu\n|-activate|p1b: Chi-Yu|move: Protect\n|move|p1a: Iron Hands|Thunder Punch|p2a: Flutter Mane\n|-damage|p2a: Flutter Mane|4\/100\n|\n|upkeep\n|turn|7\n|\n|t:|1682036978\n|move|p1b: Chi-Yu|Protect|p1b: Chi-Yu\n|-singleturn|p1b: Chi-Yu|Protect\n|move|p2a: Flutter Mane|Dazzling Gleam|p1a: Iron Hands|[spread] p1a\n|-activate|p1b: Chi-Yu|move: Protect\n|-supereffective|p1a: Iron Hands\n|-damage|p1a: Iron Hands|0 fnt\n|faint|p1a: Iron Hands\n|-end|p1a: Iron Hands|Quark Drive|[silent]\n|move|p2b: Dragonite|Dragon Claw|p1b: Chi-Yu\n|-activate|p1b: Chi-Yu|move: Protect\n|\n|upkeep\n|turn|8\n|\n|t:|1682036993\n|move|p1b: Chi-Yu|Heat Wave|p2a: Flutter Mane|[spread] p2a,p2b\n|-resisted|p2b: Dragonite\n|-damage|p2a: Flutter Mane|0 fnt\n|-damage|p2b: Dragonite|22\/100\n|faint|p2a: Flutter Mane\n|-end|p2a: Flutter Mane|Protosynthesis|[silent]\n|move|p2b: Dragonite|Dragon Claw|p1b: Chi-Yu\n|-damage|p1b: Chi-Yu|0 fnt\n|faint|p1b: Chi-Yu\n|\n|win|Armadill0\n|raw|Seymorekun's rating: 1109 → 1086<\/strong> (-23 for losing)\n|raw|Armadill0's rating: 1136 → 1159<\/strong> (+23 for winning)\n","uploadtime":1682037003,"views":5,"p1id":"seymorekun","p2id":"armadill0","formatid":"gen9vgc2023regulationc","rating":1086,"private":0,"password":""}