{"id":"gen9vgc2023regulationc-1846835367","p1":"Tomoooooooo21","p2":"urafatgronklol","format":"[Gen 9] VGC 2023 Regulation C","log":"|j|\u2606Tomoooooooo21\n|j|\u2606urafatgronklol\n|t:|1681887787\n|gametype|doubles\n|player|p1|Tomoooooooo21|cynthia-gen4|1090\n|player|p2|urafatgronklol|ethan|1045\n|teamsize|p1|6\n|teamsize|p2|6\n|gen|9\n|tier|[Gen 9] VGC 2023 Regulation C\n|rated|\n|rule|Species Clause: Limit one of each Pok\u00e9mon\n|rule|Item Clause: Limit one of each item\n|clearpoke\n|poke|p1|Armarouge, L50, M|\n|poke|p1|Indeedee-F, L50, F|\n|poke|p1|Torkoal, L50, M|\n|poke|p1|Scovillain, L50, M|\n|poke|p1|Roaring Moon, L50|\n|poke|p1|Annihilape, L50, M|\n|poke|p2|Breloom, L50, F|\n|poke|p2|Amoonguss, L50, F|\n|poke|p2|Skeledirge, L50, M|\n|poke|p2|Quaquaval, L50, F|\n|poke|p2|Flutter Mane, L50|\n|poke|p2|Kingambit, L50, M|\n|teampreview|4\n|\n|t:|1681887811\n|start\n|switch|p1a: Oogway|Torkoal, L50, M, shiny|100\/100\n|switch|p1b: Jalape\u00f1o|Scovillain, L50, M|100\/100\n|switch|p2a: Quaquaval|Quaquaval, L50, F|100\/100\n|switch|p2b: Skeledirge|Skeledirge, L50, M|100\/100\n|-weather|SunnyDay|[from] ability: Drought|[of] p1a: Oogway\n|turn|1\n|\n|t:|1681887833\n|move|p1a: Oogway|Helping Hand|p1b: Jalape\u00f1o\n|-singleturn|p1b: Jalape\u00f1o|Helping Hand|[of] p1a: Oogway\n|move|p1b: Jalape\u00f1o|Solar Beam||[still]\n|-prepare|p1b: Jalape\u00f1o|Solar Beam\n|-anim|p1b: Jalape\u00f1o|Solar Beam|p2a: Quaquaval\n|-supereffective|p2a: Quaquaval\n|-damage|p2a: Quaquaval|0 fnt\n|faint|p2a: Quaquaval\n|move|p2b: Skeledirge|Shadow Ball|p1b: Jalape\u00f1o\n|-damage|p1b: Jalape\u00f1o|5\/100\n|-damage|p2b: Skeledirge|90\/100|[from] item: Life Orb\n|\n|-weather|SunnyDay|[upkeep]\n|-heal|p1b: Jalape\u00f1o|11\/100|[from] item: Leftovers\n|upkeep\n|\n|t:|1681887850\n|switch|p2a: Flutter Mane|Flutter Mane, L50|100\/100\n|-activate|p2a: Flutter Mane|ability: Protosynthesis\n|-start|p2a: Flutter Mane|protosynthesisspa\n|turn|2\n|\n|t:|1681887864\n|switch|p1a: Void|Roaring Moon, L50|100\/100\n|-activate|p1a: Void|ability: Protosynthesis\n|-start|p1a: Void|protosynthesisatk\n|move|p2a: Flutter Mane|Protect|p2a: Flutter Mane\n|-singleturn|p2a: Flutter Mane|Protect\n|move|p1b: Jalape\u00f1o|Spicy Extract|p1a: Void\n|-boost|p1a: Void|atk|2\n|-unboost|p1a: Void|def|2\n|move|p2b: Skeledirge|Torch Song|p1b: Jalape\u00f1o\n|-damage|p1b: Jalape\u00f1o|0 fnt\n|-boost|p2b: Skeledirge|spa|1\n|faint|p1b: Jalape\u00f1o\n|-damage|p2b: Skeledirge|80\/100|[from] item: Life Orb\n|\n|-weather|SunnyDay|[upkeep]\n|upkeep\n|\n|t:|1681887885\n|switch|p1b: Doom Monkey|Annihilape, L50, M|100\/100\n|turn|3\n|\n|t:|1681887914\n|switch|p1b: Oogway|Torkoal, L50, M, shiny|100\/100\n|-terastallize|p1a: Void|Fairy\n|move|p2a: Flutter Mane|Moonblast|p1a: Void\n|-damage|p1a: Void|37\/100\n|move|p1a: Void|Earthquake|p2b: Skeledirge|[spread] p1b,p2a,p2b\n|-supereffective|p1b: Oogway\n|-supereffective|p2b: Skeledirge\n|-damage|p1b: Oogway|0 fnt\n|-damage|p2a: Flutter Mane|0 fnt\n|-damage|p2b: Skeledirge|0 fnt\n|faint|p1b: Oogway\n|faint|p2a: Flutter Mane\n|-end|p2a: Flutter Mane|Protosynthesis|[silent]\n|faint|p2b: Skeledirge\n|-damage|p1a: Void|27\/100|[from] item: Life Orb\n|\n|-weather|SunnyDay|[upkeep]\n|upkeep\n|\n|t:|1681887930\n|switch|p2b: Kingambit|Kingambit, L50, M|100\/100\n|switch|p1b: Doom Monkey|Annihilape, L50, M|100\/100\n|-activate|p2b: Kingambit|ability: Supreme Overlord\n|-start|p2b: Kingambit|fallen3|[silent]\n|turn|4\n|\n|t:|1681887942\n|-terastallize|p2b: Kingambit|Ghost\n|move|p2b: Kingambit|Sucker Punch|p1a: Void\n|-resisted|p1a: Void\n|-damage|p1a: Void|0 fnt\n|faint|p1a: Void\n|-end|p1a: Void|Protosynthesis|[silent]\n|move|p1b: Doom Monkey|Final Gambit|p2b: Kingambit\n|-immune|p2b: Kingambit\n|\n|-weather|SunnyDay|[upkeep]\n|upkeep\n|turn|5\n|\n|t:|1681887957\n|move|p1b: Doom Monkey|Final Gambit|p2b: Kingambit\n|-immune|p2b: Kingambit\n|move|p2b: Kingambit|Zen Headbutt|p1b: Doom Monkey\n|-supereffective|p1b: Doom Monkey\n|-damage|p1b: Doom Monkey|19\/100\n|\n|-weather|SunnyDay|[upkeep]\n|upkeep\n|turn|6\n|\n|t:|1681887966\n|move|p2b: Kingambit|Sucker Punch|p1b: Doom Monkey\n|-damage|p1b: Doom Monkey|0 fnt\n|faint|p1b: Doom Monkey\n|\n|win|urafatgronklol\n|raw|Tomoooooooo21's rating: 1090 → 1063<\/strong> (-27 for losing)\n|raw|urafatgronklol's rating: 1045 → 1083<\/strong> (+38 for winning)\n|l|\u2606Tomoooooooo21\n","uploadtime":1681887979,"views":8,"p1id":"tomoooooooo21","p2id":"urafatgronklol","formatid":"gen9vgc2023regulationc","rating":1063,"private":0,"password":""}