{"id":"gen9vgc2023regulationc-1859061198","p1":"HazeOneTrick","p2":"AndrwApple","format":"[Gen 9] VGC 2023 Regulation C","log":"|j|\u2606HazeOneTrick\n|j|\u2606AndrwApple\n|t:|1683399855\n|gametype|doubles\n|player|p1|HazeOneTrick|acetrainer-gen6xy|\n|player|p2|AndrwApple|calem-masters|\n|teamsize|p1|6\n|teamsize|p2|6\n|gen|9\n|tier|[Gen 9] VGC 2023 Regulation C\n|rule|Species Clause: Limit one of each Pok\u00e9mon\n|rule|Item Clause: Limit one of each item\n|clearpoke\n|poke|p1|Gyarados, L50, M|\n|poke|p1|Flutter Mane, L50|\n|poke|p1|Amoonguss, L50, M|\n|poke|p1|Bronzong, L50|\n|poke|p1|Chi-Yu, L50|\n|poke|p1|Iron Hands, L50|\n|poke|p2|Arcanine, L50, M|\n|poke|p2|Amoonguss, L50, F|\n|poke|p2|Garganacl, L50, F|\n|poke|p2|Palafin, L50, M|\n|poke|p2|Chien-Pao, L50|\n|poke|p2|Dragonite, L50, F|\n|teampreview|4\nHazeOneTrick has agreed to open team sheets.\nAndrwApple has agreed to open team sheets.\n|j| KaesyGard\n|\n|t:|1683399932\n|start\n|switch|p1a: Chi-Yu|Chi-Yu, L50|100\/100\n|switch|p1b: Gyarados|Gyarados, L50, M|100\/100\n|switch|p2a: Garganacl|Garganacl, L50, F|100\/100\n|switch|p2b: Menzart|Dragonite, L50, F|100\/100\n|-ability|p1a: Chi-Yu|Beads of Ruin\n|-ability|p1b: Gyarados|Intimidate|boost\n|-unboost|p2a: Garganacl|atk|1\n|-unboost|p2b: Menzart|atk|1\n|turn|1\n|\n|t:|1683399959\n|-terastallize|p2b: Menzart|Flying\n|move|p1a: Chi-Yu|Protect|p1a: Chi-Yu\n|-singleturn|p1a: Chi-Yu|Protect\n|move|p2b: Menzart|Tera Blast|p1a: Chi-Yu\n|-activate|p1a: Chi-Yu|move: Protect\n|move|p1b: Gyarados|Waterfall|p2b: Menzart\n|-damage|p2b: Menzart|84\/100\n|move|p2a: Garganacl|Salt Cure|p1a: Chi-Yu\n|-activate|p1a: Chi-Yu|move: Protect\n|\n|upkeep\n|turn|2\n|l| KaesyGard\n|\n|t:|1683400049\n|move|p2a: Garganacl|Protect|p2a: Garganacl\n|-singleturn|p2a: Garganacl|Protect\n|move|p1a: Chi-Yu|Dark Pulse|p2b: Menzart\n|-damage|p2b: Menzart|42\/100\n|move|p2b: Menzart|Tera Blast|p1a: Chi-Yu\n|-damage|p1a: Chi-Yu|26\/100\n|move|p1b: Gyarados|Waterfall|p2b: Menzart\n|-damage|p2b: Menzart|9\/100\n|\n|upkeep\n|turn|3\n|\n|t:|1683400078\n|switch|p2b: Arcanine|Arcanine, L50, M|100\/100\n|-ability|p2b: Arcanine|Intimidate|boost\n|-unboost|p1a: Chi-Yu|atk|1\n|-unboost|p1b: Gyarados|atk|1\n|-terastallize|p1a: Chi-Yu|Ghost\n|move|p1a: Chi-Yu|Dark Pulse|p2b: Arcanine\n|-damage|p2b: Arcanine|33\/100\n|move|p1b: Gyarados|Waterfall|p2a: Garganacl\n|-supereffective|p2a: Garganacl\n|-damage|p2a: Garganacl|69\/100\n|move|p2a: Garganacl|Salt Cure|p1b: Gyarados\n|-supereffective|p1b: Gyarados\n|-damage|p1b: Gyarados|82\/100\n|-start|p1b: Gyarados|Salt Cure\n|\n|-damage|p1b: Gyarados|57\/100|[from] Salt Cure\n|upkeep\n|turn|4\n|j| KaesyGard\n|\n|t:|1683400127\n|move|p2a: Garganacl|Protect|p2a: Garganacl\n|-singleturn|p2a: Garganacl|Protect\n|move|p1a: Chi-Yu|Dark Pulse|p2a: Garganacl\n|-activate|p2a: Garganacl|move: Protect\n|move|p2b: Arcanine|Flare Blitz|p1a: Chi-Yu\n|-damage|p1a: Chi-Yu|0 fnt\n|faint|p1a: Chi-Yu\n|-damage|p2b: Arcanine|28\/100|[from] Recoil\n|move|p1b: Gyarados|Waterfall|p2a: Garganacl\n|-activate|p2a: Garganacl|move: Protect\n|\n|-damage|p1b: Gyarados|32\/100|[from] Salt Cure\n|upkeep\n|c|\u2606HazeOneTrick|read?\n|c|\u2606HazeOneTrick|my chi yu is faster\n|c|\u2606AndrwApple|Yes, read\n|c|\u2606HazeOneTrick|good read\n|\n|t:|1683400156\n|switch|p1a: Iron Hands|Iron Hands, L50|100\/100\n|turn|5\n|c|\u2606AndrwApple|Ty\n|\n|t:|1683400176\n|switch|p2a: Menzart|Dragonite, L50, F, tera:Flying|9\/100\n|move|p2b: Arcanine|Protect|p2b: Arcanine\n|-singleturn|p2b: Arcanine|Protect\n|move|p1b: Gyarados|Waterfall|p2a: Menzart\n|-damage|p2a: Menzart|0 fnt\n|faint|p2a: Menzart\n|move|p1a: Iron Hands|Drain Punch|p2b: Arcanine\n|-activate|p2b: Arcanine|move: Protect\n|\n|-damage|p1b: Gyarados|7\/100|[from] Salt Cure\n|upkeep\n|-enditem|p1b: Gyarados|Mago Berry|[eat]\n|-heal|p1b: Gyarados|40\/100|[from] item: Mago Berry\n|\n|t:|1683400192\n|switch|p2a: Chien-Pao|Chien-Pao, L50|100\/100\n|-ability|p2a: Chien-Pao|Sword of Ruin\n|turn|6\n|\n|t:|1683400206\n|switch|p1b: Amoonguss|Amoonguss, L50, M|100\/100\n|move|p2a: Chien-Pao|Protect|p2a: Chien-Pao\n|-singleturn|p2a: Chien-Pao|Protect\n|move|p2b: Arcanine|Will-O-Wisp|p1a: Iron Hands\n|-status|p1a: Iron Hands|brn\n|move|p1a: Iron Hands|Drain Punch|p2b: Arcanine\n|-damage|p2b: Arcanine|0 fnt\n|faint|p2b: Arcanine\n|\n|-damage|p1a: Iron Hands|94\/100 brn|[from] brn\n|upkeep\n|\n|t:|1683400208\n|switch|p2b: Garganacl|Garganacl, L50, F|69\/100\n|turn|7\n|\n|t:|1683400238\n|-end|p1a: Iron Hands|Quark Drive|[silent]\n|switch|p1a: Gyarados|Gyarados, L50, M|40\/100\n|-ability|p1a: Gyarados|Intimidate|boost\n|-unboost|p2a: Chien-Pao|atk|1\n|-unboost|p2b: Garganacl|atk|1\n|move|p2b: Garganacl|Helping Hand|p2a: Chien-Pao\n|-singleturn|p2a: Chien-Pao|Helping Hand|[of] p2b: Garganacl\n|move|p2a: Chien-Pao|Ice Spinner|p1b: Amoonguss\n|-supereffective|p1b: Amoonguss\n|-damage|p1b: Amoonguss|26\/100\n|-enditem|p1b: Amoonguss|Sitrus Berry|[eat]\n|-heal|p1b: Amoonguss|50\/100|[from] item: Sitrus Berry\n|move|p1b: Amoonguss|Spore|p2a: Chien-Pao\n|-status|p2a: Chien-Pao|slp|[from] move: Spore\n|\n|upkeep\n|turn|8\n|\n|t:|1683400277\n|cant|p2a: Chien-Pao|slp\n|move|p1a: Gyarados|Waterfall|p2a: Chien-Pao\n|-damage|p2a: Chien-Pao|51\/100 slp\n|move|p2b: Garganacl|Salt Cure|p1a: Gyarados\n|-supereffective|p1a: Gyarados\n|-damage|p1a: Gyarados|16\/100\n|-start|p1a: Gyarados|Salt Cure\n|move|p1b: Amoonguss|Pollen Puff|p2a: Chien-Pao\n|-supereffective|p2a: Chien-Pao\n|-damage|p2a: Chien-Pao|0 fnt\n|faint|p2a: Chien-Pao\n|\n|-damage|p1a: Gyarados|0 fnt|[from] Salt Cure\n|faint|p1a: Gyarados\n|upkeep\n|\n|t:|1683400289\n|switch|p1a: Iron Hands|Iron Hands, L50|94\/100 brn\n|turn|9\n|\n|t:|1683400299\n|move|p1b: Amoonguss|Rage Powder|p1b: Amoonguss\n|-singleturn|p1b: Amoonguss|move: Rage Powder\n|move|p1a: Iron Hands|Drain Punch|p2b: Garganacl\n|-supereffective|p2b: Garganacl\n|-damage|p2b: Garganacl|41\/100\n|-heal|p1a: Iron Hands|100\/100 brn|[from] drain|[of] p2b: Garganacl\n|-enditem|p2b: Garganacl|Sitrus Berry|[eat]\n|-heal|p2b: Garganacl|65\/100|[from] item: Sitrus Berry\n|move|p2b: Garganacl|Salt Cure|p1b: Amoonguss\n|-damage|p1b: Amoonguss|43\/100\n|-start|p1b: Amoonguss|Salt Cure\n|\n|-damage|p1a: Iron Hands|94\/100 brn|[from] brn\n|-damage|p1b: Amoonguss|31\/100|[from] Salt Cure\n|upkeep\n|turn|10\n|\n|t:|1683400311\n|move|p2b: Garganacl|Protect|p2b: Garganacl\n|-singleturn|p2b: Garganacl|Protect\n|move|p1b: Amoonguss|Rage Powder|p1b: Amoonguss\n|-singleturn|p1b: Amoonguss|move: Rage Powder\n|move|p1a: Iron Hands|Drain Punch|p2b: Garganacl\n|-activate|p2b: Garganacl|move: Protect\n|\n|-damage|p1a: Iron Hands|88\/100 brn|[from] brn\n|-damage|p1b: Amoonguss|18\/100|[from] Salt Cure\n|upkeep\n|turn|11\n|\n|t:|1683400319\n|move|p1b: Amoonguss|Rage Powder|p1b: Amoonguss\n|-singleturn|p1b: Amoonguss|move: Rage Powder\n|move|p1a: Iron Hands|Drain Punch|p2b: Garganacl\n|-supereffective|p2b: Garganacl\n|-damage|p2b: Garganacl|37\/100\n|-heal|p1a: Iron Hands|100\/100 brn|[from] drain|[of] p2b: Garganacl\n|move|p2b: Garganacl|Recover|p2b: Garganacl\n|-heal|p2b: Garganacl|87\/100\n|\n|-damage|p1a: Iron Hands|94\/100 brn|[from] brn\n|-damage|p1b: Amoonguss|6\/100|[from] Salt Cure\n|upkeep\n|turn|12\n|\n|t:|1683400331\n|move|p2b: Garganacl|Protect|p2b: Garganacl\n|-singleturn|p2b: Garganacl|Protect\n|move|p1a: Iron Hands|Drain Punch|p2b: Garganacl\n|-activate|p2b: Garganacl|move: Protect\n|move|p1b: Amoonguss|Clear Smog|p2b: Garganacl\n|-activate|p2b: Garganacl|move: Protect\n|\n|-damage|p1a: Iron Hands|88\/100 brn|[from] brn\n|-damage|p1b: Amoonguss|0 fnt|[from] Salt Cure\n|faint|p1b: Amoonguss\n|upkeep\n|turn|13\n|\n|t:|1683400340\n|move|p1a: Iron Hands|Drain Punch|p2b: Garganacl\n|-supereffective|p2b: Garganacl\n|-damage|p2b: Garganacl|59\/100\n|-heal|p1a: Iron Hands|100\/100 brn|[from] drain|[of] p2b: Garganacl\n|move|p2b: Garganacl|Salt Cure|p1a: Iron Hands\n|-resisted|p1a: Iron Hands\n|-damage|p1a: Iron Hands|97\/100 brn\n|-start|p1a: Iron Hands|Salt Cure\n|\n|-damage|p1a: Iron Hands|91\/100 brn|[from] brn\n|-damage|p1a: Iron Hands|79\/100 brn|[from] Salt Cure\n|upkeep\n|turn|14\n|c|\u2606HazeOneTrick|so homosexual man\n|c|\u2606AndrwApple|True\n|c|\u2606HazeOneTrick|literally played perfectly\n|c|\u2606AndrwApple|I had to do It\n|c|\u2606HazeOneTrick|u got one good read on me\n|c| KaesyGard|hablen castellano le\u00f1e\n|c|\u2606AndrwApple|A si es cierto verdad\n|\n|t:|1683400382\n|move|p2b: Garganacl|Protect|p2b: Garganacl\n|-singleturn|p2b: Garganacl|Protect\n|move|p1a: Iron Hands|Drain Punch|p2b: Garganacl\n|-activate|p2b: Garganacl|move: Protect\n|\n|-damage|p1a: Iron Hands|73\/100 brn|[from] brn\n|-damage|p1a: Iron Hands|60\/100 brn|[from] Salt Cure\n|upkeep\n|turn|15\n|\n|t:|1683400386\n|move|p1a: Iron Hands|Drain Punch|p2b: Garganacl\n|-supereffective|p2b: Garganacl\n|-damage|p2b: Garganacl|30\/100\n|-heal|p1a: Iron Hands|73\/100 brn|[from] drain|[of] p2b: Garganacl\n|move|p2b: Garganacl|Recover|p2b: Garganacl\n|-heal|p2b: Garganacl|81\/100\n|\n|-damage|p1a: Iron Hands|67\/100 brn|[from] brn\n|-damage|p1a: Iron Hands|55\/100 brn|[from] Salt Cure\n|upkeep\n|turn|16\n|\n|t:|1683400389\n|move|p2b: Garganacl|Protect|p2b: Garganacl\n|-singleturn|p2b: Garganacl|Protect\n|move|p1a: Iron Hands|Drain Punch|p2b: Garganacl\n|-activate|p2b: Garganacl|move: Protect\n|\n|-damage|p1a: Iron Hands|49\/100 brn|[from] brn\n|-damage|p1a: Iron Hands|36\/100 brn|[from] Salt Cure\n|upkeep\n|turn|17\n|\n|t:|1683400394\n|move|p1a: Iron Hands|Drain Punch|p2b: Garganacl\n|-supereffective|p2b: Garganacl\n|-damage|p2b: Garganacl|51\/100\n|-heal|p1a: Iron Hands|49\/100 brn|[from] drain|[of] p2b: Garganacl\n|move|p2b: Garganacl|Salt Cure|p1a: Iron Hands\n|-resisted|p1a: Iron Hands\n|-damage|p1a: Iron Hands|46\/100 brn\n|\n|-damage|p1a: Iron Hands|40\/100 brn|[from] brn\n|-damage|p1a: Iron Hands|28\/100 brn|[from] Salt Cure\n|upkeep\n|turn|18\n|\n|t:|1683400399\n|move|p2b: Garganacl|Protect|p2b: Garganacl\n|-singleturn|p2b: Garganacl|Protect\n|move|p1a: Iron Hands|Drain Punch|p2b: Garganacl\n|-activate|p2b: Garganacl|move: Protect\n|\n|-damage|p1a: Iron Hands|22\/100 brn|[from] brn\n|-damage|p1a: Iron Hands|9\/100 brn|[from] Salt Cure\n|upkeep\n|turn|19\n|\n|t:|1683400403\n|move|p1a: Iron Hands|Drain Punch|p2b: Garganacl\n|-supereffective|p2b: Garganacl\n|-damage|p2b: Garganacl|19\/100\n|-heal|p1a: Iron Hands|23\/100 brn|[from] drain|[of] p2b: Garganacl\n|move|p2b: Garganacl|Recover|p2b: Garganacl\n|-heal|p2b: Garganacl|70\/100\n|\n|-damage|p1a: Iron Hands|17\/100 brn|[from] brn\n|-damage|p1a: Iron Hands|5\/100 brn|[from] Salt Cure\n|upkeep\n|turn|20\n|c|\u2606AndrwApple|gg wp\n|\n|t:|1683400409\n|move|p2b: Garganacl|Protect|p2b: Garganacl\n|-singleturn|p2b: Garganacl|Protect\n|move|p1a: Iron Hands|Drain Punch|p2b: Garganacl\n|-activate|p2b: Garganacl|move: Protect\n|\n|-damage|p1a: Iron Hands|0 fnt|[from] brn\n|faint|p1a: Iron Hands\n|-end|p1a: Iron Hands|Quark Drive|[silent]\n|\n|win|AndrwApple\n|upkeep\n|c|\u2606HazeOneTrick|homosexual\n|c|\u2606AndrwApple|Si\n|l|\u2606AndrwApple\n|c| KaesyGard|ajjaja\n|j|\u2606AndrwApple\n|player|p2|AndrwApple|calem-masters\n|l| KaesyGard\n","uploadtime":1683400430,"views":15,"p1id":"hazeonetrick","p2id":"andrwapple","formatid":"gen9vgc2023regulationc","rating":0,"private":0,"password":""}