{"id":"gen9vgc2023regulationc-1857960336","p1":"mr_moshepit","p2":"LorLor_Battles2","format":"[Gen 9] VGC 2023 Regulation C","log":"|j|\u2606mr_moshepit\n|j|\u2606LorLor_Battles2\n|t:|1683252615\n|gametype|doubles\n|player|p1|mr_moshepit|hilbert|1319\n|player|p2|LorLor_Battles2|265|1260\n|teamsize|p1|6\n|teamsize|p2|6\n|gen|9\n|tier|[Gen 9] VGC 2023 Regulation C\n|rated|\n|rule|Species Clause: Limit one of each Pok\u00e9mon\n|rule|Item Clause: Limit one of each item\n|clearpoke\n|poke|p1|Ting-Lu, L50|\n|poke|p1|Flutter Mane, L50|\n|poke|p1|Arcanine, L50, M|\n|poke|p1|Palafin, L50, F|\n|poke|p1|Iron Hands, L50|\n|poke|p1|Amoonguss, L50, F|\n|poke|p2|Baxcalibur, L50, M|\n|poke|p2|Flutter Mane, L50|\n|poke|p2|Arcanine, L50, F|\n|poke|p2|Amoonguss, L50, F|\n|poke|p2|Palafin, L50, M|\n|poke|p2|Ting-Lu, L50|\n|teampreview|4\n|inactive|Battle timer is ON: inactive players will automatically lose when time's up. (requested by mr_moshepit)\n|\n|t:|1683252665\n|start\n|switch|p1a: Flutter Mane|Flutter Mane, L50|100\/100\n|switch|p1b: Palafin|Palafin, L50, F|100\/100\n|switch|p2a: Palafin|Palafin, L50, M|100\/100\n|switch|p2b: Ting-Lu|Ting-Lu, L50|100\/100\n|-ability|p2b: Ting-Lu|Vessel of Ruin\n|turn|1\n|\n|t:|1683252681\n|-end|p1a: Flutter Mane|Protosynthesis|[silent]\n|switch|p1a: Arcanine|Arcanine, L50, M|100\/100\n|-ability|p1a: Arcanine|Intimidate|boost\n|-unboost|p2a: Palafin|atk|1\n|-unboost|p2b: Ting-Lu|atk|1\n|detailschange|p2a: Palafin|Palafin-Hero, L50, M\n|switch|p2a: Amoonguss|Amoonguss, L50, F|100\/100\n|move|p1b: Palafin|Wave Crash|p2b: Ting-Lu\n|-supereffective|p2b: Ting-Lu\n|-damage|p2b: Ting-Lu|27\/100\n|-damage|p1b: Palafin|72\/100|[from] Recoil\n|move|p2b: Ting-Lu|Heavy Slam|p1a: Arcanine\n|-resisted|p1a: Arcanine\n|-damage|p1a: Arcanine|91\/100\n|\n|upkeep\n|turn|2\n|inactive|LorLor_Battles2 has 30 seconds left.\n|inactive|LorLor_Battles2 has 20 seconds left.\n|inactive|LorLor_Battles2 has 15 seconds left.\n|inactive|LorLor_Battles2 has 10 seconds left.\n|inactive|LorLor_Battles2 has 5 seconds left.\n|\n|t:|1683252732\n|detailschange|p1b: Palafin|Palafin-Hero, L50, F\n|switch|p1b: Amoonguss|Amoonguss, L50, F|100\/100\n|move|p1a: Arcanine|Flare Blitz|p2b: Ting-Lu\n|-damage|p2b: Ting-Lu|0 fnt\n|faint|p2b: Ting-Lu\n|-damage|p1a: Arcanine|80\/100|[from] Recoil\n|move|p2a: Amoonguss|Spore|p1b: Amoonguss\n|-immune|p1b: Amoonguss\n|\n|upkeep\n|\n|t:|1683252740\n|switch|p2b: Palafin|Palafin-Hero, L50, M|100\/100\n|-activate|p2b: Palafin|ability: Zero to Hero\n|turn|3\n|\n|t:|1683252762\n|switch|p2a: Arcanine|Arcanine, L50, F|100\/100\n|-ability|p2a: Arcanine|Intimidate|boost\n|-unboost|p1a: Arcanine|atk|1\n|-unboost|p1b: Amoonguss|atk|1\n|-terastallize|p1a: Arcanine|Water\n|move|p2b: Palafin|Protect|p2b: Palafin\n|-singleturn|p2b: Palafin|Protect\n|move|p1a: Arcanine|Will-O-Wisp|p2b: Palafin\n|-activate|p2b: Palafin|move: Protect\n|move|p1b: Amoonguss|Pollen Puff|p1a: Arcanine\n|-heal|p1a: Arcanine|100\/100\n|\n|upkeep\n|turn|4\n|inactive|LorLor_Battles2 has 30 seconds left.\n|inactive|LorLor_Battles2 has 20 seconds left.\n|inactive|LorLor_Battles2 has 15 seconds left.\n|inactive|LorLor_Battles2 has 10 seconds left.\n|\n|t:|1683252809\n|switch|p2b: Amoonguss|Amoonguss, L50, F|100\/100\n|move|p1b: Amoonguss|Protect|p1b: Amoonguss\n|-singleturn|p1b: Amoonguss|Protect\n|move|p2a: Arcanine|Flare Blitz|p1b: Amoonguss\n|-activate|p1b: Amoonguss|move: Protect\n|move|p1a: Arcanine|Will-O-Wisp|p2b: Amoonguss\n|-status|p2b: Amoonguss|brn\n|\n|-damage|p2b: Amoonguss|95\/100 brn|[from] brn\n|upkeep\n|turn|5\n|inactive|mr_moshepit has 30 seconds left.\n|inactive|LorLor_Battles2 has 30 seconds left.\n|\n|t:|1683252843\n|switch|p1a: Palafin|Palafin-Hero, L50, F|72\/100\n|-activate|p1a: Palafin|ability: Zero to Hero\n|move|p2b: Amoonguss|Protect|p2b: Amoonguss\n|-singleturn|p2b: Amoonguss|Protect\n|move|p2a: Arcanine|Flare Blitz|p1b: Amoonguss\n|-supereffective|p1b: Amoonguss\n|-damage|p1b: Amoonguss|13\/100\n|-status|p1b: Amoonguss|brn\n|-enditem|p1b: Amoonguss|Sitrus Berry|[eat]\n|-heal|p1b: Amoonguss|38\/100 brn|[from] item: Sitrus Berry\n|-damage|p2a: Arcanine|68\/100|[from] Recoil\n|move|p1b: Amoonguss|Pollen Puff|p1a: Palafin\n|-heal|p1a: Palafin|100\/100\n|\n|-damage|p1b: Amoonguss|32\/100 brn|[from] brn\n|-damage|p2b: Amoonguss|89\/100 brn|[from] brn\n|upkeep\n|turn|6\n|inactive|mr_moshepit has 30 seconds left.\n|inactive|LorLor_Battles2 has 30 seconds left.\n|inactive|mr_moshepit has 20 seconds left.\n|inactive|mr_moshepit has 15 seconds left.\n|inactive|mr_moshepit has 10 seconds left.\n|\n|t:|1683252888\n|move|p2a: Arcanine|Protect|p2a: Arcanine\n|-singleturn|p2a: Arcanine|Protect\n|move|p1a: Palafin|Wave Crash|p2a: Arcanine\n|-activate|p2a: Arcanine|move: Protect\n|move|p1b: Amoonguss|Spore|p2a: Arcanine\n|-activate|p2a: Arcanine|move: Protect\n|move|p2b: Amoonguss|Spore|p1a: Palafin\n|-status|p1a: Palafin|slp|[from] move: Spore\n|\n|-damage|p1b: Amoonguss|26\/100 brn|[from] brn\n|-damage|p2b: Amoonguss|83\/100 brn|[from] brn\n|upkeep\n|turn|7\n|inactive|LorLor_Battles2 has 30 seconds left.\n|inactive|LorLor_Battles2 has 20 seconds left.\n|\n|t:|1683252924\n|switch|p1b: Arcanine|Arcanine, L50, M, tera:Water|100\/100\n|-ability|p1b: Arcanine|Intimidate|boost\n|-unboost|p2a: Arcanine|atk|1\n|-unboost|p2b: Amoonguss|atk|1\n|move|p2a: Arcanine|Flare Blitz|p1b: Arcanine\n|-resisted|p1b: Arcanine\n|-damage|p1b: Arcanine|86\/100\n|-damage|p2a: Arcanine|64\/100|[from] Recoil\n|cant|p1a: Palafin|slp\n|move|p2b: Amoonguss|Pollen Puff|p2a: Arcanine\n|-heal|p2a: Arcanine|100\/100\n|\n|-damage|p2b: Amoonguss|77\/100 brn|[from] brn\n|upkeep\n|turn|8\n|inactive|LorLor_Battles2 has 30 seconds left.\n|inactive|mr_moshepit has 30 seconds left.\n|inactive|LorLor_Battles2 has 20 seconds left.\n|inactive|LorLor_Battles2 has 15 seconds left.\n|inactive|LorLor_Battles2 has 10 seconds left.\n|\n|t:|1683252974\n|switch|p1b: Amoonguss|Amoonguss, L50, F|60\/100 brn\n|move|p2a: Arcanine|Protect|p2a: Arcanine\n|-singleturn|p2a: Arcanine|Protect\n|-curestatus|p1a: Palafin|slp|[msg]\n|move|p1a: Palafin|Wave Crash|p2a: Arcanine\n|-activate|p2a: Arcanine|move: Protect\n|move|p2b: Amoonguss|Spore|p1a: Palafin\n|-status|p1a: Palafin|slp|[from] move: Spore\n|\n|-damage|p1b: Amoonguss|54\/100 brn|[from] brn\n|-damage|p2b: Amoonguss|71\/100 brn|[from] brn\n|upkeep\n|turn|9\n|inactive|LorLor_Battles2 has 30 seconds left.\n|\n|t:|1683253001\n|switch|p2b: Palafin|Palafin-Hero, L50, M|100\/100\n|move|p1b: Amoonguss|Protect|p1b: Amoonguss\n|-singleturn|p1b: Amoonguss|Protect\n|move|p2a: Arcanine|Howl|p2a: Arcanine|[spread] p2a,p2b\n|-boost|p2a: Arcanine|atk|1\n|-boost|p2b: Palafin|atk|1\n|cant|p1a: Palafin|slp\n|\n|-damage|p1b: Amoonguss|48\/100 brn|[from] brn\n|upkeep\n|turn|10\n|\n|t:|1683253018\n|switch|p1b: Arcanine|Arcanine, L50, M, tera:Water|86\/100\n|-ability|p1b: Arcanine|Intimidate|boost\n|-unboost|p2a: Arcanine|atk|1\n|-unboost|p2b: Palafin|atk|1\n|move|p2a: Arcanine|Flare Blitz|p1b: Arcanine\n|-resisted|p1b: Arcanine\n|-damage|p1b: Arcanine|71\/100\n|-damage|p2a: Arcanine|95\/100|[from] Recoil\n|move|p2b: Palafin|Wave Crash|p1b: Arcanine\n|-resisted|p1b: Arcanine\n|-damage|p1b: Arcanine|28\/100\n|-damage|p2b: Palafin|87\/100|[from] Recoil\n|cant|p1a: Palafin|slp\n|\n|upkeep\n|turn|11\n|inactive|mr_moshepit has 30 seconds left.\n|inactive|LorLor_Battles2 has 30 seconds left.\n|inactive|LorLor_Battles2 has 20 seconds left.\n|\n|t:|1683253058\n|switch|p2a: Amoonguss|Amoonguss, L50, F|100\/100 brn\n|switch|p1a: Amoonguss|Amoonguss, L50, F|81\/100 brn\n|move|p2b: Palafin|Protect|p2b: Palafin\n|-singleturn|p2b: Palafin|Protect\n|move|p1b: Arcanine|Will-O-Wisp|p2b: Palafin\n|-activate|p2b: Palafin|move: Protect\n|\n|-damage|p1a: Amoonguss|75\/100 brn|[from] brn\n|-damage|p2a: Amoonguss|95\/100 brn|[from] brn\n|upkeep\n|turn|12\n|inactive|LorLor_Battles2 has 30 seconds left.\n|inactive|mr_moshepit has 30 seconds left.\n|inactive|LorLor_Battles2 has 20 seconds left.\n|\n|t:|1683253099\n|switch|p1b: Palafin|Palafin-Hero, L50, F|100\/100 slp\n|move|p2b: Palafin|Wave Crash|p1b: Palafin\n|-resisted|p1b: Palafin\n|-damage|p1b: Palafin|60\/100 slp\n|-damage|p2b: Palafin|73\/100|[from] Recoil\n|move|p1a: Amoonguss|Spore|p2b: Palafin\n|-status|p2b: Palafin|slp|[from] move: Spore\n|move|p2a: Amoonguss|Pollen Puff|p1b: Palafin\n|-damage|p1b: Palafin|42\/100 slp\n|\n|-damage|p1a: Amoonguss|69\/100 brn|[from] brn\n|-damage|p2a: Amoonguss|89\/100 brn|[from] brn\n|upkeep\n|turn|13\n|inactive|mr_moshepit has 30 seconds left.\n|inactive|LorLor_Battles2 has 30 seconds left.\n|\n|t:|1683253127\n|cant|p2b: Palafin|slp\n|cant|p1b: Palafin|slp\n|move|p1a: Amoonguss|Pollen Puff|p1b: Palafin\n|-heal|p1b: Palafin|92\/100 slp\n|move|p2a: Amoonguss|Pollen Puff|p2b: Palafin\n|-heal|p2b: Palafin|100\/100 slp\n|\n|-damage|p1a: Amoonguss|63\/100 brn|[from] brn\n|-damage|p2a: Amoonguss|83\/100 brn|[from] brn\n|upkeep\n|turn|14\n|inactive|LorLor_Battles2 has 30 seconds left this turn.\n|inactive|LorLor_Battles2 has 20 seconds left.\n|inactive|LorLor_Battles2 has 15 seconds left.\n|\n|t:|1683253146\n|move|p2a: Amoonguss|Rage Powder|p2a: Amoonguss\n|-singleturn|p2a: Amoonguss|move: Rage Powder\n|cant|p2b: Palafin|slp\n|-curestatus|p1b: Palafin|slp|[msg]\n|move|p1b: Palafin|Wave Crash|p2a: Amoonguss\n|-resisted|p2a: Amoonguss\n|-damage|p2a: Amoonguss|44\/100 brn\n|-enditem|p2a: Amoonguss|Sitrus Berry|[eat]\n|-heal|p2a: Amoonguss|69\/100 brn|[from] item: Sitrus Berry\n|-damage|p1b: Palafin|78\/100|[from] Recoil\n|move|p1a: Amoonguss|Spore|p2b: Palafin\n|-fail|p2b: Palafin|slp\n|\n|-damage|p1a: Amoonguss|57\/100 brn|[from] brn\n|-damage|p2a: Amoonguss|63\/100 brn|[from] brn\n|upkeep\n|turn|15\n|inactive|LorLor_Battles2 has 15 seconds left this turn.\n|inactive|LorLor_Battles2 has 10 seconds left.\n|inactive|LorLor_Battles2 has 5 seconds left.\n|\n|t:|1683253164\n|switch|p2a: Arcanine|Arcanine, L50, F|95\/100\n|-ability|p2a: Arcanine|Intimidate|boost\n|-unboost|p1a: Amoonguss|atk|1\n|-unboost|p1b: Palafin|atk|1\n|move|p1b: Palafin|Protect|p1b: Palafin\n|-singleturn|p1b: Palafin|Protect\n|-curestatus|p2b: Palafin|slp|[msg]\n|move|p2b: Palafin|Wave Crash|p1b: Palafin\n|-activate|p1b: Palafin|move: Protect\n|move|p1a: Amoonguss|Spore|p2b: Palafin\n|-status|p2b: Palafin|slp|[from] move: Spore\n|\n|-damage|p1a: Amoonguss|51\/100 brn|[from] brn\n|upkeep\n|turn|16\n|inactive|LorLor_Battles2 has 5 seconds left this turn.\n|\n|t:|1683253178\n|switch|p1a: Arcanine|Arcanine, L50, M, tera:Water|28\/100\n|-ability|p1a: Arcanine|Intimidate|boost\n|-unboost|p2a: Arcanine|atk|1\n|-unboost|p2b: Palafin|atk|1\n|move|p2a: Arcanine|Extreme Speed|p1a: Arcanine\n|-damage|p1a: Arcanine|13\/100\n|cant|p2b: Palafin|slp\n|move|p1b: Palafin|Wave Crash|p2a: Arcanine\n|-supereffective|p2a: Arcanine\n|-damage|p2a: Arcanine|0 fnt\n|faint|p2a: Arcanine\n|-damage|p1b: Palafin|49\/100|[from] Recoil\n|\n|upkeep\n|inactive|LorLor_Battles2 has 5 seconds left this turn.\n|\n|t:|1683253182\n|switch|p2a: Amoonguss|Amoonguss, L50, F|96\/100 brn\n|turn|17\n|inactive|LorLor_Battles2 has 5 seconds left this turn.\n|-message|LorLor_Battles2 lost due to inactivity.\n|\n|win|mr_moshepit\n|raw|mr_moshepit's rating: 1319 → 1336<\/strong> (+17 for winning)\n|raw|LorLor_Battles2's rating: 1260 → 1239<\/strong> (-21 for losing)\n|l|\u2606LorLor_Battles2\n|c|\u2606mr_moshepit|pala mirrors lol\n","uploadtime":1683253223,"views":3,"p1id":"mrmoshepit","p2id":"lorlorbattles2","formatid":"gen9vgc2023regulationc","rating":1239,"private":0,"password":""}