{"id":"gen9vgc2023regulationc-1855724989","p1":"gianniking","p2":"Felipe.Miller.V","format":"[Gen 9] VGC 2023 Regulation C","log":"|j|\u2606gianniking\n|j|\u2606Felipe.Miller.V\n|t:|1682977088\n|gametype|doubles\n|player|p1|gianniking|266|1286\n|player|p2|Felipe.Miller.V|170|1255\n|teamsize|p1|6\n|teamsize|p2|6\n|gen|9\n|tier|[Gen 9] VGC 2023 Regulation C\n|rated|\n|rule|Species Clause: Limit one of each Pok\u00e9mon\n|rule|Item Clause: Limit one of each item\n|clearpoke\n|poke|p1|Annihilape, L50, M|\n|poke|p1|Maushold, L50|\n|poke|p1|Corviknight, L50, F|\n|poke|p1|Gholdengo, L50|\n|poke|p1|Gastrodon, L50, M|\n|poke|p1|Ting-Lu, L50|\n|poke|p2|Bruxish, L50, F|\n|poke|p2|Copperajah, L50, F|\n|poke|p2|Sylveon, L50, M|\n|poke|p2|Appletun, L50, M|\n|poke|p2|Heracross, L50, F|\n|poke|p2|Oranguru, L50, M|\n|teampreview|4\n|inactive|Battle timer is ON: inactive players will automatically lose when time's up. (requested by Felipe.Miller.V)\ngianniking has agreed to open team sheets.\n|inactive|gianniking has 60 seconds left.\n|\n|t:|1682977164\n|start\n|switch|p1a: Gholdengo|Gholdengo, L50|100\/100\n|switch|p1b: Maushold|Maushold, L50|100\/100\n|switch|p2a: Bruxish|Bruxish, L50, F|100\/100\n|switch|p2b: Copperajah|Copperajah, L50, F|100\/100\n|turn|1\n|\n|t:|1682977178\n|move|p1b: Maushold|Follow Me|p1b: Maushold\n|-singleturn|p1b: Maushold|move: Follow Me\n|move|p1a: Gholdengo|Nasty Plot|p1a: Gholdengo\n|-boost|p1a: Gholdengo|spa|2\n|move|p2b: Copperajah|Curse|p2b: Copperajah\n|-unboost|p2b: Copperajah|spe|1\n|-boost|p2b: Copperajah|atk|1\n|-boost|p2b: Copperajah|def|1\n|move|p2a: Bruxish|Trick Room|p2a: Bruxish\n|-fieldstart|move: Trick Room|[of] p2a: Bruxish\n|\n|upkeep\n|turn|2\n|inactive|gianniking has 30 seconds left.\n|inactive|Felipe.Miller.V has 30 seconds left.\n|inactive|gianniking has 20 seconds left.\n|inactive|Felipe.Miller.V has 20 seconds left.\n|\n|t:|1682977223\n|-terastallize|p2a: Bruxish|Water\n|-terastallize|p1a: Gholdengo|Water\n|move|p1b: Maushold|Follow Me|p1b: Maushold\n|-singleturn|p1b: Maushold|move: Follow Me\n|move|p2b: Copperajah|Iron Head|p1b: Maushold\n|-damage|p1b: Maushold|0 fnt\n|faint|p1b: Maushold\n|move|p2a: Bruxish|Wave Crash|p1a: Gholdengo\n|-resisted|p1a: Gholdengo\n|-damage|p1a: Gholdengo|66\/100\n|-damage|p2a: Bruxish|88\/100|[from] Recoil\n|move|p1a: Gholdengo|Thunderbolt|p2a: Bruxish\n|-supereffective|p2a: Bruxish\n|-crit|p2a: Bruxish\n|-damage|p2a: Bruxish|0 fnt\n|faint|p2a: Bruxish\n|\n|upkeep\n|\n|t:|1682977241\n|switch|p2a: Appletun|Appletun, L50, M, shiny|100\/100\n|switch|p1b: Annihilape|Annihilape, L50, M|100\/100\n|turn|3\n|\n|t:|1682977258\n|move|p1a: Gholdengo|Protect|p1a: Gholdengo\n|-singleturn|p1a: Gholdengo|Protect\n|move|p2b: Copperajah|Zen Headbutt|p1b: Annihilape\n|-supereffective|p1b: Annihilape\n|-damage|p1b: Annihilape|0 fnt\n|faint|p1b: Annihilape\n|move|p2a: Appletun|Apple Acid|p1a: Gholdengo\n|-activate|p1a: Gholdengo|move: Protect\n|\n|upkeep\n|\n|t:|1682977267\n|switch|p1b: Corviknight|Corviknight, L50, F|100\/100\n|turn|4\n|\n|t:|1682977288\n|move|p2b: Copperajah|Curse|p2b: Copperajah\n|-unboost|p2b: Copperajah|spe|1\n|-boost|p2b: Copperajah|atk|1\n|-boost|p2b: Copperajah|def|1\n|move|p2a: Appletun|Apple Acid|p1a: Gholdengo\n|-supereffective|p1a: Gholdengo\n|-damage|p1a: Gholdengo|0 fnt\n|faint|p1a: Gholdengo\n|move|p1b: Corviknight|Brave Bird|p2a: Appletun\n|-supereffective|p2a: Appletun\n|-damage|p2a: Appletun|31\/100\n|-damage|p1b: Corviknight|76\/100|[from] Recoil\n|\n|upkeep\n|turn|5\n|inactive|Felipe.Miller.V has 30 seconds left.\n|\n|t:|1682977314\n|move|p2b: Copperajah|Rock Slide|p1b: Corviknight\n|-damage|p1b: Corviknight|17\/100\n|-enditem|p1b: Corviknight|Sitrus Berry|[eat]\n|-heal|p1b: Corviknight|42\/100|[from] item: Sitrus Berry\n|move|p2a: Appletun|Apple Acid|p1b: Corviknight\n|-resisted|p1b: Corviknight\n|-damage|p1b: Corviknight|32\/100\n|-ability|p1b: Corviknight|Mirror Armor\n|-unboost|p2a: Appletun|spd|1\n|move|p1b: Corviknight|Brave Bird|p2a: Appletun\n|-supereffective|p2a: Appletun\n|-damage|p2a: Appletun|0 fnt\n|faint|p2a: Appletun\n|-damage|p1b: Corviknight|21\/100|[from] Recoil\n|\n|-fieldend|move: Trick Room\n|upkeep\n|\n|t:|1682977329\n|switch|p2a: Sylveon|Sylveon, L50, M, shiny|100\/100\n|turn|6\n|\n|t:|1682977340\n|move|p1b: Corviknight|Roost|p1b: Corviknight\n|-heal|p1b: Corviknight|72\/100\n|-singleturn|p1b: Corviknight|move: Roost\n|move|p2a: Sylveon|Hyper Voice|p1b: Corviknight\n|-resisted|p1b: Corviknight\n|-damage|p1b: Corviknight|32\/100\n|move|p2b: Copperajah|Iron Head|p1b: Corviknight\n|-resisted|p1b: Corviknight\n|-damage|p1b: Corviknight|0 fnt\n|faint|p1b: Corviknight\n|\n|win|Felipe.Miller.V\n|raw|gianniking's rating: 1304 → 1281<\/strong> (-23 for losing)\n|raw|Felipe.Miller.V's rating: 1255 → 1284<\/strong> (+29 for winning)\n","uploadtime":1682977352,"views":14,"p1id":"gianniking","p2id":"felipemillerv","formatid":"gen9vgc2023regulationc","rating":1281,"private":0,"password":""}