{"id":"gen9vgc2023regulationc-1851793706","p1":"hit my whip","p2":"mugiwaraLux","format":"[Gen 9] VGC 2023 Regulation C","log":"|j|\u2606hit my whip\n|j|\u2606mugiwaraLux\n|t:|1682484748\n|gametype|doubles\n|player|p1|hit my whip|acetrainerf-gen4dp|1419\n|player|p2|mugiwaraLux|1|1322\n|teamsize|p1|6\n|teamsize|p2|6\n|gen|9\n|tier|[Gen 9] VGC 2023 Regulation C\n|rated|\n|rule|Species Clause: Limit one of each Pok\u00e9mon\n|rule|Item Clause: Limit one of each item\n|clearpoke\n|poke|p1|Glimmora, L50, M|\n|poke|p1|Tyranitar, L50, M|\n|poke|p1|Houndstone, L50, F|\n|poke|p1|Garchomp, L50, M|\n|poke|p1|Annihilape, L50, F|\n|poke|p1|Scizor, L50, M|\n|poke|p2|Palafin, L50, F|\n|poke|p2|Amoonguss, L50, M|\n|poke|p2|Flutter Mane, L50|\n|poke|p2|Arcanine, L50, F|\n|poke|p2|Roaring Moon, L50|\n|poke|p2|Chien-Pao, L50|\n|teampreview|4\n|inactive|Battle timer is ON: inactive players will automatically lose when time's up. (requested by mugiwaraLux)\n|inactive|hit my whip also wants the timer to be on.\nmugiwaraLux has agreed to open team sheets.\n|inactive|mugiwaraLux has 60 seconds left.\n|\n|t:|1682484781\n|start\n|switch|p1a: Glimmora|Glimmora, L50, M|100\/100\n|switch|p1b: Scizor|Scizor, L50, M|100\/100\n|switch|p2a: Palafin|Palafin, L50, F|100\/100\n|switch|p2b: Amoonguss|Amoonguss, L50, M|100\/100\n|turn|1\n|\n|t:|1682484797\n|move|p2a: Palafin|Jet Punch|p1a: Glimmora\n|-supereffective|p1a: Glimmora\n|-damage|p1a: Glimmora|35\/100\n|-activate|p1a: Glimmora|ability: Toxic Debris\n|-sidestart|p2: mugiwaraLux|move: Toxic Spikes\n|move|p1a: Glimmora|Sludge Bomb|p2b: Amoonguss\n|-damage|p2b: Amoonguss|65\/100\n|move|p1b: Scizor|X-Scissor|p2b: Amoonguss\n|-damage|p2b: Amoonguss|2\/100\n|-enditem|p2b: Amoonguss|Sitrus Berry|[eat]\n|-heal|p2b: Amoonguss|27\/100|[from] item: Sitrus Berry\n|move|p2b: Amoonguss|Spore|p1b: Scizor\n|-status|p1b: Scizor|slp|[from] move: Spore\n|\n|upkeep\n|turn|2\n|\n|t:|1682484815\n|switch|p2b: Roaring Moon|Roaring Moon, L50|100\/100\n|-enditem|p2b: Roaring Moon|Booster Energy\n|-activate|p2b: Roaring Moon|ability: Protosynthesis|[fromitem]\n|-start|p2b: Roaring Moon|protosynthesisatk\n|-status|p2b: Roaring Moon|psn\n|move|p1a: Glimmora|Spiky Shield|p1a: Glimmora\n|-singleturn|p1a: Glimmora|move: Protect\n|move|p2a: Palafin|Jet Punch|p1a: Glimmora\n|-activate|p1a: Glimmora|move: Protect\n|-damage|p2a: Palafin|88\/100|[from] Spiky Shield|[of] p1a: Glimmora\n|cant|p1b: Scizor|slp\n|\n|-damage|p2b: Roaring Moon|88\/100 psn|[from] psn\n|upkeep\n|turn|3\n|\n|t:|1682484828\n|detailschange|p2a: Palafin|Palafin-Hero, L50, F\n|switch|p2a: Amoonguss|Amoonguss, L50, M|60\/100\n|-sideend|p2: mugiwaraLux|move: Toxic Spikes|[of] p2a: Amoonguss\n|-terastallize|p2b: Roaring Moon|Flying\n|move|p2b: Roaring Moon|Throat Chop|p1a: Glimmora\n|-damage|p1a: Glimmora|0 fnt\n|-activate|p1a: Glimmora|ability: Toxic Debris\n|-sidestart|p2: mugiwaraLux|move: Toxic Spikes\n|faint|p1a: Glimmora\n|cant|p1b: Scizor|slp\n|\n|-damage|p2b: Roaring Moon|75\/100 psn|[from] psn\n|upkeep\n|\n|t:|1682484834\n|switch|p1a: Tyranitar|Tyranitar, L50, M|100\/100\n|-weather|Sandstorm|[from] ability: Sand Stream|[of] p1a: Tyranitar\n|turn|4\n|\n|t:|1682484853\n|-terastallize|p1a: Tyranitar|Flying\n|move|p2a: Amoonguss|Rage Powder|p2a: Amoonguss\n|-singleturn|p2a: Amoonguss|move: Rage Powder\n|move|p2b: Roaring Moon|Acrobatics|p1b: Scizor\n|-damage|p1b: Scizor|17\/100 slp\n|cant|p1b: Scizor|slp\n|move|p1a: Tyranitar|Rock Slide|p2b: Roaring Moon|[spread] p2a\n|-miss|p1a: Tyranitar|p2b: Roaring Moon\n|-damage|p2a: Amoonguss|33\/100\n|\n|-weather|Sandstorm|[upkeep]\n|-damage|p2b: Roaring Moon|70\/100 psn|[from] Sandstorm\n|-damage|p1a: Tyranitar|95\/100|[from] Sandstorm\n|-damage|p2a: Amoonguss|27\/100|[from] Sandstorm\n|-damage|p2b: Roaring Moon|57\/100 psn|[from] psn\n|upkeep\n|turn|5\n|\n|t:|1682484874\n|switch|p2a: Palafin|Palafin-Hero, L50, F|88\/100\n|-status|p2a: Palafin|psn\n|-activate|p2a: Palafin|ability: Zero to Hero\n|move|p2b: Roaring Moon|Acrobatics|p1a: Tyranitar\n|-damage|p1a: Tyranitar|33\/100\n|-curestatus|p1b: Scizor|slp|[msg]\n|move|p1b: Scizor|X-Scissor|p2b: Roaring Moon\n|-resisted|p2b: Roaring Moon\n|-damage|p2b: Roaring Moon|15\/100 psn\n|move|p1a: Tyranitar|Rock Slide|p2a: Palafin|[spread] p2a,p2b\n|-supereffective|p2b: Roaring Moon\n|-damage|p2a: Palafin|53\/100 psn\n|-damage|p2b: Roaring Moon|0 fnt\n|faint|p2b: Roaring Moon\n|-end|p2b: Roaring Moon|Protosynthesis|[silent]\n|\n|-weather|Sandstorm|[upkeep]\n|-damage|p2a: Palafin|48\/100 psn|[from] Sandstorm\n|-damage|p1a: Tyranitar|27\/100|[from] Sandstorm\n|-damage|p2a: Palafin|35\/100 psn|[from] psn\n|upkeep\n|\n|t:|1682484884\n|switch|p2b: Amoonguss|Amoonguss, L50, M|60\/100\n|-sideend|p2: mugiwaraLux|move: Toxic Spikes|[of] p2b: Amoonguss\n|turn|6\n|\n|t:|1682484894\n|move|p2a: Palafin|Jet Punch|p1b: Scizor\n|-damage|p1b: Scizor|0 fnt\n|faint|p1b: Scizor\n|move|p1a: Tyranitar|Rock Slide|p2b: Amoonguss|[spread] p2a,p2b\n|-damage|p2a: Palafin|2\/100 psn\n|-damage|p2b: Amoonguss|29\/100\n|cant|p2b: Amoonguss|flinch\n|\n|-weather|Sandstorm|[upkeep]\n|-damage|p2a: Palafin|0 fnt|[from] Sandstorm\n|-damage|p1a: Tyranitar|21\/100|[from] Sandstorm\n|-damage|p2b: Amoonguss|24\/100|[from] Sandstorm\n|faint|p2a: Palafin\n|upkeep\n|\n|t:|1682484899\n|switch|p2a: Mimi|Flutter Mane, L50|100\/100\n|switch|p1b: what the dog doin|Houndstone, L50, F|100\/100\n|turn|7\n|\n|t:|1682484913\n|move|p2b: Amoonguss|Rage Powder|p2b: Amoonguss\n|-singleturn|p2b: Amoonguss|move: Rage Powder\n|move|p1b: what the dog doin|Last Respects|p2b: Amoonguss\n|-damage|p2b: Amoonguss|0 fnt\n|faint|p2b: Amoonguss\n|-damage|p1b: what the dog doin|91\/100|[from] item: Life Orb\n|move|p2a: Mimi|Shadow Ball|p1b: what the dog doin\n|-supereffective|p1b: what the dog doin\n|-damage|p1b: what the dog doin|0 fnt\n|faint|p1b: what the dog doin\n|move|p1a: Tyranitar|Tera Blast|p2a: Mimi\n|-damage|p2a: Mimi|4\/100\n|\n|-weather|Sandstorm|[upkeep]\n|-damage|p2a: Mimi|0 fnt|[from] Sandstorm\n|-damage|p1a: Tyranitar|15\/100|[from] Sandstorm\n|faint|p2a: Mimi\n|-end|p2a: Mimi|Protosynthesis|[silent]\n|\n|win|hit my whip\n|upkeep\n|raw|hit my whip's rating: 1419 → 1434<\/strong> (+15 for winning)\n|raw|mugiwaraLux's rating: 1322 → 1307<\/strong> (-15 for losing)\n|l|\u2606hit my whip\n","uploadtime":1682484925,"views":11,"p1id":"hitmywhip","p2id":"mugiwaralux","formatid":"gen9vgc2023regulationc","rating":1307,"private":0,"password":""}