{"id":"gen9vgc2023regulationc-1862824064","p1":"manilovebalance","p2":"Reece924","format":"[Gen 9] VGC 2023 Regulation C","log":"|j|\u2606manilovebalance\n|j|\u2606Reece924\n|t:|1683926017\n|gametype|doubles\n|player|p1|manilovebalance|schoolboy-gen2|1105\n|player|p2|Reece924|170|1073\n|teamsize|p1|6\n|teamsize|p2|6\n|gen|9\n|tier|[Gen 9] VGC 2023 Regulation C\n|rated|\n|rule|Species Clause: Limit one of each Pok\u00e9mon\n|rule|Item Clause: Limit one of each item\n|clearpoke\n|poke|p1|Amoonguss, L50, F|\n|poke|p1|Flutter Mane, L50|\n|poke|p1|Dragonite, L50, F|\n|poke|p1|Dondozo, L50, M|\n|poke|p1|Kingambit, L50, F|\n|poke|p1|Arcanine, L50, M|\n|poke|p2|Scream Tail, L50|\n|poke|p2|Ceruledge, L50, F|\n|poke|p2|Gyarados, L50, M|\n|poke|p2|Chi-Yu, L50|\n|poke|p2|Flutter Mane, L50|\n|poke|p2|Chien-Pao, L50|\n|teampreview|4\n|inactive|Battle timer is ON: inactive players will automatically lose when time's up. (requested by manilovebalance)\n|\n|t:|1683926041\n|start\n|switch|p1a: Dragonite|Dragonite, L50, F|100\/100\n|switch|p1b: Arcanine|Arcanine, L50, M|100\/100\n|switch|p2a: Chien-Pao|Chien-Pao, L50|100\/100\n|switch|p2b: Chi-Yu|Chi-Yu, L50|100\/100\n|-ability|p2b: Chi-Yu|Beads of Ruin\n|-ability|p2a: Chien-Pao|Sword of Ruin\n|-ability|p1b: Arcanine|Intimidate|boost\n|-unboost|p2a: Chien-Pao|atk|1\n|-unboost|p2b: Chi-Yu|atk|1\n|turn|1\n|\n|t:|1683926066\n|switch|p2a: Gyarados|Gyarados, L50, M|100\/100\n|-ability|p2a: Gyarados|Intimidate|boost\n|-unboost|p1a: Dragonite|atk|1\n|-unboost|p1b: Arcanine|atk|1\n|switch|p1a: Dondozo|Dondozo, L50, M|100\/100\n|move|p2b: Chi-Yu|Dark Pulse|p1b: Arcanine\n|-damage|p1b: Arcanine|33\/100\n|move|p1b: Arcanine|Howl|p1b: Arcanine|[spread] p1a,p1b\n|-boost|p1a: Dondozo|atk|1\n|-boost|p1b: Arcanine|atk|1\n|\n|upkeep\n|turn|2\n|inactive|manilovebalance has 30 seconds left.\n|\n|t:|1683926096\n|switch|p1b: Dragonite|Dragonite, L50, F|100\/100\n|move|p2b: Chi-Yu|Dark Pulse|p1b: Dragonite\n|-crit|p1b: Dragonite\n|-damage|p1b: Dragonite|71\/100\n|move|p2a: Gyarados|Thunder Wave|p1a: Dondozo\n|-status|p1a: Dondozo|par\n|cant|p1a: Dondozo|par\n|\n|upkeep\n|turn|3\n|inactive|manilovebalance has 30 seconds left.\n|\n|t:|1683926121\n|switch|p1b: Amoonguss|Amoonguss, L50, F|100\/100\n|switch|p2a: Chien-Pao|Chien-Pao, L50|100\/100\n|-ability|p2a: Chien-Pao|Sword of Ruin\n|move|p2b: Chi-Yu|Dark Pulse|p1b: Amoonguss\n|-damage|p1b: Amoonguss|47\/100\n|-enditem|p1b: Amoonguss|Sitrus Berry|[eat]\n|-heal|p1b: Amoonguss|72\/100|[from] item: Sitrus Berry\n|cant|p1a: Dondozo|par\n|\n|upkeep\n|turn|4\n|\n|t:|1683926143\n|switch|p1b: Arcanine|Arcanine, L50, M|33\/100\n|-ability|p1b: Arcanine|Intimidate|boost\n|-unboost|p2a: Chien-Pao|atk|1\n|-unboost|p2b: Chi-Yu|atk|1\n|move|p2b: Chi-Yu|Dark Pulse|p1b: Arcanine\n|-damage|p1b: Arcanine|0 fnt\n|faint|p1b: Arcanine\n|move|p2a: Chien-Pao|Ice Spinner|p1a: Dondozo\n|-resisted|p1a: Dondozo\n|-damage|p1a: Dondozo|88\/100 par\n|move|p1a: Dondozo|Liquidation|p2b: Chi-Yu\n|-supereffective|p2b: Chi-Yu\n|-damage|p2b: Chi-Yu|0 fnt\n|faint|p2b: Chi-Yu\n|\n|-heal|p1a: Dondozo|94\/100 par|[from] item: Leftovers\n|upkeep\n|\n|t:|1683926165\n|switch|p2b: Ceruledge|Ceruledge, L50, F|100\/100\n|switch|p1b: Dragonite|Dragonite, L50, F|71\/100\n|turn|5\n|\n|t:|1683926190\n|switch|p1b: Amoonguss|Amoonguss, L50, F|100\/100\n|move|p2b: Ceruledge|Protect|p2b: Ceruledge\n|-singleturn|p2b: Ceruledge|Protect\n|move|p2a: Chien-Pao|Ice Spinner|p1b: Amoonguss\n|-supereffective|p1b: Amoonguss\n|-damage|p1b: Amoonguss|45\/100\n|move|p1a: Dondozo|Heavy Slam|p2a: Chien-Pao\n|-supereffective|p2a: Chien-Pao\n|-damage|p2a: Chien-Pao|66\/100\n|\n|-heal|p1a: Dondozo|100\/100 par|[from] item: Leftovers\n|upkeep\n|turn|6\n|inactive|manilovebalance has 30 seconds left.\n|\n|t:|1683926219\n|-terastallize|p2b: Ceruledge|Steel\n|-terastallize|p1b: Amoonguss|Water\n|move|p2a: Chien-Pao|Ice Spinner|p1b: Amoonguss\n|-resisted|p1b: Amoonguss\n|-damage|p1b: Amoonguss|29\/100\n|move|p2b: Ceruledge|Bulk Up|p2b: Ceruledge\n|-boost|p2b: Ceruledge|atk|1\n|-boost|p2b: Ceruledge|def|1\n|move|p1b: Amoonguss|Spore|p2a: Chien-Pao\n|-status|p2a: Chien-Pao|slp|[from] move: Spore\n|move|p1a: Dondozo|Liquidation|p2b: Ceruledge\n|-damage|p2b: Ceruledge|41\/100\n|\n|upkeep\n|turn|7\n|\n|t:|1683926238\n|switch|p2a: Gyarados|Gyarados, L50, M|100\/100\n|-ability|p2a: Gyarados|Intimidate|boost\n|-unboost|p1a: Dondozo|atk|1\n|-unboost|p1b: Amoonguss|atk|1\n|move|p2b: Ceruledge|Shadow Sneak|p1b: Amoonguss\n|-damage|p1b: Amoonguss|0 fnt\n|faint|p1b: Amoonguss\n|-damage|p2b: Ceruledge|31\/100|[from] item: Life Orb\n|cant|p1a: Dondozo|par\n|\n|upkeep\n|\n|t:|1683926241\n|switch|p1b: Dragonite|Dragonite, L50, F|71\/100\n|turn|8\n|\n|t:|1683926254\n|switch|p2a: Chien-Pao|Chien-Pao, L50|66\/100 slp\n|-ability|p2a: Chien-Pao|Sword of Ruin\n|move|p2b: Ceruledge|Protect|p2b: Ceruledge\n|-singleturn|p2b: Ceruledge|Protect\n|move|p1b: Dragonite|Outrage|p2b: Ceruledge\n|-activate|p2b: Ceruledge|move: Protect\n|cant|p1a: Dondozo|par\n|\n|upkeep\n|turn|9\n|inactive|Reece924 has 30 seconds left.\n|\n|t:|1683926289\n|switch|p2a: Gyarados|Gyarados, L50, M|100\/100\n|-ability|p2a: Gyarados|Intimidate|boost\n|-unboost|p1a: Dondozo|atk|1\n|-unboost|p1b: Dragonite|atk|1\n|move|p2b: Ceruledge|Shadow Sneak|p1b: Dragonite\n|-crit|p1b: Dragonite\n|-damage|p1b: Dragonite|8\/100\n|-damage|p2b: Ceruledge|22\/100|[from] item: Life Orb\n|move|p1b: Dragonite|Outrage|p2b: Ceruledge\n|-resisted|p2b: Ceruledge\n|-damage|p2b: Ceruledge|4\/100\n|move|p1a: Dondozo|Liquidation|p2b: Ceruledge\n|-damage|p2b: Ceruledge|0 fnt\n|faint|p2b: Ceruledge\n|\n|upkeep\n|\n|t:|1683926302\n|switch|p2b: Chien-Pao|Chien-Pao, L50|66\/100 slp\n|-ability|p2b: Chien-Pao|Sword of Ruin\n|turn|10\n|\n|t:|1683926319\n|cant|p2b: Chien-Pao|slp\n|move|p1b: Dragonite|Outrage|p2a: Gyarados|[from]lockedmove\n|-damage|p2a: Gyarados|35\/100\n|move|p2a: Gyarados|Tera Blast|p1b: Dragonite\n|-damage|p1b: Dragonite|1\/100\n|move|p1a: Dondozo|Yawn||[still]\n|-fail|p1a: Dondozo\n|\n|upkeep\n|turn|11\n|\n|t:|1683926337\n|move|p2a: Gyarados|Protect|p2a: Gyarados\n|-singleturn|p2a: Gyarados|Protect\n|-curestatus|p2b: Chien-Pao|slp|[msg]\n|move|p2b: Chien-Pao|Ice Shard|p1b: Dragonite\n|-supereffective|p1b: Dragonite\n|-damage|p1b: Dragonite|0 fnt\n|faint|p1b: Dragonite\n|move|p1a: Dondozo|Yawn|p2b: Chien-Pao\n|-start|p2b: Chien-Pao|move: Yawn|[of] p1a: Dondozo\n|\n|upkeep\n|turn|12\n|inactive|Reece924 has 30 seconds left.\n|\n|t:|1683926365\n|move|p2b: Chien-Pao|Sacred Sword|p1a: Dondozo\n|-damage|p1a: Dondozo|73\/100 par\n|move|p2a: Gyarados|Tera Blast|p1a: Dondozo\n|-damage|p1a: Dondozo|64\/100 par\n|move|p1a: Dondozo|Liquidation|p2a: Gyarados\n|-resisted|p2a: Gyarados\n|-damage|p2a: Gyarados|18\/100\n|\n|-heal|p1a: Dondozo|70\/100 par|[from] item: Leftovers\n|-end|p2b: Chien-Pao|move: Yawn|[silent]\n|-status|p2b: Chien-Pao|slp\n|upkeep\n|turn|13\n|\n|t:|1683926385\n|cant|p2b: Chien-Pao|slp\n|move|p2a: Gyarados|Tera Blast|p1a: Dondozo\n|-damage|p1a: Dondozo|62\/100 par\n|move|p1a: Dondozo|Liquidation|p2b: Chien-Pao\n|-crit|p2b: Chien-Pao\n|-damage|p2b: Chien-Pao|16\/100 slp\n|\n|-heal|p1a: Dondozo|68\/100 par|[from] item: Leftovers\n|upkeep\n|turn|14\n|\n|t:|1683926410\n|cant|p2b: Chien-Pao|slp\n|move|p2a: Gyarados|Tera Blast|p1a: Dondozo\n|-damage|p1a: Dondozo|59\/100 par\n|move|p1a: Dondozo|Liquidation|p2b: Chien-Pao\n|-damage|p2b: Chien-Pao|0 fnt\n|faint|p2b: Chien-Pao\n|\n|-heal|p1a: Dondozo|65\/100 par|[from] item: Leftovers\n|upkeep\n|turn|15\n|\n|t:|1683926425\n|move|p2a: Gyarados|Waterfall|p1a: Dondozo\n|-resisted|p1a: Dondozo\n|-damage|p1a: Dondozo|53\/100 par\n|move|p1a: Dondozo|Liquidation|p2a: Gyarados\n|-resisted|p2a: Gyarados\n|-damage|p2a: Gyarados|6\/100\n|\n|-heal|p1a: Dondozo|59\/100 par|[from] item: Leftovers\n|upkeep\n|turn|16\n|\n|t:|1683926435\n|move|p2a: Gyarados|Waterfall|p1a: Dondozo\n|-resisted|p1a: Dondozo\n|-damage|p1a: Dondozo|47\/100 par\n|cant|p1a: Dondozo|par\n|\n|-heal|p1a: Dondozo|53\/100 par|[from] item: Leftovers\n|upkeep\n|turn|17\n|\n|t:|1683926442\n|move|p2a: Gyarados|Waterfall|p1a: Dondozo\n|-resisted|p1a: Dondozo\n|-damage|p1a: Dondozo|40\/100 par\n|cant|p1a: Dondozo|flinch\n|\n|-heal|p1a: Dondozo|46\/100 par|[from] item: Leftovers\n|upkeep\n|turn|18\n|\n|t:|1683926450\n|move|p2a: Gyarados|Waterfall|p1a: Dondozo\n|-resisted|p1a: Dondozo\n|-damage|p1a: Dondozo|34\/100 par\n|cant|p1a: Dondozo|flinch\n|\n|-heal|p1a: Dondozo|40\/100 par|[from] item: Leftovers\n|upkeep\n|turn|19\n|\n|t:|1683926457\n|move|p2a: Gyarados|Waterfall|p1a: Dondozo\n|-resisted|p1a: Dondozo\n|-damage|p1a: Dondozo|27\/100 par\n|move|p1a: Dondozo|Liquidation|p2a: Gyarados\n|-resisted|p2a: Gyarados\n|-damage|p2a: Gyarados|0 fnt\n|faint|p2a: Gyarados\n|\n|win|manilovebalance\n|raw|manilovebalance's rating: 1105 → 1128<\/strong> (+23 for winning)\n|raw|Reece924's rating: 1073 → 1054<\/strong> (-19 for losing)\n|l|\u2606Reece924\n","uploadtime":1683926467,"views":15,"p1id":"manilovebalance","p2id":"reece924","formatid":"gen9vgc2023regulationc","rating":1054,"private":0,"password":""}