{"id":"gen9vgc2023regulationc-1846450492","p1":"banjoj0","p2":"P0K3_DUDE","format":"[Gen 9] VGC 2023 Regulation C","log":"|j|\u2606banjoj0\n|j|\u2606P0K3_DUDE\n|t:|1681841861\n|gametype|doubles\n|player|p1|banjoj0|cameraman|1049\n|player|p2|P0K3_DUDE|scientist-gen4|1024\n|teamsize|p1|6\n|teamsize|p2|6\n|gen|9\n|tier|[Gen 9] VGC 2023 Regulation C\n|rated|\n|rule|Species Clause: Limit one of each Pok\u00e9mon\n|rule|Item Clause: Limit one of each item\n|clearpoke\n|poke|p1|Lumineon, L50, F|\n|poke|p1|Wo-Chien, L50|\n|poke|p1|Palossand, L50, F|\n|poke|p1|Roaring Moon, L50|\n|poke|p1|Amoonguss, L50, M|\n|poke|p1|Flutter Mane, L50|\n|poke|p2|Altaria, L50, F|\n|poke|p2|Azumarill, L50, M|\n|poke|p2|Luxray, L50, F|\n|poke|p2|Lilligant, L50, F|\n|poke|p2|Lucario, L50, F|\n|poke|p2|Flareon, L50, M|\n|teampreview|4\n|\n|t:|1681841891\n|start\n|switch|p1a: Palossand|Palossand, L50, F|100\/100\n|switch|p1b: Flutter Mane|Flutter Mane, L50|100\/100\n|switch|p2a: Azumarill|Azumarill, L50, M|100\/100\n|switch|p2b: Lilligant|Lilligant, L50, F, shiny|100\/100\n|turn|1\n|\n|t:|1681841920\n|move|p1b: Flutter Mane|Shadow Ball|p2a: Azumarill\n|-damage|p2a: Azumarill|65\/100\n|-damage|p1b: Flutter Mane|90\/100|[from] item: Life Orb\n|move|p2b: Lilligant|Energy Ball|p2a: Azumarill\n|-ability|p2a: Azumarill|Sap Sipper|boost\n|-boost|p2a: Azumarill|atk|1\n|move|p1a: Palossand|Trick|p2b: Lilligant\n|-activate|p1a: Palossand|move: Trick|[of] p2b: Lilligant\n|-item|p2b: Lilligant|Choice Scarf|[from] move: Trick\n|-item|p1a: Palossand|Heavy-Duty Boots|[from] move: Trick\n|move|p2a: Azumarill|Hydro Pump|p1a: Palossand|[miss]\n|-miss|p2a: Azumarill|p1a: Palossand\n|\n|upkeep\n|turn|2\n|\n|t:|1681841951\n|-terastallize|p1a: Palossand|Grass\n|move|p2b: Lilligant|Giga Drain|p1a: Palossand\n|-resisted|p1a: Palossand\n|-damage|p1a: Palossand|87\/100\n|move|p1b: Flutter Mane|Moonblast|p2a: Azumarill\n|-damage|p2a: Azumarill|16\/100\n|-damage|p1b: Flutter Mane|80\/100|[from] item: Life Orb\n|move|p2a: Azumarill|Hydro Pump|p1a: Palossand\n|-resisted|p1a: Palossand\n|-damage|p1a: Palossand|70\/100\n|-ability|p1a: Palossand|Water Compaction|boost\n|-boost|p1a: Palossand|def|2\n|move|p1a: Palossand|Trick|p2a: Azumarill\n|-activate|p1a: Palossand|move: Trick|[of] p2a: Azumarill\n|-item|p2a: Azumarill|Heavy-Duty Boots|[from] move: Trick\n|-item|p1a: Palossand|Assault Vest|[from] move: Trick\n|\n|upkeep\n|turn|3\n|\n|t:|1681841974\n|move|p2b: Lilligant|Giga Drain|p1b: Flutter Mane\n|-damage|p1b: Flutter Mane|46\/100\n|move|p1b: Flutter Mane|Moonblast|p2b: Lilligant\n|-crit|p2b: Lilligant\n|-damage|p2b: Lilligant|0 fnt\n|faint|p2b: Lilligant\n|-damage|p1b: Flutter Mane|36\/100|[from] item: Life Orb\n|move|p2a: Azumarill|Blizzard|p1a: Palossand|[spread] p1a,p1b\n|-supereffective|p1a: Palossand\n|-damage|p1a: Palossand|47\/100\n|-damage|p1b: Flutter Mane|15\/100\n|move|p1a: Palossand|Giga Drain|p2a: Azumarill\n|-ability|p2a: Azumarill|Sap Sipper|boost\n|-boost|p2a: Azumarill|atk|1\n|\n|upkeep\n|\n|t:|1681841993\n|switch|p2b: Luxray|Luxray, L50, F, shiny|100\/100\n|turn|4\n|\n|t:|1681842006\n|move|p1b: Flutter Mane|Shadow Ball|p2a: Azumarill\n|-damage|p2a: Azumarill|0 fnt\n|faint|p2a: Azumarill\n|-damage|p1b: Flutter Mane|5\/100|[from] item: Life Orb\n|move|p2b: Luxray|Ice Fang|p1b: Flutter Mane\n|-damage|p1b: Flutter Mane|0 fnt\n|faint|p1b: Flutter Mane\n|-end|p1b: Flutter Mane|Protosynthesis|[silent]\n|move|p1a: Palossand|Earth Power|p2b: Luxray\n|-supereffective|p2b: Luxray\n|-damage|p2b: Luxray|30\/100\n|\n|upkeep\n|\n|t:|1681842020\n|switch|p1b: Wo-Chien|Wo-Chien, L50|100\/100\n|switch|p2a: Flareon|Flareon, L50, M, shiny|100\/100\n|-ability|p1b: Wo-Chien|Tablets of Ruin\n|turn|5\n|\n|t:|1681842033\n|move|p2b: Luxray|Quick Attack|p1a: Palossand\n|-damage|p1a: Palossand|40\/100\n|move|p1b: Wo-Chien|Leech Seed|p2b: Luxray\n|-start|p2b: Luxray|move: Leech Seed\n|move|p2a: Flareon|Heat Wave|p1a: Palossand|[spread] p1a,p1b\n|-supereffective|p1a: Palossand\n|-supereffective|p1b: Wo-Chien\n|-damage|p1a: Palossand|7\/100\n|-damage|p1b: Wo-Chien|71\/100\n|move|p1a: Palossand|Earth Power|p2a: Flareon\n|-supereffective|p2a: Flareon\n|-damage|p2a: Flareon|55\/100\n|\n|-heal|p1b: Wo-Chien|78\/100|[from] item: Leftovers\n|-damage|p2b: Luxray|18\/100|[from] Leech Seed|[of] p1b: Wo-Chien\n|-heal|p1b: Wo-Chien|90\/100|[silent]\n|upkeep\n|turn|6\n|\n|t:|1681842052\n|switch|p1a: Lumineon|Lumineon, L50, F|100\/100\n|move|p2b: Luxray|Quick Attack|p1a: Lumineon\n|-crit|p1a: Lumineon\n|-damage|p1a: Lumineon|76\/100\n|move|p1b: Wo-Chien|Leech Seed|p2a: Flareon\n|-start|p2a: Flareon|move: Leech Seed\n|move|p2a: Flareon|Heat Wave|p1a: Lumineon|[spread] p1a,p1b\n|-resisted|p1a: Lumineon\n|-supereffective|p1b: Wo-Chien\n|-damage|p1a: Lumineon|60\/100\n|-damage|p1b: Wo-Chien|55\/100\n|\n|-heal|p1b: Wo-Chien|61\/100|[from] item: Leftovers\n|-damage|p2b: Luxray|5\/100|[from] Leech Seed|[of] p1b: Wo-Chien\n|-heal|p1b: Wo-Chien|73\/100|[silent]\n|-damage|p2a: Flareon|42\/100|[from] Leech Seed|[of] p1b: Wo-Chien\n|-heal|p1b: Wo-Chien|84\/100|[silent]\n|upkeep\n|turn|7\n|\n|t:|1681842072\n|move|p1a: Lumineon|Tailwind|p1a: Lumineon\n|-sidestart|p1: banjoj0|move: Tailwind\n|move|p1b: Wo-Chien|Giga Drain|p2a: Flareon\n|-resisted|p2a: Flareon\n|-damage|p2a: Flareon|33\/100\n|-heal|p1b: Wo-Chien|89\/100|[from] drain|[of] p2a: Flareon\n|move|p2b: Luxray|Wild Charge|p1a: Lumineon\n|-supereffective|p1a: Lumineon\n|-damage|p1a: Lumineon|0 fnt\n|faint|p1a: Lumineon\n|-damage|p2b: Luxray|0 fnt|[from] Recoil\n|faint|p2b: Luxray\n|move|p2a: Flareon|Flare Blitz|p1b: Wo-Chien\n|-supereffective|p1b: Wo-Chien\n|-damage|p1b: Wo-Chien|0 fnt\n|faint|p1b: Wo-Chien\n|-damage|p2a: Flareon|0 fnt|[from] Recoil\n|faint|p2a: Flareon\n|\n|win|banjoj0\n|raw|banjoj0's rating: 1049 → 1079<\/strong> (+30 for winning)\n|raw|P0K3_DUDE's rating: 1024 → 1011<\/strong> (-13 for losing)\n|c|\u2606banjoj0|my brain\n|c|\u2606banjoj0|hurts\n","uploadtime":1681842120,"views":18,"p1id":"banjoj0","p2id":"p0k3dude","formatid":"gen9vgc2023regulationc","rating":1011,"private":0,"password":""}