{"id":"gen9vgc2023regulationc-1857304259","p1":"CNG626","p2":"r3gCt3st","format":"[Gen 9] VGC 2023 Regulation C","log":"|j|\u2606CNG626\n|j|\u2606r3gCt3st\n|t:|1683170417\n|gametype|doubles\n|player|p1|CNG626|swimmer-gen4dp|1205\n|player|p2|r3gCt3st|harlequin|1134\n|teamsize|p1|6\n|teamsize|p2|6\n|gen|9\n|tier|[Gen 9] VGC 2023 Regulation C\n|rated|\n|rule|Species Clause: Limit one of each Pok\u00e9mon\n|rule|Item Clause: Limit one of each item\n|clearpoke\n|poke|p1|Gyarados, L50, F|\n|poke|p1|Chi-Yu, L50|\n|poke|p1|Dachsbun, L50, M|\n|poke|p1|Meowscarada, L50, F|\n|poke|p1|Glimmora, L50, M|\n|poke|p1|Tyranitar, L50, F|\n|poke|p2|Annihilape, L50, F|\n|poke|p2|Ting-Lu, L50|\n|poke|p2|Arcanine, L50, F|\n|poke|p2|Amoonguss, L50, M|\n|poke|p2|Glimmora, L50, M|\n|poke|p2|Iron Bundle, L50|\n|teampreview|4\n|\n|t:|1683170437\n|start\n|switch|p1a: Glimmora|Glimmora, L50, M|100\/100\n|switch|p1b: Chi-Yu|Chi-Yu, L50|100\/100\n|switch|p2a: Glimmora|Glimmora, L50, M|100\/100\n|switch|p2b: Ting-Lu|Ting-Lu, L50|100\/100\n|-ability|p1b: Chi-Yu|Beads of Ruin\n|-ability|p2b: Ting-Lu|Vessel of Ruin\n|turn|1\n|\n|t:|1683170458\n|switch|p1a: Dachsbun|Dachsbun, L50, M, shiny|100\/100\n|-terastallize|p1b: Chi-Yu|Flying\n|-terastallize|p2b: Ting-Lu|Poison\n|move|p1b: Chi-Yu|Lava Plume|p2a: Glimmora|[spread] p2a,p2b\n|-ability|p1a: Dachsbun|Well-Baked Body|boost\n|-boost|p1a: Dachsbun|def|2\n|-resisted|p2a: Glimmora\n|-damage|p2a: Glimmora|83\/100\n|-damage|p2b: Ting-Lu|85\/100\n|move|p2a: Glimmora|Power Gem|p1b: Chi-Yu\n|-supereffective|p1b: Chi-Yu\n|-damage|p1b: Chi-Yu|48\/100\n|-enditem|p1b: Chi-Yu|Sitrus Berry|[eat]\n|-heal|p1b: Chi-Yu|73\/100|[from] item: Sitrus Berry\n|move|p2b: Ting-Lu|Stomping Tantrum|p1a: Dachsbun\n|-damage|p1a: Dachsbun|85\/100\n|\n|-heal|p1a: Dachsbun|91\/100|[from] item: Leftovers\n|upkeep\n|turn|2\n|\n|t:|1683170482\n|move|p1b: Chi-Yu|Lava Plume|p2b: Ting-Lu|[spread] p2a,p2b\n|-ability|p1a: Dachsbun|Well-Baked Body|boost\n|-boost|p1a: Dachsbun|def|2\n|-resisted|p2a: Glimmora\n|-crit|p2a: Glimmora\n|-damage|p2a: Glimmora|57\/100\n|-damage|p2b: Ting-Lu|70\/100\n|-status|p2a: Glimmora|brn\n|move|p2a: Glimmora|Toxic|p1a: Dachsbun\n|-status|p1a: Dachsbun|tox\n|move|p1a: Dachsbun|Stomping Tantrum|p2a: Glimmora\n|-supereffective|p2a: Glimmora\n|-damage|p2a: Glimmora|0 fnt\n|-activate|p2a: Glimmora|ability: Toxic Debris\n|-sidestart|p1: CNG626|move: Toxic Spikes\n|faint|p2a: Glimmora\n|move|p2b: Ting-Lu|Heavy Slam|p1b: Chi-Yu\n|-damage|p1b: Chi-Yu|29\/100\n|\n|-heal|p1a: Dachsbun|97\/100 tox|[from] item: Leftovers\n|-damage|p1a: Dachsbun|91\/100 tox|[from] psn\n|upkeep\n|\n|t:|1683170497\n|switch|p2a: Amoonguss|Amoonguss, L50, M, shiny|100\/100\n|turn|3\n|\n|t:|1683170521\n|move|p2a: Amoonguss|Protect|p2a: Amoonguss\n|-singleturn|p2a: Amoonguss|Protect\n|move|p1b: Chi-Yu|Flamethrower|p2a: Amoonguss\n|-activate|p2a: Amoonguss|move: Protect\n|move|p1a: Dachsbun|Stomping Tantrum|p2a: Amoonguss\n|-activate|p2a: Amoonguss|move: Protect\n|move|p2b: Ting-Lu|Heavy Slam|p1b: Chi-Yu\n|-damage|p1b: Chi-Yu|0 fnt\n|faint|p1b: Chi-Yu\n|\n|-heal|p1a: Dachsbun|97\/100 tox|[from] item: Leftovers\n|-damage|p1a: Dachsbun|85\/100 tox|[from] psn\n|upkeep\n|\n|t:|1683170526\n|switch|p1b: Glimmora|Glimmora, L50, M|100\/100\n|-sideend|p1: CNG626|move: Toxic Spikes|[of] p1b: Glimmora\n|turn|4\n|\n|t:|1683170541\n|switch|p1b: Meowscarada|Meowscarada, L50, F|100\/100\n|switch|p2a: Annihilape|Annihilape, L50, F|100\/100\n|move|p1a: Dachsbun|Stomping Tantrum|p2b: Ting-Lu\n|-supereffective|p2b: Ting-Lu\n|-damage|p2b: Ting-Lu|56\/100\n|move|p2b: Ting-Lu|Stomping Tantrum|p1b: Meowscarada\n|-resisted|p1b: Meowscarada\n|-damage|p1b: Meowscarada|78\/100\n|\n|-heal|p1a: Dachsbun|91\/100 tox|[from] item: Leftovers\n|-damage|p1a: Dachsbun|72\/100 tox|[from] psn\n|upkeep\n|turn|5\n|\n|t:|1683170575\n|move|p1b: Meowscarada|Play Rough|p2a: Annihilape\n|-start|p1b: Meowscarada|typechange|Fairy|[from] ability: Protean\n|-supereffective|p2a: Annihilape\n|-damage|p2a: Annihilape|25\/100\n|move|p1a: Dachsbun|Yawn|p2b: Ting-Lu\n|-start|p2b: Ting-Lu|move: Yawn|[of] p1a: Dachsbun\n|move|p2a: Annihilape|Drain Punch|p1b: Meowscarada\n|-resisted|p1b: Meowscarada\n|-damage|p1b: Meowscarada|57\/100\n|-heal|p2a: Annihilape|34\/100|[from] drain|[of] p1b: Meowscarada\n|move|p2b: Ting-Lu|Heavy Slam|p1a: Dachsbun\n|-supereffective|p1a: Dachsbun\n|-damage|p1a: Dachsbun|47\/100 tox\n|\n|-heal|p1a: Dachsbun|54\/100 tox|[from] item: Leftovers\n|-heal|p2a: Annihilape|40\/100|[from] item: Leftovers\n|-damage|p1a: Dachsbun|29\/100 tox|[from] psn\n|upkeep\n|turn|6\n|\n|t:|1683170600\n|switch|p1b: Glimmora|Glimmora, L50, M|100\/100\n|switch|p2b: Amoonguss|Amoonguss, L50, M, shiny|100\/100\n|move|p2a: Annihilape|Protect|p2a: Annihilape\n|-singleturn|p2a: Annihilape|Protect\n|move|p1a: Dachsbun|Yawn|p2a: Annihilape\n|-activate|p2a: Annihilape|move: Protect\n|\n|-heal|p1a: Dachsbun|35\/100 tox|[from] item: Leftovers\n|-heal|p2a: Annihilape|46\/100|[from] item: Leftovers\n|-damage|p1a: Dachsbun|4\/100 tox|[from] psn\n|upkeep\n|turn|7\n|\n|t:|1683170641\n|move|p1b: Glimmora|Earth Power|p2a: Annihilape\n|-damage|p2a: Annihilape|28\/100\n|-unboost|p2a: Annihilape|spd|1\n|move|p1a: Dachsbun|Yawn|p2b: Amoonguss\n|-start|p2b: Amoonguss|move: Yawn|[of] p1a: Dachsbun\n|move|p2a: Annihilape|Bulk Up|p2a: Annihilape\n|-boost|p2a: Annihilape|atk|1\n|-boost|p2a: Annihilape|def|1\n|move|p2b: Amoonguss|Pollen Puff|p2a: Annihilape\n|-heal|p2a: Annihilape|78\/100\n|\n|-heal|p1a: Dachsbun|10\/100 tox|[from] item: Leftovers\n|-heal|p2a: Annihilape|84\/100|[from] item: Leftovers\n|-damage|p1a: Dachsbun|0 fnt|[from] psn\n|faint|p1a: Dachsbun\n|upkeep\n|\n|t:|1683170653\n|switch|p1a: Meowscarada|Meowscarada, L50, F|57\/100\n|turn|8\n|\n|t:|1683170696\n|move|p1a: Meowscarada|Knock Off|p2a: Annihilape\n|-start|p1a: Meowscarada|typechange|Dark|[from] ability: Protean\n|-damage|p2a: Annihilape|55\/100\n|-enditem|p2a: Annihilape|Leftovers|[from] move: Knock Off|[of] p1a: Meowscarada\n|move|p1b: Glimmora|Earth Power|p2a: Annihilape\n|-crit|p2a: Annihilape\n|-damage|p2a: Annihilape|17\/100\n|move|p2a: Annihilape|Rage Fist|p1a: Meowscarada\n|-resisted|p1a: Meowscarada\n|-damage|p1a: Meowscarada|0 fnt\n|faint|p1a: Meowscarada\n|move|p2b: Amoonguss|Spore|p1b: Glimmora\n|-status|p1b: Glimmora|slp|[from] move: Spore\n|\n|-end|p2b: Amoonguss|move: Yawn|[silent]\n|-status|p2b: Amoonguss|slp\n|upkeep\n|turn|9\n|-message|CNG626 forfeited.\n|\n|win|r3gCt3st\n|raw|CNG626's rating: 1205 → 1175<\/strong> (-30 for losing)\n|raw|r3gCt3st's rating: 1134 → 1164<\/strong> (+30 for winning)\n|l|\u2606CNG626\n","uploadtime":1683170725,"views":5,"p1id":"cng626","p2id":"r3gct3st","formatid":"gen9vgc2023regulationc","rating":1164,"private":0,"password":""}