{"id":"gen9vgc2023regulationc-1848920083","p1":"Nasyc","p2":"Barbilla Partida","format":"[Gen 9] VGC 2023 Regulation C","log":"|j|\u2606Nasyc\n|j|\u2606Barbilla Partida\n|t:|1682126252\n|gametype|doubles\n|player|p1|Nasyc|skierf-gen4dp|\n|player|p2|Barbilla Partida|benga|\n|teamsize|p1|6\n|teamsize|p2|6\n|gen|9\n|tier|[Gen 9] VGC 2023 Regulation C\n|rule|Species Clause: Limit one of each Pok\u00e9mon\n|rule|Item Clause: Limit one of each item\n|clearpoke\n|poke|p1|Dragapult, L50, M|\n|poke|p1|Amoonguss, L50, M|\n|poke|p1|Chien-Pao, L50|\n|poke|p1|Arcanine, L50, M|\n|poke|p1|Flutter Mane, L50|\n|poke|p1|Palafin, L50, M|\n|poke|p2|Ting-Lu, L50|\n|poke|p2|Bronzong, L50|\n|poke|p2|Gallade, L50, M|\n|poke|p2|Talonflame, L50, F|\n|poke|p2|Flutter Mane, L50|\n|poke|p2|Iron Bundle, L50|\n|teampreview|4\nBarbilla Partida has agreed to open team sheets.\n|c|\u2606Barbilla Partida|g1\nNasyc has agreed to open team sheets.\n|inactive|Battle timer is ON: inactive players will automatically lose when time's up. (requested by Nasyc)\n|inactive|Nasyc has 60 seconds left.\n|\n|t:|1682126320\n|start\n|switch|p1a: Flutter Mane|Flutter Mane, L50, shiny|100\/100\n|switch|p1b: Palafin|Palafin, L50, M, shiny|100\/100\n|switch|p2a: Gallade|Gallade, L50, M|100\/100\n|switch|p2b: Talonflame|Talonflame, L50, F|100\/100\n|-enditem|p1a: Flutter Mane|Booster Energy\n|-activate|p1a: Flutter Mane|ability: Protosynthesis|[fromitem]\n|-start|p1a: Flutter Mane|protosynthesisspa\n|turn|1\n|inactive|Nasyc has 30 seconds left.\n|inactive|Barbilla Partida has 30 seconds left.\n|\n|t:|1682126354\n|-terastallize|p2a: Gallade|Grass\n|move|p2b: Talonflame|Tailwind|p2b: Talonflame\n|-sidestart|p2: Barbilla Partida|move: Tailwind\n|move|p1b: Palafin|Jet Punch|p2b: Talonflame\n|-supereffective|p2b: Talonflame\n|-damage|p2b: Talonflame|17\/100\n|move|p2a: Gallade|Leaf Blade|p1a: Flutter Mane\n|-damage|p1a: Flutter Mane|0 fnt\n|faint|p1a: Flutter Mane\n|-end|p1a: Flutter Mane|Protosynthesis|[silent]\n|\n|upkeep\n|\n|t:|1682126365\n|switch|p1a: Dragapult|Dragapult, L50, M, shiny|100\/100\n|turn|2\n|\n|t:|1682126390\n|-terastallize|p1a: Dragapult|Steel\n|move|p2b: Talonflame|Quick Guard|p2b: Talonflame\n|-singleturn|p2b: Talonflame|Quick Guard\n|move|p1b: Palafin|Jet Punch|p2b: Talonflame\n|-activate|p2b: Talonflame|move: Quick Guard\n|move|p2a: Gallade|Psycho Cut|p1a: Dragapult\n|-resisted|p1a: Dragapult\n|-damage|p1a: Dragapult|59\/100\n|move|p1a: Dragapult|Phantom Force||[still]\n|-prepare|p1a: Dragapult|Phantom Force\n|\n|upkeep\n|turn|3\n|\n|t:|1682126407\n|move|p2b: Talonflame|Quick Guard|p2b: Talonflame\n|-singleturn|p2b: Talonflame|Quick Guard\n|move|p1b: Palafin|Jet Punch|p2b: Talonflame\n|-activate|p2b: Talonflame|move: Quick Guard\n|move|p2a: Gallade|Leaf Blade|p1b: Palafin\n|-supereffective|p1b: Palafin\n|-damage|p1b: Palafin|0 fnt\n|faint|p1b: Palafin\n|move|p1a: Dragapult|Phantom Force|p2a: Gallade|[from]lockedmove\n|-activate|p2a: Gallade|move: Phantom Force|[broken]\n|-damage|p2a: Gallade|0 fnt\n|faint|p2a: Gallade\n|\n|upkeep\n|\n|t:|1682126422\n|switch|p1b: Chien-Pao|Chien-Pao, L50|100\/100\n|switch|p2a: Bronzong|Bronzong, L50|100\/100\n|-ability|p1b: Chien-Pao|Sword of Ruin\n|turn|4\n|\n|t:|1682126433\n|move|p1b: Chien-Pao|Sucker Punch|p2b: Talonflame\n|-damage|p2b: Talonflame|0 fnt\n|faint|p2b: Talonflame\n|move|p1a: Dragapult|Phantom Force||[still]\n|-prepare|p1a: Dragapult|Phantom Force\n|move|p2a: Bronzong|Trick Room|p2a: Bronzong\n|-fieldstart|move: Trick Room|[of] p2a: Bronzong\n|\n|-sideend|p2: Barbilla Partida|move: Tailwind\n|upkeep\n|\n|t:|1682126438\n|switch|p2b: Ting-Lu|Ting-Lu, L50|100\/100\n|-ability|p2b: Ting-Lu|Vessel of Ruin\n|turn|5\n|\n|t:|1682126451\n|move|p1b: Chien-Pao|Sucker Punch|p2a: Bronzong\n|-supereffective|p2a: Bronzong\n|-damage|p2a: Bronzong|30\/100\n|move|p2a: Bronzong|Body Press|p1b: Chien-Pao\n|-supereffective|p1b: Chien-Pao\n|-enditem|p1b: Chien-Pao|Focus Sash\n|-damage|p1b: Chien-Pao|1\/100\n|move|p2b: Ting-Lu|Earthquake|p1b: Chien-Pao|[spread] p1b\n|-miss|p2b: Ting-Lu|p1a: Dragapult\n|-immune|p2a: Bronzong|[from] ability: Levitate\n|-damage|p1b: Chien-Pao|0 fnt\n|faint|p1b: Chien-Pao\n|move|p1a: Dragapult|Phantom Force|p2a: Bronzong|[from]lockedmove\n|-supereffective|p2a: Bronzong\n|-damage|p2a: Bronzong|0 fnt\n|faint|p2a: Bronzong\n|\n|upkeep\n|turn|6\n|\n|t:|1682126469\n|move|p2b: Ting-Lu|Earthquake|p1a: Dragapult\n|-supereffective|p1a: Dragapult\n|-damage|p1a: Dragapult|0 fnt\n|faint|p1a: Dragapult\n|\n|win|Barbilla Partida\n|l|\u2606Nasyc\n","uploadtime":1682126740,"views":9,"p1id":"nasyc","p2id":"barbillapartida","formatid":"gen9vgc2023regulationc","rating":0,"private":0,"password":""}