{"id":"gen9vgc2023regulationc-1861217900","p1":"rent_b0i","p2":"Qarizohdia","format":"[Gen 9] VGC 2023 Regulation C","log":"|j|\u2606rent_b0i\n|j|\u2606Qarizohdia\n|t:|1683736791\n|gametype|doubles\n|player|p1|rent_b0i|rood|1295\n|player|p2|Qarizohdia|266|1318\n|teamsize|p1|6\n|teamsize|p2|6\n|gen|9\n|tier|[Gen 9] VGC 2023 Regulation C\n|rated|\n|rule|Species Clause: Limit one of each Pok\u00e9mon\n|rule|Item Clause: Limit one of each item\n|clearpoke\n|poke|p1|Flutter Mane, L50|\n|poke|p1|Chi-Yu, L50|\n|poke|p1|Roaring Moon, L50|\n|poke|p1|Jumpluff, L50, M|\n|poke|p1|Wo-Chien, L50|\n|poke|p1|Torkoal, L50, M|\n|poke|p2|Iron Valiant, L50|\n|poke|p2|Gholdengo, L50|\n|poke|p2|Pincurchin, L50, M|\n|poke|p2|Kingambit, L50, F|\n|poke|p2|Salamence, L50, F|\n|poke|p2|Great Tusk, L50|\n|teampreview|4\n|inactive|Battle timer is ON: inactive players will automatically lose when time's up. (requested by Qarizohdia)\n|c|\u2606rent_b0i|Bruh lol what is this\n|inactive|Qarizohdia has 60 seconds left.\n|\n|t:|1683736856\n|start\n|switch|p1a: Jumpluff|Jumpluff, L50, M|100\/100\n|switch|p1b: Roaring Moon|Roaring Moon, L50|100\/100\n|switch|p2a: Iron Valiant|Iron Valiant, L50|100\/100\n|switch|p2b: Gholdengo|Gholdengo, L50|100\/100\n|turn|1\n|inactive|Qarizohdia has 30 seconds left.\n|\n|t:|1683736885\n|switch|p2b: Pincurchin|Pincurchin, L50, M|100\/100\n|-fieldstart|move: Electric Terrain|[from] ability: Electric Surge|[of] p2b: Pincurchin\n|-activate|p2a: Iron Valiant|ability: Quark Drive\n|-start|p2a: Iron Valiant|quarkdrivespe\n|-terastallize|p1b: Roaring Moon|Ground\n|move|p2a: Iron Valiant|Spirit Break|p1b: Roaring Moon\n|-damage|p1b: Roaring Moon|55\/100\n|-unboost|p1b: Roaring Moon|spa|1\n|move|p1a: Jumpluff|Absorb|p1b: Roaring Moon\n|-supereffective|p1b: Roaring Moon\n|-damage|p1b: Roaring Moon|44\/100\n|-enditem|p1b: Roaring Moon|Weakness Policy\n|-boost|p1b: Roaring Moon|atk|2|[from] item: Weakness Policy\n|-boost|p1b: Roaring Moon|spa|2|[from] item: Weakness Policy\n|move|p1b: Roaring Moon|Earthquake|p2a: Iron Valiant|[spread] p2a,p2b\n|-immune|p1a: Jumpluff\n|-supereffective|p2b: Pincurchin\n|-enditem|p2a: Iron Valiant|Focus Sash\n|-damage|p2a: Iron Valiant|1\/100\n|-damage|p2b: Pincurchin|0 fnt\n|faint|p2b: Pincurchin\n|\n|upkeep\n|c|\u2606Qarizohdia|Omegalul\n|inactive|Qarizohdia has 30 seconds left.\n|\n|t:|1683736913\n|switch|p2b: Gholdengo|Gholdengo, L50|100\/100\n|turn|2\n|c|\u2606rent_b0i|Shat\n|\n|t:|1683736936\n|-terastallize|p2b: Gholdengo|Steel\n|move|p1b: Roaring Moon|Protect|p1b: Roaring Moon\n|-singleturn|p1b: Roaring Moon|Protect\n|move|p2a: Iron Valiant|Spirit Break|p1a: Jumpluff\n|-damage|p1a: Jumpluff|56\/100\n|-unboost|p1a: Jumpluff|spa|1\n|move|p2b: Gholdengo|Make It Rain|p1b: Roaring Moon|[spread] p1a\n|-activate|p1b: Roaring Moon|move: Protect\n|-damage|p1a: Jumpluff|0 fnt\n|-unboost|p2b: Gholdengo|spa|1\n|faint|p1a: Jumpluff\n|\n|upkeep\n|c|\u2606rent_b0i|Oh it\u2019s\u2026 scarfed\n|\n|t:|1683736961\n|switch|p1a: Wo-Chien|Wo-Chien, L50|100\/100\n|-ability|p1a: Wo-Chien|Tablets of Ruin\n|turn|3\n|inactive|Qarizohdia has 30 seconds left.\n|inactive|Qarizohdia has 20 seconds left.\n|inactive|Qarizohdia has 15 seconds left.\n|inactive|Qarizohdia has 10 seconds left.\n|inactive|rent_b0i has 30 seconds left.\n|inactive|Qarizohdia has 5 seconds left.\n|\n|t:|1683737020\n|switch|p2b: Salamence|Salamence, L50, F|100\/100\n|-ability|p2b: Salamence|Intimidate|boost\n|-unboost|p1a: Wo-Chien|atk|1\n|-enditem|p1a: Wo-Chien|Eject Pack\n|-unboost|p1b: Roaring Moon|atk|1\n|\n|t:|1683737025\n|switch|p1a: Torkoal|Torkoal, L50, M|100\/100\n|-weather|SunnyDay|[from] ability: Drought|[of] p1a: Torkoal\n|-activate|p1b: Roaring Moon|ability: Protosynthesis\n|-start|p1b: Roaring Moon|protosynthesisatk\n|move|p2a: Iron Valiant|Close Combat|p1b: Roaring Moon\n|-damage|p1b: Roaring Moon|0 fnt\n|-unboost|p2a: Iron Valiant|def|1\n|-unboost|p2a: Iron Valiant|spd|1\n|faint|p1b: Roaring Moon\n|-end|p1b: Roaring Moon|Protosynthesis|[silent]\n|\n|-weather|SunnyDay|[upkeep]\n|upkeep\n|\n|t:|1683737034\n|switch|p1b: Wo-Chien|Wo-Chien, L50|100\/100\n|-ability|p1b: Wo-Chien|Tablets of Ruin\n|turn|4\n|inactive|Qarizohdia has 30 seconds left.\n|inactive|Qarizohdia has 20 seconds left.\n|inactive|Qarizohdia has 15 seconds left.\n|inactive|Qarizohdia has 10 seconds left.\n|\n|t:|1683737080\n|move|p2a: Iron Valiant|Wide Guard|p2a: Iron Valiant\n|-singleturn|p2a: Iron Valiant|Wide Guard\n|move|p2b: Salamence|Dual Wingbeat|p1a: Torkoal\n|-damage|p1a: Torkoal|89\/100\n|-damage|p1a: Torkoal|78\/100\n|-hitcount|p1a: Torkoal|2\n|move|p1b: Wo-Chien|Dark Pulse|p2b: Salamence\n|-damage|p2b: Salamence|65\/100\n|move|p1a: Torkoal|Heat Wave|p2b: Salamence|[spread] \n|-activate|p2a: Iron Valiant|move: Wide Guard\n|-activate|p2b: Salamence|move: Wide Guard\n|\n|-weather|SunnyDay|[upkeep]\n|upkeep\n|turn|5\n|\n|t:|1683737103\n|move|p2a: Iron Valiant|Close Combat|p1b: Wo-Chien\n|-supereffective|p1b: Wo-Chien\n|-damage|p1b: Wo-Chien|16\/100\n|-unboost|p2a: Iron Valiant|def|1\n|-unboost|p2a: Iron Valiant|spd|1\n|move|p2b: Salamence|Dual Wingbeat|p1b: Wo-Chien\n|-supereffective|p1b: Wo-Chien\n|-damage|p1b: Wo-Chien|0 fnt\n|faint|p1b: Wo-Chien\n|-hitcount|p1: Wo-Chien|1\n|move|p1a: Torkoal|Heat Wave|p2a: Iron Valiant|[spread] p2a,p2b\n|-resisted|p2b: Salamence\n|-damage|p2a: Iron Valiant|0 fnt\n|-damage|p2b: Salamence|32\/100\n|faint|p2a: Iron Valiant\n|-end|p2a: Iron Valiant|Quark Drive|[silent]\n|\n|-weather|SunnyDay|[upkeep]\n|-fieldend|move: Electric Terrain\n|upkeep\n|\n|t:|1683737110\n|switch|p2a: Gholdengo|Gholdengo, L50, tera:Steel|100\/100\n|turn|6\n|\n|t:|1683737122\n|move|p2a: Gholdengo|Shadow Ball|p1a: Torkoal\n|-damage|p1a: Torkoal|21\/100\n|-unboost|p1a: Torkoal|spd|1\n|move|p2b: Salamence|Roost|p2b: Salamence\n|-heal|p2b: Salamence|82\/100\n|-singleturn|p2b: Salamence|move: Roost\n|move|p1a: Torkoal|Heat Wave|p2b: Salamence|[spread] p2a,p2b\n|-supereffective|p2a: Gholdengo\n|-resisted|p2b: Salamence\n|-crit|p2b: Salamence\n|-damage|p2a: Gholdengo|0 fnt\n|-damage|p2b: Salamence|35\/100\n|faint|p2a: Gholdengo\n|\n|-weather|SunnyDay|[upkeep]\n|upkeep\n|turn|7\n|\n|t:|1683737137\n|move|p2b: Salamence|Roost|p2b: Salamence\n|-heal|p2b: Salamence|86\/100\n|-singleturn|p2b: Salamence|move: Roost\n|move|p1a: Torkoal|Heat Wave|p2b: Salamence\n|-resisted|p2b: Salamence\n|-damage|p2b: Salamence|40\/100\n|\n|-weather|none\n|upkeep\n|turn|8\n|\n|t:|1683737142\n|move|p2b: Salamence|Roost|p2b: Salamence\n|-heal|p2b: Salamence|90\/100\n|-singleturn|p2b: Salamence|move: Roost\n|move|p1a: Torkoal|Heat Wave|p2b: Salamence\n|-resisted|p2b: Salamence\n|-damage|p2b: Salamence|63\/100\n|-status|p2b: Salamence|brn\n|\n|-damage|p2b: Salamence|57\/100 brn|[from] brn\n|upkeep\n|turn|9\n|c|\u2606rent_b0i|That\u2019s what u get\n|\n|t:|1683737152\n|move|p2b: Salamence|Dual Wingbeat|p1a: Torkoal\n|-damage|p1a: Torkoal|15\/100\n|-damage|p1a: Torkoal|8\/100\n|-hitcount|p1a: Torkoal|2\n|move|p1a: Torkoal|Heat Wave|p2b: Salamence\n|-resisted|p2b: Salamence\n|-damage|p2b: Salamence|27\/100 brn\n|\n|-damage|p2b: Salamence|21\/100 brn|[from] brn\n|upkeep\n|turn|10\n|c|\u2606rent_b0i|!dt dual wingbeat\n|raw| Dual Wingbeat<\/a><\/span> <\/span> Power<\/em> 40<\/span> Accuracy<\/em> 90%<\/span> PP<\/em> 16<\/span> Hits 2 times in one turn.<\/span> <\/li> <\/li><\/ul>\n|raw|Priority:<\/font> 0 |  Gen:<\/font> 8 |  ✓ Contact |  Z-Power:<\/font> 100 |  Dynamax Power:<\/font> 130 |  Target:<\/font> One Adjacent Pok\u00e9mon<\/font>\n\n|c|\u2606Qarizohdia|A w\n|c|\u2606rent_b0i|not very accurate eitjer\n|\n|t:|1683737175\n|move|p2b: Salamence|Roost|p2b: Salamence\n|-heal|p2b: Salamence|72\/100 brn\n|-singleturn|p2b: Salamence|move: Roost\n|move|p1a: Torkoal|Heat Wave|p2b: Salamence\n|-resisted|p2b: Salamence\n|-damage|p2b: Salamence|44\/100 brn\n|\n|-damage|p2b: Salamence|38\/100 brn|[from] brn\n|upkeep\n|turn|11\n|\n|t:|1683737179\n|move|p2b: Salamence|Roost|p2b: Salamence\n|-heal|p2b: Salamence|89\/100 brn\n|-singleturn|p2b: Salamence|move: Roost\n|move|p1a: Torkoal|Heat Wave|p2b: Salamence\n|-resisted|p2b: Salamence\n|-damage|p2b: Salamence|61\/100 brn\n|\n|-damage|p2b: Salamence|55\/100 brn|[from] brn\n|upkeep\n|turn|12\n|\n|t:|1683737182\n|move|p2b: Salamence|Dual Wingbeat|p1a: Torkoal\n|-damage|p1a: Torkoal|1\/100\n|-damage|p1a: Torkoal|0 fnt\n|faint|p1a: Torkoal\n|-hitcount|p1: Torkoal|2\n|\n|win|Qarizohdia\n|raw|rent_b0i's rating: 1295 → 1272<\/strong> (-23 for losing)\n|raw|Qarizohdia's rating: 1318 → 1337<\/strong> (+19 for winning)\n|c|\u2606rent_b0i|Lucky\n|c|\u2606Qarizohdia|Not quite\n|c|\u2606Qarizohdia|ggs though\n|c|\u2606rent_b0i|U r\n|l|\u2606rent_b0i\n","uploadtime":1683737223,"views":7,"p1id":"rentb0i","p2id":"qarizohdia","formatid":"gen9vgc2023regulationc","rating":1272,"private":0,"password":""}