{"id":"gen9vgc2023regulationc-1846935681","p1":"JiangTang","p2":"Uao","format":"[Gen 9] VGC 2023 Regulation C","log":"|j|\u2606JiangTang\n|j|\u2606Uao\n|t:|1681903248\n|gametype|doubles\n|player|p1|JiangTang|red|1232\n|player|p2|Uao|silver|1313\n|teamsize|p1|6\n|teamsize|p2|6\n|gen|9\n|tier|[Gen 9] VGC 2023 Regulation C\n|rated|\n|rule|Species Clause: Limit one of each Pok\u00e9mon\n|rule|Item Clause: Limit one of each item\n|clearpoke\n|poke|p1|Lycanroc-Dusk, L50, M|\n|poke|p1|Chien-Pao, L50|\n|poke|p1|Grafaiai, L50, M|\n|poke|p1|Chi-Yu, L50|\n|poke|p1|Flutter Mane, L50|\n|poke|p1|Iron Bundle, L50|\n|poke|p2|Sandy Shocks, L50|\n|poke|p2|Torkoal, L50, F|\n|poke|p2|Lilligant, L50, F|\n|poke|p2|Flutter Mane, L50|\n|poke|p2|Garganacl, L50, F|\n|poke|p2|Dragapult, L50, F|\n|teampreview|4\n|inactive|Battle timer is ON: inactive players will automatically lose when time's up. (requested by Uao)\n|inactive|JiangTang has 60 seconds left.\n|inactive|Uao has 60 seconds left.\n|\n|t:|1681903303\n|start\n|switch|p1a: Grafaiai|Grafaiai, L50, M|100\/100\n|switch|p1b: Flutter Mane|Flutter Mane, L50|100\/100\n|switch|p2a: Pelomagneto|Sandy Shocks, L50|100\/100\n|switch|p2b: Smoky|Torkoal, L50, F|100\/100\n|-weather|SunnyDay|[from] ability: Drought|[of] p2b: Smoky\n|-activate|p2a: Pelomagneto|ability: Protosynthesis\n|-start|p2a: Pelomagneto|protosynthesisspa\n|-activate|p1b: Flutter Mane|ability: Protosynthesis\n|-start|p1b: Flutter Mane|protosynthesisspe\n|turn|1\n|inactive|JiangTang has 30 seconds left.\n|inactive|Uao has 30 seconds left.\n|inactive|JiangTang has 20 seconds left.\n|inactive|Uao has 20 seconds left.\n|inactive|JiangTang has 15 seconds left.\n|inactive|Uao has 15 seconds left.\n|inactive|JiangTang has 10 seconds left.\n|inactive|JiangTang has 5 seconds left.\n|\n|t:|1681903358\n|-terastallize|p1b: Flutter Mane|Fairy\n|-terastallize|p2a: Pelomagneto|Steel\n|move|p1a: Grafaiai|Scary Face|p2a: Pelomagneto\n|-unboost|p2a: Pelomagneto|spe|2\n|move|p1b: Flutter Mane|Dazzling Gleam|p2a: Pelomagneto|[spread] p2a,p2b\n|-resisted|p2a: Pelomagneto\n|-resisted|p2b: Smoky\n|-damage|p2a: Pelomagneto|58\/100\n|-damage|p2b: Smoky|58\/100\n|move|p2a: Pelomagneto|Flash Cannon|p1b: Flutter Mane\n|-supereffective|p1b: Flutter Mane\n|-damage|p1b: Flutter Mane|0 fnt\n|faint|p1b: Flutter Mane\n|-end|p1b: Flutter Mane|Protosynthesis|[silent]\n|move|p2b: Smoky|Overheat|p1a: Grafaiai|[miss]\n|-miss|p2b: Smoky|p1a: Grafaiai\n|\n|-weather|SunnyDay|[upkeep]\n|upkeep\n|inactive|JiangTang has 30 seconds left.\n|\n|t:|1681903389\n|switch|p1b: Lycanroc|Lycanroc-Dusk, L50, M|100\/100\n|turn|2\n|\n|t:|1681903410\n|move|p1a: Grafaiai|Parting Shot|p2a: Pelomagneto\n|-unboost|p2a: Pelomagneto|atk|1\n|-unboost|p2a: Pelomagneto|spa|1\n|\n|t:|1681903417\n|switch|p1a: Chien-Pao|Chien-Pao, L50|100\/100|[from] Parting Shot\n|-ability|p1a: Chien-Pao|Sword of Ruin\n|move|p1b: Lycanroc|Accelerock|p2b: Smoky\n|-supereffective|p2b: Smoky\n|-damage|p2b: Smoky|0 fnt\n|faint|p2b: Smoky\n|-damage|p1b: Lycanroc|91\/100|[from] item: Life Orb\n|move|p2a: Pelomagneto|Flash Cannon|p1b: Lycanroc\n|-supereffective|p1b: Lycanroc\n|-damage|p1b: Lycanroc|0 fnt\n|faint|p1b: Lycanroc\n|\n|-weather|SunnyDay|[upkeep]\n|upkeep\n|inactive|Uao has 30 seconds left.\n|inactive|Uao has 20 seconds left.\n|inactive|Uao has 15 seconds left.\n|inactive|Uao has 10 seconds left.\n|inactive|Uao has 5 seconds left.\n|\n|t:|1681903468\n|switch|p1b: Grafaiai|Grafaiai, L50, M|100\/100\n|switch|p2b: Frida Kalo|Flutter Mane, L50|100\/100\n|-activate|p2b: Frida Kalo|ability: Protosynthesis\n|-start|p2b: Frida Kalo|protosynthesisspe\n|turn|3\n|inactive|JiangTang has 30 seconds left.\n|inactive|Uao has 30 seconds left.\n|\n|t:|1681903502\n|move|p1b: Grafaiai|Scary Face|p2b: Frida Kalo\n|-unboost|p2b: Frida Kalo|spe|2\n|move|p1a: Chien-Pao|Sacred Sword|p2a: Pelomagneto\n|-supereffective|p2a: Pelomagneto\n|-damage|p2a: Pelomagneto|0 fnt\n|faint|p2a: Pelomagneto\n|-end|p2a: Pelomagneto|Protosynthesis|[silent]\n|move|p2b: Frida Kalo|Dazzling Gleam|p1a: Chien-Pao|[spread] p1a,p1b\n|-supereffective|p1a: Chien-Pao\n|-resisted|p1b: Grafaiai\n|-enditem|p1a: Chien-Pao|Focus Sash\n|-damage|p1a: Chien-Pao|1\/100\n|-damage|p1b: Grafaiai|72\/100\n|-damage|p2b: Frida Kalo|91\/100|[from] item: Life Orb\n|\n|-weather|SunnyDay|[upkeep]\n|upkeep\n|\n|t:|1681903508\n|switch|p2a: Whip|Lilligant, L50, F|100\/100\n|turn|4\n|inactive|JiangTang has 30 seconds left.\n|inactive|Uao has 30 seconds left.\n|inactive|JiangTang has 20 seconds left.\n|inactive|JiangTang has 15 seconds left.\n|inactive|JiangTang has 10 seconds left.\n|inactive|JiangTang has 5 seconds left.\n|\n|t:|1681903563\n|move|p2b: Frida Kalo|Protect|p2b: Frida Kalo\n|-singleturn|p2b: Frida Kalo|Protect\n|move|p1b: Grafaiai|Parting Shot|p2a: Whip\n|-unboost|p2a: Whip|atk|1\n|-unboost|p2a: Whip|spa|1\n|move|p2a: Whip|Leaf Storm|p1a: Chien-Pao\n|-damage|p1a: Chien-Pao|0 fnt\n|-unboost|p2a: Whip|spa|2\n|faint|p1a: Chien-Pao\n|\n|-weather|SunnyDay|[upkeep]\n|upkeep\n|turn|5\n|\n|t:|1681903587\n|move|p1b: Grafaiai|Parting Shot|p2b: Frida Kalo\n|-unboost|p2b: Frida Kalo|atk|1\n|-unboost|p2b: Frida Kalo|spa|1\n|move|p2a: Whip|Sleep Powder|p1b: Grafaiai\n|-status|p1b: Grafaiai|slp|[from] move: Sleep Powder\n|move|p2b: Frida Kalo|Moonblast|p1b: Grafaiai\n|-resisted|p1b: Grafaiai\n|-damage|p1b: Grafaiai|40\/100 slp\n|-damage|p2b: Frida Kalo|81\/100|[from] item: Life Orb\n|\n|-weather|none\n|-end|p2b: Frida Kalo|Protosynthesis\n|upkeep\n|turn|6\n|\n|t:|1681903607\n|move|p2a: Whip|Leaf Storm|p1b: Grafaiai\n|-resisted|p1b: Grafaiai\n|-damage|p1b: Grafaiai|25\/100 slp\n|-unboost|p2a: Whip|spa|2\n|cant|p1b: Grafaiai|slp\n|move|p2b: Frida Kalo|Moonblast|p1b: Grafaiai\n|-resisted|p1b: Grafaiai\n|-damage|p1b: Grafaiai|0 fnt\n|faint|p1b: Grafaiai\n|-damage|p2b: Frida Kalo|71\/100|[from] item: Life Orb\n|\n|win|Uao\n|raw|JiangTang's rating: 1232 → 1213<\/strong> (-19 for losing)\n|raw|Uao's rating: 1313 → 1328<\/strong> (+15 for winning)\n|l|\u2606Uao\n","uploadtime":1681903621,"views":16,"p1id":"jiangtang","p2id":"uao","formatid":"gen9vgc2023regulationc","rating":1213,"private":0,"password":""}