{"id":"gen9vgc2023regulationc-1846694046","p1":"GS \u00a6 Cedrico","p2":"wesleihas","format":"[Gen 9] VGC 2023 Regulation C","log":"|j|\u2606GS \u00a6 Cedrico\n|j|\u2606wesleihas\n|t:|1681866734\n|gametype|doubles\n|player|p1|GS \u00a6 Cedrico|102|\n|player|p2|wesleihas|101|\n|teamsize|p1|6\n|teamsize|p2|6\n|gen|9\n|tier|[Gen 9] VGC 2023 Regulation C\n|rule|Species Clause: Limit one of each Pok\u00e9mon\n|rule|Item Clause: Limit one of each item\n|clearpoke\n|poke|p1|Ting-Lu, L50|\n|poke|p1|Baxcalibur, L50, F|\n|poke|p1|Amoonguss, L50, M|\n|poke|p1|Flutter Mane, L50|\n|poke|p1|Gyarados, L50, M|\n|poke|p1|Chi-Yu, L50|\n|poke|p2|Ting-Lu, L50|\n|poke|p2|Corviknight, L50, F|\n|poke|p2|Scream Tail, L50|\n|poke|p2|Kingambit, L50, M|\n|poke|p2|Flutter Mane, L50|\n|poke|p2|Gyarados, L50, M|\n|teampreview|4\n|c|\u2606GS \u00a6 Cedrico|opa mano gl\nGS \u00a6 Cedrico has agreed to open team sheets.\nwesleihas has agreed to open team sheets.\n|c|\u2606wesleihas|g1\n|c|\u2606GS \u00a6 Cedrico|gl\n|\n|t:|1681866836\n|start\n|switch|p1a: Flutter Mane|Flutter Mane, L50|100\/100\n|switch|p1b: Chi-Yu|Chi-Yu, L50|100\/100\n|switch|p2a: Ting-Lu|Ting-Lu, L50|100\/100\n|switch|p2b: Gyarados|Gyarados, L50, M, shiny|100\/100\n|-ability|p1b: Chi-Yu|Beads of Ruin\n|-ability|p2b: Gyarados|Intimidate|boost\n|-unboost|p1a: Flutter Mane|atk|1\n|-unboost|p1b: Chi-Yu|atk|1\n|-ability|p2a: Ting-Lu|Vessel of Ruin\n|-enditem|p1a: Flutter Mane|Booster Energy\n|-activate|p1a: Flutter Mane|ability: Protosynthesis|[fromitem]\n|-start|p1a: Flutter Mane|protosynthesisspa\n|turn|1\n|\n|t:|1681866880\n|switch|p1b: Amoonguss|Amoonguss, L50, M|100\/100\n|-terastallize|p2a: Ting-Lu|Poison\n|move|p1a: Flutter Mane|Protect|p1a: Flutter Mane\n|-singleturn|p1a: Flutter Mane|Protect\n|move|p2b: Gyarados|Protect|p2b: Gyarados\n|-singleturn|p2b: Gyarados|Protect\n|move|p2a: Ting-Lu|Earthquake|p1a: Flutter Mane|[spread] p1b\n|-activate|p2b: Gyarados|move: Protect\n|-activate|p1a: Flutter Mane|move: Protect\n|-damage|p1b: Amoonguss|69\/100\n|\n|upkeep\n|turn|2\n|\n|t:|1681866937\n|-terastallize|p1a: Flutter Mane|Grass\n|move|p1b: Amoonguss|Rage Powder|p1b: Amoonguss\n|-singleturn|p1b: Amoonguss|move: Rage Powder\n|move|p1a: Flutter Mane|Shadow Ball|p2b: Gyarados\n|-damage|p2b: Gyarados|64\/100\n|move|p2b: Gyarados|Waterfall|p1b: Amoonguss\n|-resisted|p1b: Amoonguss\n|-damage|p1b: Amoonguss|52\/100\n|move|p2a: Ting-Lu|Earthquake|p1a: Flutter Mane|[spread] p1a,p1b\n|-immune|p2b: Gyarados\n|-resisted|p1a: Flutter Mane\n|-damage|p1a: Flutter Mane|75\/100\n|-damage|p1b: Amoonguss|20\/100\n|-enditem|p1b: Amoonguss|Sitrus Berry|[eat]\n|-heal|p1b: Amoonguss|45\/100|[from] item: Sitrus Berry\n|\n|upkeep\n|turn|3\n|\n|t:|1681866965\n|move|p1a: Flutter Mane|Protect|p1a: Flutter Mane\n|-singleturn|p1a: Flutter Mane|Protect\n|move|p2b: Gyarados|Iron Head|p1b: Amoonguss\n|-damage|p1b: Amoonguss|20\/100\n|move|p2a: Ting-Lu|Earthquake|p1a: Flutter Mane|[spread] p1b\n|-activate|p1a: Flutter Mane|move: Protect\n|-immune|p2b: Gyarados\n|-damage|p1b: Amoonguss|0 fnt\n|faint|p1b: Amoonguss\n|\n|upkeep\n|\n|t:|1681866974\n|switch|p1b: Baxcalibur|Baxcalibur, L50, F|100\/100\n|turn|4\n|\n|t:|1681867021\n|move|p1a: Flutter Mane|Shadow Ball|p2a: Ting-Lu\n|-damage|p2a: Ting-Lu|70\/100\n|move|p1b: Baxcalibur|Icicle Spear|p2a: Ting-Lu\n|-damage|p2a: Ting-Lu|61\/100\n|-damage|p2a: Ting-Lu|52\/100\n|-damage|p2a: Ting-Lu|43\/100\n|-damage|p2a: Ting-Lu|34\/100\n|-hitcount|p2a: Ting-Lu|4\n|move|p2b: Gyarados|Iron Head|p1b: Baxcalibur\n|-supereffective|p1b: Baxcalibur\n|-damage|p1b: Baxcalibur|41\/100\n|move|p2a: Ting-Lu|Earthquake|p1b: Baxcalibur|[spread] p1a,p1b\n|-immune|p2b: Gyarados\n|-resisted|p1a: Flutter Mane\n|-crit|p1a: Flutter Mane\n|-damage|p1a: Flutter Mane|38\/100\n|-damage|p1b: Baxcalibur|8\/100\n|\n|-heal|p2a: Ting-Lu|41\/100|[from] item: Leftovers\n|upkeep\n|turn|5\n|\n|t:|1681867072\n|switch|p2b: Corviknight|Corviknight, L50, F|100\/100\n|move|p2a: Ting-Lu|Protect|p2a: Ting-Lu\n|-singleturn|p2a: Ting-Lu|Protect\n|move|p1a: Flutter Mane|Moonblast|p2b: Corviknight\n|-resisted|p2b: Corviknight\n|-damage|p2b: Corviknight|79\/100\n|-ability|p2b: Corviknight|Mirror Armor\n|-unboost|p1a: Flutter Mane|spa|1\n|move|p1b: Baxcalibur|Icicle Spear|p2a: Ting-Lu\n|-activate|p2a: Ting-Lu|move: Protect\n|\n|-heal|p2a: Ting-Lu|47\/100|[from] item: Leftovers\n|upkeep\n|turn|6\n|\n|t:|1681867100\n|move|p1a: Flutter Mane|Protect|p1a: Flutter Mane\n|-singleturn|p1a: Flutter Mane|Protect\n|move|p1b: Baxcalibur|Icicle Spear|p2a: Ting-Lu\n|-damage|p2a: Ting-Lu|37\/100\n|-damage|p2a: Ting-Lu|28\/100\n|-damage|p2a: Ting-Lu|18\/100\n|-damage|p2a: Ting-Lu|9\/100\n|-hitcount|p2a: Ting-Lu|4\n|move|p2b: Corviknight|Body Press|p1a: Flutter Mane\n|-activate|p1a: Flutter Mane|move: Protect\n|move|p2a: Ting-Lu|Earthquake|p1a: Flutter Mane|[spread] p1b\n|-activate|p1a: Flutter Mane|move: Protect\n|-immune|p2b: Corviknight\n|-damage|p1b: Baxcalibur|0 fnt\n|faint|p1b: Baxcalibur\n|\n|-heal|p2a: Ting-Lu|15\/100|[from] item: Leftovers\n|upkeep\n|\n|t:|1681867110\n|switch|p1b: Chi-Yu|Chi-Yu, L50|100\/100\n|-ability|p1b: Chi-Yu|Beads of Ruin\n|turn|7\n|\n|t:|1681867174\n|move|p2a: Ting-Lu|Protect|p2a: Ting-Lu\n|-singleturn|p2a: Ting-Lu|Protect\n|move|p1b: Chi-Yu|Heat Wave|p2a: Ting-Lu|[spread] p2b\n|-activate|p2a: Ting-Lu|move: Protect\n|-supereffective|p2b: Corviknight\n|-damage|p2b: Corviknight|10\/100\n|move|p1a: Flutter Mane|Dazzling Gleam|p2b: Corviknight|[spread] p2b\n|-activate|p2a: Ting-Lu|move: Protect\n|-resisted|p2b: Corviknight\n|-damage|p2b: Corviknight|0 fnt\n|faint|p2b: Corviknight\n|\n|-heal|p2a: Ting-Lu|21\/100|[from] item: Leftovers\n|upkeep\n|\n|t:|1681867187\n|switch|p2b: Gyarados|Gyarados, L50, M, shiny|64\/100\n|-ability|p2b: Gyarados|Intimidate|boost\n|-unboost|p1a: Flutter Mane|atk|1\n|-unboost|p1b: Chi-Yu|atk|1\n|turn|8\n|\n|t:|1681867206\n|move|p1b: Chi-Yu|Heat Wave|p2b: Gyarados|[spread] p2a,p2b\n|-resisted|p2b: Gyarados\n|-damage|p2a: Ting-Lu|0 fnt\n|-damage|p2b: Gyarados|48\/100\n|-enditem|p2b: Gyarados|Sitrus Berry|[eat]\n|-heal|p2b: Gyarados|73\/100|[from] item: Sitrus Berry\n|faint|p2a: Ting-Lu\n|move|p1a: Flutter Mane|Moonblast|p2b: Gyarados\n|-damage|p2b: Gyarados|20\/100\n|move|p2b: Gyarados|Waterfall|p1b: Chi-Yu\n|-supereffective|p1b: Chi-Yu\n|-damage|p1b: Chi-Yu|0 fnt\n|faint|p1b: Chi-Yu\n|\n|upkeep\n|\n|t:|1681867217\n|switch|p2a: Flutter Mane|Flutter Mane, L50|100\/100\n|turn|9\n|\n|t:|1681867242\n|move|p2a: Flutter Mane|Moonblast|p1a: Flutter Mane\n|-damage|p1a: Flutter Mane|0 fnt\n|faint|p1a: Flutter Mane\n|-end|p1a: Flutter Mane|Protosynthesis|[silent]\n|\n|win|wesleihas\n|c|\u2606wesleihas|gg\n","uploadtime":1681868108,"views":17,"p1id":"gscedrico","p2id":"wesleihas","formatid":"gen9vgc2023regulationc","rating":0,"private":0,"password":""}