{"id":"gen9vgc2023regulationc-1857085486","p1":"Vengeful potato","p2":"primero un taquito","format":"[Gen 9] VGC 2023 Regulation C","log":"|j|\u2606Vengeful potato\n|j|\u2606primero un taquito\n|t:|1683144319\n|gametype|doubles\n|player|p1|Vengeful potato|swimmer-gen4|1252\n|player|p2|primero un taquito|cheren-gen5bw2|1173\n|teamsize|p1|6\n|teamsize|p2|6\n|gen|9\n|tier|[Gen 9] VGC 2023 Regulation C\n|rated|\n|rule|Species Clause: Limit one of each Pok\u00e9mon\n|rule|Item Clause: Limit one of each item\n|clearpoke\n|poke|p1|Dudunsparce-*, L50, M|\n|poke|p1|Hariyama, L50, M|\n|poke|p1|Chi-Yu, L50|\n|poke|p1|Salamence, L50, F|\n|poke|p1|Tinkaton, L50, F|\n|poke|p1|Rotom-Wash, L50|\n|poke|p2|Flutter Mane, L50|\n|poke|p2|Chi-Yu, L50|\n|poke|p2|Chien-Pao, L50|\n|poke|p2|Dragonite, L50, M|\n|poke|p2|Iron Bundle, L50|\n|poke|p2|Torkoal, L50, F|\n|teampreview|4\n|\n|t:|1683144350\n|start\n|switch|p1a: Double Down|Dudunsparce, L50, M|100\/100\n|switch|p1b: THICC!|Hariyama, L50, M, shiny|100\/100\n|switch|p2a: Flutter Mane|Flutter Mane, L50|100\/100\n|switch|p2b: Chi-Yu|Chi-Yu, L50|100\/100\n|-ability|p2b: Chi-Yu|Beads of Ruin\n|turn|1\n|inactive|Battle timer is ON: inactive players will automatically lose when time's up. (requested by primero un taquito)\n|\n|t:|1683144384\n|-terastallize|p2a: Flutter Mane|Fairy\n|move|p1b: THICC!|Wide Guard|p1b: THICC!\n|-singleturn|p1b: THICC!|Wide Guard\n|move|p2b: Chi-Yu|Heat Wave|p1a: Double Down|[spread] \n|-activate|p1a: Double Down|move: Wide Guard\n|-activate|p1b: THICC!|move: Wide Guard\n|move|p2a: Flutter Mane|Dazzling Gleam|p1b: THICC!|[spread] \n|-activate|p1a: Double Down|move: Wide Guard\n|-activate|p1b: THICC!|move: Wide Guard\n|move|p1a: Double Down|Glare|p2b: Chi-Yu\n|-status|p2b: Chi-Yu|par\n|\n|upkeep\n|turn|2\n|\n|t:|1683144402\n|-end|p2a: Flutter Mane|Protosynthesis|[silent]\n|switch|p2a: Iron Bundle|Iron Bundle, L50|100\/100\n|-enditem|p2a: Iron Bundle|Booster Energy\n|-activate|p2a: Iron Bundle|ability: Quark Drive|[fromitem]\n|-start|p2a: Iron Bundle|quarkdrivespe\n|switch|p1b: Nemo|Chi-Yu, L50|100\/100\n|-ability|p1b: Nemo|Beads of Ruin\n|move|p2b: Chi-Yu|Heat Wave|p1b: Nemo|[spread] p1a,p1b\n|-resisted|p1b: Nemo\n|-damage|p1a: Double Down|53\/100\n|-damage|p1b: Nemo|82\/100\n|move|p1a: Double Down|Glare|p2a: Iron Bundle\n|-status|p2a: Iron Bundle|par\n|\n|upkeep\n|turn|3\n|inactive|Vengeful potato has 30 seconds left.\n|\n|t:|1683144431\n|switch|p1a: THICC!|Hariyama, L50, M, shiny|100\/100\n|move|p2a: Iron Bundle|Hydro Pump|p1b: Nemo\n|-supereffective|p1b: Nemo\n|-damage|p1b: Nemo|0 fnt\n|faint|p1b: Nemo\n|cant|p2b: Chi-Yu|par\n|\n|upkeep\n|inactive|Vengeful potato has 30 seconds left.\n|inactive|Vengeful potato has 20 seconds left.\n|\n|t:|1683144468\n|switch|p1b: MENACING|Salamence, L50, F|100\/100\n|-ability|p1b: MENACING|Intimidate|boost\n|-unboost|p2a: Iron Bundle|atk|1\n|-unboost|p2b: Chi-Yu|atk|1\n|turn|4\n|\n|t:|1683144483\n|-terastallize|p1b: MENACING|Fire\n|move|p2a: Iron Bundle|Freeze-Dry|p1b: MENACING\n|-resisted|p1b: MENACING\n|-damage|p1b: MENACING|81\/100\n|move|p2b: Chi-Yu|Heat Wave|p1a: THICC!|[spread] p1a,p1b\n|-resisted|p1b: MENACING\n|-damage|p1a: THICC!|77\/100\n|-damage|p1b: MENACING|55\/100\n|move|p1b: MENACING|Heat Wave|p2b: Chi-Yu|[spread] p2a,p2b\n|-resisted|p2b: Chi-Yu\n|-damage|p2a: Iron Bundle|26\/100 par\n|-damage|p2b: Chi-Yu|81\/100 par\n|move|p1a: THICC!|Drain Punch|p2b: Chi-Yu\n|-supereffective|p2b: Chi-Yu\n|-damage|p2b: Chi-Yu|0 fnt\n|-heal|p1a: THICC!|100\/100|[from] drain|[of] p2b: Chi-Yu\n|faint|p2b: Chi-Yu\n|\n|upkeep\n|\n|t:|1683144500\n|switch|p2b: Flutter Mane|Flutter Mane, L50, tera:Fairy|100\/100\n|turn|5\n|\n|t:|1683144519\n|-end|p2a: Iron Bundle|Quark Drive|[silent]\n|switch|p2a: Torkoal|Torkoal, L50, F|100\/100\n|-weather|SunnyDay|[from] ability: Drought|[of] p2a: Torkoal\n|-activate|p2b: Flutter Mane|ability: Protosynthesis\n|-start|p2b: Flutter Mane|protosynthesisspe\n|move|p1a: THICC!|Bullet Punch|p2a: Torkoal\n|-resisted|p2a: Torkoal\n|-damage|p2a: Torkoal|96\/100\n|move|p2b: Flutter Mane|Moonblast|p1b: MENACING\n|-resisted|p1b: MENACING\n|-damage|p1b: MENACING|8\/100\n|move|p1b: MENACING|Heat Wave|p2a: Torkoal|[spread] p2a,p2b\n|-resisted|p2a: Torkoal\n|-crit|p2b: Flutter Mane\n|-damage|p2a: Torkoal|62\/100\n|-damage|p2b: Flutter Mane|20\/100\n|\n|-weather|SunnyDay|[upkeep]\n|upkeep\n|turn|6\n|\n|t:|1683144540\n|move|p1a: THICC!|Bullet Punch|p2b: Flutter Mane\n|-supereffective|p2b: Flutter Mane\n|-damage|p2b: Flutter Mane|0 fnt\n|faint|p2b: Flutter Mane\n|-end|p2b: Flutter Mane|Protosynthesis|[silent]\n|move|p1b: MENACING|Draco Meteor|p2a: Torkoal\n|-damage|p2a: Torkoal|0 fnt\n|-unboost|p1b: MENACING|spa|2\n|faint|p2a: Torkoal\n|\n|-weather|SunnyDay|[upkeep]\n|upkeep\n|\n|t:|1683144553\n|switch|p2b: Iron Bundle|Iron Bundle, L50|26\/100 par\n|turn|7\n|\n|t:|1683144560\n|move|p1b: MENACING|Heat Wave|p2b: Iron Bundle\n|-damage|p2b: Iron Bundle|0 fnt\n|faint|p2b: Iron Bundle\n|-end|p2b: Iron Bundle|Quark Drive|[silent]\n|\n|win|Vengeful potato\n|raw|Vengeful potato's rating: 1252 → 1271<\/strong> (+19 for winning)\n|raw|primero un taquito's rating: 1173 → 1154<\/strong> (-19 for losing)\n|c|\u2606Vengeful potato|Ggs\n|l|\u2606primero un taquito\n","uploadtime":1683144568,"views":9,"p1id":"vengefulpotato","p2id":"primerountaquito","formatid":"gen9vgc2023regulationc","rating":1154,"private":0,"password":""}