{"id":"gen9vgc2023regulationc-1845631838","p1":"OneStrangeOnion","p2":"Jauumeee17","format":"[Gen 9] VGC 2023 Regulation C","log":"|j|\u2606OneStrangeOnion\n|j|\u2606Jauumeee17\n|t:|1681751023\n|gametype|doubles\n|player|p1|OneStrangeOnion|rosa|1037\n|player|p2|Jauumeee17|swimmer-gen4|1085\n|teamsize|p1|6\n|teamsize|p2|6\n|gen|9\n|tier|[Gen 9] VGC 2023 Regulation C\n|rated|\n|rule|Species Clause: Limit one of each Pok\u00e9mon\n|rule|Item Clause: Limit one of each item\n|clearpoke\n|poke|p1|Tyranitar, L50, F|\n|poke|p1|Bronzong, L50|\n|poke|p1|Orthworm, L50, F|\n|poke|p1|Stonjourner, L50, M|\n|poke|p1|Gastrodon-East, L50, F|\n|poke|p1|Kingambit, L50, F|\n|poke|p2|Palafin, L50, F|\n|poke|p2|Flutter Mane, L50|\n|poke|p2|Arcanine, L50, M|\n|poke|p2|Amoonguss, L50, F|\n|poke|p2|Ting-Lu, L50|\n|poke|p2|Roaring Moon, L50|\n|teampreview|4\n|inactive|Battle timer is ON: inactive players will automatically lose when time's up. (requested by Jauumeee17)\nJauumeee17 has agreed to open team sheets.\n|inactive|OneStrangeOnion has 60 seconds left.\n|\n|t:|1681751065\n|start\n|switch|p1a: Orthworm|Orthworm, L50, F|100\/100\n|switch|p1b: Bronzong|Bronzong, L50|100\/100\n|switch|p2a: Ting-Lu|Ting-Lu, L50|100\/100\n|switch|p2b: Palafin|Palafin, L50, F|100\/100\n|-ability|p2a: Ting-Lu|Vessel of Ruin\n|turn|1\n|inactive|Jauumeee17 has 30 seconds left.\n|inactive|Jauumeee17 has 20 seconds left.\n|\n|t:|1681751105\n|detailschange|p2b: Palafin|Palafin-Hero, L50, F\n|switch|p2b: Amoonguss|Amoonguss, L50, F|100\/100\n|move|p1a: Orthworm|Shed Tail|p1a: Orthworm\n|-start|p1a: Orthworm|Substitute|[from] move: Shed Tail\n|-damage|p1a: Orthworm|50\/100\n|-enditem|p1a: Orthworm|Sitrus Berry|[eat]\n|-heal|p1a: Orthworm|75\/100|[from] item: Sitrus Berry\n|\n|t:|1681751113\n|switch|p1a: Tyranitar|Tyranitar, L50, F|100\/100|[from] Shed Tail\n|-weather|Sandstorm|[from] ability: Sand Stream|[of] p1a: Tyranitar\n|move|p2a: Ting-Lu|Sand Tomb|p1a: Tyranitar\n|-supereffective|p1a: Tyranitar\n|-end|p1a: Tyranitar|Substitute\n|move|p1b: Bronzong|Trick Room|p1b: Bronzong\n|-fieldstart|move: Trick Room|[of] p1b: Bronzong\n|\n|-weather|Sandstorm|[upkeep]\n|-damage|p2b: Amoonguss|95\/100|[from] Sandstorm\n|upkeep\n|turn|2\n|inactive|OneStrangeOnion has 30 seconds left.\n|inactive|OneStrangeOnion has 20 seconds left.\n|\n|t:|1681751149\n|move|p1b: Bronzong|Safeguard|p1b: Bronzong\n|-sidestart|p1: OneStrangeOnion|Safeguard\n|move|p2b: Amoonguss|Spore|p1b: Bronzong\n|-activate|p1b: Bronzong|move: Safeguard\n|move|p2a: Ting-Lu|Stomping Tantrum|p1a: Tyranitar\n|-supereffective|p1a: Tyranitar\n|-damage|p1a: Tyranitar|37\/100\n|move|p1a: Tyranitar|Earthquake|p2b: Amoonguss|[spread] p2a,p2b\n|-immune|p1b: Bronzong|[from] ability: Levitate\n|-crit|p2a: Ting-Lu\n|-damage|p2a: Ting-Lu|75\/100\n|-damage|p2b: Amoonguss|65\/100\n|\n|-weather|Sandstorm|[upkeep]\n|-damage|p2b: Amoonguss|59\/100|[from] Sandstorm\n|upkeep\n|turn|3\n|inactive|OneStrangeOnion has 30 seconds left.\n|inactive|Jauumeee17 has 30 seconds left.\n|\n|t:|1681751179\n|switch|p1a: Orthworm|Orthworm, L50, F|75\/100\n|move|p2b: Amoonguss|Protect|p2b: Amoonguss\n|-singleturn|p2b: Amoonguss|Protect\n|move|p1b: Bronzong|Zen Headbutt|p2b: Amoonguss\n|-activate|p2b: Amoonguss|move: Protect\n|move|p2a: Ting-Lu|Stomping Tantrum|p1a: Orthworm\n|-heal|p1a: Orthworm|99\/100|[from] ability: Earth Eater|[of] p2a: Ting-Lu\n|\n|-weather|Sandstorm|[upkeep]\n|-damage|p2b: Amoonguss|53\/100|[from] Sandstorm\n|upkeep\n|turn|4\n|inactive|Jauumeee17 has 30 seconds left.\n|inactive|Jauumeee17 has 20 seconds left.\n|\n|t:|1681751215\n|switch|p2b: Arcanine|Arcanine, L50, M|100\/100\n|-ability|p2b: Arcanine|Intimidate|boost\n|-unboost|p1a: Orthworm|atk|1\n|-unboost|p1b: Bronzong|atk|1\n|move|p1b: Bronzong|Zen Headbutt|p2b: Arcanine\n|-damage|p2b: Arcanine|72\/100\n|move|p2a: Ting-Lu|Ruination|p1b: Bronzong\n|-damage|p1b: Bronzong|50\/100\n|move|p1a: Orthworm|Shed Tail|p1a: Orthworm\n|-start|p1a: Orthworm|Substitute|[from] move: Shed Tail\n|-damage|p1a: Orthworm|50\/100\n|\n|t:|1681751230\n|switch|p1a: Tyranitar|Tyranitar, L50, F|37\/100|[from] Shed Tail\n|\n|-weather|Sandstorm|[upkeep]\n|-heal|p1b: Bronzong|56\/100|[from] item: Leftovers\n|upkeep\n|turn|5\n|inactive|OneStrangeOnion has 30 seconds left.\n|inactive|OneStrangeOnion has 20 seconds left.\n|inactive|OneStrangeOnion has 15 seconds left.\n|inactive|OneStrangeOnion has 10 seconds left.\n|\n|t:|1681751280\n|move|p1b: Bronzong|Zen Headbutt|p2b: Arcanine\n|-damage|p2b: Arcanine|48\/100\n|move|p2a: Ting-Lu|Stomping Tantrum|p1a: Tyranitar\n|-supereffective|p1a: Tyranitar\n|-end|p1a: Tyranitar|Substitute\n|move|p1a: Tyranitar|Stone Edge|p2b: Arcanine\n|-supereffective|p2b: Arcanine\n|-damage|p2b: Arcanine|0 fnt\n|faint|p2b: Arcanine\n|\n|-weather|none\n|-heal|p1b: Bronzong|62\/100|[from] item: Leftovers\n|-fieldend|move: Trick Room\n|upkeep\n|\n|t:|1681751293\n|switch|p2b: Palafin|Palafin-Hero, L50, F|100\/100\n|-activate|p2b: Palafin|ability: Zero to Hero\n|turn|6\n|\n|t:|1681751310\n|switch|p1a: Orthworm|Orthworm, L50, F|50\/100\n|move|p2b: Palafin|Wave Crash|p1b: Bronzong\n|-damage|p1b: Bronzong|0 fnt\n|faint|p1b: Bronzong\n|-damage|p2b: Palafin|80\/100|[from] Recoil\n|move|p2a: Ting-Lu|Stomping Tantrum|p1a: Orthworm\n|-heal|p1a: Orthworm|75\/100|[from] ability: Earth Eater|[of] p2a: Ting-Lu\n|\n|-sideend|p1: OneStrangeOnion|Safeguard\n|upkeep\n|\n|t:|1681751331\n|switch|p1b: Tyranitar|Tyranitar, L50, F|37\/100\n|-weather|Sandstorm|[from] ability: Sand Stream|[of] p1b: Tyranitar\n|turn|7\n|\n|t:|1681751347\n|-terastallize|p1b: Tyranitar|Fairy\n|move|p2b: Palafin|Wave Crash|p1a: Orthworm\n|-damage|p1a: Orthworm|28\/100\n|-damage|p2b: Palafin|65\/100|[from] Recoil\n|move|p1a: Orthworm|Body Press|p2a: Ting-Lu\n|-supereffective|p2a: Ting-Lu\n|-damage|p2a: Ting-Lu|40\/100\n|move|p1b: Tyranitar|Earthquake|p2a: Ting-Lu|[spread] p2a,p2b\n|-heal|p1a: Orthworm|53\/100|[from] ability: Earth Eater|[of] p1b: Tyranitar\n|-damage|p2a: Ting-Lu|24\/100\n|-damage|p2b: Palafin|35\/100\n|move|p2a: Ting-Lu|Stomping Tantrum|p1b: Tyranitar\n|-damage|p1b: Tyranitar|0 fnt\n|faint|p1b: Tyranitar\n|\n|-weather|Sandstorm|[upkeep]\n|-damage|p2b: Palafin|30\/100|[from] Sandstorm\n|upkeep\n|\n|t:|1681751366\n|switch|p1b: Kingambit|Kingambit, L50, F|100\/100\n|turn|8\n|\n|t:|1681751385\n|switch|p2a: Amoonguss|Amoonguss, L50, F|86\/100\n|move|p2b: Palafin|Protect|p2b: Palafin\n|-singleturn|p2b: Palafin|Protect\n|move|p1a: Orthworm|Protect|p1a: Orthworm\n|-singleturn|p1a: Orthworm|Protect\n|move|p1b: Kingambit|Sucker Punch||[still]\n|-fail|p1b: Kingambit\n|\n|-weather|Sandstorm|[upkeep]\n|-damage|p2b: Palafin|24\/100|[from] Sandstorm\n|-damage|p2a: Amoonguss|80\/100|[from] Sandstorm\n|upkeep\n|turn|9\n|inactive|OneStrangeOnion has 30 seconds left.\n|inactive|Jauumeee17 has 30 seconds left.\n|\n|t:|1681751414\n|move|p1b: Kingambit|Sucker Punch|p2b: Palafin\n|-damage|p2b: Palafin|0 fnt\n|faint|p2b: Palafin\n|move|p1a: Orthworm|Body Press|p2a: Amoonguss\n|-resisted|p2a: Amoonguss\n|-damage|p2a: Amoonguss|62\/100\n|move|p2a: Amoonguss|Spore|p1b: Kingambit\n|-status|p1b: Kingambit|slp|[from] move: Spore\n|\n|-weather|Sandstorm|[upkeep]\n|-damage|p2a: Amoonguss|56\/100|[from] Sandstorm\n|upkeep\n|\n|t:|1681751424\n|switch|p2b: Ting-Lu|Ting-Lu, L50|24\/100\n|-ability|p2b: Ting-Lu|Vessel of Ruin\n|turn|10\n|inactive|OneStrangeOnion has 30 seconds left.\n|\n|t:|1681751453\n|move|p1a: Orthworm|Protect|p1a: Orthworm\n|-singleturn|p1a: Orthworm|Protect\n|cant|p1b: Kingambit|slp\n|move|p2b: Ting-Lu|Stomping Tantrum|p1b: Kingambit\n|-supereffective|p1b: Kingambit\n|-damage|p1b: Kingambit|45\/100 slp\n|move|p2a: Amoonguss|Spore|p1a: Orthworm\n|-activate|p1a: Orthworm|move: Protect\n|\n|-weather|Sandstorm|[upkeep]\n|-damage|p2a: Amoonguss|50\/100|[from] Sandstorm\n|-enditem|p2a: Amoonguss|Sitrus Berry|[eat]\n|-heal|p2a: Amoonguss|75\/100|[from] item: Sitrus Berry\n|upkeep\n|turn|11\n|inactive|OneStrangeOnion has 30 seconds left.\n|inactive|Jauumeee17 has 30 seconds left.\n|\n|t:|1681751487\n|move|p2a: Amoonguss|Rage Powder|p2a: Amoonguss\n|-singleturn|p2a: Amoonguss|move: Rage Powder\n|move|p1a: Orthworm|Body Press|p2a: Amoonguss\n|-resisted|p2a: Amoonguss\n|-damage|p2a: Amoonguss|56\/100\n|cant|p1b: Kingambit|slp\n|move|p2b: Ting-Lu|Stomping Tantrum|p1b: Kingambit\n|-supereffective|p1b: Kingambit\n|-crit|p1b: Kingambit\n|-damage|p1b: Kingambit|0 fnt\n|faint|p1b: Kingambit\n|\n|-weather|none\n|upkeep\n|turn|12\n|\n|t:|1681751506\n|move|p1a: Orthworm|Protect|p1a: Orthworm\n|-singleturn|p1a: Orthworm|Protect\n|move|p2a: Amoonguss|Rage Powder|p2a: Amoonguss\n|-singleturn|p2a: Amoonguss|move: Rage Powder\n|move|p2b: Ting-Lu|Ruination|p1a: Orthworm\n|-activate|p1a: Orthworm|move: Protect\n|\n|upkeep\n|turn|13\n|\n|t:|1681751516\n|move|p2a: Amoonguss|Rage Powder|p2a: Amoonguss\n|-singleturn|p2a: Amoonguss|move: Rage Powder\n|move|p1a: Orthworm|Body Press|p2a: Amoonguss\n|-resisted|p2a: Amoonguss\n|-damage|p2a: Amoonguss|40\/100\n|move|p2b: Ting-Lu|Ruination|p1a: Orthworm\n|-damage|p1a: Orthworm|27\/100\n|\n|upkeep\n|turn|14\n|\n|t:|1681751531\n|move|p2a: Amoonguss|Rage Powder|p2a: Amoonguss\n|-singleturn|p2a: Amoonguss|move: Rage Powder\n|move|p1a: Orthworm|Iron Head|p2a: Amoonguss\n|-damage|p2a: Amoonguss|12\/100\n|move|p2b: Ting-Lu|Ruination|p1a: Orthworm\n|-damage|p1a: Orthworm|14\/100\n|\n|upkeep\n|turn|15\n|\n|t:|1681751543\n|move|p1a: Orthworm|Iron Head|p2a: Amoonguss\n|-damage|p2a: Amoonguss|0 fnt\n|faint|p2a: Amoonguss\n|move|p2b: Ting-Lu|Heavy Slam|p1a: Orthworm\n|-resisted|p1a: Orthworm\n|-damage|p1a: Orthworm|8\/100\n|\n|upkeep\n|turn|16\n|\n|t:|1681751556\n|-terastallize|p2b: Ting-Lu|Poison\n|move|p1a: Orthworm|Body Press|p2b: Ting-Lu\n|-resisted|p2b: Ting-Lu\n|-damage|p2b: Ting-Lu|15\/100\n|move|p2b: Ting-Lu|Heavy Slam|p1a: Orthworm\n|-resisted|p1a: Orthworm\n|-damage|p1a: Orthworm|2\/100\n|\n|upkeep\n|turn|17\n|\n|t:|1681751576\n|move|p1a: Orthworm|Protect|p1a: Orthworm\n|-singleturn|p1a: Orthworm|Protect\n|move|p2b: Ting-Lu|Heavy Slam|p1a: Orthworm\n|-activate|p1a: Orthworm|move: Protect\n|\n|upkeep\n|turn|18\n|\n|t:|1681751582\n|move|p1a: Orthworm|Iron Head|p2b: Ting-Lu\n|-damage|p2b: Ting-Lu|0 fnt\n|faint|p2b: Ting-Lu\n|\n|win|OneStrangeOnion\n|raw|OneStrangeOnion's rating: 1037 → 1076<\/strong> (+39 for winning)\n|raw|Jauumeee17's rating: 1085 → 1059<\/strong> (-26 for losing)\n|l|\u2606OneStrangeOnion\n|j|\u2606OneStrangeOnion\n|player|p1|OneStrangeOnion|rosa\n|c|\u2606OneStrangeOnion|gg\n","uploadtime":1681751612,"views":12,"p1id":"onestrangeonion","p2id":"jauumeee17","formatid":"gen9vgc2023regulationc","rating":1059,"private":0,"password":""}