{"id":"gen9vgc2023regulationc-1863301121","p1":"XathridN1219","p2":"KhaiWings","format":"[Gen 9] VGC 2023 Regulation C","log":"|j|\u2606XathridN1219\n|j|\u2606KhaiWings\n|t:|1683999795\n|gametype|doubles\n|player|p1|XathridN1219|harlequin|1087\n|player|p2|KhaiWings|benga|1056\n|teamsize|p1|6\n|teamsize|p2|6\n|gen|9\n|tier|[Gen 9] VGC 2023 Regulation C\n|rated|\n|rule|Species Clause: Limit one of each Pok\u00e9mon\n|rule|Item Clause: Limit one of each item\n|clearpoke\n|poke|p1|Haxorus, L50, M|\n|poke|p1|Talonflame, L50, M|\n|poke|p1|Iron Bundle, L50|\n|poke|p1|Kingambit, L50, M|\n|poke|p1|Clodsire, L50, M|\n|poke|p1|Sylveon, L50, F|\n|poke|p2|Brambleghast, L50, F|\n|poke|p2|Murkrow, L50, M|\n|poke|p2|Torkoal, L50, F|\n|poke|p2|Flutter Mane, L50|\n|poke|p2|Great Tusk, L50|\n|poke|p2|Kingambit, L50, F|\n|teampreview|4\n|inactive|Battle timer is ON: inactive players will automatically lose when time's up. (requested by KhaiWings)\nKhaiWings has agreed to open team sheets.\n|\n|t:|1683999812\n|start\n|switch|p1a: Talonflame|Talonflame, L50, M|100\/100\n|switch|p1b: Kingambit|Kingambit, L50, M|100\/100\n|switch|p2a: Murkrow|Murkrow, L50, M, shiny|100\/100\n|switch|p2b: Torkoal|Torkoal, L50, F|100\/100\n|-weather|SunnyDay|[from] ability: Drought|[of] p2b: Torkoal\n|turn|1\n|\n|t:|1683999834\n|move|p1a: Talonflame|Tailwind|p1a: Talonflame\n|-sidestart|p1: XathridN1219|move: Tailwind\n|move|p2a: Murkrow|Tailwind|p2a: Murkrow\n|-sidestart|p2: KhaiWings|move: Tailwind\n|move|p1b: Kingambit|Kowtow Cleave|p2b: Torkoal\n|-damage|p2b: Torkoal|63\/100\n|move|p2b: Torkoal|Overheat|p1b: Kingambit\n|-supereffective|p1b: Kingambit\n|-damage|p1b: Kingambit|27\/100\n|-unboost|p2b: Torkoal|spa|2\n|-enditem|p2b: Torkoal|Eject Pack\n|\n|t:|1683999844\n|switch|p2b: Brambleghast|Brambleghast, L50, F|100\/100\n|-ability|p2b: Brambleghast|Wind Rider|boost\n|-boost|p2b: Brambleghast|atk|1\n|\n|-weather|SunnyDay|[upkeep]\n|upkeep\n|turn|2\n|\n|t:|1683999869\n|-terastallize|p2b: Brambleghast|Water\n|move|p1a: Talonflame|Brave Bird|p2b: Brambleghast\n|-damage|p2b: Brambleghast|36\/100\n|-damage|p1a: Talonflame|78\/100|[from] Recoil\n|move|p2b: Brambleghast|Shadow Sneak|p1a: Talonflame\n|-damage|p1a: Talonflame|25\/100\n|-damage|p2b: Brambleghast|26\/100|[from] item: Life Orb\n|move|p2a: Murkrow|Screech|p1a: Talonflame\n|-unboost|p1a: Talonflame|def|2\n|move|p1b: Kingambit|Sucker Punch||[still]\n|-fail|p1b: Kingambit\n|\n|-weather|SunnyDay|[upkeep]\n|upkeep\n|turn|3\n|\n|t:|1683999891\n|move|p1a: Talonflame|Protect|p1a: Talonflame\n|-singleturn|p1a: Talonflame|Protect\n|move|p2b: Brambleghast|Shadow Sneak|p1a: Talonflame\n|-activate|p1a: Talonflame|move: Protect\n|move|p2a: Murkrow|Brave Bird|p1b: Kingambit\n|-resisted|p1b: Kingambit\n|-damage|p1b: Kingambit|13\/100\n|-damage|p2a: Murkrow|95\/100|[from] Recoil\n|move|p1b: Kingambit|Kowtow Cleave|p2b: Brambleghast\n|-damage|p2b: Brambleghast|0 fnt\n|faint|p2b: Brambleghast\n|\n|-weather|SunnyDay|[upkeep]\n|upkeep\n|\n|t:|1683999904\n|switch|p2b: Flutter Mane|Flutter Mane, L50|100\/100\n|-activate|p2b: Flutter Mane|ability: Protosynthesis\n|-start|p2b: Flutter Mane|protosynthesisspa\n|turn|4\n|\n|t:|1683999916\n|switch|p2a: Torkoal|Torkoal, L50, F|63\/100\n|move|p1b: Kingambit|Sucker Punch|p2b: Flutter Mane\n|-damage|p2b: Flutter Mane|39\/100\n|move|p1a: Talonflame|Flare Blitz|p2a: Torkoal\n|-resisted|p2a: Torkoal\n|-damage|p2a: Torkoal|38\/100\n|-damage|p1a: Talonflame|15\/100|[from] Recoil\n|move|p2b: Flutter Mane|Dazzling Gleam|p1b: Kingambit|[spread] p1a,p1b\n|-resisted|p1a: Talonflame\n|-crit|p1a: Talonflame\n|-damage|p1a: Talonflame|0 fnt\n|-damage|p1b: Kingambit|0 fnt\n|faint|p1a: Talonflame\n|faint|p1b: Kingambit\n|\n|-weather|SunnyDay|[upkeep]\n|-sideend|p2: KhaiWings|move: Tailwind\n|-sideend|p1: XathridN1219|move: Tailwind\n|upkeep\n|\n|t:|1683999928\n|switch|p1a: Haxorus|Haxorus, L50, M|100\/100\n|switch|p1b: Iron Bundle|Iron Bundle, L50|100\/100\n|-ability|p1a: Haxorus|Mold Breaker\n|-enditem|p1b: Iron Bundle|Booster Energy\n|-activate|p1b: Iron Bundle|ability: Quark Drive|[fromitem]\n|-start|p1b: Iron Bundle|quarkdrivespe\n|turn|5\n|\n|t:|1683999940\n|move|p2a: Torkoal|Helping Hand|p2b: Flutter Mane\n|-singleturn|p2b: Flutter Mane|Helping Hand|[of] p2a: Torkoal\n|move|p1b: Iron Bundle|Ice Beam|p2b: Flutter Mane\n|-damage|p2b: Flutter Mane|0 fnt\n|faint|p2b: Flutter Mane\n|-end|p2b: Flutter Mane|Protosynthesis|[silent]\n|move|p1a: Haxorus|Rock Slide|p2a: Torkoal\n|-supereffective|p2a: Torkoal\n|-damage|p2a: Torkoal|0 fnt\n|faint|p2a: Torkoal\n|-damage|p1a: Haxorus|91\/100|[from] item: Life Orb\n|\n|-weather|none\n|upkeep\n|-message|KhaiWings forfeited.\n|\n|win|XathridN1219\n|raw|XathridN1219's rating: 1087 → 1112<\/strong> (+25 for winning)\n|raw|KhaiWings's rating: 1056 → 1039<\/strong> (-17 for losing)\n|l|\u2606KhaiWings\n","uploadtime":1683999962,"views":2,"p1id":"xathridn1219","p2id":"khaiwings","formatid":"gen9vgc2023regulationc","rating":1039,"private":0,"password":""}