{"id":"gen9vgc2023regulationc-1845242642","p1":"DinoMike130","p2":"Helio list","format":"[Gen 9] VGC 2023 Regulation C","log":"|j|\u2606DinoMike130\n|j|\u2606Helio list\n|t:|1681701035\n|gametype|doubles\n|player|p1|DinoMike130|veteran|1326\n|player|p2|Helio list|170|1213\n|teamsize|p1|6\n|teamsize|p2|6\n|gen|9\n|tier|[Gen 9] VGC 2023 Regulation C\n|rated|\n|rule|Species Clause: Limit one of each Pok\u00e9mon\n|rule|Item Clause: Limit one of each item\n|clearpoke\n|poke|p1|Pelipper, L50, F|\n|poke|p1|Drednaw, L50, M|\n|poke|p1|Chien-Pao, L50|\n|poke|p1|Torkoal, L50, F|\n|poke|p1|Great Tusk, L50|\n|poke|p1|Brute Bonnet, L50|\n|poke|p2|Gothitelle, L50, F|\n|poke|p2|Amoonguss, L50, M|\n|poke|p2|Murkrow, L50, M|\n|poke|p2|Chi-Yu, L50|\n|poke|p2|Flutter Mane, L50|\n|poke|p2|Roaring Moon, L50|\n|teampreview|4\n|\n|t:|1681701065\n|start\n|switch|p1a: Pelipper|Pelipper, L50, F|100\/100\n|switch|p1b: Drednaw|Drednaw, L50, M|100\/100\n|switch|p2a: Roaring Moon|Roaring Moon, L50|100\/100\n|switch|p2b: Flutter Mane|Flutter Mane, L50|100\/100\n|-weather|RainDance|[from] ability: Drizzle|[of] p1a: Pelipper\n|-enditem|p2a: Roaring Moon|Booster Energy\n|-activate|p2a: Roaring Moon|ability: Protosynthesis|[fromitem]\n|-start|p2a: Roaring Moon|protosynthesisspe\n|turn|1\n|\n|t:|1681701091\n|-end|p2b: Flutter Mane|Protosynthesis|[silent]\n|switch|p2b: Amoonguss|Amoonguss, L50, M|100\/100\n|move|p2a: Roaring Moon|Breaking Swipe|p1a: Pelipper|[spread] p1a,p1b\n|-damage|p1a: Pelipper|77\/100\n|-damage|p1b: Drednaw|76\/100\n|-unboost|p1b: Drednaw|atk|1\n|move|p1b: Drednaw|Ice Spinner|p2a: Roaring Moon\n|-supereffective|p2a: Roaring Moon\n|-damage|p2a: Roaring Moon|52\/100\n|-damage|p1b: Drednaw|67\/100|[from] item: Life Orb\n|move|p1a: Pelipper|Tailwind|p1a: Pelipper\n|-sidestart|p1: DinoMike130|move: Tailwind\n|\n|-weather|RainDance|[upkeep]\n|upkeep\n|turn|2\n|\n|t:|1681701124\n|-terastallize|p2a: Roaring Moon|Steel\n|move|p1b: Drednaw|Rock Slide|p2a: Roaring Moon|[spread] p2a,p2b\n|-resisted|p2a: Roaring Moon\n|-damage|p2a: Roaring Moon|39\/100\n|-damage|p2b: Amoonguss|79\/100\n|-damage|p1b: Drednaw|57\/100|[from] item: Life Orb\n|move|p1a: Pelipper|Hurricane|p2b: Amoonguss\n|-supereffective|p2b: Amoonguss\n|-damage|p2b: Amoonguss|16\/100\n|-start|p2b: Amoonguss|confusion\n|move|p2a: Roaring Moon|Breaking Swipe|p1a: Pelipper|[spread] p1a,p1b\n|-damage|p1a: Pelipper|55\/100\n|-damage|p1b: Drednaw|31\/100\n|-unboost|p1b: Drednaw|atk|1\n|cant|p2b: Amoonguss|flinch\n|\n|-weather|RainDance|[upkeep]\n|upkeep\n|turn|3\n|\n|t:|1681701173\n|move|p2a: Roaring Moon|Protect|p2a: Roaring Moon\n|-singleturn|p2a: Roaring Moon|Protect\n|move|p1b: Drednaw|Rock Slide|p2a: Roaring Moon|[spread] p2b\n|-activate|p2a: Roaring Moon|move: Protect\n|-damage|p2b: Amoonguss|2\/100\n|-damage|p1b: Drednaw|22\/100|[from] item: Life Orb\n|move|p1a: Pelipper|Hurricane|p2a: Roaring Moon\n|-activate|p2a: Roaring Moon|move: Protect\n|-activate|p2b: Amoonguss|confusion\n|move|p2b: Amoonguss|Spore|p1a: Pelipper\n|-status|p1a: Pelipper|slp|[from] move: Spore\n|\n|-weather|RainDance|[upkeep]\n|upkeep\n|turn|4\n|\n|t:|1681701201\n|cant|p1a: Pelipper|slp\n|move|p1b: Drednaw|Rock Slide|p2a: Roaring Moon|[spread] p2b\n|-miss|p1b: Drednaw|p2a: Roaring Moon\n|-damage|p2b: Amoonguss|0 fnt\n|faint|p2b: Amoonguss\n|-damage|p1b: Drednaw|12\/100|[from] item: Life Orb\n|move|p2a: Roaring Moon|Breaking Swipe|p1a: Pelipper|[spread] p1a,p1b\n|-damage|p1a: Pelipper|31\/100 slp\n|-damage|p1b: Drednaw|0 fnt\n|faint|p1b: Drednaw\n|\n|-weather|RainDance|[upkeep]\n|-sideend|p1: DinoMike130|move: Tailwind\n|upkeep\n|\n|t:|1681701233\n|switch|p1b: Great Tusk|Great Tusk, L50|100\/100\n|switch|p2b: Flutter Mane|Flutter Mane, L50|100\/100\n|-enditem|p1b: Great Tusk|Booster Energy\n|-activate|p1b: Great Tusk|ability: Protosynthesis|[fromitem]\n|-start|p1b: Great Tusk|protosynthesisatk\n|turn|5\n|\n|t:|1681701266\n|-terastallize|p1b: Great Tusk|Steel\n|-curestatus|p1a: Pelipper|slp|[msg]\n|move|p1a: Pelipper|Protect|p1a: Pelipper\n|-singleturn|p1a: Pelipper|Protect\n|move|p2a: Roaring Moon|Throat Chop|p1a: Pelipper\n|-activate|p1a: Pelipper|move: Protect\n|move|p2b: Flutter Mane|Moonblast|p1b: Great Tusk\n|-resisted|p1b: Great Tusk\n|-damage|p1b: Great Tusk|64\/100\n|move|p1b: Great Tusk|Earthquake|p2a: Roaring Moon|[spread] p2a,p2b\n|-activate|p1a: Pelipper|move: Protect\n|-supereffective|p2a: Roaring Moon\n|-damage|p2a: Roaring Moon|0 fnt\n|-enditem|p2b: Flutter Mane|Focus Sash\n|-damage|p2b: Flutter Mane|1\/100\n|faint|p2a: Roaring Moon\n|-end|p2a: Roaring Moon|Protosynthesis|[silent]\n|\n|-weather|none\n|upkeep\n|-message|Helio list forfeited.\n|\n|win|DinoMike130\n|raw|DinoMike130's rating: 1326 → 1340<\/strong> (+14 for winning)\n|raw|Helio list's rating: 1213 → 1196<\/strong> (-17 for losing)\n|l|\u2606Helio list\n","uploadtime":1681701291,"views":10,"p1id":"dinomike130","p2id":"heliolist","formatid":"gen9vgc2023regulationc","rating":1196,"private":0,"password":""}