{"id":"gen9vgc2023regulationc-1857829551","p1":"Drakonyde","p2":"therealrumpleman","format":"[Gen 9] VGC 2023 Regulation C","log":"|j|\u2606Drakonyde\n|j|\u2606therealrumpleman\n|t:|1683236252\n|gametype|doubles\n|player|p1|Drakonyde|170|1341\n|player|p2|therealrumpleman|koga|1355\n|teamsize|p1|6\n|teamsize|p2|6\n|gen|9\n|tier|[Gen 9] VGC 2023 Regulation C\n|rated|\n|rule|Species Clause: Limit one of each Pok\u00e9mon\n|rule|Item Clause: Limit one of each item\n|clearpoke\n|poke|p1|Flutter Mane, L50|\n|poke|p1|Chi-Yu, L50|\n|poke|p1|Gyarados, L50, F|\n|poke|p1|Amoonguss, L50, F|\n|poke|p1|Ting-Lu, L50|\n|poke|p1|Iron Hands, L50|\n|poke|p2|Rotom-Wash, L50|\n|poke|p2|Chien-Pao, L50|\n|poke|p2|Flutter Mane, L50|\n|poke|p2|Amoonguss, L50, F|\n|poke|p2|Great Tusk, L50|\n|poke|p2|Talonflame, L50, M|\n|teampreview|4\ntherealrumpleman rejected open team sheets.\n|inactive|Battle timer is ON: inactive players will automatically lose when time's up. (requested by therealrumpleman)\n|inactive|Drakonyde has 60 seconds left.\n|inactive|therealrumpleman has 60 seconds left.\n|inactive|therealrumpleman has 30 seconds left.\n|inactive|therealrumpleman has 20 seconds left.\n|inactive|therealrumpleman has 15 seconds left.\n|inactive|therealrumpleman has 10 seconds left.\n|\n|t:|1683236340\n|start\n|switch|p1a: Gyarados|Gyarados, L50, F, shiny|100\/100\n|switch|p1b: Iron Hands|Iron Hands, L50|100\/100\n|switch|p2a: Chien-Pao|Chien-Pao, L50|100\/100\n|switch|p2b: Great Tusk|Great Tusk, L50|100\/100\n|-ability|p2a: Chien-Pao|Sword of Ruin\n|-ability|p1a: Gyarados|Intimidate|boost\n|-unboost|p2a: Chien-Pao|atk|1\n|-unboost|p2b: Great Tusk|atk|1\n|turn|1\n|inactive|therealrumpleman has 30 seconds left.\n|inactive|therealrumpleman has 20 seconds left.\n|inactive|therealrumpleman has 15 seconds left.\n|\n|t:|1683236380\n|switch|p2a: Rotom|Rotom-Wash, L50|100\/100\n|move|p1b: Iron Hands|Fake Out|p2b: Great Tusk\n|-damage|p2b: Great Tusk|90\/100\n|cant|p2b: Great Tusk|flinch\n|move|p1a: Gyarados|Thunder Wave|p2a: Rotom\n|-immune|p2a: Rotom\n|\n|upkeep\n|turn|2\n|\n|t:|1683236403\n|move|p1a: Gyarados|Protect|p1a: Gyarados\n|-singleturn|p1a: Gyarados|Protect\n|move|p2b: Great Tusk|Rock Slide|p1b: Iron Hands|[spread] p1b\n|-activate|p1a: Gyarados|move: Protect\n|-resisted|p1b: Iron Hands\n|-damage|p1b: Iron Hands|96\/100\n|move|p2a: Rotom|Will-O-Wisp|p1b: Iron Hands\n|-status|p1b: Iron Hands|brn\n|-enditem|p1b: Iron Hands|Lum Berry|[eat]\n|-curestatus|p1b: Iron Hands|brn|[msg]\n|cant|p1b: Iron Hands|flinch\n|\n|upkeep\n|turn|3\n|inactive|Drakonyde has 30 seconds left.\n|\n|t:|1683236429\n|switch|p1a: Flutter Mane|Flutter Mane, L50|100\/100\n|-enditem|p1a: Flutter Mane|Booster Energy\n|-activate|p1a: Flutter Mane|ability: Protosynthesis|[fromitem]\n|-start|p1a: Flutter Mane|protosynthesisspa\n|move|p2b: Great Tusk|Rock Slide|p1b: Iron Hands|[spread] p1a,p1b\n|-resisted|p1b: Iron Hands\n|-damage|p1a: Flutter Mane|75\/100\n|-damage|p1b: Iron Hands|91\/100\n|move|p2a: Rotom|Thunderbolt|p1a: Flutter Mane\n|-damage|p1a: Flutter Mane|34\/100\n|move|p1b: Iron Hands|Volt Switch|p2a: Rotom\n|-damage|p2a: Rotom|88\/100\n|\n|t:|1683236443\n|-end|p1b: Iron Hands|Quark Drive|[silent]\n|switch|p1b: Gyarados|Gyarados, L50, F, shiny|100\/100|[from] Volt Switch\n|-ability|p1b: Gyarados|Intimidate|boost\n|-unboost|p2a: Rotom|atk|1\n|-unboost|p2b: Great Tusk|atk|1\n|\n|upkeep\n|turn|4\n|\n|t:|1683236468\n|-end|p2b: Great Tusk|Protosynthesis|[silent]\n|switch|p2b: Chien-Pao|Chien-Pao, L50|100\/100\n|-ability|p2b: Chien-Pao|Sword of Ruin\n|switch|p1b: Iron Hands|Iron Hands, L50|91\/100\n|move|p1a: Flutter Mane|Moonblast|p2b: Chien-Pao\n|-supereffective|p2b: Chien-Pao\n|-enditem|p2b: Chien-Pao|Focus Sash\n|-damage|p2b: Chien-Pao|1\/100\n|-unboost|p2b: Chien-Pao|spa|1\n|move|p2a: Rotom|Thunderbolt|p1a: Flutter Mane\n|-damage|p1a: Flutter Mane|0 fnt\n|faint|p1a: Flutter Mane\n|-end|p1a: Flutter Mane|Protosynthesis|[silent]\n|\n|upkeep\n|\n|t:|1683236490\n|switch|p1a: Gyarados|Gyarados, L50, F, shiny|100\/100\n|-ability|p1a: Gyarados|Intimidate|boost\n|-unboost|p2a: Rotom|atk|1\n|-unboost|p2b: Chien-Pao|atk|1\n|turn|5\n|inactive|therealrumpleman has 30 seconds left.\n|\n|t:|1683236518\n|move|p2b: Chien-Pao|Protect|p2b: Chien-Pao\n|-singleturn|p2b: Chien-Pao|Protect\n|move|p1b: Iron Hands|Fake Out|p2a: Rotom\n|-damage|p2a: Rotom|67\/100\n|cant|p2a: Rotom|flinch\n|move|p1a: Gyarados|Waterfall|p2b: Chien-Pao\n|-activate|p2b: Chien-Pao|move: Protect\n|\n|upkeep\n|turn|6\n|inactive|therealrumpleman has 30 seconds left.\n|\n|t:|1683236551\n|move|p1a: Gyarados|Protect|p1a: Gyarados\n|-singleturn|p1a: Gyarados|Protect\n|move|p2b: Chien-Pao|Ice Spinner|p1a: Gyarados\n|-activate|p1a: Gyarados|move: Protect\n|move|p2a: Rotom|Will-O-Wisp|p1b: Iron Hands\n|-status|p1b: Iron Hands|brn\n|move|p1b: Iron Hands|Drain Punch|p2a: Rotom\n|-damage|p2a: Rotom|36\/100\n|-heal|p1b: Iron Hands|100\/100 brn|[from] drain|[of] p2a: Rotom\n|\n|-damage|p1b: Iron Hands|94\/100 brn|[from] brn\n|upkeep\n|turn|7\n|\n|t:|1683236569\n|switch|p1a: Chi-Yu|Chi-Yu, L50|100\/100\n|-ability|p1a: Chi-Yu|Beads of Ruin\n|move|p2b: Chien-Pao|Ice Spinner|p1a: Chi-Yu\n|-resisted|p1a: Chi-Yu\n|-damage|p1a: Chi-Yu|81\/100\n|move|p2a: Rotom|Thunderbolt|p1a: Chi-Yu\n|-damage|p1a: Chi-Yu|44\/100\n|move|p1b: Iron Hands|Volt Switch|p2a: Rotom\n|-damage|p2a: Rotom|18\/100\n|\n|t:|1683236581\n|-end|p1b: Iron Hands|Quark Drive|[silent]\n|switch|p1b: Gyarados|Gyarados, L50, F, shiny|100\/100|[from] Volt Switch\n|-ability|p1b: Gyarados|Intimidate|boost\n|-unboost|p2a: Rotom|atk|1\n|-unboost|p2b: Chien-Pao|atk|1\n|\n|upkeep\n|turn|8\n|inactive|therealrumpleman has 30 seconds left.\n|inactive|therealrumpleman has 20 seconds left.\n|inactive|therealrumpleman has 15 seconds left.\n|\n|t:|1683236623\n|switch|p1a: Iron Hands|Iron Hands, L50|94\/100 brn\n|move|p2a: Rotom|Protect|p2a: Rotom\n|-singleturn|p2a: Rotom|Protect\n|move|p1b: Gyarados|Protect|p1b: Gyarados\n|-singleturn|p1b: Gyarados|Protect\n|move|p2b: Chien-Pao|Ice Spinner|p1a: Iron Hands\n|-damage|p1a: Iron Hands|78\/100 brn\n|\n|-damage|p1a: Iron Hands|71\/100 brn|[from] brn\n|upkeep\n|turn|9\n|inactive|therealrumpleman has 30 seconds left.\n|\n|t:|1683236653\n|switch|p2a: Flutter Mane|Flutter Mane, L50|100\/100\n|move|p1a: Iron Hands|Fake Out|p2a: Flutter Mane\n|-immune|p2a: Flutter Mane\n|move|p2b: Chien-Pao|Ice Spinner|p1b: Gyarados\n|-damage|p1b: Gyarados|75\/100\n|move|p1b: Gyarados|Waterfall|p2a: Flutter Mane\n|-damage|p2a: Flutter Mane|38\/100\n|\n|-damage|p1a: Iron Hands|65\/100 brn|[from] brn\n|upkeep\n|turn|10\n|inactive|Drakonyde has 30 seconds left.\n|inactive|therealrumpleman has 30 seconds left.\n|inactive|therealrumpleman has 20 seconds left.\n|inactive|therealrumpleman has 15 seconds left.\n|inactive|therealrumpleman has 10 seconds left.\n|\n|t:|1683236700\n|-terastallize|p2a: Flutter Mane|Fairy\n|-terastallize|p1a: Iron Hands|Fire\n|move|p2b: Chien-Pao|Haze|p2b: Chien-Pao\n|-clearallboost\n|move|p2a: Flutter Mane|Moonblast|p1a: Iron Hands\n|-resisted|p1a: Iron Hands\n|-damage|p1a: Iron Hands|27\/100 brn\n|move|p1b: Gyarados|Waterfall|p2a: Flutter Mane\n|-damage|p2a: Flutter Mane|0 fnt\n|faint|p2a: Flutter Mane\n|-end|p2a: Flutter Mane|Protosynthesis|[silent]\n|move|p1a: Iron Hands|Volt Switch|p2b: Chien-Pao\n|-damage|p2b: Chien-Pao|0 fnt\n|faint|p2b: Chien-Pao\n|\n|t:|1683236716\n|-end|p1a: Iron Hands|Quark Drive|[silent]\n|switch|p1a: Chi-Yu|Chi-Yu, L50|44\/100|[from] Volt Switch\n|-ability|p1a: Chi-Yu|Beads of Ruin\n|\n|upkeep\n|\n|t:|1683236721\n|switch|p2b: Great Tusk|Great Tusk, L50|90\/100\n|switch|p2a: Rotom|Rotom-Wash, L50|18\/100\n|turn|11\n|\n|t:|1683236741\n|move|p1b: Gyarados|Protect|p1b: Gyarados\n|-singleturn|p1b: Gyarados|Protect\n|move|p2b: Great Tusk|Rock Slide|p1a: Chi-Yu|[spread] p1a\n|-activate|p1b: Gyarados|move: Protect\n|-supereffective|p1a: Chi-Yu\n|-damage|p1a: Chi-Yu|0 fnt\n|faint|p1a: Chi-Yu\n|move|p2a: Rotom|Thunderbolt|p1b: Gyarados\n|-activate|p1b: Gyarados|move: Protect\n|\n|upkeep\n|\n|t:|1683236746\n|switch|p1a: Iron Hands|Iron Hands, L50, tera:Fire|27\/100 brn\n|turn|12\n|\n|t:|1683236763\n|move|p1a: Iron Hands|Fake Out|p2a: Rotom\n|-damage|p2a: Rotom|10\/100\n|move|p2b: Great Tusk|Rock Slide|p1b: Gyarados|[spread] p1a,p1b\n|-supereffective|p1a: Iron Hands\n|-supereffective|p1b: Gyarados\n|-damage|p1a: Iron Hands|0 fnt\n|-damage|p1b: Gyarados|33\/100\n|faint|p1a: Iron Hands\n|-end|p1a: Iron Hands|Quark Drive|[silent]\n|cant|p2a: Rotom|flinch\n|cant|p1b: Gyarados|flinch\n|\n|upkeep\n|turn|13\n|l|\u2606Drakonyde\n|inactive|Drakonyde disconnected and has a minute to reconnect!\n|player|p1|\n|inactive|Drakonyde has 30 seconds left.\n|inactive|Drakonyde has 20 seconds left.\n|inactive|Drakonyde has 15 seconds left.\n|inactive|Drakonyde has 10 seconds left.\n|inactive|Drakonyde has 5 seconds left.\n|-message|Drakonyde lost due to inactivity.\n|\n|win|therealrumpleman\n|raw|Drakonyde's rating: 1341 → 1322<\/strong> (-19 for losing)\n|raw|therealrumpleman's rating: 1355 → 1374<\/strong> (+19 for winning)\n","uploadtime":1683237079,"views":11,"p1id":"drakonyde","p2id":"therealrumpleman","formatid":"gen9vgc2023regulationc","rating":1322,"private":0,"password":""}