{"id":"gen9vgc2023regulationc-1853520326","p1":"Argon6","p2":"Citoraptor","format":"[Gen 9] VGC 2023 Regulation C","log":"|j|\u2606Argon6\n|j|\u2606Citoraptor\n|t:|1682692956\n|gametype|doubles\n|player|p1|Argon6|roxie|1079\n|player|p2|Citoraptor|101|1082\n|teamsize|p1|6\n|teamsize|p2|6\n|gen|9\n|tier|[Gen 9] VGC 2023 Regulation C\n|rated|\n|rule|Species Clause: Limit one of each Pok\u00e9mon\n|rule|Item Clause: Limit one of each item\n|clearpoke\n|poke|p1|Amoonguss, L50, M|\n|poke|p1|Arcanine, L50, F|\n|poke|p1|Dondozo, L50, F|\n|poke|p1|Tatsugiri-Droopy, L50, M|\n|poke|p1|Flutter Mane, L50|\n|poke|p1|Gothitelle, L50, F|\n|poke|p2|Roaring Moon, L50|\n|poke|p2|Talonflame, L50, F|\n|poke|p2|Gholdengo, L50|\n|poke|p2|Chien-Pao, L50|\n|poke|p2|Palafin, L50, M|\n|poke|p2|Maushold-Four, L50|\n|teampreview|4\n|\n|t:|1682692991\n|start\n|switch|p1a: Flutter Mane|Flutter Mane, L50|100\/100\n|switch|p1b: Gothitelle|Gothitelle, L50, F|100\/100\n|switch|p2a: Talonflame|Talonflame, L50, F|100\/100\n|switch|p2b: Palafin|Palafin, L50, M|100\/100\n|turn|1\n|\n|t:|1682693019\n|move|p2b: Palafin|Protect|p2b: Palafin\n|-singleturn|p2b: Palafin|Protect\n|move|p1b: Gothitelle|Fake Out|p2a: Talonflame\n|-damage|p2a: Talonflame|93\/100\n|move|p1a: Flutter Mane|Perish Song|p1a: Flutter Mane\n|-start|p1a: Flutter Mane|perish3|[silent]\n|-start|p1b: Gothitelle|perish3|[silent]\n|-start|p2a: Talonflame|perish3|[silent]\n|-start|p2b: Palafin|perish3|[silent]\n|-fieldactivate|move: Perish Song\n|move|p2a: Talonflame|Tailwind|p2a: Talonflame\n|-sidestart|p2: Citoraptor|move: Tailwind\n|\n|-start|p2a: Talonflame|perish3\n|-start|p2b: Palafin|perish3\n|-start|p1a: Flutter Mane|perish3\n|-start|p1b: Gothitelle|perish3\n|upkeep\n|turn|2\n|\n|t:|1682693057\n|move|p2b: Palafin|Jet Punch|p1a: Flutter Mane\n|-damage|p1a: Flutter Mane|55\/100\n|move|p2a: Talonflame|Brave Bird|p1b: Gothitelle\n|-damage|p1b: Gothitelle|68\/100\n|-damage|p2a: Talonflame|83\/100|[from] Recoil\n|move|p1a: Flutter Mane|Shadow Ball|p2a: Talonflame\n|-damage|p2a: Talonflame|36\/100\n|move|p1b: Gothitelle|Psychic|p2a: Talonflame\n|-damage|p2a: Talonflame|0 fnt\n|faint|p2a: Talonflame\n|\n|-start|p2b: Palafin|perish2\n|-start|p1a: Flutter Mane|perish2\n|-start|p1b: Gothitelle|perish2\n|upkeep\n|\n|t:|1682693080\n|switch|p2a: Roaring Moon|Roaring Moon, L50, shiny|100\/100\n|-enditem|p2a: Roaring Moon|Booster Energy\n|-activate|p2a: Roaring Moon|ability: Protosynthesis|[fromitem]\n|-start|p2a: Roaring Moon|protosynthesisatk\n|turn|3\n|\n|t:|1682693093\n|-terastallize|p2a: Roaring Moon|Flying\n|move|p1a: Flutter Mane|Protect|p1a: Flutter Mane\n|-singleturn|p1a: Flutter Mane|Protect\n|move|p2b: Palafin|Jet Punch|p1a: Flutter Mane\n|-activate|p1a: Flutter Mane|move: Protect\n|move|p2a: Roaring Moon|Earthquake|p1a: Flutter Mane|[spread] p2b,p1b\n|-activate|p1a: Flutter Mane|move: Protect\n|-damage|p2b: Palafin|53\/100\n|-damage|p1b: Gothitelle|39\/100\n|move|p1b: Gothitelle|Heal Pulse|p1a: Flutter Mane\n|-activate|p1a: Flutter Mane|move: Protect\n|\n|-start|p2b: Palafin|perish1\n|-start|p1a: Flutter Mane|perish1\n|-start|p1b: Gothitelle|perish1\n|upkeep\n|turn|4\n|\n|t:|1682693128\n|-end|p1a: Flutter Mane|Protosynthesis|[silent]\n|switch|p1a: Dondozo|Dondozo, L50, F|100\/100\n|move|p2b: Palafin|Jet Punch|p1a: Dondozo\n|-resisted|p1a: Dondozo\n|-damage|p1a: Dondozo|91\/100\n|move|p2a: Roaring Moon|Acrobatics|p1b: Gothitelle\n|-damage|p1b: Gothitelle|0 fnt\n|faint|p1b: Gothitelle\n|\n|-heal|p1a: Dondozo|97\/100|[from] item: Leftovers\n|-start|p2b: Palafin|perish0\n|-sideend|p2: Citoraptor|move: Tailwind\n|upkeep\n|faint|p2b: Palafin\n|\n|t:|1682693143\n|switch|p2b: Gholdengo|Gholdengo, L50|100\/100\n|switch|p1b: Tatsugiri|Tatsugiri-Droopy, L50, M|100\/100\n|-activate|p1b: Tatsugiri|ability: Commander|[of] p1a: Dondozo\n|-boost|p1a: Dondozo|atk|2\n|-boost|p1a: Dondozo|spa|2\n|-boost|p1a: Dondozo|spe|2\n|-boost|p1a: Dondozo|def|2\n|-boost|p1a: Dondozo|spd|2\n|turn|5\n|\n|t:|1682693186\n|move|p2a: Roaring Moon|Dragon Rush|p1a: Dondozo\n|-damage|p1a: Dondozo|72\/100\n|cant|p1a: Dondozo|flinch\n|move|p2b: Gholdengo|Thunderbolt|p1a: Dondozo\n|-supereffective|p1a: Dondozo\n|-damage|p1a: Dondozo|31\/100\n|-damage|p2b: Gholdengo|91\/100|[from] item: Life Orb\n|\n|-heal|p1a: Dondozo|38\/100|[from] item: Leftovers\n|upkeep\n|turn|6\n|\n|t:|1682693206\n|-terastallize|p1a: Dondozo|Steel\n|move|p2a: Roaring Moon|Dragon Rush|p1a: Dondozo\n|-resisted|p1a: Dondozo\n|-damage|p1a: Dondozo|25\/100\n|cant|p1a: Dondozo|flinch\n|move|p2b: Gholdengo|Thunderbolt|p1a: Dondozo\n|-damage|p1a: Dondozo|8\/100\n|-damage|p2b: Gholdengo|81\/100|[from] item: Life Orb\n|\n|-heal|p1a: Dondozo|14\/100|[from] item: Leftovers\n|upkeep\n|turn|7\n|\n|t:|1682693237\n|move|p2a: Roaring Moon|Acrobatics|p1a: Dondozo\n|-resisted|p1a: Dondozo\n|-damage|p1a: Dondozo|1\/100\n|move|p1a: Dondozo|Wave Crash|p2b: Gholdengo\n|-damage|p2b: Gholdengo|0 fnt\n|faint|p2b: Gholdengo\n|-damage|p1a: Dondozo|0 fnt|[from] Recoil\n|faint|p1a: Dondozo\n|\n|upkeep\n|\n|t:|1682693261\n|switch|p1a: Flutter Mane|Flutter Mane, L50|55\/100\n|turn|8\n|\n|t:|1682693273\n|move|p1b: Tatsugiri|Icy Wind|p2a: Roaring Moon|[miss]\n|-miss|p1b: Tatsugiri|p2a: Roaring Moon\n|move|p1a: Flutter Mane|Moonblast|p2a: Roaring Moon\n|-damage|p2a: Roaring Moon|53\/100\n|move|p2a: Roaring Moon|Dragon Rush|p1b: Tatsugiri\n|-supereffective|p1b: Tatsugiri\n|-damage|p1b: Tatsugiri|0 fnt\n|faint|p1b: Tatsugiri\n|\n|upkeep\n|turn|9\n|\n|t:|1682693287\n|move|p1a: Flutter Mane|Moonblast|p2a: Roaring Moon\n|-damage|p2a: Roaring Moon|13\/100\n|move|p2a: Roaring Moon|Acrobatics|p1a: Flutter Mane\n|-damage|p1a: Flutter Mane|0 fnt\n|faint|p1a: Flutter Mane\n|-end|p1a: Flutter Mane|Protosynthesis|[silent]\n|\n|win|Citoraptor\n|raw|Argon6's rating: 1079 → 1057<\/strong> (-22 for losing)\n|raw|Citoraptor's rating: 1082 → 1109<\/strong> (+27 for winning)\n|l|\u2606Argon6\n|c|\u2606Citoraptor|Gg\n","uploadtime":1682693306,"views":8,"p1id":"argon6","p2id":"citoraptor","formatid":"gen9vgc2023regulationc","rating":1057,"private":0,"password":""}