{"id":"gen9vgc2023regulationc-1859425450","p1":"PokemonOG92 #4489","p2":"Nutrius","format":"[Gen 9] VGC 2023 Regulation C","log":"|j|\u2606PokemonOG92 #4489\n|j|\u2606Nutrius\n|t:|1683465132\n|gametype|doubles\n|player|p1|PokemonOG92 #4489|hilbert|1172\n|player|p2|Nutrius|norman|1230\n|teamsize|p1|6\n|teamsize|p2|6\n|gen|9\n|tier|[Gen 9] VGC 2023 Regulation C\n|rated|\n|rule|Species Clause: Limit one of each Pok\u00e9mon\n|rule|Item Clause: Limit one of each item\n|clearpoke\n|poke|p1|Iron Bundle, L50|\n|poke|p1|Ceruledge, L50, F|\n|poke|p1|Amoonguss, L50, F|\n|poke|p1|Raichu, L50, F|\n|poke|p1|Arcanine, L50, F|\n|poke|p1|Clodsire, L50, M|\n|poke|p2|Corviknight, L50, M|\n|poke|p2|Ting-Lu, L50|\n|poke|p2|Flutter Mane, L50|\n|poke|p2|Amoonguss, L50, F|\n|poke|p2|Palafin, L50, M|\n|poke|p2|Tyranitar, L50, M|\n|teampreview|4\n|inactive|Battle timer is ON: inactive players will automatically lose when time's up. (requested by PokemonOG92 #4489)\n|\n|t:|1683465161\n|start\n|switch|p1a: Ceruledge|Ceruledge, L50, F|100\/100\n|switch|p1b: Iron Bundle|Iron Bundle, L50|100\/100\n|switch|p2a: Ting-Lu|Ting-Lu, L50|100\/100\n|switch|p2b: Palafin|Palafin, L50, M|100\/100\n|-ability|p2a: Ting-Lu|Vessel of Ruin\n|turn|1\n|inactive|Nutrius has 30 seconds left.\n|inactive|Nutrius has 20 seconds left.\n|inactive|Nutrius has 15 seconds left.\n|inactive|Nutrius has 10 seconds left.\n|\n|t:|1683465207\n|move|p1a: Ceruledge|Protect|p1a: Ceruledge\n|-singleturn|p1a: Ceruledge|Protect\n|move|p2b: Palafin|Protect|p2b: Palafin\n|-singleturn|p2b: Palafin|Protect\n|move|p1b: Iron Bundle|Hydro Pump|p2a: Ting-Lu\n|-supereffective|p2a: Ting-Lu\n|-damage|p2a: Ting-Lu|49\/100\n|move|p2a: Ting-Lu|Throat Chop|p1a: Ceruledge\n|-activate|p1a: Ceruledge|move: Protect\n|\n|upkeep\n|turn|2\n|inactive|Nutrius has 30 seconds left.\n|\n|t:|1683465240\n|detailschange|p2b: Palafin|Palafin-Hero, L50, M\n|switch|p2b: Corviknight|Corviknight, L50, M|100\/100\n|move|p1b: Iron Bundle|Fling|p1a: Ceruledge\n|-supereffective|p1a: Ceruledge\n|-damage|p1a: Ceruledge|95\/100\n|-start|p1a: Ceruledge|move: Focus Energy\n|-ability|p1a: Ceruledge|Weak Armor|boost\n|-unboost|p1a: Ceruledge|def|1\n|-boost|p1a: Ceruledge|spe|2\n|-enditem|p1a: Ceruledge|Weakness Policy\n|-boost|p1a: Ceruledge|atk|2|[from] item: Weakness Policy\n|-boost|p1a: Ceruledge|spa|2|[from] item: Weakness Policy\n|-enditem|p1b: Iron Bundle|Lansat Berry|[from] move: Fling\n|move|p1a: Ceruledge|Phantom Force||[still]\n|-prepare|p1a: Ceruledge|Phantom Force\n|move|p2a: Ting-Lu|Throat Chop|p1a: Ceruledge|[miss]\n|-miss|p2a: Ting-Lu|p1a: Ceruledge\n|\n|upkeep\n|turn|3\n|inactive|Nutrius has 30 seconds left.\n|\n|t:|1683465268\n|switch|p2b: Palafin|Palafin-Hero, L50, M|100\/100\n|-activate|p2b: Palafin|ability: Zero to Hero\n|move|p1a: Ceruledge|Phantom Force|p2b: Palafin|[from]lockedmove\n|-damage|p2b: Palafin|20\/100\n|move|p1b: Iron Bundle|Hydro Pump|p2a: Ting-Lu\n|-supereffective|p2a: Ting-Lu\n|-damage|p2a: Ting-Lu|0 fnt\n|faint|p2a: Ting-Lu\n|\n|upkeep\n|\n|t:|1683465281\n|switch|p2a: Flutter Mane|Flutter Mane, L50|100\/100\n|turn|4\n|\n|t:|1683465291\n|-terastallize|p1a: Ceruledge|Steel\n|move|p2b: Palafin|Jet Punch|p1a: Ceruledge\n|-damage|p1a: Ceruledge|3\/100\n|-ability|p1a: Ceruledge|Weak Armor|boost\n|-unboost|p1a: Ceruledge|def|1\n|-boost|p1a: Ceruledge|spe|2\n|move|p1a: Ceruledge|Iron Head|p2b: Palafin\n|-resisted|p2b: Palafin\n|-crit|p2b: Palafin\n|-damage|p2b: Palafin|0 fnt\n|faint|p2b: Palafin\n|move|p1b: Iron Bundle|Icy Wind|p2a: Flutter Mane\n|-damage|p2a: Flutter Mane|76\/100\n|-unboost|p2a: Flutter Mane|spe|1\n|move|p2a: Flutter Mane|Moonblast|p1b: Iron Bundle\n|-damage|p1b: Iron Bundle|0 fnt\n|faint|p1b: Iron Bundle\n|-end|p1b: Iron Bundle|Quark Drive|[silent]\n|-damage|p2a: Flutter Mane|67\/100|[from] item: Life Orb\n|\n|upkeep\n|\n|t:|1683465311\n|switch|p1b: Raichu|Raichu, L50, F, shiny|100\/100\n|switch|p2b: Corviknight|Corviknight, L50, M|100\/100\n|turn|5\n|c|\u2606Nutrius|Scammer\n|-message|Nutrius forfeited.\n|\n|win|PokemonOG92 #4489\n|raw|PokemonOG92 #4489's rating: 1172 → 1201<\/strong> (+29 for winning)\n|raw|Nutrius's rating: 1230 → 1201<\/strong> (-29 for losing)\n|l|\u2606Nutrius\n","uploadtime":1683465490,"views":39,"p1id":"pokemonog924489","p2id":"nutrius","formatid":"gen9vgc2023regulationc","rating":1201,"private":0,"password":""}