{"id":"gen9vgc2023regulationc-1858324700","p1":"WillieDangerously","p2":"extrafabulous","format":"[Gen 9] VGC 2023 Regulation C","log":"|j|\u2606WillieDangerously\n|j|\u2606extrafabulous\n|t:|1683302064\n|gametype|doubles\n|player|p1|WillieDangerously|psychic-gen4|1218\n|player|p2|extrafabulous|102|1150\n|teamsize|p1|6\n|teamsize|p2|6\n|gen|9\n|tier|[Gen 9] VGC 2023 Regulation C\n|rated|\n|rule|Species Clause: Limit one of each Pok\u00e9mon\n|rule|Item Clause: Limit one of each item\n|clearpoke\n|poke|p1|Iron Treads, L50|\n|poke|p1|Jumpluff, L50, M|\n|poke|p1|Flutter Mane, L50|\n|poke|p1|Roaring Moon, L50|\n|poke|p1|Rotom-Wash, L50|\n|poke|p1|Torkoal, L50, M|\n|poke|p2|Amoonguss, L50, M|\n|poke|p2|Palafin, L50, F|\n|poke|p2|Pelipper, L50, M|\n|poke|p2|Gholdengo, L50|\n|poke|p2|Kingambit, L50, F|\n|poke|p2|Drednaw, L50, M|\n|teampreview|4\n|inactive|Battle timer is ON: inactive players will automatically lose when time's up. (requested by extrafabulous)\n|inactive|WillieDangerously has 60 seconds left.\n|\n|t:|1683302097\n|start\n|switch|p1a: Torkoal|Torkoal, L50, M|100\/100\n|switch|p1b: Jumpluff|Jumpluff, L50, M|100\/100\n|switch|p2a: Amoonguss|Amoonguss, L50, M, shiny|100\/100\n|switch|p2b: Palafin|Palafin, L50, F, shiny|100\/100\n|-weather|SunnyDay|[from] ability: Drought|[of] p1a: Torkoal\n|turn|1\n|\n|t:|1683302121\n|detailschange|p2b: Palafin|Palafin-Hero, L50, F, shiny\n|switch|p2b: Pelipper|Pelipper, L50, M|100\/100\n|-weather|RainDance|[from] ability: Drizzle|[of] p2b: Pelipper\n|move|p1b: Jumpluff|Tailwind|p1b: Jumpluff\n|-sidestart|p1: WillieDangerously|move: Tailwind\n|move|p1a: Torkoal|Overheat|p2a: Amoonguss\n|-supereffective|p2a: Amoonguss\n|-crit|p2a: Amoonguss\n|-damage|p2a: Amoonguss|41\/100\n|-unboost|p1a: Torkoal|spa|2\n|-enditem|p1a: Torkoal|Eject Pack\n|\n|t:|1683302139\n|switch|p1a: Rotom|Rotom-Wash, L50|100\/100\n|move|p2a: Amoonguss|Spore|p1a: Rotom\n|-status|p1a: Rotom|slp|[from] move: Spore\n|\n|-weather|RainDance|[upkeep]\n|-heal|p2a: Amoonguss|47\/100|[from] item: Leftovers\n|upkeep\n|turn|2\n|inactive|extrafabulous has 30 seconds left.\n|\n|t:|1683302168\n|switch|p2b: Gholdengo|Gholdengo, L50|100\/100\n|move|p1b: Jumpluff|Encore|p2a: Amoonguss\n|-start|p2a: Amoonguss|Encore\n|cant|p1a: Rotom|slp\n|move|p2a: Amoonguss|Spore|p1a: Rotom\n|-fail|p1a: Rotom|slp\n|\n|-weather|RainDance|[upkeep]\n|-heal|p2a: Amoonguss|53\/100|[from] item: Leftovers\n|upkeep\n|turn|3\n|inactive|WillieDangerously has 30 seconds left.\n|inactive|WillieDangerously has 20 seconds left.\n|inactive|WillieDangerously has 15 seconds left.\n|inactive|WillieDangerously has 10 seconds left.\n|\n|t:|1683302216\n|switch|p1b: Iron Treads|Iron Treads, L50|100\/100\n|switch|p2a: Palafin|Palafin-Hero, L50, F, shiny|100\/100\n|-activate|p2a: Palafin|ability: Zero to Hero\n|-terastallize|p2b: Gholdengo|Steel\n|-curestatus|p1a: Rotom|slp|[msg]\n|move|p1a: Rotom|Nasty Plot|p1a: Rotom\n|-boost|p1a: Rotom|spa|2\n|move|p2b: Gholdengo|Make It Rain|p1b: Iron Treads|[spread] p1a,p1b\n|-resisted|p1a: Rotom\n|-resisted|p1b: Iron Treads\n|-damage|p1a: Rotom|75\/100\n|-damage|p1b: Iron Treads|36\/100\n|-unboost|p2b: Gholdengo|spa|1\n|\n|-weather|RainDance|[upkeep]\n|upkeep\n|turn|4\n|inactive|WillieDangerously has 30 seconds left.\n|\n|t:|1683302247\n|-end|p1b: Iron Treads|Quark Drive|[silent]\n|switch|p1b: Torkoal|Torkoal, L50, M|100\/100\n|-weather|SunnyDay|[from] ability: Drought|[of] p1b: Torkoal\n|switch|p2b: Amoonguss|Amoonguss, L50, M, shiny|86\/100\n|move|p2a: Palafin|Jet Punch|p1b: Torkoal\n|-supereffective|p1b: Torkoal\n|-damage|p1b: Torkoal|69\/100\n|move|p1a: Rotom|Thunderbolt|p2b: Amoonguss\n|-resisted|p2b: Amoonguss\n|-damage|p2b: Amoonguss|50\/100\n|\n|-weather|SunnyDay|[upkeep]\n|-heal|p2b: Amoonguss|56\/100|[from] item: Leftovers\n|-sideend|p1: WillieDangerously|move: Tailwind\n|upkeep\n|turn|5\n|inactive|WillieDangerously has 30 seconds left.\n|inactive|WillieDangerously has 20 seconds left.\n|\n|t:|1683302286\n|switch|p1b: Jumpluff|Jumpluff, L50, M|100\/100\n|switch|p2b: Pelipper|Pelipper, L50, M|100\/100\n|-weather|RainDance|[from] ability: Drizzle|[of] p2b: Pelipper\n|move|p2a: Palafin|Jet Punch|p1b: Jumpluff\n|-resisted|p1b: Jumpluff\n|-damage|p1b: Jumpluff|57\/100\n|move|p1a: Rotom|Thunderbolt|p2b: Pelipper\n|-supereffective|p2b: Pelipper\n|-enditem|p2b: Pelipper|Focus Sash\n|-damage|p2b: Pelipper|1\/100\n|\n|-weather|RainDance|[upkeep]\n|upkeep\n|turn|6\n|\n|t:|1683302310\n|switch|p2b: Amoonguss|Amoonguss, L50, M, shiny|89\/100\n|move|p1b: Jumpluff|U-turn|p2b: Amoonguss\n|-damage|p2b: Amoonguss|82\/100\n|\n|t:|1683302315\n|switch|p1b: Torkoal|Torkoal, L50, M|69\/100|[from] U-turn\n|-weather|SunnyDay|[from] ability: Drought|[of] p1b: Torkoal\n|move|p2a: Palafin|Ice Punch|p1b: Torkoal\n|-resisted|p1b: Torkoal\n|-damage|p1b: Torkoal|56\/100\n|move|p1a: Rotom|Will-O-Wisp|p2a: Palafin\n|-status|p2a: Palafin|brn\n|\n|-weather|SunnyDay|[upkeep]\n|-heal|p2b: Amoonguss|88\/100|[from] item: Leftovers\n|-damage|p2a: Palafin|95\/100 brn|[from] brn\n|upkeep\n|turn|7\n|inactive|WillieDangerously has 30 seconds left.\n|inactive|WillieDangerously has 20 seconds left.\n|inactive|extrafabulous has 30 seconds left.\n|\n|t:|1683302356\n|move|p2a: Palafin|Wave Crash|p1b: Torkoal\n|-supereffective|p1b: Torkoal\n|-damage|p1b: Torkoal|24\/100\n|-damage|p2a: Palafin|84\/100 brn|[from] Recoil\n|move|p1a: Rotom|Thunderbolt|p2a: Palafin\n|-supereffective|p2a: Palafin\n|-damage|p2a: Palafin|0 fnt\n|faint|p2a: Palafin\n|move|p1b: Torkoal|Overheat|p2b: Amoonguss\n|-supereffective|p2b: Amoonguss\n|-damage|p2b: Amoonguss|0 fnt\n|-unboost|p1b: Torkoal|spa|2\n|faint|p2b: Amoonguss\n|\n|-weather|SunnyDay|[upkeep]\n|upkeep\n|\n|t:|1683302370\n|switch|p2a: Gholdengo|Gholdengo, L50, tera:Steel|100\/100\n|switch|p2b: Pelipper|Pelipper, L50, M|1\/100\n|-weather|RainDance|[from] ability: Drizzle|[of] p2b: Pelipper\n|turn|8\n|inactive|WillieDangerously has 30 seconds left.\n|inactive|WillieDangerously has 20 seconds left.\n|\n|t:|1683302406\n|move|p2a: Gholdengo|Thunderbolt|p1a: Rotom\n|-damage|p1a: Rotom|22\/100\n|-enditem|p1a: Rotom|Sitrus Berry|[eat]\n|-heal|p1a: Rotom|47\/100|[from] item: Sitrus Berry\n|move|p1a: Rotom|Thunderbolt|p2a: Gholdengo\n|-damage|p2a: Gholdengo|0 fnt\n|faint|p2a: Gholdengo\n|move|p2b: Pelipper|Tailwind|p2b: Pelipper\n|-sidestart|p2: extrafabulous|move: Tailwind\n|move|p1b: Torkoal|Body Press|p2b: Pelipper\n|-resisted|p2b: Pelipper\n|-damage|p2b: Pelipper|0 fnt\n|faint|p2b: Pelipper\n|\n|win|WillieDangerously\n|raw|WillieDangerously's rating: 1218 → 1238<\/strong> (+20 for winning)\n|raw|extrafabulous's rating: 1150 → 1130<\/strong> (-20 for losing)\n|l|\u2606extrafabulous\n","uploadtime":1683302422,"views":6,"p1id":"williedangerously","p2id":"extrafabulous","formatid":"gen9vgc2023regulationc","rating":1130,"private":0,"password":""}