{"id":"gen9vgc2023regulationc-1845214459","p1":"Sophie Lumina","p2":"Genesis05220","format":"[Gen 9] VGC 2023 Regulation C","log":"|j|\u2606Sophie Lumina\n|j|\u2606Genesis05220\n|t:|1681697295\n|gametype|doubles\n|player|p1|Sophie Lumina|iono|1023\n|player|p2|Genesis05220|265|1015\n|teamsize|p1|6\n|teamsize|p2|6\n|gen|9\n|tier|[Gen 9] VGC 2023 Regulation C\n|rated|\n|rule|Species Clause: Limit one of each Pok\u00e9mon\n|rule|Item Clause: Limit one of each item\n|clearpoke\n|poke|p1|Volcarona, L50, F|\n|poke|p1|Bellibolt, L50, F|\n|poke|p1|Glimmora, L50, M|\n|poke|p1|Orthworm, L50, M|\n|poke|p1|Dragonite, L50, M|\n|poke|p1|Great Tusk, L50|\n|poke|p2|Torkoal, L50, M|\n|poke|p2|Brute Bonnet, L50|\n|poke|p2|Armarouge, L50, F|\n|poke|p2|Arcanine, L50, M|\n|poke|p2|Flutter Mane, L50|\n|poke|p2|Talonflame, L50, M|\n|teampreview|4\n|\n|t:|1681697337\n|start\n|switch|p1a: Great Tusk|Great Tusk, L50|100\/100\n|switch|p1b: Glimmora|Glimmora, L50, M|100\/100\n|switch|p2a: Torkoal|Torkoal, L50, M|100\/100\n|switch|p2b: Brute Bonnet|Brute Bonnet, L50|100\/100\n|-weather|SunnyDay|[from] ability: Drought|[of] p2a: Torkoal\n|-activate|p1a: Great Tusk|ability: Protosynthesis\n|-start|p1a: Great Tusk|protosynthesisatk\n|-activate|p2b: Brute Bonnet|ability: Protosynthesis\n|-start|p2b: Brute Bonnet|protosynthesisspd\n|turn|1\n|\n|t:|1681697387\n|move|p1b: Glimmora|Mortal Spin|p2a: Torkoal|[spread] p2a,p2b\n|-supereffective|p2b: Brute Bonnet\n|-damage|p2a: Torkoal|97\/100\n|-damage|p2b: Brute Bonnet|93\/100\n|-status|p2a: Torkoal|psn\n|-status|p2b: Brute Bonnet|psn\n|move|p1a: Great Tusk|Knock Off|p2b: Brute Bonnet\n|-resisted|p2b: Brute Bonnet\n|-damage|p2b: Brute Bonnet|76\/100 psn\n|-enditem|p2b: Brute Bonnet|Life Orb|[from] move: Knock Off|[of] p1a: Great Tusk\n|move|p2b: Brute Bonnet|Pollen Puff|p1a: Great Tusk\n|-resisted|p1a: Great Tusk\n|-damage|p1a: Great Tusk|88\/100\n|move|p2a: Torkoal|Fissure|p1b: Glimmora|[miss]\n|-miss|p2a: Torkoal|p1b: Glimmora\n|\n|-weather|SunnyDay|[upkeep]\n|-damage|p2b: Brute Bonnet|63\/100 psn|[from] psn\n|-damage|p2a: Torkoal|85\/100 psn|[from] psn\n|upkeep\n|turn|2\n|\n|t:|1681697427\n|switch|p1b: Dragonite|Dragonite, L50, M|100\/100\n|move|p1a: Great Tusk|Earthquake|p2a: Torkoal|[spread] p2a,p2b\n|-immune|p1b: Dragonite\n|-supereffective|p2a: Torkoal\n|-resisted|p2b: Brute Bonnet\n|-damage|p2a: Torkoal|9\/100 psn\n|-damage|p2b: Brute Bonnet|42\/100 psn\n|move|p2b: Brute Bonnet|Synthesis|p2b: Brute Bonnet\n|-heal|p2b: Brute Bonnet|100\/100 psn\n|move|p2a: Torkoal|Stomping Tantrum|p1b: Dragonite\n|-immune|p1b: Dragonite\n|\n|-weather|SunnyDay|[upkeep]\n|-damage|p2b: Brute Bonnet|88\/100 psn|[from] psn\n|-damage|p2a: Torkoal|0 fnt|[from] psn\n|faint|p2a: Torkoal\n|upkeep\n|\n|t:|1681697445\n|switch|p2a: Flutter Mane|Flutter Mane, L50|100\/100\n|-activate|p2a: Flutter Mane|ability: Protosynthesis\n|-start|p2a: Flutter Mane|protosynthesisspe\n|turn|3\n|c|\u2606Sophie Lumina|bro thinks he's ting lu\n|\n|t:|1681697474\n|-terastallize|p1b: Dragonite|Normal\n|-terastallize|p2b: Brute Bonnet|Steel\n|move|p1b: Dragonite|Extreme Speed|p2a: Flutter Mane\n|-immune|p2a: Flutter Mane\n|move|p2a: Flutter Mane|Dazzling Gleam|p1b: Dragonite|[spread] p1a,p1b\n|-supereffective|p1a: Great Tusk\n|-damage|p1a: Great Tusk|13\/100\n|-damage|p1b: Dragonite|91\/100\n|move|p1a: Great Tusk|Knock Off|p2a: Flutter Mane\n|-damage|p2a: Flutter Mane|0 fnt\n|-enditem|p2a: Flutter Mane|Assault Vest|[from] move: Knock Off|[of] p1a: Great Tusk\n|faint|p2a: Flutter Mane\n|-end|p2a: Flutter Mane|Protosynthesis|[silent]\n|move|p2b: Brute Bonnet|Stomping Tantrum|p1b: Dragonite\n|-damage|p1b: Dragonite|72\/100\n|\n|-weather|SunnyDay|[upkeep]\n|-damage|p2b: Brute Bonnet|75\/100 psn|[from] psn\n|upkeep\n|c|\u2606Sophie Lumina|i\n|c|\u2606Sophie Lumina|didn't think\n|\n|t:|1681697494\n|switch|p2a: Arcanine|Arcanine, L50, M|100\/100\n|-ability|p2a: Arcanine|Intimidate|boost\n|-unboost|p1a: Great Tusk|atk|1\n|-unboost|p1b: Dragonite|atk|1\n|turn|4\n|\n|t:|1681697524\n|move|p2a: Arcanine|Extreme Speed|p1a: Great Tusk\n|-damage|p1a: Great Tusk|0 fnt\n|faint|p1a: Great Tusk\n|-end|p1a: Great Tusk|Protosynthesis|[silent]\n|move|p1b: Dragonite|Extreme Speed|p2a: Arcanine\n|-crit|p2a: Arcanine\n|-damage|p2a: Arcanine|20\/100\n|-enditem|p2a: Arcanine|Mago Berry|[eat]\n|-heal|p2a: Arcanine|53\/100|[from] item: Mago Berry\n|move|p2b: Brute Bonnet|Tera Blast|p1b: Dragonite\n|-damage|p1b: Dragonite|38\/100\n|\n|-weather|SunnyDay|[upkeep]\n|-damage|p2b: Brute Bonnet|63\/100 psn|[from] psn\n|upkeep\n|\n|t:|1681697545\n|switch|p1a: Glimmora|Glimmora, L50, M|100\/100\n|turn|5\n|\n|t:|1681697571\n|move|p2a: Arcanine|Extreme Speed|p1b: Dragonite\n|-damage|p1b: Dragonite|17\/100\n|move|p1b: Dragonite|Extreme Speed|p2a: Arcanine\n|-damage|p2a: Arcanine|16\/100\n|move|p1a: Glimmora|Reflect|p1a: Glimmora\n|-sidestart|p1: Sophie Lumina|Reflect\n|move|p2b: Brute Bonnet|Stomping Tantrum|p1a: Glimmora\n|-supereffective|p1a: Glimmora\n|-damage|p1a: Glimmora|43\/100\n|-activate|p1a: Glimmora|ability: Toxic Debris\n|-sidestart|p2: Genesis05220|move: Toxic Spikes\n|\n|-weather|SunnyDay|[upkeep]\n|-damage|p2b: Brute Bonnet|50\/100 psn|[from] psn\n|upkeep\n|turn|6\n|\n|t:|1681697605\n|move|p2a: Arcanine|Extreme Speed|p1b: Dragonite\n|-damage|p1b: Dragonite|3\/100\n|move|p1a: Glimmora|Mortal Spin|p2a: Arcanine|[spread] p2a\n|-immune|p2b: Brute Bonnet\n|-damage|p2a: Arcanine|11\/100\n|-status|p2a: Arcanine|psn\n|move|p1b: Dragonite|Brick Break|p2b: Brute Bonnet\n|-supereffective|p2b: Brute Bonnet\n|-damage|p2b: Brute Bonnet|19\/100 psn\n|move|p2b: Brute Bonnet|Stomping Tantrum|p1a: Glimmora\n|-supereffective|p1a: Glimmora\n|-damage|p1a: Glimmora|0 fnt\n|-activate|p1a: Glimmora|ability: Toxic Debris\n|-sidestart|p2: Genesis05220|move: Toxic Spikes\n|faint|p1a: Glimmora\n|\n|-weather|SunnyDay|[upkeep]\n|-damage|p2a: Arcanine|0 fnt|[from] psn\n|faint|p2a: Arcanine\n|-damage|p2b: Brute Bonnet|7\/100 psn|[from] psn\n|upkeep\n|\n|t:|1681697627\n|switch|p1a: Volcarona|Volcarona, L50, F|100\/100\n|turn|7\n|\n|t:|1681697636\n|move|p1a: Volcarona|Protect|p1a: Volcarona\n|-singleturn|p1a: Volcarona|Protect\n|move|p1b: Dragonite|Extreme Speed|p2b: Brute Bonnet\n|-resisted|p2b: Brute Bonnet\n|-damage|p2b: Brute Bonnet|0 fnt\n|faint|p2b: Brute Bonnet\n|-end|p2b: Brute Bonnet|Protosynthesis|[silent]\n|\n|win|Sophie Lumina\n|raw|Sophie Lumina's rating: 1023 → 1059<\/strong> (+36 for winning)\n|raw|Genesis05220's rating: 1015 → 1003<\/strong> (-12 for losing)\n|c|\u2606Sophie Lumina|gg\n|l|\u2606Genesis05220\n","uploadtime":1681697651,"views":5,"p1id":"sophielumina","p2id":"genesis05220","formatid":"gen9vgc2023regulationc","rating":1003,"private":0,"password":""}