{"id":"gen9vgc2023regulationc-1862075562","p1":"GuardianofL1ght","p2":"5ilver_F0x","format":"[Gen 9] VGC 2023 Regulation C","log":"|j|\u2606GuardianofL1ght\n|j|\u26065ilver_F0x\n|t:|1683834500\n|gametype|doubles\n|player|p1|GuardianofL1ght|hilbert|\n|player|p2|5ilver_F0x|morty|\n|teamsize|p1|6\n|teamsize|p2|6\n|gen|9\n|tier|[Gen 9] VGC 2023 Regulation C\n|rule|Species Clause: Limit one of each Pok\u00e9mon\n|rule|Item Clause: Limit one of each item\n|clearpoke\n|poke|p1|Flutter Mane, L50|\n|poke|p1|Iron Moth, L50|\n|poke|p1|Krookodile, L50, M|\n|poke|p1|Glaceon, L50, M|\n|poke|p1|Kilowattrel, L50, M|\n|poke|p1|Mismagius, L50, F|\n|poke|p2|Arboliva, L50, F|\n|poke|p2|Sylveon, L50, F|\n|poke|p2|Wo-Chien, L50|\n|poke|p2|Staraptor, L50, M|\n|poke|p2|Iron Thorns, L50|\n|poke|p2|Houndoom, L50, F|\n|teampreview|4\n|c|\u2606GuardianofL1ght|g2\n|j| Kyogre Canucks\n|j| Toronto 6ix\n|c|\u26065ilver_F0x|glhf\n|c| Kyogre Canucks|glhfily\n|c|\u2606GuardianofL1ght|glhf\n|\n|t:|1683835177\n|start\n|switch|p1a: Mismagius|Mismagius, L50, F|100\/100\n|switch|p1b: Kilowattrel|Kilowattrel, L50, M|100\/100\n|switch|p2a: Arboliva|Arboliva, L50, F, shiny|100\/100\n|switch|p2b: Wo-Chien|Wo-Chien, L50|100\/100\n|-ability|p2b: Wo-Chien|Tablets of Ruin\n|turn|1\n|\n|t:|1683835211\n|move|p1a: Mismagius|Mystical Fire|p2a: Arboliva\n|-supereffective|p2a: Arboliva\n|-crit|p2a: Arboliva\n|-damage|p2a: Arboliva|48\/100\n|-unboost|p2a: Arboliva|spa|1\n|-fieldstart|move: Grassy Terrain|[from] ability: Seed Sower|[of] p2a: Arboliva\n|-enditem|p2b: Wo-Chien|Grassy Seed\n|-boost|p2b: Wo-Chien|def|1|[from] item: Grassy Seed\n|move|p1b: Kilowattrel|Hurricane|p2a: Arboliva\n|-supereffective|p2a: Arboliva\n|-damage|p2a: Arboliva|0 fnt\n|faint|p2a: Arboliva\n|-damage|p1b: Kilowattrel|91\/100|[from] item: Life Orb\n|move|p2b: Wo-Chien|Ruination|p1b: Kilowattrel\n|-damage|p1b: Kilowattrel|46\/100\n|\n|upkeep\n|j| WaffleMoo\n|\n|t:|1683835256\n|switch|p2a: Sylveon|Sylveon, L50, F, shiny|100\/100\n|turn|2\n|\n|t:|1683835303\n|-terastallize|p1b: Kilowattrel|Electric\n|move|p2b: Wo-Chien|Protect|p2b: Wo-Chien\n|-singleturn|p2b: Wo-Chien|Protect\n|move|p1a: Mismagius|Mystical Fire|p2a: Sylveon\n|-damage|p2a: Sylveon|84\/100\n|-unboost|p2a: Sylveon|spa|1\n|move|p1b: Kilowattrel|Thunderbolt|p2a: Sylveon\n|-damage|p2a: Sylveon|19\/100\n|-damage|p1b: Kilowattrel|36\/100|[from] item: Life Orb\n|move|p2a: Sylveon|Hyper Voice|p1b: Kilowattrel|[spread] p1a,p1b\n|-damage|p1a: Mismagius|74\/100\n|-damage|p1b: Kilowattrel|0 fnt\n|faint|p1b: Kilowattrel\n|-enditem|p2a: Sylveon|Throat Spray\n|-boost|p2a: Sylveon|spa|1|[from] item: Throat Spray\n|\n|-heal|p2a: Sylveon|25\/100|[from] Grassy Terrain\n|upkeep\n|\n|t:|1683835326\n|switch|p1b: Krookodile|Krookodile, L50, M|100\/100\n|-ability|p1b: Krookodile|Intimidate|boost\n|-unboost|p2a: Sylveon|atk|1\n|-unboost|p2b: Wo-Chien|atk|1\n|turn|3\n|\n|t:|1683835368\n|switch|p2a: Staraptor|Staraptor, L50, M, shiny|100\/100\n|-ability|p2a: Staraptor|Intimidate|boost\n|-unboost|p1a: Mismagius|atk|1\n|-unboost|p1b: Krookodile|atk|1\n|move|p1a: Mismagius|Mystical Fire|p2b: Wo-Chien\n|-supereffective|p2b: Wo-Chien\n|-damage|p2b: Wo-Chien|72\/100\n|-unboost|p2b: Wo-Chien|spa|1\n|move|p1b: Krookodile|Earthquake|p2b: Wo-Chien|[spread] p2b\n|-immune|p1a: Mismagius|[from] ability: Levitate\n|-immune|p2a: Staraptor\n|-resisted|p2b: Wo-Chien\n|-damage|p2b: Wo-Chien|70\/100\n|move|p2b: Wo-Chien|Ruination|p1b: Krookodile\n|-damage|p1b: Krookodile|50\/100\n|\n|-heal|p1b: Krookodile|57\/100|[from] Grassy Terrain\n|-heal|p2b: Wo-Chien|75\/100|[from] Grassy Terrain\n|upkeep\n|turn|4\n|\n|t:|1683835435\n|switch|p1a: Flutter Mane|Flutter Mane, L50|100\/100\n|-enditem|p1a: Flutter Mane|Booster Energy\n|-activate|p1a: Flutter Mane|ability: Protosynthesis|[fromitem]\n|-start|p1a: Flutter Mane|protosynthesisspa\n|move|p2a: Staraptor|Brave Bird|p1b: Krookodile\n|-damage|p1b: Krookodile|2\/100\n|-damage|p2a: Staraptor|84\/100|[from] Recoil\n|move|p1b: Krookodile|Gunk Shot|p2b: Wo-Chien\n|-supereffective|p2b: Wo-Chien\n|-damage|p2b: Wo-Chien|50\/100\n|move|p2b: Wo-Chien|Snarl|p1b: Krookodile|[spread] p1a,p1b\n|-resisted|p1b: Krookodile\n|-damage|p1a: Flutter Mane|91\/100\n|-damage|p1b: Krookodile|0 fnt\n|-unboost|p1a: Flutter Mane|spa|1\n|faint|p1b: Krookodile\n|\n|-heal|p1a: Flutter Mane|97\/100|[from] Grassy Terrain\n|-heal|p2b: Wo-Chien|56\/100|[from] Grassy Terrain\n|upkeep\n|\n|t:|1683835447\n|switch|p1b: Mismagius|Mismagius, L50, F|74\/100\n|turn|5\n|\n|t:|1683835475\n|-terastallize|p2b: Wo-Chien|Poison\n|move|p1b: Mismagius|Icy Wind|p2a: Staraptor|[spread] p2a,p2b\n|-supereffective|p2a: Staraptor\n|-damage|p2a: Staraptor|52\/100\n|-damage|p2b: Wo-Chien|49\/100\n|-unboost|p2a: Staraptor|spe|1\n|-unboost|p2b: Wo-Chien|spe|1\n|move|p1a: Flutter Mane|Dazzling Gleam|p2a: Staraptor|[spread] p2a,p2b\n|-resisted|p2b: Wo-Chien\n|-damage|p2a: Staraptor|12\/100\n|-damage|p2b: Wo-Chien|39\/100\n|move|p2a: Staraptor|Brave Bird|p1a: Flutter Mane\n|-damage|p1a: Flutter Mane|0 fnt\n|faint|p1a: Flutter Mane\n|-end|p1a: Flutter Mane|Protosynthesis|[silent]\n|-damage|p2a: Staraptor|0 fnt|[from] Recoil\n|faint|p2a: Staraptor\n|move|p2b: Wo-Chien|Snarl|p1b: Mismagius\n|-supereffective|p1b: Mismagius\n|-damage|p1b: Mismagius|47\/100\n|-unboost|p1b: Mismagius|spa|1\n|\n|-heal|p2b: Wo-Chien|45\/100|[from] Grassy Terrain\n|-fieldend|move: Grassy Terrain\n|upkeep\n|\n|t:|1683835495\n|switch|p2a: Sylveon|Sylveon, L50, F, shiny|25\/100\n|turn|6\n|\n|t:|1683835506\n|move|p2a: Sylveon|Quick Attack|p1b: Mismagius\n|-damage|p1b: Mismagius|32\/100\n|move|p1b: Mismagius|Icy Wind|p2b: Wo-Chien|[spread] p2a,p2b\n|-damage|p2a: Sylveon|19\/100\n|-damage|p2b: Wo-Chien|40\/100\n|-unboost|p2a: Sylveon|spe|1\n|-unboost|p2b: Wo-Chien|spe|1\n|move|p2b: Wo-Chien|Snarl|p1b: Mismagius\n|-supereffective|p1b: Mismagius\n|-damage|p1b: Mismagius|7\/100\n|-unboost|p1b: Mismagius|spa|1\n|\n|upkeep\n|turn|7\n|\n|t:|1683835519\n|move|p2a: Sylveon|Quick Attack|p1b: Mismagius\n|-damage|p1b: Mismagius|0 fnt\n|faint|p1b: Mismagius\n|\n|win|5ilver_F0x\n|c|\u26065ilver_F0x|ggs\n|c|\u2606GuardianofL1ght|gg\n|l| Toronto 6ix\n|l| WaffleMoo\n|l| Kyogre Canucks\n|j| Tay23\n","uploadtime":1683835524,"views":16,"p1id":"guardianofl1ght","p2id":"5ilverf0x","formatid":"gen9vgc2023regulationc","rating":0,"private":0,"password":""}