{"id":"gen9vgc2023regulationc-1856664620","p1":"Cozy Snail","p2":"SpooBear","format":"[Gen 9] VGC 2023 Regulation C","log":"|j|\u2606Cozy Snail\n|j|\u2606SpooBear\n|t:|1683090514\n|gametype|doubles\n|player|p1|Cozy Snail|fisherman-gen4|\n|player|p2|SpooBear|hiker-gen4|\n|teamsize|p1|6\n|teamsize|p2|6\n|gen|9\n|tier|[Gen 9] VGC 2023 Regulation C\n|rule|Species Clause: Limit one of each Pok\u00e9mon\n|rule|Item Clause: Limit one of each item\n|clearpoke\n|poke|p1|Dragonite, L50, F|\n|poke|p1|Scream Tail, L50|\n|poke|p1|Rotom-Wash, L50|\n|poke|p1|Ting-Lu, L50|\n|poke|p1|Gholdengo, L50|\n|poke|p1|Palafin, L50, F|\n|poke|p2|Amoonguss, L50, M|\n|poke|p2|Arcanine, L50, F|\n|poke|p2|Palafin, L50, F|\n|poke|p2|Flutter Mane, L50|\n|poke|p2|Ting-Lu, L50|\n|poke|p2|Baxcalibur, L50, M|\n|teampreview|4\nCozy Snail has agreed to open team sheets.\nSpooBear has agreed to open team sheets.\n|\n|t:|1683090591\n|start\n|switch|p1a: Rotom|Rotom-Wash, L50, shiny|100\/100\n|switch|p1b: Scream Tail|Scream Tail, L50|100\/100\n|switch|p2a: Arcanine|Arcanine, L50, F|100\/100\n|switch|p2b: Palafin|Palafin, L50, F|100\/100\n|-ability|p2a: Arcanine|Intimidate|boost\n|-unboost|p1a: Rotom|atk|1\n|-unboost|p1b: Scream Tail|atk|1\n|-enditem|p1b: Scream Tail|Booster Energy\n|-activate|p1b: Scream Tail|ability: Protosynthesis|[fromitem]\n|-start|p1b: Scream Tail|protosynthesisspe\n|turn|1\n|\n|t:|1683090626\n|detailschange|p2b: Palafin|Palafin-Hero, L50, F\n|switch|p2b: Amoonguss|Amoonguss, L50, M|100\/100\n|move|p1b: Scream Tail|Thunder Wave|p2b: Amoonguss\n|-status|p2b: Amoonguss|par\n|move|p1a: Rotom|Hydro Pump|p2a: Arcanine|[miss]\n|-miss|p1a: Rotom|p2a: Arcanine\n|move|p2a: Arcanine|Will-O-Wisp|p1b: Scream Tail|[miss]\n|-miss|p2a: Arcanine|p1b: Scream Tail\n|\n|upkeep\n|turn|2\n|\n|t:|1683090650\n|switch|p1a: Gholdengo|Gholdengo, L50|100\/100\n|move|p1b: Scream Tail|Thunder Wave|p2a: Arcanine\n|-status|p2a: Arcanine|par\n|move|p2a: Arcanine|Will-O-Wisp|p1b: Scream Tail\n|-status|p1b: Scream Tail|brn\n|move|p2b: Amoonguss|Spore|p1a: Gholdengo\n|-immune|p1a: Gholdengo|[from] ability: Good as Gold\n|\n|-damage|p1b: Scream Tail|95\/100 brn|[from] brn\n|upkeep\n|turn|3\n|\n|t:|1683090684\n|switch|p1a: Dragonite|Dragonite, L50, F, shiny|100\/100\n|move|p1b: Scream Tail|Howl|p1b: Scream Tail|[spread] p1a,p1b\n|-boost|p1a: Dragonite|atk|1\n|-boost|p1b: Scream Tail|atk|1\n|move|p2a: Arcanine|Flare Blitz|p1a: Dragonite\n|-resisted|p1a: Dragonite\n|-damage|p1a: Dragonite|76\/100\n|-damage|p2a: Arcanine|93\/100 par|[from] Recoil\n|move|p2b: Amoonguss|Pollen Puff|p2a: Arcanine\n|-heal|p2a: Arcanine|100\/100 par\n|\n|-damage|p1b: Scream Tail|89\/100 brn|[from] brn\n|upkeep\n|turn|4\n|\n|t:|1683090711\n|switch|p2a: Flutter Mane|Flutter Mane, L50|100\/100\n|-enditem|p2a: Flutter Mane|Booster Energy\n|-activate|p2a: Flutter Mane|ability: Protosynthesis|[fromitem]\n|-start|p2a: Flutter Mane|protosynthesisspa\n|-terastallize|p1a: Dragonite|Flying\n|move|p2b: Amoonguss|Protect|p2b: Amoonguss\n|-singleturn|p2b: Amoonguss|Protect\n|move|p1b: Scream Tail|Howl|p1b: Scream Tail|[spread] p1a,p1b\n|-boost|p1a: Dragonite|atk|1\n|-boost|p1b: Scream Tail|atk|1\n|move|p1a: Dragonite|Tera Blast|p2b: Amoonguss\n|-activate|p2b: Amoonguss|move: Protect\n|\n|-damage|p1b: Scream Tail|83\/100 brn|[from] brn\n|upkeep\n|turn|5\n|\n|t:|1683090737\n|-terastallize|p2a: Flutter Mane|Fairy\n|move|p2b: Amoonguss|Rage Powder|p2b: Amoonguss\n|-singleturn|p2b: Amoonguss|move: Rage Powder\n|move|p1b: Scream Tail|Thunder Wave|p2b: Amoonguss|[miss]\n|-miss|p1b: Scream Tail|p2b: Amoonguss\n|move|p2a: Flutter Mane|Moonblast|p1a: Dragonite\n|-damage|p1a: Dragonite|16\/100\n|move|p1a: Dragonite|Tera Blast|p2b: Amoonguss\n|-supereffective|p2b: Amoonguss\n|-damage|p2b: Amoonguss|0 fnt\n|faint|p2b: Amoonguss\n|\n|-damage|p1b: Scream Tail|77\/100 brn|[from] brn\n|upkeep\n|\n|t:|1683090750\n|switch|p2b: Arcanine|Arcanine, L50, F|100\/100 par\n|-ability|p2b: Arcanine|Intimidate|boost\n|-fail|p1a: Dragonite|unboost|Attack|[from] ability: Inner Focus|[of] p1a: Dragonite\n|-unboost|p1b: Scream Tail|atk|1\n|turn|6\n|\n|t:|1683090767\n|move|p1b: Scream Tail|Protect|p1b: Scream Tail\n|-singleturn|p1b: Scream Tail|Protect\n|move|p1a: Dragonite|Extreme Speed|p2a: Flutter Mane\n|-damage|p2a: Flutter Mane|0 fnt\n|faint|p2a: Flutter Mane\n|-end|p2a: Flutter Mane|Protosynthesis|[silent]\n|move|p2b: Arcanine|Extreme Speed|p1a: Dragonite\n|-damage|p1a: Dragonite|0 fnt\n|faint|p1a: Dragonite\n|\n|-damage|p1b: Scream Tail|71\/100 brn|[from] brn\n|upkeep\n|\n|t:|1683090778\n|switch|p2a: Palafin|Palafin-Hero, L50, F|100\/100\n|switch|p1a: Rotom|Rotom-Wash, L50, shiny|100\/100\n|-activate|p2a: Palafin|ability: Zero to Hero\n|turn|7\n|\n|t:|1683090794\n|move|p1b: Scream Tail|Thunder Wave|p2a: Palafin\n|-status|p2a: Palafin|par\n|move|p1a: Rotom|Hydro Pump|p2b: Arcanine\n|-supereffective|p2b: Arcanine\n|-damage|p2b: Arcanine|15\/100 par\n|cant|p2b: Arcanine|par\n|move|p2a: Palafin|Wave Crash|p1a: Rotom\n|-resisted|p1a: Rotom\n|-damage|p1a: Rotom|51\/100\n|-damage|p2a: Palafin|88\/100 par|[from] Recoil\n|\n|-damage|p1b: Scream Tail|65\/100 brn|[from] brn\n|upkeep\n|turn|8\n|\n|t:|1683090835\n|move|p2b: Arcanine|Extreme Speed|p1a: Rotom\n|-damage|p1a: Rotom|29\/100\n|move|p1b: Scream Tail|Play Rough|p2a: Palafin\n|-damage|p2a: Palafin|77\/100 par\n|move|p1a: Rotom|Thunderbolt|p2b: Arcanine\n|-damage|p2b: Arcanine|0 fnt\n|faint|p2b: Arcanine\n|move|p2a: Palafin|Wave Crash|p1a: Rotom\n|-resisted|p1a: Rotom\n|-damage|p1a: Rotom|0 fnt\n|faint|p1a: Rotom\n|-damage|p2a: Palafin|70\/100 par|[from] Recoil\n|\n|-damage|p1b: Scream Tail|59\/100 brn|[from] brn\n|upkeep\n|\n|t:|1683090849\n|switch|p1a: Gholdengo|Gholdengo, L50|100\/100\n|turn|9\n|\n|t:|1683090863\n|move|p1b: Scream Tail|Play Rough|p2a: Palafin\n|-damage|p2a: Palafin|59\/100 par\n|move|p1a: Gholdengo|Thunderbolt|p2a: Palafin\n|-supereffective|p2a: Palafin\n|-damage|p2a: Palafin|0 fnt\n|faint|p2a: Palafin\n|\n|win|Cozy Snail\n|l|\u2606SpooBear\n|l|\u2606Cozy Snail\n|j|\u2606Cozy Snail\n|player|p1|Cozy Snail|fisherman-gen4\n","uploadtime":1683090890,"views":5,"p1id":"cozysnail","p2id":"spoobear","formatid":"gen9vgc2023regulationc","rating":0,"private":0,"password":""}