{"id":"gen9vgc2023regulationc-1845060553","p1":"DuelLuna","p2":"Acelia","format":"[Gen 9] VGC 2023 Regulation C","log":"|j|\u2606DuelLuna\n|j|\u2606Acelia\n|t:|1681679044\n|gametype|doubles\n|player|p1|DuelLuna|caitlin|\n|player|p2|Acelia|palmer|\n|teamsize|p1|6\n|teamsize|p2|6\n|gen|9\n|tier|[Gen 9] VGC 2023 Regulation C\n|rule|Species Clause: Limit one of each Pok\u00e9mon\n|rule|Item Clause: Limit one of each item\n|clearpoke\n|poke|p1|Morgrem, L50, M|\n|poke|p1|Hippowdon, L50, M|\n|poke|p1|Houndstone, L50, M|\n|poke|p1|Iron Moth, L50|\n|poke|p1|Salamence, L50, M|\n|poke|p1|Sandy Shocks, L50|\n|poke|p2|Bruxish, L50, F|\n|poke|p2|Iron Treads, L50|\n|poke|p2|Talonflame, L50, F|\n|poke|p2|Mimikyu, L50, F|\n|poke|p2|Hydreigon, L50, M|\n|poke|p2|Drednaw, L50, F|\n|teampreview|4\nDuelLuna has agreed to open team sheets.\n|\n|t:|1681679081\n|start\n|switch|p1a: Morgrem|Morgrem, L50, M|100\/100\n|switch|p1b: Salamence|Salamence, L50, M|100\/100\n|switch|p2a: LVP|Mimikyu, L50, F, shiny|100\/100\n|switch|p2b: Shellman|Drednaw, L50, F|100\/100\n|-ability|p1b: Salamence|Intimidate|boost\n|-unboost|p2a: LVP|atk|1\n|-unboost|p2b: Shellman|atk|1\n|turn|1\n|c|\u2606DuelLuna|Hf\n|c|\u2606Acelia|u2\n|\n|t:|1681679145\n|move|p2b: Shellman|Protect|p2b: Shellman\n|-singleturn|p2b: Shellman|Protect\n|move|p1b: Salamence|Tailwind|p1b: Salamence\n|-sidestart|p1: DuelLuna|move: Tailwind\n|move|p1a: Morgrem|Dazzling Gleam|p2b: Shellman|[spread] p2a\n|-activate|p2b: Shellman|move: Protect\n|-activate|p2a: LVP|ability: Disguise\n|-damage|p2a: LVP|100\/100\n|detailschange|p2a: LVP|Mimikyu-Busted, L50, F, shiny\n|-damage|p2a: LVP|88\/100|[from] pokemon: Mimikyu-Busted\n|-enditem|p2a: LVP|Eject Button\n|\n|t:|1681679165\n|switch|p2a: Doohickey|Iron Treads, L50|100\/100\n|-enditem|p2a: Doohickey|Booster Energy\n|-activate|p2a: Doohickey|ability: Quark Drive|[fromitem]\n|-start|p2a: Doohickey|quarkdrivespe\n|\n|upkeep\n|turn|2\n|\n|t:|1681679174\n|switch|p2b: LVP|Mimikyu-Busted, L50, F, shiny|88\/100\n|move|p1a: Morgrem|Fake Tears|p2a: Doohickey\n|-unboost|p2a: Doohickey|spd|2\n|move|p1b: Salamence|Heat Wave|p2b: LVP|[spread] p2a,p2b\n|-supereffective|p2a: Doohickey\n|-crit|p2b: LVP\n|-damage|p2a: Doohickey|0 fnt\n|-damage|p2b: LVP|44\/100\n|faint|p2a: Doohickey\n|-end|p2a: Doohickey|Quark Drive|[silent]\n|\n|upkeep\n|\n|t:|1681679184\n|switch|p2a: Shellman|Drednaw, L50, F|100\/100\n|turn|3\n|\n|t:|1681679206\n|move|p2a: Shellman|Protect|p2a: Shellman\n|-singleturn|p2a: Shellman|Protect\n|move|p1a: Morgrem|Fake Tears|p2b: LVP\n|-unboost|p2b: LVP|spd|2\n|move|p1b: Salamence|Heat Wave|p2a: Shellman|[spread] p2b\n|-activate|p2a: Shellman|move: Protect\n|-damage|p2b: LVP|0 fnt\n|faint|p2b: LVP\n|\n|upkeep\n|c|\u2606Acelia|ah\n|\n|t:|1681679218\n|switch|p2b: Oblivion|Hydreigon, L50, M, shiny|100\/100\n|turn|4\n|\n|t:|1681679234\n|-terastallize|p2b: Oblivion|Steel\n|move|p1b: Salamence|Draco Meteor|p2a: Shellman\n|-damage|p2a: Shellman|13\/100\n|-unboost|p1b: Salamence|spa|2\n|move|p1a: Morgrem|Dazzling Gleam|p2a: Shellman|[spread] p2a,p2b\n|-resisted|p2b: Oblivion\n|-damage|p2a: Shellman|0 fnt\n|-damage|p2b: Oblivion|92\/100\n|faint|p2a: Shellman\n|move|p2b: Oblivion|Tera Blast|p1a: Morgrem\n|-supereffective|p1a: Morgrem\n|-enditem|p1a: Morgrem|Focus Sash\n|-damage|p1a: Morgrem|1\/100\n|\n|-sideend|p1: DuelLuna|move: Tailwind\n|upkeep\n|turn|5\n|\n|t:|1681679268\n|switch|p1b: Hippowdon|Hippowdon, L50, M|100\/100\n|-weather|Sandstorm|[from] ability: Sand Stream|[of] p1b: Hippowdon\n|move|p1a: Morgrem|Fake Tears|p2b: Oblivion\n|-unboost|p2b: Oblivion|spd|2\n|move|p2b: Oblivion|Draco Meteor|p1b: Hippowdon|[miss]\n|-miss|p2b: Oblivion|p1b: Hippowdon\n|\n|-weather|Sandstorm|[upkeep]\n|-damage|p1a: Morgrem|0 fnt|[from] Sandstorm\n|faint|p1a: Morgrem\n|upkeep\n|c|\u2606Acelia|oooof\n|c|\u2606DuelLuna|Srry\n|\n|t:|1681679285\n|switch|p1a: Salamence|Salamence, L50, M|100\/100\n|-ability|p1a: Salamence|Intimidate|boost\n|-unboost|p2b: Oblivion|atk|1\n|turn|6\n|\n|t:|1681679290\n|move|p1a: Salamence|Heat Wave|p2b: Oblivion\n|-supereffective|p2b: Oblivion\n|-damage|p2b: Oblivion|0 fnt\n|faint|p2b: Oblivion\n|\n|win|DuelLuna\n|c|\u2606DuelLuna|Gg\n|c|\u2606Acelia|well these two games were rough\n|c|\u2606Acelia|ggwp tho\n|c|\u2606DuelLuna|Yeah\n","uploadtime":1681679307,"views":20,"p1id":"duelluna","p2id":"acelia","formatid":"gen9vgc2023regulationc","rating":0,"private":0,"password":""}