{"id":"gen9vgc2023regulationc-1848758133","p1":"Lexus05F","p2":"TkwIme","format":"[Gen 9] VGC 2023 Regulation C","log":"|j|\u2606Lexus05F\n|j|\u2606TkwIme\n|t:|1682107444\n|gametype|doubles\n|player|p1|Lexus05F|ghetsis-gen5bw|\n|player|p2|TkwIme|2|\n|teamsize|p1|6\n|teamsize|p2|6\n|gen|9\n|tier|[Gen 9] VGC 2023 Regulation C\n|rule|Species Clause: Limit one of each Pok\u00e9mon\n|rule|Item Clause: Limit one of each item\n|clearpoke\n|poke|p1|Flutter Mane, L50|\n|poke|p1|Murkrow, L50, F|\n|poke|p1|Great Tusk, L50|\n|poke|p1|Brute Bonnet, L50|\n|poke|p1|Chi-Yu, L50|\n|poke|p1|Corviknight, L50, M|\n|poke|p2|Amoonguss, L50, M|\n|poke|p2|Ting-Lu, L50|\n|poke|p2|Iron Hands, L50|\n|poke|p2|Arcanine, L50, M|\n|poke|p2|Palafin, L50, M|\n|poke|p2|Flutter Mane, L50|\n|teampreview|4\nTkwIme has agreed to open team sheets.\n|c|\u2606Lexus05F|G3\nLexus05F has agreed to open team sheets.\n|inactive|Battle timer is ON: inactive players will automatically lose when time's up. (requested by Lexus05F)\n|inactive|TkwIme has 60 seconds left.\n|inactive|Lexus05F has 60 seconds left.\n|\n|t:|1682108034\n|start\n|switch|p1a: Murkrow|Murkrow, L50, F, shiny|100\/100\n|switch|p1b: Chi-Yu|Chi-Yu, L50|100\/100\n|switch|p2a: Palafin|Palafin, L50, M, shiny|100\/100\n|switch|p2b: Arcanine|Arcanine, L50, M|100\/100\n|-ability|p1b: Chi-Yu|Beads of Ruin\n|-ability|p2b: Arcanine|Intimidate|boost\n|-unboost|p1a: Murkrow|atk|1\n|-unboost|p1b: Chi-Yu|atk|1\n|turn|1\n|\n|t:|1682108056\n|detailschange|p2a: Palafin|Palafin-Hero, L50, M, shiny\n|switch|p2a: Ting-Lu|Ting-Lu, L50|100\/100\n|-ability|p2a: Ting-Lu|Vessel of Ruin\n|-terastallize|p1b: Chi-Yu|Ghost\n|move|p1a: Murkrow|Sunny Day|p1a: Murkrow\n|-weather|SunnyDay\n|move|p1b: Chi-Yu|Heat Wave|p2a: Ting-Lu|[spread] p2a,p2b\n|-resisted|p2b: Arcanine\n|-damage|p2a: Ting-Lu|57\/100\n|-damage|p2b: Arcanine|48\/100\n|-damage|p1b: Chi-Yu|90\/100|[from] item: Life Orb\n|move|p2b: Arcanine|Howl|p2b: Arcanine|[spread] p2a,p2b\n|-boost|p2a: Ting-Lu|atk|1\n|-boost|p2b: Arcanine|atk|1\n|\n|-weather|SunnyDay|[upkeep]\n|upkeep\n|turn|2\n|inactive|TkwIme has 30 seconds left.\n|inactive|TkwIme has 20 seconds left.\n|inactive|TkwIme has 15 seconds left.\n|\n|t:|1682108101\n|move|p1a: Murkrow|Tailwind|p1a: Murkrow\n|-sidestart|p1: Lexus05F|move: Tailwind\n|move|p1b: Chi-Yu|Heat Wave|p2a: Ting-Lu|[spread] p2a,p2b\n|-resisted|p2b: Arcanine\n|-damage|p2a: Ting-Lu|15\/100\n|-damage|p2b: Arcanine|0 fnt\n|faint|p2b: Arcanine\n|-damage|p1b: Chi-Yu|80\/100|[from] item: Life Orb\n|move|p2a: Ting-Lu|Stomping Tantrum|p1b: Chi-Yu\n|-damage|p1b: Chi-Yu|9\/100\n|\n|-weather|SunnyDay|[upkeep]\n|upkeep\n|\n|t:|1682108115\n|switch|p2b: Palafin|Palafin-Hero, L50, M, shiny|100\/100\n|-activate|p2b: Palafin|ability: Zero to Hero\n|turn|3\n|\n|t:|1682108143\n|move|p1b: Chi-Yu|Protect|p1b: Chi-Yu\n|-singleturn|p1b: Chi-Yu|Protect\n|move|p2b: Palafin|Jet Punch|p1b: Chi-Yu\n|-activate|p1b: Chi-Yu|move: Protect\n|move|p1a: Murkrow|Foul Play|p2b: Palafin\n|-damage|p2b: Palafin|46\/100\n|move|p2a: Ting-Lu|Body Press|p1a: Murkrow\n|-damage|p1a: Murkrow|71\/100\n|\n|-weather|SunnyDay|[upkeep]\n|upkeep\n|turn|4\n|\n|t:|1682108164\n|switch|p1b: Brute Bonnet|Brute Bonnet, L50|100\/100\n|-activate|p1b: Brute Bonnet|ability: Protosynthesis\n|-start|p1b: Brute Bonnet|protosynthesisatk\n|move|p2b: Palafin|Jet Punch|p1b: Brute Bonnet\n|-resisted|p1b: Brute Bonnet\n|-damage|p1b: Brute Bonnet|91\/100\n|move|p1a: Murkrow|Foul Play|p2b: Palafin\n|-damage|p2b: Palafin|0 fnt\n|faint|p2b: Palafin\n|move|p2a: Ting-Lu|Body Press|p1a: Murkrow\n|-damage|p1a: Murkrow|44\/100\n|\n|-weather|SunnyDay|[upkeep]\n|upkeep\n|\n|t:|1682108177\n|switch|p2b: Flutter Mane|Flutter Mane, L50, shiny|100\/100\n|-activate|p2b: Flutter Mane|ability: Protosynthesis\n|-start|p2b: Flutter Mane|protosynthesisspe\n|turn|5\n|\n|t:|1682108200\n|-terastallize|p2b: Flutter Mane|Fairy\n|move|p2b: Flutter Mane|Dazzling Gleam|p1a: Murkrow|[spread] p1a,p1b\n|-supereffective|p1a: Murkrow\n|-supereffective|p1b: Brute Bonnet\n|-damage|p1a: Murkrow|0 fnt\n|-damage|p1b: Brute Bonnet|17\/100\n|faint|p1a: Murkrow\n|-damage|p2b: Flutter Mane|90\/100|[from] item: Life Orb\n|move|p1b: Brute Bonnet|Bullet Seed|p2b: Flutter Mane\n|-damage|p2b: Flutter Mane|46\/100\n|-damage|p2b: Flutter Mane|2\/100\n|-crit|p2b: Flutter Mane\n|-damage|p2b: Flutter Mane|0 fnt\n|faint|p2b: Flutter Mane\n|-end|p2b: Flutter Mane|Protosynthesis|[silent]\n|-hitcount|p2: Flutter Mane|3\n|move|p2a: Ting-Lu|Body Press|p1b: Brute Bonnet\n|-supereffective|p1b: Brute Bonnet\n|-damage|p1b: Brute Bonnet|0 fnt\n|faint|p1b: Brute Bonnet\n|-end|p1b: Brute Bonnet|Protosynthesis|[silent]\n|\n|-weather|none\n|-sideend|p1: Lexus05F|move: Tailwind\n|upkeep\n|\n|t:|1682108223\n|switch|p1a: Chi-Yu|Chi-Yu, L50, tera:Ghost|9\/100\n|switch|p1b: Flutter Mane|Flutter Mane, L50, shiny|100\/100\n|-ability|p1a: Chi-Yu|Beads of Ruin\n|turn|6\n|\n|t:|1682108235\n|move|p1b: Flutter Mane|Moonblast|p2a: Ting-Lu\n|-supereffective|p2a: Ting-Lu\n|-damage|p2a: Ting-Lu|0 fnt\n|faint|p2a: Ting-Lu\n|\n|win|Lexus05F\n|l|\u2606TkwIme\n","uploadtime":1682108265,"views":20,"p1id":"lexus05f","p2id":"tkwime","formatid":"gen9vgc2023regulationc","rating":0,"private":0,"password":""}