{"id":"gen9vgc2023regulationc-1848461088","p1":"Diego3007","p2":"Ubsurdnotion","format":"[Gen 9] VGC 2023 Regulation C","log":"|j|\u2606Diego3007\n|j|\u2606Ubsurdnotion\n|t:|1682080888\n|gametype|doubles\n|player|p1|Diego3007|266|1161\n|player|p2|Ubsurdnotion|roughneck-gen4|1159\n|teamsize|p1|6\n|teamsize|p2|6\n|gen|9\n|tier|[Gen 9] VGC 2023 Regulation C\n|rated|\n|rule|Species Clause: Limit one of each Pok\u00e9mon\n|rule|Item Clause: Limit one of each item\n|clearpoke\n|poke|p1|Amoonguss, L50, F|\n|poke|p1|Flutter Mane, L50|\n|poke|p1|Chi-Yu, L50|\n|poke|p1|Dragonite, L50, F|\n|poke|p1|Arcanine, L50, F|\n|poke|p1|Iron Bundle, L50|\n|poke|p2|Chi-Yu, L50|\n|poke|p2|Glimmora, L50, M|\n|poke|p2|Iron Bundle, L50|\n|poke|p2|Flutter Mane, L50|\n|poke|p2|Amoonguss, L50, F|\n|poke|p2|Dragonite, L50, M|\n|teampreview|4\n|\n|t:|1682080915\n|start\n|switch|p1a: Amoonguss|Amoonguss, L50, F|100\/100\n|switch|p1b: Arcanine|Arcanine, L50, F|100\/100\n|switch|p2a: Glimmora|Glimmora, L50, M|100\/100\n|switch|p2b: Chi-Yu|Chi-Yu, L50|100\/100\n|-ability|p2b: Chi-Yu|Beads of Ruin\n|-ability|p1b: Arcanine|Intimidate|boost\n|-unboost|p2a: Glimmora|atk|1\n|-unboost|p2b: Chi-Yu|atk|1\n|turn|1\n|\n|t:|1682080953\n|move|p2b: Chi-Yu|Dark Pulse|p1a: Amoonguss\n|-damage|p1a: Amoonguss|57\/100\n|move|p2a: Glimmora|Mortal Spin|p1a: Amoonguss|[spread] p1a,p1b\n|-damage|p1a: Amoonguss|56\/100\n|-damage|p1b: Arcanine|97\/100\n|-status|p1b: Arcanine|psn\n|move|p1b: Arcanine|Will-O-Wisp|p2a: Glimmora\n|-status|p2a: Glimmora|brn\n|move|p1a: Amoonguss|Spore|p2b: Chi-Yu\n|-status|p2b: Chi-Yu|slp|[from] move: Spore\n|\n|-damage|p1b: Arcanine|85\/100 psn|[from] psn\n|-damage|p2a: Glimmora|95\/100 brn|[from] brn\n|upkeep\n|turn|2\n|\n|t:|1682080988\n|switch|p2b: Dragonite|Dragonite, L50, M|100\/100\n|switch|p1b: Flutter Mane|Flutter Mane, L50|100\/100\n|move|p1a: Amoonguss|Rage Powder|p1a: Amoonguss\n|-singleturn|p1a: Amoonguss|move: Rage Powder\n|move|p2a: Glimmora|Earth Power|p1a: Amoonguss\n|-damage|p1a: Amoonguss|28\/100\n|-enditem|p1a: Amoonguss|Sitrus Berry|[eat]\n|-heal|p1a: Amoonguss|53\/100|[from] item: Sitrus Berry\n|\n|-damage|p2a: Glimmora|89\/100 brn|[from] brn\n|upkeep\n|turn|3\n|\n|t:|1682081032\n|switch|p1a: Chi-Yu|Chi-Yu, L50|100\/100\n|-ability|p1a: Chi-Yu|Beads of Ruin\n|-terastallize|p1b: Flutter Mane|Fairy\n|-terastallize|p2b: Dragonite|Normal\n|move|p1b: Flutter Mane|Dazzling Gleam|p2a: Glimmora|[spread] p2a,p2b\n|-resisted|p2a: Glimmora\n|-damage|p2a: Glimmora|54\/100 brn\n|-damage|p2b: Dragonite|52\/100\n|move|p2a: Glimmora|Mortal Spin|p1b: Flutter Mane|[spread] p1a,p1b\n|-crit|p1a: Chi-Yu\n|-supereffective|p1b: Flutter Mane\n|-damage|p1a: Chi-Yu|96\/100\n|-damage|p1b: Flutter Mane|93\/100\n|-status|p1a: Chi-Yu|psn\n|-status|p1b: Flutter Mane|psn\n|move|p2b: Dragonite|Ice Spinner|p1a: Chi-Yu\n|-resisted|p1a: Chi-Yu\n|-damage|p1a: Chi-Yu|59\/100 psn\n|\n|-damage|p1b: Flutter Mane|80\/100 psn|[from] psn\n|-damage|p1a: Chi-Yu|47\/100 psn|[from] psn\n|-damage|p2a: Glimmora|48\/100 brn|[from] brn\n|upkeep\n|turn|4\n|\n|t:|1682081067\n|switch|p1a: Arcanine|Arcanine, L50, F|85\/100 psn\n|-ability|p1a: Arcanine|Intimidate|boost\n|-unboost|p2a: Glimmora|atk|1\n|-unboost|p2b: Dragonite|atk|1\n|switch|p2b: Chi-Yu|Chi-Yu, L50|100\/100 slp\n|-ability|p2b: Chi-Yu|Beads of Ruin\n|move|p1b: Flutter Mane|Dazzling Gleam|p2a: Glimmora|[spread] p2a,p2b\n|-resisted|p2a: Glimmora\n|-damage|p2a: Glimmora|11\/100 brn\n|-damage|p2b: Chi-Yu|30\/100 slp\n|move|p2a: Glimmora|Earth Power|p1a: Arcanine\n|-supereffective|p1a: Arcanine\n|-damage|p1a: Arcanine|0 fnt\n|faint|p1a: Arcanine\n|\n|-damage|p1b: Flutter Mane|68\/100 psn|[from] psn\n|-damage|p2a: Glimmora|5\/100 brn|[from] brn\n|upkeep\n|\n|t:|1682081087\n|switch|p1a: Chi-Yu|Chi-Yu, L50|47\/100 psn\n|-ability|p1a: Chi-Yu|Beads of Ruin\n|turn|5\n|inactive|Battle timer is ON: inactive players will automatically lose when time's up. (requested by Diego3007)\n|\n|t:|1682081131\n|cant|p2b: Chi-Yu|slp\n|move|p1b: Flutter Mane|Dazzling Gleam|p2b: Chi-Yu|[spread] p2a,p2b\n|-resisted|p2a: Glimmora\n|-damage|p2a: Glimmora|0 fnt\n|-damage|p2b: Chi-Yu|0 fnt\n|faint|p2a: Glimmora\n|faint|p2b: Chi-Yu\n|move|p1a: Chi-Yu|Heat Wave|p2: Glimmora|[notarget]\n|-fail|p1a: Chi-Yu\n|\n|-damage|p1b: Flutter Mane|56\/100 psn|[from] psn\n|-damage|p1a: Chi-Yu|35\/100 psn|[from] psn\n|upkeep\n|\n|t:|1682081142\n|switch|p2b: Dragonite|Dragonite, L50, M, tera:Normal|52\/100\n|switch|p2a: Iron Bundle|Iron Bundle, L50|100\/100\n|turn|6\n|\n|t:|1682081155\n|-end|p1b: Flutter Mane|Protosynthesis|[silent]\n|switch|p1b: Amoonguss|Amoonguss, L50, F|86\/100\n|move|p2a: Iron Bundle|Protect|p2a: Iron Bundle\n|-singleturn|p2a: Iron Bundle|Protect\n|move|p1a: Chi-Yu|Protect|p1a: Chi-Yu\n|-singleturn|p1a: Chi-Yu|Protect\n|move|p2b: Dragonite|Extreme Speed|p1b: Amoonguss\n|-damage|p1b: Amoonguss|28\/100\n|\n|-damage|p1a: Chi-Yu|23\/100 psn|[from] psn\n|upkeep\n|turn|7\n|\n|t:|1682081174\n|move|p2b: Dragonite|Extreme Speed|p1a: Chi-Yu\n|-damage|p1a: Chi-Yu|0 fnt\n|faint|p1a: Chi-Yu\n|move|p2a: Iron Bundle|Icy Wind|p1b: Amoonguss\n|-supereffective|p1b: Amoonguss\n|-damage|p1b: Amoonguss|0 fnt\n|faint|p1b: Amoonguss\n|\n|upkeep\n|\n|t:|1682081185\n|switch|p1b: Flutter Mane|Flutter Mane, L50, tera:Fairy|56\/100 psn\n|turn|8\n|\n|t:|1682081192\n|move|p2b: Dragonite|Extreme Speed|p1b: Flutter Mane\n|-damage|p1b: Flutter Mane|0 fnt\n|faint|p1b: Flutter Mane\n|-end|p1b: Flutter Mane|Protosynthesis|[silent]\n|\n|win|Ubsurdnotion\n|raw|Diego3007's rating: 1161 → 1136<\/strong> (-25 for losing)\n|raw|Ubsurdnotion's rating: 1159 → 1184<\/strong> (+25 for winning)\n|l|\u2606Diego3007\n","uploadtime":1682081204,"views":18,"p1id":"diego3007","p2id":"ubsurdnotion","formatid":"gen9vgc2023regulationc","rating":1136,"private":0,"password":""}