{"id":"gen9vgc2023regulationc-1864118306","p1":"Atloy","p2":"RX78Gundam","format":"[Gen 9] VGC 2023 Regulation C","log":"|j|\u2606Atloy\n|j|\u2606RX78Gundam\n|t:|1684120042\n|gametype|doubles\n|player|p1|Atloy|gambler|1108\n|player|p2|RX78Gundam|266|1000\n|teamsize|p1|6\n|teamsize|p2|6\n|gen|9\n|tier|[Gen 9] VGC 2023 Regulation C\n|rated|\n|rule|Species Clause: Limit one of each Pok\u00e9mon\n|rule|Item Clause: Limit one of each item\n|clearpoke\n|poke|p1|Volcarona, L50, F|\n|poke|p1|Klefki, L50, F|\n|poke|p1|Corviknight, L50, F|\n|poke|p1|Garchomp, L50, F|\n|poke|p1|Gyarados, L50, F|\n|poke|p1|Annihilape, L50, M|\n|poke|p2|Noivern, L50, F|\n|poke|p2|Ceruledge, L50, F|\n|poke|p2|Lokix, L50, M|\n|poke|p2|Ting-Lu, L50|\n|poke|p2|Iron Moth, L50|\n|poke|p2|Eelektross, L50, F|\n|teampreview|4\n|inactive|Battle timer is ON: inactive players will automatically lose when time's up. (requested by Atloy)\n|inactive|Atloy has 60 seconds left.\n|\n|t:|1684120096\n|start\n|switch|p1a: Klefki|Klefki, L50, F|100\/100\n|switch|p1b: Volcarona|Volcarona, L50, F|100\/100\n|switch|p2a: Noivern|Noivern, L50, F|100\/100\n|switch|p2b: Ceruledge|Ceruledge, L50, F|100\/100\n|-item|p1a: Klefki|Light Clay|[from] ability: Frisk|[of] p2a: Noivern|[identify]\n|-item|p1b: Volcarona|Leftovers|[from] ability: Frisk|[of] p2a: Noivern|[identify]\n|turn|1\n|inactive|Atloy has 30 seconds left.\n|inactive|Atloy has 20 seconds left.\n|inactive|Atloy has 15 seconds left.\n|\n|t:|1684120138\n|-terastallize|p2a: Noivern|Normal\n|move|p2b: Ceruledge|Helping Hand|p2a: Noivern\n|-singleturn|p2a: Noivern|Helping Hand|[of] p2b: Ceruledge\n|move|p1b: Volcarona|Protect|p1b: Volcarona\n|-singleturn|p1b: Volcarona|Protect\n|move|p1a: Klefki|Reflect|p1a: Klefki\n|-sidestart|p1: Atloy|Reflect\n|move|p2a: Noivern|Boomburst|p1b: Volcarona|[spread] p1a\n|-activate|p1b: Volcarona|move: Protect\n|-immune|p2b: Ceruledge\n|-resisted|p1a: Klefki\n|-damage|p1a: Klefki|64\/100\n|-enditem|p2a: Noivern|Throat Spray\n|-boost|p2a: Noivern|spa|1|[from] item: Throat Spray\n|\n|upkeep\n|turn|2\n|\n|t:|1684120161\n|move|p1a: Klefki|Thunder Wave|p2a: Noivern\n|-status|p2a: Noivern|par\n|move|p2b: Ceruledge|Bitter Blade|p1b: Volcarona\n|-damage|p1b: Volcarona|52\/100\n|-damage|p2b: Ceruledge|90\/100|[from] item: Life Orb\n|move|p1b: Volcarona|Quiver Dance|p1b: Volcarona\n|-boost|p1b: Volcarona|spa|1\n|-boost|p1b: Volcarona|spd|1\n|-boost|p1b: Volcarona|spe|1\n|move|p2a: Noivern|Boomburst|p1a: Klefki|[spread] p1a,p1b\n|-immune|p2b: Ceruledge\n|-resisted|p1a: Klefki\n|-damage|p1a: Klefki|29\/100\n|-damage|p1b: Volcarona|7\/100\n|\n|-heal|p1b: Volcarona|13\/100|[from] item: Leftovers\n|upkeep\n|turn|3\n|inactive|RX78Gundam has 30 seconds left.\n|\n|t:|1684120192\n|move|p1a: Klefki|Thunder Wave|p2b: Ceruledge\n|-status|p2b: Ceruledge|par\n|move|p1b: Volcarona|Giga Drain|p2a: Noivern\n|-damage|p2a: Noivern|51\/100 par\n|-heal|p1b: Volcarona|34\/100|[from] drain|[of] p2a: Noivern\n|move|p2a: Noivern|Boomburst|p1b: Volcarona|[spread] p1a,p1b\n|-immune|p2b: Ceruledge\n|-resisted|p1a: Klefki\n|-damage|p1a: Klefki|0 fnt\n|-damage|p1b: Volcarona|0 fnt\n|faint|p1a: Klefki\n|faint|p1b: Volcarona\n|move|p2b: Ceruledge|Bitter Blade|p1: Klefki|[notarget]\n|-fail|p2b: Ceruledge\n|\n|upkeep\n|\n|t:|1684120206\n|switch|p1b: Gyarados|Gyarados, L50, F|100\/100\n|switch|p1a: Garchomp|Garchomp, L50, F|100\/100\n|-ability|p1b: Gyarados|Intimidate|boost\n|-unboost|p2a: Noivern|atk|1\n|-unboost|p2b: Ceruledge|atk|1\n|turn|4\n|\n|t:|1684120222\n|move|p1b: Gyarados|Helping Hand|p1a: Garchomp\n|-singleturn|p1a: Garchomp|Helping Hand|[of] p1b: Gyarados\n|move|p2a: Noivern|Protect|p2a: Noivern\n|-singleturn|p2a: Noivern|Protect\n|move|p1a: Garchomp|Earthquake|p2b: Ceruledge|[spread] p2b\n|-activate|p2a: Noivern|move: Protect\n|-immune|p1b: Gyarados\n|-supereffective|p2b: Ceruledge\n|-damage|p2b: Ceruledge|0 fnt\n|faint|p2b: Ceruledge\n|\n|upkeep\n|\n|t:|1684120236\n|switch|p2b: Eelektross|Eelektross, L50, F|100\/100\n|turn|5\n|\n|t:|1684120246\n|-terastallize|p1a: Garchomp|Steel\n|move|p1b: Gyarados|Helping Hand|p1a: Garchomp\n|-singleturn|p1a: Garchomp|Helping Hand|[of] p1b: Gyarados\n|move|p1a: Garchomp|Earthquake|p2a: Noivern|[spread] p2a\n|-immune|p1b: Gyarados\n|-immune|p2b: Eelektross|[from] ability: Levitate\n|-crit|p2a: Noivern\n|-damage|p2a: Noivern|0 fnt\n|faint|p2a: Noivern\n|move|p2b: Eelektross|Discharge|p1a: Garchomp|[spread] p1a,p1b\n|-supereffective|p1b: Gyarados\n|-damage|p1a: Garchomp|69\/100\n|-damage|p1b: Gyarados|9\/100\n|\n|upkeep\n|\n|t:|1684120261\n|switch|p2a: Lokix|Lokix, L50, M|100\/100\n|turn|6\n|\n|t:|1684120269\n|move|p1b: Gyarados|Protect|p1b: Gyarados\n|-singleturn|p1b: Gyarados|Protect\n|move|p2a: Lokix|First Impression|p1b: Gyarados\n|-activate|p1b: Gyarados|move: Protect\n|move|p1a: Garchomp|Earthquake|p2b: Eelektross|[spread] p2a\n|-activate|p1b: Gyarados|move: Protect\n|-immune|p2b: Eelektross|[from] ability: Levitate\n|-resisted|p2a: Lokix\n|-damage|p2a: Lokix|72\/100\n|move|p2b: Eelektross|Flash Cannon|p1a: Garchomp\n|-resisted|p1a: Garchomp\n|-damage|p1a: Garchomp|55\/100\n|\n|upkeep\n|turn|7\n|inactive|RX78Gundam has 30 seconds left.\n|\n|t:|1684120294\n|move|p1a: Garchomp|Earthquake|p2b: Eelektross|[spread] p2a\n|-immune|p1b: Gyarados\n|-immune|p2b: Eelektross|[from] ability: Levitate\n|-resisted|p2a: Lokix\n|-damage|p2a: Lokix|43\/100\n|move|p2a: Lokix|Trailblaze|p1a: Garchomp\n|-resisted|p1a: Garchomp\n|-damage|p1a: Garchomp|45\/100\n|-boost|p2a: Lokix|spe|1\n|-damage|p2a: Lokix|31\/100|[from] ability: Rough Skin|[of] p1a: Garchomp\n|move|p1b: Gyarados|Waterfall|p2b: Eelektross\n|-crit|p2b: Eelektross\n|-damage|p2b: Eelektross|43\/100\n|move|p2b: Eelektross|Flash Cannon|p1b: Gyarados\n|-resisted|p1b: Gyarados\n|-damage|p1b: Gyarados|0 fnt\n|faint|p1b: Gyarados\n|\n|-heal|p2b: Eelektross|49\/100|[from] item: Leftovers\n|upkeep\n|turn|8\n|inactive|RX78Gundam has 30 seconds left.\n|\n|t:|1684120323\n|move|p1a: Garchomp|Earthquake|p2a: Lokix|[spread] p2a\n|-immune|p2b: Eelektross|[from] ability: Levitate\n|-resisted|p2a: Lokix\n|-damage|p2a: Lokix|4\/100\n|move|p2a: Lokix|Leech Life|p1a: Garchomp\n|-resisted|p1a: Garchomp\n|-damage|p1a: Garchomp|21\/100\n|-heal|p2a: Lokix|19\/100|[from] drain|[of] p1a: Garchomp\n|-damage|p2a: Lokix|7\/100|[from] ability: Rough Skin|[of] p1a: Garchomp\n|move|p2b: Eelektross|Flash Cannon|p1a: Garchomp\n|-resisted|p1a: Garchomp\n|-damage|p1a: Garchomp|6\/100\n|-unboost|p1a: Garchomp|spd|1\n|\n|-heal|p2b: Eelektross|55\/100|[from] item: Leftovers\n|-sideend|p1: Atloy|Reflect\n|upkeep\n|turn|9\n|\n|t:|1684120345\n|move|p1a: Garchomp|Earthquake|p2a: Lokix|[spread] p2a\n|-immune|p2b: Eelektross|[from] ability: Levitate\n|-resisted|p2a: Lokix\n|-damage|p2a: Lokix|0 fnt\n|faint|p2a: Lokix\n|move|p2b: Eelektross|Flash Cannon|p1a: Garchomp\n|-resisted|p1a: Garchomp\n|-damage|p1a: Garchomp|0 fnt\n|faint|p1a: Garchomp\n|\n|win|RX78Gundam\n|raw|Atloy's rating: 1108 → 1075<\/strong> (-33 for losing)\n|raw|RX78Gundam's rating: 1000 → 1052<\/strong> (+52 for winning)\n","uploadtime":1684120355,"views":9,"p1id":"atloy","p2id":"rx78gundam","formatid":"gen9vgc2023regulationc","rating":1052,"private":0,"password":""}