{"id":"gen9vgc2023regulationc-1864350268","p1":"uhu she said penal","p2":"rodjilius","format":"[Gen 9] VGC 2023 Regulation C","log":"|j|\u2606uhu she said penal\n|j|\u2606rodjilius\n|t:|1684158397\n|gametype|doubles\n|player|p1|uhu she said penal|2|1331\n|player|p2|rodjilius|169|1407\n|teamsize|p1|6\n|teamsize|p2|6\n|gen|9\n|tier|[Gen 9] VGC 2023 Regulation C\n|rated|\n|rule|Species Clause: Limit one of each Pok\u00e9mon\n|rule|Item Clause: Limit one of each item\n|clearpoke\n|poke|p1|Chien-Pao, L50|\n|poke|p1|Iron Hands, L50|\n|poke|p1|Farigiraf, L50, F|\n|poke|p1|Gyarados, L50, F|\n|poke|p1|Amoonguss, L50, M|\n|poke|p1|Ceruledge, L50, F|\n|poke|p2|Corviknight, L50, M|\n|poke|p2|Gholdengo, L50|\n|poke|p2|Chi-Yu, L50|\n|poke|p2|Iron Bundle, L50|\n|poke|p2|Glimmora, L50, F|\n|poke|p2|Grimmsnarl, L50, M|\n|teampreview|4\nuhu she said penal has agreed to open team sheets.\n|inactive|Battle timer is ON: inactive players will automatically lose when time's up. (requested by rodjilius)\n|inactive|uhu she said penal has 60 seconds left.\n|inactive|rodjilius has 60 seconds left.\n|\n|t:|1684158458\n|start\n|switch|p1a: Iron Hands|Iron Hands, L50|100\/100\n|switch|p1b: Farigiraf|Farigiraf, L50, F|100\/100\n|switch|p2a: Gholdengo|Gholdengo, L50|100\/100\n|switch|p2b: Grimmsnarl|Grimmsnarl, L50, M|100\/100\n|turn|1\n|\n|t:|1684158481\n|move|p2b: Grimmsnarl|Reflect|p2b: Grimmsnarl\n|-sidestart|p2: rodjilius|Reflect\n|move|p2a: Gholdengo|Trick|p1b: Farigiraf\n|-activate|p2a: Gholdengo|move: Trick|[of] p1b: Farigiraf\n|-item|p1b: Farigiraf|Choice Scarf|[from] move: Trick\n|-item|p2a: Gholdengo|Life Orb|[from] move: Trick\n|move|p1a: Iron Hands|Wild Charge|p2a: Gholdengo\n|-damage|p2a: Gholdengo|64\/100\n|-damage|p1a: Iron Hands|94\/100|[from] Recoil\n|move|p1b: Farigiraf|Trick Room|p1b: Farigiraf\n|-fieldstart|move: Trick Room|[of] p1b: Farigiraf\n|\n|upkeep\n|turn|2\n|inactive|rodjilius has 30 seconds left.\n|\n|t:|1684158507\n|move|p1a: Iron Hands|Wild Charge|p2a: Gholdengo\n|-damage|p2a: Gholdengo|28\/100\n|-damage|p1a: Iron Hands|88\/100|[from] Recoil\n|move|p2b: Grimmsnarl|Spirit Break|p1a: Iron Hands\n|-supereffective|p1a: Iron Hands\n|-damage|p1a: Iron Hands|46\/100\n|-unboost|p1a: Iron Hands|spa|1\n|move|p2a: Gholdengo|Shadow Ball|p1b: Farigiraf\n|-immune|p1b: Farigiraf\n|move|p1b: Farigiraf|Trick Room|p1b: Farigiraf\n|-fieldend|move: Trick Room\n|\n|upkeep\n|turn|3\n|inactive|rodjilius has 30 seconds left.\n|inactive|rodjilius has 20 seconds left.\n|inactive|rodjilius has 15 seconds left.\n|\n|t:|1684158549\n|move|p2a: Gholdengo|Shadow Ball|p1a: Iron Hands\n|-damage|p1a: Iron Hands|15\/100\n|-damage|p2a: Gholdengo|18\/100|[from] item: Life Orb\n|move|p2b: Grimmsnarl|Spirit Break|p1a: Iron Hands\n|-supereffective|p1a: Iron Hands\n|-damage|p1a: Iron Hands|0 fnt\n|faint|p1a: Iron Hands\n|-end|p1a: Iron Hands|Quark Drive|[silent]\n|move|p1b: Farigiraf|Trick Room|p1b: Farigiraf\n|-fieldstart|move: Trick Room|[of] p1b: Farigiraf\n|\n|upkeep\n|\n|t:|1684158559\n|switch|p1a: Ceruledge|Ceruledge, L50, F|100\/100\n|turn|4\n|\n|t:|1684158581\n|switch|p2a: Iron Bundle|Iron Bundle, L50|100\/100\n|-enditem|p2a: Iron Bundle|Booster Energy\n|-activate|p2a: Iron Bundle|ability: Quark Drive|[fromitem]\n|-start|p2a: Iron Bundle|quarkdrivespe\n|move|p2b: Grimmsnarl|Spirit Break|p1b: Farigiraf\n|-crit|p1b: Farigiraf\n|-damage|p1b: Farigiraf|55\/100\n|-unboost|p1b: Farigiraf|spa|1\n|move|p1a: Ceruledge|Bitter Blade|p2a: Iron Bundle\n|-damage|p2a: Iron Bundle|59\/100\n|move|p1b: Farigiraf|Trick Room|p1b: Farigiraf\n|-fieldend|move: Trick Room\n|\n|upkeep\n|turn|5\n|\n|t:|1684158604\n|switch|p2b: Chi-Yu|Chi-Yu, L50|100\/100\n|-ability|p2b: Chi-Yu|Beads of Ruin\n|-terastallize|p1a: Ceruledge|Grass\n|move|p2a: Iron Bundle|Taunt|p1b: Farigiraf\n|-start|p1b: Farigiraf|move: Taunt\n|move|p1a: Ceruledge|Bitter Blade|p2a: Iron Bundle\n|-damage|p2a: Iron Bundle|21\/100\n|cant|p1b: Farigiraf|move: Taunt|Trick Room\n|\n|-sideend|p2: rodjilius|Reflect\n|upkeep\n|turn|6\n|inactive|rodjilius has 30 seconds left.\n|\n|t:|1684158630\n|switch|p1b: Amoonguss|Amoonguss, L50, M|100\/100\n|move|p1a: Ceruledge|Shadow Sneak|p2a: Iron Bundle\n|-damage|p2a: Iron Bundle|0 fnt\n|faint|p2a: Iron Bundle\n|-end|p2a: Iron Bundle|Quark Drive|[silent]\n|move|p2b: Chi-Yu|Dark Pulse|p1a: Ceruledge\n|-damage|p1a: Ceruledge|54\/100\n|\n|upkeep\n|\n|t:|1684158648\n|switch|p2a: Grimmsnarl|Grimmsnarl, L50, M|100\/100\n|turn|7\n|\n|t:|1684158662\n|switch|p1a: Farigiraf|Farigiraf, L50, F|55\/100\n|-terastallize|p2b: Chi-Yu|Grass\n|move|p1b: Amoonguss|Protect|p1b: Amoonguss\n|-singleturn|p1b: Amoonguss|Protect\n|move|p2a: Grimmsnarl|Fake Out||[still]\n|cant|p1a: Farigiraf|ability: Armor Tail|Fake Out|[of] p2a: Grimmsnarl\n|move|p2b: Chi-Yu|Dark Pulse|p1a: Farigiraf\n|-supereffective|p1a: Farigiraf\n|-damage|p1a: Farigiraf|0 fnt\n|faint|p1a: Farigiraf\n|\n|upkeep\n|\n|t:|1684158673\n|switch|p1a: Ceruledge|Ceruledge, L50, F, tera:Grass|54\/100\n|turn|8\n|\n|t:|1684158691\n|move|p2b: Chi-Yu|Protect|p2b: Chi-Yu\n|-singleturn|p2b: Chi-Yu|Protect\n|move|p1b: Amoonguss|Rage Powder|p1b: Amoonguss\n|-singleturn|p1b: Amoonguss|move: Rage Powder\n|move|p1a: Ceruledge|Bitter Blade|p2b: Chi-Yu\n|-activate|p2b: Chi-Yu|move: Protect\n|move|p2a: Grimmsnarl|Spirit Break|p1a: Ceruledge\n|-damage|p1a: Ceruledge|18\/100\n|\n|upkeep\n|turn|9\n|-message|uhu she said penal forfeited.\n|\n|win|rodjilius\n|raw|uhu she said penal's rating: 1331 → 1315<\/strong> (-16 for losing)\n|raw|rodjilius's rating: 1407 → 1423<\/strong> (+16 for winning)\n|l|\u2606uhu she said penal\n","uploadtime":1684158706,"views":6,"p1id":"uhushesaidpenal","p2id":"rodjilius","formatid":"gen9vgc2023regulationc","rating":1315,"private":0,"password":""}