{"id":"gen9vgc2023regulationc-1846684299","p1":"OLBAPP!!!!!","p2":"IknowLatin","format":"[Gen 9] VGC 2023 Regulation C","log":"|j|\u2606OLBAPP!!!!!\n|j|\u2606IknowLatin\n|t:|1681865566\n|gametype|doubles\n|player|p1|OLBAPP!!!!!|2|1110\n|player|p2|IknowLatin|102|1038\n|teamsize|p1|6\n|teamsize|p2|6\n|gen|9\n|tier|[Gen 9] VGC 2023 Regulation C\n|rated|\n|rule|Species Clause: Limit one of each Pok\u00e9mon\n|rule|Item Clause: Limit one of each item\n|clearpoke\n|poke|p1|Palafin, L50, F|\n|poke|p1|Kingambit, L50, F|\n|poke|p1|Arboliva, L50, F|\n|poke|p1|Arcanine, L50, M|\n|poke|p1|Flutter Mane, L50|\n|poke|p1|Murkrow, L50, F|\n|poke|p2|Annihilape, L50, F|\n|poke|p2|Maushold-Four, L50|\n|poke|p2|Amoonguss, L50, F|\n|poke|p2|Dragapult, L50, F|\n|poke|p2|Armarouge, L50, M|\n|poke|p2|Indeedee-F, L50, F|\n|teampreview|4\n|inactive|Battle timer is ON: inactive players will automatically lose when time's up. (requested by OLBAPP!!!!!)\n|\n|t:|1681865580\n|start\n|switch|p1a: Palafin|Palafin, L50, F|100\/100\n|switch|p1b: Murkrow|Murkrow, L50, F|100\/100\n|switch|p2a: Indupitably|Indeedee-F, L50, F|100\/100\n|switch|p2b: Charcuterie|Armarouge, L50, M|100\/100\n|-fieldstart|move: Psychic Terrain|[from] ability: Psychic Surge|[of] p2a: Indupitably\n|-enditem|p2a: Indupitably|Psychic Seed\n|-boost|p2a: Indupitably|spd|1|[from] item: Psychic Seed\n|turn|1\n|\n|t:|1681865595\n|detailschange|p1a: Palafin|Palafin-Hero, L50, F\n|switch|p1a: Arboliva|Arboliva, L50, F|100\/100\n|move|p2a: Indupitably|Helping Hand|p2b: Charcuterie\n|-singleturn|p2b: Charcuterie|Helping Hand|[of] p2a: Indupitably\n|move|p1b: Murkrow|Perish Song|p1b: Murkrow\n|-start|p1a: Arboliva|perish3|[silent]\n|-start|p1b: Murkrow|perish3|[silent]\n|-activate|p2a: Indupitably|move: Psychic Terrain\n|-activate|p2b: Charcuterie|move: Psychic Terrain\n|-fieldactivate|move: Perish Song\n|move|p2b: Charcuterie|Expanding Force|p1b: Murkrow|[spread] p1a\n|-immune|p1b: Murkrow\n|-damage|p1a: Arboliva|0 fnt\n|-fieldstart|move: Grassy Terrain|[from] ability: Seed Sower|[of] p1a: Arboliva\n|faint|p1a: Arboliva\n|-damage|p2b: Charcuterie|91\/100|[from] item: Life Orb\n|\n|-heal|p2b: Charcuterie|97\/100|[from] Grassy Terrain\n|-start|p1b: Murkrow|perish3\n|upkeep\n|\n|t:|1681865609\n|switch|p1a: Palafin|Palafin-Hero, L50, F|100\/100\n|-activate|p1a: Palafin|ability: Zero to Hero\n|turn|2\n|\n|t:|1681865616\n|-terastallize|p1a: Palafin|Water\n|move|p2a: Indupitably|Follow Me|p2a: Indupitably\n|-singleturn|p2a: Indupitably|move: Follow Me\n|move|p1b: Murkrow|Thunder Wave|p2a: Indupitably\n|-status|p2a: Indupitably|par\n|move|p2b: Charcuterie|Expanding Force|p1a: Palafin\n|-damage|p1a: Palafin|50\/100\n|-damage|p2b: Charcuterie|87\/100|[from] item: Life Orb\n|move|p1a: Palafin|Wave Crash|p2a: Indupitably\n|-damage|p2a: Indupitably|0 fnt\n|faint|p2a: Indupitably\n|-damage|p1a: Palafin|21\/100|[from] Recoil\n|\n|-heal|p2b: Charcuterie|93\/100|[from] Grassy Terrain\n|-heal|p1a: Palafin|27\/100|[from] Grassy Terrain\n|-start|p1b: Murkrow|perish2\n|upkeep\n|\n|t:|1681865637\n|switch|p2a: Bu Ba Bo Biv|Maushold-Four, L50|100\/100\n|turn|3\n|\n|t:|1681865652\n|move|p2a: Bu Ba Bo Biv|Follow Me|p2a: Bu Ba Bo Biv\n|-singleturn|p2a: Bu Ba Bo Biv|move: Follow Me\n|move|p1b: Murkrow|Thunder Wave|p2a: Bu Ba Bo Biv\n|-status|p2a: Bu Ba Bo Biv|par\n|move|p2b: Charcuterie|Energy Ball|p1a: Palafin\n|-supereffective|p1a: Palafin\n|-damage|p1a: Palafin|0 fnt\n|faint|p1a: Palafin\n|-damage|p2b: Charcuterie|83\/100|[from] item: Life Orb\n|\n|-heal|p2b: Charcuterie|89\/100|[from] Grassy Terrain\n|-start|p1b: Murkrow|perish1\n|upkeep\n|\n|t:|1681865659\n|switch|p1a: Flutter Mane|Flutter Mane, L50|100\/100\n|turn|4\n|\n|t:|1681865669\n|move|p1b: Murkrow|Perish Song|p1b: Murkrow\n|-start|p1a: Flutter Mane|perish3|[silent]\n|-start|p2a: Bu Ba Bo Biv|perish3|[silent]\n|-start|p2b: Charcuterie|perish3|[silent]\n|-fieldactivate|move: Perish Song\n|move|p1a: Flutter Mane|Shadow Ball|p2b: Charcuterie\n|-supereffective|p2b: Charcuterie\n|-damage|p2b: Charcuterie|9\/100\n|move|p2b: Charcuterie|Energy Ball|p1a: Flutter Mane\n|-damage|p1a: Flutter Mane|54\/100\n|-unboost|p1a: Flutter Mane|spd|1\n|-damage|p2b: Charcuterie|0 fnt|[from] item: Life Orb\n|faint|p2b: Charcuterie\n|move|p2a: Bu Ba Bo Biv|Beat Up|p1a: Flutter Mane\n|-damage|p1a: Flutter Mane|50\/100\n|-damage|p1a: Flutter Mane|44\/100\n|-hitcount|p1a: Flutter Mane|2\n|\n|-heal|p1a: Flutter Mane|50\/100|[from] Grassy Terrain\n|-start|p1a: Flutter Mane|perish3\n|-start|p1b: Murkrow|perish0\n|-start|p2a: Bu Ba Bo Biv|perish3\n|faint|p1b: Murkrow\n|upkeep\n|\n|t:|1681865686\n|switch|p2b: Vecna|Annihilape, L50, F|100\/100\n|turn|5\n|\n|t:|1681865701\n|move|p2a: Bu Ba Bo Biv|Follow Me|p2a: Bu Ba Bo Biv\n|-singleturn|p2a: Bu Ba Bo Biv|move: Follow Me\n|move|p1a: Flutter Mane|Moonblast|p2a: Bu Ba Bo Biv\n|-damage|p2a: Bu Ba Bo Biv|25\/100 par\n|-unboost|p2a: Bu Ba Bo Biv|spa|1\n|move|p2b: Vecna|Rage Fist|p1a: Flutter Mane\n|-supereffective|p1a: Flutter Mane\n|-damage|p1a: Flutter Mane|0 fnt\n|faint|p1a: Flutter Mane\n|-end|p1a: Flutter Mane|Protosynthesis|[silent]\n|\n|win|IknowLatin\n|raw|OLBAPP!!!!!'s rating: 1110 → 1080<\/strong> (-30 for losing)\n|raw|IknowLatin's rating: 1038 → 1079<\/strong> (+41 for winning)\n|l|\u2606OLBAPP!!!!!\n","uploadtime":1681865712,"views":11,"p1id":"olbapp","p2id":"iknowlatin","formatid":"gen9vgc2023regulationc","rating":1079,"private":0,"password":""}