{"id":"gen9vgc2023regulationc-1863952146","p1":"Atlas Rj","p2":"wackomarko","format":"[Gen 9] VGC 2023 Regulation C","log":"|j|\u2606Atlas Rj\n|j|\u2606wackomarko\n|t:|1684097239\n|gametype|doubles\n|player|p1|Atlas Rj|veteran|1152\n|player|p2|wackomarko|hiker-gen4|1173\n|teamsize|p1|6\n|teamsize|p2|6\n|gen|9\n|tier|[Gen 9] VGC 2023 Regulation C\n|rated|\n|rule|Species Clause: Limit one of each Pok\u00e9mon\n|rule|Item Clause: Limit one of each item\n|clearpoke\n|poke|p1|Amoonguss, L50, F|\n|poke|p1|Grimmsnarl, L50, M|\n|poke|p1|Hawlucha, L50, F|\n|poke|p1|Azumarill, L50, F|\n|poke|p1|Chien-Pao, L50|\n|poke|p1|Bellibolt, L50, F|\n|poke|p2|Talonflame, L50, F|\n|poke|p2|Amoonguss, L50, F|\n|poke|p2|Flutter Mane, L50|\n|poke|p2|Chien-Pao, L50|\n|poke|p2|Gyarados, L50, M|\n|poke|p2|Dragapult, L50, F|\n|teampreview|4\n|inactive|Battle timer is ON: inactive players will automatically lose when time's up. (requested by Atlas Rj)\nwackomarko has agreed to open team sheets.\n|c|\u2606wackomarko|Interested on how this plays been trying to make bellybolt work for Reg C\n|inactive|Atlas Rj has 60 seconds left.\n|inactive|wackomarko has 60 seconds left.\n|inactive|wackomarko has 30 seconds left.\n|\n|t:|1684097309\n|start\n|switch|p1a: Amoonguss|Amoonguss, L50, F|100\/100\n|switch|p1b: Grimmsnarl|Grimmsnarl, L50, M|100\/100\n|switch|p2a: Talonflame|Talonflame, L50, F, shiny|100\/100\n|switch|p2b: Chien-Pao|Chien-Pao, L50|100\/100\n|-ability|p2b: Chien-Pao|Sword of Ruin\n|turn|1\n|inactive|Atlas Rj has 30 seconds left.\n|inactive|wackomarko has 30 seconds left.\n|inactive|Atlas Rj has 20 seconds left.\n|inactive|Atlas Rj has 15 seconds left.\n|inactive|Atlas Rj has 10 seconds left.\n|\n|t:|1684097355\n|switch|p1a: Azumarill|Azumarill, L50, F|100\/100\n|move|p2b: Chien-Pao|Protect|p2b: Chien-Pao\n|-singleturn|p2b: Chien-Pao|Protect\n|move|p1b: Grimmsnarl|Misty Terrain|p1b: Grimmsnarl\n|-fieldstart|move: Misty Terrain\n|move|p2a: Talonflame|Taunt|p1a: Azumarill\n|-start|p1a: Azumarill|move: Taunt\n|\n|upkeep\n|turn|2\n|inactive|Atlas Rj has 30 seconds left.\n|inactive|wackomarko has 30 seconds left.\n|inactive|Atlas Rj has 20 seconds left.\n|inactive|wackomarko has 20 seconds left.\n|inactive|Atlas Rj has 15 seconds left.\n|inactive|wackomarko has 15 seconds left.\n|inactive|Atlas Rj has 10 seconds left.\n|inactive|wackomarko has 10 seconds left.\n|inactive|wackomarko has 5 seconds left.\n|\n|t:|1684097405\n|switch|p2a: Flutter Mane|Flutter Mane, L50, shiny|100\/100\n|move|p1b: Grimmsnarl|Swagger|p1a: Azumarill\n|-boost|p1a: Azumarill|atk|2\n|-activate|p1a: Azumarill|move: Misty Terrain\n|move|p1a: Azumarill|Aqua Jet|p2a: Flutter Mane\n|-damage|p2a: Flutter Mane|0 fnt\n|faint|p2a: Flutter Mane\n|-end|p2a: Flutter Mane|Protosynthesis|[silent]\n|move|p2b: Chien-Pao|Ice Spinner|p1b: Grimmsnarl\n|-crit|p1b: Grimmsnarl\n|-damage|p1b: Grimmsnarl|7\/100\n|-fieldend|Misty Terrain\n|\n|upkeep\n|\n|t:|1684097420\n|switch|p2a: Talonflame|Talonflame, L50, F, shiny|100\/100\n|turn|3\n|inactive|wackomarko has 30 seconds left.\n|\n|t:|1684097450\n|move|p2b: Chien-Pao|Sucker Punch|p1a: Azumarill\n|-resisted|p1a: Azumarill\n|-damage|p1a: Azumarill|77\/100\n|move|p2a: Talonflame|Tailwind|p2a: Talonflame\n|-sidestart|p2: wackomarko|move: Tailwind\n|move|p1b: Grimmsnarl|Misty Terrain|p1b: Grimmsnarl\n|-fieldstart|move: Misty Terrain\n|move|p1a: Azumarill|Play Rough|p2b: Chien-Pao\n|-supereffective|p2b: Chien-Pao\n|-enditem|p2b: Chien-Pao|Focus Sash\n|-damage|p2b: Chien-Pao|1\/100\n|-unboost|p2b: Chien-Pao|atk|1\n|\n|-end|p1a: Azumarill|move: Taunt\n|upkeep\n|turn|4\n|inactive|Atlas Rj has 30 seconds left.\n|\n|t:|1684097483\n|move|p2a: Talonflame|Brave Bird|p1b: Grimmsnarl\n|-damage|p1b: Grimmsnarl|0 fnt\n|faint|p1b: Grimmsnarl\n|-damage|p2a: Talonflame|98\/100|[from] Recoil\n|move|p1a: Azumarill|Aqua Jet|p2a: Talonflame\n|-supereffective|p2a: Talonflame\n|-damage|p2a: Talonflame|0 fnt\n|faint|p2a: Talonflame\n|move|p2b: Chien-Pao|Ice Spinner|p1a: Azumarill\n|-resisted|p1a: Azumarill\n|-damage|p1a: Azumarill|59\/100\n|-fieldend|Misty Terrain\n|\n|upkeep\n|\n|t:|1684097495\n|switch|p2a: Dragapult|Dragapult, L50, F, shiny|100\/100\n|switch|p1b: Bellibolt|Bellibolt, L50, F|100\/100\n|turn|5\n|\n|t:|1684097518\n|-terastallize|p2a: Dragapult|Dragon\n|move|p1a: Azumarill|Protect|p1a: Azumarill\n|-singleturn|p1a: Azumarill|Protect\n|move|p2a: Dragapult|Phantom Force||[still]\n|-prepare|p2a: Dragapult|Phantom Force\n|move|p2b: Chien-Pao|Haze|p2b: Chien-Pao\n|-clearallboost\n|move|p1b: Bellibolt|Parabolic Charge|p2b: Chien-Pao|[spread] p2b\n|-miss|p1b: Bellibolt|p2a: Dragapult\n|-activate|p1a: Azumarill|move: Protect\n|-damage|p2b: Chien-Pao|0 fnt\n|faint|p2b: Chien-Pao\n|\n|upkeep\n|turn|6\n|c|\u2606wackomarko|gg\n|inactive|Atlas Rj has 30 seconds left.\n|inactive|Atlas Rj has 20 seconds left.\n|\n|t:|1684097557\n|switch|p1b: Amoonguss|Amoonguss, L50, F|100\/100\n|move|p2a: Dragapult|Phantom Force|p1a: Azumarill|[from]lockedmove\n|-damage|p1a: Azumarill|0 fnt\n|faint|p1a: Azumarill\n|\n|-sideend|p2: wackomarko|move: Tailwind\n|upkeep\n|\n|t:|1684097564\n|switch|p1a: Bellibolt|Bellibolt, L50, F|100\/100\n|turn|7\n|\n|t:|1684097579\n|move|p1a: Bellibolt|Sucker Punch|p2a: Dragapult\n|-damage|p2a: Dragapult|85\/100\n|move|p2a: Dragapult|Phantom Force||[still]\n|-prepare|p2a: Dragapult|Phantom Force\n|move|p1b: Amoonguss|Spore|p2a: Dragapult|[miss]\n|-miss|p1b: Amoonguss|p2a: Dragapult\n|\n|upkeep\n|turn|8\n|\n|t:|1684097595\n|move|p2a: Dragapult|Phantom Force|p1b: Amoonguss|[from]lockedmove\n|-damage|p1b: Amoonguss|29\/100\n|-damage|p2a: Dragapult|69\/100|[from] item: Rocky Helmet|[of] p1b: Amoonguss\n|move|p1a: Bellibolt|Parabolic Charge|p2a: Dragapult|[spread] p1b,p2a\n|-resisted|p1b: Amoonguss\n|-resisted|p2a: Dragapult\n|-damage|p1b: Amoonguss|20\/100\n|-damage|p2a: Dragapult|53\/100\n|move|p1b: Amoonguss|Pollen Puff|p1a: Bellibolt\n|-immune|p1a: Bellibolt\n|\n|upkeep\n|turn|9\n|\n|t:|1684097620\n|move|p1a: Bellibolt|Sucker Punch|p2a: Dragapult\n|-damage|p2a: Dragapult|39\/100\n|move|p2a: Dragapult|Phantom Force||[still]\n|-prepare|p2a: Dragapult|Phantom Force\n|move|p1b: Amoonguss|Spore|p2a: Dragapult|[miss]\n|-miss|p1b: Amoonguss|p2a: Dragapult\n|\n|upkeep\n|turn|10\n|\n|t:|1684097638\n|move|p2a: Dragapult|Phantom Force|p1b: Amoonguss|[from]lockedmove\n|-damage|p1b: Amoonguss|0 fnt\n|-damage|p2a: Dragapult|22\/100|[from] item: Rocky Helmet|[of] p1b: Amoonguss\n|faint|p1b: Amoonguss\n|move|p1a: Bellibolt|Parabolic Charge|p2a: Dragapult\n|-resisted|p2a: Dragapult\n|-crit|p2a: Dragapult\n|-damage|p2a: Dragapult|0 fnt\n|faint|p2a: Dragapult\n|\n|win|Atlas Rj\n|raw|Atlas Rj's rating: 1152 → 1179<\/strong> (+27 for winning)\n|raw|wackomarko's rating: 1173 → 1146<\/strong> (-27 for losing)\n|c|\u2606wackomarko|gg\n","uploadtime":1684097649,"views":6,"p1id":"atlasrj","p2id":"wackomarko","formatid":"gen9vgc2023regulationc","rating":1146,"private":0,"password":""}