{"id":"gen9vgc2023regulationc-1857485711","p1":"Chosentolose","p2":"alofpaca","format":"[Gen 9] VGC 2023 Regulation C","log":"|j|\u2606Chosentolose\n|j|\u2606alofpaca\n|t:|1683200261\n|gametype|doubles\n|player|p1|Chosentolose|interviewers|1218\n|player|p2|alofpaca|waitress-gen4|1264\n|teamsize|p1|6\n|teamsize|p2|6\n|gen|9\n|tier|[Gen 9] VGC 2023 Regulation C\n|rated|\n|rule|Species Clause: Limit one of each Pok\u00e9mon\n|rule|Item Clause: Limit one of each item\n|clearpoke\n|poke|p1|Annihilape, L50, F|\n|poke|p1|Maushold-Four, L50|\n|poke|p1|Amoonguss, L50, M|\n|poke|p1|Arcanine, L50, F|\n|poke|p1|Sylveon, L50, M|\n|poke|p1|Iron Bundle, L50|\n|poke|p2|Dondozo, L50, M|\n|poke|p2|Tatsugiri-Droopy, L50, M|\n|poke|p2|Scream Tail, L50|\n|poke|p2|Dragonite, L50, F|\n|poke|p2|Chien-Pao, L50|\n|poke|p2|Gallade, L50, M|\n|teampreview|4\n|\n|t:|1683200311\n|start\n|switch|p1a: Amoonguss|Amoonguss, L50, M|100\/100\n|switch|p1b: Arcanine|Arcanine, L50, F|100\/100\n|switch|p2a: Scream Tail|Scream Tail, L50|100\/100\n|switch|p2b: Gallade|Gallade, L50, M|100\/100\n|-ability|p1b: Arcanine|Intimidate|boost\n|-unboost|p2a: Scream Tail|atk|1\n|-fail|p2b: Gallade|unboost|[from] item: Clear Amulet|[of] p2b: Gallade\n|-enditem|p2a: Scream Tail|Booster Energy\n|-activate|p2a: Scream Tail|ability: Protosynthesis|[fromitem]\n|-start|p2a: Scream Tail|protosynthesisspe\n|turn|1\n|\n|t:|1683200334\n|-terastallize|p2b: Gallade|Fire\n|move|p2a: Scream Tail|Howl|p2a: Scream Tail|[spread] p2a,p2b\n|-boost|p2a: Scream Tail|atk|1\n|-boost|p2b: Gallade|atk|1\n|move|p1b: Arcanine|Will-O-Wisp|p2b: Gallade\n|-immune|p2b: Gallade\n|move|p2b: Gallade|Psycho Cut|p1a: Amoonguss\n|-supereffective|p1a: Amoonguss\n|-damage|p1a: Amoonguss|0 fnt\n|faint|p1a: Amoonguss\n|\n|upkeep\n|\n|t:|1683200344\n|switch|p1a: Annihilape|Annihilape, L50, F|100\/100\n|turn|2\n|\n|t:|1683200358\n|move|p1a: Annihilape|Protect|p1a: Annihilape\n|-singleturn|p1a: Annihilape|Protect\n|move|p1b: Arcanine|Extreme Speed|p2b: Gallade\n|-damage|p2b: Gallade|76\/100\n|move|p2a: Scream Tail|Howl|p2a: Scream Tail|[spread] p2a,p2b\n|-boost|p2a: Scream Tail|atk|1\n|-boost|p2b: Gallade|atk|1\n|move|p2b: Gallade|Psycho Cut|p1a: Annihilape\n|-activate|p1a: Annihilape|move: Protect\n|\n|upkeep\n|turn|3\n|\n|t:|1683200386\n|-terastallize|p1a: Annihilape|Steel\n|move|p2a: Scream Tail|Howl|p2a: Scream Tail|[spread] p2a,p2b\n|-boost|p2a: Scream Tail|atk|1\n|-boost|p2b: Gallade|atk|1\n|move|p1b: Arcanine|Flare Blitz|p2b: Gallade\n|-resisted|p2b: Gallade\n|-damage|p2b: Gallade|47\/100\n|-damage|p1b: Arcanine|92\/100|[from] Recoil\n|move|p1a: Annihilape|Rage Fist|p2b: Gallade\n|-damage|p2b: Gallade|21\/100\n|move|p2b: Gallade|Psycho Cut|p1a: Annihilape\n|-resisted|p1a: Annihilape\n|-damage|p1a: Annihilape|43\/100\n|\n|-heal|p1a: Annihilape|49\/100|[from] item: Leftovers\n|upkeep\n|turn|4\n|\n|t:|1683200406\n|-end|p2a: Scream Tail|Protosynthesis|[silent]\n|switch|p2a: Chien-Pao|Chien-Pao, L50|100\/100\n|-ability|p2a: Chien-Pao|Sword of Ruin\n|move|p1b: Arcanine|Flare Blitz|p2a: Chien-Pao\n|-supereffective|p2a: Chien-Pao\n|-enditem|p2a: Chien-Pao|Focus Sash\n|-damage|p2a: Chien-Pao|1\/100\n|-damage|p1b: Arcanine|66\/100|[from] Recoil\n|move|p1a: Annihilape|Rage Fist|p2b: Gallade\n|-damage|p2b: Gallade|0 fnt\n|faint|p2b: Gallade\n|\n|-heal|p1a: Annihilape|55\/100|[from] item: Leftovers\n|upkeep\n|\n|t:|1683200418\n|switch|p2b: Scream Tail|Scream Tail, L50|100\/100\n|turn|5\n|\n|t:|1683200427\n|move|p2b: Scream Tail|Protect|p2b: Scream Tail\n|-singleturn|p2b: Scream Tail|Protect\n|move|p1b: Arcanine|Extreme Speed|p2a: Chien-Pao\n|-damage|p2a: Chien-Pao|0 fnt\n|faint|p2a: Chien-Pao\n|move|p1a: Annihilape|Rage Fist|p2b: Scream Tail\n|-activate|p2b: Scream Tail|move: Protect\n|\n|-heal|p1a: Annihilape|61\/100|[from] item: Leftovers\n|upkeep\n|\n|t:|1683200432\n|switch|p2a: Tatsugiri|Tatsugiri-Droopy, L50, M|100\/100\n|turn|6\n|\n|t:|1683200443\n|move|p1a: Annihilape|Protect|p1a: Annihilape\n|-singleturn|p1a: Annihilape|Protect\n|move|p2a: Tatsugiri|Muddy Water|p1a: Annihilape|[spread] p1b\n|-activate|p1a: Annihilape|move: Protect\n|-supereffective|p1b: Arcanine\n|-damage|p1b: Arcanine|0 fnt\n|faint|p1b: Arcanine\n|move|p2b: Scream Tail|Play Rough|p1a: Annihilape\n|-activate|p1a: Annihilape|move: Protect\n|\n|-heal|p1a: Annihilape|67\/100|[from] item: Leftovers\n|upkeep\n|\n|t:|1683200452\n|switch|p1b: Maushold|Maushold-Four, L50|100\/100\n|turn|7\n|\n|t:|1683200470\n|move|p2a: Tatsugiri|Muddy Water|p1b: Maushold|[spread] p1a,p1b\n|-damage|p1a: Annihilape|43\/100\n|-damage|p1b: Maushold|59\/100\n|move|p2b: Scream Tail|Play Rough|p1b: Maushold\n|-damage|p1b: Maushold|30\/100\n|move|p1b: Maushold|Population Bomb|p1a: Annihilape\n|-resisted|p1a: Annihilape\n|-damage|p1a: Annihilape|42\/100\n|-resisted|p1a: Annihilape\n|-damage|p1a: Annihilape|40\/100\n|-resisted|p1a: Annihilape\n|-damage|p1a: Annihilape|38\/100\n|-resisted|p1a: Annihilape\n|-damage|p1a: Annihilape|36\/100\n|-resisted|p1a: Annihilape\n|-damage|p1a: Annihilape|34\/100\n|-resisted|p1a: Annihilape\n|-damage|p1a: Annihilape|32\/100\n|-resisted|p1a: Annihilape\n|-damage|p1a: Annihilape|30\/100\n|-resisted|p1a: Annihilape\n|-damage|p1a: Annihilape|28\/100\n|-resisted|p1a: Annihilape\n|-damage|p1a: Annihilape|26\/100\n|-resisted|p1a: Annihilape\n|-damage|p1a: Annihilape|24\/100\n|-hitcount|p1a: Annihilape|10\n|move|p1a: Annihilape|Rage Fist|p2a: Tatsugiri\n|-damage|p2a: Tatsugiri|0 fnt\n|faint|p2a: Tatsugiri\n|\n|-heal|p1a: Annihilape|30\/100|[from] item: Leftovers\n|upkeep\n|turn|8\n|\n|t:|1683200483\n|move|p1b: Maushold|Follow Me|p1b: Maushold\n|-singleturn|p1b: Maushold|move: Follow Me\n|move|p2b: Scream Tail|Play Rough|p1b: Maushold\n|-damage|p1b: Maushold|2\/100\n|move|p1a: Annihilape|Rage Fist|p2b: Scream Tail\n|-supereffective|p2b: Scream Tail\n|-damage|p2b: Scream Tail|0 fnt\n|faint|p2b: Scream Tail\n|-end|p2b: Scream Tail|Protosynthesis|[silent]\n|\n|win|Chosentolose\n|raw|Chosentolose's rating: 1218 → 1246<\/strong> (+28 for winning)\n|raw|alofpaca's rating: 1264 → 1236<\/strong> (-28 for losing)\n|l|\u2606alofpaca\n","uploadtime":1683200492,"views":7,"p1id":"chosentolose","p2id":"alofpaca","formatid":"gen9vgc2023regulationc","rating":1236,"private":0,"password":""}