{"id":"gen9vgc2023regulationc-1861257007","p1":"Lewlo","p2":"Eisenbundel","format":"[Gen 9] VGC 2023 Regulation C","log":"|j|\u2606Lewlo\n|j|\u2606Eisenbundel\n|t:|1683740081\n|gametype|doubles\n|player|p1|Lewlo|kimonogirl|1221\n|player|p2|Eisenbundel|lucas-gen4pt|1291\n|teamsize|p1|6\n|teamsize|p2|6\n|gen|9\n|tier|[Gen 9] VGC 2023 Regulation C\n|rated|\n|rule|Species Clause: Limit one of each Pok\u00e9mon\n|rule|Item Clause: Limit one of each item\n|clearpoke\n|poke|p1|Amoonguss, L50, F|\n|poke|p1|Flutter Mane, L50|\n|poke|p1|Farigiraf, L50, M|\n|poke|p1|Chien-Pao, L50|\n|poke|p1|Iron Hands, L50|\n|poke|p1|Azumarill, L50, M|\n|poke|p2|Indeedee-F, L50, F|\n|poke|p2|Hatterene, L50, F|\n|poke|p2|Flutter Mane, L50|\n|poke|p2|Torkoal, L50, F|\n|poke|p2|Great Tusk, L50|\n|poke|p2|Murkrow, L50, F|\n|teampreview|4\n|inactive|Battle timer is ON: inactive players will automatically lose when time's up. (requested by Lewlo)\nLewlo has agreed to open team sheets.\nEisenbundel has agreed to open team sheets.\n|inactive|Lewlo has 60 seconds left.\n|inactive|Eisenbundel has 60 seconds left.\n|inactive|Eisenbundel has 30 seconds left.\n|inactive|Eisenbundel has 20 seconds left.\n|inactive|Eisenbundel has 15 seconds left.\n|inactive|Eisenbundel has 10 seconds left.\n|inactive|Eisenbundel has 5 seconds left.\n|\n|t:|1683740169\n|start\n|switch|p1a: Lumbo Fumbo|Farigiraf, L50, M|100\/100\n|switch|p1b: Yoyo|Azumarill, L50, M|100\/100\n|switch|p2a: Indeedee|Indeedee-F, L50, F|100\/100\n|switch|p2b: Flutter Mane|Flutter Mane, L50|100\/100\n|-fieldstart|move: Psychic Terrain|[from] ability: Psychic Surge|[of] p2a: Indeedee\n|turn|1\n|inactive|Lewlo has 30 seconds left.\n|inactive|Eisenbundel has 30 seconds left.\n|inactive|Lewlo has 20 seconds left.\n|inactive|Lewlo has 15 seconds left.\n|\n|t:|1683740212\n|move|p2a: Indeedee|Follow Me|p2a: Indeedee\n|-singleturn|p2a: Indeedee|move: Follow Me\n|move|p2b: Flutter Mane|Shadow Ball|p1b: Yoyo\n|-crit|p1b: Yoyo\n|-damage|p1b: Yoyo|47\/100\n|-damage|p2b: Flutter Mane|91\/100|[from] item: Life Orb\n|move|p1b: Yoyo|Ice Spinner|p2a: Indeedee\n|-damage|p2a: Indeedee|68\/100\n|-fieldend|move: Psychic Terrain\n|move|p1a: Lumbo Fumbo|Trick Room|p1a: Lumbo Fumbo\n|-fieldstart|move: Trick Room|[of] p1a: Lumbo Fumbo\n|\n|upkeep\n|turn|2\n|\n|t:|1683740230\n|-end|p2b: Flutter Mane|Protosynthesis|[silent]\n|switch|p2b: Torkoal|Torkoal, L50, F|100\/100\n|-weather|SunnyDay|[from] ability: Drought|[of] p2b: Torkoal\n|move|p1a: Lumbo Fumbo|Ally Switch|p1a: Lumbo Fumbo\n|swap|p1a: Lumbo Fumbo|1|[from] move: Ally Switch\n|move|p2a: Indeedee|Follow Me|p2a: Indeedee\n|-singleturn|p2a: Indeedee|move: Follow Me\n|move|p1a: Yoyo|Liquidation|p2a: Indeedee\n|-damage|p2a: Indeedee|43\/100\n|\n|-weather|SunnyDay|[upkeep]\n|upkeep\n|turn|3\n|\n|t:|1683740248\n|move|p2a: Indeedee|Helping Hand|p2b: Torkoal\n|-singleturn|p2b: Torkoal|Helping Hand|[of] p2a: Indeedee\n|move|p1a: Yoyo|Aqua Jet|p2b: Torkoal\n|-supereffective|p2b: Torkoal\n|-damage|p2b: Torkoal|82\/100\n|move|p2b: Torkoal|Eruption|p1b: Lumbo Fumbo|[spread] p1a,p1b\n|-resisted|p1a: Yoyo\n|-damage|p1a: Yoyo|13\/100\n|-damage|p1b: Lumbo Fumbo|0 fnt\n|faint|p1b: Lumbo Fumbo\n|\n|-weather|SunnyDay|[upkeep]\n|upkeep\n|\n|t:|1683740255\n|switch|p1b: Grabby Gabby|Iron Hands, L50|100\/100\n|turn|4\n|inactive|Eisenbundel has 30 seconds left.\n|\n|t:|1683740283\n|switch|p2b: Flutter Mane|Flutter Mane, L50|91\/100\n|-activate|p2b: Flutter Mane|ability: Protosynthesis\n|-start|p2b: Flutter Mane|protosynthesisspa\n|move|p1b: Grabby Gabby|Fake Out|p2b: Flutter Mane\n|-immune|p2b: Flutter Mane\n|move|p1a: Yoyo|Liquidation|p2b: Flutter Mane\n|-damage|p2b: Flutter Mane|55\/100\n|-unboost|p2b: Flutter Mane|def|1\n|move|p2a: Indeedee|Trick Room|p2a: Indeedee\n|-fieldend|move: Trick Room\n|\n|-weather|SunnyDay|[upkeep]\n|upkeep\n|turn|5\n|\n|t:|1683740300\n|switch|p1a: Oink|Amoonguss, L50, F|100\/100\n|-terastallize|p1b: Grabby Gabby|Grass\n|move|p2a: Indeedee|Follow Me|p2a: Indeedee\n|-singleturn|p2a: Indeedee|move: Follow Me\n|move|p2b: Flutter Mane|Dazzling Gleam|p1b: Grabby Gabby|[spread] p1a,p1b\n|-resisted|p1a: Oink\n|-damage|p1a: Oink|78\/100\n|-damage|p1b: Grabby Gabby|63\/100\n|-damage|p2b: Flutter Mane|45\/100|[from] item: Life Orb\n|move|p1b: Grabby Gabby|Swords Dance|p1b: Grabby Gabby\n|-boost|p1b: Grabby Gabby|atk|2\n|\n|-weather|SunnyDay|[upkeep]\n|upkeep\n|turn|6\n|inactive|Eisenbundel has 30 seconds left.\n|inactive|Eisenbundel has 20 seconds left.\n|inactive|Eisenbundel has 15 seconds left.\n|\n|t:|1683740343\n|-end|p2b: Flutter Mane|Protosynthesis|[silent]\n|switch|p2b: Torkoal|Torkoal, L50, F|82\/100\n|move|p1b: Grabby Gabby|Wild Charge|p2b: Torkoal\n|-damage|p2b: Torkoal|4\/100\n|-damage|p1b: Grabby Gabby|47\/100|[from] Recoil\n|move|p1a: Oink|Spore|p2a: Indeedee\n|-activate|p2a: Indeedee|item: Safety Goggles|Spore\n|move|p2a: Indeedee|Trick Room|p2a: Indeedee\n|-fieldstart|move: Trick Room|[of] p2a: Indeedee\n|\n|-weather|none\n|upkeep\n|turn|7\n|inactive|Eisenbundel has 30 seconds left.\n|\n|t:|1683740369\n|move|p2b: Torkoal|Flamethrower|p1b: Grabby Gabby\n|-supereffective|p1b: Grabby Gabby\n|-damage|p1b: Grabby Gabby|0 fnt\n|faint|p1b: Grabby Gabby\n|-end|p1b: Grabby Gabby|Quark Drive|[silent]\n|move|p1a: Oink|Pollen Puff|p1: Grabby Gabby|[notarget]\n|-fail|p1a: Oink\n|move|p2a: Indeedee|Trick Room|p2a: Indeedee\n|-fieldend|move: Trick Room\n|\n|upkeep\n|\n|t:|1683740376\n|switch|p1b: Yoyo|Azumarill, L50, M|13\/100\n|turn|8\n|\n|t:|1683740387\n|move|p2a: Indeedee|Follow Me|p2a: Indeedee\n|-singleturn|p2a: Indeedee|move: Follow Me\n|move|p1b: Yoyo|Play Rough|p2a: Indeedee\n|-damage|p2a: Indeedee|0 fnt\n|faint|p2a: Indeedee\n|move|p1a: Oink|Pollen Puff|p1b: Yoyo\n|-heal|p1b: Yoyo|63\/100\n|move|p2b: Torkoal|Earth Power|p1b: Yoyo\n|-damage|p1b: Yoyo|45\/100\n|\n|upkeep\n|\n|t:|1683740399\n|switch|p2a: Great Tusk|Great Tusk, L50|100\/100\n|turn|9\n|\n|t:|1683740408\n|move|p2b: Torkoal|Helping Hand|p2a: Great Tusk\n|-singleturn|p2a: Great Tusk|Helping Hand|[of] p2b: Torkoal\n|move|p2a: Great Tusk|Earthquake|p1a: Oink|[spread] p2b,p1a,p1b\n|-supereffective|p2b: Torkoal\n|-damage|p2b: Torkoal|0 fnt\n|-damage|p1a: Oink|6\/100\n|-damage|p1b: Yoyo|0 fnt\n|faint|p2b: Torkoal\n|faint|p1b: Yoyo\n|move|p1a: Oink|Pollen Puff|p1: Yoyo|[notarget]\n|-fail|p1a: Oink\n|\n|upkeep\n|\n|t:|1683740417\n|switch|p2b: Flutter Mane|Flutter Mane, L50|45\/100\n|turn|10\n|c|\u2606Lewlo|gg\n|-message|Lewlo forfeited.\n|\n|win|Eisenbundel\n|raw|Lewlo's rating: 1221 → 1201<\/strong> (-20 for losing)\n|raw|Eisenbundel's rating: 1291 → 1311<\/strong> (+20 for winning)\n|l|\u2606Lewlo\n|c|\u2606Eisenbundel|gg\n","uploadtime":1683740427,"views":9,"p1id":"lewlo","p2id":"eisenbundel","formatid":"gen9vgc2023regulationc","rating":1201,"private":0,"password":""}