{"id":"gen9vgc2023regulationc-1857424877","p1":"SIGYLYFH","p2":"NickNoName","format":"[Gen 9] VGC 2023 Regulation C","log":"|j|\u2606SIGYLYFH\n|j|\u2606NickNoName\n|t:|1683191032\n|gametype|doubles\n|player|p1|SIGYLYFH|fisherman-gen4|1080\n|player|p2|NickNoName|1|1077\n|teamsize|p1|6\n|teamsize|p2|6\n|gen|9\n|tier|[Gen 9] VGC 2023 Regulation C\n|rated|\n|rule|Species Clause: Limit one of each Pok\u00e9mon\n|rule|Item Clause: Limit one of each item\n|clearpoke\n|poke|p1|Iron Hands, L50|\n|poke|p1|Amoonguss, L50, F|\n|poke|p1|Pelipper, L50, F|\n|poke|p1|Palafin, L50, M|\n|poke|p1|Dragonite, L50, M|\n|poke|p1|Chien-Pao, L50|\n|poke|p2|Toedscruel, L50, F|\n|poke|p2|Flutter Mane, L50|\n|poke|p2|Chien-Pao, L50|\n|poke|p2|Espathra, L50, M|\n|poke|p2|Chi-Yu, L50|\n|poke|p2|Iron Hands, L50|\n|teampreview|4\nSIGYLYFH has agreed to open team sheets.\n|inactive|Battle timer is ON: inactive players will automatically lose when time's up. (requested by SIGYLYFH)\n|inactive|SIGYLYFH has 60 seconds left.\n|\n|t:|1683191074\n|start\n|switch|p1a: Chien-Pao|Chien-Pao, L50|100\/100\n|switch|p1b: Aslunguss|Amoonguss, L50, F, shiny|100\/100\n|switch|p2a: Toedscruel|Toedscruel, L50, F|100\/100\n|switch|p2b: Espathra|Espathra, L50, M|100\/100\n|-ability|p1a: Chien-Pao|Sword of Ruin\n|turn|1\n|inactive|SIGYLYFH has 30 seconds left.\n|\n|t:|1683191104\n|-terastallize|p2a: Toedscruel|Steel\n|move|p2a: Toedscruel|Rage Powder|p2a: Toedscruel\n|-singleturn|p2a: Toedscruel|move: Rage Powder\n|move|p1a: Chien-Pao|Ice Spinner|p2a: Toedscruel\n|-resisted|p2a: Toedscruel\n|-damage|p2a: Toedscruel|71\/100\n|-damage|p1a: Chien-Pao|91\/100|[from] item: Life Orb\n|move|p2b: Espathra|Skill Swap|p2a: Toedscruel\n|-activate|p2b: Espathra|move: Skill Swap|||[of] p2a: Toedscruel\n|move|p1b: Aslunguss|Spore|p2b: Espathra\n|-status|p2b: Espathra|slp|[from] move: Spore\n|\n|-ability|p2a: Toedscruel|Speed Boost|boost\n|-boost|p2a: Toedscruel|spe|1\n|upkeep\n|turn|2\n|\n|t:|1683191124\n|switch|p1a: Postit|Iron Hands, L50|100\/100\n|move|p1b: Aslunguss|Protect|p1b: Aslunguss\n|-singleturn|p1b: Aslunguss|Protect\n|move|p2a: Toedscruel|Spore|p1a: Postit\n|-status|p1a: Postit|slp|[from] move: Spore\n|cant|p2b: Espathra|slp\n|\n|-ability|p2a: Toedscruel|Speed Boost|boost\n|-boost|p2a: Toedscruel|spe|1\n|upkeep\n|turn|3\n|\n|t:|1683191138\n|move|p2a: Toedscruel|Leech Seed|p1a: Postit\n|-start|p1a: Postit|move: Leech Seed\n|cant|p2b: Espathra|slp\n|cant|p1a: Postit|slp\n|move|p1b: Aslunguss|Pollen Puff|p2b: Espathra\n|-supereffective|p2b: Espathra\n|-damage|p2b: Espathra|48\/100 slp\n|\n|-damage|p1a: Postit|88\/100 slp|[from] Leech Seed|[of] p2a: Toedscruel\n|-heal|p2a: Toedscruel|87\/100|[silent]\n|-ability|p2a: Toedscruel|Speed Boost|boost\n|-boost|p2a: Toedscruel|spe|1\n|upkeep\n|turn|4\n|inactive|NickNoName has 30 seconds left.\n|\n|t:|1683191166\n|move|p2a: Toedscruel|Foul Play|p1a: Postit\n|-resisted|p1a: Postit\n|-damage|p1a: Postit|76\/100 slp\n|-curestatus|p2b: Espathra|slp|[msg]\n|move|p2b: Espathra|Lumina Crash|p1b: Aslunguss\n|-supereffective|p1b: Aslunguss\n|-crit|p1b: Aslunguss\n|-damage|p1b: Aslunguss|27\/100\n|-unboost|p1b: Aslunguss|spd|2\n|-enditem|p1b: Aslunguss|Sitrus Berry|[eat]\n|-heal|p1b: Aslunguss|52\/100|[from] item: Sitrus Berry\n|cant|p1a: Postit|slp\n|move|p1b: Aslunguss|Pollen Puff|p2b: Espathra\n|-supereffective|p2b: Espathra\n|-damage|p2b: Espathra|0 fnt\n|faint|p2b: Espathra\n|\n|-damage|p1a: Postit|64\/100 slp|[from] Leech Seed|[of] p2a: Toedscruel\n|-heal|p2a: Toedscruel|100\/100|[silent]\n|-ability|p2a: Toedscruel|Speed Boost|boost\n|-boost|p2a: Toedscruel|spe|1\n|upkeep\n|\n|t:|1683191181\n|switch|p2b: Flutter Mane|Flutter Mane, L50, shiny|100\/100\n|-enditem|p2b: Flutter Mane|Booster Energy\n|-activate|p2b: Flutter Mane|ability: Protosynthesis|[fromitem]\n|-start|p2b: Flutter Mane|protosynthesisspe\n|turn|5\n|inactive|SIGYLYFH has 30 seconds left.\n|inactive|SIGYLYFH has 20 seconds left.\n|\n|t:|1683191218\n|-end|p1a: Postit|Quark Drive|[silent]\n|switch|p1a: Torqoise|Palafin, L50, M|100\/100\n|move|p1b: Aslunguss|Protect|p1b: Aslunguss\n|-singleturn|p1b: Aslunguss|Protect\n|move|p2a: Toedscruel|Rage Powder|p2a: Toedscruel\n|-singleturn|p2a: Toedscruel|move: Rage Powder\n|move|p2b: Flutter Mane|Substitute|p2b: Flutter Mane\n|-start|p2b: Flutter Mane|Substitute\n|-damage|p2b: Flutter Mane|76\/100\n|\n|-ability|p2a: Toedscruel|Speed Boost|boost\n|-boost|p2a: Toedscruel|spe|1\n|upkeep\n|turn|6\n|\n|t:|1683191243\n|switch|p1b: Postit|Iron Hands, L50|64\/100 slp\n|move|p1a: Torqoise|Protect|p1a: Torqoise\n|-singleturn|p1a: Torqoise|Protect\n|move|p2a: Toedscruel|Spore|p1a: Torqoise\n|-activate|p1a: Torqoise|move: Protect\n|move|p2b: Flutter Mane|Dazzling Gleam|p1b: Postit|[spread] p1b\n|-activate|p1a: Torqoise|move: Protect\n|-supereffective|p1b: Postit\n|-damage|p1b: Postit|34\/100 slp\n|\n|-ability|p2a: Toedscruel|Speed Boost|boost\n|-boost|p2a: Toedscruel|spe|1\n|upkeep\n|turn|7\n|inactive|SIGYLYFH has 30 seconds left.\n|inactive|NickNoName has 30 seconds left.\n|\n|t:|1683191271\n|detailschange|p1a: Torqoise|Palafin-Hero, L50, M\n|switch|p1a: Aslunguss|Amoonguss, L50, F, shiny|85\/100\n|move|p2a: Toedscruel|Leech Seed|p1a: Aslunguss\n|-immune|p1a: Aslunguss\n|move|p2b: Flutter Mane|Dazzling Gleam|p1b: Postit|[spread] p1a,p1b\n|-resisted|p1a: Aslunguss\n|-supereffective|p1b: Postit\n|-damage|p1a: Aslunguss|75\/100\n|-damage|p1b: Postit|5\/100 slp\n|cant|p1b: Postit|slp\n|\n|upkeep\n|turn|8\n|inactive|SIGYLYFH has 30 seconds left.\n|\n|t:|1683191305\n|-end|p1b: Postit|Quark Drive|[silent]\n|switch|p1b: Torqoise|Palafin-Hero, L50, M|100\/100\n|-activate|p1b: Torqoise|ability: Zero to Hero\n|move|p2a: Toedscruel|Foul Play|p1a: Aslunguss\n|-damage|p1a: Aslunguss|62\/100\n|move|p2b: Flutter Mane|Dazzling Gleam|p1a: Aslunguss|[spread] p1a,p1b\n|-resisted|p1a: Aslunguss\n|-damage|p1a: Aslunguss|51\/100\n|-damage|p1b: Torqoise|70\/100\n|move|p1a: Aslunguss|Spore|p2a: Toedscruel\n|-status|p2a: Toedscruel|slp|[from] move: Spore\n|\n|upkeep\n|turn|9\n|\n|t:|1683191326\n|cant|p2a: Toedscruel|slp\n|move|p2b: Flutter Mane|Shadow Ball|p1b: Torqoise\n|-damage|p1b: Torqoise|31\/100\n|-unboost|p1b: Torqoise|spd|1\n|move|p1b: Torqoise|Haze|p1b: Torqoise\n|-clearallboost\n|move|p1a: Aslunguss|Pollen Puff|p1b: Torqoise\n|-heal|p1b: Torqoise|81\/100\n|\n|-ability|p2a: Toedscruel|Speed Boost|boost\n|-boost|p2a: Toedscruel|spe|1\n|upkeep\n|turn|10\n|inactive|SIGYLYFH has 30 seconds left.\n|\n|t:|1683191359\n|switch|p1a: Chien-Pao|Chien-Pao, L50|91\/100\n|-ability|p1a: Chien-Pao|Sword of Ruin\n|-terastallize|p1b: Torqoise|Water\n|move|p1b: Torqoise|Jet Punch|p2b: Flutter Mane\n|-end|p2b: Flutter Mane|Substitute\n|move|p2b: Flutter Mane|Shadow Ball|p1b: Torqoise\n|-damage|p1b: Torqoise|43\/100\n|-unboost|p1b: Torqoise|spd|1\n|cant|p2a: Toedscruel|slp\n|\n|-ability|p2a: Toedscruel|Speed Boost|boost\n|-boost|p2a: Toedscruel|spe|1\n|upkeep\n|turn|11\n|inactive|SIGYLYFH has 30 seconds left.\n|inactive|SIGYLYFH has 20 seconds left.\n|inactive|NickNoName has 30 seconds left.\n|inactive|SIGYLYFH has 15 seconds left.\n|\n|t:|1683191400\n|switch|p1a: Aslunguss|Amoonguss, L50, F, shiny|84\/100\n|move|p2b: Flutter Mane|Protect|p2b: Flutter Mane\n|-singleturn|p2b: Flutter Mane|Protect\n|move|p1b: Torqoise|Jet Punch|p2b: Flutter Mane\n|-activate|p2b: Flutter Mane|move: Protect\n|-curestatus|p2a: Toedscruel|slp|[msg]\n|move|p2a: Toedscruel|Spore|p1b: Torqoise\n|-status|p1b: Torqoise|slp|[from] move: Spore\n|\n|-ability|p2a: Toedscruel|Speed Boost|boost\n|-boost|p2a: Toedscruel|spe|1\n|upkeep\n|turn|12\n|\n|t:|1683191418\n|switch|p1b: Postit|Iron Hands, L50|5\/100 slp\n|move|p2a: Toedscruel|Leech Seed|p1b: Postit\n|-start|p1b: Postit|move: Leech Seed\n|move|p2b: Flutter Mane|Dazzling Gleam|p1a: Aslunguss|[spread] p1a,p1b\n|-resisted|p1a: Aslunguss\n|-supereffective|p1b: Postit\n|-damage|p1a: Aslunguss|73\/100\n|-damage|p1b: Postit|0 fnt\n|faint|p1b: Postit\n|-end|p1b: Postit|Quark Drive|[silent]\n|move|p1a: Aslunguss|Pollen Puff|p1: Postit|[notarget]\n|-fail|p1a: Aslunguss\n|\n|-ability|p2a: Toedscruel|Speed Boost|boost\n|-boost|p2a: Toedscruel|spe|1\n|upkeep\n|\n|t:|1683191432\n|switch|p1b: Torqoise|Palafin-Hero, L50, M, tera:Water|43\/100 slp\n|turn|13\n|\n|t:|1683191444\n|cant|p1b: Torqoise|slp\n|move|p2a: Toedscruel|Leech Seed|p1b: Torqoise\n|-start|p1b: Torqoise|move: Leech Seed\n|move|p2b: Flutter Mane|Dazzling Gleam|p1a: Aslunguss|[spread] p1a,p1b\n|-resisted|p1a: Aslunguss\n|-damage|p1a: Aslunguss|61\/100\n|-damage|p1b: Torqoise|13\/100 slp\n|move|p1a: Aslunguss|Spore|p2b: Flutter Mane\n|-status|p2b: Flutter Mane|slp|[from] move: Spore\n|\n|-damage|p1b: Torqoise|1\/100 slp|[from] Leech Seed|[of] p2a: Toedscruel\n|-ability|p2a: Toedscruel|Speed Boost|boost\n|-boost|p2a: Toedscruel|spe|1\n|upkeep\n|turn|14\n|\n|t:|1683191468\n|-end|p2b: Flutter Mane|Protosynthesis|[silent]\n|switch|p2b: Chi-Yu|Chi-Yu, L50|100\/100\n|-ability|p2b: Chi-Yu|Beads of Ruin\n|cant|p1b: Torqoise|slp\n|move|p2a: Toedscruel|Foul Play|p1a: Aslunguss\n|-damage|p1a: Aslunguss|48\/100\n|move|p1a: Aslunguss|Pollen Puff|p1b: Torqoise\n|-heal|p1b: Torqoise|51\/100 slp\n|\n|-damage|p1b: Torqoise|39\/100 slp|[from] Leech Seed|[of] p2a: Toedscruel\n|-ability|p2a: Toedscruel|Speed Boost|boost\n|-boost|p2a: Toedscruel|spe|1\n|upkeep\n|turn|15\n|\n|t:|1683191486\n|switch|p1a: Chien-Pao|Chien-Pao, L50|91\/100\n|-ability|p1a: Chien-Pao|Sword of Ruin\n|-curestatus|p1b: Torqoise|slp|[msg]\n|move|p1b: Torqoise|Jet Punch|p2b: Chi-Yu\n|-supereffective|p2b: Chi-Yu\n|-damage|p2b: Chi-Yu|0 fnt\n|faint|p2b: Chi-Yu\n|move|p2a: Toedscruel|Foul Play|p1b: Torqoise\n|-damage|p1b: Torqoise|0 fnt\n|faint|p1b: Torqoise\n|\n|upkeep\n|\n|t:|1683191496\n|switch|p2b: Flutter Mane|Flutter Mane, L50, shiny|76\/100 slp\n|switch|p1b: Aslunguss|Amoonguss, L50, F, shiny|81\/100\n|turn|16\n|\n|t:|1683191512\n|move|p1a: Chien-Pao|Protect|p1a: Chien-Pao\n|-singleturn|p1a: Chien-Pao|Protect\n|move|p2a: Toedscruel|Spore|p1a: Chien-Pao\n|-activate|p1a: Chien-Pao|move: Protect\n|cant|p2b: Flutter Mane|slp\n|move|p1b: Aslunguss|Spore|p2a: Toedscruel\n|-status|p2a: Toedscruel|slp|[from] move: Spore\n|\n|upkeep\n|turn|17\n|\n|t:|1683191531\n|move|p1a: Chien-Pao|Sucker Punch||[still]\n|-fail|p1a: Chien-Pao\n|cant|p2a: Toedscruel|slp\n|-curestatus|p2b: Flutter Mane|slp|[msg]\n|move|p2b: Flutter Mane|Substitute|p2b: Flutter Mane\n|-start|p2b: Flutter Mane|Substitute\n|-damage|p2b: Flutter Mane|52\/100\n|move|p1b: Aslunguss|Spore||[still]\n|-fail|p1b: Aslunguss\n|\n|upkeep\n|turn|18\n|\n|t:|1683191543\n|move|p1a: Chien-Pao|Sucker Punch|p2b: Flutter Mane\n|-end|p2b: Flutter Mane|Substitute\n|-damage|p1a: Chien-Pao|81\/100|[from] item: Life Orb\n|cant|p2a: Toedscruel|slp\n|move|p2b: Flutter Mane|Dazzling Gleam|p1b: Aslunguss|[spread] p1a,p1b\n|-supereffective|p1a: Chien-Pao\n|-crit|p1a: Chien-Pao\n|-resisted|p1b: Aslunguss\n|-damage|p1a: Chien-Pao|0 fnt\n|-damage|p1b: Aslunguss|70\/100\n|faint|p1a: Chien-Pao\n|move|p1b: Aslunguss|Spore|p2b: Flutter Mane\n|-status|p2b: Flutter Mane|slp|[from] move: Spore\n|\n|upkeep\n|turn|19\n|inactive|NickNoName has 30 seconds left.\n|\n|t:|1683191573\n|cant|p2a: Toedscruel|slp\n|cant|p2b: Flutter Mane|slp\n|move|p1b: Aslunguss|Pollen Puff|p2b: Flutter Mane\n|-resisted|p2b: Flutter Mane\n|-damage|p2b: Flutter Mane|47\/100 slp\n|\n|upkeep\n|turn|20\n|l|\u2606SIGYLYFH\n|inactive|SIGYLYFH disconnected and has a minute to reconnect!\n|player|p1|\n|inactive|SIGYLYFH has 30 seconds left.\n|inactive|SIGYLYFH has 20 seconds left.\n|inactive|SIGYLYFH has 15 seconds left.\n|inactive|SIGYLYFH has 10 seconds left.\n|inactive|SIGYLYFH has 5 seconds left.\n|-message|SIGYLYFH lost due to inactivity.\n|\n|win|NickNoName\n|inactive|SIGYLYFH has 5 seconds left this turn.\n|raw|SIGYLYFH's rating: 1080 → 1058<\/strong> (-22 for losing)\n|raw|NickNoName's rating: 1077 → 1106<\/strong> (+29 for winning)\n","uploadtime":1683191632,"views":6,"p1id":"sigylyfh","p2id":"nicknoname","formatid":"gen9vgc2023regulationc","rating":1058,"private":0,"password":""}