{"id":"gen9vgc2023regulationc-1847171649","p1":"lgnphh","p2":"darlingtonia","format":"[Gen 9] VGC 2023 Regulation C","log":"|j|\u2606lgnphh\n|j|\u2606darlingtonia\n|t:|1681924944\n|gametype|doubles\n|player|p1|lgnphh|misty|1099\n|player|p2|darlingtonia|proton|1065\n|teamsize|p1|6\n|teamsize|p2|6\n|gen|9\n|tier|[Gen 9] VGC 2023 Regulation C\n|rated|\n|rule|Species Clause: Limit one of each Pok\u00e9mon\n|rule|Item Clause: Limit one of each item\n|clearpoke\n|poke|p1|Annihilape, L50, F|\n|poke|p1|Maushold-Four, L50|\n|poke|p1|Arcanine, L50, F|\n|poke|p1|Ting-Lu, L50|\n|poke|p1|Flutter Mane, L50|\n|poke|p1|Palafin, L50, F|\n|poke|p2|Chi-Yu, L50|\n|poke|p2|Palafin, L50, F|\n|poke|p2|Amoonguss, L50, F|\n|poke|p2|Glimmora, L50, M|\n|poke|p2|Flutter Mane, L50|\n|poke|p2|Dragonite, L50, F|\n|teampreview|4\n|\n|t:|1681924970\n|start\n|switch|p1a: Maushold|Maushold-Four, L50, shiny|100\/100\n|switch|p1b: Palafin|Palafin, L50, F|100\/100\n|switch|p2a: Chi-Yu|Chi-Yu, L50|100\/100\n|switch|p2b: Flutter Mane|Flutter Mane, L50|100\/100\n|-ability|p2a: Chi-Yu|Beads of Ruin\n|turn|1\n|\n|t:|1681925003\n|-terastallize|p2b: Flutter Mane|Fairy\n|-terastallize|p1b: Palafin|Water\n|move|p1a: Maushold|Protect|p1a: Maushold\n|-singleturn|p1a: Maushold|Protect\n|move|p1b: Palafin|Jet Punch|p2a: Chi-Yu\n|-supereffective|p2a: Chi-Yu\n|-damage|p2a: Chi-Yu|0 fnt\n|faint|p2a: Chi-Yu\n|move|p2b: Flutter Mane|Substitute|p2b: Flutter Mane\n|-start|p2b: Flutter Mane|Substitute\n|-damage|p2b: Flutter Mane|76\/100\n|\n|-heal|p2b: Flutter Mane|82\/100|[from] item: Leftovers\n|upkeep\n|\n|t:|1681925016\n|switch|p2a: Glimmora|Glimmora, L50, M|100\/100\n|turn|2\n|\n|t:|1681925023\n|detailschange|p1b: Palafin|Palafin-Hero, L50, F, tera:Water\n|switch|p1b: Annihilape|Annihilape, L50, F, shiny|100\/100\n|move|p2a: Glimmora|Spiky Shield|p2a: Glimmora\n|-singleturn|p2a: Glimmora|move: Protect\n|move|p1a: Maushold|Beat Up|p1b: Annihilape\n|-damage|p1b: Annihilape|99\/100\n|-damage|p1b: Annihilape|96\/100\n|-damage|p1b: Annihilape|93\/100\n|-damage|p1b: Annihilape|91\/100\n|-hitcount|p1b: Annihilape|4\n|move|p2b: Flutter Mane|Dazzling Gleam|p1b: Annihilape|[spread] p1a,p1b\n|-supereffective|p1b: Annihilape\n|-damage|p1a: Maushold|47\/100\n|-damage|p1b: Annihilape|37\/100\n|\n|-heal|p2b: Flutter Mane|87\/100|[from] item: Leftovers\n|-heal|p1b: Annihilape|43\/100|[from] item: Leftovers\n|upkeep\n|turn|3\n|\n|t:|1681925048\n|move|p1b: Annihilape|Protect|p1b: Annihilape\n|-singleturn|p1b: Annihilape|Protect\n|move|p1a: Maushold|Follow Me|p1a: Maushold\n|-singleturn|p1a: Maushold|move: Follow Me\n|move|p2b: Flutter Mane|Dazzling Gleam|p1b: Annihilape|[spread] p1a\n|-activate|p1b: Annihilape|move: Protect\n|-damage|p1a: Maushold|0 fnt\n|faint|p1a: Maushold\n|move|p2a: Glimmora|Power Gem|p1b: Annihilape\n|-activate|p1b: Annihilape|move: Protect\n|\n|-heal|p2b: Flutter Mane|93\/100|[from] item: Leftovers\n|-heal|p1b: Annihilape|49\/100|[from] item: Leftovers\n|upkeep\n|\n|t:|1681925063\n|switch|p1a: Flutter Mane|Flutter Mane, L50|100\/100\n|turn|4\n|\n|t:|1681925076\n|move|p1a: Flutter Mane|Dazzling Gleam|p2a: Glimmora|[spread] p2a,p2b\n|-crit|p2b: Flutter Mane\n|-end|p2b: Flutter Mane|Substitute\n|-resisted|p2a: Glimmora\n|-damage|p2a: Glimmora|68\/100\n|move|p2b: Flutter Mane|Shadow Ball|p1a: Flutter Mane\n|-supereffective|p1a: Flutter Mane\n|-damage|p1a: Flutter Mane|12\/100\n|move|p2a: Glimmora|Sludge Bomb|p1a: Flutter Mane\n|-damage|p1a: Flutter Mane|0 fnt\n|faint|p1a: Flutter Mane\n|-end|p1a: Flutter Mane|Protosynthesis|[silent]\n|move|p1b: Annihilape|Drain Punch|p2a: Glimmora\n|-damage|p2a: Glimmora|24\/100\n|-heal|p1b: Annihilape|65\/100|[from] drain|[of] p2a: Glimmora\n|-activate|p2a: Glimmora|ability: Toxic Debris\n|-sidestart|p1: lgnphh|move: Toxic Spikes\n|\n|-heal|p2b: Flutter Mane|99\/100|[from] item: Leftovers\n|-heal|p1b: Annihilape|71\/100|[from] item: Leftovers\n|upkeep\n|\n|t:|1681925091\n|switch|p1a: Palafin|Palafin-Hero, L50, F, tera:Water|100\/100\n|-status|p1a: Palafin|psn\n|-activate|p1a: Palafin|ability: Zero to Hero\n|turn|5\n|\n|t:|1681925112\n|move|p2a: Glimmora|Spiky Shield|p2a: Glimmora\n|-singleturn|p2a: Glimmora|move: Protect\n|move|p1a: Palafin|Jet Punch|p2b: Flutter Mane\n|-crit|p2b: Flutter Mane\n|-damage|p2b: Flutter Mane|0 fnt\n|faint|p2b: Flutter Mane\n|-end|p2b: Flutter Mane|Protosynthesis|[silent]\n|move|p1b: Annihilape|Bulk Up|p1b: Annihilape\n|-boost|p1b: Annihilape|atk|1\n|-boost|p1b: Annihilape|def|1\n|\n|-heal|p1b: Annihilape|77\/100|[from] item: Leftovers\n|-damage|p1a: Palafin|88\/100 psn|[from] psn\n|upkeep\n|\n|t:|1681925123\n|switch|p2b: Dragonite|Dragonite, L50, F|100\/100\n|turn|6\n|\n|t:|1681925141\n|move|p1b: Annihilape|Protect|p1b: Annihilape\n|-singleturn|p1b: Annihilape|Protect\n|move|p1a: Palafin|Jet Punch|p2a: Glimmora\n|-supereffective|p2a: Glimmora\n|-damage|p2a: Glimmora|0 fnt\n|-activate|p2a: Glimmora|ability: Toxic Debris\n|-sidestart|p1: lgnphh|move: Toxic Spikes\n|faint|p2a: Glimmora\n|move|p2b: Dragonite|Stomping Tantrum|p1a: Palafin\n|-damage|p1a: Palafin|49\/100 psn\n|\n|-heal|p1b: Annihilape|83\/100|[from] item: Leftovers\n|-damage|p1a: Palafin|37\/100 psn|[from] psn\n|upkeep\n|turn|7\n|\n|t:|1681925155\n|move|p1a: Palafin|Jet Punch|p2b: Dragonite\n|-resisted|p2b: Dragonite\n|-damage|p2b: Dragonite|60\/100\n|move|p2b: Dragonite|Stomping Tantrum|p1a: Palafin\n|-damage|p1a: Palafin|0 fnt\n|faint|p1a: Palafin\n|move|p1b: Annihilape|Rage Fist|p2b: Dragonite\n|-damage|p2b: Dragonite|0 fnt\n|faint|p2b: Dragonite\n|\n|win|lgnphh\n|raw|lgnphh's rating: 1099 → 1122<\/strong> (+23 for winning)\n|raw|darlingtonia's rating: 1065 → 1047<\/strong> (-18 for losing)\n|l|\u2606lgnphh\n","uploadtime":1681925171,"views":6,"p1id":"lgnphh","p2id":"darlingtonia","formatid":"gen9vgc2023regulationc","rating":1047,"private":0,"password":""}