{"id":"gen9vgc2023regulationc-1850049508","p1":"Kojiiii","p2":"valintino","format":"[Gen 9] VGC 2023 Regulation C","log":"|j|\u2606Kojiiii\n|j|\u2606valintino\n|t:|1682281718\n|gametype|doubles\n|player|p1|Kojiiii|1|1352\n|player|p2|valintino|169|1305\n|teamsize|p1|6\n|teamsize|p2|6\n|gen|9\n|tier|[Gen 9] VGC 2023 Regulation C\n|rated|\n|rule|Species Clause: Limit one of each Pok\u00e9mon\n|rule|Item Clause: Limit one of each item\n|clearpoke\n|poke|p1|Hatterene, L50, F|\n|poke|p1|Indeedee-F, L50, F|\n|poke|p1|Torkoal, L50, M|\n|poke|p1|Kingambit, L50, F|\n|poke|p1|Dondozo, L50, F|\n|poke|p1|Tatsugiri, L50, F|\n|poke|p2|Ting-Lu, L50|\n|poke|p2|Dondozo, L50, M|\n|poke|p2|Medicham, L50, M|\n|poke|p2|Lycanroc-Midnight, L50, F|\n|poke|p2|Cryogonal, L50|\n|poke|p2|Tauros-Paldea-Blaze, L50, M|\n|teampreview|4\n|\n|t:|1682281752\n|start\n|switch|p1a: Heerashai|Dondozo, L50, F|100\/100\n|switch|p1b: Servol|Indeedee-F, L50, F|100\/100\n|switch|p2a: Dondozo|Dondozo, L50, M|100\/100\n|switch|p2b: Ting-Lu|Ting-Lu, L50|100\/100\n|-fieldstart|move: Psychic Terrain|[from] ability: Psychic Surge|[of] p1b: Servol\n|-enditem|p1b: Servol|Psychic Seed\n|-boost|p1b: Servol|spd|1|[from] item: Psychic Seed\n|-ability|p2b: Ting-Lu|Vessel of Ruin\n|turn|1\n|\n|t:|1682281783\n|switch|p1b: Nigiragi|Tatsugiri, L50, F|100\/100\n|-activate|p1b: Nigiragi|ability: Commander|[of] p1a: Heerashai\n|-boost|p1a: Heerashai|atk|2\n|-boost|p1a: Heerashai|spa|2\n|-boost|p1a: Heerashai|spe|2\n|-boost|p1a: Heerashai|def|2\n|-boost|p1a: Heerashai|spd|2\n|-terastallize|p2b: Ting-Lu|Grass\n|move|p2a: Dondozo|Substitute|p2a: Dondozo\n|-start|p2a: Dondozo|Substitute\n|-damage|p2a: Dondozo|76\/100\n|move|p2b: Ting-Lu|Ruination|p1a: Heerashai\n|-damage|p1a: Heerashai|51\/100\n|move|p1a: Heerashai|Wave Crash|p2b: Ting-Lu\n|-resisted|p2b: Ting-Lu\n|-damage|p2b: Ting-Lu|53\/100\n|-damage|p1a: Heerashai|36\/100|[from] Recoil\n|\n|-heal|p2a: Dondozo|82\/100|[from] item: Leftovers\n|upkeep\n|turn|2\n|\n|t:|1682281809\n|move|p2a: Dondozo|Fissure|p1a: Heerashai|[miss]\n|-miss|p2a: Dondozo|p1a: Heerashai\n|move|p2b: Ting-Lu|Fissure|p1a: Heerashai|[miss]\n|-miss|p2b: Ting-Lu|p1a: Heerashai\n|move|p1a: Heerashai|Wave Crash|p2b: Ting-Lu\n|-resisted|p2b: Ting-Lu\n|-damage|p2b: Ting-Lu|3\/100\n|-damage|p1a: Heerashai|20\/100|[from] Recoil\n|\n|-heal|p2a: Dondozo|88\/100|[from] item: Leftovers\n|upkeep\n|turn|3\n|c|\u2606Kojiiii|Ting Lu and sun fissure lol you\u2019re a great person \ud83e\udd23\ud83e\udd23\ud83e\udd23\ud83e\udd23\ud83e\udd23\n|\n|t:|1682281836\n|move|p2a: Dondozo|Wave Crash|p1a: Heerashai\n|-resisted|p1a: Heerashai\n|-damage|p1a: Heerashai|6\/100\n|-damage|p2a: Dondozo|83\/100|[from] Recoil\n|move|p2b: Ting-Lu|Stomping Tantrum|p1a: Heerashai\n|-damage|p1a: Heerashai|0 fnt\n|faint|p1a: Heerashai\n|\n|-heal|p2a: Dondozo|89\/100|[from] item: Leftovers\n|upkeep\n|\n|t:|1682281847\n|switch|p1a: Servol|Indeedee-F, L50, F|100\/100\n|turn|4\n|\n|t:|1682281860\n|-terastallize|p1a: Servol|Grass\n|move|p1b: Nigiragi|Muddy Water|p2a: Dondozo|[spread] p2b\n|-miss|p1b: Nigiragi|p2a: Dondozo\n|-resisted|p2b: Ting-Lu\n|-crit|p2b: Ting-Lu\n|-damage|p2b: Ting-Lu|0 fnt\n|faint|p2b: Ting-Lu\n|move|p2a: Dondozo|Fissure|p1a: Servol\n|-damage|p1a: Servol|0 fnt\n|faint|p1a: Servol\n|-ohko\n|\n|-heal|p2a: Dondozo|96\/100|[from] item: Leftovers\n|upkeep\n|\n|t:|1682281876\n|switch|p1a: Silembrim|Hatterene, L50, F|100\/100\n|switch|p2b: Cryogonal|Cryogonal, L50|100\/100\n|turn|5\n|\n|t:|1682281884\n|move|p1b: Nigiragi|Muddy Water|p2a: Dondozo|[spread] p2a\n|-miss|p1b: Nigiragi|p2b: Cryogonal\n|-resisted|p2a: Dondozo\n|-activate|p2a: Dondozo|move: Substitute|[damage]\n|move|p2b: Cryogonal|Sheer Cold|p1a: Silembrim|[miss]\n|-miss|p2b: Cryogonal|p1a: Silembrim\n|move|p2a: Dondozo|Fissure|p1a: Silembrim|[miss]\n|-miss|p2a: Dondozo|p1a: Silembrim\n|move|p1a: Silembrim|Trick Room|p1a: Silembrim\n|-fieldstart|move: Trick Room|[of] p1a: Silembrim\n|\n|-heal|p2a: Dondozo|100\/100|[from] item: Leftovers\n|-fieldend|move: Psychic Terrain\n|upkeep\n|turn|6\n|c|\u2606valintino|it gets better lol\n|\n|t:|1682281903\n|move|p1a: Silembrim|Psychic|p2a: Dondozo\n|-end|p2a: Dondozo|Substitute\n|-damage|p1a: Silembrim|91\/100|[from] item: Life Orb\n|move|p2a: Dondozo|Fissure|p1a: Silembrim\n|-damage|p1a: Silembrim|0 fnt\n|faint|p1a: Silembrim\n|-ohko\n|move|p2b: Cryogonal|Sheer Cold|p1b: Nigiragi|[miss]\n|-miss|p2b: Cryogonal|p1b: Nigiragi\n|move|p1b: Nigiragi|Muddy Water|p2a: Dondozo|[spread] p2b\n|-miss|p1b: Nigiragi|p2a: Dondozo\n|-damage|p2b: Cryogonal|78\/100\n|\n|upkeep\n|turn|7\n|c|\u2606Kojiiii|Kinda scum lol\n|\n|t:|1682281928\n|move|p2a: Dondozo|Fissure|p1b: Nigiragi\n|-damage|p1b: Nigiragi|0 fnt\n|faint|p1b: Nigiragi\n|-ohko\n|\n|win|valintino\n|raw|Kojiiii's rating: 1352 → 1329<\/strong> (-23 for losing)\n|raw|valintino's rating: 1305 → 1328<\/strong> (+23 for winning)\n|c|\u2606Kojiiii|Well played lmfao\n|c|\u2606valintino|thanks lol\n|c|\u2606valintino|gg\n|l|\u2606valintino\n|c|\u2606Kojiiii|Sure\n","uploadtime":1682281951,"views":8,"p1id":"kojiiii","p2id":"valintino","formatid":"gen9vgc2023regulationc","rating":1328,"private":0,"password":""}