{"id":"gen9vgc2023regulationc-1851420282","p1":"TingLusing","p2":"Crayvien","format":"[Gen 9] VGC 2023 Regulation C","log":"|j|\u2606TingLusing\n|j|\u2606Crayvien\n|t:|1682443679\n|gametype|doubles\n|player|p1|TingLusing|marnie-league|1375\n|player|p2|Crayvien|will|1294\n|teamsize|p1|6\n|teamsize|p2|6\n|gen|9\n|tier|[Gen 9] VGC 2023 Regulation C\n|rated|\n|rule|Species Clause: Limit one of each Pok\u00e9mon\n|rule|Item Clause: Limit one of each item\n|clearpoke\n|poke|p1|Palafin, L50, F|\n|poke|p1|Arcanine, L50, F|\n|poke|p1|Amoonguss, L50, F|\n|poke|p1|Kingambit, L50, M|\n|poke|p1|Flutter Mane, L50|\n|poke|p1|Dragonite, L50, M|\n|poke|p2|Ceruledge, L50, M|\n|poke|p2|Iron Valiant, L50|\n|poke|p2|Tauros-Paldea-Blaze, L50, M|\n|poke|p2|Sandy Shocks, L50|\n|poke|p2|Kingambit, L50, M|\n|poke|p2|Garganacl, L50, M|\n|teampreview|4\n|inactive|Battle timer is ON: inactive players will automatically lose when time's up. (requested by Crayvien)\nTingLusing has agreed to open team sheets.\n|c|\u2606TingLusing|sainato?\n|inactive|TingLusing has 60 seconds left.\n|inactive|Crayvien has 60 seconds left.\n|c|\u2606Crayvien|!\n|c|\u2606Crayvien|?\n|c|\u2606TingLusing|nvm\n|inactive|Crayvien has 30 seconds left.\n|\n|t:|1682443740\n|start\n|switch|p1a: Palafin|Palafin, L50, F|100\/100\n|switch|p1b: Amoonguss|Amoonguss, L50, F|100\/100\n|switch|p2a: Garganacl|Garganacl, L50, M, shiny|100\/100\n|switch|p2b: Ceruledge|Ceruledge, L50, M, shiny|100\/100\n|turn|1\n|\n|t:|1682443759\n|detailschange|p1a: Palafin|Palafin-Hero, L50, F\n|switch|p1a: Arcanine|Arcanine, L50, F|100\/100\n|-ability|p1a: Arcanine|Intimidate|boost\n|-unboost|p2a: Garganacl|atk|1\n|-unboost|p2b: Ceruledge|atk|1\n|move|p2b: Ceruledge|Protect|p2b: Ceruledge\n|-singleturn|p2b: Ceruledge|Protect\n|move|p1b: Amoonguss|Protect|p1b: Amoonguss\n|-singleturn|p1b: Amoonguss|Protect\n|move|p2a: Garganacl|Salt Cure|p1a: Arcanine\n|-supereffective|p1a: Arcanine\n|-damage|p1a: Arcanine|82\/100\n|-start|p1a: Arcanine|Salt Cure\n|\n|-damage|p1a: Arcanine|70\/100|[from] Salt Cure\n|upkeep\n|turn|2\n|inactive|TingLusing has 30 seconds left.\n|inactive|Crayvien has 30 seconds left.\n|\n|t:|1682443792\n|switch|p1a: Palafin|Palafin-Hero, L50, F|100\/100\n|-activate|p1a: Palafin|ability: Zero to Hero\n|-terastallize|p2b: Ceruledge|Grass\n|move|p2b: Ceruledge|Bulk Up|p2b: Ceruledge\n|-boost|p2b: Ceruledge|atk|1\n|-boost|p2b: Ceruledge|def|1\n|move|p2a: Garganacl|Salt Cure|p1b: Amoonguss\n|-damage|p1b: Amoonguss|92\/100\n|-start|p1b: Amoonguss|Salt Cure\n|move|p1b: Amoonguss|Pollen Puff|p1a: Palafin\n|-immune|p1a: Palafin\n|\n|-damage|p1b: Amoonguss|80\/100|[from] Salt Cure\n|upkeep\n|turn|3\n|\n|t:|1682443812\n|switch|p1b: Arcanine|Arcanine, L50, F|70\/100\n|-ability|p1b: Arcanine|Intimidate|boost\n|-unboost|p2a: Garganacl|atk|1\n|-unboost|p2b: Ceruledge|atk|1\n|move|p1a: Palafin|Wave Crash|p2a: Garganacl\n|-supereffective|p2a: Garganacl\n|-damage|p2a: Garganacl|0 fnt\n|faint|p2a: Garganacl\n|-damage|p1a: Palafin|67\/100|[from] Recoil\n|move|p2b: Ceruledge|Bulk Up|p2b: Ceruledge\n|-boost|p2b: Ceruledge|atk|1\n|-boost|p2b: Ceruledge|def|1\n|\n|upkeep\n|\n|t:|1682443820\n|switch|p2a: Sandy Shocks|Sandy Shocks, L50, shiny|100\/100\n|-enditem|p2a: Sandy Shocks|Booster Energy\n|-activate|p2a: Sandy Shocks|ability: Protosynthesis|[fromitem]\n|-start|p2a: Sandy Shocks|protosynthesisspe\n|turn|4\n|\n|t:|1682443838\n|switch|p1b: Amoonguss|Amoonguss, L50, F|100\/100\n|move|p1a: Palafin|Jet Punch|p2a: Sandy Shocks\n|-supereffective|p2a: Sandy Shocks\n|-damage|p2a: Sandy Shocks|0 fnt\n|faint|p2a: Sandy Shocks\n|-end|p2a: Sandy Shocks|Protosynthesis|[silent]\n|move|p2b: Ceruledge|Bulk Up|p2b: Ceruledge\n|-boost|p2b: Ceruledge|atk|1\n|-boost|p2b: Ceruledge|def|1\n|\n|upkeep\n|\n|t:|1682443846\n|switch|p2a: Tauros|Tauros-Paldea-Blaze, L50, M, shiny|100\/100\n|-ability|p2a: Tauros|Intimidate|boost\n|-unboost|p1a: Palafin|atk|1\n|-unboost|p1b: Amoonguss|atk|1\n|turn|5\n|\n|t:|1682443858\n|switch|p1b: Arcanine|Arcanine, L50, F|70\/100\n|-ability|p1b: Arcanine|Intimidate|boost\n|-unboost|p2a: Tauros|atk|1\n|-unboost|p2b: Ceruledge|atk|1\n|move|p1a: Palafin|Wave Crash|p2a: Tauros\n|-supereffective|p2a: Tauros\n|-damage|p2a: Tauros|0 fnt\n|faint|p2a: Tauros\n|-damage|p1a: Palafin|38\/100|[from] Recoil\n|move|p2b: Ceruledge|Bulk Up|p2b: Ceruledge\n|-boost|p2b: Ceruledge|atk|1\n|-boost|p2b: Ceruledge|def|1\n|\n|upkeep\n|turn|6\n|\n|t:|1682443881\n|switch|p1b: Amoonguss|Amoonguss, L50, F|100\/100\n|move|p1a: Palafin|Haze|p1a: Palafin\n|-clearallboost\n|move|p2b: Ceruledge|Bitter Blade|p2: Tauros|[notarget]\n|-fail|p2b: Ceruledge\n|\n|upkeep\n|turn|7\n|c|\u2606Crayvien|Fair\n|c|\u2606Crayvien|:p\n|-message|Crayvien forfeited.\n|\n|win|TingLusing\n|raw|TingLusing's rating: 1375 → 1390<\/strong> (+15 for winning)\n|raw|Crayvien's rating: 1294 → 1275<\/strong> (-19 for losing)\n|l|\u2606Crayvien\n","uploadtime":1682443949,"views":6,"p1id":"tinglusing","p2id":"crayvien","formatid":"gen9vgc2023regulationc","rating":1275,"private":0,"password":""}