{"id":"gen9vgc2023regulationc-1857648307","p1":"ELFRAN132","p2":"gdfgsdfgsdfg","format":"[Gen 9] VGC 2023 Regulation C","log":"|j|\u2606ELFRAN132\n|j|\u2606gdfgsdfgsdfg\n|t:|1683217905\n|gametype|doubles\n|player|p1|ELFRAN132|2|1108\n|player|p2|gdfgsdfgsdfg|2|1000\n|teamsize|p1|6\n|teamsize|p2|6\n|gen|9\n|tier|[Gen 9] VGC 2023 Regulation C\n|rated|\n|rule|Species Clause: Limit one of each Pok\u00e9mon\n|rule|Item Clause: Limit one of each item\n|clearpoke\n|poke|p1|Iron Hands, L50|\n|poke|p1|Drifblim, L50, M|\n|poke|p1|Amoonguss, L50, F|\n|poke|p1|Flutter Mane, L50|\n|poke|p1|Tatsugiri, L50, M|\n|poke|p1|Arcanine, L50, F|\n|poke|p2|Iron Bundle, L50|\n|poke|p2|Abomasnow, L50, M|\n|poke|p2|Ting-Lu, L50|\n|poke|p2|Vivillon, L50, F|\n|poke|p2|Ceruledge, L50, M|\n|poke|p2|Tauros-Paldea-Combat, L50, M|\n|teampreview|4\ngdfgsdfgsdfg has agreed to open team sheets.\n|inactive|Battle timer is ON: inactive players will automatically lose when time's up. (requested by ELFRAN132)\n|\n|t:|1683217974\n|start\n|switch|p1a: Arcanine|Arcanine, L50, F|100\/100\n|switch|p1b: Tatsugiri|Tatsugiri, L50, M|100\/100\n|switch|p2a: Tauros|Tauros-Paldea-Combat, L50, M|100\/100\n|switch|p2b: Iron Bundle|Iron Bundle, L50|100\/100\n|-ability|p2a: Tauros|Intimidate|boost\n|-unboost|p1a: Arcanine|atk|1\n|-unboost|p1b: Tatsugiri|atk|1\n|-ability|p1a: Arcanine|Intimidate|boost\n|-unboost|p2a: Tauros|atk|1\n|-unboost|p2b: Iron Bundle|atk|1\n|-enditem|p2b: Iron Bundle|Booster Energy\n|-activate|p2b: Iron Bundle|ability: Quark Drive|[fromitem]\n|-start|p2b: Iron Bundle|quarkdrivespe\n|turn|1\n|inactive|ELFRAN132 has 30 seconds left.\n|inactive|ELFRAN132 has 20 seconds left.\n|\n|t:|1683218013\n|switch|p2a: Abomasnow|Abomasnow, L50, M|100\/100\n|-weather|Snow|[from] ability: Snow Warning|[of] p2a: Abomasnow\n|switch|p1b: Iron Hands|Iron Hands, L50|100\/100\n|move|p1a: Arcanine|Protect|p1a: Arcanine\n|-singleturn|p1a: Arcanine|Protect\n|move|p2b: Iron Bundle|Aurora Veil|p2b: Iron Bundle\n|-sidestart|p2: gdfgsdfgsdfg|move: Aurora Veil\n|\n|-weather|Snow|[upkeep]\n|upkeep\n|turn|2\n|\n|t:|1683218037\n|switch|p2a: Tauros|Tauros-Paldea-Combat, L50, M|100\/100\n|-ability|p2a: Tauros|Intimidate|boost\n|-unboost|p1a: Arcanine|atk|1\n|-unboost|p1b: Iron Hands|atk|1\n|move|p1b: Iron Hands|Fake Out|p2b: Iron Bundle\n|-damage|p2b: Iron Bundle|95\/100\n|cant|p2b: Iron Bundle|flinch\n|move|p1a: Arcanine|Flare Blitz|p2a: Tauros\n|-damage|p2a: Tauros|80\/100\n|-damage|p1a: Arcanine|95\/100|[from] Recoil\n|\n|-weather|Snow|[upkeep]\n|upkeep\n|turn|3\n|inactive|gdfgsdfgsdfg has 30 seconds left.\n|\n|t:|1683218064\n|move|p1a: Arcanine|Protect|p1a: Arcanine\n|-singleturn|p1a: Arcanine|Protect\n|move|p2b: Iron Bundle|Blizzard|p1b: Iron Hands|[spread] p1b\n|-activate|p1a: Arcanine|move: Protect\n|-damage|p1b: Iron Hands|78\/100\n|move|p2a: Tauros|Close Combat|p1a: Arcanine\n|-activate|p1a: Arcanine|move: Protect\n|move|p1b: Iron Hands|Volt Switch|p2a: Tauros\n|-damage|p2a: Tauros|65\/100\n|\n|t:|1683218083\n|-end|p1b: Iron Hands|Quark Drive|[silent]\n|switch|p1b: Tatsugiri|Tatsugiri, L50, M|100\/100|[from] Volt Switch\n|\n|-weather|Snow|[upkeep]\n|upkeep\n|turn|4\n|\n|t:|1683218095\n|switch|p1a: Iron Hands|Iron Hands, L50|78\/100\n|move|p2b: Iron Bundle|Hydro Pump|p1a: Iron Hands\n|-damage|p1a: Iron Hands|48\/100\n|move|p2a: Tauros|Close Combat|p1b: Tatsugiri\n|-enditem|p1b: Tatsugiri|Focus Sash\n|-damage|p1b: Tatsugiri|1\/100\n|-unboost|p2a: Tauros|def|1\n|-unboost|p2a: Tauros|spd|1\n|move|p1b: Tatsugiri|Icy Wind|p2a: Tauros|[spread] p2a,p2b\n|-resisted|p2b: Iron Bundle\n|-damage|p2a: Tauros|44\/100\n|-damage|p2b: Iron Bundle|92\/100\n|-unboost|p2a: Tauros|spe|1\n|-unboost|p2b: Iron Bundle|spe|1\n|\n|-weather|Snow|[upkeep]\n|upkeep\n|turn|5\n|\n|t:|1683218117\n|switch|p2a: Ting-Lu|Ting-Lu, L50|100\/100\n|-ability|p2a: Ting-Lu|Vessel of Ruin\n|switch|p1b: Arcanine|Arcanine, L50, F|95\/100\n|-ability|p1b: Arcanine|Intimidate|boost\n|-unboost|p2a: Ting-Lu|atk|1\n|-unboost|p2b: Iron Bundle|atk|1\n|move|p2b: Iron Bundle|Protect|p2b: Iron Bundle\n|-singleturn|p2b: Iron Bundle|Protect\n|move|p1a: Iron Hands|Drain Punch|p2b: Iron Bundle\n|-activate|p2b: Iron Bundle|move: Protect\n|\n|-weather|none\n|-sideend|p2: gdfgsdfgsdfg|move: Aurora Veil\n|upkeep\n|turn|6\n|inactive|ELFRAN132 has 30 seconds left.\n|inactive|gdfgsdfgsdfg has 30 seconds left.\n|\n|t:|1683218144\n|-end|p2b: Iron Bundle|Quark Drive|[silent]\n|switch|p2b: Abomasnow|Abomasnow, L50, M|100\/100\n|-weather|Snow|[from] ability: Snow Warning|[of] p2b: Abomasnow\n|switch|p2a: Tauros|Tauros-Paldea-Combat, L50, M|44\/100\n|-ability|p2a: Tauros|Intimidate|boost\n|-unboost|p1a: Iron Hands|atk|1\n|-unboost|p1b: Arcanine|atk|1\n|move|p1b: Arcanine|Flare Blitz|p2b: Abomasnow\n|-supereffective|p2b: Abomasnow\n|-damage|p2b: Abomasnow|0 fnt\n|faint|p2b: Abomasnow\n|-damage|p1b: Arcanine|62\/100|[from] Recoil\n|move|p1a: Iron Hands|Drain Punch|p2a: Tauros\n|-crit|p2a: Tauros\n|-damage|p2a: Tauros|0 fnt\n|-heal|p1a: Iron Hands|62\/100|[from] drain|[of] p2a: Tauros\n|faint|p2a: Tauros\n|\n|-weather|Snow|[upkeep]\n|upkeep\n|\n|t:|1683218162\n|switch|p2a: Ting-Lu|Ting-Lu, L50|100\/100\n|switch|p2b: Iron Bundle|Iron Bundle, L50|92\/100\n|-ability|p2a: Ting-Lu|Vessel of Ruin\n|turn|7\n|\n|t:|1683218177\n|move|p1b: Arcanine|Protect|p1b: Arcanine\n|-singleturn|p1b: Arcanine|Protect\n|move|p2b: Iron Bundle|Blizzard|p1a: Iron Hands|[spread] p1a\n|-activate|p1b: Arcanine|move: Protect\n|-damage|p1a: Iron Hands|46\/100\n|move|p1a: Iron Hands|Volt Switch|p2b: Iron Bundle\n|-supereffective|p2b: Iron Bundle\n|-damage|p2b: Iron Bundle|62\/100\n|\n|t:|1683218188\n|-end|p1a: Iron Hands|Quark Drive|[silent]\n|switch|p1a: Tatsugiri|Tatsugiri, L50, M|1\/100|[from] Volt Switch\n|move|p2a: Ting-Lu|Earthquake|p1a: Tatsugiri|[spread] p2b,p1a\n|-activate|p1b: Arcanine|move: Protect\n|-damage|p2b: Iron Bundle|37\/100\n|-damage|p1a: Tatsugiri|0 fnt\n|faint|p1a: Tatsugiri\n|\n|-weather|Snow|[upkeep]\n|upkeep\n|\n|t:|1683218202\n|switch|p1a: Flutter Mane|Flutter Mane, L50|100\/100\n|-enditem|p1a: Flutter Mane|Booster Energy\n|-activate|p1a: Flutter Mane|ability: Protosynthesis|[fromitem]\n|-start|p1a: Flutter Mane|protosynthesisspa\n|turn|8\n|\n|t:|1683218222\n|-terastallize|p2a: Ting-Lu|Ground\n|move|p1b: Arcanine|Extreme Speed|p2b: Iron Bundle\n|-damage|p2b: Iron Bundle|24\/100\n|move|p2b: Iron Bundle|Aurora Veil|p2b: Iron Bundle\n|-sidestart|p2: gdfgsdfgsdfg|move: Aurora Veil\n|move|p1a: Flutter Mane|Dazzling Gleam|p2a: Ting-Lu|[spread] p2a,p2b\n|-damage|p2a: Ting-Lu|85\/100\n|-damage|p2b: Iron Bundle|0 fnt\n|faint|p2b: Iron Bundle\n|-end|p2b: Iron Bundle|Quark Drive|[silent]\n|move|p2a: Ting-Lu|Earthquake|p1b: Arcanine|[spread] p1a,p1b\n|-supereffective|p1b: Arcanine\n|-damage|p1a: Flutter Mane|17\/100\n|-damage|p1b: Arcanine|0 fnt\n|faint|p1b: Arcanine\n|\n|-weather|Snow|[upkeep]\n|upkeep\n|\n|t:|1683218237\n|switch|p1b: Iron Hands|Iron Hands, L50|46\/100\n|turn|9\n|\n|t:|1683218246\n|move|p2a: Ting-Lu|Protect|p2a: Ting-Lu\n|-singleturn|p2a: Ting-Lu|Protect\n|move|p1b: Iron Hands|Fake Out|p2a: Ting-Lu\n|-activate|p2a: Ting-Lu|move: Protect\n|move|p1a: Flutter Mane|Moonblast|p2a: Ting-Lu\n|-activate|p2a: Ting-Lu|move: Protect\n|\n|-weather|Snow|[upkeep]\n|upkeep\n|turn|10\n|\n|t:|1683218264\n|-terastallize|p1b: Iron Hands|Grass\n|move|p1a: Flutter Mane|Moonblast|p2a: Ting-Lu\n|-damage|p2a: Ting-Lu|60\/100\n|-unboost|p2a: Ting-Lu|spa|1\n|move|p1b: Iron Hands|Drain Punch|p2a: Ting-Lu\n|-damage|p2a: Ting-Lu|41\/100\n|-heal|p1b: Iron Hands|56\/100|[from] drain|[of] p2a: Ting-Lu\n|move|p2a: Ting-Lu|Earthquake|p1a: Flutter Mane|[spread] p1a,p1b\n|-resisted|p1b: Iron Hands\n|-damage|p1a: Flutter Mane|0 fnt\n|-damage|p1b: Iron Hands|39\/100\n|faint|p1a: Flutter Mane\n|-end|p1a: Flutter Mane|Protosynthesis|[silent]\n|\n|-weather|none\n|upkeep\n|turn|11\n|\n|t:|1683218281\n|move|p1b: Iron Hands|Drain Punch|p2a: Ting-Lu\n|-damage|p2a: Ting-Lu|22\/100\n|-heal|p1b: Iron Hands|49\/100|[from] drain|[of] p2a: Ting-Lu\n|move|p2a: Ting-Lu|Throat Chop|p1b: Iron Hands\n|-damage|p1b: Iron Hands|22\/100\n|-start|p1b: Iron Hands|Throat Chop|[silent]\n|\n|upkeep\n|turn|12\n|\n|t:|1683218290\n|move|p1b: Iron Hands|Drain Punch|p2a: Ting-Lu\n|-damage|p2a: Ting-Lu|6\/100\n|-heal|p1b: Iron Hands|31\/100|[from] drain|[of] p2a: Ting-Lu\n|move|p2a: Ting-Lu|Throat Chop|p1b: Iron Hands\n|-damage|p1b: Iron Hands|1\/100\n|\n|-end|p1b: Iron Hands|Throat Chop|[silent]\n|-sideend|p2: gdfgsdfgsdfg|move: Aurora Veil\n|upkeep\n|turn|13\n|\n|t:|1683218299\n|move|p1b: Iron Hands|Drain Punch|p2a: Ting-Lu\n|-crit|p2a: Ting-Lu\n|-damage|p2a: Ting-Lu|0 fnt\n|-heal|p1b: Iron Hands|4\/100|[from] drain|[of] p2a: Ting-Lu\n|faint|p2a: Ting-Lu\n|\n|win|ELFRAN132\n|raw|ELFRAN132's rating: 1108 → 1125<\/strong> (+17 for winning)\n|raw|gdfgsdfgsdfg's rating: 1000 → 1000<\/strong> (+0 for losing)\n","uploadtime":1683218322,"views":13,"p1id":"elfran132","p2id":"gdfgsdfgsdfg","formatid":"gen9vgc2023regulationc","rating":1000,"private":0,"password":""}