{"id":"gen9vgc2023regulationc-1845145385","p1":"Sk1tt3n","p2":"coop1990","format":"[Gen 9] VGC 2023 Regulation C","log":"|j|\u2606Sk1tt3n\n|j|\u2606coop1990\n|t:|1681688946\n|gametype|doubles\n|player|p1|Sk1tt3n|hexmaniac-gen6|1111\n|player|p2|coop1990|102|1194\n|teamsize|p1|6\n|teamsize|p2|6\n|gen|9\n|tier|[Gen 9] VGC 2023 Regulation C\n|rated|\n|rule|Species Clause: Limit one of each Pok\u00e9mon\n|rule|Item Clause: Limit one of each item\n|clearpoke\n|poke|p1|Iron Hands, L50|\n|poke|p1|Bronzong, L50|\n|poke|p1|Dondozo, L50, M|\n|poke|p1|Farigiraf, L50, M|\n|poke|p1|Flutter Mane, L50|\n|poke|p1|Ting-Lu, L50|\n|poke|p2|Garganacl, L50, M|\n|poke|p2|Slowking, L50, M|\n|poke|p2|Iron Bundle, L50|\n|poke|p2|Meowscarada, L50, M|\n|poke|p2|Tauros-Paldea-Aqua, L50, M|\n|poke|p2|Brute Bonnet, L50|\n|teampreview|4\n|\n|t:|1681688983\n|start\n|switch|p1a: Iron Hands|Iron Hands, L50|100\/100\n|switch|p1b: Bronzong|Bronzong, L50|100\/100\n|switch|p2a: Tauros|Tauros-Paldea-Aqua, L50, M|100\/100\n|switch|p2b: Meowscarada|Meowscarada, L50, M|100\/100\n|turn|1\n|\n|t:|1681689028\n|-terastallize|p2a: Tauros|Steel\n|-terastallize|p1b: Bronzong|Water\n|move|p2b: Meowscarada|Flower Trick|p2a: Tauros\n|-start|p2b: Meowscarada|typechange|Grass|[from] ability: Protean\n|-resisted|p2a: Tauros\n|-crit|p2a: Tauros\n|-damage|p2a: Tauros|78\/100\n|-setboost|p2a: Tauros|atk|6|[from] ability: Anger Point\n|move|p2a: Tauros|Rock Slide|p1b: Bronzong|[spread] p1a,p1b\n|-resisted|p1a: Iron Hands\n|-damage|p1a: Iron Hands|70\/100\n|-damage|p1b: Bronzong|16\/100\n|-damage|p2a: Tauros|68\/100|[from] item: Life Orb\n|cant|p1a: Iron Hands|flinch\n|cant|p1b: Bronzong|flinch\n|\n|-heal|p1a: Iron Hands|77\/100|[from] item: Leftovers\n|upkeep\n|turn|2\n|c|\u2606Sk1tt3n|ok\n|c|\u2606Sk1tt3n|this is fine\n|\n|t:|1681689073\n|move|p2b: Meowscarada|Pollen Puff|p2a: Tauros\n|-heal|p2a: Tauros|100\/100\n|move|p2a: Tauros|Rock Slide|p1a: Iron Hands|[spread] p1a,p1b\n|-resisted|p1a: Iron Hands\n|-damage|p1a: Iron Hands|41\/100\n|-damage|p1b: Bronzong|0 fnt\n|faint|p1b: Bronzong\n|-damage|p2a: Tauros|90\/100|[from] item: Life Orb\n|move|p1a: Iron Hands|Drain Punch|p2a: Tauros\n|-supereffective|p2a: Tauros\n|-damage|p2a: Tauros|0 fnt\n|-heal|p1a: Iron Hands|70\/100|[from] drain|[of] p2a: Tauros\n|faint|p2a: Tauros\n|\n|-heal|p1a: Iron Hands|77\/100|[from] item: Leftovers\n|upkeep\n|\n|t:|1681689109\n|switch|p2a: Slowking|Slowking, L50, M|100\/100\n|switch|p1b: Flutter Mane|Flutter Mane, L50|100\/100\n|turn|3\n|\n|t:|1681689138\n|move|p1b: Flutter Mane|Dazzling Gleam|p2a: Slowking|[spread] p2a,p2b\n|-damage|p2a: Slowking|81\/100\n|-damage|p2b: Meowscarada|58\/100\n|move|p2b: Meowscarada|Leech Seed|p1b: Flutter Mane\n|-start|p1b: Flutter Mane|move: Leech Seed\n|move|p1a: Iron Hands|Wild Charge|p2a: Slowking\n|-supereffective|p2a: Slowking\n|-damage|p2a: Slowking|0 fnt\n|faint|p2a: Slowking\n|-damage|p1a: Iron Hands|59\/100|[from] Recoil\n|\n|-heal|p1a: Iron Hands|65\/100|[from] item: Leftovers\n|-damage|p1b: Flutter Mane|88\/100|[from] Leech Seed|[of] p2b: Meowscarada\n|-heal|p2b: Meowscarada|67\/100|[silent]\n|upkeep\n|\n|t:|1681689166\n|switch|p2a: Iron Bundle|Iron Bundle, L50|100\/100\n|-enditem|p2a: Iron Bundle|Booster Energy\n|-activate|p2a: Iron Bundle|ability: Quark Drive|[fromitem]\n|-start|p2a: Iron Bundle|quarkdrivespa\n|turn|4\n|\n|t:|1681689183\n|move|p1b: Flutter Mane|Protect|p1b: Flutter Mane\n|-singleturn|p1b: Flutter Mane|Protect\n|move|p2b: Meowscarada|Pollen Puff|p2a: Iron Bundle\n|-immune|p2a: Iron Bundle\n|move|p2a: Iron Bundle|Ice Beam|p1b: Flutter Mane\n|-activate|p1b: Flutter Mane|move: Protect\n|move|p1a: Iron Hands|Drain Punch|p2a: Iron Bundle\n|-supereffective|p2a: Iron Bundle\n|-damage|p2a: Iron Bundle|8\/100\n|-heal|p1a: Iron Hands|97\/100|[from] drain|[of] p2a: Iron Bundle\n|\n|-heal|p1a: Iron Hands|100\/100|[from] item: Leftovers\n|-damage|p1b: Flutter Mane|76\/100|[from] Leech Seed|[of] p2b: Meowscarada\n|-heal|p2b: Meowscarada|75\/100|[silent]\n|upkeep\n|turn|5\n|\n|t:|1681689230\n|move|p1b: Flutter Mane|Dazzling Gleam|p2a: Iron Bundle|[spread] p2a,p2b\n|-damage|p2a: Iron Bundle|0 fnt\n|-damage|p2b: Meowscarada|32\/100\n|faint|p2a: Iron Bundle\n|-end|p2a: Iron Bundle|Quark Drive|[silent]\n|move|p2b: Meowscarada|Leech Seed|p1a: Iron Hands\n|-start|p1a: Iron Hands|move: Leech Seed\n|move|p1a: Iron Hands|Drain Punch|p2b: Meowscarada\n|-damage|p2b: Meowscarada|0 fnt\n|faint|p2b: Meowscarada\n|\n|win|Sk1tt3n\n|raw|Sk1tt3n's rating: 1111 → 1142<\/strong> (+31 for winning)\n|raw|coop1990's rating: 1194 → 1163<\/strong> (-31 for losing)\n|l|\u2606coop1990\n","uploadtime":1681689236,"views":8,"p1id":"sk1tt3n","p2id":"coop1990","formatid":"gen9vgc2023regulationc","rating":1142,"private":0,"password":""}