{"id":"gen9vgc2023regulationc-1847493555","p1":"Wheeel","p2":"GB Seraphix","format":"[Gen 9] VGC 2023 Regulation C","log":"|j|\u2606Wheeel\n|j|\u2606GB Seraphix\n|t:|1681962219\n|gametype|doubles\n|player|p1|Wheeel|170|1260\n|player|p2|GB Seraphix|rosa|1321\n|teamsize|p1|6\n|teamsize|p2|6\n|gen|9\n|tier|[Gen 9] VGC 2023 Regulation C\n|rated|\n|rule|Species Clause: Limit one of each Pok\u00e9mon\n|rule|Item Clause: Limit one of each item\n|clearpoke\n|poke|p1|Iron Bundle, L50|\n|poke|p1|Great Tusk, L50|\n|poke|p1|Chi-Yu, L50|\n|poke|p1|Azumarill, L50, M|\n|poke|p1|Brute Bonnet, L50|\n|poke|p1|Flutter Mane, L50|\n|poke|p2|Chi-Yu, L50|\n|poke|p2|Dachsbun, L50, F|\n|poke|p2|Flutter Mane, L50|\n|poke|p2|Baxcalibur, L50, M|\n|poke|p2|Amoonguss, L50, M|\n|poke|p2|Rotom-Wash, L50|\n|teampreview|4\n|\n|t:|1681962300\n|start\n|switch|p1a: Iron Bundle|Iron Bundle, L50|100\/100\n|switch|p1b: Great Tusk|Great Tusk, L50|100\/100\n|switch|p2a: BB|Flutter Mane, L50|100\/100\n|switch|p2b: Hanabishi|Rotom-Wash, L50|100\/100\n|-enditem|p1a: Iron Bundle|Booster Energy\n|-activate|p1a: Iron Bundle|ability: Quark Drive|[fromitem]\n|-start|p1a: Iron Bundle|quarkdrivespe\n|-enditem|p2a: BB|Booster Energy\n|-activate|p2a: BB|ability: Protosynthesis|[fromitem]\n|-start|p2a: BB|protosynthesisspe\n|turn|1\n|\n|t:|1681962333\n|-terastallize|p2a: BB|Grass\n|-terastallize|p1b: Great Tusk|Steel\n|move|p1a: Iron Bundle|Freeze-Dry|p2b: Hanabishi\n|-supereffective|p2b: Hanabishi\n|-damage|p2b: Hanabishi|19\/100\n|-enditem|p2b: Hanabishi|Sitrus Berry|[eat]\n|-heal|p2b: Hanabishi|44\/100|[from] item: Sitrus Berry\n|move|p2a: BB|Moonblast|p1a: Iron Bundle\n|-damage|p1a: Iron Bundle|0 fnt\n|faint|p1a: Iron Bundle\n|-end|p1a: Iron Bundle|Quark Drive|[silent]\n|move|p1b: Great Tusk|Headlong Rush|p2a: BB\n|-resisted|p2a: BB\n|-damage|p2a: BB|42\/100\n|-unboost|p1b: Great Tusk|def|1\n|-unboost|p1b: Great Tusk|spd|1\n|move|p2b: Hanabishi|Hydro Pump|p1b: Great Tusk\n|-damage|p1b: Great Tusk|0 fnt\n|faint|p1b: Great Tusk\n|-end|p1b: Great Tusk|Protosynthesis|[silent]\n|\n|upkeep\n|\n|t:|1681962342\n|switch|p1a: Brute Bonnet|Brute Bonnet, L50|100\/100\n|switch|p1b: Chi-Yu|Chi-Yu, L50|100\/100\n|-ability|p1b: Chi-Yu|Beads of Ruin\n|turn|2\n|\n|t:|1681962365\n|move|p2a: BB|Perish Song|p2a: BB\n|-start|p1a: Brute Bonnet|perish3|[silent]\n|-start|p1b: Chi-Yu|perish3|[silent]\n|-start|p2a: BB|perish3|[silent]\n|-start|p2b: Hanabishi|perish3|[silent]\n|-fieldactivate|move: Perish Song\n|move|p1b: Chi-Yu|Dark Pulse|p2b: Hanabishi\n|-damage|p2b: Hanabishi|0 fnt\n|faint|p2b: Hanabishi\n|move|p1a: Brute Bonnet|Bullet Seed|p2a: BB\n|-resisted|p2a: BB\n|-damage|p2a: BB|29\/100\n|-resisted|p2a: BB\n|-damage|p2a: BB|17\/100\n|-resisted|p2a: BB\n|-damage|p2a: BB|3\/100\n|-resisted|p2a: BB\n|-damage|p2a: BB|0 fnt\n|faint|p2a: BB\n|-end|p2a: BB|Protosynthesis|[silent]\n|-hitcount|p2: BB|4\n|\n|-start|p1b: Chi-Yu|perish3\n|-start|p1a: Brute Bonnet|perish3\n|upkeep\n|\n|t:|1681962381\n|switch|p2a: Nemo|Chi-Yu, L50|100\/100\n|switch|p2b: Gardenia|Dachsbun, L50, F|100\/100\n|-ability|p2a: Nemo|Beads of Ruin\n|turn|3\n|\n|t:|1681962429\n|move|p2a: Nemo|Lava Plume|p1a: Brute Bonnet|[spread] p1a,p1b\n|-ability|p2b: Gardenia|Well-Baked Body|boost\n|-boost|p2b: Gardenia|def|2\n|-supereffective|p1a: Brute Bonnet\n|-resisted|p1b: Chi-Yu\n|-damage|p1a: Brute Bonnet|29\/100\n|-damage|p1b: Chi-Yu|88\/100\n|move|p1b: Chi-Yu|Dark Pulse|p2b: Gardenia\n|-resisted|p2b: Gardenia\n|-damage|p2b: Gardenia|75\/100\n|cant|p2b: Gardenia|flinch\n|move|p1a: Brute Bonnet|Spore|p2a: Nemo\n|-status|p2a: Nemo|slp|[from] move: Spore\n|\n|-heal|p2b: Gardenia|82\/100|[from] item: Leftovers\n|-start|p1b: Chi-Yu|perish2\n|-start|p1a: Brute Bonnet|perish2\n|upkeep\n|turn|4\n|\n|t:|1681962446\n|move|p2b: Gardenia|Protect|p2b: Gardenia\n|-singleturn|p2b: Gardenia|Protect\n|cant|p2a: Nemo|slp\n|move|p1b: Chi-Yu|Dark Pulse|p2b: Gardenia\n|-activate|p2b: Gardenia|move: Protect\n|move|p1a: Brute Bonnet|Bullet Seed|p2b: Gardenia\n|-activate|p2b: Gardenia|move: Protect\n|\n|-heal|p2b: Gardenia|88\/100|[from] item: Leftovers\n|-start|p1b: Chi-Yu|perish1\n|-start|p1a: Brute Bonnet|perish1\n|upkeep\n|turn|5\n|\n|t:|1681962461\n|cant|p2a: Nemo|slp\n|move|p1b: Chi-Yu|Dark Pulse|p2b: Gardenia\n|-resisted|p2b: Gardenia\n|-damage|p2b: Gardenia|61\/100\n|move|p2b: Gardenia|Body Press|p1a: Brute Bonnet\n|-supereffective|p1a: Brute Bonnet\n|-damage|p1a: Brute Bonnet|0 fnt\n|faint|p1a: Brute Bonnet\n|-end|p1a: Brute Bonnet|Protosynthesis|[silent]\n|\n|-heal|p2b: Gardenia|68\/100|[from] item: Leftovers\n|-start|p1b: Chi-Yu|perish0\n|upkeep\n|faint|p1b: Chi-Yu\n|\n|win|GB Seraphix\n|raw|Wheeel's rating: 1260 → 1239<\/strong> (-21 for losing)\n|raw|GB Seraphix's rating: 1321 → 1338<\/strong> (+17 for winning)\n","uploadtime":1681962476,"views":9,"p1id":"wheeel","p2id":"gbseraphix","formatid":"gen9vgc2023regulationc","rating":1239,"private":0,"password":""}