{"id":"gen9vgc2023regulationc-1862651747","p1":"MUUUUUUUUUUK","p2":"KilnFirelink","format":"[Gen 9] VGC 2023 Regulation C","log":"|j|\u2606MUUUUUUUUUUK\n|j|\u2606KilnFirelink\n|t:|1683909050\n|gametype|doubles\n|player|p1|MUUUUUUUUUUK|1|\n|player|p2|KilnFirelink|iris-gen5bw2|\n|teamsize|p1|5\n|teamsize|p2|6\n|gen|9\n|tier|[Gen 9] VGC 2023 Regulation C\n|rule|Species Clause: Limit one of each Pok\u00e9mon\n|rule|Item Clause: Limit one of each item\n|clearpoke\n|poke|p1|Muk, L50, M|\n|poke|p1|Amoonguss, L50, F|\n|poke|p1|Dragonite, L50, F|\n|poke|p1|Ditto, L50|\n|poke|p1|Iron Treads, L50|\n|poke|p2|Torkoal, L50, F|\n|poke|p2|Lilligant, L50, F|\n|poke|p2|Flutter Mane, L50|\n|poke|p2|Roaring Moon, L50|\n|poke|p2|Arboliva, L50, M|\n|poke|p2|Iron Bundle, L50|\n|teampreview|4\n|\n|t:|1683909070\n|start\n|switch|p1a: Muk in the sink|Muk, L50, M|100\/100\n|switch|p1b: Iron Treads|Iron Treads, L50|100\/100\n|switch|p2a: MacArthur|Torkoal, L50, F|100\/100\n|switch|p2b: Polite Plant|Lilligant, L50, F|100\/100\n|-weather|SunnyDay|[from] ability: Drought|[of] p2a: MacArthur\n|-enditem|p1b: Iron Treads|Booster Energy\n|-activate|p1b: Iron Treads|ability: Quark Drive|[fromitem]\n|-start|p1b: Iron Treads|quarkdrivespe\n|turn|1\n|\n|t:|1683909094\n|-terastallize|p2a: MacArthur|Fire\n|move|p2b: Polite Plant|After You|p2a: MacArthur\n|-activate|p2a: MacArthur|move: After You\n|move|p2a: MacArthur|Eruption|p1b: Iron Treads|[spread] p1a,p1b\n|-supereffective|p1b: Iron Treads\n|-damage|p1a: Muk in the sink|16\/100\n|-damage|p1b: Iron Treads|0 fnt\n|faint|p1b: Iron Treads\n|-end|p1b: Iron Treads|Quark Drive|[silent]\n|move|p1a: Muk in the sink|Dig||[still]\n|-prepare|p1a: Muk in the sink|Dig\n|\n|-weather|SunnyDay|[upkeep]\n|upkeep\n|\n|t:|1683909110\n|switch|p1b: Dragonite|Dragonite, L50, F|100\/100\n|turn|2\n|\n|t:|1683909139\n|move|p1b: Dragonite|Extreme Speed|p2a: MacArthur\n|-damage|p2a: MacArthur|63\/100\n|move|p2b: Polite Plant|Solar Beam||[still]\n|-prepare|p2b: Polite Plant|Solar Beam\n|-anim|p2b: Polite Plant|Solar Beam|p1b: Dragonite\n|-resisted|p1b: Dragonite\n|-damage|p1b: Dragonite|95\/100\n|move|p1a: Muk in the sink|Dig|p2a: MacArthur|[from]lockedmove\n|-supereffective|p2a: MacArthur\n|-damage|p2a: MacArthur|25\/100\n|move|p2a: MacArthur|Eruption|p1a: Muk in the sink|[spread] p1a,p1b\n|-resisted|p1b: Dragonite\n|-damage|p1a: Muk in the sink|0 fnt\n|-damage|p1b: Dragonite|78\/100\n|faint|p1a: Muk in the sink\n|\n|-weather|SunnyDay|[upkeep]\n|upkeep\n|\n|t:|1683909156\n|switch|p1a: Amoonguss|Amoonguss, L50, F|100\/100\n|turn|3\n|\n|t:|1683909173\n|move|p1b: Dragonite|Extreme Speed|p2a: MacArthur\n|-crit|p2a: MacArthur\n|-damage|p2a: MacArthur|0 fnt\n|faint|p2a: MacArthur\n|move|p2b: Polite Plant|Teeter Dance|p1a: Amoonguss|[spread] p1a,p1b\n|-start|p1a: Amoonguss|confusion\n|-start|p1b: Dragonite|confusion\n|-activate|p1a: Amoonguss|confusion\n|-damage|p1a: Amoonguss|93\/100|[from] confusion\n|\n|-weather|SunnyDay|[upkeep]\n|-heal|p1a: Amoonguss|99\/100|[from] item: Black Sludge\n|upkeep\n|\n|t:|1683909189\n|switch|p2a: Cancer|Flutter Mane, L50|100\/100\n|-activate|p2a: Cancer|ability: Protosynthesis\n|-start|p2a: Cancer|protosynthesisspe\n|turn|4\n|\n|t:|1683909208\n|-activate|p1b: Dragonite|confusion\n|move|p1b: Dragonite|Extreme Speed|p2b: Polite Plant\n|-damage|p2b: Polite Plant|23\/100\n|move|p2b: Polite Plant|Solar Beam||[still]\n|-prepare|p2b: Polite Plant|Solar Beam\n|-anim|p2b: Polite Plant|Solar Beam|p1a: Amoonguss\n|-resisted|p1a: Amoonguss\n|-damage|p1a: Amoonguss|91\/100\n|move|p2a: Cancer|Moonblast|p1b: Dragonite\n|-supereffective|p1b: Dragonite\n|-damage|p1b: Dragonite|0 fnt\n|faint|p1b: Dragonite\n|-activate|p1a: Amoonguss|confusion\n|move|p1a: Amoonguss|Spore|p2a: Cancer\n|-status|p2a: Cancer|slp|[from] move: Spore\n|\n|-weather|SunnyDay|[upkeep]\n|-heal|p1a: Amoonguss|96\/100|[from] item: Black Sludge\n|upkeep\n|turn|5\n|\n|t:|1683909239\n|move|p2b: Polite Plant|Giga Drain|p1a: Amoonguss\n|-resisted|p1a: Amoonguss\n|-damage|p1a: Amoonguss|91\/100\n|-heal|p2b: Polite Plant|29\/100|[from] drain|[of] p1a: Amoonguss\n|cant|p2a: Cancer|slp\n|-end|p1a: Amoonguss|confusion\n|move|p1a: Amoonguss|Pollen Puff|p2b: Polite Plant\n|-supereffective|p2b: Polite Plant\n|-damage|p2b: Polite Plant|0 fnt\n|faint|p2b: Polite Plant\n|\n|-weather|none\n|-end|p2a: Cancer|Protosynthesis\n|-heal|p1a: Amoonguss|96\/100|[from] item: Black Sludge\n|upkeep\n|\n|t:|1683909255\n|switch|p2b: Arboliva|Arboliva, L50, M|100\/100\n|turn|6\n|\n|t:|1683909273\n|-terastallize|p1a: Amoonguss|Grass\n|cant|p2a: Cancer|slp\n|move|p2b: Arboliva|Pollen Puff|p1a: Amoonguss\n|-supereffective|p1a: Amoonguss\n|-crit|p1a: Amoonguss\n|-damage|p1a: Amoonguss|43\/100\n|move|p1a: Amoonguss|Pollen Puff|p2b: Arboliva\n|-supereffective|p2b: Arboliva\n|-damage|p2b: Arboliva|77\/100\n|\n|-damage|p1a: Amoonguss|31\/100|[from] item: Black Sludge\n|upkeep\n|turn|7\n|\n|t:|1683909295\n|cant|p2a: Cancer|slp\n|move|p2b: Arboliva|Pollen Puff|p1a: Amoonguss\n|-supereffective|p1a: Amoonguss\n|-damage|p1a: Amoonguss|0 fnt\n|faint|p1a: Amoonguss\n|\n|win|KilnFirelink\n","uploadtime":1683909299,"views":10,"p1id":"muuuuuuuuuuk","p2id":"kilnfirelink","formatid":"gen9vgc2023regulationc","rating":0,"private":0,"password":""}