{"id":"gen9vgc2023regulationc-1845686296","p1":"tomciv20","p2":"LightningLucario","format":"[Gen 9] VGC 2023 Regulation C","log":"|j|\u2606tomciv20\n|j|\u2606LightningLucario\n|t:|1681755524\n|gametype|doubles\n|player|p1|tomciv20|170|\n|player|p2|LightningLucario|169|\n|teamsize|p1|6\n|teamsize|p2|6\n|gen|9\n|tier|[Gen 9] VGC 2023 Regulation C\n|rule|Species Clause: Limit one of each Pok\u00e9mon\n|rule|Item Clause: Limit one of each item\n|clearpoke\n|poke|p1|Garganacl, L50, M|\n|poke|p1|Hydreigon, L50, F|\n|poke|p1|Iron Hands, L50|\n|poke|p1|Oranguru, L50, F|\n|poke|p1|Toxicroak, L50, F|\n|poke|p1|Grimmsnarl, L50, M|\n|poke|p2|Zoroark, L50, M|\n|poke|p2|Azumarill, L50, M|\n|poke|p2|Toxapex, L50, M|\n|poke|p2|Tyranitar, L50, F|\n|poke|p2|Gallade, L50, M|\n|poke|p2|Flutter Mane, L50|\n|teampreview|4\n|j| CluelessGamer18\n|inactive|Battle timer is ON: inactive players will automatically lose when time's up. (requested by tomciv20)\n|\n|t:|1681755567\n|start\n|switch|p1a: Grimmsnarl|Grimmsnarl, L50, M|100\/100\n|switch|p1b: Garganacl|Garganacl, L50, M|100\/100\n|switch|p2a: Gay|Gallade, L50, M, shiny|100\/100\n|switch|p2b: Butter Spain|Flutter Mane, L50|100\/100\n|turn|1\n|inactive|tomciv20 has 30 seconds left.\n|inactive|LightningLucario has 30 seconds left.\n|inactive|tomciv20 has 20 seconds left.\n|inactive|LightningLucario has 20 seconds left.\n|inactive|LightningLucario has 15 seconds left.\n|inactive|LightningLucario has 10 seconds left.\n|inactive|LightningLucario has 5 seconds left.\n|\n|t:|1681755622\n|-terastallize|p1b: Garganacl|Steel\n|move|p1a: Grimmsnarl|Reflect|p1a: Grimmsnarl\n|-sidestart|p1: tomciv20|Reflect\n|move|p2a: Gay|Psycho Cut|p1b: Garganacl\n|-resisted|p1b: Garganacl\n|-damage|p1b: Garganacl|89\/100\n|move|p2b: Butter Spain|Shadow Ball|p1a: Grimmsnarl\n|-resisted|p1a: Grimmsnarl\n|-crit|p1a: Grimmsnarl\n|-damage|p1a: Grimmsnarl|63\/100\n|move|p1b: Garganacl|Heavy Slam|p2b: Butter Spain\n|-supereffective|p2b: Butter Spain\n|-damage|p2b: Butter Spain|0 fnt\n|faint|p2b: Butter Spain\n|-end|p2b: Butter Spain|Protosynthesis|[silent]\n|\n|-heal|p1b: Garganacl|95\/100|[from] item: Leftovers\n|upkeep\n|\n|t:|1681755637\n|switch|p2b: Doomer|Azumarill, L50, M, shiny|100\/100\n|turn|2\n|\n|t:|1681755654\n|switch|p2a: Sox|Toxapex, L50, M, shiny|100\/100\n|move|p1a: Grimmsnarl|Thunder Wave|p2a: Sox\n|-status|p2a: Sox|par\n|move|p2b: Doomer|Liquidation|p1b: Garganacl\n|-damage|p1b: Garganacl|62\/100\n|move|p1b: Garganacl|Salt Cure|p2b: Doomer\n|-damage|p2b: Doomer|83\/100\n|-start|p2b: Doomer|Salt Cure\n|\n|-heal|p1b: Garganacl|68\/100|[from] item: Leftovers\n|-damage|p2b: Doomer|58\/100|[from] Salt Cure\n|upkeep\n|turn|3\n|\n|t:|1681755676\n|move|p1a: Grimmsnarl|Thunder Wave|p2b: Doomer\n|-status|p2b: Doomer|par\n|move|p1b: Garganacl|Salt Cure|p2a: Sox\n|-damage|p2a: Sox|90\/100 par\n|-start|p2a: Sox|Salt Cure\n|move|p2b: Doomer|Liquidation|p1b: Garganacl\n|-crit|p1b: Garganacl\n|-damage|p1b: Garganacl|0 fnt\n|faint|p1b: Garganacl\n|move|p2a: Sox|Surf|p1a: Grimmsnarl|[spread] p2b,p1a\n|-resisted|p2b: Doomer\n|-damage|p2b: Doomer|49\/100 par\n|-damage|p1a: Grimmsnarl|52\/100\n|\n|-heal|p2a: Sox|96\/100 par|[from] item: Leftovers\n|-damage|p2b: Doomer|24\/100 par|[from] Salt Cure\n|-damage|p2a: Sox|71\/100 par|[from] Salt Cure\n|upkeep\n|\n|t:|1681755695\n|switch|p1b: Iron Hands|Iron Hands, L50|100\/100\n|turn|4\n|\n|t:|1681755711\n|move|p2a: Sox|Baneful Bunker|p2a: Sox\n|-singleturn|p2a: Sox|move: Protect\n|move|p1b: Iron Hands|Fake Out|p2b: Doomer\n|-damage|p2b: Doomer|8\/100 par\n|move|p1a: Grimmsnarl|Light Screen|p1a: Grimmsnarl\n|-sidestart|p1: tomciv20|move: Light Screen\n|cant|p2b: Doomer|flinch\n|\n|-heal|p2a: Sox|76\/100 par|[from] item: Leftovers\n|-damage|p2b: Doomer|0 fnt|[from] Salt Cure\n|faint|p2b: Doomer\n|-damage|p2a: Sox|52\/100 par|[from] Salt Cure\n|upkeep\n|\n|t:|1681755724\n|switch|p2b: Gay|Gallade, L50, M, shiny|100\/100\n|turn|5\n|\n|t:|1681755740\n|move|p1a: Grimmsnarl|Thunder Wave|p2b: Gay\n|-status|p2b: Gay|par\n|cant|p2b: Gay|par\n|move|p1b: Iron Hands|Thunder Punch|p2a: Sox\n|-supereffective|p2a: Sox\n|-damage|p2a: Sox|0 fnt\n|faint|p2a: Sox\n|\n|upkeep\n|turn|6\n|\n|t:|1681755751\n|move|p2b: Gay|Sacred Sword|p1b: Iron Hands\n|-damage|p1b: Iron Hands|74\/100\n|move|p1a: Grimmsnarl|Spirit Break|p2b: Gay\n|-supereffective|p2b: Gay\n|-damage|p2b: Gay|0 fnt\n|faint|p2b: Gay\n|\n|win|tomciv20\n|l|\u2606LightningLucario\n|l| CluelessGamer18\n","uploadtime":1681756087,"views":10,"p1id":"tomciv20","p2id":"lightninglucario","formatid":"gen9vgc2023regulationc","rating":0,"private":0,"password":""}