{"id":"gen9vgc2023regulationc-1862286904","p1":"Nehzzy","p2":"Parrotboy","format":"[Gen 9] VGC 2023 Regulation C","log":"|j|\u2606Nehzzy\n|j|\u2606Parrotboy\n|t:|1683859970\n|gametype|doubles\n|player|p1|Nehzzy|265|1306\n|player|p2|Parrotboy|hiker-gen4|1341\n|teamsize|p1|6\n|teamsize|p2|6\n|gen|9\n|tier|[Gen 9] VGC 2023 Regulation C\n|rated|\n|rule|Species Clause: Limit one of each Pok\u00e9mon\n|rule|Item Clause: Limit one of each item\n|clearpoke\n|poke|p1|Amoonguss, L50, F|\n|poke|p1|Gyarados, L50, M|\n|poke|p1|Murkrow, L50, F|\n|poke|p1|Great Tusk, L50|\n|poke|p1|Flutter Mane, L50|\n|poke|p1|Gholdengo, L50|\n|poke|p2|Gholdengo, L50|\n|poke|p2|Ting-Lu, L50|\n|poke|p2|Kilowattrel, L50, M|\n|poke|p2|Gyarados, L50, F|\n|poke|p2|Iron Treads, L50|\n|poke|p2|Orthworm, L50, M|\n|teampreview|4\nNehzzy has agreed to open team sheets.\n|inactive|Battle timer is ON: inactive players will automatically lose when time's up. (requested by Parrotboy)\n|\n|t:|1683860024\n|start\n|switch|p1a: Murkrow|Murkrow, L50, F|100\/100\n|switch|p1b: Great Tusk|Great Tusk, L50|100\/100\n|switch|p2a: Orthworm|Orthworm, L50, M|100\/100\n|switch|p2b: Kilowattrel|Kilowattrel, L50, M|100\/100\n|turn|1\n|\n|t:|1683860036\n|switch|p2a: Gholdengo|Gholdengo, L50|100\/100\n|move|p1a: Murkrow|Sunny Day|p1a: Murkrow\n|-weather|SunnyDay\n|-activate|p1b: Great Tusk|ability: Protosynthesis\n|-start|p1b: Great Tusk|protosynthesisatk\n|move|p1b: Great Tusk|Close Combat|p2a: Gholdengo\n|-immune|p2a: Gholdengo\n|move|p2b: Kilowattrel|Tailwind|p2b: Kilowattrel\n|-sidestart|p2: Parrotboy|move: Tailwind\n|\n|-weather|SunnyDay|[upkeep]\n|upkeep\n|turn|2\n|\n|t:|1683860054\n|-terastallize|p2a: Gholdengo|Flying\n|move|p1a: Murkrow|Tailwind|p1a: Murkrow\n|-sidestart|p1: Nehzzy|move: Tailwind\n|move|p1b: Great Tusk|Close Combat|p2b: Kilowattrel\n|-resisted|p2b: Kilowattrel\n|-damage|p2b: Kilowattrel|22\/100\n|-unboost|p1b: Great Tusk|def|1\n|-unboost|p1b: Great Tusk|spd|1\n|move|p2b: Kilowattrel|Air Slash|p1b: Great Tusk\n|-supereffective|p1b: Great Tusk\n|-damage|p1b: Great Tusk|0 fnt\n|faint|p1b: Great Tusk\n|-end|p1b: Great Tusk|Protosynthesis|[silent]\n|move|p2a: Gholdengo|Nasty Plot|p2a: Gholdengo\n|-boost|p2a: Gholdengo|spa|2\n|\n|-weather|SunnyDay|[upkeep]\n|upkeep\n|\n|t:|1683860067\n|switch|p1b: Flutter Mane|Flutter Mane, L50|100\/100\n|-activate|p1b: Flutter Mane|ability: Protosynthesis\n|-start|p1b: Flutter Mane|protosynthesisspa\n|turn|3\n|\n|t:|1683860081\n|-terastallize|p1b: Flutter Mane|Fairy\n|move|p2a: Gholdengo|Protect|p2a: Gholdengo\n|-singleturn|p2a: Gholdengo|Protect\n|move|p1a: Murkrow|Haze|p1a: Murkrow\n|-clearallboost\n|move|p2b: Kilowattrel|Discharge|p1b: Flutter Mane|[spread] p1a,p1b\n|-activate|p2a: Gholdengo|move: Protect\n|-supereffective|p1a: Murkrow\n|-damage|p1a: Murkrow|50\/100\n|-damage|p1b: Flutter Mane|72\/100\n|-status|p1a: Murkrow|par\n|move|p1b: Flutter Mane|Dazzling Gleam|p2a: Gholdengo|[spread] p2b\n|-activate|p2a: Gholdengo|move: Protect\n|-damage|p2b: Kilowattrel|0 fnt\n|faint|p2b: Kilowattrel\n|\n|-weather|SunnyDay|[upkeep]\n|upkeep\n|\n|t:|1683860102\n|switch|p2b: Iron Treads|Iron Treads, L50|100\/100\n|-enditem|p2b: Iron Treads|Booster Energy\n|-activate|p2b: Iron Treads|ability: Quark Drive|[fromitem]\n|-start|p2b: Iron Treads|quarkdriveatk\n|turn|4\n|\n|t:|1683860112\n|move|p1b: Flutter Mane|Dazzling Gleam|p2a: Gholdengo|[spread] p2a,p2b\n|-resisted|p2b: Iron Treads\n|-damage|p2a: Gholdengo|30\/100\n|-damage|p2b: Iron Treads|40\/100\n|move|p2b: Iron Treads|Earthquake|p1a: Murkrow|[spread] p1b\n|-immune|p2a: Gholdengo\n|-immune|p1a: Murkrow\n|-damage|p1b: Flutter Mane|7\/100\n|move|p2a: Gholdengo|Make It Rain|p1a: Murkrow|[spread] p1a,p1b\n|-supereffective|p1b: Flutter Mane\n|-damage|p1a: Murkrow|12\/100 par\n|-damage|p1b: Flutter Mane|0 fnt\n|-unboost|p2a: Gholdengo|spa|1\n|faint|p1b: Flutter Mane\n|-end|p1b: Flutter Mane|Protosynthesis|[silent]\n|cant|p1a: Murkrow|par\n|\n|-weather|SunnyDay|[upkeep]\n|-heal|p2a: Gholdengo|37\/100|[from] item: Leftovers\n|-sideend|p2: Parrotboy|move: Tailwind\n|upkeep\n|\n|t:|1683860123\n|switch|p1b: Gyarados|Gyarados, L50, M|100\/100\n|-ability|p1b: Gyarados|Intimidate|boost\n|-unboost|p2a: Gholdengo|atk|1\n|-unboost|p2b: Iron Treads|atk|1\n|turn|5\n|\n|t:|1683860152\n|switch|p2a: Orthworm|Orthworm, L50, M|100\/100\n|move|p2b: Iron Treads|Protect|p2b: Iron Treads\n|-singleturn|p2b: Iron Treads|Protect\n|move|p1b: Gyarados|Waterfall|p2b: Iron Treads\n|-activate|p2b: Iron Treads|move: Protect\n|cant|p1a: Murkrow|par\n|\n|-weather|none\n|-sideend|p1: Nehzzy|move: Tailwind\n|upkeep\n|turn|6\n|\n|t:|1683860168\n|move|p1a: Murkrow|Tailwind|p1a: Murkrow\n|-sidestart|p1: Nehzzy|move: Tailwind\n|move|p1b: Gyarados|Waterfall|p2b: Iron Treads\n|-supereffective|p2b: Iron Treads\n|-damage|p2b: Iron Treads|0 fnt\n|faint|p2b: Iron Treads\n|-end|p2b: Iron Treads|Quark Drive|[silent]\n|move|p2a: Orthworm|Shed Tail|p2a: Orthworm\n|-start|p2a: Orthworm|Substitute|[from] move: Shed Tail\n|-damage|p2a: Orthworm|50\/100\n|-enditem|p2a: Orthworm|Sitrus Berry|[eat]\n|-heal|p2a: Orthworm|75\/100|[from] item: Sitrus Berry\n|\n|t:|1683860180\n|switch|p2a: Gholdengo|Gholdengo, L50, tera:Flying|37\/100|[from] Shed Tail\n|\n|-heal|p2a: Gholdengo|43\/100|[from] item: Leftovers\n|upkeep\n|\n|t:|1683860187\n|switch|p2b: Orthworm|Orthworm, L50, M|75\/100\n|turn|7\n|\n|t:|1683860193\n|move|p2a: Gholdengo|Protect|p2a: Gholdengo\n|-singleturn|p2a: Gholdengo|Protect\n|move|p2b: Orthworm|Protect|p2b: Orthworm\n|-singleturn|p2b: Orthworm|Protect\n|move|p1b: Gyarados|Waterfall|p2b: Orthworm\n|-activate|p2b: Orthworm|move: Protect\n|cant|p1a: Murkrow|par\n|\n|-heal|p2a: Gholdengo|49\/100|[from] item: Leftovers\n|upkeep\n|turn|8\n|inactive|Parrotboy has 30 seconds left.\n|\n|t:|1683860218\n|move|p1b: Gyarados|Waterfall|p2b: Orthworm\n|-damage|p2b: Orthworm|43\/100\n|move|p1a: Murkrow|Foul Play|p2b: Orthworm\n|-damage|p2b: Orthworm|23\/100\n|move|p2a: Gholdengo|Make It Rain|p1b: Gyarados|[spread] p1a,p1b\n|-resisted|p1b: Gyarados\n|-damage|p1a: Murkrow|0 fnt\n|-damage|p1b: Gyarados|84\/100\n|-unboost|p2a: Gholdengo|spa|1\n|faint|p1a: Murkrow\n|cant|p2b: Orthworm|flinch\n|\n|-heal|p2a: Gholdengo|55\/100|[from] item: Leftovers\n|upkeep\n|turn|9\n|\n|t:|1683860243\n|move|p2b: Orthworm|Protect|p2b: Orthworm\n|-singleturn|p2b: Orthworm|Protect\n|move|p1b: Gyarados|Waterfall|p2a: Gholdengo\n|-end|p2a: Gholdengo|Substitute\n|move|p2a: Gholdengo|Nasty Plot|p2a: Gholdengo\n|-boost|p2a: Gholdengo|spa|2\n|\n|-heal|p2a: Gholdengo|61\/100|[from] item: Leftovers\n|-sideend|p1: Nehzzy|move: Tailwind\n|upkeep\n|turn|10\n|\n|t:|1683860268\n|move|p2b: Orthworm|Protect||[still]\n|-fail|p2b: Orthworm\n|move|p1b: Gyarados|Waterfall|p2b: Orthworm\n|-damage|p2b: Orthworm|0 fnt\n|faint|p2b: Orthworm\n|move|p2a: Gholdengo|Recover|p2a: Gholdengo\n|-heal|p2a: Gholdengo|100\/100\n|\n|upkeep\n|turn|11\n|\n|t:|1683860280\n|move|p2a: Gholdengo|Nasty Plot|p2a: Gholdengo\n|-boost|p2a: Gholdengo|spa|2\n|move|p1b: Gyarados|Waterfall|p2a: Gholdengo\n|-damage|p2a: Gholdengo|63\/100\n|\n|-heal|p2a: Gholdengo|70\/100|[from] item: Leftovers\n|upkeep\n|turn|12\n|c|\u2606Nehzzy|gg\n|\n|t:|1683860291\n|move|p2a: Gholdengo|Protect|p2a: Gholdengo\n|-singleturn|p2a: Gholdengo|Protect\n|move|p1b: Gyarados|Waterfall|p2a: Gholdengo\n|-activate|p2a: Gholdengo|move: Protect\n|\n|-heal|p2a: Gholdengo|76\/100|[from] item: Leftovers\n|upkeep\n|turn|13\n|\n|t:|1683860299\n|move|p1b: Gyarados|Waterfall|p2a: Gholdengo\n|-damage|p2a: Gholdengo|43\/100\n|move|p2a: Gholdengo|Nasty Plot|p2a: Gholdengo\n|-boost|p2a: Gholdengo|spa|2\n|\n|-heal|p2a: Gholdengo|49\/100|[from] item: Leftovers\n|upkeep\n|turn|14\n|\n|t:|1683860310\n|move|p2a: Gholdengo|Protect|p2a: Gholdengo\n|-singleturn|p2a: Gholdengo|Protect\n|move|p1b: Gyarados|Waterfall|p2a: Gholdengo\n|-activate|p2a: Gholdengo|move: Protect\n|\n|-heal|p2a: Gholdengo|56\/100|[from] item: Leftovers\n|upkeep\n|turn|15\n|c|\u2606Parrotboy|Gg\n|\n|t:|1683860318\n|move|p2a: Gholdengo|Recover|p2a: Gholdengo\n|-heal|p2a: Gholdengo|100\/100\n|move|p1b: Gyarados|Waterfall|p2a: Gholdengo\n|-damage|p2a: Gholdengo|68\/100\n|\n|-heal|p2a: Gholdengo|74\/100|[from] item: Leftovers\n|upkeep\n|turn|16\n|c|\u2606Nehzzy|bro end the battle\n|\n|t:|1683860330\n|move|p2a: Gholdengo|Protect|p2a: Gholdengo\n|-singleturn|p2a: Gholdengo|Protect\n|move|p1b: Gyarados|Waterfall|p2a: Gholdengo\n|-activate|p2a: Gholdengo|move: Protect\n|\n|-heal|p2a: Gholdengo|80\/100|[from] item: Leftovers\n|upkeep\n|turn|17\n|\n|t:|1683860340\n|move|p1b: Gyarados|Waterfall|p2a: Gholdengo\n|-damage|p2a: Gholdengo|44\/100\n|move|p2a: Gholdengo|Make It Rain|p1b: Gyarados\n|-resisted|p1b: Gyarados\n|-damage|p1b: Gyarados|0 fnt\n|-unboost|p2a: Gholdengo|spa|1\n|faint|p1b: Gyarados\n|\n|win|Parrotboy\n|raw|Nehzzy's rating: 1306 → 1288<\/strong> (-18 for losing)\n|raw|Parrotboy's rating: 1341 → 1359<\/strong> (+18 for winning)\n|c|\u2606Nehzzy|thank you\n","uploadtime":1683860346,"views":16,"p1id":"nehzzy","p2id":"parrotboy","formatid":"gen9vgc2023regulationc","rating":1288,"private":0,"password":""}