{"id":"gen9vgc2023regulationc-1851547465","p1":"Nehzzy","p2":"N3rdSl4y3r","format":"[Gen 9] VGC 2023 Regulation C","log":"|j|\u2606Nehzzy\n|j|\u2606N3rdSl4y3r\n|t:|1682454552\n|gametype|doubles\n|player|p1|Nehzzy|steven|\n|player|p2|N3rdSl4y3r|rika|\n|teamsize|p1|6\n|teamsize|p2|6\n|gen|9\n|tier|[Gen 9] VGC 2023 Regulation C\n|rule|Species Clause: Limit one of each Pok\u00e9mon\n|rule|Item Clause: Limit one of each item\n|clearpoke\n|poke|p1|Palafin, L50, F|\n|poke|p1|Arcanine, L50, M|\n|poke|p1|Flutter Mane, L50|\n|poke|p1|Amoonguss, L50, F|\n|poke|p1|Ting-Lu, L50|\n|poke|p1|Baxcalibur, L50, F|\n|poke|p2|Breloom, L50, F|\n|poke|p2|Chi-Yu, L50|\n|poke|p2|Azumarill, L50, F|\n|poke|p2|Baxcalibur, L50, F|\n|poke|p2|Flutter Mane, L50|\n|poke|p2|Maushold-Four, L50|\n|teampreview|4\nN3rdSl4y3r has agreed to open team sheets.\n|c|\u2606N3rdSl4y3r|glhf!\nNehzzy has agreed to open team sheets.\n|\n|t:|1682454613\n|start\n|switch|p1a: Palafin|Palafin, L50, F|100\/100\n|switch|p1b: Flutter Mane|Flutter Mane, L50|100\/100\n|switch|p2a: Hovering Cane|Flutter Mane, L50|100\/100\n|switch|p2b: Chi-Nuke|Chi-Yu, L50|100\/100\n|-ability|p2b: Chi-Nuke|Beads of Ruin\n|-enditem|p2a: Hovering Cane|Booster Energy\n|-activate|p2a: Hovering Cane|ability: Protosynthesis|[fromitem]\n|-start|p2a: Hovering Cane|protosynthesisspa\n|turn|1\n|\n|t:|1682454655\n|switch|p2b: Jorunna Parva|Azumarill, L50, F, shiny|100\/100\n|-terastallize|p1a: Palafin|Water\n|move|p1a: Palafin|Jet Punch|p2b: Jorunna Parva\n|-resisted|p2b: Jorunna Parva\n|-damage|p2b: Jorunna Parva|81\/100\n|move|p1b: Flutter Mane|Shadow Ball|p2a: Hovering Cane\n|-supereffective|p2a: Hovering Cane\n|-damage|p2a: Hovering Cane|0 fnt\n|faint|p2a: Hovering Cane\n|-end|p2a: Hovering Cane|Protosynthesis|[silent]\n|\n|upkeep\n|\n|t:|1682454666\n|switch|p2a: Cryolophosaurus|Baxcalibur, L50, F|100\/100\n|turn|2\n|\n|t:|1682454710\n|detailschange|p1a: Palafin|Palafin-Hero, L50, F, tera:Water\n|switch|p1a: Amoonguss|Amoonguss, L50, F|100\/100\n|-terastallize|p2a: Cryolophosaurus|Poison\n|move|p1b: Flutter Mane|Shadow Ball|p2b: Jorunna Parva\n|-damage|p2b: Jorunna Parva|18\/100\n|-unboost|p2b: Jorunna Parva|spd|1\n|-enditem|p2b: Jorunna Parva|Sitrus Berry|[eat]\n|-heal|p2b: Jorunna Parva|43\/100|[from] item: Sitrus Berry\n|move|p2a: Cryolophosaurus|Glaive Rush|p1a: Amoonguss\n|-damage|p1a: Amoonguss|45\/100\n|-singlemove|p2a: Cryolophosaurus|Glaive Rush|[silent]\n|-enditem|p1a: Amoonguss|Sitrus Berry|[eat]\n|-heal|p1a: Amoonguss|70\/100|[from] item: Sitrus Berry\n|move|p2b: Jorunna Parva|Play Rough|p1b: Flutter Mane\n|-damage|p1b: Flutter Mane|0 fnt\n|faint|p1b: Flutter Mane\n|-end|p1b: Flutter Mane|Protosynthesis|[silent]\n|\n|upkeep\n|\n|t:|1682454728\n|switch|p1b: Palafin|Palafin-Hero, L50, F, tera:Water|100\/100\n|-activate|p1b: Palafin|ability: Zero to Hero\n|turn|3\n|\n|t:|1682454762\n|move|p1a: Amoonguss|Protect|p1a: Amoonguss\n|-singleturn|p1a: Amoonguss|Protect\n|move|p2a: Cryolophosaurus|Icicle Crash|p1a: Amoonguss\n|-activate|p1a: Amoonguss|move: Protect\n|move|p1b: Palafin|Wave Crash|p2a: Cryolophosaurus\n|-crit|p2a: Cryolophosaurus\n|-damage|p2a: Cryolophosaurus|0 fnt\n|faint|p2a: Cryolophosaurus\n|-damage|p1b: Palafin|70\/100|[from] Recoil\n|move|p2b: Jorunna Parva|Perish Song|p2b: Jorunna Parva\n|-start|p1a: Amoonguss|perish3|[silent]\n|-start|p1b: Palafin|perish3|[silent]\n|-start|p2b: Jorunna Parva|perish3|[silent]\n|-fieldactivate|move: Perish Song\n|\n|-start|p1b: Palafin|perish3\n|-start|p2b: Jorunna Parva|perish3\n|-start|p1a: Amoonguss|perish3\n|upkeep\n|c|\u2606N3rdSl4y3r|yikes\n|\n|t:|1682454777\n|switch|p2a: Chi-Nuke|Chi-Yu, L50|100\/100\n|-ability|p2a: Chi-Nuke|Beads of Ruin\n|turn|4\n|c|\u2606N3rdSl4y3r|rough crit\n|c|\u2606N3rdSl4y3r|i think\n|\n|t:|1682454805\n|move|p1a: Amoonguss|Rage Powder|p1a: Amoonguss\n|-singleturn|p1a: Amoonguss|move: Rage Powder\n|move|p1b: Palafin|Jet Punch|p2a: Chi-Nuke\n|-supereffective|p2a: Chi-Nuke\n|-damage|p2a: Chi-Nuke|0 fnt\n|faint|p2a: Chi-Nuke\n|move|p2b: Jorunna Parva|Play Rough|p1a: Amoonguss\n|-resisted|p1a: Amoonguss\n|-damage|p1a: Amoonguss|48\/100\n|\n|-start|p1b: Palafin|perish2\n|-start|p2b: Jorunna Parva|perish2\n|-start|p1a: Amoonguss|perish2\n|upkeep\n|turn|5\n|c|\u2606Nehzzy|Well he woulda just got jet punched next turn if it mattered\n|\n|t:|1682454848\n|move|p1b: Palafin|Wave Crash|p2b: Jorunna Parva\n|-resisted|p2b: Jorunna Parva\n|-damage|p2b: Jorunna Parva|0 fnt\n|faint|p2b: Jorunna Parva\n|-damage|p1b: Palafin|56\/100|[from] Recoil\n|\n|win|Nehzzy\n|c|\u2606N3rdSl4y3r|oh true\n|c|\u2606N3rdSl4y3r|gg\n|l|\u2606N3rdSl4y3r\n|c|\u2606Nehzzy|Gg!\n|l|\u2606Nehzzy\n|j|\u2606N3rdSl4y3r\n|player|p2|N3rdSl4y3r|rika\n","uploadtime":1682455384,"views":16,"p1id":"nehzzy","p2id":"n3rdsl4y3r","formatid":"gen9vgc2023regulationc","rating":0,"private":0,"password":""}