{"id":"gen9vgc2023regulationc-1862840368","p1":"Rotom Supporter","p2":"Dynamo22","format":"[Gen 9] VGC 2023 Regulation C","log":"|j|\u2606Rotom Supporter\n|j|\u2606Dynamo22\n|t:|1683927926\n|gametype|doubles\n|player|p1|Rotom Supporter|1|1312\n|player|p2|Dynamo22|1|1219\n|teamsize|p1|6\n|teamsize|p2|6\n|gen|9\n|tier|[Gen 9] VGC 2023 Regulation C\n|rated|\n|rule|Species Clause: Limit one of each Pok\u00e9mon\n|rule|Item Clause: Limit one of each item\n|clearpoke\n|poke|p1|Gholdengo, L50|\n|poke|p1|Maushold-Four, L50|\n|poke|p1|Annihilape, L50, F|\n|poke|p1|Iron Bundle, L50|\n|poke|p1|Arcanine, L50, M|\n|poke|p1|Roaring Moon, L50|\n|poke|p2|Seviper, L50, F|\n|poke|p2|Wo-Chien, L50|\n|poke|p2|Flutter Mane, L50|\n|poke|p2|Gyarados, L50, M|\n|poke|p2|Dragonite, L50, F|\n|poke|p2|Orthworm, L50, F|\n|teampreview|4\nRotom Supporter has agreed to open team sheets.\nDynamo22 has agreed to open team sheets.\n|\n|t:|1683927985\n|start\n|switch|p1a: Iron Bundle|Iron Bundle, L50|100\/100\n|switch|p1b: Arcanine|Arcanine, L50, M|100\/100\n|switch|p2a: Flutter Mane|Flutter Mane, L50|100\/100\n|switch|p2b: Wo-Chien|Wo-Chien, L50|100\/100\n|-ability|p1b: Arcanine|Intimidate|boost\n|-unboost|p2a: Flutter Mane|atk|1\n|-unboost|p2b: Wo-Chien|atk|1\n|-ability|p2b: Wo-Chien|Tablets of Ruin\n|-enditem|p2a: Flutter Mane|Booster Energy\n|-activate|p2a: Flutter Mane|ability: Protosynthesis|[fromitem]\n|-start|p2a: Flutter Mane|protosynthesisspa\n|turn|1\n|\n|t:|1683928030\n|-terastallize|p2b: Wo-Chien|Fire\n|move|p1a: Iron Bundle|Icy Wind|p2b: Wo-Chien|[spread] p2a,p2b\n|-resisted|p2b: Wo-Chien\n|-damage|p2a: Flutter Mane|80\/100\n|-damage|p2b: Wo-Chien|94\/100\n|-unboost|p2a: Flutter Mane|spe|1\n|-unboost|p2b: Wo-Chien|spe|1\n|move|p1b: Arcanine|Flare Blitz|p2a: Flutter Mane\n|-damage|p2a: Flutter Mane|5\/100\n|-damage|p1b: Arcanine|82\/100|[from] Recoil\n|move|p2a: Flutter Mane|Dazzling Gleam|p1a: Iron Bundle|[spread] p1a,p1b\n|-resisted|p1b: Arcanine\n|-damage|p1a: Iron Bundle|0 fnt\n|-damage|p1b: Arcanine|65\/100\n|faint|p1a: Iron Bundle\n|-end|p1a: Iron Bundle|Quark Drive|[silent]\n|move|p2b: Wo-Chien|Snarl|p1b: Arcanine\n|-damage|p1b: Arcanine|51\/100\n|-unboost|p1b: Arcanine|spa|1\n|\n|-heal|p2b: Wo-Chien|100\/100|[from] item: Leftovers\n|upkeep\n|\n|t:|1683928064\n|switch|p1a: Annihilape|Annihilape, L50, F|100\/100\n|turn|2\n|\n|t:|1683928077\n|move|p1a: Annihilape|Bulk Up|p1a: Annihilape\n|-boost|p1a: Annihilape|atk|1\n|-boost|p1a: Annihilape|def|1\n|move|p1b: Arcanine|Snarl|p2a: Flutter Mane|[spread] p2a,p2b\n|-damage|p2a: Flutter Mane|0 fnt\n|-damage|p2b: Wo-Chien|97\/100\n|-unboost|p2b: Wo-Chien|spa|1\n|faint|p2a: Flutter Mane\n|-end|p2a: Flutter Mane|Protosynthesis|[silent]\n|move|p2b: Wo-Chien|Leech Seed|p1a: Annihilape\n|-start|p1a: Annihilape|move: Leech Seed\n|\n|-heal|p2b: Wo-Chien|100\/100|[from] item: Leftovers\n|-damage|p1a: Annihilape|88\/100|[from] Leech Seed|[of] p2b: Wo-Chien\n|upkeep\n|\n|t:|1683928091\n|switch|p2a: Dragonite|Dragonite, L50, F|100\/100\n|turn|3\n|\n|t:|1683928110\n|move|p1b: Arcanine|Extreme Speed|p2a: Dragonite\n|-damage|p2a: Dragonite|91\/100\n|move|p1a: Annihilape|Bulk Up|p1a: Annihilape\n|-boost|p1a: Annihilape|atk|1\n|-boost|p1a: Annihilape|def|1\n|move|p2a: Dragonite|Dragon Dance|p2a: Dragonite\n|-boost|p2a: Dragonite|atk|1\n|-boost|p2a: Dragonite|spe|1\n|move|p2b: Wo-Chien|Pollen Puff|p2a: Dragonite\n|-heal|p2a: Dragonite|100\/100\n|\n|-damage|p1a: Annihilape|76\/100|[from] Leech Seed|[of] p2b: Wo-Chien\n|upkeep\n|turn|4\n|\n|t:|1683928133\n|-terastallize|p1a: Annihilape|Water\n|move|p2a: Dragonite|Extreme Speed|p1b: Arcanine\n|-damage|p1b: Arcanine|17\/100\n|move|p1b: Arcanine|Extreme Speed|p1a: Annihilape\n|-crit|p1a: Annihilape\n|-damage|p1a: Annihilape|51\/100\n|move|p1a: Annihilape|Rage Fist|p2a: Dragonite\n|-damage|p2a: Dragonite|67\/100\n|move|p2b: Wo-Chien|Pollen Puff|p2a: Dragonite\n|-heal|p2a: Dragonite|100\/100\n|\n|-damage|p1a: Annihilape|39\/100|[from] Leech Seed|[of] p2b: Wo-Chien\n|upkeep\n|-enditem|p1a: Annihilape|Sitrus Berry|[eat]\n|-heal|p1a: Annihilape|64\/100|[from] item: Sitrus Berry\n|turn|5\n|\n|t:|1683928159\n|switch|p1b: Maushold|Maushold-Four, L50|100\/100\n|switch|p2b: Orthworm|Orthworm, L50, F|100\/100\n|move|p2a: Dragonite|Extreme Speed|p1b: Maushold\n|-damage|p1b: Maushold|50\/100\n|move|p1a: Annihilape|Drain Punch|p2b: Orthworm\n|-supereffective|p2b: Orthworm\n|-damage|p2b: Orthworm|9\/100\n|-heal|p1a: Annihilape|100\/100|[from] drain|[of] p2b: Orthworm\n|-enditem|p2b: Orthworm|Sitrus Berry|[eat]\n|-heal|p2b: Orthworm|34\/100|[from] item: Sitrus Berry\n|\n|-damage|p1a: Annihilape|88\/100|[from] Leech Seed|[of] p2b: Orthworm\n|-heal|p2b: Orthworm|49\/100|[silent]\n|upkeep\n|turn|6\n|\n|t:|1683928186\n|switch|p2b: Wo-Chien|Wo-Chien, L50, tera:Fire|100\/100\n|-ability|p2b: Wo-Chien|Tablets of Ruin\n|move|p1b: Maushold|Protect|p1b: Maushold\n|-singleturn|p1b: Maushold|Protect\n|move|p2a: Dragonite|Dragon Dance|p2a: Dragonite\n|-boost|p2a: Dragonite|atk|1\n|-boost|p2a: Dragonite|spe|1\n|move|p1a: Annihilape|Drain Punch|p2b: Wo-Chien\n|-damage|p2b: Wo-Chien|62\/100\n|-heal|p1a: Annihilape|100\/100|[from] drain|[of] p2b: Wo-Chien\n|\n|-heal|p2b: Wo-Chien|69\/100|[from] item: Leftovers\n|-damage|p1a: Annihilape|88\/100|[from] Leech Seed|[of] p2b: Wo-Chien\n|-heal|p2b: Wo-Chien|82\/100|[silent]\n|upkeep\n|turn|7\n|\n|t:|1683928211\n|move|p2b: Wo-Chien|Protect|p2b: Wo-Chien\n|-singleturn|p2b: Wo-Chien|Protect\n|move|p2a: Dragonite|Extreme Speed|p1b: Maushold\n|-damage|p1b: Maushold|0 fnt\n|faint|p1b: Maushold\n|move|p1a: Annihilape|Rage Fist|p2a: Dragonite\n|-damage|p2a: Dragonite|69\/100\n|\n|-heal|p2b: Wo-Chien|89\/100|[from] item: Leftovers\n|-damage|p1a: Annihilape|76\/100|[from] Leech Seed|[of] p2b: Wo-Chien\n|-heal|p2b: Wo-Chien|100\/100|[silent]\n|upkeep\n|\n|t:|1683928215\n|switch|p1b: Arcanine|Arcanine, L50, M|17\/100\n|-ability|p1b: Arcanine|Intimidate|boost\n|-unboost|p2a: Dragonite|atk|1\n|-unboost|p2b: Wo-Chien|atk|1\n|turn|8\n|\n|t:|1683928234\n|move|p2a: Dragonite|Extreme Speed|p1b: Arcanine\n|-damage|p1b: Arcanine|0 fnt\n|faint|p1b: Arcanine\n|move|p1a: Annihilape|Rage Fist|p2b: Wo-Chien\n|-damage|p2b: Wo-Chien|44\/100\n|move|p2b: Wo-Chien|Pollen Puff|p2a: Dragonite\n|-heal|p2a: Dragonite|100\/100\n|\n|-heal|p2b: Wo-Chien|50\/100|[from] item: Leftovers\n|-damage|p1a: Annihilape|63\/100|[from] Leech Seed|[of] p2b: Wo-Chien\n|-heal|p2b: Wo-Chien|64\/100|[silent]\n|upkeep\n|turn|9\n|-message|Rotom Supporter forfeited.\n|\n|win|Dynamo22\n|raw|Rotom Supporter's rating: 1312 → 1287<\/strong> (-25 for losing)\n|raw|Dynamo22's rating: 1219 → 1251<\/strong> (+32 for winning)\n|l|\u2606Rotom Supporter\n","uploadtime":1683928251,"views":6,"p1id":"rotomsupporter","p2id":"dynamo22","formatid":"gen9vgc2023regulationc","rating":1251,"private":0,"password":""}