{"id":"gen9vgc2023regulationc-1846677323","p1":"Valhala Alfa","p2":"Lucawufflekinz","format":"[Gen 9] VGC 2023 Regulation C","log":"|j|\u2606Valhala Alfa\n|j|\u2606Lucawufflekinz\n|t:|1681864736\n|gametype|doubles\n|player|p1|Valhala Alfa|101|1162\n|player|p2|Lucawufflekinz|266|1155\n|teamsize|p1|6\n|teamsize|p2|6\n|gen|9\n|tier|[Gen 9] VGC 2023 Regulation C\n|rated|\n|rule|Species Clause: Limit one of each Pok\u00e9mon\n|rule|Item Clause: Limit one of each item\n|clearpoke\n|poke|p1|Farigiraf, L50, M|\n|poke|p1|Murkrow, L50, F|\n|poke|p1|Magnezone, L50|\n|poke|p1|Staraptor, L50, M|\n|poke|p1|Annihilape, L50, M|\n|poke|p1|Volcarona, L50, F|\n|poke|p2|Flutter Mane, L50|\n|poke|p2|Gyarados, L50, F|\n|poke|p2|Arcanine, L50, M|\n|poke|p2|Roaring Moon, L50|\n|poke|p2|Scizor, L50, F|\n|poke|p2|Maushold, L50|\n|teampreview|4\n|inactive|Battle timer is ON: inactive players will automatically lose when time's up. (requested by Valhala Alfa)\n|inactive|Valhala Alfa has 60 seconds left.\n|inactive|Lucawufflekinz has 60 seconds left.\n|\n|t:|1681864792\n|start\n|switch|p1a: Magnezone|Magnezone, L50|100\/100\n|switch|p1b: Staraptor|Staraptor, L50, M|100\/100\n|switch|p2a: Flutter Mane|Flutter Mane, L50|100\/100\n|switch|p2b: Maushold|Maushold, L50|100\/100\n|turn|1\n|inactive|Valhala Alfa has 30 seconds left.\n|inactive|Lucawufflekinz has 30 seconds left.\n|\n|t:|1681864822\n|-terastallize|p1b: Staraptor|Ground\n|move|p1b: Staraptor|Brave Bird|p2b: Maushold\n|-damage|p2b: Maushold|0 fnt\n|faint|p2b: Maushold\n|-damage|p1b: Staraptor|63\/100|[from] Recoil\n|move|p2a: Flutter Mane|Thunderbolt|p1b: Staraptor\n|-immune|p1b: Staraptor\n|move|p1a: Magnezone|Discharge|p2a: Flutter Mane|[spread] p2a\n|-immune|p1b: Staraptor\n|-damage|p2a: Flutter Mane|65\/100\n|\n|upkeep\n|\n|t:|1681864837\n|switch|p2b: Roaring Moon|Roaring Moon, L50|100\/100\n|turn|2\n|inactive|Lucawufflekinz has 30 seconds left.\n|\n|t:|1681864864\n|-end|p2a: Flutter Mane|Protosynthesis|[silent]\n|switch|p2a: Gyarados|Gyarados, L50, F|100\/100\n|-ability|p2a: Gyarados|Intimidate|boost\n|-unboost|p1a: Magnezone|atk|1\n|-unboost|p1b: Staraptor|atk|1\n|move|p1b: Staraptor|Brave Bird|p2b: Roaring Moon\n|-damage|p2b: Roaring Moon|64\/100\n|-damage|p1b: Staraptor|48\/100|[from] Recoil\n|move|p2b: Roaring Moon|Snarl|p1b: Staraptor|[spread] p1a,p1b\n|-damage|p1a: Magnezone|95\/100\n|-damage|p1b: Staraptor|35\/100\n|-unboost|p1a: Magnezone|spa|1\n|-unboost|p1b: Staraptor|spa|1\n|move|p1a: Magnezone|Discharge|p2a: Gyarados|[spread] p2a,p2b\n|-immune|p1b: Staraptor\n|-supereffective|p2a: Gyarados\n|-resisted|p2b: Roaring Moon\n|-damage|p2a: Gyarados|0 fnt\n|-damage|p2b: Roaring Moon|54\/100\n|faint|p2a: Gyarados\n|\n|-heal|p2b: Roaring Moon|61\/100|[from] item: Leftovers\n|upkeep\n|\n|t:|1681864885\n|switch|p2a: Flutter Mane|Flutter Mane, L50|65\/100\n|turn|3\n|\n|t:|1681864906\n|-terastallize|p2a: Flutter Mane|Fairy\n|move|p1b: Staraptor|Brave Bird|p2a: Flutter Mane\n|-damage|p2a: Flutter Mane|0 fnt\n|faint|p2a: Flutter Mane\n|-end|p2a: Flutter Mane|Protosynthesis|[silent]\n|-damage|p1b: Staraptor|16\/100|[from] Recoil\n|move|p2b: Roaring Moon|Snarl|p1b: Staraptor|[spread] p1a,p1b\n|-damage|p1a: Magnezone|90\/100\n|-damage|p1b: Staraptor|4\/100\n|-unboost|p1a: Magnezone|spa|1\n|-unboost|p1b: Staraptor|spa|1\n|move|p1a: Magnezone|Flash Cannon|p2b: Roaring Moon\n|-damage|p2b: Roaring Moon|37\/100\n|\n|-heal|p2b: Roaring Moon|43\/100|[from] item: Leftovers\n|upkeep\n|turn|4\n|\n|t:|1681864923\n|move|p2b: Roaring Moon|Protect|p2b: Roaring Moon\n|-singleturn|p2b: Roaring Moon|Protect\n|move|p1b: Staraptor|Brave Bird|p2b: Roaring Moon\n|-activate|p2b: Roaring Moon|move: Protect\n|move|p1a: Magnezone|Flash Cannon|p2b: Roaring Moon\n|-activate|p2b: Roaring Moon|move: Protect\n|\n|-heal|p2b: Roaring Moon|50\/100|[from] item: Leftovers\n|upkeep\n|turn|5\n|\n|t:|1681864940\n|move|p1b: Staraptor|Brave Bird|p2b: Roaring Moon\n|-damage|p2b: Roaring Moon|15\/100\n|-damage|p1b: Staraptor|0 fnt|[from] Recoil\n|faint|p1b: Staraptor\n|move|p2b: Roaring Moon|Snarl|p1a: Magnezone\n|-damage|p1a: Magnezone|84\/100\n|-unboost|p1a: Magnezone|spa|1\n|move|p1a: Magnezone|Flash Cannon|p2b: Roaring Moon\n|-damage|p2b: Roaring Moon|0 fnt\n|faint|p2b: Roaring Moon\n|-end|p2b: Roaring Moon|Protosynthesis|[silent]\n|\n|win|Valhala Alfa\n|raw|Valhala Alfa's rating: 1162 → 1186<\/strong> (+24 for winning)\n|raw|Lucawufflekinz's rating: 1155 → 1131<\/strong> (-24 for losing)\n","uploadtime":1681864951,"views":13,"p1id":"valhalaalfa","p2id":"lucawufflekinz","formatid":"gen9vgc2023regulationc","rating":1131,"private":0,"password":""}