{"id":"gen9vgc2023regulationc-1851706961","p1":"RoiBoi6","p2":"Piccolo Ruiz","format":"[Gen 9] VGC 2023 Regulation C","log":"|j|\u2606RoiBoi6\n|j|\u2606Piccolo Ruiz\n|t:|1682472397\n|gametype|doubles\n|player|p1|RoiBoi6|steven|1216\n|player|p2|Piccolo Ruiz|valerie|1302\n|teamsize|p1|6\n|teamsize|p2|6\n|gen|9\n|tier|[Gen 9] VGC 2023 Regulation C\n|rated|\n|rule|Species Clause: Limit one of each Pok\u00e9mon\n|rule|Item Clause: Limit one of each item\n|clearpoke\n|poke|p1|Tinkaton, L50, F|\n|poke|p1|Gholdengo, L50|\n|poke|p1|Pelipper, L50, F|\n|poke|p1|Floatzel, L50, M|\n|poke|p1|Amoonguss, L50, F|\n|poke|p1|Dragonite, L50, M|\n|poke|p2|Flutter Mane, L50|\n|poke|p2|Amoonguss, L50, F|\n|poke|p2|Gyarados, L50, F|\n|poke|p2|Arcanine, L50, F|\n|poke|p2|Ting-Lu, L50|\n|poke|p2|Baxcalibur, L50, F|\n|teampreview|4\n|inactive|Battle timer is ON: inactive players will automatically lose when time's up. (requested by Piccolo Ruiz)\n|inactive|RoiBoi6 has 60 seconds left.\n|inactive|Piccolo Ruiz has 60 seconds left.\n|\n|t:|1682472452\n|start\n|switch|p1a: BholBengo|Gholdengo, L50|100\/100\n|switch|p1b: Flowt|Floatzel, L50, M|100\/100\n|switch|p2a: Bianca|Gyarados, L50, F, shiny|100\/100\n|switch|p2b: Brita|Amoonguss, L50, F, shiny|100\/100\n|-ability|p2a: Bianca|Intimidate|boost\n|-unboost|p1a: BholBengo|atk|1\n|-unboost|p1b: Flowt|atk|1\n|turn|1\n|\n|t:|1682472469\n|switch|p2a: Ting-Lu|Ting-Lu, L50|100\/100\n|-ability|p2a: Ting-Lu|Vessel of Ruin\n|move|p1b: Flowt|Protect|p1b: Flowt\n|-singleturn|p1b: Flowt|Protect\n|move|p1a: BholBengo|Thunderbolt|p2a: Ting-Lu\n|-immune|p2a: Ting-Lu\n|move|p2b: Brita|Spore|p1b: Flowt\n|-activate|p1b: Flowt|move: Protect\n|\n|upkeep\n|turn|2\n|inactive|RoiBoi6 has 30 seconds left.\n|\n|t:|1682472495\n|switch|p1a: Belipper|Pelipper, L50, F|100\/100\n|-weather|RainDance|[from] ability: Drizzle|[of] p1a: Belipper\n|move|p1b: Flowt|Ice Spinner|p2b: Brita\n|-supereffective|p2b: Brita\n|-damage|p2b: Brita|64\/100\n|-damage|p1b: Flowt|84\/100|[from] item: Rocky Helmet|[of] p2b: Brita\n|-damage|p1b: Flowt|74\/100|[from] item: Life Orb\n|move|p2a: Ting-Lu|Stomping Tantrum|p1a: Belipper\n|-immune|p1a: Belipper\n|move|p2b: Brita|Spore|p1b: Flowt\n|-status|p1b: Flowt|slp|[from] move: Spore\n|\n|-weather|RainDance|[upkeep]\n|upkeep\n|turn|3\n|inactive|Piccolo Ruiz has 30 seconds left.\n|inactive|Piccolo Ruiz has 20 seconds left.\n|\n|t:|1682472531\n|-terastallize|p2b: Brita|Water\n|cant|p1b: Flowt|slp\n|move|p1a: Belipper|Hurricane|p2b: Brita\n|-damage|p2b: Brita|37\/100\n|move|p2a: Ting-Lu|Ruination|p1a: Belipper\n|-damage|p1a: Belipper|51\/100\n|move|p2b: Brita|Spore|p1a: Belipper\n|-status|p1a: Belipper|slp|[from] move: Spore\n|\n|-weather|RainDance|[upkeep]\n|upkeep\n|turn|4\n|inactive|RoiBoi6 has 30 seconds left.\n|\n|t:|1682472563\n|switch|p2a: Bianca|Gyarados, L50, F, shiny|100\/100\n|-ability|p2a: Bianca|Intimidate|boost\n|-unboost|p1a: Belipper|atk|1\n|-unboost|p1b: Flowt|atk|1\n|switch|p2b: Flutter Mane|Flutter Mane, L50|100\/100\n|-enditem|p2b: Flutter Mane|Booster Energy\n|-activate|p2b: Flutter Mane|ability: Protosynthesis|[fromitem]\n|-start|p2b: Flutter Mane|protosynthesisspa\n|cant|p1b: Flowt|slp\n|cant|p1a: Belipper|slp\n|\n|-weather|RainDance|[upkeep]\n|upkeep\n|turn|5\n|\n|t:|1682472582\n|-curestatus|p1b: Flowt|slp|[msg]\n|move|p1b: Flowt|Protect|p1b: Flowt\n|-singleturn|p1b: Flowt|Protect\n|move|p2b: Flutter Mane|Dazzling Gleam|p1b: Flowt|[spread] p1a\n|-activate|p1b: Flowt|move: Protect\n|-damage|p1a: Belipper|14\/100 slp\n|move|p2a: Bianca|Waterfall|p1a: Belipper\n|-resisted|p1a: Belipper\n|-damage|p1a: Belipper|0 fnt\n|faint|p1a: Belipper\n|\n|-weather|RainDance|[upkeep]\n|upkeep\n|\n|t:|1682472603\n|switch|p1a: BholBengo|Gholdengo, L50|100\/100\n|turn|6\n|\n|t:|1682472620\n|-terastallize|p1a: BholBengo|Steel\n|move|p1b: Flowt|Aqua Jet|p2b: Flutter Mane\n|-damage|p2b: Flutter Mane|70\/100\n|-damage|p1b: Flowt|64\/100|[from] item: Life Orb\n|move|p2b: Flutter Mane|Shadow Ball|p1a: BholBengo\n|-damage|p1a: BholBengo|37\/100\n|move|p1a: BholBengo|Make It Rain|p2b: Flutter Mane|[spread] p2a,p2b\n|-resisted|p2a: Bianca\n|-supereffective|p2b: Flutter Mane\n|-damage|p2a: Bianca|61\/100\n|-damage|p2b: Flutter Mane|0 fnt\n|-unboost|p1a: BholBengo|spa|1\n|faint|p2b: Flutter Mane\n|-end|p2b: Flutter Mane|Protosynthesis|[silent]\n|move|p2a: Bianca|Thunder Wave|p1b: Flowt\n|-status|p1b: Flowt|par\n|\n|-weather|RainDance|[upkeep]\n|upkeep\n|\n|t:|1682472631\n|switch|p2b: Ting-Lu|Ting-Lu, L50|100\/100\n|-ability|p2b: Ting-Lu|Vessel of Ruin\n|turn|7\n|\n|t:|1682472646\n|switch|p1a: Scoot|Dragonite, L50, M|100\/100\n|switch|p2b: Brita|Amoonguss, L50, F, shiny, tera:Water|71\/100\n|move|p1b: Flowt|Protect|p1b: Flowt\n|-singleturn|p1b: Flowt|Protect\n|move|p2a: Bianca|Waterfall|p1a: Scoot\n|-resisted|p1a: Scoot\n|-damage|p1a: Scoot|77\/100\n|\n|-weather|RainDance|[upkeep]\n|upkeep\n|turn|8\n|inactive|RoiBoi6 has 30 seconds left.\n|inactive|Piccolo Ruiz has 30 seconds left.\n|\n|t:|1682472674\n|move|p1b: Flowt|Wave Crash|p2b: Brita\n|-resisted|p2b: Brita\n|-damage|p2b: Brita|51\/100\n|-damage|p1b: Flowt|48\/100 par|[from] item: Rocky Helmet|[of] p2b: Brita\n|-damage|p1b: Flowt|39\/100 par|[from] Recoil\n|-damage|p1b: Flowt|29\/100 par|[from] item: Life Orb\n|move|p2a: Bianca|Waterfall|p1a: Scoot\n|-resisted|p1a: Scoot\n|-damage|p1a: Scoot|52\/100\n|move|p1a: Scoot|Dragon Claw|p2b: Brita\n|-damage|p2b: Brita|12\/100\n|-damage|p1a: Scoot|35\/100|[from] item: Rocky Helmet|[of] p2b: Brita\n|move|p2b: Brita|Spore|p1a: Scoot\n|-status|p1a: Scoot|slp|[from] move: Spore\n|\n|-weather|RainDance|[upkeep]\n|upkeep\n|turn|9\n|inactive|RoiBoi6 has 30 seconds left.\n|inactive|Piccolo Ruiz has 30 seconds left.\n|\n|t:|1682472706\n|move|p2b: Brita|Protect|p2b: Brita\n|-singleturn|p2b: Brita|Protect\n|cant|p1a: Scoot|slp\n|move|p1b: Flowt|Wave Crash|p2b: Brita\n|-activate|p2b: Brita|move: Protect\n|move|p2a: Bianca|Waterfall|p1a: Scoot\n|-resisted|p1a: Scoot\n|-damage|p1a: Scoot|10\/100 slp\n|\n|-weather|none\n|upkeep\n|turn|10\n|\n|t:|1682472733\n|-curestatus|p1a: Scoot|slp|[msg]\n|move|p1a: Scoot|Extreme Speed|p2b: Brita\n|-damage|p2b: Brita|0 fnt\n|-damage|p1a: Scoot|0 fnt|[from] item: Rocky Helmet|[of] p2b: Brita\n|faint|p2b: Brita\n|faint|p1a: Scoot\n|move|p2a: Bianca|Waterfall|p1b: Flowt\n|-resisted|p1b: Flowt\n|-damage|p1b: Flowt|2\/100 par\n|move|p1b: Flowt|Wave Crash|p2a: Bianca\n|-resisted|p2a: Bianca\n|-damage|p2a: Bianca|45\/100\n|-enditem|p2a: Bianca|Sitrus Berry|[eat]\n|-heal|p2a: Bianca|70\/100|[from] item: Sitrus Berry\n|-damage|p1b: Flowt|0 fnt|[from] Recoil\n|faint|p1b: Flowt\n|\n|upkeep\n|\n|t:|1682472750\n|switch|p1b: BholBengo|Gholdengo, L50, tera:Steel|37\/100\n|switch|p2b: Ting-Lu|Ting-Lu, L50|100\/100\n|-ability|p2b: Ting-Lu|Vessel of Ruin\n|turn|11\n|\n|t:|1682472759\n|move|p1b: BholBengo|Make It Rain|p2a: Bianca|[spread] p2a,p2b\n|-resisted|p2a: Bianca\n|-damage|p2a: Bianca|42\/100\n|-damage|p2b: Ting-Lu|59\/100\n|-unboost|p1b: BholBengo|spa|1\n|move|p2a: Bianca|Waterfall|p1b: BholBengo\n|-damage|p1b: BholBengo|0 fnt\n|faint|p1b: BholBengo\n|\n|win|Piccolo Ruiz\n|raw|RoiBoi6's rating: 1216 → 1197<\/strong> (-19 for losing)\n|raw|Piccolo Ruiz's rating: 1302 → 1317<\/strong> (+15 for winning)\n|l|\u2606RoiBoi6\n","uploadtime":1682472779,"views":9,"p1id":"roiboi6","p2id":"piccoloruiz","formatid":"gen9vgc2023regulationc","rating":1197,"private":0,"password":""}