{"id":"gen9vgc2023regulationc-1845067583","p1":"d_davex","p2":"jaydon8463","format":"[Gen 9] VGC 2023 Regulation C","log":"|j|\u2606d_davex\n|j|\u2606jaydon8463\n|t:|1681679817\n|gametype|doubles\n|player|p1|d_davex|cyclist-gen4|1326\n|player|p2|jaydon8463|169|1300\n|teamsize|p1|6\n|teamsize|p2|6\n|gen|9\n|tier|[Gen 9] VGC 2023 Regulation C\n|rated|\n|rule|Species Clause: Limit one of each Pok\u00e9mon\n|rule|Item Clause: Limit one of each item\n|clearpoke\n|poke|p1|Chien-Pao, L50|\n|poke|p1|Great Tusk, L50|\n|poke|p1|Talonflame, L50, F|\n|poke|p1|Flutter Mane, L50|\n|poke|p1|Glimmora, L50, M|\n|poke|p1|Gyarados, L50, M|\n|poke|p2|Dragapult, L50, M|\n|poke|p2|Chien-Pao, L50|\n|poke|p2|Arcanine, L50, F|\n|poke|p2|Palafin, L50, F|\n|poke|p2|Ting-Lu, L50|\n|poke|p2|Garganacl, L50, M|\n|teampreview|4\n|inactive|Battle timer is ON: inactive players will automatically lose when time's up. (requested by d_davex)\njaydon8463 has agreed to open team sheets.\n|inactive|d_davex has 60 seconds left.\n|inactive|jaydon8463 has 60 seconds left.\n|\n|t:|1681679873\n|start\n|switch|p1a: Glimmora|Glimmora, L50, M|100\/100\n|switch|p1b: Great Tusk|Great Tusk, L50|100\/100\n|switch|p2a: Palafin|Palafin, L50, F|100\/100\n|switch|p2b: Garganacl|Garganacl, L50, M|100\/100\n|turn|1\n|\n|t:|1681679897\n|-end|p1b: Great Tusk|Protosynthesis|[silent]\n|switch|p1b: Gyarados|Gyarados, L50, M|100\/100\n|-ability|p1b: Gyarados|Intimidate|boost\n|-unboost|p2a: Palafin|atk|1\n|-unboost|p2b: Garganacl|atk|1\n|detailschange|p2a: Palafin|Palafin-Hero, L50, F\n|switch|p2a: Arcanine|Arcanine, L50, F|100\/100\n|-ability|p2a: Arcanine|Intimidate|boost\n|-unboost|p1a: Glimmora|atk|1\n|-unboost|p1b: Gyarados|atk|1\n|-terastallize|p2b: Garganacl|Ghost\n|move|p1a: Glimmora|Mortal Spin|p2b: Garganacl|[spread] p2a,p2b\n|-resisted|p2b: Garganacl\n|-damage|p2a: Arcanine|97\/100\n|-damage|p2b: Garganacl|99\/100\n|-status|p2a: Arcanine|psn\n|move|p2b: Garganacl|Stealth Rock|p1b: Gyarados\n|-sidestart|p1: d_davex|move: Stealth Rock\n|\n|-heal|p2b: Garganacl|100\/100|[from] item: Leftovers\n|-damage|p2a: Arcanine|85\/100 psn|[from] psn\n|upkeep\n|turn|2\n|inactive|d_davex has 30 seconds left.\n|\n|t:|1681679926\n|move|p2a: Arcanine|Protect|p2a: Arcanine\n|-singleturn|p2a: Arcanine|Protect\n|move|p1b: Gyarados|Taunt|p2b: Garganacl\n|-start|p2b: Garganacl|move: Taunt\n|move|p1a: Glimmora|Power Gem|p2a: Arcanine\n|-activate|p2a: Arcanine|move: Protect\n|move|p2b: Garganacl|Salt Cure|p1b: Gyarados\n|-supereffective|p1b: Gyarados\n|-damage|p1b: Gyarados|82\/100\n|-start|p1b: Gyarados|Salt Cure\n|\n|-damage|p2a: Arcanine|73\/100 psn|[from] psn\n|-damage|p1b: Gyarados|57\/100|[from] Salt Cure\n|upkeep\n|turn|3\n|inactive|d_davex has 30 seconds left.\n|\n|t:|1681679952\n|switch|p2a: Palafin|Palafin-Hero, L50, F|100\/100\n|-activate|p2a: Palafin|ability: Zero to Hero\n|switch|p1b: Great Tusk|Great Tusk, L50|100\/100\n|-damage|p1b: Great Tusk|98\/100|[from] Stealth Rock\n|move|p1a: Glimmora|Sludge Bomb|p2b: Garganacl\n|-resisted|p2b: Garganacl\n|-damage|p2b: Garganacl|84\/100\n|move|p2b: Garganacl|Salt Cure|p1a: Glimmora\n|-damage|p1a: Glimmora|91\/100\n|-start|p1a: Glimmora|Salt Cure\n|-activate|p1a: Glimmora|ability: Toxic Debris\n|-sidestart|p2: jaydon8463|move: Toxic Spikes\n|\n|-heal|p2b: Garganacl|90\/100|[from] item: Leftovers\n|-damage|p1a: Glimmora|79\/100|[from] Salt Cure\n|upkeep\n|turn|4\n|inactive|jaydon8463 has 30 seconds left.\n|\n|t:|1681679980\n|-terastallize|p1b: Great Tusk|Ground\n|move|p1b: Great Tusk|Headlong Rush|p2a: Palafin\n|-damage|p2a: Palafin|0 fnt\n|-unboost|p1b: Great Tusk|def|1\n|-unboost|p1b: Great Tusk|spd|1\n|faint|p2a: Palafin\n|-damage|p1b: Great Tusk|88\/100|[from] item: Life Orb\n|move|p1a: Glimmora|Mortal Spin|p2b: Garganacl\n|-resisted|p2b: Garganacl\n|-damage|p2b: Garganacl|88\/100\n|-sideend|p1: d_davex|Stealth Rock|[from] move: Mortal Spin|[of] p1a: Glimmora\n|move|p2b: Garganacl|Salt Cure|p1b: Great Tusk\n|-resisted|p1b: Great Tusk\n|-damage|p1b: Great Tusk|82\/100\n|-start|p1b: Great Tusk|Salt Cure\n|\n|-heal|p2b: Garganacl|94\/100|[from] item: Leftovers\n|-damage|p1b: Great Tusk|70\/100|[from] Salt Cure\n|-damage|p1a: Glimmora|67\/100|[from] Salt Cure\n|-end|p2b: Garganacl|move: Taunt\n|upkeep\n|\n|t:|1681679997\n|switch|p2a: Arcanine|Arcanine, L50, F|73\/100 psn\n|-ability|p2a: Arcanine|Intimidate|boost\n|-unboost|p1a: Glimmora|atk|1\n|-unboost|p1b: Great Tusk|atk|1\n|turn|5\n|inactive|jaydon8463 has 30 seconds left.\n|\n|t:|1681680024\n|-end|p1b: Great Tusk|Protosynthesis|[silent]\n|switch|p1b: Gyarados|Gyarados, L50, M|57\/100\n|-ability|p1b: Gyarados|Intimidate|boost\n|-unboost|p2a: Arcanine|atk|1\n|-unboost|p2b: Garganacl|atk|1\n|move|p2a: Arcanine|Protect|p2a: Arcanine\n|-singleturn|p2a: Arcanine|Protect\n|move|p2b: Garganacl|Protect|p2b: Garganacl\n|-singleturn|p2b: Garganacl|Protect\n|move|p1a: Glimmora|Sludge Bomb|p2b: Garganacl\n|-activate|p2b: Garganacl|move: Protect\n|\n|-heal|p2b: Garganacl|99\/100|[from] item: Leftovers\n|-damage|p2a: Arcanine|60\/100 psn|[from] psn\n|-damage|p1a: Glimmora|55\/100|[from] Salt Cure\n|upkeep\n|turn|6\n|\n|t:|1681680047\n|move|p2a: Arcanine|Extreme Speed|p1b: Gyarados\n|-damage|p1b: Gyarados|41\/100\n|-enditem|p1b: Gyarados|Sitrus Berry|[eat]\n|-heal|p1b: Gyarados|66\/100|[from] item: Sitrus Berry\n|move|p1b: Gyarados|Taunt|p2b: Garganacl\n|-start|p2b: Garganacl|move: Taunt\n|move|p1a: Glimmora|Sludge Bomb|p2b: Garganacl\n|-resisted|p2b: Garganacl\n|-damage|p2b: Garganacl|83\/100\n|move|p2b: Garganacl|Salt Cure|p1b: Gyarados\n|-supereffective|p1b: Gyarados\n|-damage|p1b: Gyarados|53\/100\n|-start|p1b: Gyarados|Salt Cure\n|\n|-heal|p2b: Garganacl|88\/100|[from] item: Leftovers\n|-damage|p2a: Arcanine|48\/100 psn|[from] psn\n|-damage|p1b: Gyarados|28\/100|[from] Salt Cure\n|-damage|p1a: Glimmora|43\/100|[from] Salt Cure\n|upkeep\n|turn|7\n|\n|t:|1681680068\n|switch|p1b: Great Tusk|Great Tusk, L50, tera:Ground|70\/100\n|move|p2a: Arcanine|Flare Blitz|p1b: Great Tusk\n|-damage|p1b: Great Tusk|42\/100\n|-damage|p2a: Arcanine|39\/100 psn|[from] Recoil\n|move|p1a: Glimmora|Power Gem|p2a: Arcanine\n|-supereffective|p2a: Arcanine\n|-damage|p2a: Arcanine|0 fnt\n|faint|p2a: Arcanine\n|move|p2b: Garganacl|Salt Cure|p1b: Great Tusk\n|-resisted|p1b: Great Tusk\n|-damage|p1b: Great Tusk|39\/100\n|-start|p1b: Great Tusk|Salt Cure\n|\n|-heal|p2b: Garganacl|94\/100|[from] item: Leftovers\n|-damage|p1b: Great Tusk|27\/100|[from] Salt Cure\n|-damage|p1a: Glimmora|30\/100|[from] Salt Cure\n|upkeep\n|\n|t:|1681680083\n|switch|p2a: Chien-Pao|Chien-Pao, L50|100\/100\n|-status|p2a: Chien-Pao|psn\n|-ability|p2a: Chien-Pao|Sword of Ruin\n|turn|8\n|\n|t:|1681680101\n|move|p1b: Great Tusk|Protect|p1b: Great Tusk\n|-singleturn|p1b: Great Tusk|Protect\n|move|p1a: Glimmora|Spiky Shield|p1a: Glimmora\n|-singleturn|p1a: Glimmora|move: Protect\n|move|p2a: Chien-Pao|Sucker Punch||[still]\n|-fail|p2a: Chien-Pao\n|move|p2b: Garganacl|Salt Cure|p1b: Great Tusk\n|-activate|p1b: Great Tusk|move: Protect\n|\n|-heal|p2b: Garganacl|99\/100|[from] item: Leftovers\n|-damage|p2a: Chien-Pao|88\/100 psn|[from] psn\n|-damage|p1b: Great Tusk|15\/100|[from] Salt Cure\n|-damage|p1a: Glimmora|18\/100|[from] Salt Cure\n|-end|p2b: Garganacl|move: Taunt\n|upkeep\n|turn|9\n|\n|t:|1681680117\n|move|p2a: Chien-Pao|Sucker Punch|p1b: Great Tusk\n|-damage|p1b: Great Tusk|0 fnt\n|faint|p1b: Great Tusk\n|-end|p1b: Great Tusk|Protosynthesis|[silent]\n|move|p1a: Glimmora|Power Gem|p2a: Chien-Pao\n|-supereffective|p2a: Chien-Pao\n|-damage|p2a: Chien-Pao|0 fnt\n|faint|p2a: Chien-Pao\n|move|p2b: Garganacl|Stealth Rock|p1a: Glimmora\n|-sidestart|p1: d_davex|move: Stealth Rock\n|\n|-heal|p2b: Garganacl|100\/100|[from] item: Leftovers\n|-damage|p1a: Glimmora|6\/100|[from] Salt Cure\n|upkeep\n|\n|t:|1681680141\n|switch|p1b: Gyarados|Gyarados, L50, M|28\/100\n|-damage|p1b: Gyarados|3\/100|[from] Stealth Rock\n|-ability|p1b: Gyarados|Intimidate|boost\n|-unboost|p2b: Garganacl|atk|1\n|turn|10\n|\n|t:|1681680154\n|move|p2b: Garganacl|Protect|p2b: Garganacl\n|-singleturn|p2b: Garganacl|Protect\n|move|p1b: Gyarados|Thunder Wave|p2b: Garganacl\n|-activate|p2b: Garganacl|move: Protect\n|move|p1a: Glimmora|Mortal Spin|p2b: Garganacl\n|-activate|p2b: Garganacl|move: Protect\n|\n|-damage|p1a: Glimmora|0 fnt|[from] Salt Cure\n|faint|p1a: Glimmora\n|upkeep\n|\n|t:|1681680164\n|switch|p1a: Talonflame|Talonflame, L50, F|100\/100\n|-damage|p1a: Talonflame|51\/100|[from] Stealth Rock\n|turn|11\n|\n|t:|1681680183\n|move|p1a: Talonflame|Brave Bird|p2b: Garganacl\n|-crit|p2b: Garganacl\n|-damage|p2b: Garganacl|64\/100\n|-damage|p1a: Talonflame|36\/100|[from] Recoil\n|move|p1b: Gyarados|Taunt|p2b: Garganacl\n|-start|p2b: Garganacl|move: Taunt\n|move|p2b: Garganacl|Salt Cure|p1a: Talonflame\n|-supereffective|p1a: Talonflame\n|-damage|p1a: Talonflame|7\/100\n|\n|-heal|p2b: Garganacl|70\/100|[from] item: Leftovers\n|upkeep\n|turn|12\n|\n|t:|1681680203\n|move|p1a: Talonflame|Brave Bird|p2b: Garganacl\n|-damage|p2b: Garganacl|47\/100\n|-damage|p1a: Talonflame|0 fnt|[from] Recoil\n|faint|p1a: Talonflame\n|move|p1b: Gyarados|Thunder Wave|p2b: Garganacl|[miss]\n|-miss|p1b: Gyarados|p2b: Garganacl\n|move|p2b: Garganacl|Salt Cure|p1b: Gyarados\n|-supereffective|p1b: Gyarados\n|-damage|p1b: Gyarados|0 fnt\n|faint|p1b: Gyarados\n|\n|win|jaydon8463\n|raw|d_davex's rating: 1326 → 1305<\/strong> (-21 for losing)\n|raw|jaydon8463's rating: 1300 → 1327<\/strong> (+27 for winning)\n","uploadtime":1681680215,"views":7,"p1id":"ddavex","p2id":"jaydon8463","formatid":"gen9vgc2023regulationc","rating":1305,"private":0,"password":""}