{"id":"gen9vgc2023regulationc-1859177183","p1":"Caelthefruit","p2":"Topical Rainstorm","format":"[Gen 9] VGC 2023 Regulation C","log":"|j|\u2606Caelthefruit\n|j|\u2606Topical Rainstorm\n|t:|1683414005\n|gametype|doubles\n|player|p1|Caelthefruit|red|\n|player|p2|Topical Rainstorm|zinzolin|\n|teamsize|p1|6\n|teamsize|p2|6\n|gen|9\n|tier|[Gen 9] VGC 2023 Regulation C\n|rule|Species Clause: Limit one of each Pok\u00e9mon\n|rule|Item Clause: Limit one of each item\n|clearpoke\n|poke|p1|Crabominable, L50, F|\n|poke|p1|Honchkrow, L50, M|\n|poke|p1|Amoonguss, L50, F|\n|poke|p1|Flamigo, L50, M|\n|poke|p1|Iron Hands, L50|\n|poke|p1|Grimmsnarl, L50, M|\n|poke|p2|Tatsugiri, L50, F|\n|poke|p2|Skuntank, L50, M|\n|poke|p2|Dondozo, L50, M|\n|poke|p2|Amoonguss, L50, M|\n|poke|p2|Flamigo, L50, M|\n|poke|p2|Palafin, L50, M|\n|teampreview|4\n|inactive|Battle timer is ON: inactive players will automatically lose when time's up. (requested by Topical Rainstorm)\n|\n|t:|1683414016\n|start\n|switch|p1a: Iron Hands|Iron Hands, L50|100\/100\n|switch|p1b: Amoonguss|Amoonguss, L50, F, shiny|100\/100\n|switch|p2a: Tatsugiri|Tatsugiri, L50, F|100\/100\n|switch|p2b: Skuntank|Skuntank, L50, M|100\/100\n|-enditem|p1a: Iron Hands|Booster Energy\n|-activate|p1a: Iron Hands|ability: Quark Drive|[fromitem]\n|-start|p1a: Iron Hands|quarkdriveatk\n|turn|1\n|\n|t:|1683414033\n|-terastallize|p2a: Tatsugiri|Grass\n|move|p2a: Tatsugiri|Endure|p2a: Tatsugiri\n|-singleturn|p2a: Tatsugiri|move: Endure\n|move|p2b: Skuntank|Explosion|p1a: Iron Hands|[spread] p2a,p1a,p1b\n|-crit|p1b: Amoonguss\n|-activate|p2a: Tatsugiri|move: Endure\n|-damage|p2a: Tatsugiri|1\/100\n|-damage|p1a: Iron Hands|67\/100\n|-damage|p1b: Amoonguss|29\/100\n|faint|p2b: Skuntank\n|move|p1a: Iron Hands|Swords Dance|p1a: Iron Hands\n|-boost|p1a: Iron Hands|atk|2\n|move|p1b: Amoonguss|Spore|p2a: Tatsugiri\n|-immune|p2a: Tatsugiri\n|\n|-heal|p1b: Amoonguss|35\/100|[from] item: Leftovers\n|-status|p2a: Tatsugiri|tox|[from] item: Toxic Orb\n|upkeep\n|inactive|Topical Rainstorm has 30 seconds left.\n|\n|t:|1683414059\n|switch|p2b: Dondozo|Dondozo, L50, M|100\/100\n|-activate|p2a: Tatsugiri|ability: Commander|[of] p2b: Dondozo\n|-boost|p2b: Dondozo|atk|2\n|-boost|p2b: Dondozo|spa|2\n|-boost|p2b: Dondozo|spe|2\n|-boost|p2b: Dondozo|def|2\n|-boost|p2b: Dondozo|spd|2\n|turn|2\n|\n|t:|1683414075\n|-end|p1a: Iron Hands|Quark Drive|[silent]\n|switch|p1a: Flamigo|Flamigo, L50, M, shiny|100\/100\n|-copyboost|p1a: Flamigo|p1b: Amoonguss|[from] ability: Costar\n|move|p2b: Dondozo|Protect|p2b: Dondozo\n|-singleturn|p2b: Dondozo|Protect\n|move|p1b: Amoonguss|Spore|p2b: Dondozo\n|-activate|p2b: Dondozo|move: Protect\n|\n|-heal|p1b: Amoonguss|41\/100|[from] item: Leftovers\n|-damage|p2a: Tatsugiri|0 fnt|[from] psn\n|faint|p2a: Tatsugiri\n|upkeep\n|\n|t:|1683414086\n|switch|p2a: Palafin|Palafin, L50, M, shiny|100\/100\n|turn|3\n|\n|t:|1683414103\n|-terastallize|p1a: Flamigo|Steel\n|move|p2a: Palafin|Wave Crash|p1a: Flamigo\n|-damage|p1a: Flamigo|37\/100\n|-damage|p2a: Palafin|81\/100|[from] Recoil\n|move|p1a: Flamigo|Close Combat|p2b: Dondozo\n|-damage|p2b: Dondozo|79\/100\n|-unboost|p1a: Flamigo|def|1\n|-unboost|p1a: Flamigo|spd|1\n|move|p2b: Dondozo|Order Up|p1b: Amoonguss\n|-damage|p1b: Amoonguss|0 fnt\n|faint|p1b: Amoonguss\n|-boost|p2b: Dondozo|atk|1\n|\n|upkeep\n|\n|t:|1683414120\n|switch|p1b: Grimmsnarl|Grimmsnarl, L50, M, shiny|100\/100\n|turn|4\n|\n|t:|1683414132\n|move|p1b: Grimmsnarl|Fake Out|p2a: Palafin\n|-damage|p2a: Palafin|70\/100\n|cant|p2a: Palafin|flinch\n|move|p1a: Flamigo|Acrobatics|p2a: Palafin\n|-damage|p2a: Palafin|3\/100\n|move|p2b: Dondozo|Wave Crash|p1b: Grimmsnarl\n|-enditem|p1b: Grimmsnarl|Focus Sash\n|-damage|p1b: Grimmsnarl|1\/100\n|-damage|p2b: Dondozo|54\/100|[from] Recoil\n|\n|upkeep\n|turn|5\n|\n|t:|1683414156\n|move|p2a: Palafin|Jet Punch|p1b: Grimmsnarl\n|-damage|p1b: Grimmsnarl|0 fnt\n|faint|p1b: Grimmsnarl\n|move|p1a: Flamigo|Acrobatics|p2b: Dondozo\n|-damage|p2b: Dondozo|36\/100\n|move|p2b: Dondozo|Order Up|p1a: Flamigo\n|-resisted|p1a: Flamigo\n|-damage|p1a: Flamigo|0 fnt\n|faint|p1a: Flamigo\n|-boost|p2b: Dondozo|atk|1\n|\n|upkeep\n|\n|t:|1683414169\n|switch|p1b: Iron Hands|Iron Hands, L50|67\/100\n|turn|6\n|\n|t:|1683414180\n|move|p2a: Palafin|Wave Crash|p1b: Iron Hands\n|-damage|p1b: Iron Hands|32\/100\n|-damage|p2a: Palafin|0 fnt|[from] Recoil\n|faint|p2a: Palafin\n|move|p2b: Dondozo|Earthquake|p1b: Iron Hands\n|-supereffective|p1b: Iron Hands\n|-damage|p1b: Iron Hands|0 fnt\n|faint|p1b: Iron Hands\n|-end|p1b: Iron Hands|Quark Drive|[silent]\n|\n|win|Topical Rainstorm\n|c|\u2606Topical Rainstorm|Gg\n|l|\u2606Caelthefruit\n","uploadtime":1683414197,"views":7,"p1id":"caelthefruit","p2id":"topicalrainstorm","formatid":"gen9vgc2023regulationc","rating":0,"private":0,"password":""}