{"id":"gen9vgc2023regulationc-1857853237","p1":"hellzz1","p2":"Tu oponente","format":"[Gen 9] VGC 2023 Regulation C","log":"|j|\u2606hellzz1\n|j|\u2606Tu oponente\n|t:|1683239039\n|gametype|doubles\n|player|p1|hellzz1|169|1000\n|player|p2|Tu oponente|waiter-gen4|1000\n|teamsize|p1|6\n|teamsize|p2|6\n|gen|9\n|tier|[Gen 9] VGC 2023 Regulation C\n|rated|\n|rule|Species Clause: Limit one of each Pok\u00e9mon\n|rule|Item Clause: Limit one of each item\n|clearpoke\n|poke|p1|Flutter Mane, L50|\n|poke|p1|Talonflame, L50, F|\n|poke|p1|Iron Bundle, L50|\n|poke|p1|Brute Bonnet, L50|\n|poke|p1|Baxcalibur, L50, M|\n|poke|p1|Great Tusk, L50|\n|poke|p2|Slaking, L50, F|\n|poke|p2|Medicham, L50, F|\n|poke|p2|Drednaw, L50, M|\n|poke|p2|Pelipper, L50, M|\n|poke|p2|Gholdengo, L50|\n|poke|p2|Maushold, L50|\n|teampreview|4\n|inactive|Battle timer is ON: inactive players will automatically lose when time's up. (requested by Tu oponente)\n|\n|t:|1683239082\n|start\n|switch|p1a: Talonflame|Talonflame, L50, F|100\/100\n|switch|p1b: Flutter Mane|Flutter Mane, L50|100\/100\n|switch|p2a: Medicham|Medicham, L50, F|100\/100\n|switch|p2b: Slaking|Slaking, L50, F|100\/100\n|turn|1\n|inactive|hellzz1 has 30 seconds left.\n|inactive|Tu oponente has 30 seconds left.\n|inactive|hellzz1 has 20 seconds left.\n|inactive|hellzz1 has 15 seconds left.\n|\n|t:|1683239127\n|move|p2a: Medicham|Fake Out|p1a: Talonflame\n|-damage|p1a: Talonflame|80\/100\n|move|p1b: Flutter Mane|Moonblast|p2a: Medicham\n|-supereffective|p2a: Medicham\n|-damage|p2a: Medicham|0 fnt\n|faint|p2a: Medicham\n|cant|p1a: Talonflame|flinch\n|move|p2b: Slaking|Body Slam|p1a: Talonflame\n|-damage|p1a: Talonflame|0 fnt\n|faint|p1a: Talonflame\n|-damage|p2b: Slaking|91\/100|[from] item: Life Orb\n|\n|upkeep\n|\n|t:|1683239142\n|switch|p1a: Brute Bonnet|Brute Bonnet, L50|100\/100\n|switch|p2a: Gholdengo|Gholdengo, L50|100\/100\n|turn|2\n|inactive|hellzz1 has 30 seconds left.\n|\n|t:|1683239174\n|-terastallize|p1b: Flutter Mane|Steel\n|-terastallize|p2a: Gholdengo|Steel\n|move|p1b: Flutter Mane|Moonblast|p2b: Slaking\n|-damage|p2b: Slaking|22\/100\n|-unboost|p2b: Slaking|spa|1\n|move|p2a: Gholdengo|Make It Rain|p1a: Brute Bonnet|[spread] p1a,p1b\n|-resisted|p1b: Flutter Mane\n|-damage|p1a: Brute Bonnet|4\/100\n|-damage|p1b: Flutter Mane|44\/100\n|-unboost|p2a: Gholdengo|spa|1\n|cant|p2b: Slaking|ability: Truant\n|move|p1a: Brute Bonnet|Spore|p2b: Slaking\n|-status|p2b: Slaking|slp|[from] move: Spore\n|\n|upkeep\n|turn|3\n|inactive|hellzz1 has 30 seconds left.\n|\n|t:|1683239204\n|move|p1a: Brute Bonnet|Protect|p1a: Brute Bonnet\n|-singleturn|p1a: Brute Bonnet|Protect\n|move|p1b: Flutter Mane|Moonblast|p2a: Gholdengo\n|-resisted|p2a: Gholdengo\n|-damage|p2a: Gholdengo|56\/100\n|-unboost|p2a: Gholdengo|spa|1\n|move|p2a: Gholdengo|Make It Rain|p1a: Brute Bonnet|[spread] p1b\n|-activate|p1a: Brute Bonnet|move: Protect\n|-resisted|p1b: Flutter Mane\n|-damage|p1b: Flutter Mane|17\/100\n|-unboost|p2a: Gholdengo|spa|1\n|cant|p2b: Slaking|slp\n|\n|upkeep\n|turn|4\n|inactive|hellzz1 has 30 seconds left.\n|inactive|hellzz1 has 20 seconds left.\n|\n|t:|1683239239\n|switch|p2a: Maushold|Maushold, L50|100\/100\n|-end|p1a: Brute Bonnet|Protosynthesis|[silent]\n|switch|p1a: Great Tusk|Great Tusk, L50|100\/100\n|move|p1b: Flutter Mane|Moonblast|p2b: Slaking\n|-damage|p2b: Slaking|0 fnt\n|faint|p2b: Slaking\n|\n|upkeep\n|\n|t:|1683239250\n|switch|p2b: Gholdengo|Gholdengo, L50, tera:Steel|56\/100\n|turn|5\n|\n|t:|1683239265\n|move|p2a: Maushold|Follow Me|p2a: Maushold\n|-singleturn|p2a: Maushold|move: Follow Me\n|move|p1b: Flutter Mane|Moonblast|p2a: Maushold\n|-enditem|p2a: Maushold|Focus Sash\n|-damage|p2a: Maushold|1\/100\n|move|p1a: Great Tusk|Close Combat|p2a: Maushold\n|-supereffective|p2a: Maushold\n|-damage|p2a: Maushold|0 fnt\n|-unboost|p1a: Great Tusk|def|1\n|-unboost|p1a: Great Tusk|spd|1\n|faint|p2a: Maushold\n|move|p2b: Gholdengo|Make It Rain|p1b: Flutter Mane|[spread] p1a,p1b\n|-resisted|p1b: Flutter Mane\n|-enditem|p1a: Great Tusk|Focus Sash\n|-damage|p1a: Great Tusk|1\/100\n|-damage|p1b: Flutter Mane|0 fnt\n|-unboost|p2b: Gholdengo|spa|1\n|faint|p1b: Flutter Mane\n|-end|p1b: Flutter Mane|Protosynthesis|[silent]\n|\n|upkeep\n|\n|t:|1683239284\n|switch|p1b: Brute Bonnet|Brute Bonnet, L50|4\/100\n|turn|6\n|\n|t:|1683239296\n|move|p1b: Brute Bonnet|Sucker Punch|p2b: Gholdengo\n|-damage|p2b: Gholdengo|7\/100\n|move|p1a: Great Tusk|Close Combat|p2b: Gholdengo\n|-supereffective|p2b: Gholdengo\n|-damage|p2b: Gholdengo|0 fnt\n|-unboost|p1a: Great Tusk|def|1\n|-unboost|p1a: Great Tusk|spd|1\n|faint|p2b: Gholdengo\n|\n|win|hellzz1\n|raw|hellzz1's rating: 1000 → 1040<\/strong> (+40 for winning)\n|raw|Tu oponente's rating: 1000 → 1000<\/strong> (+0 for losing)\n|l|\u2606Tu oponente\n|c|\u2606hellzz1|ggs\n","uploadtime":1683239461,"views":8,"p1id":"hellzz1","p2id":"tuoponente","formatid":"gen9vgc2023regulationc","rating":1000,"private":0,"password":""}