{"id":"gen9vgc2023regulationc-1846653513","p1":"mrhotshothimself","p2":"CeSaRNite666","format":"[Gen 9] VGC 2023 Regulation C","log":"|j|\u2606mrhotshothimself\n|j|\u2606CeSaRNite666\n|t:|1681861955\n|gametype|doubles\n|player|p1|mrhotshothimself|2|1202\n|player|p2|CeSaRNite666|red|1204\n|teamsize|p1|6\n|teamsize|p2|6\n|gen|9\n|tier|[Gen 9] VGC 2023 Regulation C\n|rated|\n|rule|Species Clause: Limit one of each Pok\u00e9mon\n|rule|Item Clause: Limit one of each item\n|clearpoke\n|poke|p1|Ceruledge, L50, F|\n|poke|p1|Scizor, L50, M|\n|poke|p1|Tyranitar, L50, F|\n|poke|p1|Vaporeon, L50, M|\n|poke|p1|Flutter Mane, L50|\n|poke|p1|Salamence, L50, M|\n|poke|p2|Rotom-Wash, L50|\n|poke|p2|Ceruledge, L50, M|\n|poke|p2|Corviknight, L50, M|\n|poke|p2|Scream Tail, L50|\n|poke|p2|Wo-Chien, L50|\n|poke|p2|Garchomp, L50, M|\n|teampreview|4\n|inactive|Battle timer is ON: inactive players will automatically lose when time's up. (requested by CeSaRNite666)\n|\n|t:|1681861986\n|start\n|switch|p1a: Salamence|Salamence, L50, M|100\/100\n|switch|p1b: Flutter Mane|Flutter Mane, L50|100\/100\n|switch|p2a: Whirpool|Rotom-Wash, L50|100\/100\n|switch|p2b: Lancelot\u2664|Corviknight, L50, M|100\/100\n|-ability|p1a: Salamence|Intimidate|boost\n|-unboost|p2a: Whirpool|atk|1\n|-ability|p2b: Lancelot\u2664|Mirror Armor\n|-unboost|p1a: Salamence|atk|1\n|-enditem|p1b: Flutter Mane|Booster Energy\n|-activate|p1b: Flutter Mane|ability: Protosynthesis|[fromitem]\n|-start|p1b: Flutter Mane|protosynthesisspe\n|turn|1\n|\n|t:|1681862010\n|-end|p1b: Flutter Mane|Protosynthesis|[silent]\n|switch|p1b: Ceruledge|Ceruledge, L50, F|100\/100\n|move|p2a: Whirpool|Trick|p1a: Salamence\n|-activate|p2a: Whirpool|move: Trick|[of] p1a: Salamence\n|-item|p1a: Salamence|Choice Scarf|[from] move: Trick\n|-item|p2a: Whirpool|Life Orb|[from] move: Trick\n|move|p1a: Salamence|Tailwind|p1a: Salamence\n|-sidestart|p1: mrhotshothimself|move: Tailwind\n|move|p2b: Lancelot\u2664|Iron Head|p1b: Ceruledge\n|-resisted|p1b: Ceruledge\n|-crit|p1b: Ceruledge\n|-damage|p1b: Ceruledge|85\/100\n|\n|upkeep\n|turn|2\n|inactive|CeSaRNite666 has 30 seconds left.\n|\n|t:|1681862038\n|switch|p1a: Flutter Mane|Flutter Mane, L50|100\/100\n|switch|p2a: BungaPuff|Scream Tail, L50|100\/100\n|-enditem|p2a: BungaPuff|Booster Energy\n|-activate|p2a: BungaPuff|ability: Protosynthesis|[fromitem]\n|-start|p2a: BungaPuff|protosynthesisspe\n|-terastallize|p1b: Ceruledge|Grass\n|move|p1b: Ceruledge|Bitter Blade|p2b: Lancelot\u2664\n|-supereffective|p2b: Lancelot\u2664\n|-damage|p2b: Lancelot\u2664|35\/100\n|-heal|p1b: Ceruledge|100\/100|[from] drain|[of] p2b: Lancelot\u2664\n|move|p2b: Lancelot\u2664|Iron Head|p1a: Flutter Mane\n|-supereffective|p1a: Flutter Mane\n|-damage|p1a: Flutter Mane|0 fnt\n|faint|p1a: Flutter Mane\n|-end|p1a: Flutter Mane|Protosynthesis|[silent]\n|\n|upkeep\n|\n|t:|1681862055\n|switch|p1a: Salamence|Salamence, L50, M|100\/100\n|-ability|p1a: Salamence|Intimidate|boost\n|-unboost|p2a: BungaPuff|atk|1\n|-ability|p2b: Lancelot\u2664|Mirror Armor\n|-unboost|p1a: Salamence|atk|1\n|turn|3\n|inactive|mrhotshothimself has 30 seconds left.\n|\n|t:|1681862080\n|switch|p2b: Whirpool|Rotom-Wash, L50|100\/100\n|-terastallize|p2a: BungaPuff|Steel\n|move|p2a: BungaPuff|Protect|p2a: BungaPuff\n|-singleturn|p2a: BungaPuff|Protect\n|move|p1a: Salamence|Air Slash|p2a: BungaPuff\n|-activate|p2a: BungaPuff|move: Protect\n|move|p1b: Ceruledge|Bitter Blade|p2b: Whirpool\n|-resisted|p2b: Whirpool\n|-damage|p2b: Whirpool|83\/100\n|\n|upkeep\n|turn|4\n|inactive|CeSaRNite666 has 30 seconds left.\n|\n|t:|1681862107\n|move|p1a: Salamence|Air Slash|p2a: BungaPuff\n|-resisted|p2a: BungaPuff\n|-damage|p2a: BungaPuff|89\/100\n|move|p2a: BungaPuff|Disable|p1b: Ceruledge\n|-start|p1b: Ceruledge|Disable|Bitter Blade\n|move|p1b: Ceruledge|Tera Blast|p2b: Whirpool\n|-supereffective|p2b: Whirpool\n|-damage|p2b: Whirpool|16\/100\n|move|p2b: Whirpool|Will-O-Wisp|p1a: Salamence\n|-status|p1a: Salamence|brn\n|\n|-damage|p1a: Salamence|94\/100 brn|[from] brn\n|-sideend|p1: mrhotshothimself|move: Tailwind\n|upkeep\n|turn|5\n|inactive|mrhotshothimself has 30 seconds left.\n|\n|t:|1681862134\n|move|p1b: Ceruledge|Shadow Sneak|p2b: Whirpool\n|-damage|p2b: Whirpool|0 fnt\n|faint|p2b: Whirpool\n|move|p2a: BungaPuff|Dazzling Gleam|p1a: Salamence|[spread] p1a,p1b\n|-supereffective|p1a: Salamence\n|-damage|p1a: Salamence|66\/100 brn\n|-damage|p1b: Ceruledge|92\/100\n|move|p1a: Salamence|Air Slash|p2a: BungaPuff\n|-resisted|p2a: BungaPuff\n|-damage|p2a: BungaPuff|80\/100\n|\n|-damage|p1a: Salamence|60\/100 brn|[from] brn\n|upkeep\n|inactive|CeSaRNite666 has 30 seconds left.\n|\n|t:|1681862163\n|switch|p2b: Lancelot\u2664|Corviknight, L50, M|35\/100\n|turn|6\n|\n|t:|1681862174\n|move|p2a: BungaPuff|Dazzling Gleam|p1b: Ceruledge|[spread] p1a,p1b\n|-supereffective|p1a: Salamence\n|-damage|p1a: Salamence|29\/100 brn\n|-damage|p1b: Ceruledge|83\/100\n|move|p1a: Salamence|Air Slash|p2a: BungaPuff\n|-resisted|p2a: BungaPuff\n|-damage|p2a: BungaPuff|69\/100\n|move|p1b: Ceruledge|Close Combat|p2a: BungaPuff\n|-supereffective|p2a: BungaPuff\n|-damage|p2a: BungaPuff|23\/100\n|-unboost|p1b: Ceruledge|def|1\n|-unboost|p1b: Ceruledge|spd|1\n|move|p2b: Lancelot\u2664|Roost|p2b: Lancelot\u2664\n|-heal|p2b: Lancelot\u2664|85\/100\n|-singleturn|p2b: Lancelot\u2664|move: Roost\n|\n|-damage|p1a: Salamence|23\/100 brn|[from] brn\n|upkeep\n|turn|7\n|inactive|mrhotshothimself has 30 seconds left.\n|\n|t:|1681862201\n|move|p1b: Ceruledge|Shadow Sneak|p2a: BungaPuff\n|-crit|p2a: BungaPuff\n|-damage|p2a: BungaPuff|5\/100\n|move|p2a: BungaPuff|Dazzling Gleam|p1a: Salamence|[spread] p1a,p1b\n|-supereffective|p1a: Salamence\n|-damage|p1a: Salamence|0 fnt\n|-damage|p1b: Ceruledge|71\/100\n|faint|p1a: Salamence\n|move|p2b: Lancelot\u2664|Brave Bird|p1b: Ceruledge\n|-supereffective|p1b: Ceruledge\n|-damage|p1b: Ceruledge|0 fnt\n|faint|p1b: Ceruledge\n|-damage|p2b: Lancelot\u2664|64\/100|[from] Recoil\n|\n|upkeep\n|\n|t:|1681862213\n|switch|p1a: Vaporeon|Vaporeon, L50, M|100\/100\n|turn|8\n|\n|t:|1681862226\n|move|p2a: BungaPuff|Protect|p2a: BungaPuff\n|-singleturn|p2a: BungaPuff|Protect\n|move|p2b: Lancelot\u2664|Brave Bird|p1a: Vaporeon\n|-damage|p1a: Vaporeon|65\/100\n|-damage|p2b: Lancelot\u2664|49\/100|[from] Recoil\n|move|p1a: Vaporeon|Muddy Water|p2a: BungaPuff|[spread] p2b\n|-activate|p2a: BungaPuff|move: Protect\n|-damage|p2b: Lancelot\u2664|28\/100\n|-ability|p2b: Lancelot\u2664|Mirror Armor\n|-unboost|p1a: Vaporeon|accuracy|1\n|\n|-heal|p1a: Vaporeon|71\/100|[from] item: Leftovers\n|upkeep\n|turn|9\n|\n|t:|1681862245\n|move|p2a: BungaPuff|Disable|p1a: Vaporeon\n|-start|p1a: Vaporeon|Disable|Muddy Water\n|move|p2b: Lancelot\u2664|Roost|p2b: Lancelot\u2664\n|-heal|p2b: Lancelot\u2664|78\/100\n|-singleturn|p2b: Lancelot\u2664|move: Roost\n|cant|p1a: Vaporeon|Disable|Muddy Water\n|\n|-heal|p1a: Vaporeon|77\/100|[from] item: Leftovers\n|upkeep\n|turn|10\n|-message|mrhotshothimself forfeited.\n|\n|win|CeSaRNite666\n|raw|mrhotshothimself's rating: 1202 → 1177<\/strong> (-25 for losing)\n|raw|CeSaRNite666's rating: 1204 → 1229<\/strong> (+25 for winning)\n|l|\u2606mrhotshothimself\n","uploadtime":1681862263,"views":12,"p1id":"mrhotshothimself","p2id":"cesarnite666","formatid":"gen9vgc2023regulationc","rating":1177,"private":0,"password":""}