{"id":"gen9vgc2023regulationc-1847437605","p1":"usuarionuevo12","p2":"tetcher","format":"[Gen 9] VGC 2023 Regulation C","log":"|j|\u2606usuarionuevo12\n|j|\u2606tetcher\n|t:|1681955049\n|gametype|doubles\n|player|p1|usuarionuevo12|cyclistf|1153\n|player|p2|tetcher|2|1143\n|teamsize|p1|6\n|teamsize|p2|6\n|gen|9\n|tier|[Gen 9] VGC 2023 Regulation C\n|rated|\n|rule|Species Clause: Limit one of each Pok\u00e9mon\n|rule|Item Clause: Limit one of each item\n|clearpoke\n|poke|p1|Flutter Mane, L50|\n|poke|p1|Glimmora, L50, F|\n|poke|p1|Wo-Chien, L50|\n|poke|p1|Gastrodon, L50, F|\n|poke|p1|Rotom-Heat, L50|\n|poke|p1|Corviknight, L50, M|\n|poke|p2|Clodsire, L50, M|\n|poke|p2|Orthworm, L50, F|\n|poke|p2|Rabsca, L50, F|\n|poke|p2|Misdreavus, L50, F|\n|poke|p2|Tropius, L50, M|\n|poke|p2|Eelektross, L50, M|\n|teampreview|4\n|inactive|Battle timer is ON: inactive players will automatically lose when time's up. (requested by usuarionuevo12)\n|inactive|usuarionuevo12 has 60 seconds left.\n|inactive|tetcher has 60 seconds left.\n|inactive|usuarionuevo12 has 30 seconds left.\n|\n|t:|1681955118\n|start\n|switch|p1a: Wo-Chien|Wo-Chien, L50|100\/100\n|switch|p1b: Rotom|Rotom-Heat, L50|100\/100\n|switch|p2a: Orthworm|Orthworm, L50, F|100\/100\n|switch|p2b: Eelektross|Eelektross, L50, M|100\/100\n|-ability|p1a: Wo-Chien|Tablets of Ruin\n|turn|1\n|\n|t:|1681955140\n|-terastallize|p2a: Orthworm|Fighting\n|move|p1b: Rotom|Overheat|p2a: Orthworm\n|-damage|p2a: Orthworm|41\/100\n|-unboost|p1b: Rotom|spa|2\n|move|p1a: Wo-Chien|Leech Seed|p2b: Eelektross\n|-start|p2b: Eelektross|move: Leech Seed\n|move|p2a: Orthworm|Body Press|p1a: Wo-Chien\n|-supereffective|p1a: Wo-Chien\n|-damage|p1a: Wo-Chien|59\/100\n|move|p2b: Eelektross|Drain Punch|p1a: Wo-Chien\n|-supereffective|p1a: Wo-Chien\n|-damage|p1a: Wo-Chien|27\/100\n|-enditem|p1a: Wo-Chien|Sitrus Berry|[eat]\n|-heal|p1a: Wo-Chien|52\/100|[from] item: Sitrus Berry\n|\n|-heal|p2a: Orthworm|47\/100|[from] item: Leftovers\n|-damage|p2b: Eelektross|88\/100|[from] Leech Seed|[of] p1a: Wo-Chien\n|-heal|p1a: Wo-Chien|64\/100|[silent]\n|upkeep\n|turn|2\n|\n|t:|1681955164\n|move|p1a: Wo-Chien|Protect|p1a: Wo-Chien\n|-singleturn|p1a: Wo-Chien|Protect\n|move|p1b: Rotom|Will-O-Wisp|p2a: Orthworm\n|-status|p2a: Orthworm|brn\n|move|p2a: Orthworm|Body Press|p1a: Wo-Chien\n|-activate|p1a: Wo-Chien|move: Protect\n|move|p2b: Eelektross|Drain Punch|p1a: Wo-Chien\n|-activate|p1a: Wo-Chien|move: Protect\n|\n|-heal|p2a: Orthworm|54\/100 brn|[from] item: Leftovers\n|-damage|p2b: Eelektross|76\/100|[from] Leech Seed|[of] p1a: Wo-Chien\n|-heal|p1a: Wo-Chien|75\/100|[silent]\n|-damage|p2a: Orthworm|47\/100 brn|[from] brn\n|upkeep\n|turn|3\n|\n|t:|1681955184\n|move|p1b: Rotom|Will-O-Wisp|p2b: Eelektross\n|-status|p2b: Eelektross|brn\n|move|p1a: Wo-Chien|Leech Seed|p2a: Orthworm\n|-start|p2a: Orthworm|move: Leech Seed\n|move|p2a: Orthworm|Stealth Rock|p1b: Rotom\n|-sidestart|p1: usuarionuevo12|move: Stealth Rock\n|move|p2b: Eelektross|Drain Punch|p1a: Wo-Chien\n|-supereffective|p1a: Wo-Chien\n|-damage|p1a: Wo-Chien|61\/100\n|-heal|p2b: Eelektross|84\/100 brn|[from] drain|[of] p1a: Wo-Chien\n|\n|-heal|p2a: Orthworm|54\/100 brn|[from] item: Leftovers\n|-damage|p2a: Orthworm|41\/100 brn|[from] Leech Seed|[of] p1a: Wo-Chien\n|-heal|p1a: Wo-Chien|72\/100|[silent]\n|-damage|p2b: Eelektross|72\/100 brn|[from] Leech Seed|[of] p1a: Wo-Chien\n|-heal|p1a: Wo-Chien|84\/100|[silent]\n|-damage|p2a: Orthworm|35\/100 brn|[from] brn\n|-damage|p2b: Eelektross|66\/100 brn|[from] brn\n|upkeep\n|turn|4\n|inactive|tetcher has 30 seconds left.\n|inactive|tetcher has 20 seconds left.\n|inactive|tetcher has 15 seconds left.\n|\n|t:|1681955228\n|switch|p2b: Tropius|Tropius, L50, M|100\/100\n|move|p1b: Rotom|Thunderbolt|p2a: Orthworm\n|-damage|p2a: Orthworm|15\/100 brn\n|move|p1a: Wo-Chien|Foul Play|p2b: Tropius\n|-damage|p2b: Tropius|84\/100\n|move|p2a: Orthworm|Body Press|p1a: Wo-Chien\n|-supereffective|p1a: Wo-Chien\n|-damage|p1a: Wo-Chien|64\/100\n|\n|-heal|p2a: Orthworm|21\/100 brn|[from] item: Leftovers\n|-damage|p2a: Orthworm|8\/100 brn|[from] Leech Seed|[of] p1a: Wo-Chien\n|-heal|p1a: Wo-Chien|75\/100|[silent]\n|-damage|p2a: Orthworm|2\/100 brn|[from] brn\n|upkeep\n|turn|5\n|-message|tetcher forfeited.\n|\n|win|usuarionuevo12\n|raw|usuarionuevo12's rating: 1153 → 1177<\/strong> (+24 for winning)\n|raw|tetcher's rating: 1143 → 1119<\/strong> (-24 for losing)\n|l|\u2606tetcher\n","uploadtime":1681955248,"views":9,"p1id":"usuarionuevo12","p2id":"tetcher","formatid":"gen9vgc2023regulationc","rating":1119,"private":0,"password":""}