{"id":"gen9vgc2023regulationc-1862160062","p1":"CthulhuSama88","p2":"yunfz","format":"[Gen 9] VGC 2023 Regulation C","log":"|j|\u2606CthulhuSama88\n|j|\u2606yunfz\n|t:|1683843568\n|gametype|doubles\n|player|p1|CthulhuSama88|2|1131\n|player|p2|yunfz|artist-gen4|1025\n|teamsize|p1|6\n|teamsize|p2|6\n|gen|9\n|tier|[Gen 9] VGC 2023 Regulation C\n|rated|\n|rule|Species Clause: Limit one of each Pok\u00e9mon\n|rule|Item Clause: Limit one of each item\n|clearpoke\n|poke|p1|Kingambit, L50, M|\n|poke|p1|Torkoal, L50, M|\n|poke|p1|Flutter Mane, L50|\n|poke|p1|Jumpluff, L50, F|\n|poke|p1|Great Tusk, L50|\n|poke|p1|Chien-Pao, L50|\n|poke|p2|Revavroom, L50, M|\n|poke|p2|Flutter Mane, L50|\n|poke|p2|Hydreigon, L50, M|\n|poke|p2|Volcarona, L50, M|\n|poke|p2|Tauros-Paldea-Aqua, L50, M|\n|poke|p2|Maushold-Four, L50|\n|teampreview|4\n|\n|t:|1683843596\n|start\n|switch|p1a: Torkoal|Torkoal, L50, M|100\/100\n|switch|p1b: Flutter Mane|Flutter Mane, L50|100\/100\n|switch|p2a: Revavroom|Revavroom, L50, M|100\/100\n|switch|p2b: Tauros|Tauros-Paldea-Aqua, L50, M|100\/100\n|-ability|p2b: Tauros|Intimidate|boost\n|-unboost|p1a: Torkoal|atk|1\n|-enditem|p1a: Torkoal|Eject Pack\n|-unboost|p1b: Flutter Mane|atk|1\n|\n|t:|1683843612\n|switch|p1a: Kingambit|Kingambit, L50, M|100\/100\n|turn|1\n|\n|t:|1683843638\n|move|p1b: Flutter Mane|Dazzling Gleam|p2b: Tauros|[spread] p2a,p2b\n|-resisted|p2a: Revavroom\n|-supereffective|p2b: Tauros\n|-damage|p2a: Revavroom|87\/100\n|-damage|p2b: Tauros|0 fnt\n|faint|p2b: Tauros\n|move|p2a: Revavroom|Shift Gear|p2a: Revavroom\n|-boost|p2a: Revavroom|spe|2\n|-boost|p2a: Revavroom|atk|1\n|move|p1a: Kingambit|Kowtow Cleave|p2a: Revavroom\n|-damage|p2a: Revavroom|40\/100\n|\n|upkeep\n|\n|t:|1683843657\n|switch|p2b: Maushold|Maushold-Four, L50|100\/100\n|turn|2\n|\n|t:|1683843675\n|-end|p1b: Flutter Mane|Protosynthesis|[silent]\n|switch|p1b: Torkoal|Torkoal, L50, M|100\/100\n|-weather|SunnyDay|[from] ability: Drought|[of] p1b: Torkoal\n|-terastallize|p2a: Revavroom|Water\n|-terastallize|p1a: Kingambit|Fire\n|move|p2a: Revavroom|Iron Head|p1b: Torkoal\n|-resisted|p1b: Torkoal\n|-damage|p1b: Torkoal|85\/100\n|move|p2b: Maushold|Encore|p1a: Kingambit\n|-start|p1a: Kingambit|Encore\n|move|p1a: Kingambit|Kowtow Cleave|p2b: Maushold\n|-damage|p2b: Maushold|38\/100\n|\n|-weather|SunnyDay|[upkeep]\n|upkeep\n|turn|3\n|\n|t:|1683843703\n|move|p1b: Torkoal|Helping Hand|p1a: Kingambit\n|-singleturn|p1a: Kingambit|Helping Hand|[of] p1b: Torkoal\n|move|p2b: Maushold|Follow Me|p2b: Maushold\n|-singleturn|p2b: Maushold|move: Follow Me\n|move|p2a: Revavroom|Poison Jab|p1a: Kingambit\n|-damage|p1a: Kingambit|61\/100\n|-status|p1a: Kingambit|psn\n|move|p1a: Kingambit|Kowtow Cleave|p2b: Maushold\n|-damage|p2b: Maushold|0 fnt\n|faint|p2b: Maushold\n|\n|-weather|SunnyDay|[upkeep]\n|-damage|p1a: Kingambit|49\/100 psn|[from] psn\n|upkeep\n|\n|t:|1683843716\n|switch|p2b: Hydreigon|Hydreigon, L50, M|100\/100\n|turn|4\n|\n|t:|1683843733\n|switch|p1a: Great Tusk|Great Tusk, L50|100\/100\n|-activate|p1a: Great Tusk|ability: Protosynthesis\n|-start|p1a: Great Tusk|protosynthesisatk\n|move|p2a: Revavroom|Protect|p2a: Revavroom\n|-singleturn|p2a: Revavroom|Protect\n|move|p2b: Hydreigon|Earth Power|p1b: Torkoal\n|-supereffective|p1b: Torkoal\n|-damage|p1b: Torkoal|2\/100\n|move|p1b: Torkoal|Overheat|p2a: Revavroom\n|-activate|p2a: Revavroom|move: Protect\n|\n|-weather|SunnyDay|[upkeep]\n|upkeep\n|turn|5\n|\n|t:|1683843766\n|move|p1b: Torkoal|Protect|p1b: Torkoal\n|-singleturn|p1b: Torkoal|Protect\n|move|p2a: Revavroom|Poison Jab|p1b: Torkoal\n|-activate|p1b: Torkoal|move: Protect\n|move|p1a: Great Tusk|Close Combat|p2b: Hydreigon\n|-supereffective|p2b: Hydreigon\n|-damage|p2b: Hydreigon|0 fnt\n|-unboost|p1a: Great Tusk|def|1\n|-unboost|p1a: Great Tusk|spd|1\n|faint|p2b: Hydreigon\n|\n|-weather|SunnyDay|[upkeep]\n|upkeep\n|turn|6\n|\n|t:|1683843788\n|switch|p1b: Kingambit|Kingambit, L50, M, tera:Fire|49\/100 psn\n|move|p2a: Revavroom|Iron Head|p1a: Great Tusk\n|-damage|p1a: Great Tusk|30\/100\n|cant|p1a: Great Tusk|flinch\n|\n|-weather|none\n|-end|p1a: Great Tusk|Protosynthesis\n|-damage|p1b: Kingambit|37\/100 psn|[from] psn\n|upkeep\n|turn|7\n|\n|t:|1683843803\n|move|p2a: Revavroom|Protect|p2a: Revavroom\n|-singleturn|p2a: Revavroom|Protect\n|move|p1b: Kingambit|Sucker Punch||[still]\n|-fail|p1b: Kingambit\n|move|p1a: Great Tusk|Close Combat|p2a: Revavroom\n|-activate|p2a: Revavroom|move: Protect\n|\n|-damage|p1b: Kingambit|25\/100 psn|[from] psn\n|upkeep\n|turn|8\n|\n|t:|1683843816\n|move|p1b: Kingambit|Sucker Punch||[still]\n|-fail|p1b: Kingambit\n|move|p2a: Revavroom|Shift Gear|p2a: Revavroom\n|-boost|p2a: Revavroom|spe|2\n|-boost|p2a: Revavroom|atk|1\n|move|p1a: Great Tusk|Close Combat|p2a: Revavroom\n|-damage|p2a: Revavroom|0 fnt\n|-unboost|p1a: Great Tusk|def|1\n|-unboost|p1a: Great Tusk|spd|1\n|faint|p2a: Revavroom\n|\n|win|CthulhuSama88\n|raw|CthulhuSama88's rating: 1131 → 1149<\/strong> (+18 for winning)\n|raw|yunfz's rating: 1025 → 1015<\/strong> (-10 for losing)\n","uploadtime":1683843829,"views":6,"p1id":"cthulhusama88","p2id":"yunfz","formatid":"gen9vgc2023regulationc","rating":1015,"private":0,"password":""}