{"id":"gen9vgc2023regulationc-1854100692","p1":"pokemon homo","p2":"JFACKE","format":"[Gen 9] VGC 2023 Regulation C","log":"|j|\u2606pokemon homo\n|j|\u2606JFACKE\n|t:|1682769283\n|gametype|doubles\n|player|p1|pokemon homo|rosa|\n|player|p2|JFACKE|ethan|\n|teamsize|p1|6\n|teamsize|p2|6\n|gen|9\n|tier|[Gen 9] VGC 2023 Regulation C\n|rule|Species Clause: Limit one of each Pok\u00e9mon\n|rule|Item Clause: Limit one of each item\n|clearpoke\n|poke|p1|Chien-Pao, L50|\n|poke|p1|Dragonite, L50, F|\n|poke|p1|Ting-Lu, L50|\n|poke|p1|Gyarados, L50, F|\n|poke|p1|Flutter Mane, L50|\n|poke|p1|Amoonguss, L50, M|\n|poke|p2|Dondozo, L50, F|\n|poke|p2|Tatsugiri-Droopy, L50, F|\n|poke|p2|Abomasnow, L50, M|\n|poke|p2|Iron Bundle, L50|\n|poke|p2|Chien-Pao, L50|\n|poke|p2|Flutter Mane, L50|\n|teampreview|4\npokemon homo has agreed to open team sheets.\nJFACKE has agreed to open team sheets.\n|\n|t:|1682769317\n|start\n|switch|p1a: Dragonite|Dragonite, L50, F|100\/100\n|switch|p1b: Chien-Pao|Chien-Pao, L50|100\/100\n|switch|p2a: \u829d\u58eb\u96ea\u8c79|Chien-Pao, L50|100\/100\n|switch|p2b: \u53d1\u59d0|Flutter Mane, L50, shiny|100\/100\n|-ability|p1b: Chien-Pao|Sword of Ruin\n|-ability|p2a: \u829d\u58eb\u96ea\u8c79|Sword of Ruin\n|turn|1\n|\n|t:|1682769358\n|-terastallize|p2a: \u829d\u58eb\u96ea\u8c79|Ghost\n|-terastallize|p1a: Dragonite|Normal\n|move|p1a: Dragonite|Extreme Speed|p2a: \u829d\u58eb\u96ea\u8c79\n|-immune|p2a: \u829d\u58eb\u96ea\u8c79\n|move|p1b: Chien-Pao|Ice Spinner|p2b: \u53d1\u59d0\n|-damage|p2b: \u53d1\u59d0|0 fnt\n|faint|p2b: \u53d1\u59d0\n|-end|p2b: \u53d1\u59d0|Protosynthesis|[silent]\n|move|p2a: \u829d\u58eb\u96ea\u8c79|Sacred Sword|p1a: Dragonite\n|-supereffective|p1a: Dragonite\n|-damage|p1a: Dragonite|32\/100\n|\n|upkeep\n|\n|t:|1682769371\n|switch|p2b: \u9e21\u54e5|Iron Bundle, L50, shiny|100\/100\n|-enditem|p2b: \u9e21\u54e5|Booster Energy\n|-activate|p2b: \u9e21\u54e5|ability: Quark Drive|[fromitem]\n|-start|p2b: \u9e21\u54e5|quarkdrivespe\n|turn|2\n|\n|t:|1682769394\n|move|p2a: \u829d\u58eb\u96ea\u8c79|Protect|p2a: \u829d\u58eb\u96ea\u8c79\n|-singleturn|p2a: \u829d\u58eb\u96ea\u8c79|Protect\n|move|p1a: Dragonite|Extreme Speed|p2b: \u9e21\u54e5\n|-damage|p2b: \u9e21\u54e5|5\/100\n|move|p1b: Chien-Pao|Sucker Punch||[still]\n|-fail|p1b: Chien-Pao\n|move|p2b: \u9e21\u54e5|Icy Wind|p1a: Dragonite|[spread] p1a,p1b\n|-resisted|p1b: Chien-Pao\n|-damage|p1a: Dragonite|15\/100\n|-damage|p1b: Chien-Pao|86\/100\n|-unboost|p1a: Dragonite|spe|1\n|-unboost|p1b: Chien-Pao|spe|1\n|\n|upkeep\n|turn|3\n|\n|t:|1682769416\n|move|p2b: \u9e21\u54e5|Protect|p2b: \u9e21\u54e5\n|-singleturn|p2b: \u9e21\u54e5|Protect\n|move|p1a: Dragonite|Extreme Speed|p2b: \u9e21\u54e5\n|-activate|p2b: \u9e21\u54e5|move: Protect\n|move|p1b: Chien-Pao|Sucker Punch|p2a: \u829d\u58eb\u96ea\u8c79\n|-supereffective|p2a: \u829d\u58eb\u96ea\u8c79\n|-damage|p2a: \u829d\u58eb\u96ea\u8c79|10\/100\n|move|p2a: \u829d\u58eb\u96ea\u8c79|Sacred Sword|p1b: Chien-Pao\n|-supereffective|p1b: Chien-Pao\n|-damage|p1b: Chien-Pao|0 fnt\n|faint|p1b: Chien-Pao\n|\n|upkeep\n|\n|t:|1682769425\n|switch|p1b: Ting-Lu|Ting-Lu, L50|100\/100\n|-ability|p1b: Ting-Lu|Vessel of Ruin\n|turn|4\n|\n|t:|1682769436\n|-end|p2b: \u9e21\u54e5|Quark Drive|[silent]\n|switch|p2b: \u53cc\u51b0\u51bb|Abomasnow, L50, M, shiny|100\/100\n|-weather|Snow|[from] ability: Snow Warning|[of] p2b: \u53cc\u51b0\u51bb\n|move|p1a: Dragonite|Extreme Speed|p2b: \u53cc\u51b0\u51bb\n|-damage|p2b: \u53cc\u51b0\u51bb|34\/100\n|move|p2a: \u829d\u58eb\u96ea\u8c79|Sacred Sword|p1a: Dragonite\n|-supereffective|p1a: Dragonite\n|-damage|p1a: Dragonite|0 fnt\n|faint|p1a: Dragonite\n|move|p1b: Ting-Lu|Heavy Slam|p2a: \u829d\u58eb\u96ea\u8c79\n|-damage|p2a: \u829d\u58eb\u96ea\u8c79|0 fnt\n|faint|p2a: \u829d\u58eb\u96ea\u8c79\n|\n|-weather|Snow|[upkeep]\n|upkeep\n|\n|t:|1682769445\n|switch|p2a: \u9e21\u54e5|Iron Bundle, L50, shiny|5\/100\n|switch|p1a: Flutter Mane|Flutter Mane, L50|100\/100\n|turn|5\n|\n|t:|1682769455\n|move|p2a: \u9e21\u54e5|Blizzard|p1a: Flutter Mane|[spread] p1a,p1b\n|-supereffective|p1b: Ting-Lu\n|-damage|p1a: Flutter Mane|74\/100\n|-damage|p1b: Ting-Lu|70\/100\n|move|p1a: Flutter Mane|Dazzling Gleam|p2b: \u53cc\u51b0\u51bb|[spread] p2a,p2b\n|-damage|p2a: \u9e21\u54e5|0 fnt\n|-damage|p2b: \u53cc\u51b0\u51bb|10\/100\n|faint|p2a: \u9e21\u54e5\n|-end|p2a: \u9e21\u54e5|Quark Drive|[silent]\n|move|p2b: \u53cc\u51b0\u51bb|Giga Drain|p1b: Ting-Lu\n|-supereffective|p1b: Ting-Lu\n|-damage|p1b: Ting-Lu|47\/100\n|-heal|p2b: \u53cc\u51b0\u51bb|25\/100|[from] drain|[of] p1b: Ting-Lu\n|move|p1b: Ting-Lu|Heavy Slam|p2b: \u53cc\u51b0\u51bb\n|-supereffective|p2b: \u53cc\u51b0\u51bb\n|-damage|p2b: \u53cc\u51b0\u51bb|0 fnt\n|faint|p2b: \u53cc\u51b0\u51bb\n|\n|win|pokemon homo\n","uploadtime":1682769470,"views":18,"p1id":"pokemonhomo","p2id":"jfacke","formatid":"gen9vgc2023regulationc","rating":0,"private":0,"password":""}