{"id":"gen9vgc2023regulationc-1860910419","p1":"NickoVGC","p2":"gs wendigo","format":"[Gen 9] VGC 2023 Regulation C","log":"|j|\u2606NickoVGC\n|j|\u2606gs wendigo\n|t:|1683694370\n|gametype|doubles\n|player|p1|NickoVGC|ortega|1180\n|player|p2|gs wendigo|169|1287\n|teamsize|p1|6\n|teamsize|p2|6\n|gen|9\n|tier|[Gen 9] VGC 2023 Regulation C\n|rated|\n|rule|Species Clause: Limit one of each Pok\u00e9mon\n|rule|Item Clause: Limit one of each item\n|clearpoke\n|poke|p1|Dragonite, L50, M|\n|poke|p1|Amoonguss, L50, M|\n|poke|p1|Palafin, L50, M|\n|poke|p1|Flutter Mane, L50|\n|poke|p1|Ting-Lu, L50|\n|poke|p1|Garganacl, L50, F|\n|poke|p2|Ting-Lu, L50|\n|poke|p2|Flutter Mane, L50|\n|poke|p2|Indeedee-F, L50, F|\n|poke|p2|Armarouge, L50, F|\n|poke|p2|Hawlucha, L50, M|\n|poke|p2|Chien-Pao, L50|\n|teampreview|4\n|\n|t:|1683694398\n|start\n|switch|p1a: \ud83d\udc2cMosterfocker\ud83d\udc2c|Palafin, L50, M|100\/100\n|switch|p1b: Aleteahuevos|Flutter Mane, L50|100\/100\n|switch|p2a: Indeedee|Indeedee-F, L50, F|100\/100\n|switch|p2b: Hawlucha|Hawlucha, L50, M|100\/100\n|-fieldstart|move: Psychic Terrain|[from] ability: Psychic Surge|[of] p2a: Indeedee\n|-enditem|p2b: Hawlucha|Psychic Seed\n|-boost|p2b: Hawlucha|spd|1|[from] item: Psychic Seed\n|-enditem|p1b: Aleteahuevos|Booster Energy\n|-activate|p1b: Aleteahuevos|ability: Protosynthesis|[fromitem]\n|-start|p1b: Aleteahuevos|protosynthesisspa\n|turn|1\n|\n|t:|1683694417\n|detailschange|p1a: \ud83d\udc2cMosterfocker\ud83d\udc2c|Palafin-Hero, L50, M\n|switch|p1a: Barbie Girl|Garganacl, L50, F|100\/100\n|-terastallize|p2b: Hawlucha|Flying\n|move|p2a: Indeedee|Helping Hand|p2b: Hawlucha\n|-singleturn|p2b: Hawlucha|Helping Hand|[of] p2a: Indeedee\n|move|p2b: Hawlucha|Acrobatics|p1b: Aleteahuevos\n|-damage|p1b: Aleteahuevos|0 fnt\n|faint|p1b: Aleteahuevos\n|-end|p1b: Aleteahuevos|Protosynthesis|[silent]\n|\n|upkeep\n|\n|t:|1683694429\n|switch|p1b: \ud83d\udc2cMosterfocker\ud83d\udc2c|Palafin-Hero, L50, M|100\/100\n|-activate|p1b: \ud83d\udc2cMosterfocker\ud83d\udc2c|ability: Zero to Hero\n|turn|2\n|\n|t:|1683694436\n|-terastallize|p1a: Barbie Girl|Ghost\n|move|p1b: \ud83d\udc2cMosterfocker\ud83d\udc2c|Protect|p1b: \ud83d\udc2cMosterfocker\ud83d\udc2c\n|-singleturn|p1b: \ud83d\udc2cMosterfocker\ud83d\udc2c|Protect\n|move|p2a: Indeedee|Follow Me|p2a: Indeedee\n|-singleturn|p2a: Indeedee|move: Follow Me\n|move|p2b: Hawlucha|Swords Dance|p2b: Hawlucha\n|-boost|p2b: Hawlucha|atk|2\n|move|p1a: Barbie Girl|Iron Defense|p1a: Barbie Girl\n|-boost|p1a: Barbie Girl|def|2\n|\n|upkeep\n|turn|3\n|\n|t:|1683694459\n|move|p2a: Indeedee|Helping Hand|p2b: Hawlucha\n|-singleturn|p2b: Hawlucha|Helping Hand|[of] p2a: Indeedee\n|move|p2b: Hawlucha|Acrobatics|p1b: \ud83d\udc2cMosterfocker\ud83d\udc2c\n|-damage|p1b: \ud83d\udc2cMosterfocker\ud83d\udc2c|0 fnt\n|faint|p1b: \ud83d\udc2cMosterfocker\ud83d\udc2c\n|move|p1a: Barbie Girl|Salt Cure|p2b: Hawlucha\n|-supereffective|p2b: Hawlucha\n|-damage|p2b: Hawlucha|61\/100\n|-start|p2b: Hawlucha|Salt Cure\n|\n|-damage|p2b: Hawlucha|49\/100|[from] Salt Cure\n|upkeep\n|\n|t:|1683694465\n|switch|p1b: Eso Fisurin|Ting-Lu, L50|100\/100\n|-ability|p1b: Eso Fisurin|Vessel of Ruin\n|turn|4\n|\n|t:|1683694477\n|move|p2a: Indeedee|Helping Hand|p2b: Hawlucha\n|-singleturn|p2b: Hawlucha|Helping Hand|[of] p2a: Indeedee\n|move|p2b: Hawlucha|Drain Punch|p1b: Eso Fisurin\n|-supereffective|p1b: Eso Fisurin\n|-damage|p1b: Eso Fisurin|0 fnt\n|-heal|p2b: Hawlucha|100\/100|[from] drain|[of] p1b: Eso Fisurin\n|faint|p1b: Eso Fisurin\n|move|p1a: Barbie Girl|Iron Defense|p1a: Barbie Girl\n|-boost|p1a: Barbie Girl|def|2\n|\n|-damage|p2b: Hawlucha|88\/100|[from] Salt Cure\n|upkeep\n|turn|5\n|\n|t:|1683694492\n|move|p2a: Indeedee|Follow Me|p2a: Indeedee\n|-singleturn|p2a: Indeedee|move: Follow Me\n|move|p2b: Hawlucha|Swords Dance|p2b: Hawlucha\n|-boost|p2b: Hawlucha|atk|2\n|move|p1a: Barbie Girl|Iron Defense|p1a: Barbie Girl\n|-boost|p1a: Barbie Girl|def|2\n|\n|-damage|p2b: Hawlucha|76\/100|[from] Salt Cure\n|-fieldend|move: Psychic Terrain\n|upkeep\n|turn|6\n|\n|t:|1683694505\n|move|p2a: Indeedee|Follow Me|p2a: Indeedee\n|-singleturn|p2a: Indeedee|move: Follow Me\n|move|p2b: Hawlucha|Swords Dance|p2b: Hawlucha\n|-boost|p2b: Hawlucha|atk|2\n|move|p1a: Barbie Girl|Salt Cure|p2a: Indeedee\n|-damage|p2a: Indeedee|87\/100\n|-start|p2a: Indeedee|Salt Cure\n|\n|-damage|p2b: Hawlucha|64\/100|[from] Salt Cure\n|-damage|p2a: Indeedee|75\/100|[from] Salt Cure\n|upkeep\n|turn|7\n|\n|t:|1683694519\n|move|p2a: Indeedee|Helping Hand|p2b: Hawlucha\n|-singleturn|p2b: Hawlucha|Helping Hand|[of] p2a: Indeedee\n|move|p1a: Barbie Girl|Protect|p1a: Barbie Girl\n|-singleturn|p1a: Barbie Girl|Protect\n|move|p2b: Hawlucha|Acrobatics|p1a: Barbie Girl\n|-activate|p1a: Barbie Girl|move: Protect\n|\n|-damage|p2b: Hawlucha|52\/100|[from] Salt Cure\n|-damage|p2a: Indeedee|62\/100|[from] Salt Cure\n|upkeep\n|turn|8\n|\n|t:|1683694533\n|move|p2a: Indeedee|Helping Hand|p2b: Hawlucha\n|-singleturn|p2b: Hawlucha|Helping Hand|[of] p2a: Indeedee\n|move|p2b: Hawlucha|Acrobatics|p1a: Barbie Girl\n|-crit|p1a: Barbie Girl\n|-damage|p1a: Barbie Girl|0 fnt\n|faint|p1a: Barbie Girl\n|\n|win|gs wendigo\n|raw|NickoVGC's rating: 1180 → 1162<\/strong> (-18 for losing)\n|raw|gs wendigo's rating: 1287 → 1305<\/strong> (+18 for winning)\n|l|\u2606NickoVGC\n","uploadtime":1683694547,"views":16,"p1id":"nickovgc","p2id":"gswendigo","formatid":"gen9vgc2023regulationc","rating":1162,"private":0,"password":""}