{"id":"gen9vgc2023regulationc-1847236918","p1":"TrashyLord","p2":"tukeydukey","format":"[Gen 9] VGC 2023 Regulation C","log":"|j|\u2606TrashyLord\n|j|\u2606tukeydukey\n|t:|1681930280\n|gametype|doubles\n|player|p1|TrashyLord|caitlin|1133\n|player|p2|tukeydukey|elesa|1169\n|teamsize|p1|6\n|teamsize|p2|6\n|gen|9\n|tier|[Gen 9] VGC 2023 Regulation C\n|rated|\n|rule|Species Clause: Limit one of each Pok\u00e9mon\n|rule|Item Clause: Limit one of each item\n|clearpoke\n|poke|p1|Pachirisu, L50, M|\n|poke|p1|Talonflame, L50, F|\n|poke|p1|Great Tusk, L50|\n|poke|p1|Flutter Mane, L50|\n|poke|p1|Gothitelle, L50, F|\n|poke|p1|Azumarill, L50, M|\n|poke|p2|Pelipper, L50, F|\n|poke|p2|Palafin, L50, M|\n|poke|p2|Glimmora, L50, F|\n|poke|p2|Wo-Chien, L50|\n|poke|p2|Flutter Mane, L50|\n|poke|p2|Iron Hands, L50|\n|teampreview|4\n|inactive|Battle timer is ON: inactive players will automatically lose when time's up. (requested by tukeydukey)\n|\n|t:|1681930303\n|start\n|switch|p1a: Pachirisu|Pachirisu, L50, M, shiny|100\/100\n|switch|p1b: Azumarill|Azumarill, L50, M|100\/100\n|switch|p2a: Flutter Mane|Flutter Mane, L50|100\/100\n|switch|p2b: Wo-Chien|Wo-Chien, L50|100\/100\n|-ability|p2b: Wo-Chien|Tablets of Ruin\n|-enditem|p2a: Flutter Mane|Booster Energy\n|-activate|p2a: Flutter Mane|ability: Protosynthesis|[fromitem]\n|-start|p2a: Flutter Mane|protosynthesisspe\n|turn|1\n|\n|t:|1681930324\n|move|p2a: Flutter Mane|Shadow Ball|p1b: Azumarill\n|-damage|p1b: Azumarill|72\/100\n|move|p1a: Pachirisu|Super Fang|p2b: Wo-Chien\n|-damage|p2b: Wo-Chien|50\/100\n|move|p2b: Wo-Chien|Leech Seed|p1b: Azumarill\n|-start|p1b: Azumarill|move: Leech Seed\n|move|p1b: Azumarill|Liquidation|p2a: Flutter Mane\n|-damage|p2a: Flutter Mane|43\/100\n|\n|-heal|p2b: Wo-Chien|57\/100|[from] item: Leftovers\n|-damage|p1b: Azumarill|60\/100|[from] Leech Seed|[of] p2b: Wo-Chien\n|-heal|p2b: Wo-Chien|70\/100|[silent]\n|upkeep\n|turn|2\n|inactive|tukeydukey has 30 seconds left.\n|\n|t:|1681930356\n|move|p2a: Flutter Mane|Protect|p2a: Flutter Mane\n|-singleturn|p2a: Flutter Mane|Protect\n|move|p1a: Pachirisu|Nuzzle|p2a: Flutter Mane\n|-activate|p2a: Flutter Mane|move: Protect\n|move|p2b: Wo-Chien|Leech Seed|p1a: Pachirisu\n|-start|p1a: Pachirisu|move: Leech Seed\n|move|p1b: Azumarill|Play Rough|p2b: Wo-Chien\n|-supereffective|p2b: Wo-Chien\n|-damage|p2b: Wo-Chien|12\/100\n|\n|-heal|p2b: Wo-Chien|19\/100|[from] item: Leftovers\n|-damage|p1a: Pachirisu|89\/100|[from] Leech Seed|[of] p2b: Wo-Chien\n|-heal|p2b: Wo-Chien|29\/100|[silent]\n|-damage|p1b: Azumarill|48\/100|[from] Leech Seed|[of] p2b: Wo-Chien\n|-heal|p2b: Wo-Chien|42\/100|[silent]\n|upkeep\n|turn|3\n|inactive|TrashyLord has 30 seconds left.\n|\n|t:|1681930382\n|-end|p2a: Flutter Mane|Protosynthesis|[silent]\n|switch|p2a: Iron Hands|Iron Hands, L50|100\/100\n|move|p2b: Wo-Chien|Protect|p2b: Wo-Chien\n|-singleturn|p2b: Wo-Chien|Protect\n|move|p1a: Pachirisu|Nuzzle|p2a: Iron Hands\n|-resisted|p2a: Iron Hands\n|-damage|p2a: Iron Hands|99\/100\n|move|p1b: Azumarill|Play Rough|p2b: Wo-Chien\n|-activate|p2b: Wo-Chien|move: Protect\n|\n|-heal|p2b: Wo-Chien|48\/100|[from] item: Leftovers\n|-damage|p1a: Pachirisu|77\/100|[from] Leech Seed|[of] p2b: Wo-Chien\n|-heal|p2b: Wo-Chien|59\/100|[silent]\n|-damage|p1b: Azumarill|36\/100|[from] Leech Seed|[of] p2b: Wo-Chien\n|-heal|p2b: Wo-Chien|72\/100|[silent]\n|upkeep\n|turn|4\n|inactive|tukeydukey has 30 seconds left.\n|\n|t:|1681930412\n|switch|p1b: Flutter Mane|Flutter Mane, L50|100\/100\n|-enditem|p1b: Flutter Mane|Booster Energy\n|-activate|p1b: Flutter Mane|ability: Protosynthesis|[fromitem]\n|-start|p1b: Flutter Mane|protosynthesisspa\n|move|p2a: Iron Hands|Fake Out|p1b: Flutter Mane\n|-immune|p1b: Flutter Mane\n|move|p1a: Pachirisu|Super Fang|p2a: Iron Hands\n|-damage|p2a: Iron Hands|50\/100\n|move|p2b: Wo-Chien|Foul Play|p1b: Flutter Mane\n|-damage|p1b: Flutter Mane|75\/100\n|\n|-heal|p2b: Wo-Chien|78\/100|[from] item: Leftovers\n|-damage|p1a: Pachirisu|65\/100|[from] Leech Seed|[of] p2b: Wo-Chien\n|-heal|p2b: Wo-Chien|89\/100|[silent]\n|upkeep\n|turn|5\n|\n|t:|1681930437\n|-end|p2a: Iron Hands|Quark Drive|[silent]\n|switch|p2a: Glimmora|Glimmora, L50, F|100\/100\n|move|p1b: Flutter Mane|Dazzling Gleam|p2b: Wo-Chien|[spread] p2a,p2b\n|-resisted|p2a: Glimmora\n|-crit|p2a: Glimmora\n|-supereffective|p2b: Wo-Chien\n|-damage|p2a: Glimmora|59\/100\n|-damage|p2b: Wo-Chien|29\/100\n|move|p1a: Pachirisu|Super Fang|p2b: Wo-Chien\n|-damage|p2b: Wo-Chien|15\/100\n|move|p2b: Wo-Chien|Leech Seed|p1b: Flutter Mane\n|-start|p1b: Flutter Mane|move: Leech Seed\n|\n|-heal|p2b: Wo-Chien|21\/100|[from] item: Leftovers\n|-damage|p1b: Flutter Mane|63\/100|[from] Leech Seed|[of] p2b: Wo-Chien\n|-heal|p2b: Wo-Chien|31\/100|[silent]\n|-damage|p1a: Pachirisu|53\/100|[from] Leech Seed|[of] p2b: Wo-Chien\n|-heal|p2b: Wo-Chien|42\/100|[silent]\n|upkeep\n|turn|6\n|\n|t:|1681930452\n|move|p2a: Glimmora|Spiky Shield|p2a: Glimmora\n|-singleturn|p2a: Glimmora|move: Protect\n|move|p2b: Wo-Chien|Protect|p2b: Wo-Chien\n|-singleturn|p2b: Wo-Chien|Protect\n|move|p1a: Pachirisu|Follow Me|p1a: Pachirisu\n|-singleturn|p1a: Pachirisu|move: Follow Me\n|move|p1b: Flutter Mane|Shadow Ball|p2a: Glimmora\n|-activate|p2a: Glimmora|move: Protect\n|\n|-heal|p2b: Wo-Chien|48\/100|[from] item: Leftovers\n|-damage|p1b: Flutter Mane|51\/100|[from] Leech Seed|[of] p2b: Wo-Chien\n|-heal|p2b: Wo-Chien|58\/100|[silent]\n|-damage|p1a: Pachirisu|41\/100|[from] Leech Seed|[of] p2b: Wo-Chien\n|-heal|p2b: Wo-Chien|68\/100|[silent]\n|upkeep\n|-enditem|p1a: Pachirisu|Sitrus Berry|[eat]\n|-heal|p1a: Pachirisu|65\/100|[from] item: Sitrus Berry\n|turn|7\n|\n|t:|1681930470\n|switch|p1a: Gothitelle|Gothitelle, L50, F|100\/100\n|-terastallize|p2b: Wo-Chien|Poison\n|move|p1b: Flutter Mane|Protect|p1b: Flutter Mane\n|-singleturn|p1b: Flutter Mane|Protect\n|move|p2a: Glimmora|Mortal Spin|p1a: Gothitelle|[spread] p1a\n|-activate|p1b: Flutter Mane|move: Protect\n|-damage|p1a: Gothitelle|97\/100\n|-status|p1a: Gothitelle|psn\n|move|p2b: Wo-Chien|Pollen Puff|p2a: Glimmora\n|-heal|p2a: Glimmora|100\/100\n|\n|-heal|p2b: Wo-Chien|74\/100|[from] item: Leftovers\n|-heal|p1a: Gothitelle|100\/100 psn|[from] item: Leftovers\n|-damage|p1b: Flutter Mane|39\/100|[from] Leech Seed|[of] p2b: Wo-Chien\n|-heal|p2b: Wo-Chien|84\/100|[silent]\n|-damage|p1a: Gothitelle|88\/100 psn|[from] psn\n|upkeep\n|turn|8\n|inactive|tukeydukey has 30 seconds left.\n|inactive|tukeydukey has 20 seconds left.\n|\n|t:|1681930507\n|move|p2a: Glimmora|Spiky Shield|p2a: Glimmora\n|-singleturn|p2a: Glimmora|move: Protect\n|move|p2b: Wo-Chien|Protect|p2b: Wo-Chien\n|-singleturn|p2b: Wo-Chien|Protect\n|move|p1b: Flutter Mane|Shadow Ball|p2a: Glimmora\n|-activate|p2a: Glimmora|move: Protect\n|move|p1a: Gothitelle|Psychic|p2a: Glimmora\n|-activate|p2a: Glimmora|move: Protect\n|\n|-heal|p2b: Wo-Chien|91\/100|[from] item: Leftovers\n|-heal|p1a: Gothitelle|94\/100 psn|[from] item: Leftovers\n|-damage|p1b: Flutter Mane|28\/100|[from] Leech Seed|[of] p2b: Wo-Chien\n|-heal|p2b: Wo-Chien|100\/100|[silent]\n|-damage|p1a: Gothitelle|82\/100 psn|[from] psn\n|upkeep\n|turn|9\n|\n|t:|1681930525\n|move|p1b: Flutter Mane|Shadow Ball|p2b: Wo-Chien\n|-damage|p2b: Wo-Chien|62\/100\n|move|p2a: Glimmora|Sludge Bomb|p1b: Flutter Mane\n|-damage|p1b: Flutter Mane|0 fnt\n|faint|p1b: Flutter Mane\n|-end|p1b: Flutter Mane|Protosynthesis|[silent]\n|move|p2b: Wo-Chien|Foul Play|p1a: Gothitelle\n|-supereffective|p1a: Gothitelle\n|-damage|p1a: Gothitelle|48\/100 psn\n|move|p1a: Gothitelle|Psychic|p2b: Wo-Chien\n|-supereffective|p2b: Wo-Chien\n|-damage|p2b: Wo-Chien|19\/100\n|\n|-heal|p2b: Wo-Chien|25\/100|[from] item: Leftovers\n|-heal|p1a: Gothitelle|54\/100 psn|[from] item: Leftovers\n|-damage|p1a: Gothitelle|42\/100 psn|[from] psn\n|upkeep\n|\n|t:|1681930530\n|switch|p1b: Azumarill|Azumarill, L50, M|36\/100\n|turn|10\n|\n|t:|1681930553\n|move|p2b: Wo-Chien|Protect|p2b: Wo-Chien\n|-singleturn|p2b: Wo-Chien|Protect\n|move|p2a: Glimmora|Sludge Bomb|p1b: Azumarill\n|-supereffective|p1b: Azumarill\n|-damage|p1b: Azumarill|0 fnt\n|faint|p1b: Azumarill\n|move|p1a: Gothitelle|Taunt|p2b: Wo-Chien\n|-activate|p2b: Wo-Chien|move: Protect\n|\n|-heal|p2b: Wo-Chien|31\/100|[from] item: Leftovers\n|-heal|p1a: Gothitelle|48\/100 psn|[from] item: Leftovers\n|-damage|p1a: Gothitelle|36\/100 psn|[from] psn\n|upkeep\n|\n|t:|1681930567\n|switch|p1b: Pachirisu|Pachirisu, L50, M, shiny|65\/100\n|turn|11\n|-message|TrashyLord forfeited.\n|\n|win|tukeydukey\n|raw|TrashyLord's rating: 1133 → 1111<\/strong> (-22 for losing)\n|raw|tukeydukey's rating: 1169 → 1191<\/strong> (+22 for winning)\n|l|\u2606TrashyLord\n","uploadtime":1681930574,"views":10,"p1id":"trashylord","p2id":"tukeydukey","formatid":"gen9vgc2023regulationc","rating":1111,"private":0,"password":""}