{"id":"gen9vgc2023regulationc-1860593426","p1":"Tiefling_IRL","p2":"kalalu22","format":"[Gen 9] VGC 2023 Regulation C","log":"|j|\u2606Tiefling_IRL\n|j|\u2606kalalu22\n|t:|1683657350\n|gametype|doubles\n|player|p1|Tiefling_IRL|gambler|1094\n|player|p2|kalalu22|169|1081\n|teamsize|p1|6\n|teamsize|p2|6\n|gen|9\n|tier|[Gen 9] VGC 2023 Regulation C\n|rated|\n|rule|Species Clause: Limit one of each Pok\u00e9mon\n|rule|Item Clause: Limit one of each item\n|clearpoke\n|poke|p1|Pelipper, L50, F|\n|poke|p1|Palafin, L50, F|\n|poke|p1|Iron Bundle, L50|\n|poke|p1|Toxicroak, L50, F|\n|poke|p1|Flutter Mane, L50|\n|poke|p1|Drednaw, L50, M|\n|poke|p2|Dondozo, L50, M|\n|poke|p2|Tatsugiri-Droopy, L50, F|\n|poke|p2|Glimmora, L50, F|\n|poke|p2|Chi-Yu, L50|\n|poke|p2|Flutter Mane, L50|\n|poke|p2|Dragonite, L50, F|\n|teampreview|4\n|inactive|Battle timer is ON: inactive players will automatically lose when time's up. (requested by kalalu22)\nkalalu22 has agreed to open team sheets.\n|inactive|Tiefling_IRL has 60 seconds left.\n|inactive|kalalu22 has 60 seconds left.\n|\n|t:|1683657403\n|start\n|switch|p1a: Pellie|Pelipper, L50, F|100\/100\n|switch|p1b: That Thang|Toxicroak, L50, F, shiny|100\/100\n|switch|p2a: Glimmora|Glimmora, L50, F|100\/100\n|switch|p2b: Flutter Mane|Flutter Mane, L50|100\/100\n|-weather|RainDance|[from] ability: Drizzle|[of] p1a: Pellie\n|-enditem|p2b: Flutter Mane|Booster Energy\n|-activate|p2b: Flutter Mane|ability: Protosynthesis|[fromitem]\n|-start|p2b: Flutter Mane|protosynthesisspe\n|turn|1\n|inactive|kalalu22 has 30 seconds left.\n|inactive|kalalu22 has 20 seconds left.\n|\n|t:|1683657439\n|move|p2b: Flutter Mane|Substitute|p2b: Flutter Mane\n|-start|p2b: Flutter Mane|Substitute\n|-damage|p2b: Flutter Mane|76\/100\n|move|p2a: Glimmora|Power Gem|p1a: Pellie\n|-supereffective|p1a: Pellie\n|-damage|p1a: Pellie|14\/100\n|move|p1b: That Thang|Substitute|p1b: That Thang\n|-start|p1b: That Thang|Substitute\n|-damage|p1b: That Thang|76\/100\n|move|p1a: Pellie|Tailwind|p1a: Pellie\n|-sidestart|p1: Tiefling_IRL|move: Tailwind\n|\n|-weather|RainDance|[upkeep]\n|-heal|p1b: That Thang|88\/100|[from] ability: Dry Skin\n|-heal|p1b: That Thang|94\/100|[from] item: Leftovers\n|upkeep\n|turn|2\n|inactive|kalalu22 has 30 seconds left.\n|\n|t:|1683657469\n|move|p2b: Flutter Mane|Protect|p2b: Flutter Mane\n|-singleturn|p2b: Flutter Mane|Protect\n|move|p1b: That Thang|Sucker Punch||[still]\n|-fail|p1b: That Thang\n|move|p1a: Pellie|Hydro Pump|p2a: Glimmora\n|-supereffective|p2a: Glimmora\n|-damage|p2a: Glimmora|3\/100\n|move|p2a: Glimmora|Earth Power|p1b: That Thang\n|-supereffective|p1b: That Thang\n|-end|p1b: That Thang|Substitute\n|\n|-weather|RainDance|[upkeep]\n|-heal|p1b: That Thang|100\/100|[from] ability: Dry Skin\n|upkeep\n|turn|3\n|\n|t:|1683657490\n|-terastallize|p2b: Flutter Mane|Fairy\n|move|p2b: Flutter Mane|Moonblast|p1b: That Thang\n|-damage|p1b: That Thang|10\/100\n|move|p1b: That Thang|Substitute|p1b: That Thang\n|-fail|p1b: That Thang|move: Substitute|[weak]\n|move|p1a: Pellie|Icy Wind|p2b: Flutter Mane|[spread] p2a,p2b\n|-activate|p2b: Flutter Mane|move: Substitute|[damage]\n|-damage|p2a: Glimmora|0 fnt\n|faint|p2a: Glimmora\n|\n|-weather|RainDance|[upkeep]\n|-heal|p1b: That Thang|22\/100|[from] ability: Dry Skin\n|-heal|p1b: That Thang|28\/100|[from] item: Leftovers\n|upkeep\n|\n|t:|1683657508\n|switch|p2a: Dondozo|Dondozo, L50, M|100\/100\n|turn|4\n|inactive|Tiefling_IRL has 30 seconds left.\n|\n|t:|1683657534\n|move|p1b: That Thang|Sucker Punch|p2b: Flutter Mane\n|-resisted|p2b: Flutter Mane\n|-end|p2b: Flutter Mane|Substitute\n|move|p2b: Flutter Mane|Moonblast|p1a: Pellie\n|-damage|p1a: Pellie|0 fnt\n|faint|p1a: Pellie\n|move|p2a: Dondozo|Yawn|p1b: That Thang\n|-start|p1b: That Thang|move: Yawn|[of] p2a: Dondozo\n|\n|-weather|RainDance|[upkeep]\n|-heal|p1b: That Thang|40\/100|[from] ability: Dry Skin\n|-heal|p1b: That Thang|46\/100|[from] item: Leftovers\n|-sideend|p1: Tiefling_IRL|move: Tailwind\n|upkeep\n|\n|t:|1683657549\n|switch|p1a: Judge Dred|Drednaw, L50, M|100\/100\n|turn|5\n|\n|t:|1683657566\n|move|p2b: Flutter Mane|Protect|p2b: Flutter Mane\n|-singleturn|p2b: Flutter Mane|Protect\n|move|p1a: Judge Dred|Rock Slide|p2b: Flutter Mane|[spread] p2a\n|-activate|p2b: Flutter Mane|move: Protect\n|-damage|p2a: Dondozo|75\/100\n|move|p1b: That Thang|Substitute|p1b: That Thang\n|-start|p1b: That Thang|Substitute\n|-damage|p1b: That Thang|21\/100\n|move|p2a: Dondozo|Yawn|p1a: Judge Dred\n|-start|p1a: Judge Dred|move: Yawn|[of] p2a: Dondozo\n|\n|-weather|RainDance|[upkeep]\n|-heal|p1b: That Thang|33\/100|[from] ability: Dry Skin\n|-heal|p1b: That Thang|39\/100|[from] item: Leftovers\n|-end|p1b: That Thang|move: Yawn|[silent]\n|-status|p1b: That Thang|slp\n|upkeep\n|turn|6\n|\n|t:|1683657589\n|move|p2b: Flutter Mane|Moonblast|p1b: That Thang\n|-end|p1b: That Thang|Substitute\n|move|p1a: Judge Dred|Rock Slide|p2a: Dondozo|[spread] p2a,p2b\n|-damage|p2a: Dondozo|50\/100\n|-damage|p2b: Flutter Mane|0 fnt\n|-enditem|p2a: Dondozo|Sitrus Berry|[eat]\n|-heal|p2a: Dondozo|75\/100|[from] item: Sitrus Berry\n|faint|p2b: Flutter Mane\n|-end|p2b: Flutter Mane|Protosynthesis|[silent]\n|cant|p1b: That Thang|slp\n|move|p2a: Dondozo|Body Press|p1a: Judge Dred\n|-supereffective|p1a: Judge Dred\n|-damage|p1a: Judge Dred|34\/100\n|\n|-weather|RainDance|[upkeep]\n|-heal|p1b: That Thang|51\/100 slp|[from] ability: Dry Skin\n|-heal|p1b: That Thang|57\/100 slp|[from] item: Leftovers\n|-end|p1a: Judge Dred|move: Yawn|[silent]\n|-status|p1a: Judge Dred|slp\n|upkeep\n|\n|t:|1683657603\n|switch|p2b: Chi-Yu|Chi-Yu, L50|100\/100\n|-ability|p2b: Chi-Yu|Beads of Ruin\n|turn|7\n|inactive|Tiefling_IRL has 30 seconds left.\n|\n|t:|1683657635\n|switch|p1b: D3L1B1RD|Iron Bundle, L50|100\/100\n|-enditem|p1b: D3L1B1RD|Booster Energy\n|-activate|p1b: D3L1B1RD|ability: Quark Drive|[fromitem]\n|-start|p1b: D3L1B1RD|quarkdrivespe\n|cant|p1a: Judge Dred|slp\n|move|p2b: Chi-Yu|Flamethrower|p1b: D3L1B1RD\n|-damage|p1b: D3L1B1RD|27\/100\n|move|p2a: Dondozo|Body Press|p1b: D3L1B1RD\n|-supereffective|p1b: D3L1B1RD\n|-damage|p1b: D3L1B1RD|0 fnt\n|faint|p1b: D3L1B1RD\n|-end|p1b: D3L1B1RD|Quark Drive|[silent]\n|\n|-weather|RainDance|[upkeep]\n|upkeep\n|\n|t:|1683657648\n|switch|p1b: That Thang|Toxicroak, L50, F, shiny|57\/100 slp\n|turn|8\n|inactive|Tiefling_IRL has 30 seconds left.\n|\n|t:|1683657680\n|-terastallize|p1b: That Thang|Dark\n|-curestatus|p1b: That Thang|slp|[msg]\n|move|p1b: That Thang|Sucker Punch|p2a: Dondozo\n|-crit|p2a: Dondozo\n|-damage|p2a: Dondozo|48\/100\n|-curestatus|p1a: Judge Dred|slp|[msg]\n|move|p1a: Judge Dred|Rock Slide|p2b: Chi-Yu|[spread] p2a\n|-miss|p1a: Judge Dred|p2b: Chi-Yu\n|-damage|p2a: Dondozo|23\/100\n|move|p2b: Chi-Yu|Flamethrower|p1b: That Thang\n|-crit|p1b: That Thang\n|-damage|p1b: That Thang|0 fnt\n|faint|p1b: That Thang\n|cant|p2a: Dondozo|flinch\n|\n|-weather|none\n|upkeep\n|turn|9\n|inactive|kalalu22 has 30 seconds left.\n|\n|t:|1683657714\n|move|p2b: Chi-Yu|Dark Pulse|p1a: Judge Dred\n|-damage|p1a: Judge Dred|0 fnt\n|faint|p1a: Judge Dred\n|\n|win|kalalu22\n|raw|Tiefling_IRL's rating: 1094 → 1069<\/strong> (-25 for losing)\n|raw|kalalu22's rating: 1081 → 1110<\/strong> (+29 for winning)\n|l|\u2606Tiefling_IRL\n","uploadtime":1683657725,"views":15,"p1id":"tieflingirl","p2id":"kalalu22","formatid":"gen9vgc2023regulationc","rating":1069,"private":0,"password":""}