{"id":"gen9vgc2023regulationc-1851747963","p1":"lamp114514","p2":"252kgold","format":"[Gen 9] VGC 2023 Regulation C","log":"|j|\u2606lamp114514\n|j|\u2606252kgold\n|t:|1682477643\n|gametype|doubles\n|player|p1|lamp114514|2|1232\n|player|p2|252kgold|169|1311\n|teamsize|p1|6\n|teamsize|p2|6\n|gen|9\n|tier|[Gen 9] VGC 2023 Regulation C\n|rated|\n|rule|Species Clause: Limit one of each Pok\u00e9mon\n|rule|Item Clause: Limit one of each item\n|clearpoke\n|poke|p1|Scizor, L50, M|\n|poke|p1|Flutter Mane, L50|\n|poke|p1|Rotom-Wash, L50|\n|poke|p1|Great Tusk, L50|\n|poke|p1|Arcanine, L50, M|\n|poke|p1|Chien-Pao, L50|\n|poke|p2|Amoonguss, L50, M|\n|poke|p2|Flutter Mane, L50|\n|poke|p2|Dragonite, L50, F|\n|poke|p2|Chi-Yu, L50|\n|poke|p2|Glimmora, L50, F|\n|poke|p2|Gyarados, L50, F|\n|teampreview|4\n|\n|t:|1682477678\n|start\n|switch|p1a: Arcanine|Arcanine, L50, M|100\/100\n|switch|p1b: Great Tusk|Great Tusk, L50|100\/100\n|switch|p2a: Chi-Yu|Chi-Yu, L50|100\/100\n|switch|p2b: Flutter Mane|Flutter Mane, L50|100\/100\n|-ability|p2a: Chi-Yu|Beads of Ruin\n|-ability|p1a: Arcanine|Intimidate|boost\n|-unboost|p2a: Chi-Yu|atk|1\n|-unboost|p2b: Flutter Mane|atk|1\n|-enditem|p2b: Flutter Mane|Booster Energy\n|-activate|p2b: Flutter Mane|ability: Protosynthesis|[fromitem]\n|-start|p2b: Flutter Mane|protosynthesisspe\n|turn|1\n|\n|t:|1682477713\n|-end|p1b: Great Tusk|Protosynthesis|[silent]\n|switch|p1b: dont miss|Rotom-Wash, L50|100\/100\n|switch|p2a: Gyarados|Gyarados, L50, F|100\/100\n|-ability|p2a: Gyarados|Intimidate|boost\n|-unboost|p1a: Arcanine|atk|1\n|-unboost|p1b: dont miss|atk|1\n|-terastallize|p2b: Flutter Mane|Fairy\n|move|p2b: Flutter Mane|Dazzling Gleam|p1a: Arcanine|[spread] p1a,p1b\n|-resisted|p1a: Arcanine\n|-damage|p1a: Arcanine|85\/100\n|-damage|p1b: dont miss|53\/100\n|move|p1a: Arcanine|Snarl|p2b: Flutter Mane|[spread] p2a,p2b\n|-resisted|p2b: Flutter Mane\n|-damage|p2a: Gyarados|95\/100\n|-damage|p2b: Flutter Mane|97\/100\n|-unboost|p2a: Gyarados|spa|1\n|-unboost|p2b: Flutter Mane|spa|1\n|\n|upkeep\n|turn|2\n|\n|t:|1682477739\n|-end|p2b: Flutter Mane|Protosynthesis|[silent]\n|switch|p2b: Glimmora|Glimmora, L50, F|100\/100\n|switch|p1a: Scizor|Scizor, L50, M|100\/100\n|move|p1b: dont miss|Thunderbolt|p2a: Gyarados\n|-supereffective|p2a: Gyarados\n|-damage|p2a: Gyarados|0 fnt\n|faint|p2a: Gyarados\n|\n|upkeep\n|\n|t:|1682477752\n|switch|p2a: Chi-Yu|Chi-Yu, L50|100\/100\n|-ability|p2a: Chi-Yu|Beads of Ruin\n|turn|3\n|inactive|Battle timer is ON: inactive players will automatically lose when time's up. (requested by 252kgold)\n|\n|t:|1682477777\n|-terastallize|p1a: Scizor|Water\n|move|p1b: dont miss|Protect|p1b: dont miss\n|-singleturn|p1b: dont miss|Protect\n|move|p2a: Chi-Yu|Heat Wave|p1b: dont miss|[spread] p1a\n|-activate|p1b: dont miss|move: Protect\n|-resisted|p1a: Scizor\n|-damage|p1a: Scizor|69\/100\n|move|p1a: Scizor|U-turn|p2a: Chi-Yu\n|-damage|p2a: Chi-Yu|36\/100\n|\n|t:|1682477789\n|switch|p1a: Great Tusk|Great Tusk, L50|100\/100|[from] U-turn\n|move|p2b: Glimmora|Energy Ball|p1b: dont miss\n|-activate|p1b: dont miss|move: Protect\n|\n|upkeep\n|turn|4\n|\n|t:|1682477813\n|move|p2a: Chi-Yu|Protect|p2a: Chi-Yu\n|-singleturn|p2a: Chi-Yu|Protect\n|move|p1a: Great Tusk|Earthquake|p2b: Glimmora|[spread] p2b\n|-activate|p2a: Chi-Yu|move: Protect\n|-immune|p1b: dont miss|[from] ability: Levitate\n|-supereffective|p2b: Glimmora\n|-damage|p2b: Glimmora|0 fnt\n|-activate|p2b: Glimmora|ability: Toxic Debris\n|-sidestart|p1: lamp114514|move: Toxic Spikes\n|faint|p2b: Glimmora\n|move|p1b: dont miss|Thunderbolt|p2a: Chi-Yu\n|-activate|p2a: Chi-Yu|move: Protect\n|\n|upkeep\n|\n|t:|1682477826\n|switch|p2b: Flutter Mane|Flutter Mane, L50, tera:Fairy|97\/100\n|turn|5\n|\n|t:|1682477834\n|move|p1a: Great Tusk|Earthquake|p2b: Flutter Mane|[spread] p2a,p2b\n|-immune|p1b: dont miss|[from] ability: Levitate\n|-supereffective|p2a: Chi-Yu\n|-damage|p2a: Chi-Yu|0 fnt\n|-damage|p2b: Flutter Mane|14\/100\n|faint|p2a: Chi-Yu\n|move|p2b: Flutter Mane|Dazzling Gleam|p1b: dont miss|[spread] p1a,p1b\n|-supereffective|p1a: Great Tusk\n|-damage|p1a: Great Tusk|0 fnt\n|-damage|p1b: dont miss|8\/100\n|-enditem|p1b: dont miss|Sitrus Berry|[eat]\n|-heal|p1b: dont miss|32\/100|[from] item: Sitrus Berry\n|faint|p1a: Great Tusk\n|-end|p1a: Great Tusk|Protosynthesis|[silent]\n|move|p1b: dont miss|Thunderbolt|p2b: Flutter Mane\n|-damage|p2b: Flutter Mane|0 fnt\n|faint|p2b: Flutter Mane\n|-end|p2b: Flutter Mane|Protosynthesis|[silent]\n|\n|win|lamp114514\n|raw|lamp114514's rating: 1232 → 1263<\/strong> (+31 for winning)\n|raw|252kgold's rating: 1311 → 1287<\/strong> (-24 for losing)\n|l|\u2606252kgold\n","uploadtime":1682477852,"views":15,"p1id":"lamp114514","p2id":"252kgold","formatid":"gen9vgc2023regulationc","rating":1263,"private":0,"password":""}