{"id":"gen9vgc2023regulationc-1857407261","p1":"oopsycanyousee","p2":"haha you rage quit","format":"[Gen 9] VGC 2023 Regulation C","log":"|j|\u2606oopsycanyousee\n|j|\u2606haha you rage quit\n|t:|1683188141\n|gametype|doubles\n|player|p1|oopsycanyousee|beauty-gen5bw2|1240\n|player|p2|haha you rage quit|pokemaniac|1218\n|teamsize|p1|6\n|teamsize|p2|6\n|gen|9\n|tier|[Gen 9] VGC 2023 Regulation C\n|rated|\n|rule|Species Clause: Limit one of each Pok\u00e9mon\n|rule|Item Clause: Limit one of each item\n|clearpoke\n|poke|p1|Flutter Mane, L50|\n|poke|p1|Iron Hands, L50|\n|poke|p1|Amoonguss, L50, M|\n|poke|p1|Chien-Pao, L50|\n|poke|p1|Palafin, L50, M|\n|poke|p1|Arcanine, L50, F|\n|poke|p2|Flutter Mane, L50|\n|poke|p2|Chi-Yu, L50|\n|poke|p2|Baxcalibur, L50, M|\n|poke|p2|Gholdengo, L50|\n|poke|p2|Scyther, L50, M|\n|poke|p2|Murkrow, L50, M|\n|teampreview|4\n|l|\u2606haha you rage quit\n|player|p2|\n|inactive|Battle timer is ON: inactive players will automatically lose when time's up. (requested by oopsycanyousee)\n|j|\u2606haha you rage quit\n|inactive|haha you rage quit reconnected and has 90 seconds left.\n|player|p2|haha you rage quit|pokemaniac\n|\n|t:|1683188213\n|start\n|switch|p1a: Antifragile|Iron Hands, L50|100\/100\n|switch|p1b: Bluebeard|Palafin, L50, M|100\/100\n|switch|p2a: Murkrow|Murkrow, L50, M|100\/100\n|switch|p2b: Baxcalibur|Baxcalibur, L50, M|100\/100\n|turn|1\n|inactive|haha you rage quit has 30 seconds left.\n|inactive|haha you rage quit has 20 seconds left.\n|\n|t:|1683188249\n|detailschange|p1b: Bluebeard|Palafin-Hero, L50, M\n|switch|p1b: Impurities|Amoonguss, L50, M|100\/100\n|switch|p2b: Gholdengo|Gholdengo, L50|100\/100\n|-terastallize|p2a: Murkrow|Ghost\n|move|p1a: Antifragile|Fake Out|p2a: Murkrow\n|-immune|p2a: Murkrow\n|move|p2a: Murkrow|Tailwind|p2a: Murkrow\n|-sidestart|p2: haha you rage quit|move: Tailwind\n|\n|upkeep\n|turn|2\n|inactive|oopsycanyousee has 30 seconds left.\n|inactive|haha you rage quit has 30 seconds left.\n|\n|t:|1683188281\n|-terastallize|p1b: Impurities|Water\n|move|p2a: Murkrow|Foul Play|p2b: Gholdengo\n|-supereffective|p2b: Gholdengo\n|-damage|p2b: Gholdengo|72\/100\n|-enditem|p2b: Gholdengo|Weakness Policy\n|-boost|p2b: Gholdengo|atk|2|[from] item: Weakness Policy\n|-boost|p2b: Gholdengo|spa|2|[from] item: Weakness Policy\n|move|p2b: Gholdengo|Shadow Ball|p1a: Antifragile\n|-damage|p1a: Antifragile|56\/100\n|move|p1a: Antifragile|Wild Charge|p2b: Gholdengo\n|-damage|p2b: Gholdengo|20\/100\n|-damage|p1a: Antifragile|45\/100|[from] Recoil\n|move|p1b: Impurities|Spore|p2a: Murkrow\n|-status|p2a: Murkrow|slp|[from] move: Spore\n|\n|upkeep\n|turn|3\n|inactive|oopsycanyousee has 30 seconds left.\n|inactive|haha you rage quit has 30 seconds left.\n|inactive|oopsycanyousee has 20 seconds left.\n|inactive|oopsycanyousee has 15 seconds left.\n|\n|t:|1683188321\n|move|p1b: Impurities|Rage Powder|p1b: Impurities\n|-singleturn|p1b: Impurities|move: Rage Powder\n|cant|p2a: Murkrow|slp\n|move|p2b: Gholdengo|Shadow Ball|p1b: Impurities\n|-damage|p1b: Impurities|28\/100\n|-enditem|p1b: Impurities|Sitrus Berry|[eat]\n|-heal|p1b: Impurities|53\/100|[from] item: Sitrus Berry\n|move|p1a: Antifragile|Wild Charge|p2b: Gholdengo\n|-damage|p2b: Gholdengo|0 fnt\n|faint|p2b: Gholdengo\n|-damage|p1a: Antifragile|41\/100|[from] Recoil\n|\n|upkeep\n|\n|t:|1683188343\n|switch|p2b: Baxcalibur|Baxcalibur, L50, M|100\/100\n|turn|4\n|\n|t:|1683188360\n|-end|p1a: Antifragile|Quark Drive|[silent]\n|switch|p1a: Bluebeard|Palafin-Hero, L50, M|100\/100\n|-activate|p1a: Bluebeard|ability: Zero to Hero\n|-curestatus|p2a: Murkrow|slp|[msg]\n|move|p2a: Murkrow|Protect|p2a: Murkrow\n|-singleturn|p2a: Murkrow|Protect\n|move|p1b: Impurities|Protect|p1b: Impurities\n|-singleturn|p1b: Impurities|Protect\n|move|p2b: Baxcalibur|Earthquake|p1a: Bluebeard|[spread] p1a\n|-activate|p2a: Murkrow|move: Protect\n|-activate|p1b: Impurities|move: Protect\n|-damage|p1a: Bluebeard|72\/100\n|\n|-sideend|p2: haha you rage quit|move: Tailwind\n|upkeep\n|turn|5\n|inactive|oopsycanyousee has 30 seconds left.\n|inactive|haha you rage quit has 30 seconds left.\n|inactive|haha you rage quit has 20 seconds left.\n|\n|t:|1683188397\n|move|p1b: Impurities|Rage Powder|p1b: Impurities\n|-singleturn|p1b: Impurities|move: Rage Powder\n|move|p2a: Murkrow|Foul Play|p1b: Impurities\n|-damage|p1b: Impurities|34\/100\n|move|p1a: Bluebeard|Wave Crash|p2a: Murkrow\n|-enditem|p2a: Murkrow|Focus Sash\n|-damage|p2a: Murkrow|1\/100\n|-damage|p1a: Bluebeard|45\/100|[from] Recoil\n|move|p2b: Baxcalibur|Glaive Rush|p1b: Impurities\n|-damage|p1b: Impurities|0 fnt\n|-singlemove|p2b: Baxcalibur|Glaive Rush|[silent]\n|faint|p1b: Impurities\n|\n|upkeep\n|\n|t:|1683188419\n|switch|p1b: Antifragile|Iron Hands, L50|41\/100\n|turn|6\n|\n|t:|1683188433\n|-end|p1b: Antifragile|Quark Drive|[silent]\n|switch|p1b: The Hydra|Flutter Mane, L50|100\/100\n|-enditem|p1b: The Hydra|Booster Energy\n|-activate|p1b: The Hydra|ability: Protosynthesis|[fromitem]\n|-start|p1b: The Hydra|protosynthesisspa\n|move|p2a: Murkrow|Protect|p2a: Murkrow\n|-singleturn|p2a: Murkrow|Protect\n|move|p2b: Baxcalibur|Protect|p2b: Baxcalibur\n|-singleturn|p2b: Baxcalibur|Protect\n|move|p1a: Bluebeard|Jet Punch|p2a: Murkrow\n|-activate|p2a: Murkrow|move: Protect\n|\n|upkeep\n|turn|7\n|inactive|haha you rage quit has 30 seconds left.\n|inactive|haha you rage quit has 20 seconds left.\n|\n|t:|1683188473\n|move|p2a: Murkrow|Protect|p2a: Murkrow\n|-singleturn|p2a: Murkrow|Protect\n|move|p1b: The Hydra|Protect|p1b: The Hydra\n|-singleturn|p1b: The Hydra|Protect\n|move|p1a: Bluebeard|Jet Punch|p2a: Murkrow\n|-activate|p2a: Murkrow|move: Protect\n|move|p2b: Baxcalibur|Glaive Rush|p1a: Bluebeard\n|-damage|p1a: Bluebeard|0 fnt\n|-singlemove|p2b: Baxcalibur|Glaive Rush|[silent]\n|faint|p1a: Bluebeard\n|\n|upkeep\n|\n|t:|1683188481\n|switch|p1a: Antifragile|Iron Hands, L50|41\/100\n|turn|8\n|\n|t:|1683188497\n|move|p2b: Baxcalibur|Protect|p2b: Baxcalibur\n|-singleturn|p2b: Baxcalibur|Protect\n|move|p1a: Antifragile|Fake Out|p2b: Baxcalibur\n|-activate|p2b: Baxcalibur|move: Protect\n|move|p2a: Murkrow|Tailwind|p2a: Murkrow\n|-sidestart|p2: haha you rage quit|move: Tailwind\n|move|p1b: The Hydra|Substitute|p1b: The Hydra\n|-start|p1b: The Hydra|Substitute\n|-damage|p1b: The Hydra|76\/100\n|\n|upkeep\n|turn|9\n|\n|t:|1683188521\n|move|p2a: Murkrow|Protect|p2a: Murkrow\n|-singleturn|p2a: Murkrow|Protect\n|move|p1b: The Hydra|Protect|p1b: The Hydra\n|-singleturn|p1b: The Hydra|Protect\n|move|p2b: Baxcalibur|Earthquake|p1a: Antifragile|[spread] p1a\n|-activate|p2a: Murkrow|move: Protect\n|-activate|p1b: The Hydra|move: Protect\n|-supereffective|p1a: Antifragile\n|-damage|p1a: Antifragile|0 fnt\n|faint|p1a: Antifragile\n|-end|p1a: Antifragile|Quark Drive|[silent]\n|\n|upkeep\n|turn|10\n|\n|t:|1683188535\n|move|p2a: Murkrow|Foul Play|p1b: The Hydra\n|-activate|p1b: The Hydra|move: Substitute|[damage]\n|move|p2b: Baxcalibur|Icicle Spear|p1b: The Hydra\n|-end|p1b: The Hydra|Substitute\n|-damage|p1b: The Hydra|51\/100\n|-damage|p1b: The Hydra|28\/100\n|-damage|p1b: The Hydra|5\/100\n|-hitcount|p1b: The Hydra|4\n|move|p1b: The Hydra|Moonblast|p2b: Baxcalibur\n|-supereffective|p2b: Baxcalibur\n|-damage|p2b: Baxcalibur|0 fnt\n|faint|p2b: Baxcalibur\n|\n|upkeep\n|\n|t:|1683188542\n|switch|p2b: Chi-Yu|Chi-Yu, L50|100\/100\n|-ability|p2b: Chi-Yu|Beads of Ruin\n|turn|11\n|\n|t:|1683188549\n|move|p1b: The Hydra|Protect|p1b: The Hydra\n|-singleturn|p1b: The Hydra|Protect\n|move|p2a: Murkrow|Foul Play|p1b: The Hydra\n|-activate|p1b: The Hydra|move: Protect\n|move|p2b: Chi-Yu|Snarl|p1b: The Hydra\n|-activate|p1b: The Hydra|move: Protect\n|\n|-sideend|p2: haha you rage quit|move: Tailwind\n|upkeep\n|turn|12\n|\n|t:|1683188558\n|move|p2a: Murkrow|Tailwind|p2a: Murkrow\n|-sidestart|p2: haha you rage quit|move: Tailwind\n|move|p2b: Chi-Yu|Snarl|p1b: The Hydra\n|-damage|p1b: The Hydra|0 fnt\n|faint|p1b: The Hydra\n|-end|p1b: The Hydra|Protosynthesis|[silent]\n|\n|win|haha you rage quit\n|raw|oopsycanyousee's rating: 1240 → 1213<\/strong> (-27 for losing)\n|raw|haha you rage quit's rating: 1218 → 1245<\/strong> (+27 for winning)\n|l|\u2606oopsycanyousee\n","uploadtime":1683188571,"views":11,"p1id":"oopsycanyousee","p2id":"hahayouragequit","formatid":"gen9vgc2023regulationc","rating":1213,"private":0,"password":""}