{"id":"gen9vgc2023regulationc-1856593520","p1":"kricketot marx","p2":"OznerolVGC","format":"[Gen 9] VGC 2023 Regulation C","log":"|j|\u2606kricketot marx\n|j|\u2606OznerolVGC\n|t:|1683079945\n|gametype|doubles\n|player|p1|kricketot marx|flannery|1445\n|player|p2|OznerolVGC|101|1353\n|teamsize|p1|6\n|teamsize|p2|6\n|gen|9\n|tier|[Gen 9] VGC 2023 Regulation C\n|rated|\n|rule|Species Clause: Limit one of each Pok\u00e9mon\n|rule|Item Clause: Limit one of each item\n|clearpoke\n|poke|p1|Garganacl, L50, F|\n|poke|p1|Flutter Mane, L50|\n|poke|p1|Iron Bundle, L50|\n|poke|p1|Abomasnow, L50, F|\n|poke|p1|Arcanine, L50, F|\n|poke|p1|Ting-Lu, L50|\n|poke|p2|Abomasnow, L50, F|\n|poke|p2|Iron Bundle, L50|\n|poke|p2|Ting-Lu, L50|\n|poke|p2|Flutter Mane, L50|\n|poke|p2|Gothitelle, L50, F|\n|poke|p2|Scream Tail, L50|\n|teampreview|4\n|inactive|Battle timer is ON: inactive players will automatically lose when time's up. (requested by OznerolVGC)\n|inactive|kricketot marx has 60 seconds left.\n|inactive|OznerolVGC has 60 seconds left.\n|inactive|kricketot marx has 30 seconds left.\n|\n|t:|1683080025\n|start\n|switch|p1a: Flutter Mane|Flutter Mane, L50|100\/100\n|switch|p1b: Arcanine|Arcanine, L50, F|100\/100\n|switch|p2a: Gothitelle|Gothitelle, L50, F|100\/100\n|switch|p2b: Scream Tail|Scream Tail, L50|100\/100\n|-ability|p1b: Arcanine|Intimidate|boost\n|-unboost|p2a: Gothitelle|atk|1\n|-unboost|p2b: Scream Tail|atk|1\n|-enditem|p2b: Scream Tail|Booster Energy\n|-activate|p2b: Scream Tail|ability: Protosynthesis|[fromitem]\n|-start|p2b: Scream Tail|protosynthesisspe\n|-enditem|p1a: Flutter Mane|Booster Energy\n|-activate|p1a: Flutter Mane|ability: Protosynthesis|[fromitem]\n|-start|p1a: Flutter Mane|protosynthesisspa\n|turn|1\n|inactive|OznerolVGC has 30 seconds left.\n|inactive|kricketot marx has 30 seconds left.\n|inactive|OznerolVGC has 20 seconds left.\n|inactive|OznerolVGC has 15 seconds left.\n|inactive|kricketot marx has 20 seconds left.\n|inactive|OznerolVGC has 10 seconds left.\n|inactive|OznerolVGC has 5 seconds left.\n|\n|t:|1683080075\n|-end|p2b: Scream Tail|Protosynthesis|[silent]\n|switch|p2b: Ting-Lu|Ting-Lu, L50|100\/100\n|-ability|p2b: Ting-Lu|Vessel of Ruin\n|move|p2a: Gothitelle|Fake Out|p1b: Arcanine\n|-damage|p1b: Arcanine|96\/100\n|move|p1a: Flutter Mane|Shadow Ball|p2b: Ting-Lu\n|-resisted|p2b: Ting-Lu\n|-damage|p2b: Ting-Lu|88\/100\n|cant|p1b: Arcanine|flinch\n|\n|upkeep\n|turn|2\n|inactive|OznerolVGC has 30 seconds left.\n|inactive|OznerolVGC has 20 seconds left.\n|inactive|OznerolVGC has 15 seconds left.\n|inactive|OznerolVGC has 10 seconds left.\n|\n|t:|1683080122\n|move|p2a: Gothitelle|Helping Hand|p2b: Ting-Lu\n|-singleturn|p2b: Ting-Lu|Helping Hand|[of] p2a: Gothitelle\n|move|p1a: Flutter Mane|Substitute|p1a: Flutter Mane\n|-start|p1a: Flutter Mane|Substitute\n|-damage|p1a: Flutter Mane|76\/100\n|move|p1b: Arcanine|Will-O-Wisp|p2b: Ting-Lu\n|-status|p2b: Ting-Lu|brn\n|move|p2b: Ting-Lu|Throat Chop|p1a: Flutter Mane\n|-end|p1a: Flutter Mane|Substitute\n|\n|-damage|p2b: Ting-Lu|82\/100 brn|[from] brn\n|upkeep\n|turn|3\n|inactive|kricketot marx has 30 seconds left.\n|inactive|OznerolVGC has 30 seconds left.\n|\n|t:|1683080157\n|move|p1a: Flutter Mane|Protect|p1a: Flutter Mane\n|-singleturn|p1a: Flutter Mane|Protect\n|move|p1b: Arcanine|Flare Blitz|p2a: Gothitelle\n|-damage|p2a: Gothitelle|61\/100\n|-damage|p1b: Arcanine|84\/100|[from] Recoil\n|move|p2b: Ting-Lu|Throat Chop|p1a: Flutter Mane\n|-activate|p1a: Flutter Mane|move: Protect\n|move|p2a: Gothitelle|Trick Room|p2a: Gothitelle\n|-fieldstart|move: Trick Room|[of] p2a: Gothitelle\n|\n|-damage|p2b: Ting-Lu|76\/100 brn|[from] brn\n|upkeep\n|turn|4\n|inactive|kricketot marx has 30 seconds left.\n|inactive|kricketot marx has 20 seconds left.\n|inactive|kricketot marx has 15 seconds left.\n|inactive|kricketot marx has 10 seconds left.\n|\n|t:|1683080202\n|-terastallize|p1a: Flutter Mane|Fairy\n|move|p1b: Arcanine|Protect|p1b: Arcanine\n|-singleturn|p1b: Arcanine|Protect\n|move|p2b: Ting-Lu|Throat Chop|p1a: Flutter Mane\n|-resisted|p1a: Flutter Mane\n|-damage|p1a: Flutter Mane|63\/100\n|-start|p1a: Flutter Mane|Throat Chop|[silent]\n|move|p2a: Gothitelle|Psychic|p1a: Flutter Mane\n|-damage|p1a: Flutter Mane|42\/100\n|move|p1a: Flutter Mane|Moonblast|p2a: Gothitelle\n|-crit|p2a: Gothitelle\n|-damage|p2a: Gothitelle|0 fnt\n|faint|p2a: Gothitelle\n|\n|-damage|p2b: Ting-Lu|70\/100 brn|[from] brn\n|upkeep\n|\n|t:|1683080221\n|switch|p2a: Scream Tail|Scream Tail, L50|100\/100\n|turn|5\n|inactive|OznerolVGC has 30 seconds left.\n|inactive|OznerolVGC has 20 seconds left.\n|\n|t:|1683080258\n|-terastallize|p2a: Scream Tail|Steel\n|move|p1a: Flutter Mane|Protect|p1a: Flutter Mane\n|-singleturn|p1a: Flutter Mane|Protect\n|move|p2b: Ting-Lu|Rock Slide|p1b: Arcanine|[spread] p1b\n|-activate|p1a: Flutter Mane|move: Protect\n|-supereffective|p1b: Arcanine\n|-damage|p1b: Arcanine|66\/100\n|move|p1b: Arcanine|Will-O-Wisp|p2a: Scream Tail\n|-status|p2a: Scream Tail|brn\n|move|p2a: Scream Tail|Play Rough|p1a: Flutter Mane\n|-activate|p1a: Flutter Mane|move: Protect\n|\n|-damage|p2b: Ting-Lu|63\/100 brn|[from] brn\n|-damage|p2a: Scream Tail|95\/100 brn|[from] brn\n|-end|p1a: Flutter Mane|Throat Chop|[silent]\n|upkeep\n|turn|6\n|\n|t:|1683080282\n|move|p2b: Ting-Lu|Throat Chop|p1a: Flutter Mane\n|-resisted|p1a: Flutter Mane\n|-damage|p1a: Flutter Mane|30\/100\n|-start|p1a: Flutter Mane|Throat Chop|[silent]\n|move|p1b: Arcanine|Flare Blitz|p2a: Scream Tail\n|-supereffective|p2a: Scream Tail\n|-damage|p2a: Scream Tail|8\/100 brn\n|-damage|p1b: Arcanine|35\/100|[from] Recoil\n|move|p1a: Flutter Mane|Moonblast|p2b: Ting-Lu\n|-supereffective|p2b: Ting-Lu\n|-damage|p2b: Ting-Lu|0 fnt\n|faint|p2b: Ting-Lu\n|move|p2a: Scream Tail|Play Rough|p1a: Flutter Mane\n|-damage|p1a: Flutter Mane|15\/100\n|\n|-damage|p2a: Scream Tail|2\/100 brn|[from] brn\n|upkeep\n|\n|t:|1683080297\n|switch|p2b: Flutter Mane|Flutter Mane, L50|100\/100\n|turn|7\n|\n|t:|1683080315\n|move|p2b: Flutter Mane|Protect|p2b: Flutter Mane\n|-singleturn|p2b: Flutter Mane|Protect\n|move|p1b: Arcanine|Flare Blitz|p2b: Flutter Mane\n|-activate|p2b: Flutter Mane|move: Protect\n|move|p1a: Flutter Mane|Moonblast|p2b: Flutter Mane\n|-activate|p2b: Flutter Mane|move: Protect\n|move|p2a: Scream Tail|Disable|p1a: Flutter Mane\n|-start|p1a: Flutter Mane|Disable|Moonblast\n|\n|-damage|p2a: Scream Tail|0 fnt|[from] brn\n|faint|p2a: Scream Tail\n|-end|p2a: Scream Tail|Protosynthesis|[silent]\n|-end|p1a: Flutter Mane|Throat Chop|[silent]\n|-fieldend|move: Trick Room\n|upkeep\n|turn|8\n|\n|t:|1683080338\n|move|p2b: Flutter Mane|Shadow Ball|p1b: Arcanine\n|-damage|p1b: Arcanine|0 fnt\n|faint|p1b: Arcanine\n|move|p1a: Flutter Mane|Shadow Ball|p2b: Flutter Mane\n|-supereffective|p2b: Flutter Mane\n|-enditem|p2b: Flutter Mane|Focus Sash\n|-damage|p2b: Flutter Mane|1\/100\n|-unboost|p2b: Flutter Mane|spd|1\n|\n|upkeep\n|\n|t:|1683080345\n|switch|p1b: Iron Bundle|Iron Bundle, L50|100\/100\n|turn|9\n|-message|OznerolVGC forfeited.\n|\n|win|kricketot marx\n|raw|kricketot marx's rating: 1445 → 1460<\/strong> (+15 for winning)\n|raw|OznerolVGC's rating: 1353 → 1338<\/strong> (-15 for losing)\n|l|\u2606OznerolVGC\n","uploadtime":1683080351,"views":20,"p1id":"kricketotmarx","p2id":"oznerolvgc","formatid":"gen9vgc2023regulationc","rating":1338,"private":0,"password":""}