{"id":"gen9vgc2023regulationc-1861359149","p1":"DarkTerrah","p2":"garfieldslaya","format":"[Gen 9] VGC 2023 Regulation C","log":"|j|\u2606DarkTerrah\n|j|\u2606garfieldslaya\n|t:|1683749344\n|gametype|doubles\n|player|p1|DarkTerrah|2|1150\n|player|p2|garfieldslaya|jasmine|1223\n|teamsize|p1|6\n|teamsize|p2|6\n|gen|9\n|tier|[Gen 9] VGC 2023 Regulation C\n|rated|\n|rule|Species Clause: Limit one of each Pok\u00e9mon\n|rule|Item Clause: Limit one of each item\n|clearpoke\n|poke|p1|Great Tusk, L50|\n|poke|p1|Jumpluff, L50, M|\n|poke|p1|Flutter Mane, L50|\n|poke|p1|Torkoal, L50, M|\n|poke|p1|Iron Bundle, L50|\n|poke|p1|Armarouge, L50, M|\n|poke|p2|Amoonguss, L50, F|\n|poke|p2|Flutter Mane, L50|\n|poke|p2|Arcanine, L50, F|\n|poke|p2|Baxcalibur, L50, F|\n|poke|p2|Ting-Lu, L50|\n|poke|p2|Palafin, L50, M|\n|teampreview|4\ngarfieldslaya has agreed to open team sheets.\n|\n|t:|1683749397\n|start\n|switch|p1a: Iron Bundle|Iron Bundle, L50|100\/100\n|switch|p1b: Armarouge|Armarouge, L50, M|100\/100\n|switch|p2a: Baxcalibur|Baxcalibur, L50, F|100\/100\n|switch|p2b: Flutter Mane|Flutter Mane, L50|100\/100\n|-enditem|p2b: Flutter Mane|Booster Energy\n|-activate|p2b: Flutter Mane|ability: Protosynthesis|[fromitem]\n|-start|p2b: Flutter Mane|protosynthesisspa\n|turn|1\n|\n|t:|1683749422\n|move|p2a: Baxcalibur|Ice Shard|p1a: Iron Bundle\n|-resisted|p1a: Iron Bundle\n|-damage|p1a: Iron Bundle|95\/100\n|move|p1a: Iron Bundle|Flip Turn|p1b: Armarouge\n|-supereffective|p1b: Armarouge\n|-damage|p1b: Armarouge|70\/100\n|-ability|p1b: Armarouge|Weak Armor|boost\n|-unboost|p1b: Armarouge|def|1\n|-boost|p1b: Armarouge|spe|2\n|-enditem|p1b: Armarouge|Weakness Policy\n|-boost|p1b: Armarouge|atk|2|[from] item: Weakness Policy\n|-boost|p1b: Armarouge|spa|2|[from] item: Weakness Policy\n|\n|t:|1683749435\n|-end|p1a: Iron Bundle|Quark Drive|[silent]\n|switch|p1a: Jumpluff|Jumpluff, L50, M|100\/100|[from] Flip Turn\n|move|p1b: Armarouge|Heat Wave|p2b: Flutter Mane|[spread] p2a,p2b\n|-damage|p2a: Baxcalibur|38\/100\n|-damage|p2b: Flutter Mane|27\/100\n|-ability|p2a: Baxcalibur|Thermal Exchange|boost\n|-boost|p2a: Baxcalibur|atk|1\n|move|p2b: Flutter Mane|Moonblast|p1a: Jumpluff\n|-damage|p1a: Jumpluff|29\/100\n|\n|upkeep\n|turn|2\n|inactive|Battle timer is ON: inactive players will automatically lose when time's up. (requested by DarkTerrah)\n|\n|t:|1683749497\n|-end|p2b: Flutter Mane|Protosynthesis|[silent]\n|switch|p2b: Ting-Lu|Ting-Lu, L50|100\/100\n|-ability|p2b: Ting-Lu|Vessel of Ruin\n|move|p2a: Baxcalibur|Protect|p2a: Baxcalibur\n|-singleturn|p2a: Baxcalibur|Protect\n|move|p1b: Armarouge|Heat Wave|p2b: Ting-Lu|[spread] p2b\n|-activate|p2a: Baxcalibur|move: Protect\n|-damage|p2b: Ting-Lu|67\/100\n|move|p1a: Jumpluff|Tailwind|p1a: Jumpluff\n|-sidestart|p1: DarkTerrah|move: Tailwind\n|\n|-heal|p2b: Ting-Lu|73\/100|[from] item: Leftovers\n|upkeep\n|turn|3\n|\n|t:|1683749519\n|-terastallize|p1a: Jumpluff|Water\n|move|p2a: Baxcalibur|Ice Shard|p1a: Jumpluff\n|-resisted|p1a: Jumpluff\n|-damage|p1a: Jumpluff|6\/100\n|move|p1b: Armarouge|Aura Sphere|p2b: Ting-Lu\n|-supereffective|p2b: Ting-Lu\n|-damage|p2b: Ting-Lu|21\/100\n|move|p1a: Jumpluff|Sleep Powder|p2a: Baxcalibur\n|-status|p2a: Baxcalibur|slp|[from] move: Sleep Powder\n|move|p2b: Ting-Lu|Stomping Tantrum|p1b: Armarouge\n|-supereffective|p1b: Armarouge\n|-damage|p1b: Armarouge|0 fnt\n|faint|p1b: Armarouge\n|\n|-heal|p2b: Ting-Lu|28\/100|[from] item: Leftovers\n|upkeep\n|\n|t:|1683749538\n|switch|p1b: Iron Bundle|Iron Bundle, L50|95\/100\n|turn|4\n|inactive|garfieldslaya has 30 seconds left.\n|\n|t:|1683749565\n|move|p2b: Ting-Lu|Protect|p2b: Ting-Lu\n|-singleturn|p2b: Ting-Lu|Protect\n|cant|p2a: Baxcalibur|slp\n|move|p1b: Iron Bundle|Icy Wind|p2a: Baxcalibur|[spread] p2a\n|-activate|p2b: Ting-Lu|move: Protect\n|-damage|p2a: Baxcalibur|25\/100 slp\n|move|p1a: Jumpluff|Sleep Powder|p2b: Ting-Lu\n|-activate|p2b: Ting-Lu|move: Protect\n|\n|-heal|p2b: Ting-Lu|34\/100|[from] item: Leftovers\n|upkeep\n|turn|5\n|inactive|garfieldslaya has 30 seconds left.\n|inactive|garfieldslaya has 20 seconds left.\n|inactive|garfieldslaya has 15 seconds left.\n|\n|t:|1683749609\n|-terastallize|p2b: Ting-Lu|Poison\n|cant|p2a: Baxcalibur|slp\n|move|p1b: Iron Bundle|Freeze-Dry|p2a: Baxcalibur\n|-damage|p2a: Baxcalibur|5\/100 slp\n|move|p1a: Jumpluff|Encore|p2b: Ting-Lu\n|-start|p2b: Ting-Lu|Encore\n|move|p2b: Ting-Lu|Protect||[still]\n|-fail|p2b: Ting-Lu\n|\n|-heal|p2b: Ting-Lu|40\/100|[from] item: Leftovers\n|-sideend|p1: DarkTerrah|move: Tailwind\n|upkeep\n|turn|6\n|\n|t:|1683749626\n|move|p2b: Ting-Lu|Protect|p2b: Ting-Lu\n|-singleturn|p2b: Ting-Lu|Protect\n|-curestatus|p2a: Baxcalibur|slp|[msg]\n|move|p2a: Baxcalibur|Ice Shard|p1a: Jumpluff\n|-resisted|p1a: Jumpluff\n|-damage|p1a: Jumpluff|0 fnt\n|faint|p1a: Jumpluff\n|move|p1b: Iron Bundle|Icy Wind|p2a: Baxcalibur|[spread] p2a\n|-activate|p2b: Ting-Lu|move: Protect\n|-crit|p2a: Baxcalibur\n|-damage|p2a: Baxcalibur|0 fnt\n|faint|p2a: Baxcalibur\n|\n|-heal|p2b: Ting-Lu|46\/100|[from] item: Leftovers\n|upkeep\n|\n|t:|1683749648\n|switch|p1a: Great Tusk|Great Tusk, L50|100\/100\n|switch|p2a: Flutter Mane|Flutter Mane, L50|27\/100\n|turn|7\n|inactive|garfieldslaya has 30 seconds left.\n|\n|t:|1683749678\n|switch|p2b: Arcanine|Arcanine, L50, F|100\/100\n|-ability|p2b: Arcanine|Intimidate|boost\n|-unboost|p1a: Great Tusk|atk|1\n|-unboost|p1b: Iron Bundle|atk|1\n|move|p1b: Iron Bundle|Icy Wind|p2b: Arcanine|[spread] p2a,p2b\n|-resisted|p2b: Arcanine\n|-damage|p2a: Flutter Mane|7\/100\n|-damage|p2b: Arcanine|91\/100\n|-unboost|p2a: Flutter Mane|spe|1\n|-unboost|p2b: Arcanine|spe|1\n|move|p2a: Flutter Mane|Moonblast|p1b: Iron Bundle\n|-damage|p1b: Iron Bundle|12\/100\n|move|p1a: Great Tusk|Iron Head|p2a: Flutter Mane\n|-supereffective|p2a: Flutter Mane\n|-damage|p2a: Flutter Mane|0 fnt\n|faint|p2a: Flutter Mane\n|-end|p2a: Flutter Mane|Protosynthesis|[silent]\n|\n|upkeep\n|\n|t:|1683749691\n|switch|p2a: Ting-Lu|Ting-Lu, L50, tera:Poison|46\/100\n|-ability|p2a: Ting-Lu|Vessel of Ruin\n|turn|8\n|inactive|DarkTerrah has 30 seconds left.\n|\n|t:|1683749719\n|move|p2b: Arcanine|Extreme Speed|p1b: Iron Bundle\n|-damage|p1b: Iron Bundle|0 fnt\n|faint|p1b: Iron Bundle\n|-end|p1b: Iron Bundle|Quark Drive|[silent]\n|move|p1a: Great Tusk|Headlong Rush|p2b: Arcanine\n|-supereffective|p2b: Arcanine\n|-damage|p2b: Arcanine|0 fnt\n|-unboost|p1a: Great Tusk|def|1\n|-unboost|p1a: Great Tusk|spd|1\n|faint|p2b: Arcanine\n|move|p2a: Ting-Lu|Ruination|p1a: Great Tusk\n|-damage|p1a: Great Tusk|51\/100\n|\n|-heal|p2a: Ting-Lu|53\/100|[from] item: Leftovers\n|upkeep\n|turn|9\n|\n|t:|1683749736\n|move|p2a: Ting-Lu|Protect|p2a: Ting-Lu\n|-singleturn|p2a: Ting-Lu|Protect\n|move|p1a: Great Tusk|Headlong Rush|p2a: Ting-Lu\n|-activate|p2a: Ting-Lu|move: Protect\n|\n|-heal|p2a: Ting-Lu|59\/100|[from] item: Leftovers\n|upkeep\n|turn|10\n|\n|t:|1683749747\n|move|p1a: Great Tusk|Headlong Rush|p2a: Ting-Lu\n|-supereffective|p2a: Ting-Lu\n|-damage|p2a: Ting-Lu|0 fnt\n|-unboost|p1a: Great Tusk|def|1\n|-unboost|p1a: Great Tusk|spd|1\n|faint|p2a: Ting-Lu\n|\n|win|DarkTerrah\n|raw|DarkTerrah's rating: 1150 → 1180<\/strong> (+30 for winning)\n|raw|garfieldslaya's rating: 1223 → 1193<\/strong> (-30 for losing)\n","uploadtime":1683749751,"views":14,"p1id":"darkterrah","p2id":"garfieldslaya","formatid":"gen9vgc2023regulationc","rating":1180,"private":0,"password":""}