{"id":"gen9vgc2023regulationc-1857650276","p1":"BBnoCrit$","p2":"LasermanZ111","format":"[Gen 9] VGC 2023 Regulation C","log":"|j|\u203dBBnoCrit$\n|j|\u2606LasermanZ111\n|t:|1683218133\n|gametype|doubles\n|player|p1|BBnoCrit$|burglar|1356\n|player|p2|LasermanZ111|red|1466\n|teamsize|p1|6\n|teamsize|p2|6\n|gen|9\n|tier|[Gen 9] VGC 2023 Regulation C\n|rated|\n|rule|Species Clause: Limit one of each Pok\u00e9mon\n|rule|Item Clause: Limit one of each item\n|clearpoke\n|poke|p1|Amoonguss, L50, F|\n|poke|p1|Arcanine, L50, F|\n|poke|p1|Flutter Mane, L50|\n|poke|p1|Chi-Yu, L50|\n|poke|p1|Corviknight, L50, M|\n|poke|p1|Iron Hands, L50|\n|poke|p2|Chi-Yu, L50|\n|poke|p2|Amoonguss, L50, M|\n|poke|p2|Flutter Mane, L50|\n|poke|p2|Corviknight, L50, M|\n|poke|p2|Ting-Lu, L50|\n|poke|p2|Tauros-Paldea-Aqua, L50, M|\n|teampreview|4\nLasermanZ111 has agreed to open team sheets.\n|inactive|Battle timer is ON: inactive players will automatically lose when time's up. (requested by BBnoCrit$)\n|inactive|LasermanZ111 has 60 seconds left.\nBBnoCrit$ has agreed to open team sheets.\n|inactive|LasermanZ111 has 30 seconds left.\n|inactive|LasermanZ111 has 20 seconds left.\n|inactive|LasermanZ111 has 15 seconds left.\n|inactive|LasermanZ111 has 10 seconds left.\n|\n|t:|1683218285\n|start\n|switch|p1a: Chi-Yu|Chi-Yu, L50|100\/100\n|switch|p1b: Corviknight|Corviknight, L50, M|100\/100\n|switch|p2a: Corviknight|Corviknight, L50, M|100\/100\n|switch|p2b: Flutter Mane|Flutter Mane, L50|100\/100\n|-ability|p1a: Chi-Yu|Beads of Ruin\n|turn|1\n|\n|t:|1683218307\n|-end|p2b: Flutter Mane|Protosynthesis|[silent]\n|switch|p2b: Chi-Yu|Chi-Yu, L50|100\/100\n|-ability|p2b: Chi-Yu|Beads of Ruin\n|-terastallize|p2a: Corviknight|Fire\n|move|p1a: Chi-Yu|Heat Wave|p2b: Chi-Yu|[spread] p2a\n|-miss|p1a: Chi-Yu|p2b: Chi-Yu\n|-resisted|p2a: Corviknight\n|-damage|p2a: Corviknight|69\/100\n|move|p1b: Corviknight|Tailwind|p1b: Corviknight\n|-sidestart|p1: BBnoCrit$|move: Tailwind\n|move|p2a: Corviknight|Tailwind|p2a: Corviknight\n|-sidestart|p2: LasermanZ111|move: Tailwind\n|\n|upkeep\n|turn|2\n|inactive|BBnoCrit$ has 30 seconds left.\n|inactive|LasermanZ111 has 30 seconds left.\n|\n|t:|1683218339\n|switch|p1a: Arcanine|Arcanine, L50, F|100\/100\n|-ability|p1a: Arcanine|Intimidate|boost\n|-ability|p2a: Corviknight|Mirror Armor\n|-unboost|p1a: Arcanine|atk|1\n|-unboost|p2b: Chi-Yu|atk|1\n|-terastallize|p1b: Corviknight|Dragon\n|move|p2b: Chi-Yu|Heat Wave|p1b: Corviknight|[spread] p1a,p1b\n|-resisted|p1a: Arcanine\n|-resisted|p1b: Corviknight\n|-damage|p1a: Arcanine|74\/100\n|-damage|p1b: Corviknight|76\/100\n|move|p1b: Corviknight|Brave Bird|p2b: Chi-Yu\n|-damage|p2b: Chi-Yu|2\/100\n|-damage|p1b: Corviknight|54\/100|[from] Recoil\n|-damage|p1b: Corviknight|45\/100|[from] item: Life Orb\n|move|p2a: Corviknight|Brave Bird|p1a: Arcanine\n|-damage|p1a: Arcanine|29\/100\n|-damage|p2a: Corviknight|55\/100|[from] Recoil\n|\n|upkeep\n|turn|3\n|inactive|BBnoCrit$ has 30 seconds left.\n|inactive|LasermanZ111 has 30 seconds left.\n|inactive|LasermanZ111 has 20 seconds left.\n|inactive|LasermanZ111 has 15 seconds left.\n|\n|t:|1683218381\n|move|p2b: Chi-Yu|Protect|p2b: Chi-Yu\n|-singleturn|p2b: Chi-Yu|Protect\n|move|p1a: Arcanine|Extreme Speed|p2b: Chi-Yu\n|-activate|p2b: Chi-Yu|move: Protect\n|move|p1b: Corviknight|Brave Bird|p2a: Corviknight\n|-damage|p2a: Corviknight|9\/100\n|-damage|p1b: Corviknight|29\/100|[from] Recoil\n|-damage|p1b: Corviknight|20\/100|[from] item: Life Orb\n|move|p2a: Corviknight|Brave Bird|p1a: Arcanine\n|-damage|p1a: Arcanine|0 fnt\n|faint|p1a: Arcanine\n|-damage|p2a: Corviknight|0 fnt|[from] Recoil\n|faint|p2a: Corviknight\n|\n|upkeep\n|\n|t:|1683218404\n|switch|p1a: Chi-Yu|Chi-Yu, L50|100\/100\n|switch|p2a: Flutter Mane|Flutter Mane, L50|100\/100\n|-ability|p1a: Chi-Yu|Beads of Ruin\n|turn|4\n|inactive|LasermanZ111 has 30 seconds left.\n|\n|t:|1683218431\n|move|p2b: Chi-Yu|Protect||[still]\n|-fail|p2b: Chi-Yu\n|move|p2a: Flutter Mane|Dazzling Gleam|p1a: Chi-Yu|[spread] p1a,p1b\n|-supereffective|p1b: Corviknight\n|-damage|p1a: Chi-Yu|55\/100\n|-damage|p1b: Corviknight|0 fnt\n|faint|p1b: Corviknight\n|move|p1a: Chi-Yu|Snarl|p2a: Flutter Mane|[spread] p2a,p2b\n|-resisted|p2b: Chi-Yu\n|-damage|p2a: Flutter Mane|63\/100\n|-damage|p2b: Chi-Yu|0 fnt\n|-unboost|p2a: Flutter Mane|spa|1\n|faint|p2b: Chi-Yu\n|\n|-sideend|p1: BBnoCrit$|move: Tailwind\n|-sideend|p2: LasermanZ111|move: Tailwind\n|upkeep\n|inactive|BBnoCrit$ has 30 seconds left.\n|\n|t:|1683218459\n|switch|p2b: Tauros|Tauros-Paldea-Aqua, L50, M|100\/100\n|switch|p1b: Iron Hands|Iron Hands, L50|100\/100\n|-ability|p2b: Tauros|Intimidate|boost\n|-unboost|p1a: Chi-Yu|atk|1\n|-unboost|p1b: Iron Hands|atk|1\n|turn|5\n|\n|t:|1683218478\n|move|p1b: Iron Hands|Fake Out|p2b: Tauros\n|-damage|p2b: Tauros|89\/100\n|move|p2a: Flutter Mane|Dazzling Gleam|p1b: Iron Hands|[spread] p1a,p1b\n|-supereffective|p1b: Iron Hands\n|-damage|p1a: Chi-Yu|19\/100\n|-damage|p1b: Iron Hands|49\/100\n|move|p1a: Chi-Yu|Snarl|p2b: Tauros|[spread] p2a,p2b\n|-resisted|p2b: Tauros\n|-damage|p2a: Flutter Mane|24\/100\n|-damage|p2b: Tauros|59\/100\n|-unboost|p2a: Flutter Mane|spa|1\n|-unboost|p2b: Tauros|spa|1\n|cant|p2b: Tauros|flinch\n|\n|upkeep\n|turn|6\n|\n|t:|1683218502\n|move|p2a: Flutter Mane|Dazzling Gleam|p1a: Chi-Yu|[spread] p1a,p1b\n|-supereffective|p1b: Iron Hands\n|-damage|p1a: Chi-Yu|0 fnt\n|-damage|p1b: Iron Hands|10\/100\n|faint|p1a: Chi-Yu\n|move|p2b: Tauros|Raging Bull|p1b: Iron Hands\n|-damage|p1b: Iron Hands|0 fnt\n|faint|p1b: Iron Hands\n|-end|p1b: Iron Hands|Quark Drive|[silent]\n|\n|win|LasermanZ111\n|raw|BBnoCrit$'s rating: 1356 → 1342<\/strong> (-14 for losing)\n|raw|LasermanZ111's rating: 1466 → 1480<\/strong> (+14 for winning)\n|l|\u203dBBnoCrit$\n","uploadtime":1683218529,"views":37,"p1id":"bbnocrit","p2id":"lasermanz111","formatid":"gen9vgc2023regulationc","rating":1342,"private":0,"password":""}