{"id":"gen9vgc2023regulationc-1849702240","p1":"penghong","p2":"Ori1","format":"[Gen 9] VGC 2023 Regulation C","log":"|j|\u2606penghong\n|j|\u2606Ori1\n|t:|1682235438\n|gametype|doubles\n|player|p1|penghong|2|1198\n|player|p2|Ori1|clown|1168\n|teamsize|p1|6\n|teamsize|p2|6\n|gen|9\n|tier|[Gen 9] VGC 2023 Regulation C\n|rated|\n|rule|Species Clause: Limit one of each Pok\u00e9mon\n|rule|Item Clause: Limit one of each item\n|clearpoke\n|poke|p1|Arcanine, L50, M|\n|poke|p1|Corviknight, L50, F|\n|poke|p1|Flutter Mane, L50|\n|poke|p1|Palafin, L50, F|\n|poke|p1|Amoonguss, L50, M|\n|poke|p1|Ting-Lu, L50|\n|poke|p2|Pawmot, L50, F|\n|poke|p2|Armarouge, L50, F|\n|poke|p2|Gastrodon-East, L50, M|\n|poke|p2|Kingambit, L50, F|\n|poke|p2|Flutter Mane, L50|\n|poke|p2|Squawkabilly, L50, M|\n|teampreview|4\n|inactive|Battle timer is ON: inactive players will automatically lose when time's up. (requested by penghong)\npenghong has agreed to open team sheets.\n|inactive|penghong has 60 seconds left.\n|\n|t:|1682235481\n|start\n|switch|p1a: Ting-Lu|Ting-Lu, L50|100\/100\n|switch|p1b: Flutter Mane|Flutter Mane, L50|100\/100\n|switch|p2a: Squawkabilly|Squawkabilly, L50, M|100\/100\n|switch|p2b: Pawmot|Pawmot, L50, F|100\/100\n|-ability|p1a: Ting-Lu|Vessel of Ruin\n|turn|1\n|inactive|penghong has 30 seconds left.\n|inactive|Ori1 has 30 seconds left.\n|\n|t:|1682235512\n|-terastallize|p2b: Pawmot|Electric\n|move|p1b: Flutter Mane|Protect|p1b: Flutter Mane\n|-singleturn|p1b: Flutter Mane|Protect\n|move|p2b: Pawmot|Close Combat|p1a: Ting-Lu\n|-supereffective|p1a: Ting-Lu\n|-damage|p1a: Ting-Lu|38\/100\n|-unboost|p2b: Pawmot|def|1\n|-unboost|p2b: Pawmot|spd|1\n|-enditem|p2b: Pawmot|White Herb\n|-clearnegativeboost|p2b: Pawmot|[silent]\n|move|p2a: Squawkabilly|Tailwind|p2a: Squawkabilly\n|-sidestart|p2: Ori1|move: Tailwind\n|move|p1a: Ting-Lu|Ruination|p2a: Squawkabilly\n|-damage|p2a: Squawkabilly|51\/100\n|\n|-status|p2a: Squawkabilly|brn|[from] item: Flame Orb\n|upkeep\n|turn|2\n|inactive|penghong has 30 seconds left.\n|\n|t:|1682235543\n|-end|p1b: Flutter Mane|Protosynthesis|[silent]\n|switch|p1b: Arcanine|Arcanine, L50, M, shiny|100\/100\n|-ability|p1b: Arcanine|Intimidate|boost\n|-unboost|p2a: Squawkabilly|atk|1\n|-unboost|p2b: Pawmot|atk|1\n|-terastallize|p1a: Ting-Lu|Poison\n|move|p2b: Pawmot|Double Shock|p1b: Arcanine\n|-damage|p1b: Arcanine|44\/100\n|-start|p2b: Pawmot|typechange|Electric|[from] move: Double Shock\n|move|p2a: Squawkabilly|Brave Bird|p1b: Arcanine\n|-damage|p1b: Arcanine|0 fnt\n|faint|p1b: Arcanine\n|-damage|p2a: Squawkabilly|33\/100 brn|[from] Recoil\n|move|p1a: Ting-Lu|Stomping Tantrum|p2b: Pawmot\n|-supereffective|p2b: Pawmot\n|-damage|p2b: Pawmot|0 fnt\n|faint|p2b: Pawmot\n|\n|-damage|p2a: Squawkabilly|27\/100 brn|[from] brn\n|upkeep\n|\n|t:|1682235561\n|switch|p2b: Flutter Mane|Flutter Mane, L50|100\/100\n|switch|p1b: Amoonguss|Amoonguss, L50, M|100\/100\n|turn|3\n|inactive|penghong has 30 seconds left.\n|\n|t:|1682235586\n|move|p1b: Amoonguss|Rage Powder|p1b: Amoonguss\n|-singleturn|p1b: Amoonguss|move: Rage Powder\n|move|p2b: Flutter Mane|Shadow Ball|p1b: Amoonguss\n|-damage|p1b: Amoonguss|69\/100\n|move|p2a: Squawkabilly|Brave Bird|p1b: Amoonguss\n|-supereffective|p1b: Amoonguss\n|-damage|p1b: Amoonguss|0 fnt\n|faint|p1b: Amoonguss\n|-damage|p2a: Squawkabilly|0 fnt|[from] Recoil\n|faint|p2a: Squawkabilly\n|move|p1a: Ting-Lu|Heavy Slam|p2b: Flutter Mane\n|-supereffective|p2b: Flutter Mane\n|-enditem|p2b: Flutter Mane|Focus Sash\n|-damage|p2b: Flutter Mane|1\/100\n|\n|upkeep\n|\n|t:|1682235595\n|switch|p2a: Gastrodon|Gastrodon-East, L50, M|100\/100\n|switch|p1b: Flutter Mane|Flutter Mane, L50|100\/100\n|turn|4\n|\n|t:|1682235620\n|move|p2b: Flutter Mane|Imprison|p2b: Flutter Mane\n|-start|p2b: Flutter Mane|move: Imprison\n|cant|p1b: Flutter Mane|move: Imprison|Shadow Ball\n|move|p2a: Gastrodon|Earth Power|p1a: Ting-Lu\n|-supereffective|p1a: Ting-Lu\n|-damage|p1a: Ting-Lu|8\/100\n|move|p1a: Ting-Lu|Ruination|p2a: Gastrodon\n|-damage|p2a: Gastrodon|51\/100\n|\n|-heal|p2a: Gastrodon|57\/100|[from] item: Leftovers\n|-sideend|p2: Ori1|move: Tailwind\n|upkeep\n|turn|5\n|inactive|penghong has 30 seconds left.\n|\n|t:|1682235654\n|move|p2b: Flutter Mane|Dazzling Gleam|p1a: Ting-Lu|[spread] p1a,p1b\n|-resisted|p1a: Ting-Lu\n|-damage|p1a: Ting-Lu|2\/100\n|-damage|p1b: Flutter Mane|79\/100\n|move|p1b: Flutter Mane|Moonblast|p2a: Gastrodon\n|-damage|p2a: Gastrodon|19\/100\n|-damage|p1b: Flutter Mane|69\/100|[from] item: Life Orb\n|move|p1a: Ting-Lu|Heavy Slam|p2b: Flutter Mane\n|-supereffective|p2b: Flutter Mane\n|-damage|p2b: Flutter Mane|0 fnt\n|faint|p2b: Flutter Mane\n|-end|p2b: Flutter Mane|Protosynthesis|[silent]\n|move|p2a: Gastrodon|Earth Power|p1b: Flutter Mane\n|-damage|p1b: Flutter Mane|42\/100\n|\n|-heal|p2a: Gastrodon|25\/100|[from] item: Leftovers\n|upkeep\n|turn|6\n|-message|Ori1 forfeited.\n|\n|win|penghong\n|raw|penghong's rating: 1198 → 1221<\/strong> (+23 for winning)\n|raw|Ori1's rating: 1168 → 1145<\/strong> (-23 for losing)\n|l|\u2606Ori1\n","uploadtime":1682235671,"views":12,"p1id":"penghong","p2id":"ori1","formatid":"gen9vgc2023regulationc","rating":1145,"private":0,"password":""}