{"id":"gen9vgc2023regulationc-1850892060","p1":"dannytrainer95","p2":"Daviron1","format":"[Gen 9] VGC 2023 Regulation C","log":"|j|\u2606dannytrainer95\n|j|\u2606Daviron1\n|t:|1682379052\n|gametype|doubles\n|player|p1|dannytrainer95|265|1187\n|player|p2|Daviron1|volkner|1194\n|teamsize|p1|6\n|teamsize|p2|6\n|gen|9\n|tier|[Gen 9] VGC 2023 Regulation C\n|rated|\n|rule|Species Clause: Limit one of each Pok\u00e9mon\n|rule|Item Clause: Limit one of each item\n|clearpoke\n|poke|p1|Skeledirge, L50, M|\n|poke|p1|Meowscarada, L50, M|\n|poke|p1|Dragonite, L50, F|\n|poke|p1|Armarouge, L50, M|\n|poke|p1|Indeedee-F, L50, F|\n|poke|p1|Murkrow, L50, M|\n|poke|p2|Flutter Mane, L50|\n|poke|p2|Amoonguss, L50, M|\n|poke|p2|Ting-Lu, L50|\n|poke|p2|Dondozo, L50, M|\n|poke|p2|Tatsugiri, L50, F|\n|poke|p2|Kingambit, L50, M|\n|teampreview|4\nDaviron1 has agreed to open team sheets.\n|\n|t:|1682379086\n|start\n|switch|p1a: Tuga|Armarouge, L50, M|100\/100\n|switch|p1b: Sheryl|Indeedee-F, L50, F|100\/100\n|switch|p2a: calcitvsfissure|Ting-Lu, L50|100\/100\n|switch|p2b: Amogus|Amoonguss, L50, M|100\/100\n|-fieldstart|move: Psychic Terrain|[from] ability: Psychic Surge|[of] p1b: Sheryl\n|-enditem|p1b: Sheryl|Psychic Seed\n|-boost|p1b: Sheryl|spd|1|[from] item: Psychic Seed\n|-ability|p2a: calcitvsfissure|Vessel of Ruin\n|turn|1\n|\n|t:|1682379109\n|move|p2b: Amogus|Protect|p2b: Amogus\n|-singleturn|p2b: Amogus|Protect\n|move|p1a: Tuga|Expanding Force|p2a: calcitvsfissure|[spread] \n|-activate|p2b: Amogus|move: Protect\n|-immune|p2a: calcitvsfissure\n|move|p1b: Sheryl|Dazzling Gleam|p2b: Amogus|[spread] p2a\n|-activate|p2b: Amogus|move: Protect\n|-supereffective|p2a: calcitvsfissure\n|-damage|p2a: calcitvsfissure|89\/100\n|move|p2a: calcitvsfissure|Payback|p1a: Tuga\n|-supereffective|p1a: Tuga\n|-damage|p1a: Tuga|0 fnt\n|faint|p1a: Tuga\n|\n|upkeep\n|\n|t:|1682379124\n|switch|p1a: Kaizen|Meowscarada, L50, M|100\/100\n|turn|2\n|\n|t:|1682379139\n|-terastallize|p2a: calcitvsfissure|Poison\n|move|p1a: Kaizen|Flower Trick|p2a: calcitvsfissure\n|-start|p1a: Kaizen|typechange|Grass|[from] ability: Protean\n|-resisted|p2a: calcitvsfissure\n|-crit|p2a: calcitvsfissure\n|-damage|p2a: calcitvsfissure|76\/100\n|move|p1b: Sheryl|Psychic|p2b: Amogus\n|-supereffective|p2b: Amogus\n|-crit|p2b: Amogus\n|-damage|p2b: Amogus|2\/100\n|-enditem|p2b: Amogus|Sitrus Berry|[eat]\n|-heal|p2b: Amogus|27\/100|[from] item: Sitrus Berry\n|move|p2a: calcitvsfissure|Payback|p1b: Sheryl\n|-supereffective|p1b: Sheryl\n|-damage|p1b: Sheryl|0 fnt\n|faint|p1b: Sheryl\n|move|p2b: Amogus|Pollen Puff|p1a: Kaizen\n|-supereffective|p1a: Kaizen\n|-damage|p1a: Kaizen|58\/100\n|\n|upkeep\n|\n|t:|1682379156\n|switch|p1b: Skeledirge|Skeledirge, L50, M|100\/100\n|turn|3\n|\n|t:|1682379167\n|move|p2b: Amogus|Protect|p2b: Amogus\n|-singleturn|p2b: Amogus|Protect\n|move|p1a: Kaizen|Flower Trick|p2b: Amogus\n|-activate|p2b: Amogus|move: Protect\n|move|p1b: Skeledirge|Torch Song|p2b: Amogus\n|-activate|p2b: Amogus|move: Protect\n|move|p2a: calcitvsfissure|Fissure|p1b: Skeledirge\n|-damage|p1b: Skeledirge|0 fnt\n|faint|p1b: Skeledirge\n|-ohko\n|\n|upkeep\n|turn|4\n|\n|t:|1682379181\n|switch|p2b: chess reference|Kingambit, L50, M, shiny|100\/100\n|move|p1a: Kaizen|Flower Trick|p2b: chess reference\n|-resisted|p2b: chess reference\n|-crit|p2b: chess reference\n|-damage|p2b: chess reference|81\/100\n|move|p2a: calcitvsfissure|Fissure|p1a: Kaizen|[miss]\n|-miss|p2a: calcitvsfissure|p1a: Kaizen\n|\n|upkeep\n|turn|5\n|c|\u2606dannytrainer95|gg\n|c|\u2606Daviron1|gg\n|-message|dannytrainer95 forfeited.\n|\n|win|Daviron1\n|raw|dannytrainer95's rating: 1187 → 1163<\/strong> (-24 for losing)\n|raw|Daviron1's rating: 1194 → 1218<\/strong> (+24 for winning)\n|l|\u2606dannytrainer95\n","uploadtime":1682379217,"views":11,"p1id":"dannytrainer95","p2id":"daviron1","formatid":"gen9vgc2023regulationc","rating":1163,"private":0,"password":""}