{"id":"gen9vgc2023regulationc-1855258296","p1":"cacaonuts","p2":"StantlerGOAT","format":"[Gen 9] VGC 2023 Regulation C","log":"|j|\u2606cacaonuts\n|j|\u2606StantlerGOAT\n|t:|1682924507\n|gametype|doubles\n|player|p1|cacaonuts|265|1230\n|player|p2|StantlerGOAT|265|1113\n|teamsize|p1|6\n|teamsize|p2|6\n|gen|9\n|tier|[Gen 9] VGC 2023 Regulation C\n|rated|\n|rule|Species Clause: Limit one of each Pok\u00e9mon\n|rule|Item Clause: Limit one of each item\n|clearpoke\n|poke|p1|Palafin, L50, M|\n|poke|p1|Flutter Mane, L50|\n|poke|p1|Arcanine, L50, M|\n|poke|p1|Amoonguss, L50, M|\n|poke|p1|Ting-Lu, L50|\n|poke|p1|Chi-Yu, L50|\n|poke|p2|Crabominable, L50, M|\n|poke|p2|Farigiraf, L50, M|\n|poke|p2|Ting-Lu, L50|\n|poke|p2|Corviknight, L50, M|\n|poke|p2|Abomasnow, L50, F|\n|poke|p2|Clawitzer, L50, M|\n|teampreview|4\n|inactive|Battle timer is ON: inactive players will automatically lose when time's up. (requested by StantlerGOAT)\n|inactive|cacaonuts has 60 seconds left.\n|\n|t:|1682924547\n|start\n|switch|p1a: Chi-Yu|Chi-Yu, L50|100\/100\n|switch|p1b: Flutter Mane|Flutter Mane, L50|100\/100\n|switch|p2a: Crabominable|Crabominable, L50, M|100\/100\n|switch|p2b: Farigiraf|Farigiraf, L50, M|100\/100\n|-ability|p1a: Chi-Yu|Beads of Ruin\n|turn|1\n|\n|t:|1682924562\n|-terastallize|p1a: Chi-Yu|Ghost\n|move|p2a: Crabominable|Protect|p2a: Crabominable\n|-singleturn|p2a: Crabominable|Protect\n|move|p1a: Chi-Yu|Heat Wave|p2a: Crabominable|[spread] p2b\n|-activate|p2a: Crabominable|move: Protect\n|-damage|p2b: Farigiraf|59\/100\n|move|p1b: Flutter Mane|Dazzling Gleam|p2b: Farigiraf|[spread] p2b\n|-activate|p2a: Crabominable|move: Protect\n|-damage|p2b: Farigiraf|9\/100\n|move|p2b: Farigiraf|Trick Room|p2b: Farigiraf\n|-fieldstart|move: Trick Room|[of] p2b: Farigiraf\n|\n|upkeep\n|turn|2\n|inactive|StantlerGOAT has 30 seconds left.\n|\n|t:|1682924595\n|-end|p1b: Flutter Mane|Protosynthesis|[silent]\n|switch|p1b: Arcanine|Arcanine, L50, M|100\/100\n|-ability|p1b: Arcanine|Intimidate|boost\n|-unboost|p2a: Crabominable|atk|1\n|-unboost|p2b: Farigiraf|atk|1\n|move|p2b: Farigiraf|Helping Hand|p2a: Crabominable\n|-singleturn|p2a: Crabominable|Helping Hand|[of] p2b: Farigiraf\n|move|p2a: Crabominable|Ice Punch|p1a: Chi-Yu\n|-damage|p1a: Chi-Yu|13\/100\n|move|p1a: Chi-Yu|Heat Wave|p2a: Crabominable|[spread] p2b\n|-miss|p1a: Chi-Yu|p2a: Crabominable\n|-damage|p2b: Farigiraf|0 fnt\n|faint|p2b: Farigiraf\n|\n|upkeep\n|\n|t:|1682924609\n|switch|p2b: Clawitzer|Clawitzer, L50, M|100\/100\n|turn|3\n|\n|t:|1682924631\n|move|p1b: Arcanine|Protect|p1b: Arcanine\n|-singleturn|p1b: Arcanine|Protect\n|move|p2a: Crabominable|Ice Punch|p1a: Chi-Yu\n|-damage|p1a: Chi-Yu|0 fnt\n|faint|p1a: Chi-Yu\n|move|p2b: Clawitzer|Water Pulse|p1b: Arcanine\n|-activate|p1b: Arcanine|move: Protect\n|\n|upkeep\n|\n|t:|1682924651\n|switch|p1a: Amoonguss|Amoonguss, L50, M|100\/100\n|turn|4\n|\n|t:|1682924660\n|switch|p1b: Flutter Mane|Flutter Mane, L50|100\/100\n|move|p1a: Amoonguss|Protect|p1a: Amoonguss\n|-singleturn|p1a: Amoonguss|Protect\n|move|p2a: Crabominable|Ice Punch|p1a: Amoonguss\n|-activate|p1a: Amoonguss|move: Protect\n|move|p2b: Clawitzer|Water Pulse|p1b: Flutter Mane\n|-damage|p1b: Flutter Mane|30\/100\n|-damage|p2b: Clawitzer|91\/100|[from] item: Life Orb\n|\n|upkeep\n|turn|5\n|inactive|StantlerGOAT has 30 seconds left.\n|\n|t:|1682924688\n|-end|p1b: Flutter Mane|Protosynthesis|[silent]\n|switch|p1b: Arcanine|Arcanine, L50, M|100\/100\n|-ability|p1b: Arcanine|Intimidate|boost\n|-unboost|p2a: Crabominable|atk|1\n|-unboost|p2b: Clawitzer|atk|1\n|move|p1a: Amoonguss|Protect|p1a: Amoonguss\n|-singleturn|p1a: Amoonguss|Protect\n|move|p2a: Crabominable|Ice Punch|p1a: Amoonguss\n|-activate|p1a: Amoonguss|move: Protect\n|move|p2b: Clawitzer|Water Pulse|p1a: Amoonguss\n|-activate|p1a: Amoonguss|move: Protect\n|\n|-fieldend|move: Trick Room\n|upkeep\n|turn|6\n|n|!StantlerGOAT|stantlergoat\n|inactive|StantlerGOAT has 30 seconds left.\n|inactive|StantlerGOAT has 20 seconds left.\n|\n|t:|1682924724\n|move|p1b: Arcanine|Protect|p1b: Arcanine\n|-singleturn|p1b: Arcanine|Protect\n|move|p2a: Crabominable|Protect|p2a: Crabominable\n|-singleturn|p2a: Crabominable|Protect\n|move|p2b: Clawitzer|Water Pulse|p1b: Arcanine\n|-activate|p1b: Arcanine|move: Protect\n|move|p1a: Amoonguss|Spore|p2a: Crabominable\n|-activate|p2a: Crabominable|move: Protect\n|\n|upkeep\n|turn|7\n|\n|t:|1682924739\n|-terastallize|p2a: Crabominable|Grass\n|move|p1b: Arcanine|Flare Blitz|p2a: Crabominable\n|-supereffective|p2a: Crabominable\n|-damage|p2a: Crabominable|0 fnt\n|faint|p2a: Crabominable\n|-damage|p1b: Arcanine|66\/100|[from] Recoil\n|move|p2b: Clawitzer|Water Pulse|p1b: Arcanine\n|-supereffective|p1b: Arcanine\n|-damage|p1b: Arcanine|0 fnt\n|faint|p1b: Arcanine\n|-damage|p2b: Clawitzer|81\/100|[from] item: Life Orb\n|move|p1a: Amoonguss|Spore|p2b: Clawitzer\n|-status|p2b: Clawitzer|slp|[from] move: Spore\n|\n|upkeep\n|\n|t:|1682924749\n|switch|p1b: Flutter Mane|Flutter Mane, L50|30\/100\n|switch|p2a: Ting-Lu|Ting-Lu, L50|100\/100\n|-ability|p2a: Ting-Lu|Vessel of Ruin\n|turn|8\n|\n|t:|1682924767\n|move|p1b: Flutter Mane|Moonblast|p2a: Ting-Lu\n|-supereffective|p2a: Ting-Lu\n|-damage|p2a: Ting-Lu|47\/100\n|cant|p2b: Clawitzer|slp\n|move|p2a: Ting-Lu|Heavy Slam|p1b: Flutter Mane\n|-supereffective|p1b: Flutter Mane\n|-damage|p1b: Flutter Mane|0 fnt\n|faint|p1b: Flutter Mane\n|-end|p1b: Flutter Mane|Protosynthesis|[silent]\n|move|p1a: Amoonguss|Pollen Puff|p2a: Ting-Lu\n|-supereffective|p2a: Ting-Lu\n|-damage|p2a: Ting-Lu|34\/100\n|\n|upkeep\n|turn|9\n|inactive|StantlerGOAT has 30 seconds left.\n|\n|t:|1682924795\n|-curestatus|p2b: Clawitzer|slp|[msg]\n|move|p2b: Clawitzer|Water Pulse|p1a: Amoonguss\n|-resisted|p1a: Amoonguss\n|-damage|p1a: Amoonguss|81\/100\n|-damage|p2b: Clawitzer|72\/100|[from] item: Life Orb\n|move|p2a: Ting-Lu|Fissure|p1a: Amoonguss|[miss]\n|-miss|p2a: Ting-Lu|p1a: Amoonguss\n|move|p1a: Amoonguss|Spore|p2a: Ting-Lu\n|-status|p2a: Ting-Lu|slp|[from] move: Spore\n|\n|upkeep\n|turn|10\n|inactive|StantlerGOAT has 30 seconds left.\n|inactive|StantlerGOAT has 20 seconds left.\n|inactive|StantlerGOAT has 15 seconds left.\n|\n|t:|1682924836\n|move|p2b: Clawitzer|Water Pulse|p1a: Amoonguss\n|-resisted|p1a: Amoonguss\n|-damage|p1a: Amoonguss|61\/100\n|-damage|p2b: Clawitzer|62\/100|[from] item: Life Orb\n|cant|p2a: Ting-Lu|slp\n|move|p1a: Amoonguss|Pollen Puff|p2a: Ting-Lu\n|-supereffective|p2a: Ting-Lu\n|-damage|p2a: Ting-Lu|22\/100 slp\n|\n|upkeep\n|turn|11\n|\n|t:|1682924849\n|move|p2b: Clawitzer|Water Pulse|p1a: Amoonguss\n|-resisted|p1a: Amoonguss\n|-damage|p1a: Amoonguss|39\/100\n|-enditem|p1a: Amoonguss|Sitrus Berry|[eat]\n|-heal|p1a: Amoonguss|64\/100|[from] item: Sitrus Berry\n|-damage|p2b: Clawitzer|53\/100|[from] item: Life Orb\n|cant|p2a: Ting-Lu|slp\n|move|p1a: Amoonguss|Spore|p2b: Clawitzer\n|-status|p2b: Clawitzer|slp|[from] move: Spore\n|\n|upkeep\n|turn|12\n|\n|t:|1682924866\n|cant|p2b: Clawitzer|slp\n|move|p1a: Amoonguss|Pollen Puff|p2a: Ting-Lu\n|-supereffective|p2a: Ting-Lu\n|-damage|p2a: Ting-Lu|11\/100 slp\n|cant|p2a: Ting-Lu|slp\n|\n|upkeep\n|turn|13\n|\n|t:|1682924886\n|-curestatus|p2b: Clawitzer|slp|[msg]\n|move|p2b: Clawitzer|Water Pulse|p1a: Amoonguss\n|-resisted|p1a: Amoonguss\n|-crit|p1a: Amoonguss\n|-damage|p1a: Amoonguss|32\/100\n|-damage|p2b: Clawitzer|43\/100|[from] item: Life Orb\n|move|p1a: Amoonguss|Pollen Puff|p2a: Ting-Lu\n|-supereffective|p2a: Ting-Lu\n|-damage|p2a: Ting-Lu|0 fnt\n|faint|p2a: Ting-Lu\n|\n|upkeep\n|turn|14\n|\n|t:|1682924894\n|move|p2b: Clawitzer|Water Pulse|p1a: Amoonguss\n|-resisted|p1a: Amoonguss\n|-damage|p1a: Amoonguss|6\/100\n|-damage|p2b: Clawitzer|34\/100|[from] item: Life Orb\n|move|p1a: Amoonguss|Spore|p2b: Clawitzer\n|-status|p2b: Clawitzer|slp|[from] move: Spore\n|\n|upkeep\n|turn|15\n|\n|t:|1682924898\n|cant|p2b: Clawitzer|slp\n|move|p1a: Amoonguss|Pollen Puff|p2b: Clawitzer\n|-damage|p2b: Clawitzer|13\/100 slp\n|\n|upkeep\n|turn|16\n|\n|t:|1682924901\n|cant|p2b: Clawitzer|slp\n|move|p1a: Amoonguss|Pollen Puff|p2b: Clawitzer\n|-damage|p2b: Clawitzer|0 fnt\n|faint|p2b: Clawitzer\n|\n|win|cacaonuts\n|raw|cacaonuts's rating: 1230 → 1247<\/strong> (+17 for winning)\n|raw|StantlerGOAT's rating: 1113 → 1096<\/strong> (-17 for losing)\n","uploadtime":1682924702,"views":25,"p1id":"cacaonuts","p2id":"stantlergoat","formatid":"gen9vgc2023regulationc","rating":1096,"private":0,"password":""}