{"id":"gen9vgc2023regulationc-1860003976","p1":"PiuPiuMOOD","p2":"LokiMouse","format":"[Gen 9] VGC 2023 Regulation C","log":"|j|\u2606PiuPiuMOOD\n|j|\u2606LokiMouse\n|t:|1683584079\n|gametype|doubles\n|player|p1|PiuPiuMOOD|2|1158\n|player|p2|LokiMouse|101|1153\n|teamsize|p1|6\n|teamsize|p2|6\n|gen|9\n|tier|[Gen 9] VGC 2023 Regulation C\n|rated|\n|rule|Species Clause: Limit one of each Pok\u00e9mon\n|rule|Item Clause: Limit one of each item\n|clearpoke\n|poke|p1|Ting-Lu, L50|\n|poke|p1|Dragonite, L50, F|\n|poke|p1|Dondozo, L50, F|\n|poke|p1|Chien-Pao, L50|\n|poke|p1|Tatsugiri-Stretchy, L50, M|\n|poke|p1|Glimmora, L50, M|\n|poke|p2|Dachsbun, L50, M|\n|poke|p2|Chi-Yu, L50|\n|poke|p2|Baxcalibur, L50, F|\n|poke|p2|Flutter Mane, L50|\n|poke|p2|Armarouge, L50, M|\n|poke|p2|Indeedee-F, L50, F|\n|teampreview|4\nPiuPiuMOOD has agreed to open team sheets.\nLokiMouse has agreed to open team sheets.\n|\n|t:|1683584138\n|start\n|switch|p1a: Glimmora|Glimmora, L50, M|100\/100\n|switch|p1b: Chien-Pao|Chien-Pao, L50|100\/100\n|switch|p2a: Chi-Yu|Chi-Yu, L50|100\/100\n|switch|p2b: Baxcalibur|Baxcalibur, L50, F|100\/100\n|-ability|p2a: Chi-Yu|Beads of Ruin\n|-ability|p1b: Chien-Pao|Sword of Ruin\n|turn|1\n|inactive|Battle timer is ON: inactive players will automatically lose when time's up. (requested by LokiMouse)\n|inactive|PiuPiuMOOD has 60 seconds left.\n|inactive|LokiMouse has 60 seconds left.\n|inactive|LokiMouse has 30 seconds left.\n|inactive|LokiMouse has 20 seconds left.\n|inactive|LokiMouse has 15 seconds left.\n|inactive|LokiMouse has 10 seconds left.\n|\n|t:|1683584220\n|move|p1b: Chien-Pao|Protect|p1b: Chien-Pao\n|-singleturn|p1b: Chien-Pao|Protect\n|move|p2b: Baxcalibur|Protect|p2b: Baxcalibur\n|-singleturn|p2b: Baxcalibur|Protect\n|move|p2a: Chi-Yu|Lava Plume|p1b: Chien-Pao|[spread] p1a\n|-activate|p2b: Baxcalibur|move: Protect\n|-activate|p1b: Chien-Pao|move: Protect\n|-resisted|p1a: Glimmora\n|-damage|p1a: Glimmora|80\/100\n|move|p1a: Glimmora|Mortal Spin|p2b: Baxcalibur|[spread] p2a\n|-activate|p2b: Baxcalibur|move: Protect\n|-damage|p2a: Chi-Yu|92\/100\n|-status|p2a: Chi-Yu|psn\n|\n|-damage|p2a: Chi-Yu|80\/100 psn|[from] psn\n|upkeep\n|turn|2\n|inactive|PiuPiuMOOD has 30 seconds left.\n|inactive|LokiMouse has 30 seconds left.\n|inactive|PiuPiuMOOD has 20 seconds left.\n|inactive|LokiMouse has 20 seconds left.\n|inactive|LokiMouse has 15 seconds left.\n|inactive|LokiMouse has 10 seconds left.\n|\n|t:|1683584269\n|switch|p1b: Ting-Lu|Ting-Lu, L50|100\/100\n|-ability|p1b: Ting-Lu|Vessel of Ruin\n|move|p2b: Baxcalibur|Ice Shard|p1b: Ting-Lu\n|-supereffective|p1b: Ting-Lu\n|-damage|p1b: Ting-Lu|71\/100\n|move|p2a: Chi-Yu|Lava Plume|p1a: Glimmora|[spread] p2b,p1a,p1b\n|-resisted|p1a: Glimmora\n|-damage|p2b: Baxcalibur|73\/100\n|-damage|p1a: Glimmora|66\/100\n|-damage|p1b: Ting-Lu|54\/100\n|-ability|p2b: Baxcalibur|Thermal Exchange|boost\n|-boost|p2b: Baxcalibur|atk|1\n|move|p1a: Glimmora|Power Gem|p2b: Baxcalibur\n|-supereffective|p2b: Baxcalibur\n|-damage|p2b: Baxcalibur|8\/100\n|\n|-damage|p2a: Chi-Yu|68\/100 psn|[from] psn\n|upkeep\n|turn|3\n|inactive|PiuPiuMOOD has 30 seconds left.\n|inactive|LokiMouse has 30 seconds left.\n|inactive|LokiMouse has 20 seconds left.\n|inactive|PiuPiuMOOD has 20 seconds left.\n|inactive|LokiMouse has 15 seconds left.\n|inactive|PiuPiuMOOD has 15 seconds left.\n|inactive|LokiMouse has 10 seconds left.\n|inactive|PiuPiuMOOD has 10 seconds left.\n|\n|t:|1683584322\n|switch|p2a: Armarouge|Armarouge, L50, M|100\/100\n|-terastallize|p1b: Ting-Lu|Fairy\n|move|p1a: Glimmora|Spiky Shield|p1a: Glimmora\n|-singleturn|p1a: Glimmora|move: Protect\n|move|p2b: Baxcalibur|Icicle Spear|p1b: Ting-Lu\n|-damage|p1b: Ting-Lu|42\/100\n|-damage|p1b: Ting-Lu|28\/100\n|-damage|p1b: Ting-Lu|13\/100\n|-enditem|p1b: Ting-Lu|Iapapa Berry|[eat]\n|-heal|p1b: Ting-Lu|46\/100|[from] item: Iapapa Berry\n|-damage|p1b: Ting-Lu|32\/100\n|-hitcount|p1b: Ting-Lu|4\n|move|p1b: Ting-Lu|Earthquake|p2b: Baxcalibur|[spread] p2a,p2b\n|-activate|p1a: Glimmora|move: Protect\n|-supereffective|p2a: Armarouge\n|-damage|p2a: Armarouge|50\/100\n|-damage|p2b: Baxcalibur|0 fnt\n|faint|p2b: Baxcalibur\n|\n|upkeep\n|inactive|LokiMouse has 30 seconds left.\n|\n|t:|1683584347\n|switch|p2b: Dachsbun|Dachsbun, L50, M|100\/100\n|turn|4\n|\n|t:|1683584360\n|move|p2b: Dachsbun|Substitute|p2b: Dachsbun\n|-start|p2b: Dachsbun|Substitute\n|-damage|p2b: Dachsbun|76\/100\n|move|p1a: Glimmora|Mortal Spin|p2b: Dachsbun|[spread] p2a,p2b\n|-supereffective|p2b: Dachsbun\n|-activate|p2b: Dachsbun|move: Substitute|[damage]\n|-damage|p2a: Armarouge|46\/100\n|-status|p2a: Armarouge|psn\n|move|p2a: Armarouge|Lava Plume|p1b: Ting-Lu|[spread] p1a,p1b\n|-ability|p2b: Dachsbun|Well-Baked Body|boost\n|-boost|p2b: Dachsbun|def|2\n|-resisted|p1a: Glimmora\n|-damage|p1a: Glimmora|53\/100\n|-damage|p1b: Ting-Lu|17\/100\n|move|p1b: Ting-Lu|Ruination|p2b: Dachsbun\n|-end|p2b: Dachsbun|Substitute\n|\n|-heal|p2b: Dachsbun|82\/100|[from] item: Leftovers\n|-damage|p2a: Armarouge|33\/100 psn|[from] psn\n|upkeep\n|turn|5\n|inactive|PiuPiuMOOD has 30 seconds left.\n|\n|t:|1683584386\n|move|p2b: Dachsbun|Substitute|p2b: Dachsbun\n|-start|p2b: Dachsbun|Substitute\n|-damage|p2b: Dachsbun|57\/100\n|move|p1a: Glimmora|Power Gem|p2a: Armarouge\n|-supereffective|p2a: Armarouge\n|-damage|p2a: Armarouge|0 fnt\n|faint|p2a: Armarouge\n|move|p1b: Ting-Lu|Ruination|p2b: Dachsbun\n|-end|p2b: Dachsbun|Substitute\n|\n|-heal|p2b: Dachsbun|63\/100|[from] item: Leftovers\n|upkeep\n|\n|t:|1683584396\n|switch|p2a: Chi-Yu|Chi-Yu, L50|68\/100 psn\n|-ability|p2a: Chi-Yu|Beads of Ruin\n|turn|6\n|inactive|PiuPiuMOOD has 30 seconds left.\n|\n|t:|1683584429\n|switch|p1b: Dragonite|Dragonite, L50, F|100\/100\n|move|p2a: Chi-Yu|Lava Plume|p1a: Glimmora|[spread] p1a,p1b\n|-ability|p2b: Dachsbun|Well-Baked Body|boost\n|-boost|p2b: Dachsbun|def|2\n|-resisted|p1a: Glimmora\n|-resisted|p1b: Dragonite\n|-damage|p1a: Glimmora|34\/100\n|-damage|p1b: Dragonite|91\/100\n|-status|p1b: Dragonite|brn\n|-enditem|p1a: Glimmora|Sitrus Berry|[eat]\n|-heal|p1a: Glimmora|58\/100|[from] item: Sitrus Berry\n|move|p2b: Dachsbun|Body Press|p1a: Glimmora\n|-damage|p1a: Glimmora|0 fnt\n|-activate|p1a: Glimmora|ability: Toxic Debris\n|-sidestart|p2: LokiMouse|move: Toxic Spikes\n|faint|p1a: Glimmora\n|\n|-heal|p2b: Dachsbun|69\/100|[from] item: Leftovers\n|-damage|p2a: Chi-Yu|56\/100 psn|[from] psn\n|-damage|p1b: Dragonite|85\/100 brn|[from] brn\n|upkeep\n|\n|t:|1683584445\n|switch|p1a: Chien-Pao|Chien-Pao, L50|100\/100\n|-ability|p1a: Chien-Pao|Sword of Ruin\n|turn|7\n|\n|t:|1683584462\n|move|p1a: Chien-Pao|Protect|p1a: Chien-Pao\n|-singleturn|p1a: Chien-Pao|Protect\n|move|p1b: Dragonite|Extreme Speed|p2a: Chi-Yu\n|-damage|p2a: Chi-Yu|3\/100 psn\n|move|p2a: Chi-Yu|Lava Plume|p1b: Dragonite|[spread] p1b\n|-activate|p1a: Chien-Pao|move: Protect\n|-ability|p2b: Dachsbun|Well-Baked Body|boost\n|-boost|p2b: Dachsbun|def|2\n|-resisted|p1b: Dragonite\n|-crit|p1b: Dragonite\n|-damage|p1b: Dragonite|56\/100 brn\n|move|p2b: Dachsbun|Body Press|p1a: Chien-Pao\n|-activate|p1a: Chien-Pao|move: Protect\n|\n|-heal|p2b: Dachsbun|75\/100|[from] item: Leftovers\n|-damage|p2a: Chi-Yu|0 fnt|[from] psn\n|faint|p2a: Chi-Yu\n|-damage|p1b: Dragonite|49\/100 brn|[from] brn\n|upkeep\n|turn|8\n|inactive|LokiMouse has 30 seconds left.\n|\n|t:|1683584487\n|switch|p1b: Ting-Lu|Ting-Lu, L50, tera:Fairy|17\/100\n|-ability|p1b: Ting-Lu|Vessel of Ruin\n|move|p1a: Chien-Pao|Sacred Sword|p2b: Dachsbun\n|-resisted|p2b: Dachsbun\n|-damage|p2b: Dachsbun|58\/100\n|move|p2b: Dachsbun|Body Press|p1a: Chien-Pao\n|-supereffective|p1a: Chien-Pao\n|-enditem|p1a: Chien-Pao|Focus Sash\n|-damage|p1a: Chien-Pao|1\/100\n|\n|-heal|p2b: Dachsbun|64\/100|[from] item: Leftovers\n|upkeep\n|turn|9\n|\n|t:|1683584507\n|move|p1a: Chien-Pao|Protect|p1a: Chien-Pao\n|-singleturn|p1a: Chien-Pao|Protect\n|move|p2b: Dachsbun|Protect|p2b: Dachsbun\n|-singleturn|p2b: Dachsbun|Protect\n|move|p1b: Ting-Lu|Ruination|p2b: Dachsbun\n|-activate|p2b: Dachsbun|move: Protect\n|\n|-heal|p2b: Dachsbun|70\/100|[from] item: Leftovers\n|upkeep\n|turn|10\n|\n|t:|1683584523\n|switch|p1a: Dragonite|Dragonite, L50, F|49\/100 brn\n|move|p2b: Dachsbun|Body Press|p1b: Ting-Lu\n|-resisted|p1b: Ting-Lu\n|-damage|p1b: Ting-Lu|0 fnt\n|faint|p1b: Ting-Lu\n|\n|-heal|p2b: Dachsbun|76\/100|[from] item: Leftovers\n|-damage|p1a: Dragonite|43\/100 brn|[from] brn\n|upkeep\n|-message|PiuPiuMOOD forfeited.\n|\n|win|LokiMouse\n|raw|PiuPiuMOOD's rating: 1158 → 1133<\/strong> (-25 for losing)\n|raw|LokiMouse's rating: 1153 → 1178<\/strong> (+25 for winning)\n|l|\u2606PiuPiuMOOD\n","uploadtime":1683584542,"views":8,"p1id":"piupiumood","p2id":"lokimouse","formatid":"gen9vgc2023regulationc","rating":1133,"private":0,"password":""}