{"id":"gen9vgc2023regulationc-1849059607","p1":"SumoVGC","p2":"CuadriJC7","format":"[Gen 9] VGC 2023 Regulation C","log":"|j|\u2606SumoVGC\n|j|\u2606CuadriJC7\n|t:|1682147314\n|gametype|doubles\n|player|p1|SumoVGC|170|1220\n|player|p2|CuadriJC7|roughneck-gen4|1189\n|teamsize|p1|6\n|teamsize|p2|6\n|gen|9\n|tier|[Gen 9] VGC 2023 Regulation C\n|rated|\n|rule|Species Clause: Limit one of each Pok\u00e9mon\n|rule|Item Clause: Limit one of each item\n|clearpoke\n|poke|p1|Gyarados, L50, F|\n|poke|p1|Amoonguss, L50, F|\n|poke|p1|Arcanine, L50, F|\n|poke|p1|Ting-Lu, L50|\n|poke|p1|Iron Hands, L50|\n|poke|p1|Flutter Mane, L50|\n|poke|p2|Tauros-Paldea-Blaze, L50, M|\n|poke|p2|Froslass, L50, F|\n|poke|p2|Ting-Lu, L50|\n|poke|p2|Corviknight, L50, M|\n|poke|p2|Rotom-Wash, L50|\n|poke|p2|Chien-Pao, L50|\n|teampreview|4\nSumoVGC has agreed to open team sheets.\n|inactive|Battle timer is ON: inactive players will automatically lose when time's up. (requested by CuadriJC7)\n|inactive|SumoVGC also wants the timer to be on.\n|\n|t:|1682147383\n|start\n|switch|p1a: Iron Hands|Iron Hands, L50|100\/100\n|switch|p1b: Flutter Mane|Flutter Mane, L50|100\/100\n|switch|p2a: Ting-Lu|Ting-Lu, L50|100\/100\n|switch|p2b: Froslass|Froslass, L50, F|100\/100\n|-ability|p2a: Ting-Lu|Vessel of Ruin\n|turn|1\n|\n|t:|1682147403\n|-terastallize|p1b: Flutter Mane|Fairy\n|move|p2a: Ting-Lu|Protect|p2a: Ting-Lu\n|-singleturn|p2a: Ting-Lu|Protect\n|move|p1a: Iron Hands|Fake Out|p2a: Ting-Lu\n|-activate|p2a: Ting-Lu|move: Protect\n|move|p1b: Flutter Mane|Dazzling Gleam|p2b: Froslass|[spread] p2b\n|-activate|p2a: Ting-Lu|move: Protect\n|-damage|p2b: Froslass|28\/100\n|move|p2b: Froslass|Will-O-Wisp|p1a: Iron Hands\n|-status|p1a: Iron Hands|brn\n|\n|-damage|p1a: Iron Hands|95\/100 brn|[from] brn\n|upkeep\n|turn|2\n|inactive|CuadriJC7 has 30 seconds left.\n|\n|t:|1682147436\n|-terastallize|p2a: Ting-Lu|Grass\n|move|p2b: Froslass|Ice Shard|p2a: Ting-Lu\n|-supereffective|p2a: Ting-Lu\n|-damage|p2a: Ting-Lu|89\/100\n|-enditem|p2a: Ting-Lu|Weakness Policy\n|-boost|p2a: Ting-Lu|atk|2|[from] item: Weakness Policy\n|-boost|p2a: Ting-Lu|spa|2|[from] item: Weakness Policy\n|move|p1b: Flutter Mane|Dazzling Gleam|p2b: Froslass|[spread] p2a,p2b\n|-damage|p2a: Ting-Lu|54\/100\n|-damage|p2b: Froslass|0 fnt\n|faint|p2b: Froslass\n|move|p1a: Iron Hands|Drain Punch|p2a: Ting-Lu\n|-damage|p2a: Ting-Lu|41\/100\n|-heal|p1a: Iron Hands|100\/100 brn|[from] drain|[of] p2a: Ting-Lu\n|move|p2a: Ting-Lu|Earthquake|p1a: Iron Hands|[spread] p1a,p1b\n|-supereffective|p1a: Iron Hands\n|-damage|p1a: Iron Hands|1\/100 brn\n|-damage|p1b: Flutter Mane|0 fnt\n|faint|p1b: Flutter Mane\n|-end|p1b: Flutter Mane|Protosynthesis|[silent]\n|\n|-damage|p1a: Iron Hands|0 fnt|[from] brn\n|faint|p1a: Iron Hands\n|-end|p1a: Iron Hands|Quark Drive|[silent]\n|upkeep\n|inactive|CuadriJC7 has 30 seconds left.\n|\n|t:|1682147466\n|switch|p1b: Amoonguss|Amoonguss, L50, F|100\/100\n|switch|p2b: Rotom|Rotom-Wash, L50|100\/100\n|switch|p1a: Gyarados|Gyarados, L50, F|100\/100\n|-ability|p1a: Gyarados|Intimidate|boost\n|-unboost|p2a: Ting-Lu|atk|1\n|-unboost|p2b: Rotom|atk|1\n|turn|3\n|\n|t:|1682147485\n|move|p2b: Rotom|Protect|p2b: Rotom\n|-singleturn|p2b: Rotom|Protect\n|move|p1b: Amoonguss|Rage Powder|p1b: Amoonguss\n|-singleturn|p1b: Amoonguss|move: Rage Powder\n|move|p1a: Gyarados|Thunder Wave|p2a: Ting-Lu\n|-status|p2a: Ting-Lu|par\n|cant|p2a: Ting-Lu|par\n|\n|upkeep\n|turn|4\n|\n|t:|1682147499\n|switch|p2b: Corviknight|Corviknight, L50, M|100\/100\n|move|p1a: Gyarados|Protect|p1a: Gyarados\n|-singleturn|p1a: Gyarados|Protect\n|move|p1b: Amoonguss|Spore|p2b: Corviknight\n|-activate|p2b: Corviknight|item: Safety Goggles|Spore\n|cant|p2a: Ting-Lu|par\n|\n|upkeep\n|turn|5\n|\n|t:|1682147512\n|move|p1a: Gyarados|Taunt|p2b: Corviknight\n|-start|p2b: Corviknight|move: Taunt\n|move|p2b: Corviknight|Brave Bird|p1b: Amoonguss\n|-supereffective|p1b: Amoonguss\n|-damage|p1b: Amoonguss|24\/100\n|-enditem|p1b: Amoonguss|Sitrus Berry|[eat]\n|-heal|p1b: Amoonguss|48\/100|[from] item: Sitrus Berry\n|-damage|p2b: Corviknight|69\/100|[from] Recoil\n|move|p1b: Amoonguss|Pollen Puff|p2a: Ting-Lu\n|-supereffective|p2a: Ting-Lu\n|-damage|p2a: Ting-Lu|22\/100 par\n|cant|p2a: Ting-Lu|par\n|\n|upkeep\n|turn|6\n|\n|t:|1682147534\n|move|p1b: Amoonguss|Protect|p1b: Amoonguss\n|-singleturn|p1b: Amoonguss|Protect\n|move|p1a: Gyarados|Thunder Wave|p2b: Corviknight\n|-status|p2b: Corviknight|par\n|move|p2b: Corviknight|Brave Bird|p1b: Amoonguss\n|-activate|p1b: Amoonguss|move: Protect\n|move|p2a: Ting-Lu|Rock Slide|p1b: Amoonguss|[spread] p1a\n|-activate|p1b: Amoonguss|move: Protect\n|-supereffective|p1a: Gyarados\n|-damage|p1a: Gyarados|46\/100\n|\n|upkeep\n|turn|7\n|\n|t:|1682147550\n|move|p1a: Gyarados|Waterfall|p2a: Ting-Lu\n|-resisted|p2a: Ting-Lu\n|-damage|p2a: Ting-Lu|13\/100 par\n|move|p1b: Amoonguss|Pollen Puff|p2a: Ting-Lu\n|-supereffective|p2a: Ting-Lu\n|-crit|p2a: Ting-Lu\n|-damage|p2a: Ting-Lu|0 fnt\n|faint|p2a: Ting-Lu\n|move|p2b: Corviknight|Brave Bird|p1b: Amoonguss\n|-supereffective|p1b: Amoonguss\n|-damage|p1b: Amoonguss|0 fnt\n|faint|p1b: Amoonguss\n|-damage|p2b: Corviknight|49\/100 par|[from] Recoil\n|\n|-end|p2b: Corviknight|move: Taunt\n|upkeep\n|\n|t:|1682147566\n|switch|p2a: Rotom|Rotom-Wash, L50|100\/100\n|turn|8\n|\n|t:|1682147572\n|move|p1a: Gyarados|Waterfall|p2a: Rotom\n|-resisted|p2a: Rotom\n|-damage|p2a: Rotom|79\/100\n|cant|p2a: Rotom|flinch\n|cant|p2b: Corviknight|par\n|\n|upkeep\n|turn|9\n|\n|t:|1682147584\n|move|p1a: Gyarados|Waterfall|p2a: Rotom\n|-resisted|p2a: Rotom\n|-damage|p2a: Rotom|60\/100\n|move|p2a: Rotom|Thunderbolt|p1a: Gyarados\n|-supereffective|p1a: Gyarados\n|-damage|p1a: Gyarados|0 fnt\n|faint|p1a: Gyarados\n|\n|win|CuadriJC7\n|raw|SumoVGC's rating: 1220 → 1193<\/strong> (-27 for losing)\n|raw|CuadriJC7's rating: 1189 → 1216<\/strong> (+27 for winning)\n","uploadtime":1682147590,"views":9,"p1id":"sumovgc","p2id":"cuadrijc7","formatid":"gen9vgc2023regulationc","rating":1193,"private":0,"password":""}