{"id":"gen9vgc2023regulationc-1857987610","p1":"zumjpg","p2":"Tarkus474","format":"[Gen 9] VGC 2023 Regulation C","log":"|j|\u2606zumjpg\n|j|\u2606Tarkus474\n|t:|1683256332\n|gametype|doubles\n|player|p1|zumjpg|169|1169\n|player|p2|Tarkus474|chuck|1226\n|teamsize|p1|6\n|teamsize|p2|6\n|gen|9\n|tier|[Gen 9] VGC 2023 Regulation C\n|rated|\n|rule|Species Clause: Limit one of each Pok\u00e9mon\n|rule|Item Clause: Limit one of each item\n|clearpoke\n|poke|p1|Wo-Chien, L50|\n|poke|p1|Ting-Lu, L50|\n|poke|p1|Palafin, L50, F|\n|poke|p1|Flutter Mane, L50|\n|poke|p1|Baxcalibur, L50, M|\n|poke|p1|Chi-Yu, L50|\n|poke|p2|Kingambit, L50, M|\n|poke|p2|Vaporeon, L50, M|\n|poke|p2|Great Tusk, L50|\n|poke|p2|Iron Hands, L50|\n|poke|p2|Flutter Mane, L50|\n|poke|p2|Dragonite, L50, F|\n|teampreview|4\nTarkus474 rejected open team sheets.\n|inactive|Battle timer is ON: inactive players will automatically lose when time's up. (requested by zumjpg)\n|\n|t:|1683256369\n|start\n|switch|p1a: Wo-Chien|Wo-Chien, L50|100\/100\n|switch|p1b: Palafin|Palafin, L50, F|100\/100\n|switch|p2a: Vaporeon|Vaporeon, L50, M|100\/100\n|switch|p2b: Flutter Mane|Flutter Mane, L50|100\/100\n|-ability|p1a: Wo-Chien|Tablets of Ruin\n|-enditem|p2b: Flutter Mane|Booster Energy\n|-activate|p2b: Flutter Mane|ability: Protosynthesis|[fromitem]\n|-start|p2b: Flutter Mane|protosynthesisspe\n|turn|1\n|\n|t:|1683256388\n|detailschange|p1b: Palafin|Palafin-Hero, L50, F\n|switch|p1b: Ting-Lu|Ting-Lu, L50|100\/100\n|-ability|p1b: Ting-Lu|Vessel of Ruin\n|-terastallize|p1a: Wo-Chien|Water\n|move|p2b: Flutter Mane|Shadow Ball|p1a: Wo-Chien\n|-damage|p1a: Wo-Chien|80\/100\n|move|p1a: Wo-Chien|Snarl|p2b: Flutter Mane|[spread] p2a,p2b\n|-crit|p2a: Vaporeon\n|-damage|p2a: Vaporeon|90\/100\n|-damage|p2b: Flutter Mane|90\/100\n|-unboost|p2b: Flutter Mane|spa|1\n|move|p2a: Vaporeon|Icy Wind|p1a: Wo-Chien|[spread] p1a,p1b\n|-resisted|p1a: Wo-Chien\n|-supereffective|p1b: Ting-Lu\n|-damage|p1a: Wo-Chien|78\/100\n|-damage|p1b: Ting-Lu|90\/100\n|-unboost|p1a: Wo-Chien|spe|1\n|-unboost|p1b: Ting-Lu|spe|1\n|\n|-heal|p1a: Wo-Chien|84\/100|[from] item: Leftovers\n|upkeep\n|turn|2\n|inactive|zumjpg has 30 seconds left.\n|\n|t:|1683256416\n|move|p2b: Flutter Mane|Protect|p2b: Flutter Mane\n|-singleturn|p2b: Flutter Mane|Protect\n|move|p2a: Vaporeon|Muddy Water|p1a: Wo-Chien|[spread] p1a,p1b\n|-resisted|p1a: Wo-Chien\n|-supereffective|p1b: Ting-Lu\n|-damage|p1a: Wo-Chien|77\/100\n|-damage|p1b: Ting-Lu|61\/100\n|-unboost|p1a: Wo-Chien|accuracy|1\n|move|p1a: Wo-Chien|Leech Seed|p2a: Vaporeon\n|-start|p2a: Vaporeon|move: Leech Seed\n|move|p1b: Ting-Lu|Heavy Slam|p2b: Flutter Mane\n|-activate|p2b: Flutter Mane|move: Protect\n|\n|-heal|p1a: Wo-Chien|83\/100|[from] item: Leftovers\n|-damage|p2a: Vaporeon|77\/100|[from] Leech Seed|[of] p1a: Wo-Chien\n|-heal|p1a: Wo-Chien|98\/100|[silent]\n|upkeep\n|turn|3\n|\n|t:|1683256437\n|switch|p2a: Dragonite|Dragonite, L50, F|100\/100\n|move|p1b: Ting-Lu|Protect|p1b: Ting-Lu\n|-singleturn|p1b: Ting-Lu|Protect\n|move|p2b: Flutter Mane|Moonblast|p1b: Ting-Lu\n|-activate|p1b: Ting-Lu|move: Protect\n|move|p1a: Wo-Chien|Leech Seed|p2b: Flutter Mane\n|-start|p2b: Flutter Mane|move: Leech Seed\n|\n|-heal|p1a: Wo-Chien|100\/100|[from] item: Leftovers\n|-damage|p2b: Flutter Mane|78\/100|[from] Leech Seed|[of] p1a: Wo-Chien\n|upkeep\n|turn|4\n|\n|t:|1683256457\n|-end|p2b: Flutter Mane|Protosynthesis|[silent]\n|switch|p2b: Vaporeon|Vaporeon, L50, M|77\/100\n|move|p2a: Dragonite|Dragon Dance|p2a: Dragonite\n|-boost|p2a: Dragonite|atk|1\n|-boost|p2a: Dragonite|spe|1\n|move|p1a: Wo-Chien|Pollen Puff|p1b: Ting-Lu\n|-heal|p1b: Ting-Lu|100\/100\n|move|p1b: Ting-Lu|Ruination|p2a: Dragonite\n|-damage|p2a: Dragonite|51\/100\n|\n|-heal|p2a: Dragonite|57\/100|[from] item: Leftovers\n|upkeep\n|turn|5\n|\n|t:|1683256482\n|switch|p1b: Flutter Mane|Flutter Mane, L50, shiny|100\/100\n|move|p2a: Dragonite|Extreme Speed|p1a: Wo-Chien\n|-damage|p1a: Wo-Chien|77\/100\n|move|p2b: Vaporeon|Muddy Water|p1b: Flutter Mane|[spread] p1a,p1b\n|-resisted|p1a: Wo-Chien\n|-damage|p1a: Wo-Chien|68\/100\n|-damage|p1b: Flutter Mane|75\/100\n|move|p1a: Wo-Chien|Leech Seed|p2a: Dragonite\n|-start|p2a: Dragonite|move: Leech Seed\n|\n|-heal|p2a: Dragonite|63\/100|[from] item: Leftovers\n|-heal|p1a: Wo-Chien|74\/100|[from] item: Leftovers\n|-damage|p2a: Dragonite|51\/100|[from] Leech Seed|[of] p1a: Wo-Chien\n|-heal|p1a: Wo-Chien|87\/100|[silent]\n|upkeep\n|turn|6\n|\n|t:|1683256500\n|switch|p2a: Kingambit|Kingambit, L50, M|100\/100\n|move|p1b: Flutter Mane|Dazzling Gleam|p2a: Kingambit|[spread] p2a,p2b\n|-damage|p2a: Kingambit|71\/100\n|-damage|p2b: Vaporeon|44\/100\n|move|p2b: Vaporeon|Icy Wind|p1b: Flutter Mane|[spread] p1a,p1b\n|-resisted|p1a: Wo-Chien\n|-damage|p1a: Wo-Chien|83\/100\n|-damage|p1b: Flutter Mane|65\/100\n|-unboost|p1a: Wo-Chien|spe|1\n|-unboost|p1b: Flutter Mane|spe|1\n|move|p1a: Wo-Chien|Leech Seed|p2b: Vaporeon|[miss]\n|-miss|p1a: Wo-Chien|p2b: Vaporeon\n|\n|-heal|p1a: Wo-Chien|90\/100|[from] item: Leftovers\n|upkeep\n|turn|7\n|\n|t:|1683256524\n|-end|p1b: Flutter Mane|Protosynthesis|[silent]\n|switch|p1b: Palafin|Palafin-Hero, L50, F|100\/100\n|-activate|p1b: Palafin|ability: Zero to Hero\n|move|p2b: Vaporeon|Muddy Water|p1a: Wo-Chien|[spread] p1a,p1b\n|-resisted|p1a: Wo-Chien\n|-resisted|p1b: Palafin\n|-damage|p1a: Wo-Chien|81\/100\n|-damage|p1b: Palafin|89\/100\n|-unboost|p1a: Wo-Chien|accuracy|1\n|move|p2a: Kingambit|Iron Head|p1b: Palafin\n|-resisted|p1b: Palafin\n|-damage|p1b: Palafin|74\/100\n|move|p1a: Wo-Chien|Leech Seed|p2a: Kingambit\n|-start|p2a: Kingambit|move: Leech Seed\n|\n|-heal|p1a: Wo-Chien|87\/100|[from] item: Leftovers\n|-damage|p2a: Kingambit|59\/100|[from] Leech Seed|[of] p1a: Wo-Chien\n|-heal|p1a: Wo-Chien|100\/100|[silent]\n|upkeep\n|turn|8\n|\n|t:|1683256543\n|switch|p2a: Dragonite|Dragonite, L50, F|51\/100\n|move|p1b: Palafin|Haze|p1b: Palafin\n|-clearallboost\n|move|p1a: Wo-Chien|Leech Seed|p2b: Vaporeon\n|-start|p2b: Vaporeon|move: Leech Seed\n|move|p2b: Vaporeon|Wish|p2b: Vaporeon\n|\n|-heal|p2a: Dragonite|57\/100|[from] item: Leftovers\n|-damage|p2b: Vaporeon|31\/100|[from] Leech Seed|[of] p1a: Wo-Chien\n|upkeep\n|turn|9\n|\n|t:|1683256559\n|switch|p1b: Ting-Lu|Ting-Lu, L50|100\/100\n|-ability|p1b: Ting-Lu|Vessel of Ruin\n|switch|p2b: Kingambit|Kingambit, L50, M|59\/100\n|move|p2a: Dragonite|Dragon Dance|p2a: Dragonite\n|-boost|p2a: Dragonite|atk|1\n|-boost|p2a: Dragonite|spe|1\n|move|p1a: Wo-Chien|Leech Seed|p2a: Dragonite\n|-start|p2a: Dragonite|move: Leech Seed\n|\n|-heal|p2b: Kingambit|100\/100|[from] move: Wish|[wisher] Vaporeon\n|-heal|p2a: Dragonite|63\/100|[from] item: Leftovers\n|-damage|p2a: Dragonite|51\/100|[from] Leech Seed|[of] p1a: Wo-Chien\n|upkeep\n|turn|10\n|\n|t:|1683256579\n|move|p2a: Dragonite|Extreme Speed|p1b: Ting-Lu\n|-damage|p1b: Ting-Lu|84\/100\n|move|p1a: Wo-Chien|Leech Seed|p2b: Kingambit\n|-start|p2b: Kingambit|move: Leech Seed\n|move|p2b: Kingambit|Assurance|p1b: Ting-Lu\n|-resisted|p1b: Ting-Lu\n|-damage|p1b: Ting-Lu|71\/100\n|move|p1b: Ting-Lu|Stomping Tantrum|p2b: Kingambit\n|-supereffective|p2b: Kingambit\n|-damage|p2b: Kingambit|70\/100\n|\n|-heal|p2a: Dragonite|57\/100|[from] item: Leftovers\n|-damage|p2a: Dragonite|45\/100|[from] Leech Seed|[of] p1a: Wo-Chien\n|-damage|p2b: Kingambit|58\/100|[from] Leech Seed|[of] p1a: Wo-Chien\n|upkeep\n|turn|11\n|\n|t:|1683256601\n|switch|p2b: Vaporeon|Vaporeon, L50, M|31\/100\n|move|p2a: Dragonite|Rock Slide|p1a: Wo-Chien|[spread] p1a,p1b\n|-resisted|p1b: Ting-Lu\n|-damage|p1a: Wo-Chien|84\/100\n|-damage|p1b: Ting-Lu|65\/100\n|move|p1a: Wo-Chien|Pollen Puff|p1b: Ting-Lu\n|-heal|p1b: Ting-Lu|100\/100\n|cant|p1b: Ting-Lu|flinch\n|\n|-heal|p2a: Dragonite|51\/100|[from] item: Leftovers\n|-heal|p1a: Wo-Chien|90\/100|[from] item: Leftovers\n|-damage|p2a: Dragonite|39\/100|[from] Leech Seed|[of] p1a: Wo-Chien\n|-heal|p1a: Wo-Chien|100\/100|[silent]\n|upkeep\n|turn|12\n|\n|t:|1683256621\n|switch|p2a: Flutter Mane|Flutter Mane, L50|78\/100\n|move|p1a: Wo-Chien|Snarl|p2a: Flutter Mane|[spread] p2a,p2b\n|-damage|p2a: Flutter Mane|67\/100\n|-damage|p2b: Vaporeon|24\/100\n|-unboost|p2a: Flutter Mane|spa|1\n|move|p2b: Vaporeon|Wish|p2b: Vaporeon\n|move|p1b: Ting-Lu|Stomping Tantrum|p2b: Vaporeon\n|-crit|p2b: Vaporeon\n|-damage|p2b: Vaporeon|0 fnt\n|faint|p2b: Vaporeon\n|\n|upkeep\n|\n|t:|1683256633\n|switch|p2b: Kingambit|Kingambit, L50, M|58\/100\n|turn|13\n|\n|t:|1683256654\n|-end|p2a: Flutter Mane|Protosynthesis|[silent]\n|switch|p2a: Dragonite|Dragonite, L50, F|39\/100\n|move|p1a: Wo-Chien|Leech Seed|p2b: Kingambit\n|-start|p2b: Kingambit|move: Leech Seed\n|move|p2b: Kingambit|Assurance|p1a: Wo-Chien\n|-damage|p1a: Wo-Chien|83\/100\n|move|p1b: Ting-Lu|Heavy Slam|p2a: Dragonite\n|-damage|p2a: Dragonite|24\/100\n|\n|-heal|p2b: Kingambit|100\/100|[from] move: Wish|[wisher] Vaporeon\n|-heal|p2a: Dragonite|30\/100|[from] item: Leftovers\n|-heal|p1a: Wo-Chien|89\/100|[from] item: Leftovers\n|-damage|p2b: Kingambit|88\/100|[from] Leech Seed|[of] p1a: Wo-Chien\n|-heal|p1a: Wo-Chien|100\/100|[silent]\n|upkeep\n|turn|14\n|\n|t:|1683256674\n|switch|p2b: Flutter Mane|Flutter Mane, L50|67\/100\n|move|p2a: Dragonite|Dragon Dance|p2a: Dragonite\n|-boost|p2a: Dragonite|atk|1\n|-boost|p2a: Dragonite|spe|1\n|move|p1a: Wo-Chien|Leech Seed|p2a: Dragonite\n|-start|p2a: Dragonite|move: Leech Seed\n|move|p1b: Ting-Lu|Heavy Slam|p2a: Dragonite\n|-damage|p2a: Dragonite|16\/100\n|\n|-heal|p2a: Dragonite|22\/100|[from] item: Leftovers\n|-damage|p2a: Dragonite|10\/100|[from] Leech Seed|[of] p1a: Wo-Chien\n|upkeep\n|turn|15\n|\n|t:|1683256688\n|-terastallize|p2b: Flutter Mane|Ghost\n|move|p2a: Dragonite|Extreme Speed|p1a: Wo-Chien\n|-damage|p1a: Wo-Chien|75\/100\n|move|p2b: Flutter Mane|Shadow Ball|p1a: Wo-Chien\n|-damage|p1a: Wo-Chien|46\/100\n|move|p1a: Wo-Chien|Snarl|p2b: Flutter Mane|[spread] p2a,p2b\n|-supereffective|p2b: Flutter Mane\n|-damage|p2a: Dragonite|1\/100\n|-damage|p2b: Flutter Mane|44\/100\n|-unboost|p2a: Dragonite|spa|1\n|-unboost|p2b: Flutter Mane|spa|1\n|move|p1b: Ting-Lu|Heavy Slam|p2b: Flutter Mane\n|-damage|p2b: Flutter Mane|0 fnt\n|faint|p2b: Flutter Mane\n|-end|p2b: Flutter Mane|Protosynthesis|[silent]\n|\n|-heal|p2a: Dragonite|7\/100|[from] item: Leftovers\n|-heal|p1a: Wo-Chien|52\/100|[from] item: Leftovers\n|-damage|p2a: Dragonite|0 fnt|[from] Leech Seed|[of] p1a: Wo-Chien\n|-heal|p1a: Wo-Chien|59\/100|[silent]\n|faint|p2a: Dragonite\n|upkeep\n|\n|t:|1683256708\n|switch|p2b: Kingambit|Kingambit, L50, M|88\/100\n|turn|16\n|\n|t:|1683256714\n|move|p2b: Kingambit|Sucker Punch||[still]\n|-fail|p2b: Kingambit\n|move|p1a: Wo-Chien|Leech Seed|p2b: Kingambit\n|-start|p2b: Kingambit|move: Leech Seed\n|move|p1b: Ting-Lu|Stomping Tantrum|p2b: Kingambit\n|-supereffective|p2b: Kingambit\n|-damage|p2b: Kingambit|58\/100\n|\n|-heal|p1a: Wo-Chien|65\/100|[from] item: Leftovers\n|-damage|p2b: Kingambit|45\/100|[from] Leech Seed|[of] p1a: Wo-Chien\n|-heal|p1a: Wo-Chien|78\/100|[silent]\n|upkeep\n|turn|17\n|-message|Tarkus474 forfeited.\n|\n|win|zumjpg\n|raw|zumjpg's rating: 1169 → 1198<\/strong> (+29 for winning)\n|raw|Tarkus474's rating: 1226 → 1197<\/strong> (-29 for losing)\n|l|\u2606Tarkus474\n","uploadtime":1683256729,"views":12,"p1id":"zumjpg","p2id":"tarkus474","formatid":"gen9vgc2023regulationc","rating":1197,"private":0,"password":""}