{"id":"gen9vgc2023regulationc-1849488610","p1":"Tchoubib","p2":"Picaro7","format":"[Gen 9] VGC 2023 Regulation C","log":"|j|\u2606Tchoubib\n|j|\u2606Picaro7\n|t:|1682204420\n|gametype|doubles\n|player|p1|Tchoubib|1|1000\n|player|p2|Picaro7|gambler|1000\n|teamsize|p1|6\n|teamsize|p2|6\n|gen|9\n|tier|[Gen 9] VGC 2023 Regulation C\n|rated|\n|rule|Species Clause: Limit one of each Pok\u00e9mon\n|rule|Item Clause: Limit one of each item\n|clearpoke\n|poke|p1|Slaking, L50, M|\n|poke|p1|Grafaiai, L50, M|\n|poke|p1|Meowscarada, L50, M|\n|poke|p1|Garchomp, L50, F|\n|poke|p1|Gardevoir, L50, M|\n|poke|p1|Clodsire, L50, M|\n|poke|p2|Arcanine, L50, M|\n|poke|p2|Lucario, L50, M|\n|poke|p2|Tyranitar, L50, M|\n|poke|p2|Dragapult, L50, F|\n|poke|p2|Scream Tail, L50|\n|poke|p2|Amoonguss, L50, F|\n|teampreview|4\nTchoubib has agreed to open team sheets.\n|\n|t:|1682204469\n|start\n|switch|p1a: Gardevoir|Gardevoir, L50, M|100\/100\n|switch|p1b: Garchomp|Garchomp, L50, F|100\/100\n|switch|p2a: Tyranitar|Tyranitar, L50, M|100\/100\n|switch|p2b: Scream Tail|Scream Tail, L50|100\/100\n|-ability|p2a: Tyranitar|Unnerve\n|-enditem|p2b: Scream Tail|Booster Energy\n|-activate|p2b: Scream Tail|ability: Protosynthesis|[fromitem]\n|-start|p2b: Scream Tail|protosynthesisspe\n|turn|1\n|\n|t:|1682204505\n|-terastallize|p1b: Garchomp|Ground\n|move|p2b: Scream Tail|Thunder Wave|p1a: Gardevoir\n|-status|p1a: Gardevoir|par\n|move|p1b: Garchomp|Earthquake|p2a: Tyranitar|[spread] p2a,p2b\n|-activate|p1a: Gardevoir|ability: Telepathy\n|-supereffective|p2a: Tyranitar\n|-damage|p2a: Tyranitar|16\/100\n|-damage|p2b: Scream Tail|60\/100\n|move|p2a: Tyranitar|Heavy Slam|p1a: Gardevoir\n|-supereffective|p1a: Gardevoir\n|-damage|p1a: Gardevoir|4\/100 par\n|move|p1a: Gardevoir|Icy Wind|p2a: Tyranitar|[spread] p2a,p2b\n|-damage|p2a: Tyranitar|9\/100\n|-damage|p2b: Scream Tail|52\/100\n|-unboost|p2a: Tyranitar|spe|1\n|-unboost|p2b: Scream Tail|spe|1\n|\n|-heal|p1a: Gardevoir|10\/100 par|[from] item: Leftovers\n|upkeep\n|turn|2\n|\n|t:|1682204548\n|-terastallize|p2a: Tyranitar|Flying\n|move|p1a: Gardevoir|Protect|p1a: Gardevoir\n|-singleturn|p1a: Gardevoir|Protect\n|move|p2b: Scream Tail|Disable|p1b: Garchomp\n|-start|p1b: Garchomp|Disable|Earthquake\n|cant|p1b: Garchomp|Disable|Earthquake\n|move|p2a: Tyranitar|Rock Slide|p1b: Garchomp|[spread] p1b\n|-activate|p1a: Gardevoir|move: Protect\n|-resisted|p1b: Garchomp\n|-damage|p1b: Garchomp|83\/100\n|\n|-heal|p1a: Gardevoir|16\/100 par|[from] item: Leftovers\n|upkeep\n|turn|3\n|\n|t:|1682204588\n|move|p1b: Garchomp|Iron Head|p2b: Scream Tail\n|-supereffective|p2b: Scream Tail\n|-damage|p2b: Scream Tail|11\/100\n|move|p2b: Scream Tail|Dazzling Gleam|p1a: Gardevoir|[spread] p1a,p1b\n|-damage|p1a: Gardevoir|0 fnt\n|-damage|p1b: Garchomp|66\/100\n|faint|p1a: Gardevoir\n|move|p2a: Tyranitar|Rock Slide|p1b: Garchomp\n|-resisted|p1b: Garchomp\n|-damage|p1b: Garchomp|45\/100\n|\n|upkeep\n|\n|t:|1682204616\n|switch|p1a: Slaking|Slaking, L50, M|100\/100\n|turn|4\n|\n|t:|1682204644\n|switch|p1b: Grafaiai|Grafaiai, L50, M|100\/100\n|move|p1a: Slaking|Sucker Punch||[still]\n|-fail|p1a: Slaking\n|move|p2b: Scream Tail|Thunder Wave|p1a: Slaking\n|-status|p1a: Slaking|par\n|move|p2a: Tyranitar|Rock Slide|p1b: Grafaiai|[spread] p1a,p1b\n|-damage|p1a: Slaking|74\/100 par\n|-damage|p1b: Grafaiai|51\/100\n|\n|upkeep\n|turn|5\n|\n|t:|1682204679\n|move|p1b: Grafaiai|Doodle|p2a: Tyranitar\n|-endability|p1a: Slaking|Truant|[from] move: Doodle\n|-ability|p1a: Slaking|Unnerve\n|-ability|p1a: Slaking|Unnerve|[from] move: Doodle\n|-endability|p1b: Grafaiai|Prankster|[from] move: Doodle\n|-ability|p1b: Grafaiai|Unnerve\n|-ability|p1b: Grafaiai|Unnerve|[from] move: Doodle\n|move|p2b: Scream Tail|Disable|p1a: Slaking\n|-start|p1a: Slaking|Disable|Sucker Punch\n|move|p1a: Slaking|Drain Punch|p2a: Tyranitar\n|-resisted|p2a: Tyranitar\n|-damage|p2a: Tyranitar|0 fnt\n|-heal|p1a: Slaking|77\/100 par|[from] drain|[of] p2a: Tyranitar\n|faint|p2a: Tyranitar\n|\n|upkeep\n|\n|t:|1682204696\n|switch|p2a: Lucario|Lucario, L50, M, shiny|100\/100\n|turn|6\n|\n|t:|1682204719\n|move|p2b: Scream Tail|Dazzling Gleam|p1b: Grafaiai|[spread] p1a,p1b\n|-resisted|p1b: Grafaiai\n|-damage|p1a: Slaking|70\/100 par\n|-damage|p1b: Grafaiai|41\/100\n|move|p1b: Grafaiai|Encore|p2b: Scream Tail\n|-start|p2b: Scream Tail|Encore\n|move|p2a: Lucario|Drain Punch|p1a: Slaking\n|-supereffective|p1a: Slaking\n|-damage|p1a: Slaking|0 fnt\n|faint|p1a: Slaking\n|-damage|p2a: Lucario|91\/100|[from] item: Life Orb\n|\n|upkeep\n|\n|t:|1682204729\n|switch|p1a: Garchomp|Garchomp, L50, F, tera:Ground|45\/100\n|turn|7\n|\n|t:|1682204745\n|move|p1b: Grafaiai|Helping Hand|p1a: Garchomp\n|-singleturn|p1a: Garchomp|Helping Hand|[of] p1b: Grafaiai\n|move|p2b: Scream Tail|Dazzling Gleam|p1b: Grafaiai|[spread] p1a,p1b\n|-resisted|p1b: Grafaiai\n|-damage|p1a: Garchomp|28\/100\n|-damage|p1b: Grafaiai|32\/100\n|move|p1a: Garchomp|Earthquake|p2b: Scream Tail|[spread] p1b,p2a,p2b\n|-supereffective|p1b: Grafaiai\n|-supereffective|p2a: Lucario\n|-damage|p1b: Grafaiai|0 fnt\n|-damage|p2a: Lucario|0 fnt\n|-damage|p2b: Scream Tail|0 fnt\n|faint|p1b: Grafaiai\n|faint|p2a: Lucario\n|faint|p2b: Scream Tail\n|-end|p2b: Scream Tail|Protosynthesis|[silent]\n|\n|upkeep\n|\n|t:|1682204758\n|switch|p2a: Arcanine|Arcanine, L50, M|100\/100\n|-ability|p2a: Arcanine|Intimidate|boost\n|-unboost|p1a: Garchomp|atk|1\n|turn|8\n|\n|t:|1682204774\n|move|p2a: Arcanine|Protect|p2a: Arcanine\n|-singleturn|p2a: Arcanine|Protect\n|move|p1a: Garchomp|Earthquake|p2a: Arcanine\n|-activate|p2a: Arcanine|move: Protect\n|\n|upkeep\n|turn|9\n|\n|t:|1682204793\n|move|p2a: Arcanine|Extreme Speed|p1a: Garchomp\n|-damage|p1a: Garchomp|4\/100\n|-damage|p2a: Arcanine|88\/100|[from] ability: Rough Skin|[of] p1a: Garchomp\n|-damage|p2a: Arcanine|72\/100|[from] item: Rocky Helmet|[of] p1a: Garchomp\n|move|p1a: Garchomp|Earthquake|p2a: Arcanine\n|-supereffective|p2a: Arcanine\n|-damage|p2a: Arcanine|0 fnt\n|faint|p2a: Arcanine\n|\n|win|Tchoubib\n|raw|Tchoubib's rating: 1000 → 1040<\/strong> (+40 for winning)\n|raw|Picaro7's rating: 1000 → 1000<\/strong> (+0 for losing)\n","uploadtime":1682204835,"views":4,"p1id":"tchoubib","p2id":"picaro7","formatid":"gen9vgc2023regulationc","rating":1000,"private":0,"password":""}