{"id":"gen9vgc2023regulationc-1847472348","p1":"leafyarrow","p2":"neukorn","format":"[Gen 9] VGC 2023 Regulation C","log":"|j|\u2606leafyarrow\n|j|\u2606neukorn\n|t:|1681959341\n|gametype|doubles\n|player|p1|leafyarrow|1|1269\n|player|p2|neukorn|flint|1213\n|teamsize|p1|6\n|teamsize|p2|6\n|gen|9\n|tier|[Gen 9] VGC 2023 Regulation C\n|rated|\n|rule|Species Clause: Limit one of each Pok\u00e9mon\n|rule|Item Clause: Limit one of each item\n|clearpoke\n|poke|p1|Flutter Mane, L50|\n|poke|p1|Palafin, L50, F|\n|poke|p1|Amoonguss, L50, F|\n|poke|p1|Ting-Lu, L50|\n|poke|p1|Arcanine, L50, M|\n|poke|p1|Glimmora, L50, F|\n|poke|p2|Wo-Chien, L50|\n|poke|p2|Ting-Lu, L50|\n|poke|p2|Gyarados, L50, M|\n|poke|p2|Orthworm, L50, F|\n|poke|p2|Arcanine, L50, M|\n|poke|p2|Drifblim, L50, M|\n|teampreview|4\n|j| GS Wendigo\nleafyarrow has agreed to open team sheets.\n|\n|t:|1681959414\n|start\n|switch|p1a: Palafin|Palafin, L50, F|100\/100\n|switch|p1b: Flutter Mane|Flutter Mane, L50|100\/100\n|switch|p2a: Arcanine|Arcanine, L50, M|100\/100\n|switch|p2b: Gyarados|Gyarados, L50, M|100\/100\n|turn|1\n|\n|t:|1681959446\n|detailschange|p1a: Palafin|Palafin-Hero, L50, F\n|switch|p1a: Arcanine|Arcanine, L50, M|100\/100\n|-ability|p1a: Arcanine|Intimidate|boost\n|-unboost|p2a: Arcanine|atk|1\n|-unboost|p2b: Gyarados|atk|1\n|move|p1b: Flutter Mane|Power Gem|p2b: Gyarados\n|-supereffective|p2b: Gyarados\n|-damage|p2b: Gyarados|31\/100\n|move|p2a: Arcanine|Will-O-Wisp|p1a: Arcanine|[miss]\n|-miss|p2a: Arcanine|p1a: Arcanine\n|move|p2b: Gyarados|Dragon Dance|p2b: Gyarados\n|-boost|p2b: Gyarados|atk|1\n|-boost|p2b: Gyarados|spe|1\n|\n|upkeep\n|turn|2\n|\n|t:|1681959483\n|move|p1a: Arcanine|Extreme Speed|p2b: Gyarados\n|-damage|p2b: Gyarados|13\/100\n|move|p1b: Flutter Mane|Power Gem|p2a: Arcanine\n|-supereffective|p2a: Arcanine\n|-damage|p2a: Arcanine|26\/100\n|move|p2b: Gyarados|Waterfall|p1a: Arcanine\n|-supereffective|p1a: Arcanine\n|-damage|p1a: Arcanine|12\/100\n|move|p2a: Arcanine|Flare Blitz|p1b: Flutter Mane\n|-damage|p1b: Flutter Mane|26\/100\n|-damage|p2a: Arcanine|7\/100|[from] Recoil\n|\n|upkeep\n|turn|3\n|\n|t:|1681959504\n|move|p1a: Arcanine|Extreme Speed|p2a: Arcanine\n|-damage|p2a: Arcanine|0 fnt\n|faint|p2a: Arcanine\n|move|p1b: Flutter Mane|Power Gem|p2b: Gyarados\n|-supereffective|p2b: Gyarados\n|-damage|p2b: Gyarados|0 fnt\n|faint|p2b: Gyarados\n|\n|upkeep\n|\n|t:|1681959513\n|switch|p2a: Ting-Lu|Ting-Lu, L50|100\/100\n|switch|p2b: Orthworm|Orthworm, L50, F|100\/100\n|-ability|p2a: Ting-Lu|Vessel of Ruin\n|turn|4\n|\n|t:|1681959530\n|-end|p1b: Flutter Mane|Protosynthesis|[silent]\n|switch|p1b: Amoonguss|Amoonguss, L50, F|100\/100\n|move|p2b: Orthworm|Protect|p2b: Orthworm\n|-singleturn|p2b: Orthworm|Protect\n|move|p1a: Arcanine|Will-O-Wisp|p2a: Ting-Lu\n|-status|p2a: Ting-Lu|brn\n|move|p2a: Ting-Lu|Earthquake|p1b: Amoonguss|[spread] p1a,p1b\n|-activate|p2b: Orthworm|move: Protect\n|-supereffective|p1a: Arcanine\n|-damage|p1a: Arcanine|0 fnt\n|-damage|p1b: Amoonguss|90\/100\n|faint|p1a: Arcanine\n|\n|-damage|p2a: Ting-Lu|94\/100 brn|[from] brn\n|upkeep\n|\n|t:|1681959546\n|switch|p1a: Palafin|Palafin-Hero, L50, F|100\/100\n|-activate|p1a: Palafin|ability: Zero to Hero\n|turn|5\n|\n|t:|1681959567\n|-terastallize|p1a: Palafin|Water\n|move|p1a: Palafin|Wave Crash|p2b: Orthworm\n|-damage|p2b: Orthworm|8\/100\n|-damage|p1a: Palafin|74\/100|[from] Recoil\n|move|p2b: Orthworm|Body Press|p1b: Amoonguss\n|-resisted|p1b: Amoonguss\n|-damage|p1b: Amoonguss|79\/100\n|move|p1b: Amoonguss|Pollen Puff|p1a: Palafin\n|-heal|p1a: Palafin|100\/100\n|move|p2a: Ting-Lu|Ruination|p1b: Amoonguss\n|-damage|p1b: Amoonguss|40\/100\n|-enditem|p1b: Amoonguss|Sitrus Berry|[eat]\n|-heal|p1b: Amoonguss|65\/100|[from] item: Sitrus Berry\n|\n|-heal|p2b: Orthworm|14\/100|[from] item: Leftovers\n|-damage|p2a: Ting-Lu|88\/100 brn|[from] brn\n|upkeep\n|turn|6\n|-message|neukorn forfeited.\n|\n|win|leafyarrow\n|raw|leafyarrow's rating: 1269 → 1290<\/strong> (+21 for winning)\n|raw|neukorn's rating: 1213 → 1192<\/strong> (-21 for losing)\n|l|\u2606neukorn\n","uploadtime":1681959587,"views":5,"p1id":"leafyarrow","p2id":"neukorn","formatid":"gen9vgc2023regulationc","rating":1192,"private":0,"password":""}