{"id":"gen9vgc2023regulationc-1859085566","p1":"KevinATL","p2":"KaesyGard","format":"[Gen 9] VGC 2023 Regulation C","log":"|j|\u2606KevinATL\n|j|\u2606KaesyGard\n|t:|1683402684\n|gametype|doubles\n|player|p1|KevinATL|2|\n|player|p2|KaesyGard|1|\n|teamsize|p1|6\n|teamsize|p2|6\n|gen|9\n|tier|[Gen 9] VGC 2023 Regulation C\n|rule|Species Clause: Limit one of each Pok\u00e9mon\n|rule|Item Clause: Limit one of each item\n|clearpoke\n|poke|p1|Palafin, L50, M|\n|poke|p1|Scream Tail, L50|\n|poke|p1|Flutter Mane, L50|\n|poke|p1|Amoonguss, L50, F|\n|poke|p1|Arcanine, L50, F|\n|poke|p1|Gothitelle, L50, F|\n|poke|p2|Ting-Lu, L50|\n|poke|p2|Corviknight, L50, M|\n|poke|p2|Klefki, L50, F|\n|poke|p2|Annihilape, L50, M|\n|poke|p2|Iron Bundle, L50|\n|poke|p2|Brute Bonnet, L50|\n|teampreview|4\n|c|\u2606KevinATL|pregunta\n|c|\u2606KevinATL|a ver brava\n|c|\u2606KevinATL|mataba al palafin\n|c|\u2606KaesyGard|si\n|c|\u2606KevinATL|ave*\n|c|\u2606KevinATL|era gg\n|j| Litopardo\n|\n|t:|1683402747\n|start\n|switch|p1a: INEEDAHERO|Palafin, L50, M|100\/100\n|switch|p1b: AWOOOOOOOOOO|Arcanine, L50, F|100\/100\n|switch|p2a: Iron Bundle|Iron Bundle, L50|100\/100\n|switch|p2b: Annihilape|Annihilape, L50, M|100\/100\n|-ability|p1b: AWOOOOOOOOOO|Intimidate|boost\n|-unboost|p2a: Iron Bundle|atk|1\n|-unboost|p2b: Annihilape|atk|1\n|-ability|p2b: Annihilape|Defiant|boost\n|-boost|p2b: Annihilape|atk|2\n|-enditem|p2a: Iron Bundle|Booster Energy\n|-activate|p2a: Iron Bundle|ability: Quark Drive|[fromitem]\n|-start|p2a: Iron Bundle|quarkdrivespe\n|turn|1\n|\n|t:|1683402799\n|switch|p1b: AMOGUS|Amoonguss, L50, F|100\/100\n|move|p1a: INEEDAHERO|Protect|p1a: INEEDAHERO\n|-singleturn|p1a: INEEDAHERO|Protect\n|move|p2a: Iron Bundle|Icy Wind|p1a: INEEDAHERO|[spread] p1b\n|-activate|p1a: INEEDAHERO|move: Protect\n|-supereffective|p1b: AMOGUS\n|-damage|p1b: AMOGUS|72\/100\n|-unboost|p1b: AMOGUS|spe|1\n|move|p2b: Annihilape|Bulk Up|p2b: Annihilape\n|-boost|p2b: Annihilape|atk|1\n|-boost|p2b: Annihilape|def|1\n|\n|upkeep\n|turn|2\n|c|\u2606KevinATL|ya perd\u00ed desde el inicio\n|c|\u2606KevinATL|jsakdasjkdsajd\n|c|\u2606KevinATL|lpm\n|\n|t:|1683402937\n|detailschange|p1a: INEEDAHERO|Palafin-Hero, L50, M\n|switch|p1a: EEEEEEEEEEEE|Flutter Mane, L50|100\/100\n|-terastallize|p2b: Annihilape|Water\n|move|p2a: Iron Bundle|Freeze-Dry|p1b: AMOGUS\n|-supereffective|p1b: AMOGUS\n|-damage|p1b: AMOGUS|22\/100\n|move|p2b: Annihilape|Rage Fist|p1b: AMOGUS\n|-damage|p1b: AMOGUS|0 fnt\n|faint|p1b: AMOGUS\n|\n|upkeep\n|\n|t:|1683402953\n|switch|p1b: INEEDAHERO|Palafin-Hero, L50, M|100\/100\n|-activate|p1b: INEEDAHERO|ability: Zero to Hero\n|turn|3\n|\n|t:|1683402976\n|move|p1b: INEEDAHERO|Protect|p1b: INEEDAHERO\n|-singleturn|p1b: INEEDAHERO|Protect\n|move|p2b: Annihilape|Protect|p2b: Annihilape\n|-singleturn|p2b: Annihilape|Protect\n|move|p2a: Iron Bundle|Icy Wind|p1b: INEEDAHERO|[spread] p1a\n|-activate|p1b: INEEDAHERO|move: Protect\n|-damage|p1a: EEEEEEEEEEEE|81\/100\n|-unboost|p1a: EEEEEEEEEEEE|spe|1\n|move|p1a: EEEEEEEEEEEE|Moonblast|p2b: Annihilape\n|-activate|p2b: Annihilape|move: Protect\n|\n|upkeep\n|turn|4\n|\n|t:|1683403051\n|-terastallize|p1b: INEEDAHERO|Water\n|move|p1b: INEEDAHERO|Jet Punch|p2b: Annihilape\n|-resisted|p2b: Annihilape\n|-damage|p2b: Annihilape|81\/100\n|move|p2a: Iron Bundle|Icy Wind|p1b: INEEDAHERO|[spread] p1a,p1b\n|-resisted|p1b: INEEDAHERO\n|-damage|p1a: EEEEEEEEEEEE|60\/100\n|-damage|p1b: INEEDAHERO|92\/100\n|-unboost|p1a: EEEEEEEEEEEE|spe|1\n|-unboost|p1b: INEEDAHERO|spe|1\n|move|p2b: Annihilape|Rage Fist|p1a: EEEEEEEEEEEE\n|-supereffective|p1a: EEEEEEEEEEEE\n|-damage|p1a: EEEEEEEEEEEE|0 fnt\n|faint|p1a: EEEEEEEEEEEE\n|-end|p1a: EEEEEEEEEEEE|Protosynthesis|[silent]\n|\n|upkeep\n|\n|t:|1683403063\n|switch|p1a: AWOOOOOOOOOO|Arcanine, L50, F|100\/100\n|-ability|p1a: AWOOOOOOOOOO|Intimidate|boost\n|-unboost|p2a: Iron Bundle|atk|1\n|-unboost|p2b: Annihilape|atk|1\n|-ability|p2b: Annihilape|Defiant|boost\n|-boost|p2b: Annihilape|atk|2\n|turn|5\n|\n|t:|1683403092\n|move|p1a: AWOOOOOOOOOO|Extreme Speed|p2b: Annihilape\n|-damage|p2b: Annihilape|66\/100\n|move|p2a: Iron Bundle|Freeze-Dry|p1b: INEEDAHERO\n|-supereffective|p1b: INEEDAHERO\n|-damage|p1b: INEEDAHERO|29\/100\n|move|p2b: Annihilape|Drain Punch|p1a: AWOOOOOOOOOO\n|-damage|p1a: AWOOOOOOOOOO|0 fnt\n|-heal|p2b: Annihilape|100\/100|[from] drain|[of] p1a: AWOOOOOOOOOO\n|faint|p1a: AWOOOOOOOOOO\n|move|p1b: INEEDAHERO|Close Combat|p2a: Iron Bundle\n|-supereffective|p2a: Iron Bundle\n|-damage|p2a: Iron Bundle|0 fnt\n|-unboost|p1b: INEEDAHERO|def|1\n|-unboost|p1b: INEEDAHERO|spd|1\n|faint|p2a: Iron Bundle\n|-end|p2a: Iron Bundle|Quark Drive|[silent]\n|\n|upkeep\n|\n|t:|1683403113\n|switch|p2a: Ting-Lu|Ting-Lu, L50|100\/100\n|-ability|p2a: Ting-Lu|Vessel of Ruin\n|turn|6\n|\n|t:|1683403123\n|move|p2a: Ting-Lu|Protect|p2a: Ting-Lu\n|-singleturn|p2a: Ting-Lu|Protect\n|move|p2b: Annihilape|Rage Fist|p1b: INEEDAHERO\n|-damage|p1b: INEEDAHERO|0 fnt\n|faint|p1b: INEEDAHERO\n|\n|win|KaesyGard\n","uploadtime":1683403131,"views":13,"p1id":"kevinatl","p2id":"kaesygard","formatid":"gen9vgc2023regulationc","rating":0,"private":0,"password":""}