{"id":"gen9vgc2023regulationc-1846748977","p1":"GoodUnity-YT","p2":"perfective","format":"[Gen 9] VGC 2023 Regulation C","log":"|j|\u2606GoodUnity-YT\n|j|\u2606perfective\n|t:|1681873636\n|gametype|doubles\n|player|p1|GoodUnity-YT|170|1082\n|player|p2|perfective|102|1168\n|teamsize|p1|6\n|teamsize|p2|6\n|gen|9\n|tier|[Gen 9] VGC 2023 Regulation C\n|rated|\n|rule|Species Clause: Limit one of each Pok\u00e9mon\n|rule|Item Clause: Limit one of each item\n|clearpoke\n|poke|p1|Torkoal, L50, F|\n|poke|p1|Lilligant, L50, F|\n|poke|p1|Flutter Mane, L50|\n|poke|p1|Kingambit, L50, F|\n|poke|p1|Iron Bundle, L50|\n|poke|p1|Iron Hands, L50|\n|poke|p2|Azumarill, L50, F|\n|poke|p2|Chi-Yu, L50|\n|poke|p2|Dachsbun, L50, F|\n|poke|p2|Flutter Mane, L50|\n|poke|p2|Chien-Pao, L50|\n|poke|p2|Dragonite, L50, M|\n|teampreview|4\n|\n|t:|1681873660\n|start\n|switch|p1a: Torkoal|Torkoal, L50, F|100\/100\n|switch|p1b: Lilligant|Lilligant, L50, F|100\/100\n|switch|p2a: Chi-Yu|Chi-Yu, L50|100\/100\n|switch|p2b: Dachsbun|Dachsbun, L50, F|100\/100\n|-ability|p2a: Chi-Yu|Beads of Ruin\n|-weather|SunnyDay|[from] ability: Drought|[of] p1a: Torkoal\n|turn|1\n|\n|t:|1681873689\n|-terastallize|p2b: Dachsbun|Water\n|move|p1b: Lilligant|Sleep Powder|p2a: Chi-Yu\n|-status|p2a: Chi-Yu|slp|[from] move: Sleep Powder\n|cant|p2a: Chi-Yu|slp\n|move|p2b: Dachsbun|Body Press|p1a: Torkoal\n|-damage|p1a: Torkoal|83\/100\n|move|p1a: Torkoal|Yawn|p2b: Dachsbun\n|-start|p2b: Dachsbun|move: Yawn|[of] p1a: Torkoal\n|\n|-weather|SunnyDay|[upkeep]\n|upkeep\n|turn|2\n|\n|t:|1681873708\n|switch|p2b: Dragonite|Dragonite, L50, M|100\/100\n|-terastallize|p1b: Lilligant|Rock\n|cant|p2a: Chi-Yu|slp\n|move|p1b: Lilligant|Tera Blast|p2a: Chi-Yu\n|-supereffective|p2a: Chi-Yu\n|-damage|p2a: Chi-Yu|36\/100 slp\n|move|p1a: Torkoal|Earth Power|p2a: Chi-Yu\n|-supereffective|p2a: Chi-Yu\n|-crit|p2a: Chi-Yu\n|-damage|p2a: Chi-Yu|0 fnt\n|faint|p2a: Chi-Yu\n|\n|-weather|SunnyDay|[upkeep]\n|upkeep\n|\n|t:|1681873721\n|switch|p2a: Chien-Pao|Chien-Pao, L50|100\/100\n|-ability|p2a: Chien-Pao|Sword of Ruin\n|turn|3\n|\n|t:|1681873733\n|move|p2a: Chien-Pao|Protect|p2a: Chien-Pao\n|-singleturn|p2a: Chien-Pao|Protect\n|move|p1b: Lilligant|Tera Blast|p2a: Chien-Pao\n|-activate|p2a: Chien-Pao|move: Protect\n|move|p2b: Dragonite|Dragon Dance|p2b: Dragonite\n|-boost|p2b: Dragonite|atk|1\n|-boost|p2b: Dragonite|spe|1\n|move|p1a: Torkoal|Eruption|p2a: Chien-Pao|[spread] p2b\n|-activate|p2a: Chien-Pao|move: Protect\n|-resisted|p2b: Dragonite\n|-damage|p2b: Dragonite|85\/100\n|\n|-weather|SunnyDay|[upkeep]\n|upkeep\n|turn|4\n|\n|t:|1681873763\n|move|p1b: Lilligant|Sleep Powder|p2b: Dragonite\n|-status|p2b: Dragonite|slp|[from] move: Sleep Powder\n|move|p2a: Chien-Pao|Ice Spinner|p1b: Lilligant\n|-damage|p1b: Lilligant|15\/100\n|cant|p2b: Dragonite|slp\n|move|p1a: Torkoal|Eruption|p2a: Chien-Pao|[spread] p2a,p2b\n|-supereffective|p2a: Chien-Pao\n|-resisted|p2b: Dragonite\n|-enditem|p2a: Chien-Pao|Focus Sash\n|-damage|p2a: Chien-Pao|1\/100\n|-damage|p2b: Dragonite|49\/100 slp\n|\n|-weather|SunnyDay|[upkeep]\n|upkeep\n|turn|5\n|\n|t:|1681873789\n|move|p2a: Chien-Pao|Sucker Punch|p1a: Torkoal\n|-damage|p1a: Torkoal|51\/100\n|move|p1b: Lilligant|After You|p1a: Torkoal\n|-activate|p1a: Torkoal|move: After You\n|move|p1a: Torkoal|Eruption|p2b: Dragonite|[spread] p2a,p2b\n|-supereffective|p2a: Chien-Pao\n|-resisted|p2b: Dragonite\n|-damage|p2a: Chien-Pao|0 fnt\n|-damage|p2b: Dragonite|29\/100 slp\n|faint|p2a: Chien-Pao\n|cant|p2b: Dragonite|slp\n|\n|-weather|none\n|upkeep\n|\n|t:|1681873799\n|switch|p2a: Dachsbun|Dachsbun, L50, F, tera:Water|100\/100\n|turn|6\n|\n|t:|1681873812\n|-curestatus|p2b: Dragonite|slp|[msg]\n|move|p2b: Dragonite|Extreme Speed|p1b: Lilligant\n|-resisted|p1b: Lilligant\n|-damage|p1b: Lilligant|0 fnt\n|faint|p1b: Lilligant\n|move|p2a: Dachsbun|Body Press|p1a: Torkoal\n|-damage|p1a: Torkoal|33\/100\n|move|p1a: Torkoal|Yawn|p2a: Dachsbun\n|-start|p2a: Dachsbun|move: Yawn|[of] p1a: Torkoal\n|\n|upkeep\n|\n|t:|1681873828\n|switch|p1b: Iron Bundle|Iron Bundle, L50|100\/100\n|-enditem|p1b: Iron Bundle|Booster Energy\n|-activate|p1b: Iron Bundle|ability: Quark Drive|[fromitem]\n|-start|p1b: Iron Bundle|quarkdrivespe\n|turn|7\n|\n|t:|1681873840\n|move|p1b: Iron Bundle|Protect|p1b: Iron Bundle\n|-singleturn|p1b: Iron Bundle|Protect\n|move|p2b: Dragonite|Extreme Speed|p1a: Torkoal\n|-crit|p1a: Torkoal\n|-damage|p1a: Torkoal|0 fnt\n|faint|p1a: Torkoal\n|move|p2a: Dachsbun|Body Press|p1b: Iron Bundle\n|-activate|p1b: Iron Bundle|move: Protect\n|\n|-end|p2a: Dachsbun|move: Yawn|[silent]\n|-status|p2a: Dachsbun|slp\n|upkeep\n|\n|t:|1681873847\n|switch|p1a: Kingambit|Kingambit, L50, F|100\/100\n|turn|8\n|\n|t:|1681873857\n|move|p1a: Kingambit|Sucker Punch|p2b: Dragonite\n|-damage|p2b: Dragonite|0 fnt\n|faint|p2b: Dragonite\n|move|p1b: Iron Bundle|Freeze-Dry|p2a: Dachsbun\n|-supereffective|p2a: Dachsbun\n|-damage|p2a: Dachsbun|26\/100 slp\n|cant|p2a: Dachsbun|slp\n|\n|-heal|p2a: Dachsbun|32\/100 slp|[from] item: Leftovers\n|upkeep\n|turn|9\n|\n|t:|1681873869\n|move|p1a: Kingambit|Sucker Punch||[still]\n|-fail|p1a: Kingambit\n|move|p1b: Iron Bundle|Freeze-Dry|p2a: Dachsbun\n|-supereffective|p2a: Dachsbun\n|-damage|p2a: Dachsbun|0 fnt\n|faint|p2a: Dachsbun\n|\n|win|GoodUnity-YT\n|raw|GoodUnity-YT's rating: 1082 → 1116<\/strong> (+34 for winning)\n|raw|perfective's rating: 1168 → 1137<\/strong> (-31 for losing)\n|l|\u2606perfective\n","uploadtime":1681873884,"views":15,"p1id":"goodunityyt","p2id":"perfective","formatid":"gen9vgc2023regulationc","rating":1116,"private":0,"password":""}