{"id":"gen9vgc2023regulationc-1860555654","p1":"WillieDangerously","p2":"CJMTT","format":"[Gen 9] VGC 2023 Regulation C","log":"|j|\u2606WillieDangerously\n|j|\u2606CJMTT\n|t:|1683654184\n|gametype|doubles\n|player|p1|WillieDangerously|psychic-gen4|1184\n|player|p2|CJMTT|ethan|1184\n|teamsize|p1|6\n|teamsize|p2|6\n|gen|9\n|tier|[Gen 9] VGC 2023 Regulation C\n|rated|\n|rule|Species Clause: Limit one of each Pok\u00e9mon\n|rule|Item Clause: Limit one of each item\n|clearpoke\n|poke|p1|Gholdengo, L50|\n|poke|p1|Wo-Chien, L50|\n|poke|p1|Iron Bundle, L50|\n|poke|p1|Dragapult, L50, F|\n|poke|p1|Hippowdon, L50, F|\n|poke|p1|Glimmora, L50, F|\n|poke|p2|Annihilape, L50, M|\n|poke|p2|Maushold, L50|\n|poke|p2|Iron Hands, L50|\n|poke|p2|Flutter Mane, L50|\n|poke|p2|Amoonguss, L50, M|\n|poke|p2|Arcanine, L50, F|\n|teampreview|4\n|inactive|Battle timer is ON: inactive players will automatically lose when time's up. (requested by CJMTT)\n|\n|t:|1683654234\n|start\n|switch|p1a: Hippowdon|Hippowdon, L50, F|100\/100\n|switch|p1b: Wo-Chien|Wo-Chien, L50|100\/100\n|switch|p2a: Annihilape|Annihilape, L50, M|100\/100\n|switch|p2b: Maushold|Maushold, L50|100\/100\n|-ability|p1b: Wo-Chien|Tablets of Ruin\n|-weather|Sandstorm|[from] ability: Sand Stream|[of] p1a: Hippowdon\n|turn|1\n|inactive|CJMTT has 30 seconds left.\n|\n|t:|1683654261\n|-terastallize|p2a: Annihilape|Water\n|move|p2b: Maushold|Beat Up|p2a: Annihilape\n|-damage|p2a: Annihilape|98\/100\n|-damage|p2a: Annihilape|97\/100\n|-damage|p2a: Annihilape|95\/100\n|-damage|p2a: Annihilape|93\/100\n|-hitcount|p2a: Annihilape|4\n|move|p2a: Annihilape|Rage Fist|p1a: Hippowdon\n|-damage|p1a: Hippowdon|39\/100\n|move|p1b: Wo-Chien|Leech Seed|p2a: Annihilape\n|-start|p2a: Annihilape|move: Leech Seed\n|move|p1a: Hippowdon|Yawn|p2a: Annihilape\n|-start|p2a: Annihilape|move: Yawn|[of] p1a: Hippowdon\n|\n|-weather|Sandstorm|[upkeep]\n|-damage|p2a: Annihilape|87\/100|[from] Sandstorm\n|-damage|p1b: Wo-Chien|94\/100|[from] Sandstorm\n|-heal|p2a: Annihilape|93\/100|[from] item: Leftovers\n|-heal|p1b: Wo-Chien|100\/100|[from] item: Leftovers\n|-damage|p2a: Annihilape|81\/100|[from] Leech Seed|[of] p1b: Wo-Chien\n|upkeep\n|turn|2\n|inactive|WillieDangerously has 30 seconds left.\n|inactive|CJMTT has 30 seconds left.\n|inactive|WillieDangerously has 20 seconds left.\n|inactive|WillieDangerously has 15 seconds left.\n|inactive|WillieDangerously has 10 seconds left.\n|\n|t:|1683654306\n|switch|p2a: Amoonguss|Amoonguss, L50, M|100\/100\n|switch|p1b: Dragapult|Dragapult, L50, F|100\/100\n|move|p2b: Maushold|Super Fang|p1b: Dragapult\n|-immune|p1b: Dragapult\n|move|p1a: Hippowdon|Sand Tomb|p2b: Maushold|[miss]\n|-miss|p1a: Hippowdon|p2b: Maushold\n|\n|-weather|Sandstorm|[upkeep]\n|-damage|p1b: Dragapult|94\/100|[from] Sandstorm\n|-damage|p2a: Amoonguss|95\/100|[from] Sandstorm\n|upkeep\n|turn|3\n|inactive|WillieDangerously has 30 seconds left.\n|\n|t:|1683654334\n|switch|p2b: Annihilape|Annihilape, L50, M, tera:Water|81\/100\n|move|p1b: Dragapult|Protect|p1b: Dragapult\n|-singleturn|p1b: Dragapult|Protect\n|move|p1a: Hippowdon|Protect|p1a: Hippowdon\n|-singleturn|p1a: Hippowdon|Protect\n|move|p2a: Amoonguss|Spore|p1b: Dragapult\n|-activate|p1b: Dragapult|move: Protect\n|\n|-weather|Sandstorm|[upkeep]\n|-damage|p1b: Dragapult|88\/100|[from] Sandstorm\n|-damage|p2b: Annihilape|75\/100|[from] Sandstorm\n|-damage|p2a: Amoonguss|89\/100|[from] Sandstorm\n|-heal|p2b: Annihilape|81\/100|[from] item: Leftovers\n|upkeep\n|turn|4\n|\n|t:|1683654358\n|-terastallize|p1b: Dragapult|Normal\n|move|p2a: Amoonguss|Rage Powder|p2a: Amoonguss\n|-singleturn|p2a: Amoonguss|move: Rage Powder\n|move|p1b: Dragapult|Disable|p2a: Amoonguss\n|-start|p2a: Amoonguss|Disable|Rage Powder\n|move|p2b: Annihilape|Rage Fist|p1b: Dragapult\n|-immune|p1b: Dragapult\n|move|p1a: Hippowdon|Yawn|p2a: Amoonguss\n|-start|p2a: Amoonguss|move: Yawn|[of] p1a: Hippowdon\n|\n|-weather|Sandstorm|[upkeep]\n|-damage|p1b: Dragapult|82\/100|[from] Sandstorm\n|-damage|p2b: Annihilape|75\/100|[from] Sandstorm\n|-damage|p2a: Amoonguss|83\/100|[from] Sandstorm\n|-heal|p2b: Annihilape|81\/100|[from] item: Leftovers\n|upkeep\n|turn|5\n|inactive|WillieDangerously has 30 seconds left.\n|inactive|CJMTT has 30 seconds left.\n|\n|t:|1683654394\n|switch|p2a: Maushold|Maushold, L50|100\/100\n|move|p1b: Dragapult|Protect|p1b: Dragapult\n|-singleturn|p1b: Dragapult|Protect\n|move|p2b: Annihilape|Rage Fist|p1a: Hippowdon\n|-damage|p1a: Hippowdon|0 fnt\n|faint|p1a: Hippowdon\n|\n|-weather|none\n|-heal|p2b: Annihilape|87\/100|[from] item: Leftovers\n|upkeep\n|\n|t:|1683654405\n|switch|p1a: Iron Bundle|Iron Bundle, L50|100\/100\n|-enditem|p1a: Iron Bundle|Booster Energy\n|-activate|p1a: Iron Bundle|ability: Quark Drive|[fromitem]\n|-start|p1a: Iron Bundle|quarkdrivespe\n|turn|6\n|\n|t:|1683654423\n|move|p2a: Maushold|Follow Me|p2a: Maushold\n|-singleturn|p2a: Maushold|move: Follow Me\n|move|p1a: Iron Bundle|Encore|p2a: Maushold\n|-start|p2a: Maushold|Encore\n|move|p1b: Dragapult|Dragon Darts|p2a: Maushold\n|-damage|p2a: Maushold|70\/100\n|-anim|p1b: Dragapult|Dragon Darts|p2a: Maushold\n|-damage|p2a: Maushold|38\/100\n|-damage|p1b: Dragapult|72\/100|[from] item: Life Orb\n|move|p2b: Annihilape|Rage Fist|p1a: Iron Bundle\n|-damage|p1a: Iron Bundle|0 fnt\n|faint|p1a: Iron Bundle\n|-end|p1a: Iron Bundle|Quark Drive|[silent]\n|\n|-heal|p2b: Annihilape|93\/100|[from] item: Leftovers\n|upkeep\n|\n|t:|1683654435\n|switch|p1a: Wo-Chien|Wo-Chien, L50|100\/100\n|-ability|p1a: Wo-Chien|Tablets of Ruin\n|turn|7\n|\n|t:|1683654453\n|move|p1a: Wo-Chien|Protect|p1a: Wo-Chien\n|-singleturn|p1a: Wo-Chien|Protect\n|move|p2a: Maushold|Follow Me|p2a: Maushold\n|-singleturn|p2a: Maushold|move: Follow Me\n|move|p1b: Dragapult|Dragon Darts|p2a: Maushold\n|-damage|p2a: Maushold|14\/100\n|-anim|p1b: Dragapult|Dragon Darts|p2a: Maushold\n|-damage|p2a: Maushold|0 fnt\n|faint|p2a: Maushold\n|-damage|p1b: Dragapult|63\/100|[from] item: Life Orb\n|move|p2b: Annihilape|Rage Fist|p1a: Wo-Chien\n|-activate|p1a: Wo-Chien|move: Protect\n|\n|-heal|p2b: Annihilape|99\/100|[from] item: Leftovers\n|upkeep\n|\n|t:|1683654455\n|switch|p2a: Amoonguss|Amoonguss, L50, M|100\/100\n|turn|8\n|inactive|WillieDangerously has 30 seconds left.\n|\n|t:|1683654487\n|move|p2a: Amoonguss|Rage Powder|p2a: Amoonguss\n|-singleturn|p2a: Amoonguss|move: Rage Powder\n|move|p1b: Dragapult|Disable|p2a: Amoonguss\n|-start|p2a: Amoonguss|Disable|Rage Powder\n|move|p2b: Annihilape|Bulk Up|p2b: Annihilape\n|-boost|p2b: Annihilape|atk|1\n|-boost|p2b: Annihilape|def|1\n|move|p1a: Wo-Chien|Leech Seed|p2b: Annihilape\n|-start|p2b: Annihilape|move: Leech Seed\n|\n|-heal|p2b: Annihilape|100\/100|[from] item: Leftovers\n|-damage|p2b: Annihilape|88\/100|[from] Leech Seed|[of] p1a: Wo-Chien\n|upkeep\n|turn|9\n|inactive|WillieDangerously has 30 seconds left.\n|inactive|WillieDangerously has 20 seconds left.\n|inactive|WillieDangerously has 15 seconds left.\n|inactive|WillieDangerously has 10 seconds left.\n|\n|t:|1683654533\n|move|p1b: Dragapult|Dragon Darts|p2a: Amoonguss\n|-damage|p2a: Amoonguss|79\/100\n|-anim|p1b: Dragapult|Dragon Darts|p2b: Annihilape\n|-damage|p2b: Annihilape|71\/100\n|-damage|p1b: Dragapult|53\/100|[from] item: Life Orb\n|move|p2b: Annihilape|Drain Punch|p1b: Dragapult\n|-supereffective|p1b: Dragapult\n|-damage|p1b: Dragapult|0 fnt\n|-heal|p2b: Annihilape|92\/100|[from] drain|[of] p1b: Dragapult\n|faint|p1b: Dragapult\n|move|p1a: Wo-Chien|Pollen Puff|p1: Dragapult|[notarget]\n|-fail|p1a: Wo-Chien\n|move|p2a: Amoonguss|Pollen Puff|p1a: Wo-Chien\n|-supereffective|p1a: Wo-Chien\n|-damage|p1a: Wo-Chien|53\/100\n|\n|-heal|p2b: Annihilape|98\/100|[from] item: Leftovers\n|-heal|p1a: Wo-Chien|59\/100|[from] item: Leftovers\n|-damage|p2b: Annihilape|86\/100|[from] Leech Seed|[of] p1a: Wo-Chien\n|-heal|p1a: Wo-Chien|71\/100|[silent]\n|upkeep\n|turn|10\n|-message|WillieDangerously forfeited.\n|\n|win|CJMTT\n|raw|WillieDangerously's rating: 1184 → 1159<\/strong> (-25 for losing)\n|raw|CJMTT's rating: 1184 → 1209<\/strong> (+25 for winning)\n","uploadtime":1683654548,"views":8,"p1id":"williedangerously","p2id":"cjmtt","formatid":"gen9vgc2023regulationc","rating":1159,"private":0,"password":""}