{"id":"gen9vgc2023regulationc-1858852223","p1":"Toplan99","p2":"Jacob220","format":"[Gen 9] VGC 2023 Regulation C","log":"|j|\u2606Toplan99\n|j|\u2606Jacob220\n|t:|1683373676\n|gametype|doubles\n|player|p1|Toplan99|benga|1170\n|player|p2|Jacob220|1|1155\n|teamsize|p1|6\n|teamsize|p2|6\n|gen|9\n|tier|[Gen 9] VGC 2023 Regulation C\n|rated|\n|rule|Species Clause: Limit one of each Pok\u00e9mon\n|rule|Item Clause: Limit one of each item\n|clearpoke\n|poke|p1|Chien-Pao, L50|\n|poke|p1|Dragonite, L50, M|\n|poke|p1|Maushold, L50|\n|poke|p1|Annihilape, L50, F|\n|poke|p1|Farigiraf, L50, F|\n|poke|p1|Scizor, L50, M|\n|poke|p2|Ting-Lu, L50|\n|poke|p2|Ceruledge, L50, M|\n|poke|p2|Scizor, L50, M|\n|poke|p2|Arcanine, L50, M|\n|poke|p2|Flutter Mane, L50|\n|poke|p2|Glimmora, L50, F|\n|teampreview|4\n|\n|t:|1683373726\n|start\n|switch|p1a: Maushold|Maushold, L50|100\/100\n|switch|p1b: Annihilape|Annihilape, L50, F|100\/100\n|switch|p2a: Glimmora|Glimmora, L50, F, shiny|100\/100\n|switch|p2b: Flutter Mane|Flutter Mane, L50, shiny|100\/100\n|-item|p2a: Glimmora|Air Balloon\n|turn|1\n|inactive|Battle timer is ON: inactive players will automatically lose when time's up. (requested by Jacob220)\n|\n|t:|1683373755\n|-terastallize|p1b: Annihilape|Fire\n|move|p2b: Flutter Mane|Protect|p2b: Flutter Mane\n|-singleturn|p2b: Flutter Mane|Protect\n|move|p2a: Glimmora|Mortal Spin|p1b: Annihilape|[spread] p1a,p1b\n|-damage|p1a: Maushold|95\/100\n|-damage|p1b: Annihilape|97\/100\n|-status|p1a: Maushold|psn\n|-status|p1b: Annihilape|psn\n|move|p1a: Maushold|Beat Up|p1b: Annihilape\n|-damage|p1b: Annihilape|95\/100 psn\n|-damage|p1b: Annihilape|92\/100 psn\n|-damage|p1b: Annihilape|90\/100 psn\n|-hitcount|p1b: Annihilape|3\n|move|p1b: Annihilape|Bulk Up|p1b: Annihilape\n|-boost|p1b: Annihilape|atk|1\n|-boost|p1b: Annihilape|def|1\n|\n|-heal|p1b: Annihilape|96\/100 psn|[from] item: Leftovers\n|-damage|p1a: Maushold|83\/100 psn|[from] psn\n|-damage|p1b: Annihilape|84\/100 psn|[from] psn\n|upkeep\n|turn|2\n|inactive|Toplan99 has 30 seconds left.\n|inactive|Jacob220 has 30 seconds left.\n|inactive|Jacob220 has 20 seconds left.\n|\n|t:|1683373795\n|move|p2b: Flutter Mane|Dazzling Gleam|p1a: Maushold|[spread] p1a,p1b\n|-resisted|p1b: Annihilape\n|-damage|p1a: Maushold|56\/100 psn\n|-damage|p1b: Annihilape|75\/100 psn\n|move|p2a: Glimmora|Power Gem|p1b: Annihilape\n|-supereffective|p1b: Annihilape\n|-damage|p1b: Annihilape|27\/100 psn\n|move|p1a: Maushold|Super Fang|p2a: Glimmora\n|-damage|p2a: Glimmora|51\/100\n|-activate|p2a: Glimmora|ability: Toxic Debris\n|-sidestart|p1: Toplan99|move: Toxic Spikes\n|-enditem|p2a: Glimmora|Air Balloon\n|move|p1b: Annihilape|Rage Fist|p2b: Flutter Mane\n|-supereffective|p2b: Flutter Mane\n|-enditem|p2b: Flutter Mane|Focus Sash\n|-damage|p2b: Flutter Mane|1\/100\n|\n|-heal|p1b: Annihilape|33\/100 psn|[from] item: Leftovers\n|-damage|p1a: Maushold|44\/100 psn|[from] psn\n|-damage|p1b: Annihilape|20\/100 psn|[from] psn\n|upkeep\n|turn|3\n|inactive|Toplan99 has 30 seconds left.\n|\n|t:|1683373823\n|move|p2b: Flutter Mane|Protect|p2b: Flutter Mane\n|-singleturn|p2b: Flutter Mane|Protect\n|move|p2a: Glimmora|Spiky Shield|p2a: Glimmora\n|-singleturn|p2a: Glimmora|move: Protect\n|move|p1a: Maushold|Follow Me|p1a: Maushold\n|-singleturn|p1a: Maushold|move: Follow Me\n|move|p1b: Annihilape|Drain Punch|p2a: Glimmora\n|-activate|p2a: Glimmora|move: Protect\n|-damage|p1b: Annihilape|8\/100 psn|[from] Spiky Shield|[of] p2a: Glimmora\n|\n|-heal|p1b: Annihilape|14\/100 psn|[from] item: Leftovers\n|-damage|p1a: Maushold|32\/100 psn|[from] psn\n|-damage|p1b: Annihilape|2\/100 psn|[from] psn\n|upkeep\n|turn|4\n|inactive|Toplan99 has 30 seconds left.\n|\n|t:|1683373851\n|move|p2b: Flutter Mane|Dazzling Gleam|p1b: Annihilape|[spread] p1a,p1b\n|-resisted|p1b: Annihilape\n|-damage|p1a: Maushold|4\/100 psn\n|-damage|p1b: Annihilape|0 fnt\n|faint|p1b: Annihilape\n|move|p2a: Glimmora|Power Gem|p1a: Maushold\n|-damage|p1a: Maushold|0 fnt\n|faint|p1a: Maushold\n|\n|upkeep\n|\n|t:|1683373861\n|switch|p1a: Chien-Pao|Chien-Pao, L50|100\/100\n|switch|p1b: Dragonite|Dragonite, L50, M|100\/100\n|-status|p1a: Chien-Pao|psn\n|-ability|p1a: Chien-Pao|Sword of Ruin\n|turn|5\n|\n|t:|1683373881\n|move|p2b: Flutter Mane|Protect|p2b: Flutter Mane\n|-singleturn|p2b: Flutter Mane|Protect\n|move|p1a: Chien-Pao|Ice Spinner|p2a: Glimmora\n|-damage|p2a: Glimmora|0 fnt\n|-activate|p2a: Glimmora|ability: Toxic Debris\n|-sidestart|p1: Toplan99|move: Toxic Spikes\n|faint|p2a: Glimmora\n|move|p1b: Dragonite|Tailwind|p1b: Dragonite\n|-sidestart|p1: Toplan99|move: Tailwind\n|\n|-damage|p1a: Chien-Pao|88\/100 psn|[from] psn\n|upkeep\n|\n|t:|1683373890\n|switch|p2a: Ceruledge|Ceruledge, L50, M, shiny|100\/100\n|turn|6\n|\n|t:|1683373900\n|move|p2a: Ceruledge|Ally Switch|p2a: Ceruledge\n|swap|p2a: Ceruledge|1|[from] move: Ally Switch\n|move|p1a: Chien-Pao|Sucker Punch|p2a: Flutter Mane\n|-damage|p2a: Flutter Mane|0 fnt\n|faint|p2a: Flutter Mane\n|-end|p2a: Flutter Mane|Protosynthesis|[silent]\n|move|p1b: Dragonite|Iron Head|p2b: Ceruledge\n|-resisted|p2b: Ceruledge\n|-damage|p2b: Ceruledge|76\/100\n|\n|-damage|p1a: Chien-Pao|76\/100 psn|[from] psn\n|upkeep\n|\n|t:|1683373908\n|switch|p2a: Ting-Lu|Ting-Lu, L50|100\/100\n|-ability|p2a: Ting-Lu|Vessel of Ruin\n|turn|7\n|\n|t:|1683373933\n|-terastallize|p2b: Ceruledge|Grass\n|move|p1a: Chien-Pao|Sucker Punch|p2b: Ceruledge\n|-damage|p2b: Ceruledge|26\/100\n|move|p1b: Dragonite|Ice Spinner|p2a: Ting-Lu\n|-supereffective|p2a: Ting-Lu\n|-damage|p2a: Ting-Lu|49\/100\n|move|p2b: Ceruledge|Bitter Blade|p1a: Chien-Pao\n|-supereffective|p1a: Chien-Pao\n|-damage|p1a: Chien-Pao|0 fnt\n|-heal|p2b: Ceruledge|59\/100|[from] drain|[of] p1a: Chien-Pao\n|faint|p1a: Chien-Pao\n|move|p2a: Ting-Lu|Heavy Slam|p1b: Dragonite\n|-damage|p1b: Dragonite|88\/100\n|\n|upkeep\n|turn|8\n|inactive|Jacob220 has 30 seconds left.\n|\n|t:|1683373960\n|move|p2b: Ceruledge|Shadow Sneak|p1b: Dragonite\n|-damage|p1b: Dragonite|69\/100\n|move|p1b: Dragonite|Ice Spinner|p2a: Ting-Lu\n|-supereffective|p2a: Ting-Lu\n|-damage|p2a: Ting-Lu|14\/100\n|move|p2a: Ting-Lu|Ruination|p1b: Dragonite\n|-damage|p1b: Dragonite|35\/100\n|\n|-sideend|p1: Toplan99|move: Tailwind\n|upkeep\n|turn|9\n|\n|t:|1683373974\n|move|p2b: Ceruledge|Ally Switch|p2b: Ceruledge\n|swap|p2b: Ceruledge|0|[from] move: Ally Switch\n|move|p1b: Dragonite|Ice Spinner|p2b: Ting-Lu\n|-supereffective|p2b: Ting-Lu\n|-damage|p2b: Ting-Lu|0 fnt\n|faint|p2b: Ting-Lu\n|\n|upkeep\n|turn|10\n|\n|t:|1683373982\n|move|p1b: Dragonite|Ice Spinner|p2a: Ceruledge\n|-supereffective|p2a: Ceruledge\n|-damage|p2a: Ceruledge|0 fnt\n|faint|p2a: Ceruledge\n|\n|win|Toplan99\n|raw|Toplan99's rating: 1170 → 1194<\/strong> (+24 for winning)\n|raw|Jacob220's rating: 1155 → 1131<\/strong> (-24 for losing)\n|l|\u2606Jacob220\n|c|\u2606Toplan99|GG\n","uploadtime":1683374008,"views":13,"p1id":"toplan99","p2id":"jacob220","formatid":"gen9vgc2023regulationc","rating":1131,"private":0,"password":""}