{"id":"gen9vgc2023regulationc-1852564591","p1":"AAAlelele","p2":"Kalorgha UwU","format":"[Gen 9] VGC 2023 Regulation C","log":"|j|\u2606AAAlelele\n|j|\u2606Kalorgha UwU\n|t:|1682577079\n|gametype|doubles\n|player|p1|AAAlelele|ninjaboy|1265\n|player|p2|Kalorgha UwU|veteranf|1261\n|teamsize|p1|6\n|teamsize|p2|6\n|gen|9\n|tier|[Gen 9] VGC 2023 Regulation C\n|rated|\n|rule|Species Clause: Limit one of each Pok\u00e9mon\n|rule|Item Clause: Limit one of each item\n|clearpoke\n|poke|p1|Great Tusk, L50|\n|poke|p1|Scream Tail, L50|\n|poke|p1|Dragonite, L50, M|\n|poke|p1|Chien-Pao, L50|\n|poke|p1|Corviknight, L50, F|\n|poke|p1|Rotom-Wash, L50|\n|poke|p2|Chi-Yu, L50|\n|poke|p2|Dudunsparce-*, L50, M|\n|poke|p2|Murkrow, L50, M|\n|poke|p2|Dachsbun, L50, M|\n|poke|p2|Corviknight, L50, M|\n|poke|p2|Arboliva, L50, F|\n|teampreview|4\nKalorgha UwU rejected open team sheets.\n|\n|t:|1682577121\n|start\n|switch|p1a: Scream Tail|Scream Tail, L50|100\/100\n|switch|p1b: Great Tusk|Great Tusk, L50, shiny|100\/100\n|switch|p2a: Murkrow|Murkrow, L50, M|100\/100\n|switch|p2b: Dunsie|Dudunsparce, L50, M, shiny|100\/100\n|-enditem|p1a: Scream Tail|Booster Energy\n|-activate|p1a: Scream Tail|ability: Protosynthesis|[fromitem]\n|-start|p1a: Scream Tail|protosynthesisspe\n|turn|1\n|\n|t:|1682577138\n|move|p2a: Murkrow|Tailwind|p2a: Murkrow\n|-sidestart|p2: Kalorgha UwU|move: Tailwind\n|move|p1a: Scream Tail|Howl|p1a: Scream Tail|[spread] p1a,p1b\n|-boost|p1a: Scream Tail|atk|1\n|-boost|p1b: Great Tusk|atk|1\n|move|p2b: Dunsie|Rock Slide|p1a: Scream Tail|[spread] p1a,p1b\n|-resisted|p1b: Great Tusk\n|-damage|p1a: Scream Tail|84\/100\n|-damage|p1b: Great Tusk|96\/100\n|move|p1b: Great Tusk|Close Combat|p2b: Dunsie\n|-supereffective|p2b: Dunsie\n|-damage|p2b: Dunsie|0 fnt\n|-unboost|p1b: Great Tusk|def|1\n|-unboost|p1b: Great Tusk|spd|1\n|faint|p2b: Dunsie\n|\n|upkeep\n|\n|t:|1682577182\n|switch|p2b: Chi-Yu|Chi-Yu, L50|100\/100\n|-ability|p2b: Chi-Yu|Beads of Ruin\n|turn|2\n|\n|t:|1682577197\n|-terastallize|p2b: Chi-Yu|Fairy\n|-terastallize|p1b: Great Tusk|Fire\n|move|p2a: Murkrow|Confuse Ray|p1b: Great Tusk\n|-start|p1b: Great Tusk|confusion\n|move|p2b: Chi-Yu|Nasty Plot|p2b: Chi-Yu\n|-boost|p2b: Chi-Yu|spa|2\n|move|p1a: Scream Tail|Howl|p1a: Scream Tail|[spread] p1a,p1b\n|-boost|p1a: Scream Tail|atk|1\n|-boost|p1b: Great Tusk|atk|1\n|-activate|p1b: Great Tusk|confusion\n|move|p1b: Great Tusk|Close Combat|p2b: Chi-Yu\n|-resisted|p2b: Chi-Yu\n|-damage|p2b: Chi-Yu|0 fnt\n|-unboost|p1b: Great Tusk|def|1\n|-unboost|p1b: Great Tusk|spd|1\n|faint|p2b: Chi-Yu\n|\n|upkeep\n|\n|t:|1682577214\n|switch|p2b: Dachsbun|Dachsbun, L50, M|100\/100\n|turn|3\n|\n|t:|1682577236\n|move|p2a: Murkrow|Thunder Wave|p1b: Great Tusk\n|-status|p1b: Great Tusk|par\n|move|p2b: Dachsbun|Body Press|p1b: Great Tusk\n|-damage|p1b: Great Tusk|52\/100 par\n|move|p1a: Scream Tail|Howl|p1a: Scream Tail|[spread] p1a,p1b\n|-boost|p1a: Scream Tail|atk|1\n|-boost|p1b: Great Tusk|atk|1\n|-activate|p1b: Great Tusk|confusion\n|move|p1b: Great Tusk|Close Combat|p2a: Murkrow\n|-damage|p2a: Murkrow|0 fnt\n|-unboost|p1b: Great Tusk|def|1\n|-unboost|p1b: Great Tusk|spd|1\n|faint|p2a: Murkrow\n|\n|upkeep\n|turn|4\n|\n|t:|1682577254\n|move|p2b: Dachsbun|Body Press|p1b: Great Tusk\n|-damage|p1b: Great Tusk|2\/100 par\n|move|p1a: Scream Tail|Disable|p2b: Dachsbun\n|-start|p2b: Dachsbun|Disable|Body Press\n|-activate|p1b: Great Tusk|confusion\n|move|p1b: Great Tusk|Close Combat|p2b: Dachsbun\n|-resisted|p2b: Dachsbun\n|-damage|p2b: Dachsbun|40\/100\n|-unboost|p1b: Great Tusk|def|1\n|-unboost|p1b: Great Tusk|spd|1\n|\n|-heal|p2b: Dachsbun|46\/100|[from] item: Leftovers\n|-sideend|p2: Kalorgha UwU|move: Tailwind\n|upkeep\n|turn|5\n|\n|t:|1682577270\n|move|p1a: Scream Tail|Encore|p2b: Dachsbun\n|-start|p2b: Dachsbun|Encore\n|cant|p2b: Dachsbun|Disable|Body Press\n|-end|p1b: Great Tusk|confusion\n|move|p1b: Great Tusk|Close Combat|p2b: Dachsbun\n|-resisted|p2b: Dachsbun\n|-damage|p2b: Dachsbun|0 fnt\n|-unboost|p1b: Great Tusk|def|1\n|-unboost|p1b: Great Tusk|spd|1\n|faint|p2b: Dachsbun\n|\n|win|AAAlelele\n|raw|AAAlelele's rating: 1265 → 1290<\/strong> (+25 for winning)\n|raw|Kalorgha UwU's rating: 1261 → 1236<\/strong> (-25 for losing)\n|l|\u2606Kalorgha UwU\n|l|\u2606AAAlelele\n|j|\u2606AAAlelele\n|player|p1|AAAlelele|ninjaboy\n","uploadtime":1682577501,"views":14,"p1id":"aaalelele","p2id":"kalorghauwu","formatid":"gen9vgc2023regulationc","rating":1236,"private":0,"password":""}