{"id":"gen9vgc2023regulationc-1856911048","p1":"v4mpire","p2":"Rofus10","format":"[Gen 9] VGC 2023 Regulation C","log":"|j|\u2606v4mpire\n|j|\u2606Rofus10\n|t:|1683125026\n|gametype|doubles\n|player|p1|v4mpire|riley|1242\n|player|p2|Rofus10|101|1236\n|teamsize|p1|6\n|teamsize|p2|6\n|gen|9\n|tier|[Gen 9] VGC 2023 Regulation C\n|rated|\n|rule|Species Clause: Limit one of each Pok\u00e9mon\n|rule|Item Clause: Limit one of each item\n|clearpoke\n|poke|p1|Flutter Mane, L50|\n|poke|p1|Arcanine, L50, F|\n|poke|p1|Amoonguss, L50, F|\n|poke|p1|Palafin, L50, M|\n|poke|p1|Chien-Pao, L50|\n|poke|p1|Dragonite, L50, F|\n|poke|p2|Maushold-Four, L50|\n|poke|p2|Annihilape, L50, F|\n|poke|p2|Palafin, L50, M|\n|poke|p2|Tatsugiri, L50, F|\n|poke|p2|Dondozo, L50, M|\n|poke|p2|Flutter Mane, L50|\n|teampreview|4\n|inactive|Battle timer is ON: inactive players will automatically lose when time's up. (requested by Rofus10)\n|\n|t:|1683125057\n|start\n|switch|p1a: Arcanine|Arcanine, L50, F|100\/100\n|switch|p1b: Palafin|Palafin, L50, M|100\/100\n|switch|p2a: Maushold|Maushold-Four, L50|100\/100\n|switch|p2b: Annihilape|Annihilape, L50, F|100\/100\n|-ability|p1a: Arcanine|Intimidate|boost\n|-unboost|p2a: Maushold|atk|1\n|-unboost|p2b: Annihilape|atk|1\n|-ability|p2b: Annihilape|Defiant|boost\n|-boost|p2b: Annihilape|atk|2\n|turn|1\n|inactive|v4mpire has 30 seconds left.\n|\n|t:|1683125089\n|-terastallize|p2b: Annihilape|Fire\n|move|p1b: Palafin|Protect|p1b: Palafin\n|-singleturn|p1b: Palafin|Protect\n|move|p2a: Maushold|Beat Up|p2b: Annihilape\n|-damage|p2b: Annihilape|99\/100\n|-damage|p2b: Annihilape|98\/100\n|-damage|p2b: Annihilape|97\/100\n|-damage|p2b: Annihilape|96\/100\n|-hitcount|p2b: Annihilape|4\n|move|p1a: Arcanine|Will-O-Wisp|p2a: Maushold\n|-status|p2a: Maushold|brn\n|move|p2b: Annihilape|Rage Fist|p1b: Palafin\n|-activate|p1b: Palafin|move: Protect\n|\n|-heal|p2b: Annihilape|100\/100|[from] item: Leftovers\n|-damage|p2a: Maushold|94\/100 brn|[from] brn\n|upkeep\n|turn|2\n|inactive|v4mpire has 30 seconds left.\n|\n|t:|1683125116\n|detailschange|p1b: Palafin|Palafin-Hero, L50, M\n|switch|p1b: Amoonguss|Amoonguss, L50, F|100\/100\n|move|p1a: Arcanine|Protect|p1a: Arcanine\n|-singleturn|p1a: Arcanine|Protect\n|move|p2a: Maushold|Follow Me|p2a: Maushold\n|-singleturn|p2a: Maushold|move: Follow Me\n|move|p2b: Annihilape|Bulk Up|p2b: Annihilape\n|-boost|p2b: Annihilape|atk|1\n|-boost|p2b: Annihilape|def|1\n|\n|-damage|p2a: Maushold|88\/100 brn|[from] brn\n|upkeep\n|turn|3\n|\n|t:|1683125138\n|move|p2a: Maushold|Beat Up|p2b: Annihilape\n|-damage|p2b: Annihilape|99\/100\n|-damage|p2b: Annihilape|99\/100\n|-damage|p2b: Annihilape|99\/100\n|-damage|p2b: Annihilape|99\/100\n|-hitcount|p2b: Annihilape|4\n|move|p1a: Arcanine|Flare Blitz|p2a: Maushold\n|-damage|p2a: Maushold|27\/100 brn\n|-damage|p1a: Arcanine|82\/100|[from] Recoil\n|move|p2b: Annihilape|Rage Fist|p1b: Amoonguss\n|-damage|p1b: Amoonguss|0 fnt\n|faint|p1b: Amoonguss\n|\n|-heal|p2b: Annihilape|100\/100|[from] item: Leftovers\n|-damage|p2a: Maushold|21\/100 brn|[from] brn\n|upkeep\n|\n|t:|1683125156\n|switch|p1b: Palafin|Palafin-Hero, L50, M|100\/100\n|-activate|p1b: Palafin|ability: Zero to Hero\n|turn|4\n|\n|t:|1683125177\n|move|p1b: Palafin|Protect|p1b: Palafin\n|-singleturn|p1b: Palafin|Protect\n|move|p2a: Maushold|Follow Me|p2a: Maushold\n|-singleturn|p2a: Maushold|move: Follow Me\n|move|p1a: Arcanine|Howl|p1a: Arcanine|[spread] p1a,p1b\n|-boost|p1a: Arcanine|atk|1\n|-boost|p1b: Palafin|atk|1\n|move|p2b: Annihilape|Rage Fist|p1b: Palafin\n|-activate|p1b: Palafin|move: Protect\n|\n|-damage|p2a: Maushold|15\/100 brn|[from] brn\n|upkeep\n|turn|5\n|\n|t:|1683125194\n|move|p2a: Maushold|Follow Me|p2a: Maushold\n|-singleturn|p2a: Maushold|move: Follow Me\n|move|p1b: Palafin|Substitute|p1b: Palafin\n|-start|p1b: Palafin|Substitute\n|-damage|p1b: Palafin|76\/100\n|move|p1a: Arcanine|Flare Blitz|p2a: Maushold\n|-damage|p2a: Maushold|0 fnt\n|faint|p2a: Maushold\n|-damage|p1a: Arcanine|77\/100|[from] Recoil\n|move|p2b: Annihilape|Rage Fist|p1b: Palafin\n|-end|p1b: Palafin|Substitute\n|\n|upkeep\n|\n|t:|1683125204\n|switch|p2a: Flutter Mane|Flutter Mane, L50|100\/100\n|-enditem|p2a: Flutter Mane|Booster Energy\n|-activate|p2a: Flutter Mane|ability: Protosynthesis|[fromitem]\n|-start|p2a: Flutter Mane|protosynthesisspe\n|turn|6\n|\n|t:|1683125217\n|switch|p2b: Palafin|Palafin, L50, M|100\/100\n|move|p1b: Palafin|Protect|p1b: Palafin\n|-singleturn|p1b: Palafin|Protect\n|move|p2a: Flutter Mane|Moonblast|p1b: Palafin\n|-activate|p1b: Palafin|move: Protect\n|move|p1a: Arcanine|Flare Blitz|p2a: Flutter Mane\n|-damage|p2a: Flutter Mane|13\/100\n|-damage|p1a: Arcanine|53\/100|[from] Recoil\n|\n|upkeep\n|turn|7\n|inactive|v4mpire has 30 seconds left.\n|\n|t:|1683125247\n|detailschange|p2b: Palafin|Palafin-Hero, L50, M\n|switch|p2b: Annihilape|Annihilape, L50, F, tera:Fire|100\/100\n|move|p1b: Palafin|Jet Punch|p2a: Flutter Mane\n|-damage|p2a: Flutter Mane|0 fnt\n|faint|p2a: Flutter Mane\n|-end|p2a: Flutter Mane|Protosynthesis|[silent]\n|move|p1a: Arcanine|Howl|p1a: Arcanine|[spread] p1a,p1b\n|-boost|p1a: Arcanine|atk|1\n|-boost|p1b: Palafin|atk|1\n|\n|upkeep\n|\n|t:|1683125252\n|switch|p2a: Palafin|Palafin-Hero, L50, M|100\/100\n|-activate|p2a: Palafin|ability: Zero to Hero\n|turn|8\n|inactive|v4mpire has 30 seconds left.\n|\n|t:|1683125279\n|-terastallize|p1a: Arcanine|Grass\n|move|p2a: Palafin|Jet Punch|p1a: Arcanine\n|-resisted|p1a: Arcanine\n|-damage|p1a: Arcanine|30\/100\n|move|p1b: Palafin|Wave Crash|p2b: Annihilape\n|-supereffective|p2b: Annihilape\n|-damage|p2b: Annihilape|0 fnt\n|faint|p2b: Annihilape\n|-damage|p1b: Palafin|41\/100|[from] Recoil\n|move|p1a: Arcanine|Will-O-Wisp|p2a: Palafin\n|-status|p2a: Palafin|brn\n|\n|-damage|p2a: Palafin|95\/100 brn|[from] brn\n|upkeep\n|turn|9\n|l|\u2606Rofus10\n|inactive|Rofus10 disconnected and has a minute to reconnect!\n|player|p2|\n|inactive|v4mpire has 30 seconds left.\n|inactive|Rofus10 has 30 seconds left.\n|inactive|Rofus10 has 20 seconds left.\n|inactive|Rofus10 has 15 seconds left.\n|inactive|Rofus10 has 10 seconds left.\n|inactive|Rofus10 has 5 seconds left.\n|-message|Rofus10 lost due to inactivity.\n|\n|win|v4mpire\n|raw|v4mpire's rating: 1242 → 1267<\/strong> (+25 for winning)\n|raw|Rofus10's rating: 1236 → 1211<\/strong> (-25 for losing)\n","uploadtime":1683125451,"views":16,"p1id":"v4mpire","p2id":"rofus10","formatid":"gen9vgc2023regulationc","rating":1211,"private":0,"password":""}