{"id":"gen9vgc2023regulationc-1862646994","p1":"Taroda","p2":"Larry08","format":"[Gen 9] VGC 2023 Regulation C","log":"|j|\u2606Taroda\n|j|\u2606Larry08\n|t:|1683908621\n|gametype|doubles\n|player|p1|Taroda|102|1108\n|player|p2|Larry08|ninjaboy|1046\n|teamsize|p1|6\n|teamsize|p2|6\n|gen|9\n|tier|[Gen 9] VGC 2023 Regulation C\n|rated|\n|rule|Species Clause: Limit one of each Pok\u00e9mon\n|rule|Item Clause: Limit one of each item\n|clearpoke\n|poke|p1|Arcanine, L50, F|\n|poke|p1|Palafin, L50, F|\n|poke|p1|Ting-Lu, L50|\n|poke|p1|Amoonguss, L50, F|\n|poke|p1|Flutter Mane, L50|\n|poke|p1|Dragonite, L50, M|\n|poke|p2|Gothitelle, L50, F|\n|poke|p2|Maushold, L50|\n|poke|p2|Flutter Mane, L50|\n|poke|p2|Dragonite, L50, F|\n|poke|p2|Arcanine, L50, M|\n|poke|p2|Ceruledge, L50, F|\n|teampreview|4\n|\n|t:|1683908699\n|start\n|switch|p1a: Arcanine|Arcanine, L50, F|100\/100\n|switch|p1b: Ting-Lu|Ting-Lu, L50|100\/100\n|switch|p2a: Gothitelle|Gothitelle, L50, F|100\/100\n|switch|p2b: Flutter Mane|Flutter Mane, L50|100\/100\n|-ability|p1a: Arcanine|Intimidate|boost\n|-unboost|p2a: Gothitelle|atk|1\n|-unboost|p2b: Flutter Mane|atk|1\n|-ability|p1b: Ting-Lu|Vessel of Ruin\n|-enditem|p2b: Flutter Mane|Booster Energy\n|-activate|p2b: Flutter Mane|ability: Protosynthesis|[fromitem]\n|-start|p2b: Flutter Mane|protosynthesisspe\n|turn|1\n|\n|t:|1683908749\n|-terastallize|p1b: Ting-Lu|Grass\n|move|p2b: Flutter Mane|Perish Song|p2b: Flutter Mane\n|-start|p1a: Arcanine|perish3|[silent]\n|-start|p1b: Ting-Lu|perish3|[silent]\n|-start|p2a: Gothitelle|perish3|[silent]\n|-start|p2b: Flutter Mane|perish3|[silent]\n|-fieldactivate|move: Perish Song\n|move|p1a: Arcanine|Flare Blitz|p2a: Gothitelle\n|-damage|p2a: Gothitelle|53\/100\n|-status|p2a: Gothitelle|brn\n|-damage|p1a: Arcanine|86\/100|[from] Recoil\n|move|p2a: Gothitelle|Substitute|p2a: Gothitelle\n|-start|p2a: Gothitelle|Substitute\n|-damage|p2a: Gothitelle|28\/100 brn\n|move|p1b: Ting-Lu|Stomping Tantrum|p2a: Gothitelle\n|-end|p2a: Gothitelle|Substitute\n|\n|-damage|p2a: Gothitelle|22\/100 brn|[from] brn\n|-start|p2b: Flutter Mane|perish3\n|-start|p1a: Arcanine|perish3\n|-start|p2a: Gothitelle|perish3\n|-start|p1b: Ting-Lu|perish3\n|upkeep\n|-enditem|p2a: Gothitelle|Figy Berry|[eat]\n|-heal|p2a: Gothitelle|55\/100 brn|[from] item: Figy Berry\n|-start|p2a: Gothitelle|confusion\n|turn|2\n|\n|t:|1683908784\n|move|p2b: Flutter Mane|Protect|p2b: Flutter Mane\n|-singleturn|p2b: Flutter Mane|Protect\n|-activate|p2a: Gothitelle|confusion\n|move|p2a: Gothitelle|Protect|p2a: Gothitelle\n|-singleturn|p2a: Gothitelle|Protect\n|move|p1a: Arcanine|Flare Blitz|p2b: Flutter Mane\n|-activate|p2b: Flutter Mane|move: Protect\n|move|p1b: Ting-Lu|Heavy Slam|p2b: Flutter Mane\n|-activate|p2b: Flutter Mane|move: Protect\n|\n|-damage|p2a: Gothitelle|49\/100 brn|[from] brn\n|-start|p2b: Flutter Mane|perish2\n|-start|p1a: Arcanine|perish2\n|-start|p2a: Gothitelle|perish2\n|-start|p1b: Ting-Lu|perish2\n|upkeep\n|turn|3\n|\n|t:|1683908829\n|-end|p2b: Flutter Mane|Protosynthesis|[silent]\n|switch|p2b: Maushold|Maushold, L50|100\/100\n|move|p1a: Arcanine|Flare Blitz|p2a: Gothitelle\n|-damage|p2a: Gothitelle|13\/100 brn\n|-damage|p1a: Arcanine|75\/100|[from] Recoil\n|-activate|p2a: Gothitelle|confusion\n|move|p2a: Gothitelle|Substitute|p2a: Gothitelle\n|-fail|p2a: Gothitelle|move: Substitute|[weak]\n|move|p1b: Ting-Lu|Stomping Tantrum|p2a: Gothitelle\n|-damage|p2a: Gothitelle|0 fnt\n|faint|p2a: Gothitelle\n|\n|-start|p1a: Arcanine|perish1\n|-start|p1b: Ting-Lu|perish1\n|upkeep\n|\n|t:|1683908853\n|switch|p2a: Flutter Mane|Flutter Mane, L50|100\/100\n|turn|4\n|\n|t:|1683908871\n|switch|p1b: Amoonguss|Amoonguss, L50, F|100\/100\n|move|p2b: Maushold|Protect|p2b: Maushold\n|-singleturn|p2b: Maushold|Protect\n|move|p2a: Flutter Mane|Protect|p2a: Flutter Mane\n|-singleturn|p2a: Flutter Mane|Protect\n|move|p1a: Arcanine|Will-O-Wisp|p2b: Maushold\n|-activate|p2b: Maushold|move: Protect\n|\n|-start|p1a: Arcanine|perish0\n|faint|p1a: Arcanine\n|upkeep\n|\n|t:|1683908885\n|switch|p1a: Ting-Lu|Ting-Lu, L50, tera:Grass|100\/100\n|-ability|p1a: Ting-Lu|Vessel of Ruin\n|turn|5\n|\n|t:|1683908896\n|-terastallize|p2a: Flutter Mane|Fairy\n|move|p2b: Maushold|Follow Me|p2b: Maushold\n|-singleturn|p2b: Maushold|move: Follow Me\n|move|p1b: Amoonguss|Rage Powder|p1b: Amoonguss\n|-singleturn|p1b: Amoonguss|move: Rage Powder\n|move|p2a: Flutter Mane|Moonblast|p1b: Amoonguss\n|-resisted|p1b: Amoonguss\n|-damage|p1b: Amoonguss|81\/100\n|-unboost|p1b: Amoonguss|spa|1\n|move|p1a: Ting-Lu|Heavy Slam|p2b: Maushold\n|-crit|p2b: Maushold\n|-damage|p2b: Maushold|25\/100\n|\n|upkeep\n|turn|6\n|\n|t:|1683908921\n|move|p2b: Maushold|Follow Me|p2b: Maushold\n|-singleturn|p2b: Maushold|move: Follow Me\n|move|p1b: Amoonguss|Rage Powder|p1b: Amoonguss\n|-singleturn|p1b: Amoonguss|move: Rage Powder\n|move|p2a: Flutter Mane|Moonblast|p1b: Amoonguss\n|-resisted|p1b: Amoonguss\n|-damage|p1b: Amoonguss|60\/100\n|move|p1a: Ting-Lu|Heavy Slam|p2b: Maushold\n|-damage|p2b: Maushold|0 fnt\n|faint|p2b: Maushold\n|\n|upkeep\n|\n|t:|1683908931\n|switch|p2b: Ceruledge|Ceruledge, L50, F|100\/100\n|turn|7\n|\n|t:|1683908953\n|move|p2a: Flutter Mane|Moonblast|p1b: Amoonguss\n|-resisted|p1b: Amoonguss\n|-damage|p1b: Amoonguss|39\/100\n|-enditem|p1b: Amoonguss|Sitrus Berry|[eat]\n|-heal|p1b: Amoonguss|64\/100|[from] item: Sitrus Berry\n|move|p2b: Ceruledge|Bitter Blade|p1a: Ting-Lu\n|-supereffective|p1a: Ting-Lu\n|-damage|p1a: Ting-Lu|49\/100\n|move|p1a: Ting-Lu|Stomping Tantrum|p2b: Ceruledge\n|-supereffective|p2b: Ceruledge\n|-crit|p2b: Ceruledge\n|-damage|p2b: Ceruledge|0 fnt\n|faint|p2b: Ceruledge\n|move|p1b: Amoonguss|Spore|p2a: Flutter Mane\n|-status|p2a: Flutter Mane|slp|[from] move: Spore\n|\n|upkeep\n|turn|8\n|\n|t:|1683908978\n|cant|p2a: Flutter Mane|slp\n|move|p1a: Ting-Lu|Heavy Slam|p2a: Flutter Mane\n|-supereffective|p2a: Flutter Mane\n|-damage|p2a: Flutter Mane|0 fnt\n|faint|p2a: Flutter Mane\n|-end|p2a: Flutter Mane|Protosynthesis|[silent]\n|\n|win|Taroda\n|raw|Taroda's rating: 1108 → 1129<\/strong> (+21 for winning)\n|raw|Larry08's rating: 1046 → 1032<\/strong> (-14 for losing)\n|l|\u2606Taroda\n","uploadtime":1683909076,"views":6,"p1id":"taroda","p2id":"larry08","formatid":"gen9vgc2023regulationc","rating":1032,"private":0,"password":""}