{"id":"gen9vgc2023regulationc-1847151909","p1":"Eisenbundel","p2":"the mudkip warrior","format":"[Gen 9] VGC 2023 Regulation C","log":"|j|\u2606Eisenbundel\n|j|\u2606the mudkip warrior\n|t:|1681923314\n|gametype|doubles\n|player|p1|Eisenbundel|lucas-gen4pt|1234\n|player|p2|the mudkip warrior|acetrainer-gen4dp|1321\n|teamsize|p1|6\n|teamsize|p2|6\n|gen|9\n|tier|[Gen 9] VGC 2023 Regulation C\n|rated|\n|rule|Species Clause: Limit one of each Pok\u00e9mon\n|rule|Item Clause: Limit one of each item\n|clearpoke\n|poke|p1|Indeedee-F, L50, F|\n|poke|p1|Hatterene, L50, F|\n|poke|p1|Flutter Mane, L50|\n|poke|p1|Chi-Yu, L50|\n|poke|p1|Torkoal, L50, M|\n|poke|p1|Brute Bonnet, L50|\n|poke|p2|Grimmsnarl, L50, M|\n|poke|p2|Palafin, L50, M|\n|poke|p2|Flutter Mane, L50|\n|poke|p2|Arcanine, L50, M|\n|poke|p2|Dragonite, L50, F|\n|poke|p2|Dragapult, L50, F|\n|teampreview|4\n|c|\u2606the mudkip warrior|gl\n|c|\u2606Eisenbundel|gl\n|inactive|Battle timer is ON: inactive players will automatically lose when time's up. (requested by the mudkip warrior)\n|\n|t:|1681923410\n|start\n|switch|p1a: Indeedee|Indeedee-F, L50, F|100\/100\n|switch|p1b: Flutter Mane|Flutter Mane, L50|100\/100\n|switch|p2a: Gremlin|Grimmsnarl, L50, M|100\/100\n|switch|p2b: Salvo|Dragapult, L50, F, shiny|100\/100\n|-fieldstart|move: Psychic Terrain|[from] ability: Psychic Surge|[of] p1a: Indeedee\n|turn|1\n|inactive|Eisenbundel has 30 seconds left.\n|\n|t:|1681923445\n|move|p1a: Indeedee|Follow Me|p1a: Indeedee\n|-singleturn|p1a: Indeedee|move: Follow Me\n|move|p2a: Gremlin|Light Screen|p2a: Gremlin\n|-sidestart|p2: the mudkip warrior|move: Light Screen\n|move|p2b: Salvo|Phantom Force||[still]\n|-prepare|p2b: Salvo|Phantom Force\n|move|p1b: Flutter Mane|Moonblast|p2a: Gremlin\n|-supereffective|p2a: Gremlin\n|-damage|p2a: Gremlin|13\/100\n|-unboost|p2a: Gremlin|spa|1\n|\n|upkeep\n|turn|2\n|\n|t:|1681923456\n|move|p1a: Indeedee|Follow Me|p1a: Indeedee\n|-singleturn|p1a: Indeedee|move: Follow Me\n|move|p2a: Gremlin|Misty Terrain|p2a: Gremlin\n|-fieldstart|move: Misty Terrain\n|move|p2b: Salvo|Phantom Force|p1a: Indeedee|[from]lockedmove\n|-immune|p1a: Indeedee\n|move|p1b: Flutter Mane|Moonblast|p2b: Salvo\n|-supereffective|p2b: Salvo\n|-damage|p2b: Salvo|0 fnt\n|faint|p2b: Salvo\n|\n|upkeep\n|\n|t:|1681923470\n|switch|p2b: Twilight|Flutter Mane, L50|100\/100\n|turn|3\n|inactive|Eisenbundel has 30 seconds left.\n|\n|t:|1681923502\n|move|p1a: Indeedee|Follow Me|p1a: Indeedee\n|-singleturn|p1a: Indeedee|move: Follow Me\n|move|p2b: Twilight|Dazzling Gleam|p1b: Flutter Mane|[spread] p1a,p1b\n|-damage|p1a: Indeedee|63\/100\n|-damage|p1b: Flutter Mane|57\/100\n|-damage|p2b: Twilight|90\/100|[from] item: Life Orb\n|move|p1b: Flutter Mane|Moonblast|p2a: Gremlin\n|-supereffective|p2a: Gremlin\n|-damage|p2a: Gremlin|0 fnt\n|faint|p2a: Gremlin\n|\n|upkeep\n|\n|t:|1681923517\n|switch|p2a: Dolce|Dragonite, L50, F|100\/100\n|turn|4\n|\n|t:|1681923535\n|-terastallize|p2a: Dolce|Normal\n|move|p2b: Twilight|Dazzling Gleam|p1b: Flutter Mane|[spread] p1a,p1b\n|-damage|p1a: Indeedee|24\/100\n|-damage|p1b: Flutter Mane|17\/100\n|-damage|p2b: Twilight|80\/100|[from] item: Life Orb\n|move|p1b: Flutter Mane|Moonblast|p2a: Dolce\n|-damage|p2a: Dolce|79\/100\n|move|p2a: Dolce|Dragon Dance|p2a: Dolce\n|-boost|p2a: Dolce|atk|1\n|-boost|p2a: Dolce|spe|1\n|move|p1a: Indeedee|Trick Room|p1a: Indeedee\n|-fieldstart|move: Trick Room|[of] p1a: Indeedee\n|\n|upkeep\n|turn|5\n|\n|t:|1681923559\n|move|p1a: Indeedee|Helping Hand|p1b: Flutter Mane\n|-singleturn|p1b: Flutter Mane|Helping Hand|[of] p1a: Indeedee\n|move|p2a: Dolce|Dragon Dance|p2a: Dolce\n|-boost|p2a: Dolce|atk|1\n|-boost|p2a: Dolce|spe|1\n|move|p1b: Flutter Mane|Moonblast|p2a: Dolce\n|-damage|p2a: Dolce|11\/100\n|-unboost|p2a: Dolce|spa|1\n|move|p2b: Twilight|Dazzling Gleam|p1b: Flutter Mane|[spread] p1a,p1b\n|-damage|p1a: Indeedee|0 fnt\n|-damage|p1b: Flutter Mane|0 fnt\n|faint|p1a: Indeedee\n|faint|p1b: Flutter Mane\n|-end|p1b: Flutter Mane|Protosynthesis|[silent]\n|-damage|p2b: Twilight|70\/100|[from] item: Life Orb\n|\n|upkeep\n|\n|t:|1681923573\n|switch|p1a: Hatterene|Hatterene, L50, F|100\/100\n|switch|p1b: Chi-Yu|Chi-Yu, L50|100\/100\n|-ability|p1b: Chi-Yu|Beads of Ruin\n|turn|6\n|inactive|Eisenbundel has 30 seconds left.\n|\n|t:|1681923602\n|move|p2a: Dolce|Extreme Speed|p1b: Chi-Yu\n|-damage|p1b: Chi-Yu|0 fnt\n|faint|p1b: Chi-Yu\n|move|p1a: Hatterene|Dazzling Gleam|p2a: Dolce|[spread] p2a,p2b\n|-damage|p2a: Dolce|0 fnt\n|-damage|p2b: Twilight|44\/100\n|faint|p2a: Dolce\n|move|p2b: Twilight|Dazzling Gleam|p1a: Hatterene\n|-damage|p1a: Hatterene|41\/100\n|-damage|p2b: Twilight|34\/100|[from] item: Life Orb\n|\n|-fieldend|Misty Terrain\n|upkeep\n|turn|7\n|\n|t:|1681923614\n|move|p2b: Twilight|Protect|p2b: Twilight\n|-singleturn|p2b: Twilight|Protect\n|move|p1a: Hatterene|Psychic|p2b: Twilight\n|-activate|p2b: Twilight|move: Protect\n|\n|upkeep\n|turn|8\n|\n|t:|1681923621\n|move|p1a: Hatterene|Psychic|p2b: Twilight\n|-damage|p2b: Twilight|0 fnt\n|faint|p2b: Twilight\n|-end|p2b: Twilight|Protosynthesis|[silent]\n|\n|win|Eisenbundel\n|raw|Eisenbundel's rating: 1234 → 1265<\/strong> (+31 for winning)\n|raw|the mudkip warrior's rating: 1321 → 1296<\/strong> (-25 for losing)\n|c|\u2606the mudkip warrior|aw man\n|c|\u2606the mudkip warrior|gg\n|c|\u2606Eisenbundel|gg\n|l|\u2606the mudkip warrior\n","uploadtime":1681923695,"views":13,"p1id":"eisenbundel","p2id":"themudkipwarrior","formatid":"gen9vgc2023regulationc","rating":1265,"private":0,"password":""}