{"id":"gen9vgc2023regulationc-1857932480","p1":"Volcano0","p2":"chalmander69","format":"[Gen 9] VGC 2023 Regulation C","log":"|j|\u2606Volcano0\n|j|\u2606chalmander69\n|t:|1683248989\n|gametype|doubles\n|player|p1|Volcano0|benga|\n|player|p2|chalmander69|harlequin|\n|teamsize|p1|6\n|teamsize|p2|6\n|gen|9\n|tier|[Gen 9] VGC 2023 Regulation C\n|rule|Species Clause: Limit one of each Pok\u00e9mon\n|rule|Item Clause: Limit one of each item\n|clearpoke\n|poke|p1|Talonflame, L50, M|\n|poke|p1|Garchomp, L50, F|\n|poke|p1|Tyranitar, L50, M|\n|poke|p1|Lycanroc, L50, F|\n|poke|p1|Gyarados, L50, M|\n|poke|p1|Flutter Mane, L50|\n|poke|p2|Chi-Yu, L50|\n|poke|p2|Corviknight, L50, M|\n|poke|p2|Arcanine, L50, M|\n|poke|p2|Flutter Mane, L50|\n|poke|p2|Amoonguss, L50, F|\n|poke|p2|Iron Hands, L50|\n|teampreview|4\n|inactive|Battle timer is ON: inactive players will automatically lose when time's up. (requested by Volcano0)\nchalmander69 has agreed to open team sheets.\nVolcano0 has agreed to open team sheets.\n|inactive|chalmander69 has 60 seconds left.\n|inactive|chalmander69 has 30 seconds left.\n|inactive|chalmander69 has 20 seconds left.\n|inactive|chalmander69 has 15 seconds left.\n|\n|t:|1683249067\n|start\n|switch|p1a: Tyranitar|Tyranitar, L50, M|100\/100\n|switch|p1b: Lycanroc|Lycanroc, L50, F|100\/100\n|switch|p2a: Corviknight|Corviknight, L50, M, shiny|100\/100\n|switch|p2b: Iron Hands|Iron Hands, L50|100\/100\n|-weather|Sandstorm|[from] ability: Sand Stream|[of] p1a: Tyranitar\n|turn|1\n|inactive|Volcano0 has 30 seconds left.\n|\n|t:|1683249097\n|move|p1b: Lycanroc|Protect|p1b: Lycanroc\n|-singleturn|p1b: Lycanroc|Protect\n|move|p2b: Iron Hands|Fake Out|p1b: Lycanroc\n|-activate|p1b: Lycanroc|move: Protect\n|move|p2a: Corviknight|Tailwind|p2a: Corviknight\n|-sidestart|p2: chalmander69|move: Tailwind\n|move|p1a: Tyranitar|Rock Slide|p2a: Corviknight|[spread] p2a\n|-miss|p1a: Tyranitar|p2b: Iron Hands\n|-damage|p2a: Corviknight|76\/100\n|\n|-weather|Sandstorm|[upkeep]\n|-damage|p2b: Iron Hands|94\/100|[from] Sandstorm\n|upkeep\n|turn|2\n|c|\u2606chalmander69|that was a nice protect\n|inactive|chalmander69 has 30 seconds left.\n|\n|t:|1683249131\n|-terastallize|p1a: Tyranitar|Flying\n|move|p1b: Lycanroc|Rock Slide|p2a: Corviknight|[spread] p2a,p2b\n|-resisted|p2b: Iron Hands\n|-damage|p2a: Corviknight|56\/100\n|-damage|p2b: Iron Hands|84\/100\n|move|p2a: Corviknight|Iron Head|p1b: Lycanroc\n|-supereffective|p1b: Lycanroc\n|-crit|p1b: Lycanroc\n|-enditem|p1b: Lycanroc|Focus Sash\n|-damage|p1b: Lycanroc|1\/100\n|cant|p2b: Iron Hands|flinch\n|move|p1a: Tyranitar|Rock Slide|p2a: Corviknight|[spread] p2a,p2b\n|-crit|p2a: Corviknight\n|-resisted|p2b: Iron Hands\n|-damage|p2a: Corviknight|18\/100\n|-damage|p2b: Iron Hands|73\/100\n|\n|-weather|Sandstorm|[upkeep]\n|-damage|p2b: Iron Hands|67\/100|[from] Sandstorm\n|-damage|p1a: Tyranitar|95\/100|[from] Sandstorm\n|upkeep\n|turn|3\n|inactive|Volcano0 has 30 seconds left.\n|inactive|chalmander69 has 30 seconds left.\n|inactive|chalmander69 has 20 seconds left.\n|inactive|chalmander69 has 15 seconds left.\n|inactive|chalmander69 has 10 seconds left.\n|\n|t:|1683249176\n|move|p2a: Corviknight|Protect|p2a: Corviknight\n|-singleturn|p2a: Corviknight|Protect\n|move|p1b: Lycanroc|Endeavor|p2b: Iron Hands\n|-damage|p2b: Iron Hands|1\/100\n|move|p2b: Iron Hands|Drain Punch|p1b: Lycanroc\n|-supereffective|p1b: Lycanroc\n|-damage|p1b: Lycanroc|0 fnt\n|-heal|p2b: Iron Hands|1\/100|[from] drain|[of] p1b: Lycanroc\n|faint|p1b: Lycanroc\n|move|p1a: Tyranitar|Crunch|p2a: Corviknight\n|-activate|p2a: Corviknight|move: Protect\n|\n|-weather|Sandstorm|[upkeep]\n|-damage|p2b: Iron Hands|0 fnt|[from] Sandstorm\n|-damage|p1a: Tyranitar|89\/100|[from] Sandstorm\n|faint|p2b: Iron Hands\n|-end|p2b: Iron Hands|Quark Drive|[silent]\n|upkeep\n|\n|t:|1683249193\n|switch|p1b: Gyarados|Gyarados, L50, M, shiny|100\/100\n|switch|p2b: Arcanine|Arcanine, L50, M|100\/100\n|-ability|p2b: Arcanine|Intimidate|boost\n|-unboost|p1a: Tyranitar|atk|1\n|-unboost|p1b: Gyarados|atk|1\n|-ability|p1b: Gyarados|Intimidate|boost\n|-ability|p2a: Corviknight|Mirror Armor\n|-unboost|p1b: Gyarados|atk|1\n|-unboost|p2b: Arcanine|atk|1\n|turn|4\n|inactive|chalmander69 has 30 seconds left.\n|inactive|chalmander69 has 20 seconds left.\n|inactive|chalmander69 has 15 seconds left.\n|inactive|chalmander69 has 10 seconds left.\n|inactive|chalmander69 has 5 seconds left.\n|\n|t:|1683249243\n|move|p2b: Arcanine|Will-O-Wisp|p1a: Tyranitar\n|-status|p1a: Tyranitar|brn\n|move|p2a: Corviknight|Iron Head|p1a: Tyranitar\n|-damage|p1a: Tyranitar|65\/100 brn\n|move|p1b: Gyarados|Waterfall|p2b: Arcanine\n|-supereffective|p2b: Arcanine\n|-damage|p2b: Arcanine|53\/100\n|move|p1a: Tyranitar|Rock Slide|p2a: Corviknight|[spread] p2a,p2b\n|-supereffective|p2b: Arcanine\n|-damage|p2a: Corviknight|9\/100\n|-damage|p2b: Arcanine|27\/100\n|\n|-weather|Sandstorm|[upkeep]\n|-damage|p2b: Arcanine|21\/100|[from] Sandstorm\n|-damage|p1a: Tyranitar|59\/100 brn|[from] Sandstorm\n|-damage|p1a: Tyranitar|54\/100 brn|[from] brn\n|-sideend|p2: chalmander69|move: Tailwind\n|upkeep\n|turn|5\n|inactive|chalmander69 has 30 seconds left.\n|\n|t:|1683249278\n|move|p2b: Arcanine|Will-O-Wisp|p1b: Gyarados\n|-status|p1b: Gyarados|brn\n|move|p1b: Gyarados|Waterfall|p2b: Arcanine\n|-supereffective|p2b: Arcanine\n|-damage|p2b: Arcanine|0 fnt\n|faint|p2b: Arcanine\n|move|p2a: Corviknight|Tailwind|p2a: Corviknight\n|-sidestart|p2: chalmander69|move: Tailwind\n|move|p1a: Tyranitar|Rock Slide|p2a: Corviknight\n|-damage|p2a: Corviknight|0 fnt\n|faint|p2a: Corviknight\n|\n|-weather|none\n|-damage|p1b: Gyarados|94\/100 brn|[from] brn\n|-damage|p1a: Tyranitar|48\/100 brn|[from] brn\n|upkeep\n|\n|t:|1683249301\n|switch|p2b: Flutter Mane|Flutter Mane, L50|100\/100\n|-enditem|p2b: Flutter Mane|Booster Energy\n|-activate|p2b: Flutter Mane|ability: Protosynthesis|[fromitem]\n|-start|p2b: Flutter Mane|protosynthesisspa\n|turn|6\n|\n|t:|1683249309\n|-terastallize|p2b: Flutter Mane|Fairy\n|move|p2b: Flutter Mane|Dazzling Gleam|p1b: Gyarados|[spread] p1a,p1b\n|-damage|p1a: Tyranitar|15\/100 brn\n|-damage|p1b: Gyarados|47\/100 brn\n|move|p1b: Gyarados|Thunder Wave|p2b: Flutter Mane\n|-status|p2b: Flutter Mane|par\n|move|p1a: Tyranitar|Crunch|p2b: Flutter Mane\n|-resisted|p2b: Flutter Mane\n|-damage|p2b: Flutter Mane|90\/100 par\n|\n|-damage|p1b: Gyarados|41\/100 brn|[from] brn\n|-damage|p1a: Tyranitar|9\/100 brn|[from] brn\n|upkeep\n|turn|7\n|c|\u2606chalmander69|close one\n|inactive|Volcano0 has 30 seconds left.\n|\n|t:|1683249339\n|move|p2b: Flutter Mane|Dazzling Gleam|p1a: Tyranitar|[spread] p1a,p1b\n|-damage|p1a: Tyranitar|0 fnt\n|-damage|p1b: Gyarados|0 fnt\n|faint|p1a: Tyranitar\n|faint|p1b: Gyarados\n|\n|upkeep\n|\n|t:|1683249344\n|switch|p1a: Garchomp|Garchomp, L50, F|100\/100\n|turn|8\n|\n|t:|1683249349\n|move|p1a: Garchomp|Protect|p1a: Garchomp\n|-singleturn|p1a: Garchomp|Protect\n|move|p2b: Flutter Mane|Moonblast|p1a: Garchomp\n|-activate|p1a: Garchomp|move: Protect\n|\n|-sideend|p2: chalmander69|move: Tailwind\n|upkeep\n|turn|9\n|\n|t:|1683249366\n|move|p1a: Garchomp|Earthquake|p2b: Flutter Mane\n|-damage|p2b: Flutter Mane|19\/100 par\n|move|p2b: Flutter Mane|Moonblast|p1a: Garchomp\n|-supereffective|p1a: Garchomp\n|-damage|p1a: Garchomp|0 fnt\n|faint|p1a: Garchomp\n|\n|win|chalmander69\n|c|\u2606chalmander69|gg\n|c|\u2606Volcano0|Gg\n|l|\u2606Volcano0\n","uploadtime":1683249384,"views":16,"p1id":"volcano0","p2id":"chalmander69","formatid":"gen9vgc2023regulationc","rating":0,"private":0,"password":""}