{"id":"gen9vgc2023regulationc-1847603375","p1":"TestingTheTalon","p2":"Babarattata","format":"[Gen 9] VGC 2023 Regulation C","log":"|j|\u2606TestingTheTalon\n|j|\u2606Babarattata\n|t:|1681980507\n|gametype|doubles\n|player|p1|TestingTheTalon|acetrainer-gen4dp|1420\n|player|p2|Babarattata|265|1398\n|teamsize|p1|6\n|teamsize|p2|6\n|gen|9\n|tier|[Gen 9] VGC 2023 Regulation C\n|rated|\n|rule|Species Clause: Limit one of each Pok\u00e9mon\n|rule|Item Clause: Limit one of each item\n|clearpoke\n|poke|p1|Amoonguss, L50, M|\n|poke|p1|Arcanine, L50, F|\n|poke|p1|Palafin, L50, M|\n|poke|p1|Flutter Mane, L50|\n|poke|p1|Ting-Lu, L50|\n|poke|p1|Iron Hands, L50|\n|poke|p2|Scizor, L50, F|\n|poke|p2|Farigiraf, L50, F|\n|poke|p2|Iron Hands, L50|\n|poke|p2|Palafin, L50, F|\n|poke|p2|Chi-Yu, L50|\n|poke|p2|Flutter Mane, L50|\n|teampreview|4\nTestingTheTalon has agreed to open team sheets.\n|inactive|Battle timer is ON: inactive players will automatically lose when time's up. (requested by Babarattata)\n|inactive|TestingTheTalon has 60 seconds left.\nBabarattata has agreed to open team sheets.\n|inactive|TestingTheTalon has 30 seconds left.\n|\n|t:|1681980616\n|start\n|switch|p1a: Palafin|Palafin, L50, M|100\/100\n|switch|p1b: Ting-Lu|Ting-Lu, L50|100\/100\n|switch|p2a: Chi-Yu|Chi-Yu, L50|100\/100\n|switch|p2b: Flutter Mane|Flutter Mane, L50|100\/100\n|-ability|p2a: Chi-Yu|Beads of Ruin\n|-ability|p1b: Ting-Lu|Vessel of Ruin\n|-enditem|p2b: Flutter Mane|Booster Energy\n|-activate|p2b: Flutter Mane|ability: Protosynthesis|[fromitem]\n|-start|p2b: Flutter Mane|protosynthesisspa\n|turn|1\n|inactive|TestingTheTalon has 30 seconds left.\n|inactive|TestingTheTalon has 20 seconds left.\n|inactive|TestingTheTalon has 15 seconds left.\n|inactive|TestingTheTalon has 10 seconds left.\n|inactive|TestingTheTalon has 5 seconds left.\n|\n|t:|1681980669\n|detailschange|p1a: Palafin|Palafin-Hero, L50, M\n|switch|p1a: Arcanine|Arcanine, L50, F|100\/100\n|-ability|p1a: Arcanine|Intimidate|boost\n|-unboost|p2a: Chi-Yu|atk|1\n|-unboost|p2b: Flutter Mane|atk|1\n|-terastallize|p2a: Chi-Yu|Grass\n|-terastallize|p1b: Ting-Lu|Water\n|move|p2b: Flutter Mane|Protect|p2b: Flutter Mane\n|-singleturn|p2b: Flutter Mane|Protect\n|move|p2a: Chi-Yu|Dark Pulse|p1a: Arcanine\n|-damage|p1a: Arcanine|56\/100\n|move|p1b: Ting-Lu|Heavy Slam|p2b: Flutter Mane\n|-activate|p2b: Flutter Mane|move: Protect\n|\n|upkeep\n|turn|2\n|inactive|TestingTheTalon has 30 seconds left.\n|inactive|Babarattata has 30 seconds left.\n|inactive|TestingTheTalon has 20 seconds left.\n|inactive|Babarattata has 20 seconds left.\n|inactive|TestingTheTalon has 15 seconds left.\n|inactive|Babarattata has 15 seconds left.\n|inactive|Babarattata has 10 seconds left.\n|\n|t:|1681980718\n|-end|p2b: Flutter Mane|Protosynthesis|[silent]\n|switch|p2b: Palafin|Palafin, L50, F|100\/100\n|switch|p1a: Iron Hands|Iron Hands, L50|100\/100\n|move|p2a: Chi-Yu|Dark Pulse|p1b: Ting-Lu\n|-damage|p1b: Ting-Lu|79\/100\n|move|p1b: Ting-Lu|Ruination|p2b: Palafin\n|-damage|p2b: Palafin|51\/100\n|\n|upkeep\n|turn|3\n|inactive|TestingTheTalon has 30 seconds left.\n|inactive|TestingTheTalon has 20 seconds left.\n|inactive|TestingTheTalon has 15 seconds left.\n|\n|t:|1681980760\n|move|p2a: Chi-Yu|Protect|p2a: Chi-Yu\n|-singleturn|p2a: Chi-Yu|Protect\n|move|p2b: Palafin|Protect|p2b: Palafin\n|-singleturn|p2b: Palafin|Protect\n|move|p1a: Iron Hands|Swords Dance|p1a: Iron Hands\n|-boost|p1a: Iron Hands|atk|2\n|move|p1b: Ting-Lu|Heavy Slam|p2b: Palafin\n|-activate|p2b: Palafin|move: Protect\n|\n|upkeep\n|turn|4\n|inactive|TestingTheTalon has 30 seconds left.\n|\n|t:|1681980789\n|move|p2a: Chi-Yu|Overheat|p1a: Iron Hands\n|-damage|p1a: Iron Hands|48\/100\n|-unboost|p2a: Chi-Yu|spa|2\n|-enditem|p1a: Iron Hands|Sitrus Berry|[eat]\n|-heal|p1a: Iron Hands|72\/100|[from] item: Sitrus Berry\n|move|p2b: Palafin|Wave Crash|p1a: Iron Hands\n|-damage|p1a: Iron Hands|33\/100\n|-damage|p2b: Palafin|35\/100|[from] Recoil\n|move|p1a: Iron Hands|Drain Punch|p2a: Chi-Yu\n|-enditem|p2a: Chi-Yu|Focus Sash\n|-damage|p2a: Chi-Yu|1\/100\n|-heal|p1a: Iron Hands|59\/100|[from] drain|[of] p2a: Chi-Yu\n|move|p1b: Ting-Lu|Ruination|p2b: Palafin\n|-damage|p2b: Palafin|18\/100\n|\n|upkeep\n|turn|5\n|inactive|TestingTheTalon has 30 seconds left.\n|inactive|Babarattata has 30 seconds left.\n|\n|t:|1681980817\n|move|p2a: Chi-Yu|Heat Wave|p1b: Ting-Lu|[spread] p1a,p1b\n|-resisted|p1b: Ting-Lu\n|-damage|p1a: Iron Hands|46\/100\n|-damage|p1b: Ting-Lu|75\/100\n|-status|p1b: Ting-Lu|brn\n|move|p2b: Palafin|Wave Crash|p1a: Iron Hands\n|-damage|p1a: Iron Hands|7\/100\n|-damage|p2b: Palafin|1\/100|[from] Recoil\n|move|p1a: Iron Hands|Wild Charge|p2b: Palafin\n|-supereffective|p2b: Palafin\n|-damage|p2b: Palafin|0 fnt\n|faint|p2b: Palafin\n|-damage|p1a: Iron Hands|7\/100|[from] Recoil\n|move|p1b: Ting-Lu|Stomping Tantrum|p2a: Chi-Yu\n|-resisted|p2a: Chi-Yu\n|-damage|p2a: Chi-Yu|0 fnt\n|faint|p2a: Chi-Yu\n|\n|-damage|p1b: Ting-Lu|69\/100 brn|[from] brn\n|upkeep\n|\n|t:|1681980838\n|switch|p2a: Farigiraf|Farigiraf, L50, F|100\/100\n|switch|p2b: Flutter Mane|Flutter Mane, L50|100\/100\n|turn|6\n|\n|t:|1681980849\n|move|p2b: Flutter Mane|Protect|p2b: Flutter Mane\n|-singleturn|p2b: Flutter Mane|Protect\n|move|p1a: Iron Hands|Protect|p1a: Iron Hands\n|-singleturn|p1a: Iron Hands|Protect\n|move|p2a: Farigiraf|Hyper Voice|p1b: Ting-Lu|[spread] p1b\n|-activate|p1a: Iron Hands|move: Protect\n|-damage|p1b: Ting-Lu|59\/100 brn\n|-enditem|p2a: Farigiraf|Throat Spray\n|-boost|p2a: Farigiraf|spa|1|[from] item: Throat Spray\n|move|p1b: Ting-Lu|Heavy Slam|p2b: Flutter Mane\n|-activate|p2b: Flutter Mane|move: Protect\n|\n|-damage|p1b: Ting-Lu|53\/100 brn|[from] brn\n|upkeep\n|turn|7\n|\n|t:|1681980872\n|move|p2b: Flutter Mane|Moonblast|p1b: Ting-Lu\n|-damage|p1b: Ting-Lu|36\/100 brn\n|-unboost|p1b: Ting-Lu|spa|1\n|move|p2a: Farigiraf|Hyper Voice|p1a: Iron Hands|[spread] p1a,p1b\n|-damage|p1a: Iron Hands|0 fnt\n|-damage|p1b: Ting-Lu|18\/100 brn\n|faint|p1a: Iron Hands\n|-end|p1a: Iron Hands|Quark Drive|[silent]\n|move|p1b: Ting-Lu|Ruination|p2a: Farigiraf\n|-damage|p2a: Farigiraf|50\/100\n|\n|-damage|p1b: Ting-Lu|13\/100 brn|[from] brn\n|upkeep\n|\n|t:|1681980888\n|switch|p1a: Arcanine|Arcanine, L50, F|56\/100\n|-ability|p1a: Arcanine|Intimidate|boost\n|-unboost|p2a: Farigiraf|atk|1\n|-unboost|p2b: Flutter Mane|atk|1\n|turn|8\n|\n|t:|1681980910\n|move|p2a: Farigiraf|Protect|p2a: Farigiraf\n|-singleturn|p2a: Farigiraf|Protect\n|move|p2b: Flutter Mane|Shadow Ball|p1b: Ting-Lu\n|-damage|p1b: Ting-Lu|0 fnt\n|faint|p1b: Ting-Lu\n|move|p1a: Arcanine|Flare Blitz|p2a: Farigiraf\n|-activate|p2a: Farigiraf|move: Protect\n|\n|upkeep\n|\n|t:|1681980918\n|switch|p1b: Palafin|Palafin-Hero, L50, M|100\/100\n|-activate|p1b: Palafin|ability: Zero to Hero\n|turn|9\n|\n|t:|1681980937\n|move|p2b: Flutter Mane|Moonblast|p1b: Palafin\n|-damage|p1b: Palafin|54\/100\n|move|p1a: Arcanine|Flare Blitz|p2a: Farigiraf\n|-damage|p2a: Farigiraf|0 fnt\n|faint|p2a: Farigiraf\n|-damage|p1a: Arcanine|38\/100|[from] Recoil\n|move|p1b: Palafin|Wave Crash|p2b: Flutter Mane\n|-damage|p2b: Flutter Mane|0 fnt\n|faint|p2b: Flutter Mane\n|-end|p2b: Flutter Mane|Protosynthesis|[silent]\n|-damage|p1b: Palafin|31\/100|[from] Recoil\n|\n|win|TestingTheTalon\n|raw|TestingTheTalon's rating: 1420 → 1439<\/strong> (+19 for winning)\n|raw|Babarattata's rating: 1398 → 1379<\/strong> (-19 for losing)\n","uploadtime":1681980950,"views":12,"p1id":"testingthetalon","p2id":"babarattata","formatid":"gen9vgc2023regulationc","rating":1379,"private":0,"password":""}