{"id":"gen9vgc2023regulationc-1851236389","p1":"Hi5z","p2":"gorilnx","format":"[Gen 9] VGC 2023 Regulation C","log":"|j|\u2606Hi5z\n|j|\u2606gorilnx\n|t:|1682428143\n|gametype|doubles\n|player|p1|Hi5z|supernerd|1175\n|player|p2|gorilnx|dawn-gen4pt|1236\n|teamsize|p1|6\n|teamsize|p2|6\n|gen|9\n|tier|[Gen 9] VGC 2023 Regulation C\n|rated|\n|rule|Species Clause: Limit one of each Pok\u00e9mon\n|rule|Item Clause: Limit one of each item\n|clearpoke\n|poke|p1|Chi-Yu, L50|\n|poke|p1|Kingambit, L50, M|\n|poke|p1|Mimikyu, L50, F|\n|poke|p1|Gyarados, L50, F|\n|poke|p1|Scizor, L50, F|\n|poke|p1|Chien-Pao, L50|\n|poke|p2|Abomasnow, L50, M|\n|poke|p2|Iron Bundle, L50|\n|poke|p2|Vivillon-Fancy, L50, M|\n|poke|p2|Ting-Lu, L50|\n|poke|p2|Annihilape, L50, M|\n|poke|p2|Chien-Pao, L50|\n|teampreview|4\n|inactive|Battle timer is ON: inactive players will automatically lose when time's up. (requested by Hi5z)\n|inactive|Hi5z has 60 seconds left.\n|\n|t:|1682428177\n|start\n|switch|p1a: Mimikyu|Mimikyu, L50, F|100\/100\n|switch|p1b: Scizor|Scizor, L50, F|100\/100\n|switch|p2a: Vivillon|Vivillon-Fancy, L50, M|100\/100\n|switch|p2b: Ting-Lu|Ting-Lu, L50|100\/100\n|-ability|p2b: Ting-Lu|Vessel of Ruin\n|turn|1\n|\n|t:|1682428198\n|-terastallize|p2b: Ting-Lu|Ground\n|move|p2a: Vivillon|Pollen Puff|p1a: Mimikyu\n|-activate|p1a: Mimikyu|ability: Disguise\n|-damage|p1a: Mimikyu|100\/100\n|detailschange|p1a: Mimikyu|Mimikyu-Busted, L50, F\n|-damage|p1a: Mimikyu|88\/100|[from] pokemon: Mimikyu-Busted\n|move|p1a: Mimikyu|Will-O-Wisp|p2b: Ting-Lu\n|-status|p2b: Ting-Lu|brn\n|move|p1b: Scizor|Iron Head|p2a: Vivillon\n|-enditem|p2a: Vivillon|Focus Sash\n|-damage|p2a: Vivillon|1\/100\n|-damage|p1b: Scizor|91\/100|[from] item: Life Orb\n|move|p2b: Ting-Lu|Earthquake|p1a: Mimikyu|[spread] p1a,p1b\n|-immune|p2a: Vivillon\n|-damage|p1a: Mimikyu|38\/100\n|-damage|p1b: Scizor|47\/100\n|\n|-damage|p2b: Ting-Lu|95\/100 brn|[from] brn\n|upkeep\n|turn|2\n|\n|t:|1682428221\n|move|p1b: Scizor|Bullet Punch|p2a: Vivillon\n|-damage|p2a: Vivillon|0 fnt\n|faint|p2a: Vivillon\n|-damage|p1b: Scizor|37\/100|[from] item: Life Orb\n|move|p1a: Mimikyu|Play Rough|p2b: Ting-Lu\n|-damage|p2b: Ting-Lu|73\/100 brn\n|move|p2b: Ting-Lu|Earthquake|p1a: Mimikyu|[spread] p1a,p1b\n|-damage|p1a: Mimikyu|0 fnt\n|-damage|p1b: Scizor|0 fnt\n|faint|p1a: Mimikyu\n|faint|p1b: Scizor\n|\n|-damage|p2b: Ting-Lu|67\/100 brn|[from] brn\n|upkeep\n|\n|t:|1682428232\n|switch|p2a: Abomasnow|Abomasnow, L50, M|100\/100\n|switch|p1a: Chien-Pao|Chien-Pao, L50|100\/100\n|switch|p1b: Gyarados|Gyarados, L50, F|100\/100\n|-ability|p1a: Chien-Pao|Sword of Ruin\n|-ability|p1b: Gyarados|Intimidate|boost\n|-unboost|p2a: Abomasnow|atk|1\n|-unboost|p2b: Ting-Lu|atk|1\n|-weather|Snow|[from] ability: Snow Warning|[of] p2a: Abomasnow\n|turn|3\n|\n|t:|1682428252\n|move|p1a: Chien-Pao|Sacred Sword|p2a: Abomasnow\n|-supereffective|p2a: Abomasnow\n|-damage|p2a: Abomasnow|34\/100\n|move|p1b: Gyarados|Waterfall|p2b: Ting-Lu\n|-supereffective|p2b: Ting-Lu\n|-damage|p2b: Ting-Lu|1\/100 brn\n|move|p2a: Abomasnow|Blizzard|p1a: Chien-Pao|[spread] p1a,p1b\n|-resisted|p1a: Chien-Pao\n|-damage|p1a: Chien-Pao|75\/100\n|-damage|p1b: Gyarados|66\/100\n|-damage|p2a: Abomasnow|24\/100|[from] item: Life Orb\n|move|p2b: Ting-Lu|Earthquake|p1a: Chien-Pao|[spread] p2a,p1a\n|-immune|p1b: Gyarados\n|-resisted|p2a: Abomasnow\n|-damage|p2a: Abomasnow|12\/100\n|-damage|p1a: Chien-Pao|54\/100\n|\n|-weather|Snow|[upkeep]\n|-damage|p2b: Ting-Lu|0 fnt|[from] brn\n|faint|p2b: Ting-Lu\n|upkeep\n|\n|t:|1682428270\n|switch|p2b: Iron Bundle|Iron Bundle, L50|100\/100\n|-enditem|p2b: Iron Bundle|Booster Energy\n|-activate|p2b: Iron Bundle|ability: Quark Drive|[fromitem]\n|-start|p2b: Iron Bundle|quarkdrivespe\n|turn|4\n|\n|t:|1682428286\n|move|p2a: Abomasnow|Helping Hand|p2b: Iron Bundle\n|-singleturn|p2b: Iron Bundle|Helping Hand|[of] p2a: Abomasnow\n|move|p2b: Iron Bundle|Hydro Pump|p1a: Chien-Pao\n|-damage|p1a: Chien-Pao|0 fnt\n|faint|p1a: Chien-Pao\n|move|p1b: Gyarados|Iron Head|p2b: Iron Bundle\n|-damage|p2b: Iron Bundle|76\/100\n|\n|-weather|Snow|[upkeep]\n|upkeep\n|turn|5\n|\n|t:|1682428299\n|move|p2b: Iron Bundle|Aurora Veil|p2b: Iron Bundle\n|-sidestart|p2: gorilnx|move: Aurora Veil\n|move|p1b: Gyarados|Iron Head|p2b: Iron Bundle\n|-damage|p2b: Iron Bundle|61\/100\n|move|p2a: Abomasnow|Blizzard|p1b: Gyarados\n|-damage|p1b: Gyarados|2\/100\n|-enditem|p1b: Gyarados|Aguav Berry|[eat]\n|-heal|p1b: Gyarados|35\/100|[from] item: Aguav Berry\n|-damage|p2a: Abomasnow|3\/100|[from] item: Life Orb\n|\n|-weather|Snow|[upkeep]\n|upkeep\n|turn|6\n|\n|t:|1682428308\n|move|p2a: Abomasnow|Ice Shard|p1b: Gyarados\n|-damage|p1b: Gyarados|23\/100\n|-damage|p2a: Abomasnow|0 fnt|[from] item: Life Orb\n|faint|p2a: Abomasnow\n|move|p2b: Iron Bundle|Blizzard|p1b: Gyarados\n|-damage|p1b: Gyarados|0 fnt\n|faint|p1b: Gyarados\n|\n|win|gorilnx\n|raw|Hi5z's rating: 1175 → 1154<\/strong> (-21 for losing)\n|raw|gorilnx's rating: 1236 → 1257<\/strong> (+21 for winning)\n","uploadtime":1682428319,"views":12,"p1id":"hi5z","p2id":"gorilnx","formatid":"gen9vgc2023regulationc","rating":1154,"private":0,"password":""}