{"id":"gen9vgc2023regulationc-1845809077","p1":"uhoh I poopd","p2":"GTheDon","format":"[Gen 9] VGC 2023 Regulation C","log":"|j|\u2606uhoh I poopd\n|j|\u2606GTheDon\n|t:|1681766717\n|gametype|doubles\n|player|p1|uhoh I poopd|colress|1222\n|player|p2|GTheDon|265|1136\n|teamsize|p1|6\n|teamsize|p2|6\n|gen|9\n|tier|[Gen 9] VGC 2023 Regulation C\n|rated|\n|rule|Species Clause: Limit one of each Pok\u00e9mon\n|rule|Item Clause: Limit one of each item\n|clearpoke\n|poke|p1|Masquerain, L50, F|\n|poke|p1|Coalossal, L50, M|\n|poke|p1|Ting-Lu, L50|\n|poke|p1|Amoonguss, L50, F|\n|poke|p1|Arcanine, L50, M|\n|poke|p1|Palafin, L50, M|\n|poke|p2|Coalossal, L50, M|\n|poke|p2|Dragapult, L50, M|\n|poke|p2|Dachsbun, L50, M|\n|poke|p2|Dragonite, L50, F|\n|poke|p2|Arcanine, L50, F|\n|poke|p2|Chi-Yu, L50|\n|teampreview|4\n|\n|t:|1681766730\n|start\n|switch|p1a: de Havilland|Masquerain, L50, F|100\/100\n|switch|p1b: Armavee|Coalossal, L50, M|100\/100\n|switch|p2a: Chi-Yu|Chi-Yu, L50|100\/100\n|switch|p2b: Dachsbun|Dachsbun, L50, M|100\/100\n|-ability|p2a: Chi-Yu|Beads of Ruin\n|-ability|p1a: de Havilland|Intimidate|boost\n|-unboost|p2a: Chi-Yu|atk|1\n|-unboost|p2b: Dachsbun|atk|1\n|turn|1\n|\n|t:|1681766768\n|move|p1a: de Havilland|Aqua Jet|p1b: Armavee\n|-supereffective|p1b: Armavee\n|-damage|p1b: Armavee|83\/100\n|-ability|p1b: Armavee|Steam Engine|boost\n|-boost|p1b: Armavee|spe|6\n|-enditem|p1b: Armavee|Weakness Policy\n|-boost|p1b: Armavee|atk|2|[from] item: Weakness Policy\n|-boost|p1b: Armavee|spa|2|[from] item: Weakness Policy\n|move|p1b: Armavee|Power Gem|p2a: Chi-Yu\n|-supereffective|p2a: Chi-Yu\n|-damage|p2a: Chi-Yu|0 fnt\n|faint|p2a: Chi-Yu\n|move|p2b: Dachsbun|Body Press|p1b: Armavee\n|-supereffective|p1b: Armavee\n|-damage|p1b: Armavee|46\/100\n|\n|upkeep\n|\n|t:|1681766783\n|switch|p2a: Dragapult|Dragapult, L50, M|100\/100\n|turn|2\n|\n|t:|1681766810\n|switch|p1a: Toad|Amoonguss, L50, F|100\/100\n|-terastallize|p1b: Armavee|Grass\n|move|p1b: Armavee|Power Gem|p2b: Dachsbun\n|-damage|p2b: Dachsbun|37\/100\n|move|p2a: Dragapult|Phantom Force||[still]\n|-prepare|p2a: Dragapult|Phantom Force\n|move|p2b: Dachsbun|Body Press|p1b: Armavee\n|-damage|p1b: Armavee|27\/100\n|\n|-heal|p2b: Dachsbun|43\/100|[from] item: Leftovers\n|upkeep\n|turn|3\n|\n|t:|1681766829\n|move|p1a: Toad|Rage Powder|p1a: Toad\n|-singleturn|p1a: Toad|move: Rage Powder\n|move|p1b: Armavee|Power Gem|p2b: Dachsbun\n|-damage|p2b: Dachsbun|0 fnt\n|faint|p2b: Dachsbun\n|move|p2a: Dragapult|Phantom Force|p1a: Toad|[from]lockedmove\n|-crit|p1a: Toad\n|-damage|p1a: Toad|43\/100\n|\n|upkeep\n|\n|t:|1681766838\n|switch|p2b: Coalossal|Coalossal, L50, M|100\/100\n|turn|4\n|\n|t:|1681766855\n|-terastallize|p2b: Coalossal|Grass\n|move|p1b: Armavee|Power Gem|p2b: Coalossal\n|-damage|p2b: Coalossal|49\/100\n|move|p2a: Dragapult|Surf|p1b: Armavee|[spread] p2b,p1a,p1b\n|-resisted|p2b: Coalossal\n|-resisted|p1a: Toad\n|-resisted|p1b: Armavee\n|-damage|p2b: Coalossal|43\/100\n|-damage|p1a: Toad|38\/100\n|-damage|p1b: Armavee|19\/100\n|-ability|p2b: Coalossal|Steam Engine|boost\n|-boost|p2b: Coalossal|spe|6\n|-enditem|p2b: Coalossal|Absorb Bulb\n|-boost|p2b: Coalossal|spa|1|[from] item: Absorb Bulb\n|move|p2b: Coalossal|Heat Wave|p1b: Armavee|[spread] p1a,p1b\n|-supereffective|p1a: Toad\n|-supereffective|p1b: Armavee\n|-damage|p1a: Toad|0 fnt\n|-damage|p1b: Armavee|0 fnt\n|faint|p1a: Toad\n|faint|p1b: Armavee\n|\n|upkeep\n|\n|t:|1681766860\n|switch|p1b: de Havilland|Masquerain, L50, F|100\/100\n|switch|p1a: Israfel|Ting-Lu, L50|100\/100\n|-ability|p1b: de Havilland|Intimidate|boost\n|-fail|p2a: Dragapult|unboost|[from] ability: Clear Body|[of] p2a: Dragapult\n|-unboost|p2b: Coalossal|atk|1\n|-ability|p1a: Israfel|Vessel of Ruin\n|turn|5\n|\n|t:|1681766883\n|move|p2a: Dragapult|Dragon Darts|p1a: Israfel\n|-damage|p1a: Israfel|85\/100\n|-anim|p2a: Dragapult|Dragon Darts|p1b: de Havilland\n|-damage|p1b: de Havilland|61\/100\n|move|p2b: Coalossal|Tera Blast|p1a: Israfel\n|-supereffective|p1a: Israfel\n|-damage|p1a: Israfel|55\/100\n|move|p1b: de Havilland|Haze|p1b: de Havilland\n|-clearallboost\n|move|p1a: Israfel|Fissure|p2a: Dragapult\n|-damage|p2a: Dragapult|0 fnt\n|faint|p2a: Dragapult\n|-ohko\n|\n|upkeep\n|turn|6\n|\n|t:|1681766907\n|move|p1b: de Havilland|Struggle Bug|p2b: Coalossal\n|-supereffective|p2b: Coalossal\n|-damage|p2b: Coalossal|21\/100\n|-unboost|p2b: Coalossal|spa|1\n|move|p1a: Israfel|Fissure|p2b: Coalossal|[miss]\n|-miss|p1a: Israfel|p2b: Coalossal\n|move|p2b: Coalossal|Heat Wave|p1b: de Havilland|[spread] p1a,p1b\n|-supereffective|p1b: de Havilland\n|-damage|p1a: Israfel|48\/100\n|-damage|p1b: de Havilland|27\/100\n|\n|upkeep\n|turn|7\n|\n|t:|1681766918\n|move|p1b: de Havilland|Struggle Bug|p2b: Coalossal\n|-supereffective|p2b: Coalossal\n|-damage|p2b: Coalossal|0 fnt\n|faint|p2b: Coalossal\n|\n|win|uhoh I poopd\n|raw|uhoh I poopd's rating: 1222 → 1241<\/strong> (+19 for winning)\n|raw|GTheDon's rating: 1136 → 1117<\/strong> (-19 for losing)\n|l|\u2606GTheDon\n","uploadtime":1681766967,"views":7,"p1id":"uhohipoopd","p2id":"gthedon","formatid":"gen9vgc2023regulationc","rating":1117,"private":0,"password":""}