{"id":"gen9vgc2023regulationc-1857362649","p1":"Quadspoon","p2":"forgot_my_pswd67","format":"[Gen 9] VGC 2023 Regulation C","log":"|j|\u2606Quadspoon\n|j|\u2606forgot_my_pswd67\n|t:|1683180341\n|gametype|doubles\n|player|p1|Quadspoon|102|1243\n|player|p2|forgot_my_pswd67|hugh|1209\n|teamsize|p1|6\n|teamsize|p2|6\n|gen|9\n|tier|[Gen 9] VGC 2023 Regulation C\n|rated|\n|rule|Species Clause: Limit one of each Pok\u00e9mon\n|rule|Item Clause: Limit one of each item\n|clearpoke\n|poke|p1|Bronzong, L50|\n|poke|p1|Wo-Chien, L50|\n|poke|p1|Baxcalibur, L50, M|\n|poke|p1|Torkoal, L50, M|\n|poke|p1|Slither Wing, L50|\n|poke|p1|Hatterene, L50, F|\n|poke|p2|Annihilape, L50, M|\n|poke|p2|Arcanine, L50, F|\n|poke|p2|Iron Bundle, L50|\n|poke|p2|Gholdengo, L50|\n|poke|p2|Garganacl, L50, F|\n|poke|p2|Maushold, L50|\n|teampreview|4\n|\n|t:|1683180373\n|start\n|switch|p1a: Bronzong|Bronzong, L50|100\/100\n|switch|p1b: Wo-Chien|Wo-Chien, L50|100\/100\n|switch|p2a: Garganacl|Garganacl, L50, F|100\/100\n|switch|p2b: uvo|Annihilape, L50, M|100\/100\n|-ability|p1b: Wo-Chien|Tablets of Ruin\n|turn|1\n|\n|t:|1683180407\n|-terastallize|p1a: Bronzong|Fire\n|move|p2b: uvo|Bulk Up|p2b: uvo\n|-boost|p2b: uvo|atk|1\n|-boost|p2b: uvo|def|1\n|move|p1b: Wo-Chien|Leaf Storm|p2a: Garganacl\n|-supereffective|p2a: Garganacl\n|-damage|p2a: Garganacl|15\/100\n|-unboost|p1b: Wo-Chien|spa|2\n|-enditem|p1b: Wo-Chien|Eject Pack\n|-enditem|p2a: Garganacl|Aguav Berry|[eat]\n|-heal|p2a: Garganacl|49\/100|[from] item: Aguav Berry\n|\n|t:|1683180423\n|switch|p1b: Baxcalibur|Baxcalibur, L50, M|100\/100\n|move|p2a: Garganacl|Body Press|p1b: Baxcalibur\n|-supereffective|p1b: Baxcalibur\n|-damage|p1b: Baxcalibur|56\/100\n|move|p1a: Bronzong|Trick Room|p1a: Bronzong\n|-fieldstart|move: Trick Room|[of] p1a: Bronzong\n|\n|upkeep\n|turn|2\n|\n|t:|1683180462\n|move|p1a: Bronzong|Helping Hand|p1b: Baxcalibur\n|-singleturn|p1b: Baxcalibur|Helping Hand|[of] p1a: Bronzong\n|move|p2a: Garganacl|Salt Cure|p1a: Bronzong\n|-supereffective|p1a: Bronzong\n|-damage|p1a: Bronzong|73\/100\n|-start|p1a: Bronzong|Salt Cure\n|move|p1b: Baxcalibur|Earthquake|p2a: Garganacl|[spread] p2a,p2b\n|-immune|p1a: Bronzong|[from] ability: Levitate\n|-supereffective|p2a: Garganacl\n|-damage|p2a: Garganacl|0 fnt\n|-damage|p2b: uvo|59\/100\n|faint|p2a: Garganacl\n|move|p2b: uvo|Drain Punch|p1b: Baxcalibur\n|-supereffective|p1b: Baxcalibur\n|-damage|p1b: Baxcalibur|0 fnt\n|-heal|p2b: uvo|92\/100|[from] drain|[of] p1b: Baxcalibur\n|faint|p1b: Baxcalibur\n|\n|-heal|p2b: uvo|98\/100|[from] item: Leftovers\n|-damage|p1a: Bronzong|61\/100|[from] Salt Cure\n|upkeep\n|\n|t:|1683180495\n|switch|p2a: Iron Bundle|Iron Bundle, L50|100\/100\n|switch|p1b: Hatterene|Hatterene, L50, F|100\/100\n|-enditem|p2a: Iron Bundle|Booster Energy\n|-activate|p2a: Iron Bundle|ability: Quark Drive|[fromitem]\n|-start|p2a: Iron Bundle|quarkdrivespa\n|turn|3\n|\n|t:|1683180516\n|move|p1a: Bronzong|Helping Hand|p1b: Hatterene\n|-singleturn|p1b: Hatterene|Helping Hand|[of] p1a: Bronzong\n|move|p2a: Iron Bundle|Protect|p2a: Iron Bundle\n|-singleturn|p2a: Iron Bundle|Protect\n|move|p1b: Hatterene|Dazzling Gleam|p2a: Iron Bundle|[spread] p2b\n|-activate|p2a: Iron Bundle|move: Protect\n|-supereffective|p2b: uvo\n|-damage|p2b: uvo|14\/100\n|move|p2b: uvo|Drain Punch|p1a: Bronzong\n|-damage|p1a: Bronzong|18\/100\n|-heal|p2b: uvo|33\/100|[from] drain|[of] p1a: Bronzong\n|\n|-heal|p2b: uvo|40\/100|[from] item: Leftovers\n|-damage|p1a: Bronzong|6\/100|[from] Salt Cure\n|upkeep\n|turn|4\n|\n|t:|1683180555\n|-end|p2a: Iron Bundle|Quark Drive|[silent]\n|switch|p2a: cachoro|Arcanine, L50, F|100\/100\n|-ability|p2a: cachoro|Intimidate|boost\n|-unboost|p1a: Bronzong|atk|1\n|-unboost|p1b: Hatterene|atk|1\n|move|p2b: uvo|Protect|p2b: uvo\n|-singleturn|p2b: uvo|Protect\n|move|p1a: Bronzong|Gyro Ball|p2a: cachoro\n|-resisted|p2a: cachoro\n|-damage|p2a: cachoro|91\/100\n|move|p1b: Hatterene|Dazzling Gleam|p2b: uvo|[spread] p2a\n|-activate|p2b: uvo|move: Protect\n|-resisted|p2a: cachoro\n|-damage|p2a: cachoro|75\/100\n|\n|-heal|p2b: uvo|46\/100|[from] item: Leftovers\n|-damage|p1a: Bronzong|0 fnt|[from] Salt Cure\n|faint|p1a: Bronzong\n|upkeep\n|\n|t:|1683180567\n|switch|p1a: Wo-Chien|Wo-Chien, L50|100\/100\n|-ability|p1a: Wo-Chien|Tablets of Ruin\n|turn|5\n|\n|t:|1683180599\n|-terastallize|p2b: uvo|Fire\n|move|p1b: Hatterene|Dazzling Gleam|p2b: uvo|[spread] p2a,p2b\n|-resisted|p2a: cachoro\n|-resisted|p2b: uvo\n|-damage|p2a: cachoro|60\/100\n|-damage|p2b: uvo|32\/100\n|move|p1a: Wo-Chien|Substitute|p1a: Wo-Chien\n|-start|p1a: Wo-Chien|Substitute\n|-damage|p1a: Wo-Chien|76\/100\n|move|p2b: uvo|Drain Punch|p1a: Wo-Chien\n|-supereffective|p1a: Wo-Chien\n|-end|p1a: Wo-Chien|Substitute\n|-heal|p2b: uvo|44\/100|[from] drain|[of] p1a: Wo-Chien\n|move|p2a: cachoro|Snarl|p1a: Wo-Chien|[spread] p1a,p1b\n|-resisted|p1a: Wo-Chien\n|-damage|p1a: Wo-Chien|73\/100\n|-damage|p1b: Hatterene|94\/100\n|-unboost|p1a: Wo-Chien|spa|1\n|-unboost|p1b: Hatterene|spa|1\n|\n|-heal|p2b: uvo|50\/100|[from] item: Leftovers\n|-fieldend|move: Trick Room\n|upkeep\n|turn|6\n|\n|t:|1683180623\n|move|p2a: cachoro|Extreme Speed|p1b: Hatterene\n|-damage|p1b: Hatterene|74\/100\n|move|p2b: uvo|Rage Fist|p1b: Hatterene\n|-supereffective|p1b: Hatterene\n|-damage|p1b: Hatterene|0 fnt\n|faint|p1b: Hatterene\n|move|p1a: Wo-Chien|Dark Pulse|p2b: uvo\n|-damage|p2b: uvo|30\/100\n|\n|-heal|p2b: uvo|36\/100|[from] item: Leftovers\n|upkeep\n|turn|7\n|-message|Quadspoon forfeited.\n|\n|win|forgot_my_pswd67\n|raw|Quadspoon's rating: 1243 → 1216<\/strong> (-27 for losing)\n|raw|forgot_my_pswd67's rating: 1209 → 1236<\/strong> (+27 for winning)\n|l|\u2606Quadspoon\n","uploadtime":1683180639,"views":10,"p1id":"quadspoon","p2id":"forgotmypswd67","formatid":"gen9vgc2023regulationc","rating":1216,"private":0,"password":""}