{"id":"gen9vgc2023regulationc-1861133708","p1":"Dragon Master Rosa","p2":"Aigashu-15","format":"[Gen 9] VGC 2023 Regulation C","log":"|j|\u2606Dragon Master Rosa\n|j|\u2606Aigashu-15\n|t:|1683729543\n|gametype|doubles\n|player|p1|Dragon Master Rosa|rosa|1169\n|player|p2|Aigashu-15|102|1103\n|teamsize|p1|6\n|teamsize|p2|6\n|gen|9\n|tier|[Gen 9] VGC 2023 Regulation C\n|rated|\n|rule|Species Clause: Limit one of each Pok\u00e9mon\n|rule|Item Clause: Limit one of each item\n|clearpoke\n|poke|p1|Ting-Lu, L50|\n|poke|p1|Iron Hands, L50|\n|poke|p1|Flutter Mane, L50|\n|poke|p1|Amoonguss, L50, F|\n|poke|p1|Arcanine, L50, F|\n|poke|p1|Palafin, L50, M|\n|poke|p2|Arboliva, L50, M|\n|poke|p2|Iron Hands, L50|\n|poke|p2|Farigiraf, L50, M|\n|poke|p2|Ceruledge, L50, M|\n|poke|p2|Corviknight, L50, F|\n|poke|p2|Palafin, L50, F|\n|teampreview|4\nDragon Master Rosa has agreed to open team sheets.\nAigashu-15 has agreed to open team sheets.\n|inactive|Battle timer is ON: inactive players will automatically lose when time's up. (requested by Aigashu-15)\n|\n|t:|1683729589\n|start\n|switch|p1a: Iron Hands|Iron Hands, L50|100\/100\n|switch|p1b: Flutter Mane|Flutter Mane, L50|100\/100\n|switch|p2a: Agamenon|Farigiraf, L50, M|100\/100\n|switch|p2b: Majar\u00e9|Arboliva, L50, M, shiny|100\/100\n|turn|1\n|inactive|Dragon Master Rosa has 30 seconds left.\n|\n|t:|1683729617\n|move|p1b: Flutter Mane|Moonblast|p2a: Agamenon\n|-damage|p2a: Agamenon|36\/100\n|move|p1a: Iron Hands|Drain Punch|p2b: Majar\u00e9\n|-supereffective|p2b: Majar\u00e9\n|-damage|p2b: Majar\u00e9|8\/100\n|-fieldstart|move: Grassy Terrain|[from] ability: Seed Sower|[of] p2b: Majar\u00e9\n|move|p2b: Majar\u00e9|Strength Sap|p1a: Iron Hands\n|-unboost|p1a: Iron Hands|atk|1\n|-heal|p2b: Majar\u00e9|100\/100\n|move|p2a: Agamenon|Trick Room|p2a: Agamenon\n|-fieldstart|move: Trick Room|[of] p2a: Agamenon\n|\n|-heal|p2a: Agamenon|42\/100|[from] Grassy Terrain\n|upkeep\n|turn|2\n|inactive|Dragon Master Rosa has 30 seconds left.\n|inactive|Aigashu-15 has 30 seconds left.\n|\n|t:|1683729651\n|move|p2a: Agamenon|Psychic|p1a: Iron Hands\n|-supereffective|p1a: Iron Hands\n|-damage|p1a: Iron Hands|48\/100\n|move|p2b: Majar\u00e9|Hyper Voice|p1a: Iron Hands|[spread] p1a\n|-immune|p1b: Flutter Mane\n|-damage|p1a: Iron Hands|19\/100\n|-enditem|p2b: Majar\u00e9|Throat Spray\n|-boost|p2b: Majar\u00e9|spa|1|[from] item: Throat Spray\n|move|p1a: Iron Hands|Swords Dance|p1a: Iron Hands\n|-boost|p1a: Iron Hands|atk|2\n|move|p1b: Flutter Mane|Moonblast|p2a: Agamenon\n|-damage|p2a: Agamenon|0 fnt\n|faint|p2a: Agamenon\n|\n|-heal|p1a: Iron Hands|25\/100|[from] Grassy Terrain\n|upkeep\n|\n|t:|1683729667\n|switch|p2a: Amelio|Ceruledge, L50, M|100\/100\n|-enditem|p2a: Amelio|Room Service\n|-unboost|p2a: Amelio|spe|1|[from] item: Room Service\n|turn|3\n|\n|t:|1683729691\n|-end|p1a: Iron Hands|Quark Drive|[silent]\n|switch|p1a: Palafin|Palafin, L50, M|100\/100\n|-terastallize|p2a: Amelio|Flying\n|-terastallize|p1b: Flutter Mane|Fairy\n|move|p2b: Majar\u00e9|Hyper Voice|p1a: Palafin|[spread] p1a,p1b\n|-damage|p1a: Palafin|28\/100\n|-damage|p1b: Flutter Mane|52\/100\n|move|p2a: Amelio|Bulk Up|p2a: Amelio\n|-boost|p2a: Amelio|atk|1\n|-boost|p2a: Amelio|def|1\n|move|p1b: Flutter Mane|Moonblast|p2b: Majar\u00e9\n|-damage|p2b: Majar\u00e9|2\/100\n|\n|-heal|p2b: Majar\u00e9|8\/100|[from] Grassy Terrain\n|-heal|p1a: Palafin|33\/100|[from] Grassy Terrain\n|-heal|p1b: Flutter Mane|57\/100|[from] Grassy Terrain\n|upkeep\n|turn|4\n|inactive|Aigashu-15 has 30 seconds left.\n|inactive|Aigashu-15 has 20 seconds left.\n|inactive|Dragon Master Rosa has 30 seconds left.\n|inactive|Aigashu-15 has 15 seconds left.\n|inactive|Aigashu-15 has 10 seconds left.\n|inactive|Aigashu-15 has 5 seconds left.\n|\n|t:|1683729744\n|-end|p1b: Flutter Mane|Protosynthesis|[silent]\n|switch|p1b: Iron Hands|Iron Hands, L50|25\/100\n|move|p1a: Palafin|Jet Punch|p2b: Majar\u00e9\n|-resisted|p2b: Majar\u00e9\n|-damage|p2b: Majar\u00e9|0 fnt\n|faint|p2b: Majar\u00e9\n|move|p2a: Amelio|Bulk Up|p2a: Amelio\n|-boost|p2a: Amelio|atk|1\n|-boost|p2a: Amelio|def|1\n|\n|-heal|p1b: Iron Hands|31\/100|[from] Grassy Terrain\n|-heal|p1a: Palafin|39\/100|[from] Grassy Terrain\n|upkeep\n|\n|t:|1683729751\n|switch|p2b: KenobiDos|Corviknight, L50, F|100\/100\n|turn|5\n|inactive|Dragon Master Rosa has 30 seconds left.\n|\n|t:|1683729781\n|move|p1b: Iron Hands|Fake Out|p2b: KenobiDos\n|-resisted|p2b: KenobiDos\n|-damage|p2b: KenobiDos|95\/100\n|move|p2a: Amelio|Shadow Sneak|p1a: Palafin\n|-damage|p1a: Palafin|0 fnt\n|faint|p1a: Palafin\n|cant|p2b: KenobiDos|flinch\n|\n|-heal|p1b: Iron Hands|37\/100|[from] Grassy Terrain\n|-fieldend|move: Trick Room\n|-fieldend|move: Grassy Terrain\n|upkeep\n|\n|t:|1683729786\n|switch|p1a: Flutter Mane|Flutter Mane, L50, tera:Fairy|57\/100\n|turn|6\n|\n|t:|1683729798\n|move|p1a: Flutter Mane|Thunderbolt|p2b: KenobiDos\n|-supereffective|p2b: KenobiDos\n|-damage|p2b: KenobiDos|16\/100\n|move|p2b: KenobiDos|Brave Bird|p1b: Iron Hands\n|-damage|p1b: Iron Hands|8\/100\n|-damage|p2b: KenobiDos|5\/100|[from] Recoil\n|move|p1b: Iron Hands|Wild Charge|p2a: Amelio\n|-supereffective|p2a: Amelio\n|-damage|p2a: Amelio|46\/100\n|-damage|p1b: Iron Hands|0 fnt|[from] Recoil\n|faint|p1b: Iron Hands\n|-end|p1b: Iron Hands|Quark Drive|[silent]\n|move|p2a: Amelio|Bitter Blade|p1a: Flutter Mane\n|-damage|p1a: Flutter Mane|0 fnt\n|-heal|p2a: Amelio|69\/100|[from] drain|[of] p1a: Flutter Mane\n|faint|p1a: Flutter Mane\n|-end|p1a: Flutter Mane|Protosynthesis|[silent]\n|\n|upkeep\n|c|\u2606Aigashu-15|gg\n|\n|t:|1683729813\n|switch|p1b: Ting-Lu|Ting-Lu, L50|100\/100\n|-ability|p1b: Ting-Lu|Vessel of Ruin\n|turn|7\n|inactive|Aigashu-15 has 30 seconds left.\n|c|\u2606Dragon Master Rosa|gg\n|inactive|Aigashu-15 has 20 seconds left.\n|\n|t:|1683729850\n|move|p2a: Amelio|Shadow Sneak|p1b: Ting-Lu\n|-resisted|p1b: Ting-Lu\n|-damage|p1b: Ting-Lu|88\/100\n|move|p2b: KenobiDos|Iron Head|p1b: Ting-Lu\n|-damage|p1b: Ting-Lu|69\/100\n|move|p1b: Ting-Lu|Rock Slide|p2a: Amelio|[spread] p2a,p2b\n|-supereffective|p2a: Amelio\n|-crit|p2b: KenobiDos\n|-damage|p2a: Amelio|47\/100\n|-damage|p2b: KenobiDos|0 fnt\n|faint|p2b: KenobiDos\n|\n|upkeep\n|turn|8\n|\n|t:|1683729858\n|move|p1b: Ting-Lu|Rock Slide|p2a: Amelio\n|-supereffective|p2a: Amelio\n|-damage|p2a: Amelio|21\/100\n|move|p2a: Amelio|Bitter Blade|p1b: Ting-Lu\n|-damage|p1b: Ting-Lu|13\/100\n|-heal|p2a: Amelio|59\/100|[from] drain|[of] p1b: Ting-Lu\n|\n|upkeep\n|turn|9\n|c|\u2606Aigashu-15|gg\n|\n|t:|1683729867\n|move|p1b: Ting-Lu|Rock Slide|p2a: Amelio\n|-supereffective|p2a: Amelio\n|-damage|p2a: Amelio|34\/100\n|move|p2a: Amelio|Bitter Blade|p1b: Ting-Lu\n|-damage|p1b: Ting-Lu|0 fnt\n|-heal|p2a: Amelio|43\/100|[from] drain|[of] p1b: Ting-Lu\n|faint|p1b: Ting-Lu\n|\n|win|Aigashu-15\n|raw|Dragon Master Rosa's rating: 1169 → 1139<\/strong> (-30 for losing)\n|raw|Aigashu-15's rating: 1103 → 1133<\/strong> (+30 for winning)\n|l|\u2606Dragon Master Rosa\n|c|\u2606Aigashu-15|nice match\n","uploadtime":1683729878,"views":7,"p1id":"dragonmasterrosa","p2id":"aigashu15","formatid":"gen9vgc2023regulationc","rating":1133,"private":0,"password":""}