{"id":"gen9vgc2023regulationc-1845307115","p1":"Sumo'sWeenusVGC","p2":"BTBFHYCB","format":"[Gen 9] VGC 2023 Regulation C","log":"|j|\u2606Sumo'sWeenusVGC\n|j|\u2606BTBFHYCB\n|t:|1681711800\n|gametype|doubles\n|player|p1|Sumo'sWeenusVGC|colress|1177\n|player|p2|BTBFHYCB|170|1218\n|teamsize|p1|6\n|teamsize|p2|6\n|gen|9\n|tier|[Gen 9] VGC 2023 Regulation C\n|rated|\n|rule|Species Clause: Limit one of each Pok\u00e9mon\n|rule|Item Clause: Limit one of each item\n|clearpoke\n|poke|p1|Ting-Lu, L50|\n|poke|p1|Wo-Chien, L50|\n|poke|p1|Flutter Mane, L50|\n|poke|p1|Glimmora, L50, F|\n|poke|p1|Palafin, L50, F|\n|poke|p1|Arcanine, L50, M|\n|poke|p2|Chi-Yu, L50|\n|poke|p2|Murkrow, L50, M|\n|poke|p2|Roaring Moon, L50|\n|poke|p2|Arcanine, L50, M|\n|poke|p2|Flutter Mane, L50|\n|poke|p2|Great Tusk, L50|\n|teampreview|4\n|inactive|Battle timer is ON: inactive players will automatically lose when time's up. (requested by Sumo'sWeenusVGC)\nSumo'sWeenusVGC has agreed to open team sheets.\n|inactive|Sumo'sWeenusVGC has 60 seconds left.\n|inactive|BTBFHYCB has 60 seconds left.\nBTBFHYCB has agreed to open team sheets.\n|inactive|Sumo'sWeenusVGC has 30 seconds left.\n|inactive|BTBFHYCB has 30 seconds left.\n|c|\u2606Sumo'sWeenusVGC|gl hf\n|\n|t:|1681711883\n|start\n|switch|p1a: Ting-Lu|Ting-Lu, L50|100\/100\n|switch|p1b: Bad Dolphin|Palafin, L50, F, shiny|100\/100\n|switch|p2a: Murkrow|Murkrow, L50, M|100\/100\n|switch|p2b: Chi-Yu|Chi-Yu, L50|100\/100\n|-ability|p2b: Chi-Yu|Beads of Ruin\n|-ability|p1a: Ting-Lu|Vessel of Ruin\n|turn|1\n|inactive|BTBFHYCB has 30 seconds left.\n|inactive|BTBFHYCB has 20 seconds left.\n|inactive|BTBFHYCB has 15 seconds left.\n|\n|t:|1681711927\n|-terastallize|p2b: Chi-Yu|Ghost\n|-terastallize|p1b: Bad Dolphin|Water\n|move|p1b: Bad Dolphin|Jet Punch|p2b: Chi-Yu\n|-damage|p2b: Chi-Yu|47\/100\n|move|p2a: Murkrow|Sunny Day|p2a: Murkrow\n|-weather|SunnyDay\n|move|p2b: Chi-Yu|Heat Wave|p1a: Ting-Lu|[spread] p1a,p1b\n|-resisted|p1b: Bad Dolphin\n|-damage|p1a: Ting-Lu|69\/100\n|-damage|p1b: Bad Dolphin|67\/100\n|move|p1a: Ting-Lu|Stomping Tantrum|p2b: Chi-Yu\n|-damage|p2b: Chi-Yu|5\/100\n|\n|-weather|SunnyDay|[upkeep]\n|upkeep\n|turn|2\n|inactive|Sumo'sWeenusVGC has 30 seconds left.\n|\n|t:|1681711955\n|switch|p2b: Roaring Moon|Roaring Moon, L50|100\/100\n|-activate|p2b: Roaring Moon|ability: Protosynthesis\n|-start|p2b: Roaring Moon|protosynthesisatk\n|switch|p1a: Wo-Chien|Wo-Chien, L50|100\/100\n|-ability|p1a: Wo-Chien|Tablets of Ruin\n|move|p1b: Bad Dolphin|Jet Punch|p2b: Roaring Moon\n|-resisted|p2b: Roaring Moon\n|-damage|p2b: Roaring Moon|92\/100\n|move|p2a: Murkrow|Foul Play|p1b: Bad Dolphin\n|-damage|p1b: Bad Dolphin|38\/100\n|\n|-weather|SunnyDay|[upkeep]\n|upkeep\n|turn|3\n|inactive|BTBFHYCB has 30 seconds left.\n|\n|t:|1681711980\n|detailschange|p1b: Bad Dolphin|Palafin-Hero, L50, F, shiny, tera:Water\n|switch|p1b: Ting-Lu|Ting-Lu, L50|69\/100\n|-ability|p1b: Ting-Lu|Vessel of Ruin\n|move|p2b: Roaring Moon|U-turn|p1a: Wo-Chien\n|-supereffective|p1a: Wo-Chien\n|-damage|p1a: Wo-Chien|0 fnt\n|faint|p1a: Wo-Chien\n|\n|t:|1681711991\n|-end|p2b: Roaring Moon|Protosynthesis|[silent]\n|switch|p2b: Chi-Yu|Chi-Yu, L50, tera:Ghost|5\/100|[from] U-turn\n|-ability|p2b: Chi-Yu|Beads of Ruin\n|move|p2a: Murkrow|Foul Play|p1b: Ting-Lu\n|-resisted|p1b: Ting-Lu\n|-damage|p1b: Ting-Lu|62\/100\n|\n|-weather|SunnyDay|[upkeep]\n|upkeep\n|\n|t:|1681712002\n|switch|p1a: Bad Dolphin|Palafin-Hero, L50, F, shiny, tera:Water|38\/100\n|-activate|p1a: Bad Dolphin|ability: Zero to Hero\n|turn|4\n|\n|t:|1681712017\n|move|p1a: Bad Dolphin|Jet Punch|p2b: Chi-Yu\n|-damage|p2b: Chi-Yu|0 fnt\n|faint|p2b: Chi-Yu\n|move|p2a: Murkrow|Foul Play|p1a: Bad Dolphin\n|-damage|p1a: Bad Dolphin|0 fnt\n|faint|p1a: Bad Dolphin\n|move|p1b: Ting-Lu|Heavy Slam|p2a: Murkrow\n|-damage|p2a: Murkrow|71\/100\n|\n|-weather|SunnyDay|[upkeep]\n|upkeep\n|\n|t:|1681712029\n|switch|p2b: Roaring Moon|Roaring Moon, L50|92\/100\n|switch|p1a: Flutter Mane|Flutter Mane, L50, shiny|100\/100\n|-activate|p2b: Roaring Moon|ability: Protosynthesis\n|-start|p2b: Roaring Moon|protosynthesisatk\n|-activate|p1a: Flutter Mane|ability: Protosynthesis\n|-start|p1a: Flutter Mane|protosynthesisspa\n|turn|5\n|inactive|Sumo'sWeenusVGC has 30 seconds left.\n|inactive|Sumo'sWeenusVGC has 20 seconds left.\n|\n|t:|1681712067\n|move|p2a: Murkrow|Tailwind|p2a: Murkrow\n|-sidestart|p2: BTBFHYCB|move: Tailwind\n|move|p2b: Roaring Moon|Crunch|p1a: Flutter Mane\n|-crit|p1a: Flutter Mane\n|-damage|p1a: Flutter Mane|0 fnt\n|faint|p1a: Flutter Mane\n|-end|p1a: Flutter Mane|Protosynthesis|[silent]\n|move|p1b: Ting-Lu|Heavy Slam|p2a: Murkrow\n|-damage|p2a: Murkrow|39\/100\n|\n|-weather|none\n|-end|p2b: Roaring Moon|Protosynthesis\n|upkeep\n|turn|6\n|\n|t:|1681712084\n|-end|p2b: Roaring Moon|Protosynthesis|[silent]\n|switch|p2b: Great Tusk|Great Tusk, L50|100\/100\n|move|p2a: Murkrow|Sunny Day|p2a: Murkrow\n|-weather|SunnyDay\n|-activate|p2b: Great Tusk|ability: Protosynthesis\n|-start|p2b: Great Tusk|protosynthesisatk\n|move|p1b: Ting-Lu|Fissure|p2b: Great Tusk|[miss]\n|-miss|p1b: Ting-Lu|p2b: Great Tusk\n|\n|-weather|SunnyDay|[upkeep]\n|upkeep\n|turn|7\n|\n|t:|1681712102\n|move|p2b: Great Tusk|Ice Spinner|p1b: Ting-Lu\n|-supereffective|p1b: Ting-Lu\n|-damage|p1b: Ting-Lu|33\/100\n|move|p2a: Murkrow|Foul Play|p1b: Ting-Lu\n|-resisted|p1b: Ting-Lu\n|-damage|p1b: Ting-Lu|25\/100\n|move|p1b: Ting-Lu|Fissure|p2b: Great Tusk\n|-enditem|p2b: Great Tusk|Focus Sash\n|-damage|p2b: Great Tusk|1\/100\n|\n|-weather|SunnyDay|[upkeep]\n|upkeep\n|turn|8\n|\n|t:|1681712116\n|move|p2b: Great Tusk|Earthquake|p1b: Ting-Lu|[spread] p1b\n|-immune|p2a: Murkrow\n|-damage|p1b: Ting-Lu|3\/100\n|move|p2a: Murkrow|Foul Play|p1b: Ting-Lu\n|-resisted|p1b: Ting-Lu\n|-damage|p1b: Ting-Lu|0 fnt\n|faint|p1b: Ting-Lu\n|\n|win|BTBFHYCB\n|raw|Sumo'sWeenusVGC's rating: 1177 → 1155<\/strong> (-22 for losing)\n|raw|BTBFHYCB's rating: 1218 → 1240<\/strong> (+22 for winning)\n|c|\u2606Sumo'sWeenusVGC|gg\n|l|\u2606BTBFHYCB\n","uploadtime":1681712129,"views":9,"p1id":"sumosweenusvgc","p2id":"btbfhycb","formatid":"gen9vgc2023regulationc","rating":1155,"private":0,"password":""}