{"id":"gen9vgc2023regulationc-1847773690","p1":"SakiVGC","p2":"morpath17","format":"[Gen 9] VGC 2023 Regulation C","log":"|j|\u2606SakiVGC\n|j|\u2606morpath17\n|t:|1682000800\n|gametype|doubles\n|player|p1|SakiVGC|rosa|1067\n|player|p2|morpath17|brawly|1017\n|teamsize|p1|6\n|teamsize|p2|6\n|gen|9\n|tier|[Gen 9] VGC 2023 Regulation C\n|rated|\n|rule|Species Clause: Limit one of each Pok\u00e9mon\n|rule|Item Clause: Limit one of each item\n|clearpoke\n|poke|p1|Gastrodon, L50, F|\n|poke|p1|Dragonite, L50, F|\n|poke|p1|Dondozo, L50, M|\n|poke|p1|Arcanine, L50, M|\n|poke|p1|Chien-Pao, L50|\n|poke|p1|Tatsugiri, L50, M|\n|poke|p2|Flutter Mane, L50|\n|poke|p2|Ceruledge, L50, F|\n|poke|p2|Espathra, L50, F|\n|poke|p2|Gyarados, L50, F|\n|poke|p2|Corviknight, L50, F|\n|poke|p2|Murkrow, L50, F|\n|teampreview|4\n|inactive|Battle timer is ON: inactive players will automatically lose when time's up. (requested by SakiVGC)\nSakiVGC has agreed to open team sheets.\n|inactive|SakiVGC has 60 seconds left.\n|\n|t:|1682000844\n|start\n|switch|p1a: Dragonite|Dragonite, L50, F|100\/100\n|switch|p1b: Arcanine|Arcanine, L50, M|100\/100\n|switch|p2a: Murkrow|Murkrow, L50, F|100\/100\n|switch|p2b: Corviknight|Corviknight, L50, F|100\/100\n|-ability|p1b: Arcanine|Intimidate|boost\n|-unboost|p2a: Murkrow|atk|1\n|-ability|p2b: Corviknight|Mirror Armor\n|-unboost|p1b: Arcanine|atk|1\n|turn|1\n|\n|t:|1682000865\n|-terastallize|p2b: Corviknight|Flying\n|move|p1b: Arcanine|Extreme Speed|p2a: Murkrow\n|-damage|p2a: Murkrow|86\/100\n|move|p1a: Dragonite|Extreme Speed|p2a: Murkrow\n|-damage|p2a: Murkrow|47\/100\n|move|p2a: Murkrow|Tailwind|p2a: Murkrow\n|-sidestart|p2: morpath17|move: Tailwind\n|move|p2b: Corviknight|Brave Bird|p1a: Dragonite\n|-damage|p1a: Dragonite|0 fnt\n|faint|p1a: Dragonite\n|-damage|p2b: Corviknight|69\/100|[from] Recoil\n|\n|upkeep\n|\n|t:|1682000880\n|switch|p1a: Chien-Pao|Chien-Pao, L50|100\/100\n|-ability|p1a: Chien-Pao|Sword of Ruin\n|turn|2\n|\n|t:|1682000890\n|move|p1b: Arcanine|Extreme Speed|p2b: Corviknight\n|-damage|p2b: Corviknight|49\/100\n|move|p2a: Murkrow|Perish Song|p2a: Murkrow\n|-start|p1a: Chien-Pao|perish3|[silent]\n|-start|p1b: Arcanine|perish3|[silent]\n|-start|p2a: Murkrow|perish3|[silent]\n|-start|p2b: Corviknight|perish3|[silent]\n|-fieldactivate|move: Perish Song\n|move|p1a: Chien-Pao|Sucker Punch|p2b: Corviknight\n|-damage|p2b: Corviknight|0 fnt\n|faint|p2b: Corviknight\n|\n|-start|p2a: Murkrow|perish3\n|-start|p1a: Chien-Pao|perish3\n|-start|p1b: Arcanine|perish3\n|upkeep\n|\n|t:|1682000907\n|switch|p2b: Espathra|Espathra, L50, F|100\/100\n|turn|3\n|inactive|SakiVGC has 30 seconds left.\n|\n|t:|1682000934\n|switch|p1a: Gastrodon|Gastrodon, L50, F|100\/100\n|move|p2b: Espathra|Protect|p2b: Espathra\n|-singleturn|p2b: Espathra|Protect\n|move|p2a: Murkrow|Sunny Day|p2a: Murkrow\n|-weather|SunnyDay\n|move|p1b: Arcanine|Will-O-Wisp|p2a: Murkrow\n|-status|p2a: Murkrow|brn\n|\n|-weather|SunnyDay|[upkeep]\n|-damage|p2a: Murkrow|41\/100 brn|[from] brn\n|-start|p2a: Murkrow|perish2\n|-start|p1b: Arcanine|perish2\n|-ability|p2b: Espathra|Speed Boost|boost\n|-boost|p2b: Espathra|spe|1\n|upkeep\n|turn|4\n|inactive|morpath17 has 30 seconds left.\n|\n|t:|1682000959\n|move|p2b: Espathra|Calm Mind|p2b: Espathra\n|-boost|p2b: Espathra|spa|1\n|-boost|p2b: Espathra|spd|1\n|move|p2a: Murkrow|Foul Play|p1a: Gastrodon\n|-damage|p1a: Gastrodon|88\/100\n|move|p1b: Arcanine|Flare Blitz|p2b: Espathra\n|-damage|p2b: Espathra|30\/100\n|-damage|p1b: Arcanine|79\/100|[from] Recoil\n|move|p1a: Gastrodon|Clear Smog|p2b: Espathra\n|-damage|p2b: Espathra|19\/100\n|-clearboost|p2b: Espathra\n|\n|-weather|SunnyDay|[upkeep]\n|-heal|p1a: Gastrodon|94\/100|[from] item: Leftovers\n|-damage|p2a: Murkrow|35\/100 brn|[from] brn\n|-start|p2a: Murkrow|perish1\n|-start|p1b: Arcanine|perish1\n|-sideend|p2: morpath17|move: Tailwind\n|-ability|p2b: Espathra|Speed Boost|boost\n|-boost|p2b: Espathra|spe|1\n|upkeep\n|turn|5\n|inactive|SakiVGC has 30 seconds left.\n|inactive|morpath17 has 30 seconds left.\n|inactive|SakiVGC has 20 seconds left.\n|\n|t:|1682000997\n|switch|p1b: Chien-Pao|Chien-Pao, L50|100\/100\n|-ability|p1b: Chien-Pao|Sword of Ruin\n|switch|p2a: Flutter Mane|Flutter Mane, L50|100\/100\n|-activate|p2a: Flutter Mane|ability: Protosynthesis\n|-start|p2a: Flutter Mane|protosynthesisspe\n|move|p2b: Espathra|Lumina Crash|p1a: Gastrodon\n|-damage|p1a: Gastrodon|67\/100\n|-unboost|p1a: Gastrodon|spd|2\n|move|p1a: Gastrodon|Earth Power|p2a: Flutter Mane\n|-damage|p2a: Flutter Mane|74\/100\n|\n|-weather|SunnyDay|[upkeep]\n|-heal|p2a: Flutter Mane|80\/100|[from] item: Leftovers\n|-heal|p1a: Gastrodon|73\/100|[from] item: Leftovers\n|-ability|p2b: Espathra|Speed Boost|boost\n|-boost|p2b: Espathra|spe|1\n|upkeep\n|turn|6\n|inactive|morpath17 has 30 seconds left.\n|\n|t:|1682001023\n|switch|p1a: Arcanine|Arcanine, L50, M|79\/100\n|-ability|p1a: Arcanine|Intimidate|boost\n|-unboost|p2a: Flutter Mane|atk|1\n|-unboost|p2b: Espathra|atk|1\n|move|p1b: Chien-Pao|Sucker Punch|p2b: Espathra\n|-supereffective|p2b: Espathra\n|-damage|p2b: Espathra|0 fnt\n|faint|p2b: Espathra\n|move|p2a: Flutter Mane|Moonblast|p1b: Chien-Pao\n|-supereffective|p1b: Chien-Pao\n|-enditem|p1b: Chien-Pao|Focus Sash\n|-damage|p1b: Chien-Pao|1\/100\n|\n|-weather|SunnyDay|[upkeep]\n|-heal|p2a: Flutter Mane|86\/100|[from] item: Leftovers\n|upkeep\n|\n|t:|1682001039\n|switch|p2b: Murkrow|Murkrow, L50, F|35\/100 brn\n|turn|7\n|\n|t:|1682001060\n|-terastallize|p1b: Chien-Pao|Dark\n|move|p2a: Flutter Mane|Protect|p2a: Flutter Mane\n|-singleturn|p2a: Flutter Mane|Protect\n|move|p1a: Arcanine|Protect|p1a: Arcanine\n|-singleturn|p1a: Arcanine|Protect\n|move|p1b: Chien-Pao|Sucker Punch||[still]\n|-fail|p1b: Chien-Pao\n|move|p2b: Murkrow|Tailwind|p2b: Murkrow\n|-sidestart|p2: morpath17|move: Tailwind\n|\n|-weather|none\n|-end|p2a: Flutter Mane|Protosynthesis\n|-heal|p2a: Flutter Mane|92\/100|[from] item: Leftovers\n|-damage|p2b: Murkrow|29\/100 brn|[from] brn\n|upkeep\n|turn|8\n|inactive|SakiVGC has 30 seconds left.\n|\n|t:|1682001094\n|move|p1a: Arcanine|Extreme Speed|p2b: Murkrow\n|-crit|p2b: Murkrow\n|-damage|p2b: Murkrow|0 fnt\n|faint|p2b: Murkrow\n|move|p1b: Chien-Pao|Sucker Punch||[still]\n|-fail|p1b: Chien-Pao\n|move|p2a: Flutter Mane|Fake Tears|p1a: Arcanine\n|-unboost|p1a: Arcanine|spd|2\n|\n|-heal|p2a: Flutter Mane|99\/100|[from] item: Leftovers\n|upkeep\n|turn|9\n|\n|t:|1682001111\n|switch|p1a: Gastrodon|Gastrodon, L50, F|73\/100\n|move|p2a: Flutter Mane|Moonblast|p1a: Gastrodon\n|-crit|p1a: Gastrodon\n|-damage|p1a: Gastrodon|22\/100\n|move|p1b: Chien-Pao|Night Slash|p2a: Flutter Mane\n|-damage|p2a: Flutter Mane|17\/100\n|\n|-heal|p2a: Flutter Mane|23\/100|[from] item: Leftovers\n|-heal|p1a: Gastrodon|28\/100|[from] item: Leftovers\n|upkeep\n|turn|10\n|\n|t:|1682001125\n|move|p2a: Flutter Mane|Protect|p2a: Flutter Mane\n|-singleturn|p2a: Flutter Mane|Protect\n|move|p1a: Gastrodon|Protect|p1a: Gastrodon\n|-singleturn|p1a: Gastrodon|Protect\n|move|p1b: Chien-Pao|Sucker Punch||[still]\n|-fail|p1b: Chien-Pao\n|\n|-heal|p2a: Flutter Mane|30\/100|[from] item: Leftovers\n|-heal|p1a: Gastrodon|34\/100|[from] item: Leftovers\n|-sideend|p2: morpath17|move: Tailwind\n|upkeep\n|turn|11\n|\n|t:|1682001138\n|move|p1b: Chien-Pao|Sucker Punch|p2a: Flutter Mane\n|-damage|p2a: Flutter Mane|0 fnt\n|faint|p2a: Flutter Mane\n|-end|p2a: Flutter Mane|Protosynthesis|[silent]\n|\n|win|SakiVGC\n|raw|SakiVGC's rating: 1067 → 1093<\/strong> (+26 for winning)\n|raw|morpath17's rating: 1017 → 1006<\/strong> (-11 for losing)\n|l|\u2606morpath17\n","uploadtime":1682001145,"views":9,"p1id":"sakivgc","p2id":"morpath17","formatid":"gen9vgc2023regulationc","rating":1006,"private":0,"password":""}