{"id":"gen9vgc2023regulationc-1847974093","p1":"Segobuilder","p2":"ChrixsVGC","format":"[Gen 9] VGC 2023 Regulation C","log":"|j|\u2606Segobuilder\n|j|\u2606ChrixsVGC\n|t:|1682017160\n|gametype|doubles\n|player|p1|Segobuilder|170|\n|player|p2|ChrixsVGC|veteran|\n|teamsize|p1|6\n|teamsize|p2|6\n|gen|9\n|tier|[Gen 9] VGC 2023 Regulation C\n|rated|Tournament battle\n|rule|Species Clause: Limit one of each Pok\u00e9mon\n|rule|Item Clause: Limit one of each item\n|clearpoke\n|poke|p1|Annihilape, L50, M|\n|poke|p1|Maushold, L50|\n|poke|p1|Gastrodon, L50, F|\n|poke|p1|Flutter Mane, L50|\n|poke|p1|Chi-Yu, L50|\n|poke|p1|Farigiraf, L50, M|\n|poke|p2|Chi-Yu, L50|\n|poke|p2|Flutter Mane, L50|\n|poke|p2|Chien-Pao, L50|\n|poke|p2|Dragonite, L50, F|\n|poke|p2|Dondozo, L50, M|\n|poke|p2|Tatsugiri-Stretchy, L50, M|\n|teampreview|4\n|j| godlydefeater\n|j| MegaZtorm\nChrixsVGC has agreed to open team sheets.\n|j| bronzongbroomsvgc\nSegobuilder has agreed to open team sheets.\n|\n|t:|1682017181\n|start\n|switch|p1a: Annihilape|Annihilape, L50, M|100\/100\n|switch|p1b: Maushold|Maushold, L50|100\/100\n|switch|p2a: Chi-Yu|Chi-Yu, L50|100\/100\n|switch|p2b: Flutter Mane|Flutter Mane, L50|100\/100\n|-ability|p2a: Chi-Yu|Beads of Ruin\n|turn|1\n|\n|t:|1682017197\n|move|p1b: Maushold|Protect|p1b: Maushold\n|-singleturn|p1b: Maushold|Protect\n|move|p1a: Annihilape|Protect|p1a: Annihilape\n|-singleturn|p1a: Annihilape|Protect\n|move|p2a: Chi-Yu|Dark Pulse|p1a: Annihilape\n|-activate|p1a: Annihilape|move: Protect\n|move|p2b: Flutter Mane|Power Gem|p1a: Annihilape\n|-activate|p1a: Annihilape|move: Protect\n|\n|upkeep\n|turn|2\n|\n|t:|1682017212\n|-end|p2b: Flutter Mane|Protosynthesis|[silent]\n|switch|p2b: Chien-Pao|Chien-Pao, L50|100\/100\n|-ability|p2b: Chien-Pao|Sword of Ruin\n|move|p1b: Maushold|Follow Me|p1b: Maushold\n|-singleturn|p1b: Maushold|move: Follow Me\n|move|p2a: Chi-Yu|Dark Pulse|p1b: Maushold\n|-damage|p1b: Maushold|28\/100\n|move|p1a: Annihilape|Drain Punch|p2a: Chi-Yu\n|-supereffective|p2a: Chi-Yu\n|-damage|p2a: Chi-Yu|0 fnt\n|faint|p2a: Chi-Yu\n|\n|upkeep\n|\n|t:|1682017229\n|switch|p2a: Flutter Mane|Flutter Mane, L50|100\/100\n|turn|3\n|\n|t:|1682017236\n|move|p1b: Maushold|Protect|p1b: Maushold\n|-singleturn|p1b: Maushold|Protect\n|move|p1a: Annihilape|Protect|p1a: Annihilape\n|-singleturn|p1a: Annihilape|Protect\n|move|p2a: Flutter Mane|Dazzling Gleam|p1a: Annihilape|[spread] \n|-activate|p1a: Annihilape|move: Protect\n|-activate|p1b: Maushold|move: Protect\n|move|p2b: Chien-Pao|Sacred Sword|p1a: Annihilape\n|-activate|p1a: Annihilape|move: Protect\n|\n|upkeep\n|turn|4\n|\n|t:|1682017260\n|-terastallize|p1a: Annihilape|Fire\n|move|p2a: Flutter Mane|Dazzling Gleam|p1a: Annihilape|[spread] p1a,p1b\n|-resisted|p1a: Annihilape\n|-damage|p1a: Annihilape|87\/100\n|-damage|p1b: Maushold|0 fnt\n|faint|p1b: Maushold\n|move|p2b: Chien-Pao|Ice Spinner|p1a: Annihilape\n|-resisted|p1a: Annihilape\n|-damage|p1a: Annihilape|58\/100\n|move|p1a: Annihilape|Drain Punch|p2b: Chien-Pao\n|-supereffective|p2b: Chien-Pao\n|-enditem|p2b: Chien-Pao|Focus Sash\n|-damage|p2b: Chien-Pao|1\/100\n|-heal|p1a: Annihilape|96\/100|[from] drain|[of] p2b: Chien-Pao\n|\n|-heal|p1a: Annihilape|100\/100|[from] item: Leftovers\n|upkeep\n|j| rina slaywayama\n|c| godlydefeater|WHAT\n|\n|t:|1682017268\n|switch|p1b: Flutter Mane|Flutter Mane, L50|100\/100\n|-enditem|p1b: Flutter Mane|Booster Energy\n|-activate|p1b: Flutter Mane|ability: Protosynthesis|[fromitem]\n|-start|p1b: Flutter Mane|protosynthesisspe\n|turn|5\n|c| godlydefeater|sacred into a ghost type btw\n|\n|t:|1682017282\n|move|p1b: Flutter Mane|Protect|p1b: Flutter Mane\n|-singleturn|p1b: Flutter Mane|Protect\n|move|p2b: Chien-Pao|Sucker Punch||[still]\n|-fail|p2b: Chien-Pao\n|move|p2a: Flutter Mane|Dazzling Gleam|p1a: Annihilape|[spread] p1a\n|-activate|p1b: Flutter Mane|move: Protect\n|-resisted|p1a: Annihilape\n|-damage|p1a: Annihilape|82\/100\n|move|p1a: Annihilape|Rage Fist|p2a: Flutter Mane\n|-supereffective|p2a: Flutter Mane\n|-damage|p2a: Flutter Mane|0 fnt\n|faint|p2a: Flutter Mane\n|-end|p2a: Flutter Mane|Protosynthesis|[silent]\n|\n|-heal|p1a: Annihilape|88\/100|[from] item: Leftovers\n|upkeep\n|c| MegaZtorm|shhhhh\n|c| godlydefeater|oh nvm\n|\n|t:|1682017292\n|switch|p2a: Dragonite|Dragonite, L50, F|100\/100\n|turn|6\n|\n|t:|1682017303\n|-terastallize|p2b: Chien-Pao|Dark\n|move|p2b: Chien-Pao|Sucker Punch|p1b: Flutter Mane\n|-damage|p1b: Flutter Mane|0 fnt\n|faint|p1b: Flutter Mane\n|-end|p1b: Flutter Mane|Protosynthesis|[silent]\n|move|p1a: Annihilape|Rage Fist|p2a: Dragonite\n|-damage|p2a: Dragonite|0 fnt\n|faint|p2a: Dragonite\n|\n|-heal|p1a: Annihilape|94\/100|[from] item: Leftovers\n|upkeep\n|l| rina slaywayama\n|\n|t:|1682017307\n|switch|p1b: Gastrodon|Gastrodon, L50, F|100\/100\n|turn|7\n|c|\u2606Segobuilder|gg\n|c|\u2606ChrixsVGC|gg\n|\n|t:|1682017322\n|move|p2b: Chien-Pao|Ice Spinner|p1b: Gastrodon\n|-damage|p1b: Gastrodon|56\/100\n|move|p1a: Annihilape|Rage Fist|p2b: Chien-Pao\n|-resisted|p2b: Chien-Pao\n|-damage|p2b: Chien-Pao|0 fnt\n|faint|p2b: Chien-Pao\n|\n|win|Segobuilder\n|n|\u2606Segobuilder|segobuilder\n|n|\u2606ChrixsVGC|chrixsvgc\n|n| godlydefeater|godlydefeater\n|n| MegaZtorm|megaztorm\n|n| bronzongbroomsvgc|bronzongbroomsvgc\n","uploadtime":1682017323,"views":13,"p1id":"segobuilder","p2id":"chrixsvgc","formatid":"gen9vgc2023regulationc","rating":0,"private":0,"password":""}