{"id":"gen9vgc2023regulationc-1860111061","p1":"Elphaba Thropp","p2":"ShaytheFair","format":"[Gen 9] VGC 2023 Regulation C","log":"|j|\u2606Elphaba Thropp\n|j|\u2606ShaytheFair\n|t:|1683596469\n|gametype|doubles\n|player|p1|Elphaba Thropp|bellelba|\n|player|p2|ShaytheFair|veteranf|\n|teamsize|p1|6\n|teamsize|p2|6\n|gen|9\n|tier|[Gen 9] VGC 2023 Regulation C\n|rule|Species Clause: Limit one of each Pok\u00e9mon\n|rule|Item Clause: Limit one of each item\n|clearpoke\n|poke|p1|Flutter Mane, L50|\n|poke|p1|Amoonguss, L50, F|\n|poke|p1|Iron Bundle, L50|\n|poke|p1|Palafin, L50, F|\n|poke|p1|Chi-Yu, L50|\n|poke|p1|Arcanine, L50, M|\n|poke|p2|Palafin, L50, M|\n|poke|p2|Flutter Mane, L50|\n|poke|p2|Arcanine, L50, M|\n|poke|p2|Ting-Lu, L50|\n|poke|p2|Amoonguss, L50, M|\n|poke|p2|Kingambit, L50, F|\n|teampreview|4\n|c|\u2606Elphaba Thropp|G2\nElphaba Thropp has agreed to open team sheets.\n|\n|t:|1683597096\n|start\n|switch|p1a: Flutter Mane|Flutter Mane, L50|100\/100\n|switch|p1b: Chi-Yu|Chi-Yu, L50|100\/100\n|switch|p2a: Chocolate Cherry|Flutter Mane, L50|100\/100\n|switch|p2b: Cookies n Cream|Amoonguss, L50, M|100\/100\n|-ability|p1b: Chi-Yu|Beads of Ruin\n|-enditem|p2a: Chocolate Cherry|Booster Energy\n|-activate|p2a: Chocolate Cherry|ability: Protosynthesis|[fromitem]\n|-start|p2a: Chocolate Cherry|protosynthesisspa\n|turn|1\n|\n|t:|1683597116\n|-terastallize|p1a: Flutter Mane|Fairy\n|move|p2a: Chocolate Cherry|Protect|p2a: Chocolate Cherry\n|-singleturn|p2a: Chocolate Cherry|Protect\n|move|p1a: Flutter Mane|Shadow Ball|p2b: Cookies n Cream\n|-damage|p2b: Cookies n Cream|26\/100\n|move|p1b: Chi-Yu|Heat Wave|p2b: Cookies n Cream|[spread] p2b\n|-activate|p2a: Chocolate Cherry|move: Protect\n|-supereffective|p2b: Cookies n Cream\n|-damage|p2b: Cookies n Cream|0 fnt\n|faint|p2b: Cookies n Cream\n|\n|upkeep\n|\n|t:|1683597128\n|switch|p2b: Moose Tracks|Ting-Lu, L50|100\/100\n|-ability|p2b: Moose Tracks|Vessel of Ruin\n|turn|2\n|\n|t:|1683597161\n|-terastallize|p2a: Chocolate Cherry|Fairy\n|move|p1b: Chi-Yu|Protect|p1b: Chi-Yu\n|-singleturn|p1b: Chi-Yu|Protect\n|move|p1a: Flutter Mane|Shadow Ball|p2a: Chocolate Cherry\n|-damage|p2a: Chocolate Cherry|33\/100\n|move|p2a: Chocolate Cherry|Dazzling Gleam|p1a: Flutter Mane|[spread] p1a\n|-activate|p1b: Chi-Yu|move: Protect\n|-damage|p1a: Flutter Mane|42\/100\n|move|p2b: Moose Tracks|Ruination|p1b: Chi-Yu\n|-activate|p1b: Chi-Yu|move: Protect\n|\n|upkeep\n|turn|3\n|\n|t:|1683597201\n|-end|p1a: Flutter Mane|Protosynthesis|[silent]\n|switch|p1a: Iron Bundle|Iron Bundle, L50|100\/100\n|-enditem|p1a: Iron Bundle|Booster Energy\n|-activate|p1a: Iron Bundle|ability: Quark Drive|[fromitem]\n|-start|p1a: Iron Bundle|quarkdrivespe\n|move|p2a: Chocolate Cherry|Protect|p2a: Chocolate Cherry\n|-singleturn|p2a: Chocolate Cherry|Protect\n|move|p1b: Chi-Yu|Heat Wave|p2a: Chocolate Cherry|[spread] p2b\n|-activate|p2a: Chocolate Cherry|move: Protect\n|-damage|p2b: Moose Tracks|81\/100\n|move|p2b: Moose Tracks|Heavy Slam|p1a: Iron Bundle\n|-crit|p1a: Iron Bundle\n|-damage|p1a: Iron Bundle|38\/100\n|\n|upkeep\n|turn|4\n|\n|t:|1683597230\n|move|p1a: Iron Bundle|Icy Wind|p2a: Chocolate Cherry|[spread] p2a,p2b\n|-supereffective|p2b: Moose Tracks\n|-damage|p2a: Chocolate Cherry|14\/100\n|-damage|p2b: Moose Tracks|65\/100\n|-unboost|p2a: Chocolate Cherry|spe|1\n|-unboost|p2b: Moose Tracks|spe|1\n|move|p1b: Chi-Yu|Heat Wave|p2b: Moose Tracks|[spread] p2a,p2b\n|-damage|p2a: Chocolate Cherry|0 fnt\n|-damage|p2b: Moose Tracks|46\/100\n|faint|p2a: Chocolate Cherry\n|-end|p2a: Chocolate Cherry|Protosynthesis|[silent]\n|move|p2b: Moose Tracks|Stomping Tantrum|p1b: Chi-Yu\n|-supereffective|p1b: Chi-Yu\n|-enditem|p1b: Chi-Yu|Focus Sash\n|-damage|p1b: Chi-Yu|1\/100\n|\n|upkeep\n|\n|t:|1683597244\n|switch|p2a: Butter Pecan|Arcanine, L50, M|100\/100\n|-ability|p2a: Butter Pecan|Intimidate|boost\n|-unboost|p1a: Iron Bundle|atk|1\n|-unboost|p1b: Chi-Yu|atk|1\n|turn|5\n|\n|t:|1683597297\n|switch|p1b: Amoonguss|Amoonguss, L50, F|100\/100\n|move|p2a: Butter Pecan|Extreme Speed|p1b: Amoonguss\n|-damage|p1b: Amoonguss|84\/100\n|move|p1a: Iron Bundle|Hydro Pump|p2a: Butter Pecan\n|-supereffective|p2a: Butter Pecan\n|-damage|p2a: Butter Pecan|32\/100\n|move|p2b: Moose Tracks|Heavy Slam|p1a: Iron Bundle\n|-damage|p1a: Iron Bundle|1\/100\n|\n|upkeep\n|turn|6\n|c|\u2606Elphaba Thropp|actually 1HP o.o\n|\n|t:|1683597360\n|move|p1a: Iron Bundle|Protect|p1a: Iron Bundle\n|-singleturn|p1a: Iron Bundle|Protect\n|move|p2a: Butter Pecan|Extreme Speed|p1a: Iron Bundle\n|-activate|p1a: Iron Bundle|move: Protect\n|move|p1b: Amoonguss|Spore|p2b: Moose Tracks\n|-status|p2b: Moose Tracks|slp|[from] move: Spore\n|cant|p2b: Moose Tracks|slp\n|\n|upkeep\n|turn|7\n|\n|t:|1683597388\n|-end|p1a: Iron Bundle|Quark Drive|[silent]\n|switch|p1a: Flutter Mane|Flutter Mane, L50, tera:Fairy|42\/100\n|move|p2a: Butter Pecan|Extreme Speed|p1a: Flutter Mane\n|-damage|p1a: Flutter Mane|0 fnt\n|faint|p1a: Flutter Mane\n|-end|p1a: Flutter Mane|Protosynthesis|[silent]\n|move|p1b: Amoonguss|Pollen Puff|p1: Flutter Mane|[notarget]\n|-fail|p1b: Amoonguss\n|-curestatus|p2b: Moose Tracks|slp|[msg]\n|move|p2b: Moose Tracks|Ruination|p1b: Amoonguss\n|-damage|p1b: Amoonguss|43\/100\n|-enditem|p1b: Amoonguss|Sitrus Berry|[eat]\n|-heal|p1b: Amoonguss|67\/100|[from] item: Sitrus Berry\n|\n|upkeep\n|c|\u2606Elphaba Thropp|wow that KOed\n|c|\u2606ShaytheFair|Yeah, Extreme speed can actually screw over Fluttermane when it's terraed\n|\n|t:|1683597440\n|switch|p1a: Chi-Yu|Chi-Yu, L50|1\/100\n|-ability|p1a: Chi-Yu|Beads of Ruin\n|turn|8\n|\n|t:|1683597457\n|move|p1a: Chi-Yu|Protect|p1a: Chi-Yu\n|-singleturn|p1a: Chi-Yu|Protect\n|move|p2a: Butter Pecan|Flare Blitz|p1b: Amoonguss\n|-supereffective|p1b: Amoonguss\n|-damage|p1b: Amoonguss|0 fnt\n|faint|p1b: Amoonguss\n|-damage|p2a: Butter Pecan|8\/100|[from] Recoil\n|move|p2b: Moose Tracks|Earthquake|p1a: Chi-Yu|[spread] p2a\n|-activate|p1a: Chi-Yu|move: Protect\n|-supereffective|p2a: Butter Pecan\n|-damage|p2a: Butter Pecan|0 fnt\n|faint|p2a: Butter Pecan\n|\n|upkeep\n|c|\u2606Elphaba Thropp|nice nice\n|c|\u2606Elphaba Thropp|gg\n|c|\u2606Elphaba Thropp|wait\n|c|\u2606Elphaba Thropp|what the heck\n|c|\u2606ShaytheFair|shit I miss clicked\n|c|\u2606Elphaba Thropp|you almost won :O\n|\n|t:|1683597475\n|switch|p1b: Iron Bundle|Iron Bundle, L50|1\/100\n|turn|9\n|\n|t:|1683597481\n|move|p1b: Iron Bundle|Freeze-Dry|p2b: Moose Tracks\n|-supereffective|p2b: Moose Tracks\n|-damage|p2b: Moose Tracks|17\/100\n|move|p1a: Chi-Yu|Dark Pulse|p2b: Moose Tracks\n|-resisted|p2b: Moose Tracks\n|-damage|p2b: Moose Tracks|8\/100\n|cant|p2b: Moose Tracks|flinch\n|\n|upkeep\n|turn|10\n|c|\u2606Elphaba Thropp|nouuuu\n|c|\u2606ShaytheFair|AAAAAAh\n|c|\u2606Elphaba Thropp|80% chance to win\n|c|\u2606Elphaba Thropp|We can do another\n|\n|t:|1683597498\n|move|p1b: Iron Bundle|Freeze-Dry|p2b: Moose Tracks\n|-supereffective|p2b: Moose Tracks\n|-damage|p2b: Moose Tracks|0 fnt\n|faint|p2b: Moose Tracks\n|\n|win|Elphaba Thropp\n","uploadtime":1683597510,"views":13,"p1id":"elphabathropp","p2id":"shaythefair","formatid":"gen9vgc2023regulationc","rating":0,"private":0,"password":""}