{"id":"gen9vgc2023regulationc-1858303044","p1":"feming0","p2":"Broskander","format":"[Gen 9] VGC 2023 Regulation C","log":"|j|\u2606feming0\n|j|\u2606Broskander\n|t:|1683300128\n|gametype|doubles\n|player|p1|feming0|iris-gen5bw2|1264\n|player|p2|Broskander|2|1243\n|teamsize|p1|6\n|teamsize|p2|6\n|gen|9\n|tier|[Gen 9] VGC 2023 Regulation C\n|rated|\n|rule|Species Clause: Limit one of each Pok\u00e9mon\n|rule|Item Clause: Limit one of each item\n|clearpoke\n|poke|p1|Dondozo, L50, M|\n|poke|p1|Tatsugiri-Droopy, L50, M|\n|poke|p1|Glimmora, L50, F|\n|poke|p1|Chi-Yu, L50|\n|poke|p1|Flutter Mane, L50|\n|poke|p1|Dragonite, L50, M|\n|poke|p2|Amoonguss, L50, F|\n|poke|p2|Palafin, L50, M|\n|poke|p2|Ting-Lu, L50|\n|poke|p2|Arcanine, L50, M|\n|poke|p2|Flutter Mane, L50|\n|poke|p2|Roaring Moon, L50|\n|teampreview|4\n|inactive|Battle timer is ON: inactive players will automatically lose when time's up. (requested by Broskander)\n|\n|t:|1683300146\n|start\n|switch|p1a: Glimmora|Glimmora, L50, F|100\/100\n|switch|p1b: Dragonite|Dragonite, L50, M|100\/100\n|switch|p2a: Arcanine|Arcanine, L50, M|100\/100\n|switch|p2b: Palafin|Palafin, L50, M|100\/100\n|-ability|p2a: Arcanine|Intimidate|boost\n|-unboost|p1a: Glimmora|atk|1\n|-unboost|p1b: Dragonite|atk|1\n|turn|1\n|\n|t:|1683300164\n|detailschange|p2b: Palafin|Palafin-Hero, L50, M\n|switch|p2b: Ting-Lu|Ting-Lu, L50|100\/100\n|-ability|p2b: Ting-Lu|Vessel of Ruin\n|-terastallize|p1a: Glimmora|Grass\n|move|p2a: Arcanine|Howl|p2a: Arcanine|[spread] p2a,p2b\n|-boost|p2a: Arcanine|atk|1\n|-boost|p2b: Ting-Lu|atk|1\n|move|p1a: Glimmora|Power Gem|p2a: Arcanine\n|-supereffective|p2a: Arcanine\n|-damage|p2a: Arcanine|47\/100\n|move|p1b: Dragonite|Earthquake|p2a: Arcanine|[spread] p1a,p2a,p2b\n|-resisted|p1a: Glimmora\n|-supereffective|p2a: Arcanine\n|-damage|p1a: Glimmora|86\/100\n|-damage|p2a: Arcanine|0 fnt\n|-damage|p2b: Ting-Lu|83\/100\n|-activate|p1a: Glimmora|ability: Toxic Debris\n|-sidestart|p2: Broskander|move: Toxic Spikes\n|faint|p2a: Arcanine\n|\n|upkeep\n|\n|t:|1683300183\n|switch|p2a: Amoonguss|Amoonguss, L50, F|100\/100\n|-sideend|p2: Broskander|move: Toxic Spikes|[of] p2a: Amoonguss\n|turn|2\n|\n|t:|1683300195\n|switch|p2a: Palafin|Palafin-Hero, L50, M|100\/100\n|-activate|p2a: Palafin|ability: Zero to Hero\n|-terastallize|p2b: Ting-Lu|Poison\n|move|p1a: Glimmora|Mortal Spin|p2a: Palafin|[spread] p2a,p2b\n|-resisted|p2b: Ting-Lu\n|-crit|p2b: Ting-Lu\n|-damage|p2a: Palafin|99\/100\n|-damage|p2b: Ting-Lu|80\/100\n|-status|p2a: Palafin|psn\n|move|p1b: Dragonite|Earthquake|p2a: Palafin|[spread] p1a,p2a,p2b\n|-resisted|p1a: Glimmora\n|-supereffective|p2b: Ting-Lu\n|-damage|p1a: Glimmora|70\/100\n|-damage|p2a: Palafin|75\/100 psn\n|-damage|p2b: Ting-Lu|46\/100\n|-activate|p1a: Glimmora|ability: Toxic Debris\n|-sidestart|p2: Broskander|move: Toxic Spikes\n|move|p2b: Ting-Lu|Heavy Slam|p1a: Glimmora\n|-damage|p1a: Glimmora|9\/100\n|-activate|p1a: Glimmora|ability: Toxic Debris\n|-sidestart|p2: Broskander|move: Toxic Spikes\n|\n|-damage|p2a: Palafin|63\/100 psn|[from] psn\n|upkeep\n|turn|3\n|\n|t:|1683300220\n|switch|p1b: Flutter Mane|Flutter Mane, L50|100\/100\n|-enditem|p1b: Flutter Mane|Booster Energy\n|-activate|p1b: Flutter Mane|ability: Protosynthesis|[fromitem]\n|-start|p1b: Flutter Mane|protosynthesisspe\n|switch|p2b: Amoonguss|Amoonguss, L50, F|100\/100\n|-sideend|p2: Broskander|move: Toxic Spikes|[of] p2b: Amoonguss\n|move|p2a: Palafin|Jet Punch|p1a: Glimmora\n|-resisted|p1a: Glimmora\n|-damage|p1a: Glimmora|0 fnt\n|-activate|p1a: Glimmora|ability: Toxic Debris\n|-sidestart|p2: Broskander|move: Toxic Spikes\n|faint|p1a: Glimmora\n|\n|-damage|p2a: Palafin|50\/100 psn|[from] psn\n|upkeep\n|\n|t:|1683300237\n|switch|p1a: Dragonite|Dragonite, L50, M|100\/100\n|turn|4\n|\n|t:|1683300243\n|switch|p2a: Ting-Lu|Ting-Lu, L50, tera:Poison|46\/100\n|-sideend|p2: Broskander|move: Toxic Spikes|[of] p2a: Ting-Lu\n|-ability|p2a: Ting-Lu|Vessel of Ruin\n|switch|p1a: Tatsugiri|Tatsugiri-Droopy, L50, M|100\/100\n|move|p1b: Flutter Mane|Substitute|p1b: Flutter Mane\n|-start|p1b: Flutter Mane|Substitute\n|-damage|p1b: Flutter Mane|76\/100\n|move|p2b: Amoonguss|Spore|p1a: Tatsugiri\n|-status|p1a: Tatsugiri|slp|[from] move: Spore\n|\n|upkeep\n|turn|5\n|\n|t:|1683300261\n|switch|p1a: Dragonite|Dragonite, L50, M|100\/100\n|move|p1b: Flutter Mane|Hex|p2a: Ting-Lu\n|-damage|p2a: Ting-Lu|34\/100\n|move|p2a: Ting-Lu|Heavy Slam|p1b: Flutter Mane\n|-supereffective|p1b: Flutter Mane\n|-end|p1b: Flutter Mane|Substitute\n|move|p2b: Amoonguss|Pollen Puff|p2a: Ting-Lu\n|-heal|p2a: Ting-Lu|84\/100\n|\n|upkeep\n|turn|6\n|inactive|feming0 has 30 seconds left.\n|\n|t:|1683300289\n|move|p1b: Flutter Mane|Protect|p1b: Flutter Mane\n|-singleturn|p1b: Flutter Mane|Protect\n|move|p1a: Dragonite|Earthquake|p2a: Ting-Lu|[spread] p2a,p2b\n|-activate|p1b: Flutter Mane|move: Protect\n|-supereffective|p2a: Ting-Lu\n|-damage|p2a: Ting-Lu|25\/100\n|-damage|p2b: Amoonguss|59\/100\n|move|p2a: Ting-Lu|Heavy Slam|p1b: Flutter Mane\n|-activate|p1b: Flutter Mane|move: Protect\n|move|p2b: Amoonguss|Spore|p1a: Dragonite\n|-status|p1a: Dragonite|slp|[from] move: Spore\n|\n|upkeep\n|turn|7\n|\n|t:|1683300306\n|move|p1b: Flutter Mane|Substitute|p1b: Flutter Mane\n|-start|p1b: Flutter Mane|Substitute\n|-damage|p1b: Flutter Mane|51\/100\n|cant|p1a: Dragonite|slp\n|move|p2a: Ting-Lu|Heavy Slam|p1b: Flutter Mane\n|-supereffective|p1b: Flutter Mane\n|-end|p1b: Flutter Mane|Substitute\n|move|p2b: Amoonguss|Spore|p2a: Ting-Lu\n|-status|p2a: Ting-Lu|slp|[from] move: Spore\n|\n|upkeep\n|turn|8\n|c|\u2606Broskander|OOPS\n|c|\u2606feming0|lol\n|c|\u2606Broskander|Thats the worst misclick \ud83e\udd23\n|c|\u2606Broskander|Gg you got it\n|inactive|Broskander has 30 seconds left.\n|\n|t:|1683300335\n|move|p1b: Flutter Mane|Protect|p1b: Flutter Mane\n|-singleturn|p1b: Flutter Mane|Protect\n|cant|p1a: Dragonite|slp\n|cant|p2a: Ting-Lu|slp\n|move|p2b: Amoonguss|Pollen Puff|p2a: Ting-Lu\n|-heal|p2a: Ting-Lu|75\/100 slp\n|\n|upkeep\n|turn|9\n|\n|t:|1683300351\n|move|p1b: Flutter Mane|Substitute|p1b: Flutter Mane\n|-start|p1b: Flutter Mane|Substitute\n|-damage|p1b: Flutter Mane|27\/100\n|cant|p1a: Dragonite|slp\n|cant|p2a: Ting-Lu|slp\n|move|p2b: Amoonguss|Pollen Puff|p2a: Ting-Lu\n|-heal|p2a: Ting-Lu|100\/100 slp\n|\n|upkeep\n|turn|10\n|\n|t:|1683300364\n|move|p1b: Flutter Mane|Hex|p2a: Ting-Lu\n|-damage|p2a: Ting-Lu|77\/100 slp\n|-curestatus|p1a: Dragonite|slp|[msg]\n|move|p1a: Dragonite|Earthquake|p2b: Amoonguss|[spread] p1b,p2a,p2b\n|-end|p1b: Flutter Mane|Substitute\n|-supereffective|p2a: Ting-Lu\n|-damage|p2a: Ting-Lu|22\/100 slp\n|-damage|p2b: Amoonguss|20\/100\n|-curestatus|p2a: Ting-Lu|slp|[msg]\n|move|p2a: Ting-Lu|Rock Slide|p1a: Dragonite|[spread] p1a\n|-miss|p2a: Ting-Lu|p1b: Flutter Mane\n|-supereffective|p1a: Dragonite\n|-damage|p1a: Dragonite|84\/100\n|move|p2b: Amoonguss|Spore|p1a: Dragonite\n|-status|p1a: Dragonite|slp|[from] move: Spore\n|\n|upkeep\n|turn|11\n|inactive|Broskander has 30 seconds left.\n|\n|t:|1683300394\n|move|p1b: Flutter Mane|Hex|p2a: Ting-Lu\n|-damage|p2a: Ting-Lu|11\/100\n|cant|p1a: Dragonite|slp\n|move|p2a: Ting-Lu|Heavy Slam|p1b: Flutter Mane\n|-supereffective|p1b: Flutter Mane\n|-damage|p1b: Flutter Mane|0 fnt\n|faint|p1b: Flutter Mane\n|-end|p1b: Flutter Mane|Protosynthesis|[silent]\n|move|p2b: Amoonguss|Pollen Puff|p2a: Ting-Lu\n|-heal|p2a: Ting-Lu|61\/100\n|\n|upkeep\n|\n|t:|1683300401\n|switch|p1b: Tatsugiri|Tatsugiri-Droopy, L50, M|100\/100 slp\n|turn|12\n|\n|t:|1683300418\n|switch|p2b: Palafin|Palafin-Hero, L50, M|50\/100 psn\n|cant|p1b: Tatsugiri|slp\n|cant|p1a: Dragonite|slp\n|move|p2a: Ting-Lu|Rock Slide|p1a: Dragonite|[spread] p1a,p1b\n|-supereffective|p1a: Dragonite\n|-damage|p1a: Dragonite|48\/100 slp\n|-damage|p1b: Tatsugiri|76\/100 slp\n|\n|-damage|p2b: Palafin|38\/100 psn|[from] psn\n|upkeep\n|turn|13\n|\n|t:|1683300438\n|move|p2b: Palafin|Close Combat|p1b: Tatsugiri\n|-damage|p1b: Tatsugiri|0 fnt\n|-unboost|p2b: Palafin|def|1\n|-unboost|p2b: Palafin|spd|1\n|faint|p1b: Tatsugiri\n|cant|p1a: Dragonite|slp\n|move|p2a: Ting-Lu|Rock Slide|p1a: Dragonite\n|-supereffective|p1a: Dragonite\n|-damage|p1a: Dragonite|7\/100 slp\n|\n|-damage|p2b: Palafin|25\/100 psn|[from] psn\n|upkeep\n|turn|14\n|\n|t:|1683300454\n|move|p2b: Palafin|Jet Punch|p1a: Dragonite\n|-resisted|p1a: Dragonite\n|-damage|p1a: Dragonite|0 fnt\n|faint|p1a: Dragonite\n|\n|win|Broskander\n|raw|feming0's rating: 1264 → 1237<\/strong> (-27 for losing)\n|raw|Broskander's rating: 1243 → 1270<\/strong> (+27 for winning)\n|c|\u2606feming0|gg\n|l|\u2606feming0\n|c|\u2606Broskander|Gg\n|l|\u2606Broskander\n|j|\u2606Broskander\n|player|p2|Broskander|2\n","uploadtime":1683300638,"views":9,"p1id":"feming0","p2id":"broskander","formatid":"gen9vgc2023regulationc","rating":1237,"private":0,"password":""}