{"id":"gen9vgc2023regulationc-1850539475","p1":"HobbitVGC","p2":"bennoVGC","format":"[Gen 9] VGC 2023 Regulation C","log":"|j|\u2606HobbitVGC\n|j|\u2606bennoVGC\n|t:|1682346935\n|gametype|doubles\n|player|p1|HobbitVGC|larry|\n|player|p2|bennoVGC|2|\n|teamsize|p1|6\n|teamsize|p2|6\n|gen|9\n|tier|[Gen 9] VGC 2023 Regulation C\n|rated|Tournament battle\n|rule|Species Clause: Limit one of each Pok\u00e9mon\n|rule|Item Clause: Limit one of each item\n|clearpoke\n|poke|p1|Great Tusk, L50|\n|poke|p1|Dragonite, L50, M|\n|poke|p1|Chien-Pao, L50|\n|poke|p1|Flutter Mane, L50|\n|poke|p1|Torkoal, L50, F|\n|poke|p1|Lilligant, L50, F|\n|poke|p2|Palafin, L50, F|\n|poke|p2|Arcanine, L50, M|\n|poke|p2|Flutter Mane, L50|\n|poke|p2|Amoonguss, L50, M|\n|poke|p2|Ting-Lu, L50|\n|poke|p2|Pawmot, L50, F|\n|teampreview|4\n|raw| Open Team Sheet for HobbitVGC<\/summary>Great Tusk @ Choice Scarf Ability: Protosynthesis Level: 50 Hidden Power: Fighting Tera Type: Steel - Headlong Rush - Close Combat - Earthquake - Rock Slide Dragonite @ Lum Berry Ability: Multiscale Level: 50 Tera Type: Flying - Tera Blast - Extreme Speed - Stomping Tantrum - Tailwind Chien-Pao @ Life Orb Ability: Sword of Ruin Level: 50 Tera Type: Ghost - Ice Spinner - Sucker Punch - Sacred Sword - Protect Flutter Mane @ Choice Specs Ability: Protosynthesis Level: 50 Tera Type: Fairy - Moonblast - Dazzling Gleam - Shadow Ball - Psyshock Torkoal @ Charcoal Ability: Drought Level: 50 Tera Type: Flying - Eruption - Flamethrower - Yawn - Helping Hand Lilligant (F) @ Focus Sash Ability: Chlorophyll Level: 50 Tera Type: Ghost - Leaf Storm - Sleep Powder - After You - Protect <\/details><\/div> Open Team Sheet for bennoVGC<\/summary>Palafin @ Clear Amulet Ability: Zero to Hero Level: 50 Shiny: Yes Tera Type: Water - Jet Punch - Wave Crash - Protect - Close Combat Arcanine @ Safety Goggles Ability: Intimidate Level: 50 Shiny: Yes Tera Type: Flying - Protect - Flare Blitz - Will-O-Wisp - Extreme Speed Flutter Mane @ Choice Specs Ability: Protosynthesis Level: 50 Shiny: Yes Tera Type: Grass - Dazzling Gleam - Moonblast - Shadow Ball - Power Gem Amoonguss @ Mental Herb Ability: Regenerator Level: 50 Shiny: Yes Tera Type: Water - Protect - Spore - Rage Powder - Pollen Puff Ting-Lu @ Assault Vest Ability: Vessel of Ruin Level: 50 Tera Type: Poison - Ruination - Heavy Slam - Stomping Tantrum - Fissure Pawmot @ Focus Sash Ability: Natural Cure Level: 50 Shiny: Yes Tera Type: Electric - Fake Out - Double Shock - Close Combat - Revival Blessing <\/details><\/div>\n|c|\u2606bennoVGC|gl hf :D\n|c|\u2606HobbitVGC|Glhf\n|inactive|Battle timer is ON: inactive players will automatically lose when time's up. (requested by HobbitVGC)\n|inactive|HobbitVGC has 60 seconds left.\n|inactive|bennoVGC has 60 seconds left.\n|inactive|bennoVGC has 30 seconds left.\n|inactive|bennoVGC has 20 seconds left.\n|\n|t:|1682347018\n|start\n|switch|p1a: Flutter Mane|Flutter Mane, L50|100\/100\n|switch|p1b: Torkoal|Torkoal, L50, F|100\/100\n|switch|p2a: Arcanine|Arcanine, L50, M, shiny|100\/100\n|switch|p2b: Flutter Mane|Flutter Mane, L50, shiny|100\/100\n|-ability|p2a: Arcanine|Intimidate|boost\n|-unboost|p1a: Flutter Mane|atk|1\n|-unboost|p1b: Torkoal|atk|1\n|-weather|SunnyDay|[from] ability: Drought|[of] p1b: Torkoal\n|-activate|p2b: Flutter Mane|ability: Protosynthesis\n|-start|p2b: Flutter Mane|protosynthesisspe\n|-activate|p1a: Flutter Mane|ability: Protosynthesis\n|-start|p1a: Flutter Mane|protosynthesisspa\n|turn|1\n|inactive|HobbitVGC has 30 seconds left.\n|inactive|bennoVGC has 30 seconds left.\n|inactive|HobbitVGC has 20 seconds left.\n|inactive|bennoVGC has 20 seconds left.\n|inactive|HobbitVGC has 15 seconds left.\n|inactive|bennoVGC has 15 seconds left.\n|inactive|bennoVGC has 10 seconds left.\n|inactive|bennoVGC has 5 seconds left.\n|\n|t:|1682347069\n|-terastallize|p1a: Flutter Mane|Fairy\n|move|p2a: Arcanine|Extreme Speed|p1b: Torkoal\n|-damage|p1b: Torkoal|83\/100\n|move|p2b: Flutter Mane|Shadow Ball|p1a: Flutter Mane\n|-damage|p1a: Flutter Mane|36\/100\n|move|p1a: Flutter Mane|Shadow Ball|p2a: Arcanine\n|-damage|p2a: Arcanine|2\/100\n|move|p1b: Torkoal|Yawn|p2b: Flutter Mane\n|-start|p2b: Flutter Mane|move: Yawn|[of] p1b: Torkoal\n|\n|-weather|SunnyDay|[upkeep]\n|upkeep\n|turn|2\n|inactive|HobbitVGC has 30 seconds left.\n|inactive|bennoVGC has 30 seconds left.\n|\n|t:|1682347102\n|-end|p2b: Flutter Mane|Protosynthesis|[silent]\n|switch|p2b: Ting-Lu|Ting-Lu, L50|100\/100\n|-ability|p2b: Ting-Lu|Vessel of Ruin\n|-end|p1a: Flutter Mane|Protosynthesis|[silent]\n|switch|p1a: Dragonite|Dragonite, L50, M|100\/100\n|move|p2a: Arcanine|Protect|p2a: Arcanine\n|-singleturn|p2a: Arcanine|Protect\n|move|p1b: Torkoal|Flamethrower|p2b: Ting-Lu\n|-damage|p2b: Ting-Lu|74\/100\n|\n|-weather|SunnyDay|[upkeep]\n|upkeep\n|turn|3\n|\n|t:|1682347121\n|switch|p2a: Flutter Mane|Flutter Mane, L50, shiny|100\/100\n|-activate|p2a: Flutter Mane|ability: Protosynthesis\n|-start|p2a: Flutter Mane|protosynthesisspe\n|move|p1a: Dragonite|Tailwind|p1a: Dragonite\n|-sidestart|p1: HobbitVGC|move: Tailwind\n|move|p1b: Torkoal|Flamethrower|p2a: Flutter Mane\n|-damage|p2a: Flutter Mane|55\/100\n|move|p2b: Ting-Lu|Stomping Tantrum|p1b: Torkoal\n|-supereffective|p1b: Torkoal\n|-damage|p1b: Torkoal|29\/100\n|\n|-weather|SunnyDay|[upkeep]\n|upkeep\n|turn|4\n|j| Nansral26\n|inactive|bennoVGC has 30 seconds left.\n|j| FunneeMonkee\n|\n|t:|1682347150\n|move|p2a: Flutter Mane|Moonblast|p1a: Dragonite\n|-supereffective|p1a: Dragonite\n|-damage|p1a: Dragonite|55\/100\n|move|p1a: Dragonite|Stomping Tantrum|p2a: Flutter Mane\n|-damage|p2a: Flutter Mane|4\/100\n|move|p1b: Torkoal|Yawn|p2b: Ting-Lu\n|-start|p2b: Ting-Lu|move: Yawn|[of] p1b: Torkoal\n|move|p2b: Ting-Lu|Ruination|p1a: Dragonite\n|-damage|p1a: Dragonite|28\/100\n|\n|-weather|SunnyDay|[upkeep]\n|upkeep\n|turn|5\n|l| FunneeMonkee\n|inactive|HobbitVGC has 30 seconds left.\n|inactive|bennoVGC has 30 seconds left.\n|\n|t:|1682347176\n|move|p1a: Dragonite|Extreme Speed|p2b: Ting-Lu\n|-damage|p2b: Ting-Lu|55\/100\n|move|p2a: Flutter Mane|Moonblast|p1a: Dragonite\n|-supereffective|p1a: Dragonite\n|-damage|p1a: Dragonite|0 fnt\n|faint|p1a: Dragonite\n|move|p1b: Torkoal|Flamethrower|p2a: Flutter Mane\n|-damage|p2a: Flutter Mane|0 fnt\n|faint|p2a: Flutter Mane\n|-end|p2a: Flutter Mane|Protosynthesis|[silent]\n|move|p2b: Ting-Lu|Stomping Tantrum|p1b: Torkoal\n|-supereffective|p1b: Torkoal\n|-damage|p1b: Torkoal|0 fnt\n|faint|p1b: Torkoal\n|\n|-weather|none\n|-end|p2b: Ting-Lu|move: Yawn|[silent]\n|-status|p2b: Ting-Lu|slp\n|upkeep\n|j|+TheLoanRanger\n|\n|t:|1682347197\n|switch|p2a: Amoonguss|Amoonguss, L50, M, shiny|100\/100\n|switch|p1a: Chien-Pao|Chien-Pao, L50|100\/100\n|switch|p1b: Flutter Mane|Flutter Mane, L50, tera:Fairy|36\/100\n|-ability|p1a: Chien-Pao|Sword of Ruin\n|turn|6\n|inactive|HobbitVGC has 30 seconds left.\n|inactive|bennoVGC has 30 seconds left.\n|\n|t:|1682347226\n|-terastallize|p2a: Amoonguss|Water\n|move|p1a: Chien-Pao|Sacred Sword|p2a: Amoonguss\n|-damage|p2a: Amoonguss|60\/100\n|-damage|p1a: Chien-Pao|91\/100|[from] item: Life Orb\n|move|p1b: Flutter Mane|Moonblast|p2a: Amoonguss\n|-damage|p2a: Amoonguss|0 fnt\n|faint|p2a: Amoonguss\n|cant|p2b: Ting-Lu|slp\n|\n|-sideend|p1: HobbitVGC|move: Tailwind\n|upkeep\n|\n|t:|1682347236\n|switch|p2a: Arcanine|Arcanine, L50, M, shiny|2\/100\n|-ability|p2a: Arcanine|Intimidate|boost\n|-unboost|p1a: Chien-Pao|atk|1\n|-unboost|p1b: Flutter Mane|atk|1\n|turn|7\n|\n|t:|1682347243\n|move|p2a: Arcanine|Extreme Speed|p1b: Flutter Mane\n|-damage|p1b: Flutter Mane|0 fnt\n|faint|p1b: Flutter Mane\n|-end|p1b: Flutter Mane|Protosynthesis|[silent]\n|move|p1a: Chien-Pao|Ice Spinner|p2b: Ting-Lu\n|-supereffective|p2b: Ting-Lu\n|-damage|p2b: Ting-Lu|4\/100 slp\n|-damage|p1a: Chien-Pao|81\/100|[from] item: Life Orb\n|cant|p2b: Ting-Lu|slp\n|\n|upkeep\n|turn|8\n|inactive|bennoVGC has 30 seconds left.\n|\n|t:|1682347272\n|move|p1a: Chien-Pao|Ice Spinner|p2a: Arcanine\n|-resisted|p2a: Arcanine\n|-damage|p2a: Arcanine|0 fnt\n|faint|p2a: Arcanine\n|-damage|p1a: Chien-Pao|71\/100|[from] item: Life Orb\n|-curestatus|p2b: Ting-Lu|slp|[msg]\n|move|p2b: Ting-Lu|Heavy Slam|p1a: Chien-Pao\n|-supereffective|p1a: Chien-Pao\n|-damage|p1a: Chien-Pao|0 fnt\n|faint|p1a: Chien-Pao\n|\n|win|bennoVGC\n|n|\u2606HobbitVGC|hobbitvgc\n|n|\u2606bennoVGC|bennovgc\n|n| Nansral26|nansral26\n|n| TheLoanRanger|theloanranger\n","uploadtime":1682347273,"views":22,"p1id":"hobbitvgc","p2id":"bennovgc","formatid":"gen9vgc2023regulationc","rating":0,"private":0,"password":""}