{"id":"gen9vgc2023regulationc-1860587328","p1":"NeuroticTC","p2":"Eldegoss32","format":"[Gen 9] VGC 2023 Regulation C","log":"|j|\u2606NeuroticTC\n|j|\u2606Eldegoss32\n|t:|1683656832\n|gametype|doubles\n|player|p1|NeuroticTC|boarder|\n|player|p2|Eldegoss32|acetrainerf|\n|teamsize|p1|6\n|teamsize|p2|6\n|gen|9\n|tier|[Gen 9] VGC 2023 Regulation C\n|rated|Tournament battle\n|rule|Species Clause: Limit one of each Pok\u00e9mon\n|rule|Item Clause: Limit one of each item\n|clearpoke\n|poke|p1|Brute Bonnet, L50|\n|poke|p1|Murkrow, L50, M|\n|poke|p1|Farigiraf, L50, F|\n|poke|p1|Chi-Yu, L50|\n|poke|p1|Flutter Mane, L50|\n|poke|p1|Great Tusk, L50|\n|poke|p2|Gothitelle, L50, F|\n|poke|p2|Flutter Mane, L50|\n|poke|p2|Arcanine, L50, M|\n|poke|p2|Baxcalibur, L50, M|\n|poke|p2|Amoonguss, L50, M|\n|poke|p2|Iron Bundle, L50|\n|teampreview|4\n|raw| Open Team Sheet for NeuroticTC<\/summary>Brute Bonnet @ Loaded Dice Ability: Protosynthesis Level: 50 Tera Type: Dark - Spore - Rage Powder - Bullet Seed - Sucker Punch Murkrow (M) @ Eject Button Ability: Prankster Level: 50 Shiny: Yes Tera Type: Flying - Brave Bird - Tailwind - Haze - Sunny Day Farigiraf (F) @ Focus Sash Ability: Armor Tail Level: 50 Tera Type: Psychic - Hyper Voice - Psychic - Trick Room - Imprison Chi-Yu @ Life Orb Ability: Beads of Ruin Level: 50 Tera Type: Grass - Heat Wave - Protect - Tera Blast - Dark Pulse Flutter Mane @ Booster Energy Ability: Protosynthesis Level: 50 Tera Type: Fairy - Power Gem - Shadow Ball - Moonblast - Protect Great Tusk @ Choice Scarf Ability: Protosynthesis Level: 50 Tera Type: Steel - Close Combat - Headlong Rush - Rock Slide - Earthquake <\/details><\/div> Open Team Sheet for Eldegoss32<\/summary>Gothitelle @ Covert Cloak Ability: Shadow Tag Level: 50 Tera Type: Fairy - Fake Out - Heal Pulse - Taunt - Psychic Flutter Mane @ Choice Specs Ability: Protosynthesis Level: 50 Tera Type: Fairy - Moonblast - Dazzling Gleam - Shadow Ball - Thunderbolt Arcanine @ Safety Goggles Ability: Intimidate Level: 50 Tera Type: Water - Flare Blitz - Will-O-Wisp - Extreme Speed - Protect Baxcalibur @ Loaded Dice Ability: Thermal Exchange Level: 50 Tera Type: Poison - Dragon Dance - Glaive Rush - Icicle Spear - Protect Amoonguss @ Sitrus Berry Ability: Regenerator Level: 50 Tera Type: Water - Spore - Rage Powder - Pollen Puff - Protect Iron Bundle @ Booster Energy Ability: Quark Drive Level: 50 Tera Type: Water - Icy Wind - Encore - Hydro Pump - Protect <\/details><\/div>\n|j| RiotJuice\n|l| RiotJuice\n|\n|t:|1683656888\n|start\n|switch|p1a: Chi-Yu|Chi-Yu, L50|100\/100\n|switch|p1b: Flutter Mane|Flutter Mane, L50|100\/100\n|switch|p2a: Gothitelle|Gothitelle, L50, F|100\/100\n|switch|p2b: Iron Bundle|Iron Bundle, L50|100\/100\n|-ability|p1a: Chi-Yu|Beads of Ruin\n|-enditem|p2b: Iron Bundle|Booster Energy\n|-activate|p2b: Iron Bundle|ability: Quark Drive|[fromitem]\n|-start|p2b: Iron Bundle|quarkdrivespe\n|-enditem|p1b: Flutter Mane|Booster Energy\n|-activate|p1b: Flutter Mane|ability: Protosynthesis|[fromitem]\n|-start|p1b: Flutter Mane|protosynthesisspe\n|turn|1\n|\n|t:|1683656926\n|-end|p2b: Iron Bundle|Quark Drive|[silent]\n|switch|p2b: Flutter Mane|Flutter Mane, L50|100\/100\n|-terastallize|p1a: Chi-Yu|Grass\n|move|p1b: Flutter Mane|Moonblast|p2b: Flutter Mane\n|-damage|p2b: Flutter Mane|30\/100\n|move|p1a: Chi-Yu|Heat Wave|p2b: Flutter Mane|[spread] p2a\n|-miss|p1a: Chi-Yu|p2b: Flutter Mane\n|-damage|p2a: Gothitelle|47\/100\n|-damage|p1a: Chi-Yu|90\/100|[from] item: Life Orb\n|move|p2a: Gothitelle|Heal Pulse|p2b: Flutter Mane\n|-heal|p2b: Flutter Mane|80\/100\n|\n|upkeep\n|turn|2\n|\n|t:|1683656965\n|move|p1b: Flutter Mane|Shadow Ball|p2b: Flutter Mane\n|-supereffective|p2b: Flutter Mane\n|-damage|p2b: Flutter Mane|0 fnt\n|faint|p2b: Flutter Mane\n|-end|p2b: Flutter Mane|Protosynthesis|[silent]\n|move|p1a: Chi-Yu|Heat Wave|p2a: Gothitelle\n|-damage|p2a: Gothitelle|0 fnt\n|faint|p2a: Gothitelle\n|-damage|p1a: Chi-Yu|80\/100|[from] item: Life Orb\n|\n|upkeep\n|\n|t:|1683656974\n|switch|p2b: Amoonguss|Amoonguss, L50, M|100\/100\n|switch|p2a: Iron Bundle|Iron Bundle, L50|100\/100\n|turn|3\n|\n|t:|1683656996\n|-terastallize|p2b: Amoonguss|Water\n|move|p1b: Flutter Mane|Protect|p1b: Flutter Mane\n|-singleturn|p1b: Flutter Mane|Protect\n|move|p2a: Iron Bundle|Icy Wind|p1a: Chi-Yu|[spread] p1a\n|-activate|p1b: Flutter Mane|move: Protect\n|-supereffective|p1a: Chi-Yu\n|-damage|p1a: Chi-Yu|30\/100\n|-unboost|p1a: Chi-Yu|spe|1\n|move|p1a: Chi-Yu|Heat Wave|p2b: Amoonguss|[spread] p2b\n|-miss|p1a: Chi-Yu|p2a: Iron Bundle\n|-resisted|p2b: Amoonguss\n|-damage|p2b: Amoonguss|76\/100\n|-damage|p1a: Chi-Yu|20\/100|[from] item: Life Orb\n|move|p2b: Amoonguss|Pollen Puff|p1a: Chi-Yu\n|-supereffective|p1a: Chi-Yu\n|-damage|p1a: Chi-Yu|0 fnt\n|faint|p1a: Chi-Yu\n|\n|upkeep\n|\n|t:|1683657018\n|switch|p1a: Brute Bonnet|Brute Bonnet, L50|100\/100\n|turn|4\n|\n|t:|1683657034\n|move|p1a: Brute Bonnet|Rage Powder|p1a: Brute Bonnet\n|-singleturn|p1a: Brute Bonnet|move: Rage Powder\n|move|p1b: Flutter Mane|Moonblast|p2a: Iron Bundle\n|-damage|p2a: Iron Bundle|18\/100\n|move|p2a: Iron Bundle|Icy Wind|p1b: Flutter Mane|[spread] p1a,p1b\n|-supereffective|p1a: Brute Bonnet\n|-damage|p1a: Brute Bonnet|64\/100\n|-damage|p1b: Flutter Mane|82\/100\n|-unboost|p1a: Brute Bonnet|spe|1\n|-unboost|p1b: Flutter Mane|spe|1\n|move|p2b: Amoonguss|Pollen Puff|p1a: Brute Bonnet\n|-supereffective|p1a: Brute Bonnet\n|-damage|p1a: Brute Bonnet|0 fnt\n|faint|p1a: Brute Bonnet\n|-end|p1a: Brute Bonnet|Protosynthesis|[silent]\n|\n|upkeep\n|\n|t:|1683657042\n|switch|p1a: Great Tusk|Great Tusk, L50|100\/100\n|turn|5\n|\n|t:|1683657083\n|move|p1b: Flutter Mane|Protect|p1b: Flutter Mane\n|-singleturn|p1b: Flutter Mane|Protect\n|move|p2b: Amoonguss|Rage Powder|p2b: Amoonguss\n|-singleturn|p2b: Amoonguss|move: Rage Powder\n|move|p1a: Great Tusk|Earthquake|p2b: Amoonguss|[spread] p2a,p2b\n|-activate|p1b: Flutter Mane|move: Protect\n|-damage|p2a: Iron Bundle|0 fnt\n|-damage|p2b: Amoonguss|36\/100\n|-enditem|p2b: Amoonguss|Sitrus Berry|[eat]\n|-heal|p2b: Amoonguss|61\/100|[from] item: Sitrus Berry\n|faint|p2a: Iron Bundle\n|-end|p2a: Iron Bundle|Quark Drive|[silent]\n|\n|upkeep\n|turn|6\n|\n|t:|1683657097\n|move|p2b: Amoonguss|Protect|p2b: Amoonguss\n|-singleturn|p2b: Amoonguss|Protect\n|move|p1a: Great Tusk|Earthquake|p2b: Amoonguss|[spread] p1b\n|-activate|p2b: Amoonguss|move: Protect\n|-damage|p1b: Flutter Mane|0 fnt\n|faint|p1b: Flutter Mane\n|-end|p1b: Flutter Mane|Protosynthesis|[silent]\n|\n|upkeep\n|turn|7\n|\n|t:|1683657105\n|move|p1a: Great Tusk|Earthquake|p2b: Amoonguss\n|-damage|p2b: Amoonguss|11\/100\n|move|p2b: Amoonguss|Spore|p1a: Great Tusk\n|-status|p1a: Great Tusk|slp|[from] move: Spore\n|\n|upkeep\n|turn|8\n|\n|t:|1683657112\n|cant|p1a: Great Tusk|slp\n|move|p2b: Amoonguss|Pollen Puff|p1a: Great Tusk\n|-resisted|p1a: Great Tusk\n|-crit|p1a: Great Tusk\n|-damage|p1a: Great Tusk|80\/100 slp\n|\n|upkeep\n|turn|9\n|\n|t:|1683657118\n|cant|p1a: Great Tusk|slp\n|move|p2b: Amoonguss|Pollen Puff|p1a: Great Tusk\n|-resisted|p1a: Great Tusk\n|-damage|p1a: Great Tusk|66\/100 slp\n|\n|upkeep\n|turn|10\n|\n|t:|1683657126\n|cant|p1a: Great Tusk|slp\n|move|p2b: Amoonguss|Pollen Puff|p1a: Great Tusk\n|-resisted|p1a: Great Tusk\n|-crit|p1a: Great Tusk\n|-damage|p1a: Great Tusk|47\/100 slp\n|\n|upkeep\n|turn|11\n|\n|t:|1683657133\n|-curestatus|p1a: Great Tusk|slp|[msg]\n|move|p1a: Great Tusk|Earthquake|p2b: Amoonguss\n|-damage|p2b: Amoonguss|0 fnt\n|faint|p2b: Amoonguss\n|\n|win|NeuroticTC\n|n|\u2606NeuroticTC|neurotictc\n|n|\u2606Eldegoss32|eldegoss32\n|l|\u2606NeuroticTC\n|l|\u2606Eldegoss32\n|j|\u2606NeuroticTC\n|player|p1|NeuroticTC|boarder\n","uploadtime":1683657882,"views":12,"p1id":"neurotictc","p2id":"eldegoss32","formatid":"gen9vgc2023regulationc","rating":0,"private":0,"password":""}