{"id":"gen9vgc2023regulationc-1846769584","p1":"knight8512","p2":"thoming","format":"[Gen 9] VGC 2023 Regulation C","log":"|j|\u2606knight8512\n|j|\u2606thoming\n|t:|1681876503\n|gametype|doubles\n|player|p1|knight8512|boarder|1112\n|player|p2|thoming|crasherwake|1215\n|teamsize|p1|6\n|teamsize|p2|6\n|gen|9\n|tier|[Gen 9] VGC 2023 Regulation C\n|rated|\n|rule|Species Clause: Limit one of each Pok\u00e9mon\n|rule|Item Clause: Limit one of each item\n|clearpoke\n|poke|p1|Garchomp, L50, M|\n|poke|p1|Gyarados, L50, F|\n|poke|p1|Flutter Mane, L50|\n|poke|p1|Talonflame, L50, M|\n|poke|p1|Amoonguss, L50, M|\n|poke|p1|Chien-Pao, L50|\n|poke|p2|Flutter Mane, L50|\n|poke|p2|Roaring Moon, L50|\n|poke|p2|Talonflame, L50, M|\n|poke|p2|Chi-Yu, L50|\n|poke|p2|Gastrodon, L50, M|\n|poke|p2|Amoonguss, L50, M|\n|teampreview|4\nthoming has agreed to open team sheets.\n|inactive|Battle timer is ON: inactive players will automatically lose when time's up. (requested by thoming)\n|\n|t:|1681876567\n|start\n|switch|p1a: Talonflame|Talonflame, L50, M|100\/100\n|switch|p1b: Garchomp|Garchomp, L50, M|100\/100\n|switch|p2a: Moon|Roaring Moon, L50|100\/100\n|switch|p2b: Amoonguss|Amoonguss, L50, M|100\/100\n|turn|1\n|inactive|thoming has 30 seconds left.\n|\n|t:|1681876595\n|-terastallize|p2a: Moon|Poison\n|move|p1b: Garchomp|Protect|p1b: Garchomp\n|-singleturn|p1b: Garchomp|Protect\n|move|p1a: Talonflame|Taunt|p2b: Amoonguss\n|-start|p2b: Amoonguss|move: Taunt\n|move|p2a: Moon|Breaking Swipe|p1b: Garchomp|[spread] p1a\n|-activate|p1b: Garchomp|move: Protect\n|-damage|p1a: Talonflame|59\/100\n|cant|p2b: Amoonguss|move: Taunt|Spore\n|\n|upkeep\n|turn|2\n|inactive|knight8512 has 30 seconds left.\n|inactive|knight8512 has 20 seconds left.\n|inactive|knight8512 has 15 seconds left.\n|\n|t:|1681876638\n|-terastallize|p1b: Garchomp|Fire\n|move|p1a: Talonflame|Will-O-Wisp|p2a: Moon\n|-status|p2a: Moon|brn\n|move|p2a: Moon|Tailwind|p2a: Moon\n|-sidestart|p2: thoming|move: Tailwind\n|move|p1b: Garchomp|Fire Blast|p2b: Amoonguss\n|-supereffective|p2b: Amoonguss\n|-damage|p2b: Amoonguss|22\/100\n|-damage|p1b: Garchomp|91\/100|[from] item: Life Orb\n|move|p2b: Amoonguss|Pollen Puff|p2a: Moon\n|-immune|p2a: Moon\n|\n|-damage|p2a: Moon|95\/100 brn|[from] brn\n|upkeep\n|turn|3\n|inactive|thoming has 30 seconds left.\n|\n|t:|1681876667\n|switch|p2b: Gastrodon|Gastrodon, L50, M|100\/100\n|move|p2a: Moon|Breaking Swipe|p1b: Garchomp|[spread] p1a,p1b\n|-damage|p1a: Talonflame|41\/100\n|-damage|p1b: Garchomp|78\/100\n|-unboost|p1b: Garchomp|atk|1\n|-damage|p2a: Moon|83\/100 brn|[from] ability: Rough Skin|[of] p1b: Garchomp\n|move|p1a: Talonflame|Tailwind|p1a: Talonflame\n|-sidestart|p1: knight8512|move: Tailwind\n|move|p1b: Garchomp|Earthquake|p2a: Moon|[spread] p2a,p2b\n|-immune|p1a: Talonflame\n|-supereffective|p2a: Moon\n|-damage|p2a: Moon|12\/100 brn\n|-damage|p2b: Gastrodon|71\/100\n|-enditem|p2a: Moon|Figy Berry|[eat]\n|-heal|p2a: Moon|45\/100 brn|[from] item: Figy Berry\n|-damage|p1b: Garchomp|69\/100|[from] item: Life Orb\n|\n|-heal|p2b: Gastrodon|76\/100|[from] item: Leftovers\n|-damage|p2a: Moon|39\/100 brn|[from] brn\n|upkeep\n|turn|4\n|inactive|knight8512 has 30 seconds left.\n|inactive|thoming has 30 seconds left.\n|inactive|knight8512 has 20 seconds left.\n|inactive|knight8512 has 15 seconds left.\n|inactive|knight8512 has 10 seconds left.\n|\n|t:|1681876714\n|switch|p1a: Flutter Mane|Flutter Mane, L50|100\/100\n|move|p1b: Garchomp|Protect|p1b: Garchomp\n|-singleturn|p1b: Garchomp|Protect\n|move|p2a: Moon|Breaking Swipe|p1a: Flutter Mane|[spread] \n|-activate|p1b: Garchomp|move: Protect\n|-immune|p1a: Flutter Mane\n|move|p2b: Gastrodon|Earth Power|p1b: Garchomp\n|-activate|p1b: Garchomp|move: Protect\n|\n|-heal|p2b: Gastrodon|82\/100|[from] item: Leftovers\n|-damage|p2a: Moon|33\/100 brn|[from] brn\n|upkeep\n|turn|5\n|inactive|knight8512 has 30 seconds left.\n|inactive|thoming has 30 seconds left.\n|\n|t:|1681876742\n|switch|p1b: Talonflame|Talonflame, L50, M|41\/100\n|move|p1a: Flutter Mane|Shadow Ball|p2a: Moon\n|-damage|p2a: Moon|0 fnt\n|faint|p2a: Moon\n|-end|p2a: Moon|Protosynthesis|[silent]\n|move|p2b: Gastrodon|Yawn|p1b: Talonflame\n|-start|p1b: Talonflame|move: Yawn|[of] p2b: Gastrodon\n|\n|-heal|p2b: Gastrodon|88\/100|[from] item: Leftovers\n|-sideend|p2: thoming|move: Tailwind\n|upkeep\n|\n|t:|1681876754\n|switch|p2a: Amoonguss|Amoonguss, L50, M|55\/100\n|turn|6\n|\n|t:|1681876767\n|switch|p1b: Chien-Pao|Chien-Pao, L50|100\/100\n|-ability|p1b: Chien-Pao|Sword of Ruin\n|move|p2a: Amoonguss|Protect|p2a: Amoonguss\n|-singleturn|p2a: Amoonguss|Protect\n|move|p1a: Flutter Mane|Shadow Ball|p2b: Gastrodon\n|-damage|p2b: Gastrodon|31\/100\n|move|p2b: Gastrodon|Earth Power|p1a: Flutter Mane\n|-damage|p1a: Flutter Mane|68\/100\n|\n|-heal|p2b: Gastrodon|37\/100|[from] item: Leftovers\n|-sideend|p1: knight8512|move: Tailwind\n|upkeep\n|turn|7\n|\n|t:|1681876786\n|move|p2a: Amoonguss|Rage Powder|p2a: Amoonguss\n|-singleturn|p2a: Amoonguss|move: Rage Powder\n|move|p1b: Chien-Pao|Ice Spinner|p2a: Amoonguss\n|-supereffective|p2a: Amoonguss\n|-damage|p2a: Amoonguss|0 fnt\n|-damage|p1b: Chien-Pao|84\/100|[from] item: Rocky Helmet|[of] p2a: Amoonguss\n|faint|p2a: Amoonguss\n|move|p1a: Flutter Mane|Shadow Ball|p2b: Gastrodon\n|-damage|p2b: Gastrodon|0 fnt\n|faint|p2b: Gastrodon\n|\n|upkeep\n|\n|t:|1681876795\n|switch|p2a: Flutter Mane|Flutter Mane, L50|100\/100\n|turn|8\n|\n|t:|1681876818\n|move|p1b: Chien-Pao|Sucker Punch|p2a: Flutter Mane\n|-damage|p2a: Flutter Mane|25\/100\n|move|p1a: Flutter Mane|Shadow Ball|p2a: Flutter Mane\n|-supereffective|p2a: Flutter Mane\n|-damage|p2a: Flutter Mane|0 fnt\n|faint|p2a: Flutter Mane\n|-end|p2a: Flutter Mane|Protosynthesis|[silent]\n|\n|win|knight8512\n|raw|knight8512's rating: 1112 → 1144<\/strong> (+32 for winning)\n|raw|thoming's rating: 1215 → 1183<\/strong> (-32 for losing)\n|l|\u2606thoming\n","uploadtime":1681876842,"views":13,"p1id":"knight8512","p2id":"thoming","formatid":"gen9vgc2023regulationc","rating":1144,"private":0,"password":""}