{"id":"gen9vgc2023regulationc-1851500797","p1":"MissingNoL","p2":"Fireboule","format":"[Gen 9] VGC 2023 Regulation C","log":"|j|\u2606MissingNoL\n|j|\u2606Fireboule\n|t:|1682450359\n|gametype|doubles\n|player|p1|MissingNoL|lucas|\n|player|p2|Fireboule|rocketgruntf|\n|teamsize|p1|6\n|teamsize|p2|6\n|gen|9\n|tier|[Gen 9] VGC 2023 Regulation C\n|rule|Species Clause: Limit one of each Pok\u00e9mon\n|rule|Item Clause: Limit one of each item\n|clearpoke\n|poke|p1|Palafin, L50, M|\n|poke|p1|Arcanine, L50, F|\n|poke|p1|Amoonguss, L50, F|\n|poke|p1|Flutter Mane, L50|\n|poke|p1|Ting-Lu, L50|\n|poke|p1|Baxcalibur, L50, F|\n|poke|p2|Indeedee-F, L50, F|\n|poke|p2|Armarouge, L50, M|\n|poke|p2|Torkoal, L50, M|\n|poke|p2|Hatterene, L50, F|\n|poke|p2|Annihilape, L50, M|\n|poke|p2|Brute Bonnet, L50|\n|teampreview|4\nMissingNoL has agreed to open team sheets.\nFireboule has agreed to open team sheets.\n|c|\u2606MissingNoL|g2\n|c|\u2606MissingNoL|ready?\n|c|\u2606Fireboule|y\n|inactive|Battle timer is ON: inactive players will automatically lose when time's up. (requested by MissingNoL)\n|inactive|MissingNoL has 60 seconds left.\n|inactive|Fireboule has 60 seconds left.\n|inactive|Fireboule has 30 seconds left.\n|\n|t:|1682450891\n|start\n|switch|p1a: Palafin|Palafin, L50, M|100\/100\n|switch|p1b: Arcanine|Arcanine, L50, F|100\/100\n|switch|p2a: Indeedee|Indeedee-F, L50, F|100\/100\n|switch|p2b: Annihilape|Annihilape, L50, M|100\/100\n|-ability|p1b: Arcanine|Intimidate|boost\n|-unboost|p2a: Indeedee|atk|1\n|-unboost|p2b: Annihilape|atk|1\n|-ability|p2b: Annihilape|Defiant|boost\n|-boost|p2b: Annihilape|atk|2\n|-fieldstart|move: Psychic Terrain|[from] ability: Psychic Surge|[of] p2a: Indeedee\n|-enditem|p2a: Indeedee|Psychic Seed\n|-boost|p2a: Indeedee|spd|1|[from] item: Psychic Seed\n|turn|1\n|inactive|MissingNoL has 30 seconds left.\n|inactive|Fireboule has 30 seconds left.\n|inactive|MissingNoL has 20 seconds left.\n|inactive|MissingNoL has 15 seconds left.\n|\n|t:|1682450932\n|move|p2a: Indeedee|Helping Hand|p2b: Annihilape\n|-singleturn|p2b: Annihilape|Helping Hand|[of] p2a: Indeedee\n|move|p1b: Arcanine|Protect|p1b: Arcanine\n|-singleturn|p1b: Arcanine|Protect\n|move|p2b: Annihilape|Close Combat|p1b: Arcanine\n|-activate|p1b: Arcanine|move: Protect\n|move|p1a: Palafin|Wave Crash|p2b: Annihilape\n|-damage|p2b: Annihilape|49\/100\n|-damage|p1a: Palafin|81\/100|[from] Recoil\n|\n|upkeep\n|turn|2\n|inactive|MissingNoL has 30 seconds left.\n|inactive|MissingNoL has 20 seconds left.\n|inactive|MissingNoL has 15 seconds left.\n|\n|t:|1682450973\n|move|p2a: Indeedee|Follow Me|p2a: Indeedee\n|-singleturn|p2a: Indeedee|move: Follow Me\n|move|p2b: Annihilape|Close Combat|p1b: Arcanine\n|-damage|p1b: Arcanine|30\/100\n|-unboost|p2b: Annihilape|def|1\n|-unboost|p2b: Annihilape|spd|1\n|move|p1b: Arcanine|Flare Blitz|p2a: Indeedee\n|-damage|p2a: Indeedee|55\/100\n|-damage|p1b: Arcanine|16\/100|[from] Recoil\n|move|p1a: Palafin|Substitute|p1a: Palafin\n|-start|p1a: Palafin|Substitute\n|-damage|p1a: Palafin|56\/100\n|\n|upkeep\n|turn|3\n|inactive|MissingNoL has 30 seconds left.\n|\n|t:|1682451007\n|move|p2b: Annihilape|Close Combat|p1a: Palafin\n|-end|p1a: Palafin|Substitute\n|-unboost|p2b: Annihilape|def|1\n|-unboost|p2b: Annihilape|spd|1\n|move|p1b: Arcanine|Flare Blitz|p2b: Annihilape\n|-damage|p2b: Annihilape|0 fnt\n|faint|p2b: Annihilape\n|-damage|p1b: Arcanine|0 fnt|[from] Recoil\n|faint|p1b: Arcanine\n|move|p1a: Palafin|Wave Crash|p2a: Indeedee\n|-damage|p2a: Indeedee|0 fnt\n|faint|p2a: Indeedee\n|-damage|p1a: Palafin|40\/100|[from] Recoil\n|\n|upkeep\n|\n|t:|1682451023\n|switch|p2b: Brute Bonnet|Brute Bonnet, L50|100\/100\n|switch|p1b: Ting-Lu|Ting-Lu, L50|100\/100\n|switch|p2a: Armarouge|Armarouge, L50, M|100\/100\n|-ability|p1b: Ting-Lu|Vessel of Ruin\n|turn|4\n|inactive|MissingNoL has 30 seconds left.\n|inactive|Fireboule has 30 seconds left.\n|inactive|MissingNoL has 20 seconds left.\n|inactive|Fireboule has 20 seconds left.\n|inactive|MissingNoL has 15 seconds left.\n|inactive|Fireboule has 15 seconds left.\n|inactive|MissingNoL has 10 seconds left.\n|\n|t:|1682451073\n|-terastallize|p2a: Armarouge|Grass\n|move|p1a: Palafin|Wave Crash|p2a: Armarouge\n|-resisted|p2a: Armarouge\n|-damage|p2a: Armarouge|77\/100\n|-damage|p1a: Palafin|32\/100|[from] Recoil\n|move|p1b: Ting-Lu|Ruination|p2a: Armarouge\n|-damage|p2a: Armarouge|39\/100\n|move|p2b: Brute Bonnet|Bullet Seed|p1b: Ting-Lu\n|-supereffective|p1b: Ting-Lu\n|-damage|p1b: Ting-Lu|83\/100\n|-supereffective|p1b: Ting-Lu\n|-damage|p1b: Ting-Lu|65\/100\n|-supereffective|p1b: Ting-Lu\n|-damage|p1b: Ting-Lu|49\/100\n|-supereffective|p1b: Ting-Lu\n|-damage|p1b: Ting-Lu|34\/100\n|-hitcount|p1b: Ting-Lu|4\n|move|p2a: Armarouge|Trick Room|p2a: Armarouge\n|-fieldstart|move: Trick Room|[of] p2a: Armarouge\n|\n|upkeep\n|turn|5\n|\n|t:|1682451096\n|move|p2b: Brute Bonnet|Bullet Seed|p1b: Ting-Lu\n|-supereffective|p1b: Ting-Lu\n|-damage|p1b: Ting-Lu|16\/100\n|-supereffective|p1b: Ting-Lu\n|-damage|p1b: Ting-Lu|0 fnt\n|faint|p1b: Ting-Lu\n|-hitcount|p1: Ting-Lu|2\n|move|p2a: Armarouge|Expanding Force|p1a: Palafin\n|-damage|p1a: Palafin|0 fnt\n|faint|p1a: Palafin\n|-damage|p2a: Armarouge|29\/100|[from] item: Life Orb\n|\n|-fieldend|move: Psychic Terrain\n|upkeep\n|\n|t:|1682451100\n|switch|p1b: Baxcalibur|Baxcalibur, L50, F|100\/100\n|turn|6\n|\n|t:|1682451119\n|-terastallize|p1b: Baxcalibur|Poison\n|move|p1b: Baxcalibur|Ice Shard|p2a: Armarouge\n|-supereffective|p2a: Armarouge\n|-damage|p2a: Armarouge|0 fnt\n|faint|p2a: Armarouge\n|move|p2b: Brute Bonnet|Spore|p1b: Baxcalibur\n|-status|p1b: Baxcalibur|slp|[from] move: Spore\n|\n|upkeep\n|turn|7\n|\n|t:|1682451135\n|move|p2b: Brute Bonnet|Close Combat|p1b: Baxcalibur\n|-resisted|p1b: Baxcalibur\n|-damage|p1b: Baxcalibur|79\/100 slp\n|-unboost|p2b: Brute Bonnet|def|1\n|-unboost|p2b: Brute Bonnet|spd|1\n|cant|p1b: Baxcalibur|slp\n|\n|upkeep\n|turn|8\n|\n|t:|1682451147\n|move|p2b: Brute Bonnet|Bullet Seed|p1b: Baxcalibur\n|-resisted|p1b: Baxcalibur\n|-damage|p1b: Baxcalibur|71\/100 slp\n|-resisted|p1b: Baxcalibur\n|-damage|p1b: Baxcalibur|64\/100 slp\n|-resisted|p1b: Baxcalibur\n|-damage|p1b: Baxcalibur|58\/100 slp\n|-resisted|p1b: Baxcalibur\n|-damage|p1b: Baxcalibur|50\/100 slp\n|-hitcount|p1b: Baxcalibur|4\n|cant|p1b: Baxcalibur|slp\n|\n|-fieldend|move: Trick Room\n|upkeep\n|turn|9\n|\n|t:|1682451159\n|cant|p1b: Baxcalibur|slp\n|move|p2b: Brute Bonnet|Bullet Seed|p1b: Baxcalibur\n|-resisted|p1b: Baxcalibur\n|-damage|p1b: Baxcalibur|43\/100 slp\n|-resisted|p1b: Baxcalibur\n|-damage|p1b: Baxcalibur|37\/100 slp\n|-resisted|p1b: Baxcalibur\n|-damage|p1b: Baxcalibur|30\/100 slp\n|-resisted|p1b: Baxcalibur\n|-crit|p1b: Baxcalibur\n|-damage|p1b: Baxcalibur|18\/100 slp\n|-hitcount|p1b: Baxcalibur|4\n|\n|upkeep\n|turn|10\n|\n|t:|1682451177\n|-curestatus|p1b: Baxcalibur|slp|[msg]\n|move|p1b: Baxcalibur|Ice Shard|p2b: Brute Bonnet\n|-supereffective|p2b: Brute Bonnet\n|-damage|p2b: Brute Bonnet|36\/100\n|move|p2b: Brute Bonnet|Sucker Punch||[still]\n|-fail|p2b: Brute Bonnet\n|\n|upkeep\n|turn|11\n|c|\u2606MissingNoL|damn gg\n|\n|t:|1682451188\n|move|p1b: Baxcalibur|Ice Shard|p2b: Brute Bonnet\n|-supereffective|p2b: Brute Bonnet\n|-damage|p2b: Brute Bonnet|0 fnt\n|faint|p2b: Brute Bonnet\n|-end|p2b: Brute Bonnet|Protosynthesis|[silent]\n|\n|win|MissingNoL\n|c|\u2606MissingNoL|was very well played\n","uploadtime":1682451192,"views":6,"p1id":"missingnol","p2id":"fireboule","formatid":"gen9vgc2023regulationc","rating":0,"private":0,"password":""}