{"id":"gen9vgc2023regulationc-1846683045","p1":"Tysue","p2":"RitmanTesting1","format":"[Gen 9] VGC 2023 Regulation C","log":"|j|\u2606Tysue\n|j|\u2606RitmanTesting1\n|t:|1681865412\n|gametype|doubles\n|player|p1|Tysue|drayden|1245\n|player|p2|RitmanTesting1|byron|1336\n|teamsize|p1|6\n|teamsize|p2|6\n|gen|9\n|tier|[Gen 9] VGC 2023 Regulation C\n|rated|\n|rule|Species Clause: Limit one of each Pok\u00e9mon\n|rule|Item Clause: Limit one of each item\n|clearpoke\n|poke|p1|Dondozo, L50, F|\n|poke|p1|Tatsugiri, L50, F|\n|poke|p1|Iron Hands, L50|\n|poke|p1|Armarouge, L50, M|\n|poke|p1|Indeedee-F, L50, F|\n|poke|p1|Brute Bonnet, L50|\n|poke|p2|Chi-Yu, L50|\n|poke|p2|Flutter Mane, L50|\n|poke|p2|Gyarados, L50, F|\n|poke|p2|Brute Bonnet, L50|\n|poke|p2|Baxcalibur, L50, M|\n|poke|p2|Glimmora, L50, M|\n|teampreview|4\n|inactive|Battle timer is ON: inactive players will automatically lose when time's up. (requested by RitmanTesting1)\nRitmanTesting1 has agreed to open team sheets.\n|inactive|RitmanTesting1 has 60 seconds left.\n|\n|t:|1681865456\n|start\n|switch|p1a: Bubble Bass|Iron Hands, L50|100\/100\n|switch|p1b: Mindy|Indeedee-F, L50, F|100\/100\n|switch|p2a: Gyarados|Gyarados, L50, F|100\/100\n|switch|p2b: Chi-Yu|Chi-Yu, L50|100\/100\n|-ability|p2b: Chi-Yu|Beads of Ruin\n|-ability|p2a: Gyarados|Intimidate|boost\n|-unboost|p1a: Bubble Bass|atk|1\n|-unboost|p1b: Mindy|atk|1\n|-fieldstart|move: Psychic Terrain|[from] ability: Psychic Surge|[of] p1b: Mindy\n|-enditem|p1b: Mindy|Psychic Seed\n|-boost|p1b: Mindy|spd|1|[from] item: Psychic Seed\n|turn|1\n|\n|t:|1681865475\n|move|p2a: Gyarados|Protect|p2a: Gyarados\n|-singleturn|p2a: Gyarados|Protect\n|move|p1a: Bubble Bass|Fake Out|p2b: Chi-Yu\n|-activate|p2b: Chi-Yu|move: Psychic Terrain\n|move|p2b: Chi-Yu|Dark Pulse|p1b: Mindy\n|-supereffective|p1b: Mindy\n|-damage|p1b: Mindy|32\/100\n|move|p1b: Mindy|Trick Room|p1b: Mindy\n|-fieldstart|move: Trick Room|[of] p1b: Mindy\n|\n|upkeep\n|turn|2\n|c|\u2606RitmanTesting1|the only one targeteable, was gyarados...\n|inactive|RitmanTesting1 has 30 seconds left.\n|inactive|RitmanTesting1 has 20 seconds left.\n|c|\u2606RitmanTesting1|Flying types doesn't affect the terrains\n|inactive|RitmanTesting1 has 15 seconds left.\n|inactive|RitmanTesting1 has 10 seconds left.\n|\n|t:|1681865523\n|move|p1b: Mindy|Helping Hand|p1a: Bubble Bass\n|-singleturn|p1a: Bubble Bass|Helping Hand|[of] p1b: Mindy\n|move|p1a: Bubble Bass|Volt Switch|p2a: Gyarados\n|-supereffective|p2a: Gyarados\n|-damage|p2a: Gyarados|10\/100\n|\n|t:|1681865531\n|-end|p1a: Bubble Bass|Quark Drive|[silent]\n|switch|p1a: Barnacle Boy|Tatsugiri, L50, F|100\/100|[from] Volt Switch\n|move|p2a: Gyarados|Waterfall|p1b: Mindy\n|-damage|p1b: Mindy|0 fnt\n|faint|p1b: Mindy\n|move|p2b: Chi-Yu|Heat Wave|p1a: Barnacle Boy\n|-resisted|p1a: Barnacle Boy\n|-damage|p1a: Barnacle Boy|79\/100\n|\n|upkeep\n|\n|t:|1681865547\n|switch|p1b: Bubble Bass|Iron Hands, L50|100\/100\n|turn|3\n|\n|t:|1681865564\n|move|p2a: Gyarados|Protect|p2a: Gyarados\n|-singleturn|p2a: Gyarados|Protect\n|move|p1b: Bubble Bass|Drain Punch|p2b: Chi-Yu\n|-supereffective|p2b: Chi-Yu\n|-enditem|p2b: Chi-Yu|Focus Sash\n|-damage|p2b: Chi-Yu|1\/100\n|move|p1a: Barnacle Boy|Muddy Water|p2a: Gyarados|[spread] p2b\n|-activate|p2a: Gyarados|move: Protect\n|-supereffective|p2b: Chi-Yu\n|-damage|p2b: Chi-Yu|0 fnt\n|faint|p2b: Chi-Yu\n|\n|upkeep\n|\n|t:|1681865579\n|switch|p2b: Glimmora|Glimmora, L50, M|100\/100\n|turn|4\n|\n|t:|1681865602\n|-terastallize|p2b: Glimmora|Grass\n|move|p1b: Bubble Bass|Drain Punch|p2a: Gyarados\n|-resisted|p2a: Gyarados\n|-crit|p2a: Gyarados\n|-damage|p2a: Gyarados|0 fnt\n|faint|p2a: Gyarados\n|move|p2b: Glimmora|Earth Power|p1b: Bubble Bass\n|-supereffective|p1b: Bubble Bass\n|-damage|p1b: Bubble Bass|69\/100\n|-unboost|p1b: Bubble Bass|spd|1\n|move|p1a: Barnacle Boy|Muddy Water|p2b: Glimmora\n|-resisted|p2b: Glimmora\n|-damage|p2b: Glimmora|84\/100\n|-unboost|p2b: Glimmora|accuracy|1\n|\n|upkeep\n|\n|t:|1681865615\n|switch|p2a: Brute Bonnet|Brute Bonnet, L50|100\/100\n|turn|5\n|\n|t:|1681865629\n|-end|p1b: Bubble Bass|Quark Drive|[silent]\n|switch|p1b: Kevin|Brute Bonnet, L50|100\/100\n|move|p2a: Brute Bonnet|Spore|p1b: Kevin\n|-immune|p1b: Kevin\n|move|p2b: Glimmora|Mortal Spin|p1b: Kevin|[spread] p1a\n|-miss|p2b: Glimmora|p1b: Kevin\n|-damage|p1a: Barnacle Boy|71\/100\n|-status|p1a: Barnacle Boy|psn\n|move|p1a: Barnacle Boy|Taunt|p2a: Brute Bonnet\n|-start|p2a: Brute Bonnet|move: Taunt\n|\n|-damage|p1a: Barnacle Boy|58\/100 psn|[from] psn\n|-fieldend|move: Trick Room\n|-fieldend|move: Psychic Terrain\n|upkeep\n|turn|6\n|inactive|Tysue has 30 seconds left.\n|\n|t:|1681865655\n|move|p1a: Barnacle Boy|Draco Meteor|p2a: Brute Bonnet\n|-damage|p2a: Brute Bonnet|51\/100\n|-unboost|p1a: Barnacle Boy|spa|2\n|move|p2b: Glimmora|Sludge Bomb|p1b: Kevin\n|-supereffective|p1b: Kevin\n|-damage|p1b: Kevin|20\/100\n|-status|p1b: Kevin|psn\n|move|p1b: Kevin|Bullet Seed|p2b: Glimmora\n|-resisted|p2b: Glimmora\n|-damage|p2b: Glimmora|78\/100\n|-activate|p2b: Glimmora|ability: Toxic Debris\n|-sidestart|p1: Tysue|move: Toxic Spikes\n|-resisted|p2b: Glimmora\n|-damage|p2b: Glimmora|71\/100\n|-activate|p2b: Glimmora|ability: Toxic Debris\n|-sidestart|p1: Tysue|move: Toxic Spikes\n|-resisted|p2b: Glimmora\n|-damage|p2b: Glimmora|64\/100\n|-resisted|p2b: Glimmora\n|-damage|p2b: Glimmora|58\/100\n|-resisted|p2b: Glimmora\n|-damage|p2b: Glimmora|51\/100\n|-hitcount|p2b: Glimmora|5\n|move|p2a: Brute Bonnet|Seed Bomb|p1a: Barnacle Boy\n|-damage|p1a: Barnacle Boy|0 fnt\n|faint|p1a: Barnacle Boy\n|\n|-damage|p1b: Kevin|7\/100 psn|[from] psn\n|upkeep\n|\n|t:|1681865665\n|switch|p1a: Bubble Bass|Iron Hands, L50|69\/100\n|-status|p1a: Bubble Bass|tox\n|turn|7\n|\n|t:|1681865689\n|move|p1a: Bubble Bass|Fake Out|p2b: Glimmora\n|-damage|p2b: Glimmora|37\/100\n|cant|p2b: Glimmora|flinch\n|move|p1b: Kevin|Crunch|p2a: Brute Bonnet\n|-resisted|p2a: Brute Bonnet\n|-damage|p2a: Brute Bonnet|35\/100\n|-unboost|p2a: Brute Bonnet|def|1\n|-enditem|p2a: Brute Bonnet|Sitrus Berry|[eat]\n|-heal|p2a: Brute Bonnet|60\/100|[from] item: Sitrus Berry\n|move|p2a: Brute Bonnet|Seed Bomb|p1a: Bubble Bass\n|-damage|p1a: Bubble Bass|41\/100 tox\n|\n|-damage|p1b: Kevin|0 fnt|[from] psn\n|faint|p1b: Kevin\n|-end|p1b: Kevin|Protosynthesis|[silent]\n|-damage|p1a: Bubble Bass|35\/100 tox|[from] psn\n|upkeep\n|turn|8\n|\n|t:|1681865707\n|move|p2b: Glimmora|Earth Power|p1a: Bubble Bass|[miss]\n|-miss|p2b: Glimmora|p1a: Bubble Bass\n|move|p2a: Brute Bonnet|Seed Bomb|p1a: Bubble Bass\n|-damage|p1a: Bubble Bass|10\/100 tox\n|move|p1a: Bubble Bass|Drain Punch|p2a: Brute Bonnet\n|-supereffective|p2a: Brute Bonnet\n|-damage|p2a: Brute Bonnet|0 fnt\n|-heal|p1a: Bubble Bass|36\/100 tox|[from] drain|[of] p2a: Brute Bonnet\n|faint|p2a: Brute Bonnet\n|-end|p2a: Brute Bonnet|Protosynthesis|[silent]\n|\n|-damage|p1a: Bubble Bass|24\/100 tox|[from] psn\n|upkeep\n|turn|9\n|\n|t:|1681865723\n|move|p2b: Glimmora|Earth Power|p1a: Bubble Bass\n|-supereffective|p1a: Bubble Bass\n|-damage|p1a: Bubble Bass|0 fnt\n|faint|p1a: Bubble Bass\n|-end|p1a: Bubble Bass|Quark Drive|[silent]\n|\n|win|RitmanTesting1\n|raw|Tysue's rating: 1245 → 1226<\/strong> (-19 for losing)\n|raw|RitmanTesting1's rating: 1336 → 1351<\/strong> (+15 for winning)\n|l|\u2606Tysue\n|c|\u2606RitmanTesting1|gg\n","uploadtime":1681865745,"views":11,"p1id":"tysue","p2id":"ritmantesting1","formatid":"gen9vgc2023regulationc","rating":1226,"private":0,"password":""}