{"id":"gen9vgc2023regulationc-1860199240","p1":"Nightmare_King_VGC","p2":"Wawesome","format":"[Gen 9] VGC 2023 Regulation C","log":"|j|\u2606Nightmare_King_VGC\n|j|\u2606Wawesome\n|t:|1683608856\n|gametype|doubles\n|player|p1|Nightmare_King_VGC|veteranf|1656\n|player|p2|Wawesome|265|1628\n|teamsize|p1|6\n|teamsize|p2|6\n|gen|9\n|tier|[Gen 9] VGC 2023 Regulation C\n|rated|\n|rule|Species Clause: Limit one of each Pok\u00e9mon\n|rule|Item Clause: Limit one of each item\n|clearpoke\n|poke|p1|Iron Bundle, L50|\n|poke|p1|Dondozo, L50, M|\n|poke|p1|Tatsugiri, L50, F|\n|poke|p1|Chi-Yu, L50|\n|poke|p1|Glimmora, L50, M|\n|poke|p1|Flutter Mane, L50|\n|poke|p2|Garganacl, L50, M|\n|poke|p2|Iron Bundle, L50|\n|poke|p2|Tyranitar, L50, F|\n|poke|p2|Arcanine, L50, M|\n|poke|p2|Iron Hands, L50|\n|poke|p2|Flutter Mane, L50|\n|teampreview|4\n|\n|t:|1683608914\n|start\n|switch|p1a: Glimmora|Glimmora, L50, M|100\/100\n|switch|p1b: Dondozo|Dondozo, L50, M|100\/100\n|switch|p2a: Garganacl|Garganacl, L50, M|100\/100\n|switch|p2b: Flutter Mane|Flutter Mane, L50|100\/100\n|turn|1\n|\n|t:|1683608974\n|switch|p2a: Iron Bundle|Iron Bundle, L50|100\/100\n|-enditem|p2a: Iron Bundle|Booster Energy\n|-activate|p2a: Iron Bundle|ability: Quark Drive|[fromitem]\n|-start|p2a: Iron Bundle|quarkdrivespe\n|move|p1b: Dondozo|Protect|p1b: Dondozo\n|-singleturn|p1b: Dondozo|Protect\n|move|p2b: Flutter Mane|Shadow Ball|p1a: Glimmora\n|-damage|p1a: Glimmora|14\/100\n|move|p1a: Glimmora|Mortal Spin|p2a: Iron Bundle|[spread] p2a,p2b\n|-damage|p2a: Iron Bundle|95\/100\n|-damage|p2b: Flutter Mane|94\/100\n|-status|p2a: Iron Bundle|psn\n|-status|p2b: Flutter Mane|psn\n|\n|-damage|p2a: Iron Bundle|83\/100 psn|[from] psn\n|-damage|p2b: Flutter Mane|81\/100 psn|[from] psn\n|upkeep\n|turn|2\n|\n|t:|1683608994\n|switch|p1a: Tatsugiri|Tatsugiri, L50, F|100\/100\n|-activate|p1a: Tatsugiri|ability: Commander|[of] p1b: Dondozo\n|-boost|p1b: Dondozo|atk|2\n|-boost|p1b: Dondozo|spa|2\n|-boost|p1b: Dondozo|spe|2\n|-boost|p1b: Dondozo|def|2\n|-boost|p1b: Dondozo|spd|2\n|move|p2a: Iron Bundle|Freeze-Dry|p1b: Dondozo\n|-supereffective|p1b: Dondozo\n|-damage|p1b: Dondozo|70\/100\n|move|p2b: Flutter Mane|Shadow Ball|p1a: Tatsugiri|[miss]\n|-miss|p2b: Flutter Mane|p1a: Tatsugiri\n|move|p1b: Dondozo|Earthquake|p2b: Flutter Mane|[spread] p2a,p2b\n|-miss|p1b: Dondozo|p1a: Tatsugiri\n|-damage|p2a: Iron Bundle|33\/100 psn\n|-damage|p2b: Flutter Mane|14\/100 psn\n|\n|-heal|p1b: Dondozo|77\/100|[from] item: Leftovers\n|-damage|p2a: Iron Bundle|21\/100 psn|[from] psn\n|-damage|p2b: Flutter Mane|1\/100 psn|[from] psn\n|upkeep\n|turn|3\n|\n|t:|1683609028\n|move|p1b: Dondozo|Protect|p1b: Dondozo\n|-singleturn|p1b: Dondozo|Protect\n|move|p2a: Iron Bundle|Freeze-Dry|p1b: Dondozo\n|-activate|p1b: Dondozo|move: Protect\n|move|p2b: Flutter Mane|Shadow Ball|p1b: Dondozo\n|-activate|p1b: Dondozo|move: Protect\n|\n|-heal|p1b: Dondozo|83\/100|[from] item: Leftovers\n|-damage|p2a: Iron Bundle|9\/100 psn|[from] psn\n|-damage|p2b: Flutter Mane|0 fnt|[from] psn\n|faint|p2b: Flutter Mane\n|-end|p2b: Flutter Mane|Protosynthesis|[silent]\n|upkeep\n|\n|t:|1683609055\n|switch|p2b: Garganacl|Garganacl, L50, M|100\/100\n|turn|4\n|\n|t:|1683609081\n|-terastallize|p1b: Dondozo|Grass\n|move|p2a: Iron Bundle|Encore|p1b: Dondozo\n|-start|p1b: Dondozo|Encore\n|move|p1b: Dondozo|Protect||[still]\n|-fail|p1b: Dondozo\n|move|p2b: Garganacl|Salt Cure|p1b: Dondozo\n|-damage|p1b: Dondozo|77\/100\n|-start|p1b: Dondozo|Salt Cure\n|\n|-heal|p1b: Dondozo|84\/100|[from] item: Leftovers\n|-damage|p2a: Iron Bundle|0 fnt|[from] psn\n|faint|p2a: Iron Bundle\n|-end|p2a: Iron Bundle|Quark Drive|[silent]\n|-damage|p1b: Dondozo|71\/100|[from] Salt Cure\n|upkeep\n|\n|t:|1683609088\n|switch|p2a: Iron Hands|Iron Hands, L50|100\/100\n|turn|5\n|\n|t:|1683609098\n|move|p1b: Dondozo|Protect|p1b: Dondozo\n|-singleturn|p1b: Dondozo|Protect\n|move|p2a: Iron Hands|Drain Punch|p1b: Dondozo\n|-activate|p1b: Dondozo|move: Protect\n|move|p2b: Garganacl|Stealth Rock|p1b: Dondozo\n|-sidestart|p1: Nightmare_King_VGC|move: Stealth Rock\n|\n|-heal|p1b: Dondozo|77\/100|[from] item: Leftovers\n|-damage|p1b: Dondozo|65\/100|[from] Salt Cure\n|upkeep\n|turn|6\n|\n|t:|1683609108\n|move|p1b: Dondozo|Protect||[still]\n|-fail|p1b: Dondozo\n|move|p2a: Iron Hands|Drain Punch|p1b: Dondozo\n|-damage|p1b: Dondozo|49\/100\n|move|p2b: Garganacl|Salt Cure|p1b: Dondozo\n|-damage|p1b: Dondozo|44\/100\n|\n|-heal|p1b: Dondozo|50\/100|[from] item: Leftovers\n|-damage|p1b: Dondozo|38\/100|[from] Salt Cure\n|-end|p1b: Dondozo|Encore\n|upkeep\n|turn|7\n|\n|t:|1683609125\n|-terastallize|p2b: Garganacl|Ghost\n|move|p1b: Dondozo|Earthquake|p2b: Garganacl|[spread] p2a,p2b\n|-miss|p1b: Dondozo|p1a: Tatsugiri\n|-supereffective|p2a: Iron Hands\n|-damage|p2a: Iron Hands|43\/100\n|-damage|p2b: Garganacl|76\/100\n|move|p2a: Iron Hands|Drain Punch|p1b: Dondozo\n|-damage|p1b: Dondozo|23\/100\n|-heal|p2a: Iron Hands|50\/100|[from] drain|[of] p1b: Dondozo\n|move|p2b: Garganacl|Salt Cure|p1b: Dondozo\n|-damage|p1b: Dondozo|17\/100\n|\n|-heal|p1b: Dondozo|24\/100|[from] item: Leftovers\n|-heal|p2b: Garganacl|82\/100|[from] item: Leftovers\n|-damage|p1b: Dondozo|11\/100|[from] Salt Cure\n|upkeep\n|turn|8\n|j| dieanword\n|j| Anonymoongus\n|\n|t:|1683609162\n|move|p1b: Dondozo|Earthquake|p2a: Iron Hands|[spread] p2a,p2b\n|-miss|p1b: Dondozo|p1a: Tatsugiri\n|-supereffective|p2a: Iron Hands\n|-damage|p2a: Iron Hands|0 fnt\n|-damage|p2b: Garganacl|54\/100\n|faint|p2a: Iron Hands\n|-end|p2a: Iron Hands|Quark Drive|[silent]\n|move|p2b: Garganacl|Salt Cure|p1b: Dondozo\n|-damage|p1b: Dondozo|6\/100\n|\n|-heal|p1b: Dondozo|12\/100|[from] item: Leftovers\n|-heal|p2b: Garganacl|59\/100|[from] item: Leftovers\n|-damage|p1b: Dondozo|0 fnt|[from] Salt Cure\n|faint|p1b: Dondozo\n|upkeep\n|\n|t:|1683609184\n|switch|p1b: Flutter Mane|Flutter Mane, L50|100\/100\n|-damage|p1b: Flutter Mane|88\/100|[from] Stealth Rock\n|turn|9\n|\n|t:|1683609189\n|move|p2b: Garganacl|Protect|p2b: Garganacl\n|-singleturn|p2b: Garganacl|Protect\n|move|p1a: Tatsugiri|Draco Meteor|p2b: Garganacl\n|-activate|p2b: Garganacl|move: Protect\n|move|p1b: Flutter Mane|Moonblast|p2b: Garganacl\n|-activate|p2b: Garganacl|move: Protect\n|\n|-heal|p2b: Garganacl|65\/100|[from] item: Leftovers\n|upkeep\n|turn|10\n|\n|t:|1683609198\n|move|p1a: Tatsugiri|Draco Meteor|p2b: Garganacl\n|-damage|p2b: Garganacl|15\/100\n|-unboost|p1a: Tatsugiri|spa|2\n|move|p1b: Flutter Mane|Moonblast|p2b: Garganacl\n|-damage|p2b: Garganacl|0 fnt\n|faint|p2b: Garganacl\n|\n|win|Nightmare_King_VGC\n|raw|Nightmare_King_VGC's rating: 1656 → 1674<\/strong> (+18 for winning)\n|raw|Wawesome's rating: 1628 → 1610<\/strong> (-18 for losing)\n|l| dieanword\n","uploadtime":1683609264,"views":15,"p1id":"nightmarekingvgc","p2id":"wawesome","formatid":"gen9vgc2023regulationc","rating":1610,"private":0,"password":""}