{"id":"gen9vgc2023regulationc-1855387423","p1":"Salchari0","p2":"karhall2332","format":"[Gen 9] VGC 2023 Regulation C","log":"|j|\u2606Salchari0\n|j|\u2606karhall2332\n|t:|1682946247\n|gametype|doubles\n|player|p1|Salchari0|169|1038\n|player|p2|karhall2332|hiker|1038\n|teamsize|p1|6\n|teamsize|p2|6\n|gen|9\n|tier|[Gen 9] VGC 2023 Regulation C\n|rated|\n|rule|Species Clause: Limit one of each Pok\u00e9mon\n|rule|Item Clause: Limit one of each item\n|clearpoke\n|poke|p1|Toedscruel, L50, M|\n|poke|p1|Garganacl, L50, M|\n|poke|p1|Gholdengo, L50|\n|poke|p1|Rotom-Wash, L50|\n|poke|p1|Chien-Pao, L50|\n|poke|p1|Volcarona, L50, M|\n|poke|p2|Abomasnow, L50, F|\n|poke|p2|Armarouge, L50, M|\n|poke|p2|Cetitan, L50, F|\n|poke|p2|Farigiraf, L50, M|\n|poke|p2|Gothitelle, L50, F|\n|poke|p2|Wo-Chien, L50|\n|teampreview|4\n|\n|t:|1682946285\n|start\n|switch|p1a: Volcarona|Volcarona, L50, M|100\/100\n|switch|p1b: Chien-Pao|Chien-Pao, L50|100\/100\n|switch|p2a: Farigiraf|Farigiraf, L50, M|100\/100\n|switch|p2b: Wo-Chien|Wo-Chien, L50|100\/100\n|-ability|p1b: Chien-Pao|Sword of Ruin\n|-ability|p2b: Wo-Chien|Tablets of Ruin\n|turn|1\n|\n|t:|1682946325\n|-terastallize|p1a: Volcarona|Fairy\n|-terastallize|p2b: Wo-Chien|Poison\n|move|p1b: Chien-Pao|Crunch|p2a: Farigiraf\n|-supereffective|p2a: Farigiraf\n|-damage|p2a: Farigiraf|21\/100\n|-enditem|p2a: Farigiraf|Sitrus Berry|[eat]\n|-heal|p2a: Farigiraf|46\/100|[from] item: Sitrus Berry\n|move|p1a: Volcarona|Quiver Dance|p1a: Volcarona\n|-boost|p1a: Volcarona|spa|1\n|-boost|p1a: Volcarona|spd|1\n|-boost|p1a: Volcarona|spe|1\n|move|p2b: Wo-Chien|Pollen Puff|p1b: Chien-Pao\n|-supereffective|p1b: Chien-Pao\n|-damage|p1b: Chien-Pao|31\/100\n|move|p2a: Farigiraf|Trick Room|p2a: Farigiraf\n|-fieldstart|move: Trick Room|[of] p2a: Farigiraf\n|\n|upkeep\n|turn|2\n|\n|t:|1682946357\n|switch|p2a: Gothitelle|Gothitelle, L50, F|100\/100\n|switch|p1a: Garganacl|Garganacl, L50, M|100\/100\n|switch|p1b: Toedscruel|Toedscruel, L50, M, shiny|100\/100\n|move|p2b: Wo-Chien|Leech Seed|p1a: Garganacl\n|-start|p1a: Garganacl|move: Leech Seed\n|\n|-damage|p1a: Garganacl|88\/100|[from] Leech Seed|[of] p2b: Wo-Chien\n|upkeep\n|turn|3\n|\n|t:|1682946376\n|move|p2a: Gothitelle|Fake Out|p1b: Toedscruel\n|-damage|p1b: Toedscruel|95\/100\n|move|p1a: Garganacl|Salt Cure|p2b: Wo-Chien\n|-damage|p2b: Wo-Chien|91\/100\n|-start|p2b: Wo-Chien|Salt Cure\n|move|p2b: Wo-Chien|Ruination|p1a: Garganacl\n|-damage|p1a: Garganacl|44\/100\n|move|p1b: Toedscruel|Spore|p2b: Wo-Chien\n|-status|p2b: Wo-Chien|slp|[from] move: Spore\n|\n|-heal|p1a: Garganacl|50\/100|[from] item: Leftovers\n|-heal|p2b: Wo-Chien|97\/100 slp|[from] item: Leftovers\n|-damage|p1a: Garganacl|38\/100|[from] Leech Seed|[of] p2b: Wo-Chien\n|-heal|p2b: Wo-Chien|100\/100 slp|[silent]\n|-damage|p2b: Wo-Chien|88\/100 slp|[from] Salt Cure\n|upkeep\n|turn|4\n|c|\u2606karhall2332|covert cloak toedscruel?\n|c|\u2606Salchari0|maybe\n|c|\u2606karhall2332|it worked out for you, i guess\n|c|\u2606Salchari0|it did\n|\n|t:|1682946478\n|cant|p2b: Wo-Chien|slp\n|move|p1a: Garganacl|Recover|p1a: Garganacl\n|-heal|p1a: Garganacl|88\/100\n|move|p2a: Gothitelle|Psyshock|p1b: Toedscruel\n|-damage|p1b: Toedscruel|60\/100\n|move|p1b: Toedscruel|Spore|p2a: Gothitelle\n|-status|p2a: Gothitelle|slp|[from] move: Spore\n|\n|-heal|p1a: Garganacl|94\/100|[from] item: Leftovers\n|-heal|p2b: Wo-Chien|94\/100 slp|[from] item: Leftovers\n|-damage|p1a: Garganacl|82\/100|[from] Leech Seed|[of] p2b: Wo-Chien\n|-heal|p2b: Wo-Chien|100\/100 slp|[silent]\n|-damage|p2b: Wo-Chien|88\/100 slp|[from] Salt Cure\n|upkeep\n|turn|5\n|c|\u2606Salchari0|sleepy?\n|c|\u2606karhall2332|a little, it's early\n|\n|t:|1682946507\n|cant|p2a: Gothitelle|slp\n|cant|p2b: Wo-Chien|slp\n|move|p1a: Garganacl|Salt Cure|p2a: Gothitelle\n|-damage|p2a: Gothitelle|89\/100 slp\n|move|p1b: Toedscruel|Spikes|p2b: Wo-Chien\n|-sidestart|p2: karhall2332|Spikes\n|\n|-heal|p1a: Garganacl|88\/100|[from] item: Leftovers\n|-heal|p2b: Wo-Chien|94\/100 slp|[from] item: Leftovers\n|-damage|p1a: Garganacl|76\/100|[from] Leech Seed|[of] p2b: Wo-Chien\n|-heal|p2b: Wo-Chien|100\/100 slp|[silent]\n|-damage|p2b: Wo-Chien|88\/100 slp|[from] Salt Cure\n|-fieldend|move: Trick Room\n|upkeep\n|turn|6\n|\n|t:|1682946538\n|move|p1a: Garganacl|Protect|p1a: Garganacl\n|-singleturn|p1a: Garganacl|Protect\n|cant|p2b: Wo-Chien|slp\n|-curestatus|p2a: Gothitelle|slp|[msg]\n|move|p2a: Gothitelle|Psyshock|p1a: Garganacl\n|-activate|p1a: Garganacl|move: Protect\n|move|p1b: Toedscruel|Spore|p2b: Wo-Chien\n|-fail|p2b: Wo-Chien|slp\n|\n|-heal|p2b: Wo-Chien|94\/100 slp|[from] item: Leftovers\n|-heal|p1a: Garganacl|82\/100|[from] item: Leftovers\n|-damage|p1a: Garganacl|70\/100|[from] Leech Seed|[of] p2b: Wo-Chien\n|-heal|p2b: Wo-Chien|100\/100 slp|[silent]\n|-damage|p2b: Wo-Chien|88\/100 slp|[from] Salt Cure\n|upkeep\n|turn|7\n|\n|t:|1682946567\n|move|p1b: Toedscruel|Giga Drain|p2a: Gothitelle\n|-damage|p2a: Gothitelle|75\/100\n|-heal|p1b: Toedscruel|67\/100|[from] drain|[of] p2a: Gothitelle\n|-curestatus|p2b: Wo-Chien|slp|[msg]\n|move|p2b: Wo-Chien|Ruination|p1b: Toedscruel\n|-damage|p1b: Toedscruel|34\/100\n|move|p2a: Gothitelle|Psyshock|p1b: Toedscruel\n|-damage|p1b: Toedscruel|0 fnt\n|faint|p1b: Toedscruel\n|move|p1a: Garganacl|Recover|p1a: Garganacl\n|-heal|p1a: Garganacl|100\/100\n|\n|-heal|p2b: Wo-Chien|94\/100|[from] item: Leftovers\n|-damage|p1a: Garganacl|88\/100|[from] Leech Seed|[of] p2b: Wo-Chien\n|-heal|p2b: Wo-Chien|100\/100|[silent]\n|-damage|p2b: Wo-Chien|88\/100|[from] Salt Cure\n|upkeep\n|\n|t:|1682946586\n|switch|p1b: Chien-Pao|Chien-Pao, L50|31\/100\n|-ability|p1b: Chien-Pao|Sword of Ruin\n|turn|8\n|\n|t:|1682946603\n|move|p1b: Chien-Pao|Crunch|p2a: Gothitelle\n|-supereffective|p2a: Gothitelle\n|-damage|p2a: Gothitelle|0 fnt\n|faint|p2a: Gothitelle\n|move|p2b: Wo-Chien|Pollen Puff|p1b: Chien-Pao\n|-supereffective|p1b: Chien-Pao\n|-damage|p1b: Chien-Pao|0 fnt\n|faint|p1b: Chien-Pao\n|move|p1a: Garganacl|Salt Cure|p2b: Wo-Chien\n|-damage|p2b: Wo-Chien|78\/100\n|\n|-heal|p2b: Wo-Chien|84\/100|[from] item: Leftovers\n|-heal|p1a: Garganacl|94\/100|[from] item: Leftovers\n|-damage|p1a: Garganacl|82\/100|[from] Leech Seed|[of] p2b: Wo-Chien\n|-heal|p2b: Wo-Chien|97\/100|[silent]\n|-damage|p2b: Wo-Chien|85\/100|[from] Salt Cure\n|upkeep\n|\n|t:|1682946619\n|switch|p1b: Volcarona|Volcarona, L50, M, tera:Fairy|100\/100\n|switch|p2a: Farigiraf|Farigiraf, L50, M|46\/100\n|-damage|p2a: Farigiraf|34\/100|[from] Spikes\n|turn|9\n|\n|t:|1682946637\n|move|p1b: Volcarona|Quiver Dance|p1b: Volcarona\n|-boost|p1b: Volcarona|spa|1\n|-boost|p1b: Volcarona|spd|1\n|-boost|p1b: Volcarona|spe|1\n|move|p2b: Wo-Chien|Leech Seed|p1b: Volcarona|[miss]\n|-miss|p2b: Wo-Chien|p1b: Volcarona\n|move|p2a: Farigiraf|Hyper Voice|p1a: Garganacl|[spread] p1a,p1b\n|-resisted|p1a: Garganacl\n|-crit|p1b: Volcarona\n|-damage|p1a: Garganacl|74\/100\n|-damage|p1b: Volcarona|66\/100\n|move|p1a: Garganacl|Salt Cure|p2b: Wo-Chien\n|-damage|p2b: Wo-Chien|75\/100\n|\n|-heal|p2b: Wo-Chien|81\/100|[from] item: Leftovers\n|-heal|p1a: Garganacl|80\/100|[from] item: Leftovers\n|-damage|p1a: Garganacl|68\/100|[from] Leech Seed|[of] p2b: Wo-Chien\n|-heal|p2b: Wo-Chien|94\/100|[silent]\n|-damage|p2b: Wo-Chien|82\/100|[from] Salt Cure\n|upkeep\n|turn|10\n|\n|t:|1682946688\n|move|p2a: Farigiraf|Protect|p2a: Farigiraf\n|-singleturn|p2a: Farigiraf|Protect\n|move|p1b: Volcarona|Quiver Dance|p1b: Volcarona\n|-boost|p1b: Volcarona|spa|1\n|-boost|p1b: Volcarona|spd|1\n|-boost|p1b: Volcarona|spe|1\n|move|p2b: Wo-Chien|Ruination|p1a: Garganacl\n|-damage|p1a: Garganacl|34\/100\n|move|p1a: Garganacl|Salt Cure|p2b: Wo-Chien\n|-damage|p2b: Wo-Chien|71\/100\n|\n|-heal|p2b: Wo-Chien|77\/100|[from] item: Leftovers\n|-heal|p1a: Garganacl|40\/100|[from] item: Leftovers\n|-damage|p1a: Garganacl|28\/100|[from] Leech Seed|[of] p2b: Wo-Chien\n|-heal|p2b: Wo-Chien|90\/100|[silent]\n|-damage|p2b: Wo-Chien|78\/100|[from] Salt Cure\n|upkeep\n|turn|11\n|\n|t:|1682946710\n|move|p1b: Volcarona|Fiery Dance|p2a: Farigiraf\n|-damage|p2a: Farigiraf|0 fnt\n|faint|p2a: Farigiraf\n|move|p2b: Wo-Chien|Leech Seed|p1b: Volcarona\n|-start|p1b: Volcarona|move: Leech Seed\n|move|p1a: Garganacl|Recover|p1a: Garganacl\n|-heal|p1a: Garganacl|78\/100\n|\n|-heal|p2b: Wo-Chien|84\/100|[from] item: Leftovers\n|-heal|p1a: Garganacl|84\/100|[from] item: Leftovers\n|-damage|p1b: Volcarona|54\/100|[from] Leech Seed|[of] p2b: Wo-Chien\n|-heal|p2b: Wo-Chien|96\/100|[silent]\n|-damage|p1a: Garganacl|72\/100|[from] Leech Seed|[of] p2b: Wo-Chien\n|-heal|p2b: Wo-Chien|100\/100|[silent]\n|-damage|p2b: Wo-Chien|88\/100|[from] Salt Cure\n|upkeep\n|\n|t:|1682946723\n|switch|p2a: Armarouge|Armarouge, L50, M|100\/100\n|-damage|p2a: Armarouge|88\/100|[from] Spikes\n|turn|12\n|\n|t:|1682946746\n|move|p1b: Volcarona|Fiery Dance|p2a: Armarouge\n|-start|p2a: Armarouge|ability: Flash Fire\n|move|p2a: Armarouge|Energy Ball|p1b: Volcarona\n|-damage|p1b: Volcarona|38\/100\n|-damage|p2a: Armarouge|79\/100|[from] item: Life Orb\n|move|p2b: Wo-Chien|Pollen Puff|p1b: Volcarona\n|-resisted|p1b: Volcarona\n|-damage|p1b: Volcarona|33\/100\n|move|p1a: Garganacl|Salt Cure|p2a: Armarouge\n|-supereffective|p2a: Armarouge\n|-damage|p2a: Armarouge|59\/100\n|-start|p2a: Armarouge|Salt Cure\n|\n|-heal|p2b: Wo-Chien|94\/100|[from] item: Leftovers\n|-heal|p1a: Garganacl|78\/100|[from] item: Leftovers\n|-damage|p1b: Volcarona|21\/100|[from] Leech Seed|[of] p2b: Wo-Chien\n|-heal|p2b: Wo-Chien|100\/100|[silent]\n|-damage|p1a: Garganacl|66\/100|[from] Leech Seed|[of] p2b: Wo-Chien\n|-damage|p2a: Armarouge|47\/100|[from] Salt Cure\n|-damage|p2b: Wo-Chien|88\/100|[from] Salt Cure\n|upkeep\n|turn|13\n|\n|t:|1682946786\n|move|p1a: Garganacl|Protect|p1a: Garganacl\n|-singleturn|p1a: Garganacl|Protect\n|move|p1b: Volcarona|Morning Sun|p1b: Volcarona\n|-heal|p1b: Volcarona|71\/100\n|move|p2a: Armarouge|Energy Ball|p1b: Volcarona\n|-damage|p1b: Volcarona|56\/100\n|-damage|p2a: Armarouge|37\/100|[from] item: Life Orb\n|move|p2b: Wo-Chien|Ruination|p1a: Garganacl\n|-activate|p1a: Garganacl|move: Protect\n|\n|-heal|p2b: Wo-Chien|94\/100|[from] item: Leftovers\n|-heal|p1a: Garganacl|72\/100|[from] item: Leftovers\n|-damage|p1b: Volcarona|44\/100|[from] Leech Seed|[of] p2b: Wo-Chien\n|-heal|p2b: Wo-Chien|100\/100|[silent]\n|-damage|p1a: Garganacl|59\/100|[from] Leech Seed|[of] p2b: Wo-Chien\n|-damage|p2a: Armarouge|25\/100|[from] Salt Cure\n|-damage|p2b: Wo-Chien|88\/100|[from] Salt Cure\n|upkeep\n|turn|14\n|\n|t:|1682946808\n|move|p1b: Volcarona|Morning Sun|p1b: Volcarona\n|-heal|p1b: Volcarona|94\/100\n|move|p2a: Armarouge|Will-O-Wisp|p1b: Volcarona\n|-status|p1b: Volcarona|brn\n|move|p2b: Wo-Chien|Ruination|p1a: Garganacl\n|-damage|p1a: Garganacl|30\/100\n|move|p1a: Garganacl|Recover|p1a: Garganacl\n|-heal|p1a: Garganacl|80\/100\n|\n|-heal|p2b: Wo-Chien|94\/100|[from] item: Leftovers\n|-heal|p1a: Garganacl|86\/100|[from] item: Leftovers\n|-damage|p1b: Volcarona|82\/100 brn|[from] Leech Seed|[of] p2b: Wo-Chien\n|-heal|p2b: Wo-Chien|100\/100|[silent]\n|-damage|p1a: Garganacl|74\/100|[from] Leech Seed|[of] p2b: Wo-Chien\n|-damage|p1b: Volcarona|76\/100 brn|[from] brn\n|-damage|p2a: Armarouge|13\/100|[from] Salt Cure\n|-damage|p2b: Wo-Chien|88\/100|[from] Salt Cure\n|upkeep\n|turn|15\n|c|\u2606Salchari0|i think its gg\n|\n|t:|1682946866\n|move|p1b: Volcarona|Quiver Dance|p1b: Volcarona\n|-boost|p1b: Volcarona|spa|1\n|-boost|p1b: Volcarona|spd|1\n|-boost|p1b: Volcarona|spe|1\n|move|p2a: Armarouge|Energy Ball|p1a: Garganacl\n|-supereffective|p1a: Garganacl\n|-damage|p1a: Garganacl|32\/100\n|-damage|p2a: Armarouge|3\/100|[from] item: Life Orb\n|move|p2b: Wo-Chien|Pollen Puff|p1a: Garganacl\n|-damage|p1a: Garganacl|19\/100\n|move|p1a: Garganacl|Recover|p1a: Garganacl\n|-heal|p1a: Garganacl|70\/100\n|\n|-heal|p2b: Wo-Chien|94\/100|[from] item: Leftovers\n|-heal|p1a: Garganacl|75\/100|[from] item: Leftovers\n|-damage|p1b: Volcarona|64\/100 brn|[from] Leech Seed|[of] p2b: Wo-Chien\n|-heal|p2b: Wo-Chien|100\/100|[silent]\n|-damage|p1a: Garganacl|63\/100|[from] Leech Seed|[of] p2b: Wo-Chien\n|-damage|p1b: Volcarona|58\/100 brn|[from] brn\n|-damage|p2a: Armarouge|0 fnt|[from] Salt Cure\n|faint|p2a: Armarouge\n|-damage|p2b: Wo-Chien|88\/100|[from] Salt Cure\n|upkeep\n|turn|16\n|\n|t:|1682946892\n|move|p1a: Garganacl|Protect|p1a: Garganacl\n|-singleturn|p1a: Garganacl|Protect\n|move|p1b: Volcarona|Fiery Dance|p2b: Wo-Chien\n|-damage|p2b: Wo-Chien|41\/100\n|move|p2b: Wo-Chien|Pollen Puff|p1b: Volcarona\n|-resisted|p1b: Volcarona\n|-damage|p1b: Volcarona|54\/100 brn\n|\n|-heal|p2b: Wo-Chien|47\/100|[from] item: Leftovers\n|-heal|p1a: Garganacl|69\/100|[from] item: Leftovers\n|-damage|p1b: Volcarona|42\/100 brn|[from] Leech Seed|[of] p2b: Wo-Chien\n|-heal|p2b: Wo-Chien|59\/100|[silent]\n|-damage|p1a: Garganacl|57\/100|[from] Leech Seed|[of] p2b: Wo-Chien\n|-heal|p2b: Wo-Chien|72\/100|[silent]\n|-damage|p1b: Volcarona|37\/100 brn|[from] brn\n|-damage|p2b: Wo-Chien|59\/100|[from] Salt Cure\n|upkeep\n|turn|17\n|c|\u2606Salchari0|gg\n|\n|t:|1682946912\n|move|p2b: Wo-Chien|Protect|p2b: Wo-Chien\n|-singleturn|p2b: Wo-Chien|Protect\n|move|p1b: Volcarona|Quiver Dance|p1b: Volcarona\n|-boost|p1b: Volcarona|spa|1\n|-boost|p1b: Volcarona|spd|1\n|-boost|p1b: Volcarona|spe|1\n|move|p1a: Garganacl|Salt Cure|p2b: Wo-Chien\n|-activate|p2b: Wo-Chien|move: Protect\n|\n|-heal|p2b: Wo-Chien|66\/100|[from] item: Leftovers\n|-heal|p1a: Garganacl|63\/100|[from] item: Leftovers\n|-damage|p1b: Volcarona|25\/100 brn|[from] Leech Seed|[of] p2b: Wo-Chien\n|-heal|p2b: Wo-Chien|78\/100|[silent]\n|-damage|p1a: Garganacl|51\/100|[from] Leech Seed|[of] p2b: Wo-Chien\n|-heal|p2b: Wo-Chien|91\/100|[silent]\n|-damage|p1b: Volcarona|19\/100 brn|[from] brn\n|-damage|p2b: Wo-Chien|78\/100|[from] Salt Cure\n|upkeep\n|turn|18\n|\n|t:|1682946932\n|move|p1b: Volcarona|Fiery Dance|p2b: Wo-Chien\n|-damage|p2b: Wo-Chien|23\/100\n|-boost|p1b: Volcarona|spa|1\n|move|p2b: Wo-Chien|Pollen Puff|p1b: Volcarona\n|-resisted|p1b: Volcarona\n|-damage|p1b: Volcarona|16\/100 brn\n|move|p1a: Garganacl|Salt Cure|p2b: Wo-Chien\n|-damage|p2b: Wo-Chien|11\/100\n|\n|-heal|p2b: Wo-Chien|18\/100|[from] item: Leftovers\n|-heal|p1a: Garganacl|57\/100|[from] item: Leftovers\n|-damage|p1b: Volcarona|4\/100 brn|[from] Leech Seed|[of] p2b: Wo-Chien\n|-heal|p2b: Wo-Chien|30\/100|[silent]\n|-damage|p1a: Garganacl|44\/100|[from] Leech Seed|[of] p2b: Wo-Chien\n|-heal|p2b: Wo-Chien|43\/100|[silent]\n|-damage|p1b: Volcarona|0 fnt|[from] brn\n|faint|p1b: Volcarona\n|-damage|p2b: Wo-Chien|30\/100|[from] Salt Cure\n|upkeep\n|turn|19\n|\n|t:|1682946982\n|move|p2b: Wo-Chien|Protect|p2b: Wo-Chien\n|-singleturn|p2b: Wo-Chien|Protect\n|move|p1a: Garganacl|Protect||[still]\n|-fail|p1a: Garganacl\n|\n|-heal|p2b: Wo-Chien|36\/100|[from] item: Leftovers\n|-heal|p1a: Garganacl|50\/100|[from] item: Leftovers\n|-damage|p1a: Garganacl|38\/100|[from] Leech Seed|[of] p2b: Wo-Chien\n|-heal|p2b: Wo-Chien|49\/100|[silent]\n|-damage|p2b: Wo-Chien|37\/100|[from] Salt Cure\n|upkeep\n|turn|20\n|\n|t:|1682947014\n|move|p2b: Wo-Chien|Pollen Puff|p1a: Garganacl\n|-crit|p1a: Garganacl\n|-damage|p1a: Garganacl|18\/100\n|move|p1a: Garganacl|Recover|p1a: Garganacl\n|-heal|p1a: Garganacl|69\/100\n|\n|-heal|p2b: Wo-Chien|43\/100|[from] item: Leftovers\n|-heal|p1a: Garganacl|74\/100|[from] item: Leftovers\n|-damage|p1a: Garganacl|62\/100|[from] Leech Seed|[of] p2b: Wo-Chien\n|-heal|p2b: Wo-Chien|56\/100|[silent]\n|-damage|p2b: Wo-Chien|44\/100|[from] Salt Cure\n|upkeep\n|turn|21\n|\n|t:|1682947028\n|move|p2b: Wo-Chien|Protect|p2b: Wo-Chien\n|-singleturn|p2b: Wo-Chien|Protect\n|move|p1a: Garganacl|Salt Cure|p2b: Wo-Chien\n|-activate|p2b: Wo-Chien|move: Protect\n|\n|-heal|p2b: Wo-Chien|50\/100|[from] item: Leftovers\n|-heal|p1a: Garganacl|68\/100|[from] item: Leftovers\n|-damage|p1a: Garganacl|56\/100|[from] Leech Seed|[of] p2b: Wo-Chien\n|-heal|p2b: Wo-Chien|63\/100|[silent]\n|-damage|p2b: Wo-Chien|50\/100|[from] Salt Cure\n|upkeep\n|turn|22\n|\n|t:|1682947039\n|move|p2b: Wo-Chien|Ruination|p1a: Garganacl\n|-damage|p1a: Garganacl|29\/100\n|move|p1a: Garganacl|Salt Cure|p2b: Wo-Chien\n|-damage|p2b: Wo-Chien|40\/100\n|\n|-heal|p2b: Wo-Chien|46\/100|[from] item: Leftovers\n|-heal|p1a: Garganacl|34\/100|[from] item: Leftovers\n|-damage|p1a: Garganacl|22\/100|[from] Leech Seed|[of] p2b: Wo-Chien\n|-heal|p2b: Wo-Chien|59\/100|[silent]\n|-damage|p2b: Wo-Chien|46\/100|[from] Salt Cure\n|upkeep\n|turn|23\n|\n|t:|1682947054\n|move|p2b: Wo-Chien|Ruination|p1a: Garganacl|[miss]\n|-miss|p2b: Wo-Chien|p1a: Garganacl\n|move|p1a: Garganacl|Salt Cure|p2b: Wo-Chien\n|-damage|p2b: Wo-Chien|36\/100\n|\n|-heal|p2b: Wo-Chien|43\/100|[from] item: Leftovers\n|-heal|p1a: Garganacl|28\/100|[from] item: Leftovers\n|-damage|p1a: Garganacl|16\/100|[from] Leech Seed|[of] p2b: Wo-Chien\n|-heal|p2b: Wo-Chien|56\/100|[silent]\n|-damage|p2b: Wo-Chien|43\/100|[from] Salt Cure\n|upkeep\n|turn|24\n|\n|t:|1682947065\n|move|p2b: Wo-Chien|Ruination|p1a: Garganacl\n|-damage|p1a: Garganacl|8\/100\n|move|p1a: Garganacl|Recover|p1a: Garganacl\n|-heal|p1a: Garganacl|58\/100\n|\n|-heal|p2b: Wo-Chien|49\/100|[from] item: Leftovers\n|-heal|p1a: Garganacl|64\/100|[from] item: Leftovers\n|-damage|p1a: Garganacl|52\/100|[from] Leech Seed|[of] p2b: Wo-Chien\n|-heal|p2b: Wo-Chien|62\/100|[silent]\n|-damage|p2b: Wo-Chien|50\/100|[from] Salt Cure\n|upkeep\n|turn|25\n|\n|t:|1682947078\n|move|p2b: Wo-Chien|Ruination|p1a: Garganacl\n|-damage|p1a: Garganacl|27\/100\n|move|p1a: Garganacl|Salt Cure|p2b: Wo-Chien\n|-damage|p2b: Wo-Chien|40\/100\n|\n|-heal|p2b: Wo-Chien|46\/100|[from] item: Leftovers\n|-heal|p1a: Garganacl|32\/100|[from] item: Leftovers\n|-damage|p1a: Garganacl|20\/100|[from] Leech Seed|[of] p2b: Wo-Chien\n|-heal|p2b: Wo-Chien|59\/100|[silent]\n|-damage|p2b: Wo-Chien|47\/100|[from] Salt Cure\n|upkeep\n|turn|26\n|\n|t:|1682947090\n|move|p2b: Wo-Chien|Pollen Puff|p1a: Garganacl\n|-damage|p1a: Garganacl|8\/100\n|move|p1a: Garganacl|Salt Cure|p2b: Wo-Chien\n|-damage|p2b: Wo-Chien|36\/100\n|\n|-heal|p2b: Wo-Chien|42\/100|[from] item: Leftovers\n|-heal|p1a: Garganacl|14\/100|[from] item: Leftovers\n|-damage|p1a: Garganacl|1\/100|[from] Leech Seed|[of] p2b: Wo-Chien\n|-heal|p2b: Wo-Chien|55\/100|[silent]\n|-damage|p2b: Wo-Chien|43\/100|[from] Salt Cure\n|upkeep\n|turn|27\n|\n|t:|1682947102\n|move|p2b: Wo-Chien|Pollen Puff|p1a: Garganacl\n|-damage|p1a: Garganacl|0 fnt\n|faint|p1a: Garganacl\n|\n|win|karhall2332\n|raw|Salchari0's rating: 1038 → 1022<\/strong> (-16 for losing)\n|raw|karhall2332's rating: 1038 → 1072<\/strong> (+34 for winning)\n|c|\u2606karhall2332|i think it's gg\n|l|\u2606Salchari0\n|c|\u2606karhall2332|play the whole game\n","uploadtime":1682947255,"views":20,"p1id":"salchari0","p2id":"karhall2332","formatid":"gen9vgc2023regulationc","rating":1022,"private":0,"password":""}