{"id":"gen9vgc2023regulationc-1845305540","p1":"Hanou143","p2":"Sumo'sWeenusVGC","format":"[Gen 9] VGC 2023 Regulation C","log":"|j|\u2606Hanou143\n|j|\u2606Sumo'sWeenusVGC\n|t:|1681711504\n|gametype|doubles\n|player|p1|Hanou143|169|1234\n|player|p2|Sumo'sWeenusVGC|colress|1200\n|teamsize|p1|6\n|teamsize|p2|6\n|gen|9\n|tier|[Gen 9] VGC 2023 Regulation C\n|rated|\n|rule|Species Clause: Limit one of each Pok\u00e9mon\n|rule|Item Clause: Limit one of each item\n|clearpoke\n|poke|p1|Quaquaval, L50, M|\n|poke|p1|Arboliva, L50, F|\n|poke|p1|Oricorio-Pom-Pom, L50, F|\n|poke|p1|Volcarona, L50, M|\n|poke|p1|Flamigo, L50, M|\n|poke|p1|Grimmsnarl, L50, M|\n|poke|p2|Ting-Lu, L50|\n|poke|p2|Wo-Chien, L50|\n|poke|p2|Flutter Mane, L50|\n|poke|p2|Glimmora, L50, F|\n|poke|p2|Palafin, L50, F|\n|poke|p2|Arcanine, L50, M|\n|teampreview|4\n|inactive|Battle timer is ON: inactive players will automatically lose when time's up. (requested by Sumo'sWeenusVGC)\nSumo'sWeenusVGC has agreed to open team sheets.\nHanou143 rejected open team sheets.\n|inactive|Sumo'sWeenusVGC has 60 seconds left.\n|\n|t:|1681711554\n|start\n|switch|p1a: Volcarona|Volcarona, L50, M|100\/100\n|switch|p1b: Grimmsnarl|Grimmsnarl, L50, M|100\/100\n|switch|p2a: Bad Dolphin|Palafin, L50, F, shiny|100\/100\n|switch|p2b: Ting-Lu|Ting-Lu, L50|100\/100\n|-ability|p2b: Ting-Lu|Vessel of Ruin\n|turn|1\n|\n|t:|1681711571\n|-terastallize|p2a: Bad Dolphin|Water\n|-terastallize|p1a: Volcarona|Grass\n|move|p2a: Bad Dolphin|Jet Punch|p1a: Volcarona\n|-resisted|p1a: Volcarona\n|-damage|p1a: Volcarona|83\/100\n|move|p1b: Grimmsnarl|Reflect|p1b: Grimmsnarl\n|-sidestart|p1: Hanou143|Reflect\n|move|p1a: Volcarona|Quiver Dance|p1a: Volcarona\n|-boost|p1a: Volcarona|spa|1\n|-boost|p1a: Volcarona|spd|1\n|-boost|p1a: Volcarona|spe|1\n|move|p2b: Ting-Lu|Heavy Slam|p1b: Grimmsnarl\n|-supereffective|p1b: Grimmsnarl\n|-damage|p1b: Grimmsnarl|64\/100\n|\n|upkeep\n|turn|2\n|\n|t:|1681711593\n|detailschange|p2a: Bad Dolphin|Palafin-Hero, L50, F, shiny, tera:Water\n|switch|p2a: Flutter Mane|Flutter Mane, L50, shiny|100\/100\n|move|p1b: Grimmsnarl|Parting Shot|p2a: Flutter Mane\n|-unboost|p2a: Flutter Mane|atk|1\n|-unboost|p2a: Flutter Mane|spa|1\n|\n|t:|1681711599\n|switch|p1b: Oricorio|Oricorio-Pom-Pom, L50, F|100\/100|[from] Parting Shot\n|move|p1a: Volcarona|Quiver Dance|p1a: Volcarona\n|-boost|p1a: Volcarona|spa|1\n|-boost|p1a: Volcarona|spd|1\n|-boost|p1a: Volcarona|spe|1\n|-activate|p1b: Oricorio|ability: Dancer\n|move|p1b: Oricorio|Quiver Dance|p1b: Oricorio|[from]ability: Dancer\n|-boost|p1b: Oricorio|spa|1\n|-boost|p1b: Oricorio|spd|1\n|-boost|p1b: Oricorio|spe|1\n|move|p2b: Ting-Lu|Fissure|p1a: Volcarona|[miss]\n|-miss|p2b: Ting-Lu|p1a: Volcarona\n|\n|upkeep\n|turn|3\n|inactive|Sumo'sWeenusVGC has 30 seconds left.\n|\n|t:|1681711625\n|move|p1a: Volcarona|Quiver Dance|p1a: Volcarona\n|-boost|p1a: Volcarona|spa|1\n|-boost|p1a: Volcarona|spd|1\n|-boost|p1a: Volcarona|spe|1\n|-activate|p1b: Oricorio|ability: Dancer\n|move|p1b: Oricorio|Quiver Dance|p1b: Oricorio|[from]ability: Dancer\n|-boost|p1b: Oricorio|spa|1\n|-boost|p1b: Oricorio|spd|1\n|-boost|p1b: Oricorio|spe|1\n|move|p1b: Oricorio|Quiver Dance|p1b: Oricorio\n|-boost|p1b: Oricorio|spa|1\n|-boost|p1b: Oricorio|spd|1\n|-boost|p1b: Oricorio|spe|1\n|move|p2a: Flutter Mane|Power Gem|p1b: Oricorio\n|-supereffective|p1b: Oricorio\n|-damage|p1b: Oricorio|81\/100\n|move|p2b: Ting-Lu|Fissure|p1a: Volcarona|[miss]\n|-miss|p2b: Ting-Lu|p1a: Volcarona\n|\n|upkeep\n|turn|4\n|inactive|Sumo'sWeenusVGC has 30 seconds left.\n|\n|t:|1681711651\n|move|p1a: Volcarona|Fiery Dance|p2b: Ting-Lu\n|-damage|p2b: Ting-Lu|60\/100\n|-activate|p1b: Oricorio|ability: Dancer\n|move|p1b: Oricorio|Fiery Dance|p2b: Ting-Lu|[from]ability: Dancer\n|-damage|p2b: Ting-Lu|43\/100\n|-heal|p1b: Oricorio|84\/100|[from] item: Shell Bell|[of] p2b: Ting-Lu\n|move|p1b: Oricorio|Air Slash|p2b: Ting-Lu\n|-damage|p2b: Ting-Lu|18\/100\n|-heal|p1b: Oricorio|89\/100|[from] item: Shell Bell|[of] p2b: Ting-Lu\n|move|p2a: Flutter Mane|Power Gem|p1b: Oricorio\n|-supereffective|p1b: Oricorio\n|-damage|p1b: Oricorio|67\/100\n|cant|p2b: Ting-Lu|flinch\n|\n|upkeep\n|turn|5\n|inactive|Sumo'sWeenusVGC has 30 seconds left.\n|inactive|Sumo'sWeenusVGC has 20 seconds left.\n|inactive|Sumo'sWeenusVGC has 15 seconds left.\n|\n|t:|1681711691\n|move|p1a: Volcarona|Fiery Dance|p2b: Ting-Lu\n|-damage|p2b: Ting-Lu|0 fnt\n|-boost|p1a: Volcarona|spa|1\n|faint|p2b: Ting-Lu\n|-activate|p1b: Oricorio|ability: Dancer\n|move|p1b: Oricorio|Fiery Dance|p2a: Flutter Mane|[from]ability: Dancer\n|-damage|p2a: Flutter Mane|58\/100\n|-heal|p1b: Oricorio|72\/100|[from] item: Shell Bell|[of] p2a: Flutter Mane\n|move|p1b: Oricorio|Quiver Dance|p1b: Oricorio\n|-boost|p1b: Oricorio|spa|1\n|-boost|p1b: Oricorio|spd|1\n|-boost|p1b: Oricorio|spe|1\n|move|p2a: Flutter Mane|Power Gem|p1b: Oricorio\n|-supereffective|p1b: Oricorio\n|-damage|p1b: Oricorio|48\/100\n|\n|upkeep\n|\n|t:|1681711709\n|switch|p2b: Bad Dolphin|Palafin-Hero, L50, F, shiny, tera:Water|100\/100\n|-activate|p2b: Bad Dolphin|ability: Zero to Hero\n|turn|6\n|\n|t:|1681711717\n|-end|p2a: Flutter Mane|Protosynthesis|[silent]\n|switch|p2a: Glimmora|Glimmora, L50, F, shiny|100\/100\n|move|p2b: Bad Dolphin|Jet Punch|p1b: Oricorio\n|-damage|p1b: Oricorio|1\/100\n|move|p1b: Oricorio|Revelation Dance|p2b: Bad Dolphin\n|-supereffective|p2b: Bad Dolphin\n|-damage|p2b: Bad Dolphin|0 fnt\n|faint|p2b: Bad Dolphin\n|-heal|p1b: Oricorio|18\/100|[from] item: Shell Bell|[of] p2: Bad Dolphin\n|move|p1a: Volcarona|Quiver Dance|p1a: Volcarona\n|-boost|p1a: Volcarona|spa|1\n|-boost|p1a: Volcarona|spd|1\n|-boost|p1a: Volcarona|spe|1\n|-activate|p1b: Oricorio|ability: Dancer\n|move|p1b: Oricorio|Quiver Dance|p1b: Oricorio|[from]ability: Dancer\n|-boost|p1b: Oricorio|spa|1\n|-boost|p1b: Oricorio|spd|1\n|-boost|p1b: Oricorio|spe|1\n|\n|upkeep\n|\n|t:|1681711735\n|switch|p2b: Flutter Mane|Flutter Mane, L50, shiny|58\/100\n|turn|7\n|\n|t:|1681711747\n|move|p1b: Oricorio|Revelation Dance|p2a: Glimmora\n|-enditem|p2a: Glimmora|Focus Sash\n|-damage|p2a: Glimmora|1\/100\n|-heal|p1b: Oricorio|33\/100|[from] item: Shell Bell|[of] p2a: Glimmora\n|move|p1a: Volcarona|Fiery Dance|p2b: Flutter Mane\n|-damage|p2b: Flutter Mane|0 fnt\n|-boost|p1a: Volcarona|spa|1\n|faint|p2b: Flutter Mane\n|-end|p2b: Flutter Mane|Protosynthesis|[silent]\n|-activate|p1b: Oricorio|ability: Dancer\n|move|p1b: Oricorio|Fiery Dance|p2a: Glimmora|[from]ability: Dancer\n|-resisted|p2a: Glimmora\n|-damage|p2a: Glimmora|0 fnt\n|faint|p2a: Glimmora\n|-heal|p1b: Oricorio|34\/100|[from] item: Shell Bell|[of] p2: Glimmora\n|\n|win|Hanou143\n|raw|Hanou143's rating: 1234 → 1257<\/strong> (+23 for winning)\n|raw|Sumo'sWeenusVGC's rating: 1200 → 1177<\/strong> (-23 for losing)\n|c|\u2606Sumo'sWeenusVGC|gg\n","uploadtime":1681711768,"views":8,"p1id":"hanou143","p2id":"sumosweenusvgc","formatid":"gen9vgc2023regulationc","rating":1177,"private":0,"password":""}