{"id":"gen9vgc2023regulationc-1852838812","p1":"natcentre","p2":"Insertable194","format":"[Gen 9] VGC 2023 Regulation C","log":"|j|\u2606natcentre\n|j|\u2606Insertable194\n|t:|1682610560\n|gametype|doubles\n|player|p1|natcentre|101|1406\n|player|p2|Insertable194|hilbert-wonderlauncher|1502\n|teamsize|p1|6\n|teamsize|p2|6\n|gen|9\n|tier|[Gen 9] VGC 2023 Regulation C\n|rated|\n|rule|Species Clause: Limit one of each Pok\u00e9mon\n|rule|Item Clause: Limit one of each item\n|clearpoke\n|poke|p1|Maushold-Four, L50|\n|poke|p1|Gholdengo, L50|\n|poke|p1|Flutter Mane, L50|\n|poke|p1|Iron Bundle, L50|\n|poke|p1|Dragonite, L50, F|\n|poke|p1|Chien-Pao, L50|\n|poke|p2|Talonflame, L50, F|\n|poke|p2|Dragapult, L50, F|\n|poke|p2|Flutter Mane, L50|\n|poke|p2|Farigiraf, L50, F|\n|poke|p2|Chien-Pao, L50|\n|poke|p2|Chi-Yu, L50|\n|teampreview|4\nInsertable194 has agreed to open team sheets.\nnatcentre has agreed to open team sheets.\n|c|\u2606natcentre|hi\n|c|\u2606natcentre|glhf\n|c|\u2606natcentre|wow our team is so fast\n|c|\u2606natcentre|your\n|c|\u2606Insertable194|glhf\n|j| Than lan co canh\n|\n|t:|1682610634\n|start\n|switch|p1a: Iron Bundle|Iron Bundle, L50|100\/100\n|switch|p1b: Dragonite|Dragonite, L50, F|100\/100\n|switch|p2a: Talonflame|Talonflame, L50, F|100\/100\n|switch|p2b: Chien-Pao|Chien-Pao, L50|100\/100\n|-ability|p2b: Chien-Pao|Sword of Ruin\n|-enditem|p1a: Iron Bundle|Booster Energy\n|-activate|p1a: Iron Bundle|ability: Quark Drive|[fromitem]\n|-start|p1a: Iron Bundle|quarkdrivespe\n|turn|1\n|l| Than lan co canh\n|\n|t:|1682610662\n|-terastallize|p2a: Talonflame|Ghost\n|-terastallize|p1b: Dragonite|Flying\n|move|p1a: Iron Bundle|Protect|p1a: Iron Bundle\n|-singleturn|p1a: Iron Bundle|Protect\n|move|p2a: Talonflame|Tailwind|p2a: Talonflame\n|-sidestart|p2: Insertable194|move: Tailwind\n|move|p2b: Chien-Pao|Sacred Sword|p1a: Iron Bundle\n|-activate|p1a: Iron Bundle|move: Protect\n|move|p1b: Dragonite|Low Kick|p2b: Chien-Pao\n|-supereffective|p2b: Chien-Pao\n|-enditem|p2b: Chien-Pao|Focus Sash\n|-damage|p2b: Chien-Pao|1\/100\n|\n|upkeep\n|turn|2\n|\n|t:|1682610680\n|switch|p2a: Farigiraf|Farigiraf, L50, F|100\/100\n|move|p1b: Dragonite|Extreme Speed||[still]\n|cant|p2a: Farigiraf|ability: Armor Tail|Extreme Speed|[of] p1b: Dragonite\n|move|p2b: Chien-Pao|Sacred Sword|p1a: Iron Bundle\n|-supereffective|p1a: Iron Bundle\n|-damage|p1a: Iron Bundle|11\/100\n|move|p1a: Iron Bundle|Hydro Pump|p2a: Farigiraf\n|-damage|p2a: Farigiraf|38\/100\n|\n|upkeep\n|turn|3\n|\n|t:|1682610713\n|move|p1a: Iron Bundle|Protect|p1a: Iron Bundle\n|-singleturn|p1a: Iron Bundle|Protect\n|move|p2b: Chien-Pao|Ice Spinner|p1b: Dragonite\n|-supereffective|p1b: Dragonite\n|-damage|p1b: Dragonite|52\/100\n|move|p2a: Farigiraf|Thunderbolt|p1b: Dragonite\n|-supereffective|p1b: Dragonite\n|-crit|p1b: Dragonite\n|-damage|p1b: Dragonite|0 fnt\n|faint|p1b: Dragonite\n|\n|upkeep\n|\n|t:|1682610728\n|switch|p1b: Flutter Mane|Flutter Mane, L50|100\/100\n|turn|4\n|\n|t:|1682610756\n|move|p2b: Chien-Pao|Sacred Sword|p1a: Iron Bundle\n|-supereffective|p1a: Iron Bundle\n|-crit|p1a: Iron Bundle\n|-damage|p1a: Iron Bundle|0 fnt\n|faint|p1a: Iron Bundle\n|-end|p1a: Iron Bundle|Quark Drive|[silent]\n|move|p2a: Farigiraf|Thunderbolt|p1b: Flutter Mane\n|-damage|p1b: Flutter Mane|73\/100\n|move|p1b: Flutter Mane|Dazzling Gleam|p2b: Chien-Pao|[spread] p2a,p2b\n|-supereffective|p2b: Chien-Pao\n|-damage|p2a: Farigiraf|0 fnt\n|-damage|p2b: Chien-Pao|0 fnt\n|faint|p2a: Farigiraf\n|faint|p2b: Chien-Pao\n|\n|-sideend|p2: Insertable194|move: Tailwind\n|upkeep\n|\n|t:|1682610765\n|switch|p1a: Chien-Pao|Chien-Pao, L50|100\/100\n|switch|p2b: Talonflame|Talonflame, L50, F, tera:Ghost|100\/100\n|switch|p2a: Dragapult|Dragapult, L50, F|100\/100\n|-ability|p1a: Chien-Pao|Sword of Ruin\n|turn|5\n|\n|t:|1682610794\n|move|p1a: Chien-Pao|Sucker Punch|p2a: Dragapult\n|-supereffective|p2a: Dragapult\n|-damage|p2a: Dragapult|0 fnt\n|faint|p2a: Dragapult\n|move|p2b: Talonflame|Brave Bird|p1b: Flutter Mane\n|-damage|p1b: Flutter Mane|0 fnt\n|faint|p1b: Flutter Mane\n|-end|p1b: Flutter Mane|Protosynthesis|[silent]\n|-damage|p2b: Talonflame|78\/100|[from] Recoil\n|\n|upkeep\n|turn|6\n|c|\u2606Insertable194|gg\n|c|\u2606natcentre|gg\n|\n|t:|1682610826\n|move|p1a: Chien-Pao|Sucker Punch|p2b: Talonflame\n|-supereffective|p2b: Talonflame\n|-damage|p2b: Talonflame|0 fnt\n|faint|p2b: Talonflame\n|\n|win|natcentre\n|raw|natcentre's rating: 1406 → 1431<\/strong> (+25 for winning)\n|raw|Insertable194's rating: 1502 → 1477<\/strong> (-25 for losing)\n|l|\u2606natcentre\n","uploadtime":1682610835,"views":5,"p1id":"natcentre","p2id":"insertable194","formatid":"gen9vgc2023regulationc","rating":1431,"private":0,"password":""}