{"id":"gen9vgc2023regulationc-1848982982","p1":"B.AngelOwO","p2":"czarVGC","format":"[Gen 9] VGC 2023 Regulation C","log":"|j|\u2606B.AngelOwO\n|j|\u2606czarVGC\n|t:|1682134428\n|gametype|doubles\n|player|p1|B.AngelOwO|guitarist|1115\n|player|p2|czarVGC|li|1187\n|teamsize|p1|6\n|teamsize|p2|6\n|gen|9\n|tier|[Gen 9] VGC 2023 Regulation C\n|rated|\n|rule|Species Clause: Limit one of each Pok\u00e9mon\n|rule|Item Clause: Limit one of each item\n|clearpoke\n|poke|p1|Florges-Yellow, L50, F|\n|poke|p1|Ting-Lu, L50|\n|poke|p1|Indeedee-F, L50, F|\n|poke|p1|Pelipper, L50, M|\n|poke|p1|Barraskewda, L50, M|\n|poke|p1|Lucario, L50, F|\n|poke|p2|Wo-Chien, L50|\n|poke|p2|Great Tusk, L50|\n|poke|p2|Flutter Mane, L50|\n|poke|p2|Iron Bundle, L50|\n|poke|p2|Klefki, L50, M|\n|poke|p2|Torkoal, L50, F|\n|teampreview|4\n|inactive|Battle timer is ON: inactive players will automatically lose when time's up. (requested by B.AngelOwO)\n|\n|t:|1682134450\n|start\n|switch|p1a: Florges|Florges-Yellow, L50, F|100\/100\n|switch|p1b: Barraskewda|Barraskewda, L50, M, shiny|100\/100\n|switch|p2a: Klefki|Klefki, L50, M|100\/100\n|switch|p2b: Iron Bundle|Iron Bundle, L50|100\/100\n|turn|1\n|\n|t:|1682134467\n|switch|p1b: Ting-Lu|Ting-Lu, L50|100\/100\n|-ability|p1b: Ting-Lu|Vessel of Ruin\n|move|p2b: Iron Bundle|Protect|p2b: Iron Bundle\n|-singleturn|p2b: Iron Bundle|Protect\n|move|p2a: Klefki|Thunder Wave|p1b: Ting-Lu\n|-immune|p1b: Ting-Lu\n|move|p1a: Florges|Pollen Puff|p1b: Ting-Lu\n|-immune|p1b: Ting-Lu\n|\n|upkeep\n|turn|2\n|\n|t:|1682134484\n|move|p1b: Ting-Lu|Protect|p1b: Ting-Lu\n|-singleturn|p1b: Ting-Lu|Protect\n|move|p2a: Klefki|Thunder Wave|p1a: Florges\n|-status|p1a: Florges|par\n|move|p2b: Iron Bundle|Flip Turn|p1b: Ting-Lu\n|-activate|p1b: Ting-Lu|move: Protect\n|cant|p1a: Florges|par\n|\n|upkeep\n|turn|3\n|\n|t:|1682134506\n|move|p2a: Klefki|Reflect|p2a: Klefki\n|-sidestart|p2: czarVGC|Reflect\n|move|p2b: Iron Bundle|Encore|p1b: Ting-Lu\n|-start|p1b: Ting-Lu|Encore\n|move|p1a: Florges|Pollen Puff|p1b: Ting-Lu\n|-immune|p1b: Ting-Lu\n|move|p1b: Ting-Lu|Protect||[still]\n|-fail|p1b: Ting-Lu\n|\n|upkeep\n|turn|4\n|\n|t:|1682134529\n|move|p1b: Ting-Lu|Protect|p1b: Ting-Lu\n|-singleturn|p1b: Ting-Lu|Protect\n|move|p2a: Klefki|Light Screen|p2a: Klefki\n|-sidestart|p2: czarVGC|move: Light Screen\n|move|p2b: Iron Bundle|Flip Turn|p1a: Florges\n|-damage|p1a: Florges|86\/100 par\n|\n|t:|1682134537\n|-end|p2b: Iron Bundle|Quark Drive|[silent]\n|switch|p2b: Torkoal|Torkoal, L50, F|100\/100|[from] Flip Turn\n|-weather|SunnyDay|[from] ability: Drought|[of] p2b: Torkoal\n|move|p1a: Florges|Misty Terrain|p1a: Florges\n|-fieldstart|move: Misty Terrain\n|\n|-weather|SunnyDay|[upkeep]\n|-heal|p1a: Florges|92\/100 par|[from] item: Leftovers\n|upkeep\n|turn|5\n|\n|t:|1682134559\n|switch|p2a: Iron Bundle|Iron Bundle, L50|100\/100\n|switch|p1a: Barraskewda|Barraskewda, L50, M, shiny|100\/100\n|switch|p1b: Pelipper|Pelipper, L50, M|100\/100\n|-weather|RainDance|[from] ability: Drizzle|[of] p1b: Pelipper\n|move|p2b: Torkoal|Solar Beam||[still]\n|-prepare|p2b: Torkoal|Solar Beam\n|\n|-weather|RainDance|[upkeep]\n|upkeep\n|turn|6\n|inactive|czarVGC has 30 seconds left.\n|inactive|czarVGC has 20 seconds left.\n|inactive|czarVGC has 15 seconds left.\n|\n|t:|1682134602\n|move|p1a: Barraskewda|Liquidation|p2b: Torkoal\n|-supereffective|p2b: Torkoal\n|-damage|p2b: Torkoal|32\/100\n|move|p2a: Iron Bundle|Freeze-Dry|p1a: Barraskewda\n|-supereffective|p1a: Barraskewda\n|-damage|p1a: Barraskewda|0 fnt\n|faint|p1a: Barraskewda\n|move|p1b: Pelipper|Hurricane|p2a: Iron Bundle\n|-damage|p2a: Iron Bundle|61\/100\n|move|p2b: Torkoal|Solar Beam|p1b: Pelipper|[from]lockedmove\n|-damage|p1b: Pelipper|82\/100\n|\n|-weather|RainDance|[upkeep]\n|upkeep\n|\n|t:|1682134625\n|switch|p1a: Florges|Florges-Yellow, L50, F|92\/100 par\n|turn|7\n|\n|t:|1682134633\n|switch|p1b: Ting-Lu|Ting-Lu, L50|100\/100\n|-ability|p1b: Ting-Lu|Vessel of Ruin\n|switch|p2b: Klefki|Klefki, L50, M|100\/100\n|move|p2a: Iron Bundle|Freeze-Dry|p1b: Ting-Lu\n|-supereffective|p1b: Ting-Lu\n|-damage|p1b: Ting-Lu|68\/100\n|-enditem|p1b: Ting-Lu|Weakness Policy\n|-boost|p1b: Ting-Lu|atk|2|[from] item: Weakness Policy\n|-boost|p1b: Ting-Lu|spa|2|[from] item: Weakness Policy\n|-enditem|p2a: Iron Bundle|Mirror Herb\n|-boost|p2a: Iron Bundle|atk|2|[from] item: Mirror Herb\n|-boost|p2a: Iron Bundle|spa|2|[from] item: Mirror Herb\n|-activate|p1a: Florges|ability: Symbiosis|Leftovers|[of] p1b: Ting-Lu\n|move|p1a: Florges|Pollen Puff|p1b: Ting-Lu\n|-heal|p1b: Ting-Lu|100\/100\n|\n|-weather|RainDance|[upkeep]\n|-sideend|p2: czarVGC|Reflect\n|upkeep\n|turn|8\n|inactive|B.AngelOwO has 30 seconds left.\n|inactive|czarVGC has 30 seconds left.\n|\n|t:|1682134661\n|move|p1b: Ting-Lu|Protect|p1b: Ting-Lu\n|-singleturn|p1b: Ting-Lu|Protect\n|move|p2b: Klefki|Reflect|p2b: Klefki\n|-sidestart|p2: czarVGC|Reflect\n|move|p2a: Iron Bundle|Freeze-Dry|p1b: Ting-Lu\n|-activate|p1b: Ting-Lu|move: Protect\n|move|p1a: Florges|Pollen Puff|p2a: Iron Bundle\n|-damage|p2a: Iron Bundle|47\/100\n|\n|-weather|RainDance|[upkeep]\n|-sideend|p2: czarVGC|move: Light Screen\n|-fieldend|Misty Terrain\n|upkeep\n|turn|9\n|\n|t:|1682134683\n|-terastallize|p1b: Ting-Lu|Ground\n|move|p1a: Florges|Protect|p1a: Florges\n|-singleturn|p1a: Florges|Protect\n|move|p2b: Klefki|Light Screen|p2b: Klefki\n|-sidestart|p2: czarVGC|move: Light Screen\n|move|p2a: Iron Bundle|Encore|p1b: Ting-Lu\n|-start|p1b: Ting-Lu|Encore\n|move|p1b: Ting-Lu|Protect||[still]\n|-fail|p1b: Ting-Lu\n|\n|-weather|none\n|upkeep\n|turn|10\n|\n|t:|1682134701\n|switch|p2b: Torkoal|Torkoal, L50, F|32\/100\n|-weather|SunnyDay|[from] ability: Drought|[of] p2b: Torkoal\n|move|p1b: Ting-Lu|Protect|p1b: Ting-Lu\n|-singleturn|p1b: Ting-Lu|Protect\n|move|p2a: Iron Bundle|Freeze-Dry|p1a: Florges\n|-damage|p1a: Florges|61\/100 par\n|move|p1a: Florges|Petal Blizzard|p2a: Iron Bundle|[spread] p2a,p2b\n|-activate|p1b: Ting-Lu|move: Protect\n|-supereffective|p2a: Iron Bundle\n|-resisted|p2b: Torkoal\n|-damage|p2a: Iron Bundle|34\/100\n|-damage|p2b: Torkoal|30\/100\n|\n|-weather|SunnyDay|[upkeep]\n|upkeep\n|turn|11\n|\n|t:|1682134723\n|move|p2a: Iron Bundle|Protect|p2a: Iron Bundle\n|-singleturn|p2a: Iron Bundle|Protect\n|move|p1b: Ting-Lu|Protect||[still]\n|-fail|p1b: Ting-Lu\n|cant|p1a: Florges|par\n|move|p2b: Torkoal|Lava Plume|p1b: Ting-Lu|[spread] p1a,p1b\n|-activate|p2a: Iron Bundle|move: Protect\n|-damage|p1a: Florges|45\/100 par\n|-damage|p1b: Ting-Lu|86\/100\n|\n|-weather|SunnyDay|[upkeep]\n|-heal|p1b: Ting-Lu|92\/100|[from] item: Leftovers\n|-end|p1b: Ting-Lu|Encore\n|upkeep\n|turn|12\n|inactive|B.AngelOwO has 30 seconds left.\n|\n|t:|1682134749\n|-terastallize|p2a: Iron Bundle|Dragon\n|move|p1a: Florges|Protect|p1a: Florges\n|-singleturn|p1a: Florges|Protect\n|move|p2a: Iron Bundle|Encore|p1b: Ting-Lu\n|-start|p1b: Ting-Lu|Encore\n|move|p1b: Ting-Lu|Protect|p1b: Ting-Lu\n|-singleturn|p1b: Ting-Lu|Protect\n|move|p2b: Torkoal|Overheat|p1a: Florges\n|-activate|p1a: Florges|move: Protect\n|\n|-weather|SunnyDay|[upkeep]\n|-heal|p1b: Ting-Lu|98\/100|[from] item: Leftovers\n|-sideend|p2: czarVGC|Reflect\n|upkeep\n|turn|13\n|inactive|B.AngelOwO has 30 seconds left.\n|\n|t:|1682134777\n|switch|p1a: Pelipper|Pelipper, L50, M|82\/100\n|-weather|RainDance|[from] ability: Drizzle|[of] p1a: Pelipper\n|move|p1b: Ting-Lu|Protect|p1b: Ting-Lu\n|-singleturn|p1b: Ting-Lu|Protect\n|move|p2a: Iron Bundle|Freeze-Dry|p1b: Ting-Lu\n|-activate|p1b: Ting-Lu|move: Protect\n|move|p2b: Torkoal|Overheat|p1a: Pelipper\n|-resisted|p1a: Pelipper\n|-damage|p1a: Pelipper|71\/100\n|-unboost|p2b: Torkoal|spa|2\n|-enditem|p2b: Torkoal|Eject Pack\n|\n|t:|1682134789\n|switch|p2b: Klefki|Klefki, L50, M|100\/100\n|\n|-weather|RainDance|[upkeep]\n|-heal|p1b: Ting-Lu|100\/100|[from] item: Leftovers\n|-sideend|p2: czarVGC|move: Light Screen\n|upkeep\n|turn|14\n|inactive|czarVGC has 30 seconds left.\n|\n|t:|1682134815\n|move|p2a: Iron Bundle|Protect|p2a: Iron Bundle\n|-singleturn|p2a: Iron Bundle|Protect\n|move|p1b: Ting-Lu|Protect||[still]\n|-fail|p1b: Ting-Lu\n|move|p2b: Klefki|Light Screen|p2b: Klefki\n|-sidestart|p2: czarVGC|move: Light Screen\n|move|p1a: Pelipper|Ice Beam|p2a: Iron Bundle\n|-activate|p2a: Iron Bundle|move: Protect\n|\n|-weather|RainDance|[upkeep]\n|-end|p1b: Ting-Lu|Encore\n|upkeep\n|turn|15\n|\n|t:|1682134836\n|move|p1b: Ting-Lu|Protect|p1b: Ting-Lu\n|-singleturn|p1b: Ting-Lu|Protect\n|move|p2b: Klefki|Thunder Wave|p1a: Pelipper\n|-status|p1a: Pelipper|par\n|move|p2a: Iron Bundle|Encore|p1b: Ting-Lu\n|-activate|p1b: Ting-Lu|move: Protect\n|cant|p1a: Pelipper|par\n|\n|-weather|RainDance|[upkeep]\n|upkeep\n|turn|16\n|\n|t:|1682134861\n|move|p1b: Ting-Lu|Protect||[still]\n|-fail|p1b: Ting-Lu\n|move|p2a: Iron Bundle|Encore|p1b: Ting-Lu\n|-start|p1b: Ting-Lu|Encore\n|move|p2b: Klefki|Steel Beam|p1a: Pelipper\n|-resisted|p1a: Pelipper\n|-damage|p1a: Pelipper|50\/100 par\n|-damage|p2b: Klefki|50\/100|[from] steelbeam\n|move|p1a: Pelipper|Ice Beam|p2a: Iron Bundle\n|-supereffective|p2a: Iron Bundle\n|-crit|p2a: Iron Bundle\n|-damage|p2a: Iron Bundle|0 fnt\n|faint|p2a: Iron Bundle\n|-end|p2a: Iron Bundle|Quark Drive|[silent]\n|\n|-weather|RainDance|[upkeep]\n|upkeep\n|\n|t:|1682134876\n|switch|p2a: Torkoal|Torkoal, L50, F|30\/100\n|-weather|SunnyDay|[from] ability: Drought|[of] p2a: Torkoal\n|turn|17\n|\n|t:|1682134893\n|switch|p1a: Florges|Florges-Yellow, L50, F|45\/100 par\n|move|p1b: Ting-Lu|Protect|p1b: Ting-Lu\n|-singleturn|p1b: Ting-Lu|Protect\n|move|p2b: Klefki|Steel Beam|p1a: Florges\n|-supereffective|p1a: Florges\n|-damage|p1a: Florges|6\/100 par\n|-damage|p2b: Klefki|0 fnt|[from] steelbeam\n|faint|p2b: Klefki\n|move|p2a: Torkoal|Lava Plume|p1a: Florges|[spread] p1a\n|-activate|p1b: Ting-Lu|move: Protect\n|-damage|p1a: Florges|0 fnt\n|faint|p1a: Florges\n|\n|-weather|SunnyDay|[upkeep]\n|upkeep\n|\n|t:|1682134910\n|switch|p1a: Pelipper|Pelipper, L50, M|50\/100 par\n|switch|p2b: Wo-Chien|Wo-Chien, L50|100\/100\n|-ability|p2b: Wo-Chien|Tablets of Ruin\n|-weather|RainDance|[from] ability: Drizzle|[of] p1a: Pelipper\n|turn|18\n|\n|t:|1682134930\n|move|p1b: Ting-Lu|Protect|p1b: Ting-Lu\n|-singleturn|p1b: Ting-Lu|Protect\n|move|p2b: Wo-Chien|Giga Drain|p1b: Ting-Lu\n|-activate|p1b: Ting-Lu|move: Protect\n|move|p1a: Pelipper|Hurricane|p2b: Wo-Chien\n|-supereffective|p2b: Wo-Chien\n|-damage|p2b: Wo-Chien|63\/100\n|-start|p2b: Wo-Chien|confusion\n|move|p2a: Torkoal|Lava Plume|p1a: Pelipper|[spread] p2b,p1a\n|-activate|p1b: Ting-Lu|move: Protect\n|-supereffective|p2b: Wo-Chien\n|-crit|p2b: Wo-Chien\n|-resisted|p1a: Pelipper\n|-crit|p1a: Pelipper\n|-damage|p2b: Wo-Chien|47\/100\n|-damage|p1a: Pelipper|43\/100 par\n|\n|-weather|RainDance|[upkeep]\n|-heal|p2b: Wo-Chien|54\/100|[from] item: Leftovers\n|-sideend|p2: czarVGC|move: Light Screen\n|upkeep\n|turn|19\n|\n|t:|1682134953\n|-activate|p2b: Wo-Chien|confusion\n|-damage|p2b: Wo-Chien|48\/100|[from] confusion\n|move|p1b: Ting-Lu|Protect||[still]\n|-fail|p1b: Ting-Lu\n|move|p1a: Pelipper|Hurricane|p2b: Wo-Chien\n|-supereffective|p2b: Wo-Chien\n|-damage|p2b: Wo-Chien|0 fnt\n|faint|p2b: Wo-Chien\n|move|p2a: Torkoal|Lava Plume|p1a: Pelipper|[spread] p1a,p1b\n|-resisted|p1a: Pelipper\n|-damage|p1a: Pelipper|38\/100 par\n|-damage|p1b: Ting-Lu|95\/100\n|-status|p1b: Ting-Lu|brn\n|\n|-weather|RainDance|[upkeep]\n|-heal|p1b: Ting-Lu|100\/100 brn|[from] item: Leftovers\n|-damage|p1b: Ting-Lu|94\/100 brn|[from] brn\n|-end|p1b: Ting-Lu|Encore\n|upkeep\n|turn|20\n|\n|t:|1682134976\n|move|p1b: Ting-Lu|Protect|p1b: Ting-Lu\n|-singleturn|p1b: Ting-Lu|Protect\n|move|p1a: Pelipper|Surf|p2a: Torkoal|[spread] p2a\n|-activate|p1b: Ting-Lu|move: Protect\n|-supereffective|p2a: Torkoal\n|-damage|p2a: Torkoal|0 fnt\n|faint|p2a: Torkoal\n|\n|win|B.AngelOwO\n|raw|B.AngelOwO's rating: 1115 → 1145<\/strong> (+30 for winning)\n|raw|czarVGC's rating: 1187 → 1157<\/strong> (-30 for losing)\n|l|\u2606czarVGC\n","uploadtime":1682134986,"views":9,"p1id":"bangelowo","p2id":"czarvgc","formatid":"gen9vgc2023regulationc","rating":1145,"private":0,"password":""}