{"id":"gen9vgc2023regulationc-1864206021","p1":"William7414","p2":"WackoMarko","format":"[Gen 9] VGC 2023 Regulation C","log":"|j|\u2606William7414\n|j|\u2606WackoMarko\n|t:|1684136397\n|gametype|doubles\n|player|p1|William7414|ash|1110\n|player|p2|WackoMarko|102|1033\n|teamsize|p1|6\n|teamsize|p2|6\n|gen|9\n|tier|[Gen 9] VGC 2023 Regulation C\n|rated|\n|rule|Species Clause: Limit one of each Pok\u00e9mon\n|rule|Item Clause: Limit one of each item\n|clearpoke\n|poke|p1|Hawlucha, L50, M|\n|poke|p1|Indeedee-F, L50, F|\n|poke|p1|Armarouge, L50, M|\n|poke|p1|Sandy Shocks, L50|\n|poke|p1|Palafin, L50, M|\n|poke|p1|Chien-Pao, L50|\n|poke|p2|Talonflame, L50, M|\n|poke|p2|Amoonguss, L50, F|\n|poke|p2|Flutter Mane, L50|\n|poke|p2|Chien-Pao, L50|\n|poke|p2|Gyarados, L50, F|\n|poke|p2|Dragapult, L50, M|\n|teampreview|4\n|inactive|Battle timer is ON: inactive players will automatically lose when time's up. (requested by William7414)\n|inactive|WackoMarko has 60 seconds left.\n|\n|t:|1684136443\n|start\n|switch|p1a: Hawlucha|Hawlucha, L50, M, shiny|100\/100\n|switch|p1b: Indeedee|Indeedee-F, L50, F, shiny|100\/100\n|switch|p2a: Chien-Pao|Chien-Pao, L50|100\/100\n|switch|p2b: Talonflame|Talonflame, L50, M, shiny|100\/100\n|-ability|p2a: Chien-Pao|Sword of Ruin\n|-fieldstart|move: Psychic Terrain|[from] ability: Psychic Surge|[of] p1b: Indeedee\n|-enditem|p1a: Hawlucha|Psychic Seed\n|-boost|p1a: Hawlucha|spd|1|[from] item: Psychic Seed\n|turn|1\n|inactive|William7414 has 30 seconds left.\n|inactive|WackoMarko has 30 seconds left.\n|inactive|William7414 has 20 seconds left.\n|\n|t:|1684136478\n|-terastallize|p1a: Hawlucha|Steel\n|move|p1b: Indeedee|Follow Me|p1b: Indeedee\n|-singleturn|p1b: Indeedee|move: Follow Me\n|move|p2b: Talonflame|Brave Bird|p1b: Indeedee\n|-activate|p1b: Indeedee|move: Psychic Terrain\n|move|p1a: Hawlucha|Swords Dance|p1a: Hawlucha\n|-boost|p1a: Hawlucha|atk|2\n|move|p2a: Chien-Pao|Ice Spinner|p1b: Indeedee\n|-damage|p1b: Indeedee|24\/100\n|-fieldend|move: Psychic Terrain\n|\n|upkeep\n|turn|2\n|inactive|William7414 has 30 seconds left.\n|\n|t:|1684136506\n|move|p1a: Hawlucha|Detect|p1a: Hawlucha\n|-singleturn|p1a: Hawlucha|Protect\n|move|p2b: Talonflame|Tailwind|p2b: Talonflame\n|-sidestart|p2: WackoMarko|move: Tailwind\n|move|p2a: Chien-Pao|Ice Spinner|p1a: Hawlucha\n|-activate|p1a: Hawlucha|move: Protect\n|move|p1b: Indeedee|Trick Room|p1b: Indeedee\n|-fieldstart|move: Trick Room|[of] p1b: Indeedee\n|\n|upkeep\n|turn|3\n|\n|t:|1684136528\n|move|p2a: Chien-Pao|Protect|p2a: Chien-Pao\n|-singleturn|p2a: Chien-Pao|Protect\n|move|p1b: Indeedee|Follow Me|p1b: Indeedee\n|-singleturn|p1b: Indeedee|move: Follow Me\n|move|p1a: Hawlucha|Flying Press|p2a: Chien-Pao\n|-activate|p2a: Chien-Pao|move: Protect\n|move|p2b: Talonflame|Will-O-Wisp|p1b: Indeedee\n|-status|p1b: Indeedee|brn\n|\n|-damage|p1b: Indeedee|18\/100 brn|[from] brn\n|upkeep\n|turn|4\n|inactive|WackoMarko has 30 seconds left.\n|\n|t:|1684136559\n|move|p1b: Indeedee|Follow Me|p1b: Indeedee\n|-singleturn|p1b: Indeedee|move: Follow Me\n|move|p2b: Talonflame|Brave Bird|p1b: Indeedee\n|-damage|p1b: Indeedee|0 fnt\n|faint|p1b: Indeedee\n|-damage|p2b: Talonflame|95\/100|[from] Recoil\n|move|p2a: Chien-Pao|Sucker Punch|p1a: Hawlucha\n|-damage|p1a: Hawlucha|35\/100\n|move|p1a: Hawlucha|Flying Press|p2a: Chien-Pao\n|-supereffective|p2a: Chien-Pao\n|-enditem|p2a: Chien-Pao|Focus Sash\n|-damage|p2a: Chien-Pao|1\/100\n|\n|upkeep\n|\n|t:|1684136572\n|switch|p1b: Armarouge|Armarouge, L50, M|100\/100\n|turn|5\n|inactive|William7414 has 30 seconds left.\n|inactive|William7414 has 20 seconds left.\n|inactive|William7414 has 15 seconds left.\n|\n|t:|1684136614\n|move|p1a: Hawlucha|Detect|p1a: Hawlucha\n|-singleturn|p1a: Hawlucha|Protect\n|move|p2a: Chien-Pao|Protect|p2a: Chien-Pao\n|-singleturn|p2a: Chien-Pao|Protect\n|move|p1b: Armarouge|Armor Cannon|p2a: Chien-Pao\n|-activate|p2a: Chien-Pao|move: Protect\n|move|p2b: Talonflame|Brave Bird|p1b: Armarouge\n|-damage|p1b: Armarouge|52\/100\n|-damage|p2b: Talonflame|78\/100|[from] Recoil\n|\n|-sideend|p2: WackoMarko|move: Tailwind\n|upkeep\n|turn|6\n|inactive|William7414 has 30 seconds left.\n|\n|t:|1684136643\n|move|p2a: Chien-Pao|Sucker Punch||[still]\n|-fail|p2a: Chien-Pao\n|move|p1b: Armarouge|Armor Cannon|p2a: Chien-Pao\n|-supereffective|p2a: Chien-Pao\n|-damage|p2a: Chien-Pao|0 fnt\n|-unboost|p1b: Armarouge|def|1\n|-unboost|p1b: Armarouge|spd|1\n|faint|p2a: Chien-Pao\n|-damage|p1b: Armarouge|42\/100|[from] item: Life Orb\n|move|p2b: Talonflame|Tailwind|p2b: Talonflame\n|-sidestart|p2: WackoMarko|move: Tailwind\n|move|p1a: Hawlucha|Swords Dance|p1a: Hawlucha\n|-boost|p1a: Hawlucha|atk|2\n|\n|-fieldend|move: Trick Room\n|upkeep\n|\n|t:|1684136663\n|switch|p2a: Dragapult|Dragapult, L50, M, shiny|100\/100\n|turn|7\n|\n|t:|1684136678\n|-terastallize|p2a: Dragapult|Dragon\n|move|p2a: Dragapult|Dragon Darts|p1b: Armarouge\n|-damage|p1b: Armarouge|0 fnt\n|-anim|p2a: Dragapult|Dragon Darts|p1a: Hawlucha\n|-resisted|p1a: Hawlucha\n|-damage|p1a: Hawlucha|4\/100\n|faint|p1b: Armarouge\n|move|p2b: Talonflame|Brave Bird|p1a: Hawlucha\n|-resisted|p1a: Hawlucha\n|-damage|p1a: Hawlucha|0 fnt\n|faint|p1a: Hawlucha\n|-damage|p2b: Talonflame|76\/100|[from] Recoil\n|\n|upkeep\n|\n|t:|1684136688\n|switch|p1b: Sandy Shocks|Sandy Shocks, L50|100\/100\n|-enditem|p1b: Sandy Shocks|Booster Energy\n|-activate|p1b: Sandy Shocks|ability: Protosynthesis|[fromitem]\n|-start|p1b: Sandy Shocks|protosynthesisspe\n|turn|8\n|\n|t:|1684136701\n|move|p2a: Dragapult|Dragon Darts|p1b: Sandy Shocks\n|-damage|p1b: Sandy Shocks|44\/100\n|-anim|p2a: Dragapult|Dragon Darts|p1b: Sandy Shocks\n|-damage|p1b: Sandy Shocks|0 fnt\n|faint|p1b: Sandy Shocks\n|-end|p1b: Sandy Shocks|Protosynthesis|[silent]\n|\n|win|WackoMarko\n|raw|William7414's rating: 1110 → 1080<\/strong> (-30 for losing)\n|raw|WackoMarko's rating: 1033 → 1076<\/strong> (+43 for winning)\n|l|\u2606William7414\n","uploadtime":1684136721,"views":15,"p1id":"william7414","p2id":"wackomarko","formatid":"gen9vgc2023regulationc","rating":1076,"private":0,"password":""}