{"id":"gen9vgc2023regulationc-1860562210","p1":"pessopissaoyeye","p2":"Garompa fan","format":"[Gen 9] VGC 2023 Regulation C","log":"|j|\u2606pessopissaoyeye\n|j|\u2606Garompa fan\n|t:|1683654721\n|gametype|doubles\n|player|p1|pessopissaoyeye|brycenman|\n|player|p2|Garompa fan|pokemaniac|\n|teamsize|p1|6\n|teamsize|p2|6\n|gen|9\n|tier|[Gen 9] VGC 2023 Regulation C\n|rule|Species Clause: Limit one of each Pok\u00e9mon\n|rule|Item Clause: Limit one of each item\n|clearpoke\n|poke|p1|Palafin, L50, F|\n|poke|p1|Arcanine, L50, M|\n|poke|p1|Amoonguss, L50, M|\n|poke|p1|Ting-Lu, L50|\n|poke|p1|Iron Hands, L50|\n|poke|p1|Flutter Mane, L50|\n|poke|p2|Chi-Yu, L50|\n|poke|p2|Iron Bundle, L50|\n|poke|p2|Amoonguss, L50, F|\n|poke|p2|Dragonite, L50, F|\n|poke|p2|Iron Hands, L50|\n|poke|p2|Flutter Mane, L50|\n|teampreview|4\n|inactive|Battle timer is ON: inactive players will automatically lose when time's up. (requested by pessopissaoyeye)\n|c|\u2606Garompa fan|GL\n|c|\u2606pessopissaoyeye|glhf\npessopissaoyeye has agreed to open team sheets.\nGarompa fan has agreed to open team sheets.\n|inactive|pessopissaoyeye has 60 seconds left.\n|inactive|Garompa fan has 60 seconds left.\n|inactive|pessopissaoyeye has 30 seconds left.\n|inactive|pessopissaoyeye has 20 seconds left.\n|\n|t:|1683654794\n|start\n|switch|p1a: Iron Hands|Iron Hands, L50|100\/100\n|switch|p1b: Ting-Lu|Ting-Lu, L50|100\/100\n|switch|p2a: Chi-Yu|Chi-Yu, L50|100\/100\n|switch|p2b: Iron Bundle|Iron Bundle, L50|100\/100\n|-ability|p2a: Chi-Yu|Beads of Ruin\n|-ability|p1b: Ting-Lu|Vessel of Ruin\n|-enditem|p2b: Iron Bundle|Booster Energy\n|-activate|p2b: Iron Bundle|ability: Quark Drive|[fromitem]\n|-start|p2b: Iron Bundle|quarkdrivespe\n|turn|1\n|\n|t:|1683654807\n|-terastallize|p1b: Ting-Lu|Poison\n|move|p2b: Iron Bundle|Protect|p2b: Iron Bundle\n|-singleturn|p2b: Iron Bundle|Protect\n|move|p2a: Chi-Yu|Protect|p2a: Chi-Yu\n|-singleturn|p2a: Chi-Yu|Protect\n|move|p1a: Iron Hands|Fake Out|p2b: Iron Bundle\n|-activate|p2b: Iron Bundle|move: Protect\n|move|p1b: Ting-Lu|Stomping Tantrum|p2a: Chi-Yu\n|-activate|p2a: Chi-Yu|move: Protect\n|\n|upkeep\n|turn|2\n|inactive|Garompa fan has 30 seconds left.\n|inactive|Garompa fan has 20 seconds left.\n|inactive|Garompa fan has 15 seconds left.\n|inactive|Garompa fan has 10 seconds left.\n|\n|t:|1683654854\n|move|p2b: Iron Bundle|Hydro Pump|p1b: Ting-Lu\n|-damage|p1b: Ting-Lu|62\/100\n|move|p2a: Chi-Yu|Nasty Plot|p2a: Chi-Yu\n|-boost|p2a: Chi-Yu|spa|2\n|move|p1b: Ting-Lu|Stomping Tantrum|p2a: Chi-Yu\n|-supereffective|p2a: Chi-Yu\n|-damage|p2a: Chi-Yu|24\/100\n|move|p1a: Iron Hands|Wild Charge|p2b: Iron Bundle\n|-supereffective|p2b: Iron Bundle\n|-damage|p2b: Iron Bundle|0 fnt\n|faint|p2b: Iron Bundle\n|-end|p2b: Iron Bundle|Quark Drive|[silent]\n|-damage|p1a: Iron Hands|86\/100|[from] Recoil\n|\n|-heal|p1b: Ting-Lu|68\/100|[from] item: Leftovers\n|upkeep\n|\n|t:|1683654863\n|switch|p2b: Iron Hands|Iron Hands, L50|100\/100\n|turn|3\n|\n|t:|1683654887\n|move|p2a: Chi-Yu|Flamethrower|p1a: Iron Hands\n|-damage|p1a: Iron Hands|42\/100\n|move|p1b: Ting-Lu|Stomping Tantrum|p2a: Chi-Yu\n|-supereffective|p2a: Chi-Yu\n|-damage|p2a: Chi-Yu|0 fnt\n|faint|p2a: Chi-Yu\n|move|p1a: Iron Hands|Drain Punch|p2b: Iron Hands\n|-damage|p2b: Iron Hands|73\/100\n|-heal|p1a: Iron Hands|56\/100|[from] drain|[of] p2b: Iron Hands\n|move|p2b: Iron Hands|Drain Punch|p1a: Iron Hands\n|-damage|p1a: Iron Hands|28\/100\n|-heal|p2b: Iron Hands|87\/100|[from] drain|[of] p1a: Iron Hands\n|\n|-heal|p1b: Ting-Lu|74\/100|[from] item: Leftovers\n|upkeep\n|\n|t:|1683654893\n|switch|p2a: Flutter Mane|Flutter Mane, L50|100\/100\n|turn|4\n|\n|t:|1683654908\n|-end|p1a: Iron Hands|Quark Drive|[silent]\n|switch|p1a: Arcanine|Arcanine, L50, M|100\/100\n|-ability|p1a: Arcanine|Intimidate|boost\n|-unboost|p2a: Flutter Mane|atk|1\n|-unboost|p2b: Iron Hands|atk|1\n|-terastallize|p2a: Flutter Mane|Water\n|move|p2a: Flutter Mane|Moonblast|p1a: Arcanine\n|-resisted|p1a: Arcanine\n|-damage|p1a: Arcanine|82\/100\n|move|p1b: Ting-Lu|Heavy Slam|p2a: Flutter Mane\n|-resisted|p2a: Flutter Mane\n|-damage|p2a: Flutter Mane|71\/100\n|move|p2b: Iron Hands|Wild Charge|p1b: Ting-Lu\n|-damage|p1b: Ting-Lu|53\/100\n|-damage|p2b: Iron Hands|82\/100|[from] Recoil\n|\n|-heal|p2a: Flutter Mane|78\/100|[from] item: Leftovers\n|-heal|p1b: Ting-Lu|59\/100|[from] item: Leftovers\n|upkeep\n|turn|5\n|\n|t:|1683654925\n|move|p2a: Flutter Mane|Substitute|p2a: Flutter Mane\n|-start|p2a: Flutter Mane|Substitute\n|-damage|p2a: Flutter Mane|53\/100\n|move|p1a: Arcanine|Will-O-Wisp|p2b: Iron Hands\n|-status|p2b: Iron Hands|brn\n|move|p1b: Ting-Lu|Stomping Tantrum|p2a: Flutter Mane\n|-end|p2a: Flutter Mane|Substitute\n|move|p2b: Iron Hands|Wild Charge|p1b: Ting-Lu\n|-damage|p1b: Ting-Lu|48\/100\n|-damage|p2b: Iron Hands|79\/100 brn|[from] Recoil\n|\n|-heal|p2a: Flutter Mane|59\/100|[from] item: Leftovers\n|-heal|p1b: Ting-Lu|54\/100|[from] item: Leftovers\n|-damage|p2b: Iron Hands|73\/100 brn|[from] brn\n|upkeep\n|turn|6\n|\n|t:|1683654941\n|move|p2a: Flutter Mane|Protect|p2a: Flutter Mane\n|-singleturn|p2a: Flutter Mane|Protect\n|move|p1a: Arcanine|Flare Blitz|p2a: Flutter Mane\n|-activate|p2a: Flutter Mane|move: Protect\n|move|p1b: Ting-Lu|Stomping Tantrum|p2a: Flutter Mane\n|-activate|p2a: Flutter Mane|move: Protect\n|move|p2b: Iron Hands|Wild Charge|p1b: Ting-Lu\n|-damage|p1b: Ting-Lu|44\/100\n|-damage|p2b: Iron Hands|71\/100 brn|[from] Recoil\n|\n|-heal|p2a: Flutter Mane|65\/100|[from] item: Leftovers\n|-heal|p1b: Ting-Lu|51\/100|[from] item: Leftovers\n|-damage|p2b: Iron Hands|65\/100 brn|[from] brn\n|upkeep\n|turn|7\n|\n|t:|1683654952\n|switch|p1a: Iron Hands|Iron Hands, L50|28\/100\n|move|p1b: Ting-Lu|Protect|p1b: Ting-Lu\n|-singleturn|p1b: Ting-Lu|Protect\n|move|p2a: Flutter Mane|Shadow Ball|p1a: Iron Hands\n|-damage|p1a: Iron Hands|12\/100\n|move|p2b: Iron Hands|Wild Charge|p1a: Iron Hands\n|-resisted|p1a: Iron Hands\n|-damage|p1a: Iron Hands|7\/100\n|-damage|p2b: Iron Hands|63\/100 brn|[from] Recoil\n|\n|-heal|p2a: Flutter Mane|71\/100|[from] item: Leftovers\n|-heal|p1b: Ting-Lu|57\/100|[from] item: Leftovers\n|-damage|p2b: Iron Hands|57\/100 brn|[from] brn\n|upkeep\n|turn|8\n|\n|t:|1683654966\n|move|p2a: Flutter Mane|Protect|p2a: Flutter Mane\n|-singleturn|p2a: Flutter Mane|Protect\n|move|p1a: Iron Hands|Fake Out|p2b: Iron Hands\n|-damage|p2b: Iron Hands|47\/100 brn\n|move|p1b: Ting-Lu|Stomping Tantrum|p2b: Iron Hands\n|-supereffective|p2b: Iron Hands\n|-damage|p2b: Iron Hands|5\/100 brn\n|cant|p2b: Iron Hands|flinch\n|\n|-heal|p2a: Flutter Mane|78\/100|[from] item: Leftovers\n|-heal|p1b: Ting-Lu|63\/100|[from] item: Leftovers\n|-damage|p2b: Iron Hands|0 fnt|[from] brn\n|faint|p2b: Iron Hands\n|-end|p2b: Iron Hands|Quark Drive|[silent]\n|upkeep\n|turn|9\n|\n|t:|1683654980\n|move|p2a: Flutter Mane|Shadow Ball|p1a: Iron Hands\n|-damage|p1a: Iron Hands|0 fnt\n|faint|p1a: Iron Hands\n|-end|p1a: Iron Hands|Quark Drive|[silent]\n|move|p1b: Ting-Lu|Stomping Tantrum|p2a: Flutter Mane\n|-damage|p2a: Flutter Mane|29\/100\n|\n|-heal|p2a: Flutter Mane|35\/100|[from] item: Leftovers\n|-heal|p1b: Ting-Lu|69\/100|[from] item: Leftovers\n|upkeep\n|\n|t:|1683654985\n|switch|p1a: Flutter Mane|Flutter Mane, L50|100\/100\n|turn|10\n|\n|t:|1683654993\n|move|p2a: Flutter Mane|Protect|p2a: Flutter Mane\n|-singleturn|p2a: Flutter Mane|Protect\n|move|p1a: Flutter Mane|Shadow Ball|p2a: Flutter Mane\n|-activate|p2a: Flutter Mane|move: Protect\n|move|p1b: Ting-Lu|Stomping Tantrum|p2a: Flutter Mane\n|-activate|p2a: Flutter Mane|move: Protect\n|\n|-heal|p2a: Flutter Mane|41\/100|[from] item: Leftovers\n|-heal|p1b: Ting-Lu|76\/100|[from] item: Leftovers\n|upkeep\n|turn|11\n|\n|t:|1683654997\n|move|p1a: Flutter Mane|Shadow Ball|p2a: Flutter Mane\n|-damage|p2a: Flutter Mane|0 fnt\n|faint|p2a: Flutter Mane\n|-end|p2a: Flutter Mane|Protosynthesis|[silent]\n|\n|win|pessopissaoyeye\n|l|\u2606Garompa fan\n","uploadtime":1683655289,"views":14,"p1id":"pessopissaoyeye","p2id":"garompafan","formatid":"gen9vgc2023regulationc","rating":0,"private":0,"password":""}