{"id":"gen9vgc2023regulationc-1863599092","p1":"Tarkus474","p2":"TheGalvinBros","format":"[Gen 9] VGC 2023 Regulation C","log":"|j|\u2606Tarkus474\n|j|\u2606TheGalvinBros\n|t:|1684040716\n|gametype|doubles\n|player|p1|Tarkus474|chuck|1124\n|player|p2|TheGalvinBros|backers|1035\n|teamsize|p1|6\n|teamsize|p2|6\n|gen|9\n|tier|[Gen 9] VGC 2023 Regulation C\n|rated|\n|rule|Species Clause: Limit one of each Pok\u00e9mon\n|rule|Item Clause: Limit one of each item\n|clearpoke\n|poke|p1|Sandy Shocks, L50|\n|poke|p1|Iron Bundle, L50|\n|poke|p1|Abomasnow, L50, F|\n|poke|p1|Chi-Yu, L50|\n|poke|p1|Espathra, L50, M|\n|poke|p1|Murkrow, L50, M|\n|poke|p2|Scizor, L50, M|\n|poke|p2|Falinks, L50|\n|poke|p2|Ting-Lu, L50|\n|poke|p2|Gothitelle, L50, F|\n|poke|p2|Flutter Mane, L50|\n|poke|p2|Amoonguss, L50, M|\n|teampreview|4\nTheGalvinBros has agreed to open team sheets.\nTarkus474 has agreed to open team sheets.\n|inactive|Battle timer is ON: inactive players will automatically lose when time's up. (requested by Tarkus474)\n|inactive|TheGalvinBros has 60 seconds left.\n|inactive|TheGalvinBros has 30 seconds left.\n|inactive|TheGalvinBros has 20 seconds left.\n|inactive|TheGalvinBros has 15 seconds left.\n|inactive|TheGalvinBros has 10 seconds left.\n|\n|t:|1684040916\n|start\n|switch|p1a: Sandy Shocks|Sandy Shocks, L50|100\/100\n|switch|p1b: Espathra|Espathra, L50, M|100\/100\n|switch|p2a: Whoopass|Flutter Mane, L50|100\/100\n|switch|p2b: Iguess|Amoonguss, L50, M|100\/100\n|-enditem|p2a: Whoopass|Booster Energy\n|-activate|p2a: Whoopass|ability: Protosynthesis|[fromitem]\n|-start|p2a: Whoopass|protosynthesisspa\n|turn|1\n|inactive|TheGalvinBros has 30 seconds left.\n|inactive|TheGalvinBros has 20 seconds left.\n|inactive|TheGalvinBros has 15 seconds left.\n|inactive|TheGalvinBros has 10 seconds left.\n|inactive|TheGalvinBros has 5 seconds left.\n|\n|t:|1684040971\n|move|p2a: Whoopass|Moonblast|p1b: Espathra\n|-damage|p1b: Espathra|2\/100\n|move|p1a: Sandy Shocks|Gravity|p1a: Sandy Shocks\n|-fieldstart|move: Gravity\n|move|p1b: Espathra|Lumina Crash|p2b: Iguess\n|-supereffective|p2b: Iguess\n|-damage|p2b: Iguess|38\/100\n|-unboost|p2b: Iguess|spd|2\n|-enditem|p2b: Iguess|Sitrus Berry|[eat]\n|-heal|p2b: Iguess|63\/100|[from] item: Sitrus Berry\n|move|p2b: Iguess|Spore|p1a: Sandy Shocks\n|-status|p1a: Sandy Shocks|slp|[from] move: Spore\n|\n|-ability|p1b: Espathra|Speed Boost|boost\n|-boost|p1b: Espathra|spe|1\n|upkeep\n|turn|2\n|inactive|TheGalvinBros has 30 seconds left.\n|inactive|TheGalvinBros has 20 seconds left.\n|inactive|TheGalvinBros has 15 seconds left.\n|\n|t:|1684041015\n|switch|p2b: Foreman|Scizor, L50, M|100\/100\n|move|p1b: Espathra|Hypnosis|p2a: Whoopass\n|-status|p2a: Whoopass|slp|[from] move: Hypnosis\n|cant|p2a: Whoopass|slp\n|cant|p1a: Sandy Shocks|slp\n|\n|-ability|p1b: Espathra|Speed Boost|boost\n|-boost|p1b: Espathra|spe|1\n|upkeep\n|turn|3\n|\n|t:|1684041030\n|move|p1b: Espathra|Protect|p1b: Espathra\n|-singleturn|p1b: Espathra|Protect\n|move|p2b: Foreman|Bullet Punch|p1b: Espathra\n|-activate|p1b: Espathra|move: Protect\n|cant|p2a: Whoopass|slp\n|cant|p1a: Sandy Shocks|slp\n|\n|-ability|p1b: Espathra|Speed Boost|boost\n|-boost|p1b: Espathra|spe|1\n|upkeep\n|turn|4\n|\n|t:|1684041052\n|move|p1b: Espathra|Protect|p1b: Espathra\n|-singleturn|p1b: Espathra|Protect\n|move|p2b: Foreman|Bullet Punch|p1b: Espathra\n|-activate|p1b: Espathra|move: Protect\n|cant|p2a: Whoopass|slp\n|-curestatus|p1a: Sandy Shocks|slp|[msg]\n|move|p1a: Sandy Shocks|Thunder|p2b: Foreman\n|-crit|p2b: Foreman\n|-damage|p2b: Foreman|0 fnt\n|faint|p2b: Foreman\n|\n|-ability|p1b: Espathra|Speed Boost|boost\n|-boost|p1b: Espathra|spe|1\n|upkeep\n|\n|t:|1684041072\n|switch|p2b: Lefri|Falinks, L50|100\/100\n|turn|5\n|inactive|TheGalvinBros has 30 seconds left.\n|\n|t:|1684041106\n|-terastallize|p2b: Lefri|Rock\n|move|p1b: Espathra|Lumina Crash|p2a: Whoopass\n|-damage|p2a: Whoopass|57\/100 slp\n|-unboost|p2a: Whoopass|spd|2\n|-curestatus|p2a: Whoopass|slp|[msg]\n|move|p2a: Whoopass|Moonblast|p1a: Sandy Shocks\n|-damage|p1a: Sandy Shocks|25\/100\n|-unboost|p1a: Sandy Shocks|spa|1\n|move|p1a: Sandy Shocks|Thunder|p2a: Whoopass\n|-damage|p2a: Whoopass|0 fnt\n|faint|p2a: Whoopass\n|-end|p2a: Whoopass|Protosynthesis|[silent]\n|move|p2b: Lefri|No Retreat|p2b: Lefri\n|-boost|p2b: Lefri|atk|1\n|-boost|p2b: Lefri|def|1\n|-boost|p2b: Lefri|spa|1\n|-boost|p2b: Lefri|spd|1\n|-boost|p2b: Lefri|spe|1\n|-start|p2b: Lefri|move: No Retreat\n|\n|-fieldend|move: Gravity\n|-ability|p1b: Espathra|Speed Boost|boost\n|-boost|p1b: Espathra|spe|1\n|upkeep\n|\n|t:|1684041125\n|switch|p2a: Iguess|Amoonguss, L50, M|96\/100\n|turn|6\n|inactive|TheGalvinBros has 30 seconds left.\n|inactive|TheGalvinBros has 20 seconds left.\n|inactive|TheGalvinBros has 15 seconds left.\n|inactive|TheGalvinBros has 10 seconds left.\n|\n|t:|1684041172\n|move|p1b: Espathra|Protect|p1b: Espathra\n|-singleturn|p1b: Espathra|Protect\n|move|p1a: Sandy Shocks|Gravity|p1a: Sandy Shocks\n|-fieldstart|move: Gravity\n|move|p2b: Lefri|Rock Slide|p1b: Espathra|[spread] p1a\n|-activate|p1b: Espathra|move: Protect\n|-resisted|p1a: Sandy Shocks\n|-damage|p1a: Sandy Shocks|5\/100\n|move|p2a: Iguess|Spore|p1a: Sandy Shocks\n|-status|p1a: Sandy Shocks|slp|[from] move: Spore\n|\n|-ability|p1b: Espathra|Speed Boost|boost\n|-boost|p1b: Espathra|spe|1\n|upkeep\n|turn|7\n|inactive|Tarkus474 has 30 seconds left.\n|inactive|TheGalvinBros has 30 seconds left.\n|inactive|TheGalvinBros has 20 seconds left.\n|\n|t:|1684041212\n|move|p1b: Espathra|Lumina Crash|p2a: Iguess\n|-supereffective|p2a: Iguess\n|-damage|p2a: Iguess|23\/100\n|-unboost|p2a: Iguess|spd|2\n|cant|p1a: Sandy Shocks|slp\n|move|p2b: Lefri|Rock Slide|p1a: Sandy Shocks|[spread] p1a,p1b\n|-resisted|p1a: Sandy Shocks\n|-damage|p1a: Sandy Shocks|0 fnt\n|-damage|p1b: Espathra|0 fnt\n|faint|p1a: Sandy Shocks\n|-end|p1a: Sandy Shocks|Protosynthesis|[silent]\n|faint|p1b: Espathra\n|move|p2a: Iguess|Pollen Puff|p2b: Lefri\n|-immune|p2b: Lefri\n|\n|upkeep\n|\n|t:|1684041226\n|switch|p1a: Chi-Yu|Chi-Yu, L50|100\/100\n|switch|p1b: Iron Bundle|Iron Bundle, L50|100\/100\n|-ability|p1a: Chi-Yu|Beads of Ruin\n|-enditem|p1b: Iron Bundle|Booster Energy\n|-activate|p1b: Iron Bundle|ability: Quark Drive|[fromitem]\n|-start|p1b: Iron Bundle|quarkdrivespe\n|turn|8\n|inactive|TheGalvinBros has 30 seconds left.\n|inactive|TheGalvinBros has 20 seconds left.\n|inactive|TheGalvinBros has 15 seconds left.\n|inactive|TheGalvinBros has 10 seconds left.\n|inactive|TheGalvinBros has 5 seconds left.\n|\n|t:|1684041277\n|move|p2a: Iguess|Rage Powder|p2a: Iguess\n|-singleturn|p2a: Iguess|move: Rage Powder\n|move|p1b: Iron Bundle|Hydro Pump|p2a: Iguess\n|-resisted|p2a: Iguess\n|-damage|p2a: Iguess|0 fnt\n|faint|p2a: Iguess\n|move|p2b: Lefri|Rock Slide|p1a: Chi-Yu|[spread] p1a,p1b\n|-supereffective|p1a: Chi-Yu\n|-supereffective|p1b: Iron Bundle\n|-enditem|p1a: Chi-Yu|Focus Sash\n|-damage|p1a: Chi-Yu|1\/100\n|-damage|p1b: Iron Bundle|0 fnt\n|faint|p1b: Iron Bundle\n|-end|p1b: Iron Bundle|Quark Drive|[silent]\n|move|p1a: Chi-Yu|Heat Wave|p2b: Lefri\n|-resisted|p2b: Lefri\n|-damage|p2b: Lefri|67\/100\n|\n|upkeep\n|turn|9\n|\n|t:|1684041305\n|move|p2b: Lefri|Rock Slide|p1a: Chi-Yu\n|-supereffective|p1a: Chi-Yu\n|-damage|p1a: Chi-Yu|0 fnt\n|faint|p1a: Chi-Yu\n|\n|win|TheGalvinBros\n|raw|Tarkus474's rating: 1124 → 1093<\/strong> (-31 for losing)\n|raw|TheGalvinBros's rating: 1035 → 1078<\/strong> (+43 for winning)\n|c|\u2606Tarkus474|gg\n|l|\u2606Tarkus474\n","uploadtime":1684041318,"views":18,"p1id":"tarkus474","p2id":"thegalvinbros","formatid":"gen9vgc2023regulationc","rating":1078,"private":0,"password":""}