{"id":"gen9vgc2023regulationc-1850485649","p1":"digrignante","p2":"lateralvs","format":"[Gen 9] VGC 2023 Regulation C","log":"|j|\u2606digrignante\n|j|\u2606lateralvs\n|t:|1682341985\n|gametype|doubles\n|player|p1|digrignante|bede-leader|1423\n|player|p2|lateralvs|giovanni|1502\n|teamsize|p1|6\n|teamsize|p2|6\n|gen|9\n|tier|[Gen 9] VGC 2023 Regulation C\n|rated|\n|rule|Species Clause: Limit one of each Pok\u00e9mon\n|rule|Item Clause: Limit one of each item\n|clearpoke\n|poke|p1|Kilowattrel, L50, M|\n|poke|p1|Iron Bundle, L50|\n|poke|p1|Ting-Lu, L50|\n|poke|p1|Chi-Yu, L50|\n|poke|p1|Farigiraf, L50, M|\n|poke|p1|Abomasnow, L50, M|\n|poke|p2|Iron Jugulis, L50|\n|poke|p2|Garchomp, L50, M|\n|poke|p2|Gyarados, L50, M|\n|poke|p2|Gholdengo, L50|\n|poke|p2|Iron Hands, L50|\n|poke|p2|Amoonguss, L50, M|\n|teampreview|4\nlateralvs has agreed to open team sheets.\n|\n|t:|1682342037\n|start\n|switch|p1a: Kilowattrel|Kilowattrel, L50, M|100\/100\n|switch|p1b: Chi-Yu|Chi-Yu, L50|100\/100\n|switch|p2a: Higuain 3-2|Gholdengo, L50|100\/100\n|switch|p2b: Marchisio 2-1|Iron Hands, L50|100\/100\n|-ability|p1b: Chi-Yu|Beads of Ruin\n|turn|1\n|\n|t:|1682342054\n|move|p1a: Kilowattrel|Protect|p1a: Kilowattrel\n|-singleturn|p1a: Kilowattrel|Protect\n|move|p2b: Marchisio 2-1|Fake Out|p1b: Chi-Yu\n|-damage|p1b: Chi-Yu|75\/100\n|cant|p1b: Chi-Yu|flinch\n|move|p2a: Higuain 3-2|Make It Rain|p1b: Chi-Yu|[spread] p1b\n|-activate|p1a: Kilowattrel|move: Protect\n|-resisted|p1b: Chi-Yu\n|-damage|p1b: Chi-Yu|36\/100\n|-unboost|p2a: Higuain 3-2|spa|1\n|\n|upkeep\n|turn|2\n|\n|t:|1682342093\n|move|p1b: Chi-Yu|Heat Wave|p2a: Higuain 3-2|[spread] p2a\n|-miss|p1b: Chi-Yu|p2b: Marchisio 2-1\n|-supereffective|p2a: Higuain 3-2\n|-damage|p2a: Higuain 3-2|0 fnt\n|faint|p2a: Higuain 3-2\n|move|p1a: Kilowattrel|Tailwind|p1a: Kilowattrel\n|-sidestart|p1: digrignante|move: Tailwind\n|move|p2b: Marchisio 2-1|Wild Charge|p1a: Kilowattrel\n|-enditem|p1a: Kilowattrel|Focus Sash\n|-damage|p1a: Kilowattrel|1\/100\n|-damage|p2b: Marchisio 2-1|86\/100|[from] Recoil\n|\n|upkeep\n|\n|t:|1682342103\n|switch|p2a: Fagioli 2-0|Garchomp, L50, M|100\/100\n|turn|3\n|\n|t:|1682342122\n|move|p1a: Kilowattrel|Protect|p1a: Kilowattrel\n|-singleturn|p1a: Kilowattrel|Protect\n|move|p1b: Chi-Yu|Heat Wave|p2b: Marchisio 2-1|[spread] p2a\n|-miss|p1b: Chi-Yu|p2b: Marchisio 2-1\n|-resisted|p2a: Fagioli 2-0\n|-damage|p2a: Fagioli 2-0|72\/100\n|move|p2a: Fagioli 2-0|Rock Slide|p1b: Chi-Yu|[spread] p1b\n|-activate|p1a: Kilowattrel|move: Protect\n|-supereffective|p1b: Chi-Yu\n|-damage|p1b: Chi-Yu|0 fnt\n|faint|p1b: Chi-Yu\n|-damage|p2a: Fagioli 2-0|62\/100|[from] item: Life Orb\n|move|p2b: Marchisio 2-1|Drain Punch|p1a: Kilowattrel\n|-activate|p1a: Kilowattrel|move: Protect\n|\n|upkeep\n|\n|t:|1682342138\n|switch|p1b: Iron Bundle|Iron Bundle, L50|100\/100\n|turn|4\n|\n|t:|1682342163\n|switch|p1a: Abomasnow|Abomasnow, L50, M|100\/100\n|-weather|Snow|[from] ability: Snow Warning|[of] p1a: Abomasnow\n|-terastallize|p2a: Fagioli 2-0|Fire\n|move|p1b: Iron Bundle|Blizzard|p2b: Marchisio 2-1|[spread] p2a,p2b\n|-resisted|p2a: Fagioli 2-0\n|-damage|p2a: Fagioli 2-0|29\/100\n|-damage|p2b: Marchisio 2-1|51\/100\n|move|p2a: Fagioli 2-0|Rock Slide|p1a: Abomasnow|[spread] p1a,p1b\n|-supereffective|p1a: Abomasnow\n|-supereffective|p1b: Iron Bundle\n|-damage|p1a: Abomasnow|59\/100\n|-damage|p1b: Iron Bundle|57\/100\n|-damage|p2a: Fagioli 2-0|20\/100|[from] item: Life Orb\n|move|p2b: Marchisio 2-1|Drain Punch|p1b: Iron Bundle\n|-supereffective|p1b: Iron Bundle\n|-damage|p1b: Iron Bundle|0 fnt\n|-heal|p2b: Marchisio 2-1|66\/100|[from] drain|[of] p1b: Iron Bundle\n|faint|p1b: Iron Bundle\n|-end|p1b: Iron Bundle|Quark Drive|[silent]\n|\n|-weather|Snow|[upkeep]\n|upkeep\n|\n|t:|1682342175\n|switch|p1b: Kilowattrel|Kilowattrel, L50, M|1\/100\n|turn|5\n|\n|t:|1682342198\n|-terastallize|p1a: Abomasnow|Ground\n|move|p2a: Fagioli 2-0|Protect|p2a: Fagioli 2-0\n|-singleturn|p2a: Fagioli 2-0|Protect\n|move|p1b: Kilowattrel|Discharge|p2a: Fagioli 2-0|[spread] p2b\n|-activate|p2a: Fagioli 2-0|move: Protect\n|-immune|p1a: Abomasnow\n|-resisted|p2b: Marchisio 2-1\n|-damage|p2b: Marchisio 2-1|59\/100\n|move|p1a: Abomasnow|Earth Power|p2b: Marchisio 2-1\n|-supereffective|p2b: Marchisio 2-1\n|-damage|p2b: Marchisio 2-1|7\/100\n|-damage|p1a: Abomasnow|50\/100|[from] item: Life Orb\n|move|p2b: Marchisio 2-1|Drain Punch|p1a: Abomasnow\n|-damage|p1a: Abomasnow|4\/100\n|-heal|p2b: Marchisio 2-1|26\/100|[from] drain|[of] p1a: Abomasnow\n|\n|-weather|Snow|[upkeep]\n|-sideend|p1: digrignante|move: Tailwind\n|upkeep\n|turn|6\n|c|\u2606digrignante|tua madre \u00e8 un po abitante dell'antica ilio per\u00f2\n|\n|t:|1682342271\n|move|p1b: Kilowattrel|Discharge|p2b: Marchisio 2-1|[spread] p2a,p2b\n|-immune|p1a: Abomasnow\n|-resisted|p2b: Marchisio 2-1\n|-damage|p2a: Fagioli 2-0|0 fnt\n|-damage|p2b: Marchisio 2-1|20\/100\n|faint|p2a: Fagioli 2-0\n|move|p2b: Marchisio 2-1|Drain Punch|p1a: Abomasnow\n|-damage|p1a: Abomasnow|0 fnt\n|-heal|p2b: Marchisio 2-1|21\/100|[from] drain|[of] p1a: Abomasnow\n|faint|p1a: Abomasnow\n|\n|-weather|Snow|[upkeep]\n|upkeep\n|\n|t:|1682342276\n|switch|p2a: Cuadrado 3-2|Gyarados, L50, M|100\/100\n|-ability|p2a: Cuadrado 3-2|Intimidate|boost\n|-unboost|p1b: Kilowattrel|atk|1\n|-ability|p1b: Kilowattrel|Competitive|boost\n|-boost|p1b: Kilowattrel|spa|2\n|turn|7\n|\n|t:|1682342296\n|move|p1b: Kilowattrel|Discharge|p2b: Marchisio 2-1|[spread] p2a,p2b\n|-supereffective|p2a: Cuadrado 3-2\n|-resisted|p2b: Marchisio 2-1\n|-damage|p2a: Cuadrado 3-2|0 fnt\n|-damage|p2b: Marchisio 2-1|9\/100\n|faint|p2a: Cuadrado 3-2\n|move|p2b: Marchisio 2-1|Drain Punch|p1b: Kilowattrel\n|-resisted|p1b: Kilowattrel\n|-damage|p1b: Kilowattrel|0 fnt\n|-heal|p2b: Marchisio 2-1|9\/100|[from] drain|[of] p1b: Kilowattrel\n|faint|p1b: Kilowattrel\n|\n|win|lateralvs\n|raw|digrignante's rating: 1423 → 1407<\/strong> (-16 for losing)\n|raw|lateralvs's rating: 1502 → 1518<\/strong> (+16 for winning)\n|c|\u2606lateralvs|ita?\n|c|\u2606lateralvs|ita always complaining lmao\n|c|\u2606digrignante|leggimi il nick\n|c|\u2606digrignante|ti pare che so ingles\n|l|\u2606digrignante\n|c|\u2606lateralvs|don't speak pizza\n","uploadtime":1682342348,"views":39,"p1id":"digrignante","p2id":"lateralvs","formatid":"gen9vgc2023regulationc","rating":1407,"private":0,"password":""}