{"id":"gen9vgc2023regulationc-1858782680","p1":"DerrickSenpaiTM","p2":"Ayrshire20Scythers","format":"[Gen 9] VGC 2023 Regulation C","log":"|j|\u2606DerrickSenpaiTM\n|j|\u2606Ayrshire20Scythers\n|t:|1683360155\n|gametype|doubles\n|player|p1|DerrickSenpaiTM|raihan|\n|player|p2|Ayrshire20Scythers|policeman-gen4|\n|teamsize|p1|6\n|teamsize|p2|6\n|gen|9\n|tier|[Gen 9] VGC 2023 Regulation C\n|rule|Species Clause: Limit one of each Pok\u00e9mon\n|rule|Item Clause: Limit one of each item\n|clearpoke\n|poke|p1|Kingambit, L50, F|\n|poke|p1|Slither Wing, L50|\n|poke|p1|Hatterene, L50, F|\n|poke|p1|Copperajah, L50, M|\n|poke|p1|Farigiraf, L50, F|\n|poke|p1|Rabsca, L50, F|\n|poke|p2|Pincurchin, L50, M|\n|poke|p2|Iron Moth, L50|\n|poke|p2|Tyranitar, L50, M|\n|poke|p2|Iron Thorns, L50|\n|poke|p2|Iron Jugulis, L50|\n|poke|p2|Indeedee-F, L50, F|\n|teampreview|4\n|\n|t:|1683360196\n|start\n|switch|p1a: Slither Wing|Slither Wing, L50|100\/100\n|switch|p1b: Hatterene|Hatterene, L50, F|100\/100\n|switch|p2a: Tyranitar|Tyranitar, L50, M, shiny|100\/100\n|switch|p2b: Iron Thorns|Iron Thorns, L50, shiny|100\/100\n|-item|p2b: Iron Thorns|Air Balloon\n|-weather|Sandstorm|[from] ability: Sand Stream|[of] p2a: Tyranitar\n|-enditem|p1a: Slither Wing|Booster Energy\n|-activate|p1a: Slither Wing|ability: Protosynthesis|[fromitem]\n|-start|p1a: Slither Wing|protosynthesisatk\n|turn|1\n|l|\u2606Ayrshire20Scythers\n|player|p2|\n|j|\u2606Ayrshire20Scythers\n|player|p2|Ayrshire20Scythers|policeman-gen4\n|\n|t:|1683360269\n|-terastallize|p1a: Slither Wing|Steel\n|-terastallize|p2a: Tyranitar|Rock\n|move|p1a: Slither Wing|Close Combat|p2a: Tyranitar\n|-supereffective|p2a: Tyranitar\n|-damage|p2a: Tyranitar|0 fnt\n|-unboost|p1a: Slither Wing|def|1\n|-unboost|p1a: Slither Wing|spd|1\n|faint|p2a: Tyranitar\n|move|p2b: Iron Thorns|Rock Slide|p1a: Slither Wing|[spread] p1a,p1b\n|-resisted|p1a: Slither Wing\n|-damage|p1a: Slither Wing|72\/100\n|-damage|p1b: Hatterene|65\/100\n|cant|p1b: Hatterene|flinch\n|\n|-weather|Sandstorm|[upkeep]\n|-damage|p1b: Hatterene|59\/100|[from] Sandstorm\n|upkeep\n|\n|t:|1683360287\n|switch|p2a: Iron Moth|Iron Moth, L50, shiny|100\/100\n|turn|2\n|\n|t:|1683360302\n|move|p2b: Iron Thorns|Protect|p2b: Iron Thorns\n|-singleturn|p2b: Iron Thorns|Protect\n|move|p2a: Iron Moth|Heat Wave|p1a: Slither Wing|[spread] p1a,p1b\n|-supereffective|p1a: Slither Wing\n|-damage|p1a: Slither Wing|0 fnt\n|-damage|p1b: Hatterene|6\/100\n|-status|p1b: Hatterene|brn\n|faint|p1a: Slither Wing\n|-end|p1a: Slither Wing|Protosynthesis|[silent]\n|-damage|p2a: Iron Moth|90\/100|[from] item: Life Orb\n|move|p1b: Hatterene|Trick Room|p1b: Hatterene\n|-fieldstart|move: Trick Room|[of] p1b: Hatterene\n|\n|-weather|Sandstorm|[upkeep]\n|-damage|p1b: Hatterene|0 fnt|[from] Sandstorm\n|-damage|p2a: Iron Moth|85\/100|[from] Sandstorm\n|faint|p1b: Hatterene\n|upkeep\n|\n|t:|1683360318\n|switch|p1b: Rabsca|Rabsca, L50, F|100\/100\n|switch|p1a: Copperajah|Copperajah, L50, M|100\/100\n|turn|3\n|\n|t:|1683360348\n|move|p2a: Iron Moth|Protect|p2a: Iron Moth\n|-singleturn|p2a: Iron Moth|Protect\n|move|p1a: Copperajah|High Horsepower|p2a: Iron Moth\n|-activate|p2a: Iron Moth|move: Protect\n|move|p1b: Rabsca|Revival Blessing|p1b: Rabsca\n|\n|t:|1683360357\n|-heal|p1: Hatterene|50\/100|[from] move: Revival Blessing\n|move|p2b: Iron Thorns|Rock Slide|p1b: Rabsca|[spread] p1a,p1b\n|-resisted|p1a: Copperajah\n|-supereffective|p1b: Rabsca\n|-damage|p1a: Copperajah|84\/100\n|-damage|p1b: Rabsca|27\/100\n|\n|-weather|Sandstorm|[upkeep]\n|-damage|p1b: Rabsca|21\/100|[from] Sandstorm\n|-damage|p2a: Iron Moth|79\/100|[from] Sandstorm\n|upkeep\n|turn|4\n|\n|t:|1683360374\n|-end|p2a: Iron Moth|Quark Drive|[silent]\n|switch|p2a: Indeedee|Indeedee-F, L50, F, shiny|100\/100\n|move|p2b: Iron Thorns|Protect|p2b: Iron Thorns\n|-singleturn|p2b: Iron Thorns|Protect\n|move|p1a: Copperajah|High Horsepower|p2a: Indeedee\n|-damage|p2a: Indeedee|38\/100\n|-damage|p1a: Copperajah|75\/100|[from] item: Life Orb\n|move|p1b: Rabsca|Bug Buzz|p2b: Iron Thorns\n|-activate|p2b: Iron Thorns|move: Protect\n|\n|-weather|Sandstorm|[upkeep]\n|-damage|p1b: Rabsca|15\/100|[from] Sandstorm\n|-damage|p2a: Indeedee|32\/100|[from] Sandstorm\n|upkeep\n|turn|5\n|\n|t:|1683360433\n|move|p2a: Indeedee|Fake Out|p1b: Rabsca\n|-damage|p1b: Rabsca|5\/100\n|move|p1a: Copperajah|Rock Slide|p2b: Iron Thorns|[spread] p2a,p2b\n|-damage|p2a: Indeedee|0 fnt\n|-damage|p2b: Iron Thorns|72\/100\n|-enditem|p2b: Iron Thorns|Air Balloon\n|faint|p2a: Indeedee\n|cant|p1b: Rabsca|flinch\n|move|p2b: Iron Thorns|Thunder Punch|p1a: Copperajah\n|-damage|p1a: Copperajah|28\/100\n|\n|-weather|none\n|upkeep\n|\n|t:|1683360448\n|switch|p2a: Iron Moth|Iron Moth, L50, shiny|79\/100\n|turn|6\n|\n|t:|1683360461\n|move|p2b: Iron Thorns|Protect|p2b: Iron Thorns\n|-singleturn|p2b: Iron Thorns|Protect\n|move|p2a: Iron Moth|Protect|p2a: Iron Moth\n|-singleturn|p2a: Iron Moth|Protect\n|move|p1a: Copperajah|High Horsepower|p2a: Iron Moth\n|-activate|p2a: Iron Moth|move: Protect\n|move|p1b: Rabsca|Earth Power|p2b: Iron Thorns\n|-activate|p2b: Iron Thorns|move: Protect\n|\n|-fieldend|move: Trick Room\n|upkeep\n|turn|7\n|\n|t:|1683360482\n|move|p2a: Iron Moth|Fiery Dance|p1a: Copperajah\n|-supereffective|p1a: Copperajah\n|-damage|p1a: Copperajah|0 fnt\n|-boost|p2a: Iron Moth|spa|1\n|faint|p1a: Copperajah\n|-damage|p2a: Iron Moth|69\/100|[from] item: Life Orb\n|move|p2b: Iron Thorns|Thunder Punch|p1b: Rabsca\n|-damage|p1b: Rabsca|0 fnt\n|faint|p1b: Rabsca\n|\n|upkeep\n|\n|t:|1683360494\n|switch|p1b: Hatterene|Hatterene, L50, F|50\/100\n|turn|8\n|\n|t:|1683360501\n|move|p2a: Iron Moth|Sludge Wave|p1b: Hatterene|[spread] p2b,p1b\n|-resisted|p2b: Iron Thorns\n|-crit|p2b: Iron Thorns\n|-supereffective|p1b: Hatterene\n|-damage|p2b: Iron Thorns|21\/100\n|-damage|p1b: Hatterene|0 fnt\n|faint|p1b: Hatterene\n|-damage|p2a: Iron Moth|59\/100|[from] item: Life Orb\n|\n|win|Ayrshire20Scythers\n","uploadtime":1683360511,"views":13,"p1id":"derricksenpaitm","p2id":"ayrshire20scythers","formatid":"gen9vgc2023regulationc","rating":0,"private":0,"password":""}