{"id":"gen9vgc2023regulationc-1847477140","p1":"skuchi4","p2":"kyopaz","format":"[Gen 9] VGC 2023 Regulation C","log":"|j|\u2606skuchi4\n|j|\u2606kyopaz\n|t:|1681959971\n|gametype|doubles\n|player|p1|skuchi4|clair|1152\n|player|p2|kyopaz|hilbert-wonderlauncher|1051\n|teamsize|p1|6\n|teamsize|p2|6\n|gen|9\n|tier|[Gen 9] VGC 2023 Regulation C\n|rated|\n|rule|Species Clause: Limit one of each Pok\u00e9mon\n|rule|Item Clause: Limit one of each item\n|clearpoke\n|poke|p1|Amoonguss, L50, F|\n|poke|p1|Dragonite, L50, F|\n|poke|p1|Arcanine, L50, F|\n|poke|p1|Palafin, L50, M|\n|poke|p1|Chien-Pao, L50|\n|poke|p1|Sandy Shocks, L50|\n|poke|p2|Tyranitar, L50, M|\n|poke|p2|Flutter Mane, L50|\n|poke|p2|Murkrow, L50, M|\n|poke|p2|Arcanine, L50, M|\n|poke|p2|Ting-Lu, L50|\n|poke|p2|Gastrodon, L50, F|\n|teampreview|4\n|\n|t:|1681960017\n|start\n|switch|p1a: Dragonite|Dragonite, L50, F|100\/100\n|switch|p1b: Palafin|Palafin, L50, M|100\/100\n|switch|p2a: Murkrow|Murkrow, L50, M, shiny|100\/100\n|switch|p2b: Arcanine|Arcanine, L50, M|100\/100\n|-ability|p2b: Arcanine|Intimidate|boost\n|-unboost|p1a: Dragonite|atk|1\n|-unboost|p1b: Palafin|atk|1\n|turn|1\n|\n|t:|1681960045\n|detailschange|p1b: Palafin|Palafin-Hero, L50, M\n|switch|p1b: Chien-Pao|Chien-Pao, L50|100\/100\n|-ability|p1b: Chien-Pao|Sword of Ruin\n|switch|p2b: Gastrodon|Gastrodon, L50, F|100\/100\n|move|p2a: Murkrow|Tailwind|p2a: Murkrow\n|-sidestart|p2: kyopaz|move: Tailwind\n|move|p1a: Dragonite|Ice Spinner|p2a: Murkrow\n|-supereffective|p2a: Murkrow\n|-damage|p2a: Murkrow|45\/100\n|\n|upkeep\n|turn|2\n|\n|t:|1681960144\n|move|p1a: Dragonite|Extreme Speed|p2a: Murkrow\n|-damage|p2a: Murkrow|20\/100\n|move|p2a: Murkrow|Foul Play|p1b: Chien-Pao\n|-resisted|p1b: Chien-Pao\n|-damage|p1b: Chien-Pao|71\/100\n|move|p1b: Chien-Pao|Ice Spinner|p2b: Gastrodon\n|-damage|p2b: Gastrodon|62\/100\n|move|p2b: Gastrodon|Ice Beam|p1a: Dragonite\n|-supereffective|p1a: Dragonite\n|-damage|p1a: Dragonite|64\/100\n|\n|-heal|p2b: Gastrodon|68\/100|[from] item: Leftovers\n|upkeep\n|turn|3\n|\n|t:|1681960184\n|switch|p1a: Palafin|Palafin-Hero, L50, M|100\/100\n|-activate|p1a: Palafin|ability: Zero to Hero\n|move|p2a: Murkrow|Thunder Wave|p1b: Chien-Pao\n|-hint|Since gen 7, Dark is immune to Prankster moves.\n|-immune|p1b: Chien-Pao\n|move|p1b: Chien-Pao|Ice Spinner|p2a: Murkrow\n|-supereffective|p2a: Murkrow\n|-damage|p2a: Murkrow|0 fnt\n|faint|p2a: Murkrow\n|move|p2b: Gastrodon|Ice Beam|p1a: Palafin\n|-resisted|p1a: Palafin\n|-damage|p1a: Palafin|89\/100\n|\n|-heal|p2b: Gastrodon|74\/100|[from] item: Leftovers\n|upkeep\n|\n|t:|1681960207\n|switch|p2a: Arcanine|Arcanine, L50, M|100\/100\n|-ability|p2a: Arcanine|Intimidate|boost\n|-unboost|p1a: Palafin|atk|1\n|-unboost|p1b: Chien-Pao|atk|1\n|turn|4\n|\n|t:|1681960218\n|switch|p1a: Dragonite|Dragonite, L50, F|64\/100\n|-terastallize|p2a: Arcanine|Grass\n|move|p1b: Chien-Pao|Protect|p1b: Chien-Pao\n|-singleturn|p1b: Chien-Pao|Protect\n|move|p2a: Arcanine|Will-O-Wisp|p1b: Chien-Pao\n|-activate|p1b: Chien-Pao|move: Protect\n|move|p2b: Gastrodon|Earth Power|p1a: Dragonite\n|-immune|p1a: Dragonite\n|\n|-heal|p2b: Gastrodon|80\/100|[from] item: Leftovers\n|-sideend|p2: kyopaz|move: Tailwind\n|upkeep\n|turn|5\n|\n|t:|1681960251\n|-terastallize|p1a: Dragonite|Flying\n|move|p1b: Chien-Pao|Ice Spinner|p2b: Gastrodon\n|-damage|p2b: Gastrodon|52\/100\n|move|p2a: Arcanine|Flare Blitz|p1b: Chien-Pao\n|-supereffective|p1b: Chien-Pao\n|-damage|p1b: Chien-Pao|0 fnt\n|faint|p1b: Chien-Pao\n|-damage|p2a: Arcanine|82\/100|[from] Recoil\n|move|p1a: Dragonite|Tera Blast|p2a: Arcanine\n|-supereffective|p2a: Arcanine\n|-damage|p2a: Arcanine|0 fnt\n|faint|p2a: Arcanine\n|move|p2b: Gastrodon|Ice Beam|p1a: Dragonite\n|-supereffective|p1a: Dragonite\n|-damage|p1a: Dragonite|28\/100\n|\n|-heal|p2b: Gastrodon|58\/100|[from] item: Leftovers\n|upkeep\n|\n|t:|1681960293\n|switch|p1b: Palafin|Palafin-Hero, L50, M|89\/100\n|switch|p2a: Tyranitar|Tyranitar, L50, M, shiny|100\/100\n|-weather|Sandstorm|[from] ability: Sand Stream|[of] p2a: Tyranitar\n|turn|6\n|\n|t:|1681960321\n|move|p1b: Palafin|Drain Punch|p2a: Tyranitar\n|-supereffective|p2a: Tyranitar\n|-damage|p2a: Tyranitar|0 fnt\n|-heal|p1b: Palafin|100\/100|[from] drain|[of] p2a: Tyranitar\n|faint|p2a: Tyranitar\n|move|p1a: Dragonite|Tera Blast|p2b: Gastrodon\n|-damage|p2b: Gastrodon|12\/100\n|move|p2b: Gastrodon|Recover|p2b: Gastrodon\n|-heal|p2b: Gastrodon|62\/100\n|\n|-weather|Sandstorm|[upkeep]\n|-damage|p1b: Palafin|94\/100|[from] Sandstorm\n|-damage|p1a: Dragonite|22\/100|[from] Sandstorm\n|-heal|p2b: Gastrodon|68\/100|[from] item: Leftovers\n|upkeep\n|turn|7\n|\n|t:|1681960338\n|move|p1b: Palafin|Drain Punch|p2b: Gastrodon\n|-damage|p2b: Gastrodon|43\/100\n|-heal|p1b: Palafin|100\/100|[from] drain|[of] p2b: Gastrodon\n|move|p1a: Dragonite|Tera Blast|p2b: Gastrodon\n|-damage|p2b: Gastrodon|0 fnt\n|faint|p2b: Gastrodon\n|\n|win|skuchi4\n|raw|skuchi4's rating: 1152 → 1170<\/strong> (+18 for winning)\n|raw|kyopaz's rating: 1051 → 1038<\/strong> (-13 for losing)\n","uploadtime":1681960444,"views":4,"p1id":"skuchi4","p2id":"kyopaz","formatid":"gen9vgc2023regulationc","rating":1038,"private":0,"password":""}