{"id":"gen9vgc2023regulationc-1848741698","p1":"Fervaz","p2":"Alaskan_fisher","format":"[Gen 9] VGC 2023 Regulation C","log":"|j|\u2606Fervaz\n|j|\u2606Alaskan_fisher\n|t:|1682105829\n|gametype|doubles\n|player|p1|Fervaz|169|1124\n|player|p2|Alaskan_fisher|fisherman-gen4|1133\n|teamsize|p1|6\n|teamsize|p2|6\n|gen|9\n|tier|[Gen 9] VGC 2023 Regulation C\n|rated|\n|rule|Species Clause: Limit one of each Pok\u00e9mon\n|rule|Item Clause: Limit one of each item\n|clearpoke\n|poke|p1|Arcanine, L50, M|\n|poke|p1|Wo-Chien, L50|\n|poke|p1|Great Tusk, L50|\n|poke|p1|Glimmora, L50, F|\n|poke|p1|Baxcalibur, L50, M|\n|poke|p1|Corviknight, L50, F|\n|poke|p2|Baxcalibur, L50, M|\n|poke|p2|Palafin, L50, F|\n|poke|p2|Arcanine, L50, M|\n|poke|p2|Flutter Mane, L50|\n|poke|p2|Ting-Lu, L50|\n|poke|p2|Amoonguss, L50, F|\n|teampreview|4\nAlaskan_fisher has agreed to open team sheets.\n|\n|t:|1682105897\n|start\n|switch|p1a: Glimmora|Glimmora, L50, F|100\/100\n|switch|p1b: Arcanine|Arcanine, L50, M|100\/100\n|switch|p2a: Flutter Mane|Flutter Mane, L50|100\/100\n|switch|p2b: Palafin|Palafin, L50, F|100\/100\n|-ability|p1b: Arcanine|Intimidate|boost\n|-unboost|p2a: Flutter Mane|atk|1\n|-unboost|p2b: Palafin|atk|1\n|turn|1\n|\n|t:|1682105949\n|move|p2b: Palafin|Jet Punch|p1b: Arcanine\n|-supereffective|p1b: Arcanine\n|-damage|p1b: Arcanine|60\/100\n|move|p2a: Flutter Mane|Shadow Ball|p1b: Arcanine\n|-damage|p1b: Arcanine|4\/100\n|-unboost|p1b: Arcanine|spd|1\n|move|p1a: Glimmora|Mortal Spin|p2b: Palafin|[spread] p2a,p2b\n|-damage|p2a: Flutter Mane|92\/100\n|-damage|p2b: Palafin|96\/100\n|-status|p2a: Flutter Mane|psn\n|-status|p2b: Palafin|psn\n|move|p1b: Arcanine|Snarl|p2a: Flutter Mane|[spread] p2a,p2b\n|-damage|p2a: Flutter Mane|84\/100 psn\n|-damage|p2b: Palafin|86\/100 psn\n|-unboost|p2a: Flutter Mane|spa|1\n|-unboost|p2b: Palafin|spa|1\n|\n|-damage|p2a: Flutter Mane|72\/100 psn|[from] psn\n|-damage|p2b: Palafin|74\/100 psn|[from] psn\n|upkeep\n|turn|2\n|\n|t:|1682105994\n|-end|p2a: Flutter Mane|Protosynthesis|[silent]\n|switch|p2a: Amoonguss|Amoonguss, L50, F|100\/100\n|move|p1b: Arcanine|Protect|p1b: Arcanine\n|-singleturn|p1b: Arcanine|Protect\n|move|p2b: Palafin|Protect|p2b: Palafin\n|-singleturn|p2b: Palafin|Protect\n|move|p1a: Glimmora|Venoshock|p2a: Amoonguss\n|-damage|p2a: Amoonguss|64\/100\n|\n|-damage|p2b: Palafin|62\/100 psn|[from] psn\n|upkeep\n|turn|3\n|\n|t:|1682106032\n|switch|p1b: Wo-Chien|Wo-Chien, L50|100\/100\n|-ability|p1b: Wo-Chien|Tablets of Ruin\n|detailschange|p2b: Palafin|Palafin-Hero, L50, F\n|switch|p2b: Baxcalibur|Baxcalibur, L50, M|100\/100\n|move|p1a: Glimmora|Spiky Shield|p1a: Glimmora\n|-singleturn|p1a: Glimmora|move: Protect\n|move|p2a: Amoonguss|Protect||[still]\n|-fail|p2a: Amoonguss\n|\n|upkeep\n|turn|4\n|inactive|Battle timer is ON: inactive players will automatically lose when time's up. (requested by Fervaz)\n|\n|t:|1682106093\n|-terastallize|p2b: Baxcalibur|Poison\n|move|p2b: Baxcalibur|Dragon Dance|p2b: Baxcalibur\n|-boost|p2b: Baxcalibur|atk|1\n|-boost|p2b: Baxcalibur|spe|1\n|move|p1a: Glimmora|Mortal Spin|p2a: Amoonguss|[spread] p2a,p2b\n|-resisted|p2b: Baxcalibur\n|-damage|p2a: Amoonguss|62\/100\n|-damage|p2b: Baxcalibur|99\/100\n|move|p1b: Wo-Chien|Leech Seed|p2b: Baxcalibur|[miss]\n|-miss|p1b: Wo-Chien|p2b: Baxcalibur\n|move|p2a: Amoonguss|Spore|p1a: Glimmora\n|-status|p1a: Glimmora|slp|[from] move: Spore\n|\n|upkeep\n|turn|5\n|inactive|Alaskan_fisher has 30 seconds left.\n|inactive|Alaskan_fisher has 20 seconds left.\n|inactive|Fervaz has 30 seconds left.\n|inactive|Alaskan_fisher has 15 seconds left.\n|inactive|Alaskan_fisher has 10 seconds left.\n|\n|t:|1682106139\n|switch|p1a: Arcanine|Arcanine, L50, M|4\/100\n|-ability|p1a: Arcanine|Intimidate|boost\n|-unboost|p2a: Amoonguss|atk|1\n|-unboost|p2b: Baxcalibur|atk|1\n|move|p2b: Baxcalibur|Icicle Spear|p1b: Wo-Chien\n|-supereffective|p1b: Wo-Chien\n|-damage|p1b: Wo-Chien|84\/100\n|-supereffective|p1b: Wo-Chien\n|-damage|p1b: Wo-Chien|68\/100\n|-supereffective|p1b: Wo-Chien\n|-damage|p1b: Wo-Chien|52\/100\n|-supereffective|p1b: Wo-Chien\n|-damage|p1b: Wo-Chien|35\/100\n|-hitcount|p1b: Wo-Chien|4\n|move|p1b: Wo-Chien|Leech Seed|p2b: Baxcalibur\n|-start|p2b: Baxcalibur|move: Leech Seed\n|move|p2a: Amoonguss|Pollen Puff|p1b: Wo-Chien\n|-supereffective|p1b: Wo-Chien\n|-damage|p1b: Wo-Chien|0 fnt\n|faint|p1b: Wo-Chien\n|\n|upkeep\n|inactive|Fervaz has 30 seconds left.\n|\n|t:|1682106166\n|switch|p1b: Great Tusk|Great Tusk, L50|100\/100\n|turn|6\n|inactive|Alaskan_fisher has 30 seconds left.\n|\n|t:|1682106193\n|-terastallize|p1b: Great Tusk|Fire\n|move|p2b: Baxcalibur|Protect|p2b: Baxcalibur\n|-singleturn|p2b: Baxcalibur|Protect\n|move|p1b: Great Tusk|Headlong Rush|p2b: Baxcalibur\n|-activate|p2b: Baxcalibur|move: Protect\n|move|p1a: Arcanine|Flare Blitz|p2a: Amoonguss\n|-supereffective|p2a: Amoonguss\n|-damage|p2a: Amoonguss|0 fnt\n|faint|p2a: Amoonguss\n|-damage|p1a: Arcanine|0 fnt|[from] Recoil\n|faint|p1a: Arcanine\n|\n|-damage|p2b: Baxcalibur|87\/100|[from] Leech Seed|[of] p1b: Great Tusk\n|upkeep\n|\n|t:|1682106212\n|switch|p1a: Glimmora|Glimmora, L50, F|100\/100 slp\n|switch|p2a: Palafin|Palafin-Hero, L50, F|62\/100 psn\n|-activate|p2a: Palafin|ability: Zero to Hero\n|turn|7\n|inactive|Alaskan_fisher has 30 seconds left.\n|\n|t:|1682106238\n|cant|p1a: Glimmora|slp\n|move|p2b: Baxcalibur|Glaive Rush|p1b: Great Tusk\n|-damage|p1b: Great Tusk|52\/100\n|-singlemove|p2b: Baxcalibur|Glaive Rush|[silent]\n|move|p1b: Great Tusk|Headlong Rush|p2b: Baxcalibur\n|-supereffective|p2b: Baxcalibur\n|-damage|p2b: Baxcalibur|0 fnt\n|-unboost|p1b: Great Tusk|def|1\n|-unboost|p1b: Great Tusk|spd|1\n|faint|p2b: Baxcalibur\n|-damage|p1b: Great Tusk|42\/100|[from] item: Life Orb\n|move|p2a: Palafin|Wave Crash|p1a: Glimmora\n|-supereffective|p1a: Glimmora\n|-enditem|p1a: Glimmora|Focus Sash\n|-damage|p1a: Glimmora|1\/100 slp\n|-activate|p1a: Glimmora|ability: Toxic Debris\n|-sidestart|p2: Alaskan_fisher|move: Toxic Spikes\n|-damage|p2a: Palafin|37\/100 psn|[from] Recoil\n|\n|-damage|p2a: Palafin|25\/100 psn|[from] psn\n|upkeep\n|\n|t:|1682106246\n|switch|p2b: Flutter Mane|Flutter Mane, L50|72\/100 psn\n|turn|8\n|\n|t:|1682106270\n|cant|p1a: Glimmora|slp\n|move|p2a: Palafin|Jet Punch|p1b: Great Tusk\n|-supereffective|p1b: Great Tusk\n|-damage|p1b: Great Tusk|0 fnt\n|faint|p1b: Great Tusk\n|-end|p1b: Great Tusk|Protosynthesis|[silent]\n|move|p2b: Flutter Mane|Dazzling Gleam|p1a: Glimmora\n|-resisted|p1a: Glimmora\n|-damage|p1a: Glimmora|0 fnt\n|faint|p1a: Glimmora\n|\n|win|Alaskan_fisher\n|raw|Fervaz's rating: 1124 → 1100<\/strong> (-24 for losing)\n|raw|Alaskan_fisher's rating: 1133 → 1157<\/strong> (+24 for winning)\n|l|\u2606Fervaz\n","uploadtime":1682106312,"views":11,"p1id":"fervaz","p2id":"alaskanfisher","formatid":"gen9vgc2023regulationc","rating":1100,"private":0,"password":""}