{"id":"gen9vgc2023regulationc-1848776224","p1":"LoveCroydon","p2":"PontiffLachlan","format":"[Gen 9] VGC 2023 Regulation C","log":"|j|\u2606LoveCroydon\n|j|\u2606PontiffLachlan\n|t:|1682109239\n|gametype|doubles\n|player|p1|LoveCroydon|beauty-gen4dp|1031\n|player|p2|PontiffLachlan|102|1000\n|teamsize|p1|6\n|teamsize|p2|6\n|gen|9\n|tier|[Gen 9] VGC 2023 Regulation C\n|rated|\n|rule|Species Clause: Limit one of each Pok\u00e9mon\n|rule|Item Clause: Limit one of each item\n|clearpoke\n|poke|p1|Arcanine, L50, F|\n|poke|p1|Amoonguss, L50, M|\n|poke|p1|Palafin, L50, F|\n|poke|p1|Flutter Mane, L50|\n|poke|p1|Dragonite, L50, M|\n|poke|p1|Ting-Lu, L50|\n|poke|p2|Torkoal, L50, M|\n|poke|p2|Brute Bonnet, L50|\n|poke|p2|Tyranitar, L50, F|\n|poke|p2|Lycanroc, L50, M|\n|poke|p2|Dragonite, L50, M|\n|poke|p2|Cloyster, L50, F|\n|teampreview|4\n|inactive|Battle timer is ON: inactive players will automatically lose when time's up. (requested by LoveCroydon)\n|inactive|LoveCroydon has 60 seconds left.\n|\n|t:|1682109281\n|start\n|switch|p1a: Palafin|Palafin, L50, F|100\/100\n|switch|p1b: Flutter Mane|Flutter Mane, L50|100\/100\n|switch|p2a: Dragonite|Dragonite, L50, M|100\/100\n|switch|p2b: Tyranitar|Tyranitar, L50, F|100\/100\n|-weather|Sandstorm|[from] ability: Sand Stream|[of] p2b: Tyranitar\n|-enditem|p1b: Flutter Mane|Booster Energy\n|-activate|p1b: Flutter Mane|ability: Protosynthesis|[fromitem]\n|-start|p1b: Flutter Mane|protosynthesisspe\n|turn|1\n|inactive|LoveCroydon has 30 seconds left.\n|inactive|PontiffLachlan has 30 seconds left.\n|inactive|PontiffLachlan has 20 seconds left.\n|\n|t:|1682109317\n|detailschange|p1a: Palafin|Palafin-Hero, L50, F\n|switch|p1a: Ting-Lu|Ting-Lu, L50|100\/100\n|-ability|p1a: Ting-Lu|Vessel of Ruin\n|-terastallize|p2a: Dragonite|Normal\n|move|p1b: Flutter Mane|Protect|p1b: Flutter Mane\n|-singleturn|p1b: Flutter Mane|Protect\n|move|p2a: Dragonite|Extreme Speed|p1a: Ting-Lu\n|-crit|p1a: Ting-Lu\n|-damage|p1a: Ting-Lu|54\/100\n|move|p2b: Tyranitar|Crunch|p1b: Flutter Mane\n|-activate|p1b: Flutter Mane|move: Protect\n|\n|-weather|Sandstorm|[upkeep]\n|-damage|p1b: Flutter Mane|95\/100|[from] Sandstorm\n|upkeep\n|turn|2\n|inactive|LoveCroydon has 30 seconds left.\n|inactive|PontiffLachlan has 30 seconds left.\n|inactive|LoveCroydon has 20 seconds left.\n|inactive|PontiffLachlan has 20 seconds left.\n|inactive|LoveCroydon has 15 seconds left.\n|\n|t:|1682109357\n|-end|p1b: Flutter Mane|Protosynthesis|[silent]\n|switch|p1b: Palafin|Palafin-Hero, L50, F|100\/100\n|-activate|p1b: Palafin|ability: Zero to Hero\n|move|p2a: Dragonite|Protect|p2a: Dragonite\n|-singleturn|p2a: Dragonite|Protect\n|move|p1a: Ting-Lu|Stomping Tantrum|p2b: Tyranitar\n|-supereffective|p2b: Tyranitar\n|-damage|p2b: Tyranitar|43\/100\n|-enditem|p2b: Tyranitar|Weakness Policy\n|-boost|p2b: Tyranitar|atk|2|[from] item: Weakness Policy\n|-boost|p2b: Tyranitar|spa|2|[from] item: Weakness Policy\n|move|p2b: Tyranitar|Avalanche|p1a: Ting-Lu\n|-supereffective|p1a: Ting-Lu\n|-damage|p1a: Ting-Lu|0 fnt\n|faint|p1a: Ting-Lu\n|\n|-weather|Sandstorm|[upkeep]\n|-damage|p1b: Palafin|95\/100|[from] Sandstorm\n|upkeep\n|\n|t:|1682109375\n|switch|p1a: Dragonite|Dragonite, L50, M|100\/100\n|turn|3\n|\n|t:|1682109392\n|-terastallize|p1a: Dragonite|Fairy\n|move|p1b: Palafin|Protect|p1b: Palafin\n|-singleturn|p1b: Palafin|Protect\n|move|p2a: Dragonite|Extreme Speed|p1b: Palafin\n|-activate|p1b: Palafin|move: Protect\n|move|p1a: Dragonite|Dragon Dance|p1a: Dragonite\n|-boost|p1a: Dragonite|atk|1\n|-boost|p1a: Dragonite|spe|1\n|move|p2b: Tyranitar|Avalanche|p1a: Dragonite\n|-damage|p1a: Dragonite|55\/100\n|\n|-weather|Sandstorm|[upkeep]\n|-damage|p1a: Dragonite|49\/100|[from] Sandstorm\n|-damage|p1b: Palafin|89\/100|[from] Sandstorm\n|upkeep\n|turn|4\n|inactive|PontiffLachlan has 30 seconds left.\n|inactive|PontiffLachlan has 20 seconds left.\n|inactive|PontiffLachlan has 15 seconds left.\n|inactive|PontiffLachlan has 10 seconds left.\n|\n|t:|1682109441\n|switch|p2b: Cloyster|Cloyster, L50, F|100\/100\n|move|p2a: Dragonite|Extreme Speed|p1a: Dragonite\n|-damage|p1a: Dragonite|7\/100\n|move|p1a: Dragonite|Brick Break|p2b: Cloyster\n|-supereffective|p2b: Cloyster\n|-damage|p2b: Cloyster|43\/100\n|move|p1b: Palafin|Wave Crash|p2a: Dragonite\n|-damage|p2a: Dragonite|42\/100\n|-damage|p1b: Palafin|73\/100|[from] Recoil\n|\n|-weather|Sandstorm|[upkeep]\n|-damage|p1a: Dragonite|0 fnt|[from] Sandstorm\n|-damage|p1b: Palafin|68\/100|[from] Sandstorm\n|-damage|p2b: Cloyster|37\/100|[from] Sandstorm\n|faint|p1a: Dragonite\n|upkeep\n|\n|t:|1682109460\n|switch|p1a: Flutter Mane|Flutter Mane, L50|95\/100\n|turn|5\n|inactive|LoveCroydon has 30 seconds left.\n|\n|t:|1682109491\n|move|p2a: Dragonite|Extreme Speed|p1b: Palafin\n|-damage|p1b: Palafin|24\/100\n|move|p2b: Cloyster|Ice Shard|p1b: Palafin\n|-resisted|p1b: Palafin\n|-damage|p1b: Palafin|16\/100\n|move|p1a: Flutter Mane|Moonblast|p2b: Cloyster\n|-damage|p2b: Cloyster|0 fnt\n|faint|p2b: Cloyster\n|move|p1b: Palafin|Wave Crash|p2a: Dragonite\n|-crit|p2a: Dragonite\n|-damage|p2a: Dragonite|0 fnt\n|faint|p2a: Dragonite\n|-damage|p1b: Palafin|5\/100|[from] Recoil\n|\n|-weather|none\n|upkeep\n|\n|t:|1682109508\n|switch|p2b: Brute Bonnet|Brute Bonnet, L50|100\/100\n|switch|p2a: Tyranitar|Tyranitar, L50, F|43\/100\n|-weather|Sandstorm|[from] ability: Sand Stream|[of] p2a: Tyranitar\n|turn|6\n|inactive|PontiffLachlan has 30 seconds left.\n|\n|t:|1682109535\n|move|p2b: Brute Bonnet|Rage Powder|p2b: Brute Bonnet\n|-singleturn|p2b: Brute Bonnet|move: Rage Powder\n|move|p1a: Flutter Mane|Moonblast|p2b: Brute Bonnet\n|-supereffective|p2b: Brute Bonnet\n|-damage|p2b: Brute Bonnet|37\/100\n|move|p1b: Palafin|Wave Crash|p2b: Brute Bonnet\n|-resisted|p2b: Brute Bonnet\n|-damage|p2b: Brute Bonnet|1\/100\n|-damage|p1b: Palafin|0 fnt|[from] Recoil\n|faint|p1b: Palafin\n|move|p2a: Tyranitar|Crunch|p1a: Flutter Mane\n|-damage|p1a: Flutter Mane|6\/100\n|\n|-weather|Sandstorm|[upkeep]\n|-damage|p1a: Flutter Mane|0 fnt|[from] Sandstorm\n|-damage|p2b: Brute Bonnet|0 fnt|[from] Sandstorm\n|faint|p1a: Flutter Mane\n|-end|p1a: Flutter Mane|Protosynthesis|[silent]\n|faint|p2b: Brute Bonnet\n|-end|p2b: Brute Bonnet|Protosynthesis|[silent]\n|\n|win|PontiffLachlan\n|upkeep\n|raw|LoveCroydon's rating: 1031 → 1015<\/strong> (-16 for losing)\n|raw|PontiffLachlan's rating: 1000 → 1044<\/strong> (+44 for winning)\n|l|\u2606LoveCroydon\n","uploadtime":1682109557,"views":10,"p1id":"lovecroydon","p2id":"pontifflachlan","formatid":"gen9vgc2023regulationc","rating":1015,"private":0,"password":""}