{"id":"gen9vgc2023regulationc-1861569278","p1":"Garompa fan","p2":"Yeetawheat","format":"[Gen 9] VGC 2023 Regulation C","log":"|j|\u2606Garompa fan\n|j|\u2606Yeetawheat\n|t:|1683774540\n|gametype|doubles\n|player|p1|Garompa fan|pokemaniac|\n|player|p2|Yeetawheat|1|\n|teamsize|p1|6\n|teamsize|p2|6\n|gen|9\n|tier|[Gen 9] VGC 2023 Regulation C\n|rule|Species Clause: Limit one of each Pok\u00e9mon\n|rule|Item Clause: Limit one of each item\n|clearpoke\n|poke|p1|Palafin, L50, F|\n|poke|p1|Arcanine, L50, F|\n|poke|p1|Flutter Mane, L50|\n|poke|p1|Kingambit, L50, M|\n|poke|p1|Amoonguss, L50, F|\n|poke|p1|Dragonite, L50, F|\n|poke|p2|Scizor, L50, F|\n|poke|p2|Tauros-Paldea-Aqua, L50, M|\n|poke|p2|Rotom-Heat, L50|\n|poke|p2|Flutter Mane, L50|\n|poke|p2|Ting-Lu, L50|\n|poke|p2|Amoonguss, L50, F|\n|teampreview|4\n|c|\u2606Yeetawheat|glhf\n|c|\u2606Garompa fan|u2!\nYeetawheat has agreed to open team sheets.\nGarompa fan has agreed to open team sheets.\n|\n|t:|1683774590\n|start\n|switch|p1a: Palafin|Palafin, L50, F|100\/100\n|switch|p1b: Flutter Mane|Flutter Mane, L50, shiny|100\/100\n|switch|p2a: Tauros|Tauros-Paldea-Aqua, L50, M|100\/100\n|switch|p2b: Flutter Mane|Flutter Mane, L50|100\/100\n|-ability|p2a: Tauros|Intimidate|boost\n|-unboost|p1a: Palafin|atk|1\n|-unboost|p1b: Flutter Mane|atk|1\n|-enditem|p2b: Flutter Mane|Booster Energy\n|-activate|p2b: Flutter Mane|ability: Protosynthesis|[fromitem]\n|-start|p2b: Flutter Mane|protosynthesisspe\n|-enditem|p1b: Flutter Mane|Booster Energy\n|-activate|p1b: Flutter Mane|ability: Protosynthesis|[fromitem]\n|-start|p1b: Flutter Mane|protosynthesisspa\n|turn|1\n|\n|t:|1683774616\n|switch|p2a: Amoonguss|Amoonguss, L50, F|100\/100\n|detailschange|p1a: Palafin|Palafin-Hero, L50, F\n|switch|p1a: Arcanine|Arcanine, L50, F|100\/100\n|-ability|p1a: Arcanine|Intimidate|boost\n|-unboost|p2a: Amoonguss|atk|1\n|-unboost|p2b: Flutter Mane|atk|1\n|-terastallize|p1b: Flutter Mane|Fairy\n|move|p2b: Flutter Mane|Protect|p2b: Flutter Mane\n|-singleturn|p2b: Flutter Mane|Protect\n|move|p1b: Flutter Mane|Shadow Ball|p2b: Flutter Mane\n|-activate|p2b: Flutter Mane|move: Protect\n|\n|upkeep\n|turn|2\n|\n|t:|1683774641\n|-end|p2b: Flutter Mane|Protosynthesis|[silent]\n|switch|p2b: Tauros|Tauros-Paldea-Aqua, L50, M|100\/100\n|-ability|p2b: Tauros|Intimidate|boost\n|-unboost|p1a: Arcanine|atk|1\n|-unboost|p1b: Flutter Mane|atk|1\n|-terastallize|p2a: Amoonguss|Water\n|move|p1b: Flutter Mane|Shadow Ball|p2a: Amoonguss\n|-damage|p2a: Amoonguss|57\/100\n|move|p1a: Arcanine|Flare Blitz|p2a: Amoonguss\n|-resisted|p2a: Amoonguss\n|-damage|p2a: Amoonguss|42\/100\n|-damage|p1a: Arcanine|95\/100|[from] Recoil\n|move|p2a: Amoonguss|Spore|p1b: Flutter Mane\n|-status|p1b: Flutter Mane|slp|[from] move: Spore\n|\n|upkeep\n|turn|3\n|\n|t:|1683774662\n|switch|p1a: Amoonguss|Amoonguss, L50, F|100\/100\n|switch|p2a: Flutter Mane|Flutter Mane, L50|100\/100\n|cant|p1b: Flutter Mane|slp\n|move|p2b: Tauros|Trailblaze|p1b: Flutter Mane\n|-damage|p1b: Flutter Mane|74\/100 slp\n|-boost|p2b: Tauros|spe|1\n|\n|upkeep\n|turn|4\n|\n|t:|1683774674\n|cant|p1b: Flutter Mane|slp\n|move|p2b: Tauros|Wave Crash|p1b: Flutter Mane\n|-damage|p1b: Flutter Mane|0 fnt\n|faint|p1b: Flutter Mane\n|-end|p1b: Flutter Mane|Protosynthesis|[silent]\n|-damage|p2b: Tauros|78\/100|[from] Recoil\n|move|p2a: Flutter Mane|Shadow Ball|p1a: Amoonguss\n|-damage|p1a: Amoonguss|66\/100\n|move|p1a: Amoonguss|Spore|p2a: Flutter Mane\n|-status|p2a: Flutter Mane|slp|[from] move: Spore\n|\n|upkeep\n|\n|t:|1683774684\n|switch|p1b: Arcanine|Arcanine, L50, F|95\/100\n|-ability|p1b: Arcanine|Intimidate|boost\n|-unboost|p2a: Flutter Mane|atk|1\n|-unboost|p2b: Tauros|atk|1\n|turn|5\n|\n|t:|1683774699\n|switch|p2b: Rotom|Rotom-Heat, L50|100\/100\n|-end|p2a: Flutter Mane|Protosynthesis|[silent]\n|switch|p2a: Amoonguss|Amoonguss, L50, F, tera:Water|75\/100\n|move|p1b: Arcanine|Flare Blitz|p2a: Amoonguss\n|-resisted|p2a: Amoonguss\n|-damage|p2a: Amoonguss|53\/100\n|-damage|p1b: Arcanine|87\/100|[from] Recoil\n|move|p1a: Amoonguss|Spore|p2b: Rotom\n|-status|p2b: Rotom|slp|[from] move: Spore\n|\n|upkeep\n|turn|6\n|\n|t:|1683774720\n|move|p2a: Amoonguss|Protect|p2a: Amoonguss\n|-singleturn|p2a: Amoonguss|Protect\n|move|p1b: Arcanine|Howl|p1b: Arcanine|[spread] p1a,p1b\n|-boost|p1a: Amoonguss|atk|1\n|-boost|p1b: Arcanine|atk|1\n|cant|p2b: Rotom|slp\n|move|p1a: Amoonguss|Spore|p2a: Amoonguss\n|-activate|p2a: Amoonguss|move: Protect\n|\n|upkeep\n|turn|7\n|\n|t:|1683774746\n|switch|p2a: Flutter Mane|Flutter Mane, L50|100\/100 slp\n|move|p1b: Arcanine|Extreme Speed|p2b: Rotom\n|-damage|p2b: Rotom|67\/100 slp\n|cant|p2b: Rotom|slp\n|move|p1a: Amoonguss|Spore|p2a: Flutter Mane\n|-fail|p2a: Flutter Mane|slp\n|\n|upkeep\n|turn|8\n|\n|t:|1683774762\n|switch|p1a: Palafin|Palafin-Hero, L50, F|100\/100\n|-activate|p1a: Palafin|ability: Zero to Hero\n|cant|p2a: Flutter Mane|slp\n|move|p1b: Arcanine|Howl|p1b: Arcanine|[spread] p1a,p1b\n|-boost|p1a: Palafin|atk|1\n|-boost|p1b: Arcanine|atk|1\n|cant|p2b: Rotom|slp\n|\n|upkeep\n|turn|9\n|\n|t:|1683774778\n|-end|p2a: Flutter Mane|Protosynthesis|[silent]\n|switch|p2a: Tauros|Tauros-Paldea-Aqua, L50, M|78\/100\n|-ability|p2a: Tauros|Intimidate|boost\n|-unboost|p1a: Palafin|atk|1\n|-unboost|p1b: Arcanine|atk|1\n|switch|p2b: Amoonguss|Amoonguss, L50, F, tera:Water|86\/100\n|move|p1a: Palafin|Jet Punch|p2b: Amoonguss\n|-resisted|p2b: Amoonguss\n|-damage|p2b: Amoonguss|65\/100\n|move|p1b: Arcanine|Flare Blitz|p2a: Tauros\n|-resisted|p2a: Tauros\n|-damage|p2a: Tauros|47\/100\n|-damage|p1b: Arcanine|78\/100|[from] Recoil\n|\n|upkeep\n|turn|10\n|\n|t:|1683774810\n|switch|p1a: Amoonguss|Amoonguss, L50, F|99\/100\n|move|p2a: Tauros|Wave Crash|p1b: Arcanine\n|-supereffective|p1b: Arcanine\n|-damage|p1b: Arcanine|0 fnt\n|faint|p1b: Arcanine\n|-damage|p2a: Tauros|18\/100|[from] Recoil\n|move|p2b: Amoonguss|Spore|p1a: Amoonguss\n|-immune|p1a: Amoonguss\n|\n|upkeep\n|\n|t:|1683774815\n|switch|p1b: Palafin|Palafin-Hero, L50, F|100\/100\n|turn|11\n|\n|t:|1683774830\n|switch|p2a: Flutter Mane|Flutter Mane, L50|100\/100 slp\n|switch|p2b: Rotom|Rotom-Heat, L50|67\/100 slp\n|move|p1b: Palafin|Drain Punch|p2a: Flutter Mane\n|-immune|p2a: Flutter Mane\n|move|p1a: Amoonguss|Spore|p2b: Rotom\n|-fail|p2b: Rotom|slp\n|\n|upkeep\n|turn|12\n|\n|t:|1683774844\n|-end|p2a: Flutter Mane|Protosynthesis|[silent]\n|switch|p2a: Tauros|Tauros-Paldea-Aqua, L50, M|18\/100\n|-ability|p2a: Tauros|Intimidate|boost\n|-unboost|p1a: Amoonguss|atk|1\n|-unboost|p1b: Palafin|atk|1\n|-curestatus|p2b: Rotom|slp|[msg]\n|move|p2b: Rotom|Protect|p2b: Rotom\n|-singleturn|p2b: Rotom|Protect\n|move|p1b: Palafin|Jet Punch|p2b: Rotom\n|-activate|p2b: Rotom|move: Protect\n|move|p1a: Amoonguss|Pollen Puff|p1b: Palafin\n|-immune|p1b: Palafin\n|\n|upkeep\n|turn|13\n|\n|t:|1683774868\n|switch|p2b: Amoonguss|Amoonguss, L50, F, tera:Water|98\/100\n|move|p1b: Palafin|Jet Punch|p2b: Amoonguss\n|-resisted|p2b: Amoonguss\n|-damage|p2b: Amoonguss|85\/100\n|move|p2a: Tauros|Trailblaze|p1b: Palafin\n|-supereffective|p1b: Palafin\n|-damage|p1b: Palafin|70\/100\n|-boost|p2a: Tauros|spe|1\n|move|p1a: Amoonguss|Spore|p2a: Tauros\n|-status|p2a: Tauros|slp|[from] move: Spore\n|\n|upkeep\n|turn|14\n|\n|t:|1683774889\n|move|p2b: Amoonguss|Protect|p2b: Amoonguss\n|-singleturn|p2b: Amoonguss|Protect\n|move|p1a: Amoonguss|Rage Powder|p1a: Amoonguss\n|-singleturn|p1a: Amoonguss|move: Rage Powder\n|cant|p2a: Tauros|slp\n|move|p1b: Palafin|Wave Crash|p2a: Tauros\n|-resisted|p2a: Tauros\n|-damage|p2a: Tauros|0 fnt\n|faint|p2a: Tauros\n|-damage|p1b: Palafin|66\/100|[from] Recoil\n|\n|upkeep\n|\n|t:|1683774900\n|switch|p2a: Rotom|Rotom-Heat, L50|67\/100\n|turn|15\n|\n|t:|1683774966\n|move|p2b: Amoonguss|Rage Powder|p2b: Amoonguss\n|-singleturn|p2b: Amoonguss|move: Rage Powder\n|move|p1a: Amoonguss|Rage Powder|p1a: Amoonguss\n|-singleturn|p1a: Amoonguss|move: Rage Powder\n|move|p1b: Palafin|Jet Punch|p2b: Amoonguss\n|-resisted|p2b: Amoonguss\n|-damage|p2b: Amoonguss|71\/100\n|move|p2a: Rotom|Overheat|p1a: Amoonguss\n|-supereffective|p1a: Amoonguss\n|-damage|p1a: Amoonguss|0 fnt\n|-unboost|p2a: Rotom|spa|2\n|faint|p1a: Amoonguss\n|\n|upkeep\n|turn|16\n|\n|t:|1683774977\n|move|p2b: Amoonguss|Rage Powder|p2b: Amoonguss\n|-singleturn|p2b: Amoonguss|move: Rage Powder\n|move|p1b: Palafin|Drain Punch|p2b: Amoonguss\n|-damage|p2b: Amoonguss|52\/100\n|-heal|p1b: Palafin|76\/100|[from] drain|[of] p2b: Amoonguss\n|move|p2a: Rotom|Thunderbolt|p1b: Palafin\n|-supereffective|p1b: Palafin\n|-damage|p1b: Palafin|32\/100\n|\n|upkeep\n|turn|17\n|\n|t:|1683774989\n|move|p2a: Rotom|Protect|p2a: Rotom\n|-singleturn|p2a: Rotom|Protect\n|move|p1b: Palafin|Drain Punch|p2b: Amoonguss\n|-damage|p2b: Amoonguss|32\/100\n|-heal|p1b: Palafin|43\/100|[from] drain|[of] p2b: Amoonguss\n|move|p2b: Amoonguss|Spore|p1b: Palafin\n|-status|p1b: Palafin|slp|[from] move: Spore\n|\n|upkeep\n|turn|18\n|-message|Garompa fan forfeited.\n|\n|win|Yeetawheat\n|c|\u2606Garompa fan|GG\n|c|\u2606Yeetawheat|gg!\n","uploadtime":1683775035,"views":30,"p1id":"garompafan","p2id":"yeetawheat","formatid":"gen9vgc2023regulationc","rating":0,"private":0,"password":""}