{"id":"gen9vgc2023regulationc-1853213255","p1":"Vega05","p2":"Calvox08","format":"[Gen 9] VGC 2023 Regulation C","log":"|j|\u2606Vega05\n|j|\u2606Calvox08\n|t:|1682649446\n|gametype|doubles\n|player|p1|Vega05|steven|\n|player|p2|Calvox08|hilbert-wonderlauncher|\n|teamsize|p1|6\n|teamsize|p2|6\n|gen|9\n|tier|[Gen 9] VGC 2023 Regulation C\n|rule|Species Clause: Limit one of each Pok\u00e9mon\n|rule|Item Clause: Limit one of each item\n|clearpoke\n|poke|p1|Chi-Yu, L50|\n|poke|p1|Flutter Mane, L50|\n|poke|p1|Gyarados, L50, M|\n|poke|p1|Garchomp, L50, M|\n|poke|p1|Amoonguss, L50, F|\n|poke|p1|Iron Hands, L50|\n|poke|p2|Garchomp, L50, M|\n|poke|p2|Chien-Pao, L50|\n|poke|p2|Rotom-Wash, L50|\n|poke|p2|Iron Valiant, L50|\n|poke|p2|Corviknight, L50, F|\n|poke|p2|Amoonguss, L50, F|\n|teampreview|4\n|c|\u2606Vega05|g2\nCalvox08 has agreed to open team sheets.\nVega05 has agreed to open team sheets.\n|c|\u2606Vega05|gl\n|c|\u2606Calvox08|gl\n|\n|t:|1682650057\n|start\n|switch|p1a: Chi-Yu|Chi-Yu, L50|100\/100\n|switch|p1b: Iron Hands|Iron Hands, L50|100\/100\n|switch|p2a: Rotom|Rotom-Wash, L50|100\/100\n|switch|p2b: Garchomp|Garchomp, L50, M|100\/100\n|-ability|p1a: Chi-Yu|Beads of Ruin\n|turn|1\n|\n|t:|1682650082\n|-terastallize|p1a: Chi-Yu|Grass\n|move|p2b: Garchomp|Protect|p2b: Garchomp\n|-singleturn|p2b: Garchomp|Protect\n|move|p1b: Iron Hands|Fake Out|p2b: Garchomp\n|-activate|p2b: Garchomp|move: Protect\n|move|p1a: Chi-Yu|Tera Blast|p2a: Rotom\n|-supereffective|p2a: Rotom\n|-damage|p2a: Rotom|0 fnt\n|faint|p2a: Rotom\n|\n|upkeep\n|\n|t:|1682650095\n|switch|p2a: Chien-Pao|Chien-Pao, L50|100\/100\n|-ability|p2a: Chien-Pao|Sword of Ruin\n|turn|2\n|\n|t:|1682650128\n|switch|p1a: Gyarados|Gyarados, L50, M|100\/100\n|-ability|p1a: Gyarados|Intimidate|boost\n|-unboost|p2a: Chien-Pao|atk|1\n|-unboost|p2b: Garchomp|atk|1\n|move|p2a: Chien-Pao|Protect|p2a: Chien-Pao\n|-singleturn|p2a: Chien-Pao|Protect\n|move|p2b: Garchomp|Earthquake|p1b: Iron Hands|[spread] p1b\n|-activate|p2a: Chien-Pao|move: Protect\n|-immune|p1a: Gyarados\n|-supereffective|p1b: Iron Hands\n|-damage|p1b: Iron Hands|56\/100\n|move|p1b: Iron Hands|Drain Punch|p2a: Chien-Pao\n|-activate|p2a: Chien-Pao|move: Protect\n|\n|upkeep\n|turn|3\n|\n|t:|1682650188\n|-terastallize|p2a: Chien-Pao|Flying\n|move|p1a: Gyarados|Protect|p1a: Gyarados\n|-singleturn|p1a: Gyarados|Protect\n|move|p2a: Chien-Pao|Ice Spinner|p1b: Iron Hands\n|-damage|p1b: Iron Hands|32\/100\n|-enditem|p1b: Iron Hands|Sitrus Berry|[eat]\n|-heal|p1b: Iron Hands|57\/100|[from] item: Sitrus Berry\n|move|p2b: Garchomp|Rock Slide|p1b: Iron Hands|[spread] p1b\n|-activate|p1a: Gyarados|move: Protect\n|-resisted|p1b: Iron Hands\n|-damage|p1b: Iron Hands|51\/100\n|cant|p1b: Iron Hands|flinch\n|\n|upkeep\n|turn|4\n|\n|t:|1682650223\n|switch|p1a: Chi-Yu|Chi-Yu, L50, tera:Grass|100\/100\n|-ability|p1a: Chi-Yu|Beads of Ruin\n|move|p2a: Chien-Pao|Ice Spinner|p1a: Chi-Yu\n|-supereffective|p1a: Chi-Yu\n|-damage|p1a: Chi-Yu|0 fnt\n|faint|p1a: Chi-Yu\n|move|p2b: Garchomp|Rock Slide|p1b: Iron Hands\n|-resisted|p1b: Iron Hands\n|-damage|p1b: Iron Hands|44\/100\n|move|p1b: Iron Hands|Volt Switch|p2a: Chien-Pao\n|-supereffective|p2a: Chien-Pao\n|-damage|p2a: Chien-Pao|58\/100\n|\n|t:|1682650245\n|-end|p1b: Iron Hands|Quark Drive|[silent]\n|switch|p1b: Flutter Mane|Flutter Mane, L50|100\/100|[from] Volt Switch\n|\n|upkeep\n|\n|t:|1682650249\n|switch|p1a: Gyarados|Gyarados, L50, M|100\/100\n|-ability|p1a: Gyarados|Intimidate|boost\n|-unboost|p2a: Chien-Pao|atk|1\n|-unboost|p2b: Garchomp|atk|1\n|turn|5\n|\n|t:|1682650289\n|switch|p2b: Iron Valiant|Iron Valiant, L50|100\/100\n|-enditem|p2b: Iron Valiant|Booster Energy\n|-activate|p2b: Iron Valiant|ability: Quark Drive|[fromitem]\n|-start|p2b: Iron Valiant|quarkdrivespe\n|move|p2a: Chien-Pao|Ice Spinner|p1b: Flutter Mane\n|-damage|p1b: Flutter Mane|58\/100\n|move|p1b: Flutter Mane|Moonblast|p2a: Chien-Pao\n|-damage|p2a: Chien-Pao|0 fnt\n|faint|p2a: Chien-Pao\n|-damage|p1b: Flutter Mane|48\/100|[from] item: Life Orb\n|move|p1a: Gyarados|Dragon Dance|p1a: Gyarados\n|-boost|p1a: Gyarados|atk|1\n|-boost|p1a: Gyarados|spe|1\n|\n|upkeep\n|\n|t:|1682650297\n|switch|p2a: Garchomp|Garchomp, L50, M|100\/100\n|turn|6\n|\n|t:|1682650316\n|switch|p1a: Iron Hands|Iron Hands, L50|44\/100\n|move|p1b: Flutter Mane|Protect|p1b: Flutter Mane\n|-singleturn|p1b: Flutter Mane|Protect\n|move|p2b: Iron Valiant|Icy Wind|p1a: Iron Hands|[spread] p1a\n|-activate|p1b: Flutter Mane|move: Protect\n|-damage|p1a: Iron Hands|35\/100\n|-unboost|p1a: Iron Hands|spe|1\n|move|p2a: Garchomp|Rock Slide|p1a: Iron Hands|[spread] p1a\n|-activate|p1b: Flutter Mane|move: Protect\n|-resisted|p1a: Iron Hands\n|-damage|p1a: Iron Hands|29\/100\n|\n|upkeep\n|turn|7\n|\n|t:|1682650351\n|move|p1a: Iron Hands|Fake Out|p2b: Iron Valiant\n|-damage|p2b: Iron Valiant|80\/100\n|cant|p2b: Iron Valiant|flinch\n|move|p1b: Flutter Mane|Moonblast|p2a: Garchomp\n|-supereffective|p2a: Garchomp\n|-damage|p2a: Garchomp|0 fnt\n|faint|p2a: Garchomp\n|-damage|p1b: Flutter Mane|39\/100|[from] item: Life Orb\n|\n|upkeep\n|turn|8\n|\n|t:|1682650396\n|-end|p1b: Flutter Mane|Protosynthesis|[silent]\n|switch|p1b: Gyarados|Gyarados, L50, M|100\/100\n|-ability|p1b: Gyarados|Intimidate|boost\n|-unboost|p2b: Iron Valiant|atk|1\n|move|p2b: Iron Valiant|Dazzling Gleam|p1a: Iron Hands|[spread] p1a,p1b\n|-supereffective|p1a: Iron Hands\n|-damage|p1a: Iron Hands|0 fnt\n|-damage|p1b: Gyarados|76\/100\n|faint|p1a: Iron Hands\n|-end|p1a: Iron Hands|Quark Drive|[silent]\n|\n|upkeep\n|\n|t:|1682650404\n|switch|p1a: Flutter Mane|Flutter Mane, L50|39\/100\n|turn|9\n|\n|t:|1682650432\n|move|p2b: Iron Valiant|Knock Off|p1a: Flutter Mane\n|-damage|p1a: Flutter Mane|5\/100\n|-enditem|p1a: Flutter Mane|Life Orb|[from] move: Knock Off|[of] p2b: Iron Valiant\n|move|p1a: Flutter Mane|Moonblast|p2b: Iron Valiant\n|-supereffective|p2b: Iron Valiant\n|-damage|p2b: Iron Valiant|0 fnt\n|faint|p2b: Iron Valiant\n|-end|p2b: Iron Valiant|Quark Drive|[silent]\n|\n|win|Vega05\n|c|\u2606Calvox08|gg\n|c|\u2606Vega05|gg\n|l|\u2606Calvox08\n","uploadtime":1682650451,"views":10,"p1id":"vega05","p2id":"calvox08","formatid":"gen9vgc2023regulationc","rating":0,"private":0,"password":""}