{"id":"gen9vgc2023regulationc-1853147060","p1":"rengoku stan","p2":"AmongusMaster5678","format":"[Gen 9] VGC 2023 Regulation C","log":"|j|\u2606rengoku stan\n|j|\u2606AmongusMaster5678\n|t:|1682640902\n|gametype|doubles\n|player|p1|rengoku stan|1|\n|player|p2|AmongusMaster5678|1|\n|teamsize|p1|6\n|teamsize|p2|6\n|gen|9\n|tier|[Gen 9] VGC 2023 Regulation C\n|rated|Tournament battle\n|rule|Species Clause: Limit one of each Pok\u00e9mon\n|rule|Item Clause: Limit one of each item\n|clearpoke\n|poke|p1|Iron Bundle, L50|\n|poke|p1|Great Tusk, L50|\n|poke|p1|Flutter Mane, L50|\n|poke|p1|Chien-Pao, L50|\n|poke|p1|Maushold, L50|\n|poke|p1|Dragonite, L50, M|\n|poke|p2|Glimmora, L50, F|\n|poke|p2|Arcanine, L50, M|\n|poke|p2|Amoonguss, L50, M|\n|poke|p2|Flutter Mane, L50|\n|poke|p2|Tatsugiri, L50, M|\n|poke|p2|Dondozo, L50, M|\n|teampreview|4\n|raw| Open Team Sheet for rengoku stan<\/summary>Iron Bundle @ Booster Energy Ability: Quark Drive Level: 50 Tera Type: Ghost - Icy Wind - Hydro Pump - Freeze-Dry - Protect Great Tusk @ Choice Scarf Ability: Protosynthesis Level: 50 Hidden Power: Fighting Tera Type: Ground - Headlong Rush - Close Combat - Earthquake - Rock Slide Flutter Mane @ Choice Specs Ability: Protosynthesis Level: 50 Tera Type: Water - Moonblast - Dazzling Gleam - Shadow Ball - Tera Blast Chien-Pao @ Focus Sash Ability: Sword of Ruin Level: 50 Tera Type: Ghost - Sucker Punch - Icicle Crash - Brick Break - Haze Maushold @ Wide Lens Ability: Technician Level: 50 Tera Type: Ghost - Population Bomb - Feint - Follow Me - Tera Blast Dragonite @ Choice Band Ability: Inner Focus Level: 50 Tera Type: Normal - Extreme Speed - Dragon Claw - Iron Head - Facade <\/details><\/div> Open Team Sheet for AmongusMaster5678<\/summary>Glimmora @ Assault Vest Ability: Toxic Debris Level: 50 Tera Type: Grass - Mortal Spin - Power Gem - Energy Ball - Sludge Wave Arcanine @ Safety Goggles Ability: Intimidate Level: 50 Tera Type: Water - Extreme Speed - Flare Blitz - Protect - Snarl Amoonguss @ Sitrus Berry Ability: Regenerator Level: 50 Tera Type: Water - Rage Powder - Protect - Pollen Puff - Spore Flutter Mane @ Focus Sash Ability: Protosynthesis Level: 50 Tera Type: Fairy - Perish Song - Dazzling Gleam - Protect - Shadow Ball Tatsugiri @ Choice Scarf Ability: Commander Level: 50 Tera Type: Steel - Draco Meteor - Surf - Icy Wind - Chilling Water Dondozo @ Leftovers Ability: Unaware Level: 50 Tera Type: Grass - Protect - Substitute - Order Up - Earthquake <\/details><\/div>\n|inactive|Battle timer is ON: inactive players will automatically lose when time's up. (requested by AmongusMaster5678)\n|c|\u2606rengoku stan|glhf\n|c|\u2606AmongusMaster5678|u2\n|inactive|AmongusMaster5678 has 60 seconds left.\n|\n|t:|1682640942\n|start\n|switch|p1a: Iron Bundle|Iron Bundle, L50|100\/100\n|switch|p1b: Great Tusk|Great Tusk, L50|100\/100\n|switch|p2a: Glimmora|Glimmora, L50, F|100\/100\n|switch|p2b: Flutter Mane|Flutter Mane, L50|100\/100\n|-enditem|p1a: Iron Bundle|Booster Energy\n|-activate|p1a: Iron Bundle|ability: Quark Drive|[fromitem]\n|-start|p1a: Iron Bundle|quarkdrivespe\n|turn|1\n|\n|t:|1682640960\n|-terastallize|p2a: Glimmora|Grass\n|move|p2b: Flutter Mane|Protect|p2b: Flutter Mane\n|-singleturn|p2b: Flutter Mane|Protect\n|move|p1a: Iron Bundle|Freeze-Dry|p2a: Glimmora\n|-supereffective|p2a: Glimmora\n|-damage|p2a: Glimmora|42\/100\n|-status|p2a: Glimmora|frz\n|move|p1b: Great Tusk|Headlong Rush|p2a: Glimmora\n|-resisted|p2a: Glimmora\n|-damage|p2a: Glimmora|0 fnt\n|-unboost|p1b: Great Tusk|def|1\n|-unboost|p1b: Great Tusk|spd|1\n|-activate|p2a: Glimmora|ability: Toxic Debris\n|-sidestart|p1: rengoku stan|move: Toxic Spikes\n|faint|p2a: Glimmora\n|\n|upkeep\n|\n|t:|1682640977\n|switch|p2a: Amoonguss|Amoonguss, L50, M|100\/100\n|turn|2\n|\n|t:|1682640984\n|move|p2a: Amoonguss|Rage Powder|p2a: Amoonguss\n|-singleturn|p2a: Amoonguss|move: Rage Powder\n|move|p1a: Iron Bundle|Icy Wind|p2b: Flutter Mane|[spread] p2a,p2b\n|-supereffective|p2a: Amoonguss\n|-damage|p2a: Amoonguss|67\/100\n|-damage|p2b: Flutter Mane|77\/100\n|-unboost|p2a: Amoonguss|spe|1\n|-unboost|p2b: Flutter Mane|spe|1\n|move|p1b: Great Tusk|Headlong Rush|p2a: Amoonguss\n|-damage|p2a: Amoonguss|4\/100\n|-unboost|p1b: Great Tusk|def|1\n|-unboost|p1b: Great Tusk|spd|1\n|-enditem|p2a: Amoonguss|Sitrus Berry|[eat]\n|-heal|p2a: Amoonguss|29\/100|[from] item: Sitrus Berry\n|move|p2b: Flutter Mane|Dazzling Gleam|p1a: Iron Bundle|[spread] p1a,p1b\n|-supereffective|p1b: Great Tusk\n|-damage|p1a: Iron Bundle|41\/100\n|-damage|p1b: Great Tusk|0 fnt\n|faint|p1b: Great Tusk\n|-end|p1b: Great Tusk|Protosynthesis|[silent]\n|\n|upkeep\n|\n|t:|1682640990\n|switch|p1b: Chien-Pao|Chien-Pao, L50|100\/100\n|-status|p1b: Chien-Pao|psn\n|-ability|p1b: Chien-Pao|Sword of Ruin\n|turn|3\n|\n|t:|1682641007\n|switch|p2a: Arcanine|Arcanine, L50, M|100\/100\n|-ability|p2a: Arcanine|Intimidate|boost\n|-unboost|p1a: Iron Bundle|atk|1\n|-unboost|p1b: Chien-Pao|atk|1\n|-terastallize|p1b: Chien-Pao|Ghost\n|move|p2b: Flutter Mane|Protect|p2b: Flutter Mane\n|-singleturn|p2b: Flutter Mane|Protect\n|move|p1a: Iron Bundle|Freeze-Dry|p2a: Arcanine\n|-resisted|p2a: Arcanine\n|-damage|p2a: Arcanine|81\/100\n|move|p1b: Chien-Pao|Icicle Crash|p2b: Flutter Mane\n|-activate|p2b: Flutter Mane|move: Protect\n|\n|-damage|p1b: Chien-Pao|88\/100 psn|[from] psn\n|upkeep\n|turn|4\n|j| noob noob for real\n|\n|t:|1682641031\n|-end|p2b: Flutter Mane|Protosynthesis|[silent]\n|switch|p2b: Amoonguss|Amoonguss, L50, M|62\/100\n|move|p2a: Arcanine|Protect|p2a: Arcanine\n|-singleturn|p2a: Arcanine|Protect\n|move|p1a: Iron Bundle|Freeze-Dry|p2b: Amoonguss\n|-supereffective|p2b: Amoonguss\n|-damage|p2b: Amoonguss|0 fnt\n|faint|p2b: Amoonguss\n|move|p1b: Chien-Pao|Icicle Crash|p2a: Arcanine\n|-activate|p2a: Arcanine|move: Protect\n|\n|-damage|p1b: Chien-Pao|76\/100 psn|[from] psn\n|upkeep\n|l| noob noob for real\n|\n|t:|1682641042\n|switch|p2b: Flutter Mane|Flutter Mane, L50|77\/100\n|turn|5\n|\n|t:|1682641060\n|move|p2b: Flutter Mane|Protect|p2b: Flutter Mane\n|-singleturn|p2b: Flutter Mane|Protect\n|move|p2a: Arcanine|Extreme Speed|p1a: Iron Bundle\n|-damage|p1a: Iron Bundle|6\/100\n|move|p1a: Iron Bundle|Hydro Pump|p2a: Arcanine\n|-supereffective|p2a: Arcanine\n|-damage|p2a: Arcanine|0 fnt\n|faint|p2a: Arcanine\n|move|p1b: Chien-Pao|Icicle Crash|p2b: Flutter Mane\n|-activate|p2b: Flutter Mane|move: Protect\n|\n|-damage|p1b: Chien-Pao|64\/100 psn|[from] psn\n|upkeep\n|turn|6\n|\n|t:|1682641072\n|move|p1a: Iron Bundle|Icy Wind|p2b: Flutter Mane|[miss]\n|-miss|p1a: Iron Bundle|p2b: Flutter Mane\n|move|p2b: Flutter Mane|Dazzling Gleam|p1a: Iron Bundle|[spread] p1a,p1b\n|-crit|p1b: Chien-Pao\n|-damage|p1a: Iron Bundle|0 fnt\n|-damage|p1b: Chien-Pao|0 fnt\n|faint|p1a: Iron Bundle\n|-end|p1a: Iron Bundle|Quark Drive|[silent]\n|faint|p1b: Chien-Pao\n|\n|upkeep\n|\n|t:|1682641079\n|switch|p1b: Maushold|Maushold, L50|100\/100\n|-status|p1b: Maushold|psn\n|turn|7\n|c|\u2606AmongusMaster5678|bruh\n|c|\u2606rengoku stan|gg\n|\n|t:|1682641086\n|move|p2b: Flutter Mane|Protect|p2b: Flutter Mane\n|-singleturn|p2b: Flutter Mane|Protect\n|move|p1b: Maushold|Population Bomb|p2b: Flutter Mane\n|-activate|p2b: Flutter Mane|move: Protect\n|\n|-damage|p1b: Maushold|88\/100 psn|[from] psn\n|upkeep\n|turn|8\n|-message|rengoku stan forfeited.\n|\n|win|AmongusMaster5678\n|n|\u2606rengoku stan|rengokustan\n|n|\u2606AmongusMaster5678|amongusmaster5678\n|l|\u2606rengoku stan\n|c|\u2606AmongusMaster5678|gg\n","uploadtime":1682641093,"views":10,"p1id":"rengokustan","p2id":"amongusmaster5678","formatid":"gen9vgc2023regulationc","rating":0,"private":0,"password":""}