{"id":"gen9vgc2023regulationc-1846722762","p1":"sobsprofusely","p2":"Sangano","format":"[Gen 9] VGC 2023 Regulation C","log":"|j|\u2606sobsprofusely\n|j|\u2606Sangano\n|t:|1681870223\n|gametype|doubles\n|player|p1|sobsprofusely|caitlin|1000\n|player|p2|Sangano|steven|1077\n|teamsize|p1|6\n|teamsize|p2|6\n|gen|9\n|tier|[Gen 9] VGC 2023 Regulation C\n|rated|\n|rule|Species Clause: Limit one of each Pok\u00e9mon\n|rule|Item Clause: Limit one of each item\n|clearpoke\n|poke|p1|Sableye, L50, F|\n|poke|p1|Flutter Mane, L50|\n|poke|p1|Chi-Yu, L50|\n|poke|p1|Amoonguss, L50, F|\n|poke|p1|Chien-Pao, L50|\n|poke|p1|Dragonite, L50, F|\n|poke|p2|Chien-Pao, L50|\n|poke|p2|Dragonite, L50, F|\n|poke|p2|Great Tusk, L50|\n|poke|p2|Talonflame, L50, M|\n|poke|p2|Palafin, L50, M|\n|poke|p2|Flutter Mane, L50|\n|teampreview|4\nSangano has agreed to open team sheets.\nsobsprofusely has agreed to open team sheets.\n|inactive|Battle timer is ON: inactive players will automatically lose when time's up. (requested by Sangano)\n|inactive|sobsprofusely has 60 seconds left.\n|\n|t:|1681870328\n|start\n|switch|p1a: Flutter Mane|Flutter Mane, L50|100\/100\n|switch|p1b: Sablelyse|Sableye, L50, F|100\/100\n|switch|p2a: Talonflame|Talonflame, L50, M|100\/100\n|switch|p2b: Flutter Mane|Flutter Mane, L50|100\/100\n|-enditem|p1a: Flutter Mane|Booster Energy\n|-activate|p1a: Flutter Mane|ability: Protosynthesis|[fromitem]\n|-start|p1a: Flutter Mane|protosynthesisspe\n|turn|1\n|inactive|sobsprofusely has 30 seconds left.\n|inactive|Sangano has 30 seconds left.\n|inactive|sobsprofusely has 20 seconds left.\n|inactive|Sangano has 20 seconds left.\n|inactive|sobsprofusely has 15 seconds left.\n|inactive|Sangano has 15 seconds left.\n|inactive|sobsprofusely has 10 seconds left.\n|inactive|Sangano has 10 seconds left.\n|inactive|sobsprofusely has 5 seconds left.\n|inactive|Sangano has 5 seconds left.\n|\n|t:|1681870383\n|move|p2a: Talonflame|Brave Bird|p1a: Flutter Mane\n|-damage|p1a: Flutter Mane|24\/100\n|-damage|p2a: Talonflame|82\/100|[from] Recoil\n|move|p1b: Sablelyse|Light Screen|p1b: Sablelyse\n|-sidestart|p1: sobsprofusely|move: Light Screen\n|move|p1a: Flutter Mane|Dazzling Gleam|p2a: Talonflame|[spread] p2a,p2b\n|-resisted|p2a: Talonflame\n|-damage|p2a: Talonflame|62\/100\n|-damage|p2b: Flutter Mane|72\/100\n|move|p2b: Flutter Mane|Dazzling Gleam|p1b: Sablelyse|[spread] p1a,p1b\n|-supereffective|p1b: Sablelyse\n|-damage|p1a: Flutter Mane|0 fnt\n|-damage|p1b: Sablelyse|39\/100\n|faint|p1a: Flutter Mane\n|-end|p1a: Flutter Mane|Protosynthesis|[silent]\n|\n|upkeep\n|\n|t:|1681870404\n|switch|p1a: Chien-Pao|Chien-Pao, L50|100\/100\n|-ability|p1a: Chien-Pao|Sword of Ruin\n|turn|2\n|inactive|sobsprofusely has 30 seconds left.\n|inactive|sobsprofusely has 20 seconds left.\n|inactive|sobsprofusely has 15 seconds left.\n|inactive|sobsprofusely has 10 seconds left.\n|\n|t:|1681870450\n|-end|p2b: Flutter Mane|Protosynthesis|[silent]\n|switch|p2b: Chien-Pao|Chien-Pao, L50|100\/100\n|-ability|p2b: Chien-Pao|Sword of Ruin\n|move|p1b: Sablelyse|Disable|p2a: Talonflame\n|-start|p2a: Talonflame|Disable|Brave Bird\n|move|p1a: Chien-Pao|Throat Chop|p2b: Chien-Pao\n|-resisted|p2b: Chien-Pao\n|-damage|p2b: Chien-Pao|73\/100\n|-start|p2b: Chien-Pao|Throat Chop|[silent]\n|move|p2a: Talonflame|Flare Blitz|p1b: Sablelyse\n|-damage|p1b: Sablelyse|0 fnt\n|faint|p1b: Sablelyse\n|-damage|p2a: Talonflame|50\/100|[from] Recoil\n|\n|upkeep\n|\n|t:|1681870463\n|switch|p1b: Dragonite|Dragonite, L50, F|100\/100\n|turn|3\n|inactive|sobsprofusely has 30 seconds left.\n|inactive|Sangano has 30 seconds left.\n|inactive|sobsprofusely has 20 seconds left.\n|inactive|sobsprofusely has 15 seconds left.\n|inactive|sobsprofusely has 10 seconds left.\n|\n|t:|1681870511\n|-terastallize|p2b: Chien-Pao|Ghost\n|move|p1a: Chien-Pao|Protect|p1a: Chien-Pao\n|-singleturn|p1a: Chien-Pao|Protect\n|move|p2b: Chien-Pao|Sacred Sword|p1a: Chien-Pao\n|-activate|p1a: Chien-Pao|move: Protect\n|move|p2a: Talonflame|Will-O-Wisp|p1b: Dragonite\n|-status|p1b: Dragonite|brn\n|move|p1b: Dragonite|Dragon Claw|p2a: Talonflame\n|-damage|p2a: Talonflame|0 fnt\n|faint|p2a: Talonflame\n|\n|-damage|p1b: Dragonite|94\/100 brn|[from] brn\n|-end|p2b: Chien-Pao|Throat Chop|[silent]\n|upkeep\n|\n|t:|1681870526\n|switch|p2a: Flutter Mane|Flutter Mane, L50|72\/100\n|turn|4\n|inactive|sobsprofusely has 30 seconds left.\n|inactive|sobsprofusely has 20 seconds left.\n|inactive|sobsprofusely has 15 seconds left.\n|\n|t:|1681870569\n|move|p1a: Chien-Pao|Ice Spinner|p2a: Flutter Mane\n|-crit|p2a: Flutter Mane\n|-damage|p2a: Flutter Mane|0 fnt\n|faint|p2a: Flutter Mane\n|-end|p2a: Flutter Mane|Protosynthesis|[silent]\n|move|p2b: Chien-Pao|Sacred Sword|p1a: Chien-Pao\n|-supereffective|p1a: Chien-Pao\n|-enditem|p1a: Chien-Pao|Focus Sash\n|-damage|p1a: Chien-Pao|1\/100\n|move|p1b: Dragonite|Dragon Claw|p2b: Chien-Pao\n|-damage|p2b: Chien-Pao|29\/100\n|\n|-damage|p1b: Dragonite|88\/100 brn|[from] brn\n|upkeep\n|\n|t:|1681870581\n|switch|p2a: Dragonite|Dragonite, L50, F|100\/100\n|turn|5\n|\n|t:|1681870604\n|move|p2b: Chien-Pao|Sucker Punch|p1a: Chien-Pao\n|-resisted|p1a: Chien-Pao\n|-damage|p1a: Chien-Pao|0 fnt\n|faint|p1a: Chien-Pao\n|move|p1b: Dragonite|Dragon Claw|p2b: Chien-Pao\n|-damage|p2b: Chien-Pao|0 fnt\n|faint|p2b: Chien-Pao\n|move|p2a: Dragonite|Outrage|p1b: Dragonite\n|-supereffective|p1b: Dragonite\n|-damage|p1b: Dragonite|0 fnt\n|faint|p1b: Dragonite\n|\n|win|Sangano\n|raw|sobsprofusely's rating: 1000 → 1000<\/strong> (+0 for losing)\n|raw|Sangano's rating: 1077 → 1099<\/strong> (+22 for winning)\n","uploadtime":1681870618,"views":10,"p1id":"sobsprofusely","p2id":"sangano","formatid":"gen9vgc2023regulationc","rating":1000,"private":0,"password":""}