{"id":"gen9vgc2023regulationc-1855423016","p1":"qwillinallthefish","p2":"NemesisRider","format":"[Gen 9] VGC 2023 Regulation C","log":"|j|\u2606qwillinallthefish\n|j|\u2606NemesisRider\n|t:|1682949986\n|gametype|doubles\n|player|p1|qwillinallthefish|crasherwake|1471\n|player|p2|NemesisRider|hilbert-wonderlauncher|1501\n|teamsize|p1|6\n|teamsize|p2|6\n|gen|9\n|tier|[Gen 9] VGC 2023 Regulation C\n|rated|\n|rule|Species Clause: Limit one of each Pok\u00e9mon\n|rule|Item Clause: Limit one of each item\n|clearpoke\n|poke|p1|Abomasnow, L50, M|\n|poke|p1|Iron Bundle, L50|\n|poke|p1|Chi-Yu, L50|\n|poke|p1|Flutter Mane, L50|\n|poke|p1|Sandy Shocks, L50|\n|poke|p1|Espathra, L50, F|\n|poke|p2|Talonflame, L50, M|\n|poke|p2|Amoonguss, L50, F|\n|poke|p2|Baxcalibur, L50, F|\n|poke|p2|Chien-Pao, L50|\n|poke|p2|Bruxish, L50, F|\n|poke|p2|Flutter Mane, L50|\n|teampreview|4\nqwillinallthefish has agreed to open team sheets.\nNemesisRider has agreed to open team sheets.\n|inactive|Battle timer is ON: inactive players will automatically lose when time's up. (requested by NemesisRider)\n|inactive|qwillinallthefish has 60 seconds left.\n|inactive|NemesisRider has 60 seconds left.\n|\n|t:|1682950061\n|start\n|switch|p1a: Flutter Mane|Flutter Mane, L50|100\/100\n|switch|p1b: Sandy Shocks|Sandy Shocks, L50|100\/100\n|switch|p2a: Talonflame|Talonflame, L50, M|100\/100\n|switch|p2b: Chien-Pao|Chien-Pao, L50|100\/100\n|-ability|p2b: Chien-Pao|Sword of Ruin\n|-enditem|p1b: Sandy Shocks|Booster Energy\n|-activate|p1b: Sandy Shocks|ability: Protosynthesis|[fromitem]\n|-start|p1b: Sandy Shocks|protosynthesisspe\n|turn|1\n|c|\u2606NemesisRider|Q U I C K C L A W\n|j| Withoutexcuse\n|l| Withoutexcuse\n|inactive|NemesisRider has 30 seconds left.\n|\n|t:|1682950089\n|move|p1a: Flutter Mane|Protect|p1a: Flutter Mane\n|-singleturn|p1a: Flutter Mane|Protect\n|move|p2a: Talonflame|Tailwind|p2a: Talonflame\n|-sidestart|p2: NemesisRider|move: Tailwind\n|move|p2b: Chien-Pao|Sucker Punch||[still]\n|-fail|p2b: Chien-Pao\n|move|p1b: Sandy Shocks|Thunderbolt|p2a: Talonflame\n|-supereffective|p2a: Talonflame\n|-damage|p2a: Talonflame|0 fnt\n|faint|p2a: Talonflame\n|\n|upkeep\n|\n|t:|1682950097\n|switch|p2a: Flutter Mane|Flutter Mane, L50, shiny|100\/100\n|turn|2\n|c|\u2606qwillinallthefish|lol yeah won me a game once out of 20+ matches with the team\n|inactive|qwillinallthefish has 30 seconds left.\n|inactive|qwillinallthefish has 20 seconds left.\n|inactive|qwillinallthefish has 15 seconds left.\n|inactive|qwillinallthefish has 10 seconds left.\n|inactive|qwillinallthefish has 5 seconds left.\n|\n|t:|1682950148\n|-terastallize|p2a: Flutter Mane|Fairy\n|-terastallize|p1a: Flutter Mane|Fairy\n|move|p2a: Flutter Mane|Dazzling Gleam|p1a: Flutter Mane|[spread] p1a,p1b\n|-damage|p1a: Flutter Mane|24\/100\n|-damage|p1b: Sandy Shocks|13\/100\n|move|p2b: Chien-Pao|Ice Spinner|p1a: Flutter Mane\n|-damage|p1a: Flutter Mane|0 fnt\n|faint|p1a: Flutter Mane\n|-end|p1a: Flutter Mane|Protosynthesis|[silent]\n|-damage|p2b: Chien-Pao|91\/100|[from] item: Life Orb\n|move|p1b: Sandy Shocks|Thunderbolt|p2a: Flutter Mane\n|-damage|p2a: Flutter Mane|56\/100\n|\n|upkeep\n|\n|t:|1682950163\n|switch|p1a: Chi-Yu|Chi-Yu, L50|100\/100\n|-ability|p1a: Chi-Yu|Beads of Ruin\n|turn|3\n|\n|t:|1682950171\n|move|p1b: Sandy Shocks|Protect|p1b: Sandy Shocks\n|-singleturn|p1b: Sandy Shocks|Protect\n|move|p1a: Chi-Yu|Protect|p1a: Chi-Yu\n|-singleturn|p1a: Chi-Yu|Protect\n|move|p2a: Flutter Mane|Dazzling Gleam|p1a: Chi-Yu|[spread] \n|-activate|p1a: Chi-Yu|move: Protect\n|-activate|p1b: Sandy Shocks|move: Protect\n|move|p2b: Chien-Pao|Sacred Sword|p1a: Chi-Yu\n|-activate|p1a: Chi-Yu|move: Protect\n|\n|upkeep\n|turn|4\n|inactive|qwillinallthefish has 30 seconds left.\n|inactive|qwillinallthefish has 20 seconds left.\n|\n|t:|1682950208\n|move|p1b: Sandy Shocks|Protect|p1b: Sandy Shocks\n|-singleturn|p1b: Sandy Shocks|Protect\n|move|p2a: Flutter Mane|Dazzling Gleam|p1b: Sandy Shocks|[spread] p1a\n|-activate|p1b: Sandy Shocks|move: Protect\n|-damage|p1a: Chi-Yu|24\/100\n|move|p2b: Chien-Pao|Sacred Sword|p1a: Chi-Yu\n|-supereffective|p1a: Chi-Yu\n|-damage|p1a: Chi-Yu|0 fnt\n|faint|p1a: Chi-Yu\n|-damage|p2b: Chien-Pao|81\/100|[from] item: Life Orb\n|\n|-sideend|p2: NemesisRider|move: Tailwind\n|upkeep\n|\n|t:|1682950215\n|switch|p1a: Iron Bundle|Iron Bundle, L50|100\/100\n|turn|5\n|\n|t:|1682950241\n|move|p1b: Sandy Shocks|Thunderbolt|p2b: Chien-Pao\n|-damage|p2b: Chien-Pao|28\/100\n|move|p1a: Iron Bundle|Freeze-Dry|p2a: Flutter Mane\n|-damage|p2a: Flutter Mane|6\/100\n|-status|p2a: Flutter Mane|frz\n|cant|p2a: Flutter Mane|frz\n|move|p2b: Chien-Pao|Sacred Sword|p1a: Iron Bundle\n|-supereffective|p1a: Iron Bundle\n|-damage|p1a: Iron Bundle|0 fnt\n|faint|p1a: Iron Bundle\n|-end|p1a: Iron Bundle|Quark Drive|[silent]\n|-damage|p2b: Chien-Pao|18\/100|[from] item: Life Orb\n|\n|upkeep\n|turn|6\n|j| Hikawari\n|\n|t:|1682950253\n|move|p2b: Chien-Pao|Sucker Punch|p1b: Sandy Shocks\n|-damage|p1b: Sandy Shocks|0 fnt\n|faint|p1b: Sandy Shocks\n|-end|p1b: Sandy Shocks|Protosynthesis|[silent]\n|-damage|p2b: Chien-Pao|8\/100|[from] item: Life Orb\n|\n|win|NemesisRider\n|raw|qwillinallthefish's rating: 1471 → 1453<\/strong> (-18 for losing)\n|raw|NemesisRider's rating: 1501 → 1519<\/strong> (+18 for winning)\n|c|\u2606qwillinallthefish|gg\n|l| Hikawari\n","uploadtime":1682950259,"views":24,"p1id":"qwillinallthefish","p2id":"nemesisrider","formatid":"gen9vgc2023regulationc","rating":1453,"private":0,"password":""}