{"id":"gen9vgc2023regulationc-1861692367","p1":"haha you rage quit","p2":"jhgjygbk","format":"[Gen 9] VGC 2023 Regulation C","log":"|j|\u2606haha you rage quit\n|j|\u2606jhgjygbk\n|t:|1683795273\n|gametype|doubles\n|player|p1|haha you rage quit|pokemaniac|1105\n|player|p2|jhgjygbk|102|1045\n|teamsize|p1|6\n|teamsize|p2|6\n|gen|9\n|tier|[Gen 9] VGC 2023 Regulation C\n|rated|\n|rule|Species Clause: Limit one of each Pok\u00e9mon\n|rule|Item Clause: Limit one of each item\n|clearpoke\n|poke|p1|Murkrow, L50, M|\n|poke|p1|Great Tusk, L50|\n|poke|p1|Flutter Mane, L50|\n|poke|p1|Jumpluff, L50, M|\n|poke|p1|Torkoal, L50, M|\n|poke|p1|Kingambit, L50, M|\n|poke|p2|Chi-Yu, L50|\n|poke|p2|Flutter Mane, L50|\n|poke|p2|Amoonguss, L50, M|\n|poke|p2|Gyarados, L50, M|\n|poke|p2|Ting-Lu, L50|\n|poke|p2|Bronzong, L50|\n|teampreview|4\n|inactive|Battle timer is ON: inactive players will automatically lose when time's up. (requested by jhgjygbk)\n|inactive|jhgjygbk has 60 seconds left.\n|inactive|jhgjygbk has 30 seconds left.\n|inactive|jhgjygbk has 20 seconds left.\n|inactive|jhgjygbk has 15 seconds left.\n|\n|t:|1683795357\n|start\n|switch|p1a: Jumpluff|Jumpluff, L50, M|100\/100\n|switch|p1b: Torkoal|Torkoal, L50, M|100\/100\n|switch|p2a: Chi-Yu|Chi-Yu, L50|100\/100\n|switch|p2b: Bronzong|Bronzong, L50|100\/100\n|-ability|p2a: Chi-Yu|Beads of Ruin\n|-weather|SunnyDay|[from] ability: Drought|[of] p1b: Torkoal\n|turn|1\n|inactive|jhgjygbk has 30 seconds left.\n|\n|t:|1683795390\n|-terastallize|p1a: Jumpluff|Water\n|-terastallize|p2b: Bronzong|Fire\n|move|p1a: Jumpluff|Sleep Powder|p2b: Bronzong\n|-status|p2b: Bronzong|slp|[from] move: Sleep Powder\n|move|p2a: Chi-Yu|Snarl|p1b: Torkoal|[spread] p1a,p1b\n|-damage|p1a: Jumpluff|72\/100\n|-damage|p1b: Torkoal|56\/100\n|-unboost|p1b: Torkoal|spa|1\n|-enditem|p1b: Torkoal|Eject Pack\n|\n|t:|1683795402\n|switch|p1b: Great Tusk|Great Tusk, L50, shiny|100\/100\n|-activate|p1b: Great Tusk|ability: Protosynthesis\n|-start|p1b: Great Tusk|protosynthesisatk\n|cant|p2b: Bronzong|slp\n|\n|-weather|SunnyDay|[upkeep]\n|upkeep\n|turn|2\n|\n|t:|1683795423\n|switch|p2a: Amoonguss|Amoonguss, L50, M|100\/100\n|move|p1a: Jumpluff|Tailwind|p1a: Jumpluff\n|-sidestart|p1: haha you rage quit|move: Tailwind\n|move|p1b: Great Tusk|Rock Slide|p2b: Bronzong|[spread] p2a,p2b\n|-supereffective|p2b: Bronzong\n|-damage|p2a: Amoonguss|76\/100\n|-damage|p2b: Bronzong|63\/100 slp\n|-curestatus|p2b: Bronzong|slp|[msg]\n|cant|p2b: Bronzong|flinch\n|\n|-weather|SunnyDay|[upkeep]\n|-heal|p2b: Bronzong|68\/100|[from] item: Leftovers\n|upkeep\n|turn|3\n|inactive|haha you rage quit has 30 seconds left.\n|inactive|jhgjygbk has 30 seconds left.\n|inactive|haha you rage quit has 20 seconds left.\n|inactive|haha you rage quit has 15 seconds left.\n|\n|t:|1683795464\n|move|p2b: Bronzong|Protect|p2b: Bronzong\n|-singleturn|p2b: Bronzong|Protect\n|move|p1a: Jumpluff|Sleep Powder|p2b: Bronzong\n|-activate|p2b: Bronzong|move: Protect\n|move|p1b: Great Tusk|Headlong Rush|p2a: Amoonguss\n|-damage|p2a: Amoonguss|4\/100\n|-unboost|p1b: Great Tusk|def|1\n|-unboost|p1b: Great Tusk|spd|1\n|-enditem|p2a: Amoonguss|Sitrus Berry|[eat]\n|-heal|p2a: Amoonguss|29\/100|[from] item: Sitrus Berry\n|move|p2a: Amoonguss|Spore|p1a: Jumpluff\n|-status|p1a: Jumpluff|slp|[from] move: Spore\n|\n|-weather|SunnyDay|[upkeep]\n|-heal|p2b: Bronzong|74\/100|[from] item: Leftovers\n|upkeep\n|turn|4\n|inactive|jhgjygbk has 30 seconds left.\n|\n|t:|1683795490\n|switch|p2a: Ting-Lu|Ting-Lu, L50|100\/100\n|-ability|p2a: Ting-Lu|Vessel of Ruin\n|cant|p1a: Jumpluff|slp\n|move|p1b: Great Tusk|Close Combat|p2b: Bronzong\n|-damage|p2b: Bronzong|18\/100\n|-unboost|p1b: Great Tusk|def|1\n|-unboost|p1b: Great Tusk|spd|1\n|move|p2b: Bronzong|Trick Room|p2b: Bronzong\n|-fieldstart|move: Trick Room|[of] p2b: Bronzong\n|\n|-weather|SunnyDay|[upkeep]\n|-heal|p2b: Bronzong|24\/100|[from] item: Leftovers\n|upkeep\n|turn|5\n|inactive|jhgjygbk has 30 seconds left.\n|\n|t:|1683795516\n|move|p1b: Great Tusk|Protect|p1b: Great Tusk\n|-singleturn|p1b: Great Tusk|Protect\n|move|p2b: Bronzong|Body Press|p1b: Great Tusk\n|-activate|p1b: Great Tusk|move: Protect\n|move|p2a: Ting-Lu|Earthquake|p1b: Great Tusk|[spread] p1a\n|-activate|p1b: Great Tusk|move: Protect\n|-immune|p2b: Bronzong|[from] ability: Levitate\n|-damage|p1a: Jumpluff|29\/100 slp\n|cant|p1a: Jumpluff|slp\n|\n|-weather|none\n|-end|p1b: Great Tusk|Protosynthesis\n|-heal|p2b: Bronzong|30\/100|[from] item: Leftovers\n|-sideend|p1: haha you rage quit|move: Tailwind\n|upkeep\n|turn|6\n|\n|t:|1683795541\n|-end|p1b: Great Tusk|Protosynthesis|[silent]\n|switch|p1b: Torkoal|Torkoal, L50, M|56\/100\n|-weather|SunnyDay|[from] ability: Drought|[of] p1b: Torkoal\n|move|p2b: Bronzong|Body Press|p1b: Torkoal\n|-damage|p1b: Torkoal|33\/100\n|move|p2a: Ting-Lu|Earthquake|p1b: Torkoal|[spread] p1a,p1b\n|-immune|p2b: Bronzong|[from] ability: Levitate\n|-supereffective|p1b: Torkoal\n|-damage|p1a: Jumpluff|0 fnt\n|-damage|p1b: Torkoal|0 fnt\n|faint|p1a: Jumpluff\n|faint|p1b: Torkoal\n|\n|-weather|SunnyDay|[upkeep]\n|-heal|p2b: Bronzong|36\/100|[from] item: Leftovers\n|upkeep\n|\n|t:|1683795553\n|switch|p1b: Great Tusk|Great Tusk, L50, shiny|100\/100\n|switch|p1a: Flutter Mane|Flutter Mane, L50, shiny|100\/100\n|-activate|p1b: Great Tusk|ability: Protosynthesis\n|-start|p1b: Great Tusk|protosynthesisatk\n|-activate|p1a: Flutter Mane|ability: Protosynthesis\n|-start|p1a: Flutter Mane|protosynthesisspa\n|turn|7\n|inactive|jhgjygbk has 30 seconds left.\n|\n|t:|1683795581\n|move|p2b: Bronzong|Protect|p2b: Bronzong\n|-singleturn|p2b: Bronzong|Protect\n|move|p1a: Flutter Mane|Protect|p1a: Flutter Mane\n|-singleturn|p1a: Flutter Mane|Protect\n|move|p2a: Ting-Lu|Earthquake|p1a: Flutter Mane|[spread] p1b\n|-activate|p2b: Bronzong|move: Protect\n|-activate|p1a: Flutter Mane|move: Protect\n|-damage|p1b: Great Tusk|75\/100\n|move|p1b: Great Tusk|Close Combat|p2a: Ting-Lu\n|-supereffective|p2a: Ting-Lu\n|-damage|p2a: Ting-Lu|0 fnt\n|-unboost|p1b: Great Tusk|def|1\n|-unboost|p1b: Great Tusk|spd|1\n|faint|p2a: Ting-Lu\n|\n|-weather|SunnyDay|[upkeep]\n|-heal|p2b: Bronzong|41\/100|[from] item: Leftovers\n|upkeep\n|\n|t:|1683795599\n|switch|p2a: Amoonguss|Amoonguss, L50, M|62\/100\n|turn|8\n|\n|t:|1683795612\n|move|p2a: Amoonguss|Spore|p1a: Flutter Mane\n|-status|p1a: Flutter Mane|slp|[from] move: Spore\n|move|p2b: Bronzong|Iron Defense|p2b: Bronzong\n|-boost|p2b: Bronzong|def|2\n|move|p1b: Great Tusk|Close Combat|p2b: Bronzong\n|-damage|p2b: Bronzong|8\/100\n|-unboost|p1b: Great Tusk|def|1\n|-unboost|p1b: Great Tusk|spd|1\n|cant|p1a: Flutter Mane|slp\n|\n|-weather|SunnyDay|[upkeep]\n|-heal|p2b: Bronzong|14\/100|[from] item: Leftovers\n|-fieldend|move: Trick Room\n|upkeep\n|turn|9\n|inactive|jhgjygbk has 30 seconds left.\n|inactive|jhgjygbk has 20 seconds left.\n|inactive|jhgjygbk has 15 seconds left.\n|inactive|jhgjygbk has 10 seconds left.\n|\n|t:|1683795659\n|move|p2a: Amoonguss|Rage Powder|p2a: Amoonguss\n|-singleturn|p2a: Amoonguss|move: Rage Powder\n|-curestatus|p1a: Flutter Mane|slp|[msg]\n|move|p1a: Flutter Mane|Dazzling Gleam|p2a: Amoonguss|[spread] p2a,p2b\n|-resisted|p2a: Amoonguss\n|-resisted|p2b: Bronzong\n|-crit|p2b: Bronzong\n|-damage|p2a: Amoonguss|39\/100\n|-damage|p2b: Bronzong|0 fnt\n|faint|p2b: Bronzong\n|-damage|p1a: Flutter Mane|91\/100|[from] item: Life Orb\n|move|p1b: Great Tusk|Headlong Rush|p2a: Amoonguss\n|-damage|p2a: Amoonguss|0 fnt\n|-unboost|p1b: Great Tusk|def|1\n|-unboost|p1b: Great Tusk|spd|1\n|faint|p2a: Amoonguss\n|\n|-weather|SunnyDay|[upkeep]\n|upkeep\n|\n|t:|1683795677\n|switch|p2a: Chi-Yu|Chi-Yu, L50|100\/100\n|-ability|p2a: Chi-Yu|Beads of Ruin\n|turn|10\n|\n|t:|1683795689\n|move|p1b: Great Tusk|Protect|p1b: Great Tusk\n|-singleturn|p1b: Great Tusk|Protect\n|move|p2a: Chi-Yu|Heat Wave|p1b: Great Tusk|[spread] p1a\n|-activate|p1b: Great Tusk|move: Protect\n|-damage|p1a: Flutter Mane|10\/100\n|move|p1a: Flutter Mane|Moonblast|p2a: Chi-Yu\n|-damage|p2a: Chi-Yu|0 fnt\n|faint|p2a: Chi-Yu\n|-damage|p1a: Flutter Mane|0 fnt|[from] item: Life Orb\n|faint|p1a: Flutter Mane\n|-end|p1a: Flutter Mane|Protosynthesis|[silent]\n|\n|win|haha you rage quit\n|raw|haha you rage quit's rating: 1105 → 1126<\/strong> (+21 for winning)\n|raw|jhgjygbk's rating: 1045 → 1031<\/strong> (-14 for losing)\n|l|\u2606jhgjygbk\n","uploadtime":1683795712,"views":10,"p1id":"hahayouragequit","p2id":"jhgjygbk","formatid":"gen9vgc2023regulationc","rating":1031,"private":0,"password":""}