{"id":"gen9vgc2023regulationc-1859420940","p1":"deathdragon25o","p2":"BOhm11","format":"[Gen 9] VGC 2023 Regulation C","log":"|j|\u2606deathdragon25o\n|j|\u2606BOhm11\n|t:|1683464330\n|gametype|doubles\n|player|p1|deathdragon25o|cress|\n|player|p2|BOhm11|102|\n|teamsize|p1|6\n|teamsize|p2|6\n|gen|9\n|tier|[Gen 9] VGC 2023 Regulation C\n|rule|Species Clause: Limit one of each Pok\u00e9mon\n|rule|Item Clause: Limit one of each item\n|clearpoke\n|poke|p1|Snover, L50, M|\n|poke|p1|Quaquaval, L50, M|\n|poke|p1|Morgrem, L50, M|\n|poke|p1|Iron Bundle, L50|\n|poke|p1|Lucario, L50, M|\n|poke|p1|Dudunsparce-*, L50, F|\n|poke|p2|Lycanroc, L50, F|\n|poke|p2|Hippowdon, L50, M|\n|poke|p2|Magneton, L50|\n|poke|p2|Breloom, L50, F|\n|poke|p2|Scream Tail, L50|\n|poke|p2|Murkrow, L50, M|\n|teampreview|4\n|inactive|Battle timer is ON: inactive players will automatically lose when time's up. (requested by deathdragon25o)\n|c|\u2606BOhm11|g1\n|inactiveoff|Battle timer is now OFF.\n|c|\u2606deathdragon25o|Can you get links\n|c|\u2606BOhm11|After match or live links?\n|c|\u2606deathdragon25o|Both\n|c|\u2606deathdragon25o|I\u2019m on my phone so it\u2019s annoying\n|c|\u2606BOhm11|sure one sec. I don't normally do live lol\n|c|\u2606deathdragon25o|Ok\n|c|\u2606BOhm11|Okay they are up!\n|c|\u2606BOhm11|glhf!\n|c|\u2606deathdragon25o|glhf\n|\n|t:|1683464525\n|start\n|switch|p1a: Snover|Snover, L50, M, shiny|100\/100\n|switch|p1b: Krampus|Iron Bundle, L50, shiny|100\/100\n|switch|p2a: Scream Tail|Scream Tail, L50|100\/100\n|switch|p2b: Murkrow|Murkrow, L50, M|100\/100\n|-weather|Snow|[from] ability: Snow Warning|[of] p1a: Snover\n|-enditem|p1b: Krampus|Booster Energy\n|-activate|p1b: Krampus|ability: Quark Drive|[fromitem]\n|-start|p1b: Krampus|quarkdrivespe\n|turn|1\n|\n|t:|1683464542\n|-terastallize|p2a: Scream Tail|Normal\n|move|p1a: Snover|Helping Hand|p1b: Krampus\n|-singleturn|p1b: Krampus|Helping Hand|[of] p1a: Snover\n|move|p2b: Murkrow|Sunny Day|p2b: Murkrow\n|-weather|SunnyDay\n|-activate|p2a: Scream Tail|ability: Protosynthesis\n|-start|p2a: Scream Tail|protosynthesisspa\n|move|p1b: Krampus|Blizzard|p2a: Scream Tail|[spread] p2a\n|-miss|p1b: Krampus|p2b: Murkrow\n|-damage|p2a: Scream Tail|57\/100\n|move|p2a: Scream Tail|Boomburst|p1b: Krampus|[spread] p2b,p1a,p1b\n|-damage|p2b: Murkrow|0 fnt\n|-damage|p1a: Snover|51\/100\n|-damage|p1b: Krampus|0 fnt\n|faint|p2b: Murkrow\n|faint|p1b: Krampus\n|-end|p1b: Krampus|Quark Drive|[silent]\n|\n|-weather|SunnyDay|[upkeep]\n|upkeep\n|\n|t:|1683464561\n|switch|p1b: Lucario|Lucario, L50, M|100\/100\n|switch|p2b: Breloom|Breloom, L50, F|100\/100\n|turn|2\n|\n|t:|1683464575\n|-end|p2a: Scream Tail|Protosynthesis|[silent]\n|switch|p2a: Magneton|Magneton, L50|100\/100\n|move|p1a: Snover|Helping Hand|p1b: Lucario\n|-singleturn|p1b: Lucario|Helping Hand|[of] p1a: Snover\n|move|p1b: Lucario|Extreme Speed|p2a: Magneton\n|-resisted|p2a: Magneton\n|-damage|p2a: Magneton|81\/100\n|move|p2b: Breloom|Mach Punch|p1b: Lucario\n|-supereffective|p1b: Lucario\n|-damage|p1b: Lucario|0 fnt\n|faint|p1b: Lucario\n|\n|-weather|SunnyDay|[upkeep]\n|upkeep\n|\n|t:|1683464586\n|switch|p1b: Quaquaval|Quaquaval, L50, M|100\/100\n|turn|3\n|\n|t:|1683464599\n|move|p2a: Magneton|Protect|p2a: Magneton\n|-singleturn|p2a: Magneton|Protect\n|move|p1b: Quaquaval|Brave Bird|p2b: Breloom\n|-supereffective|p2b: Breloom\n|-damage|p2b: Breloom|0 fnt\n|faint|p2b: Breloom\n|-ability|p1b: Quaquaval|Moxie|boost\n|-boost|p1b: Quaquaval|atk|1\n|-damage|p1b: Quaquaval|66\/100|[from] Recoil\n|-damage|p1b: Quaquaval|56\/100|[from] item: Life Orb\n|move|p1a: Snover|Leech Seed|p2a: Magneton\n|-activate|p2a: Magneton|move: Protect\n|\n|-weather|SunnyDay|[upkeep]\n|upkeep\n|\n|t:|1683464608\n|switch|p2b: Scream Tail|Scream Tail, L50, tera:Normal|57\/100\n|-activate|p2b: Scream Tail|ability: Protosynthesis\n|-start|p2b: Scream Tail|protosynthesisspa\n|turn|4\n|\n|t:|1683464625\n|-terastallize|p1b: Quaquaval|Steel\n|move|p1b: Quaquaval|Aqua Step|p2b: Scream Tail\n|-damage|p2b: Scream Tail|25\/100\n|-boost|p1b: Quaquaval|spe|1\n|-damage|p1b: Quaquaval|46\/100|[from] item: Life Orb\n|move|p2b: Scream Tail|Dazzling Gleam|p1b: Quaquaval|[spread] p1a,p1b\n|-resisted|p1b: Quaquaval\n|-damage|p1a: Snover|20\/100\n|-damage|p1b: Quaquaval|19\/100\n|move|p2a: Magneton|Discharge|p1a: Snover|[spread] p2b,p1a,p1b\n|-resisted|p1a: Snover\n|-damage|p2b: Scream Tail|4\/100\n|-damage|p1a: Snover|10\/100\n|-damage|p1b: Quaquaval|0 fnt\n|faint|p1b: Quaquaval\n|move|p1a: Snover|Leech Seed|p2b: Scream Tail\n|-start|p2b: Scream Tail|move: Leech Seed\n|\n|-weather|SunnyDay|[upkeep]\n|-damage|p2b: Scream Tail|0 fnt|[from] Leech Seed|[of] p1a: Snover\n|-heal|p1a: Snover|14\/100|[silent]\n|faint|p2b: Scream Tail\n|-end|p2b: Scream Tail|Protosynthesis|[silent]\n|upkeep\n|turn|5\n|\n|t:|1683464640\n|move|p2a: Magneton|Flash Cannon|p1a: Snover\n|-supereffective|p1a: Snover\n|-damage|p1a: Snover|0 fnt\n|faint|p1a: Snover\n|\n|win|BOhm11\n|c|\u2606BOhm11|gg!\n|c|\u2606deathdragon25o|gg\n","uploadtime":1683464911,"views":42,"p1id":"deathdragon25o","p2id":"bohm11","formatid":"gen9vgc2023regulationc","rating":0,"private":0,"password":""}