{"id":"gen9vgc2023regulationc-1857046554","p1":"PTP_VGC","p2":"MasterofMetapods5","format":"[Gen 9] VGC 2023 Regulation C","log":"|j|\u2606PTP_VGC\n|j|\u2606MasterofMetapods5\n|t:|1683140435\n|gametype|doubles\n|player|p1|PTP_VGC|biker-gen4|\n|player|p2|MasterofMetapods5|lance|\n|teamsize|p1|6\n|teamsize|p2|6\n|gen|9\n|tier|[Gen 9] VGC 2023 Regulation C\n|rated|Tournament battle\n|rule|Species Clause: Limit one of each Pok\u00e9mon\n|rule|Item Clause: Limit one of each item\n|clearpoke\n|poke|p1|Hawlucha, L50, F|\n|poke|p1|Indeedee-F, L50, F|\n|poke|p1|Armarouge, L50, F|\n|poke|p1|Palafin, L50, F|\n|poke|p1|Sandy Shocks, L50|\n|poke|p1|Chien-Pao, L50|\n|poke|p2|Amoonguss, L50, M|\n|poke|p2|Ting-Lu, L50|\n|poke|p2|Corviknight, L50, M|\n|poke|p2|Rotom-Wash, L50|\n|poke|p2|Chi-Yu, L50|\n|poke|p2|Flutter Mane, L50|\n|teampreview|4\n|j| chicagolocaltop16\n|j| chalmander69\n|c|\u2606MasterofMetapods5|glhf\n|j| dashrekawanobi\nPTP_VGC has agreed to open team sheets.\nMasterofMetapods5 has agreed to open team sheets.\n|c|\u2606PTP_VGC|you too\n|c| dashrekawanobi|do good ya 2\n|j| foxyman52\n|c| chicagolocaltop16|lets go ptp\n|inactive|Battle timer is ON: inactive players will automatically lose when time's up. (requested by PTP_VGC)\n|c| dashrekawanobi|and remember losing here is a no\n|j| Muted xd\n|inactive|PTP_VGC has 60 seconds left.\n|inactive|MasterofMetapods5 has 60 seconds left.\n|c| dashrekawanobi|dont lose now\n|l| Muted xd\n|l| chicagolocaltop16\n|\n|t:|1683140500\n|start\n|switch|p1a: Palafin|Palafin, L50, F|100\/100\n|switch|p1b: Hawlucha|Hawlucha, L50, F|100\/100\n|switch|p2a: Corviknight|Corviknight, L50, M|100\/100\n|switch|p2b: Ting-Lu|Ting-Lu, L50|100\/100\n|-ability|p2b: Ting-Lu|Vessel of Ruin\n|turn|1\n|c| dashrekawanobi|this is the final battle you two\n|c| dashrekawanobi|go all out\n|\n|t:|1683140518\n|move|p1b: Hawlucha|Detect|p1b: Hawlucha\n|-singleturn|p1b: Hawlucha|Protect\n|move|p1a: Palafin|Close Combat|p2b: Ting-Lu\n|-supereffective|p2b: Ting-Lu\n|-damage|p2b: Ting-Lu|64\/100\n|-unboost|p1a: Palafin|def|1\n|-unboost|p1a: Palafin|spd|1\n|-enditem|p1a: Palafin|Eject Pack\n|\n|t:|1683140523\n|detailschange|p1a: Palafin|Palafin-Hero, L50, F\n|switch|p1a: Indeedee|Indeedee-F, L50, F|100\/100\n|-fieldstart|move: Psychic Terrain|[from] ability: Psychic Surge|[of] p1a: Indeedee\n|-enditem|p1b: Hawlucha|Psychic Seed\n|-boost|p1b: Hawlucha|spd|1|[from] item: Psychic Seed\n|move|p2a: Corviknight|Tailwind|p2a: Corviknight\n|-sidestart|p2: MasterofMetapods5|move: Tailwind\n|move|p2b: Ting-Lu|Heavy Slam|p1a: Indeedee\n|-damage|p1a: Indeedee|62\/100\n|\n|-heal|p2b: Ting-Lu|69\/100|[from] item: Leftovers\n|upkeep\n|turn|2\n|\n|t:|1683140535\n|move|p1a: Indeedee|Follow Me|p1a: Indeedee\n|-singleturn|p1a: Indeedee|move: Follow Me\n|move|p1b: Hawlucha|Swords Dance|p1b: Hawlucha\n|-boost|p1b: Hawlucha|atk|2\n|move|p2a: Corviknight|Brave Bird|p1a: Indeedee\n|-damage|p1a: Indeedee|20\/100\n|-damage|p2a: Corviknight|88\/100|[from] Recoil\n|move|p2b: Ting-Lu|Earthquake|p1a: Indeedee|[spread] p1a\n|-immune|p2a: Corviknight\n|-immune|p1b: Hawlucha\n|-damage|p1a: Indeedee|0 fnt\n|faint|p1a: Indeedee\n|\n|-heal|p2b: Ting-Lu|75\/100|[from] item: Leftovers\n|upkeep\n|\n|t:|1683140548\n|switch|p1a: Palafin|Palafin-Hero, L50, F|100\/100\n|-activate|p1a: Palafin|ability: Zero to Hero\n|turn|3\n|j| ale cog\n|\n|t:|1683140569\n|-terastallize|p1b: Hawlucha|Steel\n|move|p1b: Hawlucha|Acrobatics|p2b: Ting-Lu\n|-damage|p2b: Ting-Lu|10\/100\n|move|p2a: Corviknight|Brave Bird|p1b: Hawlucha\n|-resisted|p1b: Hawlucha\n|-damage|p1b: Hawlucha|72\/100\n|-damage|p2a: Corviknight|80\/100|[from] Recoil\n|move|p1a: Palafin|Wave Crash|p2b: Ting-Lu\n|-supereffective|p2b: Ting-Lu\n|-damage|p2b: Ting-Lu|0 fnt\n|faint|p2b: Ting-Lu\n|-damage|p1a: Palafin|97\/100|[from] Recoil\n|\n|upkeep\n|\n|t:|1683140578\n|switch|p2b: Chi-Yu|Chi-Yu, L50|100\/100\n|-ability|p2b: Chi-Yu|Beads of Ruin\n|turn|4\n|\n|t:|1683140587\n|move|p1b: Hawlucha|Detect|p1b: Hawlucha\n|-singleturn|p1b: Hawlucha|Protect\n|move|p1a: Palafin|Protect|p1a: Palafin\n|-singleturn|p1a: Palafin|Protect\n|move|p2b: Chi-Yu|Heat Wave|p1b: Hawlucha|[spread] \n|-activate|p1a: Palafin|move: Protect\n|-activate|p1b: Hawlucha|move: Protect\n|move|p2a: Corviknight|Brave Bird|p1a: Palafin\n|-activate|p1a: Palafin|move: Protect\n|\n|-sideend|p2: MasterofMetapods5|move: Tailwind\n|upkeep\n|turn|5\n|\n|t:|1683140606\n|move|p1b: Hawlucha|Acrobatics|p2b: Chi-Yu\n|-crit|p2b: Chi-Yu\n|-enditem|p2b: Chi-Yu|Focus Sash\n|-damage|p2b: Chi-Yu|1\/100\n|move|p2b: Chi-Yu|Heat Wave|p1a: Palafin|[spread] p1a,p1b\n|-resisted|p1a: Palafin\n|-supereffective|p1b: Hawlucha\n|-damage|p1a: Palafin|68\/100\n|-damage|p1b: Hawlucha|0 fnt\n|faint|p1b: Hawlucha\n|move|p1a: Palafin|Wave Crash|p2b: Chi-Yu\n|-supereffective|p2b: Chi-Yu\n|-damage|p2b: Chi-Yu|0 fnt\n|faint|p2b: Chi-Yu\n|-damage|p1a: Palafin|68\/100|[from] Recoil\n|move|p2a: Corviknight|Tailwind|p2a: Corviknight\n|-sidestart|p2: MasterofMetapods5|move: Tailwind\n|\n|-fieldend|move: Psychic Terrain\n|upkeep\n|\n|t:|1683140613\n|switch|p2b: Rotom|Rotom-Wash, L50|100\/100\n|switch|p1b: Sandy Shocks|Sandy Shocks, L50|100\/100\n|-enditem|p1b: Sandy Shocks|Booster Energy\n|-activate|p1b: Sandy Shocks|ability: Protosynthesis|[fromitem]\n|-start|p1b: Sandy Shocks|protosynthesisspe\n|turn|6\n|\n|t:|1683140628\n|move|p1b: Sandy Shocks|Protect|p1b: Sandy Shocks\n|-singleturn|p1b: Sandy Shocks|Protect\n|move|p2b: Rotom|Hydro Pump|p1a: Palafin\n|-resisted|p1a: Palafin\n|-damage|p1a: Palafin|46\/100\n|move|p2a: Corviknight|Roost|p2a: Corviknight\n|-heal|p2a: Corviknight|100\/100\n|-singleturn|p2a: Corviknight|move: Roost\n|move|p1a: Palafin|Close Combat|p2b: Rotom\n|-damage|p2b: Rotom|46\/100\n|-unboost|p1a: Palafin|def|1\n|-unboost|p1a: Palafin|spd|1\n|\n|upkeep\n|turn|7\n|\n|t:|1683140646\n|-terastallize|p2a: Corviknight|Dragon\n|move|p2b: Rotom|Hydro Pump|p1b: Sandy Shocks\n|-supereffective|p1b: Sandy Shocks\n|-damage|p1b: Sandy Shocks|0 fnt\n|faint|p1b: Sandy Shocks\n|-end|p1b: Sandy Shocks|Protosynthesis|[silent]\n|move|p2a: Corviknight|Brave Bird|p1a: Palafin\n|-damage|p1a: Palafin|0 fnt\n|faint|p1a: Palafin\n|-damage|p2a: Corviknight|87\/100|[from] Recoil\n|\n|win|MasterofMetapods5\n|n|\u2606PTP_VGC|ptpvgc\n|n|\u2606MasterofMetapods5|masterofmetapods5\n|n| chalmander69|chalmander69\n|n| dashrekawanobi|dashrekawanobi\n|n| foxyman52|foxyman52\n|n| ale cog|alecog\n","uploadtime":1683140648,"views":12,"p1id":"ptpvgc","p2id":"masterofmetapods5","formatid":"gen9vgc2023regulationc","rating":0,"private":0,"password":""}