{"id":"gen9vgc2023regulationc-1848135006","p1":"testinbabylon","p2":"Draxxmoon","format":"[Gen 9] VGC 2023 Regulation C","log":"|j|\u2606testinbabylon\n|j|\u2606Draxxmoon\n|t:|1682033770\n|gametype|doubles\n|player|p1|testinbabylon|iris|1109\n|player|p2|Draxxmoon|benga|1060\n|teamsize|p1|6\n|teamsize|p2|6\n|gen|9\n|tier|[Gen 9] VGC 2023 Regulation C\n|rated|\n|rule|Species Clause: Limit one of each Pok\u00e9mon\n|rule|Item Clause: Limit one of each item\n|clearpoke\n|poke|p1|Scream Tail, L50|\n|poke|p1|Kingambit, L50, F|\n|poke|p1|Chi-Yu, L50|\n|poke|p1|Amoonguss, L50, M|\n|poke|p1|Gyarados, L50, F|\n|poke|p1|Flutter Mane, L50|\n|poke|p2|Eevee, L50, M|\n|poke|p2|Hatterene, L50, F|\n|poke|p2|Sableye, L50, M|\n|poke|p2|Bronzong, L50|\n|poke|p2|Kingambit, L50, F|\n|poke|p2|Iron Hands, L50|\n|teampreview|4\ntestinbabylon has agreed to open team sheets.\n|j| DarkRinoRex\n|\n|t:|1682033807\n|start\n|switch|p1a: Scream Tail|Scream Tail, L50|100\/100\n|switch|p1b: Chi-Yu|Chi-Yu, L50|100\/100\n|switch|p2a: Kingambit|Kingambit, L50, F|100\/100\n|switch|p2b: Hatterene|Hatterene, L50, F|100\/100\n|-ability|p1b: Chi-Yu|Beads of Ruin\n|-enditem|p1a: Scream Tail|Booster Energy\n|-activate|p1a: Scream Tail|ability: Protosynthesis|[fromitem]\n|-start|p1a: Scream Tail|protosynthesisspe\n|turn|1\n|\n|t:|1682033855\n|move|p2a: Kingambit|Protect|p2a: Kingambit\n|-singleturn|p2a: Kingambit|Protect\n|move|p1b: Chi-Yu|Heat Wave|p2b: Hatterene|[spread] p2b\n|-activate|p2a: Kingambit|move: Protect\n|-damage|p2b: Hatterene|54\/100\n|move|p1a: Scream Tail|Dazzling Gleam|p2b: Hatterene|[spread] p2b\n|-activate|p2a: Kingambit|move: Protect\n|-damage|p2b: Hatterene|34\/100\n|move|p2b: Hatterene|Trick Room|p2b: Hatterene\n|-fieldstart|move: Trick Room|[of] p2b: Hatterene\n|\n|upkeep\n|turn|2\n|\n|t:|1682033883\n|-terastallize|p2a: Kingambit|Dark\n|move|p1a: Scream Tail|Protect|p1a: Scream Tail\n|-singleturn|p1a: Scream Tail|Protect\n|move|p2b: Hatterene|Dazzling Gleam|p1b: Chi-Yu|[spread] p1b\n|-activate|p1a: Scream Tail|move: Protect\n|-damage|p1b: Chi-Yu|68\/100\n|move|p2a: Kingambit|Iron Head|p1a: Scream Tail\n|-activate|p1a: Scream Tail|move: Protect\n|move|p1b: Chi-Yu|Heat Wave|p2a: Kingambit|[spread] p2a,p2b\n|-crit|p2a: Kingambit\n|-damage|p2a: Kingambit|28\/100\n|-damage|p2b: Hatterene|0 fnt\n|faint|p2b: Hatterene\n|\n|upkeep\n|\n|t:|1682033900\n|switch|p2b: Iron Hands|Iron Hands, L50|100\/100\n|turn|3\n|\n|t:|1682033914\n|switch|p1b: Amoonguss|Amoonguss, L50, M|100\/100\n|move|p2a: Kingambit|Iron Head|p1a: Scream Tail\n|-supereffective|p1a: Scream Tail\n|-damage|p1a: Scream Tail|32\/100\n|move|p2b: Iron Hands|Drain Punch|p1b: Amoonguss\n|-resisted|p1b: Amoonguss\n|-damage|p1b: Amoonguss|75\/100\n|move|p1a: Scream Tail|Dazzling Gleam|p2a: Kingambit|[spread] p2a,p2b\n|-supereffective|p2a: Kingambit\n|-supereffective|p2b: Iron Hands\n|-damage|p2a: Kingambit|0 fnt\n|-damage|p2b: Iron Hands|80\/100\n|faint|p2a: Kingambit\n|\n|upkeep\n|\n|t:|1682033929\n|switch|p2a: Bronzong|Bronzong, L50|100\/100\n|turn|4\n|\n|t:|1682033962\n|-end|p1a: Scream Tail|Protosynthesis|[silent]\n|switch|p1a: Chi-Yu|Chi-Yu, L50|68\/100\n|-ability|p1a: Chi-Yu|Beads of Ruin\n|move|p2a: Bronzong|Iron Defense|p2a: Bronzong\n|-boost|p2a: Bronzong|def|2\n|move|p2b: Iron Hands|Wild Charge|p1a: Chi-Yu\n|-damage|p1a: Chi-Yu|0 fnt\n|faint|p1a: Chi-Yu\n|-damage|p2b: Iron Hands|71\/100|[from] Recoil\n|move|p1b: Amoonguss|Pollen Puff|p1: Chi-Yu|[notarget]\n|-fail|p1b: Amoonguss\n|\n|upkeep\n|\n|t:|1682033974\n|switch|p1a: Flutter Mane|Flutter Mane, L50|100\/100\n|turn|5\n|\n|t:|1682033995\n|move|p2a: Bronzong|Gyro Ball|p1a: Flutter Mane\n|-supereffective|p1a: Flutter Mane\n|-damage|p1a: Flutter Mane|0 fnt\n|faint|p1a: Flutter Mane\n|-end|p1a: Flutter Mane|Protosynthesis|[silent]\n|move|p2b: Iron Hands|Wild Charge|p1b: Amoonguss\n|-resisted|p1b: Amoonguss\n|-damage|p1b: Amoonguss|46\/100\n|-enditem|p1b: Amoonguss|Sitrus Berry|[eat]\n|-heal|p1b: Amoonguss|71\/100|[from] item: Sitrus Berry\n|-damage|p2b: Iron Hands|65\/100|[from] Recoil\n|move|p1b: Amoonguss|Spore|p2b: Iron Hands\n|-status|p2b: Iron Hands|slp|[from] move: Spore\n|\n|-fieldend|move: Trick Room\n|upkeep\n|\n|t:|1682034007\n|switch|p1a: Scream Tail|Scream Tail, L50|32\/100\n|turn|6\n|\n|t:|1682034030\n|-terastallize|p1a: Scream Tail|Steel\n|move|p1a: Scream Tail|Protect|p1a: Scream Tail\n|-singleturn|p1a: Scream Tail|Protect\n|move|p1b: Amoonguss|Pollen Puff|p2a: Bronzong\n|-damage|p2a: Bronzong|84\/100\n|cant|p2b: Iron Hands|slp\n|move|p2a: Bronzong|Gyro Ball|p1a: Scream Tail\n|-activate|p1a: Scream Tail|move: Protect\n|\n|upkeep\n|turn|7\n|\n|t:|1682034049\n|move|p1a: Scream Tail|Dazzling Gleam|p2b: Iron Hands|[spread] p2a,p2b\n|-resisted|p2a: Bronzong\n|-supereffective|p2b: Iron Hands\n|-damage|p2a: Bronzong|78\/100\n|-damage|p2b: Iron Hands|47\/100 slp\n|move|p1b: Amoonguss|Spore|p2a: Bronzong\n|-status|p2a: Bronzong|slp|[from] move: Spore\n|cant|p2b: Iron Hands|slp\n|cant|p2a: Bronzong|slp\n|\n|upkeep\n|turn|8\n|\n|t:|1682034070\n|move|p1a: Scream Tail|Fake Tears|p2a: Bronzong\n|-unboost|p2a: Bronzong|spd|2\n|move|p1b: Amoonguss|Pollen Puff|p2a: Bronzong\n|-damage|p2a: Bronzong|50\/100 slp\n|cant|p2b: Iron Hands|slp\n|cant|p2a: Bronzong|slp\n|\n|upkeep\n|turn|9\n|\n|t:|1682034097\n|move|p1a: Scream Tail|Dazzling Gleam|p2a: Bronzong|[spread] p2a,p2b\n|-resisted|p2a: Bronzong\n|-crit|p2a: Bronzong\n|-supereffective|p2b: Iron Hands\n|-damage|p2a: Bronzong|30\/100 slp\n|-damage|p2b: Iron Hands|25\/100 slp\n|move|p1b: Amoonguss|Pollen Puff|p2a: Bronzong\n|-damage|p2a: Bronzong|0 fnt\n|faint|p2a: Bronzong\n|-curestatus|p2b: Iron Hands|slp|[msg]\n|move|p2b: Iron Hands|Drain Punch|p1b: Amoonguss\n|-resisted|p1b: Amoonguss\n|-damage|p1b: Amoonguss|47\/100\n|-heal|p2b: Iron Hands|36\/100|[from] drain|[of] p1b: Amoonguss\n|\n|upkeep\n|turn|10\n|\n|t:|1682034126\n|move|p1a: Scream Tail|Dazzling Gleam|p2b: Iron Hands\n|-supereffective|p2b: Iron Hands\n|-damage|p2b: Iron Hands|10\/100\n|move|p1b: Amoonguss|Pollen Puff|p2b: Iron Hands\n|-resisted|p2b: Iron Hands\n|-damage|p2b: Iron Hands|4\/100\n|move|p2b: Iron Hands|Wild Charge|p1a: Scream Tail\n|-damage|p1a: Scream Tail|0 fnt\n|faint|p1a: Scream Tail\n|-end|p1a: Scream Tail|Protosynthesis|[silent]\n|-damage|p2b: Iron Hands|0 fnt|[from] Recoil\n|faint|p2b: Iron Hands\n|-end|p2b: Iron Hands|Quark Drive|[silent]\n|\n|win|testinbabylon\n|raw|testinbabylon's rating: 1109 → 1130<\/strong> (+21 for winning)\n|raw|Draxxmoon's rating: 1060 → 1044<\/strong> (-16 for losing)\n|l|\u2606Draxxmoon\n|c|\u2606testinbabylon|gg!\n","uploadtime":1682034147,"views":6,"p1id":"testinbabylon","p2id":"draxxmoon","formatid":"gen9vgc2023regulationc","rating":1044,"private":0,"password":""}