{"id":"gen9vgc2023regulationc-1860344693","p1":"ElQuePruebaTimsUwU","p2":"Icicle220","format":"[Gen 9] VGC 2023 Regulation C","log":"|j|\u2606ElQuePruebaTimsUwU\n|j|\u2606Icicle220\n|t:|1683635352\n|gametype|doubles\n|player|p1|ElQuePruebaTimsUwU|cyrus|1306\n|player|p2|Icicle220|clemont|1230\n|teamsize|p1|6\n|teamsize|p2|6\n|gen|9\n|tier|[Gen 9] VGC 2023 Regulation C\n|rated|\n|rule|Species Clause: Limit one of each Pok\u00e9mon\n|rule|Item Clause: Limit one of each item\n|clearpoke\n|poke|p1|Amoonguss, L50, M|\n|poke|p1|Flutter Mane, L50|\n|poke|p1|Ceruledge, L50, M|\n|poke|p1|Baxcalibur, L50, M|\n|poke|p1|Gyarados, L50, M|\n|poke|p1|Ting-Lu, L50|\n|poke|p2|Ting-Lu, L50|\n|poke|p2|Annihilape, L50, M|\n|poke|p2|Chi-Yu, L50|\n|poke|p2|Iron Bundle, L50|\n|poke|p2|Dudunsparce-*, L50, M|\n|poke|p2|Maushold-Four, L50|\n|teampreview|4\n|inactive|Battle timer is ON: inactive players will automatically lose when time's up. (requested by Icicle220)\n|\n|t:|1683635414\n|start\n|switch|p1a: Amoonguss|Amoonguss, L50, M|100\/100\n|switch|p1b: Gyarados|Gyarados, L50, M, shiny|100\/100\n|switch|p2a: Mushikui|Maushold-Four, L50|100\/100\n|switch|p2b: Eelda's Heir|Dudunsparce-Three-Segment, L50, M|100\/100\n|-ability|p1b: Gyarados|Intimidate|boost\n|-unboost|p2a: Mushikui|atk|1\n|-unboost|p2b: Eelda's Heir|atk|1\n|-ability|p2b: Eelda's Heir|Rattled|boost\n|-boost|p2b: Eelda's Heir|spe|1\n|turn|1\n|\n|t:|1683635431\n|-terastallize|p2b: Eelda's Heir|Psychic\n|move|p2a: Mushikui|Beat Up|p2b: Eelda's Heir\n|-supereffective|p2b: Eelda's Heir\n|-damage|p2b: Eelda's Heir|99\/100\n|-ability|p2b: Eelda's Heir|Rattled|boost\n|-boost|p2b: Eelda's Heir|spe|1\n|-enditem|p2b: Eelda's Heir|Weakness Policy\n|-boost|p2b: Eelda's Heir|atk|2|[from] item: Weakness Policy\n|-boost|p2b: Eelda's Heir|spa|2|[from] item: Weakness Policy\n|-supereffective|p2b: Eelda's Heir\n|-damage|p2b: Eelda's Heir|96\/100\n|-ability|p2b: Eelda's Heir|Rattled|boost\n|-boost|p2b: Eelda's Heir|spe|1\n|-supereffective|p2b: Eelda's Heir\n|-damage|p2b: Eelda's Heir|94\/100\n|-ability|p2b: Eelda's Heir|Rattled|boost\n|-boost|p2b: Eelda's Heir|spe|1\n|-supereffective|p2b: Eelda's Heir\n|-damage|p2b: Eelda's Heir|91\/100\n|-ability|p2b: Eelda's Heir|Rattled|boost\n|-boost|p2b: Eelda's Heir|spe|1\n|-hitcount|p2b: Eelda's Heir|4\n|move|p2b: Eelda's Heir|Stored Power|p1a: Amoonguss\n|-supereffective|p1a: Amoonguss\n|-damage|p1a: Amoonguss|0 fnt\n|faint|p1a: Amoonguss\n|move|p1b: Gyarados|Taunt|p2a: Mushikui\n|-start|p2a: Mushikui|move: Taunt\n|\n|upkeep\n|\n|t:|1683635443\n|switch|p1a: Flutter Mane|Flutter Mane, L50|100\/100\n|-enditem|p1a: Flutter Mane|Booster Energy\n|-activate|p1a: Flutter Mane|ability: Protosynthesis|[fromitem]\n|-start|p1a: Flutter Mane|protosynthesisspe\n|turn|2\n|inactive|Icicle220 has 30 seconds left.\n|\n|t:|1683635480\n|move|p1a: Flutter Mane|Protect|p1a: Flutter Mane\n|-singleturn|p1a: Flutter Mane|Protect\n|move|p2b: Eelda's Heir|Stored Power|p1a: Flutter Mane\n|-activate|p1a: Flutter Mane|move: Protect\n|move|p2a: Mushikui|Beat Up|p1b: Gyarados\n|-damage|p1b: Gyarados|99\/100\n|-damage|p1b: Gyarados|97\/100\n|-damage|p1b: Gyarados|96\/100\n|-damage|p1b: Gyarados|94\/100\n|-hitcount|p1b: Gyarados|4\n|move|p1b: Gyarados|Thunder Wave|p2b: Eelda's Heir\n|-status|p2b: Eelda's Heir|par\n|\n|upkeep\n|turn|3\n|\n|t:|1683635505\n|move|p1a: Flutter Mane|Shadow Ball|p2b: Eelda's Heir\n|-supereffective|p2b: Eelda's Heir\n|-damage|p2b: Eelda's Heir|28\/100 par\n|-unboost|p2b: Eelda's Heir|spd|1\n|-ability|p2b: Eelda's Heir|Rattled|boost\n|-boost|p2b: Eelda's Heir|spe|1\n|move|p2a: Mushikui|Beat Up|p1b: Gyarados\n|-damage|p1b: Gyarados|93\/100\n|-damage|p1b: Gyarados|91\/100\n|-damage|p1b: Gyarados|90\/100\n|-hitcount|p1b: Gyarados|3\n|move|p2b: Eelda's Heir|Stored Power|p1a: Flutter Mane\n|-damage|p1a: Flutter Mane|0 fnt\n|faint|p1a: Flutter Mane\n|-end|p1a: Flutter Mane|Protosynthesis|[silent]\n|move|p1b: Gyarados|Waterfall|p2b: Eelda's Heir\n|-damage|p2b: Eelda's Heir|4\/100 par\n|\n|upkeep\n|\n|t:|1683635514\n|switch|p1a: Baxcalibur|Baxcalibur, L50, M, shiny|100\/100\n|turn|4\n|\n|t:|1683635523\n|move|p2b: Eelda's Heir|Protect|p2b: Eelda's Heir\n|-singleturn|p2b: Eelda's Heir|Protect\n|move|p1a: Baxcalibur|Protect|p1a: Baxcalibur\n|-singleturn|p1a: Baxcalibur|Protect\n|move|p2a: Mushikui|Beat Up|p1a: Baxcalibur\n|-activate|p1a: Baxcalibur|move: Protect\n|move|p1b: Gyarados|Icy Wind|p2a: Mushikui|[spread] p2a\n|-activate|p2b: Eelda's Heir|move: Protect\n|-damage|p2a: Mushikui|93\/100\n|-unboost|p2a: Mushikui|spe|1\n|\n|-end|p2a: Mushikui|move: Taunt\n|upkeep\n|turn|5\n|\n|t:|1683635531\n|move|p2a: Mushikui|Follow Me|p2a: Mushikui\n|-singleturn|p2a: Mushikui|move: Follow Me\n|move|p2b: Eelda's Heir|Baton Pass|p2b: Eelda's Heir\n|\n|t:|1683635537\n|switch|p2b: Vaatu|Chi-Yu, L50|100\/100|[from] Baton Pass\n|-ability|p2b: Vaatu|Beads of Ruin\n|move|p1a: Baxcalibur|Dragon Dance|p1a: Baxcalibur\n|-boost|p1a: Baxcalibur|atk|1\n|-boost|p1a: Baxcalibur|spe|1\n|move|p1b: Gyarados|Icy Wind|p2a: Mushikui|[spread] p2a\n|-miss|p1b: Gyarados|p2b: Vaatu\n|-damage|p2a: Mushikui|83\/100\n|-unboost|p2a: Mushikui|spe|1\n|\n|upkeep\n|turn|6\n|\n|t:|1683635558\n|move|p1a: Baxcalibur|Protect|p1a: Baxcalibur\n|-singleturn|p1a: Baxcalibur|Protect\n|move|p2a: Mushikui|Follow Me|p2a: Mushikui\n|-singleturn|p2a: Mushikui|move: Follow Me\n|move|p2b: Vaatu|Dark Pulse|p1b: Gyarados\n|-damage|p1b: Gyarados|0 fnt\n|faint|p1b: Gyarados\n|-damage|p2b: Vaatu|90\/100|[from] item: Life Orb\n|\n|upkeep\n|turn|7\n|-message|ElQuePruebaTimsUwU forfeited.\n|\n|win|Icicle220\n|raw|ElQuePruebaTimsUwU's rating: 1306 → 1282<\/strong> (-24 for losing)\n|raw|Icicle220's rating: 1230 → 1260<\/strong> (+30 for winning)\n|l|\u2606ElQuePruebaTimsUwU\n","uploadtime":1683635577,"views":9,"p1id":"elquepruebatimsuwu","p2id":"icicle220","formatid":"gen9vgc2023regulationc","rating":1260,"private":0,"password":""}