{"id":"gen9vgc2023regulationc-1850320330","p1":"BlindMagneton","p2":"ballin on mfs","format":"[Gen 9] VGC 2023 Regulation C","log":"|j|\u2606BlindMagneton\n|j|\u2606ballin on mfs\n|t:|1682317544\n|gametype|doubles\n|player|p1|BlindMagneton|wattson|1369\n|player|p2|ballin on mfs|psychic-gen4|1337\n|teamsize|p1|6\n|teamsize|p2|6\n|gen|9\n|tier|[Gen 9] VGC 2023 Regulation C\n|rated|\n|rule|Species Clause: Limit one of each Pok\u00e9mon\n|rule|Item Clause: Limit one of each item\n|clearpoke\n|poke|p1|Iron Valiant, L50|\n|poke|p1|Wo-Chien, L50|\n|poke|p1|Maushold, L50|\n|poke|p1|Grimmsnarl, L50, M|\n|poke|p1|Chien-Pao, L50|\n|poke|p1|Dragapult, L50, M|\n|poke|p2|Tatsugiri, L50, M|\n|poke|p2|Iron Hands, L50|\n|poke|p2|Arcanine, L50, F|\n|poke|p2|Murkrow, L50, F|\n|poke|p2|Flutter Mane, L50|\n|poke|p2|Great Tusk, L50|\n|teampreview|4\n|inactive|Battle timer is ON: inactive players will automatically lose when time's up. (requested by ballin on mfs)\n|\n|t:|1682317665\n|start\n|switch|p1a: Grimmsnarl|Grimmsnarl, L50, M|100\/100\n|switch|p1b: Iron Valiant|Iron Valiant, L50|100\/100\n|switch|p2a: Iron Hands|Iron Hands, L50|100\/100\n|switch|p2b: Great Tusk|Great Tusk, L50|100\/100\n|-enditem|p1b: Iron Valiant|Booster Energy\n|-activate|p1b: Iron Valiant|ability: Quark Drive|[fromitem]\n|-start|p1b: Iron Valiant|quarkdrivespe\n|turn|1\n|inactive|BlindMagneton has 30 seconds left.\n|inactive|ballin on mfs has 30 seconds left.\n|inactive|ballin on mfs has 20 seconds left.\n|\n|t:|1682317702\n|move|p1a: Grimmsnarl|Fake Out|p2b: Great Tusk\n|-crit|p2b: Great Tusk\n|-damage|p2b: Great Tusk|82\/100\n|move|p2a: Iron Hands|Fake Out|p1a: Grimmsnarl\n|-damage|p1a: Grimmsnarl|78\/100\n|move|p1b: Iron Valiant|Dazzling Gleam|p2b: Great Tusk|[spread] p2a,p2b\n|-supereffective|p2a: Iron Hands\n|-supereffective|p2b: Great Tusk\n|-damage|p2a: Iron Hands|66\/100\n|-damage|p2b: Great Tusk|0 fnt\n|faint|p2b: Great Tusk\n|-end|p2b: Great Tusk|Protosynthesis|[silent]\n|\n|upkeep\n|\n|t:|1682317713\n|switch|p2b: Arcanine|Arcanine, L50, F|100\/100\n|-ability|p2b: Arcanine|Intimidate|boost\n|-unboost|p1a: Grimmsnarl|atk|1\n|-unboost|p1b: Iron Valiant|atk|1\n|turn|2\n|inactive|BlindMagneton has 30 seconds left.\n|inactive|ballin on mfs has 30 seconds left.\n|inactive|BlindMagneton has 20 seconds left.\n|inactive|ballin on mfs has 20 seconds left.\n|inactive|ballin on mfs has 15 seconds left.\n|\n|t:|1682317758\n|-terastallize|p2a: Iron Hands|Flying\n|move|p1a: Grimmsnarl|Thunder Wave|p2b: Arcanine\n|-status|p2b: Arcanine|par\n|move|p1b: Iron Valiant|Moonblast|p2a: Iron Hands\n|-damage|p2a: Iron Hands|37\/100\n|-unboost|p2a: Iron Hands|spa|1\n|move|p2a: Iron Hands|Wild Charge|p1b: Iron Valiant\n|-damage|p1b: Iron Valiant|24\/100\n|-damage|p2a: Iron Hands|26\/100|[from] Recoil\n|cant|p2b: Arcanine|par\n|\n|upkeep\n|turn|3\n|\n|t:|1682317780\n|-end|p1b: Iron Valiant|Quark Drive|[silent]\n|switch|p1b: Dragapult|Dragapult, L50, M|100\/100\n|move|p2b: Arcanine|Extreme Speed|p1b: Dragapult\n|-immune|p1b: Dragapult\n|move|p1a: Grimmsnarl|Thunder Wave|p2a: Iron Hands\n|-status|p2a: Iron Hands|par\n|move|p2a: Iron Hands|Close Combat|p1a: Grimmsnarl\n|-damage|p1a: Grimmsnarl|0 fnt\n|-unboost|p2a: Iron Hands|def|1\n|-unboost|p2a: Iron Hands|spd|1\n|faint|p1a: Grimmsnarl\n|\n|upkeep\n|\n|t:|1682317797\n|switch|p1a: Wo-Chien|Wo-Chien, L50|100\/100\n|-ability|p1a: Wo-Chien|Tablets of Ruin\n|turn|4\n|\n|t:|1682317821\n|-end|p2a: Iron Hands|Quark Drive|[silent]\n|switch|p2a: Murkrow|Murkrow, L50, F|100\/100\n|-terastallize|p1a: Wo-Chien|Fire\n|move|p1b: Dragapult|Phantom Force||[still]\n|-prepare|p1b: Dragapult|Phantom Force\n|move|p1a: Wo-Chien|Leech Seed|p2b: Arcanine\n|-start|p2b: Arcanine|move: Leech Seed\n|move|p2b: Arcanine|Flare Blitz|p1a: Wo-Chien\n|-resisted|p1a: Wo-Chien\n|-damage|p1a: Wo-Chien|83\/100\n|-damage|p2b: Arcanine|95\/100 par|[from] Recoil\n|\n|-damage|p2b: Arcanine|83\/100 par|[from] Leech Seed|[of] p1a: Wo-Chien\n|-heal|p1a: Wo-Chien|99\/100|[silent]\n|upkeep\n|turn|5\n|inactive|BlindMagneton has 30 seconds left.\n|inactive|ballin on mfs has 30 seconds left.\n|inactive|BlindMagneton has 20 seconds left.\n|inactive|BlindMagneton has 15 seconds left.\n|\n|t:|1682317865\n|move|p2a: Murkrow|Taunt|p1a: Wo-Chien\n|-start|p1a: Wo-Chien|move: Taunt\n|move|p1b: Dragapult|Phantom Force|p2a: Murkrow|[from]lockedmove\n|-resisted|p2a: Murkrow\n|-damage|p2a: Murkrow|78\/100\n|cant|p1a: Wo-Chien|move: Taunt|Leech Seed\n|cant|p2b: Arcanine|par\n|\n|-damage|p2b: Arcanine|70\/100 par|[from] Leech Seed|[of] p1a: Wo-Chien\n|-heal|p1a: Wo-Chien|100\/100|[silent]\n|upkeep\n|turn|6\n|inactive|BlindMagneton has 30 seconds left.\n|inactive|ballin on mfs has 30 seconds left.\n|\n|t:|1682317904\n|switch|p2b: Iron Hands|Iron Hands, L50, tera:Flying|26\/100 par\n|move|p1b: Dragapult|Will-O-Wisp|p2a: Murkrow\n|-status|p2a: Murkrow|brn\n|move|p2a: Murkrow|Foul Play|p1b: Dragapult\n|-supereffective|p1b: Dragapult\n|-damage|p1b: Dragapult|58\/100\n|move|p1a: Wo-Chien|Foul Play|p2b: Iron Hands\n|-damage|p2b: Iron Hands|0 fnt\n|faint|p2b: Iron Hands\n|-end|p2b: Iron Hands|Quark Drive|[silent]\n|\n|-damage|p2a: Murkrow|72\/100 brn|[from] brn\n|upkeep\n|\n|t:|1682317913\n|switch|p2b: Arcanine|Arcanine, L50, F|70\/100 par\n|-ability|p2b: Arcanine|Intimidate|boost\n|-unboost|p1a: Wo-Chien|atk|1\n|-fail|p1b: Dragapult|unboost|[from] ability: Clear Body|[of] p1b: Dragapult\n|turn|7\n|\n|t:|1682317936\n|move|p1b: Dragapult|Phantom Force||[still]\n|-prepare|p1b: Dragapult|Phantom Force\n|move|p2a: Murkrow|Foul Play|p1b: Dragapult|[miss]\n|-miss|p2a: Murkrow|p1b: Dragapult\n|move|p1a: Wo-Chien|Foul Play|p2b: Arcanine\n|-damage|p2b: Arcanine|26\/100 par\n|cant|p2b: Arcanine|par\n|\n|-damage|p2a: Murkrow|66\/100 brn|[from] brn\n|-end|p1a: Wo-Chien|move: Taunt\n|upkeep\n|turn|8\n|-message|ballin on mfs forfeited.\n|\n|win|BlindMagneton\n|raw|BlindMagneton's rating: 1369 → 1387<\/strong> (+18 for winning)\n|raw|ballin on mfs's rating: 1337 → 1319<\/strong> (-18 for losing)\n|l|\u2606ballin on mfs\n","uploadtime":1682317954,"views":32,"p1id":"blindmagneton","p2id":"ballinonmfs","formatid":"gen9vgc2023regulationc","rating":1319,"private":0,"password":""}