{"id":"gen9vgc2023regulationc-1847719786","p1":"ultramandyna","p2":"PhenexD","format":"[Gen 9] VGC 2023 Regulation C","log":"|j|\u2606ultramandyna\n|j|\u2606PhenexD\n|t:|1681995955\n|gametype|doubles\n|player|p1|ultramandyna|102|1005\n|player|p2|PhenexD|170|1048\n|teamsize|p1|6\n|teamsize|p2|6\n|gen|9\n|tier|[Gen 9] VGC 2023 Regulation C\n|rated|\n|rule|Species Clause: Limit one of each Pok\u00e9mon\n|rule|Item Clause: Limit one of each item\n|clearpoke\n|poke|p1|Amoonguss, L50, M|\n|poke|p1|Ting-Lu, L50|\n|poke|p1|Palafin, L50, M|\n|poke|p1|Skeledirge, L50, M|\n|poke|p1|Baxcalibur, L50, M|\n|poke|p1|Haxorus, L50, M|\n|poke|p2|Amoonguss, L50, M|\n|poke|p2|Gothitelle, L50, F|\n|poke|p2|Arcanine, L50, F|\n|poke|p2|Flutter Mane, L50|\n|poke|p2|Murkrow, L50, M|\n|poke|p2|Garchomp, L50, F|\n|teampreview|4\n|\n|t:|1681995988\n|start\n|switch|p1a: Palafin|Palafin, L50, M|100\/100\n|switch|p1b: Amoonguss|Amoonguss, L50, M|100\/100\n|switch|p2a: Murkrow|Murkrow, L50, M, shiny|100\/100\n|switch|p2b: Gothitelle|Gothitelle, L50, F, shiny|100\/100\n|turn|1\n|\n|t:|1681996012\n|-terastallize|p1a: Palafin|Water\n|move|p2a: Murkrow|Taunt|p1b: Amoonguss\n|-start|p1b: Amoonguss|move: Taunt\n|move|p1a: Palafin|Wave Crash|p2b: Gothitelle\n|-damage|p2b: Gothitelle|28\/100\n|-enditem|p2b: Gothitelle|Sitrus Berry|[eat]\n|-heal|p2b: Gothitelle|53\/100|[from] item: Sitrus Berry\n|-damage|p1a: Palafin|78\/100|[from] Recoil\n|move|p2b: Gothitelle|Reflect|p2b: Gothitelle\n|-sidestart|p2: PhenexD|Reflect\n|cant|p1b: Amoonguss|move: Taunt|Spore\n|\n|upkeep\n|turn|2\n|\n|t:|1681996030\n|move|p2b: Gothitelle|Protect|p2b: Gothitelle\n|-singleturn|p2b: Gothitelle|Protect\n|move|p2a: Murkrow|Perish Song|p2a: Murkrow\n|-start|p1a: Palafin|perish3|[silent]\n|-start|p1b: Amoonguss|perish3|[silent]\n|-start|p2a: Murkrow|perish3|[silent]\n|-start|p2b: Gothitelle|perish3|[silent]\n|-fieldactivate|move: Perish Song\n|move|p1a: Palafin|Wave Crash|p2b: Gothitelle\n|-activate|p2b: Gothitelle|move: Protect\n|move|p1b: Amoonguss|Pollen Puff|p1a: Palafin\n|-heal|p1a: Palafin|100\/100\n|\n|-start|p2a: Murkrow|perish3\n|-start|p1a: Palafin|perish3\n|-start|p2b: Gothitelle|perish3\n|-start|p1b: Amoonguss|perish3\n|upkeep\n|turn|3\n|\n|t:|1681996049\n|move|p2b: Gothitelle|Endure|p2b: Gothitelle\n|-singleturn|p2b: Gothitelle|move: Endure\n|move|p2a: Murkrow|Tailwind|p2a: Murkrow\n|-sidestart|p2: PhenexD|move: Tailwind\n|move|p1a: Palafin|Wave Crash|p2b: Gothitelle\n|-damage|p2b: Gothitelle|2\/100\n|-damage|p1a: Palafin|85\/100|[from] Recoil\n|move|p1b: Amoonguss|Pollen Puff|p1a: Palafin\n|-heal|p1a: Palafin|100\/100\n|\n|-end|p1b: Amoonguss|move: Taunt\n|-start|p2a: Murkrow|perish2\n|-start|p2b: Gothitelle|perish2\n|-start|p1a: Palafin|perish2\n|-start|p1b: Amoonguss|perish2\n|upkeep\n|turn|4\n|\n|t:|1681996077\n|move|p2a: Murkrow|Protect|p2a: Murkrow\n|-singleturn|p2a: Murkrow|Protect\n|move|p2b: Gothitelle|Protect||[still]\n|-fail|p2b: Gothitelle\n|move|p1a: Palafin|Jet Punch|p2b: Gothitelle\n|-damage|p2b: Gothitelle|0 fnt\n|faint|p2b: Gothitelle\n|move|p1b: Amoonguss|Pollen Puff|p1a: Palafin\n|-immune|p1a: Palafin\n|\n|-start|p2a: Murkrow|perish1\n|-start|p1a: Palafin|perish1\n|-start|p1b: Amoonguss|perish1\n|upkeep\n|\n|t:|1681996089\n|switch|p2b: Flutter Mane|Flutter Mane, L50, shiny|100\/100\n|turn|5\n|\n|t:|1681996108\n|switch|p2a: Amoonguss|Amoonguss, L50, M, shiny|100\/100\n|detailschange|p1a: Palafin|Palafin-Hero, L50, M, tera:Water\n|switch|p1a: Ting-Lu|Ting-Lu, L50|100\/100\n|-ability|p1a: Ting-Lu|Vessel of Ruin\n|move|p2b: Flutter Mane|Moonblast|p1a: Ting-Lu\n|-supereffective|p1a: Ting-Lu\n|-damage|p1a: Ting-Lu|34\/100\n|move|p1b: Amoonguss|Spore|p2b: Flutter Mane\n|-status|p2b: Flutter Mane|slp|[from] move: Spore\n|\n|-heal|p1a: Ting-Lu|40\/100|[from] item: Leftovers\n|-start|p1b: Amoonguss|perish0\n|-sideend|p2: PhenexD|Reflect\n|faint|p1b: Amoonguss\n|upkeep\n|\n|t:|1681996124\n|switch|p1b: Haxorus|Haxorus, L50, M|100\/100\n|-ability|p1b: Haxorus|Mold Breaker\n|turn|6\n|\n|t:|1681996147\n|-end|p2b: Flutter Mane|Protosynthesis|[silent]\n|switch|p2b: Murkrow|Murkrow, L50, M, shiny|100\/100\n|move|p1b: Haxorus|Earthquake|p2b: Murkrow|[spread] p1a,p2a\n|-immune|p2b: Murkrow\n|-crit|p1a: Ting-Lu\n|-damage|p1a: Ting-Lu|22\/100\n|-damage|p2a: Amoonguss|70\/100\n|move|p2a: Amoonguss|Spore|p1b: Haxorus\n|-status|p1b: Haxorus|slp|[from] move: Spore\n|-enditem|p1b: Haxorus|Lum Berry|[eat]\n|-curestatus|p1b: Haxorus|slp|[msg]\n|move|p1a: Ting-Lu|Ruination|p2b: Murkrow\n|-damage|p2b: Murkrow|51\/100\n|\n|-heal|p1a: Ting-Lu|28\/100|[from] item: Leftovers\n|-sideend|p2: PhenexD|move: Tailwind\n|upkeep\n|turn|7\n|\n|t:|1681996183\n|move|p2b: Murkrow|Tailwind|p2b: Murkrow\n|-sidestart|p2: PhenexD|move: Tailwind\n|move|p1b: Haxorus|Dragon Dance|p1b: Haxorus\n|-boost|p1b: Haxorus|atk|1\n|-boost|p1b: Haxorus|spe|1\n|move|p2a: Amoonguss|Spore|p1b: Haxorus\n|-status|p1b: Haxorus|slp|[from] move: Spore\n|move|p1a: Ting-Lu|Ruination|p2a: Amoonguss\n|-damage|p2a: Amoonguss|35\/100\n|\n|-heal|p1a: Ting-Lu|34\/100|[from] item: Leftovers\n|upkeep\n|turn|8\n|\n|t:|1681996204\n|switch|p2b: Flutter Mane|Flutter Mane, L50, shiny|100\/100 slp\n|move|p2a: Amoonguss|Protect|p2a: Amoonguss\n|-singleturn|p2a: Amoonguss|Protect\n|cant|p1b: Haxorus|slp\n|move|p1a: Ting-Lu|Ruination|p2b: Flutter Mane\n|-damage|p2b: Flutter Mane|51\/100 slp\n|\n|-heal|p1a: Ting-Lu|40\/100|[from] item: Leftovers\n|upkeep\n|turn|9\n|\n|t:|1681996220\n|cant|p2b: Flutter Mane|slp\n|-curestatus|p1b: Haxorus|slp|[msg]\n|move|p1b: Haxorus|Earthquake|p2a: Amoonguss|[spread] p1a,p2a,p2b\n|-crit|p2a: Amoonguss\n|-damage|p1a: Ting-Lu|20\/100\n|-damage|p2a: Amoonguss|0 fnt\n|-damage|p2b: Flutter Mane|0 fnt\n|faint|p2a: Amoonguss\n|faint|p2b: Flutter Mane\n|-end|p2b: Flutter Mane|Protosynthesis|[silent]\n|move|p1a: Ting-Lu|Ruination|p2: Amoonguss|[notarget]\n|-fail|p1a: Ting-Lu\n|\n|-heal|p1a: Ting-Lu|26\/100|[from] item: Leftovers\n|upkeep\n|-message|PhenexD forfeited.\n|\n|win|ultramandyna\n|raw|ultramandyna's rating: 1005 → 1049<\/strong> (+44 for winning)\n|raw|PhenexD's rating: 1048 → 1029<\/strong> (-19 for losing)\n|l|\u2606PhenexD\n","uploadtime":1681996243,"views":7,"p1id":"ultramandyna","p2id":"phenexd","formatid":"gen9vgc2023regulationc","rating":1029,"private":0,"password":""}