{"id":"gen9vgc2023regulationc-1857565548","p1":"Ricardo Randorez","p2":"Excellia","format":"[Gen 9] VGC 2023 Regulation C","log":"|j|\u2606Ricardo Randorez\n|j|\u2606Excellia\n|t:|1683208786\n|gametype|doubles\n|player|p1|Ricardo Randorez|170|1246\n|player|p2|Excellia|lucas|1314\n|teamsize|p1|6\n|teamsize|p2|6\n|gen|9\n|tier|[Gen 9] VGC 2023 Regulation C\n|rated|\n|rule|Species Clause: Limit one of each Pok\u00e9mon\n|rule|Item Clause: Limit one of each item\n|clearpoke\n|poke|p1|Flutter Mane, L50|\n|poke|p1|Chi-Yu, L50|\n|poke|p1|Roaring Moon, L50|\n|poke|p1|Jumpluff, L50, F|\n|poke|p1|Wo-Chien, L50|\n|poke|p1|Torkoal, L50, M|\n|poke|p2|Annihilape, L50, F|\n|poke|p2|Iron Bundle, L50|\n|poke|p2|Arcanine, L50, F|\n|poke|p2|Roaring Moon, L50|\n|poke|p2|Gholdengo, L50|\n|poke|p2|Maushold-Four, L50|\n|teampreview|4\nExcellia has agreed to open team sheets.\n|\n|t:|1683208836\n|start\n|switch|p1a: Wo-Chien|Wo-Chien, L50|100\/100\n|switch|p1b: Flutter Mane|Flutter Mane, L50|100\/100\n|switch|p2a: Arcanine|Arcanine, L50, F|100\/100\n|switch|p2b: Roaring Moon|Roaring Moon, L50|100\/100\n|-ability|p2a: Arcanine|Intimidate|boost\n|-unboost|p1a: Wo-Chien|atk|1\n|-enditem|p1a: Wo-Chien|Eject Pack\n|-unboost|p1b: Flutter Mane|atk|1\n|inactive|Battle timer is ON: inactive players will automatically lose when time's up. (requested by Ricardo Randorez)\n|\n|t:|1683208858\n|switch|p1a: Roaring Moon|Roaring Moon, L50|100\/100\n|-enditem|p2b: Roaring Moon|Booster Energy\n|-activate|p2b: Roaring Moon|ability: Protosynthesis|[fromitem]\n|-start|p2b: Roaring Moon|protosynthesisspe\n|turn|1\n|inactive|Excellia has 30 seconds left.\n|inactive|Excellia has 20 seconds left.\n|inactive|Excellia has 15 seconds left.\n|\n|t:|1683208899\n|switch|p2a: Iron Bundle|Iron Bundle, L50|100\/100\n|-terastallize|p2b: Roaring Moon|Flying\n|move|p2b: Roaring Moon|Acrobatics|p1b: Flutter Mane\n|-damage|p1b: Flutter Mane|38\/100\n|move|p1a: Roaring Moon|Rock Slide|p2a: Iron Bundle|[spread] p2a,p2b\n|-supereffective|p2a: Iron Bundle\n|-supereffective|p2b: Roaring Moon\n|-damage|p2a: Iron Bundle|49\/100\n|-damage|p2b: Roaring Moon|48\/100\n|move|p1b: Flutter Mane|Trick Room|p1b: Flutter Mane\n|-fieldstart|move: Trick Room|[of] p1b: Flutter Mane\n|\n|upkeep\n|turn|2\n|\n|t:|1683208922\n|move|p1b: Flutter Mane|Substitute|p1b: Flutter Mane\n|-start|p1b: Flutter Mane|Substitute\n|-damage|p1b: Flutter Mane|14\/100\n|move|p1a: Roaring Moon|Rock Slide|p2b: Roaring Moon|[spread] p2a,p2b\n|-supereffective|p2a: Iron Bundle\n|-crit|p2a: Iron Bundle\n|-supereffective|p2b: Roaring Moon\n|-damage|p2a: Iron Bundle|0 fnt\n|-damage|p2b: Roaring Moon|1\/100\n|faint|p2a: Iron Bundle\n|-end|p2a: Iron Bundle|Quark Drive|[silent]\n|move|p2b: Roaring Moon|Breaking Swipe|p1b: Flutter Mane|[spread] p1a\n|-immune|p1b: Flutter Mane\n|-supereffective|p1a: Roaring Moon\n|-damage|p1a: Roaring Moon|46\/100\n|-unboost|p1a: Roaring Moon|atk|1\n|-enditem|p1a: Roaring Moon|Weakness Policy\n|-boost|p1a: Roaring Moon|atk|2|[from] item: Weakness Policy\n|-boost|p1a: Roaring Moon|spa|2|[from] item: Weakness Policy\n|\n|upkeep\n|\n|t:|1683208936\n|switch|p2a: Arcanine|Arcanine, L50, F|100\/100\n|-ability|p2a: Arcanine|Intimidate|boost\n|-unboost|p1a: Roaring Moon|atk|1\n|-immune|p1b: Flutter Mane\n|turn|3\n|\n|t:|1683208953\n|move|p2b: Roaring Moon|Protect|p2b: Roaring Moon\n|-singleturn|p2b: Roaring Moon|Protect\n|move|p1b: Flutter Mane|Shadow Ball|p2a: Arcanine\n|-damage|p2a: Arcanine|75\/100\n|move|p2a: Arcanine|Snarl|p1b: Flutter Mane|[spread] p1a,p1b\n|-resisted|p1a: Roaring Moon\n|-damage|p1a: Roaring Moon|42\/100\n|-damage|p1b: Flutter Mane|7\/100\n|-unboost|p1a: Roaring Moon|spa|1\n|-unboost|p1b: Flutter Mane|spa|1\n|move|p1a: Roaring Moon|Rock Slide|p2b: Roaring Moon|[spread] p2a\n|-activate|p2b: Roaring Moon|move: Protect\n|-supereffective|p2a: Arcanine\n|-damage|p2a: Arcanine|27\/100\n|\n|upkeep\n|turn|4\n|\n|t:|1683208973\n|-end|p2b: Roaring Moon|Protosynthesis|[silent]\n|switch|p2b: Annihilape|Annihilape, L50, F|100\/100\n|move|p1b: Flutter Mane|Dazzling Gleam|p2a: Arcanine|[spread] p2a,p2b\n|-resisted|p2a: Arcanine\n|-supereffective|p2b: Annihilape\n|-damage|p2a: Arcanine|21\/100\n|-damage|p2b: Annihilape|71\/100\n|move|p2a: Arcanine|Snarl|p1a: Roaring Moon|[spread] p1a,p1b\n|-resisted|p1a: Roaring Moon\n|-damage|p1a: Roaring Moon|38\/100\n|-damage|p1b: Flutter Mane|0 fnt\n|-unboost|p1a: Roaring Moon|spa|1\n|faint|p1b: Flutter Mane\n|-end|p1b: Flutter Mane|Protosynthesis|[silent]\n|move|p1a: Roaring Moon|Rock Slide|p2a: Arcanine|[spread] p2a,p2b\n|-supereffective|p2a: Arcanine\n|-resisted|p2b: Annihilape\n|-damage|p2a: Arcanine|0 fnt\n|-damage|p2b: Annihilape|61\/100\n|faint|p2a: Arcanine\n|\n|upkeep\n|\n|t:|1683208992\n|switch|p1b: Torkoal|Torkoal, L50, M|100\/100\n|switch|p2a: Roaring Moon|Roaring Moon, L50, tera:Flying|1\/100\n|-weather|SunnyDay|[from] ability: Drought|[of] p1b: Torkoal\n|-activate|p1a: Roaring Moon|ability: Protosynthesis\n|-start|p1a: Roaring Moon|protosynthesisatk\n|-activate|p2a: Roaring Moon|ability: Protosynthesis\n|-start|p2a: Roaring Moon|protosynthesisspe\n|turn|5\n|\n|t:|1683209005\n|move|p2b: Annihilape|Protect|p2b: Annihilape\n|-singleturn|p2b: Annihilape|Protect\n|move|p2a: Roaring Moon|Protect|p2a: Roaring Moon\n|-singleturn|p2a: Roaring Moon|Protect\n|move|p1b: Torkoal|Eruption|p2b: Annihilape|[spread] \n|-activate|p2a: Roaring Moon|move: Protect\n|-activate|p2b: Annihilape|move: Protect\n|move|p1a: Roaring Moon|Rock Slide|p2b: Annihilape|[spread] \n|-activate|p2a: Roaring Moon|move: Protect\n|-activate|p2b: Annihilape|move: Protect\n|\n|-weather|SunnyDay|[upkeep]\n|-fieldend|move: Trick Room\n|upkeep\n|turn|6\n|\n|t:|1683209023\n|switch|p1b: Wo-Chien|Wo-Chien, L50|100\/100\n|-ability|p1b: Wo-Chien|Tablets of Ruin\n|move|p2a: Roaring Moon|Acrobatics|p1a: Roaring Moon\n|-damage|p1a: Roaring Moon|0 fnt\n|faint|p1a: Roaring Moon\n|-end|p1a: Roaring Moon|Protosynthesis|[silent]\n|move|p2b: Annihilape|Rage Fist|p1b: Wo-Chien\n|-resisted|p1b: Wo-Chien\n|-damage|p1b: Wo-Chien|79\/100\n|\n|-weather|SunnyDay|[upkeep]\n|upkeep\n|\n|t:|1683209036\n|switch|p1a: Torkoal|Torkoal, L50, M|100\/100\n|turn|7\n|\n|t:|1683209052\n|-terastallize|p1b: Wo-Chien|Poison\n|move|p2a: Roaring Moon|Protect|p2a: Roaring Moon\n|-singleturn|p2a: Roaring Moon|Protect\n|move|p2b: Annihilape|Rage Fist|p1a: Torkoal\n|-damage|p1a: Torkoal|62\/100\n|move|p1b: Wo-Chien|Dark Pulse|p2b: Annihilape\n|-damage|p2b: Annihilape|30\/100\n|-enditem|p2b: Annihilape|Sitrus Berry|[eat]\n|-heal|p2b: Annihilape|55\/100|[from] item: Sitrus Berry\n|move|p1a: Torkoal|Heat Wave|p2a: Roaring Moon|[spread] p2b\n|-activate|p2a: Roaring Moon|move: Protect\n|-damage|p2b: Annihilape|0 fnt\n|faint|p2b: Annihilape\n|\n|-weather|SunnyDay|[upkeep]\n|upkeep\n|turn|8\n|\n|t:|1683209072\n|move|p2a: Roaring Moon|Acrobatics|p1b: Wo-Chien\n|-damage|p1b: Wo-Chien|39\/100\n|move|p1b: Wo-Chien|Dark Pulse|p2a: Roaring Moon\n|-damage|p2a: Roaring Moon|0 fnt\n|faint|p2a: Roaring Moon\n|-end|p2a: Roaring Moon|Protosynthesis|[silent]\n|\n|win|Ricardo Randorez\n|raw|Ricardo Randorez's rating: 1246 → 1276<\/strong> (+30 for winning)\n|raw|Excellia's rating: 1314 → 1290<\/strong> (-24 for losing)\n|l|\u2606Excellia\n","uploadtime":1683209085,"views":9,"p1id":"ricardorandorez","p2id":"excellia","formatid":"gen9vgc2023regulationc","rating":1276,"private":0,"password":""}