{"id":"gen9vgc2023regulationc-1863905295","p1":"SlushiW","p2":"PotatoFoe11","format":"[Gen 9] VGC 2023 Regulation C","log":"|j|\u2606SlushiW\n|j|\u2606PotatoFoe11\n|t:|1684091679\n|gametype|doubles\n|player|p1|SlushiW|ethan-pokeathlon|\n|player|p2|PotatoFoe11|2|\n|teamsize|p1|6\n|teamsize|p2|6\n|gen|9\n|tier|[Gen 9] VGC 2023 Regulation C\n|rated|Tournament battle\n|rule|Species Clause: Limit one of each Pok\u00e9mon\n|rule|Item Clause: Limit one of each item\n|clearpoke\n|poke|p1|Maushold-Four, L50|\n|poke|p1|Dragonite, L50, M|\n|poke|p1|Gholdengo, L50|\n|poke|p1|Flutter Mane, L50|\n|poke|p1|Chien-Pao, L50|\n|poke|p1|Iron Bundle, L50|\n|poke|p2|Rotom-Mow, L50|\n|poke|p2|Great Tusk, L50|\n|poke|p2|Murkrow, L50, F|\n|poke|p2|Flutter Mane, L50|\n|poke|p2|Torkoal, L50, F|\n|poke|p2|Chien-Pao, L50|\n|teampreview|4\n|inactive|Battle timer is ON: inactive players will automatically lose when time's up. (requested by SlushiW)\nPotatoFoe11 has agreed to open team sheets.\nSlushiW has agreed to open team sheets.\n|inactive|SlushiW has 60 seconds left.\n|inactive|PotatoFoe11 has 60 seconds left.\n|\n|t:|1684091713\n|start\n|switch|p1a: Mouz|Maushold-Four, L50, shiny|100\/100\n|switch|p1b: Comet|Dragonite, L50, M|100\/100\n|switch|p2a: Torkoal|Torkoal, L50, F|100\/100\n|switch|p2b: Flutter Mane|Flutter Mane, L50|100\/100\n|-weather|SunnyDay|[from] ability: Drought|[of] p2a: Torkoal\n|-activate|p2b: Flutter Mane|ability: Protosynthesis\n|-start|p2b: Flutter Mane|protosynthesisspe\n|turn|1\n|j| Topperlecat\n|\n|t:|1684091731\n|-terastallize|p1b: Comet|Flying\n|move|p2b: Flutter Mane|Dazzling Gleam|p1a: Mouz|[spread] p1a,p1b\n|-crit|p1b: Comet\n|-damage|p1a: Mouz|57\/100\n|-damage|p1b: Comet|71\/100\n|move|p1a: Mouz|Super Fang|p2a: Torkoal\n|-damage|p2a: Torkoal|51\/100\n|move|p1b: Comet|Tera Blast|p2b: Flutter Mane\n|-crit|p2b: Flutter Mane\n|-damage|p2b: Flutter Mane|0 fnt\n|faint|p2b: Flutter Mane\n|-end|p2b: Flutter Mane|Protosynthesis|[silent]\n|move|p2a: Torkoal|Eruption|p1b: Comet|[spread] p1a,p1b\n|-damage|p1a: Mouz|15\/100\n|-damage|p1b: Comet|54\/100\n|\n|-weather|SunnyDay|[upkeep]\n|upkeep\n|j| blockybot2001\n|j| Cdogp\n|\n|t:|1684091745\n|switch|p2b: Great Tusk|Great Tusk, L50|100\/100\n|-activate|p2b: Great Tusk|ability: Protosynthesis\n|-start|p2b: Great Tusk|protosynthesisatk\n|turn|2\n|c|\u2606SlushiW|30% on da crit\n|c|\u2606PotatoFoe11|Wow\n|inactive|PotatoFoe11 has 30 seconds left.\n|j| Radio Free C-Side\n|inactive|PotatoFoe11 has 20 seconds left.\n|\n|t:|1684091780\n|move|p2b: Great Tusk|Protect|p2b: Great Tusk\n|-singleturn|p2b: Great Tusk|Protect\n|move|p1a: Mouz|Protect|p1a: Mouz\n|-singleturn|p1a: Mouz|Protect\n|move|p1b: Comet|Tera Blast|p2b: Great Tusk\n|-activate|p2b: Great Tusk|move: Protect\n|move|p2a: Torkoal|Heat Wave|p1b: Comet|[spread] \n|-activate|p1a: Mouz|move: Protect\n|-miss|p2a: Torkoal|p1b: Comet\n|\n|-weather|SunnyDay|[upkeep]\n|upkeep\n|turn|3\n|l| Topperlecat\n|c|\u2606SlushiW|LIGHT IT UP\n|c|\u2606PotatoFoe11|God damn it Heat Wave.\n|c|\u2606PotatoFoe11|that one time I need it to hit.\n|inactive|PotatoFoe11 has 30 seconds left.\n|inactive|PotatoFoe11 has 20 seconds left.\n|\n|t:|1684091817\n|-terastallize|p2b: Great Tusk|Steel\n|move|p2b: Great Tusk|Headlong Rush|p1a: Mouz\n|-damage|p1a: Mouz|0 fnt\n|-unboost|p2b: Great Tusk|def|1\n|-unboost|p2b: Great Tusk|spd|1\n|faint|p1a: Mouz\n|move|p1b: Comet|Tera Blast|p2a: Torkoal\n|-damage|p2a: Torkoal|2\/100\n|move|p2a: Torkoal|Heat Wave|p1b: Comet\n|-damage|p1b: Comet|15\/100\n|\n|-weather|SunnyDay|[upkeep]\n|upkeep\n|\n|t:|1684091825\n|switch|p1a: Frostbite|Chien-Pao, L50|100\/100\n|-ability|p1a: Frostbite|Sword of Ruin\n|turn|4\n|inactive|SlushiW has 30 seconds left.\n|\n|t:|1684091853\n|-end|p2b: Great Tusk|Protosynthesis|[silent]\n|switch|p2b: Rotom|Rotom-Mow, L50, shiny|100\/100\n|move|p1b: Comet|Extreme Speed|p2a: Torkoal\n|-damage|p2a: Torkoal|0 fnt\n|faint|p2a: Torkoal\n|move|p1a: Frostbite|Sacred Sword|p2b: Rotom\n|-damage|p2b: Rotom|43\/100\n|\n|-weather|SunnyDay|[upkeep]\n|-heal|p2b: Rotom|48\/100|[from] item: Leftovers\n|upkeep\n|\n|t:|1684091865\n|switch|p2a: Great Tusk|Great Tusk, L50, tera:Steel|100\/100\n|-activate|p2a: Great Tusk|ability: Protosynthesis\n|-start|p2a: Great Tusk|protosynthesisatk\n|turn|5\n|j| CyborgCrafter\n|c| CyborgCrafter|rotom\n|\n|t:|1684091876\n|move|p1b: Comet|Extreme Speed|p2b: Rotom\n|-damage|p2b: Rotom|0 fnt\n|faint|p2b: Rotom\n|move|p1a: Frostbite|Sacred Sword|p2a: Great Tusk\n|-supereffective|p2a: Great Tusk\n|-damage|p2a: Great Tusk|43\/100\n|move|p2a: Great Tusk|Earthquake|p1b: Comet|[spread] p1a\n|-immune|p1b: Comet\n|-damage|p1a: Frostbite|34\/100\n|\n|-weather|none\n|-end|p2a: Great Tusk|Protosynthesis\n|upkeep\n|-enditem|p2a: Great Tusk|Booster Energy\n|-activate|p2a: Great Tusk|ability: Protosynthesis|[fromitem]\n|-start|p2a: Great Tusk|protosynthesisatk\n|turn|6\n|c|\u2606PotatoFoe11|Si amigo rotom\n|c| CyborgCrafter|da mowing mastar\n|j| omegaruby35\n|c|\u2606SlushiW|gg\n|l| CyborgCrafter\n|j| Topperlecat\n|l| omegaruby35\n|c| blockybot2001|rip potato\n|j| amor y sol\n|inactive|PotatoFoe11 has 30 seconds left.\n|c|\u2606PotatoFoe11|Unfortunately the mowing master couldn\u2019t get it done\u2026\n|j| Vehiculo\n|\n|t:|1684091907\n|move|p2a: Great Tusk|Protect|p2a: Great Tusk\n|-singleturn|p2a: Great Tusk|Protect\n|move|p1b: Comet|Extreme Speed|p2a: Great Tusk\n|-activate|p2a: Great Tusk|move: Protect\n|move|p1a: Frostbite|Sucker Punch||[still]\n|-fail|p1a: Frostbite\n|\n|upkeep\n|turn|7\n|l| Radio Free C-Side\n|\n|t:|1684091918\n|move|p1b: Comet|Extreme Speed|p2a: Great Tusk\n|-resisted|p2a: Great Tusk\n|-damage|p2a: Great Tusk|27\/100\n|move|p1a: Frostbite|Sucker Punch|p2a: Great Tusk\n|-damage|p2a: Great Tusk|0 fnt\n|faint|p2a: Great Tusk\n|-end|p2a: Great Tusk|Protosynthesis|[silent]\n|\n|win|SlushiW\n|n|\u2606SlushiW|slushiw\n|n|\u2606PotatoFoe11|potatofoe11\n|n| blockybot2001|blockybot2001\n|n| Cdogp|cdogp\n|n| Topperlecat|topperlecat\n|n| amor y sol|amorysol\n|n| Vehiculo|vehiculo\n","uploadtime":1684091919,"views":3,"p1id":"slushiw","p2id":"potatofoe11","formatid":"gen9vgc2023regulationc","rating":0,"private":0,"password":""}