{"id":"gen9vgc2023regulationc-1850765191","p1":"ChiangWu","p2":"vicburgos","format":"[Gen 9] VGC 2023 Regulation C","log":"|j|\u2606ChiangWu\n|j|\u2606vicburgos\n|t:|1682365789\n|gametype|doubles\n|player|p1|ChiangWu|lucas|1490\n|player|p2|vicburgos|266|1473\n|teamsize|p1|6\n|teamsize|p2|6\n|gen|9\n|tier|[Gen 9] VGC 2023 Regulation C\n|rated|\n|rule|Species Clause: Limit one of each Pok\u00e9mon\n|rule|Item Clause: Limit one of each item\n|clearpoke\n|poke|p1|Chien-Pao, L50|\n|poke|p1|Rotom-Mow, L50|\n|poke|p1|Bruxish, L50, F|\n|poke|p1|Coalossal, L50, M|\n|poke|p1|Flutter Mane, L50|\n|poke|p1|Scizor, L50, F|\n|poke|p2|Grimmsnarl, L50, M|\n|poke|p2|Vaporeon, L50, F|\n|poke|p2|Goodra, L50, F|\n|poke|p2|Flutter Mane, L50|\n|poke|p2|Chi-Yu, L50|\n|poke|p2|Annihilape, L50, M|\n|teampreview|4\n|\n|t:|1682365850\n|start\n|switch|p1a: Bruxish|Bruxish, L50, F|100\/100\n|switch|p1b: Coalossal|Coalossal, L50, M|100\/100\n|switch|p2a: Grimmsnarl|Grimmsnarl, L50, M|100\/100\n|switch|p2b: Vaporeon|Vaporeon, L50, F|100\/100\n|turn|1\n|\n|t:|1682365863\n|-terastallize|p1b: Coalossal|Rock\n|move|p2a: Grimmsnarl|Light Screen|p2a: Grimmsnarl\n|-sidestart|p2: vicburgos|move: Light Screen\n|move|p1a: Bruxish|Wave Crash|p2a: Grimmsnarl\n|-damage|p2a: Grimmsnarl|35\/100\n|-damage|p1a: Bruxish|70\/100|[from] Recoil\n|move|p2b: Vaporeon|Haze|p2b: Vaporeon\n|-clearallboost\n|move|p1b: Coalossal|Rock Slide|p2a: Grimmsnarl|[spread] p2a,p2b\n|-crit|p2b: Vaporeon\n|-damage|p2a: Grimmsnarl|0 fnt\n|-damage|p2b: Vaporeon|60\/100\n|faint|p2a: Grimmsnarl\n|\n|upkeep\n|\n|t:|1682365877\n|switch|p2a: Goodra|Goodra, L50, F|100\/100\n|turn|2\n|\n|t:|1682365883\n|-terastallize|p2a: Goodra|Water\n|move|p1a: Bruxish|Aqua Jet|p1b: Coalossal\n|-supereffective|p1b: Coalossal\n|-damage|p1b: Coalossal|71\/100\n|-ability|p1b: Coalossal|Steam Engine|boost\n|-boost|p1b: Coalossal|spe|6\n|-enditem|p1b: Coalossal|Weakness Policy\n|-boost|p1b: Coalossal|atk|2|[from] item: Weakness Policy\n|-boost|p1b: Coalossal|spa|2|[from] item: Weakness Policy\n|move|p1b: Coalossal|Rock Slide|p2a: Goodra|[spread] p2a,p2b\n|-damage|p2a: Goodra|47\/100\n|-damage|p2b: Vaporeon|8\/100\n|move|p2a: Goodra|Surf|p1a: Bruxish|[spread] p1a,p1b\n|-heal|p2b: Vaporeon|33\/100|[from] ability: Water Absorb|[of] p2a: Goodra\n|-resisted|p1a: Bruxish\n|-supereffective|p1b: Coalossal\n|-damage|p1a: Bruxish|49\/100\n|-damage|p1b: Coalossal|17\/100\n|move|p2b: Vaporeon|Haze|p2b: Vaporeon\n|-clearallboost\n|\n|upkeep\n|turn|3\n|\n|t:|1682365909\n|move|p2b: Vaporeon|Protect|p2b: Vaporeon\n|-singleturn|p2b: Vaporeon|Protect\n|move|p1a: Bruxish|Wave Crash|p2b: Vaporeon\n|-activate|p2b: Vaporeon|move: Protect\n|move|p2a: Goodra|Life Dew|p2a: Goodra|[spread] p2a\n|-heal|p2b: Vaporeon|57\/100|[from] ability: Water Absorb|[of] p2a: Goodra\n|-heal|p2a: Goodra|72\/100\n|move|p1b: Coalossal|Rock Slide|p2b: Vaporeon|[spread] p2a\n|-activate|p2b: Vaporeon|move: Protect\n|-damage|p2a: Goodra|45\/100\n|\n|upkeep\n|turn|4\n|\n|t:|1682365932\n|move|p1a: Bruxish|Wave Crash|p2b: Vaporeon\n|-heal|p2b: Vaporeon|82\/100|[from] ability: Water Absorb|[of] p1a: Bruxish\n|move|p2a: Goodra|Life Dew|p2a: Goodra|[spread] p2a\n|-heal|p2b: Vaporeon|100\/100|[from] ability: Water Absorb|[of] p2a: Goodra\n|-heal|p2a: Goodra|70\/100\n|move|p2b: Vaporeon|Muddy Water|p1b: Coalossal|[spread] p1a,p1b\n|-resisted|p1a: Bruxish\n|-supereffective|p1b: Coalossal\n|-damage|p1a: Bruxish|26\/100\n|-damage|p1b: Coalossal|0 fnt\n|-unboost|p1a: Bruxish|accuracy|1\n|faint|p1b: Coalossal\n|\n|upkeep\n|\n|t:|1682365956\n|switch|p1b: Flutter Mane|Flutter Mane, L50|100\/100\n|turn|5\n|\n|t:|1682365970\n|move|p1b: Flutter Mane|Dazzling Gleam|p2b: Vaporeon|[spread] p2a,p2b\n|-damage|p2a: Goodra|50\/100\n|-damage|p2b: Vaporeon|76\/100\n|move|p1a: Bruxish|Wave Crash|p2a: Goodra|[miss]\n|-miss|p1a: Bruxish|p2a: Goodra\n|move|p2a: Goodra|Surf|p1a: Bruxish|[spread] p1a,p1b\n|-heal|p2b: Vaporeon|100\/100|[from] ability: Water Absorb|[of] p2a: Goodra\n|-resisted|p1a: Bruxish\n|-damage|p1a: Bruxish|6\/100\n|-damage|p1b: Flutter Mane|75\/100\n|move|p2b: Vaporeon|Muddy Water|p1b: Flutter Mane|[spread] p1a\n|-miss|p2b: Vaporeon|p1b: Flutter Mane\n|-resisted|p1a: Bruxish\n|-damage|p1a: Bruxish|0 fnt\n|faint|p1a: Bruxish\n|\n|upkeep\n|\n|t:|1682366003\n|switch|p1a: Scizor|Scizor, L50, F, shiny|100\/100\n|turn|6\n|\n|t:|1682366020\n|move|p1b: Flutter Mane|Dazzling Gleam|p2a: Goodra|[spread] p2a,p2b\n|-damage|p2a: Goodra|31\/100\n|-damage|p2b: Vaporeon|77\/100\n|move|p2a: Goodra|Surf|p1b: Flutter Mane|[spread] p1a,p1b\n|-heal|p2b: Vaporeon|100\/100|[from] ability: Water Absorb|[of] p2a: Goodra\n|-damage|p1a: Scizor|69\/100\n|-damage|p1b: Flutter Mane|49\/100\n|move|p1a: Scizor|Close Combat|p2a: Goodra\n|-damage|p2a: Goodra|0 fnt\n|-unboost|p1a: Scizor|def|1\n|-unboost|p1a: Scizor|spd|1\n|faint|p2a: Goodra\n|move|p2b: Vaporeon|Muddy Water|p1b: Flutter Mane|[spread] p1a,p1b\n|-damage|p1a: Scizor|13\/100\n|-damage|p1b: Flutter Mane|19\/100\n|\n|upkeep\n|\n|t:|1682366034\n|switch|p2a: Annihilape|Annihilape, L50, M|100\/100\n|turn|7\n|\n|t:|1682366043\n|move|p1b: Flutter Mane|Dazzling Gleam|p2b: Vaporeon|[spread] p2a,p2b\n|-supereffective|p2a: Annihilape\n|-damage|p2a: Annihilape|58\/100\n|-damage|p2b: Vaporeon|74\/100\n|move|p2a: Annihilape|Rage Fist|p1a: Scizor\n|-damage|p1a: Scizor|0 fnt\n|faint|p1a: Scizor\n|move|p2b: Vaporeon|Muddy Water|p1b: Flutter Mane\n|-damage|p1b: Flutter Mane|0 fnt\n|faint|p1b: Flutter Mane\n|-end|p1b: Flutter Mane|Protosynthesis|[silent]\n|\n|win|vicburgos\n|raw|ChiangWu's rating: 1490 → 1469<\/strong> (-21 for losing)\n|raw|vicburgos's rating: 1473 → 1494<\/strong> (+21 for winning)\n|l|\u2606vicburgos\n","uploadtime":1682366062,"views":21,"p1id":"chiangwu","p2id":"vicburgos","formatid":"gen9vgc2023regulationc","rating":1469,"private":0,"password":""}