{"id":"gen9vgc2023regulationc-1850598396","p1":"Tipoboh","p2":"Teurtle","format":"[Gen 9] VGC 2023 Regulation C","log":"|j|\u2606Tipoboh\n|j|\u2606Teurtle\n|t:|1682351849\n|gametype|doubles\n|player|p1|Tipoboh|170|1095\n|player|p2|Teurtle|ingo|1042\n|teamsize|p1|6\n|teamsize|p2|6\n|gen|9\n|tier|[Gen 9] VGC 2023 Regulation C\n|rated|\n|rule|Species Clause: Limit one of each Pok\u00e9mon\n|rule|Item Clause: Limit one of each item\n|clearpoke\n|poke|p1|Grimmsnarl, L50, M|\n|poke|p1|Tinkaton, L50, F|\n|poke|p1|Amoonguss, L50, F|\n|poke|p1|Murkrow, L50, M|\n|poke|p1|Annihilape, L50, F|\n|poke|p1|Chien-Pao, L50|\n|poke|p2|Tyranitar, L50, M|\n|poke|p2|Garchomp, L50, F|\n|poke|p2|Gholdengo, L50|\n|poke|p2|Ting-Lu, L50|\n|poke|p2|Arcanine, L50, M|\n|poke|p2|Amoonguss, L50, M|\n|teampreview|4\n|inactive|Battle timer is ON: inactive players will automatically lose when time's up. (requested by Teurtle)\nTeurtle has agreed to open team sheets.\nTipoboh rejected open team sheets.\n|inactive|Tipoboh has 60 seconds left.\n|inactive|Teurtle has 60 seconds left.\n|inactive|Tipoboh has 30 seconds left.\n|inactive|Tipoboh has 20 seconds left.\n|inactive|Tipoboh has 15 seconds left.\n|inactive|Tipoboh has 10 seconds left.\n|inactive|Tipoboh has 5 seconds left.\n|\n|t:|1682351935\n|start\n|switch|p1a: Murkrow|Murkrow, L50, M|100\/100\n|switch|p1b: Grimmsnarl|Grimmsnarl, L50, M|100\/100\n|switch|p2a: Tyranitar|Tyranitar, L50, M|100\/100\n|switch|p2b: Arcanine|Arcanine, L50, M|100\/100\n|-ability|p2b: Arcanine|Intimidate|boost\n|-unboost|p1a: Murkrow|atk|1\n|-unboost|p1b: Grimmsnarl|atk|1\n|-weather|Sandstorm|[from] ability: Sand Stream|[of] p2a: Tyranitar\n|turn|1\n|\n|t:|1682351956\n|move|p1a: Murkrow|Tailwind|p1a: Murkrow\n|-sidestart|p1: Tipoboh|move: Tailwind\n|move|p1b: Grimmsnarl|Reflect|p1b: Grimmsnarl\n|-sidestart|p1: Tipoboh|Reflect\n|move|p2b: Arcanine|Flare Blitz|p1b: Grimmsnarl\n|-damage|p1b: Grimmsnarl|67\/100\n|-damage|p2b: Arcanine|89\/100|[from] Recoil\n|move|p2a: Tyranitar|Rock Slide|p1b: Grimmsnarl|[spread] p1a,p1b\n|-supereffective|p1a: Murkrow\n|-damage|p1a: Murkrow|54\/100\n|-damage|p1b: Grimmsnarl|49\/100\n|\n|-weather|Sandstorm|[upkeep]\n|-damage|p1a: Murkrow|48\/100|[from] Sandstorm\n|-damage|p1b: Grimmsnarl|43\/100|[from] Sandstorm\n|upkeep\n|turn|2\n|\n|t:|1682351976\n|move|p1b: Grimmsnarl|Parting Shot|p2a: Tyranitar\n|-hint|Since gen 7, Dark is immune to Prankster moves.\n|-immune|p2a: Tyranitar\n|move|p1a: Murkrow|Foul Play|p2b: Arcanine\n|-damage|p2b: Arcanine|51\/100\n|move|p2b: Arcanine|Will-O-Wisp|p1b: Grimmsnarl\n|-status|p1b: Grimmsnarl|brn\n|move|p2a: Tyranitar|Rock Slide|p1a: Murkrow|[spread] p1a,p1b\n|-supereffective|p1a: Murkrow\n|-damage|p1a: Murkrow|9\/100\n|-damage|p1b: Grimmsnarl|24\/100 brn\n|\n|-weather|Sandstorm|[upkeep]\n|-damage|p1a: Murkrow|3\/100|[from] Sandstorm\n|-damage|p1b: Grimmsnarl|18\/100 brn|[from] Sandstorm\n|-damage|p1b: Grimmsnarl|12\/100 brn|[from] brn\n|upkeep\n|turn|3\n|inactive|Teurtle has 30 seconds left.\n|\n|t:|1682352003\n|move|p2b: Arcanine|Protect|p2b: Arcanine\n|-singleturn|p2b: Arcanine|Protect\n|move|p1b: Grimmsnarl|Parting Shot|p2b: Arcanine\n|-activate|p2b: Arcanine|move: Protect\n|move|p1a: Murkrow|Foul Play|p2b: Arcanine\n|-activate|p2b: Arcanine|move: Protect\n|move|p2a: Tyranitar|Rock Slide|p1a: Murkrow|[spread] p1a,p1b\n|-supereffective|p1a: Murkrow\n|-damage|p1a: Murkrow|0 fnt\n|-damage|p1b: Grimmsnarl|0 fnt\n|faint|p1a: Murkrow\n|faint|p1b: Grimmsnarl\n|\n|-weather|Sandstorm|[upkeep]\n|upkeep\n|\n|t:|1682352009\n|switch|p1a: Tinkaton|Tinkaton, L50, F|100\/100\n|switch|p1b: Annihilape|Annihilape, L50, F|100\/100\n|turn|4\n|inactive|Tipoboh has 30 seconds left.\n|inactive|Tipoboh has 20 seconds left.\n|\n|t:|1682352046\n|-terastallize|p1b: Annihilape|Fire\n|move|p2a: Tyranitar|Protect|p2a: Tyranitar\n|-singleturn|p2a: Tyranitar|Protect\n|move|p1a: Tinkaton|Gigaton Hammer|p2a: Tyranitar\n|-activate|p2a: Tyranitar|move: Protect\n|move|p1b: Annihilape|Drain Punch|p2a: Tyranitar\n|-activate|p2a: Tyranitar|move: Protect\n|move|p2b: Arcanine|Will-O-Wisp|p1b: Annihilape\n|-immune|p1b: Annihilape\n|\n|-weather|Sandstorm|[upkeep]\n|-damage|p1b: Annihilape|94\/100|[from] Sandstorm\n|-heal|p1b: Annihilape|100\/100|[from] item: Leftovers\n|-sideend|p1: Tipoboh|move: Tailwind\n|upkeep\n|turn|5\n|inactive|Teurtle has 30 seconds left.\n|\n|t:|1682352077\n|switch|p2a: Gholdengo|Gholdengo, L50|100\/100\n|move|p1a: Tinkaton|Play Rough|p2a: Gholdengo\n|-resisted|p2a: Gholdengo\n|-damage|p2a: Gholdengo|81\/100\n|-unboost|p2a: Gholdengo|atk|1\n|move|p1b: Annihilape|Bulk Up|p1b: Annihilape\n|-boost|p1b: Annihilape|atk|1\n|-boost|p1b: Annihilape|def|1\n|move|p2b: Arcanine|Will-O-Wisp|p1a: Tinkaton\n|-status|p1a: Tinkaton|brn\n|-enditem|p1a: Tinkaton|Lum Berry|[eat]\n|-curestatus|p1a: Tinkaton|brn|[msg]\n|\n|-weather|none\n|upkeep\n|turn|6\n|\n|t:|1682352097\n|move|p2b: Arcanine|Protect|p2b: Arcanine\n|-singleturn|p2b: Arcanine|Protect\n|move|p2a: Gholdengo|Trick|p1b: Annihilape\n|-activate|p2a: Gholdengo|move: Trick|[of] p1b: Annihilape\n|-item|p1b: Annihilape|Choice Scarf|[from] move: Trick\n|-item|p2a: Gholdengo|Leftovers|[from] move: Trick\n|move|p1b: Annihilape|Rage Fist|p2a: Gholdengo\n|-supereffective|p2a: Gholdengo\n|-damage|p2a: Gholdengo|0 fnt\n|faint|p2a: Gholdengo\n|move|p1a: Tinkaton|Gigaton Hammer|p2b: Arcanine\n|-activate|p2b: Arcanine|move: Protect\n|\n|upkeep\n|\n|t:|1682352111\n|switch|p2a: Tyranitar|Tyranitar, L50, M|100\/100\n|-weather|Sandstorm|[from] ability: Sand Stream|[of] p2a: Tyranitar\n|turn|7\n|\n|t:|1682352123\n|move|p1b: Annihilape|Rage Fist|p2b: Arcanine\n|-damage|p2b: Arcanine|15\/100\n|move|p1a: Tinkaton|Play Rough|p2a: Tyranitar\n|-supereffective|p2a: Tyranitar\n|-damage|p2a: Tyranitar|39\/100\n|-enditem|p2a: Tyranitar|Weakness Policy\n|-boost|p2a: Tyranitar|atk|2|[from] item: Weakness Policy\n|-boost|p2a: Tyranitar|spa|2|[from] item: Weakness Policy\n|move|p2b: Arcanine|Will-O-Wisp|p1a: Tinkaton\n|-status|p1a: Tinkaton|brn\n|move|p2a: Tyranitar|Rock Slide|p1b: Annihilape|[spread] p1a,p1b\n|-resisted|p1a: Tinkaton\n|-supereffective|p1b: Annihilape\n|-damage|p1a: Tinkaton|75\/100 brn\n|-damage|p1b: Annihilape|42\/100\n|\n|-weather|Sandstorm|[upkeep]\n|-damage|p1b: Annihilape|36\/100|[from] Sandstorm\n|-damage|p1a: Tinkaton|69\/100 brn|[from] brn\n|upkeep\n|turn|8\n|inactive|Tipoboh has 30 seconds left.\n|inactive|Tipoboh has 20 seconds left.\n|\n|t:|1682352160\n|move|p2a: Tyranitar|Protect|p2a: Tyranitar\n|-singleturn|p2a: Tyranitar|Protect\n|move|p1b: Annihilape|Rage Fist|p2a: Tyranitar\n|-activate|p2a: Tyranitar|move: Protect\n|move|p1a: Tinkaton|Gigaton Hammer|p2b: Arcanine\n|-resisted|p2b: Arcanine\n|-crit|p2b: Arcanine\n|-damage|p2b: Arcanine|0 fnt\n|faint|p2b: Arcanine\n|\n|-weather|Sandstorm|[upkeep]\n|-damage|p1b: Annihilape|30\/100|[from] Sandstorm\n|-damage|p1a: Tinkaton|63\/100 brn|[from] brn\n|-sideend|p1: Tipoboh|Reflect\n|upkeep\n|\n|t:|1682352172\n|switch|p2b: Amoonguss|Amoonguss, L50, M|100\/100\n|turn|9\n|\n|t:|1682352179\n|move|p2b: Amoonguss|Rage Powder|p2b: Amoonguss\n|-singleturn|p2b: Amoonguss|move: Rage Powder\n|move|p1b: Annihilape|Rage Fist|p2b: Amoonguss\n|-damage|p2b: Amoonguss|37\/100\n|-damage|p1b: Annihilape|14\/100|[from] item: Rocky Helmet|[of] p2b: Amoonguss\n|move|p1a: Tinkaton|Play Rough|p2b: Amoonguss\n|-resisted|p2b: Amoonguss\n|-damage|p2b: Amoonguss|29\/100\n|-damage|p1a: Tinkaton|47\/100 brn|[from] item: Rocky Helmet|[of] p2b: Amoonguss\n|move|p2a: Tyranitar|Rock Slide|p1b: Annihilape|[spread] p1b\n|-miss|p2a: Tyranitar|p1a: Tinkaton\n|-supereffective|p1b: Annihilape\n|-damage|p1b: Annihilape|0 fnt\n|faint|p1b: Annihilape\n|\n|-weather|Sandstorm|[upkeep]\n|-damage|p2b: Amoonguss|24\/100|[from] Sandstorm\n|-damage|p1a: Tinkaton|40\/100 brn|[from] brn\n|upkeep\n|turn|10\n|\n|t:|1682352200\n|move|p2b: Amoonguss|Rage Powder|p2b: Amoonguss\n|-singleturn|p2b: Amoonguss|move: Rage Powder\n|move|p1a: Tinkaton|Gigaton Hammer|p2b: Amoonguss\n|-damage|p2b: Amoonguss|0 fnt\n|faint|p2b: Amoonguss\n|move|p2a: Tyranitar|Low Kick|p1a: Tinkaton\n|-damage|p1a: Tinkaton|0 fnt\n|faint|p1a: Tinkaton\n|\n|win|Teurtle\n|raw|Tipoboh's rating: 1095 → 1067<\/strong> (-28 for losing)\n|raw|Teurtle's rating: 1042 → 1081<\/strong> (+39 for winning)\n|l|\u2606Tipoboh\n","uploadtime":1682352214,"views":20,"p1id":"tipoboh","p2id":"teurtle","formatid":"gen9vgc2023regulationc","rating":1067,"private":0,"password":""}