{"id":"gen9vgc2023regulationc-1857102678","p1":"you're a clod sire","p2":"haha you rage quit","format":"[Gen 9] VGC 2023 Regulation C","log":"|j|\u2606you're a clod sire\n|j|\u2606haha you rage quit\n|t:|1683146035\n|gametype|doubles\n|player|p1|you're a clod sire|cynthia-masters3|1192\n|player|p2|haha you rage quit|pokemaniac|1248\n|teamsize|p1|6\n|teamsize|p2|6\n|gen|9\n|tier|[Gen 9] VGC 2023 Regulation C\n|rated|\n|rule|Species Clause: Limit one of each Pok\u00e9mon\n|rule|Item Clause: Limit one of each item\n|clearpoke\n|poke|p1|Amoonguss, L50, F|\n|poke|p1|Indeedee-F, L50, F|\n|poke|p1|Ting-Lu, L50|\n|poke|p1|Armarouge, L50, M|\n|poke|p1|Torkoal, L50, M|\n|poke|p1|Brute Bonnet, L50|\n|poke|p2|Flutter Mane, L50|\n|poke|p2|Chi-Yu, L50|\n|poke|p2|Donphan, L50, M|\n|poke|p2|Gholdengo, L50|\n|poke|p2|Talonflame, L50, M|\n|poke|p2|Murkrow, L50, M|\n|teampreview|4\n|inactive|Battle timer is ON: inactive players will automatically lose when time's up. (requested by you're a clod sire)\n|inactive|haha you rage quit has 60 seconds left.\n|inactive|haha you rage quit has 30 seconds left.\n|inactive|haha you rage quit has 20 seconds left.\n|\n|t:|1683146109\n|start\n|switch|p1a: Indeedee|Indeedee-F, L50, F|100\/100\n|switch|p1b: Armarouge|Armarouge, L50, M|100\/100\n|switch|p2a: Flutter Mane|Flutter Mane, L50, shiny|100\/100\n|switch|p2b: Chi-Yu|Chi-Yu, L50|100\/100\n|-ability|p2b: Chi-Yu|Beads of Ruin\n|-fieldstart|move: Psychic Terrain|[from] ability: Psychic Surge|[of] p1a: Indeedee\n|-enditem|p1a: Indeedee|Psychic Seed\n|-boost|p1a: Indeedee|spd|1|[from] item: Psychic Seed\n|-enditem|p2a: Flutter Mane|Booster Energy\n|-activate|p2a: Flutter Mane|ability: Protosynthesis|[fromitem]\n|-start|p2a: Flutter Mane|protosynthesisspe\n|turn|1\n|\n|t:|1683146121\n|move|p1a: Indeedee|Follow Me|p1a: Indeedee\n|-singleturn|p1a: Indeedee|move: Follow Me\n|move|p2a: Flutter Mane|Dazzling Gleam|p1a: Indeedee|[spread] p1a,p1b\n|-resisted|p1b: Armarouge\n|-damage|p1a: Indeedee|73\/100\n|-damage|p1b: Armarouge|77\/100\n|move|p2b: Chi-Yu|Snarl|p1b: Armarouge|[spread] p1a,p1b\n|-supereffective|p1a: Indeedee\n|-supereffective|p1b: Armarouge\n|-damage|p1a: Indeedee|32\/100\n|-damage|p1b: Armarouge|11\/100\n|-unboost|p1a: Indeedee|spa|1\n|-unboost|p1b: Armarouge|spa|1\n|move|p1b: Armarouge|Trick Room|p1b: Armarouge\n|-fieldstart|move: Trick Room|[of] p1b: Armarouge\n|\n|upkeep\n|turn|2\n|l|\u2606haha you rage quit\n|inactive|haha you rage quit disconnected and has a minute to reconnect!\n|player|p2|\n|inactive|haha you rage quit has 30 seconds left.\n|j|\u2606haha you rage quit\n|inactive|haha you rage quit reconnected and has 30 seconds left.\n|player|p2|haha you rage quit|pokemaniac\n|\n|t:|1683146150\n|move|p2b: Chi-Yu|Protect|p2b: Chi-Yu\n|-singleturn|p2b: Chi-Yu|Protect\n|move|p2a: Flutter Mane|Protect|p2a: Flutter Mane\n|-singleturn|p2a: Flutter Mane|Protect\n|move|p1b: Armarouge|Expanding Force|p2a: Flutter Mane|[spread] \n|-activate|p2a: Flutter Mane|move: Protect\n|-activate|p2b: Chi-Yu|move: Protect\n|move|p1a: Indeedee|Dazzling Gleam|p2b: Chi-Yu|[spread] \n|-activate|p2a: Flutter Mane|move: Protect\n|-activate|p2b: Chi-Yu|move: Protect\n|\n|upkeep\n|turn|3\n|inactive|haha you rage quit has 30 seconds left.\n|\n|t:|1683146177\n|-end|p2a: Flutter Mane|Protosynthesis|[silent]\n|switch|p2a: Gholdengo|Gholdengo, L50|100\/100\n|move|p1b: Armarouge|Expanding Force|p2b: Chi-Yu|[spread] p2a\n|-immune|p2b: Chi-Yu\n|-resisted|p2a: Gholdengo\n|-damage|p2a: Gholdengo|62\/100\n|-damage|p1b: Armarouge|1\/100|[from] item: Life Orb\n|move|p1a: Indeedee|Dazzling Gleam|p2b: Chi-Yu|[spread] p2a,p2b\n|-resisted|p2a: Gholdengo\n|-damage|p2a: Gholdengo|54\/100\n|-damage|p2b: Chi-Yu|88\/100\n|move|p2b: Chi-Yu|Snarl|p1b: Armarouge|[spread] p1a,p1b\n|-supereffective|p1a: Indeedee\n|-supereffective|p1b: Armarouge\n|-damage|p1a: Indeedee|0 fnt\n|-damage|p1b: Armarouge|0 fnt\n|faint|p1a: Indeedee\n|faint|p1b: Armarouge\n|\n|upkeep\n|\n|t:|1683146190\n|switch|p1b: Torkoal|Torkoal, L50, M|100\/100\n|switch|p1a: Ting-Lu|Ting-Lu, L50|100\/100\n|-ability|p1a: Ting-Lu|Vessel of Ruin\n|turn|4\n|\n|t:|1683146201\n|move|p2a: Gholdengo|Protect|p2a: Gholdengo\n|-singleturn|p2a: Gholdengo|Protect\n|move|p2b: Chi-Yu|Protect|p2b: Chi-Yu\n|-singleturn|p2b: Chi-Yu|Protect\n|move|p1b: Torkoal|Eruption|p2a: Gholdengo|[spread] \n|-activate|p2a: Gholdengo|move: Protect\n|-activate|p2b: Chi-Yu|move: Protect\n|move|p1a: Ting-Lu|Stomping Tantrum|p2b: Chi-Yu\n|-activate|p2b: Chi-Yu|move: Protect\n|\n|upkeep\n|turn|5\n|inactive|haha you rage quit has 30 seconds left.\n|inactive|haha you rage quit has 20 seconds left.\n|inactive|haha you rage quit has 15 seconds left.\n|inactive|haha you rage quit has 10 seconds left.\n|\n|t:|1683146248\n|-terastallize|p1b: Torkoal|Fire\n|-terastallize|p2b: Chi-Yu|Ghost\n|move|p1b: Torkoal|Eruption|p2b: Chi-Yu|[spread] p2a,p2b\n|-supereffective|p2a: Gholdengo\n|-damage|p2a: Gholdengo|0 fnt\n|-damage|p2b: Chi-Yu|28\/100\n|faint|p2a: Gholdengo\n|move|p1a: Ting-Lu|Stomping Tantrum|p2b: Chi-Yu\n|-damage|p2b: Chi-Yu|0 fnt\n|faint|p2b: Chi-Yu\n|\n|-fieldend|move: Trick Room\n|-fieldend|move: Psychic Terrain\n|upkeep\n|\n|t:|1683146258\n|switch|p2b: Flutter Mane|Flutter Mane, L50, shiny|100\/100\n|switch|p2a: Donphan|Donphan, L50, M|100\/100\n|turn|6\n|\n|t:|1683146266\n|move|p2b: Flutter Mane|Protect|p2b: Flutter Mane\n|-singleturn|p2b: Flutter Mane|Protect\n|move|p1b: Torkoal|Protect|p1b: Torkoal\n|-singleturn|p1b: Torkoal|Protect\n|move|p2a: Donphan|High Horsepower|p1b: Torkoal\n|-activate|p1b: Torkoal|move: Protect\n|move|p1a: Ting-Lu|Heavy Slam|p2b: Flutter Mane\n|-activate|p2b: Flutter Mane|move: Protect\n|\n|upkeep\n|turn|7\n|\n|t:|1683146280\n|move|p2b: Flutter Mane|Dazzling Gleam|p1a: Ting-Lu|[spread] p1a,p1b\n|-supereffective|p1a: Ting-Lu\n|-resisted|p1b: Torkoal\n|-damage|p1a: Ting-Lu|75\/100\n|-damage|p1b: Torkoal|85\/100\n|move|p2a: Donphan|High Horsepower|p1b: Torkoal\n|-supereffective|p1b: Torkoal\n|-damage|p1b: Torkoal|0 fnt\n|faint|p1b: Torkoal\n|move|p1a: Ting-Lu|Heavy Slam|p2b: Flutter Mane\n|-supereffective|p2b: Flutter Mane\n|-damage|p2b: Flutter Mane|0 fnt\n|faint|p2b: Flutter Mane\n|-end|p2b: Flutter Mane|Protosynthesis|[silent]\n|\n|upkeep\n|turn|8\n|\n|t:|1683146290\n|move|p2a: Donphan|High Horsepower|p1a: Ting-Lu\n|-damage|p1a: Ting-Lu|38\/100\n|move|p1a: Ting-Lu|Fissure|p2a: Donphan\n|-immune|p2a: Donphan|[from] ability: Sturdy\n|\n|upkeep\n|turn|9\n|\n|t:|1683146293\n|move|p2a: Donphan|High Horsepower|p1a: Ting-Lu\n|-damage|p1a: Ting-Lu|0 fnt\n|faint|p1a: Ting-Lu\n|\n|win|haha you rage quit\n|raw|you're a clod sire's rating: 1192 → 1171<\/strong> (-21 for losing)\n|raw|haha you rage quit's rating: 1248 → 1269<\/strong> (+21 for winning)\n|l|\u2606you're a clod sire\n","uploadtime":1683146318,"views":8,"p1id":"youreaclodsire","p2id":"hahayouragequit","formatid":"gen9vgc2023regulationc","rating":1171,"private":0,"password":""}