{"id":"gen9vgc2023regulationc-1855347061","p1":"hjvfi","p2":"ssuxjdhdbfb","format":"[Gen 9] VGC 2023 Regulation C","log":"|j|\u203dhjvfi\n|j|\u2606ssuxjdhdbfb\n|t:|1682940953\n|gametype|doubles\n|player|p1|hjvfi|266|1000\n|player|p2|ssuxjdhdbfb|2|1097\n|teamsize|p1|6\n|teamsize|p2|6\n|gen|9\n|tier|[Gen 9] VGC 2023 Regulation C\n|rated|\n|rule|Species Clause: Limit one of each Pok\u00e9mon\n|rule|Item Clause: Limit one of each item\n|clearpoke\n|poke|p1|Dondozo, L50, F|\n|poke|p1|Tatsugiri-Droopy, L50, M|\n|poke|p1|Pelipper, L50, M|\n|poke|p1|Drednaw, L50, M|\n|poke|p1|Dragonite, L50, M|\n|poke|p1|Chien-Pao, L50|\n|poke|p2|Ting-Lu, L50|\n|poke|p2|Arcanine, L50, M|\n|poke|p2|Amoonguss, L50, M|\n|poke|p2|Palafin, L50, M|\n|poke|p2|Gholdengo, L50|\n|poke|p2|Baxcalibur, L50, M|\n|teampreview|4\n|inactive|Battle timer is ON: inactive players will automatically lose when time's up. (requested by hjvfi)\n|\n|t:|1682940977\n|start\n|switch|p1a: Dondozo|Dondozo, L50, F|100\/100\n|switch|p1b: Pelipper|Pelipper, L50, M|100\/100\n|switch|p2a: Arcanine|Arcanine, L50, M|100\/100\n|switch|p2b: Palafin|Palafin, L50, M|100\/100\n|-ability|p2a: Arcanine|Intimidate|boost\n|-unboost|p1a: Dondozo|atk|1\n|-unboost|p1b: Pelipper|atk|1\n|-weather|RainDance|[from] ability: Drizzle|[of] p1b: Pelipper\n|turn|1\n|\n|t:|1682941000\n|detailschange|p2b: Palafin|Palafin-Hero, L50, M\n|switch|p2b: Amoonguss|Amoonguss, L50, M|100\/100\n|-terastallize|p2a: Arcanine|Grass\n|-terastallize|p1a: Dondozo|Water\n|move|p2a: Arcanine|Will-O-Wisp|p1a: Dondozo\n|-status|p1a: Dondozo|brn\n|move|p1a: Dondozo|Surf|p2b: Amoonguss|[spread] p1b,p2a,p2b\n|-resisted|p1b: Pelipper\n|-resisted|p2a: Arcanine\n|-resisted|p2b: Amoonguss\n|-damage|p1b: Pelipper|59\/100\n|-damage|p2a: Arcanine|72\/100\n|-damage|p2b: Amoonguss|73\/100\n|-damage|p1a: Dondozo|91\/100 brn|[from] item: Life Orb\n|move|p1b: Pelipper|Hurricane|p2b: Amoonguss\n|-supereffective|p2b: Amoonguss\n|-damage|p2b: Amoonguss|0 fnt\n|faint|p2b: Amoonguss\n|\n|-weather|RainDance|[upkeep]\n|-damage|p1a: Dondozo|85\/100 brn|[from] brn\n|upkeep\n|\n|t:|1682941025\n|switch|p2b: Palafin|Palafin-Hero, L50, M|100\/100\n|-activate|p2b: Palafin|ability: Zero to Hero\n|turn|2\n|\n|t:|1682941042\n|move|p1a: Dondozo|Protect|p1a: Dondozo\n|-singleturn|p1a: Dondozo|Protect\n|move|p2a: Arcanine|Extreme Speed|p1b: Pelipper\n|-damage|p1b: Pelipper|38\/100\n|move|p2b: Palafin|Wave Crash|p1b: Pelipper\n|-resisted|p1b: Pelipper\n|-damage|p1b: Pelipper|0 fnt\n|faint|p1b: Pelipper\n|-damage|p2b: Palafin|90\/100|[from] Recoil\n|\n|-weather|RainDance|[upkeep]\n|-damage|p1a: Dondozo|78\/100 brn|[from] brn\n|upkeep\n|\n|t:|1682941054\n|switch|p1b: Drednaw|Drednaw, L50, M|100\/100\n|turn|3\n|\n|t:|1682941063\n|switch|p1b: Tatsugiri|Tatsugiri-Droopy, L50, M, shiny|100\/100\n|-activate|p1b: Tatsugiri|ability: Commander|[of] p1a: Dondozo\n|-boost|p1a: Dondozo|atk|2\n|-boost|p1a: Dondozo|spa|2\n|-boost|p1a: Dondozo|spe|2\n|-boost|p1a: Dondozo|def|2\n|-boost|p1a: Dondozo|spd|2\n|move|p2b: Palafin|Protect|p2b: Palafin\n|-singleturn|p2b: Palafin|Protect\n|move|p1a: Dondozo|Surf|p2b: Palafin|[spread] p2a\n|-miss|p1a: Dondozo|p1b: Tatsugiri\n|-activate|p2b: Palafin|move: Protect\n|-resisted|p2a: Arcanine\n|-damage|p2a: Arcanine|14\/100\n|-enditem|p2a: Arcanine|Sitrus Berry|[eat]\n|-heal|p2a: Arcanine|39\/100|[from] item: Sitrus Berry\n|-damage|p1a: Dondozo|69\/100 brn|[from] item: Life Orb\n|move|p2a: Arcanine|Will-O-Wisp|p1b: Tatsugiri|[miss]\n|-miss|p2a: Arcanine|p1b: Tatsugiri\n|\n|-weather|RainDance|[upkeep]\n|-damage|p1a: Dondozo|62\/100 brn|[from] brn\n|upkeep\n|turn|4\n|\n|t:|1682941086\n|switch|p2a: Ting-Lu|Ting-Lu, L50|100\/100\n|-ability|p2a: Ting-Lu|Vessel of Ruin\n|move|p1a: Dondozo|Surf|p2a: Ting-Lu|[spread] p2a,p2b\n|-miss|p1a: Dondozo|p1b: Tatsugiri\n|-supereffective|p2a: Ting-Lu\n|-resisted|p2b: Palafin\n|-damage|p2a: Ting-Lu|17\/100\n|-damage|p2b: Palafin|53\/100\n|-damage|p1a: Dondozo|53\/100 brn|[from] item: Life Orb\n|move|p2b: Palafin|Haze|p2b: Palafin\n|-clearallboost\n|\n|-weather|RainDance|[upkeep]\n|-damage|p1a: Dondozo|47\/100 brn|[from] brn\n|upkeep\n|turn|5\n|\n|t:|1682941103\n|move|p2b: Palafin|Wave Crash|p1a: Dondozo\n|-resisted|p1a: Dondozo\n|-damage|p1a: Dondozo|3\/100 brn\n|-damage|p2b: Palafin|36\/100|[from] Recoil\n|move|p1a: Dondozo|Wave Crash|p2a: Ting-Lu\n|-supereffective|p2a: Ting-Lu\n|-damage|p2a: Ting-Lu|0 fnt\n|faint|p2a: Ting-Lu\n|-damage|p1a: Dondozo|0 fnt|[from] Recoil\n|faint|p1a: Dondozo\n|\n|-weather|RainDance|[upkeep]\n|upkeep\n|\n|t:|1682941116\n|switch|p1a: Drednaw|Drednaw, L50, M|100\/100\n|switch|p2a: Arcanine|Arcanine, L50, M, tera:Grass|39\/100\n|-ability|p2a: Arcanine|Intimidate|boost\n|-unboost|p1a: Drednaw|atk|1\n|-unboost|p1b: Tatsugiri|atk|1\n|turn|6\n|inactive|hjvfi has 30 seconds left.\n|inactive|ssuxjdhdbfb has 30 seconds left.\n|\n|t:|1682941148\n|move|p2a: Arcanine|Extreme Speed|p1a: Drednaw\n|-resisted|p1a: Drednaw\n|-damage|p1a: Drednaw|89\/100\n|move|p2b: Palafin|Jet Punch|p1a: Drednaw\n|-crit|p1a: Drednaw\n|-damage|p1a: Drednaw|0 fnt\n|faint|p1a: Drednaw\n|move|p1b: Tatsugiri|Draco Meteor|p2b: Palafin\n|-damage|p2b: Palafin|0 fnt\n|-unboost|p1b: Tatsugiri|spa|2\n|faint|p2b: Palafin\n|\n|-weather|RainDance|[upkeep]\n|upkeep\n|turn|7\n|\n|t:|1682941164\n|move|p2a: Arcanine|Extreme Speed|p1b: Tatsugiri\n|-damage|p1b: Tatsugiri|62\/100\n|move|p1b: Tatsugiri|Draco Meteor|p2a: Arcanine\n|-damage|p2a: Arcanine|10\/100\n|-unboost|p1b: Tatsugiri|spa|2\n|\n|-weather|RainDance|[upkeep]\n|upkeep\n|turn|8\n|\n|t:|1682941175\n|move|p2a: Arcanine|Extreme Speed|p1b: Tatsugiri\n|-damage|p1b: Tatsugiri|23\/100\n|move|p1b: Tatsugiri|Draco Meteor|p2a: Arcanine\n|-damage|p2a: Arcanine|0 fnt\n|-unboost|p1b: Tatsugiri|spa|2\n|faint|p2a: Arcanine\n|\n|win|hjvfi\n|raw|hjvfi's rating: 1000 → 1051<\/strong> (+51 for winning)\n|raw|ssuxjdhdbfb's rating: 1097 → 1066<\/strong> (-31 for losing)\n|l|\u2606ssuxjdhdbfb\n","uploadtime":1682941185,"views":22,"p1id":"hjvfi","p2id":"ssuxjdhdbfb","formatid":"gen9vgc2023regulationc","rating":1051,"private":0,"password":""}