{"id":"gen9vgc2023regulationc-1854136373","p1":"starlightmeteor","p2":"Carson_8059","format":"[Gen 9] VGC 2023 Regulation C","log":"|j|\u2606starlightmeteor\n|j|\u2606Carson_8059\n|t:|1682774830\n|gametype|doubles\n|player|p1|starlightmeteor|veteranf|1094\n|player|p2|Carson_8059|fantina|1039\n|teamsize|p1|6\n|teamsize|p2|6\n|gen|9\n|tier|[Gen 9] VGC 2023 Regulation C\n|rated|\n|rule|Species Clause: Limit one of each Pok\u00e9mon\n|rule|Item Clause: Limit one of each item\n|clearpoke\n|poke|p1|Iron Bundle, L50|\n|poke|p1|Pelipper, L50, M|\n|poke|p1|Tauros-Paldea-Aqua, L50, M|\n|poke|p1|Gyarados, L50, M|\n|poke|p1|Palafin, L50, F|\n|poke|p1|Azumarill, L50, M|\n|poke|p2|Flutter Mane, L50|\n|poke|p2|Chi-Yu, L50|\n|poke|p2|Amoonguss, L50, F|\n|poke|p2|Ting-Lu, L50|\n|poke|p2|Dragonite, L50, M|\n|poke|p2|Arcanine, L50, F|\n|teampreview|4\nCarson_8059 has agreed to open team sheets.\nstarlightmeteor has agreed to open team sheets.\n|\n|t:|1682774926\n|start\n|switch|p1a: Pelipper|Pelipper, L50, M|100\/100\n|switch|p1b: Tauros|Tauros-Paldea-Aqua, L50, M|100\/100\n|switch|p2a: Flutter Mane|Flutter Mane, L50|100\/100\n|switch|p2b: Amoonguss|Amoonguss, L50, F|100\/100\n|-ability|p1b: Tauros|Intimidate|boost\n|-unboost|p2a: Flutter Mane|atk|1\n|-unboost|p2b: Amoonguss|atk|1\n|-weather|RainDance|[from] ability: Drizzle|[of] p1a: Pelipper\n|turn|1\n|\n|t:|1682774969\n|move|p1b: Tauros|Protect|p1b: Tauros\n|-singleturn|p1b: Tauros|Protect\n|move|p2a: Flutter Mane|Moonblast|p1b: Tauros\n|-activate|p1b: Tauros|move: Protect\n|move|p1a: Pelipper|Hurricane|p2b: Amoonguss\n|-supereffective|p2b: Amoonguss\n|-damage|p2b: Amoonguss|10\/100\n|-enditem|p2b: Amoonguss|Sitrus Berry|[eat]\n|-heal|p2b: Amoonguss|35\/100|[from] item: Sitrus Berry\n|move|p2b: Amoonguss|Spore|p1a: Pelipper\n|-status|p1a: Pelipper|slp|[from] move: Spore\n|\n|-weather|RainDance|[upkeep]\n|upkeep\n|turn|2\n|\n|t:|1682774990\n|switch|p2b: Dragonite|Dragonite, L50, M|100\/100\n|-terastallize|p1b: Tauros|Water\n|move|p2a: Flutter Mane|Moonblast|p1b: Tauros\n|-damage|p1b: Tauros|0 fnt\n|faint|p1b: Tauros\n|cant|p1a: Pelipper|slp\n|\n|-weather|RainDance|[upkeep]\n|upkeep\n|\n|t:|1682774998\n|switch|p1b: Iron Bundle|Iron Bundle, L50|100\/100\n|turn|3\n|\n|t:|1682775017\n|-curestatus|p1a: Pelipper|slp|[msg]\n|move|p1a: Pelipper|Helping Hand|p1b: Iron Bundle\n|-singleturn|p1b: Iron Bundle|Helping Hand|[of] p1a: Pelipper\n|move|p1b: Iron Bundle|Hydro Pump|p2a: Flutter Mane\n|-damage|p2a: Flutter Mane|0 fnt\n|faint|p2a: Flutter Mane\n|-end|p2a: Flutter Mane|Protosynthesis|[silent]\n|-damage|p1b: Iron Bundle|91\/100|[from] item: Life Orb\n|move|p2b: Dragonite|Ice Spinner|p1a: Pelipper\n|-damage|p1a: Pelipper|41\/100\n|\n|-weather|RainDance|[upkeep]\n|upkeep\n|\n|t:|1682775029\n|switch|p2a: Ting-Lu|Ting-Lu, L50|100\/100\n|-ability|p2a: Ting-Lu|Vessel of Ruin\n|turn|4\n|\n|t:|1682775050\n|switch|p1a: Gyarados|Gyarados, L50, M|100\/100\n|-ability|p1a: Gyarados|Intimidate|boost\n|-unboost|p2a: Ting-Lu|atk|1\n|-unboost|p2b: Dragonite|atk|1\n|-terastallize|p2a: Ting-Lu|Steel\n|move|p1b: Iron Bundle|Protect|p1b: Iron Bundle\n|-singleturn|p1b: Iron Bundle|Protect\n|move|p2b: Dragonite|Ice Spinner|p1a: Gyarados\n|-damage|p1a: Gyarados|74\/100\n|move|p2a: Ting-Lu|Heavy Slam|p1b: Iron Bundle\n|-activate|p1b: Iron Bundle|move: Protect\n|\n|-weather|RainDance|[upkeep]\n|upkeep\n|turn|5\n|\n|t:|1682775067\n|-end|p1b: Iron Bundle|Quark Drive|[silent]\n|switch|p1b: Pelipper|Pelipper, L50, M|41\/100\n|switch|p2b: Amoonguss|Amoonguss, L50, F|68\/100\n|move|p1a: Gyarados|Icy Wind|p2b: Amoonguss|[spread] p2a,p2b\n|-resisted|p2a: Ting-Lu\n|-supereffective|p2b: Amoonguss\n|-damage|p2a: Ting-Lu|99\/100\n|-damage|p2b: Amoonguss|60\/100\n|-unboost|p2a: Ting-Lu|spe|1\n|-unboost|p2b: Amoonguss|spe|1\n|move|p2a: Ting-Lu|Heavy Slam|p1b: Pelipper\n|-resisted|p1b: Pelipper\n|-damage|p1b: Pelipper|15\/100\n|\n|-weather|none\n|upkeep\n|turn|6\n|\n|t:|1682775083\n|switch|p2a: Dragonite|Dragonite, L50, M|100\/100\n|move|p2b: Amoonguss|Protect|p2b: Amoonguss\n|-singleturn|p2b: Amoonguss|Protect\n|move|p1b: Pelipper|Hurricane|p2b: Amoonguss\n|-activate|p2b: Amoonguss|move: Protect\n|move|p1a: Gyarados|Icy Wind|p2a: Dragonite|[spread] p2a\n|-activate|p2b: Amoonguss|move: Protect\n|-supereffective|p2a: Dragonite\n|-damage|p2a: Dragonite|89\/100\n|-unboost|p2a: Dragonite|spe|1\n|\n|upkeep\n|turn|7\n|\n|t:|1682775107\n|switch|p1b: Iron Bundle|Iron Bundle, L50|91\/100\n|move|p1a: Gyarados|Thunder Wave|p2b: Amoonguss\n|-status|p2b: Amoonguss|par\n|move|p2a: Dragonite|Outrage|p1a: Gyarados\n|-damage|p1a: Gyarados|0 fnt\n|faint|p1a: Gyarados\n|move|p2b: Amoonguss|Spore|p1b: Iron Bundle\n|-status|p1b: Iron Bundle|slp|[from] move: Spore\n|\n|upkeep\n|\n|t:|1682775116\n|switch|p1a: Pelipper|Pelipper, L50, M|15\/100\n|-weather|RainDance|[from] ability: Drizzle|[of] p1a: Pelipper\n|turn|8\n|\n|t:|1682775134\n|switch|p2b: Ting-Lu|Ting-Lu, L50, tera:Steel|99\/100\n|-ability|p2b: Ting-Lu|Vessel of Ruin\n|cant|p1b: Iron Bundle|slp\n|move|p1a: Pelipper|Hurricane|p2b: Ting-Lu\n|-resisted|p2b: Ting-Lu\n|-crit|p2b: Ting-Lu\n|-damage|p2b: Ting-Lu|86\/100\n|move|p2a: Dragonite|Outrage|p1b: Iron Bundle|[from]lockedmove\n|-damage|p1b: Iron Bundle|0 fnt\n|faint|p1b: Iron Bundle\n|-end|p1b: Iron Bundle|Quark Drive|[silent]\n|-start|p2a: Dragonite|confusion|[fatigue]\n|\n|-weather|RainDance|[upkeep]\n|upkeep\n|turn|9\n|-message|starlightmeteor forfeited.\n|\n|win|Carson_8059\n|raw|starlightmeteor's rating: 1094 → 1066<\/strong> (-28 for losing)\n|raw|Carson_8059's rating: 1039 → 1079<\/strong> (+40 for winning)\n|l|\u2606starlightmeteor\n","uploadtime":1682775152,"views":20,"p1id":"starlightmeteor","p2id":"carson8059","formatid":"gen9vgc2023regulationc","rating":1066,"private":0,"password":""}