{"id":"gen9vgc2023regulationc-1857659571","p1":"werwersdfe","p2":"Piloufis","format":"[Gen 9] VGC 2023 Regulation C","log":"|j|\u2606werwersdfe\n|j|\u2606Piloufis\n|t:|1683219180\n|gametype|doubles\n|player|p1|werwersdfe|266|1045\n|player|p2|Piloufis|silver|1122\n|teamsize|p1|6\n|teamsize|p2|6\n|gen|9\n|tier|[Gen 9] VGC 2023 Regulation C\n|rated|\n|rule|Species Clause: Limit one of each Pok\u00e9mon\n|rule|Item Clause: Limit one of each item\n|clearpoke\n|poke|p1|Dudunsparce-*, L50, M|\n|poke|p1|Abomasnow, L50, M|\n|poke|p1|Oranguru, L50, M|\n|poke|p1|Iron Bundle, L50|\n|poke|p1|Quaquaval, L50, F|\n|poke|p1|Flutter Mane, L50|\n|poke|p2|Flutter Mane, L50|\n|poke|p2|Baxcalibur, L50, F|\n|poke|p2|Amoonguss, L50, M|\n|poke|p2|Annihilape, L50, F|\n|poke|p2|Talonflame, L50, F|\n|poke|p2|Gyarados, L50, M|\n|teampreview|4\n|inactive|Battle timer is ON: inactive players will automatically lose when time's up. (requested by Piloufis)\n|inactive|werwersdfe also wants the timer to be on.\nPiloufis has agreed to open team sheets.\nwerwersdfe rejected open team sheets.\n|inactive|Piloufis has 60 seconds left.\n|\n|t:|1683219222\n|start\n|switch|p1a: Abomasnow|Abomasnow, L50, M|100\/100\n|switch|p1b: Iron Bundle|Iron Bundle, L50|100\/100\n|switch|p2a: Gyarados|Gyarados, L50, M|100\/100\n|switch|p2b: Baxcalibur|Baxcalibur, L50, F|100\/100\n|-ability|p2a: Gyarados|Intimidate|boost\n|-unboost|p1a: Abomasnow|atk|1\n|-unboost|p1b: Iron Bundle|atk|1\n|-weather|Snow|[from] ability: Snow Warning|[of] p1a: Abomasnow\n|-enditem|p1b: Iron Bundle|Booster Energy\n|-activate|p1b: Iron Bundle|ability: Quark Drive|[fromitem]\n|-start|p1b: Iron Bundle|quarkdrivespe\n|turn|1\n|\n|t:|1683219247\n|move|p2a: Gyarados|Protect|p2a: Gyarados\n|-singleturn|p2a: Gyarados|Protect\n|move|p1b: Iron Bundle|Aurora Veil|p1b: Iron Bundle\n|-sidestart|p1: werwersdfe|move: Aurora Veil\n|move|p2b: Baxcalibur|Glaive Rush|p1b: Iron Bundle\n|-damage|p1b: Iron Bundle|61\/100\n|-singlemove|p2b: Baxcalibur|Glaive Rush|[silent]\n|move|p1a: Abomasnow|Blizzard|p2b: Baxcalibur|[spread] p2b\n|-activate|p2a: Gyarados|move: Protect\n|-damage|p2b: Baxcalibur|26\/100\n|\n|-weather|Snow|[upkeep]\n|upkeep\n|turn|2\n|\n|t:|1683219267\n|switch|p2a: Annihilape|Annihilape, L50, F|100\/100\n|move|p2b: Baxcalibur|Protect|p2b: Baxcalibur\n|-singleturn|p2b: Baxcalibur|Protect\n|move|p1b: Iron Bundle|Freeze-Dry|p2a: Annihilape\n|-damage|p2a: Annihilape|75\/100\n|move|p1a: Abomasnow|Blizzard|p2b: Baxcalibur|[spread] p2a\n|-activate|p2b: Baxcalibur|move: Protect\n|-damage|p2a: Annihilape|48\/100\n|\n|-weather|Snow|[upkeep]\n|-heal|p2a: Annihilape|54\/100|[from] item: Leftovers\n|upkeep\n|turn|3\n|\n|t:|1683219290\n|switch|p2b: Gyarados|Gyarados, L50, M|100\/100\n|-ability|p2b: Gyarados|Intimidate|boost\n|-unboost|p1a: Abomasnow|atk|1\n|-unboost|p1b: Iron Bundle|atk|1\n|-terastallize|p2a: Annihilape|Fire\n|move|p1b: Iron Bundle|Blizzard|p2b: Gyarados|[spread] p2a,p2b\n|-resisted|p2a: Annihilape\n|-crit|p2a: Annihilape\n|-damage|p2a: Annihilape|31\/100\n|-damage|p2b: Gyarados|73\/100\n|move|p2a: Annihilape|Drain Punch|p1b: Iron Bundle\n|-supereffective|p1b: Iron Bundle\n|-damage|p1b: Iron Bundle|31\/100\n|-heal|p2a: Annihilape|41\/100|[from] drain|[of] p1b: Iron Bundle\n|move|p1a: Abomasnow|Blizzard|p2a: Annihilape|[spread] p2a,p2b\n|-resisted|p2a: Annihilape\n|-damage|p2a: Annihilape|27\/100\n|-damage|p2b: Gyarados|44\/100\n|-status|p2b: Gyarados|frz\n|\n|-weather|Snow|[upkeep]\n|-heal|p2a: Annihilape|33\/100|[from] item: Leftovers\n|upkeep\n|turn|4\n|inactive|werwersdfe has 30 seconds left.\n|inactive|Piloufis has 30 seconds left.\n|inactive|werwersdfe has 20 seconds left.\n|inactive|werwersdfe has 15 seconds left.\n|inactive|werwersdfe has 10 seconds left.\n|\n|t:|1683219339\n|move|p2a: Annihilape|Protect|p2a: Annihilape\n|-singleturn|p2a: Annihilape|Protect\n|move|p1b: Iron Bundle|Blizzard|p2b: Gyarados|[spread] p2b\n|-activate|p2a: Annihilape|move: Protect\n|-damage|p2b: Gyarados|14\/100 frz\n|-enditem|p2b: Gyarados|Aguav Berry|[eat]\n|-heal|p2b: Gyarados|47\/100 frz|[from] item: Aguav Berry\n|cant|p2b: Gyarados|frz\n|move|p1a: Abomasnow|Blizzard|p2a: Annihilape|[spread] p2b\n|-activate|p2a: Annihilape|move: Protect\n|-damage|p2b: Gyarados|17\/100 frz\n|\n|-weather|Snow|[upkeep]\n|-heal|p2a: Annihilape|39\/100|[from] item: Leftovers\n|upkeep\n|turn|5\n|\n|t:|1683219358\n|cant|p2b: Gyarados|frz\n|move|p1b: Iron Bundle|Blizzard|p2a: Annihilape|[spread] p2a,p2b\n|-resisted|p2a: Annihilape\n|-crit|p2a: Annihilape\n|-damage|p2a: Annihilape|16\/100\n|-damage|p2b: Gyarados|0 fnt\n|faint|p2b: Gyarados\n|move|p2a: Annihilape|Drain Punch|p1b: Iron Bundle\n|-supereffective|p1b: Iron Bundle\n|-damage|p1b: Iron Bundle|0 fnt\n|-heal|p2a: Annihilape|26\/100|[from] drain|[of] p1b: Iron Bundle\n|faint|p1b: Iron Bundle\n|-end|p1b: Iron Bundle|Quark Drive|[silent]\n|move|p1a: Abomasnow|Energy Ball|p2a: Annihilape\n|-resisted|p2a: Annihilape\n|-crit|p2a: Annihilape\n|-damage|p2a: Annihilape|3\/100\n|-unboost|p2a: Annihilape|spd|1\n|-ability|p2a: Annihilape|Defiant|boost\n|-boost|p2a: Annihilape|atk|2\n|\n|-weather|none\n|-heal|p2a: Annihilape|9\/100|[from] item: Leftovers\n|-sideend|p1: werwersdfe|move: Aurora Veil\n|upkeep\n|\n|t:|1683219381\n|switch|p1b: Dudunsparce|Dudunsparce, L50, M, shiny|100\/100\n|switch|p2b: Flutter Mane|Flutter Mane, L50|100\/100\n|-enditem|p2b: Flutter Mane|Booster Energy\n|-activate|p2b: Flutter Mane|ability: Protosynthesis|[fromitem]\n|-start|p2b: Flutter Mane|protosynthesisspa\n|turn|6\n|\n|t:|1683219403\n|switch|p1a: Oranguru|Oranguru, L50, M|100\/100\n|move|p2a: Annihilape|Protect|p2a: Annihilape\n|-singleturn|p2a: Annihilape|Protect\n|move|p2b: Flutter Mane|Moonblast|p1a: Oranguru\n|-damage|p1a: Oranguru|48\/100\n|-unboost|p1a: Oranguru|spa|1\n|move|p1b: Dudunsparce|Ancient Power|p2a: Annihilape\n|-activate|p2a: Annihilape|move: Protect\n|\n|-heal|p2a: Annihilape|15\/100|[from] item: Leftovers\n|upkeep\n|turn|7\n|inactive|Piloufis has 30 seconds left.\n|inactive|Piloufis has 20 seconds left.\n|\n|t:|1683219441\n|move|p2b: Flutter Mane|Moonblast|p1a: Oranguru\n|-damage|p1a: Oranguru|0 fnt\n|faint|p1a: Oranguru\n|move|p2a: Annihilape|Drain Punch|p1b: Dudunsparce\n|-supereffective|p1b: Dudunsparce\n|-damage|p1b: Dudunsparce|17\/100\n|-heal|p2a: Annihilape|60\/100|[from] drain|[of] p1b: Dudunsparce\n|move|p1b: Dudunsparce|Ancient Power|p2a: Annihilape\n|-supereffective|p2a: Annihilape\n|-damage|p2a: Annihilape|30\/100\n|\n|-heal|p2a: Annihilape|36\/100|[from] item: Leftovers\n|upkeep\n|\n|t:|1683219465\n|switch|p1a: Abomasnow|Abomasnow, L50, M|100\/100\n|-weather|Snow|[from] ability: Snow Warning|[of] p1a: Abomasnow\n|turn|8\n|\n|t:|1683219485\n|move|p2b: Flutter Mane|Moonblast|p1b: Dudunsparce\n|-damage|p1b: Dudunsparce|0 fnt\n|faint|p1b: Dudunsparce\n|move|p2a: Annihilape|Rage Fist|p1a: Abomasnow\n|-damage|p1a: Abomasnow|0 fnt\n|faint|p1a: Abomasnow\n|\n|win|Piloufis\n|raw|werwersdfe's rating: 1083 → 1063<\/strong> (-20 for losing)\n|raw|Piloufis's rating: 1122 → 1144<\/strong> (+22 for winning)\n|l|\u2606werwersdfe\n","uploadtime":1683219529,"views":13,"p1id":"werwersdfe","p2id":"piloufis","formatid":"gen9vgc2023regulationc","rating":1063,"private":0,"password":""}