{"id":"gen9vgc2023regulationc-1860893019","p1":"jchemmy","p2":"hornoooo","format":"[Gen 9] VGC 2023 Regulation C","log":"|j|\u2606jchemmy\n|j|\u2606hornoooo\n|t:|1683691558\n|gametype|doubles\n|player|p1|jchemmy|brock|1463\n|player|p2|hornoooo|265|1412\n|teamsize|p1|6\n|teamsize|p2|6\n|gen|9\n|tier|[Gen 9] VGC 2023 Regulation C\n|rated|\n|rule|Species Clause: Limit one of each Pok\u00e9mon\n|rule|Item Clause: Limit one of each item\n|clearpoke\n|poke|p1|Flutter Mane, L50|\n|poke|p1|Ting-Lu, L50|\n|poke|p1|Baxcalibur, L50, F|\n|poke|p1|Palafin, L50, M|\n|poke|p1|Arcanine, L50, M|\n|poke|p1|Amoonguss, L50, M|\n|poke|p2|Ting-Lu, L50|\n|poke|p2|Dragonite, L50, F|\n|poke|p2|Chien-Pao, L50|\n|poke|p2|Annihilape, L50, F|\n|poke|p2|Amoonguss, L50, M|\n|poke|p2|Flutter Mane, L50|\n|teampreview|4\n|inactive|Battle timer is ON: inactive players will automatically lose when time's up. (requested by hornoooo)\n|inactive|jchemmy also wants the timer to be on.\njchemmy has agreed to open team sheets.\n|inactive|hornoooo has 60 seconds left.\n|inactive|hornoooo has 30 seconds left.\n|inactive|hornoooo has 20 seconds left.\n|\n|t:|1683691630\n|start\n|switch|p1a: Palafin|Palafin, L50, M|100\/100\n|switch|p1b: Flutter Mane|Flutter Mane, L50|100\/100\n|switch|p2a: Flutter Mane|Flutter Mane, L50|100\/100\n|switch|p2b: Ting-Lu|Ting-Lu, L50|100\/100\n|-ability|p2b: Ting-Lu|Vessel of Ruin\n|-enditem|p2a: Flutter Mane|Booster Energy\n|-activate|p2a: Flutter Mane|ability: Protosynthesis|[fromitem]\n|-start|p2a: Flutter Mane|protosynthesisspe\n|turn|1\n|\n|t:|1683691650\n|-terastallize|p2b: Ting-Lu|Water\n|move|p2a: Flutter Mane|Shadow Ball|p1a: Palafin\n|-damage|p1a: Palafin|64\/100\n|-unboost|p1a: Palafin|spd|1\n|move|p1b: Flutter Mane|Moonblast|p2b: Ting-Lu\n|-damage|p2b: Ting-Lu|75\/100\n|move|p1a: Palafin|Wave Crash|p2b: Ting-Lu\n|-resisted|p2b: Ting-Lu\n|-damage|p2b: Ting-Lu|58\/100\n|-damage|p1a: Palafin|58\/100|[from] Recoil\n|move|p2b: Ting-Lu|Heavy Slam|p1b: Flutter Mane\n|-supereffective|p1b: Flutter Mane\n|-damage|p1b: Flutter Mane|0 fnt\n|faint|p1b: Flutter Mane\n|-end|p1b: Flutter Mane|Protosynthesis|[silent]\n|\n|upkeep\n|\n|t:|1683691658\n|switch|p1b: Arcanine|Arcanine, L50, M|100\/100\n|-ability|p1b: Arcanine|Intimidate|boost\n|-unboost|p2a: Flutter Mane|atk|1\n|-unboost|p2b: Ting-Lu|atk|1\n|turn|2\n|\n|t:|1683691682\n|detailschange|p1a: Palafin|Palafin-Hero, L50, M\n|switch|p1a: Baxcalibur|Baxcalibur, L50, F|100\/100\n|move|p2a: Flutter Mane|Moonblast|p1a: Baxcalibur\n|-supereffective|p1a: Baxcalibur\n|-damage|p1a: Baxcalibur|44\/100\n|move|p1b: Arcanine|Howl|p1b: Arcanine|[spread] p1a,p1b\n|-boost|p1a: Baxcalibur|atk|1\n|-boost|p1b: Arcanine|atk|1\n|move|p2b: Ting-Lu|Rock Slide|p1b: Arcanine|[spread] \n|-miss|p2b: Ting-Lu|p1a: Baxcalibur\n|-miss|p2b: Ting-Lu|p1b: Arcanine\n|\n|upkeep\n|turn|3\n|inactive|jchemmy has 30 seconds left.\n|inactive|hornoooo has 30 seconds left.\n|inactive|hornoooo has 20 seconds left.\n|inactive|hornoooo has 15 seconds left.\n|inactive|hornoooo has 10 seconds left.\n|inactive|hornoooo has 5 seconds left.\n|\n|t:|1683691737\n|move|p1a: Baxcalibur|Protect|p1a: Baxcalibur\n|-singleturn|p1a: Baxcalibur|Protect\n|move|p2a: Flutter Mane|Moonblast|p1a: Baxcalibur\n|-activate|p1a: Baxcalibur|move: Protect\n|move|p1b: Arcanine|Flare Blitz|p2a: Flutter Mane\n|-damage|p2a: Flutter Mane|3\/100\n|-damage|p1b: Arcanine|75\/100|[from] Recoil\n|move|p2b: Ting-Lu|Rock Slide|p1b: Arcanine|[spread] p1b\n|-activate|p1a: Baxcalibur|move: Protect\n|-supereffective|p1b: Arcanine\n|-damage|p1b: Arcanine|47\/100\n|\n|upkeep\n|turn|4\n|inactive|hornoooo has 30 seconds left.\n|inactive|hornoooo has 20 seconds left.\n|inactive|hornoooo has 15 seconds left.\n|inactive|hornoooo has 10 seconds left.\n|inactive|hornoooo has 5 seconds left.\n|\n|t:|1683691793\n|move|p1b: Arcanine|Protect|p1b: Arcanine\n|-singleturn|p1b: Arcanine|Protect\n|move|p1a: Baxcalibur|Ice Shard|p2a: Flutter Mane\n|-damage|p2a: Flutter Mane|0 fnt\n|faint|p2a: Flutter Mane\n|-end|p2a: Flutter Mane|Protosynthesis|[silent]\n|move|p2b: Ting-Lu|Rock Slide|p1b: Arcanine|[spread] p1a\n|-activate|p1b: Arcanine|move: Protect\n|-supereffective|p1a: Baxcalibur\n|-damage|p1a: Baxcalibur|20\/100\n|\n|upkeep\n|inactive|hornoooo has 30 seconds left.\n|inactive|hornoooo has 20 seconds left.\n|inactive|hornoooo has 15 seconds left.\n|inactive|hornoooo has 10 seconds left.\n|inactive|hornoooo has 5 seconds left.\n|\n|t:|1683691848\n|switch|p2a: Annihilape|Annihilape, L50, F|100\/100\n|turn|5\n|inactive|hornoooo has 30 seconds left.\n|inactive|hornoooo has 20 seconds left.\n|inactive|hornoooo has 15 seconds left.\n|inactive|hornoooo has 10 seconds left.\n|inactive|hornoooo has 5 seconds left.\n|\n|t:|1683691903\n|-terastallize|p1a: Baxcalibur|Poison\n|move|p2a: Annihilape|Rage Fist|p1b: Arcanine\n|-damage|p1b: Arcanine|23\/100\n|move|p1b: Arcanine|Will-O-Wisp|p2a: Annihilape\n|-status|p2a: Annihilape|brn\n|move|p1a: Baxcalibur|Glaive Rush|p2b: Ting-Lu\n|-damage|p2b: Ting-Lu|0 fnt\n|-singlemove|p1a: Baxcalibur|Glaive Rush|[silent]\n|faint|p2b: Ting-Lu\n|\n|-damage|p2a: Annihilape|95\/100 brn|[from] brn\n|upkeep\n|inactive|hornoooo has 30 seconds left.\n|\n|t:|1683691931\n|switch|p2b: Chien-Pao|Chien-Pao, L50|100\/100\n|-ability|p2b: Chien-Pao|Sword of Ruin\n|turn|6\n|\n|t:|1683691945\n|move|p1b: Arcanine|Protect|p1b: Arcanine\n|-singleturn|p1b: Arcanine|Protect\n|move|p1a: Baxcalibur|Ice Shard|p2b: Chien-Pao\n|-resisted|p2b: Chien-Pao\n|-damage|p2b: Chien-Pao|77\/100\n|move|p2b: Chien-Pao|Sacred Sword|p1b: Arcanine\n|-activate|p1b: Arcanine|move: Protect\n|move|p2a: Annihilape|Drain Punch|p1a: Baxcalibur\n|-resisted|p1a: Baxcalibur\n|-damage|p1a: Baxcalibur|9\/100\n|-heal|p2a: Annihilape|100\/100 brn|[from] drain|[of] p1a: Baxcalibur\n|\n|-damage|p2a: Annihilape|95\/100 brn|[from] brn\n|upkeep\n|turn|7\n|\n|t:|1683691963\n|move|p1a: Baxcalibur|Ice Shard|p2b: Chien-Pao\n|-resisted|p2b: Chien-Pao\n|-damage|p2b: Chien-Pao|51\/100\n|move|p2b: Chien-Pao|Sacred Sword|p1a: Baxcalibur\n|-resisted|p1a: Baxcalibur\n|-crit|p1a: Baxcalibur\n|-damage|p1a: Baxcalibur|0 fnt\n|faint|p1a: Baxcalibur\n|move|p2a: Annihilape|Drain Punch|p1b: Arcanine\n|-damage|p1b: Arcanine|0 fnt\n|-heal|p2a: Annihilape|100\/100 brn|[from] drain|[of] p1b: Arcanine\n|faint|p1b: Arcanine\n|\n|-damage|p2a: Annihilape|95\/100 brn|[from] brn\n|upkeep\n|\n|t:|1683691966\n|switch|p1b: Palafin|Palafin-Hero, L50, M|58\/100\n|-activate|p1b: Palafin|ability: Zero to Hero\n|turn|8\n|\n|t:|1683691973\n|move|p2b: Chien-Pao|Protect|p2b: Chien-Pao\n|-singleturn|p2b: Chien-Pao|Protect\n|move|p1b: Palafin|Jet Punch|p2b: Chien-Pao\n|-activate|p2b: Chien-Pao|move: Protect\n|move|p2a: Annihilape|Rage Fist|p1b: Palafin\n|-damage|p1b: Palafin|43\/100\n|\n|-heal|p2a: Annihilape|100\/100 brn|[from] item: Leftovers\n|-damage|p2a: Annihilape|95\/100 brn|[from] brn\n|upkeep\n|turn|9\n|\n|t:|1683691986\n|move|p1b: Palafin|Jet Punch|p2b: Chien-Pao\n|-damage|p2b: Chien-Pao|0 fnt\n|faint|p2b: Chien-Pao\n|move|p2a: Annihilape|Bulk Up|p2a: Annihilape\n|-boost|p2a: Annihilape|atk|1\n|-boost|p2a: Annihilape|def|1\n|\n|-heal|p2a: Annihilape|100\/100 brn|[from] item: Leftovers\n|-damage|p2a: Annihilape|95\/100 brn|[from] brn\n|upkeep\n|turn|10\n|\n|t:|1683691991\n|move|p2a: Annihilape|Rage Fist|p1b: Palafin\n|-damage|p1b: Palafin|26\/100\n|move|p1b: Palafin|Wave Crash|p2a: Annihilape\n|-damage|p2a: Annihilape|35\/100 brn\n|-damage|p1b: Palafin|8\/100|[from] Recoil\n|\n|-heal|p2a: Annihilape|40\/100 brn|[from] item: Leftovers\n|-damage|p2a: Annihilape|35\/100 brn|[from] brn\n|upkeep\n|turn|11\n|\n|t:|1683691997\n|move|p2a: Annihilape|Rage Fist|p1b: Palafin\n|-damage|p1b: Palafin|0 fnt\n|faint|p1b: Palafin\n|\n|win|hornoooo\n|raw|jchemmy's rating: 1463 → 1440<\/strong> (-23 for losing)\n|raw|hornoooo's rating: 1412 → 1435<\/strong> (+23 for winning)\n","uploadtime":1683692002,"views":20,"p1id":"jchemmy","p2id":"hornoooo","formatid":"gen9vgc2023regulationc","rating":1435,"private":0,"password":""}