{"id":"gen9vgc2023regulationc-1854941138","p1":"ToxxxicTestBuddy","p2":"gforcepkmn","format":"[Gen 9] VGC 2023 Regulation C","log":"|j|\u2606ToxxxicTestBuddy\n|j|\u2606gforcepkmn\n|t:|1682883147\n|gametype|doubles\n|player|p1|ToxxxicTestBuddy|red|1323\n|player|p2|gforcepkmn|2|1264\n|teamsize|p1|6\n|teamsize|p2|6\n|gen|9\n|tier|[Gen 9] VGC 2023 Regulation C\n|rated|\n|rule|Species Clause: Limit one of each Pok\u00e9mon\n|rule|Item Clause: Limit one of each item\n|clearpoke\n|poke|p1|Palafin, L50, M|\n|poke|p1|Amoonguss, L50, M|\n|poke|p1|Ting-Lu, L50|\n|poke|p1|Baxcalibur, L50, M|\n|poke|p1|Flutter Mane, L50|\n|poke|p1|Arcanine, L50, M|\n|poke|p2|Garganacl, L50, F|\n|poke|p2|Wo-Chien, L50|\n|poke|p2|Ting-Lu, L50|\n|poke|p2|Glimmora, L50, F|\n|poke|p2|Bronzong, L50|\n|poke|p2|Palafin, L50, M|\n|teampreview|4\n|\n|t:|1682883204\n|start\n|switch|p1a: Palafin|Palafin, L50, M|100\/100\n|switch|p1b: Ting-Lu|Ting-Lu, L50|100\/100\n|switch|p2a: Glimmora|Glimmora, L50, F|100\/100\n|switch|p2b: Palafin|Palafin, L50, M|100\/100\n|-ability|p1b: Ting-Lu|Vessel of Ruin\n|turn|1\n|\n|t:|1682883222\n|switch|p1b: Amoonguss|Amoonguss, L50, M|100\/100\n|-terastallize|p1a: Palafin|Water\n|move|p2a: Glimmora|Spiky Shield|p2a: Glimmora\n|-singleturn|p2a: Glimmora|move: Protect\n|move|p2b: Palafin|Protect|p2b: Palafin\n|-singleturn|p2b: Palafin|Protect\n|move|p1a: Palafin|Wave Crash|p2a: Glimmora\n|-activate|p2a: Glimmora|move: Protect\n|-damage|p1a: Palafin|88\/100|[from] Spiky Shield|[of] p2a: Glimmora\n|\n|upkeep\n|turn|2\n|\n|t:|1682883242\n|-terastallize|p2a: Glimmora|Grass\n|move|p1a: Palafin|Protect|p1a: Palafin\n|-singleturn|p1a: Palafin|Protect\n|move|p2a: Glimmora|Mortal Spin|p1a: Palafin|[spread] p1b\n|-activate|p1a: Palafin|move: Protect\n|-damage|p1b: Amoonguss|96\/100\n|move|p2b: Palafin|Bulk Up|p2b: Palafin\n|-boost|p2b: Palafin|atk|1\n|-boost|p2b: Palafin|def|1\n|move|p1b: Amoonguss|Spore|p2b: Palafin\n|-activate|p2b: Palafin|item: Safety Goggles|Spore\n|\n|upkeep\n|turn|3\n|\n|t:|1682883265\n|switch|p1b: Baxcalibur|Baxcalibur, L50, M|100\/100\n|move|p2a: Glimmora|Mortal Spin|p1a: Palafin|[spread] p1a,p1b\n|-damage|p1a: Palafin|83\/100\n|-damage|p1b: Baxcalibur|96\/100\n|-status|p1a: Palafin|psn\n|-status|p1b: Baxcalibur|psn\n|move|p1a: Palafin|Haze|p1a: Palafin\n|-clearallboost\n|move|p2b: Palafin|Bulk Up|p2b: Palafin\n|-boost|p2b: Palafin|atk|1\n|-boost|p2b: Palafin|def|1\n|\n|-damage|p1a: Palafin|71\/100 psn|[from] psn\n|-damage|p1b: Baxcalibur|84\/100 psn|[from] psn\n|upkeep\n|turn|4\n|\n|t:|1682883299\n|move|p2b: Palafin|Jet Punch|p1b: Baxcalibur\n|-resisted|p1b: Baxcalibur\n|-damage|p1b: Baxcalibur|73\/100 psn\n|move|p2a: Glimmora|Power Gem|p1b: Baxcalibur\n|-supereffective|p1b: Baxcalibur\n|-damage|p1b: Baxcalibur|0 fnt\n|faint|p1b: Baxcalibur\n|move|p1a: Palafin|Haze|p1a: Palafin\n|-clearallboost\n|\n|-damage|p1a: Palafin|58\/100 psn|[from] psn\n|upkeep\n|\n|t:|1682883307\n|switch|p1b: Ting-Lu|Ting-Lu, L50|100\/100\n|-ability|p1b: Ting-Lu|Vessel of Ruin\n|turn|5\n|\n|t:|1682883317\n|detailschange|p1a: Palafin|Palafin-Hero, L50, M, tera:Water\n|switch|p1a: Amoonguss|Amoonguss, L50, M|100\/100\n|detailschange|p2b: Palafin|Palafin-Hero, L50, M\n|switch|p2b: Wo-Chien|Wo-Chien, L50|100\/100\n|-ability|p2b: Wo-Chien|Tablets of Ruin\n|move|p2a: Glimmora|Mortal Spin|p1b: Ting-Lu|[spread] p1a,p1b\n|-resisted|p1b: Ting-Lu\n|-damage|p1a: Amoonguss|98\/100\n|-damage|p1b: Ting-Lu|99\/100\n|-status|p1b: Ting-Lu|psn\n|move|p1b: Ting-Lu|Fissure|p2b: Wo-Chien|[miss]\n|-miss|p1b: Ting-Lu|p2b: Wo-Chien\n|\n|-damage|p1b: Ting-Lu|87\/100 psn|[from] psn\n|upkeep\n|turn|6\n|\n|t:|1682883337\n|move|p2a: Glimmora|Spiky Shield|p2a: Glimmora\n|-singleturn|p2a: Glimmora|move: Protect\n|move|p2b: Wo-Chien|Protect|p2b: Wo-Chien\n|-singleturn|p2b: Wo-Chien|Protect\n|move|p1b: Ting-Lu|Fissure|p2b: Wo-Chien\n|-activate|p2b: Wo-Chien|move: Protect\n|move|p1a: Amoonguss|Pollen Puff|p1b: Ting-Lu\n|-heal|p1b: Ting-Lu|100\/100 psn\n|\n|-damage|p1b: Ting-Lu|88\/100 psn|[from] psn\n|upkeep\n|turn|7\n|\n|t:|1682883357\n|move|p2a: Glimmora|Earth Power|p1b: Ting-Lu\n|-damage|p1b: Ting-Lu|77\/100 psn\n|move|p2b: Wo-Chien|Leech Seed|p1b: Ting-Lu\n|-start|p1b: Ting-Lu|move: Leech Seed\n|move|p1b: Ting-Lu|Fissure|p2b: Wo-Chien|[miss]\n|-miss|p1b: Ting-Lu|p2b: Wo-Chien\n|move|p1a: Amoonguss|Pollen Puff|p1b: Ting-Lu\n|-heal|p1b: Ting-Lu|100\/100 psn\n|\n|-damage|p1b: Ting-Lu|88\/100 psn|[from] Leech Seed|[of] p2b: Wo-Chien\n|-damage|p1b: Ting-Lu|76\/100 psn|[from] psn\n|upkeep\n|turn|8\n|\n|t:|1682883378\n|move|p2b: Wo-Chien|Protect|p2b: Wo-Chien\n|-singleturn|p2b: Wo-Chien|Protect\n|move|p2a: Glimmora|Power Gem|p1a: Amoonguss\n|-damage|p1a: Amoonguss|72\/100\n|move|p1b: Ting-Lu|Ruination|p2a: Glimmora\n|-damage|p2a: Glimmora|51\/100\n|move|p1a: Amoonguss|Pollen Puff|p1b: Ting-Lu\n|-heal|p1b: Ting-Lu|100\/100 psn\n|\n|-damage|p1b: Ting-Lu|88\/100 psn|[from] Leech Seed|[of] p2b: Wo-Chien\n|-damage|p1b: Ting-Lu|76\/100 psn|[from] psn\n|upkeep\n|turn|9\n|\n|t:|1682883413\n|move|p2a: Glimmora|Power Gem|p1a: Amoonguss\n|-damage|p1a: Amoonguss|46\/100\n|-enditem|p1a: Amoonguss|Sitrus Berry|[eat]\n|-heal|p1a: Amoonguss|71\/100|[from] item: Sitrus Berry\n|move|p2b: Wo-Chien|Pollen Puff|p2a: Glimmora\n|-heal|p2a: Glimmora|100\/100\n|move|p1b: Ting-Lu|Fissure|p2b: Wo-Chien|[miss]\n|-miss|p1b: Ting-Lu|p2b: Wo-Chien\n|move|p1a: Amoonguss|Pollen Puff|p2a: Glimmora\n|-supereffective|p2a: Glimmora\n|-damage|p2a: Glimmora|63\/100\n|\n|-damage|p1b: Ting-Lu|63\/100 psn|[from] Leech Seed|[of] p2b: Wo-Chien\n|-damage|p1b: Ting-Lu|51\/100 psn|[from] psn\n|upkeep\n|turn|10\n|\n|t:|1682883437\n|move|p2a: Glimmora|Power Gem|p1a: Amoonguss\n|-damage|p1a: Amoonguss|43\/100\n|move|p2b: Wo-Chien|Pollen Puff|p2a: Glimmora\n|-heal|p2a: Glimmora|100\/100\n|move|p1b: Ting-Lu|Fissure|p2b: Wo-Chien|[miss]\n|-miss|p1b: Ting-Lu|p2b: Wo-Chien\n|move|p1a: Amoonguss|Pollen Puff|p1b: Ting-Lu\n|-heal|p1b: Ting-Lu|100\/100 psn\n|\n|-damage|p1b: Ting-Lu|88\/100 psn|[from] Leech Seed|[of] p2b: Wo-Chien\n|-damage|p1b: Ting-Lu|76\/100 psn|[from] psn\n|upkeep\n|turn|11\n|\n|t:|1682883468\n|switch|p1a: Palafin|Palafin-Hero, L50, M, tera:Water|58\/100 psn\n|-activate|p1a: Palafin|ability: Zero to Hero\n|move|p2a: Glimmora|Power Gem|p1a: Palafin\n|-damage|p1a: Palafin|25\/100 psn\n|move|p2b: Wo-Chien|Pollen Puff|p1a: Palafin\n|-damage|p1a: Palafin|10\/100 psn\n|move|p1b: Ting-Lu|Fissure|p2b: Wo-Chien|[miss]\n|-miss|p1b: Ting-Lu|p2b: Wo-Chien\n|\n|-damage|p1b: Ting-Lu|63\/100 psn|[from] Leech Seed|[of] p2b: Wo-Chien\n|-damage|p1a: Palafin|0 fnt|[from] psn\n|faint|p1a: Palafin\n|-damage|p1b: Ting-Lu|51\/100 psn|[from] psn\n|upkeep\n|\n|t:|1682883480\n|switch|p1a: Amoonguss|Amoonguss, L50, M|76\/100\n|turn|12\n|inactive|Battle timer is ON: inactive players will automatically lose when time's up. (requested by ToxxxicTestBuddy)\n|\n|t:|1682883497\n|move|p2a: Glimmora|Earth Power|p1b: Ting-Lu\n|-damage|p1b: Ting-Lu|41\/100 psn\n|move|p2b: Wo-Chien|Foul Play|p1b: Ting-Lu\n|-resisted|p1b: Ting-Lu\n|-damage|p1b: Ting-Lu|25\/100 psn\n|move|p1b: Ting-Lu|Fissure|p2a: Glimmora\n|-enditem|p2a: Glimmora|Focus Sash\n|-damage|p2a: Glimmora|1\/100\n|-activate|p2a: Glimmora|ability: Toxic Debris\n|-sidestart|p1: ToxxxicTestBuddy|move: Toxic Spikes\n|move|p1a: Amoonguss|Pollen Puff|p1b: Ting-Lu\n|-heal|p1b: Ting-Lu|75\/100 psn\n|\n|-damage|p1b: Ting-Lu|63\/100 psn|[from] Leech Seed|[of] p2b: Wo-Chien\n|-damage|p1b: Ting-Lu|50\/100 psn|[from] psn\n|upkeep\n|turn|13\n|\n|t:|1682883521\n|move|p2a: Glimmora|Power Gem|p1a: Amoonguss\n|-damage|p1a: Amoonguss|49\/100\n|move|p2b: Wo-Chien|Pollen Puff|p2a: Glimmora\n|-heal|p2a: Glimmora|51\/100\n|move|p1b: Ting-Lu|Heavy Slam|p2a: Glimmora\n|-damage|p2a: Glimmora|11\/100\n|-activate|p2a: Glimmora|ability: Toxic Debris\n|-sidestart|p1: ToxxxicTestBuddy|move: Toxic Spikes\n|move|p1a: Amoonguss|Pollen Puff|p1b: Ting-Lu\n|-heal|p1b: Ting-Lu|100\/100 psn\n|\n|-damage|p1b: Ting-Lu|88\/100 psn|[from] Leech Seed|[of] p2b: Wo-Chien\n|-damage|p1b: Ting-Lu|76\/100 psn|[from] psn\n|upkeep\n|turn|14\n|\n|t:|1682883541\n|move|p2a: Glimmora|Power Gem|p1a: Amoonguss\n|-damage|p1a: Amoonguss|20\/100\n|move|p2b: Wo-Chien|Pollen Puff|p2a: Glimmora\n|-heal|p2a: Glimmora|61\/100\n|move|p1b: Ting-Lu|Fissure|p2b: Wo-Chien|[miss]\n|-miss|p1b: Ting-Lu|p2b: Wo-Chien\n|move|p1a: Amoonguss|Pollen Puff|p2b: Wo-Chien\n|-supereffective|p2b: Wo-Chien\n|-damage|p2b: Wo-Chien|67\/100\n|\n|-damage|p1b: Ting-Lu|63\/100 psn|[from] Leech Seed|[of] p2b: Wo-Chien\n|-heal|p2b: Wo-Chien|82\/100|[silent]\n|-damage|p1b: Ting-Lu|51\/100 psn|[from] psn\n|upkeep\n|turn|15\n|-message|ToxxxicTestBuddy forfeited.\n|\n|win|gforcepkmn\n|raw|ToxxxicTestBuddy's rating: 1323 → 1300<\/strong> (-23 for losing)\n|raw|gforcepkmn's rating: 1264 → 1293<\/strong> (+29 for winning)\n|l|\u2606ToxxxicTestBuddy\n","uploadtime":1682883570,"views":9,"p1id":"toxxxictestbuddy","p2id":"gforcepkmn","formatid":"gen9vgc2023regulationc","rating":1293,"private":0,"password":""}