{"id":"gen9vgc2023regulationc-1858055308","p1":"Bigdaddychaddy","p2":"LotharJ","format":"[Gen 9] VGC 2023 Regulation C","log":"|j|\u2606Bigdaddychaddy\n|j|\u2606LotharJ\n|t:|1683267841\n|gametype|doubles\n|player|p1|Bigdaddychaddy|lucas|1216\n|player|p2|LotharJ|101|1299\n|teamsize|p1|6\n|teamsize|p2|6\n|gen|9\n|tier|[Gen 9] VGC 2023 Regulation C\n|rated|\n|rule|Species Clause: Limit one of each Pok\u00e9mon\n|rule|Item Clause: Limit one of each item\n|clearpoke\n|poke|p1|Arcanine, L50, F|\n|poke|p1|Palafin, L50, F|\n|poke|p1|Arboliva, L50, F|\n|poke|p1|Pawmot, L50, F|\n|poke|p1|Flutter Mane, L50|\n|poke|p1|Farigiraf, L50, M|\n|poke|p2|Amoonguss, L50, M|\n|poke|p2|Arcanine, L50, F|\n|poke|p2|Palafin, L50, M|\n|poke|p2|Ting-Lu, L50|\n|poke|p2|Kingambit, L50, F|\n|poke|p2|Flutter Mane, L50|\n|teampreview|4\n|inactive|Battle timer is ON: inactive players will automatically lose when time's up. (requested by Bigdaddychaddy)\n|inactive|Bigdaddychaddy has 60 seconds left.\n|inactive|LotharJ has 60 seconds left.\n|\n|t:|1683267878\n|start\n|switch|p1a: Palafin|Palafin, L50, F|100\/100\n|switch|p1b: Farigiraf|Farigiraf, L50, M|100\/100\n|switch|p2a: Kingambit|Kingambit, L50, F|100\/100\n|switch|p2b: Flutter Mane|Flutter Mane, L50|100\/100\n|-enditem|p2b: Flutter Mane|Booster Energy\n|-activate|p2b: Flutter Mane|ability: Protosynthesis|[fromitem]\n|-start|p2b: Flutter Mane|protosynthesisspa\n|turn|1\n|\n|t:|1683267897\n|detailschange|p1a: Palafin|Palafin-Hero, L50, F\n|switch|p1a: Flutter Mane|Flutter Mane, L50|100\/100\n|move|p2b: Flutter Mane|Moonblast|p1b: Farigiraf\n|-damage|p1b: Farigiraf|32\/100\n|-enditem|p1b: Farigiraf|Sitrus Berry|[eat]\n|-heal|p1b: Farigiraf|56\/100|[from] item: Sitrus Berry\n|move|p1b: Farigiraf|Psychic|p2b: Flutter Mane\n|-damage|p2b: Flutter Mane|47\/100\n|move|p2a: Kingambit|Kowtow Cleave|p1b: Farigiraf\n|-supereffective|p1b: Farigiraf\n|-damage|p1b: Farigiraf|0 fnt\n|faint|p1b: Farigiraf\n|\n|upkeep\n|\n|t:|1683267913\n|switch|p1b: Arcanine|Arcanine, L50, F|100\/100\n|-ability|p1b: Arcanine|Intimidate|boost\n|-unboost|p2a: Kingambit|atk|1\n|-ability|p2a: Kingambit|Defiant|boost\n|-boost|p2a: Kingambit|atk|2\n|-unboost|p2b: Flutter Mane|atk|1\n|turn|2\n|\n|t:|1683267936\n|-terastallize|p2a: Kingambit|Fire\n|move|p2a: Kingambit|Sucker Punch|p1a: Flutter Mane\n|-enditem|p1a: Flutter Mane|Focus Sash\n|-damage|p1a: Flutter Mane|1\/100\n|move|p1a: Flutter Mane|Dazzling Gleam|p2b: Flutter Mane|[spread] p2a,p2b\n|-resisted|p2a: Kingambit\n|-damage|p2a: Kingambit|85\/100\n|-damage|p2b: Flutter Mane|12\/100\n|move|p2b: Flutter Mane|Shadow Ball|p1b: Arcanine\n|-damage|p1b: Arcanine|36\/100\n|move|p1b: Arcanine|Flare Blitz|p2a: Kingambit\n|-resisted|p2a: Kingambit\n|-damage|p2a: Kingambit|61\/100\n|-damage|p1b: Arcanine|28\/100|[from] Recoil\n|\n|upkeep\n|turn|3\n|inactive|LotharJ has 30 seconds left.\n|\n|t:|1683267969\n|-terastallize|p1b: Arcanine|Normal\n|move|p1b: Arcanine|Extreme Speed|p2a: Kingambit\n|-crit|p2a: Kingambit\n|-damage|p2a: Kingambit|17\/100\n|move|p2a: Kingambit|Sucker Punch||[still]\n|-fail|p2a: Kingambit\n|move|p1a: Flutter Mane|Imprison|p1a: Flutter Mane\n|-start|p1a: Flutter Mane|move: Imprison\n|cant|p2b: Flutter Mane|move: Imprison|Shadow Ball\n|\n|upkeep\n|turn|4\n|inactive|LotharJ has 30 seconds left.\n|\n|t:|1683268003\n|-end|p2b: Flutter Mane|Protosynthesis|[silent]\n|switch|p2b: Arcanine|Arcanine, L50, F|100\/100\n|-ability|p2b: Arcanine|Intimidate|boost\n|-unboost|p1a: Flutter Mane|atk|1\n|-unboost|p1b: Arcanine|atk|1\n|move|p2a: Kingambit|Protect|p2a: Kingambit\n|-singleturn|p2a: Kingambit|Protect\n|move|p1b: Arcanine|Extreme Speed|p2a: Kingambit\n|-activate|p2a: Kingambit|move: Protect\n|move|p1a: Flutter Mane|Shadow Ball|p2b: Arcanine\n|-damage|p2b: Arcanine|55\/100\n|\n|upkeep\n|turn|5\n|\n|t:|1683268023\n|-end|p1a: Flutter Mane|Protosynthesis|[silent]\n|switch|p1a: Palafin|Palafin-Hero, L50, F|100\/100\n|-activate|p1a: Palafin|ability: Zero to Hero\n|move|p2b: Arcanine|Extreme Speed|p1b: Arcanine\n|-damage|p1b: Arcanine|5\/100\n|move|p1b: Arcanine|Extreme Speed|p2a: Kingambit\n|-damage|p2a: Kingambit|0 fnt\n|faint|p2a: Kingambit\n|\n|upkeep\n|\n|t:|1683268035\n|switch|p2a: Amoonguss|Amoonguss, L50, M|100\/100\n|turn|6\n|j| A Borygon\n|inactive|Bigdaddychaddy has 30 seconds left.\n|inactive|Bigdaddychaddy has 20 seconds left.\n|\n|t:|1683268073\n|switch|p1b: Flutter Mane|Flutter Mane, L50|1\/100\n|move|p2a: Amoonguss|Protect|p2a: Amoonguss\n|-singleturn|p2a: Amoonguss|Protect\n|move|p2b: Arcanine|Will-O-Wisp|p1a: Palafin\n|-status|p1a: Palafin|brn\n|-enditem|p1a: Palafin|Lum Berry|[eat]\n|-curestatus|p1a: Palafin|brn|[msg]\n|move|p1a: Palafin|Ice Punch|p2a: Amoonguss\n|-activate|p2a: Amoonguss|move: Protect\n|\n|upkeep\n|turn|7\n|inactive|Bigdaddychaddy has 30 seconds left.\n|inactive|LotharJ has 30 seconds left.\n|\n|t:|1683268105\n|move|p2b: Arcanine|Protect|p2b: Arcanine\n|-singleturn|p2b: Arcanine|Protect\n|move|p1a: Palafin|Jet Punch|p2b: Arcanine\n|-activate|p2b: Arcanine|move: Protect\n|move|p1b: Flutter Mane|Shadow Ball|p2b: Arcanine\n|-activate|p2b: Arcanine|move: Protect\n|move|p2a: Amoonguss|Spore|p1a: Palafin\n|-status|p1a: Palafin|slp|[from] move: Spore\n|\n|upkeep\n|turn|8\n|\n|t:|1683268130\n|switch|p1a: Arcanine|Arcanine, L50, F, tera:Normal|5\/100\n|-ability|p1a: Arcanine|Intimidate|boost\n|-unboost|p2a: Amoonguss|atk|1\n|-unboost|p2b: Arcanine|atk|1\n|move|p1b: Flutter Mane|Shadow Ball|p2b: Arcanine\n|-damage|p2b: Arcanine|12\/100\n|move|p2b: Arcanine|Flare Blitz|p1b: Flutter Mane\n|-damage|p1b: Flutter Mane|0 fnt\n|faint|p1b: Flutter Mane\n|-end|p1b: Flutter Mane|Protosynthesis|[silent]\n|-damage|p2b: Arcanine|11\/100|[from] Recoil\n|move|p2a: Amoonguss|Pollen Puff|p2b: Arcanine\n|-heal|p2b: Arcanine|61\/100\n|\n|upkeep\n|\n|t:|1683268138\n|switch|p1b: Palafin|Palafin-Hero, L50, F|100\/100 slp\n|turn|9\n|\n|t:|1683268154\n|move|p2b: Arcanine|Extreme Speed|p1a: Arcanine\n|-damage|p1a: Arcanine|0 fnt\n|faint|p1a: Arcanine\n|move|p2a: Amoonguss|Rage Powder|p2a: Amoonguss\n|-singleturn|p2a: Amoonguss|move: Rage Powder\n|cant|p1b: Palafin|slp\n|\n|upkeep\n|turn|10\n|\n|t:|1683268173\n|move|p2b: Arcanine|Protect|p2b: Arcanine\n|-singleturn|p2b: Arcanine|Protect\n|cant|p1b: Palafin|slp\n|move|p2a: Amoonguss|Spore|p1b: Palafin\n|-fail|p1b: Palafin|slp\n|\n|upkeep\n|turn|11\n|\n|t:|1683268188\n|move|p2b: Arcanine|Extreme Speed|p1b: Palafin\n|-damage|p1b: Palafin|89\/100 slp\n|-curestatus|p1b: Palafin|slp|[msg]\n|move|p1b: Palafin|Ice Punch|p2a: Amoonguss\n|-supereffective|p2a: Amoonguss\n|-damage|p2a: Amoonguss|35\/100\n|-damage|p1b: Palafin|72\/100|[from] item: Rocky Helmet|[of] p2a: Amoonguss\n|move|p2a: Amoonguss|Spore|p1b: Palafin\n|-status|p1b: Palafin|slp|[from] move: Spore\n|\n|upkeep\n|turn|12\n|\n|t:|1683268209\n|switch|p2a: Flutter Mane|Flutter Mane, L50|12\/100\n|move|p2b: Arcanine|Extreme Speed|p1b: Palafin\n|-damage|p1b: Palafin|60\/100 slp\n|cant|p1b: Palafin|slp\n|\n|upkeep\n|turn|13\n|\n|t:|1683268221\n|switch|p2b: Amoonguss|Amoonguss, L50, M|68\/100\n|move|p2a: Flutter Mane|Protect|p2a: Flutter Mane\n|-singleturn|p2a: Flutter Mane|Protect\n|-curestatus|p1b: Palafin|slp|[msg]\n|move|p1b: Palafin|Jet Punch|p2a: Flutter Mane\n|-activate|p2a: Flutter Mane|move: Protect\n|\n|upkeep\n|turn|14\n|\n|t:|1683268238\n|move|p2b: Amoonguss|Rage Powder|p2b: Amoonguss\n|-singleturn|p2b: Amoonguss|move: Rage Powder\n|move|p2a: Flutter Mane|Moonblast|p1b: Palafin\n|-damage|p1b: Palafin|6\/100\n|move|p1b: Palafin|Ice Punch|p2b: Amoonguss\n|-supereffective|p2b: Amoonguss\n|-damage|p2b: Amoonguss|6\/100\n|-status|p2b: Amoonguss|frz\n|-damage|p1b: Palafin|0 fnt|[from] item: Rocky Helmet|[of] p2b: Amoonguss\n|faint|p1b: Palafin\n|\n|win|LotharJ\n|raw|Bigdaddychaddy's rating: 1216 → 1197<\/strong> (-19 for losing)\n|raw|LotharJ's rating: 1299 → 1318<\/strong> (+19 for winning)\n|l|\u2606Bigdaddychaddy\n","uploadtime":1683268631,"views":4,"p1id":"bigdaddychaddy","p2id":"lotharj","formatid":"gen9vgc2023regulationc","rating":1197,"private":0,"password":""}