{"id":"gen9vgc2023regulationc-1852425651","p1":"r3gCt3st","p2":"CaptianGarbage","format":"[Gen 9] VGC 2023 Regulation C","log":"|j|\u2606r3gCt3st\n|j|\u2606CaptianGarbage\n|t:|1682556077\n|gametype|doubles\n|player|p1|r3gCt3st|unknown|1242\n|player|p2|CaptianGarbage|265|1269\n|teamsize|p1|6\n|teamsize|p2|6\n|gen|9\n|tier|[Gen 9] VGC 2023 Regulation C\n|rated|\n|rule|Species Clause: Limit one of each Pok\u00e9mon\n|rule|Item Clause: Limit one of each item\n|clearpoke\n|poke|p1|Glimmora, L50, M|\n|poke|p1|Tyranitar, L50, M|\n|poke|p1|Amoonguss, L50, F|\n|poke|p1|Ting-Lu, L50|\n|poke|p1|Gastrodon, L50, M|\n|poke|p1|Lycanroc, L50, M|\n|poke|p2|Chien-Pao, L50|\n|poke|p2|Dragonite, L50, M|\n|poke|p2|Flutter Mane, L50|\n|poke|p2|Chi-Yu, L50|\n|poke|p2|Palafin, L50, M|\n|poke|p2|Corviknight, L50, M|\n|teampreview|4\n|inactive|Battle timer is ON: inactive players will automatically lose when time's up. (requested by CaptianGarbage)\n|inactive|CaptianGarbage has 60 seconds left.\n|\n|t:|1682556113\n|start\n|switch|p1a: Glimmora|Glimmora, L50, M|100\/100\n|switch|p1b: Tyranitar|Tyranitar, L50, M|100\/100\n|switch|p2a: Palafin|Palafin, L50, M|100\/100\n|switch|p2b: Dragonite|Dragonite, L50, M, shiny|100\/100\n|-weather|Sandstorm|[from] ability: Sand Stream|[of] p1b: Tyranitar\n|turn|1\n|\n|t:|1682556129\n|detailschange|p2a: Palafin|Palafin-Hero, L50, M\n|switch|p2a: Corviknight|Corviknight, L50, M|100\/100\n|move|p1b: Tyranitar|Dragon Dance|p1b: Tyranitar\n|-boost|p1b: Tyranitar|atk|1\n|-boost|p1b: Tyranitar|spe|1\n|move|p1a: Glimmora|Mortal Spin|p2b: Dragonite|[spread] p2b\n|-immune|p2a: Corviknight\n|-damage|p2b: Dragonite|96\/100\n|-status|p2b: Dragonite|psn\n|move|p2b: Dragonite|Earthquake|p1b: Tyranitar|[spread] p1a,p1b\n|-immune|p2a: Corviknight\n|-supereffective|p1a: Glimmora\n|-supereffective|p1b: Tyranitar\n|-damage|p1a: Glimmora|0 fnt\n|-damage|p1b: Tyranitar|36\/100\n|-activate|p1a: Glimmora|ability: Toxic Debris\n|-sidestart|p2: CaptianGarbage|move: Toxic Spikes\n|faint|p1a: Glimmora\n|\n|-weather|Sandstorm|[upkeep]\n|-damage|p2b: Dragonite|90\/100 psn|[from] Sandstorm\n|-damage|p2b: Dragonite|78\/100 psn|[from] psn\n|upkeep\n|\n|t:|1682556138\n|switch|p1a: Ting-Lu|Ting-Lu, L50|100\/100\n|-ability|p1a: Ting-Lu|Vessel of Ruin\n|turn|2\n|\n|t:|1682556151\n|-terastallize|p1b: Tyranitar|Flying\n|move|p1b: Tyranitar|Rock Slide|p2b: Dragonite|[spread] p2a,p2b\n|-supereffective|p2b: Dragonite\n|-damage|p2a: Corviknight|68\/100\n|-damage|p2b: Dragonite|0 fnt\n|faint|p2b: Dragonite\n|move|p2a: Corviknight|Tailwind|p2a: Corviknight\n|-sidestart|p2: CaptianGarbage|move: Tailwind\n|move|p1a: Ting-Lu|Ruination|p2a: Corviknight\n|-damage|p2a: Corviknight|35\/100\n|\n|-weather|Sandstorm|[upkeep]\n|-damage|p1b: Tyranitar|31\/100|[from] Sandstorm\n|upkeep\n|\n|t:|1682556164\n|switch|p2b: Palafin|Palafin-Hero, L50, M|100\/100\n|-status|p2b: Palafin|psn\n|-activate|p2b: Palafin|ability: Zero to Hero\n|turn|3\n|\n|t:|1682556176\n|switch|p1a: Gastrodon|Gastrodon, L50, M|100\/100\n|move|p2b: Palafin|Protect|p2b: Palafin\n|-singleturn|p2b: Palafin|Protect\n|move|p1b: Tyranitar|Tera Blast|p2b: Palafin\n|-activate|p2b: Palafin|move: Protect\n|move|p2a: Corviknight|Brave Bird|p1b: Tyranitar\n|-damage|p1b: Tyranitar|0 fnt\n|faint|p1b: Tyranitar\n|-damage|p2a: Corviknight|25\/100|[from] Recoil\n|\n|-weather|Sandstorm|[upkeep]\n|-damage|p2b: Palafin|94\/100 psn|[from] Sandstorm\n|-damage|p2b: Palafin|82\/100 psn|[from] psn\n|upkeep\n|\n|t:|1682556180\n|switch|p1b: Ting-Lu|Ting-Lu, L50|100\/100\n|-ability|p1b: Ting-Lu|Vessel of Ruin\n|turn|4\n|\n|t:|1682556191\n|switch|p2b: Flutter Mane|Flutter Mane, L50|100\/100\n|-enditem|p2b: Flutter Mane|Booster Energy\n|-activate|p2b: Flutter Mane|ability: Protosynthesis|[fromitem]\n|-start|p2b: Flutter Mane|protosynthesisspa\n|-status|p2b: Flutter Mane|psn\n|move|p2a: Corviknight|Taunt|p1a: Gastrodon\n|-start|p1a: Gastrodon|move: Taunt\n|move|p1a: Gastrodon|Muddy Water|p2b: Flutter Mane|[spread] p2b\n|-miss|p1a: Gastrodon|p2a: Corviknight\n|-damage|p2b: Flutter Mane|87\/100 psn\n|move|p1b: Ting-Lu|Fissure|p2b: Flutter Mane|[miss]\n|-miss|p1b: Ting-Lu|p2b: Flutter Mane\n|\n|-weather|Sandstorm|[upkeep]\n|-damage|p2b: Flutter Mane|82\/100 psn|[from] Sandstorm\n|-damage|p2b: Flutter Mane|70\/100 psn|[from] psn\n|upkeep\n|turn|5\n|\n|t:|1682556216\n|-terastallize|p2b: Flutter Mane|Grass\n|move|p2b: Flutter Mane|Energy Ball|p1a: Gastrodon\n|-supereffective|p1a: Gastrodon\n|-damage|p1a: Gastrodon|0 fnt\n|faint|p1a: Gastrodon\n|move|p2a: Corviknight|Brave Bird|p1b: Ting-Lu\n|-damage|p1b: Ting-Lu|70\/100\n|-damage|p2a: Corviknight|12\/100|[from] Recoil\n|move|p1b: Ting-Lu|Stomping Tantrum|p2b: Flutter Mane\n|-resisted|p2b: Flutter Mane\n|-damage|p2b: Flutter Mane|25\/100 psn\n|\n|-weather|none\n|-heal|p1b: Ting-Lu|76\/100|[from] item: Leftovers\n|-damage|p2b: Flutter Mane|13\/100 psn|[from] psn\n|-sideend|p2: CaptianGarbage|move: Tailwind\n|upkeep\n|turn|6\n|c|\u2606r3gCt3st|fuck offfffff\n|-message|r3gCt3st forfeited.\n|\n|win|CaptianGarbage\n|raw|r3gCt3st's rating: 1242 → 1219<\/strong> (-23 for losing)\n|raw|CaptianGarbage's rating: 1269 → 1292<\/strong> (+23 for winning)\n|l|\u2606r3gCt3st\n","uploadtime":1682556226,"views":14,"p1id":"r3gct3st","p2id":"captiangarbage","formatid":"gen9vgc2023regulationc","rating":1219,"private":0,"password":""}