{"id":"gen9vgc2023regulationc-1858214374","p1":"PokeReplaysVGC","p2":"NidoRich","format":"[Gen 9] VGC 2023 Regulation C","log":"|j|\u2606PokeReplaysVGC\n|j|\u2606NidoRich\n|t:|1683291818\n|gametype|doubles\n|player|p1|PokeReplaysVGC|170|\n|player|p2|NidoRich|170|\n|teamsize|p1|6\n|teamsize|p2|6\n|gen|9\n|tier|[Gen 9] VGC 2023 Regulation C\n|rule|Species Clause: Limit one of each Pok\u00e9mon\n|rule|Item Clause: Limit one of each item\n|clearpoke\n|poke|p1|Iron Bundle, L50|\n|poke|p1|Abomasnow, L50, M|\n|poke|p1|Talonflame, L50, M|\n|poke|p1|Great Tusk, L50|\n|poke|p1|Flutter Mane, L50|\n|poke|p1|Arcanine, L50, F|\n|poke|p2|Iron Bundle, L50|\n|poke|p2|Chi-Yu, L50|\n|poke|p2|Amoonguss, L50, M|\n|poke|p2|Grimmsnarl, L50, M|\n|poke|p2|Flutter Mane, L50|\n|poke|p2|Iron Hands, L50|\n|teampreview|4\nPokeReplaysVGC has agreed to open team sheets.\nNidoRich has agreed to open team sheets.\n|c|\u2606NidoRich|G2\n|\n|t:|1683292251\n|start\n|switch|p1a: Talonflame|Talonflame, L50, M|100\/100\n|switch|p1b: Great Tusk|Great Tusk, L50|100\/100\n|switch|p2a: Flutter Mane|Flutter Mane, L50|100\/100\n|switch|p2b: Grimmsnarl|Grimmsnarl, L50, M, shiny|100\/100\n|turn|1\n|\n|t:|1683292300\n|move|p1b: Great Tusk|Protect|p1b: Great Tusk\n|-singleturn|p1b: Great Tusk|Protect\n|move|p1a: Talonflame|Tailwind|p1a: Talonflame\n|-sidestart|p1: PokeReplaysVGC|move: Tailwind\n|move|p2b: Grimmsnarl|Reflect|p2b: Grimmsnarl\n|-sidestart|p2: NidoRich|Reflect\n|move|p2a: Flutter Mane|Shadow Ball|p1b: Great Tusk\n|-activate|p1b: Great Tusk|move: Protect\n|\n|upkeep\n|turn|2\n|\n|t:|1683292346\n|-terastallize|p1b: Great Tusk|Ground\n|move|p1a: Talonflame|Brave Bird|p2a: Flutter Mane\n|-damage|p2a: Flutter Mane|39\/100\n|-damage|p1a: Talonflame|82\/100|[from] Recoil\n|move|p2b: Grimmsnarl|Light Screen|p2b: Grimmsnarl\n|-sidestart|p2: NidoRich|move: Light Screen\n|move|p1b: Great Tusk|Headlong Rush|p2a: Flutter Mane\n|-damage|p2a: Flutter Mane|0 fnt\n|-unboost|p1b: Great Tusk|def|1\n|-unboost|p1b: Great Tusk|spd|1\n|faint|p2a: Flutter Mane\n|-end|p2a: Flutter Mane|Protosynthesis|[silent]\n|-damage|p1b: Great Tusk|91\/100|[from] item: Life Orb\n|\n|upkeep\n|\n|t:|1683292365\n|switch|p2a: Iron Bundle|Iron Bundle, L50, shiny|100\/100\n|-enditem|p2a: Iron Bundle|Booster Energy\n|-activate|p2a: Iron Bundle|ability: Quark Drive|[fromitem]\n|-start|p2a: Iron Bundle|quarkdrivespe\n|turn|3\n|\n|t:|1683292402\n|switch|p2b: Iron Hands|Iron Hands, L50, shiny|100\/100\n|move|p2a: Iron Bundle|Protect|p2a: Iron Bundle\n|-singleturn|p2a: Iron Bundle|Protect\n|move|p1a: Talonflame|Brave Bird|p2a: Iron Bundle\n|-activate|p2a: Iron Bundle|move: Protect\n|move|p1b: Great Tusk|Earthquake|p2a: Iron Bundle|[spread] p2b\n|-activate|p2a: Iron Bundle|move: Protect\n|-immune|p1a: Talonflame\n|-supereffective|p2b: Iron Hands\n|-damage|p2b: Iron Hands|39\/100\n|-damage|p1b: Great Tusk|81\/100|[from] item: Life Orb\n|\n|upkeep\n|turn|4\n|\n|t:|1683292441\n|move|p1a: Talonflame|Protect|p1a: Talonflame\n|-singleturn|p1a: Talonflame|Protect\n|move|p1b: Great Tusk|Protect|p1b: Great Tusk\n|-singleturn|p1b: Great Tusk|Protect\n|move|p2b: Iron Hands|Fake Out|p1b: Great Tusk\n|-activate|p1b: Great Tusk|move: Protect\n|move|p2a: Iron Bundle|Hydro Pump|p1a: Talonflame\n|-activate|p1a: Talonflame|move: Protect\n|\n|-sideend|p1: PokeReplaysVGC|move: Tailwind\n|upkeep\n|turn|5\n|\n|t:|1683292476\n|move|p2a: Iron Bundle|Freeze-Dry|p1b: Great Tusk\n|-supereffective|p1b: Great Tusk\n|-damage|p1b: Great Tusk|0 fnt\n|faint|p1b: Great Tusk\n|-end|p1b: Great Tusk|Protosynthesis|[silent]\n|move|p1a: Talonflame|Tailwind|p1a: Talonflame\n|-sidestart|p1: PokeReplaysVGC|move: Tailwind\n|move|p2b: Iron Hands|Wild Charge|p1a: Talonflame\n|-supereffective|p1a: Talonflame\n|-damage|p1a: Talonflame|0 fnt\n|faint|p1a: Talonflame\n|-damage|p2b: Iron Hands|25\/100|[from] Recoil\n|\n|upkeep\n|\n|t:|1683292481\n|switch|p1a: Iron Bundle|Iron Bundle, L50|100\/100\n|switch|p1b: Flutter Mane|Flutter Mane, L50|100\/100\n|-enditem|p1a: Iron Bundle|Booster Energy\n|-activate|p1a: Iron Bundle|ability: Quark Drive|[fromitem]\n|-start|p1a: Iron Bundle|quarkdrivespe\n|turn|6\n|\n|t:|1683292524\n|-end|p2b: Iron Hands|Quark Drive|[silent]\n|switch|p2b: Grimmsnarl|Grimmsnarl, L50, M, shiny|100\/100\n|move|p2a: Iron Bundle|Protect|p2a: Iron Bundle\n|-singleturn|p2a: Iron Bundle|Protect\n|move|p1a: Iron Bundle|Hydro Pump|p2b: Grimmsnarl\n|-damage|p2b: Grimmsnarl|72\/100\n|move|p1b: Flutter Mane|Moonblast|p2b: Grimmsnarl\n|-supereffective|p2b: Grimmsnarl\n|-crit|p2b: Grimmsnarl\n|-damage|p2b: Grimmsnarl|0 fnt\n|faint|p2b: Grimmsnarl\n|\n|upkeep\n|\n|t:|1683292538\n|switch|p2b: Iron Hands|Iron Hands, L50, shiny|25\/100\n|turn|7\n|\n|t:|1683292579\n|-terastallize|p2a: Iron Bundle|Water\n|move|p2b: Iron Hands|Fake Out|p1a: Iron Bundle\n|-damage|p1a: Iron Bundle|82\/100\n|cant|p1a: Iron Bundle|flinch\n|move|p1b: Flutter Mane|Moonblast|p2b: Iron Hands\n|-supereffective|p2b: Iron Hands\n|-damage|p2b: Iron Hands|0 fnt\n|faint|p2b: Iron Hands\n|-end|p2b: Iron Hands|Quark Drive|[silent]\n|move|p2a: Iron Bundle|Hydro Pump|p1b: Flutter Mane\n|-damage|p1b: Flutter Mane|33\/100\n|\n|upkeep\n|turn|8\n|\n|t:|1683292598\n|move|p2a: Iron Bundle|Protect|p2a: Iron Bundle\n|-singleturn|p2a: Iron Bundle|Protect\n|move|p1a: Iron Bundle|Freeze-Dry|p2a: Iron Bundle\n|-activate|p2a: Iron Bundle|move: Protect\n|move|p1b: Flutter Mane|Moonblast|p2a: Iron Bundle\n|-activate|p2a: Iron Bundle|move: Protect\n|\n|-sideend|p2: NidoRich|Reflect\n|-sideend|p1: PokeReplaysVGC|move: Tailwind\n|upkeep\n|turn|9\n|\n|t:|1683292629\n|move|p1a: Iron Bundle|Protect|p1a: Iron Bundle\n|-singleturn|p1a: Iron Bundle|Protect\n|move|p2a: Iron Bundle|Icy Wind|p1b: Flutter Mane|[spread] p1b\n|-activate|p1a: Iron Bundle|move: Protect\n|-damage|p1b: Flutter Mane|12\/100\n|-unboost|p1b: Flutter Mane|spe|1\n|move|p1b: Flutter Mane|Moonblast|p2a: Iron Bundle\n|-damage|p2a: Iron Bundle|6\/100\n|\n|-sideend|p2: NidoRich|move: Light Screen\n|upkeep\n|turn|10\n|\n|t:|1683292645\n|move|p1a: Iron Bundle|Freeze-Dry|p2a: Iron Bundle\n|-supereffective|p2a: Iron Bundle\n|-damage|p2a: Iron Bundle|0 fnt\n|faint|p2a: Iron Bundle\n|-end|p2a: Iron Bundle|Quark Drive|[silent]\n|\n|win|PokeReplaysVGC\n|c|\u2606PokeReplaysVGC|gg\n|c|\u2606NidoRich|Gg\n","uploadtime":1683292652,"views":27,"p1id":"pokereplaysvgc","p2id":"nidorich","formatid":"gen9vgc2023regulationc","rating":0,"private":0,"password":""}