{"id":"gen9vgc2023regulationc-1847870479","p1":"BMKing1212","p2":"GS \u00a6 Cedrico","format":"[Gen 9] VGC 2023 Regulation C","log":"|j|\u2606BMKing1212\n|j|\u2606GS \u00a6 Cedrico\n|t:|1682008736\n|gametype|doubles\n|player|p1|BMKing1212|1|1144\n|player|p2|GS \u00a6 Cedrico|265|1131\n|teamsize|p1|6\n|teamsize|p2|6\n|gen|9\n|tier|[Gen 9] VGC 2023 Regulation C\n|rated|\n|rule|Species Clause: Limit one of each Pok\u00e9mon\n|rule|Item Clause: Limit one of each item\n|clearpoke\n|poke|p1|Ting-Lu, L50|\n|poke|p1|Flutter Mane, L50|\n|poke|p1|Amoonguss, L50, F|\n|poke|p1|Baxcalibur, L50, M|\n|poke|p1|Palafin, L50, F|\n|poke|p1|Tauros-Paldea-Blaze, L50, M|\n|poke|p2|Dondozo, L50, F|\n|poke|p2|Tatsugiri, L50, F|\n|poke|p2|Flutter Mane, L50|\n|poke|p2|Chi-Yu, L50|\n|poke|p2|Ting-Lu, L50|\n|poke|p2|Corviknight, L50, F|\n|teampreview|4\n|inactive|Battle timer is ON: inactive players will automatically lose when time's up. (requested by GS \u00a6 Cedrico)\n|\n|t:|1682008769\n|start\n|switch|p1a: Baxcalibur|Baxcalibur, L50, M|100\/100\n|switch|p1b: Palafin|Palafin, L50, F|100\/100\n|switch|p2a: Flutter Mane|Flutter Mane, L50|100\/100\n|switch|p2b: Chi-Yu|Chi-Yu, L50|100\/100\n|-ability|p2b: Chi-Yu|Beads of Ruin\n|turn|1\n|\n|t:|1682008793\n|detailschange|p1b: Palafin|Palafin-Hero, L50, F\n|switch|p1b: Tauros|Tauros-Paldea-Blaze, L50, M|100\/100\n|-ability|p1b: Tauros|Intimidate|boost\n|-unboost|p2a: Flutter Mane|atk|1\n|-unboost|p2b: Chi-Yu|atk|1\n|-terastallize|p1a: Baxcalibur|Poison\n|move|p2b: Chi-Yu|Heat Wave|p1a: Baxcalibur|[spread] p1a,p1b\n|-resisted|p1b: Tauros\n|-damage|p1a: Baxcalibur|57\/100\n|-damage|p1b: Tauros|73\/100\n|-ability|p1a: Baxcalibur|Thermal Exchange|boost\n|-boost|p1a: Baxcalibur|atk|1\n|move|p2a: Flutter Mane|Dazzling Gleam|p1a: Baxcalibur|[spread] p1a,p1b\n|-resisted|p1a: Baxcalibur\n|-damage|p1a: Baxcalibur|34\/100\n|-damage|p1b: Tauros|0 fnt\n|faint|p1b: Tauros\n|move|p1a: Baxcalibur|Dragon Dance|p1a: Baxcalibur\n|-boost|p1a: Baxcalibur|atk|1\n|-boost|p1a: Baxcalibur|spe|1\n|\n|upkeep\n|\n|t:|1682008808\n|switch|p1b: Palafin|Palafin-Hero, L50, F|100\/100\n|-activate|p1b: Palafin|ability: Zero to Hero\n|turn|2\n|\n|t:|1682008824\n|-end|p2a: Flutter Mane|Protosynthesis|[silent]\n|switch|p2a: Tatsugiri|Tatsugiri, L50, F|100\/100\n|move|p1a: Baxcalibur|Ice Shard|p2a: Tatsugiri\n|-damage|p2a: Tatsugiri|25\/100\n|move|p1b: Palafin|Jet Punch|p2a: Tatsugiri\n|-activate|p2a: Tatsugiri|ability: Storm Drain\n|-ability|p2a: Tatsugiri|Storm Drain|boost\n|-boost|p2a: Tatsugiri|spa|1\n|move|p2b: Chi-Yu|Heat Wave|p1b: Palafin|[spread] p1a,p1b\n|-resisted|p1b: Palafin\n|-damage|p1a: Baxcalibur|0 fnt\n|-damage|p1b: Palafin|70\/100\n|faint|p1a: Baxcalibur\n|\n|upkeep\n|inactive|BMKing1212 has 30 seconds left.\n|c|\u2606BMKing1212|this is the first time I've encountered Storm Drain Tatsu LOL I love I t\n|\n|t:|1682008857\n|switch|p1a: Amoonguss|Amoonguss, L50, F|100\/100\n|turn|3\n|\n|t:|1682008871\n|move|p2a: Tatsugiri|Protect|p2a: Tatsugiri\n|-singleturn|p2a: Tatsugiri|Protect\n|move|p2b: Chi-Yu|Heat Wave|p1a: Amoonguss|[spread] p1a\n|-miss|p2b: Chi-Yu|p1b: Palafin\n|-supereffective|p1a: Amoonguss\n|-damage|p1a: Amoonguss|10\/100\n|-enditem|p1a: Amoonguss|Sitrus Berry|[eat]\n|-heal|p1a: Amoonguss|35\/100|[from] item: Sitrus Berry\n|move|p1b: Palafin|Wave Crash|p2a: Tatsugiri\n|-activate|p2a: Tatsugiri|ability: Storm Drain\n|-activate|p2a: Tatsugiri|move: Protect\n|move|p1a: Amoonguss|Spore|p2b: Chi-Yu\n|-status|p2b: Chi-Yu|slp|[from] move: Spore\n|\n|upkeep\n|turn|4\n|\n|t:|1682008892\n|switch|p2b: Flutter Mane|Flutter Mane, L50|100\/100\n|move|p1b: Palafin|Haze|p1b: Palafin\n|-clearallboost\n|move|p2a: Tatsugiri|Draco Meteor|p1a: Amoonguss\n|-damage|p1a: Amoonguss|0 fnt\n|-unboost|p2a: Tatsugiri|spa|2\n|faint|p1a: Amoonguss\n|\n|upkeep\n|turn|5\n|-message|BMKing1212 forfeited.\n|\n|win|GS \u00a6 Cedrico\n|raw|BMKing1212's rating: 1144 → 1118<\/strong> (-26 for losing)\n|raw|GS \u00a6 Cedrico's rating: 1131 → 1157<\/strong> (+26 for winning)\n|l|\u2606BMKing1212\n","uploadtime":1682008924,"views":10,"p1id":"bmking1212","p2id":"gscedrico","formatid":"gen9vgc2023regulationc","rating":1118,"private":0,"password":""}