{"id":"gen9vgc2023regulationc-1860911529","p1":"biggiesleeze","p2":"sigueinventando","format":"[Gen 9] VGC 2023 Regulation C","log":"|j|\u2606biggiesleeze\n|j|\u2606sigueinventando\n|t:|1683694567\n|gametype|doubles\n|player|p1|biggiesleeze|ingo|1139\n|player|p2|sigueinventando|265|1229\n|teamsize|p1|6\n|teamsize|p2|6\n|gen|9\n|tier|[Gen 9] VGC 2023 Regulation C\n|rated|\n|rule|Species Clause: Limit one of each Pok\u00e9mon\n|rule|Item Clause: Limit one of each item\n|clearpoke\n|poke|p1|Meowscarada, L50, F|\n|poke|p1|Garchomp, L50, M|\n|poke|p1|Ceruledge, L50, F|\n|poke|p1|Kingambit, L50, F|\n|poke|p1|Talonflame, L50, F|\n|poke|p1|Palafin, L50, F|\n|poke|p2|Amoonguss, L50, M|\n|poke|p2|Ting-Lu, L50|\n|poke|p2|Rotom-Heat, L50|\n|poke|p2|Gastrodon-East, L50, F|\n|poke|p2|Garganacl, L50, M|\n|poke|p2|Glimmora, L50, F|\n|teampreview|4\n|inactive|Battle timer is ON: inactive players will automatically lose when time's up. (requested by biggiesleeze)\n|inactive|sigueinventando has 60 seconds left.\n|inactive|sigueinventando has 30 seconds left.\n|inactive|sigueinventando has 20 seconds left.\n|inactive|sigueinventando has 15 seconds left.\n|inactive|sigueinventando has 10 seconds left.\n|inactive|sigueinventando has 5 seconds left.\n|\n|t:|1683694756\n|start\n|switch|p1a: Talonflame|Talonflame, L50, F|100\/100\n|switch|p1b: Palafin|Palafin, L50, F|100\/100\n|switch|p2a: Amoonguss|Amoonguss, L50, M|100\/100\n|switch|p2b: Ting-Lu|Ting-Lu, L50|100\/100\n|-ability|p2b: Ting-Lu|Vessel of Ruin\n|turn|1\n|inactive|sigueinventando has 30 seconds left.\n|\n|t:|1683694782\n|detailschange|p1b: Palafin|Palafin-Hero, L50, F\n|switch|p1b: Meowscarada|Meowscarada, L50, F|100\/100\n|move|p1a: Talonflame|Brave Bird|p2a: Amoonguss\n|-supereffective|p2a: Amoonguss\n|-damage|p2a: Amoonguss|42\/100\n|-damage|p1a: Talonflame|77\/100|[from] Recoil\n|move|p2b: Ting-Lu|Sand Tomb|p1b: Meowscarada|[miss]\n|-miss|p2b: Ting-Lu|p1b: Meowscarada\n|move|p2a: Amoonguss|Toxic|p1b: Meowscarada\n|-status|p1b: Meowscarada|tox\n|\n|-damage|p1b: Meowscarada|95\/100 tox|[from] psn\n|upkeep\n|turn|2\n|\n|t:|1683694806\n|-terastallize|p2b: Ting-Lu|Poison\n|move|p1a: Talonflame|Brave Bird|p2a: Amoonguss\n|-supereffective|p2a: Amoonguss\n|-damage|p2a: Amoonguss|0 fnt\n|faint|p2a: Amoonguss\n|-damage|p1a: Talonflame|60\/100|[from] Recoil\n|move|p1b: Meowscarada|Flower Trick|p2b: Ting-Lu\n|-resisted|p2b: Ting-Lu\n|-crit|p2b: Ting-Lu\n|-damage|p2b: Ting-Lu|88\/100\n|move|p2b: Ting-Lu|Ruination|p1a: Talonflame\n|-damage|p1a: Talonflame|31\/100\n|\n|-damage|p1b: Meowscarada|83\/100 tox|[from] psn\n|upkeep\n|\n|t:|1683694820\n|switch|p2a: Rotom|Rotom-Heat, L50|100\/100\n|turn|3\n|\n|t:|1683694831\n|switch|p1b: Garchomp|Garchomp, L50, M|100\/100\n|move|p1a: Talonflame|Tailwind|p1a: Talonflame\n|-sidestart|p1: biggiesleeze|move: Tailwind\n|move|p2a: Rotom|Volt Switch|p1a: Talonflame\n|-supereffective|p1a: Talonflame\n|-damage|p1a: Talonflame|0 fnt\n|faint|p1a: Talonflame\n|\n|t:|1683694839\n|switch|p2a: Gastrodon|Gastrodon-East, L50, F|100\/100|[from] Volt Switch\n|move|p2b: Ting-Lu|Fissure|p1b: Garchomp\n|-damage|p1b: Garchomp|0 fnt\n|faint|p1b: Garchomp\n|-ohko\n|\n|upkeep\n|\n|t:|1683694846\n|switch|p1a: Palafin|Palafin-Hero, L50, F|100\/100\n|switch|p1b: Meowscarada|Meowscarada, L50, F|83\/100 tox\n|-activate|p1a: Palafin|ability: Zero to Hero\n|turn|4\n|\n|t:|1683694868\n|-terastallize|p1a: Palafin|Water\n|move|p2a: Gastrodon|Protect|p2a: Gastrodon\n|-singleturn|p2a: Gastrodon|Protect\n|move|p1b: Meowscarada|Flower Trick|p2a: Gastrodon\n|-activate|p2a: Gastrodon|move: Protect\n|move|p1a: Palafin|Wave Crash|p2a: Gastrodon\n|-activate|p2a: Gastrodon|ability: Storm Drain\n|-activate|p2a: Gastrodon|move: Protect\n|move|p2b: Ting-Lu|Ruination|p1b: Meowscarada\n|-damage|p1b: Meowscarada|42\/100 tox\n|\n|-damage|p1b: Meowscarada|36\/100 tox|[from] psn\n|upkeep\n|turn|5\n|inactive|sigueinventando has 30 seconds left.\n|inactive|sigueinventando has 20 seconds left.\n|\n|t:|1683694906\n|move|p2a: Gastrodon|Protect|p2a: Gastrodon\n|-singleturn|p2a: Gastrodon|Protect\n|move|p1b: Meowscarada|Flower Trick|p2a: Gastrodon\n|-activate|p2a: Gastrodon|move: Protect\n|move|p1a: Palafin|Close Combat|p2a: Gastrodon\n|-activate|p2a: Gastrodon|move: Protect\n|move|p2b: Ting-Lu|Fissure|p1a: Palafin|[miss]\n|-miss|p2b: Ting-Lu|p1a: Palafin\n|\n|-damage|p1b: Meowscarada|24\/100 tox|[from] psn\n|upkeep\n|turn|6\n|\n|t:|1683694934\n|move|p1b: Meowscarada|Flower Trick|p2a: Gastrodon\n|-supereffective|p2a: Gastrodon\n|-crit|p2a: Gastrodon\n|-damage|p2a: Gastrodon|0 fnt\n|faint|p2a: Gastrodon\n|move|p1a: Palafin|Close Combat|p2b: Ting-Lu\n|-resisted|p2b: Ting-Lu\n|-damage|p2b: Ting-Lu|74\/100\n|-unboost|p1a: Palafin|def|1\n|-unboost|p1a: Palafin|spd|1\n|move|p2b: Ting-Lu|Ruination|p1a: Palafin\n|-damage|p1a: Palafin|51\/100\n|\n|-damage|p1b: Meowscarada|6\/100 tox|[from] psn\n|-sideend|p1: biggiesleeze|move: Tailwind\n|upkeep\n|\n|t:|1683694948\n|switch|p2a: Rotom|Rotom-Heat, L50|100\/100\n|turn|7\n|\n|t:|1683694972\n|move|p1b: Meowscarada|Knock Off|p2a: Rotom\n|-damage|p2a: Rotom|46\/100\n|-enditem|p2a: Rotom|Choice Specs|[from] move: Knock Off|[of] p1b: Meowscarada\n|move|p2a: Rotom|Thunderbolt|p1a: Palafin\n|-supereffective|p1a: Palafin\n|-damage|p1a: Palafin|0 fnt\n|faint|p1a: Palafin\n|move|p2b: Ting-Lu|Sand Tomb|p1b: Meowscarada|[miss]\n|-miss|p2b: Ting-Lu|p1b: Meowscarada\n|\n|-damage|p1b: Meowscarada|0 fnt|[from] psn\n|faint|p1b: Meowscarada\n|\n|win|sigueinventando\n|upkeep\n|raw|biggiesleeze's rating: 1139 → 1120<\/strong> (-19 for losing)\n|raw|sigueinventando's rating: 1229 → 1248<\/strong> (+19 for winning)\n|l|\u2606biggiesleeze\n","uploadtime":1683695118,"views":19,"p1id":"biggiesleeze","p2id":"sigueinventando","formatid":"gen9vgc2023regulationc","rating":1120,"private":0,"password":""}