{"id":"gen9vgc2023regulationc-1863314383","p1":"Broskander","p2":"TapinaldoVGC","format":"[Gen 9] VGC 2023 Regulation C","log":"|j|\u2606Broskander\n|j|\u2606TapinaldoVGC\n|t:|1684001399\n|gametype|doubles\n|player|p1|Broskander|169|1422\n|player|p2|TapinaldoVGC|265|1520\n|teamsize|p1|6\n|teamsize|p2|6\n|gen|9\n|tier|[Gen 9] VGC 2023 Regulation C\n|rated|\n|rule|Species Clause: Limit one of each Pok\u00e9mon\n|rule|Item Clause: Limit one of each item\n|clearpoke\n|poke|p1|Gyarados, L50, M|\n|poke|p1|Arcanine, L50, F|\n|poke|p1|Amoonguss, L50, F|\n|poke|p1|Flutter Mane, L50|\n|poke|p1|Ting-Lu, L50|\n|poke|p1|Kingambit, L50, M|\n|poke|p2|Gyarados, L50, F|\n|poke|p2|Flutter Mane, L50|\n|poke|p2|Chi-Yu, L50|\n|poke|p2|Amoonguss, L50, F|\n|poke|p2|Iron Hands, L50|\n|poke|p2|Iron Bundle, L50|\n|teampreview|4\nTapinaldoVGC has agreed to open team sheets.\n|inactive|Battle timer is ON: inactive players will automatically lose when time's up. (requested by Broskander)\n|\n|t:|1684001426\n|start\n|switch|p1a: Ting-Lu|Ting-Lu, L50|100\/100\n|switch|p1b: Arcanine|Arcanine, L50, F|100\/100\n|switch|p2a: Iron Hands|Iron Hands, L50|100\/100\n|switch|p2b: Flutter Mane|Flutter Mane, L50|100\/100\n|-ability|p1b: Arcanine|Intimidate|boost\n|-unboost|p2a: Iron Hands|atk|1\n|-unboost|p2b: Flutter Mane|atk|1\n|-ability|p1a: Ting-Lu|Vessel of Ruin\n|-enditem|p2b: Flutter Mane|Booster Energy\n|-activate|p2b: Flutter Mane|ability: Protosynthesis|[fromitem]\n|-start|p2b: Flutter Mane|protosynthesisspa\n|turn|1\n|inactive|TapinaldoVGC has 30 seconds left.\n|inactive|TapinaldoVGC has 20 seconds left.\n|\n|t:|1684001462\n|-end|p2b: Flutter Mane|Protosynthesis|[silent]\n|switch|p2b: Amoonguss|Amoonguss, L50, F|100\/100\n|-terastallize|p1a: Ting-Lu|Poison\n|move|p2a: Iron Hands|Fake Out|p1b: Arcanine\n|-damage|p1b: Arcanine|89\/100\n|cant|p1b: Arcanine|flinch\n|move|p1a: Ting-Lu|Heavy Slam|p2b: Amoonguss\n|-damage|p2b: Amoonguss|69\/100\n|\n|upkeep\n|turn|2\n|inactive|TapinaldoVGC has 30 seconds left.\n|\n|t:|1684001496\n|switch|p1a: Gyarados|Gyarados, L50, M|100\/100\n|-ability|p1a: Gyarados|Intimidate|boost\n|-unboost|p2a: Iron Hands|atk|1\n|-unboost|p2b: Amoonguss|atk|1\n|switch|p2b: Chi-Yu|Chi-Yu, L50|100\/100\n|-ability|p2b: Chi-Yu|Beads of Ruin\n|move|p1b: Arcanine|Howl|p1b: Arcanine|[spread] p1a,p1b\n|-boost|p1a: Gyarados|atk|1\n|-boost|p1b: Arcanine|atk|1\n|move|p2a: Iron Hands|Wild Charge|p1b: Arcanine\n|-damage|p1b: Arcanine|58\/100\n|-damage|p2a: Iron Hands|94\/100|[from] Recoil\n|\n|upkeep\n|turn|3\n|\n|t:|1684001519\n|-terastallize|p2b: Chi-Yu|Water\n|move|p1a: Gyarados|Protect|p1a: Gyarados\n|-singleturn|p1a: Gyarados|Protect\n|move|p1b: Arcanine|Will-O-Wisp|p2a: Iron Hands\n|-status|p2a: Iron Hands|brn\n|move|p2b: Chi-Yu|Nasty Plot|p2b: Chi-Yu\n|-boost|p2b: Chi-Yu|spa|2\n|-enditem|p1b: Arcanine|Mirror Herb\n|-boost|p1b: Arcanine|spa|2|[from] item: Mirror Herb\n|move|p2a: Iron Hands|Wild Charge|p1a: Gyarados\n|-activate|p1a: Gyarados|move: Protect\n|\n|-damage|p2a: Iron Hands|88\/100 brn|[from] brn\n|upkeep\n|turn|4\n|inactive|Broskander has 30 seconds left.\n|inactive|TapinaldoVGC has 30 seconds left.\n|\n|t:|1684001549\n|-end|p2a: Iron Hands|Quark Drive|[silent]\n|switch|p2a: Amoonguss|Amoonguss, L50, F|100\/100\n|move|p2b: Chi-Yu|Protect|p2b: Chi-Yu\n|-singleturn|p2b: Chi-Yu|Protect\n|move|p1b: Arcanine|Extreme Speed|p2b: Chi-Yu\n|-activate|p2b: Chi-Yu|move: Protect\n|move|p1a: Gyarados|Thunder Wave|p2b: Chi-Yu\n|-activate|p2b: Chi-Yu|move: Protect\n|\n|upkeep\n|turn|5\n|\n|t:|1684001567\n|move|p1b: Arcanine|Extreme Speed|p2b: Chi-Yu\n|-damage|p2b: Chi-Yu|56\/100\n|move|p2a: Amoonguss|Rage Powder|p2a: Amoonguss\n|-singleturn|p2a: Amoonguss|move: Rage Powder\n|move|p2b: Chi-Yu|Dark Pulse|p1a: Gyarados\n|-damage|p1a: Gyarados|13\/100\n|move|p1a: Gyarados|Taunt|p2a: Amoonguss\n|-start|p2a: Amoonguss|move: Taunt\n|\n|-heal|p2b: Chi-Yu|63\/100|[from] item: Leftovers\n|upkeep\n|turn|6\n|\n|t:|1684001588\n|switch|p2a: Iron Hands|Iron Hands, L50|88\/100 brn\n|move|p2b: Chi-Yu|Protect|p2b: Chi-Yu\n|-singleturn|p2b: Chi-Yu|Protect\n|move|p1a: Gyarados|Protect|p1a: Gyarados\n|-singleturn|p1a: Gyarados|Protect\n|move|p1b: Arcanine|Howl|p1b: Arcanine|[spread] p1a,p1b\n|-boost|p1a: Gyarados|atk|1\n|-boost|p1b: Arcanine|atk|1\n|\n|-heal|p2b: Chi-Yu|69\/100|[from] item: Leftovers\n|-damage|p2a: Iron Hands|82\/100 brn|[from] brn\n|upkeep\n|turn|7\n|inactive|TapinaldoVGC has 30 seconds left.\n|\n|t:|1684001615\n|move|p2a: Iron Hands|Fake Out|p1b: Arcanine\n|-damage|p1b: Arcanine|51\/100\n|cant|p1b: Arcanine|flinch\n|move|p2b: Chi-Yu|Dark Pulse|p1a: Gyarados\n|-damage|p1a: Gyarados|0 fnt\n|faint|p1a: Gyarados\n|\n|-heal|p2b: Chi-Yu|75\/100|[from] item: Leftovers\n|-damage|p2a: Iron Hands|76\/100 brn|[from] brn\n|upkeep\n|\n|t:|1684001629\n|switch|p1a: Flutter Mane|Flutter Mane, L50|100\/100\n|turn|8\n|\n|t:|1684001639\n|-end|p2a: Iron Hands|Quark Drive|[silent]\n|switch|p2a: Amoonguss|Amoonguss, L50, F|100\/100\n|move|p2b: Chi-Yu|Protect|p2b: Chi-Yu\n|-singleturn|p2b: Chi-Yu|Protect\n|move|p1b: Arcanine|Extreme Speed|p2b: Chi-Yu\n|-activate|p2b: Chi-Yu|move: Protect\n|move|p1a: Flutter Mane|Dazzling Gleam|p2a: Amoonguss|[spread] p2a\n|-activate|p2b: Chi-Yu|move: Protect\n|-resisted|p2a: Amoonguss\n|-damage|p2a: Amoonguss|78\/100\n|-damage|p1a: Flutter Mane|91\/100|[from] item: Life Orb\n|\n|-heal|p2b: Chi-Yu|81\/100|[from] item: Leftovers\n|upkeep\n|turn|9\n|\n|t:|1684001660\n|switch|p2b: Iron Hands|Iron Hands, L50|76\/100 brn\n|move|p1a: Flutter Mane|Thunderbolt|p2b: Iron Hands\n|-resisted|p2b: Iron Hands\n|-damage|p2b: Iron Hands|65\/100 brn\n|-damage|p1a: Flutter Mane|81\/100|[from] item: Life Orb\n|move|p1b: Arcanine|Flare Blitz|p2a: Amoonguss\n|-supereffective|p2a: Amoonguss\n|-damage|p2a: Amoonguss|0 fnt\n|faint|p2a: Amoonguss\n|-damage|p1b: Arcanine|22\/100|[from] Recoil\n|\n|-damage|p2b: Iron Hands|59\/100 brn|[from] brn\n|upkeep\n|\n|t:|1684001673\n|switch|p2a: Flutter Mane|Flutter Mane, L50|100\/100\n|turn|10\n|\n|t:|1684001694\n|-end|p2b: Iron Hands|Quark Drive|[silent]\n|switch|p2b: Chi-Yu|Chi-Yu, L50, tera:Water|81\/100\n|-ability|p2b: Chi-Yu|Beads of Ruin\n|move|p2a: Flutter Mane|Shadow Ball|p1b: Arcanine\n|-damage|p1b: Arcanine|0 fnt\n|faint|p1b: Arcanine\n|move|p1a: Flutter Mane|Shadow Ball|p2a: Flutter Mane\n|-supereffective|p2a: Flutter Mane\n|-damage|p2a: Flutter Mane|0 fnt\n|faint|p2a: Flutter Mane\n|-end|p2a: Flutter Mane|Protosynthesis|[silent]\n|-damage|p1a: Flutter Mane|71\/100|[from] item: Life Orb\n|\n|-heal|p2b: Chi-Yu|87\/100|[from] item: Leftovers\n|upkeep\n|\n|t:|1684001710\n|switch|p2a: Iron Hands|Iron Hands, L50|59\/100 brn\n|switch|p1b: Ting-Lu|Ting-Lu, L50, tera:Poison|100\/100\n|-ability|p1b: Ting-Lu|Vessel of Ruin\n|turn|11\n|\n|t:|1684001720\n|move|p2a: Iron Hands|Fake Out|p1b: Ting-Lu\n|-damage|p1b: Ting-Lu|95\/100\n|move|p1a: Flutter Mane|Dazzling Gleam|p2b: Chi-Yu|[spread] p2a,p2b\n|-supereffective|p2a: Iron Hands\n|-crit|p2b: Chi-Yu\n|-damage|p2a: Iron Hands|19\/100 brn\n|-damage|p2b: Chi-Yu|48\/100\n|-damage|p1a: Flutter Mane|61\/100|[from] item: Life Orb\n|move|p2b: Chi-Yu|Dark Pulse|p1a: Flutter Mane\n|-damage|p1a: Flutter Mane|19\/100\n|cant|p1b: Ting-Lu|flinch\n|\n|-heal|p2b: Chi-Yu|54\/100|[from] item: Leftovers\n|-damage|p2a: Iron Hands|13\/100 brn|[from] brn\n|upkeep\n|turn|12\n|\n|t:|1684001737\n|move|p1a: Flutter Mane|Dazzling Gleam|p2b: Chi-Yu|[spread] p2a,p2b\n|-supereffective|p2a: Iron Hands\n|-damage|p2a: Iron Hands|0 fnt\n|-damage|p2b: Chi-Yu|27\/100\n|faint|p2a: Iron Hands\n|-end|p2a: Iron Hands|Quark Drive|[silent]\n|-damage|p1a: Flutter Mane|10\/100|[from] item: Life Orb\n|move|p2b: Chi-Yu|Heat Wave|p1a: Flutter Mane|[spread] p1a,p1b\n|-damage|p1a: Flutter Mane|0 fnt\n|-damage|p1b: Ting-Lu|79\/100\n|faint|p1a: Flutter Mane\n|-end|p1a: Flutter Mane|Protosynthesis|[silent]\n|move|p1b: Ting-Lu|Payback|p2b: Chi-Yu\n|-damage|p2b: Chi-Yu|0 fnt\n|faint|p2b: Chi-Yu\n|\n|win|Broskander\n|raw|Broskander's rating: 1422 → 1447<\/strong> (+25 for winning)\n|raw|TapinaldoVGC's rating: 1520 → 1495<\/strong> (-25 for losing)\n|c|\u2606Broskander|Gg wp\n|l|\u2606TapinaldoVGC\n","uploadtime":1684001759,"views":4,"p1id":"broskander","p2id":"tapinaldovgc","formatid":"gen9vgc2023regulationc","rating":1447,"private":0,"password":""}