{"id":"gen9vgc2023regulationc-1863697536","p1":"Sparna_of_Yomi","p2":"murdina","format":"[Gen 9] VGC 2023 Regulation C","log":"|j|\u2606Sparna_of_Yomi\n|j|\u2606murdina\n|t:|1684062402\n|gametype|doubles\n|player|p1|Sparna_of_Yomi|battlegirl-gen4|\n|player|p2|murdina|102|\n|teamsize|p1|6\n|teamsize|p2|6\n|gen|9\n|tier|[Gen 9] VGC 2023 Regulation C\n|rule|Species Clause: Limit one of each Pok\u00e9mon\n|rule|Item Clause: Limit one of each item\n|clearpoke\n|poke|p1|Garchomp, L50, F|\n|poke|p1|Corviknight, L50, M|\n|poke|p1|Chi-Yu, L50|\n|poke|p1|Flutter Mane, L50|\n|poke|p1|Amoonguss, L50, F|\n|poke|p1|Ting-Lu, L50|\n|poke|p2|Iron Thorns, L50|\n|poke|p2|Tyranitar, L50, F|\n|poke|p2|Chien-Pao, L50|\n|poke|p2|Houndstone, L50, M|\n|poke|p2|Annihilape, L50, M|\n|poke|p2|Sableye, L50, M|\n|teampreview|4\nSparna_of_Yomi has agreed to open team sheets.\nmurdina has agreed to open team sheets.\n|\n|t:|1684062438\n|start\n|switch|p1a: IDK's on third|Amoonguss, L50, F|100\/100\n|switch|p1b: Ting Luis XVIII|Ting-Lu, L50|100\/100\n|switch|p2a: Annihilape|Annihilape, L50, M|100\/100\n|switch|p2b: Sableye|Sableye, L50, M|100\/100\n|-ability|p1b: Ting Luis XVIII|Vessel of Ruin\n|turn|1\n|\n|t:|1684062469\n|move|p2b: Sableye|Trick|p1a: IDK's on third\n|-activate|p2b: Sableye|move: Trick|[of] p1a: IDK's on third\n|-item|p1a: IDK's on third|Iron Ball|[from] move: Trick\n|-item|p2b: Sableye|Sitrus Berry|[from] move: Trick\n|move|p2a: Annihilape|Substitute|p2a: Annihilape\n|-start|p2a: Annihilape|Substitute\n|-damage|p2a: Annihilape|75\/100\n|move|p1b: Ting Luis XVIII|Fissure|p2a: Annihilape\n|-ohko\n|-end|p2a: Annihilape|Substitute\n|move|p1a: IDK's on third|Spore|p2b: Sableye\n|-status|p2b: Sableye|slp|[from] move: Spore\n|\n|upkeep\n|turn|2\n|\n|t:|1684062495\n|cant|p2b: Sableye|slp\n|move|p2a: Annihilape|Substitute|p2a: Annihilape\n|-start|p2a: Annihilape|Substitute\n|-damage|p2a: Annihilape|50\/100\n|-enditem|p2a: Annihilape|Sitrus Berry|[eat]\n|-heal|p2a: Annihilape|75\/100|[from] item: Sitrus Berry\n|move|p1b: Ting Luis XVIII|Stomping Tantrum|p2a: Annihilape\n|-end|p2a: Annihilape|Substitute\n|move|p1a: IDK's on third|Spore|p2a: Annihilape\n|-status|p2a: Annihilape|slp|[from] move: Spore\n|\n|upkeep\n|turn|3\n|\n|t:|1684062512\n|switch|p1a: Flucci Mane|Flutter Mane, L50|100\/100\n|cant|p2b: Sableye|slp\n|cant|p2a: Annihilape|slp\n|move|p1b: Ting Luis XVIII|Fissure|p2b: Sableye\n|-damage|p2b: Sableye|0 fnt\n|faint|p2b: Sableye\n|-ohko\n|\n|upkeep\n|c|\u2606murdina|Lool\n|\n|t:|1684062522\n|switch|p2b: Chien-Pao|Chien-Pao, L50|100\/100\n|-ability|p2b: Chien-Pao|Sword of Ruin\n|turn|4\n|c|\u2606Sparna_of_Yomi|it's fair and balanced\n|c|\u2606Sparna_of_Yomi|i promise fr fr\n|\n|t:|1684062540\n|-terastallize|p1a: Flucci Mane|Fairy\n|move|p2b: Chien-Pao|Ice Spinner|p1b: Ting Luis XVIII\n|-supereffective|p1b: Ting Luis XVIII\n|-damage|p1b: Ting Luis XVIII|12\/100\n|move|p1a: Flucci Mane|Dazzling Gleam|p2b: Chien-Pao|[spread] p2a,p2b\n|-supereffective|p2a: Annihilape\n|-supereffective|p2b: Chien-Pao\n|-damage|p2a: Annihilape|14\/100 slp\n|-damage|p2b: Chien-Pao|0 fnt\n|faint|p2b: Chien-Pao\n|cant|p2a: Annihilape|slp\n|move|p1b: Ting Luis XVIII|Stomping Tantrum|p2a: Annihilape\n|-damage|p2a: Annihilape|0 fnt\n|faint|p2a: Annihilape\n|\n|upkeep\n|\n|t:|1684062545\n|switch|p2b: T1|Tyranitar, L50, F|100\/100\n|-weather|Sandstorm|[from] ability: Sand Stream|[of] p2b: T1\n|turn|5\n|\n|t:|1684062557\n|move|p1a: Flucci Mane|Moonblast|p2b: T1\n|-supereffective|p2b: T1\n|-damage|p2b: T1|25\/100\n|move|p2b: T1|Power Gem|p1b: Ting Luis XVIII\n|-resisted|p1b: Ting Luis XVIII\n|-damage|p1b: Ting Luis XVIII|6\/100\n|move|p1b: Ting Luis XVIII|Stomping Tantrum|p2b: T1\n|-supereffective|p2b: T1\n|-damage|p2b: T1|0 fnt\n|faint|p2b: T1\n|\n|win|Sparna_of_Yomi\n|c|\u2606murdina|XD\n|c|\u2606murdina|Gg\n|c|\u2606Sparna_of_Yomi|gg\n|l|\u2606murdina\n","uploadtime":1684062577,"views":12,"p1id":"sparnaofyomi","p2id":"murdina","formatid":"gen9vgc2023regulationc","rating":0,"private":0,"password":""}