{"id":"gen9vgc2023regulationc-1845945932","p1":"IngeVGC","p2":"Malacara-vgc","format":"[Gen 9] VGC 2023 Regulation C","log":"|j|\u2606IngeVGC\n|j|\u2606Malacara-vgc\n|t:|1681782393\n|gametype|doubles\n|player|p1|IngeVGC|fisherman-gen4|\n|player|p2|Malacara-vgc|1|\n|teamsize|p1|6\n|teamsize|p2|6\n|gen|9\n|tier|[Gen 9] VGC 2023 Regulation C\n|rule|Species Clause: Limit one of each Pok\u00e9mon\n|rule|Item Clause: Limit one of each item\n|clearpoke\n|poke|p1|Flutter Mane, L50|\n|poke|p1|Iron Bundle, L50|\n|poke|p1|Amoonguss, L50, M|\n|poke|p1|Arcanine, L50, M|\n|poke|p1|Ting-Lu, L50|\n|poke|p1|Baxcalibur, L50, M|\n|poke|p2|Annihilape, L50, M|\n|poke|p2|Armarouge, L50, F|\n|poke|p2|Torkoal, L50, F|\n|poke|p2|Indeedee-F, L50, F|\n|poke|p2|Hatterene, L50, F|\n|poke|p2|Kingambit, L50, F|\n|teampreview|4\n|inactive|Battle timer is ON: inactive players will automatically lose when time's up. (requested by Malacara-vgc)\n|inactive|IngeVGC has 60 seconds left.\n|\n|t:|1681782440\n|start\n|switch|p1a: Baxcalibur|Baxcalibur, L50, M|100\/100\n|switch|p1b: Ting-Lu|Ting-Lu, L50|100\/100\n|switch|p2a: Indeedee|Indeedee-F, L50, F|100\/100\n|switch|p2b: Armarouge|Armarouge, L50, F, shiny|100\/100\n|-fieldstart|move: Psychic Terrain|[from] ability: Psychic Surge|[of] p2a: Indeedee\n|-ability|p1b: Ting-Lu|Vessel of Ruin\n|turn|1\n|inactive|Malacara-vgc has 30 seconds left.\n|\n|t:|1681782473\n|move|p1a: Baxcalibur|Icicle Spear|p2a: Indeedee\n|-damage|p2a: Indeedee|85\/100\n|-damage|p2a: Indeedee|71\/100\n|-damage|p2a: Indeedee|57\/100\n|-damage|p2a: Indeedee|41\/100\n|-damage|p2a: Indeedee|26\/100\n|-hitcount|p2a: Indeedee|5\n|move|p2b: Armarouge|Expanding Force|p1b: Ting-Lu|[spread] p1a\n|-immune|p1b: Ting-Lu\n|-damage|p1a: Baxcalibur|43\/100\n|move|p1b: Ting-Lu|Payback|p2a: Indeedee\n|-supereffective|p2a: Indeedee\n|-damage|p2a: Indeedee|0 fnt\n|faint|p2a: Indeedee\n|\n|upkeep\n|\n|t:|1681782489\n|switch|p2a: Hatterene|Hatterene, L50, F|100\/100\n|turn|2\n|\n|t:|1681782503\n|-terastallize|p2a: Hatterene|Fire\n|move|p1a: Baxcalibur|Icicle Spear|p2a: Hatterene\n|-resisted|p2a: Hatterene\n|-damage|p2a: Hatterene|91\/100\n|-resisted|p2a: Hatterene\n|-damage|p2a: Hatterene|82\/100\n|-resisted|p2a: Hatterene\n|-damage|p2a: Hatterene|73\/100\n|-resisted|p2a: Hatterene\n|-damage|p2a: Hatterene|64\/100\n|-resisted|p2a: Hatterene\n|-damage|p2a: Hatterene|55\/100\n|-hitcount|p2a: Hatterene|5\n|move|p2b: Armarouge|Expanding Force|p1b: Ting-Lu|[spread] p1a\n|-immune|p1b: Ting-Lu\n|-damage|p1a: Baxcalibur|0 fnt\n|faint|p1a: Baxcalibur\n|move|p1b: Ting-Lu|Heavy Slam|p2a: Hatterene\n|-resisted|p2a: Hatterene\n|-damage|p2a: Hatterene|30\/100\n|move|p2a: Hatterene|Trick Room|p2a: Hatterene\n|-fieldstart|move: Trick Room|[of] p2a: Hatterene\n|\n|upkeep\n|\n|t:|1681782509\n|switch|p1a: Arcanine|Arcanine, L50, M|100\/100\n|-ability|p1a: Arcanine|Intimidate|boost\n|-unboost|p2a: Hatterene|atk|1\n|-unboost|p2b: Armarouge|atk|1\n|turn|3\n|inactive|Malacara-vgc has 30 seconds left.\n|\n|t:|1681782537\n|move|p2a: Hatterene|Dazzling Gleam|p1a: Arcanine|[spread] p1a,p1b\n|-resisted|p1a: Arcanine\n|-supereffective|p1b: Ting-Lu\n|-damage|p1a: Arcanine|83\/100\n|-damage|p1b: Ting-Lu|60\/100\n|-damage|p2a: Hatterene|20\/100|[from] item: Life Orb\n|move|p1b: Ting-Lu|Stomping Tantrum|p2b: Armarouge\n|-supereffective|p2b: Armarouge\n|-damage|p2b: Armarouge|28\/100\n|move|p2b: Armarouge|Expanding Force|p1a: Arcanine|[spread] p1a\n|-immune|p1b: Ting-Lu\n|-damage|p1a: Arcanine|21\/100\n|move|p1a: Arcanine|Snarl|p2a: Hatterene|[spread] p2a,p2b\n|-supereffective|p2b: Armarouge\n|-damage|p2a: Hatterene|12\/100\n|-damage|p2b: Armarouge|12\/100\n|-unboost|p2a: Hatterene|spa|1\n|-unboost|p2b: Armarouge|spa|1\n|\n|upkeep\n|turn|4\n|inactive|IngeVGC has 30 seconds left.\n|inactive|Malacara-vgc has 30 seconds left.\n|\n|t:|1681782566\n|move|p2a: Hatterene|Dazzling Gleam|p1a: Arcanine|[spread] p1a,p1b\n|-resisted|p1a: Arcanine\n|-supereffective|p1b: Ting-Lu\n|-damage|p1a: Arcanine|8\/100\n|-damage|p1b: Ting-Lu|36\/100\n|-damage|p2a: Hatterene|2\/100|[from] item: Life Orb\n|move|p1b: Ting-Lu|Stomping Tantrum|p2b: Armarouge\n|-supereffective|p2b: Armarouge\n|-damage|p2b: Armarouge|0 fnt\n|faint|p2b: Armarouge\n|move|p1a: Arcanine|Flare Blitz|p2a: Hatterene\n|-resisted|p2a: Hatterene\n|-damage|p2a: Hatterene|0 fnt\n|faint|p2a: Hatterene\n|-damage|p1a: Arcanine|7\/100|[from] Recoil\n|\n|upkeep\n|\n|t:|1681782581\n|switch|p2a: Torkoal|Torkoal, L50, F, shiny|100\/100\n|-weather|SunnyDay|[from] ability: Drought|[of] p2a: Torkoal\n|turn|5\n|\n|t:|1681782599\n|move|p1a: Arcanine|Protect|p1a: Arcanine\n|-singleturn|p1a: Arcanine|Protect\n|move|p2a: Torkoal|Eruption|p1a: Arcanine|[spread] p1b\n|-activate|p1a: Arcanine|move: Protect\n|-damage|p1b: Ting-Lu|0 fnt\n|faint|p1b: Ting-Lu\n|\n|-weather|SunnyDay|[upkeep]\n|-fieldend|move: Psychic Terrain\n|upkeep\n|\n|t:|1681782603\n|switch|p1b: Iron Bundle|Iron Bundle, L50|100\/100\n|turn|6\n|\n|t:|1681782611\n|move|p1a: Arcanine|Protect||[still]\n|-fail|p1a: Arcanine\n|move|p1b: Iron Bundle|Protect|p1b: Iron Bundle\n|-singleturn|p1b: Iron Bundle|Protect\n|move|p2a: Torkoal|Eruption|p1b: Iron Bundle|[spread] p1a\n|-activate|p1b: Iron Bundle|move: Protect\n|-resisted|p1a: Arcanine\n|-damage|p1a: Arcanine|0 fnt\n|faint|p1a: Arcanine\n|\n|-weather|SunnyDay|[upkeep]\n|-fieldend|move: Trick Room\n|upkeep\n|turn|7\n|\n|t:|1681782625\n|move|p1b: Iron Bundle|Hydro Pump|p2a: Torkoal\n|-supereffective|p2a: Torkoal\n|-damage|p2a: Torkoal|33\/100\n|move|p2a: Torkoal|Flamethrower|p1b: Iron Bundle\n|-enditem|p1b: Iron Bundle|Focus Sash\n|-damage|p1b: Iron Bundle|1\/100\n|-status|p1b: Iron Bundle|brn\n|\n|-weather|SunnyDay|[upkeep]\n|-damage|p1b: Iron Bundle|0 fnt|[from] brn\n|faint|p1b: Iron Bundle\n|-end|p1b: Iron Bundle|Quark Drive|[silent]\n|\n|win|Malacara-vgc\n|upkeep\n|c|\u2606IngeVGC|Jajaja gg\n","uploadtime":1681782643,"views":21,"p1id":"ingevgc","p2id":"malacaravgc","formatid":"gen9vgc2023regulationc","rating":0,"private":0,"password":""}