{"id":"gen9vgc2023regulationc-1845485569","p1":"fyssqzh","p2":"GB Seraphix","format":"[Gen 9] VGC 2023 Regulation C","log":"|j|\u2606fyssqzh\n|j|\u2606GB Seraphix\n|t:|1681738413\n|gametype|doubles\n|player|p1|fyssqzh|hilda|1263\n|player|p2|GB Seraphix|rosa|1245\n|teamsize|p1|6\n|teamsize|p2|6\n|gen|9\n|tier|[Gen 9] VGC 2023 Regulation C\n|rated|\n|rule|Species Clause: Limit one of each Pok\u00e9mon\n|rule|Item Clause: Limit one of each item\n|clearpoke\n|poke|p1|Tauros-Paldea-Aqua, L50, M|\n|poke|p1|Garganacl, L50, M|\n|poke|p1|Meowscarada, L50, M|\n|poke|p1|Gholdengo, L50|\n|poke|p1|Iron Hands, L50|\n|poke|p1|Wo-Chien, L50|\n|poke|p2|Maushold, L50|\n|poke|p2|Annihilape, L50, M|\n|poke|p2|Amoonguss, L50, F|\n|poke|p2|Gholdengo, L50|\n|poke|p2|Ting-Lu, L50|\n|poke|p2|Gyarados, L50, F|\n|teampreview|4\n|inactive|Battle timer is ON: inactive players will automatically lose when time's up. (requested by fyssqzh)\n|\n|t:|1681738484\n|start\n|switch|p1a: CAPTAIN GOLD|Gholdengo, L50|100\/100\n|switch|p1b: Iron Hands|Iron Hands, L50|100\/100\n|switch|p2a: Maushold|Maushold, L50|100\/100\n|switch|p2b: Annihilape|Annihilape, L50, M|100\/100\n|turn|1\n|inactive|GB Seraphix has 30 seconds left.\n|inactive|GB Seraphix has 20 seconds left.\n|inactive|GB Seraphix has 15 seconds left.\n|inactive|GB Seraphix has 10 seconds left.\n|\n|t:|1681738531\n|-terastallize|p2b: Annihilape|Fire\n|move|p2a: Maushold|Protect|p2a: Maushold\n|-singleturn|p2a: Maushold|Protect\n|move|p1b: Iron Hands|Fake Out|p2a: Maushold\n|-activate|p2a: Maushold|move: Protect\n|move|p1a: CAPTAIN GOLD|Nasty Plot|p1a: CAPTAIN GOLD\n|-boost|p1a: CAPTAIN GOLD|spa|2\n|move|p2b: Annihilape|Drain Punch|p1b: Iron Hands\n|-damage|p1b: Iron Hands|80\/100\n|\n|upkeep\n|turn|2\n|inactive|fyssqzh has 30 seconds left.\n|\n|t:|1681738557\n|switch|p2a: Ting-Lu|Ting-Lu, L50|100\/100\n|-ability|p2a: Ting-Lu|Vessel of Ruin\n|-end|p1b: Iron Hands|Quark Drive|[silent]\n|switch|p1b: Wo-Chien|Wo-Chien, L50|100\/100\n|-ability|p1b: Wo-Chien|Tablets of Ruin\n|-terastallize|p1a: CAPTAIN GOLD|Water\n|move|p1a: CAPTAIN GOLD|Shadow Ball|p2b: Annihilape\n|-damage|p2b: Annihilape|52\/100\n|-unboost|p2b: Annihilape|spd|1\n|-ability|p2b: Annihilape|Defiant|boost\n|-boost|p2b: Annihilape|atk|2\n|move|p2b: Annihilape|Rage Fist|p1a: CAPTAIN GOLD\n|-damage|p1a: CAPTAIN GOLD|33\/100\n|-enditem|p1a: CAPTAIN GOLD|Sitrus Berry|[eat]\n|-heal|p1a: CAPTAIN GOLD|58\/100|[from] item: Sitrus Berry\n|\n|-heal|p2b: Annihilape|58\/100|[from] item: Leftovers\n|upkeep\n|turn|3\n|inactive|fyssqzh has 30 seconds left.\n|inactive|GB Seraphix has 30 seconds left.\n|inactive|GB Seraphix has 20 seconds left.\n|inactive|GB Seraphix has 15 seconds left.\n|\n|t:|1681738602\n|move|p1a: CAPTAIN GOLD|Shadow Ball|p2b: Annihilape\n|-damage|p2b: Annihilape|0 fnt\n|faint|p2b: Annihilape\n|move|p1b: Wo-Chien|Pollen Puff|p1a: CAPTAIN GOLD\n|-heal|p1a: CAPTAIN GOLD|100\/100\n|move|p2a: Ting-Lu|Fissure|p1b: Wo-Chien\n|-damage|p1b: Wo-Chien|0 fnt\n|faint|p1b: Wo-Chien\n|-ohko\n|\n|upkeep\n|\n|t:|1681738618\n|switch|p2b: Maushold|Maushold, L50|100\/100\n|switch|p1b: Garganacl|Garganacl, L50, M|100\/100\n|turn|4\n|inactive|GB Seraphix has 30 seconds left.\n|\n|t:|1681738646\n|move|p1a: CAPTAIN GOLD|Nasty Plot|p1a: CAPTAIN GOLD\n|-boost|p1a: CAPTAIN GOLD|spa|2\n|move|p2b: Maushold|Super Fang|p1b: Garganacl\n|-damage|p1b: Garganacl|51\/100\n|-damage|p2b: Maushold|84\/100|[from] item: Rocky Helmet|[of] p1b: Garganacl\n|move|p2a: Ting-Lu|Stomping Tantrum|p1b: Garganacl\n|-supereffective|p1b: Garganacl\n|-damage|p1b: Garganacl|22\/100\n|-damage|p2a: Ting-Lu|84\/100|[from] item: Rocky Helmet|[of] p1b: Garganacl\n|move|p1b: Garganacl|Salt Cure|p2a: Ting-Lu\n|-resisted|p2a: Ting-Lu\n|-damage|p2a: Ting-Lu|81\/100\n|-start|p2a: Ting-Lu|Salt Cure\n|\n|-damage|p2a: Ting-Lu|69\/100|[from] Salt Cure\n|upkeep\n|turn|5\n|inactive|GB Seraphix has 30 seconds left.\n|\n|t:|1681738671\n|move|p1b: Garganacl|Protect|p1b: Garganacl\n|-singleturn|p1b: Garganacl|Protect\n|move|p2b: Maushold|Follow Me|p2b: Maushold\n|-singleturn|p2b: Maushold|move: Follow Me\n|move|p1a: CAPTAIN GOLD|Make It Rain|p2b: Maushold|[spread] p2a,p2b\n|-damage|p2a: Ting-Lu|41\/100\n|-damage|p2b: Maushold|0 fnt\n|-unboost|p1a: CAPTAIN GOLD|spa|1\n|faint|p2b: Maushold\n|move|p2a: Ting-Lu|Fissure|p1a: CAPTAIN GOLD|[miss]\n|-miss|p2a: Ting-Lu|p1a: CAPTAIN GOLD\n|\n|-damage|p2a: Ting-Lu|28\/100|[from] Salt Cure\n|upkeep\n|\n|t:|1681738685\n|switch|p2b: Gyarados|Gyarados, L50, F|100\/100\n|-ability|p2b: Gyarados|Intimidate|boost\n|-unboost|p1a: CAPTAIN GOLD|atk|1\n|-unboost|p1b: Garganacl|atk|1\n|turn|6\n|\n|t:|1681738702\n|move|p1a: CAPTAIN GOLD|Protect|p1a: CAPTAIN GOLD\n|-singleturn|p1a: CAPTAIN GOLD|Protect\n|move|p2b: Gyarados|Waterfall|p1b: Garganacl\n|-supereffective|p1b: Garganacl\n|-damage|p1b: Garganacl|0 fnt\n|-damage|p2b: Gyarados|84\/100|[from] item: Rocky Helmet|[of] p1b: Garganacl\n|faint|p1b: Garganacl\n|move|p2a: Ting-Lu|Fissure|p1a: CAPTAIN GOLD\n|-activate|p1a: CAPTAIN GOLD|move: Protect\n|\n|-damage|p2a: Ting-Lu|16\/100|[from] Salt Cure\n|upkeep\n|\n|t:|1681738715\n|switch|p1b: Iron Hands|Iron Hands, L50|80\/100\n|turn|7\n|\n|t:|1681738735\n|move|p2b: Gyarados|Protect|p2b: Gyarados\n|-singleturn|p2b: Gyarados|Protect\n|move|p1b: Iron Hands|Fake Out|p2a: Ting-Lu\n|-damage|p2a: Ting-Lu|8\/100\n|move|p1a: CAPTAIN GOLD|Make It Rain|p2b: Gyarados|[spread] p2a\n|-activate|p2b: Gyarados|move: Protect\n|-damage|p2a: Ting-Lu|0 fnt\n|-unboost|p1a: CAPTAIN GOLD|spa|1\n|faint|p2a: Ting-Lu\n|\n|upkeep\n|turn|8\n|\n|t:|1681738754\n|move|p1a: CAPTAIN GOLD|Shadow Ball|p2b: Gyarados\n|-damage|p2b: Gyarados|30\/100\n|-enditem|p2b: Gyarados|Sitrus Berry|[eat]\n|-heal|p2b: Gyarados|55\/100|[from] item: Sitrus Berry\n|move|p2b: Gyarados|Waterfall|p1b: Iron Hands\n|-damage|p1b: Iron Hands|58\/100\n|move|p1b: Iron Hands|Wild Charge|p2b: Gyarados\n|-supereffective|p2b: Gyarados\n|-damage|p2b: Gyarados|0 fnt\n|faint|p2b: Gyarados\n|-damage|p1b: Iron Hands|47\/100|[from] Recoil\n|\n|win|fyssqzh\n|raw|fyssqzh's rating: 1263 → 1287<\/strong> (+24 for winning)\n|raw|GB Seraphix's rating: 1245 → 1221<\/strong> (-24 for losing)\n","uploadtime":1681738772,"views":10,"p1id":"fyssqzh","p2id":"gbseraphix","formatid":"gen9vgc2023regulationc","rating":1221,"private":0,"password":""}