{"id":"gen9vgc2023regulationc-1857735025","p1":"RaimuBeat","p2":"SeaOfBlueFlowers","format":"[Gen 9] VGC 2023 Regulation C","log":"|j|\u2606RaimuBeat\n|j|\u2606SeaOfBlueFlowers\n|t:|1683226792\n|gametype|doubles\n|player|p1|RaimuBeat|caitlin|1113\n|player|p2|SeaOfBlueFlowers|lady-gen4|1188\n|teamsize|p1|6\n|teamsize|p2|6\n|gen|9\n|tier|[Gen 9] VGC 2023 Regulation C\n|rated|\n|rule|Species Clause: Limit one of each Pok\u00e9mon\n|rule|Item Clause: Limit one of each item\n|clearpoke\n|poke|p1|Slowbro, L50, F|\n|poke|p1|Indeedee-F, L50, F|\n|poke|p1|Torkoal, L50, F|\n|poke|p1|Arboliva, L50, M|\n|poke|p1|Iron Hands, L50|\n|poke|p1|Mimikyu, L50, F|\n|poke|p2|Jumpluff, L50, M|\n|poke|p2|Roaring Moon, L50|\n|poke|p2|Torkoal, L50, F|\n|poke|p2|Iron Bundle, L50|\n|poke|p2|Iron Hands, L50|\n|poke|p2|Arcanine, L50, F|\n|teampreview|4\n|\n|t:|1683226813\n|start\n|switch|p1a: Spinel|Mimikyu, L50, F|100\/100\n|switch|p1b: Bismuth|Torkoal, L50, F|100\/100\n|switch|p2a: Jumpluff|Jumpluff, L50, M|100\/100\n|switch|p2b: Torkoal|Torkoal, L50, F|100\/100\n|-weather|SunnyDay|[from] ability: Drought|[of] p2b: Torkoal\n|turn|1\n|\n|t:|1683226825\n|move|p1b: Bismuth|Protect|p1b: Bismuth\n|-singleturn|p1b: Bismuth|Protect\n|move|p2a: Jumpluff|Sleep Powder|p1a: Spinel\n|-status|p1a: Spinel|slp|[from] move: Sleep Powder\n|move|p2b: Torkoal|Overheat|p1a: Spinel|[miss]\n|-miss|p2b: Torkoal|p1a: Spinel\n|cant|p1a: Spinel|slp\n|\n|-weather|SunnyDay|[upkeep]\n|upkeep\n|turn|2\n|\n|t:|1683226837\n|move|p2a: Jumpluff|Absorb|p1a: Spinel\n|-activate|p1a: Spinel|ability: Disguise\n|-damage|p1a: Spinel|100\/100 slp\n|detailschange|p1a: Spinel|Mimikyu-Busted, L50, F\n|-damage|p1a: Spinel|88\/100 slp|[from] pokemon: Mimikyu-Busted\n|move|p2b: Torkoal|Overheat|p1a: Spinel\n|-crit|p1a: Spinel\n|-damage|p1a: Spinel|0 fnt\n|-unboost|p2b: Torkoal|spa|2\n|-enditem|p2b: Torkoal|Eject Pack\n|faint|p1a: Spinel\n|\n|t:|1683226840\n|switch|p2b: Roaring Moon|Roaring Moon, L50|100\/100\n|-activate|p2b: Roaring Moon|ability: Protosynthesis\n|-start|p2b: Roaring Moon|protosynthesisatk\n|move|p1b: Bismuth|Heat Wave|p2a: Jumpluff|[spread] p2a,p2b\n|-supereffective|p2a: Jumpluff\n|-resisted|p2b: Roaring Moon\n|-enditem|p2a: Jumpluff|Focus Sash\n|-damage|p2a: Jumpluff|1\/100\n|-damage|p2b: Roaring Moon|74\/100\n|\n|-weather|SunnyDay|[upkeep]\n|upkeep\n|\n|t:|1683226858\n|switch|p1a: Steven|Arboliva, L50, M|100\/100\n|turn|3\n|\n|t:|1683226879\n|-terastallize|p2b: Roaring Moon|Ground\n|-terastallize|p1a: Steven|Ground\n|move|p2a: Jumpluff|Absorb|p2b: Roaring Moon\n|-supereffective|p2b: Roaring Moon\n|-damage|p2b: Roaring Moon|64\/100\n|-heal|p2a: Jumpluff|6\/100|[from] drain|[of] p2b: Roaring Moon\n|-enditem|p2b: Roaring Moon|Weakness Policy\n|-boost|p2b: Roaring Moon|atk|2|[from] item: Weakness Policy\n|-boost|p2b: Roaring Moon|spa|2|[from] item: Weakness Policy\n|move|p2b: Roaring Moon|Earthquake|p1b: Bismuth|[spread] p1a,p1b\n|-immune|p2a: Jumpluff\n|-supereffective|p1b: Bismuth\n|-damage|p1a: Steven|0 fnt\n|-damage|p1b: Bismuth|0 fnt\n|-fieldstart|move: Grassy Terrain|[from] ability: Seed Sower|[of] p1a: Steven\n|faint|p1a: Steven\n|faint|p1b: Bismuth\n|\n|-weather|SunnyDay|[upkeep]\n|-heal|p2b: Roaring Moon|70\/100|[from] Grassy Terrain\n|upkeep\n|\n|t:|1683226897\n|switch|p1b: Garnet|Iron Hands, L50|100\/100\n|turn|4\n|\n|t:|1683226907\n|move|p2b: Roaring Moon|Protect|p2b: Roaring Moon\n|-singleturn|p2b: Roaring Moon|Protect\n|move|p2a: Jumpluff|Sleep Powder|p1b: Garnet\n|-status|p1b: Garnet|slp|[from] move: Sleep Powder\n|cant|p1b: Garnet|slp\n|\n|-weather|SunnyDay|[upkeep]\n|-heal|p2b: Roaring Moon|77\/100|[from] Grassy Terrain\n|upkeep\n|turn|5\n|c|\u2606RaimuBeat|gg\n|\n|t:|1683226944\n|move|p2a: Jumpluff|Tailwind|p2a: Jumpluff\n|-sidestart|p2: SeaOfBlueFlowers|move: Tailwind\n|move|p2b: Roaring Moon|Earthquake|p1b: Garnet|[spread] p1b\n|-immune|p2a: Jumpluff\n|-supereffective|p1b: Garnet\n|-crit|p1b: Garnet\n|-damage|p1b: Garnet|0 fnt\n|faint|p1b: Garnet\n|-end|p1b: Garnet|Quark Drive|[silent]\n|\n|win|SeaOfBlueFlowers\n|raw|RaimuBeat's rating: 1113 → 1093<\/strong> (-20 for losing)\n|raw|SeaOfBlueFlowers's rating: 1188 → 1208<\/strong> (+20 for winning)\n|l|\u2606RaimuBeat\n|c|\u2606SeaOfBlueFlowers|Gg\n|l|\u2606SeaOfBlueFlowers\n|j|\u2606SeaOfBlueFlowers\n|player|p2|SeaOfBlueFlowers|lady-gen4\n","uploadtime":1683226996,"views":16,"p1id":"raimubeat","p2id":"seaofblueflowers","formatid":"gen9vgc2023regulationc","rating":1093,"private":0,"password":""}