{"id":"gen9vgc2023regulationc-1851704371","p1":"mugiwaraLux","p2":"osfar","format":"[Gen 9] VGC 2023 Regulation C","log":"|j|\u2606mugiwaraLux\n|j|\u2606osfar\n|t:|1682472084\n|gametype|doubles\n|player|p1|mugiwaraLux|102|1315\n|player|p2|osfar|266|1304\n|teamsize|p1|6\n|teamsize|p2|6\n|gen|9\n|tier|[Gen 9] VGC 2023 Regulation C\n|rated|\n|rule|Species Clause: Limit one of each Pok\u00e9mon\n|rule|Item Clause: Limit one of each item\n|clearpoke\n|poke|p1|Palafin, L50, M|\n|poke|p1|Amoonguss, L50, M|\n|poke|p1|Flutter Mane, L50|\n|poke|p1|Arcanine, L50, F|\n|poke|p1|Roaring Moon, L50|\n|poke|p1|Chien-Pao, L50|\n|poke|p2|Annihilape, L50, M|\n|poke|p2|Maushold-Four, L50|\n|poke|p2|Gholdengo, L50|\n|poke|p2|Iron Bundle, L50|\n|poke|p2|Arcanine, L50, M|\n|poke|p2|Roaring Moon, L50|\n|teampreview|4\n|inactive|Battle timer is ON: inactive players will automatically lose when time's up. (requested by mugiwaraLux)\nosfar has agreed to open team sheets.\nmugiwaraLux has agreed to open team sheets.\n|inactive|mugiwaraLux has 60 seconds left.\n|inactive|osfar has 60 seconds left.\n|inactive|mugiwaraLux has 30 seconds left.\n|inactive|osfar has 30 seconds left.\n|inactive|mugiwaraLux has 20 seconds left.\n|inactive|mugiwaraLux has 15 seconds left.\n|inactive|mugiwaraLux has 10 seconds left.\n|inactive|mugiwaraLux has 5 seconds left.\n|\n|t:|1682472173\n|start\n|switch|p1a: Mimi|Flutter Mane, L50|100\/100\n|switch|p1b: Roaring Moon|Roaring Moon, L50|100\/100\n|switch|p2a: Gholdengo|Gholdengo, L50|100\/100\n|switch|p2b: Maushold|Maushold-Four, L50|100\/100\n|-enditem|p1b: Roaring Moon|Booster Energy\n|-activate|p1b: Roaring Moon|ability: Protosynthesis|[fromitem]\n|-start|p1b: Roaring Moon|protosynthesisatk\n|turn|1\n|\n|t:|1682472194\n|-end|p1a: Mimi|Protosynthesis|[silent]\n|switch|p1a: Palafin|Palafin, L50, M|100\/100\n|move|p2b: Maushold|Follow Me|p2b: Maushold\n|-singleturn|p2b: Maushold|move: Follow Me\n|move|p1b: Roaring Moon|Throat Chop|p2b: Maushold\n|-damage|p2b: Maushold|44\/100\n|-start|p2b: Maushold|Throat Chop|[silent]\n|move|p2a: Gholdengo|Nasty Plot|p2a: Gholdengo\n|-boost|p2a: Gholdengo|spa|2\n|\n|upkeep\n|turn|2\n|inactive|osfar has 30 seconds left.\n|\n|t:|1682472220\n|switch|p2b: Arcanine|Arcanine, L50, M|100\/100\n|-ability|p2b: Arcanine|Intimidate|boost\n|-unboost|p1a: Palafin|atk|1\n|-unboost|p1b: Roaring Moon|atk|1\n|move|p1b: Roaring Moon|Protect|p1b: Roaring Moon\n|-singleturn|p1b: Roaring Moon|Protect\n|move|p1a: Palafin|Wave Crash|p2b: Arcanine\n|-supereffective|p2b: Arcanine\n|-damage|p2b: Arcanine|22\/100\n|-damage|p1a: Palafin|76\/100|[from] Recoil\n|move|p2a: Gholdengo|Shadow Ball|p1a: Palafin\n|-damage|p1a: Palafin|0 fnt\n|faint|p1a: Palafin\n|\n|upkeep\n|\n|t:|1682472238\n|switch|p1a: Mimi|Flutter Mane, L50|100\/100\n|turn|3\n|\n|t:|1682472254\n|switch|p2b: Maushold|Maushold-Four, L50|44\/100\n|move|p2a: Gholdengo|Protect|p2a: Gholdengo\n|-singleturn|p2a: Gholdengo|Protect\n|move|p1a: Mimi|Shadow Ball|p2a: Gholdengo\n|-activate|p2a: Gholdengo|move: Protect\n|move|p1b: Roaring Moon|Throat Chop|p2a: Gholdengo\n|-activate|p2a: Gholdengo|move: Protect\n|\n|upkeep\n|turn|4\n|inactive|osfar has 30 seconds left.\n|\n|t:|1682472281\n|-end|p1a: Mimi|Protosynthesis|[silent]\n|switch|p1a: Chien-Pao|Chien-Pao, L50|100\/100\n|-ability|p1a: Chien-Pao|Sword of Ruin\n|move|p1b: Roaring Moon|Protect|p1b: Roaring Moon\n|-singleturn|p1b: Roaring Moon|Protect\n|move|p2b: Maushold|Follow Me|p2b: Maushold\n|-singleturn|p2b: Maushold|move: Follow Me\n|move|p2a: Gholdengo|Make It Rain|p1a: Chien-Pao|[spread] p1a\n|-activate|p1b: Roaring Moon|move: Protect\n|-supereffective|p1a: Chien-Pao\n|-enditem|p1a: Chien-Pao|Focus Sash\n|-damage|p1a: Chien-Pao|1\/100\n|-unboost|p2a: Gholdengo|spa|1\n|\n|upkeep\n|turn|5\n|\n|t:|1682472301\n|-terastallize|p1b: Roaring Moon|Flying\n|move|p1a: Chien-Pao|Protect|p1a: Chien-Pao\n|-singleturn|p1a: Chien-Pao|Protect\n|move|p2b: Maushold|Follow Me|p2b: Maushold\n|-singleturn|p2b: Maushold|move: Follow Me\n|move|p1b: Roaring Moon|Acrobatics|p2b: Maushold\n|-damage|p2b: Maushold|0 fnt\n|faint|p2b: Maushold\n|move|p2a: Gholdengo|Make It Rain|p1b: Roaring Moon|[spread] p1b\n|-activate|p1a: Chien-Pao|move: Protect\n|-damage|p1b: Roaring Moon|35\/100\n|-unboost|p2a: Gholdengo|spa|1\n|\n|upkeep\n|\n|t:|1682472316\n|switch|p2b: Arcanine|Arcanine, L50, M|22\/100\n|-ability|p2b: Arcanine|Intimidate|boost\n|-unboost|p1a: Chien-Pao|atk|1\n|-unboost|p1b: Roaring Moon|atk|1\n|turn|6\n|\n|t:|1682472332\n|move|p2a: Gholdengo|Protect|p2a: Gholdengo\n|-singleturn|p2a: Gholdengo|Protect\n|move|p2b: Arcanine|Extreme Speed|p1a: Chien-Pao\n|-damage|p1a: Chien-Pao|0 fnt\n|faint|p1a: Chien-Pao\n|move|p1b: Roaring Moon|Throat Chop|p2b: Arcanine\n|-damage|p2b: Arcanine|0 fnt\n|faint|p2b: Arcanine\n|\n|upkeep\n|\n|t:|1682472342\n|switch|p1a: Mimi|Flutter Mane, L50|100\/100\n|switch|p2b: Iron Bundle|Iron Bundle, L50|100\/100\n|turn|7\n|\n|t:|1682472365\n|-terastallize|p2a: Gholdengo|Water\n|move|p2b: Iron Bundle|Icy Wind|p1b: Roaring Moon|[spread] p1a,p1b\n|-supereffective|p1b: Roaring Moon\n|-damage|p1a: Mimi|79\/100\n|-damage|p1b: Roaring Moon|3\/100\n|-unboost|p1a: Mimi|spe|1\n|-unboost|p1b: Roaring Moon|spe|1\n|move|p1a: Mimi|Thunderbolt|p2a: Gholdengo\n|-supereffective|p2a: Gholdengo\n|-damage|p2a: Gholdengo|17\/100\n|move|p1b: Roaring Moon|Acrobatics|p2a: Gholdengo\n|-damage|p2a: Gholdengo|0 fnt\n|faint|p2a: Gholdengo\n|\n|upkeep\n|turn|8\n|\n|t:|1682472381\n|move|p2b: Iron Bundle|Icy Wind|p1b: Roaring Moon|[spread] p1a,p1b\n|-supereffective|p1b: Roaring Moon\n|-damage|p1a: Mimi|60\/100\n|-damage|p1b: Roaring Moon|0 fnt\n|-unboost|p1a: Mimi|spe|1\n|faint|p1b: Roaring Moon\n|-end|p1b: Roaring Moon|Protosynthesis|[silent]\n|move|p1a: Mimi|Thunderbolt|p2b: Iron Bundle\n|-supereffective|p2b: Iron Bundle\n|-damage|p2b: Iron Bundle|0 fnt\n|faint|p2b: Iron Bundle\n|-end|p2b: Iron Bundle|Quark Drive|[silent]\n|\n|win|mugiwaraLux\n|raw|mugiwaraLux's rating: 1315 → 1334<\/strong> (+19 for winning)\n|raw|osfar's rating: 1304 → 1285<\/strong> (-19 for losing)\n","uploadtime":1682472386,"views":14,"p1id":"mugiwaralux","p2id":"osfar","formatid":"gen9vgc2023regulationc","rating":1285,"private":0,"password":""}