{"id":"gen9vgc2023regulationc-1852891950","p1":"TZ333","p2":"haha u rage quit","format":"[Gen 9] VGC 2023 Regulation C","log":"|j|\u2606TZ333\n|j|\u2606haha u rage quit\n|t:|1682615025\n|gametype|doubles\n|player|p1|TZ333|steven|1474\n|player|p2|haha u rage quit|pokemaniac|1415\n|teamsize|p1|6\n|teamsize|p2|6\n|gen|9\n|tier|[Gen 9] VGC 2023 Regulation C\n|rated|\n|rule|Species Clause: Limit one of each Pok\u00e9mon\n|rule|Item Clause: Limit one of each item\n|clearpoke\n|poke|p1|Orthworm, L50, F|\n|poke|p1|Dragonite, L50, M|\n|poke|p1|Gyarados, L50, F|\n|poke|p1|Iron Treads, L50|\n|poke|p1|Pincurchin, L50, F|\n|poke|p1|Iron Bundle, L50|\n|poke|p2|Flutter Mane, L50|\n|poke|p2|Iron Hands, L50|\n|poke|p2|Iron Bundle, L50|\n|poke|p2|Torkoal, L50, M|\n|poke|p2|Klefki, L50, M|\n|poke|p2|Corviknight, L50, M|\n|teampreview|4\n|j| Braindeadmeta\n|inactive|Battle timer is ON: inactive players will automatically lose when time's up. (requested by haha u rage quit)\n|\n|t:|1682615086\n|start\n|switch|p1a: Orthworm|Orthworm, L50, F|100\/100\n|switch|p1b: Iron Treads|Iron Treads, L50|100\/100\n|switch|p2a: Flutter Mane|Flutter Mane, L50, shiny|100\/100\n|switch|p2b: Torkoal|Torkoal, L50, M|100\/100\n|-weather|SunnyDay|[from] ability: Drought|[of] p2b: Torkoal\n|-activate|p2a: Flutter Mane|ability: Protosynthesis\n|-start|p2a: Flutter Mane|protosynthesisspa\n|turn|1\n|inactive|haha u rage quit has 30 seconds left.\n|\n|t:|1682615117\n|-terastallize|p2b: Torkoal|Flying\n|move|p2a: Flutter Mane|Mystical Fire|p1b: Iron Treads\n|-supereffective|p1b: Iron Treads\n|-damage|p1b: Iron Treads|0 fnt\n|faint|p1b: Iron Treads\n|-end|p1b: Iron Treads|Quark Drive|[silent]\n|move|p1a: Orthworm|Shed Tail|p1a: Orthworm\n|-start|p1a: Orthworm|Substitute|[from] move: Shed Tail\n|-damage|p1a: Orthworm|50\/100\n|-enditem|p1a: Orthworm|Sitrus Berry|[eat]\n|-heal|p1a: Orthworm|75\/100|[from] item: Sitrus Berry\n|\n|t:|1682615129\n|switch|p1a: Dragonite|Dragonite, L50, M|100\/100|[from] Shed Tail\n|move|p2b: Torkoal|Eruption|p1a: Dragonite\n|-resisted|p1a: Dragonite\n|-activate|p1a: Dragonite|move: Substitute|[damage]\n|\n|-weather|SunnyDay|[upkeep]\n|upkeep\n|\n|t:|1682615134\n|switch|p1b: Iron Bundle|Iron Bundle, L50, shiny|100\/100\n|turn|2\n|inactive|TZ333 has 30 seconds left.\n|inactive|haha u rage quit has 30 seconds left.\n|inactive|TZ333 has 20 seconds left.\n|\n|t:|1682615171\n|-terastallize|p1a: Dragonite|Flying\n|move|p1b: Iron Bundle|Protect|p1b: Iron Bundle\n|-singleturn|p1b: Iron Bundle|Protect\n|move|p2b: Torkoal|Protect|p2b: Torkoal\n|-singleturn|p2b: Torkoal|Protect\n|move|p2a: Flutter Mane|Mystical Fire|p1b: Iron Bundle\n|-activate|p1b: Iron Bundle|move: Protect\n|move|p1a: Dragonite|Dragon Dance|p1a: Dragonite\n|-boost|p1a: Dragonite|atk|1\n|-boost|p1a: Dragonite|spe|1\n|\n|-weather|SunnyDay|[upkeep]\n|upkeep\n|turn|3\n|\n|t:|1682615195\n|move|p2b: Torkoal|Helping Hand|p2a: Flutter Mane\n|-singleturn|p2a: Flutter Mane|Helping Hand|[of] p2b: Torkoal\n|move|p1a: Dragonite|Tera Blast|p2a: Flutter Mane\n|-damage|p2a: Flutter Mane|0 fnt\n|faint|p2a: Flutter Mane\n|-end|p2a: Flutter Mane|Protosynthesis|[silent]\n|move|p1b: Iron Bundle|Encore|p2b: Torkoal\n|-start|p2b: Torkoal|Encore\n|\n|-weather|SunnyDay|[upkeep]\n|upkeep\n|\n|t:|1682615206\n|switch|p2a: Klefki|Klefki, L50, M|100\/100\n|turn|4\n|\n|t:|1682615219\n|-end|p1b: Iron Bundle|Quark Drive|[silent]\n|switch|p1b: Orthworm|Orthworm, L50, F|75\/100\n|switch|p2b: Iron Hands|Iron Hands, L50, shiny|100\/100\n|move|p1a: Dragonite|Earthquake|p2b: Iron Hands|[spread] p2a,p2b\n|-heal|p1b: Orthworm|100\/100|[from] ability: Earth Eater|[of] p1a: Dragonite\n|-supereffective|p2a: Klefki\n|-supereffective|p2b: Iron Hands\n|-damage|p2a: Klefki|26\/100\n|-damage|p2b: Iron Hands|55\/100\n|move|p2a: Klefki|Trick Room|p2a: Klefki\n|-fieldstart|move: Trick Room|[of] p2a: Klefki\n|\n|-weather|SunnyDay|[upkeep]\n|upkeep\n|turn|5\n|inactive|haha u rage quit has 30 seconds left.\n|inactive|TZ333 has 30 seconds left.\n|\n|t:|1682615252\n|move|p2a: Klefki|Reflect|p2a: Klefki\n|-sidestart|p2: haha u rage quit|Reflect\n|move|p2b: Iron Hands|Drain Punch|p1b: Orthworm\n|-supereffective|p1b: Orthworm\n|-damage|p1b: Orthworm|50\/100\n|-heal|p2b: Iron Hands|73\/100|[from] drain|[of] p1b: Orthworm\n|move|p1b: Orthworm|Body Press|p2b: Iron Hands\n|-damage|p2b: Iron Hands|60\/100\n|move|p1a: Dragonite|Earthquake|p2a: Klefki|[spread] p2a,p2b\n|-heal|p1b: Orthworm|75\/100|[from] ability: Earth Eater|[of] p1a: Dragonite\n|-supereffective|p2a: Klefki\n|-supereffective|p2b: Iron Hands\n|-damage|p2a: Klefki|0 fnt\n|-damage|p2b: Iron Hands|29\/100\n|-enditem|p2b: Iron Hands|Sitrus Berry|[eat]\n|-heal|p2b: Iron Hands|54\/100|[from] item: Sitrus Berry\n|faint|p2a: Klefki\n|\n|-weather|none\n|upkeep\n|\n|t:|1682615264\n|switch|p2a: Torkoal|Torkoal, L50, M, tera:Flying|100\/100\n|-weather|SunnyDay|[from] ability: Drought|[of] p2a: Torkoal\n|turn|6\n|inactive|TZ333 has 30 seconds left.\n|\n|t:|1682615293\n|move|p2a: Torkoal|Eruption|p1a: Dragonite|[spread] p1a,p1b\n|-end|p1a: Dragonite|Substitute\n|-supereffective|p1b: Orthworm\n|-crit|p1b: Orthworm\n|-damage|p1b: Orthworm|0 fnt\n|faint|p1b: Orthworm\n|move|p2b: Iron Hands|Thunder Punch|p1a: Dragonite\n|-supereffective|p1a: Dragonite\n|-damage|p1a: Dragonite|61\/100\n|-status|p1a: Dragonite|par\n|-enditem|p1a: Dragonite|Lum Berry|[eat]\n|-curestatus|p1a: Dragonite|par|[msg]\n|move|p1a: Dragonite|Tera Blast|p2b: Iron Hands\n|-damage|p2b: Iron Hands|20\/100\n|\n|-weather|SunnyDay|[upkeep]\n|upkeep\n|\n|t:|1682615307\n|switch|p1b: Iron Bundle|Iron Bundle, L50, shiny|100\/100\n|turn|7\n|\n|t:|1682615331\n|move|p1b: Iron Bundle|Protect|p1b: Iron Bundle\n|-singleturn|p1b: Iron Bundle|Protect\n|move|p1a: Dragonite|Extreme Speed|p2b: Iron Hands\n|-damage|p2b: Iron Hands|3\/100\n|move|p2a: Torkoal|Eruption|p1b: Iron Bundle|[spread] p1a\n|-activate|p1b: Iron Bundle|move: Protect\n|-damage|p1a: Dragonite|0 fnt\n|faint|p1a: Dragonite\n|move|p2b: Iron Hands|Thunder Punch|p1b: Iron Bundle\n|-activate|p1b: Iron Bundle|move: Protect\n|\n|-weather|SunnyDay|[upkeep]\n|upkeep\n|turn|8\n|\n|t:|1682615342\n|move|p1b: Iron Bundle|Protect||[still]\n|-fail|p1b: Iron Bundle\n|move|p2a: Torkoal|Eruption|p1b: Iron Bundle\n|-enditem|p1b: Iron Bundle|Focus Sash\n|-damage|p1b: Iron Bundle|1\/100\n|move|p2b: Iron Hands|Drain Punch|p1b: Iron Bundle\n|-supereffective|p1b: Iron Bundle\n|-damage|p1b: Iron Bundle|0 fnt\n|-heal|p2b: Iron Hands|4\/100|[from] drain|[of] p1b: Iron Bundle\n|faint|p1b: Iron Bundle\n|-end|p1b: Iron Bundle|Quark Drive|[silent]\n|\n|win|haha u rage quit\n|raw|TZ333's rating: 1474 → 1451<\/strong> (-23 for losing)\n|raw|haha u rage quit's rating: 1415 → 1438<\/strong> (+23 for winning)\n|l|\u2606TZ333\n","uploadtime":1682615362,"views":6,"p1id":"tz333","p2id":"hahauragequit","formatid":"gen9vgc2023regulationc","rating":1438,"private":0,"password":""}