{"id":"gen9vgc2023regulationc-1859095279","p1":"r5e4ersee","p2":"C1acc0","format":"[Gen 9] VGC 2023 Regulation C","log":"|j|\u2606r5e4ersee\n|j|\u2606C1acc0\n|t:|1683403837\n|gametype|doubles\n|player|p1|r5e4ersee|102|1079\n|player|p2|C1acc0|ethan|1091\n|teamsize|p1|6\n|teamsize|p2|6\n|gen|9\n|tier|[Gen 9] VGC 2023 Regulation C\n|rated|\n|rule|Species Clause: Limit one of each Pok\u00e9mon\n|rule|Item Clause: Limit one of each item\n|clearpoke\n|poke|p1|Palafin, L50, F|\n|poke|p1|Arcanine, L50, M|\n|poke|p1|Amoonguss, L50, M|\n|poke|p1|Flutter Mane, L50|\n|poke|p1|Ceruledge, L50, F|\n|poke|p1|Hydreigon, L50, F|\n|poke|p2|Palafin, L50, F|\n|poke|p2|Ceruledge, L50, F|\n|poke|p2|Maushold-Four, L50|\n|poke|p2|Arcanine, L50, M|\n|poke|p2|Amoonguss, L50, M|\n|poke|p2|Ting-Lu, L50|\n|teampreview|4\nr5e4ersee has agreed to open team sheets.\nC1acc0 has agreed to open team sheets.\n|\n|t:|1683403883\n|start\n|switch|p1a: Arcanine|Arcanine, L50, M|100\/100\n|switch|p1b: Palafin|Palafin, L50, F|100\/100\n|switch|p2a: Maushold|Maushold-Four, L50|100\/100\n|switch|p2b: Palafin|Palafin, L50, F|100\/100\n|-ability|p1a: Arcanine|Intimidate|boost\n|-unboost|p2a: Maushold|atk|1\n|-unboost|p2b: Palafin|atk|1\n|turn|1\n|inactive|Battle timer is ON: inactive players will automatically lose when time's up. (requested by r5e4ersee)\n|\n|t:|1683403924\n|detailschange|p1b: Palafin|Palafin-Hero, L50, F\n|switch|p1b: Amoonguss|Amoonguss, L50, M|100\/100\n|detailschange|p2b: Palafin|Palafin-Hero, L50, F\n|switch|p2b: Ceruledge|Ceruledge, L50, F|100\/100\n|move|p2a: Maushold|Follow Me|p2a: Maushold\n|-singleturn|p2a: Maushold|move: Follow Me\n|move|p1a: Arcanine|Wild Charge|p2a: Maushold\n|-damage|p2a: Maushold|73\/100\n|-damage|p1a: Arcanine|93\/100|[from] Recoil\n|\n|upkeep\n|turn|2\n|inactive|r5e4ersee has 30 seconds left.\n|\n|t:|1683403950\n|switch|p1b: Palafin|Palafin-Hero, L50, F|100\/100\n|-activate|p1b: Palafin|ability: Zero to Hero\n|-terastallize|p2b: Ceruledge|Grass\n|move|p1a: Arcanine|Close Combat|p2a: Maushold\n|-supereffective|p2a: Maushold\n|-crit|p2a: Maushold\n|-damage|p2a: Maushold|0 fnt\n|-unboost|p1a: Arcanine|def|1\n|-unboost|p1a: Arcanine|spd|1\n|faint|p2a: Maushold\n|move|p2b: Ceruledge|Bulk Up|p2b: Ceruledge\n|-boost|p2b: Ceruledge|atk|1\n|-boost|p2b: Ceruledge|def|1\n|\n|upkeep\n|\n|t:|1683403964\n|switch|p2a: Palafin|Palafin-Hero, L50, F|100\/100\n|-activate|p2a: Palafin|ability: Zero to Hero\n|turn|3\n|inactive|C1acc0 has 30 seconds left.\n|\n|t:|1683403991\n|switch|p1a: Amoonguss|Amoonguss, L50, M|100\/100\n|move|p2a: Palafin|Protect|p2a: Palafin\n|-singleturn|p2a: Palafin|Protect\n|move|p1b: Palafin|Close Combat|p2a: Palafin\n|-activate|p2a: Palafin|move: Protect\n|move|p2b: Ceruledge|Bitter Blade|p1a: Amoonguss\n|-supereffective|p1a: Amoonguss\n|-enditem|p1a: Amoonguss|Occa Berry|[eat]\n|-enditem|p1a: Amoonguss|Occa Berry|[weaken]\n|-damage|p1a: Amoonguss|17\/100\n|\n|upkeep\n|turn|4\n|inactive|r5e4ersee has 30 seconds left.\n|inactive|C1acc0 has 30 seconds left.\n|\n|t:|1683404020\n|switch|p1b: Arcanine|Arcanine, L50, M|93\/100\n|-ability|p1b: Arcanine|Intimidate|boost\n|-unboost|p2a: Palafin|atk|1\n|-fail|p2b: Ceruledge|unboost|[from] item: Clear Amulet|[of] p2b: Ceruledge\n|move|p1a: Amoonguss|Rage Powder|p1a: Amoonguss\n|-singleturn|p1a: Amoonguss|move: Rage Powder\n|move|p2a: Palafin|Wave Crash|p1a: Amoonguss\n|-resisted|p1a: Amoonguss\n|-damage|p1a: Amoonguss|0 fnt\n|faint|p1a: Amoonguss\n|-damage|p2a: Palafin|95\/100|[from] Recoil\n|move|p2b: Ceruledge|Bulk Up|p2b: Ceruledge\n|-boost|p2b: Ceruledge|atk|1\n|-boost|p2b: Ceruledge|def|1\n|\n|upkeep\n|\n|t:|1683404035\n|switch|p1a: Flutter Mane|Flutter Mane, L50|100\/100\n|turn|5\n|\n|t:|1683404057\n|switch|p2a: Ting-Lu|Ting-Lu, L50|100\/100\n|-ability|p2a: Ting-Lu|Vessel of Ruin\n|-terastallize|p1a: Flutter Mane|Grass\n|move|p1a: Flutter Mane|Energy Ball|p2a: Ting-Lu\n|-supereffective|p2a: Ting-Lu\n|-damage|p2a: Ting-Lu|32\/100\n|move|p1b: Arcanine|Close Combat|p2b: Ceruledge\n|-damage|p2b: Ceruledge|76\/100\n|-unboost|p1b: Arcanine|def|1\n|-unboost|p1b: Arcanine|spd|1\n|move|p2b: Ceruledge|Bitter Blade|p1a: Flutter Mane\n|-supereffective|p1a: Flutter Mane\n|-damage|p1a: Flutter Mane|0 fnt\n|-heal|p2b: Ceruledge|100\/100|[from] drain|[of] p1a: Flutter Mane\n|faint|p1a: Flutter Mane\n|-end|p1a: Flutter Mane|Protosynthesis|[silent]\n|\n|upkeep\n|\n|t:|1683404062\n|switch|p1a: Palafin|Palafin-Hero, L50, F|100\/100\n|turn|6\n|-message|r5e4ersee forfeited.\n|\n|win|C1acc0\n|raw|r5e4ersee's rating: 1079 → 1058<\/strong> (-21 for losing)\n|raw|C1acc0's rating: 1091 → 1116<\/strong> (+25 for winning)\n|l|\u2606r5e4ersee\n|c|\u2606C1acc0|gg\n|l|\u2606C1acc0\n|j|\u2606C1acc0\n|player|p2|C1acc0|ethan\n|l|\u2606C1acc0\n|player|p2|\n|j|\u2606C1acc0\n|player|p2|C1acc0|ethan\n","uploadtime":1683404535,"views":15,"p1id":"r5e4ersee","p2id":"c1acc0","formatid":"gen9vgc2023regulationc","rating":1058,"private":0,"password":""}