{"id":"gen9vgc2023regulationc-1863855665","p1":"Laurentiius","p2":"vasuvasuvasu","format":"[Gen 9] VGC 2023 Regulation C","log":"|j|\u2606Laurentiius\n|j|\u2606vasuvasuvasu\n|t:|1684085907\n|gametype|doubles\n|player|p1|Laurentiius|101|\n|player|p2|vasuvasuvasu|101|\n|teamsize|p1|6\n|teamsize|p2|6\n|gen|9\n|tier|[Gen 9] VGC 2023 Regulation C\n|rule|Species Clause: Limit one of each Pok\u00e9mon\n|rule|Item Clause: Limit one of each item\n|clearpoke\n|poke|p1|Kingambit, L50, F|\n|poke|p1|Dragonite, L50, M|\n|poke|p1|Dondozo, L50, F|\n|poke|p1|Tatsugiri, L50, M|\n|poke|p1|Pelipper, L50, M|\n|poke|p1|Palafin, L50, M|\n|poke|p2|Meowscarada, L50, F|\n|poke|p2|Iron Bundle, L50|\n|poke|p2|Annihilape, L50, F|\n|poke|p2|Roaring Moon, L50|\n|poke|p2|Gholdengo, L50|\n|poke|p2|Gothorita, L50, M|\n|teampreview|4\nvasuvasuvasu has agreed to open team sheets.\nLaurentiius has agreed to open team sheets.\n|\n|t:|1684086038\n|start\n|switch|p1a: Kingambit|Kingambit, L50, F|100\/100\n|switch|p1b: Palafin|Palafin, L50, M|100\/100\n|switch|p2a: Lolita|Gothorita, L50, M|100\/100\n|switch|p2b: Terminator|Iron Bundle, L50|100\/100\n|-enditem|p2b: Terminator|Booster Energy\n|-activate|p2b: Terminator|ability: Quark Drive|[fromitem]\n|-start|p2b: Terminator|quarkdrivespa\n|turn|1\n|\n|t:|1684086072\n|move|p1b: Palafin|Protect|p1b: Palafin\n|-singleturn|p1b: Palafin|Protect\n|move|p2a: Lolita|Fake Out|p1a: Kingambit\n|-resisted|p1a: Kingambit\n|-damage|p1a: Kingambit|99\/100\n|move|p2b: Terminator|Freeze-Dry|p1b: Palafin\n|-activate|p1b: Palafin|move: Protect\n|cant|p1a: Kingambit|flinch\n|\n|upkeep\n|turn|2\n|\n|t:|1684086141\n|move|p1b: Palafin|Protect||[still]\n|-fail|p1b: Palafin\n|move|p1a: Kingambit|Sucker Punch||[still]\n|-fail|p1a: Kingambit\n|move|p2b: Terminator|Freeze-Dry|p1b: Palafin\n|-supereffective|p1b: Palafin\n|-damage|p1b: Palafin|0 fnt\n|faint|p1b: Palafin\n|move|p2a: Lolita|Reflect|p2a: Lolita\n|-sidestart|p2: vasuvasuvasu|Reflect\n|\n|upkeep\n|\n|t:|1684086174\n|switch|p1b: Dragonite|Dragonite, L50, M|100\/100\n|turn|3\n|\n|t:|1684086207\n|switch|p2a: Catsune Miku|Meowscarada, L50, F|100\/100\n|-terastallize|p1b: Dragonite|Flying\n|move|p2b: Terminator|Encore|p1a: Kingambit\n|-start|p1a: Kingambit|Encore\n|move|p1b: Dragonite|Tera Blast|p2b: Terminator\n|-damage|p2b: Terminator|37\/100\n|move|p1a: Kingambit|Sucker Punch||[still]\n|-fail|p1a: Kingambit\n|\n|upkeep\n|turn|4\n|\n|t:|1684086249\n|move|p1a: Kingambit|Sucker Punch|p2a: Catsune Miku\n|-resisted|p2a: Catsune Miku\n|-damage|p2a: Catsune Miku|80\/100\n|move|p2b: Terminator|Encore|p1b: Dragonite\n|-start|p1b: Dragonite|Encore\n|move|p2a: Catsune Miku|Brick Break|p1a: Kingambit\n|-supereffective|p1a: Kingambit\n|-damage|p1a: Kingambit|20\/100\n|move|p1b: Dragonite|Tera Blast|p2b: Terminator\n|-damage|p2b: Terminator|0 fnt\n|faint|p2b: Terminator\n|-end|p2b: Terminator|Quark Drive|[silent]\n|\n|upkeep\n|\n|t:|1684086264\n|switch|p2b: Lolita|Gothorita, L50, M|100\/100\n|turn|5\n|\n|t:|1684086299\n|move|p2b: Lolita|Fake Out|p1a: Kingambit\n|-resisted|p1a: Kingambit\n|-damage|p1a: Kingambit|18\/100\n|cant|p1a: Kingambit|flinch\n|move|p2a: Catsune Miku|Brick Break|p1a: Kingambit\n|-supereffective|p1a: Kingambit\n|-damage|p1a: Kingambit|0 fnt\n|faint|p1a: Kingambit\n|move|p1b: Dragonite|Tera Blast|p2b: Lolita\n|-damage|p2b: Lolita|45\/100\n|\n|upkeep\n|\n|t:|1684086309\n|switch|p1a: Pelipper|Pelipper, L50, M|100\/100\n|-weather|RainDance|[from] ability: Drizzle|[of] p1a: Pelipper\n|turn|6\n|\n|t:|1684086392\n|move|p2b: Lolita|Helping Hand|p2a: Catsune Miku\n|-singleturn|p2a: Catsune Miku|Helping Hand|[of] p2b: Lolita\n|move|p2a: Catsune Miku|Flower Trick|p1a: Pelipper\n|-crit|p1a: Pelipper\n|-damage|p1a: Pelipper|0 fnt\n|faint|p1a: Pelipper\n|move|p1b: Dragonite|Tera Blast|p2b: Lolita\n|-damage|p2b: Lolita|0 fnt\n|faint|p2b: Lolita\n|\n|-weather|RainDance|[upkeep]\n|-end|p1b: Dragonite|Encore\n|-sideend|p2: vasuvasuvasu|Reflect\n|upkeep\n|\n|t:|1684086406\n|switch|p2b: Roaring Moan|Roaring Moon, L50|100\/100\n|turn|7\n|\n|t:|1684086420\n|move|p2a: Catsune Miku|Knock Off|p1b: Dragonite\n|-damage|p1b: Dragonite|73\/100\n|-enditem|p1b: Dragonite|Choice Band|[from] move: Knock Off|[of] p2a: Catsune Miku\n|move|p2b: Roaring Moan|Crunch|p1b: Dragonite\n|-damage|p1b: Dragonite|7\/100\n|-damage|p2b: Roaring Moan|90\/100|[from] item: Life Orb\n|move|p1b: Dragonite|Tera Blast|p2a: Catsune Miku\n|-supereffective|p2a: Catsune Miku\n|-damage|p2a: Catsune Miku|0 fnt\n|faint|p2a: Catsune Miku\n|\n|-weather|RainDance|[upkeep]\n|upkeep\n|turn|8\n|\n|t:|1684086433\n|move|p2b: Roaring Moan|Crunch|p1b: Dragonite\n|-damage|p1b: Dragonite|0 fnt\n|faint|p1b: Dragonite\n|-damage|p2b: Roaring Moan|80\/100|[from] item: Life Orb\n|\n|win|vasuvasuvasu\n","uploadtime":1684086445,"views":17,"p1id":"laurentiius","p2id":"vasuvasuvasu","formatid":"gen9vgc2023regulationc","rating":0,"private":0,"password":""}