{"id":"gen9vgc2023regulationc-1849006653","p1":"fuckstain2","p2":"Codameron","format":"[Gen 9] VGC 2023 Regulation C","log":"|j|\u2606fuckstain2\n|j|\u2606Codameron\n|t:|1682137909\n|gametype|doubles\n|player|p1|fuckstain2|steven-gen3|1071\n|player|p2|Codameron|2|1076\n|teamsize|p1|6\n|teamsize|p2|6\n|gen|9\n|tier|[Gen 9] VGC 2023 Regulation C\n|rated|\n|rule|Species Clause: Limit one of each Pok\u00e9mon\n|rule|Item Clause: Limit one of each item\n|clearpoke\n|poke|p1|Gyarados, L50, M|\n|poke|p1|Talonflame, L50, M|\n|poke|p1|Amoonguss, L50, F|\n|poke|p1|Palafin, L50, M|\n|poke|p1|Flutter Mane, L50|\n|poke|p1|Annihilape, L50, F|\n|poke|p2|Bellibolt, L50, F|\n|poke|p2|Wo-Chien, L50|\n|poke|p2|Cloyster, L50, M|\n|poke|p2|Scizor, L50, F|\n|poke|p2|Foongus, L50, F|\n|poke|p2|Polteageist, L50|\n|teampreview|4\nfuckstain2 has agreed to open team sheets.\nCodameron rejected open team sheets.\n|\n|t:|1682138025\n|start\n|switch|p1a: Betsy DeVos|Talonflame, L50, M|100\/100\n|switch|p1b: Sango|Flutter Mane, L50|100\/100\n|switch|p2a: Bellibolt|Bellibolt, L50, F, shiny|100\/100\n|switch|p2b: Polteageist|Polteageist, L50|100\/100\n|-enditem|p1b: Sango|Booster Energy\n|-activate|p1b: Sango|ability: Protosynthesis|[fromitem]\n|-start|p1b: Sango|protosynthesisspa\n|turn|1\n|\n|t:|1682138041\n|move|p1b: Sango|Protect|p1b: Sango\n|-singleturn|p1b: Sango|Protect\n|move|p2b: Polteageist|Protect|p2b: Polteageist\n|-singleturn|p2b: Polteageist|Protect\n|move|p1a: Betsy DeVos|Taunt|p2b: Polteageist\n|-activate|p2b: Polteageist|move: Protect\n|move|p2a: Bellibolt|Light Screen|p2a: Bellibolt\n|-sidestart|p2: Codameron|move: Light Screen\n|\n|upkeep\n|turn|2\n|\n|t:|1682138062\n|move|p1a: Betsy DeVos|Taunt|p2b: Polteageist\n|-start|p2b: Polteageist|move: Taunt\n|-enditem|p2b: Polteageist|Mental Herb\n|-end|p2b: Polteageist|move: Taunt\n|move|p1b: Sango|Shadow Ball|p2b: Polteageist\n|-supereffective|p2b: Polteageist\n|-damage|p2b: Polteageist|28\/100\n|move|p2a: Bellibolt|Thunderbolt|p1a: Betsy DeVos\n|-supereffective|p1a: Betsy DeVos\n|-damage|p1a: Betsy DeVos|0 fnt\n|faint|p1a: Betsy DeVos\n|move|p2b: Polteageist|Trick Room|p2b: Polteageist\n|-fieldstart|move: Trick Room|[of] p2b: Polteageist\n|\n|upkeep\n|\n|t:|1682138075\n|switch|p1a: Crewmate|Amoonguss, L50, F|100\/100\n|turn|3\n|\n|t:|1682138111\n|switch|p2b: Wo-Chien|Wo-Chien, L50|100\/100\n|-ability|p2b: Wo-Chien|Tablets of Ruin\n|move|p1b: Sango|Protect|p1b: Sango\n|-singleturn|p1b: Sango|Protect\n|move|p1a: Crewmate|Spore|p2b: Wo-Chien\n|-immune|p2b: Wo-Chien\n|move|p2a: Bellibolt|Thunderbolt|p1b: Sango\n|-activate|p1b: Sango|move: Protect\n|\n|upkeep\n|turn|4\n|\n|t:|1682138132\n|switch|p2a: Scizor|Scizor, L50, F|100\/100\n|move|p1a: Crewmate|Spore|p2a: Scizor\n|-status|p2a: Scizor|slp|[from] move: Spore\n|move|p2b: Wo-Chien|Snarl|p1a: Crewmate|[spread] p1a,p1b\n|-damage|p1a: Crewmate|90\/100\n|-damage|p1b: Sango|87\/100\n|-unboost|p1a: Crewmate|spa|1\n|-unboost|p1b: Sango|spa|1\n|move|p1b: Sango|Taunt|p2b: Wo-Chien\n|-start|p2b: Wo-Chien|move: Taunt\n|\n|upkeep\n|turn|5\n|\n|t:|1682138168\n|move|p1a: Crewmate|Clear Smog|p1b: Sango\n|-damage|p1b: Sango|75\/100\n|-clearboost|p1b: Sango\n|cant|p2a: Scizor|slp\n|move|p2b: Wo-Chien|Snarl|p1b: Sango|[spread] p1a,p1b\n|-damage|p1a: Crewmate|79\/100\n|-damage|p1b: Sango|60\/100\n|-unboost|p1a: Crewmate|spa|1\n|-unboost|p1b: Sango|spa|1\n|move|p1b: Sango|Moonblast|p2b: Wo-Chien\n|-supereffective|p2b: Wo-Chien\n|-damage|p2b: Wo-Chien|62\/100\n|\n|-heal|p2b: Wo-Chien|69\/100|[from] item: Leftovers\n|upkeep\n|turn|6\n|-message|fuckstain2 forfeited.\n|\n|win|Codameron\n|raw|fuckstain2's rating: 1071 → 1051<\/strong> (-20 for losing)\n|raw|Codameron's rating: 1076 → 1104<\/strong> (+28 for winning)\n|l|\u2606fuckstain2\n","uploadtime":1682138187,"views":8,"p1id":"fuckstain2","p2id":"codameron","formatid":"gen9vgc2023regulationc","rating":1051,"private":0,"password":""}