{"id":"gen9vgc2023regulationc-1845959388","p1":"Drrrrrrrrrrr","p2":"Kiryae","format":"[Gen 9] VGC 2023 Regulation C","log":"|j|\u2606Drrrrrrrrrrr\n|j|\u2606Kiryae\n|t:|1681784027\n|gametype|doubles\n|player|p1|Drrrrrrrrrrr|1|1272\n|player|p2|Kiryae|2|1282\n|teamsize|p1|6\n|teamsize|p2|6\n|gen|9\n|tier|[Gen 9] VGC 2023 Regulation C\n|rated|\n|rule|Species Clause: Limit one of each Pok\u00e9mon\n|rule|Item Clause: Limit one of each item\n|clearpoke\n|poke|p1|Slither Wing, L50|\n|poke|p1|Corviknight, L50, M|\n|poke|p1|Gyarados, L50, M|\n|poke|p1|Baxcalibur, L50, M|\n|poke|p1|Chi-Yu, L50|\n|poke|p1|Flutter Mane, L50|\n|poke|p2|Chi-Yu, L50|\n|poke|p2|Iron Bundle, L50|\n|poke|p2|Flutter Mane, L50|\n|poke|p2|Maushold-Four, L50|\n|poke|p2|Dragonite, L50, M|\n|poke|p2|Ting-Lu, L50|\n|teampreview|4\n|inactive|Battle timer is ON: inactive players will automatically lose when time's up. (requested by Kiryae)\n|inactive|Drrrrrrrrrrr also wants the timer to be on.\nDrrrrrrrrrrr has agreed to open team sheets.\nKiryae has agreed to open team sheets.\n|inactive|Drrrrrrrrrrr has 60 seconds left.\n|inactive|Kiryae has 60 seconds left.\n|inactive|Drrrrrrrrrrr has 30 seconds left.\n|inactive|Drrrrrrrrrrr has 20 seconds left.\n|\n|t:|1681784100\n|start\n|switch|p1a: Chi-Yu|Chi-Yu, L50|100\/100\n|switch|p1b: Baxcalibur|Baxcalibur, L50, M|100\/100\n|switch|p2a: Chi-Yu|Chi-Yu, L50|100\/100\n|switch|p2b: Iron Bundle|Iron Bundle, L50|100\/100\n|-ability|p1a: Chi-Yu|Beads of Ruin\n|-ability|p2a: Chi-Yu|Beads of Ruin\n|-enditem|p2b: Iron Bundle|Booster Energy\n|-activate|p2b: Iron Bundle|ability: Quark Drive|[fromitem]\n|-start|p2b: Iron Bundle|quarkdrivespe\n|turn|1\n|inactive|Drrrrrrrrrrr has 30 seconds left.\n|inactive|Kiryae has 30 seconds left.\n|inactive|Drrrrrrrrrrr has 20 seconds left.\n|inactive|Kiryae has 20 seconds left.\n|inactive|Drrrrrrrrrrr has 15 seconds left.\n|inactive|Kiryae has 15 seconds left.\n|inactive|Drrrrrrrrrrr has 10 seconds left.\n|inactive|Kiryae has 10 seconds left.\n|\n|t:|1681784149\n|-terastallize|p1a: Chi-Yu|Grass\n|move|p1b: Baxcalibur|Protect|p1b: Baxcalibur\n|-singleturn|p1b: Baxcalibur|Protect\n|move|p2b: Iron Bundle|Hydro Pump|p1a: Chi-Yu\n|-resisted|p1a: Chi-Yu\n|-damage|p1a: Chi-Yu|69\/100\n|move|p1a: Chi-Yu|Tera Blast|p2b: Iron Bundle\n|-supereffective|p2b: Iron Bundle\n|-damage|p2b: Iron Bundle|0 fnt\n|faint|p2b: Iron Bundle\n|-end|p2b: Iron Bundle|Quark Drive|[silent]\n|move|p2a: Chi-Yu|Dark Pulse|p1b: Baxcalibur\n|-activate|p1b: Baxcalibur|move: Protect\n|\n|upkeep\n|\n|t:|1681784162\n|switch|p2b: Flutter Mane|Flutter Mane, L50|100\/100\n|turn|2\n|\n|t:|1681784186\n|switch|p1b: Gyarados|Gyarados, L50, M|100\/100\n|-ability|p1b: Gyarados|Intimidate|boost\n|-unboost|p2a: Chi-Yu|atk|1\n|-unboost|p2b: Flutter Mane|atk|1\n|-terastallize|p2b: Flutter Mane|Fairy\n|move|p1a: Chi-Yu|Tera Blast|p2b: Flutter Mane\n|-crit|p2b: Flutter Mane\n|-damage|p2b: Flutter Mane|21\/100\n|move|p2a: Chi-Yu|Dark Pulse|p1b: Gyarados\n|-damage|p1b: Gyarados|59\/100\n|move|p2b: Flutter Mane|Dazzling Gleam|p1a: Chi-Yu|[spread] p1a,p1b\n|-damage|p1a: Chi-Yu|1\/100\n|-damage|p1b: Gyarados|0 fnt\n|faint|p1b: Gyarados\n|\n|upkeep\n|\n|t:|1681784202\n|switch|p1b: Slither Wing|Slither Wing, L50, shiny|100\/100\n|turn|3\n|\n|t:|1681784217\n|-end|p2b: Flutter Mane|Protosynthesis|[silent]\n|switch|p2b: Maushold|Maushold-Four, L50|100\/100\n|move|p1b: Slither Wing|First Impression|p2a: Chi-Yu\n|-damage|p2a: Chi-Yu|22\/100\n|-damage|p1b: Slither Wing|91\/100|[from] item: Life Orb\n|move|p1a: Chi-Yu|Tera Blast|p2b: Maushold\n|-damage|p2b: Maushold|34\/100\n|move|p2a: Chi-Yu|Dark Pulse|p1a: Chi-Yu\n|-damage|p1a: Chi-Yu|0 fnt\n|faint|p1a: Chi-Yu\n|\n|upkeep\n|\n|t:|1681784229\n|switch|p1a: Baxcalibur|Baxcalibur, L50, M|100\/100\n|turn|4\n|\n|t:|1681784253\n|move|p1a: Baxcalibur|Protect|p1a: Baxcalibur\n|-singleturn|p1a: Baxcalibur|Protect\n|move|p2b: Maushold|Follow Me|p2b: Maushold\n|-singleturn|p2b: Maushold|move: Follow Me\n|move|p2a: Chi-Yu|Dark Pulse|p1a: Baxcalibur\n|-activate|p1a: Baxcalibur|move: Protect\n|move|p1b: Slither Wing|Flare Blitz|p2b: Maushold\n|-damage|p2b: Maushold|0 fnt\n|faint|p2b: Maushold\n|-damage|p1b: Slither Wing|80\/100|[from] Recoil\n|-damage|p1b: Slither Wing|70\/100|[from] item: Life Orb\n|\n|upkeep\n|\n|t:|1681784264\n|switch|p2b: Flutter Mane|Flutter Mane, L50, tera:Fairy|21\/100\n|turn|5\n|\n|t:|1681784280\n|move|p2a: Chi-Yu|Dark Pulse|p1a: Baxcalibur\n|-damage|p1a: Baxcalibur|34\/100\n|move|p2b: Flutter Mane|Dazzling Gleam|p1a: Baxcalibur|[spread] p1a,p1b\n|-supereffective|p1a: Baxcalibur\n|-supereffective|p1b: Slither Wing\n|-damage|p1a: Baxcalibur|0 fnt\n|-damage|p1b: Slither Wing|0 fnt\n|faint|p1a: Baxcalibur\n|faint|p1b: Slither Wing\n|-end|p1b: Slither Wing|Protosynthesis|[silent]\n|\n|win|Kiryae\n|raw|Drrrrrrrrrrr's rating: 1272 → 1248<\/strong> (-24 for losing)\n|raw|Kiryae's rating: 1282 → 1306<\/strong> (+24 for winning)\n","uploadtime":1681784292,"views":9,"p1id":"drrrrrrrrrrr","p2id":"kiryae","formatid":"gen9vgc2023regulationc","rating":1248,"private":0,"password":""}