{"id":"gen9vgc2023regulationc-1856147632","p1":"Th3D3b","p2":"Dinozoic","format":"[Gen 9] VGC 2023 Regulation C","log":"|j|\u2606Th3D3b\n|j|\u2606Dinozoic\n|t:|1683035039\n|gametype|doubles\n|player|p1|Th3D3b|2|1145\n|player|p2|Dinozoic|veteran|1076\n|teamsize|p1|6\n|teamsize|p2|6\n|gen|9\n|tier|[Gen 9] VGC 2023 Regulation C\n|rated|\n|rule|Species Clause: Limit one of each Pok\u00e9mon\n|rule|Item Clause: Limit one of each item\n|clearpoke\n|poke|p1|Rotom-Wash, L50|\n|poke|p1|Flutter Mane, L50|\n|poke|p1|Ceruledge, L50, M|\n|poke|p1|Talonflame, L50, M|\n|poke|p1|Amoonguss, L50, F|\n|poke|p1|Chien-Pao, L50|\n|poke|p2|Palafin, L50, F|\n|poke|p2|Amoonguss, L50, F|\n|poke|p2|Arcanine, L50, F|\n|poke|p2|Flutter Mane, L50|\n|poke|p2|Ting-Lu, L50|\n|poke|p2|Roaring Moon, L50|\n|teampreview|4\n|inactive|Battle timer is ON: inactive players will automatically lose when time's up. (requested by Th3D3b)\n|inactive|Th3D3b has 60 seconds left.\n|inactive|Dinozoic has 60 seconds left.\n|\n|t:|1683035075\n|start\n|switch|p1a: Talonflame|Talonflame, L50, M|100\/100\n|switch|p1b: Rotom|Rotom-Wash, L50|100\/100\n|switch|p2a: Palafin|Palafin, L50, F|100\/100\n|switch|p2b: Arcanine|Arcanine, L50, F|100\/100\n|-ability|p2b: Arcanine|Intimidate|boost\n|-unboost|p1a: Talonflame|atk|1\n|-unboost|p1b: Rotom|atk|1\n|turn|1\n|inactive|Th3D3b has 30 seconds left.\n|\n|t:|1683035101\n|detailschange|p2a: Palafin|Palafin-Hero, L50, F\n|switch|p2a: Ting-Lu|Ting-Lu, L50|100\/100\n|-ability|p2a: Ting-Lu|Vessel of Ruin\n|move|p1a: Talonflame|Tailwind|p1a: Talonflame\n|-sidestart|p1: Th3D3b|move: Tailwind\n|move|p1b: Rotom|Hydro Pump|p2b: Arcanine\n|-supereffective|p2b: Arcanine\n|-damage|p2b: Arcanine|3\/100\n|move|p2b: Arcanine|Flare Blitz|p1a: Talonflame\n|-resisted|p1a: Talonflame\n|-damage|p1a: Talonflame|65\/100\n|-damage|p2b: Arcanine|0 fnt|[from] Recoil\n|faint|p2b: Arcanine\n|\n|upkeep\n|\n|t:|1683035113\n|switch|p2b: Flutter Mane|Flutter Mane, L50|100\/100\n|-enditem|p2b: Flutter Mane|Booster Energy\n|-activate|p2b: Flutter Mane|ability: Protosynthesis|[fromitem]\n|-start|p2b: Flutter Mane|protosynthesisspe\n|turn|2\n|inactive|Th3D3b has 30 seconds left.\n|inactive|Th3D3b has 20 seconds left.\n|inactive|Th3D3b has 15 seconds left.\n|\n|t:|1683035155\n|switch|p1b: Amoonguss|Amoonguss, L50, F|100\/100\n|-terastallize|p2a: Ting-Lu|Poison\n|move|p1a: Talonflame|Will-O-Wisp|p2a: Ting-Lu\n|-status|p2a: Ting-Lu|brn\n|move|p2b: Flutter Mane|Dazzling Gleam|p1b: Amoonguss|[spread] p1a,p1b\n|-resisted|p1a: Talonflame\n|-resisted|p1b: Amoonguss\n|-damage|p1a: Talonflame|50\/100\n|-damage|p1b: Amoonguss|92\/100\n|move|p2a: Ting-Lu|Ruination|p1b: Amoonguss\n|-damage|p1b: Amoonguss|46\/100\n|\n|-damage|p2a: Ting-Lu|94\/100 brn|[from] brn\n|upkeep\n|turn|3\n|inactive|Th3D3b has 30 seconds left.\n|\n|t:|1683035185\n|move|p1a: Talonflame|Brave Bird|p2b: Flutter Mane\n|-damage|p2b: Flutter Mane|57\/100\n|-damage|p1a: Talonflame|39\/100|[from] Recoil\n|move|p2b: Flutter Mane|Shadow Ball|p1a: Talonflame\n|-damage|p1a: Talonflame|0 fnt\n|faint|p1a: Talonflame\n|move|p1b: Amoonguss|Spore|p2b: Flutter Mane\n|-status|p2b: Flutter Mane|slp|[from] move: Spore\n|move|p2a: Ting-Lu|Fissure|p1b: Amoonguss\n|-damage|p1b: Amoonguss|0 fnt\n|faint|p1b: Amoonguss\n|-ohko\n|\n|-damage|p2a: Ting-Lu|88\/100 brn|[from] brn\n|upkeep\n|\n|t:|1683035205\n|switch|p1a: Rotom|Rotom-Wash, L50|100\/100\n|switch|p1b: Ceruledge|Ceruledge, L50, M, shiny|100\/100\n|turn|4\n|\n|t:|1683035225\n|cant|p2b: Flutter Mane|slp\n|move|p1a: Rotom|Hydro Pump|p2a: Ting-Lu|[miss]\n|-miss|p1a: Rotom|p2a: Ting-Lu\n|move|p1b: Ceruledge|Bitter Blade|p2a: Ting-Lu\n|-damage|p2a: Ting-Lu|61\/100 brn\n|move|p2a: Ting-Lu|Ruination|p1a: Rotom\n|-damage|p1a: Rotom|50\/100\n|-enditem|p1a: Rotom|Sitrus Berry|[eat]\n|-heal|p1a: Rotom|75\/100|[from] item: Sitrus Berry\n|\n|-damage|p2a: Ting-Lu|55\/100 brn|[from] brn\n|-sideend|p1: Th3D3b|move: Tailwind\n|upkeep\n|turn|5\n|\n|t:|1683035249\n|-terastallize|p1b: Ceruledge|Grass\n|move|p1b: Ceruledge|Shadow Sneak|p2b: Flutter Mane\n|-supereffective|p2b: Flutter Mane\n|-damage|p2b: Flutter Mane|0 fnt\n|faint|p2b: Flutter Mane\n|-end|p2b: Flutter Mane|Protosynthesis|[silent]\n|move|p1a: Rotom|Hydro Pump|p2a: Ting-Lu\n|-damage|p2a: Ting-Lu|35\/100 brn\n|move|p2a: Ting-Lu|Ruination|p1a: Rotom\n|-damage|p1a: Rotom|38\/100\n|\n|-damage|p2a: Ting-Lu|29\/100 brn|[from] brn\n|upkeep\n|\n|t:|1683035257\n|switch|p2b: Palafin|Palafin-Hero, L50, F|100\/100\n|-activate|p2b: Palafin|ability: Zero to Hero\n|turn|6\n|\n|t:|1683035283\n|move|p2b: Palafin|Jet Punch|p1a: Rotom\n|-resisted|p1a: Rotom\n|-damage|p1a: Rotom|13\/100\n|move|p1a: Rotom|Thunderbolt|p2b: Palafin\n|-supereffective|p2b: Palafin\n|-damage|p2b: Palafin|42\/100\n|move|p1b: Ceruledge|Bitter Blade|p2a: Ting-Lu\n|-damage|p2a: Ting-Lu|3\/100 brn\n|move|p2a: Ting-Lu|Ruination|p1b: Ceruledge\n|-damage|p1b: Ceruledge|50\/100\n|\n|-damage|p2a: Ting-Lu|0 fnt|[from] brn\n|faint|p2a: Ting-Lu\n|upkeep\n|turn|7\n|\n|t:|1683035300\n|move|p2b: Palafin|Jet Punch|p1a: Rotom\n|-resisted|p1a: Rotom\n|-damage|p1a: Rotom|0 fnt\n|faint|p1a: Rotom\n|move|p1b: Ceruledge|Tera Blast|p2b: Palafin\n|-supereffective|p2b: Palafin\n|-damage|p2b: Palafin|0 fnt\n|faint|p2b: Palafin\n|\n|win|Th3D3b\n|raw|Th3D3b's rating: 1145 → 1165<\/strong> (+20 for winning)\n|raw|Dinozoic's rating: 1076 → 1059<\/strong> (-17 for losing)\n|l|\u2606Dinozoic\n","uploadtime":1683035312,"views":5,"p1id":"th3d3b","p2id":"dinozoic","formatid":"gen9vgc2023regulationc","rating":1059,"private":0,"password":""}