{"id":"gen9vgc2023regulationc-1858452971","p1":"zaborneycaleb","p2":"HeroicPKMN","format":"[Gen 9] VGC 2023 Regulation C","log":"|j|\u2606zaborneycaleb\n|j|\u2606HeroicPKMN\n|t:|1683313725\n|gametype|doubles\n|player|p1|zaborneycaleb|266|1009\n|player|p2|HeroicPKMN|170|1107\n|teamsize|p1|6\n|teamsize|p2|6\n|gen|9\n|tier|[Gen 9] VGC 2023 Regulation C\n|rated|\n|rule|Species Clause: Limit one of each Pok\u00e9mon\n|rule|Item Clause: Limit one of each item\n|clearpoke\n|poke|p1|Abomasnow, L50, M|\n|poke|p1|Baxcalibur, L50, F|\n|poke|p1|Chien-Pao, L50|\n|poke|p1|Grimmsnarl, L50, M|\n|poke|p1|Gholdengo, L50|\n|poke|p1|Ting-Lu, L50|\n|poke|p2|Annihilape, L50, F|\n|poke|p2|Maushold-Four, L50|\n|poke|p2|Ting-Lu, L50|\n|poke|p2|Gyarados, L50, F|\n|poke|p2|Dragonite, L50, M|\n|poke|p2|Amoonguss, L50, M|\n|teampreview|4\n|\n|t:|1683313753\n|start\n|switch|p1a: Abomasnow|Abomasnow, L50, M|100\/100\n|switch|p1b: Baxcalibur|Baxcalibur, L50, F|100\/100\n|switch|p2a: Orphanmaker|Annihilape, L50, F|100\/100\n|switch|p2b: Childhaver|Maushold-Four, L50|100\/100\n|-weather|Snow|[from] ability: Snow Warning|[of] p1a: Abomasnow\n|turn|1\n|\n|t:|1683313777\n|move|p1b: Baxcalibur|Protect|p1b: Baxcalibur\n|-singleturn|p1b: Baxcalibur|Protect\n|move|p2b: Childhaver|Follow Me|p2b: Childhaver\n|-singleturn|p2b: Childhaver|move: Follow Me\n|move|p1a: Abomasnow|Icy Wind|p2a: Orphanmaker|[spread] p2a,p2b\n|-damage|p2a: Orphanmaker|91\/100\n|-damage|p2b: Childhaver|83\/100\n|-unboost|p2a: Orphanmaker|spe|1\n|-ability|p2a: Orphanmaker|Defiant|boost\n|-boost|p2a: Orphanmaker|atk|2\n|-unboost|p2b: Childhaver|spe|1\n|move|p2a: Orphanmaker|Bulk Up|p2a: Orphanmaker\n|-boost|p2a: Orphanmaker|atk|1\n|-boost|p2a: Orphanmaker|def|1\n|\n|-weather|Snow|[upkeep]\n|-heal|p2a: Orphanmaker|97\/100|[from] item: Leftovers\n|upkeep\n|turn|2\n|\n|t:|1683313808\n|move|p1a: Abomasnow|Icy Wind|p2b: Childhaver|[spread] p2a,p2b\n|-damage|p2a: Orphanmaker|88\/100\n|-damage|p2b: Childhaver|66\/100\n|-unboost|p2a: Orphanmaker|spe|1\n|-ability|p2a: Orphanmaker|Defiant|boost\n|-boost|p2a: Orphanmaker|atk|2\n|-unboost|p2b: Childhaver|spe|1\n|move|p1b: Baxcalibur|Bulldoze|p2b: Childhaver|[spread] p1a,p2a,p2b\n|-resisted|p1a: Abomasnow\n|-damage|p1a: Abomasnow|93\/100\n|-damage|p2a: Orphanmaker|81\/100\n|-damage|p2b: Childhaver|46\/100\n|-unboost|p1a: Abomasnow|spe|1\n|-unboost|p2a: Orphanmaker|spe|1\n|-ability|p2a: Orphanmaker|Defiant|boost\n|-boost|p2a: Orphanmaker|atk|1\n|-unboost|p2b: Childhaver|spe|1\n|move|p2b: Childhaver|Beat Up|p2a: Orphanmaker\n|-damage|p2a: Orphanmaker|80\/100\n|-damage|p2a: Orphanmaker|79\/100\n|-damage|p2a: Orphanmaker|77\/100\n|-damage|p2a: Orphanmaker|76\/100\n|-hitcount|p2a: Orphanmaker|4\n|move|p2a: Orphanmaker|Rage Fist|p1b: Baxcalibur\n|-damage|p1b: Baxcalibur|0 fnt\n|faint|p1b: Baxcalibur\n|\n|-weather|Snow|[upkeep]\n|-heal|p2a: Orphanmaker|82\/100|[from] item: Leftovers\n|upkeep\n|\n|t:|1683313847\n|switch|p1b: Gholdengo|Gholdengo, L50|100\/100\n|turn|3\n|\n|t:|1683313870\n|-terastallize|p2a: Orphanmaker|Fire\n|move|p2b: Childhaver|Follow Me|p2b: Childhaver\n|-singleturn|p2b: Childhaver|move: Follow Me\n|move|p1b: Gholdengo|Dazzling Gleam|p2a: Orphanmaker|[spread] p2a,p2b\n|-resisted|p2a: Orphanmaker\n|-damage|p2a: Orphanmaker|75\/100\n|-damage|p2b: Childhaver|20\/100\n|-damage|p1b: Gholdengo|91\/100|[from] item: Life Orb\n|move|p1a: Abomasnow|Blizzard|p2a: Orphanmaker|[spread] p2a,p2b\n|-resisted|p2a: Orphanmaker\n|-damage|p2a: Orphanmaker|66\/100\n|-damage|p2b: Childhaver|0 fnt\n|-status|p2a: Orphanmaker|frz\n|faint|p2b: Childhaver\n|-curestatus|p2a: Orphanmaker|frz|[msg]\n|move|p2a: Orphanmaker|Rage Fist|p1b: Gholdengo\n|-supereffective|p1b: Gholdengo\n|-damage|p1b: Gholdengo|0 fnt\n|faint|p1b: Gholdengo\n|\n|-weather|Snow|[upkeep]\n|-heal|p2a: Orphanmaker|72\/100|[from] item: Leftovers\n|upkeep\n|\n|t:|1683313890\n|switch|p1b: Grimmsnarl|Grimmsnarl, L50, M|100\/100\n|switch|p2b: Bullwinkle|Ting-Lu, L50|100\/100\n|-ability|p2b: Bullwinkle|Vessel of Ruin\n|turn|4\n|\n|t:|1683313917\n|move|p1b: Grimmsnarl|Spirit Break|p2b: Bullwinkle\n|-supereffective|p2b: Bullwinkle\n|-damage|p2b: Bullwinkle|73\/100\n|-unboost|p2b: Bullwinkle|spa|1\n|move|p1a: Abomasnow|Blizzard|p2b: Bullwinkle|[spread] p2a,p2b\n|-resisted|p2a: Orphanmaker\n|-supereffective|p2b: Bullwinkle\n|-damage|p2a: Orphanmaker|62\/100\n|-damage|p2b: Bullwinkle|45\/100\n|move|p2b: Bullwinkle|Ruination|p1b: Grimmsnarl\n|-damage|p1b: Grimmsnarl|50\/100\n|move|p2a: Orphanmaker|Rage Fist|p1a: Abomasnow\n|-damage|p1a: Abomasnow|0 fnt\n|faint|p1a: Abomasnow\n|\n|-weather|Snow|[upkeep]\n|-heal|p2a: Orphanmaker|68\/100|[from] item: Leftovers\n|upkeep\n|turn|5\n|\n|t:|1683313937\n|move|p1b: Grimmsnarl|Spirit Break|p2b: Bullwinkle\n|-supereffective|p2b: Bullwinkle\n|-damage|p2b: Bullwinkle|14\/100\n|-unboost|p2b: Bullwinkle|spa|1\n|move|p2b: Bullwinkle|Heavy Slam|p1b: Grimmsnarl\n|-supereffective|p1b: Grimmsnarl\n|-damage|p1b: Grimmsnarl|0 fnt\n|faint|p1b: Grimmsnarl\n|\n|win|HeroicPKMN\n|raw|zaborneycaleb's rating: 1009 → 1001<\/strong> (-8 for losing)\n|raw|HeroicPKMN's rating: 1107 → 1125<\/strong> (+18 for winning)\n|l|\u2606zaborneycaleb\n","uploadtime":1683313948,"views":18,"p1id":"zaborneycaleb","p2id":"heroicpkmn","formatid":"gen9vgc2023regulationc","rating":1001,"private":0,"password":""}