{"id":"gen9vgc2023regulationc-1846751107","p1":"PkmnTrainerHotPink","p2":"Jerichowalls","format":"[Gen 9] VGC 2023 Regulation C","log":"|j|\u2606PkmnTrainerHotPink\n|j|\u2606Jerichowalls\n|t:|1681873918\n|gametype|doubles\n|player|p1|PkmnTrainerHotPink|102|1047\n|player|p2|Jerichowalls|102|1019\n|teamsize|p1|6\n|teamsize|p2|6\n|gen|9\n|tier|[Gen 9] VGC 2023 Regulation C\n|rated|\n|rule|Species Clause: Limit one of each Pok\u00e9mon\n|rule|Item Clause: Limit one of each item\n|clearpoke\n|poke|p1|Bronzong, L50|\n|poke|p1|Amoonguss, L50, F|\n|poke|p1|Kingambit, L50, F|\n|poke|p1|Flutter Mane, L50|\n|poke|p1|Chien-Pao, L50|\n|poke|p1|Palafin, L50, F|\n|poke|p2|Garchomp, L50, M|\n|poke|p2|Gholdengo, L50|\n|poke|p2|Palafin, L50, F|\n|poke|p2|Rotom-Heat, L50|\n|poke|p2|Abomasnow, L50, M|\n|poke|p2|Chien-Pao, L50|\n|teampreview|4\n|inactive|Battle timer is ON: inactive players will automatically lose when time's up. (requested by Jerichowalls)\nPkmnTrainerHotPink has agreed to open team sheets.\n|inactive|PkmnTrainerHotPink has 60 seconds left.\n|\n|t:|1681873954\n|start\n|switch|p1a: Bronzong|Bronzong, L50|100\/100\n|switch|p1b: Palafin|Palafin, L50, F|100\/100\n|switch|p2a: Gholdengo|Gholdengo, L50|100\/100\n|switch|p2b: Garchomp|Garchomp, L50, M|100\/100\n|-item|p2a: Gholdengo|Air Balloon\n|turn|1\n|\n|t:|1681873976\n|move|p1b: Palafin|Protect|p1b: Palafin\n|-singleturn|p1b: Palafin|Protect\n|move|p2b: Garchomp|Stealth Rock|p1b: Palafin\n|-sidestart|p1: PkmnTrainerHotPink|move: Stealth Rock\n|move|p2a: Gholdengo|Shadow Ball|p1a: Bronzong\n|-supereffective|p1a: Bronzong\n|-damage|p1a: Bronzong|30\/100\n|-unboost|p1a: Bronzong|spd|1\n|move|p1a: Bronzong|Trick Room|p1a: Bronzong\n|-fieldstart|move: Trick Room|[of] p1a: Bronzong\n|\n|-heal|p1a: Bronzong|36\/100|[from] item: Leftovers\n|upkeep\n|turn|2\n|inactive|PkmnTrainerHotPink has 30 seconds left.\n|inactive|PkmnTrainerHotPink has 20 seconds left.\n|inactive|PkmnTrainerHotPink has 15 seconds left.\n|inactive|PkmnTrainerHotPink has 10 seconds left.\n|\n|t:|1681874022\n|detailschange|p1b: Palafin|Palafin-Hero, L50, F\n|switch|p1b: Amoonguss|Amoonguss, L50, F|100\/100\n|-damage|p1b: Amoonguss|88\/100|[from] Stealth Rock\n|switch|p2b: Abomasnow|Abomasnow, L50, M|100\/100\n|-weather|Snow|[from] ability: Snow Warning|[of] p2b: Abomasnow\n|move|p1a: Bronzong|Body Press|p2b: Abomasnow\n|-supereffective|p2b: Abomasnow\n|-damage|p2b: Abomasnow|61\/100\n|move|p2a: Gholdengo|Make It Rain|p1b: Amoonguss|[spread] p1a,p1b\n|-resisted|p1a: Bronzong\n|-damage|p1a: Bronzong|10\/100\n|-damage|p1b: Amoonguss|51\/100\n|-unboost|p2a: Gholdengo|spa|1\n|\n|-weather|Snow|[upkeep]\n|-heal|p1a: Bronzong|16\/100|[from] item: Leftovers\n|upkeep\n|turn|3\n|inactive|PkmnTrainerHotPink has 30 seconds left.\n|inactive|Jerichowalls has 30 seconds left.\n|inactive|PkmnTrainerHotPink has 20 seconds left.\n|inactive|PkmnTrainerHotPink has 15 seconds left.\n|inactive|PkmnTrainerHotPink has 10 seconds left.\n|inactive|PkmnTrainerHotPink has 5 seconds left.\n|\n|t:|1681874076\n|switch|p2a: Rotom|Rotom-Heat, L50|100\/100\n|move|p1b: Amoonguss|Pollen Puff|p1a: Bronzong\n|-heal|p1a: Bronzong|65\/100\n|move|p1a: Bronzong|Body Press|p2b: Abomasnow\n|-supereffective|p2b: Abomasnow\n|-damage|p2b: Abomasnow|25\/100\n|move|p2b: Abomasnow|Aurora Veil|p2b: Abomasnow\n|-sidestart|p2: Jerichowalls|move: Aurora Veil\n|\n|-weather|Snow|[upkeep]\n|-heal|p1a: Bronzong|71\/100|[from] item: Leftovers\n|upkeep\n|turn|4\n|\n|t:|1681874099\n|switch|p1b: Palafin|Palafin-Hero, L50, F|100\/100\n|-damage|p1b: Palafin|88\/100|[from] Stealth Rock\n|-activate|p1b: Palafin|ability: Zero to Hero\n|move|p1a: Bronzong|Body Press|p2b: Abomasnow\n|-supereffective|p2b: Abomasnow\n|-damage|p2b: Abomasnow|3\/100\n|move|p2b: Abomasnow|Blizzard|p1a: Bronzong|[spread] p1a,p1b\n|-resisted|p1a: Bronzong\n|-resisted|p1b: Palafin\n|-damage|p1a: Bronzong|48\/100\n|-damage|p1b: Palafin|69\/100\n|move|p2a: Rotom|Overheat|p1a: Bronzong\n|-supereffective|p1a: Bronzong\n|-damage|p1a: Bronzong|0 fnt\n|-unboost|p2a: Rotom|spa|2\n|-enditem|p2a: Rotom|Eject Pack\n|faint|p1a: Bronzong\n|\n|t:|1681874119\n|switch|p2a: Garchomp|Garchomp, L50, M|100\/100\n|\n|-weather|Snow|[upkeep]\n|upkeep\n|\n|t:|1681874124\n|switch|p1a: Amoonguss|Amoonguss, L50, F|84\/100\n|-damage|p1a: Amoonguss|72\/100|[from] Stealth Rock\n|turn|5\n|\n|t:|1681874141\n|move|p1b: Palafin|Jet Punch|p2b: Abomasnow\n|-resisted|p2b: Abomasnow\n|-damage|p2b: Abomasnow|0 fnt\n|faint|p2b: Abomasnow\n|move|p1a: Amoonguss|Spore|p2a: Garchomp\n|-status|p2a: Garchomp|slp|[from] move: Spore\n|cant|p2a: Garchomp|slp\n|\n|-weather|Snow|[upkeep]\n|-fieldend|move: Trick Room\n|upkeep\n|\n|t:|1681874151\n|switch|p2b: Rotom|Rotom-Heat, L50|100\/100\n|turn|6\n|\n|t:|1681874172\n|-curestatus|p2a: Garchomp|slp|[msg]\n|move|p2a: Garchomp|Earthquake|p1b: Palafin|[spread] p1a,p1b\n|-immune|p2b: Rotom|[from] ability: Levitate\n|-damage|p1a: Amoonguss|39\/100\n|-damage|p1b: Palafin|28\/100\n|move|p1b: Palafin|Wave Crash|p2b: Rotom\n|-supereffective|p2b: Rotom\n|-damage|p2b: Rotom|0 fnt\n|faint|p2b: Rotom\n|-damage|p1b: Palafin|4\/100|[from] Recoil\n|move|p1a: Amoonguss|Spore|p2a: Garchomp\n|-status|p2a: Garchomp|slp|[from] move: Spore\n|\n|-weather|none\n|upkeep\n|\n|t:|1681874183\n|switch|p2b: Gholdengo|Gholdengo, L50|100\/100\n|-item|p2b: Gholdengo|Air Balloon\n|turn|7\n|inactive|PkmnTrainerHotPink has 30 seconds left.\n|inactive|PkmnTrainerHotPink has 20 seconds left.\n|inactive|PkmnTrainerHotPink has 15 seconds left.\n|\n|t:|1681874224\n|cant|p2a: Garchomp|slp\n|move|p1b: Palafin|Wave Crash|p2a: Garchomp\n|-crit|p2a: Garchomp\n|-damage|p2a: Garchomp|0 fnt\n|-damage|p1b: Palafin|0 fnt|[from] ability: Rough Skin|[of] p2a: Garchomp\n|faint|p2a: Garchomp\n|faint|p1b: Palafin\n|move|p2b: Gholdengo|Make It Rain|p1a: Amoonguss\n|-damage|p1a: Amoonguss|0 fnt\n|-unboost|p2b: Gholdengo|spa|1\n|faint|p1a: Amoonguss\n|\n|upkeep\n|\n|t:|1681874241\n|switch|p1b: Chien-Pao|Chien-Pao, L50|100\/100\n|-damage|p1b: Chien-Pao|76\/100|[from] Stealth Rock\n|-ability|p1b: Chien-Pao|Sword of Ruin\n|turn|8\n|\n|t:|1681874253\n|-terastallize|p2b: Gholdengo|Fairy\n|move|p1b: Chien-Pao|Protect|p1b: Chien-Pao\n|-singleturn|p1b: Chien-Pao|Protect\n|move|p2b: Gholdengo|Dazzling Gleam|p1b: Chien-Pao\n|-activate|p1b: Chien-Pao|move: Protect\n|\n|upkeep\n|turn|9\n|inactive|PkmnTrainerHotPink has 30 seconds left.\n|\n|t:|1681874279\n|-terastallize|p1b: Chien-Pao|Ghost\n|move|p1b: Chien-Pao|Ice Spinner|p2b: Gholdengo\n|-damage|p2b: Gholdengo|58\/100\n|-enditem|p2b: Gholdengo|Air Balloon\n|move|p2b: Gholdengo|Dazzling Gleam|p1b: Chien-Pao\n|-damage|p1b: Chien-Pao|27\/100\n|\n|upkeep\n|turn|10\n|\n|t:|1681874289\n|move|p1b: Chien-Pao|Sacred Sword|p2b: Gholdengo\n|-resisted|p2b: Gholdengo\n|-damage|p2b: Gholdengo|42\/100\n|move|p2b: Gholdengo|Shadow Ball|p1b: Chien-Pao\n|-supereffective|p1b: Chien-Pao\n|-damage|p1b: Chien-Pao|0 fnt\n|faint|p1b: Chien-Pao\n|\n|win|Jerichowalls\n|raw|PkmnTrainerHotPink's rating: 1047 → 1029<\/strong> (-18 for losing)\n|raw|Jerichowalls's rating: 1019 → 1059<\/strong> (+40 for winning)\n|l|\u2606Jerichowalls\n","uploadtime":1681874312,"views":12,"p1id":"pkmntrainerhotpink","p2id":"jerichowalls","formatid":"gen9vgc2023regulationc","rating":1029,"private":0,"password":""}