{"id":"gen9vgc2023regulationc-1855575126","p1":"N3rdSl4y3r","p2":"PureNeutral","format":"[Gen 9] VGC 2023 Regulation C","log":"|j|\u2606N3rdSl4y3r\n|j|\u2606PureNeutral\n|t:|1682963328\n|gametype|doubles\n|player|p1|N3rdSl4y3r|rika|\n|player|p2|PureNeutral|elesa|\n|teamsize|p1|6\n|teamsize|p2|6\n|gen|9\n|tier|[Gen 9] VGC 2023 Regulation C\n|rule|Species Clause: Limit one of each Pok\u00e9mon\n|rule|Item Clause: Limit one of each item\n|clearpoke\n|poke|p1|Breloom, L50, F|\n|poke|p1|Chi-Yu, L50|\n|poke|p1|Azumarill, L50, F|\n|poke|p1|Baxcalibur, L50, M|\n|poke|p1|Flutter Mane, L50|\n|poke|p1|Maushold-Four, L50|\n|poke|p2|Maushold-Four, L50|\n|poke|p2|Annihilape, L50, F|\n|poke|p2|Flutter Mane, L50|\n|poke|p2|Talonflame, L50, M|\n|poke|p2|Great Tusk, L50|\n|poke|p2|Chien-Pao, L50|\n|teampreview|4\nPureNeutral has agreed to open team sheets.\nN3rdSl4y3r has agreed to open team sheets.\n|\n|t:|1682963378\n|start\n|switch|p1a: samuel(s)|Maushold-Four, L50, shiny|100\/100\n|switch|p1b: Jorunna Parva|Azumarill, L50, F, shiny|100\/100\n|switch|p2a: Maushold|Maushold-Four, L50|100\/100\n|switch|p2b: Annihilape|Annihilape, L50, F|100\/100\n|turn|1\n|c|\u2606PureNeutral|glhf\n|c|\u2606N3rdSl4y3r|u2!\n|\n|t:|1682963406\n|-terastallize|p2b: Annihilape|Water\n|move|p1a: samuel(s)|Protect|p1a: samuel(s)\n|-singleturn|p1a: samuel(s)|Protect\n|move|p2a: Maushold|Protect|p2a: Maushold\n|-singleturn|p2a: Maushold|Protect\n|move|p2b: Annihilape|Bulk Up|p2b: Annihilape\n|-boost|p2b: Annihilape|atk|1\n|-boost|p2b: Annihilape|def|1\n|move|p1b: Jorunna Parva|Play Rough|p2b: Annihilape\n|-damage|p2b: Annihilape|76\/100\n|\n|-heal|p2b: Annihilape|82\/100|[from] item: Leftovers\n|upkeep\n|turn|2\n|\n|t:|1682963443\n|move|p2a: Maushold|Follow Me|p2a: Maushold\n|-singleturn|p2a: Maushold|move: Follow Me\n|move|p1a: samuel(s)|Encore|p2a: Maushold\n|-start|p2a: Maushold|Encore\n|move|p2b: Annihilape|Drain Punch|p1a: samuel(s)\n|-supereffective|p1a: samuel(s)\n|-damage|p1a: samuel(s)|0 fnt\n|-heal|p2b: Annihilape|100\/100|[from] drain|[of] p1a: samuel(s)\n|faint|p1a: samuel(s)\n|move|p1b: Jorunna Parva|Perish Song|p1b: Jorunna Parva\n|-start|p1b: Jorunna Parva|perish3|[silent]\n|-start|p2a: Maushold|perish3|[silent]\n|-start|p2b: Annihilape|perish3|[silent]\n|-fieldactivate|move: Perish Song\n|\n|-start|p2a: Maushold|perish3\n|-start|p2b: Annihilape|perish3\n|-start|p1b: Jorunna Parva|perish3\n|upkeep\n|\n|t:|1682963478\n|switch|p1a: Cryolophosaurus|Baxcalibur, L50, M|100\/100\n|turn|3\n|\n|t:|1682963497\n|-terastallize|p1a: Cryolophosaurus|Poison\n|move|p2a: Maushold|Follow Me|p2a: Maushold\n|-singleturn|p2a: Maushold|move: Follow Me\n|move|p1a: Cryolophosaurus|Glaive Rush|p2a: Maushold\n|-damage|p2a: Maushold|21\/100\n|-singlemove|p1a: Cryolophosaurus|Glaive Rush|[silent]\n|move|p2b: Annihilape|Bulk Up|p2b: Annihilape\n|-boost|p2b: Annihilape|atk|1\n|-boost|p2b: Annihilape|def|1\n|move|p1b: Jorunna Parva|Play Rough|p2a: Maushold\n|-damage|p2a: Maushold|0 fnt\n|faint|p2a: Maushold\n|\n|-start|p2b: Annihilape|perish2\n|-start|p1b: Jorunna Parva|perish2\n|upkeep\n|\n|t:|1682963507\n|switch|p2a: Talonflame|Talonflame, L50, M|100\/100\n|turn|4\n|\n|t:|1682963523\n|move|p1a: Cryolophosaurus|Protect|p1a: Cryolophosaurus\n|-singleturn|p1a: Cryolophosaurus|Protect\n|move|p2a: Talonflame|Tailwind|p2a: Talonflame\n|-sidestart|p2: PureNeutral|move: Tailwind\n|move|p2b: Annihilape|Rage Fist|p1a: Cryolophosaurus\n|-activate|p1a: Cryolophosaurus|move: Protect\n|move|p1b: Jorunna Parva|Liquidation|p2a: Talonflame\n|-supereffective|p2a: Talonflame\n|-damage|p2a: Talonflame|0 fnt\n|faint|p2a: Talonflame\n|\n|-start|p2b: Annihilape|perish1\n|-start|p1b: Jorunna Parva|perish1\n|upkeep\n|\n|t:|1682963532\n|switch|p2a: Great Tusk|Great Tusk, L50|100\/100\n|turn|5\n|\n|t:|1682963551\n|move|p1a: Cryolophosaurus|Protect|p1a: Cryolophosaurus\n|-singleturn|p1a: Cryolophosaurus|Protect\n|move|p2a: Great Tusk|Headlong Rush|p1a: Cryolophosaurus\n|-activate|p1a: Cryolophosaurus|move: Protect\n|move|p2b: Annihilape|Rage Fist|p1b: Jorunna Parva\n|-damage|p1b: Jorunna Parva|0 fnt\n|faint|p1b: Jorunna Parva\n|\n|-start|p2b: Annihilape|perish0\n|faint|p2b: Annihilape\n|upkeep\n|\n|t:|1682963561\n|switch|p1b: Chi-Nuke|Chi-Yu, L50|100\/100\n|-ability|p1b: Chi-Nuke|Beads of Ruin\n|turn|6\n|\n|t:|1682963569\n|move|p2a: Great Tusk|Earthquake|p1b: Chi-Nuke|[spread] p1a,p1b\n|-supereffective|p1a: Cryolophosaurus\n|-supereffective|p1b: Chi-Nuke\n|-damage|p1a: Cryolophosaurus|19\/100\n|-damage|p1b: Chi-Nuke|0 fnt\n|faint|p1b: Chi-Nuke\n|move|p1a: Cryolophosaurus|Icicle Crash|p2a: Great Tusk\n|-supereffective|p2a: Great Tusk\n|-damage|p2a: Great Tusk|18\/100\n|\n|upkeep\n|turn|7\n|\n|t:|1682963577\n|move|p1a: Cryolophosaurus|Ice Shard|p2a: Great Tusk\n|-supereffective|p2a: Great Tusk\n|-damage|p2a: Great Tusk|0 fnt\n|faint|p2a: Great Tusk\n|-end|p2a: Great Tusk|Protosynthesis|[silent]\n|\n|win|N3rdSl4y3r\n|c|\u2606PureNeutral|That double protect\n|c|\u2606N3rdSl4y3r|gg\n|c|\u2606PureNeutral|ggs\n|c|\u2606N3rdSl4y3r|beeg double\n|l|\u2606PureNeutral\n","uploadtime":1682963638,"views":19,"p1id":"n3rdsl4y3r","p2id":"pureneutral","formatid":"gen9vgc2023regulationc","rating":0,"private":0,"password":""}