{"id":"gen9vgc2023regulationc-1847260075","p1":"Ab0ve5029","p2":"Robbie35646","format":"[Gen 9] VGC 2023 Regulation C","log":"|j|\u2606Ab0ve5029\n|j|\u2606Robbie35646\n|t:|1681932371\n|gametype|doubles\n|player|p1|Ab0ve5029|n|\n|player|p2|Robbie35646|larry|\n|teamsize|p1|6\n|teamsize|p2|6\n|gen|9\n|tier|[Gen 9] VGC 2023 Regulation C\n|rule|Species Clause: Limit one of each Pok\u00e9mon\n|rule|Item Clause: Limit one of each item\n|clearpoke\n|poke|p1|Chien-Pao, L50|\n|poke|p1|Palafin, L50, F|\n|poke|p1|Dragapult, L50, M|\n|poke|p1|Kingambit, L50, F|\n|poke|p1|Arcanine, L50, F|\n|poke|p1|Amoonguss, L50, F|\n|poke|p2|Ting-Lu, L50|\n|poke|p2|Palafin, L50, F|\n|poke|p2|Amoonguss, L50, F|\n|poke|p2|Arcanine, L50, M|\n|poke|p2|Flutter Mane, L50|\n|poke|p2|Iron Hands, L50|\n|teampreview|4\nAb0ve5029 has agreed to open team sheets.\n|c|\u2606Ab0ve5029|glhf\nRobbie35646 has agreed to open team sheets.\n|c|\u2606Robbie35646|glhf\n|\n|t:|1681932421\n|start\n|switch|p1a: Above|Palafin, L50, F|100\/100\n|switch|p1b: RulingWillB|Dragapult, L50, M|100\/100\n|switch|p2a: Flutter Mane|Flutter Mane, L50|100\/100\n|switch|p2b: Arcanine|Arcanine, L50, M|100\/100\n|-ability|p2b: Arcanine|Intimidate|boost\n|-unboost|p1a: Above|atk|1\n|-fail|p1b: RulingWillB|unboost|[from] ability: Clear Body|[of] p1b: RulingWillB\n|turn|1\n|\n|t:|1681932438\n|detailschange|p1a: Above|Palafin-Hero, L50, F\n|switch|p1a: CaLdAbOoS|Arcanine, L50, F|100\/100\n|-ability|p1a: CaLdAbOoS|Intimidate|boost\n|-unboost|p2a: Flutter Mane|atk|1\n|-unboost|p2b: Arcanine|atk|1\n|move|p1b: RulingWillB|Phantom Force||[still]\n|-prepare|p1b: RulingWillB|Phantom Force\n|move|p2a: Flutter Mane|Dazzling Gleam|p1a: CaLdAbOoS|[spread] p1a\n|-miss|p2a: Flutter Mane|p1b: RulingWillB\n|-resisted|p1a: CaLdAbOoS\n|-damage|p1a: CaLdAbOoS|74\/100\n|move|p2b: Arcanine|Flare Blitz|p1a: CaLdAbOoS\n|-resisted|p1a: CaLdAbOoS\n|-damage|p1a: CaLdAbOoS|54\/100\n|-damage|p2b: Arcanine|94\/100|[from] Recoil\n|\n|upkeep\n|turn|2\n|\n|t:|1681932459\n|-end|p2a: Flutter Mane|Protosynthesis|[silent]\n|switch|p2a: Palafin|Palafin, L50, F, shiny|100\/100\n|move|p1a: CaLdAbOoS|Extreme Speed|p2a: Palafin\n|-damage|p2a: Palafin|77\/100\n|move|p1b: RulingWillB|Phantom Force|p2a: Palafin|[from]lockedmove\n|-damage|p2a: Palafin|0 fnt\n|faint|p2a: Palafin\n|move|p2b: Arcanine|Will-O-Wisp|p1b: RulingWillB\n|-status|p1b: RulingWillB|brn\n|\n|-damage|p1b: RulingWillB|95\/100 brn|[from] brn\n|upkeep\n|\n|t:|1681932469\n|switch|p2a: Iron Hands|Iron Hands, L50|100\/100\n|turn|3\n|\n|t:|1681932486\n|switch|p2b: Flutter Mane|Flutter Mane, L50|100\/100\n|move|p2a: Iron Hands|Protect|p2a: Iron Hands\n|-singleturn|p2a: Iron Hands|Protect\n|move|p1b: RulingWillB|Phantom Force||[still]\n|-prepare|p1b: RulingWillB|Phantom Force\n|move|p1a: CaLdAbOoS|Will-O-Wisp|p2a: Iron Hands\n|-activate|p2a: Iron Hands|move: Protect\n|\n|-damage|p1b: RulingWillB|89\/100 brn|[from] brn\n|upkeep\n|turn|4\n|\n|t:|1681932497\n|-terastallize|p2b: Flutter Mane|Water\n|move|p1b: RulingWillB|Phantom Force|p2b: Flutter Mane|[from]lockedmove\n|-damage|p2b: Flutter Mane|47\/100\n|move|p2b: Flutter Mane|Shadow Ball|p1a: CaLdAbOoS\n|-crit|p1a: CaLdAbOoS\n|-damage|p1a: CaLdAbOoS|0 fnt\n|faint|p1a: CaLdAbOoS\n|move|p2a: Iron Hands|Swords Dance|p2a: Iron Hands\n|-boost|p2a: Iron Hands|atk|2\n|\n|-damage|p1b: RulingWillB|83\/100 brn|[from] brn\n|upkeep\n|c|\u2606Robbie35646|dont think that mattered\n|c|\u2606Ab0ve5029|no defo not\n|c|\u2606Ab0ve5029|i didnt even register the crit lmao\n|\n|t:|1681932543\n|switch|p1a: Above|Palafin-Hero, L50, F|100\/100\n|-activate|p1a: Above|ability: Zero to Hero\n|turn|5\n|\n|t:|1681932548\n|-end|p2b: Flutter Mane|Protosynthesis|[silent]\n|switch|p2b: Arcanine|Arcanine, L50, M|94\/100\n|-ability|p2b: Arcanine|Intimidate|boost\n|-unboost|p1a: Above|atk|1\n|-fail|p1b: RulingWillB|unboost|[from] ability: Clear Body|[of] p1b: RulingWillB\n|move|p1a: Above|Protect|p1a: Above\n|-singleturn|p1a: Above|Protect\n|move|p1b: RulingWillB|Phantom Force||[still]\n|-prepare|p1b: RulingWillB|Phantom Force\n|move|p2a: Iron Hands|Drain Punch|p1a: Above\n|-activate|p1a: Above|move: Protect\n|\n|-damage|p1b: RulingWillB|77\/100 brn|[from] brn\n|upkeep\n|turn|6\n|c|\u2606Robbie35646|relatable lol\n|\n|t:|1681932610\n|move|p1b: RulingWillB|Phantom Force|p2b: Arcanine|[from]lockedmove\n|-damage|p2b: Arcanine|58\/100\n|move|p2b: Arcanine|Will-O-Wisp|p1a: Above\n|-status|p1a: Above|brn\n|move|p1a: Above|Wave Crash|p2b: Arcanine\n|-supereffective|p2b: Arcanine\n|-damage|p2b: Arcanine|0 fnt\n|faint|p2b: Arcanine\n|-damage|p1a: Above|82\/100 brn|[from] Recoil\n|move|p2a: Iron Hands|Drain Punch|p1a: Above\n|-damage|p1a: Above|2\/100 brn\n|\n|-damage|p1b: RulingWillB|71\/100 brn|[from] brn\n|-damage|p1a: Above|0 fnt|[from] brn\n|faint|p1a: Above\n|upkeep\n|\n|t:|1681932617\n|switch|p2b: Flutter Mane|Flutter Mane, L50, tera:Water|47\/100\n|switch|p1a: Astrumy|Chien-Pao, L50|100\/100\n|-ability|p1a: Astrumy|Sword of Ruin\n|turn|7\n|\n|t:|1681932659\n|move|p1a: Astrumy|Protect|p1a: Astrumy\n|-singleturn|p1a: Astrumy|Protect\n|move|p1b: RulingWillB|Phantom Force||[still]\n|-prepare|p1b: RulingWillB|Phantom Force\n|move|p2b: Flutter Mane|Dazzling Gleam|p1b: RulingWillB|[spread] \n|-miss|p2b: Flutter Mane|p1b: RulingWillB\n|-activate|p1a: Astrumy|move: Protect\n|move|p2a: Iron Hands|Wild Charge|p1a: Astrumy\n|-activate|p1a: Astrumy|move: Protect\n|\n|-damage|p1b: RulingWillB|65\/100 brn|[from] brn\n|upkeep\n|turn|8\n|\n|t:|1681932680\n|-terastallize|p1a: Astrumy|Ghost\n|move|p1b: RulingWillB|Phantom Force|p2b: Flutter Mane|[from]lockedmove\n|-damage|p2b: Flutter Mane|0 fnt\n|faint|p2b: Flutter Mane\n|-end|p2b: Flutter Mane|Protosynthesis|[silent]\n|move|p1a: Astrumy|Ice Spinner|p2a: Iron Hands\n|-damage|p2a: Iron Hands|60\/100\n|move|p2a: Iron Hands|Wild Charge|p1b: RulingWillB\n|-resisted|p1b: RulingWillB\n|-damage|p1b: RulingWillB|0 fnt\n|faint|p1b: RulingWillB\n|-damage|p2a: Iron Hands|48\/100|[from] Recoil\n|\n|upkeep\n|turn|9\n|c|\u2606Robbie35646|gg\n|\n|t:|1681932689\n|move|p1a: Astrumy|Ice Spinner|p2a: Iron Hands\n|-damage|p2a: Iron Hands|10\/100\n|move|p2a: Iron Hands|Wild Charge|p1a: Astrumy\n|-enditem|p1a: Astrumy|Focus Sash\n|-damage|p1a: Astrumy|1\/100\n|-damage|p2a: Iron Hands|0 fnt|[from] Recoil\n|faint|p2a: Iron Hands\n|-end|p2a: Iron Hands|Quark Drive|[silent]\n|\n|win|Ab0ve5029\n|c|\u2606Ab0ve5029|gg\n","uploadtime":1681932700,"views":14,"p1id":"ab0ve5029","p2id":"robbie35646","formatid":"gen9vgc2023regulationc","rating":0,"private":0,"password":""}