{"id":"gen9vgc2023regulationc-1851835250","p1":"Yarrack","p2":"JustMark1","format":"[Gen 9] VGC 2023 Regulation C","log":"|j|\u2606Yarrack\n|j|\u2606JustMark1\n|t:|1682492355\n|gametype|doubles\n|player|p1|Yarrack|youngster-gen4dp|1164\n|player|p2|JustMark1|102|1062\n|teamsize|p1|6\n|teamsize|p2|6\n|gen|9\n|tier|[Gen 9] VGC 2023 Regulation C\n|rated|\n|rule|Species Clause: Limit one of each Pok\u00e9mon\n|rule|Item Clause: Limit one of each item\n|clearpoke\n|poke|p1|Roaring Moon, L50|\n|poke|p1|Iron Hands, L50|\n|poke|p1|Gyarados, L50, F|\n|poke|p1|Flamigo, L50, F|\n|poke|p1|Grimmsnarl, L50, M|\n|poke|p1|Annihilape, L50, M|\n|poke|p2|Scizor, L50, F|\n|poke|p2|Palafin, L50, F|\n|poke|p2|Armarouge, L50, F|\n|poke|p2|Sableye, L50, M|\n|poke|p2|Flutter Mane, L50|\n|poke|p2|Baxcalibur, L50, F|\n|teampreview|4\n|inactive|Battle timer is ON: inactive players will automatically lose when time's up. (requested by Yarrack)\nJustMark1 has agreed to open team sheets.\n|inactive|Yarrack has 60 seconds left.\n|\n|t:|1682492390\n|start\n|switch|p1a: Roaring Moon|Roaring Moon, L50|100\/100\n|switch|p1b: Gyarados|Gyarados, L50, F, shiny|100\/100\n|switch|p2a: Flutter Mane|Flutter Mane, L50|100\/100\n|switch|p2b: Twink2Twunk|Palafin, L50, F|100\/100\n|-ability|p1b: Gyarados|Intimidate|boost\n|-unboost|p2a: Flutter Mane|atk|1\n|-unboost|p2b: Twink2Twunk|atk|1\n|-enditem|p1a: Roaring Moon|Booster Energy\n|-activate|p1a: Roaring Moon|ability: Protosynthesis|[fromitem]\n|-start|p1a: Roaring Moon|protosynthesisatk\n|-enditem|p2a: Flutter Mane|Booster Energy\n|-activate|p2a: Flutter Mane|ability: Protosynthesis|[fromitem]\n|-start|p2a: Flutter Mane|protosynthesisspe\n|turn|1\n|\n|t:|1682492413\n|-terastallize|p1a: Roaring Moon|Ground\n|move|p1b: Gyarados|Helping Hand|p1a: Roaring Moon\n|-singleturn|p1a: Roaring Moon|Helping Hand|[of] p1b: Gyarados\n|move|p2a: Flutter Mane|Thunderbolt|p1b: Gyarados\n|-supereffective|p1b: Gyarados\n|-damage|p1b: Gyarados|18\/100\n|move|p1a: Roaring Moon|Earthquake|p2a: Flutter Mane|[spread] p2a,p2b\n|-immune|p1b: Gyarados\n|-damage|p2a: Flutter Mane|0 fnt\n|-damage|p2b: Twink2Twunk|15\/100\n|faint|p2a: Flutter Mane\n|-end|p2a: Flutter Mane|Protosynthesis|[silent]\n|move|p2b: Twink2Twunk|Ice Punch|p1a: Roaring Moon\n|-supereffective|p1a: Roaring Moon\n|-damage|p1a: Roaring Moon|69\/100\n|\n|upkeep\n|\n|t:|1682492428\n|switch|p2a: Baxcalibur|Baxcalibur, L50, F|100\/100\n|turn|2\n|inactive|JustMark1 has 30 seconds left.\n|\n|t:|1682492459\n|switch|p1b: Flamigo|Flamigo, L50, F|100\/100\n|-copyboost|p1b: Flamigo|p1a: Roaring Moon|[from] ability: Costar\n|move|p2b: Twink2Twunk|Jet Punch|p1a: Roaring Moon\n|-supereffective|p1a: Roaring Moon\n|-damage|p1a: Roaring Moon|25\/100\n|move|p1a: Roaring Moon|Earthquake|p2b: Twink2Twunk|[spread] p2a,p2b\n|-immune|p1b: Flamigo\n|-damage|p2a: Baxcalibur|62\/100\n|-damage|p2b: Twink2Twunk|0 fnt\n|faint|p2b: Twink2Twunk\n|move|p2a: Baxcalibur|Icicle Spear|p1a: Roaring Moon\n|-supereffective|p1a: Roaring Moon\n|-damage|p1a: Roaring Moon|0 fnt\n|faint|p1a: Roaring Moon\n|-end|p1a: Roaring Moon|Protosynthesis|[silent]\n|-hitcount|p1: Roaring Moon|1\n|\n|upkeep\n|\n|t:|1682492474\n|switch|p1a: Iron Hands|Iron Hands, L50|100\/100\n|switch|p2b: Armarouge|Armarouge, L50, F|100\/100\n|turn|3\n|\n|t:|1682492489\n|move|p2b: Armarouge|Protect|p2b: Armarouge\n|-singleturn|p2b: Armarouge|Protect\n|move|p2a: Baxcalibur|Protect|p2a: Baxcalibur\n|-singleturn|p2a: Baxcalibur|Protect\n|move|p1a: Iron Hands|Fake Out|p2b: Armarouge\n|-activate|p2b: Armarouge|move: Protect\n|move|p1b: Flamigo|Brave Bird|p2b: Armarouge\n|-activate|p2b: Armarouge|move: Protect\n|\n|upkeep\n|turn|4\n|inactive|JustMark1 has 30 seconds left.\n|inactive|JustMark1 has 20 seconds left.\n|\n|t:|1682492528\n|-end|p1a: Iron Hands|Quark Drive|[silent]\n|switch|p1a: Gyarados|Gyarados, L50, F, shiny|18\/100\n|-ability|p1a: Gyarados|Intimidate|boost\n|-unboost|p2a: Baxcalibur|atk|1\n|-unboost|p2b: Armarouge|atk|1\n|-terastallize|p2b: Armarouge|Grass\n|move|p2a: Baxcalibur|Ice Shard|p1b: Flamigo\n|-supereffective|p1b: Flamigo\n|-damage|p1b: Flamigo|53\/100\n|move|p1b: Flamigo|Brave Bird|p2b: Armarouge\n|-supereffective|p2b: Armarouge\n|-damage|p2b: Armarouge|0 fnt\n|faint|p2b: Armarouge\n|-damage|p1b: Flamigo|17\/100|[from] Recoil\n|\n|upkeep\n|turn|5\n|\n|t:|1682492547\n|move|p2a: Baxcalibur|Ice Shard|p1a: Gyarados\n|-damage|p1a: Gyarados|2\/100\n|move|p1b: Flamigo|Brave Bird|p2a: Baxcalibur\n|-damage|p2a: Baxcalibur|13\/100\n|-damage|p1b: Flamigo|0 fnt|[from] Recoil\n|faint|p1b: Flamigo\n|move|p1a: Gyarados|Thunder Wave|p2a: Baxcalibur\n|-status|p2a: Baxcalibur|par\n|\n|upkeep\n|\n|t:|1682492550\n|switch|p1b: Iron Hands|Iron Hands, L50|100\/100\n|turn|6\n|-message|JustMark1 forfeited.\n|\n|win|Yarrack\n|raw|Yarrack's rating: 1192 → 1208<\/strong> (+16 for winning)\n|raw|JustMark1's rating: 1062 → 1050<\/strong> (-12 for losing)\n|l|\u2606JustMark1\n","uploadtime":1682492567,"views":15,"p1id":"yarrack","p2id":"justmark1","formatid":"gen9vgc2023regulationc","rating":1050,"private":0,"password":""}