{"id":"gen9vgc2023regulationc-1859310540","p1":"Pseich","p2":"7fig","format":"[Gen 9] VGC 2023 Regulation C","log":"|j|\u2606Pseich\n|j|\u26067fig\n|t:|1683432442\n|gametype|doubles\n|player|p1|Pseich|266|1150\n|player|p2|7fig|102|1134\n|teamsize|p1|6\n|teamsize|p2|6\n|gen|9\n|tier|[Gen 9] VGC 2023 Regulation C\n|rated|\n|rule|Species Clause: Limit one of each Pok\u00e9mon\n|rule|Item Clause: Limit one of each item\n|clearpoke\n|poke|p1|Talonflame, L50, M|\n|poke|p1|Chi-Yu, L50|\n|poke|p1|Chien-Pao, L50|\n|poke|p1|Iron Valiant, L50|\n|poke|p1|Amoonguss, L50, M|\n|poke|p1|Flutter Mane, L50|\n|poke|p2|Annihilape, L50, F|\n|poke|p2|Murkrow, L50, M|\n|poke|p2|Chi-Yu, L50|\n|poke|p2|Maushold-Four, L50|\n|poke|p2|Azumarill, L50, F|\n|poke|p2|Flutter Mane, L50|\n|teampreview|4\n|inactive|Battle timer is ON: inactive players will automatically lose when time's up. (requested by 7fig)\n7fig rejected open team sheets.\n|\n|t:|1683432479\n|start\n|switch|p1a: Talonflame|Talonflame, L50, M|100\/100\n|switch|p1b: Iron Valiant|Iron Valiant, L50|100\/100\n|switch|p2a: Chi-Yu|Chi-Yu, L50|100\/100\n|switch|p2b: Flutter Mane|Flutter Mane, L50|100\/100\n|-ability|p2a: Chi-Yu|Beads of Ruin\n|-enditem|p2b: Flutter Mane|Booster Energy\n|-activate|p2b: Flutter Mane|ability: Protosynthesis|[fromitem]\n|-start|p2b: Flutter Mane|protosynthesisspe\n|turn|1\n|\n|t:|1683432504\n|-terastallize|p2a: Chi-Yu|Fire\n|move|p1b: Iron Valiant|Protect|p1b: Iron Valiant\n|-singleturn|p1b: Iron Valiant|Protect\n|move|p2b: Flutter Mane|Substitute|p2b: Flutter Mane\n|-start|p2b: Flutter Mane|Substitute\n|-damage|p2b: Flutter Mane|76\/100\n|move|p1a: Talonflame|Tailwind|p1a: Talonflame\n|-sidestart|p1: Pseich|move: Tailwind\n|move|p2a: Chi-Yu|Heat Wave|p1a: Talonflame|[spread] p1a\n|-activate|p1b: Iron Valiant|move: Protect\n|-resisted|p1a: Talonflame\n|-damage|p1a: Talonflame|41\/100\n|-damage|p2a: Chi-Yu|90\/100|[from] item: Life Orb\n|\n|upkeep\n|turn|2\n|inactive|Pseich has 30 seconds left.\n|inactive|7fig has 30 seconds left.\n|\n|t:|1683432538\n|-terastallize|p1b: Iron Valiant|Steel\n|move|p1a: Talonflame|Brave Bird|p2a: Chi-Yu\n|-damage|p2a: Chi-Yu|28\/100\n|-damage|p1a: Talonflame|26\/100|[from] Recoil\n|move|p2b: Flutter Mane|Moonblast|p1b: Iron Valiant\n|-resisted|p1b: Iron Valiant\n|-damage|p1b: Iron Valiant|41\/100\n|move|p1b: Iron Valiant|Close Combat|p2a: Chi-Yu\n|-damage|p2a: Chi-Yu|0 fnt\n|-unboost|p1b: Iron Valiant|def|1\n|-unboost|p1b: Iron Valiant|spd|1\n|faint|p2a: Chi-Yu\n|\n|upkeep\n|\n|t:|1683432552\n|switch|p2a: Azumarill|Azumarill, L50, F|100\/100\n|turn|3\n|\n|t:|1683432572\n|move|p1b: Iron Valiant|Protect|p1b: Iron Valiant\n|-singleturn|p1b: Iron Valiant|Protect\n|move|p2a: Azumarill|Aqua Jet|p1a: Talonflame\n|-supereffective|p1a: Talonflame\n|-damage|p1a: Talonflame|0 fnt\n|-status|p2a: Azumarill|brn|[from] ability: Flame Body|[of] p1a: Talonflame\n|faint|p1a: Talonflame\n|move|p2b: Flutter Mane|Moonblast|p1b: Iron Valiant\n|-activate|p1b: Iron Valiant|move: Protect\n|\n|-damage|p2a: Azumarill|95\/100 brn|[from] brn\n|upkeep\n|\n|t:|1683432591\n|switch|p1a: Amoonguss|Amoonguss, L50, M|100\/100\n|turn|4\n|\n|t:|1683432613\n|move|p1a: Amoonguss|Rage Powder|p1a: Amoonguss\n|-singleturn|p1a: Amoonguss|move: Rage Powder\n|move|p2b: Flutter Mane|Moonblast|p1a: Amoonguss\n|-resisted|p1a: Amoonguss\n|-damage|p1a: Amoonguss|85\/100\n|move|p1b: Iron Valiant|Shadow Ball|p2a: Azumarill\n|-damage|p2a: Azumarill|63\/100 brn\n|move|p2a: Azumarill|Ice Spinner|p1a: Amoonguss\n|-supereffective|p1a: Amoonguss\n|-damage|p1a: Amoonguss|49\/100\n|-damage|p2a: Azumarill|47\/100 brn|[from] item: Rocky Helmet|[of] p1a: Amoonguss\n|\n|-damage|p2a: Azumarill|41\/100 brn|[from] brn\n|-sideend|p1: Pseich|move: Tailwind\n|upkeep\n|turn|5\n|inactive|Pseich has 30 seconds left.\n|inactive|7fig has 30 seconds left.\n|inactive|Pseich has 20 seconds left.\n|\n|t:|1683432651\n|move|p1a: Amoonguss|Protect|p1a: Amoonguss\n|-singleturn|p1a: Amoonguss|Protect\n|move|p2b: Flutter Mane|Shadow Ball|p1a: Amoonguss\n|-activate|p1a: Amoonguss|move: Protect\n|move|p1b: Iron Valiant|Shadow Ball|p2a: Azumarill\n|-damage|p2a: Azumarill|15\/100 brn\n|move|p2a: Azumarill|Ice Spinner|p1a: Amoonguss\n|-activate|p1a: Amoonguss|move: Protect\n|\n|-damage|p2a: Azumarill|9\/100 brn|[from] brn\n|upkeep\n|turn|6\n|inactive|Pseich has 30 seconds left.\n|\n|t:|1683432684\n|move|p1a: Amoonguss|Rage Powder|p1a: Amoonguss\n|-singleturn|p1a: Amoonguss|move: Rage Powder\n|move|p2b: Flutter Mane|Shadow Ball|p1a: Amoonguss\n|-damage|p1a: Amoonguss|21\/100\n|-unboost|p1a: Amoonguss|spd|1\n|move|p1b: Iron Valiant|Shadow Ball|p2a: Azumarill\n|-damage|p2a: Azumarill|0 fnt\n|faint|p2a: Azumarill\n|\n|upkeep\n|\n|t:|1683432695\n|switch|p2a: Annihilape|Annihilape, L50, F|100\/100\n|turn|7\n|\n|t:|1683432717\n|move|p1b: Iron Valiant|Protect|p1b: Iron Valiant\n|-singleturn|p1b: Iron Valiant|Protect\n|move|p2b: Flutter Mane|Shadow Ball|p1a: Amoonguss\n|-damage|p1a: Amoonguss|0 fnt\n|faint|p1a: Amoonguss\n|move|p2a: Annihilape|Drain Punch|p1b: Iron Valiant\n|-activate|p1b: Iron Valiant|move: Protect\n|\n|upkeep\n|\n|t:|1683432727\n|switch|p1a: Flutter Mane|Flutter Mane, L50|100\/100\n|-enditem|p1a: Flutter Mane|Booster Energy\n|-activate|p1a: Flutter Mane|ability: Protosynthesis|[fromitem]\n|-start|p1a: Flutter Mane|protosynthesisspa\n|turn|8\n|\n|t:|1683432745\n|move|p2b: Flutter Mane|Shadow Ball|p1a: Flutter Mane\n|-supereffective|p1a: Flutter Mane\n|-damage|p1a: Flutter Mane|24\/100\n|move|p1a: Flutter Mane|Imprison|p1a: Flutter Mane\n|-start|p1a: Flutter Mane|move: Imprison\n|move|p1b: Iron Valiant|Shadow Ball|p2a: Annihilape\n|-supereffective|p2a: Annihilape\n|-damage|p2a: Annihilape|58\/100\n|move|p2a: Annihilape|Rage Fist|p1a: Flutter Mane\n|-supereffective|p1a: Flutter Mane\n|-damage|p1a: Flutter Mane|0 fnt\n|faint|p1a: Flutter Mane\n|-end|p1a: Flutter Mane|Protosynthesis|[silent]\n|\n|-heal|p2a: Annihilape|64\/100|[from] item: Leftovers\n|upkeep\n|turn|9\n|\n|t:|1683432768\n|move|p2b: Flutter Mane|Shadow Ball|p1b: Iron Valiant\n|-damage|p1b: Iron Valiant|0 fnt\n|faint|p1b: Iron Valiant\n|-end|p1b: Iron Valiant|Quark Drive|[silent]\n|\n|win|7fig\n|raw|Pseich's rating: 1150 → 1124<\/strong> (-26 for losing)\n|raw|7fig's rating: 1134 → 1160<\/strong> (+26 for winning)\n|l|\u2606Pseich\n","uploadtime":1683432792,"views":12,"p1id":"pseich","p2id":"7fig","formatid":"gen9vgc2023regulationc","rating":1124,"private":0,"password":""}