{"id":"gen9vgc2023regulationc-1845984301","p1":"Mitsunaga","p2":"Tas87","format":"[Gen 9] VGC 2023 Regulation C","log":"|j|\u2606Mitsunaga\n|j|\u2606Tas87\n|t:|1681787270\n|gametype|doubles\n|player|p1|Mitsunaga|lady-gen4|1090\n|player|p2|Tas87|2|1211\n|teamsize|p1|6\n|teamsize|p2|6\n|gen|9\n|tier|[Gen 9] VGC 2023 Regulation C\n|rated|\n|rule|Species Clause: Limit one of each Pok\u00e9mon\n|rule|Item Clause: Limit one of each item\n|clearpoke\n|poke|p1|Annihilape, L50, M|\n|poke|p1|Sandy Shocks, L50|\n|poke|p1|Flutter Mane, L50|\n|poke|p1|Armarouge, L50, M|\n|poke|p1|Indeedee-F, L50, F|\n|poke|p1|Talonflame, L50, M|\n|poke|p2|Kilowattrel, L50, F|\n|poke|p2|Garchomp, L50, F|\n|poke|p2|Tyranitar, L50, M|\n|poke|p2|Chien-Pao, L50|\n|poke|p2|Medicham, L50, F|\n|poke|p2|Orthworm, L50, F|\n|teampreview|4\n|inactive|Battle timer is ON: inactive players will automatically lose when time's up. (requested by Tas87)\n|\n|t:|1681787323\n|start\n|switch|p1a: Armarouge|Armarouge, L50, M|100\/100\n|switch|p1b: Talonflame|Talonflame, L50, M|100\/100\n|switch|p2a: Kilowattrel|Kilowattrel, L50, F|100\/100\n|switch|p2b: Medicham|Medicham, L50, F|100\/100\n|turn|1\n|inactive|Tas87 has 30 seconds left.\n|inactive|Tas87 has 20 seconds left.\n|inactive|Tas87 has 15 seconds left.\n|\n|t:|1681787363\n|switch|p2b: Tyranitar|Tyranitar, L50, M|100\/100\n|-weather|Sandstorm|[from] ability: Sand Stream|[of] p2b: Tyranitar\n|switch|p1b: Indeedee|Indeedee-F, L50, F|100\/100\n|-fieldstart|move: Psychic Terrain|[from] ability: Psychic Surge|[of] p1b: Indeedee\n|-enditem|p1b: Indeedee|Psychic Seed\n|-boost|p1b: Indeedee|spd|1|[from] item: Psychic Seed\n|move|p2a: Kilowattrel|Tailwind|p2a: Kilowattrel\n|-sidestart|p2: Tas87|move: Tailwind\n|move|p1a: Armarouge|Expanding Force|p2a: Kilowattrel|[spread] p2a\n|-immune|p2b: Tyranitar\n|-enditem|p2a: Kilowattrel|Focus Sash\n|-damage|p2a: Kilowattrel|1\/100\n|\n|-weather|Sandstorm|[upkeep]\n|-damage|p2a: Kilowattrel|0 fnt|[from] Sandstorm\n|-damage|p1a: Armarouge|95\/100|[from] Sandstorm\n|-damage|p1b: Indeedee|94\/100|[from] Sandstorm\n|faint|p2a: Kilowattrel\n|upkeep\n|\n|t:|1681787384\n|switch|p2a: Garchomp|Garchomp, L50, F|100\/100\n|turn|2\n|\n|t:|1681787405\n|move|p1a: Armarouge|Protect|p1a: Armarouge\n|-singleturn|p1a: Armarouge|Protect\n|move|p2a: Garchomp|Swords Dance|p2a: Garchomp\n|-boost|p2a: Garchomp|atk|2\n|move|p2b: Tyranitar|Assurance|p1a: Armarouge\n|-activate|p1a: Armarouge|move: Protect\n|move|p1b: Indeedee|Trick Room|p1b: Indeedee\n|-fieldstart|move: Trick Room|[of] p1b: Indeedee\n|\n|-weather|Sandstorm|[upkeep]\n|-damage|p1b: Indeedee|88\/100|[from] Sandstorm\n|-damage|p1a: Armarouge|89\/100|[from] Sandstorm\n|upkeep\n|turn|3\n|inactive|Mitsunaga has 30 seconds left.\n|inactive|Mitsunaga has 20 seconds left.\n|inactive|Mitsunaga has 15 seconds left.\n|\n|t:|1681787446\n|-terastallize|p1a: Armarouge|Psychic\n|-terastallize|p2b: Tyranitar|Flying\n|move|p1b: Indeedee|Tera Blast|p2a: Garchomp\n|-damage|p2a: Garchomp|70\/100\n|move|p1a: Armarouge|Expanding Force|p2b: Tyranitar|[spread] p2a,p2b\n|-damage|p2a: Garchomp|0 fnt\n|-damage|p2b: Tyranitar|50\/100\n|faint|p2a: Garchomp\n|move|p2b: Tyranitar|Rock Slide|p1b: Indeedee|[spread] p1a,p1b\n|-damage|p1a: Armarouge|56\/100\n|-damage|p1b: Indeedee|59\/100\n|-ability|p1a: Armarouge|Weak Armor|boost\n|-unboost|p1a: Armarouge|def|1\n|-boost|p1a: Armarouge|spe|2\n|\n|-weather|Sandstorm|[upkeep]\n|-damage|p1b: Indeedee|52\/100|[from] Sandstorm\n|-damage|p2b: Tyranitar|44\/100|[from] Sandstorm\n|-damage|p1a: Armarouge|50\/100|[from] Sandstorm\n|upkeep\n|\n|t:|1681787455\n|switch|p2a: Medicham|Medicham, L50, F|100\/100\n|turn|4\n|\n|t:|1681787461\n|move|p1a: Armarouge|Protect|p1a: Armarouge\n|-singleturn|p1a: Armarouge|Protect\n|move|p2b: Tyranitar|Rock Slide|p1b: Indeedee|[spread] p1b\n|-activate|p1a: Armarouge|move: Protect\n|-damage|p1b: Indeedee|19\/100\n|move|p2a: Medicham|Skill Swap|p2b: Tyranitar\n|-activate|p2a: Medicham|move: Skill Swap|||[of] p2b: Tyranitar\n|move|p1b: Indeedee|Trick Room|p1b: Indeedee\n|-fieldend|move: Trick Room\n|\n|-weather|Sandstorm|[upkeep]\n|-damage|p2a: Medicham|95\/100|[from] Sandstorm\n|-damage|p1a: Armarouge|45\/100|[from] Sandstorm\n|-damage|p2b: Tyranitar|39\/100|[from] Sandstorm\n|-damage|p1b: Indeedee|12\/100|[from] Sandstorm\n|-sideend|p2: Tas87|move: Tailwind\n|upkeep\n|turn|5\n|\n|t:|1681787481\n|move|p1b: Indeedee|Follow Me|p1b: Indeedee\n|-singleturn|p1b: Indeedee|move: Follow Me\n|move|p1a: Armarouge|Expanding Force|p2b: Tyranitar|[spread] p2a,p2b\n|-damage|p2a: Medicham|0 fnt\n|-damage|p2b: Tyranitar|0 fnt\n|faint|p2a: Medicham\n|faint|p2b: Tyranitar\n|\n|win|Mitsunaga\n|raw|Mitsunaga's rating: 1090 → 1125<\/strong> (+35 for winning)\n|raw|Tas87's rating: 1211 → 1178<\/strong> (-33 for losing)\n|l|\u2606Tas87\n","uploadtime":1681787488,"views":4,"p1id":"mitsunaga","p2id":"tas87","formatid":"gen9vgc2023regulationc","rating":1125,"private":0,"password":""}