{"id":"gen9vgc2023regulationc-1857526401","p1":"hudieev","p2":"Altsaka2","format":"[Gen 9] VGC 2023 Regulation C","log":"|j|\u2606hudieev\n|j|\u2606Altsaka2\n|t:|1683204986\n|gametype|doubles\n|player|p1|hudieev|170|1039\n|player|p2|Altsaka2|swimmerf-gen4|1107\n|teamsize|p1|6\n|teamsize|p2|6\n|gen|9\n|tier|[Gen 9] VGC 2023 Regulation C\n|rated|\n|rule|Species Clause: Limit one of each Pok\u00e9mon\n|rule|Item Clause: Limit one of each item\n|clearpoke\n|poke|p1|Flutter Mane, L50|\n|poke|p1|Chi-Yu, L50|\n|poke|p1|Iron Bundle, L50|\n|poke|p1|Kingambit, L50, M|\n|poke|p1|Great Tusk, L50|\n|poke|p1|Talonflame, L50, F|\n|poke|p2|Ting-Lu, L50|\n|poke|p2|Iron Hands, L50|\n|poke|p2|Flutter Mane, L50|\n|poke|p2|Amoonguss, L50, F|\n|poke|p2|Arcanine, L50, F|\n|poke|p2|Palafin, L50, F|\n|teampreview|4\n|inactive|Battle timer is ON: inactive players will automatically lose when time's up. (requested by Altsaka2)\nAltsaka2 rejected open team sheets.\n|inactive|hudieev has 60 seconds left.\n|\n|t:|1683205040\n|start\n|switch|p1a: Great Tusk|Great Tusk, L50|100\/100\n|switch|p1b: Talonflame|Talonflame, L50, F|100\/100\n|switch|p2a: Ting-Lu|Ting-Lu, L50|100\/100\n|switch|p2b: Palafin|Palafin, L50, F|100\/100\n|-ability|p2a: Ting-Lu|Vessel of Ruin\n|turn|1\n|inactive|Altsaka2 has 30 seconds left.\n|\n|t:|1683205073\n|switch|p2a: Arcanine|Arcanine, L50, F|100\/100\n|-ability|p2a: Arcanine|Intimidate|boost\n|-unboost|p1a: Great Tusk|atk|1\n|-unboost|p1b: Talonflame|atk|1\n|move|p1b: Talonflame|Tailwind|p1b: Talonflame\n|-sidestart|p1: hudieev|move: Tailwind\n|move|p1a: Great Tusk|Close Combat|p2a: Arcanine\n|-damage|p2a: Arcanine|45\/100\n|-unboost|p1a: Great Tusk|def|1\n|-unboost|p1a: Great Tusk|spd|1\n|-damage|p1a: Great Tusk|91\/100|[from] item: Life Orb\n|move|p2b: Palafin|Wave Crash|p1b: Talonflame\n|-supereffective|p1b: Talonflame\n|-damage|p1b: Talonflame|0 fnt\n|faint|p1b: Talonflame\n|-damage|p2b: Palafin|75\/100|[from] Recoil\n|\n|upkeep\n|\n|t:|1683205097\n|switch|p1b: Iron Bundle|Iron Bundle, L50|100\/100\n|-enditem|p1b: Iron Bundle|Booster Energy\n|-activate|p1b: Iron Bundle|ability: Quark Drive|[fromitem]\n|-start|p1b: Iron Bundle|quarkdrivespe\n|turn|2\n|inactive|hudieev has 30 seconds left.\n|\n|t:|1683205124\n|-end|p1a: Great Tusk|Protosynthesis|[silent]\n|switch|p1a: Flutter Mane|Flutter Mane, L50|100\/100\n|move|p2a: Arcanine|Protect|p2a: Arcanine\n|-singleturn|p2a: Arcanine|Protect\n|move|p2b: Palafin|Jet Punch|p1a: Flutter Mane\n|-damage|p1a: Flutter Mane|42\/100\n|move|p1b: Iron Bundle|Hydro Pump|p2a: Arcanine\n|-activate|p2a: Arcanine|move: Protect\n|\n|upkeep\n|turn|3\n|inactive|Altsaka2 has 30 seconds left.\n|\n|t:|1683205159\n|switch|p2a: Flutter Mane|Flutter Mane, L50|100\/100\n|move|p2b: Palafin|Jet Punch|p1a: Flutter Mane\n|-damage|p1a: Flutter Mane|0 fnt\n|faint|p1a: Flutter Mane\n|-end|p1a: Flutter Mane|Protosynthesis|[silent]\n|move|p1b: Iron Bundle|Freeze-Dry|p2b: Palafin\n|-supereffective|p2b: Palafin\n|-damage|p2b: Palafin|0 fnt\n|faint|p2b: Palafin\n|\n|upkeep\n|\n|t:|1683205180\n|switch|p1a: Great Tusk|Great Tusk, L50|91\/100\n|switch|p2b: Arcanine|Arcanine, L50, F|45\/100\n|-ability|p2b: Arcanine|Intimidate|boost\n|-unboost|p1a: Great Tusk|atk|1\n|-unboost|p1b: Iron Bundle|atk|1\n|turn|4\n|inactive|hudieev has 30 seconds left.\n|inactive|hudieev has 20 seconds left.\n|\n|t:|1683205218\n|move|p1b: Iron Bundle|Icy Wind|p2b: Arcanine|[spread] p2a,p2b\n|-resisted|p2b: Arcanine\n|-crit|p2b: Arcanine\n|-damage|p2a: Flutter Mane|79\/100\n|-damage|p2b: Arcanine|29\/100\n|-unboost|p2a: Flutter Mane|spe|1\n|-unboost|p2b: Arcanine|spe|1\n|move|p1a: Great Tusk|Headlong Rush|p2a: Flutter Mane\n|-damage|p2a: Flutter Mane|0 fnt\n|-unboost|p1a: Great Tusk|def|1\n|-unboost|p1a: Great Tusk|spd|1\n|faint|p2a: Flutter Mane\n|-end|p2a: Flutter Mane|Protosynthesis|[silent]\n|-damage|p1a: Great Tusk|81\/100|[from] item: Life Orb\n|move|p2b: Arcanine|Flare Blitz|p1b: Iron Bundle\n|-damage|p1b: Iron Bundle|41\/100\n|-damage|p2b: Arcanine|16\/100|[from] Recoil\n|\n|-sideend|p1: hudieev|move: Tailwind\n|upkeep\n|\n|t:|1683205233\n|switch|p2a: Ting-Lu|Ting-Lu, L50|100\/100\n|-ability|p2a: Ting-Lu|Vessel of Ruin\n|turn|5\n|inactive|hudieev has 30 seconds left.\n|inactive|hudieev has 20 seconds left.\n|inactive|hudieev has 15 seconds left.\n|inactive|hudieev has 10 seconds left.\n|\n|t:|1683205283\n|-terastallize|p1b: Iron Bundle|Ghost\n|-terastallize|p2a: Ting-Lu|Grass\n|move|p2b: Arcanine|Extreme Speed|p1b: Iron Bundle\n|-immune|p1b: Iron Bundle\n|move|p1b: Iron Bundle|Hydro Pump|p2a: Ting-Lu\n|-resisted|p2a: Ting-Lu\n|-damage|p2a: Ting-Lu|91\/100\n|move|p1a: Great Tusk|Close Combat|p2a: Ting-Lu\n|-damage|p2a: Ting-Lu|55\/100\n|-unboost|p1a: Great Tusk|def|1\n|-unboost|p1a: Great Tusk|spd|1\n|-damage|p1a: Great Tusk|71\/100|[from] item: Life Orb\n|move|p2a: Ting-Lu|Fissure|p1a: Great Tusk|[miss]\n|-miss|p2a: Ting-Lu|p1a: Great Tusk\n|\n|upkeep\n|turn|6\n|inactive|hudieev has 30 seconds left.\n|\n|t:|1683205316\n|move|p1b: Iron Bundle|Protect|p1b: Iron Bundle\n|-singleturn|p1b: Iron Bundle|Protect\n|move|p2b: Arcanine|Protect|p2b: Arcanine\n|-singleturn|p2b: Arcanine|Protect\n|move|p1a: Great Tusk|Earthquake|p2a: Ting-Lu|[spread] p2a\n|-activate|p1b: Iron Bundle|move: Protect\n|-activate|p2b: Arcanine|move: Protect\n|-resisted|p2a: Ting-Lu\n|-damage|p2a: Ting-Lu|46\/100\n|-damage|p1a: Great Tusk|61\/100|[from] item: Life Orb\n|move|p2a: Ting-Lu|Stomping Tantrum|p1b: Iron Bundle\n|-activate|p1b: Iron Bundle|move: Protect\n|\n|upkeep\n|turn|7\n|inactive|hudieev has 30 seconds left.\n|inactive|Altsaka2 has 30 seconds left.\n|\n|t:|1683205351\n|move|p2b: Arcanine|Extreme Speed|p1a: Great Tusk\n|-damage|p1a: Great Tusk|23\/100\n|move|p1b: Iron Bundle|Freeze-Dry|p2a: Ting-Lu\n|-supereffective|p2a: Ting-Lu\n|-damage|p2a: Ting-Lu|24\/100\n|move|p1a: Great Tusk|Earthquake|p2a: Ting-Lu|[spread] p1b,p2a,p2b\n|-resisted|p2a: Ting-Lu\n|-supereffective|p2b: Arcanine\n|-damage|p1b: Iron Bundle|0 fnt\n|-damage|p2a: Ting-Lu|15\/100\n|-damage|p2b: Arcanine|0 fnt\n|faint|p1b: Iron Bundle\n|-end|p1b: Iron Bundle|Quark Drive|[silent]\n|faint|p2b: Arcanine\n|-damage|p1a: Great Tusk|13\/100|[from] item: Life Orb\n|move|p2a: Ting-Lu|Fissure|p1a: Great Tusk\n|-damage|p1a: Great Tusk|0 fnt\n|faint|p1a: Great Tusk\n|-end|p1a: Great Tusk|Protosynthesis|[silent]\n|-ohko\n|\n|win|Altsaka2\n|raw|hudieev's rating: 1039 → 1026<\/strong> (-13 for losing)\n|raw|Altsaka2's rating: 1107 → 1127<\/strong> (+20 for winning)\n|l|\u2606hudieev\n|c|\u2606Altsaka2|Gg\n","uploadtime":1683205378,"views":7,"p1id":"hudieev","p2id":"altsaka2","formatid":"gen9vgc2023regulationc","rating":1026,"private":0,"password":""}