{"id":"gen9vgc2023regulationc-1851689027","p1":"holasoymalo","p2":"MarckXXcore","format":"[Gen 9] VGC 2023 Regulation C","log":"|j|\u2606holasoymalo\n|j|\u2606MarckXXcore\n|t:|1682470197\n|gametype|doubles\n|player|p1|holasoymalo|170|\n|player|p2|MarckXXcore|red|\n|teamsize|p1|6\n|teamsize|p2|6\n|gen|9\n|tier|[Gen 9] VGC 2023 Regulation C\n|rule|Species Clause: Limit one of each Pok\u00e9mon\n|rule|Item Clause: Limit one of each item\n|clearpoke\n|poke|p1|Arcanine, L50, F|\n|poke|p1|Azumarill, L50, F|\n|poke|p1|Chien-Pao, L50|\n|poke|p1|Amoonguss, L50, F|\n|poke|p1|Flutter Mane, L50|\n|poke|p1|Annihilape, L50, F|\n|poke|p2|Arcanine, L50, M|\n|poke|p2|Amoonguss, L50, M|\n|poke|p2|Flutter Mane, L50|\n|poke|p2|Roaring Moon, L50|\n|poke|p2|Palafin, L50, M|\n|poke|p2|Ting-Lu, L50|\n|teampreview|4\n|c|\u2606holasoymalo|g2\n|c|\u2606holasoymalo|listo\n|\n|t:|1682470633\n|start\n|switch|p1a: Arcanine|Arcanine, L50, F|100\/100\n|switch|p1b: Annihilape|Annihilape, L50, F|100\/100\n|switch|p2a: Flutter Mane|Flutter Mane, L50|100\/100\n|switch|p2b: Palafin|Palafin, L50, M, shiny|100\/100\n|-ability|p1a: Arcanine|Intimidate|boost\n|-unboost|p2a: Flutter Mane|atk|1\n|-unboost|p2b: Palafin|atk|1\n|turn|1\n|\n|t:|1682470658\n|detailschange|p2b: Palafin|Palafin-Hero, L50, M, shiny\n|switch|p2b: Ting-Lu|Ting-Lu, L50|100\/100\n|-ability|p2b: Ting-Lu|Vessel of Ruin\n|-terastallize|p1b: Annihilape|Fire\n|move|p2a: Flutter Mane|Moonblast|p1b: Annihilape\n|-resisted|p1b: Annihilape\n|-damage|p1b: Annihilape|81\/100\n|-unboost|p1b: Annihilape|spa|1\n|-ability|p1b: Annihilape|Defiant|boost\n|-boost|p1b: Annihilape|atk|2\n|move|p1a: Arcanine|Will-O-Wisp|p2b: Ting-Lu\n|-status|p2b: Ting-Lu|brn\n|move|p1b: Annihilape|Bulk Up|p1b: Annihilape\n|-boost|p1b: Annihilape|atk|1\n|-boost|p1b: Annihilape|def|1\n|\n|-heal|p1b: Annihilape|87\/100|[from] item: Leftovers\n|-damage|p2b: Ting-Lu|94\/100 brn|[from] brn\n|upkeep\n|turn|2\n|\n|t:|1682470685\n|-end|p2a: Flutter Mane|Protosynthesis|[silent]\n|switch|p2a: Amoonguss|Amoonguss, L50, M|100\/100\n|move|p1a: Arcanine|Snarl|p2b: Ting-Lu|[spread] p2a,p2b\n|-resisted|p2b: Ting-Lu\n|-damage|p2a: Amoonguss|96\/100\n|-damage|p2b: Ting-Lu|92\/100 brn\n|-unboost|p2a: Amoonguss|spa|1\n|-unboost|p2b: Ting-Lu|spa|1\n|move|p1b: Annihilape|Rage Fist|p2a: Amoonguss\n|-damage|p2a: Amoonguss|0 fnt\n|faint|p2a: Amoonguss\n|move|p2b: Ting-Lu|Sand Tomb|p1b: Annihilape|[miss]\n|-miss|p2b: Ting-Lu|p1b: Annihilape\n|\n|-heal|p1b: Annihilape|93\/100|[from] item: Leftovers\n|-damage|p2b: Ting-Lu|86\/100 brn|[from] brn\n|upkeep\n|\n|t:|1682470703\n|switch|p2a: Palafin|Palafin-Hero, L50, M, shiny|100\/100\n|-activate|p2a: Palafin|ability: Zero to Hero\n|turn|3\n|\n|t:|1682470717\n|move|p2a: Palafin|Haze|p2a: Palafin\n|-clearallboost\n|move|p1a: Arcanine|Will-O-Wisp|p2a: Palafin\n|-status|p2a: Palafin|brn\n|move|p1b: Annihilape|Rage Fist|p2a: Palafin\n|-damage|p2a: Palafin|52\/100 brn\n|move|p2b: Ting-Lu|Stomping Tantrum|p1a: Arcanine\n|-supereffective|p1a: Arcanine\n|-damage|p1a: Arcanine|57\/100\n|\n|-heal|p1b: Annihilape|99\/100|[from] item: Leftovers\n|-damage|p2a: Palafin|46\/100 brn|[from] brn\n|-damage|p2b: Ting-Lu|80\/100 brn|[from] brn\n|upkeep\n|turn|4\n|\n|t:|1682470737\n|move|p2a: Palafin|Wave Crash|p1b: Annihilape\n|-supereffective|p1b: Annihilape\n|-damage|p1b: Annihilape|8\/100\n|-damage|p2a: Palafin|9\/100 brn|[from] Recoil\n|move|p1a: Arcanine|Flare Blitz|p2b: Ting-Lu\n|-damage|p2b: Ting-Lu|63\/100 brn\n|-damage|p1a: Arcanine|50\/100|[from] Recoil\n|move|p1b: Annihilape|Rage Fist|p2a: Palafin\n|-damage|p2a: Palafin|0 fnt\n|faint|p2a: Palafin\n|move|p2b: Ting-Lu|Sand Tomb|p1a: Arcanine\n|-supereffective|p1a: Arcanine\n|-damage|p1a: Arcanine|38\/100\n|-activate|p1a: Arcanine|move: Sand Tomb|[of] p2b: Ting-Lu\n|\n|-heal|p1b: Annihilape|14\/100|[from] item: Leftovers\n|-damage|p2b: Ting-Lu|57\/100 brn|[from] brn\n|-damage|p1a: Arcanine|25\/100|[from] move: Sand Tomb|[partiallytrapped]\n|upkeep\n|\n|t:|1682470756\n|switch|p2a: Flutter Mane|Flutter Mane, L50|100\/100\n|turn|5\n|\n|t:|1682470772\n|-terastallize|p2a: Flutter Mane|Fairy\n|move|p1a: Arcanine|Extreme Speed|p2b: Ting-Lu\n|-damage|p2b: Ting-Lu|49\/100 brn\n|move|p2a: Flutter Mane|Dazzling Gleam|p1b: Annihilape|[spread] p1a,p1b\n|-resisted|p1a: Arcanine\n|-resisted|p1b: Annihilape\n|-damage|p1a: Arcanine|0 fnt\n|-damage|p1b: Annihilape|0 fnt\n|faint|p1a: Arcanine\n|faint|p1b: Annihilape\n|move|p2b: Ting-Lu|Sand Tomb|p1: Arcanine|[notarget]\n|-fail|p2b: Ting-Lu\n|\n|-damage|p2b: Ting-Lu|42\/100 brn|[from] brn\n|upkeep\n|\n|t:|1682470779\n|switch|p1a: Chien-Pao|Chien-Pao, L50|100\/100\n|switch|p1b: Flutter Mane|Flutter Mane, L50, shiny|100\/100\n|-ability|p1a: Chien-Pao|Sword of Ruin\n|turn|6\n|\n|t:|1682470799\n|move|p1a: Chien-Pao|Ice Spinner|p2b: Ting-Lu\n|-supereffective|p2b: Ting-Lu\n|-damage|p2b: Ting-Lu|0 fnt\n|faint|p2b: Ting-Lu\n|move|p2a: Flutter Mane|Dazzling Gleam|p1b: Flutter Mane|[spread] p1a,p1b\n|-supereffective|p1a: Chien-Pao\n|-crit|p1a: Chien-Pao\n|-enditem|p1a: Chien-Pao|Focus Sash\n|-damage|p1a: Chien-Pao|1\/100\n|-damage|p1b: Flutter Mane|28\/100\n|move|p1b: Flutter Mane|Moonblast|p2a: Flutter Mane\n|-damage|p2a: Flutter Mane|23\/100\n|-unboost|p2a: Flutter Mane|spa|1\n|-damage|p1b: Flutter Mane|18\/100|[from] item: Life Orb\n|\n|upkeep\n|turn|7\n|\n|t:|1682470814\n|move|p1a: Chien-Pao|Ice Shard|p2a: Flutter Mane\n|-damage|p2a: Flutter Mane|0 fnt\n|faint|p2a: Flutter Mane\n|-end|p2a: Flutter Mane|Protosynthesis|[silent]\n|\n|win|holasoymalo\n|c|\u2606holasoymalo|gg\n","uploadtime":1682470820,"views":11,"p1id":"holasoymalo","p2id":"marckxxcore","formatid":"gen9vgc2023regulationc","rating":0,"private":0,"password":""}