{"id":"gen9vgc2023regulationc-1852676502","p1":"Pakulis","p2":"SM0KESgirl","format":"[Gen 9] VGC 2023 Regulation C","log":"|j|\u2606Pakulis\n|j|\u2606SM0KESgirl\n|t:|1682595025\n|gametype|doubles\n|player|p1|Pakulis|n|1257\n|player|p2|SM0KESgirl|skyla|1299\n|teamsize|p1|6\n|teamsize|p2|6\n|gen|9\n|tier|[Gen 9] VGC 2023 Regulation C\n|rated|\n|rule|Species Clause: Limit one of each Pok\u00e9mon\n|rule|Item Clause: Limit one of each item\n|clearpoke\n|poke|p1|Palafin, L50, M|\n|poke|p1|Ting-Lu, L50|\n|poke|p1|Kingambit, L50, M|\n|poke|p1|Hydreigon, L50, M|\n|poke|p1|Amoonguss, L50, M|\n|poke|p1|Arcanine, L50, F|\n|poke|p2|Gholdengo, L50|\n|poke|p2|Murkrow, L50, M|\n|poke|p2|Baxcalibur, L50, M|\n|poke|p2|Annihilape, L50, F|\n|poke|p2|Flutter Mane, L50|\n|poke|p2|Amoonguss, L50, M|\n|teampreview|4\n|inactive|Battle timer is ON: inactive players will automatically lose when time's up. (requested by Pakulis)\n|inactive|Pakulis has 60 seconds left.\n|\n|t:|1682595071\n|start\n|switch|p1a: Ting-Lu|Ting-Lu, L50|100\/100\n|switch|p1b: Kingambit|Kingambit, L50, M|100\/100\n|switch|p2a: Murkrow|Murkrow, L50, M|100\/100\n|switch|p2b: Gholdengo|Gholdengo, L50|100\/100\n|-ability|p1a: Ting-Lu|Vessel of Ruin\n|turn|1\n|inactive|SM0KESgirl has 30 seconds left.\n|inactive|SM0KESgirl has 20 seconds left.\n|inactive|SM0KESgirl has 15 seconds left.\n|inactive|SM0KESgirl has 10 seconds left.\n|\n|t:|1682595119\n|move|p2a: Murkrow|Tailwind|p2a: Murkrow\n|-sidestart|p2: SM0KESgirl|move: Tailwind\n|move|p2b: Gholdengo|Make It Rain|p1b: Kingambit|[spread] p1a,p1b\n|-resisted|p1b: Kingambit\n|-damage|p1a: Ting-Lu|67\/100\n|-damage|p1b: Kingambit|76\/100\n|-unboost|p2b: Gholdengo|spa|1\n|move|p1b: Kingambit|Kowtow Cleave|p2a: Murkrow\n|-resisted|p2a: Murkrow\n|-damage|p2a: Murkrow|77\/100\n|move|p1a: Ting-Lu|Throat Chop|p2b: Gholdengo\n|-supereffective|p2b: Gholdengo\n|-damage|p2b: Gholdengo|32\/100\n|-start|p2b: Gholdengo|Throat Chop|[silent]\n|\n|upkeep\n|turn|2\n|inactive|Pakulis has 30 seconds left.\n|inactive|SM0KESgirl has 30 seconds left.\n|\n|t:|1682595148\n|switch|p2b: Baxcalibur|Baxcalibur, L50, M|100\/100\n|move|p2a: Murkrow|Foul Play|p1a: Ting-Lu\n|-resisted|p1a: Ting-Lu\n|-damage|p1a: Ting-Lu|56\/100\n|move|p1b: Kingambit|Iron Head|p2a: Murkrow\n|-damage|p2a: Murkrow|32\/100\n|move|p1a: Ting-Lu|Heavy Slam|p2b: Baxcalibur\n|-supereffective|p2b: Baxcalibur\n|-damage|p2b: Baxcalibur|58\/100\n|\n|upkeep\n|turn|3\n|inactive|SM0KESgirl has 30 seconds left.\n|\n|t:|1682595184\n|switch|p1a: Arcanine|Arcanine, L50, F|100\/100\n|-ability|p1a: Arcanine|Intimidate|boost\n|-unboost|p2a: Murkrow|atk|1\n|-unboost|p2b: Baxcalibur|atk|1\n|-terastallize|p2b: Baxcalibur|Ground\n|move|p2a: Murkrow|Haze|p2a: Murkrow\n|-clearallboost\n|move|p2b: Baxcalibur|Earthquake|p1a: Arcanine|[spread] p1a,p1b\n|-immune|p2a: Murkrow\n|-supereffective|p1a: Arcanine\n|-supereffective|p1b: Kingambit\n|-damage|p1a: Arcanine|0 fnt\n|-damage|p1b: Kingambit|12\/100\n|-enditem|p1b: Kingambit|Weakness Policy\n|-boost|p1b: Kingambit|atk|2|[from] item: Weakness Policy\n|-boost|p1b: Kingambit|spa|2|[from] item: Weakness Policy\n|faint|p1a: Arcanine\n|move|p1b: Kingambit|Iron Head|p2a: Murkrow\n|-damage|p2a: Murkrow|0 fnt\n|faint|p2a: Murkrow\n|\n|upkeep\n|inactive|SM0KESgirl has 30 seconds left.\n|\n|t:|1682595210\n|switch|p1a: Hydreigon|Hydreigon, L50, M|100\/100\n|switch|p2a: Annihilape|Annihilape, L50, F|100\/100\n|turn|4\n|\n|t:|1682595222\n|-terastallize|p1a: Hydreigon|Electric\n|move|p2a: Annihilape|Protect|p2a: Annihilape\n|-singleturn|p2a: Annihilape|Protect\n|move|p1b: Kingambit|Protect|p1b: Kingambit\n|-singleturn|p1b: Kingambit|Protect\n|move|p2b: Baxcalibur|Earthquake|p1a: Hydreigon|[spread] \n|-activate|p2a: Annihilape|move: Protect\n|-activate|p1b: Kingambit|move: Protect\n|-immune|p1a: Hydreigon|[from] ability: Levitate\n|move|p1a: Hydreigon|Focus Energy|p1a: Hydreigon\n|-start|p1a: Hydreigon|move: Focus Energy\n|\n|-sideend|p2: SM0KESgirl|move: Tailwind\n|upkeep\n|turn|5\n|inactive|Pakulis has 30 seconds left.\n|inactive|SM0KESgirl has 30 seconds left.\n|inactive|SM0KESgirl has 20 seconds left.\n|\n|t:|1682595260\n|move|p1b: Kingambit|Sucker Punch|p2a: Annihilape\n|-damage|p2a: Annihilape|32\/100\n|move|p1a: Hydreigon|Draco Meteor|p2b: Baxcalibur\n|-crit|p2b: Baxcalibur\n|-damage|p2b: Baxcalibur|6\/100\n|-unboost|p1a: Hydreigon|spa|2\n|move|p2a: Annihilape|Drain Punch|p1b: Kingambit\n|-supereffective|p1b: Kingambit\n|-damage|p1b: Kingambit|0 fnt\n|-heal|p2a: Annihilape|38\/100|[from] drain|[of] p1b: Kingambit\n|faint|p1b: Kingambit\n|move|p2b: Baxcalibur|Icicle Spear|p1a: Hydreigon\n|-crit|p1a: Hydreigon\n|-damage|p1a: Hydreigon|76\/100\n|-damage|p1a: Hydreigon|59\/100\n|-damage|p1a: Hydreigon|41\/100\n|-hitcount|p1a: Hydreigon|3\n|\n|-heal|p2a: Annihilape|44\/100|[from] item: Leftovers\n|upkeep\n|\n|t:|1682595277\n|switch|p1b: Ting-Lu|Ting-Lu, L50|56\/100\n|-ability|p1b: Ting-Lu|Vessel of Ruin\n|turn|6\n|inactive|Pakulis has 30 seconds left.\n|inactive|SM0KESgirl has 30 seconds left.\n|\n|t:|1682595309\n|move|p1a: Hydreigon|Protect|p1a: Hydreigon\n|-singleturn|p1a: Hydreigon|Protect\n|move|p2a: Annihilape|Protect|p2a: Annihilape\n|-singleturn|p2a: Annihilape|Protect\n|move|p2b: Baxcalibur|Icicle Spear|p1a: Hydreigon\n|-activate|p1a: Hydreigon|move: Protect\n|move|p1b: Ting-Lu|Stomping Tantrum|p2b: Baxcalibur\n|-damage|p2b: Baxcalibur|0 fnt\n|faint|p2b: Baxcalibur\n|\n|-heal|p2a: Annihilape|50\/100|[from] item: Leftovers\n|upkeep\n|\n|t:|1682595324\n|switch|p2b: Gholdengo|Gholdengo, L50|32\/100\n|turn|7\n|\n|t:|1682595344\n|move|p1a: Hydreigon|Draco Meteor|p2a: Annihilape\n|-crit|p2a: Annihilape\n|-damage|p2a: Annihilape|2\/100\n|-unboost|p1a: Hydreigon|spa|2\n|move|p2a: Annihilape|Rage Fist|p1a: Hydreigon\n|-damage|p1a: Hydreigon|0 fnt\n|faint|p1a: Hydreigon\n|move|p2b: Gholdengo|Make It Rain|p1b: Ting-Lu\n|-damage|p1b: Ting-Lu|17\/100\n|-unboost|p2b: Gholdengo|spa|1\n|move|p1b: Ting-Lu|Throat Chop|p2b: Gholdengo\n|-supereffective|p2b: Gholdengo\n|-damage|p2b: Gholdengo|0 fnt\n|faint|p2b: Gholdengo\n|\n|-heal|p2a: Annihilape|8\/100|[from] item: Leftovers\n|upkeep\n|turn|8\n|\n|t:|1682595364\n|move|p2a: Annihilape|Protect|p2a: Annihilape\n|-singleturn|p2a: Annihilape|Protect\n|move|p1b: Ting-Lu|Stomping Tantrum|p2a: Annihilape\n|-activate|p2a: Annihilape|move: Protect\n|\n|-heal|p2a: Annihilape|14\/100|[from] item: Leftovers\n|upkeep\n|turn|9\n|\n|t:|1682595378\n|move|p2a: Annihilape|Rage Fist|p1b: Ting-Lu\n|-resisted|p1b: Ting-Lu\n|-damage|p1b: Ting-Lu|2\/100\n|move|p1b: Ting-Lu|Stomping Tantrum|p2a: Annihilape\n|-damage|p2a: Annihilape|0 fnt\n|faint|p2a: Annihilape\n|\n|win|Pakulis\n|raw|Pakulis's rating: 1257 → 1285<\/strong> (+28 for winning)\n|raw|SM0KESgirl's rating: 1299 → 1271<\/strong> (-28 for losing)\n","uploadtime":1682595388,"views":16,"p1id":"pakulis","p2id":"sm0kesgirl","formatid":"gen9vgc2023regulationc","rating":1271,"private":0,"password":""}