{"id":"gen9vgc2023regulationc-1854545352","p1":"chipp zanuff 7","p2":"Dot1Q","format":"[Gen 9] VGC 2023 Regulation C","log":"|j|\u2606chipp zanuff 7\n|j|\u2606Dot1Q\n|t:|1682824960\n|gametype|doubles\n|player|p1|chipp zanuff 7|266|\n|player|p2|Dot1Q|veteran|\n|teamsize|p1|6\n|teamsize|p2|6\n|gen|9\n|tier|[Gen 9] VGC 2023 Regulation C\n|rule|Species Clause: Limit one of each Pok\u00e9mon\n|rule|Item Clause: Limit one of each item\n|clearpoke\n|poke|p1|Garganacl, L50, M|\n|poke|p1|Gyarados, L50, F|\n|poke|p1|Amoonguss, L50, M|\n|poke|p1|Ting-Lu, L50|\n|poke|p1|Flutter Mane, L50|\n|poke|p1|Orthworm, L50, M|\n|poke|p2|Chi-Yu, L50|\n|poke|p2|Flutter Mane, L50|\n|poke|p2|Chien-Pao, L50|\n|poke|p2|Dragonite, L50, F|\n|poke|p2|Dondozo, L50, M|\n|poke|p2|Tatsugiri-Stretchy, L50, M|\n|teampreview|4\n|c|\u2606chipp zanuff 7|g1\nchipp zanuff 7 has agreed to open team sheets.\nDot1Q has agreed to open team sheets.\n|c|\u2606Dot1Q|glhf\n|\n|t:|1682825019\n|start\n|switch|p1a: Luck|Garganacl, L50, M, shiny|100\/100\n|switch|p1b: Asta|Ting-Lu, L50|100\/100\n|switch|p2a: Chien-Pao|Chien-Pao, L50|100\/100\n|switch|p2b: Dragonite|Dragonite, L50, F|100\/100\n|-ability|p2a: Chien-Pao|Sword of Ruin\n|-ability|p1b: Asta|Vessel of Ruin\n|turn|1\n|\n|t:|1682825041\n|switch|p1b: Magna|Gyarados, L50, F, shiny|100\/100\n|-ability|p1b: Magna|Intimidate|boost\n|-unboost|p2a: Chien-Pao|atk|1\n|-fail|p2b: Dragonite|unboost|Attack|[from] ability: Inner Focus|[of] p2b: Dragonite\n|-terastallize|p2b: Dragonite|Normal\n|-terastallize|p1a: Luck|Ghost\n|move|p2b: Dragonite|Extreme Speed|p1b: Magna\n|-damage|p1b: Magna|13\/100\n|move|p2a: Chien-Pao|Ice Spinner|p1b: Magna\n|-damage|p1b: Magna|0 fnt\n|faint|p1b: Magna\n|move|p1a: Luck|Salt Cure|p2b: Dragonite\n|-damage|p2b: Dragonite|82\/100\n|-start|p2b: Dragonite|Salt Cure\n|\n|-damage|p2b: Dragonite|70\/100|[from] Salt Cure\n|upkeep\n|\n|t:|1682825058\n|switch|p1b: Finral|Amoonguss, L50, M|100\/100\n|turn|2\n|\n|t:|1682825066\n|move|p2b: Dragonite|Extreme Speed|p1b: Finral\n|-crit|p1b: Finral\n|-damage|p1b: Finral|0 fnt\n|faint|p1b: Finral\n|move|p2a: Chien-Pao|Ice Spinner|p1a: Luck\n|-damage|p1a: Luck|76\/100\n|move|p1a: Luck|Salt Cure|p2a: Chien-Pao\n|-supereffective|p2a: Chien-Pao\n|-damage|p2a: Chien-Pao|62\/100\n|-start|p2a: Chien-Pao|Salt Cure\n|\n|-heal|p1a: Luck|82\/100|[from] item: Leftovers\n|-damage|p2a: Chien-Pao|50\/100|[from] Salt Cure\n|-damage|p2b: Dragonite|58\/100|[from] Salt Cure\n|upkeep\n|\n|t:|1682825072\n|switch|p1b: Asta|Ting-Lu, L50|100\/100\n|-ability|p1b: Asta|Vessel of Ruin\n|turn|3\n|\n|t:|1682825080\n|move|p2b: Dragonite|Extreme Speed|p1b: Asta\n|-damage|p1b: Asta|62\/100\n|move|p2a: Chien-Pao|Ice Spinner|p1b: Asta\n|-supereffective|p1b: Asta\n|-damage|p1b: Asta|30\/100\n|move|p1b: Asta|Stomping Tantrum|p2a: Chien-Pao\n|-damage|p2a: Chien-Pao|11\/100\n|move|p1a: Luck|Stealth Rock|p2a: Chien-Pao\n|-sidestart|p2: Dot1Q|move: Stealth Rock\n|\n|-heal|p1a: Luck|87\/100|[from] item: Leftovers\n|-damage|p2a: Chien-Pao|0 fnt|[from] Salt Cure\n|faint|p2a: Chien-Pao\n|-damage|p2b: Dragonite|46\/100|[from] Salt Cure\n|upkeep\n|\n|t:|1682825094\n|switch|p2a: Flutter Mane|Flutter Mane, L50|100\/100\n|-damage|p2a: Flutter Mane|88\/100|[from] Stealth Rock\n|turn|4\n|\n|t:|1682825104\n|move|p2b: Dragonite|Extreme Speed|p1b: Asta\n|-damage|p1b: Asta|0 fnt\n|faint|p1b: Asta\n|move|p2a: Flutter Mane|Dazzling Gleam|p1a: Luck\n|-damage|p1a: Luck|42\/100\n|move|p1a: Luck|Salt Cure|p2a: Flutter Mane\n|-damage|p2a: Flutter Mane|60\/100\n|-start|p2a: Flutter Mane|Salt Cure\n|\n|-heal|p1a: Luck|48\/100|[from] item: Leftovers\n|-damage|p2a: Flutter Mane|48\/100|[from] Salt Cure\n|-damage|p2b: Dragonite|34\/100|[from] Salt Cure\n|upkeep\n|turn|5\n|\n|t:|1682825124\n|switch|p2b: Chi-Yu|Chi-Yu, L50|100\/100\n|-damage|p2b: Chi-Yu|76\/100|[from] Stealth Rock\n|-ability|p2b: Chi-Yu|Beads of Ruin\n|move|p2a: Flutter Mane|Dazzling Gleam|p1a: Luck\n|-damage|p1a: Luck|0 fnt\n|faint|p1a: Luck\n|\n|win|Dot1Q\n|c|\u2606chipp zanuff 7|gg\n|c|\u2606Dot1Q|gg\n|l|\u2606Dot1Q\n","uploadtime":1682825301,"views":9,"p1id":"chippzanuff7","p2id":"dot1q","formatid":"gen9vgc2023regulationc","rating":0,"private":0,"password":""}