{"id":"gen9vgc2023regulationc-1860811084","p1":"Yeetawheat","p2":"Garompa fan","format":"[Gen 9] VGC 2023 Regulation C","log":"|j|\u2606Yeetawheat\n|j|\u2606Garompa fan\n|t:|1683680715\n|gametype|doubles\n|player|p1|Yeetawheat|101|\n|player|p2|Garompa fan|pokemaniac|\n|teamsize|p1|6\n|teamsize|p2|6\n|gen|9\n|tier|[Gen 9] VGC 2023 Regulation C\n|rule|Species Clause: Limit one of each Pok\u00e9mon\n|rule|Item Clause: Limit one of each item\n|clearpoke\n|poke|p1|Scizor, L50, M|\n|poke|p1|Tauros-Paldea-Aqua, L50, M|\n|poke|p1|Rotom-Heat, L50|\n|poke|p1|Wo-Chien, L50|\n|poke|p1|Garganacl, L50, F|\n|poke|p1|Flutter Mane, L50|\n|poke|p2|Chi-Yu, L50|\n|poke|p2|Iron Bundle, L50|\n|poke|p2|Amoonguss, L50, F|\n|poke|p2|Dragonite, L50, M|\n|poke|p2|Iron Hands, L50|\n|poke|p2|Flutter Mane, L50|\n|teampreview|4\n|c|\u2606Yeetawheat|glhf!\n|c|\u2606Yeetawheat|g1\nYeetawheat has agreed to open team sheets.\nGarompa fan has agreed to open team sheets.\n|\n|t:|1683680773\n|start\n|switch|p1a: Flutter Mane|Flutter Mane, L50|100\/100\n|switch|p1b: Scizor|Scizor, L50, M|100\/100\n|switch|p2a: Chi-Yu|Chi-Yu, L50|100\/100\n|switch|p2b: Iron Bundle|Iron Bundle, L50|100\/100\n|-ability|p2a: Chi-Yu|Beads of Ruin\n|-enditem|p2b: Iron Bundle|Booster Energy\n|-activate|p2b: Iron Bundle|ability: Quark Drive|[fromitem]\n|-start|p2b: Iron Bundle|quarkdrivespe\n|-enditem|p1a: Flutter Mane|Booster Energy\n|-activate|p1a: Flutter Mane|ability: Protosynthesis|[fromitem]\n|-start|p1a: Flutter Mane|protosynthesisspe\n|turn|1\n|\n|t:|1683680808\n|-terastallize|p1b: Scizor|Water\n|move|p2b: Iron Bundle|Protect|p2b: Iron Bundle\n|-singleturn|p2b: Iron Bundle|Protect\n|move|p1a: Flutter Mane|Moonblast|p2b: Iron Bundle\n|-activate|p2b: Iron Bundle|move: Protect\n|move|p2a: Chi-Yu|Dark Pulse|p1b: Scizor\n|-crit|p1b: Scizor\n|-damage|p1b: Scizor|25\/100\n|move|p1b: Scizor|Pounce|p2a: Chi-Yu\n|-damage|p2a: Chi-Yu|56\/100\n|-unboost|p2a: Chi-Yu|spe|1\n|\n|upkeep\n|turn|2\n|\n|t:|1683680838\n|move|p1b: Scizor|Bullet Punch|p2b: Iron Bundle\n|-damage|p2b: Iron Bundle|67\/100\n|move|p2b: Iron Bundle|Freeze-Dry|p1b: Scizor\n|-supereffective|p1b: Scizor\n|-damage|p1b: Scizor|0 fnt\n|faint|p1b: Scizor\n|move|p1a: Flutter Mane|Moonblast|p2a: Chi-Yu\n|-damage|p2a: Chi-Yu|14\/100\n|move|p2a: Chi-Yu|Flamethrower|p1a: Flutter Mane\n|-damage|p1a: Flutter Mane|40\/100\n|\n|upkeep\n|\n|t:|1683680850\n|switch|p1b: Tauros|Tauros-Paldea-Aqua, L50, M|100\/100\n|-ability|p1b: Tauros|Intimidate|boost\n|-unboost|p2a: Chi-Yu|atk|1\n|-unboost|p2b: Iron Bundle|atk|1\n|turn|3\n|\n|t:|1683680886\n|switch|p2a: Iron Hands|Iron Hands, L50|100\/100\n|move|p2b: Iron Bundle|Protect|p2b: Iron Bundle\n|-singleturn|p2b: Iron Bundle|Protect\n|move|p1a: Flutter Mane|Moonblast|p2a: Iron Hands\n|-supereffective|p2a: Iron Hands\n|-damage|p2a: Iron Hands|48\/100\n|move|p1b: Tauros|Trailblaze|p2b: Iron Bundle\n|-activate|p2b: Iron Bundle|move: Protect\n|\n|upkeep\n|turn|4\n|\n|t:|1683680907\n|switch|p1b: Garganacl|Garganacl, L50, F|100\/100\n|move|p2a: Iron Hands|Fake Out|p1b: Garganacl\n|-resisted|p1b: Garganacl\n|-damage|p1b: Garganacl|96\/100\n|move|p2b: Iron Bundle|Hydro Pump|p1a: Flutter Mane\n|-damage|p1a: Flutter Mane|0 fnt\n|faint|p1a: Flutter Mane\n|-end|p1a: Flutter Mane|Protosynthesis|[silent]\n|\n|upkeep\n|\n|t:|1683680915\n|switch|p1a: Tauros|Tauros-Paldea-Aqua, L50, M|100\/100\n|-ability|p1a: Tauros|Intimidate|boost\n|-unboost|p2a: Iron Hands|atk|1\n|-unboost|p2b: Iron Bundle|atk|1\n|turn|5\n|\n|t:|1683680934\n|move|p2b: Iron Bundle|Protect|p2b: Iron Bundle\n|-singleturn|p2b: Iron Bundle|Protect\n|move|p1a: Tauros|Wave Crash|p2a: Iron Hands\n|-damage|p2a: Iron Hands|11\/100\n|-damage|p1a: Tauros|83\/100|[from] Recoil\n|move|p2a: Iron Hands|Volt Switch|p1a: Tauros\n|-supereffective|p1a: Tauros\n|-damage|p1a: Tauros|58\/100\n|\n|t:|1683680942\n|-end|p2a: Iron Hands|Quark Drive|[silent]\n|switch|p2a: Flutter Mane|Flutter Mane, L50|100\/100|[from] Volt Switch\n|move|p1b: Garganacl|Salt Cure|p2b: Iron Bundle\n|-activate|p2b: Iron Bundle|move: Protect\n|\n|upkeep\n|turn|6\n|\n|t:|1683680955\n|move|p2b: Iron Bundle|Freeze-Dry|p1a: Tauros\n|-supereffective|p1a: Tauros\n|-damage|p1a: Tauros|0 fnt\n|faint|p1a: Tauros\n|move|p2a: Flutter Mane|Substitute|p2a: Flutter Mane\n|-start|p2a: Flutter Mane|Substitute\n|-damage|p2a: Flutter Mane|75\/100\n|move|p1b: Garganacl|Salt Cure|p2b: Iron Bundle\n|-supereffective|p2b: Iron Bundle\n|-damage|p2b: Iron Bundle|36\/100\n|-start|p2b: Iron Bundle|Salt Cure\n|\n|-heal|p2a: Flutter Mane|82\/100|[from] item: Leftovers\n|-damage|p2b: Iron Bundle|11\/100|[from] Salt Cure\n|upkeep\n|turn|7\n|\n|t:|1683680971\n|-end|p2b: Iron Bundle|Quark Drive|[silent]\n|switch|p2b: Iron Hands|Iron Hands, L50|11\/100\n|move|p2a: Flutter Mane|Moonblast|p1b: Garganacl\n|-damage|p1b: Garganacl|53\/100\n|move|p1b: Garganacl|Salt Cure|p2b: Iron Hands\n|-resisted|p2b: Iron Hands\n|-damage|p2b: Iron Hands|6\/100\n|-start|p2b: Iron Hands|Salt Cure\n|\n|-heal|p2a: Flutter Mane|88\/100|[from] item: Leftovers\n|-damage|p2b: Iron Hands|0 fnt|[from] Salt Cure\n|faint|p2b: Iron Hands\n|-end|p2b: Iron Hands|Quark Drive|[silent]\n|upkeep\n|\n|t:|1683680974\n|switch|p2b: Chi-Yu|Chi-Yu, L50|14\/100\n|-ability|p2b: Chi-Yu|Beads of Ruin\n|turn|8\n|\n|t:|1683680989\n|move|p2a: Flutter Mane|Moonblast|p1b: Garganacl\n|-damage|p1b: Garganacl|5\/100\n|-enditem|p1b: Garganacl|Aguav Berry|[eat]\n|-heal|p1b: Garganacl|38\/100|[from] item: Aguav Berry\n|move|p2b: Chi-Yu|Dark Pulse|p1b: Garganacl\n|-damage|p1b: Garganacl|0 fnt\n|faint|p1b: Garganacl\n|\n|win|Garompa fan\n|c|\u2606Yeetawheat|gg g1!\n|c|\u2606Garompa fan|GG\n|l|\u2606Garompa fan\n","uploadtime":1683681376,"views":17,"p1id":"yeetawheat","p2id":"garompafan","formatid":"gen9vgc2023regulationc","rating":0,"private":0,"password":""}