{"id":"gen9vgc2023regulationc-1858448472","p1":"Tronplex","p2":"TheTealSpheal","format":"[Gen 9] VGC 2023 Regulation C","log":"|j|\u2606Tronplex\n|j|\u2606TheTealSpheal\n|t:|1683313297\n|gametype|doubles\n|player|p1|Tronplex|2|1224\n|player|p2|TheTealSpheal|fisherman|1145\n|teamsize|p1|6\n|teamsize|p2|6\n|gen|9\n|tier|[Gen 9] VGC 2023 Regulation C\n|rated|\n|rule|Species Clause: Limit one of each Pok\u00e9mon\n|rule|Item Clause: Limit one of each item\n|clearpoke\n|poke|p1|Chi-Yu, L50|\n|poke|p1|Magnezone, L50|\n|poke|p1|Gyarados, L50, M|\n|poke|p1|Brambleghast, L50, F|\n|poke|p1|Great Tusk, L50|\n|poke|p1|Flutter Mane, L50|\n|poke|p2|Torkoal, L50, F|\n|poke|p2|Jumpluff, L50, M|\n|poke|p2|Flutter Mane, L50|\n|poke|p2|Great Tusk, L50|\n|poke|p2|Amoonguss, L50, F|\n|poke|p2|Chi-Yu, L50|\n|teampreview|4\n|inactive|Battle timer is ON: inactive players will automatically lose when time's up. (requested by Tronplex)\n|\n|t:|1683313383\n|start\n|switch|p1a: Gyarados|Gyarados, L50, M, shiny|100\/100\n|switch|p1b: Brambleghast|Brambleghast, L50, F, shiny|100\/100\n|switch|p2a: Chi-Yu|Chi-Yu, L50|100\/100\n|switch|p2b: Great Tusk|Great Tusk, L50|100\/100\n|-ability|p2a: Chi-Yu|Beads of Ruin\n|-ability|p1a: Gyarados|Intimidate|boost\n|-unboost|p2a: Chi-Yu|atk|1\n|-unboost|p2b: Great Tusk|atk|1\n|turn|1\n|inactive|Tronplex has 30 seconds left.\n|\n|t:|1683313414\n|-end|p2b: Great Tusk|Protosynthesis|[silent]\n|switch|p2b: Torkoal|Torkoal, L50, F|100\/100\n|-weather|SunnyDay|[from] ability: Drought|[of] p2b: Torkoal\n|move|p2a: Chi-Yu|Heat Wave|p1b: Brambleghast|[spread] p1a\n|-ability|p1b: Brambleghast|Wind Rider|boost\n|-boost|p1b: Brambleghast|atk|1\n|-resisted|p1a: Gyarados\n|-damage|p1a: Gyarados|64\/100\n|-status|p1a: Gyarados|brn\n|-enditem|p1a: Gyarados|Lum Berry|[eat]\n|-curestatus|p1a: Gyarados|brn|[msg]\n|move|p1b: Brambleghast|Seed Bomb|p2b: Torkoal\n|-resisted|p2b: Torkoal\n|-damage|p2b: Torkoal|77\/100\n|move|p1a: Gyarados|Waterfall|p2b: Torkoal\n|-supereffective|p2b: Torkoal\n|-damage|p2b: Torkoal|43\/100\n|\n|-weather|SunnyDay|[upkeep]\n|upkeep\n|turn|2\n|inactive|Tronplex has 30 seconds left.\n|inactive|TheTealSpheal has 30 seconds left.\n|inactive|TheTealSpheal has 20 seconds left.\n|inactive|TheTealSpheal has 15 seconds left.\n|inactive|TheTealSpheal has 10 seconds left.\n|\n|t:|1683313460\n|-terastallize|p1b: Brambleghast|Ghost\n|move|p2a: Chi-Yu|Heat Wave|p1a: Gyarados|[spread] p1a\n|-ability|p1b: Brambleghast|Wind Rider|boost\n|-boost|p1b: Brambleghast|atk|1\n|-resisted|p1a: Gyarados\n|-damage|p1a: Gyarados|30\/100\n|move|p1b: Brambleghast|Tera Blast|p2b: Torkoal\n|-damage|p2b: Torkoal|0 fnt\n|faint|p2b: Torkoal\n|move|p1a: Gyarados|Waterfall|p2a: Chi-Yu\n|-supereffective|p2a: Chi-Yu\n|-damage|p2a: Chi-Yu|27\/100\n|\n|-weather|SunnyDay|[upkeep]\n|upkeep\n|\n|t:|1683313478\n|switch|p2b: Flutter Mane|Flutter Mane, L50|100\/100\n|-activate|p2b: Flutter Mane|ability: Protosynthesis\n|-start|p2b: Flutter Mane|protosynthesisspe\n|turn|3\n|\n|t:|1683313487\n|move|p1b: Brambleghast|Shadow Sneak|p2b: Flutter Mane\n|-supereffective|p2b: Flutter Mane\n|-damage|p2b: Flutter Mane|0 fnt\n|faint|p2b: Flutter Mane\n|-end|p2b: Flutter Mane|Protosynthesis|[silent]\n|move|p2a: Chi-Yu|Heat Wave|p1b: Brambleghast|[spread] p1a\n|-ability|p1b: Brambleghast|Wind Rider|boost\n|-boost|p1b: Brambleghast|atk|1\n|-resisted|p1a: Gyarados\n|-damage|p1a: Gyarados|0 fnt\n|faint|p1a: Gyarados\n|\n|-weather|SunnyDay|[upkeep]\n|upkeep\n|\n|t:|1683313512\n|switch|p2b: Great Tusk|Great Tusk, L50|100\/100\n|switch|p1a: Great Tusk|Great Tusk, L50, shiny|100\/100\n|-activate|p2b: Great Tusk|ability: Protosynthesis\n|-start|p2b: Great Tusk|protosynthesisatk\n|-activate|p1a: Great Tusk|ability: Protosynthesis\n|-start|p1a: Great Tusk|protosynthesisatk\n|turn|4\n|inactive|TheTealSpheal has 30 seconds left.\n|inactive|TheTealSpheal has 20 seconds left.\n|\n|t:|1683313548\n|-terastallize|p2b: Great Tusk|Fire\n|move|p2a: Chi-Yu|Protect|p2a: Chi-Yu\n|-singleturn|p2a: Chi-Yu|Protect\n|move|p2b: Great Tusk|Earthquake|p1a: Great Tusk|[spread] p1a,p1b\n|-activate|p2a: Chi-Yu|move: Protect\n|-damage|p1a: Great Tusk|62\/100\n|-damage|p1b: Brambleghast|10\/100\n|move|p1a: Great Tusk|Rock Slide|p2a: Chi-Yu|[spread] p2b\n|-activate|p2a: Chi-Yu|move: Protect\n|-supereffective|p2b: Great Tusk\n|-damage|p2b: Great Tusk|65\/100\n|move|p1b: Brambleghast|Seed Bomb|p2b: Great Tusk\n|-resisted|p2b: Great Tusk\n|-damage|p2b: Great Tusk|25\/100\n|\n|-weather|SunnyDay|[upkeep]\n|upkeep\n|turn|5\n|inactive|Tronplex has 30 seconds left.\n|inactive|TheTealSpheal has 30 seconds left.\n|\n|t:|1683313579\n|move|p2a: Chi-Yu|Protect||[still]\n|-fail|p2a: Chi-Yu\n|move|p1b: Brambleghast|Shadow Sneak|p2a: Chi-Yu\n|-resisted|p2a: Chi-Yu\n|-damage|p2a: Chi-Yu|0 fnt\n|faint|p2a: Chi-Yu\n|move|p2b: Great Tusk|Earthquake|p1b: Brambleghast|[spread] p1a,p1b\n|-damage|p1a: Great Tusk|23\/100\n|-damage|p1b: Brambleghast|0 fnt\n|faint|p1b: Brambleghast\n|move|p1a: Great Tusk|Headlong Rush|p2b: Great Tusk\n|-supereffective|p2b: Great Tusk\n|-damage|p2b: Great Tusk|0 fnt\n|-unboost|p1a: Great Tusk|def|1\n|-unboost|p1a: Great Tusk|spd|1\n|faint|p2b: Great Tusk\n|-end|p2b: Great Tusk|Protosynthesis|[silent]\n|\n|win|Tronplex\n|raw|Tronplex's rating: 1224 → 1243<\/strong> (+19 for winning)\n|raw|TheTealSpheal's rating: 1145 → 1126<\/strong> (-19 for losing)\n","uploadtime":1683313600,"views":15,"p1id":"tronplex","p2id":"thetealspheal","formatid":"gen9vgc2023regulationc","rating":1126,"private":0,"password":""}