{"id":"gen9vgc2023regulationc-1848810774","p1":"M3Eyn\u4e42","p2":"Echo Rose#9471","format":"[Gen 9] VGC 2023 Regulation C","log":"|j|\u2606M3Eyn\u4e42\n|j|\u2606Echo Rose#9471\n|t:|1682112872\n|gametype|doubles\n|player|p1|M3Eyn\u4e42|marshal|1233\n|player|p2|Echo Rose#9471|102|1258\n|teamsize|p1|6\n|teamsize|p2|6\n|gen|9\n|tier|[Gen 9] VGC 2023 Regulation C\n|rated|\n|rule|Species Clause: Limit one of each Pok\u00e9mon\n|rule|Item Clause: Limit one of each item\n|clearpoke\n|poke|p1|Pawmot, L50, M|\n|poke|p1|Murkrow, L50, M|\n|poke|p1|Revavroom, L50, M|\n|poke|p1|Quaquaval, L50, F|\n|poke|p1|Haxorus, L50, M|\n|poke|p1|Annihilape, L50, M|\n|poke|p2|Glimmora, L50, M|\n|poke|p2|Wo-Chien, L50|\n|poke|p2|Flutter Mane, L50|\n|poke|p2|Palafin, L50, M|\n|poke|p2|Iron Hands, L50|\n|poke|p2|Talonflame, L50, F|\n|teampreview|4\n|\n|t:|1682112891\n|start\n|switch|p1a: Haxorus|Haxorus, L50, M, shiny|100\/100\n|switch|p1b: Murkrow|Murkrow, L50, M, shiny|100\/100\n|switch|p2a: Glimmora|Glimmora, L50, M|100\/100\n|switch|p2b: Finn Fury|Palafin, L50, M|100\/100\n|-ability|p1a: Haxorus|Mold Breaker\n|turn|1\n|\n|t:|1682112918\n|detailschange|p2b: Finn Fury|Palafin-Hero, L50, M\n|switch|p2b: Wo-Chien|Wo-Chien, L50|100\/100\n|-ability|p2b: Wo-Chien|Tablets of Ruin\n|move|p1b: Murkrow|Tailwind|p1b: Murkrow\n|-sidestart|p1: M3Eyn\u4e42|move: Tailwind\n|move|p1a: Haxorus|Outrage|p2a: Glimmora\n|-damage|p2a: Glimmora|23\/100\n|-activate|p2a: Glimmora|ability: Toxic Debris\n|-sidestart|p1: M3Eyn\u4e42|move: Toxic Spikes\n|-enditem|p2a: Glimmora|Sitrus Berry|[eat]\n|-heal|p2a: Glimmora|47\/100|[from] item: Sitrus Berry\n|move|p2a: Glimmora|Power Gem|p1b: Murkrow\n|-supereffective|p1b: Murkrow\n|-damage|p1b: Murkrow|11\/100\n|\n|upkeep\n|turn|2\n|\n|t:|1682112943\n|switch|p1b: Pawmot|Pawmot, L50, M|100\/100\n|-status|p1b: Pawmot|psn\n|move|p1a: Haxorus|Outrage|p2a: Glimmora|[from]lockedmove\n|-damage|p2a: Glimmora|0 fnt\n|-activate|p2a: Glimmora|ability: Toxic Debris\n|-sidestart|p1: M3Eyn\u4e42|move: Toxic Spikes\n|faint|p2a: Glimmora\n|-start|p1a: Haxorus|confusion|[fatigue]\n|move|p2b: Wo-Chien|Leech Seed|p1a: Haxorus\n|-start|p1a: Haxorus|move: Leech Seed\n|\n|-damage|p1a: Haxorus|89\/100|[from] Leech Seed|[of] p2b: Wo-Chien\n|-damage|p1b: Pawmot|88\/100 psn|[from] psn\n|upkeep\n|\n|t:|1682112958\n|switch|p2a: Flutter Mane|Flutter Mane, L50|100\/100\n|-enditem|p2a: Flutter Mane|Booster Energy\n|-activate|p2a: Flutter Mane|ability: Protosynthesis|[fromitem]\n|-start|p2a: Flutter Mane|protosynthesisspa\n|turn|3\n|\n|t:|1682112983\n|switch|p1a: Annihilape|Annihilape, L50, M|100\/100\n|-status|p1a: Annihilape|tox\n|-terastallize|p1b: Pawmot|Electric\n|-terastallize|p2b: Wo-Chien|Poison\n|move|p1b: Pawmot|Double Shock|p2a: Flutter Mane\n|-damage|p2a: Flutter Mane|25\/100\n|-start|p1b: Pawmot|typechange|Electric|[from] move: Double Shock\n|move|p2a: Flutter Mane|Dazzling Gleam|p1a: Annihilape|[spread] p1a,p1b\n|-supereffective|p1a: Annihilape\n|-damage|p1a: Annihilape|22\/100 tox\n|-damage|p1b: Pawmot|21\/100 psn\n|move|p2b: Wo-Chien|Pollen Puff|p2a: Flutter Mane\n|-heal|p2a: Flutter Mane|74\/100\n|\n|-damage|p1a: Annihilape|16\/100 tox|[from] psn\n|-damage|p1b: Pawmot|9\/100 psn|[from] psn\n|upkeep\n|turn|4\n|\n|t:|1682113008\n|-curestatus|p1b: Pawmot|psn|[from] ability: Natural Cure\n|switch|p1b: Murkrow|Murkrow, L50, M, shiny|11\/100\n|move|p2a: Flutter Mane|Protect|p2a: Flutter Mane\n|-singleturn|p2a: Flutter Mane|Protect\n|move|p2b: Wo-Chien|Protect|p2b: Wo-Chien\n|-singleturn|p2b: Wo-Chien|Protect\n|move|p1a: Annihilape|Phantom Force||[still]\n|-prepare|p1a: Annihilape|Phantom Force\n|\n|-damage|p1a: Annihilape|4\/100 tox|[from] psn\n|-sideend|p1: M3Eyn\u4e42|move: Tailwind\n|upkeep\n|turn|5\n|\n|t:|1682113036\n|move|p1b: Murkrow|Tailwind|p1b: Murkrow\n|-sidestart|p1: M3Eyn\u4e42|move: Tailwind\n|move|p1a: Annihilape|Phantom Force|p2a: Flutter Mane|[from]lockedmove\n|-supereffective|p2a: Flutter Mane\n|-damage|p2a: Flutter Mane|0 fnt\n|faint|p2a: Flutter Mane\n|-end|p2a: Flutter Mane|Protosynthesis|[silent]\n|move|p2b: Wo-Chien|Leech Seed|p1b: Murkrow\n|-start|p1b: Murkrow|move: Leech Seed\n|\n|-damage|p1b: Murkrow|0 fnt|[from] Leech Seed|[of] p2b: Wo-Chien\n|faint|p1b: Murkrow\n|-damage|p1a: Annihilape|0 fnt|[from] psn\n|faint|p1a: Annihilape\n|upkeep\n|\n|t:|1682113048\n|switch|p2a: Finn Fury|Palafin-Hero, L50, M|100\/100\n|switch|p1a: Pawmot|Pawmot, L50, M, tera:Electric|9\/100\n|switch|p1b: Haxorus|Haxorus, L50, M, shiny|89\/100\n|-status|p1a: Pawmot|tox\n|-status|p1b: Haxorus|tox\n|-ability|p1b: Haxorus|Mold Breaker\n|-activate|p2a: Finn Fury|ability: Zero to Hero\n|turn|6\n|\n|t:|1682113053\n|move|p2a: Finn Fury|Protect|p2a: Finn Fury\n|-singleturn|p2a: Finn Fury|Protect\n|move|p2b: Wo-Chien|Protect|p2b: Wo-Chien\n|-singleturn|p2b: Wo-Chien|Protect\n|move|p1a: Pawmot|Fake Out|p2a: Finn Fury\n|-activate|p2a: Finn Fury|move: Protect\n|move|p1b: Haxorus|Trailblaze|p2a: Finn Fury\n|-activate|p2a: Finn Fury|move: Protect\n|\n|-damage|p1a: Pawmot|3\/100 tox|[from] psn\n|-damage|p1b: Haxorus|83\/100 tox|[from] psn\n|upkeep\n|turn|7\n|\n|t:|1682113065\n|move|p2a: Finn Fury|Jet Punch|p1a: Pawmot\n|-damage|p1a: Pawmot|0 fnt\n|faint|p1a: Pawmot\n|move|p1b: Haxorus|Trailblaze|p2a: Finn Fury\n|-supereffective|p2a: Finn Fury\n|-damage|p2a: Finn Fury|63\/100\n|-boost|p1b: Haxorus|spe|1\n|move|p2b: Wo-Chien|Foul Play|p1b: Haxorus\n|-damage|p1b: Haxorus|13\/100 tox\n|\n|-damage|p1b: Haxorus|1\/100 tox|[from] psn\n|upkeep\n|turn|8\n|-message|M3Eyn\u4e42 forfeited.\n|\n|win|Echo Rose#9471\n|raw|M3Eyn\u4e42's rating: 1202 → 1181<\/strong> (-21 for losing)\n|raw|Echo Rose#9471's rating: 1258 → 1279<\/strong> (+21 for winning)\n|l|\u2606M3Eyn\u4e42\n","uploadtime":1682113080,"views":10,"p1id":"m3eyn","p2id":"echorose9471","formatid":"gen9vgc2023regulationc","rating":1181,"private":0,"password":""}