{"id":"gen9vgc2023regulationc-1862041802","p1":"Legends277","p2":"Ericv463","format":"[Gen 9] VGC 2023 Regulation C","log":"|j|\u2606Legends277\n|j|\u2606Ericv463\n|t:|1683831346\n|gametype|doubles\n|player|p1|Legends277|cynthia-gen4|1107\n|player|p2|Ericv463|101|1000\n|teamsize|p1|6\n|teamsize|p2|6\n|gen|9\n|tier|[Gen 9] VGC 2023 Regulation C\n|rated|\n|rule|Species Clause: Limit one of each Pok\u00e9mon\n|rule|Item Clause: Limit one of each item\n|clearpoke\n|poke|p1|Iron Bundle, L50|\n|poke|p1|Abomasnow, L50, F|\n|poke|p1|Ting-Lu, L50|\n|poke|p1|Scizor, L50, M|\n|poke|p1|Skeledirge, L50, M|\n|poke|p1|Vivillon-Monsoon, L50, F|\n|poke|p2|Ceruledge, L50, F|\n|poke|p2|Maushold, L50|\n|poke|p2|Chien-Pao, L50|\n|poke|p2|Ting-Lu, L50|\n|poke|p2|Dragonite, L50, M|\n|poke|p2|Iron Hands, L50|\n|teampreview|4\n|inactive|Battle timer is ON: inactive players will automatically lose when time's up. (requested by Ericv463)\n|\n|t:|1683831364\n|start\n|switch|p1a: Iron Bundle|Iron Bundle, L50|100\/100\n|switch|p1b: Abomasnow|Abomasnow, L50, F, shiny|100\/100\n|switch|p2a: Maushold|Maushold, L50|100\/100\n|switch|p2b: Ceruledge|Ceruledge, L50, F, shiny|100\/100\n|-weather|Snow|[from] ability: Snow Warning|[of] p1b: Abomasnow\n|-enditem|p1a: Iron Bundle|Booster Energy\n|-activate|p1a: Iron Bundle|ability: Quark Drive|[fromitem]\n|-start|p1a: Iron Bundle|quarkdrivespe\n|turn|1\n|inactive|Legends277 has 30 seconds left.\n|inactive|Ericv463 has 30 seconds left.\n|inactive|Legends277 has 20 seconds left.\n|inactive|Legends277 has 15 seconds left.\n|inactive|Legends277 has 10 seconds left.\n|inactive|Legends277 has 5 seconds left.\n|\n|t:|1683831415\n|move|p1a: Iron Bundle|Aurora Veil|p1a: Iron Bundle\n|-sidestart|p1: Legends277|move: Aurora Veil\n|move|p2a: Maushold|Beat Up|p2b: Ceruledge\n|-supereffective|p2b: Ceruledge\n|-damage|p2b: Ceruledge|98\/100\n|-ability|p2b: Ceruledge|Weak Armor|boost\n|-unboost|p2b: Ceruledge|def|1\n|-boost|p2b: Ceruledge|spe|2\n|-enditem|p2b: Ceruledge|Weakness Policy\n|-boost|p2b: Ceruledge|atk|2|[from] item: Weakness Policy\n|-boost|p2b: Ceruledge|spa|2|[from] item: Weakness Policy\n|-supereffective|p2b: Ceruledge\n|-damage|p2b: Ceruledge|92\/100\n|-ability|p2b: Ceruledge|Weak Armor|boost\n|-unboost|p2b: Ceruledge|def|1\n|-boost|p2b: Ceruledge|spe|2\n|-supereffective|p2b: Ceruledge\n|-damage|p2b: Ceruledge|85\/100\n|-ability|p2b: Ceruledge|Weak Armor|boost\n|-unboost|p2b: Ceruledge|def|1\n|-boost|p2b: Ceruledge|spe|2\n|-supereffective|p2b: Ceruledge\n|-damage|p2b: Ceruledge|75\/100\n|-ability|p2b: Ceruledge|Weak Armor|boost\n|-unboost|p2b: Ceruledge|def|1\n|-hitcount|p2b: Ceruledge|4\n|move|p2b: Ceruledge|Bitter Blade|p1b: Abomasnow\n|-supereffective|p1b: Abomasnow\n|-damage|p1b: Abomasnow|0 fnt\n|-heal|p2b: Ceruledge|100\/100|[from] drain|[of] p1b: Abomasnow\n|faint|p1b: Abomasnow\n|\n|-weather|Snow|[upkeep]\n|upkeep\n|\n|t:|1683831439\n|switch|p1b: Vivillon|Vivillon-Monsoon, L50, F|100\/100\n|turn|2\n|\n|t:|1683831458\n|move|p1a: Iron Bundle|Protect|p1a: Iron Bundle\n|-singleturn|p1a: Iron Bundle|Protect\n|move|p2a: Maushold|Follow Me|p2a: Maushold\n|-singleturn|p2a: Maushold|move: Follow Me\n|move|p2b: Ceruledge|Bitter Blade|p1a: Iron Bundle\n|-activate|p1a: Iron Bundle|move: Protect\n|move|p1b: Vivillon|Tailwind|p1b: Vivillon\n|-sidestart|p1: Legends277|move: Tailwind\n|\n|-weather|Snow|[upkeep]\n|upkeep\n|turn|3\n|inactive|Legends277 has 30 seconds left.\n|inactive|Legends277 has 20 seconds left.\n|inactive|Legends277 has 15 seconds left.\n|inactive|Legends277 has 10 seconds left.\n|inactive|Legends277 has 5 seconds left.\n|\n|t:|1683831513\n|move|p2a: Maushold|Follow Me|p2a: Maushold\n|-singleturn|p2a: Maushold|move: Follow Me\n|move|p1a: Iron Bundle|Blizzard|p2b: Ceruledge|[spread] p2a,p2b\n|-resisted|p2b: Ceruledge\n|-damage|p2a: Maushold|67\/100\n|-damage|p2b: Ceruledge|83\/100\n|-status|p2a: Maushold|frz\n|move|p2b: Ceruledge|Bitter Blade|p1a: Iron Bundle\n|-damage|p1a: Iron Bundle|68\/100\n|-heal|p2b: Ceruledge|97\/100|[from] drain|[of] p1a: Iron Bundle\n|move|p1b: Vivillon|Tailwind||[still]\n|-fail|p1b: Vivillon\n|\n|-weather|Snow|[upkeep]\n|upkeep\n|turn|4\n|inactive|Ericv463 has 30 seconds left.\n|\n|t:|1683831544\n|move|p1a: Iron Bundle|Hydro Pump|p2b: Ceruledge|[miss]\n|-miss|p1a: Iron Bundle|p2b: Ceruledge\n|move|p2b: Ceruledge|Bitter Blade|p1b: Vivillon\n|-supereffective|p1b: Vivillon\n|-enditem|p1b: Vivillon|Focus Sash\n|-damage|p1b: Vivillon|1\/100\n|-heal|p2b: Ceruledge|100\/100|[from] drain|[of] p1b: Vivillon\n|move|p1b: Vivillon|Pollen Puff|p1a: Iron Bundle\n|-heal|p1a: Iron Bundle|100\/100\n|cant|p2a: Maushold|frz\n|\n|-weather|Snow|[upkeep]\n|upkeep\n|turn|5\n|\n|t:|1683831565\n|switch|p1b: Ting-Lu|Ting-Lu, L50|100\/100\n|-ability|p1b: Ting-Lu|Vessel of Ruin\n|move|p2b: Ceruledge|Protect|p2b: Ceruledge\n|-singleturn|p2b: Ceruledge|Protect\n|move|p1a: Iron Bundle|Hydro Pump|p2b: Ceruledge\n|-activate|p2b: Ceruledge|move: Protect\n|cant|p2a: Maushold|frz\n|\n|-weather|none\n|-sideend|p1: Legends277|move: Tailwind\n|-sideend|p1: Legends277|move: Aurora Veil\n|upkeep\n|turn|6\n|inactive|Legends277 has 30 seconds left.\n|\n|t:|1683831595\n|-terastallize|p2b: Ceruledge|Grass\n|cant|p2a: Maushold|frz\n|move|p2b: Ceruledge|Bitter Blade|p1a: Iron Bundle\n|-damage|p1a: Iron Bundle|0 fnt\n|faint|p1a: Iron Bundle\n|-end|p1a: Iron Bundle|Quark Drive|[silent]\n|move|p1b: Ting-Lu|Stone Edge|p2b: Ceruledge\n|-crit|p2b: Ceruledge\n|-damage|p2b: Ceruledge|2\/100\n|-ability|p2b: Ceruledge|Weak Armor|boost\n|-unboost|p2b: Ceruledge|def|1\n|\n|upkeep\n|\n|t:|1683831612\n|switch|p1a: Vivillon|Vivillon-Monsoon, L50, F|1\/100\n|turn|7\n|inactive|Legends277 has 30 seconds left.\n|\n|t:|1683831637\n|move|p2b: Ceruledge|Protect|p2b: Ceruledge\n|-singleturn|p2b: Ceruledge|Protect\n|move|p1a: Vivillon|Protect|p1a: Vivillon\n|-singleturn|p1a: Vivillon|Protect\n|cant|p2a: Maushold|frz\n|move|p1b: Ting-Lu|Stomping Tantrum|p2b: Ceruledge\n|-activate|p2b: Ceruledge|move: Protect\n|\n|upkeep\n|turn|8\n|\n|t:|1683831660\n|move|p1a: Vivillon|Protect|p1a: Vivillon\n|-singleturn|p1a: Vivillon|Protect\n|-curestatus|p2a: Maushold|frz|[msg]\n|move|p2a: Maushold|Follow Me|p2a: Maushold\n|-singleturn|p2a: Maushold|move: Follow Me\n|move|p2b: Ceruledge|Bitter Blade|p1b: Ting-Lu\n|-damage|p1b: Ting-Lu|62\/100\n|-heal|p2b: Ceruledge|33\/100|[from] drain|[of] p1b: Ting-Lu\n|move|p1b: Ting-Lu|Throat Chop|p2a: Maushold\n|-damage|p2a: Maushold|22\/100\n|-start|p2a: Maushold|Throat Chop|[silent]\n|\n|upkeep\n|turn|9\n|-message|Legends277 forfeited.\n|\n|win|Ericv463\n|raw|Legends277's rating: 1107 → 1075<\/strong> (-32 for losing)\n|raw|Ericv463's rating: 1000 → 1052<\/strong> (+52 for winning)\n|l|\u2606Legends277\n","uploadtime":1683831688,"views":13,"p1id":"legends277","p2id":"ericv463","formatid":"gen9vgc2023regulationc","rating":1052,"private":0,"password":""}