{"id":"gen9vgc2023regulationc-1848331468","p1":"Sumo'sWeenusVGC","p2":"bfnhvnh","format":"[Gen 9] VGC 2023 Regulation C","log":"|j|\u2606Sumo'sWeenusVGC\n|j|\u2606bfnhvnh\n|t:|1682061848\n|gametype|doubles\n|player|p1|Sumo'sWeenusVGC|colress|1158\n|player|p2|bfnhvnh|170|1057\n|teamsize|p1|6\n|teamsize|p2|6\n|gen|9\n|tier|[Gen 9] VGC 2023 Regulation C\n|rated|\n|rule|Species Clause: Limit one of each Pok\u00e9mon\n|rule|Item Clause: Limit one of each item\n|clearpoke\n|poke|p1|Wo-Chien, L50|\n|poke|p1|Flutter Mane, L50|\n|poke|p1|Glimmora, L50, F|\n|poke|p1|Palafin, L50, F|\n|poke|p1|Arcanine, L50, F|\n|poke|p1|Kingambit, L50, F|\n|poke|p2|Sableye, L50, F|\n|poke|p2|Dondozo, L50, F|\n|poke|p2|Lycanroc-Midnight, L50, F|\n|poke|p2|Gastrodon, L50, M|\n|poke|p2|Tyranitar, L50, M|\n|poke|p2|Houndstone, L50, M|\n|teampreview|4\n|inactive|Battle timer is ON: inactive players will automatically lose when time's up. (requested by Sumo'sWeenusVGC)\nSumo'sWeenusVGC has agreed to open team sheets.\n|\n|t:|1682061873\n|start\n|switch|p1a: Wo-Chien|Wo-Chien, L50|100\/100\n|switch|p1b: Flutter Mane|Flutter Mane, L50, shiny|100\/100\n|switch|p2a: Sableye|Sableye, L50, F|100\/100\n|switch|p2b: Lycanroc|Lycanroc-Midnight, L50, F|100\/100\n|-ability|p1a: Wo-Chien|Tablets of Ruin\n|turn|1\n|inactive|Sumo'sWeenusVGC has 30 seconds left.\n|\n|t:|1682061899\n|-end|p1b: Flutter Mane|Protosynthesis|[silent]\n|switch|p1b: Glimmora|Glimmora, L50, F, shiny|100\/100\n|move|p2a: Sableye|Skill Swap|p2b: Lycanroc\n|-activate|p2a: Sableye|move: Skill Swap|||[of] p2b: Lycanroc\n|move|p2b: Lycanroc|Stone Edge|p1b: Glimmora|[miss]\n|-miss|p2b: Lycanroc|p1b: Glimmora\n|move|p1a: Wo-Chien|Giga Drain|p2b: Lycanroc\n|-supereffective|p2b: Lycanroc\n|-damage|p2b: Lycanroc|43\/100\n|\n|upkeep\n|turn|2\n|\n|t:|1682061919\n|switch|p2b: Dondozo|Dondozo, L50, F|100\/100\n|move|p2a: Sableye|Skill Swap|p2b: Dondozo\n|-activate|p2a: Sableye|move: Skill Swap|||[of] p2b: Dondozo\n|move|p1b: Glimmora|Energy Ball|p2b: Dondozo\n|-supereffective|p2b: Dondozo\n|-damage|p2b: Dondozo|46\/100\n|move|p1a: Wo-Chien|Giga Drain|p2b: Dondozo\n|-supereffective|p2b: Dondozo\n|-damage|p2b: Dondozo|9\/100\n|\n|-heal|p2b: Dondozo|15\/100|[from] item: Leftovers\n|upkeep\n|turn|3\n|inactive|bfnhvnh has 30 seconds left.\n|\n|t:|1682061948\n|-terastallize|p2b: Dondozo|Steel\n|move|p2a: Sableye|Skill Swap|p1a: Wo-Chien\n|-activate|p2a: Sableye|move: Skill Swap|Tablets of Ruin|Unaware|[of] p1a: Wo-Chien\n|-ability|p2a: Sableye|Tablets of Ruin\n|move|p1b: Glimmora|Energy Ball|p2b: Dondozo\n|-resisted|p2b: Dondozo\n|-damage|p2b: Dondozo|2\/100\n|move|p1a: Wo-Chien|Leech Seed|p2a: Sableye\n|-start|p2a: Sableye|move: Leech Seed\n|move|p2b: Dondozo|Rest|p2b: Dondozo\n|-status|p2b: Dondozo|slp|[from] move: Rest\n|-heal|p2b: Dondozo|100\/100 slp|[silent]\n|\n|-damage|p2a: Sableye|88\/100|[from] Leech Seed|[of] p1a: Wo-Chien\n|upkeep\n|turn|4\n|inactive|Sumo'sWeenusVGC has 30 seconds left.\n|\n|t:|1682061977\n|switch|p1a: Kingambit|Kingambit, L50, F|100\/100\n|move|p1b: Glimmora|Spiky Shield|p1b: Glimmora\n|-singleturn|p1b: Glimmora|move: Protect\n|move|p2a: Sableye|Encore||[still]\n|-fail|p2a: Sableye\n|cant|p2b: Dondozo|slp\n|move|p2b: Dondozo|Sleep Talk|p2b: Dondozo\n|move|p2b: Dondozo|Rest||[from]move: Sleep Talk|[still]\n|-fail|p2b: Dondozo\n|\n|-damage|p2a: Sableye|76\/100|[from] Leech Seed|[of] p1a: Kingambit\n|upkeep\n|turn|5\n|\n|t:|1682062001\n|-terastallize|p1a: Kingambit|Flying\n|move|p2a: Sableye|Encore|p1b: Glimmora\n|-start|p1b: Glimmora|Encore\n|move|p1b: Glimmora|Spiky Shield||[still]\n|-fail|p1b: Glimmora\n|move|p1a: Kingambit|Low Kick|p2b: Dondozo\n|-supereffective|p2b: Dondozo\n|-damage|p2b: Dondozo|64\/100 slp\n|cant|p2b: Dondozo|slp\n|move|p2b: Dondozo|Sleep Talk|p2b: Dondozo\n|move|p2b: Dondozo|Rest||[from]move: Sleep Talk|[still]\n|-fail|p2b: Dondozo\n|\n|-heal|p2b: Dondozo|70\/100 slp|[from] item: Leftovers\n|-damage|p2a: Sableye|64\/100|[from] Leech Seed|[of] p1a: Kingambit\n|upkeep\n|turn|6\n|\n|t:|1682062022\n|switch|p1b: Flutter Mane|Flutter Mane, L50, shiny|100\/100\n|move|p2a: Sableye|Will-O-Wisp|p1a: Kingambit\n|-status|p1a: Kingambit|brn\n|move|p1a: Kingambit|Low Kick|p2b: Dondozo\n|-supereffective|p2b: Dondozo\n|-damage|p2b: Dondozo|53\/100 slp\n|-curestatus|p2b: Dondozo|slp|[msg]\n|move|p2b: Dondozo|Sleep Talk||[still]\n|-fail|p2b: Dondozo\n|\n|-heal|p2b: Dondozo|59\/100|[from] item: Leftovers\n|-damage|p2a: Sableye|52\/100|[from] Leech Seed|[of] p1a: Kingambit\n|-damage|p1a: Kingambit|94\/100 brn|[from] brn\n|upkeep\n|turn|7\n|inactive|bfnhvnh has 30 seconds left.\n|\n|t:|1682062050\n|switch|p2a: Lycanroc|Lycanroc-Midnight, L50, F|43\/100\n|move|p1b: Flutter Mane|Shadow Ball|p2b: Dondozo\n|-damage|p2b: Dondozo|8\/100\n|move|p1a: Kingambit|Low Kick|p2b: Dondozo\n|-supereffective|p2b: Dondozo\n|-damage|p2b: Dondozo|0 fnt\n|faint|p2b: Dondozo\n|\n|-damage|p1a: Kingambit|88\/100 brn|[from] brn\n|upkeep\n|-message|bfnhvnh forfeited.\n|\n|win|Sumo'sWeenusVGC\n|raw|Sumo'sWeenusVGC's rating: 1158 → 1176<\/strong> (+18 for winning)\n|raw|bfnhvnh's rating: 1057 → 1044<\/strong> (-13 for losing)\n|l|\u2606bfnhvnh\n|c|\u2606Sumo'sWeenusVGC|rest is always 2 turns\n","uploadtime":1682062086,"views":4,"p1id":"sumosweenusvgc","p2id":"bfnhvnh","formatid":"gen9vgc2023regulationc","rating":1044,"private":0,"password":""}