{"id":"gen9vgc2023regulationc-1859816090","p1":"ujcrdduks","p2":"Muffinz64","format":"[Gen 9] VGC 2023 Regulation C","log":"|j|\u203dujcrdduks\n|j|\u2606Muffinz64\n|t:|1683566910\n|gametype|doubles\n|player|p1|ujcrdduks|169|1078\n|player|p2|Muffinz64|pokemonranger|1041\n|teamsize|p1|6\n|teamsize|p2|6\n|gen|9\n|tier|[Gen 9] VGC 2023 Regulation C\n|rated|\n|rule|Species Clause: Limit one of each Pok\u00e9mon\n|rule|Item Clause: Limit one of each item\n|clearpoke\n|poke|p1|Garchomp, L50, M|\n|poke|p1|Rotom-Frost, L50|\n|poke|p1|Murkrow, L50, F|\n|poke|p1|Kilowattrel, L50, F|\n|poke|p1|Misdreavus, L50, M|\n|poke|p1|Gardevoir, L50, F|\n|poke|p2|Bisharp, L50, M|\n|poke|p2|Vaporeon, L50, F|\n|poke|p2|Heracross, L50, F|\n|poke|p2|Weavile, L50, M|\n|poke|p2|Gallade, L50, M|\n|poke|p2|Sableye, L50, M|\n|teampreview|4\n|\n|t:|1683566933\n|start\n|switch|p1a: Garchomp|Garchomp, L50, M|100\/100\n|switch|p1b: Rotom|Rotom-Frost, L50|100\/100\n|switch|p2a: Weavile|Weavile, L50, M|100\/100\n|switch|p2b: Bisharp|Bisharp, L50, M|100\/100\n|-ability|p2a: Weavile|Pressure\n|turn|1\n|\n|t:|1683566957\n|-terastallize|p1a: Garchomp|Steel\n|move|p2a: Weavile|Ice Spinner|p1a: Garchomp\n|-resisted|p1a: Garchomp\n|-damage|p1a: Garchomp|79\/100\n|-damage|p2a: Weavile|88\/100|[from] ability: Rough Skin|[of] p1a: Garchomp\n|move|p1a: Garchomp|Earthquake|p2a: Weavile|[spread] p2a,p2b\n|-immune|p1b: Rotom|[from] ability: Levitate\n|-supereffective|p2b: Bisharp\n|-damage|p2a: Weavile|0 fnt\n|-damage|p2b: Bisharp|21\/100\n|faint|p2a: Weavile\n|move|p1b: Rotom|Thunder|p2b: Bisharp|[miss]\n|-miss|p1b: Rotom|p2b: Bisharp\n|move|p2b: Bisharp|Iron Head|p1b: Rotom\n|-damage|p1b: Rotom|47\/100\n|\n|upkeep\n|\n|t:|1683566974\n|switch|p2a: Sableye|Sableye, L50, M|100\/100\n|turn|2\n|\n|t:|1683567001\n|move|p2a: Sableye|Fake Out|p1a: Garchomp\n|-resisted|p1a: Garchomp\n|-damage|p1a: Garchomp|75\/100\n|-damage|p2a: Sableye|89\/100|[from] ability: Rough Skin|[of] p1a: Garchomp\n|move|p2b: Bisharp|Sucker Punch|p1b: Rotom\n|-damage|p1b: Rotom|0 fnt\n|faint|p1b: Rotom\n|cant|p1a: Garchomp|flinch\n|\n|-heal|p2a: Sableye|94\/100|[from] item: Leftovers\n|upkeep\n|\n|t:|1683567015\n|switch|p1b: Misdreavus|Misdreavus, L50, M|100\/100\n|turn|3\n|\n|t:|1683567025\n|move|p2b: Bisharp|Sucker Punch|p1a: Garchomp\n|-damage|p1a: Garchomp|42\/100\n|-damage|p2b: Bisharp|9\/100|[from] ability: Rough Skin|[of] p1a: Garchomp\n|move|p2a: Sableye|Will-O-Wisp|p1a: Garchomp\n|-status|p1a: Garchomp|brn\n|move|p1a: Garchomp|Earthquake|p2a: Sableye|[spread] p2a,p2b\n|-immune|p1b: Misdreavus|[from] ability: Levitate\n|-supereffective|p2b: Bisharp\n|-damage|p2a: Sableye|52\/100\n|-damage|p2b: Bisharp|0 fnt\n|faint|p2b: Bisharp\n|move|p1b: Misdreavus|Destiny Bond|p1b: Misdreavus\n|-singlemove|p1b: Misdreavus|Destiny Bond\n|\n|-heal|p2a: Sableye|57\/100|[from] item: Leftovers\n|-damage|p1a: Garchomp|36\/100 brn|[from] brn\n|upkeep\n|\n|t:|1683567041\n|switch|p2b: Gallade|Gallade, L50, M|100\/100\n|turn|4\n|\n|t:|1683567056\n|-terastallize|p2b: Gallade|Water\n|move|p2a: Sableye|Recover|p2a: Sableye\n|-heal|p2a: Sableye|100\/100\n|move|p1a: Garchomp|Earthquake|p2a: Sableye|[spread] p2a,p2b\n|-immune|p1b: Misdreavus|[from] ability: Levitate\n|-damage|p2a: Sableye|61\/100\n|-damage|p2b: Gallade|46\/100\n|move|p2b: Gallade|Aqua Cutter|p1a: Garchomp\n|-damage|p1a: Garchomp|0 fnt\n|faint|p1a: Garchomp\n|move|p1b: Misdreavus|Will-O-Wisp|p2b: Gallade\n|-status|p2b: Gallade|brn\n|\n|-heal|p2a: Sableye|66\/100|[from] item: Leftovers\n|-damage|p2b: Gallade|40\/100 brn|[from] brn\n|upkeep\n|\n|t:|1683567073\n|switch|p1a: Kilowattrel|Kilowattrel, L50, F|100\/100\n|turn|5\n|\n|t:|1683567086\n|move|p2a: Sableye|Will-O-Wisp|p1a: Kilowattrel\n|-status|p1a: Kilowattrel|brn\n|move|p1a: Kilowattrel|Discharge|p2a: Sableye|[spread] p1b,p2a,p2b\n|-supereffective|p2b: Gallade\n|-damage|p1b: Misdreavus|86\/100\n|-damage|p2a: Sableye|36\/100\n|-damage|p2b: Gallade|0 fnt\n|faint|p2b: Gallade\n|move|p1b: Misdreavus|Will-O-Wisp|p2a: Sableye\n|-status|p2a: Sableye|brn\n|\n|-heal|p2a: Sableye|42\/100 brn|[from] item: Leftovers\n|-damage|p1a: Kilowattrel|94\/100 brn|[from] brn\n|-damage|p2a: Sableye|36\/100 brn|[from] brn\n|upkeep\n|turn|6\n|\n|t:|1683567106\n|move|p2a: Sableye|Recover|p2a: Sableye\n|-heal|p2a: Sableye|87\/100 brn\n|move|p1a: Kilowattrel|Discharge|p2a: Sableye|[spread] p1b,p2a\n|-damage|p1b: Misdreavus|71\/100\n|-damage|p2a: Sableye|55\/100 brn\n|-status|p1b: Misdreavus|par\n|move|p1b: Misdreavus|Night Shade|p2a: Sableye\n|-damage|p2a: Sableye|20\/100 brn\n|\n|-heal|p2a: Sableye|26\/100 brn|[from] item: Leftovers\n|-damage|p1a: Kilowattrel|88\/100 brn|[from] brn\n|-damage|p2a: Sableye|20\/100 brn|[from] brn\n|upkeep\n|turn|7\n|\n|t:|1683567131\n|move|p2a: Sableye|Recover|p2a: Sableye\n|-heal|p2a: Sableye|70\/100 brn\n|move|p1a: Kilowattrel|Hurricane|p2a: Sableye\n|-damage|p2a: Sableye|15\/100 brn\n|-start|p2a: Sableye|confusion\n|move|p1b: Misdreavus|Night Shade|p2a: Sableye\n|-damage|p2a: Sableye|0 fnt\n|faint|p2a: Sableye\n|\n|win|ujcrdduks\n|raw|ujcrdduks's rating: 1078 → 1103<\/strong> (+25 for winning)\n|raw|Muffinz64's rating: 1041 → 1027<\/strong> (-14 for losing)\n|l|\u203dujcrdduks\n","uploadtime":1683567407,"views":3,"p1id":"ujcrdduks","p2id":"muffinz64","formatid":"gen9vgc2023regulationc","rating":1027,"private":0,"password":""}