{"id":"gen9vgc2023regulationc-1861315979","p1":"XxStpYTxX","p2":"Cordero26","format":"[Gen 9] VGC 2023 Regulation C","log":"|j|\u2606XxStpYTxX\n|j|\u2606Cordero26\n|t:|1683745193\n|gametype|doubles\n|player|p1|XxStpYTxX|1|1140\n|player|p2|Cordero26|nate|1126\n|teamsize|p1|6\n|teamsize|p2|6\n|gen|9\n|tier|[Gen 9] VGC 2023 Regulation C\n|rated|\n|rule|Species Clause: Limit one of each Pok\u00e9mon\n|rule|Item Clause: Limit one of each item\n|clearpoke\n|poke|p1|Amoonguss, L50, F|\n|poke|p1|Garchomp, L50, F|\n|poke|p1|Arcanine, L50, F|\n|poke|p1|Gardevoir, L50, F|\n|poke|p1|Annihilape, L50, F|\n|poke|p1|Ceruledge, L50, M|\n|poke|p2|Baxcalibur, L50, M|\n|poke|p2|Chi-Yu, L50|\n|poke|p2|Flutter Mane, L50|\n|poke|p2|Arcanine, L50, M|\n|poke|p2|Kingambit, L50, M|\n|poke|p2|Gastrodon, L50, F|\n|teampreview|4\n|\n|t:|1683745215\n|start\n|switch|p1a: Ceruledge|Ceruledge, L50, M|100\/100\n|switch|p1b: Amoonguss|Amoonguss, L50, F|100\/100\n|switch|p2a: Chi-Yu|Chi-Yu, L50|100\/100\n|switch|p2b: Flutter Mane|Flutter Mane, L50|100\/100\n|-ability|p2a: Chi-Yu|Beads of Ruin\n|-enditem|p2b: Flutter Mane|Booster Energy\n|-activate|p2b: Flutter Mane|ability: Protosynthesis|[fromitem]\n|-start|p2b: Flutter Mane|protosynthesisspa\n|turn|1\n|\n|t:|1683745236\n|-terastallize|p2b: Flutter Mane|Grass\n|-terastallize|p1a: Ceruledge|Grass\n|move|p2b: Flutter Mane|Shadow Ball|p1a: Ceruledge\n|-damage|p1a: Ceruledge|42\/100\n|move|p2a: Chi-Yu|Heat Wave|p1b: Amoonguss|[spread] p1b\n|-start|p1a: Ceruledge|ability: Flash Fire\n|-supereffective|p1b: Amoonguss\n|-damage|p1b: Amoonguss|24\/100\n|move|p1a: Ceruledge|Bitter Blade|p2b: Flutter Mane\n|-supereffective|p2b: Flutter Mane\n|-crit|p2b: Flutter Mane\n|-damage|p2b: Flutter Mane|0 fnt\n|-heal|p1a: Ceruledge|80\/100|[from] drain|[of] p2b: Flutter Mane\n|faint|p2b: Flutter Mane\n|-end|p2b: Flutter Mane|Protosynthesis|[silent]\n|move|p1b: Amoonguss|Spore|p2a: Chi-Yu\n|-activate|p2a: Chi-Yu|item: Safety Goggles|Spore\n|\n|upkeep\n|\n|t:|1683745250\n|switch|p2b: Gastrodon|Gastrodon, L50, F|100\/100\n|turn|2\n|\n|t:|1683745266\n|move|p2b: Gastrodon|Protect|p2b: Gastrodon\n|-singleturn|p2b: Gastrodon|Protect\n|move|p1b: Amoonguss|Protect|p1b: Amoonguss\n|-singleturn|p1b: Amoonguss|Protect\n|move|p2a: Chi-Yu|Dark Pulse|p1a: Ceruledge\n|-damage|p1a: Ceruledge|42\/100\n|move|p1a: Ceruledge|Brick Break|p2a: Chi-Yu\n|-supereffective|p2a: Chi-Yu\n|-damage|p2a: Chi-Yu|28\/100\n|\n|upkeep\n|turn|3\n|\n|t:|1683745303\n|switch|p2a: Baxcalibur|Baxcalibur, L50, M|100\/100\n|-end|p1a: Ceruledge|ability: Flash Fire|[silent]\n|switch|p1a: Garchomp|Garchomp, L50, F|100\/100\n|move|p2b: Gastrodon|Earth Power|p1a: Garchomp\n|-damage|p1a: Garchomp|56\/100\n|-damage|p2b: Gastrodon|90\/100|[from] item: Life Orb\n|move|p1b: Amoonguss|Spore|p2b: Gastrodon\n|-status|p2b: Gastrodon|slp|[from] move: Spore\n|\n|upkeep\n|turn|4\n|\n|t:|1683745328\n|switch|p1a: Arcanine|Arcanine, L50, F|100\/100\n|-ability|p1a: Arcanine|Intimidate|boost\n|-unboost|p2a: Baxcalibur|atk|1\n|-unboost|p2b: Gastrodon|atk|1\n|move|p2a: Baxcalibur|Ice Shard|p1a: Arcanine\n|-resisted|p1a: Arcanine\n|-damage|p1a: Arcanine|93\/100\n|cant|p2b: Gastrodon|slp\n|move|p1b: Amoonguss|Spore|p2a: Baxcalibur\n|-status|p2a: Baxcalibur|slp|[from] move: Spore\n|\n|upkeep\n|turn|5\n|\n|t:|1683745354\n|switch|p1b: Ceruledge|Ceruledge, L50, M, tera:Grass|42\/100\n|cant|p2a: Baxcalibur|slp\n|move|p1a: Arcanine|Flare Blitz|p2a: Baxcalibur\n|-damage|p2a: Baxcalibur|48\/100 slp\n|-ability|p2a: Baxcalibur|Thermal Exchange|boost\n|-boost|p2a: Baxcalibur|atk|1\n|-damage|p1a: Arcanine|76\/100|[from] Recoil\n|cant|p2b: Gastrodon|slp\n|\n|upkeep\n|turn|6\n|\n|t:|1683745373\n|cant|p2a: Baxcalibur|slp\n|move|p1a: Arcanine|Flare Blitz|p2a: Baxcalibur\n|-damage|p2a: Baxcalibur|5\/100 slp\n|-ability|p2a: Baxcalibur|Thermal Exchange|boost\n|-boost|p2a: Baxcalibur|atk|1\n|-damage|p1a: Arcanine|61\/100|[from] Recoil\n|move|p1b: Ceruledge|Poison Jab|p2b: Gastrodon\n|-resisted|p2b: Gastrodon\n|-damage|p2b: Gastrodon|76\/100 slp\n|cant|p2b: Gastrodon|slp\n|\n|upkeep\n|turn|7\n|\n|t:|1683745401\n|move|p1a: Arcanine|Extreme Speed|p2a: Baxcalibur\n|-damage|p2a: Baxcalibur|0 fnt\n|faint|p2a: Baxcalibur\n|move|p1b: Ceruledge|Brick Break|p2b: Gastrodon\n|-damage|p2b: Gastrodon|45\/100 slp\n|-curestatus|p2b: Gastrodon|slp|[msg]\n|move|p2b: Gastrodon|Earth Power|p1a: Arcanine\n|-supereffective|p1a: Arcanine\n|-damage|p1a: Arcanine|0 fnt\n|faint|p1a: Arcanine\n|-damage|p2b: Gastrodon|35\/100|[from] item: Life Orb\n|\n|upkeep\n|\n|t:|1683745415\n|switch|p2a: Chi-Yu|Chi-Yu, L50|28\/100\n|switch|p1a: Garchomp|Garchomp, L50, F|56\/100\n|-ability|p2a: Chi-Yu|Beads of Ruin\n|turn|8\n|\n|t:|1683745437\n|move|p2a: Chi-Yu|Protect|p2a: Chi-Yu\n|-singleturn|p2a: Chi-Yu|Protect\n|move|p1a: Garchomp|Earthquake|p2a: Chi-Yu|[spread] p1b,p2b\n|-activate|p2a: Chi-Yu|move: Protect\n|-resisted|p1b: Ceruledge\n|-damage|p1b: Ceruledge|25\/100\n|-damage|p2b: Gastrodon|0 fnt\n|faint|p2b: Gastrodon\n|move|p1b: Ceruledge|Brick Break|p2a: Chi-Yu\n|-activate|p2a: Chi-Yu|move: Protect\n|\n|upkeep\n|turn|9\n|\n|t:|1683745452\n|move|p2a: Chi-Yu|Dark Pulse|p1a: Garchomp\n|-damage|p1a: Garchomp|7\/100\n|cant|p1a: Garchomp|flinch\n|move|p1b: Ceruledge|Brick Break|p2a: Chi-Yu\n|-supereffective|p2a: Chi-Yu\n|-damage|p2a: Chi-Yu|0 fnt\n|faint|p2a: Chi-Yu\n|\n|win|XxStpYTxX\n|raw|XxStpYTxX's rating: 1140 → 1164<\/strong> (+24 for winning)\n|raw|Cordero26's rating: 1126 → 1102<\/strong> (-24 for losing)\n|l|\u2606Cordero26\n|c|\u2606XxStpYTxX|Gg wp\n","uploadtime":1683745475,"views":12,"p1id":"xxstpytxx","p2id":"cordero26","formatid":"gen9vgc2023regulationc","rating":1102,"private":0,"password":""}