{"id":"gen9vgc2023regulationc-1855172426","p1":"s.daninja","p2":"Alphonse_gg","format":"[Gen 9] VGC 2023 Regulation C","log":"|j|\u2606s.daninja\n|j|\u2606Alphonse_gg\n|t:|1682910265\n|gametype|doubles\n|player|p1|s.daninja|lass|\n|player|p2|Alphonse_gg|crasherwake|\n|teamsize|p1|6\n|teamsize|p2|6\n|gen|9\n|tier|[Gen 9] VGC 2023 Regulation C\n|rule|Species Clause: Limit one of each Pok\u00e9mon\n|rule|Item Clause: Limit one of each item\n|clearpoke\n|poke|p1|Torkoal, L50, M|\n|poke|p1|Great Tusk, L50|\n|poke|p1|Annihilape, L50, F|\n|poke|p1|Garchomp, L50, F|\n|poke|p1|Raichu, L50, F|\n|poke|p1|Rotom-Wash, L50|\n|poke|p2|Torkoal, L50, F|\n|poke|p2|Garchomp, L50, F|\n|poke|p2|Rotom-Wash, L50|\n|poke|p2|Goodra, L50, F|\n|poke|p2|Tauros-Paldea-Blaze, L50, M|\n|poke|p2|Staraptor, L50, F|\n|teampreview|4\n|j| buenocomoeloro\n|c| buenocomoeloro|go\n|\n|t:|1682910346\n|start\n|switch|p1a: Raichu|Raichu, L50, F|100\/100\n|switch|p1b: Rotom|Rotom-Wash, L50|100\/100\n|switch|p2a: Garchomp|Garchomp, L50, F|100\/100\n|switch|p2b: Staraptor|Staraptor, L50, F|100\/100\n|turn|1\n|\n|t:|1682910388\n|switch|p2b: Goodra|Goodra, L50, F|100\/100\n|-terastallize|p2a: Garchomp|Fire\n|move|p1a: Raichu|Fake Out|p2b: Goodra\n|-damage|p2b: Goodra|90\/100\n|-ability|p2b: Goodra|Gooey\n|-unboost|p1a: Raichu|spe|1\n|move|p2a: Garchomp|Earthquake|p1a: Raichu|[spread] p2b,p1a\n|-immune|p1b: Rotom|[from] ability: Levitate\n|-supereffective|p1a: Raichu\n|-damage|p2b: Goodra|40\/100\n|-enditem|p1a: Raichu|Focus Sash\n|-damage|p1a: Raichu|1\/100\n|move|p1b: Rotom|Discharge|p2b: Goodra|[spread] p2a,p2b\n|-ability|p1a: Raichu|Lightning Rod|boost\n|-boost|p1a: Raichu|spa|1\n|-resisted|p2b: Goodra\n|-damage|p2a: Garchomp|68\/100\n|-damage|p2b: Goodra|36\/100\n|-status|p2b: Goodra|par\n|\n|upkeep\n|turn|2\n|\n|t:|1682910434\n|switch|p1a: Garchomp|Garchomp, L50, F|100\/100\n|move|p2a: Garchomp|Earthquake|p1b: Rotom|[spread] p2b,p1a\n|-immune|p1b: Rotom|[from] ability: Levitate\n|-damage|p2b: Goodra|0 fnt\n|-damage|p1a: Garchomp|61\/100\n|faint|p2b: Goodra\n|move|p1b: Rotom|Discharge|p2a: Garchomp|[spread] p2a\n|-immune|p1a: Garchomp\n|-damage|p2a: Garchomp|40\/100\n|\n|upkeep\n|\n|t:|1682910454\n|switch|p2b: Staraptor|Staraptor, L50, F|100\/100\n|turn|3\n|\n|t:|1682910468\n|move|p2a: Garchomp|Earthquake|p1b: Rotom|[spread] p1a\n|-immune|p2b: Staraptor\n|-immune|p1b: Rotom|[from] ability: Levitate\n|-damage|p1a: Garchomp|17\/100\n|move|p1b: Rotom|Discharge|p2a: Garchomp|[spread] p2a,p2b\n|-immune|p1a: Garchomp\n|-supereffective|p2b: Staraptor\n|-crit|p2b: Staraptor\n|-damage|p2a: Garchomp|9\/100\n|-damage|p2b: Staraptor|0 fnt\n|faint|p2b: Staraptor\n|move|p1a: Garchomp|Rock Slide|p2a: Garchomp\n|-supereffective|p2a: Garchomp\n|-damage|p2a: Garchomp|0 fnt\n|faint|p2a: Garchomp\n|\n|upkeep\n|c|\u2606s.daninja|ya casi gano...\n|\n|t:|1682910483\n|switch|p2a: Rotom|Rotom-Wash, L50|100\/100\n|turn|4\n|\n|t:|1682910496\n|switch|p1a: Torkoal|Torkoal, L50, M|100\/100\n|-weather|SunnyDay|[from] ability: Drought|[of] p1a: Torkoal\n|-terastallize|p1b: Rotom|Electric\n|move|p1b: Rotom|Discharge|p2a: Rotom|[spread] p1a,p2a\n|-crit|p2a: Rotom\n|-damage|p1a: Torkoal|55\/100\n|-damage|p2a: Rotom|53\/100\n|move|p2a: Rotom|Hydro Pump|p1a: Torkoal\n|-supereffective|p1a: Torkoal\n|-damage|p1a: Torkoal|0 fnt\n|faint|p1a: Torkoal\n|\n|-weather|SunnyDay|[upkeep]\n|upkeep\n|\n|t:|1682910499\n|switch|p1a: Raichu|Raichu, L50, F|1\/100\n|turn|5\n|\n|t:|1682910511\n|move|p2a: Rotom|Protect|p2a: Rotom\n|-singleturn|p2a: Rotom|Protect\n|move|p1a: Raichu|Fake Out|p2a: Rotom\n|-activate|p2a: Rotom|move: Protect\n|move|p1b: Rotom|Discharge|p2a: Rotom|[spread] \n|-activate|p2a: Rotom|move: Protect\n|-ability|p1a: Raichu|Lightning Rod|boost\n|-boost|p1a: Raichu|spa|1\n|\n|-weather|SunnyDay|[upkeep]\n|upkeep\n|turn|6\n|\n|t:|1682910532\n|move|p1b: Rotom|Discharge|p2a: Rotom|[spread] p2a\n|-ability|p1a: Raichu|Lightning Rod|boost\n|-boost|p1a: Raichu|spa|1\n|-damage|p2a: Rotom|20\/100\n|-enditem|p2a: Rotom|Sitrus Berry|[eat]\n|-heal|p2a: Rotom|45\/100|[from] item: Sitrus Berry\n|move|p1a: Raichu|Discharge|p2a: Rotom|[spread] p1b,p2a\n|-resisted|p1b: Rotom\n|-damage|p1b: Rotom|69\/100\n|-damage|p2a: Rotom|2\/100\n|move|p2a: Rotom|Hydro Pump|p1a: Raichu\n|-damage|p1a: Raichu|0 fnt\n|faint|p1a: Raichu\n|\n|-weather|SunnyDay|[upkeep]\n|upkeep\n|\n|t:|1682910546\n|switch|p1a: Garchomp|Garchomp, L50, F|17\/100\n|turn|7\n|\n|t:|1682910551\n|move|p1b: Rotom|Discharge|p2a: Rotom|[spread] p2a\n|-immune|p1a: Garchomp\n|-damage|p2a: Rotom|0 fnt\n|faint|p2a: Rotom\n|\n|win|s.daninja\n","uploadtime":1682910558,"views":10,"p1id":"sdaninja","p2id":"alphonsegg","formatid":"gen9vgc2023regulationc","rating":0,"private":0,"password":""}