{"id":"gen9vgc2023regulationc-1845881400","p1":"coolieman","p2":"slimejrlegit","format":"[Gen 9] VGC 2023 Regulation C","log":"|j|\u2606coolieman\n|j|\u2606slimejrlegit\n|t:|1681774835\n|gametype|doubles\n|player|p1|coolieman|lucy|1282\n|player|p2|slimejrlegit|102|1273\n|teamsize|p1|6\n|teamsize|p2|6\n|gen|9\n|tier|[Gen 9] VGC 2023 Regulation C\n|rated|\n|rule|Species Clause: Limit one of each Pok\u00e9mon\n|rule|Item Clause: Limit one of each item\n|clearpoke\n|poke|p1|Dondozo, L50, M|\n|poke|p1|Tatsugiri, L50, F|\n|poke|p1|Glimmora, L50, M|\n|poke|p1|Dragonite, L50, M|\n|poke|p1|Flutter Mane, L50|\n|poke|p1|Chi-Yu, L50|\n|poke|p2|Chien-Pao, L50|\n|poke|p2|Arcanine, L50, F|\n|poke|p2|Garchomp, L50, M|\n|poke|p2|Dragonite, L50, M|\n|poke|p2|Iron Bundle, L50|\n|poke|p2|Abomasnow, L50, F|\n|teampreview|4\n|\n|t:|1681774872\n|start\n|switch|p1a: Glimmora|Glimmora, L50, M, shiny|100\/100\n|switch|p1b: Dondozo|Dondozo, L50, M|100\/100\n|switch|p2a: Iron Bundle|Iron Bundle, L50|100\/100\n|switch|p2b: Garchomp|Garchomp, L50, M|100\/100\n|-enditem|p2a: Iron Bundle|Booster Energy\n|-activate|p2a: Iron Bundle|ability: Quark Drive|[fromitem]\n|-start|p2a: Iron Bundle|quarkdrivespe\n|turn|1\n|\n|t:|1681774901\n|-terastallize|p1a: Glimmora|Grass\n|move|p1b: Dondozo|Protect|p1b: Dondozo\n|-singleturn|p1b: Dondozo|Protect\n|move|p2a: Iron Bundle|Freeze-Dry|p1a: Glimmora\n|-supereffective|p1a: Glimmora\n|-damage|p1a: Glimmora|5\/100\n|move|p2b: Garchomp|Stomping Tantrum|p1a: Glimmora\n|-resisted|p1a: Glimmora\n|-damage|p1a: Glimmora|0 fnt\n|-activate|p1a: Glimmora|ability: Toxic Debris\n|-sidestart|p2: slimejrlegit|move: Toxic Spikes\n|faint|p1a: Glimmora\n|\n|upkeep\n|\n|t:|1681774914\n|switch|p1a: Dragonite|Dragonite, L50, M|100\/100\n|turn|2\n|\n|t:|1681774925\n|switch|p2b: Arcanine|Arcanine, L50, F|100\/100\n|-status|p2b: Arcanine|psn\n|-ability|p2b: Arcanine|Intimidate|boost\n|-unboost|p1a: Dragonite|atk|1\n|-unboost|p1b: Dondozo|atk|1\n|move|p2a: Iron Bundle|Freeze-Dry|p1b: Dondozo\n|-supereffective|p1b: Dondozo\n|-damage|p1b: Dondozo|43\/100\n|move|p1a: Dragonite|Outrage|p2a: Iron Bundle\n|-damage|p2a: Iron Bundle|45\/100\n|move|p1b: Dondozo|Yawn|p2a: Iron Bundle\n|-start|p2a: Iron Bundle|move: Yawn|[of] p1b: Dondozo\n|\n|-heal|p1b: Dondozo|49\/100|[from] item: Leftovers\n|-damage|p2b: Arcanine|88\/100 psn|[from] psn\n|upkeep\n|turn|3\n|\n|t:|1681774970\n|switch|p2b: Abomasnow|Abomasnow, L50, F|100\/100\n|-status|p2b: Abomasnow|psn\n|-weather|Snow|[from] ability: Snow Warning|[of] p2b: Abomasnow\n|switch|p1b: Chi-Yu|Chi-Yu, L50|100\/100\n|-ability|p1b: Chi-Yu|Beads of Ruin\n|move|p2a: Iron Bundle|Freeze-Dry|p1a: Dragonite\n|-supereffective|p1a: Dragonite\n|-damage|p1a: Dragonite|5\/100\n|move|p1a: Dragonite|Outrage|p2a: Iron Bundle|[from]lockedmove\n|-damage|p2a: Iron Bundle|10\/100\n|\n|-weather|Snow|[upkeep]\n|-damage|p2b: Abomasnow|88\/100 psn|[from] psn\n|-end|p2a: Iron Bundle|move: Yawn|[silent]\n|-status|p2a: Iron Bundle|slp\n|upkeep\n|turn|4\n|\n|t:|1681775001\n|move|p2b: Abomasnow|Protect|p2b: Abomasnow\n|-singleturn|p2b: Abomasnow|Protect\n|cant|p2a: Iron Bundle|slp\n|move|p1b: Chi-Yu|Flamethrower|p2b: Abomasnow\n|-activate|p2b: Abomasnow|move: Protect\n|move|p1a: Dragonite|Outrage|p2a: Iron Bundle|[from]lockedmove\n|-damage|p2a: Iron Bundle|0 fnt\n|faint|p2a: Iron Bundle\n|-end|p2a: Iron Bundle|Quark Drive|[silent]\n|-start|p1a: Dragonite|confusion|[fatigue]\n|-enditem|p1a: Dragonite|Lum Berry|[eat]\n|-end|p1a: Dragonite|confusion\n|\n|-weather|Snow|[upkeep]\n|-damage|p2b: Abomasnow|76\/100 psn|[from] psn\n|upkeep\n|\n|t:|1681775013\n|switch|p2a: Garchomp|Garchomp, L50, M|100\/100\n|-status|p2a: Garchomp|psn\n|turn|5\n|\n|t:|1681775031\n|switch|p1b: Dondozo|Dondozo, L50, M|49\/100\n|switch|p2b: Arcanine|Arcanine, L50, F|88\/100 psn\n|-ability|p2b: Arcanine|Intimidate|boost\n|-unboost|p1a: Dragonite|atk|1\n|-unboost|p1b: Dondozo|atk|1\n|-terastallize|p2a: Garchomp|Fire\n|move|p2a: Garchomp|Stomping Tantrum|p1b: Dondozo\n|-crit|p1b: Dondozo\n|-damage|p1b: Dondozo|15\/100\n|move|p1a: Dragonite|Tailwind|p1a: Dragonite\n|-sidestart|p1: coolieman|move: Tailwind\n|\n|-weather|Snow|[upkeep]\n|-heal|p1b: Dondozo|21\/100|[from] item: Leftovers\n|-damage|p2a: Garchomp|88\/100 psn|[from] psn\n|-damage|p2b: Arcanine|76\/100 psn|[from] psn\n|upkeep\n|turn|6\n|\n|t:|1681775064\n|move|p1b: Dondozo|Protect|p1b: Dondozo\n|-singleturn|p1b: Dondozo|Protect\n|move|p2b: Arcanine|Extreme Speed|p1b: Dondozo\n|-activate|p1b: Dondozo|move: Protect\n|move|p2a: Garchomp|Stomping Tantrum|p1b: Dondozo\n|-activate|p1b: Dondozo|move: Protect\n|move|p1a: Dragonite|Outrage|p2a: Garchomp\n|-damage|p2a: Garchomp|53\/100 psn\n|\n|-weather|Snow|[upkeep]\n|-heal|p1b: Dondozo|28\/100|[from] item: Leftovers\n|-damage|p2a: Garchomp|41\/100 psn|[from] psn\n|-damage|p2b: Arcanine|64\/100 psn|[from] psn\n|upkeep\n|turn|7\n|\n|t:|1681775081\n|move|p2a: Garchomp|Stomping Tantrum|p1b: Dondozo\n|-damage|p1b: Dondozo|3\/100\n|move|p1a: Dragonite|Outrage|p2a: Garchomp|[from]lockedmove\n|-damage|p2a: Garchomp|5\/100 psn\n|-start|p1a: Dragonite|confusion|[fatigue]\n|move|p1b: Dondozo|Earthquake|p2b: Arcanine|[spread] p2a,p2b\n|-immune|p1a: Dragonite\n|-supereffective|p2a: Garchomp\n|-supereffective|p2b: Arcanine\n|-damage|p2a: Garchomp|0 fnt\n|-damage|p2b: Arcanine|39\/100 psn\n|faint|p2a: Garchomp\n|move|p2b: Arcanine|Howl|p2b: Arcanine\n|-boost|p2b: Arcanine|atk|1\n|\n|-weather|Snow|[upkeep]\n|-heal|p1b: Dondozo|10\/100|[from] item: Leftovers\n|-damage|p2b: Arcanine|26\/100 psn|[from] psn\n|upkeep\n|\n|t:|1681775088\n|switch|p2a: Abomasnow|Abomasnow, L50, F|76\/100 psn\n|turn|8\n|\n|t:|1681775102\n|switch|p1a: Chi-Yu|Chi-Yu, L50|100\/100\n|-ability|p1a: Chi-Yu|Beads of Ruin\n|move|p2b: Arcanine|Extreme Speed|p1a: Chi-Yu\n|-damage|p1a: Chi-Yu|60\/100\n|move|p1b: Dondozo|Liquidation|p2b: Arcanine\n|-supereffective|p2b: Arcanine\n|-damage|p2b: Arcanine|0 fnt\n|faint|p2b: Arcanine\n|move|p2a: Abomasnow|Leech Seed|p1b: Dondozo|[miss]\n|-miss|p2a: Abomasnow|p1b: Dondozo\n|\n|-weather|Snow|[upkeep]\n|-heal|p1b: Dondozo|16\/100|[from] item: Leftovers\n|-damage|p2a: Abomasnow|64\/100 psn|[from] psn\n|-sideend|p1: coolieman|move: Tailwind\n|upkeep\n|turn|9\n|\n|t:|1681775125\n|move|p1a: Chi-Yu|Flamethrower|p2a: Abomasnow\n|-supereffective|p2a: Abomasnow\n|-damage|p2a: Abomasnow|0 fnt\n|faint|p2a: Abomasnow\n|\n|win|coolieman\n|raw|coolieman's rating: 1282 → 1306<\/strong> (+24 for winning)\n|raw|slimejrlegit's rating: 1273 → 1249<\/strong> (-24 for losing)\n","uploadtime":1681775132,"views":13,"p1id":"coolieman","p2id":"slimejrlegit","formatid":"gen9vgc2023regulationc","rating":1249,"private":0,"password":""}