{"id":"gen9vgc2023regulationc-1849386261","p1":"Hactorgv_128","p2":"Mono fire 2","format":"[Gen 9] VGC 2023 Regulation C","log":"|j|\u2606Hactorgv_128\n|j|\u2606Mono fire 2\n|t:|1682192694\n|gametype|doubles\n|player|p1|Hactorgv_128|bruno|1127\n|player|p2|Mono fire 2|169|1068\n|teamsize|p1|6\n|teamsize|p2|6\n|gen|9\n|tier|[Gen 9] VGC 2023 Regulation C\n|rated|\n|rule|Species Clause: Limit one of each Pok\u00e9mon\n|rule|Item Clause: Limit one of each item\n|clearpoke\n|poke|p1|Farigiraf, L50, F|\n|poke|p1|Iron Hands, L50|\n|poke|p1|Kingambit, L50, F|\n|poke|p1|Palafin, L50, F|\n|poke|p1|Skeledirge, L50, M|\n|poke|p1|Arboliva, L50, F|\n|poke|p2|Armarouge, L50, F|\n|poke|p2|Torkoal, L50, F|\n|poke|p2|Scovillain, L50, F|\n|poke|p2|Talonflame, L50, F|\n|poke|p2|Chi-Yu, L50|\n|poke|p2|Iron Moth, L50|\n|teampreview|4\n|inactive|Battle timer is ON: inactive players will automatically lose when time's up. (requested by Hactorgv_128)\n|inactive|Mono fire 2 has 60 seconds left.\n|\n|t:|1682192736\n|start\n|switch|p1a: Farigiraf|Farigiraf, L50, F|100\/100\n|switch|p1b: Iron Hands|Iron Hands, L50|100\/100\n|switch|p2a: Scovillain|Scovillain, L50, F|100\/100\n|switch|p2b: Torkoal|Torkoal, L50, F|100\/100\n|-weather|SunnyDay|[from] ability: Drought|[of] p2b: Torkoal\n|-enditem|p1b: Iron Hands|Booster Energy\n|-activate|p1b: Iron Hands|ability: Quark Drive|[fromitem]\n|-start|p1b: Iron Hands|quarkdriveatk\n|turn|1\n|inactive|Mono fire 2 has 30 seconds left.\n|inactive|Mono fire 2 has 20 seconds left.\n|\n|t:|1682192773\n|-terastallize|p2a: Scovillain|Grass\n|move|p1b: Iron Hands|Fake Out|p2b: Torkoal\n|-damage|p2b: Torkoal|83\/100\n|move|p2a: Scovillain|Solar Beam||[still]\n|-prepare|p2a: Scovillain|Solar Beam\n|-anim|p2a: Scovillain|Solar Beam|p1a: Farigiraf\n|-crit|p1a: Farigiraf\n|-damage|p1a: Farigiraf|0 fnt\n|faint|p1a: Farigiraf\n|-damage|p2a: Scovillain|91\/100|[from] item: Life Orb\n|cant|p2b: Torkoal|flinch\n|\n|-weather|SunnyDay|[upkeep]\n|upkeep\n|\n|t:|1682192784\n|switch|p1a: Skeledirge|Skeledirge, L50, M|100\/100\n|turn|2\n|inactive|Mono fire 2 has 30 seconds left.\n|\n|t:|1682192818\n|switch|p2a: Chi-Yu|Chi-Yu, L50|100\/100\n|-ability|p2a: Chi-Yu|Beads of Ruin\n|move|p1a: Skeledirge|Shadow Ball|p2a: Chi-Yu\n|-resisted|p2a: Chi-Yu\n|-damage|p2a: Chi-Yu|81\/100\n|move|p1b: Iron Hands|Close Combat|p2b: Torkoal\n|-damage|p2b: Torkoal|18\/100\n|-unboost|p1b: Iron Hands|def|1\n|-unboost|p1b: Iron Hands|spd|1\n|move|p2b: Torkoal|Earth Power|p1a: Skeledirge\n|-supereffective|p1a: Skeledirge\n|-damage|p1a: Skeledirge|55\/100\n|\n|-weather|SunnyDay|[upkeep]\n|upkeep\n|turn|3\n|\n|t:|1682192840\n|switch|p2b: Talonflame|Talonflame, L50, F|100\/100\n|move|p2a: Chi-Yu|Snarl|p1b: Iron Hands|[spread] p1a,p1b\n|-supereffective|p1a: Skeledirge\n|-resisted|p1b: Iron Hands\n|-damage|p1a: Skeledirge|15\/100\n|-damage|p1b: Iron Hands|82\/100\n|-unboost|p1a: Skeledirge|spa|1\n|-unboost|p1b: Iron Hands|spa|1\n|move|p1a: Skeledirge|Earth Power|p2a: Chi-Yu\n|-supereffective|p2a: Chi-Yu\n|-damage|p2a: Chi-Yu|40\/100\n|move|p1b: Iron Hands|Wild Charge|p2b: Talonflame\n|-supereffective|p2b: Talonflame\n|-damage|p2b: Talonflame|0 fnt\n|faint|p2b: Talonflame\n|-damage|p1b: Iron Hands|64\/100|[from] Recoil\n|\n|-weather|SunnyDay|[upkeep]\n|upkeep\n|\n|t:|1682192861\n|switch|p2b: Scovillain|Scovillain, L50, F, tera:Grass|91\/100\n|turn|4\n|\n|t:|1682192871\n|switch|p1a: Kingambit|Kingambit, L50, F|100\/100\n|move|p2b: Scovillain|Solar Beam||[still]\n|-prepare|p2b: Scovillain|Solar Beam\n|-anim|p2b: Scovillain|Solar Beam|p1b: Iron Hands\n|-damage|p1b: Iron Hands|0 fnt\n|faint|p1b: Iron Hands\n|-end|p1b: Iron Hands|Quark Drive|[silent]\n|-damage|p2b: Scovillain|82\/100|[from] item: Life Orb\n|move|p2a: Chi-Yu|Snarl|p1a: Kingambit\n|-resisted|p1a: Kingambit\n|-damage|p1a: Kingambit|82\/100\n|-unboost|p1a: Kingambit|spa|1\n|-ability|p1a: Kingambit|Defiant|boost\n|-boost|p1a: Kingambit|atk|2\n|\n|-weather|SunnyDay|[upkeep]\n|upkeep\n|\n|t:|1682192884\n|switch|p1b: Skeledirge|Skeledirge, L50, M|15\/100\n|turn|5\n|\n|t:|1682192905\n|-terastallize|p1a: Kingambit|Dark\n|move|p2b: Scovillain|Protect|p2b: Scovillain\n|-singleturn|p2b: Scovillain|Protect\n|move|p2a: Chi-Yu|Heat Wave|p1a: Kingambit|[spread] p1a,p1b\n|-resisted|p1b: Skeledirge\n|-damage|p1a: Kingambit|13\/100\n|-damage|p1b: Skeledirge|0 fnt\n|faint|p1b: Skeledirge\n|move|p1a: Kingambit|Kowtow Cleave|p2b: Scovillain\n|-activate|p2b: Scovillain|move: Protect\n|\n|-weather|none\n|upkeep\n|turn|6\n|c|\u2606Hactorgv_128|Gg\n|inactive|Mono fire 2 has 30 seconds left.\n|\n|t:|1682192932\n|move|p1a: Kingambit|Sucker Punch|p2a: Chi-Yu\n|-resisted|p2a: Chi-Yu\n|-damage|p2a: Chi-Yu|0 fnt\n|faint|p2a: Chi-Yu\n|move|p2b: Scovillain|Giga Drain|p1a: Kingambit\n|-damage|p1a: Kingambit|0 fnt\n|-heal|p2b: Scovillain|89\/100|[from] drain|[of] p1a: Kingambit\n|faint|p1a: Kingambit\n|-damage|p2b: Scovillain|79\/100|[from] item: Life Orb\n|\n|win|Mono fire 2\n|raw|Hactorgv_128's rating: 1127 → 1098<\/strong> (-29 for losing)\n|raw|Mono fire 2's rating: 1068 → 1103<\/strong> (+35 for winning)\n|l|\u2606Hactorgv_128\n","uploadtime":1682192983,"views":6,"p1id":"hactorgv128","p2id":"monofire2","formatid":"gen9vgc2023regulationc","rating":1098,"private":0,"password":""}