{"id":"gen9vgc2023regulationc-1847541152","p1":"riadma","p2":"4thWorkWeekend","format":"[Gen 9] VGC 2023 Regulation C","log":"|j|\u2606riadma\n|j|\u26064thWorkWeekend\n|t:|1681970058\n|gametype|doubles\n|player|p1|riadma|twins-gen4|1044\n|player|p2|4thWorkWeekend|265|1110\n|teamsize|p1|6\n|teamsize|p2|6\n|gen|9\n|tier|[Gen 9] VGC 2023 Regulation C\n|rated|\n|rule|Species Clause: Limit one of each Pok\u00e9mon\n|rule|Item Clause: Limit one of each item\n|clearpoke\n|poke|p1|Amoonguss, L50, M|\n|poke|p1|Iron Hands, L50|\n|poke|p1|Dragonite, L50, M|\n|poke|p1|Pelipper, L50, M|\n|poke|p1|Palafin, L50, F|\n|poke|p1|Baxcalibur, L50, M|\n|poke|p2|Iron Hands, L50|\n|poke|p2|Amoonguss, L50, F|\n|poke|p2|Gyarados, L50, F|\n|poke|p2|Flutter Mane, L50|\n|poke|p2|Chi-Yu, L50|\n|poke|p2|Roaring Moon, L50|\n|teampreview|4\n|\n|t:|1681970082\n|start\n|switch|p1a: Beaker|Pelipper, L50, M|100\/100\n|switch|p1b: Turqoise|Palafin, L50, F|100\/100\n|switch|p2a: Iron Hands|Iron Hands, L50|100\/100\n|switch|p2b: Chi-Yu|Chi-Yu, L50|100\/100\n|-ability|p2b: Chi-Yu|Beads of Ruin\n|-weather|RainDance|[from] ability: Drizzle|[of] p1a: Beaker\n|turn|1\n|\n|t:|1681970102\n|detailschange|p1b: Turqoise|Palafin-Hero, L50, F\n|switch|p1b: Maradona|Iron Hands, L50, shiny|100\/100\n|-terastallize|p2b: Chi-Yu|Water\n|move|p1a: Beaker|Protect|p1a: Beaker\n|-singleturn|p1a: Beaker|Protect\n|move|p2a: Iron Hands|Fake Out|p1a: Beaker\n|-activate|p1a: Beaker|move: Protect\n|move|p2b: Chi-Yu|Nasty Plot|p2b: Chi-Yu\n|-boost|p2b: Chi-Yu|spa|2\n|\n|-weather|RainDance|[upkeep]\n|upkeep\n|turn|2\n|inactive|Battle timer is ON: inactive players will automatically lose when time's up. (requested by riadma)\n|\n|t:|1681970188\n|-end|p2a: Iron Hands|Quark Drive|[silent]\n|switch|p2a: Gyarados|Gyarados, L50, F|100\/100\n|-ability|p2a: Gyarados|Intimidate|boost\n|-unboost|p1a: Beaker|atk|1\n|-unboost|p1b: Maradona|atk|1\n|move|p2b: Chi-Yu|Protect|p2b: Chi-Yu\n|-singleturn|p2b: Chi-Yu|Protect\n|move|p1b: Maradona|Fake Out|p2b: Chi-Yu\n|-activate|p2b: Chi-Yu|move: Protect\n|move|p1a: Beaker|Tailwind|p1a: Beaker\n|-sidestart|p1: riadma|move: Tailwind\n|\n|-weather|RainDance|[upkeep]\n|upkeep\n|turn|3\n|inactive|4thWorkWeekend has 30 seconds left.\n|\n|t:|1681970217\n|move|p1a: Beaker|Hurricane|p2b: Chi-Yu\n|-damage|p2b: Chi-Yu|54\/100\n|move|p1b: Maradona|Wild Charge|p2b: Chi-Yu\n|-supereffective|p2b: Chi-Yu\n|-damage|p2b: Chi-Yu|0 fnt\n|faint|p2b: Chi-Yu\n|-damage|p1b: Maradona|92\/100|[from] Recoil\n|move|p2a: Gyarados|Waterfall|p1b: Maradona\n|-damage|p1b: Maradona|60\/100\n|\n|-weather|RainDance|[upkeep]\n|upkeep\n|\n|t:|1681970229\n|switch|p2b: Iron Hands|Iron Hands, L50|100\/100\n|turn|4\n|\n|t:|1681970244\n|-end|p1b: Maradona|Quark Drive|[silent]\n|switch|p1b: Turqoise|Palafin-Hero, L50, F|100\/100\n|-activate|p1b: Turqoise|ability: Zero to Hero\n|move|p1a: Beaker|Hydro Pump|p2b: Iron Hands\n|-damage|p2b: Iron Hands|67\/100\n|move|p2a: Gyarados|Waterfall|p1b: Turqoise\n|-resisted|p1b: Turqoise\n|-damage|p1b: Turqoise|79\/100\n|move|p2b: Iron Hands|Wild Charge|p1a: Beaker\n|-supereffective|p1a: Beaker\n|-enditem|p1a: Beaker|Focus Sash\n|-damage|p1a: Beaker|1\/100\n|-damage|p2b: Iron Hands|53\/100|[from] Recoil\n|\n|-weather|RainDance|[upkeep]\n|upkeep\n|turn|5\n|inactive|riadma has 30 seconds left.\n|\n|t:|1681970276\n|-terastallize|p1b: Turqoise|Water\n|move|p1b: Turqoise|Wave Crash|p2b: Iron Hands\n|-damage|p2b: Iron Hands|0 fnt\n|faint|p2b: Iron Hands\n|-end|p2b: Iron Hands|Quark Drive|[silent]\n|-damage|p1b: Turqoise|57\/100|[from] Recoil\n|move|p1a: Beaker|Hurricane|p2a: Gyarados\n|-damage|p2a: Gyarados|63\/100\n|move|p2a: Gyarados|Thunder Wave|p1b: Turqoise\n|-status|p1b: Turqoise|par\n|\n|-weather|none\n|-sideend|p1: riadma|move: Tailwind\n|upkeep\n|\n|t:|1681970298\n|switch|p2b: Flutter Mane|Flutter Mane, L50|100\/100\n|turn|6\n|inactive|riadma has 30 seconds left.\n|inactive|4thWorkWeekend has 30 seconds left.\n|\n|t:|1681970330\n|switch|p1a: Maradona|Iron Hands, L50, shiny|60\/100\n|cant|p1b: Turqoise|par\n|move|p2b: Flutter Mane|Moonblast|p1b: Turqoise\n|-damage|p1b: Turqoise|0 fnt\n|faint|p1b: Turqoise\n|move|p2a: Gyarados|Waterfall|p1a: Maradona\n|-damage|p1a: Maradona|39\/100\n|\n|upkeep\n|\n|t:|1681970343\n|switch|p1b: ShiningArmor|Dragonite, L50, M|100\/100\n|turn|7\n|\n|t:|1681970354\n|move|p2a: Gyarados|Protect|p2a: Gyarados\n|-singleturn|p2a: Gyarados|Protect\n|move|p1a: Maradona|Fake Out|p2a: Gyarados\n|-activate|p2a: Gyarados|move: Protect\n|move|p2b: Flutter Mane|Moonblast|p1a: Maradona\n|-supereffective|p1a: Maradona\n|-damage|p1a: Maradona|0 fnt\n|faint|p1a: Maradona\n|-end|p1a: Maradona|Quark Drive|[silent]\n|move|p1b: ShiningArmor|Ice Spinner|p2b: Flutter Mane\n|-damage|p2b: Flutter Mane|49\/100\n|\n|upkeep\n|\n|t:|1681970366\n|switch|p1a: Beaker|Pelipper, L50, M|1\/100\n|-weather|RainDance|[from] ability: Drizzle|[of] p1a: Beaker\n|turn|8\n|\n|t:|1681970381\n|move|p2b: Flutter Mane|Moonblast|p1b: ShiningArmor\n|-supereffective|p1b: ShiningArmor\n|-damage|p1b: ShiningArmor|42\/100\n|move|p1a: Beaker|Tailwind|p1a: Beaker\n|-sidestart|p1: riadma|move: Tailwind\n|move|p1b: ShiningArmor|Ice Spinner|p2b: Flutter Mane\n|-damage|p2b: Flutter Mane|0 fnt\n|faint|p2b: Flutter Mane\n|-end|p2b: Flutter Mane|Protosynthesis|[silent]\n|move|p2a: Gyarados|Waterfall|p1a: Beaker\n|-resisted|p1a: Beaker\n|-damage|p1a: Beaker|0 fnt\n|faint|p1a: Beaker\n|\n|-weather|RainDance|[upkeep]\n|upkeep\n|turn|9\n|\n|t:|1681970400\n|move|p1b: ShiningArmor|Ice Spinner|p2a: Gyarados\n|-damage|p2a: Gyarados|35\/100\n|move|p2a: Gyarados|Thunder Wave|p1b: ShiningArmor|[miss]\n|-miss|p2a: Gyarados|p1b: ShiningArmor\n|\n|-weather|RainDance|[upkeep]\n|upkeep\n|turn|10\n|\n|t:|1681970408\n|move|p2a: Gyarados|Protect|p2a: Gyarados\n|-singleturn|p2a: Gyarados|Protect\n|move|p1b: ShiningArmor|Ice Spinner|p2a: Gyarados\n|-activate|p2a: Gyarados|move: Protect\n|\n|-weather|RainDance|[upkeep]\n|upkeep\n|turn|11\n|\n|t:|1681970423\n|move|p1b: ShiningArmor|Ice Spinner|p2a: Gyarados\n|-damage|p2a: Gyarados|6\/100\n|-enditem|p2a: Gyarados|Figy Berry|[eat]\n|-heal|p2a: Gyarados|39\/100|[from] item: Figy Berry\n|move|p2a: Gyarados|Thunder Wave|p1b: ShiningArmor\n|-status|p1b: ShiningArmor|par\n|-enditem|p1b: ShiningArmor|Lum Berry|[eat]\n|-curestatus|p1b: ShiningArmor|par|[msg]\n|\n|-weather|RainDance|[upkeep]\n|-sideend|p1: riadma|move: Tailwind\n|upkeep\n|turn|12\n|inactive|4thWorkWeekend has 30 seconds left.\n|inactive|4thWorkWeekend has 20 seconds left.\n|inactive|4thWorkWeekend has 15 seconds left.\n|inactive|4thWorkWeekend has 10 seconds left.\n|inactive|4thWorkWeekend has 5 seconds left.\n|\n|t:|1681970478\n|move|p1b: ShiningArmor|Protect|p1b: ShiningArmor\n|-singleturn|p1b: ShiningArmor|Protect\n|move|p2a: Gyarados|Protect||[still]\n|-fail|p2a: Gyarados\n|\n|-weather|none\n|upkeep\n|turn|13\n|\n|t:|1681970492\n|move|p1b: ShiningArmor|Ice Spinner|p2a: Gyarados\n|-damage|p2a: Gyarados|8\/100\n|move|p2a: Gyarados|Thunder Wave|p1b: ShiningArmor\n|-status|p1b: ShiningArmor|par\n|\n|upkeep\n|turn|14\n|\n|t:|1681970500\n|move|p1b: ShiningArmor|Extreme Speed|p2a: Gyarados\n|-damage|p2a: Gyarados|0 fnt\n|faint|p2a: Gyarados\n|\n|win|riadma\n|raw|riadma's rating: 1044 → 1084<\/strong> (+40 for winning)\n|raw|4thWorkWeekend's rating: 1110 → 1080<\/strong> (-30 for losing)\n","uploadtime":1681970506,"views":8,"p1id":"riadma","p2id":"4thworkweekend","formatid":"gen9vgc2023regulationc","rating":1080,"private":0,"password":""}