{"id":"gen9vgc2023regulationc-1849251149","p1":"UserOmega","p2":"Devinlovesroxi","format":"[Gen 9] VGC 2023 Regulation C","log":"|j|\u2606UserOmega\n|j|\u2606Devinlovesroxi\n|t:|1682177915\n|gametype|doubles\n|player|p1|UserOmega|youngcouple-gen4dp|1183\n|player|p2|Devinlovesroxi|darach-caitlin|1092\n|teamsize|p1|6\n|teamsize|p2|6\n|gen|9\n|tier|[Gen 9] VGC 2023 Regulation C\n|rated|\n|rule|Species Clause: Limit one of each Pok\u00e9mon\n|rule|Item Clause: Limit one of each item\n|clearpoke\n|poke|p1|Glimmora, L50, M|\n|poke|p1|Tyranitar, L50, F|\n|poke|p1|Lycanroc, L50, M|\n|poke|p1|Ting-Lu, L50|\n|poke|p1|Armarouge, L50, M|\n|poke|p1|Cacturne, L50, M|\n|poke|p2|Ting-Lu, L50|\n|poke|p2|Amoonguss, L50, M|\n|poke|p2|Garganacl, L50, F|\n|poke|p2|Arcanine, L50, F|\n|poke|p2|Roaring Moon, L50|\n|poke|p2|Iron Bundle, L50|\n|teampreview|4\n|inactive|Battle timer is ON: inactive players will automatically lose when time's up. (requested by Devinlovesroxi)\n|\n|t:|1682177977\n|start\n|switch|p1a: Armarouge|Armarouge, L50, M|100\/100\n|switch|p1b: Cacturne|Cacturne, L50, M|100\/100\n|switch|p2a: Garganacl|Garganacl, L50, F|100\/100\n|switch|p2b: Iron Bundle|Iron Bundle, L50|100\/100\n|turn|1\n|\n|t:|1682177997\n|-terastallize|p1a: Armarouge|Grass\n|move|p2b: Iron Bundle|Freeze-Dry|p1b: Cacturne\n|-supereffective|p1b: Cacturne\n|-damage|p1b: Cacturne|0 fnt\n|faint|p1b: Cacturne\n|move|p2a: Garganacl|Salt Cure|p1a: Armarouge\n|-damage|p1a: Armarouge|86\/100\n|-start|p1a: Armarouge|Salt Cure\n|move|p1a: Armarouge|Trick Room|p1a: Armarouge\n|-fieldstart|move: Trick Room|[of] p1a: Armarouge\n|\n|-damage|p1a: Armarouge|74\/100|[from] Salt Cure\n|upkeep\n|inactive|UserOmega has 30 seconds left.\n|inactive|UserOmega has 20 seconds left.\n|inactive|UserOmega has 15 seconds left.\n|\n|t:|1682178042\n|switch|p1b: Ting-Lu|Ting-Lu, L50|100\/100\n|-ability|p1b: Ting-Lu|Vessel of Ruin\n|turn|2\n|\n|t:|1682178062\n|-terastallize|p2a: Garganacl|Ghost\n|move|p2b: Iron Bundle|Protect|p2b: Iron Bundle\n|-singleturn|p2b: Iron Bundle|Protect\n|move|p2a: Garganacl|Salt Cure|p1b: Ting-Lu\n|-resisted|p1b: Ting-Lu\n|-damage|p1b: Ting-Lu|96\/100\n|-start|p1b: Ting-Lu|Salt Cure\n|move|p1b: Ting-Lu|Stomping Tantrum|p2b: Iron Bundle\n|-activate|p2b: Iron Bundle|move: Protect\n|move|p1a: Armarouge|Energy Ball|p2b: Iron Bundle\n|-activate|p2b: Iron Bundle|move: Protect\n|\n|-damage|p1b: Ting-Lu|84\/100|[from] Salt Cure\n|-damage|p1a: Armarouge|62\/100|[from] Salt Cure\n|upkeep\n|turn|3\n|inactive|Devinlovesroxi has 30 seconds left.\n|\n|t:|1682178087\n|-end|p2b: Iron Bundle|Quark Drive|[silent]\n|switch|p2b: Amoonguss|Amoonguss, L50, M|100\/100\n|move|p2a: Garganacl|Salt Cure|p1a: Armarouge\n|-damage|p1a: Armarouge|46\/100\n|move|p1b: Ting-Lu|Throat Chop|p2a: Garganacl\n|-supereffective|p2a: Garganacl\n|-damage|p2a: Garganacl|43\/100\n|-start|p2a: Garganacl|Throat Chop|[silent]\n|move|p1a: Armarouge|Psychic|p2b: Amoonguss\n|-supereffective|p2b: Amoonguss\n|-damage|p2b: Amoonguss|35\/100\n|-enditem|p2b: Amoonguss|Sitrus Berry|[eat]\n|-heal|p2b: Amoonguss|60\/100|[from] item: Sitrus Berry\n|\n|-heal|p2a: Garganacl|48\/100|[from] item: Leftovers\n|-damage|p1b: Ting-Lu|71\/100|[from] Salt Cure\n|-damage|p1a: Armarouge|34\/100|[from] Salt Cure\n|upkeep\n|turn|4\n|\n|t:|1682178107\n|move|p2b: Amoonguss|Spore|p1b: Ting-Lu\n|-status|p1b: Ting-Lu|slp|[from] move: Spore\n|move|p2a: Garganacl|Recover|p2a: Garganacl\n|-heal|p2a: Garganacl|99\/100\n|cant|p1b: Ting-Lu|slp\n|move|p1a: Armarouge|Armor Cannon|p2b: Amoonguss\n|-supereffective|p2b: Amoonguss\n|-crit|p2b: Amoonguss\n|-damage|p2b: Amoonguss|0 fnt\n|-unboost|p1a: Armarouge|def|1\n|-unboost|p1a: Armarouge|spd|1\n|faint|p2b: Amoonguss\n|\n|-heal|p2a: Garganacl|100\/100|[from] item: Leftovers\n|-damage|p1b: Ting-Lu|59\/100 slp|[from] Salt Cure\n|-damage|p1a: Armarouge|22\/100|[from] Salt Cure\n|-end|p2a: Garganacl|Throat Chop|[silent]\n|upkeep\n|\n|t:|1682178122\n|switch|p2b: Roaring Moon|Roaring Moon, L50|100\/100\n|-enditem|p2b: Roaring Moon|Booster Energy\n|-activate|p2b: Roaring Moon|ability: Protosynthesis|[fromitem]\n|-start|p2b: Roaring Moon|protosynthesisatk\n|turn|5\n|\n|t:|1682178134\n|move|p2a: Garganacl|Salt Cure|p1a: Armarouge\n|-damage|p1a: Armarouge|0 fnt\n|faint|p1a: Armarouge\n|cant|p1b: Ting-Lu|slp\n|move|p2b: Roaring Moon|Dragon Dance|p2b: Roaring Moon\n|-boost|p2b: Roaring Moon|atk|1\n|-boost|p2b: Roaring Moon|spe|1\n|\n|-damage|p1b: Ting-Lu|47\/100 slp|[from] Salt Cure\n|-fieldend|move: Trick Room\n|upkeep\n|\n|t:|1682178140\n|switch|p1a: Glimmora|Glimmora, L50, M|100\/100\n|turn|6\n|c|\u2606UserOmega|GG\n|\n|t:|1682178153\n|move|p2b: Roaring Moon|Acrobatics|p1b: Ting-Lu\n|-damage|p1b: Ting-Lu|0 fnt\n|faint|p1b: Ting-Lu\n|move|p1a: Glimmora|Power Gem|p2b: Roaring Moon\n|-damage|p2b: Roaring Moon|68\/100\n|move|p2a: Garganacl|Salt Cure|p1a: Glimmora\n|-crit|p1a: Glimmora\n|-damage|p1a: Glimmora|76\/100\n|-start|p1a: Glimmora|Salt Cure\n|-activate|p1a: Glimmora|ability: Toxic Debris\n|-sidestart|p2: Devinlovesroxi|move: Toxic Spikes\n|-enditem|p1a: Glimmora|Red Card|[of] p2a: Garganacl\n|drag|p2a: Iron Bundle|Iron Bundle, L50|100\/100\n|-status|p2a: Iron Bundle|psn\n|\n|-damage|p2a: Iron Bundle|88\/100 psn|[from] psn\n|-damage|p1a: Glimmora|63\/100|[from] Salt Cure\n|upkeep\n|turn|7\n|-message|UserOmega forfeited.\n|\n|win|Devinlovesroxi\n|raw|UserOmega's rating: 1183 → 1152<\/strong> (-31 for losing)\n|raw|Devinlovesroxi's rating: 1092 → 1125<\/strong> (+33 for winning)\n|l|\u2606UserOmega\n","uploadtime":1682178174,"views":7,"p1id":"useromega","p2id":"devinlovesroxi","formatid":"gen9vgc2023regulationc","rating":1125,"private":0,"password":""}