{"id":"gen9vgc2023regulationc-1846248219","p1":"XArtificeGodZ","p2":"haha u rage quit","format":"[Gen 9] VGC 2023 Regulation C","log":"|j|\u2606XArtificeGodZ\n|j|\u2606haha u rage quit\n|t:|1681825279\n|gametype|doubles\n|player|p1|XArtificeGodZ|169|1283\n|player|p2|haha u rage quit|pokemaniac|1195\n|teamsize|p1|6\n|teamsize|p2|6\n|gen|9\n|tier|[Gen 9] VGC 2023 Regulation C\n|rated|\n|rule|Species Clause: Limit one of each Pok\u00e9mon\n|rule|Item Clause: Limit one of each item\n|clearpoke\n|poke|p1|Baxcalibur, L50, M|\n|poke|p1|Flutter Mane, L50|\n|poke|p1|Talonflame, L50, M|\n|poke|p1|Garchomp, L50, M|\n|poke|p1|Tyranitar, L50, M|\n|poke|p1|Amoonguss, L50, M|\n|poke|p2|Amoonguss, L50, M|\n|poke|p2|Flutter Mane, L50|\n|poke|p2|Great Tusk, L50|\n|poke|p2|Iron Bundle, L50|\n|poke|p2|Baxcalibur, L50, M|\n|poke|p2|Palafin, L50, M|\n|teampreview|4\n|\n|t:|1681825332\n|start\n|switch|p1a: Baxcalibur|Baxcalibur, L50, M|100\/100\n|switch|p1b: Talonflame|Talonflame, L50, M|100\/100\n|switch|p2a: Palafin|Palafin, L50, M|100\/100\n|switch|p2b: Flutter Mane|Flutter Mane, L50|100\/100\n|-enditem|p2b: Flutter Mane|Booster Energy\n|-activate|p2b: Flutter Mane|ability: Protosynthesis|[fromitem]\n|-start|p2b: Flutter Mane|protosynthesisspe\n|turn|1\n|\n|t:|1681825348\n|-terastallize|p2a: Palafin|Water\n|-terastallize|p1a: Baxcalibur|Poison\n|move|p1b: Talonflame|Tailwind|p1b: Talonflame\n|-sidestart|p1: XArtificeGodZ|move: Tailwind\n|move|p2a: Palafin|Jet Punch|p1b: Talonflame\n|-supereffective|p1b: Talonflame\n|-damage|p1b: Talonflame|0 fnt\n|faint|p1b: Talonflame\n|move|p2b: Flutter Mane|Shadow Ball|p1a: Baxcalibur\n|-damage|p1a: Baxcalibur|60\/100\n|move|p1a: Baxcalibur|Icicle Crash|p2b: Flutter Mane\n|-damage|p2b: Flutter Mane|0 fnt\n|faint|p2b: Flutter Mane\n|-end|p2b: Flutter Mane|Protosynthesis|[silent]\n|\n|upkeep\n|\n|t:|1681825378\n|switch|p2b: Great Tusk|Great Tusk, L50, shiny|100\/100\n|switch|p1b: Tyranitar|Tyranitar, L50, M|100\/100\n|-weather|Sandstorm|[from] ability: Sand Stream|[of] p1b: Tyranitar\n|turn|2\n|\n|t:|1681825425\n|move|p2b: Great Tusk|Protect|p2b: Great Tusk\n|-singleturn|p2b: Great Tusk|Protect\n|move|p1a: Baxcalibur|Icicle Crash|p2b: Great Tusk\n|-activate|p2b: Great Tusk|move: Protect\n|move|p1b: Tyranitar|Crunch|p2b: Great Tusk\n|-activate|p2b: Great Tusk|move: Protect\n|move|p2a: Palafin|Close Combat|p1b: Tyranitar\n|-supereffective|p1b: Tyranitar\n|-damage|p1b: Tyranitar|0 fnt\n|-unboost|p2a: Palafin|def|1\n|-unboost|p2a: Palafin|spd|1\n|faint|p1b: Tyranitar\n|\n|-weather|Sandstorm|[upkeep]\n|-damage|p1a: Baxcalibur|54\/100|[from] Sandstorm\n|-damage|p2a: Palafin|95\/100|[from] Sandstorm\n|upkeep\n|\n|t:|1681825429\n|switch|p1b: Garchomp|Garchomp, L50, M|100\/100\n|turn|3\n|\n|t:|1681825460\n|detailschange|p2a: Palafin|Palafin-Hero, L50, M, tera:Water\n|switch|p2a: Baxcalibur|Baxcalibur, L50, M|100\/100\n|move|p1b: Garchomp|Dragon Claw|p2b: Great Tusk\n|-damage|p2b: Great Tusk|61\/100\n|-damage|p1b: Garchomp|91\/100|[from] item: Life Orb\n|move|p1a: Baxcalibur|Icicle Crash|p2b: Great Tusk\n|-supereffective|p2b: Great Tusk\n|-damage|p2b: Great Tusk|0 fnt\n|faint|p2b: Great Tusk\n|-end|p2b: Great Tusk|Protosynthesis|[silent]\n|\n|-weather|Sandstorm|[upkeep]\n|-damage|p1a: Baxcalibur|48\/100|[from] Sandstorm\n|-damage|p2a: Baxcalibur|95\/100|[from] Sandstorm\n|upkeep\n|\n|t:|1681825469\n|switch|p2b: Palafin|Palafin-Hero, L50, M, tera:Water|95\/100\n|-activate|p2b: Palafin|ability: Zero to Hero\n|turn|4\n|\n|t:|1681825489\n|move|p2b: Palafin|Protect|p2b: Palafin\n|-singleturn|p2b: Palafin|Protect\n|move|p2a: Baxcalibur|Protect|p2a: Baxcalibur\n|-singleturn|p2a: Baxcalibur|Protect\n|move|p1b: Garchomp|Dragon Claw|p2b: Palafin\n|-activate|p2b: Palafin|move: Protect\n|move|p1a: Baxcalibur|Glaive Rush|p2b: Palafin\n|-activate|p2b: Palafin|move: Protect\n|\n|-weather|Sandstorm|[upkeep]\n|-damage|p1a: Baxcalibur|43\/100|[from] Sandstorm\n|-damage|p2b: Palafin|89\/100|[from] Sandstorm\n|-damage|p2a: Baxcalibur|89\/100|[from] Sandstorm\n|-sideend|p1: XArtificeGodZ|move: Tailwind\n|upkeep\n|turn|5\n|\n|t:|1681825524\n|move|p1b: Garchomp|Dragon Claw|p2a: Baxcalibur\n|-supereffective|p2a: Baxcalibur\n|-damage|p2a: Baxcalibur|0 fnt\n|faint|p2a: Baxcalibur\n|-damage|p1b: Garchomp|81\/100|[from] item: Life Orb\n|move|p2b: Palafin|Wave Crash|p1a: Baxcalibur\n|-damage|p1a: Baxcalibur|0 fnt\n|faint|p1a: Baxcalibur\n|-damage|p2b: Palafin|74\/100|[from] Recoil\n|\n|-weather|Sandstorm|[upkeep]\n|-damage|p2b: Palafin|69\/100|[from] Sandstorm\n|upkeep\n|turn|6\n|\n|t:|1681825539\n|move|p2b: Palafin|Protect|p2b: Palafin\n|-singleturn|p2b: Palafin|Protect\n|move|p1b: Garchomp|Earthquake|p2b: Palafin\n|-activate|p2b: Palafin|move: Protect\n|\n|-weather|none\n|upkeep\n|turn|7\n|\n|t:|1681825555\n|move|p1b: Garchomp|Earthquake|p2b: Palafin\n|-damage|p2b: Palafin|12\/100\n|-damage|p1b: Garchomp|71\/100|[from] item: Life Orb\n|move|p2b: Palafin|Wave Crash|p1b: Garchomp\n|-damage|p1b: Garchomp|0 fnt\n|faint|p1b: Garchomp\n|-damage|p2b: Palafin|0 fnt|[from] Recoil\n|faint|p2b: Palafin\n|\n|win|haha u rage quit\n|raw|XArtificeGodZ's rating: 1283 → 1252<\/strong> (-31 for losing)\n|raw|haha u rage quit's rating: 1195 → 1226<\/strong> (+31 for winning)\n|l|\u2606XArtificeGodZ\n","uploadtime":1681825572,"views":8,"p1id":"xartificegodz","p2id":"hahauragequit","formatid":"gen9vgc2023regulationc","rating":1226,"private":0,"password":""}