{"id":"gen9vgc2023regulationc-1850452970","p1":"haha u rage quit","p2":"bulenight","format":"[Gen 9] VGC 2023 Regulation C","log":"|j|\u2606haha u rage quit\n|j|\u2606bulenight\n|t:|1682338509\n|gametype|doubles\n|player|p1|haha u rage quit|pokemaniac|1152\n|player|p2|bulenight|jogger|1184\n|teamsize|p1|6\n|teamsize|p2|6\n|gen|9\n|tier|[Gen 9] VGC 2023 Regulation C\n|rated|\n|rule|Species Clause: Limit one of each Pok\u00e9mon\n|rule|Item Clause: Limit one of each item\n|clearpoke\n|poke|p1|Torkoal, L50, M|\n|poke|p1|Dondozo, L50, M|\n|poke|p1|Indeedee-F, L50, F|\n|poke|p1|Kingambit, L50, M|\n|poke|p1|Hatterene, L50, F|\n|poke|p1|Armarouge, L50, M|\n|poke|p2|Annihilape, L50, F|\n|poke|p2|Garganacl, L50, M|\n|poke|p2|Armarouge, L50, F|\n|poke|p2|Iron Hands, L50|\n|poke|p2|Volcarona, L50, M|\n|poke|p2|Indeedee-F, L50, F|\n|teampreview|4\n|inactive|Battle timer is ON: inactive players will automatically lose when time's up. (requested by bulenight)\n|inactive|haha u rage quit has 60 seconds left.\n|inactive|bulenight has 60 seconds left.\n|\n|t:|1682338557\n|start\n|switch|p1a: Indeedee|Indeedee-F, L50, F, shiny|100\/100\n|switch|p1b: Kingambit|Kingambit, L50, M, shiny|100\/100\n|switch|p2a: Volcarona|Volcarona, L50, M|100\/100\n|switch|p2b: Indeedee|Indeedee-F, L50, F|100\/100\n|-fieldstart|move: Psychic Terrain|[from] ability: Psychic Surge|[of] p2b: Indeedee\n|-enditem|p1a: Indeedee|Psychic Seed\n|-boost|p1a: Indeedee|spd|1|[from] item: Psychic Seed\n|turn|1\n|\n|t:|1682338572\n|-terastallize|p1b: Kingambit|Fire\n|move|p2b: Indeedee|Follow Me|p2b: Indeedee\n|-singleturn|p2b: Indeedee|move: Follow Me\n|move|p2a: Volcarona|Will-O-Wisp|p1b: Kingambit\n|-immune|p1b: Kingambit\n|move|p1b: Kingambit|Swords Dance|p1b: Kingambit\n|-boost|p1b: Kingambit|atk|2\n|move|p1a: Indeedee|Trick Room|p1a: Indeedee\n|-fieldstart|move: Trick Room|[of] p1a: Indeedee\n|\n|upkeep\n|turn|2\n|\n|t:|1682338594\n|move|p1a: Indeedee|Helping Hand|p1b: Kingambit\n|-singleturn|p1b: Kingambit|Helping Hand|[of] p1a: Indeedee\n|move|p1b: Kingambit|Kowtow Cleave|p2b: Indeedee\n|-supereffective|p2b: Indeedee\n|-damage|p2b: Indeedee|0 fnt\n|faint|p2b: Indeedee\n|move|p2a: Volcarona|Fiery Dance|p1b: Kingambit\n|-resisted|p1b: Kingambit\n|-damage|p1b: Kingambit|82\/100\n|-boost|p2a: Volcarona|spa|1\n|\n|upkeep\n|\n|t:|1682338605\n|switch|p2b: Garganacl|Garganacl, L50, M|100\/100\n|turn|3\n|\n|t:|1682338614\n|move|p1a: Indeedee|Helping Hand|p1b: Kingambit\n|-singleturn|p1b: Kingambit|Helping Hand|[of] p1a: Indeedee\n|move|p2a: Volcarona|Rage Powder|p2a: Volcarona\n|-singleturn|p2a: Volcarona|move: Rage Powder\n|move|p2b: Garganacl|Iron Defense|p2b: Garganacl\n|-boost|p2b: Garganacl|def|2\n|move|p1b: Kingambit|Low Kick|p2b: Garganacl\n|-supereffective|p2b: Garganacl\n|-damage|p2b: Garganacl|3\/100\n|\n|-heal|p2b: Garganacl|9\/100|[from] item: Leftovers\n|upkeep\n|turn|4\n|inactive|haha u rage quit has 30 seconds left.\n|inactive|haha u rage quit has 20 seconds left.\n|\n|t:|1682338651\n|-terastallize|p2b: Garganacl|Ghost\n|move|p1a: Indeedee|Follow Me|p1a: Indeedee\n|-singleturn|p1a: Indeedee|move: Follow Me\n|move|p2b: Garganacl|Iron Defense|p2b: Garganacl\n|-boost|p2b: Garganacl|def|2\n|move|p1b: Kingambit|Low Kick|p2b: Garganacl\n|-immune|p2b: Garganacl\n|move|p2a: Volcarona|Fiery Dance|p1a: Indeedee\n|-damage|p1a: Indeedee|75\/100\n|\n|-heal|p2b: Garganacl|15\/100|[from] item: Leftovers\n|upkeep\n|turn|5\n|\n|t:|1682338670\n|move|p1a: Indeedee|Follow Me|p1a: Indeedee\n|-singleturn|p1a: Indeedee|move: Follow Me\n|move|p2b: Garganacl|Recover|p2b: Garganacl\n|-heal|p2b: Garganacl|65\/100\n|move|p1b: Kingambit|Kowtow Cleave|p2b: Garganacl\n|-supereffective|p2b: Garganacl\n|-damage|p2b: Garganacl|20\/100\n|move|p2a: Volcarona|Fiery Dance|p1a: Indeedee\n|-damage|p1a: Indeedee|49\/100\n|\n|-heal|p2b: Garganacl|26\/100|[from] item: Leftovers\n|-fieldend|move: Trick Room\n|-fieldend|move: Psychic Terrain\n|upkeep\n|turn|6\n|-message|bulenight forfeited.\n|\n|win|haha u rage quit\n|raw|haha u rage quit's rating: 1152 → 1179<\/strong> (+27 for winning)\n|raw|bulenight's rating: 1184 → 1157<\/strong> (-27 for losing)\n|l|\u2606bulenight\n","uploadtime":1682338717,"views":23,"p1id":"hahauragequit","p2id":"bulenight","formatid":"gen9vgc2023regulationc","rating":1157,"private":0,"password":""}