{"id":"gen9vgc2023regulationc-1861901193","p1":"Yoramdw","p2":"Ciq108","format":"[Gen 9] VGC 2023 Regulation C","log":"|j|\u2606Yoramdw\n|j|\u2606Ciq108\n|t:|1683819220\n|gametype|doubles\n|player|p1|Yoramdw|acetrainer-gen4dp|\n|player|p2|Ciq108|102|\n|teamsize|p1|6\n|teamsize|p2|6\n|gen|9\n|tier|[Gen 9] VGC 2023 Regulation C\n|rule|Species Clause: Limit one of each Pok\u00e9mon\n|rule|Item Clause: Limit one of each item\n|clearpoke\n|poke|p1|Grimmsnarl, L50, M|\n|poke|p1|Haunter, L50, M|\n|poke|p1|Slowbro, L50, M|\n|poke|p1|Glimmora, L50, F|\n|poke|p1|Eelektross, L50, M|\n|poke|p1|Scream Tail, L50|\n|poke|p2|Garchomp, L50, M|\n|poke|p2|Gardevoir, L50, M|\n|poke|p2|Talonflame, L50, M|\n|poke|p2|Gengar, L50, M|\n|poke|p2|Orthworm, L50, F|\n|poke|p2|Breloom, L50, M|\n|teampreview|4\n|c|\u2606Ciq108|G2\nCiq108 rejected open team sheets.\n|j| TreasureeGoblin\n|c|\u2606Ciq108|Glhf\n|\n|t:|1683819729\n|start\n|switch|p1a: Haunter|Haunter, L50, M|100\/100\n|switch|p1b: Grimmsnarl|Grimmsnarl, L50, M|100\/100\n|switch|p2a: Gengar|Gengar, L50, M|100\/100\n|switch|p2b: Orthworm|Orthworm, L50, F|100\/100\n|turn|1\n|\n|t:|1683819756\n|move|p2a: Gengar|Shadow Ball|p1a: Haunter\n|-supereffective|p1a: Haunter\n|-enditem|p1a: Haunter|Focus Sash\n|-damage|p1a: Haunter|1\/100\n|-unboost|p1a: Haunter|spd|1\n|move|p1a: Haunter|Will-O-Wisp|p2b: Orthworm\n|-status|p2b: Orthworm|brn\n|move|p2b: Orthworm|Heavy Slam|p1a: Haunter\n|-damage|p1a: Haunter|0 fnt\n|faint|p1a: Haunter\n|move|p1b: Grimmsnarl|Foul Play|p2a: Gengar\n|-supereffective|p2a: Gengar\n|-damage|p2a: Gengar|37\/100\n|\n|-damage|p2b: Orthworm|94\/100 brn|[from] brn\n|upkeep\n|\n|t:|1683819773\n|switch|p1a: Eelektross|Eelektross, L50, M|100\/100\n|turn|2\n|\n|t:|1683819790\n|move|p2a: Gengar|Protect|p2a: Gengar\n|-singleturn|p2a: Gengar|Protect\n|move|p1b: Grimmsnarl|Light Screen|p1b: Grimmsnarl\n|-sidestart|p1: Yoramdw|move: Light Screen\n|move|p2b: Orthworm|Coil|p2b: Orthworm\n|-boost|p2b: Orthworm|atk|1\n|-boost|p2b: Orthworm|def|1\n|-boost|p2b: Orthworm|accuracy|1\n|move|p1a: Eelektross|Thunder Punch|p2a: Gengar\n|-activate|p2a: Gengar|move: Protect\n|\n|-heal|p2b: Orthworm|100\/100 brn|[from] item: Leftovers\n|-damage|p2b: Orthworm|94\/100 brn|[from] brn\n|upkeep\n|turn|3\n|\n|t:|1683819810\n|move|p2a: Gengar|Encore|p1b: Grimmsnarl\n|-start|p1b: Grimmsnarl|Encore\n|move|p2b: Orthworm|Coil|p2b: Orthworm\n|-boost|p2b: Orthworm|atk|1\n|-boost|p2b: Orthworm|def|1\n|-boost|p2b: Orthworm|accuracy|1\n|move|p1b: Grimmsnarl|Light Screen||[still]\n|-fail|p1b: Grimmsnarl\n|move|p1a: Eelektross|Drain Punch|p2b: Orthworm\n|-supereffective|p2b: Orthworm\n|-damage|p2b: Orthworm|73\/100 brn\n|\n|-heal|p2b: Orthworm|79\/100 brn|[from] item: Leftovers\n|-damage|p2b: Orthworm|73\/100 brn|[from] brn\n|upkeep\n|turn|4\n|\n|t:|1683819827\n|switch|p1b: Slowbro|Slowbro, L50, M|100\/100\n|move|p2a: Gengar|Encore|p1a: Eelektross\n|-start|p1a: Eelektross|Encore\n|move|p2b: Orthworm|Coil|p2b: Orthworm\n|-boost|p2b: Orthworm|atk|1\n|-boost|p2b: Orthworm|def|1\n|-boost|p2b: Orthworm|accuracy|1\n|move|p1a: Eelektross|Drain Punch|p2b: Orthworm\n|-supereffective|p2b: Orthworm\n|-damage|p2b: Orthworm|58\/100 brn\n|\n|-heal|p2b: Orthworm|64\/100 brn|[from] item: Leftovers\n|-damage|p2b: Orthworm|58\/100 brn|[from] brn\n|upkeep\n|turn|5\n|j| wnfR\n|\n|t:|1683819855\n|switch|p1a: Grimmsnarl|Grimmsnarl, L50, M|100\/100\n|move|p2a: Gengar|Shadow Ball|p1b: Slowbro\n|-supereffective|p1b: Slowbro\n|-damage|p1b: Slowbro|61\/100\n|move|p2b: Orthworm|Body Press|p1a: Grimmsnarl\n|-damage|p1a: Grimmsnarl|64\/100\n|move|p1b: Slowbro|Icy Wind|p2a: Gengar|[spread] p2a,p2b\n|-resisted|p2b: Orthworm\n|-damage|p2a: Gengar|20\/100\n|-damage|p2b: Orthworm|52\/100 brn\n|-unboost|p2a: Gengar|spe|1\n|-unboost|p2b: Orthworm|spe|1\n|\n|-heal|p2b: Orthworm|58\/100 brn|[from] item: Leftovers\n|-heal|p1b: Slowbro|67\/100|[from] item: Leftovers\n|-damage|p2b: Orthworm|52\/100 brn|[from] brn\n|upkeep\n|turn|6\n|\n|t:|1683819878\n|-terastallize|p1a: Grimmsnarl|Ground\n|move|p2a: Gengar|Shadow Ball|p1b: Slowbro\n|-supereffective|p1b: Slowbro\n|-damage|p1b: Slowbro|25\/100\n|move|p1a: Grimmsnarl|Foul Play|p2b: Orthworm\n|-damage|p2b: Orthworm|28\/100 brn\n|move|p2b: Orthworm|Heavy Slam|p1a: Grimmsnarl\n|-damage|p1a: Grimmsnarl|0 fnt\n|faint|p1a: Grimmsnarl\n|move|p1b: Slowbro|Chilling Water|p2b: Orthworm\n|-damage|p2b: Orthworm|7\/100 brn\n|-unboost|p2b: Orthworm|atk|1\n|\n|-heal|p2b: Orthworm|13\/100 brn|[from] item: Leftovers\n|-heal|p1b: Slowbro|31\/100|[from] item: Leftovers\n|-damage|p2b: Orthworm|7\/100 brn|[from] brn\n|upkeep\n|\n|t:|1683819891\n|switch|p1a: Eelektross|Eelektross, L50, M|100\/100\n|turn|7\n|\n|t:|1683819910\n|move|p2a: Gengar|Shadow Ball|p1b: Slowbro\n|-supereffective|p1b: Slowbro\n|-damage|p1b: Slowbro|0 fnt\n|faint|p1b: Slowbro\n|move|p1a: Eelektross|Thunder Punch|p2a: Gengar\n|-damage|p2a: Gengar|0 fnt\n|faint|p2a: Gengar\n|move|p2b: Orthworm|Body Press|p1a: Eelektross\n|-damage|p1a: Eelektross|66\/100\n|\n|-heal|p2b: Orthworm|13\/100 brn|[from] item: Leftovers\n|-damage|p2b: Orthworm|7\/100 brn|[from] brn\n|upkeep\n|\n|t:|1683819922\n|switch|p2a: Breloom|Breloom, L50, M|100\/100\n|turn|8\n|\n|t:|1683819928\n|switch|p2b: Garchomp|Garchomp, L50, M|100\/100\n|move|p2a: Breloom|Bullet Seed|p1a: Eelektross\n|-damage|p1a: Eelektross|45\/100\n|-damage|p1a: Eelektross|23\/100\n|-damage|p1a: Eelektross|0 fnt\n|faint|p1a: Eelektross\n|-hitcount|p1: Eelektross|3\n|\n|win|Ciq108\n|c|\u2606Yoramdw|gg\n|c|\u2606Ciq108|Ggs\n|l| TreasureeGoblin\n","uploadtime":1683819939,"views":13,"p1id":"yoramdw","p2id":"ciq108","formatid":"gen9vgc2023regulationc","rating":0,"private":0,"password":""}