{"id":"gen9vgc2023regulationc-1852950571","p1":"Takidame","p2":"Laurentiius","format":"[Gen 9] VGC 2023 Regulation C","log":"|j|\u2606Takidame\n|j|\u2606Laurentiius\n|t:|1682619929\n|gametype|doubles\n|player|p1|Takidame|janine|\n|player|p2|Laurentiius|266|\n|teamsize|p1|6\n|teamsize|p2|6\n|gen|9\n|tier|[Gen 9] VGC 2023 Regulation C\n|rule|Species Clause: Limit one of each Pok\u00e9mon\n|rule|Item Clause: Limit one of each item\n|clearpoke\n|poke|p1|Hydreigon, L50, M|\n|poke|p1|Toedscruel, L50, F|\n|poke|p1|Indeedee-F, L50, F|\n|poke|p1|Maushold-Four, L50|\n|poke|p1|Armarouge, L50, M|\n|poke|p1|Wo-Chien, L50|\n|poke|p2|Palafin, L50, M|\n|poke|p2|Pelipper, L50, F|\n|poke|p2|Dragonite, L50, M|\n|poke|p2|Kingambit, L50, M|\n|poke|p2|Tauros-Paldea-Aqua, L50, M|\n|poke|p2|Medicham, L50, M|\n|teampreview|4\n|j| ContessaZia\nTakidame has agreed to open team sheets.\nLaurentiius has agreed to open team sheets.\n|\n|t:|1682620060\n|start\n|switch|p1a: Armarouge|Armarouge, L50, M|100\/100\n|switch|p1b: Indeedee|Indeedee-F, L50, F|100\/100\n|switch|p2a: Palafin|Palafin, L50, M|100\/100\n|switch|p2b: Pelipper|Pelipper, L50, F|100\/100\n|-fieldstart|move: Psychic Terrain|[from] ability: Psychic Surge|[of] p1b: Indeedee\n|-enditem|p1b: Indeedee|Psychic Seed\n|-boost|p1b: Indeedee|spd|1|[from] item: Psychic Seed\n|-weather|RainDance|[from] ability: Drizzle|[of] p2b: Pelipper\n|turn|1\n|\n|t:|1682620191\n|detailschange|p2a: Palafin|Palafin-Hero, L50, M\n|switch|p2a: Kingambit|Kingambit, L50, M|100\/100\n|-terastallize|p1a: Armarouge|Grass\n|move|p2b: Pelipper|Protect|p2b: Pelipper\n|-singleturn|p2b: Pelipper|Protect\n|move|p1b: Indeedee|Psychic|p2b: Pelipper\n|-activate|p2b: Pelipper|move: Protect\n|move|p1a: Armarouge|Expanding Force|p2a: Kingambit|[spread] \n|-activate|p2b: Pelipper|move: Protect\n|-immune|p2a: Kingambit\n|\n|-weather|RainDance|[upkeep]\n|upkeep\n|turn|2\n|\n|t:|1682620262\n|-terastallize|p2a: Kingambit|Flying\n|move|p1b: Indeedee|Helping Hand|p1a: Armarouge\n|-singleturn|p1a: Armarouge|Helping Hand|[of] p1b: Indeedee\n|move|p2a: Kingambit|Sucker Punch||[still]\n|-fail|p2a: Kingambit\n|move|p1a: Armarouge|Armor Cannon|p2a: Kingambit\n|-damage|p2a: Kingambit|65\/100\n|-unboost|p1a: Armarouge|def|1\n|-unboost|p1a: Armarouge|spd|1\n|move|p2b: Pelipper|Hurricane|p1a: Armarouge\n|-supereffective|p1a: Armarouge\n|-damage|p1a: Armarouge|0 fnt\n|faint|p1a: Armarouge\n|\n|-weather|RainDance|[upkeep]\n|upkeep\n|\n|t:|1682620282\n|switch|p1a: Hydreigon|Hydreigon, L50, M|100\/100\n|turn|3\n|\n|t:|1682620321\n|switch|p1b: Wo-Chien|Wo-Chien, L50|100\/100\n|-ability|p1b: Wo-Chien|Tablets of Ruin\n|move|p2b: Pelipper|Protect|p2b: Pelipper\n|-singleturn|p2b: Pelipper|Protect\n|move|p1a: Hydreigon|Draco Meteor|p2b: Pelipper\n|-activate|p2b: Pelipper|move: Protect\n|move|p2a: Kingambit|Kowtow Cleave|p1b: Wo-Chien\n|-resisted|p1b: Wo-Chien\n|-damage|p1b: Wo-Chien|87\/100\n|\n|-weather|RainDance|[upkeep]\n|-heal|p1b: Wo-Chien|93\/100|[from] item: Leftovers\n|upkeep\n|turn|4\n|\n|t:|1682620379\n|switch|p2a: Dragonite|Dragonite, L50, M|100\/100\n|move|p1a: Hydreigon|Draco Meteor|p2b: Pelipper\n|-damage|p2b: Pelipper|0 fnt\n|-unboost|p1a: Hydreigon|spa|2\n|faint|p2b: Pelipper\n|-damage|p1a: Hydreigon|91\/100|[from] item: Life Orb\n|move|p1b: Wo-Chien|Ruination|p2a: Dragonite\n|-damage|p2a: Dragonite|50\/100\n|\n|-weather|RainDance|[upkeep]\n|-heal|p1b: Wo-Chien|99\/100|[from] item: Leftovers\n|upkeep\n|\n|t:|1682620392\n|switch|p2b: Palafin|Palafin-Hero, L50, M|100\/100\n|-activate|p2b: Palafin|ability: Zero to Hero\n|turn|5\n|\n|t:|1682620455\n|move|p2b: Palafin|Wave Crash|p1a: Hydreigon\n|-resisted|p1a: Hydreigon\n|-damage|p1a: Hydreigon|37\/100\n|-damage|p2b: Palafin|83\/100|[from] Recoil\n|move|p1a: Hydreigon|Draco Meteor|p2a: Dragonite\n|-supereffective|p2a: Dragonite\n|-damage|p2a: Dragonite|0 fnt\n|-unboost|p1a: Hydreigon|spa|2\n|faint|p2a: Dragonite\n|-damage|p1a: Hydreigon|27\/100|[from] item: Life Orb\n|move|p1b: Wo-Chien|Ruination|p2b: Palafin\n|-damage|p2b: Palafin|42\/100\n|\n|-weather|RainDance|[upkeep]\n|-heal|p1b: Wo-Chien|100\/100|[from] item: Leftovers\n|-fieldend|move: Psychic Terrain\n|upkeep\n|\n|t:|1682620472\n|switch|p2a: Kingambit|Kingambit, L50, M, tera:Flying|65\/100\n|turn|6\n|\n|t:|1682620493\n|move|p1a: Hydreigon|Protect|p1a: Hydreigon\n|-singleturn|p1a: Hydreigon|Protect\n|move|p2b: Palafin|Wave Crash|p1a: Hydreigon\n|-activate|p1a: Hydreigon|move: Protect\n|move|p1b: Wo-Chien|Pollen Puff|p1a: Hydreigon\n|-activate|p1a: Hydreigon|move: Protect\n|move|p2a: Kingambit|Iron Head|p1b: Wo-Chien\n|-damage|p1b: Wo-Chien|72\/100\n|\n|-weather|RainDance|[upkeep]\n|-heal|p1b: Wo-Chien|79\/100|[from] item: Leftovers\n|upkeep\n|turn|7\n|\n|t:|1682620533\n|move|p1a: Hydreigon|Protect||[still]\n|-fail|p1a: Hydreigon\n|move|p2b: Palafin|Wave Crash|p1a: Hydreigon\n|-resisted|p1a: Hydreigon\n|-damage|p1a: Hydreigon|0 fnt\n|faint|p1a: Hydreigon\n|-damage|p2b: Palafin|34\/100|[from] Recoil\n|move|p1b: Wo-Chien|Ruination|p2a: Kingambit\n|-damage|p2a: Kingambit|33\/100\n|move|p2a: Kingambit|Iron Head|p1b: Wo-Chien\n|-damage|p1b: Wo-Chien|49\/100\n|\n|-weather|RainDance|[upkeep]\n|-heal|p1b: Wo-Chien|55\/100|[from] item: Leftovers\n|upkeep\n|\n|t:|1682620547\n|switch|p1a: Indeedee|Indeedee-F, L50, F|100\/100\n|-fieldstart|move: Psychic Terrain|[from] ability: Psychic Surge|[of] p1a: Indeedee\n|turn|8\n|\n|t:|1682620576\n|move|p2b: Palafin|Wave Crash|p1a: Indeedee\n|-damage|p1a: Indeedee|0 fnt\n|faint|p1a: Indeedee\n|-damage|p2b: Palafin|0 fnt|[from] Recoil\n|faint|p2b: Palafin\n|move|p1b: Wo-Chien|Leech Seed|p2a: Kingambit\n|-start|p2a: Kingambit|move: Leech Seed\n|move|p2a: Kingambit|Kowtow Cleave|p1b: Wo-Chien\n|-resisted|p1b: Wo-Chien\n|-damage|p1b: Wo-Chien|41\/100\n|\n|-weather|none\n|-heal|p1b: Wo-Chien|47\/100|[from] item: Leftovers\n|-damage|p2a: Kingambit|21\/100|[from] Leech Seed|[of] p1b: Wo-Chien\n|-heal|p1b: Wo-Chien|60\/100|[silent]\n|upkeep\n|turn|9\n|\n|t:|1682620596\n|move|p1b: Wo-Chien|Ruination|p2a: Kingambit\n|-damage|p2a: Kingambit|11\/100\n|move|p2a: Kingambit|Iron Head|p1b: Wo-Chien\n|-damage|p1b: Wo-Chien|32\/100\n|\n|-heal|p1b: Wo-Chien|39\/100|[from] item: Leftovers\n|-damage|p2a: Kingambit|0 fnt|[from] Leech Seed|[of] p1b: Wo-Chien\n|-heal|p1b: Wo-Chien|49\/100|[silent]\n|faint|p2a: Kingambit\n|\n|win|Takidame\n|upkeep\n","uploadtime":1682620609,"views":10,"p1id":"takidame","p2id":"laurentiius","formatid":"gen9vgc2023regulationc","rating":0,"private":0,"password":""}