{"id":"gen9vgc2023regulationc-1861917801","p1":"Xfalconator","p2":"Vasy98ita","format":"[Gen 9] VGC 2023 Regulation C","log":"|j|\u2606Xfalconator\n|j|\u2606Vasy98ita\n|t:|1683820629\n|gametype|doubles\n|player|p1|Xfalconator|red|1182\n|player|p2|Vasy98ita|riley|1238\n|teamsize|p1|6\n|teamsize|p2|6\n|gen|9\n|tier|[Gen 9] VGC 2023 Regulation C\n|rated|\n|rule|Species Clause: Limit one of each Pok\u00e9mon\n|rule|Item Clause: Limit one of each item\n|clearpoke\n|poke|p1|Chien-Pao, L50|\n|poke|p1|Meowscarada, L50, M|\n|poke|p1|Chi-Yu, L50|\n|poke|p1|Indeedee-F, L50, F|\n|poke|p1|Roaring Moon, L50|\n|poke|p1|Lucario, L50, F|\n|poke|p2|Amoonguss, L50, F|\n|poke|p2|Arcanine, L50, F|\n|poke|p2|Flutter Mane, L50|\n|poke|p2|Chi-Yu, L50|\n|poke|p2|Iron Hands, L50|\n|poke|p2|Palafin, L50, M|\n|teampreview|4\n|inactive|Battle timer is ON: inactive players will automatically lose when time's up. (requested by Xfalconator)\n|\n|t:|1683820680\n|start\n|switch|p1a: Lucario|Lucario, L50, F|100\/100\n|switch|p1b: Meowscarada|Meowscarada, L50, M, shiny|100\/100\n|switch|p2a: Amoonguss|Amoonguss, L50, F|100\/100\n|switch|p2b: Flutter Mane|Flutter Mane, L50|100\/100\n|-enditem|p2b: Flutter Mane|Booster Energy\n|-activate|p2b: Flutter Mane|ability: Protosynthesis|[fromitem]\n|-start|p2b: Flutter Mane|protosynthesisspe\n|turn|1\n|\n|t:|1683820704\n|move|p2b: Flutter Mane|Protect|p2b: Flutter Mane\n|-singleturn|p2b: Flutter Mane|Protect\n|move|p1a: Lucario|Bullet Punch|p2b: Flutter Mane\n|-activate|p2b: Flutter Mane|move: Protect\n|move|p1b: Meowscarada|Knock Off|p2a: Amoonguss\n|-damage|p2a: Amoonguss|45\/100\n|-enditem|p2a: Amoonguss|Sitrus Berry|[from] move: Knock Off|[of] p1b: Meowscarada\n|move|p2a: Amoonguss|Spore|p1a: Lucario\n|-status|p1a: Lucario|slp|[from] move: Spore\n|\n|upkeep\n|turn|2\n|\n|t:|1683820725\n|-end|p2b: Flutter Mane|Protosynthesis|[silent]\n|switch|p2b: Chi-Yu|Chi-Yu, L50|100\/100\n|-ability|p2b: Chi-Yu|Beads of Ruin\n|cant|p1a: Lucario|slp\n|move|p1b: Meowscarada|Knock Off|p2b: Chi-Yu\n|-resisted|p2b: Chi-Yu\n|-damage|p2b: Chi-Yu|39\/100\n|-enditem|p2b: Chi-Yu|Focus Sash|[from] move: Knock Off|[of] p1b: Meowscarada\n|move|p2a: Amoonguss|Pollen Puff|p1b: Meowscarada\n|-supereffective|p1b: Meowscarada\n|-damage|p1b: Meowscarada|0 fnt\n|faint|p1b: Meowscarada\n|\n|upkeep\n|\n|t:|1683820740\n|switch|p1b: Chi-Yu|Chi-Yu, L50|100\/100\n|-ability|p1b: Chi-Yu|Beads of Ruin\n|turn|3\n|\n|t:|1683820761\n|move|p2a: Amoonguss|Protect|p2a: Amoonguss\n|-singleturn|p2a: Amoonguss|Protect\n|cant|p1a: Lucario|slp\n|move|p1b: Chi-Yu|Heat Wave|p2b: Chi-Yu|[spread] \n|-activate|p2a: Amoonguss|move: Protect\n|-miss|p1b: Chi-Yu|p2b: Chi-Yu\n|move|p2b: Chi-Yu|Heat Wave|p1b: Chi-Yu|[spread] p1a,p1b\n|-supereffective|p1a: Lucario\n|-resisted|p1b: Chi-Yu\n|-damage|p1a: Lucario|8\/100 slp\n|-damage|p1b: Chi-Yu|77\/100\n|\n|upkeep\n|turn|4\n|inactive|Vasy98ita has 30 seconds left.\n|\n|t:|1683820796\n|switch|p2a: Iron Hands|Iron Hands, L50|100\/100\n|move|p2b: Chi-Yu|Protect|p2b: Chi-Yu\n|-singleturn|p2b: Chi-Yu|Protect\n|cant|p1a: Lucario|slp\n|move|p1b: Chi-Yu|Heat Wave|p2b: Chi-Yu|[spread] p2a\n|-activate|p2b: Chi-Yu|move: Protect\n|-damage|p2a: Iron Hands|69\/100\n|-status|p2a: Iron Hands|brn\n|\n|-damage|p2a: Iron Hands|63\/100 brn|[from] brn\n|upkeep\n|turn|5\n|inactive|Vasy98ita has 30 seconds left.\n|\n|t:|1683820821\n|switch|p1a: Chien-Pao|Chien-Pao, L50|100\/100\n|-ability|p1a: Chien-Pao|Sword of Ruin\n|move|p2a: Iron Hands|Fake Out|p1b: Chi-Yu\n|-damage|p1b: Chi-Yu|59\/100\n|cant|p1b: Chi-Yu|flinch\n|move|p2b: Chi-Yu|Heat Wave|p1a: Chien-Pao|[spread] p1b\n|-miss|p2b: Chi-Yu|p1a: Chien-Pao\n|-resisted|p1b: Chi-Yu\n|-crit|p1b: Chi-Yu\n|-damage|p1b: Chi-Yu|27\/100\n|\n|-damage|p2a: Iron Hands|57\/100 brn|[from] brn\n|upkeep\n|turn|6\n|\n|t:|1683820843\n|move|p2b: Chi-Yu|Protect|p2b: Chi-Yu\n|-singleturn|p2b: Chi-Yu|Protect\n|move|p1b: Chi-Yu|Heat Wave|p2a: Iron Hands|[spread] p2a\n|-activate|p2b: Chi-Yu|move: Protect\n|-damage|p2a: Iron Hands|30\/100 brn\n|move|p1a: Chien-Pao|Sacred Sword|p2b: Chi-Yu\n|-activate|p2b: Chi-Yu|move: Protect\n|move|p2a: Iron Hands|Drain Punch|p1a: Chien-Pao\n|-supereffective|p1a: Chien-Pao\n|-damage|p1a: Chien-Pao|0 fnt\n|-heal|p2a: Iron Hands|63\/100 brn|[from] drain|[of] p1a: Chien-Pao\n|faint|p1a: Chien-Pao\n|\n|-damage|p2a: Iron Hands|57\/100 brn|[from] brn\n|upkeep\n|-message|Xfalconator forfeited.\n|\n|win|Vasy98ita\n|raw|Xfalconator's rating: 1182 → 1161<\/strong> (-21 for losing)\n|raw|Vasy98ita's rating: 1238 → 1259<\/strong> (+21 for winning)\n|l|\u2606Xfalconator\n","uploadtime":1683820860,"views":10,"p1id":"xfalconator","p2id":"vasy98ita","formatid":"gen9vgc2023regulationc","rating":1161,"private":0,"password":""}