{"id":"gen9vgc2023regulationc-1854521642","p1":"ShaytheFair","p2":"ShyDude","format":"[Gen 9] VGC 2023 Regulation C","log":"|j|\u2606ShaytheFair\n|j|\u2606ShyDude\n|t:|1682821755\n|gametype|doubles\n|player|p1|ShaytheFair|veteranf|\n|player|p2|ShyDude|cynthia-gen4|\n|teamsize|p1|6\n|teamsize|p2|6\n|gen|9\n|tier|[Gen 9] VGC 2023 Regulation C\n|rule|Species Clause: Limit one of each Pok\u00e9mon\n|rule|Item Clause: Limit one of each item\n|clearpoke\n|poke|p1|Palafin, L50, M|\n|poke|p1|Flutter Mane, L50|\n|poke|p1|Arcanine, L50, M|\n|poke|p1|Ting-Lu, L50|\n|poke|p1|Amoonguss, L50, F|\n|poke|p1|Kingambit, L50, M|\n|poke|p2|Dondozo, L50, M|\n|poke|p2|Tatsugiri-Droopy, L50, M|\n|poke|p2|Chien-Pao, L50|\n|poke|p2|Chi-Yu, L50|\n|poke|p2|Flutter Mane, L50|\n|poke|p2|Tarountula, L50, M|\n|teampreview|4\nShyDude has agreed to open team sheets.\n|c|\u2606ShyDude|g2\nShaytheFair has agreed to open team sheets.\n|\n|t:|1682822151\n|start\n|switch|p1a: Fish Food|Palafin, L50, M|100\/100\n|switch|p1b: Chocolate Cherry|Flutter Mane, L50|100\/100\n|switch|p2a: Chi-Yu|Chi-Yu, L50|100\/100\n|switch|p2b: Tatsugiri|Tatsugiri-Droopy, L50, M|100\/100\n|-ability|p2a: Chi-Yu|Beads of Ruin\n|-enditem|p1b: Chocolate Cherry|Booster Energy\n|-activate|p1b: Chocolate Cherry|ability: Protosynthesis|[fromitem]\n|-start|p1b: Chocolate Cherry|protosynthesisspa\n|turn|1\n|\n|t:|1682822165\n|-terastallize|p1b: Chocolate Cherry|Fairy\n|move|p1a: Fish Food|Protect|p1a: Fish Food\n|-singleturn|p1a: Fish Food|Protect\n|move|p2a: Chi-Yu|Heat Wave|p1b: Chocolate Cherry|[spread] p1b\n|-activate|p1a: Fish Food|move: Protect\n|-damage|p1b: Chocolate Cherry|48\/100\n|move|p1b: Chocolate Cherry|Dazzling Gleam|p2b: Tatsugiri|[spread] p2a,p2b\n|-supereffective|p2b: Tatsugiri\n|-damage|p2a: Chi-Yu|41\/100\n|-damage|p2b: Tatsugiri|0 fnt\n|faint|p2b: Tatsugiri\n|\n|upkeep\n|\n|t:|1682822178\n|switch|p2b: Juandozo|Dondozo, L50, M|100\/100\n|turn|2\n|\n|t:|1682822188\n|switch|p2a: Flutter Mane|Flutter Mane, L50|100\/100\n|-enditem|p2a: Flutter Mane|Booster Energy\n|-activate|p2a: Flutter Mane|ability: Protosynthesis|[fromitem]\n|-start|p2a: Flutter Mane|protosynthesisspa\n|detailschange|p1a: Fish Food|Palafin-Hero, L50, M\n|switch|p1a: Cookies n Cream|Amoonguss, L50, F|100\/100\n|move|p1b: Chocolate Cherry|Protect|p1b: Chocolate Cherry\n|-singleturn|p1b: Chocolate Cherry|Protect\n|move|p2b: Juandozo|Heavy Slam|p1b: Chocolate Cherry\n|-activate|p1b: Chocolate Cherry|move: Protect\n|\n|upkeep\n|turn|3\n|\n|t:|1682822210\n|-terastallize|p2b: Juandozo|Grass\n|move|p1a: Cookies n Cream|Rage Powder|p1a: Cookies n Cream\n|-singleturn|p1a: Cookies n Cream|move: Rage Powder\n|move|p1b: Chocolate Cherry|Shadow Ball|p2a: Flutter Mane\n|-supereffective|p2a: Flutter Mane\n|-damage|p2a: Flutter Mane|0 fnt\n|faint|p2a: Flutter Mane\n|-end|p2a: Flutter Mane|Protosynthesis|[silent]\n|move|p2b: Juandozo|Yawn|p1a: Cookies n Cream\n|-start|p1a: Cookies n Cream|move: Yawn|[of] p2b: Juandozo\n|\n|upkeep\n|\n|t:|1682822216\n|switch|p2a: Chi-Yu|Chi-Yu, L50|41\/100\n|-ability|p2a: Chi-Yu|Beads of Ruin\n|turn|4\n|\n|t:|1682822233\n|-end|p1b: Chocolate Cherry|Protosynthesis|[silent]\n|switch|p1b: Fish Food|Palafin-Hero, L50, M|100\/100\n|-activate|p1b: Fish Food|ability: Zero to Hero\n|move|p1a: Cookies n Cream|Rage Powder|p1a: Cookies n Cream\n|-singleturn|p1a: Cookies n Cream|move: Rage Powder\n|move|p2a: Chi-Yu|Dark Pulse|p1a: Cookies n Cream\n|-damage|p1a: Cookies n Cream|49\/100\n|move|p2b: Juandozo|Heavy Slam|p1b: Fish Food\n|-resisted|p1b: Fish Food\n|-damage|p1b: Fish Food|93\/100\n|\n|-end|p1a: Cookies n Cream|move: Yawn|[silent]\n|-status|p1a: Cookies n Cream|slp\n|upkeep\n|turn|5\n|c|\u2606ShyDude|gg\n|\n|t:|1682822249\n|switch|p1a: Moose Tracks|Ting-Lu, L50|100\/100\n|-ability|p1a: Moose Tracks|Vessel of Ruin\n|move|p2a: Chi-Yu|Dark Pulse|p1b: Fish Food\n|-damage|p1b: Fish Food|48\/100\n|move|p1b: Fish Food|Wave Crash|p2a: Chi-Yu\n|-supereffective|p2a: Chi-Yu\n|-damage|p2a: Chi-Yu|0 fnt\n|faint|p2a: Chi-Yu\n|-damage|p1b: Fish Food|40\/100|[from] Recoil\n|move|p2b: Juandozo|Liquidation|p1b: Fish Food\n|-resisted|p1b: Fish Food\n|-damage|p1b: Fish Food|24\/100\n|-unboost|p1b: Fish Food|def|1\n|\n|upkeep\n|turn|6\n|-message|ShyDude forfeited.\n|\n|win|ShaytheFair\n|c|\u2606ShaytheFair|Gg\n","uploadtime":1682822278,"views":9,"p1id":"shaythefair","p2id":"shydude","formatid":"gen9vgc2023regulationc","rating":0,"private":0,"password":""}