{"id":"gen9vgc2023regulationc-1862218433","p1":"stack of pancake","p2":"lemmmeeetrydissss","format":"[Gen 9] VGC 2023 Regulation C","log":"|j|\u2606stack of pancake\n|j|\u2606lemmmeeetrydissss\n|t:|1683850929\n|gametype|doubles\n|player|p1|stack of pancake|steven|1040\n|player|p2|lemmmeeetrydissss|102|1116\n|teamsize|p1|6\n|teamsize|p2|6\n|gen|9\n|tier|[Gen 9] VGC 2023 Regulation C\n|rated|\n|rule|Species Clause: Limit one of each Pok\u00e9mon\n|rule|Item Clause: Limit one of each item\n|clearpoke\n|poke|p1|Murkrow, L50, M|\n|poke|p1|Flutter Mane, L50|\n|poke|p1|Great Tusk, L50|\n|poke|p1|Amoonguss, L50, F|\n|poke|p1|Kingambit, L50, M|\n|poke|p1|Arcanine, L50, M|\n|poke|p2|Bronzong, L50|\n|poke|p2|Ting-Lu, L50|\n|poke|p2|Slowpoke, L50, F|\n|poke|p2|Murkrow, L50, M|\n|poke|p2|Iron Hands, L50|\n|poke|p2|Flutter Mane, L50|\n|teampreview|4\nstack of pancake has agreed to open team sheets.\nlemmmeeetrydissss has agreed to open team sheets.\n|inactive|Battle timer is ON: inactive players will automatically lose when time's up. (requested by lemmmeeetrydissss)\n|\n|t:|1683851003\n|start\n|switch|p1a: Flutter Mane|Flutter Mane, L50|100\/100\n|switch|p1b: Arcanine|Arcanine, L50, M|100\/100\n|switch|p2a: Murkrow|Murkrow, L50, M|100\/100\n|switch|p2b: Iron Hands|Iron Hands, L50|100\/100\n|-ability|p1b: Arcanine|Intimidate|boost\n|-unboost|p2a: Murkrow|atk|1\n|-unboost|p2b: Iron Hands|atk|1\n|turn|1\n|inactive|stack of pancake has 30 seconds left.\n|inactive|lemmmeeetrydissss has 30 seconds left.\n|inactive|stack of pancake has 20 seconds left.\n|inactive|lemmmeeetrydissss has 20 seconds left.\n|inactive|stack of pancake has 15 seconds left.\n|inactive|lemmmeeetrydissss has 15 seconds left.\n|\n|t:|1683851044\n|switch|p1b: Amoonguss|Amoonguss, L50, F|100\/100\n|-end|p2b: Iron Hands|Quark Drive|[silent]\n|switch|p2b: Ting-Lu|Ting-Lu, L50|100\/100\n|-ability|p2b: Ting-Lu|Vessel of Ruin\n|-terastallize|p1a: Flutter Mane|Fairy\n|move|p2a: Murkrow|Sucker Punch|p1a: Flutter Mane\n|-resisted|p1a: Flutter Mane\n|-damage|p1a: Flutter Mane|81\/100\n|-damage|p2a: Murkrow|91\/100|[from] item: Life Orb\n|move|p1a: Flutter Mane|Dazzling Gleam|p2a: Murkrow|[spread] p2a,p2b\n|-supereffective|p2a: Murkrow\n|-supereffective|p2b: Ting-Lu\n|-damage|p2a: Murkrow|0 fnt\n|-damage|p2b: Ting-Lu|39\/100\n|-enditem|p2b: Ting-Lu|Weakness Policy\n|-boost|p2b: Ting-Lu|atk|2|[from] item: Weakness Policy\n|-boost|p2b: Ting-Lu|spa|2|[from] item: Weakness Policy\n|faint|p2a: Murkrow\n|\n|upkeep\n|inactive|lemmmeeetrydissss has 30 seconds left.\n|\n|t:|1683851070\n|switch|p2a: Iron Hands|Iron Hands, L50|100\/100\n|turn|2\n|\n|t:|1683851089\n|-end|p1a: Flutter Mane|Protosynthesis|[silent]\n|switch|p1a: Arcanine|Arcanine, L50, M|100\/100\n|-ability|p1a: Arcanine|Intimidate|boost\n|-unboost|p2a: Iron Hands|atk|1\n|-unboost|p2b: Ting-Lu|atk|1\n|-terastallize|p2a: Iron Hands|Flying\n|move|p2a: Iron Hands|Fake Out|p1a: Arcanine\n|-damage|p1a: Arcanine|91\/100\n|move|p2b: Ting-Lu|Earthquake|p1a: Arcanine|[spread] p1a,p1b\n|-immune|p2a: Iron Hands\n|-supereffective|p1a: Arcanine\n|-damage|p1a: Arcanine|0 fnt\n|-damage|p1b: Amoonguss|62\/100\n|faint|p1a: Arcanine\n|move|p1b: Amoonguss|Spore|p2b: Ting-Lu\n|-status|p2b: Ting-Lu|slp|[from] move: Spore\n|\n|upkeep\n|\n|t:|1683851105\n|switch|p1a: Flutter Mane|Flutter Mane, L50, tera:Fairy|81\/100\n|turn|3\n|\n|t:|1683851125\n|cant|p2b: Ting-Lu|slp\n|move|p1b: Amoonguss|Rage Powder|p1b: Amoonguss\n|-singleturn|p1b: Amoonguss|move: Rage Powder\n|move|p1a: Flutter Mane|Dazzling Gleam|p2b: Ting-Lu|[spread] p2a,p2b\n|-supereffective|p2b: Ting-Lu\n|-crit|p2b: Ting-Lu\n|-damage|p2a: Iron Hands|76\/100\n|-damage|p2b: Ting-Lu|0 fnt\n|faint|p2b: Ting-Lu\n|move|p2a: Iron Hands|Volt Switch|p1b: Amoonguss\n|-resisted|p1b: Amoonguss\n|-damage|p1b: Amoonguss|57\/100\n|\n|t:|1683851135\n|-end|p2a: Iron Hands|Quark Drive|[silent]\n|switch|p2a: Slowpoke|Slowpoke, L50, F|100\/100|[from] Volt Switch\n|\n|upkeep\n|\n|t:|1683851138\n|switch|p2b: Iron Hands|Iron Hands, L50, tera:Flying|76\/100\n|turn|4\n|\n|t:|1683851157\n|-end|p1a: Flutter Mane|Protosynthesis|[silent]\n|switch|p1a: Kingambit|Kingambit, L50, M|100\/100\n|move|p2b: Iron Hands|Fake Out|p1b: Amoonguss\n|-damage|p1b: Amoonguss|46\/100\n|-enditem|p1b: Amoonguss|Sitrus Berry|[eat]\n|-heal|p1b: Amoonguss|71\/100|[from] item: Sitrus Berry\n|cant|p1b: Amoonguss|flinch\n|move|p2a: Slowpoke|Trick Room|p2a: Slowpoke\n|-fieldstart|move: Trick Room|[of] p2a: Slowpoke\n|\n|upkeep\n|turn|5\n|inactive|stack of pancake has 30 seconds left.\n|\n|t:|1683851185\n|move|p2a: Slowpoke|Yawn|p1b: Amoonguss\n|-start|p1b: Amoonguss|move: Yawn|[of] p2a: Slowpoke\n|move|p1b: Amoonguss|Spore|p2b: Iron Hands\n|-status|p2b: Iron Hands|slp|[from] move: Spore\n|move|p1a: Kingambit|Assurance|p2a: Slowpoke\n|-supereffective|p2a: Slowpoke\n|-damage|p2a: Slowpoke|44\/100\n|cant|p2b: Iron Hands|slp\n|\n|upkeep\n|turn|6\n|\n|t:|1683851208\n|move|p1b: Amoonguss|Pollen Puff|p2b: Iron Hands\n|-resisted|p2b: Iron Hands\n|-damage|p2b: Iron Hands|72\/100 slp\n|move|p2a: Slowpoke|Heal Pulse|p2b: Iron Hands\n|-heal|p2b: Iron Hands|100\/100 slp\n|move|p1a: Kingambit|Assurance|p2b: Iron Hands\n|-damage|p2b: Iron Hands|53\/100 slp\n|-curestatus|p2b: Iron Hands|slp|[msg]\n|move|p2b: Iron Hands|Drain Punch|p1a: Kingambit\n|-supereffective|p1a: Kingambit\n|-damage|p1a: Kingambit|0 fnt\n|-heal|p2b: Iron Hands|95\/100|[from] drain|[of] p1a: Kingambit\n|faint|p1a: Kingambit\n|\n|-end|p1b: Amoonguss|move: Yawn|[silent]\n|-status|p1b: Amoonguss|slp\n|upkeep\n|\n|t:|1683851219\n|switch|p1a: Flutter Mane|Flutter Mane, L50, tera:Fairy|81\/100\n|turn|7\n|\n|t:|1683851231\n|cant|p1b: Amoonguss|slp\n|move|p2a: Slowpoke|Yawn|p1a: Flutter Mane\n|-start|p1a: Flutter Mane|move: Yawn|[of] p2a: Slowpoke\n|move|p2b: Iron Hands|Wild Charge|p1a: Flutter Mane\n|-damage|p1a: Flutter Mane|5\/100\n|-damage|p2b: Iron Hands|84\/100|[from] Recoil\n|move|p1a: Flutter Mane|Thunderbolt|p2b: Iron Hands\n|-supereffective|p2b: Iron Hands\n|-damage|p2b: Iron Hands|43\/100\n|\n|upkeep\n|turn|8\n|\n|t:|1683851250\n|cant|p1b: Amoonguss|slp\n|move|p2a: Slowpoke|Surf|p1a: Flutter Mane|[spread] p2b,p1a,p1b\n|-resisted|p1b: Amoonguss\n|-damage|p2b: Iron Hands|38\/100\n|-damage|p1a: Flutter Mane|0 fnt\n|-damage|p1b: Amoonguss|65\/100 slp\n|faint|p1a: Flutter Mane\n|-end|p1a: Flutter Mane|Protosynthesis|[silent]\n|move|p2b: Iron Hands|Drain Punch|p1b: Amoonguss\n|-resisted|p1b: Amoonguss\n|-crit|p1b: Amoonguss\n|-damage|p1b: Amoonguss|43\/100 slp\n|-heal|p2b: Iron Hands|47\/100|[from] drain|[of] p1b: Amoonguss\n|\n|-fieldend|move: Trick Room\n|upkeep\n|turn|9\n|\n|t:|1683851264\n|move|p2b: Iron Hands|Wild Charge|p1b: Amoonguss\n|-resisted|p1b: Amoonguss\n|-damage|p1b: Amoonguss|26\/100 slp\n|-damage|p2b: Iron Hands|43\/100|[from] Recoil\n|move|p2a: Slowpoke|Heal Pulse|p2b: Iron Hands\n|-heal|p2b: Iron Hands|93\/100\n|-curestatus|p1b: Amoonguss|slp|[msg]\n|move|p1b: Amoonguss|Spore|p2b: Iron Hands\n|-status|p2b: Iron Hands|slp|[from] move: Spore\n|\n|upkeep\n|turn|10\n|\n|t:|1683851279\n|cant|p2b: Iron Hands|slp\n|move|p2a: Slowpoke|Yawn|p1b: Amoonguss\n|-start|p1b: Amoonguss|move: Yawn|[of] p2a: Slowpoke\n|move|p1b: Amoonguss|Pollen Puff|p2a: Slowpoke\n|-supereffective|p2a: Slowpoke\n|-damage|p2a: Slowpoke|14\/100\n|\n|upkeep\n|turn|11\n|-message|stack of pancake forfeited.\n|\n|win|lemmmeeetrydissss\n|raw|stack of pancake's rating: 1040 → 1027<\/strong> (-13 for losing)\n|raw|lemmmeeetrydissss's rating: 1116 → 1136<\/strong> (+20 for winning)\n","uploadtime":1683851292,"views":7,"p1id":"stackofpancake","p2id":"lemmmeeetrydissss","formatid":"gen9vgc2023regulationc","rating":1027,"private":0,"password":""}