{"id":"gen9vgc2023regulationc-1854841995","p1":"SilverDragon550","p2":"HeffNastyy","format":"[Gen 9] VGC 2023 Regulation C","log":"|j|\u2606SilverDragon550\n|j|\u2606HeffNastyy\n|t:|1682872309\n|gametype|doubles\n|player|p1|SilverDragon550|silver|\n|player|p2|HeffNastyy|lance|\n|teamsize|p1|6\n|teamsize|p2|6\n|gen|9\n|tier|[Gen 9] VGC 2023 Regulation C\n|rule|Species Clause: Limit one of each Pok\u00e9mon\n|rule|Item Clause: Limit one of each item\n|clearpoke\n|poke|p1|Chien-Pao, L50|\n|poke|p1|Iron Valiant, L50|\n|poke|p1|Amoonguss, L50, M|\n|poke|p1|Dragapult, L50, F|\n|poke|p1|Gyarados, L50, F|\n|poke|p1|Ting-Lu, L50|\n|poke|p2|Garchomp, L50, F|\n|poke|p2|Chien-Pao, L50|\n|poke|p2|Talonflame, L50, F|\n|poke|p2|Gyarados, L50, F|\n|poke|p2|Flutter Mane, L50|\n|poke|p2|Iron Hands, L50|\n|teampreview|4\nSilverDragon550 has agreed to open team sheets.\n|c|\u2606SilverDragon550|glhf\nHeffNastyy has agreed to open team sheets.\n|c|\u2606HeffNastyy|g1\n|c|\u2606HeffNastyy|gl hf as well\n|inactive|Battle timer is ON: inactive players will automatically lose when time's up. (requested by HeffNastyy)\n|inactive|SilverDragon550 has 60 seconds left.\n|inactive|HeffNastyy has 60 seconds left.\n|\n|t:|1682872430\n|start\n|switch|p1a: Bing Chiling|Chien-Pao, L50|100\/100\n|switch|p1b: Rage|Gyarados, L50, F|100\/100\n|switch|p2a: Phoenix|Talonflame, L50, F, shiny|100\/100\n|switch|p2b: Lilith|Flutter Mane, L50, shiny|100\/100\n|-ability|p1a: Bing Chiling|Sword of Ruin\n|-ability|p1b: Rage|Intimidate|boost\n|-unboost|p2a: Phoenix|atk|1\n|-unboost|p2b: Lilith|atk|1\n|-enditem|p2b: Lilith|Booster Energy\n|-activate|p2b: Lilith|ability: Protosynthesis|[fromitem]\n|-start|p2b: Lilith|protosynthesisspa\n|turn|1\n|inactive|SilverDragon550 has 30 seconds left.\n|inactive|HeffNastyy has 30 seconds left.\n|inactive|HeffNastyy has 20 seconds left.\n|\n|t:|1682872465\n|-terastallize|p2b: Lilith|Fairy\n|move|p1a: Bing Chiling|Protect|p1a: Bing Chiling\n|-singleturn|p1a: Bing Chiling|Protect\n|move|p2a: Phoenix|Tailwind|p2a: Phoenix\n|-sidestart|p2: HeffNastyy|move: Tailwind\n|move|p2b: Lilith|Dazzling Gleam|p1a: Bing Chiling|[spread] p1b\n|-activate|p1a: Bing Chiling|move: Protect\n|-damage|p1b: Rage|55\/100\n|move|p1b: Rage|Waterfall|p2a: Phoenix\n|-supereffective|p2a: Phoenix\n|-damage|p2a: Phoenix|0 fnt\n|faint|p2a: Phoenix\n|\n|upkeep\n|\n|t:|1682872484\n|switch|p2a: Jaws|Gyarados, L50, F, shiny|100\/100\n|-ability|p2a: Jaws|Intimidate|boost\n|-unboost|p1a: Bing Chiling|atk|1\n|-unboost|p1b: Rage|atk|1\n|turn|2\n|inactive|SilverDragon550 has 30 seconds left.\n|inactive|SilverDragon550 has 20 seconds left.\n|inactive|SilverDragon550 has 15 seconds left.\n|inactive|SilverDragon550 has 10 seconds left.\n|\n|t:|1682872531\n|switch|p1a: Sussy Gussy|Amoonguss, L50, M, shiny|100\/100\n|move|p2a: Jaws|Helping Hand|p2b: Lilith\n|-singleturn|p2b: Lilith|Helping Hand|[of] p2a: Jaws\n|move|p2b: Lilith|Dazzling Gleam|p1a: Sussy Gussy|[spread] p1a,p1b\n|-resisted|p1a: Sussy Gussy\n|-crit|p1b: Rage\n|-damage|p1a: Sussy Gussy|68\/100\n|-damage|p1b: Rage|0 fnt\n|faint|p1b: Rage\n|\n|upkeep\n|inactive|SilverDragon550 has 30 seconds left.\n|\n|t:|1682872564\n|switch|p1b: Love Wins|Iron Valiant, L50|100\/100\n|turn|3\n|\n|t:|1682872579\n|-terastallize|p1b: Love Wins|Steel\n|move|p1a: Sussy Gussy|Protect|p1a: Sussy Gussy\n|-singleturn|p1a: Sussy Gussy|Protect\n|move|p2b: Lilith|Dazzling Gleam|p1a: Sussy Gussy|[spread] p1b\n|-activate|p1a: Sussy Gussy|move: Protect\n|-resisted|p1b: Love Wins\n|-damage|p1b: Love Wins|53\/100\n|move|p2a: Jaws|Taunt|p1a: Sussy Gussy\n|-activate|p1a: Sussy Gussy|move: Protect\n|move|p1b: Love Wins|Swords Dance|p1b: Love Wins\n|-boost|p1b: Love Wins|atk|2\n|\n|upkeep\n|turn|4\n|inactive|SilverDragon550 has 30 seconds left.\n|inactive|HeffNastyy has 30 seconds left.\n|\n|t:|1682872618\n|move|p1b: Love Wins|Protect|p1b: Love Wins\n|-singleturn|p1b: Love Wins|Protect\n|move|p1a: Sussy Gussy|Protect||[still]\n|-fail|p1a: Sussy Gussy\n|move|p2b: Lilith|Shadow Ball|p1b: Love Wins\n|-activate|p1b: Love Wins|move: Protect\n|move|p2a: Jaws|Taunt|p1a: Sussy Gussy\n|-start|p1a: Sussy Gussy|move: Taunt\n|\n|-sideend|p2: HeffNastyy|move: Tailwind\n|upkeep\n|turn|5\n|inactive|SilverDragon550 has 30 seconds left.\n|inactive|SilverDragon550 has 20 seconds left.\n|inactive|SilverDragon550 has 15 seconds left.\n|inactive|HeffNastyy has 30 seconds left.\n|\n|t:|1682872663\n|switch|p1a: Bing Chiling|Chien-Pao, L50|100\/100\n|-ability|p1a: Bing Chiling|Sword of Ruin\n|move|p2b: Lilith|Protect|p2b: Lilith\n|-singleturn|p2b: Lilith|Protect\n|move|p1b: Love Wins|Spirit Break|p2a: Jaws\n|-damage|p2a: Jaws|0 fnt\n|faint|p2a: Jaws\n|-damage|p1b: Love Wins|43\/100|[from] item: Life Orb\n|\n|upkeep\n|\n|t:|1682872674\n|switch|p2a: Riley|Iron Hands, L50|100\/100\n|turn|6\n|inactive|SilverDragon550 has 30 seconds left.\n|\n|t:|1682872703\n|move|p1a: Bing Chiling|Protect|p1a: Bing Chiling\n|-singleturn|p1a: Bing Chiling|Protect\n|move|p1b: Love Wins|Protect|p1b: Love Wins\n|-singleturn|p1b: Love Wins|Protect\n|move|p2a: Riley|Fake Out|p1a: Bing Chiling\n|-activate|p1a: Bing Chiling|move: Protect\n|move|p2b: Lilith|Shadow Ball|p1b: Love Wins\n|-activate|p1b: Love Wins|move: Protect\n|\n|upkeep\n|turn|7\n|inactive|SilverDragon550 has 30 seconds left.\n|\n|t:|1682872735\n|move|p1a: Bing Chiling|Ice Spinner|p2b: Lilith\n|-damage|p2b: Lilith|26\/100\n|move|p1b: Love Wins|Spirit Break|p2a: Riley\n|-supereffective|p2a: Riley\n|-damage|p2a: Riley|0 fnt\n|faint|p2a: Riley\n|-end|p2a: Riley|Quark Drive|[silent]\n|-damage|p1b: Love Wins|33\/100|[from] item: Life Orb\n|move|p2b: Lilith|Shadow Ball|p1b: Love Wins\n|-damage|p1b: Love Wins|0 fnt\n|faint|p1b: Love Wins\n|-end|p1b: Love Wins|Quark Drive|[silent]\n|\n|upkeep\n|\n|t:|1682872745\n|switch|p1b: Sussy Gussy|Amoonguss, L50, M, shiny|100\/100\n|turn|8\n|\n|t:|1682872753\n|move|p1b: Sussy Gussy|Rage Powder|p1b: Sussy Gussy\n|-singleturn|p1b: Sussy Gussy|move: Rage Powder\n|move|p1a: Bing Chiling|Ice Spinner|p2b: Lilith\n|-damage|p2b: Lilith|0 fnt\n|faint|p2b: Lilith\n|-end|p2b: Lilith|Protosynthesis|[silent]\n|\n|win|SilverDragon550\n|c|\u2606HeffNastyy|gg\n|c|\u2606SilverDragon550|gg\n|l|\u2606SilverDragon550\n","uploadtime":1682873790,"views":10,"p1id":"silverdragon550","p2id":"heffnastyy","formatid":"gen9vgc2023regulationc","rating":0,"private":0,"password":""}