{"id":"gen9vgc2023regulationc-1857146342","p1":"Larchete","p2":"Sablewile","format":"[Gen 9] VGC 2023 Regulation C","log":"|j|\u2606Larchete\n|j|\u2606Sablewile\n|t:|1683150671\n|gametype|doubles\n|player|p1|Larchete|102|1698\n|player|p2|Sablewile|zinzolin|1611\n|teamsize|p1|6\n|teamsize|p2|6\n|gen|9\n|tier|[Gen 9] VGC 2023 Regulation C\n|rated|\n|rule|Species Clause: Limit one of each Pok\u00e9mon\n|rule|Item Clause: Limit one of each item\n|clearpoke\n|poke|p1|Armarouge, L50, M|\n|poke|p1|Indeedee-F, L50, F|\n|poke|p1|Tatsugiri, L50, F|\n|poke|p1|Maushold, L50|\n|poke|p1|Dondozo, L50, M|\n|poke|p1|Talonflame, L50, F|\n|poke|p2|Abomasnow, L50, F|\n|poke|p2|Iron Bundle, L50|\n|poke|p2|Chi-Yu, L50|\n|poke|p2|Flutter Mane, L50|\n|poke|p2|Annihilape, L50, F|\n|poke|p2|Maushold-Four, L50|\n|teampreview|4\nLarchete has agreed to open team sheets.\n|j| vgdjfifIFFIGgcu\n|inactive|Battle timer is ON: inactive players will automatically lose when time's up. (requested by Larchete)\n|\n|t:|1683150742\n|start\n|switch|p1a: Talonflame|Talonflame, L50, F|100\/100\n|switch|p1b: Maushold|Maushold, L50|100\/100\n|switch|p2a: Flutter Mane|Flutter Mane, L50|100\/100\n|switch|p2b: Chi-Gyu|Chi-Yu, L50|100\/100\n|-ability|p2b: Chi-Gyu|Beads of Ruin\n|turn|1\n|j| gorkalork\n|inactive|Sablewile has 30 seconds left.\n|\n|t:|1683150769\n|move|p2b: Chi-Gyu|Protect|p2b: Chi-Gyu\n|-singleturn|p2b: Chi-Gyu|Protect\n|move|p1a: Talonflame|Tailwind|p1a: Talonflame\n|-sidestart|p1: Larchete|move: Tailwind\n|move|p1b: Maushold|Population Bomb|p2b: Chi-Gyu\n|-activate|p2b: Chi-Gyu|move: Protect\n|move|p2a: Flutter Mane|Substitute|p2a: Flutter Mane\n|-start|p2a: Flutter Mane|Substitute\n|-damage|p2a: Flutter Mane|76\/100\n|\n|upkeep\n|turn|2\n|\n|t:|1683150790\n|-terastallize|p2b: Chi-Gyu|Ghost\n|move|p2a: Flutter Mane|Protect|p2a: Flutter Mane\n|-singleturn|p2a: Flutter Mane|Protect\n|move|p1a: Talonflame|Brave Bird|p2b: Chi-Gyu\n|-damage|p2b: Chi-Gyu|24\/100\n|-damage|p1a: Talonflame|75\/100|[from] Recoil\n|-damage|p1a: Talonflame|65\/100|[from] item: Life Orb\n|move|p1b: Maushold|Shadow Claw|p2a: Flutter Mane\n|-activate|p2a: Flutter Mane|move: Protect\n|move|p2b: Chi-Gyu|Heat Wave|p1a: Talonflame|[spread] p1a,p1b\n|-resisted|p1a: Talonflame\n|-damage|p1a: Talonflame|17\/100\n|-damage|p1b: Maushold|21\/100\n|\n|upkeep\n|turn|3\n|inactive|Sablewile has 30 seconds left.\n|inactive|Sablewile has 20 seconds left.\n|inactive|Sablewile has 15 seconds left.\n|\n|t:|1683150835\n|move|p1a: Talonflame|Brave Bird|p2a: Flutter Mane\n|-end|p2a: Flutter Mane|Substitute\n|-damage|p1a: Talonflame|9\/100|[from] Recoil|[of] p2a: Flutter Mane\n|-damage|p1a: Talonflame|0 fnt|[from] item: Life Orb\n|faint|p1a: Talonflame\n|move|p1b: Maushold|Shadow Claw|p2a: Flutter Mane\n|-supereffective|p2a: Flutter Mane\n|-damage|p2a: Flutter Mane|23\/100\n|move|p2a: Flutter Mane|Moonblast|p1b: Maushold\n|-damage|p1b: Maushold|0 fnt\n|faint|p1b: Maushold\n|move|p2b: Chi-Gyu|Dark Pulse|p1: Talonflame|[notarget]\n|-fail|p2b: Chi-Gyu\n|\n|upkeep\n|\n|t:|1683150848\n|switch|p1a: Indeedee|Indeedee-F, L50, F|100\/100\n|switch|p1b: Armarouge|Armarouge, L50, M|100\/100\n|-fieldstart|move: Psychic Terrain|[from] ability: Psychic Surge|[of] p1a: Indeedee\n|turn|4\n|inactive|Sablewile has 30 seconds left.\n|\n|t:|1683150875\n|move|p1b: Armarouge|Expanding Force|p2a: Flutter Mane|[spread] p2a,p2b\n|-crit|p2b: Chi-Gyu\n|-damage|p2a: Flutter Mane|0 fnt\n|-damage|p2b: Chi-Gyu|0 fnt\n|faint|p2a: Flutter Mane\n|-end|p2a: Flutter Mane|Protosynthesis|[silent]\n|faint|p2b: Chi-Gyu\n|move|p1a: Indeedee|Trick Room|p1a: Indeedee\n|-fieldstart|move: Trick Room|[of] p1a: Indeedee\n|\n|-sideend|p1: Larchete|move: Tailwind\n|upkeep\n|\n|t:|1683150883\n|switch|p2b: Iron Bundle|Iron Bundle, L50|100\/100\n|switch|p2a: Abomasnow|Abomasnow, L50, F, shiny|100\/100\n|-weather|Snow|[from] ability: Snow Warning|[of] p2a: Abomasnow\n|-enditem|p2b: Iron Bundle|Booster Energy\n|-activate|p2b: Iron Bundle|ability: Quark Drive|[fromitem]\n|-start|p2b: Iron Bundle|quarkdrivespe\n|turn|5\n|\n|t:|1683150902\n|-terastallize|p1b: Armarouge|Psychic\n|move|p1b: Armarouge|Expanding Force|p2b: Iron Bundle|[spread] p2a,p2b\n|-enditem|p2a: Abomasnow|Focus Sash\n|-damage|p2a: Abomasnow|1\/100\n|-damage|p2b: Iron Bundle|0 fnt\n|faint|p2b: Iron Bundle\n|-end|p2b: Iron Bundle|Quark Drive|[silent]\n|move|p1a: Indeedee|Dazzling Gleam|p2a: Abomasnow\n|-damage|p2a: Abomasnow|0 fnt\n|faint|p2a: Abomasnow\n|\n|win|Larchete\n|raw|Larchete's rating: 1698 → 1713<\/strong> (+15 for winning)\n|raw|Sablewile's rating: 1611 → 1596<\/strong> (-15 for losing)\n|l|\u2606Sablewile\n","uploadtime":1683150915,"views":11,"p1id":"larchete","p2id":"sablewile","formatid":"gen9vgc2023regulationc","rating":1596,"private":0,"password":""}