{"id":"gen9vgc2023regulationc-1844884115","p1":"BraxDoesStuff","p2":"Drip_Riley","format":"[Gen 9] VGC 2023 Regulation C","log":"|j|\u2606BraxDoesStuff\n|j|\u2606Drip_Riley\n|t:|1681660217\n|gametype|doubles\n|player|p1|BraxDoesStuff|1|1045\n|player|p2|Drip_Riley|grimsley|1040\n|teamsize|p1|6\n|teamsize|p2|6\n|gen|9\n|tier|[Gen 9] VGC 2023 Regulation C\n|rated|\n|rule|Species Clause: Limit one of each Pok\u00e9mon\n|rule|Item Clause: Limit one of each item\n|clearpoke\n|poke|p1|Klefki, L50, F|\n|poke|p1|Azumarill, L50, M|\n|poke|p1|Skeledirge, L50, M|\n|poke|p1|Amoonguss, L50, M|\n|poke|p1|Iron Hands, L50|\n|poke|p1|Pincurchin, L50, M|\n|poke|p2|Sandy Shocks, L50|\n|poke|p2|Maushold, L50|\n|poke|p2|Bronzong, L50|\n|poke|p2|Amoonguss, L50, M|\n|poke|p2|Brute Bonnet, L50|\n|poke|p2|Hydreigon, L50, F|\n|teampreview|4\n|\n|t:|1681660250\n|start\n|switch|p1a: Klefki|Klefki, L50, F|100\/100\n|switch|p1b: Amoonguss|Amoonguss, L50, M|100\/100\n|switch|p2a: Bronzong|Bronzong, L50|100\/100\n|switch|p2b: Amoonguss|Amoonguss, L50, M|100\/100\n|turn|1\n|inactive|Battle timer is ON: inactive players will automatically lose when time's up. (requested by Drip_Riley)\n|\n|t:|1681660289\n|move|p2b: Amoonguss|Rage Powder|p2b: Amoonguss\n|-singleturn|p2b: Amoonguss|move: Rage Powder\n|move|p1a: Klefki|Switcheroo|p2b: Amoonguss\n|-activate|p1a: Klefki|move: Trick|[of] p2b: Amoonguss\n|-item|p2b: Amoonguss|Choice Band|[from] move: Switcheroo\n|-item|p1a: Klefki|Black Sludge|[from] move: Switcheroo\n|move|p1b: Amoonguss|Clear Smog|p2a: Bronzong\n|-immune|p2a: Bronzong\n|move|p2a: Bronzong|Gravity|p2a: Bronzong\n|-fieldstart|move: Gravity\n|\n|-damage|p1a: Klefki|88\/100|[from] item: Black Sludge\n|upkeep\n|turn|2\n|inactive|BraxDoesStuff has 30 seconds left.\n|\n|t:|1681660316\n|move|p1a: Klefki|Thunder Wave|p2b: Amoonguss\n|-status|p2b: Amoonguss|par\n|move|p1b: Amoonguss|Pollen Puff|p2b: Amoonguss\n|-damage|p2b: Amoonguss|84\/100 par\n|move|p2a: Bronzong|Psychic Terrain|p2a: Bronzong\n|-fieldstart|move: Psychic Terrain\n|cant|p2b: Amoonguss|par\n|\n|-damage|p1a: Klefki|76\/100|[from] item: Black Sludge\n|upkeep\n|turn|3\n|\n|t:|1681660335\n|move|p1a: Klefki|Switcheroo|p2a: Bronzong\n|-activate|p2a: Bronzong|move: Psychic Terrain\n|move|p1b: Amoonguss|Pollen Puff|p1a: Klefki\n|-heal|p1a: Klefki|100\/100\n|move|p2a: Bronzong|Ice Spinner|p1b: Amoonguss\n|-supereffective|p1b: Amoonguss\n|-damage|p1b: Amoonguss|59\/100\n|-fieldend|move: Psychic Terrain\n|move|p2b: Amoonguss|Spore|p1a: Klefki\n|-status|p1a: Klefki|slp|[from] move: Spore\n|\n|-damage|p1a: Klefki|88\/100 slp|[from] item: Black Sludge\n|-heal|p1b: Amoonguss|65\/100|[from] item: Black Sludge\n|upkeep\n|turn|4\n|inactive|BraxDoesStuff has 30 seconds left.\n|inactive|Drip_Riley has 30 seconds left.\n|inactive|Drip_Riley has 20 seconds left.\n|\n|t:|1681660371\n|switch|p2b: Hydreigon|Hydreigon, L50, F|100\/100\n|cant|p1a: Klefki|slp\n|move|p1b: Amoonguss|Pollen Puff|p2b: Hydreigon\n|-supereffective|p2b: Hydreigon\n|-damage|p2b: Hydreigon|62\/100\n|move|p2a: Bronzong|Ice Spinner|p1b: Amoonguss\n|-supereffective|p1b: Amoonguss\n|-damage|p1b: Amoonguss|29\/100\n|\n|-damage|p1a: Klefki|76\/100 slp|[from] item: Black Sludge\n|-heal|p1b: Amoonguss|34\/100|[from] item: Black Sludge\n|upkeep\n|turn|5\n|\n|t:|1681660392\n|move|p1b: Amoonguss|Protect|p1b: Amoonguss\n|-singleturn|p1b: Amoonguss|Protect\n|cant|p1a: Klefki|slp\n|move|p2b: Hydreigon|Tailwind|p2b: Hydreigon\n|-sidestart|p2: Drip_Riley|move: Tailwind\n|move|p2a: Bronzong|Ice Spinner|p1b: Amoonguss\n|-activate|p1b: Amoonguss|move: Protect\n|\n|-damage|p1a: Klefki|64\/100 slp|[from] item: Black Sludge\n|-heal|p1b: Amoonguss|40\/100|[from] item: Black Sludge\n|-fieldend|move: Gravity\n|upkeep\n|turn|6\n|inactive|BraxDoesStuff has 30 seconds left.\n|\n|t:|1681660427\n|switch|p1b: Skeledirge|Skeledirge, L50, M|100\/100\n|-item|p1b: Skeledirge|Air Balloon\n|cant|p1a: Klefki|slp\n|move|p2b: Hydreigon|Dark Pulse|p1b: Skeledirge\n|-supereffective|p1b: Skeledirge\n|-damage|p1b: Skeledirge|10\/100\n|-enditem|p1b: Skeledirge|Air Balloon\n|move|p2a: Bronzong|Psychic Terrain|p2a: Bronzong\n|-fieldstart|move: Psychic Terrain\n|\n|-damage|p1a: Klefki|52\/100 slp|[from] item: Black Sludge\n|upkeep\n|turn|7\n|inactive|BraxDoesStuff has 30 seconds left.\n|\n|t:|1681660454\n|switch|p1b: Azumarill|Azumarill, L50, M|100\/100\n|-curestatus|p1a: Klefki|slp|[msg]\n|move|p1a: Klefki|Thunder Wave|p2b: Hydreigon\n|-hint|Since gen 7, Dark is immune to Prankster moves.\n|-immune|p2b: Hydreigon\n|move|p2b: Hydreigon|Dark Pulse|p1b: Azumarill\n|-resisted|p1b: Azumarill\n|-crit|p1b: Azumarill\n|-damage|p1b: Azumarill|72\/100\n|move|p2a: Bronzong|Gravity|p2a: Bronzong\n|-fieldstart|move: Gravity\n|\n|-damage|p1a: Klefki|40\/100|[from] item: Black Sludge\n|upkeep\n|turn|8\n|inactive|BraxDoesStuff has 30 seconds left.\n|\n|t:|1681660480\n|switch|p2b: Amoonguss|Amoonguss, L50, M|100\/100 par\n|move|p1a: Klefki|Switcheroo|p2a: Bronzong\n|-activate|p2a: Bronzong|move: Psychic Terrain\n|move|p1b: Azumarill|Ice Punch|p2b: Amoonguss\n|-supereffective|p2b: Amoonguss\n|-damage|p2b: Amoonguss|49\/100 par\n|move|p2a: Bronzong|Trick Room|p2a: Bronzong\n|-fieldstart|move: Trick Room|[of] p2a: Bronzong\n|-enditem|p2a: Bronzong|Room Service\n|-unboost|p2a: Bronzong|spe|1|[from] item: Room Service\n|\n|-damage|p1a: Klefki|27\/100|[from] item: Black Sludge\n|-sideend|p2: Drip_Riley|move: Tailwind\n|upkeep\n|turn|9\n|inactive|BraxDoesStuff has 30 seconds left.\n|\n|t:|1681660505\n|switch|p1a: Skeledirge|Skeledirge, L50, M|10\/100\n|move|p2b: Amoonguss|Spore|p1b: Azumarill\n|-status|p1b: Azumarill|slp|[from] move: Spore\n|move|p2a: Bronzong|Ice Spinner|p1a: Skeledirge\n|-resisted|p1a: Skeledirge\n|-damage|p1a: Skeledirge|4\/100\n|-fieldend|move: Psychic Terrain\n|cant|p1b: Azumarill|slp\n|\n|upkeep\n|turn|10\n|\n|t:|1681660526\n|switch|p2b: Hydreigon|Hydreigon, L50, F|62\/100\n|move|p2a: Bronzong|Ice Spinner|p1a: Skeledirge\n|-resisted|p1a: Skeledirge\n|-crit|p1a: Skeledirge\n|-damage|p1a: Skeledirge|0 fnt\n|faint|p1a: Skeledirge\n|cant|p1b: Azumarill|slp\n|\n|upkeep\n|-message|BraxDoesStuff forfeited.\n|\n|win|Drip_Riley\n|raw|BraxDoesStuff's rating: 1045 → 1028<\/strong> (-17 for losing)\n|raw|Drip_Riley's rating: 1040 → 1074<\/strong> (+34 for winning)\n|l|\u2606BraxDoesStuff\n","uploadtime":1681660543,"views":13,"p1id":"braxdoesstuff","p2id":"dripriley","formatid":"gen9vgc2023regulationc","rating":1028,"private":0,"password":""}