{"id":"gen9vgc2023regulationc-1862098465","p1":"Goldjunge1994","p2":"gohan92","format":"[Gen 9] VGC 2023 Regulation C","log":"|j|\u2606Goldjunge1994\n|j|\u2606gohan92\n|t:|1683836789\n|gametype|doubles\n|player|p1|Goldjunge1994|101|\n|player|p2|gohan92|170|\n|teamsize|p1|6\n|teamsize|p2|6\n|gen|9\n|tier|[Gen 9] VGC 2023 Regulation C\n|rule|Species Clause: Limit one of each Pok\u00e9mon\n|rule|Item Clause: Limit one of each item\n|clearpoke\n|poke|p1|Palafin, L50, M|\n|poke|p1|Chi-Yu, L50|\n|poke|p1|Flutter Mane, L50|\n|poke|p1|Amoonguss, L50, M|\n|poke|p1|Iron Hands, L50|\n|poke|p1|Dragonite, L50, M|\n|poke|p2|Chi-Yu, L50|\n|poke|p2|Flutter Mane, L50|\n|poke|p2|Glimmora, L50, M|\n|poke|p2|Ting-Lu, L50|\n|poke|p2|Gyarados, L50, M|\n|poke|p2|Amoonguss, L50, M|\n|teampreview|4\nGoldjunge1994 has agreed to open team sheets.\ngohan92 has agreed to open team sheets.\n|\n|t:|1683836841\n|start\n|switch|p1a: TheTerminat|Iron Hands, L50|100\/100\n|switch|p1b: Floa|Palafin, L50, M|100\/100\n|switch|p2a: Glimmora|Glimmora, L50, M|100\/100\n|switch|p2b: Gyarados|Gyarados, L50, M|100\/100\n|-ability|p2b: Gyarados|Intimidate|boost\n|-unboost|p1a: TheTerminat|atk|1\n|-unboost|p1b: Floa|atk|1\n|turn|1\n|\n|t:|1683836867\n|detailschange|p1b: Floa|Palafin-Hero, L50, M\n|switch|p1b: Skarm|Amoonguss, L50, M|100\/100\n|switch|p2b: Ting-Lu|Ting-Lu, L50|100\/100\n|-ability|p2b: Ting-Lu|Vessel of Ruin\n|move|p2a: Glimmora|Mortal Spin|p1a: TheTerminat|[spread] p1a,p1b\n|-damage|p1a: TheTerminat|98\/100\n|-damage|p1b: Skarm|96\/100\n|-status|p1a: TheTerminat|psn\n|-status|p1b: Skarm|psn\n|move|p1a: TheTerminat|Volt Switch|p2a: Glimmora\n|-damage|p2a: Glimmora|87\/100\n|\n|t:|1683836883\n|-end|p1a: TheTerminat|Quark Drive|[silent]\n|switch|p1a: Vhagar|Dragonite, L50, M|100\/100|[from] Volt Switch\n|\n|-damage|p1b: Skarm|84\/100 psn|[from] psn\n|upkeep\n|turn|2\n|\n|t:|1683836918\n|switch|p2b: Gyarados|Gyarados, L50, M|100\/100\n|-ability|p2b: Gyarados|Intimidate|boost\n|-unboost|p1a: Vhagar|atk|1\n|-unboost|p1b: Skarm|atk|1\n|move|p2a: Glimmora|Mortal Spin|p1b: Skarm|[spread] p1a,p1b\n|-damage|p1a: Vhagar|98\/100\n|-damage|p1b: Skarm|80\/100 psn\n|-status|p1a: Vhagar|psn\n|-enditem|p1a: Vhagar|Lum Berry|[eat]\n|-curestatus|p1a: Vhagar|psn|[msg]\n|move|p1a: Vhagar|Dragon Dance|p1a: Vhagar\n|-boost|p1a: Vhagar|atk|1\n|-boost|p1a: Vhagar|spe|1\n|move|p1b: Skarm|Spore|p2b: Gyarados\n|-status|p2b: Gyarados|slp|[from] move: Spore\n|-enditem|p2b: Gyarados|Lum Berry|[eat]\n|-curestatus|p2b: Gyarados|slp|[msg]\n|\n|-damage|p1b: Skarm|68\/100 psn|[from] psn\n|upkeep\n|turn|3\n|\n|t:|1683836973\n|-terastallize|p1a: Vhagar|Flying\n|move|p1b: Skarm|Rage Powder|p1b: Skarm\n|-singleturn|p1b: Skarm|move: Rage Powder\n|move|p1a: Vhagar|Tera Blast|p2a: Glimmora\n|-resisted|p2a: Glimmora\n|-damage|p2a: Glimmora|47\/100\n|move|p2a: Glimmora|Mortal Spin|p1b: Skarm|[spread] p1a,p1b\n|-damage|p1a: Vhagar|93\/100\n|-damage|p1b: Skarm|64\/100 psn\n|-status|p1a: Vhagar|psn\n|move|p2b: Gyarados|Taunt|p1b: Skarm\n|-start|p1b: Skarm|move: Taunt\n|\n|-damage|p1a: Vhagar|81\/100 psn|[from] psn\n|-damage|p1b: Skarm|51\/100 psn|[from] psn\n|upkeep\n|turn|4\n|\n|t:|1683837023\n|switch|p1a: TheTerminat|Iron Hands, L50|98\/100 psn\n|switch|p1b: Floa|Palafin-Hero, L50, M|100\/100\n|-activate|p1b: Floa|ability: Zero to Hero\n|move|p2a: Glimmora|Power Gem|p1a: TheTerminat\n|-resisted|p1a: TheTerminat\n|-damage|p1a: TheTerminat|88\/100 psn\n|move|p2b: Gyarados|Waterfall|p1a: TheTerminat\n|-damage|p1a: TheTerminat|61\/100 psn\n|\n|-damage|p1a: TheTerminat|49\/100 psn|[from] psn\n|upkeep\n|turn|5\n|\n|t:|1683837052\n|move|p2a: Glimmora|Spiky Shield|p2a: Glimmora\n|-singleturn|p2a: Glimmora|move: Protect\n|move|p1b: Floa|Wave Crash|p2b: Gyarados\n|-resisted|p2b: Gyarados\n|-damage|p2b: Gyarados|55\/100\n|-damage|p1b: Floa|86\/100|[from] Recoil\n|move|p2b: Gyarados|Waterfall|p1a: TheTerminat\n|-damage|p1a: TheTerminat|20\/100 psn\n|move|p1a: TheTerminat|Volt Switch|p2b: Gyarados\n|-supereffective|p2b: Gyarados\n|-damage|p2b: Gyarados|14\/100\n|\n|t:|1683837065\n|-end|p1a: TheTerminat|Quark Drive|[silent]\n|switch|p1a: Skarm|Amoonguss, L50, M|85\/100 psn|[from] Volt Switch\n|\n|-damage|p1a: Skarm|72\/100 psn|[from] psn\n|upkeep\n|turn|6\n|\n|t:|1683837088\n|switch|p2b: Ting-Lu|Ting-Lu, L50|100\/100\n|-ability|p2b: Ting-Lu|Vessel of Ruin\n|-terastallize|p2a: Glimmora|Grass\n|move|p2a: Glimmora|Mortal Spin|p1b: Floa|[spread] p1a,p1b\n|-damage|p1a: Skarm|68\/100 psn\n|-damage|p1b: Floa|81\/100\n|-status|p1b: Floa|psn\n|move|p1b: Floa|Wave Crash|p2a: Glimmora\n|-resisted|p2a: Glimmora\n|-damage|p2a: Glimmora|0 fnt\n|faint|p2a: Glimmora\n|-damage|p1b: Floa|69\/100 psn|[from] Recoil\n|move|p1a: Skarm|Pollen Puff|p1b: Floa\n|-heal|p1b: Floa|100\/100 psn\n|\n|-damage|p1b: Floa|88\/100 psn|[from] psn\n|-damage|p1a: Skarm|56\/100 psn|[from] psn\n|upkeep\n|\n|t:|1683837106\n|switch|p2a: Gyarados|Gyarados, L50, M|14\/100\n|-ability|p2a: Gyarados|Intimidate|boost\n|-unboost|p1a: Skarm|atk|1\n|-unboost|p1b: Floa|atk|1\n|turn|7\n|\n|t:|1683837119\n|move|p1b: Floa|Jet Punch|p2a: Gyarados\n|-resisted|p2a: Gyarados\n|-damage|p2a: Gyarados|0 fnt\n|faint|p2a: Gyarados\n|move|p2b: Ting-Lu|Ruination|p1b: Floa\n|-damage|p1b: Floa|44\/100 psn\n|move|p1a: Skarm|Pollen Puff|p1b: Floa\n|-heal|p1b: Floa|94\/100 psn\n|\n|-damage|p1b: Floa|82\/100 psn|[from] psn\n|-damage|p1a: Skarm|44\/100 psn|[from] psn\n|upkeep\n|-enditem|p1a: Skarm|Sitrus Berry|[eat]\n|-heal|p1a: Skarm|69\/100 psn|[from] item: Sitrus Berry\n|\n|t:|1683837131\n|switch|p2a: Flutter Mane|Flutter Mane, L50|100\/100\n|-enditem|p2a: Flutter Mane|Booster Energy\n|-activate|p2a: Flutter Mane|ability: Protosynthesis|[fromitem]\n|-start|p2a: Flutter Mane|protosynthesisspa\n|turn|8\n|\n|t:|1683837170\n|move|p1b: Floa|Jet Punch|p2a: Flutter Mane\n|-damage|p2a: Flutter Mane|56\/100\n|move|p2a: Flutter Mane|Substitute|p2a: Flutter Mane\n|-start|p2a: Flutter Mane|Substitute\n|-damage|p2a: Flutter Mane|32\/100\n|move|p2b: Ting-Lu|Ruination|p1a: Skarm|[miss]\n|-miss|p2b: Ting-Lu|p1a: Skarm\n|move|p1a: Skarm|Spore||[still]\n|-fail|p1a: Skarm\n|\n|-damage|p1b: Floa|69\/100 psn|[from] psn\n|-damage|p1a: Skarm|56\/100 psn|[from] psn\n|upkeep\n|turn|9\n|\n|t:|1683837188\n|switch|p1a: TheTerminat|Iron Hands, L50|20\/100 psn\n|move|p2a: Flutter Mane|Protect|p2a: Flutter Mane\n|-singleturn|p2a: Flutter Mane|Protect\n|move|p1b: Floa|Protect|p1b: Floa\n|-singleturn|p1b: Floa|Protect\n|move|p2b: Ting-Lu|Stomping Tantrum|p1a: TheTerminat\n|-supereffective|p1a: TheTerminat\n|-damage|p1a: TheTerminat|0 fnt\n|faint|p1a: TheTerminat\n|-end|p1a: TheTerminat|Quark Drive|[silent]\n|\n|-damage|p1b: Floa|57\/100 psn|[from] psn\n|upkeep\n|\n|t:|1683837203\n|switch|p1a: Skarm|Amoonguss, L50, M|90\/100 psn\n|turn|10\n|\n|t:|1683837223\n|move|p1a: Skarm|Rage Powder|p1a: Skarm\n|-singleturn|p1a: Skarm|move: Rage Powder\n|move|p1b: Floa|Jet Punch|p2a: Flutter Mane\n|-end|p2a: Flutter Mane|Substitute\n|move|p2a: Flutter Mane|Shadow Ball|p1a: Skarm\n|-damage|p1a: Skarm|54\/100 psn\n|move|p2b: Ting-Lu|Stomping Tantrum|p1a: Skarm\n|-damage|p1a: Skarm|23\/100 psn\n|\n|-damage|p1b: Floa|45\/100 psn|[from] psn\n|-damage|p1a: Skarm|11\/100 psn|[from] psn\n|upkeep\n|turn|11\n|\n|t:|1683837248\n|move|p1a: Skarm|Rage Powder|p1a: Skarm\n|-singleturn|p1a: Skarm|move: Rage Powder\n|move|p2a: Flutter Mane|Shadow Ball|p1a: Skarm\n|-damage|p1a: Skarm|0 fnt\n|faint|p1a: Skarm\n|move|p1b: Floa|Wave Crash|p2b: Ting-Lu\n|-supereffective|p2b: Ting-Lu\n|-damage|p2b: Ting-Lu|27\/100\n|-damage|p1b: Floa|17\/100 psn|[from] Recoil\n|move|p2b: Ting-Lu|Stomping Tantrum|p1b: Floa\n|-damage|p1b: Floa|0 fnt\n|faint|p1b: Floa\n|\n|upkeep\n|\n|t:|1683837261\n|switch|p1b: Vhagar|Dragonite, L50, M, tera:Flying|81\/100 psn\n|turn|12\n|\n|t:|1683837272\n|move|p2a: Flutter Mane|Substitute|p2a: Flutter Mane\n|-start|p2a: Flutter Mane|Substitute\n|-damage|p2a: Flutter Mane|7\/100\n|move|p1b: Vhagar|Tera Blast|p2a: Flutter Mane\n|-end|p2a: Flutter Mane|Substitute\n|move|p2b: Ting-Lu|Ruination|p1b: Vhagar\n|-damage|p1b: Vhagar|41\/100 psn\n|\n|-damage|p1b: Vhagar|28\/100 psn|[from] psn\n|upkeep\n|turn|13\n|\n|t:|1683837285\n|move|p2a: Flutter Mane|Moonblast|p1b: Vhagar\n|-damage|p1b: Vhagar|0 fnt\n|faint|p1b: Vhagar\n|\n|win|gohan92\n|c|\u2606Goldjunge1994|gg\n|c|\u2606gohan92|gg\n|c|\u2606Goldjunge1994|Will noch einmal gegen das Team\n|l|\u2606Goldjunge1994\n|c|\u2606gohan92|alles klar\n","uploadtime":1683837311,"views":7,"p1id":"goldjunge1994","p2id":"gohan92","formatid":"gen9vgc2023regulationc","rating":0,"private":0,"password":""}