{"id":"gen9vgc2023regulationc-1861551203","p1":"Lefties Chi-Yu","p2":"airport gamer","format":"[Gen 9] VGC 2023 Regulation C","log":"|j|\u2606Lefties Chi-Yu\n|j|\u2606airport gamer\n|t:|1683772067\n|gametype|doubles\n|player|p1|Lefties Chi-Yu|acetrainer-gen6xy|\n|player|p2|airport gamer|crasherwake|\n|teamsize|p1|6\n|teamsize|p2|6\n|gen|9\n|tier|[Gen 9] VGC 2023 Regulation C\n|rule|Species Clause: Limit one of each Pok\u00e9mon\n|rule|Item Clause: Limit one of each item\n|clearpoke\n|poke|p1|Flutter Mane, L50|\n|poke|p1|Iron Bundle, L50|\n|poke|p1|Iron Hands, L50|\n|poke|p1|Gyarados, L50, M|\n|poke|p1|Chi-Yu, L50|\n|poke|p1|Amoonguss, L50, M|\n|poke|p2|Garganacl, L50, M|\n|poke|p2|Arcanine, L50, F|\n|poke|p2|Palafin, L50, F|\n|poke|p2|Amoonguss, L50, M|\n|poke|p2|Flutter Mane, L50|\n|poke|p2|Dragonite, L50, M|\n|teampreview|4\nairport gamer has agreed to open team sheets.\nLefties Chi-Yu has agreed to open team sheets.\n|c|\u2606Lefties Chi-Yu|how is the wifi in the new hotel still awful\n|c|\u2606airport gamer|Unusable. I'm on data and it's very slow and goes completely out every 2 minutes for at least 10 seconds\n|c|\u2606Lefties Chi-Yu|lmaoooo\n|c|\u2606Lefties Chi-Yu|the average latin american wifi\n|c|\u2606Lefties Chi-Yu|thats not racist im latin american\n|c|\u2606airport gamer|It's true\n|\n|t:|1683772206\n|start\n|switch|p1a: Iron Bundle|Iron Bundle, L50|100\/100\n|switch|p1b: Iron Hands|Iron Hands, L50|100\/100\n|switch|p2a: Garganacl|Garganacl, L50, M|100\/100\n|switch|p2b: Flutter Mane|Flutter Mane, L50|100\/100\n|-enditem|p1a: Iron Bundle|Booster Energy\n|-activate|p1a: Iron Bundle|ability: Quark Drive|[fromitem]\n|-start|p1a: Iron Bundle|quarkdrivespe\n|-enditem|p2b: Flutter Mane|Booster Energy\n|-activate|p2b: Flutter Mane|ability: Protosynthesis|[fromitem]\n|-start|p2b: Flutter Mane|protosynthesisspa\n|turn|1\n|\n|t:|1683772272\n|move|p2a: Garganacl|Protect|p2a: Garganacl\n|-singleturn|p2a: Garganacl|Protect\n|move|p1a: Iron Bundle|Hydro Pump|p2a: Garganacl\n|-activate|p2a: Garganacl|move: Protect\n|move|p2b: Flutter Mane|Moonblast|p1a: Iron Bundle\n|-damage|p1a: Iron Bundle|0 fnt\n|faint|p1a: Iron Bundle\n|-end|p1a: Iron Bundle|Quark Drive|[silent]\n|move|p1b: Iron Hands|Heavy Slam|p2b: Flutter Mane\n|-supereffective|p2b: Flutter Mane\n|-damage|p2b: Flutter Mane|0 fnt\n|faint|p2b: Flutter Mane\n|-end|p2b: Flutter Mane|Protosynthesis|[silent]\n|\n|upkeep\n|c|\u2606Lefties Chi-Yu|my play is so risky\n|\n|t:|1683772300\n|switch|p1a: Chi-Yu|Chi-Yu, L50|100\/100\n|switch|p2b: Arcanine|Arcanine, L50, F|100\/100\n|-ability|p1a: Chi-Yu|Beads of Ruin\n|-ability|p2b: Arcanine|Intimidate|boost\n|-unboost|p1a: Chi-Yu|atk|1\n|-unboost|p1b: Iron Hands|atk|1\n|turn|2\n|\n|t:|1683772338\n|-end|p1b: Iron Hands|Quark Drive|[silent]\n|switch|p1b: Amoonguss|Amoonguss, L50, M|100\/100\n|move|p1a: Chi-Yu|Protect|p1a: Chi-Yu\n|-singleturn|p1a: Chi-Yu|Protect\n|move|p2b: Arcanine|Flare Blitz|p1b: Amoonguss\n|-supereffective|p1b: Amoonguss\n|-damage|p1b: Amoonguss|7\/100\n|-enditem|p1b: Amoonguss|Sitrus Berry|[eat]\n|-heal|p1b: Amoonguss|32\/100|[from] item: Sitrus Berry\n|-damage|p2b: Arcanine|66\/100|[from] Recoil\n|move|p2a: Garganacl|Salt Cure|p1a: Chi-Yu\n|-activate|p1a: Chi-Yu|move: Protect\n|\n|upkeep\n|turn|3\n|c|\u2606Lefties Chi-Yu|the uncommon ian read\n|c|\u2606airport gamer|What's the amoongus set\n|c|\u2606Lefties Chi-Yu|specs leaf storm\n|c|\u2606airport gamer|Kk thx\n|c|\u2606Lefties Chi-Yu|spore protect pollen rage poweder\n|c|\u2606Lefties Chi-Yu|tera water\n|\n|t:|1683772432\n|move|p1b: Amoonguss|Protect|p1b: Amoonguss\n|-singleturn|p1b: Amoonguss|Protect\n|move|p1a: Chi-Yu|Nasty Plot|p1a: Chi-Yu\n|-boost|p1a: Chi-Yu|spa|2\n|move|p2b: Arcanine|Flare Blitz|p1b: Amoonguss\n|-activate|p1b: Amoonguss|move: Protect\n|move|p2a: Garganacl|Salt Cure|p1a: Chi-Yu\n|-supereffective|p1a: Chi-Yu\n|-damage|p1a: Chi-Yu|63\/100\n|-start|p1a: Chi-Yu|Salt Cure\n|\n|-heal|p1a: Chi-Yu|70\/100|[from] item: Leftovers\n|-damage|p1a: Chi-Yu|57\/100|[from] Salt Cure\n|upkeep\n|turn|4\n|\n|t:|1683772475\n|switch|p1b: Iron Hands|Iron Hands, L50|100\/100\n|move|p2b: Arcanine|Protect|p2b: Arcanine\n|-singleturn|p2b: Arcanine|Protect\n|move|p1a: Chi-Yu|Dark Pulse|p2a: Garganacl\n|-damage|p2a: Garganacl|32\/100\n|move|p2a: Garganacl|Salt Cure|p1b: Iron Hands\n|-resisted|p1b: Iron Hands\n|-crit|p1b: Iron Hands\n|-damage|p1b: Iron Hands|93\/100\n|-start|p1b: Iron Hands|Salt Cure\n|\n|-heal|p1a: Chi-Yu|63\/100|[from] item: Leftovers\n|-heal|p2a: Garganacl|38\/100|[from] item: Leftovers\n|-damage|p1a: Chi-Yu|51\/100|[from] Salt Cure\n|-damage|p1b: Iron Hands|81\/100|[from] Salt Cure\n|upkeep\n|turn|5\n|\n|t:|1683772499\n|move|p2b: Arcanine|Protect||[still]\n|-fail|p2b: Arcanine\n|move|p2a: Garganacl|Protect|p2a: Garganacl\n|-singleturn|p2a: Garganacl|Protect\n|move|p1b: Iron Hands|Fake Out|p2a: Garganacl\n|-activate|p2a: Garganacl|move: Protect\n|move|p1a: Chi-Yu|Dark Pulse|p2b: Arcanine\n|-damage|p2b: Arcanine|0 fnt\n|faint|p2b: Arcanine\n|\n|-heal|p1a: Chi-Yu|57\/100|[from] item: Leftovers\n|-heal|p2a: Garganacl|43\/100|[from] item: Leftovers\n|-damage|p1a: Chi-Yu|45\/100|[from] Salt Cure\n|-damage|p1b: Iron Hands|68\/100|[from] Salt Cure\n|upkeep\n|c|\u2606airport gamer|Bruh\n|c|\u2606airport gamer|I didn't realize I protected\n|c|\u2606Lefties Chi-Yu|happens\n|c|\u2606airport gamer|I'm too out of it for this shit\n|\n|t:|1683772532\n|switch|p2b: Amoonguss|Amoonguss, L50, M|100\/100\n|turn|6\n|c|\u2606Lefties Chi-Yu|quit being r word\n|c|\u2606airport gamer|Tell that to me after you've had the last 24 hours I've had\n|c|\u2606Lefties Chi-Yu|lol ik\n|c|\u2606Lefties Chi-Yu|im messing w u\n|c|\u2606Lefties Chi-Yu|go sleep after this\n|c|\u2606airport gamer|I will\n|c|\u2606airport gamer|You're playing too well right now stop it\n|\n|t:|1683772605\n|-terastallize|p1b: Iron Hands|Grass\n|move|p2a: Garganacl|Protect|p2a: Garganacl\n|-singleturn|p2a: Garganacl|Protect\n|move|p1a: Chi-Yu|Dark Pulse|p2a: Garganacl\n|-activate|p2a: Garganacl|move: Protect\n|move|p1b: Iron Hands|Drain Punch|p2a: Garganacl\n|-activate|p2a: Garganacl|move: Protect\n|move|p2b: Amoonguss|Spore|p1a: Chi-Yu\n|-status|p1a: Chi-Yu|slp|[from] move: Spore\n|\n|-heal|p1a: Chi-Yu|51\/100 slp|[from] item: Leftovers\n|-heal|p2a: Garganacl|49\/100|[from] item: Leftovers\n|-damage|p1a: Chi-Yu|39\/100 slp|[from] Salt Cure\n|-damage|p1b: Iron Hands|56\/100|[from] Salt Cure\n|upkeep\n|turn|7\n|c|\u2606Lefties Chi-Yu|oh\n|c|\u2606Lefties Chi-Yu|LMAOOO\n|c|\u2606airport gamer|Out skilled\n|c|\u2606Lefties Chi-Yu|literally\n|c|\u2606Lefties Chi-Yu|need to stop reading u\n|\n|t:|1683772673\n|switch|p1a: Amoonguss|Amoonguss, L50, M|65\/100\n|-terastallize|p2a: Garganacl|Water\n|move|p1b: Iron Hands|Wild Charge|p2a: Garganacl\n|-supereffective|p2a: Garganacl\n|-damage|p2a: Garganacl|0 fnt\n|faint|p2a: Garganacl\n|-damage|p1b: Iron Hands|45\/100|[from] Recoil\n|move|p2b: Amoonguss|Pollen Puff|p1b: Iron Hands\n|-supereffective|p1b: Iron Hands\n|-damage|p1b: Iron Hands|25\/100\n|\n|-damage|p1b: Iron Hands|13\/100|[from] Salt Cure\n|upkeep\n|turn|8\n|c|\u2606airport gamer|I hate you\n|c|\u2606Lefties Chi-Yu|ily\n|c|\u2606airport gamer|I was so unbelievably close to not tearing\n|c|\u2606airport gamer|Tearing\n|c|\u2606airport gamer|Tera ing\n|c|\u2606Lefties Chi-Yu|i dont wnna make u cry bro\n|c|\u2606airport gamer|I'm sobbing\n|c|\u2606Lefties Chi-Yu|LMAO\n|c|\u2606Lefties Chi-Yu|i mean the read the turn before was RAW\n|\n|t:|1683772741\n|-end|p1b: Iron Hands|Quark Drive|[silent]\n|switch|p1b: Chi-Yu|Chi-Yu, L50|39\/100 slp\n|-ability|p1b: Chi-Yu|Beads of Ruin\n|move|p2b: Amoonguss|Pollen Puff|p1b: Chi-Yu\n|-damage|p1b: Chi-Yu|23\/100 slp\n|move|p1a: Amoonguss|Pollen Puff|p1b: Chi-Yu\n|-heal|p1b: Chi-Yu|73\/100 slp\n|\n|-heal|p1b: Chi-Yu|79\/100 slp|[from] item: Leftovers\n|upkeep\n|turn|9\n|-message|airport gamer forfeited.\n|\n|win|Lefties Chi-Yu\n|l|\u2606airport gamer\n","uploadtime":1683773524,"views":15,"p1id":"leftieschiyu","p2id":"airportgamer","formatid":"gen9vgc2023regulationc","rating":0,"private":0,"password":""}