{"id":"gen9vgc2023regulationc-1855077486","p1":"G4rug4","p2":"Bakemono316","format":"[Gen 9] VGC 2023 Regulation C","log":"|j|\u2606G4rug4\n|j|\u2606Bakemono316\n|t:|1682898544\n|gametype|doubles\n|player|p1|G4rug4|265|\n|player|p2|Bakemono316|pryce|\n|teamsize|p1|6\n|teamsize|p2|6\n|gen|9\n|tier|[Gen 9] VGC 2023 Regulation C\n|rule|Species Clause: Limit one of each Pok\u00e9mon\n|rule|Item Clause: Limit one of each item\n|clearpoke\n|poke|p1|Ceruledge, L50, F|\n|poke|p1|Gyarados, L50, F|\n|poke|p1|Flutter Mane, L50|\n|poke|p1|Maushold, L50|\n|poke|p1|Ting-Lu, L50|\n|poke|p1|Chien-Pao, L50|\n|poke|p2|Gyarados, L50, M|\n|poke|p2|Bronzong, L50|\n|poke|p2|Amoonguss, L50, F|\n|poke|p2|Flutter Mane, L50|\n|poke|p2|Ting-Lu, L50|\n|poke|p2|Chi-Yu, L50|\n|teampreview|4\n|inactive|Battle timer is ON: inactive players will automatically lose when time's up. (requested by G4rug4)\nBakemono316 has agreed to open team sheets.\n|inactive|G4rug4 has 60 seconds left.\n|inactive|Bakemono316 has 60 seconds left.\nG4rug4 has agreed to open team sheets.\n|inactive|G4rug4 has 30 seconds left.\n|inactive|Bakemono316 has 30 seconds left.\n|inactive|G4rug4 has 20 seconds left.\n|inactive|Bakemono316 has 20 seconds left.\n|inactive|G4rug4 has 15 seconds left.\n|\n|t:|1682898622\n|start\n|switch|p1a: Gyarados|Gyarados, L50, F|100\/100\n|switch|p1b: Flutter Mane|Flutter Mane, L50|100\/100\n|switch|p2a: Chi-Yu|Chi-Yu, L50|100\/100\n|switch|p2b: Gyarados|Gyarados, L50, M|100\/100\n|-ability|p2a: Chi-Yu|Beads of Ruin\n|-ability|p1a: Gyarados|Intimidate|boost\n|-unboost|p2a: Chi-Yu|atk|1\n|-unboost|p2b: Gyarados|atk|1\n|-ability|p2b: Gyarados|Intimidate|boost\n|-unboost|p1a: Gyarados|atk|1\n|-unboost|p1b: Flutter Mane|atk|1\n|turn|1\n|inactive|G4rug4 has 30 seconds left.\n|inactive|Bakemono316 has 30 seconds left.\n|inactive|G4rug4 has 20 seconds left.\n|inactive|G4rug4 has 15 seconds left.\n|inactive|G4rug4 has 10 seconds left.\n|\n|t:|1682898671\n|move|p2a: Chi-Yu|Protect|p2a: Chi-Yu\n|-singleturn|p2a: Chi-Yu|Protect\n|move|p1b: Flutter Mane|Power Gem|p2b: Gyarados\n|-supereffective|p2b: Gyarados\n|-damage|p2b: Gyarados|0 fnt\n|faint|p2b: Gyarados\n|move|p1a: Gyarados|Waterfall|p2a: Chi-Yu\n|-activate|p2a: Chi-Yu|move: Protect\n|\n|upkeep\n|\n|t:|1682898692\n|switch|p2b: Ting-Lu|Ting-Lu, L50|100\/100\n|-ability|p2b: Ting-Lu|Vessel of Ruin\n|turn|2\n|inactive|G4rug4 has 30 seconds left.\n|inactive|Bakemono316 has 30 seconds left.\n|inactive|G4rug4 has 20 seconds left.\n|inactive|Bakemono316 has 20 seconds left.\n|\n|t:|1682898729\n|-end|p1b: Flutter Mane|Protosynthesis|[silent]\n|switch|p1b: Ting-Lu|Ting-Lu, L50|100\/100\n|-ability|p1b: Ting-Lu|Vessel of Ruin\n|-terastallize|p2a: Chi-Yu|Water\n|move|p1a: Gyarados|Protect|p1a: Gyarados\n|-singleturn|p1a: Gyarados|Protect\n|move|p2a: Chi-Yu|Nasty Plot|p2a: Chi-Yu\n|-boost|p2a: Chi-Yu|spa|2\n|move|p2b: Ting-Lu|Heavy Slam|p1b: Ting-Lu\n|-damage|p1b: Ting-Lu|93\/100\n|\n|upkeep\n|turn|3\n|inactive|G4rug4 has 30 seconds left.\n|inactive|G4rug4 has 20 seconds left.\n|\n|t:|1682898766\n|move|p2a: Chi-Yu|Nasty Plot|p2a: Chi-Yu\n|-boost|p2a: Chi-Yu|spa|2\n|move|p1a: Gyarados|Thunder Wave|p2a: Chi-Yu\n|-status|p2a: Chi-Yu|par\n|move|p2b: Ting-Lu|Ruination|p1b: Ting-Lu\n|-damage|p1b: Ting-Lu|47\/100\n|move|p1b: Ting-Lu|Earthquake|p2b: Ting-Lu|[spread] p2a,p2b\n|-immune|p1a: Gyarados\n|-damage|p2a: Chi-Yu|47\/100 par\n|-damage|p2b: Ting-Lu|81\/100\n|\n|upkeep\n|turn|4\n|inactive|G4rug4 has 30 seconds left.\n|inactive|Bakemono316 has 30 seconds left.\n|\n|t:|1682898796\n|move|p2a: Chi-Yu|Protect|p2a: Chi-Yu\n|-singleturn|p2a: Chi-Yu|Protect\n|move|p1b: Ting-Lu|Protect|p1b: Ting-Lu\n|-singleturn|p1b: Ting-Lu|Protect\n|move|p1a: Gyarados|Waterfall|p2a: Chi-Yu\n|-activate|p2a: Chi-Yu|move: Protect\n|move|p2b: Ting-Lu|Ruination|p1a: Gyarados\n|-damage|p1a: Gyarados|50\/100\n|\n|upkeep\n|turn|5\n|inactive|G4rug4 has 30 seconds left.\n|\n|t:|1682898830\n|move|p1a: Gyarados|Waterfall|p2b: Ting-Lu\n|-supereffective|p2b: Ting-Lu\n|-damage|p2b: Ting-Lu|55\/100\n|cant|p2a: Chi-Yu|par\n|move|p2b: Ting-Lu|Snarl|p1a: Gyarados|[spread] p1a,p1b\n|-resisted|p1b: Ting-Lu\n|-damage|p1a: Gyarados|41\/100\n|-damage|p1b: Ting-Lu|43\/100\n|-unboost|p1a: Gyarados|spa|1\n|-unboost|p1b: Ting-Lu|spa|1\n|move|p1b: Ting-Lu|Earthquake|p2b: Ting-Lu|[spread] p2a,p2b\n|-immune|p1a: Gyarados\n|-damage|p2a: Chi-Yu|0 fnt\n|-damage|p2b: Ting-Lu|36\/100\n|faint|p2a: Chi-Yu\n|\n|upkeep\n|\n|t:|1682898844\n|switch|p2a: Flutter Mane|Flutter Mane, L50|100\/100\n|turn|6\n|\n|t:|1682898862\n|move|p2a: Flutter Mane|Dazzling Gleam|p1a: Gyarados|[spread] p1a,p1b\n|-supereffective|p1b: Ting-Lu\n|-damage|p1a: Gyarados|9\/100\n|-damage|p1b: Ting-Lu|0 fnt\n|faint|p1b: Ting-Lu\n|move|p1a: Gyarados|Waterfall|p2a: Flutter Mane\n|-damage|p2a: Flutter Mane|51\/100\n|move|p2b: Ting-Lu|Stomping Tantrum|p1a: Gyarados\n|-immune|p1a: Gyarados\n|\n|upkeep\n|\n|t:|1682898871\n|switch|p1b: Ceruledge|Ceruledge, L50, F|100\/100\n|turn|7\n|\n|t:|1682898883\n|-terastallize|p1b: Ceruledge|Grass\n|move|p1b: Ceruledge|Shadow Sneak|p2a: Flutter Mane\n|-supereffective|p2a: Flutter Mane\n|-damage|p2a: Flutter Mane|0 fnt\n|faint|p2a: Flutter Mane\n|-end|p2a: Flutter Mane|Protosynthesis|[silent]\n|move|p1a: Gyarados|Waterfall|p2b: Ting-Lu\n|-supereffective|p2b: Ting-Lu\n|-damage|p2b: Ting-Lu|11\/100\n|cant|p2b: Ting-Lu|flinch\n|\n|upkeep\n|turn|8\n|\n|t:|1682898903\n|move|p1b: Ceruledge|Tera Blast|p2b: Ting-Lu\n|-supereffective|p2b: Ting-Lu\n|-damage|p2b: Ting-Lu|0 fnt\n|faint|p2b: Ting-Lu\n|\n|win|G4rug4\n","uploadtime":1682898911,"views":5,"p1id":"g4rug4","p2id":"bakemono316","formatid":"gen9vgc2023regulationc","rating":0,"private":0,"password":""}