{"id":"gen9vgc2023regulationc-1856565687","p1":"SpadesHS","p2":"SetsukuVGC","format":"[Gen 9] VGC 2023 Regulation C","log":"|j|\u2606SpadesHS\n|j|\u2606SetsukuVGC\n|t:|1683076488\n|gametype|doubles\n|player|p1|SpadesHS|n|\n|player|p2|SetsukuVGC|266|\n|teamsize|p1|6\n|teamsize|p2|6\n|gen|9\n|tier|[Gen 9] VGC 2023 Regulation C\n|rule|Species Clause: Limit one of each Pok\u00e9mon\n|rule|Item Clause: Limit one of each item\n|clearpoke\n|poke|p1|Amoonguss, L50, M|\n|poke|p1|Palafin, L50, F|\n|poke|p1|Arcanine, L50, F|\n|poke|p1|Ting-Lu, L50|\n|poke|p1|Kingambit, L50, M|\n|poke|p1|Flutter Mane, L50|\n|poke|p2|Coalossal, L50, F|\n|poke|p2|Flamigo, L50, M|\n|poke|p2|Bruxish, L50, F|\n|poke|p2|Meowscarada, L50, M|\n|poke|p2|Hydreigon, L50, M|\n|poke|p2|Iron Moth, L50|\n|teampreview|4\n|\n|t:|1683076515\n|start\n|switch|p1a: Marino|Palafin, L50, F|100\/100\n|switch|p1b: Fun Police|Arcanine, L50, F|100\/100\n|switch|p2a: Coalossal|Coalossal, L50, F|100\/100\n|switch|p2b: Bruxish|Bruxish, L50, F|100\/100\n|-ability|p1b: Fun Police|Intimidate|boost\n|-unboost|p2a: Coalossal|atk|1\n|-unboost|p2b: Bruxish|atk|1\n|turn|1\n|\n|t:|1683076547\n|move|p2a: Coalossal|Endure|p2a: Coalossal\n|-singleturn|p2a: Coalossal|move: Endure\n|move|p2b: Bruxish|Surf|p1b: Fun Police|[spread] p2a,p1a,p1b\n|-supereffective|p2a: Coalossal\n|-resisted|p1a: Marino\n|-supereffective|p1b: Fun Police\n|-damage|p2a: Coalossal|35\/100\n|-damage|p1a: Marino|91\/100\n|-damage|p1b: Fun Police|66\/100\n|-ability|p2a: Coalossal|Steam Engine|boost\n|-boost|p2a: Coalossal|spe|6\n|-enditem|p2a: Coalossal|Weakness Policy\n|-boost|p2a: Coalossal|atk|2|[from] item: Weakness Policy\n|-boost|p2a: Coalossal|spa|2|[from] item: Weakness Policy\n|move|p1b: Fun Police|Will-O-Wisp|p2b: Bruxish\n|-status|p2b: Bruxish|brn\n|move|p1a: Marino|Haze|p1a: Marino\n|-clearallboost\n|\n|-damage|p2b: Bruxish|95\/100 brn|[from] brn\n|upkeep\n|turn|2\n|\n|t:|1683076573\n|detailschange|p1a: Marino|Palafin-Hero, L50, F\n|switch|p1a: Magnus|Kingambit, L50, M|100\/100\n|move|p2b: Bruxish|Wave Crash|p1b: Fun Police\n|-supereffective|p1b: Fun Police\n|-damage|p1b: Fun Police|7\/100\n|-damage|p2b: Bruxish|68\/100 brn|[from] Recoil\n|move|p1b: Fun Police|Howl|p1b: Fun Police|[spread] p1a,p1b\n|-boost|p1a: Magnus|atk|1\n|-boost|p1b: Fun Police|atk|1\n|move|p2a: Coalossal|Rock Slide|p1a: Magnus|[spread] p1a,p1b\n|-resisted|p1a: Magnus\n|-supereffective|p1b: Fun Police\n|-damage|p1a: Magnus|92\/100\n|-damage|p1b: Fun Police|0 fnt\n|faint|p1b: Fun Police\n|\n|-damage|p2b: Bruxish|62\/100 brn|[from] brn\n|upkeep\n|\n|t:|1683076589\n|switch|p1b: Timeline|Flutter Mane, L50|100\/100\n|turn|3\n|\n|t:|1683076603\n|move|p2a: Coalossal|Endure|p2a: Coalossal\n|-singleturn|p2a: Coalossal|move: Endure\n|move|p2b: Bruxish|Aqua Jet|p1b: Timeline\n|-damage|p1b: Timeline|87\/100\n|move|p1b: Timeline|Shadow Ball|p2a: Coalossal\n|-activate|p2a: Coalossal|move: Endure\n|-damage|p2a: Coalossal|1\/100\n|move|p1a: Magnus|Kowtow Cleave|p2b: Bruxish\n|-supereffective|p2b: Bruxish\n|-damage|p2b: Bruxish|0 fnt\n|faint|p2b: Bruxish\n|\n|upkeep\n|\n|t:|1683076627\n|switch|p2b: Hydreigon|Hydreigon, L50, M|100\/100\n|turn|4\n|\n|t:|1683076650\n|-terastallize|p2b: Hydreigon|Fire\n|move|p1b: Timeline|Shadow Ball|p2a: Coalossal\n|-damage|p2a: Coalossal|0 fnt\n|faint|p2a: Coalossal\n|move|p2b: Hydreigon|Heat Wave|p1b: Timeline|[spread] p1a,p1b\n|-supereffective|p1a: Magnus\n|-damage|p1a: Magnus|8\/100\n|-damage|p1b: Timeline|40\/100\n|-damage|p2b: Hydreigon|91\/100|[from] item: Life Orb\n|move|p1a: Magnus|Swords Dance|p1a: Magnus\n|-boost|p1a: Magnus|atk|2\n|\n|upkeep\n|\n|t:|1683076660\n|switch|p2a: Flamigo|Flamigo, L50, M|100\/100\n|-copyboost|p2a: Flamigo|p2b: Hydreigon|[from] ability: Costar\n|turn|5\n|\n|t:|1683076689\n|move|p2b: Hydreigon|Protect|p2b: Hydreigon\n|-singleturn|p2b: Hydreigon|Protect\n|move|p1a: Magnus|Protect|p1a: Magnus\n|-singleturn|p1a: Magnus|Protect\n|move|p1b: Timeline|Shadow Ball|p2a: Flamigo\n|-damage|p2a: Flamigo|13\/100\n|-enditem|p2a: Flamigo|Sitrus Berry|[eat]\n|-heal|p2a: Flamigo|38\/100|[from] item: Sitrus Berry\n|move|p2a: Flamigo|Low Kick|p1a: Magnus\n|-activate|p1a: Magnus|move: Protect\n|\n|upkeep\n|turn|6\n|\n|t:|1683076712\n|move|p1a: Magnus|Sucker Punch|p2b: Hydreigon\n|-damage|p2b: Hydreigon|0 fnt\n|faint|p2b: Hydreigon\n|move|p1b: Timeline|Shadow Ball|p2a: Flamigo\n|-damage|p2a: Flamigo|0 fnt\n|faint|p2a: Flamigo\n|\n|win|SpadesHS\n","uploadtime":1683076977,"views":13,"p1id":"spadeshs","p2id":"setsukuvgc","formatid":"gen9vgc2023regulationc","rating":0,"private":0,"password":""}