{"id":"gen9vgc2023regulationc-1854192255","p1":"Dominion3","p2":"JavicGames","format":"[Gen 9] VGC 2023 Regulation C","log":"|j|\u2606Dominion3\n|j|\u2606JavicGames\n|t:|1682781916\n|gametype|doubles\n|player|p1|Dominion3|biker-gen4|1028\n|player|p2|JavicGames|1|1033\n|teamsize|p1|6\n|teamsize|p2|6\n|gen|9\n|tier|[Gen 9] VGC 2023 Regulation C\n|rated|\n|rule|Species Clause: Limit one of each Pok\u00e9mon\n|rule|Item Clause: Limit one of each item\n|clearpoke\n|poke|p1|Annihilape, L50, M|\n|poke|p1|Gholdengo, L50|\n|poke|p1|Dragapult, L50, M|\n|poke|p1|Flutter Mane, L50|\n|poke|p1|Sableye, L50, F|\n|poke|p1|Ceruledge, L50, M|\n|poke|p2|Lilligant, L50, F|\n|poke|p2|Torkoal, L50, M|\n|poke|p2|Volcarona, L50, F|\n|poke|p2|Flamigo, L50, F|\n|poke|p2|Frosmoth, L50, F|\n|poke|p2|Oricorio-Sensu, L50, F|\n|teampreview|4\nDominion3 has agreed to open team sheets.\n|inactive|Battle timer is ON: inactive players will automatically lose when time's up. (requested by Dominion3)\n|\n|t:|1682781951\n|start\n|switch|p1a: Sableye|Sableye, L50, F|100\/100\n|switch|p1b: Gholdengo|Gholdengo, L50|100\/100\n|switch|p2a: Volcarona|Volcarona, L50, F|100\/100\n|switch|p2b: Oricorio|Oricorio-Sensu, L50, F, shiny|100\/100\n|turn|1\n|\n|t:|1682781967\n|-terastallize|p1b: Gholdengo|Water\n|move|p2b: Oricorio|Protect|p2b: Oricorio\n|-singleturn|p2b: Oricorio|Protect\n|move|p1a: Sableye|Fake Out|p2b: Oricorio\n|-activate|p2b: Oricorio|move: Protect\n|move|p2a: Volcarona|Fiery Dance|p1b: Gholdengo\n|-resisted|p1b: Gholdengo\n|-damage|p1b: Gholdengo|82\/100\n|-activate|p2b: Oricorio|ability: Dancer\n|move|p2b: Oricorio|Fiery Dance|p1b: Gholdengo|[from]ability: Dancer\n|-resisted|p1b: Gholdengo\n|-damage|p1b: Gholdengo|67\/100\n|move|p1b: Gholdengo|Tera Blast|p2a: Volcarona\n|-supereffective|p2a: Volcarona\n|-crit|p2a: Volcarona\n|-damage|p2a: Volcarona|0 fnt\n|faint|p2a: Volcarona\n|\n|upkeep\n|\n|t:|1682781986\n|switch|p2a: Frosmoth|Frosmoth, L50, F|100\/100\n|turn|2\n|\n|t:|1682782001\n|move|p1a: Sableye|Light Screen|p1a: Sableye\n|-sidestart|p1: Dominion3|move: Light Screen\n|move|p1b: Gholdengo|Thunderbolt|p2b: Oricorio\n|-supereffective|p2b: Oricorio\n|-damage|p2b: Oricorio|0 fnt\n|faint|p2b: Oricorio\n|move|p2a: Frosmoth|Quiver Dance|p2a: Frosmoth\n|-boost|p2a: Frosmoth|spa|1\n|-boost|p2a: Frosmoth|spd|1\n|-boost|p2a: Frosmoth|spe|1\n|\n|upkeep\n|\n|t:|1682782009\n|switch|p2b: Flamigo|Flamigo, L50, F|100\/100\n|-copyboost|p2b: Flamigo|p2a: Frosmoth|[from] ability: Costar\n|turn|3\n|\n|t:|1682782031\n|move|p1a: Sableye|Quash|p2b: Flamigo\n|-activate|p2b: Flamigo|move: Quash\n|move|p2a: Frosmoth|Quiver Dance|p2a: Frosmoth\n|-boost|p2a: Frosmoth|spa|1\n|-boost|p2a: Frosmoth|spd|1\n|-boost|p2a: Frosmoth|spe|1\n|move|p1b: Gholdengo|Thunderbolt|p2b: Flamigo\n|-supereffective|p2b: Flamigo\n|-damage|p2b: Flamigo|24\/100\n|move|p2b: Flamigo|Copycat|p2b: Flamigo\n|move|p2b: Flamigo|Thunderbolt|p1b: Gholdengo|[from]move: Copycat\n|-supereffective|p1b: Gholdengo\n|-damage|p1b: Gholdengo|11\/100\n|\n|upkeep\n|turn|4\n|inactive|JavicGames has 30 seconds left.\n|\n|t:|1682782060\n|move|p1b: Gholdengo|Protect|p1b: Gholdengo\n|-singleturn|p1b: Gholdengo|Protect\n|move|p1a: Sableye|Reflect|p1a: Sableye\n|-sidestart|p1: Dominion3|Reflect\n|move|p2a: Frosmoth|Struggle Bug|p1a: Sableye|[spread] p1a\n|-activate|p1b: Gholdengo|move: Protect\n|-damage|p1a: Sableye|72\/100\n|-unboost|p1a: Sableye|spa|1\n|move|p2b: Flamigo|Air Slash|p1b: Gholdengo\n|-activate|p1b: Gholdengo|move: Protect\n|\n|upkeep\n|turn|5\n|\n|t:|1682782079\n|move|p1a: Sableye|Quash|p2b: Flamigo\n|-activate|p2b: Flamigo|move: Quash\n|move|p2a: Frosmoth|Struggle Bug|p1b: Gholdengo|[spread] p1a,p1b\n|-damage|p1a: Sableye|43\/100\n|-damage|p1b: Gholdengo|0 fnt\n|-unboost|p1a: Sableye|spa|1\n|faint|p1b: Gholdengo\n|move|p2b: Flamigo|Air Slash|p1a: Sableye\n|-damage|p1a: Sableye|0 fnt\n|faint|p1a: Sableye\n|\n|upkeep\n|\n|t:|1682782089\n|switch|p1b: Dragapult|Dragapult, L50, M|100\/100\n|switch|p1a: Flutter Mane|Flutter Mane, L50|100\/100\n|turn|6\n|inactive|JavicGames has 30 seconds left.\n|\n|t:|1682782115\n|-terastallize|p2a: Frosmoth|Water\n|move|p2b: Flamigo|Wide Guard|p2b: Flamigo\n|-singleturn|p2b: Flamigo|Wide Guard\n|move|p2a: Frosmoth|Struggle Bug|p1b: Dragapult|[spread] p1a,p1b\n|-resisted|p1a: Flutter Mane\n|-resisted|p1b: Dragapult\n|-damage|p1a: Flutter Mane|95\/100\n|-damage|p1b: Dragapult|86\/100\n|-unboost|p1a: Flutter Mane|spa|1\n|move|p1a: Flutter Mane|Power Gem|p2a: Frosmoth\n|-damage|p2a: Frosmoth|95\/100\n|move|p1b: Dragapult|Phantom Force||[still]\n|-prepare|p1b: Dragapult|Phantom Force\n|\n|upkeep\n|turn|7\n|inactive|JavicGames has 30 seconds left.\n|\n|t:|1682782145\n|move|p2a: Frosmoth|Struggle Bug|p1b: Dragapult|[spread] p1a\n|-miss|p2a: Frosmoth|p1b: Dragapult\n|-resisted|p1a: Flutter Mane\n|-damage|p1a: Flutter Mane|90\/100\n|-unboost|p1a: Flutter Mane|spa|1\n|move|p2b: Flamigo|Copycat|p2b: Flamigo\n|move|p2b: Flamigo|Struggle Bug|p1a: Flutter Mane|[from]move: Copycat|[spread] p1a\n|-miss|p2b: Flamigo|p1b: Dragapult\n|-resisted|p1a: Flutter Mane\n|-damage|p1a: Flutter Mane|88\/100\n|-unboost|p1a: Flutter Mane|spa|1\n|move|p1a: Flutter Mane|Energy Ball|p2a: Frosmoth\n|-supereffective|p2a: Frosmoth\n|-damage|p2a: Frosmoth|88\/100\n|move|p1b: Dragapult|Phantom Force|p2b: Flamigo|[from]lockedmove\n|-damage|p2b: Flamigo|0 fnt\n|faint|p2b: Flamigo\n|\n|upkeep\n|turn|8\n|\n|t:|1682782166\n|move|p2a: Frosmoth|Ice Beam|p1b: Dragapult\n|-supereffective|p1b: Dragapult\n|-damage|p1b: Dragapult|0 fnt\n|faint|p1b: Dragapult\n|move|p1a: Flutter Mane|Energy Ball|p2a: Frosmoth\n|-supereffective|p2a: Frosmoth\n|-damage|p2a: Frosmoth|80\/100\n|\n|upkeep\n|turn|9\n|-message|Dominion3 forfeited.\n|\n|win|JavicGames\n|raw|Dominion3's rating: 1028 → 1014<\/strong> (-14 for losing)\n|raw|JavicGames's rating: 1033 → 1068<\/strong> (+35 for winning)\n|l|\u2606Dominion3\n","uploadtime":1682782306,"views":20,"p1id":"dominion3","p2id":"javicgames","formatid":"gen9vgc2023regulationc","rating":1014,"private":0,"password":""}