{"id":"gen9vgc2023regulationc-1852199033","p1":"trynderror","p2":"PokestarL94","format":"[Gen 9] VGC 2023 Regulation C","log":"|j|\u2606trynderror\n|j|\u2606PokestarL94\n|t:|1682532301\n|gametype|doubles\n|player|p1|trynderror|265|1490\n|player|p2|PokestarL94|n|1384\n|teamsize|p1|6\n|teamsize|p2|6\n|gen|9\n|tier|[Gen 9] VGC 2023 Regulation C\n|rated|\n|rule|Species Clause: Limit one of each Pok\u00e9mon\n|rule|Item Clause: Limit one of each item\n|clearpoke\n|poke|p1|Maushold, L50|\n|poke|p1|Annihilape, L50, F|\n|poke|p1|Iron Bundle, L50|\n|poke|p1|Arcanine, L50, M|\n|poke|p1|Gholdengo, L50|\n|poke|p1|Scream Tail, L50|\n|poke|p2|Sableye, L50, M|\n|poke|p2|Flutter Mane, L50|\n|poke|p2|Chien-Pao, L50|\n|poke|p2|Dragonite, L50, F|\n|poke|p2|Arcanine, L50, M|\n|poke|p2|Great Tusk, L50|\n|teampreview|4\n|inactive|Battle timer is ON: inactive players will automatically lose when time's up. (requested by PokestarL94)\nPokestarL94 has agreed to open team sheets.\n|inactive|trynderror has 60 seconds left.\n|inactive|PokestarL94 has 60 seconds left.\n|inactive|trynderror has 30 seconds left.\n|inactive|trynderror has 20 seconds left.\n|\n|t:|1682532371\n|start\n|switch|p1a: Gholdengo|Gholdengo, L50|100\/100\n|switch|p1b: Scream Tail|Scream Tail, L50|100\/100\n|switch|p2a: Sableye|Sableye, L50, M|100\/100\n|switch|p2b: Great Tusk|Great Tusk, L50, shiny|100\/100\n|-enditem|p1b: Scream Tail|Booster Energy\n|-activate|p1b: Scream Tail|ability: Protosynthesis|[fromitem]\n|-start|p1b: Scream Tail|protosynthesisspe\n|turn|1\n|\n|t:|1682532393\n|-terastallize|p2b: Great Tusk|Steel\n|-terastallize|p1a: Gholdengo|Water\n|move|p2a: Sableye|Sunny Day|p2a: Sableye\n|-weather|SunnyDay\n|-activate|p2b: Great Tusk|ability: Protosynthesis\n|-start|p2b: Great Tusk|protosynthesisatk\n|move|p1b: Scream Tail|Thunder Wave|p2a: Sableye\n|-status|p2a: Sableye|par\n|move|p2b: Great Tusk|Headlong Rush|p1a: Gholdengo\n|-damage|p1a: Gholdengo|31\/100\n|-unboost|p2b: Great Tusk|def|1\n|-unboost|p2b: Great Tusk|spd|1\n|move|p1a: Gholdengo|Hex|p2a: Sableye\n|-damage|p2a: Sableye|27\/100 par\n|\n|-weather|SunnyDay|[upkeep]\n|-heal|p1a: Gholdengo|37\/100|[from] item: Leftovers\n|upkeep\n|turn|2\n|inactive|trynderror has 30 seconds left.\n|inactive|PokestarL94 has 30 seconds left.\n|\n|t:|1682532425\n|move|p1a: Gholdengo|Protect|p1a: Gholdengo\n|-singleturn|p1a: Gholdengo|Protect\n|move|p2a: Sableye|Light Screen|p2a: Sableye\n|-sidestart|p2: PokestarL94|move: Light Screen\n|move|p1b: Scream Tail|Thunder Wave|p2b: Great Tusk\n|-status|p2b: Great Tusk|par\n|move|p2b: Great Tusk|Headlong Rush|p1b: Scream Tail\n|-damage|p1b: Scream Tail|40\/100\n|-unboost|p2b: Great Tusk|def|1\n|-unboost|p2b: Great Tusk|spd|1\n|\n|-weather|SunnyDay|[upkeep]\n|-heal|p1a: Gholdengo|44\/100|[from] item: Leftovers\n|upkeep\n|turn|3\n|\n|t:|1682532441\n|cant|p2a: Sableye|par\n|move|p1b: Scream Tail|Disable|p2b: Great Tusk\n|-start|p2b: Great Tusk|Disable|Headlong Rush\n|move|p1a: Gholdengo|Hex|p2b: Great Tusk\n|-damage|p2b: Great Tusk|0 fnt\n|faint|p2b: Great Tusk\n|-end|p2b: Great Tusk|Protosynthesis|[silent]\n|\n|-weather|SunnyDay|[upkeep]\n|-heal|p1a: Gholdengo|50\/100|[from] item: Leftovers\n|upkeep\n|\n|t:|1682532450\n|switch|p2b: Flutter Mane|Flutter Mane, L50, shiny|100\/100\n|-activate|p2b: Flutter Mane|ability: Protosynthesis\n|-start|p2b: Flutter Mane|protosynthesisspa\n|turn|4\n|inactive|trynderror has 30 seconds left.\n|\n|t:|1682532475\n|move|p2a: Sableye|Quash|p1b: Scream Tail\n|-activate|p1b: Scream Tail|move: Quash\n|move|p2b: Flutter Mane|Dazzling Gleam|p1a: Gholdengo|[spread] p1a,p1b\n|-damage|p1a: Gholdengo|0 fnt\n|-damage|p1b: Scream Tail|0 fnt\n|faint|p1a: Gholdengo\n|faint|p1b: Scream Tail\n|-end|p1b: Scream Tail|Protosynthesis|[silent]\n|\n|-weather|SunnyDay|[upkeep]\n|upkeep\n|\n|t:|1682532480\n|switch|p1b: Annihilape|Annihilape, L50, F|100\/100\n|switch|p1a: Iron Bundle|Iron Bundle, L50|100\/100\n|turn|5\n|\n|t:|1682532490\n|move|p1b: Annihilape|Protect|p1b: Annihilape\n|-singleturn|p1b: Annihilape|Protect\n|cant|p2a: Sableye|par\n|move|p1a: Iron Bundle|Icy Wind|p2b: Flutter Mane|[spread] p2a,p2b\n|-damage|p2a: Sableye|10\/100 par\n|-damage|p2b: Flutter Mane|87\/100\n|-unboost|p2a: Sableye|spe|1\n|-unboost|p2b: Flutter Mane|spe|1\n|move|p2b: Flutter Mane|Dazzling Gleam|p1b: Annihilape|[spread] p1a\n|-activate|p1b: Annihilape|move: Protect\n|-enditem|p1a: Iron Bundle|Focus Sash\n|-damage|p1a: Iron Bundle|1\/100\n|\n|-weather|none\n|-end|p2b: Flutter Mane|Protosynthesis\n|upkeep\n|turn|6\n|\n|t:|1682532504\n|move|p1a: Iron Bundle|Protect|p1a: Iron Bundle\n|-singleturn|p1a: Iron Bundle|Protect\n|move|p2a: Sableye|Quash|p1a: Iron Bundle\n|-activate|p1a: Iron Bundle|move: Protect\n|move|p1b: Annihilape|Rage Fist|p2b: Flutter Mane\n|-supereffective|p2b: Flutter Mane\n|-damage|p2b: Flutter Mane|0 fnt\n|faint|p2b: Flutter Mane\n|-end|p2b: Flutter Mane|Protosynthesis|[silent]\n|\n|upkeep\n|\n|t:|1682532512\n|switch|p2b: Dragonite|Dragonite, L50, F|100\/100\n|turn|7\n|\n|t:|1682532522\n|move|p2a: Sableye|Quash|p1a: Iron Bundle\n|-activate|p1a: Iron Bundle|move: Quash\n|move|p1b: Annihilape|Bulk Up|p1b: Annihilape\n|-boost|p1b: Annihilape|atk|1\n|-boost|p1b: Annihilape|def|1\n|move|p2b: Dragonite|Earthquake|p1b: Annihilape|[spread] p2a,p1a,p1b\n|-damage|p2a: Sableye|0 fnt\n|-damage|p1a: Iron Bundle|0 fnt\n|-damage|p1b: Annihilape|73\/100\n|faint|p2a: Sableye\n|faint|p1a: Iron Bundle\n|-end|p1a: Iron Bundle|Quark Drive|[silent]\n|\n|upkeep\n|turn|8\n|\n|t:|1682532537\n|move|p1b: Annihilape|Rage Fist|p2b: Dragonite\n|-damage|p2b: Dragonite|37\/100\n|move|p2b: Dragonite|Earthquake|p1b: Annihilape\n|-damage|p1b: Annihilape|32\/100\n|-enditem|p1b: Annihilape|Sitrus Berry|[eat]\n|-heal|p1b: Annihilape|57\/100|[from] item: Sitrus Berry\n|\n|upkeep\n|turn|9\n|\n|t:|1682532544\n|move|p1b: Annihilape|Rage Fist|p2b: Dragonite\n|-damage|p2b: Dragonite|0 fnt\n|faint|p2b: Dragonite\n|\n|win|trynderror\n|raw|trynderror's rating: 1490 → 1504<\/strong> (+14 for winning)\n|raw|PokestarL94's rating: 1384 → 1370<\/strong> (-14 for losing)\n|l|\u2606PokestarL94\n","uploadtime":1682532557,"views":12,"p1id":"trynderror","p2id":"pokestarl94","formatid":"gen9vgc2023regulationc","rating":1370,"private":0,"password":""}