{"id":"gen9vgc2023regulationc-1848560248","p1":"dreamswgh","p2":"casellino","format":"[Gen 9] VGC 2023 Regulation C","log":"|j|\u2606dreamswgh\n|j|\u2606casellino\n|t:|1682090088\n|gametype|doubles\n|player|p1|dreamswgh|nate|1383\n|player|p2|casellino|102|1342\n|teamsize|p1|6\n|teamsize|p2|6\n|gen|9\n|tier|[Gen 9] VGC 2023 Regulation C\n|rated|\n|rule|Species Clause: Limit one of each Pok\u00e9mon\n|rule|Item Clause: Limit one of each item\n|clearpoke\n|poke|p1|Torkoal, L50, M|\n|poke|p1|Flutter Mane, L50|\n|poke|p1|Indeedee-F, L50, F|\n|poke|p1|Hatterene, L50, F|\n|poke|p1|Corviknight, L50, M|\n|poke|p1|Mudsdale, L50, M|\n|poke|p2|Scizor, L50, F|\n|poke|p2|Chien-Pao, L50|\n|poke|p2|Annihilape, L50, F|\n|poke|p2|Gastrodon, L50, M|\n|poke|p2|Gyarados, L50, M|\n|poke|p2|Arcanine, L50, M|\n|teampreview|4\n|inactive|Battle timer is ON: inactive players will automatically lose when time's up. (requested by casellino)\n|\n|t:|1682090117\n|start\n|switch|p1a: Nevada|Indeedee-F, L50, F|100\/100\n|switch|p1b: New Mexico|Hatterene, L50, F|100\/100\n|switch|p2a: Chien-Pao|Chien-Pao, L50|100\/100\n|switch|p2b: Scizor|Scizor, L50, F|100\/100\n|-ability|p2a: Chien-Pao|Sword of Ruin\n|-fieldstart|move: Psychic Terrain|[from] ability: Psychic Surge|[of] p1a: Nevada\n|-enditem|p1a: Nevada|Psychic Seed\n|-boost|p1a: Nevada|spd|1|[from] item: Psychic Seed\n|turn|1\n|inactive|dreamswgh has 30 seconds left.\n|inactive|dreamswgh has 20 seconds left.\n|inactive|dreamswgh has 15 seconds left.\n|\n|t:|1682090159\n|-terastallize|p2b: Scizor|Fire\n|-terastallize|p1b: New Mexico|Fire\n|move|p1a: Nevada|Follow Me|p1a: Nevada\n|-singleturn|p1a: Nevada|move: Follow Me\n|move|p2a: Chien-Pao|Ice Spinner|p1a: Nevada\n|-damage|p1a: Nevada|47\/100\n|-fieldend|move: Psychic Terrain\n|move|p2b: Scizor|Swords Dance|p2b: Scizor\n|-boost|p2b: Scizor|atk|2\n|move|p1b: New Mexico|Trick Room|p1b: New Mexico\n|-fieldstart|move: Trick Room|[of] p1b: New Mexico\n|\n|upkeep\n|turn|2\n|inactive|dreamswgh has 30 seconds left.\n|inactive|casellino has 30 seconds left.\n|\n|t:|1682090190\n|move|p1a: Nevada|Helping Hand|p1b: New Mexico\n|-singleturn|p1b: New Mexico|Helping Hand|[of] p1a: Nevada\n|move|p2a: Chien-Pao|Sucker Punch|p1b: New Mexico\n|-damage|p1b: New Mexico|51\/100\n|move|p1b: New Mexico|Psychic|p2b: Scizor\n|-damage|p2b: Scizor|0 fnt\n|faint|p2b: Scizor\n|-damage|p1b: New Mexico|42\/100|[from] item: Life Orb\n|\n|upkeep\n|\n|t:|1682090204\n|switch|p2b: Gyarados|Gyarados, L50, M|100\/100\n|-ability|p2b: Gyarados|Intimidate|boost\n|-unboost|p1a: Nevada|atk|1\n|-unboost|p1b: New Mexico|atk|1\n|turn|3\n|\n|t:|1682090214\n|move|p1a: Nevada|Follow Me|p1a: Nevada\n|-singleturn|p1a: Nevada|move: Follow Me\n|move|p2a: Chien-Pao|Sucker Punch||[still]\n|-fail|p2a: Chien-Pao\n|move|p1b: New Mexico|Dazzling Gleam|p2a: Chien-Pao|[spread] p2a,p2b\n|-supereffective|p2a: Chien-Pao\n|-enditem|p2a: Chien-Pao|Focus Sash\n|-damage|p2a: Chien-Pao|1\/100\n|-damage|p2b: Gyarados|75\/100\n|-damage|p1b: New Mexico|33\/100|[from] item: Life Orb\n|move|p2b: Gyarados|Waterfall|p1a: Nevada\n|-crit|p1a: Nevada\n|-damage|p1a: Nevada|0 fnt\n|faint|p1a: Nevada\n|\n|upkeep\n|\n|t:|1682090228\n|switch|p1a: Arizona|Torkoal, L50, M|100\/100\n|-weather|SunnyDay|[from] ability: Drought|[of] p1a: Arizona\n|turn|4\n|\n|t:|1682090255\n|move|p2a: Chien-Pao|Sucker Punch|p1a: Arizona\n|-crit|p1a: Arizona\n|-damage|p1a: Arizona|47\/100\n|move|p1a: Arizona|Eruption|p2a: Chien-Pao|[spread] p2a,p2b\n|-supereffective|p2a: Chien-Pao\n|-resisted|p2b: Gyarados\n|-damage|p2a: Chien-Pao|0 fnt\n|-damage|p2b: Gyarados|61\/100\n|faint|p2a: Chien-Pao\n|move|p1b: New Mexico|Dazzling Gleam|p2b: Gyarados\n|-damage|p2b: Gyarados|29\/100\n|-damage|p1b: New Mexico|23\/100|[from] item: Life Orb\n|move|p2b: Gyarados|Waterfall|p1b: New Mexico\n|-supereffective|p1b: New Mexico\n|-damage|p1b: New Mexico|0 fnt\n|faint|p1b: New Mexico\n|\n|-weather|SunnyDay|[upkeep]\n|upkeep\n|\n|t:|1682090270\n|switch|p1b: Okalahoma|Corviknight, L50, M|100\/100\n|switch|p2a: Arcanine|Arcanine, L50, M|100\/100\n|-ability|p2a: Arcanine|Intimidate|boost\n|-unboost|p1a: Arizona|atk|1\n|-ability|p1b: Okalahoma|Mirror Armor\n|-unboost|p2a: Arcanine|atk|1\n|turn|5\n|\n|t:|1682090288\n|move|p1a: Arizona|Earth Power|p2a: Arcanine\n|-supereffective|p2a: Arcanine\n|-damage|p2a: Arcanine|51\/100\n|move|p1b: Okalahoma|Brave Bird|p2b: Gyarados\n|-damage|p2b: Gyarados|0 fnt\n|faint|p2b: Gyarados\n|-damage|p1b: Okalahoma|91\/100|[from] Recoil\n|move|p2a: Arcanine|Will-O-Wisp|p1b: Okalahoma\n|-status|p1b: Okalahoma|brn\n|\n|-weather|SunnyDay|[upkeep]\n|-damage|p1b: Okalahoma|85\/100 brn|[from] brn\n|-fieldend|move: Trick Room\n|upkeep\n|turn|6\n|\n|t:|1682090311\n|move|p2a: Arcanine|Flamethrower|p1a: Arizona\n|-resisted|p1a: Arizona\n|-damage|p1a: Arizona|8\/100\n|move|p1b: Okalahoma|Brave Bird|p2a: Arcanine\n|-damage|p2a: Arcanine|11\/100\n|-damage|p1b: Okalahoma|72\/100 brn|[from] Recoil\n|move|p1a: Arizona|Earth Power|p2a: Arcanine\n|-supereffective|p2a: Arcanine\n|-damage|p2a: Arcanine|0 fnt\n|faint|p2a: Arcanine\n|\n|win|dreamswgh\n|raw|dreamswgh's rating: 1383 → 1401<\/strong> (+18 for winning)\n|raw|casellino's rating: 1342 → 1324<\/strong> (-18 for losing)\n|l|\u2606casellino\n|c|\u2606dreamswgh|ggwp\n","uploadtime":1682090330,"views":13,"p1id":"dreamswgh","p2id":"casellino","formatid":"gen9vgc2023regulationc","rating":1324,"private":0,"password":""}