{"id":"gen9vgc2023regulationc-1854769094","p1":"givi","p2":"JogadorZero","format":"[Gen 9] VGC 2023 Regulation C","log":"|j|\u2606givi\n|j|\u2606JogadorZero\n|t:|1682863680\n|gametype|doubles\n|player|p1|givi|lucas|\n|player|p2|JogadorZero|veteran-gen6|\n|teamsize|p1|6\n|teamsize|p2|6\n|gen|9\n|tier|[Gen 9] VGC 2023 Regulation C\n|rated|Tournament battle\n|rule|Species Clause: Limit one of each Pok\u00e9mon\n|rule|Item Clause: Limit one of each item\n|clearpoke\n|poke|p1|Gholdengo, L50|\n|poke|p1|Palafin, L50, F|\n|poke|p1|Amoonguss, L50, F|\n|poke|p1|Chien-Pao, L50|\n|poke|p1|Roaring Moon, L50|\n|poke|p1|Arcanine, L50, F|\n|poke|p2|Amoonguss, L50, M|\n|poke|p2|Flutter Mane, L50|\n|poke|p2|Chi-Yu, L50|\n|poke|p2|Gholdengo, L50|\n|poke|p2|Talonflame, L50, F|\n|poke|p2|Great Tusk, L50|\n|teampreview|4\n|raw| Open Team Sheet for givi<\/summary>Gholdengo @ Choice Specs Ability: Good as Gold Level: 50 Tera Type: Steel - Make It Rain - Shadow Ball - Dazzling Gleam - Power Gem Palafin @ Mystic Water Ability: Zero to Hero Level: 50 Tera Type: Water - Jet Punch - Wave Crash - Protect - Haze Amoonguss @ Sitrus Berry Ability: Regenerator Level: 50 Tera Type: Water - Spore - Pollen Puff - Rage Powder - Protect Chien-Pao @ Focus Sash Ability: Sword of Ruin Level: 50 Tera Type: Ghost - Ice Spinner - Sucker Punch - Protect - Sacred Sword Roaring Moon @ Booster Energy Ability: Protosynthesis Level: 50 Tera Type: Flying - Protect - Tailwind - Throat Chop - Acrobatics Arcanine @ Safety Goggles Ability: Intimidate Level: 50 Tera Type: Grass - Flare Blitz - Extreme Speed - Will-O-Wisp - Protect <\/details><\/div> Open Team Sheet for JogadorZero<\/summary>Amoonguss (M) @ Black Sludge Ability: Regenerator Level: 50 Tera Type: Grass - Giga Drain - Rage Powder - Spore - Clear Smog Flutter Mane @ Focus Sash Ability: Protosynthesis Level: 50 Tera Type: Fairy - Dazzling Gleam - Shadow Ball - Thunderbolt - Protect Chi-Yu @ Life Orb Ability: Beads of Ruin Level: 50 Tera Type: Grass - Heat Wave - Dark Pulse - Tera Blast - Protect Gholdengo @ Choice Specs Ability: Good as Gold Level: 50 Tera Type: Flying - Make It Rain - Shadow Ball - Trick - Tera Blast Talonflame @ Safety Goggles Ability: Gale Wings Level: 50 Tera Type: Ghost - Brave Bird - Tailwind - Flare Blitz - Will-O-Wisp Great Tusk @ Booster Energy Ability: Protosynthesis Level: 50 Tera Type: Ice - Close Combat - Earthquake - Ice Spinner - Rock Slide <\/details><\/div>\n|inactive|Battle timer is ON: inactive players will automatically lose when time's up. (requested by JogadorZero)\n|inactive|givi has 60 seconds left.\n|\n|t:|1682863746\n|start\n|switch|p1a: Palafin|Palafin, L50, F|100\/100\n|switch|p1b: Roaring Moon|Roaring Moon, L50|100\/100\n|switch|p2a: Talonflame|Talonflame, L50, F|100\/100\n|switch|p2b: Flutter Mane|Flutter Mane, L50|100\/100\n|-enditem|p1b: Roaring Moon|Booster Energy\n|-activate|p1b: Roaring Moon|ability: Protosynthesis|[fromitem]\n|-start|p1b: Roaring Moon|protosynthesisatk\n|turn|1\n|inactive|givi has 30 seconds left.\n|inactive|givi has 20 seconds left.\n|inactive|givi has 15 seconds left.\n|inactive|givi has 10 seconds left.\n|\n|t:|1682863793\n|move|p1a: Palafin|Protect|p1a: Palafin\n|-singleturn|p1a: Palafin|Protect\n|move|p2a: Talonflame|Tailwind|p2a: Talonflame\n|-sidestart|p2: JogadorZero|move: Tailwind\n|move|p2b: Flutter Mane|Dazzling Gleam|p1a: Palafin|[spread] p1b\n|-activate|p1a: Palafin|move: Protect\n|-supereffective|p1b: Roaring Moon\n|-damage|p1b: Roaring Moon|0 fnt\n|faint|p1b: Roaring Moon\n|-end|p1b: Roaring Moon|Protosynthesis|[silent]\n|\n|upkeep\n|\n|t:|1682863801\n|switch|p1b: Amoonguss|Amoonguss, L50, F|100\/100\n|turn|2\n|\n|t:|1682863815\n|detailschange|p1a: Palafin|Palafin-Hero, L50, F\n|switch|p1a: Chien-Pao|Chien-Pao, L50|100\/100\n|-ability|p1a: Chien-Pao|Sword of Ruin\n|move|p1b: Amoonguss|Protect|p1b: Amoonguss\n|-singleturn|p1b: Amoonguss|Protect\n|move|p2b: Flutter Mane|Thunderbolt|p1a: Chien-Pao\n|-damage|p1a: Chien-Pao|47\/100\n|move|p2a: Talonflame|Flare Blitz|p1b: Amoonguss\n|-activate|p1b: Amoonguss|move: Protect\n|\n|upkeep\n|turn|3\n|inactive|givi has 30 seconds left.\n|\n|t:|1682863841\n|-terastallize|p1b: Amoonguss|Water\n|move|p1a: Chien-Pao|Sucker Punch|p2a: Talonflame\n|-damage|p2a: Talonflame|45\/100\n|move|p2b: Flutter Mane|Dazzling Gleam|p1a: Chien-Pao|[spread] p1a,p1b\n|-supereffective|p1a: Chien-Pao\n|-damage|p1a: Chien-Pao|0 fnt\n|-damage|p1b: Amoonguss|72\/100\n|faint|p1a: Chien-Pao\n|move|p2a: Talonflame|Flare Blitz|p1b: Amoonguss\n|-resisted|p1b: Amoonguss\n|-damage|p1b: Amoonguss|58\/100\n|-damage|p2a: Talonflame|39\/100|[from] Recoil\n|move|p1b: Amoonguss|Spore|p2b: Flutter Mane\n|-status|p2b: Flutter Mane|slp|[from] move: Spore\n|\n|upkeep\n|\n|t:|1682863855\n|switch|p1a: Palafin|Palafin-Hero, L50, F|100\/100\n|-activate|p1a: Palafin|ability: Zero to Hero\n|turn|4\n|\n|t:|1682863875\n|move|p1a: Palafin|Jet Punch|p2b: Flutter Mane\n|-enditem|p2b: Flutter Mane|Focus Sash\n|-damage|p2b: Flutter Mane|1\/100 slp\n|cant|p2b: Flutter Mane|slp\n|move|p2a: Talonflame|Will-O-Wisp|p1a: Palafin\n|-status|p1a: Palafin|brn\n|move|p1b: Amoonguss|Spore|p2a: Talonflame\n|-activate|p2a: Talonflame|item: Safety Goggles|Spore\n|\n|-damage|p1a: Palafin|95\/100 brn|[from] brn\n|-sideend|p2: JogadorZero|move: Tailwind\n|upkeep\n|turn|5\n|inactive|JogadorZero has 30 seconds left.\n|\n|t:|1682863902\n|move|p1a: Palafin|Jet Punch|p2a: Talonflame\n|-supereffective|p2a: Talonflame\n|-damage|p2a: Talonflame|0 fnt\n|faint|p2a: Talonflame\n|-curestatus|p2b: Flutter Mane|slp|[msg]\n|move|p2b: Flutter Mane|Thunderbolt|p1a: Palafin\n|-supereffective|p1a: Palafin\n|-damage|p1a: Palafin|35\/100 brn\n|move|p1b: Amoonguss|Pollen Puff|p2b: Flutter Mane\n|-resisted|p2b: Flutter Mane\n|-damage|p2b: Flutter Mane|0 fnt\n|faint|p2b: Flutter Mane\n|-end|p2b: Flutter Mane|Protosynthesis|[silent]\n|\n|-damage|p1a: Palafin|30\/100 brn|[from] brn\n|upkeep\n|\n|t:|1682863911\n|switch|p2b: Gholdengo|Gholdengo, L50|100\/100\n|switch|p2a: Great Tusk|Great Tusk, L50|100\/100\n|-enditem|p2a: Great Tusk|Booster Energy\n|-activate|p2a: Great Tusk|ability: Protosynthesis|[fromitem]\n|-start|p2a: Great Tusk|protosynthesisdef\n|turn|6\n|\n|t:|1682863929\n|-terastallize|p2b: Gholdengo|Flying\n|move|p1a: Palafin|Protect|p1a: Palafin\n|-singleturn|p1a: Palafin|Protect\n|move|p2b: Gholdengo|Make It Rain|p1a: Palafin|[spread] p1b\n|-activate|p1a: Palafin|move: Protect\n|-resisted|p1b: Amoonguss\n|-damage|p1b: Amoonguss|29\/100\n|-unboost|p2b: Gholdengo|spa|1\n|-enditem|p1b: Amoonguss|Sitrus Berry|[eat]\n|-heal|p1b: Amoonguss|54\/100|[from] item: Sitrus Berry\n|move|p2a: Great Tusk|Earthquake|p1a: Palafin|[spread] p1b\n|-activate|p1a: Palafin|move: Protect\n|-immune|p2b: Gholdengo\n|-damage|p1b: Amoonguss|27\/100\n|move|p1b: Amoonguss|Spore|p2a: Great Tusk\n|-status|p2a: Great Tusk|slp|[from] move: Spore\n|\n|-damage|p1a: Palafin|24\/100 brn|[from] brn\n|upkeep\n|turn|7\n|inactive|givi has 30 seconds left.\n|inactive|JogadorZero has 30 seconds left.\n|inactive|givi has 20 seconds left.\n|\n|t:|1682863968\n|move|p1a: Palafin|Jet Punch|p2a: Great Tusk\n|-supereffective|p2a: Great Tusk\n|-damage|p2a: Great Tusk|78\/100 slp\n|move|p2b: Gholdengo|Make It Rain|p1b: Amoonguss|[spread] p1a,p1b\n|-resisted|p1a: Palafin\n|-crit|p1a: Palafin\n|-resisted|p1b: Amoonguss\n|-damage|p1a: Palafin|0 fnt\n|-damage|p1b: Amoonguss|7\/100\n|-unboost|p2b: Gholdengo|spa|1\n|faint|p1a: Palafin\n|cant|p2a: Great Tusk|slp\n|move|p1b: Amoonguss|Pollen Puff|p1: Palafin|[notarget]\n|-fail|p1b: Amoonguss\n|\n|upkeep\n|turn|8\n|-message|givi forfeited.\n|\n|win|JogadorZero\n|n|\u2606givi|givi\n|n|\u2606JogadorZero|jogadorzero\n|l|\u2606givi\n","uploadtime":1682863981,"views":13,"p1id":"givi","p2id":"jogadorzero","formatid":"gen9vgc2023regulationc","rating":0,"private":0,"password":""}