{"id":"gen9vgc2023regulationc-1864122961","p1":"Lulcri","p2":"Atloy","format":"[Gen 9] VGC 2023 Regulation C","log":"|j|\u2606Lulcri\n|j|\u2606Atloy\n|t:|1684120755\n|gametype|doubles\n|player|p1|Lulcri|265|1114\n|player|p2|Atloy|gambler|1098\n|teamsize|p1|6\n|teamsize|p2|6\n|gen|9\n|tier|[Gen 9] VGC 2023 Regulation C\n|rated|\n|rule|Species Clause: Limit one of each Pok\u00e9mon\n|rule|Item Clause: Limit one of each item\n|clearpoke\n|poke|p1|Flutter Mane, L50|\n|poke|p1|Palafin, L50, F|\n|poke|p1|Amoonguss, L50, M|\n|poke|p1|Dachsbun, L50, M|\n|poke|p1|Armarouge, L50, M|\n|poke|p1|Roaring Moon, L50|\n|poke|p2|Volcarona, L50, F|\n|poke|p2|Klefki, L50, F|\n|poke|p2|Corviknight, L50, M|\n|poke|p2|Garchomp, L50, F|\n|poke|p2|Gyarados, L50, F|\n|poke|p2|Annihilape, L50, M|\n|teampreview|4\n|inactive|Battle timer is ON: inactive players will automatically lose when time's up. (requested by Lulcri)\n|inactive|Atloy has 60 seconds left.\n|\n|t:|1684120790\n|start\n|switch|p1a: Dachsbun|Dachsbun, L50, M|100\/100\n|switch|p1b: Armarouge|Armarouge, L50, M|100\/100\n|switch|p2a: Klefki|Klefki, L50, F|100\/100\n|switch|p2b: Volcarona|Volcarona, L50, F|100\/100\n|turn|1\n|inactive|Lulcri has 30 seconds left.\n|\n|t:|1684120819\n|move|p2a: Klefki|Light Screen|p2a: Klefki\n|-sidestart|p2: Atloy|move: Light Screen\n|move|p2b: Volcarona|Quiver Dance|p2b: Volcarona\n|-boost|p2b: Volcarona|spa|1\n|-boost|p2b: Volcarona|spd|1\n|-boost|p2b: Volcarona|spe|1\n|move|p1a: Dachsbun|Stomping Tantrum|p2a: Klefki\n|-supereffective|p2a: Klefki\n|-damage|p2a: Klefki|66\/100\n|move|p1b: Armarouge|Lava Plume|p2a: Klefki|[spread] p2a,p2b\n|-ability|p1a: Dachsbun|Well-Baked Body|boost\n|-boost|p1a: Dachsbun|def|2\n|-supereffective|p2a: Klefki\n|-crit|p2b: Volcarona\n|-damage|p2a: Klefki|0 fnt\n|-damage|p2b: Volcarona|29\/100\n|faint|p2a: Klefki\n|\n|-heal|p2b: Volcarona|35\/100|[from] item: Leftovers\n|upkeep\n|\n|t:|1684120833\n|switch|p2a: Gyarados|Gyarados, L50, F|100\/100\n|-ability|p2a: Gyarados|Intimidate|boost\n|-unboost|p1a: Dachsbun|atk|1\n|-unboost|p1b: Armarouge|atk|1\n|turn|2\n|\n|t:|1684120856\n|move|p2b: Volcarona|Giga Drain|p1a: Dachsbun\n|-damage|p1a: Dachsbun|72\/100\n|-heal|p2b: Volcarona|45\/100|[from] drain|[of] p1a: Dachsbun\n|move|p1a: Dachsbun|Stomping Tantrum|p2b: Volcarona\n|-damage|p2b: Volcarona|33\/100\n|move|p2a: Gyarados|Waterfall|p1b: Armarouge\n|-supereffective|p1b: Armarouge\n|-damage|p1b: Armarouge|38\/100\n|move|p1b: Armarouge|Lava Plume|p2a: Gyarados|[spread] p2a,p2b\n|-ability|p1a: Dachsbun|Well-Baked Body|boost\n|-boost|p1a: Dachsbun|def|2\n|-resisted|p2a: Gyarados\n|-damage|p2a: Gyarados|89\/100\n|-damage|p2b: Volcarona|15\/100\n|\n|-heal|p2b: Volcarona|21\/100|[from] item: Leftovers\n|upkeep\n|turn|3\n|\n|t:|1684120880\n|move|p2b: Volcarona|Protect|p2b: Volcarona\n|-singleturn|p2b: Volcarona|Protect\n|move|p1a: Dachsbun|Crunch|p2b: Volcarona\n|-activate|p2b: Volcarona|move: Protect\n|move|p2a: Gyarados|Waterfall|p1b: Armarouge\n|-supereffective|p1b: Armarouge\n|-damage|p1b: Armarouge|0 fnt\n|faint|p1b: Armarouge\n|\n|-heal|p2b: Volcarona|26\/100|[from] item: Leftovers\n|upkeep\n|\n|t:|1684120892\n|switch|p1b: Palafino|Palafin, L50, F|100\/100\n|turn|4\n|\n|t:|1684120909\n|detailschange|p1b: Palafino|Palafin-Hero, L50, F\n|switch|p1b: Amoonguss|Amoonguss, L50, M, shiny|100\/100\n|-terastallize|p2b: Volcarona|Grass\n|move|p2a: Gyarados|Helping Hand|p2b: Volcarona\n|-singleturn|p2b: Volcarona|Helping Hand|[of] p2a: Gyarados\n|move|p2b: Volcarona|Giga Drain|p1a: Dachsbun\n|-damage|p1a: Dachsbun|5\/100\n|-heal|p2b: Volcarona|50\/100|[from] drain|[of] p1a: Dachsbun\n|move|p1a: Dachsbun|Play Rough|p2b: Volcarona\n|-damage|p2b: Volcarona|29\/100\n|\n|-heal|p2b: Volcarona|34\/100|[from] item: Leftovers\n|upkeep\n|turn|5\n|inactive|Lulcri has 30 seconds left.\n|inactive|Atloy has 30 seconds left.\n|\n|t:|1684120938\n|switch|p2a: Garchomp|Garchomp, L50, F|100\/100\n|move|p2b: Volcarona|Protect|p2b: Volcarona\n|-singleturn|p2b: Volcarona|Protect\n|move|p1a: Dachsbun|Play Rough|p2b: Volcarona\n|-activate|p2b: Volcarona|move: Protect\n|move|p1b: Amoonguss|Giga Drain|p2a: Garchomp\n|-damage|p2a: Garchomp|83\/100\n|\n|-heal|p2b: Volcarona|40\/100|[from] item: Leftovers\n|upkeep\n|turn|6\n|\n|t:|1684120957\n|move|p2a: Garchomp|Rock Slide|p1b: Amoonguss|[spread] p1a,p1b\n|-damage|p1a: Dachsbun|0 fnt\n|-damage|p1b: Amoonguss|85\/100\n|faint|p1a: Dachsbun\n|move|p2b: Volcarona|Fiery Dance|p1b: Amoonguss\n|-supereffective|p1b: Amoonguss\n|-damage|p1b: Amoonguss|0 fnt\n|-boost|p2b: Volcarona|spa|1\n|faint|p1b: Amoonguss\n|\n|-heal|p2b: Volcarona|46\/100|[from] item: Leftovers\n|upkeep\n|\n|t:|1684120967\n|switch|p1b: Palafino|Palafin-Hero, L50, F|100\/100\n|-activate|p1b: Palafino|ability: Zero to Hero\n|turn|7\n|\n|t:|1684120983\n|switch|p2a: Gyarados|Gyarados, L50, F|89\/100\n|-ability|p2a: Gyarados|Intimidate|boost\n|-unboost|p1b: Palafino|atk|1\n|move|p2b: Volcarona|Protect|p2b: Volcarona\n|-singleturn|p2b: Volcarona|Protect\n|move|p1b: Palafino|Wave Crash|p2a: Gyarados\n|-resisted|p2a: Gyarados\n|-damage|p2a: Gyarados|62\/100\n|-damage|p1b: Palafino|90\/100|[from] Recoil\n|\n|-heal|p2b: Volcarona|52\/100|[from] item: Leftovers\n|upkeep\n|turn|8\n|-message|Lulcri forfeited.\n|\n|win|Atloy\n|raw|Lulcri's rating: 1114 → 1088<\/strong> (-26 for losing)\n|raw|Atloy's rating: 1098 → 1124<\/strong> (+26 for winning)\n|l|\u2606Lulcri\n","uploadtime":1684120998,"views":9,"p1id":"lulcri","p2id":"atloy","formatid":"gen9vgc2023regulationc","rating":1088,"private":0,"password":""}