{"id":"gen9vgc2023regulationc-1853498584","p1":"SeydouVGC","p2":"gorilnx","format":"[Gen 9] VGC 2023 Regulation C","log":"|j|\u2606SeydouVGC\n|j|\u2606gorilnx\n|t:|1682691058\n|gametype|doubles\n|player|p1|SeydouVGC|flint|1222\n|player|p2|gorilnx|dawn-gen4pt|1121\n|teamsize|p1|6\n|teamsize|p2|6\n|gen|9\n|tier|[Gen 9] VGC 2023 Regulation C\n|rated|\n|rule|Species Clause: Limit one of each Pok\u00e9mon\n|rule|Item Clause: Limit one of each item\n|clearpoke\n|poke|p1|Ting-Lu, L50|\n|poke|p1|Torkoal, L50, M|\n|poke|p1|Flutter Mane, L50|\n|poke|p1|Iron Hands, L50|\n|poke|p1|Bronzong, L50|\n|poke|p1|Iron Bundle, L50|\n|poke|p2|Palafin, L50, M|\n|poke|p2|Amoonguss, L50, M|\n|poke|p2|Flutter Mane, L50|\n|poke|p2|Arcanine, L50, M|\n|poke|p2|Ting-Lu, L50|\n|poke|p2|Baxcalibur, L50, M|\n|teampreview|4\n|inactive|Battle timer is ON: inactive players will automatically lose when time's up. (requested by gorilnx)\n|inactive|SeydouVGC has 60 seconds left.\n|inactive|gorilnx has 60 seconds left.\n|\n|t:|1682691101\n|start\n|switch|p1a: Iron Hands|Iron Hands, L50|100\/100\n|switch|p1b: Bronzong|Bronzong, L50|100\/100\n|switch|p2a: Palafin|Palafin, L50, M|100\/100\n|switch|p2b: Flutter Mane|Flutter Mane, L50|100\/100\n|-enditem|p2b: Flutter Mane|Booster Energy\n|-activate|p2b: Flutter Mane|ability: Protosynthesis|[fromitem]\n|-start|p2b: Flutter Mane|protosynthesisspe\n|turn|1\n|\n|t:|1682691116\n|detailschange|p2a: Palafin|Palafin-Hero, L50, M\n|switch|p2a: Amoonguss|Amoonguss, L50, M|100\/100\n|-terastallize|p1b: Bronzong|Fire\n|move|p1a: Iron Hands|Fake Out|p2a: Amoonguss\n|-damage|p2a: Amoonguss|89\/100\n|move|p2b: Flutter Mane|Shadow Ball|p1b: Bronzong\n|-damage|p1b: Bronzong|68\/100\n|move|p1b: Bronzong|Trick Room|p1b: Bronzong\n|-fieldstart|move: Trick Room|[of] p1b: Bronzong\n|\n|upkeep\n|turn|2\n|inactive|SeydouVGC has 30 seconds left.\n|\n|t:|1682691142\n|move|p2b: Flutter Mane|Protect|p2b: Flutter Mane\n|-singleturn|p2b: Flutter Mane|Protect\n|move|p1b: Bronzong|Safeguard|p1b: Bronzong\n|-sidestart|p1: SeydouVGC|Safeguard\n|move|p2a: Amoonguss|Spore|p1b: Bronzong\n|-activate|p1b: Bronzong|item: Safety Goggles|Spore\n|move|p1a: Iron Hands|Volt Switch|p2b: Flutter Mane\n|-activate|p2b: Flutter Mane|move: Protect\n|\n|upkeep\n|turn|3\n|\n|t:|1682691155\n|-end|p1a: Iron Hands|Quark Drive|[silent]\n|switch|p1a: Torkoal|Torkoal, L50, M|100\/100\n|-weather|SunnyDay|[from] ability: Drought|[of] p1a: Torkoal\n|move|p2a: Amoonguss|Rage Powder|p2a: Amoonguss\n|-singleturn|p2a: Amoonguss|move: Rage Powder\n|move|p1b: Bronzong|Gyro Ball|p2b: Flutter Mane\n|-supereffective|p2b: Flutter Mane\n|-damage|p2b: Flutter Mane|0 fnt\n|faint|p2b: Flutter Mane\n|-end|p2b: Flutter Mane|Protosynthesis|[silent]\n|\n|-weather|SunnyDay|[upkeep]\n|upkeep\n|\n|t:|1682691164\n|switch|p2b: Ting-Lu|Ting-Lu, L50|100\/100\n|-ability|p2b: Ting-Lu|Vessel of Ruin\n|turn|4\n|\n|t:|1682691187\n|switch|p1b: Iron Hands|Iron Hands, L50|100\/100\n|move|p2a: Amoonguss|Protect|p2a: Amoonguss\n|-singleturn|p2a: Amoonguss|Protect\n|move|p1a: Torkoal|Eruption|p2a: Amoonguss|[spread] p2b\n|-activate|p2a: Amoonguss|move: Protect\n|-damage|p2b: Ting-Lu|74\/100\n|move|p2b: Ting-Lu|Fissure|p1a: Torkoal|[miss]\n|-miss|p2b: Ting-Lu|p1a: Torkoal\n|\n|-weather|SunnyDay|[upkeep]\n|upkeep\n|turn|5\n|\n|t:|1682691205\n|-end|p1b: Iron Hands|Quark Drive|[silent]\n|switch|p1b: Bronzong|Bronzong, L50, tera:Fire|68\/100\n|move|p2a: Amoonguss|Rage Powder|p2a: Amoonguss\n|-singleturn|p2a: Amoonguss|move: Rage Powder\n|move|p1a: Torkoal|Eruption|p2a: Amoonguss|[spread] p2a,p2b\n|-supereffective|p2a: Amoonguss\n|-damage|p2a: Amoonguss|0 fnt\n|-damage|p2b: Ting-Lu|44\/100\n|faint|p2a: Amoonguss\n|move|p2b: Ting-Lu|Stomping Tantrum|p1b: Bronzong\n|-immune|p1b: Bronzong|[from] ability: Levitate\n|\n|-weather|SunnyDay|[upkeep]\n|-fieldend|move: Trick Room\n|upkeep\n|\n|t:|1682691216\n|switch|p2a: Palafin|Palafin-Hero, L50, M|100\/100\n|-activate|p2a: Palafin|ability: Zero to Hero\n|turn|6\n|\n|t:|1682691227\n|switch|p1a: Iron Hands|Iron Hands, L50|100\/100\n|move|p1b: Bronzong|Protect|p1b: Bronzong\n|-singleturn|p1b: Bronzong|Protect\n|move|p2a: Palafin|Wave Crash|p1b: Bronzong\n|-activate|p1b: Bronzong|move: Protect\n|move|p2b: Ting-Lu|Stomping Tantrum|p1a: Iron Hands\n|-supereffective|p1a: Iron Hands\n|-crit|p1a: Iron Hands\n|-damage|p1a: Iron Hands|0 fnt\n|faint|p1a: Iron Hands\n|-end|p1a: Iron Hands|Quark Drive|[silent]\n|\n|-weather|SunnyDay|[upkeep]\n|-sideend|p1: SeydouVGC|Safeguard\n|upkeep\n|\n|t:|1682691239\n|switch|p1a: Iron Bundle|Iron Bundle, L50, shiny|100\/100\n|turn|7\n|\n|t:|1682691249\n|move|p1a: Iron Bundle|Freeze-Dry|p2a: Palafin\n|-supereffective|p2a: Palafin\n|-damage|p2a: Palafin|53\/100\n|move|p2a: Palafin|Wave Crash|p1b: Bronzong\n|-supereffective|p1b: Bronzong\n|-damage|p1b: Bronzong|0 fnt\n|faint|p1b: Bronzong\n|-damage|p2a: Palafin|34\/100|[from] Recoil\n|move|p2b: Ting-Lu|Fissure|p1a: Iron Bundle\n|-enditem|p1a: Iron Bundle|Focus Sash\n|-damage|p1a: Iron Bundle|1\/100\n|\n|-weather|none\n|upkeep\n|\n|t:|1682691261\n|switch|p1b: Torkoal|Torkoal, L50, M|100\/100\n|-weather|SunnyDay|[from] ability: Drought|[of] p1b: Torkoal\n|turn|8\n|\n|t:|1682691270\n|move|p2a: Palafin|Jet Punch|p1a: Iron Bundle\n|-resisted|p1a: Iron Bundle\n|-damage|p1a: Iron Bundle|0 fnt\n|faint|p1a: Iron Bundle\n|-end|p1a: Iron Bundle|Quark Drive|[silent]\n|move|p2b: Ting-Lu|Fissure|p1b: Torkoal\n|-damage|p1b: Torkoal|0 fnt\n|faint|p1b: Torkoal\n|-ohko\n|\n|win|gorilnx\n|raw|SeydouVGC's rating: 1222 → 1190<\/strong> (-32 for losing)\n|raw|gorilnx's rating: 1121 → 1153<\/strong> (+32 for winning)\n|l|\u2606SeydouVGC\n","uploadtime":1682691281,"views":4,"p1id":"seydouvgc","p2id":"gorilnx","formatid":"gen9vgc2023regulationc","rating":1153,"private":0,"password":""}