{"id":"gen9vgc2023regulationc-1845151268","p1":"That_Leek","p2":"Privnoval016","format":"[Gen 9] VGC 2023 Regulation C","log":"|j|\u2606That_Leek\n|j|\u2606Privnoval016\n|t:|1681689666\n|gametype|doubles\n|player|p1|That_Leek|blue-masters|\n|player|p2|Privnoval016|red-masters2|\n|teamsize|p1|6\n|teamsize|p2|6\n|gen|9\n|tier|[Gen 9] VGC 2023 Regulation C\n|rated|Tournament battle\n|rule|Species Clause: Limit one of each Pok\u00e9mon\n|rule|Item Clause: Limit one of each item\n|clearpoke\n|poke|p1|Tyranitar, L50, F|\n|poke|p1|Gyarados, L50, F|\n|poke|p1|Scizor, L50, M|\n|poke|p1|Sandy Shocks, L50|\n|poke|p1|Amoonguss, L50, F|\n|poke|p1|Flutter Mane, L50|\n|poke|p2|Gyarados, L50, F|\n|poke|p2|Amoonguss, L50, F|\n|poke|p2|Flutter Mane, L50|\n|poke|p2|Chi-Yu, L50|\n|poke|p2|Roaring Moon, L50|\n|poke|p2|Garchomp, L50, F|\n|teampreview|4\n|raw| Open Team Sheet for That_Leek<\/summary>Tyranitar @ Assault Vest Ability: Sand Stream Level: 50 Tera Type: Flying - Rock Slide - Crunch - Brick Break - Tera Blast Gyarados @ Safety Goggles Ability: Intimidate Level: 50 Tera Type: Water - Waterfall - Dragon Dance - Protect - Thunder Wave Scizor @ Clear Amulet Ability: Technician Level: 50 Tera Type: Steel - Swords Dance - Bullet Punch - Pounce - Close Combat Sandy Shocks @ Life Orb Ability: Protosynthesis Level: 50 Tera Type: Ice - Thunderbolt - Earth Power - Tera Blast - Protect Amoonguss @ Covert Cloak Ability: Regenerator Level: 50 Tera Type: Rock - Spore - Rage Powder - Protect - Pollen Puff Flutter Mane @ Choice Specs Ability: Protosynthesis Level: 50 Tera Type: Fairy - Dazzling Gleam - Moonblast - Shadow Ball - Thunderbolt <\/details><\/div> Open Team Sheet for Privnoval016<\/summary>If you wanna (Gyarados) @ Sitrus Berry Ability: Intimidate Level: 50 Shiny: Yes Tera Type: Grass - Waterfall - Protect - Thunder Wave - Iron Head See some action (Amoonguss) @ Covert Cloak Ability: Regenerator Level: 50 Shiny: Yes Tera Type: Water - Rage Powder - Spore - Protect - Pollen Puff Gotta be center (Flutter Mane) @ Choice Specs Ability: Protosynthesis Level: 50 Tera Type: Fairy - Dazzling Gleam - Moonblast - Shadow Ball - Thunderbolt OF ATTRACTION (Chi-Yu) @ Focus Sash Ability: Beads of Ruin Level: 50 Tera Type: Grass - Heat Wave - Protect - Dark Pulse - Overheat So baby now you (Roaring Moon) @ Booster Energy Ability: Protosynthesis Level: 50 Tera Type: Flying - Acrobatics - Tailwind - Protect - Throat Chop Feel like Number 1 (Garchomp) @ Choice Band Ability: Rough Skin Level: 50 Tera Type: Fire - Earthquake - Rock Slide - Dragon Claw - Stomping Tantrum <\/details><\/div>\n|j| Radio Free C-Side\n|c|\u2606That_Leek|waffles\n|c|\u2606Privnoval016|pancakes\n|j|%Bright Size\n|\n|t:|1681689734\n|start\n|switch|p1a: Tyranitar|Tyranitar, L50, F|100\/100\n|switch|p1b: Sandy Shocks|Sandy Shocks, L50|100\/100\n|switch|p2a: So baby now you|Roaring Moon, L50|100\/100\n|switch|p2b: Feel like Number 1|Garchomp, L50, F|100\/100\n|-weather|Sandstorm|[from] ability: Sand Stream|[of] p1a: Tyranitar\n|-enditem|p2a: So baby now you|Booster Energy\n|-activate|p2a: So baby now you|ability: Protosynthesis|[fromitem]\n|-start|p2a: So baby now you|protosynthesisspe\n|turn|1\n|j| a12351\n|\n|t:|1681689753\n|-end|p1b: Sandy Shocks|Protosynthesis|[silent]\n|switch|p1b: Gyarados|Gyarados, L50, F|100\/100\n|-ability|p1b: Gyarados|Intimidate|boost\n|-unboost|p2a: So baby now you|atk|1\n|-unboost|p2b: Feel like Number 1|atk|1\n|-terastallize|p2a: So baby now you|Flying\n|-terastallize|p1a: Tyranitar|Flying\n|move|p2a: So baby now you|Tailwind|p2a: So baby now you\n|-sidestart|p2: Privnoval016|move: Tailwind\n|move|p2b: Feel like Number 1|Earthquake|p1b: Gyarados|[spread] \n|-immune|p2a: So baby now you\n|-immune|p1a: Tyranitar\n|-immune|p1b: Gyarados\n|move|p1a: Tyranitar|Rock Slide|p2b: Feel like Number 1|[spread] p2a,p2b\n|-supereffective|p2a: So baby now you\n|-resisted|p2b: Feel like Number 1\n|-damage|p2a: So baby now you|13\/100\n|-damage|p2b: Feel like Number 1|82\/100\n|\n|-weather|Sandstorm|[upkeep]\n|-damage|p2a: So baby now you|7\/100|[from] Sandstorm\n|-damage|p1a: Tyranitar|95\/100|[from] Sandstorm\n|upkeep\n|turn|2\n|\n|t:|1681689811\n|switch|p2b: If you wanna|Gyarados, L50, F, shiny|100\/100\n|-ability|p2b: If you wanna|Intimidate|boost\n|-unboost|p1a: Tyranitar|atk|1\n|-unboost|p1b: Gyarados|atk|1\n|move|p2a: So baby now you|Acrobatics|p1a: Tyranitar\n|-damage|p1a: Tyranitar|64\/100\n|move|p1b: Gyarados|Dragon Dance|p1b: Gyarados\n|-boost|p1b: Gyarados|atk|1\n|-boost|p1b: Gyarados|spe|1\n|move|p1a: Tyranitar|Crunch|p2b: If you wanna\n|-damage|p2b: If you wanna|64\/100\n|\n|-weather|Sandstorm|[upkeep]\n|-damage|p2a: So baby now you|1\/100|[from] Sandstorm\n|-damage|p2b: If you wanna|59\/100|[from] Sandstorm\n|-damage|p1a: Tyranitar|58\/100|[from] Sandstorm\n|upkeep\n|turn|3\n|j| Veteran T\n|\n|t:|1681689850\n|move|p2a: So baby now you|Acrobatics|p1a: Tyranitar\n|-damage|p1a: Tyranitar|28\/100\n|move|p2b: If you wanna|Thunder Wave|p1b: Gyarados\n|-status|p1b: Gyarados|par\n|move|p1a: Tyranitar|Rock Slide|p2a: So baby now you|[spread] p2a,p2b\n|-supereffective|p2a: So baby now you\n|-supereffective|p2b: If you wanna\n|-damage|p2a: So baby now you|0 fnt\n|-damage|p2b: If you wanna|4\/100\n|-enditem|p2b: If you wanna|Sitrus Berry|[eat]\n|-heal|p2b: If you wanna|29\/100|[from] item: Sitrus Berry\n|faint|p2a: So baby now you\n|-end|p2a: So baby now you|Protosynthesis|[silent]\n|move|p1b: Gyarados|Dragon Dance|p1b: Gyarados\n|-boost|p1b: Gyarados|atk|1\n|-boost|p1b: Gyarados|spe|1\n|\n|-weather|Sandstorm|[upkeep]\n|-damage|p2b: If you wanna|23\/100|[from] Sandstorm\n|-damage|p1a: Tyranitar|22\/100|[from] Sandstorm\n|upkeep\n|\n|t:|1681689864\n|switch|p2a: Feel like Number 1|Garchomp, L50, F|82\/100\n|turn|4\n|\n|t:|1681689873\n|cant|p1b: Gyarados|par\n|move|p2a: Feel like Number 1|Rock Slide|p1a: Tyranitar|[spread] p1a,p1b\n|-supereffective|p1a: Tyranitar\n|-supereffective|p1b: Gyarados\n|-crit|p1b: Gyarados\n|-damage|p1a: Tyranitar|0 fnt\n|-damage|p1b: Gyarados|10\/100 par\n|faint|p1a: Tyranitar\n|move|p2b: If you wanna|Waterfall|p1b: Gyarados\n|-resisted|p1b: Gyarados\n|-damage|p1b: Gyarados|0 fnt\n|faint|p1b: Gyarados\n|\n|-weather|Sandstorm|[upkeep]\n|-damage|p2b: If you wanna|17\/100|[from] Sandstorm\n|-sideend|p2: Privnoval016|move: Tailwind\n|upkeep\n|\n|t:|1681689877\n|switch|p1b: Flutter Mane|Flutter Mane, L50|100\/100\n|switch|p1a: Sandy Shocks|Sandy Shocks, L50|100\/100\n|turn|5\n|\n|t:|1681689900\n|move|p1b: Flutter Mane|Moonblast|p2a: Feel like Number 1\n|-supereffective|p2a: Feel like Number 1\n|-damage|p2a: Feel like Number 1|0 fnt\n|faint|p2a: Feel like Number 1\n|move|p1a: Sandy Shocks|Thunderbolt|p2b: If you wanna\n|-supereffective|p2b: If you wanna\n|-damage|p2b: If you wanna|0 fnt\n|faint|p2b: If you wanna\n|-damage|p1a: Sandy Shocks|91\/100|[from] item: Life Orb\n|\n|-weather|none\n|upkeep\n|\n|t:|1681689906\n|switch|p2a: OF ATTRACTION|Chi-Yu, L50|100\/100\n|-ability|p2a: OF ATTRACTION|Beads of Ruin\n|turn|6\n|\n|t:|1681689911\n|move|p1b: Flutter Mane|Moonblast|p2a: OF ATTRACTION\n|-damage|p2a: OF ATTRACTION|11\/100\n|-unboost|p2a: OF ATTRACTION|spa|1\n|move|p1a: Sandy Shocks|Earth Power|p2a: OF ATTRACTION\n|-supereffective|p2a: OF ATTRACTION\n|-damage|p2a: OF ATTRACTION|0 fnt\n|faint|p2a: OF ATTRACTION\n|-damage|p1a: Sandy Shocks|81\/100|[from] item: Life Orb\n|\n|win|That_Leek\n|n|\u2606That_Leek|thatleek\n|n|\u2606Privnoval016|privnoval016\n|n| Radio Free C-Side|radiofreecside\n|n| Bright Size|brightsize\n|n| a12351|a12351\n|n| Veteran T|veterant\n|l|\u2606Privnoval016\n|l| a12351\n|l| Radio Free C-Side\n|j| manwtfisthis\n|l| manwtfisthis\n|l| Veteran T\n","uploadtime":1681689912,"views":14,"p1id":"thatleek","p2id":"privnoval016","formatid":"gen9vgc2023regulationc","rating":0,"private":0,"password":""}