{"id":"gen9vgc2023regulationc-1859589782","p1":"Geradifdorudini","p2":"DracFrost","format":"[Gen 9] VGC 2023 Regulation C","log":"|j|\u2606Geradifdorudini\n|j|\u2606DracFrost\n|t:|1683546002\n|gametype|doubles\n|player|p1|Geradifdorudini|penny|1114\n|player|p2|DracFrost|sabrina|1120\n|teamsize|p1|6\n|teamsize|p2|6\n|gen|9\n|tier|[Gen 9] VGC 2023 Regulation C\n|rated|\n|rule|Species Clause: Limit one of each Pok\u00e9mon\n|rule|Item Clause: Limit one of each item\n|clearpoke\n|poke|p1|Torkoal, L50, F|\n|poke|p1|Jumpluff, L50, M|\n|poke|p1|Flutter Mane, L50|\n|poke|p1|Great Tusk, L50|\n|poke|p1|Chien-Pao, L50|\n|poke|p1|Kingambit, L50, M|\n|poke|p2|Volcarona, L50, M|\n|poke|p2|Grimmsnarl, L50, M|\n|poke|p2|Ting-Lu, L50|\n|poke|p2|Maushold, L50|\n|poke|p2|Ceruledge, L50, M|\n|poke|p2|Roaring Moon, L50|\n|teampreview|4\nGeradifdorudini rejected open team sheets.\n|\n|t:|1683546044\n|start\n|switch|p1a: Jumpluff|Jumpluff, L50, M|100\/100\n|switch|p1b: Torkoal|Torkoal, L50, F|100\/100\n|switch|p2a: Roaring Moon|Roaring Moon, L50|100\/100\n|switch|p2b: Ting-Lu|Ting-Lu, L50|100\/100\n|-ability|p2b: Ting-Lu|Vessel of Ruin\n|-weather|SunnyDay|[from] ability: Drought|[of] p1b: Torkoal\n|-activate|p2a: Roaring Moon|ability: Protosynthesis\n|-start|p2a: Roaring Moon|protosynthesisspe\n|turn|1\n|\n|t:|1683546067\n|move|p1a: Jumpluff|Tailwind|p1a: Jumpluff\n|-sidestart|p1: Geradifdorudini|move: Tailwind\n|move|p2a: Roaring Moon|Tailwind|p2a: Roaring Moon\n|-sidestart|p2: DracFrost|move: Tailwind\n|move|p2b: Ting-Lu|Stomping Tantrum|p1b: Torkoal\n|-supereffective|p1b: Torkoal\n|-damage|p1b: Torkoal|45\/100\n|move|p1b: Torkoal|Yawn|p2a: Roaring Moon\n|-start|p2a: Roaring Moon|move: Yawn|[of] p1b: Torkoal\n|\n|-weather|SunnyDay|[upkeep]\n|upkeep\n|turn|2\n|inactive|Battle timer is ON: inactive players will automatically lose when time's up. (requested by DracFrost)\n|\n|t:|1683546110\n|-end|p2a: Roaring Moon|Protosynthesis|[silent]\n|switch|p2a: Maushold|Maushold, L50|100\/100\n|-terastallize|p1b: Torkoal|Flying\n|move|p1a: Jumpluff|Encore||[still]\n|-fail|p1a: Jumpluff\n|move|p2b: Ting-Lu|Stomping Tantrum|p1b: Torkoal\n|-immune|p1b: Torkoal\n|move|p1b: Torkoal|Yawn|p2b: Ting-Lu\n|-start|p2b: Ting-Lu|move: Yawn|[of] p1b: Torkoal\n|\n|-weather|SunnyDay|[upkeep]\n|upkeep\n|turn|3\n|\n|t:|1683546134\n|switch|p2b: Volcarona|Volcarona, L50, M|100\/100\n|move|p1a: Jumpluff|Sleep Powder|p2a: Maushold\n|-status|p2a: Maushold|slp|[from] move: Sleep Powder\n|cant|p2a: Maushold|slp\n|move|p1b: Torkoal|Overheat|p2a: Maushold\n|-damage|p2a: Maushold|39\/100 slp\n|-unboost|p1b: Torkoal|spa|2\n|-enditem|p1b: Torkoal|Eject Pack\n|-enditem|p2a: Maushold|Sitrus Berry|[eat]\n|-heal|p2a: Maushold|63\/100 slp|[from] item: Sitrus Berry\n|\n|t:|1683546151\n|switch|p1b: Flutter Mane|Flutter Mane, L50|100\/100\n|-activate|p1b: Flutter Mane|ability: Protosynthesis\n|-start|p1b: Flutter Mane|protosynthesisspe\n|\n|-weather|SunnyDay|[upkeep]\n|upkeep\n|turn|4\n|\n|t:|1683546171\n|-terastallize|p2b: Volcarona|Steel\n|cant|p2a: Maushold|slp\n|move|p1a: Jumpluff|Sleep Powder|p2b: Volcarona|[miss]\n|-miss|p1a: Jumpluff|p2b: Volcarona\n|move|p1b: Flutter Mane|Moonblast|p2a: Maushold\n|-damage|p2a: Maushold|0 fnt\n|faint|p2a: Maushold\n|move|p2b: Volcarona|Quiver Dance|p2b: Volcarona\n|-boost|p2b: Volcarona|spa|1\n|-boost|p2b: Volcarona|spd|1\n|-boost|p2b: Volcarona|spe|1\n|\n|-weather|SunnyDay|[upkeep]\n|-sideend|p2: DracFrost|move: Tailwind\n|-sideend|p1: Geradifdorudini|move: Tailwind\n|upkeep\n|\n|t:|1683546187\n|switch|p2a: Ting-Lu|Ting-Lu, L50|100\/100\n|-ability|p2a: Ting-Lu|Vessel of Ruin\n|turn|5\n|\n|t:|1683546198\n|move|p1a: Jumpluff|Sleep Powder|p2b: Volcarona\n|-status|p2b: Volcarona|slp|[from] move: Sleep Powder\n|move|p1b: Flutter Mane|Moonblast|p2a: Ting-Lu\n|-supereffective|p2a: Ting-Lu\n|-damage|p2a: Ting-Lu|48\/100\n|-unboost|p2a: Ting-Lu|spa|1\n|cant|p2b: Volcarona|slp\n|move|p2a: Ting-Lu|Rock Slide|p1b: Flutter Mane|[spread] p1b\n|-miss|p2a: Ting-Lu|p1a: Jumpluff\n|-damage|p1b: Flutter Mane|68\/100\n|\n|-weather|none\n|-end|p1b: Flutter Mane|Protosynthesis\n|upkeep\n|turn|6\n|\n|t:|1683546214\n|move|p1b: Flutter Mane|Moonblast|p2a: Ting-Lu\n|-supereffective|p2a: Ting-Lu\n|-crit|p2a: Ting-Lu\n|-damage|p2a: Ting-Lu|0 fnt\n|faint|p2a: Ting-Lu\n|cant|p2b: Volcarona|slp\n|move|p1a: Jumpluff|Encore|p2b: Volcarona\n|-start|p2b: Volcarona|Encore\n|\n|upkeep\n|\n|t:|1683546221\n|switch|p2a: Roaring Moon|Roaring Moon, L50|100\/100\n|-enditem|p2a: Roaring Moon|Booster Energy\n|-activate|p2a: Roaring Moon|ability: Protosynthesis|[fromitem]\n|-start|p2a: Roaring Moon|protosynthesisspe\n|turn|7\n|\n|t:|1683546235\n|-end|p1b: Flutter Mane|Protosynthesis|[silent]\n|switch|p1b: Torkoal|Torkoal, L50, F, tera:Flying|45\/100\n|-weather|SunnyDay|[from] ability: Drought|[of] p1b: Torkoal\n|move|p1a: Jumpluff|Tailwind|p1a: Jumpluff\n|-sidestart|p1: Geradifdorudini|move: Tailwind\n|move|p2a: Roaring Moon|Tailwind|p2a: Roaring Moon\n|-sidestart|p2: DracFrost|move: Tailwind\n|-curestatus|p2b: Volcarona|slp|[msg]\n|move|p2b: Volcarona|Quiver Dance|p2b: Volcarona\n|-boost|p2b: Volcarona|spa|1\n|-boost|p2b: Volcarona|spd|1\n|-boost|p2b: Volcarona|spe|1\n|\n|-weather|SunnyDay|[upkeep]\n|upkeep\n|turn|8\n|\n|t:|1683546257\n|move|p1a: Jumpluff|Sleep Powder|p2b: Volcarona\n|-status|p2b: Volcarona|slp|[from] move: Sleep Powder\n|move|p2a: Roaring Moon|Crunch|p1b: Torkoal\n|-damage|p1b: Torkoal|16\/100\n|-unboost|p1b: Torkoal|def|1\n|cant|p2b: Volcarona|slp\n|move|p1b: Torkoal|Overheat|p2b: Volcarona\n|-supereffective|p2b: Volcarona\n|-damage|p2b: Volcarona|44\/100 slp\n|-unboost|p1b: Torkoal|spa|2\n|\n|-weather|SunnyDay|[upkeep]\n|-heal|p2b: Volcarona|50\/100 slp|[from] item: Leftovers\n|upkeep\n|turn|9\n|\n|t:|1683546273\n|move|p1a: Jumpluff|Sleep Powder|p2a: Roaring Moon\n|-status|p2a: Roaring Moon|slp|[from] move: Sleep Powder\n|cant|p2a: Roaring Moon|slp\n|-curestatus|p2b: Volcarona|slp|[msg]\n|move|p2b: Volcarona|Quiver Dance|p2b: Volcarona\n|-boost|p2b: Volcarona|spa|1\n|-boost|p2b: Volcarona|spd|1\n|-boost|p2b: Volcarona|spe|1\n|move|p1b: Torkoal|Overheat|p2b: Volcarona\n|-supereffective|p2b: Volcarona\n|-damage|p2b: Volcarona|28\/100\n|-unboost|p1b: Torkoal|spa|2\n|\n|-weather|SunnyDay|[upkeep]\n|-heal|p2b: Volcarona|34\/100|[from] item: Leftovers\n|-end|p2b: Volcarona|Encore\n|upkeep\n|turn|10\n|\n|t:|1683546296\n|move|p1a: Jumpluff|Sleep Powder|p2b: Volcarona\n|-status|p2b: Volcarona|slp|[from] move: Sleep Powder\n|cant|p2b: Volcarona|slp\n|cant|p2a: Roaring Moon|slp\n|move|p1b: Torkoal|Yawn||[still]\n|-fail|p1b: Torkoal\n|\n|-weather|SunnyDay|[upkeep]\n|-heal|p2b: Volcarona|40\/100 slp|[from] item: Leftovers\n|-sideend|p1: Geradifdorudini|move: Tailwind\n|-sideend|p2: DracFrost|move: Tailwind\n|upkeep\n|turn|11\n|\n|t:|1683546316\n|move|p1a: Jumpluff|Encore|p2b: Volcarona\n|-start|p2b: Volcarona|Encore\n|-curestatus|p2b: Volcarona|slp|[msg]\n|move|p2b: Volcarona|Quiver Dance|p2b: Volcarona\n|-boost|p2b: Volcarona|spa|1\n|-boost|p2b: Volcarona|spd|1\n|-boost|p2b: Volcarona|spe|1\n|cant|p2a: Roaring Moon|slp\n|move|p1b: Torkoal|Overheat|p2b: Volcarona\n|-supereffective|p2b: Volcarona\n|-damage|p2b: Volcarona|27\/100\n|-unboost|p1b: Torkoal|spa|2\n|\n|-weather|none\n|-heal|p2b: Volcarona|33\/100|[from] item: Leftovers\n|upkeep\n|turn|12\n|\n|t:|1683546333\n|switch|p1b: Chien-Pao|Chien-Pao, L50|100\/100\n|-ability|p1b: Chien-Pao|Sword of Ruin\n|move|p2b: Volcarona|Quiver Dance|p2b: Volcarona\n|-boost|p2b: Volcarona|spa|1\n|-boost|p2b: Volcarona|spd|1\n|-boost|p2b: Volcarona|spe|1\n|-curestatus|p2a: Roaring Moon|slp|[msg]\n|move|p2a: Roaring Moon|Crunch|p1b: Chien-Pao\n|-resisted|p1b: Chien-Pao\n|-damage|p1b: Chien-Pao|74\/100\n|move|p1a: Jumpluff|Tailwind|p1a: Jumpluff\n|-sidestart|p1: Geradifdorudini|move: Tailwind\n|\n|-heal|p2b: Volcarona|39\/100|[from] item: Leftovers\n|upkeep\n|turn|13\n|inactive|Geradifdorudini has 30 seconds left.\n|\n|t:|1683546365\n|move|p2b: Volcarona|Quiver Dance|p2b: Volcarona\n|-boost|p2b: Volcarona|spa|1\n|-boost|p2b: Volcarona|spd|1\n|-boost|p2b: Volcarona|spe|1\n|move|p1b: Chien-Pao|Ice Spinner|p2b: Volcarona\n|-resisted|p2b: Volcarona\n|-damage|p2b: Volcarona|14\/100\n|move|p1a: Jumpluff|Sleep Powder|p2b: Volcarona\n|-status|p2b: Volcarona|slp|[from] move: Sleep Powder\n|move|p2a: Roaring Moon|Acrobatics|p1a: Jumpluff\n|-supereffective|p1a: Jumpluff\n|-damage|p1a: Jumpluff|0 fnt\n|faint|p1a: Jumpluff\n|\n|-heal|p2b: Volcarona|20\/100 slp|[from] item: Leftovers\n|-end|p2b: Volcarona|Encore\n|upkeep\n|\n|t:|1683546375\n|switch|p1a: Flutter Mane|Flutter Mane, L50|68\/100\n|turn|14\n|\n|t:|1683546392\n|cant|p2b: Volcarona|slp\n|move|p1b: Chien-Pao|Ice Spinner|p2b: Volcarona\n|-resisted|p2b: Volcarona\n|-damage|p2b: Volcarona|0 fnt\n|-status|p1b: Chien-Pao|brn|[from] ability: Flame Body|[of] p2b: Volcarona\n|faint|p2b: Volcarona\n|move|p1a: Flutter Mane|Dazzling Gleam|p2a: Roaring Moon\n|-supereffective|p2a: Roaring Moon\n|-damage|p2a: Roaring Moon|0 fnt\n|faint|p2a: Roaring Moon\n|-end|p2a: Roaring Moon|Protosynthesis|[silent]\n|\n|win|Geradifdorudini\n|raw|Geradifdorudini's rating: 1114 → 1139<\/strong> (+25 for winning)\n|raw|DracFrost's rating: 1120 → 1095<\/strong> (-25 for losing)\n","uploadtime":1683546410,"views":14,"p1id":"geradifdorudini","p2id":"dracfrost","formatid":"gen9vgc2023regulationc","rating":1095,"private":0,"password":""}