{"id":"gen9vgc2023regulationc-1864116864","p1":"zee","p2":"Clipperz","format":"[Gen 9] VGC 2023 Regulation C","log":"|j|\u2606zee\n|j|\u2606Clipperz\n|t:|1684119823\n|gametype|doubles\n|player|p1|zee|#scl2platoon|\n|player|p2|Clipperz|266|\n|teamsize|p1|6\n|teamsize|p2|6\n|gen|9\n|tier|[Gen 9] VGC 2023 Regulation C\n|rule|Species Clause: Limit one of each Pok\u00e9mon\n|rule|Item Clause: Limit one of each item\n|clearpoke\n|poke|p1|Murkrow, L50, M|\n|poke|p1|Chi-Yu, L50|\n|poke|p1|Gholdengo, L50|\n|poke|p1|Iron Bundle, L50|\n|poke|p1|Great Tusk, L50|\n|poke|p1|Dragonite, L50, F|\n|poke|p2|Scream Tail, L50|\n|poke|p2|Iron Bundle, L50|\n|poke|p2|Chi-Yu, L50|\n|poke|p2|Amoonguss, L50, M|\n|poke|p2|Ting-Lu, L50|\n|poke|p2|Corviknight, L50, M|\n|teampreview|4\nClipperz has agreed to open team sheets.\n|c|\u2606Clipperz|G1\nzee has agreed to open team sheets.\n|j| Z Strats\n|c|\u2606Clipperz|Glhf\n|c|\u2606zee|hf bro\n|j| tiaole123\n|\n|t:|1684119947\n|start\n|switch|p1a: Iron Bundle|Iron Bundle, L50|100\/100\n|switch|p1b: Chi-Yu|Chi-Yu, L50|100\/100\n|switch|p2a: Corviknight|Corviknight, L50, M|100\/100\n|switch|p2b: Ting-Lu|Ting-Lu, L50|100\/100\n|-ability|p1b: Chi-Yu|Beads of Ruin\n|-ability|p2b: Ting-Lu|Vessel of Ruin\n|-enditem|p1a: Iron Bundle|Booster Energy\n|-activate|p1a: Iron Bundle|ability: Quark Drive|[fromitem]\n|-start|p1a: Iron Bundle|quarkdrivespe\n|turn|1\n|j| TheWigletts\n|l| TheWigletts\n|\n|t:|1684119987\n|switch|p2a: Scream Tail|Scream Tail, L50|100\/100\n|-enditem|p2a: Scream Tail|Booster Energy\n|-activate|p2a: Scream Tail|ability: Protosynthesis|[fromitem]\n|-start|p2a: Scream Tail|protosynthesisspe\n|-terastallize|p2b: Ting-Lu|Water\n|move|p1a: Iron Bundle|Hydro Pump|p2a: Scream Tail|[miss]\n|-miss|p1a: Iron Bundle|p2a: Scream Tail\n|move|p1b: Chi-Yu|Heat Wave|p2b: Ting-Lu|[spread] p2a,p2b\n|-resisted|p2b: Ting-Lu\n|-damage|p2a: Scream Tail|73\/100\n|-damage|p2b: Ting-Lu|93\/100\n|move|p2b: Ting-Lu|Sand Tomb|p1b: Chi-Yu\n|-supereffective|p1b: Chi-Yu\n|-damage|p1b: Chi-Yu|45\/100\n|-activate|p1b: Chi-Yu|move: Sand Tomb|[of] p2b: Ting-Lu\n|\n|-damage|p1b: Chi-Yu|33\/100|[from] move: Sand Tomb|[partiallytrapped]\n|upkeep\n|turn|2\n|j| ck49\n|j| TheWigletts\n|j|+Stone Cold\n|j| She Don My Dozo\n|\n|t:|1684120063\n|move|p1a: Iron Bundle|Freeze-Dry|p2b: Ting-Lu\n|-supereffective|p2b: Ting-Lu\n|-damage|p2b: Ting-Lu|61\/100\n|move|p2a: Scream Tail|Dazzling Gleam|p1b: Chi-Yu|[spread] p1a,p1b\n|-damage|p1a: Iron Bundle|68\/100\n|-damage|p1b: Chi-Yu|20\/100\n|move|p1b: Chi-Yu|Overheat|p2a: Scream Tail\n|-damage|p2a: Scream Tail|21\/100\n|-unboost|p1b: Chi-Yu|spa|2\n|move|p2b: Ting-Lu|Ruination|p1a: Iron Bundle\n|-damage|p1a: Iron Bundle|35\/100\n|\n|-damage|p1b: Chi-Yu|8\/100|[from] move: Sand Tomb|[partiallytrapped]\n|upkeep\n|turn|3\n|\n|t:|1684120105\n|move|p2a: Scream Tail|Protect|p2a: Scream Tail\n|-singleturn|p2a: Scream Tail|Protect\n|move|p1a: Iron Bundle|Freeze-Dry|p2b: Ting-Lu\n|-supereffective|p2b: Ting-Lu\n|-damage|p2b: Ting-Lu|29\/100\n|move|p1b: Chi-Yu|Overheat|p2a: Scream Tail\n|-activate|p2a: Scream Tail|move: Protect\n|move|p2b: Ting-Lu|Earthquake|p1b: Chi-Yu|[spread] p1a,p1b\n|-activate|p2a: Scream Tail|move: Protect\n|-supereffective|p1b: Chi-Yu\n|-damage|p1a: Iron Bundle|0 fnt\n|-damage|p1b: Chi-Yu|0 fnt\n|faint|p1a: Iron Bundle\n|-end|p1a: Iron Bundle|Quark Drive|[silent]\n|faint|p1b: Chi-Yu\n|\n|upkeep\n|\n|t:|1684120116\n|switch|p1a: Dragonite|Dragonite, L50, F, shiny|100\/100\n|switch|p1b: Great Tusk|Great Tusk, L50|100\/100\n|turn|4\n|\n|t:|1684120167\n|move|p1a: Dragonite|Extreme Speed|p2a: Scream Tail\n|-damage|p2a: Scream Tail|0 fnt\n|faint|p2a: Scream Tail\n|-end|p2a: Scream Tail|Protosynthesis|[silent]\n|move|p1b: Great Tusk|Close Combat|p2b: Ting-Lu\n|-damage|p2b: Ting-Lu|0 fnt\n|-unboost|p1b: Great Tusk|def|1\n|-unboost|p1b: Great Tusk|spd|1\n|faint|p2b: Ting-Lu\n|\n|upkeep\n|\n|t:|1684120178\n|switch|p2a: Chi-Yu|Chi-Yu, L50|100\/100\n|switch|p2b: Corviknight|Corviknight, L50, M|100\/100\n|-ability|p2a: Chi-Yu|Beads of Ruin\n|turn|5\n|\n|t:|1684120211\n|move|p2a: Chi-Yu|Protect|p2a: Chi-Yu\n|-singleturn|p2a: Chi-Yu|Protect\n|move|p1b: Great Tusk|Close Combat|p2b: Corviknight\n|-damage|p2b: Corviknight|41\/100\n|-unboost|p1b: Great Tusk|def|1\n|-unboost|p1b: Great Tusk|spd|1\n|move|p1a: Dragonite|Low Kick|p2b: Corviknight\n|-damage|p2b: Corviknight|16\/100\n|move|p2b: Corviknight|Brave Bird|p1b: Great Tusk\n|-supereffective|p1b: Great Tusk\n|-damage|p1b: Great Tusk|0 fnt\n|faint|p1b: Great Tusk\n|-end|p1b: Great Tusk|Protosynthesis|[silent]\n|-damage|p2b: Corviknight|0 fnt|[from] Recoil\n|faint|p2b: Corviknight\n|\n|upkeep\n|turn|6\n|\n|t:|1684120230\n|-terastallize|p1a: Dragonite|Flying\n|move|p2a: Chi-Yu|Dark Pulse|p1a: Dragonite\n|-damage|p1a: Dragonite|67\/100\n|move|p1a: Dragonite|Tera Blast|p2a: Chi-Yu\n|-damage|p2a: Chi-Yu|29\/100\n|\n|upkeep\n|turn|7\n|\n|t:|1684120240\n|move|p1a: Dragonite|Extreme Speed|p2a: Chi-Yu\n|-damage|p2a: Chi-Yu|0 fnt\n|faint|p2a: Chi-Yu\n|\n|win|zee\n|c|\u2606Clipperz|Gg\n|l|+Stone Cold\n|l| tiaole123\n|c|\u2606zee|gg\n","uploadtime":1684120258,"views":31,"p1id":"zee","p2id":"clipperz","formatid":"gen9vgc2023regulationc","rating":0,"private":0,"password":""}