{"id":"gen9vgc2023regulationc-1845261902","p1":"catsue","p2":"dotcubus","format":"[Gen 9] VGC 2023 Regulation C","log":"|j|\u2606catsue\n|j|\u2606dotcubus\n|t:|1681703850\n|gametype|doubles\n|player|p1|catsue|dahlia|1163\n|player|p2|dotcubus|marley|1183\n|teamsize|p1|6\n|teamsize|p2|6\n|gen|9\n|tier|[Gen 9] VGC 2023 Regulation C\n|rated|\n|rule|Species Clause: Limit one of each Pok\u00e9mon\n|rule|Item Clause: Limit one of each item\n|clearpoke\n|poke|p1|Grimmsnarl, L50, M|\n|poke|p1|Wo-Chien, L50|\n|poke|p1|Iron Jugulis, L50|\n|poke|p1|Corviknight, L50, F|\n|poke|p1|Arcanine, L50, M|\n|poke|p1|Toxtricity, L50, F|\n|poke|p2|Ting-Lu, L50|\n|poke|p2|Dondozo, L50, F|\n|poke|p2|Dragonite, L50, M|\n|poke|p2|Iron Bundle, L50|\n|poke|p2|Gholdengo, L50|\n|poke|p2|Flutter Mane, L50|\n|teampreview|4\n|inactive|Battle timer is ON: inactive players will automatically lose when time's up. (requested by catsue)\n|\n|t:|1681703887\n|start\n|switch|p1a: Iron Jugulis|Iron Jugulis, L50|100\/100\n|switch|p1b: Arcanine|Arcanine, L50, M|100\/100\n|switch|p2a: Ting-Lu|Ting-Lu, L50|100\/100\n|switch|p2b: Dondozo|Dondozo, L50, F|100\/100\n|-ability|p1b: Arcanine|Intimidate|boost\n|-unboost|p2a: Ting-Lu|atk|1\n|-unboost|p2b: Dondozo|atk|1\n|-ability|p2a: Ting-Lu|Vessel of Ruin\n|-enditem|p1a: Iron Jugulis|Booster Energy\n|-activate|p1a: Iron Jugulis|ability: Quark Drive|[fromitem]\n|-start|p1a: Iron Jugulis|quarkdrivespa\n|turn|1\n|\n|t:|1681703907\n|-terastallize|p1a: Iron Jugulis|Fairy\n|move|p1a: Iron Jugulis|Tera Blast|p2a: Ting-Lu\n|-supereffective|p2a: Ting-Lu\n|-damage|p2a: Ting-Lu|41\/100\n|move|p1b: Arcanine|Will-O-Wisp|p2b: Dondozo\n|-immune|p2b: Dondozo|[from] ability: Water Veil\n|move|p2a: Ting-Lu|Stealth Rock|p1b: Arcanine\n|-sidestart|p1: catsue|move: Stealth Rock\n|move|p2b: Dondozo|Yawn|p1a: Iron Jugulis\n|-start|p1a: Iron Jugulis|move: Yawn|[of] p2b: Dondozo\n|\n|upkeep\n|turn|2\n|\n|t:|1681703927\n|-end|p1a: Iron Jugulis|Quark Drive|[silent]\n|switch|p1a: Corviknight|Corviknight, L50, F|100\/100\n|-damage|p1a: Corviknight|88\/100|[from] Stealth Rock\n|-terastallize|p2a: Ting-Lu|Fairy\n|move|p1b: Arcanine|Overheat|p2a: Ting-Lu\n|-damage|p2a: Ting-Lu|4\/100\n|-unboost|p1b: Arcanine|spa|2\n|-enditem|p1b: Arcanine|Eject Pack\n|\n|t:|1681703937\n|switch|p1b: Wo-Chien|Wo-Chien, L50|100\/100\n|-damage|p1b: Wo-Chien|88\/100|[from] Stealth Rock\n|-ability|p1b: Wo-Chien|Tablets of Ruin\n|move|p2a: Ting-Lu|Stomping Tantrum|p1b: Wo-Chien\n|-resisted|p1b: Wo-Chien\n|-damage|p1b: Wo-Chien|82\/100\n|move|p2b: Dondozo|Heavy Slam|p1a: Corviknight\n|-resisted|p1a: Corviknight\n|-damage|p1a: Corviknight|85\/100\n|\n|-heal|p1b: Wo-Chien|88\/100|[from] item: Leftovers\n|upkeep\n|turn|3\n|inactive|dotcubus has 30 seconds left.\n|\n|t:|1681703966\n|switch|p2b: Dragonite|Dragonite, L50, M|100\/100\n|move|p2a: Ting-Lu|Protect|p2a: Ting-Lu\n|-singleturn|p2a: Ting-Lu|Protect\n|move|p1b: Wo-Chien|Leech Seed|p2a: Ting-Lu\n|-activate|p2a: Ting-Lu|move: Protect\n|move|p1a: Corviknight|Iron Defense|p1a: Corviknight\n|-boost|p1a: Corviknight|def|2\n|\n|-heal|p1b: Wo-Chien|94\/100|[from] item: Leftovers\n|upkeep\n|turn|4\n|\n|t:|1681703983\n|switch|p2a: Flutter Mane|Flutter Mane, L50|100\/100\n|-enditem|p2a: Flutter Mane|Booster Energy\n|-activate|p2a: Flutter Mane|ability: Protosynthesis|[fromitem]\n|-start|p2a: Flutter Mane|protosynthesisspe\n|move|p2b: Dragonite|Low Kick|p1a: Corviknight\n|-damage|p1a: Corviknight|75\/100\n|move|p1b: Wo-Chien|Leech Seed|p2a: Flutter Mane|[miss]\n|-miss|p1b: Wo-Chien|p2a: Flutter Mane\n|move|p1a: Corviknight|Iron Defense|p1a: Corviknight\n|-boost|p1a: Corviknight|def|2\n|\n|-heal|p1b: Wo-Chien|100\/100|[from] item: Leftovers\n|upkeep\n|turn|5\n|inactive|catsue has 30 seconds left.\n|inactive|dotcubus has 30 seconds left.\n|\n|t:|1681704014\n|switch|p1b: Arcanine|Arcanine, L50, M|100\/100\n|-damage|p1b: Arcanine|76\/100|[from] Stealth Rock\n|-ability|p1b: Arcanine|Intimidate|boost\n|-unboost|p2a: Flutter Mane|atk|1\n|-unboost|p2b: Dragonite|atk|1\n|move|p2a: Flutter Mane|Moonblast|p1a: Corviknight\n|-resisted|p1a: Corviknight\n|-crit|p1a: Corviknight\n|-damage|p1a: Corviknight|44\/100\n|move|p2b: Dragonite|Low Kick|p1b: Arcanine\n|-damage|p1b: Arcanine|36\/100\n|move|p1a: Corviknight|Iron Defense|p1a: Corviknight\n|-boost|p1a: Corviknight|def|2\n|\n|upkeep\n|turn|6\n|\n|t:|1681704036\n|move|p2a: Flutter Mane|Icy Wind|p1a: Corviknight|[spread] p1a,p1b\n|-resisted|p1b: Arcanine\n|-damage|p1a: Corviknight|31\/100\n|-damage|p1b: Arcanine|29\/100\n|-ability|p1a: Corviknight|Mirror Armor\n|-unboost|p2a: Flutter Mane|spe|1\n|-unboost|p1b: Arcanine|spe|1\n|move|p2b: Dragonite|Low Kick|p1b: Arcanine\n|-damage|p1b: Arcanine|0 fnt\n|faint|p1b: Arcanine\n|move|p1a: Corviknight|Roost|p1a: Corviknight\n|-heal|p1a: Corviknight|81\/100\n|-singleturn|p1a: Corviknight|move: Roost\n|\n|upkeep\n|\n|t:|1681704050\n|switch|p1b: Iron Jugulis|Iron Jugulis, L50, tera:Fairy|100\/100\n|-damage|p1b: Iron Jugulis|88\/100|[from] Stealth Rock\n|turn|7\n|\n|t:|1681704063\n|switch|p2b: Dondozo|Dondozo, L50, F|100\/100\n|move|p2a: Flutter Mane|Moonblast|p1b: Iron Jugulis\n|-damage|p1b: Iron Jugulis|43\/100\n|move|p1b: Iron Jugulis|Snarl|p2a: Flutter Mane|[spread] p2a,p2b\n|-damage|p2a: Flutter Mane|82\/100\n|-damage|p2b: Dondozo|84\/100\n|-unboost|p2a: Flutter Mane|spa|1\n|-unboost|p2b: Dondozo|spa|1\n|move|p1a: Corviknight|Body Press|p2b: Dondozo\n|-damage|p2b: Dondozo|9\/100\n|\n|-heal|p2b: Dondozo|15\/100|[from] item: Leftovers\n|upkeep\n|turn|8\n|\n|t:|1681704087\n|move|p2a: Flutter Mane|Moonblast|p1b: Iron Jugulis\n|-damage|p1b: Iron Jugulis|12\/100\n|move|p1b: Iron Jugulis|Tera Blast|p2a: Flutter Mane\n|-damage|p2a: Flutter Mane|42\/100\n|move|p1a: Corviknight|Body Press|p2b: Dondozo\n|-damage|p2b: Dondozo|0 fnt\n|faint|p2b: Dondozo\n|\n|upkeep\n|\n|t:|1681704096\n|switch|p2b: Ting-Lu|Ting-Lu, L50, tera:Fairy|4\/100\n|-ability|p2b: Ting-Lu|Vessel of Ruin\n|turn|9\n|\n|t:|1681704116\n|move|p1b: Iron Jugulis|Protect|p1b: Iron Jugulis\n|-singleturn|p1b: Iron Jugulis|Protect\n|move|p2b: Ting-Lu|Protect|p2b: Ting-Lu\n|-singleturn|p2b: Ting-Lu|Protect\n|move|p2a: Flutter Mane|Moonblast|p1b: Iron Jugulis\n|-activate|p1b: Iron Jugulis|move: Protect\n|move|p1a: Corviknight|Body Press|p2b: Ting-Lu\n|-activate|p2b: Ting-Lu|move: Protect\n|\n|upkeep\n|turn|10\n|inactive|dotcubus has 30 seconds left.\n|\n|t:|1681704145\n|move|p2a: Flutter Mane|Icy Wind|p1b: Iron Jugulis|[spread] p1b\n|-miss|p2a: Flutter Mane|p1a: Corviknight\n|-damage|p1b: Iron Jugulis|6\/100\n|-unboost|p1b: Iron Jugulis|spe|1\n|move|p1a: Corviknight|Body Press|p2b: Ting-Lu\n|-resisted|p2b: Ting-Lu\n|-damage|p2b: Ting-Lu|0 fnt\n|faint|p2b: Ting-Lu\n|move|p1b: Iron Jugulis|Snarl|p2a: Flutter Mane\n|-damage|p2a: Flutter Mane|14\/100\n|-unboost|p2a: Flutter Mane|spa|1\n|\n|upkeep\n|\n|t:|1681704157\n|switch|p2b: Dragonite|Dragonite, L50, M|100\/100\n|turn|11\n|\n|t:|1681704173\n|move|p2a: Flutter Mane|Protect|p2a: Flutter Mane\n|-singleturn|p2a: Flutter Mane|Protect\n|move|p2b: Dragonite|Outrage|p1a: Corviknight\n|-resisted|p1a: Corviknight\n|-damage|p1a: Corviknight|74\/100\n|move|p1a: Corviknight|Body Press|p2b: Dragonite\n|-resisted|p2b: Dragonite\n|-damage|p2b: Dragonite|72\/100\n|move|p1b: Iron Jugulis|Snarl|p2a: Flutter Mane|[spread] p2b\n|-activate|p2a: Flutter Mane|move: Protect\n|-damage|p2b: Dragonite|47\/100\n|-unboost|p2b: Dragonite|spa|1\n|\n|upkeep\n|turn|12\n|\n|t:|1681704190\n|move|p2a: Flutter Mane|Shadow Ball|p1a: Corviknight\n|-damage|p1a: Corviknight|56\/100\n|move|p2b: Dragonite|Outrage|p1a: Corviknight|[from]lockedmove\n|-resisted|p1a: Corviknight\n|-damage|p1a: Corviknight|49\/100\n|move|p1a: Corviknight|Body Press|p2b: Dragonite\n|-resisted|p2b: Dragonite\n|-damage|p2b: Dragonite|0 fnt\n|faint|p2b: Dragonite\n|move|p1b: Iron Jugulis|Snarl|p2a: Flutter Mane\n|-damage|p2a: Flutter Mane|0 fnt\n|faint|p2a: Flutter Mane\n|-end|p2a: Flutter Mane|Protosynthesis|[silent]\n|\n|win|catsue\n|raw|catsue's rating: 1163 → 1189<\/strong> (+26 for winning)\n|raw|dotcubus's rating: 1183 → 1157<\/strong> (-26 for losing)\n","uploadtime":1681704351,"views":7,"p1id":"catsue","p2id":"dotcubus","formatid":"gen9vgc2023regulationc","rating":1157,"private":0,"password":""}