{"id":"gen9vgc2023regulationc-1849711712","p1":"GreninjaRB","p2":"TDReese_81","format":"[Gen 9] VGC 2023 Regulation C","log":"|j|\u2606GreninjaRB\n|j|\u2606TDReese_81\n|t:|1682237375\n|gametype|doubles\n|player|p1|GreninjaRB|red|1173\n|player|p2|TDReese_81|cyrus|1115\n|teamsize|p1|6\n|teamsize|p2|6\n|gen|9\n|tier|[Gen 9] VGC 2023 Regulation C\n|rated|\n|rule|Species Clause: Limit one of each Pok\u00e9mon\n|rule|Item Clause: Limit one of each item\n|clearpoke\n|poke|p1|Flutter Mane, L50|\n|poke|p1|Wo-Chien, L50|\n|poke|p1|Ting-Lu, L50|\n|poke|p1|Glimmora, L50, M|\n|poke|p1|Gyarados, L50, M|\n|poke|p1|Grimmsnarl, L50, M|\n|poke|p2|Scizor, L50, M|\n|poke|p2|Flutter Mane, L50|\n|poke|p2|Iron Jugulis, L50|\n|poke|p2|Garchomp, L50, M|\n|poke|p2|Amoonguss, L50, M|\n|poke|p2|Gyarados, L50, F|\n|teampreview|4\n|inactive|Battle timer is ON: inactive players will automatically lose when time's up. (requested by GreninjaRB)\n|inactive|GreninjaRB has 60 seconds left.\n|inactive|TDReese_81 has 60 seconds left.\n|inactive|TDReese_81 has 30 seconds left.\n|inactive|TDReese_81 has 20 seconds left.\n|\n|t:|1682237449\n|start\n|switch|p1a: Gyarados|Gyarados, L50, M, shiny|100\/100\n|switch|p1b: Live Reaction|Wo-Chien, L50|100\/100\n|switch|p2a: Flutter Mane|Flutter Mane, L50|100\/100\n|switch|p2b: Garchomp|Garchomp, L50, M|100\/100\n|-ability|p1a: Gyarados|Intimidate|boost\n|-unboost|p2a: Flutter Mane|atk|1\n|-fail|p2b: Garchomp|unboost|[from] item: Clear Amulet|[of] p2b: Garchomp\n|-ability|p1b: Live Reaction|Tablets of Ruin\n|turn|1\n|inactive|GreninjaRB has 30 seconds left.\n|inactive|TDReese_81 has 30 seconds left.\n|inactive|TDReese_81 has 20 seconds left.\n|inactive|GreninjaRB has 20 seconds left.\n|inactive|TDReese_81 has 15 seconds left.\n|\n|t:|1682237494\n|-terastallize|p2a: Flutter Mane|Fairy\n|move|p2a: Flutter Mane|Dazzling Gleam|p1b: Live Reaction|[spread] p1a,p1b\n|-supereffective|p1b: Live Reaction\n|-damage|p1a: Gyarados|48\/100\n|-damage|p1b: Live Reaction|42\/100\n|move|p2b: Garchomp|Rock Slide|p1a: Gyarados|[spread] p1a\n|-miss|p2b: Garchomp|p1b: Live Reaction\n|-supereffective|p1a: Gyarados\n|-damage|p1a: Gyarados|17\/100\n|cant|p1a: Gyarados|flinch\n|move|p1b: Live Reaction|Knock Off|p2a: Flutter Mane\n|-resisted|p2a: Flutter Mane\n|-damage|p2a: Flutter Mane|78\/100\n|-enditem|p2a: Flutter Mane|Choice Specs|[from] move: Knock Off|[of] p1b: Live Reaction\n|\n|-heal|p1b: Live Reaction|48\/100|[from] item: Leftovers\n|upkeep\n|turn|2\n|c|\u2606TDReese_81|like the wo chien name lol\n|inactive|GreninjaRB has 30 seconds left.\n|inactive|TDReese_81 has 30 seconds left.\n|c|\u2606GreninjaRB|lol\n|inactive|GreninjaRB has 20 seconds left.\n|inactive|TDReese_81 has 20 seconds left.\n|inactive|TDReese_81 has 15 seconds left.\n|inactive|GreninjaRB has 15 seconds left.\n|inactive|TDReese_81 has 10 seconds left.\n|inactive|TDReese_81 has 5 seconds left.\n|inactive|GreninjaRB has 10 seconds left.\n|inactive|GreninjaRB has 5 seconds left.\n|\n|t:|1682237556\n|-end|p2a: Flutter Mane|Protosynthesis|[silent]\n|switch|p2a: Gyarados|Gyarados, L50, F|100\/100\n|-ability|p2a: Gyarados|Intimidate|boost\n|-unboost|p1a: Gyarados|atk|1\n|-unboost|p1b: Live Reaction|atk|1\n|move|p1a: Gyarados|Protect|p1a: Gyarados\n|-singleturn|p1a: Gyarados|Protect\n|move|p2b: Garchomp|Rock Slide|p1b: Live Reaction|[spread] p1b\n|-activate|p1a: Gyarados|move: Protect\n|-damage|p1b: Live Reaction|34\/100\n|cant|p1b: Live Reaction|flinch\n|\n|-heal|p1b: Live Reaction|41\/100|[from] item: Leftovers\n|upkeep\n|turn|3\n|c|\u2606GreninjaRB|:\/\n|inactive|GreninjaRB has 30 seconds left.\n|inactive|TDReese_81 has 30 seconds left.\n|inactive|GreninjaRB has 20 seconds left.\n|\n|t:|1682237595\n|move|p2a: Gyarados|Helping Hand|p2b: Garchomp\n|-singleturn|p2b: Garchomp|Helping Hand|[of] p2a: Gyarados\n|move|p1a: Gyarados|Protect||[still]\n|-fail|p1a: Gyarados\n|move|p1b: Live Reaction|Protect|p1b: Live Reaction\n|-singleturn|p1b: Live Reaction|Protect\n|move|p2b: Garchomp|Rock Slide|p1a: Gyarados|[spread] p1a\n|-activate|p1b: Live Reaction|move: Protect\n|-supereffective|p1a: Gyarados\n|-damage|p1a: Gyarados|0 fnt\n|faint|p1a: Gyarados\n|\n|-heal|p1b: Live Reaction|47\/100|[from] item: Leftovers\n|upkeep\n|c|\u2606TDReese_81|rnggggggg\n|inactive|GreninjaRB has 30 seconds left.\n|\n|t:|1682237621\n|switch|p1a: Ribbons|Flutter Mane, L50|100\/100\n|-enditem|p1a: Ribbons|Booster Energy\n|-activate|p1a: Ribbons|ability: Protosynthesis|[fromitem]\n|-start|p1a: Ribbons|protosynthesisspe\n|turn|4\n|\n|t:|1682237634\n|move|p2b: Garchomp|Protect|p2b: Garchomp\n|-singleturn|p2b: Garchomp|Protect\n|move|p1a: Ribbons|Moonblast|p2b: Garchomp\n|-activate|p2b: Garchomp|move: Protect\n|move|p2a: Gyarados|Thunder Wave|p1a: Ribbons\n|-status|p1a: Ribbons|par\n|move|p1b: Live Reaction|Leech Seed|p2a: Gyarados\n|-start|p2a: Gyarados|move: Leech Seed\n|\n|-heal|p1b: Live Reaction|53\/100|[from] item: Leftovers\n|-damage|p2a: Gyarados|88\/100|[from] Leech Seed|[of] p1b: Live Reaction\n|-heal|p1b: Live Reaction|66\/100|[silent]\n|upkeep\n|turn|5\n|inactive|TDReese_81 has 30 seconds left.\n|\n|t:|1682237664\n|move|p2a: Gyarados|Helping Hand|p2b: Garchomp\n|-singleturn|p2b: Garchomp|Helping Hand|[of] p2a: Gyarados\n|cant|p1a: Ribbons|par\n|move|p2b: Garchomp|Earthquake|p1a: Ribbons|[spread] p1a,p1b\n|-immune|p2a: Gyarados\n|-resisted|p1b: Live Reaction\n|-damage|p1a: Ribbons|3\/100 par\n|-damage|p1b: Live Reaction|47\/100\n|move|p1b: Live Reaction|Knock Off|p2b: Garchomp\n|-damage|p2b: Garchomp|82\/100\n|-damage|p1b: Live Reaction|35\/100|[from] ability: Rough Skin|[of] p2b: Garchomp\n|-enditem|p2b: Garchomp|Clear Amulet|[from] move: Knock Off|[of] p1b: Live Reaction\n|\n|-heal|p1b: Live Reaction|41\/100|[from] item: Leftovers\n|-damage|p2a: Gyarados|76\/100|[from] Leech Seed|[of] p1b: Live Reaction\n|-heal|p1b: Live Reaction|54\/100|[silent]\n|upkeep\n|turn|6\n|inactive|GreninjaRB has 30 seconds left.\n|inactive|TDReese_81 has 30 seconds left.\n|inactive|GreninjaRB has 20 seconds left.\n|inactive|GreninjaRB has 15 seconds left.\n|inactive|GreninjaRB has 10 seconds left.\n|\n|t:|1682237713\n|move|p2b: Garchomp|Protect|p2b: Garchomp\n|-singleturn|p2b: Garchomp|Protect\n|move|p1a: Ribbons|Moonblast|p2b: Garchomp\n|-activate|p2b: Garchomp|move: Protect\n|move|p2a: Gyarados|Waterfall|p1a: Ribbons\n|-damage|p1a: Ribbons|0 fnt\n|faint|p1a: Ribbons\n|-end|p1a: Ribbons|Protosynthesis|[silent]\n|move|p1b: Live Reaction|Pollen Puff|p1: Ribbons|[notarget]\n|-fail|p1b: Live Reaction\n|\n|-heal|p1b: Live Reaction|60\/100|[from] item: Leftovers\n|-damage|p2a: Gyarados|63\/100|[from] Leech Seed|[of] p1b: Live Reaction\n|-heal|p1b: Live Reaction|73\/100|[silent]\n|upkeep\n|\n|t:|1682237719\n|switch|p1a: I need the loo|Ting-Lu, L50|100\/100\n|-ability|p1a: I need the loo|Vessel of Ruin\n|turn|7\n|\n|t:|1682237743\n|move|p2b: Garchomp|Earthquake|p1b: Live Reaction|[spread] p1a,p1b\n|-immune|p2a: Gyarados\n|-resisted|p1b: Live Reaction\n|-damage|p1a: I need the loo|82\/100\n|-damage|p1b: Live Reaction|60\/100\n|move|p2a: Gyarados|Waterfall|p1a: I need the loo\n|-supereffective|p1a: I need the loo\n|-damage|p1a: I need the loo|51\/100\n|move|p1b: Live Reaction|Knock Off|p2a: Gyarados\n|-damage|p2a: Gyarados|46\/100\n|-enditem|p2a: Gyarados|Sitrus Berry|[from] move: Knock Off|[of] p1b: Live Reaction\n|move|p1a: I need the loo|Fissure|p2b: Garchomp|[miss]\n|-miss|p1a: I need the loo|p2b: Garchomp\n|\n|-heal|p1b: Live Reaction|66\/100|[from] item: Leftovers\n|-damage|p2a: Gyarados|33\/100|[from] Leech Seed|[of] p1b: Live Reaction\n|-heal|p1b: Live Reaction|79\/100|[silent]\n|upkeep\n|turn|8\n|inactive|TDReese_81 has 30 seconds left.\n|inactive|TDReese_81 has 20 seconds left.\n|\n|t:|1682237779\n|move|p2a: Gyarados|Helping Hand|p2b: Garchomp\n|-singleturn|p2b: Garchomp|Helping Hand|[of] p2a: Gyarados\n|move|p2b: Garchomp|Earthquake|p1a: I need the loo|[spread] p1a,p1b\n|-immune|p2a: Gyarados\n|-resisted|p1b: Live Reaction\n|-damage|p1a: I need the loo|25\/100\n|-damage|p1b: Live Reaction|57\/100\n|move|p1b: Live Reaction|Pollen Puff|p1a: I need the loo\n|-heal|p1a: I need the loo|75\/100\n|move|p1a: I need the loo|Fissure|p2b: Garchomp|[miss]\n|-miss|p1a: I need the loo|p2b: Garchomp\n|\n|-heal|p1b: Live Reaction|64\/100|[from] item: Leftovers\n|-damage|p2a: Gyarados|21\/100|[from] Leech Seed|[of] p1b: Live Reaction\n|-heal|p1b: Live Reaction|77\/100|[silent]\n|upkeep\n|turn|9\n|\n|t:|1682237798\n|move|p2b: Garchomp|Earthquake|p1a: I need the loo|[spread] p1a,p1b\n|-immune|p2a: Gyarados\n|-resisted|p1b: Live Reaction\n|-damage|p1a: I need the loo|56\/100\n|-damage|p1b: Live Reaction|64\/100\n|move|p2a: Gyarados|Waterfall|p1a: I need the loo\n|-supereffective|p1a: I need the loo\n|-damage|p1a: I need the loo|23\/100\n|move|p1b: Live Reaction|Pollen Puff|p1a: I need the loo\n|-heal|p1a: I need the loo|73\/100\n|move|p1a: I need the loo|Fissure|p2b: Garchomp|[miss]\n|-miss|p1a: I need the loo|p2b: Garchomp\n|\n|-heal|p1b: Live Reaction|70\/100|[from] item: Leftovers\n|-damage|p2a: Gyarados|8\/100|[from] Leech Seed|[of] p1b: Live Reaction\n|-heal|p1b: Live Reaction|83\/100|[silent]\n|upkeep\n|turn|10\n|\n|t:|1682237819\n|move|p2b: Garchomp|Earthquake|p1a: I need the loo|[spread] p1a,p1b\n|-immune|p2a: Gyarados\n|-resisted|p1b: Live Reaction\n|-crit|p1b: Live Reaction\n|-damage|p1a: I need the loo|56\/100\n|-damage|p1b: Live Reaction|61\/100\n|move|p2a: Gyarados|Waterfall|p1a: I need the loo\n|-supereffective|p1a: I need the loo\n|-damage|p1a: I need the loo|26\/100\n|move|p1b: Live Reaction|Pollen Puff|p1a: I need the loo\n|-heal|p1a: I need the loo|76\/100\n|move|p1a: I need the loo|Fissure|p2b: Garchomp\n|-damage|p2b: Garchomp|0 fnt\n|faint|p2b: Garchomp\n|-ohko\n|\n|-heal|p1b: Live Reaction|68\/100|[from] item: Leftovers\n|-damage|p2a: Gyarados|0 fnt|[from] Leech Seed|[of] p1b: Live Reaction\n|-heal|p1b: Live Reaction|76\/100|[silent]\n|faint|p2a: Gyarados\n|upkeep\n|c|\u2606GreninjaRB|yessir\n|\n|t:|1682237841\n|switch|p2b: Scizor|Scizor, L50, M|100\/100\n|switch|p2a: Flutter Mane|Flutter Mane, L50, tera:Fairy|78\/100\n|turn|11\n|inactive|TDReese_81 has 30 seconds left.\n|\n|t:|1682237870\n|-terastallize|p1a: I need the loo|Poison\n|move|p2a: Flutter Mane|Moonblast|p1a: I need the loo\n|-resisted|p1a: I need the loo\n|-damage|p1a: I need the loo|64\/100\n|-unboost|p1a: I need the loo|spa|1\n|move|p1b: Live Reaction|Knock Off|p2b: Scizor\n|-damage|p2b: Scizor|80\/100\n|-enditem|p2b: Scizor|Choice Band|[from] move: Knock Off|[of] p1b: Live Reaction\n|move|p2b: Scizor|Close Combat|p1a: I need the loo\n|-resisted|p1a: I need the loo\n|-damage|p1a: I need the loo|54\/100\n|-unboost|p2b: Scizor|def|1\n|-unboost|p2b: Scizor|spd|1\n|move|p1a: I need the loo|Heavy Slam|p2a: Flutter Mane\n|-supereffective|p2a: Flutter Mane\n|-damage|p2a: Flutter Mane|0 fnt\n|faint|p2a: Flutter Mane\n|-end|p2a: Flutter Mane|Protosynthesis|[silent]\n|\n|-heal|p1b: Live Reaction|82\/100|[from] item: Leftovers\n|upkeep\n|turn|12\n|\n|t:|1682237894\n|move|p2b: Scizor|Bullet Punch|p1a: I need the loo\n|-damage|p1a: I need the loo|39\/100\n|move|p1b: Live Reaction|Pollen Puff|p1a: I need the loo\n|-heal|p1a: I need the loo|89\/100\n|move|p1a: I need the loo|Fissure|p2b: Scizor|[miss]\n|-miss|p1a: I need the loo|p2b: Scizor\n|\n|-heal|p1b: Live Reaction|89\/100|[from] item: Leftovers\n|upkeep\n|turn|13\n|c|\u2606TDReese_81|gg\n|-message|TDReese_81 forfeited.\n|\n|win|GreninjaRB\n|raw|GreninjaRB's rating: 1173 → 1194<\/strong> (+21 for winning)\n|raw|TDReese_81's rating: 1115 → 1094<\/strong> (-21 for losing)\n|l|\u2606TDReese_81\n|c|\u2606GreninjaRB|gg\n","uploadtime":1682237929,"views":19,"p1id":"greninjarb","p2id":"tdreese81","formatid":"gen9vgc2023regulationc","rating":1094,"private":0,"password":""}