{"id":"gen9vgc2023regulationc-1844912765","p1":"BLOATED_BAGEL","p2":"Lykae","format":"[Gen 9] VGC 2023 Regulation C","log":"|j|\u2606BLOATED_BAGEL\n|j|\u2606Lykae\n|t:|1681663413\n|gametype|doubles\n|player|p1|BLOATED_BAGEL|169|1087\n|player|p2|Lykae|plasmagruntf|1099\n|teamsize|p1|6\n|teamsize|p2|6\n|gen|9\n|tier|[Gen 9] VGC 2023 Regulation C\n|rated|\n|rule|Species Clause: Limit one of each Pok\u00e9mon\n|rule|Item Clause: Limit one of each item\n|clearpoke\n|poke|p1|Lilligant, L50, F|\n|poke|p1|Torkoal, L50, F|\n|poke|p1|Flutter Mane, L50|\n|poke|p1|Kingambit, L50, F|\n|poke|p1|Dragonite, L50, F|\n|poke|p1|Great Tusk, L50|\n|poke|p2|Torkoal, L50, M|\n|poke|p2|Jumpluff, L50, M|\n|poke|p2|Flutter Mane, L50|\n|poke|p2|Great Tusk, L50|\n|poke|p2|Chien-Pao, L50|\n|poke|p2|Kingambit, L50, F|\n|teampreview|4\n|inactive|Battle timer is ON: inactive players will automatically lose when time's up. (requested by BLOATED_BAGEL)\n|\n|t:|1681663445\n|start\n|switch|p1a: FANCY|Flutter Mane, L50, shiny|100\/100\n|switch|p1b: HOT|Kingambit, L50, F, shiny|100\/100\n|switch|p2a: Torkoal|Torkoal, L50, M|100\/100\n|switch|p2b: Great Tusk|Great Tusk, L50|100\/100\n|-weather|SunnyDay|[from] ability: Drought|[of] p2a: Torkoal\n|-activate|p2b: Great Tusk|ability: Protosynthesis\n|-start|p2b: Great Tusk|protosynthesisatk\n|-activate|p1a: FANCY|ability: Protosynthesis\n|-start|p1a: FANCY|protosynthesisspa\n|turn|1\n|inactive|BLOATED_BAGEL has 30 seconds left.\n|inactive|Lykae has 30 seconds left.\n|\n|t:|1681663479\n|switch|p1b: Espresso|Dragonite, L50, F|100\/100\n|switch|p2a: Jumpluff|Jumpluff, L50, M|100\/100\n|move|p2b: Great Tusk|Earthquake|p1a: FANCY|[spread] p1a\n|-immune|p2a: Jumpluff\n|-immune|p1b: Espresso\n|-damage|p1a: FANCY|0 fnt\n|faint|p1a: FANCY\n|-end|p1a: FANCY|Protosynthesis|[silent]\n|\n|-weather|SunnyDay|[upkeep]\n|upkeep\n|\n|t:|1681663488\n|switch|p1a: Trouble|Great Tusk, L50, shiny|100\/100\n|-activate|p1a: Trouble|ability: Protosynthesis\n|-start|p1a: Trouble|protosynthesisatk\n|turn|2\n|inactive|Lykae has 30 seconds left.\n|inactive|BLOATED_BAGEL has 30 seconds left.\n|\n|t:|1681663528\n|-terastallize|p1b: Espresso|Flying\n|move|p2a: Jumpluff|Tailwind|p2a: Jumpluff\n|-sidestart|p2: Lykae|move: Tailwind\n|move|p2b: Great Tusk|Earthquake|p1b: Espresso|[spread] p1a\n|-immune|p2a: Jumpluff\n|-immune|p1b: Espresso\n|-damage|p1a: Trouble|62\/100\n|move|p1a: Trouble|Rock Slide|p2a: Jumpluff|[spread] p2a,p2b\n|-supereffective|p2a: Jumpluff\n|-resisted|p2b: Great Tusk\n|-damage|p2a: Jumpluff|41\/100\n|-damage|p2b: Great Tusk|96\/100\n|move|p1b: Espresso|Tera Blast|p2a: Jumpluff\n|-supereffective|p2a: Jumpluff\n|-damage|p2a: Jumpluff|0 fnt\n|faint|p2a: Jumpluff\n|\n|-weather|SunnyDay|[upkeep]\n|upkeep\n|inactive|Lykae has 30 seconds left.\n|\n|t:|1681663555\n|switch|p2a: Flutter Mane|Flutter Mane, L50|100\/100\n|-activate|p2a: Flutter Mane|ability: Protosynthesis\n|-start|p2a: Flutter Mane|protosynthesisspe\n|turn|3\n|inactive|BLOATED_BAGEL has 30 seconds left.\n|inactive|Lykae has 30 seconds left.\n|\n|t:|1681663584\n|-end|p2b: Great Tusk|Protosynthesis|[silent]\n|switch|p2b: Torkoal|Torkoal, L50, M|100\/100\n|move|p2a: Flutter Mane|Dazzling Gleam|p1b: Espresso|[spread] p1a,p1b\n|-supereffective|p1a: Trouble\n|-damage|p1a: Trouble|0 fnt\n|-damage|p1b: Espresso|80\/100\n|faint|p1a: Trouble\n|-end|p1a: Trouble|Protosynthesis|[silent]\n|move|p1b: Espresso|Tera Blast|p2a: Flutter Mane\n|-damage|p2a: Flutter Mane|0 fnt\n|faint|p2a: Flutter Mane\n|-end|p2a: Flutter Mane|Protosynthesis|[silent]\n|\n|-weather|SunnyDay|[upkeep]\n|upkeep\n|\n|t:|1681663601\n|switch|p2a: Great Tusk|Great Tusk, L50|96\/100\n|switch|p1a: HOT|Kingambit, L50, F, shiny|100\/100\n|-activate|p2a: Great Tusk|ability: Protosynthesis\n|-start|p2a: Great Tusk|protosynthesisatk\n|turn|4\n|inactive|BLOATED_BAGEL has 30 seconds left.\n|inactive|BLOATED_BAGEL has 20 seconds left.\n|inactive|BLOATED_BAGEL has 15 seconds left.\n|\n|t:|1681663644\n|move|p2a: Great Tusk|Close Combat|p1a: HOT\n|-supereffective|p1a: HOT\n|-damage|p1a: HOT|0 fnt\n|-unboost|p2a: Great Tusk|def|1\n|-unboost|p2a: Great Tusk|spd|1\n|faint|p1a: HOT\n|move|p1b: Espresso|Tera Blast|p2a: Great Tusk\n|-supereffective|p2a: Great Tusk\n|-crit|p2a: Great Tusk\n|-damage|p2a: Great Tusk|0 fnt\n|faint|p2a: Great Tusk\n|-end|p2a: Great Tusk|Protosynthesis|[silent]\n|move|p2b: Torkoal|Yawn|p1b: Espresso\n|-start|p1b: Espresso|move: Yawn|[of] p2b: Torkoal\n|\n|-weather|SunnyDay|[upkeep]\n|upkeep\n|turn|5\n|\n|t:|1681663663\n|move|p2b: Torkoal|Protect|p2b: Torkoal\n|-singleturn|p2b: Torkoal|Protect\n|move|p1b: Espresso|Tera Blast|p2b: Torkoal\n|-activate|p2b: Torkoal|move: Protect\n|\n|-weather|none\n|-end|p1b: Espresso|move: Yawn|[silent]\n|-status|p1b: Espresso|slp\n|-enditem|p1b: Espresso|Lum Berry|[eat]\n|-curestatus|p1b: Espresso|slp|[msg]\n|-sideend|p2: Lykae|move: Tailwind\n|upkeep\n|turn|6\n|\n|t:|1681663677\n|move|p1b: Espresso|Tera Blast|p2b: Torkoal\n|-damage|p2b: Torkoal|54\/100\n|move|p2b: Torkoal|Yawn|p1b: Espresso\n|-start|p1b: Espresso|move: Yawn|[of] p2b: Torkoal\n|\n|upkeep\n|turn|7\n|\n|t:|1681663686\n|move|p2b: Torkoal|Protect|p2b: Torkoal\n|-singleturn|p2b: Torkoal|Protect\n|move|p1b: Espresso|Extreme Speed|p2b: Torkoal\n|-activate|p2b: Torkoal|move: Protect\n|\n|-end|p1b: Espresso|move: Yawn|[silent]\n|-status|p1b: Espresso|slp\n|upkeep\n|turn|8\n|\n|t:|1681663697\n|cant|p1b: Espresso|slp\n|move|p2b: Torkoal|Overheat|p1b: Espresso\n|-damage|p1b: Espresso|43\/100 slp\n|-unboost|p2b: Torkoal|spa|2\n|\n|upkeep\n|turn|9\n|\n|t:|1681663703\n|-curestatus|p1b: Espresso|slp|[msg]\n|move|p1b: Espresso|Tera Blast|p2b: Torkoal\n|-damage|p2b: Torkoal|6\/100\n|move|p2b: Torkoal|Overheat|p1b: Espresso\n|-damage|p1b: Espresso|24\/100\n|-unboost|p2b: Torkoal|spa|2\n|\n|upkeep\n|turn|10\n|c|\u2606BLOATED_BAGEL|gg\n|\n|t:|1681663716\n|move|p2b: Torkoal|Protect|p2b: Torkoal\n|-singleturn|p2b: Torkoal|Protect\n|move|p1b: Espresso|Tera Blast|p2b: Torkoal\n|-activate|p2b: Torkoal|move: Protect\n|\n|upkeep\n|turn|11\n|\n|t:|1681663741\n|move|p1b: Espresso|Tera Blast|p2b: Torkoal\n|-damage|p2b: Torkoal|0 fnt\n|faint|p2b: Torkoal\n|\n|win|BLOATED_BAGEL\n|raw|BLOATED_BAGEL's rating: 1087 → 1115<\/strong> (+28 for winning)\n|raw|Lykae's rating: 1099 → 1073<\/strong> (-26 for losing)\n","uploadtime":1681663749,"views":15,"p1id":"bloatedbagel","p2id":"lykae","formatid":"gen9vgc2023regulationc","rating":1073,"private":0,"password":""}