{"id":"gen9vgc2023regulationc-1863336966","p1":"PinkSylvie","p2":"WH ceree","format":"[Gen 9] VGC 2023 Regulation C","log":"|j|\u2606PinkSylvie\n|j|\u2606WH ceree\n|t:|1684004156\n|gametype|doubles\n|player|p1|PinkSylvie|sonia-professor|\n|player|p2|WH ceree|zinnia|\n|teamsize|p1|6\n|teamsize|p2|6\n|gen|9\n|tier|[Gen 9] VGC 2023 Regulation C\n|rule|Species Clause: Limit one of each Pok\u00e9mon\n|rule|Item Clause: Limit one of each item\n|clearpoke\n|poke|p1|Annihilape, L50, F|\n|poke|p1|Iron Bundle, L50|\n|poke|p1|Arcanine, L50, M|\n|poke|p1|Roaring Moon, L50|\n|poke|p1|Gholdengo, L50|\n|poke|p1|Maushold-Four, L50|\n|poke|p2|Flutter Mane, L50|\n|poke|p2|Chi-Yu, L50|\n|poke|p2|Gyarados, L50, F|\n|poke|p2|Ting-Lu, L50|\n|poke|p2|Amoonguss, L50, F|\n|poke|p2|Iron Hands, L50|\n|teampreview|4\n|c|\u2606PinkSylvie|g1\n|j| tyo\nPinkSylvie has agreed to open team sheets.\nWH ceree has agreed to open team sheets.\n|j| WillE_VGC\n|j| MichaelderBeste2\n|j| I'm Beamed Up!\n|j| Justified Joe\n|c|\u2606WH ceree|glhf\n|j| Deemo Hyouryou\n|j| RK_pocoyo\n|c|\u2606PinkSylvie|hf\n|\n|t:|1684004315\n|start\n|switch|p1a: Annihilape|Annihilape, L50, F|100\/100\n|switch|p1b: Maushold|Maushold-Four, L50|100\/100\n|switch|p2a: Chi-Yu|Chi-Yu, L50|100\/100\n|switch|p2b: Amoonguss|Amoonguss, L50, F, shiny|100\/100\n|-ability|p2a: Chi-Yu|Beads of Ruin\n|turn|1\n|j| Sylveon is so cute\n|\n|t:|1684004353\n|-terastallize|p1a: Annihilape|Water\n|move|p2a: Chi-Yu|Overheat|p1b: Maushold\n|-damage|p1b: Maushold|0 fnt\n|-unboost|p2a: Chi-Yu|spa|2\n|faint|p1b: Maushold\n|move|p1a: Annihilape|Drain Punch|p2a: Chi-Yu\n|-supereffective|p2a: Chi-Yu\n|-damage|p2a: Chi-Yu|7\/100\n|move|p2b: Amoonguss|Spore|p1a: Annihilape\n|-status|p1a: Annihilape|slp|[from] move: Spore\n|\n|upkeep\n|\n|t:|1684004376\n|switch|p1b: Iron Bundle|Iron Bundle, L50|100\/100\n|turn|2\n|\n|t:|1684004401\n|switch|p2a: Iron Hands|Iron Hands, L50|100\/100\n|move|p1b: Iron Bundle|Freeze-Dry|p2b: Amoonguss\n|-supereffective|p2b: Amoonguss\n|-damage|p2b: Amoonguss|45\/100\n|cant|p1a: Annihilape|slp\n|move|p2b: Amoonguss|Spore|p1b: Iron Bundle\n|-status|p1b: Iron Bundle|slp|[from] move: Spore\n|\n|upkeep\n|turn|3\n|j| JeanMarc\n|\n|t:|1684004424\n|-end|p1b: Iron Bundle|Quark Drive|[silent]\n|switch|p1b: Arcanine|Arcanine, L50, M|100\/100\n|-ability|p1b: Arcanine|Intimidate|boost\n|-unboost|p2a: Iron Hands|atk|1\n|-unboost|p2b: Amoonguss|atk|1\n|-curestatus|p1a: Annihilape|slp|[msg]\n|move|p1a: Annihilape|Bulk Up|p1a: Annihilape\n|-boost|p1a: Annihilape|atk|1\n|-boost|p1a: Annihilape|def|1\n|move|p2a: Iron Hands|Swords Dance|p2a: Iron Hands\n|-boost|p2a: Iron Hands|atk|2\n|move|p2b: Amoonguss|Pollen Puff|p1b: Arcanine\n|-resisted|p1b: Arcanine\n|-damage|p1b: Arcanine|93\/100\n|\n|upkeep\n|turn|4\n|j| ctslegend\n|j| duckpond\n|\n|t:|1684004464\n|switch|p2b: Chi-Yu|Chi-Yu, L50|7\/100\n|-ability|p2b: Chi-Yu|Beads of Ruin\n|move|p1b: Arcanine|Flare Blitz|p2b: Chi-Yu\n|-resisted|p2b: Chi-Yu\n|-damage|p2b: Chi-Yu|0 fnt\n|faint|p2b: Chi-Yu\n|-damage|p1b: Arcanine|92\/100|[from] Recoil\n|move|p1a: Annihilape|Drain Punch|p2a: Iron Hands\n|-damage|p2a: Iron Hands|66\/100\n|move|p2a: Iron Hands|Swords Dance|p2a: Iron Hands\n|-boost|p2a: Iron Hands|atk|2\n|\n|upkeep\n|\n|t:|1684004477\n|switch|p2b: Amoonguss|Amoonguss, L50, F, shiny|78\/100\n|turn|5\n|\n|t:|1684004504\n|-terastallize|p2b: Amoonguss|Water\n|move|p1a: Annihilape|Protect|p1a: Annihilape\n|-singleturn|p1a: Annihilape|Protect\n|move|p2b: Amoonguss|Rage Powder|p2b: Amoonguss\n|-singleturn|p2b: Amoonguss|move: Rage Powder\n|move|p1b: Arcanine|Flare Blitz|p2b: Amoonguss\n|-resisted|p2b: Amoonguss\n|-damage|p2b: Amoonguss|60\/100\n|-damage|p1b: Arcanine|75\/100|[from] item: Rocky Helmet|[of] p2b: Amoonguss\n|-damage|p1b: Arcanine|67\/100|[from] Recoil\n|move|p2a: Iron Hands|Drain Punch|p1b: Arcanine\n|-damage|p1b: Arcanine|0 fnt\n|-heal|p2a: Iron Hands|90\/100|[from] drain|[of] p1b: Arcanine\n|faint|p1b: Arcanine\n|\n|upkeep\n|\n|t:|1684004511\n|switch|p1b: Iron Bundle|Iron Bundle, L50|100\/100 slp\n|turn|6\n|\n|t:|1684004524\n|cant|p1b: Iron Bundle|slp\n|move|p1a: Annihilape|Drain Punch|p2b: Amoonguss\n|-damage|p2b: Amoonguss|22\/100\n|-damage|p1a: Annihilape|84\/100|[from] item: Rocky Helmet|[of] p2b: Amoonguss\n|move|p2a: Iron Hands|Drain Punch|p1b: Iron Bundle\n|-supereffective|p1b: Iron Bundle\n|-damage|p1b: Iron Bundle|0 fnt\n|-heal|p2a: Iron Hands|100\/100|[from] drain|[of] p1b: Iron Bundle\n|faint|p1b: Iron Bundle\n|-end|p1b: Iron Bundle|Quark Drive|[silent]\n|move|p2b: Amoonguss|Spore|p1a: Annihilape\n|-status|p1a: Annihilape|slp|[from] move: Spore\n|\n|upkeep\n|turn|7\n|c|\u2606PinkSylvie|gg\n|-message|PinkSylvie forfeited.\n|\n|win|WH ceree\n|c|\u2606WH ceree|gg\n|l| Sylveon is so cute\n|l| MichaelderBeste2\n|j| ctslegend\n|l| duckpond\n|l| tyo\n|l| I'm Beamed Up!\n|l|\u2606PinkSylvie\n|l| RK_pocoyo\n|l| WillE_VGC\n","uploadtime":1684004537,"views":27,"p1id":"pinksylvie","p2id":"whceree","formatid":"gen9vgc2023regulationc","rating":0,"private":0,"password":""}