{"id":"gen9vgc2023regulationc-1849006307","p1":"Xepher008","p2":"teamskull_testing","format":"[Gen 9] VGC 2023 Regulation C","log":"|j|\u2606Xepher008\n|j|\u2606teamskull_testing\n|t:|1682137853\n|gametype|doubles\n|player|p1|Xepher008|2|1192\n|player|p2|teamskull_testing|guzma-masters|1250\n|teamsize|p1|6\n|teamsize|p2|6\n|gen|9\n|tier|[Gen 9] VGC 2023 Regulation C\n|rated|\n|rule|Species Clause: Limit one of each Pok\u00e9mon\n|rule|Item Clause: Limit one of each item\n|clearpoke\n|poke|p1|Flutter Mane, L50|\n|poke|p1|Gastrodon, L50, F|\n|poke|p1|Chi-Yu, L50|\n|poke|p1|Chien-Pao, L50|\n|poke|p1|Dragonite, L50, F|\n|poke|p1|Amoonguss, L50, F|\n|poke|p2|Wo-Chien, L50|\n|poke|p2|Ting-Lu, L50|\n|poke|p2|Pawmot, L50, F|\n|poke|p2|Gothitelle, L50, F|\n|poke|p2|Flutter Mane, L50|\n|poke|p2|Scream Tail, L50|\n|teampreview|4\nteamskull_testing has agreed to open team sheets.\n|\n|t:|1682137882\n|start\n|switch|p1a: Chi-Yu|Chi-Yu, L50|100\/100\n|switch|p1b: Flutter Mane|Flutter Mane, L50|100\/100\n|switch|p2a: Le Goth GF|Gothitelle, L50, F|100\/100\n|switch|p2b: AAAAAAAAAAAA|Scream Tail, L50|100\/100\n|-ability|p1a: Chi-Yu|Beads of Ruin\n|-enditem|p2b: AAAAAAAAAAAA|Booster Energy\n|-activate|p2b: AAAAAAAAAAAA|ability: Protosynthesis|[fromitem]\n|-start|p2b: AAAAAAAAAAAA|protosynthesisspe\n|turn|1\n|\n|t:|1682137905\n|-terastallize|p1a: Chi-Yu|Ghost\n|move|p2a: Le Goth GF|Fake Out|p1a: Chi-Yu\n|-immune|p1a: Chi-Yu\n|move|p2b: AAAAAAAAAAAA|Perish Song|p2b: AAAAAAAAAAAA\n|-start|p1a: Chi-Yu|perish3|[silent]\n|-start|p1b: Flutter Mane|perish3|[silent]\n|-start|p2a: Le Goth GF|perish3|[silent]\n|-start|p2b: AAAAAAAAAAAA|perish3|[silent]\n|-fieldactivate|move: Perish Song\n|move|p1b: Flutter Mane|Shadow Ball|p2a: Le Goth GF\n|-supereffective|p2a: Le Goth GF\n|-damage|p2a: Le Goth GF|0 fnt\n|faint|p2a: Le Goth GF\n|move|p1a: Chi-Yu|Snarl|p2b: AAAAAAAAAAAA\n|-damage|p2b: AAAAAAAAAAAA|74\/100\n|-unboost|p2b: AAAAAAAAAAAA|spa|1\n|\n|-start|p2b: AAAAAAAAAAAA|perish3\n|-start|p1b: Flutter Mane|perish3\n|-start|p1a: Chi-Yu|perish3\n|upkeep\n|\n|t:|1682137917\n|switch|p2a: We Do It Live|Wo-Chien, L50|100\/100\n|-ability|p2a: We Do It Live|Tablets of Ruin\n|turn|2\n|\n|t:|1682137933\n|-terastallize|p2a: We Do It Live|Poison\n|move|p2b: AAAAAAAAAAAA|Disable|p1b: Flutter Mane\n|-start|p1b: Flutter Mane|Disable|Shadow Ball\n|cant|p1b: Flutter Mane|Disable|Shadow Ball\n|move|p1a: Chi-Yu|Heat Wave|p2b: AAAAAAAAAAAA|[spread] p2a,p2b\n|-damage|p2a: We Do It Live|69\/100\n|-damage|p2b: AAAAAAAAAAAA|39\/100\n|move|p2a: We Do It Live|Leech Seed|p1a: Chi-Yu\n|-start|p1a: Chi-Yu|move: Leech Seed\n|\n|-heal|p2a: We Do It Live|75\/100|[from] item: Leftovers\n|-damage|p1a: Chi-Yu|88\/100|[from] Leech Seed|[of] p2a: We Do It Live\n|-heal|p2a: We Do It Live|83\/100|[silent]\n|-start|p2b: AAAAAAAAAAAA|perish2\n|-start|p1b: Flutter Mane|perish2\n|-start|p1a: Chi-Yu|perish2\n|upkeep\n|turn|3\n|\n|t:|1682137963\n|-end|p1b: Flutter Mane|Protosynthesis|[silent]\n|switch|p1b: Chien-Pao|Chien-Pao, L50|100\/100\n|-ability|p1b: Chien-Pao|Sword of Ruin\n|move|p2b: AAAAAAAAAAAA|Disable|p1a: Chi-Yu\n|-start|p1a: Chi-Yu|Disable|Heat Wave\n|cant|p1a: Chi-Yu|Disable|Heat Wave\n|move|p2a: We Do It Live|Pollen Puff|p2b: AAAAAAAAAAAA\n|-heal|p2b: AAAAAAAAAAAA|89\/100\n|\n|-heal|p2a: We Do It Live|90\/100|[from] item: Leftovers\n|-damage|p1a: Chi-Yu|76\/100|[from] Leech Seed|[of] p2a: We Do It Live\n|-heal|p2a: We Do It Live|98\/100|[silent]\n|-start|p2b: AAAAAAAAAAAA|perish1\n|-start|p1a: Chi-Yu|perish1\n|upkeep\n|turn|4\n|\n|t:|1682138015\n|-end|p2b: AAAAAAAAAAAA|Protosynthesis|[silent]\n|switch|p2b: Fissureman|Ting-Lu, L50|100\/100\n|-ability|p2b: Fissureman|Vessel of Ruin\n|switch|p1a: Dragonite|Dragonite, L50, F|100\/100\n|move|p1b: Chien-Pao|Ice Spinner|p2b: Fissureman\n|-supereffective|p2b: Fissureman\n|-damage|p2b: Fissureman|57\/100\n|move|p2a: We Do It Live|Leech Seed|p1b: Chien-Pao\n|-start|p1b: Chien-Pao|move: Leech Seed\n|\n|-heal|p2a: We Do It Live|100\/100|[from] item: Leftovers\n|-damage|p1b: Chien-Pao|88\/100|[from] Leech Seed|[of] p2a: We Do It Live\n|upkeep\n|turn|5\n|\n|t:|1682138039\n|move|p1b: Chien-Pao|Ice Spinner|p2b: Fissureman\n|-supereffective|p2b: Fissureman\n|-damage|p2b: Fissureman|9\/100\n|move|p1a: Dragonite|Ice Spinner|p2b: Fissureman\n|-supereffective|p2b: Fissureman\n|-crit|p2b: Fissureman\n|-damage|p2b: Fissureman|0 fnt\n|faint|p2b: Fissureman\n|move|p2a: We Do It Live|Leech Seed|p1a: Dragonite\n|-start|p1a: Dragonite|move: Leech Seed\n|\n|-damage|p1b: Chien-Pao|76\/100|[from] Leech Seed|[of] p2a: We Do It Live\n|-damage|p1a: Dragonite|88\/100|[from] Leech Seed|[of] p2a: We Do It Live\n|upkeep\n|\n|t:|1682138048\n|switch|p2b: AAAAAAAAAAAA|Scream Tail, L50|89\/100\n|turn|6\n|\n|t:|1682138061\n|switch|p1b: Chi-Yu|Chi-Yu, L50, tera:Ghost|76\/100\n|-ability|p1b: Chi-Yu|Beads of Ruin\n|switch|p1a: Flutter Mane|Flutter Mane, L50|100\/100\n|move|p2b: AAAAAAAAAAAA|Disable||[still]\n|-fail|p2b: AAAAAAAAAAAA\n|move|p2a: We Do It Live|Pollen Puff|p1b: Chi-Yu\n|-resisted|p1b: Chi-Yu\n|-damage|p1b: Chi-Yu|64\/100\n|\n|upkeep\n|turn|7\n|\n|t:|1682138105\n|move|p1a: Flutter Mane|Shadow Ball|p2b: AAAAAAAAAAAA\n|-supereffective|p2b: AAAAAAAAAAAA\n|-damage|p2b: AAAAAAAAAAAA|0 fnt\n|faint|p2b: AAAAAAAAAAAA\n|-end|p2b: AAAAAAAAAAAA|Protosynthesis|[silent]\n|move|p1b: Chi-Yu|Heat Wave|p2a: We Do It Live\n|-damage|p2a: We Do It Live|56\/100\n|move|p2a: We Do It Live|Leech Seed|p1a: Flutter Mane\n|-start|p1a: Flutter Mane|move: Leech Seed\n|\n|-heal|p2a: We Do It Live|62\/100|[from] item: Leftovers\n|-damage|p1a: Flutter Mane|88\/100|[from] Leech Seed|[of] p2a: We Do It Live\n|-heal|p2a: We Do It Live|71\/100|[silent]\n|upkeep\n|turn|8\n|\n|t:|1682138125\n|move|p2a: We Do It Live|Protect|p2a: We Do It Live\n|-singleturn|p2a: We Do It Live|Protect\n|move|p1a: Flutter Mane|Shadow Ball|p2a: We Do It Live\n|-activate|p2a: We Do It Live|move: Protect\n|move|p1b: Chi-Yu|Heat Wave|p2a: We Do It Live\n|-activate|p2a: We Do It Live|move: Protect\n|\n|-heal|p2a: We Do It Live|77\/100|[from] item: Leftovers\n|-damage|p1a: Flutter Mane|76\/100|[from] Leech Seed|[of] p2a: We Do It Live\n|-heal|p2a: We Do It Live|85\/100|[silent]\n|upkeep\n|turn|9\n|\n|t:|1682138141\n|move|p1a: Flutter Mane|Shadow Ball|p2a: We Do It Live\n|-damage|p2a: We Do It Live|24\/100\n|move|p1b: Chi-Yu|Heat Wave|p2a: We Do It Live\n|-damage|p2a: We Do It Live|0 fnt\n|faint|p2a: We Do It Live\n|\n|win|Xepher008\n|raw|Xepher008's rating: 1192 → 1221<\/strong> (+29 for winning)\n|raw|teamskull_testing's rating: 1250 → 1221<\/strong> (-29 for losing)\n","uploadtime":1682138156,"views":12,"p1id":"xepher008","p2id":"teamskulltesting","formatid":"gen9vgc2023regulationc","rating":1221,"private":0,"password":""}