{"id":"gen9vgc2023regulationc-1854238268","p1":"Even Greener Grass","p2":"PrayOfDeath","format":"[Gen 9] VGC 2023 Regulation C","log":"|j|\u2606Even Greener Grass\n|j|\u2606PrayOfDeath\n|t:|1682787218\n|gametype|doubles\n|player|p1|Even Greener Grass|kahili|1095\n|player|p2|PrayOfDeath|266|1000\n|teamsize|p1|6\n|teamsize|p2|6\n|gen|9\n|tier|[Gen 9] VGC 2023 Regulation C\n|rated|\n|rule|Species Clause: Limit one of each Pok\u00e9mon\n|rule|Item Clause: Limit one of each item\n|clearpoke\n|poke|p1|Torkoal, L50, F|\n|poke|p1|Chi-Yu, L50|\n|poke|p1|Slither Wing, L50|\n|poke|p1|Scizor, L50, F|\n|poke|p1|Lilligant, L50, F|\n|poke|p1|Flutter Mane, L50|\n|poke|p2|Wo-Chien, L50|\n|poke|p2|Ting-Lu, L50|\n|poke|p2|Gyarados, L50, M|\n|poke|p2|Arboliva, L50, F|\n|poke|p2|Grimmsnarl, L50, M|\n|poke|p2|Flutter Mane, L50|\n|teampreview|4\n|inactive|Battle timer is ON: inactive players will automatically lose when time's up. (requested by Even Greener Grass)\nPrayOfDeath rejected open team sheets.\n|c|\u2606Even Greener Grass|Good luck, have fun.\n|inactive|PrayOfDeath has 60 seconds left.\n|\n|t:|1682787261\n|start\n|switch|p1a: Dawg|Torkoal, L50, F|100\/100\n|switch|p1b: Beverly|Chi-Yu, L50|100\/100\n|switch|p2a: Wo-Chien|Wo-Chien, L50|100\/100\n|switch|p2b: Grimmsnarl|Grimmsnarl, L50, M|100\/100\n|-ability|p1b: Beverly|Beads of Ruin\n|-ability|p2a: Wo-Chien|Tablets of Ruin\n|-weather|SunnyDay|[from] ability: Drought|[of] p1a: Dawg\n|turn|1\n|inactive|PrayOfDeath has 30 seconds left.\n|\n|t:|1682787290\n|-terastallize|p2a: Wo-Chien|Dark\n|move|p2b: Grimmsnarl|Light Screen|p2b: Grimmsnarl\n|-sidestart|p2: PrayOfDeath|move: Light Screen\n|move|p1b: Beverly|Heat Wave|p2b: Grimmsnarl|[spread] p2a,p2b\n|-damage|p2a: Wo-Chien|62\/100\n|-damage|p2b: Grimmsnarl|43\/100\n|move|p2a: Wo-Chien|Leech Seed|p1a: Dawg\n|-start|p1a: Dawg|move: Leech Seed\n|move|p1a: Dawg|Heat Wave|p2b: Grimmsnarl|[spread] p2a,p2b\n|-damage|p2a: Wo-Chien|42\/100\n|-damage|p2b: Grimmsnarl|16\/100\n|\n|-weather|SunnyDay|[upkeep]\n|-heal|p2a: Wo-Chien|48\/100|[from] item: Leftovers\n|-damage|p1a: Dawg|88\/100|[from] Leech Seed|[of] p2a: Wo-Chien\n|-heal|p2a: Wo-Chien|58\/100|[silent]\n|upkeep\n|turn|2\n|\n|t:|1682787308\n|move|p2a: Wo-Chien|Protect|p2a: Wo-Chien\n|-singleturn|p2a: Wo-Chien|Protect\n|move|p2b: Grimmsnarl|Reflect|p2b: Grimmsnarl\n|-sidestart|p2: PrayOfDeath|Reflect\n|move|p1b: Beverly|Heat Wave|p2a: Wo-Chien|[spread] p2b\n|-activate|p2a: Wo-Chien|move: Protect\n|-damage|p2b: Grimmsnarl|0 fnt\n|faint|p2b: Grimmsnarl\n|move|p1a: Dawg|Heat Wave|p2a: Wo-Chien\n|-activate|p2a: Wo-Chien|move: Protect\n|\n|-weather|SunnyDay|[upkeep]\n|-heal|p2a: Wo-Chien|64\/100|[from] item: Leftovers\n|-damage|p1a: Dawg|76\/100|[from] Leech Seed|[of] p2a: Wo-Chien\n|-heal|p2a: Wo-Chien|74\/100|[silent]\n|upkeep\n|\n|t:|1682787321\n|switch|p2b: Gyarados|Gyarados, L50, M|100\/100\n|-ability|p2b: Gyarados|Intimidate|boost\n|-unboost|p1a: Dawg|atk|1\n|-unboost|p1b: Beverly|atk|1\n|turn|3\n|\n|t:|1682787343\n|move|p1b: Beverly|Heat Wave|p2a: Wo-Chien|[spread] p2a,p2b\n|-resisted|p2b: Gyarados\n|-damage|p2a: Wo-Chien|32\/100\n|-damage|p2b: Gyarados|66\/100\n|move|p2b: Gyarados|Thunder Wave|p1a: Dawg\n|-status|p1a: Dawg|par\n|move|p2a: Wo-Chien|Ruination|p1b: Beverly|[miss]\n|-miss|p2a: Wo-Chien|p1b: Beverly\n|move|p1a: Dawg|Yawn|p2b: Gyarados\n|-start|p2b: Gyarados|move: Yawn|[of] p1a: Dawg\n|\n|-weather|SunnyDay|[upkeep]\n|-heal|p2a: Wo-Chien|38\/100|[from] item: Leftovers\n|-damage|p1a: Dawg|64\/100 par|[from] Leech Seed|[of] p2a: Wo-Chien\n|-heal|p2a: Wo-Chien|48\/100|[silent]\n|upkeep\n|turn|4\n|\n|t:|1682787361\n|switch|p2b: Ting-Lu|Ting-Lu, L50|100\/100\n|-ability|p2b: Ting-Lu|Vessel of Ruin\n|switch|p1a: DEMI-GOD|Flutter Mane, L50|100\/100\n|-activate|p1a: DEMI-GOD|ability: Protosynthesis\n|-start|p1a: DEMI-GOD|protosynthesisspa\n|move|p2a: Wo-Chien|Protect|p2a: Wo-Chien\n|-singleturn|p2a: Wo-Chien|Protect\n|move|p1b: Beverly|Heat Wave|p2b: Ting-Lu|[spread] p2b\n|-activate|p2a: Wo-Chien|move: Protect\n|-damage|p2b: Ting-Lu|78\/100\n|\n|-weather|SunnyDay|[upkeep]\n|-heal|p2a: Wo-Chien|54\/100|[from] item: Leftovers\n|upkeep\n|turn|5\n|\n|t:|1682787380\n|move|p1a: DEMI-GOD|Dazzling Gleam|p2b: Ting-Lu|[spread] p2a,p2b\n|-supereffective|p2a: Wo-Chien\n|-supereffective|p2b: Ting-Lu\n|-damage|p2a: Wo-Chien|25\/100\n|-damage|p2b: Ting-Lu|53\/100\n|move|p1b: Beverly|Heat Wave|p2b: Ting-Lu|[spread] p2a,p2b\n|-damage|p2a: Wo-Chien|0 fnt\n|-damage|p2b: Ting-Lu|29\/100\n|-status|p2b: Ting-Lu|brn\n|faint|p2a: Wo-Chien\n|move|p2b: Ting-Lu|Snarl|p1a: DEMI-GOD|[spread] p1a,p1b\n|-resisted|p1b: Beverly\n|-damage|p1a: DEMI-GOD|88\/100\n|-damage|p1b: Beverly|95\/100\n|-unboost|p1a: DEMI-GOD|spa|1\n|-unboost|p1b: Beverly|spa|1\n|\n|-weather|SunnyDay|[upkeep]\n|-damage|p2b: Ting-Lu|23\/100 brn|[from] brn\n|upkeep\n|l|\u2606PrayOfDeath\n|inactive|PrayOfDeath disconnected and has a minute to reconnect!\n|player|p2|\n|inactive|PrayOfDeath has 30 seconds left.\n|c|\u2606Even Greener Grass|g.g.w.p.\n|inactive|PrayOfDeath has 20 seconds left.\n|inactive|PrayOfDeath has 15 seconds left.\n|inactive|PrayOfDeath has 10 seconds left.\n|inactive|PrayOfDeath has 5 seconds left.\n|-message|PrayOfDeath lost due to inactivity.\n|\n|win|Even Greener Grass\n|raw|Even Greener Grass's rating: 1095 → 1114<\/strong> (+19 for winning)\n|raw|PrayOfDeath's rating: 1000 → 1000<\/strong> (+0 for losing)\n","uploadtime":1682787438,"views":22,"p1id":"evengreenergrass","p2id":"prayofdeath","formatid":"gen9vgc2023regulationc","rating":1000,"private":0,"password":""}