{"id":"gen9vgc2023regulationc-1852480237","p1":"daveboy77","p2":"cobalt_poke","format":"[Gen 9] VGC 2023 Regulation C","log":"|j|\u2606daveboy77\n|j|\u2606cobalt_poke\n|t:|1682563005\n|gametype|doubles\n|player|p1|daveboy77|alder|1584\n|player|p2|cobalt_poke|266|1627\n|teamsize|p1|6\n|teamsize|p2|6\n|gen|9\n|tier|[Gen 9] VGC 2023 Regulation C\n|rated|\n|rule|Species Clause: Limit one of each Pok\u00e9mon\n|rule|Item Clause: Limit one of each item\n|clearpoke\n|poke|p1|Iron Treads, L50|\n|poke|p1|Rotom-Wash, L50|\n|poke|p1|Gallade, L50, M|\n|poke|p1|Gengar, L50, F|\n|poke|p1|Dragonite, L50, F|\n|poke|p1|Scovillain, L50, F|\n|poke|p2|Chien-Pao, L50|\n|poke|p2|Dragonite, L50, F|\n|poke|p2|Amoonguss, L50, M|\n|poke|p2|Flutter Mane, L50|\n|poke|p2|Gyarados, L50, F|\n|poke|p2|Ting-Lu, L50|\n|teampreview|4\n|\n|t:|1682563069\n|start\n|switch|p1a: Rotom|Rotom-Wash, L50|100\/100\n|switch|p1b: Scovillain|Scovillain, L50, F|100\/100\n|switch|p2a: Dragonite|Dragonite, L50, F|100\/100\n|switch|p2b: Ting-Lu|Ting-Lu, L50|100\/100\n|-ability|p2b: Ting-Lu|Vessel of Ruin\n|turn|1\n|\n|t:|1682563086\n|-terastallize|p2a: Dragonite|Flying\n|move|p1b: Scovillain|Protect|p1b: Scovillain\n|-singleturn|p1b: Scovillain|Protect\n|move|p2b: Ting-Lu|Protect|p2b: Ting-Lu\n|-singleturn|p2b: Ting-Lu|Protect\n|move|p2a: Dragonite|Tera Blast|p1b: Scovillain\n|-activate|p1b: Scovillain|move: Protect\n|move|p1a: Rotom|Discharge|p2a: Dragonite|[spread] p2a\n|-activate|p1b: Scovillain|move: Protect\n|-activate|p2b: Ting-Lu|move: Protect\n|-supereffective|p2a: Dragonite\n|-damage|p2a: Dragonite|81\/100\n|\n|-ability|p1b: Scovillain|Moody|boost\n|-boost|p1b: Scovillain|spe|2\n|-unboost|p1b: Scovillain|atk|1\n|upkeep\n|turn|2\n|\n|t:|1682563106\n|switch|p1b: Iron Treads|Iron Treads, L50|100\/100\n|-enditem|p1b: Iron Treads|Booster Energy\n|-activate|p1b: Iron Treads|ability: Quark Drive|[fromitem]\n|-start|p1b: Iron Treads|quarkdriveatk\n|switch|p2b: Amoonguss|Amoonguss, L50, M|100\/100\n|move|p2a: Dragonite|Tera Blast|p1b: Iron Treads\n|-resisted|p1b: Iron Treads\n|-damage|p1b: Iron Treads|63\/100\n|move|p1a: Rotom|Discharge|p2a: Dragonite|[spread] p2a,p2b\n|-immune|p1b: Iron Treads\n|-supereffective|p2a: Dragonite\n|-resisted|p2b: Amoonguss\n|-damage|p2a: Dragonite|31\/100\n|-damage|p2b: Amoonguss|87\/100\n|\n|upkeep\n|turn|3\n|\n|t:|1682563125\n|switch|p2a: Ting-Lu|Ting-Lu, L50|100\/100\n|-ability|p2a: Ting-Lu|Vessel of Ruin\n|move|p1b: Iron Treads|Ice Spinner|p2b: Amoonguss\n|-supereffective|p2b: Amoonguss\n|-damage|p2b: Amoonguss|28\/100\n|-enditem|p2b: Amoonguss|Sitrus Berry|[eat]\n|-heal|p2b: Amoonguss|53\/100|[from] item: Sitrus Berry\n|move|p1a: Rotom|Discharge|p2b: Amoonguss|[spread] p2b\n|-immune|p1b: Iron Treads\n|-immune|p2a: Ting-Lu\n|-resisted|p2b: Amoonguss\n|-damage|p2b: Amoonguss|44\/100\n|-status|p2b: Amoonguss|par\n|move|p2b: Amoonguss|Spore|p1a: Rotom\n|-status|p1a: Rotom|slp|[from] move: Spore\n|\n|upkeep\n|turn|4\n|\n|t:|1682563159\n|switch|p2b: Dragonite|Dragonite, L50, F, tera:Flying|31\/100\n|move|p1b: Iron Treads|Ice Spinner|p2b: Dragonite\n|-supereffective|p2b: Dragonite\n|-damage|p2b: Dragonite|0 fnt\n|faint|p2b: Dragonite\n|cant|p1a: Rotom|slp\n|move|p2a: Ting-Lu|Earthquake|p1a: Rotom|[spread] p1b\n|-immune|p1a: Rotom|[from] ability: Levitate\n|-supereffective|p1b: Iron Treads\n|-damage|p1b: Iron Treads|0 fnt\n|faint|p1b: Iron Treads\n|-end|p1b: Iron Treads|Quark Drive|[silent]\n|\n|upkeep\n|\n|t:|1682563176\n|switch|p1b: Scovillain|Scovillain, L50, F|100\/100\n|switch|p2b: Flutter Mane|Flutter Mane, L50|100\/100\n|-enditem|p2b: Flutter Mane|Booster Energy\n|-activate|p2b: Flutter Mane|ability: Protosynthesis|[fromitem]\n|-start|p2b: Flutter Mane|protosynthesisspe\n|turn|5\n|inactive|Battle timer is ON: inactive players will automatically lose when time's up. (requested by cobalt_poke)\n|\n|t:|1682563196\n|move|p2b: Flutter Mane|Protect|p2b: Flutter Mane\n|-singleturn|p2b: Flutter Mane|Protect\n|-curestatus|p1a: Rotom|slp|[msg]\n|move|p1a: Rotom|Hydro Pump|p2a: Ting-Lu\n|-supereffective|p2a: Ting-Lu\n|-damage|p2a: Ting-Lu|34\/100\n|move|p1b: Scovillain|Giga Drain|p2a: Ting-Lu\n|-supereffective|p2a: Ting-Lu\n|-damage|p2a: Ting-Lu|0 fnt\n|faint|p2a: Ting-Lu\n|\n|-ability|p1b: Scovillain|Moody|boost\n|-boost|p1b: Scovillain|def|2\n|-unboost|p1b: Scovillain|spd|1\n|upkeep\n|\n|t:|1682563206\n|switch|p2a: Amoonguss|Amoonguss, L50, M|77\/100 par\n|turn|6\n|\n|t:|1682563227\n|move|p2b: Flutter Mane|Substitute|p2b: Flutter Mane\n|-start|p2b: Flutter Mane|Substitute\n|-damage|p2b: Flutter Mane|76\/100\n|move|p1a: Rotom|Discharge|p2b: Flutter Mane|[spread] p1b,p2a,p2b\n|-end|p2b: Flutter Mane|Substitute\n|-resisted|p1b: Scovillain\n|-resisted|p2a: Amoonguss\n|-damage|p1b: Scovillain|72\/100\n|-damage|p2a: Amoonguss|65\/100 par\n|move|p1b: Scovillain|Fire Fang|p2a: Amoonguss\n|-supereffective|p2a: Amoonguss\n|-damage|p2a: Amoonguss|21\/100 par\n|cant|p2a: Amoonguss|par\n|\n|-ability|p1b: Scovillain|Moody|boost\n|-boost|p1b: Scovillain|atk|2\n|-unboost|p1b: Scovillain|spa|1\n|upkeep\n|turn|7\n|-message|cobalt_poke forfeited.\n|\n|win|daveboy77\n|raw|daveboy77's rating: 1584 → 1606<\/strong> (+22 for winning)\n|raw|cobalt_poke's rating: 1627 → 1605<\/strong> (-22 for losing)\n|l|\u2606cobalt_poke\n|l|\u2606daveboy77\n","uploadtime":1682563251,"views":10,"p1id":"daveboy77","p2id":"cobaltpoke","formatid":"gen9vgc2023regulationc","rating":1605,"private":0,"password":""}