{"id":"gen9vgc2023regulationc-1847675847","p1":"JennaJurassic","p2":"zanermate","format":"[Gen 9] VGC 2023 Regulation C","log":"|j|\u2606JennaJurassic\n|j|\u2606zanermate\n|t:|1681991096\n|gametype|doubles\n|player|p1|JennaJurassic|gardenia|1129\n|player|p2|zanermate|pokekid|1094\n|teamsize|p1|6\n|teamsize|p2|6\n|gen|9\n|tier|[Gen 9] VGC 2023 Regulation C\n|rated|\n|rule|Species Clause: Limit one of each Pok\u00e9mon\n|rule|Item Clause: Limit one of each item\n|clearpoke\n|poke|p1|Honchkrow, L50, F|\n|poke|p1|Glimmora, L50, M|\n|poke|p1|Tauros-Paldea-Aqua, L50, M|\n|poke|p1|Sylveon, L50, M|\n|poke|p1|Iron Valiant, L50|\n|poke|p1|Zoroark, L50, M|\n|poke|p2|Tatsugiri, L50, F|\n|poke|p2|Dondozo, L50, F|\n|poke|p2|Flamigo, L50, M|\n|poke|p2|Annihilape, L50, F|\n|poke|p2|Cetitan, L50, F|\n|poke|p2|Maushold, L50|\n|teampreview|4\n|\n|t:|1681991132\n|start\n|switch|p1a: Sylveon|Sylveon, L50, M|100\/100\n|switch|p1b: Iron Valiant|Iron Valiant, L50|100\/100\n|switch|p2a: Tatsugiri|Tatsugiri, L50, F|100\/100\n|switch|p2b: Annihilape|Annihilape, L50, F|100\/100\n|turn|1\n|\n|t:|1681991144\n|move|p2a: Tatsugiri|Endure|p2a: Tatsugiri\n|-singleturn|p2a: Tatsugiri|move: Endure\n|move|p2b: Annihilape|Final Gambit|p2a: Tatsugiri\n|-activate|p2a: Tatsugiri|move: Endure\n|-damage|p2a: Tatsugiri|1\/100\n|faint|p2b: Annihilape\n|move|p1b: Iron Valiant|Spirit Break|p2a: Tatsugiri\n|-supereffective|p2a: Tatsugiri\n|-activate|p2a: Tatsugiri|move: Endure\n|-damage|p2a: Tatsugiri|1\/100\n|-unboost|p2a: Tatsugiri|spa|1\n|move|p1a: Sylveon|Hyper Voice|p2a: Tatsugiri\n|-supereffective|p2a: Tatsugiri\n|-activate|p2a: Tatsugiri|move: Endure\n|-damage|p2a: Tatsugiri|1\/100\n|-enditem|p1a: Sylveon|Throat Spray\n|-boost|p1a: Sylveon|spa|1|[from] item: Throat Spray\n|\n|-status|p2a: Tatsugiri|tox|[from] item: Toxic Orb\n|upkeep\n|\n|t:|1681991160\n|switch|p2b: Dondozo|Dondozo, L50, F|100\/100\n|-activate|p2a: Tatsugiri|ability: Commander|[of] p2b: Dondozo\n|-boost|p2b: Dondozo|atk|2\n|-boost|p2b: Dondozo|spa|2\n|-boost|p2b: Dondozo|spe|2\n|-boost|p2b: Dondozo|def|2\n|-boost|p2b: Dondozo|spd|2\n|turn|2\n|\n|t:|1681991174\n|move|p2b: Dondozo|Protect|p2b: Dondozo\n|-singleturn|p2b: Dondozo|Protect\n|move|p1b: Iron Valiant|Protect|p1b: Iron Valiant\n|-singleturn|p1b: Iron Valiant|Protect\n|move|p1a: Sylveon|Protect||[still]\n|-fail|p1a: Sylveon\n|\n|-damage|p2a: Tatsugiri|0 fnt|[from] psn\n|faint|p2a: Tatsugiri\n|upkeep\n|\n|t:|1681991183\n|switch|p2a: Flamigo|Flamigo, L50, M|100\/100\n|-copyboost|p2a: Flamigo|p2b: Dondozo|[from] ability: Costar\n|turn|3\n|\n|t:|1681991201\n|-terastallize|p2a: Flamigo|Steel\n|move|p2a: Flamigo|Brave Bird|p1b: Iron Valiant\n|-supereffective|p1b: Iron Valiant\n|-damage|p1b: Iron Valiant|0 fnt\n|faint|p1b: Iron Valiant\n|-end|p1b: Iron Valiant|Quark Drive|[silent]\n|-damage|p2a: Flamigo|69\/100|[from] Recoil\n|move|p2b: Dondozo|Wave Crash|p1a: Sylveon\n|-damage|p1a: Sylveon|0 fnt\n|faint|p1a: Sylveon\n|-damage|p2b: Dondozo|71\/100|[from] Recoil\n|\n|-heal|p2b: Dondozo|77\/100|[from] item: Leftovers\n|upkeep\n|\n|t:|1681991214\n|switch|p1b: Tauros|Tauros-Paldea-Aqua, L50, M|100\/100\n|switch|p1a: Honchkrow|Honchkrow, L50, F, shiny|100\/100\n|-ability|p1b: Tauros|Intimidate|boost\n|-unboost|p2a: Flamigo|atk|1\n|-unboost|p2b: Dondozo|atk|1\n|turn|4\n|\n|t:|1681991242\n|move|p2a: Flamigo|Brave Bird|p1b: Tauros\n|-supereffective|p1b: Tauros\n|-damage|p1b: Tauros|0 fnt\n|faint|p1b: Tauros\n|-damage|p2a: Flamigo|31\/100|[from] Recoil\n|move|p2b: Dondozo|Order Up|p1a: Honchkrow\n|-damage|p1a: Honchkrow|43\/100\n|-boost|p2b: Dondozo|atk|1\n|move|p1a: Honchkrow|Comeuppance|p2b: Dondozo\n|-damage|p2b: Dondozo|0 fnt\n|faint|p2b: Dondozo\n|-ability|p1a: Honchkrow|Moxie|boost\n|-boost|p1a: Honchkrow|atk|1\n|\n|upkeep\n|turn|5\n|\n|t:|1681991260\n|-terastallize|p1a: Honchkrow|Dark\n|move|p1a: Honchkrow|Sucker Punch|p2a: Flamigo\n|-damage|p2a: Flamigo|0 fnt\n|faint|p2a: Flamigo\n|\n|win|JennaJurassic\n|raw|JennaJurassic's rating: 1129 → 1151<\/strong> (+22 for winning)\n|raw|zanermate's rating: 1094 → 1072<\/strong> (-22 for losing)\n|l|\u2606zanermate\n","uploadtime":1681991400,"views":11,"p1id":"jennajurassic","p2id":"zanermate","formatid":"gen9vgc2023regulationc","rating":1072,"private":0,"password":""}