{"id":"gen9vgc2023regulationc-1854333020","p1":"Andrey. Iam7","p2":"Alex_student","format":"[Gen 9] VGC 2023 Regulation C","log":"|j|\u2606Andrey. Iam7\n|j|\u2606Alex_student\n|t:|1682798098\n|gametype|doubles\n|player|p1|Andrey. Iam7|koga|1136\n|player|p2|Alex_student|170|1052\n|teamsize|p1|6\n|teamsize|p2|6\n|gen|9\n|tier|[Gen 9] VGC 2023 Regulation C\n|rated|\n|rule|Species Clause: Limit one of each Pok\u00e9mon\n|rule|Item Clause: Limit one of each item\n|clearpoke\n|poke|p1|Breloom, L50, M|\n|poke|p1|Kilowattrel, L50, F|\n|poke|p1|Palafin, L50, F|\n|poke|p1|Slither Wing, L50|\n|poke|p1|Chien-Pao, L50|\n|poke|p1|Iron Moth, L50|\n|poke|p2|Chi-Yu, L50|\n|poke|p2|Flutter Mane, L50|\n|poke|p2|Palafin, L50, M|\n|poke|p2|Iron Hands, L50|\n|poke|p2|Dragonite, L50, F|\n|poke|p2|Amoonguss, L50, M|\n|teampreview|4\n|inactive|Battle timer is ON: inactive players will automatically lose when time's up. (requested by Andrey. Iam7)\n|inactive|Andrey. Iam7 has 60 seconds left.\n|inactive|Alex_student has 60 seconds left.\n|\n|t:|1682798156\n|start\n|switch|p1a: Palafin|Palafin, L50, F|100\/100\n|switch|p1b: Kilowattrel|Kilowattrel, L50, F|100\/100\n|switch|p2a: Palafin|Palafin, L50, M|100\/100\n|switch|p2b: Flutter Mane|Flutter Mane, L50|100\/100\n|turn|1\n|\n|t:|1682798172\n|detailschange|p2a: Palafin|Palafin-Hero, L50, M\n|switch|p2a: Iron Hands|Iron Hands, L50|100\/100\n|-terastallize|p1a: Palafin|Water\n|move|p1a: Palafin|Jet Punch|p2b: Flutter Mane\n|-damage|p2b: Flutter Mane|38\/100\n|move|p1b: Kilowattrel|Thunderbolt|p2b: Flutter Mane\n|-damage|p2b: Flutter Mane|1\/100\n|-status|p2b: Flutter Mane|par\n|cant|p2b: Flutter Mane|par\n|\n|upkeep\n|turn|2\n|\n|t:|1682798193\n|move|p2a: Iron Hands|Fake Out|p1b: Kilowattrel\n|-damage|p1b: Kilowattrel|72\/100\n|move|p1a: Palafin|Jet Punch|p2b: Flutter Mane\n|-damage|p2b: Flutter Mane|0 fnt\n|faint|p2b: Flutter Mane\n|-end|p2b: Flutter Mane|Protosynthesis|[silent]\n|cant|p1b: Kilowattrel|flinch\n|\n|upkeep\n|\n|t:|1682798204\n|switch|p2b: Palafin|Palafin-Hero, L50, M|100\/100\n|-activate|p2b: Palafin|ability: Zero to Hero\n|turn|3\n|\n|t:|1682798214\n|detailschange|p1a: Palafin|Palafin-Hero, L50, F, tera:Water\n|switch|p1a: Breloom|Breloom, L50, M|100\/100\n|-terastallize|p2b: Palafin|Water\n|move|p2b: Palafin|Jet Punch|p1b: Kilowattrel\n|-damage|p1b: Kilowattrel|0 fnt\n|faint|p1b: Kilowattrel\n|move|p2a: Iron Hands|Volt Switch|p1a: Breloom\n|-resisted|p1a: Breloom\n|-damage|p1a: Breloom|89\/100\n|\n|t:|1682798225\n|-end|p2a: Iron Hands|Quark Drive|[silent]\n|switch|p2a: Amoonguss|Amoonguss, L50, M|100\/100|[from] Volt Switch\n|\n|upkeep\n|\n|t:|1682798230\n|switch|p1b: Chien-Pao|Chien-Pao, L50|100\/100\n|-ability|p1b: Chien-Pao|Sword of Ruin\n|turn|4\n|\n|t:|1682798248\n|switch|p2b: Iron Hands|Iron Hands, L50|100\/100\n|move|p1b: Chien-Pao|Protect|p1b: Chien-Pao\n|-singleturn|p1b: Chien-Pao|Protect\n|move|p1a: Breloom|Bullet Seed|p2b: Iron Hands\n|-damage|p2b: Iron Hands|76\/100\n|-damage|p2b: Iron Hands|52\/100\n|-damage|p2b: Iron Hands|28\/100\n|-hitcount|p2b: Iron Hands|3\n|-damage|p1a: Breloom|80\/100|[from] item: Life Orb\n|move|p2a: Amoonguss|Spore|p1b: Chien-Pao\n|-activate|p1b: Chien-Pao|move: Protect\n|\n|upkeep\n|turn|5\n|inactive|Andrey. Iam7 has 30 seconds left.\n|inactive|Alex_student has 30 seconds left.\n|inactive|Andrey. Iam7 has 20 seconds left.\n|\n|t:|1682798287\n|move|p2b: Iron Hands|Fake Out|p1b: Chien-Pao\n|-damage|p1b: Chien-Pao|80\/100\n|cant|p1b: Chien-Pao|flinch\n|move|p1a: Breloom|Bullet Seed|p2b: Iron Hands\n|-crit|p2b: Iron Hands\n|-damage|p2b: Iron Hands|0 fnt\n|faint|p2b: Iron Hands\n|-end|p2b: Iron Hands|Quark Drive|[silent]\n|-hitcount|p2: Iron Hands|1\n|-damage|p1a: Breloom|70\/100|[from] item: Life Orb\n|move|p2a: Amoonguss|Spore|p1b: Chien-Pao\n|-status|p1b: Chien-Pao|slp|[from] move: Spore\n|\n|upkeep\n|\n|t:|1682798300\n|switch|p2b: Palafin|Palafin-Hero, L50, M, tera:Water|100\/100\n|turn|6\n|\n|t:|1682798314\n|cant|p1b: Chien-Pao|slp\n|move|p2b: Palafin|Wave Crash|p1a: Breloom\n|-resisted|p1a: Breloom\n|-damage|p1a: Breloom|0 fnt\n|faint|p1a: Breloom\n|-damage|p2b: Palafin|82\/100|[from] Recoil\n|move|p2a: Amoonguss|Pollen Puff|p1b: Chien-Pao\n|-supereffective|p1b: Chien-Pao\n|-damage|p1b: Chien-Pao|22\/100 slp\n|\n|upkeep\n|\n|t:|1682798327\n|switch|p1a: Palafin|Palafin-Hero, L50, F, tera:Water|100\/100\n|-activate|p1a: Palafin|ability: Zero to Hero\n|turn|7\n|\n|t:|1682798337\n|-curestatus|p1b: Chien-Pao|slp|[msg]\n|move|p1b: Chien-Pao|Protect|p1b: Chien-Pao\n|-singleturn|p1b: Chien-Pao|Protect\n|move|p2a: Amoonguss|Rage Powder|p2a: Amoonguss\n|-singleturn|p2a: Amoonguss|move: Rage Powder\n|move|p2b: Palafin|Jet Punch|p1b: Chien-Pao\n|-activate|p1b: Chien-Pao|move: Protect\n|move|p1a: Palafin|Wave Crash|p2a: Amoonguss\n|-resisted|p2a: Amoonguss\n|-damage|p2a: Amoonguss|38\/100\n|-enditem|p2a: Amoonguss|Sitrus Berry|[eat]\n|-heal|p2a: Amoonguss|63\/100|[from] item: Sitrus Berry\n|-damage|p1a: Palafin|78\/100|[from] Recoil\n|\n|upkeep\n|turn|8\n|\n|t:|1682798359\n|move|p1b: Chien-Pao|Sucker Punch|p2b: Palafin\n|-damage|p2b: Palafin|38\/100\n|move|p2b: Palafin|Jet Punch|p1b: Chien-Pao\n|-damage|p1b: Chien-Pao|0 fnt\n|faint|p1b: Chien-Pao\n|move|p1a: Palafin|Wave Crash|p2b: Palafin\n|-resisted|p2b: Palafin\n|-damage|p2b: Palafin|0 fnt\n|faint|p2b: Palafin\n|-damage|p1a: Palafin|66\/100|[from] Recoil\n|move|p2a: Amoonguss|Spore|p1a: Palafin\n|-status|p1a: Palafin|slp|[from] move: Spore\n|\n|upkeep\n|turn|9\n|\n|t:|1682798376\n|cant|p1a: Palafin|slp\n|move|p2a: Amoonguss|Pollen Puff|p1a: Palafin\n|-damage|p1a: Palafin|49\/100 slp\n|\n|upkeep\n|turn|10\n|\n|t:|1682798384\n|cant|p1a: Palafin|slp\n|move|p2a: Amoonguss|Pollen Puff|p1a: Palafin\n|-damage|p1a: Palafin|30\/100 slp\n|\n|upkeep\n|turn|11\n|\n|t:|1682798392\n|cant|p1a: Palafin|slp\n|move|p2a: Amoonguss|Pollen Puff|p1a: Palafin\n|-damage|p1a: Palafin|13\/100 slp\n|\n|upkeep\n|turn|12\n|\n|t:|1682798403\n|-curestatus|p1a: Palafin|slp|[msg]\n|move|p1a: Palafin|Wave Crash|p2a: Amoonguss\n|-resisted|p2a: Amoonguss\n|-damage|p2a: Amoonguss|15\/100\n|-damage|p1a: Palafin|0 fnt|[from] Recoil\n|faint|p1a: Palafin\n|\n|win|Alex_student\n|raw|Andrey. Iam7's rating: 1136 → 1105<\/strong> (-31 for losing)\n|raw|Alex_student's rating: 1052 → 1092<\/strong> (+40 for winning)\n","uploadtime":1682798413,"views":15,"p1id":"andreyiam7","p2id":"alexstudent","formatid":"gen9vgc2023regulationc","rating":1092,"private":0,"password":""}