{"id":"gen9vgc2023regulationc-1852293415","p1":"mugiwaraLux","p2":"InkOdysseyGaming","format":"[Gen 9] VGC 2023 Regulation C","log":"|j|\u2606mugiwaraLux\n|j|\u2606InkOdysseyGaming\n|t:|1682540891\n|gametype|doubles\n|player|p1|mugiwaraLux|265|\n|player|p2|InkOdysseyGaming|101|\n|teamsize|p1|6\n|teamsize|p2|6\n|gen|9\n|tier|[Gen 9] VGC 2023 Regulation C\n|rule|Species Clause: Limit one of each Pok\u00e9mon\n|rule|Item Clause: Limit one of each item\n|clearpoke\n|poke|p1|Palafin, L50, F|\n|poke|p1|Amoonguss, L50, F|\n|poke|p1|Flutter Mane, L50|\n|poke|p1|Arcanine, L50, F|\n|poke|p1|Roaring Moon, L50|\n|poke|p1|Chien-Pao, L50|\n|poke|p2|Dragonite, L50, M|\n|poke|p2|Iron Valiant, L50|\n|poke|p2|Skeledirge, L50, M|\n|poke|p2|Iron Hands, L50|\n|poke|p2|Amoonguss, L50, F|\n|poke|p2|Tyranitar, L50, M|\n|teampreview|4\n|inactive|Battle timer is ON: inactive players will automatically lose when time's up. (requested by mugiwaraLux)\nInkOdysseyGaming has agreed to open team sheets.\nmugiwaraLux has agreed to open team sheets.\n|inactive|mugiwaraLux has 60 seconds left.\n|inactive|InkOdysseyGaming has 60 seconds left.\n|\n|t:|1682540936\n|start\n|switch|p1a: Mimi|Flutter Mane, L50|100\/100\n|switch|p1b: Roaring Moon|Roaring Moon, L50|100\/100\n|switch|p2a: Nitrogen|Skeledirge, L50, M, shiny|100\/100\n|switch|p2b: Zenith|Tyranitar, L50, M, shiny|100\/100\n|-weather|Sandstorm|[from] ability: Sand Stream|[of] p2b: Zenith\n|-enditem|p1b: Roaring Moon|Booster Energy\n|-activate|p1b: Roaring Moon|ability: Protosynthesis|[fromitem]\n|-start|p1b: Roaring Moon|protosynthesisatk\n|turn|1\n|inactive|mugiwaraLux has 30 seconds left.\n|\n|t:|1682540963\n|-terastallize|p1a: Mimi|Fairy\n|move|p2a: Nitrogen|Protect|p2a: Nitrogen\n|-singleturn|p2a: Nitrogen|Protect\n|move|p1a: Mimi|Moonblast|p2b: Zenith\n|-supereffective|p2b: Zenith\n|-damage|p2b: Zenith|0 fnt\n|faint|p2b: Zenith\n|move|p1b: Roaring Moon|Throat Chop|p2a: Nitrogen\n|-activate|p2a: Nitrogen|move: Protect\n|\n|-weather|Sandstorm|[upkeep]\n|-damage|p1a: Mimi|94\/100|[from] Sandstorm\n|-damage|p1b: Roaring Moon|95\/100|[from] Sandstorm\n|-damage|p2a: Nitrogen|94\/100|[from] Sandstorm\n|upkeep\n|\n|t:|1682540983\n|switch|p2b: Treasure|Dragonite, L50, M, shiny|100\/100\n|turn|2\n|\n|t:|1682540993\n|-terastallize|p2b: Treasure|Normal\n|move|p2b: Treasure|Extreme Speed|p1b: Roaring Moon\n|-damage|p1b: Roaring Moon|37\/100\n|move|p1a: Mimi|Moonblast|p2b: Treasure\n|-damage|p2b: Treasure|42\/100\n|-unboost|p2b: Treasure|spa|1\n|move|p1b: Roaring Moon|Throat Chop|p2a: Nitrogen\n|-supereffective|p2a: Nitrogen\n|-damage|p2a: Nitrogen|0 fnt\n|faint|p2a: Nitrogen\n|\n|-weather|Sandstorm|[upkeep]\n|-damage|p1a: Mimi|88\/100|[from] Sandstorm\n|-damage|p1b: Roaring Moon|31\/100|[from] Sandstorm\n|-damage|p2b: Treasure|36\/100|[from] Sandstorm\n|upkeep\n|\n|t:|1682541007\n|switch|p2a: Elektrizit\u00e4t|Iron Hands, L50|100\/100\n|turn|3\n|\n|t:|1682541017\n|-end|p1b: Roaring Moon|Protosynthesis|[silent]\n|switch|p1b: ChiYu|Arcanine, L50, F|100\/100\n|-ability|p1b: ChiYu|Intimidate|boost\n|-unboost|p2a: Elektrizit\u00e4t|atk|1\n|-fail|p2b: Treasure|unboost|Attack|[from] ability: Inner Focus|[of] p2b: Treasure\n|move|p2a: Elektrizit\u00e4t|Fake Out|p1b: ChiYu\n|-damage|p1b: ChiYu|88\/100\n|move|p2b: Treasure|Extreme Speed|p1a: Mimi\n|-damage|p1a: Mimi|6\/100\n|move|p1a: Mimi|Moonblast|p2b: Treasure\n|-damage|p2b: Treasure|0 fnt\n|faint|p2b: Treasure\n|\n|-weather|Sandstorm|[upkeep]\n|-damage|p1a: Mimi|0 fnt|[from] Sandstorm\n|-damage|p2a: Elektrizit\u00e4t|94\/100|[from] Sandstorm\n|faint|p1a: Mimi\n|-end|p1a: Mimi|Protosynthesis|[silent]\n|-heal|p2a: Elektrizit\u00e4t|100\/100|[from] item: Leftovers\n|upkeep\n|\n|t:|1682541024\n|switch|p1a: Roaring Moon|Roaring Moon, L50|31\/100\n|turn|4\n|\n|t:|1682541041\n|move|p1a: Roaring Moon|Acrobatics|p2a: Elektrizit\u00e4t\n|-damage|p2a: Elektrizit\u00e4t|75\/100\n|move|p1b: ChiYu|Will-O-Wisp|p2a: Elektrizit\u00e4t\n|-status|p2a: Elektrizit\u00e4t|brn\n|move|p2a: Elektrizit\u00e4t|Wild Charge|p1a: Roaring Moon\n|-resisted|p1a: Roaring Moon\n|-damage|p1a: Roaring Moon|21\/100\n|-damage|p2a: Elektrizit\u00e4t|73\/100 brn|[from] Recoil\n|\n|-weather|Sandstorm|[upkeep]\n|-damage|p1a: Roaring Moon|15\/100|[from] Sandstorm\n|-damage|p2a: Elektrizit\u00e4t|66\/100 brn|[from] Sandstorm\n|-heal|p2a: Elektrizit\u00e4t|73\/100 brn|[from] item: Leftovers\n|-damage|p2a: Elektrizit\u00e4t|66\/100 brn|[from] brn\n|upkeep\n|turn|5\n|c|\u2606InkOdysseyGaming|something tells me ive lost\n|\n|t:|1682541064\n|move|p1a: Roaring Moon|Acrobatics|p2a: Elektrizit\u00e4t\n|-damage|p2a: Elektrizit\u00e4t|40\/100 brn\n|move|p1b: ChiYu|Flare Blitz|p2a: Elektrizit\u00e4t\n|-damage|p2a: Elektrizit\u00e4t|10\/100 brn\n|-damage|p1b: ChiYu|76\/100|[from] Recoil\n|move|p2a: Elektrizit\u00e4t|Close Combat|p1a: Roaring Moon\n|-supereffective|p1a: Roaring Moon\n|-damage|p1a: Roaring Moon|0 fnt\n|-unboost|p2a: Elektrizit\u00e4t|def|1\n|-unboost|p2a: Elektrizit\u00e4t|spd|1\n|faint|p1a: Roaring Moon\n|-end|p1a: Roaring Moon|Protosynthesis|[silent]\n|\n|-weather|none\n|-heal|p2a: Elektrizit\u00e4t|16\/100 brn|[from] item: Leftovers\n|-damage|p2a: Elektrizit\u00e4t|10\/100 brn|[from] brn\n|upkeep\n|c|\u2606mugiwaraLux|ye\n|c|\u2606mugiwaraLux|ggs\n|\n|t:|1682541071\n|switch|p1a: Palafin|Palafin, L50, F|100\/100\n|turn|6\n|c|\u2606InkOdysseyGaming|ggs\n|\n|t:|1682541082\n|move|p1b: ChiYu|Extreme Speed|p2a: Elektrizit\u00e4t\n|-damage|p2a: Elektrizit\u00e4t|0 fnt\n|faint|p2a: Elektrizit\u00e4t\n|-end|p2a: Elektrizit\u00e4t|Quark Drive|[silent]\n|\n|win|mugiwaraLux\n|l|\u2606InkOdysseyGaming\n","uploadtime":1682542115,"views":12,"p1id":"mugiwaralux","p2id":"inkodysseygaming","formatid":"gen9vgc2023regulationc","rating":0,"private":0,"password":""}