{"id":"gen9vgc2023regulationc-1862367600","p1":"i beed my ped","p2":"aizoubot","format":"[Gen 9] VGC 2023 Regulation C","log":"|j|\u2606i beed my ped\n|j|\u2606aizoubot\n|t:|1683874105\n|gametype|doubles\n|player|p1|i beed my ped|102|1413\n|player|p2|aizoubot|1|1475\n|teamsize|p1|6\n|teamsize|p2|6\n|gen|9\n|tier|[Gen 9] VGC 2023 Regulation C\n|rated|\n|rule|Species Clause: Limit one of each Pok\u00e9mon\n|rule|Item Clause: Limit one of each item\n|clearpoke\n|poke|p1|Chi-Yu, L50|\n|poke|p1|Talonflame, L50, F|\n|poke|p1|Garchomp, L50, M|\n|poke|p1|Flutter Mane, L50|\n|poke|p1|Breloom, L50, F|\n|poke|p1|Iron Bundle, L50|\n|poke|p2|Orthworm, L50, F|\n|poke|p2|Garchomp, L50, F|\n|poke|p2|Chien-Pao, L50|\n|poke|p2|Dragonite, L50, M|\n|poke|p2|Flutter Mane, L50|\n|poke|p2|Glimmora, L50, F|\n|teampreview|4\n|inactive|Battle timer is ON: inactive players will automatically lose when time's up. (requested by aizoubot)\n|inactive|i beed my ped has 60 seconds left.\n|inactive|aizoubot has 60 seconds left.\n|inactive|i beed my ped has 30 seconds left.\n|\n|t:|1683874171\n|start\n|switch|p1a: Talonflame|Talonflame, L50, F|100\/100\n|switch|p1b: Breloom|Breloom, L50, F, shiny|100\/100\n|switch|p2a: Dragonite|Dragonite, L50, M|100\/100\n|switch|p2b: Garchomp|Garchomp, L50, F|100\/100\n|turn|1\n|inactive|i beed my ped has 30 seconds left.\n|\n|t:|1683874202\n|move|p2a: Dragonite|Extreme Speed|p1a: Talonflame\n|-damage|p1a: Talonflame|64\/100\n|-damage|p2a: Dragonite|84\/100|[from] item: Rocky Helmet|[of] p1a: Talonflame\n|move|p2b: Garchomp|Rock Slide|p1b: Breloom|[spread] p1a,p1b\n|-supereffective|p1a: Talonflame\n|-resisted|p1b: Breloom\n|-damage|p1a: Talonflame|0 fnt\n|-damage|p1b: Breloom|83\/100\n|faint|p1a: Talonflame\n|move|p1b: Breloom|Spore|p2b: Garchomp\n|-status|p2b: Garchomp|slp|[from] move: Spore\n|\n|upkeep\n|inactive|i beed my ped has 30 seconds left.\n|\n|t:|1683874233\n|switch|p1a: Flutter Mane|Flutter Mane, L50|100\/100\n|turn|2\n|\n|t:|1683874254\n|switch|p2b: Glimmora|Glimmora, L50, F|100\/100\n|-terastallize|p1a: Flutter Mane|Fairy\n|-terastallize|p2a: Dragonite|Flying\n|move|p1a: Flutter Mane|Dazzling Gleam|p2b: Glimmora|[spread] p2a,p2b\n|-resisted|p2b: Glimmora\n|-damage|p2a: Dragonite|16\/100\n|-damage|p2b: Glimmora|74\/100\n|move|p1b: Breloom|Spore|p2a: Dragonite\n|-status|p2a: Dragonite|slp|[from] move: Spore\n|-enditem|p2a: Dragonite|Lum Berry|[eat]\n|-curestatus|p2a: Dragonite|slp|[msg]\n|move|p2a: Dragonite|Tera Blast|p1b: Breloom\n|-supereffective|p1b: Breloom\n|-damage|p1b: Breloom|0 fnt\n|faint|p1b: Breloom\n|\n|upkeep\n|\n|t:|1683874273\n|switch|p1b: Iron Bundle|Iron Bundle, L50|100\/100\n|-enditem|p1b: Iron Bundle|Booster Energy\n|-activate|p1b: Iron Bundle|ability: Quark Drive|[fromitem]\n|-start|p1b: Iron Bundle|quarkdrivespe\n|turn|3\n|\n|t:|1683874291\n|move|p2a: Dragonite|Protect|p2a: Dragonite\n|-singleturn|p2a: Dragonite|Protect\n|move|p1b: Iron Bundle|Hydro Pump|p2b: Glimmora\n|-supereffective|p2b: Glimmora\n|-crit|p2b: Glimmora\n|-damage|p2b: Glimmora|0 fnt\n|faint|p2b: Glimmora\n|move|p1a: Flutter Mane|Dazzling Gleam|p2a: Dragonite\n|-activate|p2a: Dragonite|move: Protect\n|\n|upkeep\n|\n|t:|1683874302\n|switch|p2b: Orthworm|Orthworm, L50, F, shiny|100\/100\n|turn|4\n|\n|t:|1683874319\n|move|p2a: Dragonite|Extreme Speed|p1b: Iron Bundle\n|-damage|p1b: Iron Bundle|66\/100\n|move|p1b: Iron Bundle|Hydro Pump|p2b: Orthworm\n|-crit|p2b: Orthworm\n|-damage|p2b: Orthworm|0 fnt\n|faint|p2b: Orthworm\n|move|p1a: Flutter Mane|Dazzling Gleam|p2a: Dragonite\n|-damage|p2a: Dragonite|0 fnt\n|faint|p2a: Dragonite\n|\n|upkeep\n|\n|t:|1683874326\n|switch|p2a: Garchomp|Garchomp, L50, F|100\/100 slp\n|turn|5\n|-message|aizoubot forfeited.\n|\n|win|i beed my ped\n|raw|i beed my ped's rating: 1413 → 1437<\/strong> (+24 for winning)\n|raw|aizoubot's rating: 1475 → 1451<\/strong> (-24 for losing)\n|l|\u2606aizoubot\n","uploadtime":1683874338,"views":7,"p1id":"ibeedmyped","p2id":"aizoubot","formatid":"gen9vgc2023regulationc","rating":1437,"private":0,"password":""}