{"id":"gen9vgc2023regulationc-1850314026","p1":"play3r35","p2":"lamp1234567","format":"[Gen 9] VGC 2023 Regulation C","log":"|j|\u2606play3r35\n|j|\u2606lamp1234567\n|t:|1682316380\n|gametype|doubles\n|player|p1|play3r35|caitlin|1294\n|player|p2|lamp1234567|266|1211\n|teamsize|p1|6\n|teamsize|p2|6\n|gen|9\n|tier|[Gen 9] VGC 2023 Regulation C\n|rated|\n|rule|Species Clause: Limit one of each Pok\u00e9mon\n|rule|Item Clause: Limit one of each item\n|clearpoke\n|poke|p1|Chi-Yu, L50|\n|poke|p1|Flutter Mane, L50|\n|poke|p1|Scream Tail, L50|\n|poke|p1|Palafin, L50, F|\n|poke|p1|Iron Bundle, L50|\n|poke|p1|Gholdengo, L50|\n|poke|p2|Scizor, L50, M|\n|poke|p2|Flutter Mane, L50|\n|poke|p2|Rotom-Wash, L50|\n|poke|p2|Great Tusk, L50|\n|poke|p2|Arcanine, L50, M|\n|poke|p2|Chien-Pao, L50|\n|teampreview|4\n|inactive|Battle timer is ON: inactive players will automatically lose when time's up. (requested by play3r35)\nplay3r35 has agreed to open team sheets.\n|inactive|lamp1234567 has 60 seconds left.\n|\n|t:|1682316428\n|start\n|switch|p1a: Scream Tail|Scream Tail, L50|100\/100\n|switch|p1b: Chi-Yu|Chi-Yu, L50|100\/100\n|switch|p2a: Scizor|Scizor, L50, M|100\/100\n|switch|p2b: Great Tusk|Great Tusk, L50|100\/100\n|-ability|p1b: Chi-Yu|Beads of Ruin\n|-enditem|p1a: Scream Tail|Booster Energy\n|-activate|p1a: Scream Tail|ability: Protosynthesis|[fromitem]\n|-start|p1a: Scream Tail|protosynthesisspe\n|turn|1\n|inactive|play3r35 has 30 seconds left.\n|inactive|lamp1234567 has 30 seconds left.\n|inactive|play3r35 has 20 seconds left.\n|inactive|play3r35 has 15 seconds left.\n|\n|t:|1682316473\n|-terastallize|p2a: Scizor|Water\n|move|p2a: Scizor|Bullet Punch|p1a: Scream Tail\n|-supereffective|p1a: Scream Tail\n|-damage|p1a: Scream Tail|46\/100\n|move|p1a: Scream Tail|Play Rough|p2b: Great Tusk\n|-supereffective|p2b: Great Tusk\n|-damage|p2b: Great Tusk|66\/100\n|-unboost|p2b: Great Tusk|atk|1\n|move|p2b: Great Tusk|Headlong Rush|p1b: Chi-Yu\n|-supereffective|p1b: Chi-Yu\n|-damage|p1b: Chi-Yu|10\/100\n|-unboost|p2b: Great Tusk|def|1\n|-unboost|p2b: Great Tusk|spd|1\n|move|p1b: Chi-Yu|Heat Wave|p2a: Scizor|[spread] p2a,p2b\n|-resisted|p2a: Scizor\n|-crit|p2a: Scizor\n|-damage|p2a: Scizor|45\/100\n|-damage|p2b: Great Tusk|0 fnt\n|faint|p2b: Great Tusk\n|-end|p2b: Great Tusk|Protosynthesis|[silent]\n|\n|upkeep\n|\n|t:|1682316497\n|switch|p2b: Arcanine|Arcanine, L50, M|100\/100\n|-ability|p2b: Arcanine|Intimidate|boost\n|-unboost|p1a: Scream Tail|atk|1\n|-unboost|p1b: Chi-Yu|atk|1\n|turn|2\n|c|\u2606play3r35|chi yu is a beast\n|inactive|play3r35 has 30 seconds left.\n|\n|t:|1682316530\n|move|p2b: Arcanine|Extreme Speed|p1b: Chi-Yu\n|-damage|p1b: Chi-Yu|0 fnt\n|faint|p1b: Chi-Yu\n|move|p2a: Scizor|Bullet Punch|p1a: Scream Tail\n|-supereffective|p1a: Scream Tail\n|-damage|p1a: Scream Tail|0 fnt\n|faint|p1a: Scream Tail\n|-end|p1a: Scream Tail|Protosynthesis|[silent]\n|\n|upkeep\n|\n|t:|1682316535\n|switch|p1a: Flutter Mane|Flutter Mane, L50|100\/100\n|switch|p1b: Iron Bundle|Iron Bundle, L50|100\/100\n|turn|3\n|\n|t:|1682316554\n|-terastallize|p1a: Flutter Mane|Grass\n|move|p2a: Scizor|Protect|p2a: Scizor\n|-singleturn|p2a: Scizor|Protect\n|move|p1b: Iron Bundle|Icy Wind|p2a: Scizor|[spread] \n|-activate|p2a: Scizor|move: Protect\n|-miss|p1b: Iron Bundle|p2b: Arcanine\n|move|p1a: Flutter Mane|Energy Ball|p2a: Scizor\n|-activate|p2a: Scizor|move: Protect\n|move|p2b: Arcanine|Snarl|p1b: Iron Bundle|[spread] p1a,p1b\n|-damage|p1a: Flutter Mane|93\/100\n|-damage|p1b: Iron Bundle|81\/100\n|-unboost|p1a: Flutter Mane|spa|1\n|-unboost|p1b: Iron Bundle|spa|1\n|\n|upkeep\n|turn|4\n|inactive|lamp1234567 has 30 seconds left.\n|inactive|lamp1234567 has 20 seconds left.\n|inactive|lamp1234567 has 15 seconds left.\n|inactive|lamp1234567 has 10 seconds left.\n|\n|t:|1682316602\n|switch|p2a: dont miss|Rotom-Wash, L50|100\/100\n|move|p2b: Arcanine|Extreme Speed|p1a: Flutter Mane\n|-damage|p1a: Flutter Mane|44\/100\n|move|p1b: Iron Bundle|Freeze-Dry|p2a: dont miss\n|-supereffective|p2a: dont miss\n|-damage|p2a: dont miss|55\/100\n|move|p1a: Flutter Mane|Shadow Ball|p2b: Arcanine\n|-damage|p2b: Arcanine|76\/100\n|-damage|p1a: Flutter Mane|35\/100|[from] item: Life Orb\n|\n|upkeep\n|turn|5\n|-message|play3r35 forfeited.\n|\n|win|lamp1234567\n|raw|play3r35's rating: 1294 → 1263<\/strong> (-31 for losing)\n|raw|lamp1234567's rating: 1211 → 1242<\/strong> (+31 for winning)\n|l|\u2606play3r35\n","uploadtime":1682316626,"views":28,"p1id":"play3r35","p2id":"lamp1234567","formatid":"gen9vgc2023regulationc","rating":1242,"private":0,"password":""}