{"id":"gen9vgc2023regulationc-1852957012","p1":"dsadfgh","p2":"ghostyboyy97","format":"[Gen 9] VGC 2023 Regulation C","log":"|j|\u2606dsadfgh\n|j|\u2606ghostyboyy97\n|t:|1682620492\n|gametype|doubles\n|player|p1|dsadfgh|2|1148\n|player|p2|ghostyboyy97|cameraman|1217\n|teamsize|p1|6\n|teamsize|p2|6\n|gen|9\n|tier|[Gen 9] VGC 2023 Regulation C\n|rated|\n|rule|Species Clause: Limit one of each Pok\u00e9mon\n|rule|Item Clause: Limit one of each item\n|clearpoke\n|poke|p1|Arcanine, L50, M|\n|poke|p1|Palafin, L50, M|\n|poke|p1|Dragonite, L50, M|\n|poke|p1|Flutter Mane, L50|\n|poke|p1|Chien-Pao, L50|\n|poke|p1|Amoonguss, L50, M|\n|poke|p2|Gastrodon, L50, M|\n|poke|p2|Ceruledge, L50, M|\n|poke|p2|Glimmora, L50, M|\n|poke|p2|Grimmsnarl, L50, M|\n|poke|p2|Iron Hands, L50|\n|poke|p2|Wo-Chien, L50|\n|teampreview|4\n|inactive|Battle timer is ON: inactive players will automatically lose when time's up. (requested by ghostyboyy97)\nghostyboyy97 has agreed to open team sheets.\n|c|\u2606ghostyboyy97|glhf\n|inactive|dsadfgh has 60 seconds left.\n|inactive|ghostyboyy97 has 60 seconds left.\n|\n|t:|1682620549\n|start\n|switch|p1a: Dragonite|Dragonite, L50, M, shiny|100\/100\n|switch|p1b: Chien-Pao|Chien-Pao, L50|100\/100\n|switch|p2a: Grimmsnarl|Grimmsnarl, L50, M|100\/100\n|switch|p2b: Glimmora|Glimmora, L50, M|100\/100\n|-ability|p1b: Chien-Pao|Sword of Ruin\n|turn|1\n|\n|t:|1682620569\n|move|p2a: Grimmsnarl|Fake Out|p1b: Chien-Pao\n|-damage|p1b: Chien-Pao|85\/100\n|cant|p1b: Chien-Pao|flinch\n|move|p2b: Glimmora|Mortal Spin|p1b: Chien-Pao|[spread] p1a,p1b\n|-damage|p1a: Dragonite|97\/100\n|-damage|p1b: Chien-Pao|77\/100\n|-status|p1a: Dragonite|psn\n|-status|p1b: Chien-Pao|psn\n|move|p1a: Dragonite|Dragon Dance|p1a: Dragonite\n|-boost|p1a: Dragonite|atk|1\n|-boost|p1a: Dragonite|spe|1\n|\n|-damage|p1b: Chien-Pao|65\/100 psn|[from] psn\n|-damage|p1a: Dragonite|85\/100 psn|[from] psn\n|upkeep\n|turn|2\n|inactive|dsadfgh has 30 seconds left.\n|inactive|dsadfgh has 20 seconds left.\n|\n|t:|1682620606\n|-terastallize|p1a: Dragonite|Normal\n|move|p2b: Glimmora|Spiky Shield|p2b: Glimmora\n|-singleturn|p2b: Glimmora|move: Protect\n|move|p1a: Dragonite|Extreme Speed|p2a: Grimmsnarl\n|-damage|p2a: Grimmsnarl|17\/100\n|move|p2a: Grimmsnarl|Reflect|p2a: Grimmsnarl\n|-sidestart|p2: ghostyboyy97|Reflect\n|move|p1b: Chien-Pao|Sacred Sword|p2b: Glimmora\n|-activate|p2b: Glimmora|move: Protect\n|-damage|p1b: Chien-Pao|53\/100 psn|[from] Spiky Shield|[of] p2b: Glimmora\n|\n|-damage|p1b: Chien-Pao|40\/100 psn|[from] psn\n|-damage|p1a: Dragonite|73\/100 psn|[from] psn\n|upkeep\n|turn|3\n|\n|t:|1682620628\n|move|p1a: Dragonite|Extreme Speed|p2b: Glimmora\n|-resisted|p2b: Glimmora\n|-damage|p2b: Glimmora|62\/100\n|move|p2a: Grimmsnarl|Light Screen|p2a: Grimmsnarl\n|-sidestart|p2: ghostyboyy97|move: Light Screen\n|move|p1b: Chien-Pao|Sacred Sword|p2b: Glimmora\n|-damage|p2b: Glimmora|29\/100\n|move|p2b: Glimmora|Power Gem|p1b: Chien-Pao\n|-supereffective|p1b: Chien-Pao\n|-damage|p1b: Chien-Pao|0 fnt\n|faint|p1b: Chien-Pao\n|\n|-damage|p1a: Dragonite|60\/100 psn|[from] psn\n|upkeep\n|\n|t:|1682620638\n|switch|p1b: Arcanine|Arcanine, L50, M, shiny|100\/100\n|-ability|p1b: Arcanine|Intimidate|boost\n|-unboost|p2a: Grimmsnarl|atk|1\n|-unboost|p2b: Glimmora|atk|1\n|turn|4\n|\n|t:|1682620646\n|move|p2b: Glimmora|Spiky Shield|p2b: Glimmora\n|-singleturn|p2b: Glimmora|move: Protect\n|move|p1a: Dragonite|Extreme Speed|p2b: Glimmora\n|-activate|p2b: Glimmora|move: Protect\n|-damage|p1a: Dragonite|48\/100 psn|[from] Spiky Shield|[of] p2b: Glimmora\n|move|p1b: Arcanine|Extreme Speed|p2a: Grimmsnarl\n|-damage|p2a: Grimmsnarl|1\/100\n|move|p2a: Grimmsnarl|Spirit Break|p1a: Dragonite\n|-damage|p1a: Dragonite|27\/100 psn\n|\n|-damage|p1a: Dragonite|14\/100 psn|[from] psn\n|upkeep\n|turn|5\n|-message|dsadfgh forfeited.\n|\n|win|ghostyboyy97\n|raw|dsadfgh's rating: 1148 → 1128<\/strong> (-20 for losing)\n|raw|ghostyboyy97's rating: 1217 → 1237<\/strong> (+20 for winning)\n|l|\u2606dsadfgh\n","uploadtime":1682620663,"views":11,"p1id":"dsadfgh","p2id":"ghostyboyy97","formatid":"gen9vgc2023regulationc","rating":1128,"private":0,"password":""}