{"id":"gen9vgc2023regulationc-1849831533","p1":"aaarrttt","p2":"Broskander","format":"[Gen 9] VGC 2023 Regulation C","log":"|j|\u2606aaarrttt\n|j|\u2606Broskander\n|t:|1682258115\n|gametype|doubles\n|player|p1|aaarrttt|102|1182\n|player|p2|Broskander|2|1095\n|teamsize|p1|6\n|teamsize|p2|6\n|gen|9\n|tier|[Gen 9] VGC 2023 Regulation C\n|rated|\n|rule|Species Clause: Limit one of each Pok\u00e9mon\n|rule|Item Clause: Limit one of each item\n|clearpoke\n|poke|p1|Great Tusk, L50|\n|poke|p1|Kilowattrel, L50, M|\n|poke|p1|Stantler, L50, M|\n|poke|p1|Torkoal, L50, M|\n|poke|p1|Flutter Mane, L50|\n|poke|p1|Palafin, L50, F|\n|poke|p2|Wo-Chien, L50|\n|poke|p2|Gastrodon-East, L50, M|\n|poke|p2|Garganacl, L50, M|\n|poke|p2|Arcanine, L50, M|\n|poke|p2|Grimmsnarl, L50, M|\n|poke|p2|Annihilape, L50, M|\n|teampreview|4\nBroskander has agreed to open team sheets.\n|inactive|Battle timer is ON: inactive players will automatically lose when time's up. (requested by aaarrttt)\n|\n|t:|1682258161\n|start\n|switch|p1a: Kilowattrel|Kilowattrel, L50, M|100\/100\n|switch|p1b: Great Tusk|Great Tusk, L50|100\/100\n|switch|p2a: Grimmsnarl|Grimmsnarl, L50, M|100\/100\n|switch|p2b: Wo-Chien|Wo-Chien, L50|100\/100\n|-ability|p2b: Wo-Chien|Tablets of Ruin\n|turn|1\n|\n|t:|1682258187\n|move|p2a: Grimmsnarl|Reflect|p2a: Grimmsnarl\n|-sidestart|p2: Broskander|Reflect\n|move|p1a: Kilowattrel|Discharge|p2b: Wo-Chien|[spread] p2a,p2b\n|-immune|p1b: Great Tusk\n|-resisted|p2b: Wo-Chien\n|-damage|p2a: Grimmsnarl|75\/100\n|-damage|p2b: Wo-Chien|92\/100\n|move|p1b: Great Tusk|Earthquake|p2a: Grimmsnarl|[spread] p2a,p2b\n|-immune|p1a: Kilowattrel\n|-resisted|p2b: Wo-Chien\n|-damage|p2a: Grimmsnarl|52\/100\n|-damage|p2b: Wo-Chien|85\/100\n|move|p2b: Wo-Chien|Ruination|p1a: Kilowattrel|[miss]\n|-miss|p2b: Wo-Chien|p1a: Kilowattrel\n|\n|-heal|p2b: Wo-Chien|91\/100|[from] item: Leftovers\n|upkeep\n|turn|2\n|\n|t:|1682258211\n|move|p2a: Grimmsnarl|Light Screen|p2a: Grimmsnarl\n|-sidestart|p2: Broskander|move: Light Screen\n|move|p1a: Kilowattrel|Discharge|p2a: Grimmsnarl|[spread] p2a,p2b\n|-immune|p1b: Great Tusk\n|-resisted|p2b: Wo-Chien\n|-damage|p2a: Grimmsnarl|36\/100\n|-damage|p2b: Wo-Chien|85\/100\n|-status|p2a: Grimmsnarl|par\n|move|p1b: Great Tusk|Earthquake|p2a: Grimmsnarl|[spread] p2a,p2b\n|-immune|p1a: Kilowattrel\n|-resisted|p2b: Wo-Chien\n|-damage|p2a: Grimmsnarl|11\/100 par\n|-damage|p2b: Wo-Chien|78\/100\n|move|p2b: Wo-Chien|Leech Seed|p1b: Great Tusk\n|-start|p1b: Great Tusk|move: Leech Seed\n|\n|-heal|p2b: Wo-Chien|84\/100|[from] item: Leftovers\n|-damage|p1b: Great Tusk|88\/100|[from] Leech Seed|[of] p2b: Wo-Chien\n|-heal|p2b: Wo-Chien|97\/100|[silent]\n|upkeep\n|turn|3\n|\n|t:|1682258235\n|switch|p2b: Gastrodon|Gastrodon-East, L50, M|100\/100\n|move|p2a: Grimmsnarl|Parting Shot|p1a: Kilowattrel\n|-unboost|p1a: Kilowattrel|atk|1\n|-unboost|p1a: Kilowattrel|spa|1\n|\n|t:|1682258241\n|switch|p2a: Wo-Chien|Wo-Chien, L50|97\/100|[from] Parting Shot\n|-ability|p2a: Wo-Chien|Tablets of Ruin\n|move|p1a: Kilowattrel|Discharge|p2a: Wo-Chien|[spread] p2a\n|-immune|p1b: Great Tusk\n|-immune|p2b: Gastrodon\n|-resisted|p2a: Wo-Chien\n|-damage|p2a: Wo-Chien|93\/100\n|move|p1b: Great Tusk|Earthquake|p2b: Gastrodon|[spread] p2a,p2b\n|-immune|p1a: Kilowattrel\n|-resisted|p2a: Wo-Chien\n|-damage|p2a: Wo-Chien|86\/100\n|-damage|p2b: Gastrodon|83\/100\n|\n|-heal|p2a: Wo-Chien|92\/100|[from] item: Leftovers\n|-damage|p1b: Great Tusk|75\/100|[from] Leech Seed|[of] p2b: Gastrodon\n|-heal|p2b: Gastrodon|94\/100|[silent]\n|upkeep\n|turn|4\n|inactive|aaarrttt has 30 seconds left.\n|\n|t:|1682258273\n|move|p1a: Kilowattrel|Thunderbolt|p2a: Wo-Chien\n|-resisted|p2a: Wo-Chien\n|-damage|p2a: Wo-Chien|86\/100\n|move|p1b: Great Tusk|Close Combat|p2b: Gastrodon\n|-damage|p2b: Gastrodon|67\/100\n|-unboost|p1b: Great Tusk|def|1\n|-unboost|p1b: Great Tusk|spd|1\n|move|p2a: Wo-Chien|Leech Seed|p1a: Kilowattrel\n|-start|p1a: Kilowattrel|move: Leech Seed\n|move|p2b: Gastrodon|Chilling Water|p1b: Great Tusk\n|-supereffective|p1b: Great Tusk\n|-damage|p1b: Great Tusk|6\/100\n|\n|-heal|p2a: Wo-Chien|92\/100|[from] item: Leftovers\n|-damage|p1a: Kilowattrel|88\/100|[from] Leech Seed|[of] p2a: Wo-Chien\n|-heal|p2a: Wo-Chien|100\/100|[silent]\n|-damage|p1b: Great Tusk|0 fnt|[from] Leech Seed|[of] p2b: Gastrodon\n|-heal|p2b: Gastrodon|72\/100|[silent]\n|faint|p1b: Great Tusk\n|-end|p1b: Great Tusk|Protosynthesis|[silent]\n|upkeep\n|\n|t:|1682258276\n|switch|p1b: Stantler|Stantler, L50, M|100\/100\n|-ability|p1b: Stantler|Intimidate|boost\n|-unboost|p2a: Wo-Chien|atk|1\n|-unboost|p2b: Gastrodon|atk|1\n|turn|5\n|inactive|aaarrttt has 30 seconds left.\n|inactive|Broskander has 30 seconds left.\n|\n|t:|1682258303\n|move|p1a: Kilowattrel|Thunderbolt|p2a: Wo-Chien\n|-resisted|p2a: Wo-Chien\n|-damage|p2a: Wo-Chien|95\/100\n|move|p1b: Stantler|Body Slam|p2a: Wo-Chien\n|-damage|p2a: Wo-Chien|79\/100\n|-status|p2a: Wo-Chien|par\n|move|p2b: Gastrodon|Recover|p2b: Gastrodon\n|-heal|p2b: Gastrodon|100\/100\n|move|p2a: Wo-Chien|Leech Seed|p1b: Stantler\n|-start|p1b: Stantler|move: Leech Seed\n|\n|-heal|p2a: Wo-Chien|85\/100 par|[from] item: Leftovers\n|-damage|p1a: Kilowattrel|76\/100|[from] Leech Seed|[of] p2a: Wo-Chien\n|-heal|p2a: Wo-Chien|94\/100 par|[silent]\n|-damage|p1b: Stantler|88\/100|[from] Leech Seed|[of] p2a: Wo-Chien\n|-heal|p2a: Wo-Chien|100\/100 par|[silent]\n|upkeep\n|turn|6\n|\n|t:|1682258327\n|move|p1a: Kilowattrel|Thunderbolt|p2a: Wo-Chien\n|-resisted|p2a: Wo-Chien\n|-damage|p2a: Wo-Chien|94\/100 par\n|move|p1b: Stantler|Body Slam|p2b: Gastrodon\n|-damage|p2b: Gastrodon|83\/100\n|move|p2b: Gastrodon|Chilling Water|p1b: Stantler\n|-damage|p1b: Stantler|66\/100\n|-unboost|p1b: Stantler|atk|1\n|cant|p2a: Wo-Chien|par\n|\n|-heal|p2a: Wo-Chien|100\/100 par|[from] item: Leftovers\n|-damage|p1a: Kilowattrel|63\/100|[from] Leech Seed|[of] p2a: Wo-Chien\n|-damage|p1b: Stantler|54\/100|[from] Leech Seed|[of] p2a: Wo-Chien\n|upkeep\n|turn|7\n|inactive|aaarrttt has 30 seconds left.\n|\n|t:|1682258361\n|move|p1a: Kilowattrel|Thunderbolt|p2a: Wo-Chien\n|-resisted|p2a: Wo-Chien\n|-crit|p2a: Wo-Chien\n|-damage|p2a: Wo-Chien|78\/100 par\n|move|p1b: Stantler|Body Slam|p2b: Gastrodon\n|-damage|p2b: Gastrodon|73\/100\n|move|p2b: Gastrodon|Chilling Water|p1b: Stantler\n|-damage|p1b: Stantler|32\/100\n|-unboost|p1b: Stantler|atk|1\n|-enditem|p1b: Stantler|Sitrus Berry|[eat]\n|-heal|p1b: Stantler|57\/100|[from] item: Sitrus Berry\n|cant|p2a: Wo-Chien|par\n|\n|-heal|p2a: Wo-Chien|84\/100 par|[from] item: Leftovers\n|-damage|p1a: Kilowattrel|51\/100|[from] Leech Seed|[of] p2a: Wo-Chien\n|-heal|p2a: Wo-Chien|94\/100 par|[silent]\n|-damage|p1b: Stantler|45\/100|[from] Leech Seed|[of] p2a: Wo-Chien\n|-heal|p2a: Wo-Chien|100\/100 par|[silent]\n|upkeep\n|turn|8\n|inactive|Broskander has 30 seconds left.\n|\n|t:|1682258387\n|move|p1a: Kilowattrel|Thunderbolt|p2a: Wo-Chien\n|-resisted|p2a: Wo-Chien\n|-damage|p2a: Wo-Chien|95\/100 par\n|move|p1b: Stantler|Body Slam|p2b: Gastrodon\n|-damage|p2b: Gastrodon|63\/100\n|move|p2b: Gastrodon|Yawn|p1a: Kilowattrel\n|-start|p1a: Kilowattrel|move: Yawn|[of] p2b: Gastrodon\n|cant|p2a: Wo-Chien|par\n|\n|-heal|p2a: Wo-Chien|100\/100 par|[from] item: Leftovers\n|-damage|p1a: Kilowattrel|38\/100|[from] Leech Seed|[of] p2a: Wo-Chien\n|-damage|p1b: Stantler|33\/100|[from] Leech Seed|[of] p2a: Wo-Chien\n|-sideend|p2: Broskander|Reflect\n|upkeep\n|turn|9\n|inactive|Broskander has 30 seconds left.\n|\n|t:|1682258416\n|move|p1a: Kilowattrel|Endeavor|p2b: Gastrodon\n|-damage|p2b: Gastrodon|26\/100\n|move|p2b: Gastrodon|Earth Power|p1b: Stantler\n|-damage|p1b: Stantler|0 fnt\n|faint|p1b: Stantler\n|cant|p2a: Wo-Chien|par\n|\n|-damage|p1a: Kilowattrel|26\/100|[from] Leech Seed|[of] p2a: Wo-Chien\n|-end|p1a: Kilowattrel|move: Yawn|[silent]\n|-status|p1a: Kilowattrel|slp\n|-sideend|p2: Broskander|move: Light Screen\n|upkeep\n|\n|t:|1682258418\n|switch|p1b: Torkoal|Torkoal, L50, M, shiny|100\/100\n|-weather|SunnyDay|[from] ability: Drought|[of] p1b: Torkoal\n|turn|10\n|inactive|Broskander has 30 seconds left.\n|\n|t:|1682258447\n|-terastallize|p2a: Wo-Chien|Poison\n|-terastallize|p1b: Torkoal|Fire\n|cant|p1a: Kilowattrel|slp\n|move|p2b: Gastrodon|Recover|p2b: Gastrodon\n|-heal|p2b: Gastrodon|76\/100\n|cant|p2a: Wo-Chien|par\n|move|p1b: Torkoal|Eruption|p2a: Wo-Chien|[spread] p2a,p2b\n|-resisted|p2b: Gastrodon\n|-damage|p2a: Wo-Chien|28\/100 par\n|-damage|p2b: Gastrodon|22\/100\n|\n|-weather|SunnyDay|[upkeep]\n|-heal|p2a: Wo-Chien|34\/100 par|[from] item: Leftovers\n|-damage|p1a: Kilowattrel|14\/100 slp|[from] Leech Seed|[of] p2a: Wo-Chien\n|-heal|p2a: Wo-Chien|43\/100 par|[silent]\n|upkeep\n|turn|11\n|\n|t:|1682258468\n|cant|p1a: Kilowattrel|slp\n|move|p2b: Gastrodon|Recover|p2b: Gastrodon\n|-heal|p2b: Gastrodon|72\/100\n|move|p2a: Wo-Chien|Ruination|p1b: Torkoal\n|-damage|p1b: Torkoal|51\/100\n|move|p1b: Torkoal|Eruption|p2a: Wo-Chien|[spread] p2a,p2b\n|-resisted|p2b: Gastrodon\n|-damage|p2a: Wo-Chien|4\/100 par\n|-damage|p2b: Gastrodon|46\/100\n|\n|-weather|SunnyDay|[upkeep]\n|-heal|p2a: Wo-Chien|10\/100 par|[from] item: Leftovers\n|-damage|p1a: Kilowattrel|1\/100 slp|[from] Leech Seed|[of] p2a: Wo-Chien\n|-heal|p2a: Wo-Chien|19\/100 par|[silent]\n|upkeep\n|turn|12\n|\n|t:|1682258490\n|move|p2a: Wo-Chien|Protect|p2a: Wo-Chien\n|-singleturn|p2a: Wo-Chien|Protect\n|cant|p1a: Kilowattrel|slp\n|move|p2b: Gastrodon|Earth Power|p1b: Torkoal\n|-supereffective|p1b: Torkoal\n|-damage|p1b: Torkoal|0 fnt\n|faint|p1b: Torkoal\n|\n|-weather|SunnyDay|[upkeep]\n|-heal|p2a: Wo-Chien|25\/100 par|[from] item: Leftovers\n|-damage|p1a: Kilowattrel|0 fnt|[from] Leech Seed|[of] p2a: Wo-Chien\n|-heal|p2a: Wo-Chien|26\/100 par|[silent]\n|faint|p1a: Kilowattrel\n|\n|win|Broskander\n|upkeep\n|raw|aaarrttt's rating: 1182 → 1151<\/strong> (-31 for losing)\n|raw|Broskander's rating: 1095 → 1127<\/strong> (+32 for winning)\n|l|\u2606aaarrttt\n","uploadtime":1682258511,"views":14,"p1id":"aaarrttt","p2id":"broskander","formatid":"gen9vgc2023regulationc","rating":1127,"private":0,"password":""}