{"id":"gen9vgc2023regulationc-1846985916","p1":"Zoono","p2":"forkash","format":"[Gen 9] VGC 2023 Regulation C","log":"|j|\u2606Zoono\n|j|\u2606forkash\n|t:|1681909079\n|gametype|doubles\n|player|p1|Zoono|ghetsis-gen5bw|1082\n|player|p2|forkash|biker-gen4|1075\n|teamsize|p1|6\n|teamsize|p2|6\n|gen|9\n|tier|[Gen 9] VGC 2023 Regulation C\n|rated|\n|rule|Species Clause: Limit one of each Pok\u00e9mon\n|rule|Item Clause: Limit one of each item\n|clearpoke\n|poke|p1|Flutter Mane, L50|\n|poke|p1|Amoonguss, L50, M|\n|poke|p1|Arcanine, L50, F|\n|poke|p1|Palafin, L50, F|\n|poke|p1|Ting-Lu, L50|\n|poke|p1|Dragonite, L50, F|\n|poke|p2|Flutter Mane, L50|\n|poke|p2|Revavroom, L50, F|\n|poke|p2|Chien-Pao, L50|\n|poke|p2|Gogoat, L50, F|\n|poke|p2|Talonflame, L50, M|\n|poke|p2|Great Tusk, L50|\n|teampreview|4\n|inactive|Battle timer is ON: inactive players will automatically lose when time's up. (requested by forkash)\n|inactive|Zoono has 60 seconds left.\n|inactive|forkash has 60 seconds left.\nforkash has agreed to open team sheets.\n|\n|t:|1681909118\n|start\n|switch|p1a: Nugget|Arcanine, L50, F, shiny|100\/100\n|switch|p1b: Amogus|Amoonguss, L50, M, shiny|100\/100\n|switch|p2a: Talonflame|Talonflame, L50, M|100\/100\n|switch|p2b: Gogoat|Gogoat, L50, F|100\/100\n|-ability|p1a: Nugget|Intimidate|boost\n|-unboost|p2a: Talonflame|atk|1\n|-unboost|p2b: Gogoat|atk|1\n|turn|1\n|inactive|forkash has 30 seconds left.\n|\n|t:|1681909144\n|-terastallize|p2b: Gogoat|Fire\n|move|p2a: Talonflame|Brave Bird|p1b: Amogus\n|-supereffective|p1b: Amogus\n|-damage|p1b: Amogus|26\/100\n|-damage|p2a: Talonflame|84\/100|[from] item: Rocky Helmet|[of] p1b: Amogus\n|-damage|p2a: Talonflame|49\/100|[from] Recoil\n|-damage|p2a: Talonflame|39\/100|[from] item: Life Orb\n|move|p1a: Nugget|Will-O-Wisp|p2b: Gogoat\n|-immune|p2b: Gogoat\n|move|p2b: Gogoat|Earthquake|p1a: Nugget|[spread] p1a,p1b\n|-immune|p2a: Talonflame\n|-supereffective|p1a: Nugget\n|-damage|p1a: Nugget|71\/100\n|-damage|p1b: Amogus|14\/100\n|move|p1b: Amogus|Spore|p2a: Talonflame\n|-status|p2a: Talonflame|slp|[from] move: Spore\n|\n|upkeep\n|turn|2\n|inactive|Zoono has 30 seconds left.\n|\n|t:|1681909170\n|switch|p1b: PalaWIN|Palafin, L50, F|100\/100\n|cant|p2a: Talonflame|slp\n|move|p1a: Nugget|Flamethrower|p2b: Gogoat\n|-resisted|p2b: Gogoat\n|-damage|p2b: Gogoat|84\/100\n|move|p2b: Gogoat|Earthquake|p1b: PalaWIN|[spread] p1a,p1b\n|-immune|p2a: Talonflame\n|-supereffective|p1a: Nugget\n|-damage|p1a: Nugget|40\/100\n|-damage|p1b: PalaWIN|82\/100\n|\n|upkeep\n|turn|3\n|inactive|Zoono has 30 seconds left.\n|\n|t:|1681909197\n|detailschange|p1b: PalaWIN|Palafin-Hero, L50, F\n|switch|p1b: My man|Dragonite, L50, F, shiny|100\/100\n|cant|p2a: Talonflame|slp\n|move|p1a: Nugget|Morning Sun|p1a: Nugget\n|-heal|p1a: Nugget|89\/100\n|move|p2b: Gogoat|Leaf Blade|p1b: My man\n|-resisted|p1b: My man\n|-damage|p1b: My man|97\/100\n|\n|upkeep\n|turn|4\n|inactive|forkash has 30 seconds left.\n|\n|t:|1681909230\n|move|p1b: My man|Extreme Speed|p2a: Talonflame\n|-damage|p2a: Talonflame|0 fnt\n|faint|p2a: Talonflame\n|move|p1a: Nugget|Flamethrower|p2b: Gogoat\n|-resisted|p2b: Gogoat\n|-damage|p2b: Gogoat|67\/100\n|move|p2b: Gogoat|Wild Charge|p1a: Nugget\n|-damage|p1a: Nugget|73\/100\n|-damage|p2b: Gogoat|63\/100|[from] Recoil\n|\n|upkeep\n|\n|t:|1681909240\n|switch|p2a: Flutter Mane|Flutter Mane, L50|100\/100\n|turn|5\n|\n|t:|1681909257\n|switch|p2b: Chien-Pao|Chien-Pao, L50|100\/100\n|-ability|p2b: Chien-Pao|Sword of Ruin\n|-terastallize|p1b: My man|Fire\n|move|p2a: Flutter Mane|Moonblast|p1b: My man\n|-resisted|p1b: My man\n|-damage|p1b: My man|61\/100\n|move|p1a: Nugget|Snarl|p2b: Chien-Pao|[spread] p2a,p2b\n|-resisted|p2b: Chien-Pao\n|-damage|p2a: Flutter Mane|90\/100\n|-damage|p2b: Chien-Pao|93\/100\n|-unboost|p2a: Flutter Mane|spa|1\n|-unboost|p2b: Chien-Pao|spa|1\n|move|p1b: My man|Fire Punch|p2a: Flutter Mane\n|-damage|p2a: Flutter Mane|0 fnt\n|faint|p2a: Flutter Mane\n|-end|p2a: Flutter Mane|Protosynthesis|[silent]\n|\n|upkeep\n|\n|t:|1681909273\n|switch|p2a: Gogoat|Gogoat, L50, F, tera:Fire|63\/100\n|turn|6\n|\n|t:|1681909292\n|move|p1b: My man|Extreme Speed|p2b: Chien-Pao\n|-crit|p2b: Chien-Pao\n|-damage|p2b: Chien-Pao|33\/100\n|move|p2b: Chien-Pao|Throat Chop|p1a: Nugget\n|-damage|p1a: Nugget|22\/100\n|-start|p1a: Nugget|Throat Chop|[silent]\n|move|p1a: Nugget|Will-O-Wisp|p2b: Chien-Pao|[miss]\n|-miss|p1a: Nugget|p2b: Chien-Pao\n|move|p2a: Gogoat|Earthquake|p1b: My man|[spread] p2b,p1a,p1b\n|-supereffective|p1a: Nugget\n|-supereffective|p1b: My man\n|-damage|p2b: Chien-Pao|0 fnt\n|-damage|p1a: Nugget|0 fnt\n|-damage|p1b: My man|2\/100\n|faint|p2b: Chien-Pao\n|faint|p1a: Nugget\n|\n|upkeep\n|-message|forkash forfeited.\n|\n|win|Zoono\n|raw|Zoono's rating: 1082 → 1109<\/strong> (+27 for winning)\n|raw|forkash's rating: 1075 → 1054<\/strong> (-21 for losing)\n|l|\u2606forkash\n","uploadtime":1681909313,"views":7,"p1id":"zoono","p2id":"forkash","formatid":"gen9vgc2023regulationc","rating":1054,"private":0,"password":""}