{"id":"gen9vgc2023regulationc-1856330904","p1":"Krib_Underscore","p2":"Sufiyathegreat","format":"[Gen 9] VGC 2023 Regulation C","log":"|j|\u2606Krib_Underscore\n|j|\u2606Sufiyathegreat\n|t:|1683051501\n|gametype|doubles\n|player|p1|Krib_Underscore|dancer|1238\n|player|p2|Sufiyathegreat|sabrina|1143\n|teamsize|p1|6\n|teamsize|p2|6\n|gen|9\n|tier|[Gen 9] VGC 2023 Regulation C\n|rated|\n|rule|Species Clause: Limit one of each Pok\u00e9mon\n|rule|Item Clause: Limit one of each item\n|clearpoke\n|poke|p1|Armarouge, L50, M|\n|poke|p1|Indeedee-F, L50, F|\n|poke|p1|Great Tusk, L50|\n|poke|p1|Corviknight, L50, M|\n|poke|p1|Iron Bundle, L50|\n|poke|p1|Roaring Moon, L50|\n|poke|p2|Arboliva, L50, M|\n|poke|p2|Annihilape, L50, F|\n|poke|p2|Kingambit, L50, F|\n|poke|p2|Iron Bundle, L50|\n|poke|p2|Flutter Mane, L50|\n|poke|p2|Murkrow, L50, F|\n|teampreview|4\n|inactive|Battle timer is ON: inactive players will automatically lose when time's up. (requested by Sufiyathegreat)\nKrib_Underscore has agreed to open team sheets.\n|c|\u2606Sufiyathegreat|glhf~\nSufiyathegreat rejected open team sheets.\n|\n|t:|1683051532\n|start\n|switch|p1a: Taxi Service|Corviknight, L50, M, shiny|100\/100\n|switch|p1b: HoHoHomicide|Iron Bundle, L50|100\/100\n|switch|p2a: chicken 1|Arboliva, L50, M|100\/100\n|switch|p2b: chicken 3|Kingambit, L50, F|100\/100\n|turn|1\n|inactive|Krib_Underscore has 30 seconds left.\n|inactive|Sufiyathegreat has 30 seconds left.\n|\n|t:|1683051563\n|move|p1b: HoHoHomicide|Hydro Pump|p2b: chicken 3\n|-damage|p2b: chicken 3|66\/100\n|move|p1a: Taxi Service|Brave Bird|p2a: chicken 1\n|-supereffective|p2a: chicken 1\n|-damage|p2a: chicken 1|11\/100\n|-fieldstart|move: Grassy Terrain|[from] ability: Seed Sower|[of] p2a: chicken 1\n|-enditem|p2a: chicken 1|Grassy Seed\n|-boost|p2a: chicken 1|def|1|[from] item: Grassy Seed\n|-damage|p1a: Taxi Service|76\/100|[from] Recoil\n|move|p2b: chicken 3|Iron Head|p1b: HoHoHomicide\n|-damage|p1b: HoHoHomicide|57\/100\n|move|p2a: chicken 1|Giga Drain|p1b: HoHoHomicide\n|-supereffective|p1b: HoHoHomicide\n|-damage|p1b: HoHoHomicide|0 fnt\n|-heal|p2a: chicken 1|32\/100|[from] drain|[of] p1b: HoHoHomicide\n|faint|p1b: HoHoHomicide\n|-end|p1b: HoHoHomicide|Quark Drive|[silent]\n|\n|-heal|p2b: chicken 3|72\/100|[from] Grassy Terrain\n|-heal|p2a: chicken 1|38\/100|[from] Grassy Terrain\n|upkeep\n|\n|t:|1683051580\n|switch|p1b: Big Horns|Great Tusk, L50|100\/100\n|turn|2\n|\n|t:|1683051603\n|move|p1b: Big Horns|Knock Off|p2b: chicken 3\n|-resisted|p2b: chicken 3\n|-damage|p2b: chicken 3|61\/100\n|-enditem|p2b: chicken 3|Assault Vest|[from] move: Knock Off|[of] p1b: Big Horns\n|move|p1a: Taxi Service|Brave Bird|p2a: chicken 1\n|-supereffective|p2a: chicken 1\n|-damage|p2a: chicken 1|0 fnt\n|faint|p2a: chicken 1\n|-damage|p1a: Taxi Service|65\/100|[from] Recoil\n|move|p2b: chicken 3|Iron Head|p1a: Taxi Service\n|-resisted|p1a: Taxi Service\n|-damage|p1a: Taxi Service|54\/100\n|-damage|p2b: chicken 3|45\/100|[from] item: Rocky Helmet|[of] p1a: Taxi Service\n|\n|-heal|p2b: chicken 3|51\/100|[from] Grassy Terrain\n|upkeep\n|\n|t:|1683051623\n|switch|p2a: chicken 5|Flutter Mane, L50|100\/100\n|turn|3\n|\n|t:|1683051640\n|-terastallize|p1b: Big Horns|Steel\n|move|p2b: chicken 3|Sucker Punch|p1b: Big Horns\n|-damage|p1b: Big Horns|76\/100\n|move|p2a: chicken 5|Dazzling Gleam|p1a: Taxi Service|[spread] p1a,p1b\n|-resisted|p1a: Taxi Service\n|-resisted|p1b: Big Horns\n|-damage|p1a: Taxi Service|39\/100\n|-damage|p1b: Big Horns|63\/100\n|move|p1b: Big Horns|Headlong Rush|p2a: chicken 5\n|-damage|p2a: chicken 5|0 fnt\n|-unboost|p1b: Big Horns|def|1\n|-unboost|p1b: Big Horns|spd|1\n|faint|p2a: chicken 5\n|-end|p2a: chicken 5|Protosynthesis|[silent]\n|move|p1a: Taxi Service|Tailwind|p1a: Taxi Service\n|-sidestart|p1: Krib_Underscore|move: Tailwind\n|\n|-heal|p1b: Big Horns|69\/100|[from] Grassy Terrain\n|-heal|p2b: chicken 3|57\/100|[from] Grassy Terrain\n|upkeep\n|\n|t:|1683051661\n|switch|p2a: chicken 2|Annihilape, L50, F|100\/100\n|turn|4\n|\n|t:|1683051679\n|move|p2a: chicken 2|Protect|p2a: chicken 2\n|-singleturn|p2a: chicken 2|Protect\n|move|p1b: Big Horns|Headlong Rush|p2b: chicken 3\n|-supereffective|p2b: chicken 3\n|-damage|p2b: chicken 3|0 fnt\n|-unboost|p1b: Big Horns|def|1\n|-unboost|p1b: Big Horns|spd|1\n|faint|p2b: chicken 3\n|-end|p2b: chicken 3|fallenundefined|[silent]\n|move|p1a: Taxi Service|Roost|p1a: Taxi Service\n|-heal|p1a: Taxi Service|89\/100\n|-singleturn|p1a: Taxi Service|move: Roost\n|\n|-heal|p1b: Big Horns|75\/100|[from] Grassy Terrain\n|-heal|p1a: Taxi Service|95\/100|[from] Grassy Terrain\n|upkeep\n|turn|5\n|\n|t:|1683051702\n|-terastallize|p2a: chicken 2|Water\n|move|p1b: Big Horns|Headlong Rush|p2a: chicken 2\n|-damage|p2a: chicken 2|39\/100\n|-unboost|p1b: Big Horns|def|1\n|-unboost|p1b: Big Horns|spd|1\n|move|p1a: Taxi Service|Brave Bird|p2a: chicken 2\n|-damage|p2a: chicken 2|0 fnt\n|faint|p2a: chicken 2\n|-damage|p1a: Taxi Service|83\/100|[from] Recoil\n|\n|win|Krib_Underscore\n|raw|Krib_Underscore's rating: 1238 → 1256<\/strong> (+18 for winning)\n|raw|Sufiyathegreat's rating: 1143 → 1125<\/strong> (-18 for losing)\n|c|\u2606Krib_Underscore|gg\n|c|\u2606Krib_Underscore|amazing nicknames\n|l|\u2606Sufiyathegreat\n","uploadtime":1683051719,"views":17,"p1id":"kribunderscore","p2id":"sufiyathegreat","formatid":"gen9vgc2023regulationc","rating":1125,"private":0,"password":""}