{"id":"gen9vgc2023regulationc-1849951814","p1":"MatRod","p2":"Pokesull","format":"[Gen 9] VGC 2023 Regulation C","log":"|j|\u2606MatRod\n|j|\u2606Pokesull\n|t:|1682271546\n|gametype|doubles\n|player|p1|MatRod|veteran|1095\n|player|p2|Pokesull|nate|1066\n|teamsize|p1|6\n|teamsize|p2|6\n|gen|9\n|tier|[Gen 9] VGC 2023 Regulation C\n|rated|\n|rule|Species Clause: Limit one of each Pok\u00e9mon\n|rule|Item Clause: Limit one of each item\n|clearpoke\n|poke|p1|Espathra, L50, F|\n|poke|p1|Ting-Lu, L50|\n|poke|p1|Lycanroc-Midnight, L50, M|\n|poke|p1|Indeedee-F, L50, F|\n|poke|p1|Armarouge, L50, M|\n|poke|p1|Sandy Shocks, L50|\n|poke|p2|Glaceon, L50, M|\n|poke|p2|Iron Valiant, L50|\n|poke|p2|Coalossal, L50, F|\n|poke|p2|Wo-Chien, L50|\n|poke|p2|Sandy Shocks, L50|\n|poke|p2|Gengar, L50, M|\n|teampreview|4\nPokesull has agreed to open team sheets.\n|inactive|Battle timer is ON: inactive players will automatically lose when time's up. (requested by MatRod)\nMatRod has agreed to open team sheets.\n|\n|t:|1682271668\n|start\n|switch|p1a: Espathra|Espathra, L50, F, shiny|100\/100\n|switch|p1b: Sandy Shocks|Sandy Shocks, L50, shiny|100\/100\n|switch|p2a: Iron Valiant|Iron Valiant, L50|100\/100\n|switch|p2b: Glaceon|Glaceon, L50, M, shiny|100\/100\n|-enditem|p2a: Iron Valiant|Booster Energy\n|-activate|p2a: Iron Valiant|ability: Quark Drive|[fromitem]\n|-start|p2a: Iron Valiant|quarkdrivespe\n|-enditem|p1b: Sandy Shocks|Booster Energy\n|-activate|p1b: Sandy Shocks|ability: Protosynthesis|[fromitem]\n|-start|p1b: Sandy Shocks|protosynthesisspa\n|turn|1\n|inactive|MatRod has 30 seconds left.\n|inactive|Pokesull has 30 seconds left.\n|inactive|MatRod has 20 seconds left.\n|inactive|MatRod has 15 seconds left.\n|inactive|MatRod has 10 seconds left.\n|inactive|MatRod has 5 seconds left.\n|\n|t:|1682271720\n|move|p2a: Iron Valiant|Spirit Break|p1a: Espathra\n|-damage|p1a: Espathra|45\/100\n|-unboost|p1a: Espathra|spa|1\n|move|p1b: Sandy Shocks|Gravity|p1b: Sandy Shocks\n|-fieldstart|move: Gravity\n|move|p1a: Espathra|Hypnosis|p2b: Glaceon\n|-status|p2b: Glaceon|slp|[from] move: Hypnosis\n|cant|p2b: Glaceon|slp\n|\n|-ability|p1a: Espathra|Speed Boost|boost\n|-boost|p1a: Espathra|spe|1\n|upkeep\n|turn|2\n|\n|t:|1682271740\n|move|p2a: Iron Valiant|Spirit Break|p1a: Espathra\n|-damage|p1a: Espathra|0 fnt\n|faint|p1a: Espathra\n|move|p1b: Sandy Shocks|Zap Cannon|p2a: Iron Valiant\n|-damage|p2a: Iron Valiant|0 fnt\n|faint|p2a: Iron Valiant\n|-end|p2a: Iron Valiant|Quark Drive|[silent]\n|cant|p2b: Glaceon|slp\n|\n|upkeep\n|\n|t:|1682271758\n|switch|p2a: Wo-Chien|Wo-Chien, L50|100\/100\n|switch|p1a: Armarouge|Armarouge, L50, M|100\/100\n|-ability|p2a: Wo-Chien|Tablets of Ruin\n|turn|3\n|\n|t:|1682271775\n|-terastallize|p2b: Glaceon|Water\n|move|p1b: Sandy Shocks|Zap Cannon|p2b: Glaceon\n|-supereffective|p2b: Glaceon\n|-damage|p2b: Glaceon|0 fnt\n|faint|p2b: Glaceon\n|move|p1a: Armarouge|Focus Blast|p2a: Wo-Chien\n|-supereffective|p2a: Wo-Chien\n|-damage|p2a: Wo-Chien|51\/100\n|move|p2a: Wo-Chien|Power Whip|p1b: Sandy Shocks\n|-supereffective|p1b: Sandy Shocks\n|-damage|p1b: Sandy Shocks|14\/100\n|\n|-heal|p2a: Wo-Chien|57\/100|[from] item: Leftovers\n|upkeep\n|\n|t:|1682271787\n|switch|p2b: Sandy Shocks|Sandy Shocks, L50|100\/100\n|turn|4\n|\n|t:|1682271811\n|-terastallize|p1a: Armarouge|Grass\n|move|p2b: Sandy Shocks|Earth Power|p1a: Armarouge\n|-resisted|p1a: Armarouge\n|-damage|p1a: Armarouge|60\/100\n|-damage|p2b: Sandy Shocks|91\/100|[from] item: Life Orb\n|move|p1b: Sandy Shocks|Zap Cannon|p2a: Wo-Chien\n|-resisted|p2a: Wo-Chien\n|-damage|p2a: Wo-Chien|37\/100\n|-status|p2a: Wo-Chien|par\n|move|p1a: Armarouge|Energy Ball|p2b: Sandy Shocks\n|-supereffective|p2b: Sandy Shocks\n|-damage|p2b: Sandy Shocks|0 fnt\n|faint|p2b: Sandy Shocks\n|-end|p2b: Sandy Shocks|Protosynthesis|[silent]\n|move|p2a: Wo-Chien|Knock Off|p1b: Sandy Shocks\n|-damage|p1b: Sandy Shocks|0 fnt\n|faint|p1b: Sandy Shocks\n|-end|p1b: Sandy Shocks|Protosynthesis|[silent]\n|\n|-heal|p2a: Wo-Chien|42\/100 par|[from] item: Leftovers\n|upkeep\n|\n|t:|1682271828\n|switch|p1b: Indeedee|Indeedee-F, L50, F, shiny|100\/100\n|-fieldstart|move: Psychic Terrain|[from] ability: Psychic Surge|[of] p1b: Indeedee\n|-enditem|p1b: Indeedee|Psychic Seed\n|-boost|p1b: Indeedee|spd|1|[from] item: Psychic Seed\n|turn|5\n|\n|t:|1682271848\n|move|p2a: Wo-Chien|Protect|p2a: Wo-Chien\n|-singleturn|p2a: Wo-Chien|Protect\n|move|p1b: Indeedee|Heal Pulse|p1a: Armarouge\n|-heal|p1a: Armarouge|100\/100\n|move|p1a: Armarouge|Focus Blast|p2a: Wo-Chien\n|-activate|p2a: Wo-Chien|move: Protect\n|\n|-heal|p2a: Wo-Chien|48\/100 par|[from] item: Leftovers\n|-fieldend|move: Gravity\n|upkeep\n|turn|6\n|inactive|MatRod has 30 seconds left.\n|\n|t:|1682271880\n|move|p1b: Indeedee|Skill Swap|p2a: Wo-Chien\n|-activate|p1b: Indeedee|move: Skill Swap|Tablets of Ruin|Psychic Surge|[of] p2a: Wo-Chien\n|-ability|p1b: Indeedee|Tablets of Ruin\n|move|p1a: Armarouge|Focus Blast|p2a: Wo-Chien\n|-supereffective|p2a: Wo-Chien\n|-damage|p2a: Wo-Chien|7\/100 par\n|move|p2a: Wo-Chien|Knock Off|p1a: Armarouge\n|-damage|p1a: Armarouge|81\/100\n|-ability|p1a: Armarouge|Weak Armor|boost\n|-unboost|p1a: Armarouge|def|1\n|-boost|p1a: Armarouge|spe|2\n|-enditem|p1a: Armarouge|Weakness Policy|[from] move: Knock Off|[of] p2a: Wo-Chien\n|\n|-heal|p2a: Wo-Chien|13\/100 par|[from] item: Leftovers\n|upkeep\n|turn|7\n|\n|t:|1682271896\n|move|p1b: Indeedee|Follow Me|p1b: Indeedee\n|-singleturn|p1b: Indeedee|move: Follow Me\n|move|p1a: Armarouge|Energy Ball|p2a: Wo-Chien\n|-resisted|p2a: Wo-Chien\n|-crit|p2a: Wo-Chien\n|-damage|p2a: Wo-Chien|0 fnt\n|faint|p2a: Wo-Chien\n|\n|win|MatRod\n|raw|MatRod's rating: 1095 → 1119<\/strong> (+24 for winning)\n|raw|Pokesull's rating: 1066 → 1048<\/strong> (-18 for losing)\n|l|\u2606Pokesull\n","uploadtime":1682271908,"views":5,"p1id":"matrod","p2id":"pokesull","formatid":"gen9vgc2023regulationc","rating":1048,"private":0,"password":""}