{"id":"gen9vgc2023regulationc-1851774594","p1":"Parrotboy","p2":"Cheeseless","format":"[Gen 9] VGC 2023 Regulation C","log":"|j|\u2606Parrotboy\n|j|\u203dCheeseless\n|t:|1682481538\n|gametype|doubles\n|player|p1|Parrotboy|hiker-gen4|1171\n|player|p2|Cheeseless|170|1162\n|teamsize|p1|6\n|teamsize|p2|6\n|gen|9\n|tier|[Gen 9] VGC 2023 Regulation C\n|rated|\n|rule|Species Clause: Limit one of each Pok\u00e9mon\n|rule|Item Clause: Limit one of each item\n|clearpoke\n|poke|p1|Chi-Yu, L50|\n|poke|p1|Flutter Mane, L50|\n|poke|p1|Annihilape, L50, M|\n|poke|p1|Maushold, L50|\n|poke|p1|Gothitelle, L50, F|\n|poke|p1|Scream Tail, L50|\n|poke|p2|Palafin, L50, F|\n|poke|p2|Scream Tail, L50|\n|poke|p2|Flutter Mane, L50|\n|poke|p2|Amoonguss, L50, F|\n|poke|p2|Gothitelle, L50, M|\n|poke|p2|Pyroar, L50, M|\n|teampreview|4\nCheeseless has agreed to open team sheets.\n|inactive|Battle timer is ON: inactive players will automatically lose when time's up. (requested by Parrotboy)\n|\n|t:|1682481581\n|start\n|switch|p1a: Flutter Mane|Flutter Mane, L50, shiny|100\/100\n|switch|p1b: Gothitelle|Gothitelle, L50, F|100\/100\n|switch|p2a: Flutter Mane|Flutter Mane, L50|100\/100\n|switch|p2b: Palafin|Palafin, L50, F|100\/100\n|turn|1\n|\n|t:|1682481596\n|-terastallize|p1b: Gothitelle|Normal\n|move|p2b: Palafin|Protect|p2b: Palafin\n|-singleturn|p2b: Palafin|Protect\n|move|p1b: Gothitelle|Fake Out|p2b: Palafin\n|-activate|p2b: Palafin|move: Protect\n|move|p2a: Flutter Mane|Shadow Ball|p1b: Gothitelle\n|-immune|p1b: Gothitelle\n|move|p1a: Flutter Mane|Shadow Ball|p2a: Flutter Mane\n|-supereffective|p2a: Flutter Mane\n|-enditem|p2a: Flutter Mane|Focus Sash\n|-damage|p2a: Flutter Mane|1\/100\n|\n|upkeep\n|turn|2\n|inactive|Cheeseless has 30 seconds left.\n|\n|t:|1682481621\n|-terastallize|p2b: Palafin|Water\n|move|p1a: Flutter Mane|Protect|p1a: Flutter Mane\n|-singleturn|p1a: Flutter Mane|Protect\n|move|p2b: Palafin|Jet Punch|p1a: Flutter Mane\n|-activate|p1a: Flutter Mane|move: Protect\n|move|p2a: Flutter Mane|Moonblast|p1b: Gothitelle\n|-damage|p1b: Gothitelle|58\/100\n|-unboost|p1b: Gothitelle|spa|1\n|move|p1b: Gothitelle|Psyshock|p2a: Flutter Mane\n|-damage|p2a: Flutter Mane|0 fnt\n|faint|p2a: Flutter Mane\n|-end|p2a: Flutter Mane|Protosynthesis|[silent]\n|\n|upkeep\n|\n|t:|1682481635\n|switch|p2a: Amoonguss|Amoonguss, L50, F|100\/100\n|turn|3\n|\n|t:|1682481651\n|move|p1b: Gothitelle|Protect|p1b: Gothitelle\n|-singleturn|p1b: Gothitelle|Protect\n|move|p2b: Palafin|Jet Punch|p1b: Gothitelle\n|-activate|p1b: Gothitelle|move: Protect\n|move|p1a: Flutter Mane|Perish Song|p1a: Flutter Mane\n|-start|p1a: Flutter Mane|perish3|[silent]\n|-start|p1b: Gothitelle|perish3|[silent]\n|-start|p2a: Amoonguss|perish3|[silent]\n|-start|p2b: Palafin|perish3|[silent]\n|-fieldactivate|move: Perish Song\n|move|p2a: Amoonguss|Spore|p1a: Flutter Mane\n|-status|p1a: Flutter Mane|slp|[from] move: Spore\n|\n|-start|p1a: Flutter Mane|perish3\n|-start|p2b: Palafin|perish3\n|-start|p1b: Gothitelle|perish3\n|-start|p2a: Amoonguss|perish3\n|upkeep\n|turn|4\n|\n|t:|1682481672\n|-end|p1a: Flutter Mane|Protosynthesis|[silent]\n|switch|p1a: Maushold|Maushold, L50|100\/100\n|move|p1b: Gothitelle|Protect||[still]\n|-fail|p1b: Gothitelle\n|move|p2b: Palafin|Wave Crash|p1b: Gothitelle\n|-damage|p1b: Gothitelle|10\/100\n|-enditem|p1b: Gothitelle|Wiki Berry|[eat]\n|-heal|p1b: Gothitelle|43\/100|[from] item: Wiki Berry\n|-damage|p2b: Palafin|87\/100|[from] Recoil\n|move|p2a: Amoonguss|Pollen Puff|p2b: Palafin\n|-heal|p2b: Palafin|100\/100\n|\n|-start|p2b: Palafin|perish2\n|-start|p1b: Gothitelle|perish2\n|-start|p2a: Amoonguss|perish2\n|upkeep\n|turn|5\n|inactive|Cheeseless has 30 seconds left.\n|\n|t:|1682481702\n|move|p1b: Gothitelle|Protect|p1b: Gothitelle\n|-singleturn|p1b: Gothitelle|Protect\n|move|p1a: Maushold|Taunt|p2a: Amoonguss\n|-start|p2a: Amoonguss|move: Taunt\n|-enditem|p2a: Amoonguss|Mental Herb\n|-end|p2a: Amoonguss|move: Taunt\n|move|p2b: Palafin|Wave Crash|p1b: Gothitelle\n|-activate|p1b: Gothitelle|move: Protect\n|move|p2a: Amoonguss|Spore|p1a: Maushold\n|-status|p1a: Maushold|slp|[from] move: Spore\n|\n|-start|p2b: Palafin|perish1\n|-start|p1b: Gothitelle|perish1\n|-start|p2a: Amoonguss|perish1\n|upkeep\n|turn|6\n|\n|t:|1682481722\n|switch|p1b: Scream Tail|Scream Tail, L50|100\/100\n|-enditem|p1b: Scream Tail|Booster Energy\n|-activate|p1b: Scream Tail|ability: Protosynthesis|[fromitem]\n|-start|p1b: Scream Tail|protosynthesisspe\n|cant|p1a: Maushold|slp\n|move|p2b: Palafin|Wave Crash|p1a: Maushold\n|-damage|p1a: Maushold|11\/100 slp\n|-enditem|p1a: Maushold|Iapapa Berry|[eat]\n|-heal|p1a: Maushold|44\/100 slp|[from] item: Iapapa Berry\n|-damage|p2b: Palafin|74\/100|[from] Recoil\n|move|p2a: Amoonguss|Spore|p1b: Scream Tail\n|-status|p1b: Scream Tail|slp|[from] move: Spore\n|\n|-start|p2b: Palafin|perish0\n|-start|p2a: Amoonguss|perish0\n|upkeep\n|faint|p2b: Palafin\n|faint|p2a: Amoonguss\n|\n|t:|1682481737\n|switch|p2b: Pyroar|Pyroar, L50, M|100\/100\n|-ability|p2b: Pyroar|Unnerve\n|turn|7\n|\n|t:|1682481746\n|cant|p1a: Maushold|slp\n|cant|p1b: Scream Tail|slp\n|move|p2b: Pyroar|Hyper Voice|p1b: Scream Tail|[spread] p1a,p1b\n|-damage|p1a: Maushold|11\/100 slp\n|-damage|p1b: Scream Tail|84\/100 slp\n|\n|upkeep\n|turn|8\n|\n|t:|1682481758\n|-curestatus|p1b: Scream Tail|slp|[msg]\n|move|p1b: Scream Tail|Disable|p2b: Pyroar\n|-start|p2b: Pyroar|Disable|Hyper Voice\n|move|p2b: Pyroar|Flamethrower|p1a: Maushold\n|-damage|p1a: Maushold|0 fnt\n|faint|p1a: Maushold\n|\n|upkeep\n|\n|t:|1682481768\n|switch|p1a: Gothitelle|Gothitelle, L50, F, tera:Normal|43\/100\n|turn|9\n|\n|t:|1682481778\n|move|p1a: Gothitelle|Fake Out|p2b: Pyroar\n|-damage|p2b: Pyroar|89\/100\n|move|p1b: Scream Tail|Perish Song|p1b: Scream Tail\n|-start|p1a: Gothitelle|perish3|[silent]\n|-start|p1b: Scream Tail|perish3|[silent]\n|-start|p2b: Pyroar|perish3|[silent]\n|-fieldactivate|move: Perish Song\n|cant|p2b: Pyroar|flinch\n|\n|-start|p1b: Scream Tail|perish3\n|-start|p2b: Pyroar|perish3\n|-start|p1a: Gothitelle|perish3\n|upkeep\n|turn|10\n|\n|t:|1682481797\n|move|p1a: Gothitelle|Protect|p1a: Gothitelle\n|-singleturn|p1a: Gothitelle|Protect\n|move|p1b: Scream Tail|Encore|p2b: Pyroar\n|-start|p2b: Pyroar|Encore\n|move|p2b: Pyroar|Flamethrower|p1a: Gothitelle\n|-activate|p1a: Gothitelle|move: Protect\n|\n|-start|p1b: Scream Tail|perish2\n|-start|p2b: Pyroar|perish2\n|-start|p1a: Gothitelle|perish2\n|upkeep\n|turn|11\n|\n|t:|1682481813\n|switch|p1a: Flutter Mane|Flutter Mane, L50, shiny|100\/100 slp\n|move|p1b: Scream Tail|Play Rough|p2b: Pyroar\n|-resisted|p2b: Pyroar\n|-damage|p2b: Pyroar|73\/100\n|-unboost|p2b: Pyroar|atk|1\n|move|p2b: Pyroar|Flamethrower|p1a: Flutter Mane\n|-damage|p1a: Flutter Mane|47\/100 slp\n|\n|-end|p2b: Pyroar|Disable\n|-start|p1b: Scream Tail|perish1\n|-start|p2b: Pyroar|perish1\n|upkeep\n|turn|12\n|\n|t:|1682481830\n|-end|p1b: Scream Tail|Protosynthesis|[silent]\n|switch|p1b: Gothitelle|Gothitelle, L50, F, tera:Normal|43\/100\n|cant|p1a: Flutter Mane|slp\n|move|p2b: Pyroar|Flamethrower|p1a: Flutter Mane\n|-damage|p1a: Flutter Mane|0 fnt\n|faint|p1a: Flutter Mane\n|-end|p1a: Flutter Mane|Protosynthesis|[silent]\n|\n|-end|p2b: Pyroar|Encore\n|-start|p2b: Pyroar|perish0\n|upkeep\n|faint|p2b: Pyroar\n|\n|win|Parrotboy\n|raw|Parrotboy's rating: 1171 → 1195<\/strong> (+24 for winning)\n|raw|Cheeseless's rating: 1162 → 1138<\/strong> (-24 for losing)\n","uploadtime":1682481842,"views":9,"p1id":"parrotboy","p2id":"cheeseless","formatid":"gen9vgc2023regulationc","rating":1138,"private":0,"password":""}