{"id":"gen9vgc2023regulationc-1847552729","p1":"thedzbannedone","p2":"GB Seraphix","format":"[Gen 9] VGC 2023 Regulation C","log":"|j|\u2606thedzbannedone\n|j|\u2606GB Seraphix\n|t:|1681972210\n|gametype|doubles\n|player|p1|thedzbannedone|lance|1153\n|player|p2|GB Seraphix|rosa|1220\n|teamsize|p1|6\n|teamsize|p2|6\n|gen|9\n|tier|[Gen 9] VGC 2023 Regulation C\n|rated|\n|rule|Species Clause: Limit one of each Pok\u00e9mon\n|rule|Item Clause: Limit one of each item\n|clearpoke\n|poke|p1|Indeedee-F, L50, F|\n|poke|p1|Armarouge, L50, M|\n|poke|p1|Torkoal, L50, M|\n|poke|p1|Hatterene, L50, F|\n|poke|p1|Kingambit, L50, M|\n|poke|p1|Annihilape, L50, M|\n|poke|p2|Chi-Yu, L50|\n|poke|p2|Dachsbun, L50, F|\n|poke|p2|Flutter Mane, L50|\n|poke|p2|Baxcalibur, L50, M|\n|poke|p2|Amoonguss, L50, M|\n|poke|p2|Rotom-Wash, L50|\n|teampreview|4\n|inactive|Battle timer is ON: inactive players will automatically lose when time's up. (requested by thedzbannedone)\n|\n|t:|1681972277\n|start\n|switch|p1a: Indeedee|Indeedee-F, L50, F|100\/100\n|switch|p1b: Armarouge|Armarouge, L50, M|100\/100\n|switch|p2a: Nemo|Chi-Yu, L50|100\/100\n|switch|p2b: Gardenia|Dachsbun, L50, F|100\/100\n|-ability|p2a: Nemo|Beads of Ruin\n|-fieldstart|move: Psychic Terrain|[from] ability: Psychic Surge|[of] p1a: Indeedee\n|-enditem|p1a: Indeedee|Psychic Seed\n|-boost|p1a: Indeedee|spd|1|[from] item: Psychic Seed\n|turn|1\n|inactive|thedzbannedone has 30 seconds left.\n|\n|t:|1681972302\n|move|p1b: Armarouge|Wide Guard|p1b: Armarouge\n|-singleturn|p1b: Armarouge|Wide Guard\n|move|p2a: Nemo|Snarl|p1b: Armarouge|[spread] \n|-activate|p1a: Indeedee|move: Wide Guard\n|-activate|p1b: Armarouge|move: Wide Guard\n|move|p2b: Gardenia|Substitute|p2b: Gardenia\n|-start|p2b: Gardenia|Substitute\n|-damage|p2b: Gardenia|75\/100\n|move|p1a: Indeedee|Trick Room|p1a: Indeedee\n|-fieldstart|move: Trick Room|[of] p1a: Indeedee\n|\n|-heal|p2b: Gardenia|82\/100|[from] item: Leftovers\n|upkeep\n|turn|2\n|inactive|thedzbannedone has 30 seconds left.\n|\n|t:|1681972336\n|move|p2b: Gardenia|Protect|p2b: Gardenia\n|-singleturn|p2b: Gardenia|Protect\n|move|p1b: Armarouge|Wide Guard|p1b: Armarouge\n|-singleturn|p1b: Armarouge|Wide Guard\n|move|p1a: Indeedee|Follow Me|p1a: Indeedee\n|-singleturn|p1a: Indeedee|move: Follow Me\n|move|p2a: Nemo|Snarl|p1a: Indeedee|[spread] \n|-activate|p1a: Indeedee|move: Wide Guard\n|-activate|p1b: Armarouge|move: Wide Guard\n|\n|-heal|p2b: Gardenia|88\/100|[from] item: Leftovers\n|upkeep\n|turn|3\n|\n|t:|1681972358\n|-terastallize|p2b: Gardenia|Steel\n|move|p1b: Armarouge|Wide Guard|p1b: Armarouge\n|-singleturn|p1b: Armarouge|Wide Guard\n|move|p1a: Indeedee|Dazzling Gleam|p2b: Gardenia|[spread] p2a,p2b\n|-resisted|p2b: Gardenia\n|-activate|p2b: Gardenia|move: Substitute|[damage]\n|-damage|p2a: Nemo|85\/100\n|move|p2b: Gardenia|Body Press|p1a: Indeedee\n|-damage|p1a: Indeedee|81\/100\n|move|p2a: Nemo|Snarl|p1b: Armarouge|[spread] \n|-activate|p1a: Indeedee|move: Wide Guard\n|-activate|p1b: Armarouge|move: Wide Guard\n|\n|-heal|p2b: Gardenia|94\/100|[from] item: Leftovers\n|upkeep\n|turn|4\n|\n|t:|1681972380\n|switch|p1a: Torkoal|Torkoal, L50, M|100\/100\n|-weather|SunnyDay|[from] ability: Drought|[of] p1a: Torkoal\n|move|p1b: Armarouge|Wide Guard|p1b: Armarouge\n|-singleturn|p1b: Armarouge|Wide Guard\n|move|p2b: Gardenia|Body Press|p1a: Torkoal\n|-damage|p1a: Torkoal|85\/100\n|move|p2a: Nemo|Snarl|p1a: Torkoal|[spread] \n|-activate|p1a: Torkoal|move: Wide Guard\n|-activate|p1b: Armarouge|move: Wide Guard\n|\n|-weather|SunnyDay|[upkeep]\n|-heal|p2b: Gardenia|99\/100|[from] item: Leftovers\n|upkeep\n|turn|5\n|\n|t:|1681972397\n|move|p1b: Armarouge|Wide Guard|p1b: Armarouge\n|-singleturn|p1b: Armarouge|Wide Guard\n|move|p1a: Torkoal|Earth Power|p2a: Nemo\n|-supereffective|p2a: Nemo\n|-damage|p2a: Nemo|30\/100\n|move|p2b: Gardenia|Body Press|p1a: Torkoal\n|-damage|p1a: Torkoal|69\/100\n|move|p2a: Nemo|Snarl|p1b: Armarouge|[spread] \n|-activate|p1a: Torkoal|move: Wide Guard\n|-activate|p1b: Armarouge|move: Wide Guard\n|\n|-weather|SunnyDay|[upkeep]\n|-heal|p2b: Gardenia|100\/100|[from] item: Leftovers\n|-fieldend|move: Trick Room\n|-fieldend|move: Psychic Terrain\n|upkeep\n|turn|6\n|l|\u2606GB Seraphix\n|inactive|GB Seraphix disconnected and has a minute to reconnect!\n|player|p2|\n|inactive|GB Seraphix has 30 seconds left.\n|j|\u2606GB Seraphix\n|inactive|GB Seraphix reconnected and has 25 seconds left.\n|player|p2|GB Seraphix|rosa\n|inactive|GB Seraphix has 20 seconds left.\n|inactive|GB Seraphix has 15 seconds left.\n|\n|t:|1681972440\n|switch|p2a: Red Sus|Amoonguss, L50, M|100\/100\n|move|p1b: Armarouge|Wide Guard|p1b: Armarouge\n|-singleturn|p1b: Armarouge|Wide Guard\n|move|p2b: Gardenia|Yawn|p1b: Armarouge\n|-start|p1b: Armarouge|move: Yawn|[of] p2b: Gardenia\n|move|p1a: Torkoal|Earth Power|p2a: Red Sus\n|-damage|p2a: Red Sus|81\/100\n|\n|-weather|SunnyDay|[upkeep]\n|upkeep\n|turn|7\n|\n|t:|1681972465\n|switch|p1b: Indeedee|Indeedee-F, L50, F|81\/100\n|-fieldstart|move: Psychic Terrain|[from] ability: Psychic Surge|[of] p1b: Indeedee\n|move|p2a: Red Sus|Protect|p2a: Red Sus\n|-singleturn|p2a: Red Sus|Protect\n|move|p2b: Gardenia|Body Press|p1a: Torkoal\n|-damage|p1a: Torkoal|52\/100\n|move|p1a: Torkoal|Flamethrower|p2a: Red Sus\n|-activate|p2a: Red Sus|move: Protect\n|\n|-weather|SunnyDay|[upkeep]\n|upkeep\n|turn|8\n|inactive|GB Seraphix has 30 seconds left.\n|\n|t:|1681972491\n|switch|p2a: Nemo|Chi-Yu, L50|30\/100\n|-ability|p2a: Nemo|Beads of Ruin\n|move|p2b: Gardenia|Body Press|p1a: Torkoal\n|-damage|p1a: Torkoal|36\/100\n|move|p1a: Torkoal|Flamethrower|p2a: Nemo\n|-resisted|p2a: Nemo\n|-damage|p2a: Nemo|0 fnt\n|faint|p2a: Nemo\n|move|p1b: Indeedee|Trick Room|p1b: Indeedee\n|-fieldstart|move: Trick Room|[of] p1b: Indeedee\n|\n|-weather|none\n|upkeep\n|\n|t:|1681972505\n|switch|p2a: Red Sus|Amoonguss, L50, M|100\/100\n|turn|9\n|inactive|thedzbannedone has 30 seconds left.\n|\n|t:|1681972532\n|switch|p1a: Kingambit|Kingambit, L50, M|100\/100\n|switch|p1b: Armarouge|Armarouge, L50, M|100\/100\n|move|p2a: Red Sus|Protect|p2a: Red Sus\n|-singleturn|p2a: Red Sus|Protect\n|move|p2b: Gardenia|Body Press|p1b: Armarouge\n|-resisted|p1b: Armarouge\n|-damage|p1b: Armarouge|92\/100\n|\n|upkeep\n|turn|10\n|inactive|GB Seraphix has 30 seconds left.\n|\n|t:|1681972562\n|switch|p2a: BB|Flutter Mane, L50|100\/100\n|-enditem|p2a: BB|Booster Energy\n|-activate|p2a: BB|ability: Protosynthesis|[fromitem]\n|-start|p2a: BB|protosynthesisspe\n|move|p1a: Kingambit|Swords Dance|p1a: Kingambit\n|-boost|p1a: Kingambit|atk|2\n|move|p1b: Armarouge|Expanding Force|p2b: Gardenia|[spread] p2a,p2b\n|-resisted|p2b: Gardenia\n|-end|p2b: Gardenia|Substitute\n|-damage|p2a: BB|29\/100\n|move|p2b: Gardenia|Yawn|p1b: Armarouge\n|-start|p1b: Armarouge|move: Yawn|[of] p2b: Gardenia\n|\n|upkeep\n|turn|11\n|inactive|thedzbannedone has 30 seconds left.\n|\n|t:|1681972587\n|move|p2a: BB|Protect|p2a: BB\n|-singleturn|p2a: BB|Protect\n|move|p1a: Kingambit|Kowtow Cleave|p2a: BB\n|-activate|p2a: BB|move: Protect\n|move|p1b: Armarouge|Expanding Force|p2a: BB|[spread] p2b\n|-activate|p2a: BB|move: Protect\n|-resisted|p2b: Gardenia\n|-damage|p2b: Gardenia|66\/100\n|move|p2b: Gardenia|Body Press|p1a: Kingambit\n|-supereffective|p1a: Kingambit\n|-damage|p1a: Kingambit|41\/100\n|\n|-heal|p2b: Gardenia|72\/100|[from] item: Leftovers\n|-end|p1b: Armarouge|move: Yawn|[silent]\n|-status|p1b: Armarouge|slp\n|-fieldend|move: Psychic Terrain\n|upkeep\n|turn|12\n|inactive|thedzbannedone has 30 seconds left.\n|\n|t:|1681972616\n|-end|p2a: BB|Protosynthesis|[silent]\n|switch|p2a: Red Sus|Amoonguss, L50, M|100\/100\n|-terastallize|p1a: Kingambit|Dark\n|move|p1a: Kingambit|Kowtow Cleave|p2a: Red Sus\n|-damage|p2a: Red Sus|0 fnt\n|-damage|p1a: Kingambit|24\/100|[from] item: Rocky Helmet|[of] p2a: Red Sus\n|faint|p2a: Red Sus\n|cant|p1b: Armarouge|slp\n|move|p2b: Gardenia|Body Press|p1a: Kingambit\n|-supereffective|p1a: Kingambit\n|-damage|p1a: Kingambit|0 fnt\n|faint|p1a: Kingambit\n|\n|-heal|p2b: Gardenia|78\/100|[from] item: Leftovers\n|-fieldend|move: Trick Room\n|upkeep\n|\n|t:|1681972631\n|switch|p1a: Indeedee|Indeedee-F, L50, F|81\/100\n|switch|p2a: BB|Flutter Mane, L50|29\/100\n|-fieldstart|move: Psychic Terrain|[from] ability: Psychic Surge|[of] p1a: Indeedee\n|turn|13\n|\n|t:|1681972643\n|move|p2a: BB|Moonblast|p1a: Indeedee\n|-damage|p1a: Indeedee|28\/100\n|move|p2b: Gardenia|Body Press|p1a: Indeedee\n|-damage|p1a: Indeedee|8\/100\n|cant|p1b: Armarouge|slp\n|move|p1a: Indeedee|Trick Room|p1a: Indeedee\n|-fieldstart|move: Trick Room|[of] p1a: Indeedee\n|\n|-heal|p2b: Gardenia|84\/100|[from] item: Leftovers\n|upkeep\n|turn|14\n|\n|t:|1681972663\n|move|p2a: BB|Protect|p2a: BB\n|-singleturn|p2a: BB|Protect\n|move|p1a: Indeedee|Follow Me|p1a: Indeedee\n|-singleturn|p1a: Indeedee|move: Follow Me\n|-curestatus|p1b: Armarouge|slp|[msg]\n|move|p1b: Armarouge|Expanding Force|p2b: Gardenia|[spread] p2b\n|-activate|p2a: BB|move: Protect\n|-resisted|p2b: Gardenia\n|-damage|p2b: Gardenia|52\/100\n|move|p2b: Gardenia|Body Press|p1a: Indeedee\n|-damage|p1a: Indeedee|0 fnt\n|faint|p1a: Indeedee\n|\n|-heal|p2b: Gardenia|58\/100|[from] item: Leftovers\n|upkeep\n|\n|t:|1681972672\n|switch|p1a: Torkoal|Torkoal, L50, M|36\/100\n|-weather|SunnyDay|[from] ability: Drought|[of] p1a: Torkoal\n|-activate|p2a: BB|ability: Protosynthesis\n|-start|p2a: BB|protosynthesisspe\n|turn|15\n|\n|t:|1681972689\n|move|p2b: Gardenia|Protect|p2b: Gardenia\n|-singleturn|p2b: Gardenia|Protect\n|move|p1a: Torkoal|Earth Power|p2b: Gardenia\n|-activate|p2b: Gardenia|move: Protect\n|move|p1b: Armarouge|Expanding Force|p2a: BB|[spread] p2a\n|-activate|p2b: Gardenia|move: Protect\n|-damage|p2a: BB|0 fnt\n|faint|p2a: BB\n|-end|p2a: BB|Protosynthesis|[silent]\n|\n|-weather|SunnyDay|[upkeep]\n|-heal|p2b: Gardenia|64\/100|[from] item: Leftovers\n|upkeep\n|turn|16\n|\n|t:|1681972702\n|move|p1a: Torkoal|Earth Power|p2b: Gardenia\n|-supereffective|p2b: Gardenia\n|-damage|p2b: Gardenia|18\/100\n|move|p1b: Armarouge|Expanding Force|p2b: Gardenia\n|-resisted|p2b: Gardenia\n|-damage|p2b: Gardenia|0 fnt\n|faint|p2b: Gardenia\n|\n|win|thedzbannedone\n|raw|thedzbannedone's rating: 1153 → 1183<\/strong> (+30 for winning)\n|raw|GB Seraphix's rating: 1220 → 1190<\/strong> (-30 for losing)\n|l|\u2606thedzbannedone\n","uploadtime":1681972712,"views":9,"p1id":"thedzbannedone","p2id":"gbseraphix","formatid":"gen9vgc2023regulationc","rating":1183,"private":0,"password":""}