{"id":"gen9vgc2023regulationc-1862252560","p1":"woohelm","p2":"Draco Jack17","format":"[Gen 9] VGC 2023 Regulation C","log":"|j|\u2606woohelm\n|j|\u2606Draco Jack17\n|t:|1683855344\n|gametype|doubles\n|player|p1|woohelm|169|1307\n|player|p2|Draco Jack17|n|1286\n|teamsize|p1|6\n|teamsize|p2|6\n|gen|9\n|tier|[Gen 9] VGC 2023 Regulation C\n|rated|\n|rule|Species Clause: Limit one of each Pok\u00e9mon\n|rule|Item Clause: Limit one of each item\n|clearpoke\n|poke|p1|Wo-Chien, L50|\n|poke|p1|Garganacl, L50, F|\n|poke|p1|Grimmsnarl, L50, M|\n|poke|p1|Iron Moth, L50|\n|poke|p1|Baxcalibur, L50, F|\n|poke|p1|Kilowattrel, L50, F|\n|poke|p2|Amoonguss, L50, F|\n|poke|p2|Arcanine, L50, F|\n|poke|p2|Iron Bundle, L50|\n|poke|p2|Flutter Mane, L50|\n|poke|p2|Chien-Pao, L50|\n|poke|p2|Dragapult, L50, M|\n|teampreview|4\n|inactive|Battle timer is ON: inactive players will automatically lose when time's up. (requested by woohelm)\n|inactive|Draco Jack17 has 60 seconds left.\n|inactive|Draco Jack17 has 30 seconds left.\n|\n|t:|1683855412\n|start\n|switch|p1a: Grimmsnarl|Grimmsnarl, L50, M|100\/100\n|switch|p1b: BlockBuster|Baxcalibur, L50, F|100\/100\n|switch|p2a: Lust|Flutter Mane, L50|100\/100\n|switch|p2b: Arcanine|Arcanine, L50, F|100\/100\n|-ability|p2b: Arcanine|Intimidate|boost\n|-unboost|p1a: Grimmsnarl|atk|1\n|-fail|p1b: BlockBuster|unboost|[from] item: Clear Amulet|[of] p1b: BlockBuster\n|turn|1\n|inactive|Draco Jack17 has 30 seconds left.\n|inactive|Draco Jack17 has 20 seconds left.\n|inactive|Draco Jack17 has 15 seconds left.\n|\n|t:|1683855455\n|-terastallize|p1b: BlockBuster|Poison\n|move|p1a: Grimmsnarl|Light Screen|p1a: Grimmsnarl\n|-sidestart|p1: woohelm|move: Light Screen\n|move|p2a: Lust|Moonblast|p1b: BlockBuster\n|-resisted|p1b: BlockBuster\n|-damage|p1b: BlockBuster|78\/100\n|move|p2b: Arcanine|Flare Blitz|p1b: BlockBuster\n|-damage|p1b: BlockBuster|33\/100\n|-ability|p1b: BlockBuster|Thermal Exchange|boost\n|-boost|p1b: BlockBuster|atk|1\n|-damage|p2b: Arcanine|83\/100|[from] Recoil\n|move|p1b: BlockBuster|Icicle Crash|p2a: Lust\n|-damage|p2a: Lust|0 fnt\n|faint|p2a: Lust\n|-end|p2a: Lust|Protosynthesis|[silent]\n|\n|upkeep\n|\n|t:|1683855466\n|switch|p2a: Dragapult|Dragapult, L50, M|100\/100\n|turn|2\n|\n|t:|1683855485\n|-terastallize|p2a: Dragapult|Steel\n|move|p1b: BlockBuster|Protect|p1b: BlockBuster\n|-singleturn|p1b: BlockBuster|Protect\n|move|p2a: Dragapult|Tera Blast|p1b: BlockBuster\n|-activate|p1b: BlockBuster|move: Protect\n|move|p2b: Arcanine|Flare Blitz|p1b: BlockBuster\n|-activate|p1b: BlockBuster|move: Protect\n|move|p1a: Grimmsnarl|Spirit Break|p2a: Dragapult\n|-resisted|p2a: Dragapult\n|-damage|p2a: Dragapult|84\/100\n|\n|upkeep\n|turn|3\n|\n|t:|1683855503\n|move|p1a: Grimmsnarl|Reflect|p1a: Grimmsnarl\n|-sidestart|p1: woohelm|Reflect\n|move|p2a: Dragapult|Tera Blast|p1b: BlockBuster\n|-damage|p1b: BlockBuster|0 fnt\n|faint|p1b: BlockBuster\n|move|p2b: Arcanine|Flare Blitz|p1a: Grimmsnarl\n|-damage|p1a: Grimmsnarl|64\/100\n|-status|p1a: Grimmsnarl|brn\n|-damage|p2b: Arcanine|71\/100|[from] Recoil\n|\n|-damage|p1a: Grimmsnarl|58\/100 brn|[from] brn\n|upkeep\n|\n|t:|1683855509\n|switch|p1b: Garganacl|Garganacl, L50, F|100\/100\n|turn|4\n|inactive|Draco Jack17 has 30 seconds left.\n|inactive|Draco Jack17 has 20 seconds left.\n|\n|t:|1683855549\n|switch|p2a: Gluttony|Amoonguss, L50, F|100\/100\n|switch|p1a: Wo-Chien|Wo-Chien, L50|100\/100\n|-ability|p1a: Wo-Chien|Tablets of Ruin\n|move|p2b: Arcanine|Flare Blitz|p1a: Wo-Chien\n|-supereffective|p1a: Wo-Chien\n|-damage|p1a: Wo-Chien|58\/100\n|-status|p1a: Wo-Chien|brn\n|-damage|p2b: Arcanine|55\/100|[from] Recoil\n|move|p1b: Garganacl|Iron Defense|p1b: Garganacl\n|-boost|p1b: Garganacl|def|2\n|\n|-damage|p1a: Wo-Chien|52\/100 brn|[from] brn\n|upkeep\n|turn|5\n|\n|t:|1683855573\n|move|p2b: Arcanine|Flare Blitz|p1a: Wo-Chien\n|-supereffective|p1a: Wo-Chien\n|-damage|p1a: Wo-Chien|8\/100 brn\n|-damage|p2b: Arcanine|39\/100|[from] Recoil\n|move|p1a: Wo-Chien|Pollen Puff|p2a: Gluttony\n|-damage|p2a: Gluttony|77\/100\n|move|p2a: Gluttony|Pollen Puff|p1a: Wo-Chien\n|-supereffective|p1a: Wo-Chien\n|-damage|p1a: Wo-Chien|0 fnt\n|faint|p1a: Wo-Chien\n|move|p1b: Garganacl|Salt Cure|p2b: Arcanine\n|-supereffective|p2b: Arcanine\n|-damage|p2b: Arcanine|7\/100\n|-start|p2b: Arcanine|Salt Cure\n|\n|-damage|p2b: Arcanine|0 fnt|[from] Salt Cure\n|faint|p2b: Arcanine\n|upkeep\n|\n|t:|1683855584\n|switch|p2b: Dragapult|Dragapult, L50, M, tera:Steel|84\/100\n|switch|p1a: Grimmsnarl|Grimmsnarl, L50, M|58\/100 brn\n|turn|6\n|\n|t:|1683855601\n|move|p1a: Grimmsnarl|Fake Out|p2b: Dragapult\n|-resisted|p2b: Dragapult\n|-damage|p2b: Dragapult|80\/100\n|move|p2a: Gluttony|Rage Powder|p2a: Gluttony\n|-singleturn|p2a: Gluttony|move: Rage Powder\n|cant|p2b: Dragapult|flinch\n|move|p1b: Garganacl|Body Press|p2a: Gluttony\n|-resisted|p2a: Gluttony\n|-damage|p2a: Gluttony|58\/100\n|\n|-damage|p1a: Grimmsnarl|52\/100 brn|[from] brn\n|upkeep\n|turn|7\n|\n|t:|1683855621\n|move|p2a: Gluttony|Rage Powder|p2a: Gluttony\n|-singleturn|p2a: Gluttony|move: Rage Powder\n|move|p2b: Dragapult|Tera Blast|p1a: Grimmsnarl\n|-supereffective|p1a: Grimmsnarl\n|-damage|p1a: Grimmsnarl|0 fnt\n|faint|p1a: Grimmsnarl\n|move|p1b: Garganacl|Salt Cure|p2a: Gluttony\n|-damage|p2a: Gluttony|47\/100\n|-start|p2a: Gluttony|Salt Cure\n|-enditem|p2a: Gluttony|Sitrus Berry|[eat]\n|-heal|p2a: Gluttony|72\/100|[from] item: Sitrus Berry\n|\n|-damage|p2a: Gluttony|59\/100|[from] Salt Cure\n|upkeep\n|turn|8\n|\n|t:|1683855644\n|move|p2a: Gluttony|Rage Powder|p2a: Gluttony\n|-singleturn|p2a: Gluttony|move: Rage Powder\n|move|p2b: Dragapult|Tera Blast|p1b: Garganacl\n|-supereffective|p1b: Garganacl\n|-damage|p1b: Garganacl|77\/100\n|move|p1b: Garganacl|Iron Defense|p1b: Garganacl\n|-boost|p1b: Garganacl|def|2\n|\n|-heal|p1b: Garganacl|83\/100|[from] item: Leftovers\n|-damage|p2a: Gluttony|47\/100|[from] Salt Cure\n|-sideend|p1: woohelm|move: Light Screen\n|upkeep\n|turn|9\n|\n|t:|1683855652\n|move|p2b: Dragapult|Tera Blast|p1b: Garganacl\n|-supereffective|p1b: Garganacl\n|-damage|p1b: Garganacl|65\/100\n|move|p2a: Gluttony|Pollen Puff|p2b: Dragapult\n|-heal|p2b: Dragapult|100\/100\n|move|p1b: Garganacl|Iron Defense|p1b: Garganacl\n|-boost|p1b: Garganacl|def|2\n|\n|-heal|p1b: Garganacl|71\/100|[from] item: Leftovers\n|-damage|p2a: Gluttony|35\/100|[from] Salt Cure\n|upkeep\n|turn|10\n|\n|t:|1683855674\n|move|p2a: Gluttony|Rage Powder|p2a: Gluttony\n|-singleturn|p2a: Gluttony|move: Rage Powder\n|move|p2b: Dragapult|Tera Blast|p1b: Garganacl\n|-supereffective|p1b: Garganacl\n|-damage|p1b: Garganacl|59\/100\n|move|p1b: Garganacl|Recover|p1b: Garganacl\n|-heal|p1b: Garganacl|100\/100\n|\n|-damage|p2a: Gluttony|22\/100|[from] Salt Cure\n|-sideend|p1: woohelm|Reflect\n|upkeep\n|turn|11\n|\n|t:|1683855683\n|move|p2a: Gluttony|Rage Powder|p2a: Gluttony\n|-singleturn|p2a: Gluttony|move: Rage Powder\n|move|p2b: Dragapult|Tera Blast|p1b: Garganacl\n|-supereffective|p1b: Garganacl\n|-damage|p1b: Garganacl|80\/100\n|move|p1b: Garganacl|Recover|p1b: Garganacl\n|-heal|p1b: Garganacl|100\/100\n|\n|-damage|p2a: Gluttony|10\/100|[from] Salt Cure\n|upkeep\n|turn|12\n|inactive|Draco Jack17 has 30 seconds left.\n|\n|t:|1683855716\n|move|p2b: Dragapult|Tera Blast|p1b: Garganacl\n|-supereffective|p1b: Garganacl\n|-damage|p1b: Garganacl|82\/100\n|move|p2a: Gluttony|Spore|p1b: Garganacl\n|-immune|p1b: Garganacl|[from] ability: Purifying Salt\n|move|p1b: Garganacl|Recover|p1b: Garganacl\n|-heal|p1b: Garganacl|100\/100\n|\n|-damage|p2a: Gluttony|0 fnt|[from] Salt Cure\n|faint|p2a: Gluttony\n|upkeep\n|turn|13\n|\n|t:|1683855724\n|move|p2b: Dragapult|Tera Blast|p1b: Garganacl\n|-supereffective|p1b: Garganacl\n|-crit|p1b: Garganacl\n|-damage|p1b: Garganacl|0 fnt\n|faint|p1b: Garganacl\n|\n|win|Draco Jack17\n|raw|woohelm's rating: 1307 → 1286<\/strong> (-21 for losing)\n|raw|Draco Jack17's rating: 1286 → 1313<\/strong> (+27 for winning)\n|l|\u2606woohelm\n","uploadtime":1683855780,"views":15,"p1id":"woohelm","p2id":"dracojack17","formatid":"gen9vgc2023regulationc","rating":1286,"private":0,"password":""}