{"id":"gen9vgc2023regulationc-1846547743","p1":"bronzongbroomsvgc","p2":"toobadforalt","format":"[Gen 9] VGC 2023 Regulation C","log":"|j|\u2606bronzongbroomsvgc\n|j|\u2606toobadforalt\n|t:|1681850462\n|gametype|doubles\n|player|p1|bronzongbroomsvgc|265|1340\n|player|p2|toobadforalt|101|1291\n|teamsize|p1|6\n|teamsize|p2|6\n|gen|9\n|tier|[Gen 9] VGC 2023 Regulation C\n|rated|\n|rule|Species Clause: Limit one of each Pok\u00e9mon\n|rule|Item Clause: Limit one of each item\n|clearpoke\n|poke|p1|Bronzong, L50|\n|poke|p1|Wo-Chien, L50|\n|poke|p1|Pelipper, L50, M|\n|poke|p1|Corviknight, L50, M|\n|poke|p1|Tatsugiri-Droopy, L50, F|\n|poke|p1|Dondozo, L50, M|\n|poke|p2|Gastrodon, L50, M|\n|poke|p2|Ceruledge, L50, M|\n|poke|p2|Amoonguss, L50, M|\n|poke|p2|Kingambit, L50, M|\n|poke|p2|Salamence, L50, M|\n|poke|p2|Ting-Lu, L50|\n|teampreview|4\n|\n|t:|1681850504\n|start\n|switch|p1a: Corviknight|Corviknight, L50, M|100\/100\n|switch|p1b: Pelipper|Pelipper, L50, M|100\/100\n|switch|p2a: Ceruledge|Ceruledge, L50, M|100\/100\n|switch|p2b: Salamence|Salamence, L50, M|100\/100\n|-ability|p2b: Salamence|Intimidate|boost\n|-ability|p1a: Corviknight|Mirror Armor\n|-unboost|p2b: Salamence|atk|1\n|-unboost|p1b: Pelipper|atk|1\n|-weather|RainDance|[from] ability: Drizzle|[of] p1b: Pelipper\n|turn|1\n|\n|t:|1681850522\n|switch|p2b: Gastrodon|Gastrodon, L50, M|100\/100\n|move|p2a: Ceruledge|Bulk Up|p2a: Ceruledge\n|-boost|p2a: Ceruledge|atk|1\n|-boost|p2a: Ceruledge|def|1\n|move|p1a: Corviknight|Brave Bird|p2b: Gastrodon\n|-damage|p2b: Gastrodon|30\/100\n|-damage|p1a: Corviknight|72\/100|[from] Recoil\n|move|p1b: Pelipper|Hurricane|p2a: Ceruledge\n|-damage|p2a: Ceruledge|64\/100\n|\n|-weather|RainDance|[upkeep]\n|-heal|p2b: Gastrodon|36\/100|[from] item: Leftovers\n|upkeep\n|turn|2\n|\n|t:|1681850545\n|move|p2a: Ceruledge|Bitter Blade|p1a: Corviknight\n|-supereffective|p1a: Corviknight\n|-damage|p1a: Corviknight|6\/100\n|-heal|p2a: Ceruledge|95\/100|[from] drain|[of] p1a: Corviknight\n|move|p1a: Corviknight|Brave Bird|p2b: Gastrodon\n|-damage|p2b: Gastrodon|0 fnt\n|faint|p2b: Gastrodon\n|-damage|p1a: Corviknight|0 fnt|[from] Recoil\n|faint|p1a: Corviknight\n|move|p1b: Pelipper|Hurricane|p2a: Ceruledge\n|-damage|p2a: Ceruledge|58\/100\n|\n|-weather|RainDance|[upkeep]\n|upkeep\n|\n|t:|1681850560\n|switch|p1a: Dondozo|Dondozo, L50, M|100\/100\n|switch|p2b: Amoonguss|Amoonguss, L50, M|100\/100\n|turn|3\n|\n|t:|1681850588\n|-terastallize|p2b: Amoonguss|Water\n|move|p2a: Ceruledge|Bulk Up|p2a: Ceruledge\n|-boost|p2a: Ceruledge|atk|1\n|-boost|p2a: Ceruledge|def|1\n|move|p1a: Dondozo|Fissure|p2b: Amoonguss|[miss]\n|-miss|p1a: Dondozo|p2b: Amoonguss\n|move|p1b: Pelipper|Hydro Pump|p2a: Ceruledge\n|-supereffective|p2a: Ceruledge\n|-damage|p2a: Ceruledge|0 fnt\n|faint|p2a: Ceruledge\n|move|p2b: Amoonguss|Spore|p1a: Dondozo\n|-status|p1a: Dondozo|slp|[from] move: Spore\n|\n|-weather|RainDance|[upkeep]\n|upkeep\n|\n|t:|1681850601\n|switch|p2a: Salamence|Salamence, L50, M|100\/100\n|-ability|p2a: Salamence|Intimidate|boost\n|-unboost|p1a: Dondozo|atk|1\n|-unboost|p1b: Pelipper|atk|1\n|turn|4\n|\n|t:|1681850626\n|-terastallize|p1b: Pelipper|Grass\n|move|p2a: Salamence|Tailwind|p2a: Salamence\n|-sidestart|p2: toobadforalt|move: Tailwind\n|move|p2b: Amoonguss|Spore|p1b: Pelipper\n|-immune|p1b: Pelipper\n|cant|p1a: Dondozo|slp\n|move|p1b: Pelipper|Hurricane|p2a: Salamence\n|-damage|p2a: Salamence|67\/100\n|\n|-weather|RainDance|[upkeep]\n|upkeep\n|turn|5\n|\n|t:|1681850644\n|move|p2a: Salamence|Dual Wingbeat|p1b: Pelipper\n|-supereffective|p1b: Pelipper\n|-damage|p1b: Pelipper|56\/100\n|-supereffective|p1b: Pelipper\n|-damage|p1b: Pelipper|15\/100\n|-hitcount|p1b: Pelipper|2\n|move|p2b: Amoonguss|Pollen Puff|p2a: Salamence\n|-heal|p2a: Salamence|100\/100\n|cant|p1a: Dondozo|slp\n|move|p1b: Pelipper|Tailwind|p1b: Pelipper\n|-sidestart|p1: bronzongbroomsvgc|move: Tailwind\n|\n|-weather|RainDance|[upkeep]\n|upkeep\n|turn|6\n|\n|t:|1681850666\n|move|p1b: Pelipper|Protect|p1b: Pelipper\n|-singleturn|p1b: Pelipper|Protect\n|move|p2a: Salamence|Dual Wingbeat|p1b: Pelipper\n|-activate|p1b: Pelipper|move: Protect\n|cant|p1a: Dondozo|slp\n|move|p2b: Amoonguss|Spore|p1a: Dondozo\n|-fail|p1a: Dondozo|slp\n|\n|-weather|RainDance|[upkeep]\n|upkeep\n|turn|7\n|\n|t:|1681850694\n|move|p1b: Pelipper|Protect||[still]\n|-fail|p1b: Pelipper\n|move|p2a: Salamence|Dual Wingbeat|p1b: Pelipper\n|-supereffective|p1b: Pelipper\n|-damage|p1b: Pelipper|0 fnt\n|faint|p1b: Pelipper\n|-hitcount|p1: Pelipper|1\n|-curestatus|p1a: Dondozo|slp|[msg]\n|move|p1a: Dondozo|Fissure|p2b: Amoonguss|[miss]\n|-miss|p1a: Dondozo|p2b: Amoonguss\n|move|p2b: Amoonguss|Spore|p1a: Dondozo\n|-status|p1a: Dondozo|slp|[from] move: Spore\n|\n|-weather|RainDance|[upkeep]\n|-sideend|p2: toobadforalt|move: Tailwind\n|upkeep\n|\n|t:|1681850717\n|switch|p1b: Tatsugiri|Tatsugiri-Droopy, L50, F, shiny|100\/100\n|-activate|p1b: Tatsugiri|ability: Commander|[of] p1a: Dondozo\n|-boost|p1a: Dondozo|atk|2\n|-boost|p1a: Dondozo|spa|2\n|-boost|p1a: Dondozo|spe|2\n|-boost|p1a: Dondozo|def|2\n|-boost|p1a: Dondozo|spd|2\n|turn|8\n|c|\u2606toobadforalt|show you tweet one twitter but i forget who you are lol\n|c|\u2606bronzongbroomsvgc|lol\n|c|\u2606bronzongbroomsvgc|ninjosh maybe\n|\n|t:|1681850742\n|cant|p1a: Dondozo|slp\n|move|p2a: Salamence|Dragon Claw|p1a: Dondozo\n|-damage|p1a: Dondozo|84\/100 slp\n|move|p2b: Amoonguss|Clear Smog|p1a: Dondozo\n|-damage|p1a: Dondozo|76\/100 slp\n|-clearboost|p1a: Dondozo\n|\n|-weather|none\n|-sideend|p1: bronzongbroomsvgc|move: Tailwind\n|upkeep\n|turn|9\n|c|\u2606toobadforalt|maybe it was just\n|c|\u2606toobadforalt|no haze lol\n|c|\u2606bronzongbroomsvgc|that was probably it\n|\n|t:|1681850761\n|move|p2b: Amoonguss|Rage Powder|p2b: Amoonguss\n|-singleturn|p2b: Amoonguss|move: Rage Powder\n|move|p2a: Salamence|Tailwind|p2a: Salamence\n|-sidestart|p2: toobadforalt|move: Tailwind\n|-curestatus|p1a: Dondozo|slp|[msg]\n|move|p1a: Dondozo|Fissure|p2b: Amoonguss|[miss]\n|-miss|p1a: Dondozo|p2b: Amoonguss\n|\n|upkeep\n|turn|10\n|\n|t:|1681850777\n|move|p2a: Salamence|Dragon Claw|p1a: Dondozo\n|-damage|p1a: Dondozo|45\/100\n|move|p2b: Amoonguss|Spore|p1a: Dondozo\n|-status|p1a: Dondozo|slp|[from] move: Spore\n|cant|p1a: Dondozo|slp\n|\n|upkeep\n|turn|11\n|\n|t:|1681850792\n|move|p2a: Salamence|Dragon Claw|p1a: Dondozo\n|-damage|p1a: Dondozo|11\/100 slp\n|move|p2b: Amoonguss|Pollen Puff|p1a: Dondozo\n|-damage|p1a: Dondozo|0 fnt\n|faint|p1a: Dondozo\n|\n|upkeep\n|turn|12\n|\n|t:|1681850803\n|move|p2a: Salamence|Protect|p2a: Salamence\n|-singleturn|p2a: Salamence|Protect\n|move|p1b: Tatsugiri|Draco Meteor|p2a: Salamence\n|-activate|p2a: Salamence|move: Protect\n|move|p2b: Amoonguss|Spore|p1b: Tatsugiri\n|-status|p1b: Tatsugiri|slp|[from] move: Spore\n|\n|-sideend|p2: toobadforalt|move: Tailwind\n|upkeep\n|turn|13\n|c|\u2606bronzongbroomsvgc|gg\n|-message|bronzongbroomsvgc forfeited.\n|\n|win|toobadforalt\n|raw|bronzongbroomsvgc's rating: 1340 → 1317<\/strong> (-23 for losing)\n|raw|toobadforalt's rating: 1291 → 1320<\/strong> (+29 for winning)\n|l|\u2606bronzongbroomsvgc\n","uploadtime":1681850974,"views":5,"p1id":"bronzongbroomsvgc","p2id":"toobadforalt","formatid":"gen9vgc2023regulationc","rating":1317,"private":0,"password":""}