{"id":"gen9vgc2023regulationc-1850523815","p1":"Tipo Shitstorm","p2":"gorilnx","format":"[Gen 9] VGC 2023 Regulation C","log":"|j|\u2606Tipo Shitstorm\n|j|\u2606gorilnx\n|t:|1682345559\n|gametype|doubles\n|player|p1|Tipo Shitstorm|teamrocket|1128\n|player|p2|gorilnx|dawn-gen4pt|1143\n|teamsize|p1|6\n|teamsize|p2|6\n|gen|9\n|tier|[Gen 9] VGC 2023 Regulation C\n|rated|\n|rule|Species Clause: Limit one of each Pok\u00e9mon\n|rule|Item Clause: Limit one of each item\n|clearpoke\n|poke|p1|Gastrodon-East, L50, M|\n|poke|p1|Arcanine, L50, M|\n|poke|p1|Dragonite, L50, F|\n|poke|p1|Pyroar, L50, F|\n|poke|p1|Scizor, L50, F|\n|poke|p1|Flutter Mane, L50|\n|poke|p2|Abomasnow, L50, F|\n|poke|p2|Iron Bundle, L50|\n|poke|p2|Vivillon-Fancy, L50, M|\n|poke|p2|Ting-Lu, L50|\n|poke|p2|Annihilape, L50, M|\n|poke|p2|Chien-Pao, L50|\n|teampreview|4\n|inactive|Battle timer is ON: inactive players will automatically lose when time's up. (requested by Tipo Shitstorm)\nTipo Shitstorm rejected open team sheets.\n|\n|t:|1682345589\n|start\n|switch|p1a: Gastrodon|Gastrodon-East, L50, M|100\/100\n|switch|p1b: Pyroar|Pyroar, L50, F, shiny|100\/100\n|switch|p2a: Vivillon|Vivillon-Fancy, L50, M|100\/100\n|switch|p2b: Ting-Lu|Ting-Lu, L50|100\/100\n|-ability|p1b: Pyroar|Unnerve\n|-ability|p2b: Ting-Lu|Vessel of Ruin\n|turn|1\n|\n|t:|1682345601\n|move|p1b: Pyroar|Heat Wave|p2b: Ting-Lu|[spread] p2a,p2b\n|-supereffective|p2a: Vivillon\n|-enditem|p2a: Vivillon|Focus Sash\n|-damage|p2a: Vivillon|1\/100\n|-damage|p2b: Ting-Lu|81\/100\n|-damage|p1b: Pyroar|91\/100|[from] item: Life Orb\n|move|p2a: Vivillon|Safeguard|p2a: Vivillon\n|-sidestart|p2: gorilnx|Safeguard\n|move|p2b: Ting-Lu|Earthquake|p1a: Gastrodon|[spread] p1a,p1b\n|-immune|p2a: Vivillon\n|-supereffective|p1b: Pyroar\n|-damage|p1a: Gastrodon|59\/100\n|-damage|p1b: Pyroar|0 fnt\n|faint|p1b: Pyroar\n|move|p1a: Gastrodon|Icy Wind|p2a: Vivillon|[spread] p2b\n|-miss|p1a: Gastrodon|p2a: Vivillon\n|-supereffective|p2b: Ting-Lu\n|-damage|p2b: Ting-Lu|73\/100\n|-unboost|p2b: Ting-Lu|spe|1\n|\n|-heal|p1a: Gastrodon|65\/100|[from] item: Leftovers\n|upkeep\n|c|\u2606Tipo Shitstorm|pig god\n|c|\u2606Tipo Shitstorm|luck carried\n|\n|t:|1682345620\n|switch|p1b: Arcanine|Arcanine, L50, M|100\/100\n|-ability|p1b: Arcanine|Intimidate|boost\n|-unboost|p2a: Vivillon|atk|1\n|-unboost|p2b: Ting-Lu|atk|1\n|turn|2\n|\n|t:|1682345635\n|move|p2a: Vivillon|Rage Powder|p2a: Vivillon\n|-singleturn|p2a: Vivillon|move: Rage Powder\n|move|p1b: Arcanine|Extreme Speed|p2a: Vivillon\n|-damage|p2a: Vivillon|0 fnt\n|faint|p2a: Vivillon\n|move|p1a: Gastrodon|Recover|p1a: Gastrodon\n|-heal|p1a: Gastrodon|100\/100\n|move|p2b: Ting-Lu|Earthquake|p1b: Arcanine|[spread] p1a,p1b\n|-supereffective|p1b: Arcanine\n|-damage|p1a: Gastrodon|69\/100\n|-damage|p1b: Arcanine|24\/100\n|\n|-heal|p1a: Gastrodon|75\/100|[from] item: Leftovers\n|upkeep\n|c|\u2606Tipo Shitstorm|no sense damage\n|\n|t:|1682345648\n|switch|p2a: Iron Bundle|Iron Bundle, L50|100\/100\n|-enditem|p2a: Iron Bundle|Booster Energy\n|-activate|p2a: Iron Bundle|ability: Quark Drive|[fromitem]\n|-start|p2a: Iron Bundle|quarkdrivespe\n|turn|3\n|c|\u2606Tipo Shitstorm|band\n|\n|t:|1682345663\n|move|p1b: Arcanine|Protect|p1b: Arcanine\n|-singleturn|p1b: Arcanine|Protect\n|move|p1a: Gastrodon|Protect|p1a: Gastrodon\n|-singleturn|p1a: Gastrodon|Protect\n|move|p2a: Iron Bundle|Hydro Pump|p1a: Gastrodon\n|-activate|p1a: Gastrodon|ability: Storm Drain\n|-activate|p1a: Gastrodon|move: Protect\n|move|p2b: Ting-Lu|Earthquake|p1b: Arcanine|[spread] p2a\n|-activate|p1a: Gastrodon|move: Protect\n|-activate|p1b: Arcanine|move: Protect\n|-damage|p2a: Iron Bundle|60\/100\n|\n|-heal|p1a: Gastrodon|81\/100|[from] item: Leftovers\n|upkeep\n|turn|4\n|\n|t:|1682345684\n|-terastallize|p1a: Gastrodon|Fire\n|move|p2a: Iron Bundle|Protect|p2a: Iron Bundle\n|-singleturn|p2a: Iron Bundle|Protect\n|move|p1b: Arcanine|Flare Blitz|p2a: Iron Bundle\n|-activate|p2a: Iron Bundle|move: Protect\n|move|p1a: Gastrodon|Recover|p1a: Gastrodon\n|-heal|p1a: Gastrodon|100\/100\n|move|p2b: Ting-Lu|Earthquake|p1a: Gastrodon|[spread] p1a,p1b\n|-activate|p2a: Iron Bundle|move: Protect\n|-supereffective|p1a: Gastrodon\n|-supereffective|p1b: Arcanine\n|-damage|p1a: Gastrodon|47\/100\n|-damage|p1b: Arcanine|0 fnt\n|faint|p1b: Arcanine\n|\n|-heal|p1a: Gastrodon|53\/100|[from] item: Leftovers\n|upkeep\n|\n|t:|1682345688\n|switch|p1b: Scizor|Scizor, L50, F|100\/100\n|turn|5\n|\n|t:|1682345703\n|move|p1b: Scizor|Bullet Punch|p2a: Iron Bundle\n|-damage|p2a: Iron Bundle|18\/100\n|move|p2a: Iron Bundle|Hydro Pump|p1a: Gastrodon\n|-activate|p1a: Gastrodon|ability: Storm Drain\n|-ability|p1a: Gastrodon|Storm Drain|boost\n|-boost|p1a: Gastrodon|spa|1\n|move|p1a: Gastrodon|Recover|p1a: Gastrodon\n|-heal|p1a: Gastrodon|100\/100\n|move|p2b: Ting-Lu|Earthquake|p1b: Scizor|[spread] p2a,p1a,p1b\n|-supereffective|p1a: Gastrodon\n|-damage|p2a: Iron Bundle|0 fnt\n|-damage|p1a: Gastrodon|45\/100\n|-damage|p1b: Scizor|63\/100\n|faint|p2a: Iron Bundle\n|-end|p2a: Iron Bundle|Quark Drive|[silent]\n|\n|-heal|p1a: Gastrodon|50\/100|[from] item: Leftovers\n|-sideend|p2: gorilnx|Safeguard\n|upkeep\n|\n|t:|1682345715\n|switch|p2a: Annihilape|Annihilape, L50, M|100\/100\n|turn|6\n|inactive|Tipo Shitstorm has 30 seconds left.\n|inactive|Tipo Shitstorm has 20 seconds left.\n|inactive|Tipo Shitstorm has 15 seconds left.\n|\n|t:|1682345758\n|move|p2a: Annihilape|Taunt|p1a: Gastrodon\n|-start|p1a: Gastrodon|move: Taunt\n|move|p1b: Scizor|Close Combat|p2b: Ting-Lu\n|-supereffective|p2b: Ting-Lu\n|-damage|p2b: Ting-Lu|19\/100\n|-unboost|p1b: Scizor|def|1\n|-unboost|p1b: Scizor|spd|1\n|cant|p1a: Gastrodon|move: Taunt|Recover\n|move|p2b: Ting-Lu|Earthquake|p1a: Gastrodon|[spread] p2a,p1a,p1b\n|-supereffective|p1a: Gastrodon\n|-damage|p2a: Annihilape|63\/100\n|-damage|p1a: Gastrodon|0 fnt\n|-damage|p1b: Scizor|7\/100\n|faint|p1a: Gastrodon\n|\n|upkeep\n|turn|7\n|-message|Tipo Shitstorm forfeited.\n|\n|win|gorilnx\n|raw|Tipo Shitstorm's rating: 1128 → 1104<\/strong> (-24 for losing)\n|raw|gorilnx's rating: 1143 → 1167<\/strong> (+24 for winning)\n|l|\u2606Tipo Shitstorm\n","uploadtime":1682345776,"views":15,"p1id":"tiposhitstorm","p2id":"gorilnx","formatid":"gen9vgc2023regulationc","rating":1104,"private":0,"password":""}