{"id":"gen9vgc2023regulationc-1859015601","p1":"sergio23perez","p2":"Soda90vgc","format":"[Gen 9] VGC 2023 Regulation C","log":"|j|\u2606sergio23perez\n|j|\u2606Soda90vgc\n|t:|1683394557\n|gametype|doubles\n|player|p1|sergio23perez|102|1077\n|player|p2|Soda90vgc|170|1024\n|teamsize|p1|6\n|teamsize|p2|6\n|gen|9\n|tier|[Gen 9] VGC 2023 Regulation C\n|rated|\n|rule|Species Clause: Limit one of each Pok\u00e9mon\n|rule|Item Clause: Limit one of each item\n|clearpoke\n|poke|p1|Roaring Moon, L50|\n|poke|p1|Amoonguss, L50, F|\n|poke|p1|Ting-Lu, L50|\n|poke|p1|Arcanine, L50, F|\n|poke|p1|Flutter Mane, L50|\n|poke|p1|Palafin, L50, F|\n|poke|p2|Gengar, L50, M|\n|poke|p2|Arcanine, L50, F|\n|poke|p2|Gyarados, L50, F|\n|poke|p2|Dragonite, L50, M|\n|poke|p2|Raichu, L50, F|\n|poke|p2|Muk, L50, F|\n|teampreview|4\n|inactive|Battle timer is ON: inactive players will automatically lose when time's up. (requested by sergio23perez)\nsergio23perez has agreed to open team sheets.\n|\n|t:|1683394585\n|start\n|switch|p1a: Mimi|Flutter Mane, L50|100\/100\n|switch|p1b: Su Novio|Ting-Lu, L50|100\/100\n|switch|p2a: Raichu|Raichu, L50, F|100\/100\n|switch|p2b: Arcanine|Arcanine, L50, F|100\/100\n|-item|p2a: Raichu|Air Balloon\n|-ability|p2b: Arcanine|Intimidate|boost\n|-unboost|p1a: Mimi|atk|1\n|-unboost|p1b: Su Novio|atk|1\n|-ability|p1b: Su Novio|Vessel of Ruin\n|turn|1\n|inactive|Soda90vgc has 30 seconds left.\n|\n|t:|1683394616\n|switch|p2b: Gyarados|Gyarados, L50, F|100\/100\n|-ability|p2b: Gyarados|Intimidate|boost\n|-unboost|p1a: Mimi|atk|1\n|-unboost|p1b: Su Novio|atk|1\n|switch|p1b: Palafin|Palafin, L50, F|100\/100\n|move|p1a: Mimi|Dazzling Gleam|p2b: Gyarados|[spread] p2a,p2b\n|-damage|p2a: Raichu|29\/100\n|-damage|p2b: Gyarados|61\/100\n|-enditem|p2a: Raichu|Air Balloon\n|move|p2a: Raichu|Nuzzle|p1a: Mimi\n|-damage|p1a: Mimi|88\/100\n|-status|p1a: Mimi|par\n|\n|upkeep\n|turn|2\n|inactive|Soda90vgc has 30 seconds left.\n|inactive|Soda90vgc has 20 seconds left.\n|\n|t:|1683394654\n|switch|p2a: Dragonite|Dragonite, L50, M|100\/100\n|detailschange|p1b: Palafin|Palafin-Hero, L50, F\n|switch|p1b: Su Novio|Ting-Lu, L50|100\/100\n|-ability|p1b: Su Novio|Vessel of Ruin\n|-end|p1a: Mimi|Protosynthesis|[silent]\n|switch|p1a: Roaring Moon|Roaring Moon, L50|100\/100\n|-enditem|p1a: Roaring Moon|Booster Energy\n|-activate|p1a: Roaring Moon|ability: Protosynthesis|[fromitem]\n|-start|p1a: Roaring Moon|protosynthesisatk\n|move|p2b: Gyarados|Earthquake|p1b: Su Novio|[spread] p1a,p1b\n|-immune|p2a: Dragonite\n|-damage|p1a: Roaring Moon|63\/100\n|-damage|p1b: Su Novio|83\/100\n|-damage|p2b: Gyarados|51\/100|[from] item: Life Orb\n|\n|upkeep\n|turn|3\n|inactive|sergio23perez has 30 seconds left.\n|inactive|Soda90vgc has 30 seconds left.\n|\n|t:|1683394689\n|-terastallize|p1a: Roaring Moon|Flying\n|-terastallize|p2a: Dragonite|Normal\n|move|p1a: Roaring Moon|Acrobatics|p2b: Gyarados\n|-damage|p2b: Gyarados|0 fnt\n|faint|p2b: Gyarados\n|move|p2a: Dragonite|Ice Spinner|p1b: Su Novio\n|-supereffective|p1b: Su Novio\n|-damage|p1b: Su Novio|44\/100\n|move|p1b: Su Novio|Rock Tomb|p2a: Dragonite\n|-damage|p2a: Dragonite|82\/100\n|-unboost|p2a: Dragonite|spe|1\n|\n|upkeep\n|\n|t:|1683394705\n|switch|p2b: Raichu|Raichu, L50, F|29\/100\n|turn|4\n|\n|t:|1683394712\n|move|p1a: Roaring Moon|Protect|p1a: Roaring Moon\n|-singleturn|p1a: Roaring Moon|Protect\n|move|p2b: Raichu|Thunderbolt|p1a: Roaring Moon\n|-activate|p1a: Roaring Moon|move: Protect\n|move|p2a: Dragonite|Ice Spinner|p1b: Su Novio\n|-supereffective|p1b: Su Novio\n|-damage|p1b: Su Novio|10\/100\n|move|p1b: Su Novio|Fissure|p2a: Dragonite|[miss]\n|-miss|p1b: Su Novio|p2a: Dragonite\n|\n|upkeep\n|turn|5\n|\n|t:|1683394737\n|move|p2b: Raichu|Thunderbolt|p1a: Roaring Moon\n|-supereffective|p1a: Roaring Moon\n|-damage|p1a: Roaring Moon|12\/100\n|move|p1a: Roaring Moon|Throat Chop|p2a: Dragonite\n|-damage|p2a: Dragonite|17\/100\n|-start|p2a: Dragonite|Throat Chop|[silent]\n|-enditem|p2a: Dragonite|Sitrus Berry|[eat]\n|-heal|p2a: Dragonite|42\/100|[from] item: Sitrus Berry\n|move|p2a: Dragonite|Ice Spinner|p1b: Su Novio\n|-supereffective|p1b: Su Novio\n|-damage|p1b: Su Novio|0 fnt\n|faint|p1b: Su Novio\n|\n|upkeep\n|\n|t:|1683394749\n|switch|p1b: Palafin|Palafin-Hero, L50, F|100\/100\n|-activate|p1b: Palafin|ability: Zero to Hero\n|turn|6\n|inactive|Soda90vgc has 30 seconds left.\n|\n|t:|1683394779\n|switch|p2b: Arcanine|Arcanine, L50, F|100\/100\n|-ability|p2b: Arcanine|Intimidate|boost\n|-unboost|p1a: Roaring Moon|atk|1\n|-unboost|p1b: Palafin|atk|1\n|move|p1a: Roaring Moon|Protect|p1a: Roaring Moon\n|-singleturn|p1a: Roaring Moon|Protect\n|move|p2a: Dragonite|Protect|p2a: Dragonite\n|-singleturn|p2a: Dragonite|Protect\n|move|p1b: Palafin|Jet Punch|p2a: Dragonite\n|-activate|p2a: Dragonite|move: Protect\n|\n|-end|p2a: Dragonite|Throat Chop|[silent]\n|upkeep\n|turn|7\n|inactive|Soda90vgc has 30 seconds left.\n|\n|t:|1683394811\n|-end|p1a: Roaring Moon|Protosynthesis|[silent]\n|switch|p1a: Mimi|Flutter Mane, L50|88\/100 par\n|switch|p2a: Raichu|Raichu, L50, F|29\/100\n|move|p2b: Arcanine|Extreme Speed|p1a: Mimi\n|-immune|p1a: Mimi\n|move|p1b: Palafin|Jet Punch|p2a: Raichu\n|-damage|p2a: Raichu|0 fnt\n|faint|p2a: Raichu\n|\n|upkeep\n|\n|t:|1683394824\n|switch|p2a: Dragonite|Dragonite, L50, M, tera:Normal|42\/100\n|turn|8\n|\n|t:|1683394836\n|move|p1b: Palafin|Jet Punch|p2a: Dragonite\n|-damage|p2a: Dragonite|11\/100\n|move|p2b: Arcanine|Flare Blitz|p1a: Mimi\n|-damage|p1a: Mimi|0 fnt\n|faint|p1a: Mimi\n|-end|p1a: Mimi|Protosynthesis|[silent]\n|-damage|p2b: Arcanine|81\/100|[from] Recoil\n|move|p2a: Dragonite|Ice Spinner|p1b: Palafin\n|-resisted|p1b: Palafin\n|-crit|p1b: Palafin\n|-damage|p1b: Palafin|79\/100\n|\n|upkeep\n|\n|t:|1683394846\n|switch|p1a: Roaring Moon|Roaring Moon, L50, tera:Flying|12\/100\n|turn|9\n|\n|t:|1683394859\n|move|p1a: Roaring Moon|Protect|p1a: Roaring Moon\n|-singleturn|p1a: Roaring Moon|Protect\n|move|p2a: Dragonite|Protect|p2a: Dragonite\n|-singleturn|p2a: Dragonite|Protect\n|move|p1b: Palafin|Jet Punch|p2b: Arcanine\n|-supereffective|p2b: Arcanine\n|-damage|p2b: Arcanine|7\/100\n|-enditem|p2b: Arcanine|Aguav Berry|[eat]\n|-heal|p2b: Arcanine|40\/100|[from] item: Aguav Berry\n|move|p2b: Arcanine|Will-O-Wisp|p1b: Palafin\n|-status|p1b: Palafin|brn\n|\n|-damage|p1b: Palafin|73\/100 brn|[from] brn\n|upkeep\n|turn|10\n|inactive|Soda90vgc has 30 seconds left.\n|\n|t:|1683394890\n|move|p2b: Arcanine|Extreme Speed|p1a: Roaring Moon\n|-damage|p1a: Roaring Moon|0 fnt\n|faint|p1a: Roaring Moon\n|-end|p1a: Roaring Moon|Protosynthesis|[silent]\n|move|p1b: Palafin|Jet Punch|p2b: Arcanine\n|-supereffective|p2b: Arcanine\n|-damage|p2b: Arcanine|6\/100\n|move|p2a: Dragonite|Dragon Claw|p1b: Palafin\n|-damage|p1b: Palafin|27\/100 brn\n|\n|-damage|p1b: Palafin|21\/100 brn|[from] brn\n|upkeep\n|turn|11\n|-message|sergio23perez forfeited.\n|\n|win|Soda90vgc\n|raw|sergio23perez's rating: 1077 → 1052<\/strong> (-25 for losing)\n|raw|Soda90vgc's rating: 1024 → 1066<\/strong> (+42 for winning)\n|l|\u2606sergio23perez\n|j|\u2606sergio23perez\n|player|p1|sergio23perez|102\n|l|\u2606sergio23perez\n|player|p1|\n","uploadtime":1683394908,"views":15,"p1id":"sergio23perez","p2id":"soda90vgc","formatid":"gen9vgc2023regulationc","rating":1052,"private":0,"password":""}