{"id":"gen9vgc2023regulationc-1847321545","p1":"Gab98","p2":"Emiker","format":"[Gen 9] VGC 2023 Regulation C","log":"|j|\u2606Gab98\n|j|\u2606Emiker\n|t:|1681938253\n|gametype|doubles\n|player|p1|Gab98|lucas|1335\n|player|p2|Emiker|red|1341\n|teamsize|p1|6\n|teamsize|p2|6\n|gen|9\n|tier|[Gen 9] VGC 2023 Regulation C\n|rated|\n|rule|Species Clause: Limit one of each Pok\u00e9mon\n|rule|Item Clause: Limit one of each item\n|clearpoke\n|poke|p1|Garchomp, L50, M|\n|poke|p1|Ceruledge, L50, M|\n|poke|p1|Azumarill, L50, M|\n|poke|p1|Amoonguss, L50, F|\n|poke|p1|Flutter Mane, L50|\n|poke|p1|Gyarados, L50, M|\n|poke|p2|Flutter Mane, L50|\n|poke|p2|Palafin, L50, M|\n|poke|p2|Amoonguss, L50, M|\n|poke|p2|Arcanine, L50, M|\n|poke|p2|Ting-Lu, L50|\n|poke|p2|Dragapult, L50, M|\n|teampreview|4\n|\n|t:|1681938297\n|start\n|switch|p1a: Garchomp|Garchomp, L50, M|100\/100\n|switch|p1b: Gyarados|Gyarados, L50, M, shiny|100\/100\n|switch|p2a: Palafin|Palafin, L50, M, shiny|100\/100\n|switch|p2b: Flutter Mane|Flutter Mane, L50|100\/100\n|-ability|p1b: Gyarados|Intimidate|boost\n|-unboost|p2a: Palafin|atk|1\n|-unboost|p2b: Flutter Mane|atk|1\n|-enditem|p2b: Flutter Mane|Booster Energy\n|-activate|p2b: Flutter Mane|ability: Protosynthesis|[fromitem]\n|-start|p2b: Flutter Mane|protosynthesisspa\n|turn|1\n|\n|t:|1681938316\n|detailschange|p2a: Palafin|Palafin-Hero, L50, M, shiny\n|switch|p2a: Arcanine|Arcanine, L50, M, shiny|100\/100\n|-ability|p2a: Arcanine|Intimidate|boost\n|-unboost|p1a: Garchomp|atk|1\n|-unboost|p1b: Gyarados|atk|1\n|-terastallize|p1a: Garchomp|Poison\n|move|p2b: Flutter Mane|Protect|p2b: Flutter Mane\n|-singleturn|p2b: Flutter Mane|Protect\n|move|p1a: Garchomp|Swords Dance|p1a: Garchomp\n|-boost|p1a: Garchomp|atk|2\n|move|p1b: Gyarados|Thunder Wave|p2b: Flutter Mane\n|-activate|p2b: Flutter Mane|move: Protect\n|\n|upkeep\n|turn|2\n|\n|t:|1681938345\n|-terastallize|p2a: Arcanine|Flying\n|move|p1a: Garchomp|Protect|p1a: Garchomp\n|-singleturn|p1a: Garchomp|Protect\n|move|p2b: Flutter Mane|Moonblast|p1b: Gyarados\n|-damage|p1b: Gyarados|50\/100\n|move|p2a: Arcanine|Will-O-Wisp|p1a: Garchomp\n|-activate|p1a: Garchomp|move: Protect\n|move|p1b: Gyarados|Waterfall|p2a: Arcanine\n|-damage|p2a: Arcanine|77\/100\n|\n|upkeep\n|turn|3\n|\n|t:|1681938373\n|switch|p1a: Ceruledge|Ceruledge, L50, M|100\/100\n|switch|p1b: Amoonguss|Amoonguss, L50, F, shiny|100\/100\n|move|p2b: Flutter Mane|Moonblast|p1b: Amoonguss\n|-resisted|p1b: Amoonguss\n|-damage|p1b: Amoonguss|72\/100\n|move|p2a: Arcanine|Will-O-Wisp|p1a: Ceruledge\n|-start|p1a: Ceruledge|ability: Flash Fire\n|\n|upkeep\n|turn|4\n|\n|t:|1681938396\n|switch|p1b: Gyarados|Gyarados, L50, M, shiny|50\/100\n|-ability|p1b: Gyarados|Intimidate|boost\n|-unboost|p2a: Arcanine|atk|1\n|-unboost|p2b: Flutter Mane|atk|1\n|move|p2b: Flutter Mane|Protect|p2b: Flutter Mane\n|-singleturn|p2b: Flutter Mane|Protect\n|move|p1a: Ceruledge|Protect|p1a: Ceruledge\n|-singleturn|p1a: Ceruledge|Protect\n|move|p2a: Arcanine|Flare Blitz|p1b: Gyarados\n|-resisted|p1b: Gyarados\n|-damage|p1b: Gyarados|34\/100\n|-damage|p2a: Arcanine|72\/100|[from] Recoil\n|\n|upkeep\n|turn|5\n|\n|t:|1681938428\n|switch|p2a: Palafin|Palafin-Hero, L50, M, shiny|100\/100\n|-activate|p2a: Palafin|ability: Zero to Hero\n|move|p2b: Flutter Mane|Shadow Ball|p1a: Ceruledge\n|-supereffective|p1a: Ceruledge\n|-damage|p1a: Ceruledge|0 fnt\n|faint|p1a: Ceruledge\n|move|p1b: Gyarados|Waterfall|p2b: Flutter Mane\n|-damage|p2b: Flutter Mane|40\/100\n|\n|upkeep\n|\n|t:|1681938440\n|switch|p1a: Amoonguss|Amoonguss, L50, F, shiny|100\/100\n|turn|6\n|\n|t:|1681938454\n|-end|p2b: Flutter Mane|Protosynthesis|[silent]\n|switch|p2b: Dragapult|Dragapult, L50, M, shiny|100\/100\n|switch|p2a: Arcanine|Arcanine, L50, M, shiny, tera:Flying|72\/100\n|-ability|p2a: Arcanine|Intimidate|boost\n|-unboost|p1a: Amoonguss|atk|1\n|-unboost|p1b: Gyarados|atk|1\n|switch|p1b: Garchomp|Garchomp, L50, M, tera:Poison|100\/100\n|move|p1a: Amoonguss|Spore|p2a: Arcanine\n|-activate|p2a: Arcanine|item: Safety Goggles|Spore\n|\n|upkeep\n|turn|7\n|\n|t:|1681938488\n|move|p1a: Amoonguss|Rage Powder|p1a: Amoonguss\n|-singleturn|p1a: Amoonguss|move: Rage Powder\n|move|p2b: Dragapult|Phantom Force||[still]\n|-prepare|p2b: Dragapult|Phantom Force\n|move|p1b: Garchomp|Dragon Claw|p2b: Dragapult|[miss]\n|-miss|p1b: Garchomp|p2b: Dragapult\n|move|p2a: Arcanine|Flare Blitz|p1a: Amoonguss\n|-supereffective|p1a: Amoonguss\n|-damage|p1a: Amoonguss|15\/100\n|-enditem|p1a: Amoonguss|Sitrus Berry|[eat]\n|-heal|p1a: Amoonguss|40\/100|[from] item: Sitrus Berry\n|-damage|p2a: Arcanine|40\/100|[from] Recoil\n|\n|upkeep\n|turn|8\n|\n|t:|1681938504\n|move|p1a: Amoonguss|Protect|p1a: Amoonguss\n|-singleturn|p1a: Amoonguss|Protect\n|move|p2b: Dragapult|Phantom Force|p1a: Amoonguss|[from]lockedmove\n|-activate|p1a: Amoonguss|move: Phantom Force|[broken]\n|-damage|p1a: Amoonguss|0 fnt\n|faint|p1a: Amoonguss\n|move|p1b: Garchomp|Dragon Claw|p2a: Arcanine\n|-damage|p2a: Arcanine|0 fnt\n|faint|p2a: Arcanine\n|\n|upkeep\n|\n|t:|1681938518\n|switch|p2a: Flutter Mane|Flutter Mane, L50|40\/100\n|switch|p1a: Gyarados|Gyarados, L50, M, shiny|34\/100\n|-ability|p1a: Gyarados|Intimidate|boost\n|-unboost|p2a: Flutter Mane|atk|1\n|-fail|p2b: Dragapult|unboost|[from] ability: Clear Body|[of] p2b: Dragapult\n|turn|9\n|\n|t:|1681938529\n|move|p2a: Flutter Mane|Protect|p2a: Flutter Mane\n|-singleturn|p2a: Flutter Mane|Protect\n|move|p2b: Dragapult|Phantom Force||[still]\n|-prepare|p2b: Dragapult|Phantom Force\n|move|p1b: Garchomp|Earthquake|p2a: Flutter Mane|[spread] \n|-miss|p1b: Garchomp|p2b: Dragapult\n|-activate|p2a: Flutter Mane|move: Protect\n|-immune|p1a: Gyarados\n|move|p1a: Gyarados|Waterfall|p2a: Flutter Mane\n|-activate|p2a: Flutter Mane|move: Protect\n|\n|upkeep\n|turn|10\n|\n|t:|1681938546\n|move|p2b: Dragapult|Phantom Force|p1b: Garchomp|[from]lockedmove\n|-damage|p1b: Garchomp|47\/100\n|-damage|p2b: Dragapult|88\/100|[from] ability: Rough Skin|[of] p1b: Garchomp\n|-damage|p2b: Dragapult|71\/100|[from] item: Rocky Helmet|[of] p1b: Garchomp\n|move|p2a: Flutter Mane|Moonblast|p1a: Gyarados\n|-damage|p1a: Gyarados|0 fnt\n|faint|p1a: Gyarados\n|move|p1b: Garchomp|Earthquake|p2a: Flutter Mane|[spread] p2a,p2b\n|-damage|p2a: Flutter Mane|0 fnt\n|-damage|p2b: Dragapult|24\/100\n|faint|p2a: Flutter Mane\n|-end|p2a: Flutter Mane|Protosynthesis|[silent]\n|\n|upkeep\n|\n|t:|1681938560\n|switch|p2a: Palafin|Palafin-Hero, L50, M, shiny|100\/100\n|turn|11\n|\n|t:|1681938567\n|move|p2a: Palafin|Jet Punch|p1b: Garchomp\n|-damage|p1b: Garchomp|11\/100\n|-damage|p2a: Palafin|88\/100|[from] ability: Rough Skin|[of] p1b: Garchomp\n|-damage|p2a: Palafin|72\/100|[from] item: Rocky Helmet|[of] p1b: Garchomp\n|move|p2b: Dragapult|Phantom Force||[still]\n|-prepare|p2b: Dragapult|Phantom Force\n|move|p1b: Garchomp|Dragon Claw|p2a: Palafin\n|-damage|p2a: Palafin|41\/100\n|\n|upkeep\n|turn|12\n|-message|Gab98 forfeited.\n|\n|win|Emiker\n|raw|Gab98's rating: 1335 → 1315<\/strong> (-20 for losing)\n|raw|Emiker's rating: 1341 → 1361<\/strong> (+20 for winning)\n|l|\u2606Gab98\n","uploadtime":1681938591,"views":5,"p1id":"gab98","p2id":"emiker","formatid":"gen9vgc2023regulationc","rating":1315,"private":0,"password":""}