{"id":"gen9vgc2023regulationc-1864346466","p1":"Humanberrito 2.0","p2":"DaWoblefet","format":"[Gen 9] VGC 2023 Regulation C","log":"|j|\u2606Humanberrito 2.0\n|j|\u2606DaWoblefet\n|t:|1684158015\n|gametype|doubles\n|player|p1|Humanberrito 2.0|unknown|\n|player|p2|DaWoblefet|#dawoblefet|\n|teamsize|p1|6\n|teamsize|p2|6\n|gen|9\n|tier|[Gen 9] VGC 2023 Regulation C\n|rated|Tournament battle\n|rule|Species Clause: Limit one of each Pok\u00e9mon\n|rule|Item Clause: Limit one of each item\n|clearpoke\n|poke|p1|Flutter Mane, L50|\n|poke|p1|Ting-Lu, L50|\n|poke|p1|Arcanine, L50, M|\n|poke|p1|Palafin, L50, M|\n|poke|p1|Chien-Pao, L50|\n|poke|p1|Talonflame, L50, F|\n|poke|p2|Jumpluff, L50, M|\n|poke|p2|Torkoal, L50, F|\n|poke|p2|Flutter Mane, L50|\n|poke|p2|Great Tusk, L50|\n|poke|p2|Chien-Pao, L50|\n|poke|p2|Kingambit, L50, F|\n|teampreview|4\n|raw| Open Team Sheet for Humanberrito 2.0<\/summary>Flutter Mane @ Choice Specs Ability: Protosynthesis Level: 50 Tera Type: Fairy - Moonblast - Shadow Ball - Dazzling Gleam - Energy Ball Ting-Lu @ Assault Vest Ability: Vessel of Ruin Level: 50 Tera Type: Steel - Fissure - Stomping Tantrum - Body Press - Mud-Slap Arcanine @ Safety Goggles Ability: Intimidate Level: 50 Tera Type: Ghost - Flare Blitz - Will-O-Wisp - Extreme Speed - Protect Palafin @ Mystic Water Ability: Zero to Hero Level: 50 Tera Type: Water - Jet Punch - Wave Crash - Haze - Protect Chien-Pao @ Focus Sash Ability: Sword of Ruin Level: 50 Tera Type: Ghost - Ice Spinner - Sucker Punch - Sacred Sword - Protect Talonflame @ Covert Cloak Ability: Gale Wings Level: 50 Tera Type: Fire - Brave Bird - Taunt - Will-O-Wisp - Tailwind <\/details><\/div> Open Team Sheet for DaWoblefet<\/summary>Jumpluff @ Rocky Helmet Ability: Chlorophyll Level: 50 Tera Type: Water - Leaf Storm - Sleep Powder - Encore - Tailwind Torkoal @ Eject Pack Ability: Drought Level: 50 Tera Type: Grass - Overheat - Yawn - Helping Hand - Protect Flutter Mane @ Choice Specs Ability: Protosynthesis Level: 50 Shiny: Yes Tera Type: Water - Moonblast - Shadow Ball - Dazzling Gleam - Thunderbolt Great Tusk @ Choice Scarf Ability: Protosynthesis Level: 50 Hidden Power: Fighting Tera Type: Fire - Headlong Rush - Earthquake - Close Combat - Rock Slide Chien-Pao @ Focus Sash Ability: Sword of Ruin Level: 50 Tera Type: Flying - Ice Spinner - Sucker Punch - Taunt - Protect Kingambit @ Assault Vest Ability: Defiant Level: 50 Tera Type: Fire - Kowtow Cleave - Sucker Punch - Iron Head - Brick Break <\/details><\/div>\n|c|\u2606DaWoblefet|gl hf\n|c|\u2606Humanberrito 2.0|Glhf\n|j| gen9ionosimp\n|\n|t:|1684158043\n|start\n|switch|p1a: Chien-Pao|Chien-Pao, L50|100\/100\n|switch|p1b: Talonflame|Talonflame, L50, F|100\/100\n|switch|p2a: Jumpluff|Jumpluff, L50, M|100\/100\n|switch|p2b: Torkoal|Torkoal, L50, F|100\/100\n|-ability|p1a: Chien-Pao|Sword of Ruin\n|-weather|SunnyDay|[from] ability: Drought|[of] p2b: Torkoal\n|turn|1\n|\n|t:|1684158056\n|-terastallize|p2a: Jumpluff|Water\n|move|p1b: Talonflame|Tailwind|p1b: Talonflame\n|-sidestart|p1: Humanberrito 2.0|move: Tailwind\n|move|p1a: Chien-Pao|Ice Spinner|p2a: Jumpluff\n|-resisted|p2a: Jumpluff\n|-damage|p2a: Jumpluff|68\/100\n|-damage|p1a: Chien-Pao|84\/100|[from] item: Rocky Helmet|[of] p2a: Jumpluff\n|move|p2a: Jumpluff|Tailwind|p2a: Jumpluff\n|-sidestart|p2: DaWoblefet|move: Tailwind\n|move|p2b: Torkoal|Overheat|p1b: Talonflame\n|-resisted|p1b: Talonflame\n|-damage|p1b: Talonflame|51\/100\n|-unboost|p2b: Torkoal|spa|2\n|-enditem|p2b: Torkoal|Eject Pack\n|\n|t:|1684158076\n|switch|p2b: Great Tusk|Great Tusk, L50|100\/100\n|-activate|p2b: Great Tusk|ability: Protosynthesis\n|-start|p2b: Great Tusk|protosynthesisatk\n|\n|-weather|SunnyDay|[upkeep]\n|upkeep\n|turn|2\n|\n|t:|1684158083\n|move|p1a: Chien-Pao|Protect|p1a: Chien-Pao\n|-singleturn|p1a: Chien-Pao|Protect\n|move|p2a: Jumpluff|Encore|p1b: Talonflame\n|-start|p1b: Talonflame|Encore\n|move|p2b: Great Tusk|Headlong Rush|p1a: Chien-Pao\n|-activate|p1a: Chien-Pao|move: Protect\n|move|p1b: Talonflame|Tailwind||[still]\n|-fail|p1b: Talonflame\n|\n|-weather|SunnyDay|[upkeep]\n|upkeep\n|turn|3\n|\n|t:|1684158103\n|-end|p2b: Great Tusk|Protosynthesis|[silent]\n|switch|p2b: Flutter Mane|Flutter Mane, L50, shiny|100\/100\n|-activate|p2b: Flutter Mane|ability: Protosynthesis\n|-start|p2b: Flutter Mane|protosynthesisspa\n|switch|p1a: Ting-Lu|Ting-Lu, L50|100\/100\n|-ability|p1a: Ting-Lu|Vessel of Ruin\n|switch|p1b: Flutter Mane|Flutter Mane, L50|100\/100\n|-activate|p1b: Flutter Mane|ability: Protosynthesis\n|-start|p1b: Flutter Mane|protosynthesisspe\n|move|p2a: Jumpluff|Encore||[still]\n|-fail|p2a: Jumpluff\n|\n|-weather|SunnyDay|[upkeep]\n|upkeep\n|turn|4\n|j| La Strada\n|l| gen9ionosimp\n|\n|t:|1684158149\n|-end|p1b: Flutter Mane|Protosynthesis|[silent]\n|switch|p1b: Talonflame|Talonflame, L50, F|51\/100\n|move|p2a: Jumpluff|Sleep Powder|p1b: Talonflame\n|-status|p1b: Talonflame|slp|[from] move: Sleep Powder\n|move|p2b: Flutter Mane|Dazzling Gleam|p1b: Talonflame|[spread] p1a,p1b\n|-supereffective|p1a: Ting-Lu\n|-resisted|p1b: Talonflame\n|-damage|p1a: Ting-Lu|55\/100\n|-damage|p1b: Talonflame|15\/100 slp\n|move|p1a: Ting-Lu|Mud-Slap|p2a: Jumpluff\n|-damage|p2a: Jumpluff|64\/100\n|-unboost|p2a: Jumpluff|accuracy|1\n|\n|-weather|SunnyDay|[upkeep]\n|-sideend|p2: DaWoblefet|move: Tailwind\n|-sideend|p1: Humanberrito 2.0|move: Tailwind\n|upkeep\n|turn|5\n|j| SupaJello\n|\n|t:|1684158174\n|move|p2a: Jumpluff|Tailwind|p2a: Jumpluff\n|-sidestart|p2: DaWoblefet|move: Tailwind\n|move|p2b: Flutter Mane|Dazzling Gleam|p1b: Talonflame|[spread] p1a,p1b\n|-supereffective|p1a: Ting-Lu\n|-resisted|p1b: Talonflame\n|-damage|p1a: Ting-Lu|7\/100\n|-damage|p1b: Talonflame|0 fnt\n|faint|p1b: Talonflame\n|move|p1a: Ting-Lu|Stomping Tantrum|p2b: Flutter Mane\n|-damage|p2b: Flutter Mane|51\/100\n|\n|-weather|none\n|-end|p2b: Flutter Mane|Protosynthesis\n|upkeep\n|l| La Strada\n|\n|t:|1684158184\n|switch|p1b: Chien-Pao|Chien-Pao, L50|84\/100\n|-ability|p1b: Chien-Pao|Sword of Ruin\n|turn|6\n|\n|t:|1684158216\n|-end|p2b: Flutter Mane|Protosynthesis|[silent]\n|switch|p2b: Torkoal|Torkoal, L50, F|100\/100\n|-weather|SunnyDay|[from] ability: Drought|[of] p2b: Torkoal\n|move|p2a: Jumpluff|Sleep Powder|p1b: Chien-Pao\n|-status|p1b: Chien-Pao|slp|[from] move: Sleep Powder\n|cant|p1b: Chien-Pao|slp\n|move|p1a: Ting-Lu|Fissure|p2a: Jumpluff|[miss]\n|-miss|p1a: Ting-Lu|p2a: Jumpluff\n|\n|-weather|SunnyDay|[upkeep]\n|upkeep\n|turn|7\n|\n|t:|1684158231\n|-curestatus|p1b: Chien-Pao|slp|[msg]\n|move|p1b: Chien-Pao|Protect|p1b: Chien-Pao\n|-singleturn|p1b: Chien-Pao|Protect\n|move|p2a: Jumpluff|Leaf Storm|p1a: Ting-Lu|[miss]\n|-miss|p2a: Jumpluff|p1a: Ting-Lu\n|move|p2b: Torkoal|Overheat|p1b: Chien-Pao\n|-activate|p1b: Chien-Pao|move: Protect\n|move|p1a: Ting-Lu|Stomping Tantrum|p2b: Torkoal\n|-supereffective|p2b: Torkoal\n|-crit|p2b: Torkoal\n|-damage|p2b: Torkoal|0 fnt\n|faint|p2b: Torkoal\n|\n|-weather|SunnyDay|[upkeep]\n|upkeep\n|\n|t:|1684158241\n|switch|p2b: Great Tusk|Great Tusk, L50|100\/100\n|-activate|p2b: Great Tusk|ability: Protosynthesis\n|-start|p2b: Great Tusk|protosynthesisatk\n|turn|8\n|\n|t:|1684158276\n|move|p1b: Chien-Pao|Sucker Punch||[still]\n|-fail|p1b: Chien-Pao\n|move|p2a: Jumpluff|Encore|p1b: Chien-Pao\n|-start|p1b: Chien-Pao|Encore\n|move|p2b: Great Tusk|Rock Slide|p1a: Ting-Lu|[spread] p1b\n|-miss|p2b: Great Tusk|p1a: Ting-Lu\n|-supereffective|p1b: Chien-Pao\n|-damage|p1b: Chien-Pao|16\/100\n|move|p1a: Ting-Lu|Fissure|p2b: Great Tusk\n|-damage|p2b: Great Tusk|0 fnt\n|faint|p2b: Great Tusk\n|-end|p2b: Great Tusk|Protosynthesis|[silent]\n|-ohko\n|\n|-weather|SunnyDay|[upkeep]\n|-sideend|p2: DaWoblefet|move: Tailwind\n|upkeep\n|\n|t:|1684158286\n|switch|p2b: Flutter Mane|Flutter Mane, L50, shiny|51\/100\n|-activate|p2b: Flutter Mane|ability: Protosynthesis\n|-start|p2b: Flutter Mane|protosynthesisspa\n|turn|9\n|-message|DaWoblefet forfeited.\n|\n|win|Humanberrito 2.0\n|n|\u2606Humanberrito 2.0|humanberrito20\n|n|\u2606DaWoblefet|dawoblefet\n|n| SupaJello|supajello\n|c|\u2606DaWoblefet|g_g\n|c|\u2606Humanberrito 2.0|Gg\n|l|\u2606DaWoblefet\n","uploadtime":1684158300,"views":7,"p1id":"humanberrito20","p2id":"dawoblefet","formatid":"gen9vgc2023regulationc","rating":0,"private":0,"password":""}