{"id":"gen9vgc2023regulationc-1860323528","p1":"shuijunjun","p2":"runningcatdog","format":"[Gen 9] VGC 2023 Regulation C","log":"|j|\u2606shuijunjun\n|j|\u2606runningcatdog\n|t:|1683632787\n|gametype|doubles\n|player|p1|shuijunjun|iono|1240\n|player|p2|runningcatdog|1|1337\n|teamsize|p1|6\n|teamsize|p2|6\n|gen|9\n|tier|[Gen 9] VGC 2023 Regulation C\n|rated|\n|rule|Species Clause: Limit one of each Pok\u00e9mon\n|rule|Item Clause: Limit one of each item\n|clearpoke\n|poke|p1|Armarouge, L50, F|\n|poke|p1|Maushold-Four, L50|\n|poke|p1|Flutter Mane, L50|\n|poke|p1|Chien-Pao, L50|\n|poke|p1|Dragonite, L50, M|\n|poke|p1|Iron Moth, L50|\n|poke|p2|Chi-Yu, L50|\n|poke|p2|Gyarados, L50, F|\n|poke|p2|Wo-Chien, L50|\n|poke|p2|Flutter Mane, L50|\n|poke|p2|Glimmora, L50, F|\n|poke|p2|Dragonite, L50, F|\n|teampreview|4\n|inactive|Battle timer is ON: inactive players will automatically lose when time's up. (requested by runningcatdog)\n|\n|t:|1683632823\n|start\n|switch|p1a: Iron Moth|Iron Moth, L50|100\/100\n|switch|p1b: Flutter Mane|Flutter Mane, L50|100\/100\n|switch|p2a: Glimmora|Glimmora, L50, F|100\/100\n|switch|p2b: Dragonite|Dragonite, L50, F|100\/100\n|-enditem|p1a: Iron Moth|Booster Energy\n|-activate|p1a: Iron Moth|ability: Quark Drive|[fromitem]\n|-start|p1a: Iron Moth|quarkdrivespe\n|turn|1\n|inactive|runningcatdog has 30 seconds left.\n|\n|t:|1683632849\n|switch|p2a: Gyarados|Gyarados, L50, F|100\/100\n|-ability|p2a: Gyarados|Intimidate|boost\n|-unboost|p1a: Iron Moth|atk|1\n|-unboost|p1b: Flutter Mane|atk|1\n|move|p1a: Iron Moth|Acid Spray|p2b: Dragonite\n|-damage|p2b: Dragonite|90\/100\n|-unboost|p2b: Dragonite|spd|2\n|move|p1b: Flutter Mane|Moonblast|p2b: Dragonite\n|-supereffective|p2b: Dragonite\n|-damage|p2b: Dragonite|0 fnt\n|faint|p2b: Dragonite\n|\n|upkeep\n|\n|t:|1683632862\n|switch|p2b: Glimmora|Glimmora, L50, F|100\/100\n|turn|2\n|\n|t:|1683632868\n|move|p1a: Iron Moth|Acid Spray|p2a: Gyarados\n|-damage|p2a: Gyarados|82\/100\n|-unboost|p2a: Gyarados|spd|2\n|move|p1b: Flutter Mane|Moonblast|p2a: Gyarados\n|-damage|p2a: Gyarados|0 fnt\n|faint|p2a: Gyarados\n|move|p2b: Glimmora|Mortal Spin|p1b: Flutter Mane|[spread] p1a,p1b\n|-resisted|p1a: Iron Moth\n|-damage|p1a: Iron Moth|97\/100\n|-damage|p1b: Flutter Mane|92\/100\n|-status|p1b: Flutter Mane|psn\n|\n|-damage|p1b: Flutter Mane|79\/100 psn|[from] psn\n|upkeep\n|\n|t:|1683632871\n|switch|p2a: Flutter Mane|Flutter Mane, L50|100\/100\n|-enditem|p2a: Flutter Mane|Booster Energy\n|-activate|p2a: Flutter Mane|ability: Protosynthesis|[fromitem]\n|-start|p2a: Flutter Mane|protosynthesisspe\n|turn|3\n|\n|t:|1683632884\n|move|p2a: Flutter Mane|Hex|p1b: Flutter Mane\n|-supereffective|p1b: Flutter Mane\n|-damage|p1b: Flutter Mane|0 fnt\n|faint|p1b: Flutter Mane\n|-end|p1b: Flutter Mane|Protosynthesis|[silent]\n|move|p1a: Iron Moth|Struggle Bug|p2b: Glimmora|[spread] p2a,p2b\n|-resisted|p2a: Flutter Mane\n|-resisted|p2b: Glimmora\n|-damage|p2a: Flutter Mane|98\/100\n|-damage|p2b: Glimmora|96\/100\n|-unboost|p2a: Flutter Mane|spa|1\n|-unboost|p2b: Glimmora|spa|1\n|move|p2b: Glimmora|Power Gem|p1a: Iron Moth\n|-supereffective|p1a: Iron Moth\n|-damage|p1a: Iron Moth|51\/100\n|\n|upkeep\n|\n|t:|1683632900\n|switch|p1b: Chien-Pao|Chien-Pao, L50|100\/100\n|-ability|p1b: Chien-Pao|Sword of Ruin\n|turn|4\n|\n|t:|1683632904\n|move|p2a: Flutter Mane|Protect|p2a: Flutter Mane\n|-singleturn|p2a: Flutter Mane|Protect\n|move|p1b: Chien-Pao|Protect|p1b: Chien-Pao\n|-singleturn|p1b: Chien-Pao|Protect\n|move|p1a: Iron Moth|Heat Wave|p2b: Glimmora|[spread] p2b\n|-activate|p2a: Flutter Mane|move: Protect\n|-resisted|p2b: Glimmora\n|-crit|p2b: Glimmora\n|-damage|p2b: Glimmora|76\/100\n|move|p2b: Glimmora|Mortal Spin|p1b: Chien-Pao|[spread] p1a\n|-activate|p1b: Chien-Pao|move: Protect\n|-resisted|p1a: Iron Moth\n|-damage|p1a: Iron Moth|46\/100\n|\n|upkeep\n|turn|5\n|inactive|shuijunjun has 30 seconds left.\n|\n|t:|1683632943\n|-terastallize|p2a: Flutter Mane|Fairy\n|-terastallize|p1b: Chien-Pao|Ghost\n|move|p1b: Chien-Pao|Sucker Punch|p2a: Flutter Mane\n|-resisted|p2a: Flutter Mane\n|-damage|p2a: Flutter Mane|50\/100\n|move|p2a: Flutter Mane|Moonblast|p1b: Chien-Pao\n|-damage|p1b: Chien-Pao|36\/100\n|-unboost|p1b: Chien-Pao|spa|1\n|move|p1a: Iron Moth|Heat Wave|p2a: Flutter Mane|[spread] p2a,p2b\n|-resisted|p2b: Glimmora\n|-damage|p2a: Flutter Mane|9\/100\n|-damage|p2b: Glimmora|63\/100\n|move|p2b: Glimmora|Power Gem|p1b: Chien-Pao\n|-damage|p1b: Chien-Pao|0 fnt\n|faint|p1b: Chien-Pao\n|\n|upkeep\n|\n|t:|1683632960\n|switch|p1b: Dragonite|Dragonite, L50, M|100\/100\n|turn|6\n|\n|t:|1683632978\n|move|p2a: Flutter Mane|Protect|p2a: Flutter Mane\n|-singleturn|p2a: Flutter Mane|Protect\n|move|p1b: Dragonite|Extreme Speed|p2a: Flutter Mane\n|-activate|p2a: Flutter Mane|move: Protect\n|move|p1a: Iron Moth|Acid Spray|p2b: Glimmora\n|-resisted|p2b: Glimmora\n|-damage|p2b: Glimmora|59\/100\n|-unboost|p2b: Glimmora|spd|2\n|move|p2b: Glimmora|Mortal Spin|p1a: Iron Moth|[spread] p1a,p1b\n|-resisted|p1a: Iron Moth\n|-damage|p1a: Iron Moth|43\/100\n|-damage|p1b: Dragonite|95\/100\n|-status|p1b: Dragonite|psn\n|\n|-damage|p1b: Dragonite|83\/100 psn|[from] psn\n|upkeep\n|turn|7\n|\n|t:|1683632990\n|move|p2a: Flutter Mane|Protect||[still]\n|-fail|p2a: Flutter Mane\n|move|p1b: Dragonite|Extreme Speed|p2a: Flutter Mane\n|-damage|p2a: Flutter Mane|0 fnt\n|faint|p2a: Flutter Mane\n|-end|p2a: Flutter Mane|Protosynthesis|[silent]\n|-damage|p1b: Dragonite|73\/100 psn|[from] item: Life Orb\n|move|p1a: Iron Moth|Heat Wave|p2b: Glimmora\n|-resisted|p2b: Glimmora\n|-damage|p2b: Glimmora|26\/100\n|move|p2b: Glimmora|Power Gem|p1b: Dragonite\n|-supereffective|p1b: Dragonite\n|-damage|p1b: Dragonite|26\/100 psn\n|\n|-damage|p1b: Dragonite|14\/100 psn|[from] psn\n|upkeep\n|turn|8\n|\n|t:|1683633005\n|move|p1b: Dragonite|Extreme Speed|p2b: Glimmora\n|-resisted|p2b: Glimmora\n|-crit|p2b: Glimmora\n|-damage|p2b: Glimmora|0 fnt\n|-activate|p2b: Glimmora|ability: Toxic Debris\n|-sidestart|p1: shuijunjun|move: Toxic Spikes\n|faint|p2b: Glimmora\n|-damage|p1b: Dragonite|5\/100 psn|[from] item: Life Orb\n|\n|win|shuijunjun\n|raw|shuijunjun's rating: 1240 → 1272<\/strong> (+32 for winning)\n|raw|runningcatdog's rating: 1337 → 1312<\/strong> (-25 for losing)\n|l|\u2606runningcatdog\n","uploadtime":1683633012,"views":13,"p1id":"shuijunjun","p2id":"runningcatdog","formatid":"gen9vgc2023regulationc","rating":1272,"private":0,"password":""}