{"id":"gen9vgc2023regulationc-1855450454","p1":"TimidTailwind","p2":"BlindMagneton","format":"[Gen 9] VGC 2023 Regulation C","log":"|j|\u2606TimidTailwind\n|j|\u2606BlindMagneton\n|t:|1682952586\n|gametype|doubles\n|player|p1|TimidTailwind|rocketgruntf|1340\n|player|p2|BlindMagneton|169|1217\n|teamsize|p1|6\n|teamsize|p2|6\n|gen|9\n|tier|[Gen 9] VGC 2023 Regulation C\n|rated|\n|rule|Species Clause: Limit one of each Pok\u00e9mon\n|rule|Item Clause: Limit one of each item\n|clearpoke\n|poke|p1|Ting-Lu, L50|\n|poke|p1|Iron Bundle, L50|\n|poke|p1|Abomasnow, L50, M|\n|poke|p1|Glaceon, L50, F|\n|poke|p1|Ceruledge, L50, F|\n|poke|p1|Vivillon-Polar, L50, F|\n|poke|p2|Iron Bundle, L50|\n|poke|p2|Sandy Shocks, L50|\n|poke|p2|Pelipper, L50, M|\n|poke|p2|Scizor, L50, F|\n|poke|p2|Clodsire, L50, F|\n|poke|p2|Ceruledge, L50, F|\n|teampreview|4\n|inactive|Battle timer is ON: inactive players will automatically lose when time's up. (requested by TimidTailwind)\nTimidTailwind has agreed to open team sheets.\n|inactive|BlindMagneton has 60 seconds left.\n|inactive|BlindMagneton has 30 seconds left.\n|inactive|BlindMagneton has 20 seconds left.\n|inactive|BlindMagneton has 15 seconds left.\n|inactive|BlindMagneton has 10 seconds left.\n|\n|t:|1682952669\n|start\n|switch|p1a: The Storm|Abomasnow, L50, M, shiny|100\/100\n|switch|p1b: Frozen Flares|Iron Bundle, L50|100\/100\n|switch|p2a: Iron Bundle|Iron Bundle, L50|100\/100\n|switch|p2b: Scizor|Scizor, L50, F|100\/100\n|-weather|Snow|[from] ability: Snow Warning|[of] p1a: The Storm\n|-enditem|p1b: Frozen Flares|Booster Energy\n|-activate|p1b: Frozen Flares|ability: Quark Drive|[fromitem]\n|-start|p1b: Frozen Flares|quarkdrivespe\n|turn|1\n|inactive|BlindMagneton has 30 seconds left.\n|inactive|BlindMagneton has 20 seconds left.\n|inactive|BlindMagneton has 15 seconds left.\n|\n|t:|1682952711\n|-end|p2a: Iron Bundle|Quark Drive|[silent]\n|switch|p2a: Pelipper|Pelipper, L50, M|100\/100\n|-weather|RainDance|[from] ability: Drizzle|[of] p2a: Pelipper\n|move|p2b: Scizor|Bullet Punch|p1a: The Storm\n|-supereffective|p1a: The Storm\n|-damage|p1a: The Storm|27\/100\n|move|p1b: Frozen Flares|Aurora Veil||[still]\n|-fail|p1b: Frozen Flares\n|move|p1a: The Storm|Energy Ball|p2a: Pelipper\n|-damage|p2a: Pelipper|20\/100\n|-damage|p1a: The Storm|18\/100|[from] item: Life Orb\n|\n|-weather|RainDance|[upkeep]\n|upkeep\n|turn|2\n|inactive|TimidTailwind has 30 seconds left.\n|inactive|BlindMagneton has 30 seconds left.\n|\n|t:|1682952738\n|move|p1a: The Storm|Protect|p1a: The Storm\n|-singleturn|p1a: The Storm|Protect\n|move|p1b: Frozen Flares|Blizzard|p2a: Pelipper|[spread] p2a\n|-miss|p1b: Frozen Flares|p2b: Scizor\n|-damage|p2a: Pelipper|0 fnt\n|faint|p2a: Pelipper\n|move|p2b: Scizor|U-turn|p1a: The Storm\n|-activate|p1a: The Storm|move: Protect\n|\n|-weather|RainDance|[upkeep]\n|upkeep\n|inactive|BlindMagneton has 30 seconds left.\n|inactive|BlindMagneton has 20 seconds left.\n|\n|t:|1682952775\n|switch|p2a: Iron Bundle|Iron Bundle, L50|100\/100\n|turn|3\n|\n|t:|1682952788\n|move|p1b: Frozen Flares|Hydro Pump|p2b: Scizor\n|-damage|p2b: Scizor|27\/100\n|move|p2a: Iron Bundle|Hydro Pump|p1b: Frozen Flares\n|-resisted|p1b: Frozen Flares\n|-damage|p1b: Frozen Flares|0 fnt\n|faint|p1b: Frozen Flares\n|-end|p1b: Frozen Flares|Quark Drive|[silent]\n|move|p2b: Scizor|U-turn|p1a: The Storm\n|-supereffective|p1a: The Storm\n|-damage|p1a: The Storm|0 fnt\n|faint|p1a: The Storm\n|\n|t:|1682952797\n|switch|p2b: Sandy Shocks|Sandy Shocks, L50|100\/100|[from] U-turn\n|-enditem|p2b: Sandy Shocks|Booster Energy\n|-activate|p2b: Sandy Shocks|ability: Protosynthesis|[fromitem]\n|-start|p2b: Sandy Shocks|protosynthesisspe\n|\n|-weather|RainDance|[upkeep]\n|upkeep\n|\n|t:|1682952799\n|switch|p1b: Snowcat|Glaceon, L50, F, shiny|100\/100\n|switch|p1a: Unbending|Ting-Lu, L50|100\/100\n|-ability|p1a: Unbending|Vessel of Ruin\n|turn|4\n|inactive|TimidTailwind has 30 seconds left.\n|inactive|BlindMagneton has 30 seconds left.\n|inactive|BlindMagneton has 20 seconds left.\n|inactive|BlindMagneton has 15 seconds left.\n|\n|t:|1682952839\n|-terastallize|p2a: Iron Bundle|Water\n|move|p2b: Sandy Shocks|Gravity|p2b: Sandy Shocks\n|-fieldstart|move: Gravity\n|move|p2a: Iron Bundle|Hydro Pump|p1a: Unbending\n|-supereffective|p1a: Unbending\n|-damage|p1a: Unbending|0 fnt\n|faint|p1a: Unbending\n|move|p1b: Snowcat|Blizzard|p2b: Sandy Shocks|[spread] p2a,p2b\n|-resisted|p2a: Iron Bundle\n|-supereffective|p2b: Sandy Shocks\n|-damage|p2a: Iron Bundle|54\/100\n|-damage|p2b: Sandy Shocks|0 fnt\n|faint|p2b: Sandy Shocks\n|-end|p2b: Sandy Shocks|Protosynthesis|[silent]\n|\n|-weather|RainDance|[upkeep]\n|upkeep\n|\n|t:|1682952850\n|switch|p2b: Scizor|Scizor, L50, F|27\/100\n|turn|5\n|\n|t:|1682952862\n|move|p2a: Iron Bundle|Hydro Pump|p1b: Snowcat\n|-damage|p1b: Snowcat|0 fnt\n|faint|p1b: Snowcat\n|\n|win|BlindMagneton\n|raw|TimidTailwind's rating: 1340 → 1313<\/strong> (-27 for losing)\n|raw|BlindMagneton's rating: 1217 → 1250<\/strong> (+33 for winning)\n|l|\u2606TimidTailwind\n","uploadtime":1682952871,"views":17,"p1id":"timidtailwind","p2id":"blindmagneton","formatid":"gen9vgc2023regulationc","rating":1250,"private":0,"password":""}