{"id":"gen9vgc2023regulationc-1853260514","p1":"Alexis_student","p2":"ThatFosterKid123","format":"[Gen 9] VGC 2023 Regulation C","log":"|j|\u2606Alexis_student\n|j|\u2606ThatFosterKid123\n|t:|1682656569\n|gametype|doubles\n|player|p1|Alexis_student|1|1164\n|player|p2|ThatFosterKid123|red|1064\n|teamsize|p1|6\n|teamsize|p2|6\n|gen|9\n|tier|[Gen 9] VGC 2023 Regulation C\n|rated|\n|rule|Species Clause: Limit one of each Pok\u00e9mon\n|rule|Item Clause: Limit one of each item\n|clearpoke\n|poke|p1|Amoonguss, L50, F|\n|poke|p1|Palafin, L50, M|\n|poke|p1|Arcanine, L50, M|\n|poke|p1|Flutter Mane, L50|\n|poke|p1|Baxcalibur, L50, F|\n|poke|p1|Ting-Lu, L50|\n|poke|p2|Rotom-Wash, L50|\n|poke|p2|Garchomp, L50, M|\n|poke|p2|Meowscarada, L50, M|\n|poke|p2|Indeedee-F, L50, F|\n|poke|p2|Espathra, L50, F|\n|poke|p2|Kingambit, L50, F|\n|teampreview|4\n|inactive|Battle timer is ON: inactive players will automatically lose when time's up. (requested by Alexis_student)\n|\n|t:|1682656600\n|start\n|switch|p1a: Amoonguss|Amoonguss, L50, F|100\/100\n|switch|p1b: Palafin|Palafin, L50, M|100\/100\n|switch|p2a: Garchomp|Garchomp, L50, M|100\/100\n|switch|p2b: Rotom|Rotom-Wash, L50, shiny|100\/100\n|turn|1\n|\n|t:|1682656624\n|-terastallize|p2b: Rotom|Fire\n|move|p1b: Palafin|Protect|p1b: Palafin\n|-singleturn|p1b: Palafin|Protect\n|move|p2a: Garchomp|Rock Slide|p1b: Palafin|[spread] p1a\n|-activate|p1b: Palafin|move: Protect\n|-damage|p1a: Amoonguss|79\/100\n|-damage|p2a: Garchomp|91\/100|[from] item: Life Orb\n|move|p2b: Rotom|Tera Blast|p1a: Amoonguss\n|-supereffective|p1a: Amoonguss\n|-damage|p1a: Amoonguss|12\/100\n|-enditem|p1a: Amoonguss|Sitrus Berry|[eat]\n|-heal|p1a: Amoonguss|37\/100|[from] item: Sitrus Berry\n|move|p1a: Amoonguss|Spore|p2a: Garchomp\n|-status|p2a: Garchomp|slp|[from] move: Spore\n|\n|upkeep\n|turn|2\n|inactive|Alexis_student has 30 seconds left.\n|inactive|ThatFosterKid123 has 30 seconds left.\n|\n|t:|1682656659\n|detailschange|p1b: Palafin|Palafin-Hero, L50, M\n|switch|p1b: Flutter Mane|Flutter Mane, L50|100\/100\n|switch|p1a: Arcanine|Arcanine, L50, M|100\/100\n|-ability|p1a: Arcanine|Intimidate|boost\n|-unboost|p2a: Garchomp|atk|1\n|-unboost|p2b: Rotom|atk|1\n|cant|p2a: Garchomp|slp\n|move|p2b: Rotom|Tera Blast|p1a: Arcanine\n|-resisted|p1a: Arcanine\n|-damage|p1a: Arcanine|82\/100\n|\n|upkeep\n|turn|3\n|\n|t:|1682656683\n|-end|p1b: Flutter Mane|Protosynthesis|[silent]\n|switch|p1b: Palafin|Palafin-Hero, L50, M|100\/100\n|-activate|p1b: Palafin|ability: Zero to Hero\n|cant|p2a: Garchomp|slp\n|move|p2b: Rotom|Hydro Pump|p1a: Arcanine|[miss]\n|-miss|p2b: Rotom|p1a: Arcanine\n|move|p1a: Arcanine|Howl|p1a: Arcanine|[spread] p1a,p1b\n|-boost|p1a: Arcanine|atk|1\n|-boost|p1b: Palafin|atk|1\n|\n|upkeep\n|turn|4\n|\n|t:|1682656702\n|switch|p1a: Amoonguss|Amoonguss, L50, F|70\/100\n|-terastallize|p1b: Palafin|Water\n|move|p1b: Palafin|Jet Punch|p2b: Rotom\n|-supereffective|p2b: Rotom\n|-damage|p2b: Rotom|0 fnt\n|faint|p2b: Rotom\n|-curestatus|p2a: Garchomp|slp|[msg]\n|move|p2a: Garchomp|Rock Slide|p1b: Palafin|[spread] p1a,p1b\n|-damage|p1a: Amoonguss|55\/100\n|-damage|p1b: Palafin|85\/100\n|-damage|p2a: Garchomp|81\/100|[from] item: Life Orb\n|\n|upkeep\n|\n|t:|1682656707\n|switch|p2b: Espathra|Espathra, L50, F|100\/100\n|turn|5\n|\n|t:|1682656728\n|switch|p2a: Indeedee|Indeedee-F, L50, F, shiny|100\/100\n|-fieldstart|move: Psychic Terrain|[from] ability: Psychic Surge|[of] p2a: Indeedee\n|switch|p1a: Arcanine|Arcanine, L50, M|82\/100\n|-ability|p1a: Arcanine|Intimidate|boost\n|-unboost|p2a: Indeedee|atk|1\n|-unboost|p2b: Espathra|atk|1\n|move|p2b: Espathra|Protect|p2b: Espathra\n|-singleturn|p2b: Espathra|Protect\n|move|p1b: Palafin|Wave Crash|p2b: Espathra\n|-activate|p2b: Espathra|move: Protect\n|\n|upkeep\n|turn|6\n|-message|ThatFosterKid123 forfeited.\n|\n|win|Alexis_student\n|raw|Alexis_student's rating: 1164 → 1182<\/strong> (+18 for winning)\n|raw|ThatFosterKid123's rating: 1064 → 1050<\/strong> (-14 for losing)\n|l|\u2606ThatFosterKid123\n","uploadtime":1682656753,"views":7,"p1id":"alexisstudent","p2id":"thatfosterkid123","formatid":"gen9vgc2023regulationc","rating":1050,"private":0,"password":""}