{"id":"gen9vgc2023regulationc-1853491593","p1":"Poke Chiyo","p2":"JohanDK","format":"[Gen 9] VGC 2023 Regulation C","log":"|j|\u2606Poke Chiyo\n|j|\u2606JohanDK\n|t:|1682690425\n|gametype|doubles\n|player|p1|Poke Chiyo|fisherman|1269\n|player|p2|JohanDK|101|1316\n|teamsize|p1|6\n|teamsize|p2|6\n|gen|9\n|tier|[Gen 9] VGC 2023 Regulation C\n|rated|\n|rule|Species Clause: Limit one of each Pok\u00e9mon\n|rule|Item Clause: Limit one of each item\n|clearpoke\n|poke|p1|Pelipper, L50, F|\n|poke|p1|Palafin, L50, F|\n|poke|p1|Drednaw, L50, M|\n|poke|p1|Amoonguss, L50, F|\n|poke|p1|Klefki, L50, F|\n|poke|p1|Chien-Pao, L50|\n|poke|p2|Flutter Mane, L50|\n|poke|p2|Amoonguss, L50, M|\n|poke|p2|Chien-Pao, L50|\n|poke|p2|Gyarados, L50, M|\n|poke|p2|Ceruledge, L50, F|\n|poke|p2|Gastrodon-East, L50, M|\n|teampreview|4\n|\n|t:|1682690460\n|start\n|switch|p1a: Drednaw|Drednaw, L50, M|100\/100\n|switch|p1b: Palafin|Palafin, L50, F|100\/100\n|switch|p2a: Chien-Pao|Chien-Pao, L50|100\/100\n|switch|p2b: Gyarados|Gyarados, L50, M, shiny|100\/100\n|-ability|p2a: Chien-Pao|Sword of Ruin\n|-ability|p2b: Gyarados|Intimidate|boost\n|-unboost|p1a: Drednaw|atk|1\n|-unboost|p1b: Palafin|atk|1\n|turn|1\n|\n|t:|1682690484\n|detailschange|p1b: Palafin|Palafin-Hero, L50, F\n|switch|p1b: Pelipper|Pelipper, L50, F|100\/100\n|-weather|RainDance|[from] ability: Drizzle|[of] p1b: Pelipper\n|move|p2a: Chien-Pao|Protect|p2a: Chien-Pao\n|-singleturn|p2a: Chien-Pao|Protect\n|move|p1a: Drednaw|Rock Slide|p2a: Chien-Pao|[spread] p2b\n|-activate|p2a: Chien-Pao|move: Protect\n|-supereffective|p2b: Gyarados\n|-damage|p2b: Gyarados|30\/100\n|cant|p2b: Gyarados|flinch\n|\n|-weather|RainDance|[upkeep]\n|upkeep\n|turn|2\n|\n|t:|1682690507\n|switch|p2b: Gastrodon|Gastrodon-East, L50, M|100\/100\n|move|p1a: Drednaw|Rock Slide|p2a: Chien-Pao|[spread] p2a,p2b\n|-supereffective|p2a: Chien-Pao\n|-resisted|p2b: Gastrodon\n|-damage|p2a: Chien-Pao|23\/100\n|-damage|p2b: Gastrodon|82\/100\n|move|p2a: Chien-Pao|Sacred Sword|p1a: Drednaw\n|-supereffective|p1a: Drednaw\n|-damage|p1a: Drednaw|10\/100\n|move|p1b: Pelipper|Tailwind|p1b: Pelipper\n|-sidestart|p1: Poke Chiyo|move: Tailwind\n|\n|-weather|RainDance|[upkeep]\n|-heal|p2b: Gastrodon|88\/100|[from] item: Leftovers\n|upkeep\n|turn|3\n|\n|t:|1682690542\n|switch|p1a: Palafin|Palafin-Hero, L50, F|100\/100\n|-activate|p1a: Palafin|ability: Zero to Hero\n|move|p2a: Chien-Pao|Protect|p2a: Chien-Pao\n|-singleturn|p2a: Chien-Pao|Protect\n|move|p1b: Pelipper|Hurricane|p2b: Gastrodon\n|-damage|p2b: Gastrodon|51\/100\n|move|p2b: Gastrodon|Icy Wind|p1a: Palafin|[spread] p1a,p1b\n|-resisted|p1a: Palafin\n|-damage|p1a: Palafin|96\/100\n|-damage|p1b: Pelipper|87\/100\n|-unboost|p1a: Palafin|spe|1\n|-unboost|p1b: Pelipper|spe|1\n|\n|-weather|RainDance|[upkeep]\n|-heal|p2b: Gastrodon|58\/100|[from] item: Leftovers\n|upkeep\n|turn|4\n|\n|t:|1682690573\n|switch|p2a: Gyarados|Gyarados, L50, M, shiny|30\/100\n|-ability|p2a: Gyarados|Intimidate|boost\n|-unboost|p1a: Palafin|atk|1\n|-unboost|p1b: Pelipper|atk|1\n|move|p1a: Palafin|Close Combat|p2a: Gyarados\n|-resisted|p2a: Gyarados\n|-damage|p2a: Gyarados|12\/100\n|-unboost|p1a: Palafin|def|1\n|-unboost|p1a: Palafin|spd|1\n|move|p1b: Pelipper|Hurricane|p2b: Gastrodon\n|-damage|p2b: Gastrodon|22\/100\n|-start|p2b: Gastrodon|confusion\n|-activate|p2b: Gastrodon|confusion\n|move|p2b: Gastrodon|Recover|p2b: Gastrodon\n|-heal|p2b: Gastrodon|72\/100\n|\n|-weather|RainDance|[upkeep]\n|-heal|p2b: Gastrodon|78\/100|[from] item: Leftovers\n|upkeep\n|turn|5\n|\n|t:|1682690616\n|switch|p1a: Drednaw|Drednaw, L50, M|10\/100\n|move|p1b: Pelipper|Hurricane|p2a: Gyarados\n|-damage|p2a: Gyarados|0 fnt\n|faint|p2a: Gyarados\n|-activate|p2b: Gastrodon|confusion\n|-damage|p2b: Gastrodon|72\/100|[from] confusion\n|\n|-weather|RainDance|[upkeep]\n|-heal|p2b: Gastrodon|78\/100|[from] item: Leftovers\n|-sideend|p1: Poke Chiyo|move: Tailwind\n|upkeep\n|\n|t:|1682690630\n|switch|p2a: Chien-Pao|Chien-Pao, L50|23\/100\n|-ability|p2a: Chien-Pao|Sword of Ruin\n|turn|6\n|\n|t:|1682690653\n|switch|p1a: Palafin|Palafin-Hero, L50, F|96\/100\n|move|p2a: Chien-Pao|Ice Spinner|p1b: Pelipper\n|-damage|p1b: Pelipper|25\/100\n|move|p1b: Pelipper|Tailwind|p1b: Pelipper\n|-sidestart|p1: Poke Chiyo|move: Tailwind\n|-activate|p2b: Gastrodon|confusion\n|move|p2b: Gastrodon|Icy Wind|p1a: Palafin|[spread] p1a,p1b\n|-resisted|p1a: Palafin\n|-damage|p1a: Palafin|92\/100\n|-damage|p1b: Pelipper|13\/100\n|-unboost|p1a: Palafin|spe|1\n|-unboost|p1b: Pelipper|spe|1\n|\n|-weather|RainDance|[upkeep]\n|-heal|p2b: Gastrodon|84\/100|[from] item: Leftovers\n|upkeep\n|turn|7\n|\n|t:|1682690684\n|switch|p1a: Drednaw|Drednaw, L50, M|10\/100\n|move|p2a: Chien-Pao|Protect|p2a: Chien-Pao\n|-singleturn|p2a: Chien-Pao|Protect\n|move|p1b: Pelipper|Hurricane|p2a: Chien-Pao\n|-activate|p2a: Chien-Pao|move: Protect\n|-activate|p2b: Gastrodon|confusion\n|move|p2b: Gastrodon|Icy Wind|p1a: Drednaw|[spread] p1a,p1b\n|-resisted|p1a: Drednaw\n|-damage|p1a: Drednaw|5\/100\n|-damage|p1b: Pelipper|0 fnt\n|-unboost|p1a: Drednaw|spe|1\n|faint|p1b: Pelipper\n|\n|-weather|RainDance|[upkeep]\n|-heal|p2b: Gastrodon|90\/100|[from] item: Leftovers\n|upkeep\n|\n|t:|1682690723\n|switch|p1b: Chien-Pao|Chien-Pao, L50|100\/100\n|-ability|p1b: Chien-Pao|Sword of Ruin\n|turn|8\n|\n|t:|1682690744\n|switch|p1a: Palafin|Palafin-Hero, L50, F|92\/100\n|-terastallize|p2a: Chien-Pao|Ghost\n|move|p2a: Chien-Pao|Sucker Punch||[still]\n|-fail|p2a: Chien-Pao\n|move|p1b: Chien-Pao|Ice Spinner|p2a: Chien-Pao\n|-damage|p2a: Chien-Pao|0 fnt\n|faint|p2a: Chien-Pao\n|-end|p2b: Gastrodon|confusion\n|move|p2b: Gastrodon|Yawn|p1b: Chien-Pao\n|-start|p1b: Chien-Pao|move: Yawn|[of] p2b: Gastrodon\n|\n|-weather|none\n|-heal|p2b: Gastrodon|97\/100|[from] item: Leftovers\n|upkeep\n|\n|t:|1682690762\n|switch|p2a: Ceruledge|Ceruledge, L50, F, shiny|100\/100\n|turn|9\n|\n|t:|1682690798\n|switch|p1b: Drednaw|Drednaw, L50, M|5\/100\n|move|p1a: Palafin|Protect|p1a: Palafin\n|-singleturn|p1a: Palafin|Protect\n|move|p2a: Ceruledge|Bulk Up|p2a: Ceruledge\n|-boost|p2a: Ceruledge|atk|1\n|-boost|p2a: Ceruledge|def|1\n|move|p2b: Gastrodon|Yawn|p1a: Palafin\n|-activate|p1a: Palafin|move: Protect\n|\n|-heal|p2b: Gastrodon|100\/100|[from] item: Leftovers\n|-sideend|p1: Poke Chiyo|move: Tailwind\n|upkeep\n|turn|10\n|\n|t:|1682690830\n|switch|p1a: Chien-Pao|Chien-Pao, L50|100\/100\n|-ability|p1a: Chien-Pao|Sword of Ruin\n|-terastallize|p1b: Drednaw|Grass\n|move|p2a: Ceruledge|Shadow Sneak|p1b: Drednaw\n|-damage|p1b: Drednaw|0 fnt\n|faint|p1b: Drednaw\n|move|p2b: Gastrodon|Yawn|p1a: Chien-Pao\n|-start|p1a: Chien-Pao|move: Yawn|[of] p2b: Gastrodon\n|\n|upkeep\n|-message|Poke Chiyo forfeited.\n|\n|win|JohanDK\n|raw|Poke Chiyo's rating: 1269 → 1247<\/strong> (-22 for losing)\n|raw|JohanDK's rating: 1316 → 1333<\/strong> (+17 for winning)\n|l|\u2606Poke Chiyo\n","uploadtime":1682690855,"views":7,"p1id":"pokechiyo","p2id":"johandk","formatid":"gen9vgc2023regulationc","rating":1247,"private":0,"password":""}