{"id":"gen9vgc2023regulationc-1853217025","p1":"slucin","p2":"zhz2021","format":"[Gen 9] VGC 2023 Regulation C","log":"|j|\u2606slucin\n|j|\u2606zhz2021\n|t:|1682649957\n|gametype|doubles\n|player|p1|slucin|170|1543\n|player|p2|zhz2021|marley|1607\n|teamsize|p1|6\n|teamsize|p2|6\n|gen|9\n|tier|[Gen 9] VGC 2023 Regulation C\n|rated|\n|rule|Species Clause: Limit one of each Pok\u00e9mon\n|rule|Item Clause: Limit one of each item\n|clearpoke\n|poke|p1|Chi-Yu, L50|\n|poke|p1|Amoonguss, L50, M|\n|poke|p1|Flutter Mane, L50|\n|poke|p1|Garchomp, L50, M|\n|poke|p1|Gyarados, L50, M|\n|poke|p1|Kingambit, L50, M|\n|poke|p2|Roaring Moon, L50|\n|poke|p2|Brambleghast, L50, F|\n|poke|p2|Iron Hands, L50|\n|poke|p2|Maushold-Four, L50|\n|poke|p2|Flutter Mane, L50|\n|poke|p2|Chi-Yu, L50|\n|teampreview|4\nslucin has agreed to open team sheets.\n|j| AlolanItachi\n|j| MidianVGC\n|inactive|Battle timer is ON: inactive players will automatically lose when time's up. (requested by zhz2021)\n|\n|t:|1682649988\n|start\n|switch|p1a: Flutter Mane|Flutter Mane, L50|100\/100\n|switch|p1b: Gyarados|Gyarados, L50, M|100\/100\n|switch|p2a: \u9b3c\u6708|Roaring Moon, L50|100\/100\n|switch|p2b: \u91d1\u521a|Iron Hands, L50|100\/100\n|-ability|p1b: Gyarados|Intimidate|boost\n|-unboost|p2a: \u9b3c\u6708|atk|1\n|-unboost|p2b: \u91d1\u521a|atk|1\n|-enditem|p1a: Flutter Mane|Booster Energy\n|-activate|p1a: Flutter Mane|ability: Protosynthesis|[fromitem]\n|-start|p1a: Flutter Mane|protosynthesisspe\n|-enditem|p2a: \u9b3c\u6708|Booster Energy\n|-activate|p2a: \u9b3c\u6708|ability: Protosynthesis|[fromitem]\n|-start|p2a: \u9b3c\u6708|protosynthesisspe\n|turn|1\n|\n|t:|1682649996\n|switch|p1b: Amoonguss|Amoonguss, L50, M|100\/100\n|-terastallize|p2a: \u9b3c\u6708|Ghost\n|move|p1a: Flutter Mane|Dazzling Gleam|p2a: \u9b3c\u6708|[spread] p2a,p2b\n|-supereffective|p2b: \u91d1\u521a\n|-damage|p2a: \u9b3c\u6708|73\/100\n|-damage|p2b: \u91d1\u521a|61\/100\n|move|p2a: \u9b3c\u6708|Tailwind|p2a: \u9b3c\u6708\n|-sidestart|p2: zhz2021|move: Tailwind\n|move|p2b: \u91d1\u521a|Wild Charge|p1b: Amoonguss\n|-resisted|p1b: Amoonguss\n|-damage|p1b: Amoonguss|88\/100\n|-damage|p2b: \u91d1\u521a|45\/100|[from] item: Rocky Helmet|[of] p1b: Amoonguss\n|-damage|p2b: \u91d1\u521a|42\/100|[from] Recoil\n|\n|upkeep\n|turn|2\n|\n|t:|1682650020\n|-end|p2b: \u91d1\u521a|Quark Drive|[silent]\n|switch|p2b: \u8349\u738b|Brambleghast, L50, F, shiny|100\/100\n|-ability|p2b: \u8349\u738b|Wind Rider|boost\n|-boost|p2b: \u8349\u738b|atk|1\n|move|p1a: Flutter Mane|Protect|p1a: Flutter Mane\n|-singleturn|p1a: Flutter Mane|Protect\n|move|p2a: \u9b3c\u6708|Taunt|p1b: Amoonguss\n|-start|p1b: Amoonguss|move: Taunt\n|cant|p1b: Amoonguss|move: Taunt|Spore\n|\n|upkeep\n|turn|3\n|\n|t:|1682650033\n|switch|p1b: Gyarados|Gyarados, L50, M|100\/100\n|-ability|p1b: Gyarados|Intimidate|boost\n|-unboost|p2a: \u9b3c\u6708|atk|1\n|-unboost|p2b: \u8349\u738b|atk|1\n|-terastallize|p1a: Flutter Mane|Water\n|move|p2a: \u9b3c\u6708|Acrobatics|p1b: Gyarados\n|-damage|p1b: Gyarados|81\/100\n|move|p2b: \u8349\u738b|Bullet Seed|p1a: Flutter Mane\n|-supereffective|p1a: Flutter Mane\n|-damage|p1a: Flutter Mane|51\/100\n|-supereffective|p1a: Flutter Mane\n|-damage|p1a: Flutter Mane|4\/100\n|-supereffective|p1a: Flutter Mane\n|-damage|p1a: Flutter Mane|0 fnt\n|faint|p1a: Flutter Mane\n|-end|p1a: Flutter Mane|Protosynthesis|[silent]\n|-hitcount|p1: Flutter Mane|3\n|\n|upkeep\n|\n|t:|1682650046\n|switch|p1a: Garchomp|Garchomp, L50, M|100\/100\n|turn|4\n|\n|t:|1682650053\n|move|p1a: Garchomp|Protect|p1a: Garchomp\n|-singleturn|p1a: Garchomp|Protect\n|move|p2a: \u9b3c\u6708|Taunt|p1b: Gyarados\n|-start|p1b: Gyarados|move: Taunt\n|move|p2b: \u8349\u738b|Bullet Seed|p1a: Garchomp\n|-activate|p1a: Garchomp|move: Protect\n|cant|p1b: Gyarados|move: Taunt|Thunder Wave\n|\n|-sideend|p2: zhz2021|move: Tailwind\n|upkeep\n|turn|5\n|\n|t:|1682650076\n|move|p2a: \u9b3c\u6708|Tailwind|p2a: \u9b3c\u6708\n|-sidestart|p2: zhz2021|move: Tailwind\n|-ability|p2b: \u8349\u738b|Wind Rider|boost\n|-boost|p2b: \u8349\u738b|atk|1\n|move|p2b: \u8349\u738b|Bullet Seed|p1b: Gyarados\n|-damage|p1b: Gyarados|65\/100\n|-damage|p1b: Gyarados|48\/100\n|-damage|p1b: Gyarados|32\/100\n|-damage|p1b: Gyarados|16\/100\n|-hitcount|p1b: Gyarados|4\n|move|p1a: Garchomp|Earthquake|p2b: \u8349\u738b|[spread] p2a,p2b\n|-immune|p1b: Gyarados\n|-resisted|p2b: \u8349\u738b\n|-damage|p2a: \u9b3c\u6708|5\/100\n|-damage|p2b: \u8349\u738b|56\/100\n|-damage|p1a: Garchomp|91\/100|[from] item: Life Orb\n|move|p1b: Gyarados|Waterfall|p2a: \u9b3c\u6708\n|-damage|p2a: \u9b3c\u6708|0 fnt\n|faint|p2a: \u9b3c\u6708\n|-end|p2a: \u9b3c\u6708|Protosynthesis|[silent]\n|\n|upkeep\n|\n|t:|1682650089\n|switch|p2a: \u5929\u9053|Chi-Yu, L50|100\/100\n|-ability|p2a: \u5929\u9053|Beads of Ruin\n|turn|6\n|\n|t:|1682650094\n|switch|p1b: Amoonguss|Amoonguss, L50, M|100\/100\n|move|p1a: Garchomp|Protect|p1a: Garchomp\n|-singleturn|p1a: Garchomp|Protect\n|move|p2a: \u5929\u9053|Heat Wave|p1a: Garchomp|[spread] p1b\n|-activate|p1a: Garchomp|move: Protect\n|-supereffective|p1b: Amoonguss\n|-damage|p1b: Amoonguss|0 fnt\n|faint|p1b: Amoonguss\n|-damage|p2a: \u5929\u9053|91\/100|[from] item: Life Orb\n|move|p2b: \u8349\u738b|Bullet Seed|p1a: Garchomp\n|-activate|p1a: Garchomp|move: Protect\n|\n|upkeep\n|\n|t:|1682650100\n|switch|p1b: Gyarados|Gyarados, L50, M|16\/100\n|-ability|p1b: Gyarados|Intimidate|boost\n|-unboost|p2a: \u5929\u9053|atk|1\n|-unboost|p2b: \u8349\u738b|atk|1\n|turn|7\n|\n|t:|1682650113\n|move|p1b: Gyarados|Helping Hand|p1a: Garchomp\n|-singleturn|p1a: Garchomp|Helping Hand|[of] p1b: Gyarados\n|move|p2a: \u5929\u9053|Dark Pulse|p1a: Garchomp\n|-damage|p1a: Garchomp|10\/100\n|-damage|p2a: \u5929\u9053|82\/100|[from] item: Life Orb\n|move|p2b: \u8349\u738b|Bullet Seed|p1b: Gyarados\n|-damage|p1b: Gyarados|4\/100\n|-damage|p1b: Gyarados|0 fnt\n|faint|p1b: Gyarados\n|-hitcount|p1: Gyarados|2\n|move|p1a: Garchomp|Earthquake|p2a: \u5929\u9053|[spread] p2a,p2b\n|-supereffective|p2a: \u5929\u9053\n|-resisted|p2b: \u8349\u738b\n|-damage|p2a: \u5929\u9053|0 fnt\n|-damage|p2b: \u8349\u738b|0 fnt\n|faint|p2a: \u5929\u9053\n|faint|p2b: \u8349\u738b\n|-damage|p1a: Garchomp|0 fnt|[from] item: Life Orb\n|faint|p1a: Garchomp\n|\n|win|zhz2021\n|raw|slucin's rating: 1543 → 1527<\/strong> (-16 for losing)\n|raw|zhz2021's rating: 1607 → 1623<\/strong> (+16 for winning)\n|l|\u2606slucin\n|l|\u2606zhz2021\n|l| AlolanItachi\n","uploadtime":1682650169,"views":7,"p1id":"slucin","p2id":"zhz2021","formatid":"gen9vgc2023regulationc","rating":1527,"private":0,"password":""}