{"id":"gen9vgc2023regulationc-1853029080","p1":"delibirdsbags","p2":"supaflytnt","format":"[Gen 9] VGC 2023 Regulation C","log":"|j|\u2606delibirdsbags\n|j|\u2606supaflytnt\n|t:|1682627259\n|gametype|doubles\n|player|p1|delibirdsbags|1|1376\n|player|p2|supaflytnt|170|1283\n|teamsize|p1|6\n|teamsize|p2|6\n|gen|9\n|tier|[Gen 9] VGC 2023 Regulation C\n|rated|\n|rule|Species Clause: Limit one of each Pok\u00e9mon\n|rule|Item Clause: Limit one of each item\n|clearpoke\n|poke|p1|Iron Jugulis, L50|\n|poke|p1|Krookodile, L50, M|\n|poke|p1|Dragonite, L50, F|\n|poke|p1|Chien-Pao, L50|\n|poke|p1|Flutter Mane, L50|\n|poke|p1|Volcarona, L50, F|\n|poke|p2|Flutter Mane, L50|\n|poke|p2|Palafin, L50, F|\n|poke|p2|Iron Jugulis, L50|\n|poke|p2|Amoonguss, L50, M|\n|poke|p2|Arcanine, L50, M|\n|poke|p2|Gallade, L50, M|\n|teampreview|4\nsupaflytnt has agreed to open team sheets.\ndelibirdsbags has agreed to open team sheets.\n|\n|t:|1682627329\n|start\n|switch|p1a: Dragonite|Dragonite, L50, F|100\/100\n|switch|p1b: Chien-Pao|Chien-Pao, L50|100\/100\n|switch|p2a: Your boy|Palafin, L50, F|100\/100\n|switch|p2b: Gucci Mane|Flutter Mane, L50, shiny|100\/100\n|-ability|p1b: Chien-Pao|Sword of Ruin\n|turn|1\n|\n|t:|1682627345\n|detailschange|p2a: Your boy|Palafin-Hero, L50, F\n|switch|p2a: Noah\u2019s Ark|Arcanine, L50, M|100\/100\n|-ability|p2a: Noah\u2019s Ark|Intimidate|boost\n|-unboost|p1a: Dragonite|atk|1\n|-unboost|p1b: Chien-Pao|atk|1\n|-terastallize|p1a: Dragonite|Flying\n|move|p1b: Chien-Pao|Sucker Punch|p2b: Gucci Mane\n|-damage|p2b: Gucci Mane|55\/100\n|move|p2b: Gucci Mane|Dazzling Gleam|p1b: Chien-Pao|[spread] p1a,p1b\n|-supereffective|p1b: Chien-Pao\n|-damage|p1a: Dragonite|77\/100\n|-enditem|p1b: Chien-Pao|Focus Sash\n|-damage|p1b: Chien-Pao|1\/100\n|move|p1a: Dragonite|Tera Blast|p2a: Noah\u2019s Ark\n|-damage|p2a: Noah\u2019s Ark|30\/100\n|\n|upkeep\n|turn|2\n|\n|t:|1682627372\n|move|p1b: Chien-Pao|Protect|p1b: Chien-Pao\n|-singleturn|p1b: Chien-Pao|Protect\n|move|p2a: Noah\u2019s Ark|Extreme Speed|p1b: Chien-Pao\n|-activate|p1b: Chien-Pao|move: Protect\n|move|p2b: Gucci Mane|Dazzling Gleam|p1b: Chien-Pao|[spread] p1a\n|-activate|p1b: Chien-Pao|move: Protect\n|-damage|p1a: Dragonite|28\/100\n|move|p1a: Dragonite|Tera Blast|p2b: Gucci Mane\n|-damage|p2b: Gucci Mane|0 fnt\n|faint|p2b: Gucci Mane\n|-end|p2b: Gucci Mane|Protosynthesis|[silent]\n|\n|upkeep\n|\n|t:|1682627384\n|switch|p2b: Your boy|Palafin-Hero, L50, F|100\/100\n|-activate|p2b: Your boy|ability: Zero to Hero\n|turn|3\n|\n|t:|1682627397\n|move|p2a: Noah\u2019s Ark|Extreme Speed|p1a: Dragonite\n|-damage|p1a: Dragonite|0 fnt\n|faint|p1a: Dragonite\n|move|p1b: Chien-Pao|Sucker Punch|p2b: Your boy\n|-damage|p2b: Your boy|76\/100\n|move|p2b: Your boy|Jet Punch|p1b: Chien-Pao\n|-damage|p1b: Chien-Pao|0 fnt\n|faint|p1b: Chien-Pao\n|\n|upkeep\n|\n|t:|1682627406\n|switch|p1b: Volcarona|Volcarona, L50, F|100\/100\n|switch|p1a: Flutter Mane|Flutter Mane, L50|100\/100\n|turn|4\n|\n|t:|1682627428\n|-terastallize|p2b: Your boy|Water\n|move|p1b: Volcarona|Protect|p1b: Volcarona\n|-singleturn|p1b: Volcarona|Protect\n|move|p2b: Your boy|Jet Punch|p1a: Flutter Mane\n|-damage|p1a: Flutter Mane|0 fnt\n|faint|p1a: Flutter Mane\n|-end|p1a: Flutter Mane|Protosynthesis|[silent]\n|move|p2a: Noah\u2019s Ark|Flare Blitz|p1b: Volcarona\n|-activate|p1b: Volcarona|move: Protect\n|\n|upkeep\n|turn|5\n|\n|t:|1682627441\n|move|p2b: Your boy|Jet Punch|p1b: Volcarona\n|-supereffective|p1b: Volcarona\n|-damage|p1b: Volcarona|0 fnt\n|faint|p1b: Volcarona\n|\n|win|supaflytnt\n|raw|delibirdsbags's rating: 1376 → 1351<\/strong> (-25 for losing)\n|raw|supaflytnt's rating: 1283 → 1315<\/strong> (+32 for winning)\n|l|\u2606delibirdsbags\n","uploadtime":1682628035,"views":6,"p1id":"delibirdsbags","p2id":"supaflytnt","formatid":"gen9vgc2023regulationc","rating":1315,"private":0,"password":""}