{"id":"gen9vgc2023regulationc-1848166257","p1":"WillieDangerously","p2":"Amphinoben","format":"[Gen 9] VGC 2023 Regulation C","log":"|j|\u2606WillieDangerously\n|j|\u2606Amphinoben\n|t:|1682037540\n|gametype|doubles\n|player|p1|WillieDangerously|psychic-gen4|1190\n|player|p2|Amphinoben|benga|1287\n|teamsize|p1|6\n|teamsize|p2|6\n|gen|9\n|tier|[Gen 9] VGC 2023 Regulation C\n|rated|\n|rule|Species Clause: Limit one of each Pok\u00e9mon\n|rule|Item Clause: Limit one of each item\n|clearpoke\n|poke|p1|Espathra, L50, M|\n|poke|p1|Iron Bundle, L50|\n|poke|p1|Iron Valiant, L50|\n|poke|p1|Salamence, L50, M|\n|poke|p1|Scizor, L50, M|\n|poke|p1|Sandy Shocks, L50|\n|poke|p2|Palafin, L50, F|\n|poke|p2|Chien-Pao, L50|\n|poke|p2|Amoonguss, L50, F|\n|poke|p2|Pelipper, L50, F|\n|poke|p2|Iron Hands, L50|\n|poke|p2|Flutter Mane, L50|\n|teampreview|4\n|inactive|Battle timer is ON: inactive players will automatically lose when time's up. (requested by Amphinoben)\n|inactive|WillieDangerously has 60 seconds left.\n|inactive|Amphinoben has 60 seconds left.\n|inactive|Amphinoben has 30 seconds left.\n|inactive|Amphinoben has 20 seconds left.\n|\n|t:|1682037616\n|start\n|switch|p1a: Espathra|Espathra, L50, M|100\/100\n|switch|p1b: Sandy Shocks|Sandy Shocks, L50|100\/100\n|switch|p2a: Chien-Pao|Chien-Pao, L50|100\/100\n|switch|p2b: Iron Hands|Iron Hands, L50|100\/100\n|-ability|p2a: Chien-Pao|Sword of Ruin\n|-enditem|p1b: Sandy Shocks|Booster Energy\n|-activate|p1b: Sandy Shocks|ability: Protosynthesis|[fromitem]\n|-start|p1b: Sandy Shocks|protosynthesisspe\n|turn|1\n|inactive|WillieDangerously has 30 seconds left.\n|\n|t:|1682037642\n|-terastallize|p1b: Sandy Shocks|Ghost\n|move|p2b: Iron Hands|Fake Out|p1a: Espathra\n|-damage|p1a: Espathra|70\/100\n|move|p1b: Sandy Shocks|Gravity|p1b: Sandy Shocks\n|-fieldstart|move: Gravity\n|move|p2a: Chien-Pao|Ice Spinner|p1b: Sandy Shocks\n|-damage|p1b: Sandy Shocks|40\/100\n|move|p1a: Espathra|Hypnosis|p2b: Iron Hands\n|-status|p2b: Iron Hands|slp|[from] move: Hypnosis\n|\n|-ability|p1a: Espathra|Speed Boost|boost\n|-boost|p1a: Espathra|spe|1\n|upkeep\n|turn|2\n|inactive|Amphinoben has 30 seconds left.\n|inactive|Amphinoben has 20 seconds left.\n|inactive|Amphinoben has 15 seconds left.\n|inactive|Amphinoben has 10 seconds left.\n|inactive|Amphinoben has 5 seconds left.\n|\n|t:|1682037696\n|move|p2a: Chien-Pao|Protect|p2a: Chien-Pao\n|-singleturn|p2a: Chien-Pao|Protect\n|move|p1a: Espathra|Hypnosis|p2a: Chien-Pao\n|-activate|p2a: Chien-Pao|move: Protect\n|move|p1b: Sandy Shocks|Earth Power|p2b: Iron Hands\n|-supereffective|p2b: Iron Hands\n|-damage|p2b: Iron Hands|51\/100 slp\n|cant|p2b: Iron Hands|slp\n|\n|-ability|p1a: Espathra|Speed Boost|boost\n|-boost|p1a: Espathra|spe|1\n|upkeep\n|turn|3\n|\n|t:|1682037716\n|-end|p1b: Sandy Shocks|Protosynthesis|[silent]\n|switch|p1b: Iron Valiant|Iron Valiant, L50|100\/100\n|move|p2a: Chien-Pao|Sucker Punch||[still]\n|-fail|p2a: Chien-Pao\n|move|p1a: Espathra|Hypnosis|p2a: Chien-Pao\n|-status|p2a: Chien-Pao|slp|[from] move: Hypnosis\n|-curestatus|p2b: Iron Hands|slp|[msg]\n|move|p2b: Iron Hands|Wild Charge|p1a: Espathra\n|-damage|p1a: Espathra|0 fnt\n|faint|p1a: Espathra\n|-damage|p2b: Iron Hands|38\/100|[from] Recoil\n|\n|upkeep\n|\n|t:|1682037731\n|switch|p1a: Sandy Shocks|Sandy Shocks, L50, tera:Ghost|40\/100\n|turn|4\n|\n|t:|1682037752\n|switch|p2a: Amoonguss|Amoonguss, L50, F|100\/100\n|-terastallize|p2b: Iron Hands|Grass\n|move|p1b: Iron Valiant|Moonblast|p2b: Iron Hands\n|-damage|p2b: Iron Hands|11\/100\n|move|p1a: Sandy Shocks|Thunder|p2a: Amoonguss\n|-resisted|p2a: Amoonguss\n|-damage|p2a: Amoonguss|80\/100\n|move|p2b: Iron Hands|Wild Charge|p1a: Sandy Shocks\n|-damage|p1a: Sandy Shocks|0 fnt\n|faint|p1a: Sandy Shocks\n|-end|p1a: Sandy Shocks|Protosynthesis|[silent]\n|-damage|p2b: Iron Hands|4\/100|[from] Recoil\n|\n|upkeep\n|\n|t:|1682037767\n|switch|p1a: Scizor|Scizor, L50, M|100\/100\n|turn|5\n|inactive|Amphinoben has 30 seconds left.\n|\n|t:|1682037801\n|move|p1a: Scizor|Feint|p2b: Iron Hands\n|-damage|p2b: Iron Hands|0 fnt\n|faint|p2b: Iron Hands\n|-end|p2b: Iron Hands|Quark Drive|[silent]\n|move|p1b: Iron Valiant|Hypnosis|p2a: Amoonguss\n|-status|p2a: Amoonguss|slp|[from] move: Hypnosis\n|cant|p2a: Amoonguss|slp\n|\n|-fieldend|move: Gravity\n|upkeep\n|inactive|Amphinoben has 30 seconds left.\n|\n|t:|1682037832\n|switch|p2b: Flutter Mane|Flutter Mane, L50|100\/100\n|-enditem|p2b: Flutter Mane|Booster Energy\n|-activate|p2b: Flutter Mane|ability: Protosynthesis|[fromitem]\n|-start|p2b: Flutter Mane|protosynthesisspa\n|turn|6\n|\n|t:|1682037848\n|move|p2b: Flutter Mane|Protect|p2b: Flutter Mane\n|-singleturn|p2b: Flutter Mane|Protect\n|move|p1b: Iron Valiant|Moonblast|p2b: Flutter Mane\n|-activate|p2b: Flutter Mane|move: Protect\n|move|p1a: Scizor|Swords Dance|p1a: Scizor\n|-boost|p1a: Scizor|atk|2\n|cant|p2a: Amoonguss|slp\n|\n|upkeep\n|turn|7\n|\n|t:|1682037866\n|-end|p2b: Flutter Mane|Protosynthesis|[silent]\n|switch|p2b: Chien-Pao|Chien-Pao, L50|100\/100 slp\n|-ability|p2b: Chien-Pao|Sword of Ruin\n|move|p1a: Scizor|Bullet Punch|p2b: Chien-Pao\n|-supereffective|p2b: Chien-Pao\n|-enditem|p2b: Chien-Pao|Focus Sash\n|-damage|p2b: Chien-Pao|1\/100 slp\n|move|p1b: Iron Valiant|Moonblast|p2a: Amoonguss\n|-resisted|p2a: Amoonguss\n|-damage|p2a: Amoonguss|60\/100 slp\n|-curestatus|p2a: Amoonguss|slp|[msg]\n|move|p2a: Amoonguss|Spore|p1a: Scizor\n|-activate|p1a: Scizor|item: Safety Goggles|Spore\n|\n|upkeep\n|turn|8\n|inactive|WillieDangerously has 30 seconds left.\n|inactive|Amphinoben has 30 seconds left.\n|inactive|Amphinoben has 20 seconds left.\n|inactive|Amphinoben has 15 seconds left.\n|inactive|Amphinoben has 10 seconds left.\n|inactive|WillieDangerously has 20 seconds left.\n|inactive|WillieDangerously has 15 seconds left.\n|inactive|Amphinoben has 5 seconds left.\n|\n|t:|1682037931\n|cant|p2b: Chien-Pao|slp\n|move|p1a: Scizor|Bullet Punch|p2a: Amoonguss\n|-damage|p2a: Amoonguss|0 fnt\n|faint|p2a: Amoonguss\n|move|p1b: Iron Valiant|Moonblast|p2b: Chien-Pao\n|-supereffective|p2b: Chien-Pao\n|-damage|p2b: Chien-Pao|0 fnt\n|faint|p2b: Chien-Pao\n|\n|upkeep\n|\n|t:|1682037938\n|switch|p2b: Flutter Mane|Flutter Mane, L50|100\/100\n|turn|9\n|\n|t:|1682037943\n|move|p1a: Scizor|Bullet Punch|p2b: Flutter Mane\n|-supereffective|p2b: Flutter Mane\n|-damage|p2b: Flutter Mane|0 fnt\n|faint|p2b: Flutter Mane\n|-end|p2b: Flutter Mane|Protosynthesis|[silent]\n|\n|win|WillieDangerously\n|raw|WillieDangerously's rating: 1190 → 1222<\/strong> (+32 for winning)\n|raw|Amphinoben's rating: 1287 → 1255<\/strong> (-32 for losing)\n|l|\u2606Amphinoben\n","uploadtime":1682037947,"views":6,"p1id":"williedangerously","p2id":"amphinoben","formatid":"gen9vgc2023regulationc","rating":1222,"private":0,"password":""}