{"id":"gen9vgc2023regulationc-1857659060","p1":"MichaelderBeste2","p2":"z0mog","format":"[Gen 9] VGC 2023 Regulation C","log":"|j|\u2606MichaelderBeste2\n|j|\u2606z0mog\n|t:|1683219126\n|gametype|doubles\n|player|p1|MichaelderBeste2|#uuplxiidols|\n|player|p2|z0mog|#splxiiibigs|\n|teamsize|p1|6\n|teamsize|p2|6\n|gen|9\n|tier|[Gen 9] VGC 2023 Regulation C\n|rule|Species Clause: Limit one of each Pok\u00e9mon\n|rule|Item Clause: Limit one of each item\n|clearpoke\n|poke|p1|Garchomp, L50, F|\n|poke|p1|Flutter Mane, L50|\n|poke|p1|Iron Bundle, L50|\n|poke|p1|Tyranitar, L50, M|\n|poke|p1|Talonflame, L50, M|\n|poke|p1|Chien-Pao, L50|\n|poke|p2|Arcanine, L50, F|\n|poke|p2|Amoonguss, L50, M|\n|poke|p2|Garganacl, L50, M|\n|poke|p2|Palafin, L50, F|\n|poke|p2|Flutter Mane, L50|\n|poke|p2|Ting-Lu, L50|\n|teampreview|4\n|c|\u2606MichaelderBeste2|g2\n|j| abhayfive\nz0mog has agreed to open team sheets.\n|j| Finabas\n|c|\u2606z0mog|Hf\n|c|\u2606MichaelderBeste2|hf\nMichaelderBeste2 has agreed to open team sheets.\n|j| Borghi\n|inactive|Battle timer is ON: inactive players will automatically lose when time's up. (requested by MichaelderBeste2)\n|j| Pansear's Kitchen\n|j| kunal2\n|inactive|MichaelderBeste2 has 60 seconds left.\n|j| KrelCROC\n|inactive|z0mog has 60 seconds left.\n|l| KrelCROC\n|inactive|z0mog has 30 seconds left.\n|inactive|z0mog has 20 seconds left.\n|inactive|z0mog has 15 seconds left.\n|inactive|z0mog has 10 seconds left.\n|\n|t:|1683219558\n|start\n|switch|p1a: Garchomp|Garchomp, L50, F|100\/100\n|switch|p1b: Tyranitar|Tyranitar, L50, M|100\/100\n|switch|p2a: Garganacl|Garganacl, L50, M|100\/100\n|switch|p2b: Palafin|Palafin, L50, F, shiny|100\/100\n|-weather|Sandstorm|[from] ability: Sand Stream|[of] p1b: Tyranitar\n|turn|1\n|j| KrelCROC\n|l| KrelCROC\n|inactive|z0mog has 30 seconds left.\n|\n|t:|1683219583\n|detailschange|p2b: Palafin|Palafin-Hero, L50, F, shiny\n|switch|p2b: Amoonguss|Amoonguss, L50, M|100\/100\n|-terastallize|p1b: Tyranitar|Grass\n|-terastallize|p2a: Garganacl|Water\n|move|p1a: Garchomp|Earthquake|p2a: Garganacl|[spread] p1b,p2a,p2b\n|-resisted|p1b: Tyranitar\n|-damage|p1b: Tyranitar|82\/100\n|-damage|p2a: Garganacl|73\/100\n|-damage|p2b: Amoonguss|70\/100\n|move|p1b: Tyranitar|Assurance|p2a: Garganacl\n|-damage|p2a: Garganacl|30\/100\n|move|p2a: Garganacl|Salt Cure|p1a: Garchomp\n|-resisted|p1a: Garchomp\n|-damage|p1a: Garchomp|93\/100\n|-start|p1a: Garchomp|Salt Cure\n|\n|-weather|Sandstorm|[upkeep]\n|-damage|p1b: Tyranitar|76\/100|[from] Sandstorm\n|-damage|p2a: Garganacl|25\/100|[from] Sandstorm\n|-damage|p2b: Amoonguss|64\/100|[from] Sandstorm\n|-heal|p2a: Garganacl|30\/100|[from] item: Leftovers\n|-damage|p1a: Garchomp|81\/100|[from] Salt Cure\n|upkeep\n|turn|2\n|j| ILuvUBB\n|j| MyDressUpDeerling\n|inactive|MichaelderBeste2 has 30 seconds left.\n|\n|t:|1683219613\n|move|p2a: Garganacl|Protect|p2a: Garganacl\n|-singleturn|p2a: Garganacl|Protect\n|move|p2b: Amoonguss|Protect|p2b: Amoonguss\n|-singleturn|p2b: Amoonguss|Protect\n|move|p1a: Garchomp|Dragon Claw|p2b: Amoonguss\n|-activate|p2b: Amoonguss|move: Protect\n|move|p1b: Tyranitar|Assurance|p2b: Amoonguss\n|-activate|p2b: Amoonguss|move: Protect\n|\n|-weather|Sandstorm|[upkeep]\n|-damage|p1b: Tyranitar|70\/100|[from] Sandstorm\n|-damage|p2a: Garganacl|25\/100|[from] Sandstorm\n|-damage|p2b: Amoonguss|58\/100|[from] Sandstorm\n|-heal|p2a: Garganacl|30\/100|[from] item: Leftovers\n|-damage|p1a: Garchomp|69\/100|[from] Salt Cure\n|upkeep\n|turn|3\n|inactive|MichaelderBeste2 has 30 seconds left.\n|inactive|z0mog has 30 seconds left.\n|inactive|MichaelderBeste2 has 20 seconds left.\n|inactive|z0mog has 20 seconds left.\n|inactive|MichaelderBeste2 has 15 seconds left.\n|inactive|z0mog has 15 seconds left.\n|inactive|z0mog has 10 seconds left.\n|\n|t:|1683219661\n|move|p2a: Garganacl|Wide Guard|p2a: Garganacl\n|-singleturn|p2a: Garganacl|Wide Guard\n|move|p1a: Garchomp|Dragon Claw|p2b: Amoonguss\n|-damage|p2b: Amoonguss|22\/100\n|-enditem|p2b: Amoonguss|Sitrus Berry|[eat]\n|-heal|p2b: Amoonguss|46\/100|[from] item: Sitrus Berry\n|move|p1b: Tyranitar|Assurance|p2b: Amoonguss\n|-damage|p2b: Amoonguss|0 fnt\n|faint|p2b: Amoonguss\n|\n|-weather|Sandstorm|[upkeep]\n|-damage|p1b: Tyranitar|64\/100|[from] Sandstorm\n|-damage|p2a: Garganacl|25\/100|[from] Sandstorm\n|-heal|p2a: Garganacl|30\/100|[from] item: Leftovers\n|-damage|p1a: Garchomp|56\/100|[from] Salt Cure\n|upkeep\n|\n|t:|1683219675\n|switch|p2b: Palafin|Palafin-Hero, L50, F, shiny|100\/100\n|-activate|p2b: Palafin|ability: Zero to Hero\n|turn|4\n|\n|t:|1683219685\n|move|p2b: Palafin|Protect|p2b: Palafin\n|-singleturn|p2b: Palafin|Protect\n|move|p1a: Garchomp|Dragon Claw|p2a: Garganacl\n|-damage|p2a: Garganacl|4\/100\n|move|p1b: Tyranitar|Assurance|p2b: Palafin\n|-activate|p2b: Palafin|move: Protect\n|move|p2a: Garganacl|Recover|p2a: Garganacl\n|-heal|p2a: Garganacl|54\/100\n|\n|-weather|Sandstorm|[upkeep]\n|-damage|p2b: Palafin|94\/100|[from] Sandstorm\n|-damage|p1b: Tyranitar|58\/100|[from] Sandstorm\n|-damage|p2a: Garganacl|48\/100|[from] Sandstorm\n|-heal|p2a: Garganacl|54\/100|[from] item: Leftovers\n|-damage|p1a: Garchomp|44\/100|[from] Salt Cure\n|upkeep\n|turn|5\n|inactive|z0mog has 30 seconds left.\n|\n|t:|1683219713\n|move|p1a: Garchomp|Dragon Claw|p2a: Garganacl\n|-damage|p2a: Garganacl|26\/100\n|move|p2b: Palafin|Wave Crash|p1b: Tyranitar\n|-resisted|p1b: Tyranitar\n|-damage|p1b: Tyranitar|18\/100\n|-damage|p2b: Palafin|82\/100|[from] Recoil\n|move|p1b: Tyranitar|Assurance|p2b: Palafin\n|-damage|p2b: Palafin|18\/100\n|move|p2a: Garganacl|Recover|p2a: Garganacl\n|-heal|p2a: Garganacl|76\/100\n|\n|-weather|none\n|-heal|p2a: Garganacl|82\/100|[from] item: Leftovers\n|-damage|p1a: Garchomp|31\/100|[from] Salt Cure\n|upkeep\n|turn|6\n|\n|t:|1683219735\n|switch|p1b: Iron Bundle|Iron Bundle, L50|100\/100\n|-enditem|p1b: Iron Bundle|Booster Energy\n|-activate|p1b: Iron Bundle|ability: Quark Drive|[fromitem]\n|-start|p1b: Iron Bundle|quarkdrivespe\n|move|p2b: Palafin|Protect|p2b: Palafin\n|-singleturn|p2b: Palafin|Protect\n|move|p2a: Garganacl|Protect|p2a: Garganacl\n|-singleturn|p2a: Garganacl|Protect\n|move|p1a: Garchomp|Earthquake|p2b: Palafin|[spread] p1b\n|-activate|p2a: Garganacl|move: Protect\n|-activate|p2b: Palafin|move: Protect\n|-damage|p1b: Iron Bundle|56\/100\n|\n|-heal|p2a: Garganacl|88\/100|[from] item: Leftovers\n|-damage|p1a: Garchomp|19\/100|[from] Salt Cure\n|upkeep\n|turn|7\n|inactive|z0mog has 30 seconds left.\n|\n|t:|1683219762\n|move|p2b: Palafin|Jet Punch|p1a: Garchomp\n|-damage|p1a: Garchomp|0 fnt\n|-damage|p2b: Palafin|6\/100|[from] ability: Rough Skin|[of] p1a: Garchomp\n|faint|p1a: Garchomp\n|move|p1b: Iron Bundle|Freeze-Dry|p2a: Garganacl\n|-supereffective|p2a: Garganacl\n|-damage|p2a: Garganacl|36\/100\n|move|p2a: Garganacl|Salt Cure|p1b: Iron Bundle\n|-supereffective|p1b: Iron Bundle\n|-damage|p1b: Iron Bundle|24\/100\n|-start|p1b: Iron Bundle|Salt Cure\n|\n|-heal|p2a: Garganacl|42\/100|[from] item: Leftovers\n|-damage|p1b: Iron Bundle|0 fnt|[from] Salt Cure\n|faint|p1b: Iron Bundle\n|-end|p1b: Iron Bundle|Quark Drive|[silent]\n|upkeep\n|\n|t:|1683219766\n|switch|p1b: Flutter Mane|Flutter Mane, L50|100\/100\n|switch|p1a: Tyranitar|Tyranitar, L50, M, tera:Grass|18\/100\n|-weather|Sandstorm|[from] ability: Sand Stream|[of] p1a: Tyranitar\n|turn|8\n|\n|t:|1683219791\n|move|p2a: Garganacl|Protect|p2a: Garganacl\n|-singleturn|p2a: Garganacl|Protect\n|move|p2b: Palafin|Jet Punch|p1a: Tyranitar\n|-resisted|p1a: Tyranitar\n|-damage|p1a: Tyranitar|0 fnt\n|faint|p1a: Tyranitar\n|move|p1b: Flutter Mane|Moonblast|p2a: Garganacl\n|-activate|p2a: Garganacl|move: Protect\n|\n|-weather|Sandstorm|[upkeep]\n|-damage|p1b: Flutter Mane|94\/100|[from] Sandstorm\n|-damage|p2b: Palafin|0 fnt|[from] Sandstorm\n|-damage|p2a: Garganacl|36\/100|[from] Sandstorm\n|faint|p2b: Palafin\n|-heal|p2a: Garganacl|42\/100|[from] item: Leftovers\n|upkeep\n|\n|t:|1683219793\n|switch|p2b: Flutter Mane|Flutter Mane, L50|100\/100\n|turn|9\n|\n|t:|1683219798\n|move|p2b: Flutter Mane|Shadow Ball|p1b: Flutter Mane\n|-supereffective|p1b: Flutter Mane\n|-damage|p1b: Flutter Mane|0 fnt\n|faint|p1b: Flutter Mane\n|-end|p1b: Flutter Mane|Protosynthesis|[silent]\n|\n|win|z0mog\n|c|\u2606MichaelderBeste2|gg\n|c|\u2606z0mog|gg\n","uploadtime":1683219808,"views":45,"p1id":"michaelderbeste2","p2id":"z0mog","formatid":"gen9vgc2023regulationc","rating":0,"private":0,"password":""}