{"id":"gen9vgc2023regulationc-1855060364","p1":"TheRackOutSpecial","p2":"Kirzirov","format":"[Gen 9] VGC 2023 Regulation C","log":"|j|\u2606TheRackOutSpecial\n|j|\u2606Kirzirov\n|t:|1682896468\n|gametype|doubles\n|player|p1|TheRackOutSpecial|ruinmaniac|1099\n|player|p2|Kirzirov|lance|1000\n|teamsize|p1|6\n|teamsize|p2|6\n|gen|9\n|tier|[Gen 9] VGC 2023 Regulation C\n|rated|\n|rule|Species Clause: Limit one of each Pok\u00e9mon\n|rule|Item Clause: Limit one of each item\n|clearpoke\n|poke|p1|Vivillon, L50, M|\n|poke|p1|Great Tusk, L50|\n|poke|p1|Abomasnow, L50, F|\n|poke|p1|Iron Bundle, L50|\n|poke|p1|Roaring Moon, L50|\n|poke|p1|Annihilape, L50, F|\n|poke|p2|Dondozo, L50, M|\n|poke|p2|Tatsugiri-Stretchy, L50, F|\n|poke|p2|Chi-Yu, L50|\n|poke|p2|Flutter Mane, L50|\n|poke|p2|Dragonite, L50, F|\n|poke|p2|Glimmora, L50, F|\n|teampreview|4\n|inactive|Battle timer is ON: inactive players will automatically lose when time's up. (requested by TheRackOutSpecial)\n|\n|t:|1682896524\n|start\n|switch|p1a: Vivillon|Vivillon, L50, M, shiny|100\/100\n|switch|p1b: Roaring Moon|Roaring Moon, L50, shiny|100\/100\n|switch|p2a: Glimmora|Glimmora, L50, F|100\/100\n|switch|p2b: Dragonite|Dragonite, L50, F|100\/100\n|turn|1\n|\n|t:|1682896538\n|-terastallize|p2b: Dragonite|Normal\n|move|p1a: Vivillon|Tailwind|p1a: Vivillon\n|-sidestart|p1: TheRackOutSpecial|move: Tailwind\n|move|p1b: Roaring Moon|Dragon Dance|p1b: Roaring Moon\n|-boost|p1b: Roaring Moon|atk|1\n|-boost|p1b: Roaring Moon|spe|1\n|move|p2a: Glimmora|Toxic|p1b: Roaring Moon\n|-status|p1b: Roaring Moon|tox\n|move|p2b: Dragonite|Aerial Ace|p1a: Vivillon\n|-supereffective|p1a: Vivillon\n|-enditem|p1a: Vivillon|Focus Sash\n|-damage|p1a: Vivillon|1\/100\n|\n|-damage|p1b: Roaring Moon|95\/100 tox|[from] psn\n|upkeep\n|turn|2\n|\n|t:|1682896558\n|move|p1a: Vivillon|Protect|p1a: Vivillon\n|-singleturn|p1a: Vivillon|Protect\n|move|p2a: Glimmora|Spiky Shield|p2a: Glimmora\n|-singleturn|p2a: Glimmora|move: Protect\n|move|p2b: Dragonite|Protect|p2b: Dragonite\n|-singleturn|p2b: Dragonite|Protect\n|move|p1b: Roaring Moon|Iron Head|p2a: Glimmora\n|-activate|p2a: Glimmora|move: Protect\n|-damage|p1b: Roaring Moon|83\/100 tox|[from] Spiky Shield|[of] p2a: Glimmora\n|\n|-damage|p1b: Roaring Moon|71\/100 tox|[from] psn\n|upkeep\n|turn|3\n|\n|t:|1682896579\n|switch|p1a: Annihilape|Annihilape, L50, F, shiny|100\/100\n|move|p2b: Dragonite|Extreme Speed|p1a: Annihilape\n|-immune|p1a: Annihilape\n|move|p1b: Roaring Moon|Iron Head|p2a: Glimmora\n|-supereffective|p2a: Glimmora\n|-enditem|p2a: Glimmora|Focus Sash\n|-damage|p2a: Glimmora|1\/100\n|-activate|p2a: Glimmora|ability: Toxic Debris\n|-sidestart|p1: TheRackOutSpecial|move: Toxic Spikes\n|move|p2a: Glimmora|Power Gem|p1b: Roaring Moon\n|-damage|p1b: Roaring Moon|34\/100 tox\n|\n|-damage|p1b: Roaring Moon|17\/100 tox|[from] psn\n|upkeep\n|turn|4\n|inactive|TheRackOutSpecial has 30 seconds left.\n|\n|t:|1682896608\n|switch|p2b: Dondozo|Dondozo, L50, M|100\/100\n|move|p2a: Glimmora|Spiky Shield|p2a: Glimmora\n|-singleturn|p2a: Glimmora|move: Protect\n|move|p1b: Roaring Moon|Breaking Swipe|p2b: Dondozo|[spread] p2b\n|-activate|p2a: Glimmora|move: Protect\n|-damage|p1b: Roaring Moon|5\/100 tox|[from] Spiky Shield|[of] p2a: Glimmora\n|-damage|p2b: Dondozo|84\/100\n|-unboost|p2b: Dondozo|atk|1\n|move|p1a: Annihilape|Bulk Up|p1a: Annihilape\n|-boost|p1a: Annihilape|atk|1\n|-boost|p1a: Annihilape|def|1\n|\n|-damage|p1b: Roaring Moon|0 fnt|[from] psn\n|faint|p1b: Roaring Moon\n|-end|p1b: Roaring Moon|Protosynthesis|[silent]\n|-sideend|p1: TheRackOutSpecial|move: Tailwind\n|upkeep\n|\n|t:|1682896615\n|switch|p1b: Vivillon|Vivillon, L50, M, shiny|1\/100\n|turn|5\n|\n|t:|1682896624\n|move|p1b: Vivillon|Sleep Powder|p2b: Dondozo\n|-status|p2b: Dondozo|slp|[from] move: Sleep Powder\n|move|p2a: Glimmora|Toxic|p1a: Annihilape\n|-status|p1a: Annihilape|tox\n|move|p1a: Annihilape|Bulk Up|p1a: Annihilape\n|-boost|p1a: Annihilape|atk|1\n|-boost|p1a: Annihilape|def|1\n|cant|p2b: Dondozo|slp\n|\n|-damage|p1a: Annihilape|95\/100 tox|[from] psn\n|upkeep\n|turn|6\n|\n|t:|1682896640\n|-terastallize|p1b: Vivillon|Fairy\n|move|p2a: Glimmora|Spiky Shield|p2a: Glimmora\n|-singleturn|p2a: Glimmora|move: Protect\n|move|p1b: Vivillon|Tailwind|p1b: Vivillon\n|-sidestart|p1: TheRackOutSpecial|move: Tailwind\n|move|p1a: Annihilape|Bulk Up|p1a: Annihilape\n|-boost|p1a: Annihilape|atk|1\n|-boost|p1a: Annihilape|def|1\n|cant|p2b: Dondozo|slp\n|\n|-heal|p1a: Annihilape|100\/100 tox|[from] item: Leftovers\n|-damage|p1a: Annihilape|89\/100 tox|[from] psn\n|upkeep\n|turn|7\n|\n|t:|1682896657\n|-curestatus|p2b: Dondozo|slp|[msg]\n|move|p2b: Dondozo|Protect|p2b: Dondozo\n|-singleturn|p2b: Dondozo|Protect\n|move|p1b: Vivillon|Pollen Puff|p2a: Glimmora\n|-resisted|p2a: Glimmora\n|-damage|p2a: Glimmora|0 fnt\n|faint|p2a: Glimmora\n|move|p1a: Annihilape|Drain Punch|p2b: Dondozo\n|-activate|p2b: Dondozo|move: Protect\n|\n|-heal|p1a: Annihilape|95\/100 tox|[from] item: Leftovers\n|-damage|p1a: Annihilape|77\/100 tox|[from] psn\n|upkeep\n|\n|t:|1682896671\n|switch|p2a: Dragonite|Dragonite, L50, F, tera:Normal|100\/100\n|turn|8\n|\n|t:|1682896680\n|move|p1b: Vivillon|Protect|p1b: Vivillon\n|-singleturn|p1b: Vivillon|Protect\n|move|p2a: Dragonite|Protect|p2a: Dragonite\n|-singleturn|p2a: Dragonite|Protect\n|move|p1a: Annihilape|Drain Punch|p2b: Dondozo\n|-damage|p2b: Dondozo|64\/100\n|-heal|p1a: Annihilape|90\/100 tox|[from] drain|[of] p2b: Dondozo\n|move|p2b: Dondozo|Yawn|p1b: Vivillon\n|-activate|p1b: Vivillon|move: Protect\n|\n|-heal|p1a: Annihilape|96\/100 tox|[from] item: Leftovers\n|-damage|p1a: Annihilape|72\/100 tox|[from] psn\n|upkeep\n|turn|9\n|\n|t:|1682896700\n|move|p2a: Dragonite|Extreme Speed|p1b: Vivillon\n|-damage|p1b: Vivillon|0 fnt\n|faint|p1b: Vivillon\n|move|p1a: Annihilape|Bulk Up|p1a: Annihilape\n|-boost|p1a: Annihilape|atk|1\n|-boost|p1a: Annihilape|def|1\n|move|p2b: Dondozo|Wave Crash|p1a: Annihilape\n|-damage|p1a: Annihilape|43\/100 tox\n|-damage|p2b: Dondozo|57\/100|[from] Recoil\n|\n|-heal|p1a: Annihilape|49\/100 tox|[from] item: Leftovers\n|-damage|p1a: Annihilape|19\/100 tox|[from] psn\n|-sideend|p1: TheRackOutSpecial|move: Tailwind\n|upkeep\n|\n|t:|1682896703\n|switch|p1b: Great Tusk|Great Tusk, L50, shiny|100\/100\n|-status|p1b: Great Tusk|psn\n|-enditem|p1b: Great Tusk|Lum Berry|[eat]\n|-curestatus|p1b: Great Tusk|psn|[msg]\n|turn|10\n|\n|t:|1682896712\n|move|p2a: Dragonite|Protect|p2a: Dragonite\n|-singleturn|p2a: Dragonite|Protect\n|move|p2b: Dondozo|Protect|p2b: Dondozo\n|-singleturn|p2b: Dondozo|Protect\n|move|p1b: Great Tusk|Bulk Up|p1b: Great Tusk\n|-boost|p1b: Great Tusk|atk|1\n|-boost|p1b: Great Tusk|def|1\n|move|p1a: Annihilape|Drain Punch|p2a: Dragonite\n|-activate|p2a: Dragonite|move: Protect\n|\n|-heal|p1a: Annihilape|25\/100 tox|[from] item: Leftovers\n|-damage|p1a: Annihilape|0 fnt|[from] psn\n|faint|p1a: Annihilape\n|upkeep\n|turn|11\n|\n|t:|1682896725\n|move|p1b: Great Tusk|Earthquake|p2a: Dragonite|[spread] p2a,p2b\n|-crit|p2a: Dragonite\n|-damage|p2a: Dragonite|57\/100\n|-damage|p2b: Dondozo|29\/100\n|-enditem|p2b: Dondozo|Sitrus Berry|[eat]\n|-heal|p2b: Dondozo|54\/100|[from] item: Sitrus Berry\n|move|p2a: Dragonite|Aerial Ace|p1b: Great Tusk\n|-supereffective|p1b: Great Tusk\n|-damage|p1b: Great Tusk|66\/100\n|move|p2b: Dondozo|Yawn|p1b: Great Tusk\n|-start|p1b: Great Tusk|move: Yawn|[of] p2b: Dondozo\n|\n|upkeep\n|turn|12\n|-message|TheRackOutSpecial forfeited.\n|\n|win|Kirzirov\n|raw|TheRackOutSpecial's rating: 1099 → 1067<\/strong> (-32 for losing)\n|raw|Kirzirov's rating: 1000 → 1051<\/strong> (+51 for winning)\n|l|\u2606TheRackOutSpecial\n","uploadtime":1682896738,"views":12,"p1id":"therackoutspecial","p2id":"kirzirov","formatid":"gen9vgc2023regulationc","rating":1051,"private":0,"password":""}