{"id":"gen9vgc2023regulationc-1857302841","p1":"nahte","p2":"DaRayquazaKingdom","format":"[Gen 9] VGC 2023 Regulation C","log":"|j|\u2606nahte\n|j|\u2606DaRayquazaKingdom\n|t:|1683170222\n|gametype|doubles\n|player|p1|nahte|steven|1095\n|player|p2|DaRayquazaKingdom|2|1060\n|teamsize|p1|6\n|teamsize|p2|6\n|gen|9\n|tier|[Gen 9] VGC 2023 Regulation C\n|rated|\n|rule|Species Clause: Limit one of each Pok\u00e9mon\n|rule|Item Clause: Limit one of each item\n|clearpoke\n|poke|p1|Roaring Moon, L50|\n|poke|p1|Chien-Pao, L50|\n|poke|p1|Flutter Mane, L50|\n|poke|p1|Talonflame, L50, M|\n|poke|p1|Baxcalibur, L50, F|\n|poke|p1|Slither Wing, L50|\n|poke|p2|Palafin, L50, M|\n|poke|p2|Arcanine, L50, M|\n|poke|p2|Amoonguss, L50, M|\n|poke|p2|Kingambit, L50, M|\n|poke|p2|Flutter Mane, L50|\n|poke|p2|Dragonite, L50, F|\n|teampreview|4\n|c|\u2606nahte|good luck\n|c|\u2606DaRayquazaKingdom|glhf!\n|\n|t:|1683170282\n|start\n|switch|p1a: Talonflame|Talonflame, L50, M|100\/100\n|switch|p1b: Slither Wing|Slither Wing, L50|100\/100\n|switch|p2a: NovemberRain|Palafin, L50, M, shiny|100\/100\n|switch|p2b: Auggie|Arcanine, L50, M, shiny|100\/100\n|-ability|p2b: Auggie|Intimidate|boost\n|-unboost|p1a: Talonflame|atk|1\n|-unboost|p1b: Slither Wing|atk|1\n|turn|1\n|\n|t:|1683170295\n|detailschange|p2a: NovemberRain|Palafin-Hero, L50, M, shiny\n|switch|p2a: Dragona|Dragonite, L50, F, shiny|100\/100\n|move|p1a: Talonflame|Taunt|p2b: Auggie\n|-start|p2b: Auggie|move: Taunt\n|move|p1b: Slither Wing|U-turn|p2a: Dragona\n|-resisted|p2a: Dragona\n|-damage|p2a: Dragona|95\/100\n|\n|t:|1683170297\n|-end|p1b: Slither Wing|Protosynthesis|[silent]\n|switch|p1b: Chien-Pao|Chien-Pao, L50|100\/100|[from] U-turn\n|-ability|p1b: Chien-Pao|Sword of Ruin\n|cant|p2b: Auggie|move: Taunt|Howl\n|\n|upkeep\n|turn|2\n|\n|t:|1683170331\n|-terastallize|p2a: Dragona|Normal\n|move|p2a: Dragona|Extreme Speed|p1b: Chien-Pao\n|-enditem|p1b: Chien-Pao|Focus Sash\n|-damage|p1b: Chien-Pao|1\/100\n|move|p1b: Chien-Pao|Ice Spinner|p2a: Dragona\n|-damage|p2a: Dragona|48\/100\n|move|p1a: Talonflame|Tailwind|p1a: Talonflame\n|-sidestart|p1: nahte|move: Tailwind\n|move|p2b: Auggie|Flare Blitz|p1b: Chien-Pao\n|-supereffective|p1b: Chien-Pao\n|-damage|p1b: Chien-Pao|0 fnt\n|faint|p1b: Chien-Pao\n|-damage|p2b: Auggie|99\/100|[from] Recoil\n|\n|-heal|p2b: Auggie|100\/100|[from] item: Leftovers\n|upkeep\n|\n|t:|1683170343\n|switch|p1b: Roaring Moon|Roaring Moon, L50|100\/100\n|-enditem|p1b: Roaring Moon|Booster Energy\n|-activate|p1b: Roaring Moon|ability: Protosynthesis|[fromitem]\n|-start|p1b: Roaring Moon|protosynthesisspe\n|turn|3\n|\n|t:|1683170354\n|move|p2b: Auggie|Extreme Speed|p1b: Roaring Moon\n|-damage|p1b: Roaring Moon|70\/100\n|move|p2a: Dragona|Extreme Speed|p1b: Roaring Moon\n|-damage|p1b: Roaring Moon|0 fnt\n|faint|p1b: Roaring Moon\n|-end|p1b: Roaring Moon|Protosynthesis|[silent]\n|move|p1a: Talonflame|Will-O-Wisp|p2a: Dragona\n|-status|p2a: Dragona|brn\n|\n|-damage|p2a: Dragona|42\/100 brn|[from] brn\n|-end|p2b: Auggie|move: Taunt\n|upkeep\n|\n|t:|1683170358\n|switch|p1b: Slither Wing|Slither Wing, L50|100\/100\n|turn|4\n|\n|t:|1683170374\n|move|p2a: Dragona|Extreme Speed|p1a: Talonflame\n|-damage|p1a: Talonflame|57\/100\n|move|p1a: Talonflame|Taunt|p2b: Auggie\n|-start|p2b: Auggie|move: Taunt\n|move|p1b: Slither Wing|Earthquake|p2b: Auggie|[spread] p2a,p2b\n|-immune|p1a: Talonflame\n|-supereffective|p2b: Auggie\n|-damage|p2a: Dragona|18\/100 brn\n|-damage|p2b: Auggie|48\/100\n|move|p2b: Auggie|Flare Blitz|p1b: Slither Wing\n|-supereffective|p1b: Slither Wing\n|-damage|p1b: Slither Wing|0 fnt\n|faint|p1b: Slither Wing\n|-end|p1b: Slither Wing|Protosynthesis|[silent]\n|-damage|p2b: Auggie|21\/100|[from] Recoil\n|\n|-heal|p2b: Auggie|27\/100|[from] item: Leftovers\n|-damage|p2a: Dragona|12\/100 brn|[from] brn\n|upkeep\n|turn|5\n|c|\u2606nahte|gg, that was just not at all what I thought you'd do.\n|c|\u2606DaRayquazaKingdom|gg\n|\n|t:|1683170395\n|move|p2b: Auggie|Extreme Speed|p1a: Talonflame\n|-damage|p1a: Talonflame|26\/100\n|move|p2a: Dragona|Extreme Speed|p1a: Talonflame\n|-damage|p1a: Talonflame|0 fnt\n|faint|p1a: Talonflame\n|\n|win|DaRayquazaKingdom\n|raw|nahte's rating: 1095 → 1068<\/strong> (-27 for losing)\n|raw|DaRayquazaKingdom's rating: 1060 → 1094<\/strong> (+34 for winning)\n|l|\u2606nahte\n|c|\u2606DaRayquazaKingdom|ive been partial to normal band espeed\n|l|\u2606DaRayquazaKingdom\n|j|\u2606DaRayquazaKingdom\n|player|p2|DaRayquazaKingdom|2\n","uploadtime":1683170423,"views":9,"p1id":"nahte","p2id":"darayquazakingdom","formatid":"gen9vgc2023regulationc","rating":1068,"private":0,"password":""}