{"id":"gen9vgc2023regulationc-1850866938","p1":"kyle jables the d","p2":"Terry kloak","format":"[Gen 9] VGC 2023 Regulation C","log":"|j|\u2606kyle jables the d\n|j|\u2606Terry kloak\n|t:|1682376104\n|gametype|doubles\n|player|p1|kyle jables the d|ingo|1579\n|player|p2|Terry kloak|gentleman-gen4|1607\n|teamsize|p1|6\n|teamsize|p2|6\n|gen|9\n|tier|[Gen 9] VGC 2023 Regulation C\n|rated|\n|rule|Species Clause: Limit one of each Pok\u00e9mon\n|rule|Item Clause: Limit one of each item\n|clearpoke\n|poke|p1|Pelipper, L50, M|\n|poke|p1|Palafin, L50, M|\n|poke|p1|Amoonguss, L50, F|\n|poke|p1|Baxcalibur, L50, F|\n|poke|p1|Magnezone, L50|\n|poke|p1|Flutter Mane, L50|\n|poke|p2|Ceruledge, L50, M|\n|poke|p2|Orthworm, L50, F|\n|poke|p2|Ting-Lu, L50|\n|poke|p2|Dragonite, L50, F|\n|poke|p2|Iron Bundle, L50|\n|poke|p2|Gyarados, L50, M|\n|teampreview|4\nkyle jables the d has agreed to open team sheets.\n|inactive|Battle timer is ON: inactive players will automatically lose when time's up. (requested by kyle jables the d)\n|\n|t:|1682376177\n|start\n|switch|p1a: Palafin|Palafin, L50, M|100\/100\n|switch|p1b: Magnezone|Magnezone, L50|100\/100\n|switch|p2a: Ting-Lu|Ting-Lu, L50|100\/100\n|switch|p2b: Orthworm|Orthworm, L50, F|100\/100\n|-ability|p2a: Ting-Lu|Vessel of Ruin\n|turn|1\n|\n|t:|1682376199\n|detailschange|p1a: Palafin|Palafin-Hero, L50, M\n|switch|p1a: Amoonguss|Amoonguss, L50, F|100\/100\n|-terastallize|p1b: Magnezone|Flying\n|-terastallize|p2a: Ting-Lu|Poison\n|move|p1b: Magnezone|Thunderbolt|p2b: Orthworm\n|-damage|p2b: Orthworm|48\/100\n|-status|p2b: Orthworm|par\n|-enditem|p2b: Orthworm|Sitrus Berry|[eat]\n|-heal|p2b: Orthworm|72\/100 par|[from] item: Sitrus Berry\n|move|p2a: Ting-Lu|Earthquake|p1a: Amoonguss|[spread] p1a\n|-heal|p2b: Orthworm|97\/100 par|[from] ability: Earth Eater|[of] p2a: Ting-Lu\n|-immune|p1b: Magnezone\n|-damage|p1a: Amoonguss|77\/100\n|move|p2b: Orthworm|Shed Tail|p2b: Orthworm\n|-start|p2b: Orthworm|Substitute|[from] move: Shed Tail\n|-damage|p2b: Orthworm|47\/100 par\n|\n|t:|1682376219\n|switch|p2b: Iron Bundle|Iron Bundle, L50|100\/100|[from] Shed Tail\n|-enditem|p2b: Iron Bundle|Booster Energy\n|-activate|p2b: Iron Bundle|ability: Quark Drive|[fromitem]\n|-start|p2b: Iron Bundle|quarkdrivespe\n|\n|upkeep\n|turn|2\n|\n|t:|1682376231\n|move|p2b: Iron Bundle|Protect|p2b: Iron Bundle\n|-singleturn|p2b: Iron Bundle|Protect\n|move|p1b: Magnezone|Volt Switch|p2b: Iron Bundle\n|-activate|p2b: Iron Bundle|move: Protect\n|move|p2a: Ting-Lu|Ruination|p1b: Magnezone\n|-damage|p1b: Magnezone|50\/100\n|move|p1a: Amoonguss|Spore|p2a: Ting-Lu\n|-status|p2a: Ting-Lu|slp|[from] move: Spore\n|\n|upkeep\n|turn|3\n|\n|t:|1682376256\n|switch|p2a: Orthworm|Orthworm, L50, F|47\/100 par\n|move|p1a: Amoonguss|Rage Powder|p1a: Amoonguss\n|-singleturn|p1a: Amoonguss|move: Rage Powder\n|move|p2b: Iron Bundle|Freeze-Dry|p1a: Amoonguss\n|-supereffective|p1a: Amoonguss\n|-damage|p1a: Amoonguss|16\/100\n|move|p1b: Magnezone|Volt Switch|p2b: Iron Bundle\n|-supereffective|p2b: Iron Bundle\n|-end|p2b: Iron Bundle|Substitute\n|inactive|kyle jables the d has 30 seconds left.\n|\n|t:|1682376282\n|switch|p1b: Flutter Mane|Flutter Mane, L50|100\/100|[from] Volt Switch\n|\n|upkeep\n|turn|4\n|j| pizza sui piedi\n|\n|t:|1682376305\n|-end|p2b: Iron Bundle|Quark Drive|[silent]\n|switch|p2b: Ting-Lu|Ting-Lu, L50, tera:Poison|100\/100 slp\n|-ability|p2b: Ting-Lu|Vessel of Ruin\n|switch|p1a: Palafin|Palafin-Hero, L50, M|100\/100\n|-activate|p1a: Palafin|ability: Zero to Hero\n|move|p1b: Flutter Mane|Dazzling Gleam|p2a: Orthworm|[spread] p2a,p2b\n|-resisted|p2a: Orthworm\n|-resisted|p2b: Ting-Lu\n|-damage|p2a: Orthworm|25\/100 par\n|-damage|p2b: Ting-Lu|94\/100 slp\n|move|p2a: Orthworm|Iron Head|p1b: Flutter Mane\n|-supereffective|p1b: Flutter Mane\n|-damage|p1b: Flutter Mane|21\/100\n|\n|upkeep\n|turn|5\n|\n|t:|1682376326\n|-end|p1b: Flutter Mane|Protosynthesis|[silent]\n|switch|p1b: Amoonguss|Amoonguss, L50, F|49\/100\n|switch|p2a: Gyarados|Gyarados, L50, M|100\/100\n|-ability|p2a: Gyarados|Intimidate|boost\n|-unboost|p1a: Palafin|atk|1\n|-unboost|p1b: Amoonguss|atk|1\n|move|p1a: Palafin|Wave Crash|p2a: Gyarados\n|-resisted|p2a: Gyarados\n|-damage|p2a: Gyarados|70\/100\n|-damage|p1a: Palafin|91\/100|[from] Recoil\n|cant|p2b: Ting-Lu|slp\n|\n|upkeep\n|turn|6\n|\n|t:|1682376344\n|switch|p1a: Magnezone|Magnezone, L50, tera:Flying|50\/100\n|move|p2a: Gyarados|Taunt|p1b: Amoonguss\n|-start|p1b: Amoonguss|move: Taunt\n|cant|p2b: Ting-Lu|slp\n|move|p1b: Amoonguss|Pollen Puff|p1a: Magnezone\n|-heal|p1a: Magnezone|100\/100\n|\n|upkeep\n|turn|7\n|inactive|Terry kloak has 30 seconds left.\n|inactive|Terry kloak has 20 seconds left.\n|inactive|Terry kloak has 15 seconds left.\n|inactive|Terry kloak has 10 seconds left.\n|inactive|Terry kloak has 5 seconds left.\n|\n|t:|1682376397\n|switch|p2a: Orthworm|Orthworm, L50, F|25\/100 par\n|switch|p1b: Palafin|Palafin-Hero, L50, M|91\/100\n|move|p1a: Magnezone|Thunderbolt|p2a: Orthworm\n|-damage|p2a: Orthworm|0 fnt\n|faint|p2a: Orthworm\n|-curestatus|p2b: Ting-Lu|slp|[msg]\n|move|p2b: Ting-Lu|Earthquake|p1a: Magnezone|[spread] p1b\n|-immune|p1a: Magnezone\n|-damage|p1b: Palafin|65\/100\n|\n|upkeep\n|\n|t:|1682376420\n|switch|p2a: Iron Bundle|Iron Bundle, L50|100\/100\n|turn|8\n|inactive|kyle jables the d has 30 seconds left.\n|inactive|kyle jables the d has 20 seconds left.\n|inactive|kyle jables the d has 15 seconds left.\n|inactive|kyle jables the d has 10 seconds left.\n|\n|t:|1682376465\n|move|p2a: Iron Bundle|Freeze-Dry|p1a: Magnezone\n|-supereffective|p1a: Magnezone\n|-damage|p1a: Magnezone|60\/100\n|move|p1b: Palafin|Wave Crash|p2b: Ting-Lu\n|-damage|p2b: Ting-Lu|42\/100\n|-damage|p1b: Palafin|44\/100|[from] Recoil\n|move|p1a: Magnezone|Volt Switch|p2b: Ting-Lu\n|-damage|p2b: Ting-Lu|29\/100\n|\n|t:|1682376474\n|switch|p1a: Amoonguss|Amoonguss, L50, F|82\/100|[from] Volt Switch\n|move|p2b: Ting-Lu|Throat Chop|p1a: Amoonguss\n|-damage|p1a: Amoonguss|54\/100\n|-start|p1a: Amoonguss|Throat Chop|[silent]\n|-damage|p2b: Ting-Lu|12\/100|[from] item: Rocky Helmet|[of] p1a: Amoonguss\n|\n|upkeep\n|turn|9\n|inactive|kyle jables the d has 30 seconds left.\n|inactive|kyle jables the d has 20 seconds left.\n|\n|t:|1682376514\n|switch|p2b: Gyarados|Gyarados, L50, M|70\/100\n|-ability|p2b: Gyarados|Intimidate|boost\n|-unboost|p1a: Amoonguss|atk|1\n|-unboost|p1b: Palafin|atk|1\n|move|p1b: Palafin|Protect|p1b: Palafin\n|-singleturn|p1b: Palafin|Protect\n|move|p2a: Iron Bundle|Freeze-Dry|p1a: Amoonguss\n|-supereffective|p1a: Amoonguss\n|-damage|p1a: Amoonguss|0 fnt\n|faint|p1a: Amoonguss\n|\n|upkeep\n|\n|t:|1682376525\n|switch|p1a: Magnezone|Magnezone, L50, tera:Flying|60\/100\n|turn|10\n|\n|t:|1682376548\n|move|p1b: Palafin|Jet Punch|p2a: Iron Bundle\n|-resisted|p2a: Iron Bundle\n|-damage|p2a: Iron Bundle|83\/100\n|move|p2a: Iron Bundle|Freeze-Dry|p1a: Magnezone\n|-supereffective|p1a: Magnezone\n|-damage|p1a: Magnezone|4\/100\n|move|p2b: Gyarados|Waterfall|p1a: Magnezone\n|-damage|p1a: Magnezone|0 fnt\n|faint|p1a: Magnezone\n|\n|upkeep\n|\n|t:|1682376557\n|switch|p1a: Flutter Mane|Flutter Mane, L50|21\/100\n|turn|11\n|\n|t:|1682376570\n|move|p2a: Iron Bundle|Freeze-Dry|p1a: Flutter Mane\n|-damage|p1a: Flutter Mane|0 fnt\n|faint|p1a: Flutter Mane\n|-end|p1a: Flutter Mane|Protosynthesis|[silent]\n|move|p1b: Palafin|Haze|p1b: Palafin\n|-clearallboost\n|move|p2b: Gyarados|Thunder Wave|p1b: Palafin\n|-status|p1b: Palafin|par\n|\n|upkeep\n|turn|12\n|-message|kyle jables the d forfeited.\n|\n|win|Terry kloak\n|raw|kyle jables the d's rating: 1579 → 1561<\/strong> (-18 for losing)\n|raw|Terry kloak's rating: 1607 → 1625<\/strong> (+18 for winning)\n|l|\u2606kyle jables the d\n","uploadtime":1682376587,"views":18,"p1id":"kylejablesthed","p2id":"terrykloak","formatid":"gen9vgc2023regulationc","rating":1561,"private":0,"password":""}