{"id":"gen9vgc2023regulationc-1846455802","p1":"iron brate","p2":"salvypara","format":"[Gen 9] VGC 2023 Regulation C","log":"|j|\u2606iron brate\n|j|\u2606salvypara\n|t:|1681842295\n|gametype|doubles\n|player|p1|iron brate|1|\n|player|p2|salvypara|170|\n|teamsize|p1|6\n|teamsize|p2|6\n|gen|9\n|tier|[Gen 9] VGC 2023 Regulation C\n|rule|Species Clause: Limit one of each Pok\u00e9mon\n|rule|Item Clause: Limit one of each item\n|clearpoke\n|poke|p1|Flutter Mane, L50|\n|poke|p1|Gothitelle, L50, F|\n|poke|p1|Iron Hands, L50|\n|poke|p1|Amoonguss, L50, M|\n|poke|p1|Ting-Lu, L50|\n|poke|p1|Gyarados, L50, M|\n|poke|p2|Baxcalibur, L50, M|\n|poke|p2|Amoonguss, L50, M|\n|poke|p2|Flutter Mane, L50|\n|poke|p2|Iron Hands, L50|\n|poke|p2|Chi-Yu, L50|\n|poke|p2|Gyarados, L50, M|\n|teampreview|4\n|inactive|Battle timer is ON: inactive players will automatically lose when time's up. (requested by iron brate)\n|c|\u2606iron brate|G3\niron brate has agreed to open team sheets.\n|inactiveoff|Battle timer is now OFF.\nsalvypara has agreed to open team sheets.\n|c|\u2606iron brate|glhf\n|\n|t:|1681843241\n|start\n|switch|p1a: Gothitelle|Gothitelle, L50, F|100\/100\n|switch|p1b: Flutter Mane|Flutter Mane, L50, shiny|100\/100\n|switch|p2a: Iron Hands|Iron Hands, L50, shiny|100\/100\n|switch|p2b: Flutter Mane|Flutter Mane, L50|100\/100\n|-enditem|p2b: Flutter Mane|Booster Energy\n|-activate|p2b: Flutter Mane|ability: Protosynthesis|[fromitem]\n|-start|p2b: Flutter Mane|protosynthesisspa\n|turn|1\n|\n|t:|1681843305\n|-terastallize|p2b: Flutter Mane|Fairy\n|move|p1a: Gothitelle|Helping Hand|p1b: Flutter Mane\n|-singleturn|p1b: Flutter Mane|Helping Hand|[of] p1a: Gothitelle\n|move|p2a: Iron Hands|Fake Out|p1a: Gothitelle\n|-damage|p1a: Gothitelle|91\/100\n|move|p1b: Flutter Mane|Moonblast|p2a: Iron Hands\n|-supereffective|p2a: Iron Hands\n|-damage|p2a: Iron Hands|17\/100\n|-damage|p1b: Flutter Mane|91\/100|[from] item: Life Orb\n|move|p2b: Flutter Mane|Shadow Ball|p1b: Flutter Mane\n|-supereffective|p1b: Flutter Mane\n|-damage|p1b: Flutter Mane|0 fnt\n|faint|p1b: Flutter Mane\n|-end|p1b: Flutter Mane|Protosynthesis|[silent]\n|\n|upkeep\n|\n|t:|1681843323\n|switch|p1b: Iron Hands|Iron Hands, L50|100\/100\n|turn|2\n|\n|t:|1681843354\n|-terastallize|p1a: Gothitelle|Water\n|move|p2b: Flutter Mane|Substitute|p2b: Flutter Mane\n|-start|p2b: Flutter Mane|Substitute\n|-damage|p2b: Flutter Mane|75\/100\n|move|p1a: Gothitelle|Psychic|p2a: Iron Hands\n|-supereffective|p2a: Iron Hands\n|-damage|p2a: Iron Hands|0 fnt\n|faint|p2a: Iron Hands\n|-end|p2a: Iron Hands|Quark Drive|[silent]\n|move|p1b: Iron Hands|Wild Charge|p2b: Flutter Mane\n|-end|p2b: Flutter Mane|Substitute\n|-damage|p1b: Iron Hands|97\/100|[from] Recoil|[of] p2b: Flutter Mane\n|\n|upkeep\n|\n|t:|1681843358\n|switch|p2a: Gyarados|Gyarados, L50, M, shiny|100\/100\n|-ability|p2a: Gyarados|Intimidate|boost\n|-unboost|p1a: Gothitelle|atk|1\n|-unboost|p1b: Iron Hands|atk|1\n|turn|3\n|\n|t:|1681843379\n|switch|p1a: Ting-Lu|Ting-Lu, L50|100\/100\n|-ability|p1a: Ting-Lu|Vessel of Ruin\n|move|p2b: Flutter Mane|Moonblast|p1b: Iron Hands\n|-supereffective|p1b: Iron Hands\n|-damage|p1b: Iron Hands|10\/100\n|-unboost|p1b: Iron Hands|spa|1\n|move|p2a: Gyarados|Taunt|p1a: Ting-Lu\n|-start|p1a: Ting-Lu|move: Taunt\n|move|p1b: Iron Hands|Wild Charge|p2a: Gyarados\n|-supereffective|p2a: Gyarados\n|-damage|p2a: Gyarados|0 fnt\n|faint|p2a: Gyarados\n|-damage|p1b: Iron Hands|0 fnt|[from] Recoil\n|faint|p1b: Iron Hands\n|-end|p1b: Iron Hands|Quark Drive|[silent]\n|\n|upkeep\n|\n|t:|1681843392\n|switch|p2a: Chi-Yu|Chi-Yu, L50|100\/100\n|switch|p1b: Gothitelle|Gothitelle, L50, F, tera:Water|91\/100\n|-ability|p2a: Chi-Yu|Beads of Ruin\n|turn|4\n|\n|t:|1681843433\n|move|p2b: Flutter Mane|Moonblast|p1a: Ting-Lu\n|-supereffective|p1a: Ting-Lu\n|-damage|p1a: Ting-Lu|21\/100\n|move|p2a: Chi-Yu|Dark Pulse|p1a: Ting-Lu\n|-resisted|p1a: Ting-Lu\n|-damage|p1a: Ting-Lu|12\/100\n|move|p1a: Ting-Lu|Stomping Tantrum|p2a: Chi-Yu\n|-supereffective|p2a: Chi-Yu\n|-damage|p2a: Chi-Yu|8\/100\n|move|p1b: Gothitelle|Trick Room|p1b: Gothitelle\n|-fieldstart|move: Trick Room|[of] p1b: Gothitelle\n|\n|upkeep\n|turn|5\n|\n|t:|1681843519\n|move|p2a: Chi-Yu|Protect|p2a: Chi-Yu\n|-singleturn|p2a: Chi-Yu|Protect\n|move|p2b: Flutter Mane|Protect|p2b: Flutter Mane\n|-singleturn|p2b: Flutter Mane|Protect\n|move|p1a: Ting-Lu|Heavy Slam|p2b: Flutter Mane\n|-activate|p2b: Flutter Mane|move: Protect\n|move|p1b: Gothitelle|Psychic|p2b: Flutter Mane\n|-activate|p2b: Flutter Mane|move: Protect\n|\n|-end|p1a: Ting-Lu|move: Taunt\n|upkeep\n|turn|6\n|\n|t:|1681843535\n|move|p1a: Ting-Lu|Stomping Tantrum|p2a: Chi-Yu\n|-supereffective|p2a: Chi-Yu\n|-damage|p2a: Chi-Yu|0 fnt\n|faint|p2a: Chi-Yu\n|move|p1b: Gothitelle|Psychic|p2b: Flutter Mane\n|-crit|p2b: Flutter Mane\n|-damage|p2b: Flutter Mane|37\/100\n|move|p2b: Flutter Mane|Moonblast|p1a: Ting-Lu\n|-supereffective|p1a: Ting-Lu\n|-damage|p1a: Ting-Lu|0 fnt\n|faint|p1a: Ting-Lu\n|\n|upkeep\n|turn|7\n|\n|t:|1681843543\n|move|p2b: Flutter Mane|Protect|p2b: Flutter Mane\n|-singleturn|p2b: Flutter Mane|Protect\n|move|p1b: Gothitelle|Psychic|p2b: Flutter Mane\n|-activate|p2b: Flutter Mane|move: Protect\n|\n|upkeep\n|turn|8\n|\n|t:|1681843547\n|move|p1b: Gothitelle|Psychic|p2b: Flutter Mane\n|-damage|p2b: Flutter Mane|4\/100\n|move|p2b: Flutter Mane|Moonblast|p1b: Gothitelle\n|-damage|p1b: Gothitelle|16\/100\n|-enditem|p1b: Gothitelle|Sitrus Berry|[eat]\n|-heal|p1b: Gothitelle|41\/100|[from] item: Sitrus Berry\n|\n|-fieldend|move: Trick Room\n|upkeep\n|turn|9\n|\n|t:|1681843555\n|move|p2b: Flutter Mane|Moonblast|p1b: Gothitelle\n|-damage|p1b: Gothitelle|0 fnt\n|faint|p1b: Gothitelle\n|\n|win|salvypara\n|c|\u2606iron brate|gg\n","uploadtime":1681843763,"views":11,"p1id":"ironbrate","p2id":"salvypara","formatid":"gen9vgc2023regulationc","rating":0,"private":0,"password":""}