{"id":"gen9vgc2023regulationc-1856437552","p1":"N3rdSl4y3r","p2":"halotowers","format":"[Gen 9] VGC 2023 Regulation C","log":"|j|\u2606N3rdSl4y3r\n|j|\u2606halotowers\n|t:|1683061506\n|gametype|doubles\n|player|p1|N3rdSl4y3r|rika|\n|player|p2|halotowers|acetrainersnow|\n|teamsize|p1|6\n|teamsize|p2|6\n|gen|9\n|tier|[Gen 9] VGC 2023 Regulation C\n|rule|Species Clause: Limit one of each Pok\u00e9mon\n|rule|Item Clause: Limit one of each item\n|clearpoke\n|poke|p1|Breloom, L50, F|\n|poke|p1|Chi-Yu, L50|\n|poke|p1|Azumarill, L50, F|\n|poke|p1|Baxcalibur, L50, F|\n|poke|p1|Flutter Mane, L50|\n|poke|p1|Maushold-Four, L50|\n|poke|p2|Chi-Yu, L50|\n|poke|p2|Flutter Mane, L50|\n|poke|p2|Iron Bundle, L50|\n|poke|p2|Annihilape, L50, F|\n|poke|p2|Murkrow, L50, M|\n|poke|p2|Great Tusk, L50|\n|teampreview|4\nN3rdSl4y3r has agreed to open team sheets.\n|c|\u2606N3rdSl4y3r|glhf!\nhalotowers has agreed to open team sheets.\n|\n|t:|1683061543\n|start\n|switch|p1a: Jorunna Parva|Azumarill, L50, F, shiny|100\/100\n|switch|p1b: samuel(s)|Maushold-Four, L50, shiny|100\/100\n|switch|p2a: Iron Bundle|Iron Bundle, L50|100\/100\n|switch|p2b: Chi-Yu|Chi-Yu, L50|100\/100\n|-ability|p2b: Chi-Yu|Beads of Ruin\n|-enditem|p2a: Iron Bundle|Booster Energy\n|-activate|p2a: Iron Bundle|ability: Quark Drive|[fromitem]\n|-start|p2a: Iron Bundle|quarkdrivespe\n|turn|1\n|\n|t:|1683061572\n|switch|p2b: Annihilape|Annihilape, L50, F|100\/100\n|move|p1a: Jorunna Parva|Protect|p1a: Jorunna Parva\n|-singleturn|p1a: Jorunna Parva|Protect\n|move|p2a: Iron Bundle|Freeze-Dry|p1a: Jorunna Parva\n|-activate|p1a: Jorunna Parva|move: Protect\n|move|p1b: samuel(s)|Super Fang|p2a: Iron Bundle\n|-damage|p2a: Iron Bundle|51\/100\n|\n|upkeep\n|turn|2\n|\n|t:|1683061590\n|-terastallize|p1b: samuel(s)|Ghost\n|move|p1b: samuel(s)|Follow Me|p1b: samuel(s)\n|-singleturn|p1b: samuel(s)|move: Follow Me\n|move|p2a: Iron Bundle|Encore|p1b: samuel(s)\n|-start|p1b: samuel(s)|Encore\n|move|p2b: Annihilape|Drain Punch|p1b: samuel(s)\n|-immune|p1b: samuel(s)\n|move|p1a: Jorunna Parva|Play Rough|p2a: Iron Bundle\n|-damage|p2a: Iron Bundle|0 fnt\n|faint|p2a: Iron Bundle\n|-end|p2a: Iron Bundle|Quark Drive|[silent]\n|\n|upkeep\n|\n|t:|1683061605\n|switch|p2a: Flutter Mane|Flutter Mane, L50, shiny|100\/100\n|turn|3\n|\n|t:|1683061617\n|-terastallize|p2a: Flutter Mane|Fairy\n|move|p1b: samuel(s)|Follow Me|p1b: samuel(s)\n|-singleturn|p1b: samuel(s)|move: Follow Me\n|move|p2a: Flutter Mane|Moonblast|p1b: samuel(s)\n|-damage|p1b: samuel(s)|0 fnt\n|faint|p1b: samuel(s)\n|move|p2b: Annihilape|Bulk Up|p2b: Annihilape\n|-boost|p2b: Annihilape|atk|1\n|-boost|p2b: Annihilape|def|1\n|move|p1a: Jorunna Parva|Play Rough|p2a: Flutter Mane|[miss]\n|-miss|p1a: Jorunna Parva|p2a: Flutter Mane\n|\n|upkeep\n|\n|t:|1683061643\n|switch|p1b: Hovering Cane|Flutter Mane, L50|100\/100\n|-enditem|p1b: Hovering Cane|Booster Energy\n|-activate|p1b: Hovering Cane|ability: Protosynthesis|[fromitem]\n|-start|p1b: Hovering Cane|protosynthesisspa\n|turn|4\n|\n|t:|1683061662\n|move|p2b: Annihilape|Protect|p2b: Annihilape\n|-singleturn|p2b: Annihilape|Protect\n|move|p1a: Jorunna Parva|Protect|p1a: Jorunna Parva\n|-singleturn|p1a: Jorunna Parva|Protect\n|move|p2a: Flutter Mane|Moonblast|p1b: Hovering Cane\n|-damage|p1b: Hovering Cane|32\/100\n|move|p1b: Hovering Cane|Moonblast|p2b: Annihilape\n|-activate|p2b: Annihilape|move: Protect\n|\n|upkeep\n|turn|5\n|\n|t:|1683061677\n|move|p2a: Flutter Mane|Moonblast|p1b: Hovering Cane\n|-damage|p1b: Hovering Cane|0 fnt\n|faint|p1b: Hovering Cane\n|-end|p1b: Hovering Cane|Protosynthesis|[silent]\n|move|p2b: Annihilape|Rage Fist|p1a: Jorunna Parva\n|-damage|p1a: Jorunna Parva|64\/100\n|move|p1a: Jorunna Parva|Play Rough|p2a: Flutter Mane\n|-damage|p2a: Flutter Mane|22\/100\n|\n|upkeep\n|\n|t:|1683061686\n|switch|p1b: Cryolophosaurus|Baxcalibur, L50, F|100\/100\n|turn|6\n|\n|t:|1683061702\n|move|p1b: Cryolophosaurus|Ice Shard|p2a: Flutter Mane\n|-damage|p2a: Flutter Mane|0 fnt\n|faint|p2a: Flutter Mane\n|-end|p2a: Flutter Mane|Protosynthesis|[silent]\n|move|p2b: Annihilape|Drain Punch|p1b: Cryolophosaurus\n|-supereffective|p1b: Cryolophosaurus\n|-damage|p1b: Cryolophosaurus|0 fnt\n|faint|p1b: Cryolophosaurus\n|move|p1a: Jorunna Parva|Play Rough|p2b: Annihilape\n|-supereffective|p2b: Annihilape\n|-damage|p2b: Annihilape|18\/100\n|\n|-heal|p2b: Annihilape|24\/100|[from] item: Leftovers\n|upkeep\n|\n|t:|1683061716\n|switch|p2a: Chi-Yu|Chi-Yu, L50|100\/100\n|-ability|p2a: Chi-Yu|Beads of Ruin\n|turn|7\n|\n|t:|1683061730\n|move|p2b: Annihilape|Protect|p2b: Annihilape\n|-singleturn|p2b: Annihilape|Protect\n|move|p2a: Chi-Yu|Overheat|p1a: Jorunna Parva\n|-resisted|p1a: Jorunna Parva\n|-damage|p1a: Jorunna Parva|0 fnt\n|-unboost|p2a: Chi-Yu|spa|2\n|faint|p1a: Jorunna Parva\n|-damage|p2a: Chi-Yu|91\/100|[from] item: Life Orb\n|\n|win|halotowers\n|c|\u2606N3rdSl4y3r|gg\n|l|\u2606N3rdSl4y3r\n|j|\u2606N3rdSl4y3r\n|player|p1|N3rdSl4y3r|rika\n|l|\u2606halotowers\n","uploadtime":1683061748,"views":17,"p1id":"n3rdsl4y3r","p2id":"halotowers","formatid":"gen9vgc2023regulationc","rating":0,"private":0,"password":""}