{"id":"gen9vgc2023regulationc-1861384038","p1":"offcspdwagon","p2":"wackomarko","format":"[Gen 9] VGC 2023 Regulation C","log":"|j|\u2606offcspdwagon\n|j|\u2606wackomarko\n|t:|1683751858\n|gametype|doubles\n|player|p1|offcspdwagon|169|1022\n|player|p2|wackomarko|hiker-gen4|1040\n|teamsize|p1|6\n|teamsize|p2|6\n|gen|9\n|tier|[Gen 9] VGC 2023 Regulation C\n|rated|\n|rule|Species Clause: Limit one of each Pok\u00e9mon\n|rule|Item Clause: Limit one of each item\n|clearpoke\n|poke|p1|Dachsbun, L50, M|\n|poke|p1|Chi-Yu, L50|\n|poke|p1|Chien-Pao, L50|\n|poke|p1|Kilowattrel, L50, M|\n|poke|p1|Roaring Moon, L50|\n|poke|p1|Toxapex, L50, M|\n|poke|p2|Talonflame, L50, M|\n|poke|p2|Amoonguss, L50, F|\n|poke|p2|Flutter Mane, L50|\n|poke|p2|Chien-Pao, L50|\n|poke|p2|Gyarados, L50, M|\n|poke|p2|Dragapult, L50, M|\n|teampreview|4\n|inactive|Battle timer is ON: inactive players will automatically lose when time's up. (requested by offcspdwagon)\n|inactive|offcspdwagon has 60 seconds left.\n|inactive|wackomarko has 60 seconds left.\n|inactive|offcspdwagon has 30 seconds left.\n|inactive|wackomarko has 30 seconds left.\nwackomarko has agreed to open team sheets.\n|inactive|offcspdwagon has 20 seconds left.\n|\n|t:|1683751931\n|start\n|switch|p1a: Kilowattrel|Kilowattrel, L50, M|100\/100\n|switch|p1b: Chi-Yu|Chi-Yu, L50|100\/100\n|switch|p2a: Talonflame|Talonflame, L50, M, shiny|100\/100\n|switch|p2b: Dragapult|Dragapult, L50, M, shiny|100\/100\n|-ability|p1b: Chi-Yu|Beads of Ruin\n|turn|1\n|\n|t:|1683751949\n|move|p1b: Chi-Yu|Protect|p1b: Chi-Yu\n|-singleturn|p1b: Chi-Yu|Protect\n|move|p2a: Talonflame|Tailwind|p2a: Talonflame\n|-sidestart|p2: wackomarko|move: Tailwind\n|move|p2b: Dragapult|Phantom Force||[still]\n|-prepare|p2b: Dragapult|Phantom Force\n|move|p1a: Kilowattrel|Tailwind|p1a: Kilowattrel\n|-sidestart|p1: offcspdwagon|move: Tailwind\n|\n|upkeep\n|turn|2\n|inactive|offcspdwagon has 30 seconds left.\n|\n|t:|1683751977\n|move|p2b: Dragapult|Phantom Force|p1b: Chi-Yu|[from]lockedmove\n|-resisted|p1b: Chi-Yu\n|-damage|p1b: Chi-Yu|47\/100\n|move|p2a: Talonflame|Will-O-Wisp|p1a: Kilowattrel\n|-status|p1a: Kilowattrel|brn\n|move|p1a: Kilowattrel|Thunderbolt|p2a: Talonflame\n|-supereffective|p2a: Talonflame\n|-damage|p2a: Talonflame|0 fnt\n|faint|p2a: Talonflame\n|move|p1b: Chi-Yu|Dark Pulse|p2b: Dragapult\n|-supereffective|p2b: Dragapult\n|-crit|p2b: Dragapult\n|-damage|p2b: Dragapult|0 fnt\n|faint|p2b: Dragapult\n|-damage|p1b: Chi-Yu|37\/100|[from] item: Life Orb\n|\n|-damage|p1a: Kilowattrel|94\/100 brn|[from] brn\n|upkeep\n|\n|t:|1683751998\n|switch|p2b: Gyarados|Gyarados, L50, M, shiny|100\/100\n|switch|p2a: Flutter Mane|Flutter Mane, L50, shiny|100\/100\n|-ability|p2b: Gyarados|Intimidate|boost\n|-unboost|p1a: Kilowattrel|atk|1\n|-ability|p1a: Kilowattrel|Competitive|boost\n|-boost|p1a: Kilowattrel|spa|2\n|-unboost|p1b: Chi-Yu|atk|1\n|turn|3\n|\n|t:|1683752020\n|-terastallize|p2a: Flutter Mane|Fairy\n|move|p1a: Kilowattrel|Protect|p1a: Kilowattrel\n|-singleturn|p1a: Kilowattrel|Protect\n|move|p1b: Chi-Yu|Protect|p1b: Chi-Yu\n|-singleturn|p1b: Chi-Yu|Protect\n|move|p2b: Gyarados|Protect|p2b: Gyarados\n|-singleturn|p2b: Gyarados|Protect\n|move|p2a: Flutter Mane|Dazzling Gleam|p1b: Chi-Yu|[spread] \n|-activate|p1a: Kilowattrel|move: Protect\n|-activate|p1b: Chi-Yu|move: Protect\n|\n|-damage|p1a: Kilowattrel|88\/100 brn|[from] brn\n|upkeep\n|turn|4\n|inactive|offcspdwagon has 30 seconds left.\n|\n|t:|1683752047\n|move|p1a: Kilowattrel|Thunderbolt|p2b: Gyarados\n|-supereffective|p2b: Gyarados\n|-damage|p2b: Gyarados|0 fnt\n|faint|p2b: Gyarados\n|move|p2a: Flutter Mane|Dazzling Gleam|p1b: Chi-Yu|[spread] p1a,p1b\n|-damage|p1a: Kilowattrel|0 fnt\n|-damage|p1b: Chi-Yu|0 fnt\n|faint|p1a: Kilowattrel\n|faint|p1b: Chi-Yu\n|-damage|p2a: Flutter Mane|91\/100|[from] item: Life Orb\n|\n|-sideend|p1: offcspdwagon|move: Tailwind\n|-sideend|p2: wackomarko|move: Tailwind\n|upkeep\n|\n|t:|1683752056\n|switch|p1a: Toxapex|Toxapex, L50, M|100\/100\n|switch|p1b: Dachsbun|Dachsbun, L50, M|100\/100\n|turn|5\n|\n|t:|1683752064\n|move|p2a: Flutter Mane|Dazzling Gleam|p1b: Dachsbun|[spread] p1a,p1b\n|-resisted|p1a: Toxapex\n|-damage|p1a: Toxapex|79\/100\n|-damage|p1b: Dachsbun|20\/100\n|-damage|p2a: Flutter Mane|81\/100|[from] item: Life Orb\n|move|p1b: Dachsbun|Yawn|p2a: Flutter Mane\n|-start|p2a: Flutter Mane|move: Yawn|[of] p1b: Dachsbun\n|move|p1a: Toxapex|Sludge Bomb|p2a: Flutter Mane\n|-supereffective|p2a: Flutter Mane\n|-damage|p2a: Flutter Mane|45\/100\n|\n|-heal|p1b: Dachsbun|25\/100|[from] item: Leftovers\n|-heal|p1a: Toxapex|85\/100|[from] item: Black Sludge\n|upkeep\n|turn|6\n|\n|t:|1683752076\n|move|p1b: Dachsbun|Protect|p1b: Dachsbun\n|-singleturn|p1b: Dachsbun|Protect\n|move|p2a: Flutter Mane|Dazzling Gleam|p1a: Toxapex|[spread] p1a\n|-activate|p1b: Dachsbun|move: Protect\n|-resisted|p1a: Toxapex\n|-damage|p1a: Toxapex|63\/100\n|-damage|p2a: Flutter Mane|35\/100|[from] item: Life Orb\n|move|p1a: Toxapex|Sludge Bomb|p2a: Flutter Mane\n|-supereffective|p2a: Flutter Mane\n|-damage|p2a: Flutter Mane|0 fnt\n|faint|p2a: Flutter Mane\n|-end|p2a: Flutter Mane|Protosynthesis|[silent]\n|\n|win|offcspdwagon\n|raw|offcspdwagon's rating: 1022 → 1061<\/strong> (+39 for winning)\n|raw|wackomarko's rating: 1040 → 1023<\/strong> (-17 for losing)\n","uploadtime":1683752089,"views":5,"p1id":"offcspdwagon","p2id":"wackomarko","formatid":"gen9vgc2023regulationc","rating":1023,"private":0,"password":""}