{"id":"gen9vgc2023regulationc-1852990493","p1":"SFroggeh","p2":"PittsburghEmpoleon","format":"[Gen 9] VGC 2023 Regulation C","log":"|j|\u2606SFroggeh\n|j|\u2606PittsburghEmpoleon\n|t:|1682623516\n|gametype|doubles\n|player|p1|SFroggeh|1|\n|player|p2|PittsburghEmpoleon|steven|\n|teamsize|p1|6\n|teamsize|p2|6\n|gen|9\n|tier|[Gen 9] VGC 2023 Regulation C\n|rule|Species Clause: Limit one of each Pok\u00e9mon\n|rule|Item Clause: Limit one of each item\n|clearpoke\n|poke|p1|Iron Hands, L50|\n|poke|p1|Tsareena, L50, F|\n|poke|p1|Slowking, L50, M|\n|poke|p1|Skeledirge, L50, F|\n|poke|p1|Maushold-Four, L50|\n|poke|p1|Cetitan, L50, M|\n|poke|p2|Chien-Pao, L50|\n|poke|p2|Dragonite, L50, M|\n|poke|p2|Mimikyu, L50, M|\n|poke|p2|Glimmora, L50, M|\n|poke|p2|Dondozo, L50, F|\n|poke|p2|Tatsugiri-Droopy, L50, M|\n|teampreview|4\n|inactive|Battle timer is ON: inactive players will automatically lose when time's up. (requested by SFroggeh)\nSFroggeh rejected open team sheets.\n|inactiveoff|Battle timer is now OFF.\n|j| PorygonTheBot\n|c| PorygonTheBot|I hope I win!\n|j| eshe0\n|\n|t:|1682623588\n|start\n|switch|p1a: Slowking|Slowking, L50, M|100\/100\n|switch|p1b: Cetitan|Cetitan, L50, M|100\/100\n|switch|p2a: Chien-Pao|Chien-Pao, L50|100\/100\n|switch|p2b: Mimikyu|Mimikyu, L50, M|100\/100\n|-ability|p2a: Chien-Pao|Sword of Ruin\n|turn|1\n|\n|t:|1682623604\n|-terastallize|p2b: Mimikyu|Ghost\n|-terastallize|p1b: Cetitan|Fairy\n|move|p2a: Chien-Pao|Sacred Sword|p1b: Cetitan\n|-resisted|p1b: Cetitan\n|-damage|p1b: Cetitan|85\/100\n|move|p2b: Mimikyu|Shadow Claw|p1a: Slowking\n|-supereffective|p1a: Slowking\n|-damage|p1a: Slowking|0 fnt\n|faint|p1a: Slowking\n|-damage|p2b: Mimikyu|90\/100|[from] item: Life Orb\n|move|p1b: Cetitan|Heavy Slam|p2a: Chien-Pao\n|-supereffective|p2a: Chien-Pao\n|-damage|p2a: Chien-Pao|10\/100\n|\n|upkeep\n|\n|t:|1682623630\n|switch|p1a: Maushold|Maushold-Four, L50|100\/100\n|turn|2\n|\n|t:|1682623639\n|move|p2a: Chien-Pao|Protect|p2a: Chien-Pao\n|-singleturn|p2a: Chien-Pao|Protect\n|move|p1a: Maushold|Follow Me|p1a: Maushold\n|-singleturn|p1a: Maushold|move: Follow Me\n|move|p1b: Cetitan|Ice Shard|p2a: Chien-Pao\n|-activate|p2a: Chien-Pao|move: Protect\n|move|p2b: Mimikyu|Play Rough|p1a: Maushold\n|-damage|p1a: Maushold|23\/100\n|-damage|p2b: Mimikyu|80\/100|[from] item: Life Orb\n|\n|upkeep\n|turn|3\n|\n|t:|1682623658\n|switch|p2a: Glimmora|Glimmora, L50, M|100\/100\n|-item|p2a: Glimmora|Air Balloon\n|switch|p1a: Skeledirge|Skeledirge, L50, F|100\/100\n|move|p2b: Mimikyu|Play Rough|p1a: Skeledirge\n|-resisted|p1a: Skeledirge\n|-damage|p1a: Skeledirge|84\/100\n|-damage|p2b: Mimikyu|70\/100|[from] item: Life Orb\n|move|p1b: Cetitan|Ice Spinner|p2b: Mimikyu\n|-activate|p2b: Mimikyu|ability: Disguise\n|-damage|p2b: Mimikyu|70\/100\n|detailschange|p2b: Mimikyu|Mimikyu-Busted, L50, M, tera:Ghost\n|-damage|p2b: Mimikyu|58\/100|[from] pokemon: Mimikyu-Busted\n|\n|-heal|p1a: Skeledirge|91\/100|[from] item: Leftovers\n|upkeep\n|turn|4\n|\n|t:|1682623695\n|switch|p1a: Maushold|Maushold-Four, L50|23\/100\n|move|p2b: Mimikyu|Protect|p2b: Mimikyu\n|-singleturn|p2b: Mimikyu|Protect\n|move|p2a: Glimmora|Mortal Spin|p1b: Cetitan|[spread] p1a,p1b\n|-supereffective|p1b: Cetitan\n|-damage|p1a: Maushold|17\/100\n|-damage|p1b: Cetitan|80\/100\n|-status|p1a: Maushold|psn\n|-status|p1b: Cetitan|psn\n|move|p1b: Cetitan|Ice Spinner|p2b: Mimikyu\n|-activate|p2b: Mimikyu|move: Protect\n|\n|-damage|p1a: Maushold|5\/100 psn|[from] psn\n|-damage|p1b: Cetitan|68\/100 psn|[from] psn\n|upkeep\n|turn|5\n|j| judevgc\n|\n|t:|1682623715\n|move|p2a: Glimmora|Spiky Shield|p2a: Glimmora\n|-singleturn|p2a: Glimmora|move: Protect\n|move|p1a: Maushold|After You|p1b: Cetitan\n|-activate|p1b: Cetitan|move: After You\n|move|p1b: Cetitan|Ice Spinner|p2b: Mimikyu\n|-damage|p2b: Mimikyu|0 fnt\n|faint|p2b: Mimikyu\n|\n|-damage|p1a: Maushold|0 fnt|[from] psn\n|faint|p1a: Maushold\n|-damage|p1b: Cetitan|56\/100 psn|[from] psn\n|upkeep\n|\n|t:|1682623726\n|switch|p1a: Skeledirge|Skeledirge, L50, F|91\/100\n|switch|p2b: Tatsugiri|Tatsugiri-Droopy, L50, M|100\/100\n|turn|6\n|\n|t:|1682623745\n|move|p1b: Cetitan|Ice Shard|p2a: Glimmora\n|-damage|p2a: Glimmora|84\/100\n|-activate|p2a: Glimmora|ability: Toxic Debris\n|-sidestart|p1: SFroggeh|move: Toxic Spikes\n|-enditem|p2a: Glimmora|Air Balloon\n|move|p2b: Tatsugiri|Muddy Water|p1b: Cetitan|[spread] p1a,p1b\n|-supereffective|p1a: Skeledirge\n|-damage|p1a: Skeledirge|0 fnt\n|-damage|p1b: Cetitan|18\/100 psn\n|faint|p1a: Skeledirge\n|move|p2a: Glimmora|Power Gem|p1b: Cetitan\n|-damage|p1b: Cetitan|0 fnt\n|faint|p1b: Cetitan\n|\n|win|PittsburghEmpoleon\n|l| PorygonTheBot\n","uploadtime":1682623746,"views":21,"p1id":"sfroggeh","p2id":"pittsburghempoleon","formatid":"gen9vgc2023regulationc","rating":0,"private":0,"password":""}