{"id":"gen9vgc2023regulationc-1855659937","p1":"Garbsloth2","p2":"Growingoldisbold","format":"[Gen 9] VGC 2023 Regulation C","log":"|j|\u2606Garbsloth2\n|j|\u2606Growingoldisbold\n|t:|1682970705\n|gametype|doubles\n|player|p1|Garbsloth2|266|1095\n|player|p2|Growingoldisbold|170|1081\n|teamsize|p1|6\n|teamsize|p2|6\n|gen|9\n|tier|[Gen 9] VGC 2023 Regulation C\n|rated|\n|rule|Species Clause: Limit one of each Pok\u00e9mon\n|rule|Item Clause: Limit one of each item\n|clearpoke\n|poke|p1|Dondozo, L50, F|\n|poke|p1|Tatsugiri, L50, F|\n|poke|p1|Meowscarada, L50, M|\n|poke|p1|Chien-Pao, L50|\n|poke|p1|Iron Hands, L50|\n|poke|p1|Dragapult, L50, F|\n|poke|p2|Scream Tail, L50|\n|poke|p2|Dragapult, L50, F|\n|poke|p2|Scizor, L50, F|\n|poke|p2|Gyarados, L50, F|\n|poke|p2|Iron Hands, L50|\n|poke|p2|Maushold, L50|\n|teampreview|4\n|\n|t:|1682970748\n|start\n|switch|p1a: Iron Hands|Iron Hands, L50|100\/100\n|switch|p1b: Meowscarada|Meowscarada, L50, M|100\/100\n|switch|p2a: Scream Tail|Scream Tail, L50|100\/100\n|switch|p2b: Iron Hands|Iron Hands, L50|100\/100\n|turn|1\n|\n|t:|1682970766\n|move|p2b: Iron Hands|Fake Out|p1b: Meowscarada\n|-damage|p1b: Meowscarada|75\/100\n|move|p1a: Iron Hands|Fake Out|p2a: Scream Tail\n|-damage|p2a: Scream Tail|90\/100\n|cant|p1b: Meowscarada|flinch\n|cant|p2a: Scream Tail|flinch\n|\n|-heal|p2a: Scream Tail|96\/100|[from] item: Leftovers\n|upkeep\n|turn|2\n|\n|t:|1682970795\n|move|p1b: Meowscarada|U-turn|p2a: Scream Tail\n|-start|p1b: Meowscarada|typechange|Bug|[from] ability: Protean\n|-damage|p2a: Scream Tail|63\/100\n|\n|t:|1682970802\n|switch|p1b: Chien-Pao|Chien-Pao, L50|100\/100|[from] U-turn\n|-ability|p1b: Chien-Pao|Sword of Ruin\n|move|p2a: Scream Tail|Howl|p2a: Scream Tail|[spread] p2a,p2b\n|-boost|p2a: Scream Tail|atk|1\n|-boost|p2b: Iron Hands|atk|1\n|move|p2b: Iron Hands|Drain Punch|p1a: Iron Hands\n|-damage|p1a: Iron Hands|45\/100\n|move|p1a: Iron Hands|Thunder Punch|p2a: Scream Tail\n|-damage|p2a: Scream Tail|21\/100\n|\n|-heal|p2a: Scream Tail|27\/100|[from] item: Leftovers\n|upkeep\n|turn|3\n|\n|t:|1682970857\n|-end|p1a: Iron Hands|Quark Drive|[silent]\n|switch|p1a: Dragapult|Dragapult, L50, F|100\/100\n|move|p1b: Chien-Pao|Throat Chop|p2a: Scream Tail\n|-damage|p2a: Scream Tail|0 fnt\n|faint|p2a: Scream Tail\n|-end|p2a: Scream Tail|Protosynthesis|[silent]\n|move|p2b: Iron Hands|Drain Punch|p1b: Chien-Pao\n|-supereffective|p1b: Chien-Pao\n|-enditem|p1b: Chien-Pao|Focus Sash\n|-damage|p1b: Chien-Pao|1\/100\n|\n|upkeep\n|\n|t:|1682970881\n|switch|p2a: Gyarados|Gyarados, L50, F|100\/100\n|-ability|p2a: Gyarados|Intimidate|boost\n|-fail|p1a: Dragapult|unboost|[from] ability: Clear Body|[of] p1a: Dragapult\n|-unboost|p1b: Chien-Pao|atk|1\n|turn|4\n|\n|t:|1682970905\n|move|p1b: Chien-Pao|Protect|p1b: Chien-Pao\n|-singleturn|p1b: Chien-Pao|Protect\n|move|p2a: Gyarados|Protect|p2a: Gyarados\n|-singleturn|p2a: Gyarados|Protect\n|move|p1a: Dragapult|Phantom Force||[still]\n|-prepare|p1a: Dragapult|Phantom Force\n|move|p2b: Iron Hands|Tera Blast|p1b: Chien-Pao\n|-activate|p1b: Chien-Pao|move: Protect\n|\n|upkeep\n|turn|5\n|\n|t:|1682970947\n|-terastallize|p2a: Gyarados|Flying\n|move|p1a: Dragapult|Phantom Force|p2b: Iron Hands|[from]lockedmove\n|-damage|p2b: Iron Hands|48\/100\n|-damage|p1a: Dragapult|91\/100|[from] item: Life Orb\n|move|p1b: Chien-Pao|Icicle Crash|p2b: Iron Hands\n|-damage|p2b: Iron Hands|24\/100\n|move|p2a: Gyarados|Tera Blast|p1a: Dragapult\n|-damage|p1a: Dragapult|3\/100\n|move|p2b: Iron Hands|Tera Blast|p1b: Chien-Pao\n|-damage|p1b: Chien-Pao|0 fnt\n|faint|p1b: Chien-Pao\n|\n|upkeep\n|\n|t:|1682970963\n|switch|p1b: Meowscarada|Meowscarada, L50, M|75\/100\n|turn|6\n|\n|t:|1682970989\n|move|p1a: Dragapult|Protect|p1a: Dragapult\n|-singleturn|p1a: Dragapult|Protect\n|move|p1b: Meowscarada|Play Rough|p2b: Iron Hands\n|-start|p1b: Meowscarada|typechange|Fairy|[from] ability: Protean\n|-supereffective|p2b: Iron Hands\n|-damage|p2b: Iron Hands|0 fnt\n|faint|p2b: Iron Hands\n|-end|p2b: Iron Hands|Quark Drive|[silent]\n|move|p2a: Gyarados|Tera Blast|p1b: Meowscarada\n|-damage|p1b: Meowscarada|0 fnt\n|faint|p1b: Meowscarada\n|\n|upkeep\n|\n|t:|1682971005\n|switch|p1b: Iron Hands|Iron Hands, L50|45\/100\n|switch|p2b: Maushold|Maushold, L50|100\/100\n|turn|7\n|\n|t:|1682971032\n|-terastallize|p1b: Iron Hands|Flying\n|move|p2b: Maushold|Follow Me|p2b: Maushold\n|-singleturn|p2b: Maushold|move: Follow Me\n|move|p1a: Dragapult|Dragon Darts|p2b: Maushold\n|-damage|p2b: Maushold|63\/100\n|-anim|p1a: Dragapult|Dragon Darts|p2b: Maushold\n|-damage|p2b: Maushold|24\/100\n|-enditem|p2b: Maushold|Sitrus Berry|[eat]\n|-heal|p2b: Maushold|49\/100|[from] item: Sitrus Berry\n|-damage|p1a: Dragapult|0 fnt|[from] item: Life Orb\n|faint|p1a: Dragapult\n|move|p2a: Gyarados|Tera Blast|p1b: Iron Hands\n|-damage|p1b: Iron Hands|12\/100\n|move|p1b: Iron Hands|Drain Punch|p2b: Maushold\n|-supereffective|p2b: Maushold\n|-damage|p2b: Maushold|0 fnt\n|-heal|p1b: Iron Hands|29\/100|[from] drain|[of] p2b: Maushold\n|faint|p2b: Maushold\n|\n|upkeep\n|turn|8\n|\n|t:|1682971057\n|move|p2a: Gyarados|Tera Blast|p1b: Iron Hands\n|-damage|p1b: Iron Hands|0 fnt\n|faint|p1b: Iron Hands\n|-end|p1b: Iron Hands|Quark Drive|[silent]\n|\n|win|Growingoldisbold\n|raw|Garbsloth2's rating: 1095 → 1070<\/strong> (-25 for losing)\n|raw|Growingoldisbold's rating: 1081 → 1110<\/strong> (+29 for winning)\n|l|\u2606Garbsloth2\n","uploadtime":1682971308,"views":13,"p1id":"garbsloth2","p2id":"growingoldisbold","formatid":"gen9vgc2023regulationc","rating":1070,"private":0,"password":""}