{"id":"gen9vgc2023regulationc-1846978788","p1":"sneedchungus69","p2":"nik993","format":"[Gen 9] VGC 2023 Regulation C","log":"|j|\u2606sneedchungus69\n|j|\u2606nik993\n|t:|1681908338\n|gametype|doubles\n|player|p1|sneedchungus69|scientistf|1491\n|player|p2|nik993|102|1394\n|teamsize|p1|6\n|teamsize|p2|6\n|gen|9\n|tier|[Gen 9] VGC 2023 Regulation C\n|rated|\n|rule|Species Clause: Limit one of each Pok\u00e9mon\n|rule|Item Clause: Limit one of each item\n|clearpoke\n|poke|p1|Iron Bundle, L50|\n|poke|p1|Gholdengo, L50|\n|poke|p1|Annihilape, L50, F|\n|poke|p1|Maushold, L50|\n|poke|p1|Kingambit, L50, F|\n|poke|p1|Chi-Yu, L50|\n|poke|p2|Palafin, L50, F|\n|poke|p2|Iron Hands, L50|\n|poke|p2|Amoonguss, L50, M|\n|poke|p2|Arcanine, L50, F|\n|poke|p2|Chien-Pao, L50|\n|poke|p2|Dragonite, L50, F|\n|teampreview|4\nsneedchungus69 has agreed to open team sheets.\nnik993 has agreed to open team sheets.\n|j| Malkind\n|inactive|Battle timer is ON: inactive players will automatically lose when time's up. (requested by sneedchungus69)\n|\n|t:|1681908516\n|start\n|switch|p1a: Annihilape|Annihilape, L50, F|100\/100\n|switch|p1b: Maushold|Maushold, L50|100\/100\n|switch|p2a: Amoonguss|Amoonguss, L50, M|100\/100\n|switch|p2b: Dragonite|Dragonite, L50, F|100\/100\n|turn|1\n|inactive|sneedchungus69 has 30 seconds left.\n|inactive|sneedchungus69 has 20 seconds left.\n|inactive|sneedchungus69 has 15 seconds left.\n|\n|t:|1681908561\n|-terastallize|p1a: Annihilape|Water\n|move|p1b: Maushold|Follow Me|p1b: Maushold\n|-singleturn|p1b: Maushold|move: Follow Me\n|move|p2b: Dragonite|Dragon Dance|p2b: Dragonite\n|-boost|p2b: Dragonite|atk|1\n|-boost|p2b: Dragonite|spe|1\n|move|p1a: Annihilape|Bulk Up|p1a: Annihilape\n|-boost|p1a: Annihilape|atk|1\n|-boost|p1a: Annihilape|def|1\n|move|p2a: Amoonguss|Spore|p1b: Maushold\n|-activate|p1b: Maushold|item: Safety Goggles|Spore\n|\n|upkeep\n|turn|2\n|\n|t:|1681908583\n|-terastallize|p2b: Dragonite|Flying\n|move|p1a: Annihilape|Protect|p1a: Annihilape\n|-singleturn|p1a: Annihilape|Protect\n|move|p2a: Amoonguss|Rage Powder|p2a: Amoonguss\n|-singleturn|p2a: Amoonguss|move: Rage Powder\n|move|p2b: Dragonite|Tera Blast|p1b: Maushold\n|-damage|p1b: Maushold|0 fnt\n|faint|p1b: Maushold\n|\n|upkeep\n|\n|t:|1681908593\n|switch|p1b: Gholdengo|Gholdengo, L50|100\/100\n|turn|3\n|inactive|sneedchungus69 has 30 seconds left.\n|inactive|nik993 has 30 seconds left.\n|inactive|nik993 has 20 seconds left.\n|inactive|nik993 has 15 seconds left.\n|inactive|nik993 has 10 seconds left.\n|\n|t:|1681908642\n|move|p2a: Amoonguss|Rage Powder|p2a: Amoonguss\n|-singleturn|p2a: Amoonguss|move: Rage Powder\n|move|p2b: Dragonite|Tera Blast|p1a: Annihilape\n|-damage|p1a: Annihilape|44\/100\n|-enditem|p1a: Annihilape|Sitrus Berry|[eat]\n|-heal|p1a: Annihilape|69\/100|[from] item: Sitrus Berry\n|move|p1a: Annihilape|Bulk Up|p1a: Annihilape\n|-boost|p1a: Annihilape|atk|1\n|-boost|p1a: Annihilape|def|1\n|move|p1b: Gholdengo|Make It Rain|p2a: Amoonguss|[spread] p2a,p2b\n|-damage|p2a: Amoonguss|59\/100\n|-damage|p2b: Dragonite|59\/100\n|-unboost|p1b: Gholdengo|spa|1\n|\n|upkeep\n|turn|4\n|l| Malkind\n|j| Malkind\n|inactive|nik993 has 30 seconds left.\n|\n|t:|1681908671\n|move|p2b: Dragonite|Stomping Tantrum|p1b: Gholdengo\n|-supereffective|p1b: Gholdengo\n|-damage|p1b: Gholdengo|26\/100\n|move|p1a: Annihilape|Rage Fist|p2b: Dragonite\n|-damage|p2b: Dragonite|0 fnt\n|faint|p2b: Dragonite\n|move|p1b: Gholdengo|Nasty Plot|p1b: Gholdengo\n|-boost|p1b: Gholdengo|spa|2\n|move|p2a: Amoonguss|Spore|p1a: Annihilape\n|-status|p1a: Annihilape|slp|[from] move: Spore\n|\n|-heal|p1b: Gholdengo|32\/100|[from] item: Leftovers\n|upkeep\n|\n|t:|1681908682\n|switch|p2b: Chien-Pao|Chien-Pao, L50|100\/100\n|-ability|p2b: Chien-Pao|Sword of Ruin\n|turn|5\n|\n|t:|1681908696\n|switch|p2a: Iron Hands|Iron Hands, L50|100\/100\n|move|p1b: Gholdengo|Protect|p1b: Gholdengo\n|-singleturn|p1b: Gholdengo|Protect\n|move|p2b: Chien-Pao|Sacred Sword|p1a: Annihilape\n|-damage|p1a: Annihilape|31\/100 slp\n|cant|p1a: Annihilape|slp\n|\n|-heal|p1b: Gholdengo|39\/100|[from] item: Leftovers\n|upkeep\n|turn|6\n|\n|t:|1681908716\n|move|p2b: Chien-Pao|Sacred Sword|p1a: Annihilape\n|-damage|p1a: Annihilape|0 fnt\n|faint|p1a: Annihilape\n|move|p1b: Gholdengo|Make It Rain|p2a: Iron Hands|[spread] p2a,p2b\n|-resisted|p2a: Iron Hands\n|-supereffective|p2b: Chien-Pao\n|-damage|p2a: Iron Hands|85\/100\n|-enditem|p2b: Chien-Pao|Focus Sash\n|-damage|p2b: Chien-Pao|1\/100\n|-unboost|p1b: Gholdengo|spa|1\n|move|p2a: Iron Hands|Wild Charge|p1b: Gholdengo\n|-damage|p1b: Gholdengo|0 fnt\n|faint|p1b: Gholdengo\n|-damage|p2a: Iron Hands|77\/100|[from] Recoil\n|\n|upkeep\n|\n|t:|1681908719\n|switch|p1b: Kingambit|Kingambit, L50, F|100\/100\n|turn|7\n|-message|sneedchungus69 forfeited.\n|\n|win|nik993\n|raw|sneedchungus69's rating: 1491 → 1466<\/strong> (-25 for losing)\n|raw|nik993's rating: 1394 → 1419<\/strong> (+25 for winning)\n|l|\u2606sneedchungus69\n","uploadtime":1681908730,"views":11,"p1id":"sneedchungus69","p2id":"nik993","formatid":"gen9vgc2023regulationc","rating":1419,"private":0,"password":""}