{"id":"gen9vgc2023regulationc-1847057057","p1":"HappyMuffinTime","p2":"taohuu","format":"[Gen 9] VGC 2023 Regulation C","log":"|j|\u2606HappyMuffinTime\n|j|\u2606taohuu\n|t:|1681915486\n|gametype|doubles\n|player|p1|HappyMuffinTime|cynthia|1511\n|player|p2|taohuu|170|1537\n|teamsize|p1|6\n|teamsize|p2|6\n|gen|9\n|tier|[Gen 9] VGC 2023 Regulation C\n|rated|\n|rule|Species Clause: Limit one of each Pok\u00e9mon\n|rule|Item Clause: Limit one of each item\n|clearpoke\n|poke|p1|Dachsbun, L50, M|\n|poke|p1|Chi-Yu, L50|\n|poke|p1|Flutter Mane, L50|\n|poke|p1|Baxcalibur, L50, M|\n|poke|p1|Palafin, L50, M|\n|poke|p1|Amoonguss, L50, M|\n|poke|p2|Amoonguss, L50, F|\n|poke|p2|Annihilape, L50, F|\n|poke|p2|Ting-Lu, L50|\n|poke|p2|Arcanine, L50, F|\n|poke|p2|Iron Bundle, L50|\n|poke|p2|Flutter Mane, L50|\n|teampreview|4\n|inactive|Battle timer is ON: inactive players will automatically lose when time's up. (requested by HappyMuffinTime)\n|j| EstoyFuerisimaVGC\n|inactive|taohuu has 60 seconds left.\n|\n|t:|1681915535\n|start\n|switch|p1a: Chi-Yu|Chi-Yu, L50|100\/100\n|switch|p1b: Palafin|Palafin, L50, M|100\/100\n|switch|p2a: Annihilape|Annihilape, L50, F|100\/100\n|switch|p2b: Ting-Lu|Ting-Lu, L50|100\/100\n|-ability|p1a: Chi-Yu|Beads of Ruin\n|-ability|p2b: Ting-Lu|Vessel of Ruin\n|turn|1\n|\n|t:|1681915548\n|detailschange|p1b: Palafin|Palafin-Hero, L50, M\n|switch|p1b: Dachsbun|Dachsbun, L50, M|100\/100\n|-terastallize|p1a: Chi-Yu|Grass\n|-terastallize|p2a: Annihilape|Water\n|move|p1a: Chi-Yu|Lava Plume|p2b: Ting-Lu|[spread] p2a,p2b\n|-ability|p1b: Dachsbun|Well-Baked Body|boost\n|-boost|p1b: Dachsbun|def|2\n|-resisted|p2a: Annihilape\n|-damage|p2a: Annihilape|87\/100\n|-damage|p2b: Ting-Lu|84\/100\n|move|p2a: Annihilape|Bulk Up|p2a: Annihilape\n|-boost|p2a: Annihilape|atk|1\n|-boost|p2a: Annihilape|def|1\n|move|p2b: Ting-Lu|Stomping Tantrum|p1a: Chi-Yu\n|-resisted|p1a: Chi-Yu\n|-damage|p1a: Chi-Yu|70\/100\n|\n|upkeep\n|turn|2\n|j| polkilox\n|\n|t:|1681915567\n|move|p1a: Chi-Yu|Lava Plume|p2b: Ting-Lu|[spread] p2a,p2b\n|-ability|p1b: Dachsbun|Well-Baked Body|boost\n|-boost|p1b: Dachsbun|def|2\n|-resisted|p2a: Annihilape\n|-damage|p2a: Annihilape|72\/100\n|-damage|p2b: Ting-Lu|68\/100\n|-status|p2b: Ting-Lu|brn\n|move|p1b: Dachsbun|Yawn|p2a: Annihilape\n|-start|p2a: Annihilape|move: Yawn|[of] p1b: Dachsbun\n|move|p2a: Annihilape|Rage Fist|p1a: Chi-Yu\n|-damage|p1a: Chi-Yu|0 fnt\n|faint|p1a: Chi-Yu\n|move|p2b: Ting-Lu|Ruination|p1b: Dachsbun\n|-damage|p1b: Dachsbun|50\/100\n|\n|-heal|p1b: Dachsbun|57\/100|[from] item: Leftovers\n|-damage|p2b: Ting-Lu|62\/100 brn|[from] brn\n|upkeep\n|\n|t:|1681915586\n|switch|p1a: Flutter Mane|Flutter Mane, L50|100\/100\n|turn|3\n|l| polkilox\n|\n|t:|1681915596\n|switch|p2a: Amoonguss|Amoonguss, L50, F|100\/100\n|move|p1a: Flutter Mane|Protect|p1a: Flutter Mane\n|-singleturn|p1a: Flutter Mane|Protect\n|move|p1b: Dachsbun|Protect|p1b: Dachsbun\n|-singleturn|p1b: Dachsbun|Protect\n|move|p2b: Ting-Lu|Heavy Slam|p1a: Flutter Mane\n|-activate|p1a: Flutter Mane|move: Protect\n|\n|-heal|p1b: Dachsbun|63\/100|[from] item: Leftovers\n|-damage|p2b: Ting-Lu|56\/100 brn|[from] brn\n|upkeep\n|turn|4\n|\n|t:|1681915615\n|move|p1a: Flutter Mane|Dazzling Gleam|p2a: Amoonguss|[spread] p2a,p2b\n|-resisted|p2a: Amoonguss\n|-supereffective|p2b: Ting-Lu\n|-damage|p2a: Amoonguss|90\/100\n|-damage|p2b: Ting-Lu|33\/100 brn\n|move|p1b: Dachsbun|Yawn|p2a: Amoonguss\n|-start|p2a: Amoonguss|move: Yawn|[of] p1b: Dachsbun\n|move|p2b: Ting-Lu|Ruination|p1b: Dachsbun\n|-damage|p1b: Dachsbun|32\/100\n|move|p2a: Amoonguss|Spore|p1a: Flutter Mane\n|-status|p1a: Flutter Mane|slp|[from] move: Spore\n|\n|-heal|p1b: Dachsbun|38\/100|[from] item: Leftovers\n|-damage|p2b: Ting-Lu|27\/100 brn|[from] brn\n|upkeep\n|turn|5\n|j| SerseCosmiVGC\n|l| SerseCosmiVGC\n|inactive|taohuu has 30 seconds left.\n|\n|t:|1681915645\n|switch|p2b: Iron Bundle|Iron Bundle, L50|100\/100\n|-enditem|p2b: Iron Bundle|Booster Energy\n|-activate|p2b: Iron Bundle|ability: Quark Drive|[fromitem]\n|-start|p2b: Iron Bundle|quarkdrivespe\n|move|p1b: Dachsbun|Protect|p1b: Dachsbun\n|-singleturn|p1b: Dachsbun|Protect\n|cant|p1a: Flutter Mane|slp\n|move|p2a: Amoonguss|Spore|p1b: Dachsbun\n|-activate|p1b: Dachsbun|move: Protect\n|\n|-heal|p1b: Dachsbun|44\/100|[from] item: Leftovers\n|-end|p2a: Amoonguss|move: Yawn|[silent]\n|-status|p2a: Amoonguss|slp\n|upkeep\n|turn|6\n|\n|t:|1681915662\n|move|p2b: Iron Bundle|Encore|p1b: Dachsbun\n|-start|p1b: Dachsbun|Encore\n|cant|p1a: Flutter Mane|slp\n|move|p1b: Dachsbun|Protect||[still]\n|-fail|p1b: Dachsbun\n|cant|p2a: Amoonguss|slp\n|\n|-heal|p1b: Dachsbun|50\/100|[from] item: Leftovers\n|upkeep\n|turn|7\n|\n|t:|1681915672\n|-end|p2b: Iron Bundle|Quark Drive|[silent]\n|switch|p2b: Ting-Lu|Ting-Lu, L50|27\/100 brn\n|-ability|p2b: Ting-Lu|Vessel of Ruin\n|move|p1b: Dachsbun|Protect|p1b: Dachsbun\n|-singleturn|p1b: Dachsbun|Protect\n|cant|p1a: Flutter Mane|slp\n|cant|p2a: Amoonguss|slp\n|\n|-heal|p1b: Dachsbun|56\/100|[from] item: Leftovers\n|-damage|p2b: Ting-Lu|21\/100 brn|[from] brn\n|upkeep\n|turn|8\n|\n|t:|1681915684\n|switch|p1b: Palafin|Palafin-Hero, L50, M|100\/100\n|-activate|p1b: Palafin|ability: Zero to Hero\n|-curestatus|p1a: Flutter Mane|slp|[msg]\n|move|p1a: Flutter Mane|Dazzling Gleam|p2b: Ting-Lu|[spread] p2a,p2b\n|-resisted|p2a: Amoonguss\n|-supereffective|p2b: Ting-Lu\n|-damage|p2a: Amoonguss|80\/100 slp\n|-damage|p2b: Ting-Lu|0 fnt\n|faint|p2b: Ting-Lu\n|-curestatus|p2a: Amoonguss|slp|[msg]\n|move|p2a: Amoonguss|Spore|p1a: Flutter Mane\n|-status|p1a: Flutter Mane|slp|[from] move: Spore\n|\n|upkeep\n|\n|t:|1681915693\n|switch|p2b: Annihilape|Annihilape, L50, F, tera:Water|72\/100\n|turn|9\n|\n|t:|1681915710\n|cant|p1a: Flutter Mane|slp\n|move|p1b: Palafin|Wave Crash|p2a: Amoonguss\n|-resisted|p2a: Amoonguss\n|-damage|p2a: Amoonguss|43\/100\n|-enditem|p2a: Amoonguss|Sitrus Berry|[eat]\n|-heal|p2a: Amoonguss|68\/100|[from] item: Sitrus Berry\n|-damage|p1b: Palafin|85\/100|[from] Recoil\n|move|p2b: Annihilape|Rage Fist|p1a: Flutter Mane\n|-supereffective|p1a: Flutter Mane\n|-enditem|p1a: Flutter Mane|Focus Sash\n|-damage|p1a: Flutter Mane|1\/100 slp\n|move|p2a: Amoonguss|Spore|p1b: Palafin\n|-status|p1b: Palafin|slp|[from] move: Spore\n|\n|upkeep\n|turn|10\n|-message|HappyMuffinTime forfeited.\n|l|\u2606HappyMuffinTime\n|inactive|HappyMuffinTime disconnected and has a minute to reconnect!\n|player|p1|\n|\n|win|taohuu\n|raw|HappyMuffinTime's rating: 1511 → 1492<\/strong> (-19 for losing)\n|raw|taohuu's rating: 1537 → 1556<\/strong> (+19 for winning)\n|l|\u2606taohuu\n","uploadtime":1681915737,"views":4,"p1id":"happymuffintime","p2id":"taohuu","formatid":"gen9vgc2023regulationc","rating":1492,"private":0,"password":""}