{"id":"gen9vgc2023regulationc-1861560969","p1":"Adritaku","p2":"Alolan XanXo","format":"[Gen 9] VGC 2023 Regulation C","log":"|j|\u2606Adritaku\n|j|\u2606Alolan XanXo\n|t:|1683773392\n|gametype|doubles\n|player|p1|Adritaku|101|1137\n|player|p2|Alolan XanXo|101|1055\n|teamsize|p1|6\n|teamsize|p2|6\n|gen|9\n|tier|[Gen 9] VGC 2023 Regulation C\n|rated|\n|rule|Species Clause: Limit one of each Pok\u00e9mon\n|rule|Item Clause: Limit one of each item\n|clearpoke\n|poke|p1|Iron Bundle, L50|\n|poke|p1|Flutter Mane, L50|\n|poke|p1|Palafin, L50, F|\n|poke|p1|Pelipper, L50, F|\n|poke|p1|Torkoal, L50, F|\n|poke|p1|Arcanine, L50, F|\n|poke|p2|Meowscarada, L50, M|\n|poke|p2|Pincurchin, L50, M|\n|poke|p2|Iron Jugulis, L50|\n|poke|p2|Rotom-Wash, L50|\n|poke|p2|Arcanine, L50, M|\n|poke|p2|Gholdengo, L50|\n|teampreview|4\n|\n|t:|1683773433\n|start\n|switch|p1a: Torkoal|Torkoal, L50, F|100\/100\n|switch|p1b: Flutter Mane|Flutter Mane, L50|100\/100\n|switch|p2a: Meowscarada|Meowscarada, L50, M|100\/100\n|switch|p2b: Pincurchin|Pincurchin, L50, M, shiny|100\/100\n|-weather|SunnyDay|[from] ability: Drought|[of] p1a: Torkoal\n|-activate|p1b: Flutter Mane|ability: Protosynthesis\n|-start|p1b: Flutter Mane|protosynthesisspe\n|-fieldstart|move: Electric Terrain|[from] ability: Electric Surge|[of] p2b: Pincurchin\n|turn|1\n|\n|t:|1683773468\n|-terastallize|p1b: Flutter Mane|Fairy\n|move|p1b: Flutter Mane|Dazzling Gleam|p2b: Pincurchin|[spread] p2a,p2b\n|-supereffective|p2a: Meowscarada\n|-enditem|p2a: Meowscarada|Focus Sash\n|-damage|p2a: Meowscarada|1\/100\n|-damage|p2b: Pincurchin|45\/100\n|move|p1a: Torkoal|Heat Wave|p2a: Meowscarada|[spread] p2a\n|-miss|p1a: Torkoal|p2b: Pincurchin\n|-supereffective|p2a: Meowscarada\n|-damage|p2a: Meowscarada|0 fnt\n|faint|p2a: Meowscarada\n|move|p2b: Pincurchin|Chilling Water|p1a: Torkoal\n|-supereffective|p1a: Torkoal\n|-damage|p1a: Torkoal|86\/100\n|-unboost|p1a: Torkoal|atk|1\n|\n|-weather|SunnyDay|[upkeep]\n|upkeep\n|\n|t:|1683773495\n|switch|p2a: Iron Jugulis|Iron Jugulis, L50|100\/100\n|-activate|p2a: Iron Jugulis|ability: Quark Drive\n|-start|p2a: Iron Jugulis|quarkdrivespa\n|turn|2\n|\n|t:|1683773512\n|-terastallize|p2a: Iron Jugulis|Fire\n|move|p2b: Pincurchin|Protect|p2b: Pincurchin\n|-singleturn|p2b: Pincurchin|Protect\n|move|p1b: Flutter Mane|Dazzling Gleam|p2b: Pincurchin|[spread] p2a\n|-activate|p2b: Pincurchin|move: Protect\n|-resisted|p2a: Iron Jugulis\n|-damage|p2a: Iron Jugulis|81\/100\n|move|p2a: Iron Jugulis|Snarl|p1a: Torkoal|[spread] p1a,p1b\n|-resisted|p1b: Flutter Mane\n|-damage|p1a: Torkoal|49\/100\n|-damage|p1b: Flutter Mane|87\/100\n|-unboost|p1a: Torkoal|spa|1\n|-unboost|p1b: Flutter Mane|spa|1\n|move|p1a: Torkoal|Heat Wave|p2b: Pincurchin|[spread] p2a\n|-activate|p2b: Pincurchin|move: Protect\n|-resisted|p2a: Iron Jugulis\n|-damage|p2a: Iron Jugulis|63\/100\n|\n|-weather|SunnyDay|[upkeep]\n|upkeep\n|turn|3\n|\n|t:|1683773534\n|move|p1b: Flutter Mane|Dazzling Gleam|p2b: Pincurchin|[spread] p2a,p2b\n|-resisted|p2a: Iron Jugulis\n|-damage|p2a: Iron Jugulis|49\/100\n|-damage|p2b: Pincurchin|6\/100\n|move|p2a: Iron Jugulis|Snarl|p1a: Torkoal|[spread] p1a,p1b\n|-resisted|p1b: Flutter Mane\n|-damage|p1a: Torkoal|12\/100\n|-damage|p1b: Flutter Mane|73\/100\n|-unboost|p1a: Torkoal|spa|1\n|-unboost|p1b: Flutter Mane|spa|1\n|move|p1a: Torkoal|Earth Power|p2a: Iron Jugulis\n|-supereffective|p2a: Iron Jugulis\n|-damage|p2a: Iron Jugulis|23\/100\n|move|p2b: Pincurchin|Recover|p2b: Pincurchin\n|-heal|p2b: Pincurchin|57\/100\n|\n|-weather|SunnyDay|[upkeep]\n|upkeep\n|turn|4\n|\n|t:|1683773555\n|move|p1a: Torkoal|Protect|p1a: Torkoal\n|-singleturn|p1a: Torkoal|Protect\n|move|p1b: Flutter Mane|Dazzling Gleam|p2b: Pincurchin|[spread] p2a,p2b\n|-resisted|p2a: Iron Jugulis\n|-damage|p2a: Iron Jugulis|12\/100\n|-damage|p2b: Pincurchin|28\/100\n|move|p2a: Iron Jugulis|Heat Wave|p1a: Torkoal|[spread] p1b\n|-activate|p1a: Torkoal|move: Protect\n|-damage|p1b: Flutter Mane|0 fnt\n|faint|p1b: Flutter Mane\n|-end|p1b: Flutter Mane|Protosynthesis|[silent]\n|move|p2b: Pincurchin|Recover|p2b: Pincurchin\n|-heal|p2b: Pincurchin|79\/100\n|\n|-weather|SunnyDay|[upkeep]\n|upkeep\n|\n|t:|1683773558\n|switch|p1b: Iron Bundle|Iron Bundle, L50|100\/100\n|-activate|p1b: Iron Bundle|ability: Quark Drive\n|-start|p1b: Iron Bundle|quarkdrivespe\n|turn|5\n|\n|t:|1683773579\n|move|p2a: Iron Jugulis|Protect|p2a: Iron Jugulis\n|-singleturn|p2a: Iron Jugulis|Protect\n|move|p1b: Iron Bundle|Hydro Pump|p2b: Pincurchin\n|-crit|p2b: Pincurchin\n|-damage|p2b: Pincurchin|20\/100\n|move|p1a: Torkoal|Heat Wave|p2a: Iron Jugulis|[spread] p2b\n|-activate|p2a: Iron Jugulis|move: Protect\n|-damage|p2b: Pincurchin|0 fnt\n|faint|p2b: Pincurchin\n|\n|-weather|none\n|-fieldend|move: Electric Terrain\n|-end|p1b: Iron Bundle|Quark Drive\n|-end|p2a: Iron Jugulis|Quark Drive\n|upkeep\n|-enditem|p1b: Iron Bundle|Booster Energy\n|-activate|p1b: Iron Bundle|ability: Quark Drive|[fromitem]\n|-start|p1b: Iron Bundle|quarkdrivespe\n|\n|t:|1683773596\n|switch|p2b: Rotom|Rotom-Wash, L50|100\/100\n|turn|6\n|\n|t:|1683773627\n|move|p2a: Iron Jugulis|Protect||[still]\n|-fail|p2a: Iron Jugulis\n|move|p1b: Iron Bundle|Freeze-Dry|p2b: Rotom\n|-supereffective|p2b: Rotom\n|-crit|p2b: Rotom\n|-damage|p2b: Rotom|0 fnt\n|faint|p2b: Rotom\n|move|p1a: Torkoal|Heat Wave|p2a: Iron Jugulis\n|-resisted|p2a: Iron Jugulis\n|-damage|p2a: Iron Jugulis|1\/100\n|\n|upkeep\n|turn|7\n|-message|Alolan XanXo forfeited.\n|\n|win|Adritaku\n|raw|Adritaku's rating: 1137 → 1156<\/strong> (+19 for winning)\n|raw|Alolan XanXo's rating: 1055 → 1041<\/strong> (-14 for losing)\n","uploadtime":1683773638,"views":13,"p1id":"adritaku","p2id":"alolanxanxo","formatid":"gen9vgc2023regulationc","rating":1041,"private":0,"password":""}