{"id":"gen9vgc2023regulationc-1858413528","p1":"aed96","p2":"Bacon204","format":"[Gen 9] VGC 2023 Regulation C","log":"|j|\u2606aed96\n|j|\u2606Bacon204\n|t:|1683310009\n|gametype|doubles\n|player|p1|aed96|red-masters|\n|player|p2|Bacon204|1|\n|teamsize|p1|6\n|teamsize|p2|6\n|gen|9\n|tier|[Gen 9] VGC 2023 Regulation C\n|rule|Species Clause: Limit one of each Pok\u00e9mon\n|rule|Item Clause: Limit one of each item\n|clearpoke\n|poke|p1|Azumarill, L50, M|\n|poke|p1|Garchomp, L50, M|\n|poke|p1|Kilowattrel, L50, M|\n|poke|p1|Gholdengo, L50|\n|poke|p1|Toedscruel, L50, M|\n|poke|p1|Skuntank, L50, M|\n|poke|p2|Ting-Lu, L50|\n|poke|p2|Florges, L50, F|\n|poke|p2|Gyarados, L50, F|\n|poke|p2|Dudunsparce-*, L50, F|\n|poke|p2|Raichu, L50, M|\n|poke|p2|Tsareena, L50, F|\n|teampreview|4\n|c|\u2606aed96|g2\naed96 rejected open team sheets.\n|c|\u2606aed96|glhf\n|\n|t:|1683310504\n|start\n|switch|p1a: Garchomp|Garchomp, L50, M|100\/100\n|switch|p1b: Toedscruel|Toedscruel, L50, M|100\/100\n|switch|p2a: Raichu|Raichu, L50, M|100\/100\n|switch|p2b: Dudunsparce|Dudunsparce, L50, F|100\/100\n|turn|1\n|j| judevgc\n|\n|t:|1683310533\n|switch|p1a: Gholdengo|Gholdengo, L50|100\/100\n|move|p2a: Raichu|Volt Switch|p1b: Toedscruel\n|-immune|p1b: Toedscruel\n|move|p2b: Dudunsparce|Yawn|p1a: Gholdengo\n|-immune|p1a: Gholdengo|[from] ability: Good as Gold\n|move|p1b: Toedscruel|Spore|p2b: Dudunsparce\n|-status|p2b: Dudunsparce|slp|[from] move: Spore\n|-enditem|p2b: Dudunsparce|Lum Berry|[eat]\n|-curestatus|p2b: Dudunsparce|slp|[msg]\n|\n|upkeep\n|turn|2\n|c|\u2606Bacon204|wait\n|c|\u2606Bacon204|oops XD\n|\n|t:|1683310593\n|switch|p2b: Ting-Lu|Ting-Lu, L50|100\/100\n|-ability|p2b: Ting-Lu|Vessel of Ruin\n|move|p2a: Raichu|Encore|p1b: Toedscruel\n|-start|p1b: Toedscruel|Encore\n|move|p1a: Gholdengo|Shadow Ball|p2a: Raichu\n|-damage|p2a: Raichu|44\/100\n|move|p1b: Toedscruel|Spore|p2b: Ting-Lu\n|-activate|p2b: Ting-Lu|item: Safety Goggles|Spore\n|\n|upkeep\n|turn|3\n|\n|t:|1683310623\n|move|p1a: Gholdengo|Protect|p1a: Gholdengo\n|-singleturn|p1a: Gholdengo|Protect\n|move|p2a: Raichu|Volt Switch|p1a: Gholdengo\n|-activate|p1a: Gholdengo|move: Protect\n|move|p2b: Ting-Lu|Stomping Tantrum|p1a: Gholdengo\n|-activate|p1a: Gholdengo|move: Protect\n|move|p1b: Toedscruel|Spore|p2a: Raichu\n|-status|p2a: Raichu|slp|[from] move: Spore\n|\n|upkeep\n|turn|4\n|\n|t:|1683310669\n|switch|p1b: Azumarill|Azumarill, L50, M|100\/100\n|cant|p2a: Raichu|slp\n|move|p1a: Gholdengo|Shadow Ball|p2a: Raichu\n|-damage|p2a: Raichu|0 fnt\n|faint|p2a: Raichu\n|move|p2b: Ting-Lu|Throat Chop|p1a: Gholdengo\n|-supereffective|p1a: Gholdengo\n|-damage|p1a: Gholdengo|47\/100\n|\n|upkeep\n|\n|t:|1683310680\n|switch|p2a: Gyarados|Gyarados, L50, F|100\/100\n|-ability|p2a: Gyarados|Intimidate|boost\n|-unboost|p1a: Gholdengo|atk|1\n|-unboost|p1b: Azumarill|atk|1\n|turn|5\n|\n|t:|1683310729\n|-terastallize|p2a: Gyarados|Grass\n|move|p1a: Gholdengo|Power Gem|p2a: Gyarados\n|-damage|p2a: Gyarados|82\/100\n|move|p2a: Gyarados|Tera Blast|p1b: Azumarill\n|-supereffective|p1b: Azumarill\n|-enditem|p1b: Azumarill|Rindo Berry|[eat]\n|-enditem|p1b: Azumarill|Rindo Berry|[weaken]\n|-damage|p1b: Azumarill|44\/100\n|-damage|p2a: Gyarados|72\/100|[from] item: Life Orb\n|move|p1b: Azumarill|Play Rough|p2a: Gyarados\n|-damage|p2a: Gyarados|33\/100\n|move|p2b: Ting-Lu|Throat Chop|p1a: Gholdengo\n|-supereffective|p1a: Gholdengo\n|-damage|p1a: Gholdengo|0 fnt\n|faint|p1a: Gholdengo\n|\n|upkeep\n|\n|t:|1683310742\n|switch|p1a: Garchomp|Garchomp, L50, M|100\/100\n|turn|6\n|\n|t:|1683310818\n|switch|p1b: Toedscruel|Toedscruel, L50, M|100\/100\n|move|p1a: Garchomp|Dragon Claw|p2a: Gyarados\n|-damage|p2a: Gyarados|0 fnt\n|faint|p2a: Gyarados\n|move|p2b: Ting-Lu|Stomping Tantrum|p1a: Garchomp\n|-damage|p1a: Garchomp|73\/100\n|-damage|p2b: Ting-Lu|88\/100|[from] ability: Rough Skin|[of] p1a: Garchomp\n|\n|upkeep\n|\n|t:|1683310825\n|switch|p2a: Dudunsparce|Dudunsparce, L50, F|100\/100\n|turn|7\n|\n|t:|1683310842\n|move|p1a: Garchomp|Protect|p1a: Garchomp\n|-singleturn|p1a: Garchomp|Protect\n|move|p2a: Dudunsparce|Yawn|p1a: Garchomp\n|-activate|p1a: Garchomp|move: Protect\n|move|p2b: Ting-Lu|Ruination|p1b: Toedscruel\n|-damage|p1b: Toedscruel|51\/100\n|move|p1b: Toedscruel|Spore|p2a: Dudunsparce\n|-status|p2a: Dudunsparce|slp|[from] move: Spore\n|\n|upkeep\n|turn|8\n|\n|t:|1683310857\n|switch|p1b: Azumarill|Azumarill, L50, M|44\/100\n|move|p1a: Garchomp|Swords Dance|p1a: Garchomp\n|-boost|p1a: Garchomp|atk|2\n|cant|p2a: Dudunsparce|slp\n|move|p2b: Ting-Lu|Throat Chop|p1b: Azumarill\n|-resisted|p1b: Azumarill\n|-damage|p1b: Azumarill|26\/100\n|-start|p1b: Azumarill|Throat Chop|[silent]\n|\n|upkeep\n|turn|9\n|\n|t:|1683310889\n|move|p1a: Garchomp|Dragon Claw|p2a: Dudunsparce\n|-damage|p2a: Dudunsparce|19\/100 slp\n|cant|p2a: Dudunsparce|slp\n|move|p1b: Azumarill|Liquidation|p2a: Dudunsparce\n|-damage|p2a: Dudunsparce|0 fnt\n|faint|p2a: Dudunsparce\n|move|p2b: Ting-Lu|Ruination|p1a: Garchomp\n|-damage|p1a: Garchomp|37\/100\n|\n|-end|p1b: Azumarill|Throat Chop|[silent]\n|upkeep\n|turn|10\n|\n|t:|1683310905\n|-terastallize|p1b: Azumarill|Water\n|move|p1a: Garchomp|Dragon Claw|p2b: Ting-Lu\n|-crit|p2b: Ting-Lu\n|-damage|p2b: Ting-Lu|36\/100\n|move|p1b: Azumarill|Liquidation|p2b: Ting-Lu\n|-supereffective|p2b: Ting-Lu\n|-damage|p2b: Ting-Lu|0 fnt\n|faint|p2b: Ting-Lu\n|\n|win|aed96\n|c|\u2606Bacon204|gg\n|c|\u2606aed96|ggs\n|l| judevgc\n","uploadtime":1683310931,"views":10,"p1id":"aed96","p2id":"bacon204","formatid":"gen9vgc2023regulationc","rating":0,"private":0,"password":""}