{"id":"gen9vgc2023regulationc-1862412686","p1":"rose_zkldin","p2":"MalmartEmployee","format":"[Gen 9] VGC 2023 Regulation C","log":"|j|\u2606rose_zkldin\n|j|\u2606MalmartEmployee\n|t:|1683881918\n|gametype|doubles\n|player|p1|rose_zkldin|2|1011\n|player|p2|MalmartEmployee|266|1118\n|teamsize|p1|6\n|teamsize|p2|6\n|gen|9\n|tier|[Gen 9] VGC 2023 Regulation C\n|rated|\n|rule|Species Clause: Limit one of each Pok\u00e9mon\n|rule|Item Clause: Limit one of each item\n|clearpoke\n|poke|p1|Wo-Chien, L50|\n|poke|p1|Chi-Yu, L50|\n|poke|p1|Chien-Pao, L50|\n|poke|p1|Ting-Lu, L50|\n|poke|p1|Arcanine, L50, F|\n|poke|p1|Dragonair, L50, F|\n|poke|p2|Armarouge, L50, M|\n|poke|p2|Corviknight, L50, M|\n|poke|p2|Kilowattrel, L50, M|\n|poke|p2|Iron Bundle, L50|\n|poke|p2|Brute Bonnet, L50|\n|poke|p2|Indeedee-F, L50, F|\n|teampreview|4\nMalmartEmployee rejected open team sheets.\n|c|\u2606MalmartEmployee|hi\n|\n|t:|1683881990\n|start\n|switch|p1a: Arcanine|Arcanine, L50, F|100\/100\n|switch|p1b: Dragonair|Dragonair, L50, F|100\/100\n|switch|p2a: Armarouge|Armarouge, L50, M|100\/100\n|switch|p2b: Iron Bundle|Iron Bundle, L50|100\/100\n|-ability|p1a: Arcanine|Intimidate|boost\n|-unboost|p2a: Armarouge|atk|1\n|-unboost|p2b: Iron Bundle|atk|1\n|-enditem|p2b: Iron Bundle|Booster Energy\n|-activate|p2b: Iron Bundle|ability: Quark Drive|[fromitem]\n|-start|p2b: Iron Bundle|quarkdrivespe\n|turn|1\n|c|\u2606MalmartEmployee|so how's it going?\n|c|\u2606MalmartEmployee|you uh, come here often?\n|\n|t:|1683882143\n|move|p1a: Arcanine|Protect|p1a: Arcanine\n|-singleturn|p1a: Arcanine|Protect\n|move|p2b: Iron Bundle|Thief|p2a: Armarouge\n|-supereffective|p2a: Armarouge\n|-damage|p2a: Armarouge|87\/100\n|-ability|p2a: Armarouge|Weak Armor|boost\n|-unboost|p2a: Armarouge|def|1\n|-boost|p2a: Armarouge|spe|2\n|-enditem|p2a: Armarouge|Weakness Policy\n|-boost|p2a: Armarouge|atk|2|[from] item: Weakness Policy\n|-boost|p2a: Armarouge|spa|2|[from] item: Weakness Policy\n|move|p2a: Armarouge|Expanding Force|p1a: Arcanine\n|-activate|p1a: Arcanine|move: Protect\n|move|p1b: Dragonair|Icy Wind|p2a: Armarouge|[spread] p2a,p2b\n|-resisted|p2a: Armarouge\n|-resisted|p2b: Iron Bundle\n|-damage|p2a: Armarouge|82\/100\n|-damage|p2b: Iron Bundle|97\/100\n|-unboost|p2a: Armarouge|spe|1\n|-unboost|p2b: Iron Bundle|spe|1\n|\n|upkeep\n|turn|2\n|\n|t:|1683882173\n|-end|p2b: Iron Bundle|Quark Drive|[silent]\n|switch|p2b: Indeedee|Indeedee-F, L50, F|100\/100\n|-fieldstart|move: Psychic Terrain|[from] ability: Psychic Surge|[of] p2b: Indeedee\n|switch|p1a: Ting-Lu|Ting-Lu, L50|100\/100\n|-ability|p1a: Ting-Lu|Vessel of Ruin\n|move|p1b: Dragonair|Protect|p1b: Dragonair\n|-singleturn|p1b: Dragonair|Protect\n|move|p2a: Armarouge|Expanding Force|p1a: Ting-Lu|[spread] \n|-activate|p1b: Dragonair|move: Protect\n|-immune|p1a: Ting-Lu\n|\n|upkeep\n|turn|3\n|c|\u2606rose_zkldin|Ayooooooooo pauuseeeee\n|c|\u2606MalmartEmployee|huh?\n|c|\u2606MalmartEmployee|what's up?\n|c|\u2606MalmartEmployee|I'm just chilling you need time to think?\n|c|\u2606rose_zkldin|I'm not gay\n|c|\u2606rose_zkldin|u moving kinda zesty ngl\n|c|\u2606MalmartEmployee|that's good\n|inactive|Battle timer is ON: inactive players will automatically lose when time's up. (requested by rose_zkldin)\n|c|\u2606MalmartEmployee|Can I lock my move in?\n|c|\u2606rose_zkldin|AYOOO\n|\n|t:|1683882343\n|move|p2b: Indeedee|Follow Me|p2b: Indeedee\n|-singleturn|p2b: Indeedee|move: Follow Me\n|move|p2a: Armarouge|Expanding Force|p1a: Ting-Lu|[spread] p1b\n|-immune|p1a: Ting-Lu\n|-damage|p1b: Dragonair|47\/100\n|move|p1b: Dragonair|Icy Wind|p2b: Indeedee|[spread] p2a,p2b\n|-resisted|p2a: Armarouge\n|-damage|p2a: Armarouge|79\/100\n|-damage|p2b: Indeedee|97\/100\n|-unboost|p2a: Armarouge|spe|1\n|-unboost|p2b: Indeedee|spe|1\n|move|p1a: Ting-Lu|Fissure|p2b: Indeedee|[miss]\n|-miss|p1a: Ting-Lu|p2b: Indeedee\n|\n|upkeep\n|turn|4\n|\n|t:|1683882363\n|move|p1b: Dragonair|Protect|p1b: Dragonair\n|-singleturn|p1b: Dragonair|Protect\n|move|p2b: Indeedee|Protect|p2b: Indeedee\n|-singleturn|p2b: Indeedee|Protect\n|move|p2a: Armarouge|Expanding Force|p1a: Ting-Lu|[spread] \n|-activate|p1b: Dragonair|move: Protect\n|-immune|p1a: Ting-Lu\n|move|p1a: Ting-Lu|Stomping Tantrum|p2a: Armarouge\n|-supereffective|p2a: Armarouge\n|-damage|p2a: Armarouge|0 fnt\n|faint|p2a: Armarouge\n|\n|upkeep\n|c|\u2606rose_zkldin|Hehe boi\n|\n|t:|1683882377\n|switch|p2a: Brute Bonnet|Brute Bonnet, L50|100\/100\n|turn|5\n|\n|t:|1683882402\n|move|p1a: Ting-Lu|Protect|p1a: Ting-Lu\n|-singleturn|p1a: Ting-Lu|Protect\n|move|p2b: Indeedee|Follow Me|p2b: Indeedee\n|-singleturn|p2b: Indeedee|move: Follow Me\n|move|p2a: Brute Bonnet|Spore|p1a: Ting-Lu\n|-activate|p1a: Ting-Lu|move: Protect\n|move|p1b: Dragonair|Safeguard|p1b: Dragonair\n|-sidestart|p1: rose_zkldin|Safeguard\n|\n|upkeep\n|turn|6\n|c|\u2606rose_zkldin|Nope\n|c|\u2606MalmartEmployee|https:\/\/www.youtube.com\/watch?v=kk0feCp_MZ4\n|inactive|MalmartEmployee has 30 seconds left.\n|c|\u2606rose_zkldin|???\n|c|\u2606rose_zkldin|Wtf is that\n|inactive|MalmartEmployee has 20 seconds left.\n|inactive|MalmartEmployee has 15 seconds left.\n|\n|t:|1683882445\n|move|p2b: Indeedee|Helping Hand|p2a: Brute Bonnet\n|-singleturn|p2a: Brute Bonnet|Helping Hand|[of] p2b: Indeedee\n|move|p2a: Brute Bonnet|Crunch|p1b: Dragonair\n|-damage|p1b: Dragonair|0 fnt\n|faint|p1b: Dragonair\n|-damage|p2a: Brute Bonnet|91\/100|[from] item: Life Orb\n|move|p1a: Ting-Lu|Fissure|p2a: Brute Bonnet|[miss]\n|-miss|p1a: Ting-Lu|p2a: Brute Bonnet\n|\n|-fieldend|move: Psychic Terrain\n|upkeep\n|c|\u2606rose_zkldin|Ur getting clapped tho\n|inactive|rose_zkldin has 30 seconds left.\n|\n|t:|1683882476\n|switch|p1b: Wo-Chien|Wo-Chien, L50|100\/100\n|-ability|p1b: Wo-Chien|Tablets of Ruin\n|turn|7\n|\n|t:|1683882501\n|move|p2b: Indeedee|Helping Hand|p2a: Brute Bonnet\n|-singleturn|p2a: Brute Bonnet|Helping Hand|[of] p2b: Indeedee\n|move|p2a: Brute Bonnet|Trailblaze|p1a: Ting-Lu\n|-supereffective|p1a: Ting-Lu\n|-damage|p1a: Ting-Lu|58\/100\n|-boost|p2a: Brute Bonnet|spe|1\n|-damage|p2a: Brute Bonnet|81\/100|[from] item: Life Orb\n|move|p1b: Wo-Chien|Ruination|p2a: Brute Bonnet\n|-damage|p2a: Brute Bonnet|41\/100\n|move|p1a: Ting-Lu|Stomping Tantrum|p2b: Indeedee\n|-damage|p2b: Indeedee|15\/100\n|\n|upkeep\n|turn|8\n|\n|t:|1683882520\n|move|p2b: Indeedee|Helping Hand|p2a: Brute Bonnet\n|-singleturn|p2a: Brute Bonnet|Helping Hand|[of] p2b: Indeedee\n|move|p1a: Ting-Lu|Protect|p1a: Ting-Lu\n|-singleturn|p1a: Ting-Lu|Protect\n|move|p2a: Brute Bonnet|Trailblaze|p1a: Ting-Lu\n|-activate|p1a: Ting-Lu|move: Protect\n|move|p1b: Wo-Chien|Mud-Slap|p2a: Brute Bonnet\n|-resisted|p2a: Brute Bonnet\n|-damage|p2a: Brute Bonnet|40\/100\n|-unboost|p2a: Brute Bonnet|accuracy|1\n|\n|upkeep\n|turn|9\n|\n|t:|1683882539\n|switch|p1a: Arcanine|Arcanine, L50, F|100\/100\n|-ability|p1a: Arcanine|Intimidate|boost\n|-unboost|p2a: Brute Bonnet|atk|1\n|-unboost|p2b: Indeedee|atk|1\n|move|p2b: Indeedee|Follow Me|p2b: Indeedee\n|-singleturn|p2b: Indeedee|move: Follow Me\n|move|p2a: Brute Bonnet|Trailblaze|p1a: Arcanine\n|-resisted|p1a: Arcanine\n|-damage|p1a: Arcanine|90\/100\n|-boost|p2a: Brute Bonnet|spe|1\n|-damage|p2a: Brute Bonnet|30\/100|[from] item: Life Orb\n|move|p1b: Wo-Chien|Mud-Slap|p2b: Indeedee\n|-damage|p2b: Indeedee|12\/100\n|-unboost|p2b: Indeedee|accuracy|1\n|\n|-sideend|p1: rose_zkldin|Safeguard\n|upkeep\n|turn|10\n|c|\u2606rose_zkldin|Heehehehe\n|inactive|rose_zkldin has 30 seconds left.\n|\n|t:|1683882564\n|-terastallize|p1a: Arcanine|Normal\n|move|p2a: Brute Bonnet|Protect|p2a: Brute Bonnet\n|-singleturn|p2a: Brute Bonnet|Protect\n|move|p2b: Indeedee|Protect|p2b: Indeedee\n|-singleturn|p2b: Indeedee|Protect\n|move|p1a: Arcanine|Extreme Speed|p2a: Brute Bonnet\n|-activate|p2a: Brute Bonnet|move: Protect\n|move|p1b: Wo-Chien|Mud-Slap|p2b: Indeedee\n|-activate|p2b: Indeedee|move: Protect\n|\n|upkeep\n|turn|11\n|\n|t:|1683882579\n|move|p1a: Arcanine|Extreme Speed|p2a: Brute Bonnet\n|-damage|p2a: Brute Bonnet|0 fnt\n|faint|p2a: Brute Bonnet\n|-end|p2a: Brute Bonnet|Protosynthesis|[silent]\n|move|p2b: Indeedee|Follow Me|p2b: Indeedee\n|-singleturn|p2b: Indeedee|move: Follow Me\n|move|p1b: Wo-Chien|Mud-Slap|p2b: Indeedee\n|-damage|p2b: Indeedee|9\/100\n|-unboost|p2b: Indeedee|accuracy|1\n|\n|upkeep\n|c|\u2606MalmartEmployee|ggwp\n|\n|t:|1683882589\n|switch|p2a: Iron Bundle|Iron Bundle, L50|97\/100\n|turn|12\n|\n|t:|1683882600\n|move|p2b: Indeedee|Helping Hand|p2a: Iron Bundle\n|-singleturn|p2a: Iron Bundle|Helping Hand|[of] p2b: Indeedee\n|move|p1a: Arcanine|Protect|p1a: Arcanine\n|-singleturn|p1a: Arcanine|Protect\n|move|p2a: Iron Bundle|Icy Wind|p1a: Arcanine|[spread] p1b\n|-activate|p1a: Arcanine|move: Protect\n|-supereffective|p1b: Wo-Chien\n|-damage|p1b: Wo-Chien|66\/100\n|-unboost|p1b: Wo-Chien|spe|1\n|move|p1b: Wo-Chien|Ruination|p2a: Iron Bundle\n|-damage|p2a: Iron Bundle|49\/100\n|\n|upkeep\n|turn|13\n|\n|t:|1683882617\n|move|p2b: Indeedee|Helping Hand|p2a: Iron Bundle\n|-singleturn|p2a: Iron Bundle|Helping Hand|[of] p2b: Indeedee\n|move|p1b: Wo-Chien|Protect|p1b: Wo-Chien\n|-singleturn|p1b: Wo-Chien|Protect\n|move|p1a: Arcanine|Extreme Speed|p2b: Indeedee\n|-damage|p2b: Indeedee|0 fnt\n|faint|p2b: Indeedee\n|move|p2a: Iron Bundle|Icy Wind|p1b: Wo-Chien|[spread] p1a\n|-activate|p1b: Wo-Chien|move: Protect\n|-damage|p1a: Arcanine|54\/100\n|-unboost|p1a: Arcanine|spe|1\n|\n|upkeep\n|turn|14\n|\n|t:|1683882634\n|-terastallize|p2a: Iron Bundle|Steel\n|move|p1b: Wo-Chien|Protect||[still]\n|-fail|p1b: Wo-Chien\n|move|p1a: Arcanine|Extreme Speed|p2a: Iron Bundle\n|-resisted|p2a: Iron Bundle\n|-damage|p2a: Iron Bundle|32\/100\n|move|p2a: Iron Bundle|Icy Wind|p1a: Arcanine|[spread] p1a,p1b\n|-supereffective|p1b: Wo-Chien\n|-damage|p1a: Arcanine|28\/100\n|-damage|p1b: Wo-Chien|43\/100\n|-unboost|p1a: Arcanine|spe|1\n|-unboost|p1b: Wo-Chien|spe|1\n|-enditem|p1a: Arcanine|Sitrus Berry|[eat]\n|-heal|p1a: Arcanine|53\/100|[from] item: Sitrus Berry\n|\n|upkeep\n|turn|15\n|c|\u2606rose_zkldin|Dayum ur so ass\n|\n|t:|1683882659\n|move|p1a: Arcanine|Protect|p1a: Arcanine\n|-singleturn|p1a: Arcanine|Protect\n|move|p2a: Iron Bundle|Encore|p1a: Arcanine\n|-activate|p1a: Arcanine|move: Protect\n|move|p1b: Wo-Chien|Mud-Slap|p2a: Iron Bundle\n|-supereffective|p2a: Iron Bundle\n|-damage|p2a: Iron Bundle|14\/100\n|-unboost|p2a: Iron Bundle|accuracy|1\n|\n|upkeep\n|turn|16\n|c|\u2606MalmartEmployee|wanna rematch?\n|\n|t:|1683882674\n|move|p1b: Wo-Chien|Protect|p1b: Wo-Chien\n|-singleturn|p1b: Wo-Chien|Protect\n|move|p2a: Iron Bundle|Icy Wind|p1a: Arcanine|[spread] p1a\n|-activate|p1b: Wo-Chien|move: Protect\n|-damage|p1a: Arcanine|29\/100\n|-unboost|p1a: Arcanine|spe|1\n|move|p1a: Arcanine|Will-O-Wisp|p2a: Iron Bundle\n|-status|p2a: Iron Bundle|brn\n|\n|-damage|p2a: Iron Bundle|8\/100 brn|[from] brn\n|upkeep\n|turn|17\n|\n|t:|1683882690\n|move|p1a: Arcanine|Protect|p1a: Arcanine\n|-singleturn|p1a: Arcanine|Protect\n|move|p2a: Iron Bundle|Icy Wind|p1b: Wo-Chien|[spread] p1b\n|-activate|p1a: Arcanine|move: Protect\n|-supereffective|p1b: Wo-Chien\n|-damage|p1b: Wo-Chien|21\/100\n|-unboost|p1b: Wo-Chien|spe|1\n|-enditem|p1b: Wo-Chien|Aguav Berry|[eat]\n|-heal|p1b: Wo-Chien|55\/100|[from] item: Aguav Berry\n|move|p1b: Wo-Chien|Mud-Slap|p2a: Iron Bundle\n|-supereffective|p2a: Iron Bundle\n|-damage|p2a: Iron Bundle|0 fnt\n|faint|p2a: Iron Bundle\n|-end|p2a: Iron Bundle|Quark Drive|[silent]\n|\n|win|rose_zkldin\n|raw|rose_zkldin's rating: 1011 → 1061<\/strong> (+50 for winning)\n|raw|MalmartEmployee's rating: 1118 → 1086<\/strong> (-32 for losing)\n|c|\u2606MalmartEmployee|ggwp\n|l|\u2606MalmartEmployee\n|c|\u2606rose_zkldin|Ggs\n","uploadtime":1683882724,"views":8,"p1id":"rosezkldin","p2id":"malmartemployee","formatid":"gen9vgc2023regulationc","rating":1061,"private":0,"password":""}