{"id":"gen9vgc2023regulationc-1861309340","p1":"Faygo_n8","p2":"CookieCons","format":"[Gen 9] VGC 2023 Regulation C","log":"|j|\u2606Faygo_n8\n|j|\u2606CookieCons\n|t:|1683744601\n|gametype|doubles\n|player|p1|Faygo_n8|102|1218\n|player|p2|CookieCons|265|1155\n|teamsize|p1|6\n|teamsize|p2|6\n|gen|9\n|tier|[Gen 9] VGC 2023 Regulation C\n|rated|\n|rule|Species Clause: Limit one of each Pok\u00e9mon\n|rule|Item Clause: Limit one of each item\n|clearpoke\n|poke|p1|Annihilape, L50, F|\n|poke|p1|Maushold-Four, L50|\n|poke|p1|Murkrow, L50, M|\n|poke|p1|Iron Moth, L50|\n|poke|p1|Salamence, L50, F|\n|poke|p1|Gholdengo, L50|\n|poke|p2|Mimikyu, L50, M|\n|poke|p2|Tsareena, L50, F|\n|poke|p2|Great Tusk, L50|\n|poke|p2|Iron Bundle, L50|\n|poke|p2|Ceruledge, L50, F|\n|poke|p2|Roaring Moon, L50|\n|teampreview|4\n|inactive|Battle timer is ON: inactive players will automatically lose when time's up. (requested by CookieCons)\n|\n|t:|1683744672\n|start\n|switch|p1a: Annihilape|Annihilape, L50, F, shiny|100\/100\n|switch|p1b: Maushold|Maushold-Four, L50, shiny|100\/100\n|switch|p2a: Roaring Moon|Roaring Moon, L50|100\/100\n|switch|p2b: Iron Bundle|Iron Bundle, L50|100\/100\n|turn|1\n|\n|t:|1683744697\n|move|p2b: Iron Bundle|Protect|p2b: Iron Bundle\n|-singleturn|p2b: Iron Bundle|Protect\n|move|p1b: Maushold|Follow Me|p1b: Maushold\n|-singleturn|p1b: Maushold|move: Follow Me\n|move|p2a: Roaring Moon|Scale Shot|p1b: Maushold\n|-damage|p1b: Maushold|82\/100\n|-damage|p1b: Maushold|65\/100\n|-damage|p1b: Maushold|45\/100\n|-damage|p1b: Maushold|26\/100\n|-damage|p1b: Maushold|7\/100\n|-hitcount|p1b: Maushold|5\n|-unboost|p2a: Roaring Moon|def|1\n|-boost|p2a: Roaring Moon|spe|1\n|move|p1a: Annihilape|Bulk Up|p1a: Annihilape\n|-boost|p1a: Annihilape|atk|1\n|-boost|p1a: Annihilape|def|1\n|\n|upkeep\n|turn|2\n|inactive|Faygo_n8 has 30 seconds left.\n|inactive|Faygo_n8 has 20 seconds left.\n|\n|t:|1683744733\n|move|p1b: Maushold|Follow Me|p1b: Maushold\n|-singleturn|p1b: Maushold|move: Follow Me\n|move|p2b: Iron Bundle|Icy Wind|p1a: Annihilape|[spread] p1a,p1b\n|-damage|p1a: Annihilape|86\/100\n|-damage|p1b: Maushold|0 fnt\n|-unboost|p1a: Annihilape|spe|1\n|-ability|p1a: Annihilape|Defiant|boost\n|-boost|p1a: Annihilape|atk|2\n|faint|p1b: Maushold\n|move|p1a: Annihilape|Drain Punch|p2b: Iron Bundle\n|-supereffective|p2b: Iron Bundle\n|-damage|p2b: Iron Bundle|0 fnt\n|-heal|p1a: Annihilape|100\/100|[from] drain|[of] p2b: Iron Bundle\n|faint|p2b: Iron Bundle\n|-end|p2b: Iron Bundle|Quark Drive|[silent]\n|move|p2a: Roaring Moon|Dragon Tail|p1a: Annihilape\n|-damage|p1a: Annihilape|78\/100\n|drag|p1a: Salamence|Salamence, L50, F, shiny|100\/100\n|\n|upkeep\n|\n|t:|1683744757\n|switch|p2b: Ceruledge|Ceruledge, L50, F|100\/100\n|switch|p1b: Annihilape|Annihilape, L50, F, shiny|78\/100\n|turn|3\n|inactive|Faygo_n8 has 30 seconds left.\n|\n|t:|1683744788\n|move|p1a: Salamence|Protect|p1a: Salamence\n|-singleturn|p1a: Salamence|Protect\n|move|p2b: Ceruledge|Ally Switch|p2b: Ceruledge\n|swap|p2b: Ceruledge|0|[from] move: Ally Switch\n|move|p2b: Roaring Moon|Scale Shot|p1b: Annihilape\n|-damage|p1b: Annihilape|66\/100\n|-damage|p1b: Annihilape|53\/100\n|-damage|p1b: Annihilape|41\/100\n|-damage|p1b: Annihilape|27\/100\n|-hitcount|p1b: Annihilape|4\n|-unboost|p2b: Roaring Moon|def|1\n|-boost|p2b: Roaring Moon|spe|1\n|move|p1b: Annihilape|Drain Punch|p2a: Ceruledge\n|-immune|p2a: Ceruledge\n|\n|-heal|p1b: Annihilape|33\/100|[from] item: Leftovers\n|upkeep\n|turn|4\n|\n|t:|1683744809\n|move|p1b: Annihilape|Protect|p1b: Annihilape\n|-singleturn|p1b: Annihilape|Protect\n|move|p2a: Ceruledge|Shadow Sneak|p1b: Annihilape\n|-activate|p1b: Annihilape|move: Protect\n|move|p2b: Roaring Moon|Scale Shot|p1a: Salamence\n|-supereffective|p1a: Salamence\n|-damage|p1a: Salamence|68\/100\n|-supereffective|p1a: Salamence\n|-damage|p1a: Salamence|31\/100\n|-supereffective|p1a: Salamence\n|-damage|p1a: Salamence|0 fnt\n|faint|p1a: Salamence\n|-hitcount|p1: Salamence|3\n|-unboost|p2b: Roaring Moon|def|1\n|-boost|p2b: Roaring Moon|spe|1\n|\n|-heal|p1b: Annihilape|39\/100|[from] item: Leftovers\n|upkeep\n|\n|t:|1683744826\n|switch|p1a: Gholdengo|Gholdengo, L50|100\/100\n|turn|5\n|\n|t:|1683744846\n|-end|p2b: Roaring Moon|Protosynthesis|[silent]\n|switch|p2b: Mimikyu|Mimikyu, L50, M|100\/100\n|move|p1b: Annihilape|Rage Fist|p2b: Mimikyu\n|-activate|p2b: Mimikyu|ability: Disguise\n|-damage|p2b: Mimikyu|100\/100\n|detailschange|p2b: Mimikyu|Mimikyu-Busted, L50, M\n|-damage|p2b: Mimikyu|89\/100|[from] pokemon: Mimikyu-Busted\n|move|p1a: Gholdengo|Shadow Ball|p2a: Ceruledge\n|-supereffective|p2a: Ceruledge\n|-damage|p2a: Ceruledge|4\/100\n|move|p2a: Ceruledge|Bitter Blade|p1a: Gholdengo\n|-supereffective|p1a: Gholdengo\n|-damage|p1a: Gholdengo|0 fnt\n|-heal|p2a: Ceruledge|55\/100|[from] drain|[of] p1a: Gholdengo\n|faint|p1a: Gholdengo\n|\n|-heal|p1b: Annihilape|45\/100|[from] item: Leftovers\n|upkeep\n|turn|6\n|-message|Faygo_n8 forfeited.\n|\n|win|CookieCons\n|raw|Faygo_n8's rating: 1218 → 1189<\/strong> (-29 for losing)\n|raw|CookieCons's rating: 1155 → 1184<\/strong> (+29 for winning)\n|l|\u2606Faygo_n8\n","uploadtime":1683744905,"views":11,"p1id":"faygon8","p2id":"cookiecons","formatid":"gen9vgc2023regulationc","rating":1184,"private":0,"password":""}