{"id":"gen9vgc2023regulationc-1856760463","p1":"Eldegoss32","p2":"jotapeloafrutado","format":"[Gen 9] VGC 2023 Regulation C","log":"|j|\u2606Eldegoss32\n|j|\u2606jotapeloafrutado\n|t:|1683107168\n|gametype|doubles\n|player|p1|Eldegoss32|acetrainerf|\n|player|p2|jotapeloafrutado|ethan|\n|teamsize|p1|6\n|teamsize|p2|6\n|gen|9\n|tier|[Gen 9] VGC 2023 Regulation C\n|rated|Tournament battle\n|rule|Species Clause: Limit one of each Pok\u00e9mon\n|rule|Item Clause: Limit one of each item\n|clearpoke\n|poke|p1|Torkoal, L50, F|\n|poke|p1|Chi-Yu, L50|\n|poke|p1|Flutter Mane, L50|\n|poke|p1|Iron Moth, L50|\n|poke|p1|Great Tusk, L50|\n|poke|p1|Murkrow, L50, M|\n|poke|p2|Ting-Lu, L50|\n|poke|p2|Amoonguss, L50, M|\n|poke|p2|Garganacl, L50, F|\n|poke|p2|Arcanine, L50, M|\n|poke|p2|Roaring Moon, L50|\n|poke|p2|Iron Bundle, L50|\n|teampreview|4\n|raw| Open Team Sheet for Eldegoss32<\/summary>Torkoal @ Sitrus Berry Ability: Drought Level: 50 Tera Type: Water - Overheat - Will-O-Wisp - Helping Hand - Protect Chi-Yu @ Life Orb Ability: Beads of Ruin Level: 50 Tera Type: Fire - Overheat - Dark Pulse - Heat Wave - Protect Flutter Mane @ Choice Specs Ability: Protosynthesis Level: 50 Tera Type: Fairy - Moonblast - Dazzling Gleam - Shadow Ball - Thunderbolt Iron Moth @ Booster Energy Ability: Quark Drive Level: 50 Tera Type: Grass - Overheat - Acid Spray - Energy Ball - Protect Great Tusk @ Choice Band Ability: Protosynthesis Level: 50 Hidden Power: Fighting Tera Type: Ground - Earthquake - Close Combat - Headlong Rush - Rock Slide Murkrow @ Covert Cloak Ability: Prankster Level: 50 Tera Type: Flying - Tailwind - Haze - Assurance - Brave Bird <\/details><\/div> Open Team Sheet for jotapeloafrutado<\/summary>Ting-Lu @ Assault Vest Ability: Vessel of Ruin Level: 50 Tera Type: Poison - Ruination - Stomping Tantrum - Heavy Slam - Sand Tomb Amoonguss @ Sitrus Berry Ability: Regenerator Level: 50 Tera Type: Water - Protect - Pollen Puff - Spore - Rage Powder Garganacl @ Leftovers Ability: Purifying Salt Level: 50 Tera Type: Ghost - Stealth Rock - Protect - Recover - Salt Cure Arcanine @ Iapapa Berry Ability: Intimidate Level: 50 Tera Type: Grass - Will-O-Wisp - Protect - Flare Blitz - Extreme Speed Roaring Moon @ Booster Energy Ability: Protosynthesis Level: 50 Tera Type: Flying - Dragon Dance - Acrobatics - Jaw Lock - Protect Iron Bundle @ Focus Sash Ability: Quark Drive Level: 50 Tera Type: Ice - Hydro Pump - Freeze-Dry - Encore - Protect <\/details><\/div>\n|j| raring19\n|c|\u2606jotapeloafrutado|gl\n|c|\u2606Eldegoss32|glhf\n|j| StarX99\n|\n|t:|1683107251\n|start\n|switch|p1a: Murkrow|Murkrow, L50, M|100\/100\n|switch|p1b: Flutter Mane|Flutter Mane, L50|100\/100\n|switch|p2a: Ting-Lu|Ting-Lu, L50|100\/100\n|switch|p2b: Roaring Moon|Roaring Moon, L50|100\/100\n|-ability|p2a: Ting-Lu|Vessel of Ruin\n|-enditem|p2b: Roaring Moon|Booster Energy\n|-activate|p2b: Roaring Moon|ability: Protosynthesis|[fromitem]\n|-start|p2b: Roaring Moon|protosynthesisatk\n|turn|1\n|j| higashi no gab\n|\n|t:|1683107276\n|-end|p1b: Flutter Mane|Protosynthesis|[silent]\n|switch|p1b: Great Tusk|Great Tusk, L50|100\/100\n|move|p2b: Roaring Moon|Protect|p2b: Roaring Moon\n|-singleturn|p2b: Roaring Moon|Protect\n|move|p1a: Murkrow|Tailwind|p1a: Murkrow\n|-sidestart|p1: Eldegoss32|move: Tailwind\n|move|p2a: Ting-Lu|Heavy Slam|p1b: Great Tusk\n|-damage|p1b: Great Tusk|85\/100\n|\n|upkeep\n|turn|2\n|l| higashi no gab\n|\n|t:|1683107317\n|-terastallize|p2b: Roaring Moon|Flying\n|move|p1a: Murkrow|Brave Bird|p2a: Ting-Lu\n|-damage|p2a: Ting-Lu|74\/100\n|-damage|p1a: Murkrow|84\/100|[from] Recoil\n|move|p1b: Great Tusk|Close Combat|p2a: Ting-Lu\n|-supereffective|p2a: Ting-Lu\n|-damage|p2a: Ting-Lu|0 fnt\n|-unboost|p1b: Great Tusk|def|1\n|-unboost|p1b: Great Tusk|spd|1\n|faint|p2a: Ting-Lu\n|move|p2b: Roaring Moon|Acrobatics|p1b: Great Tusk\n|-supereffective|p1b: Great Tusk\n|-damage|p1b: Great Tusk|0 fnt\n|faint|p1b: Great Tusk\n|-end|p1b: Great Tusk|Protosynthesis|[silent]\n|\n|upkeep\n|\n|t:|1683107338\n|switch|p1b: Flutter Mane|Flutter Mane, L50|100\/100\n|switch|p2a: Iron Bundle|Iron Bundle, L50|100\/100\n|turn|3\n|\n|t:|1683107363\n|-terastallize|p1b: Flutter Mane|Fairy\n|move|p2a: Iron Bundle|Protect|p2a: Iron Bundle\n|-singleturn|p2a: Iron Bundle|Protect\n|move|p2b: Roaring Moon|Protect|p2b: Roaring Moon\n|-singleturn|p2b: Roaring Moon|Protect\n|move|p1b: Flutter Mane|Dazzling Gleam|p2a: Iron Bundle|[spread] \n|-activate|p2a: Iron Bundle|move: Protect\n|-activate|p2b: Roaring Moon|move: Protect\n|move|p1a: Murkrow|Assurance|p2b: Roaring Moon\n|-activate|p2b: Roaring Moon|move: Protect\n|\n|upkeep\n|turn|4\n|\n|t:|1683107408\n|switch|p1a: Chi-Yu|Chi-Yu, L50|100\/100\n|-ability|p1a: Chi-Yu|Beads of Ruin\n|move|p1b: Flutter Mane|Dazzling Gleam|p2a: Iron Bundle|[spread] p2a,p2b\n|-enditem|p2a: Iron Bundle|Focus Sash\n|-damage|p2a: Iron Bundle|1\/100\n|-damage|p2b: Roaring Moon|25\/100\n|move|p2a: Iron Bundle|Freeze-Dry|p1b: Flutter Mane\n|-damage|p1b: Flutter Mane|48\/100\n|move|p2b: Roaring Moon|Acrobatics|p1b: Flutter Mane\n|-damage|p1b: Flutter Mane|0 fnt\n|faint|p1b: Flutter Mane\n|-end|p1b: Flutter Mane|Protosynthesis|[silent]\n|\n|-sideend|p1: Eldegoss32|move: Tailwind\n|upkeep\n|\n|t:|1683107422\n|switch|p1b: Murkrow|Murkrow, L50, M|84\/100\n|turn|5\n|\n|t:|1683107435\n|move|p1b: Murkrow|Tailwind|p1b: Murkrow\n|-sidestart|p1: Eldegoss32|move: Tailwind\n|move|p1a: Chi-Yu|Heat Wave|p2b: Roaring Moon|[spread] p2a,p2b\n|-damage|p2a: Iron Bundle|0 fnt\n|-damage|p2b: Roaring Moon|0 fnt\n|faint|p2a: Iron Bundle\n|-end|p2a: Iron Bundle|Quark Drive|[silent]\n|faint|p2b: Roaring Moon\n|-end|p2b: Roaring Moon|Protosynthesis|[silent]\n|-damage|p1a: Chi-Yu|91\/100|[from] item: Life Orb\n|\n|upkeep\n|\n|t:|1683107452\n|switch|p2a: Garganacl|Garganacl, L50, F|100\/100\n|turn|6\n|\n|t:|1683107463\n|move|p1a: Chi-Yu|Dark Pulse|p2a: Garganacl\n|-damage|p2a: Garganacl|42\/100\n|-damage|p1a: Chi-Yu|82\/100|[from] item: Life Orb\n|move|p1b: Murkrow|Assurance|p2a: Garganacl\n|-damage|p2a: Garganacl|8\/100\n|cant|p2a: Garganacl|flinch\n|\n|-heal|p2a: Garganacl|14\/100|[from] item: Leftovers\n|upkeep\n|turn|7\n|c|\u2606jotapeloafrutado|gg\n|c|\u2606Eldegoss32|gg\n|\n|t:|1683107477\n|move|p1a: Chi-Yu|Dark Pulse|p2a: Garganacl\n|-damage|p2a: Garganacl|0 fnt\n|faint|p2a: Garganacl\n|-damage|p1a: Chi-Yu|72\/100|[from] item: Life Orb\n|\n|win|Eldegoss32\n|n|\u2606Eldegoss32|eldegoss32\n|n|\u2606jotapeloafrutado|jotapeloafrutado\n|n| raring19|raring19\n|n| StarX99|starx99\n","uploadtime":1683107479,"views":11,"p1id":"eldegoss32","p2id":"jotapeloafrutado","formatid":"gen9vgc2023regulationc","rating":0,"private":0,"password":""}