{"id":"gen9vgc2023regulationc-1857710228","p1":"choicebadkyurem","p2":"MafuMafuSimpSimp","format":"[Gen 9] VGC 2023 Regulation C","log":"|j|\u2606choicebadkyurem\n|j|\u2606MafuMafuSimpSimp\n|t:|1683224562\n|gametype|doubles\n|player|p1|choicebadkyurem|backersf|\n|player|p2|MafuMafuSimpSimp|crasherwake|\n|teamsize|p1|6\n|teamsize|p2|6\n|gen|9\n|tier|[Gen 9] VGC 2023 Regulation C\n|rated|Tournament battle\n|rule|Species Clause: Limit one of each Pok\u00e9mon\n|rule|Item Clause: Limit one of each item\n|clearpoke\n|poke|p1|Flutter Mane, L50|\n|poke|p1|Arcanine, L50, M|\n|poke|p1|Ting-Lu, L50|\n|poke|p1|Palafin, L50, F|\n|poke|p1|Amoonguss, L50, M|\n|poke|p1|Baxcalibur, L50, M|\n|poke|p2|Maushold, L50|\n|poke|p2|Annihilape, L50, F|\n|poke|p2|Flutter Mane, L50|\n|poke|p2|Chi-Yu, L50|\n|poke|p2|Amoonguss, L50, F|\n|poke|p2|Iron Bundle, L50|\n|teampreview|4\n|c|\u2606MafuMafuSimpSimp|glhf\nMafuMafuSimpSimp has agreed to open team sheets.\n|c|\u2606choicebadkyurem|NO U\nchoicebadkyurem rejected open team sheets.\n|j| A1ge7\n|c|\u2606choicebadkyurem|fuck ot\n|c|\u2606choicebadkyurem|ss\n|c| A1ge7|Glhf\n|c|\u2606choicebadkyurem|u haves to garss\n|c| A1ge7|U2\n|j| jf168\n|c|\u2606choicebadkyurem|no\n|n|!choicebadkyurem|choicebadkyurem\n|\n|t:|1683224610\n|start\n|switch|p1a: Palafin|Palafin, L50, F|100\/100\n|switch|p1b: Ting-Lu|Ting-Lu, L50|100\/100\n|switch|p2a: Annihilape|Annihilape, L50, F|100\/100\n|switch|p2b: Maushold|Maushold, L50|100\/100\n|-ability|p1b: Ting-Lu|Vessel of Ruin\n|turn|1\n|c| A1ge7|Son of a\n|c| A1ge7|Bi iiii I I I iii\n|j| AirForestOne\n|c|\u2606MafuMafuSimpSimp|lol\n|c| A1ge7|Tchhhhhuhhh\n|\n|t:|1683224640\n|detailschange|p1a: Palafin|Palafin-Hero, L50, F\n|switch|p1a: Flutter Mane|Flutter Mane, L50|100\/100\n|move|p2b: Maushold|Beat Up|p2a: Annihilape\n|-damage|p2a: Annihilape|99\/100\n|-damage|p2a: Annihilape|97\/100\n|-damage|p2a: Annihilape|95\/100\n|-damage|p2a: Annihilape|93\/100\n|-hitcount|p2a: Annihilape|4\n|move|p2a: Annihilape|Bulk Up|p2a: Annihilape\n|-boost|p2a: Annihilape|atk|1\n|-boost|p2a: Annihilape|def|1\n|move|p1b: Ting-Lu|Ruination|p2a: Annihilape\n|-damage|p2a: Annihilape|47\/100\n|\n|upkeep\n|turn|2\n|l| A1ge7\n|\n|t:|1683224669\n|-terastallize|p1a: Flutter Mane|Fairy\n|-terastallize|p2a: Annihilape|Water\n|move|p2b: Maushold|Follow Me|p2b: Maushold\n|-singleturn|p2b: Maushold|move: Follow Me\n|move|p1a: Flutter Mane|Dazzling Gleam|p2b: Maushold|[spread] p2a,p2b\n|-damage|p2a: Annihilape|13\/100\n|-damage|p2b: Maushold|41\/100\n|move|p2a: Annihilape|Drain Punch|p1b: Ting-Lu\n|-supereffective|p1b: Ting-Lu\n|-damage|p1b: Ting-Lu|22\/100\n|-heal|p2a: Annihilape|57\/100|[from] drain|[of] p1b: Ting-Lu\n|move|p1b: Ting-Lu|Stomping Tantrum|p2b: Maushold\n|-damage|p2b: Maushold|0 fnt\n|faint|p2b: Maushold\n|\n|upkeep\n|\n|t:|1683224679\n|switch|p2b: Asunguss|Amoonguss, L50, F|100\/100\n|turn|3\n|\n|t:|1683224693\n|move|p2a: Annihilape|Protect|p2a: Annihilape\n|-singleturn|p2a: Annihilape|Protect\n|move|p1a: Flutter Mane|Dazzling Gleam|p2a: Annihilape|[spread] p2b\n|-activate|p2a: Annihilape|move: Protect\n|-resisted|p2b: Asunguss\n|-crit|p2b: Asunguss\n|-damage|p2b: Asunguss|67\/100\n|move|p1b: Ting-Lu|Ruination|p2a: Annihilape\n|-activate|p2a: Annihilape|move: Protect\n|move|p2b: Asunguss|Spore|p1a: Flutter Mane\n|-status|p1a: Flutter Mane|slp|[from] move: Spore\n|\n|upkeep\n|turn|4\n|\n|t:|1683224716\n|cant|p1a: Flutter Mane|slp\n|move|p2a: Annihilape|Drain Punch|p1b: Ting-Lu\n|-supereffective|p1b: Ting-Lu\n|-damage|p1b: Ting-Lu|0 fnt\n|-heal|p2a: Annihilape|69\/100|[from] drain|[of] p1b: Ting-Lu\n|faint|p1b: Ting-Lu\n|move|p2b: Asunguss|Pollen Puff|p2a: Annihilape\n|-heal|p2a: Annihilape|100\/100\n|\n|upkeep\n|\n|t:|1683224725\n|switch|p1b: Palafin|Palafin-Hero, L50, F|100\/100\n|-activate|p1b: Palafin|ability: Zero to Hero\n|turn|5\n|\n|t:|1683224740\n|move|p1b: Palafin|Protect|p1b: Palafin\n|-singleturn|p1b: Palafin|Protect\n|move|p2b: Asunguss|Rage Powder|p2b: Asunguss\n|-singleturn|p2b: Asunguss|move: Rage Powder\n|-curestatus|p1a: Flutter Mane|slp|[msg]\n|move|p1a: Flutter Mane|Dazzling Gleam|p2b: Asunguss|[spread] p2a,p2b\n|-resisted|p2b: Asunguss\n|-damage|p2a: Annihilape|48\/100\n|-damage|p2b: Asunguss|37\/100\n|-enditem|p2b: Asunguss|Sitrus Berry|[eat]\n|-heal|p2b: Asunguss|62\/100|[from] item: Sitrus Berry\n|move|p2a: Annihilape|Rage Fist|p1b: Palafin\n|-activate|p1b: Palafin|move: Protect\n|\n|upkeep\n|turn|6\n|\n|t:|1683224759\n|move|p2a: Annihilape|Protect|p2a: Annihilape\n|-singleturn|p2a: Annihilape|Protect\n|move|p1a: Flutter Mane|Dazzling Gleam|p2a: Annihilape|[spread] p2b\n|-activate|p2a: Annihilape|move: Protect\n|-resisted|p2b: Asunguss\n|-damage|p2b: Asunguss|34\/100\n|move|p1b: Palafin|Wave Crash|p2a: Annihilape\n|-activate|p2a: Annihilape|move: Protect\n|move|p2b: Asunguss|Spore|p1a: Flutter Mane\n|-status|p1a: Flutter Mane|slp|[from] move: Spore\n|\n|upkeep\n|turn|7\n|\n|t:|1683224767\n|move|p1b: Palafin|Protect|p1b: Palafin\n|-singleturn|p1b: Palafin|Protect\n|move|p2b: Asunguss|Rage Powder|p2b: Asunguss\n|-singleturn|p2b: Asunguss|move: Rage Powder\n|cant|p1a: Flutter Mane|slp\n|move|p2a: Annihilape|Rage Fist|p1a: Flutter Mane\n|-damage|p1a: Flutter Mane|0 fnt\n|faint|p1a: Flutter Mane\n|-end|p1a: Flutter Mane|Protosynthesis|[silent]\n|\n|upkeep\n|\n|t:|1683224773\n|switch|p1a: Baxcalibur|Baxcalibur, L50, M|100\/100\n|turn|8\n|\n|t:|1683224789\n|switch|p2b: Iron Fumble|Iron Bundle, L50|100\/100\n|move|p2a: Annihilape|Protect|p2a: Annihilape\n|-singleturn|p2a: Annihilape|Protect\n|move|p1b: Palafin|Wave Crash|p2a: Annihilape\n|-activate|p2a: Annihilape|move: Protect\n|move|p1a: Baxcalibur|Glaive Rush|p2a: Annihilape\n|-activate|p2a: Annihilape|move: Protect\n|\n|upkeep\n|turn|9\n|\n|t:|1683224806\n|move|p2b: Iron Fumble|Icy Wind|p1b: Palafin|[spread] p1a,p1b\n|-resisted|p1b: Palafin\n|-damage|p1a: Baxcalibur|82\/100\n|-damage|p1b: Palafin|90\/100\n|-unboost|p1b: Palafin|spe|1\n|move|p2a: Annihilape|Drain Punch|p1a: Baxcalibur\n|-supereffective|p1a: Baxcalibur\n|-damage|p1a: Baxcalibur|0 fnt\n|-heal|p2a: Annihilape|91\/100|[from] drain|[of] p1a: Baxcalibur\n|faint|p1a: Baxcalibur\n|move|p1b: Palafin|Wave Crash|p2a: Annihilape\n|-resisted|p2a: Annihilape\n|-damage|p2a: Annihilape|58\/100\n|-damage|p1b: Palafin|79\/100|[from] Recoil\n|\n|upkeep\n|turn|10\n|-message|choicebadkyurem forfeited.\n|\n|win|MafuMafuSimpSimp\n","uploadtime":1683224597,"views":2,"p1id":"choicebadkyurem","p2id":"mafumafusimpsimp","formatid":"gen9vgc2023regulationc","rating":0,"private":0,"password":""}