{"id":"gen9vgc2023regulationc-1863500269","p1":"Roseyradio","p2":"Livnlarge27","format":"[Gen 9] VGC 2023 Regulation C","log":"|j|\u2606Roseyradio\n|j|\u2606Livnlarge27\n|t:|1684025872\n|gametype|doubles\n|player|p1|Roseyradio|swimmerf-gen4dp|1652\n|player|p2|Livnlarge27|silver|1584\n|teamsize|p1|6\n|teamsize|p2|6\n|gen|9\n|tier|[Gen 9] VGC 2023 Regulation C\n|rated|\n|rule|Species Clause: Limit one of each Pok\u00e9mon\n|rule|Item Clause: Limit one of each item\n|clearpoke\n|poke|p1|Orthworm, L50, M|\n|poke|p1|Dragonite, L50, F|\n|poke|p1|Ting-Lu, L50|\n|poke|p1|Flutter Mane, L50|\n|poke|p1|Chien-Pao, L50|\n|poke|p1|Dondozo, L50, F|\n|poke|p2|Iron Hands, L50|\n|poke|p2|Iron Jugulis, L50|\n|poke|p2|Baxcalibur, L50, M|\n|poke|p2|Gholdengo, L50|\n|poke|p2|Chien-Pao, L50|\n|poke|p2|Arcanine, L50, M|\n|teampreview|4\n|j| LasermanZ111\n|inactive|Battle timer is ON: inactive players will automatically lose when time's up. (requested by Roseyradio)\n|\n|t:|1684025903\n|start\n|switch|p1a: Ting-Lu|Ting-Lu, L50|100\/100\n|switch|p1b: Orthworm|Orthworm, L50, M|100\/100\n|switch|p2a: Iron Hands|Iron Hands, L50|100\/100\n|switch|p2b: Arcanine|Arcanine, L50, M|100\/100\n|-ability|p2b: Arcanine|Intimidate|boost\n|-unboost|p1a: Ting-Lu|atk|1\n|-unboost|p1b: Orthworm|atk|1\n|-ability|p1a: Ting-Lu|Vessel of Ruin\n|turn|1\n|j| THUNDERSND77\n|\n|t:|1684025918\n|-terastallize|p2b: Arcanine|Water\n|move|p2a: Iron Hands|Fake Out|p1b: Orthworm\n|-resisted|p1b: Orthworm\n|-damage|p1b: Orthworm|96\/100\n|move|p2b: Arcanine|Will-O-Wisp|p1a: Ting-Lu\n|-status|p1a: Ting-Lu|brn\n|-enditem|p1a: Ting-Lu|Lum Berry|[eat]\n|-curestatus|p1a: Ting-Lu|brn|[msg]\n|move|p1a: Ting-Lu|Earthquake|p2a: Iron Hands|[spread] p2a,p2b\n|-heal|p1b: Orthworm|100\/100|[from] ability: Earth Eater|[of] p1a: Ting-Lu\n|-supereffective|p2a: Iron Hands\n|-damage|p2a: Iron Hands|68\/100\n|-damage|p2b: Arcanine|75\/100\n|cant|p1b: Orthworm|flinch\n|\n|upkeep\n|turn|2\n|inactive|Livnlarge27 has 30 seconds left.\n|\n|t:|1684025944\n|move|p2b: Arcanine|Flare Blitz|p1b: Orthworm\n|-supereffective|p1b: Orthworm\n|-damage|p1b: Orthworm|24\/100\n|-enditem|p1b: Orthworm|Sitrus Berry|[eat]\n|-heal|p1b: Orthworm|49\/100|[from] item: Sitrus Berry\n|-damage|p2b: Arcanine|52\/100|[from] Recoil\n|move|p2a: Iron Hands|Drain Punch|p1b: Orthworm\n|-supereffective|p1b: Orthworm\n|-damage|p1b: Orthworm|0 fnt\n|-heal|p2a: Iron Hands|87\/100|[from] drain|[of] p1b: Orthworm\n|faint|p1b: Orthworm\n|move|p1a: Ting-Lu|Earthquake|p2a: Iron Hands|[spread] p2a,p2b\n|-supereffective|p2a: Iron Hands\n|-damage|p2a: Iron Hands|54\/100\n|-damage|p2b: Arcanine|27\/100\n|-enditem|p2b: Arcanine|Sitrus Berry|[eat]\n|-heal|p2b: Arcanine|52\/100|[from] item: Sitrus Berry\n|\n|upkeep\n|inactive|Roseyradio has 30 seconds left.\n|\n|t:|1684025970\n|switch|p1b: Dragonite|Dragonite, L50, F|100\/100\n|turn|3\n|inactive|Roseyradio has 30 seconds left.\n|inactive|Roseyradio has 20 seconds left.\n|\n|t:|1684026006\n|switch|p1a: Chien-Pao|Chien-Pao, L50|100\/100\n|-ability|p1a: Chien-Pao|Sword of Ruin\n|-terastallize|p1b: Dragonite|Flying\n|move|p1b: Dragonite|Tera Blast|p2b: Arcanine\n|-damage|p2b: Arcanine|0 fnt\n|faint|p2b: Arcanine\n|move|p2a: Iron Hands|Drain Punch|p1a: Chien-Pao\n|-supereffective|p1a: Chien-Pao\n|-enditem|p1a: Chien-Pao|Focus Sash\n|-damage|p1a: Chien-Pao|1\/100\n|-heal|p2a: Iron Hands|88\/100|[from] drain|[of] p1a: Chien-Pao\n|\n|upkeep\n|\n|t:|1684026016\n|switch|p2b: Iron Jugulis|Iron Jugulis, L50|100\/100\n|-enditem|p2b: Iron Jugulis|Booster Energy\n|-activate|p2b: Iron Jugulis|ability: Quark Drive|[fromitem]\n|-start|p2b: Iron Jugulis|quarkdrivespe\n|turn|4\n|\n|t:|1684026035\n|move|p1a: Chien-Pao|Protect|p1a: Chien-Pao\n|-singleturn|p1a: Chien-Pao|Protect\n|move|p2b: Iron Jugulis|Tailwind|p2b: Iron Jugulis\n|-sidestart|p2: Livnlarge27|move: Tailwind\n|move|p2a: Iron Hands|Thunder Punch|p1b: Dragonite\n|-supereffective|p1b: Dragonite\n|-damage|p1b: Dragonite|41\/100\n|-status|p1b: Dragonite|par\n|move|p1b: Dragonite|Tera Blast|p2b: Iron Jugulis\n|-damage|p2b: Iron Jugulis|0 fnt\n|faint|p2b: Iron Jugulis\n|-end|p2b: Iron Jugulis|Quark Drive|[silent]\n|\n|upkeep\n|\n|t:|1684026046\n|switch|p2b: Gholdengo|Gholdengo, L50|100\/100\n|turn|5\n|\n|t:|1684026057\n|move|p1a: Chien-Pao|Sucker Punch|p2b: Gholdengo\n|-supereffective|p2b: Gholdengo\n|-damage|p2b: Gholdengo|0 fnt\n|faint|p2b: Gholdengo\n|move|p2a: Iron Hands|Thunder Punch|p1b: Dragonite\n|-supereffective|p1b: Dragonite\n|-damage|p1b: Dragonite|0 fnt\n|faint|p1b: Dragonite\n|\n|upkeep\n|\n|t:|1684026062\n|switch|p1b: Ting-Lu|Ting-Lu, L50|100\/100\n|-ability|p1b: Ting-Lu|Vessel of Ruin\n|turn|6\n|\n|t:|1684026069\n|move|p1a: Chien-Pao|Protect|p1a: Chien-Pao\n|-singleturn|p1a: Chien-Pao|Protect\n|move|p2a: Iron Hands|Drain Punch|p1b: Ting-Lu\n|-supereffective|p1b: Ting-Lu\n|-crit|p1b: Ting-Lu\n|-damage|p1b: Ting-Lu|0 fnt\n|-heal|p2a: Iron Hands|100\/100|[from] drain|[of] p1b: Ting-Lu\n|faint|p1b: Ting-Lu\n|\n|upkeep\n|turn|7\n|\n|t:|1684026079\n|move|p1a: Chien-Pao|Ice Spinner|p2a: Iron Hands\n|-damage|p2a: Iron Hands|65\/100\n|move|p2a: Iron Hands|Drain Punch|p1a: Chien-Pao\n|-supereffective|p1a: Chien-Pao\n|-damage|p1a: Chien-Pao|0 fnt\n|-heal|p2a: Iron Hands|65\/100|[from] drain|[of] p1a: Chien-Pao\n|faint|p1a: Chien-Pao\n|\n|win|Livnlarge27\n|raw|Roseyradio's rating: 1652 → 1628<\/strong> (-24 for losing)\n|raw|Livnlarge27's rating: 1584 → 1608<\/strong> (+24 for winning)\n|l|\u2606Livnlarge27\n|l| THUNDERSND77\n|l|\u2606Roseyradio\n","uploadtime":1684026132,"views":5,"p1id":"roseyradio","p2id":"livnlarge27","formatid":"gen9vgc2023regulationc","rating":1608,"private":0,"password":""}