{"id":"gen9vgc2023regulationc-1848091340","p1":"Axellino21012","p2":"SilCypher","format":"[Gen 9] VGC 2023 Regulation C","log":"|j|\u2606Axellino21012\n|j|\u2606SilCypher\n|t:|1682028664\n|gametype|doubles\n|player|p1|Axellino21012|shadowtriad|1364\n|player|p2|SilCypher|265|1337\n|teamsize|p1|6\n|teamsize|p2|6\n|gen|9\n|tier|[Gen 9] VGC 2023 Regulation C\n|rated|\n|rule|Species Clause: Limit one of each Pok\u00e9mon\n|rule|Item Clause: Limit one of each item\n|clearpoke\n|poke|p1|Flutter Mane, L50|\n|poke|p1|Amoonguss, L50, F|\n|poke|p1|Chi-Yu, L50|\n|poke|p1|Gyarados, L50, F|\n|poke|p1|Garchomp, L50, M|\n|poke|p1|Chien-Pao, L50|\n|poke|p2|Klefki, L50, F|\n|poke|p2|Glimmora, L50, F|\n|poke|p2|Ting-Lu, L50|\n|poke|p2|Wo-Chien, L50|\n|poke|p2|Tatsugiri, L50, F|\n|poke|p2|Dondozo, L50, F|\n|teampreview|4\nAxellino21012 has agreed to open team sheets.\nSilCypher has agreed to open team sheets.\n|\n|t:|1682028733\n|start\n|switch|p1a: Flutter Mane|Flutter Mane, L50|100\/100\n|switch|p1b: Chi-Yu|Chi-Yu, L50|100\/100\n|switch|p2a: Klefki|Klefki, L50, F|100\/100\n|switch|p2b: Glimmora|Glimmora, L50, F|100\/100\n|-ability|p1b: Chi-Yu|Beads of Ruin\n|-enditem|p1a: Flutter Mane|Booster Energy\n|-activate|p1a: Flutter Mane|ability: Protosynthesis|[fromitem]\n|-start|p1a: Flutter Mane|protosynthesisspe\n|turn|1\n|\n|t:|1682028758\n|-terastallize|p1b: Chi-Yu|Grass\n|-terastallize|p2a: Klefki|Fire\n|move|p2a: Klefki|Light Screen|p2a: Klefki\n|-sidestart|p2: SilCypher|move: Light Screen\n|move|p1a: Flutter Mane|Shadow Ball|p2b: Glimmora\n|-damage|p2b: Glimmora|58\/100\n|move|p1b: Chi-Yu|Heat Wave|p2a: Klefki|[spread] p2a,p2b\n|-resisted|p2a: Klefki\n|-resisted|p2b: Glimmora\n|-damage|p2a: Klefki|83\/100\n|-damage|p2b: Glimmora|38\/100\n|-enditem|p2b: Glimmora|Sitrus Berry|[eat]\n|-heal|p2b: Glimmora|63\/100|[from] item: Sitrus Berry\n|move|p2b: Glimmora|Mortal Spin|p1b: Chi-Yu|[spread] p1a,p1b\n|-crit|p1a: Flutter Mane\n|-supereffective|p1b: Chi-Yu\n|-damage|p1a: Flutter Mane|86\/100\n|-damage|p1b: Chi-Yu|88\/100\n|-status|p1a: Flutter Mane|psn\n|-status|p1b: Chi-Yu|psn\n|\n|-damage|p1a: Flutter Mane|74\/100 psn|[from] psn\n|-damage|p1b: Chi-Yu|76\/100 psn|[from] psn\n|upkeep\n|turn|2\n|\n|t:|1682028820\n|move|p2b: Glimmora|Spiky Shield|p2b: Glimmora\n|-singleturn|p2b: Glimmora|move: Protect\n|move|p1a: Flutter Mane|Shadow Ball|p2a: Klefki\n|-damage|p2a: Klefki|46\/100\n|move|p1b: Chi-Yu|Heat Wave|p2a: Klefki|[spread] p2a\n|-activate|p2b: Glimmora|move: Protect\n|-resisted|p2a: Klefki\n|-damage|p2a: Klefki|27\/100\n|move|p2a: Klefki|Dazzling Gleam|p1a: Flutter Mane|[spread] p1a,p1b\n|-damage|p1a: Flutter Mane|48\/100 psn\n|-damage|p1b: Chi-Yu|56\/100 psn\n|\n|-damage|p1a: Flutter Mane|36\/100 psn|[from] psn\n|-damage|p1b: Chi-Yu|45\/100 psn|[from] psn\n|upkeep\n|turn|3\n|c|\u2606Axellino21012|if you wanna stall go play singles please\n|\n|t:|1682028856\n|switch|p2b: Tatsugiri|Tatsugiri, L50, F|100\/100\n|switch|p2a: Dondozo|Dondozo, L50, F|100\/100\n|-activate|p2b: Tatsugiri|ability: Commander|[of] p2a: Dondozo\n|-boost|p2a: Dondozo|atk|2\n|-boost|p2a: Dondozo|spa|2\n|-boost|p2a: Dondozo|spe|2\n|-boost|p2a: Dondozo|def|2\n|-boost|p2a: Dondozo|spd|2\n|move|p1a: Flutter Mane|Shadow Ball|p2b: Tatsugiri|[miss]\n|-miss|p1a: Flutter Mane|p2b: Tatsugiri\n|move|p1b: Chi-Yu|Heat Wave|p2b: Tatsugiri|[spread] \n|-miss|p1b: Chi-Yu|p2b: Tatsugiri\n|-miss|p1b: Chi-Yu|p2a: Dondozo\n|\n|-damage|p1a: Flutter Mane|24\/100 psn|[from] psn\n|-damage|p1b: Chi-Yu|33\/100 psn|[from] psn\n|upkeep\n|turn|4\n|\n|t:|1682028881\n|-end|p1a: Flutter Mane|Protosynthesis|[silent]\n|switch|p1a: Amoonguss|Amoonguss, L50, F|100\/100\n|switch|p1b: Chien-Pao|Chien-Pao, L50|100\/100\n|-ability|p1b: Chien-Pao|Sword of Ruin\n|move|p2a: Dondozo|Earthquake|p1a: Amoonguss|[spread] p1a,p1b\n|-miss|p2a: Dondozo|p2b: Tatsugiri\n|-damage|p1a: Amoonguss|56\/100\n|-damage|p1b: Chien-Pao|48\/100\n|\n|upkeep\n|turn|5\n|\n|t:|1682028898\n|move|p1b: Chien-Pao|Protect|p1b: Chien-Pao\n|-singleturn|p1b: Chien-Pao|Protect\n|move|p2a: Dondozo|Protect|p2a: Dondozo\n|-singleturn|p2a: Dondozo|Protect\n|move|p1a: Amoonguss|Spore|p2a: Dondozo\n|-activate|p2a: Dondozo|move: Protect\n|\n|upkeep\n|turn|6\n|\n|t:|1682028910\n|move|p1b: Chien-Pao|Sacred Sword|p2a: Dondozo\n|-damage|p2a: Dondozo|78\/100\n|move|p2a: Dondozo|Earthquake|p1b: Chien-Pao|[spread] p1a,p1b\n|-miss|p2a: Dondozo|p2b: Tatsugiri\n|-damage|p1a: Amoonguss|4\/100\n|-damage|p1b: Chien-Pao|0 fnt\n|-enditem|p1a: Amoonguss|Sitrus Berry|[eat]\n|-heal|p1a: Amoonguss|29\/100|[from] item: Sitrus Berry\n|faint|p1b: Chien-Pao\n|move|p1a: Amoonguss|Pollen Puff|p1: Chien-Pao|[notarget]\n|-fail|p1a: Amoonguss\n|\n|-heal|p2a: Dondozo|84\/100|[from] item: Leftovers\n|upkeep\n|c|\u2606Axellino21012|coglione del cazzo\n|n|\u203dAxellino21012|axellino21012\n|c|&|\/log Axellino21012 was locked from talking by Artemis. (\u2606Axellino21012: coglione del cazzo)\n|c|&|\/raw This action was done automatically. Want to learn more about the AI? Visit the information thread<\/a>.<\/small>\n|inactive|Battle timer is ON: inactive players will automatically lose when time's up. (requested by SilCypher)\n|inactive|Axellino21012 has 60 seconds left.\n|-message|Axellino21012 forfeited.\n|\n|win|SilCypher\n|raw|Axellino21012's rating: 1364 → 1342<\/strong> (-22 for losing)\n|raw|SilCypher's rating: 1337 → 1359<\/strong> (+22 for winning)\n|l|\u203dAxellino21012\n","uploadtime":1682028924,"views":7,"p1id":"axellino21012","p2id":"silcypher","formatid":"gen9vgc2023regulationc","rating":1342,"private":0,"password":""}