{"id":"gen9vgc2023regulationc-1856331981","p1":"Pittsnogler","p2":"carlospe1205","format":"[Gen 9] VGC 2023 Regulation C","log":"|j|\u2606Pittsnogler\n|j|\u2606carlospe1205\n|t:|1683051588\n|gametype|doubles\n|player|p1|Pittsnogler|266|1121\n|player|p2|carlospe1205|bugsy|1068\n|teamsize|p1|6\n|teamsize|p2|6\n|gen|9\n|tier|[Gen 9] VGC 2023 Regulation C\n|rated|\n|rule|Species Clause: Limit one of each Pok\u00e9mon\n|rule|Item Clause: Limit one of each item\n|clearpoke\n|poke|p1|Amoonguss, L50, F|\n|poke|p1|Farigiraf, L50, M|\n|poke|p1|Iron Hands, L50|\n|poke|p1|Ceruledge, L50, F|\n|poke|p1|Oranguru, L50, F|\n|poke|p1|Hydreigon, L50, M|\n|poke|p2|Baxcalibur, L50, M|\n|poke|p2|Talonflame, L50, M|\n|poke|p2|Amoonguss, L50, M|\n|poke|p2|Grimmsnarl, L50, M|\n|poke|p2|Flutter Mane, L50|\n|poke|p2|Chi-Yu, L50|\n|teampreview|4\n|\n|t:|1683051644\n|start\n|switch|p1a: Iron Hands|Iron Hands, L50|100\/100\n|switch|p1b: Oranguru|Oranguru, L50, F|100\/100\n|switch|p2a: Krompus|Grimmsnarl, L50, M|100\/100\n|switch|p2b: Lourdes|Talonflame, L50, M|100\/100\n|turn|1\n|\n|t:|1683051667\n|move|p2a: Krompus|Fake Out|p1a: Iron Hands\n|-damage|p1a: Iron Hands|91\/100\n|cant|p1a: Iron Hands|flinch\n|move|p2b: Lourdes|Taunt|p1b: Oranguru\n|-start|p1b: Oranguru|move: Taunt\n|-enditem|p1b: Oranguru|Mental Herb\n|-end|p1b: Oranguru|move: Taunt\n|move|p1b: Oranguru|Trick Room|p1b: Oranguru\n|-fieldstart|move: Trick Room|[of] p1b: Oranguru\n|\n|upkeep\n|turn|2\n|\n|t:|1683051707\n|move|p2a: Krompus|Reflect|p2a: Krompus\n|-sidestart|p2: carlospe1205|Reflect\n|move|p1a: Iron Hands|Wild Charge|p2b: Lourdes\n|-supereffective|p2b: Lourdes\n|-damage|p2b: Lourdes|2\/100\n|-damage|p1a: Iron Hands|76\/100|[from] Recoil\n|move|p1b: Oranguru|Instruct|p1a: Iron Hands\n|-singleturn|p1a: Iron Hands|move: Instruct|[of] p1b: Oranguru\n|move|p1a: Iron Hands|Wild Charge|p2b: Lourdes\n|-supereffective|p2b: Lourdes\n|-damage|p2b: Lourdes|0 fnt\n|faint|p2b: Lourdes\n|-damage|p1a: Iron Hands|75\/100|[from] Recoil\n|\n|upkeep\n|\n|t:|1683051719\n|switch|p2b: AMOGUS|Amoonguss, L50, M|100\/100\n|turn|3\n|\n|t:|1683051735\n|-terastallize|p1a: Iron Hands|Grass\n|move|p2b: AMOGUS|Spore|p1a: Iron Hands\n|-immune|p1a: Iron Hands\n|move|p1a: Iron Hands|Brick Break|p2a: Krompus\n|-sideend|p2: carlospe1205|Reflect\n|-damage|p2a: Krompus|36\/100\n|move|p1b: Oranguru|Instruct|p1a: Iron Hands\n|-singleturn|p1a: Iron Hands|move: Instruct|[of] p1b: Oranguru\n|move|p1a: Iron Hands|Brick Break|p2a: Krompus\n|-damage|p2a: Krompus|0 fnt\n|faint|p2a: Krompus\n|\n|upkeep\n|\n|t:|1683051739\n|switch|p2a: Spiny|Baxcalibur, L50, M|100\/100\n|turn|4\n|\n|t:|1683051763\n|move|p2a: Spiny|Protect|p2a: Spiny\n|-singleturn|p2a: Spiny|Protect\n|move|p2b: AMOGUS|Spore|p1b: Oranguru\n|-status|p1b: Oranguru|slp|[from] move: Spore\n|move|p1a: Iron Hands|Drain Punch|p2a: Spiny\n|-activate|p2a: Spiny|move: Protect\n|cant|p1b: Oranguru|slp\n|\n|upkeep\n|turn|5\n|\n|t:|1683051800\n|move|p2b: AMOGUS|Rage Powder|p2b: AMOGUS\n|-singleturn|p2b: AMOGUS|move: Rage Powder\n|move|p1a: Iron Hands|Drain Punch|p2a: Spiny\n|-supereffective|p2a: Spiny\n|-damage|p2a: Spiny|24\/100\n|-heal|p1a: Iron Hands|100\/100|[from] drain|[of] p2a: Spiny\n|-enditem|p2a: Spiny|Weakness Policy\n|-boost|p2a: Spiny|atk|2|[from] item: Weakness Policy\n|-boost|p2a: Spiny|spa|2|[from] item: Weakness Policy\n|cant|p1b: Oranguru|slp\n|move|p2a: Spiny|Glaive Rush|p1a: Iron Hands\n|-damage|p1a: Iron Hands|14\/100\n|-singlemove|p2a: Spiny|Glaive Rush|[silent]\n|\n|-fieldend|move: Trick Room\n|upkeep\n|turn|6\n|\n|t:|1683051824\n|-end|p1a: Iron Hands|Quark Drive|[silent]\n|switch|p1a: Amoonguss|Amoonguss, L50, F|100\/100\n|move|p2a: Spiny|Ice Shard|p1a: Amoonguss\n|-supereffective|p1a: Amoonguss\n|-damage|p1a: Amoonguss|24\/100\n|-enditem|p1a: Amoonguss|Sitrus Berry|[eat]\n|-heal|p1a: Amoonguss|48\/100|[from] item: Sitrus Berry\n|move|p2b: AMOGUS|Pollen Puff|p2a: Spiny\n|-heal|p2a: Spiny|74\/100\n|-curestatus|p1b: Oranguru|slp|[msg]\n|move|p1b: Oranguru|Trick Room|p1b: Oranguru\n|-fieldstart|move: Trick Room|[of] p1b: Oranguru\n|\n|upkeep\n|turn|7\n|\n|t:|1683051850\n|move|p2a: Spiny|Protect|p2a: Spiny\n|-singleturn|p2a: Spiny|Protect\n|move|p1a: Amoonguss|Spore|p2a: Spiny\n|-activate|p2a: Spiny|move: Protect\n|move|p2b: AMOGUS|Spore|p1b: Oranguru\n|-status|p1b: Oranguru|slp|[from] move: Spore\n|cant|p1b: Oranguru|slp\n|\n|upkeep\n|turn|8\n|\n|t:|1683051878\n|switch|p1b: Ceruledge|Ceruledge, L50, F|100\/100\n|move|p2a: Spiny|Ice Shard|p1a: Amoonguss\n|-supereffective|p1a: Amoonguss\n|-damage|p1a: Amoonguss|0 fnt\n|faint|p1a: Amoonguss\n|move|p2b: AMOGUS|Pollen Puff|p2a: Spiny\n|-heal|p2a: Spiny|100\/100\n|\n|upkeep\n|\n|t:|1683051888\n|switch|p1a: Iron Hands|Iron Hands, L50, tera:Grass|14\/100\n|turn|9\n|\n|t:|1683051908\n|move|p1a: Iron Hands|Fake Out|p2b: AMOGUS\n|-damage|p2b: AMOGUS|90\/100\n|-damage|p1a: Iron Hands|0 fnt|[from] item: Rocky Helmet|[of] p2b: AMOGUS\n|faint|p1a: Iron Hands\n|-end|p1a: Iron Hands|Quark Drive|[silent]\n|move|p2a: Spiny|Ice Shard|p1b: Ceruledge\n|-resisted|p1b: Ceruledge\n|-damage|p1b: Ceruledge|76\/100\n|cant|p2b: AMOGUS|flinch\n|move|p1b: Ceruledge|Bitter Blade|p2b: AMOGUS\n|-supereffective|p2b: AMOGUS\n|-damage|p2b: AMOGUS|11\/100\n|-heal|p1b: Ceruledge|100\/100|[from] drain|[of] p2b: AMOGUS\n|-damage|p1b: Ceruledge|84\/100|[from] item: Rocky Helmet|[of] p2b: AMOGUS\n|\n|upkeep\n|\n|t:|1683051924\n|switch|p1a: Oranguru|Oranguru, L50, F|100\/100 slp\n|turn|10\n|\n|t:|1683051941\n|move|p2b: AMOGUS|Rage Powder|p2b: AMOGUS\n|-singleturn|p2b: AMOGUS|move: Rage Powder\n|move|p1b: Ceruledge|Shadow Sneak|p2b: AMOGUS\n|-damage|p2b: AMOGUS|0 fnt\n|-damage|p1b: Ceruledge|68\/100|[from] item: Rocky Helmet|[of] p2b: AMOGUS\n|faint|p2b: AMOGUS\n|cant|p1a: Oranguru|slp\n|move|p2a: Spiny|Glaive Rush|p1b: Ceruledge\n|-damage|p1b: Ceruledge|0 fnt\n|-singlemove|p2a: Spiny|Glaive Rush|[silent]\n|faint|p1b: Ceruledge\n|\n|-fieldend|move: Trick Room\n|upkeep\n|turn|11\n|\n|t:|1683051956\n|-terastallize|p2a: Spiny|Steel\n|move|p2a: Spiny|Iron Head|p1a: Oranguru\n|-damage|p1a: Oranguru|10\/100 slp\n|-curestatus|p1a: Oranguru|slp|[msg]\n|move|p1a: Oranguru|Foul Play|p2a: Spiny\n|-damage|p2a: Spiny|31\/100\n|\n|upkeep\n|turn|12\n|\n|t:|1683051967\n|move|p2a: Spiny|Ice Shard|p1a: Oranguru\n|-damage|p1a: Oranguru|0 fnt\n|faint|p1a: Oranguru\n|\n|win|carlospe1205\n|raw|Pittsnogler's rating: 1121 → 1092<\/strong> (-29 for losing)\n|raw|carlospe1205's rating: 1068 → 1102<\/strong> (+34 for winning)\n","uploadtime":1683051974,"views":7,"p1id":"pittsnogler","p2id":"carlospe1205","formatid":"gen9vgc2023regulationc","rating":1092,"private":0,"password":""}