{"id":"gen9vgc2023regulationc-1846753832","p1":"mence x vgc","p2":"Argyris","format":"[Gen 9] VGC 2023 Regulation C","log":"|j|\u2606mence x vgc\n|j|\u2606Argyris\n|t:|1681874291\n|gametype|doubles\n|player|p1|mence x vgc|janine|1368\n|player|p2|Argyris|lass-gen4|1272\n|teamsize|p1|6\n|teamsize|p2|6\n|gen|9\n|tier|[Gen 9] VGC 2023 Regulation C\n|rated|\n|rule|Species Clause: Limit one of each Pok\u00e9mon\n|rule|Item Clause: Limit one of each item\n|clearpoke\n|poke|p1|Amoonguss, L50, F|\n|poke|p1|Gyarados, L50, F|\n|poke|p1|Annihilape, L50, F|\n|poke|p1|Flutter Mane, L50|\n|poke|p1|Ting-Lu, L50|\n|poke|p1|Chi-Yu, L50|\n|poke|p2|Tatsugiri, L50, M|\n|poke|p2|Glimmora, L50, F|\n|poke|p2|Dragonite, L50, M|\n|poke|p2|Iron Bundle, L50|\n|poke|p2|Dondozo, L50, F|\n|poke|p2|Chi-Yu, L50|\n|teampreview|4\nArgyris has agreed to open team sheets.\n|inactive|Battle timer is ON: inactive players will automatically lose when time's up. (requested by Argyris)\n|inactive|mence x vgc has 60 seconds left.\n|\n|t:|1681874407\n|start\n|switch|p1a: Ting-Lu|Ting-Lu, L50|100\/100\n|switch|p1b: Flutter Mane|Flutter Mane, L50, shiny|100\/100\n|switch|p2a: Chi-Yu|Chi-Yu, L50|100\/100\n|switch|p2b: Glimmora|Glimmora, L50, F|100\/100\n|-ability|p2a: Chi-Yu|Beads of Ruin\n|-ability|p1a: Ting-Lu|Vessel of Ruin\n|-enditem|p1b: Flutter Mane|Booster Energy\n|-activate|p1b: Flutter Mane|ability: Protosynthesis|[fromitem]\n|-start|p1b: Flutter Mane|protosynthesisspe\n|turn|1\n|inactive|Argyris has 30 seconds left.\n|\n|t:|1681874440\n|-terastallize|p2b: Glimmora|Grass\n|move|p1b: Flutter Mane|Protect|p1b: Flutter Mane\n|-singleturn|p1b: Flutter Mane|Protect\n|move|p2a: Chi-Yu|Dark Pulse|p1b: Flutter Mane\n|-activate|p1b: Flutter Mane|move: Protect\n|move|p2b: Glimmora|Mortal Spin|p1b: Flutter Mane|[spread] p1a\n|-activate|p1b: Flutter Mane|move: Protect\n|-resisted|p1a: Ting-Lu\n|-damage|p1a: Ting-Lu|99\/100\n|-status|p1a: Ting-Lu|psn\n|move|p1a: Ting-Lu|Earthquake|p2b: Glimmora|[spread] p2a,p2b\n|-activate|p1b: Flutter Mane|move: Protect\n|-supereffective|p2a: Chi-Yu\n|-resisted|p2b: Glimmora\n|-enditem|p2a: Chi-Yu|Focus Sash\n|-damage|p2a: Chi-Yu|1\/100\n|-damage|p2b: Glimmora|84\/100\n|-activate|p2b: Glimmora|ability: Toxic Debris\n|-sidestart|p1: mence x vgc|move: Toxic Spikes\n|\n|-damage|p1a: Ting-Lu|87\/100 psn|[from] psn\n|upkeep\n|turn|2\n|inactive|mence x vgc has 30 seconds left.\n|inactive|Argyris has 30 seconds left.\n|\n|t:|1681874471\n|switch|p1a: Amoonguss|Amoonguss, L50, F, shiny|100\/100\n|-sideend|p1: mence x vgc|move: Toxic Spikes|[of] p1a: Amoonguss\n|move|p2a: Chi-Yu|Protect|p2a: Chi-Yu\n|-singleturn|p2a: Chi-Yu|Protect\n|move|p1b: Flutter Mane|Dazzling Gleam|p2a: Chi-Yu|[spread] p2b\n|-activate|p2a: Chi-Yu|move: Protect\n|-damage|p2b: Glimmora|55\/100\n|move|p2b: Glimmora|Mortal Spin|p1a: Amoonguss|[spread] p1a,p1b\n|-damage|p1a: Amoonguss|96\/100\n|-damage|p1b: Flutter Mane|92\/100\n|-status|p1b: Flutter Mane|psn\n|\n|-damage|p1b: Flutter Mane|79\/100 psn|[from] psn\n|upkeep\n|turn|3\n|inactive|mence x vgc has 30 seconds left.\n|inactive|Argyris has 30 seconds left.\n|inactive|Argyris has 20 seconds left.\n|\n|t:|1681874507\n|move|p1b: Flutter Mane|Dazzling Gleam|p2a: Chi-Yu|[spread] p2a,p2b\n|-damage|p2a: Chi-Yu|0 fnt\n|-damage|p2b: Glimmora|23\/100\n|faint|p2a: Chi-Yu\n|move|p2b: Glimmora|Power Gem|p1b: Flutter Mane\n|-damage|p1b: Flutter Mane|39\/100 psn\n|move|p1a: Amoonguss|Pollen Puff|p1b: Flutter Mane\n|-heal|p1b: Flutter Mane|88\/100 psn\n|\n|-damage|p1b: Flutter Mane|76\/100 psn|[from] psn\n|upkeep\n|\n|t:|1681874520\n|switch|p2a: Iron Bundle|Iron Bundle, L50|100\/100\n|-enditem|p2a: Iron Bundle|Booster Energy\n|-activate|p2a: Iron Bundle|ability: Quark Drive|[fromitem]\n|-start|p2a: Iron Bundle|quarkdrivespe\n|turn|4\n|inactive|mence x vgc has 30 seconds left.\n|inactive|Argyris has 30 seconds left.\n|inactive|mence x vgc has 20 seconds left.\n|inactive|mence x vgc has 15 seconds left.\n|\n|t:|1681874563\n|move|p2a: Iron Bundle|Protect|p2a: Iron Bundle\n|-singleturn|p2a: Iron Bundle|Protect\n|move|p1b: Flutter Mane|Dazzling Gleam|p2a: Iron Bundle|[spread] p2b\n|-activate|p2a: Iron Bundle|move: Protect\n|-damage|p2b: Glimmora|0 fnt\n|faint|p2b: Glimmora\n|move|p1a: Amoonguss|Bullet Seed|p2a: Iron Bundle\n|-activate|p2a: Iron Bundle|move: Protect\n|\n|-damage|p1b: Flutter Mane|64\/100 psn|[from] psn\n|upkeep\n|\n|t:|1681874573\n|switch|p2b: Dragonite|Dragonite, L50, M, shiny|100\/100\n|turn|5\n|inactive|mence x vgc has 30 seconds left.\n|inactive|mence x vgc has 20 seconds left.\n|inactive|mence x vgc has 15 seconds left.\n|\n|t:|1681874616\n|move|p2a: Iron Bundle|Hydro Pump|p1b: Flutter Mane\n|-damage|p1b: Flutter Mane|17\/100 psn\n|move|p1b: Flutter Mane|Moonblast|p2a: Iron Bundle\n|-damage|p2a: Iron Bundle|10\/100\n|move|p2b: Dragonite|Ice Spinner|p1a: Amoonguss\n|-supereffective|p1a: Amoonguss\n|-damage|p1a: Amoonguss|30\/100\n|-enditem|p1a: Amoonguss|Sitrus Berry|[eat]\n|-heal|p1a: Amoonguss|55\/100|[from] item: Sitrus Berry\n|move|p1a: Amoonguss|Spore|p2b: Dragonite\n|-status|p2b: Dragonite|slp|[from] move: Spore\n|\n|-damage|p1b: Flutter Mane|5\/100 psn|[from] psn\n|upkeep\n|turn|6\n|inactive|mence x vgc has 30 seconds left.\n|inactive|mence x vgc has 20 seconds left.\n|inactive|mence x vgc has 15 seconds left.\n|inactive|mence x vgc has 10 seconds left.\n|inactive|mence x vgc has 5 seconds left.\n|\n|t:|1681874667\n|move|p2a: Iron Bundle|Protect|p2a: Iron Bundle\n|-singleturn|p2a: Iron Bundle|Protect\n|move|p1b: Flutter Mane|Dazzling Gleam|p2a: Iron Bundle|[spread] p2b\n|-activate|p2a: Iron Bundle|move: Protect\n|-supereffective|p2b: Dragonite\n|-damage|p2b: Dragonite|71\/100 slp\n|cant|p2b: Dragonite|slp\n|move|p1a: Amoonguss|Bullet Seed|p2a: Iron Bundle\n|-activate|p2a: Iron Bundle|move: Protect\n|\n|-damage|p1b: Flutter Mane|0 fnt|[from] psn\n|faint|p1b: Flutter Mane\n|-end|p1b: Flutter Mane|Protosynthesis|[silent]\n|upkeep\n|\n|t:|1681874679\n|switch|p1b: Ting-Lu|Ting-Lu, L50|87\/100 psn\n|-ability|p1b: Ting-Lu|Vessel of Ruin\n|turn|7\n|inactive|mence x vgc has 30 seconds left.\n|inactive|mence x vgc has 20 seconds left.\n|inactive|mence x vgc has 15 seconds left.\n|\n|t:|1681874723\n|move|p1a: Amoonguss|Rage Powder|p1a: Amoonguss\n|-singleturn|p1a: Amoonguss|move: Rage Powder\n|move|p2a: Iron Bundle|Freeze-Dry|p1a: Amoonguss\n|-supereffective|p1a: Amoonguss\n|-damage|p1a: Amoonguss|11\/100\n|cant|p2b: Dragonite|slp\n|move|p1b: Ting-Lu|Heavy Slam|p2a: Iron Bundle\n|-damage|p2a: Iron Bundle|0 fnt\n|faint|p2a: Iron Bundle\n|-end|p2a: Iron Bundle|Quark Drive|[silent]\n|\n|-damage|p1b: Ting-Lu|75\/100 psn|[from] psn\n|upkeep\n|turn|8\n|\n|t:|1681874738\n|switch|p1a: Gyarados|Gyarados, L50, F, shiny|100\/100\n|-ability|p1a: Gyarados|Intimidate|boost\n|-unboost|p2b: Dragonite|atk|1\n|-curestatus|p2b: Dragonite|slp|[msg]\n|move|p2b: Dragonite|Ice Spinner|p1a: Gyarados\n|-damage|p1a: Gyarados|79\/100\n|move|p1b: Ting-Lu|Ruination|p2b: Dragonite\n|-damage|p2b: Dragonite|36\/100\n|\n|-damage|p1b: Ting-Lu|63\/100 psn|[from] psn\n|upkeep\n|turn|9\n|-message|Argyris forfeited.\n|\n|win|mence x vgc\n|raw|mence x vgc's rating: 1368 → 1383<\/strong> (+15 for winning)\n|raw|Argyris's rating: 1272 → 1254<\/strong> (-18 for losing)\n","uploadtime":1681874755,"views":8,"p1id":"mencexvgc","p2id":"argyris","formatid":"gen9vgc2023regulationc","rating":1254,"private":0,"password":""}