{"id":"gen9vgc2023regulationc-1862416090","p1":"AnemoneGlitch","p2":"Asuka_Hikaru","format":"[Gen 9] VGC 2023 Regulation C","log":"|j|\u2606AnemoneGlitch\n|j|\u2606Asuka_Hikaru\n|t:|1683882491\n|gametype|doubles\n|player|p1|AnemoneGlitch|169|1795\n|player|p2|Asuka_Hikaru|2|1694\n|teamsize|p1|6\n|teamsize|p2|6\n|gen|9\n|tier|[Gen 9] VGC 2023 Regulation C\n|rated|\n|rule|Species Clause: Limit one of each Pok\u00e9mon\n|rule|Item Clause: Limit one of each item\n|clearpoke\n|poke|p1|Maushold-Four, L50|\n|poke|p1|Scizor, L50, F|\n|poke|p1|Flutter Mane, L50|\n|poke|p1|Dondozo, L50, M|\n|poke|p1|Pelipper, L50, F|\n|poke|p1|Tatsugiri, L50, F|\n|poke|p2|Flutter Mane, L50|\n|poke|p2|Dragonite, L50, M|\n|poke|p2|Dondozo, L50, M|\n|poke|p2|Glimmora, L50, F|\n|poke|p2|Amoonguss, L50, M|\n|poke|p2|Chi-Yu, L50|\n|teampreview|4\n|\n|t:|1683882527\n|start\n|switch|p1a: Maushold|Maushold-Four, L50|100\/100\n|switch|p1b: Scizor|Scizor, L50, F|100\/100\n|switch|p2a: Glimmora|Glimmora, L50, F|100\/100\n|switch|p2b: Dondozo|Dondozo, L50, M|100\/100\n|turn|1\n|inactive|Battle timer is ON: inactive players will automatically lose when time's up. (requested by AnemoneGlitch)\n|\n|t:|1683882540\n|move|p1b: Scizor|Bullet Punch|p2a: Glimmora\n|-supereffective|p2a: Glimmora\n|-crit|p2a: Glimmora\n|-enditem|p2a: Glimmora|Focus Sash\n|-damage|p2a: Glimmora|1\/100\n|move|p2a: Glimmora|Toxic|p1b: Scizor\n|-status|p1b: Scizor|tox\n|move|p1a: Maushold|Taunt|p2b: Dondozo\n|-start|p2b: Dondozo|move: Taunt\n|cant|p2b: Dondozo|move: Taunt|Curse\n|\n|-damage|p1b: Scizor|94\/100 tox|[from] psn\n|upkeep\n|turn|2\n|\n|t:|1683882558\n|move|p2a: Glimmora|Spiky Shield|p2a: Glimmora\n|-singleturn|p2a: Glimmora|move: Protect\n|move|p1b: Scizor|Bullet Punch|p2a: Glimmora\n|-activate|p2a: Glimmora|move: Protect\n|-damage|p1b: Scizor|82\/100 tox|[from] Spiky Shield|[of] p2a: Glimmora\n|move|p1a: Maushold|Super Fang|p2b: Dondozo\n|-damage|p2b: Dondozo|51\/100\n|move|p2b: Dondozo|Wave Crash|p1b: Scizor\n|-damage|p1b: Scizor|51\/100 tox\n|-damage|p2b: Dondozo|44\/100|[from] Recoil\n|\n|-heal|p2b: Dondozo|50\/100|[from] item: Leftovers\n|-damage|p1b: Scizor|39\/100 tox|[from] psn\n|upkeep\n|turn|3\n|inactive|Asuka_Hikaru has 30 seconds left.\n|\n|t:|1683882587\n|move|p2a: Glimmora|Spiky Shield|p2a: Glimmora\n|-singleturn|p2a: Glimmora|move: Protect\n|move|p1b: Scizor|Bullet Punch|p2a: Glimmora\n|-activate|p2a: Glimmora|move: Protect\n|-damage|p1b: Scizor|26\/100 tox|[from] Spiky Shield|[of] p2a: Glimmora\n|move|p1a: Maushold|Super Fang|p2b: Dondozo\n|-damage|p2b: Dondozo|25\/100\n|move|p2b: Dondozo|Wave Crash|p1a: Maushold\n|-damage|p1a: Maushold|51\/100\n|-damage|p2b: Dondozo|14\/100|[from] Recoil\n|\n|-heal|p2b: Dondozo|20\/100|[from] item: Leftovers\n|-damage|p1b: Scizor|7\/100 tox|[from] psn\n|-end|p2b: Dondozo|move: Taunt\n|upkeep\n|turn|4\n|\n|t:|1683882609\n|move|p2b: Dondozo|Protect|p2b: Dondozo\n|-singleturn|p2b: Dondozo|Protect\n|move|p1b: Scizor|Bullet Punch|p2a: Glimmora\n|-supereffective|p2a: Glimmora\n|-damage|p2a: Glimmora|0 fnt\n|faint|p2a: Glimmora\n|move|p1a: Maushold|Population Bomb|p2b: Dondozo\n|-activate|p2b: Dondozo|move: Protect\n|\n|-heal|p2b: Dondozo|26\/100|[from] item: Leftovers\n|-damage|p1b: Scizor|0 fnt|[from] psn\n|faint|p1b: Scizor\n|upkeep\n|\n|t:|1683882623\n|switch|p2a: Flutter Mane|Flutter Mane, L50|100\/100\n|switch|p1b: Flutter Mane|Flutter Mane, L50|100\/100\n|-enditem|p1b: Flutter Mane|Booster Energy\n|-activate|p1b: Flutter Mane|ability: Protosynthesis|[fromitem]\n|-start|p1b: Flutter Mane|protosynthesisspe\n|-enditem|p2a: Flutter Mane|Booster Energy\n|-activate|p2a: Flutter Mane|ability: Protosynthesis|[fromitem]\n|-start|p2a: Flutter Mane|protosynthesisspe\n|turn|5\n|inactive|Asuka_Hikaru has 30 seconds left.\n|\n|t:|1683882654\n|switch|p2b: Dragonite|Dragonite, L50, M, shiny|100\/100\n|-terastallize|p2a: Flutter Mane|Fairy\n|-terastallize|p1b: Flutter Mane|Fairy\n|move|p1a: Maushold|Protect|p1a: Maushold\n|-singleturn|p1a: Maushold|Protect\n|move|p2a: Flutter Mane|Dazzling Gleam|p1a: Maushold|[spread] p1b\n|-activate|p1a: Maushold|move: Protect\n|-damage|p1b: Flutter Mane|66\/100\n|move|p1b: Flutter Mane|Dazzling Gleam|p2b: Dragonite|[spread] p2a,p2b\n|-supereffective|p2b: Dragonite\n|-damage|p2a: Flutter Mane|56\/100\n|-damage|p2b: Dragonite|55\/100\n|\n|upkeep\n|turn|6\n|j| hshxjjxjxjjxjjx\n|\n|t:|1683882674\n|move|p2b: Dragonite|Extreme Speed|p1b: Flutter Mane\n|-damage|p1b: Flutter Mane|0 fnt\n|faint|p1b: Flutter Mane\n|-end|p1b: Flutter Mane|Protosynthesis|[silent]\n|move|p2a: Flutter Mane|Dazzling Gleam|p1a: Maushold\n|-damage|p1a: Maushold|0 fnt\n|faint|p1a: Maushold\n|\n|upkeep\n|-message|AnemoneGlitch forfeited.\n|\n|win|Asuka_Hikaru\n|raw|AnemoneGlitch's rating: 1795 → 1769<\/strong> (-26 for losing)\n|raw|Asuka_Hikaru's rating: 1694 → 1720<\/strong> (+26 for winning)\n|l|\u2606AnemoneGlitch\n","uploadtime":1683882698,"views":10,"p1id":"anemoneglitch","p2id":"asukahikaru","formatid":"gen9vgc2023regulationc","rating":1720,"private":0,"password":""}