{"id":"gen9vgc2023regulationc-1856638933","p1":"mrbadd","p2":"LumpySangsu","format":"[Gen 9] VGC 2023 Regulation C","log":"|j|\u2606mrbadd\n|j|\u2606LumpySangsu\n|t:|1683086259\n|gametype|doubles\n|player|p1|mrbadd|rocker-gen1rb|1336\n|player|p2|LumpySangsu|2|1345\n|teamsize|p1|6\n|teamsize|p2|6\n|gen|9\n|tier|[Gen 9] VGC 2023 Regulation C\n|rated|\n|rule|Species Clause: Limit one of each Pok\u00e9mon\n|rule|Item Clause: Limit one of each item\n|clearpoke\n|poke|p1|Roaring Moon, L50|\n|poke|p1|Ting-Lu, L50|\n|poke|p1|Iron Bundle, L50|\n|poke|p1|Garganacl, L50, M|\n|poke|p1|Arcanine, L50, M|\n|poke|p1|Amoonguss, L50, M|\n|poke|p2|Chien-Pao, L50|\n|poke|p2|Dragonite, L50, M|\n|poke|p2|Flutter Mane, L50|\n|poke|p2|Great Tusk, L50|\n|poke|p2|Lilligant, L50, F|\n|poke|p2|Torkoal, L50, F|\n|teampreview|4\n|\n|t:|1683086301\n|start\n|switch|p1a: Ting-Lu|Ting-Lu, L50|100\/100\n|switch|p1b: Garganacl|Garganacl, L50, M|100\/100\n|switch|p2a: Dragonite|Dragonite, L50, M|100\/100\n|switch|p2b: Chien-Pao|Chien-Pao, L50|100\/100\n|-ability|p2b: Chien-Pao|Sword of Ruin\n|-ability|p1a: Ting-Lu|Vessel of Ruin\n|turn|1\n|inactive|Battle timer is ON: inactive players will automatically lose when time's up. (requested by LumpySangsu)\n|\n|t:|1683086330\n|switch|p1a: Arcanine|Arcanine, L50, M|100\/100\n|-ability|p1a: Arcanine|Intimidate|boost\n|-unboost|p2a: Dragonite|atk|1\n|-unboost|p2b: Chien-Pao|atk|1\n|move|p2b: Chien-Pao|Ice Spinner|p1a: Arcanine\n|-resisted|p1a: Arcanine\n|-damage|p1a: Arcanine|84\/100\n|move|p2a: Dragonite|Dragon Dance|p2a: Dragonite\n|-boost|p2a: Dragonite|atk|1\n|-boost|p2a: Dragonite|spe|1\n|move|p1b: Garganacl|Salt Cure|p2a: Dragonite\n|-supereffective|p2a: Dragonite\n|-damage|p2a: Dragonite|77\/100\n|-start|p2a: Dragonite|Salt Cure\n|\n|-damage|p2a: Dragonite|65\/100|[from] Salt Cure\n|upkeep\n|turn|2\n|\n|t:|1683086352\n|move|p2b: Chien-Pao|Sucker Punch||[still]\n|-fail|p2b: Chien-Pao\n|move|p2a: Dragonite|Dragon Dance|p2a: Dragonite\n|-boost|p2a: Dragonite|atk|1\n|-boost|p2a: Dragonite|spe|1\n|move|p1a: Arcanine|Will-O-Wisp|p2b: Chien-Pao\n|-status|p2b: Chien-Pao|brn\n|move|p1b: Garganacl|Stealth Rock|p2b: Chien-Pao\n|-sidestart|p2: LumpySangsu|move: Stealth Rock\n|\n|-damage|p2b: Chien-Pao|95\/100 brn|[from] brn\n|-damage|p2a: Dragonite|53\/100|[from] Salt Cure\n|upkeep\n|turn|3\n|\n|t:|1683086372\n|move|p2a: Dragonite|Outrage|p1a: Arcanine\n|-damage|p1a: Arcanine|0 fnt\n|faint|p1a: Arcanine\n|move|p2b: Chien-Pao|Sacred Sword|p1b: Garganacl\n|-supereffective|p1b: Garganacl\n|-damage|p1b: Garganacl|84\/100\n|move|p1b: Garganacl|Salt Cure|p2b: Chien-Pao\n|-supereffective|p2b: Chien-Pao\n|-damage|p2b: Chien-Pao|52\/100 brn\n|-start|p2b: Chien-Pao|Salt Cure\n|\n|-heal|p1b: Garganacl|90\/100|[from] item: Leftovers\n|-damage|p2b: Chien-Pao|46\/100 brn|[from] brn\n|-damage|p2a: Dragonite|41\/100|[from] Salt Cure\n|-damage|p2b: Chien-Pao|34\/100 brn|[from] Salt Cure\n|upkeep\n|\n|t:|1683086391\n|switch|p1a: Iron Bundle|Iron Bundle, L50|100\/100\n|turn|4\n|\n|t:|1683086399\n|move|p1a: Iron Bundle|Protect|p1a: Iron Bundle\n|-singleturn|p1a: Iron Bundle|Protect\n|move|p2b: Chien-Pao|Sucker Punch||[still]\n|-fail|p2b: Chien-Pao\n|move|p2a: Dragonite|Outrage|p1b: Garganacl|[from]lockedmove\n|-damage|p1b: Garganacl|3\/100\n|move|p1b: Garganacl|Salt Cure|p2a: Dragonite\n|-supereffective|p2a: Dragonite\n|-damage|p2a: Dragonite|0 fnt\n|faint|p2a: Dragonite\n|\n|-heal|p1b: Garganacl|9\/100|[from] item: Leftovers\n|-damage|p2b: Chien-Pao|28\/100 brn|[from] brn\n|-damage|p2b: Chien-Pao|16\/100 brn|[from] Salt Cure\n|upkeep\n|\n|t:|1683086411\n|switch|p2a: Great Tusk|Great Tusk, L50|100\/100\n|-damage|p2a: Great Tusk|98\/100|[from] Stealth Rock\n|turn|5\n|inactive|LumpySangsu has 30 seconds left.\n|\n|t:|1683086437\n|move|p2b: Chien-Pao|Sucker Punch||[still]\n|-fail|p2b: Chien-Pao\n|move|p2a: Great Tusk|Close Combat|p1a: Iron Bundle\n|-supereffective|p1a: Iron Bundle\n|-enditem|p1a: Iron Bundle|Focus Sash\n|-damage|p1a: Iron Bundle|1\/100\n|-unboost|p2a: Great Tusk|def|1\n|-unboost|p2a: Great Tusk|spd|1\n|move|p1a: Iron Bundle|Hydro Pump|p2a: Great Tusk\n|-supereffective|p2a: Great Tusk\n|-damage|p2a: Great Tusk|0 fnt\n|faint|p2a: Great Tusk\n|-end|p2a: Great Tusk|Protosynthesis|[silent]\n|move|p1b: Garganacl|Recover|p1b: Garganacl\n|-heal|p1b: Garganacl|59\/100\n|\n|-heal|p1b: Garganacl|65\/100|[from] item: Leftovers\n|-damage|p2b: Chien-Pao|10\/100 brn|[from] brn\n|-damage|p2b: Chien-Pao|0 fnt|[from] Salt Cure\n|faint|p2b: Chien-Pao\n|upkeep\n|\n|t:|1683086449\n|switch|p2b: Torkoal|Torkoal, L50, F|100\/100\n|-damage|p2b: Torkoal|76\/100|[from] Stealth Rock\n|-weather|SunnyDay|[from] ability: Drought|[of] p2b: Torkoal\n|turn|6\n|-message|LumpySangsu forfeited.\n|\n|win|mrbadd\n|raw|mrbadd's rating: 1336 → 1357<\/strong> (+21 for winning)\n|raw|LumpySangsu's rating: 1345 → 1324<\/strong> (-21 for losing)\n|l|\u2606LumpySangsu\n","uploadtime":1683086471,"views":7,"p1id":"mrbadd","p2id":"lumpysangsu","formatid":"gen9vgc2023regulationc","rating":1324,"private":0,"password":""}