{"id":"gen9vgc2023regulationc-1847032688","p1":"esotilin123456","p2":"BlindMagneton","format":"[Gen 9] VGC 2023 Regulation C","log":"|j|\u2606esotilin123456\n|j|\u2606BlindMagneton\n|t:|1681913411\n|gametype|doubles\n|player|p1|esotilin123456|hilbert-wonderlauncher|1294\n|player|p2|BlindMagneton|wattson|1197\n|teamsize|p1|6\n|teamsize|p2|6\n|gen|9\n|tier|[Gen 9] VGC 2023 Regulation C\n|rated|\n|rule|Species Clause: Limit one of each Pok\u00e9mon\n|rule|Item Clause: Limit one of each item\n|clearpoke\n|poke|p1|Arcanine, L50, M|\n|poke|p1|Gastrodon, L50, F|\n|poke|p1|Rotom-Mow, L50|\n|poke|p1|Tyranitar, L50, M|\n|poke|p1|Corviknight, L50, M|\n|poke|p1|Salamence, L50, F|\n|poke|p2|Iron Bundle, L50|\n|poke|p2|Palafin, L50, M|\n|poke|p2|Ceruledge, L50, M|\n|poke|p2|Grimmsnarl, L50, M|\n|poke|p2|Dachsbun, L50, M|\n|poke|p2|Dragapult, L50, M|\n|teampreview|4\n|c|\u2606esotilin123456|reitero, pegate un tiro\n|inactive|Battle timer is ON: inactive players will automatically lose when time's up. (requested by esotilin123456)\nesotilin123456 rejected open team sheets.\n|c|\u2606esotilin123456|deja de chupar pico y selecciona las weas que vas a usar perra peruana est\u00fapida de mierda\n|n|\u203desotilin123456|esotilin123456\n|c|&|\/log esotilin123456 was locked from talking by Artemis. (\u2606esotilin123456: deja de chupar pico y selecciona las weas que vas a usar perra peruana est\u00fapida de mierda)\n|c|&|\/raw This action was done automatically. Want to learn more about the AI? Visit the information thread<\/a>.<\/small>\n|\n|t:|1681913482\n|start\n|switch|p1a: good boi|Arcanine, L50, M|100\/100\n|switch|p1b: Great Tyrant|Tyranitar, L50, M, shiny|100\/100\n|switch|p2a: Dachsbun|Dachsbun, L50, M|100\/100\n|switch|p2b: Dragapult|Dragapult, L50, M|100\/100\n|-ability|p1a: good boi|Intimidate|boost\n|-unboost|p2a: Dachsbun|atk|1\n|-fail|p2b: Dragapult|unboost|[from] ability: Clear Body|[of] p2b: Dragapult\n|-weather|Sandstorm|[from] ability: Sand Stream|[of] p1b: Great Tyrant\n|turn|1\n|inactive|esotilin123456 has 30 seconds left.\n|inactive|BlindMagneton has 30 seconds left.\n|inactive|esotilin123456 has 20 seconds left.\n|inactive|esotilin123456 has 15 seconds left.\n|inactive|esotilin123456 has 10 seconds left.\n|\n|t:|1681913527\n|-terastallize|p1b: Great Tyrant|Rock\n|move|p1a: good boi|Extreme Speed|p2a: Dachsbun\n|-damage|p2a: Dachsbun|74\/100\n|move|p2b: Dragapult|Will-O-Wisp|p2a: Dachsbun\n|-ability|p2a: Dachsbun|Well-Baked Body|boost\n|-boost|p2a: Dachsbun|def|2\n|move|p2a: Dachsbun|Body Press|p1b: Great Tyrant\n|-supereffective|p1b: Great Tyrant\n|-enditem|p1b: Great Tyrant|Chople Berry|[eat]\n|-enditem|p1b: Great Tyrant|Chople Berry|[weaken]\n|-damage|p1b: Great Tyrant|68\/100\n|move|p1b: Great Tyrant|Rock Slide|p2a: Dachsbun|[spread] p2a,p2b\n|-damage|p2a: Dachsbun|52\/100\n|-damage|p2b: Dragapult|40\/100\n|\n|-weather|Sandstorm|[upkeep]\n|-damage|p2b: Dragapult|34\/100|[from] Sandstorm\n|-damage|p1a: good boi|94\/100|[from] Sandstorm\n|-damage|p2a: Dachsbun|46\/100|[from] Sandstorm\n|upkeep\n|turn|2\n|inactive|BlindMagneton has 30 seconds left.\n|\n|t:|1681913565\n|switch|p1b: IRON MUGULIS|Rotom-Mow, L50|100\/100\n|move|p1a: good boi|Extreme Speed|p2a: Dachsbun\n|-damage|p2a: Dachsbun|33\/100\n|move|p2b: Dragapult|Phantom Force||[still]\n|-prepare|p2b: Dragapult|Phantom Force\n|move|p2a: Dachsbun|Body Press|p1b: IRON MUGULIS\n|-damage|p1b: IRON MUGULIS|57\/100\n|\n|-weather|Sandstorm|[upkeep]\n|-damage|p2b: Dragapult|28\/100|[from] Sandstorm\n|-damage|p1a: good boi|88\/100|[from] Sandstorm\n|-damage|p2a: Dachsbun|27\/100|[from] Sandstorm\n|-damage|p1b: IRON MUGULIS|51\/100|[from] Sandstorm\n|upkeep\n|turn|3\n|\n|t:|1681913588\n|switch|p2a: Ceruledge|Ceruledge, L50, M|100\/100\n|move|p2b: Dragapult|Phantom Force|p1a: good boi|[from]lockedmove\n|-damage|p1a: good boi|35\/100\n|move|p1a: good boi|Flare Blitz|p2b: Dragapult\n|-resisted|p2b: Dragapult\n|-damage|p2b: Dragapult|0 fnt\n|faint|p2b: Dragapult\n|-damage|p1a: good boi|27\/100|[from] Recoil\n|move|p1b: IRON MUGULIS|Thunderbolt|p2a: Ceruledge\n|-damage|p2a: Ceruledge|57\/100\n|-damage|p1b: IRON MUGULIS|41\/100|[from] item: Life Orb\n|\n|-weather|Sandstorm|[upkeep]\n|-damage|p1a: good boi|21\/100|[from] Sandstorm\n|-damage|p2a: Ceruledge|51\/100|[from] Sandstorm\n|-damage|p1b: IRON MUGULIS|36\/100|[from] Sandstorm\n|upkeep\n|\n|t:|1681913610\n|switch|p2b: Iron Bundle|Iron Bundle, L50|100\/100\n|-enditem|p2b: Iron Bundle|Booster Energy\n|-activate|p2b: Iron Bundle|ability: Quark Drive|[fromitem]\n|-start|p2b: Iron Bundle|quarkdrivespe\n|turn|4\n|\n|t:|1681913628\n|switch|p1b: GROHAHSHSHSH|Gastrodon, L50, F|100\/100\n|-terastallize|p2a: Ceruledge|Grass\n|move|p2b: Iron Bundle|Freeze-Dry|p1b: GROHAHSHSHSH\n|-supereffective|p1b: GROHAHSHSHSH\n|-damage|p1b: GROHAHSHSHSH|0 fnt\n|faint|p1b: GROHAHSHSHSH\n|move|p1a: good boi|Close Combat|p2b: Iron Bundle\n|-supereffective|p2b: Iron Bundle\n|-damage|p2b: Iron Bundle|11\/100\n|-unboost|p1a: good boi|def|1\n|-unboost|p1a: good boi|spd|1\n|move|p2a: Ceruledge|Bulk Up|p2a: Ceruledge\n|-boost|p2a: Ceruledge|atk|1\n|-boost|p2a: Ceruledge|def|1\n|\n|-weather|Sandstorm|[upkeep]\n|-damage|p2b: Iron Bundle|5\/100|[from] Sandstorm\n|-damage|p1a: good boi|15\/100|[from] Sandstorm\n|-damage|p2a: Ceruledge|45\/100|[from] Sandstorm\n|upkeep\n|\n|t:|1681913643\n|switch|p1b: Great Tyrant|Tyranitar, L50, M, shiny, tera:Rock|68\/100\n|turn|5\n|inactive|BlindMagneton has 30 seconds left.\n|inactive|BlindMagneton has 20 seconds left.\n|inactive|BlindMagneton has 15 seconds left.\n|inactive|BlindMagneton has 10 seconds left.\n|\n|t:|1681913689\n|-end|p2b: Iron Bundle|Quark Drive|[silent]\n|switch|p2b: Dachsbun|Dachsbun, L50, M|27\/100\n|move|p1a: good boi|Extreme Speed|p2b: Dachsbun\n|-damage|p2b: Dachsbun|0 fnt\n|faint|p2b: Dachsbun\n|move|p2a: Ceruledge|Bitter Blade|p1a: good boi\n|-resisted|p1a: good boi\n|-damage|p1a: good boi|0 fnt\n|-heal|p2a: Ceruledge|52\/100|[from] drain|[of] p1a: good boi\n|faint|p1a: good boi\n|move|p1b: Great Tyrant|Rock Slide|p2a: Ceruledge\n|-damage|p2a: Ceruledge|11\/100\n|\n|-weather|none\n|upkeep\n|\n|t:|1681913703\n|switch|p1a: IRON MUGULIS|Rotom-Mow, L50|36\/100\n|switch|p2b: Iron Bundle|Iron Bundle, L50|5\/100\n|turn|6\n|\n|t:|1681913718\n|move|p2b: Iron Bundle|Icy Wind|p1b: Great Tyrant|[spread] p1a,p1b\n|-supereffective|p1a: IRON MUGULIS\n|-damage|p1a: IRON MUGULIS|0 fnt\n|-damage|p1b: Great Tyrant|49\/100\n|-unboost|p1b: Great Tyrant|spe|1\n|faint|p1a: IRON MUGULIS\n|move|p2a: Ceruledge|Bitter Blade|p1b: Great Tyrant\n|-resisted|p1b: Great Tyrant\n|-crit|p1b: Great Tyrant\n|-damage|p1b: Great Tyrant|5\/100\n|-heal|p2a: Ceruledge|35\/100|[from] drain|[of] p1b: Great Tyrant\n|move|p1b: Great Tyrant|Rock Slide|p2b: Iron Bundle|[spread] p2a,p2b\n|-supereffective|p2b: Iron Bundle\n|-damage|p2a: Ceruledge|2\/100\n|-damage|p2b: Iron Bundle|0 fnt\n|faint|p2b: Iron Bundle\n|-end|p2b: Iron Bundle|Quark Drive|[silent]\n|\n|upkeep\n|turn|7\n|\n|t:|1681913733\n|move|p2a: Ceruledge|Bitter Blade|p1b: Great Tyrant\n|-resisted|p1b: Great Tyrant\n|-damage|p1b: Great Tyrant|0 fnt\n|-heal|p2a: Ceruledge|4\/100|[from] drain|[of] p1b: Great Tyrant\n|faint|p1b: Great Tyrant\n|\n|win|BlindMagneton\n|raw|esotilin123456's rating: 1294 → 1262<\/strong> (-32 for losing)\n|raw|BlindMagneton's rating: 1197 → 1229<\/strong> (+32 for winning)\n|l|\u203desotilin123456\n","uploadtime":1681913427,"views":4,"p1id":"esotilin123456","p2id":"blindmagneton","formatid":"gen9vgc2023regulationc","rating":1229,"private":0,"password":""}