{"id":"gen9vgc2023regulationc-1855674228","p1":"Bolo01","p2":"Hikawari","format":"[Gen 9] VGC 2023 Regulation C","log":"|j|\u2606Bolo01\n|j|\u2606Hikawari\n|t:|1682972040\n|gametype|doubles\n|player|p1|Bolo01|265|1387\n|player|p2|Hikawari|101|1417\n|teamsize|p1|6\n|teamsize|p2|6\n|gen|9\n|tier|[Gen 9] VGC 2023 Regulation C\n|rated|\n|rule|Species Clause: Limit one of each Pok\u00e9mon\n|rule|Item Clause: Limit one of each item\n|clearpoke\n|poke|p1|Chien-Pao, L50|\n|poke|p1|Garchomp, L50, F|\n|poke|p1|Annihilape, L50, F|\n|poke|p1|Tinkaton, L50, F|\n|poke|p1|Kingambit, L50, F|\n|poke|p1|Honchkrow, L50, F|\n|poke|p2|Amoonguss, L50, M|\n|poke|p2|Baxcalibur, L50, F|\n|poke|p2|Corviknight, L50, F|\n|poke|p2|Glimmora, L50, F|\n|poke|p2|Rotom-Wash, L50|\n|poke|p2|Gholdengo, L50|\n|teampreview|4\n|inactive|Battle timer is ON: inactive players will automatically lose when time's up. (requested by Hikawari)\nHikawari has agreed to open team sheets.\nBolo01 has agreed to open team sheets.\n|inactive|Hikawari has 60 seconds left.\n|\n|t:|1682972107\n|start\n|switch|p1a: Annihilape|Annihilape, L50, F|100\/100\n|switch|p1b: Tinkaton|Tinkaton, L50, F|100\/100\n|switch|p2a: Rotom|Rotom-Wash, L50|100\/100\n|switch|p2b: Corviknight|Corviknight, L50, F|100\/100\n|-ability|p1b: Tinkaton|Mold Breaker\n|turn|1\n|\n|t:|1682972121\n|move|p1b: Tinkaton|Fake Out|p2a: Rotom\n|-damage|p2a: Rotom|91\/100\n|move|p1a: Annihilape|Bulk Up|p1a: Annihilape\n|-boost|p1a: Annihilape|atk|1\n|-boost|p1a: Annihilape|def|1\n|cant|p2a: Rotom|flinch\n|move|p2b: Corviknight|Bulk Up|p2b: Corviknight\n|-boost|p2b: Corviknight|atk|1\n|-boost|p2b: Corviknight|def|1\n|\n|upkeep\n|turn|2\n|\n|t:|1682972138\n|move|p1a: Annihilape|Protect|p1a: Annihilape\n|-singleturn|p1a: Annihilape|Protect\n|move|p1b: Tinkaton|Gigaton Hammer|p2a: Rotom\n|-resisted|p2a: Rotom\n|-damage|p2a: Rotom|77\/100\n|move|p2a: Rotom|Will-O-Wisp|p1a: Annihilape\n|-activate|p1a: Annihilape|move: Protect\n|move|p2b: Corviknight|Bulk Up|p2b: Corviknight\n|-boost|p2b: Corviknight|atk|1\n|-boost|p2b: Corviknight|def|1\n|\n|upkeep\n|turn|3\n|\n|t:|1682972157\n|-terastallize|p1a: Annihilape|Fire\n|move|p1b: Tinkaton|Helping Hand|p1a: Annihilape\n|-singleturn|p1a: Annihilape|Helping Hand|[of] p1b: Tinkaton\n|move|p1a: Annihilape|Drain Punch|p2a: Rotom\n|-damage|p2a: Rotom|2\/100\n|move|p2a: Rotom|Hydro Pump|p1a: Annihilape\n|-supereffective|p1a: Annihilape\n|-damage|p1a: Annihilape|20\/100\n|move|p2b: Corviknight|Bulk Up|p2b: Corviknight\n|-boost|p2b: Corviknight|atk|1\n|-boost|p2b: Corviknight|def|1\n|\n|-heal|p1a: Annihilape|26\/100|[from] item: Leftovers\n|upkeep\n|turn|4\n|\n|t:|1682972180\n|move|p1b: Tinkaton|Gigaton Hammer|p2a: Rotom\n|-resisted|p2a: Rotom\n|-damage|p2a: Rotom|0 fnt\n|faint|p2a: Rotom\n|move|p1a: Annihilape|Drain Punch|p2b: Corviknight\n|-damage|p2b: Corviknight|87\/100\n|-heal|p1a: Annihilape|33\/100|[from] drain|[of] p2b: Corviknight\n|move|p2b: Corviknight|Brave Bird|p1a: Annihilape\n|-damage|p1a: Annihilape|0 fnt\n|faint|p1a: Annihilape\n|-damage|p2b: Corviknight|76\/100|[from] Recoil\n|\n|-heal|p2b: Corviknight|82\/100|[from] item: Leftovers\n|upkeep\n|\n|t:|1682972196\n|switch|p1a: Jambaoleopard|Chien-Pao, L50|100\/100\n|switch|p2a: Amoonguss|Amoonguss, L50, M|100\/100\n|-ability|p1a: Jambaoleopard|Sword of Ruin\n|turn|5\n|\n|t:|1682972209\n|-terastallize|p2a: Amoonguss|Water\n|move|p1b: Tinkaton|Helping Hand|p1a: Jambaoleopard\n|-singleturn|p1a: Jambaoleopard|Helping Hand|[of] p1b: Tinkaton\n|move|p1a: Jambaoleopard|Ice Spinner|p2a: Amoonguss\n|-resisted|p2a: Amoonguss\n|-damage|p2a: Amoonguss|69\/100\n|-damage|p1a: Jambaoleopard|84\/100|[from] item: Rocky Helmet|[of] p2a: Amoonguss\n|move|p2b: Corviknight|Body Press|p1a: Jambaoleopard\n|-supereffective|p1a: Jambaoleopard\n|-damage|p1a: Jambaoleopard|0 fnt\n|faint|p1a: Jambaoleopard\n|move|p2a: Amoonguss|Spore|p1b: Tinkaton\n|-status|p1b: Tinkaton|slp|[from] move: Spore\n|\n|-heal|p2b: Corviknight|88\/100|[from] item: Leftovers\n|upkeep\n|\n|t:|1682972218\n|switch|p1a: Kingambit|Kingambit, L50, F|100\/100\n|turn|6\n|\n|t:|1682972238\n|switch|p2a: Baxcalibur|Baxcalibur, L50, F|100\/100\n|move|p1a: Kingambit|Sucker Punch|p2b: Corviknight\n|-damage|p2b: Corviknight|76\/100\n|cant|p1b: Tinkaton|slp\n|move|p2b: Corviknight|Body Press|p1a: Kingambit\n|-supereffective|p1a: Kingambit\n|-damage|p1a: Kingambit|0 fnt\n|faint|p1a: Kingambit\n|\n|-heal|p2b: Corviknight|82\/100|[from] item: Leftovers\n|upkeep\n|turn|7\n|c|\u2606Bolo01|gg\n|-message|Bolo01 forfeited.\n|\n|win|Hikawari\n|raw|Bolo01's rating: 1387 → 1369<\/strong> (-18 for losing)\n|raw|Hikawari's rating: 1417 → 1435<\/strong> (+18 for winning)\n|l|\u2606Bolo01\n|c|\u2606Hikawari|GG\n","uploadtime":1682972269,"views":19,"p1id":"bolo01","p2id":"hikawari","formatid":"gen9vgc2023regulationc","rating":1369,"private":0,"password":""}