{"id":"gen9vgc2023regulationc-1849629752","p1":"morpath17","p2":"Drpokex","format":"[Gen 9] VGC 2023 Regulation C","log":"|j|\u2606morpath17\n|j|\u2606Drpokex\n|t:|1682222589\n|gametype|doubles\n|player|p1|morpath17|brawly|1088\n|player|p2|Drpokex|doctor|1052\n|teamsize|p1|6\n|teamsize|p2|6\n|gen|9\n|tier|[Gen 9] VGC 2023 Regulation C\n|rated|\n|rule|Species Clause: Limit one of each Pok\u00e9mon\n|rule|Item Clause: Limit one of each item\n|clearpoke\n|poke|p1|Flutter Mane, L50|\n|poke|p1|Ceruledge, L50, M|\n|poke|p1|Espathra, L50, F|\n|poke|p1|Gyarados, L50, F|\n|poke|p1|Corviknight, L50, F|\n|poke|p1|Murkrow, L50, M|\n|poke|p2|Iron Moth, L50|\n|poke|p2|Palafin, L50, F|\n|poke|p2|Noivern, L50, F|\n|poke|p2|Tinkaton, L50, F|\n|poke|p2|Masquerain, L50, F|\n|poke|p2|Roaring Moon, L50|\n|teampreview|4\nmorpath17 rejected open team sheets.\n|\n|t:|1682222627\n|start\n|switch|p1a: Corviknight|Corviknight, L50, F|100\/100\n|switch|p1b: Murkrow|Murkrow, L50, M|100\/100\n|switch|p2a: Iron Moth|Iron Moth, L50, shiny|100\/100\n|switch|p2b: Palafin|Palafin, L50, F|100\/100\n|-enditem|p2a: Iron Moth|Booster Energy\n|-activate|p2a: Iron Moth|ability: Quark Drive|[fromitem]\n|-start|p2a: Iron Moth|quarkdrivespa\n|turn|1\n|\n|t:|1682222646\n|-terastallize|p1a: Corviknight|Flying\n|move|p1b: Murkrow|Perish Song|p1b: Murkrow\n|-start|p1a: Corviknight|perish3|[silent]\n|-start|p1b: Murkrow|perish3|[silent]\n|-start|p2a: Iron Moth|perish3|[silent]\n|-start|p2b: Palafin|perish3|[silent]\n|-fieldactivate|move: Perish Song\n|move|p2a: Iron Moth|Heat Wave|p1a: Corviknight|[spread] p1b\n|-miss|p2a: Iron Moth|p1a: Corviknight\n|-damage|p1b: Murkrow|47\/100\n|move|p2b: Palafin|Flip Turn|p1b: Murkrow\n|-damage|p1b: Murkrow|23\/100\n|\n|t:|1682222660\n|detailschange|p2b: Palafin|Palafin-Hero, L50, F\n|switch|p2b: Noivern|Noivern, L50, F, shiny|100\/100|[from] Flip Turn\n|move|p1a: Corviknight|Brave Bird|p2b: Noivern\n|-enditem|p2b: Noivern|Focus Sash\n|-damage|p2b: Noivern|1\/100\n|-damage|p1a: Corviknight|64\/100|[from] Recoil\n|\n|-start|p2a: Iron Moth|perish3\n|-start|p1b: Murkrow|perish3\n|-start|p1a: Corviknight|perish3\n|upkeep\n|turn|2\n|\n|t:|1682222682\n|switch|p1a: Ceruledge|Ceruledge, L50, M|100\/100\n|move|p1b: Murkrow|Tailwind|p1b: Murkrow\n|-sidestart|p1: morpath17|move: Tailwind\n|move|p2b: Noivern|Super Fang|p1a: Ceruledge\n|-immune|p1a: Ceruledge\n|move|p2a: Iron Moth|Heat Wave|p1b: Murkrow|[spread] p1b\n|-start|p1a: Ceruledge|ability: Flash Fire\n|-damage|p1b: Murkrow|0 fnt\n|faint|p1b: Murkrow\n|\n|-start|p2a: Iron Moth|perish2\n|upkeep\n|\n|t:|1682222698\n|switch|p1b: Corviknight|Corviknight, L50, F, tera:Flying|64\/100\n|turn|3\n|\n|t:|1682222712\n|move|p1a: Ceruledge|Shadow Sneak|p2b: Noivern\n|-damage|p2b: Noivern|0 fnt\n|faint|p2b: Noivern\n|move|p2a: Iron Moth|Heat Wave|p1a: Ceruledge|[spread] p1b\n|-immune|p1a: Ceruledge|[from] ability: Flash Fire\n|-damage|p1b: Corviknight|22\/100\n|move|p1b: Corviknight|Brave Bird|p2a: Iron Moth\n|-damage|p2a: Iron Moth|0 fnt\n|faint|p2a: Iron Moth\n|-end|p2a: Iron Moth|Quark Drive|[silent]\n|-damage|p1b: Corviknight|0 fnt|[from] Recoil\n|faint|p1b: Corviknight\n|\n|upkeep\n|\n|t:|1682222727\n|switch|p2b: Tinkaton|Tinkaton, L50, F|100\/100\n|switch|p2a: Palafin|Palafin-Hero, L50, F|100\/100\n|switch|p1b: Flutter Mane|Flutter Mane, L50|100\/100\n|-activate|p2a: Palafin|ability: Zero to Hero\n|turn|4\n|\n|t:|1682222746\n|-terastallize|p2a: Palafin|Water\n|move|p2a: Palafin|Jet Punch|p1a: Ceruledge\n|-supereffective|p1a: Ceruledge\n|-damage|p1a: Ceruledge|6\/100\n|move|p1b: Flutter Mane|Moonblast|p2a: Palafin\n|-damage|p2a: Palafin|54\/100\n|-unboost|p2a: Palafin|spa|1\n|move|p1a: Ceruledge|Bitter Blade|p2b: Tinkaton\n|-supereffective|p2b: Tinkaton\n|-damage|p2b: Tinkaton|0 fnt\n|-heal|p1a: Ceruledge|50\/100|[from] drain|[of] p2b: Tinkaton\n|faint|p2b: Tinkaton\n|\n|upkeep\n|turn|5\n|\n|t:|1682222769\n|move|p1a: Ceruledge|Shadow Sneak|p2a: Palafin\n|-damage|p2a: Palafin|37\/100\n|move|p2a: Palafin|Jet Punch|p1a: Ceruledge\n|-supereffective|p1a: Ceruledge\n|-damage|p1a: Ceruledge|0 fnt\n|faint|p1a: Ceruledge\n|move|p1b: Flutter Mane|Moonblast|p2a: Palafin\n|-damage|p2a: Palafin|0 fnt\n|faint|p2a: Palafin\n|\n|win|morpath17\n|raw|morpath17's rating: 1088 → 1112<\/strong> (+24 for winning)\n|raw|Drpokex's rating: 1052 → 1036<\/strong> (-16 for losing)\n|l|\u2606Drpokex\n","uploadtime":1682222797,"views":18,"p1id":"morpath17","p2id":"drpokex","formatid":"gen9vgc2023regulationc","rating":1036,"private":0,"password":""}