{"id":"gen9vgc2023regulationc-1864087193","p1":"RadiantBlue4552","p2":"yiyotop","format":"[Gen 9] VGC 2023 Regulation C","log":"|j|\u2606RadiantBlue4552\n|j|\u2606yiyotop\n|t:|1684115542\n|gametype|doubles\n|player|p1|RadiantBlue4552|169|1249\n|player|p2|yiyotop|1|1317\n|teamsize|p1|6\n|teamsize|p2|6\n|gen|9\n|tier|[Gen 9] VGC 2023 Regulation C\n|rated|\n|rule|Species Clause: Limit one of each Pok\u00e9mon\n|rule|Item Clause: Limit one of each item\n|clearpoke\n|poke|p1|Kingambit, L50, F|\n|poke|p1|Hariyama, L50, M|\n|poke|p1|Garchomp, L50, F|\n|poke|p1|Torkoal, L50, M|\n|poke|p1|Brute Bonnet, L50|\n|poke|p1|Oranguru, L50, M|\n|poke|p2|Iron Hands, L50|\n|poke|p2|Amoonguss, L50, M|\n|poke|p2|Grimmsnarl, L50, M|\n|poke|p2|Volcarona, L50, M|\n|poke|p2|Gyarados, L50, F|\n|poke|p2|Flutter Mane, L50|\n|teampreview|4\n|inactive|Battle timer is ON: inactive players will automatically lose when time's up. (requested by RadiantBlue4552)\n|\n|t:|1684115582\n|start\n|switch|p1a: Hariyama|Hariyama, L50, M|100\/100\n|switch|p1b: Oranguru|Oranguru, L50, M|100\/100\n|switch|p2a: Amoonguss|Amoonguss, L50, M|100\/100\n|switch|p2b: Grimmsnarl|Grimmsnarl, L50, M|100\/100\n|turn|1\n|\n|t:|1684115605\n|move|p1a: Hariyama|Fake Out|p2a: Amoonguss\n|-damage|p2a: Amoonguss|89\/100\n|move|p2b: Grimmsnarl|Reflect|p2b: Grimmsnarl\n|-sidestart|p2: yiyotop|Reflect\n|cant|p2a: Amoonguss|flinch\n|move|p1b: Oranguru|Trick Room|p1b: Oranguru\n|-fieldstart|move: Trick Room|[of] p1b: Oranguru\n|\n|-status|p1a: Hariyama|brn|[from] item: Flame Orb\n|upkeep\n|turn|2\n|\n|t:|1684115621\n|-terastallize|p1b: Oranguru|Grass\n|move|p2b: Grimmsnarl|Parting Shot|p1a: Hariyama\n|-unboost|p1a: Hariyama|atk|1\n|-unboost|p1a: Hariyama|spa|1\n|\n|t:|1684115625\n|switch|p2b: Gyarados|Gyarados, L50, F|100\/100|[from] Parting Shot\n|-ability|p2b: Gyarados|Intimidate|boost\n|-unboost|p1a: Hariyama|atk|1\n|-fail|p1b: Oranguru|unboost|Attack|[from] ability: Inner Focus|[of] p1b: Oranguru\n|move|p1a: Hariyama|Knock Off|p2a: Amoonguss\n|-damage|p2a: Amoonguss|74\/100\n|-enditem|p2a: Amoonguss|Sitrus Berry|[from] move: Knock Off|[of] p1a: Hariyama\n|move|p2a: Amoonguss|Spore|p1b: Oranguru\n|-immune|p1b: Oranguru\n|move|p1b: Oranguru|Instruct|p1a: Hariyama\n|-singleturn|p1a: Hariyama|move: Instruct|[of] p1b: Oranguru\n|move|p1a: Hariyama|Knock Off|p2a: Amoonguss\n|-damage|p2a: Amoonguss|65\/100\n|\n|-damage|p1a: Hariyama|95\/100 brn|[from] brn\n|upkeep\n|turn|3\n|\n|t:|1684115650\n|switch|p1a: Torkoal|Torkoal, L50, M|100\/100\n|-weather|SunnyDay|[from] ability: Drought|[of] p1a: Torkoal\n|switch|p2a: Iron Hands|Iron Hands, L50|100\/100\n|move|p1b: Oranguru|Yawn|p2b: Gyarados\n|-start|p2b: Gyarados|move: Yawn|[of] p1b: Oranguru\n|move|p2b: Gyarados|Taunt|p1b: Oranguru\n|-start|p1b: Oranguru|move: Taunt\n|-enditem|p1b: Oranguru|Mental Herb\n|-end|p1b: Oranguru|move: Taunt\n|\n|-weather|SunnyDay|[upkeep]\n|upkeep\n|turn|4\n|\n|t:|1684115668\n|-terastallize|p2a: Iron Hands|Fire\n|move|p1a: Torkoal|Protect|p1a: Torkoal\n|-singleturn|p1a: Torkoal|Protect\n|move|p1b: Oranguru|Yawn|p2a: Iron Hands\n|-start|p2a: Iron Hands|move: Yawn|[of] p1b: Oranguru\n|move|p2a: Iron Hands|Swords Dance|p2a: Iron Hands\n|-boost|p2a: Iron Hands|atk|2\n|move|p2b: Gyarados|Taunt|p1b: Oranguru\n|-start|p1b: Oranguru|move: Taunt\n|\n|-weather|SunnyDay|[upkeep]\n|-end|p2b: Gyarados|move: Yawn|[silent]\n|-status|p2b: Gyarados|slp\n|-enditem|p2b: Gyarados|Lum Berry|[eat]\n|-curestatus|p2b: Gyarados|slp|[msg]\n|upkeep\n|turn|5\n|\n|t:|1684115687\n|move|p1a: Torkoal|Eruption|p2b: Gyarados|[spread] p2a,p2b\n|-resisted|p2a: Iron Hands\n|-resisted|p2b: Gyarados\n|-damage|p2a: Iron Hands|66\/100\n|-damage|p2b: Gyarados|71\/100\n|move|p1b: Oranguru|Psychic|p2a: Iron Hands\n|-damage|p2a: Iron Hands|44\/100\n|move|p2a: Iron Hands|Drain Punch|p1a: Torkoal\n|-damage|p1a: Torkoal|41\/100\n|-heal|p2a: Iron Hands|67\/100|[from] drain|[of] p1a: Torkoal\n|move|p2b: Gyarados|Waterfall|p1a: Torkoal\n|-supereffective|p1a: Torkoal\n|-damage|p1a: Torkoal|13\/100\n|\n|-weather|SunnyDay|[upkeep]\n|-end|p2a: Iron Hands|move: Yawn|[silent]\n|-status|p2a: Iron Hands|slp\n|-sideend|p2: yiyotop|Reflect\n|-fieldend|move: Trick Room\n|upkeep\n|turn|6\n|inactive|yiyotop has 30 seconds left.\n|\n|t:|1684115718\n|switch|p1a: Brute Bonnet|Brute Bonnet, L50|100\/100\n|-activate|p1a: Brute Bonnet|ability: Protosynthesis\n|-start|p1a: Brute Bonnet|protosynthesisatk\n|move|p2b: Gyarados|Waterfall|p1b: Oranguru\n|-resisted|p1b: Oranguru\n|-damage|p1b: Oranguru|91\/100\n|cant|p2a: Iron Hands|slp\n|move|p1b: Oranguru|Psychic|p2a: Iron Hands\n|-damage|p2a: Iron Hands|42\/100 slp\n|\n|-weather|SunnyDay|[upkeep]\n|upkeep\n|turn|7\n|\n|t:|1684115737\n|switch|p2b: Amoonguss|Amoonguss, L50, M|98\/100\n|cant|p2a: Iron Hands|slp\n|move|p1b: Oranguru|Psychic|p2a: Iron Hands\n|-damage|p2a: Iron Hands|21\/100 slp\n|move|p1a: Brute Bonnet|Crunch|p2a: Iron Hands\n|-damage|p2a: Iron Hands|0 fnt\n|faint|p2a: Iron Hands\n|-end|p2a: Iron Hands|Quark Drive|[silent]\n|\n|-weather|none\n|-end|p1a: Brute Bonnet|Protosynthesis\n|-end|p1b: Oranguru|move: Taunt\n|upkeep\n|\n|t:|1684115749\n|switch|p2a: Gyarados|Gyarados, L50, F|71\/100\n|-ability|p2a: Gyarados|Intimidate|boost\n|-unboost|p1a: Brute Bonnet|atk|1\n|-fail|p1b: Oranguru|unboost|Attack|[from] ability: Inner Focus|[of] p1b: Oranguru\n|turn|8\n|\n|t:|1684115764\n|switch|p1b: Torkoal|Torkoal, L50, M|13\/100\n|-weather|SunnyDay|[from] ability: Drought|[of] p1b: Torkoal\n|-activate|p1a: Brute Bonnet|ability: Protosynthesis\n|-start|p1a: Brute Bonnet|protosynthesisatk\n|move|p2a: Gyarados|Taunt|p1b: Torkoal\n|-start|p1b: Torkoal|move: Taunt\n|move|p1a: Brute Bonnet|Spore|p2a: Gyarados\n|-status|p2a: Gyarados|slp|[from] move: Spore\n|move|p2b: Amoonguss|Pollen Puff|p1a: Brute Bonnet\n|-supereffective|p1a: Brute Bonnet\n|-damage|p1a: Brute Bonnet|40\/100\n|\n|-weather|SunnyDay|[upkeep]\n|upkeep\n|turn|9\n|\n|t:|1684115786\n|switch|p2a: Grimmsnarl|Grimmsnarl, L50, M|100\/100\n|move|p1a: Brute Bonnet|Seed Bomb|p2a: Grimmsnarl\n|-damage|p2a: Grimmsnarl|66\/100\n|move|p2b: Amoonguss|Spore|p1b: Torkoal\n|-status|p1b: Torkoal|slp|[from] move: Spore\n|cant|p1b: Torkoal|slp\n|\n|-weather|SunnyDay|[upkeep]\n|upkeep\n|turn|10\n|\n|t:|1684115801\n|switch|p1b: Hariyama|Hariyama, L50, M|95\/100 brn\n|move|p2a: Grimmsnarl|Parting Shot|p1a: Brute Bonnet\n|-hint|Since gen 7, Dark is immune to Prankster moves.\n|-immune|p1a: Brute Bonnet\n|move|p1a: Brute Bonnet|Spore|p2a: Grimmsnarl\n|-status|p2a: Grimmsnarl|slp|[from] move: Spore\n|move|p2b: Amoonguss|Pollen Puff|p1a: Brute Bonnet\n|-supereffective|p1a: Brute Bonnet\n|-damage|p1a: Brute Bonnet|0 fnt\n|faint|p1a: Brute Bonnet\n|-end|p1a: Brute Bonnet|Protosynthesis|[silent]\n|\n|-weather|SunnyDay|[upkeep]\n|-damage|p1b: Hariyama|89\/100 brn|[from] brn\n|upkeep\n|\n|t:|1684115815\n|switch|p1a: Oranguru|Oranguru, L50, M, tera:Grass|91\/100\n|turn|11\n|\n|t:|1684115831\n|switch|p2a: Gyarados|Gyarados, L50, F|71\/100 slp\n|-ability|p2a: Gyarados|Intimidate|boost\n|-fail|p1a: Oranguru|unboost|Attack|[from] ability: Inner Focus|[of] p1a: Oranguru\n|-unboost|p1b: Hariyama|atk|1\n|move|p2b: Amoonguss|Pollen Puff|p1a: Oranguru\n|-supereffective|p1a: Oranguru\n|-damage|p1a: Oranguru|69\/100\n|move|p1b: Hariyama|Knock Off|p2a: Gyarados\n|-damage|p2a: Gyarados|46\/100 slp\n|move|p1a: Oranguru|Trick Room|p1a: Oranguru\n|-fieldstart|move: Trick Room|[of] p1a: Oranguru\n|\n|-weather|SunnyDay|[upkeep]\n|-damage|p1b: Hariyama|83\/100 brn|[from] brn\n|upkeep\n|turn|12\n|\n|t:|1684115853\n|switch|p2b: Grimmsnarl|Grimmsnarl, L50, M|66\/100 slp\n|move|p1b: Hariyama|Knock Off|p2a: Gyarados\n|-damage|p2a: Gyarados|23\/100 slp\n|move|p1a: Oranguru|Instruct|p1b: Hariyama\n|-singleturn|p1b: Hariyama|move: Instruct|[of] p1a: Oranguru\n|move|p1b: Hariyama|Knock Off|p2a: Gyarados\n|-damage|p2a: Gyarados|0 fnt\n|faint|p2a: Gyarados\n|\n|-weather|none\n|-damage|p1b: Hariyama|77\/100 brn|[from] brn\n|upkeep\n|\n|t:|1684115864\n|switch|p2a: Amoonguss|Amoonguss, L50, M|100\/100\n|turn|13\n|\n|t:|1684115871\n|switch|p1b: Torkoal|Torkoal, L50, M|13\/100 slp\n|-weather|SunnyDay|[from] ability: Drought|[of] p1b: Torkoal\n|cant|p2b: Grimmsnarl|slp\n|move|p2a: Amoonguss|Pollen Puff|p2b: Grimmsnarl\n|-heal|p2b: Grimmsnarl|100\/100 slp\n|move|p1a: Oranguru|Yawn|p2a: Amoonguss\n|-start|p2a: Amoonguss|move: Yawn|[of] p1a: Oranguru\n|\n|-weather|SunnyDay|[upkeep]\n|upkeep\n|turn|14\n|-message|yiyotop forfeited.\n|\n|win|RadiantBlue4552\n|raw|RadiantBlue4552's rating: 1249 → 1279<\/strong> (+30 for winning)\n|raw|yiyotop's rating: 1317 → 1293<\/strong> (-24 for losing)\n|l|\u2606yiyotop\n","uploadtime":1684115889,"views":15,"p1id":"radiantblue4552","p2id":"yiyotop","formatid":"gen9vgc2023regulationc","rating":1279,"private":0,"password":""}