{"id":"gen9vgc2023regulationc-1863465422","p1":"Cdogp","p2":"mathtass","format":"[Gen 9] VGC 2023 Regulation C","log":"|j|\u2606Cdogp\n|j|\u2606mathtass\n|t:|1684020944\n|gametype|doubles\n|player|p1|Cdogp|wattson|1274\n|player|p2|mathtass|1|1292\n|teamsize|p1|6\n|teamsize|p2|6\n|gen|9\n|tier|[Gen 9] VGC 2023 Regulation C\n|rated|\n|rule|Species Clause: Limit one of each Pok\u00e9mon\n|rule|Item Clause: Limit one of each item\n|clearpoke\n|poke|p1|Kingambit, L50, F|\n|poke|p1|Flutter Mane, L50|\n|poke|p1|Chi-Yu, L50|\n|poke|p1|Amoonguss, L50, M|\n|poke|p1|Dragonite, L50, F|\n|poke|p1|Arcanine, L50, M|\n|poke|p2|Amoonguss, L50, F|\n|poke|p2|Chi-Yu, L50|\n|poke|p2|Arcanine, L50, F|\n|poke|p2|Dragonite, L50, M|\n|poke|p2|Flutter Mane, L50|\n|poke|p2|Iron Hands, L50|\n|teampreview|4\n|inactive|Battle timer is ON: inactive players will automatically lose when time's up. (requested by Cdogp)\nmathtass has agreed to open team sheets.\n|\n|t:|1684020960\n|start\n|switch|p1a: Dragonite|Dragonite, L50, F|100\/100\n|switch|p1b: Flutter Mane|Flutter Mane, L50|100\/100\n|switch|p2a: Simba|Arcanine, L50, F, shiny|100\/100\n|switch|p2b: Iron Man|Iron Hands, L50, shiny|100\/100\n|-ability|p2a: Simba|Intimidate|boost\n|-fail|p1a: Dragonite|unboost|Attack|[from] ability: Inner Focus|[of] p1a: Dragonite\n|-unboost|p1b: Flutter Mane|atk|1\n|-enditem|p1b: Flutter Mane|Booster Energy\n|-activate|p1b: Flutter Mane|ability: Protosynthesis|[fromitem]\n|-start|p1b: Flutter Mane|protosynthesisspe\n|turn|1\n|inactive|mathtass has 30 seconds left.\n|\n|t:|1684020986\n|-terastallize|p1a: Dragonite|Normal\n|move|p2b: Iron Man|Protect|p2b: Iron Man\n|-singleturn|p2b: Iron Man|Protect\n|move|p1a: Dragonite|Extreme Speed|p2a: Simba\n|-damage|p2a: Simba|54\/100\n|move|p1b: Flutter Mane|Moonblast|p2b: Iron Man\n|-activate|p2b: Iron Man|move: Protect\n|move|p2a: Simba|Howl|p2a: Simba|[spread] p2a,p2b\n|-boost|p2a: Simba|atk|1\n|-boost|p2b: Iron Man|atk|1\n|\n|upkeep\n|turn|2\n|\n|t:|1684020996\n|-terastallize|p2b: Iron Man|Fire\n|move|p2a: Simba|Protect|p2a: Simba\n|-singleturn|p2a: Simba|Protect\n|move|p1a: Dragonite|Extreme Speed|p2b: Iron Man\n|-damage|p2b: Iron Man|69\/100\n|move|p1b: Flutter Mane|Moonblast|p2b: Iron Man\n|-resisted|p2b: Iron Man\n|-damage|p2b: Iron Man|49\/100\n|move|p2b: Iron Man|Drain Punch|p1a: Dragonite\n|-supereffective|p1a: Dragonite\n|-damage|p1a: Dragonite|0 fnt\n|-heal|p2b: Iron Man|88\/100|[from] drain|[of] p1a: Dragonite\n|faint|p1a: Dragonite\n|\n|upkeep\n|\n|t:|1684021005\n|switch|p1a: Chi-Yu|Chi-Yu, L50|100\/100\n|-ability|p1a: Chi-Yu|Beads of Ruin\n|turn|3\n|\n|t:|1684021012\n|move|p1b: Flutter Mane|Shadow Ball|p2b: Iron Man\n|-damage|p2b: Iron Man|45\/100\n|move|p1a: Chi-Yu|Dark Pulse|p2b: Iron Man\n|-damage|p2b: Iron Man|0 fnt\n|faint|p2b: Iron Man\n|-end|p2b: Iron Man|Quark Drive|[silent]\n|-damage|p1a: Chi-Yu|90\/100|[from] item: Life Orb\n|move|p2a: Simba|Flare Blitz|p1b: Flutter Mane\n|-damage|p1b: Flutter Mane|0 fnt\n|faint|p1b: Flutter Mane\n|-end|p1b: Flutter Mane|Protosynthesis|[silent]\n|-damage|p2a: Simba|32\/100|[from] Recoil\n|-enditem|p2a: Simba|Sitrus Berry|[eat]\n|-heal|p2a: Simba|57\/100|[from] item: Sitrus Berry\n|\n|upkeep\n|\n|t:|1684021020\n|switch|p1b: Kingambit|Kingambit, L50, F, shiny|100\/100\n|switch|p2b: Titan|Dragonite, L50, M, shiny|100\/100\n|turn|4\n|\n|t:|1684021027\n|move|p1a: Chi-Yu|Dark Pulse|p2a: Simba\n|-damage|p2a: Simba|0 fnt\n|faint|p2a: Simba\n|-damage|p1a: Chi-Yu|80\/100|[from] item: Life Orb\n|move|p2b: Titan|Stomping Tantrum|p1a: Chi-Yu\n|-supereffective|p1a: Chi-Yu\n|-damage|p1a: Chi-Yu|0 fnt\n|faint|p1a: Chi-Yu\n|move|p1b: Kingambit|Kowtow Cleave|p2b: Titan\n|-damage|p2b: Titan|78\/100\n|\n|upkeep\n|\n|t:|1684021033\n|switch|p2a: Lady Mane|Flutter Mane, L50, shiny|100\/100\n|turn|5\n|\n|t:|1684021037\n|move|p2a: Lady Mane|Moonblast|p1b: Kingambit\n|-crit|p1b: Kingambit\n|-damage|p1b: Kingambit|46\/100\n|move|p2b: Titan|Stomping Tantrum|p1b: Kingambit\n|-supereffective|p1b: Kingambit\n|-damage|p1b: Kingambit|1\/100\n|move|p1b: Kingambit|Iron Head|p2a: Lady Mane\n|-supereffective|p2a: Lady Mane\n|-enditem|p2a: Lady Mane|Focus Sash\n|-damage|p2a: Lady Mane|1\/100\n|\n|upkeep\n|turn|6\n|\n|t:|1684021046\n|move|p2b: Titan|Extreme Speed|p1b: Kingambit\n|-resisted|p1b: Kingambit\n|-damage|p1b: Kingambit|0 fnt\n|faint|p1b: Kingambit\n|\n|win|mathtass\n|raw|Cdogp's rating: 1274 → 1250<\/strong> (-24 for losing)\n|raw|mathtass's rating: 1292 → 1316<\/strong> (+24 for winning)\n|l|\u2606Cdogp\n","uploadtime":1684021049,"views":12,"p1id":"cdogp","p2id":"mathtass","formatid":"gen9vgc2023regulationc","rating":1250,"private":0,"password":""}