{"id":"gen9vgc2023regulationc-1853244551","p1":"LasermanZ111","p2":"JonaFlores","format":"[Gen 9] VGC 2023 Regulation C","log":"|j|\u2606LasermanZ111\n|j|\u2606JonaFlores\n|t:|1682653986\n|gametype|doubles\n|player|p1|LasermanZ111|ash|1290\n|player|p2|JonaFlores|drayden|1210\n|teamsize|p1|6\n|teamsize|p2|6\n|gen|9\n|tier|[Gen 9] VGC 2023 Regulation C\n|rated|\n|rule|Species Clause: Limit one of each Pok\u00e9mon\n|rule|Item Clause: Limit one of each item\n|clearpoke\n|poke|p1|Flutter Mane, L50|\n|poke|p1|Chi-Yu, L50|\n|poke|p1|Gyarados, L50, M|\n|poke|p1|Amoonguss, L50, M|\n|poke|p1|Baxcalibur, L50, M|\n|poke|p1|Iron Hands, L50|\n|poke|p2|Gastrodon-East, L50, M|\n|poke|p2|Grimmsnarl, L50, M|\n|poke|p2|Gengar, L50, M|\n|poke|p2|Volcarona, L50, M|\n|poke|p2|Corviknight, L50, M|\n|poke|p2|Baxcalibur, L50, M|\n|teampreview|4\nLasermanZ111 has agreed to open team sheets.\n|inactive|Battle timer is ON: inactive players will automatically lose when time's up. (requested by JonaFlores)\n|inactive|LasermanZ111 has 60 seconds left.\n|inactive|LasermanZ111 has 30 seconds left.\n|inactive|LasermanZ111 has 20 seconds left.\n|\n|t:|1682654124\n|start\n|switch|p1a: Flutter Mane|Flutter Mane, L50|100\/100\n|switch|p1b: Chi-Yu|Chi-Yu, L50|100\/100\n|switch|p2a: Corviknight|Corviknight, L50, M, shiny|100\/100\n|switch|p2b: Gengar|Gengar, L50, M, shiny|100\/100\n|-ability|p1b: Chi-Yu|Beads of Ruin\n|-enditem|p1a: Flutter Mane|Booster Energy\n|-activate|p1a: Flutter Mane|ability: Protosynthesis|[fromitem]\n|-start|p1a: Flutter Mane|protosynthesisspe\n|turn|1\n|inactive|LasermanZ111 has 30 seconds left.\n|\n|t:|1682654155\n|switch|p2b: Volcarona|Volcarona, L50, M|100\/100\n|-terastallize|p2a: Corviknight|Fire\n|move|p1a: Flutter Mane|Shadow Ball|p2b: Volcarona\n|-damage|p2b: Volcarona|54\/100\n|move|p1b: Chi-Yu|Heat Wave|p2a: Corviknight|[spread] p2a,p2b\n|-resisted|p2a: Corviknight\n|-damage|p2a: Corviknight|78\/100\n|-damage|p2b: Volcarona|8\/100\n|move|p2a: Corviknight|Iron Head|p1a: Flutter Mane\n|-supereffective|p1a: Flutter Mane\n|-damage|p1a: Flutter Mane|10\/100\n|\n|-heal|p2b: Volcarona|15\/100|[from] item: Leftovers\n|upkeep\n|turn|2\n|inactive|LasermanZ111 has 30 seconds left.\n|inactive|LasermanZ111 has 20 seconds left.\n|\n|t:|1682654191\n|move|p1a: Flutter Mane|Protect|p1a: Flutter Mane\n|-singleturn|p1a: Flutter Mane|Protect\n|move|p2b: Volcarona|Protect|p2b: Volcarona\n|-singleturn|p2b: Volcarona|Protect\n|move|p1b: Chi-Yu|Heat Wave|p2b: Volcarona|[spread] p2a\n|-activate|p2b: Volcarona|move: Protect\n|-resisted|p2a: Corviknight\n|-damage|p2a: Corviknight|56\/100\n|move|p2a: Corviknight|Bulk Up|p2a: Corviknight\n|-boost|p2a: Corviknight|atk|1\n|-boost|p2a: Corviknight|def|1\n|\n|-heal|p2b: Volcarona|21\/100|[from] item: Leftovers\n|upkeep\n|turn|3\n|inactive|LasermanZ111 has 30 seconds left.\n|\n|t:|1682654219\n|move|p1a: Flutter Mane|Shadow Ball|p2a: Corviknight\n|-damage|p2a: Corviknight|9\/100\n|-ability|p2a: Corviknight|Mirror Armor\n|-unboost|p1a: Flutter Mane|spd|1\n|-enditem|p2a: Corviknight|Sitrus Berry|[eat]\n|-heal|p2a: Corviknight|34\/100|[from] item: Sitrus Berry\n|move|p1b: Chi-Yu|Dark Pulse|p2a: Corviknight\n|-damage|p2a: Corviknight|0 fnt\n|faint|p2a: Corviknight\n|move|p2b: Volcarona|Giga Drain|p1a: Flutter Mane\n|-damage|p1a: Flutter Mane|0 fnt\n|-heal|p2b: Volcarona|24\/100|[from] drain|[of] p1a: Flutter Mane\n|faint|p1a: Flutter Mane\n|-end|p1a: Flutter Mane|Protosynthesis|[silent]\n|\n|-heal|p2b: Volcarona|31\/100|[from] item: Leftovers\n|upkeep\n|inactive|JonaFlores has 30 seconds left.\n|inactive|JonaFlores has 20 seconds left.\n|inactive|JonaFlores has 15 seconds left.\n|inactive|JonaFlores has 10 seconds left.\n|\n|t:|1682654268\n|switch|p1a: Gyarados|Gyarados, L50, M, shiny|100\/100\n|switch|p2a: Gastrodon|Gastrodon-East, L50, M|100\/100\n|-ability|p1a: Gyarados|Intimidate|boost\n|-unboost|p2a: Gastrodon|atk|1\n|-unboost|p2b: Volcarona|atk|1\n|turn|4\n|inactive|LasermanZ111 has 30 seconds left.\n|\n|t:|1682654302\n|move|p1b: Chi-Yu|Dark Pulse|p2b: Volcarona\n|-damage|p2b: Volcarona|0 fnt\n|faint|p2b: Volcarona\n|move|p1a: Gyarados|Taunt|p2a: Gastrodon\n|-start|p2a: Gastrodon|move: Taunt\n|cant|p2a: Gastrodon|move: Taunt|Yawn\n|\n|upkeep\n|\n|t:|1682654319\n|switch|p2b: Gengar|Gengar, L50, M, shiny|100\/100\n|turn|5\n|\n|t:|1682654338\n|switch|p1a: Baxcalibur|Baxcalibur, L50, M|100\/100\n|move|p2b: Gengar|Sludge Bomb|p1a: Baxcalibur\n|-damage|p1a: Baxcalibur|43\/100\n|move|p1b: Chi-Yu|Dark Pulse|p2b: Gengar\n|-supereffective|p2b: Gengar\n|-enditem|p2b: Gengar|Focus Sash\n|-damage|p2b: Gengar|1\/100\n|-start|p1b: Chi-Yu|Disable|Dark Pulse|[from] ability: Cursed Body|[of] p2b: Gengar\n|move|p2a: Gastrodon|Ice Beam|p1a: Baxcalibur\n|-damage|p1a: Baxcalibur|20\/100\n|\n|upkeep\n|turn|6\n|inactive|LasermanZ111 has 30 seconds left.\n|inactive|JonaFlores has 30 seconds left.\n|inactive|JonaFlores has 20 seconds left.\n|inactive|JonaFlores has 15 seconds left.\n|inactive|JonaFlores has 10 seconds left.\n|inactive|JonaFlores has 5 seconds left.\n|\n|t:|1682654393\n|switch|p1b: Gyarados|Gyarados, L50, M, shiny|100\/100\n|-ability|p1b: Gyarados|Intimidate|boost\n|-unboost|p2a: Gastrodon|atk|1\n|-unboost|p2b: Gengar|atk|1\n|move|p1a: Baxcalibur|Ice Shard|p2b: Gengar\n|-damage|p2b: Gengar|0 fnt\n|-start|p1a: Baxcalibur|Disable|Ice Shard|[from] ability: Cursed Body|[of] p2b: Gengar\n|faint|p2b: Gengar\n|move|p2a: Gastrodon|Earth Power|p1b: Gyarados\n|-immune|p1b: Gyarados\n|\n|-end|p2a: Gastrodon|move: Taunt\n|upkeep\n|turn|7\n|inactive|JonaFlores has 30 seconds left.\n|inactive|JonaFlores has 20 seconds left.\n|inactive|JonaFlores has 15 seconds left.\n|-message|JonaFlores forfeited.\n|\n|win|LasermanZ111\n|raw|LasermanZ111's rating: 1290 → 1309<\/strong> (+19 for winning)\n|raw|JonaFlores's rating: 1210 → 1191<\/strong> (-19 for losing)\n|l|\u2606JonaFlores\n","uploadtime":1682654443,"views":10,"p1id":"lasermanz111","p2id":"jonaflores","formatid":"gen9vgc2023regulationc","rating":1191,"private":0,"password":""}