{"id":"gen9vgc2023regulationc-1847513146","p1":"GaurdianA","p2":"Eric98Ortiz","format":"[Gen 9] VGC 2023 Regulation C","log":"|j|\u2606GaurdianA\n|j|\u2606Eric98Ortiz\n|t:|1681965257\n|gametype|doubles\n|player|p1|GaurdianA|larry|1129\n|player|p2|Eric98Ortiz|102|1029\n|teamsize|p1|6\n|teamsize|p2|6\n|gen|9\n|tier|[Gen 9] VGC 2023 Regulation C\n|rated|\n|rule|Species Clause: Limit one of each Pok\u00e9mon\n|rule|Item Clause: Limit one of each item\n|clearpoke\n|poke|p1|Chien-Pao, L50|\n|poke|p1|Dragapult, L50, F|\n|poke|p1|Dondozo, L50, F|\n|poke|p1|Tatsugiri, L50, M|\n|poke|p1|Amoonguss, L50, F|\n|poke|p1|Garganacl, L50, M|\n|poke|p2|Chien-Pao, L50|\n|poke|p2|Gholdengo, L50|\n|poke|p2|Pelipper, L50, F|\n|poke|p2|Palafin, L50, M|\n|poke|p2|Garchomp, L50, F|\n|poke|p2|Mimikyu, L50, F|\n|teampreview|4\n|\n|t:|1681965290\n|start\n|switch|p1a: Garganacl|Garganacl, L50, M|100\/100\n|switch|p1b: Tatsugiri|Tatsugiri, L50, M, shiny|100\/100\n|switch|p2a: Chien-Pao|Chien-Pao, L50|100\/100\n|switch|p2b: Gholdengo|Gholdengo, L50|100\/100\n|-ability|p2a: Chien-Pao|Sword of Ruin\n|turn|1\n|\n|t:|1681965313\n|move|p2a: Chien-Pao|Protect|p2a: Chien-Pao\n|-singleturn|p2a: Chien-Pao|Protect\n|move|p1b: Tatsugiri|Icy Wind|p2a: Chien-Pao|[spread] p2b\n|-activate|p2a: Chien-Pao|move: Protect\n|-resisted|p2b: Gholdengo\n|-damage|p2b: Gholdengo|93\/100\n|-unboost|p2b: Gholdengo|spe|1\n|move|p2b: Gholdengo|Shadow Ball|p1b: Tatsugiri\n|-damage|p1b: Tatsugiri|50\/100\n|-unboost|p1b: Tatsugiri|spd|1\n|move|p1a: Garganacl|Salt Cure|p2b: Gholdengo\n|-resisted|p2b: Gholdengo\n|-crit|p2b: Gholdengo\n|-damage|p2b: Gholdengo|80\/100\n|-start|p2b: Gholdengo|Salt Cure\n|\n|-heal|p2b: Gholdengo|86\/100|[from] item: Leftovers\n|-damage|p2b: Gholdengo|61\/100|[from] Salt Cure\n|upkeep\n|turn|2\n|\n|t:|1681965361\n|switch|p2a: Mimikyu|Mimikyu, L50, F, shiny|100\/100\n|switch|p1a: Dondozo|Dondozo, L50, F, shiny|100\/100\n|-activate|p1b: Tatsugiri|ability: Commander|[of] p1a: Dondozo\n|-boost|p1a: Dondozo|atk|2\n|-boost|p1a: Dondozo|spa|2\n|-boost|p1a: Dondozo|spe|2\n|-boost|p1a: Dondozo|def|2\n|-boost|p1a: Dondozo|spd|2\n|move|p2b: Gholdengo|Shadow Ball|p1b: Tatsugiri|[miss]\n|-miss|p2b: Gholdengo|p1b: Tatsugiri\n|\n|-heal|p2b: Gholdengo|67\/100|[from] item: Leftovers\n|-damage|p2b: Gholdengo|42\/100|[from] Salt Cure\n|upkeep\n|turn|3\n|\n|t:|1681965383\n|move|p2a: Mimikyu|Curse|p1a: Dondozo\n|-start|p1a: Dondozo|Curse|[of] p2a: Mimikyu\n|-damage|p2a: Mimikyu|50\/100\n|move|p1a: Dondozo|Earthquake|p2a: Mimikyu|[spread] p2a,p2b\n|-miss|p1a: Dondozo|p1b: Tatsugiri\n|-supereffective|p2b: Gholdengo\n|-activate|p2a: Mimikyu|ability: Disguise\n|-damage|p2a: Mimikyu|50\/100\n|-damage|p2b: Gholdengo|0 fnt\n|detailschange|p2a: Mimikyu|Mimikyu-Busted, L50, F, shiny\n|-damage|p2a: Mimikyu|38\/100|[from] pokemon: Mimikyu-Busted\n|faint|p2b: Gholdengo\n|\n|-damage|p1a: Dondozo|76\/100|[from] Curse\n|upkeep\n|\n|t:|1681965393\n|switch|p2b: Palafin|Palafin, L50, M|100\/100\n|turn|4\n|\n|t:|1681965406\n|move|p2a: Mimikyu|Protect|p2a: Mimikyu\n|-singleturn|p2a: Mimikyu|Protect\n|move|p2b: Palafin|Protect|p2b: Palafin\n|-singleturn|p2b: Palafin|Protect\n|move|p1a: Dondozo|Earthquake|p2a: Mimikyu|[spread] \n|-miss|p1a: Dondozo|p1b: Tatsugiri\n|-activate|p2a: Mimikyu|move: Protect\n|-activate|p2b: Palafin|move: Protect\n|\n|-damage|p1a: Dondozo|51\/100|[from] Curse\n|upkeep\n|turn|5\n|\n|t:|1681965444\n|move|p2a: Mimikyu|Play Rough|p1a: Dondozo\n|-crit|p1a: Dondozo\n|-damage|p1a: Dondozo|0 fnt\n|faint|p1a: Dondozo\n|-damage|p2a: Mimikyu|28\/100|[from] item: Life Orb\n|move|p2b: Palafin|Wave Crash|p1b: Tatsugiri\n|-resisted|p1b: Tatsugiri\n|-damage|p1b: Tatsugiri|23\/100\n|-damage|p2b: Palafin|94\/100|[from] Recoil\n|\n|upkeep\n|\n|t:|1681965452\n|switch|p1a: Dragapult|Dragapult, L50, F, shiny|100\/100\n|turn|6\n|\n|t:|1681965467\n|-terastallize|p1a: Dragapult|Steel\n|move|p2b: Palafin|Protect|p2b: Palafin\n|-singleturn|p2b: Palafin|Protect\n|move|p1b: Tatsugiri|Icy Wind|p2a: Mimikyu|[spread] p2a\n|-activate|p2b: Palafin|move: Protect\n|-damage|p2a: Mimikyu|9\/100\n|-unboost|p2a: Mimikyu|spe|1\n|move|p1a: Dragapult|Dragon Darts|p2b: Palafin\n|-immune|p2a: Mimikyu\n|move|p2a: Mimikyu|Play Rough|p1a: Dragapult\n|-resisted|p1a: Dragapult\n|-damage|p1a: Dragapult|69\/100\n|-damage|p2a: Mimikyu|0 fnt|[from] item: Life Orb\n|faint|p2a: Mimikyu\n|\n|upkeep\n|\n|t:|1681965481\n|switch|p2a: Chien-Pao|Chien-Pao, L50|100\/100\n|-ability|p2a: Chien-Pao|Sword of Ruin\n|turn|7\n|\n|t:|1681965497\n|switch|p1b: Garganacl|Garganacl, L50, M|100\/100\n|move|p2a: Chien-Pao|Sucker Punch||[still]\n|-fail|p2a: Chien-Pao\n|move|p1a: Dragapult|Dragon Darts|p2a: Chien-Pao\n|-damage|p2a: Chien-Pao|48\/100\n|-anim|p1a: Dragapult|Dragon Darts|p2b: Palafin\n|-damage|p2b: Palafin|34\/100\n|move|p2b: Palafin|Close Combat|p1a: Dragapult\n|-supereffective|p1a: Dragapult\n|-crit|p1a: Dragapult\n|-damage|p1a: Dragapult|0 fnt\n|-unboost|p2b: Palafin|def|1\n|-unboost|p2b: Palafin|spd|1\n|faint|p1a: Dragapult\n|\n|upkeep\n|\n|t:|1681965508\n|switch|p1a: Tatsugiri|Tatsugiri, L50, M, shiny|23\/100\n|turn|8\n|\n|t:|1681965522\n|move|p2a: Chien-Pao|Protect|p2a: Chien-Pao\n|-singleturn|p2a: Chien-Pao|Protect\n|move|p2b: Palafin|Protect|p2b: Palafin\n|-singleturn|p2b: Palafin|Protect\n|move|p1a: Tatsugiri|Draco Meteor|p2a: Chien-Pao\n|-activate|p2a: Chien-Pao|move: Protect\n|move|p1b: Garganacl|Salt Cure|p2b: Palafin\n|-activate|p2b: Palafin|move: Protect\n|\n|upkeep\n|turn|9\n|\n|t:|1681965535\n|move|p2a: Chien-Pao|Sucker Punch|p1a: Tatsugiri\n|-damage|p1a: Tatsugiri|0 fnt\n|faint|p1a: Tatsugiri\n|move|p2b: Palafin|Wave Crash|p1b: Garganacl\n|-supereffective|p1b: Garganacl\n|-damage|p1b: Garganacl|8\/100\n|-damage|p2b: Palafin|3\/100|[from] Recoil\n|move|p1b: Garganacl|Salt Cure|p2b: Palafin\n|-damage|p2b: Palafin|0 fnt\n|faint|p2b: Palafin\n|\n|-heal|p1b: Garganacl|14\/100|[from] item: Leftovers\n|upkeep\n|turn|10\n|\n|t:|1681965547\n|move|p2a: Chien-Pao|Sucker Punch||[still]\n|-fail|p2a: Chien-Pao\n|move|p1b: Garganacl|Recover|p1b: Garganacl\n|-heal|p1b: Garganacl|64\/100\n|\n|-heal|p1b: Garganacl|70\/100|[from] item: Leftovers\n|upkeep\n|turn|11\n|\n|t:|1681965556\n|move|p1b: Garganacl|Protect|p1b: Garganacl\n|-singleturn|p1b: Garganacl|Protect\n|move|p2a: Chien-Pao|Ice Spinner|p1b: Garganacl\n|-activate|p1b: Garganacl|move: Protect\n|\n|-heal|p1b: Garganacl|75\/100|[from] item: Leftovers\n|upkeep\n|turn|12\n|\n|t:|1681965565\n|move|p2a: Chien-Pao|Sucker Punch|p1b: Garganacl\n|-damage|p1b: Garganacl|45\/100\n|move|p1b: Garganacl|Salt Cure|p2a: Chien-Pao\n|-supereffective|p2a: Chien-Pao\n|-damage|p2a: Chien-Pao|6\/100\n|-start|p2a: Chien-Pao|Salt Cure\n|\n|-heal|p1b: Garganacl|51\/100|[from] item: Leftovers\n|-damage|p2a: Chien-Pao|0 fnt|[from] Salt Cure\n|faint|p2a: Chien-Pao\n|\n|win|GaurdianA\n|upkeep\n|raw|GaurdianA's rating: 1129 → 1147<\/strong> (+18 for winning)\n|raw|Eric98Ortiz's rating: 1029 → 1019<\/strong> (-10 for losing)\n|l|\u2606Eric98Ortiz\n","uploadtime":1681965576,"views":7,"p1id":"gaurdiana","p2id":"eric98ortiz","formatid":"gen9vgc2023regulationc","rating":1019,"private":0,"password":""}