{"id":"gen9vgc2023regulationc-1855583013","p1":"Yute","p2":"Charlisito","format":"[Gen 9] VGC 2023 Regulation C","log":"|j|\u2606Yute\n|j|\u2606Charlisito\n|t:|1682964003\n|gametype|doubles\n|player|p1|Yute|brock|1187\n|player|p2|Charlisito|169|1223\n|teamsize|p1|6\n|teamsize|p2|6\n|gen|9\n|tier|[Gen 9] VGC 2023 Regulation C\n|rated|\n|rule|Species Clause: Limit one of each Pok\u00e9mon\n|rule|Item Clause: Limit one of each item\n|clearpoke\n|poke|p1|Pincurchin, L50, F|\n|poke|p1|Iron Bundle, L50|\n|poke|p1|Iron Moth, L50|\n|poke|p1|Iron Hands, L50|\n|poke|p1|Gyarados, L50, M|\n|poke|p1|Chien-Pao, L50|\n|poke|p2|Bellibolt, L50, F|\n|poke|p2|Palafin, L50, M|\n|poke|p2|Arcanine, L50, M|\n|poke|p2|Amoonguss, L50, M|\n|poke|p2|Flutter Mane, L50|\n|poke|p2|Ting-Lu, L50|\n|teampreview|4\n|\n|t:|1682964052\n|start\n|switch|p1a: Pincurchin|Pincurchin, L50, F|100\/100\n|switch|p1b: Iron Moth|Iron Moth, L50|100\/100\n|switch|p2a: Bellibolt|Bellibolt, L50, F|100\/100\n|switch|p2b: Palafin|Palafin, L50, M|100\/100\n|-fieldstart|move: Electric Terrain|[from] ability: Electric Surge|[of] p1a: Pincurchin\n|-activate|p1b: Iron Moth|ability: Quark Drive\n|-start|p1b: Iron Moth|quarkdrivespa\n|turn|1\n|\n|t:|1682964069\n|-end|p1b: Iron Moth|Quark Drive|[silent]\n|switch|p1b: Gyarados|Gyarados, L50, M|100\/100\n|-ability|p1b: Gyarados|Intimidate|boost\n|-unboost|p2a: Bellibolt|atk|1\n|-unboost|p2b: Palafin|atk|1\n|move|p2b: Palafin|Protect|p2b: Palafin\n|-singleturn|p2b: Palafin|Protect\n|move|p2a: Bellibolt|Parabolic Charge|p1a: Pincurchin|[spread] p1a,p1b\n|-activate|p2b: Palafin|move: Protect\n|-resisted|p1a: Pincurchin\n|-supereffective|p1b: Gyarados\n|-damage|p1a: Pincurchin|83\/100\n|-damage|p1b: Gyarados|0 fnt\n|faint|p1b: Gyarados\n|move|p1a: Pincurchin|Thunderbolt|p2b: Palafin\n|-activate|p2b: Palafin|move: Protect\n|\n|-heal|p1a: Pincurchin|89\/100|[from] item: Leftovers\n|upkeep\n|\n|t:|1682964087\n|switch|p1b: Iron Moth|Iron Moth, L50|100\/100\n|-activate|p1b: Iron Moth|ability: Quark Drive\n|-start|p1b: Iron Moth|quarkdrivespa\n|turn|2\n|\n|t:|1682964103\n|detailschange|p2b: Palafin|Palafin-Hero, L50, M\n|switch|p2b: Amoonguss|Amoonguss, L50, M|100\/100\n|-terastallize|p1b: Iron Moth|Grass\n|move|p1b: Iron Moth|Heat Wave|p2b: Amoonguss|[spread] p2a,p2b\n|-supereffective|p2b: Amoonguss\n|-damage|p2a: Bellibolt|59\/100\n|-damage|p2b: Amoonguss|0 fnt\n|-start|p2a: Bellibolt|Charge|Heat Wave|[from] ability: Electromorphosis\n|faint|p2b: Amoonguss\n|move|p2a: Bellibolt|Volt Switch|p1b: Iron Moth\n|-resisted|p1b: Iron Moth\n|-damage|p1b: Iron Moth|62\/100\n|-end|p2a: Bellibolt|Charge|[silent]\n|\n|t:|1682964138\n|switch|p2a: Arcanine|Arcanine, L50, M|100\/100|[from] Volt Switch\n|-ability|p2a: Arcanine|Intimidate|boost\n|-unboost|p1a: Pincurchin|atk|1\n|-unboost|p1b: Iron Moth|atk|1\n|move|p1a: Pincurchin|Thunderbolt|p2a: Arcanine\n|-damage|p2a: Arcanine|59\/100\n|\n|-heal|p1a: Pincurchin|95\/100|[from] item: Leftovers\n|upkeep\n|\n|t:|1682964142\n|switch|p2b: Bellibolt|Bellibolt, L50, F|59\/100\n|turn|3\n|\n|t:|1682964158\n|-end|p1b: Iron Moth|Quark Drive|[silent]\n|switch|p1b: Iron Hands|Iron Hands, L50|100\/100\n|-activate|p1b: Iron Hands|ability: Quark Drive\n|-start|p1b: Iron Hands|quarkdriveatk\n|move|p2a: Arcanine|Protect|p2a: Arcanine\n|-singleturn|p2a: Arcanine|Protect\n|move|p2b: Bellibolt|Parabolic Charge|p1b: Iron Hands|[spread] p1a,p1b\n|-activate|p2a: Arcanine|move: Protect\n|-resisted|p1a: Pincurchin\n|-resisted|p1b: Iron Hands\n|-damage|p1a: Pincurchin|77\/100\n|-heal|p2b: Bellibolt|66\/100|[from] drain|[of] p1a: Pincurchin\n|-damage|p1b: Iron Hands|92\/100\n|-heal|p2b: Bellibolt|71\/100|[from] drain|[of] p1b: Iron Hands\n|move|p1a: Pincurchin|Thunderbolt|p2a: Arcanine\n|-activate|p2a: Arcanine|move: Protect\n|\n|-heal|p1a: Pincurchin|83\/100|[from] item: Leftovers\n|upkeep\n|turn|4\n|\n|t:|1682964202\n|move|p1b: Iron Hands|Fake Out|p2a: Arcanine\n|-crit|p2a: Arcanine\n|-damage|p2a: Arcanine|23\/100\n|cant|p2a: Arcanine|flinch\n|move|p2b: Bellibolt|Chilling Water|p1b: Iron Hands\n|-damage|p1b: Iron Hands|84\/100\n|-unboost|p1b: Iron Hands|atk|1\n|move|p1a: Pincurchin|Thunderbolt|p2a: Arcanine\n|-damage|p2a: Arcanine|0 fnt\n|faint|p2a: Arcanine\n|\n|-heal|p1a: Pincurchin|89\/100|[from] item: Leftovers\n|upkeep\n|\n|t:|1682964204\n|switch|p2a: Palafin|Palafin-Hero, L50, M|100\/100\n|-activate|p2a: Palafin|ability: Zero to Hero\n|turn|5\n|\n|t:|1682964227\n|move|p2a: Palafin|Protect|p2a: Palafin\n|-singleturn|p2a: Palafin|Protect\n|move|p1b: Iron Hands|Wild Charge|p2a: Palafin\n|-activate|p2a: Palafin|move: Protect\n|move|p2b: Bellibolt|Parabolic Charge|p1a: Pincurchin|[spread] p1a,p1b\n|-activate|p2a: Palafin|move: Protect\n|-resisted|p1a: Pincurchin\n|-resisted|p1b: Iron Hands\n|-damage|p1a: Pincurchin|72\/100\n|-heal|p2b: Bellibolt|78\/100|[from] drain|[of] p1a: Pincurchin\n|-damage|p1b: Iron Hands|76\/100\n|-heal|p2b: Bellibolt|83\/100|[from] drain|[of] p1b: Iron Hands\n|move|p1a: Pincurchin|Hex|p2b: Bellibolt\n|-damage|p2b: Bellibolt|75\/100\n|-start|p2b: Bellibolt|Charge|Hex|[from] ability: Electromorphosis\n|\n|-heal|p1a: Pincurchin|78\/100|[from] item: Leftovers\n|-fieldend|move: Electric Terrain\n|-end|p1b: Iron Hands|Quark Drive\n|upkeep\n|turn|6\n|\n|t:|1682964261\n|-terastallize|p2a: Palafin|Water\n|move|p2a: Palafin|Wave Crash|p1b: Iron Hands\n|-damage|p1b: Iron Hands|0 fnt\n|faint|p1b: Iron Hands\n|-end|p1b: Iron Hands|Quark Drive|[silent]\n|-damage|p2a: Palafin|68\/100|[from] Recoil\n|move|p2b: Bellibolt|Volt Switch|p1a: Pincurchin\n|-resisted|p1a: Pincurchin\n|-damage|p1a: Pincurchin|40\/100\n|-end|p2b: Bellibolt|Charge|[silent]\n|move|p1a: Pincurchin|Thunderbolt|p2a: Palafin\n|-supereffective|p2a: Palafin\n|-damage|p2a: Palafin|7\/100\n|\n|-heal|p1a: Pincurchin|46\/100|[from] item: Leftovers\n|upkeep\n|\n|t:|1682964278\n|switch|p1b: Iron Moth|Iron Moth, L50, tera:Grass|62\/100\n|turn|7\n|\n|t:|1682964303\n|move|p2a: Palafin|Protect|p2a: Palafin\n|-singleturn|p2a: Palafin|Protect\n|move|p1a: Pincurchin|Protect|p1a: Pincurchin\n|-singleturn|p1a: Pincurchin|Protect\n|move|p1b: Iron Moth|Sludge Wave|p2b: Bellibolt|[spread] p2b\n|-activate|p1a: Pincurchin|move: Protect\n|-activate|p2a: Palafin|move: Protect\n|-damage|p2b: Bellibolt|42\/100\n|-status|p2b: Bellibolt|psn\n|-start|p2b: Bellibolt|Charge|Sludge Wave|[from] ability: Electromorphosis\n|move|p2b: Bellibolt|Parabolic Charge|p1a: Pincurchin|[spread] p1b\n|-activate|p2a: Palafin|move: Protect\n|-activate|p1a: Pincurchin|move: Protect\n|-resisted|p1b: Iron Moth\n|-damage|p1b: Iron Moth|42\/100\n|-heal|p2b: Bellibolt|50\/100 psn|[from] drain|[of] p1b: Iron Moth\n|-end|p2b: Bellibolt|Charge|[silent]\n|\n|-heal|p1a: Pincurchin|52\/100|[from] item: Leftovers\n|-damage|p2b: Bellibolt|37\/100 psn|[from] psn\n|upkeep\n|turn|8\n|\n|t:|1682964350\n|move|p2a: Palafin|Jet Punch|p1a: Pincurchin\n|-damage|p1a: Pincurchin|0 fnt\n|faint|p1a: Pincurchin\n|move|p1b: Iron Moth|Sludge Wave|p2a: Palafin|[spread] p2a,p2b\n|-damage|p2a: Palafin|0 fnt\n|-damage|p2b: Bellibolt|7\/100 psn\n|-start|p2b: Bellibolt|Charge|Sludge Wave|[from] ability: Electromorphosis\n|faint|p2a: Palafin\n|move|p2b: Bellibolt|Parabolic Charge|p1b: Iron Moth\n|-resisted|p1b: Iron Moth\n|-damage|p1b: Iron Moth|15\/100\n|-heal|p2b: Bellibolt|18\/100 psn|[from] drain|[of] p1b: Iron Moth\n|-end|p2b: Bellibolt|Charge|[silent]\n|\n|-damage|p2b: Bellibolt|5\/100 psn|[from] psn\n|upkeep\n|turn|9\n|\n|t:|1682964365\n|move|p2b: Bellibolt|Sucker Punch|p1b: Iron Moth\n|-damage|p1b: Iron Moth|0 fnt\n|faint|p1b: Iron Moth\n|-end|p1b: Iron Moth|Quark Drive|[silent]\n|\n|win|Charlisito\n|raw|Yute's rating: 1187 → 1165<\/strong> (-22 for losing)\n|raw|Charlisito's rating: 1223 → 1245<\/strong> (+22 for winning)\n|c|\u2606Yute|Nice\n|c|\u2606Yute|Gg\n|c|\u2606Yute|I thought i had ya\n|c|\u2606Charlisito|sucker punch belly hehe\n|l|\u2606Yute\n","uploadtime":1682964974,"views":15,"p1id":"yute","p2id":"charlisito","formatid":"gen9vgc2023regulationc","rating":1165,"private":0,"password":""}