{"id":"gen9vgc2023regulationc-1859728293","p1":"mmyatt95","p2":"JogadorZero","format":"[Gen 9] VGC 2023 Regulation C","log":"|j|\u2606mmyatt95\n|j|\u2606JogadorZero\n|t:|1683559612\n|gametype|doubles\n|player|p1|mmyatt95|2|\n|player|p2|JogadorZero|veteran-gen6|\n|teamsize|p1|6\n|teamsize|p2|6\n|gen|9\n|tier|[Gen 9] VGC 2023 Regulation C\n|rated|Tournament battle\n|rule|Species Clause: Limit one of each Pok\u00e9mon\n|rule|Item Clause: Limit one of each item\n|clearpoke\n|poke|p1|Hydreigon, L50, M|\n|poke|p1|Cetitan, L50, M|\n|poke|p1|Abomasnow, L50, M|\n|poke|p1|Tauros-Paldea-Aqua, L50, M|\n|poke|p1|Gothitelle, L50, F|\n|poke|p1|Rotom-Heat, L50|\n|poke|p2|Amoonguss, L50, M|\n|poke|p2|Scizor, L50, F|\n|poke|p2|Chi-Yu, L50|\n|poke|p2|Talonflame, L50, F|\n|poke|p2|Flutter Mane, L50|\n|poke|p2|Dragonite, L50, M|\n|teampreview|4\n|raw| Open Team Sheet for mmyatt95<\/summary>Hydreigon (M) @ Choice Scarf Ability: Levitate Level: 50 Tera Type: Fire - Draco Meteor - Dark Pulse - Heat Wave - Snarl Cetitan (M) @ Assault Vest Ability: Slush Rush Level: 50 Tera Type: Water - Ice Spinner - Liquidation - Superpower - Ice Shard Abomasnow (M) @ Focus Sash Ability: Snow Warning Level: 50 Tera Type: Water - Blizzard - Energy Ball - Aurora Veil - Protect Tauros (Tauros-Paldea-Aqua) (M) @ Mirror Herb Ability: Intimidate Level: 50 Tera Type: Grass - Raging Bull - Close Combat - Aqua Jet - Protect Gothitelle (F) @ Wiki Berry Ability: Shadow Tag Level: 50 Tera Type: Dark - Fake Out - Foul Play - Helping Hand - Trick Room Rotom (Rotom-Heat) @ Choice Specs Ability: Levitate Level: 50 Tera Type: Electric - Overheat - Thunderbolt - Volt Switch - Trick <\/details><\/div> Open Team Sheet for JogadorZero<\/summary>Amoonguss (M) @ Black Sludge Ability: Regenerator Level: 50 Tera Type: Dark - Giga Drain - Rage Powder - Spore - Sludge Bomb Scizor (F) @ Safety Goggles Ability: Technician Level: 50 Tera Type: Water - Bullet Punch - Pounce - Trailblaze - Swords Dance Chi-Yu @ Life Orb Ability: Beads of Ruin Level: 50 Tera Type: Grass - Heat Wave - Dark Pulse - Tera Blast - Protect Talonflame @ Covert Cloak Ability: Gale Wings Level: 50 Tera Type: Flying - Brave Bird - Tailwind - Flare Blitz - Will-O-Wisp Flutter Mane @ Focus Sash Ability: Protosynthesis Level: 50 Tera Type: Fairy - Dazzling Gleam - Shadow Ball - Thunderbolt - Protect Dragonite @ Assault Vest Ability: Multiscale Level: 50 Tera Type: Normal - Dragon Claw - Extreme Speed - Earthquake - Ice Spinner <\/details><\/div>\n|inactive|Battle timer is ON: inactive players will automatically lose when time's up. (requested by JogadorZero)\n|\n|t:|1683559641\n|start\n|switch|p1a: Abomasnow|Abomasnow, L50, M|100\/100\n|switch|p1b: Gothitelle|Gothitelle, L50, F|100\/100\n|switch|p2a: Chi-Yu|Chi-Yu, L50|100\/100\n|switch|p2b: Flutter Mane|Flutter Mane, L50|100\/100\n|-ability|p2a: Chi-Yu|Beads of Ruin\n|-weather|Snow|[from] ability: Snow Warning|[of] p1a: Abomasnow\n|turn|1\n|inactive|JogadorZero has 30 seconds left.\n|\n|t:|1683559673\n|-terastallize|p1a: Abomasnow|Water\n|move|p1b: Gothitelle|Fake Out|p2a: Chi-Yu\n|-damage|p2a: Chi-Yu|91\/100\n|move|p2b: Flutter Mane|Shadow Ball|p1b: Gothitelle\n|-supereffective|p1b: Gothitelle\n|-damage|p1b: Gothitelle|16\/100\n|-enditem|p1b: Gothitelle|Wiki Berry|[eat]\n|-heal|p1b: Gothitelle|49\/100|[from] item: Wiki Berry\n|cant|p2a: Chi-Yu|flinch\n|move|p1a: Abomasnow|Blizzard|p2b: Flutter Mane|[spread] p2a,p2b\n|-resisted|p2a: Chi-Yu\n|-crit|p2b: Flutter Mane\n|-damage|p2a: Chi-Yu|70\/100\n|-damage|p2b: Flutter Mane|15\/100\n|\n|-weather|Snow|[upkeep]\n|upkeep\n|turn|2\n|\n|t:|1683559698\n|-terastallize|p2a: Chi-Yu|Grass\n|move|p2b: Flutter Mane|Protect|p2b: Flutter Mane\n|-singleturn|p2b: Flutter Mane|Protect\n|move|p2a: Chi-Yu|Tera Blast|p1a: Abomasnow\n|-supereffective|p1a: Abomasnow\n|-enditem|p1a: Abomasnow|Focus Sash\n|-damage|p1a: Abomasnow|1\/100\n|-damage|p2a: Chi-Yu|60\/100|[from] item: Life Orb\n|move|p1a: Abomasnow|Aurora Veil|p1a: Abomasnow\n|-sidestart|p1: mmyatt95|move: Aurora Veil\n|move|p1b: Gothitelle|Foul Play|p2a: Chi-Yu\n|-damage|p2a: Chi-Yu|36\/100\n|\n|-weather|Snow|[upkeep]\n|upkeep\n|turn|3\n|\n|t:|1683559716\n|move|p1a: Abomasnow|Protect|p1a: Abomasnow\n|-singleturn|p1a: Abomasnow|Protect\n|move|p2b: Flutter Mane|Dazzling Gleam|p1a: Abomasnow|[spread] p1b\n|-activate|p1a: Abomasnow|move: Protect\n|-damage|p1b: Gothitelle|29\/100\n|move|p2a: Chi-Yu|Heat Wave|p1b: Gothitelle|[spread] p1b\n|-activate|p1a: Abomasnow|move: Protect\n|-damage|p1b: Gothitelle|0 fnt\n|faint|p1b: Gothitelle\n|-damage|p2a: Chi-Yu|26\/100|[from] item: Life Orb\n|\n|-weather|Snow|[upkeep]\n|upkeep\n|\n|t:|1683559729\n|switch|p1b: Cetitan|Cetitan, L50, M|100\/100\n|turn|4\n|\n|t:|1683559740\n|move|p1b: Cetitan|Ice Shard|p2a: Chi-Yu\n|-supereffective|p2a: Chi-Yu\n|-damage|p2a: Chi-Yu|0 fnt\n|faint|p2a: Chi-Yu\n|move|p2b: Flutter Mane|Dazzling Gleam|p1b: Cetitan|[spread] p1a,p1b\n|-damage|p1a: Abomasnow|0 fnt\n|-damage|p1b: Cetitan|86\/100\n|faint|p1a: Abomasnow\n|\n|-weather|Snow|[upkeep]\n|upkeep\n|\n|t:|1683559751\n|switch|p2a: Scizor|Scizor, L50, F|100\/100\n|switch|p1a: Tauros|Tauros-Paldea-Aqua, L50, M|100\/100\n|-ability|p1a: Tauros|Intimidate|boost\n|-unboost|p2a: Scizor|atk|1\n|-unboost|p2b: Flutter Mane|atk|1\n|turn|5\n|\n|t:|1683559767\n|move|p2b: Flutter Mane|Protect|p2b: Flutter Mane\n|-singleturn|p2b: Flutter Mane|Protect\n|move|p1b: Cetitan|Ice Shard|p2b: Flutter Mane\n|-activate|p2b: Flutter Mane|move: Protect\n|move|p2a: Scizor|Bullet Punch|p1b: Cetitan\n|-supereffective|p1b: Cetitan\n|-damage|p1b: Cetitan|67\/100\n|move|p1a: Tauros|Close Combat|p2a: Scizor\n|-damage|p2a: Scizor|36\/100\n|-unboost|p1a: Tauros|def|1\n|-unboost|p1a: Tauros|spd|1\n|\n|-weather|none\n|upkeep\n|turn|6\n|\n|t:|1683559788\n|move|p1b: Cetitan|Ice Shard|p2b: Flutter Mane\n|-damage|p2b: Flutter Mane|0 fnt\n|faint|p2b: Flutter Mane\n|-end|p2b: Flutter Mane|Protosynthesis|[silent]\n|move|p1a: Tauros|Close Combat|p2a: Scizor\n|-damage|p2a: Scizor|0 fnt\n|-unboost|p1a: Tauros|def|1\n|-unboost|p1a: Tauros|spd|1\n|faint|p2a: Scizor\n|\n|-sideend|p1: mmyatt95|move: Aurora Veil\n|upkeep\n|\n|t:|1683559793\n|switch|p2b: Dragonite|Dragonite, L50, M|100\/100\n|turn|7\n|\n|t:|1683559806\n|move|p1a: Tauros|Raging Bull|p2b: Dragonite\n|-resisted|p2b: Dragonite\n|-damage|p2b: Dragonite|90\/100\n|move|p2b: Dragonite|Earthquake|p1a: Tauros|[spread] p1a,p1b\n|-damage|p1a: Tauros|37\/100\n|-damage|p1b: Cetitan|38\/100\n|move|p1b: Cetitan|Ice Spinner|p2b: Dragonite\n|-supereffective|p2b: Dragonite\n|-damage|p2b: Dragonite|0 fnt\n|faint|p2b: Dragonite\n|\n|win|mmyatt95\n|n|\u2606mmyatt95|mmyatt95\n|n|\u2606JogadorZero|jogadorzero\n","uploadtime":1683559819,"views":10,"p1id":"mmyatt95","p2id":"jogadorzero","formatid":"gen9vgc2023regulationc","rating":0,"private":0,"password":""}