{"id":"gen9vgc2023regulationc-1852505212","p1":"Tango2089","p2":"Adri 2022","format":"[Gen 9] VGC 2023 Regulation C","log":"|j|\u2606Tango2089\n|j|\u2606Adri 2022\n|t:|1682566597\n|gametype|doubles\n|player|p1|Tango2089|102|\n|player|p2|Adri 2022|plasmagrunt|\n|teamsize|p1|6\n|teamsize|p2|6\n|gen|9\n|tier|[Gen 9] VGC 2023 Regulation C\n|rule|Species Clause: Limit one of each Pok\u00e9mon\n|rule|Item Clause: Limit one of each item\n|clearpoke\n|poke|p1|Amoonguss, L50, F|\n|poke|p1|Goodra, L50, F|\n|poke|p1|Mimikyu, L50, M|\n|poke|p1|Corviknight, L50, M|\n|poke|p1|Arcanine, L50, F|\n|poke|p1|Palafin, L50, F|\n|poke|p2|Dachsbun, L50, F|\n|poke|p2|Arcanine, L50, M|\n|poke|p2|Gyarados, L50, M|\n|poke|p2|Amoonguss, L50, M|\n|poke|p2|Garganacl, L50, M|\n|poke|p2|Dragonite, L50, M|\n|teampreview|4\n|\n|t:|1682566632\n|start\n|switch|p1a: Palafin|Palafin, L50, F|100\/100\n|switch|p1b: Arcanine|Arcanine, L50, F|100\/100\n|switch|p2a: Garganacl|Garganacl, L50, M|100\/100\n|switch|p2b: Amoonguss|Amoonguss, L50, M|100\/100\n|-ability|p1b: Arcanine|Intimidate|boost\n|-unboost|p2a: Garganacl|atk|1\n|-unboost|p2b: Amoonguss|atk|1\n|turn|1\n|j| Elena_Louise\n|\n|t:|1682566706\n|detailschange|p1a: Palafin|Palafin-Hero, L50, F\n|switch|p1a: Corviknight|Corviknight, L50, M|100\/100\n|switch|p2b: Dachsbun|Dachsbun, L50, F|100\/100\n|move|p1b: Arcanine|Heat Wave|p2a: Garganacl|[spread] p2a\n|-ability|p2b: Dachsbun|Well-Baked Body|boost\n|-boost|p2b: Dachsbun|def|2\n|-resisted|p2a: Garganacl\n|-damage|p2a: Garganacl|86\/100\n|move|p2a: Garganacl|Salt Cure|p1b: Arcanine\n|-supereffective|p1b: Arcanine\n|-damage|p1b: Arcanine|82\/100\n|-start|p1b: Arcanine|Salt Cure\n|\n|-heal|p2a: Garganacl|92\/100|[from] item: Leftovers\n|-damage|p1b: Arcanine|70\/100|[from] Salt Cure\n|upkeep\n|turn|2\n|\n|t:|1682566741\n|switch|p1b: Mimikyu|Mimikyu, L50, M|100\/100\n|switch|p2a: Arcanine|Arcanine, L50, M|100\/100\n|move|p2b: Dachsbun|Baton Pass|p2b: Dachsbun\n|\n|t:|1682566748\n|switch|p2b: Garganacl|Garganacl, L50, M|92\/100|[from] Baton Pass\n|move|p1a: Corviknight|Iron Head|p2b: Garganacl\n|-supereffective|p2b: Garganacl\n|-damage|p2b: Garganacl|72\/100\n|\n|-heal|p2b: Garganacl|77\/100|[from] item: Leftovers\n|upkeep\n|turn|3\n|\n|t:|1682566801\n|move|p2a: Arcanine|Overheat|p1a: Corviknight|[miss]\n|-miss|p2a: Arcanine|p1a: Corviknight\n|move|p1b: Mimikyu|Shadow Claw|p2b: Garganacl\n|-damage|p2b: Garganacl|72\/100\n|move|p1a: Corviknight|Iron Head|p2b: Garganacl\n|-supereffective|p2b: Garganacl\n|-damage|p2b: Garganacl|54\/100\n|cant|p2b: Garganacl|flinch\n|\n|-heal|p2b: Garganacl|60\/100|[from] item: Leftovers\n|upkeep\n|turn|4\n|\n|t:|1682566870\n|move|p2b: Garganacl|Protect|p2b: Garganacl\n|-singleturn|p2b: Garganacl|Protect\n|move|p2a: Arcanine|Fire Blast|p1a: Corviknight\n|-supereffective|p1a: Corviknight\n|-damage|p1a: Corviknight|7\/100\n|move|p1b: Mimikyu|Shadow Claw|p2b: Garganacl\n|-activate|p2b: Garganacl|move: Protect\n|move|p1a: Corviknight|Iron Head|p2b: Garganacl\n|-activate|p2b: Garganacl|move: Protect\n|\n|-heal|p1a: Corviknight|13\/100|[from] item: Leftovers\n|-heal|p2b: Garganacl|66\/100|[from] item: Leftovers\n|upkeep\n|turn|5\n|\n|t:|1682566941\n|move|p2a: Arcanine|Fire Blast|p1a: Corviknight\n|-supereffective|p1a: Corviknight\n|-damage|p1a: Corviknight|0 fnt\n|faint|p1a: Corviknight\n|move|p1b: Mimikyu|Play Rough|p2a: Arcanine\n|-resisted|p2a: Arcanine\n|-damage|p2a: Arcanine|76\/100\n|move|p2b: Garganacl|Salt Cure|p1b: Mimikyu\n|-activate|p1b: Mimikyu|ability: Disguise\n|-damage|p1b: Mimikyu|100\/100\n|-start|p1b: Mimikyu|Salt Cure\n|detailschange|p1b: Mimikyu|Mimikyu-Busted, L50, M\n|-damage|p1b: Mimikyu|88\/100|[from] pokemon: Mimikyu-Busted\n|\n|-heal|p2b: Garganacl|72\/100|[from] item: Leftovers\n|-damage|p1b: Mimikyu|76\/100|[from] Salt Cure\n|upkeep\n|\n|t:|1682566961\n|switch|p1a: Palafin|Palafin-Hero, L50, F|100\/100\n|-activate|p1a: Palafin|ability: Zero to Hero\n|turn|6\n|\n|t:|1682566991\n|switch|p2a: Amoonguss|Amoonguss, L50, M|100\/100\n|-terastallize|p1a: Palafin|Water\n|move|p1a: Palafin|Wave Crash|p2b: Garganacl\n|-supereffective|p2b: Garganacl\n|-damage|p2b: Garganacl|0 fnt\n|faint|p2b: Garganacl\n|-damage|p1a: Palafin|77\/100|[from] Recoil\n|move|p1b: Mimikyu|Shadow Claw|p2a: Amoonguss\n|-damage|p2a: Amoonguss|76\/100\n|\n|-damage|p1b: Mimikyu|63\/100|[from] Salt Cure\n|upkeep\n|\n|t:|1682567003\n|switch|p2b: Dachsbun|Dachsbun, L50, F|100\/100\n|turn|7\n|\n|t:|1682567036\n|switch|p1b: Arcanine|Arcanine, L50, F|70\/100\n|-ability|p1b: Arcanine|Intimidate|boost\n|-unboost|p2a: Amoonguss|atk|1\n|-unboost|p2b: Dachsbun|atk|1\n|move|p1a: Palafin|Jet Punch|p2b: Dachsbun\n|-damage|p2b: Dachsbun|47\/100\n|move|p2b: Dachsbun|Howl|p2b: Dachsbun|[spread] p2a,p2b\n|-boost|p2a: Amoonguss|atk|1\n|-boost|p2b: Dachsbun|atk|1\n|move|p2a: Amoonguss|Spore|p1a: Palafin\n|-status|p1a: Palafin|slp|[from] move: Spore\n|\n|upkeep\n|turn|8\n|\n|t:|1682567081\n|-terastallize|p2b: Dachsbun|Fighting\n|move|p2a: Amoonguss|Rage Powder|p2a: Amoonguss\n|-singleturn|p2a: Amoonguss|move: Rage Powder\n|cant|p1a: Palafin|slp\n|move|p1b: Arcanine|Heat Wave|p2b: Dachsbun|[spread] p2a\n|-ability|p2b: Dachsbun|Well-Baked Body|boost\n|-boost|p2b: Dachsbun|def|2\n|-supereffective|p2a: Amoonguss\n|-damage|p2a: Amoonguss|21\/100\n|-status|p2a: Amoonguss|brn\n|-enditem|p2a: Amoonguss|Sitrus Berry|[eat]\n|-heal|p2a: Amoonguss|46\/100 brn|[from] item: Sitrus Berry\n|move|p2b: Dachsbun|Body Press|p1b: Arcanine\n|-damage|p1b: Arcanine|6\/100\n|-enditem|p1b: Arcanine|Iapapa Berry|[eat]\n|-heal|p1b: Arcanine|39\/100|[from] item: Iapapa Berry\n|\n|-damage|p2a: Amoonguss|40\/100 brn|[from] brn\n|upkeep\n|turn|9\n|\n|t:|1682567114\n|move|p2a: Amoonguss|Rage Powder|p2a: Amoonguss\n|-singleturn|p2a: Amoonguss|move: Rage Powder\n|-curestatus|p1a: Palafin|slp|[msg]\n|move|p1a: Palafin|Wave Crash|p2a: Amoonguss\n|-resisted|p2a: Amoonguss\n|-damage|p2a: Amoonguss|0 fnt\n|faint|p2a: Amoonguss\n|-damage|p1a: Palafin|63\/100|[from] Recoil\n|move|p2b: Dachsbun|Body Press|p1a: Palafin\n|-damage|p1a: Palafin|5\/100\n|move|p1b: Arcanine|Heat Wave|p2b: Dachsbun\n|-ability|p2b: Dachsbun|Well-Baked Body|boost\n|-boost|p2b: Dachsbun|def|2\n|\n|upkeep\n|\n|t:|1682567128\n|switch|p2a: Arcanine|Arcanine, L50, M|76\/100\n|turn|10\n|\n|t:|1682567186\n|switch|p1b: Mimikyu|Mimikyu-Busted, L50, M|63\/100\n|move|p2a: Arcanine|Protect|p2a: Arcanine\n|-singleturn|p2a: Arcanine|Protect\n|move|p1a: Palafin|Jet Punch|p2a: Arcanine\n|-activate|p2a: Arcanine|move: Protect\n|move|p2b: Dachsbun|Body Press|p1a: Palafin\n|-damage|p1a: Palafin|0 fnt\n|faint|p1a: Palafin\n|\n|upkeep\n|\n|t:|1682567203\n|switch|p1a: Arcanine|Arcanine, L50, F|39\/100\n|-ability|p1a: Arcanine|Intimidate|boost\n|-unboost|p2a: Arcanine|atk|1\n|-unboost|p2b: Dachsbun|atk|1\n|turn|11\n|\n|t:|1682567227\n|move|p1a: Arcanine|Protect|p1a: Arcanine\n|-singleturn|p1a: Arcanine|Protect\n|move|p2a: Arcanine|Fire Blast|p1b: Mimikyu|[miss]\n|-miss|p2a: Arcanine|p1b: Mimikyu\n|move|p1b: Mimikyu|Shadow Claw|p2b: Dachsbun\n|-damage|p2b: Dachsbun|36\/100\n|move|p2b: Dachsbun|Body Press|p1a: Arcanine\n|-activate|p1a: Arcanine|move: Protect\n|\n|upkeep\n|turn|12\n|\n|t:|1682567255\n|move|p2a: Arcanine|Fire Blast|p1b: Mimikyu\n|-damage|p1b: Mimikyu|13\/100\n|move|p1b: Mimikyu|Shadow Claw|p2b: Dachsbun\n|-crit|p2b: Dachsbun\n|-damage|p2b: Dachsbun|0 fnt\n|faint|p2b: Dachsbun\n|move|p1a: Arcanine|Snarl|p2a: Arcanine\n|-damage|p2a: Arcanine|56\/100\n|-unboost|p2a: Arcanine|spa|1\n|-ability|p2a: Arcanine|Justified|boost\n|-boost|p2a: Arcanine|atk|1\n|\n|upkeep\n|turn|13\n|\n|t:|1682567315\n|move|p1b: Mimikyu|Protect|p1b: Mimikyu\n|-singleturn|p1b: Mimikyu|Protect\n|move|p2a: Arcanine|Fire Blast|p1b: Mimikyu\n|-activate|p1b: Mimikyu|move: Protect\n|move|p1a: Arcanine|Heat Wave|p2a: Arcanine\n|-resisted|p2a: Arcanine\n|-damage|p2a: Arcanine|29\/100\n|\n|upkeep\n|turn|14\n|\n|t:|1682567344\n|move|p2a: Arcanine|Fire Blast|p1b: Mimikyu\n|-damage|p1b: Mimikyu|0 fnt\n|faint|p1b: Mimikyu\n|move|p1a: Arcanine|Heat Wave|p2a: Arcanine\n|-resisted|p2a: Arcanine\n|-damage|p2a: Arcanine|2\/100\n|\n|upkeep\n|turn|15\n|\n|t:|1682567358\n|move|p2a: Arcanine|Fire Blast|p1a: Arcanine\n|-resisted|p1a: Arcanine\n|-damage|p1a: Arcanine|21\/100\n|move|p1a: Arcanine|Heat Wave|p2a: Arcanine|[miss]\n|-miss|p1a: Arcanine|p2a: Arcanine\n|\n|upkeep\n|turn|16\n|\n|t:|1682567377\n|move|p2a: Arcanine|Overheat|p1a: Arcanine\n|-resisted|p1a: Arcanine\n|-damage|p1a: Arcanine|0 fnt\n|-unboost|p2a: Arcanine|spa|2\n|faint|p1a: Arcanine\n|\n|win|Adri 2022\n","uploadtime":1682567392,"views":8,"p1id":"tango2089","p2id":"adri2022","formatid":"gen9vgc2023regulationc","rating":0,"private":0,"password":""}