{"id":"gen9vgc2023regulationc-1853143093","p1":"HiKraunty","p2":"Can'tStopFalling","format":"[Gen 9] VGC 2023 Regulation C","log":"|j|\u2606HiKraunty\n|j|\u2606Can'tStopFalling\n|t:|1682640408\n|gametype|doubles\n|player|p1|HiKraunty|hilda|\n|player|p2|Can'tStopFalling|parasollady|\n|teamsize|p1|6\n|teamsize|p2|6\n|gen|9\n|tier|[Gen 9] VGC 2023 Regulation C\n|rule|Species Clause: Limit one of each Pok\u00e9mon\n|rule|Item Clause: Limit one of each item\n|clearpoke\n|poke|p1|Flutter Mane, L50|\n|poke|p1|Iron Bundle, L50|\n|poke|p1|Maushold-Four, L50|\n|poke|p1|Roaring Moon, L50|\n|poke|p1|Bellibolt, L50, F|\n|poke|p1|Great Tusk, L50|\n|poke|p2|Palafin, L50, M|\n|poke|p2|Amoonguss, L50, F|\n|poke|p2|Arcanine, L50, F|\n|poke|p2|Flutter Mane, L50|\n|poke|p2|Stonjourner, L50, F|\n|poke|p2|Farigiraf, L50, F|\n|teampreview|4\nCan'tStopFalling has agreed to open team sheets.\nHiKraunty has agreed to open team sheets.\n|c|\u2606Can'tStopFalling|g2\n|c|\u2606Can'tStopFalling|gl hf\n|c|\u2606HiKraunty|glhf\n|\n|t:|1682640773\n|start\n|switch|p1a: BellyBall|Bellibolt, L50, F|100\/100\n|switch|p1b: Nth>Family|Maushold-Four, L50|100\/100\n|switch|p2a: Papaya|Stonjourner, L50, F|100\/100\n|switch|p2b: Parchita|Flutter Mane, L50|100\/100\n|-enditem|p2b: Parchita|Booster Energy\n|-activate|p2b: Parchita|ability: Protosynthesis|[fromitem]\n|-start|p2b: Parchita|protosynthesisspa\n|turn|1\n|\n|t:|1682640794\n|-terastallize|p2b: Parchita|Fairy\n|move|p1b: Nth>Family|Feint|p2a: Papaya\n|-resisted|p2a: Papaya\n|-damage|p2a: Papaya|97\/100\n|move|p2b: Parchita|Dazzling Gleam|p1b: Nth>Family|[spread] p1a,p1b\n|-damage|p1a: BellyBall|67\/100\n|-damage|p1b: Nth>Family|30\/100\n|-start|p1a: BellyBall|Charge|Dazzling Gleam|[from] ability: Electromorphosis\n|move|p2a: Papaya|Rock Slide|p1a: BellyBall|[spread] p1a,p1b\n|-crit|p1b: Nth>Family\n|-damage|p1a: BellyBall|45\/100\n|-damage|p1b: Nth>Family|0 fnt\n|-start|p1a: BellyBall|Charge|Rock Slide|[from] ability: Electromorphosis\n|faint|p1b: Nth>Family\n|move|p1a: BellyBall|Parabolic Charge|p2a: Papaya|[spread] p2a,p2b\n|-damage|p2a: Papaya|0 fnt\n|-heal|p1a: BellyBall|85\/100|[from] drain|[of] p2a: Papaya\n|-damage|p2b: Parchita|59\/100\n|-heal|p1a: BellyBall|99\/100|[from] drain|[of] p2b: Parchita\n|faint|p2a: Papaya\n|-end|p1a: BellyBall|Charge|[silent]\n|\n|upkeep\n|\n|t:|1682640812\n|switch|p1b: Sailor Moon|Roaring Moon, L50|100\/100\n|switch|p2a: Naranja|Amoonguss, L50, F|100\/100\n|-enditem|p1b: Sailor Moon|Booster Energy\n|-activate|p1b: Sailor Moon|ability: Protosynthesis|[fromitem]\n|-start|p1b: Sailor Moon|protosynthesisspe\n|turn|2\n|\n|t:|1682640863\n|switch|p2a: Fresita|Arcanine, L50, F|100\/100\n|-ability|p2a: Fresita|Intimidate|boost\n|-unboost|p1a: BellyBall|atk|1\n|-unboost|p1b: Sailor Moon|atk|1\n|-terastallize|p1b: Sailor Moon|Flying\n|move|p2b: Parchita|Protect|p2b: Parchita\n|-singleturn|p2b: Parchita|Protect\n|move|p1b: Sailor Moon|Acrobatics|p2a: Fresita\n|-damage|p2a: Fresita|58\/100\n|move|p1a: BellyBall|Thunderbolt|p2b: Parchita\n|-activate|p2b: Parchita|move: Protect\n|\n|upkeep\n|turn|3\n|\n|t:|1682640890\n|move|p1b: Sailor Moon|Protect|p1b: Sailor Moon\n|-singleturn|p1b: Sailor Moon|Protect\n|move|p2b: Parchita|Moonblast|p1a: BellyBall\n|-damage|p1a: BellyBall|47\/100\n|-start|p1a: BellyBall|Charge|Moonblast|[from] ability: Electromorphosis\n|move|p2a: Fresita|Flare Blitz|p1b: Sailor Moon\n|-activate|p1b: Sailor Moon|move: Protect\n|move|p1a: BellyBall|Parabolic Charge|p2b: Parchita|[spread] p2a,p2b\n|-activate|p1b: Sailor Moon|move: Protect\n|-crit|p2a: Fresita\n|-damage|p2a: Fresita|0 fnt\n|-heal|p1a: BellyBall|72\/100|[from] drain|[of] p2a: Fresita\n|-damage|p2b: Parchita|17\/100\n|-heal|p1a: BellyBall|86\/100|[from] drain|[of] p2b: Parchita\n|faint|p2a: Fresita\n|-end|p1a: BellyBall|Charge|[silent]\n|\n|upkeep\n|\n|t:|1682640893\n|switch|p2a: Naranja|Amoonguss, L50, F|100\/100\n|turn|4\n|c|\u2606Can'tStopFalling|oh my god he's incredible\n|\n|t:|1682640924\n|move|p2b: Parchita|Protect|p2b: Parchita\n|-singleturn|p2b: Parchita|Protect\n|move|p1b: Sailor Moon|Acrobatics|p2a: Naranja\n|-supereffective|p2a: Naranja\n|-damage|p2a: Naranja|37\/100\n|-enditem|p2a: Naranja|Sitrus Berry|[eat]\n|-heal|p2a: Naranja|62\/100|[from] item: Sitrus Berry\n|move|p1a: BellyBall|Thunderbolt|p2b: Parchita\n|-activate|p2b: Parchita|move: Protect\n|move|p2a: Naranja|Spore|p1a: BellyBall\n|-status|p1a: BellyBall|slp|[from] move: Spore\n|\n|upkeep\n|turn|5\n|\n|t:|1682640941\n|move|p2a: Naranja|Rage Powder|p2a: Naranja\n|-singleturn|p2a: Naranja|move: Rage Powder\n|move|p1b: Sailor Moon|Acrobatics|p2a: Naranja\n|-supereffective|p2a: Naranja\n|-damage|p2a: Naranja|0 fnt\n|faint|p2a: Naranja\n|move|p2b: Parchita|Moonblast|p1b: Sailor Moon\n|-damage|p1b: Sailor Moon|26\/100\n|cant|p1a: BellyBall|slp\n|\n|upkeep\n|turn|6\n|c|\u2606Can'tStopFalling|wp\n|\n|t:|1682640953\n|move|p1b: Sailor Moon|Acrobatics|p2b: Parchita\n|-damage|p2b: Parchita|0 fnt\n|faint|p2b: Parchita\n|-end|p2b: Parchita|Protosynthesis|[silent]\n|\n|win|HiKraunty\n","uploadtime":1682641371,"views":11,"p1id":"hikraunty","p2id":"cantstopfalling","formatid":"gen9vgc2023regulationc","rating":0,"private":0,"password":""}