{"id":"gen9vgc2023regulationc-1848385770","p1":"Sanahusband9","p2":"mx555","format":"[Gen 9] VGC 2023 Regulation C","log":"|j|\u2606Sanahusband9\n|j|\u2606mx555\n|t:|1682070516\n|gametype|doubles\n|player|p1|Sanahusband9|101|1347\n|player|p2|mx555|102|1374\n|teamsize|p1|6\n|teamsize|p2|6\n|gen|9\n|tier|[Gen 9] VGC 2023 Regulation C\n|rated|\n|rule|Species Clause: Limit one of each Pok\u00e9mon\n|rule|Item Clause: Limit one of each item\n|clearpoke\n|poke|p1|Baxcalibur, L50, M|\n|poke|p1|Flutter Mane, L50|\n|poke|p1|Chi-Yu, L50|\n|poke|p1|Iron Bundle, L50|\n|poke|p1|Amoonguss, L50, M|\n|poke|p1|Braviary, L50, M|\n|poke|p2|Farigiraf, L50, F|\n|poke|p2|Dragapult, L50, F|\n|poke|p2|Chien-Pao, L50|\n|poke|p2|Iron Hands, L50|\n|poke|p2|Amoonguss, L50, F|\n|poke|p2|Iron Bundle, L50|\n|teampreview|4\n|\n|t:|1682070575\n|start\n|switch|p1a: Flutter Mane|Flutter Mane, L50|100\/100\n|switch|p1b: Chi-Yu|Chi-Yu, L50|100\/100\n|switch|p2a: Farigiraf|Farigiraf, L50, F|100\/100\n|switch|p2b: Iron Bundle|Iron Bundle, L50|100\/100\n|-ability|p1b: Chi-Yu|Beads of Ruin\n|-enditem|p2b: Iron Bundle|Booster Energy\n|-activate|p2b: Iron Bundle|ability: Quark Drive|[fromitem]\n|-start|p2b: Iron Bundle|quarkdrivespe\n|turn|1\n|inactive|Battle timer is ON: inactive players will automatically lose when time's up. (requested by mx555)\n|\n|t:|1682070603\n|move|p2b: Iron Bundle|Hydro Pump|p1b: Chi-Yu\n|-supereffective|p1b: Chi-Yu\n|-damage|p1b: Chi-Yu|0 fnt\n|faint|p1b: Chi-Yu\n|move|p1a: Flutter Mane|Moonblast|p2b: Iron Bundle\n|-damage|p2b: Iron Bundle|0 fnt\n|faint|p2b: Iron Bundle\n|-end|p2b: Iron Bundle|Quark Drive|[silent]\n|move|p2a: Farigiraf|Trick Room|p2a: Farigiraf\n|-fieldstart|move: Trick Room|[of] p2a: Farigiraf\n|\n|upkeep\n|\n|t:|1682070611\n|switch|p1b: Baxcalibur|Baxcalibur, L50, M|100\/100\n|switch|p2b: Amoonguss|Amoonguss, L50, F|100\/100\n|turn|2\n|\n|t:|1682070628\n|switch|p1b: Amoonguss|Amoonguss, L50, M|100\/100\n|move|p2b: Amoonguss|Spore|p1b: Amoonguss\n|-immune|p1b: Amoonguss\n|move|p2a: Farigiraf|Hyper Voice|p1b: Amoonguss|[spread] p1b\n|-immune|p1a: Flutter Mane\n|-damage|p1b: Amoonguss|78\/100\n|-enditem|p2a: Farigiraf|Throat Spray\n|-boost|p2a: Farigiraf|spa|1|[from] item: Throat Spray\n|move|p1a: Flutter Mane|Moonblast|p2a: Farigiraf\n|-damage|p2a: Farigiraf|28\/100\n|\n|upkeep\n|turn|3\n|inactive|Sanahusband9 has 30 seconds left.\n|\n|t:|1682070653\n|move|p2b: Amoonguss|Spore|p1a: Flutter Mane\n|-status|p1a: Flutter Mane|slp|[from] move: Spore\n|move|p1b: Amoonguss|Pollen Puff|p2a: Farigiraf\n|-supereffective|p2a: Farigiraf\n|-damage|p2a: Farigiraf|0 fnt\n|faint|p2a: Farigiraf\n|cant|p1a: Flutter Mane|slp\n|\n|upkeep\n|\n|t:|1682070663\n|switch|p2a: Iron Hands|Iron Hands, L50|100\/100\n|turn|4\n|inactive|mx555 has 30 seconds left.\n|\n|t:|1682070689\n|-terastallize|p2a: Iron Hands|Grass\n|move|p2b: Amoonguss|Clear Smog|p1a: Flutter Mane\n|-damage|p1a: Flutter Mane|85\/100 slp\n|-clearboost|p1a: Flutter Mane\n|move|p1b: Amoonguss|Spore|p2a: Iron Hands\n|-immune|p2a: Iron Hands\n|move|p2a: Iron Hands|Belly Drum|p2a: Iron Hands\n|-damage|p2a: Iron Hands|50\/100\n|-setboost|p2a: Iron Hands|atk|6|[from] move: Belly Drum\n|-enditem|p2a: Iron Hands|Sitrus Berry|[eat]\n|-heal|p2a: Iron Hands|75\/100|[from] item: Sitrus Berry\n|cant|p1a: Flutter Mane|slp\n|\n|upkeep\n|turn|5\n|\n|t:|1682070713\n|move|p2b: Amoonguss|Pollen Puff|p2a: Iron Hands\n|-heal|p2a: Iron Hands|100\/100\n|move|p1b: Amoonguss|Pollen Puff|p2b: Amoonguss\n|-damage|p2b: Amoonguss|85\/100\n|move|p2a: Iron Hands|Thunder Punch|p1a: Flutter Mane\n|-damage|p1a: Flutter Mane|0 fnt\n|faint|p1a: Flutter Mane\n|-end|p1a: Flutter Mane|Protosynthesis|[silent]\n|\n|-fieldend|move: Trick Room\n|upkeep\n|\n|t:|1682070720\n|switch|p1a: Baxcalibur|Baxcalibur, L50, M|100\/100\n|turn|6\n|\n|t:|1682070739\n|move|p1a: Baxcalibur|Icicle Crash|p2b: Amoonguss\n|-supereffective|p2b: Amoonguss\n|-damage|p2b: Amoonguss|3\/100\n|-enditem|p2b: Amoonguss|Wiki Berry|[eat]\n|-heal|p2b: Amoonguss|36\/100|[from] item: Wiki Berry\n|move|p2a: Iron Hands|Drain Punch|p1a: Baxcalibur\n|-supereffective|p1a: Baxcalibur\n|-damage|p1a: Baxcalibur|0 fnt\n|faint|p1a: Baxcalibur\n|move|p1b: Amoonguss|Pollen Puff|p2a: Iron Hands\n|-supereffective|p2a: Iron Hands\n|-damage|p2a: Iron Hands|75\/100\n|cant|p2b: Amoonguss|flinch\n|\n|upkeep\n|turn|7\n|inactive|Sanahusband9 has 30 seconds left.\n|inactive|Sanahusband9 has 20 seconds left.\n|\n|t:|1682070778\n|move|p2a: Iron Hands|Drain Punch|p1b: Amoonguss\n|-resisted|p1b: Amoonguss\n|-damage|p1b: Amoonguss|22\/100\n|-heal|p2a: Iron Hands|99\/100|[from] drain|[of] p1b: Amoonguss\n|-damage|p2a: Iron Hands|82\/100|[from] item: Rocky Helmet|[of] p1b: Amoonguss\n|move|p1b: Amoonguss|Pollen Puff|p2a: Iron Hands\n|-supereffective|p2a: Iron Hands\n|-damage|p2a: Iron Hands|56\/100\n|move|p2b: Amoonguss|Pollen Puff|p1b: Amoonguss\n|-damage|p1b: Amoonguss|6\/100\n|\n|upkeep\n|turn|8\n|\n|t:|1682070786\n|move|p2a: Iron Hands|Drain Punch|p1b: Amoonguss\n|-resisted|p1b: Amoonguss\n|-damage|p1b: Amoonguss|0 fnt\n|-heal|p2a: Iron Hands|58\/100|[from] drain|[of] p1b: Amoonguss\n|-damage|p2a: Iron Hands|41\/100|[from] item: Rocky Helmet|[of] p1b: Amoonguss\n|faint|p1b: Amoonguss\n|\n|win|mx555\n|raw|Sanahusband9's rating: 1347 → 1329<\/strong> (-18 for losing)\n|raw|mx555's rating: 1374 → 1392<\/strong> (+18 for winning)\n|l|\u2606Sanahusband9\n","uploadtime":1682070793,"views":15,"p1id":"sanahusband9","p2id":"mx555","formatid":"gen9vgc2023regulationc","rating":1329,"private":0,"password":""}