{"id":"gen9vgc2023regulationc-1847758659","p1":"ultramandyna","p2":"fireball0809","format":"[Gen 9] VGC 2023 Regulation C","log":"|j|\u2606ultramandyna\n|j|\u2606fireball0809\n|t:|1681999533\n|gametype|doubles\n|player|p1|ultramandyna|102|1057\n|player|p2|fireball0809|red|1016\n|teamsize|p1|6\n|teamsize|p2|6\n|gen|9\n|tier|[Gen 9] VGC 2023 Regulation C\n|rated|\n|rule|Species Clause: Limit one of each Pok\u00e9mon\n|rule|Item Clause: Limit one of each item\n|clearpoke\n|poke|p1|Amoonguss, L50, M|\n|poke|p1|Ting-Lu, L50|\n|poke|p1|Palafin, L50, M|\n|poke|p1|Skeledirge, L50, M|\n|poke|p1|Wo-Chien, L50|\n|poke|p1|Haxorus, L50, M|\n|poke|p2|Flareon, L50, F|\n|poke|p2|Vaporeon, L50, F|\n|poke|p2|Jolteon, L50, M|\n|poke|p2|Dragonite, L50, M|\n|poke|p2|Gengar, L50, M|\n|poke|p2|Slowbro, L50, M|\n|teampreview|4\n|\n|t:|1681999571\n|start\n|switch|p1a: Palafin|Palafin, L50, M|100\/100\n|switch|p1b: Wo-Chien|Wo-Chien, L50|100\/100\n|switch|p2a: Vaporeon|Vaporeon, L50, F|100\/100\n|switch|p2b: Jolteon|Jolteon, L50, M|100\/100\n|-ability|p1b: Wo-Chien|Tablets of Ruin\n|turn|1\n|\n|t:|1681999589\n|detailschange|p1a: Palafin|Palafin-Hero, L50, M\n|switch|p1a: Ting-Lu|Ting-Lu, L50|100\/100\n|-ability|p1a: Ting-Lu|Vessel of Ruin\n|move|p2b: Jolteon|Thunder|p1a: Ting-Lu\n|-immune|p1a: Ting-Lu\n|move|p1b: Wo-Chien|Leech Seed|p2a: Vaporeon\n|-start|p2a: Vaporeon|move: Leech Seed\n|move|p2a: Vaporeon|Yawn|p1b: Wo-Chien\n|-start|p1b: Wo-Chien|move: Yawn|[of] p2a: Vaporeon\n|\n|-damage|p2a: Vaporeon|88\/100|[from] Leech Seed|[of] p1b: Wo-Chien\n|upkeep\n|turn|2\n|\n|t:|1681999621\n|move|p2b: Jolteon|Hyper Beam|p1a: Ting-Lu\n|-damage|p1a: Ting-Lu|64\/100\n|-mustrecharge|p2b: Jolteon\n|move|p1b: Wo-Chien|Leech Seed|p2b: Jolteon|[miss]\n|-miss|p1b: Wo-Chien|p2b: Jolteon\n|move|p2a: Vaporeon|Blizzard|p1a: Ting-Lu|[spread] p1a,p1b\n|-supereffective|p1a: Ting-Lu\n|-supereffective|p1b: Wo-Chien\n|-damage|p1a: Ting-Lu|33\/100\n|-damage|p1b: Wo-Chien|72\/100\n|move|p1a: Ting-Lu|Ruination|p2b: Jolteon\n|-damage|p2b: Jolteon|51\/100\n|\n|-heal|p1b: Wo-Chien|79\/100|[from] item: Leftovers\n|-damage|p2a: Vaporeon|76\/100|[from] Leech Seed|[of] p1b: Wo-Chien\n|-heal|p1b: Wo-Chien|96\/100|[silent]\n|-end|p1b: Wo-Chien|move: Yawn|[silent]\n|-status|p1b: Wo-Chien|slp\n|upkeep\n|turn|3\n|\n|t:|1681999657\n|-terastallize|p1b: Wo-Chien|Poison\n|move|p1a: Ting-Lu|Protect|p1a: Ting-Lu\n|-singleturn|p1a: Ting-Lu|Protect\n|cant|p2b: Jolteon|recharge\n|cant|p1b: Wo-Chien|slp\n|move|p2a: Vaporeon|Hydro Pump|p1a: Ting-Lu\n|-activate|p1a: Ting-Lu|move: Protect\n|\n|-heal|p1b: Wo-Chien|100\/100 slp|[from] item: Leftovers\n|-damage|p2a: Vaporeon|64\/100|[from] Leech Seed|[of] p1b: Wo-Chien\n|upkeep\n|turn|4\n|\n|t:|1681999683\n|move|p2b: Jolteon|Thunder|p1b: Wo-Chien\n|-damage|p1b: Wo-Chien|75\/100 slp\n|cant|p1b: Wo-Chien|slp\n|move|p2a: Vaporeon|Hydro Pump|p1a: Ting-Lu\n|-supereffective|p1a: Ting-Lu\n|-damage|p1a: Ting-Lu|0 fnt\n|faint|p1a: Ting-Lu\n|\n|-heal|p1b: Wo-Chien|81\/100 slp|[from] item: Leftovers\n|-damage|p2a: Vaporeon|52\/100|[from] Leech Seed|[of] p1b: Wo-Chien\n|-heal|p1b: Wo-Chien|99\/100 slp|[silent]\n|upkeep\n|\n|t:|1681999695\n|switch|p1a: Haxorus|Haxorus, L50, M|100\/100\n|-ability|p1a: Haxorus|Mold Breaker\n|turn|5\n|\n|t:|1681999723\n|move|p2b: Jolteon|Yawn|p1a: Haxorus\n|-start|p1a: Haxorus|move: Yawn|[of] p2b: Jolteon\n|move|p1a: Haxorus|Dragon Dance|p1a: Haxorus\n|-boost|p1a: Haxorus|atk|1\n|-boost|p1a: Haxorus|spe|1\n|cant|p1b: Wo-Chien|slp\n|move|p2a: Vaporeon|Blizzard|p1a: Haxorus|[spread] p1b\n|-miss|p2a: Vaporeon|p1a: Haxorus\n|-damage|p1b: Wo-Chien|77\/100 slp\n|\n|-heal|p1b: Wo-Chien|83\/100 slp|[from] item: Leftovers\n|-damage|p2a: Vaporeon|39\/100|[from] Leech Seed|[of] p1b: Wo-Chien\n|-heal|p1b: Wo-Chien|100\/100 slp|[silent]\n|upkeep\n|turn|6\n|\n|t:|1681999753\n|move|p2b: Jolteon|Wish|p2b: Jolteon\n|move|p1a: Haxorus|Earthquake|p2b: Jolteon|[spread] p1b,p2a,p2b\n|-supereffective|p1b: Wo-Chien\n|-supereffective|p2b: Jolteon\n|-damage|p1b: Wo-Chien|42\/100 slp\n|-damage|p2a: Vaporeon|1\/100\n|-damage|p2b: Jolteon|0 fnt\n|faint|p2b: Jolteon\n|-curestatus|p1b: Wo-Chien|slp|[msg]\n|move|p1b: Wo-Chien|Giga Drain|p2a: Vaporeon\n|-supereffective|p2a: Vaporeon\n|-damage|p2a: Vaporeon|0 fnt\n|-heal|p1b: Wo-Chien|43\/100|[from] drain|[of] p2a: Vaporeon\n|faint|p2a: Vaporeon\n|\n|-heal|p1b: Wo-Chien|49\/100|[from] item: Leftovers\n|-end|p1a: Haxorus|move: Yawn|[silent]\n|-status|p1a: Haxorus|slp\n|-enditem|p1a: Haxorus|Lum Berry|[eat]\n|-curestatus|p1a: Haxorus|slp|[msg]\n|upkeep\n|\n|t:|1681999786\n|switch|p2b: Gengar|Gengar, L50, M|100\/100\n|switch|p2a: Dragonite|Dragonite, L50, M|100\/100\n|turn|7\n|\n|t:|1681999802\n|-terastallize|p2a: Dragonite|Normal\n|move|p1a: Haxorus|Dragon Claw|p2a: Dragonite\n|-damage|p2a: Dragonite|38\/100\n|-damage|p1a: Haxorus|84\/100|[from] item: Rocky Helmet|[of] p2a: Dragonite\n|move|p2b: Gengar|Shadow Ball|p1b: Wo-Chien\n|-damage|p1b: Wo-Chien|15\/100\n|move|p2a: Dragonite|Dragon Dance|p2a: Dragonite\n|-boost|p2a: Dragonite|atk|1\n|-boost|p2a: Dragonite|spe|1\n|move|p1b: Wo-Chien|Leech Seed|p2a: Dragonite\n|-start|p2a: Dragonite|move: Leech Seed\n|\n|-heal|p1b: Wo-Chien|21\/100|[from] item: Leftovers\n|-damage|p2a: Dragonite|26\/100|[from] Leech Seed|[of] p1b: Wo-Chien\n|-heal|p1b: Wo-Chien|33\/100|[silent]\n|upkeep\n|turn|8\n|\n|t:|1681999829\n|move|p2a: Dragonite|Dragon Claw|p1a: Haxorus\n|-supereffective|p1a: Haxorus\n|-damage|p1a: Haxorus|0 fnt\n|faint|p1a: Haxorus\n|move|p2b: Gengar|Shadow Ball|p1b: Wo-Chien\n|-damage|p1b: Wo-Chien|2\/100\n|move|p1b: Wo-Chien|Leech Seed|p2b: Gengar\n|-start|p2b: Gengar|move: Leech Seed\n|\n|-heal|p1b: Wo-Chien|8\/100|[from] item: Leftovers\n|-damage|p2a: Dragonite|14\/100|[from] Leech Seed|[of] p1b: Wo-Chien\n|-heal|p1b: Wo-Chien|20\/100|[silent]\n|-damage|p2b: Gengar|88\/100|[from] Leech Seed|[of] p1b: Wo-Chien\n|-heal|p1b: Wo-Chien|30\/100|[silent]\n|upkeep\n|\n|t:|1681999842\n|switch|p1a: Palafin|Palafin-Hero, L50, M|100\/100\n|-activate|p1a: Palafin|ability: Zero to Hero\n|turn|9\n|\n|t:|1681999862\n|move|p2a: Dragonite|Extreme Speed|p1b: Wo-Chien\n|-damage|p1b: Wo-Chien|0 fnt\n|faint|p1b: Wo-Chien\n|move|p1a: Palafin|Jet Punch|p2a: Dragonite\n|-damage|p2a: Dragonite|0 fnt\n|-damage|p1a: Palafin|84\/100|[from] item: Rocky Helmet|[of] p2a: Dragonite\n|faint|p2a: Dragonite\n|move|p2b: Gengar|Gunk Shot|p1a: Palafin\n|-damage|p1a: Palafin|54\/100\n|\n|upkeep\n|turn|10\n|\n|t:|1681999877\n|move|p2b: Gengar|Focus Blast|p1a: Palafin|[miss]\n|-miss|p2b: Gengar|p1a: Palafin\n|move|p1a: Palafin|Wave Crash|p2b: Gengar\n|-damage|p2b: Gengar|0 fnt\n|faint|p2b: Gengar\n|-damage|p1a: Palafin|33\/100|[from] Recoil\n|\n|win|ultramandyna\n|raw|ultramandyna's rating: 1057 → 1085<\/strong> (+28 for winning)\n|raw|fireball0809's rating: 1016 → 1005<\/strong> (-11 for losing)\n","uploadtime":1681999887,"views":3,"p1id":"ultramandyna","p2id":"fireball0809","formatid":"gen9vgc2023regulationc","rating":1005,"private":0,"password":""}