{"id":"gen9vgc2023regulationc-1847762458","p1":"Dr_McKey","p2":"natureboi45","format":"[Gen 9] VGC 2023 Regulation C","log":"|j|\u2606Dr_McKey\n|j|\u2606natureboi45\n|t:|1681999850\n|gametype|doubles\n|player|p1|Dr_McKey|koga|1000\n|player|p2|natureboi45|101|1027\n|teamsize|p1|6\n|teamsize|p2|6\n|gen|9\n|tier|[Gen 9] VGC 2023 Regulation C\n|rated|\n|rule|Species Clause: Limit one of each Pok\u00e9mon\n|rule|Item Clause: Limit one of each item\n|clearpoke\n|poke|p1|Muk, L50, M|\n|poke|p1|Salazzle, L50, F|\n|poke|p1|Scyther, L50, M|\n|poke|p1|Amoonguss, L50, M|\n|poke|p1|Sableye, L50, M|\n|poke|p1|Iron Moth, L50|\n|poke|p2|Venomoth, L50, F|\n|poke|p2|Toedscruel, L50, M|\n|poke|p2|Arcanine, L50, M|\n|poke|p2|Vaporeon, L50, M|\n|poke|p2|Grimmsnarl, L50, M|\n|poke|p2|Baxcalibur, L50, M|\n|teampreview|4\n|\n|t:|1681999881\n|start\n|switch|p1a: Muk|Muk, L50, M|100\/100\n|switch|p1b: Sableye|Sableye, L50, M|100\/100\n|switch|p2a: Grimmsnarl|Grimmsnarl, L50, M|100\/100\n|switch|p2b: Baxcalibur|Baxcalibur, L50, M|100\/100\n|turn|1\n|\n|t:|1681999903\n|move|p2a: Grimmsnarl|Reflect|p2a: Grimmsnarl\n|-sidestart|p2: natureboi45|Reflect\n|move|p1b: Sableye|Confuse Ray|p2b: Baxcalibur\n|-start|p2b: Baxcalibur|confusion\n|-activate|p2b: Baxcalibur|confusion\n|move|p2b: Baxcalibur|Icicle Spear|p1b: Sableye\n|-damage|p1b: Sableye|81\/100\n|-damage|p1b: Sableye|64\/100\n|-crit|p1b: Sableye\n|-damage|p1b: Sableye|32\/100\n|-hitcount|p1b: Sableye|3\n|move|p1a: Muk|Minimize|p1a: Muk\n|-boost|p1a: Muk|evasion|2\n|\n|upkeep\n|turn|2\n|\n|t:|1681999935\n|move|p2a: Grimmsnarl|Light Screen|p2a: Grimmsnarl\n|-sidestart|p2: natureboi45|move: Light Screen\n|move|p1b: Sableye|Encore|p2b: Baxcalibur\n|-start|p2b: Baxcalibur|Encore\n|-activate|p2b: Baxcalibur|confusion\n|-damage|p2b: Baxcalibur|85\/100|[from] confusion\n|move|p1a: Muk|Poison Jab|p2a: Grimmsnarl\n|-supereffective|p2a: Grimmsnarl\n|-damage|p2a: Grimmsnarl|51\/100\n|\n|upkeep\n|turn|3\n|\n|t:|1681999950\n|move|p1b: Sableye|Disable|p2b: Baxcalibur\n|-start|p2b: Baxcalibur|Disable|Icicle Spear\n|cant|p2b: Baxcalibur|Disable|Icicle Spear\n|move|p2a: Grimmsnarl|Spirit Break|p1b: Sableye\n|-supereffective|p1b: Sableye\n|-damage|p1b: Sableye|0 fnt\n|faint|p1b: Sableye\n|move|p1a: Muk|Poison Jab|p2a: Grimmsnarl\n|-supereffective|p2a: Grimmsnarl\n|-damage|p2a: Grimmsnarl|0 fnt\n|faint|p2a: Grimmsnarl\n|\n|upkeep\n|\n|t:|1681999967\n|switch|p2a: Toedscruel|Toedscruel, L50, M|100\/100\n|switch|p1b: Salazzle|Salazzle, L50, F|100\/100\n|turn|4\n|\n|t:|1681999978\n|move|p1b: Salazzle|Toxic|p2a: Toedscruel\n|-status|p2a: Toedscruel|tox\n|-end|p2b: Baxcalibur|confusion\n|-activate|p2b: Baxcalibur|move: Struggle\n|move|p2b: Baxcalibur|Struggle|p1a: Muk\n|-damage|p1a: Muk|84\/100\n|-damage|p2b: Baxcalibur|60\/100|[from] recoil\n|move|p1a: Muk|Poison Jab|p2b: Baxcalibur\n|-damage|p2b: Baxcalibur|39\/100\n|move|p2a: Toedscruel|Spore|p1b: Salazzle\n|-status|p1b: Salazzle|slp|[from] move: Spore\n|\n|-damage|p2a: Toedscruel|95\/100 tox|[from] psn\n|-end|p2b: Baxcalibur|Encore\n|upkeep\n|turn|5\n|\n|t:|1682000007\n|cant|p1b: Salazzle|slp\n|move|p2b: Baxcalibur|Glaive Rush|p1a: Muk|[miss]\n|-miss|p2b: Baxcalibur|p1a: Muk\n|move|p1a: Muk|Drain Punch|p2b: Baxcalibur\n|-supereffective|p2b: Baxcalibur\n|-damage|p2b: Baxcalibur|14\/100\n|-heal|p1a: Muk|96\/100|[from] drain|[of] p2b: Baxcalibur\n|move|p2a: Toedscruel|Leech Seed|p1b: Salazzle\n|-start|p1b: Salazzle|move: Leech Seed\n|\n|-heal|p2a: Toedscruel|100\/100 tox|[from] item: Leftovers\n|-damage|p1b: Salazzle|88\/100 slp|[from] Leech Seed|[of] p2a: Toedscruel\n|-damage|p2a: Toedscruel|89\/100 tox|[from] psn\n|upkeep\n|turn|6\n|\n|t:|1682000038\n|cant|p1b: Salazzle|slp\n|move|p2b: Baxcalibur|Rain Dance|p2b: Baxcalibur\n|-weather|RainDance\n|move|p1a: Muk|Poison Jab|p2b: Baxcalibur\n|-damage|p2b: Baxcalibur|0 fnt\n|faint|p2b: Baxcalibur\n|move|p2a: Toedscruel|Leech Seed|p1a: Muk|[miss]\n|-miss|p2a: Toedscruel|p1a: Muk\n|\n|-weather|RainDance|[upkeep]\n|-heal|p2a: Toedscruel|95\/100 tox|[from] item: Leftovers\n|-damage|p1b: Salazzle|75\/100 slp|[from] Leech Seed|[of] p2a: Toedscruel\n|-heal|p2a: Toedscruel|100\/100 tox|[silent]\n|-damage|p2a: Toedscruel|83\/100 tox|[from] psn\n|upkeep\n|\n|t:|1682000052\n|switch|p2b: Venomoth|Venomoth, L50, F, shiny|100\/100\n|turn|7\n|\n|t:|1682000063\n|-terastallize|p2b: Venomoth|Water\n|-curestatus|p1b: Salazzle|slp|[msg]\n|move|p1b: Salazzle|Venoshock|p2a: Toedscruel\n|-damage|p2a: Toedscruel|49\/100 tox\n|move|p2b: Venomoth|Quiver Dance|p2b: Venomoth\n|-boost|p2b: Venomoth|spa|1\n|-boost|p2b: Venomoth|spd|1\n|-boost|p2b: Venomoth|spe|1\n|move|p1a: Muk|Minimize|p1a: Muk\n|-boost|p1a: Muk|evasion|2\n|move|p2a: Toedscruel|Leech Seed|p1a: Muk\n|-start|p1a: Muk|move: Leech Seed\n|\n|-weather|RainDance|[upkeep]\n|-heal|p2a: Toedscruel|55\/100 tox|[from] item: Leftovers\n|-damage|p1b: Salazzle|63\/100|[from] Leech Seed|[of] p2a: Toedscruel\n|-heal|p2a: Toedscruel|65\/100 tox|[silent]\n|-damage|p1a: Muk|83\/100|[from] Leech Seed|[of] p2a: Toedscruel\n|-heal|p2a: Toedscruel|79\/100 tox|[silent]\n|-damage|p2a: Toedscruel|55\/100 tox|[from] psn\n|upkeep\n|turn|8\n|\n|t:|1682000090\n|move|p2b: Venomoth|Tera Blast|p1b: Salazzle\n|-supereffective|p1b: Salazzle\n|-damage|p1b: Salazzle|0 fnt\n|faint|p1b: Salazzle\n|move|p1a: Muk|Poison Jab|p2b: Venomoth\n|-damage|p2b: Venomoth|67\/100\n|-status|p2b: Venomoth|psn\n|move|p2a: Toedscruel|Spore|p1a: Muk|[miss]\n|-miss|p2a: Toedscruel|p1a: Muk\n|\n|-weather|RainDance|[upkeep]\n|-heal|p2a: Toedscruel|61\/100 tox|[from] item: Leftovers\n|-damage|p1a: Muk|71\/100|[from] Leech Seed|[of] p2a: Toedscruel\n|-heal|p2a: Toedscruel|75\/100 tox|[silent]\n|-damage|p2b: Venomoth|55\/100 psn|[from] psn\n|-damage|p2a: Toedscruel|45\/100 tox|[from] psn\n|-sideend|p2: natureboi45|Reflect\n|upkeep\n|\n|t:|1682000107\n|switch|p1b: Scyther|Scyther, L50, M, shiny|100\/100\n|turn|9\n|\n|t:|1682000124\n|move|p2b: Venomoth|Tera Blast|p1b: Scyther\n|-damage|p1b: Scyther|55\/100\n|move|p1b: Scyther|Trailblaze|p2b: Venomoth\n|-supereffective|p2b: Venomoth\n|-damage|p2b: Venomoth|0 fnt\n|-boost|p1b: Scyther|spe|1\n|faint|p2b: Venomoth\n|move|p2a: Toedscruel|Knock Off|p1b: Scyther\n|-damage|p1b: Scyther|42\/100\n|-enditem|p1b: Scyther|Eviolite|[from] move: Knock Off|[of] p2a: Toedscruel\n|move|p1a: Muk|Drain Punch|p2a: Toedscruel\n|-damage|p2a: Toedscruel|28\/100 tox\n|-heal|p1a: Muk|79\/100|[from] drain|[of] p2a: Toedscruel\n|\n|-weather|RainDance|[upkeep]\n|-heal|p2a: Toedscruel|34\/100 tox|[from] item: Leftovers\n|-damage|p1a: Muk|67\/100|[from] Leech Seed|[of] p2a: Toedscruel\n|-heal|p2a: Toedscruel|48\/100 tox|[silent]\n|-damage|p2a: Toedscruel|12\/100 tox|[from] psn\n|-sideend|p2: natureboi45|move: Light Screen\n|upkeep\n|turn|10\n|\n|t:|1682000150\n|move|p1b: Scyther|Pounce|p2a: Toedscruel\n|-supereffective|p2a: Toedscruel\n|-damage|p2a: Toedscruel|0 fnt\n|faint|p2a: Toedscruel\n|\n|win|Dr_McKey\n|raw|Dr_McKey's rating: 1000 → 1043<\/strong> (+43 for winning)\n|raw|natureboi45's rating: 1027 → 1012<\/strong> (-15 for losing)\n|l|\u2606natureboi45\n","uploadtime":1682000158,"views":5,"p1id":"drmckey","p2id":"natureboi45","formatid":"gen9vgc2023regulationc","rating":1012,"private":0,"password":""}