{"id":"gen9vgc2023regulationc-1845928453","p1":"wesleihas","p2":"GS \u00a6 Leelep","format":"[Gen 9] VGC 2023 Regulation C","log":"|j|\u2606wesleihas\n|j|\u2606GS \u00a6 Leelep\n|t:|1681780328\n|gametype|doubles\n|player|p1|wesleihas|170|\n|player|p2|GS \u00a6 Leelep|riley|\n|teamsize|p1|6\n|teamsize|p2|6\n|gen|9\n|tier|[Gen 9] VGC 2023 Regulation C\n|rule|Species Clause: Limit one of each Pok\u00e9mon\n|rule|Item Clause: Limit one of each item\n|clearpoke\n|poke|p1|Ting-Lu, L50|\n|poke|p1|Corviknight, L50, M|\n|poke|p1|Scream Tail, L50|\n|poke|p1|Kingambit, L50, F|\n|poke|p1|Flutter Mane, L50|\n|poke|p1|Gyarados, L50, M|\n|poke|p2|Chien-Pao, L50|\n|poke|p2|Amoonguss, L50, F|\n|poke|p2|Volcarona, L50, F|\n|poke|p2|Dragapult, L50, M|\n|poke|p2|Ting-Lu, L50|\n|poke|p2|Dragonite, L50, F|\n|teampreview|4\nGS \u00a6 Leelep has agreed to open team sheets.\n|c|\u2606GS \u00a6 Leelep|G1\n|c|\u2606wesleihas|g1\nwesleihas has agreed to open team sheets.\n|\n|t:|1681780440\n|start\n|switch|p1a: Scream Tail|Scream Tail, L50|100\/100\n|switch|p1b: Kingambit|Kingambit, L50, F|100\/100\n|switch|p2a: Volcarona|Volcarona, L50, F, shiny|100\/100\n|switch|p2b: Dragapult|Dragapult, L50, M|100\/100\n|-enditem|p1a: Scream Tail|Booster Energy\n|-activate|p1a: Scream Tail|ability: Protosynthesis|[fromitem]\n|-start|p1a: Scream Tail|protosynthesisspe\n|turn|1\n|\n|t:|1681780471\n|-terastallize|p1b: Kingambit|Dark\n|move|p2b: Dragapult|Protect|p2b: Dragapult\n|-singleturn|p2b: Dragapult|Protect\n|move|p1b: Kingambit|Sucker Punch||[still]\n|-fail|p1b: Kingambit\n|move|p1a: Scream Tail|Howl|p1a: Scream Tail|[spread] p1a,p1b\n|-boost|p1a: Scream Tail|atk|1\n|-boost|p1b: Kingambit|atk|1\n|move|p2a: Volcarona|Will-O-Wisp|p1b: Kingambit\n|-status|p1b: Kingambit|brn\n|\n|-damage|p1b: Kingambit|95\/100 brn|[from] brn\n|upkeep\n|turn|2\n|\n|t:|1681780497\n|-terastallize|p2b: Dragapult|Steel\n|move|p2a: Volcarona|Rage Powder|p2a: Volcarona\n|-singleturn|p2a: Volcarona|move: Rage Powder\n|move|p1b: Kingambit|Sucker Punch||[still]\n|-fail|p1b: Kingambit\n|move|p1a: Scream Tail|Encore|p2a: Volcarona\n|-start|p2a: Volcarona|Encore\n|move|p2b: Dragapult|Dragon Darts|p1b: Kingambit\n|-damage|p1b: Kingambit|70\/100 brn\n|-anim|p2b: Dragapult|Dragon Darts|p1b: Kingambit\n|-damage|p1b: Kingambit|46\/100 brn\n|-damage|p2b: Dragapult|91\/100|[from] item: Life Orb\n|\n|-damage|p1b: Kingambit|41\/100 brn|[from] brn\n|upkeep\n|turn|3\n|\n|t:|1681780515\n|move|p1b: Kingambit|Protect|p1b: Kingambit\n|-singleturn|p1b: Kingambit|Protect\n|move|p2a: Volcarona|Rage Powder|p2a: Volcarona\n|-singleturn|p2a: Volcarona|move: Rage Powder\n|move|p1a: Scream Tail|Disable|p2a: Volcarona\n|-start|p2a: Volcarona|Disable|Rage Powder\n|move|p2b: Dragapult|Tera Blast|p1a: Scream Tail\n|-supereffective|p1a: Scream Tail\n|-damage|p1a: Scream Tail|16\/100\n|-damage|p2b: Dragapult|81\/100|[from] item: Life Orb\n|\n|-damage|p1b: Kingambit|35\/100 brn|[from] brn\n|upkeep\n|turn|4\n|\n|t:|1681780544\n|-end|p1a: Scream Tail|Protosynthesis|[silent]\n|switch|p1a: Corviknight|Corviknight, L50, M|100\/100\n|switch|p2a: Ting-Lu|Ting-Lu, L50|100\/100\n|-ability|p2a: Ting-Lu|Vessel of Ruin\n|move|p2b: Dragapult|Protect|p2b: Dragapult\n|-singleturn|p2b: Dragapult|Protect\n|move|p1b: Kingambit|Kowtow Cleave|p2b: Dragapult\n|-activate|p2b: Dragapult|move: Protect\n|\n|-damage|p1b: Kingambit|29\/100 brn|[from] brn\n|upkeep\n|turn|5\n|\n|t:|1681780566\n|switch|p2b: Volcarona|Volcarona, L50, F, shiny|100\/100\n|move|p1a: Corviknight|Bulk Up|p1a: Corviknight\n|-boost|p1a: Corviknight|atk|1\n|-boost|p1a: Corviknight|def|1\n|move|p1b: Kingambit|Kowtow Cleave|p2b: Volcarona\n|-damage|p2b: Volcarona|27\/100\n|move|p2a: Ting-Lu|Stomping Tantrum|p1b: Kingambit\n|-damage|p1b: Kingambit|1\/100 brn\n|\n|-damage|p1b: Kingambit|0 fnt|[from] brn\n|faint|p1b: Kingambit\n|upkeep\n|\n|t:|1681780577\n|switch|p1b: Gyarados|Gyarados, L50, M, shiny|100\/100\n|-ability|p1b: Gyarados|Intimidate|boost\n|-unboost|p2a: Ting-Lu|atk|1\n|-unboost|p2b: Volcarona|atk|1\n|turn|6\n|\n|t:|1681780612\n|switch|p2a: Dragapult|Dragapult, L50, M, tera:Steel|81\/100\n|move|p2b: Volcarona|Overheat|p1a: Corviknight\n|-supereffective|p1a: Corviknight\n|-damage|p1a: Corviknight|0 fnt\n|-unboost|p2b: Volcarona|spa|2\n|faint|p1a: Corviknight\n|move|p1b: Gyarados|Waterfall|p2b: Volcarona\n|-supereffective|p2b: Volcarona\n|-damage|p2b: Volcarona|0 fnt\n|-status|p1b: Gyarados|brn|[from] ability: Flame Body|[of] p2b: Volcarona\n|faint|p2b: Volcarona\n|\n|-damage|p1b: Gyarados|95\/100 brn|[from] brn\n|upkeep\n|\n|t:|1681780626\n|switch|p2b: Chien-Pao|Chien-Pao, L50|100\/100\n|switch|p1a: Scream Tail|Scream Tail, L50|16\/100\n|-ability|p2b: Chien-Pao|Sword of Ruin\n|turn|7\n|\n|t:|1681780641\n|move|p2a: Dragapult|Tera Blast|p1a: Scream Tail\n|-supereffective|p1a: Scream Tail\n|-damage|p1a: Scream Tail|0 fnt\n|faint|p1a: Scream Tail\n|-end|p1a: Scream Tail|Protosynthesis|[silent]\n|-damage|p2a: Dragapult|71\/100|[from] item: Life Orb\n|move|p2b: Chien-Pao|Ice Spinner|p1b: Gyarados\n|-damage|p1b: Gyarados|33\/100 brn\n|-enditem|p1b: Gyarados|Sitrus Berry|[eat]\n|-heal|p1b: Gyarados|58\/100 brn|[from] item: Sitrus Berry\n|move|p1b: Gyarados|Iron Head|p2b: Chien-Pao\n|-supereffective|p2b: Chien-Pao\n|-damage|p2b: Chien-Pao|57\/100\n|\n|-damage|p1b: Gyarados|52\/100 brn|[from] brn\n|upkeep\n|turn|8\n|\n|t:|1681780657\n|move|p2a: Dragapult|Dragon Darts|p1b: Gyarados\n|-damage|p1b: Gyarados|7\/100 brn\n|-anim|p2a: Dragapult|Dragon Darts|p1b: Gyarados\n|-damage|p1b: Gyarados|0 fnt\n|faint|p1b: Gyarados\n|-damage|p2a: Dragapult|61\/100|[from] item: Life Orb\n|\n|win|GS \u00a6 Leelep\n|c|\u2606wesleihas|gg\n|c|\u2606GS \u00a6 Leelep|gg\n","uploadtime":1681780667,"views":14,"p1id":"wesleihas","p2id":"gsleelep","formatid":"gen9vgc2023regulationc","rating":0,"private":0,"password":""}