{"id":"gen9vgc2023regulationc-1852481522","p1":"Ricardo Randorez","p2":"grlfkgctkdgryp","format":"[Gen 9] VGC 2023 Regulation C","log":"|j|\u2606Ricardo Randorez\n|j|\u2606grlfkgctkdgryp\n|t:|1682563176\n|gametype|doubles\n|player|p1|Ricardo Randorez|2|1157\n|player|p2|grlfkgctkdgryp|101|1065\n|teamsize|p1|6\n|teamsize|p2|6\n|gen|9\n|tier|[Gen 9] VGC 2023 Regulation C\n|rated|\n|rule|Species Clause: Limit one of each Pok\u00e9mon\n|rule|Item Clause: Limit one of each item\n|clearpoke\n|poke|p1|Pachirisu, L50, F|\n|poke|p1|Gholdengo, L50|\n|poke|p1|Azumarill, L50, F|\n|poke|p1|Chien-Pao, L50|\n|poke|p1|Dragonite, L50, M|\n|poke|p1|Brute Bonnet, L50|\n|poke|p2|Espathra, L50, F|\n|poke|p2|Maushold-Four, L50|\n|poke|p2|Jumpluff, L50, F|\n|poke|p2|Roaring Moon, L50|\n|poke|p2|Iron Moth, L50|\n|poke|p2|Iron Valiant, L50|\n|teampreview|4\n|l|\u2606Ricardo Randorez\n|player|p1|\n|inactive|Battle timer is ON: inactive players will automatically lose when time's up. (requested by grlfkgctkdgryp)\n|j|\u2606Ricardo Randorez\n|inactive|Ricardo Randorez reconnected and has 65 seconds left.\n|player|p1|Ricardo Randorez|2\n|inactive|Ricardo Randorez has 60 seconds left.\n|\n|t:|1682563222\n|start\n|switch|p1a: Pachirisu|Pachirisu, L50, F|100\/100\n|switch|p1b: Gholdengo|Gholdengo, L50|100\/100\n|switch|p2a: Maushold|Maushold-Four, L50|100\/100\n|switch|p2b: Espathra|Espathra, L50, F|100\/100\n|turn|1\n|\n|t:|1682563242\n|move|p2a: Maushold|Follow Me|p2a: Maushold\n|-singleturn|p2a: Maushold|move: Follow Me\n|move|p2b: Espathra|Calm Mind|p2b: Espathra\n|-boost|p2b: Espathra|spa|1\n|-boost|p2b: Espathra|spd|1\n|move|p1b: Gholdengo|Nasty Plot|p1b: Gholdengo\n|-boost|p1b: Gholdengo|spa|2\n|move|p1a: Pachirisu|Nuzzle|p2a: Maushold\n|-damage|p2a: Maushold|95\/100\n|-status|p2a: Maushold|par\n|\n|-ability|p2b: Espathra|Speed Boost|boost\n|-boost|p2b: Espathra|spe|1\n|upkeep\n|turn|2\n|inactive|Ricardo Randorez has 30 seconds left.\n|\n|t:|1682563268\n|move|p1a: Pachirisu|Follow Me|p1a: Pachirisu\n|-singleturn|p1a: Pachirisu|move: Follow Me\n|cant|p2a: Maushold|par\n|move|p2b: Espathra|Calm Mind|p2b: Espathra\n|-boost|p2b: Espathra|spa|1\n|-boost|p2b: Espathra|spd|1\n|move|p1b: Gholdengo|Make It Rain|p2a: Maushold|[spread] p2a,p2b\n|-damage|p2a: Maushold|0 fnt\n|-damage|p2b: Espathra|50\/100\n|-unboost|p1b: Gholdengo|spa|1\n|faint|p2a: Maushold\n|\n|-ability|p2b: Espathra|Speed Boost|boost\n|-boost|p2b: Espathra|spe|1\n|upkeep\n|\n|t:|1682563285\n|switch|p2a: Jumpluff|Jumpluff, L50, F|100\/100\n|turn|3\n|\n|t:|1682563302\n|move|p2a: Jumpluff|Rage Powder|p2a: Jumpluff\n|-singleturn|p2a: Jumpluff|move: Rage Powder\n|move|p1a: Pachirisu|Follow Me|p1a: Pachirisu\n|-singleturn|p1a: Pachirisu|move: Follow Me\n|move|p2b: Espathra|Stored Power|p1a: Pachirisu\n|-damage|p1a: Pachirisu|0 fnt\n|faint|p1a: Pachirisu\n|move|p1b: Gholdengo|Shadow Ball|p2a: Jumpluff\n|-damage|p2a: Jumpluff|31\/100\n|-unboost|p2a: Jumpluff|spd|1\n|\n|-ability|p2b: Espathra|Speed Boost|boost\n|-boost|p2b: Espathra|spe|1\n|upkeep\n|inactive|Ricardo Randorez has 30 seconds left.\n|\n|t:|1682563329\n|switch|p1a: Azumarill|Azumarill, L50, F|100\/100\n|turn|4\n|inactive|Ricardo Randorez has 30 seconds left.\n|\n|t:|1682563354\n|move|p2a: Jumpluff|Rage Powder|p2a: Jumpluff\n|-singleturn|p2a: Jumpluff|move: Rage Powder\n|move|p2b: Espathra|Stored Power|p1b: Gholdengo\n|-resisted|p1b: Gholdengo\n|-damage|p1b: Gholdengo|19\/100\n|move|p1b: Gholdengo|Make It Rain|p2b: Espathra|[spread] p2a,p2b\n|-damage|p2a: Jumpluff|0 fnt\n|-damage|p2b: Espathra|0 fnt\n|-unboost|p1b: Gholdengo|spa|1\n|faint|p2a: Jumpluff\n|faint|p2b: Espathra\n|move|p1a: Azumarill|Play Rough|p2: Jumpluff|[notarget]\n|-fail|p1a: Azumarill\n|\n|-heal|p1b: Gholdengo|25\/100|[from] item: Leftovers\n|upkeep\n|\n|t:|1682563370\n|switch|p2b: Iron Valiant|Iron Valiant, L50|100\/100\n|turn|5\n|\n|t:|1682563381\n|-terastallize|p2b: Iron Valiant|Steel\n|move|p1b: Gholdengo|Protect|p1b: Gholdengo\n|-singleturn|p1b: Gholdengo|Protect\n|move|p2b: Iron Valiant|Spirit Break|p1b: Gholdengo\n|-activate|p1b: Gholdengo|move: Protect\n|move|p1a: Azumarill|Liquidation|p2b: Iron Valiant\n|-damage|p2b: Iron Valiant|36\/100\n|\n|-heal|p1b: Gholdengo|31\/100|[from] item: Leftovers\n|upkeep\n|turn|6\n|-message|grlfkgctkdgryp forfeited.\n|\n|win|Ricardo Randorez\n|raw|Ricardo Randorez's rating: 1157 → 1176<\/strong> (+19 for winning)\n|raw|grlfkgctkdgryp's rating: 1065 → 1050<\/strong> (-15 for losing)\n|l|\u2606grlfkgctkdgryp\n","uploadtime":1682563397,"views":6,"p1id":"ricardorandorez","p2id":"grlfkgctkdgryp","formatid":"gen9vgc2023regulationc","rating":1050,"private":0,"password":""}