{"id":"gen9vgc2023regulationc-1863420967","p1":"dylan667","p2":"gucci_shinigami","format":"[Gen 9] VGC 2023 Regulation C","log":"|j|\u2606dylan667\n|j|\u2606gucci_shinigami\n|t:|1684014844\n|gametype|doubles\n|player|p1|dylan667|drayden|1117\n|player|p2|gucci_shinigami|karen|1204\n|teamsize|p1|6\n|teamsize|p2|6\n|gen|9\n|tier|[Gen 9] VGC 2023 Regulation C\n|rated|\n|rule|Species Clause: Limit one of each Pok\u00e9mon\n|rule|Item Clause: Limit one of each item\n|clearpoke\n|poke|p1|Iron Hands, L50|\n|poke|p1|Slowpoke, L50, M|\n|poke|p1|Brute Bonnet, L50|\n|poke|p1|Torkoal, L50, M|\n|poke|p1|Azumarill, L50, M|\n|poke|p1|Gastrodon, L50, F|\n|poke|p2|Chien-Pao, L50|\n|poke|p2|Dragapult, L50, M|\n|poke|p2|Amoonguss, L50, M|\n|poke|p2|Talonflame, L50, M|\n|poke|p2|Iron Moth, L50|\n|poke|p2|Iron Hands, L50|\n|teampreview|4\n|c|\u2606gucci_shinigami|Slopoke?\n|c|\u2606gucci_shinigami|I wanna see what that does\n|inactive|Battle timer is ON: inactive players will automatically lose when time's up. (requested by dylan667)\n|\n|t:|1684014896\n|start\n|switch|p1a: Slowpoke|Slowpoke, L50, M, shiny|100\/100\n|switch|p1b: Brute Bonnet|Brute Bonnet, L50|100\/100\n|switch|p2a: Talonflame|Talonflame, L50, M|100\/100\n|switch|p2b: Iron Moth|Iron Moth, L50|100\/100\n|-enditem|p2b: Iron Moth|Booster Energy\n|-activate|p2b: Iron Moth|ability: Quark Drive|[fromitem]\n|-start|p2b: Iron Moth|quarkdrivespa\n|-enditem|p1b: Brute Bonnet|Booster Energy\n|-activate|p1b: Brute Bonnet|ability: Protosynthesis|[fromitem]\n|-start|p1b: Brute Bonnet|protosynthesisatk\n|turn|1\n|\n|t:|1684014920\n|move|p2b: Iron Moth|Protect|p2b: Iron Moth\n|-singleturn|p2b: Iron Moth|Protect\n|move|p1b: Brute Bonnet|Rage Powder|p1b: Brute Bonnet\n|-singleturn|p1b: Brute Bonnet|move: Rage Powder\n|move|p2a: Talonflame|Taunt|p1a: Slowpoke\n|-immune|p1a: Slowpoke|[from] ability: Oblivious\n|move|p1a: Slowpoke|Trick Room|p1a: Slowpoke\n|-fieldstart|move: Trick Room|[of] p1a: Slowpoke\n|\n|upkeep\n|turn|2\n|inactive|dylan667 has 30 seconds left.\n|\n|t:|1684014952\n|-end|p1b: Brute Bonnet|Protosynthesis|[silent]\n|switch|p1b: Gastrodon|Gastrodon, L50, F, shiny|100\/100\n|move|p1a: Slowpoke|Surf|p2b: Iron Moth|[spread] p2a,p2b\n|-ability|p1b: Gastrodon|Storm Drain|boost\n|-boost|p1b: Gastrodon|spa|1\n|-supereffective|p2a: Talonflame\n|-supereffective|p2b: Iron Moth\n|-damage|p2a: Talonflame|70\/100\n|-damage|p2b: Iron Moth|73\/100\n|move|p2b: Iron Moth|Fiery Dance|p1b: Gastrodon\n|-resisted|p1b: Gastrodon\n|-damage|p1b: Gastrodon|74\/100\n|move|p2a: Talonflame|Will-O-Wisp|p1b: Gastrodon\n|-status|p1b: Gastrodon|brn\n|\n|-damage|p1b: Gastrodon|68\/100 brn|[from] brn\n|upkeep\n|turn|3\n|\n|t:|1684014972\n|switch|p2a: Amoonguss|Amoonguss, L50, M|100\/100\n|-terastallize|p2b: Iron Moth|Water\n|move|p1a: Slowpoke|Heal Pulse|p1b: Gastrodon\n|-heal|p1b: Gastrodon|100\/100 brn\n|move|p1b: Gastrodon|Muddy Water|p2a: Amoonguss|[spread] p2a,p2b\n|-resisted|p2a: Amoonguss\n|-resisted|p2b: Iron Moth\n|-damage|p2a: Amoonguss|74\/100\n|-damage|p2b: Iron Moth|40\/100\n|-unboost|p2b: Iron Moth|accuracy|1\n|-damage|p1b: Gastrodon|91\/100 brn|[from] item: Life Orb\n|move|p2b: Iron Moth|Energy Ball|p1b: Gastrodon\n|-supereffective|p1b: Gastrodon\n|-crit|p1b: Gastrodon\n|-damage|p1b: Gastrodon|0 fnt\n|faint|p1b: Gastrodon\n|\n|upkeep\n|\n|t:|1684014984\n|switch|p1b: Torkoal|Torkoal, L50, M, shiny|100\/100\n|-weather|SunnyDay|[from] ability: Drought|[of] p1b: Torkoal\n|turn|4\n|\n|t:|1684014998\n|-terastallize|p1b: Torkoal|Fire\n|move|p1a: Slowpoke|Surf|p2b: Iron Moth|[spread] p1b,p2a,p2b\n|-supereffective|p1b: Torkoal\n|-resisted|p2a: Amoonguss\n|-resisted|p2b: Iron Moth\n|-damage|p1b: Torkoal|86\/100\n|-damage|p2a: Amoonguss|72\/100\n|-damage|p2b: Iron Moth|39\/100\n|-enditem|p1b: Torkoal|Weakness Policy\n|-boost|p1b: Torkoal|atk|2|[from] item: Weakness Policy\n|-boost|p1b: Torkoal|spa|2|[from] item: Weakness Policy\n|move|p1b: Torkoal|Eruption|p2b: Iron Moth|[spread] p2a,p2b\n|-supereffective|p2a: Amoonguss\n|-resisted|p2b: Iron Moth\n|-damage|p2a: Amoonguss|0 fnt\n|-damage|p2b: Iron Moth|0 fnt\n|faint|p2a: Amoonguss\n|faint|p2b: Iron Moth\n|-end|p2b: Iron Moth|Quark Drive|[silent]\n|\n|-weather|SunnyDay|[upkeep]\n|upkeep\n|\n|t:|1684015014\n|switch|p2a: Dragapult|Dragapult, L50, M|100\/100\n|switch|p2b: Talonflame|Talonflame, L50, M|70\/100\n|turn|5\n|\n|t:|1684015026\n|move|p1a: Slowpoke|Heal Pulse|p1b: Torkoal\n|-heal|p1b: Torkoal|100\/100\n|move|p1b: Torkoal|Eruption|p2a: Dragapult|[spread] p2a,p2b\n|-resisted|p2a: Dragapult\n|-resisted|p2b: Talonflame\n|-damage|p2a: Dragapult|0 fnt\n|-damage|p2b: Talonflame|0 fnt\n|faint|p2a: Dragapult\n|faint|p2b: Talonflame\n|\n|win|dylan667\n|raw|dylan667's rating: 1117 → 1148<\/strong> (+31 for winning)\n|raw|gucci_shinigami's rating: 1204 → 1173<\/strong> (-31 for losing)\n|c|\u2606gucci_shinigami|Dang'\n|c|\u2606gucci_shinigami|GG\n|c|\u2606dylan667|Gg\n","uploadtime":1684015045,"views":12,"p1id":"dylan667","p2id":"guccishinigami","formatid":"gen9vgc2023regulationc","rating":1148,"private":0,"password":""}