{"id":"gen9vgc2023regulationc-1859755312","p1":"SableyeIlluminati","p2":"weaponkr","format":"[Gen 9] VGC 2023 Regulation C","log":"|j|\u2606SableyeIlluminati\n|j|\u2606weaponkr\n|t:|1683561866\n|gametype|doubles\n|player|p1|SableyeIlluminati|ingo|1188\n|player|p2|weaponkr|265|1103\n|teamsize|p1|6\n|teamsize|p2|6\n|gen|9\n|tier|[Gen 9] VGC 2023 Regulation C\n|rated|\n|rule|Species Clause: Limit one of each Pok\u00e9mon\n|rule|Item Clause: Limit one of each item\n|clearpoke\n|poke|p1|Armarouge, L50, M|\n|poke|p1|Flutter Mane, L50|\n|poke|p1|Maushold, L50|\n|poke|p1|Annihilape, L50, F|\n|poke|p1|Torkoal, L50, F|\n|poke|p1|Lilligant, L50, F|\n|poke|p2|Tyranitar, L50, F|\n|poke|p2|Lycanroc, L50, F|\n|poke|p2|Chien-Pao, L50|\n|poke|p2|Arcanine, L50, M|\n|poke|p2|Flutter Mane, L50|\n|poke|p2|Iron Bundle, L50|\n|teampreview|4\n|inactive|Battle timer is ON: inactive players will automatically lose when time's up. (requested by SableyeIlluminati)\n|inactive|SableyeIlluminati has 60 seconds left.\n|inactive|weaponkr has 60 seconds left.\n|inactive|SableyeIlluminati has 30 seconds left.\n|\n|t:|1683561928\n|start\n|switch|p1a: Lilligant|Lilligant, L50, F, shiny|100\/100\n|switch|p1b: Torkoal|Torkoal, L50, F, shiny|100\/100\n|switch|p2a: Tyranitar|Tyranitar, L50, F|100\/100\n|switch|p2b: Lycanroc|Lycanroc, L50, F|100\/100\n|-weather|Sandstorm|[from] ability: Sand Stream|[of] p2a: Tyranitar\n|-weather|SunnyDay|[from] ability: Drought|[of] p1b: Torkoal\n|turn|1\n|inactive|SableyeIlluminati has 30 seconds left.\n|\n|t:|1683561956\n|switch|p2a: Iron Bundle|Iron Bundle, L50|100\/100\n|-enditem|p2a: Iron Bundle|Booster Energy\n|-activate|p2a: Iron Bundle|ability: Quark Drive|[fromitem]\n|-start|p2a: Iron Bundle|quarkdrivespe\n|move|p1b: Torkoal|Protect|p1b: Torkoal\n|-singleturn|p1b: Torkoal|Protect\n|move|p2b: Lycanroc|Accelerock|p1b: Torkoal\n|-activate|p1b: Torkoal|move: Protect\n|move|p1a: Lilligant|Sleep Powder|p2b: Lycanroc|[miss]\n|-miss|p1a: Lilligant|p2b: Lycanroc\n|\n|-weather|SunnyDay|[upkeep]\n|upkeep\n|turn|2\n|inactive|SableyeIlluminati has 30 seconds left.\n|inactive|weaponkr has 30 seconds left.\n|inactive|SableyeIlluminati has 20 seconds left.\n|inactive|SableyeIlluminati has 15 seconds left.\n|\n|t:|1683561997\n|switch|p2b: Tyranitar|Tyranitar, L50, F|100\/100\n|-weather|Sandstorm|[from] ability: Sand Stream|[of] p2b: Tyranitar\n|switch|p1b: Annihilape|Annihilape, L50, F, shiny|100\/100\n|move|p2a: Iron Bundle|Hydro Pump|p1b: Annihilape|[miss]\n|-miss|p2a: Iron Bundle|p1b: Annihilape\n|move|p1a: Lilligant|Leaf Storm|p2a: Iron Bundle\n|-supereffective|p2a: Iron Bundle\n|-damage|p2a: Iron Bundle|0 fnt\n|-unboost|p1a: Lilligant|spa|2\n|faint|p2a: Iron Bundle\n|-end|p2a: Iron Bundle|Quark Drive|[silent]\n|\n|-weather|Sandstorm|[upkeep]\n|-damage|p1a: Lilligant|94\/100|[from] Sandstorm\n|-damage|p1b: Annihilape|94\/100|[from] Sandstorm\n|-heal|p1b: Annihilape|100\/100|[from] item: Leftovers\n|upkeep\n|\n|t:|1683562013\n|switch|p2a: Chien-Pao|Chien-Pao, L50|100\/100\n|-ability|p2a: Chien-Pao|Sword of Ruin\n|turn|3\n|\n|t:|1683562035\n|switch|p1a: Maushold|Maushold, L50, shiny|100\/100\n|-terastallize|p1b: Annihilape|Water\n|-terastallize|p2b: Tyranitar|Flying\n|move|p2a: Chien-Pao|Ice Spinner|p1a: Maushold\n|-damage|p1a: Maushold|46\/100\n|move|p1b: Annihilape|Bulk Up|p1b: Annihilape\n|-boost|p1b: Annihilape|atk|1\n|-boost|p1b: Annihilape|def|1\n|move|p2b: Tyranitar|Tera Blast|p1b: Annihilape\n|-damage|p1b: Annihilape|72\/100\n|\n|-weather|Sandstorm|[upkeep]\n|-damage|p1b: Annihilape|66\/100|[from] Sandstorm\n|-damage|p2b: Tyranitar|95\/100|[from] Sandstorm\n|-heal|p1b: Annihilape|72\/100|[from] item: Leftovers\n|upkeep\n|turn|4\n|inactive|SableyeIlluminati has 30 seconds left.\n|inactive|weaponkr has 30 seconds left.\n|\n|t:|1683562067\n|move|p1a: Maushold|Follow Me|p1a: Maushold\n|-singleturn|p1a: Maushold|move: Follow Me\n|move|p2a: Chien-Pao|Sacred Sword|p1a: Maushold\n|-supereffective|p1a: Maushold\n|-damage|p1a: Maushold|0 fnt\n|faint|p1a: Maushold\n|move|p1b: Annihilape|Drain Punch|p2a: Chien-Pao\n|-supereffective|p2a: Chien-Pao\n|-crit|p2a: Chien-Pao\n|-damage|p2a: Chien-Pao|0 fnt\n|-heal|p1b: Annihilape|100\/100|[from] drain|[of] p2a: Chien-Pao\n|faint|p2a: Chien-Pao\n|move|p2b: Tyranitar|Rock Slide|p1b: Annihilape\n|-damage|p1b: Annihilape|76\/100\n|\n|-weather|Sandstorm|[upkeep]\n|-damage|p1b: Annihilape|70\/100|[from] Sandstorm\n|-damage|p2b: Tyranitar|89\/100|[from] Sandstorm\n|-heal|p1b: Annihilape|76\/100|[from] item: Leftovers\n|upkeep\n|\n|t:|1683562083\n|switch|p2a: Lycanroc|Lycanroc, L50, F|100\/100\n|switch|p1a: Torkoal|Torkoal, L50, F, shiny|100\/100\n|-weather|SunnyDay|[from] ability: Drought|[of] p1a: Torkoal\n|turn|5\n|\n|t:|1683562096\n|move|p1a: Torkoal|Protect|p1a: Torkoal\n|-singleturn|p1a: Torkoal|Protect\n|move|p2a: Lycanroc|Howl|p2a: Lycanroc|[spread] p2a,p2b\n|-boost|p2a: Lycanroc|atk|1\n|-boost|p2b: Tyranitar|atk|1\n|move|p1b: Annihilape|Rage Fist|p2b: Tyranitar\n|-damage|p2b: Tyranitar|6\/100\n|move|p2b: Tyranitar|Rock Slide|p1a: Torkoal|[spread] p1b\n|-activate|p1a: Torkoal|move: Protect\n|-damage|p1b: Annihilape|44\/100\n|\n|-weather|SunnyDay|[upkeep]\n|-heal|p1b: Annihilape|50\/100|[from] item: Leftovers\n|upkeep\n|turn|6\n|\n|t:|1683562119\n|move|p1b: Annihilape|Protect|p1b: Annihilape\n|-singleturn|p1b: Annihilape|Protect\n|move|p2a: Lycanroc|Accelerock|p1a: Torkoal\n|-supereffective|p1a: Torkoal\n|-damage|p1a: Torkoal|53\/100\n|move|p2b: Tyranitar|Rock Slide|p1b: Annihilape|[spread] p1a\n|-activate|p1b: Annihilape|move: Protect\n|-supereffective|p1a: Torkoal\n|-damage|p1a: Torkoal|0 fnt\n|faint|p1a: Torkoal\n|\n|-weather|SunnyDay|[upkeep]\n|-heal|p1b: Annihilape|57\/100|[from] item: Leftovers\n|upkeep\n|\n|t:|1683562128\n|switch|p1a: Lilligant|Lilligant, L50, F, shiny|94\/100\n|turn|7\n|inactive|weaponkr has 30 seconds left.\n|\n|t:|1683562156\n|move|p2a: Lycanroc|Accelerock|p1a: Lilligant\n|-damage|p1a: Lilligant|46\/100\n|move|p1a: Lilligant|Leaf Storm|p2a: Lycanroc\n|-supereffective|p2a: Lycanroc\n|-enditem|p2a: Lycanroc|Focus Sash\n|-damage|p2a: Lycanroc|1\/100\n|-unboost|p1a: Lilligant|spa|2\n|move|p1b: Annihilape|Drain Punch|p2a: Lycanroc\n|-supereffective|p2a: Lycanroc\n|-damage|p2a: Lycanroc|0 fnt\n|-heal|p1b: Annihilape|57\/100|[from] drain|[of] p2a: Lycanroc\n|faint|p2a: Lycanroc\n|move|p2b: Tyranitar|Tera Blast|p1a: Lilligant\n|-supereffective|p1a: Lilligant\n|-damage|p1a: Lilligant|0 fnt\n|faint|p1a: Lilligant\n|\n|-weather|SunnyDay|[upkeep]\n|-heal|p1b: Annihilape|63\/100|[from] item: Leftovers\n|upkeep\n|turn|8\n|inactive|weaponkr has 30 seconds left.\n|\n|t:|1683562182\n|move|p1b: Annihilape|Rage Fist|p2b: Tyranitar\n|-damage|p2b: Tyranitar|0 fnt\n|faint|p2b: Tyranitar\n|\n|win|SableyeIlluminati\n|raw|SableyeIlluminati's rating: 1188 → 1207<\/strong> (+19 for winning)\n|raw|weaponkr's rating: 1103 → 1084<\/strong> (-19 for losing)\n|c|\u2606SableyeIlluminati|ggs\n|l|\u2606weaponkr\n","uploadtime":1683562245,"views":13,"p1id":"sableyeilluminati","p2id":"weaponkr","formatid":"gen9vgc2023regulationc","rating":1084,"private":0,"password":""}