{"id":"gen9vgc2023regulationc-1856761183","p1":"Dont141","p2":"MrMaro","format":"[Gen 9] VGC 2023 Regulation C","log":"|j|\u2606Dont141\n|j|\u2606MrMaro\n|t:|1683107279\n|gametype|doubles\n|player|p1|Dont141|misty|1219\n|player|p2|MrMaro|169|1215\n|teamsize|p1|6\n|teamsize|p2|6\n|gen|9\n|tier|[Gen 9] VGC 2023 Regulation C\n|rated|\n|rule|Species Clause: Limit one of each Pok\u00e9mon\n|rule|Item Clause: Limit one of each item\n|clearpoke\n|poke|p1|Iron Valiant, L50|\n|poke|p1|Scizor, L50, M|\n|poke|p1|Ceruledge, L50, F|\n|poke|p1|Chien-Pao, L50|\n|poke|p1|Gyarados, L50, F|\n|poke|p1|Dragapult, L50, M|\n|poke|p2|Dondozo, L50, M|\n|poke|p2|Tatsugiri, L50, F|\n|poke|p2|Torkoal, L50, F|\n|poke|p2|Flutter Mane, L50|\n|poke|p2|Jumpluff, L50, M|\n|poke|p2|Sandy Shocks, L50|\n|teampreview|4\n|inactive|Battle timer is ON: inactive players will automatically lose when time's up. (requested by Dont141)\n|inactive|MrMaro has 60 seconds left.\nDont141 has agreed to open team sheets.\n|\n|t:|1683107338\n|start\n|switch|p1a: Scizor|Scizor, L50, M|100\/100\n|switch|p1b: Ceruledge|Ceruledge, L50, F|100\/100\n|switch|p2a: Torkoal|Torkoal, L50, F|100\/100\n|switch|p2b: Flutter Mane|Flutter Mane, L50|100\/100\n|-weather|SunnyDay|[from] ability: Drought|[of] p2a: Torkoal\n|-activate|p2b: Flutter Mane|ability: Protosynthesis\n|-start|p2b: Flutter Mane|protosynthesisspe\n|turn|1\n|inactive|MrMaro has 30 seconds left.\n|inactive|MrMaro has 20 seconds left.\n|\n|t:|1683107377\n|-end|p2b: Flutter Mane|Protosynthesis|[silent]\n|switch|p2b: Dondozo|Dondozo, L50, M|100\/100\n|move|p1b: Ceruledge|Shadow Sneak|p2b: Dondozo\n|-damage|p2b: Dondozo|86\/100\n|move|p1a: Scizor|Bullet Punch|p2b: Dondozo\n|-resisted|p2b: Dondozo\n|-damage|p2b: Dondozo|74\/100\n|move|p2a: Torkoal|Yawn|p1b: Ceruledge\n|-start|p1b: Ceruledge|move: Yawn|[of] p2a: Torkoal\n|\n|-weather|SunnyDay|[upkeep]\n|upkeep\n|turn|2\n|\n|t:|1683107395\n|switch|p1b: Chien-Pao|Chien-Pao, L50|100\/100\n|-ability|p1b: Chien-Pao|Sword of Ruin\n|switch|p2a: Tatsugiri|Tatsugiri, L50, F|100\/100\n|-activate|p2a: Tatsugiri|ability: Commander|[of] p2b: Dondozo\n|-boost|p2b: Dondozo|atk|2\n|-boost|p2b: Dondozo|spa|2\n|-boost|p2b: Dondozo|spe|2\n|-boost|p2b: Dondozo|def|2\n|-boost|p2b: Dondozo|spd|2\n|-terastallize|p2b: Dondozo|Fire\n|move|p2b: Dondozo|Tera Blast|p1a: Scizor\n|-supereffective|p1a: Scizor\n|-damage|p1a: Scizor|0 fnt\n|faint|p1a: Scizor\n|\n|-weather|SunnyDay|[upkeep]\n|upkeep\n|\n|t:|1683107404\n|switch|p1a: Ceruledge|Ceruledge, L50, F|100\/100\n|turn|3\n|\n|t:|1683107425\n|switch|p1a: Iron Valiant|Iron Valiant, L50|100\/100\n|-enditem|p1a: Iron Valiant|Booster Energy\n|-activate|p1a: Iron Valiant|ability: Quark Drive|[fromitem]\n|-start|p1a: Iron Valiant|quarkdrivespa\n|move|p1b: Chien-Pao|Haze|p1b: Chien-Pao\n|-clearallboost\n|move|p2b: Dondozo|Earthquake|p1a: Iron Valiant|[spread] p1a,p1b\n|-miss|p2b: Dondozo|p2a: Tatsugiri\n|-damage|p1a: Iron Valiant|64\/100\n|-damage|p1b: Chien-Pao|71\/100\n|\n|-weather|SunnyDay|[upkeep]\n|upkeep\n|turn|4\n|\n|t:|1683107445\n|move|p1b: Chien-Pao|Sucker Punch|p2b: Dondozo\n|-damage|p2b: Dondozo|40\/100\n|move|p1a: Iron Valiant|Psyshock|p2b: Dondozo\n|-damage|p2b: Dondozo|9\/100\n|move|p2b: Dondozo|Earthquake|p1a: Iron Valiant|[spread] p1a,p1b\n|-miss|p2b: Dondozo|p2a: Tatsugiri\n|-damage|p1a: Iron Valiant|26\/100\n|-damage|p1b: Chien-Pao|42\/100\n|\n|-weather|SunnyDay|[upkeep]\n|upkeep\n|turn|5\n|\n|t:|1683107459\n|move|p1b: Chien-Pao|Ice Spinner|p2b: Dondozo\n|-resisted|p2b: Dondozo\n|-damage|p2b: Dondozo|0 fnt\n|faint|p2b: Dondozo\n|move|p1a: Iron Valiant|Moonblast|p2a: Tatsugiri\n|-supereffective|p2a: Tatsugiri\n|-damage|p2a: Tatsugiri|0 fnt\n|faint|p2a: Tatsugiri\n|\n|-weather|none\n|upkeep\n|\n|t:|1683107471\n|switch|p2a: Flutter Mane|Flutter Mane, L50|100\/100\n|switch|p2b: Torkoal|Torkoal, L50, F|100\/100\n|-weather|SunnyDay|[from] ability: Drought|[of] p2b: Torkoal\n|-activate|p2a: Flutter Mane|ability: Protosynthesis\n|-start|p2a: Flutter Mane|protosynthesisspe\n|turn|6\n|inactive|MrMaro has 30 seconds left.\n|\n|t:|1683107500\n|switch|p1b: Ceruledge|Ceruledge, L50, F|100\/100\n|move|p1a: Iron Valiant|Protect|p1a: Iron Valiant\n|-singleturn|p1a: Iron Valiant|Protect\n|move|p2a: Flutter Mane|Shadow Ball|p1a: Iron Valiant\n|-activate|p1a: Iron Valiant|move: Protect\n|move|p2b: Torkoal|Overheat|p1b: Ceruledge\n|-start|p1b: Ceruledge|ability: Flash Fire\n|\n|-weather|SunnyDay|[upkeep]\n|upkeep\n|turn|7\n|\n|t:|1683107518\n|-terastallize|p1b: Ceruledge|Grass\n|move|p1b: Ceruledge|Shadow Sneak|p2a: Flutter Mane\n|-supereffective|p2a: Flutter Mane\n|-damage|p2a: Flutter Mane|9\/100\n|move|p2a: Flutter Mane|Shadow Ball|p1b: Ceruledge\n|-damage|p1b: Ceruledge|28\/100\n|move|p1a: Iron Valiant|Moonblast|p2a: Flutter Mane\n|-damage|p2a: Flutter Mane|0 fnt\n|faint|p2a: Flutter Mane\n|-end|p2a: Flutter Mane|Protosynthesis|[silent]\n|move|p2b: Torkoal|Overheat|p1a: Iron Valiant\n|-damage|p1a: Iron Valiant|0 fnt\n|-unboost|p2b: Torkoal|spa|2\n|faint|p1a: Iron Valiant\n|-end|p1a: Iron Valiant|Quark Drive|[silent]\n|\n|-weather|SunnyDay|[upkeep]\n|upkeep\n|\n|t:|1683107530\n|switch|p1a: Chien-Pao|Chien-Pao, L50|42\/100\n|-ability|p1a: Chien-Pao|Sword of Ruin\n|turn|8\n|\n|t:|1683107541\n|move|p1a: Chien-Pao|Sucker Punch|p2b: Torkoal\n|-damage|p2b: Torkoal|67\/100\n|move|p1b: Ceruledge|Bitter Blade|p2b: Torkoal\n|-resisted|p2b: Torkoal\n|-damage|p2b: Torkoal|17\/100\n|-heal|p1b: Ceruledge|57\/100|[from] drain|[of] p2b: Torkoal\n|-enditem|p2b: Torkoal|Sitrus Berry|[eat]\n|-heal|p2b: Torkoal|42\/100|[from] item: Sitrus Berry\n|move|p2b: Torkoal|Overheat|p1a: Chien-Pao\n|-supereffective|p1a: Chien-Pao\n|-damage|p1a: Chien-Pao|0 fnt\n|-unboost|p2b: Torkoal|spa|2\n|faint|p1a: Chien-Pao\n|\n|-weather|SunnyDay|[upkeep]\n|upkeep\n|turn|9\n|\n|t:|1683107562\n|move|p1b: Ceruledge|Bitter Blade|p2b: Torkoal\n|-resisted|p2b: Torkoal\n|-damage|p2b: Torkoal|2\/100\n|-heal|p1b: Ceruledge|81\/100|[from] drain|[of] p2b: Torkoal\n|move|p2b: Torkoal|Yawn|p1b: Ceruledge\n|-start|p1b: Ceruledge|move: Yawn|[of] p2b: Torkoal\n|\n|-weather|SunnyDay|[upkeep]\n|upkeep\n|turn|10\n|\n|t:|1683107572\n|move|p2b: Torkoal|Protect|p2b: Torkoal\n|-singleturn|p2b: Torkoal|Protect\n|move|p1b: Ceruledge|Shadow Sneak|p2b: Torkoal\n|-activate|p2b: Torkoal|move: Protect\n|\n|-weather|none\n|-end|p1b: Ceruledge|move: Yawn|[silent]\n|-status|p1b: Ceruledge|slp\n|upkeep\n|turn|11\n|c|\u2606MrMaro|GG\n|inactive|MrMaro has 30 seconds left.\n|c|\u2606Dont141|gg\n|-message|MrMaro forfeited.\n|\n|win|Dont141\n|raw|Dont141's rating: 1219 → 1244<\/strong> (+25 for winning)\n|raw|MrMaro's rating: 1215 → 1190<\/strong> (-25 for losing)\n|l|\u2606MrMaro\n","uploadtime":1683107608,"views":12,"p1id":"dont141","p2id":"mrmaro","formatid":"gen9vgc2023regulationc","rating":1190,"private":0,"password":""}