{"id":"gen9vgc2023regulationc-1854858278","p1":"HeffNastyy","p2":"bennoVGC","format":"[Gen 9] VGC 2023 Regulation C","log":"|j|\u2606HeffNastyy\n|j|\u2606bennoVGC\n|t:|1682874056\n|gametype|doubles\n|player|p1|HeffNastyy|lance|\n|player|p2|bennoVGC|265|\n|teamsize|p1|6\n|teamsize|p2|6\n|gen|9\n|tier|[Gen 9] VGC 2023 Regulation C\n|rule|Species Clause: Limit one of each Pok\u00e9mon\n|rule|Item Clause: Limit one of each item\n|clearpoke\n|poke|p1|Garchomp, L50, F|\n|poke|p1|Chien-Pao, L50|\n|poke|p1|Talonflame, L50, M|\n|poke|p1|Gyarados, L50, M|\n|poke|p1|Flutter Mane, L50|\n|poke|p1|Iron Hands, L50|\n|poke|p2|Palafin, L50, F|\n|poke|p2|Arcanine, L50, F|\n|poke|p2|Flutter Mane, L50|\n|poke|p2|Amoonguss, L50, M|\n|poke|p2|Pawmot, L50, M|\n|poke|p2|Ting-Lu, L50|\n|teampreview|4\n|c|\u2606bennoVGC|g2\n|c|\u2606HeffNastyy|g2\nbennoVGC has agreed to open team sheets.\nHeffNastyy has agreed to open team sheets.\n|c|\u2606HeffNastyy|gl hf\n|c|\u2606bennoVGC|u2 :d\n|c|\u2606bennoVGC|:D\n|\n|t:|1682874550\n|start\n|switch|p1a: Phoenix|Talonflame, L50, M, shiny|100\/100\n|switch|p1b: Chompa|Garchomp, L50, F, shiny|100\/100\n|switch|p2a: Flutter Mane|Flutter Mane, L50, shiny|100\/100\n|switch|p2b: Pawmot|Pawmot, L50, M, shiny|100\/100\n|turn|1\n|\n|t:|1682874580\n|-terastallize|p2a: Flutter Mane|Grass\n|-terastallize|p1b: Chompa|Fire\n|move|p1a: Phoenix|Quick Guard|p1a: Phoenix\n|-singleturn|p1a: Phoenix|Quick Guard\n|move|p2b: Pawmot|Fake Out|p1b: Chompa\n|-activate|p1b: Chompa|move: Quick Guard\n|move|p2a: Flutter Mane|Shadow Ball|p1a: Phoenix\n|-damage|p1a: Phoenix|16\/100\n|-unboost|p1a: Phoenix|spd|1\n|move|p1b: Chompa|Earthquake|p2b: Pawmot|[spread] p2a,p2b\n|-immune|p1a: Phoenix\n|-resisted|p2a: Flutter Mane\n|-supereffective|p2b: Pawmot\n|-damage|p2a: Flutter Mane|63\/100\n|-enditem|p2b: Pawmot|Focus Sash\n|-damage|p2b: Pawmot|1\/100\n|\n|upkeep\n|turn|2\n|\n|t:|1682874634\n|move|p2a: Flutter Mane|Shadow Ball|p1a: Phoenix\n|-damage|p1a: Phoenix|0 fnt\n|faint|p1a: Phoenix\n|move|p2b: Pawmot|Double Shock|p1b: Chompa\n|-damage|p1b: Chompa|43\/100\n|-start|p2b: Pawmot|typechange|???\/Fighting|[from] move: Double Shock\n|-damage|p2b: Pawmot|0 fnt|[from] ability: Rough Skin|[of] p1b: Chompa\n|faint|p2b: Pawmot\n|move|p1b: Chompa|Dragon Claw|p2a: Flutter Mane\n|-crit|p2a: Flutter Mane\n|-damage|p2a: Flutter Mane|0 fnt\n|faint|p2a: Flutter Mane\n|-end|p2a: Flutter Mane|Protosynthesis|[silent]\n|\n|upkeep\n|\n|t:|1682874648\n|switch|p2a: Ting-Lu|Ting-Lu, L50|100\/100\n|switch|p1a: Jaws|Gyarados, L50, M, shiny|100\/100\n|switch|p2b: Palafin|Palafin, L50, F, shiny|100\/100\n|-ability|p1a: Jaws|Intimidate|boost\n|-unboost|p2a: Ting-Lu|atk|1\n|-unboost|p2b: Palafin|atk|1\n|-ability|p2a: Ting-Lu|Vessel of Ruin\n|turn|3\n|\n|t:|1682874675\n|move|p1a: Jaws|Helping Hand|p1b: Chompa\n|-singleturn|p1b: Chompa|Helping Hand|[of] p1a: Jaws\n|move|p1b: Chompa|Earthquake|p2a: Ting-Lu|[spread] p2a,p2b\n|-immune|p1a: Jaws\n|-damage|p2a: Ting-Lu|66\/100\n|-damage|p2b: Palafin|30\/100\n|move|p2b: Palafin|Wave Crash|p1b: Chompa\n|-supereffective|p1b: Chompa\n|-damage|p1b: Chompa|0 fnt\n|-damage|p2b: Palafin|18\/100|[from] ability: Rough Skin|[of] p1b: Chompa\n|faint|p1b: Chompa\n|-damage|p2b: Palafin|4\/100|[from] Recoil\n|move|p2a: Ting-Lu|Ruination|p1a: Jaws\n|-damage|p1a: Jaws|50\/100\n|-enditem|p1a: Jaws|Sitrus Berry|[eat]\n|-heal|p1a: Jaws|75\/100|[from] item: Sitrus Berry\n|\n|upkeep\n|\n|t:|1682874691\n|switch|p1b: Lilith|Flutter Mane, L50, shiny|100\/100\n|-enditem|p1b: Lilith|Booster Energy\n|-activate|p1b: Lilith|ability: Protosynthesis|[fromitem]\n|-start|p1b: Lilith|protosynthesisspa\n|turn|4\n|\n|t:|1682874709\n|move|p2b: Palafin|Jet Punch|p1b: Lilith\n|-damage|p1b: Lilith|77\/100\n|move|p1b: Lilith|Moonblast|p2a: Ting-Lu\n|-supereffective|p2a: Ting-Lu\n|-damage|p2a: Ting-Lu|31\/100\n|-unboost|p2a: Ting-Lu|spa|1\n|move|p1a: Jaws|Waterfall|p2b: Palafin\n|-resisted|p2b: Palafin\n|-damage|p2b: Palafin|0 fnt\n|faint|p2b: Palafin\n|move|p2a: Ting-Lu|Heavy Slam|p1b: Lilith\n|-supereffective|p1b: Lilith\n|-damage|p1b: Lilith|19\/100\n|\n|upkeep\n|turn|5\n|\n|t:|1682874725\n|move|p1b: Lilith|Moonblast|p2a: Ting-Lu\n|-supereffective|p2a: Ting-Lu\n|-damage|p2a: Ting-Lu|0 fnt\n|faint|p2a: Ting-Lu\n|\n|win|HeffNastyy\n|c|\u2606HeffNastyy|gg\n|l|\u2606bennoVGC\n","uploadtime":1682875179,"views":8,"p1id":"heffnastyy","p2id":"bennovgc","formatid":"gen9vgc2023regulationc","rating":0,"private":0,"password":""}