{"id":"gen9vgc2023regulationc-1862155257","p1":"valhala alfa","p2":"Arcacagne","format":"[Gen 9] VGC 2023 Regulation C","log":"|j|\u2606valhala alfa\n|j|\u2606Arcacagne\n|t:|1683842998\n|gametype|doubles\n|player|p1|valhala alfa|101|1382\n|player|p2|Arcacagne|102|1299\n|teamsize|p1|6\n|teamsize|p2|6\n|gen|9\n|tier|[Gen 9] VGC 2023 Regulation C\n|rated|\n|rule|Species Clause: Limit one of each Pok\u00e9mon\n|rule|Item Clause: Limit one of each item\n|clearpoke\n|poke|p1|Annihilape, L50, F|\n|poke|p1|Maushold, L50|\n|poke|p1|Glimmora, L50, M|\n|poke|p1|Iron Jugulis, L50|\n|poke|p1|Garganacl, L50, M|\n|poke|p1|Flareon, L50, F|\n|poke|p2|Ting-Lu, L50|\n|poke|p2|Flutter Mane, L50|\n|poke|p2|Amoonguss, L50, M|\n|poke|p2|Palafin, L50, F|\n|poke|p2|Kingambit, L50, M|\n|poke|p2|Tauros-Paldea-Blaze, L50, M|\n|teampreview|4\n|inactive|Battle timer is ON: inactive players will automatically lose when time's up. (requested by valhala alfa)\nvalhala alfa has agreed to open team sheets.\n|inactive|Arcacagne has 60 seconds left.\n|\n|t:|1683843040\n|start\n|switch|p1a: Iron Jugulis|Iron Jugulis, L50|100\/100\n|switch|p1b: Annihilape|Annihilape, L50, F|100\/100\n|switch|p2a: Flutter Mane|Flutter Mane, L50|100\/100\n|switch|p2b: Kingambit|Kingambit, L50, M|100\/100\n|-enditem|p2a: Flutter Mane|Booster Energy\n|-activate|p2a: Flutter Mane|ability: Protosynthesis|[fromitem]\n|-start|p2a: Flutter Mane|protosynthesisspa\n|turn|1\n|\n|t:|1683843064\n|-terastallize|p1b: Annihilape|Fire\n|-terastallize|p2b: Kingambit|Water\n|move|p2a: Flutter Mane|Substitute|p2a: Flutter Mane\n|-start|p2a: Flutter Mane|Substitute\n|-damage|p2a: Flutter Mane|76\/100\n|move|p1a: Iron Jugulis|Tailwind|p1a: Iron Jugulis\n|-sidestart|p1: valhala alfa|move: Tailwind\n|move|p1b: Annihilape|Drain Punch|p2b: Kingambit\n|-damage|p2b: Kingambit|72\/100\n|move|p2b: Kingambit|Swords Dance|p2b: Kingambit\n|-boost|p2b: Kingambit|atk|2\n|\n|upkeep\n|turn|2\n|\n|t:|1683843088\n|move|p1a: Iron Jugulis|Air Slash|p2b: Kingambit\n|-damage|p2b: Kingambit|25\/100\n|-damage|p1a: Iron Jugulis|91\/100|[from] item: Life Orb\n|move|p1b: Annihilape|Thunder Punch|p2b: Kingambit\n|-supereffective|p2b: Kingambit\n|-damage|p2b: Kingambit|0 fnt\n|faint|p2b: Kingambit\n|move|p2a: Flutter Mane|Moonblast|p1a: Iron Jugulis\n|-supereffective|p1a: Iron Jugulis\n|-damage|p1a: Iron Jugulis|0 fnt\n|faint|p1a: Iron Jugulis\n|-end|p1a: Iron Jugulis|Quark Drive|[silent]\n|\n|upkeep\n|\n|t:|1683843102\n|switch|p1a: Garganacl|Garganacl, L50, M|100\/100\n|switch|p2b: Ting-Lu|Ting-Lu, L50|100\/100\n|-ability|p2b: Ting-Lu|Vessel of Ruin\n|turn|3\n|\n|t:|1683843115\n|move|p1b: Annihilape|Drain Punch|p2b: Ting-Lu\n|-supereffective|p2b: Ting-Lu\n|-damage|p2b: Ting-Lu|57\/100\n|move|p2a: Flutter Mane|Shadow Ball|p1b: Annihilape\n|-damage|p1b: Annihilape|76\/100\n|move|p1a: Garganacl|Body Press|p2b: Ting-Lu\n|-supereffective|p2b: Ting-Lu\n|-damage|p2b: Ting-Lu|23\/100\n|move|p2b: Ting-Lu|Stomping Tantrum|p1b: Annihilape\n|-supereffective|p1b: Annihilape\n|-damage|p1b: Annihilape|13\/100\n|\n|upkeep\n|turn|4\n|\n|t:|1683843135\n|switch|p2b: Tauros|Tauros-Paldea-Blaze, L50, M|100\/100\n|-ability|p2b: Tauros|Intimidate|boost\n|-unboost|p1a: Garganacl|atk|1\n|-unboost|p1b: Annihilape|atk|1\n|-ability|p1b: Annihilape|Defiant|boost\n|-boost|p1b: Annihilape|atk|2\n|move|p1b: Annihilape|Drain Punch|p2b: Tauros\n|-damage|p2b: Tauros|47\/100\n|-heal|p1b: Annihilape|36\/100|[from] drain|[of] p2b: Tauros\n|move|p2a: Flutter Mane|Shadow Ball|p1b: Annihilape\n|-damage|p1b: Annihilape|2\/100\n|move|p1a: Garganacl|Salt Cure|p2a: Flutter Mane\n|-activate|p2a: Flutter Mane|move: Substitute|[damage]\n|\n|-sideend|p1: valhala alfa|move: Tailwind\n|upkeep\n|turn|5\n|inactive|Arcacagne has 30 seconds left.\n|\n|t:|1683843162\n|move|p2a: Flutter Mane|Moonblast|p1a: Garganacl\n|-damage|p1a: Garganacl|56\/100\n|-unboost|p1a: Garganacl|spa|1\n|move|p2b: Tauros|Raging Bull|p1b: Annihilape\n|-resisted|p1b: Annihilape\n|-damage|p1b: Annihilape|0 fnt\n|faint|p1b: Annihilape\n|move|p1a: Garganacl|Salt Cure|p2b: Tauros\n|-damage|p2b: Tauros|36\/100\n|-start|p2b: Tauros|Salt Cure\n|\n|-heal|p1a: Garganacl|62\/100|[from] item: Leftovers\n|-damage|p2b: Tauros|24\/100|[from] Salt Cure\n|upkeep\n|\n|t:|1683843174\n|switch|p1b: Glimmora|Glimmora, L50, M|100\/100\n|turn|6\n|\n|t:|1683843194\n|move|p2a: Flutter Mane|Shadow Ball|p1a: Garganacl\n|-crit|p1a: Garganacl\n|-damage|p1a: Garganacl|35\/100\n|move|p2b: Tauros|Close Combat|p1b: Glimmora\n|-damage|p1b: Glimmora|55\/100\n|-unboost|p2b: Tauros|def|1\n|-unboost|p2b: Tauros|spd|1\n|-damage|p2b: Tauros|8\/100|[from] item: Rocky Helmet|[of] p1b: Glimmora\n|-activate|p1b: Glimmora|ability: Toxic Debris\n|-sidestart|p2: Arcacagne|move: Toxic Spikes\n|move|p1b: Glimmora|Mortal Spin|p2b: Tauros|[spread] p2a,p2b\n|-activate|p2a: Flutter Mane|move: Substitute|[damage]\n|-damage|p2b: Tauros|1\/100\n|-status|p2b: Tauros|psn\n|move|p1a: Garganacl|Recover|p1a: Garganacl\n|-heal|p1a: Garganacl|85\/100\n|\n|-heal|p1a: Garganacl|90\/100|[from] item: Leftovers\n|-damage|p2b: Tauros|0 fnt|[from] psn\n|faint|p2b: Tauros\n|upkeep\n|\n|t:|1683843215\n|switch|p2b: Ting-Lu|Ting-Lu, L50|23\/100\n|-status|p2b: Ting-Lu|psn\n|-ability|p2b: Ting-Lu|Vessel of Ruin\n|turn|7\n|\n|t:|1683843236\n|move|p2a: Flutter Mane|Shadow Ball|p1b: Glimmora\n|-damage|p1b: Glimmora|22\/100\n|move|p1b: Glimmora|Energy Ball|p2b: Ting-Lu\n|-supereffective|p2b: Ting-Lu\n|-damage|p2b: Ting-Lu|5\/100 psn\n|move|p2b: Ting-Lu|Stomping Tantrum|p1b: Glimmora\n|-supereffective|p1b: Glimmora\n|-damage|p1b: Glimmora|0 fnt\n|-damage|p2b: Ting-Lu|0 fnt|[from] item: Rocky Helmet|[of] p1b: Glimmora\n|-activate|p1b: Glimmora|ability: Toxic Debris\n|-sidestart|p2: Arcacagne|move: Toxic Spikes\n|faint|p1b: Glimmora\n|faint|p2b: Ting-Lu\n|move|p1a: Garganacl|Salt Cure|p2a: Flutter Mane\n|-end|p2a: Flutter Mane|Substitute\n|\n|-heal|p1a: Garganacl|96\/100|[from] item: Leftovers\n|upkeep\n|turn|8\n|\n|t:|1683843254\n|move|p2a: Flutter Mane|Substitute|p2a: Flutter Mane\n|-start|p2a: Flutter Mane|Substitute\n|-damage|p2a: Flutter Mane|51\/100\n|move|p1a: Garganacl|Salt Cure|p2a: Flutter Mane\n|-activate|p2a: Flutter Mane|move: Substitute|[damage]\n|\n|-heal|p1a: Garganacl|100\/100|[from] item: Leftovers\n|upkeep\n|turn|9\n|\n|t:|1683843263\n|move|p2a: Flutter Mane|Moonblast|p1a: Garganacl\n|-crit|p1a: Garganacl\n|-damage|p1a: Garganacl|30\/100\n|-unboost|p1a: Garganacl|spa|1\n|move|p1a: Garganacl|Salt Cure|p2a: Flutter Mane\n|-end|p2a: Flutter Mane|Substitute\n|\n|-heal|p1a: Garganacl|36\/100|[from] item: Leftovers\n|upkeep\n|turn|10\n|\n|t:|1683843273\n|move|p2a: Flutter Mane|Moonblast|p1a: Garganacl\n|-crit|p1a: Garganacl\n|-damage|p1a: Garganacl|0 fnt\n|faint|p1a: Garganacl\n|\n|win|Arcacagne\n|raw|valhala alfa's rating: 1382 → 1357<\/strong> (-25 for losing)\n|raw|Arcacagne's rating: 1299 → 1330<\/strong> (+31 for winning)\n|c|\u2606valhala alfa|-.-\n","uploadtime":1683843282,"views":10,"p1id":"valhalaalfa","p2id":"arcacagne","formatid":"gen9vgc2023regulationc","rating":1330,"private":0,"password":""}