{"id":"gen9vgc2023regulationc-1847310929","p1":"SisalVT","p2":"toucansoup","format":"[Gen 9] VGC 2023 Regulation C","log":"|j|\u2606SisalVT\n|j|\u2606toucansoup\n|t:|1681937174\n|gametype|doubles\n|player|p1|SisalVT|blue|1744\n|player|p2|toucansoup|170|1809\n|teamsize|p1|6\n|teamsize|p2|6\n|gen|9\n|tier|[Gen 9] VGC 2023 Regulation C\n|rated|\n|rule|Species Clause: Limit one of each Pok\u00e9mon\n|rule|Item Clause: Limit one of each item\n|clearpoke\n|poke|p1|Breloom, L50, M|\n|poke|p1|Chien-Pao, L50|\n|poke|p1|Flutter Mane, L50|\n|poke|p1|Chi-Yu, L50|\n|poke|p1|Dondozo, L50, F|\n|poke|p1|Tatsugiri-Stretchy, L50, F|\n|poke|p2|Chi-Yu, L50|\n|poke|p2|Scizor, L50, F|\n|poke|p2|Iron Bundle, L50|\n|poke|p2|Rotom-Wash, L50|\n|poke|p2|Garchomp, L50, F|\n|poke|p2|Chien-Pao, L50|\n|teampreview|4\nSisalVT has agreed to open team sheets.\n|\n|t:|1681937201\n|start\n|switch|p1a: Bottas|Flutter Mane, L50|100\/100\n|switch|p1b: Hanako|Chi-Yu, L50|100\/100\n|switch|p2a: Scizor|Scizor, L50, F|100\/100\n|switch|p2b: Chien-Pao|Chien-Pao, L50|100\/100\n|-ability|p2b: Chien-Pao|Sword of Ruin\n|-ability|p1b: Hanako|Beads of Ruin\n|-enditem|p1a: Bottas|Booster Energy\n|-activate|p1a: Bottas|ability: Protosynthesis|[fromitem]\n|-start|p1a: Bottas|protosynthesisspa\n|turn|1\n|\n|t:|1681937225\n|move|p1a: Bottas|Protect|p1a: Bottas\n|-singleturn|p1a: Bottas|Protect\n|move|p2a: Scizor|Bullet Punch|p1a: Bottas\n|-activate|p1a: Bottas|move: Protect\n|move|p2b: Chien-Pao|Sacred Sword|p1b: Hanako\n|-supereffective|p1b: Hanako\n|-damage|p1b: Hanako|0 fnt\n|faint|p1b: Hanako\n|-damage|p2b: Chien-Pao|91\/100|[from] item: Life Orb\n|\n|upkeep\n|\n|t:|1681937278\n|switch|p1b: Chonkster|Dondozo, L50, F|100\/100\n|turn|2\n|\n|t:|1681937286\n|-end|p1a: Bottas|Protosynthesis|[silent]\n|switch|p1a: Pogsukiri|Tatsugiri-Stretchy, L50, F, shiny|100\/100\n|-activate|p1a: Pogsukiri|ability: Commander|[of] p1b: Chonkster\n|-boost|p1b: Chonkster|atk|2\n|-boost|p1b: Chonkster|spa|2\n|-boost|p1b: Chonkster|spe|2\n|-boost|p1b: Chonkster|def|2\n|-boost|p1b: Chonkster|spd|2\n|move|p2b: Chien-Pao|Protect|p2b: Chien-Pao\n|-singleturn|p2b: Chien-Pao|Protect\n|move|p2a: Scizor|Bullet Punch|p1a: Pogsukiri|[miss]\n|-miss|p2a: Scizor|p1a: Pogsukiri\n|move|p1b: Chonkster|Rock Slide|p2a: Scizor|[spread] p2a\n|-activate|p2b: Chien-Pao|move: Protect\n|-damage|p2a: Scizor|59\/100\n|\n|upkeep\n|turn|3\n|\n|t:|1681937318\n|switch|p2a: Rotom|Rotom-Wash, L50|100\/100\n|move|p2b: Chien-Pao|Sacred Sword|p1b: Chonkster\n|-damage|p1b: Chonkster|65\/100\n|-damage|p2b: Chien-Pao|81\/100|[from] item: Life Orb\n|move|p1b: Chonkster|Rock Slide|p2b: Chien-Pao|[spread] p2a,p2b\n|-supereffective|p2b: Chien-Pao\n|-crit|p2b: Chien-Pao\n|-damage|p2a: Rotom|65\/100\n|-damage|p2b: Chien-Pao|0 fnt\n|faint|p2b: Chien-Pao\n|\n|-heal|p1b: Chonkster|71\/100|[from] item: Leftovers\n|upkeep\n|\n|t:|1681937320\n|switch|p2b: Iron Bundle|Iron Bundle, L50|100\/100\n|-enditem|p2b: Iron Bundle|Booster Energy\n|-activate|p2b: Iron Bundle|ability: Quark Drive|[fromitem]\n|-start|p2b: Iron Bundle|quarkdrivespe\n|turn|4\n|\n|t:|1681937331\n|-terastallize|p1b: Chonkster|Grass\n|move|p2b: Iron Bundle|Substitute|p2b: Iron Bundle\n|-start|p2b: Iron Bundle|Substitute\n|-damage|p2b: Iron Bundle|76\/100\n|move|p1b: Chonkster|Tera Blast|p2b: Iron Bundle\n|-supereffective|p2b: Iron Bundle\n|-end|p2b: Iron Bundle|Substitute\n|move|p2a: Rotom|Thunderbolt|p1b: Chonkster\n|-resisted|p1b: Chonkster\n|-damage|p1b: Chonkster|63\/100\n|\n|-heal|p1b: Chonkster|69\/100|[from] item: Leftovers\n|upkeep\n|turn|5\n|j| ZacianLoveMe\n|\n|t:|1681937338\n|move|p2b: Iron Bundle|Substitute|p2b: Iron Bundle\n|-start|p2b: Iron Bundle|Substitute\n|-damage|p2b: Iron Bundle|52\/100\n|move|p1b: Chonkster|Tera Blast|p2a: Rotom\n|-supereffective|p2a: Rotom\n|-damage|p2a: Rotom|0 fnt\n|faint|p2a: Rotom\n|\n|-heal|p1b: Chonkster|75\/100|[from] item: Leftovers\n|upkeep\n|\n|t:|1681937341\n|switch|p2a: Scizor|Scizor, L50, F|59\/100\n|turn|6\n|\n|t:|1681937346\n|move|p2b: Iron Bundle|Freeze-Dry|p1b: Chonkster\n|-supereffective|p1b: Chonkster\n|-damage|p1b: Chonkster|42\/100\n|move|p1b: Chonkster|Wave Crash|p2a: Scizor\n|-damage|p2a: Scizor|0 fnt\n|faint|p2a: Scizor\n|-damage|p1b: Chonkster|28\/100|[from] Recoil\n|\n|-heal|p1b: Chonkster|34\/100|[from] item: Leftovers\n|upkeep\n|turn|7\n|\n|t:|1681937356\n|-terastallize|p2b: Iron Bundle|Ice\n|move|p2b: Iron Bundle|Freeze-Dry|p1b: Chonkster\n|-supereffective|p1b: Chonkster\n|-damage|p1b: Chonkster|0 fnt\n|faint|p1b: Chonkster\n|\n|upkeep\n|\n|t:|1681937359\n|switch|p1b: Bottas|Flutter Mane, L50|100\/100\n|turn|8\n|\n|t:|1681937368\n|move|p2b: Iron Bundle|Freeze-Dry|p1a: Pogsukiri\n|-supereffective|p1a: Pogsukiri\n|-damage|p1a: Pogsukiri|0 fnt\n|faint|p1a: Pogsukiri\n|move|p1b: Bottas|Moonblast|p2b: Iron Bundle\n|-end|p2b: Iron Bundle|Substitute\n|\n|upkeep\n|turn|9\n|\n|t:|1681937371\n|move|p2b: Iron Bundle|Freeze-Dry|p1b: Bottas\n|-damage|p1b: Bottas|58\/100\n|move|p1b: Bottas|Moonblast|p2b: Iron Bundle\n|-crit|p2b: Iron Bundle\n|-damage|p2b: Iron Bundle|0 fnt\n|faint|p2b: Iron Bundle\n|-end|p2b: Iron Bundle|Quark Drive|[silent]\n|\n|win|SisalVT\n|raw|SisalVT's rating: 1760 → 1783<\/strong> (+23 for winning)\n|raw|toucansoup's rating: 1809 → 1786<\/strong> (-23 for losing)\n|l|\u2606SisalVT\n|l|\u2606toucansoup\n","uploadtime":1681937398,"views":9,"p1id":"sisalvt","p2id":"toucansoup","formatid":"gen9vgc2023regulationc","rating":1783,"private":0,"password":""}