{"id":"gen9vgc2023regulationc-1847475615","p1":"dunsparcedingo","p2":"Mrkoklock","format":"[Gen 9] VGC 2023 Regulation C","log":"|j|\u2606dunsparcedingo\n|j|\u2606Mrkoklock\n|t:|1681959768\n|gametype|doubles\n|player|p1|dunsparcedingo|zinnia|1195\n|player|p2|Mrkoklock|clerkf|1168\n|teamsize|p1|6\n|teamsize|p2|6\n|gen|9\n|tier|[Gen 9] VGC 2023 Regulation C\n|rated|\n|rule|Species Clause: Limit one of each Pok\u00e9mon\n|rule|Item Clause: Limit one of each item\n|clearpoke\n|poke|p1|Torkoal, L50, F|\n|poke|p1|Jumpluff, L50, F|\n|poke|p1|Chi-Yu, L50|\n|poke|p1|Flutter Mane, L50|\n|poke|p1|Iron Bundle, L50|\n|poke|p1|Slither Wing, L50|\n|poke|p2|Volcarona, L50, F|\n|poke|p2|Oricorio-Pom-Pom, L50, F|\n|poke|p2|Armarouge, L50, F|\n|poke|p2|Meowscarada, L50, M|\n|poke|p2|Indeedee-F, L50, F|\n|poke|p2|Garchomp, L50, M|\n|teampreview|4\n|inactive|Battle timer is ON: inactive players will automatically lose when time's up. (requested by Mrkoklock)\ndunsparcedingo has agreed to open team sheets.\n|inactive|dunsparcedingo has 60 seconds left.\n|inactive|Mrkoklock has 60 seconds left.\n|\n|t:|1681959820\n|start\n|switch|p1a: Chi-Yu|Chi-Yu, L50|100\/100\n|switch|p1b: Flutter Mane|Flutter Mane, L50|100\/100\n|switch|p2a: Volcarona|Volcarona, L50, F|100\/100\n|switch|p2b: Oricorio|Oricorio-Pom-Pom, L50, F|100\/100\n|-ability|p1a: Chi-Yu|Beads of Ruin\n|turn|1\n|inactive|dunsparcedingo has 30 seconds left.\n|\n|t:|1681959849\n|move|p2b: Oricorio|Protect|p2b: Oricorio\n|-singleturn|p2b: Oricorio|Protect\n|move|p1b: Flutter Mane|Shadow Ball|p2a: Volcarona\n|-damage|p2a: Volcarona|18\/100\n|move|p2a: Volcarona|Quiver Dance|p2a: Volcarona\n|-boost|p2a: Volcarona|spa|1\n|-boost|p2a: Volcarona|spd|1\n|-boost|p2a: Volcarona|spe|1\n|-activate|p2b: Oricorio|ability: Dancer\n|move|p2b: Oricorio|Quiver Dance|p2b: Oricorio|[from]ability: Dancer\n|-boost|p2b: Oricorio|spa|1\n|-boost|p2b: Oricorio|spd|1\n|-boost|p2b: Oricorio|spe|1\n|move|p1a: Chi-Yu|Heat Wave|p2a: Volcarona|[spread] p2a\n|-activate|p2b: Oricorio|move: Protect\n|-damage|p2a: Volcarona|0 fnt\n|faint|p2a: Volcarona\n|\n|upkeep\n|inactive|Mrkoklock has 30 seconds left.\n|\n|t:|1681959877\n|switch|p2a: Vorkath|Garchomp, L50, M|100\/100\n|turn|2\n|inactive|dunsparcedingo has 30 seconds left.\n|inactive|dunsparcedingo has 20 seconds left.\n|inactive|dunsparcedingo has 15 seconds left.\n|inactive|dunsparcedingo has 10 seconds left.\n|inactive|dunsparcedingo has 5 seconds left.\n|\n|t:|1681959927\n|-end|p1b: Flutter Mane|Protosynthesis|[silent]\n|switch|p1b: Iron Bundle|Iron Bundle, L50|100\/100\n|-enditem|p1b: Iron Bundle|Booster Energy\n|-activate|p1b: Iron Bundle|ability: Quark Drive|[fromitem]\n|-start|p1b: Iron Bundle|quarkdrivespa\n|move|p2b: Oricorio|Revelation Dance|p1b: Iron Bundle\n|-supereffective|p1b: Iron Bundle\n|-damage|p1b: Iron Bundle|0 fnt\n|faint|p1b: Iron Bundle\n|-end|p1b: Iron Bundle|Quark Drive|[silent]\n|move|p2a: Vorkath|Earthquake|p1a: Chi-Yu|[spread] p1a\n|-immune|p2b: Oricorio\n|-supereffective|p1a: Chi-Yu\n|-damage|p1a: Chi-Yu|4\/100\n|move|p1a: Chi-Yu|Overheat|p2b: Oricorio\n|-damage|p2b: Oricorio|2\/100\n|-unboost|p1a: Chi-Yu|spa|2\n|\n|upkeep\n|\n|t:|1681959950\n|switch|p1b: Flutter Mane|Flutter Mane, L50|100\/100\n|turn|3\n|c|\u2606Mrkoklock|O.o\n|inactive|dunsparcedingo has 30 seconds left.\n|\n|t:|1681959980\n|switch|p1a: Slither Wing|Slither Wing, L50|100\/100\n|-terastallize|p2a: Vorkath|Steel\n|move|p2b: Oricorio|Icy Wind|p1b: Flutter Mane|[spread] p1a,p1b\n|-damage|p1a: Slither Wing|84\/100\n|-damage|p1b: Flutter Mane|82\/100\n|-unboost|p1a: Slither Wing|spe|1\n|-unboost|p1b: Flutter Mane|spe|1\n|move|p2a: Vorkath|Earthquake|p1b: Flutter Mane|[spread] p1a,p1b\n|-immune|p2b: Oricorio\n|-resisted|p1a: Slither Wing\n|-damage|p1a: Slither Wing|64\/100\n|-damage|p1b: Flutter Mane|0 fnt\n|faint|p1b: Flutter Mane\n|-end|p1b: Flutter Mane|Protosynthesis|[silent]\n|\n|upkeep\n|\n|t:|1681959993\n|switch|p1b: Chi-Yu|Chi-Yu, L50|4\/100\n|-ability|p1b: Chi-Yu|Beads of Ruin\n|turn|4\n|\n|t:|1681960007\n|switch|p2a: Indeedee|Indeedee-F, L50, F|100\/100\n|-fieldstart|move: Psychic Terrain|[from] ability: Psychic Surge|[of] p2a: Indeedee\n|-enditem|p2a: Indeedee|Psychic Seed\n|-boost|p2a: Indeedee|spd|1|[from] item: Psychic Seed\n|move|p1a: Slither Wing|First Impression|p2b: Oricorio\n|-hint|Psychic Terrain doesn't affect Pok\u00e9mon immune to Ground.\n|-resisted|p2b: Oricorio\n|-damage|p2b: Oricorio|0 fnt\n|faint|p2b: Oricorio\n|-damage|p1a: Slither Wing|54\/100|[from] item: Life Orb\n|move|p1b: Chi-Yu|Overheat|p2a: Indeedee\n|-damage|p2a: Indeedee|39\/100\n|-unboost|p1b: Chi-Yu|spa|2\n|\n|upkeep\n|\n|t:|1681960021\n|switch|p2b: Vorkath|Garchomp, L50, M, tera:Steel|100\/100\n|turn|5\n|\n|t:|1681960032\n|move|p2a: Indeedee|Follow Me|p2a: Indeedee\n|-singleturn|p2a: Indeedee|move: Follow Me\n|move|p2b: Vorkath|Earthquake|p1b: Chi-Yu|[spread] p2a,p1a,p1b\n|-resisted|p1a: Slither Wing\n|-supereffective|p1b: Chi-Yu\n|-damage|p2a: Indeedee|0 fnt\n|-damage|p1a: Slither Wing|31\/100\n|-damage|p1b: Chi-Yu|0 fnt\n|faint|p2a: Indeedee\n|faint|p1b: Chi-Yu\n|move|p1a: Slither Wing|Close Combat|p2b: Vorkath\n|-supereffective|p2b: Vorkath\n|-damage|p2b: Vorkath|0 fnt\n|-unboost|p1a: Slither Wing|def|1\n|-unboost|p1a: Slither Wing|spd|1\n|-damage|p1a: Slither Wing|19\/100|[from] ability: Rough Skin|[of] p2b: Vorkath\n|-damage|p1a: Slither Wing|2\/100|[from] item: Rocky Helmet|[of] p2b: Vorkath\n|faint|p2b: Vorkath\n|-damage|p1a: Slither Wing|0 fnt|[from] item: Life Orb\n|faint|p1a: Slither Wing\n|-end|p1a: Slither Wing|Protosynthesis|[silent]\n|\n|win|dunsparcedingo\n|raw|dunsparcedingo's rating: 1195 → 1218<\/strong> (+23 for winning)\n|raw|Mrkoklock's rating: 1168 → 1145<\/strong> (-23 for losing)\n|l|\u2606Mrkoklock\n","uploadtime":1681960049,"views":10,"p1id":"dunsparcedingo","p2id":"mrkoklock","formatid":"gen9vgc2023regulationc","rating":1145,"private":0,"password":""}