{"id":"gen9vgc2023regulationc-1848915973","p1":"championx18","p2":"alex123alex","format":"[Gen 9] VGC 2023 Regulation C","log":"|j|\u2606championx18\n|j|\u2606alex123alex\n|t:|1682125717\n|gametype|doubles\n|player|p1|championx18|169|1172\n|player|p2|alex123alex|101|1173\n|teamsize|p1|6\n|teamsize|p2|6\n|gen|9\n|tier|[Gen 9] VGC 2023 Regulation C\n|rated|\n|rule|Species Clause: Limit one of each Pok\u00e9mon\n|rule|Item Clause: Limit one of each item\n|clearpoke\n|poke|p1|Palafin, L50, F|\n|poke|p1|Flutter Mane, L50|\n|poke|p1|Arcanine, L50, F|\n|poke|p1|Ting-Lu, L50|\n|poke|p1|Amoonguss, L50, F|\n|poke|p1|Kingambit, L50, M|\n|poke|p2|Tatsugiri, L50, M|\n|poke|p2|Dondozo, L50, F|\n|poke|p2|Glimmora, L50, M|\n|poke|p2|Ceruledge, L50, M|\n|poke|p2|Chi-Yu, L50|\n|poke|p2|Amoonguss, L50, F|\n|teampreview|4\n|inactive|Battle timer is ON: inactive players will automatically lose when time's up. (requested by alex123alex)\n|inactive|alex123alex has 60 seconds left.\n|\n|t:|1682125753\n|start\n|switch|p1a: Palafin|Palafin, L50, F|100\/100\n|switch|p1b: Amoonguss|Amoonguss, L50, F|100\/100\n|switch|p2a: Tatsugiri|Tatsugiri, L50, M|100\/100\n|switch|p2b: Glimmora|Glimmora, L50, M|100\/100\n|turn|1\n|\n|t:|1682125767\n|move|p1a: Palafin|Protect|p1a: Palafin\n|-singleturn|p1a: Palafin|Protect\n|move|p2a: Tatsugiri|Substitute|p2a: Tatsugiri\n|-start|p2a: Tatsugiri|Substitute\n|-damage|p2a: Tatsugiri|76\/100\n|move|p2b: Glimmora|Mortal Spin|p1a: Palafin|[spread] p1b\n|-activate|p1a: Palafin|move: Protect\n|-damage|p1b: Amoonguss|96\/100\n|-damage|p2b: Glimmora|84\/100|[from] item: Rocky Helmet|[of] p1b: Amoonguss\n|move|p1b: Amoonguss|Spore|p2b: Glimmora\n|-status|p2b: Glimmora|slp|[from] move: Spore\n|\n|upkeep\n|turn|2\n|inactive|alex123alex has 30 seconds left.\n|\n|t:|1682125800\n|detailschange|p1a: Palafin|Palafin-Hero, L50, F\n|switch|p1a: Ting-Lu|Ting-Lu, L50|100\/100\n|-ability|p1a: Ting-Lu|Vessel of Ruin\n|switch|p1b: Kingambit|Kingambit, L50, M|100\/100\n|move|p2a: Tatsugiri|Draco Meteor|p1a: Ting-Lu\n|-damage|p1a: Ting-Lu|81\/100\n|-unboost|p2a: Tatsugiri|spa|2\n|cant|p2b: Glimmora|slp\n|\n|upkeep\n|turn|3\n|inactive|alex123alex has 30 seconds left.\n|\n|t:|1682125833\n|-terastallize|p1a: Ting-Lu|Grass\n|move|p1b: Kingambit|Protect|p1b: Kingambit\n|-singleturn|p1b: Kingambit|Protect\n|move|p2a: Tatsugiri|Muddy Water|p1a: Ting-Lu|[spread] p1a\n|-activate|p1b: Kingambit|move: Protect\n|-resisted|p1a: Ting-Lu\n|-damage|p1a: Ting-Lu|78\/100\n|cant|p2b: Glimmora|slp\n|move|p1a: Ting-Lu|Earthquake|p2a: Tatsugiri|[spread] p2a,p2b\n|-activate|p1b: Kingambit|move: Protect\n|-end|p2a: Tatsugiri|Substitute\n|-supereffective|p2b: Glimmora\n|-damage|p2b: Glimmora|0 fnt\n|-activate|p2b: Glimmora|ability: Toxic Debris\n|-sidestart|p1: championx18|move: Toxic Spikes\n|faint|p2b: Glimmora\n|\n|upkeep\n|\n|t:|1682125849\n|switch|p2b: Dondozo|Dondozo, L50, F|100\/100\n|-activate|p2a: Tatsugiri|ability: Commander|[of] p2b: Dondozo\n|-boost|p2b: Dondozo|atk|2\n|-boost|p2b: Dondozo|spa|2\n|-boost|p2b: Dondozo|spe|2\n|-boost|p2b: Dondozo|def|2\n|-boost|p2b: Dondozo|spd|2\n|turn|4\n|\n|t:|1682125873\n|switch|p1b: Amoonguss|Amoonguss, L50, F|100\/100\n|-sideend|p1: championx18|move: Toxic Spikes|[of] p1b: Amoonguss\n|-terastallize|p2b: Dondozo|Grass\n|move|p2b: Dondozo|Order Up|p1b: Amoonguss\n|-damage|p1b: Amoonguss|62\/100\n|-boost|p2b: Dondozo|atk|1\n|move|p1a: Ting-Lu|Ruination|p2b: Dondozo\n|-damage|p2b: Dondozo|51\/100\n|\n|-heal|p2b: Dondozo|57\/100|[from] item: Leftovers\n|upkeep\n|turn|5\n|inactive|championx18 has 30 seconds left.\n|inactive|alex123alex has 30 seconds left.\n|inactive|alex123alex has 20 seconds left.\n|\n|t:|1682125908\n|switch|p1a: Palafin|Palafin-Hero, L50, F|100\/100\n|-activate|p1a: Palafin|ability: Zero to Hero\n|move|p2b: Dondozo|Order Up|p1a: Palafin\n|-damage|p1a: Palafin|51\/100\n|-boost|p2b: Dondozo|atk|1\n|move|p1b: Amoonguss|Spore|p2a: Tatsugiri|[miss]\n|-miss|p1b: Amoonguss|p2a: Tatsugiri\n|\n|-heal|p2b: Dondozo|63\/100|[from] item: Leftovers\n|upkeep\n|turn|6\n|\n|t:|1682125926\n|move|p1b: Amoonguss|Rage Powder|p1b: Amoonguss\n|-singleturn|p1b: Amoonguss|move: Rage Powder\n|move|p1a: Palafin|Haze|p1a: Palafin\n|-clearallboost\n|move|p2b: Dondozo|Earthquake|p1a: Palafin|[spread] p1a,p1b\n|-miss|p2b: Dondozo|p2a: Tatsugiri\n|-damage|p1a: Palafin|34\/100\n|-damage|p1b: Amoonguss|46\/100\n|\n|-heal|p2b: Dondozo|69\/100|[from] item: Leftovers\n|upkeep\n|turn|7\n|\n|t:|1682125949\n|switch|p1a: Ting-Lu|Ting-Lu, L50, tera:Grass|78\/100\n|-ability|p1a: Ting-Lu|Vessel of Ruin\n|move|p1b: Amoonguss|Protect|p1b: Amoonguss\n|-singleturn|p1b: Amoonguss|Protect\n|move|p2b: Dondozo|Earthquake|p1b: Amoonguss|[spread] p1a\n|-miss|p2b: Dondozo|p2a: Tatsugiri\n|-activate|p1b: Amoonguss|move: Protect\n|-resisted|p1a: Ting-Lu\n|-damage|p1a: Ting-Lu|71\/100\n|\n|-heal|p2b: Dondozo|76\/100|[from] item: Leftovers\n|upkeep\n|turn|8\n|\n|t:|1682125969\n|move|p1a: Ting-Lu|Ruination|p2b: Dondozo\n|-damage|p2b: Dondozo|38\/100\n|move|p2b: Dondozo|Order Up|p1b: Amoonguss\n|-damage|p1b: Amoonguss|27\/100\n|-boost|p2b: Dondozo|atk|1\n|move|p1b: Amoonguss|Pollen Puff|p2b: Dondozo\n|-supereffective|p2b: Dondozo\n|-damage|p2b: Dondozo|11\/100\n|\n|-heal|p2b: Dondozo|17\/100|[from] item: Leftovers\n|upkeep\n|turn|9\n|\n|t:|1682125989\n|move|p1a: Ting-Lu|Heavy Slam|p2b: Dondozo\n|-damage|p2b: Dondozo|4\/100\n|move|p2b: Dondozo|Order Up|p1b: Amoonguss\n|-damage|p1b: Amoonguss|2\/100\n|-boost|p2b: Dondozo|atk|1\n|move|p1b: Amoonguss|Pollen Puff|p1a: Ting-Lu\n|-heal|p1a: Ting-Lu|100\/100\n|\n|-heal|p2b: Dondozo|10\/100|[from] item: Leftovers\n|upkeep\n|turn|10\n|\n|t:|1682126001\n|move|p1a: Ting-Lu|Heavy Slam|p2b: Dondozo\n|-damage|p2b: Dondozo|0 fnt\n|faint|p2b: Dondozo\n|move|p1b: Amoonguss|Pollen Puff|p2a: Tatsugiri\n|-damage|p2a: Tatsugiri|58\/100\n|\n|upkeep\n|\n|t:|1682126005\n|switch|p2b: Ceruledge|Ceruledge, L50, M|100\/100\n|turn|11\n|\n|t:|1682126016\n|move|p1b: Amoonguss|Rage Powder|p1b: Amoonguss\n|-singleturn|p1b: Amoonguss|move: Rage Powder\n|move|p2a: Tatsugiri|Substitute|p2a: Tatsugiri\n|-start|p2a: Tatsugiri|Substitute\n|-damage|p2a: Tatsugiri|33\/100\n|-enditem|p2a: Tatsugiri|Sitrus Berry|[eat]\n|-heal|p2a: Tatsugiri|58\/100|[from] item: Sitrus Berry\n|move|p2b: Ceruledge|Bitter Blade|p1b: Amoonguss\n|-supereffective|p1b: Amoonguss\n|-damage|p1b: Amoonguss|0 fnt\n|-damage|p2b: Ceruledge|84\/100|[from] item: Rocky Helmet|[of] p1b: Amoonguss\n|faint|p1b: Amoonguss\n|move|p1a: Ting-Lu|Earthquake|p2a: Tatsugiri|[spread] p2a,p2b\n|-end|p2a: Tatsugiri|Substitute\n|-supereffective|p2b: Ceruledge\n|-damage|p2b: Ceruledge|0 fnt\n|faint|p2b: Ceruledge\n|\n|upkeep\n|\n|t:|1682126026\n|switch|p1b: Kingambit|Kingambit, L50, M|100\/100\n|turn|12\n|c|\u2606championx18|gg\n|-message|alex123alex forfeited.\n|\n|win|championx18\n|raw|championx18's rating: 1172 → 1197<\/strong> (+25 for winning)\n|raw|alex123alex's rating: 1173 → 1148<\/strong> (-25 for losing)\n|l|\u2606alex123alex\n","uploadtime":1682126052,"views":4,"p1id":"championx18","p2id":"alex123alex","formatid":"gen9vgc2023regulationc","rating":1148,"private":0,"password":""}