{"id":"gen9vgc2023regulationc-1851071660","p1":"Cosentino","p2":"Pkmushroom","format":"[Gen 9] VGC 2023 Regulation C","log":"|j|\u2606Cosentino\n|j|\u2606Pkmushroom\n|t:|1682404180\n|gametype|doubles\n|player|p1|Cosentino|1|1172\n|player|p2|Pkmushroom|170|1234\n|teamsize|p1|6\n|teamsize|p2|6\n|gen|9\n|tier|[Gen 9] VGC 2023 Regulation C\n|rated|\n|rule|Species Clause: Limit one of each Pok\u00e9mon\n|rule|Item Clause: Limit one of each item\n|clearpoke\n|poke|p1|Ting-Lu, L50|\n|poke|p1|Baxcalibur, L50, M|\n|poke|p1|Gyarados, L50, F|\n|poke|p1|Dragapult, L50, M|\n|poke|p1|Iron Bundle, L50|\n|poke|p1|Amoonguss, L50, F|\n|poke|p2|Garganacl, L50, M|\n|poke|p2|Tinkaton, L50, F|\n|poke|p2|Toxapex, L50, F|\n|poke|p2|Baxcalibur, L50, M|\n|poke|p2|Grimmsnarl, L50, M|\n|poke|p2|Great Tusk, L50|\n|teampreview|4\n|inactive|Battle timer is ON: inactive players will automatically lose when time's up. (requested by Pkmushroom)\n|\n|t:|1682404239\n|start\n|switch|p1a: Dragapult|Dragapult, L50, M|100\/100\n|switch|p1b: Iron Bundle|Iron Bundle, L50|100\/100\n|switch|p2a: Toxapex|Toxapex, L50, F, shiny|100\/100\n|switch|p2b: Grimmsnarl|Grimmsnarl, L50, M, shiny|100\/100\n|-enditem|p1b: Iron Bundle|Booster Energy\n|-activate|p1b: Iron Bundle|ability: Quark Drive|[fromitem]\n|-start|p1b: Iron Bundle|quarkdrivespe\n|turn|1\n|inactive|Pkmushroom has 30 seconds left.\n|\n|t:|1682404268\n|move|p1b: Iron Bundle|Protect|p1b: Iron Bundle\n|-singleturn|p1b: Iron Bundle|Protect\n|move|p1a: Dragapult|Protect|p1a: Dragapult\n|-singleturn|p1a: Dragapult|Protect\n|move|p2a: Toxapex|Baneful Bunker|p2a: Toxapex\n|-singleturn|p2a: Toxapex|move: Protect\n|move|p2b: Grimmsnarl|Light Screen|p2b: Grimmsnarl\n|-sidestart|p2: Pkmushroom|move: Light Screen\n|\n|upkeep\n|turn|2\n|\n|t:|1682404284\n|move|p2a: Toxapex|Baneful Bunker||[still]\n|-fail|p2a: Toxapex\n|move|p1b: Iron Bundle|Encore|p2a: Toxapex\n|-start|p2a: Toxapex|Encore\n|move|p1a: Dragapult|Disable|p2a: Toxapex\n|-start|p2a: Toxapex|Disable|Baneful Bunker\n|move|p2b: Grimmsnarl|Foul Play|p1a: Dragapult\n|-supereffective|p1a: Dragapult\n|-damage|p1a: Dragapult|0 fnt\n|faint|p1a: Dragapult\n|\n|upkeep\n|\n|t:|1682404306\n|switch|p1a: Amoonguss|Amoonguss, L50, F|100\/100\n|turn|3\n|\n|t:|1682404319\n|switch|p2a: Tinkaton|Tinkaton, L50, F, shiny|100\/100\n|move|p2b: Grimmsnarl|Trick|p1a: Amoonguss\n|-activate|p2b: Grimmsnarl|move: Trick|[of] p1a: Amoonguss\n|-item|p1a: Amoonguss|Iron Ball|[from] move: Trick\n|-item|p2b: Grimmsnarl|Mental Herb|[from] move: Trick\n|move|p1b: Iron Bundle|Freeze-Dry|p2a: Tinkaton\n|-resisted|p2a: Tinkaton\n|-damage|p2a: Tinkaton|90\/100\n|move|p1a: Amoonguss|Spore|p2a: Tinkaton\n|-status|p2a: Tinkaton|slp|[from] move: Spore\n|\n|upkeep\n|turn|4\n|inactive|Pkmushroom has 30 seconds left.\n|\n|t:|1682404354\n|switch|p2b: Garganacl|Garganacl, L50, M|100\/100\n|switch|p1a: Gyarados|Gyarados, L50, F|100\/100\n|-ability|p1a: Gyarados|Intimidate|boost\n|-fail|p2a: Tinkaton|unboost|Attack|[from] ability: Own Tempo|[of] p2a: Tinkaton\n|-unboost|p2b: Garganacl|atk|1\n|cant|p2a: Tinkaton|slp\n|move|p1b: Iron Bundle|Encore||[still]\n|-fail|p1b: Iron Bundle\n|\n|upkeep\n|turn|5\n|\n|t:|1682404374\n|-end|p1b: Iron Bundle|Quark Drive|[silent]\n|switch|p1b: Amoonguss|Amoonguss, L50, F|100\/100\n|-terastallize|p2b: Garganacl|Flying\n|move|p1a: Gyarados|Protect|p1a: Gyarados\n|-singleturn|p1a: Gyarados|Protect\n|-curestatus|p2a: Tinkaton|slp|[msg]\n|move|p2a: Tinkaton|Gigaton Hammer|p1b: Amoonguss\n|-damage|p1b: Amoonguss|39\/100\n|move|p2b: Garganacl|Salt Cure|p1a: Gyarados\n|-activate|p1a: Gyarados|move: Protect\n|\n|-sideend|p2: Pkmushroom|move: Light Screen\n|upkeep\n|turn|6\n|\n|t:|1682404399\n|move|p2a: Tinkaton|Ice Hammer|p1b: Amoonguss\n|-supereffective|p1b: Amoonguss\n|-damage|p1b: Amoonguss|0 fnt\n|-unboost|p2a: Tinkaton|spe|1\n|faint|p1b: Amoonguss\n|move|p1a: Gyarados|Taunt|p2a: Tinkaton\n|-start|p2a: Tinkaton|move: Taunt\n|move|p2b: Garganacl|Salt Cure|p1a: Gyarados\n|-supereffective|p1a: Gyarados\n|-damage|p1a: Gyarados|79\/100\n|-start|p1a: Gyarados|Salt Cure\n|\n|-damage|p1a: Gyarados|54\/100|[from] Salt Cure\n|upkeep\n|\n|t:|1682404408\n|switch|p1b: Iron Bundle|Iron Bundle, L50|100\/100\n|turn|7\n|\n|t:|1682404430\n|switch|p2a: Grimmsnarl|Grimmsnarl, L50, M, shiny|100\/100\n|-terastallize|p1b: Iron Bundle|Ice\n|move|p1b: Iron Bundle|Freeze-Dry|p2b: Garganacl\n|-supereffective|p2b: Garganacl\n|-damage|p2b: Garganacl|41\/100\n|move|p1a: Gyarados|Waterfall|p2a: Grimmsnarl\n|-damage|p2a: Grimmsnarl|46\/100\n|move|p2b: Garganacl|Salt Cure|p1b: Iron Bundle\n|-supereffective|p1b: Iron Bundle\n|-damage|p1b: Iron Bundle|76\/100\n|-start|p1b: Iron Bundle|Salt Cure\n|\n|-heal|p2b: Garganacl|46\/100|[from] item: Leftovers\n|-damage|p1b: Iron Bundle|64\/100|[from] Salt Cure\n|-damage|p1a: Gyarados|29\/100|[from] Salt Cure\n|upkeep\n|-enditem|p1a: Gyarados|Sitrus Berry|[eat]\n|-heal|p1a: Gyarados|54\/100|[from] item: Sitrus Berry\n|turn|8\n|inactive|Pkmushroom has 30 seconds left.\n|\n|t:|1682404458\n|move|p2a: Grimmsnarl|Light Screen|p2a: Grimmsnarl\n|-sidestart|p2: Pkmushroom|move: Light Screen\n|move|p1b: Iron Bundle|Freeze-Dry|p2b: Garganacl\n|-supereffective|p2b: Garganacl\n|-damage|p2b: Garganacl|2\/100\n|move|p1a: Gyarados|Waterfall|p2a: Grimmsnarl\n|-damage|p2a: Grimmsnarl|0 fnt\n|faint|p2a: Grimmsnarl\n|move|p2b: Garganacl|Recover|p2b: Garganacl\n|-heal|p2b: Garganacl|53\/100\n|\n|-heal|p2b: Garganacl|58\/100|[from] item: Leftovers\n|-damage|p1b: Iron Bundle|52\/100|[from] Salt Cure\n|-damage|p1a: Gyarados|29\/100|[from] Salt Cure\n|upkeep\n|-message|Cosentino forfeited.\n|\n|win|Pkmushroom\n|raw|Cosentino's rating: 1172 → 1151<\/strong> (-21 for losing)\n|raw|Pkmushroom's rating: 1234 → 1255<\/strong> (+21 for winning)\n|l|\u2606Cosentino\n|l|\u2606Pkmushroom\n|j|\u2606Pkmushroom\n|player|p2|Pkmushroom|170\n","uploadtime":1682404491,"views":16,"p1id":"cosentino","p2id":"pkmushroom","formatid":"gen9vgc2023regulationc","rating":1151,"private":0,"password":""}