{"id":"gen9vgc2023regulationc-1855890444","p1":"TheEeveeAnimations","p2":"Erikbound","format":"[Gen 9] VGC 2023 Regulation C","log":"|j|\u2606TheEeveeAnimations\n|j|\u2606Erikbound\n|t:|1682996633\n|gametype|doubles\n|player|p1|TheEeveeAnimations|dahlia|\n|player|p2|Erikbound|artist-gen4|\n|teamsize|p1|6\n|teamsize|p2|6\n|gen|9\n|tier|[Gen 9] VGC 2023 Regulation C\n|rated|Tournament battle\n|rule|Species Clause: Limit one of each Pok\u00e9mon\n|rule|Item Clause: Limit one of each item\n|clearpoke\n|poke|p1|Dragonite, L50, M|\n|poke|p1|Kingambit, L50, M|\n|poke|p1|Iron Bundle, L50|\n|poke|p1|Orthworm, L50, F|\n|poke|p1|Ting-Lu, L50|\n|poke|p1|Iron Hands, L50|\n|poke|p2|Ceruledge, L50, F|\n|poke|p2|Azumarill, L50, F|\n|poke|p2|Arboliva, L50, F|\n|poke|p2|Tyranitar, L50, M|\n|poke|p2|Lycanroc, L50, M|\n|poke|p2|Salamence, L50, M|\n|teampreview|4\n|raw| Open Team Sheet for TheEeveeAnimations<\/summary>Dragonite @ Choice Band Ability: Multiscale Level: 50 Tera Type: Flying - Extreme Speed - Tera Blast - Earthquake - Rock Slide Kingambit @ Lum Berry Ability: Defiant Level: 50 Tera Type: Flying - Sucker Punch - Iron Head - Assurance - Protect Iron Bundle @ Booster Energy Ability: Quark Drive Level: 50 Tera Type: Ghost - Protect - Icy Wind - Freeze-Dry - Hydro Pump Orthworm @ Sitrus Berry Ability: Earth Eater Level: 50 Tera Type: Ghost - Shed Tail - Helping Hand - Protect - Heavy Slam Ting-Lu @ Leftovers Ability: Vessel of Ruin Level: 50 Tera Type: Flying - Earthquake - Heavy Slam - Protect - Stomping Tantrum Iron Hands @ Assault Vest Ability: Quark Drive Level: 50 Tera Type: Grass - Volt Switch - Fake Out - Drain Punch - Wild Charge <\/details><\/div> Open Team Sheet for Erikbound<\/summary>Ceruledge @ Clear Amulet Ability: Flash Fire Level: 50 Tera Type: Grass - Bulk Up - Shadow Sneak - Bitter Blade - Protect Azumarill @ Life Orb Ability: Huge Power Level: 50 Tera Type: Water - Aqua Jet - Liquidation - Play Rough - Protect Arbeliever (Arboliva) @ Throat Spray Ability: Seed Sower Level: 50 Tera Type: Fire - Giga Drain - Earth Power - Hyper Voice - Protect Tyranitar @ Lum Berry Ability: Sand Stream Level: 50 Tera Type: Flying - Rock Slide - Assurance - Tera Blast - Protect Lycanroc @ Focus Sash Ability: Sand Rush Level: 50 Tera Type: Grass - Rock Slide - Accelerock - Close Combat - Howl Salamence @ Safety Goggles Ability: Intimidate Level: 50 Tera Type: Steel - Draco Meteor - Air Slash - Tailwind - Protect <\/details><\/div>\n|j| Radio Free C-Side\n|j| Eelstartega\n|j| PotatoFoe11\n|j| 151runner\n|c|\u2606TheEeveeAnimations|glhf\n|c|\u2606Erikbound|glhf\n|j| No1OhioVGC\n|c|\u2606TheEeveeAnimations|what is THIS\n|c| Eelstartega|Idk how this worm keeps winning\n|c| PotatoFoe11|Arboliva\n|c| PotatoFoe11|weird choice\n|c|\u2606Erikbound|arbolivia goes hard\n|c| Eelstartega|I've seen weirder, like Cyclizar\n|c| PotatoFoe11|No I have\n|c| Radio Free C-Side|cyclizar is fun tbh\n|c|\u2606TheEeveeAnimations|got cooked by one on my other team\n|c| PotatoFoe11|i saw seviper and breloom\n|j| spectacled eider\n|\n|t:|1682996729\n|start\n|switch|p1a: Ting-Lu|Ting-Lu, L50|100\/100\n|switch|p1b: Orthworm|Orthworm, L50, F|100\/100\n|switch|p2a: Ceruledge|Ceruledge, L50, F|100\/100\n|switch|p2b: Azumarill|Azumarill, L50, F|100\/100\n|-ability|p1a: Ting-Lu|Vessel of Ruin\n|turn|1\n|l| No1OhioVGC\n|c| Eelstartega|What has of weird a Breloom?\n|j| esotilin123456\n|\n|t:|1682996758\n|move|p2a: Ceruledge|Protect|p2a: Ceruledge\n|-singleturn|p2a: Ceruledge|Protect\n|move|p1a: Ting-Lu|Earthquake|p2b: Azumarill|[spread] p2b\n|-activate|p2a: Ceruledge|move: Protect\n|-immune|p1b: Orthworm|[from] ability: Earth Eater\n|-damage|p2b: Azumarill|71\/100\n|move|p1b: Orthworm|Shed Tail|p1b: Orthworm\n|-start|p1b: Orthworm|Substitute|[from] move: Shed Tail\n|-damage|p1b: Orthworm|50\/100\n|-enditem|p1b: Orthworm|Sitrus Berry|[eat]\n|-heal|p1b: Orthworm|75\/100|[from] item: Sitrus Berry\n|c| PotatoFoe11|Idk if u want a spore user use Amoonguss\n|\n|t:|1682996768\n|switch|p1b: Dragonite|Dragonite, L50, M|100\/100|[from] Shed Tail\n|move|p2b: Azumarill|Liquidation|p1a: Ting-Lu\n|-supereffective|p1a: Ting-Lu\n|-damage|p1a: Ting-Lu|20\/100\n|-damage|p2b: Azumarill|61\/100|[from] item: Life Orb\n|\n|-heal|p1a: Ting-Lu|26\/100|[from] item: Leftovers\n|upkeep\n|turn|2\n|\n|t:|1682996794\n|switch|p2a: Salamence|Salamence, L50, M|100\/100\n|-ability|p2a: Salamence|Intimidate|boost\n|-unboost|p1a: Ting-Lu|atk|1\n|-immune|p1b: Dragonite\n|move|p1b: Dragonite|Rock Slide|p2a: Salamence|[spread] p2a,p2b\n|-supereffective|p2a: Salamence\n|-damage|p2a: Salamence|25\/100\n|-damage|p2b: Azumarill|27\/100\n|move|p1a: Ting-Lu|Earthquake|p2b: Azumarill|[spread] p2b\n|-immune|p1b: Dragonite\n|-immune|p2a: Salamence\n|-crit|p2b: Azumarill\n|-damage|p2b: Azumarill|0 fnt\n|faint|p2b: Azumarill\n|\n|-heal|p1a: Ting-Lu|32\/100|[from] item: Leftovers\n|upkeep\n|\n|t:|1682996805\n|switch|p2b: Arbeliever|Arboliva, L50, F|100\/100\n|turn|3\n|c|\u2606TheEeveeAnimations|sorry for crit\n|c| Eelstartega|I forgot about Brute bonnet in case you want an offensive spore user\n|c| PotatoFoe11|Eh\n|\n|t:|1682996820\n|switch|p1a: Iron Hands|Iron Hands, L50|100\/100\n|move|p2a: Salamence|Protect|p2a: Salamence\n|-singleturn|p2a: Salamence|Protect\n|move|p1b: Dragonite|Rock Slide|p2a: Salamence|[spread] p2b\n|-activate|p2a: Salamence|move: Protect\n|-damage|p2b: Arbeliever|70\/100\n|-fieldstart|move: Grassy Terrain|[from] ability: Seed Sower|[of] p2b: Arbeliever\n|move|p2b: Arbeliever|Giga Drain|p1a: Iron Hands\n|-damage|p1a: Iron Hands|73\/100\n|-heal|p2b: Arbeliever|88\/100|[from] drain|[of] p1a: Iron Hands\n|\n|-heal|p1a: Iron Hands|79\/100|[from] Grassy Terrain\n|-heal|p2b: Arbeliever|93\/100|[from] Grassy Terrain\n|upkeep\n|turn|4\n|c| PotatoFoe11|its fine\n|c| Eelstartega|I doubt it mattered\n|c| PotatoFoe11|Yoi\n|c|\u2606TheEeveeAnimations|no he could have broken sub\n|c| Eelstartega|Wait, it did\n|j| leafyarrow\n|\n|t:|1682996859\n|move|p2a: Salamence|Draco Meteor|p1a: Iron Hands\n|-damage|p1a: Iron Hands|52\/100\n|-unboost|p2a: Salamence|spa|2\n|move|p1b: Dragonite|Rock Slide|p2b: Arbeliever|[spread] p2a,p2b\n|-supereffective|p2a: Salamence\n|-damage|p2a: Salamence|0 fnt\n|-damage|p2b: Arbeliever|66\/100\n|faint|p2a: Salamence\n|move|p1a: Iron Hands|Volt Switch|p2b: Arbeliever\n|-resisted|p2b: Arbeliever\n|-damage|p2b: Arbeliever|60\/100\n|c| PotatoFoe11|What\u2019s so good ab Salamence\n|\n|t:|1682996870\n|-end|p1a: Iron Hands|Quark Drive|[silent]\n|switch|p1a: Orthworm|Orthworm, L50, F|75\/100|[from] Volt Switch\n|cant|p2b: Arbeliever|flinch\n|\n|-heal|p1a: Orthworm|81\/100|[from] Grassy Terrain\n|-heal|p2b: Arbeliever|66\/100|[from] Grassy Terrain\n|upkeep\n|c| Radio Free C-Side|wow that did nothing\n|c| PotatoFoe11|i didn\u2019t know what was so good ab it\n|\n|t:|1682996874\n|switch|p2a: Ceruledge|Ceruledge, L50, F|100\/100\n|turn|5\n|c| Radio Free C-Side|intim + tw is a neat niche\n|c|\u2606TheEeveeAnimations|rock slide gaming?\n|\n|t:|1682996891\n|-terastallize|p2a: Ceruledge|Grass\n|move|p1a: Orthworm|Helping Hand|p1b: Dragonite\n|-singleturn|p1b: Dragonite|Helping Hand|[of] p1a: Orthworm\n|move|p2a: Ceruledge|Bulk Up|p2a: Ceruledge\n|-boost|p2a: Ceruledge|atk|1\n|-boost|p2a: Ceruledge|def|1\n|move|p1b: Dragonite|Rock Slide|p2b: Arbeliever|[spread] p2a,p2b\n|-crit|p2b: Arbeliever\n|-damage|p2a: Ceruledge|56\/100\n|-damage|p2b: Arbeliever|0 fnt\n|faint|p2b: Arbeliever\n|\n|-heal|p2a: Ceruledge|62\/100|[from] Grassy Terrain\n|-heal|p1a: Orthworm|87\/100|[from] Grassy Terrain\n|upkeep\n|turn|6\n|c| Radio Free C-Side|plus its fairly strong offensively\n|c|\u2606Erikbound|bro\n|c| PotatoFoe11|Oh I forgot Salamanca got intimidate\n|\n|t:|1682996915\n|switch|p1a: Iron Hands|Iron Hands, L50|52\/100\n|move|p2a: Ceruledge|Bitter Blade|p1a: Iron Hands\n|-damage|p1a: Iron Hands|0 fnt\n|-heal|p2a: Ceruledge|100\/100|[from] drain|[of] p1a: Iron Hands\n|faint|p1a: Iron Hands\n|-end|p1a: Iron Hands|Quark Drive|[silent]\n|move|p1b: Dragonite|Rock Slide|p2a: Ceruledge\n|-damage|p2a: Ceruledge|62\/100\n|\n|-heal|p2a: Ceruledge|68\/100|[from] Grassy Terrain\n|upkeep\n|j| HDVision\n|\n|t:|1682996930\n|switch|p1a: Orthworm|Orthworm, L50, F|87\/100\n|turn|7\n|\n|t:|1682996944\n|move|p1a: Orthworm|Protect|p1a: Orthworm\n|-singleturn|p1a: Orthworm|Protect\n|move|p2a: Ceruledge|Bulk Up|p2a: Ceruledge\n|-boost|p2a: Ceruledge|atk|1\n|-boost|p2a: Ceruledge|def|1\n|move|p1b: Dragonite|Rock Slide|p2a: Ceruledge\n|-damage|p2a: Ceruledge|37\/100\n|\n|-heal|p2a: Ceruledge|44\/100|[from] Grassy Terrain\n|-heal|p1a: Orthworm|92\/100|[from] Grassy Terrain\n|-fieldend|move: Grassy Terrain\n|upkeep\n|turn|8\n|\n|t:|1682996958\n|switch|p1a: Ting-Lu|Ting-Lu, L50|32\/100\n|-ability|p1a: Ting-Lu|Vessel of Ruin\n|move|p2a: Ceruledge|Bitter Blade|p1a: Ting-Lu\n|-damage|p1a: Ting-Lu|0 fnt\n|-heal|p2a: Ceruledge|67\/100|[from] drain|[of] p1a: Ting-Lu\n|faint|p1a: Ting-Lu\n|move|p1b: Dragonite|Rock Slide|p2a: Ceruledge\n|-damage|p2a: Ceruledge|37\/100\n|\n|upkeep\n|\n|t:|1682996969\n|switch|p1a: Orthworm|Orthworm, L50, F|92\/100\n|turn|9\n|\n|t:|1682996975\n|move|p2a: Ceruledge|Protect|p2a: Ceruledge\n|-singleturn|p2a: Ceruledge|Protect\n|move|p1a: Orthworm|Protect|p1a: Orthworm\n|-singleturn|p1a: Orthworm|Protect\n|move|p1b: Dragonite|Rock Slide|p2a: Ceruledge\n|-activate|p2a: Ceruledge|move: Protect\n|\n|upkeep\n|turn|10\n|\n|t:|1682996982\n|move|p1a: Orthworm|Helping Hand|p1b: Dragonite\n|-singleturn|p1b: Dragonite|Helping Hand|[of] p1a: Orthworm\n|move|p2a: Ceruledge|Bitter Blade|p1a: Orthworm\n|-supereffective|p1a: Orthworm\n|-damage|p1a: Orthworm|0 fnt\n|-heal|p2a: Ceruledge|86\/100|[from] drain|[of] p1a: Orthworm\n|faint|p1a: Orthworm\n|move|p1b: Dragonite|Rock Slide|p2a: Ceruledge|[miss]\n|-miss|p1b: Dragonite|p2a: Ceruledge\n|\n|upkeep\n|turn|11\n|c|\u2606TheEeveeAnimations|now\n|c|\u2606TheEeveeAnimations|could i have just\n|c|\u2606TheEeveeAnimations|swapped and tera blasted?\n|c|\u2606TheEeveeAnimations|yes!\n|c| Radio Free C-Side|did you?\n|c|\u2606TheEeveeAnimations|but i'm dumb!\n|c| Radio Free C-Side|no!\n|\n|t:|1682997009\n|move|p2a: Ceruledge|Protect|p2a: Ceruledge\n|-singleturn|p2a: Ceruledge|Protect\n|move|p1b: Dragonite|Rock Slide|p2a: Ceruledge\n|-activate|p2a: Ceruledge|move: Protect\n|\n|upkeep\n|turn|12\n|c| Eelstartega|and now tera blasting is counterproductive\n|c|\u2606TheEeveeAnimations|i just need to crit again\n|c|\u2606TheEeveeAnimations|ez\n|\n|t:|1682997025\n|move|p2a: Ceruledge|Shadow Sneak|p1b: Dragonite\n|-end|p1b: Dragonite|Substitute\n|move|p1b: Dragonite|Rock Slide|p2a: Ceruledge|[miss]\n|-miss|p1b: Dragonite|p2a: Ceruledge\n|\n|upkeep\n|turn|13\n|c|\u2606TheEeveeAnimations|i literally can't\n|\n|t:|1682997033\n|move|p2a: Ceruledge|Shadow Sneak|p1b: Dragonite\n|-damage|p1b: Dragonite|78\/100\n|move|p1b: Dragonite|Rock Slide|p2a: Ceruledge\n|-damage|p2a: Ceruledge|60\/100\n|\n|upkeep\n|turn|14\n|\n|t:|1682997039\n|move|p2a: Ceruledge|Protect|p2a: Ceruledge\n|-singleturn|p2a: Ceruledge|Protect\n|move|p1b: Dragonite|Rock Slide|p2a: Ceruledge\n|-activate|p2a: Ceruledge|move: Protect\n|\n|upkeep\n|turn|15\n|\n|t:|1682997044\n|move|p2a: Ceruledge|Bitter Blade|p1b: Dragonite\n|-resisted|p1b: Dragonite\n|-damage|p1b: Dragonite|30\/100\n|-heal|p2a: Ceruledge|87\/100|[from] drain|[of] p1b: Dragonite\n|move|p1b: Dragonite|Rock Slide|p2a: Ceruledge\n|-damage|p2a: Ceruledge|60\/100\n|\n|upkeep\n|turn|16\n|c|\u2606TheEeveeAnimations|gg\n|\n|t:|1682997053\n|move|p2a: Ceruledge|Shadow Sneak|p1b: Dragonite\n|-damage|p1b: Dragonite|0 fnt\n|faint|p1b: Dragonite\n|\n|win|Erikbound\n|n|\u2606TheEeveeAnimations|theeeveeanimations\n|n|\u2606Erikbound|erikbound\n|n| Radio Free C-Side|radiofreecside\n|n| Eelstartega|eelstartega\n|n| PotatoFoe11|potatofoe11\n|n| 151runner|151runner\n|n| spectacled eider|spectacledeider\n|n| esotilin123456|esotilin123456\n|n| leafyarrow|leafyarrow\n|n| HDVision|hdvision\n","uploadtime":1682997053,"views":9,"p1id":"theeeveeanimations","p2id":"erikbound","formatid":"gen9vgc2023regulationc","rating":0,"private":0,"password":""}