{"id":"gen9vgc2023regulationc-1847468443","p1":"DanPB","p2":"GB Seraphix","format":"[Gen 9] VGC 2023 Regulation C","log":"|j|\u2606DanPB\n|j|\u2606GB Seraphix\n|t:|1681958844\n|gametype|doubles\n|player|p1|DanPB|1|1256\n|player|p2|GB Seraphix|rosa|1310\n|teamsize|p1|6\n|teamsize|p2|6\n|gen|9\n|tier|[Gen 9] VGC 2023 Regulation C\n|rated|\n|rule|Species Clause: Limit one of each Pok\u00e9mon\n|rule|Item Clause: Limit one of each item\n|clearpoke\n|poke|p1|Sandy Shocks, L50|\n|poke|p1|Espathra, L50, F|\n|poke|p1|Flutter Mane, L50|\n|poke|p1|Palafin, L50, F|\n|poke|p1|Chi-Yu, L50|\n|poke|p1|Arcanine, L50, F|\n|poke|p2|Chi-Yu, L50|\n|poke|p2|Dachsbun, L50, F|\n|poke|p2|Flutter Mane, L50|\n|poke|p2|Baxcalibur, L50, M|\n|poke|p2|Amoonguss, L50, M|\n|poke|p2|Rotom-Wash, L50|\n|teampreview|4\n|inactive|Battle timer is ON: inactive players will automatically lose when time's up. (requested by DanPB)\n|inactive|GB Seraphix has 60 seconds left.\n|\n|t:|1681958883\n|start\n|switch|p1a: Sandy Shocks|Sandy Shocks, L50|100\/100\n|switch|p1b: Espathra|Espathra, L50, F|100\/100\n|switch|p2a: BB|Flutter Mane, L50|100\/100\n|switch|p2b: Hanabishi|Rotom-Wash, L50|100\/100\n|-enditem|p2a: BB|Booster Energy\n|-activate|p2a: BB|ability: Protosynthesis|[fromitem]\n|-start|p2a: BB|protosynthesisspe\n|-enditem|p1a: Sandy Shocks|Booster Energy\n|-activate|p1a: Sandy Shocks|ability: Protosynthesis|[fromitem]\n|-start|p1a: Sandy Shocks|protosynthesisspe\n|turn|1\n|inactive|DanPB has 30 seconds left.\n|inactive|DanPB has 20 seconds left.\n|inactive|DanPB has 15 seconds left.\n|\n|t:|1681958924\n|move|p2a: BB|Shadow Ball|p1b: Espathra\n|-supereffective|p1b: Espathra\n|-enditem|p1b: Espathra|Focus Sash\n|-damage|p1b: Espathra|1\/100\n|move|p1a: Sandy Shocks|Gravity|p1a: Sandy Shocks\n|-fieldstart|move: Gravity\n|move|p1b: Espathra|Hypnosis|p2b: Hanabishi\n|-status|p2b: Hanabishi|slp|[from] move: Hypnosis\n|cant|p2b: Hanabishi|slp\n|\n|-ability|p1b: Espathra|Speed Boost|boost\n|-boost|p1b: Espathra|spe|1\n|upkeep\n|turn|2\n|\n|t:|1681958943\n|move|p2a: BB|Protect|p2a: BB\n|-singleturn|p2a: BB|Protect\n|move|p1a: Sandy Shocks|Protect|p1a: Sandy Shocks\n|-singleturn|p1a: Sandy Shocks|Protect\n|move|p1b: Espathra|Protect|p1b: Espathra\n|-singleturn|p1b: Espathra|Protect\n|cant|p2b: Hanabishi|slp\n|\n|-ability|p1b: Espathra|Speed Boost|boost\n|-boost|p1b: Espathra|spe|1\n|upkeep\n|turn|3\n|\n|t:|1681958961\n|-end|p2a: BB|Protosynthesis|[silent]\n|switch|p2a: Red Sus|Amoonguss, L50, M|100\/100\n|cant|p2b: Hanabishi|slp\n|move|p1b: Espathra|Hypnosis|p2a: Red Sus\n|-status|p2a: Red Sus|slp|[from] move: Hypnosis\n|move|p1a: Sandy Shocks|Thunderbolt|p2b: Hanabishi\n|-damage|p2b: Hanabishi|62\/100 slp\n|\n|-ability|p1b: Espathra|Speed Boost|boost\n|-boost|p1b: Espathra|spe|1\n|upkeep\n|turn|4\n|inactive|DanPB has 30 seconds left.\n|\n|t:|1681958989\n|-end|p1a: Sandy Shocks|Protosynthesis|[silent]\n|switch|p1a: Chi-Yu|Chi-Yu, L50|100\/100\n|-ability|p1a: Chi-Yu|Beads of Ruin\n|cant|p2a: Red Sus|slp\n|move|p1b: Espathra|Lumina Crash|p2b: Hanabishi\n|-damage|p2b: Hanabishi|8\/100 slp\n|-unboost|p2b: Hanabishi|spd|2\n|-enditem|p2b: Hanabishi|Sitrus Berry|[eat]\n|-heal|p2b: Hanabishi|33\/100 slp|[from] item: Sitrus Berry\n|-curestatus|p2b: Hanabishi|slp|[msg]\n|move|p2b: Hanabishi|Thunderbolt|p1b: Espathra\n|-damage|p1b: Espathra|0 fnt\n|faint|p1b: Espathra\n|\n|upkeep\n|\n|t:|1681959011\n|switch|p1b: Flutter Mane|Flutter Mane, L50|100\/100\n|turn|5\n|inactive|DanPB has 30 seconds left.\n|inactive|DanPB has 20 seconds left.\n|\n|t:|1681959049\n|-terastallize|p2a: Red Sus|Fire\n|move|p1b: Flutter Mane|Shadow Ball|p2a: Red Sus\n|-damage|p2a: Red Sus|38\/100 slp\n|move|p1a: Chi-Yu|Heat Wave|p2a: Red Sus|[spread] p2a,p2b\n|-resisted|p2a: Red Sus\n|-resisted|p2b: Hanabishi\n|-damage|p2a: Red Sus|13\/100 slp\n|-damage|p2b: Hanabishi|0 fnt\n|faint|p2b: Hanabishi\n|-damage|p1a: Chi-Yu|91\/100|[from] item: Life Orb\n|-curestatus|p2a: Red Sus|slp|[msg]\n|move|p2a: Red Sus|Pollen Puff|p2: Hanabishi|[notarget]\n|-fail|p2a: Red Sus\n|\n|-fieldend|move: Gravity\n|upkeep\n|\n|t:|1681959065\n|switch|p2b: BB|Flutter Mane, L50|100\/100\n|turn|6\n|\n|t:|1681959087\n|move|p2a: Red Sus|Rage Powder|p2a: Red Sus\n|-singleturn|p2a: Red Sus|move: Rage Powder\n|move|p1b: Flutter Mane|Shadow Ball|p2a: Red Sus\n|-damage|p2a: Red Sus|0 fnt\n|faint|p2a: Red Sus\n|move|p2b: BB|Shadow Ball|p1b: Flutter Mane\n|-supereffective|p1b: Flutter Mane\n|-damage|p1b: Flutter Mane|0 fnt\n|faint|p1b: Flutter Mane\n|-end|p1b: Flutter Mane|Protosynthesis|[silent]\n|move|p1a: Chi-Yu|Heat Wave|p2b: BB\n|-damage|p2b: BB|16\/100\n|-damage|p1a: Chi-Yu|81\/100|[from] item: Life Orb\n|\n|upkeep\n|\n|t:|1681959099\n|switch|p1b: Sandy Shocks|Sandy Shocks, L50|100\/100\n|switch|p2a: Kiryu|Baxcalibur, L50, M|100\/100\n|turn|7\n|\n|t:|1681959122\n|-terastallize|p1a: Chi-Yu|Steel\n|move|p2b: BB|Protect|p2b: BB\n|-singleturn|p2b: BB|Protect\n|move|p1b: Sandy Shocks|Earth Power|p2a: Kiryu\n|-damage|p2a: Kiryu|69\/100\n|move|p1a: Chi-Yu|Heat Wave|p2a: Kiryu|[spread] p2a\n|-activate|p2b: BB|move: Protect\n|-damage|p2a: Kiryu|26\/100\n|-ability|p2a: Kiryu|Thermal Exchange|boost\n|-boost|p2a: Kiryu|atk|1\n|-damage|p1a: Chi-Yu|71\/100|[from] item: Life Orb\n|move|p2a: Kiryu|Stomping Tantrum|p1a: Chi-Yu\n|-supereffective|p1a: Chi-Yu\n|-crit|p1a: Chi-Yu\n|-damage|p1a: Chi-Yu|0 fnt\n|faint|p1a: Chi-Yu\n|\n|upkeep\n|turn|8\n|inactive|DanPB has 30 seconds left.\n|\n|t:|1681959150\n|move|p2b: BB|Shadow Ball|p1b: Sandy Shocks\n|-damage|p1b: Sandy Shocks|53\/100\n|move|p1b: Sandy Shocks|Earth Power|p2b: BB\n|-crit|p2b: BB\n|-damage|p2b: BB|0 fnt\n|faint|p2b: BB\n|-end|p2b: BB|Protosynthesis|[silent]\n|move|p2a: Kiryu|Icicle Crash|p1b: Sandy Shocks|[miss]\n|-miss|p2a: Kiryu|p1b: Sandy Shocks\n|\n|upkeep\n|turn|9\n|\n|t:|1681959162\n|move|p2a: Kiryu|Ice Shard|p1b: Sandy Shocks\n|-supereffective|p1b: Sandy Shocks\n|-damage|p1b: Sandy Shocks|0 fnt\n|faint|p1b: Sandy Shocks\n|-end|p1b: Sandy Shocks|Protosynthesis|[silent]\n|\n|win|GB Seraphix\n|raw|DanPB's rating: 1256 → 1235<\/strong> (-21 for losing)\n|raw|GB Seraphix's rating: 1310 → 1327<\/strong> (+17 for winning)\n|l|\u2606DanPB\n","uploadtime":1681959193,"views":12,"p1id":"danpb","p2id":"gbseraphix","formatid":"gen9vgc2023regulationc","rating":1235,"private":0,"password":""}