{"id":"gen9vgc2023regulationc-1851545687","p1":"WillieDangerously","p2":"tefgr2","format":"[Gen 9] VGC 2023 Regulation C","log":"|j|\u2606WillieDangerously\n|j|\u2606tefgr2\n|t:|1682454391\n|gametype|doubles\n|player|p1|WillieDangerously|psychic-gen4|1181\n|player|p2|tefgr2|lucas-gen4pt|1179\n|teamsize|p1|6\n|teamsize|p2|6\n|gen|9\n|tier|[Gen 9] VGC 2023 Regulation C\n|rated|\n|rule|Species Clause: Limit one of each Pok\u00e9mon\n|rule|Item Clause: Limit one of each item\n|clearpoke\n|poke|p1|Espathra, L50, F|\n|poke|p1|Iron Bundle, L50|\n|poke|p1|Iron Valiant, L50|\n|poke|p1|Salamence, L50, F|\n|poke|p1|Scizor, L50, F|\n|poke|p1|Sandy Shocks, L50|\n|poke|p2|Ditto, L50|\n|poke|p2|Dragonite, L50, M|\n|poke|p2|Chien-Pao, L50|\n|poke|p2|Amoonguss, L50, M|\n|poke|p2|Arcanine, L50, M|\n|poke|p2|Rotom-Wash, L50|\n|teampreview|4\n|\n|t:|1682454475\n|start\n|switch|p1a: Sandy Shocks|Sandy Shocks, L50|100\/100\n|switch|p1b: Iron Bundle|Iron Bundle, L50|100\/100\n|switch|p2a: Chien-Pao|Chien-Pao, L50|100\/100\n|switch|p2b: Amoonguss|Amoonguss, L50, M|100\/100\n|-ability|p2a: Chien-Pao|Sword of Ruin\n|-enditem|p1a: Sandy Shocks|Booster Energy\n|-activate|p1a: Sandy Shocks|ability: Protosynthesis|[fromitem]\n|-start|p1a: Sandy Shocks|protosynthesisspe\n|turn|1\n|inactive|Battle timer is ON: inactive players will automatically lose when time's up. (requested by tefgr2)\n|\n|t:|1682454505\n|-end|p1b: Iron Bundle|Quark Drive|[silent]\n|switch|p1b: Scizor|Scizor, L50, F|100\/100\n|move|p1a: Sandy Shocks|Protect|p1a: Sandy Shocks\n|-singleturn|p1a: Sandy Shocks|Protect\n|move|p2b: Amoonguss|Rage Powder|p2b: Amoonguss\n|-singleturn|p2b: Amoonguss|move: Rage Powder\n|move|p2a: Chien-Pao|Icicle Crash|p1a: Sandy Shocks\n|-activate|p1a: Sandy Shocks|move: Protect\n|\n|upkeep\n|turn|2\n|\n|t:|1682454525\n|-terastallize|p1a: Sandy Shocks|Ghost\n|move|p2a: Chien-Pao|Protect|p2a: Chien-Pao\n|-singleturn|p2a: Chien-Pao|Protect\n|move|p1a: Sandy Shocks|Gravity|p1a: Sandy Shocks\n|-fieldstart|move: Gravity\n|move|p1b: Scizor|Swords Dance|p1b: Scizor\n|-boost|p1b: Scizor|atk|2\n|move|p2b: Amoonguss|Spore|p1b: Scizor\n|-activate|p1b: Scizor|item: Safety Goggles|Spore\n|\n|upkeep\n|turn|3\n|\n|t:|1682454545\n|-end|p1a: Sandy Shocks|Protosynthesis|[silent]\n|switch|p1a: Iron Bundle|Iron Bundle, L50|100\/100\n|move|p1b: Scizor|Bullet Punch|p2a: Chien-Pao\n|-supereffective|p2a: Chien-Pao\n|-enditem|p2a: Chien-Pao|Focus Sash\n|-damage|p2a: Chien-Pao|1\/100\n|move|p2a: Chien-Pao|Throat Chop|p1a: Iron Bundle\n|-damage|p1a: Iron Bundle|40\/100\n|-start|p1a: Iron Bundle|Throat Chop|[silent]\n|move|p2b: Amoonguss|Spore|p1a: Iron Bundle\n|-status|p1a: Iron Bundle|slp|[from] move: Spore\n|\n|upkeep\n|turn|4\n|inactive|tefgr2 has 30 seconds left.\n|\n|t:|1682454570\n|move|p1b: Scizor|Feint|p2a: Chien-Pao\n|-damage|p2a: Chien-Pao|0 fnt\n|faint|p2a: Chien-Pao\n|move|p2b: Amoonguss|Rage Powder|p2b: Amoonguss\n|-singleturn|p2b: Amoonguss|move: Rage Powder\n|cant|p1a: Iron Bundle|slp\n|\n|-end|p1a: Iron Bundle|Throat Chop|[silent]\n|upkeep\n|\n|t:|1682454576\n|switch|p2a: Ditto|Ditto, L50|100\/100\n|-transform|p2a: Ditto|p1b: Scizor|[from] ability: Imposter\n|turn|5\n|inactive|WillieDangerously has 30 seconds left.\n|\n|t:|1682454605\n|-end|p1a: Iron Bundle|Quark Drive|[silent]\n|switch|p1a: Sandy Shocks|Sandy Shocks, L50, tera:Ghost|100\/100\n|move|p2b: Amoonguss|Protect|p2b: Amoonguss\n|-singleturn|p2b: Amoonguss|Protect\n|move|p2a: Ditto|Pounce|p1a: Sandy Shocks\n|-resisted|p1a: Sandy Shocks\n|-damage|p1a: Sandy Shocks|53\/100\n|-unboost|p1a: Sandy Shocks|spe|1\n|move|p1b: Scizor|Swords Dance|p1b: Scizor\n|-boost|p1b: Scizor|atk|2\n|\n|upkeep\n|turn|6\n|inactive|WillieDangerously has 30 seconds left.\n|\n|t:|1682454638\n|move|p1a: Sandy Shocks|Protect|p1a: Sandy Shocks\n|-singleturn|p1a: Sandy Shocks|Protect\n|move|p2a: Ditto|Pounce|p1b: Scizor\n|-resisted|p1b: Scizor\n|-damage|p1b: Scizor|57\/100\n|-unboost|p1b: Scizor|spe|1\n|move|p1b: Scizor|Pounce|p2b: Amoonguss\n|-damage|p2b: Amoonguss|0 fnt\n|faint|p2b: Amoonguss\n|\n|-fieldend|move: Gravity\n|upkeep\n|\n|t:|1682454650\n|switch|p2b: Dragonite|Dragonite, L50, M|100\/100\n|turn|7\n|inactive|WillieDangerously has 30 seconds left.\n|\n|t:|1682454679\n|-end|p1a: Sandy Shocks|Protosynthesis|[silent]\n|switch|p1a: Iron Bundle|Iron Bundle, L50|40\/100 slp\n|-terastallize|p2b: Dragonite|Flying\n|move|p2a: Ditto|Pounce|p1a: Iron Bundle\n|-damage|p1a: Iron Bundle|0 fnt\n|faint|p1a: Iron Bundle\n|-end|p1a: Iron Bundle|Quark Drive|[silent]\n|move|p2b: Dragonite|Tera Blast|p1b: Scizor\n|-damage|p1b: Scizor|0 fnt\n|faint|p1b: Scizor\n|\n|upkeep\n|\n|t:|1682454688\n|switch|p1a: Sandy Shocks|Sandy Shocks, L50, tera:Ghost|53\/100\n|switch|p1b: Salamence|Salamence, L50, F|100\/100\n|turn|8\n|\n|t:|1682454703\n|move|p1b: Salamence|Rock Slide|p2a: Ditto|[spread] p2a,p2b\n|-supereffective|p2b: Dragonite\n|-damage|p2a: Ditto|74\/100\n|-damage|p2b: Dragonite|76\/100\n|move|p1a: Sandy Shocks|Gravity|p1a: Sandy Shocks\n|-fieldstart|move: Gravity\n|cant|p2a: Ditto|flinch\n|move|p2b: Dragonite|Tera Blast|p1b: Salamence\n|-damage|p1b: Salamence|31\/100\n|\n|upkeep\n|turn|9\n|\n|t:|1682454724\n|move|p2b: Dragonite|Protect|p2b: Dragonite\n|-singleturn|p2b: Dragonite|Protect\n|move|p1b: Salamence|Rock Slide|p2a: Ditto|[spread] p2a\n|-activate|p2b: Dragonite|move: Protect\n|-damage|p2a: Ditto|47\/100\n|move|p1a: Sandy Shocks|Thunder|p2b: Dragonite\n|-activate|p2b: Dragonite|move: Protect\n|move|p2a: Ditto|Pounce|p1a: Sandy Shocks\n|-resisted|p1a: Sandy Shocks\n|-damage|p1a: Sandy Shocks|5\/100\n|-unboost|p1a: Sandy Shocks|spe|1\n|\n|upkeep\n|turn|10\n|inactive|tefgr2 has 30 seconds left.\n|inactive|tefgr2 has 20 seconds left.\n|\n|t:|1682454765\n|move|p1b: Salamence|Rock Slide|p2a: Ditto|[spread] p2a,p2b\n|-supereffective|p2b: Dragonite\n|-damage|p2a: Ditto|22\/100\n|-damage|p2b: Dragonite|30\/100\n|move|p2a: Ditto|Pounce|p1a: Sandy Shocks\n|-resisted|p1a: Sandy Shocks\n|-damage|p1a: Sandy Shocks|0 fnt\n|faint|p1a: Sandy Shocks\n|-end|p1a: Sandy Shocks|Protosynthesis|[silent]\n|cant|p2b: Dragonite|flinch\n|\n|upkeep\n|turn|11\n|\n|t:|1682454778\n|move|p1b: Salamence|Rock Slide|p2b: Dragonite|[spread] p2a,p2b\n|-supereffective|p2b: Dragonite\n|-damage|p2a: Ditto|0 fnt\n|-damage|p2b: Dragonite|0 fnt\n|faint|p2a: Ditto\n|faint|p2b: Dragonite\n|\n|win|WillieDangerously\n|raw|WillieDangerously's rating: 1181 → 1206<\/strong> (+25 for winning)\n|raw|tefgr2's rating: 1179 → 1154<\/strong> (-25 for losing)\n","uploadtime":1682454782,"views":13,"p1id":"williedangerously","p2id":"tefgr2","formatid":"gen9vgc2023regulationc","rating":1154,"private":0,"password":""}