{"id":"gen9vgc2023regulationc-1850478436","p1":"Mardibelle","p2":"dimlaggis","format":"[Gen 9] VGC 2023 Regulation C","log":"|j|\u2606Mardibelle\n|j|\u2606dimlaggis\n|t:|1682341245\n|gametype|doubles\n|player|p1|Mardibelle|sabrina|1194\n|player|p2|dimlaggis|brock|1232\n|teamsize|p1|6\n|teamsize|p2|6\n|gen|9\n|tier|[Gen 9] VGC 2023 Regulation C\n|rated|\n|rule|Species Clause: Limit one of each Pok\u00e9mon\n|rule|Item Clause: Limit one of each item\n|clearpoke\n|poke|p1|Hippowdon, L50, M|\n|poke|p1|Corviknight, L50, M|\n|poke|p1|Houndstone, L50, M|\n|poke|p1|Amoonguss, L50, M|\n|poke|p1|Gastrodon, L50, F|\n|poke|p1|Farigiraf, L50, M|\n|poke|p2|Dragonite, L50, M|\n|poke|p2|Chien-Pao, L50|\n|poke|p2|Flutter Mane, L50|\n|poke|p2|Chi-Yu, L50|\n|poke|p2|Dondozo, L50, M|\n|poke|p2|Tatsugiri, L50, M|\n|teampreview|4\n|inactive|Battle timer is ON: inactive players will automatically lose when time's up. (requested by Mardibelle)\n|inactive|Mardibelle has 60 seconds left.\n|\n|t:|1682341280\n|start\n|switch|p1a: Hippowdon|Hippowdon, L50, M|100\/100\n|switch|p1b: Corviknight|Corviknight, L50, M|100\/100\n|switch|p2a: Dragonite|Dragonite, L50, M|100\/100\n|switch|p2b: Chien-Pao|Chien-Pao, L50|100\/100\n|-ability|p2b: Chien-Pao|Sword of Ruin\n|-weather|Sandstorm|[from] ability: Sand Stream|[of] p1a: Hippowdon\n|turn|1\n|inactive|dimlaggis has 30 seconds left.\n|\n|t:|1682341306\n|-terastallize|p2a: Dragonite|Normal\n|-terastallize|p1a: Hippowdon|Rock\n|move|p2a: Dragonite|Extreme Speed|p1b: Corviknight\n|-resisted|p1b: Corviknight\n|-damage|p1b: Corviknight|65\/100\n|move|p2b: Chien-Pao|Ice Spinner|p1a: Hippowdon\n|-damage|p1a: Hippowdon|60\/100\n|move|p1b: Corviknight|Bulk Up|p1b: Corviknight\n|-boost|p1b: Corviknight|atk|1\n|-boost|p1b: Corviknight|def|1\n|move|p1a: Hippowdon|Stone Edge|p2b: Chien-Pao\n|-supereffective|p2b: Chien-Pao\n|-enditem|p2b: Chien-Pao|Focus Sash\n|-damage|p2b: Chien-Pao|1\/100\n|\n|-weather|Sandstorm|[upkeep]\n|-damage|p2b: Chien-Pao|0 fnt|[from] Sandstorm\n|-damage|p2a: Dragonite|94\/100|[from] Sandstorm\n|faint|p2b: Chien-Pao\n|-heal|p1a: Hippowdon|66\/100|[from] item: Leftovers\n|upkeep\n|\n|t:|1682341325\n|switch|p2b: Dondozo|Dondozo, L50, M|100\/100\n|turn|2\n|\n|t:|1682341342\n|switch|p2a: Tatsugiri|Tatsugiri, L50, M|100\/100\n|-activate|p2a: Tatsugiri|ability: Commander|[of] p2b: Dondozo\n|-boost|p2b: Dondozo|atk|2\n|-boost|p2b: Dondozo|spa|2\n|-boost|p2b: Dondozo|spe|2\n|-boost|p2b: Dondozo|def|2\n|-boost|p2b: Dondozo|spd|2\n|switch|p1b: Gastrodon|Gastrodon, L50, F|100\/100\n|move|p2b: Dondozo|Wave Crash|p1b: Gastrodon\n|-activate|p1b: Gastrodon|ability: Storm Drain\n|-ability|p1b: Gastrodon|Storm Drain|boost\n|-boost|p1b: Gastrodon|spa|1\n|move|p1a: Hippowdon|Yawn|p2b: Dondozo\n|-start|p2b: Dondozo|move: Yawn|[of] p1a: Hippowdon\n|\n|-weather|Sandstorm|[upkeep]\n|-damage|p2a: Tatsugiri|94\/100|[from] Sandstorm\n|-damage|p2b: Dondozo|94\/100|[from] Sandstorm\n|-heal|p2b: Dondozo|100\/100|[from] item: Leftovers\n|-heal|p1a: Hippowdon|72\/100|[from] item: Leftovers\n|upkeep\n|turn|3\n|inactive|Mardibelle has 30 seconds left.\n|\n|t:|1682341372\n|move|p2b: Dondozo|Earthquake|p1a: Hippowdon|[spread] p1a,p1b\n|-miss|p2b: Dondozo|p2a: Tatsugiri\n|-supereffective|p1a: Hippowdon\n|-damage|p1a: Hippowdon|7\/100\n|-damage|p1b: Gastrodon|56\/100\n|move|p1a: Hippowdon|Stone Edge|p2b: Dondozo\n|-damage|p2b: Dondozo|82\/100\n|move|p1b: Gastrodon|Clear Smog|p2b: Dondozo\n|-damage|p2b: Dondozo|73\/100\n|-clearboost|p2b: Dondozo\n|\n|-weather|Sandstorm|[upkeep]\n|-damage|p2a: Tatsugiri|88\/100|[from] Sandstorm\n|-damage|p2b: Dondozo|66\/100|[from] Sandstorm\n|-heal|p2b: Dondozo|73\/100|[from] item: Leftovers\n|-heal|p1a: Hippowdon|13\/100|[from] item: Leftovers\n|-end|p2b: Dondozo|move: Yawn|[silent]\n|-status|p2b: Dondozo|slp\n|upkeep\n|turn|4\n|\n|t:|1682341394\n|switch|p1a: Corviknight|Corviknight, L50, M|65\/100\n|cant|p2b: Dondozo|slp\n|move|p1b: Gastrodon|Earth Power|p2b: Dondozo\n|-damage|p2b: Dondozo|28\/100 slp\n|\n|-weather|Sandstorm|[upkeep]\n|-damage|p2a: Tatsugiri|82\/100|[from] Sandstorm\n|-damage|p2b: Dondozo|22\/100 slp|[from] Sandstorm\n|-heal|p2b: Dondozo|28\/100 slp|[from] item: Leftovers\n|upkeep\n|turn|5\n|\n|t:|1682341408\n|-curestatus|p2b: Dondozo|slp|[msg]\n|move|p2b: Dondozo|Protect|p2b: Dondozo\n|-singleturn|p2b: Dondozo|Protect\n|move|p1a: Corviknight|Brave Bird|p2b: Dondozo\n|-activate|p2b: Dondozo|move: Protect\n|move|p1b: Gastrodon|Earth Power|p2b: Dondozo\n|-activate|p2b: Dondozo|move: Protect\n|\n|-weather|none\n|-heal|p2b: Dondozo|35\/100|[from] item: Leftovers\n|upkeep\n|turn|6\n|\n|t:|1682341431\n|move|p1a: Corviknight|Bulk Up|p1a: Corviknight\n|-boost|p1a: Corviknight|atk|1\n|-boost|p1a: Corviknight|def|1\n|move|p2b: Dondozo|Tera Blast|p1a: Corviknight\n|-resisted|p1a: Corviknight\n|-damage|p1a: Corviknight|60\/100\n|move|p1b: Gastrodon|Earth Power|p2b: Dondozo\n|-damage|p2b: Dondozo|0 fnt\n|faint|p2b: Dondozo\n|\n|upkeep\n|-message|dimlaggis forfeited.\n|\n|win|Mardibelle\n|raw|Mardibelle's rating: 1194 → 1222<\/strong> (+28 for winning)\n|raw|dimlaggis's rating: 1232 → 1204<\/strong> (-28 for losing)\n|l|\u2606dimlaggis\n|l|\u2606Mardibelle\n|j|\u2606Mardibelle\n|player|p1|Mardibelle|sabrina\n","uploadtime":1682341694,"views":26,"p1id":"mardibelle","p2id":"dimlaggis","formatid":"gen9vgc2023regulationc","rating":1204,"private":0,"password":""}