{"id":"gen9vgc2023regulationc-1854752522","p1":"Drlawyer","p2":"DevasterMAT","format":"[Gen 9] VGC 2023 Regulation C","log":"|j|\u2606Drlawyer\n|j|\u2606DevasterMAT\n|t:|1682861458\n|gametype|doubles\n|player|p1|Drlawyer|hilbert-wonderlauncher|1597\n|player|p2|DevasterMAT|skyla|1541\n|teamsize|p1|6\n|teamsize|p2|6\n|gen|9\n|tier|[Gen 9] VGC 2023 Regulation C\n|rated|\n|rule|Species Clause: Limit one of each Pok\u00e9mon\n|rule|Item Clause: Limit one of each item\n|clearpoke\n|poke|p1|Great Tusk, L50|\n|poke|p1|Talonflame, L50, M|\n|poke|p1|Chi-Yu, L50|\n|poke|p1|Flutter Mane, L50|\n|poke|p1|Kingambit, L50, M|\n|poke|p1|Iron Bundle, L50|\n|poke|p2|Iron Bundle, L50|\n|poke|p2|Abomasnow, L50, M|\n|poke|p2|Ting-Lu, L50|\n|poke|p2|Annihilape, L50, F|\n|poke|p2|Glimmora, L50, F|\n|poke|p2|Arcanine, L50, M|\n|teampreview|4\n|inactive|Battle timer is ON: inactive players will automatically lose when time's up. (requested by DevasterMAT)\nDevasterMAT has agreed to open team sheets.\n|\n|t:|1682861487\n|start\n|switch|p1a: General Bird|Talonflame, L50, M, shiny|100\/100\n|switch|p1b: Raven|Flutter Mane, L50, shiny|100\/100\n|switch|p2a: Glimmora|Glimmora, L50, F|100\/100\n|switch|p2b: Ting-Lu|Ting-Lu, L50|100\/100\n|-ability|p2b: Ting-Lu|Vessel of Ruin\n|turn|1\n|\n|t:|1682861508\n|-terastallize|p1a: General Bird|Ghost\n|move|p1a: General Bird|Will-O-Wisp|p2b: Ting-Lu\n|-status|p2b: Ting-Lu|brn\n|move|p1b: Raven|Dazzling Gleam|p2a: Glimmora|[spread] p2a,p2b\n|-resisted|p2a: Glimmora\n|-crit|p2a: Glimmora\n|-supereffective|p2b: Ting-Lu\n|-damage|p2a: Glimmora|68\/100\n|-damage|p2b: Ting-Lu|71\/100 brn\n|move|p2a: Glimmora|Mortal Spin|p1b: Raven|[spread] p1a,p1b\n|-resisted|p1a: General Bird\n|-damage|p1a: General Bird|98\/100\n|-damage|p1b: Raven|94\/100\n|-status|p1a: General Bird|psn\n|-status|p1b: Raven|psn\n|move|p2b: Ting-Lu|Heavy Slam|p1b: Raven\n|-supereffective|p1b: Raven\n|-damage|p1b: Raven|43\/100 psn\n|\n|-damage|p1a: General Bird|86\/100 psn|[from] psn\n|-damage|p1b: Raven|31\/100 psn|[from] psn\n|-damage|p2b: Ting-Lu|64\/100 brn|[from] brn\n|upkeep\n|turn|2\n|inactive|DevasterMAT has 30 seconds left.\n|\n|t:|1682861538\n|move|p1a: General Bird|Brave Bird|p2b: Ting-Lu\n|-damage|p2b: Ting-Lu|47\/100 brn\n|-damage|p1a: General Bird|77\/100 psn|[from] Recoil\n|move|p1b: Raven|Dazzling Gleam|p2a: Glimmora|[spread] p2a,p2b\n|-resisted|p2a: Glimmora\n|-supereffective|p2b: Ting-Lu\n|-damage|p2a: Glimmora|43\/100\n|-damage|p2b: Ting-Lu|17\/100 brn\n|move|p2a: Glimmora|Venoshock|p1b: Raven\n|-crit|p1b: Raven\n|-damage|p1b: Raven|0 fnt\n|faint|p1b: Raven\n|-end|p1b: Raven|Protosynthesis|[silent]\n|move|p2b: Ting-Lu|Ruination|p1a: General Bird\n|-damage|p1a: General Bird|39\/100 psn\n|\n|-damage|p1a: General Bird|27\/100 psn|[from] psn\n|-damage|p2b: Ting-Lu|11\/100 brn|[from] brn\n|upkeep\n|\n|t:|1682861547\n|switch|p1b: Fish and Chips|Chi-Yu, L50|100\/100\n|-ability|p1b: Fish and Chips|Beads of Ruin\n|turn|3\n|\n|t:|1682861567\n|move|p1a: General Bird|Brave Bird|p2b: Ting-Lu\n|-damage|p2b: Ting-Lu|0 fnt\n|faint|p2b: Ting-Lu\n|-damage|p1a: General Bird|22\/100 psn|[from] Recoil\n|move|p1b: Fish and Chips|Dark Pulse|p2a: Glimmora\n|-damage|p2a: Glimmora|0 fnt\n|faint|p2a: Glimmora\n|\n|-damage|p1a: General Bird|10\/100 psn|[from] psn\n|upkeep\n|\n|t:|1682861577\n|switch|p2a: Annihilape|Annihilape, L50, F|100\/100\n|switch|p2b: Iron Bundle|Iron Bundle, L50|100\/100\n|-enditem|p2b: Iron Bundle|Booster Energy\n|-activate|p2b: Iron Bundle|ability: Quark Drive|[fromitem]\n|-start|p2b: Iron Bundle|quarkdrivespe\n|turn|4\n|inactive|DevasterMAT has 30 seconds left.\n|\n|t:|1682861608\n|-terastallize|p2a: Annihilape|Fire\n|move|p2b: Iron Bundle|Freeze-Dry|p1a: General Bird\n|-damage|p1a: General Bird|0 fnt\n|faint|p1a: General Bird\n|move|p1b: Fish and Chips|Heat Wave|p2a: Annihilape|[spread] p2a,p2b\n|-resisted|p2a: Annihilape\n|-damage|p2a: Annihilape|81\/100\n|-damage|p2b: Iron Bundle|0 fnt\n|faint|p2b: Iron Bundle\n|-end|p2b: Iron Bundle|Quark Drive|[silent]\n|move|p2a: Annihilape|Drain Punch|p1b: Fish and Chips\n|-supereffective|p1b: Fish and Chips\n|-enditem|p1b: Fish and Chips|Focus Sash\n|-damage|p1b: Fish and Chips|1\/100\n|-heal|p2a: Annihilape|100\/100|[from] drain|[of] p1b: Fish and Chips\n|\n|upkeep\n|inactive|Drlawyer has 30 seconds left.\n|inactive|Drlawyer has 20 seconds left.\n|inactive|Drlawyer has 15 seconds left.\n|inactive|Drlawyer has 10 seconds left.\n|\n|t:|1682861655\n|switch|p1a: Tomioka|Iron Bundle, L50, shiny|100\/100\n|-enditem|p1a: Tomioka|Booster Energy\n|-activate|p1a: Tomioka|ability: Quark Drive|[fromitem]\n|-start|p1a: Tomioka|quarkdrivespe\n|turn|5\n|\n|t:|1682861676\n|move|p1a: Tomioka|Hydro Pump|p2a: Annihilape\n|-supereffective|p2a: Annihilape\n|-damage|p2a: Annihilape|0 fnt\n|faint|p2a: Annihilape\n|\n|win|Drlawyer\n|raw|Drlawyer's rating: 1576 → 1594<\/strong> (+18 for winning)\n|raw|DevasterMAT's rating: 1541 → 1523<\/strong> (-18 for losing)\n|l|\u2606DevasterMAT\n|l|\u2606Drlawyer\n|j|\u2606Drlawyer\n|player|p1|Drlawyer|hilbert-wonderlauncher\n|l|\u2606Drlawyer\n|player|p1|\n|j|\u2606Drlawyer\n|player|p1|Drlawyer|hilbert-wonderlauncher\n|l|\u2606Drlawyer\n|player|p1|\n|j|\u2606Drlawyer\n|player|p1|Drlawyer|hilbert-wonderlauncher\n","uploadtime":1682862028,"views":16,"p1id":"drlawyer","p2id":"devastermat","formatid":"gen9vgc2023regulationc","rating":1523,"private":0,"password":""}