{"id":"gen9vgc2023regulationc-1854826406","p1":"muddyswamppert","p2":"bennoVGC","format":"[Gen 9] VGC 2023 Regulation C","log":"|j|\u2606muddyswamppert\n|j|\u2606bennoVGC\n|t:|1682870585\n|gametype|doubles\n|player|p1|muddyswamppert|cynthia-gen4|\n|player|p2|bennoVGC|265|\n|teamsize|p1|6\n|teamsize|p2|6\n|gen|9\n|tier|[Gen 9] VGC 2023 Regulation C\n|rule|Species Clause: Limit one of each Pok\u00e9mon\n|rule|Item Clause: Limit one of each item\n|clearpoke\n|poke|p1|Drednaw, L50, F|\n|poke|p1|Amoonguss, L50, F|\n|poke|p1|Pelipper, L50, M|\n|poke|p1|Baxcalibur, L50, M|\n|poke|p1|Scizor, L50, M|\n|poke|p1|Iron Valiant, L50|\n|poke|p2|Palafin, L50, M|\n|poke|p2|Arcanine, L50, M|\n|poke|p2|Flutter Mane, L50|\n|poke|p2|Amoonguss, L50, F|\n|poke|p2|Pawmot, L50, F|\n|poke|p2|Ting-Lu, L50|\n|teampreview|4\n|inactive|Battle timer is ON: inactive players will automatically lose when time's up. (requested by muddyswamppert)\n|c|\u2606muddyswamppert|glhf\nmuddyswamppert has agreed to open team sheets.\n|c|\u2606bennoVGC|gl hf :D\nbennoVGC has agreed to open team sheets.\n|c|\u2606muddyswamppert|U2 :]\n|inactive|muddyswamppert has 60 seconds left.\n|inactive|bennoVGC has 60 seconds left.\n|\n|t:|1682870643\n|start\n|switch|p1a: Pelipper|Pelipper, L50, M|100\/100\n|switch|p1b: Drednaw|Drednaw, L50, F|100\/100\n|switch|p2a: Palafin|Palafin, L50, M, shiny|100\/100\n|switch|p2b: Flutter Mane|Flutter Mane, L50, shiny|100\/100\n|-weather|RainDance|[from] ability: Drizzle|[of] p1a: Pelipper\n|turn|1\n|inactive|bennoVGC has 30 seconds left.\n|\n|t:|1682870672\n|detailschange|p2a: Palafin|Palafin-Hero, L50, M, shiny\n|switch|p2a: Amoonguss|Amoonguss, L50, F, shiny|100\/100\n|-terastallize|p2b: Flutter Mane|Grass\n|move|p1b: Drednaw|Liquidation|p2b: Flutter Mane\n|-resisted|p2b: Flutter Mane\n|-crit|p2b: Flutter Mane\n|-damage|p2b: Flutter Mane|3\/100\n|move|p2b: Flutter Mane|Thunderbolt|p1b: Drednaw\n|-supereffective|p1b: Drednaw\n|-damage|p1b: Drednaw|0 fnt\n|faint|p1b: Drednaw\n|move|p1a: Pelipper|Tailwind|p1a: Pelipper\n|-sidestart|p1: muddyswamppert|move: Tailwind\n|\n|-weather|RainDance|[upkeep]\n|upkeep\n|\n|t:|1682870682\n|switch|p1b: Scizor|Scizor, L50, M|100\/100\n|turn|2\n|\n|t:|1682870703\n|move|p2a: Amoonguss|Protect|p2a: Amoonguss\n|-singleturn|p2a: Amoonguss|Protect\n|move|p1b: Scizor|Bullet Punch|p2b: Flutter Mane\n|-damage|p2b: Flutter Mane|0 fnt\n|faint|p2b: Flutter Mane\n|-end|p2b: Flutter Mane|Protosynthesis|[silent]\n|move|p1a: Pelipper|Hurricane|p2a: Amoonguss\n|-activate|p2a: Amoonguss|move: Protect\n|\n|-weather|RainDance|[upkeep]\n|upkeep\n|\n|t:|1682870718\n|switch|p2b: Palafin|Palafin-Hero, L50, M, shiny|100\/100\n|-activate|p2b: Palafin|ability: Zero to Hero\n|turn|3\n|\n|t:|1682870731\n|move|p1a: Pelipper|Hurricane|p2b: Palafin\n|-crit|p2b: Palafin\n|-damage|p2b: Palafin|20\/100\n|move|p1b: Scizor|U-turn|p2b: Palafin\n|-damage|p2b: Palafin|0 fnt\n|faint|p2b: Palafin\n|\n|t:|1682870735\n|switch|p1b: Iron Valiant|Iron Valiant, L50|100\/100|[from] U-turn\n|-enditem|p1b: Iron Valiant|Booster Energy\n|-activate|p1b: Iron Valiant|ability: Quark Drive|[fromitem]\n|-start|p1b: Iron Valiant|quarkdrivespe\n|move|p2a: Amoonguss|Spore|p1a: Pelipper\n|-status|p1a: Pelipper|slp|[from] move: Spore\n|\n|-weather|RainDance|[upkeep]\n|upkeep\n|\n|t:|1682870744\n|switch|p2b: Arcanine|Arcanine, L50, M, shiny|100\/100\n|-ability|p2b: Arcanine|Intimidate|boost\n|-unboost|p1a: Pelipper|atk|1\n|-unboost|p1b: Iron Valiant|atk|1\n|turn|4\n|\n|t:|1682870753\n|move|p2b: Arcanine|Extreme Speed|p1a: Pelipper\n|-damage|p1a: Pelipper|74\/100 slp\n|move|p1b: Iron Valiant|Close Combat|p2b: Arcanine\n|-damage|p2b: Arcanine|56\/100\n|-unboost|p1b: Iron Valiant|def|1\n|-unboost|p1b: Iron Valiant|spd|1\n|cant|p1a: Pelipper|slp\n|move|p2a: Amoonguss|Spore|p1b: Iron Valiant\n|-status|p1b: Iron Valiant|slp|[from] move: Spore\n|\n|-weather|RainDance|[upkeep]\n|-sideend|p1: muddyswamppert|move: Tailwind\n|upkeep\n|turn|5\n|\n|t:|1682870767\n|cant|p1b: Iron Valiant|slp\n|move|p2b: Arcanine|Extreme Speed|p1a: Pelipper\n|-damage|p1a: Pelipper|46\/100 slp\n|cant|p1a: Pelipper|slp\n|move|p2a: Amoonguss|Pollen Puff|p2b: Arcanine\n|-heal|p2b: Arcanine|100\/100\n|\n|-weather|none\n|upkeep\n|turn|6\n|\n|t:|1682870783\n|switch|p1a: Scizor|Scizor, L50, M|100\/100\n|move|p2a: Amoonguss|Protect|p2a: Amoonguss\n|-singleturn|p2a: Amoonguss|Protect\n|cant|p1b: Iron Valiant|slp\n|move|p2b: Arcanine|Flare Blitz|p1b: Iron Valiant\n|-damage|p1b: Iron Valiant|14\/100 slp\n|-damage|p2b: Arcanine|79\/100|[from] Recoil\n|\n|upkeep\n|turn|7\n|\n|t:|1682870808\n|-end|p1b: Iron Valiant|Quark Drive|[silent]\n|switch|p1b: Pelipper|Pelipper, L50, M|46\/100 slp\n|-weather|RainDance|[from] ability: Drizzle|[of] p1b: Pelipper\n|-terastallize|p1a: Scizor|Water\n|move|p2b: Arcanine|Extreme Speed|p1b: Pelipper\n|-damage|p1b: Pelipper|18\/100 slp\n|move|p1a: Scizor|Aerial Ace|p2a: Amoonguss\n|-supereffective|p2a: Amoonguss\n|-crit|p2a: Amoonguss\n|-damage|p2a: Amoonguss|20\/100\n|-enditem|p2a: Amoonguss|Sitrus Berry|[eat]\n|-heal|p2a: Amoonguss|45\/100|[from] item: Sitrus Berry\n|move|p2a: Amoonguss|Spore|p1a: Scizor\n|-status|p1a: Scizor|slp|[from] move: Spore\n|\n|-weather|RainDance|[upkeep]\n|upkeep\n|turn|8\n|inactive|bennoVGC has 30 seconds left.\n|\n|t:|1682870836\n|move|p2b: Arcanine|Extreme Speed|p1b: Pelipper\n|-damage|p1b: Pelipper|0 fnt\n|faint|p1b: Pelipper\n|cant|p1a: Scizor|slp\n|move|p2a: Amoonguss|Pollen Puff|p1a: Scizor\n|-damage|p1a: Scizor|78\/100 slp\n|\n|-weather|RainDance|[upkeep]\n|upkeep\n|\n|t:|1682870842\n|switch|p1b: Iron Valiant|Iron Valiant, L50|14\/100 slp\n|turn|9\n|\n|t:|1682870851\n|move|p2a: Amoonguss|Protect|p2a: Amoonguss\n|-singleturn|p2a: Amoonguss|Protect\n|move|p2b: Arcanine|Extreme Speed|p1b: Iron Valiant\n|-damage|p1b: Iron Valiant|0 fnt\n|faint|p1b: Iron Valiant\n|-end|p1b: Iron Valiant|Quark Drive|[silent]\n|cant|p1a: Scizor|slp\n|\n|-weather|RainDance|[upkeep]\n|upkeep\n|turn|10\n|\n|t:|1682870860\n|move|p2b: Arcanine|Extreme Speed|p1a: Scizor\n|-damage|p1a: Scizor|58\/100 slp\n|-curestatus|p1a: Scizor|slp|[msg]\n|move|p1a: Scizor|Aerial Ace|p2a: Amoonguss\n|-supereffective|p2a: Amoonguss\n|-damage|p2a: Amoonguss|0 fnt\n|faint|p2a: Amoonguss\n|\n|-weather|RainDance|[upkeep]\n|upkeep\n|turn|11\n|\n|t:|1682870870\n|move|p2b: Arcanine|Protect|p2b: Arcanine\n|-singleturn|p2b: Arcanine|Protect\n|move|p1a: Scizor|Aerial Ace|p2b: Arcanine\n|-activate|p2b: Arcanine|move: Protect\n|\n|-weather|none\n|upkeep\n|turn|12\n|c|\u2606muddyswamppert|plz\n|\n|t:|1682870887\n|move|p2b: Arcanine|Extreme Speed|p1a: Scizor\n|-damage|p1a: Scizor|37\/100\n|move|p1a: Scizor|Aerial Ace|p2b: Arcanine\n|-damage|p2b: Arcanine|43\/100\n|\n|upkeep\n|turn|13\n|\n|t:|1682870900\n|move|p2b: Arcanine|Will-O-Wisp|p1a: Scizor\n|-status|p1a: Scizor|brn\n|move|p1a: Scizor|Close Combat|p2b: Arcanine\n|-damage|p2b: Arcanine|20\/100\n|-unboost|p1a: Scizor|def|1\n|-unboost|p1a: Scizor|spd|1\n|\n|-damage|p1a: Scizor|30\/100 brn|[from] brn\n|upkeep\n|turn|14\n|\n|t:|1682870914\n|move|p2b: Arcanine|Protect|p2b: Arcanine\n|-singleturn|p2b: Arcanine|Protect\n|move|p1a: Scizor|Close Combat|p2b: Arcanine\n|-activate|p2b: Arcanine|move: Protect\n|\n|-damage|p1a: Scizor|24\/100 brn|[from] brn\n|upkeep\n|turn|15\n|\n|t:|1682870919\n|move|p2b: Arcanine|Extreme Speed|p1a: Scizor\n|-crit|p1a: Scizor\n|-damage|p1a: Scizor|0 fnt\n|faint|p1a: Scizor\n|\n|win|bennoVGC\n|c|\u2606muddyswamppert|gg\n|c|\u2606bennoVGC|gg\n|l|\u2606muddyswamppert\n","uploadtime":1682871553,"views":13,"p1id":"muddyswamppert","p2id":"bennovgc","formatid":"gen9vgc2023regulationc","rating":0,"private":0,"password":""}