{"id":"gen9vgc2023regulationc-1850489470","p1":"LotharJ","p2":"MetVGC","format":"[Gen 9] VGC 2023 Regulation C","log":"|j|\u2606LotharJ\n|j|\u2606MetVGC\n|t:|1682342375\n|gametype|doubles\n|player|p1|LotharJ|170|1172\n|player|p2|MetVGC|linebacker|1145\n|teamsize|p1|6\n|teamsize|p2|6\n|gen|9\n|tier|[Gen 9] VGC 2023 Regulation C\n|rated|\n|rule|Species Clause: Limit one of each Pok\u00e9mon\n|rule|Item Clause: Limit one of each item\n|clearpoke\n|poke|p1|Amoonguss, L50, M|\n|poke|p1|Arcanine, L50, F|\n|poke|p1|Palafin, L50, F|\n|poke|p1|Ting-Lu, L50|\n|poke|p1|Kingambit, L50, M|\n|poke|p1|Flutter Mane, L50|\n|poke|p2|Ting-Lu, L50|\n|poke|p2|Glimmora, L50, F|\n|poke|p2|Arcanine, L50, M|\n|poke|p2|Flutter Mane, L50|\n|poke|p2|Palafin, L50, M|\n|poke|p2|Amoonguss, L50, M|\n|teampreview|4\n|inactive|Battle timer is ON: inactive players will automatically lose when time's up. (requested by MetVGC)\n|inactive|LotharJ has 60 seconds left.\n|\n|t:|1682342413\n|start\n|switch|p1a: Kingambit|Kingambit, L50, M|100\/100\n|switch|p1b: Palafin|Palafin, L50, F|100\/100\n|switch|p2a: Palafin|Palafin, L50, M|100\/100\n|switch|p2b: Arcanine|Arcanine, L50, M|100\/100\n|-ability|p2b: Arcanine|Intimidate|boost\n|-unboost|p1a: Kingambit|atk|1\n|-ability|p1a: Kingambit|Defiant|boost\n|-boost|p1a: Kingambit|atk|2\n|-unboost|p1b: Palafin|atk|1\n|turn|1\n|inactive|LotharJ has 30 seconds left.\n|\n|t:|1682342438\n|detailschange|p1b: Palafin|Palafin-Hero, L50, F\n|switch|p1b: Amoonguss|Amoonguss, L50, M|100\/100\n|move|p1a: Kingambit|Protect|p1a: Kingambit\n|-singleturn|p1a: Kingambit|Protect\n|move|p2b: Arcanine|Will-O-Wisp|p1b: Amoonguss\n|-status|p1b: Amoonguss|brn\n|move|p2a: Palafin|Haze|p2a: Palafin\n|-clearallboost\n|\n|-damage|p1b: Amoonguss|95\/100 brn|[from] brn\n|upkeep\n|turn|2\n|inactive|LotharJ has 30 seconds left.\n|\n|t:|1682342468\n|detailschange|p2a: Palafin|Palafin-Hero, L50, M\n|switch|p2a: Amoonguss|Amoonguss, L50, M|100\/100\n|switch|p1a: Arcanine|Arcanine, L50, F|100\/100\n|-ability|p1a: Arcanine|Intimidate|boost\n|-unboost|p2a: Amoonguss|atk|1\n|-unboost|p2b: Arcanine|atk|1\n|move|p2b: Arcanine|Will-O-Wisp|p1a: Arcanine\n|-immune|p1a: Arcanine\n|move|p1b: Amoonguss|Spore|p2a: Amoonguss\n|-immune|p2a: Amoonguss\n|\n|-damage|p1b: Amoonguss|89\/100 brn|[from] brn\n|upkeep\n|turn|3\n|\n|t:|1682342489\n|switch|p2b: Palafin|Palafin-Hero, L50, M|100\/100\n|-activate|p2b: Palafin|ability: Zero to Hero\n|move|p1a: Arcanine|Flare Blitz|p2a: Amoonguss\n|-supereffective|p2a: Amoonguss\n|-damage|p2a: Amoonguss|22\/100\n|-enditem|p2a: Amoonguss|Sitrus Berry|[eat]\n|-heal|p2a: Amoonguss|47\/100|[from] item: Sitrus Berry\n|-damage|p1a: Arcanine|72\/100|[from] Recoil\n|move|p2a: Amoonguss|Spore|p1a: Arcanine\n|-activate|p1a: Arcanine|item: Safety Goggles|Spore\n|move|p1b: Amoonguss|Pollen Puff|p1a: Arcanine\n|-heal|p1a: Arcanine|100\/100\n|\n|-damage|p1b: Amoonguss|83\/100 brn|[from] brn\n|upkeep\n|turn|4\n|inactive|LotharJ has 30 seconds left.\n|\n|t:|1682342516\n|switch|p2a: Arcanine|Arcanine, L50, M|100\/100\n|-ability|p2a: Arcanine|Intimidate|boost\n|-unboost|p1a: Arcanine|atk|1\n|-unboost|p1b: Amoonguss|atk|1\n|move|p2b: Palafin|Protect|p2b: Palafin\n|-singleturn|p2b: Palafin|Protect\n|move|p1b: Amoonguss|Rage Powder|p1b: Amoonguss\n|-singleturn|p1b: Amoonguss|move: Rage Powder\n|move|p1a: Arcanine|Will-O-Wisp|p2b: Palafin\n|-activate|p2b: Palafin|move: Protect\n|\n|-damage|p1b: Amoonguss|77\/100 brn|[from] brn\n|upkeep\n|turn|5\n|\n|t:|1682342538\n|switch|p1a: Palafin|Palafin-Hero, L50, F|100\/100\n|-activate|p1a: Palafin|ability: Zero to Hero\n|move|p1b: Amoonguss|Protect|p1b: Amoonguss\n|-singleturn|p1b: Amoonguss|Protect\n|move|p2b: Palafin|Jet Punch|p1a: Palafin\n|-resisted|p1a: Palafin\n|-damage|p1a: Palafin|80\/100\n|move|p2a: Arcanine|Flare Blitz|p1b: Amoonguss\n|-activate|p1b: Amoonguss|move: Protect\n|\n|-damage|p1b: Amoonguss|71\/100 brn|[from] brn\n|upkeep\n|turn|6\n|inactive|LotharJ has 30 seconds left.\n|inactive|LotharJ has 20 seconds left.\n|inactive|LotharJ has 15 seconds left.\n|\n|t:|1682342579\n|switch|p2a: Amoonguss|Amoonguss, L50, M|80\/100\n|-terastallize|p1a: Palafin|Water\n|move|p1a: Palafin|Jet Punch|p2a: Amoonguss\n|-resisted|p2a: Amoonguss\n|-damage|p2a: Amoonguss|53\/100\n|move|p2b: Palafin|Wave Crash|p1b: Amoonguss\n|-resisted|p1b: Amoonguss\n|-damage|p1b: Amoonguss|28\/100 brn\n|-damage|p2b: Palafin|84\/100|[from] item: Rocky Helmet|[of] p1b: Amoonguss\n|-damage|p2b: Palafin|68\/100|[from] Recoil\n|move|p1b: Amoonguss|Spore|p2b: Palafin\n|-status|p2b: Palafin|slp|[from] move: Spore\n|\n|-damage|p1b: Amoonguss|22\/100 brn|[from] brn\n|upkeep\n|turn|7\n|inactive|LotharJ has 30 seconds left.\n|inactive|LotharJ has 20 seconds left.\n|\n|t:|1682342615\n|cant|p2b: Palafin|slp\n|move|p1a: Palafin|Wave Crash|p2a: Amoonguss\n|-resisted|p2a: Amoonguss\n|-damage|p2a: Amoonguss|0 fnt\n|faint|p2a: Amoonguss\n|-damage|p1a: Palafin|62\/100|[from] Recoil\n|move|p1b: Amoonguss|Pollen Puff|p1a: Palafin\n|-heal|p1a: Palafin|100\/100\n|\n|-damage|p1b: Amoonguss|16\/100 brn|[from] brn\n|upkeep\n|\n|t:|1682342621\n|switch|p2a: Arcanine|Arcanine, L50, M|100\/100\n|-ability|p2a: Arcanine|Intimidate|boost\n|-unboost|p1a: Palafin|atk|1\n|-unboost|p1b: Amoonguss|atk|1\n|turn|8\n|\n|t:|1682342640\n|switch|p1b: Arcanine|Arcanine, L50, F|100\/100\n|-ability|p1b: Arcanine|Intimidate|boost\n|-unboost|p2a: Arcanine|atk|1\n|-unboost|p2b: Palafin|atk|1\n|-terastallize|p2a: Arcanine|Grass\n|move|p1a: Palafin|Protect|p1a: Palafin\n|-singleturn|p1a: Palafin|Protect\n|move|p2a: Arcanine|Will-O-Wisp|p1a: Palafin\n|-activate|p1a: Palafin|move: Protect\n|cant|p2b: Palafin|slp\n|\n|upkeep\n|turn|9\n|\n|t:|1682342664\n|switch|p1a: Amoonguss|Amoonguss, L50, M|49\/100 brn\n|move|p2a: Arcanine|Protect|p2a: Arcanine\n|-singleturn|p2a: Arcanine|Protect\n|move|p1b: Arcanine|Flare Blitz|p2a: Arcanine\n|-activate|p2a: Arcanine|move: Protect\n|cant|p2b: Palafin|slp\n|\n|-damage|p1a: Amoonguss|43\/100 brn|[from] brn\n|upkeep\n|turn|10\n|l|\u2606MetVGC\n|inactive|MetVGC disconnected and has a minute to reconnect!\n|player|p2|\n|j|\u2606MetVGC\n|inactive|MetVGC reconnected and has 45 seconds left.\n|player|p2|MetVGC|linebacker\n|\n|t:|1682342684\n|move|p1b: Arcanine|Flare Blitz|p2a: Arcanine\n|-supereffective|p2a: Arcanine\n|-damage|p2a: Arcanine|0 fnt\n|faint|p2a: Arcanine\n|-damage|p1b: Arcanine|68\/100|[from] Recoil\n|-curestatus|p2b: Palafin|slp|[msg]\n|move|p2b: Palafin|Wave Crash|p1b: Arcanine\n|-supereffective|p1b: Arcanine\n|-damage|p1b: Arcanine|0 fnt\n|faint|p1b: Arcanine\n|-damage|p2b: Palafin|45\/100|[from] Recoil\n|move|p1a: Amoonguss|Spore|p2b: Palafin\n|-status|p2b: Palafin|slp|[from] move: Spore\n|\n|-damage|p1a: Amoonguss|37\/100 brn|[from] brn\n|upkeep\n|l|\u2606MetVGC\n|inactive|MetVGC disconnected and has a minute to reconnect!\n|player|p2|\n|\n|t:|1682342704\n|switch|p1b: Palafin|Palafin-Hero, L50, F, tera:Water|100\/100\n|switch|p2a: Flutter Mane|Flutter Mane, L50|100\/100\n|-enditem|p2a: Flutter Mane|Booster Energy\n|-activate|p2a: Flutter Mane|ability: Protosynthesis|[fromitem]\n|-start|p2a: Flutter Mane|protosynthesisspe\n|turn|11\n|inactive|MetVGC has 30 seconds left.\n|inactive|MetVGC has 20 seconds left.\n|inactive|MetVGC has 15 seconds left.\n|inactive|MetVGC has 10 seconds left.\n|inactive|MetVGC has 5 seconds left.\n|-message|MetVGC lost due to inactivity.\n|\n|win|LotharJ\n|raw|LotharJ's rating: 1172 → 1195<\/strong> (+23 for winning)\n|raw|MetVGC's rating: 1145 → 1122<\/strong> (-23 for losing)\n","uploadtime":1682342944,"views":27,"p1id":"lotharj","p2id":"metvgc","formatid":"gen9vgc2023regulationc","rating":1122,"private":0,"password":""}