{"id":"gen9vgc2023regulationc-1854962545","p1":"fdzh","p2":"IlTonno","format":"[Gen 9] VGC 2023 Regulation C","log":"|j|\u203dfdzh\n|j|\u2606IlTonno\n|t:|1682885445\n|gametype|doubles\n|player|p1|fdzh|1|1040\n|player|p2|IlTonno|janitor|1126\n|teamsize|p1|6\n|teamsize|p2|6\n|gen|9\n|tier|[Gen 9] VGC 2023 Regulation C\n|rated|\n|rule|Species Clause: Limit one of each Pok\u00e9mon\n|rule|Item Clause: Limit one of each item\n|clearpoke\n|poke|p1|Dondozo, L50, M|\n|poke|p1|Tatsugiri-Droopy, L50, M|\n|poke|p1|Pelipper, L50, F|\n|poke|p1|Drednaw, L50, F|\n|poke|p1|Dragonite, L50, M|\n|poke|p1|Chien-Pao, L50|\n|poke|p2|Roaring Moon, L50|\n|poke|p2|Ting-Lu, L50|\n|poke|p2|Palafin, L50, F|\n|poke|p2|Arcanine, L50, F|\n|poke|p2|Amoonguss, L50, F|\n|poke|p2|Flutter Mane, L50|\n|teampreview|4\n|inactive|Battle timer is ON: inactive players will automatically lose when time's up. (requested by IlTonno)\n|inactive|IlTonno has 60 seconds left.\n|\n|t:|1682885502\n|start\n|switch|p1a: Dondozo|Dondozo, L50, M|100\/100\n|switch|p1b: Pelipper|Pelipper, L50, F|100\/100\n|switch|p2a: Arcanine|Arcanine, L50, F|100\/100\n|switch|p2b: Flutter Mane|Flutter Mane, L50|100\/100\n|-ability|p2a: Arcanine|Intimidate|boost\n|-unboost|p1a: Dondozo|atk|1\n|-unboost|p1b: Pelipper|atk|1\n|-weather|RainDance|[from] ability: Drizzle|[of] p1b: Pelipper\n|turn|1\n|inactive|IlTonno has 30 seconds left.\n|\n|t:|1682885528\n|-terastallize|p2a: Arcanine|Grass\n|move|p1a: Dondozo|Protect|p1a: Dondozo\n|-singleturn|p1a: Dondozo|Protect\n|move|p2b: Flutter Mane|Thunder|p1a: Dondozo\n|-activate|p1a: Dondozo|move: Protect\n|move|p2a: Arcanine|Will-O-Wisp|p1a: Dondozo\n|-activate|p1a: Dondozo|move: Protect\n|move|p1b: Pelipper|Hurricane|p2b: Flutter Mane\n|-damage|p2b: Flutter Mane|56\/100\n|\n|-weather|RainDance|[upkeep]\n|upkeep\n|turn|2\n|\n|t:|1682885545\n|switch|p1b: Tatsugiri|Tatsugiri-Droopy, L50, M, shiny|100\/100\n|-activate|p1b: Tatsugiri|ability: Commander|[of] p1a: Dondozo\n|-boost|p1a: Dondozo|atk|2\n|-boost|p1a: Dondozo|spa|2\n|-boost|p1a: Dondozo|spe|2\n|-boost|p1a: Dondozo|def|2\n|-boost|p1a: Dondozo|spd|2\n|-terastallize|p1a: Dondozo|Water\n|move|p1a: Dondozo|Surf|p2a: Arcanine|[spread] p2a,p2b\n|-miss|p1a: Dondozo|p1b: Tatsugiri\n|-resisted|p2a: Arcanine\n|-damage|p2a: Arcanine|40\/100\n|-damage|p2b: Flutter Mane|0 fnt\n|faint|p2b: Flutter Mane\n|-end|p2b: Flutter Mane|Protosynthesis|[silent]\n|-damage|p1a: Dondozo|91\/100|[from] item: Life Orb\n|move|p2a: Arcanine|Will-O-Wisp|p1a: Dondozo\n|-status|p1a: Dondozo|brn\n|\n|-weather|RainDance|[upkeep]\n|-damage|p1a: Dondozo|85\/100 brn|[from] brn\n|upkeep\n|\n|t:|1682885567\n|switch|p2b: Amoonguss|Amoonguss, L50, F|100\/100\n|turn|3\n|\n|t:|1682885573\n|switch|p2a: Roaring Moon|Roaring Moon, L50|100\/100\n|-enditem|p2a: Roaring Moon|Booster Energy\n|-activate|p2a: Roaring Moon|ability: Protosynthesis|[fromitem]\n|-start|p2a: Roaring Moon|protosynthesisatk\n|move|p1a: Dondozo|Surf|p2b: Amoonguss|[spread] p2a,p2b\n|-miss|p1a: Dondozo|p1b: Tatsugiri\n|-resisted|p2a: Roaring Moon\n|-resisted|p2b: Amoonguss\n|-damage|p2a: Roaring Moon|47\/100\n|-damage|p2b: Amoonguss|53\/100\n|-damage|p1a: Dondozo|75\/100 brn|[from] item: Life Orb\n|move|p2b: Amoonguss|Spore||[still]\n|-fail|p2b: Amoonguss\n|\n|-weather|RainDance|[upkeep]\n|-damage|p1a: Dondozo|69\/100 brn|[from] brn\n|upkeep\n|turn|4\n|inactive|IlTonno has 30 seconds left.\n|\n|t:|1682885601\n|move|p2a: Roaring Moon|Protect|p2a: Roaring Moon\n|-singleturn|p2a: Roaring Moon|Protect\n|move|p1a: Dondozo|Surf|p2a: Roaring Moon|[spread] p2b\n|-miss|p1a: Dondozo|p1b: Tatsugiri\n|-activate|p2a: Roaring Moon|move: Protect\n|-resisted|p2b: Amoonguss\n|-damage|p2b: Amoonguss|1\/100\n|-enditem|p2b: Amoonguss|Sitrus Berry|[eat]\n|-heal|p2b: Amoonguss|26\/100|[from] item: Sitrus Berry\n|-damage|p1a: Dondozo|59\/100 brn|[from] item: Life Orb\n|move|p2b: Amoonguss|Clear Smog|p1a: Dondozo\n|-damage|p1a: Dondozo|50\/100 brn\n|-clearboost|p1a: Dondozo\n|\n|-weather|RainDance|[upkeep]\n|-damage|p1a: Dondozo|43\/100 brn|[from] brn\n|upkeep\n|turn|5\n|inactive|IlTonno has 30 seconds left.\n|\n|t:|1682885633\n|move|p2a: Roaring Moon|Acrobatics|p1a: Dondozo\n|-damage|p1a: Dondozo|5\/100 brn\n|move|p1a: Dondozo|Surf|p2a: Roaring Moon|[spread] p2a,p2b\n|-miss|p1a: Dondozo|p1b: Tatsugiri\n|-resisted|p2a: Roaring Moon\n|-resisted|p2b: Amoonguss\n|-damage|p2a: Roaring Moon|22\/100\n|-damage|p2b: Amoonguss|0 fnt\n|faint|p2b: Amoonguss\n|-damage|p1a: Dondozo|0 fnt|[from] item: Life Orb\n|faint|p1a: Dondozo\n|\n|-weather|RainDance|[upkeep]\n|upkeep\n|\n|t:|1682885647\n|switch|p1a: Pelipper|Pelipper, L50, F|100\/100\n|switch|p2b: Arcanine|Arcanine, L50, F, tera:Grass|40\/100\n|-ability|p2b: Arcanine|Intimidate|boost\n|-unboost|p1a: Pelipper|atk|1\n|-unboost|p1b: Tatsugiri|atk|1\n|turn|6\n|\n|t:|1682885663\n|move|p2b: Arcanine|Extreme Speed|p1b: Tatsugiri\n|-damage|p1b: Tatsugiri|53\/100\n|move|p1b: Tatsugiri|Icy Wind|p2a: Roaring Moon|[spread] p2a,p2b\n|-supereffective|p2a: Roaring Moon\n|-supereffective|p2b: Arcanine\n|-damage|p2a: Roaring Moon|0 fnt\n|-damage|p2b: Arcanine|13\/100\n|-unboost|p2b: Arcanine|spe|1\n|faint|p2a: Roaring Moon\n|-end|p2a: Roaring Moon|Protosynthesis|[silent]\n|move|p1a: Pelipper|Hurricane|p2b: Arcanine\n|-supereffective|p2b: Arcanine\n|-damage|p2b: Arcanine|0 fnt\n|faint|p2b: Arcanine\n|\n|win|fdzh\n|raw|fdzh's rating: 1040 → 1082<\/strong> (+42 for winning)\n|raw|IlTonno's rating: 1126 → 1095<\/strong> (-31 for losing)\n|l|\u2606IlTonno\n","uploadtime":1682885681,"views":6,"p1id":"fdzh","p2id":"iltonno","formatid":"gen9vgc2023regulationc","rating":1082,"private":0,"password":""}