{"id":"gen9vgc2023regulationc-1855806121","p1":"babblewort","p2":"AdustTuba113400","format":"[Gen 9] VGC 2023 Regulation C","log":"|j|\u2606babblewort\n|j|\u2606AdustTuba113400\n|t:|1682986352\n|gametype|doubles\n|player|p1|babblewort|170|1000\n|player|p2|AdustTuba113400|hoopster|1087\n|teamsize|p1|6\n|teamsize|p2|6\n|gen|9\n|tier|[Gen 9] VGC 2023 Regulation C\n|rated|\n|rule|Species Clause: Limit one of each Pok\u00e9mon\n|rule|Item Clause: Limit one of each item\n|clearpoke\n|poke|p1|Abomasnow, L50, F|\n|poke|p1|Palossand, L50, M|\n|poke|p1|Great Tusk, L50|\n|poke|p1|Kingambit, L50, F|\n|poke|p1|Tropius, L50, F|\n|poke|p1|Sudowoodo, L50, F|\n|poke|p2|Torkoal, L50, M|\n|poke|p2|Amoonguss, L50, M|\n|poke|p2|Indeedee-F, L50, F|\n|poke|p2|Armarouge, L50, M|\n|poke|p2|Dachsbun, L50, F|\n|poke|p2|Ceruledge, L50, M|\n|teampreview|4\n|\n|t:|1682986394\n|start\n|switch|p1a: Palossand|Palossand, L50, M|100\/100\n|switch|p1b: Sudowoodo|Sudowoodo, L50, F|100\/100\n|switch|p2a: Indeedee|Indeedee-F, L50, F|100\/100\n|switch|p2b: Amoonguss|Amoonguss, L50, M|100\/100\n|-fieldstart|move: Psychic Terrain|[from] ability: Psychic Surge|[of] p2a: Indeedee\n|turn|1\n|\n|t:|1682986429\n|move|p2a: Indeedee|Protect|p2a: Indeedee\n|-singleturn|p2a: Indeedee|Protect\n|move|p2b: Amoonguss|Protect|p2b: Amoonguss\n|-singleturn|p2b: Amoonguss|Protect\n|move|p1a: Palossand|Flash Cannon|p2b: Amoonguss\n|-activate|p2b: Amoonguss|move: Protect\n|move|p1b: Sudowoodo|Spikes|p2b: Amoonguss\n|-sidestart|p2: AdustTuba113400|Spikes\n|\n|upkeep\n|turn|2\n|\n|t:|1682986442\n|move|p2a: Indeedee|Follow Me|p2a: Indeedee\n|-singleturn|p2a: Indeedee|move: Follow Me\n|move|p1a: Palossand|Flash Cannon|p2a: Indeedee\n|-damage|p2a: Indeedee|81\/100\n|move|p2b: Amoonguss|Giga Drain|p1a: Palossand\n|-supereffective|p1a: Palossand\n|-damage|p1a: Palossand|43\/100\n|move|p1b: Sudowoodo|Counter||[still]\n|-fail|p1b: Sudowoodo\n|\n|upkeep\n|turn|3\n|\n|t:|1682986458\n|move|p2a: Indeedee|Follow Me|p2a: Indeedee\n|-singleturn|p2a: Indeedee|move: Follow Me\n|move|p1a: Palossand|Flash Cannon|p2a: Indeedee\n|-crit|p2a: Indeedee\n|-damage|p2a: Indeedee|50\/100\n|move|p1b: Sudowoodo|Stomping Tantrum|p2a: Indeedee\n|-damage|p2a: Indeedee|0 fnt\n|faint|p2a: Indeedee\n|move|p2b: Amoonguss|Giga Drain|p1a: Palossand\n|-supereffective|p1a: Palossand\n|-damage|p1a: Palossand|0 fnt\n|faint|p1a: Palossand\n|\n|upkeep\n|\n|t:|1682986472\n|switch|p2a: Torkoal|Torkoal, L50, M|100\/100\n|switch|p1a: Kingambit|Kingambit, L50, F|100\/100\n|-damage|p2a: Torkoal|88\/100|[from] Spikes\n|-weather|SunnyDay|[from] ability: Drought|[of] p2a: Torkoal\n|turn|4\n|\n|t:|1682986488\n|move|p1a: Kingambit|Iron Head|p2b: Amoonguss\n|-damage|p2b: Amoonguss|57\/100\n|-damage|p1a: Kingambit|84\/100|[from] item: Rocky Helmet|[of] p2b: Amoonguss\n|move|p2b: Amoonguss|Pollen Puff|p2a: Torkoal\n|-heal|p2a: Torkoal|100\/100\n|move|p1b: Sudowoodo|Stomping Tantrum|p2a: Torkoal\n|-supereffective|p2a: Torkoal\n|-damage|p2a: Torkoal|58\/100\n|move|p2a: Torkoal|Eruption|p1a: Kingambit|[spread] p1a,p1b\n|-supereffective|p1a: Kingambit\n|-crit|p1a: Kingambit\n|-resisted|p1b: Sudowoodo\n|-damage|p1a: Kingambit|0 fnt\n|-damage|p1b: Sudowoodo|64\/100\n|faint|p1a: Kingambit\n|\n|-weather|SunnyDay|[upkeep]\n|upkeep\n|\n|t:|1682986503\n|switch|p1a: Great Tusk|Great Tusk, L50|100\/100\n|-activate|p1a: Great Tusk|ability: Protosynthesis\n|-start|p1a: Great Tusk|protosynthesisatk\n|turn|5\n|\n|t:|1682986525\n|move|p2a: Torkoal|Protect|p2a: Torkoal\n|-singleturn|p2a: Torkoal|Protect\n|move|p1a: Great Tusk|Headlong Rush|p2a: Torkoal\n|-activate|p2a: Torkoal|move: Protect\n|move|p2b: Amoonguss|Spore|p1a: Great Tusk\n|-status|p1a: Great Tusk|slp|[from] move: Spore\n|move|p1b: Sudowoodo|Counter||[still]\n|-fail|p1b: Sudowoodo\n|\n|-weather|SunnyDay|[upkeep]\n|-fieldend|move: Psychic Terrain\n|upkeep\n|turn|6\n|\n|t:|1682986552\n|-terastallize|p2a: Torkoal|Fire\n|cant|p1a: Great Tusk|slp\n|move|p1b: Sudowoodo|Stomping Tantrum|p2a: Torkoal\n|-supereffective|p2a: Torkoal\n|-damage|p2a: Torkoal|0 fnt\n|faint|p2a: Torkoal\n|move|p2b: Amoonguss|Pollen Puff|p2: Torkoal|[notarget]\n|-fail|p2b: Amoonguss\n|\n|-weather|SunnyDay|[upkeep]\n|upkeep\n|\n|t:|1682986560\n|switch|p2a: Dachsbun|Dachsbun, L50, F|100\/100\n|-damage|p2a: Dachsbun|88\/100|[from] Spikes\n|turn|7\n|\n|t:|1682986579\n|move|p2a: Dachsbun|Body Press|p1b: Sudowoodo\n|-supereffective|p1b: Sudowoodo\n|-damage|p1b: Sudowoodo|23\/100\n|cant|p1a: Great Tusk|slp\n|move|p2b: Amoonguss|Giga Drain|p1a: Great Tusk\n|-supereffective|p1a: Great Tusk\n|-crit|p1a: Great Tusk\n|-damage|p1a: Great Tusk|14\/100 slp\n|-heal|p2b: Amoonguss|100\/100|[from] drain|[of] p1a: Great Tusk\n|move|p1b: Sudowoodo|Counter|p2a: Dachsbun\n|-damage|p2a: Dachsbun|0 fnt\n|faint|p2a: Dachsbun\n|\n|-weather|SunnyDay|[upkeep]\n|-heal|p1a: Great Tusk|20\/100 slp|[from] item: Leftovers\n|upkeep\n|turn|8\n|\n|t:|1682986617\n|move|p1b: Sudowoodo|Sucker Punch|p2b: Amoonguss\n|-damage|p2b: Amoonguss|79\/100\n|-damage|p1b: Sudowoodo|7\/100|[from] item: Rocky Helmet|[of] p2b: Amoonguss\n|-status|p1b: Sudowoodo|psn|[from] ability: Effect Spore|[of] p2b: Amoonguss\n|cant|p1a: Great Tusk|slp\n|move|p2b: Amoonguss|Giga Drain|p1b: Sudowoodo\n|-supereffective|p1b: Sudowoodo\n|-damage|p1b: Sudowoodo|0 fnt\n|-heal|p2b: Amoonguss|82\/100|[from] drain|[of] p1b: Sudowoodo\n|faint|p1b: Sudowoodo\n|\n|-weather|none\n|-end|p1a: Great Tusk|Protosynthesis\n|-heal|p1a: Great Tusk|26\/100 slp|[from] item: Leftovers\n|upkeep\n|turn|9\n|\n|t:|1682986634\n|-curestatus|p1a: Great Tusk|slp|[msg]\n|move|p1a: Great Tusk|Play Rough|p2b: Amoonguss\n|-resisted|p2b: Amoonguss\n|-damage|p2b: Amoonguss|66\/100\n|-damage|p1a: Great Tusk|9\/100|[from] item: Rocky Helmet|[of] p2b: Amoonguss\n|move|p2b: Amoonguss|Giga Drain|p1a: Great Tusk\n|-supereffective|p1a: Great Tusk\n|-damage|p1a: Great Tusk|0 fnt\n|-heal|p2b: Amoonguss|70\/100|[from] drain|[of] p1a: Great Tusk\n|faint|p1a: Great Tusk\n|-end|p1a: Great Tusk|Protosynthesis|[silent]\n|\n|win|AdustTuba113400\n|raw|babblewort's rating: 1000 → 1000<\/strong> (+0 for losing)\n|raw|AdustTuba113400's rating: 1087 → 1107<\/strong> (+20 for winning)\n|c|\u2606AdustTuba113400|gg\n","uploadtime":1682986654,"views":20,"p1id":"babblewort","p2id":"adusttuba113400","formatid":"gen9vgc2023regulationc","rating":1000,"private":0,"password":""}