{"id":"gen9vgc2023regulationc-1850913793","p1":"Cm5","p2":"Icefanngs","format":"[Gen 9] VGC 2023 Regulation C","log":"|j|\u2606Cm5\n|j|\u2606Icefanngs\n|t:|1682381633\n|gametype|doubles\n|player|p1|Cm5|scientist-gen4|1084\n|player|p2|Icefanngs|101|1071\n|teamsize|p1|6\n|teamsize|p2|6\n|gen|9\n|tier|[Gen 9] VGC 2023 Regulation C\n|rated|\n|rule|Species Clause: Limit one of each Pok\u00e9mon\n|rule|Item Clause: Limit one of each item\n|clearpoke\n|poke|p1|Hydreigon, L50, M|\n|poke|p1|Talonflame, L50, F|\n|poke|p1|Iron Hands, L50|\n|poke|p1|Farigiraf, L50, F|\n|poke|p1|Wo-Chien, L50|\n|poke|p1|Gholdengo, L50|\n|poke|p2|Umbreon, L50, M|\n|poke|p2|Sylveon, L50, F|\n|poke|p2|Vaporeon, L50, F|\n|poke|p2|Jolteon, L50, M|\n|poke|p2|Espeon, L50, F|\n|poke|p2|Leafeon, L50, F|\n|teampreview|4\n|inactive|Battle timer is ON: inactive players will automatically lose when time's up. (requested by Cm5)\n|\n|t:|1682381662\n|start\n|switch|p1a: Hydreigon|Hydreigon, L50, M|100\/100\n|switch|p1b: Iron Hands|Iron Hands, L50|100\/100\n|switch|p2a: Umbreon|Umbreon, L50, M, shiny|100\/100\n|switch|p2b: Sylveon|Sylveon, L50, F|100\/100\n|turn|1\n|inactive|Cm5 has 30 seconds left.\n|\n|t:|1682381693\n|-terastallize|p1a: Hydreigon|Fire\n|move|p2a: Umbreon|Helping Hand|p2b: Sylveon\n|-singleturn|p2b: Sylveon|Helping Hand|[of] p2a: Umbreon\n|move|p1b: Iron Hands|Fake Out|p2b: Sylveon\n|-damage|p2b: Sylveon|85\/100\n|move|p1a: Hydreigon|Heat Wave|p2b: Sylveon|[spread] p2a,p2b\n|-crit|p2a: Umbreon\n|-damage|p2a: Umbreon|72\/100\n|-damage|p2b: Sylveon|58\/100\n|cant|p2b: Sylveon|flinch\n|\n|upkeep\n|turn|2\n|inactive|Icefanngs has 30 seconds left.\n|inactive|Icefanngs has 20 seconds left.\n|inactive|Icefanngs has 15 seconds left.\n|\n|t:|1682381734\n|move|p2a: Umbreon|Helping Hand|p2b: Sylveon\n|-singleturn|p2b: Sylveon|Helping Hand|[of] p2a: Umbreon\n|move|p1a: Hydreigon|Heat Wave|p2b: Sylveon|[spread] p2a,p2b\n|-crit|p2b: Sylveon\n|-damage|p2a: Umbreon|54\/100\n|-damage|p2b: Sylveon|23\/100\n|move|p2b: Sylveon|Hyper Voice|p1a: Hydreigon|[spread] p1a,p1b\n|-resisted|p1a: Hydreigon\n|-supereffective|p1b: Iron Hands\n|-crit|p1b: Iron Hands\n|-damage|p1a: Hydreigon|68\/100\n|-damage|p1b: Iron Hands|0 fnt\n|faint|p1b: Iron Hands\n|-end|p1b: Iron Hands|Quark Drive|[silent]\n|-enditem|p2b: Sylveon|Throat Spray\n|-boost|p2b: Sylveon|spa|1|[from] item: Throat Spray\n|\n|upkeep\n|\n|t:|1682381757\n|switch|p1b: Talonflame|Talonflame, L50, F|100\/100\n|turn|3\n|\n|t:|1682381765\n|move|p2b: Sylveon|Protect|p2b: Sylveon\n|-singleturn|p2b: Sylveon|Protect\n|move|p1b: Talonflame|Taunt|p2a: Umbreon\n|-start|p2a: Umbreon|move: Taunt\n|move|p1a: Hydreigon|Heat Wave|p2a: Umbreon|[spread] p2a\n|-activate|p2b: Sylveon|move: Protect\n|-damage|p2a: Umbreon|36\/100\n|cant|p2a: Umbreon|move: Taunt|Wish\n|\n|upkeep\n|turn|4\n|inactive|Icefanngs has 30 seconds left.\n|inactive|Icefanngs has 20 seconds left.\n|\n|t:|1682381802\n|switch|p2a: Vaporeon|Vaporeon, L50, F|100\/100\n|move|p1b: Talonflame|Tailwind|p1b: Talonflame\n|-sidestart|p1: Cm5|move: Tailwind\n|move|p1a: Hydreigon|Heat Wave|p2a: Vaporeon|[spread] p2a\n|-miss|p1a: Hydreigon|p2b: Sylveon\n|-resisted|p2a: Vaporeon\n|-crit|p2a: Vaporeon\n|-damage|p2a: Vaporeon|81\/100\n|move|p2b: Sylveon|Hyper Voice|p1b: Talonflame|[spread] p1a,p1b\n|-resisted|p1a: Hydreigon\n|-resisted|p1b: Talonflame\n|-damage|p1a: Hydreigon|32\/100\n|-damage|p1b: Talonflame|57\/100\n|\n|upkeep\n|turn|5\n|\n|t:|1682381818\n|move|p2b: Sylveon|Protect|p2b: Sylveon\n|-singleturn|p2b: Sylveon|Protect\n|move|p1b: Talonflame|Taunt|p2a: Vaporeon\n|-start|p2a: Vaporeon|move: Taunt\n|move|p1a: Hydreigon|Heat Wave|p2b: Sylveon|[spread] p2a\n|-activate|p2b: Sylveon|move: Protect\n|-resisted|p2a: Vaporeon\n|-damage|p2a: Vaporeon|67\/100\n|move|p2a: Vaporeon|Muddy Water|p1b: Talonflame|[spread] p1a,p1b\n|-supereffective|p1a: Hydreigon\n|-supereffective|p1b: Talonflame\n|-damage|p1a: Hydreigon|0 fnt\n|-damage|p1b: Talonflame|0 fnt\n|faint|p1a: Hydreigon\n|faint|p1b: Talonflame\n|\n|upkeep\n|\n|t:|1682381830\n|switch|p1b: Wo-Chien|Wo-Chien, L50|100\/100\n|-ability|p1b: Wo-Chien|Tablets of Ruin\n|turn|6\n|-message|Cm5 forfeited.\n|\n|win|Icefanngs\n|raw|Cm5's rating: 1084 → 1061<\/strong> (-23 for losing)\n|raw|Icefanngs's rating: 1071 → 1101<\/strong> (+30 for winning)\n|l|\u2606Cm5\n","uploadtime":1682381845,"views":5,"p1id":"cm5","p2id":"icefanngs","formatid":"gen9vgc2023regulationc","rating":1061,"private":0,"password":""}