{"id":"gen9vgc2023regulationc-1861742224","p1":"haha you rage quit","p2":"GrifoneFolleVGC","format":"[Gen 9] VGC 2023 Regulation C","log":"|j|\u2606haha you rage quit\n|j|\u2606GrifoneFolleVGC\n|t:|1683803058\n|gametype|doubles\n|player|p1|haha you rage quit|pokemaniac|1289\n|player|p2|GrifoneFolleVGC|cynthia-gen4|1306\n|teamsize|p1|6\n|teamsize|p2|6\n|gen|9\n|tier|[Gen 9] VGC 2023 Regulation C\n|rated|\n|rule|Species Clause: Limit one of each Pok\u00e9mon\n|rule|Item Clause: Limit one of each item\n|clearpoke\n|poke|p1|Murkrow, L50, M|\n|poke|p1|Great Tusk, L50|\n|poke|p1|Flutter Mane, L50|\n|poke|p1|Jumpluff, L50, M|\n|poke|p1|Torkoal, L50, M|\n|poke|p1|Kingambit, L50, M|\n|poke|p2|Flutter Mane, L50|\n|poke|p2|Chi-Yu, L50|\n|poke|p2|Amoonguss, L50, M|\n|poke|p2|Iron Bundle, L50|\n|poke|p2|Gyarados, L50, M|\n|poke|p2|Iron Hands, L50|\n|teampreview|4\n|inactive|Battle timer is ON: inactive players will automatically lose when time's up. (requested by haha you rage quit)\nGrifoneFolleVGC has agreed to open team sheets.\n|\n|t:|1683803081\n|start\n|switch|p1a: Torkoal|Torkoal, L50, M|100\/100\n|switch|p1b: Jumpluff|Jumpluff, L50, M|100\/100\n|switch|p2a: Iron Hands|Iron Hands, L50|100\/100\n|switch|p2b: Iron Bundle|Iron Bundle, L50|100\/100\n|-weather|SunnyDay|[from] ability: Drought|[of] p1a: Torkoal\n|-enditem|p2b: Iron Bundle|Booster Energy\n|-activate|p2b: Iron Bundle|ability: Quark Drive|[fromitem]\n|-start|p2b: Iron Bundle|quarkdrivespe\n|turn|1\n|inactive|GrifoneFolleVGC has 30 seconds left.\n|\n|t:|1683803116\n|move|p1a: Torkoal|Protect|p1a: Torkoal\n|-singleturn|p1a: Torkoal|Protect\n|move|p2a: Iron Hands|Fake Out|p1b: Jumpluff\n|-damage|p1b: Jumpluff|82\/100\n|move|p2b: Iron Bundle|Icy Wind|p1b: Jumpluff|[spread] p1b\n|-activate|p1a: Torkoal|move: Protect\n|-supereffective|p1b: Jumpluff\n|-damage|p1b: Jumpluff|3\/100\n|move|p1b: Jumpluff|Sleep Powder|p2b: Iron Bundle\n|-status|p2b: Iron Bundle|slp|[from] move: Sleep Powder\n|\n|-weather|SunnyDay|[upkeep]\n|upkeep\n|turn|2\n|\n|t:|1683803136\n|cant|p2b: Iron Bundle|slp\n|move|p1b: Jumpluff|Strength Sap|p2a: Iron Hands\n|-unboost|p2a: Iron Hands|atk|1\n|-heal|p1b: Jumpluff|100\/100\n|move|p2a: Iron Hands|Wild Charge|p1b: Jumpluff\n|-damage|p1b: Jumpluff|63\/100\n|-damage|p2a: Iron Hands|93\/100|[from] Recoil\n|move|p1a: Torkoal|Overheat|p2b: Iron Bundle\n|-damage|p2b: Iron Bundle|0 fnt\n|-unboost|p1a: Torkoal|spa|2\n|-enditem|p1a: Torkoal|Eject Pack\n|faint|p2b: Iron Bundle\n|-end|p2b: Iron Bundle|Quark Drive|[silent]\n|\n|t:|1683803157\n|switch|p1a: Great Tusk|Great Tusk, L50, shiny|100\/100\n|-activate|p1a: Great Tusk|ability: Protosynthesis\n|-start|p1a: Great Tusk|protosynthesisatk\n|\n|-weather|SunnyDay|[upkeep]\n|upkeep\n|\n|t:|1683803161\n|switch|p2b: Amoonguss|Amoonguss, L50, M|100\/100\n|turn|3\n|\n|t:|1683803183\n|-end|p2a: Iron Hands|Quark Drive|[silent]\n|switch|p2a: Chi-Yu|Chi-Yu, L50|100\/100\n|-ability|p2a: Chi-Yu|Beads of Ruin\n|move|p1a: Great Tusk|Protect|p1a: Great Tusk\n|-singleturn|p1a: Great Tusk|Protect\n|move|p1b: Jumpluff|Sleep Powder|p2a: Chi-Yu\n|-status|p2a: Chi-Yu|slp|[from] move: Sleep Powder\n|move|p2b: Amoonguss|Spore|p1a: Great Tusk\n|-activate|p1a: Great Tusk|move: Protect\n|\n|-weather|SunnyDay|[upkeep]\n|upkeep\n|turn|4\n|inactive|haha you rage quit has 30 seconds left.\n|inactive|GrifoneFolleVGC has 30 seconds left.\n|inactive|GrifoneFolleVGC has 20 seconds left.\n|\n|t:|1683803221\n|cant|p2a: Chi-Yu|slp\n|move|p1b: Jumpluff|Tailwind|p1b: Jumpluff\n|-sidestart|p1: haha you rage quit|move: Tailwind\n|move|p1a: Great Tusk|Headlong Rush|p2a: Chi-Yu\n|-supereffective|p2a: Chi-Yu\n|-enditem|p2a: Chi-Yu|Focus Sash\n|-damage|p2a: Chi-Yu|1\/100 slp\n|-unboost|p1a: Great Tusk|def|1\n|-unboost|p1a: Great Tusk|spd|1\n|move|p2b: Amoonguss|Spore|p1a: Great Tusk\n|-status|p1a: Great Tusk|slp|[from] move: Spore\n|\n|-weather|SunnyDay|[upkeep]\n|upkeep\n|turn|5\n|inactive|haha you rage quit has 30 seconds left.\n|inactive|haha you rage quit has 20 seconds left.\n|inactive|haha you rage quit has 15 seconds left.\n|inactive|haha you rage quit has 10 seconds left.\n|\n|t:|1683803269\n|-end|p1a: Great Tusk|Protosynthesis|[silent]\n|switch|p1a: Flutter Mane|Flutter Mane, L50, shiny|100\/100\n|-activate|p1a: Flutter Mane|ability: Protosynthesis\n|-start|p1a: Flutter Mane|protosynthesisspa\n|move|p1b: Jumpluff|Strength Sap|p2a: Chi-Yu\n|-unboost|p2a: Chi-Yu|atk|1\n|-heal|p1b: Jumpluff|100\/100\n|cant|p2a: Chi-Yu|slp\n|move|p2b: Amoonguss|Pollen Puff|p2a: Chi-Yu\n|-heal|p2a: Chi-Yu|51\/100 slp\n|\n|-weather|none\n|-end|p1a: Flutter Mane|Protosynthesis\n|upkeep\n|turn|6\n|inactive|haha you rage quit has 30 seconds left.\n|\n|t:|1683803296\n|cant|p2a: Chi-Yu|slp\n|move|p1a: Flutter Mane|Dazzling Gleam|p2b: Amoonguss|[spread] p2a,p2b\n|-resisted|p2b: Amoonguss\n|-damage|p2a: Chi-Yu|3\/100 slp\n|-damage|p2b: Amoonguss|76\/100\n|-damage|p1a: Flutter Mane|91\/100|[from] item: Life Orb\n|move|p1b: Jumpluff|Encore|p2b: Amoonguss\n|-start|p2b: Amoonguss|Encore\n|move|p2b: Amoonguss|Pollen Puff|p1b: Jumpluff\n|-damage|p1b: Jumpluff|77\/100\n|\n|upkeep\n|turn|7\n|\n|t:|1683803319\n|switch|p2b: Iron Hands|Iron Hands, L50|93\/100\n|-curestatus|p2a: Chi-Yu|slp|[msg]\n|move|p2a: Chi-Yu|Protect|p2a: Chi-Yu\n|-singleturn|p2a: Chi-Yu|Protect\n|move|p1a: Flutter Mane|Dazzling Gleam|p2a: Chi-Yu|[spread] p2b\n|-activate|p2a: Chi-Yu|move: Protect\n|-supereffective|p2b: Iron Hands\n|-damage|p2b: Iron Hands|27\/100\n|-damage|p1a: Flutter Mane|81\/100|[from] item: Life Orb\n|move|p1b: Jumpluff|Sleep Powder|p2a: Chi-Yu\n|-activate|p2a: Chi-Yu|move: Protect\n|\n|-sideend|p1: haha you rage quit|move: Tailwind\n|upkeep\n|turn|8\n|inactive|haha you rage quit has 30 seconds left.\n|inactive|GrifoneFolleVGC has 30 seconds left.\n|inactive|haha you rage quit has 20 seconds left.\n|\n|t:|1683803356\n|switch|p2a: Amoonguss|Amoonguss, L50, M|100\/100\n|-terastallize|p1a: Flutter Mane|Water\n|move|p2b: Iron Hands|Fake Out|p1a: Flutter Mane\n|-damage|p1a: Flutter Mane|47\/100\n|cant|p1a: Flutter Mane|flinch\n|move|p1b: Jumpluff|Sleep Powder|p2a: Amoonguss\n|-immune|p2a: Amoonguss\n|\n|upkeep\n|turn|9\n|inactive|GrifoneFolleVGC has 30 seconds left.\n|\n|t:|1683803384\n|move|p1a: Flutter Mane|Dazzling Gleam|p2b: Iron Hands|[spread] p2a,p2b\n|-resisted|p2a: Amoonguss\n|-supereffective|p2b: Iron Hands\n|-damage|p2a: Amoonguss|81\/100\n|-damage|p2b: Iron Hands|0 fnt\n|faint|p2b: Iron Hands\n|-end|p2b: Iron Hands|Quark Drive|[silent]\n|-damage|p1a: Flutter Mane|37\/100|[from] item: Life Orb\n|move|p1b: Jumpluff|Strength Sap|p2a: Amoonguss\n|-unboost|p2a: Amoonguss|atk|1\n|-heal|p1b: Jumpluff|100\/100\n|move|p2a: Amoonguss|Spore|p1a: Flutter Mane\n|-status|p1a: Flutter Mane|slp|[from] move: Spore\n|\n|upkeep\n|\n|t:|1683803394\n|switch|p2b: Chi-Yu|Chi-Yu, L50|3\/100\n|-ability|p2b: Chi-Yu|Beads of Ruin\n|turn|10\n|\n|t:|1683803405\n|switch|p1b: Torkoal|Torkoal, L50, M|100\/100\n|-weather|SunnyDay|[from] ability: Drought|[of] p1b: Torkoal\n|-activate|p1a: Flutter Mane|ability: Protosynthesis\n|-start|p1a: Flutter Mane|protosynthesisspa\n|cant|p1a: Flutter Mane|slp\n|move|p2b: Chi-Yu|Nasty Plot|p2b: Chi-Yu\n|-boost|p2b: Chi-Yu|spa|2\n|move|p2a: Amoonguss|Pollen Puff|p2b: Chi-Yu\n|-heal|p2b: Chi-Yu|53\/100\n|\n|-weather|SunnyDay|[upkeep]\n|upkeep\n|turn|11\n|\n|t:|1683803425\n|-terastallize|p2a: Amoonguss|Water\n|cant|p1a: Flutter Mane|slp\n|move|p2a: Amoonguss|Rage Powder|p2a: Amoonguss\n|-singleturn|p2a: Amoonguss|move: Rage Powder\n|move|p2b: Chi-Yu|Heat Wave|p1b: Torkoal|[spread] p1a,p1b\n|-resisted|p1a: Flutter Mane\n|-resisted|p1b: Torkoal\n|-damage|p1a: Flutter Mane|0 fnt\n|-damage|p1b: Torkoal|12\/100\n|faint|p1a: Flutter Mane\n|-end|p1a: Flutter Mane|Protosynthesis|[silent]\n|move|p1b: Torkoal|Overheat|p2a: Amoonguss\n|-resisted|p2a: Amoonguss\n|-damage|p2a: Amoonguss|30\/100\n|-unboost|p1b: Torkoal|spa|2\n|\n|-weather|SunnyDay|[upkeep]\n|upkeep\n|\n|t:|1683803441\n|switch|p1a: Jumpluff|Jumpluff, L50, M|100\/100\n|turn|12\n|\n|t:|1683803453\n|move|p1a: Jumpluff|Tailwind|p1a: Jumpluff\n|-sidestart|p1: haha you rage quit|move: Tailwind\n|move|p2b: Chi-Yu|Heat Wave|p1a: Jumpluff|[spread] p1a,p1b\n|-supereffective|p1a: Jumpluff\n|-resisted|p1b: Torkoal\n|-damage|p1a: Jumpluff|0 fnt\n|-damage|p1b: Torkoal|0 fnt\n|faint|p1a: Jumpluff\n|faint|p1b: Torkoal\n|move|p2a: Amoonguss|Pollen Puff|p2b: Chi-Yu\n|-heal|p2b: Chi-Yu|100\/100\n|\n|-weather|SunnyDay|[upkeep]\n|upkeep\n|\n|t:|1683803464\n|switch|p1a: Great Tusk|Great Tusk, L50, shiny|100\/100 slp\n|-activate|p1a: Great Tusk|ability: Protosynthesis\n|-start|p1a: Great Tusk|protosynthesisatk\n|turn|13\n|-message|haha you rage quit forfeited.\n|\n|win|GrifoneFolleVGC\n|raw|haha you rage quit's rating: 1289 → 1265<\/strong> (-24 for losing)\n|raw|GrifoneFolleVGC's rating: 1306 → 1325<\/strong> (+19 for winning)\n|l|\u2606haha you rage quit\n","uploadtime":1683803477,"views":17,"p1id":"hahayouragequit","p2id":"grifonefollevgc","formatid":"gen9vgc2023regulationc","rating":1265,"private":0,"password":""}