{"id":"gen9vgc2023regulationc-1859963864","p1":"ZenN16","p2":"House of toga","format":"[Gen 9] VGC 2023 Regulation C","log":"|j|\u2606ZenN16\n|j|\u2606House of toga\n|t:|1683579916\n|gametype|doubles\n|player|p1|ZenN16|chuck|\n|player|p2|House of toga|2|\n|teamsize|p1|6\n|teamsize|p2|6\n|gen|9\n|tier|[Gen 9] VGC 2023 Regulation C\n|rule|Species Clause: Limit one of each Pok\u00e9mon\n|rule|Item Clause: Limit one of each item\n|clearpoke\n|poke|p1|Tinkatink, L5, F|\n|poke|p1|Grimer, L5, F|\n|poke|p1|Shroomish, L5, M|\n|poke|p1|Mareep, L5, M|\n|poke|p1|Tadbulb, L5, F|\n|poke|p1|Flabe\u0301be\u0301-Blue, L5, F|\n|poke|p2|Misdreavus, L5, F|\n|poke|p2|Psyduck, L5, F|\n|poke|p2|Hatenna, L5, F|\n|poke|p2|Clauncher, L5, F|\n|poke|p2|Noibat, L5, M|\n|poke|p2|Bounsweet, L5, F|\n|teampreview|4\n|j| mharidain\n|j| haydyg\n|c| haydyg|glghlhjg\n|j| Cerpin T\n|c| Cerpin T|aeiou\n|c|\u2606House of toga|lets go\n|j| tap water gang\n|\n|t:|1683580045\n|start\n|switch|p1a: SadBoy|Shroomish, L5, M|100\/100\n|switch|p1b: Mutton|Mareep, L5, M|100\/100\n|switch|p2a: Post Malone|Noibat, L5, M|100\/100\n|switch|p2b: Ariana Grande|Hatenna, L5, F|100\/100\n|turn|1\n|c| tap water gang|Sry just out walking dog\n|\n|t:|1683580074\n|move|p2a: Post Malone|Heat Wave|p1b: Mutton|[spread] p1a,p1b\n|-supereffective|p1a: SadBoy\n|-damage|p1a: SadBoy|57\/100\n|-damage|p1b: Mutton|78\/100\n|move|p1a: SadBoy|Rain Dance|p1a: SadBoy\n|-weather|RainDance\n|move|p1b: Mutton|Cotton Guard|p1b: Mutton\n|-boost|p1b: Mutton|def|3\n|move|p2b: Ariana Grande|Mystical Fire|p1a: SadBoy\n|-supereffective|p1a: SadBoy\n|-damage|p1a: SadBoy|22\/100\n|-unboost|p1a: SadBoy|spa|1\n|-damage|p2b: Ariana Grande|92\/100|[from] item: Life Orb\n|\n|-weather|RainDance|[upkeep]\n|upkeep\n|turn|2\n|c| tap water gang|He's going to spore the hat\n|c| Cerpin T|*sporeless*\n|\n|t:|1683580106\n|move|p2a: Post Malone|Tailwind|p2a: Post Malone\n|-sidestart|p2: House of toga|move: Tailwind\n|move|p2b: Ariana Grande|Mystical Fire|p1a: SadBoy\n|-supereffective|p1a: SadBoy\n|-damage|p1a: SadBoy|0 fnt\n|faint|p1a: SadBoy\n|-damage|p2b: Ariana Grande|83\/100|[from] item: Life Orb\n|move|p1b: Mutton|Thunder|p2a: Post Malone\n|-damage|p2a: Post Malone|5\/100\n|\n|-weather|RainDance|[upkeep]\n|upkeep\n|c| haydyg|Well well well, if it isn't Mr Will Wright\n|c| haydyg|And his Spore\n|\n|t:|1683580121\n|switch|p1a: FrogBaby|Tadbulb, L5, F|100\/100\n|turn|3\n|\n|t:|1683580142\n|switch|p2a: Michael Buble|Clauncher, L5, F|100\/100\n|move|p2b: Ariana Grande|Psychic|p1b: Mutton\n|-damage|p1b: Mutton|0 fnt\n|faint|p1b: Mutton\n|-damage|p2b: Ariana Grande|74\/100|[from] item: Life Orb\n|move|p1a: FrogBaby|Thunderbolt|p2a: Michael Buble\n|-supereffective|p2a: Michael Buble\n|-enditem|p2a: Michael Buble|Focus Sash\n|-damage|p2a: Michael Buble|5\/100\n|\n|-weather|RainDance|[upkeep]\n|upkeep\n|\n|t:|1683580153\n|switch|p1b: Flower-girl|Flabe\u0301be\u0301-Blue, L5, F|100\/100\n|turn|4\n|j| Spageddy69\n|\n|t:|1683580173\n|move|p2a: Michael Buble|Flash Cannon|p1b: Flower-girl\n|-supereffective|p1b: Flower-girl\n|-damage|p1b: Flower-girl|31\/100\n|-unboost|p1b: Flower-girl|spd|1\n|move|p2b: Ariana Grande|Psychic|p1a: FrogBaby\n|-damage|p1a: FrogBaby|21\/100\n|-enditem|p1a: FrogBaby|Salac Berry|[eat]\n|-boost|p1a: FrogBaby|spe|1|[from] item: Salac Berry\n|-damage|p2b: Ariana Grande|66\/100|[from] item: Life Orb\n|move|p1a: FrogBaby|Thunderbolt|p2a: Michael Buble\n|-supereffective|p2a: Michael Buble\n|-damage|p2a: Michael Buble|0 fnt\n|faint|p2a: Michael Buble\n|move|p1b: Flower-girl|Dazzling Gleam|p2b: Ariana Grande\n|-damage|p2b: Ariana Grande|14\/100\n|\n|-weather|RainDance|[upkeep]\n|upkeep\n|l| tap water gang\n|\n|t:|1683580197\n|switch|p2a: Post Malone|Noibat, L5, M|5\/100\n|turn|5\n|\n|t:|1683580223\n|move|p1a: FrogBaby|Protect|p1a: FrogBaby\n|-singleturn|p1a: FrogBaby|Protect\n|move|p2a: Post Malone|Heat Wave|p1b: Flower-girl|[spread] \n|-activate|p1a: FrogBaby|move: Protect\n|-miss|p2a: Post Malone|p1b: Flower-girl\n|move|p2b: Ariana Grande|Dazzling Gleam|p1a: FrogBaby|[spread] p1b\n|-activate|p1a: FrogBaby|move: Protect\n|-damage|p1b: Flower-girl|0 fnt\n|faint|p1b: Flower-girl\n|-damage|p2b: Ariana Grande|5\/100|[from] item: Life Orb\n|\n|-weather|none\n|-sideend|p2: House of toga|move: Tailwind\n|upkeep\n|turn|6\n|\n|t:|1683580251\n|move|p1a: FrogBaby|Thunderbolt|p2a: Post Malone\n|-damage|p2a: Post Malone|0 fnt\n|faint|p2a: Post Malone\n|move|p2b: Ariana Grande|Psychic|p1a: FrogBaby\n|-damage|p1a: FrogBaby|0 fnt\n|faint|p1a: FrogBaby\n|-damage|p2b: Ariana Grande|0 fnt|[from] item: Life Orb\n|faint|p2b: Ariana Grande\n|\n|win|House of toga\n|c| haydyg|gggg\n|c|\u2606ZenN16|GG\n|c| Spageddy69|Gg\n|c|\u2606House of toga|GG\n|c| Cerpin T|gg wp\n|l|\u2606ZenN16\n|l| Spageddy69\n|l|\u2606House of toga\n","uploadtime":1683580436,"views":12,"p1id":"zenn16","p2id":"houseoftoga","formatid":"gen9vgc2023regulationc","rating":0,"private":0,"password":""}