{"id":"gen9vgc2023regulationc-1862882854","p1":"tomciv20","p2":"lethalpilot","format":"[Gen 9] VGC 2023 Regulation C","log":"|j|\u2606tomciv20\n|j|\u2606lethalpilot\n|t:|1683933359\n|gametype|doubles\n|player|p1|tomciv20|101|\n|player|p2|lethalpilot|swimmer-gen4|\n|teamsize|p1|6\n|teamsize|p2|6\n|gen|9\n|tier|[Gen 9] VGC 2023 Regulation C\n|rule|Species Clause: Limit one of each Pok\u00e9mon\n|rule|Item Clause: Limit one of each item\n|clearpoke\n|poke|p1|Pachirisu, L50, M|\n|poke|p1|Cloyster, L50, M|\n|poke|p1|Flamigo, L50, F|\n|poke|p1|Garganacl, L50, M|\n|poke|p1|Toxicroak, L50, M|\n|poke|p1|Oranguru, L50, F|\n|poke|p2|Amoonguss, L50, M|\n|poke|p2|Vivillon-Icy Snow, L50, M|\n|poke|p2|Espeon, L50, M|\n|poke|p2|Hawlucha, L50, M|\n|poke|p2|Arcanine, L50, M|\n|poke|p2|Salamence, L50, M|\n|teampreview|4\n|j| SuperToad916\n|inactive|Battle timer is ON: inactive players will automatically lose when time's up. (requested by tomciv20)\n|\n|t:|1683933387\n|start\n|switch|p1a: Garganacl|Garganacl, L50, M|100\/100\n|switch|p1b: Oranguru|Oranguru, L50, F|100\/100\n|switch|p2a: Minority|Vivillon-Icy Snow, L50, M|100\/100\n|switch|p2b: AMONG US|Amoonguss, L50, M|100\/100\n|turn|1\n|c| SuperToad916|crogunk plz\n|j| JJ22FTW\n|c| SuperToad916|sorry toxicroak\n|inactive|lethalpilot has 30 seconds left.\n|\n|t:|1683933417\n|-terastallize|p2a: Minority|Steel\n|move|p2a: Minority|Sleep Powder|p1b: Oranguru\n|-activate|p1b: Oranguru|item: Safety Goggles|Sleep Powder\n|move|p1b: Oranguru|Psychic|p2b: AMONG US\n|-supereffective|p2b: AMONG US\n|-damage|p2b: AMONG US|46\/100\n|move|p1a: Garganacl|Salt Cure|p2a: Minority\n|-resisted|p2a: Minority\n|-damage|p2a: Minority|89\/100\n|-start|p2a: Minority|Salt Cure\n|move|p2b: AMONG US|Spore|p1a: Garganacl\n|-immune|p1a: Garganacl|[from] ability: Purifying Salt\n|\n|-heal|p2a: Minority|95\/100|[from] item: Leftovers\n|-damage|p2a: Minority|70\/100|[from] Salt Cure\n|upkeep\n|turn|2\n|inactive|tomciv20 has 30 seconds left.\n|inactive|lethalpilot has 30 seconds left.\n|inactive|lethalpilot has 20 seconds left.\n|inactive|lethalpilot has 15 seconds left.\n|inactive|lethalpilot has 10 seconds left.\n|\n|t:|1683933465\n|move|p2b: AMONG US|Rage Powder|p2b: AMONG US\n|-singleturn|p2b: AMONG US|move: Rage Powder\n|move|p2a: Minority|Hurricane|p1b: Oranguru\n|-damage|p1b: Oranguru|64\/100\n|move|p1b: Oranguru|Psychic|p2b: AMONG US\n|-supereffective|p2b: AMONG US\n|-damage|p2b: AMONG US|0 fnt\n|faint|p2b: AMONG US\n|move|p1a: Garganacl|Salt Cure|p2a: Minority\n|-resisted|p2a: Minority\n|-damage|p2a: Minority|59\/100\n|\n|-heal|p2a: Minority|64\/100|[from] item: Leftovers\n|-damage|p2a: Minority|40\/100|[from] Salt Cure\n|upkeep\n|\n|t:|1683933483\n|switch|p2b: I Like Feet|Salamence, L50, M|100\/100\n|-ability|p2b: I Like Feet|Intimidate|boost\n|-unboost|p1a: Garganacl|atk|1\n|-fail|p1b: Oranguru|unboost|Attack|[from] ability: Inner Focus|[of] p1b: Oranguru\n|turn|3\n|\n|t:|1683933498\n|move|p2a: Minority|Substitute|p2a: Minority\n|-start|p2a: Minority|Substitute\n|-damage|p2a: Minority|15\/100\n|move|p2b: I Like Feet|Hydro Pump|p1a: Garganacl\n|-supereffective|p1a: Garganacl\n|-damage|p1a: Garganacl|63\/100\n|move|p1b: Oranguru|Foul Play|p2b: I Like Feet\n|-damage|p2b: I Like Feet|80\/100\n|move|p1a: Garganacl|Avalanche|p2b: I Like Feet\n|-supereffective|p2b: I Like Feet\n|-damage|p2b: I Like Feet|19\/100\n|-enditem|p2b: I Like Feet|Iapapa Berry|[eat]\n|-heal|p2b: I Like Feet|52\/100|[from] item: Iapapa Berry\n|\n|-heal|p2a: Minority|21\/100|[from] item: Leftovers\n|-heal|p1a: Garganacl|69\/100|[from] item: Leftovers\n|-damage|p2a: Minority|0 fnt|[from] Salt Cure\n|faint|p2a: Minority\n|upkeep\n|\n|t:|1683933515\n|switch|p2a: Joey Ditavi|Arcanine, L50, M|100\/100\n|-ability|p2a: Joey Ditavi|Intimidate|boost\n|-unboost|p1a: Garganacl|atk|1\n|-fail|p1b: Oranguru|unboost|Attack|[from] ability: Inner Focus|[of] p1b: Oranguru\n|turn|4\n|c| JJ22FTW|joey and baylie got this'\n|\n|t:|1683933540\n|switch|p1a: Toxicroak|Toxicroak, L50, M|100\/100\n|move|p2a: Joey Ditavi|Flare Blitz|p1b: Oranguru\n|-damage|p1b: Oranguru|13\/100\n|-damage|p2a: Joey Ditavi|84\/100|[from] Recoil\n|move|p2b: I Like Feet|Roost|p2b: I Like Feet\n|-heal|p2b: I Like Feet|100\/100\n|-singleturn|p2b: I Like Feet|move: Roost\n|move|p1b: Oranguru|Psychic|p2b: I Like Feet\n|-damage|p2b: I Like Feet|60\/100\n|\n|upkeep\n|turn|5\n|c| SuperToad916|OMG\n|c| SuperToad916|TOXICROAK\n|c| JJ22FTW|lets go\n|inactive|tomciv20 has 30 seconds left.\n|\n|t:|1683933570\n|move|p1a: Toxicroak|Fake Out|p2a: Joey Ditavi\n|-damage|p2a: Joey Ditavi|68\/100\n|cant|p2a: Joey Ditavi|flinch\n|move|p2b: I Like Feet|Roost|p2b: I Like Feet\n|-heal|p2b: I Like Feet|100\/100\n|-singleturn|p2b: I Like Feet|move: Roost\n|move|p1b: Oranguru|Foul Play|p2a: Joey Ditavi\n|-damage|p2a: Joey Ditavi|30\/100\n|\n|upkeep\n|turn|6\n|inactive|lethalpilot has 30 seconds left.\n|\n|t:|1683933596\n|move|p2a: Joey Ditavi|Extreme Speed|p1b: Oranguru\n|-damage|p1b: Oranguru|0 fnt\n|faint|p1b: Oranguru\n|move|p1a: Toxicroak|Sucker Punch||[still]\n|-fail|p1a: Toxicroak\n|move|p2b: I Like Feet|Stone Edge|p1a: Toxicroak|[miss]\n|-miss|p2b: I Like Feet|p1a: Toxicroak\n|\n|upkeep\n|\n|t:|1683933611\n|switch|p1b: Garganacl|Garganacl, L50, M|69\/100\n|turn|7\n|\n|t:|1683933634\n|move|p2a: Joey Ditavi|Extreme Speed|p1b: Garganacl\n|-resisted|p1b: Garganacl\n|-damage|p1b: Garganacl|61\/100\n|move|p1a: Toxicroak|Gunk Shot|p2a: Joey Ditavi|[miss]\n|-miss|p1a: Toxicroak|p2a: Joey Ditavi\n|move|p2b: I Like Feet|Hydro Pump|p1b: Garganacl\n|-supereffective|p1b: Garganacl\n|-damage|p1b: Garganacl|19\/100\n|move|p1b: Garganacl|Avalanche|p2b: I Like Feet\n|-supereffective|p2b: I Like Feet\n|-damage|p2b: I Like Feet|9\/100\n|\n|-heal|p1b: Garganacl|25\/100|[from] item: Leftovers\n|upkeep\n|turn|8\n|\n|t:|1683933658\n|move|p2a: Joey Ditavi|Protect|p2a: Joey Ditavi\n|-singleturn|p2a: Joey Ditavi|Protect\n|move|p1a: Toxicroak|Gunk Shot|p2a: Joey Ditavi\n|-activate|p2a: Joey Ditavi|move: Protect\n|move|p2b: I Like Feet|Roost|p2b: I Like Feet\n|-heal|p2b: I Like Feet|59\/100\n|-singleturn|p2b: I Like Feet|move: Roost\n|move|p1b: Garganacl|Recover|p1b: Garganacl\n|-heal|p1b: Garganacl|75\/100\n|\n|-heal|p1b: Garganacl|81\/100|[from] item: Leftovers\n|upkeep\n|turn|9\n|inactive|tomciv20 has 30 seconds left.\n|inactive|lethalpilot has 30 seconds left.\n|\n|t:|1683933688\n|-terastallize|p1b: Garganacl|Water\n|move|p2a: Joey Ditavi|Flare Blitz|p1a: Toxicroak\n|-enditem|p1a: Toxicroak|Focus Sash\n|-damage|p1a: Toxicroak|1\/100\n|-damage|p2a: Joey Ditavi|0 fnt|[from] Recoil\n|faint|p2a: Joey Ditavi\n|move|p1a: Toxicroak|Gunk Shot|p2b: I Like Feet|[miss]\n|-miss|p1a: Toxicroak|p2b: I Like Feet\n|move|p2b: I Like Feet|Stone Edge|p1a: Toxicroak\n|-resisted|p1a: Toxicroak\n|-crit|p1a: Toxicroak\n|-damage|p1a: Toxicroak|0 fnt\n|faint|p1a: Toxicroak\n|move|p1b: Garganacl|Salt Cure|p2b: I Like Feet\n|-supereffective|p2b: I Like Feet\n|-damage|p2b: I Like Feet|33\/100\n|-start|p2b: I Like Feet|Salt Cure\n|\n|-heal|p1b: Garganacl|87\/100|[from] item: Leftovers\n|-damage|p2b: I Like Feet|20\/100|[from] Salt Cure\n|upkeep\n|\n|t:|1683933706\n|switch|p1a: Flamigo|Flamigo, L50, F|100\/100\n|-copyboost|p1a: Flamigo|p1b: Garganacl|[from] ability: Costar\n|turn|10\n|\n|t:|1683933721\n|move|p1a: Flamigo|Sky Attack||[still]\n|-prepare|p1a: Flamigo|Sky Attack\n|-enditem|p1a: Flamigo|Power Herb\n|-anim|p1a: Flamigo|Sky Attack|p2b: I Like Feet|[miss]\n|-miss|p1a: Flamigo|p2b: I Like Feet\n|move|p2b: I Like Feet|Roost|p2b: I Like Feet\n|-heal|p2b: I Like Feet|70\/100\n|-singleturn|p2b: I Like Feet|move: Roost\n|move|p1b: Garganacl|Avalanche|p2b: I Like Feet\n|-supereffective|p2b: I Like Feet\n|-damage|p2b: I Like Feet|49\/100\n|\n|-heal|p1b: Garganacl|94\/100|[from] item: Leftovers\n|-damage|p2b: I Like Feet|36\/100|[from] Salt Cure\n|upkeep\n|turn|11\n|\n|t:|1683933740\n|move|p1a: Flamigo|Acrobatics|p2b: I Like Feet\n|-crit|p2b: I Like Feet\n|-damage|p2b: I Like Feet|0 fnt\n|faint|p2b: I Like Feet\n|\n|win|tomciv20\n|c| SuperToad916|toxicroak\n|l|\u2606lethalpilot\n","uploadtime":1683933780,"views":12,"p1id":"tomciv20","p2id":"lethalpilot","formatid":"gen9vgc2023regulationc","rating":0,"private":0,"password":""}