{"id":"gen9vgc2023regulationc-1852921686","p1":"TJRaynes","p2":"wDelo","format":"[Gen 9] VGC 2023 Regulation C","log":"|j|\u2606TJRaynes\n|j|\u2606wDelo\n|t:|1682617506\n|gametype|doubles\n|player|p1|TJRaynes|marley|1112\n|player|p2|wDelo|veteran|1112\n|teamsize|p1|6\n|teamsize|p2|6\n|gen|9\n|tier|[Gen 9] VGC 2023 Regulation C\n|rated|\n|rule|Species Clause: Limit one of each Pok\u00e9mon\n|rule|Item Clause: Limit one of each item\n|clearpoke\n|poke|p1|Venomoth, L50, M|\n|poke|p1|Maushold-Four, L50|\n|poke|p1|Lucario, L50, F|\n|poke|p1|Chi-Yu, L50|\n|poke|p1|Amoonguss, L50, F|\n|poke|p1|Iron Jugulis, L50|\n|poke|p2|Volcarona, L50, F|\n|poke|p2|Baxcalibur, L50, M|\n|poke|p2|Kingambit, L50, M|\n|poke|p2|Gyarados, L50, M|\n|poke|p2|Iron Hands, L50|\n|poke|p2|Arboliva, L50, F|\n|teampreview|4\nTJRaynes has agreed to open team sheets.\nwDelo has agreed to open team sheets.\n|\n|t:|1682617558\n|start\n|switch|p1a: Venomoth|Venomoth, L50, M|100\/100\n|switch|p1b: Chi-Yu|Chi-Yu, L50|100\/100\n|switch|p2a: wVolcarona|Volcarona, L50, F|100\/100\n|switch|p2b: wGyarados|Gyarados, L50, M|100\/100\n|-ability|p1b: Chi-Yu|Beads of Ruin\n|-ability|p2b: wGyarados|Intimidate|boost\n|-unboost|p1a: Venomoth|atk|1\n|-unboost|p1b: Chi-Yu|atk|1\n|turn|1\n|\n|t:|1682617616\n|move|p1b: Chi-Yu|Overheat|p2a: wVolcarona\n|-damage|p2a: wVolcarona|0 fnt\n|-unboost|p1b: Chi-Yu|spa|2\n|faint|p2a: wVolcarona\n|move|p1a: Venomoth|Quiver Dance|p1a: Venomoth\n|-boost|p1a: Venomoth|spa|1\n|-boost|p1a: Venomoth|spd|1\n|-boost|p1a: Venomoth|spe|1\n|move|p2b: wGyarados|Taunt|p1a: Venomoth\n|-start|p1a: Venomoth|move: Taunt\n|\n|upkeep\n|\n|t:|1682617634\n|switch|p2a: wBaxcalibur|Baxcalibur, L50, M|100\/100\n|turn|2\n|\n|t:|1682617646\n|switch|p1b: Amoonguss|Amoonguss, L50, F|100\/100\n|move|p2a: wBaxcalibur|Protect|p2a: wBaxcalibur\n|-singleturn|p2a: wBaxcalibur|Protect\n|move|p1a: Venomoth|Sludge Bomb|p2a: wBaxcalibur\n|-activate|p2a: wBaxcalibur|move: Protect\n|move|p2b: wGyarados|Waterfall|p1b: Amoonguss\n|-resisted|p1b: Amoonguss\n|-crit|p1b: Amoonguss\n|-damage|p1b: Amoonguss|72\/100\n|\n|upkeep\n|turn|3\n|\n|t:|1682617682\n|-terastallize|p2a: wBaxcalibur|Poison\n|move|p1a: Venomoth|Sludge Bomb|p2a: wBaxcalibur\n|-resisted|p2a: wBaxcalibur\n|-damage|p2a: wBaxcalibur|74\/100\n|move|p2a: wBaxcalibur|Icicle Spear|p1b: Amoonguss\n|-supereffective|p1b: Amoonguss\n|-damage|p1b: Amoonguss|43\/100\n|-enditem|p1b: Amoonguss|Sitrus Berry|[eat]\n|-heal|p1b: Amoonguss|68\/100|[from] item: Sitrus Berry\n|-supereffective|p1b: Amoonguss\n|-damage|p1b: Amoonguss|37\/100\n|-supereffective|p1b: Amoonguss\n|-damage|p1b: Amoonguss|10\/100\n|-supereffective|p1b: Amoonguss\n|-damage|p1b: Amoonguss|0 fnt\n|faint|p1b: Amoonguss\n|-hitcount|p1: Amoonguss|4\n|move|p2b: wGyarados|Waterfall|p1a: Venomoth\n|-damage|p1a: Venomoth|20\/100\n|\n|upkeep\n|\n|t:|1682617702\n|switch|p1b: Lucario|Lucario, L50, F|100\/100\n|turn|4\n|\n|t:|1682617733\n|move|p1a: Venomoth|Air Slash|p2a: wBaxcalibur\n|-damage|p2a: wBaxcalibur|42\/100\n|move|p1b: Lucario|Thunder Punch|p2b: wGyarados\n|-supereffective|p2b: wGyarados\n|-damage|p2b: wGyarados|0 fnt\n|faint|p2b: wGyarados\n|-damage|p1b: Lucario|91\/100|[from] item: Life Orb\n|move|p2a: wBaxcalibur|Glaive Rush|p1b: Lucario\n|-resisted|p1b: Lucario\n|-damage|p1b: Lucario|33\/100\n|-singlemove|p2a: wBaxcalibur|Glaive Rush|[silent]\n|\n|-end|p1a: Venomoth|move: Taunt\n|upkeep\n|\n|t:|1682617744\n|switch|p2b: wArboliva|Arboliva, L50, F|100\/100\n|turn|5\n|\n|t:|1682617772\n|-terastallize|p1a: Venomoth|Poison\n|move|p2b: wArboliva|Protect|p2b: wArboliva\n|-singleturn|p2b: wArboliva|Protect\n|move|p1a: Venomoth|Sludge Bomb|p2b: wArboliva\n|-activate|p2b: wArboliva|move: Protect\n|move|p1b: Lucario|Thunder Punch|p2a: wBaxcalibur\n|-damage|p2a: wBaxcalibur|0 fnt\n|faint|p2a: wBaxcalibur\n|-damage|p1b: Lucario|24\/100|[from] item: Life Orb\n|\n|upkeep\n|turn|6\n|-message|wDelo forfeited.\n|\n|win|TJRaynes\n|raw|TJRaynes's rating: 1112 → 1137<\/strong> (+25 for winning)\n|raw|wDelo's rating: 1112 → 1087<\/strong> (-25 for losing)\n|l|\u2606wDelo\n","uploadtime":1682617790,"views":4,"p1id":"tjraynes","p2id":"wdelo","formatid":"gen9vgc2023regulationc","rating":1087,"private":0,"password":""}