{"id":"gen9vgc2023regulationc-1859336488","p1":"rickchum","p2":"MegVGC","format":"[Gen 9] VGC 2023 Regulation C","log":"|j|\u2606rickchum\n|j|\u2606MegVGC\n|t:|1683438981\n|gametype|doubles\n|player|p1|rickchum|2|1393\n|player|p2|MegVGC|dawn|1655\n|teamsize|p1|6\n|teamsize|p2|6\n|gen|9\n|tier|[Gen 9] VGC 2023 Regulation C\n|rated|\n|rule|Species Clause: Limit one of each Pok\u00e9mon\n|rule|Item Clause: Limit one of each item\n|clearpoke\n|poke|p1|Iron Treads, L50|\n|poke|p1|Rotom-Wash, L50|\n|poke|p1|Gyarados, L50, M|\n|poke|p1|Dragapult, L50, F|\n|poke|p1|Iron Hands, L50|\n|poke|p1|Armarouge, L50, F|\n|poke|p2|Baxcalibur, L50, F|\n|poke|p2|Sandy Shocks, L50|\n|poke|p2|Azumarill, L50, F|\n|poke|p2|Klefki, L50, F|\n|poke|p2|Annihilape, L50, F|\n|poke|p2|Armarouge, L50, F|\n|teampreview|4\n|inactive|Battle timer is ON: inactive players will automatically lose when time's up. (requested by rickchum)\nMegVGC rejected open team sheets.\n|inactive|rickchum has 60 seconds left.\n|\n|t:|1683439038\n|start\n|switch|p1a: Iron Treads|Iron Treads, L50|100\/100\n|switch|p1b: Iron Hands|Iron Hands, L50|100\/100\n|switch|p2a: Klefki|Klefki, L50, F|100\/100\n|switch|p2b: Annihilape|Annihilape, L50, F|100\/100\n|-enditem|p1a: Iron Treads|Booster Energy\n|-activate|p1a: Iron Treads|ability: Quark Drive|[fromitem]\n|-start|p1a: Iron Treads|quarkdrivespe\n|turn|1\n|inactive|rickchum has 30 seconds left.\n|inactive|rickchum has 20 seconds left.\n|inactive|rickchum has 15 seconds left.\n|\n|t:|1683439079\n|move|p2a: Klefki|Reflect|p2a: Klefki\n|-sidestart|p2: MegVGC|Reflect\n|move|p1a: Iron Treads|Stealth Rock|p2a: Klefki\n|-sidestart|p2: MegVGC|move: Stealth Rock\n|move|p2b: Annihilape|Bulk Up|p2b: Annihilape\n|-boost|p2b: Annihilape|atk|1\n|-boost|p2b: Annihilape|def|1\n|move|p1b: Iron Hands|Iron Head|p2a: Klefki\n|-damage|p2a: Klefki|79\/100\n|\n|upkeep\n|turn|2\n|\n|t:|1683439092\n|move|p2a: Klefki|Light Screen|p2a: Klefki\n|-sidestart|p2: MegVGC|move: Light Screen\n|move|p1a: Iron Treads|Iron Head|p2b: Annihilape\n|-damage|p2b: Annihilape|87\/100\n|cant|p2b: Annihilape|flinch\n|move|p1b: Iron Hands|Iron Head|p2b: Annihilape\n|-damage|p2b: Annihilape|74\/100\n|\n|-heal|p2b: Annihilape|80\/100|[from] item: Leftovers\n|upkeep\n|turn|3\n|inactive|rickchum has 30 seconds left.\n|inactive|rickchum has 20 seconds left.\n|inactive|rickchum has 15 seconds left.\n|\n|t:|1683439135\n|move|p2a: Klefki|Misty Terrain|p2a: Klefki\n|-fieldstart|move: Misty Terrain\n|move|p1a: Iron Treads|Iron Head|p2b: Annihilape\n|-damage|p2b: Annihilape|67\/100\n|cant|p2b: Annihilape|flinch\n|move|p1b: Iron Hands|Wild Charge|p2b: Annihilape\n|-damage|p2b: Annihilape|43\/100\n|-damage|p1b: Iron Hands|95\/100|[from] Recoil\n|\n|-heal|p2b: Annihilape|49\/100|[from] item: Leftovers\n|upkeep\n|turn|4\n|\n|t:|1683439148\n|move|p1a: Iron Treads|Iron Head|p2b: Annihilape\n|-damage|p2b: Annihilape|36\/100\n|cant|p2b: Annihilape|flinch\n|move|p2a: Klefki|Dazzling Gleam|p1b: Iron Hands|[spread] p1a,p1b\n|-resisted|p1a: Iron Treads\n|-supereffective|p1b: Iron Hands\n|-damage|p1a: Iron Treads|93\/100\n|-damage|p1b: Iron Hands|78\/100\n|move|p1b: Iron Hands|Wild Charge|p2b: Annihilape\n|-damage|p2b: Annihilape|13\/100\n|-damage|p1b: Iron Hands|73\/100|[from] Recoil\n|\n|-heal|p2b: Annihilape|18\/100|[from] item: Leftovers\n|upkeep\n|turn|5\n|c|\u2606rickchum|wow.\n|\n|t:|1683439163\n|move|p2b: Annihilape|Protect|p2b: Annihilape\n|-singleturn|p2b: Annihilape|Protect\n|move|p1a: Iron Treads|Iron Head|p2b: Annihilape\n|-activate|p2b: Annihilape|move: Protect\n|move|p2a: Klefki|Dazzling Gleam|p1b: Iron Hands|[spread] p1a,p1b\n|-resisted|p1a: Iron Treads\n|-supereffective|p1b: Iron Hands\n|-damage|p1a: Iron Treads|85\/100\n|-damage|p1b: Iron Hands|52\/100\n|move|p1b: Iron Hands|Wild Charge|p2b: Annihilape\n|-activate|p2b: Annihilape|move: Protect\n|\n|-heal|p2b: Annihilape|24\/100|[from] item: Leftovers\n|upkeep\n|turn|6\n|\n|t:|1683439179\n|move|p1a: Iron Treads|Iron Head|p2b: Annihilape\n|-damage|p2b: Annihilape|11\/100\n|cant|p2b: Annihilape|flinch\n|move|p2a: Klefki|Dazzling Gleam|p1a: Iron Treads|[spread] p1a,p1b\n|-resisted|p1a: Iron Treads\n|-supereffective|p1b: Iron Hands\n|-damage|p1a: Iron Treads|76\/100\n|-damage|p1b: Iron Hands|31\/100\n|move|p1b: Iron Hands|Wild Charge|p2b: Annihilape\n|-damage|p2b: Annihilape|0 fnt\n|faint|p2b: Annihilape\n|-damage|p1b: Iron Hands|29\/100|[from] Recoil\n|\n|upkeep\n|c|\u2606rickchum|wow.\n|\n|t:|1683439194\n|switch|p2b: Sandy Shocks|Sandy Shocks, L50|100\/100\n|-damage|p2b: Sandy Shocks|94\/100|[from] Stealth Rock\n|turn|7\n|\n|t:|1683439200\n|-end|p1b: Iron Hands|Quark Drive|[silent]\n|switch|p1b: Gyarados|Gyarados, L50, M|100\/100\n|-ability|p1b: Gyarados|Intimidate|boost\n|-unboost|p2a: Klefki|atk|1\n|-unboost|p2b: Sandy Shocks|atk|1\n|move|p1a: Iron Treads|Bulldoze|p2a: Klefki|[spread] p2a,p2b\n|-immune|p1b: Gyarados\n|-supereffective|p2a: Klefki\n|-supereffective|p2b: Sandy Shocks\n|-damage|p2a: Klefki|55\/100\n|-damage|p2b: Sandy Shocks|70\/100\n|-unboost|p2a: Klefki|spe|1\n|-unboost|p2b: Sandy Shocks|spe|1\n|move|p2b: Sandy Shocks|Earth Power|p1a: Iron Treads\n|-supereffective|p1a: Iron Treads\n|-damage|p1a: Iron Treads|0 fnt\n|faint|p1a: Iron Treads\n|-end|p1a: Iron Treads|Quark Drive|[silent]\n|move|p2a: Klefki|Dazzling Gleam|p1b: Gyarados\n|-damage|p1b: Gyarados|78\/100\n|\n|-fieldend|Misty Terrain\n|upkeep\n|\n|t:|1683439205\n|switch|p1a: Iron Hands|Iron Hands, L50|29\/100\n|turn|8\n|\n|t:|1683439215\n|-end|p2b: Sandy Shocks|Protosynthesis|[silent]\n|switch|p2b: Baxcalibur|Baxcalibur, L50, F|100\/100\n|-damage|p2b: Baxcalibur|76\/100|[from] Stealth Rock\n|move|p1a: Iron Hands|Fake Out|p2b: Baxcalibur\n|-damage|p2b: Baxcalibur|65\/100\n|move|p1b: Gyarados|Dragon Dance|p1b: Gyarados\n|-boost|p1b: Gyarados|atk|1\n|-boost|p1b: Gyarados|spe|1\n|move|p2a: Klefki|Dazzling Gleam|p1b: Gyarados|[spread] p1a,p1b\n|-supereffective|p1a: Iron Hands\n|-damage|p1a: Iron Hands|12\/100\n|-damage|p1b: Gyarados|62\/100\n|\n|-sideend|p2: MegVGC|Reflect\n|upkeep\n|turn|9\n|\n|t:|1683439232\n|-terastallize|p1b: Gyarados|Flying\n|move|p2a: Klefki|Reflect|p2a: Klefki\n|-sidestart|p2: MegVGC|Reflect\n|move|p1b: Gyarados|Tera Blast|p2b: Baxcalibur\n|-damage|p2b: Baxcalibur|11\/100\n|move|p2b: Baxcalibur|Breaking Swipe|p1b: Gyarados|[spread] p1a,p1b\n|-damage|p1a: Iron Hands|0 fnt\n|-damage|p1b: Gyarados|41\/100\n|-unboost|p1b: Gyarados|atk|1\n|faint|p1a: Iron Hands\n|-end|p1a: Iron Hands|Quark Drive|[silent]\n|\n|-sideend|p2: MegVGC|move: Light Screen\n|upkeep\n|\n|t:|1683439234\n|switch|p1a: Dragapult|Dragapult, L50, F|100\/100\n|turn|10\n|\n|t:|1683439247\n|move|p2b: Baxcalibur|Ice Shard|p1b: Gyarados\n|-supereffective|p1b: Gyarados\n|-damage|p1b: Gyarados|1\/100\n|move|p1a: Dragapult|Dragon Darts|p2b: Baxcalibur\n|-supereffective|p2b: Baxcalibur\n|-damage|p2b: Baxcalibur|0 fnt\n|faint|p2b: Baxcalibur\n|move|p1b: Gyarados|Waterfall|p2a: Klefki\n|-damage|p2a: Klefki|27\/100\n|move|p2a: Klefki|Dazzling Gleam|p1a: Dragapult|[spread] p1a,p1b\n|-supereffective|p1a: Dragapult\n|-damage|p1a: Dragapult|53\/100\n|-damage|p1b: Gyarados|0 fnt\n|faint|p1b: Gyarados\n|\n|upkeep\n|\n|t:|1683439258\n|switch|p2b: Sandy Shocks|Sandy Shocks, L50|70\/100\n|-damage|p2b: Sandy Shocks|64\/100|[from] Stealth Rock\n|turn|11\n|\n|t:|1683439274\n|move|p2a: Klefki|Misty Terrain|p2a: Klefki\n|-fieldstart|move: Misty Terrain\n|move|p1a: Dragapult|Phantom Force||[still]\n|-prepare|p1a: Dragapult|Phantom Force\n|move|p2b: Sandy Shocks|Earth Power|p1a: Dragapult|[miss]\n|-miss|p2b: Sandy Shocks|p1a: Dragapult\n|\n|upkeep\n|turn|12\n|\n|t:|1683439282\n|move|p1a: Dragapult|Phantom Force|p2b: Sandy Shocks|[from]lockedmove\n|-damage|p2b: Sandy Shocks|29\/100\n|move|p2b: Sandy Shocks|Earth Power|p1a: Dragapult\n|-damage|p1a: Dragapult|0 fnt\n|faint|p1a: Dragapult\n|\n|win|MegVGC\n|raw|rickchum's rating: 1393 → 1386<\/strong> (-7 for losing)\n|raw|MegVGC's rating: 1655 → 1662<\/strong> (+7 for winning)\n|c|\u2606rickchum|YOURE 1600\n|c|\u2606rickchum|GGs\n||Ladder isn't responding, score probably updated but might not have (Request timeout).\n|c|\u2606MegVGC|gg\n|l|\u2606rickchum\n|l|\u2606MegVGC\n|j|\u2606MegVGC\n|player|p2|MegVGC|dawn\n","uploadtime":1683439381,"views":13,"p1id":"rickchum","p2id":"megvgc","formatid":"gen9vgc2023regulationc","rating":1386,"private":0,"password":""}