{"id":"gen9vgc2023regulationc-1849174445","p1":"JDN07","p2":"asgheheah","format":"[Gen 9] VGC 2023 Regulation C","log":"|j|\u2606JDN07\n|j|\u2606asgheheah\n|t:|1682168372\n|gametype|doubles\n|player|p1|JDN07|266|1114\n|player|p2|asgheheah|1|1070\n|teamsize|p1|6\n|teamsize|p2|6\n|gen|9\n|tier|[Gen 9] VGC 2023 Regulation C\n|rated|\n|rule|Species Clause: Limit one of each Pok\u00e9mon\n|rule|Item Clause: Limit one of each item\n|clearpoke\n|poke|p1|Ting-Lu, L50|\n|poke|p1|Gholdengo, L50|\n|poke|p1|Garganacl, L50, M|\n|poke|p1|Chien-Pao, L50|\n|poke|p1|Palafin, L50, M|\n|poke|p1|Amoonguss, L50, M|\n|poke|p2|Murkrow, L50, F|\n|poke|p2|Chi-Yu, L50|\n|poke|p2|Flutter Mane, L50|\n|poke|p2|Arcanine, L50, F|\n|poke|p2|Great Tusk, L50|\n|poke|p2|Iron Bundle, L50|\n|teampreview|4\n|inactive|Battle timer is ON: inactive players will automatically lose when time's up. (requested by JDN07)\n|inactive|asgheheah has 60 seconds left.\n|inactive|asgheheah has 30 seconds left.\n|\n|t:|1682168465\n|start\n|switch|p1a: Chien-Pao|Chien-Pao, L50|100\/100\n|switch|p1b: Palafin|Palafin, L50, M|100\/100\n|switch|p2a: pajaro|Murkrow, L50, F, shiny|100\/100\n|switch|p2b: perro|Arcanine, L50, F|100\/100\n|-ability|p1a: Chien-Pao|Sword of Ruin\n|-ability|p2b: perro|Intimidate|boost\n|-unboost|p1a: Chien-Pao|atk|1\n|-unboost|p1b: Palafin|atk|1\n|turn|1\n|inactive|asgheheah has 30 seconds left.\n|inactive|asgheheah has 20 seconds left.\n|\n|t:|1682168501\n|detailschange|p1b: Palafin|Palafin-Hero, L50, M\n|switch|p1b: Ting-Lu|Ting-Lu, L50|100\/100\n|-ability|p1b: Ting-Lu|Vessel of Ruin\n|move|p2a: pajaro|Sunny Day|p2a: pajaro\n|-weather|SunnyDay\n|move|p1a: Chien-Pao|Sacred Sword|p2a: pajaro\n|-damage|p2a: pajaro|65\/100\n|move|p2b: perro|Close Combat|p1b: Ting-Lu\n|-supereffective|p1b: Ting-Lu\n|-damage|p1b: Ting-Lu|40\/100\n|-unboost|p2b: perro|def|1\n|-unboost|p2b: perro|spd|1\n|\n|-weather|SunnyDay|[upkeep]\n|upkeep\n|turn|2\n|inactive|JDN07 has 30 seconds left.\n|\n|t:|1682168527\n|switch|p1b: Gholdengo|Gholdengo, L50|100\/100\n|move|p2a: pajaro|Tailwind|p2a: pajaro\n|-sidestart|p2: asgheheah|move: Tailwind\n|move|p2b: perro|Close Combat|p1b: Gholdengo\n|-immune|p1b: Gholdengo\n|move|p1a: Chien-Pao|Ice Spinner|p2a: pajaro\n|-supereffective|p2a: pajaro\n|-damage|p2a: pajaro|0 fnt\n|faint|p2a: pajaro\n|\n|-weather|SunnyDay|[upkeep]\n|upkeep\n|\n|t:|1682168534\n|switch|p2a: pez|Chi-Yu, L50|100\/100\n|-ability|p2a: pez|Beads of Ruin\n|turn|3\n|\n|t:|1682168546\n|-terastallize|p2a: pez|Fire\n|move|p1b: Gholdengo|Protect|p1b: Gholdengo\n|-singleturn|p1b: Gholdengo|Protect\n|move|p2b: perro|Extreme Speed|p1a: Chien-Pao\n|-damage|p1a: Chien-Pao|65\/100\n|move|p2a: pez|Heat Wave|p1b: Gholdengo|[spread] \n|-activate|p1b: Gholdengo|move: Protect\n|-miss|p2a: pez|p1a: Chien-Pao\n|move|p1a: Chien-Pao|Sacred Sword|p2a: pez\n|-damage|p2a: pez|55\/100\n|\n|-weather|SunnyDay|[upkeep]\n|upkeep\n|turn|4\n|inactive|asgheheah has 30 seconds left.\n|\n|t:|1682168572\n|switch|p2b: mamut|Great Tusk, L50|100\/100\n|-activate|p2b: mamut|ability: Protosynthesis\n|-start|p2b: mamut|protosynthesisatk\n|switch|p1b: Ting-Lu|Ting-Lu, L50|40\/100\n|-ability|p1b: Ting-Lu|Vessel of Ruin\n|move|p1a: Chien-Pao|Sucker Punch|p2a: pez\n|-damage|p2a: pez|4\/100\n|move|p2a: pez|Heat Wave|p1a: Chien-Pao|[spread] p1a,p1b\n|-supereffective|p1a: Chien-Pao\n|-damage|p1a: Chien-Pao|0 fnt\n|-damage|p1b: Ting-Lu|0 fnt\n|faint|p1a: Chien-Pao\n|faint|p1b: Ting-Lu\n|-damage|p2a: pez|0 fnt|[from] item: Life Orb\n|faint|p2a: pez\n|\n|-weather|SunnyDay|[upkeep]\n|upkeep\n|\n|t:|1682168592\n|switch|p1a: Gholdengo|Gholdengo, L50|100\/100\n|switch|p2a: perro|Arcanine, L50, F|100\/100\n|switch|p1b: Palafin|Palafin-Hero, L50, M|100\/100\n|-ability|p2a: perro|Intimidate|boost\n|-unboost|p1a: Gholdengo|atk|1\n|-unboost|p1b: Palafin|atk|1\n|-activate|p1b: Palafin|ability: Zero to Hero\n|turn|5\n|inactive|asgheheah has 30 seconds left.\n|inactive|asgheheah has 20 seconds left.\n|\n|t:|1682168627\n|move|p1a: Gholdengo|Protect|p1a: Gholdengo\n|-singleturn|p1a: Gholdengo|Protect\n|move|p1b: Palafin|Protect|p1b: Palafin\n|-singleturn|p1b: Palafin|Protect\n|move|p2b: mamut|Headlong Rush|p1a: Gholdengo\n|-activate|p1a: Gholdengo|move: Protect\n|move|p2a: perro|Flare Blitz|p1a: Gholdengo\n|-activate|p1a: Gholdengo|move: Protect\n|\n|-weather|none\n|-end|p2b: mamut|Protosynthesis\n|-sideend|p2: asgheheah|move: Tailwind\n|upkeep\n|turn|6\n|\n|t:|1682168646\n|move|p1a: Gholdengo|Protect||[still]\n|-fail|p1a: Gholdengo\n|move|p2b: mamut|Headlong Rush|p1b: Palafin\n|-damage|p1b: Palafin|48\/100\n|-unboost|p2b: mamut|def|1\n|-unboost|p2b: mamut|spd|1\n|move|p2a: perro|Wild Charge|p1b: Palafin\n|-supereffective|p1b: Palafin\n|-damage|p1b: Palafin|0 fnt\n|faint|p1b: Palafin\n|-damage|p2a: perro|87\/100|[from] Recoil\n|\n|upkeep\n|turn|7\n|-message|JDN07 forfeited.\n|\n|win|asgheheah\n|raw|JDN07's rating: 1114 → 1086<\/strong> (-28 for losing)\n|raw|asgheheah's rating: 1070 → 1103<\/strong> (+33 for winning)\n","uploadtime":1682168664,"views":11,"p1id":"jdn07","p2id":"asgheheah","formatid":"gen9vgc2023regulationc","rating":1086,"private":0,"password":""}