{"id":"gen9vgc2023regulationc-1852677858","p1":"Aperol Spinda","p2":"cmywwxy","format":"[Gen 9] VGC 2023 Regulation C","log":"|j|\u2606Aperol Spinda\n|j|\u2606cmywwxy\n|t:|1682595204\n|gametype|doubles\n|player|p1|Aperol Spinda|clair|1149\n|player|p2|cmywwxy|red|1266\n|teamsize|p1|6\n|teamsize|p2|6\n|gen|9\n|tier|[Gen 9] VGC 2023 Regulation C\n|rated|\n|rule|Species Clause: Limit one of each Pok\u00e9mon\n|rule|Item Clause: Limit one of each item\n|clearpoke\n|poke|p1|Fletchling, L50, M|\n|poke|p1|Noivern, L50, F|\n|poke|p1|Chi-Yu, L50|\n|poke|p1|Flutter Mane, L50|\n|poke|p1|Toxapex, L50, F|\n|poke|p1|Sawsbuck-Autumn, L50, M|\n|poke|p2|Torkoal, L50, M|\n|poke|p2|Jumpluff, L50, M|\n|poke|p2|Flutter Mane, L50|\n|poke|p2|Great Tusk, L50|\n|poke|p2|Chien-Pao, L50|\n|poke|p2|Kingambit, L50, M|\n|teampreview|4\n|inactive|Battle timer is ON: inactive players will automatically lose when time's up. (requested by cmywwxy)\n|\n|t:|1682595233\n|start\n|switch|p1a: Fletchling|Fletchling, L50, M, shiny|100\/100\n|switch|p1b: Chi-Yu|Chi-Yu, L50|100\/100\n|switch|p2a: Jumpluff|Jumpluff, L50, M|100\/100\n|switch|p2b: Torkoal|Torkoal, L50, M|100\/100\n|-ability|p1b: Chi-Yu|Beads of Ruin\n|-weather|SunnyDay|[from] ability: Drought|[of] p2b: Torkoal\n|turn|1\n|inactive|cmywwxy has 30 seconds left.\n|\n|t:|1682595264\n|-terastallize|p2a: Jumpluff|Water\n|move|p1a: Fletchling|Tailwind|p1a: Fletchling\n|-sidestart|p1: Aperol Spinda|move: Tailwind\n|move|p2a: Jumpluff|Sleep Powder|p1b: Chi-Yu\n|-activate|p1b: Chi-Yu|item: Safety Goggles|Sleep Powder\n|move|p1b: Chi-Yu|Heat Wave|p2a: Jumpluff|[spread] p2a,p2b\n|-resisted|p2a: Jumpluff\n|-resisted|p2b: Torkoal\n|-crit|p2b: Torkoal\n|-damage|p2a: Jumpluff|61\/100\n|-damage|p2b: Torkoal|48\/100\n|move|p2b: Torkoal|Overheat|p1a: Fletchling|[miss]\n|-miss|p2b: Torkoal|p1a: Fletchling\n|\n|-weather|SunnyDay|[upkeep]\n|upkeep\n|turn|2\n|\n|t:|1682595286\n|move|p1a: Fletchling|Brave Bird|p2a: Jumpluff\n|-damage|p2a: Jumpluff|11\/100\n|-damage|p1a: Fletchling|76\/100|[from] Recoil\n|move|p2a: Jumpluff|Tailwind|p2a: Jumpluff\n|-sidestart|p2: cmywwxy|move: Tailwind\n|move|p1b: Chi-Yu|Heat Wave|p2a: Jumpluff|[spread] p2a,p2b\n|-resisted|p2a: Jumpluff\n|-resisted|p2b: Torkoal\n|-damage|p2a: Jumpluff|0 fnt\n|-damage|p2b: Torkoal|14\/100\n|faint|p2a: Jumpluff\n|move|p2b: Torkoal|Overheat|p1b: Chi-Yu\n|-resisted|p1b: Chi-Yu\n|-damage|p1b: Chi-Yu|72\/100\n|-unboost|p2b: Torkoal|spa|2\n|-enditem|p2b: Torkoal|Eject Pack\n|\n|t:|1682595295\n|switch|p2b: Great Tusk|Great Tusk, L50|100\/100\n|-activate|p2b: Great Tusk|ability: Protosynthesis\n|-start|p2b: Great Tusk|protosynthesisatk\n|\n|-weather|SunnyDay|[upkeep]\n|upkeep\n|\n|t:|1682595296\n|switch|p2a: Kingambit|Kingambit, L50, M|100\/100\n|turn|3\n|\n|t:|1682595309\n|move|p2a: Kingambit|Sucker Punch||[still]\n|-fail|p2a: Kingambit\n|move|p2b: Great Tusk|Rock Slide|p1b: Chi-Yu|[spread] p1b\n|-miss|p2b: Great Tusk|p1a: Fletchling\n|-supereffective|p1b: Chi-Yu\n|-damage|p1b: Chi-Yu|0 fnt\n|faint|p1b: Chi-Yu\n|move|p1a: Fletchling|Brave Bird|p2b: Great Tusk\n|-supereffective|p2b: Great Tusk\n|-damage|p2b: Great Tusk|44\/100\n|-damage|p1a: Fletchling|46\/100|[from] Recoil\n|\n|-weather|SunnyDay|[upkeep]\n|upkeep\n|\n|t:|1682595322\n|switch|p1b: Flutter Mane|Flutter Mane, L50|100\/100\n|-activate|p1b: Flutter Mane|ability: Protosynthesis\n|-start|p1b: Flutter Mane|protosynthesisspa\n|turn|4\n|\n|t:|1682595342\n|-end|p2b: Great Tusk|Protosynthesis|[silent]\n|switch|p2b: Torkoal|Torkoal, L50, M|14\/100\n|-terastallize|p1b: Flutter Mane|Fairy\n|move|p1a: Fletchling|Quick Guard|p1a: Fletchling\n|-singleturn|p1a: Fletchling|Quick Guard\n|move|p1b: Flutter Mane|Dazzling Gleam|p2a: Kingambit|[spread] p2a,p2b\n|-resisted|p2b: Torkoal\n|-damage|p2a: Kingambit|64\/100\n|-damage|p2b: Torkoal|0 fnt\n|faint|p2b: Torkoal\n|move|p2a: Kingambit|Kowtow Cleave|p1b: Flutter Mane\n|-resisted|p1b: Flutter Mane\n|-damage|p1b: Flutter Mane|53\/100\n|\n|-weather|SunnyDay|[upkeep]\n|-sideend|p1: Aperol Spinda|move: Tailwind\n|upkeep\n|\n|t:|1682595356\n|switch|p2b: Great Tusk|Great Tusk, L50|44\/100\n|-activate|p2b: Great Tusk|ability: Protosynthesis\n|-start|p2b: Great Tusk|protosynthesisatk\n|turn|5\n|\n|t:|1682595371\n|move|p1b: Flutter Mane|Protect|p1b: Flutter Mane\n|-singleturn|p1b: Flutter Mane|Protect\n|move|p2b: Great Tusk|Rock Slide|p1a: Fletchling|[spread] p1a\n|-activate|p1b: Flutter Mane|move: Protect\n|-supereffective|p1a: Fletchling\n|-damage|p1a: Fletchling|0 fnt\n|faint|p1a: Fletchling\n|move|p2a: Kingambit|Iron Head|p1b: Flutter Mane\n|-activate|p1b: Flutter Mane|move: Protect\n|\n|-weather|none\n|-end|p2b: Great Tusk|Protosynthesis\n|-end|p1b: Flutter Mane|Protosynthesis\n|-sideend|p2: cmywwxy|move: Tailwind\n|upkeep\n|-enditem|p1b: Flutter Mane|Booster Energy\n|-activate|p1b: Flutter Mane|ability: Protosynthesis|[fromitem]\n|-start|p1b: Flutter Mane|protosynthesisspa\n|\n|t:|1682595375\n|switch|p1a: Noivern|Noivern, L50, F|100\/100\n|turn|6\n|\n|t:|1682595389\n|move|p2b: Great Tusk|Rock Slide|p1a: Noivern|[spread] p1a,p1b\n|-supereffective|p1a: Noivern\n|-damage|p1a: Noivern|46\/100\n|-damage|p1b: Flutter Mane|17\/100\n|move|p1a: Noivern|Hyper Voice|p2b: Great Tusk|[spread] p2a,p2b\n|-resisted|p2a: Kingambit\n|-damage|p2a: Kingambit|54\/100\n|-damage|p2b: Great Tusk|0 fnt\n|faint|p2b: Great Tusk\n|-end|p2b: Great Tusk|Protosynthesis|[silent]\n|move|p1b: Flutter Mane|Moonblast|p2a: Kingambit\n|-damage|p2a: Kingambit|0 fnt\n|faint|p2a: Kingambit\n|\n|win|Aperol Spinda\n|raw|Aperol Spinda's rating: 1149 → 1182<\/strong> (+33 for winning)\n|raw|cmywwxy's rating: 1266 → 1233<\/strong> (-33 for losing)\n","uploadtime":1682595402,"views":16,"p1id":"aperolspinda","p2id":"cmywwxy","formatid":"gen9vgc2023regulationc","rating":1182,"private":0,"password":""}