{"id":"gen9vgc2023regulationc-1855880419","p1":"044kike","p2":"AndYanma","format":"[Gen 9] VGC 2023 Regulation C","log":"|j|\u2606044kike\n|j|\u2606AndYanma\n|t:|1682995333\n|gametype|doubles\n|player|p1|044kike|102|1137\n|player|p2|AndYanma|102|1185\n|teamsize|p1|6\n|teamsize|p2|6\n|gen|9\n|tier|[Gen 9] VGC 2023 Regulation C\n|rated|\n|rule|Species Clause: Limit one of each Pok\u00e9mon\n|rule|Item Clause: Limit one of each item\n|clearpoke\n|poke|p1|Amoonguss, L50, M|\n|poke|p1|Ceruledge, L50, F|\n|poke|p1|Gyarados, L50, F|\n|poke|p1|Ting-Lu, L50|\n|poke|p1|Flutter Mane, L50|\n|poke|p1|Murkrow, L50, M|\n|poke|p2|Tauros-Paldea-Aqua, L50, M|\n|poke|p2|Rotom-Mow, L50|\n|poke|p2|Flutter Mane, L50|\n|poke|p2|Chien-Pao, L50|\n|poke|p2|Drednaw, L50, M|\n|poke|p2|Pelipper, L50, F|\n|teampreview|4\n|inactive|Battle timer is ON: inactive players will automatically lose when time's up. (requested by AndYanma)\n|\n|t:|1682995365\n|start\n|switch|p1a: Murkrow|Murkrow, L50, M|100\/100\n|switch|p1b: Flutter Mane|Flutter Mane, L50|100\/100\n|switch|p2a: Rotom|Rotom-Mow, L50|100\/100\n|switch|p2b: Drednaw|Drednaw, L50, M|100\/100\n|-enditem|p1b: Flutter Mane|Booster Energy\n|-activate|p1b: Flutter Mane|ability: Protosynthesis|[fromitem]\n|-start|p1b: Flutter Mane|protosynthesisspe\n|turn|1\n|inactive|AndYanma has 30 seconds left.\n|\n|t:|1682995390\n|switch|p2a: Pelipper|Pelipper, L50, F|100\/100\n|-weather|RainDance|[from] ability: Drizzle|[of] p2a: Pelipper\n|move|p1a: Murkrow|Protect|p1a: Murkrow\n|-singleturn|p1a: Murkrow|Protect\n|move|p1b: Flutter Mane|Protect|p1b: Flutter Mane\n|-singleturn|p1b: Flutter Mane|Protect\n|move|p2b: Drednaw|Rock Slide|p1a: Murkrow|[spread] \n|-activate|p1a: Murkrow|move: Protect\n|-activate|p1b: Flutter Mane|move: Protect\n|\n|-weather|RainDance|[upkeep]\n|upkeep\n|turn|2\n|inactive|044kike has 30 seconds left.\n|inactive|044kike has 20 seconds left.\n|inactive|044kike has 15 seconds left.\n|\n|t:|1682995433\n|move|p1a: Murkrow|Thunder Wave|p2b: Drednaw\n|-status|p2b: Drednaw|par\n|move|p1b: Flutter Mane|Thunderbolt|p2b: Drednaw\n|-supereffective|p2b: Drednaw\n|-damage|p2b: Drednaw|0 fnt\n|faint|p2b: Drednaw\n|move|p2a: Pelipper|Tailwind|p2a: Pelipper\n|-sidestart|p2: AndYanma|move: Tailwind\n|\n|-weather|RainDance|[upkeep]\n|upkeep\n|\n|t:|1682995441\n|switch|p2b: Rotom|Rotom-Mow, L50|100\/100\n|turn|3\n|\n|t:|1682995463\n|-terastallize|p2b: Rotom|Electric\n|move|p1a: Murkrow|Tailwind|p1a: Murkrow\n|-sidestart|p1: 044kike|move: Tailwind\n|move|p1b: Flutter Mane|Thunderbolt|p2a: Pelipper\n|-supereffective|p2a: Pelipper\n|-damage|p2a: Pelipper|0 fnt\n|faint|p2a: Pelipper\n|move|p2b: Rotom|Thunderbolt|p1b: Flutter Mane\n|-damage|p1b: Flutter Mane|44\/100\n|\n|-weather|RainDance|[upkeep]\n|upkeep\n|\n|t:|1682995473\n|switch|p2a: Chien-Pao|Chien-Pao, L50|100\/100\n|-ability|p2a: Chien-Pao|Sword of Ruin\n|turn|4\n|\n|t:|1682995493\n|-terastallize|p1b: Flutter Mane|Fairy\n|move|p2a: Chien-Pao|Protect|p2a: Chien-Pao\n|-singleturn|p2a: Chien-Pao|Protect\n|move|p1a: Murkrow|Thunder Wave|p2a: Chien-Pao\n|-activate|p2a: Chien-Pao|move: Protect\n|move|p1b: Flutter Mane|Dazzling Gleam|p2a: Chien-Pao|[spread] p2b\n|-activate|p2a: Chien-Pao|move: Protect\n|-damage|p2b: Rotom|43\/100\n|move|p2b: Rotom|Thunderbolt|p1b: Flutter Mane\n|-crit|p1b: Flutter Mane\n|-damage|p1b: Flutter Mane|0 fnt\n|faint|p1b: Flutter Mane\n|-end|p1b: Flutter Mane|Protosynthesis|[silent]\n|\n|-weather|RainDance|[upkeep]\n|upkeep\n|\n|t:|1682995515\n|switch|p1b: Gyarados|Gyarados, L50, F|100\/100\n|-ability|p1b: Gyarados|Intimidate|boost\n|-unboost|p2a: Chien-Pao|atk|1\n|-unboost|p2b: Rotom|atk|1\n|turn|5\n|\n|t:|1682995538\n|move|p1a: Murkrow|Thunder Wave|p2a: Chien-Pao\n|-hint|Since gen 7, Dark is immune to Prankster moves.\n|-immune|p2a: Chien-Pao\n|move|p2b: Rotom|Thunderbolt|p1a: Murkrow\n|-supereffective|p1a: Murkrow\n|-damage|p1a: Murkrow|14\/100\n|move|p2a: Chien-Pao|Ice Spinner|p1b: Gyarados\n|-damage|p1b: Gyarados|55\/100\n|move|p1b: Gyarados|Waterfall|p2b: Rotom\n|-damage|p2b: Rotom|0 fnt\n|faint|p2b: Rotom\n|\n|-weather|RainDance|[upkeep]\n|-sideend|p2: AndYanma|move: Tailwind\n|upkeep\n|turn|6\n|\n|t:|1682995562\n|move|p1a: Murkrow|Protect|p1a: Murkrow\n|-singleturn|p1a: Murkrow|Protect\n|move|p1b: Gyarados|Waterfall|p2a: Chien-Pao\n|-damage|p2a: Chien-Pao|22\/100\n|move|p2a: Chien-Pao|Ice Spinner|p1b: Gyarados\n|-damage|p1b: Gyarados|10\/100\n|\n|-weather|RainDance|[upkeep]\n|-sideend|p1: 044kike|move: Tailwind\n|upkeep\n|turn|7\n|\n|t:|1682995572\n|move|p2a: Chien-Pao|Sucker Punch|p1b: Gyarados\n|-damage|p1b: Gyarados|0 fnt\n|faint|p1b: Gyarados\n|move|p1a: Murkrow|Tailwind|p1a: Murkrow\n|-sidestart|p1: 044kike|move: Tailwind\n|\n|-weather|RainDance|[upkeep]\n|upkeep\n|\n|t:|1682995578\n|switch|p1b: Amoonguss|Amoonguss, L50, M|100\/100\n|turn|8\n|\n|t:|1682995594\n|move|p1a: Murkrow|Foul Play|p2a: Chien-Pao\n|-resisted|p2a: Chien-Pao\n|-damage|p2a: Chien-Pao|2\/100\n|move|p2a: Chien-Pao|Ice Spinner|p1b: Amoonguss\n|-supereffective|p1b: Amoonguss\n|-damage|p1b: Amoonguss|21\/100\n|-enditem|p1b: Amoonguss|Sitrus Berry|[eat]\n|-heal|p1b: Amoonguss|46\/100|[from] item: Sitrus Berry\n|move|p1b: Amoonguss|Spore|p2a: Chien-Pao\n|-status|p2a: Chien-Pao|slp|[from] move: Spore\n|\n|-weather|none\n|upkeep\n|turn|9\n|-message|AndYanma forfeited.\n|\n|win|044kike\n|raw|044kike's rating: 1137 → 1165<\/strong> (+28 for winning)\n|raw|AndYanma's rating: 1185 → 1157<\/strong> (-28 for losing)\n|l|\u2606AndYanma\n","uploadtime":1682995609,"views":12,"p1id":"044kike","p2id":"andyanma","formatid":"gen9vgc2023regulationc","rating":1157,"private":0,"password":""}