{"id":"gen9vgc2023regulationc-1855476849","p1":"victorc31","p2":"eccsg","format":"[Gen 9] VGC 2023 Regulation C","log":"|j|\u2606victorc31\n|j|\u2606eccsg\n|t:|1682954977\n|gametype|doubles\n|player|p1|victorc31|hiker-gen4|1025\n|player|p2|eccsg|102|1115\n|teamsize|p1|6\n|teamsize|p2|6\n|gen|9\n|tier|[Gen 9] VGC 2023 Regulation C\n|rated|\n|rule|Species Clause: Limit one of each Pok\u00e9mon\n|rule|Item Clause: Limit one of each item\n|clearpoke\n|poke|p1|Wo-Chien, L50|\n|poke|p1|Garganacl, L50, F|\n|poke|p1|Chien-Pao, L50|\n|poke|p1|Tauros-Paldea-Blaze, L50, M|\n|poke|p1|Glimmora, L50, F|\n|poke|p1|Gothitelle, L50, F|\n|poke|p2|Flutter Mane, L50|\n|poke|p2|Scream Tail, L50|\n|poke|p2|Grumpig, L50, F|\n|poke|p2|Iron Treads, L50|\n|poke|p2|Braviary, L50, M|\n|poke|p2|Tauros-Paldea-Aqua, L50, M|\n|teampreview|4\n|inactive|Battle timer is ON: inactive players will automatically lose when time's up. (requested by eccsg)\neccsg has agreed to open team sheets.\n|inactive|eccsg has 60 seconds left.\n|\n|t:|1682955026\n|start\n|switch|p1a: Gothitelle|Gothitelle, L50, F, shiny|100\/100\n|switch|p1b: Tauros|Tauros-Paldea-Blaze, L50, M, shiny|100\/100\n|switch|p2a: \u30d1\u30eb\u30c7\u30a2\u306e\u30b1\u30f3\u30bf\u30ed\u30b9 - \u6e56\u306e\u60aa\u9b54|Tauros-Paldea-Aqua, L50, M|100\/100\n|switch|p2b: \u30a6\u30a9\u30fc\u30b0\u30eb|Braviary, L50, M, shiny|100\/100\n|-ability|p1b: Tauros|Intimidate|boost\n|-unboost|p2a: \u30d1\u30eb\u30c7\u30a2\u306e\u30b1\u30f3\u30bf\u30ed\u30b9 - \u6e56\u306e\u60aa\u9b54|atk|1\n|-unboost|p2b: \u30a6\u30a9\u30fc\u30b0\u30eb|atk|1\n|-ability|p2b: \u30a6\u30a9\u30fc\u30b0\u30eb|Defiant|boost\n|-boost|p2b: \u30a6\u30a9\u30fc\u30b0\u30eb|atk|2\n|-ability|p2a: \u30d1\u30eb\u30c7\u30a2\u306e\u30b1\u30f3\u30bf\u30ed\u30b9 - \u6e56\u306e\u60aa\u9b54|Intimidate|boost\n|-unboost|p1a: Gothitelle|atk|1\n|-unboost|p1b: Tauros|atk|1\n|turn|1\n|inactive|victorc31 has 30 seconds left.\n|inactive|eccsg has 30 seconds left.\n|\n|t:|1682955060\n|switch|p1b: Wo-Chien|Wo-Chien, L50|100\/100\n|-ability|p1b: Wo-Chien|Tablets of Ruin\n|move|p1a: Gothitelle|Fake Out|p2b: \u30a6\u30a9\u30fc\u30b0\u30eb\n|-damage|p2b: \u30a6\u30a9\u30fc\u30b0\u30eb|97\/100\n|move|p2a: \u30d1\u30eb\u30c7\u30a2\u306e\u30b1\u30f3\u30bf\u30ed\u30b9 - \u6e56\u306e\u60aa\u9b54|Wave Crash|p1a: Gothitelle\n|-damage|p1a: Gothitelle|70\/100\n|-damage|p2a: \u30d1\u30eb\u30c7\u30a2\u306e\u30b1\u30f3\u30bf\u30ed\u30b9 - \u6e56\u306e\u60aa\u9b54|88\/100|[from] Recoil\n|cant|p2b: \u30a6\u30a9\u30fc\u30b0\u30eb|flinch\n|\n|upkeep\n|turn|2\n|inactive|victorc31 has 30 seconds left.\n|\n|t:|1682955091\n|move|p2a: \u30d1\u30eb\u30c7\u30a2\u306e\u30b1\u30f3\u30bf\u30ed\u30b9 - \u6e56\u306e\u60aa\u9b54|Close Combat|p1b: Wo-Chien\n|-supereffective|p1b: Wo-Chien\n|-damage|p1b: Wo-Chien|56\/100\n|-unboost|p2a: \u30d1\u30eb\u30c7\u30a2\u306e\u30b1\u30f3\u30bf\u30ed\u30b9 - \u6e56\u306e\u60aa\u9b54|def|1\n|-unboost|p2a: \u30d1\u30eb\u30c7\u30a2\u306e\u30b1\u30f3\u30bf\u30ed\u30b9 - \u6e56\u306e\u60aa\u9b54|spd|1\n|move|p2b: \u30a6\u30a9\u30fc\u30b0\u30eb|Brave Bird|p1b: Wo-Chien\n|-supereffective|p1b: Wo-Chien\n|-damage|p1b: Wo-Chien|0 fnt\n|faint|p1b: Wo-Chien\n|-damage|p2b: \u30a6\u30a9\u30fc\u30b0\u30eb|80\/100|[from] Recoil\n|move|p1a: Gothitelle|Psychic|p2a: \u30d1\u30eb\u30c7\u30a2\u306e\u30b1\u30f3\u30bf\u30ed\u30b9 - \u6e56\u306e\u60aa\u9b54\n|-supereffective|p2a: \u30d1\u30eb\u30c7\u30a2\u306e\u30b1\u30f3\u30bf\u30ed\u30b9 - \u6e56\u306e\u60aa\u9b54\n|-damage|p2a: \u30d1\u30eb\u30c7\u30a2\u306e\u30b1\u30f3\u30bf\u30ed\u30b9 - \u6e56\u306e\u60aa\u9b54|0 fnt\n|faint|p2a: \u30d1\u30eb\u30c7\u30a2\u306e\u30b1\u30f3\u30bf\u30ed\u30b9 - \u6e56\u306e\u60aa\u9b54\n|\n|upkeep\n|\n|t:|1682955109\n|switch|p2a: \u30b5\u30b1\u30d6\u30b7\u30c3\u30dd|Scream Tail, L50|100\/100\n|switch|p1b: Garganacl|Garganacl, L50, F, shiny|100\/100\n|turn|3\n|\n|t:|1682955129\n|-terastallize|p1b: Garganacl|Ghost\n|move|p1a: Gothitelle|Helping Hand|p1b: Garganacl\n|-singleturn|p1b: Garganacl|Helping Hand|[of] p1a: Gothitelle\n|move|p2a: \u30b5\u30b1\u30d6\u30b7\u30c3\u30dd|Protect|p2a: \u30b5\u30b1\u30d6\u30b7\u30c3\u30dd\n|-singleturn|p2a: \u30b5\u30b1\u30d6\u30b7\u30c3\u30dd|Protect\n|move|p2b: \u30a6\u30a9\u30fc\u30b0\u30eb|Brave Bird|p1a: Gothitelle\n|-damage|p1a: Gothitelle|0 fnt\n|faint|p1a: Gothitelle\n|-damage|p2b: \u30a6\u30a9\u30fc\u30b0\u30eb|60\/100|[from] Recoil\n|move|p1b: Garganacl|Salt Cure|p2b: \u30a6\u30a9\u30fc\u30b0\u30eb\n|-supereffective|p2b: \u30a6\u30a9\u30fc\u30b0\u30eb\n|-damage|p2b: \u30a6\u30a9\u30fc\u30b0\u30eb|13\/100\n|-start|p2b: \u30a6\u30a9\u30fc\u30b0\u30eb|Salt Cure\n|-enditem|p2b: \u30a6\u30a9\u30fc\u30b0\u30eb|Sitrus Berry|[eat]\n|-heal|p2b: \u30a6\u30a9\u30fc\u30b0\u30eb|38\/100|[from] item: Sitrus Berry\n|\n|-damage|p2b: \u30a6\u30a9\u30fc\u30b0\u30eb|26\/100|[from] Salt Cure\n|upkeep\n|inactive|victorc31 has 30 seconds left.\n|\n|t:|1682955161\n|switch|p1a: Tauros|Tauros-Paldea-Blaze, L50, M, shiny|100\/100\n|-ability|p1a: Tauros|Intimidate|boost\n|-unboost|p2a: \u30b5\u30b1\u30d6\u30b7\u30c3\u30dd|atk|1\n|-unboost|p2b: \u30a6\u30a9\u30fc\u30b0\u30eb|atk|1\n|-ability|p2b: \u30a6\u30a9\u30fc\u30b0\u30eb|Defiant|boost\n|-boost|p2b: \u30a6\u30a9\u30fc\u30b0\u30eb|atk|2\n|turn|4\n|\n|t:|1682955180\n|move|p1a: Tauros|Protect|p1a: Tauros\n|-singleturn|p1a: Tauros|Protect\n|move|p2a: \u30b5\u30b1\u30d6\u30b7\u30c3\u30dd|Dazzling Gleam|p1a: Tauros|[spread] p1b\n|-activate|p1a: Tauros|move: Protect\n|-damage|p1b: Garganacl|84\/100\n|move|p2b: \u30a6\u30a9\u30fc\u30b0\u30eb|Brave Bird|p1a: Tauros\n|-activate|p1a: Tauros|move: Protect\n|move|p1b: Garganacl|Salt Cure|p2b: \u30a6\u30a9\u30fc\u30b0\u30eb\n|-supereffective|p2b: \u30a6\u30a9\u30fc\u30b0\u30eb\n|-damage|p2b: \u30a6\u30a9\u30fc\u30b0\u30eb|0 fnt\n|faint|p2b: \u30a6\u30a9\u30fc\u30b0\u30eb\n|\n|upkeep\n|\n|t:|1682955191\n|switch|p2b: \u30c6\u30c4\u30ce\u30ef\u30c0\u30c1|Iron Treads, L50|100\/100\n|-enditem|p2b: \u30c6\u30c4\u30ce\u30ef\u30c0\u30c1|Booster Energy\n|-activate|p2b: \u30c6\u30c4\u30ce\u30ef\u30c0\u30c1|ability: Quark Drive|[fromitem]\n|-start|p2b: \u30c6\u30c4\u30ce\u30ef\u30c0\u30c1|quarkdrivespe\n|turn|5\n|\n|t:|1682955205\n|move|p2b: \u30c6\u30c4\u30ce\u30ef\u30c0\u30c1|Protect|p2b: \u30c6\u30c4\u30ce\u30ef\u30c0\u30c1\n|-singleturn|p2b: \u30c6\u30c4\u30ce\u30ef\u30c0\u30c1|Protect\n|move|p2a: \u30b5\u30b1\u30d6\u30b7\u30c3\u30dd|Dazzling Gleam|p1b: Garganacl|[spread] p1a,p1b\n|-damage|p1a: Tauros|72\/100\n|-damage|p1b: Garganacl|65\/100\n|move|p1a: Tauros|Close Combat|p2b: \u30c6\u30c4\u30ce\u30ef\u30c0\u30c1\n|-activate|p2b: \u30c6\u30c4\u30ce\u30ef\u30c0\u30c1|move: Protect\n|move|p1b: Garganacl|Heavy Slam|p2a: \u30b5\u30b1\u30d6\u30b7\u30c3\u30dd\n|-supereffective|p2a: \u30b5\u30b1\u30d6\u30b7\u30c3\u30dd\n|-damage|p2a: \u30b5\u30b1\u30d6\u30b7\u30c3\u30dd|50\/100\n|\n|-heal|p2a: \u30b5\u30b1\u30d6\u30b7\u30c3\u30dd|57\/100|[from] item: Leftovers\n|upkeep\n|turn|6\n|inactive|eccsg has 30 seconds left.\n|inactive|eccsg has 20 seconds left.\n|inactive|eccsg has 15 seconds left.\n|inactive|eccsg has 10 seconds left.\n|inactive|eccsg has 5 seconds left.\n|\n|t:|1682955256\n|-terastallize|p2b: \u30c6\u30c4\u30ce\u30ef\u30c0\u30c1|Water\n|move|p2b: \u30c6\u30c4\u30ce\u30ef\u30c0\u30c1|Stomping Tantrum|p1a: Tauros\n|-supereffective|p1a: Tauros\n|-damage|p1a: Tauros|3\/100\n|move|p2a: \u30b5\u30b1\u30d6\u30b7\u30c3\u30dd|Encore|p1b: Garganacl\n|-start|p1b: Garganacl|Encore\n|move|p1a: Tauros|Close Combat|p2b: \u30c6\u30c4\u30ce\u30ef\u30c0\u30c1\n|-damage|p2b: \u30c6\u30c4\u30ce\u30ef\u30c0\u30c1|59\/100\n|-unboost|p1a: Tauros|def|1\n|-unboost|p1a: Tauros|spd|1\n|move|p1b: Garganacl|Heavy Slam|p2b: \u30c6\u30c4\u30ce\u30ef\u30c0\u30c1\n|-resisted|p2b: \u30c6\u30c4\u30ce\u30ef\u30c0\u30c1\n|-damage|p2b: \u30c6\u30c4\u30ce\u30ef\u30c0\u30c1|55\/100\n|\n|-heal|p2a: \u30b5\u30b1\u30d6\u30b7\u30c3\u30dd|63\/100|[from] item: Leftovers\n|upkeep\n|turn|7\n|inactive|victorc31 has 30 seconds left.\n|\n|t:|1682955286\n|move|p2b: \u30c6\u30c4\u30ce\u30ef\u30c0\u30c1|Iron Head|p1b: Garganacl\n|-damage|p1b: Garganacl|49\/100\n|move|p2a: \u30b5\u30b1\u30d6\u30b7\u30c3\u30dd|Dazzling Gleam|p1b: Garganacl|[spread] p1a,p1b\n|-damage|p1a: Tauros|0 fnt\n|-damage|p1b: Garganacl|32\/100\n|faint|p1a: Tauros\n|move|p1b: Garganacl|Heavy Slam|p2a: \u30b5\u30b1\u30d6\u30b7\u30c3\u30dd\n|-supereffective|p2a: \u30b5\u30b1\u30d6\u30b7\u30c3\u30dd\n|-damage|p2a: \u30b5\u30b1\u30d6\u30b7\u30c3\u30dd|6\/100\n|\n|-heal|p2a: \u30b5\u30b1\u30d6\u30b7\u30c3\u30dd|12\/100|[from] item: Leftovers\n|upkeep\n|turn|8\n|\n|t:|1682955305\n|move|p2a: \u30b5\u30b1\u30d6\u30b7\u30c3\u30dd|Protect|p2a: \u30b5\u30b1\u30d6\u30b7\u30c3\u30dd\n|-singleturn|p2a: \u30b5\u30b1\u30d6\u30b7\u30c3\u30dd|Protect\n|move|p2b: \u30c6\u30c4\u30ce\u30ef\u30c0\u30c1|Iron Head|p1b: Garganacl\n|-damage|p1b: Garganacl|15\/100\n|move|p1b: Garganacl|Heavy Slam|p2a: \u30b5\u30b1\u30d6\u30b7\u30c3\u30dd\n|-activate|p2a: \u30b5\u30b1\u30d6\u30b7\u30c3\u30dd|move: Protect\n|\n|-heal|p2a: \u30b5\u30b1\u30d6\u30b7\u30c3\u30dd|18\/100|[from] item: Leftovers\n|-end|p1b: Garganacl|Encore\n|upkeep\n|turn|9\n|\n|t:|1682955324\n|move|p2b: \u30c6\u30c4\u30ce\u30ef\u30c0\u30c1|Iron Head|p1b: Garganacl\n|-damage|p1b: Garganacl|0 fnt\n|faint|p1b: Garganacl\n|\n|win|eccsg\n|raw|victorc31's rating: 1025 → 1015<\/strong> (-10 for losing)\n|raw|eccsg's rating: 1115 → 1134<\/strong> (+19 for winning)\n","uploadtime":1682955345,"views":21,"p1id":"victorc31","p2id":"eccsg","formatid":"gen9vgc2023regulationc","rating":1015,"private":0,"password":""}