{"id":"gen9vgc2023regulationc-1849083357","p1":"Tempest brute","p2":"Someone#58","format":"[Gen 9] VGC 2023 Regulation C","log":"|j|\u2606Tempest brute\n|j|\u2606Someone#58\n|t:|1682152064\n|gametype|doubles\n|player|p1|Tempest brute|veteran|\n|player|p2|Someone#58|101|\n|teamsize|p1|4\n|teamsize|p2|5\n|gen|9\n|tier|[Gen 9] VGC 2023 Regulation C\n|rated|Tournament battle\n|rule|Species Clause: Limit one of each Pok\u00e9mon\n|rule|Item Clause: Limit one of each item\n|clearpoke\n|poke|p1|Ting-Lu, L50|\n|poke|p1|Roaring Moon, L50|\n|poke|p1|Klefki, L50, F|\n|poke|p1|Skeledirge, L50, F|\n|poke|p2|Wo-Chien, L50|\n|poke|p2|Maushold-Four, L50|\n|poke|p2|Iron Bundle, L50|\n|poke|p2|Annihilape, L50, F|\n|poke|p2|Volcarona, L50, M|\n|teampreview|4\n|raw| Open Team Sheet for Tempest brute<\/summary>Ting-Lu @ Leftovers Ability: Vessel of Ruin Level: 50 Tera Type: Water - Body Press - Throat Chop - Whirlwind - Protect Roaring Moon @ Booster Energy Ability: Protosynthesis Level: 50 Tera Type: Flying - Substitute - Acrobatics - Jaw Lock - Protect Klefki @ Light Clay Ability: Prankster Level: 50 Tera Type: Water - Reflect - Light Screen - Thunder Wave - Dazzling Gleam Skeledirge @ Sitrus Berry Ability: Unaware Level: 50 Tera Type: Poison - Will-O-Wisp - Torch Song - Shadow Ball - Slack Off <\/details><\/div> Open Team Sheet for Someone#58<\/summary>Wo-Chien @ Leftovers Ability: Tablets of Ruin Level: 50 Tera Type: Poison - Pollen Puff - Foul Play - Leech Seed - Protect Maushold (Maushold-Four) @ Safety Goggles Ability: Friend Guard Level: 50 Shiny: Yes Tera Type: Ghost - Beat Up - Encore - Follow Me - Protect Iron Bundle @ Booster Energy Ability: Quark Drive Level: 50 Shiny: Yes Tera Type: Ghost - Hydro Pump - Freeze-Dry - Icy Wind - Protect Annihilape @ Sitrus Berry Ability: Defiant Level: 50 Tera Type: Fire - Rage Fist - Drain Punch - Bulk Up - Protect Volcarona @ Covert Cloak Ability: Flame Body Level: 50 Shiny: Yes Tera Type: Grass - Heat Wave - Giga Drain - Quiver Dance - Protect <\/details><\/div>\n|j| FunneeMonkee\n|\n|t:|1682152142\n|start\n|switch|p1a: Ting-Lu|Ting-Lu, L50|100\/100\n|switch|p1b: Roaring Moon|Roaring Moon, L50|100\/100\n|switch|p2a: Annihilape|Annihilape, L50, F|100\/100\n|switch|p2b: Maushold|Maushold-Four, L50, shiny|100\/100\n|-ability|p1a: Ting-Lu|Vessel of Ruin\n|-enditem|p1b: Roaring Moon|Booster Energy\n|-activate|p1b: Roaring Moon|ability: Protosynthesis|[fromitem]\n|-start|p1b: Roaring Moon|protosynthesisspe\n|turn|1\n|\n|t:|1682152218\n|-terastallize|p1b: Roaring Moon|Flying\n|move|p2b: Maushold|Follow Me|p2b: Maushold\n|-singleturn|p2b: Maushold|move: Follow Me\n|move|p1b: Roaring Moon|Acrobatics|p2b: Maushold\n|-damage|p2b: Maushold|45\/100\n|move|p2a: Annihilape|Bulk Up|p2a: Annihilape\n|-boost|p2a: Annihilape|atk|1\n|-boost|p2a: Annihilape|def|1\n|move|p1a: Ting-Lu|Whirlwind|p2b: Maushold\n|drag|p2b: Iron Bundle|Iron Bundle, L50, shiny|100\/100\n|-enditem|p2b: Iron Bundle|Booster Energy\n|-activate|p2b: Iron Bundle|ability: Quark Drive|[fromitem]\n|-start|p2b: Iron Bundle|quarkdrivespe\n|\n|upkeep\n|turn|2\n|\n|t:|1682152280\n|move|p1b: Roaring Moon|Protect|p1b: Roaring Moon\n|-singleturn|p1b: Roaring Moon|Protect\n|move|p2b: Iron Bundle|Icy Wind|p1b: Roaring Moon|[spread] p1a\n|-activate|p1b: Roaring Moon|move: Protect\n|-supereffective|p1a: Ting-Lu\n|-damage|p1a: Ting-Lu|77\/100\n|-unboost|p1a: Ting-Lu|spe|1\n|move|p2a: Annihilape|Drain Punch|p1a: Ting-Lu\n|-supereffective|p1a: Ting-Lu\n|-damage|p1a: Ting-Lu|33\/100\n|move|p1a: Ting-Lu|Whirlwind|p2b: Iron Bundle\n|-end|p2b: Iron Bundle|Quark Drive|[silent]\n|drag|p2b: Maushold|Maushold-Four, L50, shiny|45\/100\n|\n|-heal|p1a: Ting-Lu|39\/100|[from] item: Leftovers\n|upkeep\n|turn|3\n|\n|t:|1682152319\n|switch|p1a: Klefki|Klefki, L50, F|100\/100\n|-terastallize|p2a: Annihilape|Fire\n|move|p1b: Roaring Moon|Acrobatics|p2b: Maushold\n|-damage|p2b: Maushold|0 fnt\n|faint|p2b: Maushold\n|move|p2a: Annihilape|Drain Punch|p1a: Klefki\n|-damage|p1a: Klefki|54\/100\n|\n|upkeep\n|\n|t:|1682152329\n|switch|p2b: Iron Bundle|Iron Bundle, L50, shiny|100\/100\n|turn|4\n|\n|t:|1682152368\n|move|p1a: Klefki|Reflect|p1a: Klefki\n|-sidestart|p1: Tempest brute|Reflect\n|move|p1b: Roaring Moon|Acrobatics|p2b: Iron Bundle\n|-damage|p2b: Iron Bundle|38\/100\n|move|p2b: Iron Bundle|Icy Wind|p1b: Roaring Moon|[spread] p1a,p1b\n|-resisted|p1a: Klefki\n|-supereffective|p1b: Roaring Moon\n|-damage|p1a: Klefki|45\/100\n|-damage|p1b: Roaring Moon|66\/100\n|-unboost|p1a: Klefki|spe|1\n|-unboost|p1b: Roaring Moon|spe|1\n|move|p2a: Annihilape|Drain Punch|p1a: Klefki\n|-damage|p1a: Klefki|16\/100\n|\n|upkeep\n|turn|5\n|\n|t:|1682152394\n|move|p2b: Iron Bundle|Protect|p2b: Iron Bundle\n|-singleturn|p2b: Iron Bundle|Protect\n|move|p1a: Klefki|Thunder Wave|p2a: Annihilape|[miss]\n|-miss|p1a: Klefki|p2a: Annihilape\n|move|p1b: Roaring Moon|Acrobatics|p2b: Iron Bundle\n|-activate|p2b: Iron Bundle|move: Protect\n|move|p2a: Annihilape|Bulk Up|p2a: Annihilape\n|-boost|p2a: Annihilape|atk|1\n|-boost|p2a: Annihilape|def|1\n|\n|upkeep\n|turn|6\n|\n|t:|1682152416\n|move|p1a: Klefki|Thunder Wave|p2a: Annihilape\n|-status|p2a: Annihilape|par\n|move|p2b: Iron Bundle|Icy Wind|p1a: Klefki|[spread] p1b\n|-miss|p2b: Iron Bundle|p1a: Klefki\n|-supereffective|p1b: Roaring Moon\n|-damage|p1b: Roaring Moon|34\/100\n|-unboost|p1b: Roaring Moon|spe|1\n|move|p1b: Roaring Moon|Acrobatics|p2b: Iron Bundle\n|-damage|p2b: Iron Bundle|0 fnt\n|faint|p2b: Iron Bundle\n|-end|p2b: Iron Bundle|Quark Drive|[silent]\n|move|p2a: Annihilape|Rage Fist|p1b: Roaring Moon\n|-damage|p1b: Roaring Moon|9\/100\n|\n|upkeep\n|\n|t:|1682152423\n|switch|p2b: Wo-Chien|Wo-Chien, L50|100\/100\n|-ability|p2b: Wo-Chien|Tablets of Ruin\n|turn|7\n|\n|t:|1682152454\n|move|p1a: Klefki|Light Screen|p1a: Klefki\n|-sidestart|p1: Tempest brute|move: Light Screen\n|move|p1b: Roaring Moon|Acrobatics|p2b: Wo-Chien\n|-supereffective|p2b: Wo-Chien\n|-damage|p2b: Wo-Chien|49\/100\n|move|p2b: Wo-Chien|Foul Play|p1b: Roaring Moon\n|-damage|p1b: Roaring Moon|0 fnt\n|faint|p1b: Roaring Moon\n|-end|p1b: Roaring Moon|Protosynthesis|[silent]\n|cant|p2a: Annihilape|par\n|\n|-heal|p2b: Wo-Chien|56\/100|[from] item: Leftovers\n|upkeep\n|\n|t:|1682152474\n|switch|p1b: Skeledirge|Skeledirge, L50, F|100\/100\n|turn|8\n|\n|t:|1682152514\n|switch|p1a: Ting-Lu|Ting-Lu, L50|39\/100\n|-ability|p1a: Ting-Lu|Vessel of Ruin\n|move|p2b: Wo-Chien|Leech Seed|p1b: Skeledirge\n|-start|p1b: Skeledirge|move: Leech Seed\n|move|p1b: Skeledirge|Torch Song|p2b: Wo-Chien\n|-supereffective|p2b: Wo-Chien\n|-damage|p2b: Wo-Chien|23\/100\n|-boost|p1b: Skeledirge|spa|1\n|cant|p2a: Annihilape|par\n|\n|-heal|p2b: Wo-Chien|30\/100|[from] item: Leftovers\n|-heal|p1a: Ting-Lu|45\/100|[from] item: Leftovers\n|-damage|p1b: Skeledirge|88\/100|[from] Leech Seed|[of] p2b: Wo-Chien\n|-heal|p2b: Wo-Chien|43\/100|[silent]\n|upkeep\n|turn|9\n|\n|t:|1682152546\n|move|p2b: Wo-Chien|Protect|p2b: Wo-Chien\n|-singleturn|p2b: Wo-Chien|Protect\n|move|p1a: Ting-Lu|Protect|p1a: Ting-Lu\n|-singleturn|p1a: Ting-Lu|Protect\n|move|p1b: Skeledirge|Torch Song|p2b: Wo-Chien\n|-activate|p2b: Wo-Chien|move: Protect\n|move|p2a: Annihilape|Drain Punch|p1a: Ting-Lu\n|-activate|p1a: Ting-Lu|move: Protect\n|\n|-heal|p2b: Wo-Chien|49\/100|[from] item: Leftovers\n|-heal|p1a: Ting-Lu|51\/100|[from] item: Leftovers\n|-damage|p1b: Skeledirge|76\/100|[from] Leech Seed|[of] p2b: Wo-Chien\n|-heal|p2b: Wo-Chien|63\/100|[silent]\n|upkeep\n|turn|10\n|j| Mindungi\n|\n|t:|1682152579\n|move|p2b: Wo-Chien|Leech Seed|p1a: Ting-Lu|[miss]\n|-miss|p2b: Wo-Chien|p1a: Ting-Lu\n|move|p1b: Skeledirge|Torch Song|p2b: Wo-Chien\n|-supereffective|p2b: Wo-Chien\n|-damage|p2b: Wo-Chien|13\/100\n|-boost|p1b: Skeledirge|spa|1\n|move|p2a: Annihilape|Rage Fist|p1b: Skeledirge\n|-supereffective|p1b: Skeledirge\n|-damage|p1b: Skeledirge|61\/100\n|move|p1a: Ting-Lu|Body Press|p2b: Wo-Chien\n|-supereffective|p2b: Wo-Chien\n|-damage|p2b: Wo-Chien|0 fnt\n|faint|p2b: Wo-Chien\n|\n|-heal|p1a: Ting-Lu|58\/100|[from] item: Leftovers\n|upkeep\n|turn|11\n|\n|t:|1682152618\n|cant|p2a: Annihilape|par\n|move|p1a: Ting-Lu|Protect|p1a: Ting-Lu\n|-singleturn|p1a: Ting-Lu|Protect\n|move|p1b: Skeledirge|Slack Off|p1b: Skeledirge\n|-heal|p1b: Skeledirge|100\/100\n|\n|-heal|p1a: Ting-Lu|64\/100|[from] item: Leftovers\n|-sideend|p1: Tempest brute|Reflect\n|upkeep\n|turn|12\n|\n|t:|1682152638\n|move|p1b: Skeledirge|Torch Song|p1a: Ting-Lu\n|-damage|p1a: Ting-Lu|41\/100\n|-boost|p1b: Skeledirge|spa|1\n|move|p2a: Annihilape|Drain Punch|p1a: Ting-Lu\n|-supereffective|p1a: Ting-Lu\n|-damage|p1a: Ting-Lu|0 fnt\n|faint|p1a: Ting-Lu\n|\n|upkeep\n|\n|t:|1682152645\n|switch|p1a: Klefki|Klefki, L50, F|16\/100\n|turn|13\n|c|\u2606Tempest brute|ok\n|c|\u2606Tempest brute|my skeldirge is killing my own team\n|c|\u2606Someone#58|lol\n|c|\u2606Someone#58|im so confused rn\n|c|\u2606Tempest brute|this is what a monkey forces me to do\n|c| FunneeMonkee|it was a sick play tbh\n|\n|t:|1682152707\n|move|p1a: Klefki|Reflect|p1a: Klefki\n|-sidestart|p1: Tempest brute|Reflect\n|move|p1b: Skeledirge|Torch Song|p1a: Klefki\n|-supereffective|p1a: Klefki\n|-damage|p1a: Klefki|0 fnt\n|-boost|p1b: Skeledirge|spa|1\n|faint|p1a: Klefki\n|cant|p2a: Annihilape|par\n|\n|upkeep\n|turn|14\n|\n|t:|1682152719\n|move|p1b: Skeledirge|Shadow Ball|p2a: Annihilape\n|-damage|p2a: Annihilape|13\/100 par\n|-enditem|p2a: Annihilape|Sitrus Berry|[eat]\n|-heal|p2a: Annihilape|38\/100 par|[from] item: Sitrus Berry\n|move|p2a: Annihilape|Rage Fist|p1b: Skeledirge\n|-supereffective|p1b: Skeledirge\n|-damage|p1b: Skeledirge|64\/100\n|\n|-sideend|p1: Tempest brute|move: Light Screen\n|upkeep\n|turn|15\n|c|\u2606Tempest brute|gg\n|c| Mindungi|lol\n|c|\u2606Someone#58|gg\n|c|\u2606Someone#58|ig?\n|c| Mindungi|that was a funny play\n|\n|t:|1682152744\n|move|p1b: Skeledirge|Shadow Ball|p2a: Annihilape\n|-damage|p2a: Annihilape|0 fnt\n|faint|p2a: Annihilape\n|\n|win|Tempest brute\n|n|\u2606Tempest brute|tempestbrute\n|n|\u2606Someone#58|someone58\n|n| FunneeMonkee|funneemonkee\n|n| Mindungi|mindungi\n","uploadtime":1682152745,"views":6,"p1id":"tempestbrute","p2id":"someone58","formatid":"gen9vgc2023regulationc","rating":0,"private":0,"password":""}