{"id":"gen9vgc2023regulationc-1862570393","p1":"Kiky14","p2":"Albert Clanchez","format":"[Gen 9] VGC 2023 Regulation C","log":"|j|\u2606Kiky14\n|j|\u2606Albert Clanchez\n|t:|1683901734\n|gametype|doubles\n|player|p1|Kiky14|hilbert-wonderlauncher|1130\n|player|p2|Albert Clanchez|102|1187\n|teamsize|p1|6\n|teamsize|p2|6\n|gen|9\n|tier|[Gen 9] VGC 2023 Regulation C\n|rated|\n|rule|Species Clause: Limit one of each Pok\u00e9mon\n|rule|Item Clause: Limit one of each item\n|clearpoke\n|poke|p1|Ceruledge, L50, M|\n|poke|p1|Garganacl, L50, M|\n|poke|p1|Zoroark, L50, F|\n|poke|p1|Flutter Mane, L50|\n|poke|p1|Palafin, L50, F|\n|poke|p1|Amoonguss, L50, F|\n|poke|p2|Ting-Lu, L50|\n|poke|p2|Salamence, L50, F|\n|poke|p2|Amoonguss, L50, F|\n|poke|p2|Palafin, L50, M|\n|poke|p2|Baxcalibur, L50, M|\n|poke|p2|Flutter Mane, L50|\n|teampreview|4\n|inactive|Battle timer is ON: inactive players will automatically lose when time's up. (requested by Albert Clanchez)\nAlbert Clanchez rejected open team sheets.\n|\n|t:|1683901757\n|start\n|switch|p1a: New jeans|Palafin, L50, F, shiny|100\/100\n|switch|p1b: Ive|Amoonguss, L50, F|100\/100\n|switch|p2a: Magic|Amoonguss, L50, F|100\/100\n|switch|p2b: Mistreavus|Flutter Mane, L50, shiny|100\/100\n|turn|1\n|inactive|Albert Clanchez has 30 seconds left.\n|inactive|Albert Clanchez has 20 seconds left.\n|inactive|Albert Clanchez has 15 seconds left.\n|\n|t:|1683901799\n|-end|p2b: Mistreavus|Protosynthesis|[silent]\n|switch|p2b: Charizart|Salamence, L50, F, shiny|100\/100\n|-ability|p2b: Charizart|Intimidate|boost\n|-unboost|p1a: New jeans|atk|1\n|-unboost|p1b: Ive|atk|1\n|move|p1a: New jeans|Flip Turn|p2b: Charizart\n|-resisted|p2b: Charizart\n|-damage|p2b: Charizart|89\/100\n|\n|t:|1683901811\n|detailschange|p1a: New jeans|Palafin-Hero, L50, F, shiny\n|switch|p1a: Mamamoo|Garganacl, L50, M|100\/100|[from] Flip Turn\n|move|p2a: Magic|Spore|p1a: Mamamoo\n|-immune|p1a: Mamamoo|[from] ability: Purifying Salt\n|move|p1b: Ive|Spore|p2b: Charizart\n|-status|p2b: Charizart|slp|[from] move: Spore\n|\n|upkeep\n|turn|2\n|inactive|Kiky14 has 30 seconds left.\n|\n|t:|1683901842\n|cant|p2b: Charizart|slp\n|move|p1a: Mamamoo|Salt Cure|p2b: Charizart\n|-supereffective|p2b: Charizart\n|-damage|p2b: Charizart|60\/100 slp\n|-start|p2b: Charizart|Salt Cure\n|move|p2a: Magic|Pollen Puff|p1b: Ive\n|-damage|p1b: Ive|86\/100\n|move|p1b: Ive|Pollen Puff|p2a: Magic\n|-damage|p2a: Magic|83\/100\n|\n|-heal|p1b: Ive|92\/100|[from] item: Black Sludge\n|-damage|p2b: Charizart|48\/100 slp|[from] Salt Cure\n|upkeep\n|turn|3\n|inactive|Kiky14 has 30 seconds left.\n|\n|t:|1683901876\n|cant|p2b: Charizart|slp\n|move|p1a: Mamamoo|Salt Cure|p2a: Magic\n|-damage|p2a: Magic|74\/100\n|-start|p2a: Magic|Salt Cure\n|move|p2a: Magic|Pollen Puff|p2b: Charizart\n|-heal|p2b: Charizart|97\/100 slp\n|move|p1b: Ive|Pollen Puff|p2b: Charizart\n|-resisted|p2b: Charizart\n|-damage|p2b: Charizart|88\/100 slp\n|\n|-heal|p1b: Ive|99\/100|[from] item: Black Sludge\n|-damage|p2b: Charizart|76\/100 slp|[from] Salt Cure\n|-damage|p2a: Magic|61\/100|[from] Salt Cure\n|upkeep\n|turn|4\n|inactive|Kiky14 has 30 seconds left.\n|\n|t:|1683901906\n|switch|p1a: Viviz|Flutter Mane, L50|100\/100\n|-enditem|p1a: Viviz|Booster Energy\n|-activate|p1a: Viviz|ability: Protosynthesis|[fromitem]\n|-start|p1a: Viviz|protosynthesisspa\n|cant|p2b: Charizart|slp\n|move|p2a: Magic|Pollen Puff|p2b: Charizart\n|-heal|p2b: Charizart|100\/100 slp\n|move|p1b: Ive|Spore|p2b: Charizart\n|-fail|p2b: Charizart|slp\n|\n|-heal|p1b: Ive|100\/100|[from] item: Black Sludge\n|-damage|p2b: Charizart|88\/100 slp|[from] Salt Cure\n|-damage|p2a: Magic|49\/100|[from] Salt Cure\n|upkeep\n|-enditem|p2a: Magic|Sitrus Berry|[eat]\n|-heal|p2a: Magic|74\/100|[from] item: Sitrus Berry\n|turn|5\n|inactive|Kiky14 has 30 seconds left.\n|\n|t:|1683901938\n|-terastallize|p2b: Charizart|Fire\n|move|p1a: Viviz|Dazzling Gleam|p2a: Magic|[spread] p2a,p2b\n|-resisted|p2a: Magic\n|-resisted|p2b: Charizart\n|-damage|p2a: Magic|51\/100\n|-damage|p2b: Charizart|67\/100 slp\n|-curestatus|p2b: Charizart|slp|[msg]\n|move|p2b: Charizart|Heat Wave|p1b: Ive|[spread] p1a\n|-miss|p2b: Charizart|p1b: Ive\n|-damage|p1a: Viviz|54\/100\n|-damage|p2b: Charizart|57\/100|[from] item: Life Orb\n|move|p2a: Magic|Pollen Puff|p2b: Charizart\n|-heal|p2b: Charizart|100\/100\n|move|p1b: Ive|Spore|p2b: Charizart\n|-status|p2b: Charizart|slp|[from] move: Spore\n|\n|-damage|p2b: Charizart|88\/100 slp|[from] Salt Cure\n|-damage|p2a: Magic|39\/100|[from] Salt Cure\n|upkeep\n|turn|6\n|inactive|Kiky14 has 30 seconds left.\n|inactive|Albert Clanchez has 30 seconds left.\n|inactive|Kiky14 has 20 seconds left.\n|\n|t:|1683901974\n|move|p1a: Viviz|Mystical Fire|p2a: Magic\n|-supereffective|p2a: Magic\n|-damage|p2a: Magic|0 fnt\n|faint|p2a: Magic\n|cant|p2b: Charizart|slp\n|move|p1b: Ive|Pollen Puff|p1a: Viviz\n|-heal|p1a: Viviz|100\/100\n|\n|-damage|p2b: Charizart|76\/100 slp|[from] Salt Cure\n|upkeep\n|\n|t:|1683901986\n|switch|p2a: Mistreavus|Flutter Mane, L50, shiny|100\/100\n|turn|7\n|inactive|Kiky14 has 30 seconds left.\n|\n|t:|1683902019\n|-terastallize|p1a: Viviz|Fairy\n|move|p1b: Ive|Rage Powder|p1b: Ive\n|-singleturn|p1b: Ive|move: Rage Powder\n|move|p1a: Viviz|Shadow Ball|p2a: Mistreavus\n|-supereffective|p2a: Mistreavus\n|-crit|p2a: Mistreavus\n|-damage|p2a: Mistreavus|0 fnt\n|faint|p2a: Mistreavus\n|-end|p2a: Mistreavus|Protosynthesis|[silent]\n|cant|p2b: Charizart|slp\n|\n|-damage|p2b: Charizart|64\/100 slp|[from] Salt Cure\n|upkeep\n|-message|Albert Clanchez forfeited.\n|\n|win|Kiky14\n|raw|Kiky14's rating: 1130 → 1159<\/strong> (+29 for winning)\n|raw|Albert Clanchez's rating: 1187 → 1158<\/strong> (-29 for losing)\n|l|\u2606Albert Clanchez\n","uploadtime":1683902107,"views":12,"p1id":"kiky14","p2id":"albertclanchez","formatid":"gen9vgc2023regulationc","rating":1158,"private":0,"password":""}