{"id":"gen9vgc2023regulationc-1851819307","p1":"Piggymon10","p2":"Jonita08","format":"[Gen 9] VGC 2023 Regulation C","log":"|j|\u2606Piggymon10\n|j|\u2606Jonita08\n|t:|1682489512\n|gametype|doubles\n|player|p1|Piggymon10|zinnia|1116\n|player|p2|Jonita08|101|1027\n|teamsize|p1|6\n|teamsize|p2|6\n|gen|9\n|tier|[Gen 9] VGC 2023 Regulation C\n|rated|\n|rule|Species Clause: Limit one of each Pok\u00e9mon\n|rule|Item Clause: Limit one of each item\n|clearpoke\n|poke|p1|Wo-Chien, L50|\n|poke|p1|Flutter Mane, L50|\n|poke|p1|Great Tusk, L50|\n|poke|p1|Garganacl, L50, F|\n|poke|p1|Arcanine, L50, F|\n|poke|p1|Sandy Shocks, L50|\n|poke|p2|Lumineon, L50, F|\n|poke|p2|Amoonguss, L50, F|\n|poke|p2|Baxcalibur, L50, F|\n|poke|p2|Ceruledge, L50, F|\n|poke|p2|Ting-Lu, L50|\n|poke|p2|Rotom-Heat, L50|\n|teampreview|4\n|inactive|Battle timer is ON: inactive players will automatically lose when time's up. (requested by Piggymon10)\n|c|\u2606Piggymon10|glhf\n|inactive|Piggymon10 has 60 seconds left.\n|inactive|Jonita08 has 60 seconds left.\n|\n|t:|1682489569\n|start\n|switch|p1a: the dawg in him|Arcanine, L50, F|100\/100\n|switch|p1b: based sexer|Flutter Mane, L50, shiny|100\/100\n|switch|p2a: Baxcalibur|Baxcalibur, L50, F|100\/100\n|switch|p2b: Lumineon|Lumineon, L50, F|100\/100\n|-ability|p1a: the dawg in him|Intimidate|boost\n|-unboost|p2a: Baxcalibur|atk|1\n|-unboost|p2b: Lumineon|atk|1\n|turn|1\n|\n|t:|1682489592\n|-terastallize|p2a: Baxcalibur|Fairy\n|move|p1b: based sexer|Protect|p1b: based sexer\n|-singleturn|p1b: based sexer|Protect\n|move|p1a: the dawg in him|Sunny Day|p1a: the dawg in him\n|-weather|SunnyDay\n|-activate|p1b: based sexer|ability: Protosynthesis\n|-start|p1b: based sexer|protosynthesisspe\n|move|p2b: Lumineon|Tailwind|p2b: Lumineon\n|-sidestart|p2: Jonita08|move: Tailwind\n|move|p2a: Baxcalibur|Icicle Spear|p1b: based sexer\n|-activate|p1b: based sexer|move: Protect\n|\n|-weather|SunnyDay|[upkeep]\n|upkeep\n|turn|2\n|inactive|Piggymon10 has 30 seconds left.\n|inactive|Jonita08 has 30 seconds left.\n|\n|t:|1682489619\n|-terastallize|p1b: based sexer|Fairy\n|move|p1b: based sexer|Moonblast|p2a: Baxcalibur\n|-damage|p2a: Baxcalibur|36\/100\n|move|p2b: Lumineon|Encore|p1a: the dawg in him\n|-start|p1a: the dawg in him|Encore\n|move|p2a: Baxcalibur|Icicle Spear|p1b: based sexer\n|-damage|p1b: based sexer|77\/100\n|-damage|p1b: based sexer|54\/100\n|-damage|p1b: based sexer|28\/100\n|-damage|p1b: based sexer|4\/100\n|-damage|p1b: based sexer|0 fnt\n|faint|p1b: based sexer\n|-end|p1b: based sexer|Protosynthesis|[silent]\n|-hitcount|p1: based sexer|5\n|move|p1a: the dawg in him|Sunny Day||[still]\n|-fail|p1a: the dawg in him\n|\n|-weather|SunnyDay|[upkeep]\n|upkeep\n|\n|t:|1682489634\n|switch|p1b: fatass|Great Tusk, L50|100\/100\n|-activate|p1b: fatass|ability: Protosynthesis\n|-start|p1b: fatass|protosynthesisatk\n|turn|3\n|\n|t:|1682489644\n|switch|p1a: electric type|Sandy Shocks, L50|100\/100\n|-activate|p1a: electric type|ability: Protosynthesis\n|-start|p1a: electric type|protosynthesisspa\n|move|p2b: Lumineon|Icy Wind|p1a: electric type|[spread] p1a,p1b\n|-supereffective|p1a: electric type\n|-supereffective|p1b: fatass\n|-damage|p1a: electric type|88\/100\n|-damage|p1b: fatass|78\/100\n|-unboost|p1a: electric type|spe|1\n|-unboost|p1b: fatass|spe|1\n|move|p2a: Baxcalibur|Icicle Spear|p1b: fatass\n|-supereffective|p1b: fatass\n|-damage|p1b: fatass|62\/100\n|-supereffective|p1b: fatass\n|-damage|p1b: fatass|46\/100\n|-supereffective|p1b: fatass\n|-damage|p1b: fatass|29\/100\n|-supereffective|p1b: fatass\n|-damage|p1b: fatass|13\/100\n|-supereffective|p1b: fatass\n|-damage|p1b: fatass|0 fnt\n|faint|p1b: fatass\n|-end|p1b: fatass|Protosynthesis|[silent]\n|-hitcount|p1: fatass|5\n|\n|-weather|SunnyDay|[upkeep]\n|upkeep\n|\n|t:|1682489654\n|switch|p1b: the dawg in him|Arcanine, L50, F|100\/100\n|-ability|p1b: the dawg in him|Intimidate|boost\n|-unboost|p2a: Baxcalibur|atk|1\n|-unboost|p2b: Lumineon|atk|1\n|turn|4\n|inactive|Jonita08 has 30 seconds left.\n|\n|t:|1682489682\n|switch|p2a: Rotom|Rotom-Heat, L50|100\/100\n|move|p2b: Lumineon|Icy Wind|p1b: the dawg in him|[spread] p1a,p1b\n|-supereffective|p1a: electric type\n|-resisted|p1b: the dawg in him\n|-damage|p1a: electric type|75\/100\n|-damage|p1b: the dawg in him|97\/100\n|-unboost|p1a: electric type|spe|1\n|-unboost|p1b: the dawg in him|spe|1\n|move|p1b: the dawg in him|Flare Blitz|p2a: Rotom\n|-resisted|p2a: Rotom\n|-damage|p2a: Rotom|64\/100\n|-damage|p1b: the dawg in him|89\/100|[from] Recoil\n|move|p1a: electric type|Thunderbolt|p2b: Lumineon\n|-supereffective|p2b: Lumineon\n|-damage|p2b: Lumineon|0 fnt\n|faint|p2b: Lumineon\n|\n|-weather|SunnyDay|[upkeep]\n|-sideend|p2: Jonita08|move: Tailwind\n|upkeep\n|\n|t:|1682489702\n|switch|p2b: Amoonguss|Amoonguss, L50, F|100\/100\n|turn|5\n|\n|t:|1682489714\n|move|p2a: Rotom|Nasty Plot|p2a: Rotom\n|-boost|p2a: Rotom|spa|2\n|move|p1b: the dawg in him|Flare Blitz|p2b: Amoonguss\n|-supereffective|p2b: Amoonguss\n|-damage|p2b: Amoonguss|0 fnt\n|faint|p2b: Amoonguss\n|-damage|p1b: the dawg in him|54\/100|[from] Recoil\n|move|p1a: electric type|Power Gem|p2a: Rotom\n|-supereffective|p2a: Rotom\n|-damage|p2a: Rotom|0 fnt\n|faint|p2a: Rotom\n|\n|-weather|SunnyDay|[upkeep]\n|upkeep\n|\n|t:|1682489730\n|switch|p2b: Baxcalibur|Baxcalibur, L50, F, tera:Fairy|36\/100\n|turn|6\n|\n|t:|1682489743\n|move|p2b: Baxcalibur|Tera Blast|p1b: the dawg in him\n|-resisted|p1b: the dawg in him\n|-damage|p1b: the dawg in him|30\/100\n|move|p1b: the dawg in him|Flare Blitz|p2b: Baxcalibur\n|-damage|p2b: Baxcalibur|0 fnt\n|faint|p2b: Baxcalibur\n|-damage|p1b: the dawg in him|17\/100|[from] Recoil\n|\n|win|Piggymon10\n|raw|Piggymon10's rating: 1116 → 1135<\/strong> (+19 for winning)\n|raw|Jonita08's rating: 1027 → 1016<\/strong> (-11 for losing)\n|c|\u2606Piggymon10|gg\n|l|\u2606Jonita08\n","uploadtime":1682489754,"views":20,"p1id":"piggymon10","p2id":"jonita08","formatid":"gen9vgc2023regulationc","rating":1016,"private":0,"password":""}