{"id":"gen9vgc2023regulationc-1850370162","p1":"SunriseArrow","p2":"Can'tStopFalling","format":"[Gen 9] VGC 2023 Regulation C","log":"|j|\u2606SunriseArrow\n|j|\u2606Can'tStopFalling\n|t:|1682326280\n|gametype|doubles\n|player|p1|SunriseArrow|jasmine|1267\n|player|p2|Can'tStopFalling|parasollady|1315\n|teamsize|p1|6\n|teamsize|p2|6\n|gen|9\n|tier|[Gen 9] VGC 2023 Regulation C\n|rated|\n|rule|Species Clause: Limit one of each Pok\u00e9mon\n|rule|Item Clause: Limit one of each item\n|clearpoke\n|poke|p1|Flutter Mane, L50|\n|poke|p1|Arcanine, L50, F|\n|poke|p1|Amoonguss, L50, F|\n|poke|p1|Palafin, L50, F|\n|poke|p1|Great Tusk, L50|\n|poke|p1|Iron Hands, L50|\n|poke|p2|Palafin, L50, M|\n|poke|p2|Amoonguss, L50, F|\n|poke|p2|Arcanine, L50, F|\n|poke|p2|Flutter Mane, L50|\n|poke|p2|Stonjourner, L50, F|\n|poke|p2|Farigiraf, L50, F|\n|teampreview|4\n|inactive|Battle timer is ON: inactive players will automatically lose when time's up. (requested by SunriseArrow)\n|inactive|SunriseArrow has 60 seconds left.\n|inactive|Can'tStopFalling has 60 seconds left.\n|\n|t:|1682326336\n|start\n|switch|p1a: Iron Hands|Iron Hands, L50|100\/100\n|switch|p1b: Palafin|Palafin, L50, F|100\/100\n|switch|p2a: Cherry|Farigiraf, L50, F, shiny|100\/100\n|switch|p2b: Passionfruit|Flutter Mane, L50|100\/100\n|turn|1\n|inactive|SunriseArrow has 30 seconds left.\n|\n|t:|1682326367\n|detailschange|p1b: Palafin|Palafin-Hero, L50, F\n|switch|p1b: Arcanine|Arcanine, L50, F|100\/100\n|-ability|p1b: Arcanine|Intimidate|boost\n|-unboost|p2a: Cherry|atk|1\n|-unboost|p2b: Passionfruit|atk|1\n|-terastallize|p2b: Passionfruit|Fairy\n|move|p2b: Passionfruit|Dazzling Gleam|p1a: Iron Hands|[spread] p1a,p1b\n|-supereffective|p1a: Iron Hands\n|-resisted|p1b: Arcanine\n|-damage|p1a: Iron Hands|64\/100\n|-damage|p1b: Arcanine|80\/100\n|move|p2a: Cherry|Hyper Voice|p1a: Iron Hands|[spread] p1a,p1b\n|-damage|p1a: Iron Hands|50\/100\n|-damage|p1b: Arcanine|50\/100\n|-enditem|p2a: Cherry|Throat Spray\n|-boost|p2a: Cherry|spa|1|[from] item: Throat Spray\n|move|p1a: Iron Hands|Heavy Slam|p2b: Passionfruit\n|-supereffective|p2b: Passionfruit\n|-damage|p2b: Passionfruit|2\/100\n|\n|upkeep\n|turn|2\n|inactive|SunriseArrow has 30 seconds left.\n|\n|t:|1682326396\n|-end|p2b: Passionfruit|Protosynthesis|[silent]\n|switch|p2b: Papaya|Stonjourner, L50, F|100\/100\n|move|p1b: Arcanine|Will-O-Wisp|p2b: Papaya\n|-status|p2b: Papaya|brn\n|move|p2a: Cherry|Hyper Voice|p1a: Iron Hands|[spread] p1a,p1b\n|-damage|p1a: Iron Hands|22\/100\n|-damage|p1b: Arcanine|0 fnt\n|faint|p1b: Arcanine\n|move|p1a: Iron Hands|Drain Punch|p2a: Cherry\n|-damage|p2a: Cherry|61\/100\n|-heal|p1a: Iron Hands|40\/100|[from] drain|[of] p2a: Cherry\n|\n|-damage|p2b: Papaya|95\/100 brn|[from] brn\n|upkeep\n|inactive|SunriseArrow has 30 seconds left.\n|\n|t:|1682326426\n|switch|p1b: Great Tusk|Great Tusk, L50|100\/100\n|turn|3\n|\n|t:|1682326436\n|switch|p2b: Banana|Arcanine, L50, F|100\/100\n|-ability|p2b: Banana|Intimidate|boost\n|-unboost|p1a: Iron Hands|atk|1\n|-unboost|p1b: Great Tusk|atk|1\n|move|p2a: Cherry|Protect|p2a: Cherry\n|-singleturn|p2a: Cherry|Protect\n|move|p1b: Great Tusk|Headlong Rush|p2b: Banana\n|-supereffective|p2b: Banana\n|-damage|p2b: Banana|18\/100\n|-unboost|p1b: Great Tusk|def|1\n|-unboost|p1b: Great Tusk|spd|1\n|move|p1a: Iron Hands|Drain Punch|p2a: Cherry\n|-activate|p2a: Cherry|move: Protect\n|\n|upkeep\n|turn|4\n|\n|t:|1682326459\n|move|p2b: Banana|Extreme Speed|p1b: Great Tusk\n|-damage|p1b: Great Tusk|76\/100\n|move|p1b: Great Tusk|Headlong Rush|p2b: Banana\n|-supereffective|p2b: Banana\n|-damage|p2b: Banana|0 fnt\n|-unboost|p1b: Great Tusk|def|1\n|-unboost|p1b: Great Tusk|spd|1\n|faint|p2b: Banana\n|move|p2a: Cherry|Hyper Voice|p1b: Great Tusk|[spread] p1a,p1b\n|-damage|p1a: Iron Hands|19\/100\n|-damage|p1b: Great Tusk|0 fnt\n|faint|p1b: Great Tusk\n|-end|p1b: Great Tusk|Protosynthesis|[silent]\n|move|p1a: Iron Hands|Drain Punch|p2a: Cherry\n|-damage|p2a: Cherry|33\/100\n|-heal|p1a: Iron Hands|32\/100|[from] drain|[of] p2a: Cherry\n|\n|upkeep\n|\n|t:|1682326477\n|switch|p1b: Palafin|Palafin-Hero, L50, F|100\/100\n|switch|p2b: Passionfruit|Flutter Mane, L50, tera:Fairy|2\/100\n|-activate|p1b: Palafin|ability: Zero to Hero\n|turn|5\n|\n|t:|1682326490\n|move|p2a: Cherry|Protect|p2a: Cherry\n|-singleturn|p2a: Cherry|Protect\n|move|p1b: Palafin|Wave Crash|p2a: Cherry\n|-activate|p2a: Cherry|move: Protect\n|move|p2b: Passionfruit|Dazzling Gleam|p1b: Palafin|[spread] p1a,p1b\n|-supereffective|p1a: Iron Hands\n|-damage|p1a: Iron Hands|0 fnt\n|-damage|p1b: Palafin|58\/100\n|faint|p1a: Iron Hands\n|-end|p1a: Iron Hands|Quark Drive|[silent]\n|\n|upkeep\n|turn|6\n|\n|t:|1682326505\n|move|p1b: Palafin|Wave Crash|p2b: Passionfruit\n|-damage|p2b: Passionfruit|0 fnt\n|faint|p2b: Passionfruit\n|-end|p2b: Passionfruit|Protosynthesis|[silent]\n|-damage|p1b: Palafin|58\/100|[from] Recoil\n|move|p2a: Cherry|Hyper Voice|p1b: Palafin\n|-damage|p1b: Palafin|0 fnt\n|faint|p1b: Palafin\n|\n|win|Can'tStopFalling\n|raw|SunriseArrow's rating: 1267 → 1245<\/strong> (-22 for losing)\n|raw|Can'tStopFalling's rating: 1315 → 1332<\/strong> (+17 for winning)\n","uploadtime":1682326621,"views":31,"p1id":"sunrisearrow","p2id":"cantstopfalling","formatid":"gen9vgc2023regulationc","rating":1245,"private":0,"password":""}