{"id":"gen9vgc2023regulationc-1857957637","p1":"CH4NGE","p2":"leonnov123","format":"[Gen 9] VGC 2023 Regulation C","log":"|j|\u2606CH4NGE\n|j|\u2606leonnov123\n|t:|1683252249\n|gametype|doubles\n|player|p1|CH4NGE|lady|1319\n|player|p2|leonnov123|102|1339\n|teamsize|p1|6\n|teamsize|p2|6\n|gen|9\n|tier|[Gen 9] VGC 2023 Regulation C\n|rated|\n|rule|Species Clause: Limit one of each Pok\u00e9mon\n|rule|Item Clause: Limit one of each item\n|clearpoke\n|poke|p1|Flutter Mane, L50|\n|poke|p1|Arcanine, L50, M|\n|poke|p1|Palafin, L50, M|\n|poke|p1|Amoonguss, L50, F|\n|poke|p1|Dragonite, L50, F|\n|poke|p1|Ting-Lu, L50|\n|poke|p2|Glimmora, L50, F|\n|poke|p2|Dragonite, L50, M|\n|poke|p2|Chien-Pao, L50|\n|poke|p2|Ceruledge, L50, M|\n|poke|p2|Tatsugiri-Stretchy, L50, M|\n|poke|p2|Dondozo, L50, M|\n|teampreview|4\nCH4NGE has agreed to open team sheets.\nleonnov123 has agreed to open team sheets.\n|inactive|Battle timer is ON: inactive players will automatically lose when time's up. (requested by leonnov123)\n|\n|t:|1683252326\n|start\n|switch|p1a: Ting-Lu|Ting-Lu, L50|100\/100\n|switch|p1b: Arcanine|Arcanine, L50, M|100\/100\n|switch|p2a: Glimmora|Glimmora, L50, F|100\/100\n|switch|p2b: Ceruledge|Ceruledge, L50, M|100\/100\n|-ability|p1b: Arcanine|Intimidate|boost\n|-unboost|p2a: Glimmora|atk|1\n|-fail|p2b: Ceruledge|unboost|[from] item: Clear Amulet|[of] p2b: Ceruledge\n|-ability|p1a: Ting-Lu|Vessel of Ruin\n|turn|1\n|inactive|CH4NGE has 30 seconds left.\n|inactive|leonnov123 has 30 seconds left.\n|inactive|leonnov123 has 20 seconds left.\n|inactive|leonnov123 has 15 seconds left.\n|inactive|leonnov123 has 10 seconds left.\n|inactive|leonnov123 has 5 seconds left.\n|\n|t:|1683252377\n|switch|p2b: Dragonite|Dragonite, L50, M|100\/100\n|-terastallize|p2a: Glimmora|Grass\n|-terastallize|p1a: Ting-Lu|Poison\n|move|p1b: Arcanine|Howl|p1b: Arcanine|[spread] p1a,p1b\n|-boost|p1a: Ting-Lu|atk|1\n|-boost|p1b: Arcanine|atk|1\n|move|p2a: Glimmora|Energy Ball|p1a: Ting-Lu\n|-resisted|p1a: Ting-Lu\n|-damage|p1a: Ting-Lu|92\/100\n|-unboost|p1a: Ting-Lu|spd|1\n|move|p1a: Ting-Lu|Stomping Tantrum|p2b: Dragonite\n|-immune|p2b: Dragonite\n|\n|upkeep\n|turn|2\n|inactive|leonnov123 has 30 seconds left.\n|\n|t:|1683252411\n|switch|p2a: Ceruledge|Ceruledge, L50, M|100\/100\n|move|p1b: Arcanine|Flare Blitz|p2a: Ceruledge\n|-start|p2a: Ceruledge|ability: Flash Fire\n|move|p2b: Dragonite|Tailwind|p2b: Dragonite\n|-sidestart|p2: leonnov123|move: Tailwind\n|move|p1a: Ting-Lu|Rock Tomb|p2b: Dragonite\n|-supereffective|p2b: Dragonite\n|-damage|p2b: Dragonite|71\/100\n|-unboost|p2b: Dragonite|spe|1\n|\n|upkeep\n|turn|3\n|inactive|leonnov123 has 30 seconds left.\n|\n|t:|1683252438\n|move|p2b: Dragonite|Extreme Speed|p1a: Ting-Lu\n|-damage|p1a: Ting-Lu|72\/100\n|move|p2a: Ceruledge|Bitter Blade|p1a: Ting-Lu\n|-damage|p1a: Ting-Lu|27\/100\n|move|p1b: Arcanine|Howl|p1b: Arcanine|[spread] p1a,p1b\n|-boost|p1a: Ting-Lu|atk|1\n|-boost|p1b: Arcanine|atk|1\n|move|p1a: Ting-Lu|Stomping Tantrum|p2a: Ceruledge\n|-supereffective|p2a: Ceruledge\n|-damage|p2a: Ceruledge|0 fnt\n|faint|p2a: Ceruledge\n|\n|upkeep\n|\n|t:|1683252456\n|switch|p2a: Glimmora|Glimmora, L50, F, tera:Grass|100\/100\n|turn|4\n|\n|t:|1683252467\n|move|p2b: Dragonite|Extreme Speed|p1a: Ting-Lu\n|-damage|p1a: Ting-Lu|8\/100\n|move|p2a: Glimmora|Power Gem|p1a: Ting-Lu\n|-damage|p1a: Ting-Lu|0 fnt\n|faint|p1a: Ting-Lu\n|move|p1b: Arcanine|Howl|p1b: Arcanine\n|-boost|p1b: Arcanine|atk|1\n|\n|upkeep\n|\n|t:|1683252475\n|switch|p1a: Dragonite|Dragonite, L50, F|100\/100\n|turn|5\n|\n|t:|1683252492\n|move|p2a: Glimmora|Mortal Spin|p1a: Dragonite|[spread] p1a,p1b\n|-damage|p1a: Dragonite|98\/100\n|-damage|p1b: Arcanine|97\/100\n|-status|p1a: Dragonite|psn\n|-enditem|p1a: Dragonite|Lum Berry|[eat]\n|-curestatus|p1a: Dragonite|psn|[msg]\n|-status|p1b: Arcanine|psn\n|move|p2b: Dragonite|Outrage|p1b: Arcanine\n|-damage|p1b: Arcanine|26\/100 psn\n|move|p1b: Arcanine|Flare Blitz|p2a: Glimmora\n|-supereffective|p2a: Glimmora\n|-damage|p2a: Glimmora|0 fnt\n|-activate|p2a: Glimmora|ability: Toxic Debris\n|-sidestart|p1: CH4NGE|move: Toxic Spikes\n|faint|p2a: Glimmora\n|-damage|p1b: Arcanine|0 fnt|[from] Recoil\n|faint|p1b: Arcanine\n|move|p1a: Dragonite|Ice Spinner|p2b: Dragonite\n|-supereffective|p2b: Dragonite\n|-damage|p2b: Dragonite|0 fnt\n|faint|p2b: Dragonite\n|\n|-sideend|p2: leonnov123|move: Tailwind\n|upkeep\n|\n|t:|1683252513\n|switch|p1b: Amoonguss|Amoonguss, L50, F|100\/100\n|switch|p2a: Chien-Pao|Chien-Pao, L50|100\/100\n|-ability|p2a: Chien-Pao|Sword of Ruin\n|-sideend|p1: CH4NGE|move: Toxic Spikes|[of] p1b: Amoonguss\n|turn|6\n|inactive|leonnov123 has 30 seconds left.\n|\n|t:|1683252540\n|move|p1a: Dragonite|Extreme Speed|p2a: Chien-Pao\n|-damage|p2a: Chien-Pao|56\/100\n|move|p1b: Amoonguss|Rage Powder|p1b: Amoonguss\n|-singleturn|p1b: Amoonguss|move: Rage Powder\n|move|p2a: Chien-Pao|Sacred Sword|p1b: Amoonguss\n|-resisted|p1b: Amoonguss\n|-damage|p1b: Amoonguss|83\/100\n|\n|upkeep\n|turn|7\n|\n|t:|1683252559\n|move|p1a: Dragonite|Extreme Speed|p2a: Chien-Pao\n|-damage|p2a: Chien-Pao|11\/100\n|move|p2a: Chien-Pao|Ice Spinner|p1b: Amoonguss\n|-supereffective|p1b: Amoonguss\n|-damage|p1b: Amoonguss|0 fnt\n|faint|p1b: Amoonguss\n|\n|upkeep\n|turn|8\n|\n|t:|1683252567\n|move|p2a: Chien-Pao|Protect|p2a: Chien-Pao\n|-singleturn|p2a: Chien-Pao|Protect\n|move|p1a: Dragonite|Extreme Speed|p2a: Chien-Pao\n|-activate|p2a: Chien-Pao|move: Protect\n|\n|upkeep\n|turn|9\n|l|\u2606leonnov123\n|inactive|leonnov123 disconnected and has a minute to reconnect!\n|player|p2|\n|inactive|leonnov123 has 30 seconds left.\n|j|\u2606leonnov123\n|inactive|leonnov123 reconnected and has 30 seconds left.\n|player|p2|leonnov123|102\n|\n|t:|1683252600\n|move|p1a: Dragonite|Extreme Speed|p2a: Chien-Pao\n|-damage|p2a: Chien-Pao|0 fnt\n|faint|p2a: Chien-Pao\n|\n|win|CH4NGE\n|raw|CH4NGE's rating: 1319 → 1340<\/strong> (+21 for winning)\n|raw|leonnov123's rating: 1339 → 1318<\/strong> (-21 for losing)\n|l|\u2606leonnov123\n","uploadtime":1683252617,"views":10,"p1id":"ch4nge","p2id":"leonnov123","formatid":"gen9vgc2023regulationc","rating":1318,"private":0,"password":""}