{"id":"gen9vgc2023regulationc-1850959742","p1":"Beaugardes","p2":"Azun","format":"[Gen 9] VGC 2023 Regulation C","log":"|j|\u2606Beaugardes\n|j|\u2606Azun\n|t:|1682387133\n|gametype|doubles\n|player|p1|Beaugardes|silver-gen2kanto|1519\n|player|p2|Azun|266|1642\n|teamsize|p1|6\n|teamsize|p2|6\n|gen|9\n|tier|[Gen 9] VGC 2023 Regulation C\n|rated|\n|rule|Species Clause: Limit one of each Pok\u00e9mon\n|rule|Item Clause: Limit one of each item\n|clearpoke\n|poke|p1|Torkoal, L50, F|\n|poke|p1|Hatterene, L50, F|\n|poke|p1|Farigiraf, L50, M|\n|poke|p1|Kingambit, L50, M|\n|poke|p1|Brute Bonnet, L50|\n|poke|p1|Iron Hands, L50|\n|poke|p2|Annihilape, L50, M|\n|poke|p2|Gallade, L50, M|\n|poke|p2|Indeedee-F, L50, F|\n|poke|p2|Arcanine, L50, M|\n|poke|p2|Flutter Mane, L50|\n|poke|p2|Iron Bundle, L50|\n|teampreview|4\n|inactive|Battle timer is ON: inactive players will automatically lose when time's up. (requested by Azun)\n|inactive|Beaugardes also wants the timer to be on.\nBeaugardes has agreed to open team sheets.\nAzun has agreed to open team sheets.\n|j| Cokapuff\n|inactive|Beaugardes has 60 seconds left.\n|inactive|Azun has 60 seconds left.\n|inactive|Beaugardes has 30 seconds left.\n|inactive|Azun has 30 seconds left.\n|inactive|Beaugardes has 20 seconds left.\n|inactive|Azun has 20 seconds left.\n|inactive|Beaugardes has 15 seconds left.\n|inactive|Azun has 15 seconds left.\n|inactive|Beaugardes has 10 seconds left.\n|inactive|Azun has 10 seconds left.\n|inactive|Beaugardes has 5 seconds left.\n|\n|t:|1682387221\n|start\n|switch|p1a: Hatterene|Hatterene, L50, F|100\/100\n|switch|p1b: Farigiraf|Farigiraf, L50, M|100\/100\n|switch|p2a: Flutter Mane|Flutter Mane, L50|100\/100\n|switch|p2b: Annihilape|Annihilape, L50, M|100\/100\n|-item|p2a: Flutter Mane|Air Balloon\n|turn|1\n|inactive|Azun has 30 seconds left.\n|\n|t:|1682387249\n|-terastallize|p2b: Annihilape|Fire\n|move|p1b: Farigiraf|Protect|p1b: Farigiraf\n|-singleturn|p1b: Farigiraf|Protect\n|move|p2a: Flutter Mane|Taunt|p1b: Farigiraf\n|-activate|p1b: Farigiraf|move: Protect\n|move|p2b: Annihilape|Phantom Force||[still]\n|-prepare|p2b: Annihilape|Phantom Force\n|move|p1a: Hatterene|Trick Room|p1a: Hatterene\n|-fieldstart|move: Trick Room|[of] p1a: Hatterene\n|\n|upkeep\n|turn|2\n|\n|t:|1682387272\n|switch|p1a: Kingambit|Kingambit, L50, M|100\/100\n|move|p2a: Flutter Mane|Protect|p2a: Flutter Mane\n|-singleturn|p2a: Flutter Mane|Protect\n|move|p1b: Farigiraf|Psychic|p2a: Flutter Mane\n|-activate|p2a: Flutter Mane|move: Protect\n|move|p2b: Annihilape|Phantom Force|p1a: Kingambit|[from]lockedmove\n|-resisted|p1a: Kingambit\n|-damage|p1a: Kingambit|85\/100\n|\n|upkeep\n|turn|3\n|l| Cokapuff\n|inactive|Azun has 30 seconds left.\n|inactive|Azun has 20 seconds left.\n|inactive|Azun has 15 seconds left.\n|\n|t:|1682387315\n|-terastallize|p1a: Kingambit|Fire\n|move|p1a: Kingambit|Kowtow Cleave|p2b: Annihilape\n|-damage|p2b: Annihilape|51\/100\n|move|p1b: Farigiraf|Hyper Voice|p2b: Annihilape|[spread] p2b\n|-immune|p2a: Flutter Mane\n|-damage|p2b: Annihilape|40\/100\n|-enditem|p1b: Farigiraf|Throat Spray\n|-boost|p1b: Farigiraf|spa|1|[from] item: Throat Spray\n|move|p2b: Annihilape|Drain Punch|p1a: Kingambit\n|-damage|p1a: Kingambit|58\/100\n|-heal|p2b: Annihilape|52\/100|[from] drain|[of] p1a: Kingambit\n|move|p2a: Flutter Mane|Shadow Ball|p1a: Kingambit\n|-damage|p1a: Kingambit|28\/100\n|-unboost|p1a: Kingambit|spd|1\n|-ability|p1a: Kingambit|Defiant|boost\n|-boost|p1a: Kingambit|atk|2\n|\n|upkeep\n|turn|4\n|j| xtyeah\n|inactive|Azun has 30 seconds left.\n|inactive|Azun has 20 seconds left.\n|inactive|Azun has 15 seconds left.\n|inactive|Azun has 10 seconds left.\n|\n|t:|1682387364\n|move|p1a: Kingambit|Kowtow Cleave|p2b: Annihilape\n|-damage|p2b: Annihilape|0 fnt\n|faint|p2b: Annihilape\n|move|p1b: Farigiraf|Psychic|p2a: Flutter Mane\n|-damage|p2a: Flutter Mane|48\/100\n|-unboost|p2a: Flutter Mane|spd|1\n|-enditem|p2a: Flutter Mane|Air Balloon\n|move|p2a: Flutter Mane|Shadow Ball|p1a: Kingambit\n|-damage|p1a: Kingambit|0 fnt\n|faint|p1a: Kingambit\n|\n|upkeep\n|\n|t:|1682387382\n|switch|p1a: Hatterene|Hatterene, L50, F|100\/100\n|switch|p2b: Arcanine|Arcanine, L50, M|100\/100\n|-ability|p2b: Arcanine|Intimidate|boost\n|-unboost|p1a: Hatterene|atk|1\n|-unboost|p1b: Farigiraf|atk|1\n|turn|5\n|inactive|Azun has 30 seconds left.\n|\n|t:|1682387409\n|move|p2a: Flutter Mane|Protect|p2a: Flutter Mane\n|-singleturn|p2a: Flutter Mane|Protect\n|move|p2b: Arcanine|Flare Blitz|p1a: Hatterene\n|-damage|p1a: Hatterene|29\/100\n|-status|p1a: Hatterene|brn\n|-damage|p2b: Arcanine|78\/100|[from] Recoil\n|move|p1a: Hatterene|Trick Room|p1a: Hatterene\n|-fieldend|move: Trick Room\n|move|p1b: Farigiraf|Trick Room|p1b: Farigiraf\n|-fieldstart|move: Trick Room|[of] p1b: Farigiraf\n|\n|-damage|p1a: Hatterene|23\/100 brn|[from] brn\n|upkeep\n|turn|6\n|inactive|Azun has 30 seconds left.\n|\n|t:|1682387437\n|move|p2b: Arcanine|Protect|p2b: Arcanine\n|-singleturn|p2b: Arcanine|Protect\n|move|p1a: Hatterene|Psychic|p2b: Arcanine\n|-activate|p2b: Arcanine|move: Protect\n|move|p1b: Farigiraf|Psychic|p2a: Flutter Mane\n|-damage|p2a: Flutter Mane|0 fnt\n|faint|p2a: Flutter Mane\n|-end|p2a: Flutter Mane|Protosynthesis|[silent]\n|\n|-damage|p1a: Hatterene|17\/100 brn|[from] brn\n|upkeep\n|\n|t:|1682387445\n|switch|p2a: Indeedee|Indeedee-F, L50, F|100\/100\n|-fieldstart|move: Psychic Terrain|[from] ability: Psychic Surge|[of] p2a: Indeedee\n|turn|7\n|inactive|Beaugardes has 30 seconds left.\n|\n|t:|1682387470\n|move|p2b: Arcanine|Protect||[still]\n|-fail|p2b: Arcanine\n|move|p1a: Hatterene|Psychic|p2b: Arcanine\n|-damage|p2b: Arcanine|0 fnt\n|faint|p2b: Arcanine\n|move|p1b: Farigiraf|Hyper Voice|p2a: Indeedee\n|-damage|p2a: Indeedee|58\/100\n|move|p2a: Indeedee|Trick Room|p2a: Indeedee\n|-fieldend|move: Trick Room\n|\n|-damage|p1a: Hatterene|11\/100 brn|[from] brn\n|upkeep\n|turn|8\n|-message|Azun forfeited.\n|\n|win|Beaugardes\n|raw|Beaugardes's rating: 1519 → 1546<\/strong> (+27 for winning)\n|raw|Azun's rating: 1642 → 1615<\/strong> (-27 for losing)\n|l|\u2606Azun\n|l| xtyeah\n","uploadtime":1682387497,"views":11,"p1id":"beaugardes","p2id":"azun","formatid":"gen9vgc2023regulationc","rating":1546,"private":0,"password":""}