{"id":"gen9vgc2023regulationc-1863381011","p1":"T0pAz666","p2":"JotaMuitoFixe","format":"[Gen 9] VGC 2023 Regulation C","log":"|j|\u2606T0pAz666\n|j|\u2606JotaMuitoFixe\n|t:|1684009694\n|gametype|doubles\n|player|p1|T0pAz666|1|1015\n|player|p2|JotaMuitoFixe|swimmer-gen4dp|1024\n|teamsize|p1|6\n|teamsize|p2|6\n|gen|9\n|tier|[Gen 9] VGC 2023 Regulation C\n|rated|\n|rule|Species Clause: Limit one of each Pok\u00e9mon\n|rule|Item Clause: Limit one of each item\n|clearpoke\n|poke|p1|Chi-Yu, L50|\n|poke|p1|Flutter Mane, L50|\n|poke|p1|Tyranitar, L50, M|\n|poke|p1|Arcanine, L50, F|\n|poke|p1|Dondozo, L50, M|\n|poke|p1|Tatsugiri, L50, F|\n|poke|p2|Rotom, L50|\n|poke|p2|Arcanine, L50, M|\n|poke|p2|Ting-Lu, L50|\n|poke|p2|Flutter Mane, L50|\n|poke|p2|Palafin, L50, F|\n|poke|p2|Garchomp, L50, F|\n|teampreview|4\n|\n|t:|1684009723\n|start\n|switch|p1a: Chi-Yu|Chi-Yu, L50|100\/100\n|switch|p1b: Tatsugiri|Tatsugiri, L50, F, shiny|100\/100\n|switch|p2a: Rotom|Rotom, L50|100\/100\n|switch|p2b: Palafin|Palafin, L50, F|100\/100\n|-ability|p1a: Chi-Yu|Beads of Ruin\n|turn|1\n|\n|t:|1684009753\n|move|p1a: Chi-Yu|Heat Wave|p2a: Rotom|[spread] p2a,p2b\n|-resisted|p2b: Palafin\n|-damage|p2a: Rotom|20\/100\n|-damage|p2b: Palafin|58\/100\n|move|p2a: Rotom|Light Screen|p2a: Rotom\n|-sidestart|p2: JotaMuitoFixe|move: Light Screen\n|move|p2b: Palafin|Close Combat|p1b: Tatsugiri\n|-damage|p1b: Tatsugiri|49\/100\n|-unboost|p2b: Palafin|def|1\n|-unboost|p2b: Palafin|spd|1\n|move|p1b: Tatsugiri|Muddy Water|p2a: Rotom|[spread] p2a\n|-miss|p1b: Tatsugiri|p2b: Palafin\n|-damage|p2a: Rotom|0 fnt\n|faint|p2a: Rotom\n|\n|upkeep\n|\n|t:|1684009770\n|switch|p2a: Ting-Lu|Ting-Lu, L50|100\/100\n|-ability|p2a: Ting-Lu|Vessel of Ruin\n|turn|2\n|\n|t:|1684009783\n|detailschange|p2b: Palafin|Palafin-Hero, L50, F\n|switch|p2b: Garchomp|Garchomp, L50, F|100\/100\n|move|p1a: Chi-Yu|Heat Wave|p2b: Garchomp|[spread] p2a,p2b\n|-resisted|p2b: Garchomp\n|-damage|p2a: Ting-Lu|83\/100\n|-damage|p2b: Garchomp|86\/100\n|move|p1b: Tatsugiri|Muddy Water|p2a: Ting-Lu|[spread] p2a,p2b\n|-supereffective|p2a: Ting-Lu\n|-damage|p2a: Ting-Lu|60\/100\n|-damage|p2b: Garchomp|67\/100\n|move|p2a: Ting-Lu|Body Press|p1b: Tatsugiri\n|-damage|p1b: Tatsugiri|9\/100\n|\n|-heal|p2a: Ting-Lu|66\/100|[from] item: Leftovers\n|upkeep\n|turn|3\n|\n|t:|1684009808\n|switch|p1a: Tyranitar|Tyranitar, L50, M, shiny|100\/100\n|-weather|Sandstorm|[from] ability: Sand Stream|[of] p1a: Tyranitar\n|switch|p1b: Dondozo|Dondozo, L50, M, shiny|100\/100\n|move|p2a: Ting-Lu|Protect|p2a: Ting-Lu\n|-singleturn|p2a: Ting-Lu|Protect\n|move|p2b: Garchomp|Earthquake|p1b: Dondozo|[spread] p1a,p1b\n|-activate|p2a: Ting-Lu|move: Protect\n|-supereffective|p1a: Tyranitar\n|-damage|p1a: Tyranitar|45\/100\n|-damage|p1b: Dondozo|74\/100\n|\n|-weather|Sandstorm|[upkeep]\n|-damage|p1b: Dondozo|68\/100|[from] Sandstorm\n|-heal|p2a: Ting-Lu|72\/100|[from] item: Leftovers\n|upkeep\n|turn|4\n|\n|t:|1684009837\n|switch|p1a: Tatsugiri|Tatsugiri, L50, F, shiny|9\/100\n|-activate|p1a: Tatsugiri|ability: Commander|[of] p1b: Dondozo\n|-boost|p1b: Dondozo|atk|2\n|-boost|p1b: Dondozo|spa|2\n|-boost|p1b: Dondozo|spe|2\n|-boost|p1b: Dondozo|def|2\n|-boost|p1b: Dondozo|spd|2\n|-terastallize|p1b: Dondozo|Grass\n|move|p1b: Dondozo|Waterfall|p2b: Garchomp\n|-damage|p2b: Garchomp|5\/100\n|-damage|p1b: Dondozo|55\/100|[from] ability: Rough Skin|[of] p2b: Garchomp\n|-damage|p1b: Dondozo|39\/100|[from] item: Rocky Helmet|[of] p2b: Garchomp\n|move|p2b: Garchomp|Earthquake|p1b: Dondozo|[spread] p2a,p1b\n|-miss|p2b: Garchomp|p1a: Tatsugiri\n|-resisted|p1b: Dondozo\n|-damage|p2a: Ting-Lu|51\/100\n|-damage|p1b: Dondozo|33\/100\n|move|p2a: Ting-Lu|Body Press|p1b: Dondozo\n|-damage|p1b: Dondozo|26\/100\n|\n|-weather|Sandstorm|[upkeep]\n|-damage|p1b: Dondozo|20\/100|[from] Sandstorm\n|-damage|p1a: Tatsugiri|3\/100|[from] Sandstorm\n|-heal|p2a: Ting-Lu|57\/100|[from] item: Leftovers\n|upkeep\n|turn|5\n|\n|t:|1684009886\n|move|p1b: Dondozo|Protect|p1b: Dondozo\n|-singleturn|p1b: Dondozo|Protect\n|move|p2b: Garchomp|Protect|p2b: Garchomp\n|-singleturn|p2b: Garchomp|Protect\n|move|p2a: Ting-Lu|Body Press|p1b: Dondozo\n|-activate|p1b: Dondozo|move: Protect\n|\n|-weather|Sandstorm|[upkeep]\n|-damage|p1b: Dondozo|13\/100|[from] Sandstorm\n|-damage|p1a: Tatsugiri|0 fnt|[from] Sandstorm\n|faint|p1a: Tatsugiri\n|-heal|p2a: Ting-Lu|63\/100|[from] item: Leftovers\n|upkeep\n|\n|t:|1684009902\n|switch|p1a: Chi-Yu|Chi-Yu, L50|100\/100\n|-ability|p1a: Chi-Yu|Beads of Ruin\n|turn|6\n|\n|t:|1684009915\n|move|p2b: Garchomp|Protect||[still]\n|-fail|p2b: Garchomp\n|move|p1a: Chi-Yu|Heat Wave|p2b: Garchomp|[spread] p2a,p2b\n|-resisted|p2b: Garchomp\n|-damage|p2a: Ting-Lu|49\/100\n|-damage|p2b: Garchomp|0 fnt\n|faint|p2b: Garchomp\n|move|p1b: Dondozo|Rest|p1b: Dondozo\n|-status|p1b: Dondozo|slp|[from] move: Rest\n|-heal|p1b: Dondozo|100\/100 slp|[silent]\n|-enditem|p1b: Dondozo|Chesto Berry|[eat]\n|-curestatus|p1b: Dondozo|slp|[msg]\n|move|p2a: Ting-Lu|Stomping Tantrum|p1a: Chi-Yu\n|-supereffective|p1a: Chi-Yu\n|-damage|p1a: Chi-Yu|17\/100\n|\n|-weather|Sandstorm|[upkeep]\n|-damage|p1a: Chi-Yu|10\/100|[from] Sandstorm\n|-damage|p1b: Dondozo|94\/100|[from] Sandstorm\n|-heal|p2a: Ting-Lu|55\/100|[from] item: Leftovers\n|upkeep\n|\n|t:|1684009934\n|switch|p2b: Palafin|Palafin-Hero, L50, F|58\/100\n|-activate|p2b: Palafin|ability: Zero to Hero\n|turn|7\n|\n|t:|1684009946\n|move|p1a: Chi-Yu|Heat Wave|p2b: Palafin|[spread] p2a\n|-miss|p1a: Chi-Yu|p2b: Palafin\n|-crit|p2a: Ting-Lu\n|-damage|p2a: Ting-Lu|17\/100\n|move|p1b: Dondozo|Tera Blast|p2b: Palafin\n|-supereffective|p2b: Palafin\n|-damage|p2b: Palafin|0 fnt\n|faint|p2b: Palafin\n|move|p2a: Ting-Lu|Stomping Tantrum|p1a: Chi-Yu\n|-supereffective|p1a: Chi-Yu\n|-damage|p1a: Chi-Yu|0 fnt\n|faint|p1a: Chi-Yu\n|\n|-weather|none\n|-heal|p2a: Ting-Lu|23\/100|[from] item: Leftovers\n|upkeep\n|\n|t:|1684009962\n|switch|p1a: Tyranitar|Tyranitar, L50, M, shiny|45\/100\n|-weather|Sandstorm|[from] ability: Sand Stream|[of] p1a: Tyranitar\n|turn|8\n|\n|t:|1684009973\n|-terastallize|p2a: Ting-Lu|Dark\n|move|p1b: Dondozo|Waterfall|p2a: Ting-Lu\n|-crit|p2a: Ting-Lu\n|-damage|p2a: Ting-Lu|0 fnt\n|faint|p2a: Ting-Lu\n|\n|win|T0pAz666\n|raw|T0pAz666's rating: 1015 → 1054<\/strong> (+39 for winning)\n|raw|JotaMuitoFixe's rating: 1024 → 1010<\/strong> (-14 for losing)\n","uploadtime":1684009995,"views":16,"p1id":"t0paz666","p2id":"jotamuitofixe","formatid":"gen9vgc2023regulationc","rating":1010,"private":0,"password":""}