{"id":"gen9vgc2023regulationc-1852455466","p1":"S.r Gare","p2":"simpleized","format":"[Gen 9] VGC 2023 Regulation C","log":"|j|\u2606S.r Gare\n|j|\u2606simpleized\n|t:|1682559783\n|gametype|doubles\n|player|p1|S.r Gare|red|1144\n|player|p2|simpleized|cynthia|1156\n|teamsize|p1|6\n|teamsize|p2|6\n|gen|9\n|tier|[Gen 9] VGC 2023 Regulation C\n|rated|\n|rule|Species Clause: Limit one of each Pok\u00e9mon\n|rule|Item Clause: Limit one of each item\n|clearpoke\n|poke|p1|Gyarados, L50, M|\n|poke|p1|Baxcalibur, L50, M|\n|poke|p1|Kingambit, L50, F|\n|poke|p1|Ting-Lu, L50|\n|poke|p1|Iron Moth, L50|\n|poke|p1|Flutter Mane, L50|\n|poke|p2|Dragapult, L50, F|\n|poke|p2|Armarouge, L50, F|\n|poke|p2|Indeedee-F, L50, F|\n|poke|p2|Amoonguss, L50, M|\n|poke|p2|Vaporeon, L50, F|\n|poke|p2|Sylveon, L50, M|\n|teampreview|4\n|inactive|Battle timer is ON: inactive players will automatically lose when time's up. (requested by S.r Gare)\n|\n|t:|1682559829\n|start\n|switch|p1a: Ting-Lu|Ting-Lu, L50|100\/100\n|switch|p1b: Flutter Mane|Flutter Mane, L50|100\/100\n|switch|p2a: Armarouge|Armarouge, L50, F|100\/100\n|switch|p2b: Indeedee|Indeedee-F, L50, F|100\/100\n|-fieldstart|move: Psychic Terrain|[from] ability: Psychic Surge|[of] p2b: Indeedee\n|-enditem|p2b: Indeedee|Psychic Seed\n|-boost|p2b: Indeedee|spd|1|[from] item: Psychic Seed\n|-ability|p1a: Ting-Lu|Vessel of Ruin\n|turn|1\n|\n|t:|1682559851\n|move|p2a: Armarouge|Protect|p2a: Armarouge\n|-singleturn|p2a: Armarouge|Protect\n|move|p1b: Flutter Mane|Moonblast|p2b: Indeedee\n|-damage|p2b: Indeedee|65\/100\n|-damage|p1b: Flutter Mane|91\/100|[from] item: Life Orb\n|move|p1a: Ting-Lu|Snarl|p2a: Armarouge|[spread] p2b\n|-activate|p2a: Armarouge|move: Protect\n|-supereffective|p2b: Indeedee\n|-damage|p2b: Indeedee|55\/100\n|-unboost|p2b: Indeedee|spa|1\n|move|p2b: Indeedee|Trick Room|p2b: Indeedee\n|-fieldstart|move: Trick Room|[of] p2b: Indeedee\n|\n|upkeep\n|turn|2\n|\n|t:|1682559869\n|switch|p2a: Wave|Vaporeon, L50, F, shiny|100\/100\n|switch|p2b: Amoonguss|Amoonguss, L50, M|100\/100\n|move|p1b: Flutter Mane|Protect|p1b: Flutter Mane\n|-singleturn|p1b: Flutter Mane|Protect\n|move|p1a: Ting-Lu|Snarl|p2a: Wave|[spread] p2a,p2b\n|-crit|p2a: Wave\n|-damage|p2a: Wave|94\/100\n|-damage|p2b: Amoonguss|94\/100\n|-unboost|p2a: Wave|spa|1\n|-unboost|p2b: Amoonguss|spa|1\n|\n|upkeep\n|turn|3\n|\n|t:|1682559891\n|-terastallize|p1b: Flutter Mane|Fairy\n|move|p2b: Amoonguss|Rain Dance|p2b: Amoonguss\n|-weather|RainDance\n|move|p2a: Wave|Calm Mind|p2a: Wave\n|-boost|p2a: Wave|spa|1\n|-boost|p2a: Wave|spd|1\n|move|p1a: Ting-Lu|Fissure|p2a: Wave|[miss]\n|-miss|p1a: Ting-Lu|p2a: Wave\n|move|p1b: Flutter Mane|Moonblast|p2a: Wave\n|-damage|p2a: Wave|66\/100\n|-unboost|p2a: Wave|spa|1\n|-damage|p1b: Flutter Mane|81\/100|[from] item: Life Orb\n|\n|-weather|RainDance|[upkeep]\n|upkeep\n|turn|4\n|\n|t:|1682559910\n|move|p2b: Amoonguss|Pollen Puff|p2a: Wave\n|-heal|p2a: Wave|100\/100\n|move|p2a: Wave|Calm Mind|p2a: Wave\n|-boost|p2a: Wave|spa|1\n|-boost|p2a: Wave|spd|1\n|move|p1a: Ting-Lu|Fissure|p2b: Amoonguss|[miss]\n|-miss|p1a: Ting-Lu|p2b: Amoonguss\n|move|p1b: Flutter Mane|Moonblast|p2a: Wave\n|-damage|p2a: Wave|81\/100\n|-damage|p1b: Flutter Mane|71\/100|[from] item: Life Orb\n|\n|-weather|RainDance|[upkeep]\n|upkeep\n|turn|5\n|\n|t:|1682559930\n|move|p2b: Amoonguss|Rage Powder|p2b: Amoonguss\n|-singleturn|p2b: Amoonguss|move: Rage Powder\n|move|p2a: Wave|Calm Mind|p2a: Wave\n|-boost|p2a: Wave|spa|1\n|-boost|p2a: Wave|spd|1\n|move|p1a: Ting-Lu|Fissure|p2b: Amoonguss|[miss]\n|-miss|p1a: Ting-Lu|p2b: Amoonguss\n|move|p1b: Flutter Mane|Moonblast|p2b: Amoonguss\n|-resisted|p2b: Amoonguss\n|-damage|p2b: Amoonguss|67\/100\n|-unboost|p2b: Amoonguss|spa|1\n|-damage|p1b: Flutter Mane|61\/100|[from] item: Life Orb\n|\n|-weather|RainDance|[upkeep]\n|-fieldend|move: Trick Room\n|-fieldend|move: Psychic Terrain\n|upkeep\n|turn|6\n|\n|t:|1682559953\n|move|p1b: Flutter Mane|Moonblast|p2a: Wave\n|-damage|p2a: Wave|64\/100\n|-damage|p1b: Flutter Mane|51\/100|[from] item: Life Orb\n|move|p1a: Ting-Lu|Snarl|p2a: Wave|[spread] p2a,p2b\n|-damage|p2a: Wave|63\/100\n|-damage|p2b: Amoonguss|61\/100\n|-unboost|p2a: Wave|spa|1\n|-unboost|p2b: Amoonguss|spa|1\n|move|p2a: Wave|Muddy Water|p1b: Flutter Mane|[spread] p1a,p1b\n|-supereffective|p1a: Ting-Lu\n|-damage|p1a: Ting-Lu|61\/100\n|-damage|p1b: Flutter Mane|21\/100\n|move|p2b: Amoonguss|Spore|p1a: Ting-Lu\n|-status|p1a: Ting-Lu|slp|[from] move: Spore\n|\n|-weather|RainDance|[upkeep]\n|-heal|p1a: Ting-Lu|67\/100 slp|[from] item: Leftovers\n|upkeep\n|turn|7\n|\n|t:|1682559975\n|move|p2b: Amoonguss|Rage Powder|p2b: Amoonguss\n|-singleturn|p2b: Amoonguss|move: Rage Powder\n|move|p1b: Flutter Mane|Shadow Ball|p2b: Amoonguss\n|-damage|p2b: Amoonguss|27\/100\n|-enditem|p2b: Amoonguss|Sitrus Berry|[eat]\n|-heal|p2b: Amoonguss|52\/100|[from] item: Sitrus Berry\n|-damage|p1b: Flutter Mane|11\/100|[from] item: Life Orb\n|cant|p1a: Ting-Lu|slp\n|move|p2a: Wave|Calm Mind|p2a: Wave\n|-boost|p2a: Wave|spa|1\n|-boost|p2a: Wave|spd|1\n|\n|-weather|none\n|-heal|p1a: Ting-Lu|73\/100 slp|[from] item: Leftovers\n|upkeep\n|turn|8\n|\n|t:|1682559995\n|move|p1b: Flutter Mane|Shadow Ball|p2b: Amoonguss\n|-damage|p2b: Amoonguss|18\/100\n|-damage|p1b: Flutter Mane|1\/100|[from] item: Life Orb\n|-curestatus|p1a: Ting-Lu|slp|[msg]\n|move|p1a: Ting-Lu|Fissure|p2a: Wave|[miss]\n|-miss|p1a: Ting-Lu|p2a: Wave\n|move|p2a: Wave|Muddy Water|p1b: Flutter Mane|[spread] p1a,p1b\n|-supereffective|p1a: Ting-Lu\n|-damage|p1a: Ting-Lu|36\/100\n|-damage|p1b: Flutter Mane|0 fnt\n|faint|p1b: Flutter Mane\n|-end|p1b: Flutter Mane|Protosynthesis|[silent]\n|move|p2b: Amoonguss|Rain Dance|p2b: Amoonguss\n|-weather|RainDance\n|\n|-weather|RainDance|[upkeep]\n|-heal|p1a: Ting-Lu|42\/100|[from] item: Leftovers\n|upkeep\n|\n|t:|1682560012\n|switch|p1b: Iron Moth|Iron Moth, L50|100\/100\n|-enditem|p1b: Iron Moth|Booster Energy\n|-activate|p1b: Iron Moth|ability: Quark Drive|[fromitem]\n|-start|p1b: Iron Moth|quarkdrivespa\n|turn|9\n|\n|t:|1682560026\n|-terastallize|p2a: Wave|Water\n|move|p1b: Iron Moth|Acid Spray|p2a: Wave\n|-damage|p2a: Wave|58\/100\n|-unboost|p2a: Wave|spd|2\n|move|p1a: Ting-Lu|Heavy Slam|p2b: Amoonguss\n|-damage|p2b: Amoonguss|0 fnt\n|faint|p2b: Amoonguss\n|move|p2a: Wave|Muddy Water|p1b: Iron Moth|[spread] p1b\n|-miss|p2a: Wave|p1a: Ting-Lu\n|-supereffective|p1b: Iron Moth\n|-damage|p1b: Iron Moth|0 fnt\n|faint|p1b: Iron Moth\n|-end|p1b: Iron Moth|Quark Drive|[silent]\n|\n|-weather|RainDance|[upkeep]\n|-heal|p1a: Ting-Lu|48\/100|[from] item: Leftovers\n|upkeep\n|\n|t:|1682560044\n|switch|p1b: Kingambit|Kingambit, L50, F|100\/100\n|switch|p2b: Indeedee|Indeedee-F, L50, F|55\/100\n|-fieldstart|move: Psychic Terrain|[from] ability: Psychic Surge|[of] p2b: Indeedee\n|turn|10\n|\n|t:|1682560057\n|move|p1b: Kingambit|Kowtow Cleave|p2a: Wave\n|-damage|p2a: Wave|4\/100\n|-damage|p1b: Kingambit|84\/100|[from] item: Rocky Helmet|[of] p2a: Wave\n|move|p1a: Ting-Lu|Snarl|p2a: Wave|[spread] p2a,p2b\n|-supereffective|p2b: Indeedee\n|-damage|p2a: Wave|1\/100\n|-damage|p2b: Indeedee|41\/100\n|-unboost|p2a: Wave|spa|1\n|-unboost|p2b: Indeedee|spa|1\n|move|p2a: Wave|Muddy Water|p1a: Ting-Lu|[spread] p1a,p1b\n|-supereffective|p1a: Ting-Lu\n|-damage|p1a: Ting-Lu|0 fnt\n|-damage|p1b: Kingambit|59\/100\n|faint|p1a: Ting-Lu\n|move|p2b: Indeedee|Trick Room|p2b: Indeedee\n|-fieldstart|move: Trick Room|[of] p2b: Indeedee\n|\n|-weather|RainDance|[upkeep]\n|upkeep\n|turn|11\n|\n|t:|1682560078\n|move|p2b: Indeedee|Helping Hand|p2a: Wave\n|-singleturn|p2a: Wave|Helping Hand|[of] p2b: Indeedee\n|move|p2a: Wave|Muddy Water|p1b: Kingambit\n|-damage|p1b: Kingambit|0 fnt\n|faint|p1b: Kingambit\n|\n|win|simpleized\n|raw|S.r Gare's rating: 1144 → 1120<\/strong> (-24 for losing)\n|raw|simpleized's rating: 1156 → 1180<\/strong> (+24 for winning)\n|l|\u2606S.r Gare\n","uploadtime":1682560144,"views":8,"p1id":"srgare","p2id":"simpleized","formatid":"gen9vgc2023regulationc","rating":1120,"private":0,"password":""}