{"id":"gen9vgc2023regulationc-1845133047","p1":"mvrcoreyes","p2":"TouyaBlk","format":"[Gen 9] VGC 2023 Regulation C","log":"|j|\u2606mvrcoreyes\n|j|\u2606TouyaBlk\n|t:|1681687457\n|gametype|doubles\n|player|p1|mvrcoreyes|1|\n|player|p2|TouyaBlk|102|\n|teamsize|p1|6\n|teamsize|p2|6\n|gen|9\n|tier|[Gen 9] VGC 2023 Regulation C\n|rule|Species Clause: Limit one of each Pok\u00e9mon\n|rule|Item Clause: Limit one of each item\n|clearpoke\n|poke|p1|Kingambit, L50, M|\n|poke|p1|Chien-Pao, L50|\n|poke|p1|Maushold, L50|\n|poke|p1|Gyarados, L50, F|\n|poke|p1|Dragonite, L50, F|\n|poke|p1|Amoonguss, L50, M|\n|poke|p2|Tyranitar, L50, F|\n|poke|p2|Lycanroc, L50, M|\n|poke|p2|Iron Hands, L50|\n|poke|p2|Sylveon, L50, F|\n|poke|p2|Murkrow, L50, M|\n|poke|p2|Chien-Pao, L50|\n|teampreview|4\nTouyaBlk has agreed to open team sheets.\n|c|\u2606mvrcoreyes|g1\nmvrcoreyes has agreed to open team sheets.\n|inactive|Battle timer is ON: inactive players will automatically lose when time's up. (requested by mvrcoreyes)\n|inactive|mvrcoreyes has 60 seconds left.\n|\n|t:|1681687590\n|start\n|switch|p1a: Gyarados|Gyarados, L50, F|100\/100\n|switch|p1b: Amoonguss|Amoonguss, L50, M|100\/100\n|switch|p2a: Tyranitar|Tyranitar, L50, F|100\/100\n|switch|p2b: Lycanroc|Lycanroc, L50, M|100\/100\n|-ability|p1a: Gyarados|Intimidate|boost\n|-unboost|p2a: Tyranitar|atk|1\n|-unboost|p2b: Lycanroc|atk|1\n|-weather|Sandstorm|[from] ability: Sand Stream|[of] p2a: Tyranitar\n|turn|1\n|inactive|mvrcoreyes has 30 seconds left.\n|inactive|TouyaBlk has 30 seconds left.\n|\n|t:|1681687616\n|-terastallize|p2a: Tyranitar|Flying\n|move|p2b: Lycanroc|Rock Slide|p1b: Amoonguss|[spread] p1a,p1b\n|-supereffective|p1a: Gyarados\n|-damage|p1a: Gyarados|57\/100\n|-damage|p1b: Amoonguss|85\/100\n|move|p1a: Gyarados|Dragon Dance|p1a: Gyarados\n|-boost|p1a: Gyarados|atk|1\n|-boost|p1a: Gyarados|spe|1\n|move|p2a: Tyranitar|Tera Blast|p1b: Amoonguss\n|-supereffective|p1b: Amoonguss\n|-damage|p1b: Amoonguss|41\/100\n|move|p1b: Amoonguss|Spore|p2a: Tyranitar\n|-status|p2a: Tyranitar|slp|[from] move: Spore\n|\n|-weather|Sandstorm|[upkeep]\n|-damage|p1a: Gyarados|51\/100|[from] Sandstorm\n|-damage|p2a: Tyranitar|94\/100 slp|[from] Sandstorm\n|-damage|p1b: Amoonguss|35\/100|[from] Sandstorm\n|upkeep\n|turn|2\n|\n|t:|1681687640\n|move|p1b: Amoonguss|Rage Powder|p1b: Amoonguss\n|-singleturn|p1b: Amoonguss|move: Rage Powder\n|move|p2b: Lycanroc|Rock Slide|p1a: Gyarados|[spread] p1a,p1b\n|-supereffective|p1a: Gyarados\n|-damage|p1a: Gyarados|8\/100\n|-damage|p1b: Amoonguss|20\/100\n|move|p1a: Gyarados|Waterfall|p2b: Lycanroc\n|-supereffective|p2b: Lycanroc\n|-enditem|p2b: Lycanroc|Focus Sash\n|-damage|p2b: Lycanroc|1\/100\n|cant|p2a: Tyranitar|slp\n|\n|-weather|Sandstorm|[upkeep]\n|-damage|p1a: Gyarados|2\/100|[from] Sandstorm\n|-damage|p2a: Tyranitar|88\/100 slp|[from] Sandstorm\n|-damage|p1b: Amoonguss|14\/100|[from] Sandstorm\n|upkeep\n|turn|3\n|\n|t:|1681687658\n|switch|p1a: Dragonite|Dragonite, L50, F|100\/100\n|switch|p1b: Chien-Pao|Chien-Pao, L50|100\/100\n|-ability|p1b: Chien-Pao|Sword of Ruin\n|move|p2b: Lycanroc|Rock Slide|p1b: Chien-Pao|[spread] p1a,p1b\n|-supereffective|p1a: Dragonite\n|-supereffective|p1b: Chien-Pao\n|-damage|p1a: Dragonite|78\/100\n|-damage|p1b: Chien-Pao|49\/100\n|cant|p2a: Tyranitar|slp\n|\n|-weather|Sandstorm|[upkeep]\n|-damage|p1b: Chien-Pao|43\/100|[from] Sandstorm\n|-damage|p2a: Tyranitar|82\/100 slp|[from] Sandstorm\n|-damage|p1a: Dragonite|72\/100|[from] Sandstorm\n|upkeep\n|turn|4\n|\n|t:|1681687680\n|-terastallize|p1a: Dragonite|Normal\n|move|p1b: Chien-Pao|Protect|p1b: Chien-Pao\n|-singleturn|p1b: Chien-Pao|Protect\n|move|p1a: Dragonite|Extreme Speed|p2a: Tyranitar|[miss]\n|-miss|p1a: Dragonite|p2a: Tyranitar\n|move|p2b: Lycanroc|Accelerock|p1b: Chien-Pao\n|-activate|p1b: Chien-Pao|move: Protect\n|-curestatus|p2a: Tyranitar|slp|[msg]\n|move|p2a: Tyranitar|Ice Punch|p1a: Dragonite\n|-damage|p1a: Dragonite|51\/100\n|\n|-weather|Sandstorm|[upkeep]\n|-damage|p1b: Chien-Pao|37\/100|[from] Sandstorm\n|-damage|p2a: Tyranitar|75\/100|[from] Sandstorm\n|-damage|p1a: Dragonite|45\/100|[from] Sandstorm\n|upkeep\n|turn|5\n|inactive|mvrcoreyes has 30 seconds left.\n|inactive|TouyaBlk has 30 seconds left.\n|\n|t:|1681687709\n|move|p1a: Dragonite|Extreme Speed|p2b: Lycanroc\n|-resisted|p2b: Lycanroc\n|-damage|p2b: Lycanroc|0 fnt\n|faint|p2b: Lycanroc\n|move|p1b: Chien-Pao|Sucker Punch|p2a: Tyranitar\n|-damage|p2a: Tyranitar|29\/100\n|move|p2a: Tyranitar|Rock Slide|p1b: Chien-Pao|[spread] p1b\n|-miss|p2a: Tyranitar|p1a: Dragonite\n|-supereffective|p1b: Chien-Pao\n|-damage|p1b: Chien-Pao|0 fnt\n|faint|p1b: Chien-Pao\n|\n|-weather|none\n|upkeep\n|\n|t:|1681687724\n|switch|p1b: Amoonguss|Amoonguss, L50, M|47\/100\n|switch|p2b: Iron Hands|Iron Hands, L50|100\/100\n|turn|6\n|\n|t:|1681687745\n|switch|p1a: Gyarados|Gyarados, L50, F|2\/100\n|-ability|p1a: Gyarados|Intimidate|boost\n|-unboost|p2a: Tyranitar|atk|1\n|-unboost|p2b: Iron Hands|atk|1\n|move|p2b: Iron Hands|Fake Out|p1a: Gyarados\n|-damage|p1a: Gyarados|0 fnt\n|faint|p1a: Gyarados\n|move|p2a: Tyranitar|Tera Blast|p1b: Amoonguss\n|-supereffective|p1b: Amoonguss\n|-damage|p1b: Amoonguss|5\/100\n|move|p1b: Amoonguss|Pollen Puff|p1: Gyarados|[notarget]\n|-fail|p1b: Amoonguss\n|\n|upkeep\n|\n|t:|1681687756\n|switch|p1a: Dragonite|Dragonite, L50, F, tera:Normal|45\/100\n|turn|7\n|\n|t:|1681687774\n|move|p1a: Dragonite|Extreme Speed|p2a: Tyranitar\n|-damage|p2a: Tyranitar|0 fnt\n|faint|p2a: Tyranitar\n|move|p2b: Iron Hands|Wild Charge|p1a: Dragonite\n|-damage|p1a: Dragonite|12\/100\n|-damage|p2b: Iron Hands|94\/100|[from] Recoil\n|move|p1b: Amoonguss|Pollen Puff|p1a: Dragonite\n|-heal|p1a: Dragonite|62\/100\n|\n|upkeep\n|\n|t:|1681687788\n|switch|p2a: Sylveon|Sylveon, L50, F|100\/100\n|turn|8\n|\n|t:|1681687799\n|move|p1a: Dragonite|Extreme Speed|p2a: Sylveon\n|-damage|p2a: Sylveon|0 fnt\n|faint|p2a: Sylveon\n|move|p2b: Iron Hands|Close Combat|p1a: Dragonite\n|-supereffective|p1a: Dragonite\n|-damage|p1a: Dragonite|0 fnt\n|-unboost|p2b: Iron Hands|def|1\n|-unboost|p2b: Iron Hands|spd|1\n|faint|p1a: Dragonite\n|move|p1b: Amoonguss|Spore|p2b: Iron Hands\n|-status|p2b: Iron Hands|slp|[from] move: Spore\n|\n|upkeep\n|turn|9\n|\n|t:|1681687821\n|cant|p2b: Iron Hands|slp\n|move|p1b: Amoonguss|Pollen Puff|p2b: Iron Hands\n|-resisted|p2b: Iron Hands\n|-damage|p2b: Iron Hands|86\/100 slp\n|\n|upkeep\n|turn|10\n|\n|t:|1681687844\n|cant|p2b: Iron Hands|slp\n|move|p1b: Amoonguss|Pollen Puff|p2b: Iron Hands\n|-resisted|p2b: Iron Hands\n|-damage|p2b: Iron Hands|78\/100 slp\n|\n|upkeep\n|turn|11\n|\n|t:|1681687854\n|cant|p2b: Iron Hands|slp\n|move|p1b: Amoonguss|Pollen Puff|p2b: Iron Hands\n|-resisted|p2b: Iron Hands\n|-damage|p2b: Iron Hands|68\/100 slp\n|\n|upkeep\n|turn|12\n|\n|t:|1681687861\n|-curestatus|p2b: Iron Hands|slp|[msg]\n|move|p2b: Iron Hands|Close Combat|p1b: Amoonguss\n|-resisted|p1b: Amoonguss\n|-crit|p1b: Amoonguss\n|-damage|p1b: Amoonguss|0 fnt\n|-unboost|p2b: Iron Hands|def|1\n|-unboost|p2b: Iron Hands|spd|1\n|faint|p1b: Amoonguss\n|\n|win|TouyaBlk\n","uploadtime":1681688104,"views":14,"p1id":"mvrcoreyes","p2id":"touyablk","formatid":"gen9vgc2023regulationc","rating":0,"private":0,"password":""}