{"id":"gen9vgc2023regulationc-1856332170","p1":"Beta20X","p2":"mew year mew me","format":"[Gen 9] VGC 2023 Regulation C","log":"|j|\u2606Beta20X\n|j|\u2606mew year mew me\n|t:|1683051602\n|gametype|doubles\n|player|p1|Beta20X|erika-gen2|\n|player|p2|mew year mew me|red-gen7|\n|teamsize|p1|6\n|teamsize|p2|6\n|gen|9\n|tier|[Gen 9] VGC 2023 Regulation C\n|rated|Tournament battle\n|rule|Species Clause: Limit one of each Pok\u00e9mon\n|rule|Item Clause: Limit one of each item\n|clearpoke\n|poke|p1|Jumpluff, L50, M|\n|poke|p1|Torkoal, L50, M|\n|poke|p1|Glimmora, L50, M|\n|poke|p1|Chi-Yu, L50|\n|poke|p1|Gholdengo, L50|\n|poke|p1|Meowscarada, L50, F|\n|poke|p2|Gholdengo, L50|\n|poke|p2|Maushold-Four, L50|\n|poke|p2|Iron Bundle, L50|\n|poke|p2|Amoonguss, L50, M|\n|poke|p2|Chi-Yu, L50|\n|poke|p2|Roaring Moon, L50|\n|teampreview|4\n|raw| Open Team Sheet for Beta20X<\/summary>Jumpluff (M) @ Miracle Seed Ability: Chlorophyll Level: 50 Tera Type: Ghost - Leaf Storm - Tailwind - Protect - Pollen Puff Torkoal @ Sitrus Berry Ability: Drought Level: 50 Tera Type: Fire - Heat Wave - Body Press - Protect - Yawn Glimmora @ Focus Sash Ability: Toxic Debris Level: 50 Tera Type: Grass - Earth Power - Sludge Bomb - Power Gem - Spiky Shield Chi-Yu @ Choice Scarf Ability: Beads of Ruin Level: 50 Tera Type: Ghost - Heat Wave - Dark Pulse - Flamethrower - Overheat Gholdengo @ Choice Specs Ability: Good as Gold Level: 50 Tera Type: Steel - Make It Rain - Shadow Ball - Thunderbolt - Trick Meowscarada @ Choice Band Ability: Protean Level: 50 Tera Type: Grass - Flower Trick - Knock Off - Play Rough - Brick Break <\/details><\/div> Open Team Sheet for mew year mew me<\/summary>Gholdengo @ Weakness Policy Ability: Good as Gold Level: 50 Tera Type: Water - Protect - Nasty Plot - Make It Rain - Shadow Ball Maushold (Maushold-Four) @ Safety Goggles Ability: Friend Guard Level: 50 Tera Type: Ghost - Protect - Follow Me - Super Fang - Baby-Doll Eyes Iron Bundle @ Focus Sash Ability: Quark Drive Level: 50 Tera Type: Ice - Protect - Icy Wind - Freeze-Dry - Hydro Pump Feldmo (Amoonguss) @ Sitrus Berry Ability: Regenerator Level: 50 Tera Type: Water - Protect - Spore - Rage Powder - Pollen Puff P\u00edkachu (Chi-Yu) @ Covert Cloak Ability: Beads of Ruin Level: 50 Tera Type: Grass - Protect - Heat Wave - Dark Pulse - Overheat Roaring Moon @ Booster Energy Ability: Protosynthesis Level: 50 Tera Type: Flying - Protect - Tailwind - Acrobatics - Breaking Swipe <\/details><\/div>\n|\n|t:|1683051648\n|start\n|switch|p1a: Jumpluff|Jumpluff, L50, M|100\/100\n|switch|p1b: Torkoal|Torkoal, L50, M|100\/100\n|switch|p2a: Gholdengo|Gholdengo, L50|100\/100\n|switch|p2b: Feldmo|Amoonguss, L50, M|100\/100\n|-weather|SunnyDay|[from] ability: Drought|[of] p1b: Torkoal\n|turn|1\n|\n|t:|1683051680\n|move|p1a: Jumpluff|Protect|p1a: Jumpluff\n|-singleturn|p1a: Jumpluff|Protect\n|move|p2a: Gholdengo|Nasty Plot|p2a: Gholdengo\n|-boost|p2a: Gholdengo|spa|2\n|move|p2b: Feldmo|Spore|p1b: Torkoal\n|-status|p1b: Torkoal|slp|[from] move: Spore\n|cant|p1b: Torkoal|slp\n|\n|-weather|SunnyDay|[upkeep]\n|upkeep\n|turn|2\n|\n|t:|1683051699\n|move|p2b: Feldmo|Rage Powder|p2b: Feldmo\n|-singleturn|p2b: Feldmo|move: Rage Powder\n|move|p1a: Jumpluff|Tailwind|p1a: Jumpluff\n|-sidestart|p1: Beta20X|move: Tailwind\n|move|p2a: Gholdengo|Nasty Plot|p2a: Gholdengo\n|-boost|p2a: Gholdengo|spa|2\n|cant|p1b: Torkoal|slp\n|\n|-weather|SunnyDay|[upkeep]\n|upkeep\n|turn|3\n|\n|t:|1683051720\n|move|p2b: Feldmo|Protect|p2b: Feldmo\n|-singleturn|p2b: Feldmo|Protect\n|move|p1a: Jumpluff|Pollen Puff|p2b: Feldmo\n|-activate|p2b: Feldmo|move: Protect\n|move|p2a: Gholdengo|Shadow Ball|p1b: Torkoal\n|-damage|p1b: Torkoal|0 fnt\n|faint|p1b: Torkoal\n|\n|-weather|SunnyDay|[upkeep]\n|upkeep\n|\n|t:|1683051725\n|switch|p1b: Chi-Yu|Chi-Yu, L50|100\/100\n|-ability|p1b: Chi-Yu|Beads of Ruin\n|turn|4\n|\n|t:|1683051744\n|-terastallize|p2a: Gholdengo|Water\n|move|p1a: Jumpluff|Leaf Storm|p2a: Gholdengo\n|-supereffective|p2a: Gholdengo\n|-damage|p2a: Gholdengo|0 fnt\n|-unboost|p1a: Jumpluff|spa|2\n|faint|p2a: Gholdengo\n|move|p1b: Chi-Yu|Heat Wave|p2b: Feldmo|[miss]\n|-miss|p1b: Chi-Yu|p2b: Feldmo\n|move|p2b: Feldmo|Pollen Puff|p2: Gholdengo|[notarget]\n|-fail|p2b: Feldmo\n|\n|-weather|SunnyDay|[upkeep]\n|upkeep\n|\n|t:|1683051761\n|switch|p2a: Iron Bundle|Iron Bundle, L50|100\/100\n|turn|5\n|\n|t:|1683051764\n|move|p2a: Iron Bundle|Protect|p2a: Iron Bundle\n|-singleturn|p2a: Iron Bundle|Protect\n|move|p2b: Feldmo|Protect|p2b: Feldmo\n|-singleturn|p2b: Feldmo|Protect\n|move|p1a: Jumpluff|Leaf Storm|p2a: Iron Bundle\n|-activate|p2a: Iron Bundle|move: Protect\n|move|p1b: Chi-Yu|Heat Wave|p2a: Iron Bundle|[spread] \n|-activate|p2a: Iron Bundle|move: Protect\n|-activate|p2b: Feldmo|move: Protect\n|\n|-weather|none\n|-sideend|p1: Beta20X|move: Tailwind\n|upkeep\n|turn|6\n|\n|t:|1683051786\n|-terastallize|p1b: Chi-Yu|Ghost\n|move|p1b: Chi-Yu|Heat Wave|p2a: Iron Bundle|[spread] p2a,p2b\n|-supereffective|p2b: Feldmo\n|-damage|p2a: Iron Bundle|3\/100\n|-damage|p2b: Feldmo|2\/100\n|-enditem|p2b: Feldmo|Sitrus Berry|[eat]\n|-heal|p2b: Feldmo|27\/100|[from] item: Sitrus Berry\n|move|p2a: Iron Bundle|Hydro Pump|p1b: Chi-Yu\n|-damage|p1b: Chi-Yu|35\/100\n|move|p1a: Jumpluff|Tailwind|p1a: Jumpluff\n|-sidestart|p1: Beta20X|move: Tailwind\n|move|p2b: Feldmo|Pollen Puff|p2a: Iron Bundle\n|-heal|p2a: Iron Bundle|53\/100\n|\n|upkeep\n|turn|7\n|\n|t:|1683051811\n|move|p1b: Chi-Yu|Heat Wave|p2b: Feldmo|[spread] p2a,p2b\n|-supereffective|p2b: Feldmo\n|-damage|p2a: Iron Bundle|0 fnt\n|-damage|p2b: Feldmo|0 fnt\n|faint|p2a: Iron Bundle\n|-end|p2a: Iron Bundle|Quark Drive|[silent]\n|faint|p2b: Feldmo\n|move|p1a: Jumpluff|Pollen Puff|p1b: Chi-Yu\n|-heal|p1b: Chi-Yu|85\/100\n|\n|upkeep\n|-message|mew year mew me forfeited.\n|\n|win|Beta20X\n|n|\u2606Beta20X|beta20x\n|n|\u2606mew year mew me|mewyearmewme\n|l|\u2606mew year mew me\n|l|\u2606Beta20X\n|j|\u2606Beta20X\n|player|p1|Beta20X|erika-gen2\n","uploadtime":1683051837,"views":12,"p1id":"beta20x","p2id":"mewyearmewme","formatid":"gen9vgc2023regulationc","rating":0,"private":0,"password":""}