{"id":"gen9vgc2023regulationc-1852504912","p1":"jimbusmoombumbus","p2":"A0000000","format":"[Gen 9] VGC 2023 Regulation C","log":"|j|\u2606jimbusmoombumbus\n|j|\u2606A0000000\n|t:|1682566552\n|gametype|doubles\n|player|p1|jimbusmoombumbus|hoopster|1134\n|player|p2|A0000000|265|1097\n|teamsize|p1|6\n|teamsize|p2|6\n|gen|9\n|tier|[Gen 9] VGC 2023 Regulation C\n|rated|\n|rule|Species Clause: Limit one of each Pok\u00e9mon\n|rule|Item Clause: Limit one of each item\n|clearpoke\n|poke|p1|Coalossal, L50, M|\n|poke|p1|Iron Bundle, L50|\n|poke|p1|Wo-Chien, L50|\n|poke|p1|Flutter Mane, L50|\n|poke|p1|Tyranitar, L50, M|\n|poke|p1|Lycanroc, L50, F|\n|poke|p2|Baxcalibur, L50, M|\n|poke|p2|Chi-Yu, L50|\n|poke|p2|Slowking, L50, F|\n|poke|p2|Stantler, L50, F|\n|poke|p2|Annihilape, L50, M|\n|poke|p2|Amoonguss, L50, M|\n|teampreview|4\n|\n|t:|1682566573\n|start\n|switch|p1a: Coalossal|Coalossal, L50, M, shiny|100\/100\n|switch|p1b: Iron Bundle|Iron Bundle, L50, shiny|100\/100\n|switch|p2a: Stantler|Stantler, L50, F|100\/100\n|switch|p2b: Annihilape|Annihilape, L50, M|100\/100\n|-ability|p2a: Stantler|Intimidate|boost\n|-unboost|p1a: Coalossal|atk|1\n|-unboost|p1b: Iron Bundle|atk|1\n|turn|1\n|\n|t:|1682566602\n|move|p2b: Annihilape|Protect|p2b: Annihilape\n|-singleturn|p2b: Annihilape|Protect\n|move|p1b: Iron Bundle|Flip Turn|p1a: Coalossal\n|-supereffective|p1a: Coalossal\n|-damage|p1a: Coalossal|62\/100\n|-ability|p1a: Coalossal|Steam Engine|boost\n|-boost|p1a: Coalossal|spe|6\n|-enditem|p1a: Coalossal|Weakness Policy\n|-boost|p1a: Coalossal|atk|2|[from] item: Weakness Policy\n|-boost|p1a: Coalossal|spa|2|[from] item: Weakness Policy\n|\n|t:|1682566610\n|-end|p1b: Iron Bundle|Quark Drive|[silent]\n|switch|p1b: Tyranitar|Tyranitar, L50, M|100\/100|[from] Flip Turn\n|-weather|Sandstorm|[from] ability: Sand Stream|[of] p1b: Tyranitar\n|move|p1a: Coalossal|Will-O-Wisp|p2b: Annihilape\n|-activate|p2b: Annihilape|move: Protect\n|move|p2a: Stantler|Skill Swap|p1a: Coalossal\n|-activate|p2a: Stantler|move: Skill Swap|Steam Engine|Intimidate|[of] p1a: Coalossal\n|-ability|p1a: Coalossal|Intimidate|boost\n|-unboost|p2a: Stantler|atk|1\n|-unboost|p2b: Annihilape|atk|1\n|-ability|p2b: Annihilape|Defiant|boost\n|-boost|p2b: Annihilape|atk|2\n|-enditem|p2b: Annihilape|Adrenaline Orb\n|-boost|p2b: Annihilape|spe|1|[from] item: Adrenaline Orb\n|\n|-weather|Sandstorm|[upkeep]\n|-damage|p2b: Annihilape|95\/100|[from] Sandstorm\n|-damage|p2a: Stantler|94\/100|[from] Sandstorm\n|upkeep\n|turn|2\n|\n|t:|1682566664\n|-terastallize|p1a: Coalossal|Fire\n|move|p1a: Coalossal|Heat Wave|p2a: Stantler|[spread] p2a,p2b\n|-crit|p2a: Stantler\n|-damage|p2a: Stantler|42\/100\n|-damage|p2b: Annihilape|29\/100\n|-status|p2a: Stantler|brn\n|-ability|p2a: Stantler|Steam Engine|boost\n|-boost|p2a: Stantler|spe|6\n|move|p2a: Stantler|Reflect|p2a: Stantler\n|-sidestart|p2: A0000000|Reflect\n|move|p2b: Annihilape|Close Combat|p1a: Coalossal\n|-damage|p1a: Coalossal|3\/100\n|-unboost|p2b: Annihilape|def|1\n|-unboost|p2b: Annihilape|spd|1\n|move|p1b: Tyranitar|Icy Wind|p2a: Stantler|[spread] p2a,p2b\n|-damage|p2a: Stantler|37\/100 brn\n|-damage|p2b: Annihilape|17\/100\n|-unboost|p2a: Stantler|spe|1\n|-unboost|p2b: Annihilape|spe|1\n|-ability|p2b: Annihilape|Defiant|boost\n|-boost|p2b: Annihilape|atk|2\n|\n|-weather|Sandstorm|[upkeep]\n|-damage|p2a: Stantler|31\/100 brn|[from] Sandstorm\n|-damage|p1a: Coalossal|0 fnt|[from] Sandstorm\n|-damage|p2b: Annihilape|11\/100|[from] Sandstorm\n|faint|p1a: Coalossal\n|-damage|p2a: Stantler|25\/100 brn|[from] brn\n|upkeep\n|\n|t:|1682566678\n|switch|p1a: Lycanroc|Lycanroc, L50, F|100\/100\n|turn|3\n|\n|t:|1682566703\n|move|p1a: Lycanroc|Accelerock|p2b: Annihilape\n|-resisted|p2b: Annihilape\n|-damage|p2b: Annihilape|3\/100\n|move|p2a: Stantler|Thunder Wave|p1a: Lycanroc\n|-status|p1a: Lycanroc|par\n|move|p2b: Annihilape|Close Combat|p1b: Tyranitar\n|-supereffective|p1b: Tyranitar\n|-damage|p1b: Tyranitar|0 fnt\n|-unboost|p2b: Annihilape|def|1\n|-unboost|p2b: Annihilape|spd|1\n|faint|p1b: Tyranitar\n|\n|-weather|Sandstorm|[upkeep]\n|-damage|p2a: Stantler|19\/100 brn|[from] Sandstorm\n|-damage|p2b: Annihilape|0 fnt|[from] Sandstorm\n|faint|p2b: Annihilape\n|-damage|p2a: Stantler|13\/100 brn|[from] brn\n|upkeep\n|\n|t:|1682566727\n|switch|p2b: Amoonguss|Amoonguss, L50, M|100\/100\n|switch|p1b: Iron Bundle|Iron Bundle, L50, shiny|100\/100\n|turn|4\n|\n|t:|1682566742\n|move|p2a: Stantler|Skill Swap|p1a: Lycanroc\n|-activate|p2a: Stantler|move: Skill Swap|Sand Rush|Steam Engine|[of] p1a: Lycanroc\n|move|p1b: Iron Bundle|Freeze-Dry|p2b: Amoonguss\n|-supereffective|p2b: Amoonguss\n|-damage|p2b: Amoonguss|30\/100\n|cant|p1a: Lycanroc|par\n|move|p2b: Amoonguss|Spore|p1b: Iron Bundle\n|-status|p1b: Iron Bundle|slp|[from] move: Spore\n|\n|-weather|Sandstorm|[upkeep]\n|-damage|p1b: Iron Bundle|94\/100 slp|[from] Sandstorm\n|-damage|p2b: Amoonguss|24\/100|[from] Sandstorm\n|-heal|p2b: Amoonguss|30\/100|[from] item: Black Sludge\n|-damage|p2a: Stantler|7\/100 brn|[from] brn\n|upkeep\n|turn|5\n|\n|t:|1682566767\n|switch|p2b: Chi-Yu|Chi-Yu, L50|100\/100\n|-ability|p2b: Chi-Yu|Beads of Ruin\n|move|p1a: Lycanroc|Accelerock|p2a: Stantler\n|-damage|p2a: Stantler|0 fnt\n|faint|p2a: Stantler\n|cant|p1b: Iron Bundle|slp\n|\n|-weather|none\n|upkeep\n|\n|t:|1682566778\n|switch|p2a: Amoonguss|Amoonguss, L50, M|63\/100\n|turn|6\n|\n|t:|1682566785\n|move|p1a: Lycanroc|Protect|p1a: Lycanroc\n|-singleturn|p1a: Lycanroc|Protect\n|move|p2a: Amoonguss|Rage Powder|p2a: Amoonguss\n|-singleturn|p2a: Amoonguss|move: Rage Powder\n|cant|p1b: Iron Bundle|slp\n|move|p2b: Chi-Yu|Nasty Plot|p2b: Chi-Yu\n|-boost|p2b: Chi-Yu|spa|2\n|\n|-heal|p2a: Amoonguss|69\/100|[from] item: Black Sludge\n|-sideend|p2: A0000000|Reflect\n|upkeep\n|turn|7\n|\n|t:|1682566809\n|-terastallize|p2b: Chi-Yu|Dark\n|move|p2a: Amoonguss|Rage Powder|p2a: Amoonguss\n|-singleturn|p2a: Amoonguss|move: Rage Powder\n|cant|p1b: Iron Bundle|slp\n|move|p2b: Chi-Yu|Dark Pulse|p1b: Iron Bundle\n|-damage|p1b: Iron Bundle|0 fnt\n|faint|p1b: Iron Bundle\n|-end|p1b: Iron Bundle|Quark Drive|[silent]\n|-damage|p2b: Chi-Yu|90\/100|[from] item: Life Orb\n|move|p1a: Lycanroc|Rock Slide|p2a: Amoonguss|[spread] p2a,p2b\n|-damage|p2a: Amoonguss|42\/100\n|-damage|p2b: Chi-Yu|42\/100\n|\n|-heal|p2a: Amoonguss|48\/100|[from] item: Black Sludge\n|upkeep\n|turn|8\n|\n|t:|1682566834\n|move|p1a: Lycanroc|Protect|p1a: Lycanroc\n|-singleturn|p1a: Lycanroc|Protect\n|move|p2b: Chi-Yu|Dark Pulse|p1a: Lycanroc\n|-activate|p1a: Lycanroc|move: Protect\n|move|p2a: Amoonguss|Pollen Puff|p2b: Chi-Yu\n|-heal|p2b: Chi-Yu|92\/100\n|\n|-heal|p2a: Amoonguss|53\/100|[from] item: Black Sludge\n|upkeep\n|turn|9\n|\n|t:|1682566861\n|move|p2b: Chi-Yu|Dark Pulse|p1a: Lycanroc\n|-enditem|p1a: Lycanroc|Focus Sash\n|-damage|p1a: Lycanroc|1\/100 par\n|-damage|p2b: Chi-Yu|82\/100|[from] item: Life Orb\n|move|p1a: Lycanroc|Rock Slide|p2b: Chi-Yu|[spread] p2a,p2b\n|-damage|p2a: Amoonguss|26\/100\n|-damage|p2b: Chi-Yu|36\/100\n|move|p2a: Amoonguss|Pollen Puff|p1a: Lycanroc\n|-damage|p1a: Lycanroc|0 fnt\n|faint|p1a: Lycanroc\n|\n|win|A0000000\n|raw|jimbusmoombumbus's rating: 1134 → 1106<\/strong> (-28 for losing)\n|raw|A0000000's rating: 1097 → 1125<\/strong> (+28 for winning)\n|l|\u2606jimbusmoombumbus\n","uploadtime":1682566878,"views":7,"p1id":"jimbusmoombumbus","p2id":"a0000000","formatid":"gen9vgc2023regulationc","rating":1106,"private":0,"password":""}