{"id":"gen9vgc2023regulationc-1855736041","p1":"Nehzzy","p2":"Zan-07","format":"[Gen 9] VGC 2023 Regulation C","log":"|j|\u2606Nehzzy\n|j|\u2606Zan-07\n|t:|1682978261\n|gametype|doubles\n|player|p1|Nehzzy|steven|1280\n|player|p2|Zan-07|pokemonbreeder-gen4|1311\n|teamsize|p1|6\n|teamsize|p2|6\n|gen|9\n|tier|[Gen 9] VGC 2023 Regulation C\n|rated|\n|rule|Species Clause: Limit one of each Pok\u00e9mon\n|rule|Item Clause: Limit one of each item\n|clearpoke\n|poke|p1|Orthworm, L50, M|\n|poke|p1|Garchomp, L50, F|\n|poke|p1|Talonflame, L50, F|\n|poke|p1|Amoonguss, L50, F|\n|poke|p1|Gholdengo, L50|\n|poke|p1|Gyarados, L50, F|\n|poke|p2|Glimmora, L50, F|\n|poke|p2|Palafin, L50, M|\n|poke|p2|Talonflame, L50, F|\n|poke|p2|Flutter Mane, L50|\n|poke|p2|Skeledirge, L50, M|\n|poke|p2|Wo-Chien, L50|\n|teampreview|4\n|inactive|Battle timer is ON: inactive players will automatically lose when time's up. (requested by Zan-07)\nNehzzy has agreed to open team sheets.\nZan-07 has agreed to open team sheets.\n|inactive|Nehzzy has 60 seconds left.\n|inactive|Zan-07 has 60 seconds left.\n|\n|t:|1682978316\n|start\n|switch|p1a: Talonflame|Talonflame, L50, F, shiny|100\/100\n|switch|p1b: Orthworm|Orthworm, L50, M, shiny|100\/100\n|switch|p2a: Glimmora|Glimmora, L50, F|100\/100\n|switch|p2b: Talonflame|Talonflame, L50, F|100\/100\n|turn|1\n|\n|t:|1682978341\n|switch|p1b: Gholdengo|Gholdengo, L50|100\/100\n|move|p1a: Talonflame|Tailwind|p1a: Talonflame\n|-sidestart|p1: Nehzzy|move: Tailwind\n|move|p2b: Talonflame|Taunt|p1b: Gholdengo\n|-immune|p1b: Gholdengo|[from] ability: Good as Gold\n|move|p2a: Glimmora|Power Gem|p1a: Talonflame\n|-supereffective|p1a: Talonflame\n|-damage|p1a: Talonflame|0 fnt\n|faint|p1a: Talonflame\n|\n|upkeep\n|\n|t:|1682978359\n|switch|p1a: Orthworm|Orthworm, L50, M, shiny|100\/100\n|turn|2\n|\n|t:|1682978373\n|-terastallize|p1a: Orthworm|Poison\n|move|p1b: Gholdengo|Nasty Plot|p1b: Gholdengo\n|-boost|p1b: Gholdengo|spa|2\n|move|p1a: Orthworm|Shed Tail|p1a: Orthworm\n|-start|p1a: Orthworm|Substitute|[from] move: Shed Tail\n|-damage|p1a: Orthworm|50\/100\n|-enditem|p1a: Orthworm|Sitrus Berry|[eat]\n|-heal|p1a: Orthworm|75\/100|[from] item: Sitrus Berry\n|\n|t:|1682978381\n|switch|p1a: Garchomp|Garchomp, L50, F, shiny|100\/100|[from] Shed Tail\n|move|p2b: Talonflame|Taunt|p1a: Garchomp\n|-start|p1a: Garchomp|move: Taunt\n|move|p2a: Glimmora|Earth Power|p1b: Gholdengo\n|-supereffective|p1b: Gholdengo\n|-damage|p1b: Gholdengo|41\/100\n|\n|-heal|p1b: Gholdengo|47\/100|[from] item: Leftovers\n|upkeep\n|turn|3\n|inactive|Nehzzy has 30 seconds left.\n|\n|t:|1682978408\n|move|p2b: Talonflame|Tailwind|p2b: Talonflame\n|-sidestart|p2: Zan-07|move: Tailwind\n|move|p1a: Garchomp|Rock Slide|p2a: Glimmora|[spread] p2a,p2b\n|-supereffective|p2b: Talonflame\n|-damage|p2a: Glimmora|78\/100\n|-damage|p2b: Talonflame|0 fnt\n|-activate|p2a: Glimmora|ability: Toxic Debris\n|-sidestart|p1: Nehzzy|move: Toxic Spikes\n|faint|p2b: Talonflame\n|move|p2a: Glimmora|Earth Power|p1b: Gholdengo\n|-supereffective|p1b: Gholdengo\n|-damage|p1b: Gholdengo|0 fnt\n|faint|p1b: Gholdengo\n|\n|upkeep\n|\n|t:|1682978425\n|switch|p2b: Skeledirge|Skeledirge, L50, M|100\/100\n|switch|p1b: Orthworm|Orthworm, L50, M, shiny, tera:Poison|75\/100\n|-sideend|p1: Nehzzy|move: Toxic Spikes|[of] p1b: Orthworm\n|turn|4\n|inactive|Nehzzy has 30 seconds left.\n|inactive|Nehzzy has 20 seconds left.\n|inactive|Nehzzy has 15 seconds left.\n|\n|t:|1682978465\n|-terastallize|p2b: Skeledirge|Grass\n|move|p1a: Garchomp|Rock Slide|p2a: Glimmora|[spread] p2a\n|-miss|p1a: Garchomp|p2b: Skeledirge\n|-damage|p2a: Glimmora|53\/100\n|-activate|p2a: Glimmora|ability: Toxic Debris\n|-sidestart|p1: Nehzzy|move: Toxic Spikes\n|move|p2a: Glimmora|Power Gem|p1a: Garchomp\n|-resisted|p1a: Garchomp\n|-end|p1a: Garchomp|Substitute\n|move|p1b: Orthworm|Heavy Slam|p2a: Glimmora\n|-supereffective|p2a: Glimmora\n|-damage|p2a: Glimmora|0 fnt\n|-activate|p2a: Glimmora|ability: Toxic Debris\n|-sidestart|p1: Nehzzy|move: Toxic Spikes\n|faint|p2a: Glimmora\n|move|p2b: Skeledirge|Torch Song|p1b: Orthworm\n|-damage|p1b: Orthworm|37\/100\n|-boost|p2b: Skeledirge|spa|1\n|-enditem|p2b: Skeledirge|Throat Spray\n|-boost|p2b: Skeledirge|spa|1|[from] item: Throat Spray\n|\n|-end|p1a: Garchomp|move: Taunt\n|-sideend|p1: Nehzzy|move: Tailwind\n|upkeep\n|\n|t:|1682978482\n|switch|p2a: Wo-Chien|Wo-Chien, L50|100\/100\n|-ability|p2a: Wo-Chien|Tablets of Ruin\n|turn|5\n|c|\u2606Nehzzy|gg\n|\n|t:|1682978502\n|move|p2a: Wo-Chien|Leech Seed|p1a: Garchomp\n|-start|p1a: Garchomp|move: Leech Seed\n|move|p2b: Skeledirge|Torch Song|p1b: Orthworm\n|-damage|p1b: Orthworm|0 fnt\n|-boost|p2b: Skeledirge|spa|1\n|faint|p1b: Orthworm\n|move|p1a: Garchomp|Earthquake|p2b: Skeledirge|[spread] p2a,p2b\n|-resisted|p2a: Wo-Chien\n|-resisted|p2b: Skeledirge\n|-damage|p2a: Wo-Chien|86\/100\n|-damage|p2b: Skeledirge|87\/100\n|\n|-heal|p2a: Wo-Chien|93\/100|[from] item: Leftovers\n|-damage|p1a: Garchomp|88\/100|[from] Leech Seed|[of] p2a: Wo-Chien\n|-heal|p2a: Wo-Chien|100\/100|[silent]\n|upkeep\n|turn|6\n|-message|Nehzzy forfeited.\n|\n|win|Zan-07\n|raw|Nehzzy's rating: 1280 → 1257<\/strong> (-23 for losing)\n|raw|Zan-07's rating: 1311 → 1329<\/strong> (+18 for winning)\n|l|\u2606Nehzzy\n|l|\u2606Zan-07\n|j|\u2606Nehzzy\n|player|p1|Nehzzy|steven\n","uploadtime":1682978518,"views":10,"p1id":"nehzzy","p2id":"zan07","formatid":"gen9vgc2023regulationc","rating":1257,"private":0,"password":""}