{"id":"gen9vgc2023regulationc-1854182804","p1":"CAUSEIMJP","p2":"wjejjs","format":"[Gen 9] VGC 2023 Regulation C","log":"|j|\u2606CAUSEIMJP\n|j|\u2606wjejjs\n|t:|1682780822\n|gametype|doubles\n|player|p1|CAUSEIMJP|266|1096\n|player|p2|wjejjs|brawly|1000\n|teamsize|p1|6\n|teamsize|p2|6\n|gen|9\n|tier|[Gen 9] VGC 2023 Regulation C\n|rated|\n|rule|Species Clause: Limit one of each Pok\u00e9mon\n|rule|Item Clause: Limit one of each item\n|clearpoke\n|poke|p1|Abomasnow, L50, M|\n|poke|p1|Chien-Pao, L50|\n|poke|p1|Beartic, L50, F|\n|poke|p1|Iron Bundle, L50|\n|poke|p1|Dragonite, L50, F|\n|poke|p1|Baxcalibur, L50, M|\n|poke|p2|Kilowattrel, L50, F|\n|poke|p2|Umbreon, L50, M|\n|poke|p2|Torkoal, L50, F|\n|poke|p2|Dragonite, L50, F|\n|poke|p2|Leafeon, L50, F|\n|poke|p2|Garganacl, L50, F|\n|teampreview|4\n|inactive|Battle timer is ON: inactive players will automatically lose when time's up. (requested by wjejjs)\n|\n|t:|1682780839\n|start\n|switch|p1a: Abomasnow|Abomasnow, L50, M|100\/100\n|switch|p1b: Iron Bundle|Iron Bundle, L50|100\/100\n|switch|p2a: Garganacl|Garganacl, L50, F|100\/100\n|switch|p2b: Dragonite|Dragonite, L50, F|100\/100\n|-weather|Snow|[from] ability: Snow Warning|[of] p1a: Abomasnow\n|-enditem|p1b: Iron Bundle|Booster Energy\n|-activate|p1b: Iron Bundle|ability: Quark Drive|[fromitem]\n|-start|p1b: Iron Bundle|quarkdrivespe\n|turn|1\n|\n|t:|1682780853\n|move|p1b: Iron Bundle|Aurora Veil|p1b: Iron Bundle\n|-sidestart|p1: CAUSEIMJP|move: Aurora Veil\n|move|p2b: Dragonite|Bulldoze|p1b: Iron Bundle|[spread] p2a,p1a,p1b\n|-supereffective|p2a: Garganacl\n|-resisted|p1a: Abomasnow\n|-damage|p2a: Garganacl|81\/100\n|-damage|p1a: Abomasnow|97\/100\n|-damage|p1b: Iron Bundle|93\/100\n|-unboost|p1a: Abomasnow|spe|1\n|-unboost|p1b: Iron Bundle|spe|1\n|-enditem|p2a: Garganacl|Weakness Policy\n|-boost|p2a: Garganacl|atk|2|[from] item: Weakness Policy\n|-boost|p2a: Garganacl|spa|2|[from] item: Weakness Policy\n|move|p2a: Garganacl|Rock Polish|p2a: Garganacl\n|-boost|p2a: Garganacl|spe|2\n|move|p1a: Abomasnow|Giga Drain|p2a: Garganacl\n|-supereffective|p2a: Garganacl\n|-damage|p2a: Garganacl|32\/100\n|-heal|p1a: Abomasnow|100\/100|[from] drain|[of] p2a: Garganacl\n|\n|-weather|Snow|[upkeep]\n|upkeep\n|turn|2\n|inactive|wjejjs has 30 seconds left.\n|\n|t:|1682780880\n|move|p2a: Garganacl|Protect|p2a: Garganacl\n|-singleturn|p2a: Garganacl|Protect\n|move|p2b: Dragonite|Bulldoze|p1b: Iron Bundle|[spread] p1a,p1b\n|-activate|p2a: Garganacl|move: Protect\n|-resisted|p1a: Abomasnow\n|-damage|p1a: Abomasnow|97\/100\n|-damage|p1b: Iron Bundle|85\/100\n|-unboost|p1a: Abomasnow|spe|1\n|-unboost|p1b: Iron Bundle|spe|1\n|move|p1b: Iron Bundle|Blizzard|p2a: Garganacl|[spread] p2b\n|-activate|p2a: Garganacl|move: Protect\n|-supereffective|p2b: Dragonite\n|-damage|p2b: Dragonite|26\/100\n|move|p1a: Abomasnow|Giga Drain|p2a: Garganacl\n|-activate|p2a: Garganacl|move: Protect\n|\n|-weather|Snow|[upkeep]\n|upkeep\n|turn|3\n|\n|t:|1682780894\n|move|p2b: Dragonite|Bulldoze|p1b: Iron Bundle|[spread] p2a,p1a,p1b\n|-supereffective|p2a: Garganacl\n|-resisted|p1a: Abomasnow\n|-crit|p1b: Iron Bundle\n|-damage|p2a: Garganacl|12\/100\n|-damage|p1a: Abomasnow|93\/100\n|-damage|p1b: Iron Bundle|67\/100\n|-unboost|p1a: Abomasnow|spe|1\n|-unboost|p1b: Iron Bundle|spe|1\n|move|p1b: Iron Bundle|Blizzard|p2b: Dragonite|[spread] p2a,p2b\n|-supereffective|p2b: Dragonite\n|-damage|p2a: Garganacl|0 fnt\n|-damage|p2b: Dragonite|0 fnt\n|faint|p2a: Garganacl\n|faint|p2b: Dragonite\n|move|p1a: Abomasnow|Giga Drain|p2: Garganacl|[notarget]\n|-fail|p1a: Abomasnow\n|\n|-weather|Snow|[upkeep]\n|upkeep\n|\n|t:|1682780903\n|switch|p2b: Leafeon|Leafeon, L50, F|100\/100\n|switch|p2a: Umbreon|Umbreon, L50, M|100\/100\n|turn|4\n|inactive|wjejjs has 30 seconds left.\n|\n|t:|1682780933\n|-end|p1b: Iron Bundle|Quark Drive|[silent]\n|switch|p1b: Dragonite|Dragonite, L50, F|100\/100\n|move|p1a: Abomasnow|Protect|p1a: Abomasnow\n|-singleturn|p1a: Abomasnow|Protect\n|move|p2b: Leafeon|Yawn|p1a: Abomasnow\n|-activate|p1a: Abomasnow|move: Protect\n|move|p2a: Umbreon|Foul Play|p1b: Dragonite\n|-damage|p1b: Dragonite|81\/100\n|\n|-weather|Snow|[upkeep]\n|upkeep\n|turn|5\n|-message|wjejjs forfeited.\n|\n|win|CAUSEIMJP\n|raw|CAUSEIMJP's rating: 1096 → 1115<\/strong> (+19 for winning)\n|raw|wjejjs's rating: 1000 → 1000<\/strong> (+0 for losing)\n|l|\u2606wjejjs\n","uploadtime":1682780950,"views":25,"p1id":"causeimjp","p2id":"wjejjs","formatid":"gen9vgc2023regulationc","rating":1000,"private":0,"password":""}