{"id":"gen9vgc2023regulationc-1851617392","p1":"thefropples4","p2":"testando 77777","format":"[Gen 9] VGC 2023 Regulation C","log":"|j|\u2606thefropples4\n|j|\u2606testando 77777\n|t:|1682461736\n|gametype|doubles\n|player|p1|thefropples4|nate|1146\n|player|p2|testando 77777|169|1226\n|teamsize|p1|6\n|teamsize|p2|6\n|gen|9\n|tier|[Gen 9] VGC 2023 Regulation C\n|rated|\n|rule|Species Clause: Limit one of each Pok\u00e9mon\n|rule|Item Clause: Limit one of each item\n|clearpoke\n|poke|p1|Flutter Mane, L50|\n|poke|p1|Arcanine, L50, F|\n|poke|p1|Amoonguss, L50, F|\n|poke|p1|Palafin, L50, F|\n|poke|p1|Dragapult, L50, F|\n|poke|p1|Ting-Lu, L50|\n|poke|p2|Amoonguss, L50, F|\n|poke|p2|Chi-Yu, L50|\n|poke|p2|Flutter Mane, L50|\n|poke|p2|Kingambit, L50, M|\n|poke|p2|Palafin, L50, F|\n|poke|p2|Iron Hands, L50|\n|teampreview|4\n|inactive|Battle timer is ON: inactive players will automatically lose when time's up. (requested by thefropples4)\n|\n|t:|1682461778\n|start\n|switch|p1a: Dragapult|Dragapult, L50, F|100\/100\n|switch|p1b: Flutter Mane|Flutter Mane, L50|100\/100\n|switch|p2a: Chi-Yu|Chi-Yu, L50|100\/100\n|switch|p2b: Kingambit|Kingambit, L50, M|100\/100\n|-ability|p2a: Chi-Yu|Beads of Ruin\n|turn|1\n|inactive|thefropples4 has 30 seconds left.\n|inactive|thefropples4 has 20 seconds left.\n|inactive|thefropples4 has 15 seconds left.\n|inactive|thefropples4 has 10 seconds left.\n|inactive|thefropples4 has 5 seconds left.\n|\n|t:|1682461828\n|-terastallize|p1b: Flutter Mane|Fairy\n|move|p2b: Kingambit|Sucker Punch|p1a: Dragapult\n|-supereffective|p1a: Dragapult\n|-damage|p1a: Dragapult|0 fnt\n|faint|p1a: Dragapult\n|move|p2a: Chi-Yu|Snarl|p1b: Flutter Mane\n|-resisted|p1b: Flutter Mane\n|-damage|p1b: Flutter Mane|82\/100\n|-unboost|p1b: Flutter Mane|spa|1\n|move|p1b: Flutter Mane|Moonblast|p2b: Kingambit\n|-damage|p2b: Kingambit|9\/100\n|\n|upkeep\n|\n|t:|1682461836\n|switch|p1a: Ting-Lu|Ting-Lu, L50|100\/100\n|-ability|p1a: Ting-Lu|Vessel of Ruin\n|turn|2\n|\n|t:|1682461851\n|switch|p2a: Amoonguss|Amoonguss, L50, F, shiny|100\/100\n|move|p2b: Kingambit|Protect|p2b: Kingambit\n|-singleturn|p2b: Kingambit|Protect\n|move|p1b: Flutter Mane|Moonblast|p2a: Amoonguss\n|-resisted|p2a: Amoonguss\n|-damage|p2a: Amoonguss|81\/100\n|move|p1a: Ting-Lu|Rock Slide|p2b: Kingambit|[spread] p2a\n|-activate|p2b: Kingambit|move: Protect\n|-damage|p2a: Amoonguss|67\/100\n|\n|upkeep\n|turn|3\n|\n|t:|1682461876\n|move|p2b: Kingambit|Sucker Punch|p1b: Flutter Mane\n|-resisted|p1b: Flutter Mane\n|-damage|p1b: Flutter Mane|47\/100\n|move|p1b: Flutter Mane|Moonblast|p2a: Amoonguss\n|-resisted|p2a: Amoonguss\n|-damage|p2a: Amoonguss|47\/100\n|-enditem|p2a: Amoonguss|Sitrus Berry|[eat]\n|-heal|p2a: Amoonguss|72\/100|[from] item: Sitrus Berry\n|move|p1a: Ting-Lu|Heavy Slam|p2a: Amoonguss\n|-damage|p2a: Amoonguss|41\/100\n|move|p2a: Amoonguss|Spore|p1a: Ting-Lu\n|-status|p1a: Ting-Lu|slp|[from] move: Spore\n|\n|upkeep\n|turn|4\n|\n|t:|1682461895\n|move|p2a: Amoonguss|Rage Powder|p2a: Amoonguss\n|-singleturn|p2a: Amoonguss|move: Rage Powder\n|move|p1b: Flutter Mane|Moonblast|p2a: Amoonguss\n|-resisted|p2a: Amoonguss\n|-damage|p2a: Amoonguss|22\/100\n|-unboost|p2a: Amoonguss|spa|1\n|move|p2b: Kingambit|Iron Head|p1b: Flutter Mane\n|-supereffective|p1b: Flutter Mane\n|-damage|p1b: Flutter Mane|0 fnt\n|faint|p1b: Flutter Mane\n|-end|p1b: Flutter Mane|Protosynthesis|[silent]\n|cant|p1a: Ting-Lu|slp\n|\n|upkeep\n|\n|t:|1682461897\n|switch|p1b: Arcanine|Arcanine, L50, F|100\/100\n|-ability|p1b: Arcanine|Intimidate|boost\n|-unboost|p2a: Amoonguss|atk|1\n|-unboost|p2b: Kingambit|atk|1\n|-ability|p2b: Kingambit|Defiant|boost\n|-boost|p2b: Kingambit|atk|2\n|turn|5\n|\n|t:|1682461912\n|move|p2b: Kingambit|Protect|p2b: Kingambit\n|-singleturn|p2b: Kingambit|Protect\n|move|p1b: Arcanine|Extreme Speed|p2b: Kingambit\n|-activate|p2b: Kingambit|move: Protect\n|cant|p1a: Ting-Lu|slp\n|move|p2a: Amoonguss|Spore|p1b: Arcanine\n|-activate|p1b: Arcanine|item: Safety Goggles|Spore\n|\n|upkeep\n|turn|6\n|\n|t:|1682461929\n|move|p1b: Arcanine|Extreme Speed|p2b: Kingambit\n|-resisted|p2b: Kingambit\n|-damage|p2b: Kingambit|0 fnt\n|faint|p2b: Kingambit\n|cant|p1a: Ting-Lu|slp\n|move|p2a: Amoonguss|Clear Smog|p1b: Arcanine\n|-damage|p1b: Arcanine|92\/100\n|-clearboost|p1b: Arcanine\n|\n|upkeep\n|\n|t:|1682461940\n|switch|p2b: Palafin|Palafin, L50, F|100\/100\n|turn|7\n|\n|t:|1682461952\n|-terastallize|p2b: Palafin|Water\n|move|p1b: Arcanine|Protect|p1b: Arcanine\n|-singleturn|p1b: Arcanine|Protect\n|move|p2b: Palafin|Jet Punch|p1b: Arcanine\n|-activate|p1b: Arcanine|move: Protect\n|-curestatus|p1a: Ting-Lu|slp|[msg]\n|move|p1a: Ting-Lu|Ruination|p2b: Palafin\n|-damage|p2b: Palafin|51\/100\n|move|p2a: Amoonguss|Spore|p1a: Ting-Lu\n|-status|p1a: Ting-Lu|slp|[from] move: Spore\n|\n|upkeep\n|turn|8\n|\n|t:|1682461977\n|move|p1b: Arcanine|Extreme Speed|p2b: Palafin\n|-damage|p2b: Palafin|27\/100\n|move|p2b: Palafin|Jet Punch|p1b: Arcanine\n|-supereffective|p1b: Arcanine\n|-damage|p1b: Arcanine|6\/100\n|cant|p1a: Ting-Lu|slp\n|move|p2a: Amoonguss|Clear Smog|p1b: Arcanine\n|-damage|p1b: Arcanine|0 fnt\n|-clearboost|p1b: Arcanine\n|faint|p1b: Arcanine\n|\n|upkeep\n|turn|9\n|inactive|testando 77777 has 30 seconds left.\n|\n|t:|1682462003\n|move|p2a: Amoonguss|Rage Powder|p2a: Amoonguss\n|-singleturn|p2a: Amoonguss|move: Rage Powder\n|move|p2b: Palafin|Jet Punch|p1a: Ting-Lu\n|-supereffective|p1a: Ting-Lu\n|-damage|p1a: Ting-Lu|58\/100 slp\n|cant|p1a: Ting-Lu|slp\n|\n|upkeep\n|turn|10\n|\n|t:|1682462016\n|move|p2b: Palafin|Wave Crash|p1a: Ting-Lu\n|-supereffective|p1a: Ting-Lu\n|-crit|p1a: Ting-Lu\n|-damage|p1a: Ting-Lu|0 fnt\n|faint|p1a: Ting-Lu\n|-damage|p2b: Palafin|2\/100|[from] Recoil\n|\n|win|testando 77777\n|raw|thefropples4's rating: 1146 → 1127<\/strong> (-19 for losing)\n|raw|testando 77777's rating: 1226 → 1245<\/strong> (+19 for winning)\n|l|\u2606thefropples4\n","uploadtime":1682462022,"views":18,"p1id":"thefropples4","p2id":"testando77777","formatid":"gen9vgc2023regulationc","rating":1127,"private":0,"password":""}