{"id":"gen9vgc2023regulationc-1854941677","p1":"NotDaBoy","p2":"ThiccestAppletun","format":"[Gen 9] VGC 2023 Regulation C","log":"|j|\u2606NotDaBoy\n|j|\u2606ThiccestAppletun\n|t:|1682883206\n|gametype|doubles\n|player|p1|NotDaBoy|marlon|1409\n|player|p2|ThiccestAppletun|102|1398\n|teamsize|p1|6\n|teamsize|p2|6\n|gen|9\n|tier|[Gen 9] VGC 2023 Regulation C\n|rated|\n|rule|Species Clause: Limit one of each Pok\u00e9mon\n|rule|Item Clause: Limit one of each item\n|clearpoke\n|poke|p1|Iron Hands, L50|\n|poke|p1|Amoonguss, L50, F|\n|poke|p1|Gyarados, L50, F|\n|poke|p1|Baxcalibur, L50, M|\n|poke|p1|Chi-Yu, L50|\n|poke|p1|Flutter Mane, L50|\n|poke|p2|Amoonguss, L50, F|\n|poke|p2|Arcanine, L50, F|\n|poke|p2|Flutter Mane, L50|\n|poke|p2|Chien-Pao, L50|\n|poke|p2|Dragonite, L50, M|\n|poke|p2|Azumarill, L50, F|\n|teampreview|4\nThiccestAppletun has agreed to open team sheets.\nNotDaBoy rejected open team sheets.\n|\n|t:|1682883256\n|start\n|switch|p1a: Flutter Mane|Flutter Mane, L50|100\/100\n|switch|p1b: Baxcalibur|Baxcalibur, L50, M|100\/100\n|switch|p2a: Flutter Mane|Flutter Mane, L50|100\/100\n|switch|p2b: Arcanine|Arcanine, L50, F|100\/100\n|-ability|p2b: Arcanine|Intimidate|boost\n|-unboost|p1a: Flutter Mane|atk|1\n|-unboost|p1b: Baxcalibur|atk|1\n|-enditem|p2a: Flutter Mane|Booster Energy\n|-activate|p2a: Flutter Mane|ability: Protosynthesis|[fromitem]\n|-start|p2a: Flutter Mane|protosynthesisspa\n|turn|1\n|inactive|Battle timer is ON: inactive players will automatically lose when time's up. (requested by ThiccestAppletun)\n|\n|t:|1682883297\n|-terastallize|p1b: Baxcalibur|Poison\n|move|p1a: Flutter Mane|Protect|p1a: Flutter Mane\n|-singleturn|p1a: Flutter Mane|Protect\n|move|p2a: Flutter Mane|Protect|p2a: Flutter Mane\n|-singleturn|p2a: Flutter Mane|Protect\n|move|p2b: Arcanine|Flare Blitz|p1a: Flutter Mane\n|-activate|p1a: Flutter Mane|move: Protect\n|move|p1b: Baxcalibur|Icicle Spear|p2a: Flutter Mane\n|-activate|p2a: Flutter Mane|move: Protect\n|\n|upkeep\n|turn|2\n|inactive|ThiccestAppletun has 30 seconds left.\n|inactive|NotDaBoy has 30 seconds left.\n|\n|t:|1682883331\n|-end|p2a: Flutter Mane|Protosynthesis|[silent]\n|switch|p2a: Azumarill|Azumarill, L50, F|100\/100\n|move|p1b: Baxcalibur|Ice Shard|p2a: Azumarill\n|-resisted|p2a: Azumarill\n|-damage|p2a: Azumarill|93\/100\n|move|p1a: Flutter Mane|Shadow Ball|p2a: Azumarill\n|-crit|p2a: Azumarill\n|-damage|p2a: Azumarill|50\/100\n|move|p2b: Arcanine|Flare Blitz|p1a: Flutter Mane\n|-crit|p1a: Flutter Mane\n|-enditem|p1a: Flutter Mane|Focus Sash\n|-damage|p1a: Flutter Mane|1\/100\n|-damage|p2b: Arcanine|79\/100|[from] Recoil\n|\n|upkeep\n|turn|3\n|inactive|NotDaBoy has 30 seconds left.\n|inactive|NotDaBoy has 20 seconds left.\n|inactive|NotDaBoy has 15 seconds left.\n|\n|t:|1682883373\n|switch|p1b: Amoonguss|Amoonguss, L50, F|100\/100\n|move|p1a: Flutter Mane|Protect|p1a: Flutter Mane\n|-singleturn|p1a: Flutter Mane|Protect\n|move|p2b: Arcanine|Flare Blitz|p1a: Flutter Mane\n|-activate|p1a: Flutter Mane|move: Protect\n|move|p2a: Azumarill|Liquidation|p1b: Amoonguss\n|-resisted|p1b: Amoonguss\n|-damage|p1b: Amoonguss|76\/100\n|-unboost|p1b: Amoonguss|def|1\n|\n|upkeep\n|turn|4\n|inactive|NotDaBoy has 30 seconds left.\n|\n|t:|1682883402\n|move|p1a: Flutter Mane|Dazzling Gleam|p2a: Azumarill|[spread] p2a,p2b\n|-resisted|p2b: Arcanine\n|-damage|p2a: Azumarill|28\/100\n|-damage|p2b: Arcanine|62\/100\n|move|p2b: Arcanine|Flare Blitz|p1b: Amoonguss\n|-supereffective|p1b: Amoonguss\n|-crit|p1b: Amoonguss\n|-damage|p1b: Amoonguss|0 fnt\n|faint|p1b: Amoonguss\n|-damage|p2b: Arcanine|34\/100|[from] Recoil\n|move|p2a: Azumarill|Ice Spinner|p1a: Flutter Mane\n|-damage|p1a: Flutter Mane|0 fnt\n|faint|p1a: Flutter Mane\n|-end|p1a: Flutter Mane|Protosynthesis|[silent]\n|\n|upkeep\n|\n|t:|1682883414\n|switch|p1a: Baxcalibur|Baxcalibur, L50, M, tera:Poison|100\/100\n|switch|p1b: Iron Hands|Iron Hands, L50|100\/100\n|turn|5\n|\n|t:|1682883433\n|switch|p2a: Flutter Mane|Flutter Mane, L50|100\/100\n|move|p2b: Arcanine|Protect|p2b: Arcanine\n|-singleturn|p2b: Arcanine|Protect\n|move|p1a: Baxcalibur|Glaive Rush|p2b: Arcanine\n|-activate|p2b: Arcanine|move: Protect\n|move|p1b: Iron Hands|Wild Charge|p2a: Flutter Mane\n|-damage|p2a: Flutter Mane|17\/100\n|-damage|p1b: Iron Hands|89\/100|[from] Recoil\n|\n|upkeep\n|turn|6\n|\n|t:|1682883456\n|switch|p2b: Azumarill|Azumarill, L50, F|28\/100\n|move|p2a: Flutter Mane|Protect|p2a: Flutter Mane\n|-singleturn|p2a: Flutter Mane|Protect\n|move|p1a: Baxcalibur|Protect|p1a: Baxcalibur\n|-singleturn|p1a: Baxcalibur|Protect\n|move|p1b: Iron Hands|Drain Punch|p2b: Azumarill\n|-resisted|p2b: Azumarill\n|-damage|p2b: Azumarill|8\/100\n|-heal|p1b: Iron Hands|97\/100|[from] drain|[of] p2b: Azumarill\n|\n|upkeep\n|turn|7\n|\n|t:|1682883474\n|-terastallize|p2a: Flutter Mane|Fairy\n|move|p2a: Flutter Mane|Moonblast|p1b: Iron Hands\n|-supereffective|p1b: Iron Hands\n|-damage|p1b: Iron Hands|38\/100\n|move|p1a: Baxcalibur|Icicle Spear|p2b: Azumarill\n|-resisted|p2b: Azumarill\n|-damage|p2b: Azumarill|0 fnt\n|faint|p2b: Azumarill\n|-hitcount|p2: Azumarill|1\n|move|p1b: Iron Hands|Wild Charge|p2a: Flutter Mane\n|-damage|p2a: Flutter Mane|0 fnt\n|faint|p2a: Flutter Mane\n|-end|p2a: Flutter Mane|Protosynthesis|[silent]\n|-damage|p1b: Iron Hands|35\/100|[from] Recoil\n|\n|upkeep\n|\n|t:|1682883480\n|switch|p2a: Arcanine|Arcanine, L50, F|34\/100\n|switch|p2b: Dragonite|Dragonite, L50, M|100\/100\n|-ability|p2a: Arcanine|Intimidate|boost\n|-unboost|p1a: Baxcalibur|atk|1\n|-unboost|p1b: Iron Hands|atk|1\n|turn|8\n|inactive|NotDaBoy has 30 seconds left.\n|\n|t:|1682883505\n|move|p2a: Arcanine|Flare Blitz|p1a: Baxcalibur\n|-damage|p1a: Baxcalibur|62\/100\n|-ability|p1a: Baxcalibur|Thermal Exchange|boost\n|-boost|p1a: Baxcalibur|atk|1\n|-damage|p2a: Arcanine|19\/100|[from] Recoil\n|move|p1a: Baxcalibur|Icicle Spear|p2b: Dragonite\n|-supereffective|p2b: Dragonite\n|-damage|p2b: Dragonite|44\/100\n|-supereffective|p2b: Dragonite\n|-damage|p2b: Dragonite|0 fnt\n|faint|p2b: Dragonite\n|-hitcount|p2: Dragonite|2\n|move|p1b: Iron Hands|Drain Punch|p2a: Arcanine\n|-damage|p2a: Arcanine|0 fnt\n|-heal|p1b: Iron Hands|43\/100|[from] drain|[of] p2a: Arcanine\n|faint|p2a: Arcanine\n|\n|win|NotDaBoy\n|raw|NotDaBoy's rating: 1409 → 1428<\/strong> (+19 for winning)\n|raw|ThiccestAppletun's rating: 1398 → 1379<\/strong> (-19 for losing)\n|l|\u2606ThiccestAppletun\n","uploadtime":1682883548,"views":7,"p1id":"notdaboy","p2id":"thiccestappletun","formatid":"gen9vgc2023regulationc","rating":1379,"private":0,"password":""}