{"id":"gen9vgc2023regulationc-1862142885","p1":"DrChocolateMD","p2":"destrucktoo","format":"[Gen 9] VGC 2023 Regulation C","log":"|j|\u2606DrChocolateMD\n|j|\u2606destrucktoo\n|t:|1683841567\n|gametype|doubles\n|player|p1|DrChocolateMD|cyrus|\n|player|p2|destrucktoo|pokekid|\n|teamsize|p1|6\n|teamsize|p2|6\n|gen|9\n|tier|[Gen 9] VGC 2023 Regulation C\n|rule|Species Clause: Limit one of each Pok\u00e9mon\n|rule|Item Clause: Limit one of each item\n|clearpoke\n|poke|p1|Salazzle, L50, F|\n|poke|p1|Iron Bundle, L50|\n|poke|p1|Hydreigon, L50, F|\n|poke|p1|Baxcalibur, L50, F|\n|poke|p1|Gengar, L50, M|\n|poke|p1|Kingambit, L50, M|\n|poke|p2|Abomasnow, L50, F|\n|poke|p2|Cetitan, L50, F|\n|poke|p2|Iron Hands, L50|\n|poke|p2|Arcanine, L50, M|\n|poke|p2|Flamigo, L50, F|\n|poke|p2|Oranguru, L50, F|\n|teampreview|4\nDrChocolateMD rejected open team sheets.\n|j| WindyEng\n|c| WindyEng|game 3 ba-beeeee!\n|c|\u2606destrucktoo|this is for the three GLs in game 1.... had to have 3 games\n|c|\u2606DrChocolateMD|Fax\n|j| Pinapplehead\n|\n|t:|1683841649\n|start\n|switch|p1a: Samurworm|Kingambit, L50, M|100\/100\n|switch|p1b: Worm With Legs|Salazzle, L50, F|100\/100\n|switch|p2a: Orangeuru|Oranguru, L50, F|100\/100\n|switch|p2b: Dog|Arcanine, L50, M|100\/100\n|-ability|p2b: Dog|Intimidate|boost\n|-unboost|p1a: Samurworm|atk|1\n|-ability|p1a: Samurworm|Defiant|boost\n|-boost|p1a: Samurworm|atk|2\n|-fail|p1b: Worm With Legs|unboost|Attack|[from] ability: Oblivious|[of] p1b: Worm With Legs\n|turn|1\n|c| WindyEng|wuh-oh\n|c|\u2606destrucktoo|oh no\n|\n|t:|1683841691\n|-terastallize|p1a: Samurworm|Fire\n|move|p1b: Worm With Legs|Fake Out|p2a: Orangeuru\n|-damage|p2a: Orangeuru|95\/100\n|move|p2b: Dog|Flare Blitz|p1a: Samurworm\n|-resisted|p1a: Samurworm\n|-damage|p1a: Samurworm|74\/100\n|-damage|p2b: Dog|91\/100|[from] Recoil\n|-damage|p2b: Dog|82\/100|[from] item: Life Orb\n|move|p2a: Orangeuru|Encore|p1b: Worm With Legs\n|-start|p1b: Worm With Legs|Encore\n|move|p1a: Samurworm|Kowtow Cleave|p2a: Orangeuru\n|-supereffective|p2a: Orangeuru\n|-enditem|p2a: Orangeuru|Colbur Berry|[eat]\n|-enditem|p2a: Orangeuru|Colbur Berry|[weaken]\n|-damage|p2a: Orangeuru|29\/100\n|\n|upkeep\n|turn|2\n|c| WindyEng|lol amazing\n|c|\u2606DrChocolateMD|Colbur Berry was a good shot\n|c| Pinapplehead|Worm must worm again\n|c|\u2606destrucktoo|big brains\n|j| smash strechem\n|c| WindyEng|maybe change your name to \"I Will Fake Out Into Inner Focus\"\n|c|\u2606DrChocolateMD|Lol\n|c|\u2606DrChocolateMD|\"I will fake out into things that prevent flinching\"\n|\n|t:|1683841767\n|switch|p1b: BipedWorm|Baxcalibur, L50, F|100\/100\n|move|p2b: Dog|Flare Blitz|p1b: BipedWorm\n|-damage|p1b: BipedWorm|29\/100\n|-ability|p1b: BipedWorm|Thermal Exchange|boost\n|-boost|p1b: BipedWorm|atk|1\n|-damage|p2b: Dog|59\/100|[from] Recoil\n|-damage|p2b: Dog|49\/100|[from] item: Life Orb\n|move|p1a: Samurworm|Kowtow Cleave|p2a: Orangeuru\n|-supereffective|p2a: Orangeuru\n|-damage|p2a: Orangeuru|0 fnt\n|faint|p2a: Orangeuru\n|\n|upkeep\n|c|\u2606destrucktoo|have all the atk buffs...\n|\n|t:|1683841792\n|switch|p2a: Thiccc|Iron Hands, L50|100\/100\n|-enditem|p2a: Thiccc|Booster Energy\n|-activate|p2a: Thiccc|ability: Quark Drive|[fromitem]\n|-start|p2a: Thiccc|quarkdriveatk\n|turn|3\n|c|\u2606DrChocolateMD|You still have Iron Hands\n|c|\u2606destrucktoo|ITSSSSSSSSS TIME\n|c|\u2606destrucktoo|catch these mitts\n|\n|t:|1683841828\n|move|p1b: BipedWorm|Protect|p1b: BipedWorm\n|-singleturn|p1b: BipedWorm|Protect\n|move|p2a: Thiccc|Fake Out|p1a: Samurworm\n|-damage|p1a: Samurworm|57\/100\n|move|p2b: Dog|Extreme Speed|p1b: BipedWorm\n|-activate|p1b: BipedWorm|move: Protect\n|cant|p1a: Samurworm|flinch\n|\n|upkeep\n|turn|4\n|\n|t:|1683841882\n|move|p2b: Dog|Extreme Speed|p1b: BipedWorm\n|-damage|p1b: BipedWorm|0 fnt\n|faint|p1b: BipedWorm\n|-damage|p2b: Dog|40\/100|[from] item: Life Orb\n|move|p1a: Samurworm|Sucker Punch||[still]\n|-fail|p1a: Samurworm\n|move|p2a: Thiccc|Wild Charge|p1a: Samurworm\n|-damage|p1a: Samurworm|6\/100\n|-damage|p2a: Thiccc|89\/100|[from] Recoil\n|\n|upkeep\n|c|\u2606destrucktoo|WURMS\n|\n|t:|1683841900\n|switch|p1b: Worm With Legs|Salazzle, L50, F|100\/100\n|turn|5\n|\n|t:|1683841930\n|move|p1b: Worm With Legs|Fake Out|p2b: Dog\n|-damage|p2b: Dog|33\/100\n|cant|p2b: Dog|flinch\n|move|p1a: Samurworm|Kowtow Cleave|p2b: Dog\n|-damage|p2b: Dog|0 fnt\n|faint|p2b: Dog\n|move|p2a: Thiccc|Wild Charge|p1b: Worm With Legs\n|-damage|p1b: Worm With Legs|0 fnt\n|faint|p1b: Worm With Legs\n|-damage|p2a: Thiccc|73\/100|[from] Recoil\n|\n|upkeep\n|\n|t:|1683841945\n|switch|p1b: NotABird|Iron Bundle, L50|100\/100\n|switch|p2b: Guardin' Gardens|Flamigo, L50, F|100\/100\n|-enditem|p1b: NotABird|Booster Energy\n|-activate|p1b: NotABird|ability: Quark Drive|[fromitem]\n|-start|p1b: NotABird|quarkdrivespe\n|turn|6\n|\n|t:|1683842016\n|move|p1b: NotABird|Blizzard|p2a: Thiccc|[spread] p2a,p2b\n|-supereffective|p2b: Guardin' Gardens\n|-damage|p2a: Thiccc|40\/100\n|-enditem|p2b: Guardin' Gardens|Focus Sash\n|-damage|p2b: Guardin' Gardens|1\/100\n|move|p2b: Guardin' Gardens|Close Combat|p1b: NotABird\n|-supereffective|p1b: NotABird\n|-damage|p1b: NotABird|0 fnt\n|-unboost|p2b: Guardin' Gardens|def|1\n|-unboost|p2b: Guardin' Gardens|spd|1\n|faint|p1b: NotABird\n|-end|p1b: NotABird|Quark Drive|[silent]\n|move|p1a: Samurworm|Iron Head|p2b: Guardin' Gardens\n|-damage|p2b: Guardin' Gardens|0 fnt\n|faint|p2b: Guardin' Gardens\n|move|p2a: Thiccc|Drain Punch|p1a: Samurworm\n|-damage|p1a: Samurworm|0 fnt\n|-heal|p2a: Thiccc|43\/100|[from] drain|[of] p1a: Samurworm\n|faint|p1a: Samurworm\n|\n|win|destrucktoo\n|c|\u2606DrChocolateMD|GG :P\n|c|\u2606destrucktoo|GGs\n|c| WindyEng|wow! gg guys\n|c|\u2606destrucktoo|those were fun games!\n","uploadtime":1683842036,"views":13,"p1id":"drchocolatemd","p2id":"destrucktoo","formatid":"gen9vgc2023regulationc","rating":0,"private":0,"password":""}