{"id":"gen9vgc2023regulationc-1849980358","p1":"AbsRam","p2":"nicolshz","format":"[Gen 9] VGC 2023 Regulation C","log":"|j|\u2606AbsRam\n|j|\u2606nicolshz\n|t:|1682274589\n|gametype|doubles\n|player|p1|AbsRam|266|1212\n|player|p2|nicolshz|170|1149\n|teamsize|p1|6\n|teamsize|p2|6\n|gen|9\n|tier|[Gen 9] VGC 2023 Regulation C\n|rated|\n|rule|Species Clause: Limit one of each Pok\u00e9mon\n|rule|Item Clause: Limit one of each item\n|clearpoke\n|poke|p1|Hatterene, L50, F|\n|poke|p1|Indeedee-F, L50, F|\n|poke|p1|Torkoal, L50, F|\n|poke|p1|Chi-Yu, L50|\n|poke|p1|Flutter Mane, L50|\n|poke|p1|Iron Hands, L50|\n|poke|p2|Dragapult, L50, M|\n|poke|p2|Glimmora, L50, M|\n|poke|p2|Arcanine, L50, F|\n|poke|p2|Amoonguss, L50, F|\n|poke|p2|Chien-Pao, L50|\n|poke|p2|Iron Bundle, L50|\n|teampreview|4\n|inactive|Battle timer is ON: inactive players will automatically lose when time's up. (requested by AbsRam)\n|\n|t:|1682274625\n|start\n|switch|p1a: Indeedee|Indeedee-F, L50, F|100\/100\n|switch|p1b: Hatterene|Hatterene, L50, F|100\/100\n|switch|p2a: Dragapult|Dragapult, L50, M|100\/100\n|switch|p2b: Iron Bundle|Iron Bundle, L50|100\/100\n|-fieldstart|move: Psychic Terrain|[from] ability: Psychic Surge|[of] p1a: Indeedee\n|-enditem|p1a: Indeedee|Psychic Seed\n|-boost|p1a: Indeedee|spd|1|[from] item: Psychic Seed\n|-enditem|p2b: Iron Bundle|Booster Energy\n|-activate|p2b: Iron Bundle|ability: Quark Drive|[fromitem]\n|-start|p2b: Iron Bundle|quarkdrivespe\n|turn|1\n|\n|t:|1682274641\n|move|p1a: Indeedee|Follow Me|p1a: Indeedee\n|-singleturn|p1a: Indeedee|move: Follow Me\n|move|p2b: Iron Bundle|Freeze-Dry|p1a: Indeedee\n|-damage|p1a: Indeedee|78\/100\n|move|p2a: Dragapult|U-turn|p1a: Indeedee\n|-supereffective|p1a: Indeedee\n|-damage|p1a: Indeedee|16\/100\n|\n|t:|1682274649\n|switch|p2a: Chien-Pao|Chien-Pao, L50|100\/100|[from] U-turn\n|-ability|p2a: Chien-Pao|Sword of Ruin\n|move|p1b: Hatterene|Trick Room|p1b: Hatterene\n|-fieldstart|move: Trick Room|[of] p1b: Hatterene\n|\n|upkeep\n|turn|2\n|\n|t:|1682274664\n|move|p2b: Iron Bundle|Protect|p2b: Iron Bundle\n|-singleturn|p2b: Iron Bundle|Protect\n|move|p1a: Indeedee|Follow Me|p1a: Indeedee\n|-singleturn|p1a: Indeedee|move: Follow Me\n|move|p1b: Hatterene|Dazzling Gleam|p2a: Chien-Pao|[spread] p2a\n|-activate|p2b: Iron Bundle|move: Protect\n|-supereffective|p2a: Chien-Pao\n|-enditem|p2a: Chien-Pao|Focus Sash\n|-damage|p2a: Chien-Pao|1\/100\n|-damage|p1b: Hatterene|91\/100|[from] item: Life Orb\n|move|p2a: Chien-Pao|Ice Spinner|p1a: Indeedee\n|-damage|p1a: Indeedee|0 fnt\n|-fieldend|move: Psychic Terrain\n|faint|p1a: Indeedee\n|\n|upkeep\n|\n|t:|1682274681\n|switch|p1a: Torkoal|Torkoal, L50, F|100\/100\n|-weather|SunnyDay|[from] ability: Drought|[of] p1a: Torkoal\n|turn|3\n|\n|t:|1682274695\n|-terastallize|p1a: Torkoal|Fire\n|move|p2a: Chien-Pao|Sucker Punch|p1b: Hatterene\n|-damage|p1b: Hatterene|37\/100\n|move|p1a: Torkoal|Eruption|p2a: Chien-Pao|[spread] p2a,p2b\n|-supereffective|p2a: Chien-Pao\n|-damage|p2a: Chien-Pao|0 fnt\n|-damage|p2b: Iron Bundle|0 fnt\n|faint|p2a: Chien-Pao\n|faint|p2b: Iron Bundle\n|-end|p2b: Iron Bundle|Quark Drive|[silent]\n|move|p1b: Hatterene|Dazzling Gleam|p2: Chien-Pao|[notarget]\n|-fail|p1b: Hatterene\n|\n|-weather|SunnyDay|[upkeep]\n|upkeep\n|\n|t:|1682274706\n|switch|p2a: Dragapult|Dragapult, L50, M|100\/100\n|switch|p2b: Glimmora|Glimmora, L50, M|100\/100\n|turn|4\n|\n|t:|1682274723\n|move|p1a: Torkoal|Eruption|p2b: Glimmora|[spread] p2a,p2b\n|-resisted|p2a: Dragapult\n|-resisted|p2b: Glimmora\n|-damage|p2a: Dragapult|26\/100\n|-damage|p2b: Glimmora|44\/100\n|move|p1b: Hatterene|Dazzling Gleam|p2b: Glimmora|[spread] p2a,p2b\n|-supereffective|p2a: Dragapult\n|-crit|p2a: Dragapult\n|-resisted|p2b: Glimmora\n|-damage|p2a: Dragapult|0 fnt\n|-damage|p2b: Glimmora|24\/100\n|faint|p2a: Dragapult\n|-damage|p1b: Hatterene|27\/100|[from] item: Life Orb\n|move|p2b: Glimmora|Power Gem|p1a: Torkoal\n|-supereffective|p1a: Torkoal\n|-damage|p1a: Torkoal|0 fnt\n|faint|p1a: Torkoal\n|\n|-weather|SunnyDay|[upkeep]\n|upkeep\n|\n|t:|1682274741\n|switch|p1a: Chi-Yu|Chi-Yu, L50|100\/100\n|-ability|p1a: Chi-Yu|Beads of Ruin\n|turn|5\n|\n|t:|1682274754\n|move|p1b: Hatterene|Psyshock|p2b: Glimmora\n|-supereffective|p2b: Glimmora\n|-damage|p2b: Glimmora|0 fnt\n|faint|p2b: Glimmora\n|-damage|p1b: Hatterene|18\/100|[from] item: Life Orb\n|\n|win|AbsRam\n|raw|AbsRam's rating: 1212 → 1233<\/strong> (+21 for winning)\n|raw|nicolshz's rating: 1149 → 1128<\/strong> (-21 for losing)\n|l|\u2606nicolshz\n","uploadtime":1682274770,"views":7,"p1id":"absram","p2id":"nicolshz","formatid":"gen9vgc2023regulationc","rating":1128,"private":0,"password":""}