{"id":"gen9vgc2023regulationc-1845230622","p1":"NickNoName","p2":"Mess in Distress","format":"[Gen 9] VGC 2023 Regulation C","log":"|j|\u2606NickNoName\n|j|\u2606Mess in Distress\n|t:|1681699396\n|gametype|doubles\n|player|p1|NickNoName|101|1575\n|player|p2|Mess in Distress|169|1522\n|teamsize|p1|6\n|teamsize|p2|6\n|gen|9\n|tier|[Gen 9] VGC 2023 Regulation C\n|rated|\n|rule|Species Clause: Limit one of each Pok\u00e9mon\n|rule|Item Clause: Limit one of each item\n|clearpoke\n|poke|p1|Dondozo, L50, M|\n|poke|p1|Tatsugiri-Stretchy, L50, F|\n|poke|p1|Flutter Mane, L50|\n|poke|p1|Pelipper, L50, M|\n|poke|p1|Iron Bundle, L50|\n|poke|p1|Drednaw, L50, M|\n|poke|p2|Dondozo, L50, F|\n|poke|p2|Tatsugiri-Droopy, L50, M|\n|poke|p2|Flutter Mane, L50|\n|poke|p2|Chi-Yu, L50|\n|poke|p2|Dragonite, L50, F|\n|poke|p2|Iron Hands, L50|\n|teampreview|4\n|j| Tameryn\n|l| Tameryn\n|j| RandomlyBrian\n|\n|t:|1681699422\n|start\n|switch|p1a: Dondozo|Dondozo, L50, M, shiny|100\/100\n|switch|p1b: Pelipper|Pelipper, L50, M|100\/100\n|switch|p2a: Dondozo|Dondozo, L50, F, shiny|100\/100\n|switch|p2b: Flutter Mane|Flutter Mane, L50, shiny|100\/100\n|-weather|RainDance|[from] ability: Drizzle|[of] p1b: Pelipper\n|turn|1\n|\n|t:|1681699429\n|switch|p1b: Tatsugiri|Tatsugiri-Stretchy, L50, F|100\/100\n|-activate|p1b: Tatsugiri|ability: Commander|[of] p1a: Dondozo\n|-boost|p1a: Dondozo|atk|2\n|-boost|p1a: Dondozo|spa|2\n|-boost|p1a: Dondozo|spe|2\n|-boost|p1a: Dondozo|def|2\n|-boost|p1a: Dondozo|spd|2\n|-terastallize|p1a: Dondozo|Water\n|move|p2b: Flutter Mane|Protect|p2b: Flutter Mane\n|-singleturn|p2b: Flutter Mane|Protect\n|move|p1a: Dondozo|Surf|p2b: Flutter Mane|[spread] p2a\n|-miss|p1a: Dondozo|p1b: Tatsugiri\n|-activate|p2b: Flutter Mane|move: Protect\n|-resisted|p2a: Dondozo\n|-damage|p2a: Dondozo|78\/100\n|-damage|p1a: Dondozo|91\/100|[from] item: Life Orb\n|move|p2a: Dondozo|Yawn|p1a: Dondozo\n|-start|p1a: Dondozo|move: Yawn|[of] p2a: Dondozo\n|\n|-weather|RainDance|[upkeep]\n|-heal|p2a: Dondozo|84\/100|[from] item: Leftovers\n|upkeep\n|turn|2\n|\n|t:|1681699468\n|move|p2b: Flutter Mane|Moonblast|p1a: Dondozo\n|-damage|p1a: Dondozo|56\/100\n|-damage|p2b: Flutter Mane|91\/100|[from] item: Life Orb\n|move|p1a: Dondozo|Surf|p2a: Dondozo|[spread] p2a,p2b\n|-miss|p1a: Dondozo|p1b: Tatsugiri\n|-resisted|p2a: Dondozo\n|-damage|p2a: Dondozo|61\/100\n|-damage|p2b: Flutter Mane|0 fnt\n|faint|p2b: Flutter Mane\n|-end|p2b: Flutter Mane|Protosynthesis|[silent]\n|-damage|p1a: Dondozo|47\/100|[from] item: Life Orb\n|move|p2a: Dondozo|Wave Crash|p1a: Dondozo\n|-resisted|p1a: Dondozo\n|-damage|p1a: Dondozo|11\/100\n|-damage|p2a: Dondozo|49\/100|[from] Recoil\n|\n|-weather|RainDance|[upkeep]\n|-heal|p2a: Dondozo|56\/100|[from] item: Leftovers\n|-end|p1a: Dondozo|move: Yawn|[silent]\n|-status|p1a: Dondozo|slp\n|upkeep\n|\n|t:|1681699487\n|switch|p2b: Iron Hands|Iron Hands, L50, shiny|100\/100\n|turn|3\n|j| Sauromon\n|\n|t:|1681699504\n|cant|p1a: Dondozo|slp\n|move|p1a: Dondozo|Sleep Talk|p1a: Dondozo\n|move|p1a: Dondozo|Wave Crash|p2a: Dondozo|[from]move: Sleep Talk\n|-resisted|p2a: Dondozo\n|-damage|p2a: Dondozo|19\/100\n|-damage|p1a: Dondozo|0 fnt|[from] Recoil\n|faint|p1a: Dondozo\n|move|p2a: Dondozo|Wave Crash|p1b: Tatsugiri\n|-resisted|p1b: Tatsugiri\n|-damage|p1b: Tatsugiri|61\/100\n|-damage|p2a: Dondozo|11\/100|[from] Recoil\n|move|p2b: Iron Hands|Wild Charge|p1b: Tatsugiri\n|-damage|p1b: Tatsugiri|0 fnt\n|faint|p1b: Tatsugiri\n|-damage|p2b: Iron Hands|91\/100|[from] Recoil\n|\n|-weather|RainDance|[upkeep]\n|-heal|p2a: Dondozo|17\/100|[from] item: Leftovers\n|upkeep\n|\n|t:|1681699518\n|switch|p1b: Drednaw|Drednaw, L50, M|100\/100\n|switch|p1a: Pelipper|Pelipper, L50, M|100\/100\n|turn|4\n|\n|t:|1681699529\n|move|p1b: Drednaw|Rock Slide|p2b: Iron Hands|[spread] p2b\n|-miss|p1b: Drednaw|p2a: Dondozo\n|-resisted|p2b: Iron Hands\n|-damage|p2b: Iron Hands|76\/100\n|move|p1a: Pelipper|Hydro Pump|p2a: Dondozo\n|-resisted|p2a: Dondozo\n|-damage|p2a: Dondozo|0 fnt\n|faint|p2a: Dondozo\n|move|p2b: Iron Hands|Drain Punch|p1b: Drednaw\n|-supereffective|p1b: Drednaw\n|-damage|p1b: Drednaw|0 fnt\n|-heal|p2b: Iron Hands|100\/100|[from] drain|[of] p1b: Drednaw\n|faint|p1b: Drednaw\n|\n|-weather|RainDance|[upkeep]\n|upkeep\n|\n|t:|1681699536\n|switch|p2a: Tatsugiri|Tatsugiri-Droopy, L50, M, shiny|100\/100\n|turn|5\n|\n|t:|1681699550\n|move|p2a: Tatsugiri|Icy Wind|p1a: Pelipper\n|-damage|p1a: Pelipper|74\/100\n|-unboost|p1a: Pelipper|spe|1\n|move|p1a: Pelipper|Hydro Pump|p2b: Iron Hands\n|-damage|p2b: Iron Hands|59\/100\n|move|p2b: Iron Hands|Wild Charge|p1a: Pelipper\n|-supereffective|p1a: Pelipper\n|-damage|p1a: Pelipper|0 fnt\n|faint|p1a: Pelipper\n|-damage|p2b: Iron Hands|46\/100|[from] Recoil\n|\n|win|Mess in Distress\n|raw|NickNoName's rating: 1575 → 1552<\/strong> (-23 for losing)\n|raw|Mess in Distress's rating: 1522 → 1545<\/strong> (+23 for winning)\n|c|\u2606NickNoName|gg\n|l|\u2606NickNoName\n","uploadtime":1681699565,"views":12,"p1id":"nicknoname","p2id":"messindistress","formatid":"gen9vgc2023regulationc","rating":1545,"private":0,"password":""}