{"id":"gen9vgc2023regulationc-1862031956","p1":"GoodUnity-YT","p2":"tukey","format":"[Gen 9] VGC 2023 Regulation C","log":"|j|\u2606GoodUnity-YT\n|j|\u2606tukey\n|t:|1683830444\n|gametype|doubles\n|player|p1|GoodUnity-YT|169|1334\n|player|p2|tukey|elesa|1351\n|teamsize|p1|6\n|teamsize|p2|6\n|gen|9\n|tier|[Gen 9] VGC 2023 Regulation C\n|rated|\n|rule|Species Clause: Limit one of each Pok\u00e9mon\n|rule|Item Clause: Limit one of each item\n|clearpoke\n|poke|p1|Tyranitar, L50, M|\n|poke|p1|Houndstone, L50, M|\n|poke|p1|Gyarados, L50, F|\n|poke|p1|Arboliva, L50, M|\n|poke|p1|Chi-Yu, L50|\n|poke|p1|Great Tusk, L50|\n|poke|p2|Iron Bundle, L50|\n|poke|p2|Ting-Lu, L50|\n|poke|p2|Iron Hands, L50|\n|poke|p2|Tatsugiri, L50, M|\n|poke|p2|Dondozo, L50, M|\n|poke|p2|Abomasnow, L50, F|\n|teampreview|4\nGoodUnity-YT has agreed to open team sheets.\ntukey has agreed to open team sheets.\n|\n|t:|1683830507\n|start\n|switch|p1a: Gyarados|Gyarados, L50, F|100\/100\n|switch|p1b: Chi-Yu|Chi-Yu, L50|100\/100\n|switch|p2a: Iron Hands|Iron Hands, L50|100\/100\n|switch|p2b: Tatsugiri|Tatsugiri, L50, M, shiny|100\/100\n|-ability|p1b: Chi-Yu|Beads of Ruin\n|-ability|p1a: Gyarados|Intimidate|boost\n|-unboost|p2a: Iron Hands|atk|1\n|-unboost|p2b: Tatsugiri|atk|1\n|turn|1\n|\n|t:|1683830535\n|switch|p1a: Arboliva|Arboliva, L50, M|100\/100\n|move|p1b: Chi-Yu|Protect|p1b: Chi-Yu\n|-singleturn|p1b: Chi-Yu|Protect\n|move|p2b: Tatsugiri|Muddy Water|p1b: Chi-Yu|[spread] p1a\n|-activate|p1b: Chi-Yu|move: Protect\n|-resisted|p1a: Arboliva\n|-damage|p1a: Arboliva|83\/100\n|-fieldstart|move: Grassy Terrain|[from] ability: Seed Sower|[of] p1a: Arboliva\n|move|p2a: Iron Hands|Wild Charge|p1a: Arboliva\n|-resisted|p1a: Arboliva\n|-damage|p1a: Arboliva|66\/100\n|-damage|p2a: Iron Hands|97\/100|[from] Recoil\n|\n|-heal|p2a: Iron Hands|100\/100|[from] Grassy Terrain\n|-heal|p1a: Arboliva|72\/100|[from] Grassy Terrain\n|-heal|p1a: Arboliva|78\/100|[from] item: Leftovers\n|upkeep\n|turn|2\n|\n|t:|1683830581\n|switch|p1b: Gyarados|Gyarados, L50, F|100\/100\n|-ability|p1b: Gyarados|Intimidate|boost\n|-unboost|p2a: Iron Hands|atk|1\n|-unboost|p2b: Tatsugiri|atk|1\n|move|p1a: Arboliva|Protect|p1a: Arboliva\n|-singleturn|p1a: Arboliva|Protect\n|move|p2b: Tatsugiri|Muddy Water|p1a: Arboliva|[spread] p1b\n|-activate|p1a: Arboliva|move: Protect\n|-resisted|p1b: Gyarados\n|-damage|p1b: Gyarados|89\/100\n|move|p2a: Iron Hands|Drain Punch|p1b: Gyarados\n|-resisted|p1b: Gyarados\n|-damage|p1b: Gyarados|78\/100\n|\n|-heal|p1a: Arboliva|84\/100|[from] Grassy Terrain\n|-heal|p1a: Arboliva|90\/100|[from] item: Leftovers\n|upkeep\n|turn|3\n|\n|t:|1683830612\n|switch|p1b: Houndstone|Houndstone, L50, M|100\/100\n|-end|p2a: Iron Hands|Quark Drive|[silent]\n|switch|p2a: Dondozo|Dondozo, L50, M|100\/100\n|-activate|p2b: Tatsugiri|ability: Commander|[of] p2a: Dondozo\n|-boost|p2a: Dondozo|atk|2\n|-boost|p2a: Dondozo|spa|2\n|-boost|p2a: Dondozo|spe|2\n|-boost|p2a: Dondozo|def|2\n|-boost|p2a: Dondozo|spd|2\n|move|p1a: Arboliva|Leech Seed|p2a: Dondozo\n|-start|p2a: Dondozo|move: Leech Seed\n|\n|-heal|p1a: Arboliva|96\/100|[from] Grassy Terrain\n|-heal|p1a: Arboliva|100\/100|[from] item: Leftovers\n|-damage|p2a: Dondozo|88\/100|[from] Leech Seed|[of] p1a: Arboliva\n|upkeep\n|turn|4\n|\n|t:|1683830639\n|switch|p1b: Gyarados|Gyarados, L50, F|78\/100\n|-ability|p1b: Gyarados|Intimidate|boost\n|-unboost|p2a: Dondozo|atk|1\n|-unboost|p2b: Tatsugiri|atk|1\n|-terastallize|p2a: Dondozo|Flying\n|-terastallize|p1a: Arboliva|Ghost\n|move|p2a: Dondozo|Tera Blast|p1a: Arboliva\n|-damage|p1a: Arboliva|52\/100\n|move|p1a: Arboliva|Giga Drain|p2a: Dondozo\n|-resisted|p2a: Dondozo\n|-crit|p2a: Dondozo\n|-damage|p2a: Dondozo|62\/100\n|-heal|p1a: Arboliva|67\/100|[from] drain|[of] p2a: Dondozo\n|\n|-heal|p1a: Arboliva|73\/100|[from] Grassy Terrain\n|-heal|p1a: Arboliva|79\/100|[from] item: Leftovers\n|-damage|p2a: Dondozo|50\/100|[from] Leech Seed|[of] p1a: Arboliva\n|-heal|p1a: Arboliva|95\/100|[silent]\n|upkeep\n|turn|5\n|\n|t:|1683830657\n|move|p1a: Arboliva|Protect|p1a: Arboliva\n|-singleturn|p1a: Arboliva|Protect\n|move|p2a: Dondozo|Tera Blast|p1b: Gyarados\n|-damage|p1b: Gyarados|23\/100\n|-enditem|p1b: Gyarados|Sitrus Berry|[eat]\n|-heal|p1b: Gyarados|48\/100|[from] item: Sitrus Berry\n|move|p1b: Gyarados|Dragon Dance|p1b: Gyarados\n|-boost|p1b: Gyarados|atk|1\n|-boost|p1b: Gyarados|spe|1\n|\n|-heal|p1a: Arboliva|100\/100|[from] Grassy Terrain\n|-damage|p2a: Dondozo|38\/100|[from] Leech Seed|[of] p1a: Arboliva\n|-fieldend|move: Grassy Terrain\n|upkeep\n|turn|6\n|\n|t:|1683830680\n|move|p1b: Gyarados|Waterfall|p2a: Dondozo\n|-damage|p2a: Dondozo|26\/100\n|move|p2a: Dondozo|Tera Blast|p1b: Gyarados\n|-damage|p1b: Gyarados|0 fnt\n|faint|p1b: Gyarados\n|move|p1a: Arboliva|Giga Drain|p2a: Dondozo\n|-resisted|p2a: Dondozo\n|-damage|p2a: Dondozo|19\/100\n|\n|-damage|p2a: Dondozo|6\/100|[from] Leech Seed|[of] p1a: Arboliva\n|upkeep\n|\n|t:|1683830695\n|switch|p1b: Houndstone|Houndstone, L50, M|100\/100\n|turn|7\n|\n|t:|1683830706\n|move|p1b: Houndstone|Protect|p1b: Houndstone\n|-singleturn|p1b: Houndstone|Protect\n|move|p1a: Arboliva|Protect|p1a: Arboliva\n|-singleturn|p1a: Arboliva|Protect\n|move|p2a: Dondozo|Earthquake|p1a: Arboliva|[spread] \n|-miss|p2a: Dondozo|p2b: Tatsugiri\n|-activate|p1a: Arboliva|move: Protect\n|-activate|p1b: Houndstone|move: Protect\n|\n|-damage|p2a: Dondozo|0 fnt|[from] Leech Seed|[of] p1a: Arboliva\n|faint|p2a: Dondozo\n|upkeep\n|\n|t:|1683830719\n|switch|p2a: Abomasnow|Abomasnow, L50, F|100\/100\n|-weather|Snow|[from] ability: Snow Warning|[of] p2a: Abomasnow\n|turn|8\n|\n|t:|1683830732\n|move|p2b: Tatsugiri|Muddy Water|p1a: Arboliva|[spread] p1b\n|-miss|p2b: Tatsugiri|p1a: Arboliva\n|-damage|p1b: Houndstone|65\/100\n|move|p1b: Houndstone|Last Respects|p2a: Abomasnow\n|-damage|p2a: Abomasnow|67\/100\n|-damage|p1b: Houndstone|55\/100|[from] item: Life Orb\n|move|p2a: Abomasnow|Blizzard|p1a: Arboliva|[spread] p1a,p1b\n|-damage|p1a: Arboliva|78\/100\n|-damage|p1b: Houndstone|14\/100\n|-fieldstart|move: Grassy Terrain|[from] ability: Seed Sower|[of] p1a: Arboliva\n|move|p1a: Arboliva|Leech Seed|p2b: Tatsugiri\n|-start|p2b: Tatsugiri|move: Leech Seed\n|\n|-weather|Snow|[upkeep]\n|-heal|p1b: Houndstone|21\/100|[from] Grassy Terrain\n|-heal|p2a: Abomasnow|72\/100|[from] Grassy Terrain\n|-heal|p1a: Arboliva|84\/100|[from] Grassy Terrain\n|-heal|p1a: Arboliva|90\/100|[from] item: Leftovers\n|-damage|p2b: Tatsugiri|88\/100|[from] Leech Seed|[of] p1a: Arboliva\n|-heal|p1a: Arboliva|99\/100|[silent]\n|upkeep\n|turn|9\n|\n|t:|1683830761\n|switch|p2b: Iron Hands|Iron Hands, L50|100\/100\n|move|p1b: Houndstone|Will-O-Wisp|p2a: Abomasnow\n|-status|p2a: Abomasnow|brn\n|move|p2a: Abomasnow|Blizzard|p1a: Arboliva|[spread] p1a,p1b\n|-damage|p1a: Arboliva|76\/100\n|-damage|p1b: Houndstone|0 fnt\n|faint|p1b: Houndstone\n|move|p1a: Arboliva|Giga Drain|p2a: Abomasnow\n|-resisted|p2a: Abomasnow\n|-damage|p2a: Abomasnow|50\/100 brn\n|-heal|p1a: Arboliva|88\/100|[from] drain|[of] p2a: Abomasnow\n|\n|-weather|Snow|[upkeep]\n|-heal|p2a: Abomasnow|56\/100 brn|[from] Grassy Terrain\n|-heal|p1a: Arboliva|94\/100|[from] Grassy Terrain\n|-heal|p1a: Arboliva|99\/100|[from] item: Leftovers\n|-damage|p2a: Abomasnow|50\/100 brn|[from] brn\n|upkeep\n|\n|t:|1683830771\n|switch|p1b: Chi-Yu|Chi-Yu, L50|100\/100\n|-ability|p1b: Chi-Yu|Beads of Ruin\n|turn|10\n|\n|t:|1683830786\n|switch|p2a: Tatsugiri|Tatsugiri, L50, M, shiny|88\/100\n|move|p1b: Chi-Yu|Protect|p1b: Chi-Yu\n|-singleturn|p1b: Chi-Yu|Protect\n|move|p1a: Arboliva|Protect|p1a: Arboliva\n|-singleturn|p1a: Arboliva|Protect\n|move|p2b: Iron Hands|Heavy Slam|p1a: Arboliva\n|-activate|p1a: Arboliva|move: Protect\n|\n|-weather|Snow|[upkeep]\n|-heal|p2a: Tatsugiri|94\/100|[from] Grassy Terrain\n|-heal|p1a: Arboliva|100\/100|[from] Grassy Terrain\n|upkeep\n|turn|11\n|\n|t:|1683830798\n|move|p2a: Tatsugiri|Muddy Water|p1b: Chi-Yu|[spread] p1b\n|-miss|p2a: Tatsugiri|p1a: Arboliva\n|-supereffective|p1b: Chi-Yu\n|-damage|p1b: Chi-Yu|30\/100\n|move|p1b: Chi-Yu|Dark Pulse|p2a: Tatsugiri\n|-damage|p2a: Tatsugiri|15\/100\n|move|p2b: Iron Hands|Drain Punch|p1b: Chi-Yu\n|-supereffective|p1b: Chi-Yu\n|-damage|p1b: Chi-Yu|0 fnt\n|faint|p1b: Chi-Yu\n|move|p1a: Arboliva|Leech Seed|p2a: Tatsugiri\n|-start|p2a: Tatsugiri|move: Leech Seed\n|\n|-weather|Snow|[upkeep]\n|-heal|p2a: Tatsugiri|21\/100|[from] Grassy Terrain\n|-damage|p2a: Tatsugiri|9\/100|[from] Leech Seed|[of] p1a: Arboliva\n|upkeep\n|turn|12\n|\n|t:|1683830812\n|switch|p2a: Abomasnow|Abomasnow, L50, F|50\/100 brn\n|move|p2b: Iron Hands|Heavy Slam|p1a: Arboliva\n|-damage|p1a: Arboliva|58\/100\n|move|p1a: Arboliva|Leech Seed|p2b: Iron Hands\n|-start|p2b: Iron Hands|move: Leech Seed\n|\n|-weather|none\n|-heal|p2a: Abomasnow|56\/100 brn|[from] Grassy Terrain\n|-heal|p1a: Arboliva|64\/100|[from] Grassy Terrain\n|-heal|p1a: Arboliva|70\/100|[from] item: Leftovers\n|-damage|p2b: Iron Hands|88\/100|[from] Leech Seed|[of] p1a: Arboliva\n|-heal|p1a: Arboliva|86\/100|[silent]\n|-damage|p2a: Abomasnow|50\/100 brn|[from] brn\n|-fieldend|move: Grassy Terrain\n|upkeep\n|turn|13\n|\n|t:|1683830835\n|-end|p2b: Iron Hands|Quark Drive|[silent]\n|switch|p2b: Tatsugiri|Tatsugiri, L50, M, shiny|9\/100\n|move|p2a: Abomasnow|Energy Ball|p1a: Arboliva\n|-damage|p1a: Arboliva|59\/100\n|-unboost|p1a: Arboliva|spd|1\n|-fieldstart|move: Grassy Terrain|[from] ability: Seed Sower|[of] p1a: Arboliva\n|move|p1a: Arboliva|Earth Power|p2b: Tatsugiri\n|-damage|p2b: Tatsugiri|0 fnt\n|faint|p2b: Tatsugiri\n|\n|-heal|p2a: Abomasnow|56\/100 brn|[from] Grassy Terrain\n|-heal|p1a: Arboliva|65\/100|[from] Grassy Terrain\n|-heal|p1a: Arboliva|71\/100|[from] item: Leftovers\n|-damage|p2a: Abomasnow|50\/100 brn|[from] brn\n|upkeep\n|\n|t:|1683830844\n|switch|p2b: Iron Hands|Iron Hands, L50|88\/100\n|turn|14\n|c|\u2606GoodUnity-YT|I think that drop lost me the game\n|\n|t:|1683830860\n|move|p2a: Abomasnow|Energy Ball|p1a: Arboliva\n|-damage|p1a: Arboliva|15\/100\n|move|p2b: Iron Hands|Heavy Slam|p1a: Arboliva\n|-damage|p1a: Arboliva|0 fnt\n|faint|p1a: Arboliva\n|\n|win|tukey\n|raw|GoodUnity-YT's rating: 1334 → 1315<\/strong> (-19 for losing)\n|raw|tukey's rating: 1351 → 1370<\/strong> (+19 for winning)\n|l|\u2606GoodUnity-YT\n|c|\u2606tukey|yeee\n|c|\u2606tukey|ggs\n","uploadtime":1683830871,"views":15,"p1id":"goodunityyt","p2id":"tukey","formatid":"gen9vgc2023regulationc","rating":1315,"private":0,"password":""}