{"id":"gen9vgc2023regulationc-1849306285","p1":"Uao","p2":"Mynameschester","format":"[Gen 9] VGC 2023 Regulation C","log":"|j|\u2606Uao\n|j|\u2606Mynameschester\n|t:|1682184008\n|gametype|doubles\n|player|p1|Uao|silver|1378\n|player|p2|Mynameschester|lance|1303\n|teamsize|p1|6\n|teamsize|p2|6\n|gen|9\n|tier|[Gen 9] VGC 2023 Regulation C\n|rated|\n|rule|Species Clause: Limit one of each Pok\u00e9mon\n|rule|Item Clause: Limit one of each item\n|clearpoke\n|poke|p1|Sandy Shocks, L50|\n|poke|p1|Torkoal, L50, F|\n|poke|p1|Lilligant, L50, F|\n|poke|p1|Flutter Mane, L50|\n|poke|p1|Dachsbun, L50, M|\n|poke|p1|Chi-Yu, L50|\n|poke|p2|Dragonite, L50, M|\n|poke|p2|Chien-Pao, L50|\n|poke|p2|Talonflame, L50, M|\n|poke|p2|Flutter Mane, L50|\n|poke|p2|Gallade, L50, M|\n|poke|p2|Gastrodon-East, L50, M|\n|teampreview|4\nUao has agreed to open team sheets.\n|inactive|Battle timer is ON: inactive players will automatically lose when time's up. (requested by Uao)\n|inactive|Uao has 60 seconds left.\n|inactive|Mynameschester has 60 seconds left.\n|inactive|Uao has 30 seconds left.\n|inactive|Uao has 20 seconds left.\n|inactive|Uao has 15 seconds left.\n|inactive|Uao has 10 seconds left.\n|inactive|Uao has 5 seconds left.\n|\n|t:|1682184106\n|start\n|switch|p1a: Panecane|Dachsbun, L50, M|100\/100\n|switch|p1b: Vape|Torkoal, L50, F|100\/100\n|switch|p2a: Talonflame|Talonflame, L50, M|100\/100\n|switch|p2b: Gastrodon|Gastrodon-East, L50, M|100\/100\n|-weather|SunnyDay|[from] ability: Drought|[of] p1b: Vape\n|turn|1\n|inactive|Uao has 30 seconds left.\n|inactive|Mynameschester has 30 seconds left.\n|inactive|Uao has 20 seconds left.\n|inactive|Uao has 15 seconds left.\n|inactive|Uao has 10 seconds left.\n|inactive|Uao has 5 seconds left.\n|\n|t:|1682184157\n|move|p1b: Vape|Protect|p1b: Vape\n|-singleturn|p1b: Vape|Protect\n|move|p2a: Talonflame|Brave Bird|p1a: Panecane\n|-crit|p1a: Panecane\n|-damage|p1a: Panecane|31\/100\n|-enditem|p1a: Panecane|Sitrus Berry|[eat]\n|-heal|p1a: Panecane|56\/100|[from] item: Sitrus Berry\n|-damage|p2a: Talonflame|76\/100|[from] Recoil\n|move|p1a: Panecane|Snarl|p2a: Talonflame|[spread] p2a,p2b\n|-damage|p2a: Talonflame|67\/100\n|-damage|p2b: Gastrodon|94\/100\n|-unboost|p2a: Talonflame|spa|1\n|-unboost|p2b: Gastrodon|spa|1\n|move|p2b: Gastrodon|Earth Power|p1b: Vape\n|-activate|p1b: Vape|move: Protect\n|\n|-weather|SunnyDay|[upkeep]\n|upkeep\n|turn|2\n|inactive|Mynameschester has 30 seconds left.\n|\n|t:|1682184182\n|move|p2a: Talonflame|Tailwind|p2a: Talonflame\n|-sidestart|p2: Mynameschester|move: Tailwind\n|move|p2b: Gastrodon|Earth Power|p1b: Vape\n|-supereffective|p1b: Vape\n|-damage|p1b: Vape|11\/100\n|-damage|p2b: Gastrodon|85\/100|[from] item: Life Orb\n|move|p1a: Panecane|Yawn|p2b: Gastrodon\n|-start|p2b: Gastrodon|move: Yawn|[of] p1a: Panecane\n|move|p1b: Vape|Overheat|p2a: Talonflame\n|-resisted|p2a: Talonflame\n|-damage|p2a: Talonflame|0 fnt\n|-unboost|p1b: Vape|spa|2\n|-enditem|p1b: Vape|Eject Pack\n|faint|p2a: Talonflame\n|inactive|Uao has 30 seconds left.\n|inactive|Uao has 20 seconds left.\n|\n|t:|1682184222\n|switch|p1b: FISH!EGG!|Chi-Yu, L50|100\/100\n|-ability|p1b: FISH!EGG!|Beads of Ruin\n|\n|-weather|SunnyDay|[upkeep]\n|upkeep\n|\n|t:|1682184234\n|switch|p2a: Flutter Mane|Flutter Mane, L50|100\/100\n|-activate|p2a: Flutter Mane|ability: Protosynthesis\n|-start|p2a: Flutter Mane|protosynthesisspe\n|turn|3\n|inactive|Uao has 30 seconds left.\n|inactive|Uao has 20 seconds left.\n|inactive|Uao has 15 seconds left.\n|inactive|Uao has 10 seconds left.\n|\n|t:|1682184279\n|switch|p2b: Gallade|Gallade, L50, M|100\/100\n|move|p2a: Flutter Mane|Dazzling Gleam|p1a: Panecane|[spread] p1a,p1b\n|-damage|p1a: Panecane|12\/100\n|-damage|p1b: FISH!EGG!|61\/100\n|move|p1b: FISH!EGG!|Lava Plume|p2a: Flutter Mane|[spread] p2a,p2b\n|-ability|p1a: Panecane|Well-Baked Body|boost\n|-boost|p1a: Panecane|def|2\n|-damage|p2a: Flutter Mane|29\/100\n|-damage|p2b: Gallade|27\/100\n|move|p1a: Panecane|Snarl|p2b: Gallade|[spread] p2a,p2b\n|-damage|p2a: Flutter Mane|20\/100\n|-damage|p2b: Gallade|19\/100\n|-unboost|p2a: Flutter Mane|spa|1\n|-unboost|p2b: Gallade|spa|1\n|\n|-weather|SunnyDay|[upkeep]\n|upkeep\n|turn|4\n|inactive|Uao has 30 seconds left.\n|inactive|Mynameschester has 30 seconds left.\n|\n|t:|1682184309\n|move|p2b: Gallade|Protect|p2b: Gallade\n|-singleturn|p2b: Gallade|Protect\n|move|p2a: Flutter Mane|Dazzling Gleam|p1b: FISH!EGG!|[spread] p1a,p1b\n|-damage|p1a: Panecane|0 fnt\n|-damage|p1b: FISH!EGG!|37\/100\n|faint|p1a: Panecane\n|move|p1b: FISH!EGG!|Lava Plume|p2b: Gallade|[spread] p2a\n|-activate|p2b: Gallade|move: Protect\n|-damage|p2a: Flutter Mane|0 fnt\n|faint|p2a: Flutter Mane\n|-end|p2a: Flutter Mane|Protosynthesis|[silent]\n|\n|-weather|SunnyDay|[upkeep]\n|upkeep\n|\n|t:|1682184331\n|switch|p2a: Gastrodon|Gastrodon-East, L50, M|85\/100\n|switch|p1a: Frida Kalo|Flutter Mane, L50|100\/100\n|-activate|p1a: Frida Kalo|ability: Protosynthesis\n|-start|p1a: Frida Kalo|protosynthesisspe\n|turn|5\n|inactive|Uao has 30 seconds left.\n|inactive|Mynameschester has 30 seconds left.\n|inactive|Uao has 20 seconds left.\n|inactive|Mynameschester has 20 seconds left.\n|inactive|Mynameschester has 15 seconds left.\n|inactive|Mynameschester has 10 seconds left.\n|inactive|Uao has 15 seconds left.\n|inactive|Mynameschester has 5 seconds left.\n|\n|t:|1682184391\n|switch|p1b: Vape|Torkoal, L50, F|11\/100\n|-terastallize|p2a: Gastrodon|Fire\n|move|p1a: Frida Kalo|Shadow Ball|p2b: Gallade\n|-supereffective|p2b: Gallade\n|-damage|p2b: Gallade|0 fnt\n|faint|p2b: Gallade\n|-damage|p1a: Frida Kalo|91\/100|[from] item: Life Orb\n|move|p2a: Gastrodon|Muddy Water|p1a: Frida Kalo|[spread] p1a,p1b\n|-supereffective|p1b: Vape\n|-damage|p1a: Frida Kalo|71\/100\n|-damage|p1b: Vape|0 fnt\n|-unboost|p1a: Frida Kalo|accuracy|1\n|faint|p1b: Vape\n|-damage|p2a: Gastrodon|75\/100|[from] item: Life Orb\n|\n|-weather|none\n|-end|p1a: Frida Kalo|Protosynthesis\n|-sideend|p2: Mynameschester|move: Tailwind\n|upkeep\n|\n|t:|1682184402\n|switch|p1b: FISH!EGG!|Chi-Yu, L50|37\/100\n|-ability|p1b: FISH!EGG!|Beads of Ruin\n|turn|6\n|\n|t:|1682184415\n|-terastallize|p1b: FISH!EGG!|Grass\n|move|p1b: FISH!EGG!|Snarl|p2a: Gastrodon\n|-damage|p2a: Gastrodon|32\/100\n|-unboost|p2a: Gastrodon|spa|1\n|move|p1a: Frida Kalo|Shadow Ball|p2a: Gastrodon\n|-damage|p2a: Gastrodon|0 fnt\n|faint|p2a: Gastrodon\n|-damage|p1a: Frida Kalo|62\/100|[from] item: Life Orb\n|\n|win|Uao\n|raw|Uao's rating: 1378 → 1394<\/strong> (+16 for winning)\n|raw|Mynameschester's rating: 1303 → 1287<\/strong> (-16 for losing)\n|l|\u2606Mynameschester\n","uploadtime":1682184521,"views":7,"p1id":"uao","p2id":"mynameschester","formatid":"gen9vgc2023regulationc","rating":1287,"private":0,"password":""}