{"id":"gen9vgc2023regulationc-1860110894","p1":"ShaytheFair","p2":"Elphaba Thropp","format":"[Gen 9] VGC 2023 Regulation C","log":"|j|\u2606ShaytheFair\n|j|\u2606Elphaba Thropp\n|t:|1683596450\n|gametype|doubles\n|player|p1|ShaytheFair|veteranf|\n|player|p2|Elphaba Thropp|bellelba|\n|teamsize|p1|6\n|teamsize|p2|6\n|gen|9\n|tier|[Gen 9] VGC 2023 Regulation C\n|rule|Species Clause: Limit one of each Pok\u00e9mon\n|rule|Item Clause: Limit one of each item\n|clearpoke\n|poke|p1|Palafin, L50, M|\n|poke|p1|Flutter Mane, L50|\n|poke|p1|Arcanine, L50, M|\n|poke|p1|Ting-Lu, L50|\n|poke|p1|Amoonguss, L50, F|\n|poke|p1|Kingambit, L50, M|\n|poke|p2|Flutter Mane, L50|\n|poke|p2|Amoonguss, L50, F|\n|poke|p2|Iron Bundle, L50|\n|poke|p2|Palafin, L50, F|\n|poke|p2|Chi-Yu, L50|\n|poke|p2|Arcanine, L50, M|\n|teampreview|4\n|c|\u2606Elphaba Thropp|G1\nElphaba Thropp has agreed to open team sheets.\nShaytheFair has agreed to open team sheets.\n|c|\u2606Elphaba Thropp|glhf!\n|c|\u2606ShaytheFair|yeah same friend\n|c|\u2606Elphaba Thropp|fyi I made up these EVs bc the EVs weren't given\n|c|\u2606Elphaba Thropp|Let's hope they work well >:-)\n|c|\u2606ShaytheFair|lol don't worry, I can't even see the EVs\n|c|\u2606ShaytheFair|you'll have to show me them latter\n|c|\u2606ShaytheFair|you good?\n|\n|t:|1683596676\n|start\n|switch|p1a: Cookies n Cream|Amoonguss, L50, F|100\/100\n|switch|p1b: Chocolate Cherry|Flutter Mane, L50|100\/100\n|switch|p2a: Chi-Yu|Chi-Yu, L50|100\/100\n|switch|p2b: Flutter Mane|Flutter Mane, L50|100\/100\n|-ability|p2a: Chi-Yu|Beads of Ruin\n|-enditem|p1b: Chocolate Cherry|Booster Energy\n|-activate|p1b: Chocolate Cherry|ability: Protosynthesis|[fromitem]\n|-start|p1b: Chocolate Cherry|protosynthesisspa\n|turn|1\n|c|\u2606ShaytheFair|okay cool\n|c|\u2606Elphaba Thropp|Yeah just thinking\n|\n|t:|1683596713\n|-end|p1b: Chocolate Cherry|Protosynthesis|[silent]\n|switch|p1b: Moose Tracks|Ting-Lu, L50|100\/100\n|-ability|p1b: Moose Tracks|Vessel of Ruin\n|-terastallize|p2b: Flutter Mane|Fairy\n|move|p1a: Cookies n Cream|Rage Powder|p1a: Cookies n Cream\n|-singleturn|p1a: Cookies n Cream|move: Rage Powder\n|move|p2b: Flutter Mane|Dazzling Gleam|p1b: Moose Tracks|[spread] p1a,p1b\n|-resisted|p1a: Cookies n Cream\n|-supereffective|p1b: Moose Tracks\n|-damage|p1a: Cookies n Cream|74\/100\n|-damage|p1b: Moose Tracks|43\/100\n|move|p2a: Chi-Yu|Heat Wave|p1b: Moose Tracks|[spread] p1a,p1b\n|-supereffective|p1a: Cookies n Cream\n|-damage|p1a: Cookies n Cream|12\/100\n|-damage|p1b: Moose Tracks|24\/100\n|\n|upkeep\n|turn|2\n|\n|t:|1683596751\n|move|p2b: Flutter Mane|Dazzling Gleam|p1b: Moose Tracks|[spread] p1a,p1b\n|-resisted|p1a: Cookies n Cream\n|-supereffective|p1b: Moose Tracks\n|-damage|p1a: Cookies n Cream|0 fnt\n|-damage|p1b: Moose Tracks|0 fnt\n|faint|p1a: Cookies n Cream\n|faint|p1b: Moose Tracks\n|move|p2a: Chi-Yu|Dark Pulse|p1: Cookies n Cream|[notarget]\n|-fail|p2a: Chi-Yu\n|\n|upkeep\n|\n|t:|1683596760\n|switch|p1b: Fudge Swirl|Kingambit, L50, M|100\/100\n|switch|p1a: Chocolate Cherry|Flutter Mane, L50|100\/100\n|turn|3\n|c|\u2606ShaytheFair|okay that was a bad call on my part\n|\n|t:|1683596802\n|switch|p2a: Amoonguss|Amoonguss, L50, F|100\/100\n|move|p1a: Chocolate Cherry|Protect|p1a: Chocolate Cherry\n|-singleturn|p1a: Chocolate Cherry|Protect\n|move|p1b: Fudge Swirl|Protect|p1b: Fudge Swirl\n|-singleturn|p1b: Fudge Swirl|Protect\n|move|p2b: Flutter Mane|Dazzling Gleam|p1b: Fudge Swirl|[spread] \n|-activate|p1a: Chocolate Cherry|move: Protect\n|-activate|p1b: Fudge Swirl|move: Protect\n|\n|upkeep\n|turn|4\n|\n|t:|1683596835\n|-terastallize|p1a: Chocolate Cherry|Fairy\n|move|p1b: Fudge Swirl|Sucker Punch|p2b: Flutter Mane\n|-resisted|p2b: Flutter Mane\n|-damage|p2b: Flutter Mane|42\/100\n|move|p2b: Flutter Mane|Dazzling Gleam|p1a: Chocolate Cherry|[spread] p1a,p1b\n|-damage|p1a: Chocolate Cherry|38\/100\n|-damage|p1b: Fudge Swirl|42\/100\n|move|p1a: Chocolate Cherry|Dazzling Gleam|p2a: Amoonguss|[spread] p2a,p2b\n|-resisted|p2a: Amoonguss\n|-damage|p2a: Amoonguss|78\/100\n|-damage|p2b: Flutter Mane|0 fnt\n|faint|p2b: Flutter Mane\n|-end|p2b: Flutter Mane|Protosynthesis|[silent]\n|move|p2a: Amoonguss|Spore|p1a: Chocolate Cherry\n|-status|p1a: Chocolate Cherry|slp|[from] move: Spore\n|\n|upkeep\n|\n|t:|1683596850\n|switch|p2b: Chi-Yu|Chi-Yu, L50|100\/100\n|-ability|p2b: Chi-Yu|Beads of Ruin\n|turn|5\n|c|\u2606Elphaba Thropp|gg\n|\n|t:|1683596864\n|cant|p1a: Chocolate Cherry|slp\n|move|p2b: Chi-Yu|Dark Pulse|p1a: Chocolate Cherry\n|-resisted|p1a: Chocolate Cherry\n|-damage|p1a: Chocolate Cherry|10\/100 slp\n|move|p1b: Fudge Swirl|Kowtow Cleave|p2b: Chi-Yu\n|-resisted|p2b: Chi-Yu\n|-damage|p2b: Chi-Yu|50\/100\n|move|p2a: Amoonguss|Spore|p1b: Fudge Swirl\n|-status|p1b: Fudge Swirl|slp|[from] move: Spore\n|\n|upkeep\n|turn|6\n|c|\u2606Elphaba Thropp|oh i spoke too soon hmmm\n|c|\u2606ShaytheFair|nah it's still game over for me\n|c|\u2606ShaytheFair|I should have terraed my moose\n|c|\u2606Elphaba Thropp|33% to wake, then you can read whether I Spore or Rage Powder\n|c|\u2606Elphaba Thropp|then hope my back gets wrecked after\n|c|\u2606Elphaba Thropp|so not over yet even if it's dire :)\n|\n|t:|1683596959\n|cant|p1b: Fudge Swirl|slp\n|move|p2a: Amoonguss|Rage Powder|p2a: Amoonguss\n|-singleturn|p2a: Amoonguss|move: Rage Powder\n|cant|p1a: Chocolate Cherry|slp\n|move|p2b: Chi-Yu|Dark Pulse|p1a: Chocolate Cherry\n|-resisted|p1a: Chocolate Cherry\n|-damage|p1a: Chocolate Cherry|0 fnt\n|faint|p1a: Chocolate Cherry\n|-end|p1a: Chocolate Cherry|Protosynthesis|[silent]\n|\n|upkeep\n|turn|7\n|\n|t:|1683596990\n|move|p2b: Chi-Yu|Dark Pulse|p1b: Fudge Swirl\n|-resisted|p1b: Fudge Swirl\n|-damage|p1b: Fudge Swirl|15\/100 slp\n|-curestatus|p1b: Fudge Swirl|slp|[msg]\n|cant|p1b: Fudge Swirl|flinch\n|move|p2a: Amoonguss|Spore|p1b: Fudge Swirl\n|-status|p1b: Fudge Swirl|slp|[from] move: Spore\n|\n|upkeep\n|turn|8\n|\n|t:|1683597004\n|cant|p1b: Fudge Swirl|slp\n|move|p2b: Chi-Yu|Dark Pulse|p1b: Fudge Swirl\n|-resisted|p1b: Fudge Swirl\n|-damage|p1b: Fudge Swirl|0 fnt\n|faint|p1b: Fudge Swirl\n|\n|win|Elphaba Thropp\n|c|\u2606Elphaba Thropp|aight on to game 2!\n","uploadtime":1683597013,"views":17,"p1id":"shaythefair","p2id":"elphabathropp","formatid":"gen9vgc2023regulationc","rating":0,"private":0,"password":""}