{"id":"gen9vgc2023regulationc-1852639092","p1":"Steakman5","p2":"Timo_0320","format":"[Gen 9] VGC 2023 Regulation C","log":"|j|\u2606Steakman5\n|j|\u2606Timo_0320\n|t:|1682589487\n|gametype|doubles\n|player|p1|Steakman5|swimmer-gen4|1224\n|player|p2|Timo_0320|101|1217\n|teamsize|p1|6\n|teamsize|p2|6\n|gen|9\n|tier|[Gen 9] VGC 2023 Regulation C\n|rated|\n|rule|Species Clause: Limit one of each Pok\u00e9mon\n|rule|Item Clause: Limit one of each item\n|clearpoke\n|poke|p1|Flamigo, L50, F|\n|poke|p1|Meowscarada, L50, M|\n|poke|p1|Tauros-Paldea-Blaze, L50, M|\n|poke|p1|Dondozo, L50, F|\n|poke|p1|Flutter Mane, L50|\n|poke|p1|Tatsugiri-Droopy, L50, M|\n|poke|p2|Annihilape, L50, M|\n|poke|p2|Quaquaval, L50, F|\n|poke|p2|Amoonguss, L50, M|\n|poke|p2|Iron Hands, L50|\n|poke|p2|Iron Bundle, L50|\n|poke|p2|Volcarona, L50, M|\n|teampreview|4\n|inactive|Battle timer is ON: inactive players will automatically lose when time's up. (requested by Timo_0320)\n|\n|t:|1682589530\n|start\n|switch|p1a: Meowscarada|Meowscarada, L50, M|100\/100\n|switch|p1b: Tauros|Tauros-Paldea-Blaze, L50, M|100\/100\n|switch|p2a: Amoonguss|Amoonguss, L50, M|100\/100\n|switch|p2b: Iron Hands|Iron Hands, L50, shiny|100\/100\n|turn|1\n|inactive|Steakman5 has 30 seconds left.\n|\n|t:|1682589564\n|move|p1a: Meowscarada|Protect|p1a: Meowscarada\n|-start|p1a: Meowscarada|typechange|Normal|[from] ability: Protean\n|-singleturn|p1a: Meowscarada|Protect\n|move|p1b: Tauros|Raging Bull|p2a: Amoonguss\n|-supereffective|p2a: Amoonguss\n|-damage|p2a: Amoonguss|29\/100\n|-damage|p1b: Tauros|84\/100|[from] item: Rocky Helmet|[of] p2a: Amoonguss\n|move|p2b: Iron Hands|Belly Drum|p2b: Iron Hands\n|-damage|p2b: Iron Hands|51\/100\n|-setboost|p2b: Iron Hands|atk|6|[from] move: Belly Drum\n|move|p2a: Amoonguss|Pollen Puff|p2b: Iron Hands\n|-heal|p2b: Iron Hands|100\/100\n|\n|upkeep\n|turn|2\n|inactive|Steakman5 has 30 seconds left.\n|\n|t:|1682589590\n|move|p2a: Amoonguss|Protect|p2a: Amoonguss\n|-singleturn|p2a: Amoonguss|Protect\n|move|p1a: Meowscarada|Flower Trick|p1b: Tauros\n|-resisted|p1b: Tauros\n|-crit|p1b: Tauros\n|-damage|p1b: Tauros|64\/100\n|-setboost|p1b: Tauros|atk|6|[from] ability: Anger Point\n|move|p1b: Tauros|Earthquake|p2a: Amoonguss|[spread] p1a,p2b\n|-activate|p2a: Amoonguss|move: Protect\n|-supereffective|p2b: Iron Hands\n|-enditem|p1a: Meowscarada|Focus Sash\n|-damage|p1a: Meowscarada|1\/100\n|-damage|p2b: Iron Hands|0 fnt\n|faint|p2b: Iron Hands\n|-end|p2b: Iron Hands|Quark Drive|[silent]\n|\n|upkeep\n|inactive|Timo_0320 has 30 seconds left.\n|\n|t:|1682589617\n|switch|p2b: Iron Bundle|Iron Bundle, L50|100\/100\n|-enditem|p2b: Iron Bundle|Booster Energy\n|-activate|p2b: Iron Bundle|ability: Quark Drive|[fromitem]\n|-start|p2b: Iron Bundle|quarkdrivespe\n|turn|3\n|\n|t:|1682589636\n|-terastallize|p1b: Tauros|Steel\n|move|p2a: Amoonguss|Rage Powder|p2a: Amoonguss\n|-singleturn|p2a: Amoonguss|move: Rage Powder\n|move|p2b: Iron Bundle|Hydro Pump|p1b: Tauros\n|-damage|p1b: Tauros|6\/100\n|move|p1a: Meowscarada|U-turn|p2a: Amoonguss\n|-damage|p2a: Amoonguss|10\/100\n|-damage|p1a: Meowscarada|0 fnt|[from] item: Rocky Helmet|[of] p2a: Amoonguss\n|faint|p1a: Meowscarada\n|move|p1b: Tauros|Flame Charge|p2a: Amoonguss\n|-supereffective|p2a: Amoonguss\n|-damage|p2a: Amoonguss|0 fnt\n|-boost|p1b: Tauros|spe|1\n|-damage|p1b: Tauros|0 fnt|[from] item: Rocky Helmet|[of] p2a: Amoonguss\n|faint|p2a: Amoonguss\n|faint|p1b: Tauros\n|\n|upkeep\n|\n|t:|1682589655\n|switch|p1a: Flamigo|Flamigo, L50, F|100\/100\n|switch|p1b: Flutter Mane|Flutter Mane, L50|100\/100\n|switch|p2a: Annihilape|Annihilape, L50, M|100\/100\n|-copyboost|p1a: Flamigo|p1b: Flutter Mane|[from] ability: Costar\n|-enditem|p1b: Flutter Mane|Booster Energy\n|-activate|p1b: Flutter Mane|ability: Protosynthesis|[fromitem]\n|-start|p1b: Flutter Mane|protosynthesisspe\n|turn|4\n|\n|t:|1682589680\n|-terastallize|p2a: Annihilape|Fire\n|move|p1a: Flamigo|Protect|p1a: Flamigo\n|-singleturn|p1a: Flamigo|Protect\n|move|p2b: Iron Bundle|Freeze-Dry|p1a: Flamigo\n|-activate|p1a: Flamigo|move: Protect\n|move|p1b: Flutter Mane|Thunderbolt|p2b: Iron Bundle\n|-supereffective|p2b: Iron Bundle\n|-damage|p2b: Iron Bundle|0 fnt\n|faint|p2b: Iron Bundle\n|-end|p2b: Iron Bundle|Quark Drive|[silent]\n|move|p2a: Annihilape|Bulk Up|p2a: Annihilape\n|-boost|p2a: Annihilape|atk|1\n|-boost|p2a: Annihilape|def|1\n|-enditem|p1a: Flamigo|Mirror Herb\n|-boost|p1a: Flamigo|atk|1|[from] item: Mirror Herb\n|-boost|p1a: Flamigo|def|1|[from] item: Mirror Herb\n|\n|upkeep\n|turn|5\n|inactive|Timo_0320 has 30 seconds left.\n|\n|t:|1682589707\n|move|p1b: Flutter Mane|Shadow Ball|p2a: Annihilape\n|-damage|p2a: Annihilape|60\/100\n|move|p1a: Flamigo|Brave Bird|p2a: Annihilape\n|-damage|p2a: Annihilape|0 fnt\n|faint|p2a: Annihilape\n|-damage|p1a: Flamigo|73\/100|[from] Recoil\n|\n|win|Steakman5\n|raw|Steakman5's rating: 1224 → 1248<\/strong> (+24 for winning)\n|raw|Timo_0320's rating: 1217 → 1193<\/strong> (-24 for losing)\n|l|\u2606Timo_0320\n","uploadtime":1682589720,"views":6,"p1id":"steakman5","p2id":"timo0320","formatid":"gen9vgc2023regulationc","rating":1193,"private":0,"password":""}