{"id":"gen9vgc2023regulationc-1848374497","p1":"hasermeunpetardo","p2":"Gildren","format":"[Gen 9] VGC 2023 Regulation C","log":"|j|\u2606hasermeunpetardo\n|j|\u2606Gildren\n|t:|1682068789\n|gametype|doubles\n|player|p1|hasermeunpetardo|101|1454\n|player|p2|Gildren|riley|1431\n|teamsize|p1|6\n|teamsize|p2|6\n|gen|9\n|tier|[Gen 9] VGC 2023 Regulation C\n|rated|\n|rule|Species Clause: Limit one of each Pok\u00e9mon\n|rule|Item Clause: Limit one of each item\n|clearpoke\n|poke|p1|Lycanroc-Midnight, L50, F|\n|poke|p1|Medicham, L50, F|\n|poke|p1|Dondozo, L50, M|\n|poke|p1|Tatsugiri-Stretchy, L50, M|\n|poke|p1|Mimikyu, L50, F|\n|poke|p1|Ting-Lu, L50|\n|poke|p2|Orthworm, L50, F|\n|poke|p2|Dragonite, L50, F|\n|poke|p2|Ting-Lu, L50|\n|poke|p2|Gyarados, L50, F|\n|poke|p2|Flutter Mane, L50|\n|poke|p2|Chien-Pao, L50|\n|teampreview|4\nhasermeunpetardo has agreed to open team sheets.\n|inactive|Battle timer is ON: inactive players will automatically lose when time's up. (requested by Gildren)\n|\n|t:|1682068817\n|start\n|switch|p1a: Lycanroc|Lycanroc-Midnight, L50, F|100\/100\n|switch|p1b: Medicham|Medicham, L50, F|100\/100\n|switch|p2a: Ting-Lu|Ting-Lu, L50|100\/100\n|switch|p2b: Gyarados|Gyarados, L50, F, shiny|100\/100\n|-ability|p2b: Gyarados|Intimidate|boost\n|-unboost|p1a: Lycanroc|atk|1\n|-unboost|p1b: Medicham|atk|1\n|-ability|p2a: Ting-Lu|Vessel of Ruin\n|turn|1\n|\n|t:|1682068836\n|-terastallize|p2a: Ting-Lu|Water\n|move|p1b: Medicham|Fake Out|p2a: Ting-Lu\n|-damage|p2a: Ting-Lu|92\/100\n|move|p1a: Lycanroc|Stone Edge|p2b: Gyarados\n|-supereffective|p2b: Gyarados\n|-damage|p2b: Gyarados|29\/100\n|move|p2b: Gyarados|Waterfall|p1a: Lycanroc\n|-supereffective|p1a: Lycanroc\n|-damage|p1a: Lycanroc|16\/100\n|cant|p2a: Ting-Lu|flinch\n|\n|upkeep\n|turn|2\n|\n|t:|1682068852\n|switch|p2b: Orthworm|Orthworm, L50, F, shiny|100\/100\n|move|p1b: Medicham|Skill Swap|p1a: Lycanroc\n|-activate|p1b: Medicham|move: Skill Swap|||[of] p1a: Lycanroc\n|move|p1a: Lycanroc|Rock Slide|p2b: Orthworm|[spread] p2a,p2b\n|-resisted|p2b: Orthworm\n|-damage|p2a: Ting-Lu|68\/100\n|-damage|p2b: Orthworm|87\/100\n|move|p2a: Ting-Lu|Earthquake|p1a: Lycanroc|[spread] p1a,p1b\n|-heal|p2b: Orthworm|100\/100|[from] ability: Earth Eater|[of] p2a: Ting-Lu\n|-supereffective|p1a: Lycanroc\n|-damage|p1a: Lycanroc|0 fnt\n|-damage|p1b: Medicham|17\/100\n|faint|p1a: Lycanroc\n|\n|upkeep\n|\n|t:|1682068862\n|switch|p1a: Dondozo|Dondozo, L50, M|100\/100\n|turn|3\n|\n|t:|1682068883\n|move|p1b: Medicham|Skill Swap|p1a: Dondozo\n|-activate|p1b: Medicham|move: Skill Swap|||[of] p1a: Dondozo\n|move|p2a: Ting-Lu|Earthquake|p1b: Medicham|[spread] p1a,p1b\n|-immune|p2b: Orthworm|[from] ability: Earth Eater\n|-damage|p1a: Dondozo|66\/100\n|-damage|p1b: Medicham|0 fnt\n|faint|p1b: Medicham\n|move|p1a: Dondozo|Fissure|p2a: Ting-Lu\n|-damage|p2a: Ting-Lu|0 fnt\n|faint|p2a: Ting-Lu\n|-ohko\n|move|p2b: Orthworm|Shed Tail|p2b: Orthworm\n|-start|p2b: Orthworm|Substitute|[from] move: Shed Tail\n|-damage|p2b: Orthworm|50\/100\n|-enditem|p2b: Orthworm|Sitrus Berry|[eat]\n|-heal|p2b: Orthworm|75\/100|[from] item: Sitrus Berry\n|\n|t:|1682068893\n|switch|p2b: Chien-Pao|Chien-Pao, L50|100\/100|[from] Shed Tail\n|-ability|p2b: Chien-Pao|Sword of Ruin\n|\n|-heal|p1a: Dondozo|72\/100|[from] item: Leftovers\n|upkeep\n|\n|t:|1682068896\n|switch|p1b: Tatsugiri|Tatsugiri-Stretchy, L50, M|100\/100\n|switch|p2a: Gyarados|Gyarados, L50, F, shiny|29\/100\n|-activate|p1b: Tatsugiri|ability: Commander|[of] p1a: Dondozo\n|-boost|p1a: Dondozo|atk|2\n|-boost|p1a: Dondozo|spa|2\n|-boost|p1a: Dondozo|spe|2\n|-boost|p1a: Dondozo|def|2\n|-boost|p1a: Dondozo|spd|2\n|-ability|p2a: Gyarados|Intimidate|boost\n|-unboost|p1a: Dondozo|atk|1\n|-unboost|p1b: Tatsugiri|atk|1\n|turn|4\n|\n|t:|1682068903\n|move|p2b: Chien-Pao|Haze|p2b: Chien-Pao\n|-clearallboost\n|move|p2a: Gyarados|Thunder Wave|p1a: Dondozo\n|-status|p1a: Dondozo|par\n|move|p1a: Dondozo|Substitute|p1a: Dondozo\n|-start|p1a: Dondozo|Substitute\n|-damage|p1a: Dondozo|47\/100 par\n|\n|-heal|p1a: Dondozo|53\/100 par|[from] item: Leftovers\n|upkeep\n|turn|5\n|inactive|Gildren has 30 seconds left.\n|\n|t:|1682068935\n|move|p1a: Dondozo|Protect|p1a: Dondozo\n|-singleturn|p1a: Dondozo|Protect\n|move|p2b: Chien-Pao|Ice Spinner|p1a: Dondozo\n|-activate|p1a: Dondozo|move: Protect\n|move|p2a: Gyarados|Waterfall|p1a: Dondozo\n|-activate|p1a: Dondozo|move: Protect\n|\n|-heal|p1a: Dondozo|59\/100 par|[from] item: Leftovers\n|upkeep\n|turn|6\n|\n|t:|1682068950\n|move|p2b: Chien-Pao|Sucker Punch|p1a: Dondozo\n|-end|p1a: Dondozo|Substitute\n|move|p2a: Gyarados|Taunt|p1a: Dondozo\n|-start|p1a: Dondozo|move: Taunt\n|move|p1a: Dondozo|Fissure|p2b: Chien-Pao\n|-ohko\n|-end|p2b: Chien-Pao|Substitute\n|\n|-heal|p1a: Dondozo|66\/100 par|[from] item: Leftovers\n|upkeep\n|turn|7\n|\n|t:|1682068969\n|move|p2b: Chien-Pao|Ice Spinner|p1a: Dondozo\n|-resisted|p1a: Dondozo\n|-damage|p1a: Dondozo|50\/100 par\n|move|p2a: Gyarados|Waterfall|p1a: Dondozo\n|-resisted|p1a: Dondozo\n|-damage|p1a: Dondozo|36\/100 par\n|cant|p1a: Dondozo|par\n|\n|-heal|p1a: Dondozo|42\/100 par|[from] item: Leftovers\n|upkeep\n|turn|8\n|\n|t:|1682068983\n|move|p2b: Chien-Pao|Sucker Punch|p1a: Dondozo\n|-damage|p1a: Dondozo|10\/100 par\n|move|p2a: Gyarados|Waterfall|p1a: Dondozo\n|-resisted|p1a: Dondozo\n|-damage|p1a: Dondozo|0 fnt\n|faint|p1a: Dondozo\n|\n|upkeep\n|turn|9\n|j| Kwbdlhisq\n|\n|t:|1682068994\n|-terastallize|p1b: Tatsugiri|Water\n|move|p1b: Tatsugiri|Muddy Water|p2a: Gyarados|[spread] p2a,p2b\n|-resisted|p2a: Gyarados\n|-crit|p2a: Gyarados\n|-damage|p2a: Gyarados|1\/100\n|-damage|p2b: Chien-Pao|26\/100\n|move|p2b: Chien-Pao|Ice Spinner|p1b: Tatsugiri\n|-resisted|p1b: Tatsugiri\n|-damage|p1b: Tatsugiri|51\/100\n|move|p2a: Gyarados|Thunder Wave|p1b: Tatsugiri\n|-status|p1b: Tatsugiri|par\n|\n|upkeep\n|turn|10\n|l|\u2606hasermeunpetardo\n|inactive|hasermeunpetardo disconnected and has a minute to reconnect!\n|player|p1|\n|inactive|hasermeunpetardo has 30 seconds left.\n|inactive|hasermeunpetardo has 20 seconds left.\n|inactive|hasermeunpetardo has 15 seconds left.\n|inactive|hasermeunpetardo has 10 seconds left.\n|j| Boy Problems\n|inactive|hasermeunpetardo has 5 seconds left.\n|-message|hasermeunpetardo lost due to inactivity.\n|\n|win|Gildren\n|raw|hasermeunpetardo's rating: 1454 → 1433<\/strong> (-21 for losing)\n|raw|Gildren's rating: 1431 → 1452<\/strong> (+21 for winning)\n","uploadtime":1682069063,"views":7,"p1id":"hasermeunpetardo","p2id":"gildren","formatid":"gen9vgc2023regulationc","rating":1433,"private":0,"password":""}