{"id":"gen9vgc2023regulationc-1863188420","p1":"TheNutmeg33","p2":"pingnoin","format":"[Gen 9] VGC 2023 Regulation C","log":"|j|\u2606TheNutmeg33\n|j|\u2606pingnoin\n|t:|1683985781\n|gametype|doubles\n|player|p1|TheNutmeg33|2|1331\n|player|p2|pingnoin|pokemaniac|1289\n|teamsize|p1|6\n|teamsize|p2|6\n|gen|9\n|tier|[Gen 9] VGC 2023 Regulation C\n|rated|\n|rule|Species Clause: Limit one of each Pok\u00e9mon\n|rule|Item Clause: Limit one of each item\n|clearpoke\n|poke|p1|Chi-Yu, L50|\n|poke|p1|Flutter Mane, L50|\n|poke|p1|Great Tusk, L50|\n|poke|p1|Murkrow, L50, F|\n|poke|p1|Dragonite, L50, F|\n|poke|p1|Arcanine, L50, F|\n|poke|p2|Chien-Pao, L50|\n|poke|p2|Azumarill, L50, F|\n|poke|p2|Amoonguss, L50, M|\n|poke|p2|Flutter Mane, L50|\n|poke|p2|Arcanine, L50, M|\n|poke|p2|Dragonite, L50, F|\n|teampreview|4\n|\n|t:|1683985805\n|start\n|switch|p1a: Murkrow|Murkrow, L50, F|100\/100\n|switch|p1b: Great Tusk|Great Tusk, L50|100\/100\n|switch|p2a: Flutter Mane|Flutter Mane, L50|100\/100\n|switch|p2b: Arcanine|Arcanine, L50, M|100\/100\n|-ability|p2b: Arcanine|Intimidate|boost\n|-unboost|p1a: Murkrow|atk|1\n|-unboost|p1b: Great Tusk|atk|1\n|-enditem|p2a: Flutter Mane|Booster Energy\n|-activate|p2a: Flutter Mane|ability: Protosynthesis|[fromitem]\n|-start|p2a: Flutter Mane|protosynthesisspa\n|turn|1\n|inactive|Battle timer is ON: inactive players will automatically lose when time's up. (requested by TheNutmeg33)\n|\n|t:|1683985825\n|-terastallize|p1b: Great Tusk|Grass\n|move|p1a: Murkrow|Tailwind|p1a: Murkrow\n|-sidestart|p1: TheNutmeg33|move: Tailwind\n|move|p1b: Great Tusk|Earthquake|p2b: Arcanine|[spread] p2a,p2b\n|-immune|p1a: Murkrow\n|-supereffective|p2b: Arcanine\n|-damage|p2a: Flutter Mane|69\/100\n|-damage|p2b: Arcanine|54\/100\n|move|p2a: Flutter Mane|Dazzling Gleam|p1a: Murkrow|[spread] p1a,p1b\n|-supereffective|p1a: Murkrow\n|-damage|p1a: Murkrow|21\/100\n|-damage|p1b: Great Tusk|59\/100\n|move|p2b: Arcanine|Will-O-Wisp|p1b: Great Tusk\n|-status|p1b: Great Tusk|brn\n|\n|-damage|p1b: Great Tusk|54\/100 brn|[from] brn\n|upkeep\n|turn|2\n|\n|t:|1683985849\n|move|p1a: Murkrow|Haze|p1a: Murkrow\n|-clearallboost\n|move|p1b: Great Tusk|Earthquake|p2b: Arcanine|[spread] p2a,p2b\n|-immune|p1a: Murkrow\n|-supereffective|p2b: Arcanine\n|-damage|p2a: Flutter Mane|45\/100\n|-damage|p2b: Arcanine|15\/100\n|-enditem|p2b: Arcanine|Sitrus Berry|[eat]\n|-heal|p2b: Arcanine|40\/100|[from] item: Sitrus Berry\n|move|p2a: Flutter Mane|Dazzling Gleam|p1b: Great Tusk|[spread] p1a,p1b\n|-supereffective|p1a: Murkrow\n|-damage|p1a: Murkrow|0 fnt\n|-damage|p1b: Great Tusk|15\/100 brn\n|faint|p1a: Murkrow\n|move|p2b: Arcanine|Flare Blitz|p1b: Great Tusk\n|-supereffective|p1b: Great Tusk\n|-damage|p1b: Great Tusk|0 fnt\n|faint|p1b: Great Tusk\n|-end|p1b: Great Tusk|Protosynthesis|[silent]\n|-damage|p2b: Arcanine|35\/100|[from] Recoil\n|\n|upkeep\n|\n|t:|1683985866\n|switch|p1b: Chi-Yu|Chi-Yu, L50|100\/100\n|switch|p1a: Flutter Mane|Flutter Mane, L50, shiny|100\/100\n|-ability|p1b: Chi-Yu|Beads of Ruin\n|-enditem|p1a: Flutter Mane|Booster Energy\n|-activate|p1a: Flutter Mane|ability: Protosynthesis|[fromitem]\n|-start|p1a: Flutter Mane|protosynthesisspa\n|turn|3\n|\n|t:|1683985883\n|move|p2a: Flutter Mane|Protect|p2a: Flutter Mane\n|-singleturn|p2a: Flutter Mane|Protect\n|move|p1a: Flutter Mane|Shadow Ball|p2b: Arcanine\n|-damage|p2b: Arcanine|0 fnt\n|faint|p2b: Arcanine\n|move|p1b: Chi-Yu|Dark Pulse|p2a: Flutter Mane\n|-activate|p2a: Flutter Mane|move: Protect\n|\n|upkeep\n|\n|t:|1683985900\n|switch|p2b: Chien-Pao|Chien-Pao, L50|100\/100\n|-ability|p2b: Chien-Pao|Sword of Ruin\n|turn|4\n|\n|t:|1683985910\n|move|p1a: Flutter Mane|Dazzling Gleam|p2b: Chien-Pao|[spread] p2a,p2b\n|-supereffective|p2b: Chien-Pao\n|-damage|p2a: Flutter Mane|0 fnt\n|-enditem|p2b: Chien-Pao|Focus Sash\n|-damage|p2b: Chien-Pao|1\/100\n|faint|p2a: Flutter Mane\n|-end|p2a: Flutter Mane|Protosynthesis|[silent]\n|move|p1b: Chi-Yu|Heat Wave|p2b: Chien-Pao\n|-supereffective|p2b: Chien-Pao\n|-damage|p2b: Chien-Pao|0 fnt\n|faint|p2b: Chien-Pao\n|-damage|p1b: Chi-Yu|91\/100|[from] item: Life Orb\n|\n|-sideend|p1: TheNutmeg33|move: Tailwind\n|upkeep\n|\n|t:|1683985922\n|switch|p2b: Dragonite|Dragonite, L50, F|100\/100\n|turn|5\n|\n|t:|1683985932\n|-terastallize|p2b: Dragonite|Flying\n|move|p1a: Flutter Mane|Moonblast|p2b: Dragonite\n|-damage|p2b: Dragonite|61\/100\n|-unboost|p2b: Dragonite|spa|1\n|move|p1b: Chi-Yu|Dark Pulse|p2b: Dragonite\n|-damage|p2b: Dragonite|0 fnt\n|faint|p2b: Dragonite\n|-damage|p1b: Chi-Yu|81\/100|[from] item: Life Orb\n|\n|win|TheNutmeg33\n|raw|TheNutmeg33's rating: 1331 → 1349<\/strong> (+18 for winning)\n|raw|pingnoin's rating: 1289 → 1267<\/strong> (-22 for losing)\n|l|\u2606pingnoin\n","uploadtime":1683986034,"views":12,"p1id":"thenutmeg33","p2id":"pingnoin","formatid":"gen9vgc2023regulationc","rating":1267,"private":0,"password":""}