{"id":"gen9vgc2023regulationc-1854086251","p1":"tj18755","p2":"Ricardo Randorez","format":"[Gen 9] VGC 2023 Regulation C","log":"|j|\u2606tj18755\n|j|\u2606Ricardo Randorez\n|t:|1682766760\n|gametype|doubles\n|player|p1|tj18755|265|1136\n|player|p2|Ricardo Randorez|170|1143\n|teamsize|p1|6\n|teamsize|p2|6\n|gen|9\n|tier|[Gen 9] VGC 2023 Regulation C\n|rated|\n|rule|Species Clause: Limit one of each Pok\u00e9mon\n|rule|Item Clause: Limit one of each item\n|clearpoke\n|poke|p1|Wo-Chien, L50|\n|poke|p1|Ting-Lu, L50|\n|poke|p1|Garganacl, L50, F|\n|poke|p1|Skeledirge, L50, M|\n|poke|p1|Arboliva, L50, M|\n|poke|p1|Orthworm, L50, F|\n|poke|p2|Iron Bundle, L50|\n|poke|p2|Iron Hands, L50|\n|poke|p2|Roaring Moon, L50|\n|poke|p2|Amoonguss, L50, M|\n|poke|p2|Arcanine, L50, F|\n|poke|p2|Gholdengo, L50|\n|teampreview|4\n|inactive|Battle timer is ON: inactive players will automatically lose when time's up. (requested by tj18755)\n|\n|t:|1682766792\n|start\n|switch|p1a: Wo-Chien|Wo-Chien, L50|100\/100\n|switch|p1b: Ting-Lu|Ting-Lu, L50|100\/100\n|switch|p2a: Masterclass|Roaring Moon, L50|100\/100\n|switch|p2b: Iron Chad|Iron Hands, L50|100\/100\n|-ability|p1a: Wo-Chien|Tablets of Ruin\n|-ability|p1b: Ting-Lu|Vessel of Ruin\n|-enditem|p2a: Masterclass|Booster Energy\n|-activate|p2a: Masterclass|ability: Protosynthesis|[fromitem]\n|-start|p2a: Masterclass|protosynthesisatk\n|turn|1\n|inactive|tj18755 has 30 seconds left.\n|inactive|Ricardo Randorez has 30 seconds left.\n|\n|t:|1682766823\n|-terastallize|p1a: Wo-Chien|Water\n|move|p2b: Iron Chad|Fake Out|p1a: Wo-Chien\n|-damage|p1a: Wo-Chien|92\/100\n|move|p2a: Masterclass|Dragon Dance|p2a: Masterclass\n|-boost|p2a: Masterclass|atk|1\n|-boost|p2a: Masterclass|spe|1\n|cant|p1a: Wo-Chien|flinch\n|move|p1b: Ting-Lu|Fissure|p2b: Iron Chad\n|-damage|p2b: Iron Chad|0 fnt\n|faint|p2b: Iron Chad\n|-end|p2b: Iron Chad|Quark Drive|[silent]\n|-ohko\n|\n|-heal|p1a: Wo-Chien|98\/100|[from] item: Leftovers\n|upkeep\n|\n|t:|1682766840\n|switch|p2b: Eisenb\u00fcndel|Iron Bundle, L50|100\/100\n|turn|2\n|\n|t:|1682766857\n|-terastallize|p2a: Masterclass|Flying\n|move|p2a: Masterclass|Acrobatics|p1a: Wo-Chien\n|-damage|p1a: Wo-Chien|16\/100\n|move|p2b: Eisenb\u00fcndel|Freeze-Dry|p1a: Wo-Chien\n|-supereffective|p1a: Wo-Chien\n|-damage|p1a: Wo-Chien|0 fnt\n|faint|p1a: Wo-Chien\n|move|p1b: Ting-Lu|Fissure|p2a: Masterclass\n|-immune|p2a: Masterclass\n|\n|upkeep\n|\n|t:|1682766870\n|switch|p1a: Skeledirge|Skeledirge, L50, M, shiny|100\/100\n|turn|3\n|\n|t:|1682766886\n|move|p1a: Skeledirge|Protect|p1a: Skeledirge\n|-singleturn|p1a: Skeledirge|Protect\n|move|p2a: Masterclass|Acrobatics|p1b: Ting-Lu\n|-damage|p1b: Ting-Lu|27\/100\n|move|p2b: Eisenb\u00fcndel|Hydro Pump|p1a: Skeledirge\n|-activate|p1a: Skeledirge|move: Protect\n|move|p1b: Ting-Lu|Stomping Tantrum|p2b: Eisenb\u00fcndel\n|-damage|p2b: Eisenb\u00fcndel|20\/100\n|\n|upkeep\n|turn|4\n|\n|t:|1682766901\n|move|p2a: Masterclass|Acrobatics|p1b: Ting-Lu\n|-crit|p1b: Ting-Lu\n|-damage|p1b: Ting-Lu|0 fnt\n|faint|p1b: Ting-Lu\n|move|p2b: Eisenb\u00fcndel|Hydro Pump|p1a: Skeledirge\n|-supereffective|p1a: Skeledirge\n|-damage|p1a: Skeledirge|3\/100\n|move|p1a: Skeledirge|Torch Song|p2b: Eisenb\u00fcndel\n|-damage|p2b: Eisenb\u00fcndel|0 fnt\n|-boost|p1a: Skeledirge|spa|1\n|faint|p2b: Eisenb\u00fcndel\n|-end|p2b: Eisenb\u00fcndel|Quark Drive|[silent]\n|-enditem|p1a: Skeledirge|Throat Spray\n|-boost|p1a: Skeledirge|spa|1|[from] item: Throat Spray\n|\n|upkeep\n|\n|t:|1682766917\n|switch|p2b: Shally|Arcanine, L50, F|100\/100\n|switch|p1b: Arboliva|Arboliva, L50, M, shiny|100\/100\n|-ability|p2b: Shally|Intimidate|boost\n|-unboost|p1a: Skeledirge|atk|1\n|-unboost|p1b: Arboliva|atk|1\n|turn|5\n|\n|t:|1682766929\n|move|p1a: Skeledirge|Protect|p1a: Skeledirge\n|-singleturn|p1a: Skeledirge|Protect\n|move|p1b: Arboliva|Protect|p1b: Arboliva\n|-singleturn|p1b: Arboliva|Protect\n|move|p2a: Masterclass|Acrobatics|p1b: Arboliva\n|-activate|p1b: Arboliva|move: Protect\n|move|p2b: Shally|Flare Blitz|p1a: Skeledirge\n|-activate|p1a: Skeledirge|move: Protect\n|\n|upkeep\n|turn|6\n|\n|t:|1682766948\n|move|p2a: Masterclass|Acrobatics|p1b: Arboliva\n|-supereffective|p1b: Arboliva\n|-damage|p1b: Arboliva|0 fnt\n|-fieldstart|move: Grassy Terrain|[from] ability: Seed Sower|[of] p1b: Arboliva\n|faint|p1b: Arboliva\n|move|p2b: Shally|Flare Blitz|p1a: Skeledirge\n|-resisted|p1a: Skeledirge\n|-damage|p1a: Skeledirge|0 fnt\n|faint|p1a: Skeledirge\n|-damage|p2b: Shally|99\/100|[from] Recoil\n|\n|win|Ricardo Randorez\n|raw|tj18755's rating: 1136 → 1112<\/strong> (-24 for losing)\n|raw|Ricardo Randorez's rating: 1143 → 1167<\/strong> (+24 for winning)\n|l|\u2606tj18755\n","uploadtime":1682766962,"views":15,"p1id":"tj18755","p2id":"ricardorandorez","formatid":"gen9vgc2023regulationc","rating":1112,"private":0,"password":""}