{"id":"gen9vgc2023regulationc-1847334077","p1":"ScarfAccelgor","p2":"LarryWFH","format":"[Gen 9] VGC 2023 Regulation C","log":"|j|\u2606ScarfAccelgor\n|j|\u2606LarryWFH\n|t:|1681939529\n|gametype|doubles\n|player|p1|ScarfAccelgor|101|1637\n|player|p2|LarryWFH|169|1615\n|teamsize|p1|6\n|teamsize|p2|6\n|gen|9\n|tier|[Gen 9] VGC 2023 Regulation C\n|rated|\n|rule|Species Clause: Limit one of each Pok\u00e9mon\n|rule|Item Clause: Limit one of each item\n|clearpoke\n|poke|p1|Chi-Yu, L50|\n|poke|p1|Dachsbun, L50, M|\n|poke|p1|Flutter Mane, L50|\n|poke|p1|Scizor, L50, M|\n|poke|p1|Palafin, L50, M|\n|poke|p1|Amoonguss, L50, M|\n|poke|p2|Garchomp, L50, M|\n|poke|p2|Corviknight, L50, M|\n|poke|p2|Tyranitar, L50, F|\n|poke|p2|Flutter Mane, L50|\n|poke|p2|Iron Bundle, L50|\n|poke|p2|Lycanroc, L50, M|\n|teampreview|4\n|j| tarikgoesinsane\n|j| jdarcan\n|j| konsan\n|\n|t:|1681939584\n|start\n|switch|p1a: Scizor|Scizor, L50, M|100\/100\n|switch|p1b: Palafin|Palafin, L50, M|100\/100\n|switch|p2a: Tyranitar|Tyranitar, L50, F|100\/100\n|switch|p2b: Lycanroc|Lycanroc, L50, M|100\/100\n|-weather|Sandstorm|[from] ability: Sand Stream|[of] p2a: Tyranitar\n|turn|1\n|l| jdarcan\n|\n|t:|1681939603\n|detailschange|p1b: Palafin|Palafin-Hero, L50, M\n|switch|p1b: Amoonguss|Amoonguss, L50, M|100\/100\n|switch|p2a: Corviknight|Corviknight, L50, M|100\/100\n|move|p2b: Lycanroc|Rock Slide|p1a: Scizor|[spread] p1a,p1b\n|-damage|p1a: Scizor|73\/100\n|-damage|p1b: Amoonguss|77\/100\n|move|p1a: Scizor|Swords Dance|p1a: Scizor\n|-boost|p1a: Scizor|atk|2\n|\n|-weather|Sandstorm|[upkeep]\n|-damage|p1b: Amoonguss|71\/100|[from] Sandstorm\n|upkeep\n|turn|2\n|inactive|Battle timer is ON: inactive players will automatically lose when time's up. (requested by ScarfAccelgor)\n|j| pokemontaiketsu\n|\n|t:|1681939639\n|move|p1a: Scizor|Bullet Punch|p2b: Lycanroc\n|-supereffective|p2b: Lycanroc\n|-enditem|p2b: Lycanroc|Focus Sash\n|-damage|p2b: Lycanroc|1\/100\n|move|p2b: Lycanroc|Rock Slide|p1b: Amoonguss|[spread] p1b\n|-miss|p2b: Lycanroc|p1a: Scizor\n|-damage|p1b: Amoonguss|45\/100\n|-enditem|p1b: Amoonguss|Sitrus Berry|[eat]\n|-heal|p1b: Amoonguss|70\/100|[from] item: Sitrus Berry\n|move|p2a: Corviknight|Brave Bird|p1b: Amoonguss\n|-supereffective|p1b: Amoonguss\n|-damage|p1b: Amoonguss|4\/100\n|-damage|p2a: Corviknight|77\/100|[from] Recoil\n|move|p1b: Amoonguss|Spore|p2a: Corviknight\n|-status|p2a: Corviknight|slp|[from] move: Spore\n|\n|-weather|Sandstorm|[upkeep]\n|-damage|p1b: Amoonguss|0 fnt|[from] Sandstorm\n|faint|p1b: Amoonguss\n|upkeep\n|\n|t:|1681939662\n|switch|p1b: Palafin|Palafin-Hero, L50, M|100\/100\n|-activate|p1b: Palafin|ability: Zero to Hero\n|turn|3\n|inactive|ScarfAccelgor has 30 seconds left.\n|\n|t:|1681939687\n|-terastallize|p1b: Palafin|Water\n|move|p2b: Lycanroc|Protect|p2b: Lycanroc\n|-singleturn|p2b: Lycanroc|Protect\n|move|p1a: Scizor|Bullet Punch|p2b: Lycanroc\n|-activate|p2b: Lycanroc|move: Protect\n|move|p1b: Palafin|Wave Crash|p2a: Corviknight\n|-damage|p2a: Corviknight|0 fnt\n|faint|p2a: Corviknight\n|-damage|p1b: Palafin|74\/100|[from] Recoil\n|\n|-weather|Sandstorm|[upkeep]\n|-damage|p1b: Palafin|68\/100|[from] Sandstorm\n|upkeep\n|j| salmonelephant\n|\n|t:|1681939702\n|switch|p2a: Tyranitar|Tyranitar, L50, F|100\/100\n|turn|4\n|\n|t:|1681939710\n|-terastallize|p2a: Tyranitar|Grass\n|move|p1a: Scizor|Bullet Punch|p2b: Lycanroc\n|-supereffective|p2b: Lycanroc\n|-damage|p2b: Lycanroc|0 fnt\n|faint|p2b: Lycanroc\n|move|p1b: Palafin|Wave Crash|p2a: Tyranitar\n|-resisted|p2a: Tyranitar\n|-damage|p2a: Tyranitar|48\/100\n|-damage|p1b: Palafin|50\/100|[from] Recoil\n|move|p2a: Tyranitar|Tera Blast|p1b: Palafin\n|-supereffective|p1b: Palafin\n|-damage|p1b: Palafin|0 fnt\n|faint|p1b: Palafin\n|\n|-weather|Sandstorm|[upkeep]\n|-damage|p2a: Tyranitar|42\/100|[from] Sandstorm\n|upkeep\n|\n|t:|1681939719\n|switch|p2b: Iron Bundle|Iron Bundle, L50|100\/100\n|switch|p1b: Flutter Mane|Flutter Mane, L50|100\/100\n|-enditem|p2b: Iron Bundle|Booster Energy\n|-activate|p2b: Iron Bundle|ability: Quark Drive|[fromitem]\n|-start|p2b: Iron Bundle|quarkdrivespe\n|-enditem|p1b: Flutter Mane|Booster Energy\n|-activate|p1b: Flutter Mane|ability: Protosynthesis|[fromitem]\n|-start|p1b: Flutter Mane|protosynthesisspe\n|turn|5\n|\n|t:|1681939734\n|move|p1a: Scizor|Bullet Punch|p2a: Tyranitar\n|-damage|p2a: Tyranitar|0 fnt\n|faint|p2a: Tyranitar\n|move|p2b: Iron Bundle|Hydro Pump|p1a: Scizor\n|-damage|p1a: Scizor|11\/100\n|move|p1b: Flutter Mane|Shadow Ball|p2b: Iron Bundle\n|-damage|p2b: Iron Bundle|7\/100\n|\n|-weather|none\n|upkeep\n|turn|6\n|\n|t:|1681939754\n|move|p1a: Scizor|Bullet Punch|p2b: Iron Bundle\n|-damage|p2b: Iron Bundle|0 fnt\n|faint|p2b: Iron Bundle\n|-end|p2b: Iron Bundle|Quark Drive|[silent]\n|\n|win|ScarfAccelgor\n|raw|ScarfAccelgor's rating: 1660 → 1677<\/strong> (+17 for winning)\n|raw|LarryWFH's rating: 1615 → 1598<\/strong> (-17 for losing)\n|l| konsan\n|l|\u2606ScarfAccelgor\n|l| tarikgoesinsane\n","uploadtime":1681939757,"views":7,"p1id":"scarfaccelgor","p2id":"larrywfh","formatid":"gen9vgc2023regulationc","rating":1598,"private":0,"password":""}