{"id":"gen9vgc2023regulationc-1848225417","p1":"Kammala","p2":"JokerZhang1","format":"[Gen 9] VGC 2023 Regulation C","log":"|j|\u2606Kammala\n|j|\u2606JokerZhang1\n|t:|1682044788\n|gametype|doubles\n|player|p1|Kammala|266|1242\n|player|p2|JokerZhang1|clown|1286\n|teamsize|p1|6\n|teamsize|p2|6\n|gen|9\n|tier|[Gen 9] VGC 2023 Regulation C\n|rated|\n|rule|Species Clause: Limit one of each Pok\u00e9mon\n|rule|Item Clause: Limit one of each item\n|clearpoke\n|poke|p1|Azumarill, L50, F|\n|poke|p1|Amoonguss, L50, M|\n|poke|p1|Tauros-Paldea-Blaze, L50, M|\n|poke|p1|Ting-Lu, L50|\n|poke|p1|Baxcalibur, L50, M|\n|poke|p1|Flutter Mane, L50|\n|poke|p2|Palafin, L50, M|\n|poke|p2|Flutter Mane, L50|\n|poke|p2|Arcanine, L50, M|\n|poke|p2|Amoonguss, L50, M|\n|poke|p2|Ting-Lu, L50|\n|poke|p2|Baxcalibur, L50, M|\n|teampreview|4\n|inactive|Battle timer is ON: inactive players will automatically lose when time's up. (requested by Kammala)\nKammala has agreed to open team sheets.\n|inactive|Kammala has 60 seconds left.\n|inactive|JokerZhang1 has 60 seconds left.\n|inactive|JokerZhang1 has 30 seconds left.\n|\n|t:|1682044852\n|start\n|switch|p1a: Flutter Mane|Flutter Mane, L50|100\/100\n|switch|p1b: Baxcalibur|Baxcalibur, L50, M|100\/100\n|switch|p2a: Palafin|Palafin, L50, M, shiny|100\/100\n|switch|p2b: Amoonguss|Amoonguss, L50, M, shiny|100\/100\n|-enditem|p1a: Flutter Mane|Booster Energy\n|-activate|p1a: Flutter Mane|ability: Protosynthesis|[fromitem]\n|-start|p1a: Flutter Mane|protosynthesisspa\n|turn|1\n|inactive|Kammala has 30 seconds left.\n|inactive|JokerZhang1 has 30 seconds left.\n|inactive|Kammala has 20 seconds left.\n|\n|t:|1682044890\n|detailschange|p2a: Palafin|Palafin-Hero, L50, M, shiny\n|switch|p2a: Arcanine|Arcanine, L50, M, shiny|100\/100\n|-ability|p2a: Arcanine|Intimidate|boost\n|-unboost|p1a: Flutter Mane|atk|1\n|-fail|p1b: Baxcalibur|unboost|[from] item: Clear Amulet|[of] p1b: Baxcalibur\n|move|p1a: Flutter Mane|Shadow Ball|p2b: Amoonguss\n|-crit|p2b: Amoonguss\n|-damage|p2b: Amoonguss|21\/100\n|-enditem|p2b: Amoonguss|Sitrus Berry|[eat]\n|-heal|p2b: Amoonguss|46\/100|[from] item: Sitrus Berry\n|move|p1b: Baxcalibur|Icicle Crash|p2b: Amoonguss\n|-supereffective|p2b: Amoonguss\n|-damage|p2b: Amoonguss|0 fnt\n|faint|p2b: Amoonguss\n|\n|upkeep\n|\n|t:|1682044909\n|switch|p2b: Flutter Mane|Flutter Mane, L50, shiny|100\/100\n|-enditem|p2b: Flutter Mane|Booster Energy\n|-activate|p2b: Flutter Mane|ability: Protosynthesis|[fromitem]\n|-start|p2b: Flutter Mane|protosynthesisspe\n|turn|2\n|inactive|Kammala has 30 seconds left.\n|inactive|JokerZhang1 has 30 seconds left.\n|\n|t:|1682044940\n|-terastallize|p2b: Flutter Mane|Fairy\n|move|p1a: Flutter Mane|Protect|p1a: Flutter Mane\n|-singleturn|p1a: Flutter Mane|Protect\n|move|p1b: Baxcalibur|Protect|p1b: Baxcalibur\n|-singleturn|p1b: Baxcalibur|Protect\n|move|p2b: Flutter Mane|Moonblast|p1b: Baxcalibur\n|-activate|p1b: Baxcalibur|move: Protect\n|move|p2a: Arcanine|Flare Blitz|p1a: Flutter Mane\n|-activate|p1a: Flutter Mane|move: Protect\n|\n|upkeep\n|turn|3\n|inactive|Kammala has 30 seconds left.\n|inactive|JokerZhang1 has 30 seconds left.\n|\n|t:|1682044971\n|switch|p1b: Azumarill|Azumarill, L50, F|100\/100\n|switch|p2a: Palafin|Palafin-Hero, L50, M, shiny|100\/100\n|-activate|p2a: Palafin|ability: Zero to Hero\n|-terastallize|p1a: Flutter Mane|Fairy\n|move|p2b: Flutter Mane|Dazzling Gleam|p1b: Azumarill|[spread] p1a,p1b\n|-damage|p1a: Flutter Mane|59\/100\n|-damage|p1b: Azumarill|75\/100\n|move|p1a: Flutter Mane|Moonblast|p2b: Flutter Mane\n|-crit|p2b: Flutter Mane\n|-damage|p2b: Flutter Mane|0 fnt\n|faint|p2b: Flutter Mane\n|-end|p2b: Flutter Mane|Protosynthesis|[silent]\n|\n|upkeep\n|\n|t:|1682044987\n|switch|p2b: Arcanine|Arcanine, L50, M, shiny|100\/100\n|-ability|p2b: Arcanine|Intimidate|boost\n|-unboost|p1a: Flutter Mane|atk|1\n|-unboost|p1b: Azumarill|atk|1\n|turn|4\n|inactive|Kammala has 30 seconds left.\n|\n|t:|1682045012\n|switch|p1b: Tauros|Tauros-Paldea-Blaze, L50, M|100\/100\n|-ability|p1b: Tauros|Intimidate|boost\n|-unboost|p2a: Palafin|atk|1\n|-unboost|p2b: Arcanine|atk|1\n|move|p2a: Palafin|Jet Punch|p1a: Flutter Mane\n|-damage|p1a: Flutter Mane|0 fnt\n|faint|p1a: Flutter Mane\n|-end|p1a: Flutter Mane|Protosynthesis|[silent]\n|move|p2b: Arcanine|Will-O-Wisp|p1b: Tauros|[miss]\n|-miss|p2b: Arcanine|p1b: Tauros\n|\n|upkeep\n|\n|t:|1682045025\n|switch|p1a: Azumarill|Azumarill, L50, F|75\/100\n|turn|5\n|\n|t:|1682045039\n|move|p2a: Palafin|Jet Punch|p1b: Tauros\n|-supereffective|p1b: Tauros\n|-damage|p1b: Tauros|41\/100\n|move|p1b: Tauros|Will-O-Wisp|p2a: Palafin|[miss]\n|-miss|p1b: Tauros|p2a: Palafin\n|move|p2b: Arcanine|Will-O-Wisp|p1a: Azumarill\n|-status|p1a: Azumarill|brn\n|move|p1a: Azumarill|Liquidation|p2b: Arcanine\n|-supereffective|p2b: Arcanine\n|-damage|p2b: Arcanine|35\/100\n|-unboost|p2b: Arcanine|def|1\n|\n|-damage|p1a: Azumarill|70\/100 brn|[from] brn\n|upkeep\n|turn|6\n|\n|t:|1682045060\n|move|p1b: Tauros|Protect|p1b: Tauros\n|-singleturn|p1b: Tauros|Protect\n|move|p2b: Arcanine|Protect|p2b: Arcanine\n|-singleturn|p2b: Arcanine|Protect\n|move|p2a: Palafin|Jet Punch|p1b: Tauros\n|-activate|p1b: Tauros|move: Protect\n|move|p1a: Azumarill|Aqua Jet|p2b: Arcanine\n|-activate|p2b: Arcanine|move: Protect\n|\n|-damage|p1a: Azumarill|64\/100 brn|[from] brn\n|upkeep\n|turn|7\n|\n|t:|1682045078\n|switch|p1b: Baxcalibur|Baxcalibur, L50, M|100\/100\n|move|p2b: Arcanine|Extreme Speed|p1a: Azumarill\n|-damage|p1a: Azumarill|45\/100 brn\n|move|p2a: Palafin|Jet Punch|p1b: Baxcalibur\n|-resisted|p1b: Baxcalibur\n|-damage|p1b: Baxcalibur|85\/100\n|move|p1a: Azumarill|Aqua Jet|p2b: Arcanine\n|-supereffective|p2b: Arcanine\n|-damage|p2b: Arcanine|0 fnt\n|faint|p2b: Arcanine\n|\n|-damage|p1a: Azumarill|39\/100 brn|[from] brn\n|upkeep\n|turn|8\n|\n|t:|1682045096\n|switch|p1a: Tauros|Tauros-Paldea-Blaze, L50, M|41\/100\n|-ability|p1a: Tauros|Intimidate|boost\n|-unboost|p2a: Palafin|atk|1\n|move|p1b: Baxcalibur|Dragon Dance|p1b: Baxcalibur\n|-boost|p1b: Baxcalibur|atk|1\n|-boost|p1b: Baxcalibur|spe|1\n|move|p2a: Palafin|Wave Crash|p1b: Baxcalibur\n|-resisted|p1b: Baxcalibur\n|-damage|p1b: Baxcalibur|62\/100\n|-damage|p2a: Palafin|93\/100|[from] Recoil\n|\n|upkeep\n|turn|9\n|-message|JokerZhang1 forfeited.\n|\n|win|Kammala\n|raw|Kammala's rating: 1242 → 1270<\/strong> (+28 for winning)\n|raw|JokerZhang1's rating: 1286 → 1258<\/strong> (-28 for losing)\n|l|\u2606JokerZhang1\n","uploadtime":1682045114,"views":13,"p1id":"kammala","p2id":"jokerzhang1","formatid":"gen9vgc2023regulationc","rating":1258,"private":0,"password":""}