{"id":"gen9vgc2023regulationc-1854585881","p1":"CluelessGamer18","p2":"SuperToad916","format":"[Gen 9] VGC 2023 Regulation C","log":"|j|\u2606CluelessGamer18\n|j|\u2606SuperToad916\n|t:|1682831155\n|gametype|doubles\n|player|p1|CluelessGamer18|2|\n|player|p2|SuperToad916|170|\n|teamsize|p1|6\n|teamsize|p2|6\n|gen|9\n|tier|[Gen 9] VGC 2023 Regulation C\n|rule|Species Clause: Limit one of each Pok\u00e9mon\n|rule|Item Clause: Limit one of each item\n|clearpoke\n|poke|p1|Volcarona, L50, M|\n|poke|p1|Mimikyu, L50, M|\n|poke|p1|Krookodile, L50, F|\n|poke|p1|Weavile, L50, M|\n|poke|p1|Corviknight, L50, M|\n|poke|p1|Slither Wing, L50|\n|poke|p2|Dragonite, L50, M|\n|poke|p2|Scovillain, L50, F|\n|poke|p2|Sylveon, L50, F|\n|poke|p2|Torkoal, L50, M|\n|poke|p2|Lilligant, L50, F|\n|poke|p2|Kingambit, L50, M|\n|teampreview|4\n|j| tomciv20\n|j| lethalpilot\n|j| JJ22FTW\n|\n|t:|1682831228\n|start\n|switch|p1a: Volcarona|Volcarona, L50, M|100\/100\n|switch|p1b: Mimikyu|Mimikyu, L50, M|100\/100\n|switch|p2a: Shuckel|Torkoal, L50, M, shiny|100\/100\n|switch|p2b: Student Gov Girl|Lilligant, L50, F, shiny|100\/100\n|-weather|SunnyDay|[from] ability: Drought|[of] p2a: Shuckel\n|turn|1\n|\n|t:|1682831282\n|move|p2b: Student Gov Girl|Solar Beam||[still]\n|-prepare|p2b: Student Gov Girl|Solar Beam\n|-anim|p2b: Student Gov Girl|Solar Beam|p1b: Mimikyu\n|-activate|p1b: Mimikyu|ability: Disguise\n|-damage|p1b: Mimikyu|100\/100\n|detailschange|p1b: Mimikyu|Mimikyu-Busted, L50, M\n|-damage|p1b: Mimikyu|88\/100|[from] pokemon: Mimikyu-Busted\n|move|p1b: Mimikyu|Shadow Claw|p2a: Shuckel\n|-damage|p2a: Shuckel|65\/100\n|-damage|p1b: Mimikyu|78\/100|[from] item: Life Orb\n|move|p1a: Volcarona|Heat Wave|p2a: Shuckel|[spread] p2a,p2b\n|-resisted|p2a: Shuckel\n|-supereffective|p2b: Student Gov Girl\n|-damage|p2a: Shuckel|29\/100\n|-enditem|p2b: Student Gov Girl|Focus Sash\n|-damage|p2b: Student Gov Girl|1\/100\n|move|p2a: Shuckel|Eruption|p1b: Mimikyu|[spread] p1a,p1b\n|-damage|p1a: Volcarona|79\/100\n|-damage|p1b: Mimikyu|49\/100\n|\n|-weather|SunnyDay|[upkeep]\n|-heal|p1a: Volcarona|85\/100|[from] item: Leftovers\n|upkeep\n|turn|2\n|\n|t:|1682831337\n|move|p1b: Mimikyu|Shadow Sneak|p2b: Student Gov Girl\n|-damage|p2b: Student Gov Girl|0 fnt\n|faint|p2b: Student Gov Girl\n|-damage|p1b: Mimikyu|39\/100|[from] item: Life Orb\n|move|p1a: Volcarona|Heat Wave|p2a: Shuckel\n|-resisted|p2a: Shuckel\n|-damage|p2a: Shuckel|0 fnt\n|faint|p2a: Shuckel\n|\n|-weather|SunnyDay|[upkeep]\n|-heal|p1a: Volcarona|91\/100|[from] item: Leftovers\n|upkeep\n|\n|t:|1682831353\n|switch|p2b: Michael 2|Sylveon, L50, F, shiny|100\/100\n|switch|p2a: Boberto|Dragonite, L50, M|100\/100\n|turn|3\n|\n|t:|1682831388\n|-terastallize|p1b: Mimikyu|Fairy\n|-terastallize|p2a: Boberto|Fairy\n|move|p1b: Mimikyu|Play Rough|p2b: Michael 2\n|-damage|p2b: Michael 2|41\/100\n|-damage|p1b: Mimikyu|29\/100|[from] item: Life Orb\n|move|p1a: Volcarona|Heat Wave|p2a: Boberto|[spread] p2a,p2b\n|-damage|p2a: Boberto|76\/100\n|-damage|p2b: Michael 2|0 fnt\n|faint|p2b: Michael 2\n|move|p2a: Boberto|Rock Slide|p1b: Mimikyu|[spread] p1a,p1b\n|-supereffective|p1a: Volcarona\n|-damage|p1a: Volcarona|0 fnt\n|-damage|p1b: Mimikyu|0 fnt\n|faint|p1a: Volcarona\n|faint|p1b: Mimikyu\n|\n|-weather|SunnyDay|[upkeep]\n|upkeep\n|\n|t:|1682831403\n|switch|p1b: Slither Wing|Slither Wing, L50|100\/100\n|switch|p1a: Krookodile|Krookodile, L50, F|100\/100\n|-ability|p1a: Krookodile|Intimidate|boost\n|-unboost|p2a: Boberto|atk|1\n|-activate|p1b: Slither Wing|ability: Protosynthesis\n|-start|p1b: Slither Wing|protosynthesisatk\n|turn|4\n|\n|t:|1682831421\n|move|p1b: Slither Wing|First Impression|p2a: Boberto\n|-resisted|p2a: Boberto\n|-damage|p2a: Boberto|46\/100\n|move|p1a: Krookodile|Rock Slide|p2a: Boberto|[miss]\n|-miss|p1a: Krookodile|p2a: Boberto\n|move|p2a: Boberto|Rock Slide|p1a: Krookodile|[spread] p1a\n|-miss|p2a: Boberto|p1b: Slither Wing\n|-resisted|p1a: Krookodile\n|-damage|p1a: Krookodile|87\/100\n|\n|-weather|SunnyDay|[upkeep]\n|upkeep\n|turn|5\n|\n|t:|1682831435\n|move|p1a: Krookodile|Rock Slide|p2a: Boberto\n|-damage|p2a: Boberto|13\/100\n|move|p1b: Slither Wing|Close Combat|p2a: Boberto\n|-resisted|p2a: Boberto\n|-damage|p2a: Boberto|0 fnt\n|-unboost|p1b: Slither Wing|def|1\n|-unboost|p1b: Slither Wing|spd|1\n|faint|p2a: Boberto\n|\n|win|CluelessGamer18\n","uploadtime":1682831448,"views":17,"p1id":"cluelessgamer18","p2id":"supertoad916","formatid":"gen9vgc2023regulationc","rating":0,"private":0,"password":""}