{"id":"gen9vgc2023regulationc-1856223932","p1":"VgcGanon","p2":"Hadrian1917","format":"[Gen 9] VGC 2023 Regulation C","log":"|j|\u2606VgcGanon\n|j|\u2606Hadrian1917\n|t:|1683042321\n|gametype|doubles\n|player|p1|VgcGanon|1|1030\n|player|p2|Hadrian1917|brock|1130\n|teamsize|p1|6\n|teamsize|p2|6\n|gen|9\n|tier|[Gen 9] VGC 2023 Regulation C\n|rated|\n|rule|Species Clause: Limit one of each Pok\u00e9mon\n|rule|Item Clause: Limit one of each item\n|clearpoke\n|poke|p1|Goodra, L50, F|\n|poke|p1|Pelipper, L50, M|\n|poke|p1|Tinkaton, L50, F|\n|poke|p1|Breloom, L50, F|\n|poke|p1|Ting-Lu, L50|\n|poke|p1|Gholdengo, L50|\n|poke|p2|Flutter Mane, L50|\n|poke|p2|Chi-Yu, L50|\n|poke|p2|Iron Hands, L50|\n|poke|p2|Ting-Lu, L50|\n|poke|p2|Gyarados, L50, F|\n|poke|p2|Amoonguss, L50, M|\n|teampreview|4\n|inactive|Battle timer is ON: inactive players will automatically lose when time's up. (requested by Hadrian1917)\n|inactive|Hadrian1917 has 60 seconds left.\n|inactive|VgcGanon has 60 seconds left.\n|inactive|Hadrian1917 has 30 seconds left.\n|inactive|Hadrian1917 has 20 seconds left.\n|inactive|Hadrian1917 has 15 seconds left.\n|inactive|Hadrian1917 has 10 seconds left.\n|\n|t:|1683042405\n|start\n|switch|p1a: Gholdengo|Gholdengo, L50|100\/100\n|switch|p1b: Breloom|Breloom, L50, F|100\/100\n|switch|p2a: Chi-Yu|Chi-Yu, L50|100\/100\n|switch|p2b: Iron Hands|Iron Hands, L50|100\/100\n|-ability|p2a: Chi-Yu|Beads of Ruin\n|turn|1\n|inactive|VgcGanon has 30 seconds left.\n|\n|t:|1683042439\n|-terastallize|p1a: Gholdengo|Water\n|move|p1b: Breloom|Protect|p1b: Breloom\n|-singleturn|p1b: Breloom|Protect\n|move|p2b: Iron Hands|Fake Out|p1b: Breloom\n|-activate|p1b: Breloom|move: Protect\n|move|p1a: Gholdengo|Power Gem|p2a: Chi-Yu\n|-supereffective|p2a: Chi-Yu\n|-damage|p2a: Chi-Yu|40\/100\n|move|p2a: Chi-Yu|Nasty Plot|p2a: Chi-Yu\n|-boost|p2a: Chi-Yu|spa|2\n|\n|upkeep\n|turn|2\n|inactive|Hadrian1917 has 30 seconds left.\n|inactive|Hadrian1917 has 20 seconds left.\n|\n|t:|1683042477\n|switch|p1b: Goodra|Goodra, L50, F|100\/100\n|-terastallize|p2b: Iron Hands|Grass\n|move|p2a: Chi-Yu|Protect|p2a: Chi-Yu\n|-singleturn|p2a: Chi-Yu|Protect\n|move|p1a: Gholdengo|Power Gem|p2a: Chi-Yu\n|-activate|p2a: Chi-Yu|move: Protect\n|move|p2b: Iron Hands|Wild Charge|p1a: Gholdengo\n|-supereffective|p1a: Gholdengo\n|-damage|p1a: Gholdengo|0 fnt\n|faint|p1a: Gholdengo\n|-damage|p2b: Iron Hands|83\/100|[from] Recoil\n|\n|upkeep\n|\n|t:|1683042501\n|switch|p1a: Breloom|Breloom, L50, F|100\/100\n|turn|3\n|\n|t:|1683042525\n|switch|p2a: Amoonguss|Amoonguss, L50, M|100\/100\n|move|p1a: Breloom|Protect|p1a: Breloom\n|-singleturn|p1a: Breloom|Protect\n|move|p1b: Goodra|Acid Spray|p2b: Iron Hands\n|-supereffective|p2b: Iron Hands\n|-damage|p2b: Iron Hands|72\/100\n|-unboost|p2b: Iron Hands|spd|2\n|move|p2b: Iron Hands|Drain Punch|p1b: Goodra\n|-damage|p1b: Goodra|55\/100\n|-heal|p2b: Iron Hands|91\/100|[from] drain|[of] p1b: Goodra\n|\n|upkeep\n|turn|4\n|inactive|VgcGanon has 30 seconds left.\n|\n|t:|1683042556\n|move|p1a: Breloom|Aerial Ace|p2b: Iron Hands\n|-supereffective|p2b: Iron Hands\n|-damage|p2b: Iron Hands|46\/100\n|move|p1b: Goodra|Chilling Water|p2b: Iron Hands\n|-resisted|p2b: Iron Hands\n|-damage|p2b: Iron Hands|39\/100\n|-unboost|p2b: Iron Hands|atk|1\n|-heal|p1b: Goodra|56\/100|[from] item: Shell Bell|[of] p2b: Iron Hands\n|move|p2b: Iron Hands|Volt Switch|p1a: Breloom\n|-resisted|p1a: Breloom\n|-damage|p1a: Breloom|89\/100\n|\n|t:|1683042571\n|-end|p2b: Iron Hands|Quark Drive|[silent]\n|switch|p2b: Chi-Yu|Chi-Yu, L50|40\/100|[from] Volt Switch\n|-ability|p2b: Chi-Yu|Beads of Ruin\n|move|p2a: Amoonguss|Pollen Puff|p2b: Chi-Yu\n|-heal|p2b: Chi-Yu|90\/100\n|\n|upkeep\n|turn|5\n|inactive|VgcGanon has 30 seconds left.\n|inactive|Hadrian1917 has 30 seconds left.\n|\n|t:|1683042601\n|switch|p1a: Pelipper|Pelipper, L50, M|100\/100\n|-weather|RainDance|[from] ability: Drizzle|[of] p1a: Pelipper\n|move|p2b: Chi-Yu|Protect|p2b: Chi-Yu\n|-singleturn|p2b: Chi-Yu|Protect\n|move|p1b: Goodra|Chilling Water|p2b: Chi-Yu\n|-activate|p2b: Chi-Yu|move: Protect\n|move|p2a: Amoonguss|Clear Smog|p1a: Pelipper\n|-damage|p1a: Pelipper|69\/100\n|-clearboost|p1a: Pelipper\n|\n|-weather|RainDance|[upkeep]\n|-heal|p1a: Pelipper|75\/100|[from] item: Leftovers\n|upkeep\n|turn|6\n|inactive|VgcGanon has 30 seconds left.\n|\n|t:|1683042631\n|move|p2b: Chi-Yu|Dark Pulse|p1a: Pelipper\n|-damage|p1a: Pelipper|0 fnt\n|faint|p1a: Pelipper\n|move|p1b: Goodra|Acid Spray|p2a: Amoonguss\n|-damage|p2a: Amoonguss|88\/100\n|-unboost|p2a: Amoonguss|spd|2\n|-heal|p1b: Goodra|57\/100|[from] item: Shell Bell|[of] p2a: Amoonguss\n|move|p2a: Amoonguss|Clear Smog|p1b: Goodra\n|-damage|p1b: Goodra|48\/100\n|-clearboost|p1b: Goodra\n|\n|-weather|RainDance|[upkeep]\n|upkeep\n|\n|t:|1683042645\n|switch|p1a: Breloom|Breloom, L50, F|89\/100\n|turn|7\n|\n|t:|1683042658\n|switch|p2a: Gyarados|Gyarados, L50, F|100\/100\n|-ability|p2a: Gyarados|Intimidate|boost\n|-unboost|p1a: Breloom|atk|1\n|-unboost|p1b: Goodra|atk|1\n|move|p1a: Breloom|Protect|p1a: Breloom\n|-singleturn|p1a: Breloom|Protect\n|move|p2b: Chi-Yu|Heat Wave|p1a: Breloom|[spread] p1b\n|-activate|p1a: Breloom|move: Protect\n|-resisted|p1b: Goodra\n|-damage|p1b: Goodra|43\/100\n|move|p1b: Goodra|Mud Shot|p2b: Chi-Yu\n|-supereffective|p2b: Chi-Yu\n|-damage|p2b: Chi-Yu|63\/100\n|-unboost|p2b: Chi-Yu|spe|1\n|-heal|p1b: Goodra|45\/100|[from] item: Shell Bell|[of] p2b: Chi-Yu\n|\n|-weather|RainDance|[upkeep]\n|upkeep\n|turn|8\n|inactive|VgcGanon has 30 seconds left.\n|\n|t:|1683042693\n|switch|p2b: Amoonguss|Amoonguss, L50, M|100\/100\n|move|p1a: Breloom|Spore|p2a: Gyarados\n|-status|p2a: Gyarados|slp|[from] move: Spore\n|cant|p2a: Gyarados|slp\n|move|p1b: Goodra|Chilling Water|p2a: Gyarados\n|-resisted|p2a: Gyarados\n|-damage|p2a: Gyarados|93\/100 slp\n|-unboost|p2a: Gyarados|atk|1\n|-heal|p1b: Goodra|46\/100|[from] item: Shell Bell|[of] p2a: Gyarados\n|\n|-weather|RainDance|[upkeep]\n|upkeep\n|turn|9\n|inactive|VgcGanon has 30 seconds left.\n|inactive|VgcGanon has 20 seconds left.\n|inactive|VgcGanon has 15 seconds left.\n|\n|t:|1683042735\n|switch|p2a: Iron Hands|Iron Hands, L50, tera:Grass|39\/100\n|move|p1a: Breloom|Force Palm|p2a: Iron Hands\n|-damage|p2a: Iron Hands|18\/100\n|move|p1b: Goodra|Mud Shot|p2a: Iron Hands\n|-resisted|p2a: Iron Hands\n|-damage|p2a: Iron Hands|15\/100\n|-unboost|p2a: Iron Hands|spe|1\n|-heal|p1b: Goodra|46\/100|[from] item: Shell Bell|[of] p2a: Iron Hands\n|move|p2b: Amoonguss|Pollen Puff|p2a: Iron Hands\n|-heal|p2a: Iron Hands|65\/100\n|\n|-weather|none\n|upkeep\n|turn|10\n|inactive|VgcGanon has 30 seconds left.\n|inactive|VgcGanon has 20 seconds left.\n|\n|t:|1683042773\n|move|p1a: Breloom|Force Palm|p2a: Iron Hands\n|-damage|p2a: Iron Hands|44\/100\n|move|p1b: Goodra|Mud Shot|p2a: Iron Hands\n|-resisted|p2a: Iron Hands\n|-damage|p2a: Iron Hands|40\/100\n|-unboost|p2a: Iron Hands|spe|1\n|-heal|p1b: Goodra|47\/100|[from] item: Shell Bell|[of] p2a: Iron Hands\n|move|p2b: Amoonguss|Clear Smog|p1a: Breloom\n|-supereffective|p1a: Breloom\n|-damage|p1a: Breloom|30\/100\n|-clearboost|p1a: Breloom\n|move|p2a: Iron Hands|Drain Punch|p1b: Goodra\n|-crit|p1b: Goodra\n|-damage|p1b: Goodra|0 fnt\n|-heal|p2a: Iron Hands|59\/100|[from] drain|[of] p1b: Goodra\n|faint|p1b: Goodra\n|\n|upkeep\n|turn|11\n|-message|VgcGanon forfeited.\n|\n|win|Hadrian1917\n|raw|VgcGanon's rating: 1030 → 1020<\/strong> (-10 for losing)\n|raw|Hadrian1917's rating: 1130 → 1148<\/strong> (+18 for winning)\n|l|\u2606VgcGanon\n","uploadtime":1683042790,"views":10,"p1id":"vgcganon","p2id":"hadrian1917","formatid":"gen9vgc2023regulationc","rating":1020,"private":0,"password":""}