{"id":"gen9vgc2023regulationc-1861609196","p1":"MamaMiaKhalifa","p2":"qwefgj","format":"[Gen 9] VGC 2023 Regulation C","log":"|j|\u2606MamaMiaKhalifa\n|j|\u2606qwefgj\n|t:|1683780814\n|gametype|doubles\n|player|p1|MamaMiaKhalifa|lance|1088\n|player|p2|qwefgj|2|1026\n|teamsize|p1|6\n|teamsize|p2|6\n|gen|9\n|tier|[Gen 9] VGC 2023 Regulation C\n|rated|\n|rule|Species Clause: Limit one of each Pok\u00e9mon\n|rule|Item Clause: Limit one of each item\n|clearpoke\n|poke|p1|Wo-Chien, L50|\n|poke|p1|Glimmora, L50, M|\n|poke|p1|Flutter Mane, L50|\n|poke|p1|Gyarados, L50, M|\n|poke|p1|Indeedee-F, L50, F|\n|poke|p1|Armarouge, L50, M|\n|poke|p2|Pelipper, L50, F|\n|poke|p2|Palafin, L50, F|\n|poke|p2|Kingambit, L50, F|\n|poke|p2|Baxcalibur, L50, M|\n|poke|p2|Flutter Mane, L50|\n|poke|p2|Chi-Yu, L50|\n|teampreview|4\n|inactive|Battle timer is ON: inactive players will automatically lose when time's up. (requested by qwefgj)\n|\n|t:|1683780873\n|start\n|switch|p1a: Flutter Mane|Flutter Mane, L50|100\/100\n|switch|p1b: Glimmora|Glimmora, L50, M|100\/100\n|switch|p2a: Palafin|Palafin, L50, F|100\/100\n|switch|p2b: Kingambit|Kingambit, L50, F|100\/100\n|-enditem|p1a: Flutter Mane|Booster Energy\n|-activate|p1a: Flutter Mane|ability: Protosynthesis|[fromitem]\n|-start|p1a: Flutter Mane|protosynthesisspe\n|turn|1\n|\n|t:|1683780890\n|detailschange|p2a: Palafin|Palafin-Hero, L50, F\n|switch|p2a: Baxcalibur|Baxcalibur, L50, M|100\/100\n|-terastallize|p1b: Glimmora|Ground\n|move|p1a: Flutter Mane|Thunderbolt|p2a: Baxcalibur\n|-resisted|p2a: Baxcalibur\n|-damage|p2a: Baxcalibur|88\/100\n|move|p1b: Glimmora|Earth Power|p2b: Kingambit\n|-supereffective|p2b: Kingambit\n|-damage|p2b: Kingambit|30\/100\n|move|p2b: Kingambit|Iron Head|p1a: Flutter Mane\n|-supereffective|p1a: Flutter Mane\n|-damage|p1a: Flutter Mane|0 fnt\n|faint|p1a: Flutter Mane\n|-end|p1a: Flutter Mane|Protosynthesis|[silent]\n|\n|upkeep\n|\n|t:|1683780906\n|switch|p1a: Wo-Chien|Wo-Chien, L50|100\/100\n|-ability|p1a: Wo-Chien|Tablets of Ruin\n|turn|2\n|inactive|MamaMiaKhalifa has 30 seconds left.\n|\n|t:|1683780936\n|move|p2a: Baxcalibur|Protect|p2a: Baxcalibur\n|-singleturn|p2a: Baxcalibur|Protect\n|move|p1a: Wo-Chien|Protect|p1a: Wo-Chien\n|-singleturn|p1a: Wo-Chien|Protect\n|move|p2b: Kingambit|Sucker Punch|p1b: Glimmora\n|-damage|p1b: Glimmora|69\/100\n|-activate|p1b: Glimmora|ability: Toxic Debris\n|-sidestart|p2: qwefgj|move: Toxic Spikes\n|move|p1b: Glimmora|Power Gem|p2a: Baxcalibur\n|-activate|p2a: Baxcalibur|move: Protect\n|\n|upkeep\n|turn|3\n|inactive|MamaMiaKhalifa has 30 seconds left.\n|inactive|qwefgj has 30 seconds left.\n|inactive|qwefgj has 20 seconds left.\n|inactive|qwefgj has 15 seconds left.\n|inactive|qwefgj has 10 seconds left.\n|\n|t:|1683780983\n|-terastallize|p2a: Baxcalibur|Water\n|move|p1b: Glimmora|Power Gem|p2a: Baxcalibur\n|-damage|p2a: Baxcalibur|53\/100\n|move|p2a: Baxcalibur|Glaive Rush|p1a: Wo-Chien\n|-damage|p1a: Wo-Chien|61\/100\n|-singlemove|p2a: Baxcalibur|Glaive Rush|[silent]\n|move|p1a: Wo-Chien|Leech Seed|p2a: Baxcalibur\n|-start|p2a: Baxcalibur|move: Leech Seed\n|move|p2b: Kingambit|Low Kick|p1a: Wo-Chien\n|-supereffective|p1a: Wo-Chien\n|-damage|p1a: Wo-Chien|24\/100\n|\n|-heal|p1a: Wo-Chien|30\/100|[from] item: Leftovers\n|-damage|p2a: Baxcalibur|41\/100|[from] Leech Seed|[of] p1a: Wo-Chien\n|-heal|p1a: Wo-Chien|44\/100|[silent]\n|upkeep\n|turn|4\n|inactive|qwefgj has 30 seconds left.\n|\n|t:|1683781015\n|move|p2a: Baxcalibur|Protect|p2a: Baxcalibur\n|-singleturn|p2a: Baxcalibur|Protect\n|move|p1a: Wo-Chien|Protect|p1a: Wo-Chien\n|-singleturn|p1a: Wo-Chien|Protect\n|move|p1b: Glimmora|Earth Power|p2b: Kingambit\n|-supereffective|p2b: Kingambit\n|-damage|p2b: Kingambit|0 fnt\n|faint|p2b: Kingambit\n|\n|-heal|p1a: Wo-Chien|50\/100|[from] item: Leftovers\n|-damage|p2a: Baxcalibur|28\/100|[from] Leech Seed|[of] p1a: Wo-Chien\n|-heal|p1a: Wo-Chien|65\/100|[silent]\n|upkeep\n|\n|t:|1683781024\n|switch|p2b: Palafin|Palafin-Hero, L50, F|100\/100\n|-status|p2b: Palafin|psn\n|-activate|p2b: Palafin|ability: Zero to Hero\n|turn|5\n|\n|t:|1683781041\n|switch|p2a: Pelipper|Pelipper, L50, F|100\/100\n|-weather|RainDance|[from] ability: Drizzle|[of] p2a: Pelipper\n|move|p1b: Glimmora|Spiky Shield|p1b: Glimmora\n|-singleturn|p1b: Glimmora|move: Protect\n|move|p2b: Palafin|Jet Punch|p1b: Glimmora\n|-activate|p1b: Glimmora|move: Protect\n|-damage|p2b: Palafin|88\/100 psn|[from] Spiky Shield|[of] p1b: Glimmora\n|move|p1a: Wo-Chien|Pollen Puff|p2b: Palafin\n|-damage|p2b: Palafin|69\/100 psn\n|\n|-weather|RainDance|[upkeep]\n|-heal|p1a: Wo-Chien|71\/100|[from] item: Leftovers\n|-damage|p2b: Palafin|57\/100 psn|[from] psn\n|upkeep\n|turn|6\n|\n|t:|1683781060\n|switch|p2b: Baxcalibur|Baxcalibur, L50, M, tera:Water|28\/100\n|-status|p2b: Baxcalibur|psn\n|switch|p1b: Gyarados|Gyarados, L50, M|100\/100\n|-ability|p1b: Gyarados|Intimidate|boost\n|-unboost|p2a: Pelipper|atk|1\n|-fail|p2b: Baxcalibur|unboost|[from] item: Clear Amulet|[of] p2b: Baxcalibur\n|move|p2a: Pelipper|Hurricane|p1a: Wo-Chien\n|-supereffective|p1a: Wo-Chien\n|-damage|p1a: Wo-Chien|10\/100\n|move|p1a: Wo-Chien|Leech Seed|p2b: Baxcalibur|[miss]\n|-miss|p1a: Wo-Chien|p2b: Baxcalibur\n|\n|-weather|RainDance|[upkeep]\n|-heal|p1a: Wo-Chien|17\/100|[from] item: Leftovers\n|-damage|p2b: Baxcalibur|16\/100 psn|[from] psn\n|upkeep\n|turn|7\n|inactive|MamaMiaKhalifa has 30 seconds left.\n|inactive|qwefgj has 30 seconds left.\n|inactive|MamaMiaKhalifa has 20 seconds left.\n|\n|t:|1683781096\n|move|p1a: Wo-Chien|Protect|p1a: Wo-Chien\n|-singleturn|p1a: Wo-Chien|Protect\n|move|p2a: Pelipper|Hydro Pump|p1b: Gyarados\n|-resisted|p1b: Gyarados\n|-damage|p1b: Gyarados|70\/100\n|move|p1b: Gyarados|Thunder Wave|p2a: Pelipper\n|-status|p2a: Pelipper|par\n|move|p2b: Baxcalibur|Glaive Rush|p1b: Gyarados\n|-damage|p1b: Gyarados|22\/100\n|-singlemove|p2b: Baxcalibur|Glaive Rush|[silent]\n|\n|-weather|RainDance|[upkeep]\n|-heal|p1a: Wo-Chien|23\/100|[from] item: Leftovers\n|-damage|p2b: Baxcalibur|4\/100 psn|[from] psn\n|upkeep\n|turn|8\n|inactive|MamaMiaKhalifa has 30 seconds left.\n|inactive|MamaMiaKhalifa has 20 seconds left.\n|\n|t:|1683781131\n|move|p1b: Gyarados|Iron Head|p2b: Baxcalibur\n|-resisted|p2b: Baxcalibur\n|-damage|p2b: Baxcalibur|0 fnt\n|faint|p2b: Baxcalibur\n|move|p1a: Wo-Chien|Leech Seed|p2a: Pelipper\n|-start|p2a: Pelipper|move: Leech Seed\n|cant|p2a: Pelipper|par\n|\n|-weather|RainDance|[upkeep]\n|-heal|p1a: Wo-Chien|29\/100|[from] item: Leftovers\n|-damage|p2a: Pelipper|88\/100 par|[from] Leech Seed|[of] p1a: Wo-Chien\n|-heal|p1a: Wo-Chien|38\/100|[silent]\n|upkeep\n|\n|t:|1683781140\n|switch|p2b: Palafin|Palafin-Hero, L50, F|57\/100 psn\n|turn|9\n|\n|t:|1683781152\n|move|p1a: Wo-Chien|Protect|p1a: Wo-Chien\n|-singleturn|p1a: Wo-Chien|Protect\n|move|p2b: Palafin|Jet Punch|p1b: Gyarados\n|-resisted|p1b: Gyarados\n|-damage|p1b: Gyarados|0 fnt\n|faint|p1b: Gyarados\n|cant|p2a: Pelipper|par\n|\n|-weather|none\n|-heal|p1a: Wo-Chien|44\/100|[from] item: Leftovers\n|-damage|p2a: Pelipper|75\/100 par|[from] Leech Seed|[of] p1a: Wo-Chien\n|-heal|p1a: Wo-Chien|53\/100|[silent]\n|-damage|p2b: Palafin|45\/100 psn|[from] psn\n|upkeep\n|\n|t:|1683781163\n|switch|p1b: Glimmora|Glimmora, L50, M, tera:Ground|69\/100\n|turn|10\n|\n|t:|1683781183\n|move|p1b: Glimmora|Spiky Shield|p1b: Glimmora\n|-singleturn|p1b: Glimmora|move: Protect\n|move|p2b: Palafin|Jet Punch|p1a: Wo-Chien\n|-resisted|p1a: Wo-Chien\n|-damage|p1a: Wo-Chien|40\/100\n|move|p1a: Wo-Chien|Leech Seed|p2b: Palafin\n|-start|p2b: Palafin|move: Leech Seed\n|move|p2a: Pelipper|Hurricane|p1a: Wo-Chien|[miss]\n|-miss|p2a: Pelipper|p1a: Wo-Chien\n|\n|-heal|p1a: Wo-Chien|46\/100|[from] item: Leftovers\n|-damage|p2b: Palafin|33\/100 psn|[from] Leech Seed|[of] p1a: Wo-Chien\n|-heal|p1a: Wo-Chien|59\/100|[silent]\n|-damage|p2a: Pelipper|63\/100 par|[from] Leech Seed|[of] p1a: Wo-Chien\n|-heal|p1a: Wo-Chien|68\/100|[silent]\n|-damage|p2b: Palafin|21\/100 psn|[from] psn\n|upkeep\n|turn|11\n|-message|qwefgj forfeited.\n|\n|win|MamaMiaKhalifa\n|raw|MamaMiaKhalifa's rating: 1088 → 1110<\/strong> (+22 for winning)\n|raw|qwefgj's rating: 1026 → 1015<\/strong> (-11 for losing)\n|l|\u2606qwefgj\n","uploadtime":1683781200,"views":17,"p1id":"mamamiakhalifa","p2id":"qwefgj","formatid":"gen9vgc2023regulationc","rating":1015,"private":0,"password":""}