{"id":"gen9vgc2023regulationc-1851749700","p1":"N8zaGr8","p2":"Just Sherp","format":"[Gen 9] VGC 2023 Regulation C","log":"|j|\u2606N8zaGr8\n|j|\u2606Just Sherp\n|t:|1682477880\n|gametype|doubles\n|player|p1|N8zaGr8|cynthia-gen4|\n|player|p2|Just Sherp|fisherman|\n|teamsize|p1|6\n|teamsize|p2|6\n|gen|9\n|tier|[Gen 9] VGC 2023 Regulation C\n|rated|Tournament battle\n|rule|Species Clause: Limit one of each Pok\u00e9mon\n|rule|Item Clause: Limit one of each item\n|clearpoke\n|poke|p1|Iron Bundle, L50|\n|poke|p1|Ting-Lu, L50|\n|poke|p1|Amoonguss, L50, F|\n|poke|p1|Bronzong, L50|\n|poke|p1|Ceruledge, L50, F|\n|poke|p1|Staraptor, L50, M|\n|poke|p2|Tsareena, L50, F|\n|poke|p2|Iron Bundle, L50|\n|poke|p2|Chi-Yu, L50|\n|poke|p2|Tauros-Paldea-Aqua, L50, M|\n|poke|p2|Tyranitar, L50, M|\n|poke|p2|Dragonite, L50, M|\n|teampreview|4\n|raw| Open Team Sheet for N8zaGr8<\/summary>Fearful Leader (Iron Bundle) @ Booster Energy Ability: Quark Drive Level: 50 Tera Type: Ghost - Freeze-Dry - Hydro Pump - Encore - Protect Father Help (Ting-Lu) @ Assault Vest Ability: Vessel of Ruin Level: 50 Tera Type: Water - Earthquake - Ruination - Heavy Slam - Rock Slide Friend (Amoonguss) @ Leftovers Ability: Regenerator Level: 50 Tera Type: Steel - Spore - Pollen Puff - Rage Powder - Protect dong (Bronzong) @ Safety Goggles Ability: Levitate Level: 50 Tera Type: Water - Body Press - Heavy Slam - Iron Defense - Trick Room Swords? IDK (Ceruledge) @ Clear Amulet Ability: Flash Fire Level: 50 Tera Type: Grass - Bitter Blade - Shadow Sneak - Tera Blast - Protect GO BIRD (Staraptor) @ Choice Scarf Ability: Reckless Level: 50 Tera Type: Flying - Brave Bird - Close Combat - U-turn - Final Gambit <\/details><\/div> Open Team Sheet for Just Sherp<\/summary>Frieza (Tsareena) (F) @ Sitrus Berry Ability: Queenly Majesty Level: 50 Shiny: Yes Tera Type: Fire - Power Whip - Helping Hand - U-turn - Protect Guldo (Iron Bundle) @ Booster Energy Ability: Quark Drive Level: 50 Shiny: Yes Tera Type: Ice - Freeze-Dry - Icy Wind - Hydro Pump - Protect Jeice (Chi-Yu) @ Choice Specs Ability: Beads of Ruin Level: 50 Tera Type: Fire - Overheat - Heat Wave - Dark Pulse - Snarl Ginyu (Tauros-Paldea-Aqua) (M) @ Assault Vest Ability: Intimidate Level: 50 Shiny: Yes Tera Type: Grass - Close Combat - Wave Crash - Aqua Jet - Endeavor Recoome (Tyranitar) (M) @ Weakness Policy Ability: Sand Stream Level: 50 Shiny: Yes Tera Type: Rock - Assurance - Rock Slide - Low Kick - Protect Burter (Dragonite) (M) @ Clear Amulet Ability: Multiscale Level: 50 Shiny: Yes Tera Type: Normal - Extreme Speed - Facade - Tailwind - Stomping Tantrum <\/details><\/div>\n|j| TuroVGC\n|c|\u2606N8zaGr8|glhf!\n|inactive|Battle timer is ON: inactive players will automatically lose when time's up. (requested by N8zaGr8)\n|\n|t:|1682477994\n|start\n|switch|p1a: Father Help|Ting-Lu, L50|100\/100\n|switch|p1b: Swords? IDK|Ceruledge, L50, F|100\/100\n|switch|p2a: Guldo|Iron Bundle, L50, shiny|100\/100\n|switch|p2b: Jeice|Chi-Yu, L50|100\/100\n|-ability|p2b: Jeice|Beads of Ruin\n|-ability|p1a: Father Help|Vessel of Ruin\n|-enditem|p2a: Guldo|Booster Energy\n|-activate|p2a: Guldo|ability: Quark Drive|[fromitem]\n|-start|p2a: Guldo|quarkdrivespe\n|turn|1\n|inactive|N8zaGr8 has 30 seconds left.\n|\n|t:|1682478020\n|switch|p2b: Ginyu|Tauros-Paldea-Aqua, L50, M, shiny|100\/100\n|-ability|p2b: Ginyu|Intimidate|boost\n|-unboost|p1a: Father Help|atk|1\n|-fail|p1b: Swords? IDK|unboost|[from] item: Clear Amulet|[of] p1b: Swords? IDK\n|move|p1b: Swords? IDK|Protect|p1b: Swords? IDK\n|-singleturn|p1b: Swords? IDK|Protect\n|move|p2a: Guldo|Freeze-Dry|p1a: Father Help\n|-supereffective|p1a: Father Help\n|-damage|p1a: Father Help|75\/100\n|move|p1a: Father Help|Earthquake|p2a: Guldo|[spread] p2a,p2b\n|-activate|p1b: Swords? IDK|move: Protect\n|-damage|p2a: Guldo|69\/100\n|-damage|p2b: Ginyu|75\/100\n|\n|upkeep\n|turn|2\n|inactive|N8zaGr8 has 30 seconds left.\n|inactive|Just Sherp has 30 seconds left.\n|inactive|N8zaGr8 has 20 seconds left.\n|inactive|N8zaGr8 has 15 seconds left.\n|\n|t:|1682478061\n|-terastallize|p1b: Swords? IDK|Grass\n|move|p2a: Guldo|Freeze-Dry|p1b: Swords? IDK\n|-supereffective|p1b: Swords? IDK\n|-damage|p1b: Swords? IDK|44\/100\n|move|p2b: Ginyu|Wave Crash|p1b: Swords? IDK\n|-resisted|p1b: Swords? IDK\n|-damage|p1b: Swords? IDK|10\/100\n|-damage|p2b: Ginyu|62\/100|[from] Recoil\n|move|p1b: Swords? IDK|Tera Blast|p2b: Ginyu\n|-supereffective|p2b: Ginyu\n|-damage|p2b: Ginyu|0 fnt\n|faint|p2b: Ginyu\n|move|p1a: Father Help|Rock Slide|p2a: Guldo\n|-supereffective|p2a: Guldo\n|-damage|p2a: Guldo|31\/100\n|\n|upkeep\n|\n|t:|1682478071\n|switch|p2b: Jeice|Chi-Yu, L50|100\/100\n|-ability|p2b: Jeice|Beads of Ruin\n|turn|3\n|\n|t:|1682478083\n|-terastallize|p2b: Jeice|Fire\n|move|p1b: Swords? IDK|Protect|p1b: Swords? IDK\n|-singleturn|p1b: Swords? IDK|Protect\n|move|p2a: Guldo|Icy Wind|p1a: Father Help|[spread] p1a\n|-activate|p1b: Swords? IDK|move: Protect\n|-supereffective|p1a: Father Help\n|-damage|p1a: Father Help|53\/100\n|-unboost|p1a: Father Help|spe|1\n|move|p2b: Jeice|Overheat|p1a: Father Help\n|-damage|p1a: Father Help|0 fnt\n|-unboost|p2b: Jeice|spa|2\n|faint|p1a: Father Help\n|\n|upkeep\n|\n|t:|1682478097\n|switch|p1a: Fearful Leader|Iron Bundle, L50|100\/100\n|-enditem|p1a: Fearful Leader|Booster Energy\n|-activate|p1a: Fearful Leader|ability: Quark Drive|[fromitem]\n|-start|p1a: Fearful Leader|quarkdrivespe\n|turn|4\n|\n|t:|1682478111\n|switch|p2b: Recoome|Tyranitar, L50, M, shiny|100\/100\n|-weather|Sandstorm|[from] ability: Sand Stream|[of] p2b: Recoome\n|move|p1b: Swords? IDK|Shadow Sneak|p2a: Guldo\n|-damage|p2a: Guldo|1\/100\n|move|p2a: Guldo|Icy Wind|p1a: Fearful Leader|[spread] p1b\n|-miss|p2a: Guldo|p1a: Fearful Leader\n|-supereffective|p1b: Swords? IDK\n|-damage|p1b: Swords? IDK|0 fnt\n|faint|p1b: Swords? IDK\n|move|p1a: Fearful Leader|Hydro Pump|p2b: Recoome\n|-supereffective|p2b: Recoome\n|-damage|p2b: Recoome|36\/100\n|-enditem|p2b: Recoome|Weakness Policy\n|-boost|p2b: Recoome|atk|2|[from] item: Weakness Policy\n|-boost|p2b: Recoome|spa|2|[from] item: Weakness Policy\n|\n|-weather|Sandstorm|[upkeep]\n|-damage|p2a: Guldo|0 fnt|[from] Sandstorm\n|-damage|p1a: Fearful Leader|94\/100|[from] Sandstorm\n|faint|p2a: Guldo\n|-end|p2a: Guldo|Quark Drive|[silent]\n|upkeep\n|\n|t:|1682478126\n|switch|p2a: Jeice|Chi-Yu, L50, tera:Fire|100\/100\n|switch|p1b: GO BIRD|Staraptor, L50, M|100\/100\n|-ability|p2a: Jeice|Beads of Ruin\n|turn|5\n|inactive|N8zaGr8 has 30 seconds left.\n|inactive|N8zaGr8 has 20 seconds left.\n|\n|t:|1682478164\n|move|p1a: Fearful Leader|Hydro Pump|p2b: Recoome\n|-supereffective|p2b: Recoome\n|-damage|p2b: Recoome|0 fnt\n|faint|p2b: Recoome\n|move|p1b: GO BIRD|Final Gambit|p2a: Jeice\n|-damage|p2a: Jeice|0 fnt\n|faint|p1b: GO BIRD\n|faint|p2a: Jeice\n|\n|win|N8zaGr8\n|n|\u2606N8zaGr8|n8zagr8\n|n|\u2606Just Sherp|justsherp\n|n| TuroVGC|turovgc\n","uploadtime":1682478165,"views":9,"p1id":"n8zagr8","p2id":"justsherp","formatid":"gen9vgc2023regulationc","rating":0,"private":0,"password":""}