{"id":"gen9vgc2023regulationc-1858048964","p1":"bmomb","p2":"superseriousboi","format":"[Gen 9] VGC 2023 Regulation C","log":"|j|\u2606bmomb\n|j|\u2606superseriousboi\n|t:|1683266649\n|gametype|doubles\n|player|p1|bmomb|266|1121\n|player|p2|superseriousboi|266|1144\n|teamsize|p1|6\n|teamsize|p2|6\n|gen|9\n|tier|[Gen 9] VGC 2023 Regulation C\n|rated|\n|rule|Species Clause: Limit one of each Pok\u00e9mon\n|rule|Item Clause: Limit one of each item\n|clearpoke\n|poke|p1|Talonflame, L50, M|\n|poke|p1|Iron Bundle, L50|\n|poke|p1|Chien-Pao, L50|\n|poke|p1|Iron Hands, L50|\n|poke|p1|Gholdengo, L50|\n|poke|p1|Garchomp, L50, M|\n|poke|p2|Kilowattrel, L50, F|\n|poke|p2|Murkrow, L50, F|\n|poke|p2|Scizor, L50, M|\n|poke|p2|Ting-Lu, L50|\n|poke|p2|Maushold, L50|\n|poke|p2|Annihilape, L50, M|\n|teampreview|4\n|\n|t:|1683266678\n|start\n|switch|p1a: Iron Bundle|Iron Bundle, L50|100\/100\n|switch|p1b: Chien-Pao|Chien-Pao, L50|100\/100\n|switch|p2a: Murkrow|Murkrow, L50, F|100\/100\n|switch|p2b: Scizor|Scizor, L50, M|100\/100\n|-ability|p1b: Chien-Pao|Sword of Ruin\n|-enditem|p1a: Iron Bundle|Booster Energy\n|-activate|p1a: Iron Bundle|ability: Quark Drive|[fromitem]\n|-start|p1a: Iron Bundle|quarkdrivespe\n|turn|1\n|inactive|Battle timer is ON: inactive players will automatically lose when time's up. (requested by bmomb)\n|\n|t:|1683266719\n|-terastallize|p2b: Scizor|Fire\n|move|p2a: Murkrow|Tailwind|p2a: Murkrow\n|-sidestart|p2: superseriousboi|move: Tailwind\n|move|p1a: Iron Bundle|Icy Wind|p2b: Scizor|[spread] p2a\n|-miss|p1a: Iron Bundle|p2b: Scizor\n|-supereffective|p2a: Murkrow\n|-damage|p2a: Murkrow|59\/100\n|-unboost|p2a: Murkrow|spe|1\n|move|p2b: Scizor|Close Combat|p1a: Iron Bundle\n|-supereffective|p1a: Iron Bundle\n|-damage|p1a: Iron Bundle|0 fnt\n|-unboost|p2b: Scizor|def|1\n|-unboost|p2b: Scizor|spd|1\n|faint|p1a: Iron Bundle\n|-end|p1a: Iron Bundle|Quark Drive|[silent]\n|move|p1b: Chien-Pao|Ice Spinner|p2a: Murkrow\n|-supereffective|p2a: Murkrow\n|-damage|p2a: Murkrow|0 fnt\n|faint|p2a: Murkrow\n|\n|upkeep\n|\n|t:|1683266743\n|switch|p1a: Garchomp|Garchomp, L50, M|100\/100\n|switch|p2a: Annihilape|Annihilape, L50, M|100\/100\n|turn|2\n|\n|t:|1683266760\n|move|p1b: Chien-Pao|Protect|p1b: Chien-Pao\n|-singleturn|p1b: Chien-Pao|Protect\n|move|p2a: Annihilape|Bulk Up|p2a: Annihilape\n|-boost|p2a: Annihilape|atk|1\n|-boost|p2a: Annihilape|def|1\n|move|p2b: Scizor|Close Combat|p1b: Chien-Pao\n|-activate|p1b: Chien-Pao|move: Protect\n|move|p1a: Garchomp|Earthquake|p2a: Annihilape|[spread] p2a,p2b\n|-activate|p1b: Chien-Pao|move: Protect\n|-supereffective|p2b: Scizor\n|-damage|p2a: Annihilape|74\/100\n|-damage|p2b: Scizor|0 fnt\n|faint|p2b: Scizor\n|\n|-heal|p2a: Annihilape|80\/100|[from] item: Leftovers\n|upkeep\n|\n|t:|1683266764\n|switch|p2b: Maushold|Maushold, L50|100\/100\n|turn|3\n|\n|t:|1683266780\n|move|p1b: Chien-Pao|Sucker Punch|p2a: Annihilape\n|-damage|p2a: Annihilape|58\/100\n|move|p2b: Maushold|Beat Up|p1b: Chien-Pao\n|-resisted|p1b: Chien-Pao\n|-damage|p1b: Chien-Pao|99\/100\n|-resisted|p1b: Chien-Pao\n|-damage|p1b: Chien-Pao|97\/100\n|-hitcount|p1b: Chien-Pao|2\n|move|p2a: Annihilape|Drain Punch|p1b: Chien-Pao\n|-supereffective|p1b: Chien-Pao\n|-damage|p1b: Chien-Pao|0 fnt\n|-heal|p2a: Annihilape|93\/100|[from] drain|[of] p1b: Chien-Pao\n|faint|p1b: Chien-Pao\n|move|p1a: Garchomp|Dragon Tail|p2a: Annihilape\n|-damage|p2a: Annihilape|79\/100\n|\n|-heal|p2a: Annihilape|85\/100|[from] item: Leftovers\n|upkeep\n|\n|t:|1683266795\n|switch|p1b: Iron Hands|Iron Hands, L50|100\/100\n|turn|4\n|\n|t:|1683266812\n|move|p2b: Maushold|Protect|p2b: Maushold\n|-singleturn|p2b: Maushold|Protect\n|move|p1b: Iron Hands|Fake Out|p2b: Maushold\n|-activate|p2b: Maushold|move: Protect\n|move|p2a: Annihilape|Bulk Up|p2a: Annihilape\n|-boost|p2a: Annihilape|atk|1\n|-boost|p2a: Annihilape|def|1\n|move|p1a: Garchomp|Dragon Tail|p2a: Annihilape\n|-damage|p2a: Annihilape|76\/100\n|\n|-heal|p2a: Annihilape|82\/100|[from] item: Leftovers\n|-sideend|p2: superseriousboi|move: Tailwind\n|upkeep\n|turn|5\n|\n|t:|1683266835\n|move|p2b: Maushold|Super Fang|p1a: Garchomp\n|-damage|p1a: Garchomp|51\/100\n|-damage|p2b: Maushold|88\/100|[from] ability: Rough Skin|[of] p1a: Garchomp\n|-damage|p2b: Maushold|72\/100|[from] item: Rocky Helmet|[of] p1a: Garchomp\n|move|p2a: Annihilape|Rage Fist|p1b: Iron Hands\n|-damage|p1b: Iron Hands|0 fnt\n|faint|p1b: Iron Hands\n|-end|p1b: Iron Hands|Quark Drive|[silent]\n|move|p1a: Garchomp|Dragon Tail|p2b: Maushold\n|-damage|p2b: Maushold|35\/100\n|\n|-heal|p2a: Annihilape|88\/100|[from] item: Leftovers\n|upkeep\n|turn|6\n|-message|bmomb forfeited.\n|\n|win|superseriousboi\n|raw|bmomb's rating: 1121 → 1098<\/strong> (-23 for losing)\n|raw|superseriousboi's rating: 1144 → 1167<\/strong> (+23 for winning)\n|l|\u2606bmomb\n","uploadtime":1683266851,"views":6,"p1id":"bmomb","p2id":"superseriousboi","formatid":"gen9vgc2023regulationc","rating":1098,"private":0,"password":""}