{"id":"gen9vgc2023regulationc-1859803824","p1":"racczilla","p2":"No1OhioVGC","format":"[Gen 9] VGC 2023 Regulation C","log":"|j|\u2606racczilla\n|j|\u2606No1OhioVGC\n|t:|1683565887\n|gametype|doubles\n|player|p1|racczilla|bugcatcher-gen4dp|\n|player|p2|No1OhioVGC|gambler|\n|teamsize|p1|6\n|teamsize|p2|6\n|gen|9\n|tier|[Gen 9] VGC 2023 Regulation C\n|rated|Tournament battle\n|rule|Species Clause: Limit one of each Pok\u00e9mon\n|rule|Item Clause: Limit one of each item\n|clearpoke\n|poke|p1|Talonflame, L50, M|\n|poke|p1|Tinkaton, L50, F|\n|poke|p1|Roaring Moon, L50|\n|poke|p1|Amoonguss, L50, F|\n|poke|p1|Flutter Mane, L50|\n|poke|p1|Tauros-Paldea-Aqua, L50, M|\n|poke|p2|Great Tusk, L50|\n|poke|p2|Dragonite, L50, M|\n|poke|p2|Chien-Pao, L50|\n|poke|p2|Flutter Mane, L50|\n|poke|p2|Torkoal, L50, M|\n|poke|p2|Lilligant, L50, F|\n|teampreview|4\n|raw| Open Team Sheet for racczilla<\/summary>Talonflame @ Sharp Beak Ability: Gale Wings Level: 50 Tera Type: Ghost - Brave Bird - Will-O-Wisp - Tailwind - Quick Guard Tinkaton (F) @ Sitrus Berry Ability: Mold Breaker Level: 50 Tera Type: Water - Gigaton Hammer - Fake Out - Feint - Thunder Wave Roaring Moon @ Booster Energy Ability: Protosynthesis Level: 50 Tera Type: Flying - Throat Chop - Acrobatics - Dragon Dance - Protect Amoonguss @ Rocky Helmet Ability: Regenerator Level: 50 Tera Type: Water - Clear Smog - Pollen Puff - Spore - Rage Powder Flutter Mane @ Life Orb Ability: Protosynthesis Level: 50 Tera Type: Fairy - Shadow Ball - Moonblast - Dazzling Gleam - Protect Tauros (Tauros-Paldea-Aqua) (M) @ Assault Vest Ability: Intimidate Level: 50 Tera Type: Fire - Close Combat - Wave Crash - Raging Bull - Aqua Jet <\/details><\/div> Open Team Sheet for No1OhioVGC<\/summary>Great Tusk @ Choice Scarf Ability: Protosynthesis Level: 50 Hidden Power: Fighting Tera Type: Fire - Headlong Rush - Close Combat - Earthquake - Rock Slide Dragonite @ Lum Berry Ability: Multiscale Level: 50 Tera Type: Flying - Tera Blast - Extreme Speed - Stomping Tantrum - Tailwind Chien-Pao @ Life Orb Ability: Sword of Ruin Level: 50 Tera Type: Ghost - Ice Spinner - Sucker Punch - Sacred Sword - Protect Flutter Mane @ Choice Specs Ability: Protosynthesis Level: 50 Tera Type: Fairy - Moonblast - Dazzling Gleam - Shadow Ball - Psyshock Torkoal @ Charcoal Ability: Drought Level: 50 Tera Type: Flying - Eruption - Flamethrower - Yawn - Helping Hand Lilligant (F) @ Focus Sash Ability: Chlorophyll Level: 50 Tera Type: Ghost - Leaf Storm - Sleep Powder - After You - Protect <\/details><\/div>\n|inactive|Battle timer is ON: inactive players will automatically lose when time's up. (requested by No1OhioVGC)\n|j| LoafOfGodlyBread\n|inactive|racczilla has 60 seconds left.\n|j| salamiReal\n|\n|t:|1683565946\n|start\n|switch|p1a: Talonflame|Talonflame, L50, M|100\/100\n|switch|p1b: Tinkaton|Tinkaton, L50, F|100\/100\n|switch|p2a: Dragonite|Dragonite, L50, M|100\/100\n|switch|p2b: Torkoal|Torkoal, L50, M|100\/100\n|-ability|p1b: Tinkaton|Mold Breaker\n|-weather|SunnyDay|[from] ability: Drought|[of] p2b: Torkoal\n|turn|1\n|inactive|racczilla has 30 seconds left.\n|inactive|racczilla has 20 seconds left.\n|\n|t:|1683565985\n|move|p1b: Tinkaton|Fake Out|p2a: Dragonite\n|-damage|p2a: Dragonite|91\/100\n|move|p1a: Talonflame|Tailwind|p1a: Talonflame\n|-sidestart|p1: racczilla|move: Tailwind\n|cant|p2a: Dragonite|flinch\n|move|p2b: Torkoal|Eruption|p1b: Tinkaton|[spread] p1a,p1b\n|-resisted|p1a: Talonflame\n|-supereffective|p1b: Tinkaton\n|-damage|p1a: Talonflame|44\/100\n|-damage|p1b: Tinkaton|0 fnt\n|faint|p1b: Tinkaton\n|\n|-weather|SunnyDay|[upkeep]\n|upkeep\n|\n|t:|1683565994\n|switch|p1b: Flutter Mane|Flutter Mane, L50|100\/100\n|-activate|p1b: Flutter Mane|ability: Protosynthesis\n|-start|p1b: Flutter Mane|protosynthesisspa\n|turn|2\n|\n|t:|1683566007\n|-terastallize|p1b: Flutter Mane|Fairy\n|-terastallize|p2a: Dragonite|Flying\n|move|p1a: Talonflame|Brave Bird|p2b: Torkoal\n|-damage|p2b: Torkoal|61\/100\n|-damage|p1a: Talonflame|31\/100|[from] Recoil\n|move|p1b: Flutter Mane|Moonblast|p2a: Dragonite\n|-damage|p2a: Dragonite|0 fnt\n|faint|p2a: Dragonite\n|-damage|p1b: Flutter Mane|91\/100|[from] item: Life Orb\n|move|p2b: Torkoal|Flamethrower|p1b: Flutter Mane\n|-damage|p1b: Flutter Mane|25\/100\n|\n|-weather|SunnyDay|[upkeep]\n|upkeep\n|l| LoafOfGodlyBread\n|\n|t:|1683566016\n|switch|p2a: Chien-Pao|Chien-Pao, L50|100\/100\n|-ability|p2a: Chien-Pao|Sword of Ruin\n|turn|3\n|\n|t:|1683566032\n|-end|p1b: Flutter Mane|Protosynthesis|[silent]\n|switch|p1b: Tauros|Tauros-Paldea-Aqua, L50, M|100\/100\n|-ability|p1b: Tauros|Intimidate|boost\n|-unboost|p2a: Chien-Pao|atk|1\n|-unboost|p2b: Torkoal|atk|1\n|move|p2a: Chien-Pao|Protect|p2a: Chien-Pao\n|-singleturn|p2a: Chien-Pao|Protect\n|move|p1a: Talonflame|Will-O-Wisp|p2a: Chien-Pao\n|-activate|p2a: Chien-Pao|move: Protect\n|move|p2b: Torkoal|Flamethrower|p1a: Talonflame\n|-resisted|p1a: Talonflame\n|-crit|p1a: Talonflame\n|-damage|p1a: Talonflame|0 fnt\n|faint|p1a: Talonflame\n|\n|-weather|SunnyDay|[upkeep]\n|upkeep\n|\n|t:|1683566038\n|switch|p1a: Flutter Mane|Flutter Mane, L50, tera:Fairy|25\/100\n|-activate|p1a: Flutter Mane|ability: Protosynthesis\n|-start|p1a: Flutter Mane|protosynthesisspa\n|turn|4\n|\n|t:|1683566059\n|switch|p2a: Great Tusk|Great Tusk, L50|100\/100\n|-activate|p2a: Great Tusk|ability: Protosynthesis\n|-start|p2a: Great Tusk|protosynthesisatk\n|move|p1a: Flutter Mane|Protect|p1a: Flutter Mane\n|-singleturn|p1a: Flutter Mane|Protect\n|move|p1b: Tauros|Close Combat|p2a: Great Tusk\n|-damage|p2a: Great Tusk|57\/100\n|-unboost|p1b: Tauros|def|1\n|-unboost|p1b: Tauros|spd|1\n|move|p2b: Torkoal|Yawn|p1b: Tauros\n|-start|p1b: Tauros|move: Yawn|[of] p2b: Torkoal\n|\n|-weather|SunnyDay|[upkeep]\n|-sideend|p1: racczilla|move: Tailwind\n|upkeep\n|turn|5\n|inactive|racczilla has 30 seconds left.\n|j| LoafOfGodlyBread\n|\n|t:|1683566094\n|move|p2a: Great Tusk|Headlong Rush|p1a: Flutter Mane\n|-damage|p1a: Flutter Mane|0 fnt\n|-unboost|p2a: Great Tusk|def|1\n|-unboost|p2a: Great Tusk|spd|1\n|faint|p1a: Flutter Mane\n|-end|p1a: Flutter Mane|Protosynthesis|[silent]\n|move|p1b: Tauros|Wave Crash|p2a: Great Tusk\n|-supereffective|p2a: Great Tusk\n|-damage|p2a: Great Tusk|0 fnt\n|faint|p2a: Great Tusk\n|-end|p2a: Great Tusk|Protosynthesis|[silent]\n|-damage|p1b: Tauros|77\/100|[from] Recoil\n|move|p2b: Torkoal|Flamethrower|p1b: Tauros\n|-resisted|p1b: Tauros\n|-damage|p1b: Tauros|20\/100\n|\n|-weather|none\n|-end|p1b: Tauros|move: Yawn|[silent]\n|-status|p1b: Tauros|slp\n|upkeep\n|c|\u2606racczilla|gg\n|\n|t:|1683566109\n|switch|p2a: Chien-Pao|Chien-Pao, L50|100\/100\n|-ability|p2a: Chien-Pao|Sword of Ruin\n|turn|6\n|c|\u2606No1OhioVGC|gg\n|\n|t:|1683566120\n|move|p2a: Chien-Pao|Ice Spinner|p1b: Tauros\n|-resisted|p1b: Tauros\n|-damage|p1b: Tauros|0 fnt\n|faint|p1b: Tauros\n|-damage|p2a: Chien-Pao|91\/100|[from] item: Life Orb\n|\n|win|No1OhioVGC\n|n|\u2606racczilla|racczilla\n|n|\u2606No1OhioVGC|no1ohiovgc\n|n| salamiReal|salamireal\n|n| LoafOfGodlyBread|loafofgodlybread\n|l|\u2606No1OhioVGC\n|l| salamiReal\n|l| LoafOfGodlyBread\n","uploadtime":1683567140,"views":9,"p1id":"racczilla","p2id":"no1ohiovgc","formatid":"gen9vgc2023regulationc","rating":0,"private":0,"password":""}