{"id":"gen9vgc2023regulationc-1855807665","p1":"Bdogplatinum","p2":"Kojiiii","format":"[Gen 9] VGC 2023 Regulation C","log":"|j|\u2606Bdogplatinum\n|j|\u2606Kojiiii\n|t:|1682986530\n|gametype|doubles\n|player|p1|Bdogplatinum|cress|1516\n|player|p2|Kojiiii|101|1449\n|teamsize|p1|6\n|teamsize|p2|6\n|gen|9\n|tier|[Gen 9] VGC 2023 Regulation C\n|rated|\n|rule|Species Clause: Limit one of each Pok\u00e9mon\n|rule|Item Clause: Limit one of each item\n|clearpoke\n|poke|p1|Chi-Yu, L50|\n|poke|p1|Indeedee-F, L50, F|\n|poke|p1|Hawlucha, L50, M|\n|poke|p1|Flutter Mane, L50|\n|poke|p1|Kingambit, L50, M|\n|poke|p1|Amoonguss, L50, M|\n|poke|p2|Hatterene, L50, F|\n|poke|p2|Indeedee-F, L50, F|\n|poke|p2|Torkoal, L50, F|\n|poke|p2|Lilligant, L50, F|\n|poke|p2|Kingambit, L50, F|\n|poke|p2|Armarouge, L50, M|\n|teampreview|4\n|\n|t:|1682986591\n|start\n|switch|p1a: Chi-Yu|Chi-Yu, L50|100\/100\n|switch|p1b: Glue|Indeedee-F, L50, F|100\/100\n|switch|p2a: Armarouge|Armarouge, L50, M|100\/100\n|switch|p2b: Indeedee|Indeedee-F, L50, F|100\/100\n|-ability|p1a: Chi-Yu|Beads of Ruin\n|-fieldstart|move: Psychic Terrain|[from] ability: Psychic Surge|[of] p1b: Glue\n|-enditem|p2b: Indeedee|Psychic Seed\n|-boost|p2b: Indeedee|spd|1|[from] item: Psychic Seed\n|turn|1\n|\n|t:|1682986635\n|move|p2b: Indeedee|Follow Me|p2b: Indeedee\n|-singleturn|p2b: Indeedee|move: Follow Me\n|move|p1a: Chi-Yu|Nasty Plot|p1a: Chi-Yu\n|-boost|p1a: Chi-Yu|spa|2\n|move|p1b: Glue|Dazzling Gleam|p2b: Indeedee|[spread] p2a,p2b\n|-resisted|p2a: Armarouge\n|-damage|p2a: Armarouge|90\/100\n|-damage|p2b: Indeedee|89\/100\n|move|p2a: Armarouge|Trick Room|p2a: Armarouge\n|-fieldstart|move: Trick Room|[of] p2a: Armarouge\n|\n|upkeep\n|turn|2\n|\n|t:|1682986669\n|switch|p2b: Torkoal|Torkoal, L50, F|100\/100\n|-weather|SunnyDay|[from] ability: Drought|[of] p2b: Torkoal\n|switch|p1b: CVS|Kingambit, L50, M|100\/100\n|move|p1a: Chi-Yu|Protect|p1a: Chi-Yu\n|-singleturn|p1a: Chi-Yu|Protect\n|move|p2a: Armarouge|Armor Cannon|p1b: CVS\n|-supereffective|p1b: CVS\n|-damage|p1b: CVS|0 fnt\n|-unboost|p2a: Armarouge|def|1\n|-unboost|p2a: Armarouge|spd|1\n|faint|p1b: CVS\n|\n|-weather|SunnyDay|[upkeep]\n|upkeep\n|\n|t:|1682986674\n|switch|p1b: Amoonguss|Amoonguss, L50, M|100\/100\n|turn|3\n|inactive|Battle timer is ON: inactive players will automatically lose when time's up. (requested by Bdogplatinum)\n|\n|t:|1682986702\n|-terastallize|p1b: Amoonguss|Water\n|-terastallize|p2a: Armarouge|Grass\n|move|p2b: Torkoal|Eruption|p1b: Amoonguss|[spread] p1a,p1b\n|-resisted|p1a: Chi-Yu\n|-resisted|p1b: Amoonguss\n|-crit|p1b: Amoonguss\n|-damage|p1a: Chi-Yu|59\/100\n|-damage|p1b: Amoonguss|28\/100\n|move|p1b: Amoonguss|Spore|p2a: Armarouge\n|-immune|p2a: Armarouge\n|move|p2a: Armarouge|Heat Wave|p1a: Chi-Yu|[spread] p1b\n|-miss|p2a: Armarouge|p1a: Chi-Yu\n|-resisted|p1b: Amoonguss\n|-damage|p1b: Amoonguss|0 fnt\n|faint|p1b: Amoonguss\n|move|p1a: Chi-Yu|Dark Pulse|p2b: Torkoal\n|-damage|p2b: Torkoal|0 fnt\n|faint|p2b: Torkoal\n|\n|-weather|SunnyDay|[upkeep]\n|upkeep\n|\n|t:|1682986724\n|switch|p2b: Kingambit|Kingambit, L50, F|100\/100\n|switch|p1b: Glue|Indeedee-F, L50, F|100\/100\n|turn|4\n|\n|t:|1682986739\n|move|p1b: Glue|Follow Me|p1b: Glue\n|-singleturn|p1b: Glue|move: Follow Me\n|move|p2b: Kingambit|Swords Dance|p2b: Kingambit\n|-boost|p2b: Kingambit|atk|2\n|move|p2a: Armarouge|Armor Cannon|p1b: Glue\n|-damage|p1b: Glue|0 fnt\n|-unboost|p2a: Armarouge|def|1\n|-unboost|p2a: Armarouge|spd|1\n|faint|p1b: Glue\n|move|p1a: Chi-Yu|Heat Wave|p2a: Armarouge|[spread] p2b\n|-start|p2a: Armarouge|ability: Flash Fire\n|-supereffective|p2b: Kingambit\n|-damage|p2b: Kingambit|0 fnt\n|faint|p2b: Kingambit\n|\n|-weather|SunnyDay|[upkeep]\n|upkeep\n|\n|t:|1682986756\n|switch|p2b: Indeedee|Indeedee-F, L50, F|89\/100\n|turn|5\n|\n|t:|1682986760\n|move|p1a: Chi-Yu|Protect|p1a: Chi-Yu\n|-singleturn|p1a: Chi-Yu|Protect\n|move|p2a: Armarouge|Trick Room|p2a: Armarouge\n|-fieldend|move: Trick Room\n|move|p2b: Indeedee|Trick Room|p2b: Indeedee\n|-fieldstart|move: Trick Room|[of] p2b: Indeedee\n|\n|-weather|SunnyDay|[upkeep]\n|-fieldend|move: Psychic Terrain\n|upkeep\n|turn|6\n|\n|t:|1682986770\n|move|p2b: Indeedee|Helping Hand|p2a: Armarouge\n|-singleturn|p2a: Armarouge|Helping Hand|[of] p2b: Indeedee\n|move|p2a: Armarouge|Armor Cannon|p1a: Chi-Yu\n|-resisted|p1a: Chi-Yu\n|-damage|p1a: Chi-Yu|0 fnt\n|-unboost|p2a: Armarouge|def|1\n|-unboost|p2a: Armarouge|spd|1\n|faint|p1a: Chi-Yu\n|\n|win|Kojiiii\n|raw|Bdogplatinum's rating: 1516 → 1492<\/strong> (-24 for losing)\n|raw|Kojiiii's rating: 1449 → 1473<\/strong> (+24 for winning)\n|l|\u2606Bdogplatinum\n","uploadtime":1682986781,"views":17,"p1id":"bdogplatinum","p2id":"kojiiii","formatid":"gen9vgc2023regulationc","rating":1473,"private":0,"password":""}