{"id":"gen9vgc2023regulationc-1852621945","p1":"Prompto88","p2":"CarlettoJack","format":"[Gen 9] VGC 2023 Regulation C","log":"|j|\u2606Prompto88\n|j|\u2606CarlettoJack\n|t:|1682586734\n|gametype|doubles\n|player|p1|Prompto88|169|\n|player|p2|CarlettoJack|roughneck-gen4|\n|teamsize|p1|6\n|teamsize|p2|6\n|gen|9\n|tier|[Gen 9] VGC 2023 Regulation C\n|rule|Species Clause: Limit one of each Pok\u00e9mon\n|rule|Item Clause: Limit one of each item\n|clearpoke\n|poke|p1|Gyarados, L50, F|\n|poke|p1|Arcanine, L50, M|\n|poke|p1|Garganacl, L50, F|\n|poke|p1|Ting-Lu, L50|\n|poke|p1|Wo-Chien, L50|\n|poke|p1|Orthworm, L50, M|\n|poke|p2|Tyranitar, L50, F|\n|poke|p2|Lycanroc, L50, F|\n|poke|p2|Orthworm, L50, F|\n|poke|p2|Dragonite, L50, M|\n|poke|p2|Ting-Lu, L50|\n|poke|p2|Amoonguss, L50, F|\n|teampreview|4\n|inactive|Battle timer is ON: inactive players will automatically lose when time's up. (requested by Prompto88)\n|\n|t:|1682586745\n|start\n|switch|p1a: Garganacl|Garganacl, L50, F|100\/100\n|switch|p1b: Arcanine|Arcanine, L50, M|100\/100\n|switch|p2a: Ting-Lu|Ting-Lu, L50|100\/100\n|switch|p2b: Orthworm|Orthworm, L50, F|100\/100\n|-ability|p1b: Arcanine|Intimidate|boost\n|-unboost|p2a: Ting-Lu|atk|1\n|-unboost|p2b: Orthworm|atk|1\n|-ability|p2a: Ting-Lu|Vessel of Ruin\n|turn|1\n|\n|t:|1682586767\n|switch|p2a: Amoonguss|Amoonguss, L50, F, shiny|100\/100\n|move|p1a: Garganacl|Wide Guard|p1a: Garganacl\n|-singleturn|p1a: Garganacl|Wide Guard\n|move|p1b: Arcanine|Will-O-Wisp|p2a: Amoonguss|[miss]\n|-miss|p1b: Arcanine|p2a: Amoonguss\n|move|p2b: Orthworm|Body Press|p1a: Garganacl\n|-supereffective|p1a: Garganacl\n|-damage|p1a: Garganacl|60\/100\n|\n|-heal|p1a: Garganacl|66\/100|[from] item: Leftovers\n|upkeep\n|turn|2\n|\n|t:|1682586792\n|-terastallize|p2b: Orthworm|Fire\n|move|p1a: Garganacl|Protect|p1a: Garganacl\n|-singleturn|p1a: Garganacl|Protect\n|move|p1b: Arcanine|Will-O-Wisp|p2b: Orthworm\n|-immune|p2b: Orthworm\n|move|p2b: Orthworm|Iron Defense|p2b: Orthworm\n|-boost|p2b: Orthworm|def|2\n|move|p2a: Amoonguss|Spore|p1b: Arcanine\n|-activate|p1b: Arcanine|item: Safety Goggles|Spore\n|\n|-heal|p1a: Garganacl|72\/100|[from] item: Leftovers\n|upkeep\n|turn|3\n|\n|t:|1682586807\n|switch|p1b: Wo-Chien|Wo-Chien, L50|100\/100\n|-ability|p1b: Wo-Chien|Tablets of Ruin\n|switch|p1a: Gyarados|Gyarados, L50, F|100\/100\n|-ability|p1a: Gyarados|Intimidate|boost\n|-unboost|p2a: Amoonguss|atk|1\n|-unboost|p2b: Orthworm|atk|1\n|move|p2b: Orthworm|Body Press|p1a: Gyarados\n|-resisted|p1a: Gyarados\n|-damage|p1a: Gyarados|79\/100\n|move|p2a: Amoonguss|Pollen Puff|p2b: Orthworm\n|-immune|p2b: Orthworm\n|\n|upkeep\n|turn|4\n|\n|t:|1682586826\n|-terastallize|p1b: Wo-Chien|Poison\n|move|p1a: Gyarados|Taunt|p2b: Orthworm\n|-start|p2b: Orthworm|move: Taunt\n|move|p1b: Wo-Chien|Leech Seed|p2b: Orthworm\n|-start|p2b: Orthworm|move: Leech Seed\n|cant|p2b: Orthworm|move: Taunt|Iron Defense\n|move|p2a: Amoonguss|Pollen Puff|p1b: Wo-Chien\n|-resisted|p1b: Wo-Chien\n|-damage|p1b: Wo-Chien|95\/100\n|\n|-damage|p2b: Orthworm|88\/100|[from] Leech Seed|[of] p1b: Wo-Chien\n|-heal|p1b: Wo-Chien|100\/100|[silent]\n|upkeep\n|turn|5\n|-message|CarlettoJack forfeited.\n|\n|win|Prompto88\n|l|\u2606CarlettoJack\n|c|\u2606Prompto88|why?\n","uploadtime":1682586847,"views":12,"p1id":"prompto88","p2id":"carlettojack","formatid":"gen9vgc2023regulationc","rating":0,"private":0,"password":""}