{"id":"gen9vgc2023regulationc-1851169313","p1":"ZerimarEsoj","p2":"gorilnx","format":"[Gen 9] VGC 2023 Regulation C","log":"|j|\u2606ZerimarEsoj\n|j|\u2606gorilnx\n|t:|1682420210\n|gametype|doubles\n|player|p1|ZerimarEsoj|101|1201\n|player|p2|gorilnx|dawn-gen4pt|1180\n|teamsize|p1|6\n|teamsize|p2|6\n|gen|9\n|tier|[Gen 9] VGC 2023 Regulation C\n|rated|\n|rule|Species Clause: Limit one of each Pok\u00e9mon\n|rule|Item Clause: Limit one of each item\n|clearpoke\n|poke|p1|Oricorio-Pom-Pom, L50, M|\n|poke|p1|Volcarona, L50, M|\n|poke|p1|Pelipper, L50, F|\n|poke|p1|Barraskewda, L50, F|\n|poke|p1|Amoonguss, L50, M|\n|poke|p1|Meowscarada, L50, F|\n|poke|p2|Abomasnow, L50, F|\n|poke|p2|Iron Bundle, L50|\n|poke|p2|Vivillon-Fancy, L50, F|\n|poke|p2|Ting-Lu, L50|\n|poke|p2|Annihilape, L50, F|\n|poke|p2|Chien-Pao, L50|\n|teampreview|4\n|inactive|Battle timer is ON: inactive players will automatically lose when time's up. (requested by ZerimarEsoj)\n|inactive|gorilnx also wants the timer to be on.\nZerimarEsoj rejected open team sheets.\n|inactive|ZerimarEsoj has 60 seconds left.\n|\n|t:|1682420249\n|start\n|switch|p1a: Oricorio|Oricorio-Pom-Pom, L50, M|100\/100\n|switch|p1b: Volcarona|Volcarona, L50, M|100\/100\n|switch|p2a: Vivillon|Vivillon-Fancy, L50, F|100\/100\n|switch|p2b: Ting-Lu|Ting-Lu, L50|100\/100\n|-ability|p2b: Ting-Lu|Vessel of Ruin\n|turn|1\n|\n|t:|1682420270\n|move|p2a: Vivillon|Safeguard|p2a: Vivillon\n|-sidestart|p2: gorilnx|Safeguard\n|move|p1a: Oricorio|Icy Wind|p2b: Ting-Lu|[spread] p2a,p2b\n|-supereffective|p2a: Vivillon\n|-crit|p2a: Vivillon\n|-supereffective|p2b: Ting-Lu\n|-damage|p2a: Vivillon|40\/100\n|-damage|p2b: Ting-Lu|87\/100\n|-unboost|p2a: Vivillon|spe|1\n|-unboost|p2b: Ting-Lu|spe|1\n|move|p1b: Volcarona|Quiver Dance|p1b: Volcarona\n|-boost|p1b: Volcarona|spa|1\n|-boost|p1b: Volcarona|spd|1\n|-boost|p1b: Volcarona|spe|1\n|-activate|p1a: Oricorio|ability: Dancer\n|move|p1a: Oricorio|Quiver Dance|p1a: Oricorio|[from]ability: Dancer\n|-boost|p1a: Oricorio|spa|1\n|-boost|p1a: Oricorio|spd|1\n|-boost|p1a: Oricorio|spe|1\n|move|p2b: Ting-Lu|Rock Slide|p1b: Volcarona|[spread] p1a,p1b\n|-supereffective|p1a: Oricorio\n|-supereffective|p1b: Volcarona\n|-damage|p1a: Oricorio|2\/100\n|-damage|p1b: Volcarona|0 fnt\n|faint|p1b: Volcarona\n|\n|upkeep\n|\n|t:|1682420283\n|switch|p1b: Meowscarada|Meowscarada, L50, F|100\/100\n|turn|2\n|\n|t:|1682420300\n|-terastallize|p1b: Meowscarada|Grass\n|move|p2a: Vivillon|Rage Powder|p2a: Vivillon\n|-singleturn|p2a: Vivillon|move: Rage Powder\n|move|p1a: Oricorio|Icy Wind|p2b: Ting-Lu|[spread] p2a,p2b\n|-supereffective|p2a: Vivillon\n|-supereffective|p2b: Ting-Lu\n|-damage|p2a: Vivillon|0 fnt\n|-damage|p2b: Ting-Lu|68\/100\n|-unboost|p2b: Ting-Lu|spe|1\n|faint|p2a: Vivillon\n|move|p1b: Meowscarada|Flower Trick|p2b: Ting-Lu\n|-supereffective|p2b: Ting-Lu\n|-crit|p2b: Ting-Lu\n|-damage|p2b: Ting-Lu|0 fnt\n|faint|p2b: Ting-Lu\n|\n|upkeep\n|\n|t:|1682420307\n|switch|p2a: Abomasnow|Abomasnow, L50, F|100\/100\n|switch|p2b: Iron Bundle|Iron Bundle, L50|100\/100\n|-weather|Snow|[from] ability: Snow Warning|[of] p2a: Abomasnow\n|-enditem|p2b: Iron Bundle|Booster Energy\n|-activate|p2b: Iron Bundle|ability: Quark Drive|[fromitem]\n|-start|p2b: Iron Bundle|quarkdrivespe\n|turn|3\n|inactive|gorilnx has 30 seconds left.\n|inactive|gorilnx has 20 seconds left.\n|inactive|gorilnx has 15 seconds left.\n|\n|t:|1682420350\n|move|p2a: Abomasnow|Ice Shard|p1a: Oricorio\n|-supereffective|p1a: Oricorio\n|-damage|p1a: Oricorio|0 fnt\n|faint|p1a: Oricorio\n|-damage|p2a: Abomasnow|91\/100|[from] item: Life Orb\n|move|p2b: Iron Bundle|Aurora Veil|p2b: Iron Bundle\n|-sidestart|p2: gorilnx|move: Aurora Veil\n|move|p1b: Meowscarada|Flower Trick|p2b: Iron Bundle\n|-supereffective|p2b: Iron Bundle\n|-crit|p2b: Iron Bundle\n|-damage|p2b: Iron Bundle|0 fnt\n|faint|p2b: Iron Bundle\n|-end|p2b: Iron Bundle|Quark Drive|[silent]\n|\n|-weather|Snow|[upkeep]\n|upkeep\n|\n|t:|1682420362\n|switch|p1a: Amoonguss|Amoonguss, L50, M|100\/100\n|turn|4\n|\n|t:|1682420375\n|move|p1b: Meowscarada|Flower Trick|p2a: Abomasnow\n|-resisted|p2a: Abomasnow\n|-crit|p2a: Abomasnow\n|-damage|p2a: Abomasnow|55\/100\n|move|p2a: Abomasnow|Blizzard|p1b: Meowscarada|[spread] p1a,p1b\n|-supereffective|p1a: Amoonguss\n|-supereffective|p1b: Meowscarada\n|-damage|p1a: Amoonguss|28\/100\n|-damage|p1b: Meowscarada|0 fnt\n|-status|p1a: Amoonguss|frz\n|-enditem|p1a: Amoonguss|Sitrus Berry|[eat]\n|-heal|p1a: Amoonguss|53\/100 frz|[from] item: Sitrus Berry\n|faint|p1b: Meowscarada\n|-damage|p2a: Abomasnow|45\/100|[from] item: Life Orb\n|cant|p1a: Amoonguss|frz\n|\n|-weather|Snow|[upkeep]\n|upkeep\n|turn|5\n|\n|t:|1682420385\n|move|p2a: Abomasnow|Blizzard|p1a: Amoonguss\n|-supereffective|p1a: Amoonguss\n|-damage|p1a: Amoonguss|0 fnt\n|faint|p1a: Amoonguss\n|-damage|p2a: Abomasnow|36\/100|[from] item: Life Orb\n|\n|win|gorilnx\n|raw|ZerimarEsoj's rating: 1201 → 1174<\/strong> (-27 for losing)\n|raw|gorilnx's rating: 1180 → 1207<\/strong> (+27 for winning)\n|l|\u2606ZerimarEsoj\n","uploadtime":1682420393,"views":8,"p1id":"zerimaresoj","p2id":"gorilnx","formatid":"gen9vgc2023regulationc","rating":1174,"private":0,"password":""}