{"id":"gen9vgc2023regulationc-1845952307","p1":"mad skwovet","p2":"echidna909","format":"[Gen 9] VGC 2023 Regulation C","log":"|j|\u2606mad skwovet\n|j|\u2606echidna909\n|t:|1681783146\n|gametype|doubles\n|player|p1|mad skwovet|pokemaniac|1335\n|player|p2|echidna909|madame|1292\n|teamsize|p1|6\n|teamsize|p2|6\n|gen|9\n|tier|[Gen 9] VGC 2023 Regulation C\n|rated|\n|rule|Species Clause: Limit one of each Pok\u00e9mon\n|rule|Item Clause: Limit one of each item\n|clearpoke\n|poke|p1|Scream Tail, L50|\n|poke|p1|Gothitelle, L50, M|\n|poke|p1|Gyarados, L50, M|\n|poke|p1|Ting-Lu, L50|\n|poke|p1|Amoonguss, L50, F|\n|poke|p1|Iron Hands, L50|\n|poke|p2|Indeedee-F, L50, F|\n|poke|p2|Torkoal, L50, M|\n|poke|p2|Tyranitar, L50, F|\n|poke|p2|Iron Hands, L50|\n|poke|p2|Hatterene, L50, F|\n|poke|p2|Chi-Yu, L50|\n|teampreview|4\n|\n|t:|1681783175\n|start\n|switch|p1a: Gothitelle|Gothitelle, L50, M|100\/100\n|switch|p1b: Scream Tail|Scream Tail, L50|100\/100\n|switch|p2a: Indeedee|Indeedee-F, L50, F|100\/100\n|switch|p2b: Hatterene|Hatterene, L50, F|100\/100\n|-fieldstart|move: Psychic Terrain|[from] ability: Psychic Surge|[of] p2a: Indeedee\n|-enditem|p1b: Scream Tail|Booster Energy\n|-activate|p1b: Scream Tail|ability: Protosynthesis|[fromitem]\n|-start|p1b: Scream Tail|protosynthesisspe\n|turn|1\n|\n|t:|1681783211\n|move|p1b: Scream Tail|Perish Song|p1b: Scream Tail\n|-start|p1a: Gothitelle|perish3|[silent]\n|-start|p1b: Scream Tail|perish3|[silent]\n|-start|p2a: Indeedee|perish3|[silent]\n|-start|p2b: Hatterene|perish3|[silent]\n|-fieldactivate|move: Perish Song\n|move|p1a: Gothitelle|Psychic|p2b: Hatterene\n|-resisted|p2b: Hatterene\n|-damage|p2b: Hatterene|79\/100\n|move|p2b: Hatterene|Dazzling Gleam|p1a: Gothitelle|[spread] p1a,p1b\n|-damage|p1a: Gothitelle|62\/100\n|-damage|p1b: Scream Tail|70\/100\n|-damage|p2b: Hatterene|69\/100|[from] item: Life Orb\n|move|p2a: Indeedee|Trick Room|p2a: Indeedee\n|-fieldstart|move: Trick Room|[of] p2a: Indeedee\n|\n|-start|p2b: Hatterene|perish3\n|-start|p2a: Indeedee|perish3\n|-start|p1a: Gothitelle|perish3\n|-start|p1b: Scream Tail|perish3\n|upkeep\n|turn|2\n|\n|t:|1681783241\n|-end|p1b: Scream Tail|Protosynthesis|[silent]\n|switch|p1b: Ting-Lu|Ting-Lu, L50|100\/100\n|-ability|p1b: Ting-Lu|Vessel of Ruin\n|move|p2b: Hatterene|Dazzling Gleam|p1b: Ting-Lu|[spread] p1a,p1b\n|-supereffective|p1b: Ting-Lu\n|-damage|p1a: Gothitelle|33\/100\n|-damage|p1b: Ting-Lu|52\/100\n|-enditem|p1a: Gothitelle|Sitrus Berry|[eat]\n|-heal|p1a: Gothitelle|58\/100|[from] item: Sitrus Berry\n|-damage|p2b: Hatterene|59\/100|[from] item: Life Orb\n|move|p2a: Indeedee|Dazzling Gleam|p1a: Gothitelle|[spread] p1a,p1b\n|-supereffective|p1b: Ting-Lu\n|-damage|p1a: Gothitelle|49\/100\n|-damage|p1b: Ting-Lu|38\/100\n|move|p1a: Gothitelle|Heal Pulse|p1b: Ting-Lu\n|-heal|p1b: Ting-Lu|88\/100\n|\n|-heal|p1b: Ting-Lu|94\/100|[from] item: Leftovers\n|-start|p2b: Hatterene|perish2\n|-start|p2a: Indeedee|perish2\n|-start|p1a: Gothitelle|perish2\n|upkeep\n|turn|3\n|\n|t:|1681783265\n|move|p2a: Indeedee|Helping Hand|p2b: Hatterene\n|-singleturn|p2b: Hatterene|Helping Hand|[of] p2a: Indeedee\n|move|p1b: Ting-Lu|Protect|p1b: Ting-Lu\n|-singleturn|p1b: Ting-Lu|Protect\n|move|p1a: Gothitelle|Protect|p1a: Gothitelle\n|-singleturn|p1a: Gothitelle|Protect\n|move|p2b: Hatterene|Dazzling Gleam|p1a: Gothitelle|[spread] \n|-activate|p1a: Gothitelle|move: Protect\n|-activate|p1b: Ting-Lu|move: Protect\n|\n|-heal|p1b: Ting-Lu|99\/100|[from] item: Leftovers\n|-start|p2b: Hatterene|perish1\n|-start|p2a: Indeedee|perish1\n|-start|p1a: Gothitelle|perish1\n|upkeep\n|turn|4\n|\n|t:|1681783319\n|switch|p1a: Scream Tail|Scream Tail, L50|70\/100\n|-terastallize|p2b: Hatterene|Fairy\n|move|p2a: Indeedee|Helping Hand|p2b: Hatterene\n|-singleturn|p2b: Hatterene|Helping Hand|[of] p2a: Indeedee\n|move|p2b: Hatterene|Dazzling Gleam|p1a: Scream Tail|[spread] p1a,p1b\n|-supereffective|p1b: Ting-Lu\n|-damage|p1a: Scream Tail|24\/100\n|-damage|p1b: Ting-Lu|3\/100\n|-damage|p2b: Hatterene|49\/100|[from] item: Life Orb\n|move|p1b: Ting-Lu|Throat Chop|p2a: Indeedee\n|-supereffective|p2a: Indeedee\n|-damage|p2a: Indeedee|35\/100\n|-start|p2a: Indeedee|Throat Chop|[silent]\n|\n|-heal|p1b: Ting-Lu|9\/100|[from] item: Leftovers\n|-start|p2b: Hatterene|perish0\n|-start|p2a: Indeedee|perish0\n|faint|p2b: Hatterene\n|faint|p2a: Indeedee\n|upkeep\n|\n|t:|1681783334\n|switch|p2b: Tyranitar|Tyranitar, L50, F|100\/100\n|switch|p2a: Iron Hands|Iron Hands, L50|100\/100\n|-weather|Sandstorm|[from] ability: Sand Stream|[of] p2b: Tyranitar\n|-enditem|p2b: Tyranitar|Psychic Seed\n|-boost|p2b: Tyranitar|spd|1|[from] item: Psychic Seed\n|-enditem|p2a: Iron Hands|Booster Energy\n|-activate|p2a: Iron Hands|ability: Quark Drive|[fromitem]\n|-start|p2a: Iron Hands|quarkdriveatk\n|turn|5\n|\n|t:|1681783368\n|move|p1a: Scream Tail|Protect|p1a: Scream Tail\n|-singleturn|p1a: Scream Tail|Protect\n|move|p2a: Iron Hands|Swords Dance|p2a: Iron Hands\n|-boost|p2a: Iron Hands|atk|2\n|move|p2b: Tyranitar|Rock Slide|p1a: Scream Tail|[spread] p1b\n|-activate|p1a: Scream Tail|move: Protect\n|-resisted|p1b: Ting-Lu\n|-damage|p1b: Ting-Lu|0 fnt\n|faint|p1b: Ting-Lu\n|\n|-weather|Sandstorm|[upkeep]\n|-damage|p2a: Iron Hands|94\/100|[from] Sandstorm\n|-damage|p1a: Scream Tail|19\/100|[from] Sandstorm\n|-fieldend|move: Trick Room\n|-fieldend|move: Psychic Terrain\n|upkeep\n|\n|t:|1681783385\n|switch|p1b: Gothitelle|Gothitelle, L50, M|49\/100\n|turn|6\n|\n|t:|1681783405\n|move|p2b: Tyranitar|Protect|p2b: Tyranitar\n|-singleturn|p2b: Tyranitar|Protect\n|move|p1b: Gothitelle|Fake Out|p2b: Tyranitar\n|-activate|p2b: Tyranitar|move: Protect\n|move|p1a: Scream Tail|Perish Song|p1a: Scream Tail\n|-start|p1a: Scream Tail|perish3|[silent]\n|-start|p1b: Gothitelle|perish3|[silent]\n|-start|p2a: Iron Hands|perish3|[silent]\n|-start|p2b: Tyranitar|perish3|[silent]\n|-fieldactivate|move: Perish Song\n|move|p2a: Iron Hands|Thunder Punch|p1b: Gothitelle\n|-damage|p1b: Gothitelle|0 fnt\n|faint|p1b: Gothitelle\n|\n|-weather|Sandstorm|[upkeep]\n|-damage|p1a: Scream Tail|13\/100|[from] Sandstorm\n|-damage|p2a: Iron Hands|88\/100|[from] Sandstorm\n|-start|p1a: Scream Tail|perish3\n|-start|p2b: Tyranitar|perish3\n|-start|p2a: Iron Hands|perish3\n|upkeep\n|\n|t:|1681783419\n|switch|p1b: Gyarados|Gyarados, L50, M|100\/100\n|-ability|p1b: Gyarados|Intimidate|boost\n|-unboost|p2a: Iron Hands|atk|1\n|-unboost|p2b: Tyranitar|atk|1\n|turn|7\n|\n|t:|1681783450\n|-terastallize|p1a: Scream Tail|Steel\n|move|p1b: Gyarados|Protect|p1b: Gyarados\n|-singleturn|p1b: Gyarados|Protect\n|move|p1a: Scream Tail|Disable|p2a: Iron Hands\n|-start|p2a: Iron Hands|Disable|Thunder Punch\n|move|p2b: Tyranitar|Rock Slide|p1a: Scream Tail|[spread] p1a\n|-activate|p1b: Gyarados|move: Protect\n|-resisted|p1a: Scream Tail\n|-damage|p1a: Scream Tail|3\/100\n|cant|p2a: Iron Hands|Disable|Thunder Punch\n|\n|-weather|Sandstorm|[upkeep]\n|-damage|p1b: Gyarados|94\/100|[from] Sandstorm\n|-damage|p2a: Iron Hands|82\/100|[from] Sandstorm\n|-start|p1a: Scream Tail|perish2\n|-start|p2b: Tyranitar|perish2\n|-start|p2a: Iron Hands|perish2\n|upkeep\n|turn|8\n|\n|t:|1681783480\n|move|p1a: Scream Tail|Disable|p2b: Tyranitar\n|-start|p2b: Tyranitar|Disable|Rock Slide\n|move|p1b: Gyarados|Waterfall|p2b: Tyranitar\n|-supereffective|p2b: Tyranitar\n|-damage|p2b: Tyranitar|5\/100\n|-damage|p1b: Gyarados|85\/100|[from] item: Life Orb\n|cant|p2b: Tyranitar|flinch\n|move|p2a: Iron Hands|Drain Punch|p1a: Scream Tail\n|-supereffective|p1a: Scream Tail\n|-damage|p1a: Scream Tail|0 fnt\n|-heal|p2a: Iron Hands|84\/100|[from] drain|[of] p1a: Scream Tail\n|faint|p1a: Scream Tail\n|-end|p1a: Scream Tail|Protosynthesis|[silent]\n|\n|-weather|Sandstorm|[upkeep]\n|-damage|p1b: Gyarados|79\/100|[from] Sandstorm\n|-damage|p2a: Iron Hands|77\/100|[from] Sandstorm\n|-start|p2b: Tyranitar|perish1\n|-start|p2a: Iron Hands|perish1\n|upkeep\n|turn|9\n|c|\u2606echidna909|good play\n|c|\u2606mad skwovet|thanks\n|\n|t:|1681783505\n|move|p1b: Gyarados|Protect|p1b: Gyarados\n|-singleturn|p1b: Gyarados|Protect\n|move|p2b: Tyranitar|Crunch|p1b: Gyarados\n|-activate|p1b: Gyarados|move: Protect\n|move|p2a: Iron Hands|Drain Punch|p1b: Gyarados\n|-activate|p1b: Gyarados|move: Protect\n|\n|-weather|none\n|-start|p2b: Tyranitar|perish0\n|-start|p2a: Iron Hands|perish0\n|faint|p2b: Tyranitar\n|faint|p2a: Iron Hands\n|-end|p2a: Iron Hands|Quark Drive|[silent]\n|\n|win|mad skwovet\n|upkeep\n|raw|mad skwovet's rating: 1335 → 1353<\/strong> (+18 for winning)\n|raw|echidna909's rating: 1292 → 1270<\/strong> (-22 for losing)\n|c|\u2606echidna909|gg\n|c|\u2606mad skwovet|gg\n|l|\u2606echidna909\n","uploadtime":1681783572,"views":15,"p1id":"madskwovet","p2id":"echidna909","formatid":"gen9vgc2023regulationc","rating":1270,"private":0,"password":""}