{"id":"gen9vgc2023regulationc-1853127319","p1":"Teravolt223","p2":"vgc grinding alt","format":"[Gen 9] VGC 2023 Regulation C","log":"|j|\u2606Teravolt223\n|j|\u2606vgc grinding alt\n|t:|1682638458\n|gametype|doubles\n|player|p1|Teravolt223|1|1362\n|player|p2|vgc grinding alt|li|1286\n|teamsize|p1|6\n|teamsize|p2|6\n|gen|9\n|tier|[Gen 9] VGC 2023 Regulation C\n|rated|\n|rule|Species Clause: Limit one of each Pok\u00e9mon\n|rule|Item Clause: Limit one of each item\n|clearpoke\n|poke|p1|Ceruledge, L50, F|\n|poke|p1|Garganacl, L50, M|\n|poke|p1|Scizor, L50, F|\n|poke|p1|Chien-Pao, L50|\n|poke|p1|Great Tusk, L50|\n|poke|p1|Gastrodon-East, L50, F|\n|poke|p2|Rabsca, L50, F|\n|poke|p2|Ting-Lu, L50|\n|poke|p2|Iron Bundle, L50|\n|poke|p2|Gholdengo, L50|\n|poke|p2|Iron Hands, L50|\n|poke|p2|Grimmsnarl, L50, M|\n|teampreview|4\n|inactive|Battle timer is ON: inactive players will automatically lose when time's up. (requested by Teravolt223)\n|c|\u2606vgc grinding alt|hf\n|inactive|vgc grinding alt has 60 seconds left.\n|\n|t:|1682638509\n|start\n|switch|p1a: Ceruledge|Ceruledge, L50, F|100\/100\n|switch|p1b: Garganacl|Garganacl, L50, M|100\/100\n|switch|p2a: Iron Hands|Iron Hands, L50|100\/100\n|switch|p2b: Iron Bundle|Iron Bundle, L50|100\/100\n|turn|1\n|\n|t:|1682638528\n|-terastallize|p1a: Ceruledge|Grass\n|move|p2a: Iron Hands|Fake Out|p1b: Garganacl\n|-resisted|p1b: Garganacl\n|-damage|p1b: Garganacl|95\/100\n|move|p2b: Iron Bundle|Hydro Pump|p1a: Ceruledge|[miss]\n|-miss|p2b: Iron Bundle|p1a: Ceruledge\n|move|p1a: Ceruledge|Close Combat|p2b: Iron Bundle\n|-supereffective|p2b: Iron Bundle\n|-damage|p2b: Iron Bundle|7\/100\n|-unboost|p1a: Ceruledge|def|1\n|-unboost|p1a: Ceruledge|spd|1\n|cant|p1b: Garganacl|flinch\n|\n|-heal|p1b: Garganacl|100\/100|[from] item: Leftovers\n|upkeep\n|turn|2\n|\n|t:|1682638551\n|move|p2b: Iron Bundle|Protect|p2b: Iron Bundle\n|-singleturn|p2b: Iron Bundle|Protect\n|move|p1a: Ceruledge|Shadow Sneak|p2b: Iron Bundle\n|-activate|p2b: Iron Bundle|move: Protect\n|move|p2a: Iron Hands|Drain Punch|p1a: Ceruledge\n|-damage|p1a: Ceruledge|1\/100\n|move|p1b: Garganacl|Iron Defense|p1b: Garganacl\n|-boost|p1b: Garganacl|def|2\n|\n|upkeep\n|turn|3\n|\n|t:|1682638566\n|-end|p2b: Iron Bundle|Quark Drive|[silent]\n|switch|p2b: Ting-Lu|Ting-Lu, L50|100\/100\n|-ability|p2b: Ting-Lu|Vessel of Ruin\n|move|p1a: Ceruledge|Shadow Sneak|p2b: Ting-Lu\n|-resisted|p2b: Ting-Lu\n|-crit|p2b: Ting-Lu\n|-damage|p2b: Ting-Lu|92\/100\n|move|p2a: Iron Hands|Volt Switch|p1a: Ceruledge\n|-resisted|p1a: Ceruledge\n|-damage|p1a: Ceruledge|0 fnt\n|faint|p1a: Ceruledge\n|\n|t:|1682638575\n|-end|p2a: Iron Hands|Quark Drive|[silent]\n|switch|p2a: Gholdengo|Gholdengo, L50|100\/100|[from] Volt Switch\n|move|p1b: Garganacl|Salt Cure|p2a: Gholdengo\n|-resisted|p2a: Gholdengo\n|-damage|p2a: Gholdengo|93\/100\n|-start|p2a: Gholdengo|Salt Cure\n|\n|-heal|p2b: Ting-Lu|98\/100|[from] item: Leftovers\n|-damage|p2a: Gholdengo|68\/100|[from] Salt Cure\n|upkeep\n|\n|t:|1682638594\n|switch|p1a: Chien-Pao|Chien-Pao, L50|100\/100\n|-ability|p1a: Chien-Pao|Sword of Ruin\n|turn|4\n|\n|t:|1682638615\n|switch|p2a: Iron Hands|Iron Hands, L50|100\/100\n|move|p2b: Ting-Lu|Protect|p2b: Ting-Lu\n|-singleturn|p2b: Ting-Lu|Protect\n|move|p1a: Chien-Pao|Icicle Crash|p2b: Ting-Lu\n|-activate|p2b: Ting-Lu|move: Protect\n|move|p1b: Garganacl|Salt Cure|p2a: Iron Hands\n|-resisted|p2a: Iron Hands\n|-damage|p2a: Iron Hands|94\/100\n|-start|p2a: Iron Hands|Salt Cure\n|\n|-heal|p2b: Ting-Lu|100\/100|[from] item: Leftovers\n|-damage|p2a: Iron Hands|82\/100|[from] Salt Cure\n|upkeep\n|turn|5\n|\n|t:|1682638637\n|move|p2a: Iron Hands|Fake Out|p1a: Chien-Pao\n|-damage|p1a: Chien-Pao|77\/100\n|cant|p1a: Chien-Pao|flinch\n|move|p2b: Ting-Lu|Heavy Slam|p1a: Chien-Pao\n|-supereffective|p1a: Chien-Pao\n|-damage|p1a: Chien-Pao|1\/100\n|move|p1b: Garganacl|Iron Defense|p1b: Garganacl\n|-boost|p1b: Garganacl|def|2\n|\n|-damage|p2a: Iron Hands|70\/100|[from] Salt Cure\n|upkeep\n|turn|6\n|\n|t:|1682638653\n|move|p2b: Ting-Lu|Protect|p2b: Ting-Lu\n|-singleturn|p2b: Ting-Lu|Protect\n|move|p1a: Chien-Pao|Icicle Crash|p2b: Ting-Lu\n|-activate|p2b: Ting-Lu|move: Protect\n|move|p2a: Iron Hands|Volt Switch|p1a: Chien-Pao\n|-damage|p1a: Chien-Pao|0 fnt\n|faint|p1a: Chien-Pao\n|\n|t:|1682638661\n|-end|p2a: Iron Hands|Quark Drive|[silent]\n|switch|p2a: Gholdengo|Gholdengo, L50|68\/100|[from] Volt Switch\n|move|p1b: Garganacl|Body Press|p2a: Gholdengo\n|-immune|p2a: Gholdengo\n|\n|upkeep\n|\n|t:|1682638671\n|switch|p1a: Scizor|Scizor, L50, F|100\/100\n|turn|7\n|\n|t:|1682638682\n|move|p2a: Gholdengo|Make It Rain|p1b: Garganacl|[spread] p1a,p1b\n|-resisted|p1a: Scizor\n|-supereffective|p1b: Garganacl\n|-damage|p1a: Scizor|72\/100\n|-damage|p1b: Garganacl|36\/100\n|-unboost|p2a: Gholdengo|spa|1\n|-damage|p2a: Gholdengo|58\/100|[from] item: Life Orb\n|move|p1a: Scizor|Pounce|p2b: Ting-Lu\n|-supereffective|p2b: Ting-Lu\n|-damage|p2b: Ting-Lu|54\/100\n|-unboost|p2b: Ting-Lu|spe|1\n|move|p1b: Garganacl|Salt Cure|p2a: Gholdengo\n|-resisted|p2a: Gholdengo\n|-damage|p2a: Gholdengo|51\/100\n|-start|p2a: Gholdengo|Salt Cure\n|move|p2b: Ting-Lu|Stomping Tantrum|p1b: Garganacl\n|-supereffective|p1b: Garganacl\n|-damage|p1b: Garganacl|22\/100\n|\n|-heal|p1b: Garganacl|28\/100|[from] item: Leftovers\n|-heal|p2b: Ting-Lu|60\/100|[from] item: Leftovers\n|-damage|p2a: Gholdengo|26\/100|[from] Salt Cure\n|upkeep\n|turn|8\n|inactive|Teravolt223 has 30 seconds left.\n|inactive|vgc grinding alt has 30 seconds left.\n|inactive|vgc grinding alt has 20 seconds left.\n|inactive|vgc grinding alt has 15 seconds left.\n|\n|t:|1682638722\n|switch|p2b: Iron Hands|Iron Hands, L50|70\/100\n|move|p2a: Gholdengo|Make It Rain|p1b: Garganacl|[spread] p1a,p1b\n|-resisted|p1a: Scizor\n|-supereffective|p1b: Garganacl\n|-damage|p1a: Scizor|50\/100\n|-damage|p1b: Garganacl|0 fnt\n|-unboost|p2a: Gholdengo|spa|1\n|faint|p1b: Garganacl\n|-damage|p2a: Gholdengo|17\/100|[from] item: Life Orb\n|move|p1a: Scizor|Pounce|p2b: Iron Hands\n|-resisted|p2b: Iron Hands\n|-damage|p2b: Iron Hands|53\/100\n|-unboost|p2b: Iron Hands|spe|1\n|\n|-damage|p2a: Gholdengo|0 fnt|[from] Salt Cure\n|faint|p2a: Gholdengo\n|upkeep\n|\n|t:|1682638730\n|switch|p2a: Iron Bundle|Iron Bundle, L50|7\/100\n|turn|9\n|l|\u2606Teravolt223\n|inactive|Teravolt223 disconnected and has a minute to reconnect!\n|player|p1|\n|j|\u2606Teravolt223\n|inactive|Teravolt223 reconnected and has 45 seconds left.\n|player|p1|Teravolt223|1\n|c|\u2606vgc grinding alt|gg\n|\n|t:|1682638752\n|move|p2b: Iron Hands|Fake Out|p1a: Scizor\n|-resisted|p1a: Scizor\n|-damage|p1a: Scizor|42\/100\n|cant|p1a: Scizor|flinch\n|move|p2a: Iron Bundle|Hydro Pump|p1a: Scizor\n|-damage|p1a: Scizor|0 fnt\n|faint|p1a: Scizor\n|\n|win|vgc grinding alt\n|raw|Teravolt223's rating: 1362 → 1338<\/strong> (-24 for losing)\n|raw|vgc grinding alt's rating: 1286 → 1316<\/strong> (+30 for winning)\n|l|\u2606Teravolt223\n","uploadtime":1682638765,"views":6,"p1id":"teravolt223","p2id":"vgcgrindingalt","formatid":"gen9vgc2023regulationc","rating":1316,"private":0,"password":""}