{"id":"gen9vgc2023regulationc-1860538183","p1":"xopy92","p2":"GreenPig10cute","format":"[Gen 9] VGC 2023 Regulation C","log":"|j|\u2606xopy92\n|j|\u2606GreenPig10cute\n|t:|1683652735\n|gametype|doubles\n|player|p1|xopy92|lyra|\n|player|p2|GreenPig10cute|102|\n|teamsize|p1|6\n|teamsize|p2|6\n|gen|9\n|tier|[Gen 9] VGC 2023 Regulation C\n|rule|Species Clause: Limit one of each Pok\u00e9mon\n|rule|Item Clause: Limit one of each item\n|clearpoke\n|poke|p1|Meowscarada, L50, M|\n|poke|p1|Vivillon-Fancy, L50, F|\n|poke|p1|Annihilape, L50, M|\n|poke|p1|Palafin, L50, F|\n|poke|p1|Klawf, L50, F|\n|poke|p1|Maushold-Four, L50|\n|poke|p2|Gholdengo, L50|\n|poke|p2|Garganacl, L50, M|\n|poke|p2|Clodsire, L50, M|\n|poke|p2|Wo-Chien, L50|\n|poke|p2|Ting-Lu, L50|\n|poke|p2|Toxapex, L50, F|\n|teampreview|4\n|inactive|Battle timer is ON: inactive players will automatically lose when time's up. (requested by GreenPig10cute)\nGreenPig10cute has agreed to open team sheets.\nxopy92 rejected open team sheets.\n|inactive|xopy92 has 60 seconds left.\n|\n|t:|1683652767\n|start\n|switch|p1a: Suffering|Maushold-Four, L50|100\/100\n|switch|p1b: Burglary|Klawf, L50, F|100\/100\n|switch|p2a: Garganacl|Garganacl, L50, M, shiny|100\/100\n|switch|p2b: Wo-Chien|Wo-Chien, L50|100\/100\n|-ability|p2b: Wo-Chien|Tablets of Ruin\n|turn|1\n|\n|t:|1683652790\n|move|p1b: Burglary|Protect|p1b: Burglary\n|-singleturn|p1b: Burglary|Protect\n|move|p1a: Suffering|Population Bomb|p2b: Wo-Chien\n|-damage|p2b: Wo-Chien|96\/100\n|-damage|p2b: Wo-Chien|91\/100\n|-hitcount|p2b: Wo-Chien|2\n|move|p2b: Wo-Chien|Leech Seed|p1b: Burglary\n|-activate|p1b: Burglary|move: Protect\n|move|p2a: Garganacl|Salt Cure|p1b: Burglary\n|-activate|p1b: Burglary|move: Protect\n|\n|upkeep\n|turn|2\n|\n|t:|1683652813\n|move|p1a: Suffering|Population Bomb|p2b: Wo-Chien\n|-damage|p2b: Wo-Chien|86\/100\n|-damage|p2b: Wo-Chien|82\/100\n|-damage|p2b: Wo-Chien|77\/100\n|-damage|p2b: Wo-Chien|72\/100\n|-damage|p2b: Wo-Chien|68\/100\n|-damage|p2b: Wo-Chien|63\/100\n|-damage|p2b: Wo-Chien|58\/100\n|-hitcount|p2b: Wo-Chien|7\n|move|p1b: Burglary|Swords Dance|p1b: Burglary\n|-boost|p1b: Burglary|atk|2\n|move|p2b: Wo-Chien|Leech Seed|p1a: Suffering\n|-start|p1a: Suffering|move: Leech Seed\n|move|p2a: Garganacl|Salt Cure|p1a: Suffering\n|-damage|p1a: Suffering|86\/100\n|-start|p1a: Suffering|Salt Cure\n|\n|-damage|p1a: Suffering|74\/100|[from] Leech Seed|[of] p2b: Wo-Chien\n|-heal|p2b: Wo-Chien|68\/100|[silent]\n|-damage|p1a: Suffering|62\/100|[from] Salt Cure\n|upkeep\n|turn|3\n|inactive|xopy92 has 30 seconds left.\n|inactive|GreenPig10cute has 30 seconds left.\n|\n|t:|1683652843\n|move|p2b: Wo-Chien|Protect|p2b: Wo-Chien\n|-singleturn|p2b: Wo-Chien|Protect\n|move|p1a: Suffering|Population Bomb|p2b: Wo-Chien\n|-activate|p2b: Wo-Chien|move: Protect\n|move|p1b: Burglary|High Horsepower|p2a: Garganacl|[miss]\n|-miss|p1b: Burglary|p2a: Garganacl\n|move|p2a: Garganacl|Salt Cure|p1b: Burglary\n|-damage|p1b: Burglary|93\/100\n|-start|p1b: Burglary|Salt Cure\n|\n|-damage|p1a: Suffering|49\/100|[from] Leech Seed|[of] p2b: Wo-Chien\n|-heal|p2b: Wo-Chien|77\/100|[silent]\n|-damage|p1a: Suffering|37\/100|[from] Salt Cure\n|-damage|p1b: Burglary|80\/100|[from] Salt Cure\n|upkeep\n|turn|4\n|\n|t:|1683652867\n|move|p2a: Garganacl|Protect|p2a: Garganacl\n|-singleturn|p2a: Garganacl|Protect\n|move|p1a: Suffering|Population Bomb|p2b: Wo-Chien\n|-damage|p2b: Wo-Chien|73\/100\n|-crit|p2b: Wo-Chien\n|-damage|p2b: Wo-Chien|67\/100\n|-hitcount|p2b: Wo-Chien|2\n|move|p1b: Burglary|Rock Slide|p2b: Wo-Chien|[spread] p2b\n|-activate|p2a: Garganacl|move: Protect\n|-damage|p2b: Wo-Chien|32\/100\n|-enditem|p2b: Wo-Chien|Sitrus Berry|[eat]\n|-heal|p2b: Wo-Chien|57\/100|[from] item: Sitrus Berry\n|cant|p2b: Wo-Chien|flinch\n|\n|-damage|p1a: Suffering|25\/100|[from] Leech Seed|[of] p2b: Wo-Chien\n|-heal|p2b: Wo-Chien|66\/100|[silent]\n|-damage|p1a: Suffering|13\/100|[from] Salt Cure\n|-damage|p1b: Burglary|68\/100|[from] Salt Cure\n|upkeep\n|turn|5\n|inactive|xopy92 has 30 seconds left.\n|inactive|GreenPig10cute has 30 seconds left.\n|\n|t:|1683652897\n|move|p1a: Suffering|Helping Hand|p1b: Burglary\n|-singleturn|p1b: Burglary|Helping Hand|[of] p1a: Suffering\n|move|p1b: Burglary|Rock Slide|p2a: Garganacl|[spread] p2a,p2b\n|-crit|p2a: Garganacl\n|-damage|p2a: Garganacl|43\/100\n|-damage|p2b: Wo-Chien|16\/100\n|move|p2b: Wo-Chien|Leech Seed|p1b: Burglary\n|-start|p1b: Burglary|move: Leech Seed\n|move|p2a: Garganacl|Substitute|p2a: Garganacl\n|-start|p2a: Garganacl|Substitute\n|-damage|p2a: Garganacl|19\/100\n|\n|-heal|p2a: Garganacl|25\/100|[from] item: Leftovers\n|-damage|p1a: Suffering|1\/100|[from] Leech Seed|[of] p2b: Wo-Chien\n|-heal|p2b: Wo-Chien|25\/100|[silent]\n|-damage|p1b: Burglary|56\/100|[from] Leech Seed|[of] p2b: Wo-Chien\n|-heal|p2b: Wo-Chien|35\/100|[silent]\n|-damage|p1a: Suffering|0 fnt|[from] Salt Cure\n|faint|p1a: Suffering\n|-damage|p1b: Burglary|43\/100|[from] Salt Cure\n|upkeep\n|\n|t:|1683652917\n|switch|p1a: Tax Fraud|Meowscarada, L50, M|100\/100\n|turn|6\n|\n|t:|1683652927\n|move|p2b: Wo-Chien|Protect|p2b: Wo-Chien\n|-singleturn|p2b: Wo-Chien|Protect\n|move|p1a: Tax Fraud|Flower Trick|p2a: Garganacl\n|-start|p1a: Tax Fraud|typechange|Grass|[from] ability: Protean\n|-supereffective|p2a: Garganacl\n|-crit|p2a: Garganacl\n|-end|p2a: Garganacl|Substitute\n|-damage|p1a: Tax Fraud|91\/100|[from] item: Life Orb\n|move|p1b: Burglary|Rock Slide|p2a: Garganacl|[spread] p2a\n|-activate|p2b: Wo-Chien|move: Protect\n|-damage|p2a: Garganacl|0 fnt\n|faint|p2a: Garganacl\n|\n|-damage|p1b: Burglary|31\/100|[from] Leech Seed|[of] p2b: Wo-Chien\n|-heal|p2b: Wo-Chien|44\/100|[silent]\n|-damage|p1b: Burglary|18\/100|[from] Salt Cure\n|upkeep\n|\n|t:|1683652948\n|switch|p2a: Clodsire|Clodsire, L50, M, shiny|100\/100\n|turn|7\n|inactive|xopy92 has 30 seconds left.\n|\n|t:|1683652983\n|move|p2b: Wo-Chien|Protect|p2b: Wo-Chien\n|-singleturn|p2b: Wo-Chien|Protect\n|move|p1a: Tax Fraud|Flower Trick|p2a: Clodsire\n|-crit|p2a: Clodsire\n|-damage|p2a: Clodsire|53\/100\n|-damage|p1a: Tax Fraud|81\/100|[from] item: Life Orb\n|move|p1b: Burglary|Rock Slide|p2b: Wo-Chien|[spread] p2a\n|-activate|p2b: Wo-Chien|move: Protect\n|-resisted|p2a: Clodsire\n|-damage|p2a: Clodsire|34\/100\n|move|p2a: Clodsire|Toxic|p1a: Tax Fraud\n|-status|p1a: Tax Fraud|tox\n|\n|-damage|p1b: Burglary|6\/100|[from] Leech Seed|[of] p2b: Wo-Chien\n|-heal|p2b: Wo-Chien|54\/100|[silent]\n|-damage|p1a: Tax Fraud|75\/100 tox|[from] psn\n|-damage|p1b: Burglary|0 fnt|[from] Salt Cure\n|faint|p1b: Burglary\n|upkeep\n|l|\u2606xopy92\n|inactive|xopy92 disconnected!\n|player|p1|\n|inactive|xopy92 has 30 seconds left.\n|inactive|xopy92 has 20 seconds left.\n|inactive|xopy92 has 15 seconds left.\n|inactive|xopy92 has 10 seconds left.\n|inactive|xopy92 has 5 seconds left.\n|-message|xopy92 lost due to inactivity.\n|\n|win|GreenPig10cute\n","uploadtime":1683653044,"views":14,"p1id":"xopy92","p2id":"greenpig10cute","formatid":"gen9vgc2023regulationc","rating":0,"private":0,"password":""}