{"id":"gen9vgc2023regulationc-1861289042","p1":"Vasy98ita","p2":"GHS730","format":"[Gen 9] VGC 2023 Regulation C","log":"|j|\u2606Vasy98ita\n|j|\u2606GHS730\n|t:|1683742821\n|gametype|doubles\n|player|p1|Vasy98ita|riley|1234\n|player|p2|GHS730|gambler|1222\n|teamsize|p1|6\n|teamsize|p2|6\n|gen|9\n|tier|[Gen 9] VGC 2023 Regulation C\n|rated|\n|rule|Species Clause: Limit one of each Pok\u00e9mon\n|rule|Item Clause: Limit one of each item\n|clearpoke\n|poke|p1|Amoonguss, L50, M|\n|poke|p1|Arcanine, L50, F|\n|poke|p1|Flutter Mane, L50|\n|poke|p1|Chi-Yu, L50|\n|poke|p1|Iron Hands, L50|\n|poke|p1|Palafin, L50, F|\n|poke|p2|Clawitzer, L50, M|\n|poke|p2|Oranguru, L50, F|\n|poke|p2|Torkoal, L50, F|\n|poke|p2|Spiritomb, L50, F|\n|poke|p2|Amoonguss, L50, F|\n|poke|p2|Kingambit, L50, F|\n|teampreview|4\n|inactive|Battle timer is ON: inactive players will automatically lose when time's up. (requested by GHS730)\n|\n|t:|1683742841\n|start\n|switch|p1a: Chi-Yu|Chi-Yu, L50|100\/100\n|switch|p1b: Flutter Mane|Flutter Mane, L50|100\/100\n|switch|p2a: Clawitzer|Clawitzer, L50, M|100\/100\n|switch|p2b: Oranguru|Oranguru, L50, F|100\/100\n|-ability|p1a: Chi-Yu|Beads of Ruin\n|-enditem|p1b: Flutter Mane|Booster Energy\n|-activate|p1b: Flutter Mane|ability: Protosynthesis|[fromitem]\n|-start|p1b: Flutter Mane|protosynthesisspe\n|turn|1\n|\n|t:|1683742858\n|move|p2a: Clawitzer|Protect|p2a: Clawitzer\n|-singleturn|p2a: Clawitzer|Protect\n|move|p1b: Flutter Mane|Dazzling Gleam|p2a: Clawitzer|[spread] p2b\n|-activate|p2a: Clawitzer|move: Protect\n|-damage|p2b: Oranguru|70\/100\n|move|p1a: Chi-Yu|Dark Pulse|p2b: Oranguru\n|-supereffective|p2b: Oranguru\n|-damage|p2b: Oranguru|0 fnt\n|faint|p2b: Oranguru\n|\n|upkeep\n|\n|t:|1683742872\n|switch|p2b: Torkoal|Torkoal, L50, F|100\/100\n|-weather|SunnyDay|[from] ability: Drought|[of] p2b: Torkoal\n|turn|2\n|\n|t:|1683742887\n|-terastallize|p1b: Flutter Mane|Water\n|move|p2b: Torkoal|Protect|p2b: Torkoal\n|-singleturn|p2b: Torkoal|Protect\n|move|p1b: Flutter Mane|Shadow Ball|p2b: Torkoal\n|-activate|p2b: Torkoal|move: Protect\n|move|p1a: Chi-Yu|Heat Wave|p2a: Clawitzer|[spread] p2a\n|-activate|p2b: Torkoal|move: Protect\n|-resisted|p2a: Clawitzer\n|-damage|p2a: Clawitzer|56\/100\n|move|p2a: Clawitzer|Aura Sphere|p1a: Chi-Yu\n|-supereffective|p1a: Chi-Yu\n|-enditem|p1a: Chi-Yu|Focus Sash\n|-damage|p1a: Chi-Yu|1\/100\n|\n|-weather|SunnyDay|[upkeep]\n|upkeep\n|turn|3\n|inactive|Vasy98ita has 30 seconds left.\n|\n|t:|1683742918\n|move|p1b: Flutter Mane|Shadow Ball|p2b: Torkoal\n|-damage|p2b: Torkoal|26\/100\n|-unboost|p2b: Torkoal|spd|1\n|move|p1a: Chi-Yu|Heat Wave|p2a: Clawitzer|[spread] p2a,p2b\n|-resisted|p2a: Clawitzer\n|-resisted|p2b: Torkoal\n|-damage|p2a: Clawitzer|14\/100\n|-damage|p2b: Torkoal|0 fnt\n|faint|p2b: Torkoal\n|move|p2a: Clawitzer|Dark Pulse|p1b: Flutter Mane\n|-damage|p1b: Flutter Mane|33\/100\n|\n|-weather|SunnyDay|[upkeep]\n|upkeep\n|\n|t:|1683742929\n|switch|p2b: Kingambit|Kingambit, L50, F|100\/100\n|turn|4\n|\n|t:|1683742942\n|-terastallize|p2b: Kingambit|Flying\n|move|p1b: Flutter Mane|Protect|p1b: Flutter Mane\n|-singleturn|p1b: Flutter Mane|Protect\n|move|p1a: Chi-Yu|Protect|p1a: Chi-Yu\n|-singleturn|p1a: Chi-Yu|Protect\n|move|p2a: Clawitzer|Protect|p2a: Clawitzer\n|-singleturn|p2a: Clawitzer|Protect\n|move|p2b: Kingambit|Sucker Punch||[still]\n|-fail|p2b: Kingambit\n|\n|-weather|SunnyDay|[upkeep]\n|upkeep\n|turn|5\n|inactive|Vasy98ita has 30 seconds left.\n|\n|t:|1683742974\n|-end|p1b: Flutter Mane|Protosynthesis|[silent]\n|switch|p1b: Iron Hands|Iron Hands, L50|100\/100\n|move|p1a: Chi-Yu|Heat Wave|p2b: Kingambit|[spread] p2a,p2b\n|-resisted|p2a: Clawitzer\n|-damage|p2a: Clawitzer|0 fnt\n|-damage|p2b: Kingambit|59\/100\n|faint|p2a: Clawitzer\n|move|p2b: Kingambit|Kowtow Cleave|p1b: Iron Hands\n|-resisted|p1b: Iron Hands\n|-damage|p1b: Iron Hands|84\/100\n|\n|-weather|SunnyDay|[upkeep]\n|upkeep\n|turn|6\n|-message|GHS730 forfeited.\n|\n|win|Vasy98ita\n|raw|Vasy98ita's rating: 1234 → 1258<\/strong> (+24 for winning)\n|raw|GHS730's rating: 1222 → 1198<\/strong> (-24 for losing)\n|l|\u2606GHS730\n","uploadtime":1683742989,"views":12,"p1id":"vasy98ita","p2id":"ghs730","formatid":"gen9vgc2023regulationc","rating":1198,"private":0,"password":""}