{"id":"gen9vgc2023regulationc-1859367172","p1":"ethan06","p2":"pietrino22","format":"[Gen 9] VGC 2023 Regulation C","log":"|j|\u2606ethan06\n|j|\u2606pietrino22\n|t:|1683448886\n|gametype|doubles\n|player|p1|ethan06|ninjaboy|1187\n|player|p2|pietrino22|101|1231\n|teamsize|p1|6\n|teamsize|p2|6\n|gen|9\n|tier|[Gen 9] VGC 2023 Regulation C\n|rated|\n|rule|Species Clause: Limit one of each Pok\u00e9mon\n|rule|Item Clause: Limit one of each item\n|clearpoke\n|poke|p1|Dondozo, L50, M|\n|poke|p1|Tatsugiri-Droopy, L50, M|\n|poke|p1|Amoonguss, L50, M|\n|poke|p1|Ting-Lu, L50|\n|poke|p1|Gallade, L50, M|\n|poke|p1|Bellibolt, L50, F|\n|poke|p2|Chi-Yu, L50|\n|poke|p2|Flutter Mane, L50|\n|poke|p2|Gastrodon, L50, F|\n|poke|p2|Roaring Moon, L50|\n|poke|p2|Torkoal, L50, M|\n|poke|p2|Wo-Chien, L50|\n|teampreview|4\n|n|\u2606ethan06|ethan06\nethan06 has agreed to open team sheets.\npietrino22 has agreed to open team sheets.\n|inactive|Battle timer is ON: inactive players will automatically lose when time's up. (requested by pietrino22)\n|inactive|ethan06 has 60 seconds left.\n|\n|t:|1683448941\n|start\n|switch|p1a: Gallade|Gallade, L50, M|100\/100\n|switch|p1b: Amoonguss|Amoonguss, L50, M|100\/100\n|switch|p2a: Chi-Yu|Chi-Yu, L50|100\/100\n|switch|p2b: Flutter Mane|Flutter Mane, L50|100\/100\n|-ability|p2a: Chi-Yu|Beads of Ruin\n|turn|1\n|inactive|pietrino22 has 30 seconds left.\n|\n|t:|1683448968\n|-end|p2b: Flutter Mane|Protosynthesis|[silent]\n|switch|p2b: Wo-Chien|Wo-Chien, L50|100\/100\n|-ability|p2b: Wo-Chien|Tablets of Ruin\n|-terastallize|p1a: Gallade|Fire\n|move|p1b: Amoonguss|Protect|p1b: Amoonguss\n|-singleturn|p1b: Amoonguss|Protect\n|move|p2a: Chi-Yu|Heat Wave|p1a: Gallade|[spread] p1a\n|-activate|p1b: Amoonguss|move: Protect\n|-resisted|p1a: Gallade\n|-damage|p1a: Gallade|78\/100\n|-damage|p2a: Chi-Yu|91\/100|[from] item: Life Orb\n|move|p1a: Gallade|Trick Room|p1a: Gallade\n|-fieldstart|move: Trick Room|[of] p1a: Gallade\n|\n|upkeep\n|turn|2\n|\n|t:|1683448993\n|switch|p2a: Gastrodon|Gastrodon, L50, F|100\/100\n|move|p1b: Amoonguss|Spore|p2a: Gastrodon\n|-status|p2a: Gastrodon|slp|[from] move: Spore\n|move|p1a: Gallade|Close Combat|p2b: Wo-Chien\n|-supereffective|p2b: Wo-Chien\n|-damage|p2b: Wo-Chien|34\/100\n|-unboost|p1a: Gallade|def|1\n|-unboost|p1a: Gallade|spd|1\n|move|p2b: Wo-Chien|Leech Seed|p1a: Gallade\n|-start|p1a: Gallade|move: Leech Seed\n|\n|-heal|p2b: Wo-Chien|40\/100|[from] item: Leftovers\n|-damage|p1a: Gallade|66\/100|[from] Leech Seed|[of] p2b: Wo-Chien\n|-heal|p2b: Wo-Chien|53\/100|[silent]\n|upkeep\n|turn|3\n|inactive|ethan06 has 30 seconds left.\n|\n|t:|1683449018\n|move|p2b: Wo-Chien|Protect|p2b: Wo-Chien\n|-singleturn|p2b: Wo-Chien|Protect\n|move|p1b: Amoonguss|Pollen Puff|p2b: Wo-Chien\n|-activate|p2b: Wo-Chien|move: Protect\n|cant|p2a: Gastrodon|slp\n|move|p1a: Gallade|Psycho Cut|p2a: Gastrodon\n|-damage|p2a: Gastrodon|67\/100 slp\n|\n|-heal|p2b: Wo-Chien|59\/100|[from] item: Leftovers\n|-damage|p1a: Gallade|54\/100|[from] Leech Seed|[of] p2b: Wo-Chien\n|-heal|p2b: Wo-Chien|72\/100|[silent]\n|upkeep\n|turn|4\n|inactive|pietrino22 has 30 seconds left.\n|inactive|pietrino22 has 20 seconds left.\n|inactive|pietrino22 has 15 seconds left.\n|\n|t:|1683449061\n|switch|p1a: Dondozo|Dondozo, L50, M|100\/100\n|move|p1b: Amoonguss|Pollen Puff|p2b: Wo-Chien\n|-supereffective|p2b: Wo-Chien\n|-crit|p2b: Wo-Chien\n|-damage|p2b: Wo-Chien|0 fnt\n|faint|p2b: Wo-Chien\n|cant|p2a: Gastrodon|slp\n|\n|upkeep\n|\n|t:|1683449075\n|switch|p2b: Chi-Yu|Chi-Yu, L50|91\/100\n|-ability|p2b: Chi-Yu|Beads of Ruin\n|turn|5\n|inactive|ethan06 has 30 seconds left.\n|\n|t:|1683449106\n|switch|p1b: Tatsugiri|Tatsugiri-Droopy, L50, M|100\/100\n|-activate|p1b: Tatsugiri|ability: Commander|[of] p1a: Dondozo\n|-boost|p1a: Dondozo|atk|2\n|-boost|p1a: Dondozo|spa|2\n|-boost|p1a: Dondozo|spe|2\n|-boost|p1a: Dondozo|def|2\n|-boost|p1a: Dondozo|spd|2\n|move|p2b: Chi-Yu|Protect|p2b: Chi-Yu\n|-singleturn|p2b: Chi-Yu|Protect\n|-curestatus|p2a: Gastrodon|slp|[msg]\n|move|p2a: Gastrodon|Yawn|p1a: Dondozo\n|-start|p1a: Dondozo|move: Yawn|[of] p2a: Gastrodon\n|move|p1a: Dondozo|Body Press|p2a: Gastrodon\n|-damage|p2a: Gastrodon|27\/100\n|-enditem|p2a: Gastrodon|Sitrus Berry|[eat]\n|-heal|p2a: Gastrodon|52\/100|[from] item: Sitrus Berry\n|\n|-fieldend|move: Trick Room\n|upkeep\n|turn|6\n|inactive|pietrino22 has 30 seconds left.\n|inactive|pietrino22 has 20 seconds left.\n|\n|t:|1683449144\n|switch|p2b: Flutter Mane|Flutter Mane, L50|100\/100\n|move|p1a: Dondozo|Order Up|p2a: Gastrodon\n|-damage|p2a: Gastrodon|15\/100\n|-boost|p1a: Dondozo|def|1\n|move|p2a: Gastrodon|Ice Beam|p1a: Dondozo\n|-resisted|p1a: Dondozo\n|-damage|p1a: Dondozo|96\/100\n|-status|p1a: Dondozo|frz\n|\n|-end|p1a: Dondozo|move: Yawn|[silent]\n|upkeep\n|turn|7\n|\n|t:|1683449166\n|-terastallize|p2b: Flutter Mane|Fairy\n|move|p2b: Flutter Mane|Moonblast|p1a: Dondozo\n|-damage|p1a: Dondozo|74\/100 frz\n|cant|p1a: Dondozo|frz\n|move|p2a: Gastrodon|Earth Power|p1a: Dondozo\n|-damage|p1a: Dondozo|62\/100 frz\n|\n|upkeep\n|turn|8\n|\n|t:|1683449180\n|move|p2b: Flutter Mane|Moonblast|p1a: Dondozo\n|-damage|p1a: Dondozo|41\/100 frz\n|cant|p1a: Dondozo|frz\n|move|p2a: Gastrodon|Earth Power|p1a: Dondozo\n|-damage|p1a: Dondozo|30\/100 frz\n|\n|upkeep\n|turn|9\n|\n|t:|1683449191\n|move|p2b: Flutter Mane|Moonblast|p1a: Dondozo\n|-damage|p1a: Dondozo|8\/100 frz\n|cant|p1a: Dondozo|frz\n|move|p2a: Gastrodon|Earth Power|p1a: Dondozo\n|-damage|p1a: Dondozo|0 fnt\n|faint|p1a: Dondozo\n|\n|upkeep\n|inactive|ethan06 has 30 seconds left.\n|\n|t:|1683449218\n|switch|p1a: Amoonguss|Amoonguss, L50, M|100\/100\n|turn|10\n|\n|t:|1683449233\n|move|p2a: Gastrodon|Protect|p2a: Gastrodon\n|-singleturn|p2a: Gastrodon|Protect\n|move|p1a: Amoonguss|Rage Powder|p1a: Amoonguss\n|-singleturn|p1a: Amoonguss|move: Rage Powder\n|move|p1b: Tatsugiri|Tera Blast|p2a: Gastrodon\n|-activate|p2a: Gastrodon|move: Protect\n|move|p2b: Flutter Mane|Moonblast|p1a: Amoonguss\n|-resisted|p1a: Amoonguss\n|-damage|p1a: Amoonguss|77\/100\n|\n|upkeep\n|turn|11\n|\n|t:|1683449256\n|move|p1b: Tatsugiri|Tera Blast|p2a: Gastrodon\n|-damage|p2a: Gastrodon|0 fnt\n|faint|p2a: Gastrodon\n|move|p2b: Flutter Mane|Moonblast|p1b: Tatsugiri\n|-supereffective|p1b: Tatsugiri\n|-damage|p1b: Tatsugiri|0 fnt\n|faint|p1b: Tatsugiri\n|move|p1a: Amoonguss|Spore|p2b: Flutter Mane\n|-status|p2b: Flutter Mane|slp|[from] move: Spore\n|\n|upkeep\n|\n|t:|1683449266\n|switch|p1b: Gallade|Gallade, L50, M, tera:Fire|54\/100\n|switch|p2a: Chi-Yu|Chi-Yu, L50|91\/100\n|-ability|p2a: Chi-Yu|Beads of Ruin\n|turn|12\n|inactive|pietrino22 has 30 seconds left.\n|\n|t:|1683449292\n|cant|p2b: Flutter Mane|slp\n|move|p2a: Chi-Yu|Dark Pulse|p1b: Gallade\n|-damage|p1b: Gallade|2\/100\n|-damage|p2a: Chi-Yu|81\/100|[from] item: Life Orb\n|move|p1b: Gallade|Close Combat|p2a: Chi-Yu\n|-supereffective|p2a: Chi-Yu\n|-damage|p2a: Chi-Yu|0 fnt\n|-unboost|p1b: Gallade|def|1\n|-unboost|p1b: Gallade|spd|1\n|faint|p2a: Chi-Yu\n|move|p1a: Amoonguss|Pollen Puff|p1b: Gallade\n|-heal|p1b: Gallade|51\/100\n|\n|upkeep\n|turn|13\n|inactive|ethan06 has 30 seconds left.\n|\n|t:|1683449319\n|move|p1a: Amoonguss|Rage Powder|p1a: Amoonguss\n|-singleturn|p1a: Amoonguss|move: Rage Powder\n|-curestatus|p2b: Flutter Mane|slp|[msg]\n|move|p2b: Flutter Mane|Shadow Ball|p1a: Amoonguss\n|-damage|p1a: Amoonguss|51\/100\n|move|p1b: Gallade|Trick Room|p1b: Gallade\n|-fieldstart|move: Trick Room|[of] p1b: Gallade\n|\n|upkeep\n|turn|14\n|-message|pietrino22 forfeited.\n|\n|win|ethan06\n|raw|ethan06's rating: 1187 → 1215<\/strong> (+28 for winning)\n|raw|pietrino22's rating: 1231 → 1203<\/strong> (-28 for losing)\n|l|\u2606pietrino22\n||Ladder isn't responding, score probably updated but might not have (Request timeout).\n","uploadtime":1683449492,"views":10,"p1id":"ethan06","p2id":"pietrino22","formatid":"gen9vgc2023regulationc","rating":1203,"private":0,"password":""}