{"id":"gen9vgc2023regulationc-1856580507","p1":"Nehzzy","p2":"Munjah 14","format":"[Gen 9] VGC 2023 Regulation C","log":"|j|\u2606Nehzzy\n|j|\u2606Munjah 14\n|t:|1683078275\n|gametype|doubles\n|player|p1|Nehzzy|266|1384\n|player|p2|Munjah 14|170|1341\n|teamsize|p1|6\n|teamsize|p2|6\n|gen|9\n|tier|[Gen 9] VGC 2023 Regulation C\n|rated|\n|rule|Species Clause: Limit one of each Pok\u00e9mon\n|rule|Item Clause: Limit one of each item\n|clearpoke\n|poke|p1|Orthworm, L50, F|\n|poke|p1|Garchomp, L50, M|\n|poke|p1|Talonflame, L50, F|\n|poke|p1|Amoonguss, L50, F|\n|poke|p1|Gholdengo, L50|\n|poke|p1|Gyarados, L50, F|\n|poke|p2|Chien-Pao, L50|\n|poke|p2|Brute Bonnet, L50|\n|poke|p2|Baxcalibur, L50, M|\n|poke|p2|Flutter Mane, L50|\n|poke|p2|Gyarados, L50, F|\n|poke|p2|Talonflame, L50, M|\n|teampreview|4\nNehzzy has agreed to open team sheets.\n|inactive|Battle timer is ON: inactive players will automatically lose when time's up. (requested by Munjah 14)\n|inactive|Nehzzy has 60 seconds left.\n|\n|t:|1683078336\n|start\n|switch|p1a: Orthworm|Orthworm, L50, F, shiny|100\/100\n|switch|p1b: Gyarados|Gyarados, L50, F, shiny|100\/100\n|switch|p2a: Brute Bonnet|Brute Bonnet, L50, shiny|100\/100\n|switch|p2b: Talonflame|Talonflame, L50, M, shiny|100\/100\n|-ability|p1b: Gyarados|Intimidate|boost\n|-unboost|p2a: Brute Bonnet|atk|1\n|-unboost|p2b: Talonflame|atk|1\n|turn|1\n|inactive|Nehzzy has 30 seconds left.\n|inactive|Nehzzy has 20 seconds left.\n|inactive|Munjah 14 has 30 seconds left.\n|inactive|Nehzzy has 15 seconds left.\n|inactive|Nehzzy has 10 seconds left.\n|inactive|Nehzzy has 5 seconds left.\n|\n|t:|1683078388\n|-end|p2a: Brute Bonnet|Protosynthesis|[silent]\n|switch|p2a: Gyarados|Gyarados, L50, F, shiny|100\/100\n|-ability|p2a: Gyarados|Intimidate|boost\n|-unboost|p1a: Orthworm|atk|1\n|-unboost|p1b: Gyarados|atk|1\n|-terastallize|p1a: Orthworm|Poison\n|move|p2b: Talonflame|Will-O-Wisp|p1a: Orthworm\n|-status|p1a: Orthworm|brn\n|move|p1b: Gyarados|Waterfall|p2b: Talonflame\n|-supereffective|p2b: Talonflame\n|-damage|p2b: Talonflame|10\/100\n|move|p1a: Orthworm|Iron Defense|p1a: Orthworm\n|-boost|p1a: Orthworm|def|2\n|\n|-damage|p1a: Orthworm|95\/100 brn|[from] brn\n|upkeep\n|turn|2\n|inactive|Nehzzy has 30 seconds left.\n|inactive|Nehzzy has 20 seconds left.\n|\n|t:|1683078424\n|move|p2b: Talonflame|Tailwind|p2b: Talonflame\n|-sidestart|p2: Munjah 14|move: Tailwind\n|move|p2a: Gyarados|Dragon Dance|p2a: Gyarados\n|-boost|p2a: Gyarados|atk|1\n|-boost|p2a: Gyarados|spe|1\n|move|p1b: Gyarados|Thunder Wave|p2a: Gyarados\n|-status|p2a: Gyarados|par\n|-enditem|p2a: Gyarados|Lum Berry|[eat]\n|-curestatus|p2a: Gyarados|par|[msg]\n|move|p1a: Orthworm|Heavy Slam|p2b: Talonflame\n|-resisted|p2b: Talonflame\n|-damage|p2b: Talonflame|0 fnt\n|faint|p2b: Talonflame\n|\n|-damage|p1a: Orthworm|89\/100 brn|[from] brn\n|upkeep\n|\n|t:|1683078446\n|switch|p2b: Chien-Pao|Chien-Pao, L50|100\/100\n|-ability|p2b: Chien-Pao|Sword of Ruin\n|turn|3\n|\n|t:|1683078459\n|switch|p2a: Brute Bonnet|Brute Bonnet, L50, shiny|100\/100\n|move|p2b: Chien-Pao|Haze|p2b: Chien-Pao\n|-clearallboost\n|move|p1b: Gyarados|Thunder Wave|p2a: Brute Bonnet\n|-status|p2a: Brute Bonnet|par\n|move|p1a: Orthworm|Body Press|p2b: Chien-Pao\n|-supereffective|p2b: Chien-Pao\n|-damage|p2b: Chien-Pao|30\/100\n|\n|-damage|p1a: Orthworm|83\/100 brn|[from] brn\n|upkeep\n|turn|4\n|inactive|Nehzzy has 30 seconds left.\n|\n|t:|1683078485\n|switch|p2b: Gyarados|Gyarados, L50, F, shiny|100\/100\n|-ability|p2b: Gyarados|Intimidate|boost\n|-unboost|p1a: Orthworm|atk|1\n|-unboost|p1b: Gyarados|atk|1\n|move|p1b: Gyarados|Waterfall|p2b: Gyarados\n|-resisted|p2b: Gyarados\n|-damage|p2b: Gyarados|84\/100\n|move|p1a: Orthworm|Shed Tail|p1a: Orthworm\n|-start|p1a: Orthworm|Substitute|[from] move: Shed Tail\n|-damage|p1a: Orthworm|33\/100 brn\n|\n|t:|1683078509\n|switch|p1a: Gholdengo|Gholdengo, L50|100\/100|[from] Shed Tail\n|move|p2a: Brute Bonnet|Spore|p1b: Gyarados\n|-status|p1b: Gyarados|slp|[from] move: Spore\n|-enditem|p1b: Gyarados|Lum Berry|[eat]\n|-curestatus|p1b: Gyarados|slp|[msg]\n|\n|upkeep\n|turn|5\n|\n|t:|1683078529\n|move|p2b: Gyarados|Waterfall|p1a: Gholdengo\n|-end|p1a: Gholdengo|Substitute\n|move|p1b: Gyarados|Taunt|p2a: Brute Bonnet\n|-start|p2a: Brute Bonnet|move: Taunt\n|move|p1a: Gholdengo|Nasty Plot|p1a: Gholdengo\n|-boost|p1a: Gholdengo|spa|2\n|cant|p2a: Brute Bonnet|par\n|\n|-sideend|p2: Munjah 14|move: Tailwind\n|upkeep\n|turn|6\n|inactive|Nehzzy has 30 seconds left.\n|inactive|Munjah 14 has 30 seconds left.\n|inactive|Nehzzy has 20 seconds left.\n|inactive|Nehzzy has 15 seconds left.\n|\n|t:|1683078569\n|switch|p1b: Orthworm|Orthworm, L50, F, shiny, tera:Poison|33\/100 brn\n|move|p2b: Gyarados|Dragon Dance|p2b: Gyarados\n|-boost|p2b: Gyarados|atk|1\n|-boost|p2b: Gyarados|spe|1\n|move|p1a: Gholdengo|Make It Rain|p2a: Brute Bonnet|[spread] p2a,p2b\n|-resisted|p2b: Gyarados\n|-damage|p2a: Brute Bonnet|0 fnt\n|-damage|p2b: Gyarados|24\/100\n|-unboost|p1a: Gholdengo|spa|1\n|faint|p2a: Brute Bonnet\n|-end|p2a: Brute Bonnet|Protosynthesis|[silent]\n|-damage|p1a: Gholdengo|91\/100|[from] item: Life Orb\n|\n|-damage|p1b: Orthworm|28\/100 brn|[from] brn\n|upkeep\n|\n|t:|1683078586\n|switch|p2a: Chien-Pao|Chien-Pao, L50|30\/100\n|-ability|p2a: Chien-Pao|Sword of Ruin\n|turn|7\n|inactive|Nehzzy has 30 seconds left.\n|inactive|Nehzzy has 20 seconds left.\n|\n|t:|1683078621\n|-terastallize|p2b: Gyarados|Flying\n|move|p1a: Gholdengo|Protect|p1a: Gholdengo\n|-singleturn|p1a: Gholdengo|Protect\n|move|p2a: Chien-Pao|Sucker Punch||[still]\n|-fail|p2a: Chien-Pao\n|move|p2b: Gyarados|Tera Blast|p1b: Orthworm\n|-damage|p1b: Orthworm|0 fnt\n|faint|p1b: Orthworm\n|\n|upkeep\n|\n|t:|1683078631\n|switch|p1b: Gyarados|Gyarados, L50, F, shiny|100\/100\n|-ability|p1b: Gyarados|Intimidate|boost\n|-unboost|p2a: Chien-Pao|atk|1\n|-unboost|p2b: Gyarados|atk|1\n|turn|8\n|inactive|Nehzzy has 30 seconds left.\n|inactive|Nehzzy has 20 seconds left.\n|inactive|Nehzzy has 15 seconds left.\n|\n|t:|1683078673\n|move|p1a: Gholdengo|Protect|p1a: Gholdengo\n|-singleturn|p1a: Gholdengo|Protect\n|move|p2a: Chien-Pao|Sucker Punch||[still]\n|-fail|p2a: Chien-Pao\n|move|p2b: Gyarados|Waterfall|p1a: Gholdengo\n|-activate|p1a: Gholdengo|move: Protect\n|move|p1b: Gyarados|Waterfall|p2a: Chien-Pao\n|-damage|p2a: Chien-Pao|0 fnt\n|faint|p2a: Chien-Pao\n|\n|upkeep\n|turn|9\n|-message|Munjah 14 forfeited.\n|\n|win|Nehzzy\n|raw|Nehzzy's rating: 1384 → 1402<\/strong> (+18 for winning)\n|raw|Munjah 14's rating: 1341 → 1323<\/strong> (-18 for losing)\n|l|\u2606Munjah 14\n","uploadtime":1683078699,"views":12,"p1id":"nehzzy","p2id":"munjah14","formatid":"gen9vgc2023regulationc","rating":1323,"private":0,"password":""}