{"id":"gen9vgc2023regulationc-1864291374","p1":"CbuttyVGC","p2":"SBkZZ","format":"[Gen 9] VGC 2023 Regulation C","log":"|j|\u2606CbuttyVGC\n|j|\u2606SBkZZ\n|t:|1684151159\n|gametype|doubles\n|player|p1|CbuttyVGC|acetrainer-gen4dp|1200\n|player|p2|SBkZZ|unknown|1258\n|teamsize|p1|6\n|teamsize|p2|6\n|gen|9\n|tier|[Gen 9] VGC 2023 Regulation C\n|rated|\n|rule|Species Clause: Limit one of each Pok\u00e9mon\n|rule|Item Clause: Limit one of each item\n|clearpoke\n|poke|p1|Ting-Lu, L50|\n|poke|p1|Palafin, L50, M|\n|poke|p1|Amoonguss, L50, M|\n|poke|p1|Arcanine, L50, F|\n|poke|p1|Flutter Mane, L50|\n|poke|p1|Iron Hands, L50|\n|poke|p2|Iron Hands, L50|\n|poke|p2|Hatterene, L50, F|\n|poke|p2|Ceruledge, L50, M|\n|poke|p2|Glimmora, L50, F|\n|poke|p2|Palafin, L50, F|\n|poke|p2|Gothitelle, L50, M|\n|teampreview|4\n|inactive|Battle timer is ON: inactive players will automatically lose when time's up. (requested by SBkZZ)\n|inactive|CbuttyVGC also wants the timer to be on.\n|inactive|SBkZZ has 60 seconds left.\n|\n|t:|1684151202\n|start\n|switch|p1a: Hands|Flutter Mane, L50|100\/100\n|switch|p1b: Rk9|Iron Hands, L50|100\/100\n|switch|p2a: Gothitelle|Gothitelle, L50, M|100\/100\n|switch|p2b: Iron Hands|Iron Hands, L50|100\/100\n|turn|1\n|\n|t:|1684151224\n|move|p2a: Gothitelle|Fake Out|p1b: Rk9\n|-damage|p1b: Rk9|97\/100\n|move|p1a: Hands|Dazzling Gleam|p2a: Gothitelle|[spread] p2a,p2b\n|-supereffective|p2b: Iron Hands\n|-damage|p2a: Gothitelle|67\/100\n|-damage|p2b: Iron Hands|59\/100\n|cant|p1b: Rk9|flinch\n|move|p2b: Iron Hands|Heavy Slam|p1a: Hands\n|-supereffective|p1a: Hands\n|-damage|p1a: Hands|0 fnt\n|faint|p1a: Hands\n|-end|p1a: Hands|Protosynthesis|[silent]\n|\n|upkeep\n|c|\u2606CbuttyVGC|That's wild\n|\n|t:|1684151236\n|switch|p1a: Pala|Ting-Lu, L50|100\/100\n|-ability|p1a: Pala|Vessel of Ruin\n|turn|2\n|\n|t:|1684151246\n|move|p2a: Gothitelle|Protect|p2a: Gothitelle\n|-singleturn|p2a: Gothitelle|Protect\n|move|p1b: Rk9|Swords Dance|p1b: Rk9\n|-boost|p1b: Rk9|atk|2\n|move|p2b: Iron Hands|Drain Punch|p1a: Pala\n|-supereffective|p1a: Pala\n|-damage|p1a: Pala|49\/100\n|-heal|p2b: Iron Hands|85\/100|[from] drain|[of] p1a: Pala\n|move|p1a: Pala|Fissure|p2a: Gothitelle\n|-activate|p2a: Gothitelle|move: Protect\n|\n|upkeep\n|turn|3\n|\n|t:|1684151257\n|-terastallize|p1a: Pala|Grass\n|move|p2a: Gothitelle|Foul Play|p1b: Rk9\n|-resisted|p1b: Rk9\n|-damage|p1b: Rk9|69\/100\n|move|p1b: Rk9|Thunder Punch|p2a: Gothitelle\n|-damage|p2a: Gothitelle|0 fnt\n|faint|p2a: Gothitelle\n|move|p2b: Iron Hands|Drain Punch|p1a: Pala\n|-damage|p1a: Pala|23\/100\n|-heal|p2b: Iron Hands|98\/100|[from] drain|[of] p1a: Pala\n|move|p1a: Pala|Stomping Tantrum|p2b: Iron Hands\n|-supereffective|p2b: Iron Hands\n|-damage|p2b: Iron Hands|54\/100\n|\n|upkeep\n|\n|t:|1684151265\n|switch|p2a: Ceruledge|Ceruledge, L50, M|100\/100\n|turn|4\n|\n|t:|1684151275\n|switch|p1a: Fissure|Amoonguss, L50, M|100\/100\n|-terastallize|p2a: Ceruledge|Grass\n|move|p2a: Ceruledge|Bitter Blade|p1a: Fissure\n|-supereffective|p1a: Fissure\n|-damage|p1a: Fissure|23\/100\n|-enditem|p1a: Fissure|Sitrus Berry|[eat]\n|-heal|p1a: Fissure|48\/100|[from] item: Sitrus Berry\n|move|p1b: Rk9|Drain Punch|p2b: Iron Hands\n|-damage|p2b: Iron Hands|0 fnt\n|-heal|p1b: Rk9|98\/100|[from] drain|[of] p2b: Iron Hands\n|faint|p2b: Iron Hands\n|-end|p2b: Iron Hands|Quark Drive|[silent]\n|\n|upkeep\n|\n|t:|1684151287\n|switch|p2b: Palafin|Palafin, L50, F|100\/100\n|turn|5\n|\n|t:|1684151296\n|move|p2b: Palafin|Protect|p2b: Palafin\n|-singleturn|p2b: Palafin|Protect\n|move|p1a: Fissure|Protect|p1a: Fissure\n|-singleturn|p1a: Fissure|Protect\n|move|p2a: Ceruledge|Bitter Blade|p1a: Fissure\n|-activate|p1a: Fissure|move: Protect\n|move|p1b: Rk9|Drain Punch|p2a: Ceruledge\n|-damage|p2a: Ceruledge|0 fnt\n|-heal|p1b: Rk9|100\/100|[from] drain|[of] p2a: Ceruledge\n|faint|p2a: Ceruledge\n|\n|upkeep\n|turn|6\n|-message|SBkZZ forfeited.\n|\n|win|CbuttyVGC\n|raw|CbuttyVGC's rating: 1200 → 1229<\/strong> (+29 for winning)\n|raw|SBkZZ's rating: 1258 → 1229<\/strong> (-29 for losing)\n|l|\u2606SBkZZ\n","uploadtime":1684151312,"views":6,"p1id":"cbuttyvgc","p2id":"sbkzz","formatid":"gen9vgc2023regulationc","rating":1229,"private":0,"password":""}