{"id":"gen9vgc2023regulationc-1844997213","p1":"Codudu5566","p2":"Lewlo","format":"[Gen 9] VGC 2023 Regulation C","log":"|j|\u2606Codudu5566\n|j|\u2606Lewlo\n|t:|1681672308\n|gametype|doubles\n|player|p1|Codudu5566|lady-gen4|1207\n|player|p2|Lewlo|pokemonbreeder-gen4|1261\n|teamsize|p1|6\n|teamsize|p2|6\n|gen|9\n|tier|[Gen 9] VGC 2023 Regulation C\n|rated|\n|rule|Species Clause: Limit one of each Pok\u00e9mon\n|rule|Item Clause: Limit one of each item\n|clearpoke\n|poke|p1|Gholdengo, L50|\n|poke|p1|Baxcalibur, L50, M|\n|poke|p1|Braviary, L50, M|\n|poke|p1|Flutter Mane, L50|\n|poke|p1|Tauros-Paldea-Aqua, L50, M|\n|poke|p1|Chi-Yu, L50|\n|poke|p2|Orthworm, L50, F|\n|poke|p2|Azumarill, L50, M|\n|poke|p2|Amoonguss, L50, F|\n|poke|p2|Arcanine, L50, M|\n|poke|p2|Flutter Mane, L50|\n|poke|p2|Ting-Lu, L50|\n|teampreview|4\n|inactive|Battle timer is ON: inactive players will automatically lose when time's up. (requested by Lewlo)\nLewlo has agreed to open team sheets.\n|inactive|Codudu5566 has 60 seconds left.\n|\n|t:|1681672349\n|start\n|switch|p1a: Braviary|Braviary, L50, M|100\/100\n|switch|p1b: Flutter Mane|Flutter Mane, L50|100\/100\n|switch|p2a: Orthworm|Orthworm, L50, F|100\/100\n|switch|p2b: Amoonguss|Amoonguss, L50, F|100\/100\n|turn|1\n|\n|t:|1681672373\n|move|p2b: Amoonguss|Protect|p2b: Amoonguss\n|-singleturn|p2b: Amoonguss|Protect\n|move|p1b: Flutter Mane|Shadow Ball|p2b: Amoonguss\n|-activate|p2b: Amoonguss|move: Protect\n|move|p1a: Braviary|Brave Bird|p2b: Amoonguss\n|-activate|p2b: Amoonguss|move: Protect\n|move|p2a: Orthworm|Shed Tail|p2a: Orthworm\n|-start|p2a: Orthworm|Substitute|[from] move: Shed Tail\n|-damage|p2a: Orthworm|50\/100\n|-enditem|p2a: Orthworm|Sitrus Berry|[eat]\n|-heal|p2a: Orthworm|75\/100|[from] item: Sitrus Berry\n|\n|t:|1681672385\n|switch|p2a: Azumarill|Azumarill, L50, M|100\/100|[from] Shed Tail\n|\n|upkeep\n|turn|2\n|inactive|Codudu5566 has 30 seconds left.\n|inactive|Codudu5566 has 20 seconds left.\n|inactive|Codudu5566 has 15 seconds left.\n|inactive|Codudu5566 has 10 seconds left.\n|inactive|Codudu5566 has 5 seconds left.\n|\n|t:|1681672438\n|move|p1b: Flutter Mane|Shadow Ball|p2b: Amoonguss\n|-damage|p2b: Amoonguss|53\/100\n|move|p1a: Braviary|Brave Bird|p2b: Amoonguss\n|-supereffective|p2b: Amoonguss\n|-damage|p2b: Amoonguss|0 fnt\n|-damage|p1a: Braviary|84\/100|[from] item: Rocky Helmet|[of] p2b: Amoonguss\n|faint|p2b: Amoonguss\n|-damage|p1a: Braviary|66\/100|[from] Recoil\n|move|p2a: Azumarill|Belly Drum|p2a: Azumarill\n|-damage|p2a: Azumarill|50\/100\n|-setboost|p2a: Azumarill|atk|6|[from] move: Belly Drum\n|\n|upkeep\n|\n|t:|1681672449\n|switch|p2b: Erm Kinda cringe|Ting-Lu, L50|100\/100\n|-ability|p2b: Erm Kinda cringe|Vessel of Ruin\n|turn|3\n|\n|t:|1681672472\n|-terastallize|p2a: Azumarill|Water\n|move|p2a: Azumarill|Aqua Jet|p1a: Braviary\n|-damage|p1a: Braviary|0 fnt\n|faint|p1a: Braviary\n|move|p1b: Flutter Mane|Energy Ball|p2a: Azumarill\n|-supereffective|p2a: Azumarill\n|-crit|p2a: Azumarill\n|-end|p2a: Azumarill|Substitute\n|move|p2b: Erm Kinda cringe|Heavy Slam|p1b: Flutter Mane\n|-supereffective|p1b: Flutter Mane\n|-enditem|p1b: Flutter Mane|Focus Sash\n|-damage|p1b: Flutter Mane|1\/100\n|\n|upkeep\n|\n|t:|1681672491\n|switch|p1a: Tauros|Tauros-Paldea-Aqua, L50, M|100\/100\n|-ability|p1a: Tauros|Intimidate|boost\n|-unboost|p2a: Azumarill|atk|1\n|-unboost|p2b: Erm Kinda cringe|atk|1\n|turn|4\n|\n|t:|1681672506\n|move|p1b: Flutter Mane|Protect|p1b: Flutter Mane\n|-singleturn|p1b: Flutter Mane|Protect\n|move|p2a: Azumarill|Protect|p2a: Azumarill\n|-singleturn|p2a: Azumarill|Protect\n|move|p1a: Tauros|Wave Crash|p2b: Erm Kinda cringe\n|-supereffective|p2b: Erm Kinda cringe\n|-damage|p2b: Erm Kinda cringe|47\/100\n|-damage|p1a: Tauros|70\/100|[from] Recoil\n|move|p2b: Erm Kinda cringe|Ruination|p1a: Tauros\n|-damage|p1a: Tauros|35\/100\n|\n|upkeep\n|turn|5\n|\n|t:|1681672527\n|switch|p2b: Orthworm|Orthworm, L50, F|75\/100\n|move|p1a: Tauros|Protect|p1a: Tauros\n|-singleturn|p1a: Tauros|Protect\n|move|p2a: Azumarill|Aqua Jet|p1b: Flutter Mane\n|-damage|p1b: Flutter Mane|0 fnt\n|faint|p1b: Flutter Mane\n|-end|p1b: Flutter Mane|Protosynthesis|[silent]\n|\n|upkeep\n|\n|t:|1681672538\n|switch|p1b: Chi-Yu|Chi-Yu, L50|100\/100\n|-ability|p1b: Chi-Yu|Beads of Ruin\n|turn|6\n|\n|t:|1681672564\n|move|p2b: Orthworm|Helping Hand|p2a: Azumarill\n|-singleturn|p2a: Azumarill|Helping Hand|[of] p2b: Orthworm\n|move|p1b: Chi-Yu|Protect|p1b: Chi-Yu\n|-singleturn|p1b: Chi-Yu|Protect\n|move|p2a: Azumarill|Aqua Jet|p1a: Tauros\n|-resisted|p1a: Tauros\n|-damage|p1a: Tauros|0 fnt\n|faint|p1a: Tauros\n|\n|upkeep\n|turn|7\n|-message|Codudu5566 forfeited.\n|\n|win|Lewlo\n|raw|Codudu5566's rating: 1207 → 1186<\/strong> (-21 for losing)\n|raw|Lewlo's rating: 1261 → 1282<\/strong> (+21 for winning)\n|l|\u2606Codudu5566\n","uploadtime":1681672580,"views":7,"p1id":"codudu5566","p2id":"lewlo","formatid":"gen9vgc2023regulationc","rating":1186,"private":0,"password":""}