{"id":"gen9vgc2023regulationc-1847083118","p1":"Mdc3599","p2":"Uao","format":"[Gen 9] VGC 2023 Regulation C","log":"|j|\u2606Mdc3599\n|j|\u2606Uao\n|t:|1681917671\n|gametype|doubles\n|player|p1|Mdc3599|pokekid|1333\n|player|p2|Uao|chili|1301\n|teamsize|p1|6\n|teamsize|p2|6\n|gen|9\n|tier|[Gen 9] VGC 2023 Regulation C\n|rated|\n|rule|Species Clause: Limit one of each Pok\u00e9mon\n|rule|Item Clause: Limit one of each item\n|clearpoke\n|poke|p1|Tyranitar, L50, M|\n|poke|p1|Annihilape, L50, M|\n|poke|p1|Grimmsnarl, L50, M|\n|poke|p1|Flutter Mane, L50|\n|poke|p1|Iron Bundle, L50|\n|poke|p1|Magnezone, L50|\n|poke|p2|Sandy Shocks, L50|\n|poke|p2|Torkoal, L50, M|\n|poke|p2|Lilligant, L50, F|\n|poke|p2|Flutter Mane, L50|\n|poke|p2|Garganacl, L50, F|\n|poke|p2|Chi-Yu, L50|\n|teampreview|4\n|inactive|Battle timer is ON: inactive players will automatically lose when time's up. (requested by Uao)\nUao has agreed to open team sheets.\n|inactive|Uao has 60 seconds left.\n|\n|t:|1681917738\n|start\n|switch|p1a: Grimmsnarl|Grimmsnarl, L50, M|100\/100\n|switch|p1b: Annihilape|Annihilape, L50, M|100\/100\n|switch|p2a: Whip|Lilligant, L50, F|100\/100\n|switch|p2b: Smoky|Torkoal, L50, M|100\/100\n|-weather|SunnyDay|[from] ability: Drought|[of] p2b: Smoky\n|turn|1\n|\n|t:|1681917761\n|-terastallize|p1b: Annihilape|Fire\n|move|p1a: Grimmsnarl|Light Screen|p1a: Grimmsnarl\n|-sidestart|p1: Mdc3599|move: Light Screen\n|move|p2a: Whip|Sleep Powder|p1a: Grimmsnarl|[miss]\n|-miss|p2a: Whip|p1a: Grimmsnarl\n|move|p1b: Annihilape|Drain Punch|p2b: Smoky\n|-damage|p2b: Smoky|77\/100\n|move|p2b: Smoky|Overheat|p1b: Annihilape\n|-resisted|p1b: Annihilape\n|-damage|p1b: Annihilape|80\/100\n|-unboost|p2b: Smoky|spa|2\n|-enditem|p2b: Smoky|Eject Pack\n|\n|t:|1681917770\n|switch|p2b: Pelomagneto|Sandy Shocks, L50|100\/100\n|-activate|p2b: Pelomagneto|ability: Protosynthesis\n|-start|p2b: Pelomagneto|protosynthesisspe\n|\n|-weather|SunnyDay|[upkeep]\n|-heal|p1b: Annihilape|86\/100|[from] item: Leftovers\n|upkeep\n|turn|2\n|inactive|Uao has 30 seconds left.\n|\n|t:|1681917801\n|switch|p1a: Tyranitar|Tyranitar, L50, M|100\/100\n|-weather|Sandstorm|[from] ability: Sand Stream|[of] p1a: Tyranitar\n|-end|p2b: Pelomagneto|Protosynthesis\n|move|p2b: Pelomagneto|Earth Power|p1b: Annihilape\n|-supereffective|p1b: Annihilape\n|-damage|p1b: Annihilape|24\/100\n|move|p2a: Whip|Leaf Storm|p1b: Annihilape|[miss]\n|-miss|p2a: Whip|p1b: Annihilape\n|move|p1b: Annihilape|Rage Fist|p2b: Pelomagneto\n|-damage|p2b: Pelomagneto|39\/100\n|\n|-weather|Sandstorm|[upkeep]\n|-damage|p2a: Whip|94\/100|[from] Sandstorm\n|-damage|p1b: Annihilape|18\/100|[from] Sandstorm\n|-heal|p1b: Annihilape|24\/100|[from] item: Leftovers\n|upkeep\n|turn|3\n|inactive|Uao has 30 seconds left.\n|c|\u2606Uao|Lilligant can you connect one fucking attack please?\n|inactive|Uao has 20 seconds left.\n|inactive|Uao has 15 seconds left.\n|\n|t:|1681917842\n|switch|p2a: Smoky|Torkoal, L50, M|77\/100\n|-weather|SunnyDay|[from] ability: Drought|[of] p2a: Smoky\n|-activate|p2b: Pelomagneto|ability: Protosynthesis\n|-start|p2b: Pelomagneto|protosynthesisspe\n|move|p1b: Annihilape|Protect|p1b: Annihilape\n|-singleturn|p1b: Annihilape|Protect\n|move|p2b: Pelomagneto|Earth Power|p1a: Tyranitar\n|-supereffective|p1a: Tyranitar\n|-damage|p1a: Tyranitar|32\/100\n|-enditem|p1a: Tyranitar|Weakness Policy\n|-boost|p1a: Tyranitar|atk|2|[from] item: Weakness Policy\n|-boost|p1a: Tyranitar|spa|2|[from] item: Weakness Policy\n|move|p1a: Tyranitar|Rock Slide|p2b: Pelomagneto|[spread] p2a,p2b\n|-supereffective|p2a: Smoky\n|-resisted|p2b: Pelomagneto\n|-damage|p2a: Smoky|0 fnt\n|-damage|p2b: Pelomagneto|11\/100\n|faint|p2a: Smoky\n|\n|-weather|SunnyDay|[upkeep]\n|-heal|p1b: Annihilape|30\/100|[from] item: Leftovers\n|upkeep\n|inactive|Uao has 30 seconds left.\n|\n|t:|1681917874\n|switch|p2a: Chi-Yu|Chi-Yu, L50|100\/100\n|-ability|p2a: Chi-Yu|Beads of Ruin\n|turn|4\n|\n|t:|1681917893\n|switch|p1a: Grimmsnarl|Grimmsnarl, L50, M|100\/100\n|move|p1b: Annihilape|Protect|p1b: Annihilape\n|-singleturn|p1b: Annihilape|Protect\n|move|p2b: Pelomagneto|Earth Power|p1b: Annihilape\n|-activate|p1b: Annihilape|move: Protect\n|move|p2a: Chi-Yu|Heat Wave|p1b: Annihilape|[spread] p1a\n|-activate|p1b: Annihilape|move: Protect\n|-damage|p1a: Grimmsnarl|49\/100\n|\n|-weather|SunnyDay|[upkeep]\n|-heal|p1b: Annihilape|36\/100|[from] item: Leftovers\n|upkeep\n|turn|5\n|inactive|Uao has 30 seconds left.\n|c|\u2606Uao|really\n|inactive|Uao has 20 seconds left.\n|c|\u2606Uao|I cannot connect a move and you do a double protect\n|inactive|Uao has 15 seconds left.\n|inactive|Uao has 10 seconds left.\n|c|\u2606Uao|universe is just telling me to stop playing\n|\n|t:|1681917943\n|move|p1a: Grimmsnarl|Parting Shot|p2b: Pelomagneto\n|-unboost|p2b: Pelomagneto|atk|1\n|-unboost|p2b: Pelomagneto|spa|1\n|\n|t:|1681917947\n|switch|p1a: Tyranitar|Tyranitar, L50, M|32\/100|[from] Parting Shot\n|-weather|Sandstorm|[from] ability: Sand Stream|[of] p1a: Tyranitar\n|-end|p2b: Pelomagneto|Protosynthesis\n|move|p2a: Chi-Yu|Heat Wave|p1b: Annihilape|[spread] p1b\n|-miss|p2a: Chi-Yu|p1a: Tyranitar\n|-resisted|p1b: Annihilape\n|-damage|p1b: Annihilape|24\/100\n|move|p2b: Pelomagneto|Earth Power|p1b: Annihilape\n|-supereffective|p1b: Annihilape\n|-damage|p1b: Annihilape|0 fnt\n|faint|p1b: Annihilape\n|\n|-weather|Sandstorm|[upkeep]\n|-damage|p2a: Chi-Yu|94\/100|[from] Sandstorm\n|upkeep\n|c|\u2606Uao|my gosh\n|\n|t:|1681917967\n|switch|p1b: Iron Bundle|Iron Bundle, L50|100\/100\n|turn|6\n|inactive|Uao has 30 seconds left.\n|inactive|Uao has 20 seconds left.\n|inactive|Uao has 15 seconds left.\n|\n|t:|1681918010\n|-terastallize|p2a: Chi-Yu|Dark\n|move|p2a: Chi-Yu|Heat Wave|p1b: Iron Bundle|[spread] p1b\n|-miss|p2a: Chi-Yu|p1a: Tyranitar\n|-damage|p1b: Iron Bundle|36\/100\n|move|p1b: Iron Bundle|Icy Wind|p2a: Chi-Yu|[spread] p2a,p2b\n|-supereffective|p2b: Pelomagneto\n|-damage|p2a: Chi-Yu|68\/100\n|-damage|p2b: Pelomagneto|0 fnt\n|-unboost|p2a: Chi-Yu|spe|1\n|faint|p2b: Pelomagneto\n|-end|p2b: Pelomagneto|Protosynthesis|[silent]\n|move|p1a: Tyranitar|Rock Slide|p2a: Chi-Yu\n|-damage|p2a: Chi-Yu|9\/100\n|\n|-weather|Sandstorm|[upkeep]\n|-damage|p1b: Iron Bundle|30\/100|[from] Sandstorm\n|-damage|p2a: Chi-Yu|3\/100|[from] Sandstorm\n|upkeep\n|\n|t:|1681918022\n|switch|p2b: Whip|Lilligant, L50, F|94\/100\n|turn|7\n|c|\u2606Uao|gg\n|-message|Uao forfeited.\n|\n|win|Mdc3599\n|raw|Mdc3599's rating: 1333 → 1351<\/strong> (+18 for winning)\n|raw|Uao's rating: 1301 → 1283<\/strong> (-18 for losing)\n","uploadtime":1681918092,"views":9,"p1id":"mdc3599","p2id":"uao","formatid":"gen9vgc2023regulationc","rating":1283,"private":0,"password":""}