{"id":"gen9vgc2023regulationc-1858128774","p1":"volcaronya","p2":"Confusianesimo","format":"[Gen 9] VGC 2023 Regulation C","log":"|j|\u2606volcaronya\n|j|\u2606Confusianesimo\n|t:|1683280315\n|gametype|doubles\n|player|p1|volcaronya|lusamine-masters|\n|player|p2|Confusianesimo|cyclist|\n|teamsize|p1|6\n|teamsize|p2|6\n|gen|9\n|tier|[Gen 9] VGC 2023 Regulation C\n|rated|Tournament battle\n|rule|Species Clause: Limit one of each Pok\u00e9mon\n|rule|Item Clause: Limit one of each item\n|clearpoke\n|poke|p1|Gholdengo, L50|\n|poke|p1|Wo-Chien, L50|\n|poke|p1|Ting-Lu, L50|\n|poke|p1|Palafin, L50, F|\n|poke|p1|Flutter Mane, L50|\n|poke|p1|Arcanine, L50, F|\n|poke|p2|Iron Hands, L50|\n|poke|p2|Ting-Lu, L50|\n|poke|p2|Amoonguss, L50, F|\n|poke|p2|Gyarados, L50, M|\n|poke|p2|Iron Bundle, L50|\n|poke|p2|Flutter Mane, L50|\n|teampreview|4\n|raw| Open Team Sheet for volcaronya<\/summary>Gholdengo @ Sitrus Berry Ability: Good as Gold Level: 50 Tera Type: Water - Make It Rain - Shadow Ball - Protect - Nasty Plot Wo-Chien @ Leftovers Ability: Tablets of Ruin Level: 50 Tera Type: Poison - Foul Play - Pollen Puff - Leech Seed - Protect Ting-Lu @ Assault Vest Ability: Vessel of Ruin Level: 50 Tera Type: Poison - Stomping Tantrum - Ruination - Sand Tomb - Heavy Slam Palafin @ Mystic Water Ability: Zero to Hero Level: 50 Tera Type: Water - Wave Crash - Jet Punch - Protect - Haze Flutter Mane @ Choice Specs Ability: Protosynthesis Level: 50 Tera Type: Fairy - Moonblast - Shadow Ball - Dazzling Gleam - Thunderbolt Arcanine @ Safety Goggles Ability: Intimidate Level: 50 Tera Type: Grass - Will-O-Wisp - Flare Blitz - Extreme Speed - Howl <\/details><\/div> Open Team Sheet for Confusianesimo<\/summary>Manoferrea (Iron Hands) @ Safety Goggles Ability: Quark Drive Level: 50 Tera Type: Fire - Detect - Drain Punch - Wild Charge - Swords Dance Ting-Lu @ Assault Vest Ability: Vessel of Ruin Level: 50 Tera Type: Ground - Stomping Tantrum - Ruination - Heavy Slam - Earthquake Amoonguss @ Sitrus Berry Ability: Regenerator Level: 50 Tera Type: Water - Pollen Puff - Spore - Rage Powder - Clear Smog Gyarados @ Aguav Berry Ability: Intimidate Level: 50 Tera Type: Poison - Waterfall - Helping Hand - Taunt - Thunder Wave Saccoferreo (Iron Bundle) @ Booster Energy Ability: Quark Drive Level: 50 Tera Type: Ghost - Freeze-Dry - Hydro Pump - Icy Wind - Protect Crinealato (Flutter Mane) @ Focus Sash Ability: Protosynthesis Level: 50 Tera Type: Fairy - Moonblast - Shadow Ball - Dazzling Gleam - Protect <\/details><\/div>\n|inactive|Battle timer is ON: inactive players will automatically lose when time's up. (requested by Confusianesimo)\n|inactive|Confusianesimo has 60 seconds left.\n|\n|t:|1683280426\n|start\n|switch|p1a: Flutter Mane|Flutter Mane, L50|100\/100\n|switch|p1b: Gholdengo|Gholdengo, L50|100\/100\n|switch|p2a: Gyarados|Gyarados, L50, M|100\/100\n|switch|p2b: Manoferrea|Iron Hands, L50|100\/100\n|-ability|p2a: Gyarados|Intimidate|boost\n|-unboost|p1a: Flutter Mane|atk|1\n|-unboost|p1b: Gholdengo|atk|1\n|turn|1\n|\n|t:|1683280444\n|switch|p2a: Ting-Lu|Ting-Lu, L50|100\/100\n|-ability|p2a: Ting-Lu|Vessel of Ruin\n|-terastallize|p2b: Manoferrea|Fire\n|move|p1a: Flutter Mane|Thunderbolt|p2a: Ting-Lu\n|-immune|p2a: Ting-Lu\n|move|p1b: Gholdengo|Nasty Plot|p1b: Gholdengo\n|-boost|p1b: Gholdengo|spa|2\n|move|p2b: Manoferrea|Swords Dance|p2b: Manoferrea\n|-boost|p2b: Manoferrea|atk|2\n|\n|upkeep\n|turn|2\n|\n|t:|1683280461\n|move|p2b: Manoferrea|Detect|p2b: Manoferrea\n|-singleturn|p2b: Manoferrea|Protect\n|move|p1a: Flutter Mane|Thunderbolt|p2b: Manoferrea\n|-activate|p2b: Manoferrea|move: Protect\n|move|p1b: Gholdengo|Shadow Ball|p2b: Manoferrea\n|-activate|p2b: Manoferrea|move: Protect\n|move|p2a: Ting-Lu|Earthquake|p1b: Gholdengo|[spread] p1a,p1b\n|-activate|p2b: Manoferrea|move: Protect\n|-supereffective|p1b: Gholdengo\n|-damage|p1a: Flutter Mane|52\/100\n|-damage|p1b: Gholdengo|31\/100\n|-enditem|p1b: Gholdengo|Sitrus Berry|[eat]\n|-heal|p1b: Gholdengo|56\/100|[from] item: Sitrus Berry\n|\n|upkeep\n|turn|3\n|\n|t:|1683280480\n|move|p1a: Flutter Mane|Thunderbolt|p2b: Manoferrea\n|-damage|p2b: Manoferrea|74\/100\n|move|p1b: Gholdengo|Shadow Ball|p2b: Manoferrea\n|-damage|p2b: Manoferrea|21\/100\n|move|p2b: Manoferrea|Wild Charge|p1a: Flutter Mane\n|-damage|p1a: Flutter Mane|0 fnt\n|faint|p1a: Flutter Mane\n|-end|p1a: Flutter Mane|Protosynthesis|[silent]\n|-damage|p2b: Manoferrea|13\/100|[from] Recoil\n|move|p2a: Ting-Lu|Stomping Tantrum|p1b: Gholdengo\n|-supereffective|p1b: Gholdengo\n|-damage|p1b: Gholdengo|0 fnt\n|faint|p1b: Gholdengo\n|\n|upkeep\n|\n|t:|1683280488\n|switch|p1a: Arcanine|Arcanine, L50, F|100\/100\n|switch|p1b: Ting-Lu|Ting-Lu, L50|100\/100\n|-ability|p1a: Arcanine|Intimidate|boost\n|-unboost|p2a: Ting-Lu|atk|1\n|-unboost|p2b: Manoferrea|atk|1\n|-ability|p1b: Ting-Lu|Vessel of Ruin\n|turn|4\n|\n|t:|1683280500\n|-end|p2b: Manoferrea|Quark Drive|[silent]\n|switch|p2b: Gyarados|Gyarados, L50, M|100\/100\n|-ability|p2b: Gyarados|Intimidate|boost\n|-unboost|p1a: Arcanine|atk|1\n|-unboost|p1b: Ting-Lu|atk|1\n|-terastallize|p1a: Arcanine|Grass\n|move|p1a: Arcanine|Will-O-Wisp|p2a: Ting-Lu\n|-status|p2a: Ting-Lu|brn\n|move|p2a: Ting-Lu|Ruination|p1b: Ting-Lu|[miss]\n|-miss|p2a: Ting-Lu|p1b: Ting-Lu\n|move|p1b: Ting-Lu|Stomping Tantrum|p2b: Gyarados\n|-immune|p2b: Gyarados\n|\n|-damage|p2a: Ting-Lu|94\/100 brn|[from] brn\n|upkeep\n|turn|5\n|\n|t:|1683280522\n|move|p1a: Arcanine|Will-O-Wisp|p2b: Gyarados\n|-status|p2b: Gyarados|brn\n|move|p2b: Gyarados|Taunt|p1a: Arcanine\n|-start|p1a: Arcanine|move: Taunt\n|move|p2a: Ting-Lu|Ruination|p1b: Ting-Lu\n|-damage|p1b: Ting-Lu|51\/100\n|move|p1b: Ting-Lu|Ruination|p2b: Gyarados\n|-damage|p2b: Gyarados|50\/100 brn\n|\n|-damage|p2b: Gyarados|45\/100 brn|[from] brn\n|-damage|p2a: Ting-Lu|88\/100 brn|[from] brn\n|upkeep\n|turn|6\n|\n|t:|1683280541\n|move|p1a: Arcanine|Flare Blitz|p2a: Ting-Lu\n|-damage|p2a: Ting-Lu|67\/100 brn\n|-damage|p1a: Arcanine|92\/100|[from] Recoil\n|move|p2b: Gyarados|Thunder Wave|p1a: Arcanine\n|-status|p1a: Arcanine|par\n|move|p2a: Ting-Lu|Ruination|p1b: Ting-Lu\n|-damage|p1b: Ting-Lu|26\/100\n|move|p1b: Ting-Lu|Sand Tomb|p2a: Ting-Lu\n|-damage|p2a: Ting-Lu|59\/100 brn\n|-activate|p2a: Ting-Lu|move: Sand Tomb|[of] p1b: Ting-Lu\n|\n|-damage|p2b: Gyarados|39\/100 brn|[from] brn\n|-damage|p2a: Ting-Lu|53\/100 brn|[from] brn\n|-damage|p2a: Ting-Lu|41\/100 brn|[from] move: Sand Tomb|[partiallytrapped]\n|upkeep\n|turn|7\n|j| arklaurant\n|\n|t:|1683280561\n|move|p1a: Arcanine|Extreme Speed|p2b: Gyarados\n|-damage|p2b: Gyarados|25\/100 brn\n|-enditem|p2b: Gyarados|Aguav Berry|[eat]\n|-heal|p2b: Gyarados|58\/100 brn|[from] item: Aguav Berry\n|move|p2b: Gyarados|Waterfall|p1b: Ting-Lu\n|-supereffective|p1b: Ting-Lu\n|-damage|p1b: Ting-Lu|1\/100\n|move|p2a: Ting-Lu|Ruination|p1a: Arcanine\n|-damage|p1a: Arcanine|47\/100 par\n|move|p1b: Ting-Lu|Stomping Tantrum|p2a: Ting-Lu\n|-damage|p2a: Ting-Lu|27\/100 brn\n|\n|-damage|p2b: Gyarados|52\/100 brn|[from] brn\n|-damage|p2a: Ting-Lu|21\/100 brn|[from] brn\n|-damage|p2a: Ting-Lu|9\/100 brn|[from] move: Sand Tomb|[partiallytrapped]\n|upkeep\n|turn|8\n|\n|t:|1683280580\n|move|p1a: Arcanine|Extreme Speed|p2a: Ting-Lu\n|-damage|p2a: Ting-Lu|0 fnt\n|faint|p2a: Ting-Lu\n|move|p2b: Gyarados|Waterfall|p1b: Ting-Lu\n|-supereffective|p1b: Ting-Lu\n|-damage|p1b: Ting-Lu|0 fnt\n|faint|p1b: Ting-Lu\n|\n|-damage|p2b: Gyarados|46\/100 brn|[from] brn\n|-end|p1a: Arcanine|move: Taunt\n|upkeep\n|\n|t:|1683280585\n|switch|p2a: Saccoferreo|Iron Bundle, L50|100\/100\n|-enditem|p2a: Saccoferreo|Booster Energy\n|-activate|p2a: Saccoferreo|ability: Quark Drive|[fromitem]\n|-start|p2a: Saccoferreo|quarkdrivespe\n|turn|9\n|-message|volcaronya forfeited.\n|\n|win|Confusianesimo\n|n|\u2606volcaronya|volcaronya\n|n|\u2606Confusianesimo|confusianesimo\n|n| arklaurant|arklaurant\n","uploadtime":1683280595,"views":13,"p1id":"volcaronya","p2id":"confusianesimo","formatid":"gen9vgc2023regulationc","rating":0,"private":0,"password":""}