{"id":"gen9vgc2023regulationc-1846509065","p1":"klGF","p2":"Rin Itachi","format":"[Gen 9] VGC 2023 Regulation C","log":"|j|\u2606klGF\n|j|\u2606Rin Itachi\n|t:|1681846926\n|gametype|doubles\n|player|p1|klGF|pokefan-gen4|1210\n|player|p2|Rin Itachi|marley|1248\n|teamsize|p1|6\n|teamsize|p2|6\n|gen|9\n|tier|[Gen 9] VGC 2023 Regulation C\n|rated|\n|rule|Species Clause: Limit one of each Pok\u00e9mon\n|rule|Item Clause: Limit one of each item\n|clearpoke\n|poke|p1|Chi-Yu, L50|\n|poke|p1|Iron Valiant, L50|\n|poke|p1|Flutter Mane, L50|\n|poke|p1|Indeedee-F, L50, F|\n|poke|p1|Armarouge, L50, M|\n|poke|p1|Torkoal, L50, M|\n|poke|p2|Talonflame, L50, F|\n|poke|p2|Great Tusk, L50|\n|poke|p2|Chi-Yu, L50|\n|poke|p2|Flutter Mane, L50|\n|poke|p2|Gyarados, L50, M|\n|poke|p2|Indeedee-F, L50, F|\n|teampreview|4\n|inactive|Battle timer is ON: inactive players will automatically lose when time's up. (requested by klGF)\n|inactive|Rin Itachi has 60 seconds left.\n|\n|t:|1681846969\n|start\n|switch|p1a: Indeedee|Indeedee-F, L50, F|100\/100\n|switch|p1b: Flutter Mane|Flutter Mane, L50|100\/100\n|switch|p2a: Itachi Rin|Flutter Mane, L50|100\/100\n|switch|p2b: Indeedee|Indeedee-F, L50, F|100\/100\n|-fieldstart|move: Psychic Terrain|[from] ability: Psychic Surge|[of] p2b: Indeedee\n|-enditem|p2b: Indeedee|Psychic Seed\n|-boost|p2b: Indeedee|spd|1|[from] item: Psychic Seed\n|-enditem|p1a: Indeedee|Psychic Seed\n|-boost|p1a: Indeedee|spd|1|[from] item: Psychic Seed\n|-enditem|p2a: Itachi Rin|Booster Energy\n|-activate|p2a: Itachi Rin|ability: Protosynthesis|[fromitem]\n|-start|p2a: Itachi Rin|protosynthesisspa\n|turn|1\n|\n|t:|1681846977\n|move|p2b: Indeedee|Follow Me|p2b: Indeedee\n|-singleturn|p2b: Indeedee|move: Follow Me\n|move|p1b: Flutter Mane|Dazzling Gleam|p2a: Itachi Rin|[spread] p2a,p2b\n|-damage|p2a: Itachi Rin|57\/100\n|-damage|p2b: Indeedee|67\/100\n|move|p2a: Itachi Rin|Substitute|p2a: Itachi Rin\n|-start|p2a: Itachi Rin|Substitute\n|-damage|p2a: Itachi Rin|33\/100\n|move|p1a: Indeedee|Trick Room|p1a: Indeedee\n|-fieldstart|move: Trick Room|[of] p1a: Indeedee\n|\n|upkeep\n|turn|2\n|\n|t:|1681846992\n|move|p2a: Itachi Rin|Protect|p2a: Itachi Rin\n|-singleturn|p2a: Itachi Rin|Protect\n|move|p1a: Indeedee|Follow Me|p1a: Indeedee\n|-singleturn|p1a: Indeedee|move: Follow Me\n|move|p2b: Indeedee|Imprison|p2b: Indeedee\n|-start|p2b: Indeedee|move: Imprison\n|move|p1b: Flutter Mane|Dazzling Gleam|p2a: Itachi Rin|[spread] p2b\n|-activate|p2a: Itachi Rin|move: Protect\n|-damage|p2b: Indeedee|33\/100\n|\n|upkeep\n|turn|3\n|\n|t:|1681847004\n|move|p1a: Indeedee|Helping Hand|p1b: Flutter Mane\n|-singleturn|p1b: Flutter Mane|Helping Hand|[of] p1a: Indeedee\n|move|p2a: Itachi Rin|Shadow Ball|p1b: Flutter Mane\n|-supereffective|p1b: Flutter Mane\n|-damage|p1b: Flutter Mane|0 fnt\n|faint|p1b: Flutter Mane\n|-end|p1b: Flutter Mane|Protosynthesis|[silent]\n|move|p2b: Indeedee|Trick Room|p2b: Indeedee\n|-fieldend|move: Trick Room\n|\n|upkeep\n|\n|t:|1681847013\n|switch|p1b: Armarouge|Armarouge, L50, M|100\/100\n|turn|4\n|\n|t:|1681847020\n|switch|p1a: Torkoal|Torkoal, L50, M|100\/100\n|-weather|SunnyDay|[from] ability: Drought|[of] p1a: Torkoal\n|move|p2a: Itachi Rin|Shadow Ball|p1b: Armarouge\n|-supereffective|p1b: Armarouge\n|-damage|p1b: Armarouge|0 fnt\n|faint|p1b: Armarouge\n|move|p2b: Indeedee|Psychic|p1a: Torkoal\n|-damage|p1a: Torkoal|44\/100\n|\n|-weather|SunnyDay|[upkeep]\n|upkeep\n|\n|t:|1681847030\n|switch|p1b: Indeedee|Indeedee-F, L50, F|100\/100\n|turn|5\n|\n|t:|1681847055\n|-terastallize|p2a: Itachi Rin|Fairy\n|move|p1b: Indeedee|Helping Hand|p1a: Torkoal\n|-singleturn|p1a: Torkoal|Helping Hand|[of] p1b: Indeedee\n|move|p2a: Itachi Rin|Moonblast|p1b: Indeedee\n|-damage|p1b: Indeedee|36\/100\n|move|p2b: Indeedee|Psychic|p1a: Torkoal\n|-damage|p1a: Torkoal|0 fnt\n|faint|p1a: Torkoal\n|\n|-weather|SunnyDay|[upkeep]\n|-fieldend|move: Psychic Terrain\n|upkeep\n|turn|6\n|-message|klGF forfeited.\n|\n|win|Rin Itachi\n|raw|klGF's rating: 1210 → 1188<\/strong> (-22 for losing)\n|raw|Rin Itachi's rating: 1248 → 1270<\/strong> (+22 for winning)\n|l|\u2606klGF\n","uploadtime":1681847068,"views":10,"p1id":"klgf","p2id":"rinitachi","formatid":"gen9vgc2023regulationc","rating":1188,"private":0,"password":""}