{"id":"gen9vgc2023regulationc-1854783851","p1":"fissssssssshhhure","p2":"sdbjj","format":"[Gen 9] VGC 2023 Regulation C","log":"|j|\u2606fissssssssshhhure\n|j|\u2606sdbjj\n|t:|1682865560\n|gametype|doubles\n|player|p1|fissssssssshhhure|veteran|1526\n|player|p2|sdbjj|1|1580\n|teamsize|p1|6\n|teamsize|p2|6\n|gen|9\n|tier|[Gen 9] VGC 2023 Regulation C\n|rated|\n|rule|Species Clause: Limit one of each Pok\u00e9mon\n|rule|Item Clause: Limit one of each item\n|clearpoke\n|poke|p1|Ceruledge, L50, F|\n|poke|p1|Lycanroc, L50, M|\n|poke|p1|Tyranitar, L50, F|\n|poke|p1|Iron Bundle, L50|\n|poke|p1|Dragonite, L50, F|\n|poke|p1|Sylveon, L50, M|\n|poke|p2|Annihilape, L50, M|\n|poke|p2|Maushold, L50|\n|poke|p2|Chien-Pao, L50|\n|poke|p2|Flutter Mane, L50|\n|poke|p2|Dragonite, L50, M|\n|poke|p2|Ting-Lu, L50|\n|teampreview|4\n|inactive|Battle timer is ON: inactive players will automatically lose when time's up. (requested by sdbjj)\n|j| Marconeus1991\n|\n|t:|1682865609\n|start\n|switch|p1a: Lycanroc|Lycanroc, L50, M|100\/100\n|switch|p1b: Ceruledge|Ceruledge, L50, F|100\/100\n|switch|p2a: Maushold|Maushold, L50|100\/100\n|switch|p2b: Annihilape|Annihilape, L50, M|100\/100\n|turn|1\n|\n|t:|1682865627\n|switch|p1b: Tyranitar|Tyranitar, L50, F, shiny|100\/100\n|-weather|Sandstorm|[from] ability: Sand Stream|[of] p1b: Tyranitar\n|move|p1a: Lycanroc|Howl|p1a: Lycanroc|[spread] p1a,p1b\n|-boost|p1a: Lycanroc|atk|1\n|-boost|p1b: Tyranitar|atk|1\n|move|p2b: Annihilape|Shadow Claw|p1b: Tyranitar\n|-resisted|p1b: Tyranitar\n|-damage|p1b: Tyranitar|85\/100\n|move|p2a: Maushold|Population Bomb|p1a: Lycanroc\n|-resisted|p1a: Lycanroc\n|-damage|p1a: Lycanroc|90\/100\n|-resisted|p1a: Lycanroc\n|-damage|p1a: Lycanroc|82\/100\n|-resisted|p1a: Lycanroc\n|-damage|p1a: Lycanroc|73\/100\n|-resisted|p1a: Lycanroc\n|-damage|p1a: Lycanroc|63\/100\n|-resisted|p1a: Lycanroc\n|-damage|p1a: Lycanroc|54\/100\n|-resisted|p1a: Lycanroc\n|-damage|p1a: Lycanroc|46\/100\n|-resisted|p1a: Lycanroc\n|-damage|p1a: Lycanroc|37\/100\n|-resisted|p1a: Lycanroc\n|-damage|p1a: Lycanroc|28\/100\n|-resisted|p1a: Lycanroc\n|-damage|p1a: Lycanroc|18\/100\n|-resisted|p1a: Lycanroc\n|-damage|p1a: Lycanroc|8\/100\n|-hitcount|p1a: Lycanroc|10\n|\n|-weather|Sandstorm|[upkeep]\n|-damage|p2b: Annihilape|95\/100|[from] Sandstorm\n|-damage|p2a: Maushold|94\/100|[from] Sandstorm\n|upkeep\n|turn|2\n|j| Braindeadmeta\n|inactive|fissssssssshhhure has 30 seconds left.\n|inactive|sdbjj has 30 seconds left.\n|j| Buddymayhem\n|inactive|fissssssssshhhure has 20 seconds left.\n|inactive|sdbjj has 20 seconds left.\n|inactive|fissssssssshhhure has 15 seconds left.\n|\n|t:|1682865672\n|switch|p2b: Ting-Lu|Ting-Lu, L50|100\/100\n|-ability|p2b: Ting-Lu|Vessel of Ruin\n|-terastallize|p2a: Maushold|Ghost\n|move|p1a: Lycanroc|Close Combat|p2a: Maushold\n|-immune|p2a: Maushold\n|move|p2a: Maushold|Shadow Claw|p1a: Lycanroc\n|-damage|p1a: Lycanroc|0 fnt\n|faint|p1a: Lycanroc\n|move|p1b: Tyranitar|Rock Slide|p2a: Maushold|[spread] p2a\n|-miss|p1b: Tyranitar|p2b: Ting-Lu\n|-damage|p2a: Maushold|29\/100\n|\n|-weather|Sandstorm|[upkeep]\n|-damage|p2a: Maushold|22\/100|[from] Sandstorm\n|upkeep\n|\n|t:|1682865683\n|switch|p1a: Ceruledge|Ceruledge, L50, F|100\/100\n|turn|3\n|l| Braindeadmeta\n|inactive|fissssssssshhhure has 30 seconds left.\n|\n|t:|1682865718\n|-terastallize|p1a: Ceruledge|Grass\n|move|p2a: Maushold|Protect|p2a: Maushold\n|-singleturn|p2a: Maushold|Protect\n|move|p1a: Ceruledge|Shadow Sneak|p2a: Maushold\n|-activate|p2a: Maushold|move: Protect\n|move|p1b: Tyranitar|Ice Punch|p2b: Ting-Lu\n|-supereffective|p2b: Ting-Lu\n|-damage|p2b: Ting-Lu|44\/100\n|move|p2b: Ting-Lu|Payback|p1a: Ceruledge\n|-damage|p1a: Ceruledge|49\/100\n|\n|-weather|Sandstorm|[upkeep]\n|-damage|p2a: Maushold|16\/100|[from] Sandstorm\n|-damage|p1a: Ceruledge|43\/100|[from] Sandstorm\n|upkeep\n|turn|4\n|inactive|sdbjj has 30 seconds left.\n|\n|t:|1682865746\n|move|p2a: Maushold|Population Bomb|p1a: Ceruledge\n|-damage|p1a: Ceruledge|30\/100\n|-damage|p1a: Ceruledge|17\/100\n|-damage|p1a: Ceruledge|3\/100\n|-damage|p1a: Ceruledge|0 fnt\n|faint|p1a: Ceruledge\n|-hitcount|p1: Ceruledge|4\n|move|p1b: Tyranitar|Ice Punch|p2b: Ting-Lu\n|-supereffective|p2b: Ting-Lu\n|-crit|p2b: Ting-Lu\n|-damage|p2b: Ting-Lu|0 fnt\n|faint|p2b: Ting-Lu\n|\n|-weather|Sandstorm|[upkeep]\n|-damage|p2a: Maushold|10\/100|[from] Sandstorm\n|upkeep\n|\n|t:|1682865765\n|switch|p1a: Iron Bundle|Iron Bundle, L50, shiny|100\/100\n|switch|p2b: Annihilape|Annihilape, L50, M|95\/100\n|-enditem|p1a: Iron Bundle|Booster Energy\n|-activate|p1a: Iron Bundle|ability: Quark Drive|[fromitem]\n|-start|p1a: Iron Bundle|quarkdrivespe\n|turn|5\n|\n|t:|1682865781\n|move|p2a: Maushold|Protect|p2a: Maushold\n|-singleturn|p2a: Maushold|Protect\n|move|p1a: Iron Bundle|Freeze-Dry|p2a: Maushold\n|-activate|p2a: Maushold|move: Protect\n|move|p2b: Annihilape|Close Combat|p1b: Tyranitar\n|-supereffective|p1b: Tyranitar\n|-damage|p1b: Tyranitar|0 fnt\n|-unboost|p2b: Annihilape|def|1\n|-unboost|p2b: Annihilape|spd|1\n|faint|p1b: Tyranitar\n|\n|-weather|none\n|upkeep\n|turn|6\n|-message|fissssssssshhhure forfeited.\n|\n|win|sdbjj\n|raw|fissssssssshhhure's rating: 1526 → 1509<\/strong> (-17 for losing)\n|raw|sdbjj's rating: 1580 → 1597<\/strong> (+17 for winning)\n|l|\u2606fissssssssshhhure\n|l| Marconeus1991\n|l|\u2606sdbjj\n","uploadtime":1682865803,"views":13,"p1id":"fissssssssshhhure","p2id":"sdbjj","formatid":"gen9vgc2023regulationc","rating":1509,"private":0,"password":""}