{"id":"gen9vgc2023regulationc-1854160729","p1":"gorilnx","p2":"Zorom123","format":"[Gen 9] VGC 2023 Regulation C","log":"|j|\u2606gorilnx\n|j|\u2606Zorom123\n|t:|1682778103\n|gametype|doubles\n|player|p1|gorilnx|dawn-gen4pt|1125\n|player|p2|Zorom123|lance|1231\n|teamsize|p1|6\n|teamsize|p2|6\n|gen|9\n|tier|[Gen 9] VGC 2023 Regulation C\n|rated|\n|rule|Species Clause: Limit one of each Pok\u00e9mon\n|rule|Item Clause: Limit one of each item\n|clearpoke\n|poke|p1|Palafin, L50, M|\n|poke|p1|Amoonguss, L50, M|\n|poke|p1|Flutter Mane, L50|\n|poke|p1|Arcanine, L50, F|\n|poke|p1|Ting-Lu, L50|\n|poke|p1|Baxcalibur, L50, M|\n|poke|p2|Palafin, L50, F|\n|poke|p2|Arcanine, L50, M|\n|poke|p2|Amoonguss, L50, M|\n|poke|p2|Ting-Lu, L50|\n|poke|p2|Baxcalibur, L50, M|\n|poke|p2|Flutter Mane, L50|\n|teampreview|4\n|inactive|Battle timer is ON: inactive players will automatically lose when time's up. (requested by Zorom123)\n|\n|t:|1682778132\n|start\n|switch|p1a: Palafin|Palafin, L50, M|100\/100\n|switch|p1b: Flutter Mane|Flutter Mane, L50|100\/100\n|switch|p2a: Arcanine|Arcanine, L50, M|100\/100\n|switch|p2b: Ting-Lu|Ting-Lu, L50|100\/100\n|-ability|p2a: Arcanine|Intimidate|boost\n|-unboost|p1a: Palafin|atk|1\n|-unboost|p1b: Flutter Mane|atk|1\n|-ability|p2b: Ting-Lu|Vessel of Ruin\n|turn|1\n|\n|t:|1682778150\n|-end|p1b: Flutter Mane|Protosynthesis|[silent]\n|switch|p1b: Baxcalibur|Baxcalibur, L50, M|100\/100\n|detailschange|p1a: Palafin|Palafin-Hero, L50, M\n|switch|p1a: Arcanine|Arcanine, L50, F|100\/100\n|-ability|p1a: Arcanine|Intimidate|boost\n|-unboost|p2a: Arcanine|atk|1\n|-unboost|p2b: Ting-Lu|atk|1\n|move|p2a: Arcanine|Howl|p2a: Arcanine|[spread] p2a,p2b\n|-boost|p2a: Arcanine|atk|1\n|-boost|p2b: Ting-Lu|atk|1\n|move|p2b: Ting-Lu|Heavy Slam|p1b: Baxcalibur\n|-supereffective|p1b: Baxcalibur\n|-damage|p1b: Baxcalibur|68\/100\n|\n|upkeep\n|turn|2\n|inactive|Zorom123 has 30 seconds left.\n|inactive|gorilnx has 30 seconds left.\n|inactive|Zorom123 has 20 seconds left.\n|\n|t:|1682778189\n|switch|p2b: Baxcalibur|Baxcalibur, L50, M|100\/100\n|move|p1a: Arcanine|Will-O-Wisp|p2b: Baxcalibur\n|-immune|p2b: Baxcalibur|[from] ability: Thermal Exchange\n|move|p2a: Arcanine|Howl|p2a: Arcanine|[spread] p2a,p2b\n|-boost|p2a: Arcanine|atk|1\n|-boost|p2b: Baxcalibur|atk|1\n|move|p1b: Baxcalibur|Icicle Spear|p2b: Baxcalibur\n|-damage|p2b: Baxcalibur|84\/100\n|-damage|p2b: Baxcalibur|67\/100\n|-damage|p2b: Baxcalibur|49\/100\n|-damage|p2b: Baxcalibur|34\/100\n|-hitcount|p2b: Baxcalibur|4\n|\n|upkeep\n|turn|3\n|\n|t:|1682778211\n|move|p2b: Baxcalibur|Protect|p2b: Baxcalibur\n|-singleturn|p2b: Baxcalibur|Protect\n|move|p1b: Baxcalibur|Protect|p1b: Baxcalibur\n|-singleturn|p1b: Baxcalibur|Protect\n|move|p1a: Arcanine|Flare Blitz|p2b: Baxcalibur\n|-activate|p2b: Baxcalibur|move: Protect\n|move|p2a: Arcanine|Flare Blitz|p1b: Baxcalibur\n|-activate|p1b: Baxcalibur|move: Protect\n|\n|upkeep\n|turn|4\n|inactive|gorilnx has 30 seconds left.\n|inactive|Zorom123 has 30 seconds left.\n|\n|t:|1682778239\n|move|p1a: Arcanine|Extreme Speed|p2b: Baxcalibur\n|-damage|p2b: Baxcalibur|6\/100\n|move|p2b: Baxcalibur|Ice Shard|p1b: Baxcalibur\n|-damage|p1b: Baxcalibur|40\/100\n|move|p1b: Baxcalibur|Ice Shard|p2b: Baxcalibur\n|-damage|p2b: Baxcalibur|0 fnt\n|faint|p2b: Baxcalibur\n|move|p2a: Arcanine|Flare Blitz|p1b: Baxcalibur\n|-damage|p1b: Baxcalibur|0 fnt\n|faint|p1b: Baxcalibur\n|-damage|p2a: Arcanine|86\/100|[from] Recoil\n|\n|upkeep\n|\n|t:|1682778257\n|switch|p2b: Flutter Mane|Flutter Mane, L50|100\/100\n|switch|p1b: Palafin|Palafin-Hero, L50, M|100\/100\n|-activate|p1b: Palafin|ability: Zero to Hero\n|-enditem|p2b: Flutter Mane|Booster Energy\n|-activate|p2b: Flutter Mane|ability: Protosynthesis|[fromitem]\n|-start|p2b: Flutter Mane|protosynthesisspa\n|turn|5\n|inactive|Zorom123 has 30 seconds left.\n|\n|t:|1682778286\n|-terastallize|p1b: Palafin|Water\n|move|p1a: Arcanine|Protect|p1a: Arcanine\n|-singleturn|p1a: Arcanine|Protect\n|move|p1b: Palafin|Jet Punch|p2b: Flutter Mane\n|-damage|p2b: Flutter Mane|28\/100\n|move|p2b: Flutter Mane|Shadow Ball|p1b: Palafin\n|-damage|p1b: Palafin|58\/100\n|-unboost|p1b: Palafin|spd|1\n|move|p2a: Arcanine|Will-O-Wisp|p1b: Palafin\n|-status|p1b: Palafin|brn\n|\n|-damage|p1b: Palafin|52\/100 brn|[from] brn\n|upkeep\n|turn|6\n|\n|t:|1682778305\n|-end|p2b: Flutter Mane|Protosynthesis|[silent]\n|switch|p2b: Ting-Lu|Ting-Lu, L50|100\/100\n|-ability|p2b: Ting-Lu|Vessel of Ruin\n|move|p1b: Palafin|Protect|p1b: Palafin\n|-singleturn|p1b: Palafin|Protect\n|move|p1a: Arcanine|Flare Blitz|p2b: Ting-Lu\n|-damage|p2b: Ting-Lu|74\/100\n|-damage|p1a: Arcanine|89\/100|[from] Recoil\n|move|p2a: Arcanine|Howl|p2a: Arcanine|[spread] p2a,p2b\n|-boost|p2a: Arcanine|atk|1\n|-boost|p2b: Ting-Lu|atk|1\n|\n|-damage|p1b: Palafin|46\/100 brn|[from] brn\n|upkeep\n|turn|7\n|inactive|Zorom123 has 30 seconds left.\n|\n|t:|1682778336\n|-terastallize|p2b: Ting-Lu|Poison\n|move|p1b: Palafin|Jet Punch|p2a: Arcanine\n|-supereffective|p2a: Arcanine\n|-damage|p2a: Arcanine|19\/100\n|move|p1a: Arcanine|Will-O-Wisp|p2b: Ting-Lu\n|-status|p2b: Ting-Lu|brn\n|move|p2a: Arcanine|Flare Blitz|p1a: Arcanine\n|-resisted|p1a: Arcanine\n|-damage|p1a: Arcanine|40\/100\n|-damage|p2a: Arcanine|3\/100|[from] Recoil\n|move|p2b: Ting-Lu|Stomping Tantrum|p1b: Palafin\n|-damage|p1b: Palafin|27\/100 brn\n|\n|-damage|p1b: Palafin|21\/100 brn|[from] brn\n|-damage|p2b: Ting-Lu|68\/100 brn|[from] brn\n|upkeep\n|turn|8\n|\n|t:|1682778356\n|move|p2a: Arcanine|Protect|p2a: Arcanine\n|-singleturn|p2a: Arcanine|Protect\n|move|p1a: Arcanine|Extreme Speed|p2a: Arcanine\n|-activate|p2a: Arcanine|move: Protect\n|move|p1b: Palafin|Wave Crash|p2b: Ting-Lu\n|-damage|p2b: Ting-Lu|37\/100 brn\n|-damage|p1b: Palafin|8\/100 brn|[from] Recoil\n|move|p2b: Ting-Lu|Stomping Tantrum|p1a: Arcanine\n|-supereffective|p1a: Arcanine\n|-damage|p1a: Arcanine|0 fnt\n|faint|p1a: Arcanine\n|\n|-damage|p1b: Palafin|2\/100 brn|[from] brn\n|-damage|p2b: Ting-Lu|31\/100 brn|[from] brn\n|upkeep\n|\n|t:|1682778367\n|switch|p1a: Flutter Mane|Flutter Mane, L50|100\/100\n|turn|9\n|\n|t:|1682778384\n|move|p1b: Palafin|Jet Punch|p2b: Ting-Lu\n|-crit|p2b: Ting-Lu\n|-damage|p2b: Ting-Lu|8\/100 brn\n|move|p1a: Flutter Mane|Dazzling Gleam|p2b: Ting-Lu|[spread] p2a,p2b\n|-resisted|p2a: Arcanine\n|-resisted|p2b: Ting-Lu\n|-damage|p2a: Arcanine|0 fnt\n|-damage|p2b: Ting-Lu|0 fnt\n|faint|p2a: Arcanine\n|faint|p2b: Ting-Lu\n|\n|-damage|p1b: Palafin|0 fnt|[from] brn\n|faint|p1b: Palafin\n|upkeep\n|\n|t:|1682778394\n|switch|p2a: Flutter Mane|Flutter Mane, L50|28\/100\n|turn|10\n|\n|t:|1682778396\n|move|p1a: Flutter Mane|Dazzling Gleam|p2a: Flutter Mane\n|-damage|p2a: Flutter Mane|0 fnt\n|faint|p2a: Flutter Mane\n|-end|p2a: Flutter Mane|Protosynthesis|[silent]\n|\n|win|gorilnx\n|raw|gorilnx's rating: 1125 → 1157<\/strong> (+32 for winning)\n|raw|Zorom123's rating: 1231 → 1199<\/strong> (-32 for losing)\n","uploadtime":1682778403,"views":23,"p1id":"gorilnx","p2id":"zorom123","formatid":"gen9vgc2023regulationc","rating":1157,"private":0,"password":""}