{"id":"gen9vgc2023regulationc-1847454232","p1":"d_spinne","p2":"Isaac Denn3000","format":"[Gen 9] VGC 2023 Regulation C","log":"|j|\u2606d_spinne\n|j|\u2606Isaac Denn3000\n|t:|1681957069\n|gametype|doubles\n|player|p1|d_spinne|169|1227\n|player|p2|Isaac Denn3000|lucas-gen4pt|1167\n|teamsize|p1|6\n|teamsize|p2|6\n|gen|9\n|tier|[Gen 9] VGC 2023 Regulation C\n|rated|\n|rule|Species Clause: Limit one of each Pok\u00e9mon\n|rule|Item Clause: Limit one of each item\n|clearpoke\n|poke|p1|Palafin, L50, M|\n|poke|p1|Talonflame, L50, M|\n|poke|p1|Dragonite, L50, F|\n|poke|p1|Great Tusk, L50|\n|poke|p1|Flutter Mane, L50|\n|poke|p1|Chien-Pao, L50|\n|poke|p2|Chi-Yu, L50|\n|poke|p2|Dachsbun, L50, F|\n|poke|p2|Dragonite, L50, M|\n|poke|p2|Flutter Mane, L50|\n|poke|p2|Azumarill, L50, F|\n|poke|p2|Chien-Pao, L50|\n|teampreview|4\n|inactive|Battle timer is ON: inactive players will automatically lose when time's up. (requested by d_spinne)\nIsaac Denn3000 has agreed to open team sheets.\n|inactive|d_spinne has 60 seconds left.\n|\n|t:|1681957115\n|start\n|switch|p1a: Great Tusk|Great Tusk, L50|100\/100\n|switch|p1b: Talonflame|Talonflame, L50, M|100\/100\n|switch|p2a: Chi-Yu|Chi-Yu, L50|100\/100\n|switch|p2b: Dachsbun|Dachsbun, L50, F|100\/100\n|-ability|p2a: Chi-Yu|Beads of Ruin\n|turn|1\n|inactive|d_spinne has 30 seconds left.\n|inactive|Isaac Denn3000 has 30 seconds left.\n|\n|t:|1681957150\n|move|p1b: Talonflame|Brave Bird|p2b: Dachsbun\n|-crit|p2b: Dachsbun\n|-damage|p2b: Dachsbun|47\/100\n|-damage|p1b: Talonflame|84\/100|[from] Recoil\n|move|p2a: Chi-Yu|Lava Plume|p1b: Talonflame|[spread] p1a,p1b\n|-ability|p2b: Dachsbun|Well-Baked Body|boost\n|-boost|p2b: Dachsbun|def|2\n|-resisted|p1b: Talonflame\n|-damage|p1a: Great Tusk|38\/100\n|-damage|p1b: Talonflame|57\/100\n|move|p1a: Great Tusk|Headlong Rush|p2b: Dachsbun\n|-damage|p2b: Dachsbun|0 fnt\n|-unboost|p1a: Great Tusk|def|1\n|-unboost|p1a: Great Tusk|spd|1\n|faint|p2b: Dachsbun\n|-damage|p1a: Great Tusk|28\/100|[from] item: Life Orb\n|\n|upkeep\n|inactive|Isaac Denn3000 has 30 seconds left.\n|\n|t:|1681957178\n|switch|p2b: Dragonite|Dragonite, L50, M|100\/100\n|turn|2\n|inactive|Isaac Denn3000 has 30 seconds left.\n|\n|t:|1681957209\n|switch|p2a: Chien-Pao|Chien-Pao, L50|100\/100\n|-ability|p2a: Chien-Pao|Sword of Ruin\n|move|p1a: Great Tusk|Protect|p1a: Great Tusk\n|-singleturn|p1a: Great Tusk|Protect\n|move|p2b: Dragonite|Extreme Speed|p1a: Great Tusk\n|-activate|p1a: Great Tusk|move: Protect\n|move|p1b: Talonflame|Tailwind|p1b: Talonflame\n|-sidestart|p1: d_spinne|move: Tailwind\n|\n|upkeep\n|turn|3\n|inactive|d_spinne has 30 seconds left.\n|inactive|d_spinne has 20 seconds left.\n|inactive|d_spinne has 15 seconds left.\n|inactive|d_spinne has 10 seconds left.\n|\n|t:|1681957257\n|-end|p1a: Great Tusk|Protosynthesis|[silent]\n|switch|p1a: Flutter Mane|Flutter Mane, L50|100\/100\n|move|p2b: Dragonite|Extreme Speed|p1a: Flutter Mane\n|-immune|p1a: Flutter Mane\n|move|p1b: Talonflame|Brave Bird|p2a: Chien-Pao\n|-damage|p2a: Chien-Pao|50\/100\n|-damage|p1b: Talonflame|42\/100|[from] Recoil\n|move|p2a: Chien-Pao|Throat Chop|p1b: Talonflame\n|-damage|p1b: Talonflame|0 fnt\n|faint|p1b: Talonflame\n|\n|upkeep\n|\n|t:|1681957282\n|switch|p1b: Chien-Pao|Chien-Pao, L50|100\/100\n|-ability|p1b: Chien-Pao|Sword of Ruin\n|turn|4\n|\n|t:|1681957305\n|-end|p1a: Flutter Mane|Protosynthesis|[silent]\n|switch|p1a: Great Tusk|Great Tusk, L50|28\/100\n|move|p1b: Chien-Pao|Ice Spinner|p2b: Dragonite\n|-supereffective|p2b: Dragonite\n|-damage|p2b: Dragonite|2\/100\n|move|p2a: Chien-Pao|Throat Chop|p1a: Great Tusk\n|-resisted|p1a: Great Tusk\n|-damage|p1a: Great Tusk|9\/100\n|-start|p1a: Great Tusk|Throat Chop|[silent]\n|move|p2b: Dragonite|Iron Head|p1b: Chien-Pao\n|-supereffective|p1b: Chien-Pao\n|-damage|p1b: Chien-Pao|16\/100\n|\n|upkeep\n|turn|5\n|inactive|d_spinne has 30 seconds left.\n|inactive|Isaac Denn3000 has 30 seconds left.\n|inactive|d_spinne has 20 seconds left.\n|inactive|d_spinne has 15 seconds left.\n|\n|t:|1681957346\n|move|p1b: Chien-Pao|Protect|p1b: Chien-Pao\n|-singleturn|p1b: Chien-Pao|Protect\n|move|p2b: Dragonite|Extreme Speed|p1b: Chien-Pao\n|-activate|p1b: Chien-Pao|move: Protect\n|move|p2a: Chien-Pao|Sucker Punch|p1a: Great Tusk\n|-resisted|p1a: Great Tusk\n|-damage|p1a: Great Tusk|0 fnt\n|faint|p1a: Great Tusk\n|-end|p1a: Great Tusk|Protosynthesis|[silent]\n|\n|-sideend|p1: d_spinne|move: Tailwind\n|upkeep\n|\n|t:|1681957359\n|switch|p1a: Flutter Mane|Flutter Mane, L50|100\/100\n|turn|6\n|\n|t:|1681957373\n|-terastallize|p1a: Flutter Mane|Fairy\n|move|p2b: Dragonite|Extreme Speed|p1b: Chien-Pao\n|-damage|p1b: Chien-Pao|0 fnt\n|faint|p1b: Chien-Pao\n|move|p2a: Chien-Pao|Sucker Punch|p1a: Flutter Mane\n|-resisted|p1a: Flutter Mane\n|-damage|p1a: Flutter Mane|67\/100\n|move|p1a: Flutter Mane|Dazzling Gleam|p2b: Dragonite|[spread] p2a,p2b\n|-supereffective|p2a: Chien-Pao\n|-supereffective|p2b: Dragonite\n|-damage|p2a: Chien-Pao|0 fnt\n|-damage|p2b: Dragonite|0 fnt\n|faint|p2a: Chien-Pao\n|faint|p2b: Dragonite\n|\n|upkeep\n|\n|t:|1681957397\n|switch|p2a: Chi-Yu|Chi-Yu, L50|100\/100\n|-ability|p2a: Chi-Yu|Beads of Ruin\n|turn|7\n|\n|t:|1681957407\n|move|p2a: Chi-Yu|Heat Wave|p1a: Flutter Mane\n|-damage|p1a: Flutter Mane|10\/100\n|-status|p1a: Flutter Mane|brn\n|move|p1a: Flutter Mane|Dazzling Gleam|p2a: Chi-Yu\n|-damage|p2a: Chi-Yu|9\/100\n|\n|-damage|p1a: Flutter Mane|4\/100 brn|[from] brn\n|upkeep\n|turn|8\n|\n|t:|1681957416\n|move|p2a: Chi-Yu|Heat Wave|p1a: Flutter Mane|[miss]\n|-miss|p2a: Chi-Yu|p1a: Flutter Mane\n|move|p1a: Flutter Mane|Dazzling Gleam|p2a: Chi-Yu\n|-damage|p2a: Chi-Yu|0 fnt\n|faint|p2a: Chi-Yu\n|\n|win|d_spinne\n|raw|d_spinne's rating: 1227 → 1248<\/strong> (+21 for winning)\n|raw|Isaac Denn3000's rating: 1167 → 1146<\/strong> (-21 for losing)\n","uploadtime":1681957450,"views":10,"p1id":"dspinne","p2id":"isaacdenn3000","formatid":"gen9vgc2023regulationc","rating":1146,"private":0,"password":""}