{"id":"gen9vgc2023regulationc-1848156689","p1":"Loki_the_Memer","p2":"Jop slipped up","format":"[Gen 9] VGC 2023 Regulation C","log":"|j|\u203dLoki_the_Memer\n|j|\u2606Jop slipped up\n|t:|1682036382\n|gametype|doubles\n|player|p1|Loki_the_Memer|2|1010\n|player|p2|Jop slipped up|lillie|1045\n|teamsize|p1|6\n|teamsize|p2|6\n|gen|9\n|tier|[Gen 9] VGC 2023 Regulation C\n|rated|\n|rule|Species Clause: Limit one of each Pok\u00e9mon\n|rule|Item Clause: Limit one of each item\n|clearpoke\n|poke|p1|Sandy Shocks, L50|\n|poke|p1|Meowscarada, L50, F|\n|poke|p1|Oranguru, L50, M|\n|poke|p1|Oricorio-Sensu, L50, M|\n|poke|p1|Gengar, L50, F|\n|poke|p1|Azumarill, L50, M|\n|poke|p2|Palafin, L50, M|\n|poke|p2|Flutter Mane, L50|\n|poke|p2|Arcanine, L50, F|\n|poke|p2|Ting-Lu, L50|\n|poke|p2|Amoonguss, L50, F|\n|poke|p2|Kingambit, L50, F|\n|teampreview|4\n|inactive|Battle timer is ON: inactive players will automatically lose when time's up. (requested by Loki_the_Memer)\nLoki_the_Memer rejected open team sheets.\n|inactive|Jop slipped up has 60 seconds left.\n|\n|t:|1682036415\n|start\n|switch|p1a: Meowscarada|Meowscarada, L50, F|100\/100\n|switch|p1b: Sandy Shocks|Sandy Shocks, L50|100\/100\n|switch|p2a: Amoonguss|Amoonguss, L50, F, shiny|100\/100\n|switch|p2b: Palafin|Palafin, L50, M, shiny|100\/100\n|turn|1\n|inactive|Loki_the_Memer has 30 seconds left.\n|\n|t:|1682036448\n|-end|p1b: Sandy Shocks|Protosynthesis|[silent]\n|switch|p1b: Gengar|Gengar, L50, F|100\/100\n|move|p2b: Palafin|Protect|p2b: Palafin\n|-singleturn|p2b: Palafin|Protect\n|move|p1a: Meowscarada|Leech Seed|p2b: Palafin\n|-activate|p2b: Palafin|move: Protect\n|move|p2a: Amoonguss|Spore|p1b: Gengar\n|-status|p1b: Gengar|slp|[from] move: Spore\n|\n|upkeep\n|turn|2\n|\n|t:|1682036465\n|detailschange|p2b: Palafin|Palafin-Hero, L50, M, shiny\n|switch|p2b: Ting-Lu|Ting-Lu, L50|100\/100\n|-ability|p2b: Ting-Lu|Vessel of Ruin\n|move|p1a: Meowscarada|Leech Seed|p2b: Ting-Lu\n|-start|p2b: Ting-Lu|move: Leech Seed\n|cant|p1b: Gengar|slp\n|move|p2a: Amoonguss|Pollen Puff|p1a: Meowscarada\n|-supereffective|p1a: Meowscarada\n|-damage|p1a: Meowscarada|16\/100\n|\n|-heal|p1a: Meowscarada|22\/100|[from] item: Leftovers\n|-damage|p2b: Ting-Lu|88\/100|[from] Leech Seed|[of] p1a: Meowscarada\n|-heal|p1a: Meowscarada|40\/100|[silent]\n|upkeep\n|turn|3\n|inactive|Jop slipped up has 30 seconds left.\n|\n|t:|1682036499\n|switch|p2b: Arcanine|Arcanine, L50, F, shiny|100\/100\n|-ability|p2b: Arcanine|Intimidate|boost\n|-unboost|p1a: Meowscarada|atk|1\n|-unboost|p1b: Gengar|atk|1\n|move|p1a: Meowscarada|Substitute|p1a: Meowscarada\n|-start|p1a: Meowscarada|Substitute\n|-damage|p1a: Meowscarada|16\/100\n|-curestatus|p1b: Gengar|slp|[msg]\n|move|p1b: Gengar|Icy Wind|p2b: Arcanine|[spread] p2a,p2b\n|-supereffective|p2a: Amoonguss\n|-resisted|p2b: Arcanine\n|-damage|p2a: Amoonguss|74\/100\n|-damage|p2b: Arcanine|93\/100\n|-unboost|p2a: Amoonguss|spe|1\n|-unboost|p2b: Arcanine|spe|1\n|move|p2a: Amoonguss|Pollen Puff|p1a: Meowscarada\n|-supereffective|p1a: Meowscarada\n|-end|p1a: Meowscarada|Substitute\n|\n|-heal|p1a: Meowscarada|22\/100|[from] item: Leftovers\n|upkeep\n|turn|4\n|inactive|Loki_the_Memer has 30 seconds left.\n|inactive|Loki_the_Memer has 20 seconds left.\n|inactive|Loki_the_Memer has 15 seconds left.\n|\n|t:|1682036542\n|switch|p1a: Azumarill|Azumarill, L50, M|100\/100\n|move|p2b: Arcanine|Extreme Speed|p1a: Azumarill\n|-damage|p1a: Azumarill|78\/100\n|-damage|p2b: Arcanine|77\/100|[from] item: Rocky Helmet|[of] p1a: Azumarill\n|move|p1b: Gengar|Shadow Ball|p2b: Arcanine\n|-damage|p2b: Arcanine|31\/100\n|-unboost|p2b: Arcanine|spd|1\n|move|p2a: Amoonguss|Spore|p1b: Gengar\n|-status|p1b: Gengar|slp|[from] move: Spore\n|\n|upkeep\n|turn|5\n|inactive|Loki_the_Memer has 30 seconds left.\n|\n|t:|1682036572\n|cant|p1b: Gengar|slp\n|move|p2b: Arcanine|Will-O-Wisp|p1a: Azumarill\n|-status|p1a: Azumarill|brn\n|move|p1a: Azumarill|Play Rough|p2a: Amoonguss\n|-resisted|p2a: Amoonguss\n|-damage|p2a: Amoonguss|63\/100\n|-damage|p1a: Azumarill|61\/100 brn|[from] item: Rocky Helmet|[of] p2a: Amoonguss\n|move|p2a: Amoonguss|Pollen Puff|p2b: Arcanine\n|-heal|p2b: Arcanine|81\/100\n|\n|-damage|p1a: Azumarill|56\/100 brn|[from] brn\n|upkeep\n|turn|6\n|inactive|Jop slipped up has 30 seconds left.\n|\n|t:|1682036602\n|switch|p2b: Ting-Lu|Ting-Lu, L50|88\/100\n|-ability|p2b: Ting-Lu|Vessel of Ruin\n|-terastallize|p1a: Azumarill|Water\n|move|p1a: Azumarill|Aqua Jet|p2b: Ting-Lu\n|-supereffective|p2b: Ting-Lu\n|-damage|p2b: Ting-Lu|65\/100\n|-curestatus|p1b: Gengar|slp|[msg]\n|move|p1b: Gengar|Shadow Ball|p2b: Ting-Lu\n|-resisted|p2b: Ting-Lu\n|-damage|p2b: Ting-Lu|58\/100\n|-unboost|p2b: Ting-Lu|spd|1\n|move|p2a: Amoonguss|Spore|p1b: Gengar\n|-status|p1b: Gengar|slp|[from] move: Spore\n|\n|-damage|p1a: Azumarill|50\/100 brn|[from] brn\n|upkeep\n|turn|7\n|inactive|Loki_the_Memer has 30 seconds left.\n|inactive|Loki_the_Memer has 20 seconds left.\n|\n|t:|1682036640\n|switch|p1b: Meowscarada|Meowscarada, L50, F|22\/100\n|-terastallize|p2b: Ting-Lu|Grass\n|move|p1a: Azumarill|Protect|p1a: Azumarill\n|-singleturn|p1a: Azumarill|Protect\n|move|p2b: Ting-Lu|Stomping Tantrum|p1b: Meowscarada\n|-resisted|p1b: Meowscarada\n|-damage|p1b: Meowscarada|0 fnt\n|faint|p1b: Meowscarada\n|move|p2a: Amoonguss|Pollen Puff|p2b: Ting-Lu\n|-heal|p2b: Ting-Lu|100\/100\n|\n|-damage|p1a: Azumarill|44\/100 brn|[from] brn\n|upkeep\n|\n|t:|1682036655\n|switch|p1b: Gengar|Gengar, L50, F|100\/100 slp\n|turn|8\n|\n|t:|1682036667\n|switch|p2a: Arcanine|Arcanine, L50, F, shiny|81\/100\n|-ability|p2a: Arcanine|Intimidate|boost\n|-unboost|p1a: Azumarill|atk|1\n|-unboost|p1b: Gengar|atk|1\n|move|p1a: Azumarill|Protect||[still]\n|-fail|p1a: Azumarill\n|cant|p1b: Gengar|slp\n|move|p2b: Ting-Lu|Stomping Tantrum|p1b: Gengar\n|-supereffective|p1b: Gengar\n|-damage|p1b: Gengar|0 fnt\n|faint|p1b: Gengar\n|\n|-damage|p1a: Azumarill|38\/100 brn|[from] brn\n|upkeep\n|\n|t:|1682036680\n|switch|p1b: Sandy Shocks|Sandy Shocks, L50|100\/100\n|turn|9\n|\n|t:|1682036693\n|switch|p2a: Amoonguss|Amoonguss, L50, F, shiny|96\/100\n|move|p1a: Azumarill|Protect|p1a: Azumarill\n|-singleturn|p1a: Azumarill|Protect\n|move|p1b: Sandy Shocks|Earth Power|p2a: Amoonguss\n|-damage|p2a: Amoonguss|66\/100\n|move|p2b: Ting-Lu|Stomping Tantrum|p1b: Sandy Shocks\n|-supereffective|p1b: Sandy Shocks\n|-damage|p1b: Sandy Shocks|14\/100\n|-enditem|p1b: Sandy Shocks|Weakness Policy\n|-boost|p1b: Sandy Shocks|atk|2|[from] item: Weakness Policy\n|-boost|p1b: Sandy Shocks|spa|2|[from] item: Weakness Policy\n|\n|-damage|p1a: Azumarill|32\/100 brn|[from] brn\n|upkeep\n|turn|10\n|inactive|Loki_the_Memer has 30 seconds left.\n|\n|t:|1682036723\n|move|p2a: Amoonguss|Protect|p2a: Amoonguss\n|-singleturn|p2a: Amoonguss|Protect\n|move|p1b: Sandy Shocks|Thunder|p2b: Ting-Lu\n|-resisted|p2b: Ting-Lu\n|-damage|p2b: Ting-Lu|75\/100\n|-status|p2b: Ting-Lu|par\n|move|p1a: Azumarill|Waterfall|p2b: Ting-Lu\n|-resisted|p2b: Ting-Lu\n|-damage|p2b: Ting-Lu|68\/100 par\n|cant|p2b: Ting-Lu|par\n|\n|-damage|p1a: Azumarill|27\/100 brn|[from] brn\n|upkeep\n|turn|11\n|\n|t:|1682036742\n|move|p2a: Amoonguss|Rage Powder|p2a: Amoonguss\n|-singleturn|p2a: Amoonguss|move: Rage Powder\n|move|p1b: Sandy Shocks|Thunder|p2a: Amoonguss\n|-resisted|p2a: Amoonguss\n|-damage|p2a: Amoonguss|28\/100\n|move|p1a: Azumarill|Play Rough|p2a: Amoonguss\n|-resisted|p2a: Amoonguss\n|-damage|p2a: Amoonguss|21\/100\n|-damage|p1a: Azumarill|10\/100 brn|[from] item: Rocky Helmet|[of] p2a: Amoonguss\n|move|p2b: Ting-Lu|Earthquake|p1b: Sandy Shocks|[spread] p2a,p1a,p1b\n|-supereffective|p1b: Sandy Shocks\n|-damage|p2a: Amoonguss|0 fnt\n|-damage|p1a: Azumarill|0 fnt\n|-damage|p1b: Sandy Shocks|0 fnt\n|faint|p2a: Amoonguss\n|faint|p1a: Azumarill\n|faint|p1b: Sandy Shocks\n|-end|p1b: Sandy Shocks|Protosynthesis|[silent]\n|\n|win|Jop slipped up\n|raw|Loki_the_Memer's rating: 1010 → 1000<\/strong> (-10 for losing)\n|raw|Jop slipped up's rating: 1045 → 1075<\/strong> (+30 for winning)\n|l|\u203dLoki_the_Memer\n","uploadtime":1682036786,"views":6,"p1id":"lokithememer","p2id":"jopslippedup","formatid":"gen9vgc2023regulationc","rating":1000,"private":0,"password":""}