{"id":"gen9vgc2023regulationc-1861664038","p1":"TonyJazs","p2":"KiranSnorlax","format":"[Gen 9] VGC 2023 Regulation C","log":"|j|\u2606TonyJazs\n|j|\u2606KiranSnorlax\n|t:|1683790543\n|gametype|doubles\n|player|p1|TonyJazs|brawly|1035\n|player|p2|KiranSnorlax|skier|1000\n|teamsize|p1|6\n|teamsize|p2|6\n|gen|9\n|tier|[Gen 9] VGC 2023 Regulation C\n|rated|\n|rule|Species Clause: Limit one of each Pok\u00e9mon\n|rule|Item Clause: Limit one of each item\n|clearpoke\n|poke|p1|Sableye, L50, M|\n|poke|p1|Eelektross, L50, M|\n|poke|p1|Flutter Mane, L50|\n|poke|p1|Garganacl, L50, M|\n|poke|p1|Great Tusk, L50|\n|poke|p1|Wo-Chien, L50|\n|poke|p2|Scovillain, L50, F|\n|poke|p2|Dragapult, L50, F|\n|poke|p2|Grafaiai, L50, M|\n|poke|p2|Meowscarada, L50, F|\n|poke|p2|Torkoal, L50, F|\n|poke|p2|Gholdengo, L50|\n|teampreview|4\n|inactive|Battle timer is ON: inactive players will automatically lose when time's up. (requested by KiranSnorlax)\n|inactive|TonyJazs also wants the timer to be on.\n|inactive|KiranSnorlax has 60 seconds left.\n|\n|t:|1683790578\n|start\n|switch|p1a: Sableye|Sableye, L50, M, shiny|100\/100\n|switch|p1b: Eelektross|Eelektross, L50, M, shiny|100\/100\n|switch|p2a: Grafaiai|Grafaiai, L50, M|100\/100\n|switch|p2b: Meowscarada|Meowscarada, L50, F|100\/100\n|turn|1\n|\n|t:|1683790597\n|-terastallize|p1b: Eelektross|Fire\n|move|p1a: Sableye|Fake Out|p2b: Meowscarada\n|-damage|p2b: Meowscarada|91\/100\n|move|p2a: Grafaiai|Swagger|p1b: Eelektross\n|-boost|p1b: Eelektross|atk|2\n|-start|p1b: Eelektross|confusion\n|cant|p2b: Meowscarada|flinch\n|-activate|p1b: Eelektross|confusion\n|move|p1b: Eelektross|Flamethrower|p2b: Meowscarada\n|-supereffective|p2b: Meowscarada\n|-damage|p2b: Meowscarada|0 fnt\n|faint|p2b: Meowscarada\n|\n|upkeep\n|\n|t:|1683790612\n|switch|p2b: Dragapult|Dragapult, L50, F|100\/100\n|turn|2\n|\n|t:|1683790631\n|switch|p1b: Garganacl|Garganacl, L50, M, shiny|100\/100\n|-terastallize|p2b: Dragapult|Steel\n|move|p2b: Dragapult|Tera Blast|p1a: Sableye\n|-damage|p1a: Sableye|46\/100\n|-enditem|p1a: Sableye|Sitrus Berry|[eat]\n|-heal|p1a: Sableye|71\/100|[from] item: Sitrus Berry\n|move|p2a: Grafaiai|Foul Play|p1b: Garganacl\n|-damage|p1b: Garganacl|88\/100\n|move|p1a: Sableye|Knock Off|p2b: Dragapult\n|-damage|p2b: Dragapult|63\/100\n|-enditem|p2b: Dragapult|Mirror Herb|[from] move: Knock Off|[of] p1a: Sableye\n|\n|-heal|p1b: Garganacl|94\/100|[from] item: Leftovers\n|upkeep\n|turn|3\n|inactive|KiranSnorlax has 30 seconds left.\n|\n|t:|1683790657\n|move|p2a: Grafaiai|Swagger|p1a: Sableye\n|-hint|Since gen 7, Dark is immune to Prankster moves.\n|-immune|p1a: Sableye\n|move|p2b: Dragapult|Dragon Darts|p1a: Sableye\n|-damage|p1a: Sableye|37\/100\n|-anim|p2b: Dragapult|Dragon Darts|p1b: Garganacl\n|-damage|p1b: Garganacl|78\/100\n|move|p1a: Sableye|Knock Off|p2a: Grafaiai\n|-damage|p2a: Grafaiai|51\/100\n|-enditem|p2a: Grafaiai|Focus Sash|[from] move: Knock Off|[of] p1a: Sableye\n|move|p1b: Garganacl|Salt Cure|p2b: Dragapult\n|-resisted|p2b: Dragapult\n|-damage|p2b: Dragapult|53\/100\n|-start|p2b: Dragapult|Salt Cure\n|\n|-heal|p1b: Garganacl|84\/100|[from] item: Leftovers\n|-damage|p2b: Dragapult|28\/100|[from] Salt Cure\n|upkeep\n|turn|4\n|inactive|TonyJazs has 30 seconds left.\n|inactive|KiranSnorlax has 30 seconds left.\n|\n|t:|1683790688\n|switch|p2a: Scovillain|Scovillain, L50, F|100\/100\n|move|p1a: Sableye|Quash|p2b: Dragapult\n|-activate|p2b: Dragapult|move: Quash\n|move|p1b: Garganacl|Salt Cure|p2a: Scovillain\n|-supereffective|p2a: Scovillain\n|-damage|p2a: Scovillain|63\/100\n|-start|p2a: Scovillain|Salt Cure\n|move|p2b: Dragapult|Dragon Darts|p1a: Sableye\n|-damage|p1a: Sableye|0 fnt\n|-anim|p2b: Dragapult|Dragon Darts|p1b: Garganacl\n|-damage|p1b: Garganacl|68\/100\n|faint|p1a: Sableye\n|\n|-heal|p1b: Garganacl|74\/100|[from] item: Leftovers\n|-damage|p2a: Scovillain|51\/100|[from] Salt Cure\n|-damage|p2b: Dragapult|3\/100|[from] Salt Cure\n|upkeep\n|\n|t:|1683790705\n|switch|p1a: Eelektross|Eelektross, L50, M, shiny, tera:Fire|100\/100\n|turn|5\n|inactive|KiranSnorlax has 30 seconds left.\n|\n|t:|1683790732\n|move|p1b: Garganacl|Wide Guard|p1b: Garganacl\n|-singleturn|p1b: Garganacl|Wide Guard\n|move|p2a: Scovillain|Spicy Extract|p2b: Dragapult\n|-fail|p2b: Dragapult|unboost|[from] ability: Clear Body|[of] p2b: Dragapult\n|-boost|p2b: Dragapult|atk|2\n|move|p2b: Dragapult|Dragon Darts|p1a: Eelektross\n|-damage|p1a: Eelektross|40\/100\n|-anim|p2b: Dragapult|Dragon Darts|p1b: Garganacl\n|-crit|p1b: Garganacl\n|-damage|p1b: Garganacl|26\/100\n|move|p1a: Eelektross|Flamethrower|p2a: Scovillain\n|-damage|p2a: Scovillain|0 fnt\n|faint|p2a: Scovillain\n|\n|-heal|p1b: Garganacl|31\/100|[from] item: Leftovers\n|-damage|p2b: Dragapult|0 fnt|[from] Salt Cure\n|faint|p2b: Dragapult\n|upkeep\n|\n|t:|1683790751\n|switch|p2a: Grafaiai|Grafaiai, L50, M|51\/100\n|turn|6\n|\n|t:|1683790758\n|move|p2a: Grafaiai|Gunk Shot|p1a: Eelektross\n|-damage|p1a: Eelektross|0 fnt\n|faint|p1a: Eelektross\n|move|p1b: Garganacl|Salt Cure|p2a: Grafaiai\n|-damage|p2a: Grafaiai|24\/100\n|-start|p2a: Grafaiai|Salt Cure\n|\n|-heal|p1b: Garganacl|37\/100|[from] item: Leftovers\n|-damage|p2a: Grafaiai|12\/100|[from] Salt Cure\n|upkeep\n|\n|t:|1683790767\n|switch|p1a: Great Tusk|Great Tusk, L50|100\/100\n|turn|7\n|\n|t:|1683790776\n|move|p1b: Garganacl|Protect|p1b: Garganacl\n|-singleturn|p1b: Garganacl|Protect\n|move|p1a: Great Tusk|Headlong Rush|p2a: Grafaiai\n|-supereffective|p2a: Grafaiai\n|-damage|p2a: Grafaiai|0 fnt\n|-unboost|p1a: Great Tusk|def|1\n|-unboost|p1a: Great Tusk|spd|1\n|faint|p2a: Grafaiai\n|\n|win|TonyJazs\n|raw|TonyJazs's rating: 1035 → 1066<\/strong> (+31 for winning)\n|raw|KiranSnorlax's rating: 1000 → 1000<\/strong> (+0 for losing)\n|l|\u2606KiranSnorlax\n|c|\u2606TonyJazs|gg\n","uploadtime":1683790786,"views":15,"p1id":"tonyjazs","p2id":"kiransnorlax","formatid":"gen9vgc2023regulationc","rating":1000,"private":0,"password":""}