{"id":"gen9vgc2023regulationc-1859911369","p1":"edhjzsdsgfhj","p2":"Citoraptor","format":"[Gen 9] VGC 2023 Regulation C","log":"|j|\u2606edhjzsdsgfhj\n|j|\u2606Citoraptor\n|t:|1683575034\n|gametype|doubles\n|player|p1|edhjzsdsgfhj|2|1000\n|player|p2|Citoraptor|1|1099\n|teamsize|p1|6\n|teamsize|p2|6\n|gen|9\n|tier|[Gen 9] VGC 2023 Regulation C\n|rated|\n|rule|Species Clause: Limit one of each Pok\u00e9mon\n|rule|Item Clause: Limit one of each item\n|clearpoke\n|poke|p1|Azumarill, L50, M|\n|poke|p1|Maushold, L50|\n|poke|p1|Armarouge, L50, M|\n|poke|p1|Indeedee-F, L50, F|\n|poke|p1|Dondozo, L50, M|\n|poke|p1|Tatsugiri-Stretchy, L50, M|\n|poke|p2|Roaring Moon, L50|\n|poke|p2|Talonflame, L50, M|\n|poke|p2|Gholdengo, L50|\n|poke|p2|Chien-Pao, L50|\n|poke|p2|Palafin, L50, F|\n|poke|p2|Maushold-Four, L50|\n|teampreview|4\nedhjzsdsgfhj rejected open team sheets.\n|inactive|Battle timer is ON: inactive players will automatically lose when time's up. (requested by edhjzsdsgfhj)\n|\n|t:|1683575055\n|start\n|switch|p1a: Azumarill|Azumarill, L50, M|100\/100\n|switch|p1b: Maushold|Maushold, L50|100\/100\n|switch|p2a: Talonflame|Talonflame, L50, M|100\/100\n|switch|p2b: Gholdengo|Gholdengo, L50|100\/100\n|turn|1\n|\n|t:|1683575072\n|move|p1b: Maushold|Follow Me|p1b: Maushold\n|-singleturn|p1b: Maushold|move: Follow Me\n|move|p2a: Talonflame|Taunt|p1b: Maushold\n|-start|p1b: Maushold|move: Taunt\n|move|p2b: Gholdengo|Make It Rain|p1b: Maushold|[spread] p1a,p1b\n|-damage|p1a: Azumarill|48\/100\n|-damage|p1b: Maushold|8\/100\n|-unboost|p2b: Gholdengo|spa|1\n|-enditem|p1a: Azumarill|Sitrus Berry|[eat]\n|-heal|p1a: Azumarill|72\/100|[from] item: Sitrus Berry\n|move|p1a: Azumarill|Belly Drum|p1a: Azumarill\n|-damage|p1a: Azumarill|22\/100\n|-setboost|p1a: Azumarill|atk|6|[from] move: Belly Drum\n|\n|upkeep\n|turn|2\n|\n|t:|1683575093\n|-terastallize|p2b: Gholdengo|Water\n|-terastallize|p1a: Azumarill|Water\n|move|p2a: Talonflame|Tailwind|p2a: Talonflame\n|-sidestart|p2: Citoraptor|move: Tailwind\n|move|p1a: Azumarill|Aqua Jet|p2a: Talonflame\n|-supereffective|p2a: Talonflame\n|-damage|p2a: Talonflame|0 fnt\n|faint|p2a: Talonflame\n|move|p2b: Gholdengo|Make It Rain|p1a: Azumarill|[spread] p1a,p1b\n|-resisted|p1a: Azumarill\n|-damage|p1a: Azumarill|4\/100\n|-damage|p1b: Maushold|0 fnt\n|-unboost|p2b: Gholdengo|spa|1\n|faint|p1b: Maushold\n|\n|upkeep\n|\n|t:|1683575111\n|switch|p2a: Chien-Pao|Chien-Pao, L50|100\/100\n|switch|p1b: Tatsugiri|Tatsugiri-Stretchy, L50, M|100\/100\n|-ability|p2a: Chien-Pao|Sword of Ruin\n|turn|3\n|inactive|edhjzsdsgfhj has 30 seconds left.\n|\n|t:|1683575136\n|move|p1b: Tatsugiri|Protect|p1b: Tatsugiri\n|-singleturn|p1b: Tatsugiri|Protect\n|move|p1a: Azumarill|Aqua Jet|p2b: Gholdengo\n|-resisted|p2b: Gholdengo\n|-damage|p2b: Gholdengo|2\/100\n|move|p2a: Chien-Pao|Ice Spinner|p1b: Tatsugiri\n|-activate|p1b: Tatsugiri|move: Protect\n|move|p2b: Gholdengo|Make It Rain|p1a: Azumarill|[spread] p1a\n|-activate|p1b: Tatsugiri|move: Protect\n|-resisted|p1a: Azumarill\n|-damage|p1a: Azumarill|0 fnt\n|-unboost|p2b: Gholdengo|spa|1\n|faint|p1a: Azumarill\n|\n|upkeep\n|\n|t:|1683575150\n|switch|p1a: Dondozo|Dondozo, L50, M|100\/100\n|-activate|p1b: Tatsugiri|ability: Commander|[of] p1a: Dondozo\n|-boost|p1a: Dondozo|atk|2\n|-boost|p1a: Dondozo|spa|2\n|-boost|p1a: Dondozo|spe|2\n|-boost|p1a: Dondozo|def|2\n|-boost|p1a: Dondozo|spd|2\n|turn|4\n|\n|t:|1683575166\n|move|p2a: Chien-Pao|Haze|p2a: Chien-Pao\n|-clearallboost\n|move|p2b: Gholdengo|Make It Rain|p1b: Tatsugiri|[spread] p1a\n|-miss|p2b: Gholdengo|p1b: Tatsugiri\n|-resisted|p1a: Dondozo\n|-damage|p1a: Dondozo|67\/100\n|-unboost|p2b: Gholdengo|spa|1\n|move|p1a: Dondozo|Earthquake|p2a: Chien-Pao|[spread] p2a,p2b\n|-miss|p1a: Dondozo|p1b: Tatsugiri\n|-damage|p2a: Chien-Pao|66\/100\n|-damage|p2b: Gholdengo|0 fnt\n|faint|p2b: Gholdengo\n|\n|-heal|p1a: Dondozo|73\/100|[from] item: Leftovers\n|upkeep\n|\n|t:|1683575184\n|switch|p2b: Maushold|Maushold-Four, L50|100\/100\n|turn|5\n|\n|t:|1683575202\n|move|p2a: Chien-Pao|Sacred Sword|p1a: Dondozo\n|-damage|p1a: Dondozo|48\/100\n|move|p2b: Maushold|Super Fang|p1a: Dondozo\n|-damage|p1a: Dondozo|25\/100\n|move|p1a: Dondozo|Order Up|p2a: Chien-Pao\n|-damage|p2a: Chien-Pao|39\/100\n|-boost|p1a: Dondozo|spe|1\n|\n|-heal|p1a: Dondozo|31\/100|[from] item: Leftovers\n|-sideend|p2: Citoraptor|move: Tailwind\n|upkeep\n|turn|6\n|\n|t:|1683575224\n|move|p2a: Chien-Pao|Sacred Sword|p1a: Dondozo\n|-damage|p1a: Dondozo|6\/100\n|move|p2b: Maushold|Population Bomb|p1b: Tatsugiri|[miss]\n|-miss|p2b: Maushold|p1b: Tatsugiri\n|move|p1a: Dondozo|Order Up|p2a: Chien-Pao\n|-damage|p2a: Chien-Pao|11\/100\n|-boost|p1a: Dondozo|spe|1\n|\n|-heal|p1a: Dondozo|12\/100|[from] item: Leftovers\n|upkeep\n|turn|7\n|\n|t:|1683575240\n|move|p2a: Chien-Pao|Sacred Sword|p1a: Dondozo\n|-damage|p1a: Dondozo|0 fnt\n|faint|p1a: Dondozo\n|move|p2b: Maushold|Population Bomb|p1b: Tatsugiri\n|-damage|p1b: Tatsugiri|85\/100\n|-damage|p1b: Tatsugiri|70\/100\n|-damage|p1b: Tatsugiri|55\/100\n|-damage|p1b: Tatsugiri|42\/100\n|-damage|p1b: Tatsugiri|26\/100\n|-damage|p1b: Tatsugiri|12\/100\n|-damage|p1b: Tatsugiri|0 fnt\n|faint|p1b: Tatsugiri\n|-hitcount|p1: Tatsugiri|7\n|\n|win|Citoraptor\n|raw|edhjzsdsgfhj's rating: 1000 → 1000<\/strong> (+0 for losing)\n|raw|Citoraptor's rating: 1099 → 1117<\/strong> (+18 for winning)\n|l|\u2606edhjzsdsgfhj\n|c|\u2606Citoraptor|Gg\n","uploadtime":1683575266,"views":11,"p1id":"edhjzsdsgfhj","p2id":"citoraptor","formatid":"gen9vgc2023regulationc","rating":1000,"private":0,"password":""}