{"id":"gen9vgc2023regulationc-1846380293","p1":"brocksoup","p2":"420YourMom","format":"[Gen 9] VGC 2023 Regulation C","log":"|j|\u2606brocksoup\n|j|\u2606420YourMom\n|t:|1681836234\n|gametype|doubles\n|player|p1|brocksoup|170|1243\n|player|p2|420YourMom|marnie-league|1324\n|teamsize|p1|6\n|teamsize|p2|6\n|gen|9\n|tier|[Gen 9] VGC 2023 Regulation C\n|rated|\n|rule|Species Clause: Limit one of each Pok\u00e9mon\n|rule|Item Clause: Limit one of each item\n|clearpoke\n|poke|p1|Flutter Mane, L50|\n|poke|p1|Chi-Yu, L50|\n|poke|p1|Chien-Pao, L50|\n|poke|p1|Dragonite, L50, M|\n|poke|p1|Azumarill, L50, F|\n|poke|p1|Dachsbun, L50, F|\n|poke|p2|Dondozo, L50, M|\n|poke|p2|Tatsugiri, L50, M|\n|poke|p2|Chi-Yu, L50|\n|poke|p2|Iron Bundle, L50|\n|poke|p2|Ceruledge, L50, M|\n|poke|p2|Dragonite, L50, M|\n|teampreview|4\n420YourMom has agreed to open team sheets.\n|inactive|Battle timer is ON: inactive players will automatically lose when time's up. (requested by 420YourMom)\n|inactive|brocksoup has 60 seconds left.\n|inactive|420YourMom has 60 seconds left.\n|inactive|420YourMom has 30 seconds left.\n|\n|t:|1681836309\n|start\n|switch|p1a: Chien-Pao|Chien-Pao, L50|100\/100\n|switch|p1b: Dragonite|Dragonite, L50, M|100\/100\n|switch|p2a: Ceruledge|Ceruledge, L50, M|100\/100\n|switch|p2b: Dragonite|Dragonite, L50, M|100\/100\n|-ability|p1a: Chien-Pao|Sword of Ruin\n|turn|1\n|inactive|brocksoup has 30 seconds left.\n|inactive|420YourMom has 30 seconds left.\n|inactive|brocksoup has 20 seconds left.\n|\n|t:|1681836350\n|-terastallize|p2b: Dragonite|Normal\n|move|p2b: Dragonite|Extreme Speed|p1b: Dragonite\n|-damage|p1b: Dragonite|54\/100\n|move|p1b: Dragonite|Extreme Speed|p2b: Dragonite\n|-damage|p2b: Dragonite|78\/100\n|move|p1a: Chien-Pao|Ice Spinner|p2b: Dragonite\n|-damage|p2b: Dragonite|21\/100\n|move|p2a: Ceruledge|Bitter Blade|p1a: Chien-Pao\n|-supereffective|p1a: Chien-Pao\n|-enditem|p1a: Chien-Pao|Focus Sash\n|-damage|p1a: Chien-Pao|1\/100\n|\n|upkeep\n|turn|2\n|\n|t:|1681836374\n|switch|p1a: Dachsbun|Dachsbun, L50, F|100\/100\n|move|p2b: Dragonite|Extreme Speed|p1b: Dragonite\n|-damage|p1b: Dragonite|0 fnt\n|faint|p1b: Dragonite\n|move|p2a: Ceruledge|Shadow Sneak|p1a: Dachsbun\n|-damage|p1a: Dachsbun|80\/100\n|\n|-heal|p1a: Dachsbun|86\/100|[from] item: Leftovers\n|upkeep\n|\n|t:|1681836389\n|switch|p1b: Flutter Mane|Flutter Mane, L50|100\/100\n|-enditem|p1b: Flutter Mane|Booster Energy\n|-activate|p1b: Flutter Mane|ability: Protosynthesis|[fromitem]\n|-start|p1b: Flutter Mane|protosynthesisspe\n|turn|3\n|inactive|420YourMom has 30 seconds left.\n|\n|t:|1681836422\n|-terastallize|p1b: Flutter Mane|Fairy\n|move|p2b: Dragonite|Extreme Speed|p1a: Dachsbun\n|-damage|p1a: Dachsbun|24\/100\n|move|p2a: Ceruledge|Shadow Sneak|p1b: Flutter Mane\n|-damage|p1b: Flutter Mane|56\/100\n|move|p1b: Flutter Mane|Shadow Ball|p2a: Ceruledge\n|-supereffective|p2a: Ceruledge\n|-damage|p2a: Ceruledge|44\/100\n|move|p1a: Dachsbun|Wish|p1a: Dachsbun\n|\n|-heal|p1a: Dachsbun|30\/100|[from] item: Leftovers\n|upkeep\n|turn|4\n|inactive|brocksoup has 30 seconds left.\n|inactive|420YourMom has 30 seconds left.\n|inactive|420YourMom has 20 seconds left.\n|\n|t:|1681836460\n|move|p1b: Flutter Mane|Protect|p1b: Flutter Mane\n|-singleturn|p1b: Flutter Mane|Protect\n|move|p2b: Dragonite|Extreme Speed|p1b: Flutter Mane\n|-activate|p1b: Flutter Mane|move: Protect\n|move|p1a: Dachsbun|Body Press|p2b: Dragonite\n|-supereffective|p2b: Dragonite\n|-damage|p2b: Dragonite|0 fnt\n|faint|p2b: Dragonite\n|move|p2a: Ceruledge|Clear Smog|p1a: Dachsbun\n|-supereffective|p1a: Dachsbun\n|-damage|p1a: Dachsbun|18\/100\n|-clearboost|p1a: Dachsbun\n|\n|-heal|p1a: Dachsbun|68\/100|[from] move: Wish|[wisher] Dachsbun\n|-heal|p1a: Dachsbun|74\/100|[from] item: Leftovers\n|upkeep\n|\n|t:|1681836482\n|switch|p2b: Iron Bundle|Iron Bundle, L50|100\/100\n|-enditem|p2b: Iron Bundle|Booster Energy\n|-activate|p2b: Iron Bundle|ability: Quark Drive|[fromitem]\n|-start|p2b: Iron Bundle|quarkdrivespe\n|turn|5\n|\n|t:|1681836501\n|move|p2a: Ceruledge|Shadow Sneak|p1b: Flutter Mane\n|-damage|p1b: Flutter Mane|17\/100\n|move|p2b: Iron Bundle|Icy Wind|p1a: Dachsbun|[spread] p1a\n|-miss|p2b: Iron Bundle|p1b: Flutter Mane\n|-damage|p1a: Dachsbun|55\/100\n|-unboost|p1a: Dachsbun|spe|1\n|move|p1b: Flutter Mane|Shadow Ball|p2a: Ceruledge\n|-supereffective|p2a: Ceruledge\n|-damage|p2a: Ceruledge|0 fnt\n|faint|p2a: Ceruledge\n|move|p1a: Dachsbun|Body Press|p2b: Iron Bundle\n|-supereffective|p2b: Iron Bundle\n|-damage|p2b: Iron Bundle|49\/100\n|\n|-heal|p1a: Dachsbun|61\/100|[from] item: Leftovers\n|upkeep\n|\n|t:|1681836513\n|switch|p2a: Chi-Yu|Chi-Yu, L50|100\/100\n|-ability|p2a: Chi-Yu|Beads of Ruin\n|turn|6\n|inactive|420YourMom has 30 seconds left.\n|inactive|420YourMom has 20 seconds left.\n|inactive|420YourMom has 15 seconds left.\n|\n|t:|1681836554\n|move|p2b: Iron Bundle|Protect|p2b: Iron Bundle\n|-singleturn|p2b: Iron Bundle|Protect\n|move|p1a: Dachsbun|Protect|p1a: Dachsbun\n|-singleturn|p1a: Dachsbun|Protect\n|move|p1b: Flutter Mane|Perish Song|p1b: Flutter Mane\n|-start|p1a: Dachsbun|perish3|[silent]\n|-start|p1b: Flutter Mane|perish3|[silent]\n|-start|p2a: Chi-Yu|perish3|[silent]\n|-start|p2b: Iron Bundle|perish3|[silent]\n|-fieldactivate|move: Perish Song\n|move|p2a: Chi-Yu|Dark Pulse|p1a: Dachsbun\n|-activate|p1a: Dachsbun|move: Protect\n|\n|-heal|p1a: Dachsbun|68\/100|[from] item: Leftovers\n|-start|p2b: Iron Bundle|perish3\n|-start|p1b: Flutter Mane|perish3\n|-start|p2a: Chi-Yu|perish3\n|-start|p1a: Dachsbun|perish3\n|upkeep\n|turn|7\n|inactive|420YourMom has 30 seconds left.\n|inactive|420YourMom has 20 seconds left.\n|inactive|420YourMom has 15 seconds left.\n|\n|t:|1681836596\n|move|p1b: Flutter Mane|Protect|p1b: Flutter Mane\n|-singleturn|p1b: Flutter Mane|Protect\n|move|p2b: Iron Bundle|Hydro Pump|p1a: Dachsbun\n|-damage|p1a: Dachsbun|0 fnt\n|faint|p1a: Dachsbun\n|move|p2a: Chi-Yu|Dark Pulse|p1b: Flutter Mane\n|-activate|p1b: Flutter Mane|move: Protect\n|\n|-start|p2b: Iron Bundle|perish2\n|-start|p1b: Flutter Mane|perish2\n|-start|p2a: Chi-Yu|perish2\n|upkeep\n|\n|t:|1681836609\n|switch|p1a: Chien-Pao|Chien-Pao, L50|1\/100\n|-ability|p1a: Chien-Pao|Sword of Ruin\n|turn|8\n|\n|t:|1681836620\n|move|p1a: Chien-Pao|Sucker Punch|p2b: Iron Bundle\n|-damage|p2b: Iron Bundle|0 fnt\n|faint|p2b: Iron Bundle\n|-end|p2b: Iron Bundle|Quark Drive|[silent]\n|move|p1b: Flutter Mane|Dazzling Gleam|p2a: Chi-Yu\n|-damage|p2a: Chi-Yu|36\/100\n|move|p2a: Chi-Yu|Heat Wave|p1a: Chien-Pao|[spread] p1a,p1b\n|-supereffective|p1a: Chien-Pao\n|-damage|p1a: Chien-Pao|0 fnt\n|-damage|p1b: Flutter Mane|0 fnt\n|faint|p1a: Chien-Pao\n|faint|p1b: Flutter Mane\n|-end|p1b: Flutter Mane|Protosynthesis|[silent]\n|\n|win|420YourMom\n|raw|brocksoup's rating: 1243 → 1224<\/strong> (-19 for losing)\n|raw|420YourMom's rating: 1324 → 1339<\/strong> (+15 for winning)\n|l|\u2606420YourMom\n|l|\u2606brocksoup\n|j|\u2606420YourMom\n|player|p2|420YourMom|marnie-league\n","uploadtime":1681836639,"views":12,"p1id":"brocksoup","p2id":"420yourmom","formatid":"gen9vgc2023regulationc","rating":1224,"private":0,"password":""}