{"id":"gen9vgc2023regulationc-1855458354","p1":"qwillinallthefish","p2":"JuniperLine","format":"[Gen 9] VGC 2023 Regulation C","log":"|j|\u2606qwillinallthefish\n|j|\u2606JuniperLine\n|t:|1682953321\n|gametype|doubles\n|player|p1|qwillinallthefish|crasherwake|1417\n|player|p2|JuniperLine|will|1400\n|teamsize|p1|6\n|teamsize|p2|6\n|gen|9\n|tier|[Gen 9] VGC 2023 Regulation C\n|rated|\n|rule|Species Clause: Limit one of each Pok\u00e9mon\n|rule|Item Clause: Limit one of each item\n|clearpoke\n|poke|p1|Abomasnow, L50, M|\n|poke|p1|Iron Bundle, L50|\n|poke|p1|Scizor, L50, M|\n|poke|p1|Flutter Mane, L50|\n|poke|p1|Sandy Shocks, L50|\n|poke|p1|Espathra, L50, M|\n|poke|p2|Drednaw, L50, F|\n|poke|p2|Pelipper, L50, F|\n|poke|p2|Palafin, L50, F|\n|poke|p2|Baxcalibur, L50, F|\n|poke|p2|Flutter Mane, L50|\n|poke|p2|Amoonguss, L50, F|\n|teampreview|4\nqwillinallthefish has agreed to open team sheets.\n|\n|t:|1682953374\n|start\n|switch|p1a: Abomasnow|Abomasnow, L50, M|100\/100\n|switch|p1b: Sandy Shocks|Sandy Shocks, L50|100\/100\n|switch|p2a: Drednaw|Drednaw, L50, F|100\/100\n|switch|p2b: Pelipper|Pelipper, L50, F|100\/100\n|-weather|RainDance|[from] ability: Drizzle|[of] p2b: Pelipper\n|-weather|Snow|[from] ability: Snow Warning|[of] p1a: Abomasnow\n|-enditem|p1b: Sandy Shocks|Booster Energy\n|-activate|p1b: Sandy Shocks|ability: Protosynthesis|[fromitem]\n|-start|p1b: Sandy Shocks|protosynthesisspe\n|turn|1\n|-activate|p1a: Abomasnow|item: Quick Claw\n|\n|t:|1682953394\n|switch|p2b: Amoonguss|Amoonguss, L50, F|100\/100\n|switch|p2a: Baxcalibur|Baxcalibur, L50, F|100\/100\n|move|p1a: Abomasnow|Leaf Storm|p2a: Baxcalibur\n|-resisted|p2a: Baxcalibur\n|-damage|p2a: Baxcalibur|85\/100\n|-unboost|p1a: Abomasnow|spa|2\n|move|p1b: Sandy Shocks|Thunderbolt|p2b: Amoonguss\n|-resisted|p2b: Amoonguss\n|-damage|p2b: Amoonguss|80\/100\n|\n|-weather|Snow|[upkeep]\n|upkeep\n|turn|2\n|\n|t:|1682953418\n|-end|p1b: Sandy Shocks|Protosynthesis|[silent]\n|switch|p1b: Iron Bundle|Iron Bundle, L50|100\/100\n|move|p2a: Baxcalibur|Icicle Crash|p1b: Iron Bundle\n|-resisted|p1b: Iron Bundle\n|-damage|p1b: Iron Bundle|91\/100\n|move|p1a: Abomasnow|Aurora Veil|p1a: Abomasnow\n|-sidestart|p1: qwillinallthefish|move: Aurora Veil\n|move|p2b: Amoonguss|Pollen Puff|p2a: Baxcalibur\n|-heal|p2a: Baxcalibur|100\/100\n|\n|-weather|Snow|[upkeep]\n|upkeep\n|turn|3\n|\n|t:|1682953467\n|switch|p1a: Scizor|Scizor, L50, M|100\/100\n|switch|p2b: Pelipper|Pelipper, L50, F|100\/100\n|-weather|RainDance|[from] ability: Drizzle|[of] p2b: Pelipper\n|-terastallize|p1b: Iron Bundle|Ice\n|move|p1b: Iron Bundle|Blizzard|p2a: Baxcalibur|[spread] p2a,p2b\n|-crit|p2a: Baxcalibur\n|-damage|p2a: Baxcalibur|26\/100\n|-damage|p2b: Pelipper|0 fnt\n|faint|p2b: Pelipper\n|move|p2a: Baxcalibur|Glaive Rush|p1b: Iron Bundle\n|-damage|p1b: Iron Bundle|30\/100\n|-singlemove|p2a: Baxcalibur|Glaive Rush|[silent]\n|\n|-weather|RainDance|[upkeep]\n|upkeep\n|\n|t:|1682953484\n|switch|p2b: Drednaw|Drednaw, L50, F|100\/100\n|turn|4\n|\n|t:|1682953494\n|-end|p1b: Iron Bundle|Quark Drive|[silent]\n|switch|p1b: Abomasnow|Abomasnow, L50, M|100\/100\n|-weather|Snow|[from] ability: Snow Warning|[of] p1b: Abomasnow\n|switch|p2a: Amoonguss|Amoonguss, L50, F|100\/100\n|-terastallize|p2b: Drednaw|Grass\n|move|p2b: Drednaw|Rock Slide|p1a: Scizor|[spread] p1a,p1b\n|-supereffective|p1b: Abomasnow\n|-damage|p1a: Scizor|68\/100\n|-damage|p1b: Abomasnow|55\/100\n|move|p1a: Scizor|Close Combat|p2b: Drednaw\n|-damage|p2b: Drednaw|47\/100\n|-unboost|p1a: Scizor|def|1\n|-unboost|p1a: Scizor|spd|1\n|\n|-weather|Snow|[upkeep]\n|upkeep\n|turn|5\n|\n|t:|1682953525\n|move|p2b: Drednaw|Rock Slide|p1b: Abomasnow|[spread] p1a,p1b\n|-crit|p1a: Scizor\n|-supereffective|p1b: Abomasnow\n|-damage|p1a: Scizor|0 fnt\n|-damage|p1b: Abomasnow|11\/100\n|faint|p1a: Scizor\n|move|p1b: Abomasnow|Blizzard|p2a: Amoonguss|[spread] p2a,p2b\n|-supereffective|p2a: Amoonguss\n|-supereffective|p2b: Drednaw\n|-damage|p2a: Amoonguss|34\/100\n|-damage|p2b: Drednaw|0 fnt\n|-enditem|p2a: Amoonguss|Sitrus Berry|[eat]\n|-heal|p2a: Amoonguss|59\/100|[from] item: Sitrus Berry\n|faint|p2b: Drednaw\n|move|p2a: Amoonguss|Pollen Puff|p2: Drednaw|[notarget]\n|-fail|p2a: Amoonguss\n|\n|-weather|Snow|[upkeep]\n|upkeep\n|\n|t:|1682953544\n|switch|p2b: Baxcalibur|Baxcalibur, L50, F|26\/100\n|switch|p1a: Sandy Shocks|Sandy Shocks, L50|100\/100\n|turn|6\n|-activate|p1b: Abomasnow|item: Quick Claw\n|\n|t:|1682953555\n|move|p2b: Baxcalibur|Ice Shard|p1b: Abomasnow\n|-damage|p1b: Abomasnow|0 fnt\n|faint|p1b: Abomasnow\n|move|p1a: Sandy Shocks|Earth Power|p2b: Baxcalibur\n|-damage|p2b: Baxcalibur|2\/100\n|move|p2a: Amoonguss|Spore|p1a: Sandy Shocks\n|-status|p1a: Sandy Shocks|slp|[from] move: Spore\n|\n|-weather|Snow|[upkeep]\n|-sideend|p1: qwillinallthefish|move: Aurora Veil\n|upkeep\n|\n|t:|1682953563\n|switch|p1b: Iron Bundle|Iron Bundle, L50, tera:Ice|30\/100\n|turn|7\n|\n|t:|1682953575\n|move|p2a: Amoonguss|Rage Powder|p2a: Amoonguss\n|-singleturn|p2a: Amoonguss|move: Rage Powder\n|move|p1b: Iron Bundle|Blizzard|p2a: Amoonguss|[spread] p2a,p2b\n|-supereffective|p2a: Amoonguss\n|-damage|p2a: Amoonguss|0 fnt\n|-damage|p2b: Baxcalibur|0 fnt\n|faint|p2a: Amoonguss\n|faint|p2b: Baxcalibur\n|\n|win|qwillinallthefish\n|raw|qwillinallthefish's rating: 1417 → 1436<\/strong> (+19 for winning)\n|raw|JuniperLine's rating: 1400 → 1381<\/strong> (-19 for losing)\n|l|\u2606JuniperLine\n","uploadtime":1682953580,"views":28,"p1id":"qwillinallthefish","p2id":"juniperline","formatid":"gen9vgc2023regulationc","rating":1381,"private":0,"password":""}