{"id":"gen9vgc2023regulationc-1853133700","p1":"Mononoke24","p2":"meiister","format":"[Gen 9] VGC 2023 Regulation C","log":"|j|\u2606Mononoke24\n|j|\u2606meiister\n|t:|1682639252\n|gametype|doubles\n|player|p1|Mononoke24|depotagent|1203\n|player|p2|meiister|lance|1236\n|teamsize|p1|6\n|teamsize|p2|6\n|gen|9\n|tier|[Gen 9] VGC 2023 Regulation C\n|rated|\n|rule|Species Clause: Limit one of each Pok\u00e9mon\n|rule|Item Clause: Limit one of each item\n|clearpoke\n|poke|p1|Gallade, L50, M|\n|poke|p1|Dragonite, L50, F|\n|poke|p1|Iron Moth, L50|\n|poke|p1|Amoonguss, L50, F|\n|poke|p1|Kingambit, L50, M|\n|poke|p1|Lumineon, L50, M|\n|poke|p2|Iron Valiant, L50|\n|poke|p2|Lycanroc-Dusk, L50, F|\n|poke|p2|Dragapult, L50, F|\n|poke|p2|Talonflame, L50, F|\n|poke|p2|Chien-Pao, L50|\n|poke|p2|Flutter Mane, L50|\n|teampreview|4\n|\n|t:|1682639298\n|start\n|switch|p1a: Kingambit|Kingambit, L50, M|100\/100\n|switch|p1b: Lumineon|Lumineon, L50, M|100\/100\n|switch|p2a: Dragapult|Dragapult, L50, F|100\/100\n|switch|p2b: Iron Valiant|Iron Valiant, L50|100\/100\n|-enditem|p2b: Iron Valiant|Booster Energy\n|-activate|p2b: Iron Valiant|ability: Quark Drive|[fromitem]\n|-start|p2b: Iron Valiant|quarkdrivespe\n|turn|1\n|inactive|Battle timer is ON: inactive players will automatically lose when time's up. (requested by meiister)\n|\n|t:|1682639325\n|-terastallize|p2a: Dragapult|Dragon\n|move|p1a: Kingambit|Sucker Punch|p2a: Dragapult\n|-damage|p2a: Dragapult|45\/100\n|move|p2b: Iron Valiant|Imprison|p2b: Iron Valiant\n|-start|p2b: Iron Valiant|move: Imprison\n|move|p2a: Dragapult|Dragon Darts|p1a: Kingambit\n|-resisted|p1a: Kingambit\n|-damage|p1a: Kingambit|81\/100\n|-anim|p2a: Dragapult|Dragon Darts|p1b: Lumineon\n|-damage|p1b: Lumineon|40\/100\n|move|p1b: Lumineon|Tailwind|p1b: Lumineon\n|-sidestart|p1: Mononoke24|move: Tailwind\n|\n|upkeep\n|turn|2\n|inactive|Mononoke24 has 30 seconds left.\n|inactive|meiister has 30 seconds left.\n|\n|t:|1682639355\n|move|p1a: Kingambit|Sucker Punch|p2a: Dragapult\n|-damage|p2a: Dragapult|0 fnt\n|faint|p2a: Dragapult\n|move|p1b: Lumineon|Encore|p2b: Iron Valiant\n|-start|p2b: Iron Valiant|Encore\n|move|p2b: Iron Valiant|Imprison||[still]\n|-fail|p2b: Iron Valiant\n|\n|upkeep\n|\n|t:|1682639366\n|switch|p2a: Flutter Mane|Flutter Mane, L50|100\/100\n|turn|3\n|\n|t:|1682639379\n|-end|p2b: Iron Valiant|Quark Drive|[silent]\n|switch|p2b: Chien-Pao|Chien-Pao, L50|100\/100\n|-ability|p2b: Chien-Pao|Sword of Ruin\n|move|p1b: Lumineon|Protect|p1b: Lumineon\n|-singleturn|p1b: Lumineon|Protect\n|move|p2a: Flutter Mane|Moonblast|p1b: Lumineon\n|-activate|p1b: Lumineon|move: Protect\n|move|p1a: Kingambit|Iron Head|p2a: Flutter Mane\n|-supereffective|p2a: Flutter Mane\n|-damage|p2a: Flutter Mane|0 fnt\n|faint|p2a: Flutter Mane\n|-end|p2a: Flutter Mane|Protosynthesis|[silent]\n|\n|upkeep\n|\n|t:|1682639391\n|switch|p2a: Iron Valiant|Iron Valiant, L50|100\/100\n|turn|4\n|\n|t:|1682639405\n|switch|p1a: Iron Moth|Iron Moth, L50|100\/100\n|move|p1b: Lumineon|Icy Wind|p2b: Chien-Pao|[spread] p2a,p2b\n|-resisted|p2b: Chien-Pao\n|-damage|p2a: Iron Valiant|86\/100\n|-damage|p2b: Chien-Pao|95\/100\n|-unboost|p2a: Iron Valiant|spe|1\n|-unboost|p2b: Chien-Pao|spe|1\n|move|p2b: Chien-Pao|Ice Spinner|p1b: Lumineon\n|-resisted|p1b: Lumineon\n|-damage|p1b: Lumineon|9\/100\n|move|p2a: Iron Valiant|Close Combat|p1a: Iron Moth\n|-resisted|p1a: Iron Moth\n|-damage|p1a: Iron Moth|32\/100\n|-unboost|p2a: Iron Valiant|def|1\n|-unboost|p2a: Iron Valiant|spd|1\n|\n|-sideend|p1: Mononoke24|move: Tailwind\n|upkeep\n|turn|5\n|inactive|meiister has 30 seconds left.\n|\n|t:|1682639437\n|move|p2b: Chien-Pao|Sucker Punch|p1a: Iron Moth\n|-damage|p1a: Iron Moth|0 fnt\n|faint|p1a: Iron Moth\n|-end|p1a: Iron Moth|Quark Drive|[silent]\n|move|p1b: Lumineon|Tailwind|p1b: Lumineon\n|-sidestart|p1: Mononoke24|move: Tailwind\n|move|p2a: Iron Valiant|Spirit Break|p1b: Lumineon\n|-damage|p1b: Lumineon|0 fnt\n|faint|p1b: Lumineon\n|\n|upkeep\n|\n|t:|1682639440\n|switch|p1a: Gallade|Gallade, L50, M|100\/100\n|switch|p1b: Kingambit|Kingambit, L50, M|81\/100\n|turn|6\n|\n|t:|1682639462\n|-terastallize|p1a: Gallade|Steel\n|move|p1b: Kingambit|Sucker Punch|p2b: Chien-Pao\n|-resisted|p2b: Chien-Pao\n|-damage|p2b: Chien-Pao|67\/100\n|move|p2b: Chien-Pao|Sucker Punch|p1a: Gallade\n|-damage|p1a: Gallade|28\/100\n|move|p1a: Gallade|Psycho Cut|p2a: Iron Valiant\n|-supereffective|p2a: Iron Valiant\n|-crit|p2a: Iron Valiant\n|-damage|p2a: Iron Valiant|0 fnt\n|faint|p2a: Iron Valiant\n|-end|p2a: Iron Valiant|Quark Drive|[silent]\n|-damage|p1a: Gallade|18\/100|[from] item: Life Orb\n|\n|upkeep\n|turn|7\n|\n|t:|1682639476\n|move|p2b: Chien-Pao|Sucker Punch|p1a: Gallade\n|-damage|p1a: Gallade|0 fnt\n|faint|p1a: Gallade\n|move|p1b: Kingambit|Iron Head|p2b: Chien-Pao\n|-supereffective|p2b: Chien-Pao\n|-damage|p2b: Chien-Pao|0 fnt\n|faint|p2b: Chien-Pao\n|\n|win|Mononoke24\n|raw|Mononoke24's rating: 1203 → 1230<\/strong> (+27 for winning)\n|raw|meiister's rating: 1236 → 1209<\/strong> (-27 for losing)\n","uploadtime":1682639484,"views":20,"p1id":"mononoke24","p2id":"meiister","formatid":"gen9vgc2023regulationc","rating":1209,"private":0,"password":""}