{"id":"gen9vgc2023regulationc-1854858110","p1":"bennoVGC","p2":"HeffNastyy","format":"[Gen 9] VGC 2023 Regulation C","log":"|j|\u2606bennoVGC\n|j|\u2606HeffNastyy\n|t:|1682874038\n|gametype|doubles\n|player|p1|bennoVGC|265|\n|player|p2|HeffNastyy|lance|\n|teamsize|p1|6\n|teamsize|p2|6\n|gen|9\n|tier|[Gen 9] VGC 2023 Regulation C\n|rule|Species Clause: Limit one of each Pok\u00e9mon\n|rule|Item Clause: Limit one of each item\n|clearpoke\n|poke|p1|Palafin, L50, F|\n|poke|p1|Arcanine, L50, M|\n|poke|p1|Flutter Mane, L50|\n|poke|p1|Amoonguss, L50, F|\n|poke|p1|Pawmot, L50, F|\n|poke|p1|Ting-Lu, L50|\n|poke|p2|Garchomp, L50, F|\n|poke|p2|Chien-Pao, L50|\n|poke|p2|Talonflame, L50, M|\n|poke|p2|Gyarados, L50, F|\n|poke|p2|Flutter Mane, L50|\n|poke|p2|Iron Hands, L50|\n|teampreview|4\n|c|\u2606HeffNastyy|g1\nHeffNastyy has agreed to open team sheets.\nbennoVGC has agreed to open team sheets.\n|c|\u2606bennoVGC|gl hf :D\n|c|\u2606HeffNastyy|u2\n|c|\u2606HeffNastyy|like the pawmot adaptation\n|c|\u2606bennoVGC|thanks\n|\n|t:|1682874161\n|start\n|switch|p1a: Flutter Mane|Flutter Mane, L50, shiny|100\/100\n|switch|p1b: Pawmot|Pawmot, L50, F, shiny|100\/100\n|switch|p2a: Jaws|Gyarados, L50, F, shiny|100\/100\n|switch|p2b: Riley|Iron Hands, L50|100\/100\n|-ability|p2a: Jaws|Intimidate|boost\n|-unboost|p1a: Flutter Mane|atk|1\n|-unboost|p1b: Pawmot|atk|1\n|turn|1\n|\n|t:|1682874222\n|-terastallize|p2b: Riley|Grass\n|move|p1b: Pawmot|Fake Out|p2a: Jaws\n|-damage|p2a: Jaws|93\/100\n|move|p2b: Riley|Fake Out|p1b: Pawmot\n|-damage|p1b: Pawmot|78\/100\n|move|p1a: Flutter Mane|Moonblast|p2b: Riley\n|-damage|p2b: Riley|62\/100\n|cant|p2a: Jaws|flinch\n|\n|upkeep\n|turn|2\n|\n|t:|1682874245\n|move|p2a: Jaws|Helping Hand|p2b: Riley\n|-singleturn|p2b: Riley|Helping Hand|[of] p2a: Jaws\n|move|p1a: Flutter Mane|Moonblast|p2b: Riley\n|-damage|p2b: Riley|24\/100\n|-unboost|p2b: Riley|spa|1\n|move|p1b: Pawmot|Close Combat|p2b: Riley\n|-damage|p2b: Riley|0 fnt\n|-unboost|p1b: Pawmot|def|1\n|-unboost|p1b: Pawmot|spd|1\n|faint|p2b: Riley\n|-end|p2b: Riley|Quark Drive|[silent]\n|\n|upkeep\n|\n|t:|1682874257\n|switch|p2b: Diego|Chien-Pao, L50|100\/100\n|-ability|p2b: Diego|Sword of Ruin\n|turn|3\n|\n|t:|1682874273\n|switch|p1b: Palafin|Palafin, L50, F, shiny|100\/100\n|move|p1a: Flutter Mane|Moonblast|p2b: Diego\n|-supereffective|p2b: Diego\n|-enditem|p2b: Diego|Focus Sash\n|-damage|p2b: Diego|1\/100\n|-unboost|p2b: Diego|spa|1\n|move|p2b: Diego|Ice Spinner|p1b: Palafin\n|-resisted|p1b: Palafin\n|-damage|p1b: Palafin|63\/100\n|move|p2a: Jaws|Thunder Wave|p1a: Flutter Mane|[miss]\n|-miss|p2a: Jaws|p1a: Flutter Mane\n|\n|upkeep\n|turn|4\n|c|\u2606HeffNastyy|thats the 4th time i have missed twave this tournament lol\n|c|\u2606bennoVGC|damn thats tough\n|c|\u2606HeffNastyy|out of 5times clicking\n|c|\u2606bennoVGC|i have hit 3 fissures just the last set\n|c|\u2606bennoVGC|lol\n|c|\u2606HeffNastyy|oh geez lol\n|c|\u2606bennoVGC|he was mad\n|\n|t:|1682874327\n|move|p2b: Diego|Protect|p2b: Diego\n|-singleturn|p2b: Diego|Protect\n|move|p1b: Palafin|Jet Punch|p2b: Diego\n|-activate|p2b: Diego|move: Protect\n|move|p1a: Flutter Mane|Moonblast|p2a: Jaws\n|-damage|p2a: Jaws|39\/100\n|-enditem|p2a: Jaws|Sitrus Berry|[eat]\n|-heal|p2a: Jaws|64\/100|[from] item: Sitrus Berry\n|move|p2a: Jaws|Thunder Wave|p1b: Palafin\n|-status|p1b: Palafin|par\n|\n|upkeep\n|turn|5\n|c|\u2606HeffNastyy|aye lol\n|\n|t:|1682874349\n|move|p2b: Diego|Sucker Punch|p1b: Palafin\n|-damage|p1b: Palafin|0 fnt\n|faint|p1b: Palafin\n|move|p1a: Flutter Mane|Moonblast|p2a: Jaws\n|-damage|p2a: Jaws|5\/100\n|-unboost|p2a: Jaws|spa|1\n|move|p2a: Jaws|Thunder Wave|p1a: Flutter Mane|[miss]\n|-miss|p2a: Jaws|p1a: Flutter Mane\n|\n|upkeep\n|\n|t:|1682874358\n|switch|p1b: Pawmot|Pawmot, L50, F, shiny|78\/100\n|turn|6\n|c|\u2606bennoVGC|lol\n|c|\u2606HeffNastyy|just can't hit flutter\n|\n|t:|1682874377\n|move|p2a: Jaws|Helping Hand|p2b: Diego\n|-singleturn|p2b: Diego|Helping Hand|[of] p2a: Jaws\n|move|p2b: Diego|Sucker Punch|p1a: Flutter Mane\n|-damage|p1a: Flutter Mane|0 fnt\n|faint|p1a: Flutter Mane\n|-end|p1a: Flutter Mane|Protosynthesis|[silent]\n|move|p1b: Pawmot|Revival Blessing|p1b: Pawmot\n|\n|t:|1682874385\n|-heal|p1: Palafin|50\/100|[from] move: Revival Blessing\n|\n|upkeep\n|\n|t:|1682874388\n|switch|p1a: Palafin|Palafin, L50, F, shiny|50\/100\n|turn|7\n|\n|t:|1682874419\n|detailschange|p1a: Palafin|Palafin-Hero, L50, F, shiny\n|switch|p1a: Ting-Lu|Ting-Lu, L50|100\/100\n|-ability|p1a: Ting-Lu|Vessel of Ruin\n|move|p2a: Jaws|Helping Hand|p2b: Diego\n|-singleturn|p2b: Diego|Helping Hand|[of] p2a: Jaws\n|move|p2b: Diego|Ice Spinner|p1b: Pawmot\n|-damage|p1b: Pawmot|0 fnt\n|faint|p1b: Pawmot\n|\n|upkeep\n|\n|t:|1682874428\n|switch|p1b: Palafin|Palafin-Hero, L50, F, shiny|50\/100\n|-activate|p1b: Palafin|ability: Zero to Hero\n|turn|8\n|\n|t:|1682874442\n|-terastallize|p1a: Ting-Lu|Poison\n|move|p1b: Palafin|Protect|p1b: Palafin\n|-singleturn|p1b: Palafin|Protect\n|move|p2b: Diego|Sucker Punch||[still]\n|-fail|p2b: Diego\n|move|p2a: Jaws|Waterfall|p1a: Ting-Lu\n|-crit|p1a: Ting-Lu\n|-damage|p1a: Ting-Lu|60\/100\n|move|p1a: Ting-Lu|Heavy Slam|p2b: Diego\n|-supereffective|p2b: Diego\n|-damage|p2b: Diego|0 fnt\n|faint|p2b: Diego\n|\n|upkeep\n|\n|t:|1682874454\n|switch|p2b: Lilith|Flutter Mane, L50, shiny|100\/100\n|-enditem|p2b: Lilith|Booster Energy\n|-activate|p2b: Lilith|ability: Protosynthesis|[fromitem]\n|-start|p2b: Lilith|protosynthesisspa\n|turn|9\n|\n|t:|1682874478\n|move|p2a: Jaws|Helping Hand|p2b: Lilith\n|-singleturn|p2b: Lilith|Helping Hand|[of] p2a: Jaws\n|move|p1b: Palafin|Jet Punch|p2a: Jaws\n|-resisted|p2a: Jaws\n|-damage|p2a: Jaws|0 fnt\n|faint|p2a: Jaws\n|move|p2b: Lilith|Shadow Ball|p1a: Ting-Lu\n|-damage|p1a: Ting-Lu|38\/100\n|move|p1a: Ting-Lu|Heavy Slam|p2b: Lilith\n|-supereffective|p2b: Lilith\n|-damage|p2b: Lilith|21\/100\n|\n|upkeep\n|turn|10\n|c|\u2606bennoVGC|gg\n|c|\u2606HeffNastyy|gg\n|\n|t:|1682874492\n|move|p1b: Palafin|Jet Punch|p2b: Lilith\n|-damage|p2b: Lilith|0 fnt\n|faint|p2b: Lilith\n|-end|p2b: Lilith|Protosynthesis|[silent]\n|\n|win|bennoVGC\n|l|\u2606bennoVGC\n","uploadtime":1682875154,"views":7,"p1id":"bennovgc","p2id":"heffnastyy","formatid":"gen9vgc2023regulationc","rating":0,"private":0,"password":""}