{"id":"gen9vgc2023regulationc-1846167688","p1":"NoodleDude2355","p2":"haha u rage quit","format":"[Gen 9] VGC 2023 Regulation C","log":"|j|\u2606NoodleDude2355\n|j|\u2606haha u rage quit\n|t:|1681816472\n|gametype|doubles\n|player|p1|NoodleDude2355|1|1064\n|player|p2|haha u rage quit|pokemaniac|1047\n|teamsize|p1|6\n|teamsize|p2|6\n|gen|9\n|tier|[Gen 9] VGC 2023 Regulation C\n|rated|\n|rule|Species Clause: Limit one of each Pok\u00e9mon\n|rule|Item Clause: Limit one of each item\n|clearpoke\n|poke|p1|Amoonguss, L50, F|\n|poke|p1|Dondozo, L50, M|\n|poke|p1|Tatsugiri, L50, M|\n|poke|p1|Chi-Yu, L50|\n|poke|p1|Flutter Mane, L50|\n|poke|p1|Iron Hands, L50|\n|poke|p2|Garchomp, L50, M|\n|poke|p2|Flutter Mane, L50|\n|poke|p2|Great Tusk, L50|\n|poke|p2|Iron Bundle, L50|\n|poke|p2|Baxcalibur, L50, M|\n|poke|p2|Palafin, L50, F|\n|teampreview|4\n|\n|t:|1681816505\n|start\n|switch|p1a: Amoonguss|Amoonguss, L50, F|100\/100\n|switch|p1b: Flutter Mane|Flutter Mane, L50|100\/100\n|switch|p2a: Garchomp|Garchomp, L50, M|100\/100\n|switch|p2b: Iron Bundle|Iron Bundle, L50|100\/100\n|turn|1\n|\n|t:|1681816530\n|-terastallize|p1b: Flutter Mane|Fairy\n|-terastallize|p2a: Garchomp|Ghost\n|move|p2b: Iron Bundle|Fling|p2a: Garchomp\n|-supereffective|p2a: Garchomp\n|-damage|p2a: Garchomp|96\/100\n|-boost|p2a: Garchomp|spe|1|[from] item: Salac Berry\n|-enditem|p2a: Garchomp|Weakness Policy\n|-boost|p2a: Garchomp|atk|2|[from] item: Weakness Policy\n|-boost|p2a: Garchomp|spa|2|[from] item: Weakness Policy\n|-enditem|p2b: Iron Bundle|Salac Berry|[from] move: Fling\n|move|p2a: Garchomp|Rock Slide|p1a: Amoonguss|[spread] p1a,p1b\n|-damage|p1a: Amoonguss|59\/100\n|-damage|p1b: Flutter Mane|9\/100\n|cant|p1b: Flutter Mane|flinch\n|move|p1a: Amoonguss|Spore|p2b: Iron Bundle\n|-status|p2b: Iron Bundle|slp|[from] move: Spore\n|\n|-heal|p1a: Amoonguss|65\/100|[from] item: Black Sludge\n|upkeep\n|turn|2\n|c|\u2606NoodleDude2355|rage quit my ass\n|\n|t:|1681816567\n|-end|p2b: Iron Bundle|Quark Drive|[silent]\n|switch|p2b: Flutter Mane|Flutter Mane, L50|100\/100\n|-enditem|p2b: Flutter Mane|Booster Energy\n|-activate|p2b: Flutter Mane|ability: Protosynthesis|[fromitem]\n|-start|p2b: Flutter Mane|protosynthesisspe\n|move|p2a: Garchomp|Dragon Claw|p1a: Amoonguss\n|-damage|p1a: Amoonguss|0 fnt\n|-status|p2a: Garchomp|slp|[from] ability: Effect Spore|[of] p1a: Amoonguss\n|faint|p1a: Amoonguss\n|move|p1b: Flutter Mane|Power Gem|p2b: Flutter Mane\n|-damage|p2b: Flutter Mane|56\/100\n|\n|upkeep\n|\n|t:|1681816580\n|switch|p1a: Tatsugiri|Tatsugiri, L50, M|100\/100\n|turn|3\n|\n|t:|1681816598\n|move|p2b: Flutter Mane|Substitute|p2b: Flutter Mane\n|-start|p2b: Flutter Mane|Substitute\n|-damage|p2b: Flutter Mane|32\/100\n|cant|p2a: Garchomp|slp\n|move|p1b: Flutter Mane|Power Gem|p2b: Flutter Mane\n|-end|p2b: Flutter Mane|Substitute\n|move|p1a: Tatsugiri|Draco Meteor|p2a: Garchomp\n|-damage|p2a: Garchomp|24\/100 slp\n|-unboost|p1a: Tatsugiri|spa|2\n|\n|upkeep\n|turn|4\n|\n|t:|1681816614\n|move|p2b: Flutter Mane|Protect|p2b: Flutter Mane\n|-singleturn|p2b: Flutter Mane|Protect\n|cant|p2a: Garchomp|slp\n|move|p1b: Flutter Mane|Power Gem|p2b: Flutter Mane\n|-activate|p2b: Flutter Mane|move: Protect\n|move|p1a: Tatsugiri|Draco Meteor|p2a: Garchomp\n|-damage|p2a: Garchomp|0 fnt\n|-unboost|p1a: Tatsugiri|spa|2\n|faint|p2a: Garchomp\n|\n|upkeep\n|\n|t:|1681816634\n|switch|p2a: Baxcalibur|Baxcalibur, L50, M|100\/100\n|turn|5\n|\n|t:|1681816642\n|move|p2a: Baxcalibur|Ice Shard|p1b: Flutter Mane\n|-damage|p1b: Flutter Mane|0 fnt\n|faint|p1b: Flutter Mane\n|-end|p1b: Flutter Mane|Protosynthesis|[silent]\n|move|p2b: Flutter Mane|Moonblast|p1a: Tatsugiri\n|-supereffective|p1a: Tatsugiri\n|-enditem|p1a: Tatsugiri|Focus Sash\n|-damage|p1a: Tatsugiri|1\/100\n|move|p1a: Tatsugiri|Muddy Water|p2a: Baxcalibur|[spread] p2a,p2b\n|-resisted|p2a: Baxcalibur\n|-damage|p2a: Baxcalibur|95\/100\n|-damage|p2b: Flutter Mane|20\/100\n|\n|upkeep\n|\n|t:|1681816652\n|switch|p1b: Dondozo|Dondozo, L50, M|100\/100\n|-activate|p1a: Tatsugiri|ability: Commander|[of] p1b: Dondozo\n|-boost|p1b: Dondozo|atk|2\n|-boost|p1b: Dondozo|spa|2\n|-boost|p1b: Dondozo|spe|2\n|-boost|p1b: Dondozo|def|2\n|-boost|p1b: Dondozo|spd|2\n|turn|6\n|\n|t:|1681816673\n|move|p2b: Flutter Mane|Protect|p2b: Flutter Mane\n|-singleturn|p2b: Flutter Mane|Protect\n|move|p2a: Baxcalibur|Protect|p2a: Baxcalibur\n|-singleturn|p2a: Baxcalibur|Protect\n|move|p1b: Dondozo|Earthquake|p2a: Baxcalibur|[spread] \n|-miss|p1b: Dondozo|p1a: Tatsugiri\n|-activate|p2a: Baxcalibur|move: Protect\n|-activate|p2b: Flutter Mane|move: Protect\n|\n|upkeep\n|turn|7\n|\n|t:|1681816688\n|move|p2b: Flutter Mane|Moonblast|p1b: Dondozo\n|-damage|p1b: Dondozo|77\/100\n|move|p2a: Baxcalibur|Glaive Rush|p1b: Dondozo\n|-damage|p1b: Dondozo|54\/100\n|-singlemove|p2a: Baxcalibur|Glaive Rush|[silent]\n|move|p1b: Dondozo|Earthquake|p2a: Baxcalibur|[spread] p2a,p2b\n|-miss|p1b: Dondozo|p1a: Tatsugiri\n|-damage|p2a: Baxcalibur|9\/100\n|-damage|p2b: Flutter Mane|0 fnt\n|faint|p2b: Flutter Mane\n|-end|p2b: Flutter Mane|Protosynthesis|[silent]\n|\n|upkeep\n|\n|t:|1681816698\n|switch|p2b: Iron Bundle|Iron Bundle, L50|100\/100 slp\n|turn|8\n|\n|t:|1681816705\n|cant|p2b: Iron Bundle|slp\n|move|p2a: Baxcalibur|Glaive Rush|p1b: Dondozo\n|-damage|p1b: Dondozo|32\/100\n|-singlemove|p2a: Baxcalibur|Glaive Rush|[silent]\n|move|p1b: Dondozo|Earthquake|p2a: Baxcalibur|[spread] p2a,p2b\n|-miss|p1b: Dondozo|p1a: Tatsugiri\n|-damage|p2a: Baxcalibur|0 fnt\n|-damage|p2b: Iron Bundle|43\/100 slp\n|faint|p2a: Baxcalibur\n|\n|upkeep\n|turn|9\n|\n|t:|1681816716\n|-curestatus|p2b: Iron Bundle|slp|[msg]\n|move|p2b: Iron Bundle|Freeze-Dry|p1b: Dondozo\n|-supereffective|p1b: Dondozo\n|-damage|p1b: Dondozo|0 fnt\n|faint|p1b: Dondozo\n|\n|upkeep\n|turn|10\n|\n|t:|1681816727\n|move|p2b: Iron Bundle|Icy Wind|p1a: Tatsugiri\n|-damage|p1a: Tatsugiri|0 fnt\n|faint|p1a: Tatsugiri\n|\n|win|haha u rage quit\n|raw|NoodleDude2355's rating: 1064 → 1043<\/strong> (-21 for losing)\n|raw|haha u rage quit's rating: 1047 → 1082<\/strong> (+35 for winning)\n|l|\u2606NoodleDude2355\n","uploadtime":1681816738,"views":10,"p1id":"noodledude2355","p2id":"hahauragequit","formatid":"gen9vgc2023regulationc","rating":1043,"private":0,"password":""}