{"id":"gen9vgc2023regulationc-1859090783","p1":"ApronVGC","p2":"Father Dijon","format":"[Gen 9] VGC 2023 Regulation C","log":"|j|\u2606ApronVGC\n|j|\u2606Father Dijon\n|t:|1683403292\n|gametype|doubles\n|player|p1|ApronVGC|lucas|\n|player|p2|Father Dijon|265|\n|teamsize|p1|6\n|teamsize|p2|6\n|gen|9\n|tier|[Gen 9] VGC 2023 Regulation C\n|rule|Species Clause: Limit one of each Pok\u00e9mon\n|rule|Item Clause: Limit one of each item\n|clearpoke\n|poke|p1|Flutter Mane, L50|\n|poke|p1|Amoonguss, L50, F|\n|poke|p1|Arcanine, L50, M|\n|poke|p1|Palafin, L50, M|\n|poke|p1|Ting-Lu, L50|\n|poke|p1|Baxcalibur, L50, M|\n|poke|p2|Ting-Lu, L50|\n|poke|p2|Dragonite, L50, F|\n|poke|p2|Dondozo, L50, F|\n|poke|p2|Chien-Pao, L50|\n|poke|p2|Tatsugiri, L50, M|\n|poke|p2|Glimmora, L50, M|\n|teampreview|4\n|c|\u2606Father Dijon|g3\nFather Dijon has agreed to open team sheets.\nApronVGC has agreed to open team sheets.\n|c|\u2606Father Dijon|\/log Father Dijon made this room public.\n|j| Lemon Irvine\n|j| pokeway96\n|c|\u2606ApronVGC|glhf\n|c|\u2606Father Dijon|glhf\n|j| JayVGC YT\n|j| Svenvgc\n|l| JayVGC YT\n|j| baaaaat_\n|j| PqlarBear\n|\n|t:|1683404199\n|start\n|switch|p1a: Palafin|Palafin, L50, M|100\/100\n|switch|p1b: Amoonguss|Amoonguss, L50, F|100\/100\n|switch|p2a: Ting-Lu|Ting-Lu, L50|100\/100\n|switch|p2b: Dondozo|Dondozo, L50, F|100\/100\n|-ability|p2a: Ting-Lu|Vessel of Ruin\n|turn|1\n|j| paul chua 2\n|l| PqlarBear\n|l| Svenvgc\n|j| JMOdri\n|l| pokeway96\n|\n|t:|1683404220\n|-terastallize|p2a: Ting-Lu|Fairy\n|move|p1a: Palafin|Taunt|p2a: Ting-Lu\n|-start|p2a: Ting-Lu|move: Taunt\n|move|p2b: Dondozo|Yawn|p1a: Palafin\n|-start|p1a: Palafin|move: Yawn|[of] p2b: Dondozo\n|cant|p2a: Ting-Lu|move: Taunt|Stealth Rock\n|move|p1b: Amoonguss|Spore|p2b: Dondozo\n|-status|p2b: Dondozo|slp|[from] move: Spore\n|\n|upkeep\n|turn|2\n|j| JustinTangStan\n|j| Yoshiandlugia\n|\n|t:|1683404244\n|detailschange|p1a: Palafin|Palafin-Hero, L50, M\n|switch|p1a: Arcanine|Arcanine, L50, M|100\/100\n|-ability|p1a: Arcanine|Intimidate|boost\n|-unboost|p2a: Ting-Lu|atk|1\n|-unboost|p2b: Dondozo|atk|1\n|cant|p2b: Dondozo|slp\n|move|p2a: Ting-Lu|Ruination|p1a: Arcanine\n|-damage|p1a: Arcanine|51\/100\n|move|p1b: Amoonguss|Pollen Puff|p1a: Arcanine\n|-heal|p1a: Arcanine|100\/100\n|\n|upkeep\n|turn|3\n|j| PqlarBear\n|\n|t:|1683404260\n|switch|p1b: Palafin|Palafin-Hero, L50, M|100\/100\n|-activate|p1b: Palafin|ability: Zero to Hero\n|move|p1a: Arcanine|Will-O-Wisp|p2a: Ting-Lu\n|-status|p2a: Ting-Lu|brn\n|cant|p2b: Dondozo|slp\n|move|p2a: Ting-Lu|Ruination|p1b: Palafin|[miss]\n|-miss|p2a: Ting-Lu|p1b: Palafin\n|\n|-damage|p2a: Ting-Lu|94\/100 brn|[from] brn\n|-end|p2a: Ting-Lu|move: Taunt\n|upkeep\n|turn|4\n|j| RikaLapPillow\n|\n|t:|1683404280\n|move|p1a: Arcanine|Will-O-Wisp|p2a: Ting-Lu\n|-fail|p2a: Ting-Lu|brn\n|move|p1b: Palafin|Taunt|p2a: Ting-Lu\n|-start|p2a: Ting-Lu|move: Taunt\n|-curestatus|p2b: Dondozo|slp|[msg]\n|move|p2b: Dondozo|Yawn|p1b: Palafin\n|-start|p1b: Palafin|move: Yawn|[of] p2b: Dondozo\n|cant|p2a: Ting-Lu|move: Taunt|Stealth Rock\n|\n|-damage|p2a: Ting-Lu|88\/100 brn|[from] brn\n|upkeep\n|turn|5\n|\n|t:|1683404308\n|switch|p1b: Flutter Mane|Flutter Mane, L50|100\/100\n|move|p1a: Arcanine|Will-O-Wisp|p1b: Flutter Mane|[miss]\n|-miss|p1a: Arcanine|p1b: Flutter Mane\n|move|p2b: Dondozo|Wave Crash|p1a: Arcanine\n|-supereffective|p1a: Arcanine\n|-damage|p1a: Arcanine|37\/100\n|-damage|p2b: Dondozo|82\/100|[from] Recoil\n|move|p2a: Ting-Lu|Earthquake|p1b: Flutter Mane|[spread] p2b,p1a,p1b\n|-supereffective|p1a: Arcanine\n|-damage|p2b: Dondozo|73\/100\n|-damage|p1a: Arcanine|17\/100\n|-damage|p1b: Flutter Mane|91\/100\n|\n|-heal|p2b: Dondozo|79\/100|[from] item: Leftovers\n|-damage|p2a: Ting-Lu|82\/100 brn|[from] brn\n|upkeep\n|turn|6\n|l| PqlarBear\n|j| PqlarBear\n|j| mega knight player\n|\n|t:|1683404350\n|switch|p1a: Palafin|Palafin-Hero, L50, M|100\/100\n|move|p1b: Flutter Mane|Moonblast|p2b: Dondozo\n|-damage|p2b: Dondozo|42\/100\n|move|p2b: Dondozo|Yawn|p1a: Palafin\n|-start|p1a: Palafin|move: Yawn|[of] p2b: Dondozo\n|move|p2a: Ting-Lu|Earthquake|p1b: Flutter Mane|[spread] p2b,p1a,p1b\n|-damage|p2b: Dondozo|32\/100\n|-damage|p1a: Palafin|93\/100\n|-damage|p1b: Flutter Mane|81\/100\n|\n|-heal|p2b: Dondozo|38\/100|[from] item: Leftovers\n|-damage|p2a: Ting-Lu|76\/100 brn|[from] brn\n|-end|p2a: Ting-Lu|move: Taunt\n|upkeep\n|turn|7\n|j| Finabas\n|j| Bakonlikescufant\n|\n|t:|1683404364\n|-end|p1b: Flutter Mane|Protosynthesis|[silent]\n|switch|p1b: Amoonguss|Amoonguss, L50, F|100\/100\n|move|p2b: Dondozo|Protect|p2b: Dondozo\n|-singleturn|p2b: Dondozo|Protect\n|move|p1a: Palafin|Taunt|p2a: Ting-Lu\n|-start|p2a: Ting-Lu|move: Taunt\n|move|p2a: Ting-Lu|Ruination|p1b: Amoonguss\n|-damage|p1b: Amoonguss|50\/100\n|-enditem|p1b: Amoonguss|Sitrus Berry|[eat]\n|-heal|p1b: Amoonguss|75\/100|[from] item: Sitrus Berry\n|\n|-heal|p2b: Dondozo|44\/100|[from] item: Leftovers\n|-damage|p2a: Ting-Lu|70\/100 brn|[from] brn\n|-end|p1a: Palafin|move: Yawn|[silent]\n|-status|p1a: Palafin|slp\n|upkeep\n|turn|8\n|j| Svenvgc\n|l| PqlarBear\n|j| ceree\n|l| JustinTangStan\n|j| PqlarBear\n|j| tyo\n|\n|t:|1683404417\n|move|p2b: Dondozo|Protect|p2b: Dondozo\n|-singleturn|p2b: Dondozo|Protect\n|cant|p1a: Palafin|slp\n|move|p2a: Ting-Lu|Ruination|p1b: Amoonguss\n|-damage|p1b: Amoonguss|38\/100\n|move|p1b: Amoonguss|Spore|p2a: Ting-Lu\n|-activate|p2a: Ting-Lu|item: Safety Goggles|Spore\n|\n|-heal|p2b: Dondozo|50\/100|[from] item: Leftovers\n|-damage|p2a: Ting-Lu|64\/100 brn|[from] brn\n|upkeep\n|turn|9\n|\n|t:|1683404440\n|cant|p1a: Palafin|slp\n|move|p2b: Dondozo|Yawn|p1b: Amoonguss\n|-start|p1b: Amoonguss|move: Yawn|[of] p2b: Dondozo\n|move|p2a: Ting-Lu|Ruination|p1a: Palafin\n|-damage|p1a: Palafin|47\/100 slp\n|move|p1b: Amoonguss|Spore|p2b: Dondozo\n|-status|p2b: Dondozo|slp|[from] move: Spore\n|\n|-heal|p2b: Dondozo|56\/100 slp|[from] item: Leftovers\n|-damage|p2a: Ting-Lu|58\/100 brn|[from] brn\n|-end|p2a: Ting-Lu|move: Taunt\n|upkeep\n|turn|10\n|\n|t:|1683404464\n|switch|p1b: Arcanine|Arcanine, L50, M|17\/100\n|-ability|p1b: Arcanine|Intimidate|boost\n|-unboost|p2a: Ting-Lu|atk|1\n|-unboost|p2b: Dondozo|atk|1\n|cant|p1a: Palafin|slp\n|cant|p2b: Dondozo|slp\n|move|p2a: Ting-Lu|Ruination|p1a: Palafin\n|-damage|p1a: Palafin|24\/100 slp\n|\n|-heal|p2b: Dondozo|62\/100 slp|[from] item: Leftovers\n|-damage|p2a: Ting-Lu|52\/100 brn|[from] brn\n|upkeep\n|turn|11\n|\n|t:|1683404481\n|move|p1b: Arcanine|Howl|p1b: Arcanine|[spread] p1a,p1b\n|-boost|p1a: Palafin|atk|1\n|-boost|p1b: Arcanine|atk|1\n|-curestatus|p1a: Palafin|slp|[msg]\n|move|p1a: Palafin|Wave Crash|p2a: Ting-Lu\n|-crit|p2a: Ting-Lu\n|-damage|p2a: Ting-Lu|0 fnt\n|faint|p2a: Ting-Lu\n|-damage|p1a: Palafin|2\/100|[from] Recoil\n|-curestatus|p2b: Dondozo|slp|[msg]\n|move|p2b: Dondozo|Yawn|p1a: Palafin\n|-start|p1a: Palafin|move: Yawn|[of] p2b: Dondozo\n|\n|-heal|p2b: Dondozo|68\/100|[from] item: Leftovers\n|upkeep\n|\n|t:|1683404490\n|switch|p2a: Chien-Pao|Chien-Pao, L50|100\/100\n|-ability|p2a: Chien-Pao|Sword of Ruin\n|turn|12\n|\n|t:|1683404502\n|switch|p2a: Tatsugiri|Tatsugiri, L50, M|100\/100\n|-activate|p2a: Tatsugiri|ability: Commander|[of] p2b: Dondozo\n|-boost|p2b: Dondozo|atk|2\n|-boost|p2b: Dondozo|spa|2\n|-boost|p2b: Dondozo|spe|2\n|-boost|p2b: Dondozo|def|2\n|-boost|p2b: Dondozo|spd|2\n|move|p1b: Arcanine|Protect|p1b: Arcanine\n|-singleturn|p1b: Arcanine|Protect\n|move|p1a: Palafin|Jet Punch|p2a: Tatsugiri|[miss]\n|-miss|p1a: Palafin|p2a: Tatsugiri\n|move|p2b: Dondozo|Earthquake|p1a: Palafin|[spread] p1a\n|-miss|p2b: Dondozo|p2a: Tatsugiri\n|-activate|p1b: Arcanine|move: Protect\n|-damage|p1a: Palafin|0 fnt\n|faint|p1a: Palafin\n|\n|-heal|p2b: Dondozo|75\/100|[from] item: Leftovers\n|upkeep\n|\n|t:|1683404512\n|switch|p1a: Amoonguss|Amoonguss, L50, F|71\/100\n|turn|13\n|j| cybertr0nvgc7\n|l| Bakonlikescufant\n|l| Finabas\n|j| Finabas\n|\n|t:|1683404604\n|switch|p1b: Flutter Mane|Flutter Mane, L50|81\/100\n|move|p2b: Dondozo|Wave Crash|p1b: Flutter Mane\n|-damage|p1b: Flutter Mane|31\/100\n|-damage|p2b: Dondozo|63\/100|[from] Recoil\n|move|p1a: Amoonguss|Spore|p2b: Dondozo\n|-status|p2b: Dondozo|slp|[from] move: Spore\n|\n|-heal|p2b: Dondozo|69\/100 slp|[from] item: Leftovers\n|upkeep\n|turn|14\n|\n|t:|1683404614\n|cant|p2b: Dondozo|slp\n|move|p1b: Flutter Mane|Moonblast|p2b: Dondozo\n|-damage|p2b: Dondozo|40\/100 slp\n|-unboost|p2b: Dondozo|spa|1\n|move|p1a: Amoonguss|Pollen Puff|p1b: Flutter Mane\n|-heal|p1b: Flutter Mane|81\/100\n|\n|-heal|p2b: Dondozo|46\/100 slp|[from] item: Leftovers\n|upkeep\n|turn|15\n|\n|t:|1683404627\n|-end|p1b: Flutter Mane|Protosynthesis|[silent]\n|switch|p1b: Arcanine|Arcanine, L50, M|17\/100\n|-ability|p1b: Arcanine|Intimidate|boost\n|-unboost|p2a: Tatsugiri|atk|1\n|-unboost|p2b: Dondozo|atk|1\n|cant|p2b: Dondozo|slp\n|move|p1a: Amoonguss|Pollen Puff|p1b: Arcanine\n|-heal|p1b: Arcanine|66\/100\n|\n|-heal|p2b: Dondozo|52\/100 slp|[from] item: Leftovers\n|upkeep\n|turn|16\n|\n|t:|1683404648\n|switch|p1b: Flutter Mane|Flutter Mane, L50|81\/100\n|-curestatus|p2b: Dondozo|slp|[msg]\n|move|p2b: Dondozo|Wave Crash|p1b: Flutter Mane\n|-damage|p1b: Flutter Mane|43\/100\n|-damage|p2b: Dondozo|44\/100|[from] Recoil\n|move|p1a: Amoonguss|Spore|p2b: Dondozo\n|-status|p2b: Dondozo|slp|[from] move: Spore\n|\n|-heal|p2b: Dondozo|50\/100 slp|[from] item: Leftovers\n|upkeep\n|turn|17\n|\n|t:|1683404656\n|-end|p1b: Flutter Mane|Protosynthesis|[silent]\n|switch|p1b: Arcanine|Arcanine, L50, M|66\/100\n|-ability|p1b: Arcanine|Intimidate|boost\n|-unboost|p2a: Tatsugiri|atk|1\n|-unboost|p2b: Dondozo|atk|1\n|cant|p2b: Dondozo|slp\n|move|p1a: Amoonguss|Pollen Puff|p1b: Arcanine\n|-heal|p1b: Arcanine|100\/100\n|\n|-heal|p2b: Dondozo|56\/100 slp|[from] item: Leftovers\n|upkeep\n|turn|18\n|\n|t:|1683404666\n|switch|p1b: Flutter Mane|Flutter Mane, L50|43\/100\n|cant|p2b: Dondozo|slp\n|move|p1a: Amoonguss|Pollen Puff|p1b: Flutter Mane\n|-heal|p1b: Flutter Mane|93\/100\n|\n|-heal|p2b: Dondozo|62\/100 slp|[from] item: Leftovers\n|upkeep\n|turn|19\n|\n|t:|1683404674\n|cant|p2b: Dondozo|slp\n|move|p1b: Flutter Mane|Moonblast|p2b: Dondozo\n|-damage|p2b: Dondozo|33\/100 slp\n|-unboost|p2b: Dondozo|spa|1\n|move|p1a: Amoonguss|Spore|p2b: Dondozo\n|-fail|p2b: Dondozo|slp\n|\n|-heal|p2b: Dondozo|39\/100 slp|[from] item: Leftovers\n|upkeep\n|turn|20\n|\n|t:|1683404685\n|-curestatus|p2b: Dondozo|slp|[msg]\n|move|p2b: Dondozo|Yawn|p1a: Amoonguss\n|-start|p1a: Amoonguss|move: Yawn|[of] p2b: Dondozo\n|move|p1b: Flutter Mane|Moonblast|p2b: Dondozo\n|-damage|p2b: Dondozo|13\/100\n|move|p1a: Amoonguss|Spore|p2b: Dondozo\n|-status|p2b: Dondozo|slp|[from] move: Spore\n|\n|-heal|p2b: Dondozo|20\/100 slp|[from] item: Leftovers\n|upkeep\n|turn|21\n|\n|t:|1683404705\n|switch|p1a: Arcanine|Arcanine, L50, M|100\/100\n|-ability|p1a: Arcanine|Intimidate|boost\n|-unboost|p2a: Tatsugiri|atk|1\n|-unboost|p2b: Dondozo|atk|1\n|cant|p2b: Dondozo|slp\n|move|p1b: Flutter Mane|Moonblast|p1a: Arcanine\n|-resisted|p1a: Arcanine\n|-damage|p1a: Arcanine|67\/100\n|-unboost|p1a: Arcanine|spa|1\n|\n|-heal|p2b: Dondozo|26\/100 slp|[from] item: Leftovers\n|upkeep\n|turn|22\n|l| PqlarBear\n|\n|t:|1683404716\n|-end|p1b: Flutter Mane|Protosynthesis|[silent]\n|switch|p1b: Amoonguss|Amoonguss, L50, F|100\/100\n|move|p1a: Arcanine|Protect|p1a: Arcanine\n|-singleturn|p1a: Arcanine|Protect\n|-curestatus|p2b: Dondozo|slp|[msg]\n|move|p2b: Dondozo|Yawn|p1a: Arcanine\n|-activate|p1a: Arcanine|move: Protect\n|\n|-heal|p2b: Dondozo|32\/100|[from] item: Leftovers\n|upkeep\n|turn|23\n|\n|t:|1683404728\n|move|p2b: Dondozo|Yawn|p1b: Amoonguss\n|-start|p1b: Amoonguss|move: Yawn|[of] p2b: Dondozo\n|move|p1a: Arcanine|Will-O-Wisp|p1b: Amoonguss\n|-status|p1b: Amoonguss|brn\n|move|p1b: Amoonguss|Spore|p2b: Dondozo\n|-status|p2b: Dondozo|slp|[from] move: Spore\n|\n|-heal|p2b: Dondozo|38\/100 slp|[from] item: Leftovers\n|-damage|p1b: Amoonguss|95\/100 brn|[from] brn\n|upkeep\n|turn|24\n|j| PqlarBear\n|\n|t:|1683404738\n|switch|p1a: Flutter Mane|Flutter Mane, L50|93\/100\n|cant|p2b: Dondozo|slp\n|move|p1b: Amoonguss|Clear Smog|p2b: Dondozo\n|-damage|p2b: Dondozo|31\/100 slp\n|-clearboost|p2b: Dondozo\n|\n|-heal|p2b: Dondozo|37\/100 slp|[from] item: Leftovers\n|-damage|p1b: Amoonguss|89\/100 brn|[from] brn\n|-end|p1b: Amoonguss|move: Yawn|[silent]\n|upkeep\n|turn|25\n|\n|t:|1683404744\n|move|p1a: Flutter Mane|Moonblast|p2b: Dondozo\n|-damage|p2b: Dondozo|0 fnt\n|faint|p2b: Dondozo\n|move|p1b: Amoonguss|Spore|p2a: Tatsugiri\n|-status|p2a: Tatsugiri|slp|[from] move: Spore\n|\n|-damage|p1b: Amoonguss|83\/100 brn|[from] brn\n|upkeep\n|\n|t:|1683404746\n|switch|p2b: Chien-Pao|Chien-Pao, L50|100\/100\n|-ability|p2b: Chien-Pao|Sword of Ruin\n|turn|26\n|\n|t:|1683404758\n|switch|p1b: Arcanine|Arcanine, L50, M|67\/100\n|-ability|p1b: Arcanine|Intimidate|boost\n|-unboost|p2a: Tatsugiri|atk|1\n|-unboost|p2b: Chien-Pao|atk|1\n|cant|p2a: Tatsugiri|slp\n|move|p2a: Tatsugiri|Sleep Talk|p2a: Tatsugiri\n|move|p2a: Tatsugiri|Draco Meteor|p1a: Flutter Mane|[from]move: Sleep Talk\n|-immune|p1a: Flutter Mane\n|move|p2b: Chien-Pao|Ice Spinner|p1a: Flutter Mane\n|-damage|p1a: Flutter Mane|46\/100\n|move|p1a: Flutter Mane|Moonblast|p2a: Tatsugiri\n|-supereffective|p2a: Tatsugiri\n|-damage|p2a: Tatsugiri|0 fnt\n|faint|p2a: Tatsugiri\n|\n|upkeep\n|turn|27\n|\n|t:|1683404778\n|move|p2b: Chien-Pao|Ice Spinner|p1a: Flutter Mane\n|-damage|p1a: Flutter Mane|2\/100\n|move|p1a: Flutter Mane|Moonblast|p2b: Chien-Pao\n|-supereffective|p2b: Chien-Pao\n|-enditem|p2b: Chien-Pao|Focus Sash\n|-damage|p2b: Chien-Pao|1\/100\n|-unboost|p2b: Chien-Pao|spa|1\n|move|p1b: Arcanine|Flare Blitz|p2b: Chien-Pao\n|-supereffective|p2b: Chien-Pao\n|-damage|p2b: Chien-Pao|0 fnt\n|faint|p2b: Chien-Pao\n|-damage|p1b: Arcanine|66\/100|[from] Recoil\n|\n|win|ApronVGC\n|c|\u2606ApronVGC|gg\n|c|\u2606Father Dijon|gg\n|l| Lemon Irvine\n|l| ceree\n|l| tyo\n|l| Yoshiandlugia\n|l| RikaLapPillow\n|l| Svenvgc\n|l| cybertr0nvgc7\n|l| Finabas\n|l| baaaaat_\n|l| PqlarBear\n|l| JMOdri\n|j| JMOdri\n|l| JMOdri\n|j| JMOdri\n|l| JMOdri\n|j| NJ11VGC\n|l|\u2606Father Dijon\n","uploadtime":1683404795,"views":32,"p1id":"apronvgc","p2id":"fatherdijon","formatid":"gen9vgc2023regulationc","rating":0,"private":0,"password":""}