{"id":"gen9vgc2023regulationc-1846614453","p1":"Mommys tendies","p2":"Hadrian1917","format":"[Gen 9] VGC 2023 Regulation C","log":"|j|\u2606Mommys tendies\n|j|\u2606Hadrian1917\n|t:|1681857444\n|gametype|doubles\n|player|p1|Mommys tendies|102|1265\n|player|p2|Hadrian1917|brock|1296\n|teamsize|p1|6\n|teamsize|p2|6\n|gen|9\n|tier|[Gen 9] VGC 2023 Regulation C\n|rated|\n|rule|Species Clause: Limit one of each Pok\u00e9mon\n|rule|Item Clause: Limit one of each item\n|clearpoke\n|poke|p1|Gastrodon, L50, M|\n|poke|p1|Rotom-Mow, L50|\n|poke|p1|Tauros-Paldea-Blaze, L50, M|\n|poke|p1|Chien-Pao, L50|\n|poke|p1|Scizor, L50, F|\n|poke|p1|Salamence, L50, F|\n|poke|p2|Flutter Mane, L50|\n|poke|p2|Arcanine, L50, M|\n|poke|p2|Baxcalibur, L50, F|\n|poke|p2|Ting-Lu, L50|\n|poke|p2|Gyarados, L50, F|\n|poke|p2|Amoonguss, L50, M|\n|teampreview|4\n|inactive|Battle timer is ON: inactive players will automatically lose when time's up. (requested by Hadrian1917)\n|inactive|Hadrian1917 has 60 seconds left.\n|inactive|Hadrian1917 has 30 seconds left.\n|inactive|Hadrian1917 has 20 seconds left.\n|inactive|Hadrian1917 has 15 seconds left.\n|inactive|Hadrian1917 has 10 seconds left.\n|inactive|Hadrian1917 has 5 seconds left.\n|\n|t:|1681857543\n|start\n|switch|p1a: Tauros|Tauros-Paldea-Blaze, L50, M|100\/100\n|switch|p1b: Scizor|Scizor, L50, F|100\/100\n|switch|p2a: Flutter Mane|Flutter Mane, L50|100\/100\n|switch|p2b: Arcanine|Arcanine, L50, M|100\/100\n|-ability|p1a: Tauros|Intimidate|boost\n|-unboost|p2a: Flutter Mane|atk|1\n|-unboost|p2b: Arcanine|atk|1\n|-ability|p2b: Arcanine|Intimidate|boost\n|-unboost|p1a: Tauros|atk|1\n|-fail|p1b: Scizor|unboost|[from] item: Clear Amulet|[of] p1b: Scizor\n|turn|1\n|inactive|Mommys tendies has 30 seconds left.\n|inactive|Hadrian1917 has 30 seconds left.\n|inactive|Mommys tendies has 20 seconds left.\n|inactive|Hadrian1917 has 20 seconds left.\n|inactive|Mommys tendies has 15 seconds left.\n|inactive|Hadrian1917 has 15 seconds left.\n|inactive|Mommys tendies has 10 seconds left.\n|\n|t:|1681857589\n|move|p1a: Tauros|Protect|p1a: Tauros\n|-singleturn|p1a: Tauros|Protect\n|move|p1b: Scizor|Protect|p1b: Scizor\n|-singleturn|p1b: Scizor|Protect\n|move|p2a: Flutter Mane|Moonblast|p1b: Scizor\n|-activate|p1b: Scizor|move: Protect\n|move|p2b: Arcanine|Flare Blitz|p1b: Scizor\n|-activate|p1b: Scizor|move: Protect\n|\n|upkeep\n|turn|2\n|\n|t:|1681857606\n|-end|p2a: Flutter Mane|Protosynthesis|[silent]\n|switch|p2a: Ting-Lu|Ting-Lu, L50|100\/100\n|-ability|p2a: Ting-Lu|Vessel of Ruin\n|switch|p1a: Salamence|Salamence, L50, F|100\/100\n|move|p1b: Scizor|Bullet Punch|p2a: Ting-Lu\n|-damage|p2a: Ting-Lu|80\/100\n|move|p2b: Arcanine|Flare Blitz|p1b: Scizor\n|-supereffective|p1b: Scizor\n|-damage|p1b: Scizor|0 fnt\n|faint|p1b: Scizor\n|-damage|p2b: Arcanine|71\/100|[from] Recoil\n|\n|upkeep\n|\n|t:|1681857618\n|switch|p1b: Tauros|Tauros-Paldea-Blaze, L50, M|100\/100\n|-ability|p1b: Tauros|Intimidate|boost\n|-unboost|p2a: Ting-Lu|atk|1\n|-unboost|p2b: Arcanine|atk|1\n|turn|3\n|\n|t:|1681857631\n|move|p1a: Salamence|Dual Wingbeat|p2b: Arcanine|[miss]\n|-miss|p1a: Salamence|p2b: Arcanine\n|move|p1b: Tauros|Will-O-Wisp|p2a: Ting-Lu|[miss]\n|-miss|p1b: Tauros|p2a: Ting-Lu\n|move|p2b: Arcanine|Will-O-Wisp|p1a: Salamence\n|-status|p1a: Salamence|brn\n|move|p2a: Ting-Lu|Fissure|p1b: Tauros|[miss]\n|-miss|p2a: Ting-Lu|p1b: Tauros\n|\n|-damage|p1a: Salamence|95\/100 brn|[from] brn\n|upkeep\n|turn|4\n|\n|t:|1681857655\n|switch|p2b: Baxcalibur|Baxcalibur, L50, F|100\/100\n|move|p1a: Salamence|Dual Wingbeat|p2b: Baxcalibur|[miss]\n|-miss|p1a: Salamence|p2b: Baxcalibur\n|move|p1b: Tauros|Close Combat|p2b: Baxcalibur\n|-supereffective|p2b: Baxcalibur\n|-crit|p2b: Baxcalibur\n|-damage|p2b: Baxcalibur|0 fnt\n|-unboost|p1b: Tauros|def|1\n|-unboost|p1b: Tauros|spd|1\n|faint|p2b: Baxcalibur\n|move|p2a: Ting-Lu|Fissure|p1b: Tauros\n|-damage|p1b: Tauros|0 fnt\n|faint|p1b: Tauros\n|-ohko\n|\n|-damage|p1a: Salamence|89\/100 brn|[from] brn\n|upkeep\n|\n|t:|1681857677\n|switch|p1b: Chien-Pao|Chien-Pao, L50|100\/100\n|switch|p2b: Arcanine|Arcanine, L50, M|71\/100\n|-ability|p1b: Chien-Pao|Sword of Ruin\n|-ability|p2b: Arcanine|Intimidate|boost\n|-unboost|p1a: Salamence|atk|1\n|-unboost|p1b: Chien-Pao|atk|1\n|turn|5\n|\n|t:|1681857700\n|switch|p2a: Flutter Mane|Flutter Mane, L50|100\/100\n|move|p1b: Chien-Pao|Sacred Sword|p2b: Arcanine\n|-damage|p2b: Arcanine|44\/100\n|move|p1a: Salamence|Dual Wingbeat|p2b: Arcanine\n|-damage|p2b: Arcanine|29\/100\n|-damage|p2b: Arcanine|14\/100\n|-hitcount|p2b: Arcanine|2\n|move|p2b: Arcanine|Will-O-Wisp|p1b: Chien-Pao|[miss]\n|-miss|p2b: Arcanine|p1b: Chien-Pao\n|\n|-damage|p1a: Salamence|83\/100 brn|[from] brn\n|upkeep\n|turn|6\n|\n|t:|1681857724\n|switch|p2b: Ting-Lu|Ting-Lu, L50|80\/100\n|-ability|p2b: Ting-Lu|Vessel of Ruin\n|-terastallize|p2a: Flutter Mane|Fairy\n|-terastallize|p1a: Salamence|Steel\n|move|p1b: Chien-Pao|Sacred Sword|p2b: Ting-Lu\n|-supereffective|p2b: Ting-Lu\n|-damage|p2b: Ting-Lu|50\/100\n|move|p2a: Flutter Mane|Dazzling Gleam|p1b: Chien-Pao|[spread] p1a,p1b\n|-resisted|p1a: Salamence\n|-supereffective|p1b: Chien-Pao\n|-damage|p1a: Salamence|55\/100 brn\n|-enditem|p1b: Chien-Pao|Focus Sash\n|-damage|p1b: Chien-Pao|1\/100\n|move|p1a: Salamence|Dual Wingbeat|p2a: Flutter Mane\n|-damage|p2a: Flutter Mane|77\/100\n|-damage|p2a: Flutter Mane|54\/100\n|-hitcount|p2a: Flutter Mane|2\n|\n|-damage|p1a: Salamence|49\/100 brn|[from] brn\n|upkeep\n|turn|7\n|\n|t:|1681857748\n|switch|p2b: Arcanine|Arcanine, L50, M|14\/100\n|-ability|p2b: Arcanine|Intimidate|boost\n|-unboost|p1a: Salamence|atk|1\n|-unboost|p1b: Chien-Pao|atk|1\n|move|p1b: Chien-Pao|Ice Spinner|p2b: Arcanine\n|-resisted|p2b: Arcanine\n|-damage|p2b: Arcanine|0 fnt\n|faint|p2b: Arcanine\n|move|p2a: Flutter Mane|Dazzling Gleam|p1a: Salamence|[spread] p1a,p1b\n|-resisted|p1a: Salamence\n|-supereffective|p1b: Chien-Pao\n|-damage|p1a: Salamence|13\/100 brn\n|-damage|p1b: Chien-Pao|0 fnt\n|faint|p1b: Chien-Pao\n|move|p1a: Salamence|Dual Wingbeat|p2a: Flutter Mane\n|-damage|p2a: Flutter Mane|42\/100\n|-damage|p2a: Flutter Mane|30\/100\n|-hitcount|p2a: Flutter Mane|2\n|\n|-damage|p1a: Salamence|8\/100 brn|[from] brn\n|upkeep\n|\n|t:|1681857764\n|switch|p2b: Ting-Lu|Ting-Lu, L50|50\/100\n|-ability|p2b: Ting-Lu|Vessel of Ruin\n|turn|8\n|\n|t:|1681857773\n|move|p2a: Flutter Mane|Dazzling Gleam|p1a: Salamence\n|-resisted|p1a: Salamence\n|-damage|p1a: Salamence|0 fnt\n|faint|p1a: Salamence\n|\n|win|Hadrian1917\n|raw|Mommys tendies's rating: 1265 → 1242<\/strong> (-23 for losing)\n|raw|Hadrian1917's rating: 1296 → 1319<\/strong> (+23 for winning)\n|l|\u2606Mommys tendies\n","uploadtime":1681858129,"views":12,"p1id":"mommystendies","p2id":"hadrian1917","formatid":"gen9vgc2023regulationc","rating":1242,"private":0,"password":""}