{"id":"gen9vgc2023regulationc-1855008954","p1":"wejfksejfedsjkf","p2":"Xelion1993","format":"[Gen 9] VGC 2023 Regulation C","log":"|j|\u2606wejfksejfedsjkf\n|j|\u2606Xelion1993\n|t:|1682890469\n|gametype|doubles\n|player|p1|wejfksejfedsjkf|red|1000\n|player|p2|Xelion1993|265|1000\n|teamsize|p1|5\n|teamsize|p2|6\n|gen|9\n|tier|[Gen 9] VGC 2023 Regulation C\n|rated|\n|rule|Species Clause: Limit one of each Pok\u00e9mon\n|rule|Item Clause: Limit one of each item\n|clearpoke\n|poke|p1|Pikachu, L50, F|\n|poke|p1|Pelipper, L50, M|\n|poke|p1|Drednaw, L50, M|\n|poke|p1|Iron Moth, L50|\n|poke|p1|Maushold-Four, L50|\n|poke|p2|Ting-Lu, L50|\n|poke|p2|Arcanine, L50, F|\n|poke|p2|Amoonguss, L50, M|\n|poke|p2|Flutter Mane, L50|\n|poke|p2|Palafin, L50, F|\n|poke|p2|Baxcalibur, L50, M|\n|teampreview|4\n|\n|t:|1682890494\n|start\n|switch|p1a: Pelipper|Pelipper, L50, M|100\/100\n|switch|p1b: Drednaw|Drednaw, L50, M|100\/100\n|switch|p2a: Palafin|Palafin, L50, F|100\/100\n|switch|p2b: Arcanine|Arcanine, L50, F|100\/100\n|-ability|p2b: Arcanine|Intimidate|boost\n|-unboost|p1a: Pelipper|atk|1\n|-unboost|p1b: Drednaw|atk|1\n|-weather|RainDance|[from] ability: Drizzle|[of] p1a: Pelipper\n|turn|1\n|\n|t:|1682890514\n|-terastallize|p2b: Arcanine|Grass\n|move|p2a: Palafin|Protect|p2a: Palafin\n|-singleturn|p2a: Palafin|Protect\n|move|p1b: Drednaw|Rock Slide|p2a: Palafin|[spread] p2b\n|-activate|p2a: Palafin|move: Protect\n|-damage|p2b: Arcanine|74\/100\n|-damage|p1b: Drednaw|91\/100|[from] item: Life Orb\n|cant|p2b: Arcanine|flinch\n|move|p1a: Pelipper|Tailwind|p1a: Pelipper\n|-sidestart|p1: wejfksejfedsjkf|move: Tailwind\n|\n|-weather|RainDance|[upkeep]\n|upkeep\n|turn|2\n|\n|t:|1682890536\n|detailschange|p2a: Palafin|Palafin-Hero, L50, F\n|switch|p2a: Amoonguss|Amoonguss, L50, M|100\/100\n|move|p1b: Drednaw|Rock Slide|p2b: Arcanine|[spread] p2a,p2b\n|-damage|p2a: Amoonguss|79\/100\n|-damage|p2b: Arcanine|47\/100\n|-damage|p1b: Drednaw|81\/100|[from] item: Life Orb\n|move|p1a: Pelipper|Hurricane|p2b: Arcanine\n|-supereffective|p2b: Arcanine\n|-damage|p2b: Arcanine|0 fnt\n|faint|p2b: Arcanine\n|\n|-weather|RainDance|[upkeep]\n|upkeep\n|\n|t:|1682890549\n|switch|p2b: Ting-Lu|Ting-Lu, L50|100\/100\n|-ability|p2b: Ting-Lu|Vessel of Ruin\n|turn|3\n|\n|t:|1682890562\n|switch|p2a: Palafin|Palafin-Hero, L50, F|100\/100\n|-activate|p2a: Palafin|ability: Zero to Hero\n|move|p1b: Drednaw|Ice Spinner|p2a: Palafin\n|-resisted|p2a: Palafin\n|-damage|p2a: Palafin|90\/100\n|-damage|p1b: Drednaw|71\/100|[from] item: Life Orb\n|move|p1a: Pelipper|Hurricane|p2a: Palafin\n|-damage|p2a: Palafin|49\/100\n|-start|p2a: Palafin|confusion\n|move|p2b: Ting-Lu|Rock Slide|p1b: Drednaw|[spread] p1a\n|-miss|p2b: Ting-Lu|p1b: Drednaw\n|-supereffective|p1a: Pelipper\n|-damage|p1a: Pelipper|69\/100\n|\n|-weather|RainDance|[upkeep]\n|upkeep\n|turn|4\n|\n|t:|1682890594\n|-terastallize|p1b: Drednaw|Water\n|-activate|p2a: Palafin|confusion\n|move|p2a: Palafin|Jet Punch|p1b: Drednaw\n|-resisted|p1b: Drednaw\n|-damage|p1b: Drednaw|25\/100\n|move|p1b: Drednaw|Liquidation|p2b: Ting-Lu\n|-supereffective|p2b: Ting-Lu\n|-damage|p2b: Ting-Lu|17\/100\n|-damage|p1b: Drednaw|15\/100|[from] item: Life Orb\n|move|p1a: Pelipper|Hurricane|p2a: Palafin\n|-damage|p2a: Palafin|10\/100\n|move|p2b: Ting-Lu|Rock Slide|p1a: Pelipper|[spread] p1a,p1b\n|-supereffective|p1a: Pelipper\n|-damage|p1a: Pelipper|38\/100\n|-damage|p1b: Drednaw|0 fnt\n|faint|p1b: Drednaw\n|\n|-weather|RainDance|[upkeep]\n|-sideend|p1: wejfksejfedsjkf|move: Tailwind\n|upkeep\n|\n|t:|1682890613\n|switch|p1b: Pikachu|Pikachu, L50, F|100\/100\n|turn|5\n|\n|t:|1682890624\n|-activate|p2a: Palafin|confusion\n|move|p2a: Palafin|Protect|p2a: Palafin\n|-singleturn|p2a: Palafin|Protect\n|move|p1b: Pikachu|Fake Out|p2a: Palafin\n|-activate|p2a: Palafin|move: Protect\n|move|p1a: Pelipper|Wide Guard|p1a: Pelipper\n|-singleturn|p1a: Pelipper|Wide Guard\n|move|p2b: Ting-Lu|Stomping Tantrum|p1b: Pikachu\n|-supereffective|p1b: Pikachu\n|-damage|p1b: Pikachu|0 fnt\n|faint|p1b: Pikachu\n|\n|-weather|none\n|upkeep\n|\n|t:|1682890635\n|switch|p1b: Iron Moth|Iron Moth, L50|100\/100\n|-enditem|p1b: Iron Moth|Booster Energy\n|-activate|p1b: Iron Moth|ability: Quark Drive|[fromitem]\n|-start|p1b: Iron Moth|quarkdrivespa\n|turn|6\n|\n|t:|1682890648\n|switch|p2a: Amoonguss|Amoonguss, L50, M|100\/100\n|move|p1a: Pelipper|Wide Guard|p1a: Pelipper\n|-singleturn|p1a: Pelipper|Wide Guard\n|move|p1b: Iron Moth|Sludge Wave|p2a: Amoonguss|[spread] p2a,p2b\n|-activate|p1a: Pelipper|move: Wide Guard\n|-resisted|p2b: Ting-Lu\n|-damage|p2a: Amoonguss|67\/100\n|-damage|p2b: Ting-Lu|10\/100\n|move|p2b: Ting-Lu|Stomping Tantrum|p1b: Iron Moth\n|-supereffective|p1b: Iron Moth\n|-damage|p1b: Iron Moth|0 fnt\n|faint|p1b: Iron Moth\n|-end|p1b: Iron Moth|Quark Drive|[silent]\n|\n|upkeep\n|turn|7\n|-message|wejfksejfedsjkf forfeited.\n|\n|win|Xelion1993\n|raw|wejfksejfedsjkf's rating: 1000 → 1000<\/strong> (+0 for losing)\n|raw|Xelion1993's rating: 1000 → 1040<\/strong> (+40 for winning)\n|l|\u2606wejfksejfedsjkf\n|c|\u2606Xelion1993|gg\n","uploadtime":1682890677,"views":17,"p1id":"wejfksejfedsjkf","p2id":"xelion1993","formatid":"gen9vgc2023regulationc","rating":1000,"private":0,"password":""}