{"id":"gen9vgc2023regulationc-1848059910","p1":"Nah Bruv","p2":"Tinglu69","format":"[Gen 9] VGC 2023 Regulation C","log":"|j|\u2606Nah Bruv\n|j|\u2606Tinglu69\n|t:|1682025233\n|gametype|doubles\n|player|p1|Nah Bruv|iris-gen5bw2|1378\n|player|p2|Tinglu69|roughneck-gen4|1319\n|teamsize|p1|6\n|teamsize|p2|6\n|gen|9\n|tier|[Gen 9] VGC 2023 Regulation C\n|rated|\n|rule|Species Clause: Limit one of each Pok\u00e9mon\n|rule|Item Clause: Limit one of each item\n|clearpoke\n|poke|p1|Glimmora, L50, F|\n|poke|p1|Garganacl, L50, M|\n|poke|p1|Mimikyu, L50, M|\n|poke|p1|Scizor, L50, M|\n|poke|p1|Wo-Chien, L50|\n|poke|p1|Gyarados, L50, M|\n|poke|p2|Flutter Mane, L50|\n|poke|p2|Dragonite, L50, F|\n|poke|p2|Arcanine, L50, F|\n|poke|p2|Amoonguss, L50, F|\n|poke|p2|Ting-Lu, L50|\n|poke|p2|Kingambit, L50, M|\n|teampreview|4\n|inactive|Battle timer is ON: inactive players will automatically lose when time's up. (requested by Tinglu69)\nNah Bruv rejected open team sheets.\n|inactive|Nah Bruv has 60 seconds left.\n|c|\u2606Tinglu69|stall zzz\n|\n|t:|1682025278\n|start\n|switch|p1a: Gyarados|Gyarados, L50, M|100\/100\n|switch|p1b: Scizor|Scizor, L50, M|100\/100\n|switch|p2a: Kingambit|Kingambit, L50, M, shiny|100\/100\n|switch|p2b: Flutter Mane|Flutter Mane, L50, shiny|100\/100\n|-ability|p1a: Gyarados|Intimidate|boost\n|-unboost|p2a: Kingambit|atk|1\n|-ability|p2a: Kingambit|Defiant|boost\n|-boost|p2a: Kingambit|atk|2\n|-unboost|p2b: Flutter Mane|atk|1\n|-enditem|p2b: Flutter Mane|Booster Energy\n|-activate|p2b: Flutter Mane|ability: Protosynthesis|[fromitem]\n|-start|p2b: Flutter Mane|protosynthesisspa\n|turn|1\n|\n|t:|1682025298\n|-end|p2b: Flutter Mane|Protosynthesis|[silent]\n|switch|p2b: Arcanine|Arcanine, L50, F, shiny|100\/100\n|-ability|p2b: Arcanine|Intimidate|boost\n|-unboost|p1a: Gyarados|atk|1\n|-unboost|p1b: Scizor|atk|1\n|move|p1a: Gyarados|Whirlpool|p2b: Arcanine\n|-supereffective|p2b: Arcanine\n|-damage|p2b: Arcanine|82\/100\n|-activate|p2b: Arcanine|move: Whirlpool|[of] p1a: Gyarados\n|move|p1b: Scizor|Close Combat|p2a: Kingambit\n|-supereffective|p2a: Kingambit\n|-damage|p2a: Kingambit|17\/100\n|-unboost|p1b: Scizor|def|1\n|-unboost|p1b: Scizor|spd|1\n|move|p2a: Kingambit|Kowtow Cleave|p1a: Gyarados\n|-damage|p1a: Gyarados|32\/100\n|\n|-damage|p2b: Arcanine|65\/100|[from] move: Whirlpool|[partiallytrapped]\n|upkeep\n|turn|2\n|inactive|Nah Bruv has 30 seconds left.\n|\n|t:|1682025331\n|move|p2a: Kingambit|Sucker Punch|p1a: Gyarados\n|-damage|p1a: Gyarados|0 fnt\n|faint|p1a: Gyarados\n|move|p2b: Arcanine|Flare Blitz|p1b: Scizor\n|-supereffective|p1b: Scizor\n|-enditem|p1b: Scizor|Focus Sash\n|-damage|p1b: Scizor|1\/100\n|-damage|p2b: Arcanine|37\/100|[from] Recoil\n|-enditem|p2b: Arcanine|Sitrus Berry|[eat]\n|-heal|p2b: Arcanine|62\/100|[from] item: Sitrus Berry\n|move|p1b: Scizor|Close Combat|p2a: Kingambit\n|-supereffective|p2a: Kingambit\n|-damage|p2a: Kingambit|0 fnt\n|-unboost|p1b: Scizor|def|1\n|-unboost|p1b: Scizor|spd|1\n|faint|p2a: Kingambit\n|\n|-end|p2b: Arcanine|Whirlpool|[partiallytrapped]|[silent]\n|upkeep\n|\n|t:|1682025350\n|switch|p1a: Glimmora|Glimmora, L50, F, shiny|100\/100\n|switch|p2a: Amoonguss|Amoonguss, L50, F, shiny|100\/100\n|turn|3\n|\n|t:|1682025366\n|switch|p1b: Garganacl|Garganacl, L50, M|100\/100\n|-terastallize|p1a: Glimmora|Grass\n|move|p2b: Arcanine|Protect|p2b: Arcanine\n|-singleturn|p2b: Arcanine|Protect\n|move|p1a: Glimmora|Power Gem|p2b: Arcanine\n|-activate|p2b: Arcanine|move: Protect\n|move|p2a: Amoonguss|Spore|p1a: Glimmora\n|-immune|p1a: Glimmora\n|\n|upkeep\n|turn|4\n|\n|t:|1682025388\n|switch|p1a: Scizor|Scizor, L50, M|1\/100\n|move|p2b: Arcanine|Flare Blitz|p1a: Scizor\n|-supereffective|p1a: Scizor\n|-damage|p1a: Scizor|0 fnt\n|faint|p1a: Scizor\n|-damage|p2b: Arcanine|61\/100|[from] Recoil\n|move|p1b: Garganacl|Salt Cure|p2b: Arcanine\n|-supereffective|p2b: Arcanine\n|-damage|p2b: Arcanine|28\/100\n|-start|p2b: Arcanine|Salt Cure\n|move|p2a: Amoonguss|Pollen Puff|p2b: Arcanine\n|-heal|p2b: Arcanine|78\/100\n|\n|-damage|p2b: Arcanine|66\/100|[from] Salt Cure\n|upkeep\n|c|\u2606Tinglu69|zzzz problem in ur house noob stall\n|\n|t:|1682025402\n|switch|p1a: Glimmora|Glimmora, L50, F, shiny, tera:Grass|100\/100\n|turn|5\n|\n|t:|1682025411\n|move|p2b: Arcanine|Protect|p2b: Arcanine\n|-singleturn|p2b: Arcanine|Protect\n|move|p1a: Glimmora|Power Gem|p2b: Arcanine\n|-activate|p2b: Arcanine|move: Protect\n|move|p1b: Garganacl|Salt Cure|p2a: Amoonguss\n|-damage|p2a: Amoonguss|88\/100\n|-start|p2a: Amoonguss|Salt Cure\n|move|p2a: Amoonguss|Pollen Puff|p1a: Glimmora\n|-supereffective|p1a: Glimmora\n|-damage|p1a: Glimmora|75\/100\n|\n|-damage|p2b: Arcanine|54\/100|[from] Salt Cure\n|-damage|p2a: Amoonguss|76\/100|[from] Salt Cure\n|upkeep\n|turn|6\n|inactive|Nah Bruv has 30 seconds left.\n|\n|t:|1682025437\n|move|p2b: Arcanine|Flare Blitz|p1a: Glimmora\n|-supereffective|p1a: Glimmora\n|-damage|p1a: Glimmora|0 fnt\n|-activate|p1a: Glimmora|ability: Toxic Debris\n|-sidestart|p2: Tinglu69|move: Toxic Spikes\n|faint|p1a: Glimmora\n|-damage|p2b: Arcanine|32\/100|[from] Recoil\n|move|p1b: Garganacl|Salt Cure|p2a: Amoonguss\n|-damage|p2a: Amoonguss|65\/100\n|move|p2a: Amoonguss|Pollen Puff|p2b: Arcanine\n|-heal|p2b: Arcanine|82\/100\n|\n|-damage|p2b: Arcanine|70\/100|[from] Salt Cure\n|-damage|p2a: Amoonguss|53\/100|[from] Salt Cure\n|upkeep\n|turn|7\n|\n|t:|1682025452\n|switch|p2a: Flutter Mane|Flutter Mane, L50, shiny|100\/100\n|-status|p2a: Flutter Mane|psn\n|move|p1b: Garganacl|Protect|p1b: Garganacl\n|-singleturn|p1b: Garganacl|Protect\n|move|p2b: Arcanine|Snarl|p1b: Garganacl\n|-activate|p1b: Garganacl|move: Protect\n|\n|-damage|p2a: Flutter Mane|88\/100 psn|[from] psn\n|-damage|p2b: Arcanine|58\/100|[from] Salt Cure\n|upkeep\n|turn|8\n|\n|t:|1682025467\n|switch|p2b: Amoonguss|Amoonguss, L50, F, shiny|86\/100\n|-sideend|p2: Tinglu69|move: Toxic Spikes|[of] p2b: Amoonguss\n|move|p2a: Flutter Mane|Protect|p2a: Flutter Mane\n|-singleturn|p2a: Flutter Mane|Protect\n|move|p1b: Garganacl|Salt Cure|p2a: Flutter Mane\n|-activate|p2a: Flutter Mane|move: Protect\n|\n|-damage|p2a: Flutter Mane|76\/100 psn|[from] psn\n|upkeep\n|turn|9\n|c|\u2606Tinglu69|bye\n|\n|t:|1682025477\n|-terastallize|p2a: Flutter Mane|Fairy\n|move|p2b: Amoonguss|Rage Powder|p2b: Amoonguss\n|-singleturn|p2b: Amoonguss|move: Rage Powder\n|move|p2a: Flutter Mane|Moonblast|p1b: Garganacl\n|-damage|p1b: Garganacl|51\/100\n|move|p1b: Garganacl|Salt Cure|p2b: Amoonguss\n|-damage|p2b: Amoonguss|73\/100\n|-start|p2b: Amoonguss|Salt Cure\n|\n|-heal|p1b: Garganacl|57\/100|[from] item: Leftovers\n|-damage|p2a: Flutter Mane|64\/100 psn|[from] psn\n|-damage|p2b: Amoonguss|61\/100|[from] Salt Cure\n|upkeep\n|turn|10\n|\n|t:|1682025491\n|move|p2b: Amoonguss|Rage Powder|p2b: Amoonguss\n|-singleturn|p2b: Amoonguss|move: Rage Powder\n|move|p2a: Flutter Mane|Moonblast|p1b: Garganacl\n|-damage|p1b: Garganacl|6\/100\n|-unboost|p1b: Garganacl|spa|1\n|move|p1b: Garganacl|Recover|p1b: Garganacl\n|-heal|p1b: Garganacl|56\/100\n|\n|-heal|p1b: Garganacl|62\/100|[from] item: Leftovers\n|-damage|p2a: Flutter Mane|52\/100 psn|[from] psn\n|-damage|p2b: Amoonguss|49\/100|[from] Salt Cure\n|upkeep\n|turn|11\n|\n|t:|1682025505\n|move|p1b: Garganacl|Protect|p1b: Garganacl\n|-singleturn|p1b: Garganacl|Protect\n|move|p2a: Flutter Mane|Moonblast|p1b: Garganacl\n|-activate|p1b: Garganacl|move: Protect\n|move|p2b: Amoonguss|Pollen Puff|p2a: Flutter Mane\n|-heal|p2a: Flutter Mane|100\/100 psn\n|\n|-heal|p1b: Garganacl|68\/100|[from] item: Leftovers\n|-damage|p2a: Flutter Mane|88\/100 psn|[from] psn\n|-damage|p2b: Amoonguss|37\/100|[from] Salt Cure\n|upkeep\n|turn|12\n|\n|t:|1682025519\n|move|p2a: Flutter Mane|Moonblast|p1b: Garganacl\n|-damage|p1b: Garganacl|19\/100\n|-unboost|p1b: Garganacl|spa|1\n|move|p1b: Garganacl|Recover|p1b: Garganacl\n|-heal|p1b: Garganacl|70\/100\n|move|p2b: Amoonguss|Pollen Puff|p1b: Garganacl\n|-damage|p1b: Garganacl|55\/100\n|\n|-heal|p1b: Garganacl|61\/100|[from] item: Leftovers\n|-damage|p2a: Flutter Mane|76\/100 psn|[from] psn\n|-damage|p2b: Amoonguss|24\/100|[from] Salt Cure\n|upkeep\n|turn|13\n|inactive|Tinglu69 has 30 seconds left.\n|\n|t:|1682025545\n|move|p2a: Flutter Mane|Moonblast|p1b: Garganacl\n|-damage|p1b: Garganacl|16\/100\n|move|p1b: Garganacl|Salt Cure|p2b: Amoonguss\n|-damage|p2b: Amoonguss|14\/100\n|move|p2b: Amoonguss|Pollen Puff|p1b: Garganacl\n|-damage|p1b: Garganacl|4\/100\n|\n|-heal|p1b: Garganacl|10\/100|[from] item: Leftovers\n|-damage|p2a: Flutter Mane|64\/100 psn|[from] psn\n|-damage|p2b: Amoonguss|1\/100|[from] Salt Cure\n|upkeep\n|turn|14\n|\n|t:|1682025557\n|switch|p2b: Arcanine|Arcanine, L50, F, shiny|58\/100\n|-ability|p2b: Arcanine|Intimidate|boost\n|-unboost|p1b: Garganacl|atk|1\n|move|p1b: Garganacl|Protect|p1b: Garganacl\n|-singleturn|p1b: Garganacl|Protect\n|move|p2a: Flutter Mane|Moonblast|p1b: Garganacl\n|-activate|p1b: Garganacl|move: Protect\n|\n|-heal|p1b: Garganacl|15\/100|[from] item: Leftovers\n|-damage|p2a: Flutter Mane|52\/100 psn|[from] psn\n|upkeep\n|turn|15\n|c|\u2606Tinglu69|fucking team noob u are gay?\n|inactive|Nah Bruv has 30 seconds left.\n|c|\u2606Tinglu69|noobie random\n|inactive|Nah Bruv has 20 seconds left.\n|c|\u2606Nah Bruv|reported\n|inactive|Nah Bruv has 15 seconds left.\n|-message|Nah Bruv forfeited.\n|\n|win|Tinglu69\n|raw|Nah Bruv's rating: 1378 → 1355<\/strong> (-23 for losing)\n|raw|Tinglu69's rating: 1319 → 1342<\/strong> (+23 for winning)\n|l|\u2606Nah Bruv\n","uploadtime":1682025564,"views":5,"p1id":"nahbruv","p2id":"tinglu69","formatid":"gen9vgc2023regulationc","rating":1342,"private":0,"password":""}