{"id":"gen9vgc2023regulationc-1851255235","p1":"BRUTTO COLPO 2","p2":"Tentacruel Man","format":"[Gen 9] VGC 2023 Regulation C","log":"|j|\u2606BRUTTO COLPO 2\n|j|\u2606Tentacruel Man\n|t:|1682429964\n|gametype|doubles\n|player|p1|BRUTTO COLPO 2|cynthia-gen4|1386\n|player|p2|Tentacruel Man|1|1386\n|teamsize|p1|6\n|teamsize|p2|6\n|gen|9\n|tier|[Gen 9] VGC 2023 Regulation C\n|rated|\n|rule|Species Clause: Limit one of each Pok\u00e9mon\n|rule|Item Clause: Limit one of each item\n|clearpoke\n|poke|p1|Dondozo, L50, F|\n|poke|p1|Tatsugiri, L50, M|\n|poke|p1|Dragonite, L50, F|\n|poke|p1|Ting-Lu, L50|\n|poke|p1|Orthworm, L50, F|\n|poke|p1|Iron Bundle, L50|\n|poke|p2|Garganacl, L50, M|\n|poke|p2|Roaring Moon, L50|\n|poke|p2|Amoonguss, L50, M|\n|poke|p2|Arcanine, L50, M|\n|poke|p2|Iron Bundle, L50|\n|poke|p2|Ting-Lu, L50|\n|teampreview|4\n|\n|t:|1682430023\n|start\n|switch|p1a: Orthworm|Orthworm, L50, F|100\/100\n|switch|p1b: Ting-Lu|Ting-Lu, L50|100\/100\n|switch|p2a: Iron Bundle|Iron Bundle, L50|100\/100\n|switch|p2b: Amoonguss|Amoonguss, L50, M|100\/100\n|-ability|p1b: Ting-Lu|Vessel of Ruin\n|turn|1\n|\n|t:|1682430040\n|-end|p2a: Iron Bundle|Quark Drive|[silent]\n|switch|p2a: Arcanine|Arcanine, L50, M|100\/100\n|-ability|p2a: Arcanine|Intimidate|boost\n|-unboost|p1a: Orthworm|atk|1\n|-unboost|p1b: Ting-Lu|atk|1\n|move|p1b: Ting-Lu|Earthquake|p2b: Amoonguss|[spread] p2a,p2b\n|-immune|p1a: Orthworm|[from] ability: Earth Eater\n|-supereffective|p2a: Arcanine\n|-damage|p2a: Arcanine|19\/100\n|-damage|p2b: Amoonguss|74\/100\n|move|p1a: Orthworm|Shed Tail|p1a: Orthworm\n|-start|p1a: Orthworm|Substitute|[from] move: Shed Tail\n|-damage|p1a: Orthworm|50\/100\n|-enditem|p1a: Orthworm|Sitrus Berry|[eat]\n|-heal|p1a: Orthworm|75\/100|[from] item: Sitrus Berry\n|\n|t:|1682430050\n|switch|p1a: Dragonite|Dragonite, L50, F|100\/100|[from] Shed Tail\n|move|p2b: Amoonguss|Spore|p1b: Ting-Lu\n|-status|p1b: Ting-Lu|slp|[from] move: Spore\n|\n|upkeep\n|turn|2\n|\n|t:|1682430074\n|move|p2a: Arcanine|Extreme Speed|p1a: Dragonite\n|-activate|p1a: Dragonite|move: Substitute|[damage]\n|move|p1a: Dragonite|Dragon Dance|p1a: Dragonite\n|-boost|p1a: Dragonite|atk|1\n|-boost|p1a: Dragonite|spe|1\n|cant|p1b: Ting-Lu|slp\n|move|p2b: Amoonguss|Pollen Puff|p2a: Arcanine\n|-heal|p2a: Arcanine|69\/100\n|\n|upkeep\n|turn|3\n|\n|t:|1682430085\n|switch|p1b: Orthworm|Orthworm, L50, F|75\/100\n|move|p2a: Arcanine|Extreme Speed|p1a: Dragonite\n|-end|p1a: Dragonite|Substitute\n|move|p1a: Dragonite|Earthquake|p2a: Arcanine|[spread] p2a,p2b\n|-heal|p1b: Orthworm|100\/100|[from] ability: Earth Eater|[of] p1a: Dragonite\n|-supereffective|p2a: Arcanine\n|-damage|p2a: Arcanine|0 fnt\n|-damage|p2b: Amoonguss|39\/100\n|faint|p2a: Arcanine\n|move|p2b: Amoonguss|Spore|p1a: Dragonite\n|-status|p1a: Dragonite|slp|[from] move: Spore\n|-enditem|p1a: Dragonite|Lum Berry|[eat]\n|-curestatus|p1a: Dragonite|slp|[msg]\n|\n|upkeep\n|\n|t:|1682430097\n|switch|p2a: Iron Bundle|Iron Bundle, L50|100\/100\n|turn|4\n|\n|t:|1682430119\n|-terastallize|p1a: Dragonite|Flying\n|-terastallize|p2a: Iron Bundle|Ghost\n|move|p2b: Amoonguss|Protect|p2b: Amoonguss\n|-singleturn|p2b: Amoonguss|Protect\n|move|p1a: Dragonite|Earthquake|p2b: Amoonguss|[spread] p2a\n|-activate|p2b: Amoonguss|move: Protect\n|-immune|p1b: Orthworm|[from] ability: Earth Eater\n|-crit|p2a: Iron Bundle\n|-damage|p2a: Iron Bundle|31\/100\n|move|p2a: Iron Bundle|Freeze-Dry|p1a: Dragonite\n|-supereffective|p1a: Dragonite\n|-damage|p1a: Dragonite|65\/100\n|move|p1b: Orthworm|Heavy Slam|p2b: Amoonguss\n|-activate|p2b: Amoonguss|move: Protect\n|\n|upkeep\n|turn|5\n|\n|t:|1682430150\n|move|p1a: Dragonite|Earthquake|p2b: Amoonguss|[spread] p2a,p2b\n|-immune|p1b: Orthworm|[from] ability: Earth Eater\n|-damage|p2a: Iron Bundle|0 fnt\n|-damage|p2b: Amoonguss|5\/100\n|faint|p2a: Iron Bundle\n|-end|p2a: Iron Bundle|Quark Drive|[silent]\n|move|p1b: Orthworm|Heavy Slam|p2b: Amoonguss\n|-crit|p2b: Amoonguss\n|-damage|p2b: Amoonguss|0 fnt\n|-damage|p1b: Orthworm|84\/100|[from] item: Rocky Helmet|[of] p2b: Amoonguss\n|faint|p2b: Amoonguss\n|\n|upkeep\n|\n|t:|1682430159\n|switch|p2b: Ting-Lu|Ting-Lu, L50|100\/100\n|-ability|p2b: Ting-Lu|Vessel of Ruin\n|turn|6\n|-message|Tentacruel Man forfeited.\n|\n|win|BRUTTO COLPO 2\n|raw|BRUTTO COLPO 2's rating: 1386 → 1406<\/strong> (+20 for winning)\n|raw|Tentacruel Man's rating: 1386 → 1366<\/strong> (-20 for losing)\n|l|\u2606Tentacruel Man\n","uploadtime":1682430179,"views":13,"p1id":"bruttocolpo2","p2id":"tentacruelman","formatid":"gen9vgc2023regulationc","rating":1366,"private":0,"password":""}