{"id":"gen9vgc2023regulationc-1861444462","p1":"A1ge7","p2":"xopy92","format":"[Gen 9] VGC 2023 Regulation C","log":"|j|\u2606A1ge7\n|j|\u2606xopy92\n|t:|1683758657\n|gametype|doubles\n|player|p1|A1ge7|n|\n|player|p2|xopy92|lyra|\n|teamsize|p1|6\n|teamsize|p2|6\n|gen|9\n|tier|[Gen 9] VGC 2023 Regulation C\n|rule|Species Clause: Limit one of each Pok\u00e9mon\n|rule|Item Clause: Limit one of each item\n|clearpoke\n|poke|p1|Garchomp, L50, F|\n|poke|p1|Gholdengo, L50|\n|poke|p1|Hydreigon, L50, F|\n|poke|p1|Skeledirge, L50, M|\n|poke|p1|Sylveon, L50, F|\n|poke|p1|Ceruledge, L50, F|\n|poke|p2|Meowscarada, L50, M|\n|poke|p2|Vivillon-Fancy, L50, F|\n|poke|p2|Annihilape, L50, M|\n|poke|p2|Palafin, L50, F|\n|poke|p2|Klawf, L50, F|\n|poke|p2|Maushold-Four, L50|\n|teampreview|4\n|\n|t:|1683758676\n|start\n|switch|p1a: Hydreigon|Hydreigon, L50, F|100\/100\n|switch|p1b: Skeledirge|Skeledirge, L50, M|100\/100\n|switch|p2a: Burglary|Klawf, L50, F|100\/100\n|switch|p2b: Suffering|Maushold-Four, L50|100\/100\n|turn|1\n|c|\u2606A1ge7|This is the team that almost took me to round 4\n|c|\u2606xopy92|nice\n|c|\u2606xopy92|this team took me to round 2\n|c|\u2606A1ge7|Wow\n|\n|t:|1683758700\n|-terastallize|p1b: Skeledirge|Fairy\n|move|p2b: Suffering|Helping Hand|p2a: Burglary\n|-singleturn|p2a: Burglary|Helping Hand|[of] p2b: Suffering\n|move|p2a: Burglary|Rock Slide|p1a: Hydreigon|[spread] p1a\n|-miss|p2a: Burglary|p1b: Skeledirge\n|-damage|p1a: Hydreigon|65\/100\n|move|p1a: Hydreigon|Tailwind|p1a: Hydreigon\n|-sidestart|p1: A1ge7|move: Tailwind\n|move|p1b: Skeledirge|Torch Song|p2b: Suffering\n|-damage|p2b: Suffering|52\/100\n|-boost|p1b: Skeledirge|spa|1\n|\n|-heal|p1a: Hydreigon|71\/100|[from] item: Leftovers\n|upkeep\n|turn|2\n|c|\u2606A1ge7|Oh I almost targeted my hydriegon\n|c|\u2606xopy92|damn lol\n|\n|t:|1683758735\n|move|p1a: Hydreigon|Nasty Plot|p1a: Hydreigon\n|-boost|p1a: Hydreigon|spa|2\n|move|p2b: Suffering|Population Bomb|p1b: Skeledirge\n|-damage|p1b: Skeledirge|95\/100\n|-damage|p1b: Skeledirge|90\/100\n|-damage|p1b: Skeledirge|85\/100\n|-damage|p1b: Skeledirge|80\/100\n|-damage|p1b: Skeledirge|75\/100\n|-damage|p1b: Skeledirge|70\/100\n|-damage|p1b: Skeledirge|67\/100\n|-damage|p1b: Skeledirge|62\/100\n|-damage|p1b: Skeledirge|57\/100\n|-damage|p1b: Skeledirge|52\/100\n|-hitcount|p1b: Skeledirge|10\n|cant|p1b: Skeledirge|flinch\n|move|p2a: Burglary|Rock Slide|p1b: Skeledirge|[spread] p1a,p1b\n|-damage|p1a: Hydreigon|49\/100\n|-damage|p1b: Skeledirge|33\/100\n|\n|-heal|p1a: Hydreigon|55\/100|[from] item: Leftovers\n|upkeep\n|turn|3\n|c|\u2606A1ge7|That would have been baadd\n|\n|t:|1683758772\n|move|p1b: Skeledirge|Protect|p1b: Skeledirge\n|-singleturn|p1b: Skeledirge|Protect\n|move|p1a: Hydreigon|Draco Meteor|p2b: Suffering\n|-crit|p2b: Suffering\n|-damage|p2b: Suffering|0 fnt\n|-unboost|p1a: Hydreigon|spa|2\n|faint|p2b: Suffering\n|move|p2a: Burglary|Rock Slide|p1a: Hydreigon|[spread] p1a\n|-activate|p1b: Skeledirge|move: Protect\n|-damage|p1a: Hydreigon|33\/100\n|\n|-heal|p1a: Hydreigon|39\/100|[from] item: Leftovers\n|upkeep\n|\n|t:|1683758786\n|switch|p2b: Murder|Vivillon-Fancy, L50, F|100\/100\n|turn|4\n|\n|t:|1683758809\n|-terastallize|p2b: Murder|Ground\n|move|p1a: Hydreigon|Protect|p1a: Hydreigon\n|-singleturn|p1a: Hydreigon|Protect\n|move|p1b: Skeledirge|Slack Off|p1b: Skeledirge\n|-heal|p1b: Skeledirge|83\/100\n|move|p2b: Murder|Sleep Powder|p1b: Skeledirge\n|-status|p1b: Skeledirge|slp|[from] move: Sleep Powder\n|move|p2a: Burglary|Rock Slide|p1b: Skeledirge|[spread] p1b\n|-activate|p1a: Hydreigon|move: Protect\n|-damage|p1b: Skeledirge|63\/100 slp\n|\n|-heal|p1a: Hydreigon|45\/100|[from] item: Leftovers\n|-sideend|p1: A1ge7|move: Tailwind\n|upkeep\n|turn|5\n|c|\u2606A1ge7|My god teh Gen 5 sprites thing is soon nice\n|c|\u2606A1ge7|Soo\n|\n|t:|1683758841\n|cant|p1b: Skeledirge|slp\n|move|p2b: Murder|Struggle Bug|p1a: Hydreigon|[spread] p1a,p1b\n|-supereffective|p1a: Hydreigon\n|-resisted|p1b: Skeledirge\n|-damage|p1a: Hydreigon|12\/100\n|-damage|p1b: Skeledirge|54\/100 slp\n|-unboost|p1a: Hydreigon|spa|1\n|-unboost|p1b: Skeledirge|spa|1\n|move|p2a: Burglary|Rock Slide|p1b: Skeledirge|[spread] p1a,p1b\n|-damage|p1a: Hydreigon|0 fnt\n|-damage|p1b: Skeledirge|34\/100 slp\n|faint|p1a: Hydreigon\n|\n|upkeep\n|\n|t:|1683758853\n|switch|p1a: Gholdengo|Gholdengo, L50|100\/100\n|turn|6\n|c|\u2606xopy92|do u like my nicknames tho\n|\n|t:|1683758865\n|move|p1a: Gholdengo|Protect|p1a: Gholdengo\n|-singleturn|p1a: Gholdengo|Protect\n|move|p2b: Murder|Tailwind|p2b: Murder\n|-sidestart|p2: xopy92|move: Tailwind\n|move|p2a: Burglary|Rock Slide|p1a: Gholdengo|[spread] p1b\n|-activate|p1a: Gholdengo|move: Protect\n|-damage|p1b: Skeledirge|15\/100 slp\n|-curestatus|p1b: Skeledirge|slp|[msg]\n|move|p1b: Skeledirge|Shadow Ball|p2b: Murder\n|-damage|p2b: Murder|26\/100\n|\n|upkeep\n|turn|7\n|c|\u2606A1ge7|Yes\n|c|\u2606A1ge7|Not so much your pokemon\n|\n|t:|1683758890\n|move|p2b: Murder|Sleep Powder|p1a: Gholdengo\n|-immune|p1a: Gholdengo|[from] ability: Good as Gold\n|move|p2a: Burglary|Rock Slide|p1b: Skeledirge|[spread] p1a,p1b\n|-resisted|p1a: Gholdengo\n|-damage|p1a: Gholdengo|89\/100\n|-damage|p1b: Skeledirge|0 fnt\n|faint|p1b: Skeledirge\n|cant|p1a: Gholdengo|flinch\n|\n|upkeep\n|\n|t:|1683758892\n|switch|p1b: Garchomp|Garchomp, L50, F|100\/100\n|turn|8\n|c|\u2606xopy92|forgot aboyt goog as gold lol\n|c|\u2606xopy92|but never punished\n|\n|t:|1683758915\n|move|p2b: Murder|Sleep Powder|p1b: Garchomp\n|-status|p1b: Garchomp|slp|[from] move: Sleep Powder\n|move|p2a: Burglary|Rock Slide|p1a: Gholdengo|[spread] p1a,p1b\n|-resisted|p1a: Gholdengo\n|-resisted|p1b: Garchomp\n|-damage|p1a: Gholdengo|78\/100\n|-damage|p1b: Garchomp|87\/100 slp\n|cant|p1b: Garchomp|slp\n|move|p1a: Gholdengo|Shadow Ball|p2b: Murder\n|-damage|p2b: Murder|0 fnt\n|faint|p2b: Murder\n|\n|upkeep\n|\n|t:|1683758927\n|switch|p2b: Femboy|Annihilape, L50, M|100\/100\n|turn|9\n|c|\u2606A1ge7|And murder has been murderd\n|\n|t:|1683758944\n|move|p2b: Femboy|Protect|p2b: Femboy\n|-singleturn|p2b: Femboy|Protect\n|cant|p1b: Garchomp|slp\n|move|p2a: Burglary|Swords Dance|p2a: Burglary\n|-boost|p2a: Burglary|atk|2\n|move|p1a: Gholdengo|Make It Rain|p2a: Burglary|[spread] p2a\n|-activate|p2b: Femboy|move: Protect\n|-supereffective|p2a: Burglary\n|-enditem|p2a: Burglary|Focus Sash\n|-damage|p2a: Burglary|1\/100\n|-unboost|p1a: Gholdengo|spa|1\n|-enditem|p1a: Gholdengo|White Herb\n|-clearnegativeboost|p1a: Gholdengo|[silent]\n|-ability|p2a: Burglary|Anger Shell|boost\n|-boost|p2a: Burglary|atk|1\n|-boost|p2a: Burglary|spa|1\n|-boost|p2a: Burglary|spe|1\n|-unboost|p2a: Burglary|def|1\n|-unboost|p2a: Burglary|spd|1\n|\n|-sideend|p2: xopy92|move: Tailwind\n|upkeep\n|turn|10\n|c|\u2606A1ge7|Femboy\ud83d\udc80\ud83d\udc80\ud83d\udc80\ud83d\udc80\n|\n|t:|1683758978\n|cant|p1b: Garchomp|slp\n|move|p2a: Burglary|Rock Slide|p1a: Gholdengo|[spread] p1a,p1b\n|-resisted|p1a: Gholdengo\n|-resisted|p1b: Garchomp\n|-damage|p1a: Gholdengo|50\/100\n|-damage|p1b: Garchomp|54\/100 slp\n|move|p2b: Femboy|Drain Punch|p1b: Garchomp\n|-damage|p1b: Garchomp|7\/100 slp\n|move|p1a: Gholdengo|Make It Rain|p2b: Femboy|[spread] p2a,p2b\n|-supereffective|p2a: Burglary\n|-damage|p2a: Burglary|0 fnt\n|-damage|p2b: Femboy|55\/100\n|-unboost|p1a: Gholdengo|spa|1\n|faint|p2a: Burglary\n|\n|upkeep\n|turn|11\n|\n|t:|1683758996\n|-curestatus|p1b: Garchomp|slp|[msg]\n|move|p1b: Garchomp|Protect|p1b: Garchomp\n|-singleturn|p1b: Garchomp|Protect\n|move|p2b: Femboy|Rage Fist|p1a: Gholdengo\n|-supereffective|p1a: Gholdengo\n|-damage|p1a: Gholdengo|0 fnt\n|faint|p1a: Gholdengo\n|\n|upkeep\n|turn|12\n|\n|t:|1683759018\n|move|p1b: Garchomp|Dragon Rush|p2b: Femboy\n|-damage|p2b: Femboy|0 fnt\n|faint|p2b: Femboy\n|-damage|p1b: Garchomp|0 fnt|[from] item: Life Orb\n|faint|p1b: Garchomp\n|\n|win|A1ge7\n|c|\u2606xopy92|gg\n|c|\u2606A1ge7|Gg\n|c|\u2606xopy92|that was good\n|c|\u2606A1ge7|Let's goooo\n|c|\u2606A1ge7|Ty\n|c|\u2606xopy92|good fight\n|c|\u2606A1ge7|That was so fucking close\n|c|\u2606xopy92|trueee\n|c|\u2606A1ge7|Yes\n|c|\u2606A1ge7|Show it to the chat\n|c|\u2606xopy92|do u wanna see my team sheet?\n|c|\u2606xopy92|sure\n|c|\u2606A1ge7|Umm no\n|c|\u2606A1ge7|Ty\n|l|\u2606A1ge7\n","uploadtime":1683759052,"views":9,"p1id":"a1ge7","p2id":"xopy92","formatid":"gen9vgc2023regulationc","rating":0,"private":0,"password":""}