{"id":"gen9vgc2023regulationc-1858071128","p1":"Ricardo Randorez","p2":"Hypno6","format":"[Gen 9] VGC 2023 Regulation C","log":"|j|\u2606Ricardo Randorez\n|j|\u2606Hypno6\n|t:|1683270675\n|gametype|doubles\n|player|p1|Ricardo Randorez|102|1165\n|player|p2|Hypno6|zinzolin|1173\n|teamsize|p1|6\n|teamsize|p2|6\n|gen|9\n|tier|[Gen 9] VGC 2023 Regulation C\n|rated|\n|rule|Species Clause: Limit one of each Pok\u00e9mon\n|rule|Item Clause: Limit one of each item\n|clearpoke\n|poke|p1|Gyarados, L50, M|\n|poke|p1|Arcanine, L50, F|\n|poke|p1|Dragonite, L50, F|\n|poke|p1|Great Tusk, L50|\n|poke|p1|Iron Jugulis, L50|\n|poke|p1|Chien-Pao, L50|\n|poke|p2|Chi-Yu, L50|\n|poke|p2|Gyarados, L50, M|\n|poke|p2|Iron Hands, L50|\n|poke|p2|Ting-Lu, L50|\n|poke|p2|Iron Jugulis, L50|\n|poke|p2|Amoonguss, L50, F|\n|teampreview|4\n|inactive|Battle timer is ON: inactive players will automatically lose when time's up. (requested by Ricardo Randorez)\n|inactive|Hypno6 has 60 seconds left.\n|\n|t:|1683270724\n|start\n|switch|p1a: Iron Jugulis|Iron Jugulis, L50|100\/100\n|switch|p1b: Great Tusk|Great Tusk, L50|100\/100\n|switch|p2a: Garry|Gyarados, L50, M|100\/100\n|switch|p2b: I'm a wild charge|Iron Hands, L50|100\/100\n|-ability|p2a: Garry|Intimidate|boost\n|-unboost|p1a: Iron Jugulis|atk|1\n|-unboost|p1b: Great Tusk|atk|1\n|-enditem|p1a: Iron Jugulis|Booster Energy\n|-activate|p1a: Iron Jugulis|ability: Quark Drive|[fromitem]\n|-start|p1a: Iron Jugulis|quarkdrivespe\n|turn|1\n|inactive|Hypno6 has 30 seconds left.\n|inactive|Hypno6 has 20 seconds left.\n|\n|t:|1683270762\n|move|p2b: I'm a wild charge|Fake Out|p1b: Great Tusk\n|-damage|p1b: Great Tusk|88\/100\n|move|p1a: Iron Jugulis|Tailwind|p1a: Iron Jugulis\n|-sidestart|p1: Ricardo Randorez|move: Tailwind\n|cant|p1b: Great Tusk|flinch\n|move|p2a: Garry|Dragon Dance|p2a: Garry\n|-boost|p2a: Garry|atk|1\n|-boost|p2a: Garry|spe|1\n|\n|upkeep\n|turn|2\n|\n|t:|1683270779\n|move|p1a: Iron Jugulis|Air Slash|p2a: Garry\n|-damage|p2a: Garry|67\/100\n|move|p1b: Great Tusk|Headlong Rush|p2b: I'm a wild charge\n|-supereffective|p2b: I'm a wild charge\n|-damage|p2b: I'm a wild charge|47\/100\n|-unboost|p1b: Great Tusk|def|1\n|-unboost|p1b: Great Tusk|spd|1\n|move|p2a: Garry|Waterfall|p1b: Great Tusk\n|-supereffective|p1b: Great Tusk\n|-damage|p1b: Great Tusk|0 fnt\n|faint|p1b: Great Tusk\n|-end|p1b: Great Tusk|Protosynthesis|[silent]\n|-damage|p2a: Garry|57\/100|[from] item: Life Orb\n|move|p2b: I'm a wild charge|Wild Charge|p1a: Iron Jugulis\n|-supereffective|p1a: Iron Jugulis\n|-crit|p1a: Iron Jugulis\n|-damage|p1a: Iron Jugulis|0 fnt\n|faint|p1a: Iron Jugulis\n|-end|p1a: Iron Jugulis|Quark Drive|[silent]\n|-damage|p2b: I'm a wild charge|30\/100|[from] Recoil\n|\n|upkeep\n|\n|t:|1683270799\n|switch|p1a: Dragonite|Dragonite, L50, F|100\/100\n|switch|p1b: Chien-Pao|Chien-Pao, L50|100\/100\n|-ability|p1b: Chien-Pao|Sword of Ruin\n|turn|3\n|\n|t:|1683270815\n|-end|p2b: I'm a wild charge|Quark Drive|[silent]\n|switch|p2b: Iron Jugulis|Iron Jugulis, L50|100\/100\n|-enditem|p2b: Iron Jugulis|Booster Energy\n|-activate|p2b: Iron Jugulis|ability: Quark Drive|[fromitem]\n|-start|p2b: Iron Jugulis|quarkdrivespe\n|-terastallize|p1a: Dragonite|Normal\n|move|p2a: Garry|Protect|p2a: Garry\n|-singleturn|p2a: Garry|Protect\n|move|p1a: Dragonite|Extreme Speed|p2a: Garry\n|-activate|p2a: Garry|move: Protect\n|move|p1b: Chien-Pao|Ice Spinner|p2b: Iron Jugulis\n|-supereffective|p2b: Iron Jugulis\n|-damage|p2b: Iron Jugulis|0 fnt\n|faint|p2b: Iron Jugulis\n|-end|p2b: Iron Jugulis|Quark Drive|[silent]\n|\n|upkeep\n|\n|t:|1683270836\n|switch|p2b: I'm a wild charge|Iron Hands, L50|30\/100\n|turn|4\n|inactive|Hypno6 has 30 seconds left.\n|\n|t:|1683270866\n|move|p2b: I'm a wild charge|Fake Out|p1b: Chien-Pao\n|-damage|p1b: Chien-Pao|76\/100\n|move|p1a: Dragonite|Extreme Speed|p2a: Garry\n|-damage|p2a: Garry|0 fnt\n|faint|p2a: Garry\n|cant|p1b: Chien-Pao|flinch\n|\n|-sideend|p1: Ricardo Randorez|move: Tailwind\n|upkeep\n|\n|t:|1683270871\n|switch|p2a: OP fish|Chi-Yu, L50|100\/100\n|-ability|p2a: OP fish|Beads of Ruin\n|turn|5\n|\n|t:|1683270887\n|-terastallize|p2a: OP fish|Fire\n|move|p1a: Dragonite|Extreme Speed|p2b: I'm a wild charge\n|-damage|p2b: I'm a wild charge|0 fnt\n|faint|p2b: I'm a wild charge\n|-end|p2b: I'm a wild charge|Quark Drive|[silent]\n|move|p1b: Chien-Pao|Sacred Sword|p2a: OP fish\n|-damage|p2a: OP fish|34\/100\n|move|p2a: OP fish|Heat Wave|p1a: Dragonite|[spread] p1a,p1b\n|-supereffective|p1b: Chien-Pao\n|-damage|p1a: Dragonite|8\/100\n|-damage|p1b: Chien-Pao|0 fnt\n|faint|p1b: Chien-Pao\n|\n|upkeep\n|turn|6\n|\n|t:|1683270904\n|move|p1a: Dragonite|Extreme Speed|p2a: OP fish\n|-damage|p2a: OP fish|0 fnt\n|faint|p2a: OP fish\n|\n|win|Ricardo Randorez\n|raw|Ricardo Randorez's rating: 1165 → 1191<\/strong> (+26 for winning)\n|raw|Hypno6's rating: 1173 → 1147<\/strong> (-26 for losing)\n|l|\u2606Hypno6\n","uploadtime":1683270912,"views":5,"p1id":"ricardorandorez","p2id":"hypno6","formatid":"gen9vgc2023regulationc","rating":1147,"private":0,"password":""}