{"id":"gen9vgc2023regulationc-1855984721","p1":"Ytterby","p2":"thebluejae","format":"[Gen 9] VGC 2023 Regulation C","log":"|j|\u2606Ytterby\n|j|\u2606thebluejae\n|t:|1683012122\n|gametype|doubles\n|player|p1|Ytterby|brycenman|1165\n|player|p2|thebluejae|dawn|1088\n|teamsize|p1|6\n|teamsize|p2|6\n|gen|9\n|tier|[Gen 9] VGC 2023 Regulation C\n|rated|\n|rule|Species Clause: Limit one of each Pok\u00e9mon\n|rule|Item Clause: Limit one of each item\n|clearpoke\n|poke|p1|Flutter Mane, L50|\n|poke|p1|Arcanine, L50, M|\n|poke|p1|Torkoal, L50, M|\n|poke|p1|Maushold, L50|\n|poke|p1|Annihilape, L50, F|\n|poke|p1|Noivern, L50, F|\n|poke|p2|Chien-Pao, L50|\n|poke|p2|Flutter Mane, L50|\n|poke|p2|Garchomp, L50, M|\n|poke|p2|Talonflame, L50, F|\n|poke|p2|Corviknight, L50, M|\n|poke|p2|Iron Hands, L50|\n|teampreview|4\n|inactive|Battle timer is ON: inactive players will automatically lose when time's up. (requested by thebluejae)\nthebluejae has agreed to open team sheets.\nYtterby rejected open team sheets.\n|\n|t:|1683012163\n|start\n|switch|p1a: Annihilape|Annihilape, L50, F|100\/100\n|switch|p1b: Maushold|Maushold, L50|100\/100\n|switch|p2a: Iron Hands|Iron Hands, L50|100\/100\n|switch|p2b: Flutter Mane|Flutter Mane, L50|100\/100\n|-enditem|p2b: Flutter Mane|Booster Energy\n|-activate|p2b: Flutter Mane|ability: Protosynthesis|[fromitem]\n|-start|p2b: Flutter Mane|protosynthesisspe\n|turn|1\n|inactive|Ytterby has 30 seconds left.\n|inactive|Ytterby has 20 seconds left.\n|inactive|Ytterby has 15 seconds left.\n|inactive|Ytterby has 10 seconds left.\n|\n|t:|1683012209\n|switch|p1a: Arcanine|Arcanine, L50, M|100\/100\n|-ability|p1a: Arcanine|Intimidate|boost\n|-unboost|p2a: Iron Hands|atk|1\n|-unboost|p2b: Flutter Mane|atk|1\n|-terastallize|p2b: Flutter Mane|Fairy\n|move|p2b: Flutter Mane|Dazzling Gleam|p1b: Maushold|[spread] p1a,p1b\n|-resisted|p1a: Arcanine\n|-damage|p1a: Arcanine|75\/100\n|-damage|p1b: Maushold|36\/100\n|move|p1b: Maushold|Population Bomb|p2a: Iron Hands\n|-damage|p2a: Iron Hands|93\/100\n|-damage|p2a: Iron Hands|86\/100\n|-damage|p2a: Iron Hands|78\/100\n|-damage|p2a: Iron Hands|71\/100\n|-damage|p2a: Iron Hands|64\/100\n|-damage|p2a: Iron Hands|56\/100\n|-crit|p2a: Iron Hands\n|-damage|p2a: Iron Hands|44\/100\n|-damage|p2a: Iron Hands|37\/100\n|-damage|p2a: Iron Hands|29\/100\n|-damage|p2a: Iron Hands|22\/100\n|-hitcount|p2a: Iron Hands|10\n|move|p2a: Iron Hands|Thunder Punch|p1b: Maushold\n|-damage|p1b: Maushold|0 fnt\n|faint|p1b: Maushold\n|\n|upkeep\n|inactive|Ytterby has 30 seconds left.\n|\n|t:|1683012242\n|switch|p1b: Farter Man|Flutter Mane, L50|100\/100\n|turn|2\n|\n|t:|1683012265\n|move|p1b: Farter Man|Protect|p1b: Farter Man\n|-singleturn|p1b: Farter Man|Protect\n|move|p2b: Flutter Mane|Shadow Ball|p1b: Farter Man\n|-activate|p1b: Farter Man|move: Protect\n|move|p1a: Arcanine|Heat Wave|p2a: Iron Hands|[spread] p2a,p2b\n|-crit|p2b: Flutter Mane\n|-damage|p2a: Iron Hands|3\/100\n|-damage|p2b: Flutter Mane|59\/100\n|move|p2a: Iron Hands|Drain Punch|p1a: Arcanine\n|-damage|p1a: Arcanine|40\/100\n|-heal|p2a: Iron Hands|15\/100|[from] drain|[of] p1a: Arcanine\n|\n|upkeep\n|turn|3\n|inactive|Ytterby has 30 seconds left.\n|inactive|thebluejae has 30 seconds left.\n|inactive|Ytterby has 20 seconds left.\n|inactive|Ytterby has 15 seconds left.\n|inactive|Ytterby has 10 seconds left.\n|inactive|Ytterby has 5 seconds left.\n|\n|t:|1683012315\n|-terastallize|p1b: Farter Man|Fairy\n|move|p2b: Flutter Mane|Shadow Ball|p1b: Farter Man\n|-damage|p1b: Farter Man|56\/100\n|move|p1b: Farter Man|Dazzling Gleam|p2a: Iron Hands|[spread] p2a,p2b\n|-supereffective|p2a: Iron Hands\n|-damage|p2a: Iron Hands|0 fnt\n|-damage|p2b: Flutter Mane|14\/100\n|faint|p2a: Iron Hands\n|-end|p2a: Iron Hands|Quark Drive|[silent]\n|-damage|p1b: Farter Man|47\/100|[from] item: Life Orb\n|move|p1a: Arcanine|Heat Wave|p2b: Flutter Mane\n|-damage|p2b: Flutter Mane|0 fnt\n|faint|p2b: Flutter Mane\n|-end|p2b: Flutter Mane|Protosynthesis|[silent]\n|\n|upkeep\n|inactive|thebluejae has 30 seconds left.\n|\n|t:|1683012349\n|switch|p2b: Garchomp|Garchomp, L50, M|100\/100\n|switch|p2a: Chien-Pao|Chien-Pao, L50|100\/100\n|-ability|p2a: Chien-Pao|Sword of Ruin\n|turn|4\n|\n|t:|1683012367\n|switch|p1a: Annihilape|Annihilape, L50, F|100\/100\n|move|p1b: Farter Man|Protect|p1b: Farter Man\n|-singleturn|p1b: Farter Man|Protect\n|move|p2a: Chien-Pao|Sucker Punch||[still]\n|-fail|p2a: Chien-Pao\n|move|p2b: Garchomp|Stomping Tantrum|p1a: Annihilape\n|-damage|p1a: Annihilape|35\/100\n|\n|upkeep\n|turn|5\n|inactive|Ytterby has 30 seconds left.\n|inactive|thebluejae has 30 seconds left.\n|inactive|thebluejae has 20 seconds left.\n|\n|t:|1683012405\n|-end|p1b: Farter Man|Protosynthesis|[silent]\n|switch|p1b: Arcanine|Arcanine, L50, M|40\/100\n|-ability|p1b: Arcanine|Intimidate|boost\n|-unboost|p2a: Chien-Pao|atk|1\n|-fail|p2b: Garchomp|unboost|[from] item: Clear Amulet|[of] p2b: Garchomp\n|move|p2a: Chien-Pao|Sucker Punch||[still]\n|-fail|p2a: Chien-Pao\n|move|p1a: Annihilape|Rock Slide|p2b: Garchomp|[spread] p2a,p2b\n|-supereffective|p2a: Chien-Pao\n|-resisted|p2b: Garchomp\n|-damage|p2a: Chien-Pao|53\/100\n|-damage|p2b: Garchomp|88\/100\n|move|p2b: Garchomp|Rock Slide|p1b: Arcanine|[spread] p1a,p1b\n|-resisted|p1a: Annihilape\n|-supereffective|p1b: Arcanine\n|-damage|p1a: Annihilape|19\/100\n|-damage|p1b: Arcanine|0 fnt\n|faint|p1b: Arcanine\n|\n|upkeep\n|\n|t:|1683012420\n|switch|p1b: Farter Man|Flutter Mane, L50, tera:Fairy|47\/100\n|turn|6\n|\n|t:|1683012442\n|move|p1a: Annihilape|Rock Slide|p2b: Garchomp|[spread] p2a,p2b\n|-supereffective|p2a: Chien-Pao\n|-resisted|p2b: Garchomp\n|-damage|p2a: Chien-Pao|0 fnt\n|-damage|p2b: Garchomp|76\/100\n|faint|p2a: Chien-Pao\n|move|p1b: Farter Man|Moonblast|p2b: Garchomp\n|-supereffective|p2b: Garchomp\n|-damage|p2b: Garchomp|0 fnt\n|faint|p2b: Garchomp\n|-damage|p1b: Farter Man|38\/100|[from] item: Life Orb\n|\n|win|Ytterby\n|raw|Ytterby's rating: 1165 → 1185<\/strong> (+20 for winning)\n|raw|thebluejae's rating: 1088 → 1070<\/strong> (-18 for losing)\n|c|\u2606Ytterby|ggwp\n","uploadtime":1683012455,"views":18,"p1id":"ytterby","p2id":"thebluejae","formatid":"gen9vgc2023regulationc","rating":1070,"private":0,"password":""}