{"id":"gen9vgc2023regulationc-1862234043","p1":"detectivepikaVGC","p2":"PotatoFoe11","format":"[Gen 9] VGC 2023 Regulation C","log":"|j|\u2606detectivepikaVGC\n|j|\u2606PotatoFoe11\n|t:|1683852894\n|gametype|doubles\n|player|p1|detectivepikaVGC|2|1050\n|player|p2|PotatoFoe11|101|1044\n|teamsize|p1|6\n|teamsize|p2|6\n|gen|9\n|tier|[Gen 9] VGC 2023 Regulation C\n|rated|\n|rule|Species Clause: Limit one of each Pok\u00e9mon\n|rule|Item Clause: Limit one of each item\n|clearpoke\n|poke|p1|Bronzong, L50|\n|poke|p1|Dragonite, L50, M|\n|poke|p1|Flutter Mane, L50|\n|poke|p1|Ting-Lu, L50|\n|poke|p1|Amoonguss, L50, M|\n|poke|p1|Arcanine, L50, M|\n|poke|p2|Rotom-Mow, L50|\n|poke|p2|Great Tusk, L50|\n|poke|p2|Chien-Pao, L50|\n|poke|p2|Flutter Mane, L50|\n|poke|p2|Torkoal, L50, F|\n|poke|p2|Maushold, L50|\n|teampreview|4\nPotatoFoe11 has agreed to open team sheets.\n|inactive|Battle timer is ON: inactive players will automatically lose when time's up. (requested by PotatoFoe11)\n|inactive|detectivepikaVGC has 60 seconds left.\n|\n|t:|1683852943\n|start\n|switch|p1a: Bronzong|Bronzong, L50, shiny|100\/100\n|switch|p1b: Ting-Lu|Ting-Lu, L50|100\/100\n|switch|p2a: Torkoal|Torkoal, L50, F|100\/100\n|switch|p2b: Flutter Mane|Flutter Mane, L50|100\/100\n|-ability|p1b: Ting-Lu|Vessel of Ruin\n|-weather|SunnyDay|[from] ability: Drought|[of] p2a: Torkoal\n|-activate|p2b: Flutter Mane|ability: Protosynthesis\n|-start|p2b: Flutter Mane|protosynthesisspa\n|turn|1\n|inactive|detectivepikaVGC has 30 seconds left.\n|inactive|detectivepikaVGC has 20 seconds left.\n|inactive|detectivepikaVGC has 15 seconds left.\n|inactive|detectivepikaVGC has 10 seconds left.\n|\n|t:|1683852992\n|-terastallize|p1a: Bronzong|Fire\n|move|p2b: Flutter Mane|Dazzling Gleam|p1a: Bronzong|[spread] p1a,p1b\n|-resisted|p1a: Bronzong\n|-supereffective|p1b: Ting-Lu\n|-damage|p1a: Bronzong|87\/100\n|-damage|p1b: Ting-Lu|66\/100\n|move|p1b: Ting-Lu|Earthquake|p2b: Flutter Mane|[spread] p2a,p2b\n|-immune|p1a: Bronzong|[from] ability: Levitate\n|-supereffective|p2a: Torkoal\n|-damage|p2a: Torkoal|41\/100\n|-damage|p2b: Flutter Mane|19\/100\n|move|p2a: Torkoal|Eruption|p1a: Bronzong|[spread] p1a,p1b\n|-resisted|p1a: Bronzong\n|-damage|p1a: Bronzong|77\/100\n|-damage|p1b: Ting-Lu|53\/100\n|move|p1a: Bronzong|Trick Room|p1a: Bronzong\n|-fieldstart|move: Trick Room|[of] p1a: Bronzong\n|\n|-weather|SunnyDay|[upkeep]\n|-heal|p1a: Bronzong|83\/100|[from] item: Leftovers\n|upkeep\n|turn|2\n|inactive|detectivepikaVGC has 30 seconds left.\n|inactive|PotatoFoe11 has 30 seconds left.\n|\n|t:|1683853021\n|move|p2a: Torkoal|Eruption|p1b: Ting-Lu|[spread] p1a,p1b\n|-resisted|p1a: Bronzong\n|-damage|p1a: Bronzong|71\/100\n|-damage|p1b: Ting-Lu|40\/100\n|move|p1a: Bronzong|Body Press|p2a: Torkoal\n|-damage|p2a: Torkoal|18\/100\n|move|p1b: Ting-Lu|Earthquake|p2b: Flutter Mane|[spread] p2a,p2b\n|-immune|p1a: Bronzong|[from] ability: Levitate\n|-supereffective|p2a: Torkoal\n|-damage|p2a: Torkoal|0 fnt\n|-damage|p2b: Flutter Mane|0 fnt\n|faint|p2a: Torkoal\n|faint|p2b: Flutter Mane\n|-end|p2b: Flutter Mane|Protosynthesis|[silent]\n|\n|-weather|SunnyDay|[upkeep]\n|-heal|p1a: Bronzong|77\/100|[from] item: Leftovers\n|upkeep\n|\n|t:|1683853042\n|switch|p2a: Great Tusk|Great Tusk, L50|100\/100\n|switch|p2b: Rotom|Rotom-Mow, L50, shiny|100\/100\n|-activate|p2a: Great Tusk|ability: Protosynthesis\n|-start|p2a: Great Tusk|protosynthesisatk\n|turn|3\n|inactive|detectivepikaVGC has 30 seconds left.\n|inactive|PotatoFoe11 has 30 seconds left.\n|\n|t:|1683853069\n|move|p1a: Bronzong|Iron Defense|p1a: Bronzong\n|-boost|p1a: Bronzong|def|2\n|move|p1b: Ting-Lu|Heavy Slam|p2a: Great Tusk\n|-damage|p2a: Great Tusk|84\/100\n|move|p2b: Rotom|Nasty Plot|p2b: Rotom\n|-boost|p2b: Rotom|spa|2\n|move|p2a: Great Tusk|Earthquake|p1a: Bronzong|[spread] p1b\n|-immune|p2b: Rotom|[from] ability: Levitate\n|-immune|p1a: Bronzong|[from] ability: Levitate\n|-damage|p1b: Ting-Lu|11\/100\n|\n|-weather|SunnyDay|[upkeep]\n|-heal|p1a: Bronzong|83\/100|[from] item: Leftovers\n|upkeep\n|turn|4\n|\n|t:|1683853094\n|move|p1a: Bronzong|Iron Defense|p1a: Bronzong\n|-boost|p1a: Bronzong|def|2\n|move|p1b: Ting-Lu|Ruination|p2b: Rotom\n|-damage|p2b: Rotom|51\/100\n|move|p2b: Rotom|Nasty Plot|p2b: Rotom\n|-boost|p2b: Rotom|spa|2\n|move|p2a: Great Tusk|Earthquake|p1a: Bronzong|[spread] p1b\n|-immune|p2b: Rotom|[from] ability: Levitate\n|-immune|p1a: Bronzong|[from] ability: Levitate\n|-damage|p1b: Ting-Lu|0 fnt\n|faint|p1b: Ting-Lu\n|\n|-weather|SunnyDay|[upkeep]\n|-heal|p1a: Bronzong|88\/100|[from] item: Leftovers\n|-heal|p2b: Rotom|57\/100|[from] item: Leftovers\n|upkeep\n|\n|t:|1683853114\n|switch|p1b: Dragonite|Dragonite, L50, M, shiny|100\/100\n|turn|5\n|\n|t:|1683853132\n|move|p1b: Dragonite|Extreme Speed|p2b: Rotom\n|-damage|p2b: Rotom|0 fnt\n|faint|p2b: Rotom\n|move|p1a: Bronzong|Body Press|p2a: Great Tusk\n|-damage|p2a: Great Tusk|17\/100\n|move|p2a: Great Tusk|Earthquake|p1b: Dragonite|[spread] \n|-immune|p1a: Bronzong|[from] ability: Levitate\n|-immune|p1b: Dragonite\n|\n|-weather|none\n|-end|p2a: Great Tusk|Protosynthesis\n|-heal|p1a: Bronzong|94\/100|[from] item: Leftovers\n|-fieldend|move: Trick Room\n|upkeep\n|turn|6\n|c|\u2606PotatoFoe11|Gg\n|-message|PotatoFoe11 forfeited.\n|\n|win|detectivepikaVGC\n|raw|detectivepikaVGC's rating: 1050 → 1082<\/strong> (+32 for winning)\n|raw|PotatoFoe11's rating: 1044 → 1028<\/strong> (-16 for losing)\n|l|\u2606PotatoFoe11\n","uploadtime":1683853151,"views":10,"p1id":"detectivepikavgc","p2id":"potatofoe11","formatid":"gen9vgc2023regulationc","rating":1028,"private":0,"password":""}