{"id":"gen9vgc2023regulationc-1856336257","p1":"GiovanniLor","p2":"Conkledonk","format":"[Gen 9] VGC 2023 Regulation C","log":"|j|\u2606GiovanniLor\n|j|\u2606Conkledonk\n|t:|1683051943\n|gametype|doubles\n|player|p1|GiovanniLor|102|\n|player|p2|Conkledonk|hiker-gen4|\n|teamsize|p1|6\n|teamsize|p2|6\n|gen|9\n|tier|[Gen 9] VGC 2023 Regulation C\n|rule|Species Clause: Limit one of each Pok\u00e9mon\n|rule|Item Clause: Limit one of each item\n|clearpoke\n|poke|p1|Dragapult, L50, F|\n|poke|p1|Chien-Pao, L50|\n|poke|p1|Gholdengo, L50|\n|poke|p1|Amoonguss, L50, M|\n|poke|p1|Ting-Lu, L50|\n|poke|p1|Palafin, L50, M|\n|poke|p2|Dondozo, L50, F|\n|poke|p2|Tatsugiri-Stretchy, L50, F|\n|poke|p2|Glimmora, L50, F|\n|poke|p2|Pawmot, L50, M|\n|poke|p2|Talonflame, L50, M|\n|poke|p2|Gholdengo, L50|\n|teampreview|4\nConkledonk has agreed to open team sheets.\n|c|\u2606Conkledonk|g1\nGiovanniLor has agreed to open team sheets.\n|c|\u2606Conkledonk|glhf\n|c|\u2606Conkledonk|they wanna stream our match\n|c|\u2606GiovanniLor|U2\n|c|\u2606GiovanniLor|ok\n|c|\u2606Conkledonk|nvmd they arent gonna steam us\n|c|\u2606Conkledonk|glhf\n|\n|t:|1683052132\n|start\n|switch|p1a: Gholdengo|Gholdengo, L50|100\/100\n|switch|p1b: Palafin|Palafin, L50, M|100\/100\n|switch|p2a: Pawmot|Pawmot, L50, M|100\/100\n|switch|p2b: Talonflame|Talonflame, L50, M|100\/100\n|turn|1\n|c|\u2606GiovanniLor|Gl hf\n|\n|t:|1683052155\n|detailschange|p1b: Palafin|Palafin-Hero, L50, M\n|switch|p1b: Amoonguss|Amoonguss, L50, M|100\/100\n|move|p2b: Talonflame|Tailwind|p2b: Talonflame\n|-sidestart|p2: Conkledonk|move: Tailwind\n|move|p2a: Pawmot|Double Shock|p1a: Gholdengo\n|-damage|p1a: Gholdengo|46\/100\n|-start|p2a: Pawmot|typechange|???\/Fighting|[from] move: Double Shock\n|move|p1a: Gholdengo|Nasty Plot|p1a: Gholdengo\n|-boost|p1a: Gholdengo|spa|2\n|\n|-heal|p1a: Gholdengo|52\/100|[from] item: Leftovers\n|upkeep\n|turn|2\n|\n|t:|1683052184\n|move|p2b: Talonflame|Brave Bird|p1b: Amoonguss\n|-supereffective|p1b: Amoonguss\n|-damage|p1b: Amoonguss|29\/100\n|-enditem|p1b: Amoonguss|Sitrus Berry|[eat]\n|-heal|p1b: Amoonguss|54\/100|[from] item: Sitrus Berry\n|-damage|p2b: Talonflame|67\/100|[from] Recoil\n|move|p2a: Pawmot|Close Combat|p1b: Amoonguss\n|-resisted|p1b: Amoonguss\n|-damage|p1b: Amoonguss|30\/100\n|-unboost|p2a: Pawmot|def|1\n|-unboost|p2a: Pawmot|spd|1\n|move|p1a: Gholdengo|Thunderbolt|p2b: Talonflame\n|-supereffective|p2b: Talonflame\n|-damage|p2b: Talonflame|0 fnt\n|faint|p2b: Talonflame\n|move|p1b: Amoonguss|Pollen Puff|p1a: Gholdengo\n|-heal|p1a: Gholdengo|100\/100\n|\n|upkeep\n|\n|t:|1683052199\n|switch|p2b: Gholdengo|Gholdengo, L50|100\/100\n|turn|3\n|\n|t:|1683052231\n|switch|p1b: Palafin|Palafin-Hero, L50, M|100\/100\n|-activate|p1b: Palafin|ability: Zero to Hero\n|move|p2a: Pawmot|Close Combat|p1b: Palafin\n|-damage|p1b: Palafin|48\/100\n|-unboost|p2a: Pawmot|def|1\n|-unboost|p2a: Pawmot|spd|1\n|move|p2b: Gholdengo|Nasty Plot|p2b: Gholdengo\n|-boost|p2b: Gholdengo|spa|2\n|move|p1a: Gholdengo|Make It Rain|p2b: Gholdengo|[spread] p2a,p2b\n|-resisted|p2b: Gholdengo\n|-enditem|p2a: Pawmot|Focus Sash\n|-damage|p2a: Pawmot|1\/100\n|-damage|p2b: Gholdengo|59\/100\n|-unboost|p1a: Gholdengo|spa|1\n|\n|upkeep\n|turn|4\n|\n|t:|1683052256\n|-terastallize|p2b: Gholdengo|Water\n|-terastallize|p1b: Palafin|Water\n|move|p1b: Palafin|Jet Punch|p2b: Gholdengo\n|-resisted|p2b: Gholdengo\n|-damage|p2b: Gholdengo|26\/100\n|-enditem|p2b: Gholdengo|Sitrus Berry|[eat]\n|-heal|p2b: Gholdengo|51\/100|[from] item: Sitrus Berry\n|move|p2a: Pawmot|Close Combat|p1a: Gholdengo\n|-immune|p1a: Gholdengo\n|move|p2b: Gholdengo|Shadow Ball|p1a: Gholdengo\n|-supereffective|p1a: Gholdengo\n|-damage|p1a: Gholdengo|0 fnt\n|faint|p1a: Gholdengo\n|\n|-sideend|p2: Conkledonk|move: Tailwind\n|upkeep\n|\n|t:|1683052273\n|switch|p1a: Chien-Pao|Chien-Pao, L50|100\/100\n|-ability|p1a: Chien-Pao|Sword of Ruin\n|turn|5\n|\n|t:|1683052292\n|switch|p1b: Amoonguss|Amoonguss, L50, M|63\/100\n|move|p2b: Gholdengo|Protect|p2b: Gholdengo\n|-singleturn|p2b: Gholdengo|Protect\n|move|p1a: Chien-Pao|Ice Shard|p2a: Pawmot\n|-damage|p2a: Pawmot|0 fnt\n|faint|p2a: Pawmot\n|\n|upkeep\n|\n|t:|1683052294\n|switch|p2a: Tatsugiri|Tatsugiri-Stretchy, L50, F|100\/100\n|turn|6\n|\n|t:|1683052327\n|move|p2a: Tatsugiri|Icy Wind|p1b: Amoonguss|[spread] p1a,p1b\n|-resisted|p1a: Chien-Pao\n|-supereffective|p1b: Amoonguss\n|-damage|p1a: Chien-Pao|90\/100\n|-damage|p1b: Amoonguss|42\/100\n|-unboost|p1a: Chien-Pao|spe|1\n|-unboost|p1b: Amoonguss|spe|1\n|move|p2b: Gholdengo|Make It Rain|p1a: Chien-Pao|[spread] p1a,p1b\n|-supereffective|p1a: Chien-Pao\n|-damage|p1a: Chien-Pao|0 fnt\n|-damage|p1b: Amoonguss|0 fnt\n|-unboost|p2b: Gholdengo|spa|1\n|faint|p1a: Chien-Pao\n|faint|p1b: Amoonguss\n|\n|upkeep\n|\n|t:|1683052339\n|switch|p1a: Palafin|Palafin-Hero, L50, M, tera:Water|48\/100\n|turn|7\n|\n|t:|1683052349\n|move|p2b: Gholdengo|Protect|p2b: Gholdengo\n|-singleturn|p2b: Gholdengo|Protect\n|move|p2a: Tatsugiri|Icy Wind|p1a: Palafin\n|-resisted|p1a: Palafin\n|-damage|p1a: Palafin|39\/100\n|-unboost|p1a: Palafin|spe|1\n|move|p1a: Palafin|Wave Crash|p2b: Gholdengo\n|-activate|p2b: Gholdengo|move: Protect\n|\n|upkeep\n|turn|8\n|\n|t:|1683052355\n|move|p1a: Palafin|Jet Punch|p2b: Gholdengo\n|-resisted|p2b: Gholdengo\n|-crit|p2b: Gholdengo\n|-damage|p2b: Gholdengo|1\/100\n|move|p2a: Tatsugiri|Icy Wind|p1a: Palafin\n|-resisted|p1a: Palafin\n|-damage|p1a: Palafin|31\/100\n|-unboost|p1a: Palafin|spe|1\n|move|p2b: Gholdengo|Shadow Ball|p1a: Palafin\n|-damage|p1a: Palafin|0 fnt\n|faint|p1a: Palafin\n|\n|win|Conkledonk\n|c|\u2606Conkledonk|gg\n","uploadtime":1683052588,"views":11,"p1id":"giovannilor","p2id":"conkledonk","formatid":"gen9vgc2023regulationc","rating":0,"private":0,"password":""}