{"id":"gen9vgc2023regulationc-1845341808","p1":"Yaboibigt","p2":"pelukas","format":"[Gen 9] VGC 2023 Regulation C","log":"|j|\u2606Yaboibigt\n|j|\u2606pelukas\n|t:|1681718186\n|gametype|doubles\n|player|p1|Yaboibigt|266|1000\n|player|p2|pelukas|gambler|1000\n|teamsize|p1|6\n|teamsize|p2|6\n|gen|9\n|tier|[Gen 9] VGC 2023 Regulation C\n|rated|\n|rule|Species Clause: Limit one of each Pok\u00e9mon\n|rule|Item Clause: Limit one of each item\n|clearpoke\n|poke|p1|Arboliva, L50, F|\n|poke|p1|Espathra, L50, F|\n|poke|p1|Flutter Mane, L50|\n|poke|p1|Sableye, L50, M|\n|poke|p1|Dondozo, L50, M|\n|poke|p1|Tatsugiri, L50, M|\n|poke|p2|Klefki, L50, M|\n|poke|p2|Mimikyu, L50, M|\n|poke|p2|Sylveon, L50, F|\n|poke|p2|Iron Valiant, L50|\n|poke|p2|Flutter Mane, L50|\n|poke|p2|Avalugg, L50, M|\n|teampreview|4\n|inactive|Battle timer is ON: inactive players will automatically lose when time's up. (requested by Yaboibigt)\n|\n|t:|1681718209\n|start\n|switch|p1a: Sableye|Sableye, L50, M|100\/100\n|switch|p1b: Arboliva|Arboliva, L50, F|100\/100\n|switch|p2a: Klefki|Klefki, L50, M|100\/100\n|switch|p2b: Flutter Mane|Flutter Mane, L50, shiny|100\/100\n|turn|1\n|\n|t:|1681718230\n|move|p2b: Flutter Mane|Protect|p2b: Flutter Mane\n|-singleturn|p2b: Flutter Mane|Protect\n|move|p2a: Klefki|Light Screen|p2a: Klefki\n|-sidestart|p2: pelukas|move: Light Screen\n|move|p1a: Sableye|Quash|p2b: Flutter Mane\n|-activate|p2b: Flutter Mane|move: Protect\n|move|p1b: Arboliva|Leech Seed|p2b: Flutter Mane\n|-activate|p2b: Flutter Mane|move: Protect\n|\n|upkeep\n|turn|2\n|inactive|pelukas has 30 seconds left.\n|\n|t:|1681718255\n|move|p2a: Klefki|Thunder Wave|p1b: Arboliva\n|-status|p1b: Arboliva|par\n|move|p1a: Sableye|Quash|p2b: Flutter Mane\n|-activate|p2b: Flutter Mane|move: Quash\n|move|p1b: Arboliva|Leech Seed|p2a: Klefki\n|-start|p2a: Klefki|move: Leech Seed\n|move|p2b: Flutter Mane|Moonblast|p1a: Sableye\n|-supereffective|p1a: Sableye\n|-enditem|p1a: Sableye|Roseli Berry|[eat]\n|-enditem|p1a: Sableye|Roseli Berry|[weaken]\n|-damage|p1a: Sableye|0 fnt\n|faint|p1a: Sableye\n|-damage|p2b: Flutter Mane|91\/100|[from] item: Life Orb\n|\n|-damage|p2a: Klefki|88\/100|[from] Leech Seed|[of] p1b: Arboliva\n|upkeep\n|inactive|Yaboibigt has 30 seconds left.\n|inactive|Yaboibigt has 20 seconds left.\n|inactive|Yaboibigt has 15 seconds left.\n|\n|t:|1681718298\n|switch|p1a: Espathra|Espathra, L50, F|100\/100\n|turn|3\n|\n|t:|1681718309\n|move|p1a: Espathra|Protect|p1a: Espathra\n|-singleturn|p1a: Espathra|Protect\n|move|p2a: Klefki|Thunder Wave|p1a: Espathra\n|-activate|p1a: Espathra|move: Protect\n|move|p2b: Flutter Mane|Shadow Ball|p1a: Espathra\n|-activate|p1a: Espathra|move: Protect\n|move|p1b: Arboliva|Leech Seed|p2b: Flutter Mane\n|-start|p2b: Flutter Mane|move: Leech Seed\n|\n|-damage|p2b: Flutter Mane|78\/100|[from] Leech Seed|[of] p1b: Arboliva\n|-damage|p2a: Klefki|76\/100|[from] Leech Seed|[of] p1b: Arboliva\n|-ability|p1a: Espathra|Speed Boost|boost\n|-boost|p1a: Espathra|spe|1\n|upkeep\n|turn|4\n|\n|t:|1681718330\n|-end|p2b: Flutter Mane|Protosynthesis|[silent]\n|switch|p2b: Mimikyu|Mimikyu, L50, M|100\/100\n|move|p1a: Espathra|Ally Switch||[still]\n|-fail|p1a: Espathra\n|move|p2a: Klefki|Thunder Wave|p1a: Espathra\n|-status|p1a: Espathra|par\n|move|p1b: Arboliva|Pollen Puff|p2b: Mimikyu\n|-activate|p2b: Mimikyu|ability: Disguise\n|-damage|p2b: Mimikyu|100\/100\n|detailschange|p2b: Mimikyu|Mimikyu-Busted, L50, M\n|-damage|p2b: Mimikyu|88\/100|[from] pokemon: Mimikyu-Busted\n|\n|-damage|p2a: Klefki|64\/100|[from] Leech Seed|[of] p1b: Arboliva\n|-ability|p1a: Espathra|Speed Boost|boost\n|-boost|p1a: Espathra|spe|1\n|upkeep\n|turn|5\n|inactive|pelukas has 30 seconds left.\n|\n|t:|1681718355\n|switch|p2a: Flutter Mane|Flutter Mane, L50, shiny|78\/100\n|move|p1a: Espathra|Protect|p1a: Espathra\n|-singleturn|p1a: Espathra|Protect\n|move|p2b: Mimikyu|Swords Dance|p2b: Mimikyu\n|-boost|p2b: Mimikyu|atk|2\n|move|p1b: Arboliva|Leech Seed|p2b: Mimikyu\n|-start|p2b: Mimikyu|move: Leech Seed\n|\n|-damage|p2b: Mimikyu|76\/100|[from] Leech Seed|[of] p1b: Arboliva\n|-ability|p1a: Espathra|Speed Boost|boost\n|-boost|p1a: Espathra|spe|1\n|upkeep\n|turn|6\n|l|\u2606Yaboibigt\n|inactive|Yaboibigt disconnected and has a minute to reconnect!\n|player|p1|\n|j|\u2606Yaboibigt\n|inactive|Yaboibigt reconnected and has 50 seconds left.\n|player|p1|Yaboibigt|266\n|inactive|Yaboibigt has 30 seconds left.\n|\n|t:|1681718381\n|-terastallize|p1a: Espathra|Fighting\n|move|p1a: Espathra|Lumina Crash|p2b: Mimikyu\n|-damage|p2b: Mimikyu|53\/100\n|-unboost|p2b: Mimikyu|spd|2\n|move|p2a: Flutter Mane|Shadow Ball|p1a: Espathra\n|-damage|p1a: Espathra|29\/100 par\n|-damage|p2a: Flutter Mane|68\/100|[from] item: Life Orb\n|move|p2b: Mimikyu|Drain Punch|p1b: Arboliva\n|-supereffective|p1b: Arboliva\n|-damage|p1b: Arboliva|14\/100 par\n|-heal|p2b: Mimikyu|100\/100|[from] drain|[of] p1b: Arboliva\n|-fieldstart|move: Grassy Terrain|[from] ability: Seed Sower|[of] p1b: Arboliva\n|cant|p1b: Arboliva|par\n|\n|-heal|p1a: Espathra|35\/100 par|[from] Grassy Terrain\n|-heal|p2a: Flutter Mane|75\/100|[from] Grassy Terrain\n|-heal|p1b: Arboliva|20\/100 par|[from] Grassy Terrain\n|-damage|p2b: Mimikyu|88\/100|[from] Leech Seed|[of] p1b: Arboliva\n|-heal|p1b: Arboliva|29\/100 par|[silent]\n|-ability|p1a: Espathra|Speed Boost|boost\n|-boost|p1a: Espathra|spe|1\n|upkeep\n|turn|7\n|inactive|Yaboibigt has 30 seconds left.\n|inactive|pelukas has 30 seconds left.\n|\n|t:|1681718415\n|move|p1b: Arboliva|Protect|p1b: Arboliva\n|-singleturn|p1b: Arboliva|Protect\n|move|p2b: Mimikyu|Shadow Sneak|p1a: Espathra\n|-damage|p1a: Espathra|0 fnt\n|faint|p1a: Espathra\n|move|p2a: Flutter Mane|Moonblast|p1b: Arboliva\n|-activate|p1b: Arboliva|move: Protect\n|\n|-heal|p2a: Flutter Mane|81\/100|[from] Grassy Terrain\n|-heal|p2b: Mimikyu|94\/100|[from] Grassy Terrain\n|-heal|p1b: Arboliva|35\/100 par|[from] Grassy Terrain\n|-damage|p2b: Mimikyu|82\/100|[from] Leech Seed|[of] p1b: Arboliva\n|-heal|p1b: Arboliva|43\/100 par|[silent]\n|upkeep\n|\n|t:|1681718419\n|switch|p1a: Flutter Mane|Flutter Mane, L50|100\/100\n|turn|8\n|\n|t:|1681718436\n|switch|p2b: Klefki|Klefki, L50, M|64\/100\n|-terastallize|p2a: Flutter Mane|Fairy\n|move|p1a: Flutter Mane|Protect|p1a: Flutter Mane\n|-singleturn|p1a: Flutter Mane|Protect\n|move|p2a: Flutter Mane|Shadow Ball|p1a: Flutter Mane\n|-activate|p1a: Flutter Mane|move: Protect\n|move|p1b: Arboliva|Strength Sap|p2b: Klefki\n|-unboost|p2b: Klefki|atk|1\n|-heal|p1b: Arboliva|84\/100 par\n|\n|-heal|p2a: Flutter Mane|87\/100|[from] Grassy Terrain\n|-heal|p2b: Klefki|70\/100|[from] Grassy Terrain\n|-heal|p1b: Arboliva|90\/100 par|[from] Grassy Terrain\n|-sideend|p2: pelukas|move: Light Screen\n|upkeep\n|turn|9\n|\n|t:|1681718461\n|move|p2b: Klefki|Light Screen|p2b: Klefki\n|-sidestart|p2: pelukas|move: Light Screen\n|move|p1a: Flutter Mane|Substitute|p1a: Flutter Mane\n|-start|p1a: Flutter Mane|Substitute\n|-damage|p1a: Flutter Mane|76\/100\n|move|p2a: Flutter Mane|Shadow Ball|p1a: Flutter Mane\n|-supereffective|p1a: Flutter Mane\n|-end|p1a: Flutter Mane|Substitute\n|-damage|p2a: Flutter Mane|77\/100|[from] item: Life Orb\n|move|p1b: Arboliva|Pollen Puff|p1a: Flutter Mane\n|-heal|p1a: Flutter Mane|100\/100\n|\n|-heal|p2a: Flutter Mane|83\/100|[from] Grassy Terrain\n|-heal|p2b: Klefki|76\/100|[from] Grassy Terrain\n|-heal|p1b: Arboliva|96\/100 par|[from] Grassy Terrain\n|upkeep\n|turn|10\n|\n|t:|1681718480\n|move|p2a: Flutter Mane|Protect|p2a: Flutter Mane\n|-singleturn|p2a: Flutter Mane|Protect\n|move|p1a: Flutter Mane|Protect|p1a: Flutter Mane\n|-singleturn|p1a: Flutter Mane|Protect\n|move|p2b: Klefki|Thunder Wave|p1a: Flutter Mane\n|-activate|p1a: Flutter Mane|move: Protect\n|move|p1b: Arboliva|Leech Seed|p2b: Klefki\n|-start|p2b: Klefki|move: Leech Seed\n|\n|-heal|p2a: Flutter Mane|89\/100|[from] Grassy Terrain\n|-heal|p2b: Klefki|82\/100|[from] Grassy Terrain\n|-heal|p1b: Arboliva|100\/100 par|[from] Grassy Terrain\n|-damage|p2b: Klefki|70\/100|[from] Leech Seed|[of] p1b: Arboliva\n|-fieldend|move: Grassy Terrain\n|upkeep\n|turn|11\n|\n|t:|1681718505\n|move|p2b: Klefki|Thunder Wave|p1a: Flutter Mane\n|-status|p1a: Flutter Mane|par\n|move|p2a: Flutter Mane|Shadow Ball|p1a: Flutter Mane\n|-supereffective|p1a: Flutter Mane\n|-damage|p1a: Flutter Mane|0 fnt\n|faint|p1a: Flutter Mane\n|-end|p1a: Flutter Mane|Protosynthesis|[silent]\n|-damage|p2a: Flutter Mane|79\/100|[from] item: Life Orb\n|move|p1b: Arboliva|Leech Seed|p2a: Flutter Mane|[miss]\n|-miss|p1b: Arboliva|p2a: Flutter Mane\n|\n|-damage|p2b: Klefki|58\/100|[from] Leech Seed|[of] p1b: Arboliva\n|upkeep\n|turn|12\n|\n|t:|1681718523\n|switch|p2b: Mimikyu|Mimikyu-Busted, L50, M|82\/100\n|move|p2a: Flutter Mane|Moonblast|p1b: Arboliva\n|-damage|p1b: Arboliva|36\/100 par\n|-fieldstart|move: Grassy Terrain|[from] ability: Seed Sower|[of] p1b: Arboliva\n|-damage|p2a: Flutter Mane|69\/100|[from] item: Life Orb\n|cant|p1b: Arboliva|par\n|\n|-heal|p2a: Flutter Mane|75\/100|[from] Grassy Terrain\n|-heal|p2b: Mimikyu|88\/100|[from] Grassy Terrain\n|-heal|p1b: Arboliva|42\/100 par|[from] Grassy Terrain\n|upkeep\n|turn|13\n|-message|Yaboibigt forfeited.\n|\n|win|pelukas\n|raw|Yaboibigt's rating: 1000 → 1000<\/strong> (+0 for losing)\n|raw|pelukas's rating: 1000 → 1040<\/strong> (+40 for winning)\n|l|\u2606Yaboibigt\n","uploadtime":1681718541,"views":15,"p1id":"yaboibigt","p2id":"pelukas","formatid":"gen9vgc2023regulationc","rating":1000,"private":0,"password":""}