{"id":"gen9vgc2023regulationc-1848045027","p1":"VictorbrineCassini","p2":"Phirespin_","format":"[Gen 9] VGC 2023 Regulation C","log":"|j|\u2606VictorbrineCassini\n|j|\u2606Phirespin_\n|t:|1682023721\n|gametype|doubles\n|player|p1|VictorbrineCassini|169|1108\n|player|p2|Phirespin_|firebreather|1161\n|teamsize|p1|6\n|teamsize|p2|6\n|gen|9\n|tier|[Gen 9] VGC 2023 Regulation C\n|rated|\n|rule|Species Clause: Limit one of each Pok\u00e9mon\n|rule|Item Clause: Limit one of each item\n|clearpoke\n|poke|p1|Lurantis, L50, F|\n|poke|p1|Torkoal, L50, M|\n|poke|p1|Iron Hands, L50|\n|poke|p1|Flutter Mane, L50|\n|poke|p1|Farigiraf, L50, M|\n|poke|p1|Dondozo, L50, M|\n|poke|p2|Maushold, L50|\n|poke|p2|Dragonite, L50, F|\n|poke|p2|Flutter Mane, L50|\n|poke|p2|Chi-Yu, L50|\n|poke|p2|Gholdengo, L50|\n|poke|p2|Palafin, L50, F|\n|teampreview|4\n|inactive|Battle timer is ON: inactive players will automatically lose when time's up. (requested by Phirespin_)\n|inactive|VictorbrineCassini has 60 seconds left.\n|\n|t:|1682023757\n|start\n|switch|p1a: Cooking Hands|Iron Hands, L50|100\/100\n|switch|p1b: Cooking Mane|Flutter Mane, L50|100\/100\n|switch|p2a: Flutter Mane|Flutter Mane, L50|100\/100\n|switch|p2b: Maushold|Maushold, L50|100\/100\n|-enditem|p2a: Flutter Mane|Booster Energy\n|-activate|p2a: Flutter Mane|ability: Protosynthesis|[fromitem]\n|-start|p2a: Flutter Mane|protosynthesisspe\n|-enditem|p1a: Cooking Hands|Booster Energy\n|-activate|p1a: Cooking Hands|ability: Quark Drive|[fromitem]\n|-start|p1a: Cooking Hands|quarkdriveatk\n|turn|1\n|inactive|VictorbrineCassini has 30 seconds left.\n|inactive|Phirespin_ has 30 seconds left.\n|inactive|VictorbrineCassini has 20 seconds left.\n|inactive|Phirespin_ has 20 seconds left.\n|inactive|VictorbrineCassini has 15 seconds left.\n|\n|t:|1682023801\n|switch|p2b: Chi-Yu|Chi-Yu, L50|100\/100\n|-ability|p2b: Chi-Yu|Beads of Ruin\n|-terastallize|p2a: Flutter Mane|Fairy\n|-terastallize|p1b: Cooking Mane|Fairy\n|move|p1a: Cooking Hands|Fake Out|p2b: Chi-Yu\n|-damage|p2b: Chi-Yu|81\/100\n|move|p2a: Flutter Mane|Dazzling Gleam|p1b: Cooking Mane|[spread] p1a,p1b\n|-supereffective|p1a: Cooking Hands\n|-damage|p1a: Cooking Hands|0 fnt\n|-damage|p1b: Cooking Mane|58\/100\n|faint|p1a: Cooking Hands\n|-end|p1a: Cooking Hands|Quark Drive|[silent]\n|move|p1b: Cooking Mane|Shadow Ball|p2a: Flutter Mane\n|-damage|p2a: Flutter Mane|36\/100\n|\n|upkeep\n|\n|t:|1682023817\n|switch|p1a: Cooking Koal|Torkoal, L50, M|100\/100\n|-weather|SunnyDay|[from] ability: Drought|[of] p1a: Cooking Koal\n|-activate|p1b: Cooking Mane|ability: Protosynthesis\n|-start|p1b: Cooking Mane|protosynthesisspe\n|turn|2\n|\n|t:|1682023837\n|-end|p2a: Flutter Mane|Protosynthesis|[silent]\n|switch|p2a: Dragonite|Dragonite, L50, F|100\/100\n|move|p1b: Cooking Mane|Dazzling Gleam|p2a: Dragonite|[spread] p2a,p2b\n|-supereffective|p2a: Dragonite\n|-damage|p2a: Dragonite|0 fnt\n|-damage|p2b: Chi-Yu|44\/100\n|-enditem|p2b: Chi-Yu|Sitrus Berry|[eat]\n|-heal|p2b: Chi-Yu|69\/100|[from] item: Sitrus Berry\n|faint|p2a: Dragonite\n|move|p2b: Chi-Yu|Fire Blast|p1b: Cooking Mane\n|-damage|p1b: Cooking Mane|0 fnt\n|faint|p1b: Cooking Mane\n|-end|p1b: Cooking Mane|Protosynthesis|[silent]\n|move|p1a: Cooking Koal|Eruption|p2b: Chi-Yu\n|-resisted|p2b: Chi-Yu\n|-damage|p2b: Chi-Yu|38\/100\n|\n|-weather|SunnyDay|[upkeep]\n|upkeep\n|\n|t:|1682023855\n|switch|p1b: Am I cooking?|Lurantis, L50, F|100\/100\n|switch|p2a: Maushold|Maushold, L50|100\/100\n|turn|3\n|inactive|VictorbrineCassini has 30 seconds left.\n|\n|t:|1682023880\n|move|p2a: Maushold|Population Bomb|p1a: Cooking Koal\n|-damage|p1a: Cooking Koal|95\/100\n|-damage|p1a: Cooking Koal|90\/100\n|-damage|p1a: Cooking Koal|85\/100\n|-damage|p1a: Cooking Koal|80\/100\n|-damage|p1a: Cooking Koal|75\/100\n|-damage|p1a: Cooking Koal|69\/100\n|-damage|p1a: Cooking Koal|64\/100\n|-damage|p1a: Cooking Koal|59\/100\n|-damage|p1a: Cooking Koal|54\/100\n|-damage|p1a: Cooking Koal|49\/100\n|-hitcount|p1a: Cooking Koal|10\n|move|p2b: Chi-Yu|Fire Blast|p1b: Am I cooking?\n|-supereffective|p1b: Am I cooking?\n|-damage|p1b: Am I cooking?|0 fnt\n|faint|p1b: Am I cooking?\n|move|p1a: Cooking Koal|Eruption|p2a: Maushold|[spread] p2a,p2b\n|-resisted|p2b: Chi-Yu\n|-damage|p2a: Maushold|48\/100\n|-damage|p2b: Chi-Yu|30\/100\n|\n|-weather|SunnyDay|[upkeep]\n|upkeep\n|turn|4\n|inactive|Phirespin_ has 30 seconds left.\n|\n|t:|1682023908\n|move|p1a: Cooking Koal|Protect|p1a: Cooking Koal\n|-singleturn|p1a: Cooking Koal|Protect\n|move|p2a: Maushold|Population Bomb|p1a: Cooking Koal\n|-activate|p1a: Cooking Koal|move: Protect\n|move|p2b: Chi-Yu|Fire Blast|p1a: Cooking Koal\n|-activate|p1a: Cooking Koal|move: Protect\n|\n|-weather|SunnyDay|[upkeep]\n|upkeep\n|turn|5\n|\n|t:|1682023919\n|move|p2a: Maushold|Population Bomb|p1a: Cooking Koal\n|-damage|p1a: Cooking Koal|44\/100\n|-damage|p1a: Cooking Koal|39\/100\n|-damage|p1a: Cooking Koal|34\/100\n|-damage|p1a: Cooking Koal|29\/100\n|-crit|p1a: Cooking Koal\n|-damage|p1a: Cooking Koal|21\/100\n|-damage|p1a: Cooking Koal|16\/100\n|-damage|p1a: Cooking Koal|11\/100\n|-damage|p1a: Cooking Koal|6\/100\n|-damage|p1a: Cooking Koal|1\/100\n|-damage|p1a: Cooking Koal|0 fnt\n|faint|p1a: Cooking Koal\n|-hitcount|p1: Cooking Koal|10\n|\n|win|Phirespin_\n|raw|VictorbrineCassini's rating: 1108 → 1087<\/strong> (-21 for losing)\n|raw|Phirespin_'s rating: 1161 → 1182<\/strong> (+21 for winning)\n|l|\u2606Phirespin_\n|j|\u2606Phirespin_\n|player|p2|Phirespin_|firebreather\n","uploadtime":1682023943,"views":10,"p1id":"victorbrinecassini","p2id":"phirespin","formatid":"gen9vgc2023regulationc","rating":1087,"private":0,"password":""}