{"id":"gen9vgc2023regulationc-1846458266","p1":"Lerotri","p2":"Tumes92","format":"[Gen 9] VGC 2023 Regulation C","log":"|j|\u2606Lerotri\n|j|\u2606Tumes92\n|t:|1681842496\n|gametype|doubles\n|player|p1|Lerotri|emmet|1158\n|player|p2|Tumes92|red|1214\n|teamsize|p1|6\n|teamsize|p2|6\n|gen|9\n|tier|[Gen 9] VGC 2023 Regulation C\n|rated|\n|rule|Species Clause: Limit one of each Pok\u00e9mon\n|rule|Item Clause: Limit one of each item\n|clearpoke\n|poke|p1|Flutter Mane, L50|\n|poke|p1|Chi-Yu, L50|\n|poke|p1|Gyarados, L50, M|\n|poke|p1|Amoonguss, L50, M|\n|poke|p1|Glimmora, L50, F|\n|poke|p1|Iron Hands, L50|\n|poke|p2|Chien-Pao, L50|\n|poke|p2|Palafin, L50, M|\n|poke|p2|Amoonguss, L50, F|\n|poke|p2|Dragapult, L50, M|\n|poke|p2|Maushold, L50|\n|poke|p2|Annihilape, L50, M|\n|teampreview|4\n|inactive|Battle timer is ON: inactive players will automatically lose when time's up. (requested by Lerotri)\n|\n|t:|1681842516\n|start\n|switch|p1a: Flutter Mane|Flutter Mane, L50|100\/100\n|switch|p1b: Chi-Yu|Chi-Yu, L50|100\/100\n|switch|p2a: Maushold|Maushold, L50|100\/100\n|switch|p2b: Dawnspear|Annihilape, L50, M|100\/100\n|-ability|p1b: Chi-Yu|Beads of Ruin\n|-enditem|p1a: Flutter Mane|Booster Energy\n|-activate|p1a: Flutter Mane|ability: Protosynthesis|[fromitem]\n|-start|p1a: Flutter Mane|protosynthesisspa\n|turn|1\n|\n|t:|1681842532\n|-terastallize|p1b: Chi-Yu|Ghost\n|-terastallize|p2b: Dawnspear|Fire\n|move|p1b: Chi-Yu|Heat Wave|p2a: Maushold|[spread] p2a\n|-miss|p1b: Chi-Yu|p2b: Dawnspear\n|-damage|p2a: Maushold|10\/100\n|move|p1a: Flutter Mane|Moonblast|p2a: Maushold\n|-damage|p2a: Maushold|0 fnt\n|faint|p2a: Maushold\n|move|p2b: Dawnspear|Rage Fist|p1a: Flutter Mane\n|-supereffective|p1a: Flutter Mane\n|-damage|p1a: Flutter Mane|26\/100\n|\n|upkeep\n|\n|t:|1681842546\n|switch|p2a: Palafin|Palafin, L50, M|100\/100\n|turn|2\n|\n|t:|1681842553\n|switch|p1b: Iron Hands|Iron Hands, L50|100\/100\n|detailschange|p2a: Palafin|Palafin-Hero, L50, M\n|switch|p2a: Amoonguss|Amoonguss, L50, F|100\/100\n|move|p1a: Flutter Mane|Protect|p1a: Flutter Mane\n|-singleturn|p1a: Flutter Mane|Protect\n|move|p2b: Dawnspear|Rage Fist|p1a: Flutter Mane\n|-activate|p1a: Flutter Mane|move: Protect\n|\n|upkeep\n|turn|3\n|\n|t:|1681842572\n|move|p2b: Dawnspear|Protect|p2b: Dawnspear\n|-singleturn|p2b: Dawnspear|Protect\n|move|p1b: Iron Hands|Fake Out|p2b: Dawnspear\n|-activate|p2b: Dawnspear|move: Protect\n|move|p1a: Flutter Mane|Shadow Ball|p2b: Dawnspear\n|-activate|p2b: Dawnspear|move: Protect\n|move|p2a: Amoonguss|Spore|p1b: Iron Hands\n|-status|p1b: Iron Hands|slp|[from] move: Spore\n|\n|upkeep\n|turn|4\n|\n|t:|1681842586\n|move|p1a: Flutter Mane|Shadow Ball|p2b: Dawnspear\n|-damage|p2b: Dawnspear|56\/100\n|move|p2b: Dawnspear|Rage Fist|p1a: Flutter Mane\n|-supereffective|p1a: Flutter Mane\n|-damage|p1a: Flutter Mane|0 fnt\n|faint|p1a: Flutter Mane\n|-end|p1a: Flutter Mane|Protosynthesis|[silent]\n|cant|p1b: Iron Hands|slp\n|move|p2a: Amoonguss|Pollen Puff|p2b: Dawnspear\n|-heal|p2b: Dawnspear|100\/100\n|\n|upkeep\n|\n|t:|1681842598\n|switch|p1a: Glimmora|Glimmora, L50, F|100\/100\n|turn|5\n|\n|t:|1681842607\n|move|p1a: Glimmora|Spiky Shield|p1a: Glimmora\n|-singleturn|p1a: Glimmora|move: Protect\n|move|p2b: Dawnspear|Bulk Up|p2b: Dawnspear\n|-boost|p2b: Dawnspear|atk|1\n|-boost|p2b: Dawnspear|def|1\n|cant|p1b: Iron Hands|slp\n|move|p2a: Amoonguss|Spore|p1a: Glimmora\n|-activate|p1a: Glimmora|move: Protect\n|\n|upkeep\n|turn|6\n|\n|t:|1681842629\n|switch|p2a: Palafin|Palafin-Hero, L50, M|100\/100\n|-activate|p2a: Palafin|ability: Zero to Hero\n|move|p1a: Glimmora|Power Gem|p2b: Dawnspear\n|-supereffective|p2b: Dawnspear\n|-damage|p2b: Dawnspear|25\/100\n|move|p2b: Dawnspear|Rage Fist|p1a: Glimmora\n|-crit|p1a: Glimmora\n|-enditem|p1a: Glimmora|Focus Sash\n|-damage|p1a: Glimmora|1\/100\n|-activate|p1a: Glimmora|ability: Toxic Debris\n|-sidestart|p2: Tumes92|move: Toxic Spikes\n|cant|p1b: Iron Hands|slp\n|\n|-heal|p2b: Dawnspear|31\/100|[from] item: Leftovers\n|upkeep\n|turn|7\n|\n|t:|1681842652\n|move|p2b: Dawnspear|Protect|p2b: Dawnspear\n|-singleturn|p2b: Dawnspear|Protect\n|move|p2a: Palafin|Jet Punch|p1a: Glimmora\n|-supereffective|p1a: Glimmora\n|-damage|p1a: Glimmora|0 fnt\n|-activate|p1a: Glimmora|ability: Toxic Debris\n|-sidestart|p2: Tumes92|move: Toxic Spikes\n|faint|p1a: Glimmora\n|-curestatus|p1b: Iron Hands|slp|[msg]\n|move|p1b: Iron Hands|Drain Punch|p2a: Palafin\n|-damage|p2a: Palafin|64\/100\n|\n|-heal|p2b: Dawnspear|37\/100|[from] item: Leftovers\n|upkeep\n|\n|t:|1681842655\n|switch|p1a: Chi-Yu|Chi-Yu, L50, tera:Ghost|100\/100\n|-ability|p1a: Chi-Yu|Beads of Ruin\n|turn|8\n|\n|t:|1681842672\n|switch|p2a: Amoonguss|Amoonguss, L50, F|100\/100\n|-sideend|p2: Tumes92|move: Toxic Spikes|[of] p2a: Amoonguss\n|move|p1a: Chi-Yu|Dark Pulse|p2b: Dawnspear\n|-damage|p2b: Dawnspear|0 fnt\n|faint|p2b: Dawnspear\n|move|p1b: Iron Hands|Wild Charge|p2a: Amoonguss\n|-resisted|p2a: Amoonguss\n|-damage|p2a: Amoonguss|79\/100\n|-damage|p1b: Iron Hands|96\/100|[from] Recoil\n|\n|upkeep\n|\n|t:|1681842682\n|switch|p2b: Palafin|Palafin-Hero, L50, M|64\/100\n|turn|9\n|\n|t:|1681842697\n|move|p2a: Amoonguss|Rage Powder|p2a: Amoonguss\n|-singleturn|p2a: Amoonguss|move: Rage Powder\n|move|p2b: Palafin|Jet Punch|p1a: Chi-Yu\n|-damage|p1a: Chi-Yu|30\/100\n|move|p1a: Chi-Yu|Dark Pulse|p2a: Amoonguss\n|-damage|p2a: Amoonguss|26\/100\n|-enditem|p2a: Amoonguss|Sitrus Berry|[eat]\n|-heal|p2a: Amoonguss|51\/100|[from] item: Sitrus Berry\n|move|p1b: Iron Hands|Heavy Slam|p2a: Amoonguss\n|-damage|p2a: Amoonguss|17\/100\n|\n|upkeep\n|turn|10\n|\n|t:|1681842721\n|move|p2a: Amoonguss|Rage Powder|p2a: Amoonguss\n|-singleturn|p2a: Amoonguss|move: Rage Powder\n|move|p2b: Palafin|Jet Punch|p1a: Chi-Yu\n|-damage|p1a: Chi-Yu|0 fnt\n|faint|p1a: Chi-Yu\n|move|p1b: Iron Hands|Heavy Slam|p2a: Amoonguss\n|-damage|p2a: Amoonguss|0 fnt\n|faint|p2a: Amoonguss\n|\n|upkeep\n|turn|11\n|\n|t:|1681842729\n|move|p2b: Palafin|Wave Crash|p1b: Iron Hands\n|-damage|p1b: Iron Hands|34\/100\n|-damage|p2b: Palafin|39\/100|[from] Recoil\n|move|p1b: Iron Hands|Wild Charge|p2b: Palafin\n|-supereffective|p2b: Palafin\n|-damage|p2b: Palafin|0 fnt\n|faint|p2b: Palafin\n|-damage|p1b: Iron Hands|26\/100|[from] Recoil\n|\n|win|Lerotri\n|raw|Lerotri's rating: 1158 → 1187<\/strong> (+29 for winning)\n|raw|Tumes92's rating: 1214 → 1185<\/strong> (-29 for losing)\n|c|\u2606Lerotri|ggwp\n|l|\u2606Tumes92\n","uploadtime":1681842743,"views":12,"p1id":"lerotri","p2id":"tumes92","formatid":"gen9vgc2023regulationc","rating":1185,"private":0,"password":""}