{"id":"gen9vgc2023regulationc-1856259307","p1":"itsJoJoVGC","p2":"Paradox Dragonite","format":"[Gen 9] VGC 2023 Regulation C","log":"|j|\u2606itsJoJoVGC\n|j|\u2606Paradox Dragonite\n|t:|1683045382\n|gametype|doubles\n|player|p1|itsJoJoVGC|scientist-gen4|1140\n|player|p2|Paradox Dragonite|lance-masters|1235\n|teamsize|p1|6\n|teamsize|p2|6\n|gen|9\n|tier|[Gen 9] VGC 2023 Regulation C\n|rated|\n|rule|Species Clause: Limit one of each Pok\u00e9mon\n|rule|Item Clause: Limit one of each item\n|clearpoke\n|poke|p1|Ting-Lu, L50|\n|poke|p1|Vivillon-Fancy, L50, F|\n|poke|p1|Iron Bundle, L50|\n|poke|p1|Abomasnow, L50, F|\n|poke|p1|Annihilape, L50, M|\n|poke|p1|Chien-Pao, L50|\n|poke|p2|Annihilape, L50, F|\n|poke|p2|Maushold-Four, L50|\n|poke|p2|Ting-Lu, L50|\n|poke|p2|Flutter Mane, L50|\n|poke|p2|Chien-Pao, L50|\n|poke|p2|Dragonite, L50, M|\n|teampreview|4\n|inactive|Battle timer is ON: inactive players will automatically lose when time's up. (requested by Paradox Dragonite)\n|\n|t:|1683045403\n|start\n|switch|p1a: Abomasnow|Abomasnow, L50, F|100\/100\n|switch|p1b: Iron Bundle|Iron Bundle, L50|100\/100\n|switch|p2a: Whatsername|Annihilape, L50, F, shiny|100\/100\n|switch|p2b: Maushold|Maushold-Four, L50|100\/100\n|-weather|Snow|[from] ability: Snow Warning|[of] p1a: Abomasnow\n|-enditem|p1b: Iron Bundle|Booster Energy\n|-activate|p1b: Iron Bundle|ability: Quark Drive|[fromitem]\n|-start|p1b: Iron Bundle|quarkdrivespe\n|turn|1\n|\n|t:|1683045424\n|move|p1b: Iron Bundle|Aurora Veil|p1b: Iron Bundle\n|-sidestart|p1: itsJoJoVGC|move: Aurora Veil\n|move|p2b: Maushold|Beat Up|p2a: Whatsername\n|-damage|p2a: Whatsername|99\/100\n|-damage|p2a: Whatsername|97\/100\n|-damage|p2a: Whatsername|95\/100\n|-damage|p2a: Whatsername|92\/100\n|-hitcount|p2a: Whatsername|4\n|move|p2a: Whatsername|Drain Punch|p1b: Iron Bundle\n|-supereffective|p1b: Iron Bundle\n|-damage|p1b: Iron Bundle|65\/100\n|-heal|p2a: Whatsername|100\/100|[from] drain|[of] p1b: Iron Bundle\n|move|p1a: Abomasnow|Blizzard|p2a: Whatsername|[spread] p2a,p2b\n|-damage|p2a: Whatsername|73\/100\n|-damage|p2b: Maushold|48\/100\n|-damage|p1a: Abomasnow|91\/100|[from] item: Life Orb\n|\n|-weather|Snow|[upkeep]\n|-heal|p2a: Whatsername|79\/100|[from] item: Leftovers\n|upkeep\n|turn|2\n|inactive|Paradox Dragonite has 30 seconds left.\n|inactive|Paradox Dragonite has 20 seconds left.\n|\n|t:|1683045460\n|-terastallize|p1b: Iron Bundle|Ice\n|move|p1a: Abomasnow|Helping Hand|p1b: Iron Bundle\n|-singleturn|p1b: Iron Bundle|Helping Hand|[of] p1a: Abomasnow\n|move|p2b: Maushold|Feint|p1a: Abomasnow\n|-damage|p1a: Abomasnow|87\/100\n|move|p1b: Iron Bundle|Blizzard|p2b: Maushold|[spread] p2a,p2b\n|-damage|p2a: Whatsername|30\/100\n|-damage|p2b: Maushold|0 fnt\n|faint|p2b: Maushold\n|move|p2a: Whatsername|Rage Fist|p1b: Iron Bundle\n|-damage|p1b: Iron Bundle|0 fnt\n|faint|p1b: Iron Bundle\n|-end|p1b: Iron Bundle|Quark Drive|[silent]\n|\n|-weather|Snow|[upkeep]\n|-heal|p2a: Whatsername|36\/100|[from] item: Leftovers\n|upkeep\n|\n|t:|1683045481\n|switch|p1b: Annihilape|Annihilape, L50, M|100\/100\n|switch|p2b: Flutter Mane|Flutter Mane, L50, shiny|100\/100\n|turn|3\n|\n|t:|1683045498\n|move|p2b: Flutter Mane|Mystical Fire|p1a: Abomasnow\n|-supereffective|p1a: Abomasnow\n|-damage|p1a: Abomasnow|0 fnt\n|faint|p1a: Abomasnow\n|move|p2a: Whatsername|Rage Fist|p1b: Annihilape\n|-supereffective|p1b: Annihilape\n|-damage|p1b: Annihilape|0 fnt\n|faint|p1b: Annihilape\n|\n|-weather|Snow|[upkeep]\n|-heal|p2a: Whatsername|42\/100|[from] item: Leftovers\n|upkeep\n|\n|t:|1683045510\n|switch|p1a: Chien-Pao|Chien-Pao, L50|100\/100\n|-ability|p1a: Chien-Pao|Sword of Ruin\n|turn|4\n|\n|t:|1683045517\n|move|p2b: Flutter Mane|Mystical Fire|p1a: Chien-Pao\n|-supereffective|p1a: Chien-Pao\n|-damage|p1a: Chien-Pao|31\/100\n|-unboost|p1a: Chien-Pao|spa|1\n|-enditem|p1a: Chien-Pao|Sitrus Berry|[eat]\n|-heal|p1a: Chien-Pao|56\/100|[from] item: Sitrus Berry\n|move|p1a: Chien-Pao|Ice Spinner|p2a: Whatsername\n|-damage|p2a: Whatsername|0 fnt\n|faint|p2a: Whatsername\n|\n|-weather|Snow|[upkeep]\n|upkeep\n|\n|t:|1683045528\n|switch|p2a: Dragonite|Dragonite, L50, M|100\/100\n|turn|5\n|\n|t:|1683045535\n|move|p2a: Dragonite|Extreme Speed|p1a: Chien-Pao\n|-damage|p1a: Chien-Pao|35\/100\n|move|p1a: Chien-Pao|Sucker Punch|p2b: Flutter Mane\n|-damage|p2b: Flutter Mane|20\/100\n|move|p2b: Flutter Mane|Mystical Fire|p1a: Chien-Pao\n|-supereffective|p1a: Chien-Pao\n|-damage|p1a: Chien-Pao|0 fnt\n|faint|p1a: Chien-Pao\n|\n|win|Paradox Dragonite\n|raw|itsJoJoVGC's rating: 1140 → 1122<\/strong> (-18 for losing)\n|raw|Paradox Dragonite's rating: 1235 → 1253<\/strong> (+18 for winning)\n|l|\u2606itsJoJoVGC\n","uploadtime":1683045555,"views":20,"p1id":"itsjojovgc","p2id":"paradoxdragonite","formatid":"gen9vgc2023regulationc","rating":1122,"private":0,"password":""}