{"id":"gen9vgc2023regulationc-1855210167","p1":"Kim Wexler Gaming","p2":"Stabbington III","format":"[Gen 9] VGC 2023 Regulation C","log":"|j|\u2606Kim Wexler Gaming\n|j|\u2606Stabbington III\n|t:|1682915619\n|gametype|doubles\n|player|p1|Kim Wexler Gaming|penny|1145\n|player|p2|Stabbington III|170|1198\n|teamsize|p1|6\n|teamsize|p2|6\n|gen|9\n|tier|[Gen 9] VGC 2023 Regulation C\n|rated|\n|rule|Species Clause: Limit one of each Pok\u00e9mon\n|rule|Item Clause: Limit one of each item\n|clearpoke\n|poke|p1|Indeedee, L50, M|\n|poke|p1|Armarouge, L50, F|\n|poke|p1|Flutter Mane, L50|\n|poke|p1|Drednaw, L50, F|\n|poke|p1|Chien-Pao, L50|\n|poke|p1|Dragonite, L50, F|\n|poke|p2|Gastrodon, L50, F|\n|poke|p2|Chi-Yu, L50|\n|poke|p2|Ting-Lu, L50|\n|poke|p2|Flutter Mane, L50|\n|poke|p2|Amoonguss, L50, F|\n|poke|p2|Farigiraf, L50, M|\n|teampreview|4\n|inactive|Battle timer is ON: inactive players will automatically lose when time's up. (requested by Stabbington III)\n|inactive|Kim Wexler Gaming also wants the timer to be on.\n|\n|t:|1682915646\n|start\n|switch|p1a: Ninja Turtle!|Drednaw, L50, F, shiny|100\/100\n|switch|p1b: INFERIOR|Indeedee, L50, M|100\/100\n|switch|p2a: Jade|Chi-Yu, L50|100\/100\n|switch|p2b: FM Radio|Flutter Mane, L50|100\/100\n|-ability|p2a: Jade|Beads of Ruin\n|-fieldstart|move: Psychic Terrain|[from] ability: Psychic Surge|[of] p1b: INFERIOR\n|-enditem|p2b: FM Radio|Booster Energy\n|-activate|p2b: FM Radio|ability: Protosynthesis|[fromitem]\n|-start|p2b: FM Radio|protosynthesisspa\n|turn|1\n|c|\u2606Kim Wexler Gaming|Good luck, have fun.\n|c|\u2606Stabbington III|u2\n|inactive|Stabbington III has 30 seconds left.\n|inactive|Stabbington III has 20 seconds left.\n|\n|t:|1682915684\n|-end|p2b: FM Radio|Protosynthesis|[silent]\n|switch|p2b: Gooey|Gastrodon, L50, F|100\/100\n|move|p1b: INFERIOR|Protect|p1b: INFERIOR\n|-singleturn|p1b: INFERIOR|Protect\n|move|p2a: Jade|Heat Wave|p1b: INFERIOR|[spread] p1a\n|-activate|p1b: INFERIOR|move: Protect\n|-resisted|p1a: Ninja Turtle!\n|-damage|p1a: Ninja Turtle!|82\/100\n|move|p1a: Ninja Turtle!|Shell Smash|p1a: Ninja Turtle!\n|-unboost|p1a: Ninja Turtle!|def|1\n|-unboost|p1a: Ninja Turtle!|spd|1\n|-boost|p1a: Ninja Turtle!|atk|2\n|-boost|p1a: Ninja Turtle!|spa|2\n|-boost|p1a: Ninja Turtle!|spe|2\n|\n|upkeep\n|turn|2\n|\n|t:|1682915707\n|move|p1a: Ninja Turtle!|Rock Slide|p2a: Jade|[spread] p2a,p2b\n|-supereffective|p2a: Jade\n|-resisted|p2b: Gooey\n|-damage|p2a: Jade|0 fnt\n|-damage|p2b: Gooey|77\/100\n|faint|p2a: Jade\n|move|p1b: INFERIOR|Psyshock|p2b: Gooey\n|-damage|p2b: Gooey|29\/100\n|-damage|p1b: INFERIOR|91\/100|[from] item: Life Orb\n|move|p2b: Gooey|Clear Smog|p1a: Ninja Turtle!\n|-resisted|p1a: Ninja Turtle!\n|-damage|p1a: Ninja Turtle!|72\/100\n|-clearboost|p1a: Ninja Turtle!\n|\n|upkeep\n|\n|t:|1682915721\n|switch|p2a: FM Radio|Flutter Mane, L50|100\/100\n|turn|3\n|\n|t:|1682915735\n|-terastallize|p2a: FM Radio|Water\n|move|p2a: FM Radio|Moonblast|p1a: Ninja Turtle!\n|-damage|p1a: Ninja Turtle!|8\/100\n|move|p1b: INFERIOR|Psyshock|p2b: Gooey\n|-damage|p2b: Gooey|0 fnt\n|faint|p2b: Gooey\n|-damage|p1b: INFERIOR|82\/100|[from] item: Life Orb\n|move|p1a: Ninja Turtle!|Shell Smash|p1a: Ninja Turtle!\n|-unboost|p1a: Ninja Turtle!|def|1\n|-unboost|p1a: Ninja Turtle!|spd|1\n|-boost|p1a: Ninja Turtle!|atk|2\n|-boost|p1a: Ninja Turtle!|spa|2\n|-boost|p1a: Ninja Turtle!|spe|2\n|\n|upkeep\n|\n|t:|1682915748\n|switch|p2b: FigiF|Farigiraf, L50, M|100\/100\n|turn|4\n|\n|t:|1682915755\n|move|p1b: INFERIOR|Helping Hand|p1a: Ninja Turtle!\n|-singleturn|p1a: Ninja Turtle!|Helping Hand|[of] p1b: INFERIOR\n|move|p2a: FM Radio|Protect|p2a: FM Radio\n|-singleturn|p2a: FM Radio|Protect\n|move|p1a: Ninja Turtle!|Rock Slide|p2a: FM Radio|[spread] p2b\n|-activate|p2a: FM Radio|move: Protect\n|-damage|p2b: FigiF|6\/100\n|move|p2b: FigiF|Hyper Voice|p1a: Ninja Turtle!|[spread] p1a,p1b\n|-resisted|p1a: Ninja Turtle!\n|-damage|p1a: Ninja Turtle!|0 fnt\n|-damage|p1b: INFERIOR|25\/100\n|faint|p1a: Ninja Turtle!\n|-damage|p2b: FigiF|0 fnt|[from] item: Life Orb\n|faint|p2b: FigiF\n|\n|upkeep\n|\n|t:|1682915767\n|switch|p1a: Betrayal Upgrade|Armarouge, L50, F|100\/100\n|turn|5\n|c|\u2606Kim Wexler Gaming|G.g.w.p.\n|\n|t:|1682915779\n|-terastallize|p1a: Betrayal Upgrade|Grass\n|move|p1b: INFERIOR|Helping Hand|p1a: Betrayal Upgrade\n|-singleturn|p1a: Betrayal Upgrade|Helping Hand|[of] p1b: INFERIOR\n|move|p2a: FM Radio|Shadow Ball|p1a: Betrayal Upgrade\n|-damage|p1a: Betrayal Upgrade|48\/100\n|move|p1a: Betrayal Upgrade|Energy Ball|p2a: FM Radio\n|-supereffective|p2a: FM Radio\n|-damage|p2a: FM Radio|0 fnt\n|faint|p2a: FM Radio\n|-end|p2a: FM Radio|Protosynthesis|[silent]\n|\n|win|Kim Wexler Gaming\n|raw|Kim Wexler Gaming's rating: 1145 → 1174<\/strong> (+29 for winning)\n|raw|Stabbington III's rating: 1198 → 1169<\/strong> (-29 for losing)\n|l|\u2606Stabbington III\n","uploadtime":1682915793,"views":15,"p1id":"kimwexlergaming","p2id":"stabbingtoniii","formatid":"gen9vgc2023regulationc","rating":1169,"private":0,"password":""}