{"id":"gen9vgc2023regulationc-1856526681","p1":"kwantumvgc","p2":"LeeGengarBR","format":"[Gen 9] VGC 2023 Regulation C","log":"|j|\u2606kwantumvgc\n|j|\u2606LeeGengarBR\n|t:|1683071740\n|gametype|doubles\n|player|p1|kwantumvgc|265|1400\n|player|p2|LeeGengarBR|red|1322\n|teamsize|p1|6\n|teamsize|p2|6\n|gen|9\n|tier|[Gen 9] VGC 2023 Regulation C\n|rated|\n|rule|Species Clause: Limit one of each Pok\u00e9mon\n|rule|Item Clause: Limit one of each item\n|clearpoke\n|poke|p1|Salamence, L50, F|\n|poke|p1|Chi-Yu, L50|\n|poke|p1|Corviknight, L50, M|\n|poke|p1|Azumarill, L50, M|\n|poke|p1|Glimmora, L50, F|\n|poke|p1|Flutter Mane, L50|\n|poke|p2|Annihilape, L50, M|\n|poke|p2|Glimmora, L50, F|\n|poke|p2|Grimmsnarl, L50, M|\n|poke|p2|Chien-Pao, L50|\n|poke|p2|Gastrodon-East, L50, F|\n|poke|p2|Garganacl, L50, F|\n|teampreview|4\n|inactive|Battle timer is ON: inactive players will automatically lose when time's up. (requested by kwantumvgc)\nkwantumvgc has agreed to open team sheets.\nLeeGengarBR has agreed to open team sheets.\n|inactive|kwantumvgc has 60 seconds left.\n|inactive|LeeGengarBR has 60 seconds left.\n|\n|t:|1683071787\n|start\n|switch|p1a: Azumarill|Azumarill, L50, M|100\/100\n|switch|p1b: Glimmora|Glimmora, L50, F|100\/100\n|switch|p2a: Grimmsnarl|Grimmsnarl, L50, M, shiny|100\/100\n|switch|p2b: Garganacl|Garganacl, L50, F|100\/100\n|turn|1\n|inactive|kwantumvgc has 30 seconds left.\n|\n|t:|1683071819\n|move|p2a: Grimmsnarl|Fake Out|p1a: Azumarill\n|-damage|p1a: Azumarill|89\/100\n|move|p1b: Glimmora|Power Gem|p2b: Garganacl\n|-damage|p2b: Garganacl|66\/100\n|cant|p1a: Azumarill|flinch\n|move|p2b: Garganacl|Salt Cure|p1a: Azumarill\n|-damage|p1a: Azumarill|76\/100\n|-start|p1a: Azumarill|Salt Cure\n|\n|-heal|p2b: Garganacl|72\/100|[from] item: Leftovers\n|-damage|p1a: Azumarill|51\/100|[from] Salt Cure\n|upkeep\n|turn|2\n|\n|t:|1683071835\n|-terastallize|p2b: Garganacl|Water\n|move|p2a: Grimmsnarl|Reflect|p2a: Grimmsnarl\n|-sidestart|p2: LeeGengarBR|Reflect\n|move|p1b: Glimmora|Energy Ball|p2b: Garganacl\n|-supereffective|p2b: Garganacl\n|-damage|p2b: Garganacl|25\/100\n|move|p1a: Azumarill|Play Rough|p2a: Grimmsnarl\n|-supereffective|p2a: Grimmsnarl\n|-damage|p2a: Grimmsnarl|13\/100\n|-unboost|p2a: Grimmsnarl|atk|1\n|move|p2b: Garganacl|Stealth Rock|p1b: Glimmora\n|-sidestart|p1: kwantumvgc|move: Stealth Rock\n|\n|-heal|p2b: Garganacl|31\/100|[from] item: Leftovers\n|-damage|p1a: Azumarill|26\/100|[from] Salt Cure\n|upkeep\n|turn|3\n|\n|t:|1683071856\n|move|p2b: Garganacl|Protect|p2b: Garganacl\n|-singleturn|p2b: Garganacl|Protect\n|move|p2a: Grimmsnarl|Light Screen|p2a: Grimmsnarl\n|-sidestart|p2: LeeGengarBR|move: Light Screen\n|move|p1a: Azumarill|Aqua Jet|p2a: Grimmsnarl\n|-damage|p2a: Grimmsnarl|0 fnt\n|faint|p2a: Grimmsnarl\n|move|p1b: Glimmora|Energy Ball|p2b: Garganacl\n|-activate|p2b: Garganacl|move: Protect\n|\n|-heal|p2b: Garganacl|37\/100|[from] item: Leftovers\n|-damage|p1a: Azumarill|1\/100|[from] Salt Cure\n|upkeep\n|\n|t:|1683071867\n|switch|p2a: Chien-Pao|Chien-Pao, L50|100\/100\n|-ability|p2a: Chien-Pao|Sword of Ruin\n|turn|4\n|\n|t:|1683071883\n|switch|p2b: Annihilape|Annihilape, L50, M|100\/100\n|-terastallize|p1b: Glimmora|Grass\n|move|p2a: Chien-Pao|Sucker Punch|p1a: Azumarill\n|-resisted|p1a: Azumarill\n|-damage|p1a: Azumarill|0 fnt\n|faint|p1a: Azumarill\n|move|p1b: Glimmora|Energy Ball|p2b: Annihilape\n|-damage|p2b: Annihilape|79\/100\n|\n|upkeep\n|\n|t:|1683071896\n|switch|p1a: Flutter Mane|Flutter Mane, L50|100\/100\n|-damage|p1a: Flutter Mane|89\/100|[from] Stealth Rock\n|-enditem|p1a: Flutter Mane|Booster Energy\n|-activate|p1a: Flutter Mane|ability: Protosynthesis|[fromitem]\n|-start|p1a: Flutter Mane|protosynthesisspa\n|turn|5\n|inactive|LeeGengarBR has 30 seconds left.\n|\n|t:|1683071929\n|move|p1a: Flutter Mane|Protect|p1a: Flutter Mane\n|-singleturn|p1a: Flutter Mane|Protect\n|move|p2b: Annihilape|Protect|p2b: Annihilape\n|-singleturn|p2b: Annihilape|Protect\n|move|p2a: Chien-Pao|Ice Spinner|p1b: Glimmora\n|-supereffective|p1b: Glimmora\n|-enditem|p1b: Glimmora|Focus Sash\n|-damage|p1b: Glimmora|1\/100\n|-activate|p1b: Glimmora|ability: Toxic Debris\n|-sidestart|p2: LeeGengarBR|move: Toxic Spikes\n|move|p1b: Glimmora|Power Gem|p2a: Chien-Pao\n|-supereffective|p2a: Chien-Pao\n|-damage|p2a: Chien-Pao|2\/100\n|\n|upkeep\n|turn|6\n|inactive|kwantumvgc has 30 seconds left.\n|inactive|LeeGengarBR has 30 seconds left.\n|\n|t:|1683071958\n|move|p1b: Glimmora|Spiky Shield|p1b: Glimmora\n|-singleturn|p1b: Glimmora|move: Protect\n|move|p2a: Chien-Pao|Sucker Punch|p1a: Flutter Mane\n|-damage|p1a: Flutter Mane|18\/100\n|move|p1a: Flutter Mane|Moonblast|p2b: Annihilape\n|-supereffective|p2b: Annihilape\n|-damage|p2b: Annihilape|22\/100\n|move|p2b: Annihilape|Drain Punch|p1b: Glimmora\n|-activate|p1b: Glimmora|move: Protect\n|-damage|p2b: Annihilape|10\/100|[from] Spiky Shield|[of] p1b: Glimmora\n|\n|upkeep\n|turn|7\n|inactive|kwantumvgc has 30 seconds left.\n|inactive|kwantumvgc has 20 seconds left.\n|\n|t:|1683071996\n|move|p2a: Chien-Pao|Sucker Punch|p1b: Glimmora\n|-damage|p1b: Glimmora|0 fnt\n|-activate|p1b: Glimmora|ability: Toxic Debris\n|-sidestart|p2: LeeGengarBR|move: Toxic Spikes\n|faint|p1b: Glimmora\n|move|p1a: Flutter Mane|Dazzling Gleam|p2b: Annihilape|[spread] p2a,p2b\n|-supereffective|p2a: Chien-Pao\n|-supereffective|p2b: Annihilape\n|-damage|p2a: Chien-Pao|0 fnt\n|-damage|p2b: Annihilape|0 fnt\n|faint|p2a: Chien-Pao\n|faint|p2b: Annihilape\n|\n|upkeep\n|\n|t:|1683072009\n|switch|p1b: Chi-Yu|Chi-Yu, L50|100\/100\n|switch|p2b: Garganacl|Garganacl, L50, F, tera:Water|37\/100\n|-damage|p1b: Chi-Yu|76\/100|[from] Stealth Rock\n|-ability|p1b: Chi-Yu|Beads of Ruin\n|turn|8\n|\n|t:|1683072020\n|move|p1a: Flutter Mane|Moonblast|p2b: Garganacl\n|-damage|p2b: Garganacl|1\/100\n|move|p1b: Chi-Yu|Dark Pulse|p2b: Garganacl\n|-damage|p2b: Garganacl|0 fnt\n|faint|p2b: Garganacl\n|-damage|p1b: Chi-Yu|66\/100|[from] item: Life Orb\n|\n|win|kwantumvgc\n|raw|kwantumvgc's rating: 1400 → 1416<\/strong> (+16 for winning)\n|raw|LeeGengarBR's rating: 1322 → 1306<\/strong> (-16 for losing)\n|l|\u2606LeeGengarBR\n","uploadtime":1683072029,"views":10,"p1id":"kwantumvgc","p2id":"leegengarbr","formatid":"gen9vgc2023regulationc","rating":1306,"private":0,"password":""}