{"id":"gen9vgc2023regulationc-1856172014","p1":"zarderino","p2":"SilverrorT","format":"[Gen 9] VGC 2023 Regulation C","log":"|j|\u2606zarderino\n|j|\u2606SilverrorT\n|t:|1683037388\n|gametype|doubles\n|player|p1|zarderino|kimonogirl|1427\n|player|p2|SilverrorT|101|1395\n|teamsize|p1|6\n|teamsize|p2|6\n|gen|9\n|tier|[Gen 9] VGC 2023 Regulation C\n|rated|\n|rule|Species Clause: Limit one of each Pok\u00e9mon\n|rule|Item Clause: Limit one of each item\n|clearpoke\n|poke|p1|Annihilape, L50, M|\n|poke|p1|Maushold-Four, L50|\n|poke|p1|Azumarill, L50, F|\n|poke|p1|Amoonguss, L50, F|\n|poke|p1|Chien-Pao, L50|\n|poke|p1|Dragonite, L50, M|\n|poke|p2|Tatsugiri, L50, F|\n|poke|p2|Dondozo, L50, F|\n|poke|p2|Dragonite, L50, F|\n|poke|p2|Chien-Pao, L50|\n|poke|p2|Great Tusk, L50|\n|poke|p2|Talonflame, L50, M|\n|teampreview|4\n|\n|t:|1683037419\n|start\n|switch|p1a: Azumarill|Azumarill, L50, F|100\/100\n|switch|p1b: Annihilape|Annihilape, L50, M|100\/100\n|switch|p2a: Tatsugiri|Tatsugiri, L50, F|100\/100\n|switch|p2b: Dondozo|Dondozo, L50, F|100\/100\n|-activate|p2a: Tatsugiri|ability: Commander|[of] p2b: Dondozo\n|-boost|p2b: Dondozo|atk|2\n|-boost|p2b: Dondozo|spa|2\n|-boost|p2b: Dondozo|spe|2\n|-boost|p2b: Dondozo|def|2\n|-boost|p2b: Dondozo|spd|2\n|turn|1\n|inactive|Battle timer is ON: inactive players will automatically lose when time's up. (requested by SilverrorT)\n|\n|t:|1683037443\n|switch|p1a: Chien-Pao|Chien-Pao, L50|100\/100\n|-ability|p1a: Chien-Pao|Sword of Ruin\n|-terastallize|p2b: Dondozo|Grass\n|move|p1b: Annihilape|Protect|p1b: Annihilape\n|-singleturn|p1b: Annihilape|Protect\n|move|p2b: Dondozo|Tera Blast|p1a: Chien-Pao\n|-damage|p1a: Chien-Pao|11\/100\n|\n|upkeep\n|turn|2\n|inactive|zarderino has 30 seconds left.\n|\n|t:|1683037474\n|move|p1a: Chien-Pao|Haze|p1a: Chien-Pao\n|-clearallboost\n|move|p1b: Annihilape|Bulk Up|p1b: Annihilape\n|-boost|p1b: Annihilape|atk|1\n|-boost|p1b: Annihilape|def|1\n|move|p2b: Dondozo|Earthquake|p1b: Annihilape|[spread] p1a,p1b\n|-miss|p2b: Dondozo|p2a: Tatsugiri\n|-damage|p1a: Chien-Pao|0 fnt\n|-damage|p1b: Annihilape|81\/100\n|faint|p1a: Chien-Pao\n|\n|-heal|p1b: Annihilape|87\/100|[from] item: Leftovers\n|upkeep\n|\n|t:|1683037500\n|switch|p1a: Amoonguss|Amoonguss, L50, F|100\/100\n|turn|3\n|\n|t:|1683037510\n|move|p1b: Annihilape|Rage Fist|p2b: Dondozo\n|-damage|p2b: Dondozo|55\/100\n|move|p2b: Dondozo|Order Up|p1b: Annihilape\n|-crit|p1b: Annihilape\n|-damage|p1b: Annihilape|50\/100\n|-boost|p2b: Dondozo|atk|1\n|move|p1a: Amoonguss|Clear Smog|p2b: Dondozo\n|-supereffective|p2b: Dondozo\n|-damage|p2b: Dondozo|21\/100\n|-clearboost|p2b: Dondozo\n|\n|-heal|p1b: Annihilape|56\/100|[from] item: Leftovers\n|-heal|p2b: Dondozo|27\/100|[from] item: Leftovers\n|upkeep\n|turn|4\n|inactive|zarderino has 30 seconds left.\n|\n|t:|1683037537\n|move|p1b: Annihilape|Bulk Up|p1b: Annihilape\n|-boost|p1b: Annihilape|atk|1\n|-boost|p1b: Annihilape|def|1\n|move|p2b: Dondozo|Order Up|p1b: Annihilape\n|-damage|p1b: Annihilape|46\/100\n|-boost|p2b: Dondozo|atk|1\n|move|p1a: Amoonguss|Pollen Puff|p1b: Annihilape\n|-heal|p1b: Annihilape|95\/100\n|\n|-heal|p1b: Annihilape|100\/100|[from] item: Leftovers\n|-heal|p2b: Dondozo|33\/100|[from] item: Leftovers\n|upkeep\n|turn|5\n|\n|t:|1683037558\n|move|p1b: Annihilape|Rage Fist|p2b: Dondozo\n|-damage|p2b: Dondozo|0 fnt\n|faint|p2b: Dondozo\n|move|p1a: Amoonguss|Spore|p2a: Tatsugiri\n|-status|p2a: Tatsugiri|slp|[from] move: Spore\n|\n|upkeep\n|\n|t:|1683037567\n|switch|p2b: Chien-Pao|Chien-Pao, L50|100\/100\n|-ability|p2b: Chien-Pao|Sword of Ruin\n|turn|6\n|\n|t:|1683037589\n|switch|p1a: Azumarill|Azumarill, L50, F|100\/100\n|cant|p2a: Tatsugiri|slp\n|move|p2b: Chien-Pao|Ice Spinner|p1a: Azumarill\n|-resisted|p1a: Azumarill\n|-crit|p1a: Azumarill\n|-damage|p1a: Azumarill|62\/100\n|move|p1b: Annihilape|Rage Fist|p2a: Tatsugiri\n|-damage|p2a: Tatsugiri|0 fnt\n|faint|p2a: Tatsugiri\n|\n|upkeep\n|\n|t:|1683037600\n|switch|p2a: Great Tusk|Great Tusk, L50|100\/100\n|turn|7\n|\n|t:|1683037620\n|move|p1a: Azumarill|Aqua Jet|p2a: Great Tusk\n|-supereffective|p2a: Great Tusk\n|-damage|p2a: Great Tusk|51\/100\n|move|p2b: Chien-Pao|Ice Spinner|p1b: Annihilape\n|-damage|p1b: Annihilape|74\/100\n|move|p1b: Annihilape|Rage Fist|p2a: Great Tusk\n|-damage|p2a: Great Tusk|0 fnt\n|faint|p2a: Great Tusk\n|-end|p2a: Great Tusk|Protosynthesis|[silent]\n|\n|-heal|p1b: Annihilape|80\/100|[from] item: Leftovers\n|upkeep\n|turn|8\n|-message|SilverrorT forfeited.\n|\n|win|zarderino\n|raw|zarderino's rating: 1427 → 1445<\/strong> (+18 for winning)\n|raw|SilverrorT's rating: 1395 → 1377<\/strong> (-18 for losing)\n|l|\u2606SilverrorT\n","uploadtime":1683037639,"views":6,"p1id":"zarderino","p2id":"silverrort","formatid":"gen9vgc2023regulationc","rating":1377,"private":0,"password":""}