{"id":"gen9vgc2023regulationc-1857333579","p1":"Dorse on the Lorse","p2":"jacob weedson","format":"[Gen 9] VGC 2023 Regulation C","log":"|j|\u2606Dorse on the Lorse\n|j|\u2606jacob weedson\n|t:|1683174999\n|gametype|doubles\n|player|p1|Dorse on the Lorse|adaman|\n|player|p2|jacob weedson|crasherwake|\n|teamsize|p1|6\n|teamsize|p2|6\n|gen|9\n|tier|[Gen 9] VGC 2023 Regulation C\n|rated|Tournament battle\n|rule|Species Clause: Limit one of each Pok\u00e9mon\n|rule|Item Clause: Limit one of each item\n|clearpoke\n|poke|p1|Bronzong, L50|\n|poke|p1|Ting-Lu, L50|\n|poke|p1|Iron Hands, L50|\n|poke|p1|Farigiraf, L50, F|\n|poke|p1|Wo-Chien, L50|\n|poke|p1|Glimmora, L50, F|\n|poke|p2|Tyranitar, L50, F|\n|poke|p2|Scream Tail, L50|\n|poke|p2|Gyarados, L50, M|\n|poke|p2|Ting-Lu, L50|\n|poke|p2|Orthworm, L50, F|\n|poke|p2|Flutter Mane, L50|\n|teampreview|4\n|raw| Open Team Sheet for Dorse on the Lorse<\/summary>Bronzong @ Safety Goggles Ability: Levitate Level: 50 Tera Type: Fire - Gyro Ball - Ice Spinner - Trick Room - Safeguard Ting-Lu @ Weakness Policy Ability: Vessel of Ruin Level: 50 Tera Type: Grass - Earthquake - Rock Slide - Protect - Throat Chop Iron Hands @ Sitrus Berry Ability: Quark Drive Level: 50 Tera Type: Grass - Swords Dance - Drain Punch - Wild Charge - Protect Farigiraf @ Life Orb Ability: Armor Tail Level: 50 Tera Type: Grass - Hyper Voice - Psychic - Trick Room - Protect Wo-Chien @ Leftovers Ability: Tablets of Ruin Level: 50 Tera Type: Fairy - Leech Seed - Ruination - Giga Drain - Pollen Puff Glimmora @ Focus Sash Ability: Toxic Debris Level: 50 Tera Type: Grass - Spiky Shield - Sludge Bomb - Power Gem - Mortal Spin <\/details><\/div> Open Team Sheet for jacob weedson<\/summary>Tyranitar @ Choice Scarf Ability: Sand Stream Level: 50 Shiny: Yes Tera Type: Flying - Rock Slide - Tera Blast - Assurance - Bulldoze Scream Tail @ Booster Energy Ability: Protosynthesis Level: 50 Tera Type: Steel - Howl - Play Rough - Thunder Wave - Protect Gyarados @ Lum Berry Ability: Intimidate Level: 50 Shiny: Yes Tera Type: Ground - Waterfall - Earthquake - Dragon Dance - Protect Ting-Lu @ Leftovers Ability: Vessel of Ruin Level: 50 Tera Type: Grass - Earthquake - Stomping Tantrum - Ruination - Protect Orthworm @ Sitrus Berry Ability: Earth Eater Level: 50 Tera Type: Fire - Shed Tail - Iron Defense - Heavy Slam - Body Press Flutter Mane @ Choice Specs Ability: Protosynthesis Level: 50 Tera Type: Fairy - Moonblast - Dazzling Gleam - Hex - Mystical Fire <\/details><\/div>\n|inactive|Battle timer is ON: inactive players will automatically lose when time's up. (requested by Dorse on the Lorse)\n|j| thatrandomkid1\n|l| thatrandomkid1\n|inactive|Dorse on the Lorse has 60 seconds left.\n|inactive|jacob weedson has 60 seconds left.\n|inactive|Dorse on the Lorse has 30 seconds left.\n|inactive|jacob weedson has 30 seconds left.\n|inactive|Dorse on the Lorse has 20 seconds left.\n|inactive|jacob weedson has 20 seconds left.\n|inactive|Dorse on the Lorse has 15 seconds left.\n|inactive|jacob weedson has 15 seconds left.\n|\n|t:|1683175078\n|start\n|switch|p1a: Bronzong|Bronzong, L50|100\/100\n|switch|p1b: Iron Hands|Iron Hands, L50|100\/100\n|switch|p2a: Scream Tail|Scream Tail, L50|100\/100\n|switch|p2b: Flutter Mane|Flutter Mane, L50|100\/100\n|-enditem|p2a: Scream Tail|Booster Energy\n|-activate|p2a: Scream Tail|ability: Protosynthesis|[fromitem]\n|-start|p2a: Scream Tail|protosynthesisspe\n|turn|1\n|\n|t:|1683175103\n|-terastallize|p1a: Bronzong|Fire\n|move|p1b: Iron Hands|Protect|p1b: Iron Hands\n|-singleturn|p1b: Iron Hands|Protect\n|move|p2a: Scream Tail|Thunder Wave|p1a: Bronzong\n|-status|p1a: Bronzong|par\n|move|p2b: Flutter Mane|Hex|p1a: Bronzong\n|-damage|p1a: Bronzong|38\/100 par\n|cant|p1a: Bronzong|par\n|\n|upkeep\n|turn|2\n|\n|t:|1683175122\n|switch|p1a: Farigiraf|Farigiraf, L50, F|100\/100\n|move|p2a: Scream Tail|Play Rough|p1b: Iron Hands\n|-supereffective|p1b: Iron Hands\n|-damage|p1b: Iron Hands|63\/100\n|-unboost|p1b: Iron Hands|atk|1\n|move|p2b: Flutter Mane|Hex|p1a: Farigiraf\n|-immune|p1a: Farigiraf\n|move|p1b: Iron Hands|Swords Dance|p1b: Iron Hands\n|-boost|p1b: Iron Hands|atk|2\n|\n|upkeep\n|turn|3\n|inactive|jacob weedson has 30 seconds left.\n|j| Adwf194\n|inactive|Dorse on the Lorse has 30 seconds left.\n|\n|t:|1683175161\n|-end|p2b: Flutter Mane|Protosynthesis|[silent]\n|switch|p2b: Orthworm|Orthworm, L50, F|100\/100\n|move|p2a: Scream Tail|Play Rough|p1b: Iron Hands|[miss]\n|-miss|p2a: Scream Tail|p1b: Iron Hands\n|move|p1b: Iron Hands|Drain Punch|p2b: Orthworm\n|-supereffective|p2b: Orthworm\n|-damage|p2b: Orthworm|1\/100\n|-heal|p1b: Iron Hands|100\/100|[from] drain|[of] p2b: Orthworm\n|-enditem|p2b: Orthworm|Sitrus Berry|[eat]\n|-heal|p2b: Orthworm|26\/100|[from] item: Sitrus Berry\n|move|p1a: Farigiraf|Trick Room|p1a: Farigiraf\n|-fieldstart|move: Trick Room|[of] p1a: Farigiraf\n|\n|upkeep\n|turn|4\n|inactive|jacob weedson has 30 seconds left.\n|\n|t:|1683175187\n|switch|p2b: Gyarados|Gyarados, L50, M, shiny|100\/100\n|-ability|p2b: Gyarados|Intimidate|boost\n|-unboost|p1a: Farigiraf|atk|1\n|-unboost|p1b: Iron Hands|atk|1\n|move|p1b: Iron Hands|Swords Dance|p1b: Iron Hands\n|-boost|p1b: Iron Hands|atk|2\n|move|p1a: Farigiraf|Hyper Voice|p2a: Scream Tail|[spread] p2a,p2b\n|-damage|p2a: Scream Tail|69\/100\n|-damage|p2b: Gyarados|56\/100\n|-damage|p1a: Farigiraf|91\/100|[from] item: Life Orb\n|move|p2a: Scream Tail|Play Rough|p1b: Iron Hands\n|-supereffective|p1b: Iron Hands\n|-damage|p1b: Iron Hands|66\/100\n|\n|upkeep\n|turn|5\n|\n|t:|1683175203\n|move|p2b: Gyarados|Protect|p2b: Gyarados\n|-singleturn|p2b: Gyarados|Protect\n|move|p1b: Iron Hands|Wild Charge|p2a: Scream Tail\n|-damage|p2a: Scream Tail|0 fnt\n|faint|p2a: Scream Tail\n|-end|p2a: Scream Tail|Protosynthesis|[silent]\n|-damage|p1b: Iron Hands|49\/100|[from] Recoil\n|-enditem|p1b: Iron Hands|Sitrus Berry|[eat]\n|-heal|p1b: Iron Hands|74\/100|[from] item: Sitrus Berry\n|move|p1a: Farigiraf|Psychic|p2b: Gyarados\n|-activate|p2b: Gyarados|move: Protect\n|\n|upkeep\n|\n|t:|1683175216\n|switch|p2a: Flutter Mane|Flutter Mane, L50|100\/100\n|turn|6\n|inactive|jacob weedson has 30 seconds left.\n|\n|t:|1683175247\n|move|p1b: Iron Hands|Wild Charge|p2a: Flutter Mane\n|-damage|p2a: Flutter Mane|0 fnt\n|faint|p2a: Flutter Mane\n|-end|p2a: Flutter Mane|Protosynthesis|[silent]\n|-damage|p1b: Iron Hands|58\/100|[from] Recoil\n|move|p1a: Farigiraf|Psychic|p2b: Gyarados\n|-damage|p2b: Gyarados|2\/100\n|-damage|p1a: Farigiraf|81\/100|[from] item: Life Orb\n|move|p2b: Gyarados|Dragon Dance|p2b: Gyarados\n|-boost|p2b: Gyarados|atk|1\n|-boost|p2b: Gyarados|spe|1\n|\n|upkeep\n|\n|t:|1683175253\n|switch|p2a: Orthworm|Orthworm, L50, F|26\/100\n|turn|7\n|\n|t:|1683175267\n|move|p2b: Gyarados|Protect|p2b: Gyarados\n|-singleturn|p2b: Gyarados|Protect\n|move|p1b: Iron Hands|Drain Punch|p2a: Orthworm\n|-supereffective|p2a: Orthworm\n|-damage|p2a: Orthworm|0 fnt\n|-heal|p1b: Iron Hands|68\/100|[from] drain|[of] p2a: Orthworm\n|faint|p2a: Orthworm\n|move|p1a: Farigiraf|Psychic|p2b: Gyarados\n|-activate|p2b: Gyarados|move: Protect\n|\n|-fieldend|move: Trick Room\n|upkeep\n|turn|8\n|\n|t:|1683175280\n|-end|p1b: Iron Hands|Quark Drive|[silent]\n|switch|p1b: Wo-Chien|Wo-Chien, L50|100\/100\n|-ability|p1b: Wo-Chien|Tablets of Ruin\n|-terastallize|p2b: Gyarados|Ground\n|move|p2b: Gyarados|Earthquake|p1b: Wo-Chien|[spread] p1a,p1b\n|-resisted|p1b: Wo-Chien\n|-damage|p1a: Farigiraf|44\/100\n|-damage|p1b: Wo-Chien|84\/100\n|move|p1a: Farigiraf|Trick Room|p1a: Farigiraf\n|-fieldstart|move: Trick Room|[of] p1a: Farigiraf\n|\n|-heal|p1b: Wo-Chien|91\/100|[from] item: Leftovers\n|upkeep\n|turn|9\n|c|\u2606jacob weedson|gg\n|-message|jacob weedson forfeited.\n|\n|win|Dorse on the Lorse\n|n|\u2606Dorse on the Lorse|dorseonthelorse\n|n|\u2606jacob weedson|jacobweedson\n|n| Adwf194|adwf194\n|l|\u2606jacob weedson\n|c|\u2606Dorse on the Lorse|gg\n","uploadtime":1683175300,"views":5,"p1id":"dorseonthelorse","p2id":"jacobweedson","formatid":"gen9vgc2023regulationc","rating":0,"private":0,"password":""}