{"id":"gen9vgc2023regulationc-1846731827","p1":"Kohbalt","p2":"Jember","format":"[Gen 9] VGC 2023 Regulation C","log":"|j|\u2606Kohbalt\n|j|\u2606Jember\n|t:|1681871389\n|gametype|doubles\n|player|p1|Kohbalt|steven|1170\n|player|p2|Jember|169|1251\n|teamsize|p1|6\n|teamsize|p2|6\n|gen|9\n|tier|[Gen 9] VGC 2023 Regulation C\n|rated|\n|rule|Species Clause: Limit one of each Pok\u00e9mon\n|rule|Item Clause: Limit one of each item\n|clearpoke\n|poke|p1|Flutter Mane, L50|\n|poke|p1|Palafin, L50, M|\n|poke|p1|Amoonguss, L50, M|\n|poke|p1|Arcanine, L50, F|\n|poke|p1|Chi-Yu, L50|\n|poke|p1|Glimmora, L50, F|\n|poke|p2|Meowscarada, L50, F|\n|poke|p2|Great Tusk, L50|\n|poke|p2|Flutter Mane, L50|\n|poke|p2|Iron Bundle, L50|\n|poke|p2|Dragonite, L50, M|\n|poke|p2|Arcanine, L50, F|\n|teampreview|4\n|inactive|Battle timer is ON: inactive players will automatically lose when time's up. (requested by Jember)\nJember rejected open team sheets.\n|l|\u2606Jember\n|inactive|Jember disconnected and has a minute to reconnect!\n|player|p2|\n|inactive|Kohbalt has 60 seconds left.\n|\n|t:|1681871425\n|start\n|switch|p1a: Palafin|Palafin, L50, M, shiny|100\/100\n|switch|p1b: Flutter Mane|Flutter Mane, L50|100\/100\n|switch|p2a: Iron Bundle|Iron Bundle, L50|100\/100\n|switch|p2b: Great Tusk|Great Tusk, L50|100\/100\n|-enditem|p2a: Iron Bundle|Booster Energy\n|-activate|p2a: Iron Bundle|ability: Quark Drive|[fromitem]\n|-start|p2a: Iron Bundle|quarkdrivespe\n|turn|1\n|j|\u2606Jember\n|inactive|Jember reconnected and has 55 seconds left.\n|player|p2|Jember|169\n|inactive|Kohbalt has 30 seconds left.\n|\n|t:|1681871456\n|move|p1a: Palafin|Protect|p1a: Palafin\n|-singleturn|p1a: Palafin|Protect\n|move|p2a: Iron Bundle|Freeze-Dry|p1a: Palafin\n|-activate|p1a: Palafin|move: Protect\n|move|p2b: Great Tusk|Headlong Rush|p1b: Flutter Mane\n|-damage|p1b: Flutter Mane|5\/100\n|-unboost|p2b: Great Tusk|def|1\n|-unboost|p2b: Great Tusk|spd|1\n|move|p1b: Flutter Mane|Thunderbolt|p2a: Iron Bundle\n|-supereffective|p2a: Iron Bundle\n|-damage|p2a: Iron Bundle|0 fnt\n|faint|p2a: Iron Bundle\n|-end|p2a: Iron Bundle|Quark Drive|[silent]\n|\n|upkeep\n|\n|t:|1681871464\n|switch|p2a: Flutter Mane|Flutter Mane, L50|100\/100\n|turn|2\n|inactive|Jember has 30 seconds left.\n|\n|t:|1681871497\n|detailschange|p1a: Palafin|Palafin-Hero, L50, M, shiny\n|switch|p1a: Glimmora|Glimmora, L50, F, shiny|100\/100\n|move|p2b: Great Tusk|Headlong Rush|p1b: Flutter Mane\n|-damage|p1b: Flutter Mane|0 fnt\n|-unboost|p2b: Great Tusk|def|1\n|-unboost|p2b: Great Tusk|spd|1\n|faint|p1b: Flutter Mane\n|-end|p1b: Flutter Mane|Protosynthesis|[silent]\n|move|p2a: Flutter Mane|Power Gem|p1a: Glimmora\n|-damage|p1a: Glimmora|75\/100\n|\n|upkeep\n|\n|t:|1681871511\n|switch|p1b: Palafin|Palafin-Hero, L50, M, shiny|100\/100\n|-activate|p1b: Palafin|ability: Zero to Hero\n|turn|3\n|\n|t:|1681871525\n|-end|p2a: Flutter Mane|Protosynthesis|[silent]\n|switch|p2a: Dragonite|Dragonite, L50, M|100\/100\n|-terastallize|p2b: Great Tusk|Steel\n|move|p1b: Palafin|Jet Punch|p2b: Great Tusk\n|-crit|p2b: Great Tusk\n|-damage|p2b: Great Tusk|0 fnt\n|faint|p2b: Great Tusk\n|-end|p2b: Great Tusk|Protosynthesis|[silent]\n|move|p1a: Glimmora|Mortal Spin|p2a: Dragonite\n|-damage|p2a: Dragonite|97\/100\n|-status|p2a: Dragonite|psn\n|-enditem|p2a: Dragonite|Lum Berry|[eat]\n|-curestatus|p2a: Dragonite|psn|[msg]\n|\n|upkeep\n|\n|t:|1681871532\n|switch|p2b: Flutter Mane|Flutter Mane, L50|100\/100\n|turn|4\n|\n|t:|1681871553\n|move|p2a: Dragonite|Extreme Speed|p1b: Palafin\n|-damage|p1b: Palafin|73\/100\n|move|p1b: Palafin|Jet Punch|p2b: Flutter Mane\n|-crit|p2b: Flutter Mane\n|-damage|p2b: Flutter Mane|0 fnt\n|faint|p2b: Flutter Mane\n|-end|p2b: Flutter Mane|Protosynthesis|[silent]\n|move|p1a: Glimmora|Mortal Spin|p2a: Dragonite\n|-damage|p2a: Dragonite|91\/100\n|-status|p2a: Dragonite|psn\n|\n|-damage|p2a: Dragonite|78\/100 psn|[from] psn\n|upkeep\n|turn|5\n|-message|Jember forfeited.\n|\n|win|Kohbalt\n|raw|Kohbalt's rating: 1170 → 1201<\/strong> (+31 for winning)\n|raw|Jember's rating: 1251 → 1220<\/strong> (-31 for losing)\n|l|\u2606Jember\n","uploadtime":1681871573,"views":17,"p1id":"kohbalt","p2id":"jember","formatid":"gen9vgc2023regulationc","rating":1201,"private":0,"password":""}