{"id":"gen9vgc2023regulationc-1852974775","p1":"Terry kloak","p2":"Gholdjunge","format":"[Gen 9] VGC 2023 Regulation C","log":"|j|\u2606Terry kloak\n|j|\u2606Gholdjunge\n|t:|1682622065\n|gametype|doubles\n|player|p1|Terry kloak|gentleman-gen4|1571\n|player|p2|Gholdjunge|youngster-gen2|1554\n|teamsize|p1|6\n|teamsize|p2|6\n|gen|9\n|tier|[Gen 9] VGC 2023 Regulation C\n|rated|\n|rule|Species Clause: Limit one of each Pok\u00e9mon\n|rule|Item Clause: Limit one of each item\n|clearpoke\n|poke|p1|Ceruledge, L50, M|\n|poke|p1|Orthworm, L50, F|\n|poke|p1|Ting-Lu, L50|\n|poke|p1|Dragonite, L50, M|\n|poke|p1|Iron Bundle, L50|\n|poke|p1|Gyarados, L50, M|\n|poke|p2|Azumarill, L50, F|\n|poke|p2|Pelipper, L50, F|\n|poke|p2|Chien-Pao, L50|\n|poke|p2|Amoonguss, L50, F|\n|poke|p2|Iron Hands, L50|\n|poke|p2|Flutter Mane, L50|\n|teampreview|4\n|j| RoderickVE\n|j| Braindeadmeta\n|inactive|Battle timer is ON: inactive players will automatically lose when time's up. (requested by Terry kloak)\nTerry kloak has agreed to open team sheets.\n|inactive|Gholdjunge has 60 seconds left.\n|j| Faboss16\n|j| Donnerfuss\n|inactive|Gholdjunge has 30 seconds left.\n|\n|t:|1682622194\n|start\n|switch|p1a: Gyarados|Gyarados, L50, M|100\/100\n|switch|p1b: Orthworm|Orthworm, L50, F|100\/100\n|switch|p2a: Azumarill|Azumarill, L50, F|100\/100\n|switch|p2b: Flutter Mane|Flutter Mane, L50|100\/100\n|-ability|p1a: Gyarados|Intimidate|boost\n|-unboost|p2a: Azumarill|atk|1\n|-unboost|p2b: Flutter Mane|atk|1\n|turn|1\n|\n|t:|1682622207\n|-terastallize|p2a: Azumarill|Water\n|move|p2a: Azumarill|Aqua Jet|p1b: Orthworm\n|-damage|p1b: Orthworm|86\/100\n|move|p2b: Flutter Mane|Shadow Ball|p1b: Orthworm\n|-damage|p1b: Orthworm|5\/100\n|-enditem|p1b: Orthworm|Sitrus Berry|[eat]\n|-heal|p1b: Orthworm|30\/100|[from] item: Sitrus Berry\n|move|p1a: Gyarados|Earthquake|p2a: Azumarill|[spread] p2a,p2b\n|-heal|p1b: Orthworm|55\/100|[from] ability: Earth Eater|[of] p1a: Gyarados\n|-damage|p2a: Azumarill|75\/100\n|-damage|p2b: Flutter Mane|71\/100\n|move|p1b: Orthworm|Shed Tail|p1b: Orthworm\n|-start|p1b: Orthworm|Substitute|[from] move: Shed Tail\n|-damage|p1b: Orthworm|5\/100\n|c|\u2606Gholdjunge|gg\n|\n|t:|1682622228\n|switch|p1b: Iron Bundle|Iron Bundle, L50|100\/100|[from] Shed Tail\n|-enditem|p1b: Iron Bundle|Booster Energy\n|-activate|p1b: Iron Bundle|ability: Quark Drive|[fromitem]\n|-start|p1b: Iron Bundle|quarkdrivespe\n|\n|upkeep\n|turn|2\n|inactive|Gholdjunge has 30 seconds left.\n|inactive|Gholdjunge has 20 seconds left.\n|\n|t:|1682622267\n|move|p1b: Iron Bundle|Protect|p1b: Iron Bundle\n|-singleturn|p1b: Iron Bundle|Protect\n|move|p2a: Azumarill|Protect|p2a: Azumarill\n|-singleturn|p2a: Azumarill|Protect\n|move|p2b: Flutter Mane|Shadow Ball|p1b: Iron Bundle\n|-activate|p1b: Iron Bundle|move: Protect\n|move|p1a: Gyarados|Waterfall|p2b: Flutter Mane\n|-damage|p2b: Flutter Mane|17\/100\n|\n|upkeep\n|turn|3\n|c|\u2606Gholdjunge|gfgf\n|c|\u2606Gholdjunge|fdsgdjidgd\n|\n|t:|1682622288\n|-end|p2b: Flutter Mane|Protosynthesis|[silent]\n|switch|p2b: Iron Hands|Iron Hands, L50|100\/100\n|move|p2a: Azumarill|Aqua Jet|p1b: Iron Bundle\n|-resisted|p1b: Iron Bundle\n|-activate|p1b: Iron Bundle|move: Substitute|[damage]\n|move|p1b: Iron Bundle|Freeze-Dry|p2b: Iron Hands\n|-damage|p2b: Iron Hands|71\/100\n|move|p1a: Gyarados|Thunder Wave|p2a: Azumarill\n|-status|p2a: Azumarill|par\n|-enditem|p2a: Azumarill|Lum Berry|[eat]\n|-curestatus|p2a: Azumarill|par|[msg]\n|\n|upkeep\n|turn|4\n|inactive|Gholdjunge has 30 seconds left.\n|inactive|Terry kloak has 30 seconds left.\n|inactive|Gholdjunge has 20 seconds left.\n|inactive|Gholdjunge has 15 seconds left.\n|\n|t:|1682622330\n|-terastallize|p1a: Gyarados|Ground\n|move|p1b: Iron Bundle|Protect|p1b: Iron Bundle\n|-singleturn|p1b: Iron Bundle|Protect\n|move|p2a: Azumarill|Aqua Jet|p1b: Iron Bundle\n|-activate|p1b: Iron Bundle|move: Protect\n|move|p1a: Gyarados|Earthquake|p2b: Iron Hands|[spread] p2a,p2b\n|-activate|p1b: Iron Bundle|move: Protect\n|-supereffective|p2b: Iron Hands\n|-damage|p2a: Azumarill|39\/100\n|-damage|p2b: Iron Hands|31\/100\n|move|p2b: Iron Hands|Wild Charge|p1b: Iron Bundle\n|-activate|p1b: Iron Bundle|move: Protect\n|\n|upkeep\n|turn|5\n|c|\u2606Gholdjunge|i hate my life\n|inactive|Terry kloak has 30 seconds left.\n|inactive|Gholdjunge has 30 seconds left.\n|\n|t:|1682622363\n|move|p2b: Iron Hands|Detect|p2b: Iron Hands\n|-singleturn|p2b: Iron Hands|Protect\n|move|p2a: Azumarill|Aqua Jet|p1b: Iron Bundle\n|-resisted|p1b: Iron Bundle\n|-activate|p1b: Iron Bundle|move: Substitute|[damage]\n|move|p1b: Iron Bundle|Freeze-Dry|p2a: Azumarill\n|-supereffective|p2a: Azumarill\n|-damage|p2a: Azumarill|0 fnt\n|faint|p2a: Azumarill\n|move|p1a: Gyarados|Waterfall|p2b: Iron Hands\n|-activate|p2b: Iron Hands|move: Protect\n|\n|upkeep\n|c| Donnerfuss|er liest dich wie ein Buch , junge xD+\n|c|\u2606Gholdjunge|wer bistn du junge\n|inactive|Gholdjunge has 30 seconds left.\n|inactive|Gholdjunge has 20 seconds left.\n|inactive|Gholdjunge has 15 seconds left.\n|-message|Gholdjunge forfeited.\n|\n|win|Terry kloak\n|raw|Terry kloak's rating: 1571 → 1590<\/strong> (+19 for winning)\n|raw|Gholdjunge's rating: 1554 → 1535<\/strong> (-19 for losing)\n|c| Faboss16|donnerfuss sagt ez 1v1\n|l| Braindeadmeta\n|l|\u2606Terry kloak\n|c|\u2606Gholdjunge|verpisst euch ihr affen\n|l|\u2606Gholdjunge\n|l| Faboss16\n|c| Donnerfuss|nana\n|l| RoderickVE\n|l| Donnerfuss\n|j|\u2606Gholdjunge\n|player|p2|Gholdjunge|youngster-gen2\n","uploadtime":1682622428,"views":15,"p1id":"terrykloak","p2id":"gholdjunge","formatid":"gen9vgc2023regulationc","rating":1535,"private":0,"password":""}