{"id":"gen9vgc2023regulationc-1854992690","p1":"SlyAbby","p2":"Tyruntula","format":"[Gen 9] VGC 2023 Regulation C","log":"|j|\u2606SlyAbby\n|j|\u2606Tyruntula\n|t:|1682888697\n|gametype|doubles\n|player|p1|SlyAbby|skyla|1441\n|player|p2|Tyruntula|crasherwake|1466\n|teamsize|p1|6\n|teamsize|p2|6\n|gen|9\n|tier|[Gen 9] VGC 2023 Regulation C\n|rated|\n|rule|Species Clause: Limit one of each Pok\u00e9mon\n|rule|Item Clause: Limit one of each item\n|clearpoke\n|poke|p1|Corviknight, L50, F|\n|poke|p1|Rotom-Wash, L50|\n|poke|p1|Ting-Lu, L50|\n|poke|p1|Palafin, L50, F|\n|poke|p1|Amoonguss, L50, F|\n|poke|p1|Chien-Pao, L50|\n|poke|p2|Amoonguss, L50, F|\n|poke|p2|Flutter Mane, L50|\n|poke|p2|Iron Hands, L50|\n|poke|p2|Volcarona, L50, F|\n|poke|p2|Gyarados, L50, M|\n|poke|p2|Baxcalibur, L50, F|\n|teampreview|4\n|inactive|Battle timer is ON: inactive players will automatically lose when time's up. (requested by SlyAbby)\nSlyAbby has agreed to open team sheets.\n|\n|t:|1682888727\n|start\n|switch|p1a: Corviknight|Corviknight, L50, F|100\/100\n|switch|p1b: Rotom|Rotom-Wash, L50|100\/100\n|switch|p2a: Iron Hands|Iron Hands, L50|100\/100\n|switch|p2b: Volcarona|Volcarona, L50, F|100\/100\n|turn|1\n|\n|t:|1682888750\n|-terastallize|p2b: Volcarona|Water\n|-terastallize|p1a: Corviknight|Fire\n|move|p1b: Rotom|Protect|p1b: Rotom\n|-singleturn|p1b: Rotom|Protect\n|move|p2a: Iron Hands|Fake Out|p1a: Corviknight\n|-crit|p1a: Corviknight\n|-damage|p1a: Corviknight|84\/100\n|move|p2b: Volcarona|Quiver Dance|p2b: Volcarona\n|-boost|p2b: Volcarona|spa|1\n|-boost|p2b: Volcarona|spd|1\n|-boost|p2b: Volcarona|spe|1\n|cant|p1a: Corviknight|flinch\n|\n|upkeep\n|turn|2\n|\n|t:|1682888769\n|move|p2b: Volcarona|Heat Wave|p1a: Corviknight|[spread] p1a\n|-miss|p2b: Volcarona|p1b: Rotom\n|-resisted|p1a: Corviknight\n|-crit|p1a: Corviknight\n|-damage|p1a: Corviknight|46\/100\n|-enditem|p1a: Corviknight|Sitrus Berry|[eat]\n|-heal|p1a: Corviknight|71\/100|[from] item: Sitrus Berry\n|move|p1b: Rotom|Will-O-Wisp|p2a: Iron Hands\n|-status|p2a: Iron Hands|brn\n|move|p1a: Corviknight|Bulk Up|p1a: Corviknight\n|-boost|p1a: Corviknight|atk|1\n|-boost|p1a: Corviknight|def|1\n|move|p2a: Iron Hands|Wild Charge|p1a: Corviknight\n|-damage|p1a: Corviknight|58\/100\n|-damage|p2a: Iron Hands|98\/100 brn|[from] Recoil\n|\n|-damage|p2a: Iron Hands|92\/100 brn|[from] brn\n|upkeep\n|turn|3\n|\n|t:|1682888787\n|-end|p2a: Iron Hands|Quark Drive|[silent]\n|switch|p2a: \ud83e\udd71\ud83c\udf46|Flutter Mane, L50|100\/100\n|move|p2b: Volcarona|Heat Wave|p1a: Corviknight|[spread] p1a,p1b\n|-resisted|p1a: Corviknight\n|-resisted|p1b: Rotom\n|-damage|p1a: Corviknight|33\/100\n|-damage|p1b: Rotom|70\/100\n|move|p1b: Rotom|Thunderbolt|p2b: Volcarona\n|-supereffective|p2b: Volcarona\n|-damage|p2b: Volcarona|38\/100\n|move|p1a: Corviknight|Roost|p1a: Corviknight\n|-heal|p1a: Corviknight|83\/100\n|\n|-heal|p2b: Volcarona|44\/100|[from] item: Leftovers\n|upkeep\n|turn|4\n|\n|t:|1682888802\n|move|p1b: Rotom|Protect|p1b: Rotom\n|-singleturn|p1b: Rotom|Protect\n|move|p2b: Volcarona|Heat Wave|p1a: Corviknight|[spread] p1a\n|-activate|p1b: Rotom|move: Protect\n|-resisted|p1a: Corviknight\n|-damage|p1a: Corviknight|60\/100\n|move|p2a: \ud83e\udd71\ud83c\udf46|Moonblast|p1b: Rotom\n|-activate|p1b: Rotom|move: Protect\n|move|p1a: Corviknight|Brave Bird|p2a: \ud83e\udd71\ud83c\udf46\n|-damage|p2a: \ud83e\udd71\ud83c\udf46|0 fnt\n|faint|p2a: \ud83e\udd71\ud83c\udf46\n|-end|p2a: \ud83e\udd71\ud83c\udf46|Protosynthesis|[silent]\n|-damage|p1a: Corviknight|39\/100|[from] Recoil\n|\n|-heal|p2b: Volcarona|49\/100|[from] item: Leftovers\n|upkeep\n|\n|t:|1682888805\n|switch|p2a: Gyarados|Gyarados, L50, M|100\/100\n|-ability|p2a: Gyarados|Intimidate|boost\n|-ability|p1a: Corviknight|Mirror Armor\n|-unboost|p2a: Gyarados|atk|1\n|-unboost|p1b: Rotom|atk|1\n|turn|5\n|\n|t:|1682888822\n|move|p2b: Volcarona|Bug Buzz|p1b: Rotom\n|-damage|p1b: Rotom|0 fnt\n|faint|p1b: Rotom\n|move|p2a: Gyarados|Waterfall|p1a: Corviknight\n|-supereffective|p1a: Corviknight\n|-damage|p1a: Corviknight|12\/100\n|move|p1a: Corviknight|Roost|p1a: Corviknight\n|-heal|p1a: Corviknight|62\/100\n|\n|-heal|p2b: Volcarona|55\/100|[from] item: Leftovers\n|upkeep\n|\n|t:|1682888832\n|switch|p1b: Amoonguss|Amoonguss, L50, F|100\/100\n|turn|6\n|\n|t:|1682888843\n|move|p2b: Volcarona|Protect|p2b: Volcarona\n|-singleturn|p2b: Volcarona|Protect\n|move|p1b: Amoonguss|Rage Powder|p1b: Amoonguss\n|-singleturn|p1b: Amoonguss|move: Rage Powder\n|move|p2a: Gyarados|Taunt|p1a: Corviknight\n|-start|p1a: Corviknight|move: Taunt\n|move|p1a: Corviknight|Brave Bird|p2b: Volcarona\n|-activate|p2b: Volcarona|move: Protect\n|\n|-heal|p2b: Volcarona|61\/100|[from] item: Leftovers\n|upkeep\n|turn|7\n|\n|t:|1682888856\n|move|p2b: Volcarona|Heat Wave|p1a: Corviknight|[spread] p1a,p1b\n|-resisted|p1a: Corviknight\n|-supereffective|p1b: Amoonguss\n|-damage|p1a: Corviknight|39\/100\n|-damage|p1b: Amoonguss|16\/100\n|move|p2a: Gyarados|Thunder Wave|p1a: Corviknight\n|-status|p1a: Corviknight|par\n|move|p1b: Amoonguss|Pollen Puff|p1a: Corviknight\n|-heal|p1a: Corviknight|89\/100 par\n|move|p1a: Corviknight|Brave Bird|p2b: Volcarona\n|-damage|p2b: Volcarona|0 fnt\n|faint|p2b: Volcarona\n|-damage|p1a: Corviknight|73\/100 par|[from] Recoil\n|\n|-heal|p1b: Amoonguss|22\/100|[from] item: Leftovers\n|upkeep\n|\n|t:|1682888870\n|switch|p2b: Iron Hands|Iron Hands, L50|92\/100 brn\n|turn|8\n|\n|t:|1682888894\n|move|p1b: Amoonguss|Rage Powder|p1b: Amoonguss\n|-singleturn|p1b: Amoonguss|move: Rage Powder\n|move|p2a: Gyarados|Waterfall|p1b: Amoonguss\n|-resisted|p1b: Amoonguss\n|-damage|p1b: Amoonguss|11\/100\n|move|p2b: Iron Hands|Heavy Slam|p1b: Amoonguss\n|-damage|p1b: Amoonguss|0 fnt\n|faint|p1b: Amoonguss\n|move|p1a: Corviknight|Brave Bird|p2b: Iron Hands\n|-damage|p2b: Iron Hands|47\/100 brn\n|-damage|p1a: Corviknight|55\/100 par|[from] Recoil\n|\n|-damage|p2b: Iron Hands|41\/100 brn|[from] brn\n|-end|p1a: Corviknight|move: Taunt\n|upkeep\n|\n|t:|1682888906\n|switch|p1b: Chien-Pao|Chien-Pao, L50|100\/100\n|-ability|p1b: Chien-Pao|Sword of Ruin\n|turn|9\n|\n|t:|1682888916\n|move|p1b: Chien-Pao|Ice Spinner|p2a: Gyarados\n|-damage|p2a: Gyarados|42\/100\n|move|p2a: Gyarados|Thunder Wave|p1b: Chien-Pao\n|-status|p1b: Chien-Pao|par\n|move|p2b: Iron Hands|Drain Punch|p1b: Chien-Pao\n|-supereffective|p1b: Chien-Pao\n|-enditem|p1b: Chien-Pao|Focus Sash\n|-damage|p1b: Chien-Pao|1\/100 par\n|-heal|p2b: Iron Hands|73\/100 brn|[from] drain|[of] p1b: Chien-Pao\n|move|p1a: Corviknight|Roost|p1a: Corviknight\n|-heal|p1a: Corviknight|100\/100 par\n|\n|-damage|p2b: Iron Hands|67\/100 brn|[from] brn\n|upkeep\n|turn|10\n|\n|t:|1682888940\n|cant|p1b: Chien-Pao|par\n|move|p2a: Gyarados|Waterfall|p1b: Chien-Pao\n|-damage|p1b: Chien-Pao|0 fnt\n|faint|p1b: Chien-Pao\n|move|p2b: Iron Hands|Drain Punch|p1a: Corviknight\n|-crit|p1a: Corviknight\n|-damage|p1a: Corviknight|77\/100 par\n|-heal|p2b: Iron Hands|77\/100 brn|[from] drain|[of] p1a: Corviknight\n|move|p1a: Corviknight|Brave Bird|p2b: Iron Hands\n|-damage|p2b: Iron Hands|33\/100 brn\n|-damage|p1a: Corviknight|60\/100 par|[from] Recoil\n|\n|-damage|p2b: Iron Hands|27\/100 brn|[from] brn\n|upkeep\n|turn|11\n|\n|t:|1682888953\n|move|p2a: Gyarados|Waterfall|p1a: Corviknight\n|-supereffective|p1a: Corviknight\n|-damage|p1a: Corviknight|37\/100 par\n|move|p2b: Iron Hands|Wild Charge|p1a: Corviknight\n|-damage|p1a: Corviknight|25\/100 par\n|-damage|p2b: Iron Hands|25\/100 brn|[from] Recoil\n|move|p1a: Corviknight|Brave Bird|p2a: Gyarados\n|-damage|p2a: Gyarados|0 fnt\n|faint|p2a: Gyarados\n|-damage|p1a: Corviknight|13\/100 par|[from] Recoil\n|\n|-damage|p2b: Iron Hands|19\/100 brn|[from] brn\n|upkeep\n|turn|12\n|\n|t:|1682888966\n|move|p2b: Iron Hands|Wild Charge|p1a: Corviknight\n|-damage|p1a: Corviknight|0 fnt\n|faint|p1a: Corviknight\n|-damage|p2b: Iron Hands|16\/100 brn|[from] Recoil\n|\n|win|Tyruntula\n|raw|SlyAbby's rating: 1441 → 1422<\/strong> (-19 for losing)\n|raw|Tyruntula's rating: 1466 → 1485<\/strong> (+19 for winning)\n","uploadtime":1682888972,"views":6,"p1id":"slyabby","p2id":"tyruntula","formatid":"gen9vgc2023regulationc","rating":1422,"private":0,"password":""}