{"id":"gen9vgc2023regulationc-1863743480","p1":"JessieE","p2":"Annie Key","format":"[Gen 9] VGC 2023 Regulation C","log":"|j|\u2606JessieE\n|j|\u2606Annie Key\n|t:|1684070750\n|gametype|doubles\n|player|p1|JessieE|169|\n|player|p2|Annie Key|hilda-wonderlauncher|\n|teamsize|p1|6\n|teamsize|p2|6\n|gen|9\n|tier|[Gen 9] VGC 2023 Regulation C\n|rule|Species Clause: Limit one of each Pok\u00e9mon\n|rule|Item Clause: Limit one of each item\n|clearpoke\n|poke|p1|Staraptor, L50, F|\n|poke|p1|Mismagius, L50, F|\n|poke|p1|Honchkrow, L50, F|\n|poke|p1|Rotom-Fan, L50|\n|poke|p1|Magnezone, L50|\n|poke|p1|Drifblim, L50, F|\n|poke|p2|Haxorus, L50, F|\n|poke|p2|Volcarona, L50, F|\n|poke|p2|Braviary, L50, M|\n|poke|p2|Amoonguss, L50, F|\n|poke|p2|Alomomola, L50, F|\n|poke|p2|Bisharp, L50, F|\n|teampreview|4\n|\n|t:|1684070823\n|start\n|switch|p1a: Anode|Rotom-Fan, L50|100\/100\n|switch|p1b: Lug|Magnezone, L50, shiny|100\/100\n|switch|p2a: Volcarona|Volcarona, L50, F|100\/100\n|switch|p2b: Amoonguss|Amoonguss, L50, F|100\/100\n|turn|1\n|\n|t:|1684070880\n|move|p2b: Amoonguss|Rage Powder|p2b: Amoonguss\n|-singleturn|p2b: Amoonguss|move: Rage Powder\n|move|p1a: Anode|Air Slash|p2b: Amoonguss\n|-supereffective|p2b: Amoonguss\n|-damage|p2b: Amoonguss|57\/100\n|move|p2a: Volcarona|Quiver Dance|p2a: Volcarona\n|-boost|p2a: Volcarona|spa|1\n|-boost|p2a: Volcarona|spd|1\n|-boost|p2a: Volcarona|spe|1\n|move|p1b: Lug|Heavy Slam|p2b: Amoonguss|[miss]\n|-miss|p1b: Lug|p2b: Amoonguss\n|\n|upkeep\n|turn|2\n|\n|t:|1684070918\n|move|p2a: Volcarona|Fiery Dance|p1b: Lug\n|-supereffective|p1b: Lug\n|-damage|p1b: Lug|0 fnt\n|-boost|p2a: Volcarona|spa|1\n|faint|p1b: Lug\n|move|p1a: Anode|Air Slash|p2b: Amoonguss\n|-supereffective|p2b: Amoonguss\n|-damage|p2b: Amoonguss|13\/100\n|move|p2b: Amoonguss|Spore|p1a: Anode\n|-status|p1a: Anode|slp|[from] move: Spore\n|\n|upkeep\n|\n|t:|1684070930\n|switch|p1b: Penguin Zero|Honchkrow, L50, F|100\/100\n|turn|3\n|\n|t:|1684070962\n|-terastallize|p2a: Volcarona|Bug\n|move|p2a: Volcarona|Bug Buzz|p1b: Penguin Zero\n|-damage|p1b: Penguin Zero|0 fnt\n|faint|p1b: Penguin Zero\n|cant|p1a: Anode|slp\n|move|p2b: Amoonguss|Synthesis|p2b: Amoonguss\n|-heal|p2b: Amoonguss|62\/100\n|\n|upkeep\n|\n|t:|1684070971\n|switch|p1b: Sammy|Staraptor, L50, F|100\/100\n|turn|4\n|\n|t:|1684070986\n|move|p2b: Amoonguss|Rage Powder|p2b: Amoonguss\n|-singleturn|p2b: Amoonguss|move: Rage Powder\n|move|p2a: Volcarona|Fiery Dance|p1a: Anode\n|-damage|p1a: Anode|0 fnt\n|faint|p1a: Anode\n|move|p1b: Sammy|Brave Bird|p2b: Amoonguss\n|-supereffective|p2b: Amoonguss\n|-damage|p2b: Amoonguss|0 fnt\n|faint|p2b: Amoonguss\n|-damage|p1b: Sammy|72\/100|[from] Recoil\n|-damage|p1b: Sammy|62\/100|[from] item: Life Orb\n|\n|upkeep\n|\n|t:|1684070997\n|switch|p2b: Haxorus|Haxorus, L50, F|100\/100\n|-ability|p2b: Haxorus|Mold Breaker\n|turn|5\n|\n|t:|1684071009\n|move|p2a: Volcarona|Fiery Dance|p1b: Sammy\n|-damage|p1b: Sammy|0 fnt\n|faint|p1b: Sammy\n|\n|win|Annie Key\n|l|\u2606JessieE\n|j|\u2606JessieE\n|player|p1|JessieE|169\n","uploadtime":1684071481,"views":14,"p1id":"jessiee","p2id":"anniekey","formatid":"gen9vgc2023regulationc","rating":0,"private":0,"password":""}