{"id":"gen9vgc2023regulationc-1862654255","p1":"AndyLaVGC","p2":"SpadesHS","format":"[Gen 9] VGC 2023 Regulation C","log":"|j|\u2606AndyLaVGC\n|j|\u2606SpadesHS\n|t:|1683909275\n|gametype|doubles\n|player|p1|AndyLaVGC|265|1379\n|player|p2|SpadesHS|101|1512\n|teamsize|p1|6\n|teamsize|p2|6\n|gen|9\n|tier|[Gen 9] VGC 2023 Regulation C\n|rated|\n|rule|Species Clause: Limit one of each Pok\u00e9mon\n|rule|Item Clause: Limit one of each item\n|clearpoke\n|poke|p1|Numel, L50, M|\n|poke|p1|Torkoal, L50, F|\n|poke|p1|Mimikyu, L50, M|\n|poke|p1|Amoonguss, L50, M|\n|poke|p1|Flutter Mane, L50|\n|poke|p1|Chi-Yu, L50|\n|poke|p2|Great Tusk, L50|\n|poke|p2|Talonflame, L50, M|\n|poke|p2|Iron Bundle, L50|\n|poke|p2|Chi-Yu, L50|\n|poke|p2|Tyranitar, L50, F|\n|poke|p2|Amoonguss, L50, F|\n|teampreview|4\n|c|\u2606SpadesHS|Numel!\nSpadesHS has agreed to open team sheets.\n|\n|t:|1683909310\n|start\n|switch|p1a: Torkoal|Torkoal, L50, F|100\/100\n|switch|p1b: Mimikyu|Mimikyu, L50, M|100\/100\n|switch|p2a: Firebird|Talonflame, L50, M|100\/100\n|switch|p2b: Tuskar|Great Tusk, L50|100\/100\n|-weather|SunnyDay|[from] ability: Drought|[of] p1a: Torkoal\n|-activate|p2b: Tuskar|ability: Protosynthesis\n|-start|p2b: Tuskar|protosynthesisatk\n|turn|1\n|\n|t:|1683909326\n|move|p2a: Firebird|Brave Bird|p1b: Mimikyu\n|-activate|p1b: Mimikyu|ability: Disguise\n|-damage|p1b: Mimikyu|100\/100\n|detailschange|p1b: Mimikyu|Mimikyu-Busted, L50, M\n|-damage|p1b: Mimikyu|88\/100|[from] pokemon: Mimikyu-Busted\n|move|p2b: Tuskar|Headlong Rush|p1b: Mimikyu\n|-damage|p1b: Mimikyu|3\/100\n|-unboost|p2b: Tuskar|def|1\n|-unboost|p2b: Tuskar|spd|1\n|move|p1a: Torkoal|Overheat|p2b: Tuskar\n|-damage|p2b: Tuskar|0 fnt\n|-unboost|p1a: Torkoal|spa|2\n|-enditem|p1a: Torkoal|Eject Pack\n|faint|p2b: Tuskar\n|-end|p2b: Tuskar|Protosynthesis|[silent]\n|\n|t:|1683909330\n|switch|p1a: Numel|Numel, L50, M|100\/100\n|move|p1b: Mimikyu|Trick Room|p1b: Mimikyu\n|-fieldstart|move: Trick Room|[of] p1b: Mimikyu\n|\n|-weather|SunnyDay|[upkeep]\n|upkeep\n|\n|t:|1683909335\n|switch|p2b: The Thing|Tyranitar, L50, F|100\/100\n|-weather|Sandstorm|[from] ability: Sand Stream|[of] p2b: The Thing\n|turn|2\n|\n|t:|1683909355\n|switch|p1b: Amoonguss|Amoonguss, L50, M|100\/100\n|move|p2a: Firebird|Brave Bird|p1b: Amoonguss\n|-supereffective|p1b: Amoonguss\n|-damage|p1b: Amoonguss|22\/100\n|-damage|p2a: Firebird|84\/100|[from] item: Rocky Helmet|[of] p1b: Amoonguss\n|-damage|p2a: Firebird|47\/100|[from] Recoil\n|move|p1a: Numel|Stockpile|p1a: Numel\n|-start|p1a: Numel|stockpile1\n|-boost|p1a: Numel|def|2\n|-boost|p1a: Numel|spd|2\n|move|p2b: The Thing|Crunch|p1a: Numel\n|-damage|p1a: Numel|82\/100\n|\n|-weather|Sandstorm|[upkeep]\n|-damage|p1b: Amoonguss|16\/100|[from] Sandstorm\n|upkeep\n|turn|3\n|\n|t:|1683909373\n|switch|p1b: Torkoal|Torkoal, L50, F|100\/100\n|-weather|SunnyDay|[from] ability: Drought|[of] p1b: Torkoal\n|move|p1a: Numel|Growth|p1a: Numel\n|-boost|p1a: Numel|atk|4\n|-boost|p1a: Numel|spa|4\n|move|p2b: The Thing|Rock Slide|p1b: Torkoal|[spread] p1a,p1b\n|-crit|p1a: Numel\n|-supereffective|p1b: Torkoal\n|-damage|p1a: Numel|40\/100\n|-damage|p1b: Torkoal|46\/100\n|move|p2a: Firebird|Taunt|p1a: Numel\n|-start|p1a: Numel|move: Taunt\n|\n|-weather|SunnyDay|[upkeep]\n|upkeep\n|turn|4\n|\n|t:|1683909391\n|-terastallize|p1a: Numel|Water\n|move|p1b: Torkoal|Helping Hand|p1a: Numel\n|-singleturn|p1a: Numel|Helping Hand|[of] p1b: Torkoal\n|move|p1a: Numel|Heat Wave|p2b: The Thing|[spread] p2a,p2b\n|-resisted|p2a: Firebird\n|-resisted|p2b: The Thing\n|-damage|p2a: Firebird|0 fnt\n|-damage|p2b: The Thing|67\/100\n|faint|p2a: Firebird\n|move|p2b: The Thing|Rock Slide|p1b: Torkoal|[spread] p1a,p1b\n|-supereffective|p1b: Torkoal\n|-damage|p1a: Numel|27\/100\n|-damage|p1b: Torkoal|0 fnt\n|faint|p1b: Torkoal\n|\n|-weather|SunnyDay|[upkeep]\n|upkeep\n|\n|t:|1683909403\n|switch|p1b: Amoonguss|Amoonguss, L50, M|49\/100\n|switch|p2a: RobotChicken|Iron Bundle, L50|100\/100\n|-enditem|p2a: RobotChicken|Booster Energy\n|-activate|p2a: RobotChicken|ability: Quark Drive|[fromitem]\n|-start|p2a: RobotChicken|quarkdrivespe\n|turn|5\n|\n|t:|1683909411\n|move|p2a: RobotChicken|Protect|p2a: RobotChicken\n|-singleturn|p2a: RobotChicken|Protect\n|move|p1b: Amoonguss|Pollen Puff|p1a: Numel\n|-heal|p1a: Numel|77\/100\n|move|p1a: Numel|Heat Wave|p2a: RobotChicken|[spread] \n|-activate|p2a: RobotChicken|move: Protect\n|-miss|p1a: Numel|p2b: The Thing\n|move|p2b: The Thing|Rock Slide|p1a: Numel|[spread] p1a,p1b\n|-damage|p1a: Numel|62\/100\n|-damage|p1b: Amoonguss|23\/100\n|\n|-weather|SunnyDay|[upkeep]\n|-fieldend|move: Trick Room\n|upkeep\n|turn|6\n|\n|t:|1683909437\n|switch|p1b: Mimikyu|Mimikyu-Busted, L50, M|3\/100\n|move|p2a: RobotChicken|Freeze-Dry|p1a: Numel\n|-supereffective|p1a: Numel\n|-damage|p1a: Numel|15\/100\n|move|p2b: The Thing|Rock Slide|p1a: Numel|[spread] p1a,p1b\n|-damage|p1a: Numel|2\/100\n|-damage|p1b: Mimikyu|0 fnt\n|faint|p1b: Mimikyu\n|move|p1a: Numel|Heat Wave|p2a: RobotChicken|[spread] p2a,p2b\n|-resisted|p2b: The Thing\n|-damage|p2a: RobotChicken|0 fnt\n|-damage|p2b: The Thing|46\/100\n|faint|p2a: RobotChicken\n|-end|p2a: RobotChicken|Quark Drive|[silent]\n|\n|-weather|SunnyDay|[upkeep]\n|-end|p1a: Numel|move: Taunt\n|upkeep\n|\n|t:|1683909440\n|switch|p1b: Amoonguss|Amoonguss, L50, M|56\/100\n|turn|7\n|\n|t:|1683909463\n|move|p1a: Numel|Protect|p1a: Numel\n|-singleturn|p1a: Numel|Protect\n|move|p2b: The Thing|Rock Slide|p1a: Numel|[spread] p1b\n|-activate|p1a: Numel|move: Protect\n|-damage|p1b: Amoonguss|27\/100\n|move|p1b: Amoonguss|Spore|p2b: The Thing\n|-status|p2b: The Thing|slp|[from] move: Spore\n|\n|-weather|none\n|upkeep\n|turn|8\n|\n|t:|1683909469\n|cant|p2b: The Thing|slp\n|move|p1a: Numel|Heat Wave|p2b: The Thing\n|-resisted|p2b: The Thing\n|-damage|p2b: The Thing|27\/100 slp\n|move|p1b: Amoonguss|Pollen Puff|p1a: Numel\n|-heal|p1a: Numel|52\/100\n|\n|upkeep\n|turn|9\n|\n|t:|1683909479\n|cant|p2b: The Thing|slp\n|move|p1a: Numel|Heat Wave|p2b: The Thing\n|-resisted|p2b: The Thing\n|-damage|p2b: The Thing|7\/100 slp\n|move|p1b: Amoonguss|Pollen Puff|p1a: Numel\n|-heal|p1a: Numel|100\/100\n|\n|upkeep\n|turn|10\n|-message|SpadesHS forfeited.\n|\n|win|AndyLaVGC\n|raw|AndyLaVGC's rating: 1379 → 1406<\/strong> (+27 for winning)\n|raw|SpadesHS's rating: 1512 → 1485<\/strong> (-27 for losing)\n|l|\u2606SpadesHS\n","uploadtime":1683909488,"views":17,"p1id":"andylavgc","p2id":"spadeshs","formatid":"gen9vgc2023regulationc","rating":1406,"private":0,"password":""}