{"id":"gen9vgc2023regulationc-1848801407","p1":"Terry kloak","p2":"Royalpooppi","format":"[Gen 9] VGC 2023 Regulation C","log":"|j|\u2606Terry kloak\n|j|\u2606Royalpooppi\n|t:|1682111837\n|gametype|doubles\n|player|p1|Terry kloak|gentleman-gen4|1448\n|player|p2|Royalpooppi|169|1491\n|teamsize|p1|6\n|teamsize|p2|6\n|gen|9\n|tier|[Gen 9] VGC 2023 Regulation C\n|rated|\n|rule|Species Clause: Limit one of each Pok\u00e9mon\n|rule|Item Clause: Limit one of each item\n|clearpoke\n|poke|p1|Ceruledge, L50, F|\n|poke|p1|Orthworm, L50, F|\n|poke|p1|Ting-Lu, L50|\n|poke|p1|Dragonite, L50, F|\n|poke|p1|Iron Bundle, L50|\n|poke|p1|Grimmsnarl, L50, M|\n|poke|p2|Frosmoth, L50, M|\n|poke|p2|Abomasnow, L50, M|\n|poke|p2|Arcanine, L50, M|\n|poke|p2|Azumarill, L50, M|\n|poke|p2|Chien-Pao, L50|\n|poke|p2|Great Tusk, L50|\n|teampreview|4\n|inactive|Battle timer is ON: inactive players will automatically lose when time's up. (requested by Terry kloak)\n|\n|t:|1682111869\n|start\n|switch|p1a: Grimmsnarl|Grimmsnarl, L50, M|100\/100\n|switch|p1b: Ceruledge|Ceruledge, L50, F|100\/100\n|switch|p2a: Frosmoth|Frosmoth, L50, M, shiny|100\/100\n|switch|p2b: Abomasnow|Abomasnow, L50, M, shiny|100\/100\n|-weather|Snow|[from] ability: Snow Warning|[of] p2b: Abomasnow\n|turn|1\n|\n|t:|1682111884\n|-terastallize|p2a: Frosmoth|Water\n|move|p1a: Grimmsnarl|Fake Out|p2a: Frosmoth\n|-damage|p2a: Frosmoth|82\/100\n|move|p1b: Ceruledge|Bitter Blade|p2b: Abomasnow\n|-supereffective|p2b: Abomasnow\n|-enditem|p2b: Abomasnow|Focus Sash\n|-damage|p2b: Abomasnow|1\/100\n|cant|p2a: Frosmoth|flinch\n|move|p2b: Abomasnow|Blizzard|p1b: Ceruledge|[spread] p1a,p1b\n|-resisted|p1b: Ceruledge\n|-damage|p1a: Grimmsnarl|63\/100\n|-damage|p1b: Ceruledge|82\/100\n|-status|p1a: Grimmsnarl|frz\n|\n|-weather|Snow|[upkeep]\n|-heal|p1b: Ceruledge|88\/100|[from] item: Leftovers\n|upkeep\n|turn|2\n|inactive|Terry kloak has 30 seconds left.\n|\n|t:|1682111910\n|switch|p1a: Orthworm|Orthworm, L50, F|100\/100\n|move|p1b: Ceruledge|Protect|p1b: Ceruledge\n|-singleturn|p1b: Ceruledge|Protect\n|move|p2a: Frosmoth|Blizzard|p1a: Orthworm|[spread] p1a\n|-activate|p1b: Ceruledge|move: Protect\n|-resisted|p1a: Orthworm\n|-damage|p1a: Orthworm|71\/100\n|move|p2b: Abomasnow|Aurora Veil|p2b: Abomasnow\n|-sidestart|p2: Royalpooppi|move: Aurora Veil\n|\n|-weather|Snow|[upkeep]\n|-heal|p1b: Ceruledge|94\/100|[from] item: Leftovers\n|upkeep\n|turn|3\n|\n|t:|1682111932\n|switch|p1b: Grimmsnarl|Grimmsnarl, L50, M|63\/100 frz\n|switch|p2b: Azumarill|Azumarill, L50, M, shiny|100\/100\n|move|p2a: Frosmoth|Tera Blast|p1b: Grimmsnarl\n|-damage|p1b: Grimmsnarl|19\/100 frz\n|move|p1a: Orthworm|Shed Tail|p1a: Orthworm\n|-start|p1a: Orthworm|Substitute|[from] move: Shed Tail\n|-damage|p1a: Orthworm|20\/100\n|-enditem|p1a: Orthworm|Sitrus Berry|[eat]\n|-heal|p1a: Orthworm|45\/100|[from] item: Sitrus Berry\n|\n|t:|1682111944\n|switch|p1a: Ting-Lu|Ting-Lu, L50|100\/100|[from] Shed Tail\n|-ability|p1a: Ting-Lu|Vessel of Ruin\n|\n|-weather|Snow|[upkeep]\n|upkeep\n|turn|4\n|\n|t:|1682111954\n|switch|p1b: Orthworm|Orthworm, L50, F|45\/100\n|-terastallize|p1a: Ting-Lu|Poison\n|move|p2a: Frosmoth|Blizzard|p1a: Ting-Lu|[spread] p1a,p1b\n|-activate|p1a: Ting-Lu|move: Substitute|[damage]\n|-resisted|p1b: Orthworm\n|-damage|p1b: Orthworm|22\/100\n|move|p1a: Ting-Lu|Earthquake|p2b: Azumarill|[spread] p2a,p2b\n|-heal|p1b: Orthworm|47\/100|[from] ability: Earth Eater|[of] p1a: Ting-Lu\n|-damage|p2a: Frosmoth|50\/100\n|-damage|p2b: Azumarill|78\/100\n|move|p2b: Azumarill|Liquidation|p1a: Ting-Lu\n|-end|p1a: Ting-Lu|Substitute\n|-damage|p2b: Azumarill|68\/100|[from] item: Life Orb\n|\n|-weather|Snow|[upkeep]\n|upkeep\n|turn|5\n|\n|t:|1682111975\n|move|p2a: Frosmoth|Blizzard|p1a: Ting-Lu|[spread] p1a,p1b\n|-resisted|p1b: Orthworm\n|-damage|p1a: Ting-Lu|86\/100\n|-damage|p1b: Orthworm|22\/100\n|move|p1a: Ting-Lu|Earthquake|p2b: Azumarill|[spread] p2a,p2b\n|-heal|p1b: Orthworm|47\/100|[from] ability: Earth Eater|[of] p1a: Ting-Lu\n|-damage|p2a: Frosmoth|17\/100\n|-damage|p2b: Azumarill|43\/100\n|move|p2b: Azumarill|Liquidation|p1a: Ting-Lu\n|-damage|p1a: Ting-Lu|44\/100\n|-unboost|p1a: Ting-Lu|def|1\n|-damage|p2b: Azumarill|33\/100|[from] item: Life Orb\n|move|p1b: Orthworm|Iron Head|p2b: Azumarill\n|-damage|p2b: Azumarill|15\/100\n|\n|-weather|none\n|upkeep\n|turn|6\n|inactive|Royalpooppi has 30 seconds left.\n|\n|t:|1682112006\n|switch|p2a: Chien-Pao|Chien-Pao, L50|100\/100\n|-ability|p2a: Chien-Pao|Sword of Ruin\n|move|p2b: Azumarill|Aqua Jet|p1a: Ting-Lu\n|-damage|p1a: Ting-Lu|6\/100\n|-damage|p2b: Azumarill|5\/100|[from] item: Life Orb\n|move|p1a: Ting-Lu|Earthquake|p2a: Chien-Pao|[spread] p2a,p2b\n|-heal|p1b: Orthworm|71\/100|[from] ability: Earth Eater|[of] p1a: Ting-Lu\n|-damage|p2a: Chien-Pao|72\/100\n|-damage|p2b: Azumarill|0 fnt\n|faint|p2b: Azumarill\n|move|p1b: Orthworm|Shed Tail|p1b: Orthworm\n|-start|p1b: Orthworm|Substitute|[from] move: Shed Tail\n|-damage|p1b: Orthworm|21\/100\n|\n|t:|1682112021\n|switch|p1b: Ceruledge|Ceruledge, L50, F|94\/100|[from] Shed Tail\n|\n|-heal|p1b: Ceruledge|99\/100|[from] item: Leftovers\n|-sideend|p2: Royalpooppi|move: Aurora Veil\n|upkeep\n|\n|t:|1682112027\n|switch|p2b: Frosmoth|Frosmoth, L50, M, shiny, tera:Water|17\/100\n|turn|7\n|inactive|Terry kloak has 30 seconds left.\n|\n|t:|1682112055\n|switch|p1a: Grimmsnarl|Grimmsnarl, L50, M|19\/100 frz\n|move|p1b: Ceruledge|Shadow Sneak|p2b: Frosmoth\n|-damage|p2b: Frosmoth|0 fnt\n|faint|p2b: Frosmoth\n|move|p2a: Chien-Pao|Ice Spinner|p1a: Grimmsnarl\n|-damage|p1a: Grimmsnarl|0 fnt\n|faint|p1a: Grimmsnarl\n|\n|-heal|p1b: Ceruledge|100\/100|[from] item: Leftovers\n|upkeep\n|\n|t:|1682112068\n|switch|p2b: Abomasnow|Abomasnow, L50, M, shiny|1\/100\n|switch|p1a: Orthworm|Orthworm, L50, F|21\/100\n|-weather|Snow|[from] ability: Snow Warning|[of] p2b: Abomasnow\n|turn|8\n|\n|t:|1682112076\n|move|p2b: Abomasnow|Protect|p2b: Abomasnow\n|-singleturn|p2b: Abomasnow|Protect\n|move|p1b: Ceruledge|Shadow Sneak|p2b: Abomasnow\n|-activate|p2b: Abomasnow|move: Protect\n|move|p2a: Chien-Pao|Ice Spinner|p1a: Orthworm\n|-resisted|p1a: Orthworm\n|-damage|p1a: Orthworm|5\/100\n|move|p1a: Orthworm|Body Press|p2a: Chien-Pao\n|-supereffective|p2a: Chien-Pao\n|-damage|p2a: Chien-Pao|0 fnt\n|faint|p2a: Chien-Pao\n|\n|-weather|Snow|[upkeep]\n|upkeep\n|turn|9\n|-message|Royalpooppi forfeited.\n|\n|win|Terry kloak\n|raw|Terry kloak's rating: 1448 → 1470<\/strong> (+22 for winning)\n|raw|Royalpooppi's rating: 1491 → 1469<\/strong> (-22 for losing)\n|l|\u2606Royalpooppi\n","uploadtime":1682112099,"views":12,"p1id":"terrykloak","p2id":"royalpooppi","formatid":"gen9vgc2023regulationc","rating":1469,"private":0,"password":""}