{"id":"gen9vgc2023regulationc-1860940971","p1":"Justinjevans","p2":"test subject 8862M","format":"[Gen 9] VGC 2023 Regulation C","log":"|j|\u2606Justinjevans\n|j|\u2606test subject 8862M\n|t:|1683699984\n|gametype|doubles\n|player|p1|Justinjevans|1|1018\n|player|p2|test subject 8862M|scientistf|1050\n|teamsize|p1|6\n|teamsize|p2|6\n|gen|9\n|tier|[Gen 9] VGC 2023 Regulation C\n|rated|\n|rule|Species Clause: Limit one of each Pok\u00e9mon\n|rule|Item Clause: Limit one of each item\n|clearpoke\n|poke|p1|Tyranitar, L50, M|\n|poke|p1|Gastrodon-East, L50, M|\n|poke|p1|Garchomp, L50, M|\n|poke|p1|Arcanine, L50, F|\n|poke|p1|Mudsdale, L50, M|\n|poke|p1|Lycanroc, L50, M|\n|poke|p2|Wo-Chien, L50|\n|poke|p2|Scizor, L50, F|\n|poke|p2|Sandy Shocks, L50|\n|poke|p2|Amoonguss, L50, F|\n|poke|p2|Maushold-Four, L50|\n|poke|p2|Hydreigon, L50, M|\n|teampreview|4\n|\n|t:|1683700005\n|start\n|switch|p1a: Tyranitar|Tyranitar, L50, M|100\/100\n|switch|p1b: Garchomp|Garchomp, L50, M|100\/100\n|switch|p2a: Wo-Chien|Wo-Chien, L50|100\/100\n|switch|p2b: Sandy Shocks|Sandy Shocks, L50|100\/100\n|-ability|p2a: Wo-Chien|Tablets of Ruin\n|-weather|Sandstorm|[from] ability: Sand Stream|[of] p1a: Tyranitar\n|-enditem|p2b: Sandy Shocks|Booster Energy\n|-activate|p2b: Sandy Shocks|ability: Protosynthesis|[fromitem]\n|-start|p2b: Sandy Shocks|protosynthesisspe\n|turn|1\n|\n|t:|1683700037\n|-terastallize|p1a: Tyranitar|Flying\n|move|p2b: Sandy Shocks|Gravity|p2b: Sandy Shocks\n|-fieldstart|move: Gravity\n|move|p1b: Garchomp|Earthquake|p2b: Sandy Shocks|[spread] p1a,p2a,p2b\n|-resisted|p2a: Wo-Chien\n|-supereffective|p2b: Sandy Shocks\n|-damage|p1a: Tyranitar|82\/100\n|-damage|p2a: Wo-Chien|90\/100\n|-damage|p2b: Sandy Shocks|43\/100\n|move|p2a: Wo-Chien|Leech Seed|p1a: Tyranitar\n|-start|p1a: Tyranitar|move: Leech Seed\n|move|p1a: Tyranitar|Rock Slide|p2b: Sandy Shocks|[spread] p2a,p2b\n|-resisted|p2b: Sandy Shocks\n|-damage|p2a: Wo-Chien|77\/100\n|-damage|p2b: Sandy Shocks|34\/100\n|\n|-weather|Sandstorm|[upkeep]\n|-damage|p2a: Wo-Chien|71\/100|[from] Sandstorm\n|-damage|p1a: Tyranitar|76\/100|[from] Sandstorm\n|-heal|p2a: Wo-Chien|77\/100|[from] item: Leftovers\n|-damage|p1a: Tyranitar|64\/100|[from] Leech Seed|[of] p2a: Wo-Chien\n|-heal|p2a: Wo-Chien|90\/100|[silent]\n|upkeep\n|turn|2\n|\n|t:|1683700062\n|move|p1b: Garchomp|Protect|p1b: Garchomp\n|-singleturn|p1b: Garchomp|Protect\n|move|p2b: Sandy Shocks|Thunderbolt|p1a: Tyranitar\n|-supereffective|p1a: Tyranitar\n|-damage|p1a: Tyranitar|0 fnt\n|faint|p1a: Tyranitar\n|move|p2a: Wo-Chien|Leech Seed|p1b: Garchomp\n|-activate|p1b: Garchomp|move: Protect\n|\n|-weather|Sandstorm|[upkeep]\n|-damage|p2a: Wo-Chien|84\/100|[from] Sandstorm\n|-heal|p2a: Wo-Chien|90\/100|[from] item: Leftovers\n|upkeep\n|\n|t:|1683700073\n|switch|p1a: Arcanine|Arcanine, L50, F|100\/100\n|-ability|p1a: Arcanine|Intimidate|boost\n|-unboost|p2a: Wo-Chien|atk|1\n|-unboost|p2b: Sandy Shocks|atk|1\n|turn|3\n|\n|t:|1683700089\n|move|p2b: Sandy Shocks|Earth Power|p1a: Arcanine\n|-supereffective|p1a: Arcanine\n|-damage|p1a: Arcanine|10\/100\n|-unboost|p1a: Arcanine|spd|1\n|move|p1b: Garchomp|Dragon Claw|p2b: Sandy Shocks\n|-damage|p2b: Sandy Shocks|0 fnt\n|faint|p2b: Sandy Shocks\n|-end|p2b: Sandy Shocks|Protosynthesis|[silent]\n|move|p1a: Arcanine|Howl|p1a: Arcanine|[spread] p1a,p1b\n|-boost|p1a: Arcanine|atk|1\n|-boost|p1b: Garchomp|atk|1\n|move|p2a: Wo-Chien|Leech Seed|p1b: Garchomp\n|-start|p1b: Garchomp|move: Leech Seed\n|\n|-weather|Sandstorm|[upkeep]\n|-damage|p2a: Wo-Chien|84\/100|[from] Sandstorm\n|-heal|p2a: Wo-Chien|90\/100|[from] item: Leftovers\n|-damage|p1b: Garchomp|88\/100|[from] Leech Seed|[of] p2a: Wo-Chien\n|-heal|p2a: Wo-Chien|100\/100|[silent]\n|upkeep\n|\n|t:|1683700107\n|switch|p2b: Maushold|Maushold-Four, L50|100\/100\n|turn|4\n|\n|t:|1683700134\n|move|p2b: Maushold|Follow Me|p2b: Maushold\n|-singleturn|p2b: Maushold|move: Follow Me\n|move|p1a: Arcanine|Extreme Speed|p2b: Maushold\n|-damage|p2b: Maushold|72\/100\n|move|p1b: Garchomp|Iron Head|p2b: Maushold\n|-crit|p2b: Maushold\n|-damage|p2b: Maushold|10\/100\n|move|p2a: Wo-Chien|Leech Seed|p1a: Arcanine\n|-start|p1a: Arcanine|move: Leech Seed\n|\n|-weather|Sandstorm|[upkeep]\n|-damage|p2b: Maushold|4\/100|[from] Sandstorm\n|-damage|p2a: Wo-Chien|95\/100|[from] Sandstorm\n|-heal|p2a: Wo-Chien|100\/100|[from] item: Leftovers\n|-damage|p1b: Garchomp|76\/100|[from] Leech Seed|[of] p2a: Wo-Chien\n|-damage|p1a: Arcanine|0 fnt|[from] Leech Seed|[of] p2a: Wo-Chien\n|faint|p1a: Arcanine\n|upkeep\n|\n|t:|1683700147\n|switch|p1a: Lycanroc|Lycanroc, L50, M|100\/100\n|turn|5\n|\n|t:|1683700173\n|move|p1b: Garchomp|Protect|p1b: Garchomp\n|-singleturn|p1b: Garchomp|Protect\n|move|p1a: Lycanroc|Rock Slide|p2b: Maushold|[spread] p2a,p2b\n|-crit|p2b: Maushold\n|-damage|p2a: Wo-Chien|89\/100\n|-damage|p2b: Maushold|0 fnt\n|faint|p2b: Maushold\n|move|p2a: Wo-Chien|Leech Seed|p1a: Lycanroc\n|-start|p1a: Lycanroc|move: Leech Seed\n|\n|-weather|none\n|-heal|p2a: Wo-Chien|95\/100|[from] item: Leftovers\n|-damage|p1a: Lycanroc|88\/100|[from] Leech Seed|[of] p2a: Wo-Chien\n|-heal|p2a: Wo-Chien|100\/100|[silent]\n|-damage|p1b: Garchomp|64\/100|[from] Leech Seed|[of] p2a: Wo-Chien\n|-fieldend|move: Gravity\n|upkeep\n|\n|t:|1683700186\n|switch|p2b: Amoonguss|Amoonguss, L50, F|100\/100\n|turn|6\n|\n|t:|1683700196\n|move|p1a: Lycanroc|Protect|p1a: Lycanroc\n|-singleturn|p1a: Lycanroc|Protect\n|move|p2b: Amoonguss|Rage Powder|p2b: Amoonguss\n|-singleturn|p2b: Amoonguss|move: Rage Powder\n|move|p1b: Garchomp|Dragon Claw|p2b: Amoonguss\n|-damage|p2b: Amoonguss|60\/100\n|-damage|p1b: Garchomp|48\/100|[from] item: Rocky Helmet|[of] p2b: Amoonguss\n|move|p2a: Wo-Chien|Ruination|p1b: Garchomp\n|-damage|p1b: Garchomp|25\/100\n|\n|-damage|p1a: Lycanroc|76\/100|[from] Leech Seed|[of] p2a: Wo-Chien\n|-damage|p1b: Garchomp|13\/100|[from] Leech Seed|[of] p2a: Wo-Chien\n|upkeep\n|turn|7\n|\n|t:|1683700214\n|move|p2a: Wo-Chien|Protect|p2a: Wo-Chien\n|-singleturn|p2a: Wo-Chien|Protect\n|move|p1a: Lycanroc|Rock Slide|p2b: Amoonguss|[spread] p2b\n|-activate|p2a: Wo-Chien|move: Protect\n|-damage|p2b: Amoonguss|44\/100\n|move|p1b: Garchomp|Iron Head|p2a: Wo-Chien\n|-activate|p2a: Wo-Chien|move: Protect\n|cant|p2b: Amoonguss|flinch\n|\n|-damage|p1a: Lycanroc|64\/100|[from] Leech Seed|[of] p2a: Wo-Chien\n|-damage|p1b: Garchomp|0 fnt|[from] Leech Seed|[of] p2a: Wo-Chien\n|faint|p1b: Garchomp\n|upkeep\n|turn|8\n|\n|t:|1683700235\n|move|p1a: Lycanroc|Rock Slide|p2a: Wo-Chien|[spread] p2a,p2b\n|-damage|p2a: Wo-Chien|83\/100\n|-damage|p2b: Amoonguss|27\/100\n|cant|p2a: Wo-Chien|flinch\n|move|p2b: Amoonguss|Toxic|p1a: Lycanroc\n|-status|p1a: Lycanroc|tox\n|\n|-heal|p2a: Wo-Chien|89\/100|[from] item: Leftovers\n|-damage|p1a: Lycanroc|52\/100 tox|[from] Leech Seed|[of] p2a: Wo-Chien\n|-heal|p2a: Wo-Chien|99\/100|[silent]\n|-damage|p1a: Lycanroc|46\/100 tox|[from] psn\n|upkeep\n|turn|9\n|\n|t:|1683700249\n|move|p2a: Wo-Chien|Protect|p2a: Wo-Chien\n|-singleturn|p2a: Wo-Chien|Protect\n|move|p2b: Amoonguss|Protect|p2b: Amoonguss\n|-singleturn|p2b: Amoonguss|Protect\n|move|p1a: Lycanroc|Endeavor|p2a: Wo-Chien\n|-activate|p2a: Wo-Chien|move: Protect\n|\n|-heal|p2a: Wo-Chien|100\/100|[from] item: Leftovers\n|-damage|p1a: Lycanroc|34\/100 tox|[from] Leech Seed|[of] p2a: Wo-Chien\n|-damage|p1a: Lycanroc|22\/100 tox|[from] psn\n|upkeep\n|turn|10\n|\n|t:|1683700272\n|move|p2b: Amoonguss|Rage Powder|p2b: Amoonguss\n|-singleturn|p2b: Amoonguss|move: Rage Powder\n|move|p1a: Lycanroc|Endeavor|p2b: Amoonguss\n|-damage|p2b: Amoonguss|18\/100\n|-damage|p1a: Lycanroc|6\/100 tox|[from] item: Rocky Helmet|[of] p2b: Amoonguss\n|move|p2a: Wo-Chien|Giga Drain|p1a: Lycanroc\n|-supereffective|p1a: Lycanroc\n|-damage|p1a: Lycanroc|0 fnt\n|faint|p1a: Lycanroc\n|\n|win|test subject 8862M\n|raw|Justinjevans's rating: 1018 → 1006<\/strong> (-12 for losing)\n|raw|test subject 8862M's rating: 1050 → 1080<\/strong> (+30 for winning)\n|l|\u2606Justinjevans\n","uploadtime":1683700287,"views":18,"p1id":"justinjevans","p2id":"testsubject8862m","formatid":"gen9vgc2023regulationc","rating":1006,"private":0,"password":""}