{"id":"gen9vgc2023regulationc-1855593911","p1":"ShortbreadDread","p2":"69BidOOF420","format":"[Gen 9] VGC 2023 Regulation C","log":"|j|\u2606ShortbreadDread\n|j|\u260669BidOOF420\n|t:|1682964928\n|gametype|doubles\n|player|p1|ShortbreadDread|dancer|1412\n|player|p2|69BidOOF420|serena|1471\n|teamsize|p1|6\n|teamsize|p2|6\n|gen|9\n|tier|[Gen 9] VGC 2023 Regulation C\n|rated|\n|rule|Species Clause: Limit one of each Pok\u00e9mon\n|rule|Item Clause: Limit one of each item\n|clearpoke\n|poke|p1|Chi-Yu, L50|\n|poke|p1|Flutter Mane, L50|\n|poke|p1|Amoonguss, L50, F|\n|poke|p1|Ceruledge, L50, F|\n|poke|p1|Iron Hands, L50|\n|poke|p1|Iron Bundle, L50|\n|poke|p2|Lycanroc, L50, F|\n|poke|p2|Tyranitar, L50, F|\n|poke|p2|Palafin, L50, F|\n|poke|p2|Ting-Lu, L50|\n|poke|p2|Armarouge, L50, M|\n|poke|p2|Indeedee-F, L50, F|\n|teampreview|4\n|inactive|Battle timer is ON: inactive players will automatically lose when time's up. (requested by ShortbreadDread)\n|inactive|69BidOOF420 has 60 seconds left.\n|inactive|69BidOOF420 has 30 seconds left.\n|inactive|69BidOOF420 has 20 seconds left.\n|inactive|69BidOOF420 has 15 seconds left.\n|inactive|69BidOOF420 has 10 seconds left.\n|inactive|69BidOOF420 has 5 seconds left.\n|\n|t:|1682965018\n|start\n|switch|p1a: Nanao|Chi-Yu, L50|100\/100\n|switch|p1b: Fiji|Iron Bundle, L50|100\/100\n|switch|p2a: Lycanroc|Lycanroc, L50, F|100\/100\n|switch|p2b: Palafin|Palafin, L50, F|100\/100\n|-ability|p1a: Nanao|Beads of Ruin\n|-enditem|p1b: Fiji|Booster Energy\n|-activate|p1b: Fiji|ability: Quark Drive|[fromitem]\n|-start|p1b: Fiji|quarkdrivespe\n|turn|1\n|\n|t:|1682965042\n|switch|p1a: Iron Hands|Iron Hands, L50|100\/100\n|detailschange|p2b: Palafin|Palafin-Hero, L50, F\n|switch|p2b: Tyranitar|Tyranitar, L50, F|100\/100\n|-weather|Sandstorm|[from] ability: Sand Stream|[of] p2b: Tyranitar\n|move|p2a: Lycanroc|Rock Slide|p1b: Fiji|[spread] p1a,p1b\n|-resisted|p1a: Iron Hands\n|-supereffective|p1b: Fiji\n|-damage|p1a: Iron Hands|90\/100\n|-damage|p1b: Fiji|35\/100\n|move|p1b: Fiji|Icy Wind|p2a: Lycanroc|[spread] p2a,p2b\n|-damage|p2a: Lycanroc|77\/100\n|-damage|p2b: Tyranitar|88\/100\n|-unboost|p2a: Lycanroc|spe|1\n|-unboost|p2b: Tyranitar|spe|1\n|\n|-weather|Sandstorm|[upkeep]\n|-damage|p1b: Fiji|29\/100|[from] Sandstorm\n|-damage|p1a: Iron Hands|84\/100|[from] Sandstorm\n|upkeep\n|turn|2\n|inactive|ShortbreadDread has 30 seconds left.\n|inactive|69BidOOF420 has 30 seconds left.\n|inactive|69BidOOF420 has 20 seconds left.\n|inactive|69BidOOF420 has 15 seconds left.\n|inactive|69BidOOF420 has 10 seconds left.\n|inactive|69BidOOF420 has 5 seconds left.\n|\n|t:|1682965093\n|switch|p2a: Ting-Lu|Ting-Lu, L50|100\/100\n|-ability|p2a: Ting-Lu|Vessel of Ruin\n|-terastallize|p2b: Tyranitar|Flying\n|move|p1a: Iron Hands|Fake Out|p2a: Ting-Lu\n|-damage|p2a: Ting-Lu|93\/100\n|move|p1b: Fiji|Freeze-Dry|p2a: Ting-Lu\n|-supereffective|p2a: Ting-Lu\n|-damage|p2a: Ting-Lu|71\/100\n|move|p2b: Tyranitar|Tera Blast|p1b: Fiji\n|-damage|p1b: Fiji|0 fnt\n|faint|p1b: Fiji\n|-end|p1b: Fiji|Quark Drive|[silent]\n|\n|-weather|Sandstorm|[upkeep]\n|-damage|p2b: Tyranitar|83\/100|[from] Sandstorm\n|-damage|p1a: Iron Hands|78\/100|[from] Sandstorm\n|upkeep\n|\n|t:|1682965100\n|switch|p1b: Hornet|Amoonguss, L50, F|100\/100\n|turn|3\n|\n|t:|1682965125\n|-terastallize|p1b: Hornet|Water\n|move|p2b: Tyranitar|Tera Blast|p1b: Hornet\n|-damage|p1b: Hornet|47\/100\n|-enditem|p1b: Hornet|Sitrus Berry|[eat]\n|-heal|p1b: Hornet|72\/100|[from] item: Sitrus Berry\n|move|p1a: Iron Hands|Drain Punch|p2a: Ting-Lu\n|-supereffective|p2a: Ting-Lu\n|-crit|p2a: Ting-Lu\n|-damage|p2a: Ting-Lu|4\/100\n|-heal|p1a: Iron Hands|100\/100|[from] drain|[of] p2a: Ting-Lu\n|move|p2a: Ting-Lu|Stomping Tantrum|p1b: Hornet\n|-damage|p1b: Hornet|51\/100\n|move|p1b: Hornet|Spore|p2b: Tyranitar\n|-status|p2b: Tyranitar|slp|[from] move: Spore\n|\n|-weather|Sandstorm|[upkeep]\n|-damage|p2b: Tyranitar|77\/100 slp|[from] Sandstorm\n|-damage|p1a: Iron Hands|94\/100|[from] Sandstorm\n|-damage|p1b: Hornet|45\/100|[from] Sandstorm\n|upkeep\n|turn|4\n|\n|t:|1682965146\n|switch|p1b: Nanao|Chi-Yu, L50|100\/100\n|-ability|p1b: Nanao|Beads of Ruin\n|cant|p2b: Tyranitar|slp\n|move|p1a: Iron Hands|Drain Punch|p2a: Ting-Lu\n|-supereffective|p2a: Ting-Lu\n|-damage|p2a: Ting-Lu|0 fnt\n|-heal|p1a: Iron Hands|97\/100|[from] drain|[of] p2a: Ting-Lu\n|faint|p2a: Ting-Lu\n|\n|-weather|Sandstorm|[upkeep]\n|-damage|p1b: Nanao|94\/100|[from] Sandstorm\n|-damage|p2b: Tyranitar|71\/100 slp|[from] Sandstorm\n|-damage|p1a: Iron Hands|91\/100|[from] Sandstorm\n|upkeep\n|\n|t:|1682965159\n|switch|p2a: Palafin|Palafin-Hero, L50, F|100\/100\n|-activate|p2a: Palafin|ability: Zero to Hero\n|turn|5\n|\n|t:|1682965173\n|switch|p1b: Hornet|Amoonguss, L50, F, tera:Water|79\/100\n|move|p2a: Palafin|Protect|p2a: Palafin\n|-singleturn|p2a: Palafin|Protect\n|-curestatus|p2b: Tyranitar|slp|[msg]\n|move|p2b: Tyranitar|Tera Blast|p1a: Iron Hands\n|-damage|p1a: Iron Hands|47\/100\n|move|p1a: Iron Hands|Wild Charge|p2b: Tyranitar\n|-supereffective|p2b: Tyranitar\n|-damage|p2b: Tyranitar|0 fnt\n|faint|p2b: Tyranitar\n|-damage|p1a: Iron Hands|34\/100|[from] Recoil\n|\n|-weather|none\n|upkeep\n|\n|t:|1682965176\n|switch|p2b: Lycanroc|Lycanroc, L50, F|77\/100\n|turn|6\n|inactive|ShortbreadDread has 30 seconds left.\n|\n|t:|1682965204\n|move|p1b: Hornet|Rage Powder|p1b: Hornet\n|-singleturn|p1b: Hornet|move: Rage Powder\n|move|p2b: Lycanroc|Rock Slide|p1a: Iron Hands|[spread] p1a,p1b\n|-resisted|p1a: Iron Hands\n|-damage|p1a: Iron Hands|24\/100\n|-damage|p1b: Hornet|54\/100\n|move|p2a: Palafin|Wave Crash|p1b: Hornet\n|-resisted|p1b: Hornet\n|-damage|p1b: Hornet|18\/100\n|-damage|p2a: Palafin|88\/100|[from] Recoil\n|move|p1a: Iron Hands|Drain Punch|p2b: Lycanroc\n|-supereffective|p2b: Lycanroc\n|-damage|p2b: Lycanroc|0 fnt\n|-heal|p1a: Iron Hands|49\/100|[from] drain|[of] p2b: Lycanroc\n|faint|p2b: Lycanroc\n|\n|upkeep\n|turn|7\n|\n|t:|1682965221\n|move|p1b: Hornet|Rage Powder|p1b: Hornet\n|-singleturn|p1b: Hornet|move: Rage Powder\n|move|p2a: Palafin|Jet Punch|p1b: Hornet\n|-resisted|p1b: Hornet\n|-damage|p1b: Hornet|0 fnt\n|faint|p1b: Hornet\n|move|p1a: Iron Hands|Wild Charge|p2a: Palafin\n|-supereffective|p2a: Palafin\n|-damage|p2a: Palafin|0 fnt\n|faint|p2a: Palafin\n|-damage|p1a: Iron Hands|30\/100|[from] Recoil\n|\n|win|ShortbreadDread\n|raw|ShortbreadDread's rating: 1412 → 1435<\/strong> (+23 for winning)\n|raw|69BidOOF420's rating: 1471 → 1448<\/strong> (-23 for losing)\n|l|\u260669BidOOF420\n","uploadtime":1682965252,"views":18,"p1id":"shortbreaddread","p2id":"69bidoof420","formatid":"gen9vgc2023regulationc","rating":1435,"private":0,"password":""}