{"id":"gen9vgc2023regulationc-1849044932","p1":"LupopaxxoVGC","p2":"Zeprikan","format":"[Gen 9] VGC 2023 Regulation C","log":"|j|\u2606LupopaxxoVGC\n|j|\u2606Zeprikan\n|t:|1682144479\n|gametype|doubles\n|player|p1|LupopaxxoVGC|proton|1208\n|player|p2|Zeprikan|101|1203\n|teamsize|p1|6\n|teamsize|p2|6\n|gen|9\n|tier|[Gen 9] VGC 2023 Regulation C\n|rated|\n|rule|Species Clause: Limit one of each Pok\u00e9mon\n|rule|Item Clause: Limit one of each item\n|clearpoke\n|poke|p1|Corviknight, L50, M|\n|poke|p1|Garchomp, L50, M|\n|poke|p1|Chi-Yu, L50|\n|poke|p1|Gyarados, L50, M|\n|poke|p1|Flutter Mane, L50|\n|poke|p1|Baxcalibur, L50, M|\n|poke|p2|Ting-Lu, L50|\n|poke|p2|Chien-Pao, L50|\n|poke|p2|Amoonguss, L50, F|\n|poke|p2|Dragapult, L50, F|\n|poke|p2|Gyarados, L50, M|\n|poke|p2|Annihilape, L50, F|\n|teampreview|4\n|inactive|Battle timer is ON: inactive players will automatically lose when time's up. (requested by Zeprikan)\n|inactive|LupopaxxoVGC has 60 seconds left.\n|inactive|Zeprikan has 60 seconds left.\n|inactive|LupopaxxoVGC has 30 seconds left.\n|inactive|Zeprikan has 30 seconds left.\n|inactive|Zeprikan has 20 seconds left.\n|inactive|Zeprikan has 15 seconds left.\n|inactive|Zeprikan has 10 seconds left.\n|inactive|Zeprikan has 5 seconds left.\n|\n|t:|1682144570\n|start\n|switch|p1a: Corviknight|Corviknight, L50, M|100\/100\n|switch|p1b: Chi-Yu|Chi-Yu, L50|100\/100\n|switch|p2a: Dragapult|Dragapult, L50, F|100\/100\n|switch|p2b: Annihilape|Annihilape, L50, F|100\/100\n|-ability|p1b: Chi-Yu|Beads of Ruin\n|turn|1\n|inactive|Zeprikan has 30 seconds left.\n|inactive|Zeprikan has 20 seconds left.\n|\n|t:|1682144609\n|-terastallize|p2b: Annihilape|Fire\n|move|p1b: Chi-Yu|Protect|p1b: Chi-Yu\n|-singleturn|p1b: Chi-Yu|Protect\n|move|p2a: Dragapult|Dragon Darts|p1a: Corviknight\n|-resisted|p1a: Corviknight\n|-crit|p1a: Corviknight\n|-damage|p1a: Corviknight|79\/100\n|-anim|p2a: Dragapult|Dragon Darts|p1a: Corviknight\n|-resisted|p1a: Corviknight\n|-damage|p1a: Corviknight|64\/100\n|move|p2b: Annihilape|Bulk Up|p2b: Annihilape\n|-boost|p2b: Annihilape|atk|1\n|-boost|p2b: Annihilape|def|1\n|move|p1a: Corviknight|Tailwind|p1a: Corviknight\n|-sidestart|p1: LupopaxxoVGC|move: Tailwind\n|\n|upkeep\n|turn|2\n|inactive|LupopaxxoVGC has 30 seconds left.\n|inactive|Zeprikan has 30 seconds left.\n|inactive|Zeprikan has 20 seconds left.\n|\n|t:|1682144653\n|switch|p2a: Ting-Lu|Ting-Lu, L50|100\/100\n|-ability|p2a: Ting-Lu|Vessel of Ruin\n|move|p1b: Chi-Yu|Dark Pulse|p2a: Ting-Lu\n|-resisted|p2a: Ting-Lu\n|-damage|p2a: Ting-Lu|90\/100\n|move|p1a: Corviknight|Bulk Up|p1a: Corviknight\n|-boost|p1a: Corviknight|atk|1\n|-boost|p1a: Corviknight|def|1\n|move|p2b: Annihilape|Drain Punch|p1b: Chi-Yu\n|-supereffective|p1b: Chi-Yu\n|-enditem|p1b: Chi-Yu|Focus Sash\n|-damage|p1b: Chi-Yu|1\/100\n|\n|upkeep\n|turn|3\n|inactive|Zeprikan has 30 seconds left.\n|\n|t:|1682144685\n|switch|p2a: Amoonguss|Amoonguss, L50, F|100\/100\n|move|p1b: Chi-Yu|Dark Pulse|p2b: Annihilape\n|-damage|p2b: Annihilape|58\/100\n|move|p1a: Corviknight|Bulk Up|p1a: Corviknight\n|-boost|p1a: Corviknight|atk|1\n|-boost|p1a: Corviknight|def|1\n|move|p2b: Annihilape|Rage Fist|p1b: Chi-Yu\n|-resisted|p1b: Chi-Yu\n|-damage|p1b: Chi-Yu|0 fnt\n|faint|p1b: Chi-Yu\n|\n|-heal|p2b: Annihilape|64\/100|[from] item: Leftovers\n|upkeep\n|\n|t:|1682144703\n|switch|p1b: Baxcalibur|Baxcalibur, L50, M, shiny|100\/100\n|turn|4\n|\n|t:|1682144717\n|move|p1b: Baxcalibur|Protect|p1b: Baxcalibur\n|-singleturn|p1b: Baxcalibur|Protect\n|move|p2b: Annihilape|Protect|p2b: Annihilape\n|-singleturn|p2b: Annihilape|Protect\n|move|p1a: Corviknight|Iron Head|p2b: Annihilape\n|-activate|p2b: Annihilape|move: Protect\n|move|p2a: Amoonguss|Spore|p1a: Corviknight\n|-status|p1a: Corviknight|slp|[from] move: Spore\n|\n|-heal|p2b: Annihilape|70\/100|[from] item: Leftovers\n|-sideend|p1: LupopaxxoVGC|move: Tailwind\n|upkeep\n|turn|5\n|inactive|LupopaxxoVGC has 30 seconds left.\n|inactive|Zeprikan has 30 seconds left.\n|inactive|Zeprikan has 20 seconds left.\n|inactive|Zeprikan has 15 seconds left.\n|inactive|Zeprikan has 10 seconds left.\n|\n|t:|1682144767\n|move|p2a: Amoonguss|Rage Powder|p2a: Amoonguss\n|-singleturn|p2a: Amoonguss|move: Rage Powder\n|move|p2b: Annihilape|Drain Punch|p1b: Baxcalibur\n|-supereffective|p1b: Baxcalibur\n|-damage|p1b: Baxcalibur|19\/100\n|-heal|p2b: Annihilape|100\/100|[from] drain|[of] p1b: Baxcalibur\n|move|p1b: Baxcalibur|Icicle Spear|p2a: Amoonguss\n|-supereffective|p2a: Amoonguss\n|-damage|p2a: Amoonguss|75\/100\n|-supereffective|p2a: Amoonguss\n|-damage|p2a: Amoonguss|51\/100\n|-supereffective|p2a: Amoonguss\n|-damage|p2a: Amoonguss|25\/100\n|-supereffective|p2a: Amoonguss\n|-crit|p2a: Amoonguss\n|-damage|p2a: Amoonguss|0 fnt\n|faint|p2a: Amoonguss\n|-hitcount|p2: Amoonguss|4\n|cant|p1a: Corviknight|slp\n|\n|upkeep\n|\n|t:|1682144787\n|switch|p2a: Dragapult|Dragapult, L50, F|100\/100\n|turn|6\n|\n|t:|1682144812\n|move|p1b: Baxcalibur|Protect|p1b: Baxcalibur\n|-singleturn|p1b: Baxcalibur|Protect\n|move|p2a: Dragapult|Dragon Darts|p1a: Corviknight\n|-resisted|p1a: Corviknight\n|-damage|p1a: Corviknight|57\/100 slp\n|-anim|p2a: Dragapult|Dragon Darts|p1a: Corviknight\n|-resisted|p1a: Corviknight\n|-damage|p1a: Corviknight|49\/100 slp\n|-enditem|p1a: Corviknight|Sitrus Berry|[eat]\n|-heal|p1a: Corviknight|74\/100 slp|[from] item: Sitrus Berry\n|move|p2b: Annihilape|Bulk Up|p2b: Annihilape\n|-boost|p2b: Annihilape|atk|1\n|-boost|p2b: Annihilape|def|1\n|cant|p1a: Corviknight|slp\n|\n|upkeep\n|turn|7\n|\n|t:|1682144834\n|move|p1b: Baxcalibur|Ice Shard|p2a: Dragapult\n|-supereffective|p2a: Dragapult\n|-damage|p2a: Dragapult|27\/100\n|move|p2a: Dragapult|Dragon Darts|p1b: Baxcalibur\n|-supereffective|p1b: Baxcalibur\n|-damage|p1b: Baxcalibur|0 fnt\n|-anim|p2a: Dragapult|Dragon Darts|p1a: Corviknight\n|-resisted|p1a: Corviknight\n|-damage|p1a: Corviknight|66\/100 slp\n|faint|p1b: Baxcalibur\n|move|p2b: Annihilape|Rage Fist|p1a: Corviknight\n|-damage|p1a: Corviknight|32\/100 slp\n|cant|p1a: Corviknight|slp\n|\n|upkeep\n|\n|t:|1682144846\n|switch|p1b: Flutter Mane|Flutter Mane, L50|100\/100\n|turn|8\n|inactive|Zeprikan has 30 seconds left.\n|inactive|Zeprikan has 20 seconds left.\n|\n|t:|1682144881\n|switch|p2a: Ting-Lu|Ting-Lu, L50|90\/100\n|-ability|p2a: Ting-Lu|Vessel of Ruin\n|move|p1b: Flutter Mane|Dazzling Gleam|p2b: Annihilape|[spread] p2a,p2b\n|-supereffective|p2a: Ting-Lu\n|-resisted|p2b: Annihilape\n|-damage|p2a: Ting-Lu|60\/100\n|-damage|p2b: Annihilape|89\/100\n|move|p2b: Annihilape|Rage Fist|p1a: Corviknight\n|-damage|p1a: Corviknight|0 fnt\n|faint|p1a: Corviknight\n|\n|-heal|p2b: Annihilape|95\/100|[from] item: Leftovers\n|upkeep\n|turn|9\n|j| Hxdra\n|-message|LupopaxxoVGC forfeited.\n|\n|win|Zeprikan\n|raw|LupopaxxoVGC's rating: 1208 → 1183<\/strong> (-25 for losing)\n|raw|Zeprikan's rating: 1203 → 1228<\/strong> (+25 for winning)\n|l|\u2606LupopaxxoVGC\n|c|\u2606Zeprikan|GG\n","uploadtime":1682144922,"views":9,"p1id":"lupopaxxovgc","p2id":"zeprikan","formatid":"gen9vgc2023regulationc","rating":1183,"private":0,"password":""}