{"id":"gen9vgc2023regulationc-1848337330","p1":"Emberbloom","p2":"Npooc","format":"[Gen 9] VGC 2023 Regulation C","log":"|j|\u2606Emberbloom\n|j|\u2606Npooc\n|t:|1682062843\n|gametype|doubles\n|player|p1|Emberbloom|flannery|1405\n|player|p2|Npooc|rocketgrunt|1435\n|teamsize|p1|6\n|teamsize|p2|6\n|gen|9\n|tier|[Gen 9] VGC 2023 Regulation C\n|rated|\n|rule|Species Clause: Limit one of each Pok\u00e9mon\n|rule|Item Clause: Limit one of each item\n|clearpoke\n|poke|p1|Corviknight, L50, M|\n|poke|p1|Tyranitar, L50, M|\n|poke|p1|Garchomp, L50, F|\n|poke|p1|Amoonguss, L50, M|\n|poke|p1|Arcanine, L50, M|\n|poke|p1|Iron Bundle, L50|\n|poke|p2|Tyranitar, L50, M|\n|poke|p2|Lycanroc, L50, M|\n|poke|p2|Gastrodon, L50, F|\n|poke|p2|Corviknight, L50, M|\n|poke|p2|Iron Moth, L50|\n|poke|p2|Flutter Mane, L50|\n|teampreview|4\n|inactive|Battle timer is ON: inactive players will automatically lose when time's up. (requested by Npooc)\n|inactive|Emberbloom has 60 seconds left.\n|\n|t:|1682062897\n|start\n|switch|p1a: Corviknight|Corviknight, L50, M|100\/100\n|switch|p1b: Iron Bundle|Iron Bundle, L50|100\/100\n|switch|p2a: Iron Moth|Iron Moth, L50|100\/100\n|switch|p2b: Flutter Mane|Flutter Mane, L50|100\/100\n|-enditem|p1b: Iron Bundle|Booster Energy\n|-activate|p1b: Iron Bundle|ability: Quark Drive|[fromitem]\n|-start|p1b: Iron Bundle|quarkdrivespe\n|-enditem|p2a: Iron Moth|Booster Energy\n|-activate|p2a: Iron Moth|ability: Quark Drive|[fromitem]\n|-start|p2a: Iron Moth|quarkdrivespe\n|turn|1\n|inactive|Emberbloom has 30 seconds left.\n|\n|t:|1682062926\n|-end|p2b: Flutter Mane|Protosynthesis|[silent]\n|switch|p2b: Gastrodon|Gastrodon, L50, F|100\/100\n|move|p1b: Iron Bundle|Protect|p1b: Iron Bundle\n|-singleturn|p1b: Iron Bundle|Protect\n|move|p2a: Iron Moth|Heat Wave|p1b: Iron Bundle|[spread] p1a\n|-activate|p1b: Iron Bundle|move: Protect\n|-supereffective|p1a: Corviknight\n|-damage|p1a: Corviknight|32\/100\n|move|p1a: Corviknight|Tailwind|p1a: Corviknight\n|-sidestart|p1: Emberbloom|move: Tailwind\n|\n|upkeep\n|turn|2\n|\n|t:|1682062947\n|switch|p1a: Arcanine|Arcanine, L50, M|100\/100\n|-ability|p1a: Arcanine|Intimidate|boost\n|-unboost|p2a: Iron Moth|atk|1\n|-unboost|p2b: Gastrodon|atk|1\n|move|p2b: Gastrodon|Protect|p2b: Gastrodon\n|-singleturn|p2b: Gastrodon|Protect\n|move|p1b: Iron Bundle|Freeze-Dry|p2b: Gastrodon\n|-activate|p2b: Gastrodon|move: Protect\n|move|p2a: Iron Moth|Heat Wave|p1b: Iron Bundle|[spread] p1a,p1b\n|-resisted|p1a: Arcanine\n|-damage|p1a: Arcanine|85\/100\n|-damage|p1b: Iron Bundle|27\/100\n|\n|upkeep\n|turn|3\n|inactive|Npooc has 30 seconds left.\n|inactive|Npooc has 20 seconds left.\n|inactive|Npooc has 15 seconds left.\n|\n|t:|1682062988\n|-terastallize|p2b: Gastrodon|Fire\n|move|p1a: Arcanine|Extreme Speed|p2a: Iron Moth\n|-damage|p2a: Iron Moth|72\/100\n|move|p1b: Iron Bundle|Freeze-Dry|p2b: Gastrodon\n|-resisted|p2b: Gastrodon\n|-damage|p2b: Gastrodon|85\/100\n|move|p2a: Iron Moth|Acid Spray|p1a: Arcanine\n|-damage|p1a: Arcanine|69\/100\n|-unboost|p1a: Arcanine|spd|2\n|move|p2b: Gastrodon|Earth Power|p1a: Arcanine\n|-supereffective|p1a: Arcanine\n|-damage|p1a: Arcanine|0 fnt\n|faint|p1a: Arcanine\n|\n|-heal|p2b: Gastrodon|91\/100|[from] item: Leftovers\n|upkeep\n|\n|t:|1682062994\n|switch|p1a: Garchomp|Garchomp, L50, F|100\/100\n|turn|4\n|inactive|Npooc has 30 seconds left.\n|\n|t:|1682063026\n|-end|p1b: Iron Bundle|Quark Drive|[silent]\n|switch|p1b: Corviknight|Corviknight, L50, M|32\/100\n|switch|p2b: Corviknight|Corviknight, L50, M|100\/100\n|move|p2a: Iron Moth|Protect|p2a: Iron Moth\n|-singleturn|p2a: Iron Moth|Protect\n|move|p1a: Garchomp|Earthquake|p2a: Iron Moth|[spread] \n|-activate|p2a: Iron Moth|move: Protect\n|-immune|p1b: Corviknight\n|-immune|p2b: Corviknight\n|\n|-sideend|p1: Emberbloom|move: Tailwind\n|upkeep\n|turn|5\n|inactive|Emberbloom has 30 seconds left.\n|\n|t:|1682063061\n|move|p2a: Iron Moth|Heat Wave|p1b: Corviknight|[spread] p1a,p1b\n|-resisted|p1a: Garchomp\n|-supereffective|p1b: Corviknight\n|-damage|p1a: Garchomp|81\/100\n|-damage|p1b: Corviknight|0 fnt\n|faint|p1b: Corviknight\n|move|p1a: Garchomp|Earthquake|p2b: Corviknight|[spread] p2a\n|-immune|p2b: Corviknight\n|-supereffective|p2a: Iron Moth\n|-damage|p2a: Iron Moth|0 fnt\n|faint|p2a: Iron Moth\n|-end|p2a: Iron Moth|Quark Drive|[silent]\n|move|p2b: Corviknight|Iron Defense|p2b: Corviknight\n|-boost|p2b: Corviknight|def|2\n|\n|upkeep\n|\n|t:|1682063077\n|switch|p2a: Flutter Mane|Flutter Mane, L50|100\/100\n|switch|p1b: Iron Bundle|Iron Bundle, L50|27\/100\n|turn|6\n|\n|t:|1682063090\n|-end|p2a: Flutter Mane|Protosynthesis|[silent]\n|switch|p2a: Gastrodon|Gastrodon, L50, F, tera:Fire|91\/100\n|move|p1b: Iron Bundle|Freeze-Dry|p2b: Corviknight\n|-damage|p2b: Corviknight|65\/100\n|move|p1a: Garchomp|Rock Slide|p2a: Gastrodon|[spread] p2a,p2b\n|-supereffective|p2a: Gastrodon\n|-damage|p2a: Gastrodon|56\/100\n|-damage|p2b: Corviknight|60\/100\n|move|p2b: Corviknight|Body Press|p1b: Iron Bundle\n|-supereffective|p1b: Iron Bundle\n|-damage|p1b: Iron Bundle|0 fnt\n|faint|p1b: Iron Bundle\n|-end|p1b: Iron Bundle|Quark Drive|[silent]\n|\n|-heal|p2a: Gastrodon|62\/100|[from] item: Leftovers\n|upkeep\n|turn|7\n|\n|t:|1682063103\n|move|p1a: Garchomp|Rock Slide|p2b: Corviknight|[spread] p2a,p2b\n|-supereffective|p2a: Gastrodon\n|-damage|p2a: Gastrodon|25\/100\n|-damage|p2b: Corviknight|54\/100\n|move|p2b: Corviknight|Roost|p2b: Corviknight\n|-heal|p2b: Corviknight|100\/100\n|-singleturn|p2b: Corviknight|move: Roost\n|cant|p2a: Gastrodon|flinch\n|\n|-heal|p2a: Gastrodon|31\/100|[from] item: Leftovers\n|upkeep\n|turn|8\n|\n|t:|1682063116\n|move|p2a: Gastrodon|Protect|p2a: Gastrodon\n|-singleturn|p2a: Gastrodon|Protect\n|move|p1a: Garchomp|Earthquake|p2b: Corviknight|[spread] \n|-activate|p2a: Gastrodon|move: Protect\n|-immune|p2b: Corviknight\n|move|p2b: Corviknight|Body Press|p1a: Garchomp\n|-damage|p1a: Garchomp|25\/100\n|\n|-heal|p2a: Gastrodon|37\/100|[from] item: Leftovers\n|upkeep\n|turn|9\n|\n|t:|1682063125\n|move|p1a: Garchomp|Earthquake|p2b: Corviknight|[spread] p2a\n|-immune|p2b: Corviknight\n|-supereffective|p2a: Gastrodon\n|-damage|p2a: Gastrodon|0 fnt\n|faint|p2a: Gastrodon\n|move|p2b: Corviknight|Body Press|p1a: Garchomp\n|-damage|p1a: Garchomp|0 fnt\n|faint|p1a: Garchomp\n|\n|win|Npooc\n|raw|Emberbloom's rating: 1405 → 1387<\/strong> (-18 for losing)\n|raw|Npooc's rating: 1435 → 1453<\/strong> (+18 for winning)\n","uploadtime":1682063135,"views":7,"p1id":"emberbloom","p2id":"npooc","formatid":"gen9vgc2023regulationc","rating":1387,"private":0,"password":""}