{"id":"gen9vgc2023regulationc-1859263400","p1":"bokessj","p2":"rhydonmapines","format":"[Gen 9] VGC 2023 Regulation C","log":"|j|\u2606bokessj\n|j|\u2606rhydonmapines\n|t:|1683425616\n|gametype|doubles\n|player|p1|bokessj|cynthia-gen4|1071\n|player|p2|rhydonmapines|clay|1067\n|teamsize|p1|6\n|teamsize|p2|6\n|gen|9\n|tier|[Gen 9] VGC 2023 Regulation C\n|rated|\n|rule|Species Clause: Limit one of each Pok\u00e9mon\n|rule|Item Clause: Limit one of each item\n|clearpoke\n|poke|p1|Indeedee-F, L50, F|\n|poke|p1|Armarouge, L50, M|\n|poke|p1|Torkoal, L50, M|\n|poke|p1|Hatterene, L50, F|\n|poke|p1|Kingambit, L50, M|\n|poke|p1|Annihilape, L50, M|\n|poke|p2|Wo-Chien, L50|\n|poke|p2|Houndstone, L50, F|\n|poke|p2|Appletun, L50, M|\n|poke|p2|Muk, L50, M|\n|poke|p2|Dachsbun, L50, M|\n|poke|p2|Toxapex, L50, F|\n|teampreview|4\n|inactive|Battle timer is ON: inactive players will automatically lose when time's up. (requested by bokessj)\n|\n|t:|1683425640\n|start\n|switch|p1a: Indeedee|Indeedee-F, L50, F|100\/100\n|switch|p1b: Armarouge|Armarouge, L50, M|100\/100\n|switch|p2a: Toxapex|Toxapex, L50, F|100\/100\n|switch|p2b: Muk|Muk, L50, M|100\/100\n|-fieldstart|move: Psychic Terrain|[from] ability: Psychic Surge|[of] p1a: Indeedee\n|-enditem|p1a: Indeedee|Psychic Seed\n|-boost|p1a: Indeedee|spd|1|[from] item: Psychic Seed\n|turn|1\n|inactive|bokessj has 30 seconds left.\n|inactive|rhydonmapines has 30 seconds left.\n|\n|t:|1683425669\n|-terastallize|p2b: Muk|Flying\n|move|p2a: Toxapex|Protect|p2a: Toxapex\n|-singleturn|p2a: Toxapex|Protect\n|move|p1b: Armarouge|Expanding Force|p2a: Toxapex|[spread] p2b\n|-activate|p2a: Toxapex|move: Protect\n|-damage|p2b: Muk|49\/100\n|move|p2b: Muk|Minimize|p2b: Muk\n|-boost|p2b: Muk|evasion|2\n|move|p1a: Indeedee|Trick Room|p1a: Indeedee\n|-fieldstart|move: Trick Room|[of] p1a: Indeedee\n|\n|upkeep\n|turn|2\n|\n|t:|1683425688\n|move|p1a: Indeedee|Follow Me|p1a: Indeedee\n|-singleturn|p1a: Indeedee|move: Follow Me\n|move|p2a: Toxapex|Toxic|p1a: Indeedee\n|-status|p1a: Indeedee|tox\n|move|p2b: Muk|Minimize|p2b: Muk\n|-boost|p2b: Muk|evasion|2\n|move|p1b: Armarouge|Expanding Force|p2a: Toxapex|[spread] p2a\n|-miss|p1b: Armarouge|p2b: Muk\n|-supereffective|p2a: Toxapex\n|-damage|p2a: Toxapex|0 fnt\n|faint|p2a: Toxapex\n|\n|-damage|p1a: Indeedee|94\/100 tox|[from] psn\n|upkeep\n|\n|t:|1683425702\n|switch|p2a: Wo-Chien|Wo-Chien, L50|100\/100\n|-ability|p2a: Wo-Chien|Tablets of Ruin\n|turn|3\n|inactive|rhydonmapines has 30 seconds left.\n|\n|t:|1683425734\n|move|p1a: Indeedee|Follow Me|p1a: Indeedee\n|-singleturn|p1a: Indeedee|move: Follow Me\n|move|p2b: Muk|Minimize|p2b: Muk\n|-boost|p2b: Muk|evasion|2\n|move|p1b: Armarouge|Armor Cannon|p2a: Wo-Chien\n|-supereffective|p2a: Wo-Chien\n|-damage|p2a: Wo-Chien|24\/100\n|-unboost|p1b: Armarouge|def|1\n|-unboost|p1b: Armarouge|spd|1\n|move|p2a: Wo-Chien|Snarl|p1a: Indeedee|[spread] p1a,p1b\n|-supereffective|p1a: Indeedee\n|-supereffective|p1b: Armarouge\n|-damage|p1a: Indeedee|77\/100 tox\n|-damage|p1b: Armarouge|55\/100\n|-unboost|p1a: Indeedee|spa|1\n|-unboost|p1b: Armarouge|spa|1\n|\n|-damage|p1a: Indeedee|65\/100 tox|[from] psn\n|upkeep\n|turn|4\n|\n|t:|1683425758\n|move|p2b: Muk|Rest|p2b: Muk\n|-status|p2b: Muk|slp|[from] move: Rest\n|-heal|p2b: Muk|100\/100 slp|[silent]\n|move|p1b: Armarouge|Expanding Force|p2a: Wo-Chien|[spread] \n|-immune|p2a: Wo-Chien\n|-miss|p1b: Armarouge|p2b: Muk\n|move|p1a: Indeedee|Dazzling Gleam|p2b: Muk|[spread] p2a,p2b\n|-supereffective|p2a: Wo-Chien\n|-damage|p2a: Wo-Chien|13\/100\n|-damage|p2b: Muk|95\/100 slp\n|move|p2a: Wo-Chien|Snarl|p1a: Indeedee|[spread] p1a,p1b\n|-supereffective|p1a: Indeedee\n|-supereffective|p1b: Armarouge\n|-damage|p1a: Indeedee|48\/100 tox\n|-damage|p1b: Armarouge|7\/100\n|-unboost|p1a: Indeedee|spa|1\n|-unboost|p1b: Armarouge|spa|1\n|\n|-damage|p1a: Indeedee|29\/100 tox|[from] psn\n|upkeep\n|turn|5\n|\n|t:|1683425780\n|cant|p2b: Muk|slp\n|move|p1b: Armarouge|Expanding Force|p2a: Wo-Chien|[spread] \n|-immune|p2a: Wo-Chien\n|-miss|p1b: Armarouge|p2b: Muk\n|move|p1a: Indeedee|Dazzling Gleam|p2a: Wo-Chien|[spread] p2a,p2b\n|-supereffective|p2a: Wo-Chien\n|-damage|p2a: Wo-Chien|5\/100\n|-damage|p2b: Muk|90\/100 slp\n|move|p2a: Wo-Chien|Snarl|p1b: Armarouge|[spread] p1a,p1b\n|-supereffective|p1a: Indeedee\n|-supereffective|p1b: Armarouge\n|-crit|p1b: Armarouge\n|-damage|p1a: Indeedee|11\/100 tox\n|-damage|p1b: Armarouge|0 fnt\n|-unboost|p1a: Indeedee|spa|1\n|faint|p1b: Armarouge\n|\n|-damage|p1a: Indeedee|0 fnt|[from] psn\n|faint|p1a: Indeedee\n|-fieldend|move: Trick Room\n|-fieldend|move: Psychic Terrain\n|upkeep\n|\n|t:|1683425800\n|switch|p1a: Torkoal|Torkoal, L50, M|100\/100\n|switch|p1b: Hatterene|Hatterene, L50, F|100\/100\n|-weather|SunnyDay|[from] ability: Drought|[of] p1a: Torkoal\n|turn|6\n|\n|t:|1683425814\n|move|p2a: Wo-Chien|Ruination|p1b: Hatterene\n|-damage|p1b: Hatterene|51\/100\n|cant|p2b: Muk|slp\n|move|p1b: Hatterene|Dazzling Gleam|p2a: Wo-Chien|[spread] p2a\n|-miss|p1b: Hatterene|p2b: Muk\n|-supereffective|p2a: Wo-Chien\n|-damage|p2a: Wo-Chien|0 fnt\n|faint|p2a: Wo-Chien\n|-damage|p1b: Hatterene|41\/100|[from] item: Life Orb\n|move|p1a: Torkoal|Eruption|p2b: Muk|[miss]\n|-miss|p1a: Torkoal|p2b: Muk\n|\n|-weather|SunnyDay|[upkeep]\n|upkeep\n|\n|t:|1683425821\n|switch|p2a: Houndstone|Houndstone, L50, F|100\/100\n|turn|7\n|inactive|bokessj has 30 seconds left.\n|inactive|bokessj has 20 seconds left.\n|\n|t:|1683425858\n|-terastallize|p1b: Hatterene|Fire\n|move|p2a: Houndstone|Destiny Bond|p2a: Houndstone\n|-singlemove|p2a: Houndstone|Destiny Bond\n|-curestatus|p2b: Muk|slp|[msg]\n|move|p2b: Muk|Toxic|p1a: Torkoal\n|-status|p1a: Torkoal|tox\n|move|p1b: Hatterene|Mystical Fire|p2b: Muk|[miss]\n|-miss|p1b: Hatterene|p2b: Muk\n|move|p1a: Torkoal|Eruption|p2b: Muk|[spread] p2a\n|-miss|p1a: Torkoal|p2b: Muk\n|-damage|p2a: Houndstone|0 fnt\n|faint|p2a: Houndstone\n|-activate|p2a: Houndstone|move: Destiny Bond\n|faint|p1a: Torkoal\n|\n|-weather|SunnyDay|[upkeep]\n|upkeep\n|turn|8\n|\n|t:|1683425882\n|move|p2b: Muk|Minimize|p2b: Muk\n|-boost|p2b: Muk|evasion|0\n|move|p1b: Hatterene|Mystical Fire|p2b: Muk\n|-damage|p2b: Muk|29\/100\n|-unboost|p2b: Muk|spa|1\n|-damage|p1b: Hatterene|32\/100|[from] item: Life Orb\n|\n|-weather|SunnyDay|[upkeep]\n|upkeep\n|turn|9\n|\n|t:|1683425893\n|move|p2b: Muk|Rest|p2b: Muk\n|-status|p2b: Muk|slp|[from] move: Rest\n|-heal|p2b: Muk|100\/100 slp|[silent]\n|move|p1b: Hatterene|Mystical Fire|p2b: Muk|[miss]\n|-miss|p1b: Hatterene|p2b: Muk\n|\n|-weather|SunnyDay|[upkeep]\n|upkeep\n|turn|10\n|\n|t:|1683425902\n|cant|p2b: Muk|slp\n|move|p1b: Hatterene|Mystical Fire|p2b: Muk\n|-damage|p2b: Muk|40\/100 slp\n|-unboost|p2b: Muk|spa|1\n|-damage|p1b: Hatterene|23\/100|[from] item: Life Orb\n|\n|-weather|none\n|upkeep\n|turn|11\n|\n|t:|1683425912\n|cant|p2b: Muk|slp\n|move|p1b: Hatterene|Mystical Fire|p2b: Muk\n|-damage|p2b: Muk|1\/100 slp\n|-unboost|p2b: Muk|spa|1\n|-damage|p1b: Hatterene|13\/100|[from] item: Life Orb\n|\n|upkeep\n|turn|12\n|\n|t:|1683425931\n|-curestatus|p2b: Muk|slp|[msg]\n|move|p2b: Muk|Rest|p2b: Muk\n|-status|p2b: Muk|slp|[from] move: Rest\n|-heal|p2b: Muk|100\/100 slp|[silent]\n|move|p1b: Hatterene|Mystical Fire|p2b: Muk|[miss]\n|-miss|p1b: Hatterene|p2b: Muk\n|\n|upkeep\n|turn|13\n|\n|t:|1683425943\n|cant|p2b: Muk|slp\n|move|p1b: Hatterene|Mystical Fire|p2b: Muk|[miss]\n|-miss|p1b: Hatterene|p2b: Muk\n|\n|upkeep\n|turn|14\n|\n|t:|1683425950\n|cant|p2b: Muk|slp\n|move|p1b: Hatterene|Mystical Fire|p2b: Muk|[miss]\n|-miss|p1b: Hatterene|p2b: Muk\n|\n|upkeep\n|turn|15\n|\n|t:|1683425957\n|-curestatus|p2b: Muk|slp|[msg]\n|move|p2b: Muk|Minimize|p2b: Muk\n|-boost|p2b: Muk|evasion|0\n|move|p1b: Hatterene|Mystical Fire|p2b: Muk|[miss]\n|-miss|p1b: Hatterene|p2b: Muk\n|\n|upkeep\n|turn|16\n|\n|t:|1683425966\n|move|p2b: Muk|Minimize|p2b: Muk\n|-boost|p2b: Muk|evasion|0\n|move|p1b: Hatterene|Mystical Fire|p2b: Muk|[miss]\n|-miss|p1b: Hatterene|p2b: Muk\n|\n|upkeep\n|turn|17\n|\n|t:|1683425973\n|move|p2b: Muk|Minimize|p2b: Muk\n|-boost|p2b: Muk|evasion|0\n|move|p1b: Hatterene|Mystical Fire|p2b: Muk|[miss]\n|-miss|p1b: Hatterene|p2b: Muk\n|\n|upkeep\n|turn|18\n|\n|t:|1683425980\n|move|p2b: Muk|Minimize|p2b: Muk\n|-boost|p2b: Muk|evasion|0\n|move|p1b: Hatterene|Mystical Fire|p2b: Muk|[miss]\n|-miss|p1b: Hatterene|p2b: Muk\n|\n|upkeep\n|turn|19\n|\n|t:|1683425987\n|move|p2b: Muk|Minimize|p2b: Muk\n|-boost|p2b: Muk|evasion|0\n|move|p1b: Hatterene|Mystical Fire|p2b: Muk\n|-damage|p2b: Muk|65\/100\n|-unboost|p2b: Muk|spa|1\n|-damage|p1b: Hatterene|4\/100|[from] item: Life Orb\n|\n|upkeep\n|turn|20\n|\n|t:|1683425998\n|move|p2b: Muk|Rest|p2b: Muk\n|-status|p2b: Muk|slp|[from] move: Rest\n|-heal|p2b: Muk|100\/100 slp|[silent]\n|move|p1b: Hatterene|Psychic|p2b: Muk|[miss]\n|-miss|p1b: Hatterene|p2b: Muk\n|\n|upkeep\n|turn|21\n|\n|t:|1683426015\n|cant|p2b: Muk|slp\n|move|p1b: Hatterene|Psychic|p2b: Muk|[miss]\n|-miss|p1b: Hatterene|p2b: Muk\n|\n|upkeep\n|turn|22\n|\n|t:|1683426021\n|cant|p2b: Muk|slp\n|move|p1b: Hatterene|Psychic|p2b: Muk|[miss]\n|-miss|p1b: Hatterene|p2b: Muk\n|\n|upkeep\n|turn|23\n|\n|t:|1683426028\n|-curestatus|p2b: Muk|slp|[msg]\n|move|p2b: Muk|Minimize|p2b: Muk\n|-boost|p2b: Muk|evasion|0\n|move|p1b: Hatterene|Psychic|p2b: Muk\n|-damage|p2b: Muk|57\/100\n|-damage|p1b: Hatterene|0 fnt|[from] item: Life Orb\n|faint|p1b: Hatterene\n|\n|win|rhydonmapines\n|raw|bokessj's rating: 1071 → 1050<\/strong> (-21 for losing)\n|raw|rhydonmapines's rating: 1067 → 1097<\/strong> (+30 for winning)\n","uploadtime":1683426036,"views":13,"p1id":"bokessj","p2id":"rhydonmapines","formatid":"gen9vgc2023regulationc","rating":1050,"private":0,"password":""}