{"id":"gen9vgc2023regulationc-1853242566","p1":"silverumbreon90","p2":"iiinu","format":"[Gen 9] VGC 2023 Regulation C","log":"|j|\u2606silverumbreon90\n|j|\u2606iiinu\n|t:|1682653680\n|gametype|doubles\n|player|p1|silverumbreon90|gambler|1518\n|player|p2|iiinu|skyla-masters|1567\n|teamsize|p1|6\n|teamsize|p2|6\n|gen|9\n|tier|[Gen 9] VGC 2023 Regulation C\n|rated|\n|rule|Species Clause: Limit one of each Pok\u00e9mon\n|rule|Item Clause: Limit one of each item\n|clearpoke\n|poke|p1|Dragonite, L50, M|\n|poke|p1|Chien-Pao, L50|\n|poke|p1|Arcanine, L50, F|\n|poke|p1|Amoonguss, L50, F|\n|poke|p1|Azumarill, L50, M|\n|poke|p1|Flutter Mane, L50|\n|poke|p2|Dragonite, L50, M|\n|poke|p2|Talonflame, L50, F|\n|poke|p2|Gyarados, L50, F|\n|poke|p2|Florges-White, L50, F|\n|poke|p2|Flutter Mane, L50|\n|poke|p2|Baxcalibur, L50, M|\n|teampreview|4\n|inactive|Battle timer is ON: inactive players will automatically lose when time's up. (requested by iiinu)\nsilverumbreon90 has agreed to open team sheets.\niiinu has agreed to open team sheets.\n|inactive|silverumbreon90 has 60 seconds left.\n|inactive|iiinu has 60 seconds left.\n|inactive|silverumbreon90 has 30 seconds left.\n|inactive|iiinu has 30 seconds left.\n|inactive|silverumbreon90 has 20 seconds left.\n|inactive|silverumbreon90 has 15 seconds left.\n|inactive|silverumbreon90 has 10 seconds left.\n|\n|t:|1682653763\n|start\n|switch|p1a: Azumarill|Azumarill, L50, M|100\/100\n|switch|p1b: Arcanine|Arcanine, L50, F|100\/100\n|switch|p2a: Talonflame|Talonflame, L50, F|100\/100\n|switch|p2b: Baxcalibur|Baxcalibur, L50, M|100\/100\n|-ability|p1b: Arcanine|Intimidate|boost\n|-unboost|p2a: Talonflame|atk|1\n|-unboost|p2b: Baxcalibur|atk|1\n|turn|1\n|j| pandajue\n|inactive|silverumbreon90 has 30 seconds left.\n|inactive|iiinu has 30 seconds left.\n|inactive|silverumbreon90 has 20 seconds left.\n|inactive|silverumbreon90 has 15 seconds left.\n|inactive|silverumbreon90 has 10 seconds left.\n|\n|t:|1682653812\n|move|p1b: Arcanine|Extreme Speed|p2a: Talonflame\n|-damage|p2a: Talonflame|69\/100\n|move|p2a: Talonflame|Will-O-Wisp|p1a: Azumarill\n|-status|p1a: Azumarill|brn\n|move|p2b: Baxcalibur|Glaive Rush|p1b: Arcanine\n|-damage|p1b: Arcanine|40\/100\n|-singlemove|p2b: Baxcalibur|Glaive Rush|[silent]\n|-damage|p2b: Baxcalibur|91\/100|[from] item: Life Orb\n|move|p1a: Azumarill|Play Rough|p2b: Baxcalibur\n|-supereffective|p2b: Baxcalibur\n|-damage|p2b: Baxcalibur|0 fnt\n|faint|p2b: Baxcalibur\n|\n|-damage|p1a: Azumarill|94\/100 brn|[from] brn\n|upkeep\n|\n|t:|1682653823\n|switch|p2b: Florges|Florges-White, L50, F|100\/100\n|turn|2\n|\n|t:|1682653841\n|move|p2b: Florges|Protect|p2b: Florges\n|-singleturn|p2b: Florges|Protect\n|move|p2a: Talonflame|Tailwind|p2a: Talonflame\n|-sidestart|p2: iiinu|move: Tailwind\n|move|p1b: Arcanine|Flare Blitz|p2a: Talonflame\n|-resisted|p2a: Talonflame\n|-damage|p2a: Talonflame|33\/100\n|-damage|p1b: Arcanine|31\/100|[from] Recoil\n|move|p1a: Azumarill|Liquidation|p2a: Talonflame\n|-supereffective|p2a: Talonflame\n|-damage|p2a: Talonflame|0 fnt\n|faint|p2a: Talonflame\n|\n|-damage|p1a: Azumarill|88\/100 brn|[from] brn\n|upkeep\n|\n|t:|1682653850\n|switch|p2a: Flutter Mane|Flutter Mane, L50|100\/100\n|-enditem|p2a: Flutter Mane|Booster Energy\n|-activate|p2b: Florges|ability: Symbiosis|Choice Specs|[of] p2a: Flutter Mane\n|-activate|p2a: Flutter Mane|ability: Protosynthesis|[fromitem]\n|-start|p2a: Flutter Mane|protosynthesisspa\n|turn|3\n|inactive|iiinu has 30 seconds left.\n|\n|t:|1682653879\n|-terastallize|p2a: Flutter Mane|Fairy\n|move|p2b: Florges|Helping Hand|p2a: Flutter Mane\n|-singleturn|p2a: Flutter Mane|Helping Hand|[of] p2b: Florges\n|move|p2a: Flutter Mane|Dazzling Gleam|p1a: Azumarill|[spread] p1a,p1b\n|-resisted|p1b: Arcanine\n|-damage|p1a: Azumarill|0 fnt\n|-damage|p1b: Arcanine|0 fnt\n|faint|p1a: Azumarill\n|faint|p1b: Arcanine\n|\n|upkeep\n|\n|t:|1682653885\n|switch|p1b: Amoonguss|Amoonguss, L50, F|100\/100\n|switch|p1a: Dragonite|Dragonite, L50, M|100\/100\n|turn|4\n|inactive|silverumbreon90 has 30 seconds left.\n|inactive|silverumbreon90 has 20 seconds left.\n|\n|t:|1682653924\n|-terastallize|p1a: Dragonite|Flying\n|move|p2b: Florges|Helping Hand|p2a: Flutter Mane\n|-singleturn|p2a: Flutter Mane|Helping Hand|[of] p2b: Florges\n|move|p1a: Dragonite|Extreme Speed|p2a: Flutter Mane\n|-damage|p2a: Flutter Mane|37\/100\n|move|p2a: Flutter Mane|Dazzling Gleam|p1b: Amoonguss|[spread] p1a,p1b\n|-resisted|p1b: Amoonguss\n|-damage|p1a: Dragonite|0 fnt\n|-damage|p1b: Amoonguss|44\/100\n|-enditem|p1b: Amoonguss|Sitrus Berry|[eat]\n|-heal|p1b: Amoonguss|69\/100|[from] item: Sitrus Berry\n|faint|p1a: Dragonite\n|move|p1b: Amoonguss|Spore|p2a: Flutter Mane\n|-status|p2a: Flutter Mane|slp|[from] move: Spore\n|\n|upkeep\n|turn|5\n|\n|t:|1682653941\n|cant|p2a: Flutter Mane|slp\n|move|p2b: Florges|Pollen Puff|p2a: Flutter Mane\n|-heal|p2a: Flutter Mane|87\/100 slp\n|move|p1b: Amoonguss|Spore|p2b: Florges\n|-status|p2b: Florges|slp|[from] move: Spore\n|\n|-sideend|p2: iiinu|move: Tailwind\n|upkeep\n|turn|6\n|-message|silverumbreon90 forfeited.\n|\n|win|iiinu\n|raw|silverumbreon90's rating: 1518 → 1501<\/strong> (-17 for losing)\n|raw|iiinu's rating: 1567 → 1584<\/strong> (+17 for winning)\n|l|\u2606iiinu\n|l|silverumbreon90\n","uploadtime":1682654868,"views":11,"p1id":"silverumbreon90","p2id":"iiinu","formatid":"gen9vgc2023regulationc","rating":1501,"private":0,"password":""}