{"id":"gen9vgc2023regulationc-1862059724","p1":"Philosogaymer","p2":"XD VIRGO","format":"[Gen 9] VGC 2023 Regulation C","log":"|j|\u2606Philosogaymer\n|j|\u2606XD VIRGO\n|t:|1683832999\n|gametype|doubles\n|player|p1|Philosogaymer|266|1134\n|player|p2|XD VIRGO|depotagent|1177\n|teamsize|p1|6\n|teamsize|p2|6\n|gen|9\n|tier|[Gen 9] VGC 2023 Regulation C\n|rated|\n|rule|Species Clause: Limit one of each Pok\u00e9mon\n|rule|Item Clause: Limit one of each item\n|clearpoke\n|poke|p1|Azumarill, L50, F|\n|poke|p1|Iron Moth, L50|\n|poke|p1|Gholdengo, L50|\n|poke|p1|Chien-Pao, L50|\n|poke|p1|Braviary, L50, M|\n|poke|p1|Garchomp, L50, M|\n|poke|p2|Abomasnow, L50, M|\n|poke|p2|Iron Bundle, L50|\n|poke|p2|Volcarona, L50, M|\n|poke|p2|Murkrow, L50, M|\n|poke|p2|Annihilape, L50, M|\n|poke|p2|Dragonite, L50, F|\n|teampreview|4\n|\n|t:|1683833041\n|start\n|switch|p1a: Braviary|Braviary, L50, M|100\/100\n|switch|p1b: Iron Moth|Iron Moth, L50|100\/100\n|switch|p2a: Abomasnow|Abomasnow, L50, M, shiny|100\/100\n|switch|p2b: Iron Bundle|Iron Bundle, L50|100\/100\n|-weather|Snow|[from] ability: Snow Warning|[of] p2a: Abomasnow\n|-enditem|p2b: Iron Bundle|Booster Energy\n|-activate|p2b: Iron Bundle|ability: Quark Drive|[fromitem]\n|-start|p2b: Iron Bundle|quarkdrivespe\n|-enditem|p1b: Iron Moth|Booster Energy\n|-activate|p1b: Iron Moth|ability: Quark Drive|[fromitem]\n|-start|p1b: Iron Moth|quarkdrivespe\n|turn|1\n|\n|t:|1683833065\n|-terastallize|p1a: Braviary|Fire\n|move|p1b: Iron Moth|Protect|p1b: Iron Moth\n|-singleturn|p1b: Iron Moth|Protect\n|move|p2b: Iron Bundle|Aurora Veil|p2b: Iron Bundle\n|-sidestart|p2: XD VIRGO|move: Aurora Veil\n|move|p1a: Braviary|Tailwind|p1a: Braviary\n|-sidestart|p1: Philosogaymer|move: Tailwind\n|move|p2a: Abomasnow|Blizzard|p1a: Braviary|[spread] p1a\n|-activate|p1b: Iron Moth|move: Protect\n|-resisted|p1a: Braviary\n|-damage|p1a: Braviary|77\/100\n|-status|p1a: Braviary|frz\n|-damage|p2a: Abomasnow|90\/100|[from] item: Life Orb\n|\n|-weather|Snow|[upkeep]\n|upkeep\n|turn|2\n|\n|t:|1683833097\n|-terastallize|p2a: Abomasnow|Water\n|move|p1b: Iron Moth|Sludge Wave|p2a: Abomasnow|[spread] p1a,p2a,p2b\n|-crit|p2b: Iron Bundle\n|-damage|p1a: Braviary|38\/100 frz\n|-damage|p2a: Abomasnow|65\/100\n|-damage|p2b: Iron Bundle|26\/100\n|-enditem|p1a: Braviary|Sitrus Berry|[eat]\n|-heal|p1a: Braviary|62\/100 frz|[from] item: Sitrus Berry\n|cant|p1a: Braviary|frz\n|move|p2b: Iron Bundle|Hydro Pump|p1a: Braviary\n|-supereffective|p1a: Braviary\n|-damage|p1a: Braviary|0 fnt\n|faint|p1a: Braviary\n|move|p2a: Abomasnow|Earth Power|p1b: Iron Moth\n|-supereffective|p1b: Iron Moth\n|-damage|p1b: Iron Moth|0 fnt\n|faint|p1b: Iron Moth\n|-end|p1b: Iron Moth|Quark Drive|[silent]\n|-damage|p2a: Abomasnow|55\/100|[from] item: Life Orb\n|\n|-weather|Snow|[upkeep]\n|upkeep\n|\n|t:|1683833115\n|switch|p1b: Garchomp|Garchomp, L50, M|100\/100\n|switch|p1a: Chien-Pao|Chien-Pao, L50|100\/100\n|-ability|p1a: Chien-Pao|Sword of Ruin\n|turn|3\n|\n|t:|1683833134\n|move|p1a: Chien-Pao|Sucker Punch|p2a: Abomasnow\n|-damage|p2a: Abomasnow|23\/100\n|move|p1b: Garchomp|Rock Slide|p2a: Abomasnow|[spread] p2a,p2b\n|-supereffective|p2b: Iron Bundle\n|-damage|p2a: Abomasnow|5\/100\n|-damage|p2b: Iron Bundle|1\/100\n|cant|p2b: Iron Bundle|flinch\n|move|p2a: Abomasnow|Blizzard|p1b: Garchomp|[spread] p1a,p1b\n|-resisted|p1a: Chien-Pao\n|-supereffective|p1b: Garchomp\n|-damage|p1a: Chien-Pao|66\/100\n|-damage|p1b: Garchomp|0 fnt\n|faint|p1b: Garchomp\n|-damage|p2a: Abomasnow|0 fnt|[from] item: Life Orb\n|faint|p2a: Abomasnow\n|\n|-weather|Snow|[upkeep]\n|upkeep\n|\n|t:|1683833150\n|switch|p2a: Annihilape|Annihilape, L50, M|100\/100\n|turn|4\n|\n|t:|1683833158\n|move|p1a: Chien-Pao|Protect|p1a: Chien-Pao\n|-singleturn|p1a: Chien-Pao|Protect\n|move|p2b: Iron Bundle|Blizzard|p1a: Chien-Pao\n|-activate|p1a: Chien-Pao|move: Protect\n|move|p2a: Annihilape|Drain Punch|p1a: Chien-Pao\n|-activate|p1a: Chien-Pao|move: Protect\n|\n|-weather|Snow|[upkeep]\n|-sideend|p1: Philosogaymer|move: Tailwind\n|upkeep\n|turn|5\n|\n|t:|1683833172\n|move|p2b: Iron Bundle|Protect|p2b: Iron Bundle\n|-singleturn|p2b: Iron Bundle|Protect\n|move|p1a: Chien-Pao|Sucker Punch||[still]\n|-fail|p1a: Chien-Pao\n|move|p2a: Annihilape|Taunt|p1a: Chien-Pao\n|-start|p1a: Chien-Pao|move: Taunt\n|\n|-weather|none\n|-sideend|p2: XD VIRGO|move: Aurora Veil\n|upkeep\n|turn|6\n|\n|t:|1683833186\n|-end|p2b: Iron Bundle|Quark Drive|[silent]\n|switch|p2b: Dragonite|Dragonite, L50, F|100\/100\n|move|p1a: Chien-Pao|Sucker Punch||[still]\n|-fail|p1a: Chien-Pao\n|move|p2a: Annihilape|Drain Punch|p1a: Chien-Pao\n|-supereffective|p1a: Chien-Pao\n|-damage|p1a: Chien-Pao|0 fnt\n|faint|p1a: Chien-Pao\n|\n|win|XD VIRGO\n|raw|Philosogaymer's rating: 1134 → 1112<\/strong> (-22 for losing)\n|raw|XD VIRGO's rating: 1177 → 1199<\/strong> (+22 for winning)\n|l|\u2606Philosogaymer\n","uploadtime":1683833215,"views":14,"p1id":"philosogaymer","p2id":"xdvirgo","formatid":"gen9vgc2023regulationc","rating":1112,"private":0,"password":""}