{"id":"gen9vgc2023regulationc-1848418611","p1":"Ykrach","p2":"jmbvcj","format":"[Gen 9] VGC 2023 Regulation C","log":"|j|\u2606Ykrach\n|j|\u2606jmbvcj\n|t:|1682075462\n|gametype|doubles\n|player|p1|Ykrach|acetrainer-gen4dp|1053\n|player|p2|jmbvcj|266|1095\n|teamsize|p1|6\n|teamsize|p2|6\n|gen|9\n|tier|[Gen 9] VGC 2023 Regulation C\n|rated|\n|rule|Species Clause: Limit one of each Pok\u00e9mon\n|rule|Item Clause: Limit one of each item\n|clearpoke\n|poke|p1|Vigoroth, L50, M|\n|poke|p1|Gallade, L50, M|\n|poke|p1|Umbreon, L50, F|\n|poke|p1|Frosmoth, L50, F|\n|poke|p1|Talonflame, L50, M|\n|poke|p1|Arboliva, L50, F|\n|poke|p2|Talonflame, L50, M|\n|poke|p2|Pelipper, L50, F|\n|poke|p2|Chi-Yu, L50|\n|poke|p2|Meowscarada, L50, F|\n|poke|p2|Sandy Shocks, L50|\n|poke|p2|Goodra, L50, F|\n|teampreview|4\n|\n|t:|1682075488\n|start\n|switch|p1a: Talonflame|Talonflame, L50, M|100\/100\n|switch|p1b: Gallade|Gallade, L50, M|100\/100\n|switch|p2a: Talonflame|Talonflame, L50, M, shiny|100\/100\n|switch|p2b: Pelipper|Pelipper, L50, F|100\/100\n|-weather|RainDance|[from] ability: Drizzle|[of] p2b: Pelipper\n|turn|1\n|\n|t:|1682075505\n|move|p2a: Talonflame|Hurricane|p1b: Gallade\n|-supereffective|p1b: Gallade\n|-damage|p1b: Gallade|25\/100\n|-damage|p2a: Talonflame|91\/100|[from] item: Life Orb\n|move|p1a: Talonflame|Tailwind|p1a: Talonflame\n|-sidestart|p1: Ykrach|move: Tailwind\n|move|p1b: Gallade|Psycho Cut|p2b: Pelipper\n|-damage|p2b: Pelipper|30\/100\n|move|p2b: Pelipper|Hurricane|p1a: Talonflame\n|-damage|p1a: Talonflame|0 fnt\n|faint|p1a: Talonflame\n|\n|-weather|RainDance|[upkeep]\n|upkeep\n|\n|t:|1682075517\n|switch|p1a: Vigoroth|Vigoroth, L50, M|100\/100\n|turn|2\n|\n|t:|1682075527\n|move|p1b: Gallade|Aqua Cutter|p2a: Talonflame\n|-supereffective|p2a: Talonflame\n|-crit|p2a: Talonflame\n|-damage|p2a: Talonflame|0 fnt\n|faint|p2a: Talonflame\n|move|p1a: Vigoroth|Body Slam|p2b: Pelipper\n|-damage|p2b: Pelipper|0 fnt\n|faint|p2b: Pelipper\n|\n|-weather|RainDance|[upkeep]\n|upkeep\n|\n|t:|1682075534\n|switch|p2a: Chi-Yu|Chi-Yu, L50|100\/100\n|switch|p2b: Sandy Shocks|Sandy Shocks, L50, shiny|100\/100\n|-ability|p2a: Chi-Yu|Beads of Ruin\n|-enditem|p2b: Sandy Shocks|Booster Energy\n|-activate|p2b: Sandy Shocks|ability: Protosynthesis|[fromitem]\n|-start|p2b: Sandy Shocks|protosynthesisspe\n|turn|3\n|\n|t:|1682075559\n|-terastallize|p2a: Chi-Yu|Water\n|move|p2b: Sandy Shocks|Gravity|p2b: Sandy Shocks\n|-fieldstart|move: Gravity\n|move|p1b: Gallade|Aqua Cutter|p2a: Chi-Yu\n|-resisted|p2a: Chi-Yu\n|-damage|p2a: Chi-Yu|53\/100\n|move|p1a: Vigoroth|Bulk Up|p1a: Vigoroth\n|-boost|p1a: Vigoroth|atk|1\n|-boost|p1a: Vigoroth|def|1\n|move|p2a: Chi-Yu|Inferno|p1a: Vigoroth\n|-damage|p1a: Vigoroth|72\/100\n|-status|p1a: Vigoroth|brn\n|\n|-weather|RainDance|[upkeep]\n|-damage|p1a: Vigoroth|66\/100 brn|[from] brn\n|upkeep\n|turn|4\n|\n|t:|1682075593\n|move|p2b: Sandy Shocks|Thunder|p1a: Vigoroth\n|-damage|p1a: Vigoroth|17\/100 brn\n|move|p1b: Gallade|Drain Punch|p2a: Chi-Yu\n|-damage|p2a: Chi-Yu|0 fnt\n|-heal|p1b: Gallade|46\/100|[from] drain|[of] p2a: Chi-Yu\n|faint|p2a: Chi-Yu\n|move|p1a: Vigoroth|Bulk Up|p1a: Vigoroth\n|-boost|p1a: Vigoroth|atk|1\n|-boost|p1a: Vigoroth|def|1\n|\n|-weather|RainDance|[upkeep]\n|-damage|p1a: Vigoroth|11\/100 brn|[from] brn\n|-sideend|p1: Ykrach|move: Tailwind\n|upkeep\n|turn|5\n|\n|t:|1682075611\n|move|p2b: Sandy Shocks|Earth Power|p1b: Gallade\n|-damage|p1b: Gallade|22\/100\n|move|p1b: Gallade|Aqua Cutter|p2b: Sandy Shocks\n|-supereffective|p2b: Sandy Shocks\n|-damage|p2b: Sandy Shocks|0 fnt\n|faint|p2b: Sandy Shocks\n|-end|p2b: Sandy Shocks|Protosynthesis|[silent]\n|\n|win|Ykrach\n|raw|Ykrach's rating: 1053 → 1089<\/strong> (+36 for winning)\n|raw|jmbvcj's rating: 1095 → 1068<\/strong> (-27 for losing)\n|l|\u2606jmbvcj\n","uploadtime":1682075622,"views":16,"p1id":"ykrach","p2id":"jmbvcj","formatid":"gen9vgc2023regulationc","rating":1068,"private":0,"password":""}