{"id":"gen9vgc2023regulationc-1858180185","p1":"Vengeful potato","p2":"Null66","format":"[Gen 9] VGC 2023 Regulation C","log":"|j|\u2606Vengeful potato\n|j|\u2606Null66\n|t:|1683287890\n|gametype|doubles\n|player|p1|Vengeful potato|swimmer-gen4|1291\n|player|p2|Null66|winona|1245\n|teamsize|p1|6\n|teamsize|p2|6\n|gen|9\n|tier|[Gen 9] VGC 2023 Regulation C\n|rated|\n|rule|Species Clause: Limit one of each Pok\u00e9mon\n|rule|Item Clause: Limit one of each item\n|clearpoke\n|poke|p1|Dudunsparce-*, L50, M|\n|poke|p1|Hariyama, L50, M|\n|poke|p1|Gholdengo, L50|\n|poke|p1|Gyarados, L50, M|\n|poke|p1|Rotom-Heat, L50|\n|poke|p1|Brute Bonnet, L50|\n|poke|p2|Abomasnow, L50, F|\n|poke|p2|Dragonite, L50, F|\n|poke|p2|Iron Bundle, L50|\n|poke|p2|Glaceon, L50, M|\n|poke|p2|Gyarados, L50, F|\n|poke|p2|Beartic, L50, F|\n|teampreview|4\n|inactive|Battle timer is ON: inactive players will automatically lose when time's up. (requested by Null66)\nNull66 rejected open team sheets.\n|\n|t:|1683287919\n|start\n|switch|p1a: \u23fa\ufe0f|Dudunsparce, L50, M|100\/100\n|switch|p1b: \ud83d\udcaa|Hariyama, L50, M, shiny|100\/100\n|switch|p2a: Abomasnow|Abomasnow, L50, F, shiny|100\/100\n|switch|p2b: Iron Bundle|Iron Bundle, L50, shiny|100\/100\n|-weather|Snow|[from] ability: Snow Warning|[of] p2a: Abomasnow\n|-enditem|p2b: Iron Bundle|Booster Energy\n|-activate|p2b: Iron Bundle|ability: Quark Drive|[fromitem]\n|-start|p2b: Iron Bundle|quarkdrivespe\n|turn|1\n|\n|t:|1683287937\n|-terastallize|p2b: Iron Bundle|Ghost\n|move|p2a: Abomasnow|Protect|p2a: Abomasnow\n|-singleturn|p2a: Abomasnow|Protect\n|move|p1b: \ud83d\udcaa|Fake Out|p2b: Iron Bundle\n|-immune|p2b: Iron Bundle\n|move|p2b: Iron Bundle|Aurora Veil|p2b: Iron Bundle\n|-sidestart|p2: Null66|move: Aurora Veil\n|move|p1a: \u23fa\ufe0f|Rock Slide|p2a: Abomasnow|[spread] p2b\n|-activate|p2a: Abomasnow|move: Protect\n|-damage|p2b: Iron Bundle|90\/100\n|\n|-weather|Snow|[upkeep]\n|upkeep\n|turn|2\n|\n|t:|1683287960\n|move|p1b: \ud83d\udcaa|Wide Guard|p1b: \ud83d\udcaa\n|-singleturn|p1b: \ud83d\udcaa|Wide Guard\n|move|p2b: Iron Bundle|Blizzard|p1b: \ud83d\udcaa|[spread] \n|-activate|p1a: \u23fa\ufe0f|move: Wide Guard\n|-activate|p1b: \ud83d\udcaa|move: Wide Guard\n|move|p1a: \u23fa\ufe0f|Glare|p2b: Iron Bundle\n|-status|p2b: Iron Bundle|par\n|move|p2a: Abomasnow|Blizzard|p1a: \u23fa\ufe0f|[spread] \n|-activate|p1a: \u23fa\ufe0f|move: Wide Guard\n|-activate|p1b: \ud83d\udcaa|move: Wide Guard\n|\n|-weather|Snow|[upkeep]\n|upkeep\n|turn|3\n|inactive|Vengeful potato has 30 seconds left.\n|\n|t:|1683287986\n|switch|p1b: \u26a1\ufe0f\ud83d\udd25|Rotom-Heat, L50, shiny|100\/100\n|move|p2b: Iron Bundle|Freeze-Dry|p1b: \u26a1\ufe0f\ud83d\udd25\n|-resisted|p1b: \u26a1\ufe0f\ud83d\udd25\n|-damage|p1b: \u26a1\ufe0f\ud83d\udd25|85\/100\n|move|p1a: \u23fa\ufe0f|Glare|p2a: Abomasnow\n|-status|p2a: Abomasnow|par\n|move|p2a: Abomasnow|Energy Ball|p1b: \u26a1\ufe0f\ud83d\udd25\n|-resisted|p1b: \u26a1\ufe0f\ud83d\udd25\n|-damage|p1b: \u26a1\ufe0f\ud83d\udd25|62\/100\n|-damage|p2a: Abomasnow|91\/100 par|[from] item: Life Orb\n|\n|-weather|Snow|[upkeep]\n|upkeep\n|turn|4\n|inactive|Vengeful potato has 30 seconds left.\n|inactive|Vengeful potato has 20 seconds left.\n|inactive|Vengeful potato has 15 seconds left.\n|\n|t:|1683288028\n|cant|p2a: Abomasnow|par\n|move|p2b: Iron Bundle|Hydro Pump|p1b: \u26a1\ufe0f\ud83d\udd25\n|-supereffective|p1b: \u26a1\ufe0f\ud83d\udd25\n|-damage|p1b: \u26a1\ufe0f\ud83d\udd25|0 fnt\n|faint|p1b: \u26a1\ufe0f\ud83d\udd25\n|move|p1a: \u23fa\ufe0f|Glare|p2a: Abomasnow\n|-fail|p2a: Abomasnow|par\n|\n|-weather|Snow|[upkeep]\n|upkeep\n|\n|t:|1683288039\n|switch|p1b: \u26b1\ufe0f\ud83d\udc80|Gholdengo, L50|100\/100\n|turn|5\n|\n|t:|1683288061\n|cant|p2b: Iron Bundle|par\n|move|p1a: \u23fa\ufe0f|Rock Slide|p2a: Abomasnow|[spread] p2a,p2b\n|-supereffective|p2a: Abomasnow\n|-damage|p2a: Abomasnow|78\/100 par\n|-damage|p2b: Iron Bundle|79\/100 par\n|move|p1b: \u26b1\ufe0f\ud83d\udc80|Hex|p2a: Abomasnow\n|-damage|p2a: Abomasnow|0 fnt\n|faint|p2a: Abomasnow\n|\n|-weather|none\n|-sideend|p2: Null66|move: Aurora Veil\n|upkeep\n|\n|t:|1683288083\n|switch|p2a: Beartic|Beartic, L50, F, shiny|100\/100\n|turn|6\n|inactive|Vengeful potato has 30 seconds left.\n|inactive|Vengeful potato has 20 seconds left.\n|inactive|Vengeful potato has 15 seconds left.\n|inactive|Vengeful potato has 10 seconds left.\n|\n|t:|1683288130\n|move|p2b: Iron Bundle|Freeze-Dry|p1a: \u23fa\ufe0f\n|-damage|p1a: \u23fa\ufe0f|67\/100\n|-status|p1a: \u23fa\ufe0f|frz\n|cant|p1a: \u23fa\ufe0f|frz\n|move|p2a: Beartic|Earthquake|p1b: \u26b1\ufe0f\ud83d\udc80|[spread] p2b,p1a,p1b\n|-supereffective|p1b: \u26b1\ufe0f\ud83d\udc80\n|-damage|p2b: Iron Bundle|47\/100 par\n|-damage|p1a: \u23fa\ufe0f|43\/100 frz\n|-damage|p1b: \u26b1\ufe0f\ud83d\udc80|54\/100\n|-enditem|p1a: \u23fa\ufe0f|Sitrus Berry|[eat]\n|-heal|p1a: \u23fa\ufe0f|68\/100 frz|[from] item: Sitrus Berry\n|move|p1b: \u26b1\ufe0f\ud83d\udc80|Hex|p2b: Iron Bundle\n|-supereffective|p2b: Iron Bundle\n|-crit|p2b: Iron Bundle\n|-damage|p2b: Iron Bundle|0 fnt\n|faint|p2b: Iron Bundle\n|-end|p2b: Iron Bundle|Quark Drive|[silent]\n|\n|upkeep\n|\n|t:|1683288144\n|switch|p2b: Glaceon|Glaceon, L50, M, shiny|100\/100\n|turn|7\n|\n|t:|1683288150\n|switch|p1b: \ud83d\udcaa|Hariyama, L50, M, shiny|100\/100\n|cant|p1a: \u23fa\ufe0f|frz\n|move|p2b: Glaceon|Calm Mind|p2b: Glaceon\n|-boost|p2b: Glaceon|spa|1\n|-boost|p2b: Glaceon|spd|1\n|move|p2a: Beartic|Rock Slide|p1b: \ud83d\udcaa|[spread] p1a,p1b\n|-resisted|p1b: \ud83d\udcaa\n|-damage|p1a: \u23fa\ufe0f|52\/100 frz\n|-damage|p1b: \ud83d\udcaa|91\/100\n|\n|upkeep\n|turn|8\n|\n|t:|1683288168\n|move|p2a: Beartic|Protect|p2a: Beartic\n|-singleturn|p2a: Beartic|Protect\n|move|p2b: Glaceon|Protect|p2b: Glaceon\n|-singleturn|p2b: Glaceon|Protect\n|move|p1b: \ud83d\udcaa|Fake Out|p2b: Glaceon\n|-activate|p2b: Glaceon|move: Protect\n|cant|p1a: \u23fa\ufe0f|frz\n|\n|upkeep\n|turn|9\n|\n|t:|1683288185\n|cant|p1a: \u23fa\ufe0f|frz\n|move|p2b: Glaceon|Calm Mind|p2b: Glaceon\n|-boost|p2b: Glaceon|spa|1\n|-boost|p2b: Glaceon|spd|1\n|move|p2a: Beartic|Rock Slide|p1a: \u23fa\ufe0f|[spread] p1a,p1b\n|-resisted|p1b: \ud83d\udcaa\n|-damage|p1a: \u23fa\ufe0f|36\/100 frz\n|-damage|p1b: \ud83d\udcaa|82\/100\n|move|p1b: \ud83d\udcaa|Drain Punch|p2a: Beartic\n|-supereffective|p2a: Beartic\n|-damage|p2a: Beartic|23\/100\n|-heal|p1b: \ud83d\udcaa|100\/100|[from] drain|[of] p2a: Beartic\n|\n|upkeep\n|turn|10\n|\n|t:|1683288204\n|move|p1b: \ud83d\udcaa|Bullet Punch|p2a: Beartic\n|-supereffective|p2a: Beartic\n|-damage|p2a: Beartic|0 fnt\n|faint|p2a: Beartic\n|cant|p1a: \u23fa\ufe0f|frz\n|move|p2b: Glaceon|Freeze-Dry|p1b: \ud83d\udcaa\n|-damage|p1b: \ud83d\udcaa|68\/100\n|\n|upkeep\n|turn|11\n|\n|t:|1683288215\n|cant|p1a: \u23fa\ufe0f|frz\n|move|p2b: Glaceon|Calm Mind|p2b: Glaceon\n|-boost|p2b: Glaceon|spa|1\n|-boost|p2b: Glaceon|spd|1\n|move|p1b: \ud83d\udcaa|Drain Punch|p2b: Glaceon\n|-supereffective|p2b: Glaceon\n|-damage|p2b: Glaceon|35\/100\n|-heal|p1b: \ud83d\udcaa|92\/100|[from] drain|[of] p2b: Glaceon\n|\n|-heal|p2b: Glaceon|41\/100|[from] item: Leftovers\n|upkeep\n|turn|12\n|\n|t:|1683288226\n|move|p2b: Glaceon|Protect|p2b: Glaceon\n|-singleturn|p2b: Glaceon|Protect\n|cant|p1a: \u23fa\ufe0f|frz\n|move|p1b: \ud83d\udcaa|Drain Punch|p2b: Glaceon\n|-activate|p2b: Glaceon|move: Protect\n|\n|-heal|p2b: Glaceon|47\/100|[from] item: Leftovers\n|upkeep\n|turn|13\n|\n|t:|1683288236\n|cant|p1a: \u23fa\ufe0f|frz\n|move|p2b: Glaceon|Freeze-Dry|p1b: \ud83d\udcaa\n|-damage|p1b: \ud83d\udcaa|54\/100\n|move|p1b: \ud83d\udcaa|Drain Punch|p2b: Glaceon\n|-supereffective|p2b: Glaceon\n|-damage|p2b: Glaceon|0 fnt\n|-heal|p1b: \ud83d\udcaa|72\/100|[from] drain|[of] p2b: Glaceon\n|faint|p2b: Glaceon\n|\n|win|Vengeful potato\n|raw|Vengeful potato's rating: 1291 → 1313<\/strong> (+22 for winning)\n|raw|Null66's rating: 1245 → 1223<\/strong> (-22 for losing)\n","uploadtime":1683288245,"views":8,"p1id":"vengefulpotato","p2id":"null66","formatid":"gen9vgc2023regulationc","rating":1223,"private":0,"password":""}