{"id":"gen9vgc2023regulationc-1851950717","p1":"slowr","p2":"eyPanda3","format":"[Gen 9] VGC 2023 Regulation C","log":"|j|\u2606slowr\n|j|\u2606eyPanda3\n|t:|1682510136\n|gametype|doubles\n|player|p1|slowr|caitlin|1050\n|player|p2|eyPanda3|wattson|1022\n|teamsize|p1|6\n|teamsize|p2|6\n|gen|9\n|tier|[Gen 9] VGC 2023 Regulation C\n|rated|\n|rule|Species Clause: Limit one of each Pok\u00e9mon\n|rule|Item Clause: Limit one of each item\n|clearpoke\n|poke|p1|Flutter Mane, L50|\n|poke|p1|Arcanine, L50, M|\n|poke|p1|Roaring Moon, L50|\n|poke|p1|Lilligant, L50, F|\n|poke|p1|Torkoal, L50, M|\n|poke|p1|Amoonguss, L50, M|\n|poke|p2|Indeedee-F, L50, F|\n|poke|p2|Kingambit, L50, M|\n|poke|p2|Armarouge, L50, F|\n|poke|p2|Dondozo, L50, M|\n|poke|p2|Tatsugiri-Droopy, L50, M|\n|poke|p2|Iron Hands, L50|\n|teampreview|4\n|inactive|Battle timer is ON: inactive players will automatically lose when time's up. (requested by slowr)\n|inactive|eyPanda3 has 60 seconds left.\n|\n|t:|1682510168\n|start\n|switch|p1a: Lilligant|Lilligant, L50, F, shiny|100\/100\n|switch|p1b: Torkoal|Torkoal, L50, M|100\/100\n|switch|p2a: Indeedee|Indeedee-F, L50, F|100\/100\n|switch|p2b: Armarouge|Armarouge, L50, F|100\/100\n|-fieldstart|move: Psychic Terrain|[from] ability: Psychic Surge|[of] p2a: Indeedee\n|-enditem|p2a: Indeedee|Psychic Seed\n|-boost|p2a: Indeedee|spd|1|[from] item: Psychic Seed\n|-weather|SunnyDay|[from] ability: Drought|[of] p1b: Torkoal\n|turn|1\n|l|\u2606slowr\n|inactive|slowr disconnected and has a minute to reconnect!\n|player|p1|\n|j|\u2606slowr\n|inactive|slowr reconnected and has 35 seconds left.\n|player|p1|slowr|caitlin\n|inactive|slowr has 30 seconds left.\n|\n|t:|1682510197\n|-terastallize|p2b: Armarouge|Grass\n|move|p2a: Indeedee|Helping Hand|p2b: Armarouge\n|-singleturn|p2b: Armarouge|Helping Hand|[of] p2a: Indeedee\n|move|p1a: Lilligant|Sleep Powder|p2b: Armarouge\n|-immune|p2b: Armarouge\n|move|p2b: Armarouge|Expanding Force|p1a: Lilligant|[spread] p1a,p1b\n|-damage|p1a: Lilligant|0 fnt\n|-damage|p1b: Torkoal|0 fnt\n|faint|p1a: Lilligant\n|faint|p1b: Torkoal\n|\n|-weather|SunnyDay|[upkeep]\n|upkeep\n|\n|t:|1682510208\n|switch|p1a: Roaring Moon|Roaring Moon, L50|100\/100\n|switch|p1b: Arcanine|Arcanine, L50, M|100\/100\n|-activate|p1a: Roaring Moon|ability: Protosynthesis\n|-start|p1a: Roaring Moon|protosynthesisatk\n|-ability|p1b: Arcanine|Intimidate|boost\n|-unboost|p2a: Indeedee|atk|1\n|-unboost|p2b: Armarouge|atk|1\n|turn|2\n|inactive|eyPanda3 has 30 seconds left.\n|\n|t:|1682510237\n|move|p2a: Indeedee|Follow Me|p2a: Indeedee\n|-singleturn|p2a: Indeedee|move: Follow Me\n|move|p1a: Roaring Moon|Dragon Dance|p1a: Roaring Moon\n|-boost|p1a: Roaring Moon|atk|1\n|-boost|p1a: Roaring Moon|spe|1\n|move|p1b: Arcanine|Snarl|p2b: Armarouge|[spread] p2a,p2b\n|-supereffective|p2a: Indeedee\n|-damage|p2a: Indeedee|89\/100\n|-damage|p2b: Armarouge|91\/100\n|-unboost|p2a: Indeedee|spa|1\n|-unboost|p2b: Armarouge|spa|1\n|move|p2b: Armarouge|Psychic|p1b: Arcanine\n|-damage|p1b: Arcanine|41\/100\n|-enditem|p1b: Arcanine|Sitrus Berry|[eat]\n|-heal|p1b: Arcanine|66\/100|[from] item: Sitrus Berry\n|\n|-weather|SunnyDay|[upkeep]\n|upkeep\n|turn|3\n|\n|t:|1682510251\n|move|p2a: Indeedee|Follow Me|p2a: Indeedee\n|-singleturn|p2a: Indeedee|move: Follow Me\n|move|p1a: Roaring Moon|Dragon Dance|p1a: Roaring Moon\n|-boost|p1a: Roaring Moon|atk|1\n|-boost|p1a: Roaring Moon|spe|1\n|move|p1b: Arcanine|Snarl|p2b: Armarouge|[spread] p2b\n|-miss|p1b: Arcanine|p2a: Indeedee\n|-damage|p2b: Armarouge|82\/100\n|-unboost|p2b: Armarouge|spa|1\n|move|p2b: Armarouge|Trick Room|p2b: Armarouge\n|-fieldstart|move: Trick Room|[of] p2b: Armarouge\n|\n|-weather|SunnyDay|[upkeep]\n|upkeep\n|turn|4\n|\n|t:|1682510273\n|move|p2a: Indeedee|Follow Me|p2a: Indeedee\n|-singleturn|p2a: Indeedee|move: Follow Me\n|move|p2b: Armarouge|Heat Wave|p1b: Arcanine|[spread] p1a,p1b\n|-resisted|p1a: Roaring Moon\n|-resisted|p1b: Arcanine\n|-damage|p1a: Roaring Moon|85\/100\n|-damage|p1b: Arcanine|47\/100\n|move|p1b: Arcanine|Snarl|p2a: Indeedee|[spread] p2a,p2b\n|-supereffective|p2a: Indeedee\n|-damage|p2a: Indeedee|78\/100\n|-damage|p2b: Armarouge|73\/100\n|-unboost|p2a: Indeedee|spa|1\n|-unboost|p2b: Armarouge|spa|1\n|move|p1a: Roaring Moon|Dragon Dance|p1a: Roaring Moon\n|-boost|p1a: Roaring Moon|atk|1\n|-boost|p1a: Roaring Moon|spe|1\n|\n|-weather|SunnyDay|[upkeep]\n|upkeep\n|turn|5\n|\n|t:|1682510296\n|move|p2a: Indeedee|Helping Hand|p2b: Armarouge\n|-singleturn|p2b: Armarouge|Helping Hand|[of] p2a: Indeedee\n|move|p2b: Armarouge|Expanding Force|p1a: Roaring Moon|[spread] p1b\n|-immune|p1a: Roaring Moon\n|-damage|p1b: Arcanine|0 fnt\n|faint|p1b: Arcanine\n|move|p1a: Roaring Moon|Dragon Dance|p1a: Roaring Moon\n|-boost|p1a: Roaring Moon|atk|1\n|-boost|p1a: Roaring Moon|spe|1\n|\n|-weather|none\n|-end|p1a: Roaring Moon|Protosynthesis\n|-fieldend|move: Psychic Terrain\n|upkeep\n|turn|6\n|\n|t:|1682510319\n|switch|p2b: Iron Hands|Iron Hands, L50|100\/100\n|move|p2a: Indeedee|Follow Me|p2a: Indeedee\n|-singleturn|p2a: Indeedee|move: Follow Me\n|move|p1a: Roaring Moon|Jaw Lock|p2a: Indeedee\n|-supereffective|p2a: Indeedee\n|-damage|p2a: Indeedee|0 fnt\n|faint|p2a: Indeedee\n|\n|upkeep\n|\n|t:|1682510325\n|switch|p2a: Kingambit|Kingambit, L50, M|100\/100\n|turn|7\n|\n|t:|1682510333\n|move|p1a: Roaring Moon|Protect|p1a: Roaring Moon\n|-singleturn|p1a: Roaring Moon|Protect\n|move|p2b: Iron Hands|Wild Charge|p1a: Roaring Moon\n|-activate|p1a: Roaring Moon|move: Protect\n|move|p2a: Kingambit|Kowtow Cleave|p1a: Roaring Moon\n|-activate|p1a: Roaring Moon|move: Protect\n|\n|-fieldend|move: Trick Room\n|upkeep\n|turn|8\n|\n|t:|1682510350\n|move|p1a: Roaring Moon|Jaw Lock|p2b: Iron Hands\n|-resisted|p2b: Iron Hands\n|-damage|p2b: Iron Hands|58\/100\n|-activate|p1a: Roaring Moon|trapped\n|-activate|p2b: Iron Hands|trapped\n|move|p2a: Kingambit|Swords Dance|p2a: Kingambit\n|-boost|p2a: Kingambit|atk|2\n|move|p2b: Iron Hands|Ice Punch|p1a: Roaring Moon\n|-supereffective|p1a: Roaring Moon\n|-damage|p1a: Roaring Moon|18\/100\n|\n|upkeep\n|turn|9\n|\n|t:|1682510361\n|move|p2a: Kingambit|Sucker Punch|p1a: Roaring Moon\n|-resisted|p1a: Roaring Moon\n|-damage|p1a: Roaring Moon|0 fnt\n|faint|p1a: Roaring Moon\n|-end|p1a: Roaring Moon|Protosynthesis|[silent]\n|\n|win|eyPanda3\n|raw|slowr's rating: 1050 → 1031<\/strong> (-19 for losing)\n|raw|eyPanda3's rating: 1022 → 1062<\/strong> (+40 for winning)\n|l|\u2606slowr\n","uploadtime":1682510462,"views":10,"p1id":"slowr","p2id":"eypanda3","formatid":"gen9vgc2023regulationc","rating":1031,"private":0,"password":""}