{"id":"gen9vgc2023regulationc-1856230341","p1":"layron_vgc","p2":"Krib_Underscore","format":"[Gen 9] VGC 2023 Regulation C","log":"|j|\u2606layron_vgc\n|j|\u2606Krib_Underscore\n|t:|1683042864\n|gametype|doubles\n|player|p1|layron_vgc|byron|1226\n|player|p2|Krib_Underscore|dancer|1122\n|teamsize|p1|6\n|teamsize|p2|6\n|gen|9\n|tier|[Gen 9] VGC 2023 Regulation C\n|rated|\n|rule|Species Clause: Limit one of each Pok\u00e9mon\n|rule|Item Clause: Limit one of each item\n|clearpoke\n|poke|p1|Annihilape, L50, M|\n|poke|p1|Maushold, L50|\n|poke|p1|Murkrow, L50, F|\n|poke|p1|Arcanine, L50, F|\n|poke|p1|Gholdengo, L50|\n|poke|p1|Palafin, L50, M|\n|poke|p2|Armarouge, L50, M|\n|poke|p2|Indeedee-F, L50, F|\n|poke|p2|Great Tusk, L50|\n|poke|p2|Corviknight, L50, M|\n|poke|p2|Iron Bundle, L50|\n|poke|p2|Roaring Moon, L50|\n|teampreview|4\n|inactive|Battle timer is ON: inactive players will automatically lose when time's up. (requested by layron_vgc)\nKrib_Underscore has agreed to open team sheets.\n|inactive|layron_vgc has 60 seconds left.\n|\n|t:|1683042903\n|start\n|switch|p1a: Gholdengo|Gholdengo, L50|100\/100\n|switch|p1b: Murkrow|Murkrow, L50, F|100\/100\n|switch|p2a: Megaman|Armarouge, L50, M|100\/100\n|switch|p2b: Bingidingle :3|Indeedee-F, L50, F|100\/100\n|-fieldstart|move: Psychic Terrain|[from] ability: Psychic Surge|[of] p2b: Bingidingle :3\n|-enditem|p2b: Bingidingle :3|Psychic Seed\n|-boost|p2b: Bingidingle :3|spd|1|[from] item: Psychic Seed\n|turn|1\n|\n|t:|1683042919\n|move|p2a: Megaman|Protect|p2a: Megaman\n|-singleturn|p2a: Megaman|Protect\n|move|p1a: Gholdengo|Make It Rain|p2a: Megaman|[spread] p2b\n|-activate|p2a: Megaman|move: Protect\n|-damage|p2b: Bingidingle :3|54\/100\n|-unboost|p1a: Gholdengo|spa|1\n|move|p1b: Murkrow|Brave Bird|p2a: Megaman\n|-activate|p2a: Megaman|move: Protect\n|move|p2b: Bingidingle :3|Trick Room|p2b: Bingidingle :3\n|-fieldstart|move: Trick Room|[of] p2b: Bingidingle :3\n|\n|upkeep\n|turn|2\n|inactive|Krib_Underscore has 30 seconds left.\n|\n|t:|1683042954\n|move|p2b: Bingidingle :3|Helping Hand|p2a: Megaman\n|-singleturn|p2a: Megaman|Helping Hand|[of] p2b: Bingidingle :3\n|move|p1b: Murkrow|Haze|p1b: Murkrow\n|-clearallboost\n|move|p2a: Megaman|Armor Cannon|p1a: Gholdengo\n|-supereffective|p1a: Gholdengo\n|-damage|p1a: Gholdengo|0 fnt\n|-unboost|p2a: Megaman|def|1\n|-unboost|p2a: Megaman|spd|1\n|faint|p1a: Gholdengo\n|-damage|p2a: Megaman|91\/100|[from] item: Life Orb\n|\n|upkeep\n|\n|t:|1683042966\n|switch|p1a: Annihilape|Annihilape, L50, M|100\/100\n|turn|3\n|\n|t:|1683042991\n|move|p1a: Annihilape|Protect|p1a: Annihilape\n|-singleturn|p1a: Annihilape|Protect\n|move|p2b: Bingidingle :3|Follow Me|p2b: Bingidingle :3\n|-singleturn|p2b: Bingidingle :3|move: Follow Me\n|move|p2a: Megaman|Expanding Force|p1a: Annihilape|[spread] \n|-activate|p1a: Annihilape|move: Protect\n|-immune|p1b: Murkrow\n|move|p1b: Murkrow|Brave Bird|p2b: Bingidingle :3\n|-damage|p2b: Bingidingle :3|19\/100\n|-damage|p1b: Murkrow|88\/100|[from] Recoil\n|\n|upkeep\n|turn|4\n|inactive|layron_vgc has 30 seconds left.\n|inactive|Krib_Underscore has 30 seconds left.\n|\n|t:|1683043024\n|-terastallize|p1a: Annihilape|Fire\n|move|p2b: Bingidingle :3|Helping Hand|p2a: Megaman\n|-singleturn|p2a: Megaman|Helping Hand|[of] p2b: Bingidingle :3\n|move|p2a: Megaman|Expanding Force|p1a: Annihilape|[spread] p1a\n|-immune|p1b: Murkrow\n|-damage|p1a: Annihilape|0 fnt\n|faint|p1a: Annihilape\n|-damage|p2a: Megaman|81\/100|[from] item: Life Orb\n|move|p1b: Murkrow|Brave Bird|p2b: Bingidingle :3\n|-damage|p2b: Bingidingle :3|0 fnt\n|faint|p2b: Bingidingle :3\n|-damage|p1b: Murkrow|81\/100|[from] Recoil\n|\n|upkeep\n|\n|t:|1683043041\n|switch|p2b: Big Horns|Great Tusk, L50|100\/100\n|switch|p1a: Arcanine|Arcanine, L50, F|100\/100\n|-ability|p1a: Arcanine|Intimidate|boost\n|-unboost|p2a: Megaman|atk|1\n|-unboost|p2b: Big Horns|atk|1\n|turn|5\n|\n|t:|1683043056\n|move|p1a: Arcanine|Protect|p1a: Arcanine\n|-singleturn|p1a: Arcanine|Protect\n|move|p1b: Murkrow|Tailwind|p1b: Murkrow\n|-sidestart|p1: layron_vgc|move: Tailwind\n|move|p2a: Megaman|Armor Cannon|p1b: Murkrow\n|-damage|p1b: Murkrow|11\/100\n|-unboost|p2a: Megaman|def|1\n|-unboost|p2a: Megaman|spd|1\n|-damage|p2a: Megaman|71\/100|[from] item: Life Orb\n|move|p2b: Big Horns|Headlong Rush|p1a: Arcanine\n|-activate|p1a: Arcanine|move: Protect\n|\n|-fieldend|move: Trick Room\n|-fieldend|move: Psychic Terrain\n|upkeep\n|turn|6\n|inactive|layron_vgc has 30 seconds left.\n|inactive|Krib_Underscore has 30 seconds left.\n|inactive|Krib_Underscore has 20 seconds left.\n|inactive|Krib_Underscore has 15 seconds left.\n|\n|t:|1683043102\n|-terastallize|p2a: Megaman|Grass\n|move|p1a: Arcanine|Will-O-Wisp|p2b: Big Horns\n|-status|p2b: Big Horns|brn\n|move|p1b: Murkrow|Foul Play|p2a: Megaman\n|-damage|p2a: Megaman|49\/100\n|move|p2b: Big Horns|Knock Off|p1b: Murkrow\n|-resisted|p1b: Murkrow\n|-damage|p1b: Murkrow|3\/100\n|-enditem|p1b: Murkrow|Eviolite|[from] move: Knock Off|[of] p2b: Big Horns\n|move|p2a: Megaman|Armor Cannon|p1b: Murkrow\n|-damage|p1b: Murkrow|0 fnt\n|-unboost|p2a: Megaman|def|1\n|-unboost|p2a: Megaman|spd|1\n|faint|p1b: Murkrow\n|-damage|p2a: Megaman|39\/100|[from] item: Life Orb\n|\n|-damage|p2b: Big Horns|95\/100 brn|[from] brn\n|upkeep\n|turn|7\n|\n|t:|1683043124\n|-end|p2b: Big Horns|Protosynthesis|[silent]\n|switch|p2b: Knockoff Mega|Roaring Moon, L50|100\/100\n|-enditem|p2b: Knockoff Mega|Booster Energy\n|-activate|p2b: Knockoff Mega|ability: Protosynthesis|[fromitem]\n|-start|p2b: Knockoff Mega|protosynthesisatk\n|move|p1a: Arcanine|Extreme Speed|p2a: Megaman\n|-damage|p2a: Megaman|0 fnt\n|faint|p2a: Megaman\n|\n|upkeep\n|\n|t:|1683043134\n|switch|p2a: Big Horns|Great Tusk, L50|95\/100 brn\n|turn|8\n|\n|t:|1683043147\n|move|p1a: Arcanine|Will-O-Wisp|p2b: Knockoff Mega\n|-status|p2b: Knockoff Mega|brn\n|move|p2b: Knockoff Mega|Acrobatics|p1a: Arcanine\n|-damage|p1a: Arcanine|70\/100\n|move|p2a: Big Horns|Knock Off|p1a: Arcanine\n|-damage|p1a: Arcanine|52\/100\n|-enditem|p1a: Arcanine|Sitrus Berry|[from] move: Knock Off|[of] p2a: Big Horns\n|\n|-damage|p2b: Knockoff Mega|94\/100 brn|[from] brn\n|-damage|p2a: Big Horns|89\/100 brn|[from] brn\n|-sideend|p1: layron_vgc|move: Tailwind\n|upkeep\n|turn|9\n|\n|t:|1683043163\n|move|p2b: Knockoff Mega|Protect|p2b: Knockoff Mega\n|-singleturn|p2b: Knockoff Mega|Protect\n|move|p1a: Arcanine|Protect|p1a: Arcanine\n|-singleturn|p1a: Arcanine|Protect\n|move|p2a: Big Horns|Headlong Rush|p1a: Arcanine\n|-activate|p1a: Arcanine|move: Protect\n|\n|-damage|p2b: Knockoff Mega|88\/100 brn|[from] brn\n|-damage|p2a: Big Horns|83\/100 brn|[from] brn\n|upkeep\n|turn|10\n|\n|t:|1683043175\n|move|p1a: Arcanine|Extreme Speed|p2b: Knockoff Mega\n|-damage|p2b: Knockoff Mega|64\/100 brn\n|move|p2b: Knockoff Mega|Dragon Claw|p1a: Arcanine\n|-damage|p1a: Arcanine|22\/100\n|move|p2a: Big Horns|Headlong Rush|p1a: Arcanine\n|-supereffective|p1a: Arcanine\n|-crit|p1a: Arcanine\n|-damage|p1a: Arcanine|0 fnt\n|-unboost|p2a: Big Horns|def|1\n|-unboost|p2a: Big Horns|spd|1\n|faint|p1a: Arcanine\n|\n|win|Krib_Underscore\n|raw|layron_vgc's rating: 1226 → 1194<\/strong> (-32 for losing)\n|raw|Krib_Underscore's rating: 1122 → 1154<\/strong> (+32 for winning)\n|l|\u2606layron_vgc\n|c|\u2606Krib_Underscore|gg\n","uploadtime":1683043192,"views":22,"p1id":"layronvgc","p2id":"kribunderscore","formatid":"gen9vgc2023regulationc","rating":1154,"private":0,"password":""}