{"id":"gen9vgc2023regulationc-1856518219","p1":"vrumvrumnatal","p2":"beetle the bard","format":"[Gen 9] VGC 2023 Regulation C","log":"|j|\u2606vrumvrumnatal\n|j|\u2606beetle the bard\n|t:|1683070724\n|gametype|doubles\n|player|p1|vrumvrumnatal|2|1277\n|player|p2|beetle the bard|palmer|1326\n|teamsize|p1|6\n|teamsize|p2|6\n|gen|9\n|tier|[Gen 9] VGC 2023 Regulation C\n|rated|\n|rule|Species Clause: Limit one of each Pok\u00e9mon\n|rule|Item Clause: Limit one of each item\n|clearpoke\n|poke|p1|Chien-Pao, L50|\n|poke|p1|Dragonite, L50, F|\n|poke|p1|Kingambit, L50, M|\n|poke|p1|Gyarados, L50, F|\n|poke|p1|Great Tusk, L50|\n|poke|p1|Flutter Mane, L50|\n|poke|p2|Murkrow, L50, M|\n|poke|p2|Chi-Yu, L50|\n|poke|p2|Brute Bonnet, L50|\n|poke|p2|Flutter Mane, L50|\n|poke|p2|Great Tusk, L50|\n|poke|p2|Gholdengo, L50|\n|teampreview|4\n|inactive|Battle timer is ON: inactive players will automatically lose when time's up. (requested by beetle the bard)\n|\n|t:|1683070752\n|start\n|switch|p1a: Chien-Pao|Chien-Pao, L50|100\/100\n|switch|p1b: Dragonite|Dragonite, L50, F|100\/100\n|switch|p2a: Murkrow|Murkrow, L50, M|100\/100\n|switch|p2b: Flutter Mane|Flutter Mane, L50|100\/100\n|-ability|p1a: Chien-Pao|Sword of Ruin\n|turn|1\n|inactive|vrumvrumnatal has 30 seconds left.\n|inactive|beetle the bard has 30 seconds left.\n|inactive|vrumvrumnatal has 20 seconds left.\n|inactive|vrumvrumnatal has 15 seconds left.\n|\n|t:|1683070796\n|-terastallize|p2b: Flutter Mane|Fairy\n|-terastallize|p1b: Dragonite|Flying\n|move|p1a: Chien-Pao|Sucker Punch|p2b: Flutter Mane\n|-resisted|p2b: Flutter Mane\n|-damage|p2b: Flutter Mane|60\/100\n|move|p2a: Murkrow|Tailwind|p2a: Murkrow\n|-sidestart|p2: beetle the bard|move: Tailwind\n|move|p2b: Flutter Mane|Dazzling Gleam|p1a: Chien-Pao|[spread] p1a,p1b\n|-supereffective|p1a: Chien-Pao\n|-enditem|p1a: Chien-Pao|Focus Sash\n|-damage|p1a: Chien-Pao|1\/100\n|-damage|p1b: Dragonite|69\/100\n|move|p1b: Dragonite|Tera Blast|p2b: Flutter Mane\n|-damage|p2b: Flutter Mane|0 fnt\n|faint|p2b: Flutter Mane\n|-end|p2b: Flutter Mane|Protosynthesis|[silent]\n|\n|upkeep\n|\n|t:|1683070810\n|switch|p2b: Gholdengo|Gholdengo, L50|100\/100\n|turn|2\n|inactive|beetle the bard has 30 seconds left.\n|\n|t:|1683070842\n|move|p2a: Murkrow|Sunny Day|p2a: Murkrow\n|-weather|SunnyDay\n|move|p2b: Gholdengo|Make It Rain|p1b: Dragonite|[spread] p1a,p1b\n|-supereffective|p1a: Chien-Pao\n|-damage|p1a: Chien-Pao|0 fnt\n|-damage|p1b: Dragonite|18\/100\n|-unboost|p2b: Gholdengo|spa|1\n|faint|p1a: Chien-Pao\n|move|p1b: Dragonite|Tera Blast|p2b: Gholdengo\n|-resisted|p2b: Gholdengo\n|-damage|p2b: Gholdengo|68\/100\n|\n|-weather|SunnyDay|[upkeep]\n|upkeep\n|\n|t:|1683070864\n|switch|p1a: Flutter Mane|Flutter Mane, L50|100\/100\n|-activate|p1a: Flutter Mane|ability: Protosynthesis\n|-start|p1a: Flutter Mane|protosynthesisspa\n|turn|3\n|\n|t:|1683070885\n|move|p1b: Dragonite|Extreme Speed|p2a: Murkrow\n|-damage|p2a: Murkrow|18\/100\n|move|p2a: Murkrow|Haze|p2a: Murkrow\n|-clearallboost\n|move|p2b: Gholdengo|Make It Rain|p1b: Dragonite|[spread] p1a,p1b\n|-supereffective|p1a: Flutter Mane\n|-damage|p1a: Flutter Mane|16\/100\n|-damage|p1b: Dragonite|0 fnt\n|-unboost|p2b: Gholdengo|spa|1\n|faint|p1b: Dragonite\n|move|p1a: Flutter Mane|Shadow Ball|p2b: Gholdengo\n|-supereffective|p2b: Gholdengo\n|-damage|p2b: Gholdengo|0 fnt\n|faint|p2b: Gholdengo\n|\n|-weather|SunnyDay|[upkeep]\n|upkeep\n|\n|t:|1683070901\n|switch|p2b: Brute Bonnet|Brute Bonnet, L50|100\/100\n|switch|p1b: Gyarados|Gyarados, L50, F, shiny|100\/100\n|-activate|p2b: Brute Bonnet|ability: Protosynthesis\n|-start|p2b: Brute Bonnet|protosynthesisatk\n|-ability|p1b: Gyarados|Intimidate|boost\n|-unboost|p2a: Murkrow|atk|1\n|-unboost|p2b: Brute Bonnet|atk|1\n|turn|4\n|\n|t:|1683070918\n|move|p1a: Flutter Mane|Protect|p1a: Flutter Mane\n|-singleturn|p1a: Flutter Mane|Protect\n|move|p2a: Murkrow|Brave Bird|p1a: Flutter Mane\n|-activate|p1a: Flutter Mane|move: Protect\n|move|p2b: Brute Bonnet|Spore|p1b: Gyarados\n|-status|p1b: Gyarados|slp|[from] move: Spore\n|cant|p1b: Gyarados|slp\n|\n|-weather|SunnyDay|[upkeep]\n|-sideend|p2: beetle the bard|move: Tailwind\n|upkeep\n|turn|5\n|\n|t:|1683070941\n|move|p2a: Murkrow|Haze|p2a: Murkrow\n|-clearallboost\n|move|p2b: Brute Bonnet|Sucker Punch|p1a: Flutter Mane\n|-damage|p1a: Flutter Mane|0 fnt\n|faint|p1a: Flutter Mane\n|-end|p1a: Flutter Mane|Protosynthesis|[silent]\n|cant|p1b: Gyarados|slp\n|\n|-weather|SunnyDay|[upkeep]\n|upkeep\n|turn|6\n|\n|t:|1683070959\n|move|p2a: Murkrow|Tailwind|p2a: Murkrow\n|-sidestart|p2: beetle the bard|move: Tailwind\n|move|p2b: Brute Bonnet|Bullet Seed|p1b: Gyarados\n|-damage|p1b: Gyarados|86\/100 slp\n|-damage|p1b: Gyarados|69\/100 slp\n|-damage|p1b: Gyarados|54\/100 slp\n|-damage|p1b: Gyarados|39\/100 slp\n|-damage|p1b: Gyarados|22\/100 slp\n|-hitcount|p1b: Gyarados|5\n|-curestatus|p1b: Gyarados|slp|[msg]\n|move|p1b: Gyarados|Thunder Wave|p2b: Brute Bonnet\n|-status|p2b: Brute Bonnet|par\n|\n|-weather|none\n|-end|p2b: Brute Bonnet|Protosynthesis\n|-heal|p1b: Gyarados|28\/100|[from] item: Leftovers\n|upkeep\n|turn|7\n|\n|t:|1683070976\n|move|p1b: Gyarados|Protect|p1b: Gyarados\n|-singleturn|p1b: Gyarados|Protect\n|cant|p2b: Brute Bonnet|par\n|move|p2a: Murkrow|Brave Bird|p1b: Gyarados\n|-activate|p1b: Gyarados|move: Protect\n|\n|-heal|p1b: Gyarados|34\/100|[from] item: Leftovers\n|upkeep\n|turn|8\n|\n|t:|1683070989\n|move|p2b: Brute Bonnet|Sucker Punch||[still]\n|-fail|p2b: Brute Bonnet\n|move|p2a: Murkrow|Brave Bird|p1b: Gyarados\n|-damage|p1b: Gyarados|0 fnt\n|faint|p1b: Gyarados\n|-damage|p2a: Murkrow|1\/100|[from] Recoil\n|\n|win|beetle the bard\n|raw|vrumvrumnatal's rating: 1277 → 1256<\/strong> (-21 for losing)\n|raw|beetle the bard's rating: 1326 → 1343<\/strong> (+17 for winning)\n","uploadtime":1683070997,"views":15,"p1id":"vrumvrumnatal","p2id":"beetlethebard","formatid":"gen9vgc2023regulationc","rating":1256,"private":0,"password":""}