{"id":"gen9vgc2023regulationc-1852935388","p1":"CooperKid","p2":"b(R)2","format":"[Gen 9] VGC 2023 Regulation C","log":"|j|\u2606CooperKid\n|j|\u2606b(R)2\n|t:|1682618652\n|gametype|doubles\n|player|p1|CooperKid|harlequin|1417\n|player|p2|b(R)2|266|1353\n|teamsize|p1|6\n|teamsize|p2|6\n|gen|9\n|tier|[Gen 9] VGC 2023 Regulation C\n|rated|\n|rule|Species Clause: Limit one of each Pok\u00e9mon\n|rule|Item Clause: Limit one of each item\n|clearpoke\n|poke|p1|Pawmot, L50, M|\n|poke|p1|Gholdengo, L50|\n|poke|p1|Iron Jugulis, L50|\n|poke|p1|Great Tusk, L50|\n|poke|p1|Volcarona, L50, M|\n|poke|p1|Baxcalibur, L50, M|\n|poke|p2|Ting-Lu, L50|\n|poke|p2|Amoonguss, L50, M|\n|poke|p2|Garganacl, L50, M|\n|poke|p2|Arcanine, L50, F|\n|poke|p2|Roaring Moon, L50|\n|poke|p2|Iron Bundle, L50|\n|teampreview|4\nb(R)2 has agreed to open team sheets.\n|\n|t:|1682618672\n|start\n|switch|p1a: Gholdengo|Gholdengo, L50|100\/100\n|switch|p1b: Iron Jugulis|Iron Jugulis, L50|100\/100\n|switch|p2a: Garganacl|Garganacl, L50, M|100\/100\n|switch|p2b: Arcanine|Arcanine, L50, F|100\/100\n|-ability|p2b: Arcanine|Intimidate|boost\n|-unboost|p1a: Gholdengo|atk|1\n|-unboost|p1b: Iron Jugulis|atk|1\n|-enditem|p1b: Iron Jugulis|Booster Energy\n|-activate|p1b: Iron Jugulis|ability: Quark Drive|[fromitem]\n|-start|p1b: Iron Jugulis|quarkdrivespe\n|turn|1\n|inactive|Battle timer is ON: inactive players will automatically lose when time's up. (requested by CooperKid)\n|\n|t:|1682618695\n|-terastallize|p2a: Garganacl|Ghost\n|move|p2b: Arcanine|Protect|p2b: Arcanine\n|-singleturn|p2b: Arcanine|Protect\n|move|p1a: Gholdengo|Protect|p1a: Gholdengo\n|-singleturn|p1a: Gholdengo|Protect\n|move|p1b: Iron Jugulis|Tailwind|p1b: Iron Jugulis\n|-sidestart|p1: CooperKid|move: Tailwind\n|move|p2a: Garganacl|Salt Cure|p1a: Gholdengo\n|-activate|p1a: Gholdengo|move: Protect\n|\n|upkeep\n|turn|2\n|\n|t:|1682618712\n|switch|p2b: Ting-Lu|Ting-Lu, L50|100\/100\n|-ability|p2b: Ting-Lu|Vessel of Ruin\n|move|p1b: Iron Jugulis|Snarl|p2b: Ting-Lu|[spread] p2a,p2b\n|-supereffective|p2a: Garganacl\n|-resisted|p2b: Ting-Lu\n|-damage|p2a: Garganacl|85\/100\n|-damage|p2b: Ting-Lu|97\/100\n|-unboost|p2a: Garganacl|spa|1\n|-unboost|p2b: Ting-Lu|spa|1\n|move|p1a: Gholdengo|Shadow Ball|p2a: Garganacl\n|-supereffective|p2a: Garganacl\n|-damage|p2a: Garganacl|58\/100\n|-damage|p1a: Gholdengo|91\/100|[from] item: Life Orb\n|move|p2a: Garganacl|Salt Cure|p1a: Gholdengo\n|-resisted|p1a: Gholdengo\n|-crit|p1a: Gholdengo\n|-damage|p1a: Gholdengo|80\/100\n|-start|p1a: Gholdengo|Salt Cure\n|\n|-heal|p2a: Garganacl|63\/100|[from] item: Leftovers\n|-damage|p1a: Gholdengo|56\/100|[from] Salt Cure\n|upkeep\n|turn|3\n|inactive|b(R)2 has 30 seconds left.\n|\n|t:|1682618742\n|switch|p1a: Baxcalibur|Baxcalibur, L50, M|100\/100\n|move|p1b: Iron Jugulis|Air Slash|p2b: Ting-Lu\n|-damage|p2b: Ting-Lu|87\/100\n|cant|p2b: Ting-Lu|flinch\n|move|p2a: Garganacl|Salt Cure|p1b: Iron Jugulis\n|-supereffective|p1b: Iron Jugulis\n|-damage|p1b: Iron Jugulis|69\/100\n|-start|p1b: Iron Jugulis|Salt Cure\n|\n|-heal|p2a: Garganacl|69\/100|[from] item: Leftovers\n|-damage|p1b: Iron Jugulis|57\/100|[from] Salt Cure\n|upkeep\n|turn|4\n|\n|t:|1682618759\n|switch|p2b: Arcanine|Arcanine, L50, F|100\/100\n|-ability|p2b: Arcanine|Intimidate|boost\n|-fail|p1a: Baxcalibur|unboost|[from] item: Clear Amulet|[of] p1a: Baxcalibur\n|-unboost|p1b: Iron Jugulis|atk|1\n|move|p1b: Iron Jugulis|Air Slash|p2a: Garganacl\n|-damage|p2a: Garganacl|48\/100\n|move|p1a: Baxcalibur|Swords Dance|p1a: Baxcalibur\n|-boost|p1a: Baxcalibur|atk|2\n|cant|p2a: Garganacl|flinch\n|\n|-heal|p2a: Garganacl|54\/100|[from] item: Leftovers\n|-damage|p1b: Iron Jugulis|44\/100|[from] Salt Cure\n|-sideend|p1: CooperKid|move: Tailwind\n|upkeep\n|turn|5\n|\n|t:|1682618779\n|move|p2b: Arcanine|Extreme Speed|p1b: Iron Jugulis\n|-damage|p1b: Iron Jugulis|19\/100\n|move|p1b: Iron Jugulis|Tailwind|p1b: Iron Jugulis\n|-sidestart|p1: CooperKid|move: Tailwind\n|move|p1a: Baxcalibur|Glaive Rush|p2a: Garganacl\n|-damage|p2a: Garganacl|0 fnt\n|-singlemove|p1a: Baxcalibur|Glaive Rush|[silent]\n|faint|p2a: Garganacl\n|\n|-damage|p1b: Iron Jugulis|7\/100|[from] Salt Cure\n|upkeep\n|\n|t:|1682618792\n|switch|p2a: Ting-Lu|Ting-Lu, L50|87\/100\n|-ability|p2a: Ting-Lu|Vessel of Ruin\n|turn|6\n|inactive|CooperKid has 30 seconds left.\n|\n|t:|1682618819\n|move|p1a: Baxcalibur|Protect|p1a: Baxcalibur\n|-singleturn|p1a: Baxcalibur|Protect\n|move|p2b: Arcanine|Extreme Speed|p1a: Baxcalibur\n|-activate|p1a: Baxcalibur|move: Protect\n|move|p1b: Iron Jugulis|Air Slash|p2a: Ting-Lu|[miss]\n|-miss|p1b: Iron Jugulis|p2a: Ting-Lu\n|move|p2a: Ting-Lu|Heavy Slam|p1a: Baxcalibur\n|-activate|p1a: Baxcalibur|move: Protect\n|\n|-damage|p1b: Iron Jugulis|0 fnt|[from] Salt Cure\n|faint|p1b: Iron Jugulis\n|-end|p1b: Iron Jugulis|Quark Drive|[silent]\n|upkeep\n|\n|t:|1682618828\n|switch|p1b: Pawmot|Pawmot, L50, M|100\/100\n|turn|7\n|\n|t:|1682618846\n|switch|p2b: Amoonguss|Amoonguss, L50, M|100\/100\n|move|p1b: Pawmot|Close Combat|p2a: Ting-Lu\n|-supereffective|p2a: Ting-Lu\n|-damage|p2a: Ting-Lu|19\/100\n|-unboost|p1b: Pawmot|def|1\n|-unboost|p1b: Pawmot|spd|1\n|move|p1a: Baxcalibur|Glaive Rush|p2b: Amoonguss\n|-crit|p2b: Amoonguss\n|-damage|p2b: Amoonguss|0 fnt\n|-singlemove|p1a: Baxcalibur|Glaive Rush|[silent]\n|faint|p2b: Amoonguss\n|move|p2a: Ting-Lu|Heavy Slam|p1a: Baxcalibur\n|-supereffective|p1a: Baxcalibur\n|-damage|p1a: Baxcalibur|18\/100\n|\n|upkeep\n|\n|t:|1682618858\n|switch|p2b: Arcanine|Arcanine, L50, F|100\/100\n|-ability|p2b: Arcanine|Intimidate|boost\n|-fail|p1a: Baxcalibur|unboost|[from] item: Clear Amulet|[of] p1a: Baxcalibur\n|-unboost|p1b: Pawmot|atk|1\n|turn|8\n|\n|t:|1682618873\n|move|p1a: Baxcalibur|Protect|p1a: Baxcalibur\n|-singleturn|p1a: Baxcalibur|Protect\n|move|p2b: Arcanine|Extreme Speed|p1a: Baxcalibur\n|-activate|p1a: Baxcalibur|move: Protect\n|move|p1b: Pawmot|Close Combat|p2a: Ting-Lu\n|-supereffective|p2a: Ting-Lu\n|-damage|p2a: Ting-Lu|0 fnt\n|-unboost|p1b: Pawmot|def|1\n|-unboost|p1b: Pawmot|spd|1\n|faint|p2a: Ting-Lu\n|\n|-sideend|p1: CooperKid|move: Tailwind\n|upkeep\n|turn|9\n|\n|t:|1682618896\n|switch|p1a: Gholdengo|Gholdengo, L50|56\/100\n|move|p1b: Pawmot|Close Combat|p2b: Arcanine\n|-damage|p2b: Arcanine|62\/100\n|-unboost|p1b: Pawmot|def|1\n|-unboost|p1b: Pawmot|spd|1\n|move|p2b: Arcanine|Flare Blitz|p1b: Pawmot\n|-enditem|p1b: Pawmot|Focus Sash\n|-damage|p1b: Pawmot|1\/100\n|-damage|p2b: Arcanine|38\/100|[from] Recoil\n|\n|upkeep\n|turn|10\n|\n|t:|1682618911\n|switch|p1b: Baxcalibur|Baxcalibur, L50, M|18\/100\n|-terastallize|p1a: Gholdengo|Water\n|move|p2b: Arcanine|Extreme Speed|p1b: Baxcalibur\n|-damage|p1b: Baxcalibur|0 fnt\n|faint|p1b: Baxcalibur\n|move|p1a: Gholdengo|Shadow Ball|p2b: Arcanine\n|-damage|p2b: Arcanine|0 fnt\n|faint|p2b: Arcanine\n|-damage|p1a: Gholdengo|46\/100|[from] item: Life Orb\n|\n|win|CooperKid\n|raw|CooperKid's rating: 1417 → 1433<\/strong> (+16 for winning)\n|raw|b(R)2's rating: 1353 → 1337<\/strong> (-16 for losing)\n","uploadtime":1682618915,"views":7,"p1id":"cooperkid","p2id":"br2","formatid":"gen9vgc2023regulationc","rating":1337,"private":0,"password":""}