{"id":"gen9vgc2023regulationc-1854275435","p1":"Felegran","p2":"grattastinchi","format":"[Gen 9] VGC 2023 Regulation C","log":"|j|\u2606Felegran\n|j|\u2606grattastinchi\n|t:|1682791466\n|gametype|doubles\n|player|p1|Felegran|169|1055\n|player|p2|grattastinchi|sailor|1068\n|teamsize|p1|6\n|teamsize|p2|6\n|gen|9\n|tier|[Gen 9] VGC 2023 Regulation C\n|rated|\n|rule|Species Clause: Limit one of each Pok\u00e9mon\n|rule|Item Clause: Limit one of each item\n|clearpoke\n|poke|p1|Bellibolt, L50, M|\n|poke|p1|Pincurchin, L50, M|\n|poke|p1|Iron Bundle, L50|\n|poke|p1|Pawmot, L50, M|\n|poke|p1|Kilowattrel, L50, F|\n|poke|p1|Eelektross, L50, M|\n|poke|p2|Iron Hands, L50|\n|poke|p2|Mimikyu, L50, F|\n|poke|p2|Pelipper, L50, M|\n|poke|p2|Meowscarada, L50, F|\n|poke|p2|Barraskewda, L50, M|\n|poke|p2|Slither Wing, L50|\n|teampreview|4\n|\n|t:|1682791500\n|start\n|switch|p1a: Tedd|Pawmot, L50, M|100\/100\n|switch|p1b: Kiwi|Kilowattrel, L50, F|100\/100\n|switch|p2a: Meowscarada|Meowscarada, L50, F|100\/100\n|switch|p2b: Iron Hands|Iron Hands, L50|100\/100\n|turn|1\n|\n|t:|1682791542\n|move|p1a: Tedd|Fake Out|p2b: Iron Hands\n|-damage|p2b: Iron Hands|93\/100\n|move|p2a: Meowscarada|Flower Trick|p1a: Tedd\n|-start|p2a: Meowscarada|typechange|Grass|[from] ability: Protean\n|-crit|p1a: Tedd\n|-damage|p1a: Tedd|16\/100\n|move|p1b: Kiwi|Hurricane|p2a: Meowscarada\n|-supereffective|p2a: Meowscarada\n|-damage|p2a: Meowscarada|0 fnt\n|faint|p2a: Meowscarada\n|cant|p2b: Iron Hands|flinch\n|\n|upkeep\n|\n|t:|1682791558\n|switch|p2a: Mimikyu|Mimikyu, L50, F, shiny|100\/100\n|turn|2\n|\n|t:|1682791577\n|switch|p1a: Toto|Bellibolt, L50, M, shiny|100\/100\n|move|p2a: Mimikyu|Shadow Sneak|p1a: Toto\n|-damage|p1a: Toto|86\/100\n|-start|p1a: Toto|Charge|Shadow Sneak|[from] ability: Electromorphosis\n|move|p1b: Kiwi|Discharge|p2a: Mimikyu|[spread] p1a,p2a,p2b\n|-resisted|p1a: Toto\n|-resisted|p2b: Iron Hands\n|-damage|p1a: Toto|75\/100\n|-activate|p2a: Mimikyu|ability: Disguise\n|-damage|p2a: Mimikyu|100\/100\n|-damage|p2b: Iron Hands|83\/100\n|-status|p2a: Mimikyu|par\n|-start|p1a: Toto|Charge|Discharge|[from] ability: Electromorphosis\n|detailschange|p2a: Mimikyu|Mimikyu-Busted, L50, F, shiny\n|-damage|p2a: Mimikyu|88\/100 par|[from] pokemon: Mimikyu-Busted\n|move|p2b: Iron Hands|Body Slam|p1b: Kiwi\n|-damage|p1b: Kiwi|47\/100\n|\n|upkeep\n|turn|3\n|\n|t:|1682791646\n|switch|p1b: Capuchi|Pincurchin, L50, M|100\/100\n|move|p2b: Iron Hands|Body Slam|p1b: Capuchi\n|-damage|p1b: Capuchi|75\/100\n|move|p2a: Mimikyu|Play Rough|p1a: Toto\n|-damage|p1a: Toto|45\/100\n|-start|p1a: Toto|Charge|Play Rough|[from] ability: Electromorphosis\n|move|p1a: Toto|Parabolic Charge|p2a: Mimikyu|[spread] p2a,p2b\n|-ability|p1b: Capuchi|Lightning Rod|boost\n|-boost|p1b: Capuchi|spa|1\n|-crit|p2a: Mimikyu\n|-resisted|p2b: Iron Hands\n|-damage|p2a: Mimikyu|34\/100 par\n|-heal|p1a: Toto|64\/100|[from] drain|[of] p2a: Mimikyu\n|-damage|p2b: Iron Hands|70\/100\n|-heal|p1a: Toto|72\/100|[from] drain|[of] p2b: Iron Hands\n|-end|p1a: Toto|Charge|[silent]\n|\n|upkeep\n|turn|4\n|\n|t:|1682791674\n|move|p2b: Iron Hands|Drain Punch|p1a: Toto\n|-damage|p1a: Toto|39\/100\n|-heal|p2b: Iron Hands|85\/100|[from] drain|[of] p1a: Toto\n|-start|p1a: Toto|Charge|Drain Punch|[from] ability: Electromorphosis\n|move|p1a: Toto|Chilling Water|p2b: Iron Hands\n|-damage|p2b: Iron Hands|76\/100\n|-unboost|p2b: Iron Hands|atk|1\n|move|p2a: Mimikyu|Play Rough|p1a: Toto\n|-damage|p1a: Toto|10\/100\n|-start|p1a: Toto|Charge|Play Rough|[from] ability: Electromorphosis\n|move|p1b: Capuchi|Discharge|p2a: Mimikyu|[spread] p1a,p2a,p2b\n|-resisted|p1a: Toto\n|-resisted|p2b: Iron Hands\n|-damage|p1a: Toto|0 fnt\n|-damage|p2a: Mimikyu|1\/100 par\n|-damage|p2b: Iron Hands|65\/100\n|faint|p1a: Toto\n|\n|upkeep\n|\n|t:|1682791697\n|switch|p1a: Tedd|Pawmot, L50, M|16\/100\n|turn|5\n|\n|t:|1682791729\n|move|p2b: Iron Hands|Protect|p2b: Iron Hands\n|-singleturn|p2b: Iron Hands|Protect\n|move|p1a: Tedd|Fake Out|p2b: Iron Hands\n|-activate|p2b: Iron Hands|move: Protect\n|move|p2a: Mimikyu|Shadow Sneak|p1a: Tedd\n|-damage|p1a: Tedd|0 fnt\n|faint|p1a: Tedd\n|move|p1b: Capuchi|Discharge|p2b: Iron Hands|[spread] p2a\n|-activate|p2b: Iron Hands|move: Protect\n|-damage|p2a: Mimikyu|0 fnt\n|faint|p2a: Mimikyu\n|\n|upkeep\n|\n|t:|1682791745\n|switch|p1a: Kiwi|Kilowattrel, L50, F|47\/100\n|switch|p2a: Slither Wing|Slither Wing, L50|100\/100\n|turn|6\n|\n|t:|1682791758\n|-terastallize|p2a: Slither Wing|Grass\n|move|p1a: Kiwi|Protect|p1a: Kiwi\n|-singleturn|p1a: Kiwi|Protect\n|move|p2a: Slither Wing|Leech Life|p1b: Capuchi\n|-damage|p1b: Capuchi|39\/100\n|-enditem|p1b: Capuchi|Sitrus Berry|[eat]\n|-heal|p1b: Capuchi|64\/100|[from] item: Sitrus Berry\n|move|p2b: Iron Hands|Body Slam|p1a: Kiwi\n|-activate|p1a: Kiwi|move: Protect\n|move|p1b: Capuchi|Discharge|p2b: Iron Hands|[spread] p2a,p2b\n|-activate|p1a: Kiwi|move: Protect\n|-resisted|p2a: Slither Wing\n|-resisted|p2b: Iron Hands\n|-damage|p2a: Slither Wing|92\/100\n|-damage|p2b: Iron Hands|54\/100\n|-status|p2a: Slither Wing|par\n|\n|upkeep\n|turn|7\n|\n|t:|1682791791\n|-terastallize|p1b: Capuchi|Water\n|move|p1a: Kiwi|Hurricane|p2a: Slither Wing|[miss]\n|-miss|p1a: Kiwi|p2a: Slither Wing\n|move|p2b: Iron Hands|Body Slam|p1a: Kiwi\n|-damage|p1a: Kiwi|7\/100\n|move|p2a: Slither Wing|Close Combat|p1b: Capuchi\n|-damage|p1b: Capuchi|9\/100\n|-unboost|p2a: Slither Wing|def|1\n|-unboost|p2a: Slither Wing|spd|1\n|move|p1b: Capuchi|Hydro Pump|p2b: Iron Hands|[miss]\n|-miss|p1b: Capuchi|p2b: Iron Hands\n|\n|upkeep\n|turn|8\n|\n|t:|1682791818\n|move|p1a: Kiwi|Hurricane|p2a: Slither Wing\n|-supereffective|p2a: Slither Wing\n|-crit|p2a: Slither Wing\n|-damage|p2a: Slither Wing|0 fnt\n|faint|p2a: Slither Wing\n|-end|p2a: Slither Wing|Protosynthesis|[silent]\n|move|p2b: Iron Hands|Drain Punch|p1a: Kiwi\n|-resisted|p1a: Kiwi\n|-damage|p1a: Kiwi|0 fnt\n|-heal|p2b: Iron Hands|56\/100|[from] drain|[of] p1a: Kiwi\n|faint|p1a: Kiwi\n|move|p1b: Capuchi|Hydro Pump|p2b: Iron Hands\n|-damage|p2b: Iron Hands|18\/100\n|-enditem|p2b: Iron Hands|Sitrus Berry|[eat]\n|-heal|p2b: Iron Hands|43\/100|[from] item: Sitrus Berry\n|\n|upkeep\n|turn|9\n|\n|t:|1682791839\n|move|p1b: Capuchi|Protect|p1b: Capuchi\n|-singleturn|p1b: Capuchi|Protect\n|move|p2b: Iron Hands|Drain Punch|p1b: Capuchi\n|-activate|p1b: Capuchi|move: Protect\n|\n|upkeep\n|turn|10\n|\n|t:|1682791879\n|move|p2b: Iron Hands|Drain Punch|p1b: Capuchi\n|-damage|p1b: Capuchi|0 fnt\n|-heal|p2b: Iron Hands|46\/100|[from] drain|[of] p1b: Capuchi\n|faint|p1b: Capuchi\n|\n|win|grattastinchi\n|raw|Felegran's rating: 1055 → 1037<\/strong> (-18 for losing)\n|raw|grattastinchi's rating: 1068 → 1097<\/strong> (+29 for winning)\n|l|\u2606Felegran\n|l|\u2606grattastinchi\n","uploadtime":1682792219,"views":15,"p1id":"felegran","p2id":"grattastinchi","formatid":"gen9vgc2023regulationc","rating":1037,"private":0,"password":""}