{"id":"gen9vgc2023regulationc-1845270637","p1":"Zanzibar1293","p2":"davis<3beedrill","format":"[Gen 9] VGC 2023 Regulation C","log":"|j|\u2606Zanzibar1293\n|j|\u2606davis<3beedrill\n|t:|1681705248\n|gametype|doubles\n|player|p1|Zanzibar1293|2|1075\n|player|p2|davis<3beedrill|169|1028\n|teamsize|p1|6\n|teamsize|p2|6\n|gen|9\n|tier|[Gen 9] VGC 2023 Regulation C\n|rated|\n|rule|Species Clause: Limit one of each Pok\u00e9mon\n|rule|Item Clause: Limit one of each item\n|clearpoke\n|poke|p1|Tyranitar, L50, F|\n|poke|p1|Heracross, L50, M|\n|poke|p1|Chien-Pao, L50|\n|poke|p1|Ting-Lu, L50|\n|poke|p1|Arboliva, L50, F|\n|poke|p1|Arcanine, L50, M|\n|poke|p2|Lycanroc-Midnight, L50, F|\n|poke|p2|Gothitelle, L50, M|\n|poke|p2|Ting-Lu, L50|\n|poke|p2|Iron Hands, L50|\n|poke|p2|Arcanine, L50, F|\n|poke|p2|Flutter Mane, L50|\n|teampreview|4\n|inactive|Battle timer is ON: inactive players will automatically lose when time's up. (requested by Zanzibar1293)\ndavis<3beedrill rejected open team sheets.\n|inactive|Zanzibar1293 has 60 seconds left.\n|j| alphasexyman\n|\n|t:|1681705309\n|start\n|switch|p1a: Arcanine|Arcanine, L50, M|100\/100\n|switch|p1b: Tyranitar|Tyranitar, L50, F|100\/100\n|switch|p2a: Lycanroc|Lycanroc-Midnight, L50, F|100\/100\n|switch|p2b: Gothitelle|Gothitelle, L50, M|100\/100\n|-ability|p1a: Arcanine|Intimidate|boost\n|-unboost|p2a: Lycanroc|atk|1\n|-unboost|p2b: Gothitelle|atk|1\n|-weather|Sandstorm|[from] ability: Sand Stream|[of] p1b: Tyranitar\n|turn|1\n|\n|t:|1681705334\n|move|p1b: Tyranitar|Protect|p1b: Tyranitar\n|-singleturn|p1b: Tyranitar|Protect\n|move|p1a: Arcanine|Will-O-Wisp|p2a: Lycanroc\n|-status|p2a: Lycanroc|brn\n|move|p2a: Lycanroc|Stone Edge|p1a: Arcanine\n|-supereffective|p1a: Arcanine\n|-damage|p1a: Arcanine|79\/100\n|move|p2b: Gothitelle|Skill Swap|p2a: Lycanroc\n|-activate|p2b: Gothitelle|move: Skill Swap|||[of] p2a: Lycanroc\n|\n|-weather|Sandstorm|[upkeep]\n|-damage|p2a: Lycanroc|94\/100 brn|[from] brn\n|upkeep\n|turn|2\n|inactive|Zanzibar1293 has 30 seconds left.\n|inactive|Zanzibar1293 has 20 seconds left.\n|\n|t:|1681705370\n|switch|p2a: Ting-Lu|Ting-Lu, L50|100\/100\n|-ability|p2a: Ting-Lu|Vessel of Ruin\n|move|p1a: Arcanine|Flare Blitz|p2b: Gothitelle\n|-damage|p2b: Gothitelle|63\/100\n|-damage|p1a: Arcanine|68\/100|[from] Recoil\n|move|p1b: Tyranitar|Dragon Dance|p1b: Tyranitar\n|-boost|p1b: Tyranitar|atk|1\n|-boost|p1b: Tyranitar|spe|1\n|move|p2b: Gothitelle|Skill Swap|p2a: Ting-Lu\n|-activate|p2b: Gothitelle|move: Skill Swap|||[of] p2a: Ting-Lu\n|-ability|p2b: Gothitelle|Vessel of Ruin\n|\n|-weather|Sandstorm|[upkeep]\n|upkeep\n|turn|3\n|inactive|Zanzibar1293 has 30 seconds left.\n|inactive|Zanzibar1293 has 20 seconds left.\n|inactive|davis<3beedrill has 30 seconds left.\n|\n|t:|1681705410\n|move|p1a: Arcanine|Protect|p1a: Arcanine\n|-singleturn|p1a: Arcanine|Protect\n|move|p1b: Tyranitar|Low Kick|p2a: Ting-Lu\n|-supereffective|p2a: Ting-Lu\n|-damage|p2a: Ting-Lu|37\/100\n|move|p2b: Gothitelle|Psychic|p1a: Arcanine\n|-activate|p1a: Arcanine|move: Protect\n|move|p2a: Ting-Lu|Fissure|p1b: Tyranitar\n|-damage|p1b: Tyranitar|0 fnt\n|faint|p1b: Tyranitar\n|-ohko\n|\n|-weather|Sandstorm|[upkeep]\n|-heal|p2a: Ting-Lu|43\/100|[from] item: Leftovers\n|upkeep\n|l| alphasexyman\n|\n|t:|1681705431\n|switch|p1b: Heracross|Heracross, L50, M|100\/100\n|turn|4\n|\n|t:|1681705446\n|switch|p1a: Sneasel?|Chien-Pao, L50|100\/100\n|-ability|p1a: Sneasel?|Sword of Ruin\n|switch|p2b: Flutter Mane|Flutter Mane, L50|100\/100\n|-terastallize|p1b: Heracross|Rock\n|move|p2a: Ting-Lu|Protect|p2a: Ting-Lu\n|-singleturn|p2a: Ting-Lu|Protect\n|move|p1b: Heracross|Arm Thrust|p2a: Ting-Lu\n|-activate|p2a: Ting-Lu|move: Protect\n|\n|-weather|Sandstorm|[upkeep]\n|-damage|p1a: Sneasel?|95\/100|[from] Sandstorm\n|-damage|p2b: Flutter Mane|94\/100|[from] Sandstorm\n|-heal|p2a: Ting-Lu|49\/100|[from] item: Leftovers\n|upkeep\n|turn|5\n|\n|t:|1681705468\n|-terastallize|p2a: Ting-Lu|Ghost\n|move|p1a: Sneasel?|Throat Chop|p2b: Flutter Mane\n|-damage|p2b: Flutter Mane|0 fnt\n|faint|p2b: Flutter Mane\n|-end|p2b: Flutter Mane|Protosynthesis|[silent]\n|move|p1b: Heracross|Arm Thrust|p2a: Ting-Lu\n|-immune|p2a: Ting-Lu\n|move|p2a: Ting-Lu|Fissure|p1b: Heracross\n|-damage|p1b: Heracross|0 fnt\n|faint|p1b: Heracross\n|-ohko\n|\n|-weather|none\n|-heal|p2a: Ting-Lu|55\/100|[from] item: Leftovers\n|upkeep\n|\n|t:|1681705490\n|switch|p2b: Gothitelle|Gothitelle, L50, M|63\/100\n|switch|p1b: Arcanine|Arcanine, L50, M|68\/100\n|-ability|p1b: Arcanine|Intimidate|boost\n|-unboost|p2a: Ting-Lu|atk|1\n|-unboost|p2b: Gothitelle|atk|1\n|turn|6\n|\n|t:|1681705500\n|move|p2b: Gothitelle|Fake Out|p1a: Sneasel?\n|-damage|p1a: Sneasel?|88\/100\n|cant|p1a: Sneasel?|flinch\n|move|p1b: Arcanine|Flare Blitz|p2a: Ting-Lu\n|-damage|p2a: Ting-Lu|27\/100\n|-damage|p1b: Arcanine|55\/100|[from] Recoil\n|move|p2a: Ting-Lu|Fissure|p1a: Sneasel?\n|-damage|p1a: Sneasel?|0 fnt\n|faint|p1a: Sneasel?\n|-ohko\n|\n|-heal|p2a: Ting-Lu|33\/100|[from] item: Leftovers\n|upkeep\n|turn|7\n|-message|Zanzibar1293 forfeited.\n|\n|win|davis<3beedrill\n|raw|Zanzibar1293's rating: 1075 → 1051<\/strong> (-24 for losing)\n|raw|davis<3beedrill's rating: 1028 → 1069<\/strong> (+41 for winning)\n|l|\u2606Zanzibar1293\n","uploadtime":1681705536,"views":8,"p1id":"zanzibar1293","p2id":"davis3beedrill","formatid":"gen9vgc2023regulationc","rating":1051,"private":0,"password":""}