{"id":"gen9vgc2023regulationc-1855861092","p1":"H2obama","p2":"bambambi","format":"[Gen 9] VGC 2023 Regulation C","log":"|j|\u2606H2obama\n|j|\u2606bambambi\n|t:|1682992975\n|gametype|doubles\n|player|p1|H2obama|drayden|1337\n|player|p2|bambambi|wallace-gen6|1286\n|teamsize|p1|6\n|teamsize|p2|6\n|gen|9\n|tier|[Gen 9] VGC 2023 Regulation C\n|rated|\n|rule|Species Clause: Limit one of each Pok\u00e9mon\n|rule|Item Clause: Limit one of each item\n|clearpoke\n|poke|p1|Tyranitar, L50, M|\n|poke|p1|Scizor, L50, F|\n|poke|p1|Ceruledge, L50, F|\n|poke|p1|Lycanroc, L50, F|\n|poke|p1|Gastrodon, L50, F|\n|poke|p1|Amoonguss, L50, F|\n|poke|p2|Flutter Mane, L50|\n|poke|p2|Gothitelle, L50, F|\n|poke|p2|Scream Tail, L50|\n|poke|p2|Chi-Yu, L50|\n|poke|p2|Amoonguss, L50, F|\n|poke|p2|Palafin, L50, F|\n|teampreview|4\n|c|\u2606bambambi|Cool name\n|c|\u2606H2obama|Thanks!\n|c|\u2606bambambi|Ots? Maybe a bo3? I\u2019m practicing for Portland this weekend\nbambambi has agreed to open team sheets.\nH2obama has agreed to open team sheets.\n|c|\u2606H2obama|I only have time for one, unfortunately\n|c|\u2606bambambi|No worries\n|c|\u2606bambambi|thank you! Gl hf!\n|c|\u2606H2obama|gl in portland though!\n|c|\u2606H2obama|Same\n|c|\u2606bambambi|Low key terrified right now of your team\n|c|\u2606H2obama|lol, i've been working on it all week\n|c|\u2606H2obama|I really love it\n|\n|t:|1682993072\n|start\n|switch|p1a: Lycanroc|Lycanroc, L50, F|100\/100\n|switch|p1b: Ceruledge|Ceruledge, L50, F|100\/100\n|switch|p2a: Pearls|Flutter Mane, L50|100\/100\n|switch|p2b: AllMight|Palafin, L50, F|100\/100\n|turn|1\n|c|\u2606bambambi|Fresh account?\n|\n|t:|1682993113\n|-terastallize|p1b: Ceruledge|Grass\n|move|p2a: Pearls|Protect|p2a: Pearls\n|-singleturn|p2a: Pearls|Protect\n|move|p1a: Lycanroc|Protect|p1a: Lycanroc\n|-singleturn|p1a: Lycanroc|Protect\n|move|p2b: AllMight|Protect|p2b: AllMight\n|-singleturn|p2b: AllMight|Protect\n|move|p1b: Ceruledge|Bitter Blade|p2a: Pearls\n|-activate|p2a: Pearls|move: Protect\n|\n|upkeep\n|turn|2\n|c|\u2606H2obama|Naw, I've had it for a while but don't use it much\n|\n|t:|1682993135\n|switch|p1a: Gastrodon|Gastrodon, L50, F|100\/100\n|move|p2a: Pearls|Dazzling Gleam|p1a: Gastrodon|[spread] p1a,p1b\n|-crit|p1a: Gastrodon\n|-damage|p1a: Gastrodon|53\/100\n|-damage|p1b: Ceruledge|72\/100\n|move|p2b: AllMight|Close Combat|p1a: Gastrodon\n|-damage|p1a: Gastrodon|30\/100\n|-unboost|p2b: AllMight|def|1\n|-unboost|p2b: AllMight|spd|1\n|move|p1b: Ceruledge|Tera Blast|p2b: AllMight\n|-supereffective|p2b: AllMight\n|-damage|p2b: AllMight|0 fnt\n|faint|p2b: AllMight\n|\n|upkeep\n|\n|t:|1682993149\n|switch|p2b: Chi-Chi|Chi-Yu, L50|100\/100\n|-ability|p2b: Chi-Chi|Beads of Ruin\n|turn|3\n|\n|t:|1682993167\n|switch|p1b: Tyranitar|Tyranitar, L50, M|100\/100\n|-weather|Sandstorm|[from] ability: Sand Stream|[of] p1b: Tyranitar\n|move|p2a: Pearls|Dazzling Gleam|p1a: Gastrodon|[spread] p1a,p1b\n|-supereffective|p1b: Tyranitar\n|-damage|p1a: Gastrodon|0 fnt\n|-damage|p1b: Tyranitar|47\/100\n|faint|p1a: Gastrodon\n|move|p2b: Chi-Chi|Nasty Plot|p2b: Chi-Chi\n|-boost|p2b: Chi-Chi|spa|2\n|\n|-weather|Sandstorm|[upkeep]\n|-damage|p2a: Pearls|94\/100|[from] Sandstorm\n|upkeep\n|\n|t:|1682993179\n|switch|p1a: Lycanroc|Lycanroc, L50, F|100\/100\n|turn|4\n|c|\u2606bambambi|Crit earlier mattered. Sry\n|c|\u2606H2obama|All good. it happens\n|\n|t:|1682993199\n|-terastallize|p2b: Chi-Chi|Water\n|move|p1b: Tyranitar|Protect|p1b: Tyranitar\n|-singleturn|p1b: Tyranitar|Protect\n|move|p1a: Lycanroc|Rock Slide|p2b: Chi-Chi|[spread] p2a,p2b\n|-crit|p2a: Pearls\n|-damage|p2a: Pearls|5\/100\n|-damage|p2b: Chi-Chi|65\/100\n|cant|p2a: Pearls|flinch\n|move|p2b: Chi-Chi|Flamethrower|p1a: Lycanroc\n|-resisted|p1a: Lycanroc\n|-damage|p1a: Lycanroc|45\/100\n|\n|-weather|Sandstorm|[upkeep]\n|-damage|p2a: Pearls|0 fnt|[from] Sandstorm\n|faint|p2a: Pearls\n|-end|p2a: Pearls|Protosynthesis|[silent]\n|upkeep\n|\n|t:|1682993211\n|switch|p2a: O|Amoonguss, L50, F|100\/100\n|turn|5\n|c|\u2606H2obama|I get the flinch in return\n|\n|t:|1682993229\n|move|p1a: Lycanroc|Rock Slide|p2b: Chi-Chi|[spread] p2a,p2b\n|-damage|p2a: O|77\/100\n|-damage|p2b: Chi-Chi|31\/100\n|move|p2b: Chi-Chi|Flamethrower|p1a: Lycanroc\n|-resisted|p1a: Lycanroc\n|-crit|p1a: Lycanroc\n|-damage|p1a: Lycanroc|0 fnt\n|faint|p1a: Lycanroc\n|move|p1b: Tyranitar|Rock Slide|p2a: O|[spread] p2a,p2b\n|-damage|p2a: O|48\/100\n|-damage|p2b: Chi-Chi|0 fnt\n|faint|p2b: Chi-Chi\n|cant|p2a: O|flinch\n|\n|-weather|Sandstorm|[upkeep]\n|-damage|p2a: O|42\/100|[from] Sandstorm\n|upkeep\n|c|\u2606H2obama|oof\n|\n|t:|1682993245\n|switch|p1a: Ceruledge|Ceruledge, L50, F, tera:Grass|72\/100\n|turn|6\n|c|\u2606bambambi|I misclicked\n|c|\u2606bambambi|i meant to snarl\n|c|\u2606bambambi|Gg\n|c|\u2606H2obama|gg wp\n|c|\u2606bambambi|I don\u2019t think it mattered though.\n|c|\u2606bambambi|gg wp\n|c|\u2606bambambi|fun battle!\n|c|\u2606H2obama|GL in Portland mate!\n|c|\u2606H2obama|Hope you do well\n|c|\u2606bambambi|You too!\n|-message|bambambi forfeited.\n|\n|win|H2obama\n|raw|H2obama's rating: 1337 → 1354<\/strong> (+17 for winning)\n|raw|bambambi's rating: 1286 → 1265<\/strong> (-21 for losing)\n","uploadtime":1682993308,"views":25,"p1id":"h2obama","p2id":"bambambi","formatid":"gen9vgc2023regulationc","rating":1265,"private":0,"password":""}