{"id":"gen9vgc2023regulationc-1861164478","p1":"Lewlo","p2":"fernoob","format":"[Gen 9] VGC 2023 Regulation C","log":"|j|\u2606Lewlo\n|j|\u2606fernoob\n|t:|1683732219\n|gametype|doubles\n|player|p1|Lewlo|kimonogirl|1271\n|player|p2|fernoob|hilbert|1189\n|teamsize|p1|6\n|teamsize|p2|6\n|gen|9\n|tier|[Gen 9] VGC 2023 Regulation C\n|rated|\n|rule|Species Clause: Limit one of each Pok\u00e9mon\n|rule|Item Clause: Limit one of each item\n|clearpoke\n|poke|p1|Azumarill, L50, M|\n|poke|p1|Iron Hands, L50|\n|poke|p1|Chien-Pao, L50|\n|poke|p1|Amoonguss, L50, F|\n|poke|p1|Flutter Mane, L50|\n|poke|p1|Farigiraf, L50, F|\n|poke|p2|Garganacl, L50, M|\n|poke|p2|Ting-Lu, L50|\n|poke|p2|Chien-Pao, L50|\n|poke|p2|Dragonite, L50, M|\n|poke|p2|Annihilape, L50, M|\n|poke|p2|Rotom-Wash, L50|\n|teampreview|4\n|inactive|Battle timer is ON: inactive players will automatically lose when time's up. (requested by fernoob)\n|inactive|Lewlo also wants the timer to be on.\nLewlo has agreed to open team sheets.\n|inactive|Lewlo has 60 seconds left.\n|inactive|fernoob has 60 seconds left.\n|\n|t:|1683732253\n|start\n|switch|p1a: Grabby Gabby|Iron Hands, L50|100\/100\n|switch|p1b: Amoonguss|Amoonguss, L50, F|100\/100\n|switch|p2a: Rotom|Rotom-Wash, L50|100\/100\n|switch|p2b: Garganacl|Garganacl, L50, M|100\/100\n|turn|1\n|inactive|Lewlo has 30 seconds left.\n|inactive|fernoob has 30 seconds left.\n|\n|t:|1683732286\n|move|p2a: Rotom|Will-O-Wisp|p1a: Grabby Gabby\n|-status|p1a: Grabby Gabby|brn\n|move|p1a: Grabby Gabby|Swords Dance|p1a: Grabby Gabby\n|-boost|p1a: Grabby Gabby|atk|2\n|move|p2b: Garganacl|Salt Cure|p1b: Amoonguss\n|-damage|p1b: Amoonguss|89\/100\n|-start|p1b: Amoonguss|Salt Cure\n|move|p1b: Amoonguss|Spore|p2a: Rotom\n|-status|p2a: Rotom|slp|[from] move: Spore\n|\n|-damage|p1a: Grabby Gabby|94\/100 brn|[from] brn\n|-damage|p1b: Amoonguss|77\/100|[from] Salt Cure\n|upkeep\n|turn|2\n|\n|t:|1683732307\n|switch|p1b: Flutter Mane|Flutter Mane, L50|100\/100\n|-enditem|p1b: Flutter Mane|Booster Energy\n|-activate|p1b: Flutter Mane|ability: Protosynthesis|[fromitem]\n|-start|p1b: Flutter Mane|protosynthesisspa\n|cant|p2a: Rotom|slp\n|move|p1a: Grabby Gabby|Swords Dance|p1a: Grabby Gabby\n|-boost|p1a: Grabby Gabby|atk|2\n|move|p2b: Garganacl|Salt Cure|p1a: Grabby Gabby\n|-resisted|p1a: Grabby Gabby\n|-damage|p1a: Grabby Gabby|90\/100 brn\n|-start|p1a: Grabby Gabby|Salt Cure\n|\n|-damage|p1a: Grabby Gabby|84\/100 brn|[from] brn\n|-damage|p1a: Grabby Gabby|72\/100 brn|[from] Salt Cure\n|upkeep\n|turn|3\n|inactive|fernoob has 30 seconds left.\n|\n|t:|1683732334\n|move|p1b: Flutter Mane|Shadow Ball|p2b: Garganacl\n|-damage|p2b: Garganacl|74\/100\n|-unboost|p2b: Garganacl|spd|1\n|-curestatus|p2a: Rotom|slp|[msg]\n|move|p2a: Rotom|Thunder Wave|p1b: Flutter Mane\n|-status|p1b: Flutter Mane|par\n|move|p1a: Grabby Gabby|Drain Punch|p2a: Rotom\n|-damage|p2a: Rotom|36\/100\n|-heal|p1a: Grabby Gabby|94\/100 brn|[from] drain|[of] p2a: Rotom\n|-enditem|p2a: Rotom|Sitrus Berry|[eat]\n|-heal|p2a: Rotom|61\/100|[from] item: Sitrus Berry\n|move|p2b: Garganacl|Salt Cure|p1b: Flutter Mane\n|-damage|p1b: Flutter Mane|79\/100 par\n|-start|p1b: Flutter Mane|Salt Cure\n|\n|-heal|p2b: Garganacl|80\/100|[from] item: Leftovers\n|-damage|p1a: Grabby Gabby|88\/100 brn|[from] brn\n|-damage|p1b: Flutter Mane|67\/100 par|[from] Salt Cure\n|-damage|p1a: Grabby Gabby|76\/100 brn|[from] Salt Cure\n|upkeep\n|turn|4\n|inactive|fernoob has 30 seconds left.\n|inactive|fernoob has 20 seconds left.\n|\n|t:|1683732373\n|move|p2a: Rotom|Volt Switch|p1b: Flutter Mane\n|-damage|p1b: Flutter Mane|42\/100 par\n|\n|t:|1683732376\n|switch|p2a: Dragonite|Dragonite, L50, M|100\/100|[from] Volt Switch\n|move|p1b: Flutter Mane|Dazzling Gleam|p2b: Garganacl|[spread] p2a,p2b\n|-supereffective|p2a: Dragonite\n|-damage|p2a: Dragonite|10\/100\n|-damage|p2b: Garganacl|22\/100\n|move|p1a: Grabby Gabby|Drain Punch|p2b: Garganacl\n|-supereffective|p2b: Garganacl\n|-damage|p2b: Garganacl|0 fnt\n|-heal|p1a: Grabby Gabby|85\/100 brn|[from] drain|[of] p2b: Garganacl\n|faint|p2b: Garganacl\n|\n|-damage|p1a: Grabby Gabby|79\/100 brn|[from] brn\n|-damage|p1b: Flutter Mane|30\/100 par|[from] Salt Cure\n|-damage|p1a: Grabby Gabby|67\/100 brn|[from] Salt Cure\n|upkeep\n|\n|t:|1683732395\n|switch|p2b: Ting-Lu|Ting-Lu, L50|100\/100\n|-ability|p2b: Ting-Lu|Vessel of Ruin\n|turn|5\n|\n|t:|1683732408\n|-end|p1b: Flutter Mane|Protosynthesis|[silent]\n|switch|p1b: Amoonguss|Amoonguss, L50, F|100\/100\n|-terastallize|p2a: Dragonite|Normal\n|-terastallize|p1a: Grabby Gabby|Grass\n|move|p2a: Dragonite|Extreme Speed|p1a: Grabby Gabby\n|-damage|p1a: Grabby Gabby|17\/100 brn\n|move|p1a: Grabby Gabby|Drain Punch|p2b: Ting-Lu\n|-supereffective|p2b: Ting-Lu\n|-damage|p2b: Ting-Lu|24\/100\n|-heal|p1a: Grabby Gabby|61\/100 brn|[from] drain|[of] p2b: Ting-Lu\n|move|p2b: Ting-Lu|Heavy Slam|p1b: Amoonguss\n|-damage|p1b: Amoonguss|68\/100\n|-damage|p2b: Ting-Lu|7\/100|[from] item: Rocky Helmet|[of] p1b: Amoonguss\n|\n|-damage|p1a: Grabby Gabby|55\/100 brn|[from] brn\n|-damage|p1a: Grabby Gabby|43\/100 brn|[from] Salt Cure\n|upkeep\n|turn|6\n|inactive|fernoob has 30 seconds left.\n|inactive|fernoob has 20 seconds left.\n|\n|t:|1683732448\n|-end|p1a: Grabby Gabby|Quark Drive|[silent]\n|switch|p1a: Flutter Mane|Flutter Mane, L50|30\/100 par\n|move|p2a: Dragonite|Extreme Speed|p1a: Flutter Mane\n|-immune|p1a: Flutter Mane\n|move|p2b: Ting-Lu|Heavy Slam|p1b: Amoonguss\n|-crit|p1b: Amoonguss\n|-damage|p1b: Amoonguss|16\/100\n|-damage|p2b: Ting-Lu|0 fnt|[from] item: Rocky Helmet|[of] p1b: Amoonguss\n|faint|p2b: Ting-Lu\n|move|p1b: Amoonguss|Pollen Puff|p2a: Dragonite\n|-damage|p2a: Dragonite|0 fnt\n|faint|p2a: Dragonite\n|\n|upkeep\n|\n|t:|1683732463\n|switch|p2b: Rotom|Rotom-Wash, L50|61\/100\n|turn|7\n|\n|t:|1683732471\n|switch|p1b: Grabby Gabby|Iron Hands, L50, tera:Grass|43\/100 brn\n|move|p1a: Flutter Mane|Protect|p1a: Flutter Mane\n|-singleturn|p1a: Flutter Mane|Protect\n|move|p2b: Rotom|Volt Switch|p1a: Flutter Mane\n|-activate|p1a: Flutter Mane|move: Protect\n|\n|-damage|p1b: Grabby Gabby|37\/100 brn|[from] brn\n|upkeep\n|turn|8\n|\n|t:|1683732482\n|move|p1b: Grabby Gabby|Fake Out|p2b: Rotom\n|-damage|p2b: Rotom|52\/100\n|cant|p2b: Rotom|flinch\n|move|p1a: Flutter Mane|Perish Song|p1a: Flutter Mane\n|-start|p1a: Flutter Mane|perish3|[silent]\n|-start|p1b: Grabby Gabby|perish3|[silent]\n|-start|p2b: Rotom|perish3|[silent]\n|-fieldactivate|move: Perish Song\n|\n|-damage|p1b: Grabby Gabby|31\/100 brn|[from] brn\n|-start|p2b: Rotom|perish3\n|-start|p1a: Flutter Mane|perish3\n|-start|p1b: Grabby Gabby|perish3\n|upkeep\n|turn|9\n|\n|t:|1683732495\n|-end|p1b: Grabby Gabby|Quark Drive|[silent]\n|switch|p1b: Amoonguss|Amoonguss, L50, F|49\/100\n|move|p1a: Flutter Mane|Protect|p1a: Flutter Mane\n|-singleturn|p1a: Flutter Mane|Protect\n|move|p2b: Rotom|Volt Switch|p1a: Flutter Mane\n|-activate|p1a: Flutter Mane|move: Protect\n|\n|-start|p2b: Rotom|perish2\n|-start|p1a: Flutter Mane|perish2\n|upkeep\n|turn|10\n|\n|t:|1683732507\n|-end|p1a: Flutter Mane|Protosynthesis|[silent]\n|switch|p1a: Grabby Gabby|Iron Hands, L50, tera:Grass|31\/100 brn\n|move|p2b: Rotom|Will-O-Wisp|p1b: Amoonguss\n|-status|p1b: Amoonguss|brn\n|move|p1b: Amoonguss|Spore|p2b: Rotom\n|-status|p2b: Rotom|slp|[from] move: Spore\n|\n|-damage|p1a: Grabby Gabby|25\/100 brn|[from] brn\n|-damage|p1b: Amoonguss|43\/100 brn|[from] brn\n|-start|p2b: Rotom|perish1\n|upkeep\n|turn|11\n|c|\u2606fernoob|cruel\n|c|\u2606Lewlo|sorry mate\n|\n|t:|1683732530\n|cant|p2b: Rotom|slp\n|move|p1a: Grabby Gabby|Drain Punch|p2b: Rotom\n|-damage|p2b: Rotom|27\/100 slp\n|-heal|p1a: Grabby Gabby|33\/100 brn|[from] drain|[of] p2b: Rotom\n|move|p1b: Amoonguss|Pollen Puff|p1a: Grabby Gabby\n|-heal|p1a: Grabby Gabby|83\/100 brn\n|\n|-damage|p1a: Grabby Gabby|77\/100 brn|[from] brn\n|-damage|p1b: Amoonguss|37\/100 brn|[from] brn\n|-start|p2b: Rotom|perish0\n|upkeep\n|faint|p2b: Rotom\n|\n|win|Lewlo\n|raw|Lewlo's rating: 1271 → 1290<\/strong> (+19 for winning)\n|raw|fernoob's rating: 1189 → 1170<\/strong> (-19 for losing)\n|c|\u2606Lewlo|gg\n|c|\u2606fernoob|F\n|c|\u2606fernoob|gg\n|c|\u2606Lewlo|Good luck today\n|c|\u2606fernoob|ty\n|l|\u2606fernoob\n","uploadtime":1683732567,"views":6,"p1id":"lewlo","p2id":"fernoob","formatid":"gen9vgc2023regulationc","rating":1170,"private":0,"password":""}