{"id":"gen9vgc2023regulationc-1854432515","p1":"messinderela","p2":"SCLuke","format":"[Gen 9] VGC 2023 Regulation C","log":"|j|\u2606messinderela\n|j|\u2606SCLuke\n|t:|1682810207\n|gametype|doubles\n|player|p1|messinderela|larry|1054\n|player|p2|SCLuke|cynthia|1044\n|teamsize|p1|6\n|teamsize|p2|6\n|gen|9\n|tier|[Gen 9] VGC 2023 Regulation C\n|rated|\n|rule|Species Clause: Limit one of each Pok\u00e9mon\n|rule|Item Clause: Limit one of each item\n|clearpoke\n|poke|p1|Lycanroc-Midnight, L50, F|\n|poke|p1|Medicham, L50, M|\n|poke|p1|Dondozo, L50, M|\n|poke|p1|Tatsugiri-Stretchy, L50, F|\n|poke|p1|Mimikyu, L50, M|\n|poke|p1|Ting-Lu, L50|\n|poke|p2|Krookodile, L50, M|\n|poke|p2|Meowscarada, L50, M|\n|poke|p2|Flamigo, L50, F|\n|poke|p2|Breloom, L50, F|\n|poke|p2|Flutter Mane, L50|\n|poke|p2|Maushold, L50|\n|teampreview|4\n|\n|t:|1682810233\n|start\n|switch|p1a: Lycanroc|Lycanroc-Midnight, L50, F|100\/100\n|switch|p1b: Medicham|Medicham, L50, M|100\/100\n|switch|p2a: Krookodile|Krookodile, L50, M, shiny|100\/100\n|switch|p2b: Meowscarada|Meowscarada, L50, M|100\/100\n|turn|1\n|\n|t:|1682810258\n|-terastallize|p2a: Krookodile|Poison\n|-terastallize|p1a: Lycanroc|Water\n|move|p1b: Medicham|Fake Out|p2b: Meowscarada\n|-crit|p2b: Meowscarada\n|-damage|p2b: Meowscarada|58\/100\n|cant|p2b: Meowscarada|flinch\n|move|p2a: Krookodile|Stomping Tantrum|p1a: Lycanroc\n|-damage|p1a: Lycanroc|51\/100\n|move|p1a: Lycanroc|Rock Slide|p2a: Krookodile|[spread] p2a,p2b\n|-crit|p2a: Krookodile\n|-damage|p2a: Krookodile|50\/100\n|-damage|p2b: Meowscarada|16\/100\n|-setboost|p2a: Krookodile|atk|6|[from] ability: Anger Point\n|\n|-heal|p2a: Krookodile|56\/100|[from] item: Leftovers\n|upkeep\n|turn|2\n|c|\u2606messinderela|lmao\n|c|\u2606SCLuke|lol\n|\n|t:|1682810302\n|move|p2a: Krookodile|Protect|p2a: Krookodile\n|-singleturn|p2a: Krookodile|Protect\n|move|p2b: Meowscarada|Flower Trick|p1a: Lycanroc\n|-start|p2b: Meowscarada|typechange|Grass|[from] ability: Protean\n|-supereffective|p1a: Lycanroc\n|-crit|p1a: Lycanroc\n|-damage|p1a: Lycanroc|0 fnt\n|faint|p1a: Lycanroc\n|move|p1b: Medicham|Close Combat|p2a: Krookodile\n|-activate|p2a: Krookodile|move: Protect\n|\n|-heal|p2a: Krookodile|62\/100|[from] item: Leftovers\n|upkeep\n|\n|t:|1682810306\n|switch|p1a: Dondozo|Dondozo, L50, M|100\/100\n|turn|3\n|\n|t:|1682810334\n|move|p2a: Krookodile|Protect||[still]\n|-fail|p2a: Krookodile\n|move|p1a: Dondozo|Protect|p1a: Dondozo\n|-singleturn|p1a: Dondozo|Protect\n|move|p2b: Meowscarada|Knock Off|p1b: Medicham\n|-damage|p1b: Medicham|50\/100\n|-enditem|p1b: Medicham|Focus Sash|[from] move: Knock Off|[of] p2b: Meowscarada\n|move|p1b: Medicham|Close Combat|p2b: Meowscarada\n|-damage|p2b: Meowscarada|0 fnt\n|-unboost|p1b: Medicham|def|1\n|-unboost|p1b: Medicham|spd|1\n|faint|p2b: Meowscarada\n|\n|-heal|p2a: Krookodile|68\/100|[from] item: Leftovers\n|upkeep\n|\n|t:|1682810347\n|switch|p2b: Flamigo|Flamigo, L50, F|100\/100\n|-copyboost|p2b: Flamigo|p2a: Krookodile|[from] ability: Costar\n|turn|4\n|\n|t:|1682810357\n|switch|p1b: Tatsugiri|Tatsugiri-Stretchy, L50, F|100\/100\n|-activate|p1b: Tatsugiri|ability: Commander|[of] p1a: Dondozo\n|-boost|p1a: Dondozo|atk|2\n|-boost|p1a: Dondozo|spa|2\n|-boost|p1a: Dondozo|spe|2\n|-boost|p1a: Dondozo|def|2\n|-boost|p1a: Dondozo|spd|2\n|move|p1a: Dondozo|Wave Crash|p2a: Krookodile\n|-damage|p2a: Krookodile|0 fnt\n|faint|p2a: Krookodile\n|-damage|p1a: Dondozo|85\/100|[from] Recoil\n|move|p2b: Flamigo|Brave Bird|p1b: Tatsugiri|[miss]\n|-miss|p2b: Flamigo|p1b: Tatsugiri\n|\n|-heal|p1a: Dondozo|91\/100|[from] item: Leftovers\n|upkeep\n|\n|t:|1682810371\n|switch|p2a: Breloom|Breloom, L50, F, shiny|100\/100\n|turn|5\n|\n|t:|1682810381\n|move|p2b: Flamigo|Detect|p2b: Flamigo\n|-singleturn|p2b: Flamigo|Protect\n|move|p1a: Dondozo|Wave Crash|p2b: Flamigo\n|-activate|p2b: Flamigo|move: Protect\n|move|p2a: Breloom|Spore|p1a: Dondozo\n|-status|p1a: Dondozo|slp|[from] move: Spore\n|\n|-heal|p1a: Dondozo|97\/100 slp|[from] item: Leftovers\n|-status|p2a: Breloom|tox|[from] item: Toxic Orb\n|upkeep\n|turn|6\n|\n|t:|1682810397\n|move|p2a: Breloom|Helping Hand|p2b: Flamigo\n|-singleturn|p2b: Flamigo|Helping Hand|[of] p2a: Breloom\n|cant|p1a: Dondozo|slp\n|move|p2b: Flamigo|Brave Bird|p1a: Dondozo\n|-damage|p1a: Dondozo|58\/100 slp\n|-damage|p2b: Flamigo|81\/100|[from] Recoil\n|-damage|p2b: Flamigo|71\/100|[from] item: Life Orb\n|\n|-heal|p1a: Dondozo|64\/100 slp|[from] item: Leftovers\n|upkeep\n|turn|7\n|\n|t:|1682810411\n|move|p2a: Breloom|Helping Hand|p2b: Flamigo\n|-singleturn|p2b: Flamigo|Helping Hand|[of] p2a: Breloom\n|-curestatus|p1a: Dondozo|slp|[msg]\n|move|p1a: Dondozo|Protect|p1a: Dondozo\n|-singleturn|p1a: Dondozo|Protect\n|move|p2b: Flamigo|Close Combat|p1a: Dondozo\n|-activate|p1a: Dondozo|move: Protect\n|\n|-heal|p1a: Dondozo|70\/100|[from] item: Leftovers\n|upkeep\n|turn|8\n|\n|t:|1682810424\n|move|p2b: Flamigo|Detect|p2b: Flamigo\n|-singleturn|p2b: Flamigo|Protect\n|move|p1a: Dondozo|Substitute|p1a: Dondozo\n|-start|p1a: Dondozo|Substitute\n|-damage|p1a: Dondozo|45\/100\n|move|p2a: Breloom|Spore||[still]\n|-fail|p2a: Breloom\n|\n|-heal|p1a: Dondozo|52\/100|[from] item: Leftovers\n|upkeep\n|turn|9\n|\n|t:|1682810442\n|move|p1a: Dondozo|Protect|p1a: Dondozo\n|-singleturn|p1a: Dondozo|Protect\n|move|p2b: Flamigo|Close Combat|p1a: Dondozo\n|-activate|p1a: Dondozo|move: Protect\n|move|p2a: Breloom|Brick Break|p1a: Dondozo\n|-activate|p1a: Dondozo|move: Protect\n|\n|-heal|p1a: Dondozo|58\/100|[from] item: Leftovers\n|upkeep\n|turn|10\n|\n|t:|1682810459\n|move|p1a: Dondozo|Fissure|p2a: Breloom|[miss]\n|-miss|p1a: Dondozo|p2a: Breloom\n|move|p2b: Flamigo|Close Combat|p1a: Dondozo\n|-activate|p1a: Dondozo|move: Substitute|[damage]\n|-unboost|p2b: Flamigo|def|1\n|-unboost|p2b: Flamigo|spd|1\n|-damage|p2b: Flamigo|62\/100|[from] item: Life Orb\n|move|p2a: Breloom|Brick Break|p1a: Dondozo\n|-end|p1a: Dondozo|Substitute\n|\n|-heal|p1a: Dondozo|64\/100|[from] item: Leftovers\n|upkeep\n|turn|11\n|\n|t:|1682810473\n|move|p1a: Dondozo|Protect|p1a: Dondozo\n|-singleturn|p1a: Dondozo|Protect\n|move|p2b: Flamigo|Detect|p2b: Flamigo\n|-singleturn|p2b: Flamigo|Protect\n|move|p2a: Breloom|Brick Break|p1a: Dondozo\n|-activate|p1a: Dondozo|move: Protect\n|\n|-heal|p1a: Dondozo|70\/100|[from] item: Leftovers\n|upkeep\n|turn|12\n|\n|t:|1682810488\n|move|p1a: Dondozo|Wave Crash|p2b: Flamigo\n|-damage|p2b: Flamigo|0 fnt\n|faint|p2b: Flamigo\n|-damage|p1a: Dondozo|57\/100|[from] Recoil\n|move|p2a: Breloom|Spore|p1a: Dondozo\n|-status|p1a: Dondozo|slp|[from] move: Spore\n|\n|-heal|p1a: Dondozo|63\/100 slp|[from] item: Leftovers\n|upkeep\n|turn|13\n|\n|t:|1682810498\n|cant|p1a: Dondozo|slp\n|move|p2a: Breloom|Brick Break|p1a: Dondozo\n|-damage|p1a: Dondozo|52\/100 slp\n|\n|-heal|p1a: Dondozo|58\/100 slp|[from] item: Leftovers\n|upkeep\n|turn|14\n|c|\u2606messinderela|cant believe donbozo clutched this\n|c|\u2606SCLuke|bruh\n|c|\u2606SCLuke|i cant do damage\n|c|\u2606messinderela|unaware saved my ass\n|c|\u2606SCLuke|gg\n|-message|SCLuke forfeited.\n|\n|win|messinderela\n|raw|messinderela's rating: 1054 → 1085<\/strong> (+31 for winning)\n|raw|SCLuke's rating: 1044 → 1028<\/strong> (-16 for losing)\n|c|\u2606messinderela|gg\n|l|\u2606SCLuke\n","uploadtime":1682810545,"views":17,"p1id":"messinderela","p2id":"scluke","formatid":"gen9vgc2023regulationc","rating":1028,"private":0,"password":""}