{"id":"gen9vgc2023regulationc-1845967497","p1":"Determewnation","p2":"LetHimSleep","format":"[Gen 9] VGC 2023 Regulation C","log":"|j|\u2606Determewnation\n|j|\u2606LetHimSleep\n|t:|1681785058\n|gametype|doubles\n|player|p1|Determewnation|akari-isekai|1336\n|player|p2|LetHimSleep|ninjaboy|1237\n|teamsize|p1|6\n|teamsize|p2|6\n|gen|9\n|tier|[Gen 9] VGC 2023 Regulation C\n|rated|\n|rule|Species Clause: Limit one of each Pok\u00e9mon\n|rule|Item Clause: Limit one of each item\n|clearpoke\n|poke|p1|Iron Treads, L50|\n|poke|p1|Murkrow, L50, F|\n|poke|p1|Goodra, L50, F|\n|poke|p1|Maushold, L50|\n|poke|p1|Sylveon, L50, F|\n|poke|p1|Tsareena, L50, F|\n|poke|p2|Palafin, L50, F|\n|poke|p2|Amoonguss, L50, M|\n|poke|p2|Flutter Mane, L50|\n|poke|p2|Stonjourner, L50, M|\n|poke|p2|Arcanine, L50, M|\n|poke|p2|Sandy Shocks, L50|\n|teampreview|4\n|\n|t:|1681785112\n|start\n|switch|p1a: Murkrow|Murkrow, L50, F|100\/100\n|switch|p1b: Iron Treads|Iron Treads, L50|100\/100\n|switch|p2a: Palafin|Palafin, L50, F|100\/100\n|switch|p2b: Stonjourner|Stonjourner, L50, M, shiny|100\/100\n|turn|1\n|\n|t:|1681785124\n|detailschange|p2a: Palafin|Palafin-Hero, L50, F\n|switch|p2a: Arcanine|Arcanine, L50, M|100\/100\n|-ability|p2a: Arcanine|Intimidate|boost\n|-unboost|p1a: Murkrow|atk|1\n|-unboost|p1b: Iron Treads|atk|1\n|move|p1b: Iron Treads|Protect|p1b: Iron Treads\n|-singleturn|p1b: Iron Treads|Protect\n|move|p2b: Stonjourner|Wide Guard|p2b: Stonjourner\n|-singleturn|p2b: Stonjourner|Wide Guard\n|move|p1a: Murkrow|Tailwind|p1a: Murkrow\n|-sidestart|p1: Determewnation|move: Tailwind\n|\n|upkeep\n|turn|2\n|\n|t:|1681785148\n|-end|p1b: Iron Treads|Quark Drive|[silent]\n|switch|p1b: Goodra|Goodra, L50, F, shiny|100\/100\n|move|p1a: Murkrow|Foul Play|p2a: Arcanine\n|-damage|p2a: Arcanine|52\/100\n|move|p2a: Arcanine|Will-O-Wisp|p1b: Goodra\n|-status|p1b: Goodra|brn\n|move|p2b: Stonjourner|Rock Slide|p1a: Murkrow|[spread] p1a,p1b\n|-supereffective|p1a: Murkrow\n|-damage|p1a: Murkrow|36\/100\n|-damage|p1b: Goodra|69\/100 brn\n|\n|-damage|p1b: Goodra|63\/100 brn|[from] brn\n|upkeep\n|turn|3\n|\n|t:|1681785163\n|switch|p2a: Amoonguss|Amoonguss, L50, M|100\/100\n|move|p1a: Murkrow|Foul Play|p2b: Stonjourner\n|-damage|p2b: Stonjourner|57\/100\n|move|p1b: Goodra|Draco Meteor|p2b: Stonjourner\n|-damage|p2b: Stonjourner|0 fnt\n|-unboost|p1b: Goodra|spa|2\n|faint|p2b: Stonjourner\n|\n|-damage|p1b: Goodra|57\/100 brn|[from] brn\n|upkeep\n|\n|t:|1681785178\n|switch|p2b: Palafin|Palafin-Hero, L50, F|100\/100\n|-activate|p2b: Palafin|ability: Zero to Hero\n|turn|4\n|\n|t:|1681785197\n|switch|p1a: Tsareena|Tsareena, L50, F|100\/100\n|move|p2a: Amoonguss|Rage Powder|p2a: Amoonguss\n|-singleturn|p2a: Amoonguss|move: Rage Powder\n|move|p1b: Goodra|Flamethrower|p2a: Amoonguss\n|-supereffective|p2a: Amoonguss\n|-damage|p2a: Amoonguss|76\/100\n|move|p2b: Palafin|Wave Crash|p1a: Tsareena\n|-resisted|p1a: Tsareena\n|-damage|p1a: Tsareena|43\/100\n|-damage|p2b: Palafin|85\/100|[from] Recoil\n|\n|-damage|p1b: Goodra|51\/100 brn|[from] brn\n|-sideend|p1: Determewnation|move: Tailwind\n|upkeep\n|turn|5\n|\n|t:|1681785216\n|switch|p1b: Murkrow|Murkrow, L50, F|36\/100\n|move|p2b: Palafin|Protect|p2b: Palafin\n|-singleturn|p2b: Palafin|Protect\n|move|p1a: Tsareena|Protect|p1a: Tsareena\n|-singleturn|p1a: Tsareena|Protect\n|move|p2a: Amoonguss|Pollen Puff|p1a: Tsareena\n|-activate|p1a: Tsareena|move: Protect\n|\n|upkeep\n|turn|6\n|\n|t:|1681785228\n|switch|p2b: Arcanine|Arcanine, L50, M|52\/100\n|-ability|p2b: Arcanine|Intimidate|boost\n|-unboost|p1a: Tsareena|atk|1\n|-unboost|p1b: Murkrow|atk|1\n|move|p1b: Murkrow|Tailwind|p1b: Murkrow\n|-sidestart|p1: Determewnation|move: Tailwind\n|move|p1a: Tsareena|U-turn|p2a: Amoonguss\n|-damage|p2a: Amoonguss|62\/100\n|-damage|p1a: Tsareena|27\/100|[from] item: Rocky Helmet|[of] p2a: Amoonguss\n|\n|t:|1681785231\n|switch|p1a: Goodra|Goodra, L50, F, shiny|51\/100 brn|[from] U-turn\n|move|p2a: Amoonguss|Pollen Puff|p1a: Goodra\n|-damage|p1a: Goodra|42\/100 brn\n|\n|-damage|p1a: Goodra|36\/100 brn|[from] brn\n|upkeep\n|turn|7\n|\n|t:|1681785265\n|move|p2b: Arcanine|Extreme Speed|p1b: Murkrow\n|-damage|p1b: Murkrow|12\/100\n|move|p1b: Murkrow|Foul Play|p2a: Amoonguss\n|-damage|p2a: Amoonguss|43\/100\n|-damage|p1b: Murkrow|0 fnt|[from] item: Rocky Helmet|[of] p2a: Amoonguss\n|faint|p1b: Murkrow\n|move|p1a: Goodra|Flamethrower|p2a: Amoonguss\n|-supereffective|p2a: Amoonguss\n|-damage|p2a: Amoonguss|0 fnt\n|faint|p2a: Amoonguss\n|\n|-damage|p1a: Goodra|30\/100 brn|[from] brn\n|upkeep\n|\n|t:|1681785275\n|switch|p1b: Iron Treads|Iron Treads, L50|100\/100\n|switch|p2a: Palafin|Palafin-Hero, L50, F|85\/100\n|turn|8\n|\n|t:|1681785296\n|switch|p1a: Tsareena|Tsareena, L50, F|27\/100\n|-terastallize|p2b: Arcanine|Water\n|move|p2a: Palafin|Protect|p2a: Palafin\n|-singleturn|p2a: Palafin|Protect\n|move|p1b: Iron Treads|Earthquake|p2a: Palafin|[spread] p1a,p2b\n|-activate|p2a: Palafin|move: Protect\n|-resisted|p1a: Tsareena\n|-damage|p1a: Tsareena|4\/100\n|-damage|p2b: Arcanine|15\/100\n|-enditem|p2b: Arcanine|Sitrus Berry|[eat]\n|-heal|p2b: Arcanine|40\/100|[from] item: Sitrus Berry\n|move|p2b: Arcanine|Flare Blitz|p1b: Iron Treads\n|-supereffective|p1b: Iron Treads\n|-enditem|p1b: Iron Treads|Focus Sash\n|-damage|p1b: Iron Treads|1\/100\n|-damage|p2b: Arcanine|12\/100|[from] Recoil\n|\n|upkeep\n|turn|9\n|\n|t:|1681785326\n|move|p1b: Iron Treads|Iron Head|p2b: Arcanine\n|-resisted|p2b: Arcanine\n|-damage|p2b: Arcanine|0 fnt\n|faint|p2b: Arcanine\n|move|p1a: Tsareena|Power Whip|p2a: Palafin\n|-supereffective|p2a: Palafin\n|-damage|p2a: Palafin|0 fnt\n|faint|p2a: Palafin\n|\n|win|Determewnation\n|raw|Determewnation's rating: 1336 → 1350<\/strong> (+14 for winning)\n|raw|LetHimSleep's rating: 1237 → 1219<\/strong> (-18 for losing)\n|l|\u2606LetHimSleep\n","uploadtime":1681785402,"views":9,"p1id":"determewnation","p2id":"lethimsleep","formatid":"gen9vgc2023regulationc","rating":1219,"private":0,"password":""}