{"id":"gen9vgc2023regulationc-1859484960","p1":"Training_ArcTM","p2":"salamencetv","format":"[Gen 9] VGC 2023 Regulation C","log":"|j|\u2606Training_ArcTM\n|j|\u2606salamencetv\n|t:|1683474463\n|gametype|doubles\n|player|p1|Training_ArcTM|170|\n|player|p2|salamencetv|pryce|\n|teamsize|p1|6\n|teamsize|p2|6\n|gen|9\n|tier|[Gen 9] VGC 2023 Regulation C\n|rule|Species Clause: Limit one of each Pok\u00e9mon\n|rule|Item Clause: Limit one of each item\n|clearpoke\n|poke|p1|Roaring Moon, L50|\n|poke|p1|Klefki, L50, M|\n|poke|p1|Azumarill, L50, F|\n|poke|p1|Chien-Pao, L50|\n|poke|p1|Lucario, L50, F|\n|poke|p1|Tauros-Paldea-Blaze, L50, M|\n|poke|p2|Sylveon, L50, F|\n|poke|p2|Cetitan, L50, F|\n|poke|p2|Oranguru, L50, M|\n|poke|p2|Gholdengo, L50|\n|poke|p2|Staraptor, L50, M|\n|poke|p2|Brute Bonnet, L50|\n|teampreview|4\n|c|\u2606salamencetv|GlHf\n|c|\u2606salamencetv|G1\n|c|\u2606Training_ArcTM|Glhf\n|\n|t:|1683474549\n|start\n|switch|p1a: Azumarill|Azumarill, L50, F|100\/100\n|switch|p1b: Klefki|Klefki, L50, M|100\/100\n|switch|p2a: Sylveon|Sylveon, L50, F|100\/100\n|switch|p2b: Oranguru|Oranguru, L50, M|100\/100\n|turn|1\n|\n|t:|1683474574\n|move|p1b: Klefki|Light Screen|p1b: Klefki\n|-sidestart|p1: Training_ArcTM|move: Light Screen\n|move|p2a: Sylveon|Hyper Voice|p1b: Klefki|[spread] p1a,p1b\n|-resisted|p1b: Klefki\n|-damage|p1a: Azumarill|81\/100\n|-damage|p1b: Klefki|85\/100\n|-enditem|p2a: Sylveon|Throat Spray\n|-boost|p2a: Sylveon|spa|1|[from] item: Throat Spray\n|move|p1a: Azumarill|Play Rough|p2a: Sylveon\n|-damage|p2a: Sylveon|30\/100\n|move|p2b: Oranguru|Trick Room|p2b: Oranguru\n|-fieldstart|move: Trick Room|[of] p2b: Oranguru\n|\n|upkeep\n|turn|2\n|\n|t:|1683474611\n|move|p1b: Klefki|Thunder Wave|p2b: Oranguru\n|-status|p2b: Oranguru|par\n|cant|p2b: Oranguru|par\n|move|p1a: Azumarill|Liquidation|p2a: Sylveon\n|-damage|p2a: Sylveon|0 fnt\n|faint|p2a: Sylveon\n|\n|upkeep\n|\n|t:|1683474625\n|switch|p2a: Cetitan|Cetitan, L50, F|100\/100\n|turn|3\n|\n|t:|1683474641\n|-terastallize|p2a: Cetitan|Electric\n|move|p1b: Klefki|Reflect|p1b: Klefki\n|-sidestart|p1: Training_ArcTM|Reflect\n|move|p2b: Oranguru|Brick Break|p1b: Klefki\n|-sideend|p1: Training_ArcTM|Reflect\n|-sideend|p1: Training_ArcTM|move: Light Screen\n|-damage|p1b: Klefki|73\/100\n|move|p1a: Azumarill|Play Rough|p2a: Cetitan\n|-damage|p2a: Cetitan|51\/100\n|move|p2a: Cetitan|Tera Blast|p1a: Azumarill\n|-supereffective|p1a: Azumarill\n|-damage|p1a: Azumarill|0 fnt\n|faint|p1a: Azumarill\n|\n|upkeep\n|\n|t:|1683474649\n|switch|p1a: Lucario|Lucario, L50, F|100\/100\n|turn|4\n|\n|t:|1683474665\n|switch|p1b: Chien-Pao|Chien-Pao, L50|100\/100\n|-ability|p1b: Chien-Pao|Sword of Ruin\n|-terastallize|p1a: Lucario|Normal\n|move|p1a: Lucario|Extreme Speed|p2a: Cetitan\n|-damage|p2a: Cetitan|0 fnt\n|faint|p2a: Cetitan\n|move|p2b: Oranguru|Brick Break|p1a: Lucario\n|-supereffective|p1a: Lucario\n|-damage|p1a: Lucario|56\/100\n|\n|upkeep\n|\n|t:|1683474673\n|switch|p2a: Gholdengo|Gholdengo, L50|100\/100\n|turn|5\n|\n|t:|1683474691\n|switch|p1a: Klefki|Klefki, L50, M|73\/100\n|move|p1b: Chien-Pao|Protect|p1b: Chien-Pao\n|-singleturn|p1b: Chien-Pao|Protect\n|move|p2b: Oranguru|Brick Break|p1b: Chien-Pao\n|-activate|p1b: Chien-Pao|move: Protect\n|move|p2a: Gholdengo|Make It Rain|p1b: Chien-Pao|[spread] p1a\n|-activate|p1b: Chien-Pao|move: Protect\n|-damage|p1a: Klefki|0 fnt\n|-unboost|p2a: Gholdengo|spa|1\n|faint|p1a: Klefki\n|\n|-fieldend|move: Trick Room\n|upkeep\n|\n|t:|1683474705\n|switch|p1a: Lucario|Lucario, L50, F, tera:Normal|56\/100\n|turn|6\n|\n|t:|1683474722\n|move|p1a: Lucario|Extreme Speed|p2b: Oranguru\n|-damage|p2b: Oranguru|35\/100 par\n|move|p1b: Chien-Pao|Sucker Punch|p2a: Gholdengo\n|-supereffective|p2a: Gholdengo\n|-damage|p2a: Gholdengo|0 fnt\n|faint|p2a: Gholdengo\n|move|p2b: Oranguru|Trick Room|p2b: Oranguru\n|-fieldstart|move: Trick Room|[of] p2b: Oranguru\n|\n|upkeep\n|turn|7\n|\n|t:|1683474731\n|move|p1a: Lucario|Extreme Speed|p2b: Oranguru\n|-damage|p2b: Oranguru|0 fnt\n|faint|p2b: Oranguru\n|\n|win|Training_ArcTM\n|c|\u2606Training_ArcTM|Gg\n|c|\u2606salamencetv|GG\n|l|\u2606Training_ArcTM\n","uploadtime":1683474738,"views":12,"p1id":"trainingarctm","p2id":"salamencetv","formatid":"gen9vgc2023regulationc","rating":0,"private":0,"password":""}