{"id":"gen9vgc2023regulationc-1846404713","p1":"dreamswgh","p2":"echidna909","format":"[Gen 9] VGC 2023 Regulation C","log":"|j|\u2606dreamswgh\n|j|\u2606echidna909\n|t:|1681838197\n|gametype|doubles\n|player|p1|dreamswgh|nate|1276\n|player|p2|echidna909|madame|1176\n|teamsize|p1|6\n|teamsize|p2|6\n|gen|9\n|tier|[Gen 9] VGC 2023 Regulation C\n|rated|\n|rule|Species Clause: Limit one of each Pok\u00e9mon\n|rule|Item Clause: Limit one of each item\n|clearpoke\n|poke|p1|Torkoal, L50, M|\n|poke|p1|Flutter Mane, L50|\n|poke|p1|Indeedee-F, L50, F|\n|poke|p1|Hatterene, L50, F|\n|poke|p1|Corviknight, L50, F|\n|poke|p1|Mudsdale, L50, F|\n|poke|p2|Abomasnow, L50, F|\n|poke|p2|Slither Wing, L50|\n|poke|p2|Farigiraf, L50, M|\n|poke|p2|Tatsugiri, L50, F|\n|poke|p2|Chi-Yu, L50|\n|poke|p2|Cetitan, L50, M|\n|teampreview|4\n|\n|t:|1681838262\n|start\n|switch|p1a: Arizona|Torkoal, L50, M|100\/100\n|switch|p1b: Utah|Flutter Mane, L50|100\/100\n|switch|p2a: Farigiraf|Farigiraf, L50, M|100\/100\n|switch|p2b: Chi-Yu|Chi-Yu, L50|100\/100\n|-ability|p2b: Chi-Yu|Beads of Ruin\n|-weather|SunnyDay|[from] ability: Drought|[of] p1a: Arizona\n|-activate|p1b: Utah|ability: Protosynthesis\n|-start|p1b: Utah|protosynthesisspa\n|turn|1\n|\n|t:|1681838313\n|switch|p1a: Okalahoma|Corviknight, L50, F|100\/100\n|move|p2b: Chi-Yu|Heat Wave|p1a: Okalahoma|[spread] p1a,p1b\n|-supereffective|p1a: Okalahoma\n|-damage|p1a: Okalahoma|0 fnt\n|-damage|p1b: Utah|18\/100\n|-enditem|p1b: Utah|Petaya Berry|[eat]\n|-boost|p1b: Utah|spa|1|[from] item: Petaya Berry\n|faint|p1a: Okalahoma\n|move|p1b: Utah|Substitute|p1b: Utah\n|-fail|p1b: Utah|move: Substitute|[weak]\n|move|p2a: Farigiraf|Hyper Voice|p1b: Utah\n|-immune|p1b: Utah\n|\n|-weather|SunnyDay|[upkeep]\n|upkeep\n|\n|t:|1681838327\n|switch|p1a: Nevada|Indeedee-F, L50, F|100\/100\n|-fieldstart|move: Psychic Terrain|[from] ability: Psychic Surge|[of] p1a: Nevada\n|-enditem|p1a: Nevada|Psychic Seed\n|-boost|p1a: Nevada|spd|1|[from] item: Psychic Seed\n|turn|2\n|\n|t:|1681838355\n|move|p1b: Utah|Protect|p1b: Utah\n|-singleturn|p1b: Utah|Protect\n|move|p2b: Chi-Yu|Heat Wave|p1a: Nevada|[spread] p1a\n|-activate|p1b: Utah|move: Protect\n|-damage|p1a: Nevada|47\/100\n|move|p2a: Farigiraf|Hyper Voice|p1b: Utah|[spread] p1a\n|-activate|p1b: Utah|move: Protect\n|-damage|p1a: Nevada|18\/100\n|-enditem|p2a: Farigiraf|Throat Spray\n|-boost|p2a: Farigiraf|spa|1|[from] item: Throat Spray\n|move|p1a: Nevada|Trick Room|p1a: Nevada\n|-fieldstart|move: Trick Room|[of] p1a: Nevada\n|\n|-weather|SunnyDay|[upkeep]\n|upkeep\n|turn|3\n|\n|t:|1681838385\n|move|p1a: Nevada|Helping Hand|p1b: Utah\n|-singleturn|p1b: Utah|Helping Hand|[of] p1a: Nevada\n|move|p2a: Farigiraf|Psychic|p1b: Utah\n|-damage|p1b: Utah|0 fnt\n|faint|p1b: Utah\n|-end|p1b: Utah|Protosynthesis|[silent]\n|move|p2b: Chi-Yu|Heat Wave|p1a: Nevada\n|-damage|p1a: Nevada|0 fnt\n|faint|p1a: Nevada\n|\n|-weather|SunnyDay|[upkeep]\n|upkeep\n|\n|t:|1681838394\n|switch|p1b: Arizona|Torkoal, L50, M|100\/100\n|turn|4\n|\n|t:|1681838399\n|-terastallize|p1b: Arizona|Fire\n|-terastallize|p2a: Farigiraf|Normal\n|move|p1b: Arizona|Eruption|p2a: Farigiraf|[spread] p2a,p2b\n|-resisted|p2b: Chi-Yu\n|-damage|p2a: Farigiraf|0 fnt\n|-damage|p2b: Chi-Yu|29\/100\n|faint|p2a: Farigiraf\n|move|p2b: Chi-Yu|Heat Wave|p1b: Arizona|[miss]\n|-miss|p2b: Chi-Yu|p1b: Arizona\n|\n|-weather|SunnyDay|[upkeep]\n|upkeep\n|\n|t:|1681838413\n|switch|p2a: Abomasnow|Abomasnow, L50, F|100\/100\n|-weather|Snow|[from] ability: Snow Warning|[of] p2a: Abomasnow\n|turn|5\n|\n|t:|1681838433\n|switch|p2a: Tatsugiri|Tatsugiri, L50, F|100\/100\n|move|p1b: Arizona|Eruption|p2b: Chi-Yu|[spread] p2a,p2b\n|-resisted|p2a: Tatsugiri\n|-resisted|p2b: Chi-Yu\n|-damage|p2a: Tatsugiri|67\/100\n|-damage|p2b: Chi-Yu|0 fnt\n|faint|p2b: Chi-Yu\n|\n|-weather|Snow|[upkeep]\n|upkeep\n|\n|t:|1681838441\n|switch|p2b: Abomasnow|Abomasnow, L50, F|100\/100\n|turn|6\n|\n|t:|1681838451\n|move|p1b: Arizona|Eruption|p2a: Tatsugiri|[spread] p2a,p2b\n|-resisted|p2a: Tatsugiri\n|-supereffective|p2b: Abomasnow\n|-damage|p2a: Tatsugiri|44\/100\n|-damage|p2b: Abomasnow|0 fnt\n|faint|p2b: Abomasnow\n|move|p2a: Tatsugiri|Muddy Water|p1b: Arizona\n|-supereffective|p1b: Arizona\n|-damage|p1b: Arizona|0 fnt\n|faint|p1b: Arizona\n|\n|win|echidna909\n|raw|dreamswgh's rating: 1276 → 1244<\/strong> (-32 for losing)\n|raw|echidna909's rating: 1176 → 1208<\/strong> (+32 for winning)\n|l|\u2606echidna909\n","uploadtime":1681838467,"views":10,"p1id":"dreamswgh","p2id":"echidna909","formatid":"gen9vgc2023regulationc","rating":1208,"private":0,"password":""}