{"id":"gen9vgc2023regulationc-1858343343","p1":"XxspecterxX","p2":"rissol73","format":"[Gen 9] VGC 2023 Regulation C","log":"|j|\u2606XxspecterxX\n|j|\u2606rissol73\n|t:|1683303733\n|gametype|doubles\n|player|p1|XxspecterxX|veteran|1215\n|player|p2|rissol73|2|1146\n|teamsize|p1|6\n|teamsize|p2|6\n|gen|9\n|tier|[Gen 9] VGC 2023 Regulation C\n|rated|\n|rule|Species Clause: Limit one of each Pok\u00e9mon\n|rule|Item Clause: Limit one of each item\n|clearpoke\n|poke|p1|Abomasnow, L50, F|\n|poke|p1|Iron Bundle, L50|\n|poke|p1|Flutter Mane, L50|\n|poke|p1|Chi-Yu, L50|\n|poke|p1|Garganacl, L50, M|\n|poke|p1|Grimmsnarl, L50, M|\n|poke|p2|Toxapex, L50, M|\n|poke|p2|Ceruledge, L50, F|\n|poke|p2|Hypno, L50, M|\n|poke|p2|Arcanine, L50, M|\n|poke|p2|Scizor, L50, M|\n|poke|p2|Flutter Mane, L50|\n|teampreview|4\n|inactive|Battle timer is ON: inactive players will automatically lose when time's up. (requested by rissol73)\n|\n|t:|1683303805\n|start\n|switch|p1a: Abomasnow|Abomasnow, L50, F|100\/100\n|switch|p1b: Iron Bundle|Iron Bundle, L50|100\/100\n|switch|p2a: Scizor|Scizor, L50, M|100\/100\n|switch|p2b: Hypno|Hypno, L50, M|100\/100\n|-weather|Snow|[from] ability: Snow Warning|[of] p1a: Abomasnow\n|turn|1\n|\n|t:|1683303826\n|switch|p1a: Grimmsnarl|Grimmsnarl, L50, M|100\/100\n|move|p1b: Iron Bundle|Aurora Veil|p1b: Iron Bundle\n|-sidestart|p1: XxspecterxX|move: Aurora Veil\n|move|p2a: Scizor|U-turn|p1a: Grimmsnarl\n|-damage|p1a: Grimmsnarl|64\/100\n|\n|t:|1683303830\n|switch|p2a: Toxapex|Toxapex, L50, M|100\/100|[from] U-turn\n|move|p2b: Hypno|Trick Room|p2b: Hypno\n|-fieldstart|move: Trick Room|[of] p2b: Hypno\n|\n|-weather|Snow|[upkeep]\n|upkeep\n|turn|2\n|\n|t:|1683303847\n|move|p2a: Toxapex|Baneful Bunker|p2a: Toxapex\n|-singleturn|p2a: Toxapex|move: Protect\n|move|p1a: Grimmsnarl|Fake Out|p2a: Toxapex\n|-activate|p2a: Toxapex|move: Protect\n|-status|p1a: Grimmsnarl|psn\n|move|p2b: Hypno|Poison Gas|p1b: Iron Bundle|[spread] p1a,p1b\n|-fail|p1a: Grimmsnarl|psn\n|-status|p1b: Iron Bundle|psn\n|move|p1b: Iron Bundle|Freeze-Dry|p2a: Toxapex\n|-activate|p2a: Toxapex|move: Protect\n|\n|-weather|Snow|[upkeep]\n|-damage|p1a: Grimmsnarl|52\/100 psn|[from] psn\n|-damage|p1b: Iron Bundle|89\/100 psn|[from] psn\n|upkeep\n|turn|3\n|\n|t:|1683303871\n|move|p2b: Hypno|Encore|p1a: Grimmsnarl\n|-start|p1a: Grimmsnarl|Encore\n|move|p2a: Toxapex|Venoshock|p1b: Iron Bundle\n|-crit|p1b: Iron Bundle\n|-damage|p1b: Iron Bundle|0 fnt\n|faint|p1b: Iron Bundle\n|-end|p1b: Iron Bundle|Quark Drive|[silent]\n|move|p1a: Grimmsnarl|Fake Out||[still]\n|-hint|Fake Out only works on your first turn out.\n|-fail|p1a: Grimmsnarl\n|\n|-weather|Snow|[upkeep]\n|-damage|p1a: Grimmsnarl|39\/100 psn|[from] psn\n|upkeep\n|\n|t:|1683303885\n|switch|p1b: Abomasnow|Abomasnow, L50, F|100\/100\n|turn|4\n|\n|t:|1683303898\n|switch|p1a: Flutter Mane|Flutter Mane, L50|100\/100\n|-enditem|p1a: Flutter Mane|Booster Energy\n|-activate|p1a: Flutter Mane|ability: Protosynthesis|[fromitem]\n|-start|p1a: Flutter Mane|protosynthesisspe\n|move|p2b: Hypno|Poison Gas|p1a: Flutter Mane|[spread] p1a,p1b\n|-status|p1a: Flutter Mane|psn\n|-status|p1b: Abomasnow|psn\n|move|p2a: Toxapex|Venoshock|p1b: Abomasnow\n|-supereffective|p1b: Abomasnow\n|-crit|p1b: Abomasnow\n|-damage|p1b: Abomasnow|0 fnt\n|faint|p1b: Abomasnow\n|\n|-weather|Snow|[upkeep]\n|-damage|p1a: Flutter Mane|88\/100 psn|[from] psn\n|upkeep\n|\n|t:|1683303913\n|switch|p1b: Grimmsnarl|Grimmsnarl, L50, M|39\/100 psn\n|turn|5\n|\n|t:|1683303927\n|switch|p2b: Ceruledge|Ceruledge, L50, F|100\/100\n|move|p2a: Toxapex|Baneful Bunker|p2a: Toxapex\n|-singleturn|p2a: Toxapex|move: Protect\n|move|p1b: Grimmsnarl|Fake Out|p2a: Toxapex\n|-activate|p2a: Toxapex|move: Protect\n|move|p1a: Flutter Mane|Thunderbolt|p2a: Toxapex\n|-activate|p2a: Toxapex|move: Protect\n|\n|-weather|none\n|-damage|p1b: Grimmsnarl|27\/100 psn|[from] psn\n|-damage|p1a: Flutter Mane|76\/100 psn|[from] psn\n|-sideend|p1: XxspecterxX|move: Aurora Veil\n|-fieldend|move: Trick Room\n|upkeep\n|turn|6\n|\n|t:|1683303949\n|move|p2b: Ceruledge|Shadow Sneak|p1a: Flutter Mane\n|-supereffective|p1a: Flutter Mane\n|-damage|p1a: Flutter Mane|0 fnt\n|faint|p1a: Flutter Mane\n|-end|p1a: Flutter Mane|Protosynthesis|[silent]\n|move|p1b: Grimmsnarl|Assurance|p2b: Ceruledge\n|-supereffective|p2b: Ceruledge\n|-damage|p2b: Ceruledge|30\/100\n|move|p2a: Toxapex|Venoshock|p1b: Grimmsnarl\n|-supereffective|p1b: Grimmsnarl\n|-crit|p1b: Grimmsnarl\n|-damage|p1b: Grimmsnarl|0 fnt\n|faint|p1b: Grimmsnarl\n|\n|win|rissol73\n|raw|XxspecterxX's rating: 1215 → 1185<\/strong> (-30 for losing)\n|raw|rissol73's rating: 1146 → 1176<\/strong> (+30 for winning)\n|l|\u2606XxspecterxX\n","uploadtime":1683304068,"views":6,"p1id":"xxspecterxx","p2id":"rissol73","formatid":"gen9vgc2023regulationc","rating":1176,"private":0,"password":""}