{"id":"gen9vgc2023regulationc-1848967492","p1":"UmmHaha","p2":"WoomyInverso","format":"[Gen 9] VGC 2023 Regulation C","log":"|j|\u2606UmmHaha\n|j|\u2606WoomyInverso\n|t:|1682132336\n|gametype|doubles\n|player|p1|UmmHaha|1|1162\n|player|p2|WoomyInverso|101|1175\n|teamsize|p1|6\n|teamsize|p2|6\n|gen|9\n|tier|[Gen 9] VGC 2023 Regulation C\n|rated|\n|rule|Species Clause: Limit one of each Pok\u00e9mon\n|rule|Item Clause: Limit one of each item\n|clearpoke\n|poke|p1|Farigiraf, L50, F|\n|poke|p1|Palafin, L50, F|\n|poke|p1|Iron Bundle, L50|\n|poke|p1|Talonflame, L50, F|\n|poke|p1|Annihilape, L50, M|\n|poke|p1|Dugtrio, L50, M|\n|poke|p2|Dudunsparce-*, L50, M|\n|poke|p2|Ting-Lu, L50|\n|poke|p2|Hatterene, L50, F|\n|poke|p2|Indeedee-F, L50, F|\n|poke|p2|Corviknight, L50, M|\n|poke|p2|Froslass, L50, F|\n|teampreview|4\n|inactive|Battle timer is ON: inactive players will automatically lose when time's up. (requested by UmmHaha)\nWoomyInverso has agreed to open team sheets.\n|\n|t:|1682132365\n|start\n|switch|p1a: Farigiraf|Farigiraf, L50, F|100\/100\n|switch|p1b: Dugtrio|Dugtrio, L50, M, shiny|100\/100\n|switch|p2a: Indeedee|Indeedee-F, L50, F|100\/100\n|switch|p2b: Hatterene|Hatterene, L50, F|100\/100\n|-fieldstart|move: Psychic Terrain|[from] ability: Psychic Surge|[of] p2a: Indeedee\n|turn|1\n|\n|t:|1682132385\n|move|p2a: Indeedee|Follow Me|p2a: Indeedee\n|-singleturn|p2a: Indeedee|move: Follow Me\n|move|p1b: Dugtrio|Rock Slide|p2b: Hatterene|[spread] p2b\n|-miss|p1b: Dugtrio|p2a: Indeedee\n|-damage|p2b: Hatterene|79\/100\n|move|p2b: Hatterene|Mystical Fire|p1a: Farigiraf\n|-damage|p1a: Farigiraf|72\/100\n|-unboost|p1a: Farigiraf|spa|1\n|move|p1a: Farigiraf|Trick Room|p1a: Farigiraf\n|-fieldstart|move: Trick Room|[of] p1a: Farigiraf\n|\n|upkeep\n|turn|2\n|\n|t:|1682132400\n|move|p2b: Hatterene|Dazzling Gleam|p1b: Dugtrio|[spread] p1a,p1b\n|-damage|p1a: Farigiraf|38\/100\n|-damage|p1b: Dugtrio|20\/100\n|move|p2a: Indeedee|Dazzling Gleam|p1b: Dugtrio|[spread] p1a,p1b\n|-damage|p1a: Farigiraf|17\/100\n|-damage|p1b: Dugtrio|0 fnt\n|faint|p1b: Dugtrio\n|move|p1a: Farigiraf|Trick Room|p1a: Farigiraf\n|-fieldend|move: Trick Room\n|\n|upkeep\n|\n|t:|1682132409\n|switch|p1b: Iron Bundle|Iron Bundle, L50, shiny|100\/100\n|-enditem|p1b: Iron Bundle|Booster Energy\n|-activate|p1b: Iron Bundle|ability: Quark Drive|[fromitem]\n|-start|p1b: Iron Bundle|quarkdrivespe\n|turn|3\n|\n|t:|1682132414\n|move|p2a: Indeedee|Follow Me|p2a: Indeedee\n|-singleturn|p2a: Indeedee|move: Follow Me\n|move|p1b: Iron Bundle|Freeze-Dry|p2a: Indeedee\n|-damage|p2a: Indeedee|67\/100\n|move|p1a: Farigiraf|Hyper Voice|p2a: Indeedee|[spread] p2a,p2b\n|-crit|p2b: Hatterene\n|-damage|p2a: Indeedee|46\/100\n|-damage|p2b: Hatterene|22\/100\n|-enditem|p1a: Farigiraf|Throat Spray\n|-boost|p1a: Farigiraf|spa|1|[from] item: Throat Spray\n|move|p2b: Hatterene|Psychic|p1b: Iron Bundle\n|-damage|p1b: Iron Bundle|0 fnt\n|faint|p1b: Iron Bundle\n|-end|p1b: Iron Bundle|Quark Drive|[silent]\n|\n|upkeep\n|\n|t:|1682132418\n|switch|p1b: Annihilape|Annihilape, L50, M, shiny|100\/100\n|turn|4\n|inactive|WoomyInverso has 30 seconds left.\n|\n|t:|1682132444\n|switch|p2a: Ting-Lu|Ting-Lu, L50|100\/100\n|-ability|p2a: Ting-Lu|Vessel of Ruin\n|move|p1b: Annihilape|Drain Punch|p2a: Ting-Lu\n|-supereffective|p2a: Ting-Lu\n|-damage|p2a: Ting-Lu|60\/100\n|move|p1a: Farigiraf|Hyper Voice|p2a: Ting-Lu|[spread] p2a,p2b\n|-crit|p2a: Ting-Lu\n|-crit|p2b: Hatterene\n|-damage|p2a: Ting-Lu|43\/100\n|-damage|p2b: Hatterene|0 fnt\n|faint|p2b: Hatterene\n|\n|upkeep\n|\n|t:|1682132460\n|switch|p2b: Indeedee|Indeedee-F, L50, F|46\/100\n|turn|5\n|\n|t:|1682132470\n|move|p2b: Indeedee|Follow Me|p2b: Indeedee\n|-singleturn|p2b: Indeedee|move: Follow Me\n|move|p1b: Annihilape|Drain Punch|p2b: Indeedee\n|-damage|p2b: Indeedee|0 fnt\n|faint|p2b: Indeedee\n|move|p1a: Farigiraf|Hyper Voice|p2a: Ting-Lu\n|-damage|p2a: Ting-Lu|29\/100\n|move|p2a: Ting-Lu|Throat Chop|p1a: Farigiraf\n|-supereffective|p1a: Farigiraf\n|-damage|p1a: Farigiraf|0 fnt\n|faint|p1a: Farigiraf\n|\n|-fieldend|move: Psychic Terrain\n|upkeep\n|\n|t:|1682132477\n|switch|p2b: Corviknight|Corviknight, L50, M|100\/100\n|turn|6\n|\n|t:|1682132485\n|-terastallize|p1b: Annihilape|Fire\n|move|p1b: Annihilape|Drain Punch|p2a: Ting-Lu\n|-supereffective|p2a: Ting-Lu\n|-damage|p2a: Ting-Lu|0 fnt\n|faint|p2a: Ting-Lu\n|move|p2b: Corviknight|Bulk Up|p2b: Corviknight\n|-boost|p2b: Corviknight|atk|1\n|-boost|p2b: Corviknight|def|1\n|\n|upkeep\n|turn|7\n|\n|t:|1682132494\n|move|p1b: Annihilape|Bulk Up|p1b: Annihilape\n|-boost|p1b: Annihilape|atk|1\n|-boost|p1b: Annihilape|def|1\n|move|p2b: Corviknight|Bulk Up|p2b: Corviknight\n|-boost|p2b: Corviknight|atk|1\n|-boost|p2b: Corviknight|def|1\n|\n|upkeep\n|turn|8\n|\n|t:|1682132499\n|move|p1b: Annihilape|Bulk Up|p1b: Annihilape\n|-boost|p1b: Annihilape|atk|1\n|-boost|p1b: Annihilape|def|1\n|move|p2b: Corviknight|Bulk Up|p2b: Corviknight\n|-boost|p2b: Corviknight|atk|1\n|-boost|p2b: Corviknight|def|1\n|\n|upkeep\n|turn|9\n|\n|t:|1682132501\n|move|p1b: Annihilape|Bulk Up|p1b: Annihilape\n|-boost|p1b: Annihilape|atk|1\n|-boost|p1b: Annihilape|def|1\n|move|p2b: Corviknight|Bulk Up|p2b: Corviknight\n|-boost|p2b: Corviknight|atk|1\n|-boost|p2b: Corviknight|def|1\n|\n|upkeep\n|turn|10\n|inactive|UmmHaha has 30 seconds left.\n|\n|t:|1682132534\n|move|p1b: Annihilape|Bulk Up|p1b: Annihilape\n|-boost|p1b: Annihilape|atk|1\n|-boost|p1b: Annihilape|def|1\n|move|p2b: Corviknight|Bulk Up|p2b: Corviknight\n|-boost|p2b: Corviknight|atk|1\n|-boost|p2b: Corviknight|def|1\n|\n|upkeep\n|turn|11\n|\n|t:|1682132537\n|move|p1b: Annihilape|Bulk Up|p1b: Annihilape\n|-boost|p1b: Annihilape|atk|1\n|-boost|p1b: Annihilape|def|1\n|move|p2b: Corviknight|Bulk Up|p2b: Corviknight\n|-boost|p2b: Corviknight|atk|1\n|-boost|p2b: Corviknight|def|1\n|\n|upkeep\n|turn|12\n|\n|t:|1682132542\n|move|p1b: Annihilape|Bulk Up|p1b: Annihilape\n|-boost|p1b: Annihilape|atk|1\n|-boost|p1b: Annihilape|def|1\n|move|p2b: Corviknight|Bulk Up|p2b: Corviknight\n|-boost|p2b: Corviknight|atk|0\n|-boost|p2b: Corviknight|def|0\n|\n|upkeep\n|turn|13\n|\n|t:|1682132553\n|move|p1b: Annihilape|Drain Punch|p2b: Corviknight\n|-damage|p2b: Corviknight|70\/100\n|move|p2b: Corviknight|Spite|p1b: Annihilape\n|-activate|p1b: Annihilape|move: Spite|Drain Punch|4\n|\n|-heal|p2b: Corviknight|76\/100|[from] item: Leftovers\n|upkeep\n|turn|14\n|\n|t:|1682132563\n|move|p1b: Annihilape|Drain Punch|p2b: Corviknight\n|-damage|p2b: Corviknight|44\/100\n|move|p2b: Corviknight|Spite|p1b: Annihilape\n|-activate|p1b: Annihilape|move: Spite|Drain Punch|4\n|\n|-heal|p2b: Corviknight|50\/100|[from] item: Leftovers\n|upkeep\n|turn|15\n|\n|t:|1682132569\n|move|p1b: Annihilape|Rage Fist|p2b: Corviknight\n|-damage|p2b: Corviknight|27\/100\n|move|p2b: Corviknight|Roost|p2b: Corviknight\n|-heal|p2b: Corviknight|77\/100\n|-singleturn|p2b: Corviknight|move: Roost\n|\n|-heal|p2b: Corviknight|83\/100|[from] item: Leftovers\n|upkeep\n|turn|16\n|\n|t:|1682132574\n|move|p1b: Annihilape|Bulk Up|p1b: Annihilape\n|-boost|p1b: Annihilape|atk|0\n|-boost|p1b: Annihilape|def|0\n|move|p2b: Corviknight|Spite|p1b: Annihilape\n|-activate|p1b: Annihilape|move: Spite|Bulk Up|4\n|\n|-heal|p2b: Corviknight|89\/100|[from] item: Leftovers\n|upkeep\n|turn|17\n|\n|t:|1682132581\n|move|p1b: Annihilape|Bulk Up|p1b: Annihilape\n|-boost|p1b: Annihilape|atk|0\n|-boost|p1b: Annihilape|def|0\n|move|p2b: Corviknight|Spite|p1b: Annihilape\n|-activate|p1b: Annihilape|move: Spite|Bulk Up|4\n|\n|-heal|p2b: Corviknight|95\/100|[from] item: Leftovers\n|upkeep\n|turn|18\n|\n|t:|1682132587\n|move|p1b: Annihilape|Bulk Up|p1b: Annihilape\n|-boost|p1b: Annihilape|atk|0\n|-boost|p1b: Annihilape|def|0\n|move|p2b: Corviknight|Spite|p1b: Annihilape\n|-activate|p1b: Annihilape|move: Spite|Bulk Up|4\n|\n|-heal|p2b: Corviknight|100\/100|[from] item: Leftovers\n|upkeep\n|turn|19\n|\n|t:|1682132592\n|move|p1b: Annihilape|Bulk Up|p1b: Annihilape\n|-boost|p1b: Annihilape|atk|0\n|-boost|p1b: Annihilape|def|0\n|move|p2b: Corviknight|Bulk Up|p2b: Corviknight\n|-boost|p2b: Corviknight|atk|0\n|-boost|p2b: Corviknight|def|0\n|\n|upkeep\n|turn|20\n|\n|t:|1682132596\n|move|p1b: Annihilape|Drain Punch|p2b: Corviknight\n|-damage|p2b: Corviknight|70\/100\n|move|p2b: Corviknight|Bulk Up|p2b: Corviknight\n|-boost|p2b: Corviknight|atk|0\n|-boost|p2b: Corviknight|def|0\n|\n|-heal|p2b: Corviknight|76\/100|[from] item: Leftovers\n|upkeep\n|turn|21\n|\n|t:|1682132602\n|move|p1b: Annihilape|Bulk Up|p1b: Annihilape\n|-boost|p1b: Annihilape|atk|0\n|-boost|p1b: Annihilape|def|0\n|move|p2b: Corviknight|Spite|p1b: Annihilape\n|-activate|p1b: Annihilape|move: Spite|Bulk Up|4\n|\n|-heal|p2b: Corviknight|82\/100|[from] item: Leftovers\n|upkeep\n|turn|22\n|\n|t:|1682132612\n|move|p1b: Annihilape|Protect|p1b: Annihilape\n|-singleturn|p1b: Annihilape|Protect\n|move|p2b: Corviknight|Roost|p2b: Corviknight\n|-heal|p2b: Corviknight|100\/100\n|-singleturn|p2b: Corviknight|move: Roost\n|\n|upkeep\n|turn|23\n|\n|t:|1682132616\n|move|p1b: Annihilape|Bulk Up|p1b: Annihilape\n|-boost|p1b: Annihilape|atk|0\n|-boost|p1b: Annihilape|def|0\n|move|p2b: Corviknight|Spite|p1b: Annihilape\n|-activate|p1b: Annihilape|move: Spite|Bulk Up|4\n|\n|upkeep\n|turn|24\n|\n|t:|1682132624\n|move|p1b: Annihilape|Drain Punch|p2b: Corviknight\n|-damage|p2b: Corviknight|67\/100\n|move|p2b: Corviknight|Bulk Up|p2b: Corviknight\n|-boost|p2b: Corviknight|atk|0\n|-boost|p2b: Corviknight|def|0\n|\n|-heal|p2b: Corviknight|73\/100|[from] item: Leftovers\n|upkeep\n|turn|25\n|\n|t:|1682132629\n|move|p1b: Annihilape|Protect|p1b: Annihilape\n|-singleturn|p1b: Annihilape|Protect\n|move|p2b: Corviknight|Bulk Up|p2b: Corviknight\n|-boost|p2b: Corviknight|atk|0\n|-boost|p2b: Corviknight|def|0\n|\n|-heal|p2b: Corviknight|79\/100|[from] item: Leftovers\n|upkeep\n|turn|26\n|\n|t:|1682132634\n|move|p1b: Annihilape|Rage Fist|p2b: Corviknight\n|-damage|p2b: Corviknight|59\/100\n|move|p2b: Corviknight|Spite|p1b: Annihilape\n|-activate|p1b: Annihilape|move: Spite|Rage Fist|4\n|\n|-heal|p2b: Corviknight|65\/100|[from] item: Leftovers\n|upkeep\n|turn|27\n|\n|t:|1682132639\n|move|p1b: Annihilape|Rage Fist|p2b: Corviknight\n|-damage|p2b: Corviknight|44\/100\n|move|p2b: Corviknight|Roost|p2b: Corviknight\n|-heal|p2b: Corviknight|94\/100\n|-singleturn|p2b: Corviknight|move: Roost\n|\n|-heal|p2b: Corviknight|100\/100|[from] item: Leftovers\n|upkeep\n|turn|28\n|\n|t:|1682132645\n|move|p1b: Annihilape|Protect|p1b: Annihilape\n|-singleturn|p1b: Annihilape|Protect\n|move|p2b: Corviknight|Bulk Up|p2b: Corviknight\n|-boost|p2b: Corviknight|atk|0\n|-boost|p2b: Corviknight|def|0\n|\n|upkeep\n|turn|29\n|\n|t:|1682132660\n|move|p1b: Annihilape|Drain Punch|p2b: Corviknight\n|-damage|p2b: Corviknight|72\/100\n|move|p2b: Corviknight|Spite||[still]\n|-fail|p2b: Corviknight\n|\n|-heal|p2b: Corviknight|78\/100|[from] item: Leftovers\n|upkeep\n|turn|30\n|\n|t:|1682132668\n|move|p1b: Annihilape|Protect|p1b: Annihilape\n|-singleturn|p1b: Annihilape|Protect\n|move|p2b: Corviknight|Spite|p1b: Annihilape\n|-activate|p1b: Annihilape|move: Protect\n|\n|-heal|p2b: Corviknight|84\/100|[from] item: Leftovers\n|upkeep\n|turn|31\n|\n|t:|1682132673\n|move|p1b: Annihilape|Protect|p1b: Annihilape\n|-singleturn|p1b: Annihilape|Protect\n|move|p2b: Corviknight|Spite|p1b: Annihilape\n|-activate|p1b: Annihilape|move: Protect\n|\n|-heal|p2b: Corviknight|90\/100|[from] item: Leftovers\n|upkeep\n|turn|32\n|\n|t:|1682132684\n|move|p1b: Annihilape|Protect||[still]\n|-fail|p1b: Annihilape\n|move|p2b: Corviknight|Spite|p1b: Annihilape\n|-activate|p1b: Annihilape|move: Spite|Protect|4\n|\n|-heal|p2b: Corviknight|96\/100|[from] item: Leftovers\n|upkeep\n|turn|33\n|\n|t:|1682132688\n|move|p1b: Annihilape|Protect|p1b: Annihilape\n|-singleturn|p1b: Annihilape|Protect\n|move|p2b: Corviknight|Bulk Up|p2b: Corviknight\n|-boost|p2b: Corviknight|atk|0\n|-boost|p2b: Corviknight|def|0\n|\n|-heal|p2b: Corviknight|100\/100|[from] item: Leftovers\n|upkeep\n|turn|34\n|\n|t:|1682132691\n|move|p1b: Annihilape|Protect|p1b: Annihilape\n|-singleturn|p1b: Annihilape|Protect\n|move|p2b: Corviknight|Spite|p1b: Annihilape\n|-activate|p1b: Annihilape|move: Protect\n|\n|upkeep\n|turn|35\n|\n|t:|1682132698\n|move|p1b: Annihilape|Protect|p1b: Annihilape\n|-singleturn|p1b: Annihilape|Protect\n|move|p2b: Corviknight|Spite|p1b: Annihilape\n|-activate|p1b: Annihilape|move: Protect\n|\n|upkeep\n|turn|36\n|\n|t:|1682132705\n|move|p1b: Annihilape|Protect||[still]\n|-fail|p1b: Annihilape\n|move|p2b: Corviknight|Bulk Up|p2b: Corviknight\n|-boost|p2b: Corviknight|atk|0\n|-boost|p2b: Corviknight|def|0\n|\n|upkeep\n|turn|37\n|\n|t:|1682132711\n|move|p1b: Annihilape|Protect|p1b: Annihilape\n|-singleturn|p1b: Annihilape|Protect\n|move|p2b: Corviknight|Bulk Up|p2b: Corviknight\n|-boost|p2b: Corviknight|atk|0\n|-boost|p2b: Corviknight|def|0\n|\n|upkeep\n|turn|38\n|\n|t:|1682132724\n|move|p1b: Annihilape|Rage Fist|p2b: Corviknight\n|-damage|p2b: Corviknight|78\/100\n|move|p2b: Corviknight|Spite|p1b: Annihilape\n|-activate|p1b: Annihilape|move: Spite|Rage Fist|4\n|\n|-heal|p2b: Corviknight|84\/100|[from] item: Leftovers\n|upkeep\n|turn|39\n|\n|t:|1682132730\n|move|p1b: Annihilape|Protect|p1b: Annihilape\n|-singleturn|p1b: Annihilape|Protect\n|move|p2b: Corviknight|Bulk Up|p2b: Corviknight\n|-boost|p2b: Corviknight|atk|0\n|-boost|p2b: Corviknight|def|0\n|\n|-heal|p2b: Corviknight|90\/100|[from] item: Leftovers\n|upkeep\n|turn|40\n|\n|t:|1682132735\n|move|p1b: Annihilape|Rage Fist|p2b: Corviknight\n|-damage|p2b: Corviknight|70\/100\n|move|p2b: Corviknight|Spite|p1b: Annihilape\n|-activate|p1b: Annihilape|move: Spite|Rage Fist|3\n|\n|-heal|p2b: Corviknight|76\/100|[from] item: Leftovers\n|upkeep\n|turn|41\n|\n|t:|1682132739\n|-activate|p1b: Annihilape|move: Struggle\n|move|p1b: Annihilape|Struggle|p2b: Corviknight\n|-crit|p2b: Corviknight\n|-damage|p2b: Corviknight|0 fnt\n|faint|p2b: Corviknight\n|-damage|p1b: Annihilape|76\/100|[from] recoil\n|\n|win|UmmHaha\n|raw|UmmHaha's rating: 1162 → 1188<\/strong> (+26 for winning)\n|raw|WoomyInverso's rating: 1175 → 1149<\/strong> (-26 for losing)\n|c|\u2606UmmHaha|Gg\n|c|\u2606WoomyInverso|Gg\n|l|\u2606WoomyInverso\n","uploadtime":1682132759,"views":11,"p1id":"ummhaha","p2id":"woomyinverso","formatid":"gen9vgc2023regulationc","rating":1149,"private":0,"password":""}