{"id":"gen9vgc2023regulationc-1850257668","p1":"starklar","p2":"Rehtycs","format":"[Gen 9] VGC 2023 Regulation C","log":"|j|\u2606starklar\n|j|\u2606Rehtycs\n|t:|1682306811\n|gametype|doubles\n|player|p1|starklar|ethan|1483\n|player|p2|Rehtycs|red|1507\n|teamsize|p1|6\n|teamsize|p2|6\n|gen|9\n|tier|[Gen 9] VGC 2023 Regulation C\n|rated|\n|rule|Species Clause: Limit one of each Pok\u00e9mon\n|rule|Item Clause: Limit one of each item\n|clearpoke\n|poke|p1|Garganacl, L50, F|\n|poke|p1|Sylveon, L50, M|\n|poke|p1|Sableye, L50, M|\n|poke|p1|Gholdengo, L50|\n|poke|p1|Corviknight, L50, M|\n|poke|p1|Gastrodon, L50, M|\n|poke|p2|Dragonite, L50, M|\n|poke|p2|Ting-Lu, L50|\n|poke|p2|Chien-Pao, L50|\n|poke|p2|Gyarados, L50, F|\n|poke|p2|Chi-Yu, L50|\n|poke|p2|Flutter Mane, L50|\n|teampreview|4\nstarklar has agreed to open team sheets.\n|j| Treeckoguy1\n|j| CTCsLastDisciple\n|inactive|Battle timer is ON: inactive players will automatically lose when time's up. (requested by starklar)\n|\n|t:|1682306973\n|start\n|switch|p1a: Lucky|Sylveon, L50, M|100\/100\n|switch|p1b: Creature|Sableye, L50, M|100\/100\n|switch|p2a: Chi-Yu|Chi-Yu, L50|100\/100\n|switch|p2b: Flutter Mane|Flutter Mane, L50|100\/100\n|-ability|p2a: Chi-Yu|Beads of Ruin\n|-enditem|p2b: Flutter Mane|Booster Energy\n|-activate|p2b: Flutter Mane|ability: Protosynthesis|[fromitem]\n|-start|p2b: Flutter Mane|protosynthesisspe\n|turn|1\n|inactiveoff|Battle timer is now OFF.\n|\n|t:|1682307028\n|move|p1b: Creature|Light Screen|p1b: Creature\n|-sidestart|p1: starklar|move: Light Screen\n|move|p2b: Flutter Mane|Dazzling Gleam|p1a: Lucky|[spread] p1a,p1b\n|-crit|p1a: Lucky\n|-supereffective|p1b: Creature\n|-damage|p1a: Lucky|60\/100\n|-damage|p1b: Creature|41\/100\n|move|p2a: Chi-Yu|Snarl|p1a: Lucky|[spread] p1a,p1b\n|-resisted|p1a: Lucky\n|-damage|p1a: Lucky|53\/100\n|-damage|p1b: Creature|19\/100\n|-unboost|p1b: Creature|spa|1\n|move|p1a: Lucky|Hyper Voice|p2b: Flutter Mane|[spread] p2a,p2b\n|-damage|p2a: Chi-Yu|58\/100\n|-damage|p2b: Flutter Mane|52\/100\n|\n|upkeep\n|turn|2\n|\n|t:|1682307042\n|move|p1b: Creature|Reflect|p1b: Creature\n|-sidestart|p1: starklar|Reflect\n|move|p2b: Flutter Mane|Dazzling Gleam|p1b: Creature|[spread] p1a,p1b\n|-supereffective|p1b: Creature\n|-damage|p1a: Lucky|32\/100\n|-damage|p1b: Creature|0 fnt\n|faint|p1b: Creature\n|move|p2a: Chi-Yu|Snarl|p1a: Lucky\n|-resisted|p1a: Lucky\n|-damage|p1a: Lucky|23\/100\n|move|p1a: Lucky|Hyper Voice|p2a: Chi-Yu|[spread] p2a,p2b\n|-damage|p2a: Chi-Yu|14\/100\n|-damage|p2b: Flutter Mane|3\/100\n|\n|upkeep\n|\n|t:|1682307049\n|switch|p1b: Table Salt|Garganacl, L50, F|100\/100\n|turn|3\n|\n|t:|1682307068\n|move|p1a: Lucky|Quick Attack|p2b: Flutter Mane\n|-damage|p2b: Flutter Mane|0 fnt\n|faint|p2b: Flutter Mane\n|-end|p2b: Flutter Mane|Protosynthesis|[silent]\n|move|p2a: Chi-Yu|Snarl|p1a: Lucky|[spread] p1a,p1b\n|-resisted|p1a: Lucky\n|-damage|p1a: Lucky|17\/100\n|-damage|p1b: Table Salt|84\/100\n|-unboost|p1b: Table Salt|spa|1\n|move|p1b: Table Salt|Salt Cure|p2a: Chi-Yu\n|-supereffective|p2a: Chi-Yu\n|-damage|p2a: Chi-Yu|0 fnt\n|faint|p2a: Chi-Yu\n|\n|-heal|p1b: Table Salt|90\/100|[from] item: Leftovers\n|upkeep\n|\n|t:|1682307077\n|switch|p2b: Gyarados|Gyarados, L50, F|100\/100\n|switch|p2a: Ting-Lu|Ting-Lu, L50|100\/100\n|-ability|p2b: Gyarados|Intimidate|boost\n|-unboost|p1a: Lucky|atk|1\n|-unboost|p1b: Table Salt|atk|1\n|-ability|p2a: Ting-Lu|Vessel of Ruin\n|turn|4\n|\n|t:|1682307087\n|move|p1a: Lucky|Protect|p1a: Lucky\n|-singleturn|p1a: Lucky|Protect\n|move|p2b: Gyarados|Iron Head|p1a: Lucky\n|-activate|p1a: Lucky|move: Protect\n|move|p2a: Ting-Lu|Sand Tomb|p1b: Table Salt\n|-supereffective|p1b: Table Salt\n|-damage|p1b: Table Salt|76\/100\n|-activate|p1b: Table Salt|move: Sand Tomb|[of] p2a: Ting-Lu\n|move|p1b: Table Salt|Salt Cure|p2b: Gyarados\n|-supereffective|p2b: Gyarados\n|-damage|p2b: Gyarados|83\/100\n|-start|p2b: Gyarados|Salt Cure\n|\n|-heal|p1b: Table Salt|82\/100|[from] item: Leftovers\n|-damage|p2b: Gyarados|58\/100|[from] Salt Cure\n|-damage|p1b: Table Salt|70\/100|[from] move: Sand Tomb|[partiallytrapped]\n|upkeep\n|turn|5\n|\n|t:|1682307099\n|move|p1a: Lucky|Quick Attack|p2b: Gyarados\n|-damage|p2b: Gyarados|50\/100\n|-enditem|p2b: Gyarados|Sitrus Berry|[eat]\n|-heal|p2b: Gyarados|75\/100|[from] item: Sitrus Berry\n|move|p2b: Gyarados|Iron Head|p1a: Lucky\n|-supereffective|p1a: Lucky\n|-damage|p1a: Lucky|0 fnt\n|faint|p1a: Lucky\n|move|p2a: Ting-Lu|Ruination|p1b: Table Salt|[miss]\n|-miss|p2a: Ting-Lu|p1b: Table Salt\n|move|p1b: Table Salt|Recover|p1b: Table Salt\n|-heal|p1b: Table Salt|100\/100\n|\n|-damage|p2b: Gyarados|50\/100|[from] Salt Cure\n|-damage|p1b: Table Salt|88\/100|[from] move: Sand Tomb|[partiallytrapped]\n|upkeep\n|\n|t:|1682307105\n|switch|p1a: Knightfall|Corviknight, L50, M|100\/100\n|turn|6\n|\n|t:|1682307114\n|move|p2b: Gyarados|Taunt|p1a: Knightfall\n|-start|p1a: Knightfall|move: Taunt\n|cant|p1a: Knightfall|move: Taunt|Bulk Up\n|move|p2a: Ting-Lu|Ruination|p1a: Knightfall\n|-damage|p1a: Knightfall|51\/100\n|move|p1b: Table Salt|Salt Cure|p2a: Ting-Lu\n|-resisted|p2a: Ting-Lu\n|-damage|p2a: Ting-Lu|98\/100\n|-start|p2a: Ting-Lu|Salt Cure\n|\n|-heal|p1b: Table Salt|94\/100|[from] item: Leftovers\n|-damage|p2b: Gyarados|26\/100|[from] Salt Cure\n|-damage|p2a: Ting-Lu|86\/100|[from] Salt Cure\n|-damage|p1b: Table Salt|82\/100|[from] move: Sand Tomb|[partiallytrapped]\n|upkeep\n|turn|7\n|\n|t:|1682307127\n|move|p2b: Gyarados|Waterfall|p1a: Knightfall\n|-damage|p1a: Knightfall|35\/100\n|move|p1a: Knightfall|Body Press|p2b: Gyarados\n|-resisted|p2b: Gyarados\n|-damage|p2b: Gyarados|14\/100\n|move|p2a: Ting-Lu|Ruination|p1a: Knightfall\n|-damage|p1a: Knightfall|18\/100\n|move|p1b: Table Salt|Body Press|p2a: Ting-Lu\n|-supereffective|p2a: Ting-Lu\n|-damage|p2a: Ting-Lu|48\/100\n|\n|-heal|p1b: Table Salt|88\/100|[from] item: Leftovers\n|-damage|p2b: Gyarados|0 fnt|[from] Salt Cure\n|faint|p2b: Gyarados\n|-damage|p2a: Ting-Lu|36\/100|[from] Salt Cure\n|-damage|p1b: Table Salt|76\/100|[from] move: Sand Tomb|[partiallytrapped]\n|upkeep\n|turn|8\n|\n|t:|1682307142\n|move|p1a: Knightfall|Body Press|p2a: Ting-Lu\n|-supereffective|p2a: Ting-Lu\n|-damage|p2a: Ting-Lu|4\/100\n|move|p2a: Ting-Lu|Ruination|p1a: Knightfall\n|-damage|p1a: Knightfall|9\/100\n|move|p1b: Table Salt|Body Press|p2a: Ting-Lu\n|-supereffective|p2a: Ting-Lu\n|-damage|p2a: Ting-Lu|0 fnt\n|faint|p2a: Ting-Lu\n|\n|win|starklar\n|raw|starklar's rating: 1483 → 1504<\/strong> (+21 for winning)\n|raw|Rehtycs's rating: 1507 → 1486<\/strong> (-21 for losing)\n|l|\u2606Rehtycs\n|c|\u2606starklar|GG.\n|l|\u2606starklar\n|l| CTCsLastDisciple\n|l| Treeckoguy1\n|j| Treeckoguy1\n","uploadtime":1682308038,"views":27,"p1id":"starklar","p2id":"rehtycs","formatid":"gen9vgc2023regulationc","rating":1486,"private":0,"password":""}