{"id":"gen9vgc2023regulationc-1847293294","p1":"totempancho","p2":"counterbash","format":"[Gen 9] VGC 2023 Regulation C","log":"|j|\u2606totempancho\n|j|\u2606counterbash\n|t:|1681935466\n|gametype|doubles\n|player|p1|totempancho|medium|1118\n|player|p2|counterbash|bellelba|1087\n|teamsize|p1|6\n|teamsize|p2|6\n|gen|9\n|tier|[Gen 9] VGC 2023 Regulation C\n|rated|\n|rule|Species Clause: Limit one of each Pok\u00e9mon\n|rule|Item Clause: Limit one of each item\n|clearpoke\n|poke|p1|Dragonite, L50, F|\n|poke|p1|Volcarona, L50, F|\n|poke|p1|Chien-Pao, L50|\n|poke|p1|Maushold-Four, L50|\n|poke|p1|Beartic, L50, M|\n|poke|p1|Abomasnow, L50, F|\n|poke|p2|Gastrodon-East, L50, F|\n|poke|p2|Arcanine, L50, F|\n|poke|p2|Amoonguss, L50, F|\n|poke|p2|Flutter Mane, L50|\n|poke|p2|Bronzong, L50|\n|poke|p2|Baxcalibur, L50, F|\n|teampreview|4\n|c|\u2606counterbash|glhf\ncounterbash has agreed to open team sheets.\n|\n|t:|1681935515\n|start\n|switch|p1a: Abomasnow|Abomasnow, L50, F|100\/100\n|switch|p1b: Maushold|Maushold-Four, L50|100\/100\n|switch|p2a: Bronzong|Bronzong, L50|100\/100\n|switch|p2b: Baxcalibur|Baxcalibur, L50, F|100\/100\n|-weather|Snow|[from] ability: Snow Warning|[of] p1a: Abomasnow\n|turn|1\n|\n|t:|1681935538\n|move|p1b: Maushold|Follow Me|p1b: Maushold\n|-singleturn|p1b: Maushold|move: Follow Me\n|move|p2b: Baxcalibur|Icicle Spear|p1b: Maushold\n|-damage|p1b: Maushold|87\/100\n|-damage|p1b: Maushold|72\/100\n|-damage|p1b: Maushold|57\/100\n|-damage|p1b: Maushold|42\/100\n|-damage|p1b: Maushold|29\/100\n|-hitcount|p1b: Maushold|5\n|move|p1a: Abomasnow|Aurora Veil|p1a: Abomasnow\n|-sidestart|p1: totempancho|move: Aurora Veil\n|move|p2a: Bronzong|Trick Room|p2a: Bronzong\n|-fieldstart|move: Trick Room|[of] p2a: Bronzong\n|\n|-weather|Snow|[upkeep]\n|upkeep\n|turn|2\n|\n|t:|1681935565\n|switch|p2b: Arcanine|Arcanine, L50, F|100\/100\n|-ability|p2b: Arcanine|Intimidate|boost\n|-unboost|p1a: Abomasnow|atk|1\n|-unboost|p1b: Maushold|atk|1\n|move|p2a: Bronzong|Iron Defense|p2a: Bronzong\n|-boost|p2a: Bronzong|def|2\n|move|p1a: Abomasnow|Blizzard|p2b: Arcanine|[spread] p2a,p2b\n|-resisted|p2a: Bronzong\n|-resisted|p2b: Arcanine\n|-damage|p2a: Bronzong|87\/100\n|-damage|p2b: Arcanine|80\/100\n|move|p1b: Maushold|Super Fang|p2a: Bronzong\n|-damage|p2a: Bronzong|44\/100\n|-enditem|p2a: Bronzong|Sitrus Berry|[eat]\n|-heal|p2a: Bronzong|69\/100|[from] item: Sitrus Berry\n|\n|-weather|Snow|[upkeep]\n|upkeep\n|turn|3\n|\n|t:|1681935591\n|switch|p1a: Beartic|Beartic, L50, M|100\/100\n|move|p1b: Maushold|Follow Me|p1b: Maushold\n|-singleturn|p1b: Maushold|move: Follow Me\n|move|p2a: Bronzong|Body Press|p1b: Maushold\n|-supereffective|p1b: Maushold\n|-damage|p1b: Maushold|0 fnt\n|faint|p1b: Maushold\n|move|p2b: Arcanine|Flare Blitz|p1a: Beartic\n|-supereffective|p1a: Beartic\n|-damage|p1a: Beartic|56\/100\n|-damage|p2b: Arcanine|63\/100|[from] Recoil\n|\n|-weather|Snow|[upkeep]\n|upkeep\n|\n|t:|1681935607\n|switch|p1b: Volcarona|Volcarona, L50, F|100\/100\n|turn|4\n|\n|t:|1681935619\n|move|p2a: Bronzong|Future Sight|p1b: Volcarona\n|-start|p2a: Bronzong|move: Future Sight\n|move|p1b: Volcarona|Quiver Dance|p1b: Volcarona\n|-boost|p1b: Volcarona|spa|1\n|-boost|p1b: Volcarona|spd|1\n|-boost|p1b: Volcarona|spe|1\n|move|p2b: Arcanine|Flare Blitz|p1a: Beartic\n|-supereffective|p1a: Beartic\n|-damage|p1a: Beartic|8\/100\n|-damage|p2b: Arcanine|45\/100|[from] Recoil\n|move|p1a: Beartic|Earthquake|p2b: Arcanine|[spread] p1b,p2b\n|-immune|p2a: Bronzong|[from] ability: Levitate\n|-supereffective|p2b: Arcanine\n|-damage|p1b: Volcarona|78\/100\n|-damage|p2b: Arcanine|0 fnt\n|faint|p2b: Arcanine\n|\n|-weather|Snow|[upkeep]\n|-heal|p1b: Volcarona|84\/100|[from] item: Leftovers\n|upkeep\n|\n|t:|1681935627\n|switch|p2b: Baxcalibur|Baxcalibur, L50, F|100\/100\n|turn|5\n|\n|t:|1681935643\n|-terastallize|p2a: Bronzong|Water\n|move|p1b: Volcarona|Protect|p1b: Volcarona\n|-singleturn|p1b: Volcarona|Protect\n|move|p2a: Bronzong|Body Press|p1a: Beartic\n|-supereffective|p1a: Beartic\n|-damage|p1a: Beartic|0 fnt\n|faint|p1a: Beartic\n|move|p2b: Baxcalibur|Glaive Rush|p1b: Volcarona\n|-activate|p1b: Volcarona|move: Protect\n|\n|-weather|none\n|-heal|p1b: Volcarona|89\/100|[from] item: Leftovers\n|-fieldend|move: Trick Room\n|upkeep\n|\n|t:|1681935656\n|switch|p1a: Abomasnow|Abomasnow, L50, F|100\/100\n|-weather|Snow|[from] ability: Snow Warning|[of] p1a: Abomasnow\n|turn|6\n|\n|t:|1681935669\n|-terastallize|p1b: Volcarona|Grass\n|move|p1b: Volcarona|Giga Drain|p2a: Bronzong\n|-supereffective|p2a: Bronzong\n|-damage|p2a: Bronzong|0 fnt\n|-heal|p1b: Volcarona|100\/100|[from] drain|[of] p2a: Bronzong\n|faint|p2a: Bronzong\n|move|p2b: Baxcalibur|Glaive Rush|p1b: Volcarona\n|-damage|p1b: Volcarona|48\/100\n|-singlemove|p2b: Baxcalibur|Glaive Rush|[silent]\n|move|p1a: Abomasnow|Blizzard|p2b: Baxcalibur\n|-damage|p2b: Baxcalibur|25\/100\n|\n|-weather|Snow|[upkeep]\n|-end|p1b: Volcarona|move: Future Sight\n|-damage|p1b: Volcarona|35\/100\n|-heal|p1b: Volcarona|40\/100|[from] item: Leftovers\n|upkeep\n|\n|t:|1681935679\n|switch|p2a: Flutter Mane|Flutter Mane, L50|100\/100\n|turn|7\n|\n|t:|1681935696\n|move|p1b: Volcarona|Heat Wave|p2a: Flutter Mane|[spread] p2a,p2b\n|-damage|p2a: Flutter Mane|49\/100\n|-damage|p2b: Baxcalibur|0 fnt\n|faint|p2b: Baxcalibur\n|move|p2a: Flutter Mane|Dazzling Gleam|p1a: Abomasnow|[spread] p1a,p1b\n|-damage|p1a: Abomasnow|78\/100\n|-damage|p1b: Volcarona|26\/100\n|move|p1a: Abomasnow|Blizzard|p2a: Flutter Mane\n|-damage|p2a: Flutter Mane|2\/100\n|\n|-weather|Snow|[upkeep]\n|-heal|p1b: Volcarona|32\/100|[from] item: Leftovers\n|upkeep\n|turn|8\n|c|\u2606counterbash|gg\n|-message|counterbash forfeited.\n|\n|win|totempancho\n|raw|totempancho's rating: 1118 → 1141<\/strong> (+23 for winning)\n|raw|counterbash's rating: 1087 → 1066<\/strong> (-21 for losing)\n|l|\u2606counterbash\n","uploadtime":1681935712,"views":16,"p1id":"totempancho","p2id":"counterbash","formatid":"gen9vgc2023regulationc","rating":1066,"private":0,"password":""}