{"id":"gen9vgc2023regulationc-1848051530","p1":"Drayagedrag0","p2":"Post GC2 testing","format":"[Gen 9] VGC 2023 Regulation C","log":"|j|\u2606Drayagedrag0\n|j|\u2606Post GC2 testing\n|t:|1682024378\n|gametype|doubles\n|player|p1|Drayagedrag0|1|1262\n|player|p2|Post GC2 testing|colress|1317\n|teamsize|p1|6\n|teamsize|p2|6\n|gen|9\n|tier|[Gen 9] VGC 2023 Regulation C\n|rated|\n|rule|Species Clause: Limit one of each Pok\u00e9mon\n|rule|Item Clause: Limit one of each item\n|clearpoke\n|poke|p1|Sylveon, L50, M|\n|poke|p1|Chi-Yu, L50|\n|poke|p1|Murkrow, L50, M|\n|poke|p1|Great Tusk, L50|\n|poke|p1|Gholdengo, L50|\n|poke|p1|Amoonguss, L50, M|\n|poke|p2|Dondozo, L50, F|\n|poke|p2|Tatsugiri-Stretchy, L50, M|\n|poke|p2|Pelipper, L50, M|\n|poke|p2|Toedscruel, L50, M|\n|poke|p2|Annihilape, L50, M|\n|poke|p2|Maushold-Four, L50|\n|teampreview|4\n|\n|t:|1682024443\n|start\n|switch|p1a: Manny|Great Tusk, L50, shiny|100\/100\n|switch|p1b: Tweakers|Murkrow, L50, M|100\/100\n|switch|p2a: Mausmellows|Maushold-Four, L50|100\/100\n|switch|p2b: Hoo fung poo|Annihilape, L50, M, shiny|100\/100\n|turn|1\n|\n|t:|1682024464\n|move|p1b: Tweakers|Sunny Day|p1b: Tweakers\n|-weather|SunnyDay\n|-activate|p1a: Manny|ability: Protosynthesis\n|-start|p1a: Manny|protosynthesisatk\n|move|p1a: Manny|Earthquake|p2a: Mausmellows|[spread] p2a,p2b\n|-immune|p1b: Tweakers\n|-damage|p2a: Mausmellows|34\/100\n|-damage|p2b: Hoo fung poo|66\/100\n|move|p2a: Mausmellows|Beat Up|p2b: Hoo fung poo\n|-damage|p2b: Hoo fung poo|65\/100\n|-damage|p2b: Hoo fung poo|63\/100\n|-damage|p2b: Hoo fung poo|61\/100\n|-damage|p2b: Hoo fung poo|60\/100\n|-hitcount|p2b: Hoo fung poo|4\n|move|p2b: Hoo fung poo|Rage Fist|p1a: Manny\n|-damage|p1a: Manny|0 fnt\n|faint|p1a: Manny\n|-end|p1a: Manny|Protosynthesis|[silent]\n|\n|-weather|SunnyDay|[upkeep]\n|-heal|p2b: Hoo fung poo|66\/100|[from] item: Leftovers\n|upkeep\n|\n|t:|1682024473\n|switch|p1a: Darwin|Chi-Yu, L50|100\/100\n|-ability|p1a: Darwin|Beads of Ruin\n|turn|2\n|\n|t:|1682024484\n|-terastallize|p2b: Hoo fung poo|Fire\n|move|p1a: Darwin|Protect|p1a: Darwin\n|-singleturn|p1a: Darwin|Protect\n|move|p2a: Mausmellows|Follow Me|p2a: Mausmellows\n|-singleturn|p2a: Mausmellows|move: Follow Me\n|move|p2b: Hoo fung poo|Drain Punch|p1a: Darwin\n|-activate|p1a: Darwin|move: Protect\n|move|p1b: Tweakers|Foul Play|p2a: Mausmellows\n|-damage|p2a: Mausmellows|9\/100\n|\n|-weather|SunnyDay|[upkeep]\n|-heal|p2b: Hoo fung poo|72\/100|[from] item: Leftovers\n|upkeep\n|turn|3\n|\n|t:|1682024502\n|switch|p1a: Amoonguss|Amoonguss, L50, M|100\/100\n|move|p2a: Mausmellows|Follow Me|p2a: Mausmellows\n|-singleturn|p2a: Mausmellows|move: Follow Me\n|move|p2b: Hoo fung poo|Drain Punch|p1a: Amoonguss\n|-resisted|p1a: Amoonguss\n|-damage|p1a: Amoonguss|87\/100\n|-heal|p2b: Hoo fung poo|79\/100|[from] drain|[of] p1a: Amoonguss\n|-damage|p2b: Hoo fung poo|62\/100|[from] item: Rocky Helmet|[of] p1a: Amoonguss\n|move|p1b: Tweakers|Foul Play|p2a: Mausmellows\n|-damage|p2a: Mausmellows|0 fnt\n|faint|p2a: Mausmellows\n|\n|-weather|SunnyDay|[upkeep]\n|-heal|p2b: Hoo fung poo|68\/100|[from] item: Leftovers\n|upkeep\n|\n|t:|1682024505\n|switch|p2a: Big Bertha|Dondozo, L50, F, shiny|100\/100\n|turn|4\n|\n|t:|1682024528\n|move|p2b: Hoo fung poo|Protect|p2b: Hoo fung poo\n|-singleturn|p2b: Hoo fung poo|Protect\n|move|p1a: Amoonguss|Protect|p1a: Amoonguss\n|-singleturn|p1a: Amoonguss|Protect\n|move|p1b: Tweakers|Foul Play|p2b: Hoo fung poo\n|-activate|p2b: Hoo fung poo|move: Protect\n|move|p2a: Big Bertha|Yawn|p1a: Amoonguss\n|-activate|p1a: Amoonguss|move: Protect\n|\n|-weather|SunnyDay|[upkeep]\n|-heal|p2b: Hoo fung poo|74\/100|[from] item: Leftovers\n|upkeep\n|turn|5\n|\n|t:|1682024539\n|switch|p2a: Bulkward|Tatsugiri-Stretchy, L50, M|100\/100\n|move|p1a: Amoonguss|Rage Powder|p1a: Amoonguss\n|-singleturn|p1a: Amoonguss|move: Rage Powder\n|move|p1b: Tweakers|Tailwind|p1b: Tweakers\n|-sidestart|p1: Drayagedrag0|move: Tailwind\n|move|p2b: Hoo fung poo|Rage Fist|p1a: Amoonguss\n|-damage|p1a: Amoonguss|0 fnt\n|-damage|p2b: Hoo fung poo|58\/100|[from] item: Rocky Helmet|[of] p1a: Amoonguss\n|faint|p1a: Amoonguss\n|\n|-weather|none\n|-heal|p2b: Hoo fung poo|64\/100|[from] item: Leftovers\n|upkeep\n|\n|t:|1682024548\n|switch|p1a: Darwin|Chi-Yu, L50|100\/100\n|-ability|p1a: Darwin|Beads of Ruin\n|turn|6\n|\n|t:|1682024574\n|-terastallize|p1a: Darwin|Grass\n|move|p1a: Darwin|Tera Blast|p2b: Hoo fung poo\n|-resisted|p2b: Hoo fung poo\n|-damage|p2b: Hoo fung poo|37\/100\n|move|p1b: Tweakers|Foul Play|p2b: Hoo fung poo\n|-damage|p2b: Hoo fung poo|0 fnt\n|faint|p2b: Hoo fung poo\n|move|p2a: Bulkward|Muddy Water|p1b: Tweakers|[spread] p1a\n|-miss|p2a: Bulkward|p1b: Tweakers\n|-resisted|p1a: Darwin\n|-damage|p1a: Darwin|84\/100\n|\n|upkeep\n|\n|t:|1682024578\n|switch|p2b: Big Bertha|Dondozo, L50, F, shiny|100\/100\n|-activate|p2a: Bulkward|ability: Commander|[of] p2b: Big Bertha\n|-boost|p2b: Big Bertha|atk|2\n|-boost|p2b: Big Bertha|spa|2\n|-boost|p2b: Big Bertha|spe|2\n|-boost|p2b: Big Bertha|def|2\n|-boost|p2b: Big Bertha|spd|2\n|turn|7\n|\n|t:|1682024584\n|move|p1b: Tweakers|Haze|p1b: Tweakers\n|-clearallboost\n|move|p1a: Darwin|Tera Blast|p2b: Big Bertha\n|-supereffective|p2b: Big Bertha\n|-damage|p2b: Big Bertha|0 fnt\n|faint|p2b: Big Bertha\n|\n|upkeep\n|turn|8\n|-message|Post GC2 testing forfeited.\n|\n|win|Drayagedrag0\n|raw|Drayagedrag0's rating: 1262 → 1291<\/strong> (+29 for winning)\n|raw|Post GC2 testing's rating: 1317 → 1294<\/strong> (-23 for losing)\n|l|\u2606Post GC2 testing\n","uploadtime":1682024599,"views":9,"p1id":"drayagedrag0","p2id":"postgc2testing","formatid":"gen9vgc2023regulationc","rating":1291,"private":0,"password":""}