{"id":"gen9vgc2023regulationc-1859095435","p1":"XFMango","p2":"RAW_TOAST_94","format":"[Gen 9] VGC 2023 Regulation C","log":"|j|\u2606XFMango\n|j|\u2606RAW_TOAST_94\n|t:|1683403856\n|gametype|doubles\n|player|p1|XFMango|red|1129\n|player|p2|RAW_TOAST_94|cynthia|1140\n|teamsize|p1|6\n|teamsize|p2|6\n|gen|9\n|tier|[Gen 9] VGC 2023 Regulation C\n|rated|\n|rule|Species Clause: Limit one of each Pok\u00e9mon\n|rule|Item Clause: Limit one of each item\n|clearpoke\n|poke|p1|Chi-Yu, L50|\n|poke|p1|Garchomp, L50, F|\n|poke|p1|Flutter Mane, L50|\n|poke|p1|Murkrow, L50, F|\n|poke|p1|Scizor, L50, F|\n|poke|p1|Iron Hands, L50|\n|poke|p2|Scizor, L50, F|\n|poke|p2|Amoonguss, L50, M|\n|poke|p2|Ting-Lu, L50|\n|poke|p2|Iron Hands, L50|\n|poke|p2|Iron Bundle, L50|\n|poke|p2|Ceruledge, L50, M|\n|teampreview|4\n|\n|t:|1683403899\n|start\n|switch|p1a: Flutter Mane|Flutter Mane, L50|100\/100\n|switch|p1b: Murkrow|Murkrow, L50, F|100\/100\n|switch|p2a: Amoonguss|Amoonguss, L50, M, shiny|100\/100\n|switch|p2b: Iron Hands|Iron Hands, L50|100\/100\n|turn|1\n|\n|t:|1683403916\n|move|p1b: Murkrow|Taunt|p2a: Amoonguss\n|-start|p2a: Amoonguss|move: Taunt\n|-enditem|p2a: Amoonguss|Mental Herb\n|-end|p2a: Amoonguss|move: Taunt\n|move|p1a: Flutter Mane|Dazzling Gleam|p2a: Amoonguss|[spread] p2a,p2b\n|-resisted|p2a: Amoonguss\n|-supereffective|p2b: Iron Hands\n|-damage|p2a: Amoonguss|88\/100\n|-damage|p2b: Iron Hands|68\/100\n|move|p2b: Iron Hands|Thunder Punch|p1b: Murkrow\n|-supereffective|p1b: Murkrow\n|-damage|p1b: Murkrow|0 fnt\n|faint|p1b: Murkrow\n|move|p2a: Amoonguss|Spore|p1a: Flutter Mane\n|-status|p1a: Flutter Mane|slp|[from] move: Spore\n|\n|upkeep\n|\n|t:|1683403945\n|switch|p1b: Chi-Yu|Chi-Yu, L50|100\/100\n|-ability|p1b: Chi-Yu|Beads of Ruin\n|turn|2\n|\n|t:|1683403960\n|cant|p1a: Flutter Mane|slp\n|move|p1b: Chi-Yu|Psychic|p2a: Amoonguss\n|-supereffective|p2a: Amoonguss\n|-damage|p2a: Amoonguss|0 fnt\n|faint|p2a: Amoonguss\n|-damage|p1b: Chi-Yu|91\/100|[from] item: Life Orb\n|move|p2b: Iron Hands|Drain Punch|p1b: Chi-Yu\n|-supereffective|p1b: Chi-Yu\n|-damage|p1b: Chi-Yu|0 fnt\n|-heal|p2b: Iron Hands|94\/100|[from] drain|[of] p1b: Chi-Yu\n|faint|p1b: Chi-Yu\n|\n|upkeep\n|\n|t:|1683403974\n|switch|p1b: Iron Hands|Iron Hands, L50|100\/100\n|switch|p2a: Scizor|Scizor, L50, F, shiny|100\/100\n|turn|3\n|\n|t:|1683403989\n|-end|p2b: Iron Hands|Quark Drive|[silent]\n|switch|p2b: Iron Bundle|Iron Bundle, L50|100\/100\n|-enditem|p2b: Iron Bundle|Booster Energy\n|-activate|p2b: Iron Bundle|ability: Quark Drive|[fromitem]\n|-start|p2b: Iron Bundle|quarkdrivespe\n|move|p2a: Scizor|Protect|p2a: Scizor\n|-singleturn|p2a: Scizor|Protect\n|move|p1b: Iron Hands|Fake Out|p2a: Scizor\n|-activate|p2a: Scizor|move: Protect\n|-curestatus|p1a: Flutter Mane|slp|[msg]\n|move|p1a: Flutter Mane|Thunderbolt|p2a: Scizor\n|-activate|p2a: Scizor|move: Protect\n|\n|upkeep\n|turn|4\n|\n|t:|1683404008\n|move|p2b: Iron Bundle|Protect|p2b: Iron Bundle\n|-singleturn|p2b: Iron Bundle|Protect\n|move|p2a: Scizor|Bullet Punch|p1a: Flutter Mane\n|-supereffective|p1a: Flutter Mane\n|-enditem|p1a: Flutter Mane|Focus Sash\n|-damage|p1a: Flutter Mane|1\/100\n|-damage|p2a: Scizor|91\/100|[from] item: Life Orb\n|move|p1a: Flutter Mane|Thunderbolt|p2a: Scizor\n|-damage|p2a: Scizor|50\/100\n|move|p1b: Iron Hands|Close Combat|p2b: Iron Bundle\n|-activate|p2b: Iron Bundle|move: Protect\n|\n|upkeep\n|turn|5\n|\n|t:|1683404029\n|-terastallize|p2a: Scizor|Steel\n|move|p1a: Flutter Mane|Protect|p1a: Flutter Mane\n|-singleturn|p1a: Flutter Mane|Protect\n|move|p2a: Scizor|Bullet Punch|p1a: Flutter Mane\n|-activate|p1a: Flutter Mane|move: Protect\n|move|p2b: Iron Bundle|Chilling Water|p1b: Iron Hands\n|-damage|p1b: Iron Hands|83\/100\n|-unboost|p1b: Iron Hands|atk|1\n|move|p1b: Iron Hands|Close Combat|p2b: Iron Bundle\n|-supereffective|p2b: Iron Bundle\n|-damage|p2b: Iron Bundle|0 fnt\n|-unboost|p1b: Iron Hands|def|1\n|-unboost|p1b: Iron Hands|spd|1\n|faint|p2b: Iron Bundle\n|-end|p2b: Iron Bundle|Quark Drive|[silent]\n|\n|upkeep\n|\n|t:|1683404044\n|switch|p2b: Iron Hands|Iron Hands, L50|94\/100\n|turn|6\n|\n|t:|1683404057\n|move|p2b: Iron Hands|Fake Out|p1b: Iron Hands\n|-damage|p1b: Iron Hands|69\/100\n|move|p2a: Scizor|Bullet Punch|p1a: Flutter Mane\n|-supereffective|p1a: Flutter Mane\n|-damage|p1a: Flutter Mane|0 fnt\n|faint|p1a: Flutter Mane\n|-end|p1a: Flutter Mane|Protosynthesis|[silent]\n|-damage|p2a: Scizor|41\/100|[from] item: Life Orb\n|cant|p1b: Iron Hands|flinch\n|\n|upkeep\n|turn|7\n|\n|t:|1683404080\n|-terastallize|p1b: Iron Hands|Fighting\n|move|p2a: Scizor|Bullet Punch|p1b: Iron Hands\n|-damage|p1b: Iron Hands|11\/100\n|-damage|p2a: Scizor|31\/100|[from] item: Life Orb\n|move|p1b: Iron Hands|Play Rough|p2b: Iron Hands\n|-supereffective|p2b: Iron Hands\n|-damage|p2b: Iron Hands|61\/100\n|move|p2b: Iron Hands|Drain Punch|p1b: Iron Hands\n|-damage|p1b: Iron Hands|0 fnt\n|-heal|p2b: Iron Hands|67\/100|[from] drain|[of] p1b: Iron Hands\n|faint|p1b: Iron Hands\n|-end|p1b: Iron Hands|Quark Drive|[silent]\n|\n|win|RAW_TOAST_94\n|raw|XFMango's rating: 1129 → 1105<\/strong> (-24 for losing)\n|raw|RAW_TOAST_94's rating: 1140 → 1164<\/strong> (+24 for winning)\n","uploadtime":1683404095,"views":14,"p1id":"xfmango","p2id":"rawtoast94","formatid":"gen9vgc2023regulationc","rating":1105,"private":0,"password":""}