{"id":"gen9vgc2023regulationc-1847044419","p1":"AminoUKY","p2":"Rhyfinn19","format":"[Gen 9] VGC 2023 Regulation C","log":"|j|\u2606AminoUKY\n|j|\u2606Rhyfinn19\n|t:|1681914409\n|gametype|doubles\n|player|p1|AminoUKY|102|1000\n|player|p2|Rhyfinn19|ninjaboy|1045\n|teamsize|p1|6\n|teamsize|p2|6\n|gen|9\n|tier|[Gen 9] VGC 2023 Regulation C\n|rated|\n|rule|Species Clause: Limit one of each Pok\u00e9mon\n|rule|Item Clause: Limit one of each item\n|clearpoke\n|poke|p1|Ceruledge, L50, M|\n|poke|p1|Gyarados, L50, F|\n|poke|p1|Flutter Mane, L50|\n|poke|p1|Iron Jugulis, L50|\n|poke|p1|Amoonguss, L50, M|\n|poke|p1|Kingambit, L50, M|\n|poke|p2|Flutter Mane, L50|\n|poke|p2|Chi-Yu, L50|\n|poke|p2|Annihilape, L50, M|\n|poke|p2|Murkrow, L50, M|\n|poke|p2|Arcanine, L50, M|\n|poke|p2|Gastrodon-East, L50, M|\n|teampreview|4\n|inactive|Battle timer is ON: inactive players will automatically lose when time's up. (requested by Rhyfinn19)\n|inactive|AminoUKY has 60 seconds left.\nRhyfinn19 rejected open team sheets.\n|l|\u2606Rhyfinn19\n|inactive|Rhyfinn19 disconnected and has a minute to reconnect!\n|player|p2|\n|\n|t:|1681914470\n|start\n|switch|p1a: Iron Jugulis|Iron Jugulis, L50|100\/100\n|switch|p1b: Amoonguss|Amoonguss, L50, M|100\/100\n|switch|p2a: A Bad Hair Day|Flutter Mane, L50|100\/100\n|switch|p2b: Tweak or Tweet|Murkrow, L50, M|100\/100\n|-enditem|p2a: A Bad Hair Day|Booster Energy\n|-activate|p2a: A Bad Hair Day|ability: Protosynthesis|[fromitem]\n|-start|p2a: A Bad Hair Day|protosynthesisspa\n|turn|1\n|j|\u2606Rhyfinn19\n|inactive|Rhyfinn19 reconnected and has 45 seconds left.\n|player|p2|Rhyfinn19|ninjaboy\n|inactive|AminoUKY has 30 seconds left.\n|\n|t:|1681914497\n|move|p2a: A Bad Hair Day|Protect|p2a: A Bad Hair Day\n|-singleturn|p2a: A Bad Hair Day|Protect\n|move|p1a: Iron Jugulis|Protect|p1a: Iron Jugulis\n|-singleturn|p1a: Iron Jugulis|Protect\n|move|p2b: Tweak or Tweet|Taunt|p1b: Amoonguss\n|-start|p1b: Amoonguss|move: Taunt\n|cant|p1b: Amoonguss|move: Taunt|Spore\n|\n|upkeep\n|turn|2\n|inactive|Rhyfinn19 has 30 seconds left.\n|\n|t:|1681914522\n|-end|p1a: Iron Jugulis|Quark Drive|[silent]\n|switch|p1a: Kingambit|Kingambit, L50, M|100\/100\n|move|p2b: Tweak or Tweet|Tailwind|p2b: Tweak or Tweet\n|-sidestart|p2: Rhyfinn19|move: Tailwind\n|move|p2a: A Bad Hair Day|Psyshock|p1b: Amoonguss\n|-supereffective|p1b: Amoonguss\n|-damage|p1b: Amoonguss|30\/100\n|-enditem|p1b: Amoonguss|Sitrus Berry|[eat]\n|-heal|p1b: Amoonguss|55\/100|[from] item: Sitrus Berry\n|move|p1b: Amoonguss|Pollen Puff|p1a: Kingambit\n|-immune|p1a: Kingambit\n|\n|upkeep\n|turn|3\n|inactive|AminoUKY has 30 seconds left.\n|inactive|Rhyfinn19 has 30 seconds left.\n|\n|t:|1681914555\n|switch|p2b: To Mad to Live|Annihilape, L50, M|100\/100\n|switch|p1b: Ceruledge|Ceruledge, L50, M|100\/100\n|move|p2a: A Bad Hair Day|Psyshock|p1b: Ceruledge\n|-damage|p1b: Ceruledge|49\/100\n|move|p1a: Kingambit|Iron Head|p2a: A Bad Hair Day\n|-supereffective|p2a: A Bad Hair Day\n|-damage|p2a: A Bad Hair Day|0 fnt\n|faint|p2a: A Bad Hair Day\n|-end|p2a: A Bad Hair Day|Protosynthesis|[silent]\n|\n|upkeep\n|\n|t:|1681914568\n|switch|p2a: \u91d1\u9b5a|Chi-Yu, L50|100\/100\n|-ability|p2a: \u91d1\u9b5a|Beads of Ruin\n|turn|4\n|inactive|AminoUKY has 30 seconds left.\n|inactive|AminoUKY has 20 seconds left.\n|\n|t:|1681914608\n|-terastallize|p1b: Ceruledge|Grass\n|move|p2a: \u91d1\u9b5a|Protect|p2a: \u91d1\u9b5a\n|-singleturn|p2a: \u91d1\u9b5a|Protect\n|move|p1a: Kingambit|Sucker Punch||[still]\n|-fail|p1a: Kingambit\n|move|p2b: To Mad to Live|Bulk Up|p2b: To Mad to Live\n|-boost|p2b: To Mad to Live|atk|1\n|-boost|p2b: To Mad to Live|def|1\n|move|p1b: Ceruledge|Bulk Up|p1b: Ceruledge\n|-boost|p1b: Ceruledge|atk|1\n|-boost|p1b: Ceruledge|def|1\n|\n|upkeep\n|turn|5\n|inactive|AminoUKY has 30 seconds left.\n|inactive|Rhyfinn19 has 30 seconds left.\n|inactive|AminoUKY has 20 seconds left.\n|inactive|AminoUKY has 15 seconds left.\n|inactive|AminoUKY has 10 seconds left.\n|\n|t:|1681914656\n|move|p2a: \u91d1\u9b5a|Dark Pulse|p1b: Ceruledge\n|-damage|p1b: Ceruledge|0 fnt\n|faint|p1b: Ceruledge\n|-damage|p2a: \u91d1\u9b5a|90\/100|[from] item: Life Orb\n|move|p2b: To Mad to Live|Drain Punch|p1a: Kingambit\n|-supereffective|p1a: Kingambit\n|-damage|p1a: Kingambit|0 fnt\n|faint|p1a: Kingambit\n|\n|-sideend|p2: Rhyfinn19|move: Tailwind\n|upkeep\n|\n|t:|1681914662\n|switch|p1b: Amoonguss|Amoonguss, L50, M|88\/100\n|switch|p1a: Iron Jugulis|Iron Jugulis, L50|100\/100\n|turn|6\n|\n|t:|1681914685\n|-terastallize|p2a: \u91d1\u9b5a|Fire\n|move|p1b: Amoonguss|Protect|p1b: Amoonguss\n|-singleturn|p1b: Amoonguss|Protect\n|move|p1a: Iron Jugulis|Earth Power|p2a: \u91d1\u9b5a\n|-supereffective|p2a: \u91d1\u9b5a\n|-damage|p2a: \u91d1\u9b5a|0 fnt\n|faint|p2a: \u91d1\u9b5a\n|-damage|p1a: Iron Jugulis|90\/100|[from] item: Life Orb\n|move|p2b: To Mad to Live|Drain Punch|p1a: Iron Jugulis\n|-damage|p1a: Iron Jugulis|36\/100\n|\n|upkeep\n|\n|t:|1681914692\n|switch|p2a: Tweak or Tweet|Murkrow, L50, M|100\/100\n|turn|7\n|\n|t:|1681914712\n|move|p1a: Iron Jugulis|Protect|p1a: Iron Jugulis\n|-singleturn|p1a: Iron Jugulis|Protect\n|move|p2a: Tweak or Tweet|Tailwind|p2a: Tweak or Tweet\n|-sidestart|p2: Rhyfinn19|move: Tailwind\n|move|p2b: To Mad to Live|Drain Punch|p1a: Iron Jugulis\n|-activate|p1a: Iron Jugulis|move: Protect\n|move|p1b: Amoonguss|Spore|p2b: To Mad to Live\n|-status|p2b: To Mad to Live|slp|[from] move: Spore\n|-enditem|p2b: To Mad to Live|Lum Berry|[eat]\n|-curestatus|p2b: To Mad to Live|slp|[msg]\n|\n|upkeep\n|turn|8\n|-message|AminoUKY forfeited.\n|\n|win|Rhyfinn19\n|raw|AminoUKY's rating: 1000 → 1000<\/strong> (+0 for losing)\n|raw|Rhyfinn19's rating: 1045 → 1074<\/strong> (+29 for winning)\n|l|\u2606AminoUKY\n","uploadtime":1681914727,"views":8,"p1id":"aminouky","p2id":"rhyfinn19","formatid":"gen9vgc2023regulationc","rating":1000,"private":0,"password":""}