{"id":"gen9vgc2023regulationc-1862787672","p1":"Breloom3912","p2":"Isaiahwins mAtches","format":"[Gen 9] VGC 2023 Regulation C","log":"|j|\u2606Breloom3912\n|j|\u2606Isaiahwins mAtches\n|t:|1683921939\n|gametype|doubles\n|player|p1|Breloom3912|wallace|1302\n|player|p2|Isaiahwins mAtches|lucas|1384\n|teamsize|p1|6\n|teamsize|p2|6\n|gen|9\n|tier|[Gen 9] VGC 2023 Regulation C\n|rated|\n|rule|Species Clause: Limit one of each Pok\u00e9mon\n|rule|Item Clause: Limit one of each item\n|clearpoke\n|poke|p1|Flutter Mane, L50|\n|poke|p1|Ting-Lu, L50|\n|poke|p1|Gyarados, L50, F|\n|poke|p1|Amoonguss, L50, M|\n|poke|p1|Garganacl, L50, M|\n|poke|p1|Chi-Yu, L50|\n|poke|p2|Chi-Yu, L50|\n|poke|p2|Flutter Mane, L50|\n|poke|p2|Iron Bundle, L50|\n|poke|p2|Talonflame, L50, F|\n|poke|p2|Great Tusk, L50|\n|poke|p2|Amoonguss, L50, F|\n|teampreview|4\n|inactive|Battle timer is ON: inactive players will automatically lose when time's up. (requested by Breloom3912)\n|inactive|Isaiahwins mAtches also wants the timer to be on.\n|inactive|Breloom3912 has 60 seconds left.\nBreloom3912 has agreed to open team sheets.\nIsaiahwins mAtches has agreed to open team sheets.\n|inactive|Breloom3912 has 30 seconds left.\n|inactive|Breloom3912 has 20 seconds left.\n|inactive|Breloom3912 has 15 seconds left.\n|inactive|Breloom3912 has 10 seconds left.\n|inactive|Breloom3912 has 5 seconds left.\n|\n|t:|1683922026\n|start\n|switch|p1a: Flutter Mane|Flutter Mane, L50|100\/100\n|switch|p1b: Chi-Yu|Chi-Yu, L50|100\/100\n|switch|p2a: Flutter Mane|Flutter Mane, L50|100\/100\n|switch|p2b: Iron Bundle|Iron Bundle, L50|100\/100\n|-ability|p1b: Chi-Yu|Beads of Ruin\n|-enditem|p2b: Iron Bundle|Booster Energy\n|-activate|p2b: Iron Bundle|ability: Quark Drive|[fromitem]\n|-start|p2b: Iron Bundle|quarkdrivespe\n|-enditem|p1a: Flutter Mane|Booster Energy\n|-activate|p1a: Flutter Mane|ability: Protosynthesis|[fromitem]\n|-start|p1a: Flutter Mane|protosynthesisspa\n|turn|1\n|\n|t:|1683922041\n|-terastallize|p2a: Flutter Mane|Fairy\n|-terastallize|p1a: Flutter Mane|Fairy\n|move|p1b: Chi-Yu|Protect|p1b: Chi-Yu\n|-singleturn|p1b: Chi-Yu|Protect\n|move|p2b: Iron Bundle|Icy Wind|p1b: Chi-Yu|[spread] \n|-activate|p1b: Chi-Yu|move: Protect\n|-miss|p2b: Iron Bundle|p1a: Flutter Mane\n|move|p2a: Flutter Mane|Dazzling Gleam|p1a: Flutter Mane|[spread] p1a\n|-activate|p1b: Chi-Yu|move: Protect\n|-damage|p1a: Flutter Mane|24\/100\n|move|p1a: Flutter Mane|Dazzling Gleam|p2b: Iron Bundle|[spread] p2a,p2b\n|-damage|p2a: Flutter Mane|33\/100\n|-damage|p2b: Iron Bundle|0 fnt\n|faint|p2b: Iron Bundle\n|-end|p2b: Iron Bundle|Quark Drive|[silent]\n|\n|upkeep\n|\n|t:|1683922047\n|switch|p2b: Great Tusk|Great Tusk, L50|100\/100\n|turn|2\n|\n|t:|1683922064\n|move|p1a: Flutter Mane|Protect|p1a: Flutter Mane\n|-singleturn|p1a: Flutter Mane|Protect\n|move|p2a: Flutter Mane|Dazzling Gleam|p1b: Chi-Yu|[spread] p1b\n|-activate|p1a: Flutter Mane|move: Protect\n|-damage|p1b: Chi-Yu|41\/100\n|move|p1b: Chi-Yu|Heat Wave|p2b: Great Tusk|[spread] p2a\n|-miss|p1b: Chi-Yu|p2b: Great Tusk\n|-damage|p2a: Flutter Mane|0 fnt\n|faint|p2a: Flutter Mane\n|-end|p2a: Flutter Mane|Protosynthesis|[silent]\n|move|p2b: Great Tusk|Headlong Rush|p1b: Chi-Yu\n|-supereffective|p1b: Chi-Yu\n|-damage|p1b: Chi-Yu|0 fnt\n|-unboost|p2b: Great Tusk|def|1\n|-unboost|p2b: Great Tusk|spd|1\n|faint|p1b: Chi-Yu\n|\n|upkeep\n|\n|t:|1683922078\n|switch|p2a: Talonflame|Talonflame, L50, F|100\/100\n|switch|p1b: Ting-Lu|Ting-Lu, L50|100\/100\n|-ability|p1b: Ting-Lu|Vessel of Ruin\n|turn|3\n|\n|t:|1683922102\n|move|p2a: Talonflame|Brave Bird|p1a: Flutter Mane\n|-crit|p1a: Flutter Mane\n|-damage|p1a: Flutter Mane|0 fnt\n|faint|p1a: Flutter Mane\n|-end|p1a: Flutter Mane|Protosynthesis|[silent]\n|-damage|p2a: Talonflame|92\/100|[from] Recoil\n|move|p2b: Great Tusk|Close Combat|p1b: Ting-Lu\n|-supereffective|p1b: Ting-Lu\n|-damage|p1b: Ting-Lu|26\/100\n|-unboost|p2b: Great Tusk|def|1\n|-unboost|p2b: Great Tusk|spd|1\n|move|p1b: Ting-Lu|Stomping Tantrum|p2b: Great Tusk\n|-damage|p2b: Great Tusk|50\/100\n|\n|upkeep\n|\n|t:|1683922115\n|switch|p1a: Garganacl|Garganacl, L50, M|100\/100\n|turn|4\n|\n|t:|1683922130\n|move|p2a: Talonflame|Brave Bird|p1b: Ting-Lu\n|-damage|p1b: Ting-Lu|0 fnt\n|faint|p1b: Ting-Lu\n|-damage|p2a: Talonflame|78\/100|[from] Recoil\n|move|p2b: Great Tusk|Headlong Rush|p1a: Garganacl\n|-supereffective|p1a: Garganacl\n|-damage|p1a: Garganacl|18\/100\n|-unboost|p2b: Great Tusk|def|1\n|-unboost|p2b: Great Tusk|spd|1\n|move|p1a: Garganacl|Salt Cure|p2b: Great Tusk\n|-resisted|p2b: Great Tusk\n|-damage|p2b: Great Tusk|44\/100\n|-start|p2b: Great Tusk|Salt Cure\n|\n|-heal|p1a: Garganacl|23\/100|[from] item: Leftovers\n|-damage|p2b: Great Tusk|32\/100|[from] Salt Cure\n|upkeep\n|turn|5\n|\n|t:|1683922147\n|move|p1a: Garganacl|Protect|p1a: Garganacl\n|-singleturn|p1a: Garganacl|Protect\n|move|p2a: Talonflame|Brave Bird|p1a: Garganacl\n|-activate|p1a: Garganacl|move: Protect\n|move|p2b: Great Tusk|Headlong Rush|p1a: Garganacl\n|-activate|p1a: Garganacl|move: Protect\n|\n|-heal|p1a: Garganacl|29\/100|[from] item: Leftovers\n|-damage|p2b: Great Tusk|19\/100|[from] Salt Cure\n|upkeep\n|turn|6\n|\n|t:|1683922162\n|move|p1a: Garganacl|Protect|p1a: Garganacl\n|-singleturn|p1a: Garganacl|Protect\n|move|p2a: Talonflame|Brave Bird|p1a: Garganacl\n|-activate|p1a: Garganacl|move: Protect\n|move|p2b: Great Tusk|Headlong Rush|p1a: Garganacl\n|-activate|p1a: Garganacl|move: Protect\n|\n|-heal|p1a: Garganacl|35\/100|[from] item: Leftovers\n|-damage|p2b: Great Tusk|7\/100|[from] Salt Cure\n|upkeep\n|turn|7\n|\n|t:|1683922168\n|move|p1a: Garganacl|Protect|p1a: Garganacl\n|-singleturn|p1a: Garganacl|Protect\n|move|p2a: Talonflame|Brave Bird|p1a: Garganacl\n|-activate|p1a: Garganacl|move: Protect\n|move|p2b: Great Tusk|Headlong Rush|p1a: Garganacl\n|-activate|p1a: Garganacl|move: Protect\n|\n|-heal|p1a: Garganacl|41\/100|[from] item: Leftovers\n|-damage|p2b: Great Tusk|0 fnt|[from] Salt Cure\n|faint|p2b: Great Tusk\n|-end|p2b: Great Tusk|Protosynthesis|[silent]\n|upkeep\n|turn|8\n|inactive|Isaiahwins mAtches has 30 seconds left.\n|inactive|Isaiahwins mAtches has 20 seconds left.\n|\n|t:|1683922207\n|move|p2a: Talonflame|Brave Bird|p1a: Garganacl\n|-resisted|p1a: Garganacl\n|-damage|p1a: Garganacl|26\/100\n|-damage|p2a: Talonflame|72\/100|[from] Recoil\n|move|p1a: Garganacl|Recover|p1a: Garganacl\n|-heal|p1a: Garganacl|77\/100\n|\n|-heal|p1a: Garganacl|82\/100|[from] item: Leftovers\n|upkeep\n|turn|9\n|-message|Isaiahwins mAtches forfeited.\n|\n|win|Breloom3912\n|raw|Breloom3912's rating: 1302 → 1327<\/strong> (+25 for winning)\n|raw|Isaiahwins mAtches's rating: 1384 → 1359<\/strong> (-25 for losing)\n|l|\u2606Isaiahwins mAtches\n","uploadtime":1683922218,"views":12,"p1id":"breloom3912","p2id":"isaiahwinsmatches","formatid":"gen9vgc2023regulationc","rating":1327,"private":0,"password":""}