{"id":"gen9vgc2023regulationc-1855475012","p1":"hydreigon_chelas","p2":"BunColo","format":"[Gen 9] VGC 2023 Regulation C","log":"|j|\u2606hydreigon_chelas\n|j|\u2606BunColo\n|t:|1682954815\n|gametype|doubles\n|player|p1|hydreigon_chelas|iris-gen5bw2|1318\n|player|p2|BunColo|mars|1247\n|teamsize|p1|6\n|teamsize|p2|6\n|gen|9\n|tier|[Gen 9] VGC 2023 Regulation C\n|rated|\n|rule|Species Clause: Limit one of each Pok\u00e9mon\n|rule|Item Clause: Limit one of each item\n|clearpoke\n|poke|p1|Tyranitar, L50, F|\n|poke|p1|Lycanroc, L50, F|\n|poke|p1|Great Tusk, L50|\n|poke|p1|Chi-Yu, L50|\n|poke|p1|Flutter Mane, L50|\n|poke|p1|Gastrodon-East, L50, M|\n|poke|p2|Palafin, L50, F|\n|poke|p2|Tsareena, L50, F|\n|poke|p2|Arcanine, L50, F|\n|poke|p2|Chien-Pao, L50|\n|poke|p2|Iron Hands, L50|\n|poke|p2|Flutter Mane, L50|\n|teampreview|4\nBunColo has agreed to open team sheets.\n|\n|t:|1682954858\n|start\n|switch|p1a: Tyranitar|Tyranitar, L50, F|100\/100\n|switch|p1b: Lycanroc|Lycanroc, L50, F|100\/100\n|switch|p2a: Palafin|Palafin, L50, F|100\/100\n|switch|p2b: Chien-Pao|Chien-Pao, L50|100\/100\n|-ability|p2b: Chien-Pao|Sword of Ruin\n|-weather|Sandstorm|[from] ability: Sand Stream|[of] p1a: Tyranitar\n|turn|1\n|inactive|Battle timer is ON: inactive players will automatically lose when time's up. (requested by hydreigon_chelas)\n|\n|t:|1682954873\n|switch|p2b: Tsareena|Tsareena, L50, F|100\/100\n|detailschange|p2a: Palafin|Palafin-Hero, L50, F\n|switch|p2a: Arcanine|Arcanine, L50, F|100\/100\n|-ability|p2a: Arcanine|Intimidate|boost\n|-unboost|p1a: Tyranitar|atk|1\n|-unboost|p1b: Lycanroc|atk|1\n|switch|p1a: Gastrodon|Gastrodon-East, L50, M|100\/100\n|move|p1b: Lycanroc|Close Combat|p2b: Tsareena\n|-damage|p2b: Tsareena|76\/100\n|-unboost|p1b: Lycanroc|def|1\n|-unboost|p1b: Lycanroc|spd|1\n|\n|-weather|Sandstorm|[upkeep]\n|-damage|p2a: Arcanine|94\/100|[from] Sandstorm\n|-damage|p2b: Tsareena|70\/100|[from] Sandstorm\n|-heal|p2b: Tsareena|76\/100|[from] item: Leftovers\n|upkeep\n|turn|2\n|inactive|BunColo has 30 seconds left.\n|\n|t:|1682954902\n|-terastallize|p1a: Gastrodon|Fire\n|move|p2a: Arcanine|Protect|p2a: Arcanine\n|-singleturn|p2a: Arcanine|Protect\n|move|p1b: Lycanroc|Rock Slide|p2b: Tsareena|[spread] \n|-activate|p2a: Arcanine|move: Protect\n|-miss|p1b: Lycanroc|p2b: Tsareena\n|move|p2b: Tsareena|Trop Kick|p1b: Lycanroc\n|-supereffective|p1b: Lycanroc\n|-enditem|p1b: Lycanroc|Focus Sash\n|-damage|p1b: Lycanroc|1\/100\n|-unboost|p1b: Lycanroc|atk|1\n|move|p1a: Gastrodon|Ice Beam|p2b: Tsareena\n|-supereffective|p2b: Tsareena\n|-damage|p2b: Tsareena|30\/100\n|\n|-weather|Sandstorm|[upkeep]\n|-damage|p2a: Arcanine|88\/100|[from] Sandstorm\n|-damage|p2b: Tsareena|24\/100|[from] Sandstorm\n|-damage|p1a: Gastrodon|94\/100|[from] Sandstorm\n|-heal|p2b: Tsareena|30\/100|[from] item: Leftovers\n|upkeep\n|turn|3\n|inactive|hydreigon_chelas has 30 seconds left.\n|inactive|hydreigon_chelas has 20 seconds left.\n|\n|t:|1682954937\n|switch|p2b: Palafin|Palafin-Hero, L50, F|100\/100\n|-activate|p2b: Palafin|ability: Zero to Hero\n|move|p1b: Lycanroc|Protect|p1b: Lycanroc\n|-singleturn|p1b: Lycanroc|Protect\n|move|p2a: Arcanine|Extreme Speed|p1b: Lycanroc\n|-activate|p1b: Lycanroc|move: Protect\n|move|p1a: Gastrodon|Earth Power|p2a: Arcanine\n|-supereffective|p2a: Arcanine\n|-damage|p2a: Arcanine|32\/100\n|-enditem|p2a: Arcanine|Sitrus Berry|[eat]\n|-heal|p2a: Arcanine|57\/100|[from] item: Sitrus Berry\n|\n|-weather|Sandstorm|[upkeep]\n|-damage|p2b: Palafin|95\/100|[from] Sandstorm\n|-damage|p2a: Arcanine|51\/100|[from] Sandstorm\n|-damage|p1a: Gastrodon|88\/100|[from] Sandstorm\n|upkeep\n|turn|4\n|inactive|BunColo has 30 seconds left.\n|inactive|BunColo has 20 seconds left.\n|inactive|BunColo has 15 seconds left.\n|\n|t:|1682954981\n|switch|p1b: Tyranitar|Tyranitar, L50, F|100\/100\n|switch|p2b: Tsareena|Tsareena, L50, F|30\/100\n|move|p2a: Arcanine|Extreme Speed|p1b: Tyranitar\n|-resisted|p1b: Tyranitar\n|-damage|p1b: Tyranitar|91\/100\n|move|p1a: Gastrodon|Earth Power|p2a: Arcanine\n|-supereffective|p2a: Arcanine\n|-damage|p2a: Arcanine|0 fnt\n|faint|p2a: Arcanine\n|\n|-weather|Sandstorm|[upkeep]\n|-damage|p2b: Tsareena|24\/100|[from] Sandstorm\n|-damage|p1a: Gastrodon|82\/100|[from] Sandstorm\n|-heal|p2b: Tsareena|30\/100|[from] item: Leftovers\n|upkeep\n|\n|t:|1682954993\n|switch|p2a: Chien-Pao|Chien-Pao, L50|100\/100\n|-ability|p2a: Chien-Pao|Sword of Ruin\n|turn|5\n|\n|t:|1682955015\n|-terastallize|p2a: Chien-Pao|Ghost\n|move|p2a: Chien-Pao|Sucker Punch|p1a: Gastrodon\n|-damage|p1a: Gastrodon|37\/100\n|-damage|p2a: Chien-Pao|84\/100|[from] item: Rocky Helmet|[of] p1a: Gastrodon\n|move|p1b: Tyranitar|Rock Slide|p2b: Tsareena|[spread] p2a,p2b\n|-damage|p2a: Chien-Pao|49\/100\n|-damage|p2b: Tsareena|0 fnt\n|faint|p2b: Tsareena\n|move|p1a: Gastrodon|Ice Beam|p2a: Chien-Pao\n|-damage|p2a: Chien-Pao|9\/100\n|-status|p2a: Chien-Pao|frz\n|\n|-weather|none\n|upkeep\n|\n|t:|1682955024\n|switch|p2b: Palafin|Palafin-Hero, L50, F|95\/100\n|turn|6\n|\n|t:|1682955036\n|move|p2b: Palafin|Protect|p2b: Palafin\n|-singleturn|p2b: Palafin|Protect\n|cant|p2a: Chien-Pao|frz\n|move|p1b: Tyranitar|Rock Slide|p2a: Chien-Pao|[spread] p2a\n|-activate|p2b: Palafin|move: Protect\n|-damage|p2a: Chien-Pao|0 fnt\n|faint|p2a: Chien-Pao\n|move|p1a: Gastrodon|Recover|p1a: Gastrodon\n|-heal|p1a: Gastrodon|87\/100\n|\n|upkeep\n|turn|7\n|inactive|BunColo has 30 seconds left.\n|inactive|BunColo has 20 seconds left.\n|-message|BunColo forfeited.\n|\n|win|hydreigon_chelas\n|raw|hydreigon_chelas's rating: 1318 → 1334<\/strong> (+16 for winning)\n|raw|BunColo's rating: 1247 → 1227<\/strong> (-20 for losing)\n|l|\u2606BunColo\n","uploadtime":1682955084,"views":26,"p1id":"hydreigonchelas","p2id":"buncolo","formatid":"gen9vgc2023regulationc","rating":1227,"private":0,"password":""}