{"id":"gen9vgc2023regulationc-1862921443","p1":"Count Sliggoo","p2":"Peppe1224","format":"[Gen 9] VGC 2023 Regulation C","log":"|j|\u2606Count Sliggoo\n|j|\u2606Peppe1224\n|t:|1683938696\n|gametype|doubles\n|player|p1|Count Sliggoo|ruinmaniac-gen3rs|1198\n|player|p2|Peppe1224|102|1125\n|teamsize|p1|6\n|teamsize|p2|6\n|gen|9\n|tier|[Gen 9] VGC 2023 Regulation C\n|rated|\n|rule|Species Clause: Limit one of each Pok\u00e9mon\n|rule|Item Clause: Limit one of each item\n|clearpoke\n|poke|p1|Flutter Mane, L50|\n|poke|p1|Lilligant, L50, F|\n|poke|p1|Torkoal, L50, M|\n|poke|p1|Toedscruel, L50, M|\n|poke|p1|Chien-Pao, L50|\n|poke|p1|Great Tusk, L50|\n|poke|p2|Ting-Lu, L50|\n|poke|p2|Orthworm, L50, M|\n|poke|p2|Dragonite, L50, M|\n|poke|p2|Chien-Pao, L50|\n|poke|p2|Flutter Mane, L50|\n|poke|p2|Gyarados, L50, M|\n|teampreview|4\nCount Sliggoo rejected open team sheets.\n|inactive|Battle timer is ON: inactive players will automatically lose when time's up. (requested by Count Sliggoo)\n|inactive|Peppe1224 has 60 seconds left.\n|\n|t:|1683938759\n|start\n|switch|p1a: Rosebud|Lilligant, L50, F, shiny|100\/100\n|switch|p1b: Krakatoa!|Torkoal, L50, M, shiny|100\/100\n|switch|p2a: Orthworm|Orthworm, L50, M|100\/100\n|switch|p2b: Gyarados|Gyarados, L50, M, shiny|100\/100\n|-ability|p2b: Gyarados|Intimidate|boost\n|-unboost|p1a: Rosebud|atk|1\n|-unboost|p1b: Krakatoa!|atk|1\n|-weather|SunnyDay|[from] ability: Drought|[of] p1b: Krakatoa!\n|turn|1\n|inactive|Count Sliggoo has 30 seconds left.\n|\n|t:|1683938784\n|move|p1b: Krakatoa!|Protect|p1b: Krakatoa!\n|-singleturn|p1b: Krakatoa!|Protect\n|move|p1a: Rosebud|Solar Beam||[still]\n|-prepare|p1a: Rosebud|Solar Beam\n|-anim|p1a: Rosebud|Solar Beam|p2b: Gyarados\n|-damage|p2b: Gyarados|58\/100\n|move|p2b: Gyarados|Waterfall|p1b: Krakatoa!\n|-activate|p1b: Krakatoa!|move: Protect\n|move|p2a: Orthworm|Body Press|p1b: Krakatoa!\n|-activate|p1b: Krakatoa!|move: Protect\n|\n|-weather|SunnyDay|[upkeep]\n|upkeep\n|turn|2\n|inactive|Count Sliggoo has 30 seconds left.\n|\n|t:|1683938817\n|-terastallize|p1b: Krakatoa!|Fire\n|move|p1a: Rosebud|Entrainment|p1b: Krakatoa!\n|-endability|p1b: Krakatoa!|Drought|[from] move: Entrainment\n|-ability|p1b: Krakatoa!|Chlorophyll|[from] move: Entrainment\n|move|p1b: Krakatoa!|Heat Wave|p2a: Orthworm|[spread] p2a,p2b\n|-supereffective|p2a: Orthworm\n|-resisted|p2b: Gyarados\n|-damage|p2a: Orthworm|0 fnt\n|-damage|p2b: Gyarados|31\/100\n|faint|p2a: Orthworm\n|move|p2b: Gyarados|Waterfall|p1b: Krakatoa!\n|-supereffective|p1b: Krakatoa!\n|-damage|p1b: Krakatoa!|56\/100\n|-damage|p2b: Gyarados|21\/100|[from] item: Life Orb\n|\n|-weather|SunnyDay|[upkeep]\n|upkeep\n|inactive|Peppe1224 has 30 seconds left.\n|inactive|Peppe1224 has 20 seconds left.\n|\n|t:|1683938854\n|switch|p2a: Chien-Pao|Chien-Pao, L50|100\/100\n|-ability|p2a: Chien-Pao|Sword of Ruin\n|turn|3\n|\n|t:|1683938873\n|move|p2a: Chien-Pao|Sucker Punch|p1b: Krakatoa!\n|-damage|p1b: Krakatoa!|9\/100\n|move|p1a: Rosebud|Sleep Powder|p2a: Chien-Pao|[miss]\n|-miss|p1a: Rosebud|p2a: Chien-Pao\n|move|p1b: Krakatoa!|Heat Wave|p2a: Chien-Pao|[spread] p2a,p2b\n|-supereffective|p2a: Chien-Pao\n|-resisted|p2b: Gyarados\n|-enditem|p2a: Chien-Pao|Focus Sash\n|-damage|p2a: Chien-Pao|1\/100\n|-damage|p2b: Gyarados|0 fnt\n|faint|p2b: Gyarados\n|\n|-weather|SunnyDay|[upkeep]\n|upkeep\n|\n|t:|1683938889\n|switch|p2b: Dragonite|Dragonite, L50, M, shiny|100\/100\n|turn|4\n|inactive|Peppe1224 has 30 seconds left.\n|\n|t:|1683938915\n|-terastallize|p2b: Dragonite|Normal\n|move|p2a: Chien-Pao|Sucker Punch||[still]\n|-fail|p2a: Chien-Pao\n|move|p1a: Rosebud|Sleep Powder|p2b: Dragonite\n|-status|p2b: Dragonite|slp|[from] move: Sleep Powder\n|-enditem|p2b: Dragonite|Lum Berry|[eat]\n|-curestatus|p2b: Dragonite|slp|[msg]\n|move|p1b: Krakatoa!|Shell Smash|p1b: Krakatoa!\n|-unboost|p1b: Krakatoa!|def|1\n|-unboost|p1b: Krakatoa!|spd|1\n|-boost|p1b: Krakatoa!|atk|2\n|-boost|p1b: Krakatoa!|spa|2\n|-boost|p1b: Krakatoa!|spe|2\n|move|p2b: Dragonite|Dragon Dance|p2b: Dragonite\n|-boost|p2b: Dragonite|atk|1\n|-boost|p2b: Dragonite|spe|1\n|\n|-weather|SunnyDay|[upkeep]\n|upkeep\n|turn|5\n|inactive|Peppe1224 has 30 seconds left.\n|\n|t:|1683938940\n|move|p1b: Krakatoa!|Protect|p1b: Krakatoa!\n|-singleturn|p1b: Krakatoa!|Protect\n|move|p2b: Dragonite|Extreme Speed|p1a: Rosebud\n|-damage|p1a: Rosebud|0 fnt\n|faint|p1a: Rosebud\n|move|p2a: Chien-Pao|Sucker Punch||[still]\n|-fail|p2a: Chien-Pao\n|\n|-weather|SunnyDay|[upkeep]\n|upkeep\n|\n|t:|1683938950\n|switch|p1a: Baelnorn|Flutter Mane, L50|100\/100\n|-activate|p1a: Baelnorn|ability: Protosynthesis\n|-start|p1a: Baelnorn|protosynthesisspe\n|turn|6\n|\n|t:|1683938970\n|move|p2a: Chien-Pao|Sucker Punch|p1b: Krakatoa!\n|-damage|p1b: Krakatoa!|0 fnt\n|faint|p1b: Krakatoa!\n|move|p1a: Baelnorn|Dazzling Gleam|p2b: Dragonite|[spread] p2a,p2b\n|-supereffective|p2a: Chien-Pao\n|-damage|p2a: Chien-Pao|0 fnt\n|-damage|p2b: Dragonite|85\/100\n|faint|p2a: Chien-Pao\n|move|p2b: Dragonite|Earthquake|p1a: Baelnorn\n|-damage|p1a: Baelnorn|20\/100\n|\n|-weather|SunnyDay|[upkeep]\n|-heal|p1a: Baelnorn|26\/100|[from] item: Leftovers\n|upkeep\n|\n|t:|1683938981\n|switch|p1b: Manny|Great Tusk, L50|100\/100\n|-activate|p1b: Manny|ability: Protosynthesis\n|-start|p1b: Manny|protosynthesisatk\n|turn|7\n|\n|t:|1683938994\n|move|p1a: Baelnorn|Dazzling Gleam|p2b: Dragonite\n|-damage|p2b: Dragonite|44\/100\n|move|p1b: Manny|Close Combat|p2b: Dragonite\n|-supereffective|p2b: Dragonite\n|-damage|p2b: Dragonite|0 fnt\n|-unboost|p1b: Manny|def|1\n|-unboost|p1b: Manny|spd|1\n|faint|p2b: Dragonite\n|\n|win|Count Sliggoo\n|raw|Count Sliggoo's rating: 1198 → 1218<\/strong> (+20 for winning)\n|raw|Peppe1224's rating: 1125 → 1105<\/strong> (-20 for losing)\n|l|\u2606Peppe1224\n","uploadtime":1683939007,"views":9,"p1id":"countsliggoo","p2id":"peppe1224","formatid":"gen9vgc2023regulationc","rating":1105,"private":0,"password":""}