{"id":"gen9vgc2023regulationc-1846276558","p1":"LasermanZ111","p2":"Joanhy74","format":"[Gen 9] VGC 2023 Regulation C","log":"|j|\u2606LasermanZ111\n|j|\u2606Joanhy74\n|t:|1681827742\n|gametype|doubles\n|player|p1|LasermanZ111|red|1265\n|player|p2|Joanhy74|backpacker|1324\n|teamsize|p1|6\n|teamsize|p2|6\n|gen|9\n|tier|[Gen 9] VGC 2023 Regulation C\n|rated|\n|rule|Species Clause: Limit one of each Pok\u00e9mon\n|rule|Item Clause: Limit one of each item\n|clearpoke\n|poke|p1|Chi-Yu, L50|\n|poke|p1|Flutter Mane, L50|\n|poke|p1|Tauros-Paldea-Aqua, L50, M|\n|poke|p1|Corviknight, L50, M|\n|poke|p1|Amoonguss, L50, M|\n|poke|p1|Sandy Shocks, L50|\n|poke|p2|Dragapult, L50, F|\n|poke|p2|Chien-Pao, L50|\n|poke|p2|Maushold, L50|\n|poke|p2|Amoonguss, L50, F|\n|poke|p2|Annihilape, L50, F|\n|poke|p2|Arcanine, L50, F|\n|teampreview|4\nJoanhy74 has agreed to open team sheets.\nLasermanZ111 has agreed to open team sheets.\n|inactive|Battle timer is ON: inactive players will automatically lose when time's up. (requested by Joanhy74)\n|\n|t:|1681827833\n|start\n|switch|p1a: Tauros|Tauros-Paldea-Aqua, L50, M|100\/100\n|switch|p1b: Corviknight|Corviknight, L50, M|100\/100\n|switch|p2a: Dragapult|Dragapult, L50, F|100\/100\n|switch|p2b: Chien-Pao|Chien-Pao, L50|100\/100\n|-ability|p2b: Chien-Pao|Sword of Ruin\n|-ability|p1a: Tauros|Intimidate|boost\n|-fail|p2a: Dragapult|unboost|[from] ability: Clear Body|[of] p2a: Dragapult\n|-unboost|p2b: Chien-Pao|atk|1\n|turn|1\n|inactive|LasermanZ111 has 30 seconds left.\n|inactive|Joanhy74 has 30 seconds left.\n|inactive|LasermanZ111 has 20 seconds left.\n|inactive|Joanhy74 has 20 seconds left.\n|inactive|LasermanZ111 has 15 seconds left.\n|\n|t:|1681827875\n|switch|p2b: Amoonguss|Amoonguss, L50, F|100\/100\n|switch|p1a: Flutter Mane|Flutter Mane, L50|100\/100\n|-enditem|p1a: Flutter Mane|Booster Energy\n|-activate|p1a: Flutter Mane|ability: Protosynthesis|[fromitem]\n|-start|p1a: Flutter Mane|protosynthesisspe\n|move|p2a: Dragapult|Phantom Force||[still]\n|-prepare|p2a: Dragapult|Phantom Force\n|move|p1b: Corviknight|Tailwind|p1b: Corviknight\n|-sidestart|p1: LasermanZ111|move: Tailwind\n|\n|upkeep\n|turn|2\n|inactive|LasermanZ111 has 30 seconds left.\n|inactive|Joanhy74 has 30 seconds left.\n|\n|t:|1681827904\n|-end|p1a: Flutter Mane|Protosynthesis|[silent]\n|switch|p1a: Chi-Yu|Chi-Yu, L50|100\/100\n|-ability|p1a: Chi-Yu|Beads of Ruin\n|move|p1b: Corviknight|Brave Bird|p2b: Amoonguss\n|-supereffective|p2b: Amoonguss\n|-damage|p2b: Amoonguss|27\/100\n|-enditem|p2b: Amoonguss|Sitrus Berry|[eat]\n|-heal|p2b: Amoonguss|51\/100|[from] item: Sitrus Berry\n|-damage|p1b: Corviknight|75\/100|[from] Recoil\n|move|p2a: Dragapult|Phantom Force|p1a: Chi-Yu|[from]lockedmove\n|-resisted|p1a: Chi-Yu\n|-damage|p1a: Chi-Yu|48\/100\n|move|p2b: Amoonguss|Spore|p1b: Corviknight\n|-status|p1b: Corviknight|slp|[from] move: Spore\n|-enditem|p1b: Corviknight|Lum Berry|[eat]\n|-curestatus|p1b: Corviknight|slp|[msg]\n|\n|upkeep\n|turn|3\n|inactive|Joanhy74 has 30 seconds left.\n|inactive|Joanhy74 has 20 seconds left.\n|inactive|Joanhy74 has 15 seconds left.\n|\n|t:|1681827946\n|switch|p2a: Chien-Pao|Chien-Pao, L50|100\/100\n|-ability|p2a: Chien-Pao|Sword of Ruin\n|switch|p2b: Annihilape|Annihilape, L50, F|100\/100\n|move|p1a: Chi-Yu|Dark Pulse|p2a: Chien-Pao\n|-resisted|p2a: Chien-Pao\n|-damage|p2a: Chien-Pao|55\/100\n|move|p1b: Corviknight|Brave Bird|p2b: Annihilape\n|-supereffective|p2b: Annihilape\n|-damage|p2b: Annihilape|0 fnt\n|faint|p2b: Annihilape\n|-damage|p1b: Corviknight|40\/100|[from] Recoil\n|\n|upkeep\n|\n|t:|1681827970\n|switch|p2b: Dragapult|Dragapult, L50, F|100\/100\n|turn|4\n|\n|t:|1681827990\n|switch|p1a: Tauros|Tauros-Paldea-Aqua, L50, M|100\/100\n|-ability|p1a: Tauros|Intimidate|boost\n|-unboost|p2a: Chien-Pao|atk|1\n|-fail|p2b: Dragapult|unboost|[from] ability: Clear Body|[of] p2b: Dragapult\n|move|p2b: Dragapult|Sucker Punch||[still]\n|-fail|p2b: Dragapult\n|move|p2a: Chien-Pao|Sucker Punch||[still]\n|-fail|p2a: Chien-Pao\n|move|p1b: Corviknight|Roost|p1b: Corviknight\n|-heal|p1b: Corviknight|90\/100\n|-singleturn|p1b: Corviknight|move: Roost\n|\n|-sideend|p1: LasermanZ111|move: Tailwind\n|upkeep\n|turn|5\n|inactive|LasermanZ111 has 30 seconds left.\n|\n|t:|1681828018\n|switch|p2b: Amoonguss|Amoonguss, L50, F|85\/100\n|move|p2a: Chien-Pao|Ice Spinner|p1b: Corviknight\n|-damage|p1b: Corviknight|62\/100\n|move|p1a: Tauros|Raging Bull|p2a: Chien-Pao\n|-damage|p2a: Chien-Pao|0 fnt\n|faint|p2a: Chien-Pao\n|move|p1b: Corviknight|Tailwind|p1b: Corviknight\n|-sidestart|p1: LasermanZ111|move: Tailwind\n|\n|upkeep\n|\n|t:|1681828028\n|switch|p2a: Dragapult|Dragapult, L50, F|100\/100\n|turn|6\n|inactive|Joanhy74 has 30 seconds left.\n|\n|t:|1681828059\n|-terastallize|p2a: Dragapult|Dragon\n|move|p2b: Amoonguss|Rage Powder|p2b: Amoonguss\n|-singleturn|p2b: Amoonguss|move: Rage Powder\n|move|p1a: Tauros|Close Combat|p2b: Amoonguss\n|-resisted|p2b: Amoonguss\n|-damage|p2b: Amoonguss|62\/100\n|-unboost|p1a: Tauros|def|1\n|-unboost|p1a: Tauros|spd|1\n|move|p1b: Corviknight|Brave Bird|p2b: Amoonguss\n|-supereffective|p2b: Amoonguss\n|-damage|p2b: Amoonguss|0 fnt\n|faint|p2b: Amoonguss\n|-damage|p1b: Corviknight|40\/100|[from] Recoil\n|move|p2a: Dragapult|Phantom Force||[still]\n|-prepare|p2a: Dragapult|Phantom Force\n|\n|upkeep\n|turn|7\n|\n|t:|1681828079\n|move|p1a: Tauros|Close Combat|p2a: Dragapult|[miss]\n|-miss|p1a: Tauros|p2a: Dragapult\n|move|p1b: Corviknight|Roost|p1b: Corviknight\n|-heal|p1b: Corviknight|91\/100\n|-singleturn|p1b: Corviknight|move: Roost\n|move|p2a: Dragapult|Phantom Force|p1b: Corviknight|[from]lockedmove\n|-damage|p1b: Corviknight|38\/100\n|\n|upkeep\n|turn|8\n|\n|t:|1681828094\n|move|p1a: Tauros|Close Combat|p2a: Dragapult\n|-damage|p2a: Dragapult|27\/100\n|-unboost|p1a: Tauros|def|1\n|-unboost|p1a: Tauros|spd|1\n|move|p1b: Corviknight|Brave Bird|p2a: Dragapult\n|-damage|p2a: Dragapult|0 fnt\n|faint|p2a: Dragapult\n|-damage|p1b: Corviknight|31\/100|[from] Recoil\n|\n|win|LasermanZ111\n|raw|LasermanZ111's rating: 1265 → 1294<\/strong> (+29 for winning)\n|raw|Joanhy74's rating: 1324 → 1301<\/strong> (-23 for losing)\n|l|\u2606Joanhy74\n","uploadtime":1681828106,"views":6,"p1id":"lasermanz111","p2id":"joanhy74","formatid":"gen9vgc2023regulationc","rating":1294,"private":0,"password":""}