{"id":"gen9vgc2023regulationc-1845993494","p1":"jones3765","p2":"gankyburner","format":"[Gen 9] VGC 2023 Regulation C","log":"|j|\u2606jones3765\n|j|\u2606gankyburner\n|t:|1681788501\n|gametype|doubles\n|player|p1|jones3765|volkner|1192\n|player|p2|gankyburner|169|1226\n|teamsize|p1|6\n|teamsize|p2|6\n|gen|9\n|tier|[Gen 9] VGC 2023 Regulation C\n|rated|\n|rule|Species Clause: Limit one of each Pok\u00e9mon\n|rule|Item Clause: Limit one of each item\n|clearpoke\n|poke|p1|Barraskewda, L50, F|\n|poke|p1|Pelipper, L50, F|\n|poke|p1|Farigiraf, L50, F|\n|poke|p1|Maushold, L50|\n|poke|p1|Ting-Lu, L50|\n|poke|p1|Drednaw, L50, F|\n|poke|p2|Murkrow, L50, F|\n|poke|p2|Tyranitar, L50, M|\n|poke|p2|Houndstone, L50, F|\n|poke|p2|Chi-Yu, L50|\n|poke|p2|Corviknight, L50, M|\n|poke|p2|Orthworm, L50, F|\n|teampreview|4\n|\n|t:|1681788522\n|start\n|switch|p1a: Barraskewda|Barraskewda, L50, F|100\/100\n|switch|p1b: Ting-Lu|Ting-Lu, L50|100\/100\n|switch|p2a: C'mon C'mon|Murkrow, L50, F|100\/100\n|switch|p2b: Mr. Jones|Corviknight, L50, M|100\/100\n|-ability|p1b: Ting-Lu|Vessel of Ruin\n|turn|1\n|\n|t:|1681788548\n|-terastallize|p1a: Barraskewda|Electric\n|move|p2a: C'mon C'mon|Sunny Day|p2a: C'mon C'mon\n|-weather|SunnyDay\n|move|p1a: Barraskewda|Tera Blast|p2b: Mr. Jones\n|-supereffective|p2b: Mr. Jones\n|-damage|p2b: Mr. Jones|0 fnt\n|faint|p2b: Mr. Jones\n|move|p1b: Ting-Lu|Ruination|p2a: C'mon C'mon\n|-damage|p2a: C'mon C'mon|50\/100\n|\n|-weather|SunnyDay|[upkeep]\n|upkeep\n|\n|t:|1681788557\n|switch|p2b: Godzilla|Tyranitar, L50, M, shiny|100\/100\n|-weather|Sandstorm|[from] ability: Sand Stream|[of] p2b: Godzilla\n|turn|2\n|\n|t:|1681788568\n|move|p2a: C'mon C'mon|Tailwind|p2a: C'mon C'mon\n|-sidestart|p2: gankyburner|move: Tailwind\n|move|p1a: Barraskewda|Tera Blast|p2a: C'mon C'mon\n|-supereffective|p2a: C'mon C'mon\n|-damage|p2a: C'mon C'mon|0 fnt\n|faint|p2a: C'mon C'mon\n|move|p2b: Godzilla|Earthquake|p1a: Barraskewda|[spread] p1a,p1b\n|-supereffective|p1a: Barraskewda\n|-damage|p1a: Barraskewda|0 fnt\n|-damage|p1b: Ting-Lu|88\/100\n|faint|p1a: Barraskewda\n|move|p1b: Ting-Lu|Stomping Tantrum|p2b: Godzilla\n|-supereffective|p2b: Godzilla\n|-damage|p2b: Godzilla|57\/100\n|\n|-weather|Sandstorm|[upkeep]\n|-heal|p1b: Ting-Lu|94\/100|[from] item: Leftovers\n|upkeep\n|\n|t:|1681788583\n|switch|p1a: Pelipper|Pelipper, L50, F|100\/100\n|switch|p2a: Dragula|Houndstone, L50, F, shiny|100\/100\n|-weather|RainDance|[from] ability: Drizzle|[of] p1a: Pelipper\n|turn|3\n|\n|t:|1681788601\n|-terastallize|p2b: Godzilla|Flying\n|move|p2a: Dragula|Will-O-Wisp|p1b: Ting-Lu\n|-status|p1b: Ting-Lu|brn\n|move|p2b: Godzilla|Rock Slide|p1a: Pelipper|[spread] p1a,p1b\n|-supereffective|p1a: Pelipper\n|-resisted|p1b: Ting-Lu\n|-damage|p1a: Pelipper|50\/100\n|-damage|p1b: Ting-Lu|87\/100 brn\n|move|p1a: Pelipper|Hurricane|p2a: Dragula\n|-damage|p2a: Dragula|71\/100\n|cant|p1b: Ting-Lu|flinch\n|\n|-weather|RainDance|[upkeep]\n|-heal|p1b: Ting-Lu|93\/100 brn|[from] item: Leftovers\n|-damage|p1b: Ting-Lu|87\/100 brn|[from] brn\n|upkeep\n|turn|4\n|\n|t:|1681788625\n|move|p1a: Pelipper|Protect|p1a: Pelipper\n|-singleturn|p1a: Pelipper|Protect\n|move|p2a: Dragula|Howl|p2a: Dragula|[spread] p2a,p2b\n|-boost|p2a: Dragula|atk|1\n|-boost|p2b: Godzilla|atk|1\n|move|p2b: Godzilla|Rock Slide|p1b: Ting-Lu|[spread] p1b\n|-activate|p1a: Pelipper|move: Protect\n|-resisted|p1b: Ting-Lu\n|-damage|p1b: Ting-Lu|77\/100 brn\n|cant|p1b: Ting-Lu|flinch\n|\n|-weather|RainDance|[upkeep]\n|-heal|p1b: Ting-Lu|83\/100 brn|[from] item: Leftovers\n|-damage|p1b: Ting-Lu|77\/100 brn|[from] brn\n|upkeep\n|turn|5\n|\n|t:|1681788643\n|move|p2a: Dragula|Howl|p2a: Dragula|[spread] p2a,p2b\n|-boost|p2a: Dragula|atk|1\n|-boost|p2b: Godzilla|atk|1\n|move|p2b: Godzilla|Rock Slide|p1a: Pelipper|[spread] p1a,p1b\n|-supereffective|p1a: Pelipper\n|-resisted|p1b: Ting-Lu\n|-damage|p1a: Pelipper|0 fnt\n|-damage|p1b: Ting-Lu|63\/100 brn\n|faint|p1a: Pelipper\n|move|p1b: Ting-Lu|Ruination|p2a: Dragula\n|-damage|p2a: Dragula|36\/100\n|-enditem|p2a: Dragula|Sitrus Berry|[eat]\n|-heal|p2a: Dragula|61\/100|[from] item: Sitrus Berry\n|\n|-weather|RainDance|[upkeep]\n|-heal|p1b: Ting-Lu|70\/100 brn|[from] item: Leftovers\n|-damage|p1b: Ting-Lu|63\/100 brn|[from] brn\n|-sideend|p2: gankyburner|move: Tailwind\n|upkeep\n|\n|t:|1681788653\n|switch|p1a: Drednaw|Drednaw, L50, F|100\/100\n|turn|6\n|\n|t:|1681788679\n|move|p1a: Drednaw|Rock Slide|p2a: Dragula|[spread] p2a\n|-miss|p1a: Drednaw|p2b: Godzilla\n|-damage|p2a: Dragula|31\/100\n|cant|p2a: Dragula|flinch\n|move|p2b: Godzilla|Assurance|p1a: Drednaw\n|-damage|p1a: Drednaw|17\/100\n|move|p1b: Ting-Lu|Ruination|p2a: Dragula\n|-damage|p2a: Dragula|16\/100\n|\n|-weather|RainDance|[upkeep]\n|-heal|p1b: Ting-Lu|70\/100 brn|[from] item: Leftovers\n|-damage|p1b: Ting-Lu|63\/100 brn|[from] brn\n|upkeep\n|turn|7\n|\n|t:|1681788698\n|move|p1a: Drednaw|Rock Slide|p2a: Dragula|[spread] p2a\n|-miss|p1a: Drednaw|p2b: Godzilla\n|-damage|p2a: Dragula|0 fnt\n|faint|p2a: Dragula\n|move|p2b: Godzilla|Assurance|p1a: Drednaw\n|-damage|p1a: Drednaw|0 fnt\n|faint|p1a: Drednaw\n|move|p1b: Ting-Lu|Ruination|p2b: Godzilla\n|-damage|p2b: Godzilla|29\/100\n|\n|-weather|none\n|-heal|p1b: Ting-Lu|70\/100 brn|[from] item: Leftovers\n|-damage|p1b: Ting-Lu|63\/100 brn|[from] brn\n|upkeep\n|turn|8\n|-message|jones3765 forfeited.\n|\n|win|gankyburner\n|raw|jones3765's rating: 1192 → 1169<\/strong> (-23 for losing)\n|raw|gankyburner's rating: 1226 → 1249<\/strong> (+23 for winning)\n|l|\u2606jones3765\n","uploadtime":1681788714,"views":5,"p1id":"jones3765","p2id":"gankyburner","formatid":"gen9vgc2023regulationc","rating":1169,"private":0,"password":""}