{"id":"gen9vgc2023regulationc-1864234152","p1":"Raderph","p2":"redbullcyndaquil","format":"[Gen 9] VGC 2023 Regulation C","log":"|j|\u2606Raderph\n|j|\u2606redbullcyndaquil\n|t:|1684141717\n|gametype|doubles\n|player|p1|Raderph|hiker|\n|player|p2|redbullcyndaquil|102|\n|teamsize|p1|6\n|teamsize|p2|6\n|gen|9\n|tier|[Gen 9] VGC 2023 Regulation C\n|rule|Species Clause: Limit one of each Pok\u00e9mon\n|rule|Item Clause: Limit one of each item\n|clearpoke\n|poke|p1|Grimmsnarl, L50, M|\n|poke|p1|Volcarona, L50, F|\n|poke|p1|Lilligant, L50, F|\n|poke|p1|Lokix, L50, M|\n|poke|p1|Iron Valiant, L50|\n|poke|p1|Oricorio-Pom-Pom, L50, M|\n|poke|p2|Abomasnow, L50, M|\n|poke|p2|Armarouge, L50, M|\n|poke|p2|Cetitan, L50, M|\n|poke|p2|Orthworm, L50, F|\n|poke|p2|Iron Bundle, L50|\n|poke|p2|Maushold, L50|\n|teampreview|4\n|inactive|Battle timer is ON: inactive players will automatically lose when time's up. (requested by redbullcyndaquil)\n|c|\u2606redbullcyndaquil|game 1\n|c|\u2606redbullcyndaquil|glhf\n|c|\u2606Raderph|glhf\n|inactive|Raderph has 60 seconds left.\n|\n|t:|1684141758\n|start\n|switch|p1a: Alberto Balsalm|Grimmsnarl, L50, M|100\/100\n|switch|p1b: The Alarmist|Lokix, L50, M|100\/100\n|switch|p2a: Robot Santa|Iron Bundle, L50|100\/100\n|switch|p2b: Abomasnow|Abomasnow, L50, M|100\/100\n|-weather|Snow|[from] ability: Snow Warning|[of] p2b: Abomasnow\n|-enditem|p2a: Robot Santa|Booster Energy\n|-activate|p2a: Robot Santa|ability: Quark Drive|[fromitem]\n|-start|p2a: Robot Santa|quarkdrivespe\n|turn|1\n|inactive|Raderph has 30 seconds left.\n|inactive|redbullcyndaquil has 30 seconds left.\n|inactive|Raderph has 20 seconds left.\n|\n|t:|1684141796\n|move|p1a: Alberto Balsalm|Fake Out|p2a: Robot Santa\n|-damage|p2a: Robot Santa|88\/100\n|cant|p2a: Robot Santa|flinch\n|move|p1b: The Alarmist|Brick Break|p2a: Robot Santa\n|-supereffective|p2a: Robot Santa\n|-damage|p2a: Robot Santa|38\/100\n|-damage|p1b: The Alarmist|91\/100|[from] item: Life Orb\n|move|p2b: Abomasnow|Aurora Veil|p2b: Abomasnow\n|-sidestart|p2: redbullcyndaquil|move: Aurora Veil\n|\n|-weather|Snow|[upkeep]\n|upkeep\n|turn|2\n|\n|t:|1684141815\n|move|p2b: Abomasnow|Helping Hand|p2a: Robot Santa\n|-singleturn|p2a: Robot Santa|Helping Hand|[of] p2b: Abomasnow\n|move|p1a: Alberto Balsalm|Light Screen|p1a: Alberto Balsalm\n|-sidestart|p1: Raderph|move: Light Screen\n|move|p2a: Robot Santa|Blizzard|p1a: Alberto Balsalm|[spread] p1a,p1b\n|-damage|p1a: Alberto Balsalm|57\/100\n|-damage|p1b: The Alarmist|11\/100\n|move|p1b: The Alarmist|Brick Break|p2a: Robot Santa\n|-sideend|p2: redbullcyndaquil|move: Aurora Veil\n|-supereffective|p2a: Robot Santa\n|-damage|p2a: Robot Santa|0 fnt\n|faint|p2a: Robot Santa\n|-end|p2a: Robot Santa|Quark Drive|[silent]\n|-damage|p1b: The Alarmist|2\/100|[from] item: Life Orb\n|\n|-weather|Snow|[upkeep]\n|upkeep\n|\n|t:|1684141828\n|switch|p2a: Slippery Steve|Orthworm, L50, F|100\/100\n|turn|3\n|\n|t:|1684141848\n|move|p1a: Alberto Balsalm|Reflect|p1a: Alberto Balsalm\n|-sidestart|p1: Raderph|Reflect\n|move|p1b: The Alarmist|Lunge|p2b: Abomasnow\n|-supereffective|p2b: Abomasnow\n|-damage|p2b: Abomasnow|29\/100\n|-unboost|p2b: Abomasnow|atk|1\n|-damage|p1b: The Alarmist|0 fnt|[from] item: Life Orb\n|faint|p1b: The Alarmist\n|move|p2a: Slippery Steve|Shed Tail|p2a: Slippery Steve\n|-start|p2a: Slippery Steve|Substitute|[from] move: Shed Tail\n|-damage|p2a: Slippery Steve|50\/100\n|\n|t:|1684141858\n|switch|p2a: Carries|Cetitan, L50, M|100\/100|[from] Shed Tail\n|move|p2b: Abomasnow|Rock Slide|p1a: Alberto Balsalm\n|-damage|p1a: Alberto Balsalm|49\/100\n|\n|-weather|Snow|[upkeep]\n|upkeep\n|\n|t:|1684141875\n|switch|p1b: Inferno Galore|Volcarona, L50, F|100\/100\n|turn|4\n|\n|t:|1684141897\n|-terastallize|p2a: Carries|Water\n|move|p1a: Alberto Balsalm|Sucker Punch|p2a: Carries\n|-end|p2a: Carries|Substitute\n|move|p2a: Carries|Liquidation|p1b: Inferno Galore\n|-supereffective|p1b: Inferno Galore\n|-enditem|p1b: Inferno Galore|Passho Berry|[eat]\n|-enditem|p1b: Inferno Galore|Passho Berry|[weaken]\n|-damage|p1b: Inferno Galore|77\/100\n|-unboost|p1b: Inferno Galore|def|1\n|-status|p2a: Carries|brn|[from] ability: Flame Body|[of] p1b: Inferno Galore\n|move|p1b: Inferno Galore|Sunny Day|p1b: Inferno Galore\n|-weather|SunnyDay\n|move|p2b: Abomasnow|Rock Slide|p1a: Alberto Balsalm|[spread] p1a,p1b\n|-supereffective|p1b: Inferno Galore\n|-damage|p1a: Alberto Balsalm|41\/100\n|-damage|p1b: Inferno Galore|47\/100\n|\n|-weather|SunnyDay|[upkeep]\n|-damage|p2a: Carries|95\/100 brn|[from] brn\n|upkeep\n|turn|5\n|inactive|Raderph has 30 seconds left.\n|inactive|redbullcyndaquil has 30 seconds left.\n|\n|t:|1684141931\n|move|p1a: Alberto Balsalm|Sucker Punch|p2a: Carries\n|-damage|p2a: Carries|56\/100 brn\n|move|p1b: Inferno Galore|Heat Wave|p2a: Carries|[spread] p2a,p2b\n|-resisted|p2a: Carries\n|-supereffective|p2b: Abomasnow\n|-damage|p2a: Carries|39\/100 brn\n|-damage|p2b: Abomasnow|0 fnt\n|faint|p2b: Abomasnow\n|move|p2a: Carries|Earthquake|p1a: Alberto Balsalm|[spread] p1a,p1b\n|-damage|p1a: Alberto Balsalm|30\/100\n|-damage|p1b: Inferno Galore|35\/100\n|\n|-weather|SunnyDay|[upkeep]\n|-damage|p2a: Carries|33\/100 brn|[from] brn\n|upkeep\n|\n|t:|1684141943\n|switch|p2b: Slippery Steve|Orthworm, L50, F|50\/100\n|turn|6\n|\n|t:|1684141956\n|move|p1a: Alberto Balsalm|Sucker Punch|p2a: Carries\n|-damage|p2a: Carries|0 fnt\n|faint|p2a: Carries\n|move|p1b: Inferno Galore|Heat Wave|p2b: Slippery Steve\n|-supereffective|p2b: Slippery Steve\n|-crit|p2b: Slippery Steve\n|-damage|p2b: Slippery Steve|0 fnt\n|faint|p2b: Slippery Steve\n|\n|win|Raderph\n|l|\u2606redbullcyndaquil\n|c|\u2606Raderph|GGs\n","uploadtime":1684141968,"views":23,"p1id":"raderph","p2id":"redbullcyndaquil","formatid":"gen9vgc2023regulationc","rating":0,"private":0,"password":""}