{"id":"gen9vgc2023regulationc-1858683156","p1":"Reckless Waif","p2":"r2vgc","format":"[Gen 9] VGC 2023 Regulation C","log":"|j|\u2606Reckless Waif\n|j|\u2606r2vgc\n|t:|1683341997\n|gametype|doubles\n|player|p1|Reckless Waif|jogger|1120\n|player|p2|r2vgc|266|1153\n|teamsize|p1|6\n|teamsize|p2|6\n|gen|9\n|tier|[Gen 9] VGC 2023 Regulation C\n|rated|\n|rule|Species Clause: Limit one of each Pok\u00e9mon\n|rule|Item Clause: Limit one of each item\n|clearpoke\n|poke|p1|Ting-Lu, L50|\n|poke|p1|Bellibolt, L50, M|\n|poke|p1|Chien-Pao, L50|\n|poke|p1|Breloom, L50, F|\n|poke|p1|Ceruledge, L50, M|\n|poke|p1|Pachirisu, L50, M|\n|poke|p2|Maushold-Four, L50|\n|poke|p2|Annihilape, L50, M|\n|poke|p2|Gholdengo, L50|\n|poke|p2|Murkrow, L50, F|\n|poke|p2|Garchomp, L50, F|\n|poke|p2|Gyarados, L50, M|\n|teampreview|4\nr2vgc has agreed to open team sheets.\n|\n|t:|1683342050\n|start\n|switch|p1a: Breloom|Breloom, L50, F|100\/100\n|switch|p1b: Ting-Lu|Ting-Lu, L50|100\/100\n|switch|p2a: Natters|Maushold-Four, L50|100\/100\n|switch|p2b: Panda|Annihilape, L50, M|100\/100\n|-ability|p1b: Ting-Lu|Vessel of Ruin\n|turn|1\n|\n|t:|1683342074\n|move|p2a: Natters|Follow Me|p2a: Natters\n|-singleturn|p2a: Natters|move: Follow Me\n|move|p1a: Breloom|Spore|p2a: Natters\n|-activate|p2a: Natters|item: Safety Goggles|Spore\n|move|p2b: Panda|Bulk Up|p2b: Panda\n|-boost|p2b: Panda|atk|1\n|-boost|p2b: Panda|def|1\n|move|p1b: Ting-Lu|Fissure|p2a: Natters|[miss]\n|-miss|p1b: Ting-Lu|p2a: Natters\n|\n|upkeep\n|turn|2\n|\n|t:|1683342095\n|move|p2a: Natters|Follow Me|p2a: Natters\n|-singleturn|p2a: Natters|move: Follow Me\n|move|p1a: Breloom|Spore|p2a: Natters\n|-activate|p2a: Natters|item: Safety Goggles|Spore\n|move|p2b: Panda|Bulk Up|p2b: Panda\n|-boost|p2b: Panda|atk|1\n|-boost|p2b: Panda|def|1\n|move|p1b: Ting-Lu|Stomping Tantrum|p2a: Natters\n|-damage|p2a: Natters|25\/100\n|\n|upkeep\n|turn|3\n|\n|t:|1683342111\n|move|p2a: Natters|Follow Me|p2a: Natters\n|-singleturn|p2a: Natters|move: Follow Me\n|move|p1a: Breloom|Mach Punch|p2a: Natters\n|-supereffective|p2a: Natters\n|-damage|p2a: Natters|0 fnt\n|faint|p2a: Natters\n|move|p2b: Panda|Drain Punch|p1b: Ting-Lu\n|-supereffective|p1b: Ting-Lu\n|-damage|p1b: Ting-Lu|38\/100\n|move|p1b: Ting-Lu|Fissure|p2b: Panda\n|-damage|p2b: Panda|0 fnt\n|faint|p2b: Panda\n|-ohko\n|\n|-heal|p1b: Ting-Lu|44\/100|[from] item: Leftovers\n|upkeep\n|\n|t:|1683342128\n|switch|p2a: Murkrow|Murkrow, L50, F|100\/100\n|switch|p2b: Gholdengo|Gholdengo, L50|100\/100\n|turn|4\n|\n|t:|1683342153\n|-terastallize|p2b: Gholdengo|Steel\n|move|p2a: Murkrow|Brave Bird|p1a: Breloom\n|-supereffective|p1a: Breloom\n|-damage|p1a: Breloom|0 fnt\n|faint|p1a: Breloom\n|-damage|p2a: Murkrow|68\/100|[from] Recoil\n|-damage|p2a: Murkrow|59\/100|[from] item: Life Orb\n|move|p2b: Gholdengo|Make It Rain|p1b: Ting-Lu\n|-damage|p1b: Ting-Lu|0 fnt\n|-unboost|p2b: Gholdengo|spa|1\n|faint|p1b: Ting-Lu\n|\n|upkeep\n|\n|t:|1683342170\n|switch|p1a: Bellibolt|Bellibolt, L50, M|100\/100\n|switch|p1b: Pachirisu|Pachirisu, L50, M|100\/100\n|turn|5\n|\n|t:|1683342196\n|move|p2a: Murkrow|Haze|p2a: Murkrow\n|-clearallboost\n|move|p2b: Gholdengo|Make It Rain|p1a: Bellibolt|[spread] p1a,p1b\n|-resisted|p1a: Bellibolt\n|-resisted|p1b: Pachirisu\n|-damage|p1a: Bellibolt|66\/100\n|-damage|p1b: Pachirisu|48\/100\n|-unboost|p2b: Gholdengo|spa|1\n|-start|p1a: Bellibolt|Charge|Make It Rain|[from] ability: Electromorphosis\n|move|p1b: Pachirisu|Super Fang|p2b: Gholdengo\n|-damage|p2b: Gholdengo|50\/100\n|move|p1a: Bellibolt|Parabolic Charge|p2b: Gholdengo|[spread] p2a,p2b\n|-heal|p1b: Pachirisu|72\/100|[from] ability: Volt Absorb|[of] p1a: Bellibolt\n|-supereffective|p2a: Murkrow\n|-damage|p2a: Murkrow|0 fnt\n|-heal|p1a: Bellibolt|85\/100|[from] drain|[of] p2a: Murkrow\n|-damage|p2b: Gholdengo|0 fnt\n|-heal|p1a: Bellibolt|100\/100|[from] drain|[of] p2b: Gholdengo\n|faint|p2a: Murkrow\n|faint|p2b: Gholdengo\n|-end|p1a: Bellibolt|Charge|[silent]\n|\n|win|Reckless Waif\n|raw|Reckless Waif's rating: 1120 → 1147<\/strong> (+27 for winning)\n|raw|r2vgc's rating: 1153 → 1126<\/strong> (-27 for losing)\n","uploadtime":1683342212,"views":15,"p1id":"recklesswaif","p2id":"r2vgc","formatid":"gen9vgc2023regulationc","rating":1126,"private":0,"password":""}