{"id":"gen9vgc2023regulationc-1855183737","p1":"Emberbloom","p2":"Sanghyeon","format":"[Gen 9] VGC 2023 Regulation C","log":"|j|\u2606Emberbloom\n|j|\u2606Sanghyeon\n|t:|1682911821\n|gametype|doubles\n|player|p1|Emberbloom|flannery|1338\n|player|p2|Sanghyeon|blue|1325\n|teamsize|p1|6\n|teamsize|p2|6\n|gen|9\n|tier|[Gen 9] VGC 2023 Regulation C\n|rated|\n|rule|Species Clause: Limit one of each Pok\u00e9mon\n|rule|Item Clause: Limit one of each item\n|clearpoke\n|poke|p1|Corviknight, L50, F|\n|poke|p1|Tyranitar, L50, M|\n|poke|p1|Garchomp, L50, F|\n|poke|p1|Amoonguss, L50, F|\n|poke|p1|Arcanine, L50, F|\n|poke|p1|Iron Bundle, L50|\n|poke|p2|Kingambit, L50, M|\n|poke|p2|Iron Bundle, L50|\n|poke|p2|Flutter Mane, L50|\n|poke|p2|Dragonite, L50, M|\n|poke|p2|Gastrodon-East, L50, F|\n|poke|p2|Corviknight, L50, M|\n|teampreview|4\n|\n|t:|1682911860\n|start\n|switch|p1a: Garchomp|Garchomp, L50, F|100\/100\n|switch|p1b: Tyranitar|Tyranitar, L50, M, shiny|100\/100\n|switch|p2a: Corviknight|Corviknight, L50, M|100\/100\n|switch|p2b: Flutter Mane|Flutter Mane, L50|100\/100\n|-weather|Sandstorm|[from] ability: Sand Stream|[of] p1b: Tyranitar\n|turn|1\n|\n|t:|1682911891\n|-terastallize|p2b: Flutter Mane|Fairy\n|-terastallize|p1a: Garchomp|Fire\n|move|p2b: Flutter Mane|Dazzling Gleam|p1a: Garchomp|[spread] p1a,p1b\n|-resisted|p1a: Garchomp\n|-supereffective|p1b: Tyranitar\n|-damage|p1a: Garchomp|72\/100\n|-damage|p1b: Tyranitar|58\/100\n|move|p1a: Garchomp|Tera Blast|p2a: Corviknight\n|-supereffective|p2a: Corviknight\n|-damage|p2a: Corviknight|39\/100\n|move|p2a: Corviknight|Iron Head|p1b: Tyranitar\n|-supereffective|p1b: Tyranitar\n|-damage|p1b: Tyranitar|14\/100\n|move|p1b: Tyranitar|Heavy Slam|p2b: Flutter Mane\n|-supereffective|p2b: Flutter Mane\n|-damage|p2b: Flutter Mane|0 fnt\n|faint|p2b: Flutter Mane\n|-end|p2b: Flutter Mane|Protosynthesis|[silent]\n|\n|-weather|Sandstorm|[upkeep]\n|upkeep\n|\n|t:|1682911908\n|switch|p2b: Kingambit|Kingambit, L50, M|100\/100\n|turn|2\n|inactive|Battle timer is ON: inactive players will automatically lose when time's up. (requested by Sanghyeon)\n|\n|t:|1682911938\n|switch|p1b: Corviknight|Corviknight, L50, F, shiny|100\/100\n|move|p2b: Kingambit|Sucker Punch||[still]\n|-fail|p2b: Kingambit\n|move|p1a: Garchomp|Tera Blast|p2b: Kingambit\n|-supereffective|p2b: Kingambit\n|-damage|p2b: Kingambit|43\/100\n|move|p2a: Corviknight|Tailwind|p2a: Corviknight\n|-sidestart|p2: Sanghyeon|move: Tailwind\n|\n|-weather|Sandstorm|[upkeep]\n|upkeep\n|turn|3\n|inactive|Emberbloom has 30 seconds left.\n|\n|t:|1682911967\n|switch|p2b: Dragonite|Dragonite, L50, M|100\/100\n|move|p2a: Corviknight|Roost|p2a: Corviknight\n|-heal|p2a: Corviknight|89\/100\n|-singleturn|p2a: Corviknight|move: Roost\n|move|p1a: Garchomp|Tera Blast|p2a: Corviknight\n|-supereffective|p2a: Corviknight\n|-damage|p2a: Corviknight|21\/100\n|move|p1b: Corviknight|Tailwind|p1b: Corviknight\n|-sidestart|p1: Emberbloom|move: Tailwind\n|\n|-weather|Sandstorm|[upkeep]\n|-damage|p2b: Dragonite|95\/100|[from] Sandstorm\n|upkeep\n|turn|4\n|inactive|Sanghyeon has 30 seconds left.\n|\n|t:|1682911998\n|move|p1a: Garchomp|Rock Slide|p2b: Dragonite|[spread] p2a,p2b\n|-supereffective|p2b: Dragonite\n|-damage|p2a: Corviknight|5\/100\n|-damage|p2b: Dragonite|56\/100\n|move|p2b: Dragonite|Earthquake|p1a: Garchomp|[spread] \n|-immune|p2a: Corviknight\n|-immune|p1b: Corviknight\n|-miss|p2b: Dragonite|p1a: Garchomp\n|move|p1b: Corviknight|Taunt|p2a: Corviknight\n|-start|p2a: Corviknight|move: Taunt\n|cant|p2a: Corviknight|move: Taunt|Roost\n|\n|-weather|Sandstorm|[upkeep]\n|-damage|p2b: Dragonite|50\/100|[from] Sandstorm\n|upkeep\n|turn|5\n|\n|t:|1682912013\n|move|p1a: Garchomp|Rock Slide|p2b: Dragonite|[spread] p2a,p2b\n|-supereffective|p2b: Dragonite\n|-crit|p2b: Dragonite\n|-damage|p2a: Corviknight|0 fnt\n|-damage|p2b: Dragonite|0 fnt\n|faint|p2a: Corviknight\n|faint|p2b: Dragonite\n|move|p1b: Corviknight|Brave Bird|p2: Corviknight|[notarget]\n|-fail|p1b: Corviknight\n|\n|-weather|none\n|-sideend|p2: Sanghyeon|move: Tailwind\n|upkeep\n|-message|Sanghyeon forfeited.\n|\n|win|Emberbloom\n|raw|Emberbloom's rating: 1338 → 1357<\/strong> (+19 for winning)\n|raw|Sanghyeon's rating: 1325 → 1306<\/strong> (-19 for losing)\n|l|\u2606Sanghyeon\n","uploadtime":1682912040,"views":23,"p1id":"emberbloom","p2id":"sanghyeon","formatid":"gen9vgc2023regulationc","rating":1306,"private":0,"password":""}