{"id":"gen9vgc2023regulationc-1862818103","p1":"LordBennyG","p2":"LilTic","format":"[Gen 9] VGC 2023 Regulation C","log":"|j|\u2606LordBennyG\n|j|\u2606LilTic\n|t:|1683925329\n|gametype|doubles\n|player|p1|LordBennyG|karen|\n|player|p2|LilTic|ninjaboy|\n|teamsize|p1|6\n|teamsize|p2|6\n|gen|9\n|tier|[Gen 9] VGC 2023 Regulation C\n|rated|Tournament battle\n|rule|Species Clause: Limit one of each Pok\u00e9mon\n|rule|Item Clause: Limit one of each item\n|clearpoke\n|poke|p1|Dondozo, L50, F|\n|poke|p1|Baxcalibur, L50, M|\n|poke|p1|Flutter Mane, L50|\n|poke|p1|Corviknight, L50, F|\n|poke|p1|Arcanine, L50, M|\n|poke|p1|Hariyama, L50, F|\n|poke|p2|Flutter Mane, L50|\n|poke|p2|Glimmora, L50, M|\n|poke|p2|Wo-Chien, L50|\n|poke|p2|Ting-Lu, L50|\n|poke|p2|Chi-Yu, L50|\n|poke|p2|Gyarados, L50, F|\n|teampreview|4\n|raw| Open Team Sheet for LordBennyG<\/summary>Dondozo @ Leftovers Ability: Unaware Level: 50 Tera Type: Grass - Liquidation - Yawn - Fissure - Protect Baxcalibur @ Clear Amulet Ability: Thermal Exchange Level: 50 Tera Type: Poison - Protect - Glaive Rush - Icicle Crash - Ice Shard Flutter Mane @ Booster Energy Ability: Protosynthesis Level: 50 Tera Type: Steel - Protect - Substitute - Moonblast - Shadow Ball Corviknight @ Sitrus Berry Ability: Mirror Armor Level: 50 Tera Type: Dragon - Tailwind - Iron Head - Brave Bird - Roost Arcanine @ Safety Goggles Ability: Intimidate Level: 50 Tera Type: Water - Flare Blitz - Extreme Speed - Will-O-Wisp - Howl Hariyama @ Assault Vest Ability: Thick Fat Level: 50 Tera Type: Steel - Fake Out - Drain Punch - Bullet Punch - Knock Off <\/details><\/div> Open Team Sheet for LilTic<\/summary>Flutter Mane @ Booster Energy Ability: Protosynthesis Level: 50 Tera Type: Fairy - Moonblast - Shadow Ball - Dazzling Gleam - Protect Glimmora @ Focus Sash Ability: Toxic Debris Level: 50 Tera Type: Grass - Power Gem - Earth Power - Mortal Spin - Spiky Shield Wo-Chien @ Leftovers Ability: Tablets of Ruin Level: 50 Tera Type: Poison - Foul Play - Pollen Puff - Leech Seed - Protect Ting-Lu @ Assault Vest Ability: Vessel of Ruin Level: 50 Tera Type: Water - Ruination - Sand Tomb - Heavy Slam - Earthquake Chi-Yu @ Choice Specs Ability: Beads of Ruin Level: 50 Tera Type: Water - Heat Wave - Overheat - Dark Pulse - Tera Blast Gyarados @ Sitrus Berry Ability: Intimidate Level: 50 Tera Type: Steel - Waterfall - Thunder Wave - Taunt - Iron Head <\/details><\/div>\n|\n|t:|1683925420\n|start\n|switch|p1a: Flutter Mane|Flutter Mane, L50|100\/100\n|switch|p1b: Hariyama|Hariyama, L50, F|100\/100\n|switch|p2a: Glimmora|Glimmora, L50, M|100\/100\n|switch|p2b: Ting-Lu|Ting-Lu, L50|100\/100\n|-ability|p2b: Ting-Lu|Vessel of Ruin\n|-enditem|p1a: Flutter Mane|Booster Energy\n|-activate|p1a: Flutter Mane|ability: Protosynthesis|[fromitem]\n|-start|p1a: Flutter Mane|protosynthesisspa\n|turn|1\n|\n|t:|1683925457\n|switch|p1b: Corviknight|Corviknight, L50, F|100\/100\n|move|p2a: Glimmora|Spiky Shield|p2a: Glimmora\n|-singleturn|p2a: Glimmora|move: Protect\n|move|p1a: Flutter Mane|Substitute|p1a: Flutter Mane\n|-start|p1a: Flutter Mane|Substitute\n|-damage|p1a: Flutter Mane|76\/100\n|move|p2b: Ting-Lu|Earthquake|p1a: Flutter Mane|[spread] p1a\n|-activate|p2a: Glimmora|move: Protect\n|-immune|p1b: Corviknight\n|-end|p1a: Flutter Mane|Substitute\n|\n|upkeep\n|turn|2\n|\n|t:|1683925501\n|switch|p2a: Wo-Chien|Wo-Chien, L50|100\/100\n|-ability|p2a: Wo-Chien|Tablets of Ruin\n|move|p1a: Flutter Mane|Moonblast|p2b: Ting-Lu\n|-supereffective|p2b: Ting-Lu\n|-crit|p2b: Ting-Lu\n|-damage|p2b: Ting-Lu|36\/100\n|-unboost|p2b: Ting-Lu|spa|1\n|move|p1b: Corviknight|Brave Bird|p2b: Ting-Lu\n|-damage|p2b: Ting-Lu|19\/100\n|-damage|p1b: Corviknight|94\/100|[from] Recoil\n|move|p2b: Ting-Lu|Heavy Slam|p1a: Flutter Mane\n|-supereffective|p1a: Flutter Mane\n|-crit|p1a: Flutter Mane\n|-damage|p1a: Flutter Mane|0 fnt\n|faint|p1a: Flutter Mane\n|-end|p1a: Flutter Mane|Protosynthesis|[silent]\n|\n|upkeep\n|\n|t:|1683925536\n|switch|p1a: Hariyama|Hariyama, L50, F|100\/100\n|turn|3\n|\n|t:|1683925562\n|move|p1a: Hariyama|Fake Out|p2a: Wo-Chien\n|-damage|p2a: Wo-Chien|93\/100\n|move|p1b: Corviknight|Brave Bird|p2b: Ting-Lu\n|-damage|p2b: Ting-Lu|2\/100\n|-damage|p1b: Corviknight|86\/100|[from] Recoil\n|cant|p2a: Wo-Chien|flinch\n|move|p2b: Ting-Lu|Ruination|p1b: Corviknight\n|-damage|p1b: Corviknight|43\/100\n|-enditem|p1b: Corviknight|Sitrus Berry|[eat]\n|-heal|p1b: Corviknight|68\/100|[from] item: Sitrus Berry\n|\n|-heal|p2a: Wo-Chien|99\/100|[from] item: Leftovers\n|upkeep\n|turn|4\n|\n|t:|1683925588\n|move|p1b: Corviknight|Brave Bird|p2b: Ting-Lu\n|-damage|p2b: Ting-Lu|0 fnt\n|faint|p2b: Ting-Lu\n|-damage|p1b: Corviknight|68\/100|[from] Recoil\n|move|p2a: Wo-Chien|Foul Play|p1b: Corviknight\n|-damage|p1b: Corviknight|41\/100\n|move|p1a: Hariyama|Knock Off|p2a: Wo-Chien\n|-resisted|p2a: Wo-Chien\n|-damage|p2a: Wo-Chien|90\/100\n|-enditem|p2a: Wo-Chien|Leftovers|[from] move: Knock Off|[of] p1a: Hariyama\n|\n|upkeep\n|\n|t:|1683925595\n|switch|p2b: Glimmora|Glimmora, L50, M|100\/100\n|turn|5\n|\n|t:|1683925617\n|-terastallize|p1a: Hariyama|Steel\n|move|p2b: Glimmora|Spiky Shield|p2b: Glimmora\n|-singleturn|p2b: Glimmora|move: Protect\n|move|p1b: Corviknight|Roost|p1b: Corviknight\n|-heal|p1b: Corviknight|91\/100\n|-singleturn|p1b: Corviknight|move: Roost\n|move|p2a: Wo-Chien|Leech Seed|p1a: Hariyama\n|-start|p1a: Hariyama|move: Leech Seed\n|move|p1a: Hariyama|Drain Punch|p2a: Wo-Chien\n|-supereffective|p2a: Wo-Chien\n|-damage|p2a: Wo-Chien|48\/100\n|\n|-damage|p1a: Hariyama|88\/100|[from] Leech Seed|[of] p2a: Wo-Chien\n|-heal|p2a: Wo-Chien|64\/100|[silent]\n|upkeep\n|turn|6\n|\n|t:|1683925639\n|switch|p1a: Dondozo|Dondozo, L50, F|100\/100\n|-terastallize|p2a: Wo-Chien|Poison\n|move|p2b: Glimmora|Earth Power|p1a: Dondozo\n|-damage|p1a: Dondozo|78\/100\n|move|p1b: Corviknight|Brave Bird|p2a: Wo-Chien\n|-damage|p2a: Wo-Chien|36\/100\n|-damage|p1b: Corviknight|82\/100|[from] Recoil\n|move|p2a: Wo-Chien|Leech Seed|p1b: Corviknight|[miss]\n|-miss|p2a: Wo-Chien|p1b: Corviknight\n|\n|-heal|p1a: Dondozo|84\/100|[from] item: Leftovers\n|upkeep\n|turn|7\n|\n|t:|1683925663\n|move|p2b: Glimmora|Mortal Spin|p1a: Dondozo|[spread] p1a\n|-immune|p1b: Corviknight\n|-damage|p1a: Dondozo|82\/100\n|-status|p1a: Dondozo|psn\n|move|p1b: Corviknight|Brave Bird|p2a: Wo-Chien\n|-damage|p2a: Wo-Chien|9\/100\n|-damage|p1b: Corviknight|74\/100|[from] Recoil\n|move|p2a: Wo-Chien|Leech Seed|p1a: Dondozo\n|-start|p1a: Dondozo|move: Leech Seed\n|move|p1a: Dondozo|Liquidation|p2a: Wo-Chien\n|-damage|p2a: Wo-Chien|0 fnt\n|faint|p2a: Wo-Chien\n|\n|-heal|p1a: Dondozo|88\/100 psn|[from] item: Leftovers\n|-damage|p1a: Dondozo|76\/100 psn|[from] psn\n|upkeep\n|\n|t:|1683925675\n|switch|p2a: Gyarados|Gyarados, L50, F|100\/100\n|-ability|p2a: Gyarados|Intimidate|boost\n|-unboost|p1a: Dondozo|atk|1\n|-ability|p1b: Corviknight|Mirror Armor\n|-unboost|p2a: Gyarados|atk|1\n|turn|8\n|\n|t:|1683925691\n|switch|p1a: Hariyama|Hariyama, L50, F, tera:Steel|88\/100\n|move|p2b: Glimmora|Power Gem|p1b: Corviknight\n|-damage|p1b: Corviknight|38\/100\n|move|p1b: Corviknight|Tailwind|p1b: Corviknight\n|-sidestart|p1: LordBennyG|move: Tailwind\n|move|p2a: Gyarados|Thunder Wave|p1b: Corviknight\n|-status|p1b: Corviknight|par\n|\n|upkeep\n|turn|9\n|\n|t:|1683925721\n|move|p2b: Glimmora|Spiky Shield|p2b: Glimmora\n|-singleturn|p2b: Glimmora|move: Protect\n|move|p1a: Hariyama|Fake Out|p2b: Glimmora\n|-activate|p2b: Glimmora|move: Protect\n|-damage|p1a: Hariyama|76\/100|[from] Spiky Shield|[of] p2b: Glimmora\n|move|p2a: Gyarados|Waterfall|p1b: Corviknight\n|-damage|p1b: Corviknight|17\/100 par\n|move|p1b: Corviknight|Roost|p1b: Corviknight\n|-heal|p1b: Corviknight|67\/100 par\n|-singleturn|p1b: Corviknight|move: Roost\n|\n|upkeep\n|turn|10\n|j| Lil Danechi\n|\n|t:|1683925731\n|move|p1a: Hariyama|Bullet Punch|p2b: Glimmora\n|-supereffective|p2b: Glimmora\n|-damage|p2b: Glimmora|55\/100\n|-activate|p2b: Glimmora|ability: Toxic Debris\n|-sidestart|p1: LordBennyG|move: Toxic Spikes\n|move|p2b: Glimmora|Earth Power|p1a: Hariyama\n|-supereffective|p1a: Hariyama\n|-damage|p1a: Hariyama|35\/100\n|move|p1b: Corviknight|Iron Head|p2b: Glimmora\n|-supereffective|p2b: Glimmora\n|-damage|p2b: Glimmora|0 fnt\n|-activate|p2b: Glimmora|ability: Toxic Debris\n|-sidestart|p1: LordBennyG|move: Toxic Spikes\n|faint|p2b: Glimmora\n|move|p2a: Gyarados|Thunder Wave|p1a: Hariyama\n|-status|p1a: Hariyama|par\n|\n|upkeep\n|turn|11\n|j| maria ward\n|\n|t:|1683925757\n|cant|p1b: Corviknight|par\n|move|p2a: Gyarados|Waterfall|p1a: Hariyama\n|-damage|p1a: Hariyama|14\/100 par\n|cant|p1a: Hariyama|flinch\n|\n|-sideend|p1: LordBennyG|move: Tailwind\n|upkeep\n|turn|12\n|\n|t:|1683925779\n|move|p2a: Gyarados|Waterfall|p1a: Hariyama\n|-damage|p1a: Hariyama|0 fnt\n|faint|p1a: Hariyama\n|move|p1b: Corviknight|Tailwind|p1b: Corviknight\n|-sidestart|p1: LordBennyG|move: Tailwind\n|\n|upkeep\n|\n|t:|1683925783\n|switch|p1a: Dondozo|Dondozo, L50, F|76\/100 psn\n|turn|13\n|\n|t:|1683925795\n|move|p1a: Dondozo|Yawn|p2a: Gyarados\n|-start|p2a: Gyarados|move: Yawn|[of] p1a: Dondozo\n|move|p2a: Gyarados|Taunt|p1a: Dondozo\n|-start|p1a: Dondozo|move: Taunt\n|move|p1b: Corviknight|Roost|p1b: Corviknight\n|-heal|p1b: Corviknight|100\/100 par\n|-singleturn|p1b: Corviknight|move: Roost\n|\n|-heal|p1a: Dondozo|82\/100 psn|[from] item: Leftovers\n|-damage|p1a: Dondozo|70\/100 psn|[from] psn\n|upkeep\n|turn|14\n|\n|t:|1683925804\n|move|p1a: Dondozo|Liquidation|p2a: Gyarados\n|-resisted|p2a: Gyarados\n|-damage|p2a: Gyarados|87\/100\n|move|p2a: Gyarados|Waterfall|p1b: Corviknight\n|-damage|p1b: Corviknight|81\/100 par\n|move|p1b: Corviknight|Brave Bird|p2a: Gyarados\n|-damage|p2a: Gyarados|46\/100\n|-enditem|p2a: Gyarados|Sitrus Berry|[eat]\n|-heal|p2a: Gyarados|70\/100|[from] item: Sitrus Berry\n|-damage|p1b: Corviknight|67\/100 par|[from] Recoil\n|\n|-heal|p1a: Dondozo|76\/100 psn|[from] item: Leftovers\n|-damage|p1a: Dondozo|63\/100 psn|[from] psn\n|-end|p2a: Gyarados|move: Yawn|[silent]\n|-status|p2a: Gyarados|slp\n|upkeep\n|turn|15\n|\n|t:|1683925814\n|move|p1a: Dondozo|Liquidation|p2a: Gyarados\n|-resisted|p2a: Gyarados\n|-damage|p2a: Gyarados|56\/100 slp\n|cant|p2a: Gyarados|slp\n|cant|p1b: Corviknight|par\n|\n|-heal|p1a: Dondozo|70\/100 psn|[from] item: Leftovers\n|-damage|p1a: Dondozo|57\/100 psn|[from] psn\n|-sideend|p1: LordBennyG|move: Tailwind\n|upkeep\n|turn|16\n|\n|t:|1683925832\n|-curestatus|p2a: Gyarados|slp|[msg]\n|move|p2a: Gyarados|Waterfall|p1b: Corviknight\n|-damage|p1b: Corviknight|49\/100 par\n|move|p1a: Dondozo|Liquidation|p2a: Gyarados\n|-resisted|p2a: Gyarados\n|-damage|p2a: Gyarados|43\/100\n|cant|p1b: Corviknight|par\n|\n|-heal|p1a: Dondozo|63\/100 psn|[from] item: Leftovers\n|-damage|p1a: Dondozo|51\/100 psn|[from] psn\n|-end|p1a: Dondozo|move: Taunt\n|upkeep\n|turn|17\n|\n|t:|1683925843\n|move|p2a: Gyarados|Taunt|p1a: Dondozo\n|-start|p1a: Dondozo|move: Taunt\n|cant|p1a: Dondozo|move: Taunt|Yawn\n|move|p1b: Corviknight|Tailwind|p1b: Corviknight\n|-sidestart|p1: LordBennyG|move: Tailwind\n|\n|-heal|p1a: Dondozo|57\/100 psn|[from] item: Leftovers\n|-damage|p1a: Dondozo|45\/100 psn|[from] psn\n|upkeep\n|turn|18\n|\n|t:|1683925850\n|move|p1a: Dondozo|Liquidation|p2a: Gyarados\n|-resisted|p2a: Gyarados\n|-damage|p2a: Gyarados|29\/100\n|move|p2a: Gyarados|Waterfall|p1b: Corviknight\n|-crit|p1b: Corviknight\n|-damage|p1b: Corviknight|5\/100 par\n|move|p1b: Corviknight|Roost|p1b: Corviknight\n|-heal|p1b: Corviknight|56\/100 par\n|-singleturn|p1b: Corviknight|move: Roost\n|\n|-heal|p1a: Dondozo|51\/100 psn|[from] item: Leftovers\n|-damage|p1a: Dondozo|38\/100 psn|[from] psn\n|upkeep\n|turn|19\n|\n|t:|1683925880\n|move|p1a: Dondozo|Liquidation|p2a: Gyarados\n|-resisted|p2a: Gyarados\n|-damage|p2a: Gyarados|16\/100\n|move|p2a: Gyarados|Waterfall|p1b: Corviknight\n|-crit|p1b: Corviknight\n|-damage|p1b: Corviknight|10\/100 par\n|move|p1b: Corviknight|Roost|p1b: Corviknight\n|-heal|p1b: Corviknight|61\/100 par\n|-singleturn|p1b: Corviknight|move: Roost\n|\n|-heal|p1a: Dondozo|45\/100 psn|[from] item: Leftovers\n|-damage|p1a: Dondozo|32\/100 psn|[from] psn\n|-end|p1a: Dondozo|move: Taunt\n|upkeep\n|turn|20\n|\n|t:|1683925899\n|move|p1a: Dondozo|Yawn|p2a: Gyarados\n|-start|p2a: Gyarados|move: Yawn|[of] p1a: Dondozo\n|move|p2a: Gyarados|Waterfall|p1b: Corviknight\n|-damage|p1b: Corviknight|41\/100 par\n|cant|p1b: Corviknight|flinch\n|\n|-heal|p1a: Dondozo|38\/100 psn|[from] item: Leftovers\n|-damage|p1a: Dondozo|26\/100 psn|[from] psn\n|-sideend|p1: LordBennyG|move: Tailwind\n|upkeep\n|turn|21\n|\n|t:|1683925912\n|move|p2a: Gyarados|Waterfall|p1a: Dondozo\n|-resisted|p1a: Dondozo\n|-damage|p1a: Dondozo|16\/100 psn\n|cant|p1a: Dondozo|flinch\n|move|p1b: Corviknight|Brave Bird|p2a: Gyarados\n|-damage|p2a: Gyarados|0 fnt\n|faint|p2a: Gyarados\n|-damage|p1b: Corviknight|36\/100 par|[from] Recoil\n|\n|win|LordBennyG\n|n|\u2606LordBennyG|lordbennyg\n|n|\u2606LilTic|liltic\n|n| Lil Danechi|lildanechi\n|n| maria ward|mariaward\n|c|\u2606LilTic|gg\n|l|\u2606LilTic\n|l| Lil Danechi\n|l| maria ward\n","uploadtime":1683927414,"views":5,"p1id":"lordbennyg","p2id":"liltic","formatid":"gen9vgc2023regulationc","rating":0,"private":0,"password":""}