{"id":"gen9vgc2023regulationc-1847079583","p1":"tukeydukey","p2":"jchemmy","format":"[Gen 9] VGC 2023 Regulation C","log":"|j|\u2606tukeydukey\n|j|\u2606jchemmy\n|t:|1681917381\n|gametype|doubles\n|player|p1|tukeydukey|elesa|1158\n|player|p2|jchemmy|brock|1201\n|teamsize|p1|6\n|teamsize|p2|6\n|gen|9\n|tier|[Gen 9] VGC 2023 Regulation C\n|rated|\n|rule|Species Clause: Limit one of each Pok\u00e9mon\n|rule|Item Clause: Limit one of each item\n|clearpoke\n|poke|p1|Pelipper, L50, F|\n|poke|p1|Palafin, L50, M|\n|poke|p1|Glimmora, L50, M|\n|poke|p1|Wo-Chien, L50|\n|poke|p1|Flutter Mane, L50|\n|poke|p1|Rotom-Wash, L50|\n|poke|p2|Dragonite, L50, M|\n|poke|p2|Flutter Mane, L50|\n|poke|p2|Arcanine, L50, M|\n|poke|p2|Palafin, L50, F|\n|poke|p2|Amoonguss, L50, F|\n|poke|p2|Chien-Pao, L50|\n|teampreview|4\n|inactive|Battle timer is ON: inactive players will automatically lose when time's up. (requested by jchemmy)\njchemmy has agreed to open team sheets.\ntukeydukey has agreed to open team sheets.\n|inactive|tukeydukey has 60 seconds left.\n|\n|t:|1681917413\n|start\n|switch|p1a: Pelipper|Pelipper, L50, F|100\/100\n|switch|p1b: Flutter Mane|Flutter Mane, L50|100\/100\n|switch|p2a: Dragonite|Dragonite, L50, M|100\/100\n|switch|p2b: Palafin|Palafin, L50, F|100\/100\n|-weather|RainDance|[from] ability: Drizzle|[of] p1a: Pelipper\n|-enditem|p1b: Flutter Mane|Booster Energy\n|-activate|p1b: Flutter Mane|ability: Protosynthesis|[fromitem]\n|-start|p1b: Flutter Mane|protosynthesisspe\n|turn|1\n|inactive|tukeydukey has 30 seconds left.\n|\n|t:|1681917442\n|-end|p1b: Flutter Mane|Protosynthesis|[silent]\n|switch|p1b: Wo-Chien|Wo-Chien, L50|100\/100\n|-ability|p1b: Wo-Chien|Tablets of Ruin\n|detailschange|p2b: Palafin|Palafin-Hero, L50, F\n|switch|p2b: Chien-Pao|Chien-Pao, L50|100\/100\n|-ability|p2b: Chien-Pao|Sword of Ruin\n|-terastallize|p2a: Dragonite|Flying\n|move|p1a: Pelipper|Tailwind|p1a: Pelipper\n|-sidestart|p1: tukeydukey|move: Tailwind\n|move|p2a: Dragonite|Tailwind|p2a: Dragonite\n|-sidestart|p2: jchemmy|move: Tailwind\n|\n|-weather|RainDance|[upkeep]\n|upkeep\n|turn|2\n|inactive|tukeydukey has 30 seconds left.\n|inactive|jchemmy has 30 seconds left.\n|\n|t:|1681917472\n|-terastallize|p1b: Wo-Chien|Poison\n|move|p2b: Chien-Pao|Ice Spinner|p1b: Wo-Chien\n|-damage|p1b: Wo-Chien|75\/100\n|move|p1a: Pelipper|Hurricane|p2a: Dragonite\n|-damage|p2a: Dragonite|75\/100\n|move|p2a: Dragonite|Tera Blast|p1b: Wo-Chien\n|-damage|p1b: Wo-Chien|30\/100\n|move|p1b: Wo-Chien|Leech Seed|p2a: Dragonite\n|-start|p2a: Dragonite|move: Leech Seed\n|\n|-weather|RainDance|[upkeep]\n|-heal|p1b: Wo-Chien|36\/100|[from] item: Leftovers\n|-damage|p2a: Dragonite|63\/100|[from] Leech Seed|[of] p1b: Wo-Chien\n|-heal|p1b: Wo-Chien|48\/100|[silent]\n|upkeep\n|turn|3\n|\n|t:|1681917496\n|move|p1b: Wo-Chien|Protect|p1b: Wo-Chien\n|-singleturn|p1b: Wo-Chien|Protect\n|move|p2a: Dragonite|Extreme Speed|p1a: Pelipper\n|-damage|p1a: Pelipper|56\/100\n|move|p2b: Chien-Pao|Ice Spinner|p1a: Pelipper\n|-damage|p1a: Pelipper|6\/100\n|move|p1a: Pelipper|Hurricane|p2b: Chien-Pao\n|-damage|p2b: Chien-Pao|13\/100\n|\n|-weather|RainDance|[upkeep]\n|-heal|p1b: Wo-Chien|55\/100|[from] item: Leftovers\n|-damage|p2a: Dragonite|51\/100|[from] Leech Seed|[of] p1b: Wo-Chien\n|-heal|p1b: Wo-Chien|67\/100|[silent]\n|upkeep\n|turn|4\n|inactive|tukeydukey has 30 seconds left.\n|\n|t:|1681917523\n|switch|p1a: Palafin|Palafin, L50, M|100\/100\n|switch|p2a: Palafin|Palafin-Hero, L50, F|100\/100\n|-activate|p2a: Palafin|ability: Zero to Hero\n|move|p2b: Chien-Pao|Protect|p2b: Chien-Pao\n|-singleturn|p2b: Chien-Pao|Protect\n|move|p1b: Wo-Chien|Pollen Puff|p2b: Chien-Pao\n|-activate|p2b: Chien-Pao|move: Protect\n|\n|-weather|RainDance|[upkeep]\n|-heal|p1b: Wo-Chien|73\/100|[from] item: Leftovers\n|-sideend|p2: jchemmy|move: Tailwind\n|-sideend|p1: tukeydukey|move: Tailwind\n|upkeep\n|turn|5\n|\n|t:|1681917544\n|switch|p2b: Amoonguss|Amoonguss, L50, F|100\/100\n|detailschange|p1a: Palafin|Palafin-Hero, L50, M\n|switch|p1a: Pelipper|Pelipper, L50, F|6\/100\n|move|p2a: Palafin|Wave Crash|p1b: Wo-Chien\n|-damage|p1b: Wo-Chien|0 fnt\n|faint|p1b: Wo-Chien\n|-damage|p2a: Palafin|78\/100|[from] Recoil\n|\n|-weather|RainDance|[upkeep]\n|upkeep\n|\n|t:|1681917550\n|switch|p1b: Flutter Mane|Flutter Mane, L50|100\/100\n|turn|6\n|\n|t:|1681917560\n|switch|p1a: Palafin|Palafin-Hero, L50, M|100\/100\n|-activate|p1a: Palafin|ability: Zero to Hero\n|move|p1b: Flutter Mane|Protect|p1b: Flutter Mane\n|-singleturn|p1b: Flutter Mane|Protect\n|move|p2a: Palafin|Jet Punch|p1a: Palafin\n|-resisted|p1a: Palafin\n|-damage|p1a: Palafin|68\/100\n|move|p2b: Amoonguss|Spore|p1b: Flutter Mane\n|-activate|p1b: Flutter Mane|move: Protect\n|\n|-weather|RainDance|[upkeep]\n|upkeep\n|turn|7\n|\n|t:|1681917586\n|move|p2b: Amoonguss|Protect|p2b: Amoonguss\n|-singleturn|p2b: Amoonguss|Protect\n|move|p1b: Flutter Mane|Shadow Ball|p2b: Amoonguss\n|-activate|p2b: Amoonguss|move: Protect\n|move|p2a: Palafin|Wave Crash|p1b: Flutter Mane\n|-damage|p1b: Flutter Mane|0 fnt\n|faint|p1b: Flutter Mane\n|-end|p1b: Flutter Mane|Protosynthesis|[silent]\n|-damage|p2a: Palafin|56\/100|[from] Recoil\n|move|p1a: Palafin|Wave Crash|p2b: Amoonguss\n|-activate|p2b: Amoonguss|move: Protect\n|\n|-weather|RainDance|[upkeep]\n|upkeep\n|\n|t:|1681917588\n|switch|p1b: Pelipper|Pelipper, L50, F|6\/100\n|turn|8\n|inactive|jchemmy has 30 seconds left.\n|inactive|jchemmy has 20 seconds left.\n|\n|t:|1681917623\n|move|p1b: Pelipper|Protect|p1b: Pelipper\n|-singleturn|p1b: Pelipper|Protect\n|move|p2a: Palafin|Jet Punch|p1b: Pelipper\n|-activate|p1b: Pelipper|move: Protect\n|move|p1a: Palafin|Wave Crash|p2a: Palafin\n|-resisted|p2a: Palafin\n|-damage|p2a: Palafin|0 fnt\n|faint|p2a: Palafin\n|-damage|p1a: Palafin|49\/100|[from] Recoil\n|move|p2b: Amoonguss|Spore|p1a: Palafin\n|-status|p1a: Palafin|slp|[from] move: Spore\n|\n|-weather|none\n|upkeep\n|\n|t:|1681917629\n|switch|p2a: Dragonite|Dragonite, L50, M, tera:Flying|51\/100\n|turn|9\n|\n|t:|1681917651\n|move|p2a: Dragonite|Extreme Speed|p1b: Pelipper\n|-damage|p1b: Pelipper|0 fnt\n|faint|p1b: Pelipper\n|cant|p1a: Palafin|slp\n|move|p2b: Amoonguss|Pollen Puff|p2a: Dragonite\n|-heal|p2a: Dragonite|100\/100\n|\n|upkeep\n|turn|10\n|-message|tukeydukey forfeited.\n|\n|win|jchemmy\n|raw|tukeydukey's rating: 1158 → 1136<\/strong> (-22 for losing)\n|raw|jchemmy's rating: 1201 → 1223<\/strong> (+22 for winning)\n","uploadtime":1681917659,"views":7,"p1id":"tukeydukey","p2id":"jchemmy","formatid":"gen9vgc2023regulationc","rating":1136,"private":0,"password":""}