{"id":"gen9vgc2023regulationc-1860754570","p1":"Sukiyaki Eater","p2":"maverick8","format":"[Gen 9] VGC 2023 Regulation C","log":"|j|\u2606Sukiyaki Eater\n|j|\u2606maverick8\n|t:|1683673869\n|gametype|doubles\n|player|p1|Sukiyaki Eater|266|1248\n|player|p2|maverick8|plasmagrunt|1291\n|teamsize|p1|6\n|teamsize|p2|6\n|gen|9\n|tier|[Gen 9] VGC 2023 Regulation C\n|rated|\n|rule|Species Clause: Limit one of each Pok\u00e9mon\n|rule|Item Clause: Limit one of each item\n|clearpoke\n|poke|p1|Dondozo, L50, M|\n|poke|p1|Glimmora, L50, F|\n|poke|p1|Tatsugiri, L50, M|\n|poke|p1|Mimikyu, L50, M|\n|poke|p1|Arcanine, L50, M|\n|poke|p1|Pelipper, L50, F|\n|poke|p2|Azumarill, L50, F|\n|poke|p2|Arcanine, L50, M|\n|poke|p2|Amoonguss, L50, M|\n|poke|p2|Dragonite, L50, F|\n|poke|p2|Chien-Pao, L50|\n|poke|p2|Flutter Mane, L50|\n|teampreview|4\n|inactive|Battle timer is ON: inactive players will automatically lose when time's up. (requested by maverick8)\n|\n|t:|1683673901\n|start\n|switch|p1a: Pelipper|Pelipper, L50, F|100\/100\n|switch|p1b: Dondozo|Dondozo, L50, M|100\/100\n|switch|p2a: Flutter Mane|Flutter Mane, L50|100\/100\n|switch|p2b: Amoonguss|Amoonguss, L50, M, shiny|100\/100\n|-weather|RainDance|[from] ability: Drizzle|[of] p1a: Pelipper\n|-enditem|p2a: Flutter Mane|Booster Energy\n|-activate|p2a: Flutter Mane|ability: Protosynthesis|[fromitem]\n|-start|p2a: Flutter Mane|protosynthesisspe\n|turn|1\n|inactive|maverick8 has 30 seconds left.\n|\n|t:|1683673927\n|-terastallize|p2b: Amoonguss|Water\n|move|p2a: Flutter Mane|Protect|p2a: Flutter Mane\n|-singleturn|p2a: Flutter Mane|Protect\n|move|p1b: Dondozo|Protect|p1b: Dondozo\n|-singleturn|p1b: Dondozo|Protect\n|move|p1a: Pelipper|Hurricane|p2b: Amoonguss\n|-damage|p2b: Amoonguss|58\/100\n|move|p2b: Amoonguss|Spore|p1b: Dondozo\n|-activate|p1b: Dondozo|move: Protect\n|\n|-weather|RainDance|[upkeep]\n|upkeep\n|turn|2\n|inactive|Sukiyaki Eater has 30 seconds left.\n|inactive|Sukiyaki Eater has 20 seconds left.\n|inactive|Sukiyaki Eater has 15 seconds left.\n|\n|t:|1683673971\n|switch|p1a: Tatsugiri|Tatsugiri, L50, M|100\/100\n|-activate|p1a: Tatsugiri|ability: Commander|[of] p1b: Dondozo\n|-boost|p1b: Dondozo|atk|2\n|-boost|p1b: Dondozo|spa|2\n|-boost|p1b: Dondozo|spe|2\n|-boost|p1b: Dondozo|def|2\n|-boost|p1b: Dondozo|spd|2\n|move|p2a: Flutter Mane|Substitute|p2a: Flutter Mane\n|-start|p2a: Flutter Mane|Substitute\n|-damage|p2a: Flutter Mane|76\/100\n|move|p1b: Dondozo|Wave Crash|p2b: Amoonguss\n|-resisted|p2b: Amoonguss\n|-damage|p2b: Amoonguss|0 fnt\n|faint|p2b: Amoonguss\n|-damage|p1b: Dondozo|82\/100|[from] Recoil\n|\n|-weather|RainDance|[upkeep]\n|-heal|p1b: Dondozo|88\/100|[from] item: Leftovers\n|upkeep\n|\n|t:|1683673986\n|switch|p2b: Chien-Pao|Chien-Pao, L50|100\/100\n|-ability|p2b: Chien-Pao|Sword of Ruin\n|turn|3\n|\n|t:|1683673995\n|move|p2a: Flutter Mane|Protect|p2a: Flutter Mane\n|-singleturn|p2a: Flutter Mane|Protect\n|move|p2b: Chien-Pao|Haze|p2b: Chien-Pao\n|-clearallboost\n|move|p1b: Dondozo|Earthquake|p2b: Chien-Pao|[spread] p2b\n|-miss|p1b: Dondozo|p1a: Tatsugiri\n|-activate|p2a: Flutter Mane|move: Protect\n|-damage|p2b: Chien-Pao|72\/100\n|\n|-weather|RainDance|[upkeep]\n|-heal|p1b: Dondozo|94\/100|[from] item: Leftovers\n|upkeep\n|turn|4\n|\n|t:|1683674013\n|switch|p2b: Azumarill|Azumarill, L50, F|100\/100\n|move|p2a: Flutter Mane|Moonblast|p1b: Dondozo\n|-damage|p1b: Dondozo|50\/100\n|-unboost|p1b: Dondozo|spa|1\n|move|p1b: Dondozo|Order Up|p2b: Azumarill\n|-immune|p2b: Azumarill\n|\n|-weather|RainDance|[upkeep]\n|-heal|p1b: Dondozo|57\/100|[from] item: Leftovers\n|upkeep\n|turn|5\n|-message|Sukiyaki Eater forfeited.\n|\n|win|maverick8\n|raw|Sukiyaki Eater's rating: 1248 → 1226<\/strong> (-22 for losing)\n|raw|maverick8's rating: 1291 → 1313<\/strong> (+22 for winning)\n|l|\u2606Sukiyaki Eater\n","uploadtime":1683674033,"views":18,"p1id":"sukiyakieater","p2id":"maverick8","formatid":"gen9vgc2023regulationc","rating":1226,"private":0,"password":""}