{"id":"gen9vgc2023regulationc-1857240507","p1":"Riverss1","p2":"Blackth0rn","format":"[Gen 9] VGC 2023 Regulation C","log":"|j|\u2606Riverss1\n|j|\u2606Blackth0rn\n|t:|1683162205\n|gametype|doubles\n|player|p1|Riverss1|koga|1423\n|player|p2|Blackth0rn|ghetsis|1475\n|teamsize|p1|6\n|teamsize|p2|6\n|gen|9\n|tier|[Gen 9] VGC 2023 Regulation C\n|rated|\n|rule|Species Clause: Limit one of each Pok\u00e9mon\n|rule|Item Clause: Limit one of each item\n|clearpoke\n|poke|p1|Rotom-Heat, L50|\n|poke|p1|Oranguru, L50, F|\n|poke|p1|Ting-Lu, L50|\n|poke|p1|Clawitzer, L50, M|\n|poke|p1|Maushold-Four, L50|\n|poke|p1|Annihilape, L50, M|\n|poke|p2|Abomasnow, L50, M|\n|poke|p2|Iron Bundle, L50|\n|poke|p2|Arcanine, L50, M|\n|poke|p2|Flutter Mane, L50|\n|poke|p2|Iron Hands, L50|\n|poke|p2|Dragonite, L50, F|\n|teampreview|4\nBlackth0rn has agreed to open team sheets.\n|\n|t:|1683162238\n|start\n|switch|p1a: Maushold|Maushold-Four, L50, shiny|100\/100\n|switch|p1b: Annihilape|Annihilape, L50, M|100\/100\n|switch|p2a: Iron Hands|Iron Hands, L50|100\/100\n|switch|p2b: Abomasnow|Abomasnow, L50, M|100\/100\n|-weather|Snow|[from] ability: Snow Warning|[of] p2b: Abomasnow\n|turn|1\n|inactive|Battle timer is ON: inactive players will automatically lose when time's up. (requested by Riverss1)\n|inactive|Blackth0rn has 60 seconds left.\n|\n|t:|1683162270\n|move|p1a: Maushold|Beat Up|p1b: Annihilape\n|-damage|p1b: Annihilape|96\/100\n|-damage|p1b: Annihilape|89\/100\n|-damage|p1b: Annihilape|85\/100\n|-damage|p1b: Annihilape|80\/100\n|-hitcount|p1b: Annihilape|4\n|move|p1b: Annihilape|Rage Fist|p2a: Iron Hands\n|-damage|p2a: Iron Hands|22\/100\n|-enditem|p2a: Iron Hands|Sitrus Berry|[eat]\n|-heal|p2a: Iron Hands|47\/100|[from] item: Sitrus Berry\n|move|p2b: Abomasnow|Aurora Veil|p2b: Abomasnow\n|-sidestart|p2: Blackth0rn|move: Aurora Veil\n|move|p2a: Iron Hands|Swords Dance|p2a: Iron Hands\n|-boost|p2a: Iron Hands|atk|2\n|\n|-weather|Snow|[upkeep]\n|-heal|p1b: Annihilape|86\/100|[from] item: Leftovers\n|upkeep\n|turn|2\n|inactive|Riverss1 has 30 seconds left.\n|\n|t:|1683162299\n|-terastallize|p1b: Annihilape|Fire\n|move|p1a: Maushold|Population Bomb|p2a: Iron Hands\n|-damage|p2a: Iron Hands|41\/100\n|-damage|p2a: Iron Hands|36\/100\n|-crit|p2a: Iron Hands\n|-damage|p2a: Iron Hands|24\/100\n|-damage|p2a: Iron Hands|19\/100\n|-damage|p2a: Iron Hands|14\/100\n|-crit|p2a: Iron Hands\n|-damage|p2a: Iron Hands|2\/100\n|-damage|p2a: Iron Hands|0 fnt\n|faint|p2a: Iron Hands\n|-end|p2a: Iron Hands|Quark Drive|[silent]\n|-hitcount|p2: Iron Hands|7\n|move|p1b: Annihilape|Rage Fist|p2b: Abomasnow\n|-damage|p2b: Abomasnow|27\/100\n|move|p2b: Abomasnow|Blizzard|p1a: Maushold|[spread] p1a,p1b\n|-resisted|p1b: Annihilape\n|-damage|p1a: Maushold|43\/100\n|-damage|p1b: Annihilape|68\/100\n|\n|-weather|Snow|[upkeep]\n|-heal|p1b: Annihilape|74\/100|[from] item: Leftovers\n|upkeep\n|\n|t:|1683162306\n|switch|p2a: Dragonite|Dragonite, L50, F|100\/100\n|turn|3\n|inactive|Riverss1 has 30 seconds left.\n|\n|t:|1683162332\n|move|p1a: Maushold|Follow Me|p1a: Maushold\n|-singleturn|p1a: Maushold|move: Follow Me\n|move|p1b: Annihilape|Bulk Up|p1b: Annihilape\n|-boost|p1b: Annihilape|atk|1\n|-boost|p1b: Annihilape|def|1\n|move|p2b: Abomasnow|Blizzard|p1a: Maushold|[spread] p1a,p1b\n|-resisted|p1b: Annihilape\n|-damage|p1a: Maushold|0 fnt\n|-damage|p1b: Annihilape|58\/100\n|faint|p1a: Maushold\n|move|p2a: Dragonite|Dragon Dance|p2a: Dragonite\n|-boost|p2a: Dragonite|atk|1\n|-boost|p2a: Dragonite|spe|1\n|\n|-weather|Snow|[upkeep]\n|-heal|p1b: Annihilape|64\/100|[from] item: Leftovers\n|upkeep\n|\n|t:|1683162344\n|switch|p1a: Oranguru|Oranguru, L50, F, shiny|100\/100\n|turn|4\n|\n|t:|1683162359\n|move|p2b: Abomasnow|Helping Hand|p2a: Dragonite\n|-singleturn|p2a: Dragonite|Helping Hand|[of] p2b: Abomasnow\n|move|p1b: Annihilape|Protect|p1b: Annihilape\n|-singleturn|p1b: Annihilape|Protect\n|move|p2a: Dragonite|Stomping Tantrum|p1b: Annihilape\n|-activate|p1b: Annihilape|move: Protect\n|move|p1a: Oranguru|Trick Room|p1a: Oranguru\n|-fieldstart|move: Trick Room|[of] p1a: Oranguru\n|\n|-weather|Snow|[upkeep]\n|-heal|p1b: Annihilape|70\/100|[from] item: Leftovers\n|upkeep\n|turn|5\n|\n|t:|1683162375\n|move|p2b: Abomasnow|Helping Hand|p2a: Dragonite\n|-singleturn|p2a: Dragonite|Helping Hand|[of] p2b: Abomasnow\n|move|p1a: Oranguru|Foul Play|p2a: Dragonite\n|-damage|p2a: Dragonite|84\/100\n|move|p1b: Annihilape|Rage Fist|p2a: Dragonite\n|-damage|p2a: Dragonite|0 fnt\n|faint|p2a: Dragonite\n|\n|-weather|none\n|-heal|p1b: Annihilape|76\/100|[from] item: Leftovers\n|-sideend|p2: Blackth0rn|move: Aurora Veil\n|upkeep\n|\n|t:|1683162386\n|switch|p2a: Flutter Mane|Flutter Mane, L50|100\/100\n|turn|6\n|\n|t:|1683162394\n|move|p1a: Oranguru|Instruct|p1b: Annihilape\n|-singleturn|p1b: Annihilape|move: Instruct|[of] p1a: Oranguru\n|move|p1b: Annihilape|Rage Fist|p2a: Flutter Mane\n|-supereffective|p2a: Flutter Mane\n|-damage|p2a: Flutter Mane|0 fnt\n|faint|p2a: Flutter Mane\n|-end|p2a: Flutter Mane|Protosynthesis|[silent]\n|move|p2b: Abomasnow|Energy Ball|p1a: Oranguru\n|-damage|p1a: Oranguru|73\/100\n|move|p1b: Annihilape|Rage Fist|p2b: Abomasnow\n|-damage|p2b: Abomasnow|0 fnt\n|faint|p2b: Abomasnow\n|\n|win|Riverss1\n|raw|Riverss1's rating: 1423 → 1446<\/strong> (+23 for winning)\n|raw|Blackth0rn's rating: 1475 → 1452<\/strong> (-23 for losing)\n","uploadtime":1683162398,"views":12,"p1id":"riverss1","p2id":"blackth0rn","formatid":"gen9vgc2023regulationc","rating":1446,"private":0,"password":""}