{"id":"gen9vgc2023regulationc-1861701264","p1":"slimejrlegit","p2":"TZ111","format":"[Gen 9] VGC 2023 Regulation C","log":"|j|\u2606slimejrlegit\n|j|\u2606TZ111\n|t:|1683796735\n|gametype|doubles\n|player|p1|slimejrlegit|169|1496\n|player|p2|TZ111|steven|1573\n|teamsize|p1|6\n|teamsize|p2|6\n|gen|9\n|tier|[Gen 9] VGC 2023 Regulation C\n|rated|\n|rule|Species Clause: Limit one of each Pok\u00e9mon\n|rule|Item Clause: Limit one of each item\n|clearpoke\n|poke|p1|Abomasnow, L50, F|\n|poke|p1|Iron Bundle, L50|\n|poke|p1|Garchomp, L50, M|\n|poke|p1|Chien-Pao, L50|\n|poke|p1|Flutter Mane, L50|\n|poke|p1|Iron Valiant, L50|\n|poke|p2|Drednaw, L50, M|\n|poke|p2|Pelipper, L50, M|\n|poke|p2|Amoonguss, L50, M|\n|poke|p2|Iron Hands, L50|\n|poke|p2|Orthworm, L50, F|\n|poke|p2|Ting-Lu, L50|\n|teampreview|4\n|inactive|Battle timer is ON: inactive players will automatically lose when time's up. (requested by TZ111)\nTZ111 has agreed to open team sheets.\n|inactive|slimejrlegit has 60 seconds left.\n|inactive|slimejrlegit has 30 seconds left.\n|\n|t:|1683796833\n|start\n|switch|p1a: GIGANNNNN|Garchomp, L50, M|100\/100\n|switch|p1b: Jet Jaguar|Iron Valiant, L50|100\/100\n|switch|p2a: Orthworm|Orthworm, L50, F|100\/100\n|switch|p2b: Ting-Lu|Ting-Lu, L50|100\/100\n|-ability|p2b: Ting-Lu|Vessel of Ruin\n|turn|1\n|inactive|TZ111 has 30 seconds left.\n|inactive|slimejrlegit has 30 seconds left.\n|inactive|slimejrlegit has 20 seconds left.\n|\n|t:|1683796873\n|-terastallize|p1a: GIGANNNNN|Fire\n|move|p1a: GIGANNNNN|Tera Blast|p2a: Orthworm\n|-supereffective|p2a: Orthworm\n|-damage|p2a: Orthworm|41\/100\n|-enditem|p2a: Orthworm|Sitrus Berry|[eat]\n|-heal|p2a: Orthworm|66\/100|[from] item: Sitrus Berry\n|move|p1b: Jet Jaguar|Close Combat|p2a: Orthworm\n|-supereffective|p2a: Orthworm\n|-damage|p2a: Orthworm|0 fnt\n|-unboost|p1b: Jet Jaguar|def|1\n|-unboost|p1b: Jet Jaguar|spd|1\n|faint|p2a: Orthworm\n|move|p2b: Ting-Lu|Earthquake|p1b: Jet Jaguar|[spread] p1a,p1b\n|-supereffective|p1a: GIGANNNNN\n|-damage|p1a: GIGANNNNN|35\/100\n|-damage|p1b: Jet Jaguar|37\/100\n|\n|upkeep\n|\n|t:|1683796892\n|switch|p2a: Pelipper|Pelipper, L50, M|100\/100\n|-weather|RainDance|[from] ability: Drizzle|[of] p2a: Pelipper\n|turn|2\n|\n|t:|1683796911\n|switch|p1a: Biollante|Abomasnow, L50, F|100\/100\n|-weather|Snow|[from] ability: Snow Warning|[of] p1a: Biollante\n|-terastallize|p2b: Ting-Lu|Grass\n|move|p1b: Jet Jaguar|Destiny Bond|p1b: Jet Jaguar\n|-singlemove|p1b: Jet Jaguar|Destiny Bond\n|move|p2a: Pelipper|Tailwind|p2a: Pelipper\n|-sidestart|p2: TZ111|move: Tailwind\n|move|p2b: Ting-Lu|Earthquake|p1a: Biollante|[spread] p1a,p1b\n|-immune|p2a: Pelipper\n|-resisted|p1a: Biollante\n|-damage|p1a: Biollante|90\/100\n|-damage|p1b: Jet Jaguar|0 fnt\n|faint|p1b: Jet Jaguar\n|-activate|p1b: Jet Jaguar|move: Destiny Bond\n|-end|p1b: Jet Jaguar|Quark Drive|[silent]\n|faint|p2b: Ting-Lu\n|\n|-weather|Snow|[upkeep]\n|upkeep\n|\n|t:|1683796936\n|switch|p1b: Firing Maser\u2026|Iron Bundle, L50|100\/100\n|switch|p2b: Drednaw|Drednaw, L50, M, shiny|100\/100\n|-enditem|p1b: Firing Maser\u2026|Booster Energy\n|-activate|p1b: Firing Maser\u2026|ability: Quark Drive|[fromitem]\n|-start|p1b: Firing Maser\u2026|quarkdrivespe\n|turn|3\n|inactive|slimejrlegit has 30 seconds left.\n|inactive|slimejrlegit has 20 seconds left.\n|\n|t:|1683796974\n|move|p1a: Biollante|Protect|p1a: Biollante\n|-singleturn|p1a: Biollante|Protect\n|move|p1b: Firing Maser\u2026|Freeze-Dry|p2a: Pelipper\n|-supereffective|p2a: Pelipper\n|-damage|p2a: Pelipper|0 fnt\n|faint|p2a: Pelipper\n|move|p2b: Drednaw|Rock Slide|p1b: Firing Maser\u2026|[spread] p1b\n|-activate|p1a: Biollante|move: Protect\n|-supereffective|p1b: Firing Maser\u2026\n|-damage|p1b: Firing Maser\u2026|45\/100\n|-damage|p2b: Drednaw|91\/100|[from] item: Life Orb\n|\n|-weather|Snow|[upkeep]\n|upkeep\n|turn|4\n|c|\u2606slimejrlegit|Gg\n|\n|t:|1683796995\n|move|p1b: Firing Maser\u2026|Protect|p1b: Firing Maser\u2026\n|-singleturn|p1b: Firing Maser\u2026|Protect\n|move|p2b: Drednaw|Rock Slide|p1a: Biollante|[spread] p1a\n|-activate|p1b: Firing Maser\u2026|move: Protect\n|-supereffective|p1a: Biollante\n|-damage|p1a: Biollante|46\/100\n|-damage|p2b: Drednaw|82\/100|[from] item: Life Orb\n|cant|p1a: Biollante|flinch\n|\n|-weather|Snow|[upkeep]\n|upkeep\n|turn|5\n|\n|t:|1683797015\n|-end|p1b: Firing Maser\u2026|Quark Drive|[silent]\n|switch|p1b: GIGANNNNN|Garchomp, L50, M, tera:Fire|35\/100\n|move|p1a: Biollante|Protect|p1a: Biollante\n|-singleturn|p1a: Biollante|Protect\n|move|p2b: Drednaw|Rock Slide|p1b: GIGANNNNN|[spread] \n|-activate|p1a: Biollante|move: Protect\n|-miss|p2b: Drednaw|p1b: GIGANNNNN\n|\n|-weather|Snow|[upkeep]\n|-sideend|p2: TZ111|move: Tailwind\n|upkeep\n|turn|6\n|\n|t:|1683797026\n|move|p1b: GIGANNNNN|Stomping Tantrum|p2b: Drednaw\n|-supereffective|p2b: Drednaw\n|-damage|p2b: Drednaw|0 fnt\n|faint|p2b: Drednaw\n|\n|win|slimejrlegit\n|raw|slimejrlegit's rating: 1496 → 1520<\/strong> (+24 for winning)\n|raw|TZ111's rating: 1573 → 1549<\/strong> (-24 for losing)\n|l|\u2606TZ111\n","uploadtime":1683797368,"views":20,"p1id":"slimejrlegit","p2id":"tz111","formatid":"gen9vgc2023regulationc","rating":1520,"private":0,"password":""}