{"id":"gen9vgc2023regulationc-1864362640","p1":"phinnjs","p2":"AnthonyL","format":"[Gen 9] VGC 2023 Regulation C","log":"|j|\u2606phinnjs\n|j|\u2606AnthonyL\n|t:|1684159640\n|gametype|doubles\n|player|p1|phinnjs|elesa|1338\n|player|p2|AnthonyL|lucas|1364\n|teamsize|p1|6\n|teamsize|p2|6\n|gen|9\n|tier|[Gen 9] VGC 2023 Regulation C\n|rated|\n|rule|Species Clause: Limit one of each Pok\u00e9mon\n|rule|Item Clause: Limit one of each item\n|clearpoke\n|poke|p1|Chien-Pao, L50|\n|poke|p1|Chi-Yu, L50|\n|poke|p1|Sylveon, L50, F|\n|poke|p1|Iron Hands, L50|\n|poke|p1|Kingambit, L50, F|\n|poke|p1|Dragonite, L50, F|\n|poke|p2|Garchomp, L50, F|\n|poke|p2|Corviknight, L50, M|\n|poke|p2|Amoonguss, L50, F|\n|poke|p2|Flutter Mane, L50|\n|poke|p2|Iron Bundle, L50|\n|poke|p2|Iron Hands, L50|\n|teampreview|4\nAnthonyL has agreed to open team sheets.\n|inactive|Battle timer is ON: inactive players will automatically lose when time's up. (requested by AnthonyL)\nphinnjs has agreed to open team sheets.\n|inactive|AnthonyL has 60 seconds left.\n|inactive|AnthonyL has 30 seconds left.\n|\n|t:|1684159709\n|start\n|switch|p1a: Ice Spice|Chien-Pao, L50|100\/100\n|switch|p1b: Susan|Iron Hands, L50|100\/100\n|switch|p2a: Iron Hands|Iron Hands, L50|100\/100\n|switch|p2b: Corviknight|Corviknight, L50, M|100\/100\n|-ability|p1a: Ice Spice|Sword of Ruin\n|turn|1\n|\n|t:|1684159734\n|move|p1a: Ice Spice|Protect|p1a: Ice Spice\n|-singleturn|p1a: Ice Spice|Protect\n|move|p1b: Susan|Fake Out|p2b: Corviknight\n|-resisted|p2b: Corviknight\n|-damage|p2b: Corviknight|93\/100\n|move|p2a: Iron Hands|Fake Out|p1b: Susan\n|-damage|p1b: Susan|87\/100\n|cant|p2b: Corviknight|flinch\n|\n|-heal|p1b: Susan|93\/100|[from] item: Leftovers\n|upkeep\n|turn|2\n|\n|t:|1684159750\n|-terastallize|p2b: Corviknight|Fire\n|-terastallize|p1b: Susan|Fairy\n|move|p1a: Ice Spice|Ice Spinner|p2b: Corviknight\n|-resisted|p2b: Corviknight\n|-damage|p2b: Corviknight|70\/100\n|move|p2b: Corviknight|Tailwind|p2b: Corviknight\n|-sidestart|p2: AnthonyL|move: Tailwind\n|move|p2a: Iron Hands|Drain Punch|p1a: Ice Spice\n|-supereffective|p1a: Ice Spice\n|-enditem|p1a: Ice Spice|Focus Sash\n|-damage|p1a: Ice Spice|1\/100\n|move|p1b: Susan|Play Rough|p2a: Iron Hands\n|-supereffective|p2a: Iron Hands\n|-damage|p2a: Iron Hands|0 fnt\n|faint|p2a: Iron Hands\n|-end|p2a: Iron Hands|Quark Drive|[silent]\n|\n|-heal|p1b: Susan|99\/100|[from] item: Leftovers\n|upkeep\n|\n|t:|1684159765\n|switch|p2a: Garchomp|Garchomp, L50, F|100\/100\n|turn|3\n|inactive|phinnjs has 30 seconds left.\n|\n|t:|1684159793\n|move|p2a: Garchomp|Protect|p2a: Garchomp\n|-singleturn|p2a: Garchomp|Protect\n|move|p1a: Ice Spice|Sucker Punch|p2b: Corviknight\n|-damage|p2b: Corviknight|31\/100\n|move|p2b: Corviknight|Brave Bird|p1b: Susan\n|-damage|p1b: Susan|66\/100\n|-damage|p2b: Corviknight|16\/100|[from] Recoil\n|move|p1b: Susan|Play Rough|p2a: Garchomp\n|-activate|p2a: Garchomp|move: Protect\n|\n|-heal|p1b: Susan|72\/100|[from] item: Leftovers\n|upkeep\n|turn|4\n|inactive|phinnjs has 30 seconds left.\n|\n|t:|1684159822\n|move|p1a: Ice Spice|Protect|p1a: Ice Spice\n|-singleturn|p1a: Ice Spice|Protect\n|move|p2a: Garchomp|Rock Slide|p1b: Susan|[spread] p1b\n|-activate|p1a: Ice Spice|move: Protect\n|-damage|p1b: Susan|56\/100\n|move|p2b: Corviknight|Roost|p2b: Corviknight\n|-heal|p2b: Corviknight|67\/100\n|move|p1b: Susan|Play Rough|p2a: Garchomp\n|-supereffective|p2a: Garchomp\n|-damage|p2a: Garchomp|0 fnt\n|-damage|p1b: Susan|43\/100|[from] ability: Rough Skin|[of] p2a: Garchomp\n|faint|p2a: Garchomp\n|\n|-heal|p1b: Susan|49\/100|[from] item: Leftovers\n|upkeep\n|\n|t:|1684159826\n|switch|p2a: Iron Bundle|Iron Bundle, L50|100\/100\n|-enditem|p2a: Iron Bundle|Booster Energy\n|-activate|p2a: Iron Bundle|ability: Quark Drive|[fromitem]\n|-start|p2a: Iron Bundle|quarkdrivespe\n|turn|5\n|\n|t:|1684159851\n|move|p1a: Ice Spice|Sucker Punch|p2b: Corviknight\n|-damage|p2b: Corviknight|28\/100\n|move|p2a: Iron Bundle|Freeze-Dry|p1b: Susan\n|-damage|p1b: Susan|14\/100\n|move|p2b: Corviknight|Brave Bird|p1b: Susan\n|-damage|p1b: Susan|0 fnt\n|faint|p1b: Susan\n|-end|p1b: Susan|Quark Drive|[silent]\n|-damage|p2b: Corviknight|22\/100|[from] Recoil\n|\n|-sideend|p2: AnthonyL|move: Tailwind\n|upkeep\n|\n|t:|1684159875\n|switch|p1b: Mother|Dragonite, L50, F, shiny|100\/100\n|turn|6\n|\n|t:|1684159893\n|move|p2a: Iron Bundle|Icy Wind|p1a: Ice Spice|[spread] p1a,p1b\n|-resisted|p1a: Ice Spice\n|-supereffective|p1b: Mother\n|-damage|p1a: Ice Spice|0 fnt\n|-damage|p1b: Mother|61\/100\n|-unboost|p1b: Mother|spe|1\n|faint|p1a: Ice Spice\n|move|p2b: Corviknight|Roost|p2b: Corviknight\n|-heal|p2b: Corviknight|72\/100\n|move|p1b: Mother|Stomping Tantrum|p2b: Corviknight\n|-supereffective|p2b: Corviknight\n|-damage|p2b: Corviknight|1\/100\n|\n|upkeep\n|\n|t:|1684159904\n|switch|p1a: AnyaTaylrJoy|Kingambit, L50, F, shiny|100\/100\n|turn|7\n|\n|t:|1684159924\n|move|p1a: AnyaTaylrJoy|Sucker Punch|p2a: Iron Bundle\n|-damage|p2a: Iron Bundle|47\/100\n|move|p2a: Iron Bundle|Freeze-Dry|p1b: Mother\n|-supereffective|p1b: Mother\n|-damage|p1b: Mother|0 fnt\n|faint|p1b: Mother\n|move|p2b: Corviknight|Roost|p2b: Corviknight\n|-heal|p2b: Corviknight|52\/100\n|\n|upkeep\n|turn|8\n|inactive|phinnjs has 30 seconds left.\n|\n|t:|1684159953\n|move|p2a: Iron Bundle|Protect|p2a: Iron Bundle\n|-singleturn|p2a: Iron Bundle|Protect\n|move|p2b: Corviknight|Roost|p2b: Corviknight\n|-heal|p2b: Corviknight|100\/100\n|move|p1a: AnyaTaylrJoy|Kowtow Cleave|p2b: Corviknight\n|-damage|p2b: Corviknight|60\/100\n|\n|upkeep\n|turn|9\n|\n|t:|1684159965\n|move|p2a: Iron Bundle|Hydro Pump|p1a: AnyaTaylrJoy\n|-damage|p1a: AnyaTaylrJoy|60\/100\n|move|p2b: Corviknight|Body Press|p1a: AnyaTaylrJoy\n|-supereffective|p1a: AnyaTaylrJoy\n|-damage|p1a: AnyaTaylrJoy|0 fnt\n|faint|p1a: AnyaTaylrJoy\n|\n|win|AnthonyL\n|raw|phinnjs's rating: 1338 → 1319<\/strong> (-19 for losing)\n|raw|AnthonyL's rating: 1364 → 1383<\/strong> (+19 for winning)\n","uploadtime":1684159972,"views":9,"p1id":"phinnjs","p2id":"anthonyl","formatid":"gen9vgc2023regulationc","rating":1319,"private":0,"password":""}