{"id":"gen9vgc2023regulationc-1850774274","p1":"NicoHaxVGC","p2":"NickC_VGC","format":"[Gen 9] VGC 2023 Regulation C","log":"|j|\u2606NicoHaxVGC\n|j|\u2606NickC_VGC\n|t:|1682366606\n|gametype|doubles\n|player|p1|NicoHaxVGC|hilbert-wonderlauncher|1211\n|player|p2|NickC_VGC|1|1228\n|teamsize|p1|6\n|teamsize|p2|6\n|gen|9\n|tier|[Gen 9] VGC 2023 Regulation C\n|rated|\n|rule|Species Clause: Limit one of each Pok\u00e9mon\n|rule|Item Clause: Limit one of each item\n|clearpoke\n|poke|p1|Flutter Mane, L50|\n|poke|p1|Palafin, L50, M|\n|poke|p1|Ting-Lu, L50|\n|poke|p1|Arcanine, L50, F|\n|poke|p1|Amoonguss, L50, F|\n|poke|p1|Chien-Pao, L50|\n|poke|p2|Bronzong, L50|\n|poke|p2|Amoonguss, L50, M|\n|poke|p2|Iron Hands, L50|\n|poke|p2|Tatsugiri, L50, M|\n|poke|p2|Arcanine, L50, F|\n|poke|p2|Ting-Lu, L50|\n|teampreview|4\n|inactive|Battle timer is ON: inactive players will automatically lose when time's up. (requested by NicoHaxVGC)\n|inactive|NicoHaxVGC has 60 seconds left.\n|inactive|NickC_VGC has 60 seconds left.\n|\n|t:|1682366656\n|start\n|switch|p1a: Flutter Mane|Flutter Mane, L50|100\/100\n|switch|p1b: Palafin|Palafin, L50, M|100\/100\n|switch|p2a: Bronzong|Bronzong, L50|100\/100\n|switch|p2b: Tatsugiri|Tatsugiri, L50, M|100\/100\n|-enditem|p1a: Flutter Mane|Booster Energy\n|-activate|p1a: Flutter Mane|ability: Protosynthesis|[fromitem]\n|-start|p1a: Flutter Mane|protosynthesisspa\n|turn|1\n|\n|t:|1682366675\n|detailschange|p1b: Palafin|Palafin-Hero, L50, M\n|switch|p1b: Arcanine|Arcanine, L50, F|100\/100\n|-ability|p1b: Arcanine|Intimidate|boost\n|-unboost|p2a: Bronzong|atk|1\n|-unboost|p2b: Tatsugiri|atk|1\n|-terastallize|p2a: Bronzong|Fire\n|move|p2b: Tatsugiri|Protect|p2b: Tatsugiri\n|-singleturn|p2b: Tatsugiri|Protect\n|move|p1a: Flutter Mane|Shadow Ball|p2a: Bronzong\n|-damage|p2a: Bronzong|61\/100\n|move|p2a: Bronzong|Trick Room|p2a: Bronzong\n|-fieldstart|move: Trick Room|[of] p2a: Bronzong\n|\n|-heal|p2a: Bronzong|67\/100|[from] item: Leftovers\n|upkeep\n|turn|2\n|inactive|NicoHaxVGC has 30 seconds left.\n|inactive|NickC_VGC has 30 seconds left.\n|\n|t:|1682366703\n|switch|p2b: Arcanine|Arcanine, L50, F|100\/100\n|-ability|p2b: Arcanine|Intimidate|boost\n|-unboost|p1a: Flutter Mane|atk|1\n|-unboost|p1b: Arcanine|atk|1\n|move|p2a: Bronzong|Iron Defense|p2a: Bronzong\n|-boost|p2a: Bronzong|def|2\n|move|p1b: Arcanine|Flare Blitz|p2b: Arcanine\n|-resisted|p2b: Arcanine\n|-damage|p2b: Arcanine|80\/100\n|-damage|p1b: Arcanine|94\/100|[from] Recoil\n|move|p1a: Flutter Mane|Shadow Ball|p2a: Bronzong\n|-damage|p2a: Bronzong|28\/100\n|\n|-heal|p2a: Bronzong|34\/100|[from] item: Leftovers\n|upkeep\n|turn|3\n|inactive|NicoHaxVGC has 30 seconds left.\n|inactive|NicoHaxVGC has 20 seconds left.\n|inactive|NicoHaxVGC has 15 seconds left.\n|inactive|NicoHaxVGC has 10 seconds left.\n|\n|t:|1682366750\n|move|p2a: Bronzong|Protect|p2a: Bronzong\n|-singleturn|p2a: Bronzong|Protect\n|move|p1a: Flutter Mane|Protect|p1a: Flutter Mane\n|-singleturn|p1a: Flutter Mane|Protect\n|move|p1b: Arcanine|Howl|p1b: Arcanine|[spread] p1a,p1b\n|-boost|p1a: Flutter Mane|atk|1\n|-boost|p1b: Arcanine|atk|1\n|move|p2b: Arcanine|Flare Blitz|p1a: Flutter Mane\n|-activate|p1a: Flutter Mane|move: Protect\n|\n|-heal|p2a: Bronzong|40\/100|[from] item: Leftovers\n|upkeep\n|turn|4\n|\n|t:|1682366769\n|-end|p1a: Flutter Mane|Protosynthesis|[silent]\n|switch|p1a: Palafin|Palafin-Hero, L50, M|100\/100\n|-activate|p1a: Palafin|ability: Zero to Hero\n|move|p2a: Bronzong|Iron Defense|p2a: Bronzong\n|-boost|p2a: Bronzong|def|2\n|move|p1b: Arcanine|Flare Blitz|p2a: Bronzong\n|-resisted|p2a: Bronzong\n|-damage|p2a: Bronzong|33\/100\n|-damage|p1b: Arcanine|92\/100|[from] Recoil\n|move|p2b: Arcanine|Flare Blitz|p1a: Palafin\n|-resisted|p1a: Palafin\n|-damage|p1a: Palafin|77\/100\n|-damage|p2b: Arcanine|70\/100|[from] Recoil\n|\n|-heal|p2a: Bronzong|38\/100|[from] item: Leftovers\n|upkeep\n|turn|5\n|\n|t:|1682366791\n|switch|p2b: Tatsugiri|Tatsugiri, L50, M|100\/100\n|move|p1a: Palafin|Protect|p1a: Palafin\n|-singleturn|p1a: Palafin|Protect\n|move|p2a: Bronzong|Body Press|p1b: Arcanine\n|-damage|p1b: Arcanine|31\/100\n|move|p1b: Arcanine|Howl|p1b: Arcanine|[spread] p1a,p1b\n|-boost|p1a: Palafin|atk|1\n|-boost|p1b: Arcanine|atk|1\n|\n|-heal|p2a: Bronzong|44\/100|[from] item: Leftovers\n|-fieldend|move: Trick Room\n|upkeep\n|turn|6\n|inactive|NicoHaxVGC has 30 seconds left.\n|\n|t:|1682366825\n|move|p1a: Palafin|Jet Punch|p2b: Tatsugiri\n|-ability|p2b: Tatsugiri|Storm Drain|boost\n|-boost|p2b: Tatsugiri|spa|1\n|move|p1b: Arcanine|Flare Blitz|p2b: Tatsugiri\n|-resisted|p2b: Tatsugiri\n|-damage|p2b: Tatsugiri|79\/100\n|-damage|p1b: Arcanine|25\/100|[from] Recoil\n|move|p2b: Tatsugiri|Muddy Water|p1b: Arcanine|[spread] p1a,p1b\n|-resisted|p1a: Palafin\n|-supereffective|p1b: Arcanine\n|-damage|p1a: Palafin|52\/100\n|-damage|p1b: Arcanine|0 fnt\n|-unboost|p1a: Palafin|accuracy|1\n|faint|p1b: Arcanine\n|move|p2a: Bronzong|Trick Room|p2a: Bronzong\n|-fieldstart|move: Trick Room|[of] p2a: Bronzong\n|\n|-heal|p2a: Bronzong|50\/100|[from] item: Leftovers\n|upkeep\n|\n|t:|1682366834\n|switch|p1b: Chien-Pao|Chien-Pao, L50|100\/100\n|-ability|p1b: Chien-Pao|Sword of Ruin\n|turn|7\n|inactive|NickC_VGC has 30 seconds left.\n|\n|t:|1682366865\n|move|p1b: Chien-Pao|Protect|p1b: Chien-Pao\n|-singleturn|p1b: Chien-Pao|Protect\n|move|p2a: Bronzong|Body Press|p1b: Chien-Pao\n|-activate|p1b: Chien-Pao|move: Protect\n|move|p2b: Tatsugiri|Muddy Water|p1b: Chien-Pao|[spread] p1a\n|-activate|p1b: Chien-Pao|move: Protect\n|-resisted|p1a: Palafin\n|-damage|p1a: Palafin|28\/100\n|move|p1a: Palafin|Haze|p1a: Palafin\n|-clearallboost\n|\n|-heal|p2a: Bronzong|56\/100|[from] item: Leftovers\n|upkeep\n|turn|8\n|inactive|NickC_VGC has 30 seconds left.\n|\n|t:|1682366895\n|switch|p1a: Flutter Mane|Flutter Mane, L50|100\/100\n|move|p2a: Bronzong|Iron Defense|p2a: Bronzong\n|-boost|p2a: Bronzong|def|2\n|move|p2b: Tatsugiri|Muddy Water|p1a: Flutter Mane|[spread] p1a,p1b\n|-damage|p1a: Flutter Mane|70\/100\n|-damage|p1b: Chien-Pao|51\/100\n|-unboost|p1a: Flutter Mane|accuracy|1\n|move|p1b: Chien-Pao|Ice Spinner|p2b: Tatsugiri\n|-damage|p2b: Tatsugiri|14\/100\n|\n|-heal|p2a: Bronzong|61\/100|[from] item: Leftovers\n|upkeep\n|turn|9\n|inactive|NicoHaxVGC has 30 seconds left.\n|inactive|NickC_VGC has 30 seconds left.\n|inactive|NicoHaxVGC has 20 seconds left.\n|inactive|NickC_VGC has 20 seconds left.\n|inactive|NicoHaxVGC has 15 seconds left.\n|inactive|NickC_VGC has 15 seconds left.\n|inactive|NicoHaxVGC has 10 seconds left.\n|\n|t:|1682366944\n|switch|p2b: Arcanine|Arcanine, L50, F|70\/100\n|-ability|p2b: Arcanine|Intimidate|boost\n|-unboost|p1a: Flutter Mane|atk|1\n|-unboost|p1b: Chien-Pao|atk|1\n|-terastallize|p1b: Chien-Pao|Ghost\n|move|p1b: Chien-Pao|Sucker Punch|p2a: Bronzong\n|-damage|p2a: Bronzong|49\/100\n|move|p2a: Bronzong|Body Press|p1b: Chien-Pao\n|-immune|p1b: Chien-Pao\n|move|p1a: Flutter Mane|Shadow Ball|p2a: Bronzong\n|-damage|p2a: Bronzong|19\/100\n|\n|-heal|p2a: Bronzong|25\/100|[from] item: Leftovers\n|upkeep\n|turn|10\n|inactive|NicoHaxVGC has 30 seconds left.\n|inactive|NickC_VGC has 30 seconds left.\n|inactive|NicoHaxVGC has 20 seconds left.\n|\n|t:|1682366980\n|move|p1a: Flutter Mane|Protect|p1a: Flutter Mane\n|-singleturn|p1a: Flutter Mane|Protect\n|move|p1b: Chien-Pao|Protect|p1b: Chien-Pao\n|-singleturn|p1b: Chien-Pao|Protect\n|move|p2a: Bronzong|Iron Defense|p2a: Bronzong\n|-boost|p2a: Bronzong|def|2\n|move|p2b: Arcanine|Flare Blitz|p1a: Flutter Mane\n|-activate|p1a: Flutter Mane|move: Protect\n|\n|-heal|p2a: Bronzong|31\/100|[from] item: Leftovers\n|-fieldend|move: Trick Room\n|upkeep\n|turn|11\n|\n|t:|1682366999\n|switch|p1b: Palafin|Palafin-Hero, L50, M|28\/100\n|move|p2a: Bronzong|Protect|p2a: Bronzong\n|-singleturn|p2a: Bronzong|Protect\n|move|p1a: Flutter Mane|Shadow Ball|p2a: Bronzong\n|-activate|p2a: Bronzong|move: Protect\n|move|p2b: Arcanine|Flare Blitz|p1a: Flutter Mane\n|-damage|p1a: Flutter Mane|0 fnt\n|faint|p1a: Flutter Mane\n|-end|p1a: Flutter Mane|Protosynthesis|[silent]\n|-damage|p2b: Arcanine|48\/100|[from] Recoil\n|\n|-heal|p2a: Bronzong|37\/100|[from] item: Leftovers\n|upkeep\n|\n|t:|1682367010\n|switch|p1a: Chien-Pao|Chien-Pao, L50, tera:Ghost|51\/100\n|-ability|p1a: Chien-Pao|Sword of Ruin\n|turn|12\n|inactive|NickC_VGC has 30 seconds left.\n|\n|t:|1682367035\n|switch|p2b: Tatsugiri|Tatsugiri, L50, M|14\/100\n|move|p1a: Chien-Pao|Ice Spinner|p2b: Tatsugiri\n|-damage|p2b: Tatsugiri|0 fnt\n|faint|p2b: Tatsugiri\n|move|p1b: Palafin|Wave Crash|p2a: Bronzong\n|-supereffective|p2a: Bronzong\n|-crit|p2a: Bronzong\n|-damage|p2a: Bronzong|0 fnt\n|faint|p2a: Bronzong\n|-damage|p1b: Palafin|18\/100|[from] Recoil\n|\n|upkeep\n|\n|t:|1682367048\n|switch|p2b: Iron Hands|Iron Hands, L50|100\/100\n|switch|p2a: Arcanine|Arcanine, L50, F|48\/100\n|-ability|p2a: Arcanine|Intimidate|boost\n|-unboost|p1a: Chien-Pao|atk|1\n|-unboost|p1b: Palafin|atk|1\n|turn|13\n|inactive|NicoHaxVGC has 30 seconds left.\n|\n|t:|1682367073\n|move|p1b: Palafin|Protect|p1b: Palafin\n|-singleturn|p1b: Palafin|Protect\n|move|p2a: Arcanine|Extreme Speed|p1b: Palafin\n|-activate|p1b: Palafin|move: Protect\n|move|p1a: Chien-Pao|Sacred Sword|p2b: Iron Hands\n|-damage|p2b: Iron Hands|82\/100\n|move|p2b: Iron Hands|Wild Charge|p1a: Chien-Pao\n|-damage|p1a: Chien-Pao|0 fnt\n|faint|p1a: Chien-Pao\n|-damage|p2b: Iron Hands|74\/100|[from] Recoil\n|\n|upkeep\n|turn|14\n|\n|t:|1682367094\n|move|p2a: Arcanine|Extreme Speed|p1b: Palafin\n|-damage|p1b: Palafin|0 fnt\n|faint|p1b: Palafin\n|\n|win|NickC_VGC\n|raw|NicoHaxVGC's rating: 1211 → 1187<\/strong> (-24 for losing)\n|raw|NickC_VGC's rating: 1228 → 1252<\/strong> (+24 for winning)\n|c|\u2606NickC_VGC|gg\n|c|\u2606NicoHaxVGC|gg\n|l|\u2606NickC_VGC\n","uploadtime":1682367104,"views":26,"p1id":"nicohaxvgc","p2id":"nickcvgc","formatid":"gen9vgc2023regulationc","rating":1187,"private":0,"password":""}