{"id":"gen9vgc2023regulationc-1857665423","p1":"SlowHomie","p2":"bleldigs","format":"[Gen 9] VGC 2023 Regulation C","log":"|j|\u2606SlowHomie\n|j|\u2606bleldigs\n|t:|1683219840\n|gametype|doubles\n|player|p1|SlowHomie|266|\n|player|p2|bleldigs|buck|\n|teamsize|p1|6\n|teamsize|p2|6\n|gen|9\n|tier|[Gen 9] VGC 2023 Regulation C\n|rated|Tournament battle\n|rule|Species Clause: Limit one of each Pok\u00e9mon\n|rule|Item Clause: Limit one of each item\n|clearpoke\n|poke|p1|Orthworm, L50, M|\n|poke|p1|Dragonite, L50, M|\n|poke|p1|Ting-Lu, L50|\n|poke|p1|Gyarados, L50, M|\n|poke|p1|Flutter Mane, L50|\n|poke|p1|Chien-Pao, L50|\n|poke|p2|Wo-Chien, L50|\n|poke|p2|Maushold, L50|\n|poke|p2|Flutter Mane, L50|\n|poke|p2|Gyarados, L50, F|\n|poke|p2|Chi-Yu, L50|\n|poke|p2|Gholdengo, L50|\n|teampreview|4\n|raw| Open Team Sheet for SlowHomie<\/summary>Orthworm @ Sitrus Berry Ability: Earth Eater Level: 50 Tera Type: Fire - Shed Tail - Body Press - Iron Defense - Heavy Slam Dragonite @ Lum Berry Ability: Multiscale Level: 50 Tera Type: Flying - Dragon Dance - Tera Blast - Earthquake - Extreme Speed Ting-Lu @ Choice Band Ability: Vessel of Ruin Level: 50 Tera Type: Water - Earthquake - Rock Slide - Throat Chop - Bulldoze Gyarados @ Safety Goggles Ability: Intimidate Level: 50 Tera Type: Water - Taunt - Thunder Wave - Waterfall - Bulldoze Flutter Mane @ Choice Specs Ability: Protosynthesis Level: 50 Tera Type: Fairy - Hex - Dazzling Gleam - Moonblast - Icy Wind Chien-Pao @ Focus Sash Ability: Sword of Ruin Level: 50 Tera Type: Dark - Ice Spinner - Sucker Punch - Haze - Protect <\/details><\/div> Open Team Sheet for bleldigs<\/summary>Wo-Chien @ Leftovers Ability: Tablets of Ruin Level: 50 Tera Type: Poison - Pollen Puff - Foul Play - Leech Seed - Protect Maushold @ Sitrus Berry Ability: Friend Guard Level: 50 Tera Type: Poison - Super Fang - Follow Me - Encore - Protect Flutter Mane @ Booster Energy Ability: Protosynthesis Level: 50 Tera Type: Water - Moonblast - Shadow Ball - Substitute - Protect Gyarados @ Aguav Berry Ability: Intimidate Level: 50 Tera Type: Grass - Waterfall - Thunder Wave - Taunt - Whirlpool Chi-Yu @ Assault Vest Ability: Beads of Ruin Level: 50 Tera Type: Water - Heat Wave - Overheat - Snarl - Dark Pulse Gholdengo @ Wiki Berry Ability: Good as Gold Level: 50 Tera Type: Water - Make It Rain - Shadow Ball - Nasty Plot - Protect <\/details><\/div>\n|j| Radio Free C-Side\n|j| ale cog\n|j| SeydouVGC\n|c|\u2606SlowHomie|glhf\n|c|\u2606bleldigs|gl hf\n|j| Water656\n|j| aryan3003\n|\n|t:|1683219934\n|start\n|switch|p1a: Gyarados|Gyarados, L50, M|100\/100\n|switch|p1b: Orthworm|Orthworm, L50, M|100\/100\n|switch|p2a: Flutter Mane|Flutter Mane, L50|100\/100\n|switch|p2b: Gyarados|Gyarados, L50, F|100\/100\n|-ability|p1a: Gyarados|Intimidate|boost\n|-unboost|p2a: Flutter Mane|atk|1\n|-unboost|p2b: Gyarados|atk|1\n|-ability|p2b: Gyarados|Intimidate|boost\n|-unboost|p1a: Gyarados|atk|1\n|-unboost|p1b: Orthworm|atk|1\n|-enditem|p2a: Flutter Mane|Booster Energy\n|-activate|p2a: Flutter Mane|ability: Protosynthesis|[fromitem]\n|-start|p2a: Flutter Mane|protosynthesisspe\n|turn|1\n|j| VertiasFrost\n|\n|t:|1683220004\n|switch|p2b: Chi-Yu|Chi-Yu, L50|100\/100\n|-ability|p2b: Chi-Yu|Beads of Ruin\n|move|p2a: Flutter Mane|Shadow Ball|p1b: Orthworm\n|-damage|p1b: Orthworm|36\/100\n|-unboost|p1b: Orthworm|spd|1\n|-enditem|p1b: Orthworm|Sitrus Berry|[eat]\n|-heal|p1b: Orthworm|61\/100|[from] item: Sitrus Berry\n|move|p1a: Gyarados|Taunt|p2b: Chi-Yu\n|-start|p2b: Chi-Yu|move: Taunt\n|move|p1b: Orthworm|Iron Defense|p1b: Orthworm\n|-boost|p1b: Orthworm|def|2\n|\n|upkeep\n|turn|2\n|c| Radio Free C-Side|honestly just rooting for the worm\n|j| 413XPlayz\n|c|\u2606SlowHomie|unlorm the worm\n|\n|t:|1683220042\n|switch|p1b: Dragonite|Dragonite, L50, M|100\/100\n|move|p2a: Flutter Mane|Shadow Ball|p1b: Dragonite\n|-damage|p1b: Dragonite|71\/100\n|move|p2b: Chi-Yu|Dark Pulse|p1a: Gyarados\n|-damage|p1a: Gyarados|50\/100\n|move|p1a: Gyarados|Bulldoze|p2a: Flutter Mane|[spread] p2a,p2b\n|-immune|p1b: Dragonite\n|-supereffective|p2b: Chi-Yu\n|-damage|p2a: Flutter Mane|83\/100\n|-damage|p2b: Chi-Yu|75\/100\n|-unboost|p2a: Flutter Mane|spe|1\n|-unboost|p2b: Chi-Yu|spe|1\n|\n|upkeep\n|turn|3\n|\n|t:|1683220075\n|switch|p2b: Gyarados|Gyarados, L50, F|100\/100\n|-ability|p2b: Gyarados|Intimidate|boost\n|-unboost|p1a: Gyarados|atk|1\n|-unboost|p1b: Dragonite|atk|1\n|-terastallize|p1b: Dragonite|Flying\n|move|p2a: Flutter Mane|Substitute|p2a: Flutter Mane\n|-start|p2a: Flutter Mane|Substitute\n|-damage|p2a: Flutter Mane|59\/100\n|move|p1b: Dragonite|Earthquake|p2a: Flutter Mane|[spread] p2a\n|-immune|p1a: Gyarados\n|-immune|p2b: Gyarados\n|-end|p2a: Flutter Mane|Substitute\n|move|p1a: Gyarados|Bulldoze|p2a: Flutter Mane|[spread] p2a\n|-immune|p1b: Dragonite\n|-immune|p2b: Gyarados\n|-damage|p2a: Flutter Mane|47\/100\n|-unboost|p2a: Flutter Mane|spe|1\n|\n|upkeep\n|turn|4\n|l| 413XPlayz\n|\n|t:|1683220116\n|-end|p2a: Flutter Mane|Protosynthesis|[silent]\n|switch|p2a: Wo-Chien|Wo-Chien, L50|100\/100\n|-ability|p2a: Wo-Chien|Tablets of Ruin\n|switch|p1b: Orthworm|Orthworm, L50, M|61\/100\n|move|p1a: Gyarados|Bulldoze|p2b: Gyarados|[spread] p2a\n|-heal|p1b: Orthworm|86\/100|[from] ability: Earth Eater|[of] p1a: Gyarados\n|-immune|p2b: Gyarados\n|-resisted|p2a: Wo-Chien\n|-damage|p2a: Wo-Chien|99\/100\n|-unboost|p2a: Wo-Chien|spe|1\n|move|p2b: Gyarados|Whirlpool|p1b: Orthworm\n|-damage|p1b: Orthworm|77\/100\n|-activate|p1b: Orthworm|move: Whirlpool|[of] p2b: Gyarados\n|\n|-heal|p2a: Wo-Chien|100\/100|[from] item: Leftovers\n|-damage|p1b: Orthworm|65\/100|[from] move: Whirlpool|[partiallytrapped]\n|upkeep\n|turn|5\n|j| Eldegoss32\n|l| Eldegoss32\n|\n|t:|1683220154\n|move|p1a: Gyarados|Bulldoze|p2b: Gyarados|[spread] p2a\n|-heal|p1b: Orthworm|90\/100|[from] ability: Earth Eater|[of] p1a: Gyarados\n|-immune|p2b: Gyarados\n|-resisted|p2a: Wo-Chien\n|-damage|p2a: Wo-Chien|99\/100\n|-unboost|p2a: Wo-Chien|spe|1\n|move|p2b: Gyarados|Taunt|p1b: Orthworm\n|-start|p1b: Orthworm|move: Taunt\n|cant|p1b: Orthworm|move: Taunt|Shed Tail\n|move|p2a: Wo-Chien|Leech Seed|p1a: Gyarados\n|-start|p1a: Gyarados|move: Leech Seed\n|\n|-heal|p2a: Wo-Chien|100\/100|[from] item: Leftovers\n|-damage|p1a: Gyarados|38\/100|[from] Leech Seed|[of] p2a: Wo-Chien\n|-damage|p1b: Orthworm|78\/100|[from] move: Whirlpool|[partiallytrapped]\n|upkeep\n|turn|6\n|l| aryan3003\n|\n|t:|1683220185\n|switch|p1a: Dragonite|Dragonite, L50, M, tera:Flying|71\/100\n|switch|p2a: Chi-Yu|Chi-Yu, L50|75\/100\n|-ability|p2a: Chi-Yu|Beads of Ruin\n|move|p2b: Gyarados|Thunder Wave|p1a: Dragonite\n|-status|p1a: Dragonite|par\n|-enditem|p1a: Dragonite|Lum Berry|[eat]\n|-curestatus|p1a: Dragonite|par|[msg]\n|move|p1b: Orthworm|Body Press|p2a: Chi-Yu\n|-supereffective|p2a: Chi-Yu\n|-damage|p2a: Chi-Yu|0 fnt\n|faint|p2a: Chi-Yu\n|\n|-damage|p1b: Orthworm|66\/100|[from] move: Whirlpool|[partiallytrapped]\n|upkeep\n|\n|t:|1683220200\n|switch|p2a: Flutter Mane|Flutter Mane, L50|47\/100\n|turn|7\n|\n|t:|1683220236\n|move|p2a: Flutter Mane|Protect|p2a: Flutter Mane\n|-singleturn|p2a: Flutter Mane|Protect\n|move|p1a: Dragonite|Dragon Dance|p1a: Dragonite\n|-boost|p1a: Dragonite|atk|1\n|-boost|p1a: Dragonite|spe|1\n|move|p2b: Gyarados|Thunder Wave|p1a: Dragonite\n|-status|p1a: Dragonite|par\n|move|p1b: Orthworm|Heavy Slam|p2a: Flutter Mane\n|-activate|p2a: Flutter Mane|move: Protect\n|\n|-damage|p1b: Orthworm|53\/100|[from] move: Whirlpool|[partiallytrapped]\n|-end|p1b: Orthworm|move: Taunt\n|upkeep\n|turn|8\n|\n|t:|1683220260\n|-terastallize|p2a: Flutter Mane|Water\n|move|p2a: Flutter Mane|Moonblast|p1a: Dragonite\n|-damage|p1a: Dragonite|20\/100 par\n|move|p1a: Dragonite|Earthquake|p2b: Gyarados|[spread] p2a\n|-heal|p1b: Orthworm|78\/100|[from] ability: Earth Eater|[of] p1a: Dragonite\n|-immune|p2b: Gyarados\n|-damage|p2a: Flutter Mane|0 fnt\n|faint|p2a: Flutter Mane\n|-end|p2a: Flutter Mane|Protosynthesis|[silent]\n|move|p2b: Gyarados|Waterfall|p1a: Dragonite\n|-damage|p1a: Dragonite|0 fnt\n|faint|p1a: Dragonite\n|move|p1b: Orthworm|Heavy Slam|p2b: Gyarados\n|-resisted|p2b: Gyarados\n|-damage|p2b: Gyarados|94\/100\n|\n|-end|p1b: Orthworm|Whirlpool|[partiallytrapped]\n|upkeep\n|\n|t:|1683220276\n|switch|p2a: Wo-Chien|Wo-Chien, L50|100\/100\n|switch|p1a: Gyarados|Gyarados, L50, M|38\/100\n|-ability|p1a: Gyarados|Intimidate|boost\n|-unboost|p2a: Wo-Chien|atk|1\n|-unboost|p2b: Gyarados|atk|1\n|-ability|p2a: Wo-Chien|Tablets of Ruin\n|turn|9\n|\n|t:|1683220287\n|move|p1a: Gyarados|Taunt|p2a: Wo-Chien\n|-start|p2a: Wo-Chien|move: Taunt\n|move|p2b: Gyarados|Taunt|p1b: Orthworm\n|-start|p1b: Orthworm|move: Taunt\n|move|p2a: Wo-Chien|Foul Play|p1a: Gyarados\n|-damage|p1a: Gyarados|0 fnt\n|faint|p1a: Gyarados\n|move|p1b: Orthworm|Body Press|p2a: Wo-Chien\n|-supereffective|p2a: Wo-Chien\n|-damage|p2a: Wo-Chien|69\/100\n|\n|-heal|p2a: Wo-Chien|75\/100|[from] item: Leftovers\n|upkeep\n|\n|t:|1683220296\n|switch|p1a: Ting-Lu|Ting-Lu, L50|100\/100\n|-ability|p1a: Ting-Lu|Vessel of Ruin\n|turn|10\n|\n|t:|1683220339\n|move|p2b: Gyarados|Waterfall|p1a: Ting-Lu\n|-supereffective|p1a: Ting-Lu\n|-damage|p1a: Ting-Lu|75\/100\n|move|p1a: Ting-Lu|Rock Slide|p2a: Wo-Chien|[spread] p2a,p2b\n|-crit|p2a: Wo-Chien\n|-supereffective|p2b: Gyarados\n|-damage|p2a: Wo-Chien|56\/100\n|-damage|p2b: Gyarados|61\/100\n|cant|p2a: Wo-Chien|flinch\n|move|p1b: Orthworm|Body Press|p2a: Wo-Chien\n|-supereffective|p2a: Wo-Chien\n|-damage|p2a: Wo-Chien|21\/100\n|\n|-heal|p2a: Wo-Chien|28\/100|[from] item: Leftovers\n|upkeep\n|turn|11\n|\n|t:|1683220367\n|move|p2b: Gyarados|Waterfall|p1a: Ting-Lu\n|-supereffective|p1a: Ting-Lu\n|-damage|p1a: Ting-Lu|50\/100\n|move|p1a: Ting-Lu|Rock Slide|p2a: Wo-Chien|[spread] p2a,p2b\n|-supereffective|p2b: Gyarados\n|-damage|p2a: Wo-Chien|12\/100\n|-damage|p2b: Gyarados|27\/100\n|move|p2a: Wo-Chien|Pollen Puff|p2b: Gyarados\n|-heal|p2b: Gyarados|77\/100\n|move|p1b: Orthworm|Body Press|p2a: Wo-Chien\n|-supereffective|p2a: Wo-Chien\n|-damage|p2a: Wo-Chien|0 fnt\n|faint|p2a: Wo-Chien\n|\n|-end|p1b: Orthworm|move: Taunt\n|upkeep\n|turn|12\n|j| 413XPlayz\n|\n|t:|1683220388\n|move|p2b: Gyarados|Waterfall|p1a: Ting-Lu\n|-supereffective|p1a: Ting-Lu\n|-damage|p1a: Ting-Lu|21\/100\n|move|p1a: Ting-Lu|Rock Slide|p2b: Gyarados\n|-supereffective|p2b: Gyarados\n|-damage|p2b: Gyarados|19\/100\n|-enditem|p2b: Gyarados|Aguav Berry|[eat]\n|-heal|p2b: Gyarados|52\/100|[from] item: Aguav Berry\n|move|p1b: Orthworm|Iron Defense|p1b: Orthworm\n|-boost|p1b: Orthworm|def|2\n|\n|upkeep\n|turn|13\n|\n|t:|1683220399\n|move|p2b: Gyarados|Waterfall|p1a: Ting-Lu\n|-supereffective|p1a: Ting-Lu\n|-damage|p1a: Ting-Lu|0 fnt\n|faint|p1a: Ting-Lu\n|move|p1b: Orthworm|Iron Defense|p1b: Orthworm\n|-boost|p1b: Orthworm|def|2\n|\n|upkeep\n|turn|14\n|\n|t:|1683220410\n|move|p2b: Gyarados|Thunder Wave|p1b: Orthworm\n|-status|p1b: Orthworm|par\n|move|p1b: Orthworm|Body Press|p2b: Gyarados\n|-resisted|p2b: Gyarados\n|-damage|p2b: Gyarados|11\/100\n|\n|upkeep\n|turn|15\n|\n|t:|1683220419\n|move|p2b: Gyarados|Whirlpool|p1b: Orthworm\n|-damage|p1b: Orthworm|70\/100 par\n|-activate|p1b: Orthworm|move: Whirlpool|[of] p2b: Gyarados\n|cant|p1b: Orthworm|par\n|\n|-damage|p1b: Orthworm|57\/100 par|[from] move: Whirlpool|[partiallytrapped]\n|upkeep\n|turn|16\n|\n|t:|1683220426\n|move|p2b: Gyarados|Waterfall|p1b: Orthworm\n|-damage|p1b: Orthworm|52\/100 par\n|cant|p1b: Orthworm|flinch\n|\n|-damage|p1b: Orthworm|39\/100 par|[from] move: Whirlpool|[partiallytrapped]\n|upkeep\n|turn|17\n|c| Radio Free C-Side|waterfall hax time\n|j| Eldegoss32\n|c|\u2606SlowHomie|yo I'm about to get cooked by para+flinch+waterfall lol\n|c| SeydouVGC|amazing game tbh\n|c|\u2606SlowHomie|that endgame hilarious XD\n|\n|t:|1683220452\n|move|p2b: Gyarados|Waterfall|p1b: Orthworm\n|-damage|p1b: Orthworm|34\/100 par\n|move|p1b: Orthworm|Body Press|p2b: Gyarados\n|-resisted|p2b: Gyarados\n|-damage|p2b: Gyarados|0 fnt\n|faint|p2b: Gyarados\n|\n|win|SlowHomie\n|n|\u2606SlowHomie|slowhomie\n|n|\u2606bleldigs|bleldigs\n|n| Radio Free C-Side|radiofreecside\n|n| ale cog|alecog\n|n| SeydouVGC|seydouvgc\n|n| Water656|water656\n|n| VertiasFrost|vertiasfrost\n|n| 413XPlayz|413xplayz\n|n| Eldegoss32|eldegoss32\n|c|\u2606SlowHomie|gg wp\n|l| Radio Free C-Side\n|c|\u2606bleldigs|gg\n|l| Eldegoss32\n|l| 413XPlayz\n","uploadtime":1683220472,"views":13,"p1id":"slowhomie","p2id":"bleldigs","formatid":"gen9vgc2023regulationc","rating":0,"private":0,"password":""}