{"id":"gen9vgc2023regulationc-1845672388","p1":"NuovoSangue","p2":"CrabbyTwins","format":"[Gen 9] VGC 2023 Regulation C","log":"|j|\u2606NuovoSangue\n|j|\u2606CrabbyTwins\n|t:|1681754358\n|gametype|doubles\n|player|p1|NuovoSangue|ghetsis-gen5bw|1070\n|player|p2|CrabbyTwins|265|1063\n|teamsize|p1|6\n|teamsize|p2|6\n|gen|9\n|tier|[Gen 9] VGC 2023 Regulation C\n|rated|\n|rule|Species Clause: Limit one of each Pok\u00e9mon\n|rule|Item Clause: Limit one of each item\n|clearpoke\n|poke|p1|Amoonguss, L50, F|\n|poke|p1|Flutter Mane, L50|\n|poke|p1|Palafin, L50, M|\n|poke|p1|Arcanine, L50, M|\n|poke|p1|Iron Hands, L50|\n|poke|p1|Ting-Lu, L50|\n|poke|p2|Garchomp, L50, M|\n|poke|p2|Kilowattrel, L50, M|\n|poke|p2|Tsareena, L50, F|\n|poke|p2|Oranguru, L50, F|\n|poke|p2|Skuntank, L50, M|\n|poke|p2|Ceruledge, L50, M|\n|teampreview|4\n|inactive|Battle timer is ON: inactive players will automatically lose when time's up. (requested by NuovoSangue)\n|inactive|CrabbyTwins has 60 seconds left.\n|\n|t:|1681754395\n|start\n|switch|p1a: Flutter Mane|Flutter Mane, L50|100\/100\n|switch|p1b: Palafin|Palafin, L50, M|100\/100\n|switch|p2a: Kilowattrel|Kilowattrel, L50, M|100\/100\n|switch|p2b: Tsareena|Tsareena, L50, F|100\/100\n|-enditem|p1a: Flutter Mane|Booster Energy\n|-activate|p1a: Flutter Mane|ability: Protosynthesis|[fromitem]\n|-start|p1a: Flutter Mane|protosynthesisspe\n|turn|1\n|inactive|CrabbyTwins has 30 seconds left.\n|\n|t:|1681754422\n|move|p1b: Palafin|Jet Punch||[still]\n|cant|p2b: Tsareena|ability: Queenly Majesty|Jet Punch|[of] p1b: Palafin\n|move|p1a: Flutter Mane|Dazzling Gleam|p2a: Kilowattrel|[spread] p2a,p2b\n|-damage|p2a: Kilowattrel|40\/100\n|-damage|p2b: Tsareena|82\/100\n|move|p2a: Kilowattrel|Tailwind|p2a: Kilowattrel\n|-sidestart|p2: CrabbyTwins|move: Tailwind\n|-start|p2a: Kilowattrel|Charge|Tailwind|[from] ability: Wind Power\n|move|p2b: Tsareena|U-turn|p1b: Palafin\n|-damage|p1b: Palafin|71\/100\n|\n|t:|1681754435\n|switch|p2b: Garchomp|Garchomp, L50, M|100\/100|[from] U-turn\n|\n|upkeep\n|turn|2\n|\n|t:|1681754450\n|switch|p2b: Tsareena|Tsareena, L50, F|82\/100\n|-terastallize|p1a: Flutter Mane|Fairy\n|move|p1b: Palafin|Jet Punch||[still]\n|cant|p2b: Tsareena|ability: Queenly Majesty|Jet Punch|[of] p1b: Palafin\n|move|p2a: Kilowattrel|Discharge|p1a: Flutter Mane|[spread] p2b,p1a,p1b\n|-resisted|p2b: Tsareena\n|-supereffective|p1b: Palafin\n|-damage|p2b: Tsareena|64\/100\n|-damage|p1a: Flutter Mane|42\/100\n|-damage|p1b: Palafin|0 fnt\n|faint|p1b: Palafin\n|-end|p2a: Kilowattrel|Charge|[silent]\n|move|p1a: Flutter Mane|Moonblast|p2b: Tsareena\n|-damage|p2b: Tsareena|17\/100\n|\n|upkeep\n|\n|t:|1681754460\n|switch|p1b: Iron Hands|Iron Hands, L50|100\/100\n|turn|3\n|\n|t:|1681754484\n|move|p1a: Flutter Mane|Protect|p1a: Flutter Mane\n|-singleturn|p1a: Flutter Mane|Protect\n|move|p2a: Kilowattrel|Discharge|p1b: Iron Hands|[spread] p2b,p1b\n|-activate|p1a: Flutter Mane|move: Protect\n|-resisted|p2b: Tsareena\n|-resisted|p1b: Iron Hands\n|-damage|p2b: Tsareena|8\/100\n|-damage|p1b: Iron Hands|89\/100\n|-status|p2b: Tsareena|par\n|move|p2b: Tsareena|Trop Kick|p1b: Iron Hands\n|-damage|p1b: Iron Hands|68\/100\n|-unboost|p1b: Iron Hands|atk|1\n|move|p1b: Iron Hands|Wild Charge|p2a: Kilowattrel\n|-damage|p2a: Kilowattrel|0 fnt\n|faint|p2a: Kilowattrel\n|-damage|p1b: Iron Hands|62\/100|[from] Recoil\n|\n|-heal|p1b: Iron Hands|68\/100|[from] item: Leftovers\n|upkeep\n|\n|t:|1681754502\n|switch|p2a: Ceruledge|Ceruledge, L50, M|100\/100\n|turn|4\n|inactive|NuovoSangue has 30 seconds left.\n|\n|t:|1681754533\n|-end|p1a: Flutter Mane|Protosynthesis|[silent]\n|switch|p1a: Amoonguss|Amoonguss, L50, F, shiny|100\/100\n|move|p2a: Ceruledge|Bitter Blade|p1a: Amoonguss\n|-supereffective|p1a: Amoonguss\n|-damage|p1a: Amoonguss|18\/100\n|-enditem|p1a: Amoonguss|Sitrus Berry|[eat]\n|-heal|p1a: Amoonguss|43\/100|[from] item: Sitrus Berry\n|move|p2b: Tsareena|Play Rough|p1b: Iron Hands\n|-supereffective|p1b: Iron Hands\n|-damage|p1b: Iron Hands|26\/100\n|move|p1b: Iron Hands|Drain Punch|p2b: Tsareena\n|-damage|p2b: Tsareena|0 fnt\n|-heal|p1b: Iron Hands|29\/100|[from] drain|[of] p2b: Tsareena\n|faint|p2b: Tsareena\n|\n|-heal|p1b: Iron Hands|35\/100|[from] item: Leftovers\n|-sideend|p2: CrabbyTwins|move: Tailwind\n|upkeep\n|\n|t:|1681754550\n|switch|p2b: Garchomp|Garchomp, L50, M|100\/100\n|turn|5\n|\n|t:|1681754566\n|move|p1b: Iron Hands|Protect|p1b: Iron Hands\n|-singleturn|p1b: Iron Hands|Protect\n|move|p2b: Garchomp|Rock Slide|p1a: Amoonguss|[spread] p1a\n|-activate|p1b: Iron Hands|move: Protect\n|-damage|p1a: Amoonguss|22\/100\n|-damage|p2b: Garchomp|91\/100|[from] item: Life Orb\n|move|p2a: Ceruledge|Bitter Blade|p1a: Amoonguss\n|-supereffective|p1a: Amoonguss\n|-damage|p1a: Amoonguss|0 fnt\n|faint|p1a: Amoonguss\n|\n|-heal|p1b: Iron Hands|41\/100|[from] item: Leftovers\n|upkeep\n|\n|t:|1681754576\n|switch|p1a: Flutter Mane|Flutter Mane, L50, tera:Fairy|42\/100\n|turn|6\n|\n|t:|1681754596\n|-terastallize|p2a: Ceruledge|Fairy\n|move|p2a: Ceruledge|Shadow Sneak|p1a: Flutter Mane\n|-damage|p1a: Flutter Mane|0 fnt\n|faint|p1a: Flutter Mane\n|-end|p1a: Flutter Mane|Protosynthesis|[silent]\n|move|p2b: Garchomp|Earthquake|p1b: Iron Hands|[spread] p2a,p1b\n|-supereffective|p1b: Iron Hands\n|-damage|p2a: Ceruledge|29\/100\n|-damage|p1b: Iron Hands|0 fnt\n|faint|p1b: Iron Hands\n|-end|p1b: Iron Hands|Quark Drive|[silent]\n|-damage|p2b: Garchomp|81\/100|[from] item: Life Orb\n|\n|win|CrabbyTwins\n|raw|NuovoSangue's rating: 1070 → 1049<\/strong> (-21 for losing)\n|raw|CrabbyTwins's rating: 1063 → 1094<\/strong> (+31 for winning)\n|l|\u2606NuovoSangue\n|c|\u2606CrabbyTwins|gg\n","uploadtime":1681754610,"views":11,"p1id":"nuovosangue","p2id":"crabbytwins","formatid":"gen9vgc2023regulationc","rating":1049,"private":0,"password":""}