{"id":"gen9vgc2023regulationc-1848057318","p1":"Kirzsiros","p2":"AleAbrao","format":"[Gen 9] VGC 2023 Regulation C","log":"|j|\u2606Kirzsiros\n|j|\u2606AleAbrao\n|t:|1682024969\n|gametype|doubles\n|player|p1|Kirzsiros|lance|1000\n|player|p2|AleAbrao|170|1000\n|teamsize|p1|6\n|teamsize|p2|6\n|gen|9\n|tier|[Gen 9] VGC 2023 Regulation C\n|rated|\n|rule|Species Clause: Limit one of each Pok\u00e9mon\n|rule|Item Clause: Limit one of each item\n|clearpoke\n|poke|p1|Dondozo, L50, F|\n|poke|p1|Tatsugiri-Stretchy, L50, M|\n|poke|p1|Chi-Yu, L50|\n|poke|p1|Flutter Mane, L50|\n|poke|p1|Dragonite, L50, F|\n|poke|p1|Glimmora, L50, M|\n|poke|p2|Ting-Lu, L50|\n|poke|p2|Flutter Mane, L50|\n|poke|p2|Dragonite, L50, M|\n|poke|p2|Palafin, L50, M|\n|poke|p2|Arcanine, L50, M|\n|poke|p2|Chien-Pao, L50|\n|teampreview|4\n|inactive|Battle timer is ON: inactive players will automatically lose when time's up. (requested by AleAbrao)\n|\n|t:|1682025000\n|start\n|switch|p1a: Glimmora|Glimmora, L50, M|100\/100\n|switch|p1b: Tatsugiri|Tatsugiri-Stretchy, L50, M|100\/100\n|switch|p2a: Palafin|Palafin, L50, M|100\/100\n|switch|p2b: Wu-Tang Clan|Ting-Lu, L50|100\/100\n|-ability|p2b: Wu-Tang Clan|Vessel of Ruin\n|turn|1\n|\n|t:|1682025022\n|move|p2a: Palafin|Protect|p2a: Palafin\n|-singleturn|p2a: Palafin|Protect\n|move|p1a: Glimmora|Toxic|p2b: Wu-Tang Clan\n|-status|p2b: Wu-Tang Clan|tox\n|move|p1b: Tatsugiri|Muddy Water|p2b: Wu-Tang Clan|[spread] p2b\n|-activate|p2a: Palafin|move: Protect\n|-supereffective|p2b: Wu-Tang Clan\n|-damage|p2b: Wu-Tang Clan|48\/100 tox\n|-unboost|p2b: Wu-Tang Clan|accuracy|1\n|move|p2b: Wu-Tang Clan|Earthquake|p1b: Tatsugiri|[spread] p1a\n|-activate|p2a: Palafin|move: Protect\n|-miss|p2b: Wu-Tang Clan|p1b: Tatsugiri\n|-supereffective|p1a: Glimmora\n|-enditem|p1a: Glimmora|Focus Sash\n|-damage|p1a: Glimmora|1\/100\n|-activate|p1a: Glimmora|ability: Toxic Debris\n|-sidestart|p2: AleAbrao|move: Toxic Spikes\n|\n|-heal|p2b: Wu-Tang Clan|54\/100 tox|[from] item: Leftovers\n|-damage|p2b: Wu-Tang Clan|48\/100 tox|[from] psn\n|upkeep\n|turn|2\n|inactive|AleAbrao has 30 seconds left.\n|inactive|AleAbrao has 20 seconds left.\n|inactive|AleAbrao has 15 seconds left.\n|\n|t:|1682025064\n|move|p2a: Palafin|Jet Punch|p1b: Tatsugiri\n|-activate|p1b: Tatsugiri|ability: Storm Drain\n|-ability|p1b: Tatsugiri|Storm Drain|boost\n|-boost|p1b: Tatsugiri|spa|1\n|move|p1a: Glimmora|Toxic|p2a: Palafin\n|-status|p2a: Palafin|tox\n|move|p1b: Tatsugiri|Muddy Water|p2b: Wu-Tang Clan|[spread] p2a\n|-miss|p1b: Tatsugiri|p2b: Wu-Tang Clan\n|-resisted|p2a: Palafin\n|-damage|p2a: Palafin|59\/100 tox\n|move|p2b: Wu-Tang Clan|Heavy Slam|p1a: Glimmora\n|-supereffective|p1a: Glimmora\n|-damage|p1a: Glimmora|0 fnt\n|-activate|p1a: Glimmora|ability: Toxic Debris\n|-sidestart|p2: AleAbrao|move: Toxic Spikes\n|faint|p1a: Glimmora\n|\n|-heal|p2b: Wu-Tang Clan|54\/100 tox|[from] item: Leftovers\n|-damage|p2a: Palafin|53\/100 tox|[from] psn\n|-damage|p2b: Wu-Tang Clan|42\/100 tox|[from] psn\n|upkeep\n|\n|t:|1682025081\n|switch|p1a: Flutter Mane|Flutter Mane, L50|100\/100\n|-enditem|p1a: Flutter Mane|Booster Energy\n|-activate|p1a: Flutter Mane|ability: Protosynthesis|[fromitem]\n|-start|p1a: Flutter Mane|protosynthesisspe\n|turn|3\n|\n|t:|1682025098\n|-terastallize|p1a: Flutter Mane|Steel\n|move|p2a: Palafin|Jet Punch|p1b: Tatsugiri\n|-activate|p1b: Tatsugiri|ability: Storm Drain\n|-ability|p1b: Tatsugiri|Storm Drain|boost\n|-boost|p1b: Tatsugiri|spa|1\n|move|p1a: Flutter Mane|Substitute|p1a: Flutter Mane\n|-start|p1a: Flutter Mane|Substitute\n|-damage|p1a: Flutter Mane|76\/100\n|move|p1b: Tatsugiri|Muddy Water|p2b: Wu-Tang Clan|[spread] p2a,p2b\n|-resisted|p2a: Palafin\n|-supereffective|p2b: Wu-Tang Clan\n|-damage|p2a: Palafin|4\/100 tox\n|-damage|p2b: Wu-Tang Clan|0 fnt\n|faint|p2b: Wu-Tang Clan\n|\n|-damage|p2a: Palafin|0 fnt|[from] psn\n|faint|p2a: Palafin\n|upkeep\n|\n|t:|1682025114\n|switch|p2a: elton john|Flutter Mane, L50|100\/100\n|switch|p2b: Chien-Pao|Chien-Pao, L50|100\/100\n|-status|p2a: elton john|tox\n|-status|p2b: Chien-Pao|tox\n|-ability|p2b: Chien-Pao|Sword of Ruin\n|turn|4\n|inactive|AleAbrao has 30 seconds left.\n|inactive|AleAbrao has 20 seconds left.\n|\n|t:|1682025150\n|move|p2b: Chien-Pao|Sucker Punch|p1a: Flutter Mane\n|-end|p1a: Flutter Mane|Substitute\n|move|p1a: Flutter Mane|Moonblast|p2b: Chien-Pao\n|-supereffective|p2b: Chien-Pao\n|-enditem|p2b: Chien-Pao|Focus Sash\n|-damage|p2b: Chien-Pao|1\/100 tox\n|move|p2a: elton john|Moonblast|p1b: Tatsugiri\n|-supereffective|p1b: Tatsugiri\n|-damage|p1b: Tatsugiri|0 fnt\n|faint|p1b: Tatsugiri\n|\n|-damage|p2a: elton john|94\/100 tox|[from] psn\n|-damage|p2b: Chien-Pao|0 fnt|[from] psn\n|faint|p2b: Chien-Pao\n|upkeep\n|\n|t:|1682025162\n|switch|p1b: Dondozo|Dondozo, L50, F|100\/100\n|turn|5\n|\n|t:|1682025169\n|-terastallize|p2a: elton john|Ghost\n|move|p1a: Flutter Mane|Protect|p1a: Flutter Mane\n|-singleturn|p1a: Flutter Mane|Protect\n|move|p2a: elton john|Moonblast|p1b: Dondozo\n|-damage|p1b: Dondozo|56\/100\n|-unboost|p1b: Dondozo|spa|1\n|move|p1b: Dondozo|Yawn||[still]\n|-fail|p1b: Dondozo\n|\n|-damage|p2a: elton john|82\/100 tox|[from] psn\n|upkeep\n|turn|6\n|\n|t:|1682025181\n|move|p1a: Flutter Mane|Hex|p2a: elton john\n|-supereffective|p2a: elton john\n|-damage|p2a: elton john|0 fnt\n|faint|p2a: elton john\n|-end|p2a: elton john|Protosynthesis|[silent]\n|\n|win|Kirzsiros\n|raw|Kirzsiros's rating: 1000 → 1040<\/strong> (+40 for winning)\n|raw|AleAbrao's rating: 1000 → 1000<\/strong> (+0 for losing)\n","uploadtime":1682025188,"views":6,"p1id":"kirzsiros","p2id":"aleabrao","formatid":"gen9vgc2023regulationc","rating":1000,"private":0,"password":""}