{"id":"gen9vgc2023regulationc-1845863215","p1":"UltravioletVGC","p2":"SpadesHS","format":"[Gen 9] VGC 2023 Regulation C","log":"|j|\u2606UltravioletVGC\n|j|\u2606SpadesHS\n|t:|1681772729\n|gametype|doubles\n|player|p1|UltravioletVGC|101|1124\n|player|p2|SpadesHS|n|1223\n|teamsize|p1|6\n|teamsize|p2|6\n|gen|9\n|tier|[Gen 9] VGC 2023 Regulation C\n|rated|\n|rule|Species Clause: Limit one of each Pok\u00e9mon\n|rule|Item Clause: Limit one of each item\n|clearpoke\n|poke|p1|Dragapult, L50, M|\n|poke|p1|Flutter Mane, L50|\n|poke|p1|Chi-Yu, L50|\n|poke|p1|Amoonguss, L50, M|\n|poke|p1|Palafin, L50, F|\n|poke|p1|Corviknight, L50, M|\n|poke|p2|Ting-Lu, L50|\n|poke|p2|Amoonguss, L50, F|\n|poke|p2|Palafin, L50, M|\n|poke|p2|Arcanine, L50, M|\n|poke|p2|Flutter Mane, L50|\n|poke|p2|Kingambit, L50, M|\n|teampreview|4\nSpadesHS has agreed to open team sheets.\n|\n|t:|1681772795\n|start\n|switch|p1a: Dragapult|Dragapult, L50, M|100\/100\n|switch|p1b: Palafin|Palafin, L50, F|100\/100\n|switch|p2a: Tiki|Ting-Lu, L50|100\/100\n|switch|p2b: Marino|Palafin, L50, M|100\/100\n|-ability|p2a: Tiki|Vessel of Ruin\n|turn|1\n|\n|t:|1681772825\n|detailschange|p2b: Marino|Palafin-Hero, L50, M\n|switch|p2b: Fun Police|Arcanine, L50, M|100\/100\n|-ability|p2b: Fun Police|Intimidate|boost\n|-fail|p1a: Dragapult|unboost|[from] ability: Clear Body|[of] p1a: Dragapult\n|-unboost|p1b: Palafin|atk|1\n|detailschange|p1b: Palafin|Palafin-Hero, L50, F\n|switch|p1b: Amoonguss|Amoonguss, L50, M|100\/100\n|move|p1a: Dragapult|U-turn|p2a: Tiki\n|-supereffective|p2a: Tiki\n|-damage|p2a: Tiki|77\/100\n|\n|t:|1681772834\n|switch|p1a: Palafin|Palafin-Hero, L50, F|100\/100|[from] U-turn\n|-activate|p1a: Palafin|ability: Zero to Hero\n|move|p2a: Tiki|Throat Chop|p1a: Palafin\n|-damage|p1a: Palafin|74\/100\n|-start|p1a: Palafin|Throat Chop|[silent]\n|\n|upkeep\n|turn|2\n|\n|t:|1681772871\n|switch|p2a: Marino|Palafin-Hero, L50, M|100\/100\n|-activate|p2a: Marino|ability: Zero to Hero\n|-terastallize|p2b: Fun Police|Grass\n|move|p1a: Palafin|Protect|p1a: Palafin\n|-singleturn|p1a: Palafin|Protect\n|move|p1b: Amoonguss|Protect|p1b: Amoonguss\n|-singleturn|p1b: Amoonguss|Protect\n|move|p2b: Fun Police|Will-O-Wisp|p1a: Palafin\n|-activate|p1a: Palafin|move: Protect\n|\n|-end|p1a: Palafin|Throat Chop|[silent]\n|upkeep\n|turn|3\n|\n|t:|1681772898\n|switch|p1a: Chi-Yu|Chi-Yu, L50|100\/100\n|-ability|p1a: Chi-Yu|Beads of Ruin\n|move|p1b: Amoonguss|Rage Powder|p1b: Amoonguss\n|-singleturn|p1b: Amoonguss|move: Rage Powder\n|move|p2b: Fun Police|Will-O-Wisp|p1a: Chi-Yu|[miss]\n|-miss|p2b: Fun Police|p1a: Chi-Yu\n|move|p2a: Marino|Substitute|p2a: Marino\n|-start|p2a: Marino|Substitute\n|-damage|p2a: Marino|76\/100\n|\n|upkeep\n|turn|4\n|inactive|Battle timer is ON: inactive players will automatically lose when time's up. (requested by SpadesHS)\n|\n|t:|1681772973\n|switch|p2b: Tiki|Ting-Lu, L50|77\/100\n|-ability|p2b: Tiki|Vessel of Ruin\n|-terastallize|p1a: Chi-Yu|Grass\n|move|p1b: Amoonguss|Protect|p1b: Amoonguss\n|-singleturn|p1b: Amoonguss|Protect\n|move|p1a: Chi-Yu|Heat Wave|p2a: Marino|[spread] p2a,p2b\n|-resisted|p2a: Marino\n|-activate|p2a: Marino|move: Substitute|[damage]\n|-damage|p2b: Tiki|57\/100\n|-status|p2b: Tiki|brn\n|move|p2a: Marino|Wave Crash|p1a: Chi-Yu\n|-resisted|p1a: Chi-Yu\n|-damage|p1a: Chi-Yu|27\/100\n|-damage|p2a: Marino|60\/100|[from] Recoil\n|\n|-damage|p2b: Tiki|51\/100 brn|[from] brn\n|upkeep\n|turn|5\n|inactive|UltravioletVGC has 30 seconds left.\n|inactive|UltravioletVGC has 20 seconds left.\n|inactive|UltravioletVGC has 15 seconds left.\n|inactive|UltravioletVGC has 10 seconds left.\n|inactive|UltravioletVGC has 5 seconds left.\n|\n|t:|1681773025\n|switch|p1a: Palafin|Palafin-Hero, L50, F|74\/100\n|move|p1b: Amoonguss|Protect||[still]\n|-fail|p1b: Amoonguss\n|move|p2a: Marino|Wave Crash|p1a: Palafin\n|-resisted|p1a: Palafin\n|-damage|p1a: Palafin|35\/100\n|-damage|p2a: Marino|46\/100|[from] Recoil\n|move|p2b: Tiki|Ruination|p1b: Amoonguss\n|-damage|p1b: Amoonguss|50\/100\n|\n|-damage|p2b: Tiki|45\/100 brn|[from] brn\n|upkeep\n|turn|6\n|\n|t:|1681773049\n|switch|p2b: Fun Police|Arcanine, L50, M, tera:Grass|100\/100\n|-ability|p2b: Fun Police|Intimidate|boost\n|-unboost|p1a: Palafin|atk|1\n|-unboost|p1b: Amoonguss|atk|1\n|move|p2a: Marino|Protect|p2a: Marino\n|-singleturn|p2a: Marino|Protect\n|move|p1a: Palafin|Jet Punch|p2b: Fun Police\n|-resisted|p2b: Fun Police\n|-damage|p2b: Fun Police|85\/100\n|move|p1b: Amoonguss|Pollen Puff|p1a: Palafin\n|-heal|p1a: Palafin|85\/100\n|\n|upkeep\n|turn|7\n|inactive|UltravioletVGC has 30 seconds left.\n|inactive|UltravioletVGC has 20 seconds left.\n|inactive|UltravioletVGC has 15 seconds left.\n|inactive|UltravioletVGC has 10 seconds left.\n|\n|t:|1681773095\n|switch|p1a: Dragapult|Dragapult, L50, M|100\/100\n|move|p2b: Fun Police|Flare Blitz|p1b: Amoonguss\n|-supereffective|p1b: Amoonguss\n|-damage|p1b: Amoonguss|0 fnt\n|faint|p1b: Amoonguss\n|-damage|p2b: Fun Police|64\/100|[from] Recoil\n|move|p2a: Marino|Wave Crash|p1a: Dragapult\n|-resisted|p1a: Dragapult\n|-damage|p1a: Dragapult|38\/100\n|-damage|p2a: Marino|29\/100|[from] Recoil\n|\n|upkeep\n|\n|t:|1681773108\n|switch|p1b: Palafin|Palafin-Hero, L50, F|85\/100\n|turn|8\n|\n|t:|1681773121\n|move|p2a: Marino|Protect|p2a: Marino\n|-singleturn|p2a: Marino|Protect\n|move|p1b: Palafin|Jet Punch|p2a: Marino\n|-activate|p2a: Marino|move: Protect\n|move|p1a: Dragapult|Dragon Darts|p2b: Fun Police\n|-damage|p2b: Fun Police|30\/100\n|-anim|p1a: Dragapult|Dragon Darts|p2b: Fun Police\n|-crit|p2b: Fun Police\n|-damage|p2b: Fun Police|0 fnt\n|faint|p2b: Fun Police\n|\n|upkeep\n|\n|t:|1681773130\n|switch|p2b: Magnus|Kingambit, L50, M|100\/100\n|turn|9\n|\n|t:|1681773146\n|move|p1b: Palafin|Jet Punch|p2a: Marino\n|-resisted|p2a: Marino\n|-crit|p2a: Marino\n|-end|p2a: Marino|Substitute\n|move|p2b: Magnus|Sucker Punch|p1a: Dragapult\n|-supereffective|p1a: Dragapult\n|-damage|p1a: Dragapult|0 fnt\n|faint|p1a: Dragapult\n|move|p2a: Marino|Wave Crash|p1b: Palafin\n|-resisted|p1b: Palafin\n|-damage|p1b: Palafin|40\/100\n|-damage|p2a: Marino|14\/100|[from] Recoil\n|\n|upkeep\n|\n|t:|1681773154\n|switch|p1a: Chi-Yu|Chi-Yu, L50, tera:Grass|27\/100\n|-ability|p1a: Chi-Yu|Beads of Ruin\n|turn|10\n|\n|t:|1681773169\n|switch|p2a: Tiki|Ting-Lu, L50|45\/100 brn\n|-ability|p2a: Tiki|Vessel of Ruin\n|move|p2b: Magnus|Protect|p2b: Magnus\n|-singleturn|p2b: Magnus|Protect\n|move|p1b: Palafin|Jet Punch|p2a: Tiki\n|-supereffective|p2a: Tiki\n|-damage|p2a: Tiki|3\/100 brn\n|move|p1a: Chi-Yu|Heat Wave|p2a: Tiki|[spread] p2a\n|-activate|p2b: Magnus|move: Protect\n|-crit|p2a: Tiki\n|-damage|p2a: Tiki|0 fnt\n|faint|p2a: Tiki\n|\n|upkeep\n|\n|t:|1681773179\n|switch|p2a: Marino|Palafin-Hero, L50, M|14\/100\n|turn|11\n|\n|t:|1681773194\n|move|p2a: Marino|Protect|p2a: Marino\n|-singleturn|p2a: Marino|Protect\n|move|p1b: Palafin|Jet Punch|p2a: Marino\n|-activate|p2a: Marino|move: Protect\n|move|p2b: Magnus|Sucker Punch|p1a: Chi-Yu\n|-damage|p1a: Chi-Yu|0 fnt\n|faint|p1a: Chi-Yu\n|\n|upkeep\n|turn|12\n|\n|t:|1681773203\n|move|p1b: Palafin|Jet Punch|p2a: Marino\n|-resisted|p2a: Marino\n|-damage|p2a: Marino|0 fnt\n|faint|p2a: Marino\n|move|p2b: Magnus|Kowtow Cleave|p1b: Palafin\n|-damage|p1b: Palafin|0 fnt\n|faint|p1b: Palafin\n|\n|win|SpadesHS\n|raw|UltravioletVGC's rating: 1124 → 1106<\/strong> (-18 for losing)\n|raw|SpadesHS's rating: 1223 → 1241<\/strong> (+18 for winning)\n","uploadtime":1681773208,"views":6,"p1id":"ultravioletvgc","p2id":"spadeshs","formatid":"gen9vgc2023regulationc","rating":1106,"private":0,"password":""}