{"id":"gen9vgc2023regulationc-1863274953","p1":"Arcacagne","p2":"Pc13","format":"[Gen 9] VGC 2023 Regulation C","log":"|j|\u2606Arcacagne\n|j|\u2606Pc13\n|t:|1683996648\n|gametype|doubles\n|player|p1|Arcacagne|169|1369\n|player|p2|Pc13|169|1297\n|teamsize|p1|6\n|teamsize|p2|6\n|gen|9\n|tier|[Gen 9] VGC 2023 Regulation C\n|rated|\n|rule|Species Clause: Limit one of each Pok\u00e9mon\n|rule|Item Clause: Limit one of each item\n|clearpoke\n|poke|p1|Chi-Yu, L50|\n|poke|p1|Flutter Mane, L50|\n|poke|p1|Amoonguss, L50, M|\n|poke|p1|Ting-Lu, L50|\n|poke|p1|Iron Hands, L50|\n|poke|p1|Gyarados, L50, F|\n|poke|p2|Grimmsnarl, L50, M|\n|poke|p2|Gholdengo, L50|\n|poke|p2|Chi-Yu, L50|\n|poke|p2|Dachsbun, L50, F|\n|poke|p2|Iron Bundle, L50|\n|poke|p2|Annihilape, L50, F|\n|teampreview|4\n|inactive|Battle timer is ON: inactive players will automatically lose when time's up. (requested by Arcacagne)\n|inactive|Pc13 has 60 seconds left.\n|\n|t:|1683996739\n|start\n|switch|p1a: Ting-Lu|Ting-Lu, L50|100\/100\n|switch|p1b: Iron Hands|Iron Hands, L50|100\/100\n|switch|p2a: Grimmsnarl|Grimmsnarl, L50, M|100\/100\n|switch|p2b: Annihilape|Annihilape, L50, F|100\/100\n|-ability|p1a: Ting-Lu|Vessel of Ruin\n|turn|1\n|\n|t:|1683996761\n|switch|p1a: Gyarados|Gyarados, L50, F|100\/100\n|-ability|p1a: Gyarados|Intimidate|boost\n|-unboost|p2a: Grimmsnarl|atk|1\n|-unboost|p2b: Annihilape|atk|1\n|-ability|p2b: Annihilape|Defiant|boost\n|-boost|p2b: Annihilape|atk|2\n|move|p2a: Grimmsnarl|Reflect|p2a: Grimmsnarl\n|-sidestart|p2: Pc13|Reflect\n|move|p2b: Annihilape|Bulk Up|p2b: Annihilape\n|-boost|p2b: Annihilape|atk|1\n|-boost|p2b: Annihilape|def|1\n|move|p1b: Iron Hands|Swords Dance|p1b: Iron Hands\n|-boost|p1b: Iron Hands|atk|2\n|\n|upkeep\n|turn|2\n|inactive|Arcacagne has 30 seconds left.\n|inactive|Pc13 has 30 seconds left.\n|inactive|Pc13 has 20 seconds left.\n|inactive|Pc13 has 15 seconds left.\n|\n|t:|1683996802\n|move|p2a: Grimmsnarl|Parting Shot|p1a: Gyarados\n|-unboost|p1a: Gyarados|atk|1\n|-unboost|p1a: Gyarados|spa|1\n|\n|t:|1683996805\n|switch|p2a: Dachsbun|Dachsbun, L50, F|100\/100|[from] Parting Shot\n|move|p1a: Gyarados|Thunder Wave|p2b: Annihilape\n|-status|p2b: Annihilape|par\n|move|p1b: Iron Hands|Drain Punch|p2a: Dachsbun\n|-resisted|p2a: Dachsbun\n|-damage|p2a: Dachsbun|79\/100\n|cant|p2b: Annihilape|par\n|\n|upkeep\n|turn|3\n|\n|t:|1683996829\n|-terastallize|p1b: Iron Hands|Grass\n|move|p1a: Gyarados|Thunder Wave|p2a: Dachsbun\n|-status|p2a: Dachsbun|par\n|move|p1b: Iron Hands|Swords Dance|p1b: Iron Hands\n|-boost|p1b: Iron Hands|atk|2\n|move|p2a: Dachsbun|Yawn|p1b: Iron Hands\n|-start|p1b: Iron Hands|move: Yawn|[of] p2a: Dachsbun\n|move|p2b: Annihilape|Drain Punch|p1b: Iron Hands\n|-damage|p1b: Iron Hands|64\/100\n|\n|upkeep\n|turn|4\n|\n|t:|1683996849\n|move|p1a: Gyarados|Waterfall|p2a: Dachsbun\n|-damage|p2a: Dachsbun|64\/100 par\n|move|p1b: Iron Hands|Thunder Punch|p2b: Annihilape\n|-damage|p2b: Annihilape|57\/100 par\n|cant|p2a: Dachsbun|flinch\n|cant|p2b: Annihilape|par\n|\n|-heal|p2b: Annihilape|63\/100 par|[from] item: Leftovers\n|-end|p1b: Iron Hands|move: Yawn|[silent]\n|-status|p1b: Iron Hands|slp\n|-enditem|p1b: Iron Hands|Lum Berry|[eat]\n|-curestatus|p1b: Iron Hands|slp|[msg]\n|upkeep\n|turn|5\n|j| Finnyiii\n|\n|t:|1683996868\n|move|p1a: Gyarados|Waterfall|p2b: Annihilape\n|-damage|p2b: Annihilape|53\/100 par\n|move|p1b: Iron Hands|Thunder Punch|p2b: Annihilape\n|-damage|p2b: Annihilape|5\/100 par\n|cant|p2a: Dachsbun|par\n|move|p2b: Annihilape|Drain Punch|p1b: Iron Hands\n|-damage|p1b: Iron Hands|30\/100\n|-heal|p2b: Annihilape|25\/100 par|[from] drain|[of] p1b: Iron Hands\n|\n|-heal|p2b: Annihilape|31\/100 par|[from] item: Leftovers\n|upkeep\n|turn|6\n|l|\u2606Pc13\n|inactive|Pc13 disconnected and has a minute to reconnect!\n|player|p2|\n|inactive|Pc13 has 30 seconds left.\n|inactive|Pc13 has 20 seconds left.\n|j|\u2606Pc13\n|inactive|Pc13 reconnected and has 20 seconds left.\n|player|p2|Pc13|169\n|inactive|Pc13 has 15 seconds left.\n|inactive|Pc13 has 10 seconds left.\n|\n|t:|1683996916\n|move|p1a: Gyarados|Waterfall|p2a: Dachsbun\n|-damage|p2a: Dachsbun|48\/100 par\n|move|p1b: Iron Hands|Thunder Punch|p2b: Annihilape\n|-damage|p2b: Annihilape|0 fnt\n|faint|p2b: Annihilape\n|move|p2a: Dachsbun|Wish|p2a: Dachsbun\n|\n|upkeep\n|\n|t:|1683996928\n|switch|p2b: Chi-Yu|Chi-Yu, L50|100\/100\n|-ability|p2b: Chi-Yu|Beads of Ruin\n|turn|7\n|\n|t:|1683996942\n|move|p2b: Chi-Yu|Lava Plume|p1b: Iron Hands|[spread] p1a,p1b\n|-ability|p2a: Dachsbun|Well-Baked Body|boost\n|-boost|p2a: Dachsbun|def|2\n|-resisted|p1a: Gyarados\n|-supereffective|p1b: Iron Hands\n|-damage|p1a: Gyarados|80\/100\n|-damage|p1b: Iron Hands|0 fnt\n|faint|p1b: Iron Hands\n|-end|p1b: Iron Hands|Quark Drive|[silent]\n|-damage|p2b: Chi-Yu|90\/100|[from] item: Life Orb\n|move|p1a: Gyarados|Thunder Wave|p2b: Chi-Yu\n|-status|p2b: Chi-Yu|par\n|move|p2a: Dachsbun|Yawn|p1a: Gyarados\n|-start|p1a: Gyarados|move: Yawn|[of] p2a: Dachsbun\n|\n|-heal|p2a: Dachsbun|98\/100 par|[from] move: Wish|[wisher] Dachsbun\n|upkeep\n|\n|t:|1683996958\n|switch|p1b: Ting-Lu|Ting-Lu, L50|100\/100\n|-ability|p1b: Ting-Lu|Vessel of Ruin\n|turn|8\n|\n|t:|1683996980\n|-terastallize|p2b: Chi-Yu|Grass\n|move|p1a: Gyarados|Waterfall|p2a: Dachsbun\n|-damage|p2a: Dachsbun|90\/100 par\n|move|p1b: Ting-Lu|Heavy Slam|p2a: Dachsbun\n|-supereffective|p2a: Dachsbun\n|-damage|p2a: Dachsbun|54\/100 par\n|move|p2b: Chi-Yu|Lava Plume|p1b: Ting-Lu|[spread] p1a,p1b\n|-ability|p2a: Dachsbun|Well-Baked Body|boost\n|-boost|p2a: Dachsbun|def|2\n|-resisted|p1a: Gyarados\n|-damage|p1a: Gyarados|64\/100\n|-damage|p1b: Ting-Lu|72\/100\n|-status|p1a: Gyarados|brn\n|-damage|p2b: Chi-Yu|80\/100 par|[from] item: Life Orb\n|move|p2a: Dachsbun|Body Press|p1b: Ting-Lu\n|-supereffective|p1b: Ting-Lu\n|-damage|p1b: Ting-Lu|0 fnt\n|faint|p1b: Ting-Lu\n|\n|-damage|p1a: Gyarados|57\/100 brn|[from] brn\n|-end|p1a: Gyarados|move: Yawn|[silent]\n|-sideend|p2: Pc13|Reflect\n|upkeep\n|\n|t:|1683996998\n|switch|p1b: Chi-Yu|Chi-Yu, L50|100\/100\n|-ability|p1b: Chi-Yu|Beads of Ruin\n|turn|9\n|\n|t:|1683997010\n|cant|p2b: Chi-Yu|par\n|move|p1b: Chi-Yu|Heat Wave|p2a: Dachsbun|[spread] p2b\n|-ability|p2a: Dachsbun|Well-Baked Body|boost\n|-boost|p2a: Dachsbun|def|2\n|-supereffective|p2b: Chi-Yu\n|-damage|p2b: Chi-Yu|0 fnt\n|faint|p2b: Chi-Yu\n|move|p1a: Gyarados|Waterfall|p2a: Dachsbun\n|-damage|p2a: Dachsbun|51\/100 par\n|cant|p2a: Dachsbun|flinch\n|\n|-damage|p1a: Gyarados|51\/100 brn|[from] brn\n|upkeep\n|\n|t:|1683997020\n|switch|p2b: Grimmsnarl|Grimmsnarl, L50, M|100\/100\n|turn|10\n|\n|t:|1683997032\n|move|p2b: Grimmsnarl|Light Screen|p2b: Grimmsnarl\n|-sidestart|p2: Pc13|move: Light Screen\n|move|p1b: Chi-Yu|Dark Pulse|p2a: Dachsbun\n|-resisted|p2a: Dachsbun\n|-damage|p2a: Dachsbun|34\/100 par\n|move|p1a: Gyarados|Thunder Wave|p2b: Grimmsnarl\n|-status|p2b: Grimmsnarl|par\n|move|p2a: Dachsbun|Wish|p2a: Dachsbun\n|\n|-damage|p1a: Gyarados|45\/100 brn|[from] brn\n|upkeep\n|turn|11\n|\n|t:|1683997050\n|move|p2b: Grimmsnarl|Reflect|p2b: Grimmsnarl\n|-sidestart|p2: Pc13|Reflect\n|move|p1b: Chi-Yu|Heat Wave|p2b: Grimmsnarl|[spread] p2b\n|-immune|p2a: Dachsbun|[from] ability: Well-Baked Body\n|-damage|p2b: Grimmsnarl|73\/100 par\n|move|p1a: Gyarados|Waterfall|p2b: Grimmsnarl\n|-damage|p2b: Grimmsnarl|66\/100 par\n|move|p2a: Dachsbun|Body Press|p1b: Chi-Yu\n|-supereffective|p1b: Chi-Yu\n|-enditem|p1b: Chi-Yu|Focus Sash\n|-damage|p1b: Chi-Yu|1\/100\n|\n|-heal|p2a: Dachsbun|84\/100 par|[from] move: Wish|[wisher] Dachsbun\n|-damage|p1a: Gyarados|39\/100 brn|[from] brn\n|upkeep\n|turn|12\n|\n|t:|1683997070\n|move|p1b: Chi-Yu|Dark Pulse|p2a: Dachsbun\n|-resisted|p2a: Dachsbun\n|-damage|p2a: Dachsbun|65\/100 par\n|move|p1a: Gyarados|Waterfall|p2a: Dachsbun\n|-damage|p2a: Dachsbun|63\/100 par\n|move|p2a: Dachsbun|Body Press|p1a: Gyarados\n|-resisted|p1a: Gyarados\n|-damage|p1a: Gyarados|0 fnt\n|faint|p1a: Gyarados\n|move|p2b: Grimmsnarl|Spirit Break|p1b: Chi-Yu\n|-crit|p1b: Chi-Yu\n|-damage|p1b: Chi-Yu|0 fnt\n|faint|p1b: Chi-Yu\n|\n|win|Pc13\n|raw|Arcacagne's rating: 1369 → 1345<\/strong> (-24 for losing)\n|raw|Pc13's rating: 1297 → 1327<\/strong> (+30 for winning)\n","uploadtime":1683997084,"views":6,"p1id":"arcacagne","p2id":"pc13","formatid":"gen9vgc2023regulationc","rating":1327,"private":0,"password":""}