{"id":"gen9vgc2023regulationc-1845541111","p1":"rikysama","p2":"KinimaP","format":"[Gen 9] VGC 2023 Regulation C","log":"|j|\u2606rikysama\n|j|\u2606KinimaP\n|t:|1681743410\n|gametype|doubles\n|player|p1|rikysama|lucas|1391\n|player|p2|KinimaP|cameraman|1484\n|teamsize|p1|6\n|teamsize|p2|6\n|gen|9\n|tier|[Gen 9] VGC 2023 Regulation C\n|rated|\n|rule|Species Clause: Limit one of each Pok\u00e9mon\n|rule|Item Clause: Limit one of each item\n|clearpoke\n|poke|p1|Corviknight, L50, F|\n|poke|p1|Ting-Lu, L50|\n|poke|p1|Amoonguss, L50, F|\n|poke|p1|Flutter Mane, L50|\n|poke|p1|Gyarados, L50, M|\n|poke|p1|Chi-Yu, L50|\n|poke|p2|Ting-Lu, L50|\n|poke|p2|Chien-Pao, L50|\n|poke|p2|Dragonite, L50, M|\n|poke|p2|Annihilape, L50, F|\n|poke|p2|Flutter Mane, L50|\n|poke|p2|Amoonguss, L50, M|\n|teampreview|4\n|inactive|Battle timer is ON: inactive players will automatically lose when time's up. (requested by rikysama)\nrikysama has agreed to open team sheets.\n|\n|t:|1681743463\n|start\n|switch|p1a: Corviknight|Corviknight, L50, F, shiny|100\/100\n|switch|p1b: Flutter Mane|Flutter Mane, L50|100\/100\n|switch|p2a: Flutter Mane|Flutter Mane, L50|100\/100\n|switch|p2b: Ting-Lu|Ting-Lu, L50|100\/100\n|-ability|p2b: Ting-Lu|Vessel of Ruin\n|-enditem|p2a: Flutter Mane|Booster Energy\n|-activate|p2a: Flutter Mane|ability: Protosynthesis|[fromitem]\n|-start|p2a: Flutter Mane|protosynthesisspe\n|turn|1\n|inactive|KinimaP has 30 seconds left.\n|\n|t:|1681743489\n|-end|p2a: Flutter Mane|Protosynthesis|[silent]\n|switch|p2a: Amoonguss|Amoonguss, L50, M|100\/100\n|-end|p1b: Flutter Mane|Protosynthesis|[silent]\n|switch|p1b: Ting-Lu|Ting-Lu, L50|100\/100\n|-ability|p1b: Ting-Lu|Vessel of Ruin\n|move|p1a: Corviknight|Tailwind|p1a: Corviknight\n|-sidestart|p1: rikysama|move: Tailwind\n|move|p2b: Ting-Lu|Stomping Tantrum|p1b: Ting-Lu\n|-damage|p1b: Ting-Lu|78\/100\n|\n|upkeep\n|turn|2\n|\n|t:|1681743512\n|switch|p2b: Annihilape|Annihilape, L50, F|100\/100\n|move|p1a: Corviknight|Bulk Up|p1a: Corviknight\n|-boost|p1a: Corviknight|atk|1\n|-boost|p1a: Corviknight|def|1\n|move|p1b: Ting-Lu|Fissure|p2b: Annihilape|[miss]\n|-miss|p1b: Ting-Lu|p2b: Annihilape\n|move|p2a: Amoonguss|Spore|p1a: Corviknight\n|-activate|p1a: Corviknight|item: Safety Goggles|Spore\n|\n|upkeep\n|turn|3\n|\n|t:|1681743535\n|-terastallize|p2b: Annihilape|Fire\n|move|p1a: Corviknight|Bulk Up|p1a: Corviknight\n|-boost|p1a: Corviknight|atk|1\n|-boost|p1a: Corviknight|def|1\n|move|p1b: Ting-Lu|Stomping Tantrum|p2a: Amoonguss\n|-damage|p2a: Amoonguss|47\/100\n|-enditem|p2a: Amoonguss|Sitrus Berry|[eat]\n|-heal|p2a: Amoonguss|72\/100|[from] item: Sitrus Berry\n|move|p2b: Annihilape|Bulk Up|p2b: Annihilape\n|-boost|p2b: Annihilape|atk|1\n|-boost|p2b: Annihilape|def|1\n|move|p2a: Amoonguss|Bullet Seed|p2b: Annihilape\n|-resisted|p2b: Annihilape\n|-damage|p2b: Annihilape|98\/100\n|-resisted|p2b: Annihilape\n|-damage|p2b: Annihilape|95\/100\n|-hitcount|p2b: Annihilape|2\n|\n|-heal|p2b: Annihilape|100\/100|[from] item: Leftovers\n|upkeep\n|turn|4\n|inactive|rikysama has 30 seconds left.\n|inactive|KinimaP has 30 seconds left.\n|\n|t:|1681743563\n|move|p1a: Corviknight|Brave Bird|p2b: Annihilape\n|-damage|p2b: Annihilape|51\/100\n|-damage|p1a: Corviknight|83\/100|[from] Recoil\n|move|p1b: Ting-Lu|Fissure|p2b: Annihilape|[miss]\n|-miss|p1b: Ting-Lu|p2b: Annihilape\n|move|p2b: Annihilape|Rage Fist|p1a: Corviknight\n|-damage|p1a: Corviknight|37\/100\n|move|p2a: Amoonguss|Bullet Seed|p1b: Ting-Lu\n|-supereffective|p1b: Ting-Lu\n|-crit|p1b: Ting-Lu\n|-damage|p1b: Ting-Lu|64\/100\n|-supereffective|p1b: Ting-Lu\n|-damage|p1b: Ting-Lu|53\/100\n|-supereffective|p1b: Ting-Lu\n|-damage|p1b: Ting-Lu|46\/100\n|-hitcount|p1b: Ting-Lu|3\n|\n|-heal|p2b: Annihilape|57\/100|[from] item: Leftovers\n|-sideend|p1: rikysama|move: Tailwind\n|upkeep\n|turn|5\n|inactive|rikysama has 30 seconds left.\n|\n|t:|1681743595\n|move|p2b: Annihilape|Protect|p2b: Annihilape\n|-singleturn|p2b: Annihilape|Protect\n|move|p1a: Corviknight|Roost|p1a: Corviknight\n|-heal|p1a: Corviknight|87\/100\n|-singleturn|p1a: Corviknight|move: Roost\n|move|p1b: Ting-Lu|Stomping Tantrum|p2b: Annihilape\n|-activate|p2b: Annihilape|move: Protect\n|move|p2a: Amoonguss|Spore|p1b: Ting-Lu\n|-status|p1b: Ting-Lu|slp|[from] move: Spore\n|\n|-heal|p2b: Annihilape|63\/100|[from] item: Leftovers\n|upkeep\n|turn|6\n|inactive|KinimaP has 30 seconds left.\n|\n|t:|1681743629\n|move|p2b: Annihilape|Rage Fist|p1a: Corviknight\n|-damage|p1a: Corviknight|40\/100\n|move|p1a: Corviknight|Brave Bird|p2a: Amoonguss\n|-supereffective|p2a: Amoonguss\n|-damage|p2a: Amoonguss|0 fnt\n|faint|p2a: Amoonguss\n|-damage|p1a: Corviknight|15\/100|[from] Recoil\n|cant|p1b: Ting-Lu|slp\n|\n|-heal|p2b: Annihilape|69\/100|[from] item: Leftovers\n|upkeep\n|\n|t:|1681743643\n|switch|p2a: Flutter Mane|Flutter Mane, L50|100\/100\n|turn|7\n|\n|t:|1681743654\n|move|p2a: Flutter Mane|Shadow Ball|p1a: Corviknight\n|-damage|p1a: Corviknight|0 fnt\n|faint|p1a: Corviknight\n|move|p2b: Annihilape|Drain Punch|p1b: Ting-Lu\n|-supereffective|p1b: Ting-Lu\n|-damage|p1b: Ting-Lu|0 fnt\n|-heal|p2b: Annihilape|95\/100|[from] drain|[of] p1b: Ting-Lu\n|faint|p1b: Ting-Lu\n|\n|-heal|p2b: Annihilape|100\/100|[from] item: Leftovers\n|upkeep\n|\n|t:|1681743664\n|switch|p1a: Flutter Mane|Flutter Mane, L50|100\/100\n|switch|p1b: Gyarados|Gyarados, L50, M|100\/100\n|-ability|p1b: Gyarados|Intimidate|boost\n|-unboost|p2a: Flutter Mane|atk|1\n|-unboost|p2b: Annihilape|atk|1\n|turn|8\n|\n|t:|1681743681\n|-terastallize|p1a: Flutter Mane|Fairy\n|move|p2b: Annihilape|Protect|p2b: Annihilape\n|-singleturn|p2b: Annihilape|Protect\n|move|p1a: Flutter Mane|Shadow Ball|p2b: Annihilape\n|-activate|p2b: Annihilape|move: Protect\n|move|p2a: Flutter Mane|Icy Wind|p1a: Flutter Mane|[spread] p1a,p1b\n|-damage|p1a: Flutter Mane|87\/100\n|-damage|p1b: Gyarados|90\/100\n|-unboost|p1a: Flutter Mane|spe|1\n|-unboost|p1b: Gyarados|spe|1\n|move|p1b: Gyarados|Thunder Wave|p2a: Flutter Mane\n|-status|p2a: Flutter Mane|par\n|\n|upkeep\n|turn|9\n|\n|t:|1681743702\n|-end|p2a: Flutter Mane|Protosynthesis|[silent]\n|switch|p2a: Ting-Lu|Ting-Lu, L50|100\/100\n|-ability|p2a: Ting-Lu|Vessel of Ruin\n|move|p1a: Flutter Mane|Shadow Ball|p2b: Annihilape\n|-damage|p2b: Annihilape|66\/100\n|-unboost|p2b: Annihilape|spd|1\n|move|p2b: Annihilape|Rage Fist|p1b: Gyarados\n|-damage|p1b: Gyarados|5\/100\n|-enditem|p1b: Gyarados|Aguav Berry|[eat]\n|-heal|p1b: Gyarados|39\/100|[from] item: Aguav Berry\n|move|p1b: Gyarados|Thunder Wave|p2b: Annihilape\n|-status|p2b: Annihilape|par\n|\n|-heal|p2b: Annihilape|72\/100 par|[from] item: Leftovers\n|upkeep\n|turn|10\n|inactive|KinimaP has 30 seconds left.\n|\n|t:|1681743728\n|move|p1a: Flutter Mane|Shadow Ball|p2b: Annihilape\n|-damage|p2b: Annihilape|21\/100 par\n|move|p1b: Gyarados|Waterfall|p2a: Ting-Lu\n|-supereffective|p2a: Ting-Lu\n|-damage|p2a: Ting-Lu|58\/100\n|move|p2a: Ting-Lu|Rock Slide|p1a: Flutter Mane|[spread] p1a,p1b\n|-supereffective|p1b: Gyarados\n|-damage|p1a: Flutter Mane|60\/100\n|-damage|p1b: Gyarados|8\/100\n|move|p2b: Annihilape|Rage Fist|p1a: Flutter Mane\n|-damage|p1a: Flutter Mane|0 fnt\n|faint|p1a: Flutter Mane\n|-end|p1a: Flutter Mane|Protosynthesis|[silent]\n|\n|-heal|p2b: Annihilape|27\/100 par|[from] item: Leftovers\n|upkeep\n|turn|11\n|-message|rikysama forfeited.\n|\n|win|KinimaP\n|raw|rikysama's rating: 1391 → 1376<\/strong> (-15 for losing)\n|raw|KinimaP's rating: 1484 → 1499<\/strong> (+15 for winning)\n|l|\u2606rikysama\n","uploadtime":1681743872,"views":12,"p1id":"rikysama","p2id":"kinimap","formatid":"gen9vgc2023regulationc","rating":1376,"private":0,"password":""}