{"id":"gen9vgc2023regulationc-1846033685","p1":"Emiker","p2":"guavatest","format":"[Gen 9] VGC 2023 Regulation C","log":"|j|\u2606Emiker\n|j|\u2606guavatest\n|t:|1681794829\n|gametype|doubles\n|player|p1|Emiker|red|1315\n|player|p2|guavatest|266|1321\n|teamsize|p1|6\n|teamsize|p2|6\n|gen|9\n|tier|[Gen 9] VGC 2023 Regulation C\n|rated|\n|rule|Species Clause: Limit one of each Pok\u00e9mon\n|rule|Item Clause: Limit one of each item\n|clearpoke\n|poke|p1|Flutter Mane, L50|\n|poke|p1|Palafin, L50, M|\n|poke|p1|Amoonguss, L50, F|\n|poke|p1|Arcanine, L50, F|\n|poke|p1|Ting-Lu, L50|\n|poke|p1|Dragapult, L50, M|\n|poke|p2|Gyarados, L50, M|\n|poke|p2|Garchomp, L50, M|\n|poke|p2|Iron Hands, L50|\n|poke|p2|Amoonguss, L50, M|\n|poke|p2|Flutter Mane, L50|\n|poke|p2|Chien-Pao, L50|\n|teampreview|4\n|\n|t:|1681794851\n|start\n|switch|p1a: Dragapult|Dragapult, L50, M, shiny|100\/100\n|switch|p1b: Palafin|Palafin, L50, M, shiny|100\/100\n|switch|p2a: Iron Hands|Iron Hands, L50|100\/100\n|switch|p2b: Amoonguss|Amoonguss, L50, M|100\/100\n|turn|1\n|\n|t:|1681794867\n|move|p1b: Palafin|Protect|p1b: Palafin\n|-singleturn|p1b: Palafin|Protect\n|move|p2a: Iron Hands|Fake Out|p1b: Palafin\n|-activate|p1b: Palafin|move: Protect\n|move|p1a: Dragapult|U-turn|p2b: Amoonguss\n|-damage|p2b: Amoonguss|72\/100\n|\n|t:|1681794874\n|switch|p1a: Arcanine|Arcanine, L50, F, shiny|100\/100|[from] U-turn\n|-ability|p1a: Arcanine|Intimidate|boost\n|-unboost|p2a: Iron Hands|atk|1\n|-unboost|p2b: Amoonguss|atk|1\n|move|p2b: Amoonguss|Spore|p1a: Arcanine\n|-activate|p1a: Arcanine|item: Safety Goggles|Spore\n|\n|upkeep\n|turn|2\n|\n|t:|1681794886\n|detailschange|p1b: Palafin|Palafin-Hero, L50, M, shiny\n|switch|p1b: Dragapult|Dragapult, L50, M, shiny|100\/100\n|switch|p2b: Gyarados|Gyarados, L50, M|100\/100\n|-ability|p2b: Gyarados|Intimidate|boost\n|-unboost|p1a: Arcanine|atk|1\n|-fail|p1b: Dragapult|unboost|[from] ability: Clear Body|[of] p1b: Dragapult\n|move|p1a: Arcanine|Flare Blitz|p2b: Gyarados\n|-resisted|p2b: Gyarados\n|-damage|p2b: Gyarados|81\/100\n|-damage|p1a: Arcanine|94\/100|[from] Recoil\n|move|p2a: Iron Hands|Volt Switch|p1b: Dragapult\n|-resisted|p1b: Dragapult\n|-damage|p1b: Dragapult|90\/100\n|\n|t:|1681794904\n|-end|p2a: Iron Hands|Quark Drive|[silent]\n|switch|p2a: Chien-Pao|Chien-Pao, L50|100\/100|[from] Volt Switch\n|-ability|p2a: Chien-Pao|Sword of Ruin\n|\n|upkeep\n|turn|3\n|\n|t:|1681794925\n|-terastallize|p1b: Dragapult|Steel\n|move|p2a: Chien-Pao|Protect|p2a: Chien-Pao\n|-singleturn|p2a: Chien-Pao|Protect\n|move|p1b: Dragapult|U-turn|p2a: Chien-Pao\n|-activate|p2a: Chien-Pao|move: Protect\n|move|p1a: Arcanine|Will-O-Wisp|p2b: Gyarados\n|-status|p2b: Gyarados|brn\n|move|p2b: Gyarados|Thunder Wave|p1b: Dragapult\n|-status|p1b: Dragapult|par\n|\n|-damage|p2b: Gyarados|76\/100 brn|[from] brn\n|upkeep\n|turn|4\n|\n|t:|1681794945\n|switch|p1b: Palafin|Palafin-Hero, L50, M, shiny|100\/100\n|-activate|p1b: Palafin|ability: Zero to Hero\n|move|p2a: Chien-Pao|Sacred Sword|p1b: Palafin\n|-damage|p1b: Palafin|65\/100\n|move|p1a: Arcanine|Flare Blitz|p2a: Chien-Pao\n|-supereffective|p2a: Chien-Pao\n|-damage|p2a: Chien-Pao|12\/100\n|-damage|p1a: Arcanine|70\/100|[from] Recoil\n|move|p2b: Gyarados|Thunder Wave|p1a: Arcanine\n|-status|p1a: Arcanine|par\n|\n|-damage|p2b: Gyarados|70\/100 brn|[from] brn\n|upkeep\n|turn|5\n|\n|t:|1681794967\n|switch|p2a: Amoonguss|Amoonguss, L50, M|100\/100\n|switch|p1b: Dragapult|Dragapult, L50, M, shiny, tera:Steel|90\/100 par\n|move|p1a: Arcanine|Extreme Speed|p2a: Amoonguss\n|-damage|p2a: Amoonguss|87\/100\n|move|p2b: Gyarados|Thunder Wave|p1b: Dragapult\n|-fail|p1b: Dragapult|par\n|\n|-damage|p2b: Gyarados|64\/100 brn|[from] brn\n|upkeep\n|turn|6\n|\n|t:|1681794983\n|move|p2a: Amoonguss|Rage Powder|p2a: Amoonguss\n|-singleturn|p2a: Amoonguss|move: Rage Powder\n|move|p2b: Gyarados|Waterfall|p1a: Arcanine\n|-supereffective|p1a: Arcanine\n|-crit|p1a: Arcanine\n|-damage|p1a: Arcanine|0 fnt\n|faint|p1a: Arcanine\n|cant|p1b: Dragapult|par\n|\n|-damage|p2b: Gyarados|58\/100 brn|[from] brn\n|upkeep\n|\n|t:|1681794994\n|switch|p1a: Flutter Mane|Flutter Mane, L50|100\/100\n|-enditem|p1a: Flutter Mane|Booster Energy\n|-activate|p1a: Flutter Mane|ability: Protosynthesis|[fromitem]\n|-start|p1a: Flutter Mane|protosynthesisspa\n|turn|7\n|\n|t:|1681795006\n|move|p1a: Flutter Mane|Protect|p1a: Flutter Mane\n|-singleturn|p1a: Flutter Mane|Protect\n|move|p2a: Amoonguss|Rage Powder|p2a: Amoonguss\n|-singleturn|p2a: Amoonguss|move: Rage Powder\n|move|p2b: Gyarados|Iron Head|p1a: Flutter Mane\n|-activate|p1a: Flutter Mane|move: Protect\n|move|p1b: Dragapult|Dragon Darts|p2a: Amoonguss\n|-damage|p2a: Amoonguss|60\/100\n|-anim|p1b: Dragapult|Dragon Darts|p2a: Amoonguss\n|-damage|p2a: Amoonguss|31\/100\n|\n|-damage|p2b: Gyarados|52\/100 brn|[from] brn\n|upkeep\n|turn|8\n|\n|t:|1681795036\n|move|p2a: Amoonguss|Protect|p2a: Amoonguss\n|-singleturn|p2a: Amoonguss|Protect\n|move|p1a: Flutter Mane|Shadow Ball|p2b: Gyarados\n|-damage|p2b: Gyarados|0 fnt\n|faint|p2b: Gyarados\n|move|p1b: Dragapult|Dragon Darts|p2a: Amoonguss\n|-activate|p2a: Amoonguss|move: Protect\n|\n|upkeep\n|\n|t:|1681795045\n|switch|p2b: Iron Hands|Iron Hands, L50|100\/100\n|turn|9\n|\n|t:|1681795068\n|-terastallize|p2b: Iron Hands|Grass\n|move|p1a: Flutter Mane|Protect|p1a: Flutter Mane\n|-singleturn|p1a: Flutter Mane|Protect\n|move|p2a: Amoonguss|Rage Powder|p2a: Amoonguss\n|-singleturn|p2a: Amoonguss|move: Rage Powder\n|cant|p1b: Dragapult|par\n|move|p2b: Iron Hands|Wild Charge|p1a: Flutter Mane\n|-activate|p1a: Flutter Mane|move: Protect\n|\n|upkeep\n|turn|10\n|\n|t:|1681795088\n|switch|p1b: Palafin|Palafin-Hero, L50, M, shiny|65\/100\n|move|p2a: Amoonguss|Protect|p2a: Amoonguss\n|-singleturn|p2a: Amoonguss|Protect\n|move|p1a: Flutter Mane|Shadow Ball|p2a: Amoonguss\n|-activate|p2a: Amoonguss|move: Protect\n|move|p2b: Iron Hands|Wild Charge|p1a: Flutter Mane\n|-damage|p1a: Flutter Mane|4\/100\n|-damage|p2b: Iron Hands|84\/100|[from] Recoil\n|\n|upkeep\n|turn|11\n|\n|t:|1681795109\n|-end|p1a: Flutter Mane|Protosynthesis|[silent]\n|switch|p1a: Dragapult|Dragapult, L50, M, shiny, tera:Steel|90\/100 par\n|move|p2a: Amoonguss|Rage Powder|p2a: Amoonguss\n|-singleturn|p2a: Amoonguss|move: Rage Powder\n|move|p1b: Palafin|Wave Crash|p2a: Amoonguss\n|-resisted|p2a: Amoonguss\n|-damage|p2a: Amoonguss|0 fnt\n|faint|p2a: Amoonguss\n|-damage|p1b: Palafin|54\/100|[from] Recoil\n|move|p2b: Iron Hands|Volt Switch|p1b: Palafin\n|-supereffective|p1b: Palafin\n|-damage|p1b: Palafin|30\/100\n|\n|t:|1681795118\n|-end|p2b: Iron Hands|Quark Drive|[silent]\n|switch|p2b: Chien-Pao|Chien-Pao, L50|12\/100|[from] Volt Switch\n|-ability|p2b: Chien-Pao|Sword of Ruin\n|\n|upkeep\n|\n|t:|1681795120\n|switch|p2a: Iron Hands|Iron Hands, L50, tera:Grass|84\/100\n|turn|12\n|\n|t:|1681795140\n|switch|p1a: Flutter Mane|Flutter Mane, L50|4\/100\n|move|p2a: Iron Hands|Fake Out|p1b: Palafin\n|-damage|p1b: Palafin|12\/100\n|cant|p1b: Palafin|flinch\n|move|p2b: Chien-Pao|Sacred Sword|p1a: Flutter Mane\n|-immune|p1a: Flutter Mane\n|\n|upkeep\n|turn|13\n|\n|t:|1681795163\n|-end|p1a: Flutter Mane|Protosynthesis|[silent]\n|switch|p1a: Dragapult|Dragapult, L50, M, shiny, tera:Steel|90\/100 par\n|move|p2b: Chien-Pao|Sucker Punch|p1b: Palafin\n|-damage|p1b: Palafin|0 fnt\n|faint|p1b: Palafin\n|move|p2a: Iron Hands|Wild Charge|p1a: Dragapult\n|-damage|p1a: Dragapult|0 fnt\n|faint|p1a: Dragapult\n|-damage|p2a: Iron Hands|67\/100|[from] Recoil\n|\n|upkeep\n|-message|Emiker forfeited.\n|\n|win|guavatest\n|raw|Emiker's rating: 1315 → 1295<\/strong> (-20 for losing)\n|raw|guavatest's rating: 1321 → 1341<\/strong> (+20 for winning)\n","uploadtime":1681795177,"views":8,"p1id":"emiker","p2id":"guavatest","formatid":"gen9vgc2023regulationc","rating":1295,"private":0,"password":""}