{"id":"gen9vgc2023regulationc-1861415379","p1":"Hikaru_VT1","p2":"abGodc","format":"[Gen 9] VGC 2023 Regulation C","log":"|j|\u2606Hikaru_VT1\n|j|\u2606abGodc\n|t:|1683755229\n|gametype|doubles\n|player|p1|Hikaru_VT1|266|1342\n|player|p2|abGodc|2|1384\n|teamsize|p1|6\n|teamsize|p2|6\n|gen|9\n|tier|[Gen 9] VGC 2023 Regulation C\n|rated|\n|rule|Species Clause: Limit one of each Pok\u00e9mon\n|rule|Item Clause: Limit one of each item\n|clearpoke\n|poke|p1|Flutter Mane, L50|\n|poke|p1|Chi-Yu, L50|\n|poke|p1|Roaring Moon, L50|\n|poke|p1|Jumpluff, L50, F|\n|poke|p1|Torkoal, L50, M|\n|poke|p1|Gyarados, L50, M|\n|poke|p2|Chien-Pao, L50|\n|poke|p2|Flutter Mane, L50|\n|poke|p2|Iron Bundle, L50|\n|poke|p2|Scizor, L50, M|\n|poke|p2|Arcanine, L50, M|\n|poke|p2|Breloom, L50, F|\n|teampreview|4\n|inactive|Battle timer is ON: inactive players will automatically lose when time's up. (requested by abGodc)\n|\n|t:|1683755257\n|start\n|switch|p1a: Jumpluff|Jumpluff, L50, F|100\/100\n|switch|p1b: Chi-Yu|Chi-Yu, L50|100\/100\n|switch|p2a: Iron Bundle|Iron Bundle, L50|100\/100\n|switch|p2b: Breloom|Breloom, L50, F|100\/100\n|-ability|p1b: Chi-Yu|Beads of Ruin\n|-enditem|p2a: Iron Bundle|Booster Energy\n|-activate|p2a: Iron Bundle|ability: Quark Drive|[fromitem]\n|-start|p2a: Iron Bundle|quarkdrivespe\n|turn|1\n|\n|t:|1683755267\n|switch|p1b: Torkoal|Torkoal, L50, M|100\/100\n|-weather|SunnyDay|[from] ability: Drought|[of] p1b: Torkoal\n|move|p2b: Breloom|Mach Punch|p1b: Torkoal\n|-damage|p1b: Torkoal|71\/100\n|move|p1a: Jumpluff|Sleep Powder|p2a: Iron Bundle|[miss]\n|-miss|p1a: Jumpluff|p2a: Iron Bundle\n|move|p2a: Iron Bundle|Freeze-Dry|p1a: Jumpluff\n|-supereffective|p1a: Jumpluff\n|-enditem|p1a: Jumpluff|Focus Sash\n|-damage|p1a: Jumpluff|1\/100\n|\n|-weather|SunnyDay|[upkeep]\n|upkeep\n|turn|2\n|\n|t:|1683755281\n|move|p1a: Jumpluff|Protect|p1a: Jumpluff\n|-singleturn|p1a: Jumpluff|Protect\n|move|p2a: Iron Bundle|Icy Wind|p1b: Torkoal|[spread] p1b\n|-activate|p1a: Jumpluff|move: Protect\n|-resisted|p1b: Torkoal\n|-crit|p1b: Torkoal\n|-damage|p1b: Torkoal|49\/100\n|-unboost|p1b: Torkoal|spe|1\n|move|p2b: Breloom|Spore|p1b: Torkoal\n|-status|p1b: Torkoal|slp|[from] move: Spore\n|cant|p1b: Torkoal|slp\n|\n|-weather|SunnyDay|[upkeep]\n|upkeep\n|turn|3\n|\n|t:|1683755294\n|move|p2b: Breloom|Mach Punch|p1a: Jumpluff\n|-resisted|p1a: Jumpluff\n|-damage|p1a: Jumpluff|0 fnt\n|faint|p1a: Jumpluff\n|move|p2a: Iron Bundle|Hydro Pump|p1b: Torkoal\n|-supereffective|p1b: Torkoal\n|-damage|p1b: Torkoal|0 fnt\n|faint|p1b: Torkoal\n|\n|-weather|SunnyDay|[upkeep]\n|upkeep\n|\n|t:|1683755296\n|switch|p1a: Chi-Yu|Chi-Yu, L50|100\/100\n|switch|p1b: Roaring Moon|Roaring Moon, L50|100\/100\n|-activate|p1b: Roaring Moon|ability: Protosynthesis\n|-start|p1b: Roaring Moon|protosynthesisatk\n|-ability|p1a: Chi-Yu|Beads of Ruin\n|turn|4\n|\n|t:|1683755307\n|-terastallize|p1a: Chi-Yu|Grass\n|move|p1b: Roaring Moon|Protect|p1b: Roaring Moon\n|-singleturn|p1b: Roaring Moon|Protect\n|move|p2b: Breloom|Mach Punch|p1a: Chi-Yu\n|-damage|p1a: Chi-Yu|61\/100\n|move|p2a: Iron Bundle|Icy Wind|p1a: Chi-Yu|[spread] p1a\n|-activate|p1b: Roaring Moon|move: Protect\n|-supereffective|p1a: Chi-Yu\n|-damage|p1a: Chi-Yu|22\/100\n|-unboost|p1a: Chi-Yu|spe|1\n|move|p1a: Chi-Yu|Tera Blast|p2a: Iron Bundle\n|-supereffective|p2a: Iron Bundle\n|-damage|p2a: Iron Bundle|0 fnt\n|faint|p2a: Iron Bundle\n|-end|p2a: Iron Bundle|Quark Drive|[silent]\n|\n|-weather|SunnyDay|[upkeep]\n|upkeep\n|\n|t:|1683755313\n|switch|p2a: Arcanine|Arcanine, L50, M|100\/100\n|-ability|p2a: Arcanine|Intimidate|boost\n|-unboost|p1a: Chi-Yu|atk|1\n|-unboost|p1b: Roaring Moon|atk|1\n|turn|5\n|\n|t:|1683755322\n|move|p2b: Breloom|Mach Punch|p1a: Chi-Yu\n|-damage|p1a: Chi-Yu|0 fnt\n|faint|p1a: Chi-Yu\n|move|p1b: Roaring Moon|Acrobatics|p2b: Breloom\n|-supereffective|p2b: Breloom\n|-enditem|p2b: Breloom|Focus Sash\n|-damage|p2b: Breloom|1\/100\n|move|p2a: Arcanine|Will-O-Wisp|p1b: Roaring Moon\n|-status|p1b: Roaring Moon|brn\n|\n|-weather|none\n|-end|p1b: Roaring Moon|Protosynthesis\n|-damage|p1b: Roaring Moon|95\/100 brn|[from] brn\n|upkeep\n|turn|6\n|\n|t:|1683755329\n|move|p2a: Arcanine|Extreme Speed|p1b: Roaring Moon\n|-damage|p1b: Roaring Moon|66\/100 brn\n|move|p2b: Breloom|Mach Punch|p1b: Roaring Moon\n|-supereffective|p1b: Roaring Moon\n|-damage|p1b: Roaring Moon|0 fnt\n|faint|p1b: Roaring Moon\n|-end|p1b: Roaring Moon|Protosynthesis|[silent]\n|\n|win|abGodc\n|raw|Hikaru_VT1's rating: 1342 → 1324<\/strong> (-18 for losing)\n|raw|abGodc's rating: 1384 → 1402<\/strong> (+18 for winning)\n|l|\u2606Hikaru_VT1\n","uploadtime":1683755337,"views":6,"p1id":"hikaruvt1","p2id":"abgodc","formatid":"gen9vgc2023regulationc","rating":1324,"private":0,"password":""}