{"id":"gen9vgc2023regulationc-1856346035","p1":"Cyalia","p2":"vrumvrumnatal","format":"[Gen 9] VGC 2023 Regulation C","log":"|j|\u2606Cyalia\n|j|\u2606vrumvrumnatal\n|t:|1683052782\n|gametype|doubles\n|player|p1|Cyalia|guitarist|1341\n|player|p2|vrumvrumnatal|102|1363\n|teamsize|p1|6\n|teamsize|p2|6\n|gen|9\n|tier|[Gen 9] VGC 2023 Regulation C\n|rated|\n|rule|Species Clause: Limit one of each Pok\u00e9mon\n|rule|Item Clause: Limit one of each item\n|clearpoke\n|poke|p1|Flutter Mane, L50|\n|poke|p1|Ting-Lu, L50|\n|poke|p1|Chi-Yu, L50|\n|poke|p1|Gyarados, L50, M|\n|poke|p1|Amoonguss, L50, F|\n|poke|p1|Glimmora, L50, M|\n|poke|p2|Chien-Pao, L50|\n|poke|p2|Dragonite, L50, F|\n|poke|p2|Kingambit, L50, M|\n|poke|p2|Gyarados, L50, M|\n|poke|p2|Great Tusk, L50|\n|poke|p2|Flutter Mane, L50|\n|teampreview|4\nCyalia has agreed to open team sheets.\n|inactive|Battle timer is ON: inactive players will automatically lose when time's up. (requested by vrumvrumnatal)\n|inactive|Cyalia has 60 seconds left.\n|\n|t:|1683052874\n|start\n|switch|p1a: Glimmora|Glimmora, L50, M, shiny|100\/100\n|switch|p1b: Ting-Lu|Ting-Lu, L50|100\/100\n|switch|p2a: Kingambit|Kingambit, L50, M|100\/100\n|switch|p2b: Flutter Mane|Flutter Mane, L50|100\/100\n|-ability|p1b: Ting-Lu|Vessel of Ruin\n|-enditem|p2b: Flutter Mane|Booster Energy\n|-activate|p2b: Flutter Mane|ability: Protosynthesis|[fromitem]\n|-start|p2b: Flutter Mane|protosynthesisspa\n|turn|1\n|inactive|Cyalia has 30 seconds left.\n|inactive|vrumvrumnatal has 30 seconds left.\n|\n|t:|1683052906\n|-end|p2b: Flutter Mane|Protosynthesis|[silent]\n|switch|p2b: Gyarados|Gyarados, L50, M, shiny|100\/100\n|-ability|p2b: Gyarados|Intimidate|boost\n|-unboost|p1a: Glimmora|atk|1\n|-unboost|p1b: Ting-Lu|atk|1\n|-terastallize|p1b: Ting-Lu|Water\n|move|p1a: Glimmora|Mortal Spin|p2a: Kingambit|[spread] p2b\n|-immune|p2a: Kingambit\n|-damage|p2b: Gyarados|99\/100\n|-status|p2b: Gyarados|psn\n|move|p2a: Kingambit|Low Kick|p1b: Ting-Lu\n|-damage|p1b: Ting-Lu|70\/100\n|move|p1b: Ting-Lu|Heavy Slam|p2b: Gyarados\n|-resisted|p2b: Gyarados\n|-crit|p2b: Gyarados\n|-damage|p2b: Gyarados|85\/100 psn\n|\n|-heal|p2b: Gyarados|91\/100 psn|[from] item: Leftovers\n|-damage|p2b: Gyarados|79\/100 psn|[from] psn\n|upkeep\n|turn|2\n|inactive|Cyalia has 30 seconds left.\n|inactive|vrumvrumnatal has 30 seconds left.\n|inactive|Cyalia has 20 seconds left.\n|inactive|Cyalia has 15 seconds left.\n|\n|t:|1683052949\n|move|p1a: Glimmora|Power Gem|p2b: Gyarados\n|-supereffective|p2b: Gyarados\n|-damage|p2b: Gyarados|22\/100 psn\n|move|p2b: Gyarados|Thunder Wave|p1b: Ting-Lu\n|-status|p1b: Ting-Lu|par\n|move|p2a: Kingambit|Iron Head|p1a: Glimmora\n|-supereffective|p1a: Glimmora\n|-enditem|p1a: Glimmora|Focus Sash\n|-damage|p1a: Glimmora|1\/100\n|move|p1b: Ting-Lu|Sand Tomb|p2a: Kingambit\n|-supereffective|p2a: Kingambit\n|-damage|p2a: Kingambit|81\/100\n|-activate|p2a: Kingambit|move: Sand Tomb|[of] p1b: Ting-Lu\n|\n|-heal|p2b: Gyarados|28\/100 psn|[from] item: Leftovers\n|-damage|p2b: Gyarados|15\/100 psn|[from] psn\n|-damage|p2a: Kingambit|69\/100|[from] move: Sand Tomb|[partiallytrapped]\n|upkeep\n|turn|3\n|inactive|vrumvrumnatal has 30 seconds left.\n|\n|t:|1683052977\n|switch|p2b: Great Tusk|Great Tusk, L50|100\/100\n|move|p1a: Glimmora|Spiky Shield|p1a: Glimmora\n|-singleturn|p1a: Glimmora|move: Protect\n|move|p2a: Kingambit|Sucker Punch||[still]\n|-fail|p2a: Kingambit\n|cant|p1b: Ting-Lu|par\n|\n|-damage|p2a: Kingambit|57\/100|[from] move: Sand Tomb|[partiallytrapped]\n|upkeep\n|turn|4\n|inactive|Cyalia has 30 seconds left.\n|\n|t:|1683053003\n|move|p2a: Kingambit|Sucker Punch|p1a: Glimmora\n|-damage|p1a: Glimmora|0 fnt\n|faint|p1a: Glimmora\n|move|p2b: Great Tusk|Rock Slide|p1b: Ting-Lu\n|-damage|p1b: Ting-Lu|52\/100 par\n|move|p1b: Ting-Lu|Stomping Tantrum|p2a: Kingambit\n|-supereffective|p2a: Kingambit\n|-damage|p2a: Kingambit|0 fnt\n|faint|p2a: Kingambit\n|\n|upkeep\n|\n|t:|1683053017\n|switch|p1a: Flutter Mane|Flutter Mane, L50, shiny|100\/100\n|switch|p2a: Flutter Mane|Flutter Mane, L50|100\/100\n|turn|5\n|inactive|vrumvrumnatal has 30 seconds left.\n|inactive|vrumvrumnatal has 20 seconds left.\n|\n|t:|1683053056\n|-end|p2b: Great Tusk|Protosynthesis|[silent]\n|switch|p2b: Gyarados|Gyarados, L50, M, shiny|15\/100 psn\n|-ability|p2b: Gyarados|Intimidate|boost\n|-unboost|p1a: Flutter Mane|atk|1\n|-unboost|p1b: Ting-Lu|atk|1\n|-terastallize|p2a: Flutter Mane|Fairy\n|move|p1a: Flutter Mane|Dazzling Gleam|p2a: Flutter Mane|[spread] p2a,p2b\n|-damage|p2a: Flutter Mane|68\/100\n|-damage|p2b: Gyarados|0 fnt\n|faint|p2b: Gyarados\n|move|p2a: Flutter Mane|Moonblast|p1b: Ting-Lu\n|-damage|p1b: Ting-Lu|31\/100 par\n|move|p1b: Ting-Lu|Heavy Slam|p2a: Flutter Mane\n|-supereffective|p2a: Flutter Mane\n|-damage|p2a: Flutter Mane|9\/100\n|\n|upkeep\n|\n|t:|1683053069\n|switch|p2b: Great Tusk|Great Tusk, L50|100\/100\n|turn|6\n|\n|t:|1683053077\n|move|p2a: Flutter Mane|Protect|p2a: Flutter Mane\n|-singleturn|p2a: Flutter Mane|Protect\n|move|p2b: Great Tusk|Earthquake|p1b: Ting-Lu|[spread] p1a,p1b\n|-activate|p2a: Flutter Mane|move: Protect\n|-damage|p1a: Flutter Mane|27\/100\n|-damage|p1b: Ting-Lu|6\/100 par\n|move|p1a: Flutter Mane|Dazzling Gleam|p2a: Flutter Mane|[spread] p2b\n|-activate|p2a: Flutter Mane|move: Protect\n|-supereffective|p2b: Great Tusk\n|-damage|p2b: Great Tusk|0 fnt\n|faint|p2b: Great Tusk\n|-end|p2b: Great Tusk|Protosynthesis|[silent]\n|move|p1b: Ting-Lu|Stomping Tantrum|p2a: Flutter Mane\n|-activate|p2a: Flutter Mane|move: Protect\n|\n|upkeep\n|turn|7\n|\n|t:|1683053092\n|move|p1a: Flutter Mane|Dazzling Gleam|p2a: Flutter Mane\n|-damage|p2a: Flutter Mane|0 fnt\n|faint|p2a: Flutter Mane\n|-end|p2a: Flutter Mane|Protosynthesis|[silent]\n|\n|win|Cyalia\n|raw|Cyalia's rating: 1341 → 1362<\/strong> (+21 for winning)\n|raw|vrumvrumnatal's rating: 1363 → 1342<\/strong> (-21 for losing)\n||Ladder isn't responding, score probably updated but might not have (Request timeout).\n","uploadtime":1683053105,"views":16,"p1id":"cyalia","p2id":"vrumvrumnatal","formatid":"gen9vgc2023regulationc","rating":1342,"private":0,"password":""}