{"id":"gen9vgc2023regulationc-1857113827","p1":"litofsky","p2":"alessrierai","format":"[Gen 9] VGC 2023 Regulation C","log":"|j|\u2606litofsky\n|j|\u2606alessrierai\n|t:|1683147158\n|gametype|doubles\n|player|p1|litofsky|169|1221\n|player|p2|alessrierai|linebacker|1199\n|teamsize|p1|6\n|teamsize|p2|6\n|gen|9\n|tier|[Gen 9] VGC 2023 Regulation C\n|rated|\n|rule|Species Clause: Limit one of each Pok\u00e9mon\n|rule|Item Clause: Limit one of each item\n|clearpoke\n|poke|p1|Dragonite, L50, F|\n|poke|p1|Ting-Lu, L50|\n|poke|p1|Flutter Mane, L50|\n|poke|p1|Palafin, L50, M|\n|poke|p1|Orthworm, L50, M|\n|poke|p1|Arcanine, L50, M|\n|poke|p2|Baxcalibur, L50, M|\n|poke|p2|Chi-Yu, L50|\n|poke|p2|Abomasnow, L50, M|\n|poke|p2|Palafin, L50, F|\n|poke|p2|Flutter Mane, L50|\n|poke|p2|Scizor, L50, M|\n|teampreview|4\n|inactive|Battle timer is ON: inactive players will automatically lose when time's up. (requested by alessrierai)\n|inactive|litofsky has 60 seconds left.\n|inactive|alessrierai has 60 seconds left.\n|\n|t:|1683147204\n|start\n|switch|p1a: Orthworm|Orthworm, L50, M, shiny|100\/100\n|switch|p1b: Palafin|Palafin, L50, M, shiny|100\/100\n|switch|p2a: Chi-Yu|Chi-Yu, L50|100\/100\n|switch|p2b: Palafin|Palafin, L50, F|100\/100\n|-ability|p2a: Chi-Yu|Beads of Ruin\n|turn|1\n|inactive|alessrierai has 30 seconds left.\n|\n|t:|1683147234\n|detailschange|p2b: Palafin|Palafin-Hero, L50, F\n|switch|p2b: Baxcalibur|Baxcalibur, L50, M|100\/100\n|detailschange|p1b: Palafin|Palafin-Hero, L50, M, shiny\n|switch|p1b: Arcanine|Arcanine, L50, M, shiny|100\/100\n|-ability|p1b: Arcanine|Intimidate|boost\n|-unboost|p2a: Chi-Yu|atk|1\n|-fail|p2b: Baxcalibur|unboost|[from] item: Clear Amulet|[of] p2b: Baxcalibur\n|-terastallize|p2a: Chi-Yu|Ghost\n|-terastallize|p1a: Orthworm|Fire\n|move|p2a: Chi-Yu|Will-O-Wisp|p1a: Orthworm|[miss]\n|-miss|p2a: Chi-Yu|p1a: Orthworm\n|move|p1a: Orthworm|Shed Tail|p1a: Orthworm\n|-start|p1a: Orthworm|Substitute|[from] move: Shed Tail\n|-damage|p1a: Orthworm|50\/100\n|-enditem|p1a: Orthworm|Sitrus Berry|[eat]\n|-heal|p1a: Orthworm|75\/100|[from] item: Sitrus Berry\n|\n|t:|1683147253\n|switch|p1a: Dragonite|Dragonite, L50, F, shiny|100\/100|[from] Shed Tail\n|\n|upkeep\n|turn|2\n|\n|t:|1683147275\n|move|p2a: Chi-Yu|Dark Pulse|p1b: Arcanine\n|-damage|p1b: Arcanine|40\/100\n|move|p1b: Arcanine|Flare Blitz|p2b: Baxcalibur\n|-crit|p2b: Baxcalibur\n|-damage|p2b: Baxcalibur|39\/100\n|-ability|p2b: Baxcalibur|Thermal Exchange|boost\n|-boost|p2b: Baxcalibur|atk|1\n|-damage|p1b: Arcanine|19\/100|[from] Recoil\n|move|p2b: Baxcalibur|Glaive Rush|p1a: Dragonite\n|-supereffective|p1a: Dragonite\n|-end|p1a: Dragonite|Substitute\n|-singlemove|p2b: Baxcalibur|Glaive Rush|[silent]\n|move|p1a: Dragonite|Dragon Dance|p1a: Dragonite\n|-boost|p1a: Dragonite|atk|1\n|-boost|p1a: Dragonite|spe|1\n|\n|upkeep\n|turn|3\n|\n|t:|1683147299\n|switch|p1b: Orthworm|Orthworm, L50, M, shiny, tera:Fire|75\/100\n|move|p2b: Baxcalibur|Protect|p2b: Baxcalibur\n|-singleturn|p2b: Baxcalibur|Protect\n|move|p1a: Dragonite|Earthquake|p2b: Baxcalibur|[spread] p2a\n|-activate|p2b: Baxcalibur|move: Protect\n|-heal|p1b: Orthworm|100\/100|[from] ability: Earth Eater|[of] p1a: Dragonite\n|-damage|p2a: Chi-Yu|35\/100\n|move|p2a: Chi-Yu|Heat Wave|p1a: Dragonite|[spread] p1a,p1b\n|-resisted|p1a: Dragonite\n|-resisted|p1b: Orthworm\n|-damage|p1a: Dragonite|89\/100\n|-damage|p1b: Orthworm|73\/100\n|\n|upkeep\n|turn|4\n|inactive|alessrierai has 30 seconds left.\n|inactive|litofsky has 30 seconds left.\n|\n|t:|1683147331\n|move|p1a: Dragonite|Extreme Speed|p2b: Baxcalibur\n|-damage|p2b: Baxcalibur|0 fnt\n|faint|p2b: Baxcalibur\n|move|p2a: Chi-Yu|Dark Pulse|p1b: Orthworm\n|-damage|p1b: Orthworm|18\/100\n|cant|p1b: Orthworm|flinch\n|\n|upkeep\n|\n|t:|1683147343\n|switch|p2b: Flutter Mane|Flutter Mane, L50|100\/100\n|-enditem|p2b: Flutter Mane|Booster Energy\n|-activate|p2b: Flutter Mane|ability: Protosynthesis|[fromitem]\n|-start|p2b: Flutter Mane|protosynthesisspa\n|turn|5\n|\n|t:|1683147366\n|move|p2a: Chi-Yu|Protect|p2a: Chi-Yu\n|-singleturn|p2a: Chi-Yu|Protect\n|move|p2b: Flutter Mane|Dazzling Gleam|p1a: Dragonite|[spread] p1a,p1b\n|-supereffective|p1a: Dragonite\n|-resisted|p1b: Orthworm\n|-damage|p1a: Dragonite|0 fnt\n|-damage|p1b: Orthworm|0 fnt\n|faint|p1a: Dragonite\n|faint|p1b: Orthworm\n|\n|upkeep\n|\n|t:|1683147372\n|switch|p1a: Palafin|Palafin-Hero, L50, M, shiny|100\/100\n|switch|p1b: Arcanine|Arcanine, L50, M, shiny|19\/100\n|-ability|p1b: Arcanine|Intimidate|boost\n|-unboost|p2a: Chi-Yu|atk|1\n|-unboost|p2b: Flutter Mane|atk|1\n|-activate|p1a: Palafin|ability: Zero to Hero\n|turn|6\n|inactive|alessrierai has 30 seconds left.\n|inactive|alessrierai has 20 seconds left.\n|inactive|alessrierai has 15 seconds left.\n|inactive|alessrierai has 10 seconds left.\n|l|\u2606litofsky\n|inactive|litofsky disconnected and has a minute to reconnect!\n|player|p1|\n|inactive|alessrierai has 5 seconds left.\n|\n|t:|1683147422\n|move|p1a: Palafin|Jet Punch|p2a: Chi-Yu\n|-damage|p2a: Chi-Yu|0 fnt\n|faint|p2a: Chi-Yu\n|move|p2b: Flutter Mane|Moonblast|p1a: Palafin\n|-damage|p1a: Palafin|32\/100\n|move|p1b: Arcanine|Flare Blitz|p2b: Flutter Mane\n|-damage|p2b: Flutter Mane|13\/100\n|-damage|p1b: Arcanine|0 fnt|[from] Recoil\n|faint|p1b: Arcanine\n|\n|upkeep\n|j|\u2606litofsky\n|inactive|litofsky reconnected.\n|player|p1|litofsky|169\n|\n|t:|1683147434\n|switch|p2a: Palafin|Palafin-Hero, L50, F|100\/100\n|-activate|p2a: Palafin|ability: Zero to Hero\n|turn|7\n|\n|t:|1683147454\n|move|p1a: Palafin|Jet Punch|p2b: Flutter Mane\n|-damage|p2b: Flutter Mane|0 fnt\n|faint|p2b: Flutter Mane\n|-end|p2b: Flutter Mane|Protosynthesis|[silent]\n|move|p2a: Palafin|Wave Crash|p1a: Palafin\n|-resisted|p1a: Palafin\n|-damage|p1a: Palafin|0 fnt\n|faint|p1a: Palafin\n|-damage|p2a: Palafin|90\/100|[from] Recoil\n|\n|win|alessrierai\n|raw|litofsky's rating: 1221 → 1194<\/strong> (-27 for losing)\n|raw|alessrierai's rating: 1199 → 1226<\/strong> (+27 for winning)\n|l|\u2606litofsky\n","uploadtime":1683147473,"views":7,"p1id":"litofsky","p2id":"alessrierai","formatid":"gen9vgc2023regulationc","rating":1194,"private":0,"password":""}