{"id":"gen9vgc2023regulationc-1852009761","p1":"gaioukabs","p2":"shallow sing","format":"[Gen 9] VGC 2023 Regulation C","log":"|j|\u2606gaioukabs\n|j|\u2606shallow sing\n|t:|1682516386\n|gametype|doubles\n|player|p1|gaioukabs|caitlin|\n|player|p2|shallow sing|lillie-masters|\n|teamsize|p1|6\n|teamsize|p2|6\n|gen|9\n|tier|[Gen 9] VGC 2023 Regulation C\n|rule|Species Clause: Limit one of each Pok\u00e9mon\n|rule|Item Clause: Limit one of each item\n|clearpoke\n|poke|p1|Pelipper, L50, F|\n|poke|p1|Palafin, L50, M|\n|poke|p1|Amoonguss, L50, M|\n|poke|p1|Gyarados, L50, M|\n|poke|p1|Flutter Mane, L50|\n|poke|p1|Ting-Lu, L50|\n|poke|p2|Lilligant, L50, F|\n|poke|p2|Torkoal, L50, M|\n|poke|p2|Oranguru, L50, F|\n|poke|p2|Annihilape, L50, M|\n|poke|p2|Sylveon, L50, F|\n|poke|p2|Hatterene, L50, F|\n|teampreview|4\n|inactive|Battle timer is ON: inactive players will automatically lose when time's up. (requested by shallow sing)\n|inactive|shallow sing has 60 seconds left.\n|\n|t:|1682516418\n|start\n|switch|p1a: Ting-Lu|Ting-Lu, L50|100\/100\n|switch|p1b: Palafin|Palafin, L50, M|100\/100\n|switch|p2a: \u5f88\u4e0d\u53ef\u7231|Annihilape, L50, M, shiny|100\/100\n|switch|p2b: \u5927\u53ef\u7231|Lilligant, L50, F, shiny|100\/100\n|-ability|p1a: Ting-Lu|Vessel of Ruin\n|turn|1\n|\n|t:|1682516440\n|move|p1b: Palafin|Protect|p1b: Palafin\n|-singleturn|p1b: Palafin|Protect\n|move|p2a: \u5f88\u4e0d\u53ef\u7231|Bulk Up|p2a: \u5f88\u4e0d\u53ef\u7231\n|-boost|p2a: \u5f88\u4e0d\u53ef\u7231|atk|1\n|-boost|p2a: \u5f88\u4e0d\u53ef\u7231|def|1\n|move|p2b: \u5927\u53ef\u7231|Sleep Powder|p1a: Ting-Lu\n|-status|p1a: Ting-Lu|slp|[from] move: Sleep Powder\n|cant|p1a: Ting-Lu|slp\n|\n|upkeep\n|turn|2\n|inactive|gaioukabs has 30 seconds left.\n|inactive|shallow sing has 30 seconds left.\n|\n|t:|1682516467\n|detailschange|p1b: Palafin|Palafin-Hero, L50, M\n|switch|p1b: Pelipper|Pelipper, L50, F|100\/100\n|-weather|RainDance|[from] ability: Drizzle|[of] p1b: Pelipper\n|move|p2a: \u5f88\u4e0d\u53ef\u7231|Bulk Up|p2a: \u5f88\u4e0d\u53ef\u7231\n|-boost|p2a: \u5f88\u4e0d\u53ef\u7231|atk|1\n|-boost|p2a: \u5f88\u4e0d\u53ef\u7231|def|1\n|move|p2b: \u5927\u53ef\u7231|Sleep Powder|p1b: Pelipper\n|-status|p1b: Pelipper|slp|[from] move: Sleep Powder\n|cant|p1a: Ting-Lu|slp\n|\n|-weather|RainDance|[upkeep]\n|upkeep\n|turn|3\n|c|\u2606gaioukabs|\u7d20\u8d28\u554a\n|\n|t:|1682516489\n|cant|p1b: Pelipper|slp\n|move|p2a: \u5f88\u4e0d\u53ef\u7231|Drain Punch|p1a: Ting-Lu\n|-supereffective|p1a: Ting-Lu\n|-damage|p1a: Ting-Lu|23\/100 slp\n|move|p2b: \u5927\u53ef\u7231|Energy Ball|p1a: Ting-Lu\n|-supereffective|p1a: Ting-Lu\n|-damage|p1a: Ting-Lu|0 fnt\n|faint|p1a: Ting-Lu\n|\n|-weather|RainDance|[upkeep]\n|upkeep\n|c|\u2606shallow sing|az\n|\n|t:|1682516500\n|switch|p1a: Palafin|Palafin-Hero, L50, M|100\/100\n|-activate|p1a: Palafin|ability: Zero to Hero\n|turn|4\n|\n|t:|1682516515\n|-terastallize|p1a: Palafin|Water\n|move|p2a: \u5f88\u4e0d\u53ef\u7231|Drain Punch|p1a: Palafin\n|-damage|p1a: Palafin|39\/100\n|move|p2b: \u5927\u53ef\u7231|Energy Ball|p1a: Palafin\n|-supereffective|p1a: Palafin\n|-damage|p1a: Palafin|0 fnt\n|faint|p1a: Palafin\n|cant|p1b: Pelipper|slp\n|\n|-weather|RainDance|[upkeep]\n|upkeep\n|c|\u2606shallow sing|\u7761\u5427\u7761\u5427\n|\n|t:|1682516534\n|switch|p1a: Gyarados|Gyarados, L50, M, shiny|100\/100\n|-ability|p1a: Gyarados|Intimidate|boost\n|-unboost|p2a: \u5f88\u4e0d\u53ef\u7231|atk|1\n|-unboost|p2b: \u5927\u53ef\u7231|atk|1\n|turn|5\n|inactive|shallow sing has 30 seconds left.\n|\n|t:|1682516563\n|move|p2a: \u5f88\u4e0d\u53ef\u7231|Final Gambit|p1a: Gyarados\n|-damage|p1a: Gyarados|0 fnt\n|faint|p2a: \u5f88\u4e0d\u53ef\u7231\n|faint|p1a: Gyarados\n|move|p2b: \u5927\u53ef\u7231|Sleep Powder|p1b: Pelipper|[miss]\n|-miss|p2b: \u5927\u53ef\u7231|p1b: Pelipper\n|cant|p1b: Pelipper|slp\n|\n|-weather|RainDance|[upkeep]\n|upkeep\n|\n|t:|1682516573\n|switch|p2a: \u6709\u70b9\u53ef\u7231|Torkoal, L50, M, shiny|100\/100\n|-weather|SunnyDay|[from] ability: Drought|[of] p2a: \u6709\u70b9\u53ef\u7231\n|turn|6\n|inactive|gaioukabs has 30 seconds left.\n|\n|t:|1682516599\n|-terastallize|p2a: \u6709\u70b9\u53ef\u7231|Fire\n|move|p2b: \u5927\u53ef\u7231|After You|p2a: \u6709\u70b9\u53ef\u7231\n|-activate|p2a: \u6709\u70b9\u53ef\u7231|move: After You\n|move|p2a: \u6709\u70b9\u53ef\u7231|Eruption|p1b: Pelipper\n|-resisted|p1b: Pelipper\n|-damage|p1b: Pelipper|0 fnt\n|faint|p1b: Pelipper\n|\n|win|shallow sing\n","uploadtime":1682516618,"views":17,"p1id":"gaioukabs","p2id":"shallowsing","formatid":"gen9vgc2023regulationc","rating":0,"private":0,"password":""}