{"id":"gen9vgc2023regulationc-1851673671","p1":"Kiryae","p2":"Doomtheboomkin","format":"[Gen 9] VGC 2023 Regulation C","log":"|j|\u2606Kiryae\n|j|\u2606Doomtheboomkin\n|t:|1682468354\n|gametype|doubles\n|player|p1|Kiryae|1|\n|player|p2|Doomtheboomkin|shadowtriad|\n|teamsize|p1|6\n|teamsize|p2|6\n|gen|9\n|tier|[Gen 9] VGC 2023 Regulation C\n|rule|Species Clause: Limit one of each Pok\u00e9mon\n|rule|Item Clause: Limit one of each item\n|clearpoke\n|poke|p1|Iron Bundle, L50|\n|poke|p1|Corviknight, L50, M|\n|poke|p1|Amoonguss, L50, F|\n|poke|p1|Flutter Mane, L50|\n|poke|p1|Gyarados, L50, M|\n|poke|p1|Chi-Yu, L50|\n|poke|p2|Baxcalibur, L50, M|\n|poke|p2|Chien-Pao, L50|\n|poke|p2|Dragonite, L50, M|\n|poke|p2|Palafin, L50, F|\n|poke|p2|Pelipper, L50, M|\n|poke|p2|Amoonguss, L50, M|\n|teampreview|4\n|inactive|Battle timer is ON: inactive players will automatically lose when time's up. (requested by Kiryae)\n|inactive|Doomtheboomkin also wants the timer to be on.\nDoomtheboomkin has agreed to open team sheets.\n|inactive|Doomtheboomkin no longer wants the timer on, but the timer is staying on because kiryae still does.\nKiryae has agreed to open team sheets.\n|inactive|Kiryae has 60 seconds left.\n|inactive|Doomtheboomkin has 60 seconds left.\n|inactive|Kiryae has 30 seconds left.\n|inactive|Kiryae has 20 seconds left.\n|inactive|Kiryae has 15 seconds left.\n|inactive|Kiryae has 10 seconds left.\n|\n|t:|1682468436\n|start\n|switch|p1a: Corviknight|Corviknight, L50, M|100\/100\n|switch|p1b: Amoonguss|Amoonguss, L50, F|100\/100\n|switch|p2a: Palafin|Palafin, L50, F|100\/100\n|switch|p2b: Pelipper|Pelipper, L50, M|100\/100\n|-weather|RainDance|[from] ability: Drizzle|[of] p2b: Pelipper\n|turn|1\n|inactive|Kiryae has 30 seconds left.\n|\n|t:|1682468469\n|detailschange|p2a: Palafin|Palafin-Hero, L50, F\n|switch|p2a: Amoonguss|Amoonguss, L50, M|100\/100\n|switch|p1a: Gyarados|Gyarados, L50, M|100\/100\n|-ability|p1a: Gyarados|Intimidate|boost\n|-unboost|p2a: Amoonguss|atk|1\n|-unboost|p2b: Pelipper|atk|1\n|move|p2b: Pelipper|Hydro Pump|p1a: Gyarados\n|-resisted|p1a: Gyarados\n|-damage|p1a: Gyarados|78\/100\n|move|p1b: Amoonguss|Spore|p2b: Pelipper\n|-status|p2b: Pelipper|slp|[from] move: Spore\n|\n|-weather|RainDance|[upkeep]\n|upkeep\n|turn|2\n|inactive|Kiryae has 30 seconds left.\n|inactive|Doomtheboomkin has 30 seconds left.\n|\n|t:|1682468499\n|move|p1a: Gyarados|Taunt|p2a: Amoonguss\n|-start|p2a: Amoonguss|move: Taunt\n|cant|p2b: Pelipper|slp\n|move|p1b: Amoonguss|Pollen Puff|p1a: Gyarados\n|-heal|p1a: Gyarados|100\/100\n|cant|p2a: Amoonguss|move: Taunt|Spore\n|\n|-weather|RainDance|[upkeep]\n|upkeep\n|turn|3\n|inactive|Kiryae has 30 seconds left.\n|inactive|Kiryae has 20 seconds left.\n|inactive|Kiryae has 15 seconds left.\n|\n|t:|1682468542\n|switch|p2b: Palafin|Palafin-Hero, L50, F|100\/100\n|-activate|p2b: Palafin|ability: Zero to Hero\n|move|p1a: Gyarados|Thunder Wave|p2a: Amoonguss\n|-status|p2a: Amoonguss|par\n|move|p1b: Amoonguss|Spore|p2b: Palafin\n|-status|p2b: Palafin|slp|[from] move: Spore\n|move|p2a: Amoonguss|Pollen Puff|p2b: Palafin\n|-immune|p2b: Palafin\n|\n|-weather|RainDance|[upkeep]\n|upkeep\n|turn|4\n|inactive|Kiryae has 30 seconds left.\n|\n|t:|1682468567\n|switch|p1a: Corviknight|Corviknight, L50, M|100\/100\n|cant|p2b: Palafin|slp\n|move|p1b: Amoonguss|Pollen Puff|p2a: Amoonguss\n|-damage|p2a: Amoonguss|85\/100 par\n|cant|p2a: Amoonguss|par\n|\n|-weather|RainDance|[upkeep]\n|-end|p2a: Amoonguss|move: Taunt\n|upkeep\n|turn|5\n|\n|t:|1682468590\n|cant|p2b: Palafin|slp\n|move|p1a: Corviknight|Brave Bird|p2a: Amoonguss\n|-supereffective|p2a: Amoonguss\n|-damage|p2a: Amoonguss|17\/100 par\n|-enditem|p2a: Amoonguss|Sitrus Berry|[eat]\n|-heal|p2a: Amoonguss|42\/100 par|[from] item: Sitrus Berry\n|-damage|p1a: Corviknight|76\/100|[from] Recoil\n|move|p1b: Amoonguss|Spore|p2a: Amoonguss\n|-immune|p2a: Amoonguss\n|move|p2a: Amoonguss|Spore|p1a: Corviknight\n|-status|p1a: Corviknight|slp|[from] move: Spore\n|\n|-weather|RainDance|[upkeep]\n|-heal|p1a: Corviknight|82\/100 slp|[from] item: Leftovers\n|upkeep\n|turn|6\n|\n|t:|1682468609\n|switch|p1a: Gyarados|Gyarados, L50, M|100\/100\n|-ability|p1a: Gyarados|Intimidate|boost\n|-unboost|p2a: Amoonguss|atk|1\n|-unboost|p2b: Palafin|atk|1\n|switch|p2a: Pelipper|Pelipper, L50, M|100\/100 slp\n|cant|p2b: Palafin|slp\n|move|p1b: Amoonguss|Pollen Puff|p2a: Pelipper\n|-resisted|p2a: Pelipper\n|-damage|p2a: Pelipper|89\/100 slp\n|\n|-weather|RainDance|[upkeep]\n|upkeep\n|turn|7\n|inactive|Kiryae has 30 seconds left.\n|\n|t:|1682468637\n|-curestatus|p2b: Palafin|slp|[msg]\n|move|p2b: Palafin|Substitute|p2b: Palafin\n|-start|p2b: Palafin|Substitute\n|-damage|p2b: Palafin|75\/100\n|-curestatus|p2a: Pelipper|slp|[msg]\n|move|p2a: Pelipper|Hurricane|p1b: Amoonguss\n|-supereffective|p1b: Amoonguss\n|-damage|p1b: Amoonguss|27\/100\n|-start|p1b: Amoonguss|confusion\n|-enditem|p1b: Amoonguss|Sitrus Berry|[eat]\n|-heal|p1b: Amoonguss|52\/100|[from] item: Sitrus Berry\n|move|p1a: Gyarados|Waterfall|p2b: Palafin\n|-resisted|p2b: Palafin\n|-activate|p2b: Palafin|move: Substitute|[damage]\n|-activate|p1b: Amoonguss|confusion\n|move|p1b: Amoonguss|Pollen Puff|p2b: Palafin\n|-end|p2b: Palafin|Substitute\n|\n|-weather|RainDance|[upkeep]\n|upkeep\n|turn|8\n|inactive|Kiryae has 30 seconds left.\n|inactive|Kiryae has 20 seconds left.\n|inactive|Kiryae has 15 seconds left.\n|inactive|Kiryae has 10 seconds left.\n|\n|t:|1682468683\n|switch|p2a: Amoonguss|Amoonguss, L50, M|75\/100 par\n|switch|p1a: Corviknight|Corviknight, L50, M|82\/100 slp\n|-activate|p1b: Amoonguss|confusion\n|move|p1b: Amoonguss|Protect|p1b: Amoonguss\n|-singleturn|p1b: Amoonguss|Protect\n|move|p2b: Palafin|Wave Crash|p1b: Amoonguss\n|-activate|p1b: Amoonguss|move: Protect\n|\n|-weather|none\n|-heal|p1a: Corviknight|88\/100 slp|[from] item: Leftovers\n|upkeep\n|turn|9\n|\n|t:|1682468706\n|switch|p2b: Pelipper|Pelipper, L50, M|89\/100\n|-weather|RainDance|[from] ability: Drizzle|[of] p2b: Pelipper\n|switch|p1b: Gyarados|Gyarados, L50, M|100\/100\n|-ability|p1b: Gyarados|Intimidate|boost\n|-unboost|p2a: Amoonguss|atk|1\n|-unboost|p2b: Pelipper|atk|1\n|cant|p1a: Corviknight|slp\n|move|p2a: Amoonguss|Pollen Puff|p2b: Pelipper\n|-heal|p2b: Pelipper|100\/100\n|\n|-weather|RainDance|[upkeep]\n|-heal|p1a: Corviknight|94\/100 slp|[from] item: Leftovers\n|upkeep\n|turn|10\n|\n|t:|1682468722\n|switch|p2b: Palafin|Palafin-Hero, L50, F|75\/100\n|move|p2a: Amoonguss|Rage Powder|p2a: Amoonguss\n|-singleturn|p2a: Amoonguss|move: Rage Powder\n|move|p1b: Gyarados|Taunt|p2a: Amoonguss\n|-start|p2a: Amoonguss|move: Taunt\n|cant|p1a: Corviknight|slp\n|\n|-weather|RainDance|[upkeep]\n|-heal|p1a: Corviknight|99\/100 slp|[from] item: Leftovers\n|upkeep\n|turn|11\n|\n|t:|1682468734\n|switch|p1b: Amoonguss|Amoonguss, L50, F|85\/100\n|move|p2b: Palafin|Substitute|p2b: Palafin\n|-start|p2b: Palafin|Substitute\n|-damage|p2b: Palafin|50\/100\n|cant|p1a: Corviknight|slp\n|move|p2a: Amoonguss|Pollen Puff|p2b: Palafin\n|-heal|p2b: Palafin|100\/100\n|\n|-weather|RainDance|[upkeep]\n|-heal|p1a: Corviknight|100\/100 slp|[from] item: Leftovers\n|upkeep\n|turn|12\n|\n|t:|1682468748\n|switch|p2a: Pizz-azz|Chien-Pao, L50|100\/100\n|-ability|p2a: Pizz-azz|Sword of Ruin\n|-terastallize|p2b: Palafin|Water\n|move|p1b: Amoonguss|Rage Powder|p1b: Amoonguss\n|-singleturn|p1b: Amoonguss|move: Rage Powder\n|move|p2b: Palafin|Wave Crash|p1b: Amoonguss\n|-resisted|p1b: Amoonguss\n|-damage|p1b: Amoonguss|0 fnt\n|faint|p1b: Amoonguss\n|-damage|p2b: Palafin|71\/100|[from] Recoil\n|-curestatus|p1a: Corviknight|slp|[msg]\n|move|p1a: Corviknight|Bulk Up|p1a: Corviknight\n|-boost|p1a: Corviknight|atk|1\n|-boost|p1a: Corviknight|def|1\n|\n|-weather|RainDance|[upkeep]\n|upkeep\n|\n|t:|1682468763\n|switch|p1b: Gyarados|Gyarados, L50, M|100\/100\n|-ability|p1b: Gyarados|Intimidate|boost\n|-unboost|p2a: Pizz-azz|atk|1\n|-immune|p2b: Palafin\n|turn|13\n|\n|t:|1682468773\n|move|p2a: Pizz-azz|Ice Spinner|p1a: Corviknight\n|-damage|p1a: Corviknight|79\/100\n|move|p2b: Palafin|Wave Crash|p1a: Corviknight\n|-crit|p1a: Corviknight\n|-damage|p1a: Corviknight|0 fnt\n|faint|p1a: Corviknight\n|-damage|p2b: Palafin|45\/100|[from] Recoil\n|move|p1b: Gyarados|Waterfall|p2a: Pizz-azz\n|-damage|p2a: Pizz-azz|25\/100\n|\n|-weather|RainDance|[upkeep]\n|upkeep\n|\n|t:|1682468783\n|switch|p1a: Flutter Mane|Flutter Mane, L50|100\/100\n|turn|14\n|\n|t:|1682468790\n|move|p2a: Pizz-azz|Protect|p2a: Pizz-azz\n|-singleturn|p2a: Pizz-azz|Protect\n|move|p1a: Flutter Mane|Protect|p1a: Flutter Mane\n|-singleturn|p1a: Flutter Mane|Protect\n|move|p2b: Palafin|Jet Punch|p1a: Flutter Mane\n|-activate|p1a: Flutter Mane|move: Protect\n|move|p1b: Gyarados|Waterfall|p2b: Palafin\n|-resisted|p2b: Palafin\n|-end|p2b: Palafin|Substitute\n|\n|-weather|RainDance|[upkeep]\n|upkeep\n|turn|15\n|\n|t:|1682468810\n|switch|p2b: Amoonguss|Amoonguss, L50, M|100\/100 par\n|-terastallize|p1a: Flutter Mane|Grass\n|move|p2a: Pizz-azz|Sucker Punch|p1a: Flutter Mane\n|-damage|p1a: Flutter Mane|58\/100\n|move|p1a: Flutter Mane|Dazzling Gleam|p2a: Pizz-azz|[spread] p2a,p2b\n|-supereffective|p2a: Pizz-azz\n|-resisted|p2b: Amoonguss\n|-crit|p2b: Amoonguss\n|-damage|p2a: Pizz-azz|0 fnt\n|-damage|p2b: Amoonguss|80\/100 par\n|faint|p2a: Pizz-azz\n|move|p1b: Gyarados|Waterfall|p2b: Amoonguss\n|-resisted|p2b: Amoonguss\n|-damage|p2b: Amoonguss|61\/100 par\n|\n|-weather|RainDance|[upkeep]\n|upkeep\n|\n|t:|1682468826\n|switch|p2a: Palafin|Palafin-Hero, L50, F, tera:Water|45\/100\n|turn|16\n|\n|t:|1682468841\n|move|p1a: Flutter Mane|Protect|p1a: Flutter Mane\n|-singleturn|p1a: Flutter Mane|Protect\n|move|p2a: Palafin|Jet Punch|p1a: Flutter Mane\n|-activate|p1a: Flutter Mane|move: Protect\n|move|p1b: Gyarados|Taunt|p2b: Amoonguss\n|-start|p2b: Amoonguss|move: Taunt\n|move|p2b: Amoonguss|Pollen Puff|p2a: Palafin\n|-heal|p2a: Palafin|95\/100\n|\n|-weather|none\n|upkeep\n|turn|17\n|\n|t:|1682468858\n|switch|p2b: Pelipper|Pelipper, L50, M|100\/100\n|-weather|RainDance|[from] ability: Drizzle|[of] p2b: Pelipper\n|move|p1b: Gyarados|Helping Hand|p1a: Flutter Mane\n|-singleturn|p1a: Flutter Mane|Helping Hand|[of] p1b: Gyarados\n|move|p2a: Palafin|Jet Punch|p1a: Flutter Mane\n|-resisted|p1a: Flutter Mane\n|-damage|p1a: Flutter Mane|0 fnt\n|faint|p1a: Flutter Mane\n|-end|p1a: Flutter Mane|Protosynthesis|[silent]\n|\n|-weather|RainDance|[upkeep]\n|upkeep\n|turn|18\n|-message|Kiryae forfeited.\n|\n|win|Doomtheboomkin\n|l|\u2606Kiryae\n","uploadtime":1682471165,"views":9,"p1id":"kiryae","p2id":"doomtheboomkin","formatid":"gen9vgc2023regulationc","rating":0,"private":0,"password":""}