{"id":"gen9vgc2023regulationc-1849978110","p1":"VictorbrineCassini","p2":"ILoveMachamp","format":"[Gen 9] VGC 2023 Regulation C","log":"|j|\u2606VictorbrineCassini\n|j|\u2606ILoveMachamp\n|t:|1682274344\n|gametype|doubles\n|player|p1|VictorbrineCassini|170|1039\n|player|p2|ILoveMachamp|cilan|1042\n|teamsize|p1|6\n|teamsize|p2|6\n|gen|9\n|tier|[Gen 9] VGC 2023 Regulation C\n|rated|\n|rule|Species Clause: Limit one of each Pok\u00e9mon\n|rule|Item Clause: Limit one of each item\n|clearpoke\n|poke|p1|Slither Wing, L50|\n|poke|p1|Great Tusk, L50|\n|poke|p1|Flutter Mane, L50|\n|poke|p1|Corviknight, L50, F|\n|poke|p1|Chien-Pao, L50|\n|poke|p1|Torkoal, L50, F|\n|poke|p2|Florges, L50, F|\n|poke|p2|Wo-Chien, L50|\n|poke|p2|Arcanine, L50, M|\n|poke|p2|Flutter Mane, L50|\n|poke|p2|Pawmot, L50, M|\n|poke|p2|Spidops, L50, M|\n|teampreview|4\nVictorbrineCassini has agreed to open team sheets.\n|inactive|Battle timer is ON: inactive players will automatically lose when time's up. (requested by ILoveMachamp)\n|\n|t:|1682274397\n|start\n|switch|p1a: Manny|Great Tusk, L50|100\/100\n|switch|p1b: Blue Bird|Corviknight, L50, F|100\/100\n|switch|p2a: Spidops|Spidops, L50, M|100\/100\n|switch|p2b: Arcanine|Arcanine, L50, M|100\/100\n|-ability|p2b: Arcanine|Intimidate|boost\n|-unboost|p1a: Manny|atk|1\n|-unboost|p1b: Blue Bird|atk|1\n|-ability|p1b: Blue Bird|Pressure\n|turn|1\n|\n|t:|1682274419\n|-terastallize|p2b: Arcanine|Grass\n|move|p1a: Manny|Earthquake|p2a: Spidops|[spread] p2a,p2b\n|-immune|p1b: Blue Bird\n|-resisted|p2a: Spidops\n|-resisted|p2b: Arcanine\n|-damage|p2a: Spidops|83\/100\n|-damage|p2b: Arcanine|87\/100\n|-enditem|p2a: Spidops|Red Card|[of] p1a: Manny\n|-end|p1a: Manny|Protosynthesis|[silent]\n|drag|p1a: The VVitch|Flutter Mane, L50|100\/100\n|-enditem|p1a: The VVitch|Booster Energy\n|-activate|p1a: The VVitch|ability: Protosynthesis|[fromitem]\n|-start|p1a: The VVitch|protosynthesisspe\n|move|p2b: Arcanine|Will-O-Wisp|p1a: The VVitch\n|-status|p1a: The VVitch|brn\n|move|p1b: Blue Bird|Tailwind|p1b: Blue Bird\n|-sidestart|p1: VictorbrineCassini|move: Tailwind\n|move|p2a: Spidops|Sticky Web|p1b: Blue Bird\n|-sidestart|p1: VictorbrineCassini|move: Sticky Web\n|\n|-damage|p1a: The VVitch|94\/100 brn|[from] brn\n|upkeep\n|turn|2\n|inactive|VictorbrineCassini has 30 seconds left.\n|inactive|ILoveMachamp has 30 seconds left.\n|inactive|VictorbrineCassini has 20 seconds left.\n|\n|t:|1682274459\n|move|p2b: Arcanine|Protect|p2b: Arcanine\n|-singleturn|p2b: Arcanine|Protect\n|move|p1a: The VVitch|Dazzling Gleam|p2b: Arcanine|[spread] p2a\n|-activate|p2b: Arcanine|move: Protect\n|-damage|p2a: Spidops|50\/100\n|move|p1b: Blue Bird|Bulk Up|p1b: Blue Bird\n|-boost|p1b: Blue Bird|atk|1\n|-boost|p1b: Blue Bird|def|1\n|move|p2a: Spidops|Circle Throw|p1b: Blue Bird\n|-damage|p1b: Blue Bird|95\/100\n|drag|p1b: Manny|Great Tusk, L50|100\/100\n|-activate|p1b: Manny|move: Sticky Web\n|-unboost|p1b: Manny|spe|1\n|\n|-damage|p1a: The VVitch|88\/100 brn|[from] brn\n|upkeep\n|turn|3\n|\n|t:|1682274482\n|-end|p1a: The VVitch|Protosynthesis|[silent]\n|switch|p1a: Blue Bird|Corviknight, L50, F|95\/100\n|-ability|p1a: Blue Bird|Pressure\n|move|p2a: Spidops|Silk Trap|p2a: Spidops\n|-singleturn|p2a: Spidops|Protect\n|move|p1b: Manny|Earthquake|p2a: Spidops|[spread] p2b\n|-activate|p2a: Spidops|move: Protect\n|-immune|p1a: Blue Bird\n|-resisted|p2b: Arcanine\n|-damage|p2b: Arcanine|65\/100\n|-damage|p1b: Manny|90\/100|[from] item: Life Orb\n|move|p2b: Arcanine|Will-O-Wisp|p1b: Manny\n|-status|p1b: Manny|brn\n|\n|-damage|p1b: Manny|85\/100 brn|[from] brn\n|upkeep\n|turn|4\n|inactive|VictorbrineCassini has 30 seconds left.\n|inactive|ILoveMachamp has 30 seconds left.\n|inactive|ILoveMachamp has 20 seconds left.\n|inactive|ILoveMachamp has 15 seconds left.\n|inactive|ILoveMachamp has 10 seconds left.\n|\n|t:|1682274528\n|move|p1b: Manny|Headlong Rush|p2a: Spidops\n|-resisted|p2a: Spidops\n|-damage|p2a: Spidops|29\/100\n|-unboost|p1b: Manny|def|1\n|-unboost|p1b: Manny|spd|1\n|-damage|p1b: Manny|75\/100 brn|[from] item: Life Orb\n|move|p1a: Blue Bird|U-turn|p2b: Arcanine\n|-supereffective|p2b: Arcanine\n|-damage|p2b: Arcanine|39\/100\n|\n|t:|1682274537\n|switch|p1a: Sim\u00e9on|Slither Wing, L50|100\/100|[from] U-turn\n|-activate|p1a: Sim\u00e9on|move: Sticky Web\n|-unboost|p1a: Sim\u00e9on|spe|1\n|move|p2b: Arcanine|Flare Blitz|p1a: Sim\u00e9on\n|-supereffective|p1a: Sim\u00e9on\n|-damage|p1a: Sim\u00e9on|0 fnt\n|faint|p1a: Sim\u00e9on\n|-end|p1a: Sim\u00e9on|Protosynthesis|[silent]\n|-damage|p2b: Arcanine|12\/100|[from] Recoil\n|move|p2a: Spidops|Circle Throw|p1b: Manny\n|-damage|p1b: Manny|61\/100 brn\n|-end|p1b: Manny|Protosynthesis|[silent]\n|drag|p1b: The VVitch|Flutter Mane, L50|88\/100 brn\n|-activate|p1b: The VVitch|move: Sticky Web\n|-unboost|p1b: The VVitch|spe|1\n|\n|-damage|p1b: The VVitch|82\/100 brn|[from] brn\n|-sideend|p1: VictorbrineCassini|move: Tailwind\n|upkeep\n|\n|t:|1682274554\n|switch|p1a: Blue Bird|Corviknight, L50, F|95\/100\n|-ability|p1a: Blue Bird|Pressure\n|turn|5\n|\n|t:|1682274568\n|-terastallize|p1b: The VVitch|Fairy\n|move|p1b: The VVitch|Dazzling Gleam|p2a: Spidops|[spread] p2a,p2b\n|-damage|p2a: Spidops|0 fnt\n|-damage|p2b: Arcanine|0 fnt\n|faint|p2a: Spidops\n|faint|p2b: Arcanine\n|move|p1a: Blue Bird|Tailwind|p1a: Blue Bird\n|-sidestart|p1: VictorbrineCassini|move: Tailwind\n|\n|-damage|p1b: The VVitch|76\/100 brn|[from] brn\n|upkeep\n|\n|t:|1682274573\n|switch|p2b: Pawmot|Pawmot, L50, M|100\/100\n|switch|p2a: Flutter Mane|Flutter Mane, L50|100\/100\n|turn|6\n|\n|t:|1682274590\n|move|p1b: The VVitch|Shadow Ball|p2a: Flutter Mane\n|-supereffective|p2a: Flutter Mane\n|-damage|p2a: Flutter Mane|17\/100\n|move|p2a: Flutter Mane|Dazzling Gleam|p1b: The VVitch|[spread] p1a,p1b\n|-resisted|p1a: Blue Bird\n|-damage|p1a: Blue Bird|71\/100\n|-damage|p1b: The VVitch|21\/100 brn\n|move|p1a: Blue Bird|Bulk Up|p1a: Blue Bird\n|-boost|p1a: Blue Bird|atk|1\n|-boost|p1a: Blue Bird|def|1\n|move|p2b: Pawmot|Double Shock|p1a: Blue Bird\n|-supereffective|p1a: Blue Bird\n|-damage|p1a: Blue Bird|24\/100\n|-start|p2b: Pawmot|typechange|???\/Fighting|[from] move: Double Shock\n|\n|-damage|p1b: The VVitch|15\/100 brn|[from] brn\n|upkeep\n|turn|7\n|inactive|VictorbrineCassini has 30 seconds left.\n|\n|t:|1682274619\n|move|p2b: Pawmot|Mach Punch|p1b: The VVitch\n|-resisted|p1b: The VVitch\n|-damage|p1b: The VVitch|0 fnt\n|faint|p1b: The VVitch\n|-end|p1b: The VVitch|Protosynthesis|[silent]\n|move|p2a: Flutter Mane|Dazzling Gleam|p1a: Blue Bird\n|-resisted|p1a: Blue Bird\n|-damage|p1a: Blue Bird|0 fnt\n|faint|p1a: Blue Bird\n|\n|upkeep\n|\n|t:|1682274631\n|switch|p1b: Manny|Great Tusk, L50|61\/100 brn\n|-activate|p1b: Manny|move: Sticky Web\n|-unboost|p1b: Manny|spe|1\n|turn|8\n|\n|t:|1682274638\n|move|p1b: Manny|Earthquake|p2b: Pawmot|[spread] p2a,p2b\n|-damage|p2a: Flutter Mane|0 fnt\n|-damage|p2b: Pawmot|58\/100\n|faint|p2a: Flutter Mane\n|-end|p2a: Flutter Mane|Protosynthesis|[silent]\n|-damage|p1b: Manny|51\/100 brn|[from] item: Life Orb\n|move|p2b: Pawmot|Revival Blessing|p2b: Pawmot\n|\n|t:|1682274643\n|-heal|p2: Flutter Mane|50\/100|[from] move: Revival Blessing\n|\n|-damage|p1b: Manny|45\/100 brn|[from] brn\n|-sideend|p1: VictorbrineCassini|move: Tailwind\n|upkeep\n|-end|p2: Flutter Mane|Protosynthesis|[silent]\n|switch|p2a: Flutter Mane|Flutter Mane, L50|50\/100\n|turn|9\n|\n|t:|1682274650\n|move|p2b: Pawmot|Mach Punch|p1b: Manny\n|-damage|p1b: Manny|29\/100 brn\n|move|p2a: Flutter Mane|Moonblast|p1b: Manny\n|-supereffective|p1b: Manny\n|-damage|p1b: Manny|0 fnt\n|faint|p1b: Manny\n|-end|p1b: Manny|Protosynthesis|[silent]\n|\n|win|ILoveMachamp\n|raw|VictorbrineCassini's rating: 1039 → 1023<\/strong> (-16 for losing)\n|raw|ILoveMachamp's rating: 1042 → 1075<\/strong> (+33 for winning)\n|l|\u2606VictorbrineCassini\n","uploadtime":1682274684,"views":8,"p1id":"victorbrinecassini","p2id":"ilovemachamp","formatid":"gen9vgc2023regulationc","rating":1023,"private":0,"password":""}