{"id":"gen9vgc2023regulationc-1863497960","p1":"undeadparadox","p2":"Revocolombia","format":"[Gen 9] VGC 2023 Regulation C","log":"|j|\u2606undeadparadox\n|j|\u2606Revocolombia\n|t:|1684025547\n|gametype|doubles\n|player|p1|undeadparadox|guitarist|1398\n|player|p2|Revocolombia|101|1438\n|teamsize|p1|6\n|teamsize|p2|6\n|gen|9\n|tier|[Gen 9] VGC 2023 Regulation C\n|rated|\n|rule|Species Clause: Limit one of each Pok\u00e9mon\n|rule|Item Clause: Limit one of each item\n|clearpoke\n|poke|p1|Gholdengo, L50|\n|poke|p1|Chien-Pao, L50|\n|poke|p1|Dragonite, L50, F|\n|poke|p1|Maushold, L50|\n|poke|p1|Abomasnow, L50, F|\n|poke|p1|Iron Bundle, L50|\n|poke|p2|Flutter Mane, L50|\n|poke|p2|Annihilape, L50, M|\n|poke|p2|Dragonite, L50, M|\n|poke|p2|Chien-Pao, L50|\n|poke|p2|Murkrow, L50, M|\n|poke|p2|Gholdengo, L50|\n|teampreview|4\n|\n|t:|1684025593\n|start\n|switch|p1a: Maushold|Maushold, L50|100\/100\n|switch|p1b: Gholdengo|Gholdengo, L50|100\/100\n|switch|p2a: Annihilape|Annihilape, L50, M|100\/100\n|switch|p2b: Chien-Pao|Chien-Pao, L50|100\/100\n|-ability|p2b: Chien-Pao|Sword of Ruin\n|turn|1\n|\n|t:|1684025613\n|-terastallize|p1b: Gholdengo|Water\n|-terastallize|p2a: Annihilape|Fire\n|move|p1a: Maushold|Protect|p1a: Maushold\n|-singleturn|p1a: Maushold|Protect\n|move|p2b: Chien-Pao|Sacred Sword|p1a: Maushold\n|-activate|p1a: Maushold|move: Protect\n|move|p1b: Gholdengo|Nasty Plot|p1b: Gholdengo\n|-boost|p1b: Gholdengo|spa|2\n|move|p2a: Annihilape|Bulk Up|p2a: Annihilape\n|-boost|p2a: Annihilape|atk|1\n|-boost|p2a: Annihilape|def|1\n|\n|upkeep\n|turn|2\n|\n|t:|1684025650\n|move|p2a: Annihilape|Protect|p2a: Annihilape\n|-singleturn|p2a: Annihilape|Protect\n|move|p2b: Chien-Pao|Sacred Sword|p1a: Maushold\n|-supereffective|p1a: Maushold\n|-damage|p1a: Maushold|1\/100\n|move|p1a: Maushold|Super Fang|p2b: Chien-Pao\n|-damage|p2b: Chien-Pao|50\/100\n|move|p1b: Gholdengo|Shadow Ball|p2a: Annihilape\n|-activate|p2a: Annihilape|move: Protect\n|\n|upkeep\n|turn|3\n|\n|t:|1684025678\n|switch|p2a: Murkrow|Murkrow, L50, M|100\/100\n|move|p2b: Chien-Pao|Ice Shard|p1a: Maushold\n|-damage|p1a: Maushold|0 fnt\n|faint|p1a: Maushold\n|move|p1b: Gholdengo|Make It Rain|p2a: Murkrow|[spread] p2a,p2b\n|-supereffective|p2b: Chien-Pao\n|-damage|p2a: Murkrow|3\/100\n|-damage|p2b: Chien-Pao|0 fnt\n|-unboost|p1b: Gholdengo|spa|1\n|faint|p2b: Chien-Pao\n|\n|upkeep\n|\n|t:|1684025690\n|switch|p2b: Annihilape|Annihilape, L50, M, tera:Fire|100\/100\n|switch|p1a: Abomasnow|Abomasnow, L50, F|100\/100\n|-weather|Snow|[from] ability: Snow Warning|[of] p1a: Abomasnow\n|turn|4\n|\n|t:|1684025714\n|move|p2a: Murkrow|Haze|p2a: Murkrow\n|-clearallboost\n|move|p1a: Abomasnow|Ice Shard|p2a: Murkrow\n|-supereffective|p2a: Murkrow\n|-damage|p2a: Murkrow|0 fnt\n|faint|p2a: Murkrow\n|move|p1b: Gholdengo|Shadow Ball|p2b: Annihilape\n|-damage|p2b: Annihilape|66\/100\n|move|p2b: Annihilape|Drain Punch|p1a: Abomasnow\n|-supereffective|p1a: Abomasnow\n|-damage|p1a: Abomasnow|52\/100\n|-heal|p2b: Annihilape|88\/100|[from] drain|[of] p1a: Abomasnow\n|\n|-weather|Snow|[upkeep]\n|-heal|p2b: Annihilape|94\/100|[from] item: Leftovers\n|upkeep\n|\n|t:|1684025728\n|switch|p2a: Dragonite|Dragonite, L50, M|100\/100\n|turn|5\n|\n|t:|1684025750\n|move|p1b: Gholdengo|Nasty Plot|p1b: Gholdengo\n|-boost|p1b: Gholdengo|spa|2\n|move|p2a: Dragonite|Dragon Dance|p2a: Dragonite\n|-boost|p2a: Dragonite|atk|1\n|-boost|p2a: Dragonite|spe|1\n|move|p2b: Annihilape|Rage Fist|p1a: Abomasnow\n|-damage|p1a: Abomasnow|20\/100\n|move|p1a: Abomasnow|Blizzard|p2a: Dragonite|[spread] p2a,p2b\n|-supereffective|p2a: Dragonite\n|-resisted|p2b: Annihilape\n|-damage|p2a: Dragonite|35\/100\n|-damage|p2b: Annihilape|80\/100\n|\n|-weather|Snow|[upkeep]\n|-heal|p2b: Annihilape|87\/100|[from] item: Leftovers\n|upkeep\n|turn|6\n|\n|t:|1684025772\n|move|p1a: Abomasnow|Ice Shard|p2a: Dragonite\n|-supereffective|p2a: Dragonite\n|-damage|p2a: Dragonite|0 fnt\n|faint|p2a: Dragonite\n|move|p1b: Gholdengo|Shadow Ball|p2b: Annihilape\n|-damage|p2b: Annihilape|11\/100\n|move|p2b: Annihilape|Drain Punch|p1a: Abomasnow\n|-supereffective|p1a: Abomasnow\n|-damage|p1a: Abomasnow|0 fnt\n|-heal|p2b: Annihilape|20\/100|[from] drain|[of] p1a: Abomasnow\n|faint|p1a: Abomasnow\n|\n|-weather|Snow|[upkeep]\n|-heal|p2b: Annihilape|26\/100|[from] item: Leftovers\n|upkeep\n|\n|t:|1684025785\n|switch|p1a: Iron Bundle|Iron Bundle, L50|100\/100\n|-enditem|p1a: Iron Bundle|Booster Energy\n|-activate|p1a: Iron Bundle|ability: Quark Drive|[fromitem]\n|-start|p1a: Iron Bundle|quarkdrivespe\n|turn|7\n|\n|t:|1684025792\n|move|p1a: Iron Bundle|Hydro Pump|p2b: Annihilape|[miss]\n|-miss|p1a: Iron Bundle|p2b: Annihilape\n|move|p1b: Gholdengo|Shadow Ball|p2b: Annihilape\n|-damage|p2b: Annihilape|0 fnt\n|faint|p2b: Annihilape\n|\n|win|undeadparadox\n|raw|undeadparadox's rating: 1398 → 1420<\/strong> (+22 for winning)\n|raw|Revocolombia's rating: 1438 → 1416<\/strong> (-22 for losing)\n","uploadtime":1684025801,"views":7,"p1id":"undeadparadox","p2id":"revocolombia","formatid":"gen9vgc2023regulationc","rating":1416,"private":0,"password":""}