{"id":"gen9vgc2023regulationc-1857086735","p1":"Dr_McKey","p2":"mipmoras","format":"[Gen 9] VGC 2023 Regulation C","log":"|j|\u2606Dr_McKey\n|j|\u2606mipmoras\n|t:|1683144442\n|gametype|doubles\n|player|p1|Dr_McKey|koga|1207\n|player|p2|mipmoras|1|1190\n|teamsize|p1|6\n|teamsize|p2|6\n|gen|9\n|tier|[Gen 9] VGC 2023 Regulation C\n|rated|\n|rule|Species Clause: Limit one of each Pok\u00e9mon\n|rule|Item Clause: Limit one of each item\n|clearpoke\n|poke|p1|Ceruledge, L50, F|\n|poke|p1|Scream Tail, L50|\n|poke|p1|Arboliva, L50, F|\n|poke|p1|Gyarados, L50, F|\n|poke|p1|Great Tusk, L50|\n|poke|p1|Scizor, L50, F|\n|poke|p2|Iron Jugulis, L50|\n|poke|p2|Azumarill, L50, F|\n|poke|p2|Pincurchin, L50, M|\n|poke|p2|Arboliva, L50, M|\n|poke|p2|Iron Treads, L50|\n|poke|p2|Ceruledge, L50, M|\n|teampreview|4\n|\n|t:|1683144471\n|start\n|switch|p1a: Great Tusk|Great Tusk, L50, shiny|100\/100\n|switch|p1b: Scream Tail|Scream Tail, L50, shiny|100\/100\n|switch|p2a: Ceruledge|Ceruledge, L50, M|100\/100\n|switch|p2b: Pincurchin|Pincurchin, L50, M, shiny|100\/100\n|-fieldstart|move: Electric Terrain|[from] ability: Electric Surge|[of] p2b: Pincurchin\n|-enditem|p1b: Scream Tail|Booster Energy\n|-activate|p1b: Scream Tail|ability: Protosynthesis|[fromitem]\n|-start|p1b: Scream Tail|protosynthesisspe\n|turn|1\n|inactive|Battle timer is ON: inactive players will automatically lose when time's up. (requested by mipmoras)\n|\n|t:|1683144497\n|switch|p2b: Iron Jugulis|Iron Jugulis, L50, shiny|100\/100\n|-activate|p2b: Iron Jugulis|ability: Quark Drive\n|-start|p2b: Iron Jugulis|quarkdrivespe\n|-terastallize|p2a: Ceruledge|Grass\n|move|p1b: Scream Tail|Howl|p1b: Scream Tail|[spread] p1a,p1b\n|-boost|p1a: Great Tusk|atk|1\n|-boost|p1b: Scream Tail|atk|1\n|move|p2a: Ceruledge|Bulk Up|p2a: Ceruledge\n|-boost|p2a: Ceruledge|atk|1\n|-boost|p2a: Ceruledge|def|1\n|move|p1a: Great Tusk|Headlong Rush|p2b: Iron Jugulis\n|-immune|p2b: Iron Jugulis\n|\n|upkeep\n|turn|2\n|inactive|mipmoras has 30 seconds left.\n|\n|t:|1683144532\n|move|p1b: Scream Tail|Encore|p2a: Ceruledge\n|-start|p2a: Ceruledge|Encore\n|move|p2b: Iron Jugulis|Air Slash|p1a: Great Tusk\n|-supereffective|p1a: Great Tusk\n|-damage|p1a: Great Tusk|33\/100\n|-damage|p2b: Iron Jugulis|91\/100|[from] item: Life Orb\n|move|p2a: Ceruledge|Bulk Up|p2a: Ceruledge\n|-boost|p2a: Ceruledge|atk|1\n|-boost|p2a: Ceruledge|def|1\n|cant|p1a: Great Tusk|flinch\n|\n|upkeep\n|turn|3\n|inactive|Dr_McKey has 30 seconds left.\n|\n|t:|1683144557\n|-end|p1a: Great Tusk|Protosynthesis|[silent]\n|switch|p1a: Gyarados|Gyarados, L50, F, shiny|100\/100\n|-ability|p1a: Gyarados|Intimidate|boost\n|-fail|p2a: Ceruledge|unboost|[from] item: Clear Amulet|[of] p2a: Ceruledge\n|-unboost|p2b: Iron Jugulis|atk|1\n|move|p1b: Scream Tail|Psychic Fangs|p2a: Ceruledge\n|-damage|p2a: Ceruledge|82\/100\n|move|p2b: Iron Jugulis|Air Slash|p1a: Gyarados\n|-damage|p1a: Gyarados|59\/100\n|-damage|p2b: Iron Jugulis|81\/100|[from] item: Life Orb\n|move|p2a: Ceruledge|Bulk Up|p2a: Ceruledge\n|-boost|p2a: Ceruledge|atk|1\n|-boost|p2a: Ceruledge|def|1\n|\n|upkeep\n|turn|4\n|\n|t:|1683144581\n|move|p1b: Scream Tail|Psychic Fangs|p2a: Ceruledge\n|-damage|p2a: Ceruledge|67\/100\n|move|p2b: Iron Jugulis|Tailwind|p2b: Iron Jugulis\n|-sidestart|p2: mipmoras|move: Tailwind\n|move|p2a: Ceruledge|Bulk Up|p2a: Ceruledge\n|-boost|p2a: Ceruledge|atk|1\n|-boost|p2a: Ceruledge|def|1\n|move|p1a: Gyarados|Taunt|p2a: Ceruledge\n|-start|p2a: Ceruledge|move: Taunt\n|\n|-end|p2a: Ceruledge|Encore\n|upkeep\n|turn|5\n|\n|t:|1683144602\n|move|p2b: Iron Jugulis|Air Slash|p1a: Gyarados\n|-damage|p1a: Gyarados|18\/100\n|-damage|p2b: Iron Jugulis|71\/100|[from] item: Life Orb\n|move|p1b: Scream Tail|Encore|p2a: Ceruledge\n|-start|p2a: Ceruledge|Encore\n|cant|p2a: Ceruledge|move: Taunt|Bulk Up\n|cant|p1a: Gyarados|flinch\n|\n|upkeep\n|turn|6\n|c|\u2606mipmoras|wtf jaja\n|\n|t:|1683144623\n|move|p2b: Iron Jugulis|Air Slash|p1a: Gyarados\n|-damage|p1a: Gyarados|0 fnt\n|faint|p1a: Gyarados\n|-damage|p2b: Iron Jugulis|61\/100|[from] item: Life Orb\n|move|p1b: Scream Tail|Psychic Fangs|p2a: Ceruledge\n|-crit|p2a: Ceruledge\n|-damage|p2a: Ceruledge|10\/100\n|-activate|p2a: Ceruledge|move: Struggle\n|move|p2a: Ceruledge|Struggle|p1b: Scream Tail\n|-damage|p1b: Scream Tail|61\/100\n|-damage|p2a: Ceruledge|0 fnt|[from] recoil\n|faint|p2a: Ceruledge\n|\n|upkeep\n|\n|t:|1683144637\n|switch|p1a: Arboliva|Arboliva, L50, F, shiny|100\/100\n|switch|p2a: Iron Treads|Iron Treads, L50, shiny|100\/100\n|-activate|p2a: Iron Treads|ability: Quark Drive\n|-start|p2a: Iron Treads|quarkdriveatk\n|turn|7\n|\n|t:|1683144654\n|-terastallize|p1a: Arboliva|Water\n|move|p2b: Iron Jugulis|Air Slash|p1a: Arboliva\n|-damage|p1a: Arboliva|58\/100\n|-fieldstart|move: Grassy Terrain|[from] ability: Seed Sower|[of] p1a: Arboliva\n|-end|p2b: Iron Jugulis|Quark Drive\n|-end|p2a: Iron Treads|Quark Drive\n|-damage|p2b: Iron Jugulis|51\/100|[from] item: Life Orb\n|move|p2a: Iron Treads|Earthquake|p1b: Scream Tail|[spread] p1a,p1b\n|-immune|p2b: Iron Jugulis\n|-damage|p1a: Arboliva|32\/100\n|-damage|p1b: Scream Tail|37\/100\n|move|p1b: Scream Tail|Drain Punch|p2a: Iron Treads\n|-supereffective|p2a: Iron Treads\n|-damage|p2a: Iron Treads|61\/100\n|-heal|p1b: Scream Tail|52\/100|[from] drain|[of] p2a: Iron Treads\n|move|p1a: Arboliva|Hyper Voice|p2a: Iron Treads|[spread] p2a,p2b\n|-resisted|p2a: Iron Treads\n|-damage|p2a: Iron Treads|37\/100\n|-damage|p2b: Iron Jugulis|14\/100\n|\n|-heal|p2a: Iron Treads|43\/100|[from] Grassy Terrain\n|-heal|p1b: Scream Tail|58\/100|[from] Grassy Terrain\n|-heal|p1a: Arboliva|38\/100|[from] Grassy Terrain\n|-heal|p1a: Arboliva|44\/100|[from] item: Leftovers\n|-sideend|p2: mipmoras|move: Tailwind\n|upkeep\n|turn|8\n|inactive|Dr_McKey has 30 seconds left.\n|inactive|Dr_McKey has 20 seconds left.\n|\n|t:|1683144693\n|move|p1a: Arboliva|Protect|p1a: Arboliva\n|-singleturn|p1a: Arboliva|Protect\n|move|p1b: Scream Tail|Drain Punch|p2a: Iron Treads\n|-supereffective|p2a: Iron Treads\n|-damage|p2a: Iron Treads|6\/100\n|-heal|p1b: Scream Tail|72\/100|[from] drain|[of] p2a: Iron Treads\n|move|p2b: Iron Jugulis|Snarl|p1a: Arboliva|[spread] p1b\n|-activate|p1a: Arboliva|move: Protect\n|-damage|p1b: Scream Tail|54\/100\n|-unboost|p1b: Scream Tail|spa|1\n|-damage|p2b: Iron Jugulis|4\/100|[from] item: Life Orb\n|move|p2a: Iron Treads|Earthquake|p1b: Scream Tail|[spread] p1b\n|-activate|p1a: Arboliva|move: Protect\n|-immune|p2b: Iron Jugulis\n|-damage|p1b: Scream Tail|31\/100\n|\n|-heal|p1b: Scream Tail|37\/100|[from] Grassy Terrain\n|-heal|p2a: Iron Treads|12\/100|[from] Grassy Terrain\n|-heal|p1a: Arboliva|50\/100|[from] Grassy Terrain\n|-heal|p1a: Arboliva|56\/100|[from] item: Leftovers\n|upkeep\n|turn|9\n|inactive|Dr_McKey has 30 seconds left.\n|\n|t:|1683144722\n|move|p1b: Scream Tail|Drain Punch|p2a: Iron Treads\n|-supereffective|p2a: Iron Treads\n|-damage|p2a: Iron Treads|0 fnt\n|-heal|p1b: Scream Tail|41\/100|[from] drain|[of] p2a: Iron Treads\n|faint|p2a: Iron Treads\n|-end|p2a: Iron Treads|Quark Drive|[silent]\n|move|p2b: Iron Jugulis|Air Slash|p1a: Arboliva\n|-damage|p1a: Arboliva|18\/100\n|-damage|p2b: Iron Jugulis|0 fnt|[from] item: Life Orb\n|faint|p2b: Iron Jugulis\n|-end|p2b: Iron Jugulis|Quark Drive|[silent]\n|move|p1a: Arboliva|Pollen Puff|p1b: Scream Tail\n|-heal|p1b: Scream Tail|91\/100\n|\n|-heal|p1b: Scream Tail|97\/100|[from] Grassy Terrain\n|-heal|p1a: Arboliva|24\/100|[from] Grassy Terrain\n|-heal|p1a: Arboliva|30\/100|[from] item: Leftovers\n|upkeep\n|l|\u2606mipmoras\n|inactive|mipmoras disconnected and has a minute to reconnect!\n|player|p2|\n|inactive|mipmoras has 30 seconds left.\n|inactive|mipmoras has 20 seconds left.\n|inactive|mipmoras has 15 seconds left.\n|inactive|mipmoras has 10 seconds left.\n|inactive|mipmoras has 5 seconds left.\n|-message|mipmoras lost due to inactivity.\n|\n|win|Dr_McKey\n|raw|Dr_McKey's rating: 1207 → 1231<\/strong> (+24 for winning)\n|raw|mipmoras's rating: 1190 → 1166<\/strong> (-24 for losing)\n","uploadtime":1683144947,"views":7,"p1id":"drmckey","p2id":"mipmoras","formatid":"gen9vgc2023regulationc","rating":1166,"private":0,"password":""}