{"id":"gen9vgc2023regulationc-1856515885","p1":"Snowstorm brute","p2":"AmongusMAster5678","format":"[Gen 9] VGC 2023 Regulation C","log":"|j|\u2606Snowstorm brute\n|j|\u2606AmongusMAster5678\n|t:|1683070441\n|gametype|doubles\n|player|p1|Snowstorm brute|veteran|\n|player|p2|AmongusMAster5678|101|\n|teamsize|p1|5\n|teamsize|p2|6\n|gen|9\n|tier|[Gen 9] VGC 2023 Regulation C\n|rated|Tournament battle\n|rule|Species Clause: Limit one of each Pok\u00e9mon\n|rule|Item Clause: Limit one of each item\n|clearpoke\n|poke|p1|Ting-Lu, L50|\n|poke|p1|Roaring Moon, L50|\n|poke|p1|Klefki, L50, M|\n|poke|p1|Skeledirge, L50, M|\n|poke|p1|Iron Bundle, L50|\n|poke|p2|Glimmora, L50, M|\n|poke|p2|Amoonguss, L50, M|\n|poke|p2|Dondozo, L50, F|\n|poke|p2|Tatsugiri, L50, M|\n|poke|p2|Flutter Mane, L50|\n|poke|p2|Arcanine, L50, M|\n|teampreview|4\n|raw| Open Team Sheet for Snowstorm brute<\/summary>Ting-Lu @ Leftovers Ability: Vessel of Ruin Level: 50 Tera Type: Water - Body Press - Throat Chop - Whirlwind - Protect Roaring Moon @ Booster Energy Ability: Protosynthesis Level: 50 Tera Type: Flying - Substitute - Acrobatics - Jaw Lock - Protect Klefki @ Light Clay Ability: Prankster Level: 50 Tera Type: Water - Reflect - Light Screen - Thunder Wave - Dazzling Gleam Skeledirge @ Sitrus Berry Ability: Unaware Level: 50 Tera Type: Fairy - Will-O-Wisp - Torch Song - Shadow Ball - Slack Off Iron Bundle @ Safety Goggles Ability: Quark Drive Level: 50 Tera Type: Poison - Hydro Pump - Freeze-Dry - Flip Turn - Protect <\/details><\/div> Open Team Sheet for AmongusMAster5678<\/summary>Glimmora @ Assault Vest Ability: Corrosion Level: 50 Tera Type: Grass - Mortal Spin - Energy Ball - Power Gem - Sludge Bomb Amoonguss @ Sitrus Berry Ability: Regenerator Level: 50 Tera Type: Water - Rage Powder - Protect - Leaf Storm - Pollen Puff Donbozo (Dondozo) @ Leftovers Ability: Oblivious Level: 50 Tera Type: Grass - Tera Blast - Earthquake - Wave Crash - Protect Tatsugiri @ Choice Scarf Ability: Commander Level: 50 Tera Type: Steel - Draco Meteor - Surf - Icy Wind - Chilling Water Flutter Mane @ Booster Energy Ability: Protosynthesis Level: 50 Shiny: Yes Tera Type: Water - Protect - Perish Song - Shadow Ball - Dazzling Gleam Arcanine @ Safety Goggles Ability: Intimidate Level: 50 Tera Type: Water - Protect - Extreme Speed - Flare Blitz - Will-O-Wisp <\/details><\/div>\n|inactive|Battle timer is ON: inactive players will automatically lose when time's up. (requested by AmongusMAster5678)\n|j| CyborgCrafter\n|inactive|AmongusMAster5678 has 60 seconds left.\n|l| CyborgCrafter\n|j| baldafor\n|\n|t:|1683070482\n|start\n|switch|p1a: Klefki|Klefki, L50, M|100\/100\n|switch|p1b: Roaring Moon|Roaring Moon, L50|100\/100\n|switch|p2a: Glimmora|Glimmora, L50, M|100\/100\n|switch|p2b: Flutter Mane|Flutter Mane, L50, shiny|100\/100\n|-enditem|p2b: Flutter Mane|Booster Energy\n|-activate|p2b: Flutter Mane|ability: Protosynthesis|[fromitem]\n|-start|p2b: Flutter Mane|protosynthesisspa\n|-enditem|p1b: Roaring Moon|Booster Energy\n|-activate|p1b: Roaring Moon|ability: Protosynthesis|[fromitem]\n|-start|p1b: Roaring Moon|protosynthesisspe\n|turn|1\n|\n|t:|1683070492\n|move|p1b: Roaring Moon|Protect|p1b: Roaring Moon\n|-singleturn|p1b: Roaring Moon|Protect\n|move|p2b: Flutter Mane|Protect|p2b: Flutter Mane\n|-singleturn|p2b: Flutter Mane|Protect\n|move|p1a: Klefki|Light Screen|p1a: Klefki\n|-sidestart|p1: Snowstorm brute|move: Light Screen\n|move|p2a: Glimmora|Mortal Spin|p1b: Roaring Moon|[spread] \n|-activate|p1b: Roaring Moon|move: Protect\n|-immune|p1a: Klefki\n|\n|upkeep\n|turn|2\n|j| CyborgCrafter\n|c| CyborgCrafter|klefki\n|c| CyborgCrafter|gaming\n|\n|t:|1683070511\n|move|p1a: Klefki|Thunder Wave|p2a: Glimmora\n|-status|p2a: Glimmora|par\n|move|p1b: Roaring Moon|Substitute|p1b: Roaring Moon\n|-start|p1b: Roaring Moon|Substitute\n|-damage|p1b: Roaring Moon|75\/100\n|move|p2b: Flutter Mane|Dazzling Gleam|p1a: Klefki|[spread] p1a,p1b\n|-supereffective|p1b: Roaring Moon\n|-end|p1b: Roaring Moon|Substitute\n|-resisted|p1a: Klefki\n|-damage|p1a: Klefki|87\/100\n|cant|p2a: Glimmora|par\n|\n|upkeep\n|turn|3\n|\n|t:|1683070530\n|move|p1b: Roaring Moon|Protect|p1b: Roaring Moon\n|-singleturn|p1b: Roaring Moon|Protect\n|move|p2b: Flutter Mane|Dazzling Gleam|p1a: Klefki|[spread] p1a\n|-activate|p1b: Roaring Moon|move: Protect\n|-resisted|p1a: Klefki\n|-damage|p1a: Klefki|73\/100\n|move|p1a: Klefki|Dazzling Gleam|p2a: Glimmora|[spread] p2a,p2b\n|-resisted|p2a: Glimmora\n|-damage|p2a: Glimmora|94\/100 par\n|-damage|p2b: Flutter Mane|86\/100\n|move|p2a: Glimmora|Sludge Bomb|p1b: Roaring Moon\n|-activate|p1b: Roaring Moon|move: Protect\n|\n|upkeep\n|turn|4\n|\n|t:|1683070547\n|move|p1a: Klefki|Thunder Wave|p2b: Flutter Mane\n|-status|p2b: Flutter Mane|par\n|move|p1b: Roaring Moon|Jaw Lock|p2b: Flutter Mane\n|-damage|p2b: Flutter Mane|19\/100 par\n|-activate|p1b: Roaring Moon|trapped\n|move|p2b: Flutter Mane|Shadow Ball|p1b: Roaring Moon\n|-resisted|p1b: Roaring Moon\n|-damage|p1b: Roaring Moon|62\/100\n|move|p2a: Glimmora|Power Gem|p1b: Roaring Moon\n|-crit|p1b: Roaring Moon\n|-damage|p1b: Roaring Moon|7\/100\n|\n|upkeep\n|turn|5\n|c|\u2606Snowstorm brute|why\n|\n|t:|1683070570\n|move|p1b: Roaring Moon|Protect|p1b: Roaring Moon\n|-singleturn|p1b: Roaring Moon|Protect\n|move|p2b: Flutter Mane|Protect|p2b: Flutter Mane\n|-singleturn|p2b: Flutter Mane|Protect\n|move|p1a: Klefki|Dazzling Gleam|p2b: Flutter Mane|[spread] p2a\n|-activate|p2b: Flutter Mane|move: Protect\n|-resisted|p2a: Glimmora\n|-damage|p2a: Glimmora|87\/100 par\n|cant|p2a: Glimmora|par\n|\n|upkeep\n|turn|6\n|c| CyborgCrafter|why jaw lock\n|\n|t:|1683070583\n|-end|p2b: Flutter Mane|Protosynthesis|[silent]\n|switch|p2b: Amoonguss|Amoonguss, L50, M|100\/100\n|move|p1b: Roaring Moon|Jaw Lock|p2a: Glimmora\n|-damage|p2a: Glimmora|53\/100 par\n|-activate|p1b: Roaring Moon|trapped\n|-activate|p2a: Glimmora|trapped\n|move|p1a: Klefki|Dazzling Gleam|p2a: Glimmora|[spread] p2a,p2b\n|-resisted|p2a: Glimmora\n|-resisted|p2b: Amoonguss\n|-damage|p2a: Glimmora|47\/100 par\n|-damage|p2b: Amoonguss|94\/100\n|cant|p2a: Glimmora|par\n|\n|upkeep\n|turn|7\n|\n|t:|1683070605\n|move|p1b: Roaring Moon|Protect|p1b: Roaring Moon\n|-singleturn|p1b: Roaring Moon|Protect\n|move|p1a: Klefki|Thunder Wave|p2b: Amoonguss\n|-status|p2b: Amoonguss|par\n|move|p2a: Glimmora|Energy Ball|p1b: Roaring Moon\n|-activate|p1b: Roaring Moon|move: Protect\n|move|p2b: Amoonguss|Pollen Puff|p2a: Glimmora\n|-heal|p2a: Glimmora|97\/100 par\n|\n|upkeep\n|turn|8\n|j| Volcano0\n|l| Volcano0\n|l| CyborgCrafter\n|\n|t:|1683070629\n|move|p2b: Amoonguss|Protect|p2b: Amoonguss\n|-singleturn|p2b: Amoonguss|Protect\n|move|p1b: Roaring Moon|Acrobatics|p2b: Amoonguss\n|-activate|p2b: Amoonguss|move: Protect\n|move|p1a: Klefki|Dazzling Gleam|p2a: Glimmora|[spread] p2a\n|-activate|p2b: Amoonguss|move: Protect\n|-resisted|p2a: Glimmora\n|-damage|p2a: Glimmora|90\/100 par\n|cant|p2a: Glimmora|par\n|\n|-sideend|p1: Snowstorm brute|move: Light Screen\n|upkeep\n|turn|9\n|\n|t:|1683070644\n|switch|p2b: Donbozo|Dondozo, L50, F|100\/100\n|move|p1a: Klefki|Light Screen|p1a: Klefki\n|-sidestart|p1: Snowstorm brute|move: Light Screen\n|move|p1b: Roaring Moon|Acrobatics|p2b: Donbozo\n|-damage|p2b: Donbozo|75\/100\n|move|p2a: Glimmora|Power Gem|p1b: Roaring Moon\n|-damage|p1b: Roaring Moon|0 fnt\n|faint|p1b: Roaring Moon\n|-end|p1b: Roaring Moon|Protosynthesis|[silent]\n|\n|-heal|p2b: Donbozo|81\/100|[from] item: Leftovers\n|upkeep\n|\n|t:|1683070657\n|switch|p1b: Skeledirge|Skeledirge, L50, M|100\/100\n|turn|10\n|\n|t:|1683070665\n|move|p2b: Donbozo|Protect|p2b: Donbozo\n|-singleturn|p2b: Donbozo|Protect\n|move|p1a: Klefki|Thunder Wave|p1b: Skeledirge\n|-status|p1b: Skeledirge|par\n|cant|p2a: Glimmora|par\n|cant|p1b: Skeledirge|par\n|\n|-heal|p2b: Donbozo|87\/100|[from] item: Leftovers\n|upkeep\n|turn|11\n|\n|t:|1683070676\n|move|p1a: Klefki|Reflect|p1a: Klefki\n|-sidestart|p1: Snowstorm brute|Reflect\n|move|p2b: Donbozo|Wave Crash|p1b: Skeledirge\n|-supereffective|p1b: Skeledirge\n|-damage|p1b: Skeledirge|53\/100 par\n|-damage|p2b: Donbozo|73\/100|[from] Recoil\n|move|p2a: Glimmora|Power Gem|p1b: Skeledirge\n|-supereffective|p1b: Skeledirge\n|-damage|p1b: Skeledirge|3\/100 par\n|-enditem|p1b: Skeledirge|Sitrus Berry|[eat]\n|-heal|p1b: Skeledirge|28\/100 par|[from] item: Sitrus Berry\n|move|p1b: Skeledirge|Will-O-Wisp|p2b: Donbozo\n|-status|p2b: Donbozo|brn\n|\n|-heal|p2b: Donbozo|79\/100 brn|[from] item: Leftovers\n|-damage|p2b: Donbozo|73\/100 brn|[from] brn\n|upkeep\n|turn|12\n|\n|t:|1683070691\n|switch|p1b: Ting-Lu|Ting-Lu, L50|100\/100\n|-ability|p1b: Ting-Lu|Vessel of Ruin\n|move|p2b: Donbozo|Protect|p2b: Donbozo\n|-singleturn|p2b: Donbozo|Protect\n|move|p1a: Klefki|Dazzling Gleam|p2a: Glimmora|[spread] p2a\n|-activate|p2b: Donbozo|move: Protect\n|-resisted|p2a: Glimmora\n|-damage|p2a: Glimmora|85\/100 par\n|move|p2a: Glimmora|Power Gem|p1b: Ting-Lu\n|-resisted|p1b: Ting-Lu\n|-crit|p1b: Ting-Lu\n|-damage|p1b: Ting-Lu|83\/100\n|\n|-heal|p2b: Donbozo|79\/100 brn|[from] item: Leftovers\n|-heal|p1b: Ting-Lu|89\/100|[from] item: Leftovers\n|-damage|p2b: Donbozo|73\/100 brn|[from] brn\n|upkeep\n|turn|13\n|\n|t:|1683070710\n|switch|p2b: Amoonguss|Amoonguss, L50, M|100\/100 par\n|-terastallize|p1b: Ting-Lu|Water\n|-terastallize|p2a: Glimmora|Grass\n|move|p1a: Klefki|Thunder Wave|p1b: Ting-Lu\n|-status|p1b: Ting-Lu|par\n|move|p2a: Glimmora|Energy Ball|p1b: Ting-Lu\n|-supereffective|p1b: Ting-Lu\n|-damage|p1b: Ting-Lu|56\/100 par\n|move|p1b: Ting-Lu|Throat Chop|p2a: Glimmora\n|-damage|p2a: Glimmora|56\/100 par\n|-start|p2a: Glimmora|Throat Chop|[silent]\n|\n|-heal|p1b: Ting-Lu|62\/100 par|[from] item: Leftovers\n|upkeep\n|turn|14\n|\n|t:|1683070730\n|move|p1b: Ting-Lu|Protect|p1b: Ting-Lu\n|-singleturn|p1b: Ting-Lu|Protect\n|move|p1a: Klefki|Dazzling Gleam|p2b: Amoonguss|[spread] p2a,p2b\n|-resisted|p2b: Amoonguss\n|-damage|p2a: Glimmora|45\/100 par\n|-damage|p2b: Amoonguss|95\/100 par\n|move|p2a: Glimmora|Energy Ball|p1b: Ting-Lu\n|-activate|p1b: Ting-Lu|move: Protect\n|move|p2b: Amoonguss|Pollen Puff|p2a: Glimmora\n|-heal|p2a: Glimmora|95\/100 par\n|\n|-heal|p1b: Ting-Lu|68\/100 par|[from] item: Leftovers\n|-end|p2a: Glimmora|Throat Chop|[silent]\n|upkeep\n|turn|15\n|\n|t:|1683070743\n|move|p1a: Klefki|Light Screen||[still]\n|-fail|p1a: Klefki\n|cant|p2a: Glimmora|par\n|move|p1b: Ting-Lu|Throat Chop|p2b: Amoonguss\n|-damage|p2b: Amoonguss|66\/100 par\n|-start|p2b: Amoonguss|Throat Chop|[silent]\n|move|p2b: Amoonguss|Leaf Storm|p1b: Ting-Lu\n|-supereffective|p1b: Ting-Lu\n|-damage|p1b: Ting-Lu|42\/100 par\n|-unboost|p2b: Amoonguss|spa|2\n|\n|-heal|p1b: Ting-Lu|48\/100 par|[from] item: Leftovers\n|upkeep\n|turn|16\n|c|\u2606Snowstorm brute|i hate amonguss\n|\n|t:|1683070762\n|switch|p2b: Donbozo|Dondozo, L50, F|73\/100 brn\n|move|p1b: Ting-Lu|Protect|p1b: Ting-Lu\n|-singleturn|p1b: Ting-Lu|Protect\n|move|p1a: Klefki|Dazzling Gleam|p2a: Glimmora|[spread] p2a,p2b\n|-damage|p2a: Glimmora|84\/100 par\n|-damage|p2b: Donbozo|63\/100 brn\n|cant|p2a: Glimmora|par\n|\n|-heal|p2b: Donbozo|69\/100 brn|[from] item: Leftovers\n|-heal|p1b: Ting-Lu|54\/100 par|[from] item: Leftovers\n|-damage|p2b: Donbozo|63\/100 brn|[from] brn\n|-sideend|p1: Snowstorm brute|move: Light Screen\n|upkeep\n|turn|17\n|\n|t:|1683070777\n|switch|p2b: Amoonguss|Amoonguss, L50, M|99\/100 par\n|move|p1a: Klefki|Light Screen|p1a: Klefki\n|-sidestart|p1: Snowstorm brute|move: Light Screen\n|move|p2a: Glimmora|Energy Ball|p1b: Ting-Lu\n|-supereffective|p1b: Ting-Lu\n|-damage|p1b: Ting-Lu|23\/100 par\n|move|p1b: Ting-Lu|Whirlwind|p2a: Glimmora\n|drag|p2a: Donbozo|Dondozo, L50, F|63\/100 brn\n|\n|-heal|p2a: Donbozo|69\/100 brn|[from] item: Leftovers\n|-heal|p1b: Ting-Lu|29\/100 par|[from] item: Leftovers\n|-damage|p2a: Donbozo|63\/100 brn|[from] brn\n|upkeep\n|turn|18\n|j|^InkVG\n|l|^InkVG\n|j| mafumafusimpsimp\n|inactive|Snowstorm brute has 30 seconds left.\n|\n|t:|1683070810\n|switch|p1b: Skeledirge|Skeledirge, L50, M|28\/100 par\n|move|p1a: Klefki|Dazzling Gleam|p2b: Amoonguss|[spread] p2a,p2b\n|-resisted|p2b: Amoonguss\n|-damage|p2a: Donbozo|49\/100 brn\n|-damage|p2b: Amoonguss|92\/100 par\n|move|p2a: Donbozo|Earthquake|p1a: Klefki|[spread] p2b,p1a,p1b\n|-crit|p2b: Amoonguss\n|-supereffective|p1a: Klefki\n|-supereffective|p1b: Skeledirge\n|-damage|p2b: Amoonguss|79\/100 par\n|-damage|p1a: Klefki|59\/100\n|-damage|p1b: Skeledirge|18\/100 par\n|cant|p2b: Amoonguss|par\n|\n|-heal|p2a: Donbozo|55\/100 brn|[from] item: Leftovers\n|-damage|p2a: Donbozo|49\/100 brn|[from] brn\n|-sideend|p1: Snowstorm brute|Reflect\n|upkeep\n|turn|19\n|\n|t:|1683070829\n|switch|p1b: Ting-Lu|Ting-Lu, L50, tera:Water|29\/100 par\n|-ability|p1b: Ting-Lu|Vessel of Ruin\n|move|p2b: Amoonguss|Protect|p2b: Amoonguss\n|-singleturn|p2b: Amoonguss|Protect\n|move|p1a: Klefki|Reflect|p1a: Klefki\n|-sidestart|p1: Snowstorm brute|Reflect\n|move|p2a: Donbozo|Wave Crash|p1b: Ting-Lu\n|-resisted|p1b: Ting-Lu\n|-damage|p1b: Ting-Lu|26\/100 par\n|-damage|p2a: Donbozo|48\/100 brn|[from] Recoil\n|\n|-heal|p2a: Donbozo|54\/100 brn|[from] item: Leftovers\n|-heal|p1b: Ting-Lu|32\/100 par|[from] item: Leftovers\n|-damage|p2a: Donbozo|48\/100 brn|[from] brn\n|upkeep\n|turn|20\n|\n|t:|1683070845\n|switch|p2a: Glimmora|Glimmora, L50, M, tera:Grass|84\/100 par\n|move|p1a: Klefki|Dazzling Gleam|p2a: Glimmora|[spread] p2a,p2b\n|-resisted|p2b: Amoonguss\n|-damage|p2a: Glimmora|75\/100 par\n|-damage|p2b: Amoonguss|74\/100 par\n|move|p1b: Ting-Lu|Throat Chop|p2b: Amoonguss\n|-damage|p2b: Amoonguss|48\/100 par\n|-start|p2b: Amoonguss|Throat Chop|[silent]\n|-enditem|p2b: Amoonguss|Sitrus Berry|[eat]\n|-heal|p2b: Amoonguss|73\/100 par|[from] item: Sitrus Berry\n|move|p2b: Amoonguss|Leaf Storm|p1b: Ting-Lu\n|-supereffective|p1b: Ting-Lu\n|-damage|p1b: Ting-Lu|3\/100 par\n|-unboost|p2b: Amoonguss|spa|2\n|\n|-heal|p1b: Ting-Lu|9\/100 par|[from] item: Leftovers\n|upkeep\n|turn|21\n|\n|t:|1683070862\n|move|p1b: Ting-Lu|Protect|p1b: Ting-Lu\n|-singleturn|p1b: Ting-Lu|Protect\n|move|p2b: Amoonguss|Rage Powder|p2b: Amoonguss\n|-singleturn|p2b: Amoonguss|move: Rage Powder\n|move|p1a: Klefki|Dazzling Gleam|p2b: Amoonguss|[spread] p2a,p2b\n|-resisted|p2b: Amoonguss\n|-damage|p2a: Glimmora|66\/100 par\n|-damage|p2b: Amoonguss|68\/100 par\n|move|p2a: Glimmora|Energy Ball|p1b: Ting-Lu\n|-activate|p1b: Ting-Lu|move: Protect\n|\n|-heal|p1b: Ting-Lu|15\/100 par|[from] item: Leftovers\n|-end|p2b: Amoonguss|Throat Chop|[silent]\n|upkeep\n|turn|22\n|\n|t:|1683070876\n|move|p1a: Klefki|Dazzling Gleam|p2b: Amoonguss|[spread] p2a,p2b\n|-resisted|p2b: Amoonguss\n|-damage|p2a: Glimmora|57\/100 par\n|-damage|p2b: Amoonguss|63\/100 par\n|move|p2a: Glimmora|Power Gem|p1b: Ting-Lu\n|-damage|p1b: Ting-Lu|0 fnt\n|faint|p1b: Ting-Lu\n|cant|p2b: Amoonguss|par\n|\n|upkeep\n|\n|t:|1683070884\n|switch|p1b: Skeledirge|Skeledirge, L50, M|18\/100 par\n|turn|23\n|\n|t:|1683070888\n|move|p1a: Klefki|Dazzling Gleam|p2a: Glimmora|[spread] p2a,p2b\n|-resisted|p2b: Amoonguss\n|-damage|p2a: Glimmora|43\/100 par\n|-damage|p2b: Amoonguss|56\/100 par\n|move|p2a: Glimmora|Power Gem|p1b: Skeledirge\n|-supereffective|p1b: Skeledirge\n|-damage|p1b: Skeledirge|0 fnt\n|faint|p1b: Skeledirge\n|move|p2b: Amoonguss|Pollen Puff|p2a: Glimmora\n|-heal|p2a: Glimmora|93\/100 par\n|\n|upkeep\n|turn|24\n|j| Mikunji19\n|c|\u2606Snowstorm brute|that glimmora had effectievly 250% hp\n|inactive|Snowstorm brute has 30 seconds left.\n|\n|t:|1683070914\n|move|p1a: Klefki|Dazzling Gleam|p2b: Amoonguss|[spread] p2a,p2b\n|-resisted|p2b: Amoonguss\n|-damage|p2a: Glimmora|80\/100 par\n|-damage|p2b: Amoonguss|50\/100 par\n|move|p2a: Glimmora|Power Gem|p1a: Klefki\n|-resisted|p1a: Klefki\n|-damage|p1a: Klefki|46\/100\n|move|p2b: Amoonguss|Pollen Puff|p1a: Klefki\n|-resisted|p1a: Klefki\n|-damage|p1a: Klefki|44\/100\n|\n|-sideend|p1: Snowstorm brute|move: Light Screen\n|upkeep\n|turn|25\n|\n|t:|1683070929\n|move|p1a: Klefki|Dazzling Gleam|p2b: Amoonguss|[spread] p2a,p2b\n|-resisted|p2b: Amoonguss\n|-damage|p2a: Glimmora|66\/100 par\n|-damage|p2b: Amoonguss|43\/100 par\n|move|p2a: Glimmora|Power Gem|p1a: Klefki\n|-resisted|p1a: Klefki\n|-damage|p1a: Klefki|25\/100\n|move|p2b: Amoonguss|Pollen Puff|p1a: Klefki\n|-resisted|p1a: Klefki\n|-damage|p1a: Klefki|24\/100\n|\n|upkeep\n|turn|26\n|\n|t:|1683070943\n|move|p1a: Klefki|Dazzling Gleam|p2a: Glimmora|[spread] p2a,p2b\n|-resisted|p2b: Amoonguss\n|-damage|p2a: Glimmora|52\/100 par\n|-damage|p2b: Amoonguss|36\/100 par\n|move|p2a: Glimmora|Power Gem|p1a: Klefki\n|-resisted|p1a: Klefki\n|-damage|p1a: Klefki|5\/100\n|move|p2b: Amoonguss|Pollen Puff|p1a: Klefki\n|-resisted|p1a: Klefki\n|-damage|p1a: Klefki|2\/100\n|\n|-sideend|p1: Snowstorm brute|Reflect\n|upkeep\n|turn|27\n|\n|t:|1683070955\n|move|p1a: Klefki|Dazzling Gleam|p2b: Amoonguss|[spread] p2a,p2b\n|-resisted|p2b: Amoonguss\n|-damage|p2a: Glimmora|38\/100 par\n|-damage|p2b: Amoonguss|30\/100 par\n|move|p2a: Glimmora|Power Gem|p1a: Klefki\n|-resisted|p1a: Klefki\n|-damage|p1a: Klefki|0 fnt\n|faint|p1a: Klefki\n|\n|win|AmongusMAster5678\n|n|\u2606Snowstorm brute|snowstormbrute\n|n|\u2606AmongusMAster5678|amongusmaster5678\n|n| baldafor|baldafor\n|n| mafumafusimpsimp|mafumafusimpsimp\n|n| Mikunji19|mikunji19\n|c|\u2606AmongusMAster5678|gg\n|c|\u2606Snowstorm brute|gg\n|c|\u2606AmongusMAster5678|this was pain\n|l| baldafor\n|c|\u2606Snowstorm brute|look at it from my perspective\n|c|\u2606AmongusMAster5678|true\n|l| Mikunji19\n|l| mafumafusimpsimp\n","uploadtime":1683071256,"views":12,"p1id":"snowstormbrute","p2id":"amongusmaster5678","formatid":"gen9vgc2023regulationc","rating":0,"private":0,"password":""}