{"id":"gen9vgc2023regulationc-1862933080","p1":"SteelPupa","p2":"Nails","format":"[Gen 9] VGC 2023 Regulation C","log":"|j|\u2606SteelPupa\n|j|\u2606Nails\n|t:|1683940331\n|gametype|doubles\n|player|p1|SteelPupa|#vgcplzoruas|\n|player|p2|Nails|#scl2terrors|\n|teamsize|p1|6\n|teamsize|p2|6\n|gen|9\n|tier|[Gen 9] VGC 2023 Regulation C\n|rule|Species Clause: Limit one of each Pok\u00e9mon\n|rule|Item Clause: Limit one of each item\n|clearpoke\n|poke|p1|Iron Bundle, L50|\n|poke|p1|Flutter Mane, L50|\n|poke|p1|Chi-Yu, L50|\n|poke|p1|Glimmora, L50, F|\n|poke|p1|Murkrow, L50, M|\n|poke|p1|Great Tusk, L50|\n|poke|p2|Tatsugiri-Droopy, L50, F|\n|poke|p2|Glimmora, L50, F|\n|poke|p2|Dondozo, L50, F|\n|poke|p2|Chi-Yu, L50|\n|poke|p2|Iron Bundle, L50|\n|poke|p2|Dragonite, L50, F|\n|teampreview|4\nNails has agreed to open team sheets.\n|c|\u2606Nails|g1\n|c|\u2606SteelPupa|g1\nSteelPupa has agreed to open team sheets.\n|c|\u2606Nails|hf\n|c|\u2606SteelPupa|u2\n|j| JoeUX9\n|j| Ally\n|j| TheKingVillager\n|c| JoeUX9|spider man meme\n|c| TheKingVillager|great tusk eats murkrow\n|c| TheKingVillager|its similar enough\n|j| snow hypocrite\n|\n|t:|1683940480\n|start\n|switch|p1a: Iron Bundle|Iron Bundle, L50|100\/100\n|switch|p1b: Great Tusk|Great Tusk, L50|100\/100\n|switch|p2a: Glimmora|Glimmora, L50, F, shiny|100\/100\n|switch|p2b: Dondozo|Dondozo, L50, F, shiny|100\/100\n|-enditem|p1a: Iron Bundle|Booster Energy\n|-activate|p1a: Iron Bundle|ability: Quark Drive|[fromitem]\n|-start|p1a: Iron Bundle|quarkdrivespe\n|turn|1\n|\n|t:|1683940533\n|-terastallize|p2a: Glimmora|Grass\n|move|p1a: Iron Bundle|Protect|p1a: Iron Bundle\n|-singleturn|p1a: Iron Bundle|Protect\n|move|p2b: Dondozo|Protect|p2b: Dondozo\n|-singleturn|p2b: Dondozo|Protect\n|move|p1b: Great Tusk|Close Combat|p2a: Glimmora\n|-damage|p2a: Glimmora|46\/100\n|-unboost|p1b: Great Tusk|def|1\n|-unboost|p1b: Great Tusk|spd|1\n|-activate|p2a: Glimmora|ability: Toxic Debris\n|-sidestart|p1: SteelPupa|move: Toxic Spikes\n|move|p2a: Glimmora|Mortal Spin|p1b: Great Tusk|[spread] p1b\n|-activate|p1a: Iron Bundle|move: Protect\n|-resisted|p1b: Great Tusk\n|-damage|p1b: Great Tusk|98\/100\n|-status|p1b: Great Tusk|psn\n|\n|-damage|p1b: Great Tusk|86\/100 psn|[from] psn\n|upkeep\n|turn|2\n|j| PowerfulKnowledge\n|\n|t:|1683940624\n|switch|p2b: Chi-Yu|Chi-Yu, L50|100\/100\n|-ability|p2b: Chi-Yu|Beads of Ruin\n|move|p1a: Iron Bundle|Freeze-Dry|p2b: Chi-Yu\n|-resisted|p2b: Chi-Yu\n|-damage|p2b: Chi-Yu|81\/100\n|move|p1b: Great Tusk|Close Combat|p2a: Glimmora\n|-damage|p2a: Glimmora|0 fnt\n|-unboost|p1b: Great Tusk|def|1\n|-unboost|p1b: Great Tusk|spd|1\n|-activate|p2a: Glimmora|ability: Toxic Debris\n|-sidestart|p1: SteelPupa|move: Toxic Spikes\n|faint|p2a: Glimmora\n|\n|-damage|p1b: Great Tusk|74\/100 psn|[from] psn\n|upkeep\n|\n|t:|1683940628\n|switch|p2a: Dondozo|Dondozo, L50, F, shiny|100\/100\n|turn|3\n|l| JoeUX9\n|\n|t:|1683940640\n|switch|p2b: Tatsugiri|Tatsugiri-Droopy, L50, F, shiny|100\/100\n|-activate|p2b: Tatsugiri|ability: Commander|[of] p2a: Dondozo\n|-boost|p2a: Dondozo|atk|2\n|-boost|p2a: Dondozo|spa|2\n|-boost|p2a: Dondozo|spe|2\n|-boost|p2a: Dondozo|def|2\n|-boost|p2a: Dondozo|spd|2\n|move|p1a: Iron Bundle|Protect|p1a: Iron Bundle\n|-singleturn|p1a: Iron Bundle|Protect\n|move|p1b: Great Tusk|Close Combat|p2b: Tatsugiri|[miss]\n|-miss|p1b: Great Tusk|p2b: Tatsugiri\n|move|p2a: Dondozo|Rock Slide|p1a: Iron Bundle|[spread] p1b\n|-activate|p1a: Iron Bundle|move: Protect\n|-resisted|p1b: Great Tusk\n|-damage|p1b: Great Tusk|69\/100 psn\n|\n|-damage|p1b: Great Tusk|57\/100 psn|[from] psn\n|upkeep\n|turn|4\n|\n|t:|1683940653\n|move|p1a: Iron Bundle|Freeze-Dry|p2a: Dondozo\n|-supereffective|p2a: Dondozo\n|-damage|p2a: Dondozo|73\/100\n|move|p1b: Great Tusk|Close Combat|p2a: Dondozo\n|-damage|p2a: Dondozo|50\/100\n|-unboost|p1b: Great Tusk|def|1\n|-unboost|p1b: Great Tusk|spd|1\n|move|p2a: Dondozo|Rock Slide|p1a: Iron Bundle|[spread] p1a,p1b\n|-supereffective|p1a: Iron Bundle\n|-resisted|p1b: Great Tusk\n|-damage|p1a: Iron Bundle|30\/100\n|-damage|p1b: Great Tusk|51\/100 psn\n|\n|-heal|p2a: Dondozo|56\/100|[from] item: Leftovers\n|-damage|p1b: Great Tusk|39\/100 psn|[from] psn\n|upkeep\n|turn|5\n|\n|t:|1683940665\n|move|p1a: Iron Bundle|Protect|p1a: Iron Bundle\n|-singleturn|p1a: Iron Bundle|Protect\n|move|p2a: Dondozo|Protect|p2a: Dondozo\n|-singleturn|p2a: Dondozo|Protect\n|move|p1b: Great Tusk|Close Combat|p2a: Dondozo\n|-activate|p2a: Dondozo|move: Protect\n|\n|-heal|p2a: Dondozo|62\/100|[from] item: Leftovers\n|-damage|p1b: Great Tusk|27\/100 psn|[from] psn\n|upkeep\n|turn|6\n|j| blckkkkkk\n|\n|t:|1683940681\n|move|p1a: Iron Bundle|Freeze-Dry|p2a: Dondozo\n|-supereffective|p2a: Dondozo\n|-damage|p2a: Dondozo|35\/100\n|move|p1b: Great Tusk|Close Combat|p2a: Dondozo\n|-damage|p2a: Dondozo|13\/100\n|-unboost|p1b: Great Tusk|def|1\n|-unboost|p1b: Great Tusk|spd|1\n|move|p2a: Dondozo|Rock Slide|p1a: Iron Bundle|[spread] p1a,p1b\n|-supereffective|p1a: Iron Bundle\n|-resisted|p1b: Great Tusk\n|-damage|p1a: Iron Bundle|0 fnt\n|-damage|p1b: Great Tusk|21\/100 psn\n|faint|p1a: Iron Bundle\n|-end|p1a: Iron Bundle|Quark Drive|[silent]\n|\n|-heal|p2a: Dondozo|19\/100|[from] item: Leftovers\n|-damage|p1b: Great Tusk|9\/100 psn|[from] psn\n|upkeep\n|\n|t:|1683940689\n|switch|p1a: Flutter Mane|Flutter Mane, L50|100\/100\n|-status|p1a: Flutter Mane|tox\n|turn|7\n|\n|t:|1683940713\n|move|p2a: Dondozo|Protect|p2a: Dondozo\n|-singleturn|p2a: Dondozo|Protect\n|move|p1b: Great Tusk|Close Combat|p2a: Dondozo\n|-activate|p2a: Dondozo|move: Protect\n|move|p1a: Flutter Mane|Moonblast|p2b: Tatsugiri|[miss]\n|-miss|p1a: Flutter Mane|p2b: Tatsugiri\n|\n|-heal|p2a: Dondozo|25\/100|[from] item: Leftovers\n|-damage|p1b: Great Tusk|0 fnt|[from] psn\n|faint|p1b: Great Tusk\n|-end|p1b: Great Tusk|Protosynthesis|[silent]\n|-damage|p1a: Flutter Mane|95\/100 tox|[from] psn\n|upkeep\n|\n|t:|1683940715\n|switch|p1b: Chi-Yu|Chi-Yu, L50|100\/100\n|-status|p1b: Chi-Yu|tox\n|-ability|p1b: Chi-Yu|Beads of Ruin\n|turn|8\n|j|+PinkSylvie\n|\n|t:|1683940726\n|-terastallize|p1a: Flutter Mane|Fairy\n|move|p1a: Flutter Mane|Moonblast|p2a: Dondozo\n|-damage|p2a: Dondozo|0 fnt\n|faint|p2a: Dondozo\n|move|p1b: Chi-Yu|Dark Pulse|p2b: Tatsugiri\n|-damage|p2b: Tatsugiri|10\/100\n|-damage|p1b: Chi-Yu|91\/100 tox|[from] item: Life Orb\n|\n|-damage|p1a: Flutter Mane|84\/100 tox|[from] psn\n|-damage|p1b: Chi-Yu|85\/100 tox|[from] psn\n|upkeep\n|\n|t:|1683940734\n|switch|p2a: Chi-Yu|Chi-Yu, L50|81\/100\n|-ability|p2a: Chi-Yu|Beads of Ruin\n|turn|9\n|c|+PinkSylvie|what is this for?\n|c|\u2606Nails|smogon league\n|c|+PinkSylvie|ah\n|j| tyo\n|\n|t:|1683940813\n|move|p2b: Tatsugiri|Muddy Water|p1a: Flutter Mane|[spread] p1a,p1b\n|-supereffective|p1b: Chi-Yu\n|-damage|p1a: Flutter Mane|37\/100 tox\n|-damage|p1b: Chi-Yu|13\/100 tox\n|-unboost|p1a: Flutter Mane|accuracy|1\n|move|p1a: Flutter Mane|Moonblast|p2a: Chi-Yu|[miss]\n|-miss|p1a: Flutter Mane|p2a: Chi-Yu\n|move|p1b: Chi-Yu|Heat Wave|p2b: Tatsugiri|[spread] p2a,p2b\n|-resisted|p2a: Chi-Yu\n|-resisted|p2b: Tatsugiri\n|-damage|p2a: Chi-Yu|54\/100\n|-damage|p2b: Tatsugiri|0 fnt\n|faint|p2b: Tatsugiri\n|-damage|p1b: Chi-Yu|3\/100 tox|[from] item: Life Orb\n|move|p2a: Chi-Yu|Heat Wave|p1b: Chi-Yu|[spread] p1a,p1b\n|-resisted|p1b: Chi-Yu\n|-damage|p1a: Flutter Mane|0 fnt\n|-damage|p1b: Chi-Yu|0 fnt\n|faint|p1a: Flutter Mane\n|-end|p1a: Flutter Mane|Protosynthesis|[silent]\n|faint|p1b: Chi-Yu\n|\n|win|Nails\n|j| pwny person\n|c|\u2606SteelPupa|gg\n","uploadtime":1683940826,"views":50,"p1id":"steelpupa","p2id":"nails","formatid":"gen9vgc2023regulationc","rating":0,"private":0,"password":""}