{"id":"gen9vgc2023regulationc-1857148883","p1":"BBRAFF","p2":"Richweav13","format":"[Gen 9] VGC 2023 Regulation C","log":"|j|\u2606BBRAFF\n|j|\u2606Richweav13\n|t:|1683150957\n|gametype|doubles\n|player|p1|BBRAFF|cyclist|\n|player|p2|Richweav13|266|\n|teamsize|p1|6\n|teamsize|p2|6\n|gen|9\n|tier|[Gen 9] VGC 2023 Regulation C\n|rule|Species Clause: Limit one of each Pok\u00e9mon\n|rule|Item Clause: Limit one of each item\n|clearpoke\n|poke|p1|Maushold, L50|\n|poke|p1|Raichu, L50, F|\n|poke|p1|Skeledirge, L50, M|\n|poke|p1|Iron Valiant, L50|\n|poke|p1|Appletun, L50, F|\n|poke|p1|Gyarados, L50, F|\n|poke|p2|Sandy Shocks, L50|\n|poke|p2|Torkoal, L50, M|\n|poke|p2|Lilligant, L50, F|\n|poke|p2|Oranguru, L50, M|\n|poke|p2|Espathra, L50, M|\n|poke|p2|Haxorus, L50, M|\n|teampreview|4\n|c|\u2606Richweav13|g3\nBBRAFF rejected open team sheets.\n|j| Heaven64\n|j| thejordanvgc\n|j| PurpleStyle\n|\n|t:|1683151655\n|start\n|switch|p1a: Mickey|Raichu, L50, F|100\/100\n|switch|p1b: Alita|Iron Valiant, L50|100\/100\n|switch|p2a: Espathra|Espathra, L50, M|100\/100\n|switch|p2b: Sandy Shocks|Sandy Shocks, L50|100\/100\n|-enditem|p2b: Sandy Shocks|Booster Energy\n|-activate|p2b: Sandy Shocks|ability: Protosynthesis|[fromitem]\n|-start|p2b: Sandy Shocks|protosynthesisspe\n|turn|1\n|\n|t:|1683151690\n|-terastallize|p1a: Mickey|Flying\n|move|p2a: Espathra|Protect|p2a: Espathra\n|-singleturn|p2a: Espathra|Protect\n|move|p2b: Sandy Shocks|Discharge|p1b: Alita|[spread] p1b\n|-activate|p2a: Espathra|move: Protect\n|-ability|p1a: Mickey|Lightning Rod|boost\n|-boost|p1a: Mickey|spa|1\n|-damage|p1b: Alita|56\/100\n|move|p1a: Mickey|Nuzzle|p2a: Espathra\n|-activate|p2a: Espathra|move: Protect\n|move|p1b: Alita|Spirit Break|p2a: Espathra\n|-activate|p2a: Espathra|move: Protect\n|\n|-ability|p2a: Espathra|Speed Boost|boost\n|-boost|p2a: Espathra|spe|1\n|upkeep\n|turn|2\n|\n|t:|1683151723\n|-end|p2b: Sandy Shocks|Protosynthesis|[silent]\n|switch|p2b: Haxorus|Haxorus, L50, M|100\/100\n|-ability|p2b: Haxorus|Mold Breaker\n|-end|p1b: Alita|Quark Drive|[silent]\n|switch|p1b: Remy + Fam|Maushold, L50|100\/100\n|move|p2a: Espathra|Lumina Crash|p1b: Remy + Fam\n|-damage|p1b: Remy + Fam|66\/100\n|-unboost|p1b: Remy + Fam|spd|2\n|move|p1a: Mickey|Thunderbolt|p2a: Espathra\n|-damage|p2a: Espathra|12\/100\n|\n|-ability|p2a: Espathra|Speed Boost|boost\n|-boost|p2a: Espathra|spe|1\n|upkeep\n|turn|3\n|\n|t:|1683151755\n|move|p2a: Espathra|Lumina Crash|p1b: Remy + Fam\n|-damage|p1b: Remy + Fam|0 fnt\n|faint|p1b: Remy + Fam\n|move|p1a: Mickey|Nuzzle|p2b: Haxorus\n|-resisted|p2b: Haxorus\n|-damage|p2b: Haxorus|97\/100\n|-status|p2b: Haxorus|par\n|move|p2b: Haxorus|Rock Slide|p1a: Mickey\n|-supereffective|p1a: Mickey\n|-enditem|p1a: Mickey|Focus Sash\n|-damage|p1a: Mickey|1\/100\n|\n|-ability|p2a: Espathra|Speed Boost|boost\n|-boost|p2a: Espathra|spe|1\n|upkeep\n|\n|t:|1683151774\n|switch|p1b: Toby|Appletun, L50, F|100\/100\n|turn|4\n|\n|t:|1683151788\n|-terastallize|p2b: Haxorus|Rock\n|move|p2a: Espathra|Dazzling Gleam|p1a: Mickey|[spread] p1a,p1b\n|-supereffective|p1b: Toby\n|-damage|p1a: Mickey|0 fnt\n|-damage|p1b: Toby|73\/100\n|faint|p1a: Mickey\n|move|p2b: Haxorus|Dragon Claw|p1b: Toby\n|-supereffective|p1b: Toby\n|-damage|p1b: Toby|0 fnt\n|faint|p1b: Toby\n|\n|-ability|p2a: Espathra|Speed Boost|boost\n|-boost|p2a: Espathra|spe|1\n|upkeep\n|\n|t:|1683151793\n|switch|p1a: Alita|Iron Valiant, L50|56\/100\n|turn|5\n|\n|t:|1683151804\n|move|p2a: Espathra|Lumina Crash|p1a: Alita\n|-supereffective|p1a: Alita\n|-crit|p1a: Alita\n|-damage|p1a: Alita|0 fnt\n|faint|p1a: Alita\n|-end|p1a: Alita|Quark Drive|[silent]\n|\n|win|Richweav13\n|l| thejordanvgc\n|c|\u2606Richweav13|gg\n|c|\u2606BBRAFF|gg\n|l| PurpleStyle\n","uploadtime":1683151933,"views":52,"p1id":"bbraff","p2id":"richweav13","formatid":"gen9vgc2023regulationc","rating":0,"private":0,"password":""}