{"id":"gen9vgc2023regulationc-1847051358","p1":"BlindMagneton","p2":"Pazzone","format":"[Gen 9] VGC 2023 Regulation C","log":"|j|\u2606BlindMagneton\n|j|\u2606Pazzone\n|t:|1681914992\n|gametype|doubles\n|player|p1|BlindMagneton|wattson|1287\n|player|p2|Pazzone|veteran|1206\n|teamsize|p1|6\n|teamsize|p2|6\n|gen|9\n|tier|[Gen 9] VGC 2023 Regulation C\n|rated|\n|rule|Species Clause: Limit one of each Pok\u00e9mon\n|rule|Item Clause: Limit one of each item\n|clearpoke\n|poke|p1|Iron Bundle, L50|\n|poke|p1|Palafin, L50, F|\n|poke|p1|Ceruledge, L50, F|\n|poke|p1|Grimmsnarl, L50, M|\n|poke|p1|Dachsbun, L50, M|\n|poke|p1|Dragapult, L50, M|\n|poke|p2|Indeedee-F, L50, F|\n|poke|p2|Arcanine, L50, M|\n|poke|p2|Flutter Mane, L50|\n|poke|p2|Amoonguss, L50, F|\n|poke|p2|Meowscarada, L50, F|\n|poke|p2|Annihilape, L50, F|\n|teampreview|4\n|inactive|Battle timer is ON: inactive players will automatically lose when time's up. (requested by Pazzone)\nPazzone has agreed to open team sheets.\n|inactive|BlindMagneton has 60 seconds left.\n|inactiveoff|Battle timer is now OFF.\n|\n|t:|1681915116\n|start\n|switch|p1a: Ceruledge|Ceruledge, L50, F|100\/100\n|switch|p1b: Palafin|Palafin, L50, F|100\/100\n|switch|p2a: Indeedee|Indeedee-F, L50, F|100\/100\n|switch|p2b: Annihilape|Annihilape, L50, F|100\/100\n|-fieldstart|move: Psychic Terrain|[from] ability: Psychic Surge|[of] p2a: Indeedee\n|-enditem|p2a: Indeedee|Psychic Seed\n|-boost|p2a: Indeedee|spd|1|[from] item: Psychic Seed\n|turn|1\n|inactive|Battle timer is ON: inactive players will automatically lose when time's up. (requested by Pazzone)\n|\n|t:|1681915150\n|detailschange|p1b: Palafin|Palafin-Hero, L50, F\n|switch|p1b: Dragapult|Dragapult, L50, M|100\/100\n|move|p2a: Indeedee|Follow Me|p2a: Indeedee\n|-singleturn|p2a: Indeedee|move: Follow Me\n|move|p2b: Annihilape|Bulk Up|p2b: Annihilape\n|-boost|p2b: Annihilape|atk|1\n|-boost|p2b: Annihilape|def|1\n|-enditem|p1b: Dragapult|Mirror Herb\n|-boost|p1b: Dragapult|atk|1|[from] item: Mirror Herb\n|-boost|p1b: Dragapult|def|1|[from] item: Mirror Herb\n|move|p1a: Ceruledge|Bulk Up|p1a: Ceruledge\n|-boost|p1a: Ceruledge|atk|1\n|-boost|p1a: Ceruledge|def|1\n|\n|upkeep\n|turn|2\n|inactive|BlindMagneton has 30 seconds left.\n|inactive|Pazzone has 30 seconds left.\n|\n|t:|1681915180\n|-terastallize|p2b: Annihilape|Water\n|move|p1b: Dragapult|Dragon Darts|p2a: Indeedee\n|-damage|p2a: Indeedee|59\/100\n|-anim|p1b: Dragapult|Dragon Darts|p2b: Annihilape\n|-damage|p2b: Annihilape|75\/100\n|move|p2b: Annihilape|Rage Fist|p1a: Ceruledge\n|-supereffective|p1a: Ceruledge\n|-damage|p1a: Ceruledge|41\/100\n|move|p2a: Indeedee|Dazzling Gleam|p1b: Dragapult|[spread] p1a,p1b\n|-resisted|p1a: Ceruledge\n|-supereffective|p1b: Dragapult\n|-damage|p1a: Ceruledge|35\/100\n|-damage|p1b: Dragapult|60\/100\n|move|p1a: Ceruledge|Bulk Up|p1a: Ceruledge\n|-boost|p1a: Ceruledge|atk|1\n|-boost|p1a: Ceruledge|def|1\n|\n|-heal|p2b: Annihilape|81\/100|[from] item: Leftovers\n|upkeep\n|turn|3\n|inactive|BlindMagneton has 30 seconds left.\n|inactive|Pazzone has 30 seconds left.\n|inactive|BlindMagneton has 20 seconds left.\n|\n|t:|1681915218\n|-terastallize|p1a: Ceruledge|Grass\n|move|p2a: Indeedee|Follow Me|p2a: Indeedee\n|-singleturn|p2a: Indeedee|move: Follow Me\n|move|p1b: Dragapult|Will-O-Wisp|p2a: Indeedee\n|-status|p2a: Indeedee|brn\n|move|p2b: Annihilape|Rage Fist|p1a: Ceruledge\n|-damage|p1a: Ceruledge|13\/100\n|move|p1a: Ceruledge|Bitter Blade|p2a: Indeedee\n|-damage|p2a: Indeedee|0 fnt\n|-heal|p1a: Ceruledge|42\/100|[from] drain|[of] p2a: Indeedee\n|faint|p2a: Indeedee\n|\n|-heal|p2b: Annihilape|87\/100|[from] item: Leftovers\n|upkeep\n|\n|t:|1681915239\n|switch|p2a: Flutter Mane|Flutter Mane, L50|100\/100\n|turn|4\n|inactive|Pazzone has 30 seconds left.\n|\n|t:|1681915265\n|move|p2b: Annihilape|Protect|p2b: Annihilape\n|-singleturn|p2b: Annihilape|Protect\n|move|p1a: Ceruledge|Protect|p1a: Ceruledge\n|-singleturn|p1a: Ceruledge|Protect\n|move|p1b: Dragapult|Phantom Force||[still]\n|-prepare|p1b: Dragapult|Phantom Force\n|move|p2a: Flutter Mane|Dazzling Gleam|p1b: Dragapult|[spread] \n|-miss|p2a: Flutter Mane|p1b: Dragapult\n|-activate|p1a: Ceruledge|move: Protect\n|\n|-heal|p2b: Annihilape|93\/100|[from] item: Leftovers\n|upkeep\n|turn|5\n|\n|t:|1681915290\n|-end|p2a: Flutter Mane|Protosynthesis|[silent]\n|switch|p2a: Amoonguss|Amoonguss, L50, F|100\/100\n|move|p1b: Dragapult|Phantom Force|p2a: Amoonguss|[from]lockedmove\n|-damage|p2a: Amoonguss|51\/100\n|move|p2b: Annihilape|Rage Fist|p1b: Dragapult\n|-supereffective|p1b: Dragapult\n|-crit|p1b: Dragapult\n|-damage|p1b: Dragapult|0 fnt\n|faint|p1b: Dragapult\n|move|p1a: Ceruledge|Bulk Up|p1a: Ceruledge\n|-boost|p1a: Ceruledge|atk|1\n|-boost|p1a: Ceruledge|def|1\n|\n|-heal|p2b: Annihilape|99\/100|[from] item: Leftovers\n|-fieldend|move: Psychic Terrain\n|upkeep\n|\n|t:|1681915309\n|switch|p1b: Palafin|Palafin-Hero, L50, F|100\/100\n|-activate|p1b: Palafin|ability: Zero to Hero\n|turn|6\n|\n|t:|1681915331\n|move|p2b: Annihilape|Protect|p2b: Annihilape\n|-singleturn|p2b: Annihilape|Protect\n|move|p1b: Palafin|Wave Crash|p2b: Annihilape\n|-activate|p2b: Annihilape|move: Protect\n|move|p1a: Ceruledge|Bitter Blade|p2b: Annihilape\n|-activate|p2b: Annihilape|move: Protect\n|move|p2a: Amoonguss|Spore|p1b: Palafin\n|-status|p1b: Palafin|slp|[from] move: Spore\n|-enditem|p1b: Palafin|Lum Berry|[eat]\n|-curestatus|p1b: Palafin|slp|[msg]\n|\n|-heal|p2b: Annihilape|100\/100|[from] item: Leftovers\n|upkeep\n|turn|7\n|inactive|Pazzone has 30 seconds left.\n|\n|t:|1681915364\n|move|p2a: Amoonguss|Rage Powder|p2a: Amoonguss\n|-singleturn|p2a: Amoonguss|move: Rage Powder\n|move|p1b: Palafin|Acrobatics|p2a: Amoonguss\n|-supereffective|p2a: Amoonguss\n|-damage|p2a: Amoonguss|0 fnt\n|faint|p2a: Amoonguss\n|move|p2b: Annihilape|Drain Punch|p1a: Ceruledge\n|-damage|p1a: Ceruledge|18\/100\n|move|p1a: Ceruledge|Bitter Blade|p2b: Annihilape\n|-resisted|p2b: Annihilape\n|-damage|p2b: Annihilape|62\/100\n|-heal|p1a: Ceruledge|41\/100|[from] drain|[of] p2b: Annihilape\n|\n|-heal|p2b: Annihilape|68\/100|[from] item: Leftovers\n|upkeep\n|\n|t:|1681915377\n|switch|p2a: Flutter Mane|Flutter Mane, L50|100\/100\n|turn|8\n|inactive|BlindMagneton has 30 seconds left.\n|\n|t:|1681915403\n|move|p2b: Annihilape|Protect|p2b: Annihilape\n|-singleturn|p2b: Annihilape|Protect\n|move|p1a: Ceruledge|Shadow Sneak|p2a: Flutter Mane\n|-supereffective|p2a: Flutter Mane\n|-damage|p2a: Flutter Mane|0 fnt\n|faint|p2a: Flutter Mane\n|-end|p2a: Flutter Mane|Protosynthesis|[silent]\n|move|p1b: Palafin|Acrobatics|p2b: Annihilape\n|-activate|p2b: Annihilape|move: Protect\n|\n|-heal|p2b: Annihilape|74\/100|[from] item: Leftovers\n|upkeep\n|turn|9\n|-message|Pazzone forfeited.\n|\n|win|BlindMagneton\n|raw|BlindMagneton's rating: 1287 → 1306<\/strong> (+19 for winning)\n|raw|Pazzone's rating: 1206 → 1187<\/strong> (-19 for losing)\n|l|\u2606Pazzone\n","uploadtime":1681915420,"views":11,"p1id":"blindmagneton","p2id":"pazzone","formatid":"gen9vgc2023regulationc","rating":1187,"private":0,"password":""}