{"id":"gen9vgc2023regulationc-1846377834","p1":"Jbenn","p2":"200 routes","format":"[Gen 9] VGC 2023 Regulation C","log":"|j|\u2606Jbenn\n|j|\u2606200 routes\n|t:|1681836034\n|gametype|doubles\n|player|p1|Jbenn|102|1262\n|player|p2|200 routes|170|1299\n|teamsize|p1|6\n|teamsize|p2|6\n|gen|9\n|tier|[Gen 9] VGC 2023 Regulation C\n|rated|\n|rule|Species Clause: Limit one of each Pok\u00e9mon\n|rule|Item Clause: Limit one of each item\n|clearpoke\n|poke|p1|Iron Jugulis, L50|\n|poke|p1|Gholdengo, L50|\n|poke|p1|Hariyama, L50, F|\n|poke|p1|Great Tusk, L50|\n|poke|p1|Mimikyu, L50, F|\n|poke|p1|Gyarados, L50, F|\n|poke|p2|Scizor, L50, M|\n|poke|p2|Iron Bundle, L50|\n|poke|p2|Iron Hands, L50|\n|poke|p2|Baxcalibur, L50, F|\n|poke|p2|Amoonguss, L50, F|\n|poke|p2|Flutter Mane, L50|\n|teampreview|4\n|\n|t:|1681836084\n|start\n|switch|p1a: Hariyama|Hariyama, L50, F, shiny|100\/100\n|switch|p1b: Gholdengo|Gholdengo, L50|100\/100\n|switch|p2a: Flutter Mane|Flutter Mane, L50|100\/100\n|switch|p2b: Iron Hands|Iron Hands, L50|100\/100\n|turn|1\n|inactive|Battle timer is ON: inactive players will automatically lose when time's up. (requested by Jbenn)\n|\n|t:|1681836107\n|-terastallize|p2a: Flutter Mane|Water\n|-terastallize|p1b: Gholdengo|Steel\n|move|p2b: Iron Hands|Fake Out|p1a: Hariyama\n|-damage|p1a: Hariyama|87\/100\n|move|p2a: Flutter Mane|Shadow Ball|p1b: Gholdengo\n|-damage|p1b: Gholdengo|38\/100\n|move|p1b: Gholdengo|Make It Rain|p2b: Iron Hands|[spread] p2a,p2b\n|-resisted|p2a: Flutter Mane\n|-resisted|p2b: Iron Hands\n|-damage|p2a: Flutter Mane|71\/100\n|-damage|p2b: Iron Hands|84\/100\n|-unboost|p1b: Gholdengo|spa|1\n|cant|p1a: Hariyama|flinch\n|\n|upkeep\n|turn|2\n|inactive|200 routes has 30 seconds left.\n|\n|t:|1681836138\n|-end|p2a: Flutter Mane|Protosynthesis|[silent]\n|switch|p2a: Amoonguss|Amoonguss, L50, F|100\/100\n|move|p1b: Gholdengo|Protect|p1b: Gholdengo\n|-singleturn|p1b: Gholdengo|Protect\n|move|p2b: Iron Hands|Wild Charge|p1b: Gholdengo\n|-activate|p1b: Gholdengo|move: Protect\n|move|p1a: Hariyama|Close Combat|p2a: Amoonguss\n|-resisted|p2a: Amoonguss\n|-damage|p2a: Amoonguss|77\/100\n|-unboost|p1a: Hariyama|def|1\n|-unboost|p1a: Hariyama|spd|1\n|\n|upkeep\n|turn|3\n|\n|t:|1681836162\n|switch|p1a: Gyarados|Gyarados, L50, F, shiny|100\/100\n|-ability|p1a: Gyarados|Intimidate|boost\n|-unboost|p2a: Amoonguss|atk|1\n|-unboost|p2b: Iron Hands|atk|1\n|move|p1b: Gholdengo|Make It Rain|p2b: Iron Hands|[spread] p2a,p2b\n|-resisted|p2b: Iron Hands\n|-damage|p2a: Amoonguss|39\/100\n|-damage|p2b: Iron Hands|75\/100\n|-unboost|p1b: Gholdengo|spa|1\n|-enditem|p2a: Amoonguss|Sitrus Berry|[eat]\n|-heal|p2a: Amoonguss|64\/100|[from] item: Sitrus Berry\n|move|p2b: Iron Hands|Wild Charge|p1b: Gholdengo\n|-damage|p1b: Gholdengo|9\/100\n|-damage|p2b: Iron Hands|69\/100|[from] Recoil\n|move|p2a: Amoonguss|Spore|p1a: Gyarados\n|-status|p1a: Gyarados|slp|[from] move: Spore\n|-enditem|p1a: Gyarados|Lum Berry|[eat]\n|-curestatus|p1a: Gyarados|slp|[msg]\n|\n|upkeep\n|turn|4\n|inactive|Jbenn has 30 seconds left.\n|inactive|200 routes has 30 seconds left.\n|inactive|Jbenn has 20 seconds left.\n|\n|t:|1681836202\n|switch|p1b: Iron Jugulis|Iron Jugulis, L50|100\/100\n|-enditem|p1b: Iron Jugulis|Booster Energy\n|-activate|p1b: Iron Jugulis|ability: Quark Drive|[fromitem]\n|-start|p1b: Iron Jugulis|quarkdrivespe\n|move|p1a: Gyarados|Waterfall|p2b: Iron Hands\n|-damage|p2b: Iron Hands|47\/100\n|move|p2b: Iron Hands|Wild Charge|p1b: Iron Jugulis\n|-supereffective|p1b: Iron Jugulis\n|-damage|p1b: Iron Jugulis|49\/100\n|-damage|p2b: Iron Hands|37\/100|[from] Recoil\n|move|p2a: Amoonguss|Spore|p1a: Gyarados\n|-status|p1a: Gyarados|slp|[from] move: Spore\n|\n|upkeep\n|turn|5\n|inactive|200 routes has 30 seconds left.\n|inactive|200 routes has 20 seconds left.\n|inactive|200 routes has 15 seconds left.\n|\n|t:|1681836242\n|move|p1b: Iron Jugulis|Protect|p1b: Iron Jugulis\n|-singleturn|p1b: Iron Jugulis|Protect\n|cant|p1a: Gyarados|slp\n|move|p2b: Iron Hands|Wild Charge|p1a: Gyarados\n|-supereffective|p1a: Gyarados\n|-damage|p1a: Gyarados|4\/100 slp\n|-damage|p2b: Iron Hands|19\/100|[from] Recoil\n|move|p2a: Amoonguss|Pollen Puff|p2b: Iron Hands\n|-heal|p2b: Iron Hands|69\/100\n|\n|upkeep\n|turn|6\n|\n|t:|1681836261\n|move|p1b: Iron Jugulis|Air Slash|p2b: Iron Hands|[miss]\n|-miss|p1b: Iron Jugulis|p2b: Iron Hands\n|cant|p1a: Gyarados|slp\n|move|p2b: Iron Hands|Wild Charge|p1b: Iron Jugulis\n|-supereffective|p1b: Iron Jugulis\n|-damage|p1b: Iron Jugulis|0 fnt\n|faint|p1b: Iron Jugulis\n|-end|p1b: Iron Jugulis|Quark Drive|[silent]\n|-damage|p2b: Iron Hands|60\/100|[from] Recoil\n|move|p2a: Amoonguss|Spore|p1a: Gyarados\n|-fail|p1a: Gyarados|slp\n|\n|upkeep\n|\n|t:|1681836271\n|switch|p1b: Gholdengo|Gholdengo, L50, tera:Steel|9\/100\n|turn|7\n|inactive|200 routes has 30 seconds left.\n|inactive|200 routes has 20 seconds left.\n|inactive|200 routes has 15 seconds left.\n|\n|t:|1681836311\n|move|p2a: Amoonguss|Protect|p2a: Amoonguss\n|-singleturn|p2a: Amoonguss|Protect\n|-curestatus|p1a: Gyarados|slp|[msg]\n|move|p1a: Gyarados|Waterfall|p2b: Iron Hands\n|-damage|p2b: Iron Hands|33\/100\n|move|p1b: Gholdengo|Make It Rain|p2a: Amoonguss|[spread] p2b\n|-activate|p2a: Amoonguss|move: Protect\n|-resisted|p2b: Iron Hands\n|-damage|p2b: Iron Hands|18\/100\n|-unboost|p1b: Gholdengo|spa|1\n|move|p2b: Iron Hands|Drain Punch|p1a: Gyarados\n|-resisted|p1a: Gyarados\n|-damage|p1a: Gyarados|0 fnt\n|-heal|p2b: Iron Hands|19\/100|[from] drain|[of] p1a: Gyarados\n|faint|p1a: Gyarados\n|\n|upkeep\n|\n|t:|1681836328\n|switch|p1a: Hariyama|Hariyama, L50, F, shiny|87\/100\n|turn|8\n|inactive|200 routes has 30 seconds left.\n|inactive|200 routes has 20 seconds left.\n|\n|t:|1681836367\n|-end|p2b: Iron Hands|Quark Drive|[silent]\n|switch|p2b: Flutter Mane|Flutter Mane, L50, tera:Water|71\/100\n|move|p1a: Hariyama|Fake Out|p2b: Flutter Mane\n|-damage|p2b: Flutter Mane|49\/100\n|move|p1b: Gholdengo|Nasty Plot|p1b: Gholdengo\n|-boost|p1b: Gholdengo|spa|2\n|move|p2a: Amoonguss|Spore|p1a: Hariyama\n|-status|p1a: Hariyama|slp|[from] move: Spore\n|\n|upkeep\n|turn|9\n|\n|t:|1681836384\n|move|p1b: Gholdengo|Protect|p1b: Gholdengo\n|-singleturn|p1b: Gholdengo|Protect\n|move|p2b: Flutter Mane|Moonblast|p1b: Gholdengo\n|-activate|p1b: Gholdengo|move: Protect\n|cant|p1a: Hariyama|slp\n|move|p2a: Amoonguss|Pollen Puff|p2b: Flutter Mane\n|-heal|p2b: Flutter Mane|99\/100\n|\n|upkeep\n|turn|10\n|\n|t:|1681836402\n|move|p1b: Gholdengo|Protect||[still]\n|-fail|p1b: Gholdengo\n|move|p2a: Amoonguss|Rage Powder|p2a: Amoonguss\n|-singleturn|p2a: Amoonguss|move: Rage Powder\n|move|p2b: Flutter Mane|Moonblast|p1b: Gholdengo\n|-resisted|p1b: Gholdengo\n|-damage|p1b: Gholdengo|0 fnt\n|faint|p1b: Gholdengo\n|-curestatus|p1a: Hariyama|slp|[msg]\n|move|p1a: Hariyama|Close Combat|p2a: Amoonguss\n|-resisted|p2a: Amoonguss\n|-damage|p2a: Amoonguss|39\/100\n|-unboost|p1a: Hariyama|def|1\n|-unboost|p1a: Hariyama|spd|1\n|\n|upkeep\n|turn|11\n|inactive|Jbenn has 30 seconds left.\n|inactive|Jbenn has 20 seconds left.\n|inactive|Jbenn has 15 seconds left.\n|l|\u2606Jbenn\n|inactive|Jbenn disconnected and has a minute to reconnect!\n|player|p1|\n|inactive|Jbenn has 10 seconds left.\n|inactive|Jbenn has 5 seconds left.\n|-message|Jbenn lost due to inactivity.\n|\n|win|200 routes\n|raw|Jbenn's rating: 1262 → 1240<\/strong> (-22 for losing)\n|raw|200 routes's rating: 1299 → 1321<\/strong> (+22 for winning)\n","uploadtime":1681836460,"views":14,"p1id":"jbenn","p2id":"200routes","formatid":"gen9vgc2023regulationc","rating":1240,"private":0,"password":""}