{"id":"gen9vgc2023regulationc-1846497021","p1":"TestingTheTalon","p2":"infinitygroudon","format":"[Gen 9] VGC 2023 Regulation C","log":"|j|\u2606TestingTheTalon\n|j|\u2606infinitygroudon\n|t:|1681845830\n|gametype|doubles\n|player|p1|TestingTheTalon|acetrainer-gen4dp|1449\n|player|p2|infinitygroudon|101|1535\n|teamsize|p1|6\n|teamsize|p2|6\n|gen|9\n|tier|[Gen 9] VGC 2023 Regulation C\n|rated|\n|rule|Species Clause: Limit one of each Pok\u00e9mon\n|rule|Item Clause: Limit one of each item\n|clearpoke\n|poke|p1|Amoonguss, L50, F|\n|poke|p1|Arcanine, L50, M|\n|poke|p1|Palafin, L50, M|\n|poke|p1|Flutter Mane, L50|\n|poke|p1|Ting-Lu, L50|\n|poke|p1|Iron Hands, L50|\n|poke|p2|Ting-Lu, L50|\n|poke|p2|Amoonguss, L50, F|\n|poke|p2|Corviknight, L50, M|\n|poke|p2|Palafin, L50, F|\n|poke|p2|Farigiraf, L50, F|\n|poke|p2|Chi-Yu, L50|\n|teampreview|4\ninfinitygroudon has agreed to open team sheets.\nTestingTheTalon has agreed to open team sheets.\n|\n|t:|1681845881\n|start\n|switch|p1a: Palafin|Palafin, L50, M|100\/100\n|switch|p1b: Iron Hands|Iron Hands, L50|100\/100\n|switch|p2a: Palafin|Palafin, L50, F, shiny|100\/100\n|switch|p2b: Chi-Yu|Chi-Yu, L50|100\/100\n|-ability|p2b: Chi-Yu|Beads of Ruin\n|turn|1\n|\n|t:|1681845914\n|detailschange|p2a: Palafin|Palafin-Hero, L50, F, shiny\n|switch|p2a: Farigiraf|Farigiraf, L50, F|100\/100\n|detailschange|p1a: Palafin|Palafin-Hero, L50, M\n|switch|p1a: Ting-Lu|Ting-Lu, L50|100\/100\n|-ability|p1a: Ting-Lu|Vessel of Ruin\n|-terastallize|p2b: Chi-Yu|Grass\n|move|p2b: Chi-Yu|Heat Wave|p1b: Iron Hands|[spread] p1a\n|-miss|p2b: Chi-Yu|p1b: Iron Hands\n|-damage|p1a: Ting-Lu|79\/100\n|-damage|p2b: Chi-Yu|90\/100|[from] item: Life Orb\n|move|p1b: Iron Hands|Swords Dance|p1b: Iron Hands\n|-boost|p1b: Iron Hands|atk|2\n|\n|upkeep\n|turn|2\n|\n|t:|1681845940\n|move|p2b: Chi-Yu|Protect|p2b: Chi-Yu\n|-singleturn|p2b: Chi-Yu|Protect\n|move|p2a: Farigiraf|Psychic|p1b: Iron Hands\n|-supereffective|p1b: Iron Hands\n|-damage|p1b: Iron Hands|43\/100\n|-enditem|p1b: Iron Hands|Sitrus Berry|[eat]\n|-heal|p1b: Iron Hands|68\/100|[from] item: Sitrus Berry\n|move|p1b: Iron Hands|Drain Punch|p2a: Farigiraf\n|-damage|p2a: Farigiraf|36\/100\n|-heal|p1b: Iron Hands|95\/100|[from] drain|[of] p2a: Farigiraf\n|-enditem|p2a: Farigiraf|Sitrus Berry|[eat]\n|-heal|p2a: Farigiraf|61\/100|[from] item: Sitrus Berry\n|move|p1a: Ting-Lu|Ruination|p2a: Farigiraf|[miss]\n|-miss|p1a: Ting-Lu|p2a: Farigiraf\n|\n|upkeep\n|turn|3\n|\n|t:|1681845963\n|move|p2b: Chi-Yu|Heat Wave|p1a: Ting-Lu|[spread] p1a,p1b\n|-damage|p1a: Ting-Lu|57\/100\n|-damage|p1b: Iron Hands|62\/100\n|-damage|p2b: Chi-Yu|80\/100|[from] item: Life Orb\n|move|p2a: Farigiraf|Psychic|p1b: Iron Hands\n|-supereffective|p1b: Iron Hands\n|-damage|p1b: Iron Hands|0 fnt\n|faint|p1b: Iron Hands\n|-end|p1b: Iron Hands|Quark Drive|[silent]\n|move|p1a: Ting-Lu|Stomping Tantrum|p2a: Farigiraf\n|-damage|p2a: Farigiraf|6\/100\n|\n|upkeep\n|\n|t:|1681845975\n|switch|p1b: Flutter Mane|Flutter Mane, L50|100\/100\n|-enditem|p1b: Flutter Mane|Booster Energy\n|-activate|p1b: Flutter Mane|ability: Protosynthesis|[fromitem]\n|-start|p1b: Flutter Mane|protosynthesisspe\n|turn|4\n|\n|t:|1681845988\n|switch|p1a: Palafin|Palafin-Hero, L50, M|100\/100\n|-activate|p1a: Palafin|ability: Zero to Hero\n|-terastallize|p1b: Flutter Mane|Fairy\n|move|p2a: Farigiraf|Protect|p2a: Farigiraf\n|-singleturn|p2a: Farigiraf|Protect\n|move|p1b: Flutter Mane|Dazzling Gleam|p2a: Farigiraf|[spread] p2b\n|-activate|p2a: Farigiraf|move: Protect\n|-damage|p2b: Chi-Yu|36\/100\n|move|p2b: Chi-Yu|Tera Blast|p1a: Palafin\n|-supereffective|p1a: Palafin\n|-damage|p1a: Palafin|0 fnt\n|faint|p1a: Palafin\n|-damage|p2b: Chi-Yu|26\/100|[from] item: Life Orb\n|\n|upkeep\n|\n|t:|1681846003\n|switch|p1a: Ting-Lu|Ting-Lu, L50|57\/100\n|-ability|p1a: Ting-Lu|Vessel of Ruin\n|turn|5\n|\n|t:|1681846017\n|move|p2b: Chi-Yu|Protect|p2b: Chi-Yu\n|-singleturn|p2b: Chi-Yu|Protect\n|move|p1b: Flutter Mane|Dazzling Gleam|p2b: Chi-Yu|[spread] p2a\n|-activate|p2b: Chi-Yu|move: Protect\n|-damage|p2a: Farigiraf|0 fnt\n|faint|p2a: Farigiraf\n|move|p1a: Ting-Lu|Ruination|p2b: Chi-Yu\n|-activate|p2b: Chi-Yu|move: Protect\n|\n|upkeep\n|\n|t:|1681846034\n|switch|p2a: Palafin|Palafin-Hero, L50, F, shiny|100\/100\n|-activate|p2a: Palafin|ability: Zero to Hero\n|turn|6\n|\n|t:|1681846042\n|switch|p2b: Ting-Lu|Ting-Lu, L50|100\/100\n|-ability|p2b: Ting-Lu|Vessel of Ruin\n|move|p1b: Flutter Mane|Protect|p1b: Flutter Mane\n|-singleturn|p1b: Flutter Mane|Protect\n|move|p2a: Palafin|Wave Crash|p1a: Ting-Lu\n|-supereffective|p1a: Ting-Lu\n|-damage|p1a: Ting-Lu|0 fnt\n|faint|p1a: Ting-Lu\n|-damage|p2a: Palafin|75\/100|[from] Recoil\n|\n|upkeep\n|turn|7\n|\n|t:|1681846060\n|move|p2a: Palafin|Jet Punch|p1b: Flutter Mane\n|-damage|p1b: Flutter Mane|16\/100\n|move|p1b: Flutter Mane|Dazzling Gleam|p2a: Palafin|[spread] p2a,p2b\n|-supereffective|p2b: Ting-Lu\n|-damage|p2a: Palafin|40\/100\n|-damage|p2b: Ting-Lu|53\/100\n|move|p2b: Ting-Lu|Heavy Slam|p1b: Flutter Mane\n|-supereffective|p1b: Flutter Mane\n|-damage|p1b: Flutter Mane|0 fnt\n|faint|p1b: Flutter Mane\n|-end|p1b: Flutter Mane|Protosynthesis|[silent]\n|\n|win|infinitygroudon\n|raw|TestingTheTalon's rating: 1449 → 1434<\/strong> (-15 for losing)\n|raw|infinitygroudon's rating: 1535 → 1550<\/strong> (+15 for winning)\n","uploadtime":1681846072,"views":7,"p1id":"testingthetalon","p2id":"infinitygroudon","formatid":"gen9vgc2023regulationc","rating":1434,"private":0,"password":""}