{"id":"gen9vgc2023regulationc-1848854351","p1":"kpopdark","p2":"rudyxkam","format":"[Gen 9] VGC 2023 Regulation C","log":"|j|\u2606kpopdark\n|j|\u2606rudyxkam\n|t:|1682117853\n|gametype|doubles\n|player|p1|kpopdark|rocketgrunt|1095\n|player|p2|rudyxkam|gardenia|1197\n|teamsize|p1|6\n|teamsize|p2|6\n|gen|9\n|tier|[Gen 9] VGC 2023 Regulation C\n|rated|\n|rule|Species Clause: Limit one of each Pok\u00e9mon\n|rule|Item Clause: Limit one of each item\n|clearpoke\n|poke|p1|Chi-Yu, L50|\n|poke|p1|Flutter Mane, L50|\n|poke|p1|Farigiraf, L50, M|\n|poke|p1|Stonjourner, L50, F|\n|poke|p1|Arcanine, L50, M|\n|poke|p1|Iron Bundle, L50|\n|poke|p2|Grimmsnarl, L50, M|\n|poke|p2|Talonflame, L50, M|\n|poke|p2|Baxcalibur, L50, F|\n|poke|p2|Corviknight, L50, M|\n|poke|p2|Ting-Lu, L50|\n|poke|p2|Flutter Mane, L50|\n|teampreview|4\n|inactive|Battle timer is ON: inactive players will automatically lose when time's up. (requested by rudyxkam)\nrudyxkam has agreed to open team sheets.\n|c|\u2606rudyxkam|glhf!\n|inactive|rudyxkam has 60 seconds left.\n|\n|t:|1682117909\n|start\n|switch|p1a: Flutter Mane|Flutter Mane, L50|100\/100\n|switch|p1b: Stonjourner|Stonjourner, L50, F|100\/100\n|switch|p2a: King Caesar|Grimmsnarl, L50, M, shiny|100\/100\n|switch|p2b: Sker|Ting-Lu, L50|100\/100\n|-ability|p2b: Sker|Vessel of Ruin\n|turn|1\n|\n|t:|1682117923\n|switch|p1b: Farigiraf|Farigiraf, L50, M|100\/100\n|move|p2a: King Caesar|Light Screen|p2a: King Caesar\n|-sidestart|p2: rudyxkam|move: Light Screen\n|move|p1a: Flutter Mane|Fake Tears|p2b: Sker\n|-unboost|p2b: Sker|spd|2\n|move|p2b: Sker|Ruination|p1a: Flutter Mane\n|-damage|p1a: Flutter Mane|50\/100\n|\n|-heal|p1a: Flutter Mane|56\/100|[from] item: Leftovers\n|upkeep\n|turn|2\n|inactive|rudyxkam has 30 seconds left.\n|\n|t:|1682117951\n|switch|p2b: Gigan|Corviknight, L50, M, shiny|100\/100\n|move|p1a: Flutter Mane|Protect|p1a: Flutter Mane\n|-singleturn|p1a: Flutter Mane|Protect\n|move|p2a: King Caesar|Spirit Break|p1a: Flutter Mane\n|-activate|p1a: Flutter Mane|move: Protect\n|move|p1b: Farigiraf|Dazzling Gleam|p2b: Gigan|[spread] p2a,p2b\n|-supereffective|p2a: King Caesar\n|-resisted|p2b: Gigan\n|-damage|p2a: King Caesar|66\/100\n|-damage|p2b: Gigan|92\/100\n|-damage|p1b: Farigiraf|91\/100|[from] item: Life Orb\n|\n|-heal|p1a: Flutter Mane|62\/100|[from] item: Leftovers\n|upkeep\n|turn|3\n|l|\u2606kpopdark\n|inactive|kpopdark disconnected and has a minute to reconnect!\n|player|p1|\n|inactive|kpopdark has 30 seconds left.\n|inactive|kpopdark has 20 seconds left.\n|inactive|kpopdark has 15 seconds left.\n|inactive|kpopdark has 10 seconds left.\n|j|\u2606kpopdark\n|inactive|kpopdark reconnected and has 10 seconds left.\n|player|p1|kpopdark|rocketgrunt\n|inactive|kpopdark has 5 seconds left.\n|\n|t:|1682118004\n|switch|p2a: Sker|Ting-Lu, L50|100\/100\n|-ability|p2a: Sker|Vessel of Ruin\n|move|p1a: Flutter Mane|Moonblast|p2a: Sker\n|-supereffective|p2a: Sker\n|-crit|p2a: Sker\n|-damage|p2a: Sker|42\/100\n|move|p2b: Gigan|Iron Head|p1a: Flutter Mane\n|-supereffective|p1a: Flutter Mane\n|-damage|p1a: Flutter Mane|0 fnt\n|faint|p1a: Flutter Mane\n|-end|p1a: Flutter Mane|Protosynthesis|[silent]\n|move|p1b: Farigiraf|Dazzling Gleam|p2b: Gigan|[spread] p2a,p2b\n|-supereffective|p2a: Sker\n|-resisted|p2b: Gigan\n|-damage|p2a: Sker|25\/100\n|-damage|p2b: Gigan|86\/100\n|-damage|p1b: Farigiraf|81\/100|[from] item: Life Orb\n|\n|upkeep\n|\n|t:|1682118019\n|switch|p1a: Stonjourner|Stonjourner, L50, F|100\/100\n|turn|4\n|inactive|rudyxkam has 30 seconds left.\n|\n|t:|1682118045\n|move|p1a: Stonjourner|Rock Slide|p2b: Gigan|[spread] p2a\n|-miss|p1a: Stonjourner|p2b: Gigan\n|-resisted|p2a: Sker\n|-damage|p2a: Sker|18\/100\n|move|p2b: Gigan|Iron Head|p1a: Stonjourner\n|-supereffective|p1a: Stonjourner\n|-damage|p1a: Stonjourner|74\/100\n|move|p1b: Farigiraf|Dazzling Gleam|p2a: Sker|[spread] p2a,p2b\n|-supereffective|p2a: Sker\n|-resisted|p2b: Gigan\n|-damage|p2a: Sker|0 fnt\n|-damage|p2b: Gigan|78\/100\n|faint|p2a: Sker\n|-damage|p1b: Farigiraf|71\/100|[from] item: Life Orb\n|\n|upkeep\n|\n|t:|1682118064\n|switch|p2a: King Caesar|Grimmsnarl, L50, M, shiny|66\/100\n|turn|5\n|\n|t:|1682118079\n|move|p1b: Farigiraf|Protect|p1b: Farigiraf\n|-singleturn|p1b: Farigiraf|Protect\n|move|p1a: Stonjourner|Bulldoze|p2a: King Caesar|[spread] p2a\n|-activate|p1b: Farigiraf|move: Protect\n|-immune|p2b: Gigan\n|-damage|p2a: King Caesar|54\/100\n|-unboost|p2a: King Caesar|spe|1\n|move|p2b: Gigan|Bulk Up|p2b: Gigan\n|-boost|p2b: Gigan|atk|1\n|-boost|p2b: Gigan|def|1\n|move|p2a: King Caesar|Spirit Break|p1b: Farigiraf\n|-activate|p1b: Farigiraf|move: Protect\n|\n|upkeep\n|turn|6\n|\n|t:|1682118097\n|move|p1a: Stonjourner|Rock Slide|p2a: King Caesar|[spread] p2a,p2b\n|-damage|p2a: King Caesar|30\/100\n|-damage|p2b: Gigan|67\/100\n|move|p2b: Gigan|Iron Head|p1a: Stonjourner\n|-supereffective|p1a: Stonjourner\n|-damage|p1a: Stonjourner|39\/100\n|-enditem|p1a: Stonjourner|Sitrus Berry|[eat]\n|-heal|p1a: Stonjourner|63\/100|[from] item: Sitrus Berry\n|move|p1b: Farigiraf|Dazzling Gleam|p2a: King Caesar|[spread] p2a,p2b\n|-supereffective|p2a: King Caesar\n|-resisted|p2b: Gigan\n|-damage|p2a: King Caesar|0 fnt\n|-damage|p2b: Gigan|56\/100\n|faint|p2a: King Caesar\n|-damage|p1b: Farigiraf|62\/100|[from] item: Life Orb\n|\n|upkeep\n|\n|t:|1682118106\n|switch|p2a: T. Gojira|Baxcalibur, L50, F, shiny|100\/100\n|turn|7\n|\n|t:|1682118123\n|-terastallize|p2a: T. Gojira|Poison\n|move|p1b: Farigiraf|Protect|p1b: Farigiraf\n|-singleturn|p1b: Farigiraf|Protect\n|move|p2a: T. Gojira|Glaive Rush|p1a: Stonjourner\n|-damage|p1a: Stonjourner|27\/100\n|-singlemove|p2a: T. Gojira|Glaive Rush|[silent]\n|move|p1a: Stonjourner|Bulldoze|p2b: Gigan|[spread] p2a\n|-activate|p1b: Farigiraf|move: Protect\n|-immune|p2b: Gigan\n|-supereffective|p2a: T. Gojira\n|-damage|p2a: T. Gojira|61\/100\n|move|p2b: Gigan|Iron Head|p1a: Stonjourner\n|-supereffective|p1a: Stonjourner\n|-damage|p1a: Stonjourner|0 fnt\n|faint|p1a: Stonjourner\n|\n|upkeep\n|\n|t:|1682118137\n|switch|p1a: Chi-Yu|Chi-Yu, L50|100\/100\n|-ability|p1a: Chi-Yu|Beads of Ruin\n|turn|8\n|\n|t:|1682118155\n|move|p1b: Farigiraf|Helping Hand|p1a: Chi-Yu\n|-singleturn|p1a: Chi-Yu|Helping Hand|[of] p1b: Farigiraf\n|move|p1a: Chi-Yu|Lava Plume|p2b: Gigan|[spread] p1b,p2a,p2b\n|-supereffective|p2b: Gigan\n|-damage|p1b: Farigiraf|0 fnt\n|-damage|p2a: T. Gojira|0 fnt\n|-damage|p2b: Gigan|0 fnt\n|faint|p1b: Farigiraf\n|faint|p2a: T. Gojira\n|faint|p2b: Gigan\n|\n|win|kpopdark\n|raw|kpopdark's rating: 1095 → 1128<\/strong> (+33 for winning)\n|raw|rudyxkam's rating: 1197 → 1165<\/strong> (-32 for losing)\n|c|\u2606kpopdark|gg\n|c|\u2606rudyxkam|gg\n|l|\u2606kpopdark\n","uploadtime":1682118171,"views":9,"p1id":"kpopdark","p2id":"rudyxkam","formatid":"gen9vgc2023regulationc","rating":1128,"private":0,"password":""}