{"id":"gen9vgc2023regulationc-1863918783","p1":"wackomarko","p2":"liljointadventures","format":"[Gen 9] VGC 2023 Regulation C","log":"|j|\u2606wackomarko\n|j|\u2606liljointadventures\n|t:|1684093254\n|gametype|doubles\n|player|p1|wackomarko|hiker-gen4|1087\n|player|p2|liljointadventures|101|1098\n|teamsize|p1|6\n|teamsize|p2|6\n|gen|9\n|tier|[Gen 9] VGC 2023 Regulation C\n|rated|\n|rule|Species Clause: Limit one of each Pok\u00e9mon\n|rule|Item Clause: Limit one of each item\n|clearpoke\n|poke|p1|Talonflame, L50, M|\n|poke|p1|Amoonguss, L50, M|\n|poke|p1|Flutter Mane, L50|\n|poke|p1|Chien-Pao, L50|\n|poke|p1|Gyarados, L50, M|\n|poke|p1|Dragapult, L50, M|\n|poke|p2|Maushold-Four, L50|\n|poke|p2|Chi-Yu, L50|\n|poke|p2|Iron Hands, L50|\n|poke|p2|Appletun, L50, M|\n|poke|p2|Gyarados, L50, F|\n|poke|p2|Iron Treads, L50|\n|teampreview|4\nwackomarko has agreed to open team sheets.\n|c|\u2606wackomarko|im interested in Appletun\n|inactive|Battle timer is ON: inactive players will automatically lose when time's up. (requested by liljointadventures)\n|c|\u2606wackomarko|GLHF\n|inactive|liljointadventures has 60 seconds left.\n|\n|t:|1684093347\n|start\n|switch|p1a: Flutter Mane|Flutter Mane, L50, shiny|100\/100\n|switch|p1b: Gyarados|Gyarados, L50, M, shiny|100\/100\n|switch|p2a: Appletun|Appletun, L50, M|100\/100\n|switch|p2b: Maushold|Maushold-Four, L50|100\/100\n|-ability|p1b: Gyarados|Intimidate|boost\n|-unboost|p2a: Appletun|atk|1\n|-unboost|p2b: Maushold|atk|1\n|turn|1\n|inactive|wackomarko has 30 seconds left.\n|\n|t:|1684093379\n|-terastallize|p2a: Appletun|Water\n|move|p1a: Flutter Mane|Dazzling Gleam|p2b: Maushold|[spread] p2a,p2b\n|-damage|p2a: Appletun|67\/100\n|-damage|p2b: Maushold|57\/100\n|-damage|p1a: Flutter Mane|91\/100|[from] item: Life Orb\n|move|p2b: Maushold|Super Fang|p1b: Gyarados\n|-damage|p1b: Gyarados|51\/100\n|move|p1b: Gyarados|Taunt|p2b: Maushold\n|-start|p2b: Maushold|move: Taunt\n|move|p2a: Appletun|Apple Acid|p1a: Flutter Mane\n|-damage|p1a: Flutter Mane|58\/100\n|-unboost|p1a: Flutter Mane|spd|1\n|\n|upkeep\n|turn|2\n|inactive|liljointadventures has 30 seconds left.\n|inactive|liljointadventures has 20 seconds left.\n|inactive|liljointadventures has 15 seconds left.\n|inactive|liljointadventures has 10 seconds left.\n|inactive|liljointadventures has 5 seconds left.\n|\n|t:|1684093430\n|move|p1a: Flutter Mane|Thunderbolt|p2a: Appletun\n|-supereffective|p2a: Appletun\n|-damage|p2a: Appletun|7\/100\n|-activate|p2a: Appletun|ability: Ripen\n|-enditem|p2a: Appletun|Aguav Berry|[eat]\n|-heal|p2a: Appletun|74\/100|[from] item: Aguav Berry\n|-damage|p1a: Flutter Mane|48\/100|[from] item: Life Orb\n|move|p2b: Maushold|Super Fang|p1b: Gyarados\n|-damage|p1b: Gyarados|26\/100\n|move|p1b: Gyarados|Waterfall|p2b: Maushold\n|-damage|p2b: Maushold|13\/100\n|move|p2a: Appletun|Apple Acid|p1a: Flutter Mane\n|-damage|p1a: Flutter Mane|0 fnt\n|faint|p1a: Flutter Mane\n|-end|p1a: Flutter Mane|Protosynthesis|[silent]\n|\n|upkeep\n|\n|t:|1684093451\n|switch|p1a: Dragapult|Dragapult, L50, M, shiny|100\/100\n|turn|3\n|\n|t:|1684093465\n|switch|p2b: Chi-Yu|Chi-Yu, L50|100\/100\n|-ability|p2b: Chi-Yu|Beads of Ruin\n|-terastallize|p1a: Dragapult|Dragon\n|move|p1a: Dragapult|Dragon Darts|p2b: Chi-Yu\n|-damage|p2b: Chi-Yu|51\/100\n|-anim|p1a: Dragapult|Dragon Darts|p2a: Appletun\n|-damage|p2a: Appletun|23\/100\n|move|p1b: Gyarados|Waterfall|p2a: Appletun\n|-resisted|p2a: Appletun\n|-damage|p2a: Appletun|0 fnt\n|faint|p2a: Appletun\n|\n|upkeep\n|\n|t:|1684093480\n|switch|p2a: Iron Treads|Iron Treads, L50|100\/100\n|turn|4\n|\n|t:|1684093493\n|switch|p1b: Chien-Pao|Chien-Pao, L50|100\/100\n|-ability|p1b: Chien-Pao|Sword of Ruin\n|move|p1a: Dragapult|Dragon Darts|p2b: Chi-Yu\n|-damage|p2b: Chi-Yu|0 fnt\n|-anim|p1a: Dragapult|Dragon Darts|p2a: Iron Treads\n|-resisted|p2a: Iron Treads\n|-damage|p2a: Iron Treads|70\/100\n|faint|p2b: Chi-Yu\n|move|p2a: Iron Treads|Ice Spinner|p1a: Dragapult\n|-supereffective|p1a: Dragapult\n|-damage|p1a: Dragapult|7\/100\n|\n|upkeep\n|\n|t:|1684093506\n|switch|p2b: Maushold|Maushold-Four, L50|13\/100\n|turn|5\n|\n|t:|1684093513\n|move|p2b: Maushold|Follow Me|p2b: Maushold\n|-singleturn|p2b: Maushold|move: Follow Me\n|move|p1b: Chien-Pao|Sucker Punch||[still]\n|-fail|p1b: Chien-Pao\n|move|p1a: Dragapult|Dragon Darts|p2b: Maushold\n|-damage|p2b: Maushold|0 fnt\n|faint|p2b: Maushold\n|move|p2a: Iron Treads|Iron Head|p1b: Chien-Pao\n|-supereffective|p1b: Chien-Pao\n|-enditem|p1b: Chien-Pao|Focus Sash\n|-damage|p1b: Chien-Pao|1\/100\n|\n|upkeep\n|turn|6\n|\n|t:|1684093528\n|move|p1b: Chien-Pao|Sucker Punch|p2a: Iron Treads\n|-damage|p2a: Iron Treads|34\/100\n|move|p1a: Dragapult|Dragon Darts|p2a: Iron Treads\n|-resisted|p2a: Iron Treads\n|-damage|p2a: Iron Treads|7\/100\n|-anim|p1a: Dragapult|Dragon Darts|p2a: Iron Treads\n|-resisted|p2a: Iron Treads\n|-damage|p2a: Iron Treads|0 fnt\n|faint|p2a: Iron Treads\n|-end|p2a: Iron Treads|Quark Drive|[silent]\n|\n|win|wackomarko\n|raw|wackomarko's rating: 1087 → 1115<\/strong> (+28 for winning)\n|raw|liljointadventures's rating: 1098 → 1073<\/strong> (-25 for losing)\n|l|\u2606liljointadventures\n","uploadtime":1684093541,"views":5,"p1id":"wackomarko","p2id":"liljointadventures","formatid":"gen9vgc2023regulationc","rating":1073,"private":0,"password":""}