{"id":"gen9vgc2023regulationc-1856561508","p1":"Buttery12","p2":"The Hootie","format":"[Gen 9] VGC 2023 Regulation C","log":"|j|\u2606Buttery12\n|j|\u2606The Hootie\n|t:|1683075977\n|gametype|doubles\n|player|p1|Buttery12|clay|\n|player|p2|The Hootie|leon-tower|\n|teamsize|p1|6\n|teamsize|p2|6\n|gen|9\n|tier|[Gen 9] VGC 2023 Regulation C\n|rule|Species Clause: Limit one of each Pok\u00e9mon\n|rule|Item Clause: Limit one of each item\n|clearpoke\n|poke|p1|Amoonguss, L50, M|\n|poke|p1|Arcanine, L50, M|\n|poke|p1|Palafin, L50, F|\n|poke|p1|Dragonite, L50, F|\n|poke|p1|Chien-Pao, L50|\n|poke|p1|Flutter Mane, L50|\n|poke|p2|Murkrow, L50, F|\n|poke|p2|Great Tusk, L50|\n|poke|p2|Chi-Yu, L50|\n|poke|p2|Iron Bundle, L50|\n|poke|p2|Flutter Mane, L50|\n|poke|p2|Gothitelle, L50, M|\n|teampreview|4\nThe Hootie has agreed to open team sheets.\nButtery12 has agreed to open team sheets.\n|\n|t:|1683076052\n|start\n|switch|p1a: Palafin|Palafin, L50, F, shiny|100\/100\n|switch|p1b: Werner|Amoonguss, L50, M, shiny|100\/100\n|switch|p2a: Iron Bundle|Iron Bundle, L50|100\/100\n|switch|p2b: Flutter Mane|Flutter Mane, L50|100\/100\n|-enditem|p2b: Flutter Mane|Booster Energy\n|-activate|p2b: Flutter Mane|ability: Protosynthesis|[fromitem]\n|-start|p2b: Flutter Mane|protosynthesisspa\n|turn|1\n|\n|t:|1683076073\n|detailschange|p1a: Palafin|Palafin-Hero, L50, F, shiny\n|switch|p1a: Chien-Pao|Chien-Pao, L50|100\/100\n|-ability|p1a: Chien-Pao|Sword of Ruin\n|move|p2a: Iron Bundle|Icy Wind|p1b: Werner|[spread] p1a,p1b\n|-resisted|p1a: Chien-Pao\n|-supereffective|p1b: Werner\n|-damage|p1a: Chien-Pao|84\/100\n|-damage|p1b: Werner|68\/100\n|-unboost|p1a: Chien-Pao|spe|1\n|-unboost|p1b: Werner|spe|1\n|move|p2b: Flutter Mane|Moonblast|p1a: Chien-Pao\n|-supereffective|p1a: Chien-Pao\n|-damage|p1a: Chien-Pao|0 fnt\n|faint|p1a: Chien-Pao\n|move|p1b: Werner|Pollen Puff|p1: Chien-Pao|[notarget]\n|-fail|p1b: Werner\n|\n|upkeep\n|\n|t:|1683076087\n|switch|p1a: Palafin|Palafin-Hero, L50, F, shiny|100\/100\n|-activate|p1a: Palafin|ability: Zero to Hero\n|turn|2\n|\n|t:|1683076101\n|move|p2b: Flutter Mane|Protect|p2b: Flutter Mane\n|-singleturn|p2b: Flutter Mane|Protect\n|move|p1a: Palafin|Jet Punch|p2b: Flutter Mane\n|-activate|p2b: Flutter Mane|move: Protect\n|move|p2a: Iron Bundle|Freeze-Dry|p1a: Palafin\n|-supereffective|p1a: Palafin\n|-damage|p1a: Palafin|33\/100\n|move|p1b: Werner|Spore|p2a: Iron Bundle\n|-status|p2a: Iron Bundle|slp|[from] move: Spore\n|\n|upkeep\n|turn|3\n|\n|t:|1683076113\n|-end|p2b: Flutter Mane|Protosynthesis|[silent]\n|switch|p2b: Gothitelle|Gothitelle, L50, M|100\/100\n|cant|p2a: Iron Bundle|slp\n|move|p1a: Palafin|Jet Punch|p2b: Gothitelle\n|-damage|p2b: Gothitelle|61\/100\n|move|p1b: Werner|Pollen Puff|p1a: Palafin\n|-heal|p1a: Palafin|83\/100\n|\n|upkeep\n|turn|4\n|\n|t:|1683076136\n|move|p1a: Palafin|Protect|p1a: Palafin\n|-singleturn|p1a: Palafin|Protect\n|move|p2b: Gothitelle|Fake Out|p1a: Palafin\n|-activate|p1a: Palafin|move: Protect\n|cant|p2a: Iron Bundle|slp\n|move|p1b: Werner|Spore|p2b: Gothitelle\n|-status|p2b: Gothitelle|slp|[from] move: Spore\n|\n|upkeep\n|turn|5\n|\n|t:|1683076154\n|-terastallize|p1a: Palafin|Water\n|move|p1b: Werner|Rage Powder|p1b: Werner\n|-singleturn|p1b: Werner|move: Rage Powder\n|cant|p2a: Iron Bundle|slp\n|move|p1a: Palafin|Wave Crash|p2a: Iron Bundle\n|-resisted|p2a: Iron Bundle\n|-damage|p2a: Iron Bundle|28\/100 slp\n|-damage|p1a: Palafin|67\/100|[from] Recoil\n|cant|p2b: Gothitelle|slp\n|\n|upkeep\n|turn|6\n|\n|t:|1683076169\n|-curestatus|p2a: Iron Bundle|slp|[msg]\n|move|p2a: Iron Bundle|Protect|p2a: Iron Bundle\n|-singleturn|p2a: Iron Bundle|Protect\n|move|p1a: Palafin|Jet Punch|p2a: Iron Bundle\n|-activate|p2a: Iron Bundle|move: Protect\n|-curestatus|p2b: Gothitelle|slp|[msg]\n|move|p2b: Gothitelle|Charm|p1a: Palafin\n|-unboost|p1a: Palafin|atk|2\n|move|p1b: Werner|Pollen Puff|p1a: Palafin\n|-heal|p1a: Palafin|100\/100\n|\n|upkeep\n|turn|7\n|\n|t:|1683076192\n|-end|p2a: Iron Bundle|Quark Drive|[silent]\n|switch|p2a: Flutter Mane|Flutter Mane, L50|100\/100\n|move|p1b: Werner|Rage Powder|p1b: Werner\n|-singleturn|p1b: Werner|move: Rage Powder\n|move|p1a: Palafin|Haze|p1a: Palafin\n|-clearallboost\n|move|p2b: Gothitelle|Taunt|p1b: Werner\n|-start|p1b: Werner|move: Taunt\n|\n|upkeep\n|turn|8\n|\n|t:|1683076212\n|switch|p2b: Iron Bundle|Iron Bundle, L50|28\/100\n|-terastallize|p2a: Flutter Mane|Fairy\n|move|p2a: Flutter Mane|Moonblast|p1a: Palafin\n|-damage|p1a: Palafin|36\/100\n|-unboost|p1a: Palafin|spa|1\n|move|p1a: Palafin|Wave Crash|p2b: Iron Bundle\n|-resisted|p2b: Iron Bundle\n|-damage|p2b: Iron Bundle|0 fnt\n|faint|p2b: Iron Bundle\n|-end|p2b: Iron Bundle|Quark Drive|[silent]\n|-damage|p1a: Palafin|30\/100|[from] Recoil\n|move|p1b: Werner|Pollen Puff|p1a: Palafin\n|-heal|p1a: Palafin|80\/100\n|\n|upkeep\n|\n|t:|1683076231\n|switch|p2b: Gothitelle|Gothitelle, L50, M|61\/100\n|turn|9\n|\n|t:|1683076244\n|move|p1a: Palafin|Protect|p1a: Palafin\n|-singleturn|p1a: Palafin|Protect\n|move|p2a: Flutter Mane|Moonblast|p1a: Palafin\n|-activate|p1a: Palafin|move: Protect\n|move|p2b: Gothitelle|Psychic|p1b: Werner\n|-supereffective|p1b: Werner\n|-damage|p1b: Werner|16\/100\n|-enditem|p1b: Werner|Sitrus Berry|[eat]\n|-heal|p1b: Werner|41\/100|[from] item: Sitrus Berry\n|move|p1b: Werner|Pollen Puff|p2b: Gothitelle\n|-supereffective|p2b: Gothitelle\n|-damage|p2b: Gothitelle|31\/100\n|-enditem|p2b: Gothitelle|Sitrus Berry|[eat]\n|-heal|p2b: Gothitelle|56\/100|[from] item: Sitrus Berry\n|\n|upkeep\n|turn|10\n|\n|t:|1683076269\n|move|p1a: Palafin|Jet Punch|p2a: Flutter Mane\n|-damage|p2a: Flutter Mane|0 fnt\n|faint|p2a: Flutter Mane\n|-end|p2a: Flutter Mane|Protosynthesis|[silent]\n|move|p2b: Gothitelle|Psychic|p1a: Palafin\n|-damage|p1a: Palafin|49\/100\n|move|p1b: Werner|Pollen Puff|p1a: Palafin\n|-heal|p1a: Palafin|99\/100\n|\n|-end|p1b: Werner|move: Taunt\n|upkeep\n|\n|t:|1683076277\n|switch|p2a: Chi-Yu|Chi-Yu, L50|100\/100\n|-ability|p2a: Chi-Yu|Beads of Ruin\n|turn|11\n|\n|t:|1683076288\n|move|p2a: Chi-Yu|Heat Wave|p1b: Werner|[spread] p1b\n|-miss|p2a: Chi-Yu|p1a: Palafin\n|-supereffective|p1b: Werner\n|-crit|p1b: Werner\n|-damage|p1b: Werner|0 fnt\n|faint|p1b: Werner\n|move|p1a: Palafin|Wave Crash|p2b: Gothitelle\n|-damage|p2b: Gothitelle|0 fnt\n|faint|p2b: Gothitelle\n|-damage|p1a: Palafin|83\/100|[from] Recoil\n|\n|upkeep\n|\n|t:|1683076297\n|switch|p1b: Jimmy|Dragonite, L50, F, shiny|100\/100\n|turn|12\n|\n|t:|1683076303\n|move|p1b: Jimmy|Extreme Speed|p2a: Chi-Yu\n|-damage|p2a: Chi-Yu|35\/100\n|move|p2a: Chi-Yu|Heat Wave|p1a: Palafin|[spread] p1a,p1b\n|-resisted|p1a: Palafin\n|-resisted|p1b: Jimmy\n|-damage|p1a: Palafin|58\/100\n|-damage|p1b: Jimmy|89\/100\n|move|p1a: Palafin|Haze|p1a: Palafin\n|-clearallboost\n|\n|upkeep\n|turn|13\n|\n|t:|1683076317\n|move|p1b: Jimmy|Extreme Speed|p1a: Palafin\n|-damage|p1a: Palafin|20\/100\n|move|p1a: Palafin|Jet Punch|p2a: Chi-Yu\n|-supereffective|p2a: Chi-Yu\n|-damage|p2a: Chi-Yu|0 fnt\n|faint|p2a: Chi-Yu\n|\n|win|Buttery12\n","uploadtime":1683076335,"views":8,"p1id":"buttery12","p2id":"thehootie","formatid":"gen9vgc2023regulationc","rating":0,"private":0,"password":""}