{"id":"gen9vgc2023regulationc-1850943155","p1":"MogulMonke","p2":"Atiko0928","format":"[Gen 9] VGC 2023 Regulation C","log":"|j|\u2606MogulMonke\n|j|\u2606Atiko0928\n|t:|1682385128\n|gametype|doubles\n|player|p1|MogulMonke|burglar|1136\n|player|p2|Atiko0928|parasollady|1185\n|teamsize|p1|6\n|teamsize|p2|6\n|gen|9\n|tier|[Gen 9] VGC 2023 Regulation C\n|rated|\n|rule|Species Clause: Limit one of each Pok\u00e9mon\n|rule|Item Clause: Limit one of each item\n|clearpoke\n|poke|p1|Great Tusk, L50|\n|poke|p1|Murkrow, L50, M|\n|poke|p1|Flutter Mane, L50|\n|poke|p1|Chi-Yu, L50|\n|poke|p1|Gyarados, L50, M|\n|poke|p1|Amoonguss, L50, F|\n|poke|p2|Talonflame, L50, F|\n|poke|p2|Garchomp, L50, M|\n|poke|p2|Gyarados, L50, M|\n|poke|p2|Flutter Mane, L50|\n|poke|p2|Baxcalibur, L50, M|\n|poke|p2|Ting-Lu, L50|\n|teampreview|4\nMogulMonke has agreed to open team sheets.\n|\n|t:|1682385169\n|start\n|switch|p1a: Gyarados|Gyarados, L50, M|100\/100\n|switch|p1b: Flutter Mane|Flutter Mane, L50|100\/100\n|switch|p2a: Garchomp|Garchomp, L50, M|100\/100\n|switch|p2b: Gyarados|Gyarados, L50, M|100\/100\n|-ability|p2b: Gyarados|Intimidate|boost\n|-unboost|p1a: Gyarados|atk|1\n|-unboost|p1b: Flutter Mane|atk|1\n|-ability|p1a: Gyarados|Intimidate|boost\n|-fail|p2a: Garchomp|unboost|[from] item: Clear Amulet|[of] p2a: Garchomp\n|-unboost|p2b: Gyarados|atk|1\n|turn|1\n|\n|t:|1682385199\n|-end|p1b: Flutter Mane|Protosynthesis|[silent]\n|switch|p1b: Murkrow|Murkrow, L50, M|100\/100\n|switch|p2b: Ting-Lu|Ting-Lu, L50|100\/100\n|-ability|p2b: Ting-Lu|Vessel of Ruin\n|-terastallize|p2a: Garchomp|Fire\n|move|p2a: Garchomp|Iron Head|p1b: Murkrow\n|-damage|p1b: Murkrow|75\/100\n|move|p1a: Gyarados|Taunt|p2b: Ting-Lu\n|-start|p2b: Ting-Lu|move: Taunt\n|\n|upkeep\n|turn|2\n|\n|t:|1682385240\n|switch|p2a: Gyarados|Gyarados, L50, M|100\/100\n|-ability|p2a: Gyarados|Intimidate|boost\n|-unboost|p1a: Gyarados|atk|1\n|-unboost|p1b: Murkrow|atk|1\n|move|p1b: Murkrow|Haze|p1b: Murkrow\n|-clearallboost\n|move|p1a: Gyarados|Waterfall|p2a: Gyarados\n|-resisted|p2a: Gyarados\n|-crit|p2a: Gyarados\n|-damage|p2a: Gyarados|74\/100\n|move|p2b: Ting-Lu|Heavy Slam|p1b: Murkrow\n|-damage|p1b: Murkrow|36\/100\n|\n|upkeep\n|turn|3\n|\n|t:|1682385261\n|move|p1b: Murkrow|Tailwind|p1b: Murkrow\n|-sidestart|p1: MogulMonke|move: Tailwind\n|move|p1a: Gyarados|Taunt|p2a: Gyarados\n|-start|p2a: Gyarados|move: Taunt\n|move|p2a: Gyarados|Whirlpool|p1a: Gyarados\n|-resisted|p1a: Gyarados\n|-damage|p1a: Gyarados|99\/100\n|-activate|p1a: Gyarados|move: Whirlpool|[of] p2a: Gyarados\n|move|p2b: Ting-Lu|Heavy Slam|p1b: Murkrow\n|-damage|p1b: Murkrow|0 fnt\n|faint|p1b: Murkrow\n|\n|-damage|p1a: Gyarados|86\/100|[from] move: Whirlpool|[partiallytrapped]\n|-end|p2b: Ting-Lu|move: Taunt\n|upkeep\n|\n|t:|1682385277\n|switch|p1b: Flutter Mane|Flutter Mane, L50|100\/100\n|turn|4\n|\n|t:|1682385288\n|-terastallize|p1b: Flutter Mane|Fairy\n|move|p1b: Flutter Mane|Dazzling Gleam|p2b: Ting-Lu|[spread] p2a,p2b\n|-crit|p2a: Gyarados\n|-supereffective|p2b: Ting-Lu\n|-damage|p2a: Gyarados|21\/100\n|-damage|p2b: Ting-Lu|50\/100\n|-enditem|p2a: Gyarados|Sitrus Berry|[eat]\n|-heal|p2a: Gyarados|46\/100|[from] item: Sitrus Berry\n|move|p1a: Gyarados|Waterfall|p2b: Ting-Lu\n|-supereffective|p2b: Ting-Lu\n|-damage|p2b: Ting-Lu|9\/100\n|move|p2a: Gyarados|Whirlpool|p1b: Flutter Mane\n|-damage|p1b: Flutter Mane|95\/100\n|-activate|p1b: Flutter Mane|move: Whirlpool|[of] p2a: Gyarados\n|move|p2b: Ting-Lu|Heavy Slam|p1b: Flutter Mane\n|-supereffective|p1b: Flutter Mane\n|-damage|p1b: Flutter Mane|0 fnt\n|faint|p1b: Flutter Mane\n|-end|p1b: Flutter Mane|Protosynthesis|[silent]\n|\n|-damage|p1a: Gyarados|74\/100|[from] move: Whirlpool|[partiallytrapped]\n|upkeep\n|\n|t:|1682385304\n|switch|p1b: Amoonguss|Amoonguss, L50, F|100\/100\n|turn|5\n|\n|t:|1682385317\n|move|p1a: Gyarados|Waterfall|p2b: Ting-Lu\n|-supereffective|p2b: Ting-Lu\n|-damage|p2b: Ting-Lu|0 fnt\n|faint|p2b: Ting-Lu\n|move|p2a: Gyarados|Whirlpool|p1b: Amoonguss\n|-resisted|p1b: Amoonguss\n|-damage|p1b: Amoonguss|98\/100\n|-activate|p1b: Amoonguss|move: Whirlpool|[of] p2a: Gyarados\n|move|p1b: Amoonguss|Spore|p2a: Gyarados\n|-status|p2a: Gyarados|slp|[from] move: Spore\n|\n|-damage|p1a: Gyarados|61\/100|[from] move: Whirlpool|[partiallytrapped]\n|-damage|p1b: Amoonguss|85\/100|[from] move: Whirlpool|[partiallytrapped]\n|-end|p2a: Gyarados|move: Taunt\n|upkeep\n|\n|t:|1682385331\n|switch|p2b: Baxcalibur|Baxcalibur, L50, M|100\/100\n|turn|6\n|\n|t:|1682385343\n|move|p1b: Amoonguss|Protect|p1b: Amoonguss\n|-singleturn|p1b: Amoonguss|Protect\n|move|p1a: Gyarados|Waterfall|p2a: Gyarados\n|-resisted|p2a: Gyarados\n|-damage|p2a: Gyarados|27\/100 slp\n|cant|p2a: Gyarados|slp\n|move|p2b: Baxcalibur|Icicle Spear|p1b: Amoonguss\n|-activate|p1b: Amoonguss|move: Protect\n|\n|-damage|p1a: Gyarados|49\/100|[from] move: Whirlpool|[partiallytrapped]\n|-damage|p1b: Amoonguss|73\/100|[from] move: Whirlpool|[partiallytrapped]\n|-sideend|p1: MogulMonke|move: Tailwind\n|upkeep\n|-enditem|p1a: Gyarados|Sitrus Berry|[eat]\n|-heal|p1a: Gyarados|74\/100|[from] item: Sitrus Berry\n|turn|7\n|\n|t:|1682385373\n|move|p1b: Amoonguss|Protect||[still]\n|-fail|p1b: Amoonguss\n|cant|p2a: Gyarados|slp\n|move|p2b: Baxcalibur|Icicle Spear|p1b: Amoonguss\n|-supereffective|p1b: Amoonguss\n|-damage|p1b: Amoonguss|48\/100\n|-supereffective|p1b: Amoonguss\n|-damage|p1b: Amoonguss|22\/100\n|-supereffective|p1b: Amoonguss\n|-damage|p1b: Amoonguss|0 fnt\n|faint|p1b: Amoonguss\n|-hitcount|p1: Amoonguss|3\n|move|p1a: Gyarados|Thunder Wave|p2b: Baxcalibur\n|-status|p2b: Baxcalibur|par\n|\n|-end|p1a: Gyarados|Whirlpool|[partiallytrapped]\n|upkeep\n|turn|8\n|\n|t:|1682385394\n|cant|p2a: Gyarados|slp\n|move|p1a: Gyarados|Waterfall|p2a: Gyarados\n|-resisted|p2a: Gyarados\n|-damage|p2a: Gyarados|7\/100 slp\n|cant|p2b: Baxcalibur|par\n|\n|upkeep\n|turn|9\n|\n|t:|1682385411\n|-curestatus|p2a: Gyarados|slp|[msg]\n|move|p2a: Gyarados|Whirlpool|p1a: Gyarados\n|-resisted|p1a: Gyarados\n|-damage|p1a: Gyarados|71\/100\n|-activate|p1a: Gyarados|move: Whirlpool|[of] p2a: Gyarados\n|move|p1a: Gyarados|Waterfall|p2b: Baxcalibur\n|-resisted|p2b: Baxcalibur\n|-damage|p2b: Baxcalibur|84\/100 par\n|move|p2b: Baxcalibur|Glaive Rush|p1a: Gyarados\n|-damage|p1a: Gyarados|0 fnt\n|-singlemove|p2b: Baxcalibur|Glaive Rush|[silent]\n|faint|p1a: Gyarados\n|\n|win|Atiko0928\n|raw|MogulMonke's rating: 1136 → 1115<\/strong> (-21 for losing)\n|raw|Atiko0928's rating: 1185 → 1206<\/strong> (+21 for winning)\n|l|\u2606MogulMonke\n","uploadtime":1682385579,"views":7,"p1id":"mogulmonke","p2id":"atiko0928","formatid":"gen9vgc2023regulationc","rating":1115,"private":0,"password":""}