{"id":"gen9vgc2023regulationc-1854976814","p1":"Ncksnc","p2":"Ricardo Randorez","format":"[Gen 9] VGC 2023 Regulation C","log":"|j|\u2606Ncksnc\n|j|\u2606Ricardo Randorez\n|t:|1682886961\n|gametype|doubles\n|player|p1|Ncksnc|170|1224\n|player|p2|Ricardo Randorez|266|1324\n|teamsize|p1|6\n|teamsize|p2|6\n|gen|9\n|tier|[Gen 9] VGC 2023 Regulation C\n|rated|\n|rule|Species Clause: Limit one of each Pok\u00e9mon\n|rule|Item Clause: Limit one of each item\n|clearpoke\n|poke|p1|Lilligant, L50, F|\n|poke|p1|Torkoal, L50, M|\n|poke|p1|Flutter Mane, L50|\n|poke|p1|Great Tusk, L50|\n|poke|p1|Chien-Pao, L50|\n|poke|p1|Kingambit, L50, M|\n|poke|p2|Flamigo, L50, M|\n|poke|p2|Azumarill, L50, F|\n|poke|p2|Maushold-Four, L50|\n|poke|p2|Iron Hands, L50|\n|poke|p2|Volcarona, L50, F|\n|poke|p2|Flutter Mane, L50|\n|teampreview|4\n|inactive|Battle timer is ON: inactive players will automatically lose when time's up. (requested by Ncksnc)\n|\n|t:|1682886988\n|start\n|switch|p1a: Torkoal|Torkoal, L50, M|100\/100\n|switch|p1b: Lilligant|Lilligant, L50, F|100\/100\n|switch|p2a: Volcarona|Volcarona, L50, F|100\/100\n|switch|p2b: Azumarill|Azumarill, L50, F|100\/100\n|-weather|SunnyDay|[from] ability: Drought|[of] p1a: Torkoal\n|turn|1\n|\n|t:|1682887005\n|move|p2b: Azumarill|Protect|p2b: Azumarill\n|-singleturn|p2b: Azumarill|Protect\n|move|p1a: Torkoal|Protect|p1a: Torkoal\n|-singleturn|p1a: Torkoal|Protect\n|move|p1b: Lilligant|Leaf Storm|p2b: Azumarill\n|-activate|p2b: Azumarill|move: Protect\n|move|p2a: Volcarona|Struggle Bug|p1b: Lilligant|[spread] p1b\n|-activate|p1a: Torkoal|move: Protect\n|-supereffective|p1b: Lilligant\n|-damage|p1b: Lilligant|46\/100\n|-unboost|p1b: Lilligant|spa|1\n|\n|-weather|SunnyDay|[upkeep]\n|upkeep\n|turn|2\n|\n|t:|1682887021\n|move|p2a: Volcarona|Rage Powder|p2a: Volcarona\n|-singleturn|p2a: Volcarona|move: Rage Powder\n|move|p1b: Lilligant|Sleep Powder|p2a: Volcarona|[miss]\n|-miss|p1b: Lilligant|p2a: Volcarona\n|move|p2b: Azumarill|Belly Drum|p2b: Azumarill\n|-damage|p2b: Azumarill|50\/100\n|-setboost|p2b: Azumarill|atk|6|[from] move: Belly Drum\n|-enditem|p2b: Azumarill|Sitrus Berry|[eat]\n|-heal|p2b: Azumarill|75\/100|[from] item: Sitrus Berry\n|move|p1a: Torkoal|Earth Power|p2a: Volcarona\n|-damage|p2a: Volcarona|77\/100\n|\n|-weather|SunnyDay|[upkeep]\n|upkeep\n|turn|3\n|\n|t:|1682887039\n|move|p2b: Azumarill|Protect|p2b: Azumarill\n|-singleturn|p2b: Azumarill|Protect\n|move|p1b: Lilligant|After You|p1a: Torkoal\n|-activate|p1a: Torkoal|move: After You\n|move|p1a: Torkoal|Eruption|p2a: Volcarona|[spread] p2a\n|-activate|p2b: Azumarill|move: Protect\n|-damage|p2a: Volcarona|6\/100\n|move|p2a: Volcarona|Struggle Bug|p1a: Torkoal|[spread] p1a,p1b\n|-resisted|p1a: Torkoal\n|-supereffective|p1b: Lilligant\n|-damage|p1a: Torkoal|90\/100\n|-damage|p1b: Lilligant|0 fnt\n|-unboost|p1a: Torkoal|spa|1\n|faint|p1b: Lilligant\n|\n|-weather|SunnyDay|[upkeep]\n|upkeep\n|\n|t:|1682887045\n|switch|p1b: Flutter Mane|Flutter Mane, L50|100\/100\n|-activate|p1b: Flutter Mane|ability: Protosynthesis\n|-start|p1b: Flutter Mane|protosynthesisspa\n|turn|4\n|\n|t:|1682887067\n|-terastallize|p2b: Azumarill|Water\n|move|p1a: Torkoal|Protect|p1a: Torkoal\n|-singleturn|p1a: Torkoal|Protect\n|move|p2a: Volcarona|Rage Powder|p2a: Volcarona\n|-singleturn|p2a: Volcarona|move: Rage Powder\n|move|p2b: Azumarill|Aqua Jet|p1a: Torkoal\n|-activate|p1a: Torkoal|move: Protect\n|move|p1b: Flutter Mane|Dazzling Gleam|p2b: Azumarill|[spread] p2a,p2b\n|-resisted|p2a: Volcarona\n|-damage|p2a: Volcarona|0 fnt\n|-damage|p2b: Azumarill|5\/100\n|faint|p2a: Volcarona\n|\n|-weather|SunnyDay|[upkeep]\n|upkeep\n|\n|t:|1682887072\n|switch|p2a: Flamigo|Flamigo, L50, M|100\/100\n|-copyboost|p2a: Flamigo|p2b: Azumarill|[from] ability: Costar\n|turn|5\n|inactive|Ricardo Randorez has 30 seconds left.\n|\n|t:|1682887099\n|move|p2b: Azumarill|Aqua Jet|p1a: Torkoal\n|-supereffective|p1a: Torkoal\n|-damage|p1a: Torkoal|0 fnt\n|faint|p1a: Torkoal\n|move|p2a: Flamigo|Brave Bird|p1b: Flutter Mane\n|-damage|p1b: Flutter Mane|0 fnt\n|faint|p1b: Flutter Mane\n|-end|p1b: Flutter Mane|Protosynthesis|[silent]\n|-damage|p2a: Flamigo|73\/100|[from] Recoil\n|\n|-weather|none\n|upkeep\n|\n|t:|1682887106\n|switch|p1b: Great Tusk|Great Tusk, L50|100\/100\n|turn|6\n|\n|t:|1682887123\n|-terastallize|p1b: Great Tusk|Steel\n|move|p2b: Azumarill|Aqua Jet|p1b: Great Tusk\n|-damage|p1b: Great Tusk|0 fnt\n|faint|p1b: Great Tusk\n|-end|p1b: Great Tusk|Protosynthesis|[silent]\n|\n|win|Ricardo Randorez\n|raw|Ncksnc's rating: 1224 → 1206<\/strong> (-18 for losing)\n|raw|Ricardo Randorez's rating: 1324 → 1338<\/strong> (+14 for winning)\n","uploadtime":1682887131,"views":5,"p1id":"ncksnc","p2id":"ricardorandorez","formatid":"gen9vgc2023regulationc","rating":1206,"private":0,"password":""}