{"id":"gen9vgc2023regulationc-1851786607","p1":"MLGmushroom","p2":"BbfHooly","format":"[Gen 9] VGC 2023 Regulation C","log":"|j|\u2606MLGmushroom\n|j|\u2606BbfHooly\n|t:|1682483512\n|gametype|doubles\n|player|p1|MLGmushroom|blue|1196\n|player|p2|BbfHooly|benga|1247\n|teamsize|p1|6\n|teamsize|p2|6\n|gen|9\n|tier|[Gen 9] VGC 2023 Regulation C\n|rated|\n|rule|Species Clause: Limit one of each Pok\u00e9mon\n|rule|Item Clause: Limit one of each item\n|clearpoke\n|poke|p1|Chien-Pao, L50|\n|poke|p1|Roaring Moon, L50|\n|poke|p1|Flutter Mane, L50|\n|poke|p1|Amoonguss, L50, M|\n|poke|p1|Gyarados, L50, F|\n|poke|p1|Scizor, L50, F|\n|poke|p2|Torkoal, L50, F|\n|poke|p2|Jumpluff, L50, M|\n|poke|p2|Flutter Mane, L50|\n|poke|p2|Great Tusk, L50|\n|poke|p2|Chien-Pao, L50|\n|poke|p2|Kingambit, L50, F|\n|teampreview|4\n|inactive|Battle timer is ON: inactive players will automatically lose when time's up. (requested by BbfHooly)\n|\n|t:|1682483523\n|start\n|switch|p1a: Scizor|Scizor, L50, F|100\/100\n|switch|p1b: Chien-Pao|Chien-Pao, L50|100\/100\n|switch|p2a: Torkoal|Torkoal, L50, F|100\/100\n|switch|p2b: Jumpluff|Jumpluff, L50, M|100\/100\n|-ability|p1b: Chien-Pao|Sword of Ruin\n|-weather|SunnyDay|[from] ability: Drought|[of] p2a: Torkoal\n|turn|1\n|\n|t:|1682483545\n|-terastallize|p1a: Scizor|Fire\n|move|p1b: Chien-Pao|Sucker Punch|p2a: Torkoal\n|-damage|p2a: Torkoal|65\/100\n|move|p2b: Jumpluff|Sleep Powder|p1b: Chien-Pao\n|-status|p1b: Chien-Pao|slp|[from] move: Sleep Powder\n|move|p1a: Scizor|U-turn|p2b: Jumpluff\n|-damage|p2b: Jumpluff|34\/100\n|\n|t:|1682483565\n|switch|p1a: Gyarados|Gyarados, L50, F|100\/100|[from] U-turn\n|-ability|p1a: Gyarados|Intimidate|boost\n|-unboost|p2a: Torkoal|atk|1\n|-enditem|p2a: Torkoal|Eject Pack\n|-unboost|p2b: Jumpluff|atk|1\n|\n|t:|1682483580\n|switch|p2a: Flutter Mane|Flutter Mane, L50|100\/100\n|-activate|p2a: Flutter Mane|ability: Protosynthesis\n|-start|p2a: Flutter Mane|protosynthesisspe\n|\n|-weather|SunnyDay|[upkeep]\n|upkeep\n|turn|2\n|\n|t:|1682483593\n|switch|p1b: Scizor|Scizor, L50, F, tera:Fire|100\/100\n|move|p2b: Jumpluff|Sleep Powder|p1a: Gyarados|[miss]\n|-miss|p2b: Jumpluff|p1a: Gyarados\n|move|p2a: Flutter Mane|Thunderbolt|p1a: Gyarados\n|-supereffective|p1a: Gyarados\n|-damage|p1a: Gyarados|0 fnt\n|faint|p1a: Gyarados\n|\n|-weather|SunnyDay|[upkeep]\n|upkeep\n|\n|t:|1682483600\n|switch|p1a: Flutter Mane|Flutter Mane, L50|100\/100\n|-activate|p1a: Flutter Mane|ability: Protosynthesis\n|-start|p1a: Flutter Mane|protosynthesisspa\n|turn|3\n|inactive|BbfHooly has 30 seconds left.\n|\n|t:|1682483627\n|-end|p2a: Flutter Mane|Protosynthesis|[silent]\n|switch|p2a: Great Tusk|Great Tusk, L50|100\/100\n|-activate|p2a: Great Tusk|ability: Protosynthesis\n|-start|p2a: Great Tusk|protosynthesisatk\n|move|p1a: Flutter Mane|Protect|p1a: Flutter Mane\n|-singleturn|p1a: Flutter Mane|Protect\n|move|p1b: Scizor|Bullet Punch|p2a: Great Tusk\n|-damage|p2a: Great Tusk|82\/100\n|move|p2b: Jumpluff|Tailwind|p2b: Jumpluff\n|-sidestart|p2: BbfHooly|move: Tailwind\n|\n|-weather|SunnyDay|[upkeep]\n|upkeep\n|turn|4\n|\n|t:|1682483647\n|move|p2b: Jumpluff|Leaf Storm|p1a: Flutter Mane\n|-damage|p1a: Flutter Mane|74\/100\n|-unboost|p2b: Jumpluff|spa|2\n|move|p2a: Great Tusk|Rock Slide|p1b: Scizor|[spread] p1a,p1b\n|-supereffective|p1b: Scizor\n|-damage|p1a: Flutter Mane|33\/100\n|-damage|p1b: Scizor|49\/100\n|move|p1a: Flutter Mane|Dazzling Gleam|p2b: Jumpluff|[spread] p2a,p2b\n|-supereffective|p2a: Great Tusk\n|-damage|p2a: Great Tusk|0 fnt\n|-damage|p2b: Jumpluff|0 fnt\n|faint|p2a: Great Tusk\n|-end|p2a: Great Tusk|Protosynthesis|[silent]\n|faint|p2b: Jumpluff\n|-damage|p1a: Flutter Mane|24\/100|[from] item: Life Orb\n|move|p1b: Scizor|U-turn|p2: Great Tusk|[notarget]\n|-fail|p1b: Scizor\n|\n|-weather|SunnyDay|[upkeep]\n|upkeep\n|\n|t:|1682483658\n|switch|p2b: Flutter Mane|Flutter Mane, L50|100\/100\n|switch|p2a: Torkoal|Torkoal, L50, F|65\/100\n|-activate|p2b: Flutter Mane|ability: Protosynthesis\n|-start|p2b: Flutter Mane|protosynthesisspe\n|turn|5\n|inactive|BbfHooly has 30 seconds left.\n|\n|t:|1682483686\n|move|p1a: Flutter Mane|Protect|p1a: Flutter Mane\n|-singleturn|p1a: Flutter Mane|Protect\n|move|p1b: Scizor|Bullet Punch|p2b: Flutter Mane\n|-supereffective|p2b: Flutter Mane\n|-damage|p2b: Flutter Mane|23\/100\n|move|p2b: Flutter Mane|Moonblast|p1a: Flutter Mane\n|-activate|p1a: Flutter Mane|move: Protect\n|move|p2a: Torkoal|Yawn|p1b: Scizor\n|-start|p1b: Scizor|move: Yawn|[of] p2a: Torkoal\n|\n|-weather|none\n|-end|p2b: Flutter Mane|Protosynthesis\n|-end|p1a: Flutter Mane|Protosynthesis\n|upkeep\n|turn|6\n|\n|t:|1682483709\n|move|p2a: Torkoal|Protect|p2a: Torkoal\n|-singleturn|p2a: Torkoal|Protect\n|move|p2b: Flutter Mane|Moonblast|p1a: Flutter Mane\n|-damage|p1a: Flutter Mane|0 fnt\n|faint|p1a: Flutter Mane\n|-end|p1a: Flutter Mane|Protosynthesis|[silent]\n|move|p1b: Scizor|Close Combat|p2a: Torkoal\n|-activate|p2a: Torkoal|move: Protect\n|\n|-end|p1b: Scizor|move: Yawn|[silent]\n|-status|p1b: Scizor|slp\n|-sideend|p2: BbfHooly|move: Tailwind\n|upkeep\n|\n|t:|1682483713\n|switch|p1a: Chien-Pao|Chien-Pao, L50|100\/100 slp\n|-ability|p1a: Chien-Pao|Sword of Ruin\n|turn|7\n|c|\u2606BbfHooly|bullwt punchnwouldve won u the game\n|inactive|BbfHooly has 30 seconds left.\n|\n|t:|1682483740\n|cant|p1a: Chien-Pao|slp\n|move|p2b: Flutter Mane|Moonblast|p1a: Chien-Pao\n|-supereffective|p1a: Chien-Pao\n|-enditem|p1a: Chien-Pao|Focus Sash\n|-damage|p1a: Chien-Pao|1\/100 slp\n|cant|p1b: Scizor|slp\n|move|p2a: Torkoal|Overheat|p1a: Chien-Pao\n|-supereffective|p1a: Chien-Pao\n|-damage|p1a: Chien-Pao|0 fnt\n|-unboost|p2a: Torkoal|spa|2\n|faint|p1a: Chien-Pao\n|\n|upkeep\n|turn|8\n|c|\u2606MLGmushroom|figured you had protect\n|-message|MLGmushroom forfeited.\n|\n|win|BbfHooly\n|raw|MLGmushroom's rating: 1196 → 1175<\/strong> (-21 for losing)\n|raw|BbfHooly's rating: 1247 → 1268<\/strong> (+21 for winning)\n","uploadtime":1682483759,"views":10,"p1id":"mlgmushroom","p2id":"bbfhooly","formatid":"gen9vgc2023regulationc","rating":1175,"private":0,"password":""}