{"id":"gen9vgc2023regulationc-1848500043","p1":"MistressQueenM","p2":"Queytan","format":"[Gen 9] VGC 2023 Regulation C","log":"|j|\u203dMistressQueenM\n|j|\u2606Queytan\n|t:|1682084823\n|gametype|doubles\n|player|p1|MistressQueenM|veteranf|1192\n|player|p2|Queytan|169|1230\n|teamsize|p1|6\n|teamsize|p2|6\n|gen|9\n|tier|[Gen 9] VGC 2023 Regulation C\n|rated|\n|rule|Species Clause: Limit one of each Pok\u00e9mon\n|rule|Item Clause: Limit one of each item\n|clearpoke\n|poke|p1|Wo-Chien, L50|\n|poke|p1|Torkoal, L50, M|\n|poke|p1|Garganacl, L50, M|\n|poke|p1|Great Tusk, L50|\n|poke|p1|Murkrow, L50, M|\n|poke|p1|Farigiraf, L50, M|\n|poke|p2|Toxtricity, L50, F|\n|poke|p2|Sableye, L50, F|\n|poke|p2|Breloom, L50, M|\n|poke|p2|Corviknight, L50, M|\n|poke|p2|Rotom-Wash, L50|\n|poke|p2|Krookodile, L50, F|\n|teampreview|4\n|inactive|Battle timer is ON: inactive players will automatically lose when time's up. (requested by MistressQueenM)\nMistressQueenM rejected open team sheets.\n|\n|t:|1682084861\n|start\n|switch|p1a: Great Tusk|Great Tusk, L50|100\/100\n|switch|p1b: Torkoal|Torkoal, L50, M, shiny|100\/100\n|switch|p2a: Toxtricity|Toxtricity, L50, F|100\/100\n|switch|p2b: Sableye|Sableye, L50, F|100\/100\n|-weather|SunnyDay|[from] ability: Drought|[of] p1b: Torkoal\n|-activate|p1a: Great Tusk|ability: Protosynthesis\n|-start|p1a: Great Tusk|protosynthesisatk\n|turn|1\n|inactive|MistressQueenM has 30 seconds left.\n|inactive|MistressQueenM has 20 seconds left.\n|inactive|MistressQueenM has 15 seconds left.\n|inactive|MistressQueenM has 10 seconds left.\n|\n|t:|1682084906\n|-terastallize|p1a: Great Tusk|Ground\n|-terastallize|p2a: Toxtricity|Normal\n|move|p1b: Torkoal|Protect|p1b: Torkoal\n|-singleturn|p1b: Torkoal|Protect\n|move|p2b: Sableye|Fake Out|p1a: Great Tusk\n|-damage|p1a: Great Tusk|96\/100\n|cant|p1a: Great Tusk|flinch\n|move|p2a: Toxtricity|Boomburst|p1b: Torkoal|[spread] p1a\n|-activate|p1b: Torkoal|move: Protect\n|-immune|p2b: Sableye\n|-damage|p1a: Great Tusk|0 fnt\n|faint|p1a: Great Tusk\n|-end|p1a: Great Tusk|Protosynthesis|[silent]\n|\n|-weather|SunnyDay|[upkeep]\n|upkeep\n|\n|t:|1682084910\n|switch|p1a: Garganacl|Garganacl, L50, M, shiny|100\/100\n|turn|2\n|inactive|Queytan has 30 seconds left.\n|\n|t:|1682084936\n|move|p1a: Garganacl|Wide Guard|p1a: Garganacl\n|-singleturn|p1a: Garganacl|Wide Guard\n|move|p2a: Toxtricity|Boomburst|p1b: Torkoal|[spread] \n|-activate|p1a: Garganacl|move: Wide Guard\n|-activate|p1b: Torkoal|move: Wide Guard\n|-immune|p2b: Sableye\n|move|p2b: Sableye|Snarl|p1a: Garganacl|[spread] \n|-activate|p1a: Garganacl|move: Wide Guard\n|-activate|p1b: Torkoal|move: Wide Guard\n|move|p1b: Torkoal|Eruption|p2b: Sableye|[spread] p2a,p2b\n|-damage|p2a: Toxtricity|0 fnt\n|-damage|p2b: Sableye|4\/100\n|faint|p2a: Toxtricity\n|\n|-weather|SunnyDay|[upkeep]\n|upkeep\n|inactive|Queytan has 30 seconds left.\n|\n|t:|1682084970\n|switch|p2a: Krookodile|Krookodile, L50, F|100\/100\n|-ability|p2a: Krookodile|Intimidate|boost\n|-unboost|p1a: Garganacl|atk|1\n|-unboost|p1b: Torkoal|atk|1\n|turn|3\n|\n|t:|1682084989\n|move|p1b: Torkoal|Protect|p1b: Torkoal\n|-singleturn|p1b: Torkoal|Protect\n|move|p2b: Sableye|Quash|p1a: Garganacl\n|-activate|p1a: Garganacl|move: Quash\n|move|p2a: Krookodile|Earthquake|p1b: Torkoal|[spread] p2b,p1a\n|-activate|p1b: Torkoal|move: Protect\n|-supereffective|p1a: Garganacl\n|-damage|p2b: Sableye|0 fnt\n|-damage|p1a: Garganacl|22\/100\n|faint|p2b: Sableye\n|move|p1a: Garganacl|Salt Cure|p2a: Krookodile\n|-resisted|p2a: Krookodile\n|-damage|p2a: Krookodile|95\/100\n|-start|p2a: Krookodile|Salt Cure\n|\n|-weather|SunnyDay|[upkeep]\n|-heal|p1a: Garganacl|28\/100|[from] item: Leftovers\n|-damage|p2a: Krookodile|82\/100|[from] Salt Cure\n|upkeep\n|\n|t:|1682085004\n|switch|p2b: Corviknight|Corviknight, L50, M|100\/100\n|turn|4\n|\n|t:|1682085014\n|move|p1a: Garganacl|Wide Guard|p1a: Garganacl\n|-singleturn|p1a: Garganacl|Wide Guard\n|move|p2a: Krookodile|Earthquake|p1a: Garganacl|[spread] \n|-activate|p1a: Garganacl|move: Wide Guard\n|-activate|p1b: Torkoal|move: Wide Guard\n|-immune|p2b: Corviknight\n|move|p2b: Corviknight|Brave Bird|p1b: Torkoal\n|-damage|p1b: Torkoal|66\/100\n|-damage|p2b: Corviknight|91\/100|[from] Recoil\n|move|p1b: Torkoal|Heat Wave|p2b: Corviknight|[spread] p2b\n|-miss|p1b: Torkoal|p2a: Krookodile\n|-supereffective|p2b: Corviknight\n|-damage|p2b: Corviknight|5\/100\n|-status|p2b: Corviknight|brn\n|\n|-weather|SunnyDay|[upkeep]\n|-heal|p2b: Corviknight|11\/100 brn|[from] item: Leftovers\n|-heal|p1a: Garganacl|34\/100|[from] item: Leftovers\n|-damage|p2b: Corviknight|5\/100 brn|[from] brn\n|-damage|p2a: Krookodile|70\/100|[from] Salt Cure\n|upkeep\n|turn|5\n|\n|t:|1682085036\n|move|p1a: Garganacl|Wide Guard|p1a: Garganacl\n|-singleturn|p1a: Garganacl|Wide Guard\n|move|p2a: Krookodile|Earthquake|p1a: Garganacl|[spread] \n|-activate|p1a: Garganacl|move: Wide Guard\n|-activate|p1b: Torkoal|move: Wide Guard\n|-immune|p2b: Corviknight\n|move|p2b: Corviknight|Brave Bird|p1b: Torkoal\n|-damage|p1b: Torkoal|50\/100\n|-damage|p2b: Corviknight|0 fnt|[from] Recoil\n|faint|p2b: Corviknight\n|move|p1b: Torkoal|Heat Wave|p2a: Krookodile\n|-damage|p2a: Krookodile|0 fnt\n|faint|p2a: Krookodile\n|\n|win|MistressQueenM\n|raw|MistressQueenM's rating: 1192 → 1220<\/strong> (+28 for winning)\n|raw|Queytan's rating: 1230 → 1202<\/strong> (-28 for losing)\n|c|\u2606Queytan|gg\n|c|\u2606Queytan|Wideguard mesewd me up there\n|l|\u2606Queytan\n","uploadtime":1682085061,"views":8,"p1id":"mistressqueenm","p2id":"queytan","formatid":"gen9vgc2023regulationc","rating":1202,"private":0,"password":""}