{"id":"gen9vgc2023regulationc-1859642305","p1":"injak","p2":"Yolothom","format":"[Gen 9] VGC 2023 Regulation C","log":"|j|\u2606injak\n|j|\u2606Yolothom\n|t:|1683551953\n|gametype|doubles\n|player|p1|injak|102|1150\n|player|p2|Yolothom|nemona-v|1102\n|teamsize|p1|6\n|teamsize|p2|6\n|gen|9\n|tier|[Gen 9] VGC 2023 Regulation C\n|rated|\n|rule|Species Clause: Limit one of each Pok\u00e9mon\n|rule|Item Clause: Limit one of each item\n|clearpoke\n|poke|p1|Arcanine, L50, M|\n|poke|p1|Maushold-Four, L50|\n|poke|p1|Chi-Yu, L50|\n|poke|p1|Flutter Mane, L50|\n|poke|p1|Murkrow, L50, F|\n|poke|p1|Great Tusk, L50|\n|poke|p2|Roaring Moon, L50|\n|poke|p2|Amoonguss, L50, M|\n|poke|p2|Ting-Lu, L50|\n|poke|p2|Annihilape, L50, M|\n|poke|p2|Palafin, L50, F|\n|poke|p2|Flutter Mane, L50|\n|teampreview|4\n|c|\u2606Yolothom|glhf\n|inactive|Battle timer is ON: inactive players will automatically lose when time's up. (requested by Yolothom)\n|\n|t:|1683551988\n|start\n|switch|p1a: Maushold|Maushold-Four, L50|100\/100\n|switch|p1b: Arcanine|Arcanine, L50, M|100\/100\n|switch|p2a: Amoonguss|Amoonguss, L50, M, shiny|100\/100\n|switch|p2b: Palafin|Palafin, L50, F, shiny|100\/100\n|turn|1\n|inactive|Yolothom has 30 seconds left.\n|\n|t:|1683552022\n|detailschange|p2b: Palafin|Palafin-Hero, L50, F, shiny\n|switch|p2b: Ting-Lu|Ting-Lu, L50|100\/100\n|-ability|p2b: Ting-Lu|Vessel of Ruin\n|-terastallize|p1b: Arcanine|Normal\n|move|p2a: Amoonguss|Protect|p2a: Amoonguss\n|-singleturn|p2a: Amoonguss|Protect\n|move|p1a: Maushold|Beat Up|p1b: Arcanine\n|-damage|p1b: Arcanine|98\/100\n|-ability|p1b: Arcanine|Justified|boost\n|-boost|p1b: Arcanine|atk|1\n|-damage|p1b: Arcanine|96\/100\n|-ability|p1b: Arcanine|Justified|boost\n|-boost|p1b: Arcanine|atk|1\n|-damage|p1b: Arcanine|94\/100\n|-ability|p1b: Arcanine|Justified|boost\n|-boost|p1b: Arcanine|atk|1\n|-damage|p1b: Arcanine|92\/100\n|-ability|p1b: Arcanine|Justified|boost\n|-boost|p1b: Arcanine|atk|1\n|-hitcount|p1b: Arcanine|4\n|move|p1b: Arcanine|Flare Blitz|p2a: Amoonguss\n|-activate|p2a: Amoonguss|move: Protect\n|\n|upkeep\n|turn|2\n|inactive|injak has 30 seconds left.\n|inactive|injak has 20 seconds left.\n|\n|t:|1683552057\n|-terastallize|p2a: Amoonguss|Water\n|move|p1b: Arcanine|Extreme Speed|p2a: Amoonguss\n|-damage|p2a: Amoonguss|10\/100\n|-enditem|p2a: Amoonguss|Sitrus Berry|[eat]\n|-heal|p2a: Amoonguss|35\/100|[from] item: Sitrus Berry\n|move|p2a: Amoonguss|Rage Powder|p2a: Amoonguss\n|-singleturn|p2a: Amoonguss|move: Rage Powder\n|move|p1a: Maushold|Beat Up|p2a: Amoonguss\n|-damage|p2a: Amoonguss|33\/100\n|-damage|p2a: Amoonguss|30\/100\n|-damage|p2a: Amoonguss|28\/100\n|-damage|p2a: Amoonguss|26\/100\n|-hitcount|p2a: Amoonguss|4\n|move|p2b: Ting-Lu|Fissure|p1b: Arcanine\n|-damage|p1b: Arcanine|0 fnt\n|faint|p1b: Arcanine\n|-ohko\n|\n|upkeep\n|c|\u2606Yolothom|skill issue\n|inactive|injak has 30 seconds left.\n|\n|t:|1683552084\n|switch|p1b: Flutter Mane|Flutter Mane, L50|100\/100\n|turn|3\n|\n|t:|1683552102\n|move|p2a: Amoonguss|Protect|p2a: Amoonguss\n|-singleturn|p2a: Amoonguss|Protect\n|move|p1a: Maushold|Follow Me|p1a: Maushold\n|-singleturn|p1a: Maushold|move: Follow Me\n|move|p1b: Flutter Mane|Dazzling Gleam|p2a: Amoonguss|[spread] p2b\n|-activate|p2a: Amoonguss|move: Protect\n|-supereffective|p2b: Ting-Lu\n|-damage|p2b: Ting-Lu|71\/100\n|-damage|p1b: Flutter Mane|90\/100|[from] item: Life Orb\n|move|p2b: Ting-Lu|Fissure|p1a: Maushold|[miss]\n|-miss|p2b: Ting-Lu|p1a: Maushold\n|\n|upkeep\n|turn|4\n|inactive|injak has 30 seconds left.\n|\n|t:|1683552129\n|move|p1a: Maushold|Follow Me|p1a: Maushold\n|-singleturn|p1a: Maushold|move: Follow Me\n|move|p1b: Flutter Mane|Dazzling Gleam|p2a: Amoonguss|[spread] p2a,p2b\n|-supereffective|p2b: Ting-Lu\n|-damage|p2a: Amoonguss|0 fnt\n|-damage|p2b: Ting-Lu|39\/100\n|faint|p2a: Amoonguss\n|-damage|p1b: Flutter Mane|80\/100|[from] item: Life Orb\n|move|p2b: Ting-Lu|Stomping Tantrum|p1a: Maushold\n|-damage|p1a: Maushold|23\/100\n|-enditem|p1a: Maushold|Figy Berry|[eat]\n|-heal|p1a: Maushold|56\/100|[from] item: Figy Berry\n|\n|upkeep\n|\n|t:|1683552141\n|switch|p2a: Palafin|Palafin-Hero, L50, F, shiny|100\/100\n|-activate|p2a: Palafin|ability: Zero to Hero\n|turn|5\n|\n|t:|1683552153\n|switch|p2b: Flutter Mane|Flutter Mane, L50, shiny|100\/100\n|move|p1b: Flutter Mane|Protect|p1b: Flutter Mane\n|-singleturn|p1b: Flutter Mane|Protect\n|move|p2a: Palafin|Jet Punch|p1b: Flutter Mane\n|-activate|p1b: Flutter Mane|move: Protect\n|move|p1a: Maushold|Baby-Doll Eyes|p2a: Palafin\n|-unboost|p2a: Palafin|atk|1\n|\n|upkeep\n|turn|6\n|inactive|injak has 30 seconds left.\n|\n|t:|1683552183\n|move|p1a: Maushold|Follow Me|p1a: Maushold\n|-singleturn|p1a: Maushold|move: Follow Me\n|move|p2a: Palafin|Jet Punch|p1a: Maushold\n|-damage|p1a: Maushold|22\/100\n|move|p2b: Flutter Mane|Moonblast|p1a: Maushold\n|-damage|p1a: Maushold|0 fnt\n|faint|p1a: Maushold\n|move|p1b: Flutter Mane|Dazzling Gleam|p2b: Flutter Mane|[spread] p2a,p2b\n|-damage|p2a: Palafin|48\/100\n|-damage|p2b: Flutter Mane|50\/100\n|-damage|p1b: Flutter Mane|70\/100|[from] item: Life Orb\n|\n|upkeep\n|\n|t:|1683552196\n|switch|p1a: Chi-Yu|Chi-Yu, L50|100\/100\n|-ability|p1a: Chi-Yu|Beads of Ruin\n|turn|7\n|\n|t:|1683552210\n|move|p2a: Palafin|Protect|p2a: Palafin\n|-singleturn|p2a: Palafin|Protect\n|move|p2b: Flutter Mane|Shadow Ball|p1b: Flutter Mane\n|-supereffective|p1b: Flutter Mane\n|-damage|p1b: Flutter Mane|0 fnt\n|faint|p1b: Flutter Mane\n|-end|p1b: Flutter Mane|Protosynthesis|[silent]\n|move|p1a: Chi-Yu|Heat Wave|p2a: Palafin|[spread] p2b\n|-activate|p2a: Palafin|move: Protect\n|-damage|p2b: Flutter Mane|0 fnt\n|faint|p2b: Flutter Mane\n|-end|p2b: Flutter Mane|Protosynthesis|[silent]\n|\n|upkeep\n|\n|t:|1683552221\n|switch|p2b: Ting-Lu|Ting-Lu, L50|39\/100\n|-ability|p2b: Ting-Lu|Vessel of Ruin\n|turn|8\n|\n|t:|1683552233\n|move|p1a: Chi-Yu|Heat Wave|p2b: Ting-Lu|[spread] p2a,p2b\n|-resisted|p2a: Palafin\n|-damage|p2a: Palafin|26\/100\n|-damage|p2b: Ting-Lu|22\/100\n|move|p2a: Palafin|Wave Crash|p1a: Chi-Yu\n|-supereffective|p1a: Chi-Yu\n|-damage|p1a: Chi-Yu|0 fnt\n|faint|p1a: Chi-Yu\n|-damage|p2a: Palafin|1\/100|[from] Recoil\n|\n|win|Yolothom\n|raw|injak's rating: 1150 → 1122<\/strong> (-28 for losing)\n|raw|Yolothom's rating: 1102 → 1130<\/strong> (+28 for winning)\n|c|\u2606Yolothom|gg\n","uploadtime":1683552247,"views":8,"p1id":"injak","p2id":"yolothom","formatid":"gen9vgc2023regulationc","rating":1122,"private":0,"password":""}