{"id":"gen9vgc2023regulationc-1856581051","p1":"dekukraken","p2":"Cilan123","format":"[Gen 9] VGC 2023 Regulation C","log":"|j|\u2606dekukraken\n|j|\u2606Cilan123\n|t:|1683078345\n|gametype|doubles\n|player|p1|dekukraken|burglar|\n|player|p2|Cilan123|cilan|\n|teamsize|p1|6\n|teamsize|p2|6\n|gen|9\n|tier|[Gen 9] VGC 2023 Regulation C\n|rule|Species Clause: Limit one of each Pok\u00e9mon\n|rule|Item Clause: Limit one of each item\n|clearpoke\n|poke|p1|Maushold-Four, L50|\n|poke|p1|Iron Bundle, L50|\n|poke|p1|Abomasnow, L50, F|\n|poke|p1|Talonflame, L50, M|\n|poke|p1|Pincurchin, L50, F|\n|poke|p1|Chi-Yu, L50|\n|poke|p2|Maushold-Four, L50|\n|poke|p2|Armarouge, L50, M|\n|poke|p2|Annihilape, L50, F|\n|poke|p2|Arboliva, L50, F|\n|poke|p2|Dragapult, L50, F|\n|poke|p2|Dragonite, L50, M|\n|teampreview|4\ndekukraken has agreed to open team sheets.\nCilan123 has agreed to open team sheets.\n|c|\u2606dekukraken|glhf\n|c|\u2606Cilan123|GLHF\n|\n|t:|1683078388\n|start\n|switch|p1a: Iron Bundle|Iron Bundle, L50|100\/100\n|switch|p1b: Abomasnow|Abomasnow, L50, F|100\/100\n|switch|p2a: Maushold|Maushold-Four, L50|100\/100\n|switch|p2b: Armarouge|Armarouge, L50, M|100\/100\n|-weather|Snow|[from] ability: Snow Warning|[of] p1b: Abomasnow\n|turn|1\n|c|\u2606dekukraken|know pain\n|\n|t:|1683078414\n|-terastallize|p1a: Iron Bundle|Ice\n|move|p1b: Abomasnow|Helping Hand|p1a: Iron Bundle\n|-singleturn|p1a: Iron Bundle|Helping Hand|[of] p1b: Abomasnow\n|move|p2a: Maushold|Protect|p2a: Maushold\n|-singleturn|p2a: Maushold|Protect\n|move|p1a: Iron Bundle|Blizzard|p2b: Armarouge|[spread] p2b\n|-activate|p2a: Maushold|move: Protect\n|-resisted|p2b: Armarouge\n|-damage|p2b: Armarouge|52\/100\n|move|p2b: Armarouge|Trick Room|p2b: Armarouge\n|-fieldstart|move: Trick Room|[of] p2b: Armarouge\n|\n|-weather|Snow|[upkeep]\n|upkeep\n|turn|2\n|\n|t:|1683078438\n|move|p2a: Maushold|Follow Me|p2a: Maushold\n|-singleturn|p2a: Maushold|move: Follow Me\n|move|p1b: Abomasnow|Aurora Veil|p1b: Abomasnow\n|-sidestart|p1: dekukraken|move: Aurora Veil\n|move|p2b: Armarouge|Armor Cannon|p1a: Iron Bundle\n|-supereffective|p1a: Iron Bundle\n|-damage|p1a: Iron Bundle|0 fnt\n|-unboost|p2b: Armarouge|def|1\n|-unboost|p2b: Armarouge|spd|1\n|faint|p1a: Iron Bundle\n|-end|p1a: Iron Bundle|Quark Drive|[silent]\n|-damage|p2b: Armarouge|42\/100|[from] item: Life Orb\n|\n|-weather|Snow|[upkeep]\n|upkeep\n|\n|t:|1683078449\n|switch|p1a: Maushold|Maushold-Four, L50|100\/100\n|turn|3\n|\n|t:|1683078481\n|switch|p2b: Arboliva|Arboliva, L50, F|100\/100\n|move|p2a: Maushold|Protect|p2a: Maushold\n|-singleturn|p2a: Maushold|Protect\n|move|p1b: Abomasnow|Blizzard|p2a: Maushold|[spread] p2b\n|-activate|p2a: Maushold|move: Protect\n|-supereffective|p2b: Arboliva\n|-damage|p2b: Arboliva|66\/100\n|-fieldstart|move: Grassy Terrain|[from] ability: Seed Sower|[of] p2b: Arboliva\n|move|p1a: Maushold|Population Bomb|p2b: Arboliva\n|-damage|p2b: Arboliva|57\/100\n|-damage|p2b: Arboliva|48\/100\n|-enditem|p2b: Arboliva|Sitrus Berry|[eat]\n|-heal|p2b: Arboliva|73\/100|[from] item: Sitrus Berry\n|-crit|p2b: Arboliva\n|-damage|p2b: Arboliva|60\/100\n|-damage|p2b: Arboliva|51\/100\n|-damage|p2b: Arboliva|42\/100\n|-damage|p2b: Arboliva|33\/100\n|-damage|p2b: Arboliva|25\/100\n|-damage|p2b: Arboliva|16\/100\n|-damage|p2b: Arboliva|7\/100\n|-damage|p2b: Arboliva|0 fnt\n|faint|p2b: Arboliva\n|-hitcount|p2: Arboliva|10\n|\n|-weather|Snow|[upkeep]\n|upkeep\n|\n|t:|1683078518\n|switch|p2b: Armarouge|Armarouge, L50, M|42\/100\n|turn|4\n|\n|t:|1683078537\n|move|p1b: Abomasnow|Protect|p1b: Abomasnow\n|-singleturn|p1b: Abomasnow|Protect\n|move|p1a: Maushold|Protect|p1a: Maushold\n|-singleturn|p1a: Maushold|Protect\n|move|p2a: Maushold|Follow Me|p2a: Maushold\n|-singleturn|p2a: Maushold|move: Follow Me\n|move|p2b: Armarouge|Armor Cannon|p1a: Maushold\n|-activate|p1a: Maushold|move: Protect\n|\n|-weather|Snow|[upkeep]\n|-heal|p2b: Armarouge|48\/100|[from] Grassy Terrain\n|upkeep\n|turn|5\n|\n|t:|1683078576\n|-terastallize|p2a: Maushold|Ghost\n|move|p2a: Maushold|Follow Me|p2a: Maushold\n|-singleturn|p2a: Maushold|move: Follow Me\n|move|p1b: Abomasnow|Blizzard|p2b: Armarouge|[spread] p2a,p2b\n|-crit|p2a: Maushold\n|-resisted|p2b: Armarouge\n|-damage|p2a: Maushold|54\/100\n|-damage|p2b: Armarouge|36\/100\n|move|p2b: Armarouge|Armor Cannon|p1b: Abomasnow\n|-supereffective|p1b: Abomasnow\n|-damage|p1b: Abomasnow|0 fnt\n|-unboost|p2b: Armarouge|def|1\n|-unboost|p2b: Armarouge|spd|1\n|faint|p1b: Abomasnow\n|-damage|p2b: Armarouge|27\/100|[from] item: Life Orb\n|move|p1a: Maushold|Population Bomb|p2a: Maushold\n|-immune|p2a: Maushold\n|\n|-weather|none\n|-heal|p2b: Armarouge|33\/100|[from] Grassy Terrain\n|-heal|p2a: Maushold|60\/100|[from] Grassy Terrain\n|-fieldend|move: Trick Room\n|upkeep\n|\n|t:|1683078585\n|switch|p1b: Chi-Yu|Chi-Yu, L50|100\/100\n|-ability|p1b: Chi-Yu|Beads of Ruin\n|turn|6\n|\n|t:|1683078623\n|move|p2a: Maushold|Protect|p2a: Maushold\n|-singleturn|p2a: Maushold|Protect\n|move|p1a: Maushold|Encore|p2b: Armarouge\n|-start|p2b: Armarouge|Encore\n|move|p1b: Chi-Yu|Dark Pulse|p2b: Armarouge\n|-supereffective|p2b: Armarouge\n|-damage|p2b: Armarouge|0 fnt\n|faint|p2b: Armarouge\n|\n|-heal|p2a: Maushold|66\/100|[from] Grassy Terrain\n|-sideend|p1: dekukraken|move: Aurora Veil\n|upkeep\n|\n|t:|1683078633\n|switch|p2b: Annihilape|Annihilape, L50, F|100\/100\n|turn|7\n|\n|t:|1683078660\n|move|p1a: Maushold|Protect|p1a: Maushold\n|-singleturn|p1a: Maushold|Protect\n|move|p1b: Chi-Yu|Protect|p1b: Chi-Yu\n|-singleturn|p1b: Chi-Yu|Protect\n|move|p2a: Maushold|Follow Me|p2a: Maushold\n|-singleturn|p2a: Maushold|move: Follow Me\n|move|p2b: Annihilape|Drain Punch|p1b: Chi-Yu\n|-activate|p1b: Chi-Yu|move: Protect\n|\n|-heal|p2a: Maushold|72\/100|[from] Grassy Terrain\n|-fieldend|move: Grassy Terrain\n|upkeep\n|turn|8\n|\n|t:|1683078682\n|move|p2a: Maushold|Follow Me|p2a: Maushold\n|-singleturn|p2a: Maushold|move: Follow Me\n|move|p1a: Maushold|Follow Me|p1a: Maushold\n|-singleturn|p1a: Maushold|move: Follow Me\n|move|p1b: Chi-Yu|Nasty Plot|p1b: Chi-Yu\n|-boost|p1b: Chi-Yu|spa|2\n|move|p2b: Annihilape|Drain Punch|p1a: Maushold\n|-supereffective|p1a: Maushold\n|-damage|p1a: Maushold|0 fnt\n|faint|p1a: Maushold\n|\n|upkeep\n|turn|9\n|\n|t:|1683078716\n|move|p2a: Maushold|Encore|p1b: Chi-Yu\n|-start|p1b: Chi-Yu|Encore\n|move|p1b: Chi-Yu|Nasty Plot|p1b: Chi-Yu\n|-boost|p1b: Chi-Yu|spa|2\n|move|p2b: Annihilape|Drain Punch|p1b: Chi-Yu\n|-supereffective|p1b: Chi-Yu\n|-damage|p1b: Chi-Yu|29\/100\n|\n|upkeep\n|turn|10\n|\n|t:|1683078727\n|move|p2a: Maushold|Beat Up|p2b: Annihilape\n|-damage|p2b: Annihilape|99\/100\n|-damage|p2b: Annihilape|96\/100\n|-hitcount|p2b: Annihilape|2\n|move|p1b: Chi-Yu|Nasty Plot|p1b: Chi-Yu\n|-boost|p1b: Chi-Yu|spa|2\n|move|p2b: Annihilape|Rage Fist|p1b: Chi-Yu\n|-resisted|p1b: Chi-Yu\n|-damage|p1b: Chi-Yu|0 fnt\n|faint|p1b: Chi-Yu\n|\n|win|Cilan123\n|l|\u2606dekukraken\n","uploadtime":1683079786,"views":13,"p1id":"dekukraken","p2id":"cilan123","formatid":"gen9vgc2023regulationc","rating":0,"private":0,"password":""}