{"id":"gen9vgc2023regulationc-1852381886","p1":"anshar_training","p2":"rsulli21","format":"[Gen 9] VGC 2023 Regulation C","log":"|j|\u2606anshar_training\n|j|\u2606rsulli21\n|t:|1682550684\n|gametype|doubles\n|player|p1|anshar_training|colress|1031\n|player|p2|rsulli21|266|1069\n|teamsize|p1|6\n|teamsize|p2|6\n|gen|9\n|tier|[Gen 9] VGC 2023 Regulation C\n|rated|\n|rule|Species Clause: Limit one of each Pok\u00e9mon\n|rule|Item Clause: Limit one of each item\n|clearpoke\n|poke|p1|Palafin, L50, M|\n|poke|p1|Flutter Mane, L50|\n|poke|p1|Arcanine, L50, F|\n|poke|p1|Amoonguss, L50, M|\n|poke|p1|Ting-Lu, L50|\n|poke|p1|Roaring Moon, L50|\n|poke|p2|Ting-Lu, L50|\n|poke|p2|Quaquaval, L50, F|\n|poke|p2|Iron Hands, L50|\n|poke|p2|Flutter Mane, L50|\n|poke|p2|Amoonguss, L50, M|\n|poke|p2|Grimmsnarl, L50, M|\n|teampreview|4\n|inactive|Battle timer is ON: inactive players will automatically lose when time's up. (requested by anshar_training)\nrsulli21 rejected open team sheets.\n|inactive|rsulli21 has 60 seconds left.\n|\n|t:|1682550740\n|start\n|switch|p1a: Susy|Amoonguss, L50, M|100\/100\n|switch|p1b: Benito|Roaring Moon, L50|100\/100\n|switch|p2a: Grimmsnarl|Grimmsnarl, L50, M|100\/100\n|switch|p2b: Iron Hands|Iron Hands, L50|100\/100\n|-enditem|p1b: Benito|Booster Energy\n|-activate|p1b: Benito|ability: Protosynthesis|[fromitem]\n|-start|p1b: Benito|protosynthesisatk\n|turn|1\n|inactive|anshar_training has 30 seconds left.\n|inactive|anshar_training has 20 seconds left.\n|\n|t:|1682550777\n|move|p2b: Iron Hands|Fake Out|p1b: Benito\n|-damage|p1b: Benito|84\/100\n|move|p2a: Grimmsnarl|Taunt|p1a: Susy\n|-start|p1a: Susy|move: Taunt\n|cant|p1b: Benito|flinch\n|cant|p1a: Susy|move: Taunt|Spore\n|\n|upkeep\n|turn|2\n|inactive|rsulli21 has 30 seconds left.\n|\n|t:|1682550802\n|switch|p1a: PlusUltra|Palafin, L50, M|100\/100\n|move|p2a: Grimmsnarl|Parting Shot|p1b: Benito\n|-hint|Since gen 7, Dark is immune to Prankster moves.\n|-immune|p1b: Benito\n|move|p1b: Benito|Dragon Dance|p1b: Benito\n|-boost|p1b: Benito|atk|1\n|-boost|p1b: Benito|spe|1\n|move|p2b: Iron Hands|Drain Punch|p1b: Benito\n|-supereffective|p1b: Benito\n|-damage|p1b: Benito|0 fnt\n|faint|p1b: Benito\n|-end|p1b: Benito|Protosynthesis|[silent]\n|\n|upkeep\n|\n|t:|1682550815\n|switch|p1b: Cornelia|Flutter Mane, L50|100\/100\n|turn|3\n|inactive|rsulli21 has 30 seconds left.\n|\n|t:|1682550845\n|-terastallize|p1a: PlusUltra|Water\n|move|p2a: Grimmsnarl|Light Screen|p2a: Grimmsnarl\n|-sidestart|p2: rsulli21|move: Light Screen\n|move|p1b: Cornelia|Dazzling Gleam|p2a: Grimmsnarl|[spread] p2a,p2b\n|-supereffective|p2a: Grimmsnarl\n|-supereffective|p2b: Iron Hands\n|-damage|p2a: Grimmsnarl|37\/100\n|-damage|p2b: Iron Hands|63\/100\n|move|p1a: PlusUltra|Wave Crash|p2a: Grimmsnarl\n|-damage|p2a: Grimmsnarl|0 fnt\n|faint|p2a: Grimmsnarl\n|-damage|p1a: PlusUltra|89\/100|[from] Recoil\n|move|p2b: Iron Hands|Volt Switch|p1b: Cornelia\n|-damage|p1b: Cornelia|87\/100\n|\n|t:|1682550859\n|-end|p2b: Iron Hands|Quark Drive|[silent]\n|switch|p2b: Ting-Lu|Ting-Lu, L50|100\/100|[from] Volt Switch\n|-ability|p2b: Ting-Lu|Vessel of Ruin\n|\n|upkeep\n|\n|t:|1682550864\n|switch|p2a: Iron Hands|Iron Hands, L50|63\/100\n|turn|4\n|inactive|rsulli21 has 30 seconds left.\n|\n|t:|1682550896\n|move|p1b: Cornelia|Dazzling Gleam|p2b: Ting-Lu|[spread] p2a,p2b\n|-supereffective|p2a: Iron Hands\n|-supereffective|p2b: Ting-Lu\n|-damage|p2a: Iron Hands|34\/100\n|-damage|p2b: Ting-Lu|69\/100\n|-enditem|p2b: Ting-Lu|Weakness Policy\n|-boost|p2b: Ting-Lu|atk|2|[from] item: Weakness Policy\n|-boost|p2b: Ting-Lu|spa|2|[from] item: Weakness Policy\n|move|p1a: PlusUltra|Wave Crash|p2b: Ting-Lu\n|-supereffective|p2b: Ting-Lu\n|-damage|p2b: Ting-Lu|0 fnt\n|faint|p2b: Ting-Lu\n|-damage|p1a: PlusUltra|61\/100|[from] Recoil\n|move|p2a: Iron Hands|Drain Punch|p1a: PlusUltra\n|-damage|p1a: PlusUltra|7\/100\n|-heal|p2a: Iron Hands|55\/100|[from] drain|[of] p1a: PlusUltra\n|\n|upkeep\n|\n|t:|1682550900\n|switch|p2b: Quaquaval|Quaquaval, L50, F|100\/100\n|turn|5\n|\n|t:|1682550919\n|detailschange|p1a: PlusUltra|Palafin-Hero, L50, M, tera:Water\n|switch|p1a: Susy|Amoonguss, L50, M|100\/100\n|-terastallize|p2b: Quaquaval|Steel\n|move|p2b: Quaquaval|Aqua Jet|p1a: Susy\n|-resisted|p1a: Susy\n|-damage|p1a: Susy|90\/100\n|move|p1b: Cornelia|Dazzling Gleam|p2b: Quaquaval|[spread] p2a,p2b\n|-supereffective|p2a: Iron Hands\n|-resisted|p2b: Quaquaval\n|-damage|p2a: Iron Hands|20\/100\n|-damage|p2b: Quaquaval|83\/100\n|move|p2a: Iron Hands|Drain Punch|p1a: Susy\n|-resisted|p1a: Susy\n|-damage|p1a: Susy|73\/100\n|-heal|p2a: Iron Hands|27\/100|[from] drain|[of] p1a: Susy\n|\n|upkeep\n|turn|6\n|-message|rsulli21 forfeited.\n|\n|win|anshar_training\n|raw|anshar_training's rating: 1031 → 1070<\/strong> (+39 for winning)\n|raw|rsulli21's rating: 1069 → 1046<\/strong> (-23 for losing)\n|l|\u2606rsulli21\n","uploadtime":1682550950,"views":15,"p1id":"anshartraining","p2id":"rsulli21","formatid":"gen9vgc2023regulationc","rating":1046,"private":0,"password":""}