{"id":"gen9vgc2023regulationc-1844818837","p1":"DTimper","p2":"Rockie V","format":"[Gen 9] VGC 2023 Regulation C","log":"|j|\u2606DTimper\n|j|\u2606Rockie V\n|t:|1681652320\n|gametype|doubles\n|player|p1|DTimper|101|1083\n|player|p2|Rockie V|dawn-gen4pt|1128\n|teamsize|p1|6\n|teamsize|p2|6\n|gen|9\n|tier|[Gen 9] VGC 2023 Regulation C\n|rated|\n|rule|Species Clause: Limit one of each Pok\u00e9mon\n|rule|Item Clause: Limit one of each item\n|clearpoke\n|poke|p1|Murkrow, L50, F|\n|poke|p1|Chi-Yu, L50|\n|poke|p1|Flutter Mane, L50|\n|poke|p1|Arcanine, L50, F|\n|poke|p1|Great Tusk, L50|\n|poke|p1|Iron Bundle, L50|\n|poke|p2|Palafin, L50, F|\n|poke|p2|Orthworm, L50, M|\n|poke|p2|Flutter Mane, L50|\n|poke|p2|Baxcalibur, L50, M|\n|poke|p2|Amoonguss, L50, F|\n|poke|p2|Arcanine, L50, F|\n|teampreview|4\n|inactive|Battle timer is ON: inactive players will automatically lose when time's up. (requested by Rockie V)\n|inactive|DTimper has 60 seconds left.\n|\n|t:|1681652454\n|start\n|switch|p1a: pajaro|Murkrow, L50, F, shiny|100\/100\n|switch|p1b: pez|Chi-Yu, L50|100\/100\n|switch|p2a: Flutter Mane|Flutter Mane, L50|100\/100\n|switch|p2b: Palafin|Palafin, L50, F|100\/100\n|-ability|p1b: pez|Beads of Ruin\n|turn|1\n|inactive|Rockie V has 30 seconds left.\n|\n|t:|1681652484\n|move|p2b: Palafin|Protect|p2b: Palafin\n|-singleturn|p2b: Palafin|Protect\n|move|p1b: pez|Protect|p1b: pez\n|-singleturn|p1b: pez|Protect\n|move|p1a: pajaro|Sunny Day|p1a: pajaro\n|-weather|SunnyDay\n|-activate|p2a: Flutter Mane|ability: Protosynthesis\n|-start|p2a: Flutter Mane|protosynthesisspe\n|move|p2a: Flutter Mane|Dazzling Gleam|p1a: pajaro|[spread] p1a\n|-activate|p1b: pez|move: Protect\n|-supereffective|p1a: pajaro\n|-enditem|p1a: pajaro|Focus Sash\n|-damage|p1a: pajaro|1\/100\n|\n|-weather|SunnyDay|[upkeep]\n|upkeep\n|turn|2\n|inactive|DTimper has 30 seconds left.\n|inactive|Rockie V has 30 seconds left.\n|\n|t:|1681652511\n|-terastallize|p1b: pez|Fire\n|move|p2b: Palafin|Jet Punch|p1b: pez\n|-supereffective|p1b: pez\n|-damage|p1b: pez|62\/100\n|move|p1a: pajaro|Tailwind|p1a: pajaro\n|-sidestart|p1: DTimper|move: Tailwind\n|move|p2a: Flutter Mane|Dazzling Gleam|p1a: pajaro|[spread] p1a,p1b\n|-supereffective|p1a: pajaro\n|-resisted|p1b: pez\n|-damage|p1a: pajaro|0 fnt\n|-damage|p1b: pez|44\/100\n|faint|p1a: pajaro\n|move|p1b: pez|Heat Wave|p2b: Palafin|[spread] p2a\n|-miss|p1b: pez|p2b: Palafin\n|-enditem|p2a: Flutter Mane|Focus Sash\n|-damage|p2a: Flutter Mane|1\/100\n|-damage|p1b: pez|34\/100|[from] item: Life Orb\n|\n|-weather|SunnyDay|[upkeep]\n|upkeep\n|\n|t:|1681652527\n|switch|p1a: mamut|Great Tusk, L50|100\/100\n|-activate|p1a: mamut|ability: Protosynthesis\n|-start|p1a: mamut|protosynthesisatk\n|turn|3\n|\n|t:|1681652545\n|-terastallize|p2b: Palafin|Water\n|move|p1b: pez|Protect|p1b: pez\n|-singleturn|p1b: pez|Protect\n|move|p2b: Palafin|Jet Punch|p1a: mamut\n|-supereffective|p1a: mamut\n|-damage|p1a: mamut|78\/100\n|move|p1a: mamut|Earthquake|p2b: Palafin|[spread] p2a,p2b\n|-activate|p1b: pez|move: Protect\n|-damage|p2a: Flutter Mane|0 fnt\n|-damage|p2b: Palafin|38\/100\n|faint|p2a: Flutter Mane\n|-end|p2a: Flutter Mane|Protosynthesis|[silent]\n|\n|-weather|SunnyDay|[upkeep]\n|upkeep\n|\n|t:|1681652561\n|switch|p2a: Baxcalibur|Baxcalibur, L50, M|100\/100\n|turn|4\n|\n|t:|1681652580\n|-end|p1a: mamut|Protosynthesis|[silent]\n|switch|p1a: fantasma|Flutter Mane, L50|100\/100\n|-activate|p1a: fantasma|ability: Protosynthesis\n|-start|p1a: fantasma|protosynthesisspa\n|detailschange|p2b: Palafin|Palafin-Hero, L50, F, tera:Water\n|switch|p2b: Amoonguss|Amoonguss, L50, F|100\/100\n|move|p2a: Baxcalibur|Ice Shard|p1a: fantasma\n|-damage|p1a: fantasma|66\/100\n|move|p1b: pez|Overheat|p2b: Amoonguss\n|-supereffective|p2b: Amoonguss\n|-damage|p2b: Amoonguss|0 fnt\n|-unboost|p1b: pez|spa|2\n|faint|p2b: Amoonguss\n|-damage|p1b: pez|24\/100|[from] item: Life Orb\n|\n|-weather|SunnyDay|[upkeep]\n|upkeep\n|\n|t:|1681652595\n|switch|p2b: Palafin|Palafin-Hero, L50, F, tera:Water|38\/100\n|-activate|p2b: Palafin|ability: Zero to Hero\n|turn|5\n|\n|t:|1681652611\n|move|p2b: Palafin|Jet Punch|p1a: fantasma\n|-damage|p1a: fantasma|20\/100\n|move|p2a: Baxcalibur|Ice Shard|p1a: fantasma\n|-damage|p1a: fantasma|0 fnt\n|faint|p1a: fantasma\n|-end|p1a: fantasma|Protosynthesis|[silent]\n|move|p1b: pez|Overheat|p2a: Baxcalibur\n|-damage|p2a: Baxcalibur|0 fnt\n|-unboost|p1b: pez|spa|2\n|faint|p2a: Baxcalibur\n|-damage|p1b: pez|14\/100|[from] item: Life Orb\n|\n|-weather|none\n|-sideend|p1: DTimper|move: Tailwind\n|upkeep\n|\n|t:|1681652623\n|switch|p1a: mamut|Great Tusk, L50|78\/100\n|turn|6\n|\n|t:|1681652634\n|move|p1a: mamut|Close Combat|p2b: Palafin\n|-damage|p2b: Palafin|0 fnt\n|-unboost|p1a: mamut|def|1\n|-unboost|p1a: mamut|spd|1\n|faint|p2b: Palafin\n|\n|win|DTimper\n|raw|DTimper's rating: 1083 → 1114<\/strong> (+31 for winning)\n|raw|Rockie V's rating: 1128 → 1100<\/strong> (-28 for losing)\n","uploadtime":1681652654,"views":9,"p1id":"dtimper","p2id":"rockiev","formatid":"gen9vgc2023regulationc","rating":1100,"private":0,"password":""}