{"id":"gen9vgc2023regulationc-1861458931","p1":"surfacestone2","p2":"Caelthefruit","format":"[Gen 9] VGC 2023 Regulation C","log":"|j|\u2606surfacestone2\n|j|\u2606Caelthefruit\n|t:|1683760411\n|gametype|doubles\n|player|p1|surfacestone2|wallace|1068\n|player|p2|Caelthefruit|red|1027\n|teamsize|p1|6\n|teamsize|p2|6\n|gen|9\n|tier|[Gen 9] VGC 2023 Regulation C\n|rated|\n|rule|Species Clause: Limit one of each Pok\u00e9mon\n|rule|Item Clause: Limit one of each item\n|clearpoke\n|poke|p1|Pelipper, L50, M|\n|poke|p1|Raichu, L50, M|\n|poke|p1|Golduck, L50, F|\n|poke|p1|Volcarona, L50, M|\n|poke|p1|Iron Treads, L50|\n|poke|p1|Iron Jugulis, L50|\n|poke|p2|Crabominable, L50, F|\n|poke|p2|Honchkrow, L50, M|\n|poke|p2|Amoonguss, L50, M|\n|poke|p2|Flamigo, L50, F|\n|poke|p2|Iron Hands, L50|\n|poke|p2|Grimmsnarl, L50, M|\n|teampreview|4\n|\n|t:|1683760430\n|start\n|switch|p1a: Pelipper|Pelipper, L50, M|100\/100\n|switch|p1b: Golduck|Golduck, L50, F|100\/100\n|switch|p2a: Iron Hands|Iron Hands, L50|100\/100\n|switch|p2b: Amoonguss|Amoonguss, L50, M, shiny|100\/100\n|-weather|RainDance|[from] ability: Drizzle|[of] p1a: Pelipper\n|-enditem|p2a: Iron Hands|Booster Energy\n|-activate|p2a: Iron Hands|ability: Quark Drive|[fromitem]\n|-start|p2a: Iron Hands|quarkdriveatk\n|turn|1\n|\n|t:|1683760451\n|switch|p1a: Raichu|Raichu, L50, M|100\/100\n|move|p2b: Amoonguss|Rage Powder|p2b: Amoonguss\n|-singleturn|p2b: Amoonguss|move: Rage Powder\n|move|p1b: Golduck|Hypnosis|p2b: Amoonguss\n|-status|p2b: Amoonguss|slp|[from] move: Hypnosis\n|move|p2a: Iron Hands|Swords Dance|p2a: Iron Hands\n|-boost|p2a: Iron Hands|atk|2\n|\n|-weather|RainDance|[upkeep]\n|upkeep\n|turn|2\n|\n|t:|1683760476\n|-terastallize|p2a: Iron Hands|Fighting\n|move|p1b: Golduck|Encore|p2a: Iron Hands\n|-start|p2a: Iron Hands|Encore\n|move|p1a: Raichu|Electric Terrain|p1a: Raichu\n|-fieldstart|move: Electric Terrain\n|move|p2a: Iron Hands|Swords Dance|p2a: Iron Hands\n|-boost|p2a: Iron Hands|atk|2\n|cant|p2b: Amoonguss|slp\n|\n|-weather|RainDance|[upkeep]\n|upkeep\n|turn|3\n|\n|t:|1683760516\n|switch|p1a: Volcarona|Volcarona, L50, M|100\/100\n|move|p1b: Golduck|Icy Wind|p2a: Iron Hands|[spread] p2a,p2b\n|-supereffective|p2b: Amoonguss\n|-damage|p2a: Iron Hands|91\/100\n|-damage|p2b: Amoonguss|87\/100 slp\n|-unboost|p2a: Iron Hands|spe|1\n|-unboost|p2b: Amoonguss|spe|1\n|move|p2a: Iron Hands|Swords Dance|p2a: Iron Hands\n|-boost|p2a: Iron Hands|atk|2\n|cant|p2b: Amoonguss|slp\n|\n|-weather|RainDance|[upkeep]\n|-heal|p2b: Amoonguss|93\/100 slp|[from] item: Leftovers\n|upkeep\n|turn|4\n|\n|t:|1683760536\n|switch|p2b: Flamigo|Flamigo, L50, F, shiny|100\/100\n|-copyboost|p2b: Flamigo|p2a: Iron Hands|[from] ability: Costar\n|move|p1b: Golduck|Clear Smog|p2a: Iron Hands\n|-damage|p2a: Iron Hands|81\/100\n|-clearboost|p2a: Iron Hands\n|move|p1a: Volcarona|Quiver Dance|p1a: Volcarona\n|-boost|p1a: Volcarona|spa|1\n|-boost|p1a: Volcarona|spd|1\n|-boost|p1a: Volcarona|spe|1\n|move|p2a: Iron Hands|Swords Dance|p2a: Iron Hands\n|-boost|p2a: Iron Hands|atk|2\n|\n|-weather|RainDance|[upkeep]\n|-end|p2a: Iron Hands|Encore\n|upkeep\n|turn|5\n|\n|t:|1683760562\n|move|p1b: Golduck|Clear Smog|p2b: Flamigo\n|-crit|p2b: Flamigo\n|-damage|p2b: Flamigo|79\/100\n|-clearboost|p2b: Flamigo\n|move|p1a: Volcarona|Hurricane|p2a: Iron Hands\n|-supereffective|p2a: Iron Hands\n|-damage|p2a: Iron Hands|0 fnt\n|faint|p2a: Iron Hands\n|-end|p2a: Iron Hands|Quark Drive|[silent]\n|move|p2b: Flamigo|Acrobatics|p1a: Volcarona\n|-supereffective|p1a: Volcarona\n|-damage|p1a: Volcarona|0 fnt\n|faint|p1a: Volcarona\n|\n|-weather|RainDance|[upkeep]\n|upkeep\n|\n|t:|1683760579\n|switch|p1a: Raichu|Raichu, L50, M|100\/100\n|switch|p2a: Grimmsnarl|Grimmsnarl, L50, M, shiny|100\/100\n|turn|6\n|\n|t:|1683760606\n|move|p1a: Raichu|Fake Out|p2a: Grimmsnarl\n|-damage|p2a: Grimmsnarl|90\/100\n|cant|p2a: Grimmsnarl|flinch\n|move|p1b: Golduck|Icy Wind|p2b: Flamigo|[spread] p2a,p2b\n|-supereffective|p2b: Flamigo\n|-damage|p2a: Grimmsnarl|79\/100\n|-damage|p2b: Flamigo|52\/100\n|-unboost|p2a: Grimmsnarl|spe|1\n|-unboost|p2b: Flamigo|spe|1\n|move|p2b: Flamigo|Close Combat|p1a: Raichu\n|-damage|p1a: Raichu|12\/100\n|-unboost|p2b: Flamigo|def|1\n|-unboost|p2b: Flamigo|spd|1\n|\n|-weather|RainDance|[upkeep]\n|-heal|p1a: Raichu|18\/100|[from] item: Leftovers\n|-fieldend|move: Electric Terrain\n|upkeep\n|turn|7\n|\n|t:|1683760645\n|move|p1b: Golduck|Encore||[still]\n|-fail|p1b: Golduck\n|move|p1a: Raichu|Thunder|p2b: Flamigo\n|-supereffective|p2b: Flamigo\n|-damage|p2b: Flamigo|0 fnt\n|faint|p2b: Flamigo\n|move|p2a: Grimmsnarl|Spirit Break|p1a: Raichu\n|-damage|p1a: Raichu|0 fnt\n|faint|p1a: Raichu\n|\n|-weather|RainDance|[upkeep]\n|upkeep\n|\n|t:|1683760657\n|switch|p1a: Pelipper|Pelipper, L50, M|100\/100\n|switch|p2b: Amoonguss|Amoonguss, L50, M, shiny|93\/100 slp\n|turn|8\n|\n|t:|1683760669\n|move|p1b: Golduck|Hypnosis|p2a: Grimmsnarl\n|-status|p2a: Grimmsnarl|slp|[from] move: Hypnosis\n|move|p1a: Pelipper|Hurricane|p2b: Amoonguss\n|-supereffective|p2b: Amoonguss\n|-damage|p2b: Amoonguss|38\/100 slp\n|cant|p2a: Grimmsnarl|slp\n|-curestatus|p2b: Amoonguss|slp|[msg]\n|move|p2b: Amoonguss|Spore|p1a: Pelipper\n|-status|p1a: Pelipper|slp|[from] move: Spore\n|\n|-weather|none\n|-heal|p2b: Amoonguss|43\/100|[from] item: Leftovers\n|upkeep\n|turn|9\n|\n|t:|1683760707\n|cant|p2a: Grimmsnarl|slp\n|move|p1b: Golduck|Hypnosis|p2b: Amoonguss\n|-status|p2b: Amoonguss|slp|[from] move: Hypnosis\n|cant|p1a: Pelipper|slp\n|cant|p2b: Amoonguss|slp\n|\n|-heal|p2b: Amoonguss|49\/100 slp|[from] item: Leftovers\n|upkeep\n|turn|10\n|\n|t:|1683760721\n|-terastallize|p1b: Golduck|Ice\n|-curestatus|p2a: Grimmsnarl|slp|[msg]\n|move|p2a: Grimmsnarl|Taunt|p1b: Golduck\n|-start|p1b: Golduck|move: Taunt\n|move|p1b: Golduck|Icy Wind|p2a: Grimmsnarl|[spread] p2a,p2b\n|-supereffective|p2b: Amoonguss\n|-damage|p2a: Grimmsnarl|62\/100\n|-damage|p2b: Amoonguss|25\/100 slp\n|-unboost|p2a: Grimmsnarl|spe|1\n|-unboost|p2b: Amoonguss|spe|1\n|cant|p1a: Pelipper|slp\n|-curestatus|p2b: Amoonguss|slp|[msg]\n|move|p2b: Amoonguss|Spore|p1b: Golduck\n|-status|p1b: Golduck|slp|[from] move: Spore\n|\n|-heal|p2b: Amoonguss|31\/100|[from] item: Leftovers\n|upkeep\n|turn|11\n|\n|t:|1683760744\n|cant|p1b: Golduck|slp\n|-curestatus|p1a: Pelipper|slp|[msg]\n|move|p1a: Pelipper|Hurricane|p2b: Amoonguss|[miss]\n|-miss|p1a: Pelipper|p2b: Amoonguss\n|move|p2a: Grimmsnarl|Spirit Break|p1a: Pelipper\n|-damage|p1a: Pelipper|77\/100\n|-unboost|p1a: Pelipper|spa|1\n|move|p2b: Amoonguss|Spore|p1a: Pelipper\n|-status|p1a: Pelipper|slp|[from] move: Spore\n|\n|-heal|p2b: Amoonguss|37\/100|[from] item: Leftovers\n|upkeep\n|turn|12\n|\n|t:|1683760765\n|-curestatus|p1b: Golduck|slp|[msg]\n|move|p1b: Golduck|Icy Wind|p2a: Grimmsnarl|[spread] p2a,p2b\n|-supereffective|p2b: Amoonguss\n|-damage|p2a: Grimmsnarl|46\/100\n|-damage|p2b: Amoonguss|12\/100\n|-unboost|p2a: Grimmsnarl|spe|1\n|-unboost|p2b: Amoonguss|spe|1\n|cant|p1a: Pelipper|slp\n|move|p2a: Grimmsnarl|Spirit Break|p1a: Pelipper\n|-crit|p1a: Pelipper\n|-damage|p1a: Pelipper|41\/100 slp\n|-unboost|p1a: Pelipper|spa|1\n|move|p2b: Amoonguss|Spore|p1b: Golduck\n|-status|p1b: Golduck|slp|[from] move: Spore\n|\n|-heal|p2b: Amoonguss|18\/100|[from] item: Leftovers\n|-end|p1b: Golduck|move: Taunt\n|upkeep\n|turn|13\n|\n|t:|1683760794\n|cant|p1b: Golduck|slp\n|-curestatus|p1a: Pelipper|slp|[msg]\n|move|p1a: Pelipper|Hurricane|p2a: Grimmsnarl\n|-damage|p2a: Grimmsnarl|24\/100\n|move|p2a: Grimmsnarl|Spirit Break|p1b: Golduck\n|-damage|p1b: Golduck|65\/100 slp\n|-unboost|p1b: Golduck|spa|1\n|move|p2b: Amoonguss|Spore|p1a: Pelipper\n|-status|p1a: Pelipper|slp|[from] move: Spore\n|\n|-heal|p2b: Amoonguss|24\/100|[from] item: Leftovers\n|upkeep\n|turn|14\n|\n|t:|1683760819\n|cant|p1a: Pelipper|slp\n|-curestatus|p1b: Golduck|slp|[msg]\n|move|p1b: Golduck|Icy Wind|p2b: Amoonguss|[spread] p2a,p2b\n|-supereffective|p2b: Amoonguss\n|-damage|p2a: Grimmsnarl|13\/100\n|-damage|p2b: Amoonguss|8\/100\n|-unboost|p2a: Grimmsnarl|spe|1\n|-unboost|p2b: Amoonguss|spe|1\n|move|p2a: Grimmsnarl|Spirit Break|p1a: Pelipper\n|-damage|p1a: Pelipper|17\/100 slp\n|-unboost|p1a: Pelipper|spa|1\n|move|p2b: Amoonguss|Spore|p1b: Golduck\n|-status|p1b: Golduck|slp|[from] move: Spore\n|\n|-heal|p2b: Amoonguss|14\/100|[from] item: Leftovers\n|upkeep\n|turn|15\n|\n|t:|1683760853\n|cant|p1b: Golduck|slp\n|cant|p1a: Pelipper|slp\n|move|p2a: Grimmsnarl|Spirit Break|p1a: Pelipper\n|-damage|p1a: Pelipper|0 fnt\n|faint|p1a: Pelipper\n|move|p2b: Amoonguss|Spore|p1b: Golduck\n|-fail|p1b: Golduck|slp\n|\n|-heal|p2b: Amoonguss|20\/100|[from] item: Leftovers\n|upkeep\n|turn|16\n|\n|t:|1683760874\n|move|p2b: Amoonguss|Rage Powder|p2b: Amoonguss\n|-singleturn|p2b: Amoonguss|move: Rage Powder\n|cant|p1b: Golduck|slp\n|move|p2a: Grimmsnarl|Spirit Break|p1b: Golduck\n|-damage|p1b: Golduck|29\/100 slp\n|-unboost|p1b: Golduck|spa|1\n|\n|-heal|p2b: Amoonguss|25\/100|[from] item: Leftovers\n|upkeep\n|turn|17\n|\n|t:|1683760887\n|move|p2b: Amoonguss|Rage Powder|p2b: Amoonguss\n|-singleturn|p2b: Amoonguss|move: Rage Powder\n|-curestatus|p1b: Golduck|slp|[msg]\n|move|p1b: Golduck|Icy Wind|p2a: Grimmsnarl|[spread] p2a,p2b\n|-supereffective|p2b: Amoonguss\n|-damage|p2a: Grimmsnarl|4\/100\n|-damage|p2b: Amoonguss|12\/100\n|-unboost|p2a: Grimmsnarl|spe|1\n|-unboost|p2b: Amoonguss|spe|1\n|move|p2a: Grimmsnarl|Spirit Break|p1b: Golduck\n|-damage|p1b: Golduck|0 fnt\n|faint|p1b: Golduck\n|\n|win|Caelthefruit\n|raw|surfacestone2's rating: 1068 → 1045<\/strong> (-23 for losing)\n|raw|Caelthefruit's rating: 1027 → 1067<\/strong> (+40 for winning)\n|c|\u2606surfacestone2|gg\n|l|\u2606surfacestone2\n","uploadtime":1683761172,"views":7,"p1id":"surfacestone2","p2id":"caelthefruit","formatid":"gen9vgc2023regulationc","rating":1045,"private":0,"password":""}