{"id":"gen9vgc2023regulationc-1845199516","p1":"bravadomercenary","p2":"Ambicrow","format":"[Gen 9] VGC 2023 Regulation C","log":"|j|\u2606bravadomercenary\n|j|\u2606Ambicrow\n|t:|1681695477\n|gametype|doubles\n|player|p1|bravadomercenary|2|1192\n|player|p2|Ambicrow|169|1214\n|teamsize|p1|6\n|teamsize|p2|6\n|gen|9\n|tier|[Gen 9] VGC 2023 Regulation C\n|rated|\n|rule|Species Clause: Limit one of each Pok\u00e9mon\n|rule|Item Clause: Limit one of each item\n|clearpoke\n|poke|p1|Rabsca, L50, F|\n|poke|p1|Palafin, L50, F|\n|poke|p1|Flutter Mane, L50|\n|poke|p1|Chi-Yu, L50|\n|poke|p1|Maushold, L50|\n|poke|p1|Annihilape, L50, F|\n|poke|p2|Slowbro, L50, M|\n|poke|p2|Indeedee-F, L50, F|\n|poke|p2|Houndoom, L50, F|\n|poke|p2|Brute Bonnet, L50|\n|poke|p2|Iron Hands, L50|\n|poke|p2|Flutter Mane, L50|\n|teampreview|4\n|inactive|Battle timer is ON: inactive players will automatically lose when time's up. (requested by bravadomercenary)\n|inactive|bravadomercenary has 60 seconds left.\n|inactive|Ambicrow has 60 seconds left.\n|\n|t:|1681695512\n|start\n|switch|p1a: Palafin|Palafin, L50, F|100\/100\n|switch|p1b: Flutter Mane|Flutter Mane, L50|100\/100\n|switch|p2a: Brute Bonnet|Brute Bonnet, L50|100\/100\n|switch|p2b: Slowbro|Slowbro, L50, M|100\/100\n|turn|1\n|\n|t:|1681695528\n|detailschange|p1a: Palafin|Palafin-Hero, L50, F\n|switch|p1a: Chi-Yu|Chi-Yu, L50|100\/100\n|-ability|p1a: Chi-Yu|Beads of Ruin\n|move|p1b: Flutter Mane|Shadow Ball|p2b: Slowbro\n|-supereffective|p2b: Slowbro\n|-damage|p2b: Slowbro|0 fnt\n|faint|p2b: Slowbro\n|move|p2a: Brute Bonnet|Bullet Seed|p1b: Flutter Mane\n|-damage|p1b: Flutter Mane|70\/100\n|-damage|p1b: Flutter Mane|38\/100\n|-damage|p1b: Flutter Mane|8\/100\n|-damage|p1b: Flutter Mane|0 fnt\n|faint|p1b: Flutter Mane\n|-end|p1b: Flutter Mane|Protosynthesis|[silent]\n|-hitcount|p1: Flutter Mane|4\n|\n|upkeep\n|\n|t:|1681695544\n|switch|p1b: Palafin|Palafin-Hero, L50, F|100\/100\n|switch|p2b: Indeedee|Indeedee-F, L50, F|100\/100\n|-activate|p1b: Palafin|ability: Zero to Hero\n|-fieldstart|move: Psychic Terrain|[from] ability: Psychic Surge|[of] p2b: Indeedee\n|-enditem|p2b: Indeedee|Psychic Seed\n|-boost|p2b: Indeedee|spd|1|[from] item: Psychic Seed\n|turn|2\n|inactive|Ambicrow has 30 seconds left.\n|inactive|Ambicrow has 20 seconds left.\n|inactive|Ambicrow has 15 seconds left.\n|inactive|Ambicrow has 10 seconds left.\n|\n|t:|1681695593\n|-terastallize|p1b: Palafin|Water\n|move|p2b: Indeedee|Follow Me|p2b: Indeedee\n|-singleturn|p2b: Indeedee|move: Follow Me\n|move|p1a: Chi-Yu|Overheat|p2b: Indeedee\n|-damage|p2b: Indeedee|40\/100\n|-unboost|p1a: Chi-Yu|spa|2\n|move|p1b: Palafin|Wave Crash|p2b: Indeedee\n|-damage|p2b: Indeedee|0 fnt\n|faint|p2b: Indeedee\n|-damage|p1b: Palafin|88\/100|[from] Recoil\n|move|p2a: Brute Bonnet|Close Combat|p1a: Chi-Yu\n|-supereffective|p1a: Chi-Yu\n|-damage|p1a: Chi-Yu|0 fnt\n|-unboost|p2a: Brute Bonnet|def|1\n|-unboost|p2a: Brute Bonnet|spd|1\n|faint|p1a: Chi-Yu\n|\n|upkeep\n|\n|t:|1681695608\n|switch|p1a: Rabsca|Rabsca, L50, F|100\/100\n|switch|p2b: Flutter Mane|Flutter Mane, L50|100\/100\n|turn|3\n|\n|t:|1681695622\n|move|p2b: Flutter Mane|Shadow Ball|p1a: Rabsca\n|-supereffective|p1a: Rabsca\n|-damage|p1a: Rabsca|33\/100\n|-unboost|p1a: Rabsca|spd|1\n|move|p1b: Palafin|Drain Punch|p2a: Brute Bonnet\n|-supereffective|p2a: Brute Bonnet\n|-damage|p2a: Brute Bonnet|12\/100\n|-heal|p1b: Palafin|100\/100|[from] drain|[of] p2a: Brute Bonnet\n|move|p1a: Rabsca|Revival Blessing|p1a: Rabsca\n|-enditem|p1a: Rabsca|Leppa Berry|[eat]\n|-activate|p1a: Rabsca|item: Leppa Berry|Revival Blessing|[consumed]\n|\n|t:|1681695637\n|-heal|p1: Chi-Yu|50\/100|[from] move: Revival Blessing\n|move|p2a: Brute Bonnet|Bullet Seed|p1b: Palafin\n|-supereffective|p1b: Palafin\n|-damage|p1b: Palafin|71\/100\n|-supereffective|p1b: Palafin\n|-damage|p1b: Palafin|42\/100\n|-supereffective|p1b: Palafin\n|-damage|p1b: Palafin|13\/100\n|-supereffective|p1b: Palafin\n|-damage|p1b: Palafin|0 fnt\n|faint|p1b: Palafin\n|-hitcount|p1: Palafin|4\n|\n|upkeep\n|\n|t:|1681695641\n|switch|p1b: Chi-Yu|Chi-Yu, L50|50\/100\n|-ability|p1b: Chi-Yu|Beads of Ruin\n|turn|4\n|\n|t:|1681695663\n|move|p2a: Brute Bonnet|Sucker Punch|p1b: Chi-Yu\n|-activate|p1b: Chi-Yu|move: Psychic Terrain\n|move|p1b: Chi-Yu|Heat Wave|p2a: Brute Bonnet|[spread] p2a,p2b\n|-supereffective|p2a: Brute Bonnet\n|-damage|p2a: Brute Bonnet|0 fnt\n|-damage|p2b: Flutter Mane|50\/100\n|-status|p2b: Flutter Mane|brn\n|faint|p2a: Brute Bonnet\n|-end|p2a: Brute Bonnet|Protosynthesis|[silent]\n|move|p2b: Flutter Mane|Shadow Ball|p1a: Rabsca\n|-supereffective|p1a: Rabsca\n|-damage|p1a: Rabsca|0 fnt\n|faint|p1a: Rabsca\n|\n|-heal|p2b: Flutter Mane|56\/100 brn|[from] item: Leftovers\n|-damage|p2b: Flutter Mane|50\/100 brn|[from] brn\n|upkeep\n|turn|5\n|\n|t:|1681695683\n|move|p1b: Chi-Yu|Heat Wave|p2b: Flutter Mane\n|-damage|p2b: Flutter Mane|0 fnt\n|faint|p2b: Flutter Mane\n|-end|p2b: Flutter Mane|Protosynthesis|[silent]\n|\n|win|bravadomercenary\n|raw|bravadomercenary's rating: 1192 → 1219<\/strong> (+27 for winning)\n|raw|Ambicrow's rating: 1214 → 1187<\/strong> (-27 for losing)\n|l|\u2606Ambicrow\n","uploadtime":1681695689,"views":14,"p1id":"bravadomercenary","p2id":"ambicrow","formatid":"gen9vgc2023regulationc","rating":1187,"private":0,"password":""}