{"id":"gen9vgc2023regulationc-1854234432","p1":"Kirozvz","p2":"vrumvrumnatal","format":"[Gen 9] VGC 2023 Regulation C","log":"|j|\u2606Kirozvz\n|j|\u2606vrumvrumnatal\n|t:|1682786775\n|gametype|doubles\n|player|p1|Kirozvz|lance|1197\n|player|p2|vrumvrumnatal|170|1170\n|teamsize|p1|6\n|teamsize|p2|6\n|gen|9\n|tier|[Gen 9] VGC 2023 Regulation C\n|rated|\n|rule|Species Clause: Limit one of each Pok\u00e9mon\n|rule|Item Clause: Limit one of each item\n|clearpoke\n|poke|p1|Dondozo, L50, F|\n|poke|p1|Tatsugiri-Stretchy, L50, M|\n|poke|p1|Chi-Yu, L50|\n|poke|p1|Flutter Mane, L50|\n|poke|p1|Dragonite, L50, M|\n|poke|p1|Glimmora, L50, M|\n|poke|p2|Orthworm, L50, M|\n|poke|p2|Dragonite, L50, F|\n|poke|p2|Ting-Lu, L50|\n|poke|p2|Gyarados, L50, F|\n|poke|p2|Flutter Mane, L50|\n|poke|p2|Chien-Pao, L50|\n|teampreview|4\n|inactive|Battle timer is ON: inactive players will automatically lose when time's up. (requested by vrumvrumnatal)\n|inactive|vrumvrumnatal has 60 seconds left.\n|\n|t:|1682786876\n|start\n|switch|p1a: Glimmora|Glimmora, L50, M|100\/100\n|switch|p1b: Tatsugiri|Tatsugiri-Stretchy, L50, M|100\/100\n|switch|p2a: Gyarados|Gyarados, L50, F|100\/100\n|switch|p2b: Ting-Lu|Ting-Lu, L50|100\/100\n|-ability|p2a: Gyarados|Intimidate|boost\n|-unboost|p1a: Glimmora|atk|1\n|-unboost|p1b: Tatsugiri|atk|1\n|-ability|p2b: Ting-Lu|Vessel of Ruin\n|turn|1\n|\n|t:|1682786892\n|move|p1a: Glimmora|Toxic|p2b: Ting-Lu\n|-status|p2b: Ting-Lu|tox\n|move|p2a: Gyarados|Thunder Wave|p1a: Glimmora\n|-status|p1a: Glimmora|par\n|move|p1b: Tatsugiri|Muddy Water|p2b: Ting-Lu|[spread] p2a\n|-miss|p1b: Tatsugiri|p2b: Ting-Lu\n|-resisted|p2a: Gyarados\n|-damage|p2a: Gyarados|84\/100\n|move|p2b: Ting-Lu|Earthquake|p1a: Glimmora|[spread] p1a,p1b\n|-immune|p2a: Gyarados\n|-supereffective|p1a: Glimmora\n|-enditem|p1a: Glimmora|Focus Sash\n|-damage|p1a: Glimmora|1\/100 par\n|-damage|p1b: Tatsugiri|25\/100\n|-activate|p1a: Glimmora|ability: Toxic Debris\n|-sidestart|p2: vrumvrumnatal|move: Toxic Spikes\n|\n|-damage|p2b: Ting-Lu|94\/100 tox|[from] psn\n|upkeep\n|turn|2\n|inactive|vrumvrumnatal has 30 seconds left.\n|inactive|vrumvrumnatal has 20 seconds left.\n|inactive|vrumvrumnatal has 15 seconds left.\n|inactive|vrumvrumnatal has 10 seconds left.\n|\n|t:|1682786937\n|switch|p1b: Dondozo|Dondozo, L50, F|100\/100\n|move|p1a: Glimmora|Spiky Shield|p1a: Glimmora\n|-singleturn|p1a: Glimmora|move: Protect\n|move|p2a: Gyarados|Waterfall|p1b: Dondozo\n|-resisted|p1b: Dondozo\n|-damage|p1b: Dondozo|89\/100\n|move|p2b: Ting-Lu|Earthquake|p1b: Dondozo|[spread] p1b\n|-activate|p1a: Glimmora|move: Protect\n|-immune|p2a: Gyarados\n|-damage|p1b: Dondozo|57\/100\n|\n|-damage|p2b: Ting-Lu|82\/100 tox|[from] psn\n|upkeep\n|turn|3\n|inactive|Kirozvz has 30 seconds left.\n|\n|t:|1682786962\n|switch|p2b: Chien-Pao|Chien-Pao, L50|100\/100\n|-status|p2b: Chien-Pao|psn\n|-ability|p2b: Chien-Pao|Sword of Ruin\n|move|p2a: Gyarados|Thunder Wave|p1b: Dondozo\n|-status|p1b: Dondozo|par\n|move|p1a: Glimmora|Power Gem|p2a: Gyarados\n|-supereffective|p2a: Gyarados\n|-damage|p2a: Gyarados|20\/100\n|move|p1b: Dondozo|Yawn|p2a: Gyarados\n|-start|p2a: Gyarados|move: Yawn|[of] p1b: Dondozo\n|\n|-damage|p2b: Chien-Pao|88\/100 psn|[from] psn\n|upkeep\n|turn|4\n|inactive|vrumvrumnatal has 30 seconds left.\n|inactive|Kirozvz has 30 seconds left.\n|\n|t:|1682786998\n|move|p2b: Chien-Pao|Protect|p2b: Chien-Pao\n|-singleturn|p2b: Chien-Pao|Protect\n|move|p1b: Dondozo|Protect|p1b: Dondozo\n|-singleturn|p1b: Dondozo|Protect\n|move|p2a: Gyarados|Bulldoze|p1a: Glimmora|[spread] p1a\n|-activate|p2b: Chien-Pao|move: Protect\n|-activate|p1b: Dondozo|move: Protect\n|-supereffective|p1a: Glimmora\n|-damage|p1a: Glimmora|0 fnt\n|-activate|p1a: Glimmora|ability: Toxic Debris\n|-sidestart|p2: vrumvrumnatal|move: Toxic Spikes\n|faint|p1a: Glimmora\n|\n|-damage|p2b: Chien-Pao|76\/100 psn|[from] psn\n|-end|p2a: Gyarados|move: Yawn|[silent]\n|-status|p2a: Gyarados|slp\n|upkeep\n|inactive|Kirozvz has 30 seconds left.\n|\n|t:|1682787026\n|switch|p1a: Flutter Mane|Flutter Mane, L50|100\/100\n|-enditem|p1a: Flutter Mane|Booster Energy\n|-activate|p1a: Flutter Mane|ability: Protosynthesis|[fromitem]\n|-start|p1a: Flutter Mane|protosynthesisspe\n|turn|5\n|\n|t:|1682787038\n|switch|p2b: Ting-Lu|Ting-Lu, L50|82\/100 tox\n|-ability|p2b: Ting-Lu|Vessel of Ruin\n|move|p1a: Flutter Mane|Protect|p1a: Flutter Mane\n|-singleturn|p1a: Flutter Mane|Protect\n|cant|p2a: Gyarados|slp\n|move|p1b: Dondozo|Bulldoze|p2b: Ting-Lu|[spread] p2b\n|-activate|p1a: Flutter Mane|move: Protect\n|-immune|p2a: Gyarados\n|-damage|p2b: Ting-Lu|75\/100 tox\n|-unboost|p2b: Ting-Lu|spe|1\n|\n|-damage|p2b: Ting-Lu|69\/100 tox|[from] psn\n|upkeep\n|turn|6\n|inactive|vrumvrumnatal has 30 seconds left.\n|\n|t:|1682787066\n|-terastallize|p2b: Ting-Lu|Water\n|move|p1a: Flutter Mane|Substitute|p1a: Flutter Mane\n|-start|p1a: Flutter Mane|Substitute\n|-damage|p1a: Flutter Mane|76\/100\n|cant|p2a: Gyarados|slp\n|move|p2b: Ting-Lu|Earthquake|p1a: Flutter Mane|[spread] p1a,p1b\n|-immune|p2a: Gyarados\n|-end|p1a: Flutter Mane|Substitute\n|-damage|p1b: Dondozo|25\/100 par\n|-enditem|p1b: Dondozo|Sitrus Berry|[eat]\n|-heal|p1b: Dondozo|50\/100 par|[from] item: Sitrus Berry\n|move|p1b: Dondozo|Wave Crash|p2a: Gyarados\n|-resisted|p2a: Gyarados\n|-damage|p2a: Gyarados|0 fnt\n|faint|p2a: Gyarados\n|-damage|p1b: Dondozo|45\/100 par|[from] Recoil\n|\n|-damage|p2b: Ting-Lu|57\/100 tox|[from] psn\n|upkeep\n|\n|t:|1682787084\n|switch|p2a: Orthworm|Orthworm, L50, M|100\/100\n|turn|7\n|\n|t:|1682787106\n|move|p1a: Flutter Mane|Protect|p1a: Flutter Mane\n|-singleturn|p1a: Flutter Mane|Protect\n|move|p2a: Orthworm|Heavy Slam|p1a: Flutter Mane\n|-activate|p1a: Flutter Mane|move: Protect\n|move|p2b: Ting-Lu|Earthquake|p1a: Flutter Mane|[spread] p1b\n|-activate|p1a: Flutter Mane|move: Protect\n|-immune|p2a: Orthworm|[from] ability: Earth Eater\n|-damage|p1b: Dondozo|15\/100 par\n|cant|p1b: Dondozo|par\n|\n|-damage|p2b: Ting-Lu|39\/100 tox|[from] psn\n|upkeep\n|turn|8\n|\n|t:|1682787128\n|-terastallize|p1a: Flutter Mane|Steel\n|move|p1a: Flutter Mane|Hex|p2b: Ting-Lu\n|-damage|p2b: Ting-Lu|0 fnt\n|faint|p2b: Ting-Lu\n|move|p2a: Orthworm|Shed Tail|p2a: Orthworm\n|-start|p2a: Orthworm|Substitute|[from] move: Shed Tail\n|-damage|p2a: Orthworm|50\/100\n|-enditem|p2a: Orthworm|Sitrus Berry|[eat]\n|-heal|p2a: Orthworm|75\/100|[from] item: Sitrus Berry\n|\n|t:|1682787136\n|switch|p2a: Chien-Pao|Chien-Pao, L50|76\/100 psn|[from] Shed Tail\n|-ability|p2a: Chien-Pao|Sword of Ruin\n|move|p1b: Dondozo|Yawn||[still]\n|-fail|p1b: Dondozo\n|\n|-damage|p2a: Chien-Pao|64\/100 psn|[from] psn\n|upkeep\n|\n|t:|1682787144\n|switch|p2b: Orthworm|Orthworm, L50, M|75\/100\n|turn|9\n|\n|t:|1682787161\n|move|p1a: Flutter Mane|Protect|p1a: Flutter Mane\n|-singleturn|p1a: Flutter Mane|Protect\n|move|p1b: Dondozo|Protect|p1b: Dondozo\n|-singleturn|p1b: Dondozo|Protect\n|move|p2a: Chien-Pao|Sucker Punch||[still]\n|-fail|p2a: Chien-Pao\n|move|p2b: Orthworm|Heavy Slam|p1a: Flutter Mane\n|-activate|p1a: Flutter Mane|move: Protect\n|\n|-damage|p2a: Chien-Pao|52\/100 psn|[from] psn\n|upkeep\n|turn|10\n|inactive|Kirozvz has 30 seconds left.\n|inactive|vrumvrumnatal has 30 seconds left.\n|\n|t:|1682787187\n|-end|p1a: Flutter Mane|Protosynthesis|[silent]\n|switch|p1a: Tatsugiri|Tatsugiri-Stretchy, L50, M|25\/100\n|move|p2a: Chien-Pao|Sucker Punch|p1b: Dondozo\n|-crit|p1b: Dondozo\n|-damage|p1b: Dondozo|0 fnt\n|faint|p1b: Dondozo\n|move|p2b: Orthworm|Heavy Slam|p1a: Tatsugiri\n|-resisted|p1a: Tatsugiri\n|-damage|p1a: Tatsugiri|0 fnt\n|faint|p1a: Tatsugiri\n|\n|-damage|p2a: Chien-Pao|40\/100 psn|[from] psn\n|upkeep\n|\n|t:|1682787197\n|switch|p1b: Flutter Mane|Flutter Mane, L50, tera:Steel|76\/100\n|turn|11\n|\n|t:|1682787204\n|move|p1b: Flutter Mane|Protect|p1b: Flutter Mane\n|-singleturn|p1b: Flutter Mane|Protect\n|move|p2a: Chien-Pao|Sucker Punch||[still]\n|-fail|p2a: Chien-Pao\n|move|p2b: Orthworm|Heavy Slam|p1b: Flutter Mane\n|-activate|p1b: Flutter Mane|move: Protect\n|\n|-damage|p2a: Chien-Pao|27\/100 psn|[from] psn\n|upkeep\n|turn|12\n|\n|t:|1682787215\n|move|p2a: Chien-Pao|Sucker Punch||[still]\n|-fail|p2a: Chien-Pao\n|move|p1b: Flutter Mane|Substitute|p1b: Flutter Mane\n|-start|p1b: Flutter Mane|Substitute\n|-damage|p1b: Flutter Mane|51\/100\n|move|p2b: Orthworm|Heavy Slam|p1b: Flutter Mane\n|-resisted|p1b: Flutter Mane\n|-end|p1b: Flutter Mane|Substitute\n|\n|-damage|p2a: Chien-Pao|15\/100 psn|[from] psn\n|upkeep\n|turn|13\n|inactive|vrumvrumnatal has 30 seconds left.\n|\n|t:|1682787242\n|move|p1b: Flutter Mane|Protect|p1b: Flutter Mane\n|-singleturn|p1b: Flutter Mane|Protect\n|move|p2a: Chien-Pao|Sucker Punch||[still]\n|-fail|p2a: Chien-Pao\n|move|p2b: Orthworm|Heavy Slam|p1b: Flutter Mane\n|-activate|p1b: Flutter Mane|move: Protect\n|\n|-damage|p2a: Chien-Pao|3\/100 psn|[from] psn\n|upkeep\n|turn|14\n|\n|t:|1682787253\n|move|p2a: Chien-Pao|Sucker Punch||[still]\n|-fail|p2a: Chien-Pao\n|move|p1b: Flutter Mane|Substitute|p1b: Flutter Mane\n|-start|p1b: Flutter Mane|Substitute\n|-damage|p1b: Flutter Mane|26\/100\n|move|p2b: Orthworm|Heavy Slam|p1b: Flutter Mane\n|-resisted|p1b: Flutter Mane\n|-end|p1b: Flutter Mane|Substitute\n|\n|-damage|p2a: Chien-Pao|0 fnt|[from] psn\n|faint|p2a: Chien-Pao\n|upkeep\n|turn|15\n|\n|t:|1682787264\n|move|p1b: Flutter Mane|Protect|p1b: Flutter Mane\n|-singleturn|p1b: Flutter Mane|Protect\n|move|p2b: Orthworm|Heavy Slam|p1b: Flutter Mane\n|-activate|p1b: Flutter Mane|move: Protect\n|\n|upkeep\n|turn|16\n|\n|t:|1682787276\n|move|p1b: Flutter Mane|Hex|p2b: Orthworm\n|-damage|p2b: Orthworm|35\/100\n|move|p2b: Orthworm|Iron Defense|p2b: Orthworm\n|-boost|p2b: Orthworm|def|2\n|\n|upkeep\n|turn|17\n|\n|t:|1682787281\n|move|p1b: Flutter Mane|Hex|p2b: Orthworm\n|-damage|p2b: Orthworm|0 fnt\n|faint|p2b: Orthworm\n|\n|win|Kirozvz\n|raw|Kirozvz's rating: 1197 → 1220<\/strong> (+23 for winning)\n|raw|vrumvrumnatal's rating: 1170 → 1147<\/strong> (-23 for losing)\n","uploadtime":1682787290,"views":19,"p1id":"kirozvz","p2id":"vrumvrumnatal","formatid":"gen9vgc2023regulationc","rating":1147,"private":0,"password":""}