{"id":"gen9vgc2023regulationc-1846612922","p1":"cofffeeeeeee","p2":"Haxxson","format":"[Gen 9] VGC 2023 Regulation C","log":"|j|\u2606cofffeeeeeee\n|j|\u2606Haxxson\n|t:|1681857278\n|gametype|doubles\n|player|p1|cofffeeeeeee|cynthia|1000\n|player|p2|Haxxson|colress|1091\n|teamsize|p1|6\n|teamsize|p2|6\n|gen|9\n|tier|[Gen 9] VGC 2023 Regulation C\n|rated|\n|rule|Species Clause: Limit one of each Pok\u00e9mon\n|rule|Item Clause: Limit one of each item\n|clearpoke\n|poke|p1|Chien-Pao, L50|\n|poke|p1|Dragapult, L50, F|\n|poke|p1|Arcanine, L50, F|\n|poke|p1|Pelipper, L50, M|\n|poke|p1|Palafin, L50, M|\n|poke|p1|Gothitelle, L50, M|\n|poke|p2|Annihilape, L50, M|\n|poke|p2|Volcarona, L50, M|\n|poke|p2|Rabsca, L50, F|\n|poke|p2|Jumpluff, L50, F|\n|poke|p2|Carkol, L50, M|\n|poke|p2|Cryogonal, L50|\n|teampreview|4\n|inactive|Battle timer is ON: inactive players will automatically lose when time's up. (requested by Haxxson)\nHaxxson has agreed to open team sheets.\ncofffeeeeeee has agreed to open team sheets.\n|inactive|cofffeeeeeee has 60 seconds left.\n|inactive|Haxxson has 60 seconds left.\n|inactive|Haxxson has 30 seconds left.\n|\n|t:|1681857347\n|start\n|switch|p1a: Gothitelle|Gothitelle, L50, M|100\/100\n|switch|p1b: Palafin|Palafin, L50, M|100\/100\n|switch|p2a: Arthas|Cryogonal, L50|100\/100\n|switch|p2b: Crown Jewel|Rabsca, L50, F|100\/100\n|turn|1\n|inactive|cofffeeeeeee has 30 seconds left.\n|inactive|Haxxson has 30 seconds left.\n|\n|t:|1681857381\n|move|p1a: Gothitelle|Fake Out|p2a: Arthas\n|-damage|p2a: Arthas|90\/100\n|cant|p2a: Arthas|flinch\n|move|p1b: Palafin|Flip Turn|p2a: Arthas\n|-damage|p2a: Arthas|41\/100\n|\n|t:|1681857388\n|detailschange|p1b: Palafin|Palafin-Hero, L50, M\n|switch|p1b: Arcanine|Arcanine, L50, F|100\/100|[from] Flip Turn\n|-ability|p1b: Arcanine|Intimidate|boost\n|-unboost|p2a: Arthas|atk|1\n|-unboost|p2b: Crown Jewel|atk|1\n|move|p2b: Crown Jewel|Trick Room|p2b: Crown Jewel\n|-fieldstart|move: Trick Room|[of] p2b: Crown Jewel\n|\n|upkeep\n|turn|2\n|inactive|Haxxson has 30 seconds left.\n|inactive|Haxxson has 20 seconds left.\n|inactive|Haxxson has 15 seconds left.\n|\n|t:|1681857430\n|move|p1b: Arcanine|Protect|p1b: Arcanine\n|-singleturn|p1b: Arcanine|Protect\n|move|p2b: Crown Jewel|Dazzling Gleam|p1a: Gothitelle|[spread] p1a\n|-activate|p1b: Arcanine|move: Protect\n|-damage|p1a: Gothitelle|81\/100\n|move|p2a: Arthas|Chilling Water|p1b: Arcanine\n|-activate|p1b: Arcanine|move: Protect\n|move|p1a: Gothitelle|Trick Room|p1a: Gothitelle\n|-fieldend|move: Trick Room\n|\n|-heal|p1a: Gothitelle|87\/100|[from] item: Leftovers\n|upkeep\n|turn|3\n|inactive|Haxxson has 30 seconds left.\n|inactive|Haxxson has 20 seconds left.\n|inactive|Haxxson has 15 seconds left.\n|\n|t:|1681857471\n|switch|p1a: Palafin|Palafin-Hero, L50, M|100\/100\n|-activate|p1a: Palafin|ability: Zero to Hero\n|move|p1b: Arcanine|Extreme Speed|p2a: Arthas\n|-damage|p2a: Arthas|0 fnt\n|faint|p2a: Arthas\n|move|p2b: Crown Jewel|Trick Room|p2b: Crown Jewel\n|-fieldstart|move: Trick Room|[of] p2b: Crown Jewel\n|\n|upkeep\n|\n|t:|1681857486\n|switch|p2a: Ali|Jumpluff, L50, F|100\/100\n|turn|4\n|inactive|cofffeeeeeee has 30 seconds left.\n|inactive|Haxxson has 30 seconds left.\n|inactive|Haxxson has 20 seconds left.\n|inactive|Haxxson has 15 seconds left.\n|\n|t:|1681857527\n|move|p1b: Arcanine|Extreme Speed|p2a: Ali\n|-crit|p2a: Ali\n|-damage|p2a: Ali|52\/100\n|move|p2b: Crown Jewel|Dazzling Gleam|p1b: Arcanine|[spread] p1a,p1b\n|-resisted|p1b: Arcanine\n|-damage|p1a: Palafin|79\/100\n|-damage|p1b: Arcanine|90\/100\n|move|p1a: Palafin|Wave Crash|p2b: Crown Jewel\n|-damage|p2b: Crown Jewel|0 fnt\n|faint|p2b: Crown Jewel\n|-damage|p1a: Palafin|44\/100|[from] Recoil\n|move|p2a: Ali|Fling|p2: Crown Jewel|[notarget]\n|-fail|p2a: Ali\n|\n|upkeep\n|\n|t:|1681857540\n|switch|p2b: Hamlet's Dad|Annihilape, L50, M|100\/100\n|turn|5\n|inactive|cofffeeeeeee has 30 seconds left.\n|inactive|Haxxson has 30 seconds left.\n|inactive|Haxxson has 20 seconds left.\n|inactive|Haxxson has 15 seconds left.\n|inactive|Haxxson has 10 seconds left.\n|\n|t:|1681857589\n|move|p1b: Arcanine|Will-O-Wisp|p2b: Hamlet's Dad\n|-status|p2b: Hamlet's Dad|brn\n|move|p1a: Palafin|Flip Turn|p2b: Hamlet's Dad\n|-damage|p2b: Hamlet's Dad|53\/100 brn\n|\n|t:|1681857599\n|switch|p1a: Gothitelle|Gothitelle, L50, M|87\/100|[from] Flip Turn\n|move|p2b: Hamlet's Dad|Rage Fist|p1a: Gothitelle\n|-supereffective|p1a: Gothitelle\n|-damage|p1a: Gothitelle|48\/100\n|move|p2a: Ali|Bullet Seed|p2b: Hamlet's Dad\n|-damage|p2b: Hamlet's Dad|48\/100 brn\n|-damage|p2b: Hamlet's Dad|42\/100 brn\n|-damage|p2b: Hamlet's Dad|36\/100 brn\n|-hitcount|p2b: Hamlet's Dad|3\n|\n|-heal|p1a: Gothitelle|54\/100|[from] item: Leftovers\n|-heal|p2b: Hamlet's Dad|42\/100 brn|[from] item: Leftovers\n|-damage|p2b: Hamlet's Dad|36\/100 brn|[from] brn\n|upkeep\n|turn|6\n|inactive|Haxxson has 30 seconds left.\n|\n|t:|1681857624\n|switch|p1b: Dragapult|Dragapult, L50, F|100\/100\n|move|p1a: Gothitelle|Fake Out|p2a: Ali\n|-damage|p2a: Ali|45\/100\n|cant|p2a: Ali|flinch\n|move|p2b: Hamlet's Dad|Rage Fist|p1b: Dragapult\n|-supereffective|p1b: Dragapult\n|-damage|p1b: Dragapult|0 fnt\n|faint|p1b: Dragapult\n|\n|-heal|p1a: Gothitelle|60\/100|[from] item: Leftovers\n|-heal|p2b: Hamlet's Dad|42\/100 brn|[from] item: Leftovers\n|-damage|p2b: Hamlet's Dad|36\/100 brn|[from] brn\n|upkeep\n|\n|t:|1681857639\n|switch|p1b: Palafin|Palafin-Hero, L50, M|44\/100\n|turn|7\n|inactive|Haxxson has 30 seconds left.\n|inactive|Haxxson has 20 seconds left.\n|inactive|Haxxson has 15 seconds left.\n|\n|t:|1681857680\n|move|p2a: Ali|Rage Powder|p2a: Ali\n|-singleturn|p2a: Ali|move: Rage Powder\n|move|p1b: Palafin|Jet Punch|p2a: Ali\n|-resisted|p2a: Ali\n|-damage|p2a: Ali|19\/100\n|-enditem|p2a: Ali|Petaya Berry|[eat]\n|-boost|p2a: Ali|spa|1|[from] item: Petaya Berry\n|move|p1a: Gothitelle|Heal Pulse|p2a: Ali\n|-heal|p2a: Ali|69\/100\n|move|p2b: Hamlet's Dad|Phantom Force||[still]\n|-prepare|p2b: Hamlet's Dad|Phantom Force\n|\n|-heal|p1a: Gothitelle|66\/100|[from] item: Leftovers\n|-heal|p2b: Hamlet's Dad|42\/100 brn|[from] item: Leftovers\n|-damage|p2b: Hamlet's Dad|36\/100 brn|[from] brn\n|-fieldend|move: Trick Room\n|upkeep\n|turn|8\n|inactive|cofffeeeeeee has 30 seconds left.\n|\n|t:|1681857705\n|switch|p1b: Arcanine|Arcanine, L50, F|90\/100\n|-ability|p1b: Arcanine|Intimidate|boost\n|-unboost|p2a: Ali|atk|1\n|-fail|p2b: Hamlet's Dad|unboost|Attack|[from] ability: Inner Focus|[of] p2b: Hamlet's Dad\n|move|p2a: Ali|Pollen Puff|p1a: Gothitelle\n|-supereffective|p1a: Gothitelle\n|-damage|p1a: Gothitelle|33\/100\n|move|p2b: Hamlet's Dad|Phantom Force|p1b: Arcanine|[from]lockedmove\n|-damage|p1b: Arcanine|67\/100\n|move|p1a: Gothitelle|Heal Pulse|p1b: Arcanine\n|-heal|p1b: Arcanine|100\/100\n|\n|-heal|p2b: Hamlet's Dad|42\/100 brn|[from] item: Leftovers\n|-heal|p1a: Gothitelle|39\/100|[from] item: Leftovers\n|-damage|p2b: Hamlet's Dad|36\/100 brn|[from] brn\n|upkeep\n|turn|9\n|inactive|cofffeeeeeee has 30 seconds left.\n|inactive|Haxxson has 30 seconds left.\n|\n|t:|1681857738\n|move|p1a: Gothitelle|Helping Hand|p1b: Arcanine\n|-singleturn|p1b: Arcanine|Helping Hand|[of] p1a: Gothitelle\n|move|p1b: Arcanine|Extreme Speed|p2a: Ali\n|-damage|p2a: Ali|22\/100\n|move|p2a: Ali|Pollen Puff|p2b: Hamlet's Dad\n|-heal|p2b: Hamlet's Dad|86\/100 brn\n|move|p2b: Hamlet's Dad|Rage Fist|p1a: Gothitelle\n|-supereffective|p1a: Gothitelle\n|-damage|p1a: Gothitelle|0 fnt\n|faint|p1a: Gothitelle\n|\n|-heal|p2b: Hamlet's Dad|92\/100 brn|[from] item: Leftovers\n|-damage|p2b: Hamlet's Dad|86\/100 brn|[from] brn\n|upkeep\n|\n|t:|1681857752\n|switch|p1a: Palafin|Palafin-Hero, L50, M|44\/100\n|turn|10\n|\n|t:|1681857769\n|move|p2a: Ali|Rage Powder|p2a: Ali\n|-singleturn|p2a: Ali|move: Rage Powder\n|move|p1b: Arcanine|Extreme Speed|p2a: Ali\n|-damage|p2a: Ali|0 fnt\n|faint|p2a: Ali\n|move|p2b: Hamlet's Dad|Rage Fist|p1a: Palafin\n|-damage|p1a: Palafin|0 fnt\n|faint|p1a: Palafin\n|\n|-heal|p2b: Hamlet's Dad|92\/100 brn|[from] item: Leftovers\n|-damage|p2b: Hamlet's Dad|86\/100 brn|[from] brn\n|upkeep\n|turn|11\n|\n|t:|1681857785\n|move|p1b: Arcanine|Protect|p1b: Arcanine\n|-singleturn|p1b: Arcanine|Protect\n|move|p2b: Hamlet's Dad|Rage Fist|p1b: Arcanine\n|-activate|p1b: Arcanine|move: Protect\n|\n|-heal|p2b: Hamlet's Dad|92\/100 brn|[from] item: Leftovers\n|-damage|p2b: Hamlet's Dad|86\/100 brn|[from] brn\n|upkeep\n|turn|12\n|-message|cofffeeeeeee forfeited.\n|\n|win|Haxxson\n|raw|cofffeeeeeee's rating: 1000 → 1000<\/strong> (+0 for losing)\n|raw|Haxxson's rating: 1091 → 1111<\/strong> (+20 for winning)\n|l|\u2606cofffeeeeeee\n|c|\u2606Haxxson|gg\n","uploadtime":1681857802,"views":12,"p1id":"cofffeeeeeee","p2id":"haxxson","formatid":"gen9vgc2023regulationc","rating":1000,"private":0,"password":""}