{"id":"gen9vgc2023regulationc-1861330752","p1":"Phelon","p2":"MuhFugginPenguin","format":"[Gen 9] VGC 2023 Regulation C","log":"|j|\u2606Phelon\n|j|\u2606MuhFugginPenguin\n|t:|1683746592\n|gametype|doubles\n|player|p1|Phelon|burglar|1406\n|player|p2|MuhFugginPenguin|blue|1366\n|teamsize|p1|6\n|teamsize|p2|6\n|gen|9\n|tier|[Gen 9] VGC 2023 Regulation C\n|rated|\n|rule|Species Clause: Limit one of each Pok\u00e9mon\n|rule|Item Clause: Limit one of each item\n|clearpoke\n|poke|p1|Farigiraf, L50, F|\n|poke|p1|Jumpluff, L50, M|\n|poke|p1|Torkoal, L50, M|\n|poke|p1|Hariyama, L50, M|\n|poke|p1|Great Tusk, L50|\n|poke|p1|Flutter Mane, L50|\n|poke|p2|Dondozo, L50, M|\n|poke|p2|Tatsugiri, L50, F|\n|poke|p2|Pelipper, L50, F|\n|poke|p2|Flutter Mane, L50|\n|poke|p2|Baxcalibur, L50, F|\n|poke|p2|Iron Hands, L50|\n|teampreview|4\n|\n|t:|1683746621\n|start\n|switch|p1a: Farigiraf|Farigiraf, L50, F|100\/100\n|switch|p1b: Hariyama|Hariyama, L50, M|100\/100\n|switch|p2a: Iron Hands|Iron Hands, L50|100\/100\n|switch|p2b: Dondozo|Dondozo, L50, M|100\/100\n|turn|1\n|\n|t:|1683746639\n|switch|p2b: Pelipper|Pelipper, L50, F|100\/100\n|-weather|RainDance|[from] ability: Drizzle|[of] p2b: Pelipper\n|move|p1b: Hariyama|Fake Out|p2a: Iron Hands\n|-damage|p2a: Iron Hands|90\/100\n|move|p1a: Farigiraf|Nasty Plot|p1a: Farigiraf\n|-boost|p1a: Farigiraf|spa|2\n|cant|p2a: Iron Hands|flinch\n|\n|-weather|RainDance|[upkeep]\n|-status|p1b: Hariyama|brn|[from] item: Flame Orb\n|upkeep\n|turn|2\n|\n|t:|1683746662\n|move|p2b: Pelipper|Hurricane|p1b: Hariyama\n|-supereffective|p1b: Hariyama\n|-damage|p1b: Hariyama|34\/100 brn\n|move|p1a: Farigiraf|Psychic|p2a: Iron Hands\n|-supereffective|p2a: Iron Hands\n|-crit|p2a: Iron Hands\n|-damage|p2a: Iron Hands|0 fnt\n|faint|p2a: Iron Hands\n|-end|p2a: Iron Hands|Quark Drive|[silent]\n|move|p1b: Hariyama|Facade|p2b: Pelipper\n|-damage|p2b: Pelipper|53\/100\n|\n|-weather|RainDance|[upkeep]\n|-damage|p1b: Hariyama|27\/100 brn|[from] brn\n|upkeep\n|\n|t:|1683746673\n|switch|p2a: Dondozo|Dondozo, L50, M|100\/100\n|turn|3\n|\n|t:|1683746683\n|switch|p2b: Tatsugiri|Tatsugiri, L50, F|100\/100\n|-activate|p2b: Tatsugiri|ability: Commander|[of] p2a: Dondozo\n|-boost|p2a: Dondozo|atk|2\n|-boost|p2a: Dondozo|spa|2\n|-boost|p2a: Dondozo|spe|2\n|-boost|p2a: Dondozo|def|2\n|-boost|p2a: Dondozo|spd|2\n|switch|p1b: Torkoal|Torkoal, L50, M|100\/100\n|-weather|SunnyDay|[from] ability: Drought|[of] p1b: Torkoal\n|move|p2a: Dondozo|Surf|p1b: Torkoal|[spread] p1a,p1b\n|-miss|p2a: Dondozo|p2b: Tatsugiri\n|-supereffective|p1b: Torkoal\n|-damage|p1a: Farigiraf|68\/100\n|-damage|p1b: Torkoal|4\/100\n|-enditem|p1b: Torkoal|Sitrus Berry|[eat]\n|-heal|p1b: Torkoal|29\/100|[from] item: Sitrus Berry\n|move|p1a: Farigiraf|Trick Room|p1a: Farigiraf\n|-fieldstart|move: Trick Room|[of] p1a: Farigiraf\n|\n|-weather|SunnyDay|[upkeep]\n|upkeep\n|turn|4\n|\n|t:|1683746704\n|move|p1b: Torkoal|Clear Smog|p2a: Dondozo\n|-damage|p2a: Dondozo|93\/100\n|-clearboost|p2a: Dondozo\n|move|p1a: Farigiraf|Psychic|p2a: Dondozo\n|-damage|p2a: Dondozo|47\/100\n|move|p2a: Dondozo|Surf|p1b: Torkoal|[spread] p1a,p1b\n|-miss|p2a: Dondozo|p2b: Tatsugiri\n|-supereffective|p1b: Torkoal\n|-damage|p1a: Farigiraf|52\/100\n|-damage|p1b: Torkoal|0 fnt\n|faint|p1b: Torkoal\n|\n|-weather|SunnyDay|[upkeep]\n|upkeep\n|\n|t:|1683746715\n|switch|p1b: Hariyama|Hariyama, L50, M|27\/100 brn\n|turn|5\n|\n|t:|1683746724\n|move|p1b: Hariyama|Fake Out|p2a: Dondozo\n|-damage|p2a: Dondozo|43\/100\n|move|p1a: Farigiraf|Nasty Plot|p1a: Farigiraf\n|-boost|p1a: Farigiraf|spa|2\n|cant|p2a: Dondozo|flinch\n|\n|-weather|SunnyDay|[upkeep]\n|-damage|p1b: Hariyama|21\/100 brn|[from] brn\n|upkeep\n|turn|6\n|\n|t:|1683746734\n|-terastallize|p1b: Hariyama|Normal\n|move|p1b: Hariyama|Facade|p2a: Dondozo\n|-damage|p2a: Dondozo|0 fnt\n|faint|p2a: Dondozo\n|move|p1a: Farigiraf|Hyper Voice|p2b: Tatsugiri\n|-enditem|p2b: Tatsugiri|Focus Sash\n|-damage|p2b: Tatsugiri|1\/100\n|\n|-weather|SunnyDay|[upkeep]\n|-damage|p1b: Hariyama|15\/100 brn|[from] brn\n|upkeep\n|\n|t:|1683746744\n|switch|p2a: Pelipper|Pelipper, L50, F|53\/100\n|-weather|RainDance|[from] ability: Drizzle|[of] p2a: Pelipper\n|turn|7\n|\n|t:|1683746756\n|-terastallize|p2b: Tatsugiri|Ghost\n|move|p2a: Pelipper|Protect|p2a: Pelipper\n|-singleturn|p2a: Pelipper|Protect\n|move|p1b: Hariyama|Facade|p2a: Pelipper\n|-activate|p2a: Pelipper|move: Protect\n|move|p1a: Farigiraf|Hyper Voice|p2a: Pelipper|[spread] \n|-activate|p2a: Pelipper|move: Protect\n|-immune|p2b: Tatsugiri\n|move|p2b: Tatsugiri|Muddy Water|p1b: Hariyama|[spread] p1a,p1b\n|-damage|p1a: Farigiraf|7\/100\n|-damage|p1b: Hariyama|0 fnt\n|faint|p1b: Hariyama\n|\n|-weather|RainDance|[upkeep]\n|-fieldend|move: Trick Room\n|upkeep\n|\n|t:|1683746761\n|switch|p1b: Great Tusk|Great Tusk, L50|100\/100\n|turn|8\n|\n|t:|1683746805\n|move|p1b: Great Tusk|Rock Slide|p2a: Pelipper|[spread] p2a,p2b\n|-supereffective|p2a: Pelipper\n|-damage|p2a: Pelipper|11\/100\n|-damage|p2b: Tatsugiri|0 fnt\n|faint|p2b: Tatsugiri\n|move|p2a: Pelipper|Hurricane|p1a: Farigiraf\n|-damage|p1a: Farigiraf|0 fnt\n|faint|p1a: Farigiraf\n|\n|-weather|RainDance|[upkeep]\n|upkeep\n|turn|9\n|\n|t:|1683746820\n|move|p1b: Great Tusk|Rock Slide|p2a: Pelipper\n|-supereffective|p2a: Pelipper\n|-damage|p2a: Pelipper|0 fnt\n|faint|p2a: Pelipper\n|\n|win|Phelon\n|raw|Phelon's rating: 1406 → 1424<\/strong> (+18 for winning)\n|raw|MuhFugginPenguin's rating: 1366 → 1348<\/strong> (-18 for losing)\n|l|\u2606MuhFugginPenguin\n","uploadtime":1683746825,"views":16,"p1id":"phelon","p2id":"muhfugginpenguin","formatid":"gen9vgc2023regulationc","rating":1348,"private":0,"password":""}