{"id":"gen9vgc2023regulationc-1861898274","p1":"Steeltrainer","p2":"yokai19","format":"[Gen 9] VGC 2023 Regulation C","log":"|j|\u2606Steeltrainer\n|j|\u2606yokai19\n|t:|1683818978\n|gametype|doubles\n|player|p1|Steeltrainer|101|1305\n|player|p2|yokai19|fisherman-gen4|1352\n|teamsize|p1|6\n|teamsize|p2|6\n|gen|9\n|tier|[Gen 9] VGC 2023 Regulation C\n|rated|\n|rule|Species Clause: Limit one of each Pok\u00e9mon\n|rule|Item Clause: Limit one of each item\n|clearpoke\n|poke|p1|Flutter Mane, L50|\n|poke|p1|Arcanine, L50, F|\n|poke|p1|Ting-Lu, L50|\n|poke|p1|Gothitelle, L50, M|\n|poke|p1|Rotom-Wash, L50|\n|poke|p1|Grimmsnarl, L50, M|\n|poke|p2|Chi-Yu, L50|\n|poke|p2|Iron Hands, L50|\n|poke|p2|Amoonguss, L50, F|\n|poke|p2|Gyarados, L50, M|\n|poke|p2|Iron Bundle, L50|\n|poke|p2|Flutter Mane, L50|\n|teampreview|4\n|inactive|Battle timer is ON: inactive players will automatically lose when time's up. (requested by Steeltrainer)\n|\n|t:|1683819034\n|start\n|switch|p1a: Gothitelle|Gothitelle, L50, M|100\/100\n|switch|p1b: Grimmsnarl|Grimmsnarl, L50, M|100\/100\n|switch|p2a: Iron Hands|Iron Hands, L50|100\/100\n|switch|p2b: Flutter Mane|Flutter Mane, L50|100\/100\n|turn|1\n|inactive|yokai19 has 30 seconds left.\n|\n|t:|1683819061\n|move|p1a: Gothitelle|Fake Out|p2a: Iron Hands\n|-damage|p2a: Iron Hands|97\/100\n|cant|p2a: Iron Hands|flinch\n|move|p1b: Grimmsnarl|Parting Shot|p2b: Flutter Mane\n|-unboost|p2b: Flutter Mane|atk|1\n|-unboost|p2b: Flutter Mane|spa|1\n|\n|t:|1683819070\n|switch|p1b: Arcanine|Arcanine, L50, F|100\/100|[from] Parting Shot\n|-ability|p1b: Arcanine|Intimidate|boost\n|-unboost|p2a: Iron Hands|atk|1\n|-unboost|p2b: Flutter Mane|atk|1\n|move|p2b: Flutter Mane|Dazzling Gleam|p1b: Arcanine|[spread] p1a,p1b\n|-resisted|p1b: Arcanine\n|-damage|p1a: Gothitelle|75\/100\n|-damage|p1b: Arcanine|87\/100\n|\n|upkeep\n|turn|2\n|inactive|yokai19 has 30 seconds left.\n|\n|t:|1683819098\n|-end|p2b: Flutter Mane|Protosynthesis|[silent]\n|switch|p2b: Amoonguss|Amoonguss, L50, F|100\/100\n|move|p1a: Gothitelle|Protect|p1a: Gothitelle\n|-singleturn|p1a: Gothitelle|Protect\n|move|p1b: Arcanine|Will-O-Wisp|p2a: Iron Hands\n|-status|p2a: Iron Hands|brn\n|move|p2a: Iron Hands|Volt Switch|p1a: Gothitelle\n|-activate|p1a: Gothitelle|move: Protect\n|\n|-damage|p2a: Iron Hands|91\/100 brn|[from] brn\n|upkeep\n|turn|3\n|\n|t:|1683819122\n|-terastallize|p2b: Amoonguss|Water\n|move|p1b: Arcanine|Flamethrower|p2b: Amoonguss\n|-resisted|p2b: Amoonguss\n|-damage|p2b: Amoonguss|86\/100\n|move|p1a: Gothitelle|Psychic|p2b: Amoonguss\n|-crit|p2b: Amoonguss\n|-damage|p2b: Amoonguss|50\/100\n|-enditem|p2b: Amoonguss|Sitrus Berry|[eat]\n|-heal|p2b: Amoonguss|75\/100|[from] item: Sitrus Berry\n|move|p2a: Iron Hands|Wild Charge|p1a: Gothitelle\n|-crit|p1a: Gothitelle\n|-damage|p1a: Gothitelle|42\/100\n|-enditem|p1a: Gothitelle|Sitrus Berry|[eat]\n|-heal|p1a: Gothitelle|67\/100|[from] item: Sitrus Berry\n|-damage|p2a: Iron Hands|85\/100 brn|[from] Recoil\n|move|p2b: Amoonguss|Pollen Puff|p2a: Iron Hands\n|-heal|p2a: Iron Hands|100\/100 brn\n|\n|-damage|p2a: Iron Hands|94\/100 brn|[from] brn\n|upkeep\n|turn|4\n|\n|t:|1683819146\n|switch|p1b: Ting-Lu|Ting-Lu, L50|100\/100\n|-ability|p1b: Ting-Lu|Vessel of Ruin\n|move|p1a: Gothitelle|Protect|p1a: Gothitelle\n|-singleturn|p1a: Gothitelle|Protect\n|move|p2a: Iron Hands|Volt Switch|p1b: Ting-Lu\n|-immune|p1b: Ting-Lu\n|move|p2b: Amoonguss|Spore|p1a: Gothitelle\n|-activate|p1a: Gothitelle|move: Protect\n|\n|-damage|p2a: Iron Hands|88\/100 brn|[from] brn\n|upkeep\n|turn|5\n|inactive|yokai19 has 30 seconds left.\n|\n|t:|1683819172\n|switch|p1a: Arcanine|Arcanine, L50, F|87\/100\n|-ability|p1a: Arcanine|Intimidate|boost\n|-unboost|p2a: Iron Hands|atk|1\n|-unboost|p2b: Amoonguss|atk|1\n|move|p2a: Iron Hands|Volt Switch|p1a: Arcanine\n|-damage|p1a: Arcanine|80\/100\n|\n|t:|1683819180\n|-end|p2a: Iron Hands|Quark Drive|[silent]\n|switch|p2a: Gyarados|Gyarados, L50, M|100\/100|[from] Volt Switch\n|-ability|p2a: Gyarados|Intimidate|boost\n|-unboost|p1a: Arcanine|atk|1\n|-unboost|p1b: Ting-Lu|atk|1\n|move|p1b: Ting-Lu|Fissure|p2b: Amoonguss|[miss]\n|-miss|p1b: Ting-Lu|p2b: Amoonguss\n|move|p2b: Amoonguss|Spore|p1b: Ting-Lu\n|-status|p1b: Ting-Lu|slp|[from] move: Spore\n|\n|upkeep\n|turn|6\n|\n|t:|1683819204\n|-terastallize|p1a: Arcanine|Water\n|move|p1a: Arcanine|Will-O-Wisp|p2a: Gyarados\n|-status|p2a: Gyarados|brn\n|-enditem|p2a: Gyarados|Lum Berry|[eat]\n|-curestatus|p2a: Gyarados|brn|[msg]\n|move|p2a: Gyarados|Waterfall|p1a: Arcanine\n|-resisted|p1a: Arcanine\n|-damage|p1a: Arcanine|61\/100\n|cant|p1b: Ting-Lu|slp\n|move|p2b: Amoonguss|Spore|p1a: Arcanine\n|-activate|p1a: Arcanine|item: Safety Goggles|Spore\n|\n|upkeep\n|turn|7\n|\n|t:|1683819227\n|switch|p2b: Iron Hands|Iron Hands, L50|88\/100 brn\n|move|p1a: Arcanine|Morning Sun|p1a: Arcanine\n|-heal|p1a: Arcanine|100\/100\n|move|p2a: Gyarados|Waterfall|p1b: Ting-Lu\n|-supereffective|p1b: Ting-Lu\n|-damage|p1b: Ting-Lu|65\/100 slp\n|-curestatus|p1b: Ting-Lu|slp|[msg]\n|move|p1b: Ting-Lu|Fissure|p2b: Iron Hands|[miss]\n|-miss|p1b: Ting-Lu|p2b: Iron Hands\n|\n|-damage|p2b: Iron Hands|82\/100 brn|[from] brn\n|upkeep\n|turn|8\n|\n|t:|1683819244\n|move|p1a: Arcanine|Will-O-Wisp|p2a: Gyarados\n|-status|p2a: Gyarados|brn\n|move|p2a: Gyarados|Waterfall|p1b: Ting-Lu\n|-supereffective|p1b: Ting-Lu\n|-damage|p1b: Ting-Lu|44\/100\n|move|p2b: Iron Hands|Drain Punch|p1b: Ting-Lu\n|-supereffective|p1b: Ting-Lu\n|-damage|p1b: Ting-Lu|23\/100\n|-heal|p2b: Iron Hands|93\/100 brn|[from] drain|[of] p1b: Ting-Lu\n|move|p1b: Ting-Lu|Stomping Tantrum|p2b: Iron Hands\n|-supereffective|p2b: Iron Hands\n|-damage|p2b: Iron Hands|40\/100 brn\n|\n|-damage|p2a: Gyarados|95\/100 brn|[from] brn\n|-damage|p2b: Iron Hands|34\/100 brn|[from] brn\n|upkeep\n|turn|9\n|inactive|yokai19 has 30 seconds left.\n|\n|t:|1683819269\n|switch|p1b: Grimmsnarl|Grimmsnarl, L50, M|100\/100\n|move|p1a: Arcanine|Flamethrower|p2b: Iron Hands\n|-damage|p2b: Iron Hands|16\/100 brn\n|move|p2a: Gyarados|Waterfall|p1b: Grimmsnarl\n|-damage|p1b: Grimmsnarl|84\/100\n|move|p2b: Iron Hands|Drain Punch|p1b: Grimmsnarl\n|-damage|p1b: Grimmsnarl|64\/100\n|-heal|p2b: Iron Hands|23\/100 brn|[from] drain|[of] p1b: Grimmsnarl\n|\n|-damage|p2a: Gyarados|89\/100 brn|[from] brn\n|-damage|p2b: Iron Hands|17\/100 brn|[from] brn\n|upkeep\n|turn|10\n|inactive|yokai19 has 30 seconds left.\n|inactive|yokai19 has 20 seconds left.\n|\n|t:|1683819307\n|-end|p2b: Iron Hands|Quark Drive|[silent]\n|switch|p2b: Amoonguss|Amoonguss, L50, F, tera:Water|100\/100\n|move|p1b: Grimmsnarl|Fake Out|p2a: Gyarados\n|-damage|p2a: Gyarados|77\/100 brn\n|move|p1a: Arcanine|Flamethrower|p2b: Amoonguss\n|-resisted|p2b: Amoonguss\n|-damage|p2b: Amoonguss|87\/100\n|cant|p2a: Gyarados|flinch\n|\n|-damage|p2a: Gyarados|71\/100 brn|[from] brn\n|upkeep\n|turn|11\n|\n|t:|1683819332\n|switch|p1a: Gothitelle|Gothitelle, L50, M|67\/100\n|move|p1b: Grimmsnarl|Parting Shot|p2a: Gyarados\n|-unboost|p2a: Gyarados|atk|1\n|-unboost|p2a: Gyarados|spa|1\n|\n|t:|1683819337\n|switch|p1b: Arcanine|Arcanine, L50, F, tera:Water|100\/100|[from] Parting Shot\n|-ability|p1b: Arcanine|Intimidate|boost\n|-unboost|p2a: Gyarados|atk|1\n|-unboost|p2b: Amoonguss|atk|1\n|move|p2a: Gyarados|Thunder Wave|p1a: Gothitelle\n|-status|p1a: Gothitelle|par\n|move|p2b: Amoonguss|Spore|p1b: Arcanine\n|-activate|p1b: Arcanine|item: Safety Goggles|Spore\n|\n|-damage|p2a: Gyarados|65\/100 brn|[from] brn\n|upkeep\n|turn|12\n|\n|t:|1683819359\n|move|p1a: Gothitelle|Fake Out|p2b: Amoonguss\n|-damage|p2b: Amoonguss|82\/100\n|move|p1b: Arcanine|Will-O-Wisp|p2b: Amoonguss|[miss]\n|-miss|p1b: Arcanine|p2b: Amoonguss\n|move|p2a: Gyarados|Thunder Wave|p1b: Arcanine\n|-status|p1b: Arcanine|par\n|cant|p2b: Amoonguss|flinch\n|\n|-damage|p2a: Gyarados|59\/100 brn|[from] brn\n|upkeep\n|turn|13\n|\n|t:|1683819377\n|move|p2a: Gyarados|Helping Hand|p2b: Amoonguss\n|-singleturn|p2b: Amoonguss|Helping Hand|[of] p2a: Gyarados\n|move|p1b: Arcanine|Snarl|p2b: Amoonguss|[spread] p2a,p2b\n|-damage|p2a: Gyarados|52\/100 brn\n|-damage|p2b: Amoonguss|74\/100\n|-unboost|p2a: Gyarados|spa|1\n|-unboost|p2b: Amoonguss|spa|1\n|move|p2b: Amoonguss|Pollen Puff|p1a: Gothitelle\n|-supereffective|p1a: Gothitelle\n|-damage|p1a: Gothitelle|36\/100 par\n|cant|p1a: Gothitelle|par\n|\n|-damage|p2a: Gyarados|46\/100 brn|[from] brn\n|upkeep\n|turn|14\n|inactive|yokai19 has 30 seconds left.\n|\n|t:|1683819405\n|switch|p1b: Ting-Lu|Ting-Lu, L50|23\/100\n|-ability|p1b: Ting-Lu|Vessel of Ruin\n|move|p2a: Gyarados|Waterfall|p1a: Gothitelle\n|-damage|p1a: Gothitelle|29\/100 par\n|move|p2b: Amoonguss|Pollen Puff|p2a: Gyarados\n|-heal|p2a: Gyarados|96\/100 brn\n|move|p1a: Gothitelle|Heal Pulse|p1b: Ting-Lu\n|-heal|p1b: Ting-Lu|73\/100\n|\n|-damage|p2a: Gyarados|90\/100 brn|[from] brn\n|upkeep\n|turn|15\n|\n|t:|1683819429\n|move|p2a: Gyarados|Waterfall|p1a: Gothitelle\n|-damage|p1a: Gothitelle|22\/100 par\n|move|p1b: Ting-Lu|Fissure|p2b: Amoonguss\n|-damage|p2b: Amoonguss|0 fnt\n|faint|p2b: Amoonguss\n|-ohko\n|move|p1a: Gothitelle|Psychic|p2a: Gyarados\n|-damage|p2a: Gyarados|75\/100 brn\n|\n|-damage|p2a: Gyarados|69\/100 brn|[from] brn\n|upkeep\n|\n|t:|1683819449\n|switch|p2b: Iron Hands|Iron Hands, L50|17\/100 brn\n|turn|16\n|\n|t:|1683819457\n|move|p1a: Gothitelle|Protect|p1a: Gothitelle\n|-singleturn|p1a: Gothitelle|Protect\n|move|p2a: Gyarados|Waterfall|p1a: Gothitelle\n|-activate|p1a: Gothitelle|move: Protect\n|move|p2b: Iron Hands|Drain Punch|p1b: Ting-Lu\n|-supereffective|p1b: Ting-Lu\n|-damage|p1b: Ting-Lu|46\/100\n|-heal|p2b: Iron Hands|30\/100 brn|[from] drain|[of] p1b: Ting-Lu\n|move|p1b: Ting-Lu|Stomping Tantrum|p2b: Iron Hands\n|-supereffective|p2b: Iron Hands\n|-damage|p2b: Iron Hands|0 fnt\n|faint|p2b: Iron Hands\n|-end|p2b: Iron Hands|Quark Drive|[silent]\n|\n|-damage|p2a: Gyarados|63\/100 brn|[from] brn\n|upkeep\n|\n|t:|1683819470\n|switch|p2b: Flutter Mane|Flutter Mane, L50|100\/100\n|turn|17\n|\n|t:|1683819494\n|switch|p1b: Arcanine|Arcanine, L50, F, tera:Water|100\/100 par\n|-ability|p1b: Arcanine|Intimidate|boost\n|-unboost|p2a: Gyarados|atk|1\n|-unboost|p2b: Flutter Mane|atk|1\n|move|p2b: Flutter Mane|Dazzling Gleam|p1a: Gothitelle|[spread] p1a,p1b\n|-damage|p1a: Gothitelle|0 fnt\n|-damage|p1b: Arcanine|65\/100 par\n|faint|p1a: Gothitelle\n|move|p2a: Gyarados|Waterfall|p1b: Arcanine\n|-resisted|p1b: Arcanine\n|-damage|p1b: Arcanine|61\/100 par\n|\n|-damage|p2a: Gyarados|57\/100 brn|[from] brn\n|upkeep\n|\n|t:|1683819505\n|switch|p1a: Grimmsnarl|Grimmsnarl, L50, M|64\/100\n|turn|18\n|inactive|yokai19 has 30 seconds left.\n|\n|t:|1683819518\n|move|p2a: Gyarados|Helping Hand|p2b: Flutter Mane\n|-singleturn|p2b: Flutter Mane|Helping Hand|[of] p2a: Gyarados\n|move|p1a: Grimmsnarl|Parting Shot|p2b: Flutter Mane\n|-unboost|p2b: Flutter Mane|atk|1\n|-unboost|p2b: Flutter Mane|spa|1\n|inactive|yokai19 has 30 seconds left this turn.\n|\n|t:|1683819524\n|switch|p1a: Ting-Lu|Ting-Lu, L50|46\/100|[from] Parting Shot\n|-ability|p1a: Ting-Lu|Vessel of Ruin\n|move|p2b: Flutter Mane|Dazzling Gleam|p1a: Ting-Lu|[spread] p1a,p1b\n|-supereffective|p1a: Ting-Lu\n|-crit|p1a: Ting-Lu\n|-damage|p1a: Ting-Lu|0 fnt\n|-damage|p1b: Arcanine|32\/100 par\n|faint|p1a: Ting-Lu\n|cant|p1b: Arcanine|par\n|\n|-damage|p2a: Gyarados|51\/100 brn|[from] brn\n|upkeep\n|inactive|yokai19 has 30 seconds left this turn.\n|\n|t:|1683819535\n|switch|p1a: Grimmsnarl|Grimmsnarl, L50, M|64\/100\n|turn|19\n|inactive|yokai19 has 30 seconds left this turn.\n|\n|t:|1683819545\n|move|p2a: Gyarados|Helping Hand|p2b: Flutter Mane\n|-singleturn|p2b: Flutter Mane|Helping Hand|[of] p2a: Gyarados\n|move|p1a: Grimmsnarl|Parting Shot|p2b: Flutter Mane\n|-unboost|p2b: Flutter Mane|atk|1\n|-unboost|p2b: Flutter Mane|spa|1\n|move|p2b: Flutter Mane|Dazzling Gleam|p1a: Grimmsnarl|[spread] p1a,p1b\n|-supereffective|p1a: Grimmsnarl\n|-damage|p1a: Grimmsnarl|0 fnt\n|-damage|p1b: Arcanine|4\/100 par\n|faint|p1a: Grimmsnarl\n|move|p1b: Arcanine|Morning Sun|p1b: Arcanine\n|-heal|p1b: Arcanine|53\/100 par\n|\n|-damage|p2a: Gyarados|45\/100 brn|[from] brn\n|upkeep\n|turn|20\n|inactive|yokai19 has 25 seconds left this turn.\n|inactive|yokai19 has 20 seconds left.\n|inactive|yokai19 has 15 seconds left.\n|inactive|yokai19 has 10 seconds left.\n|\n|t:|1683819562\n|move|p2b: Flutter Mane|Dazzling Gleam|p1b: Arcanine\n|-damage|p1b: Arcanine|28\/100 par\n|move|p2a: Gyarados|Taunt|p1b: Arcanine\n|-start|p1b: Arcanine|move: Taunt\n|cant|p1b: Arcanine|move: Taunt|Morning Sun\n|\n|-damage|p2a: Gyarados|39\/100 brn|[from] brn\n|upkeep\n|turn|21\n|inactive|yokai19 has 10 seconds left this turn.\n|inactive|yokai19 has 5 seconds left.\n|\n|t:|1683819570\n|move|p2b: Flutter Mane|Dazzling Gleam|p1b: Arcanine\n|-damage|p1b: Arcanine|4\/100 par\n|move|p2a: Gyarados|Waterfall|p1b: Arcanine\n|-resisted|p1b: Arcanine\n|-damage|p1b: Arcanine|0 fnt\n|faint|p1b: Arcanine\n|\n|win|yokai19\n|inactive|yokai19 has 5 seconds left this turn.\n|raw|Steeltrainer's rating: 1305 → 1288<\/strong> (-17 for losing)\n|raw|yokai19's rating: 1352 → 1369<\/strong> (+17 for winning)\n|l|\u2606Steeltrainer\n|c|\u2606yokai19|gg\n","uploadtime":1683819589,"views":6,"p1id":"steeltrainer","p2id":"yokai19","formatid":"gen9vgc2023regulationc","rating":1288,"private":0,"password":""}