{"id":"gen9vgc2023regulationc-1852511652","p1":"Valency GL","p2":"suluxz","format":"[Gen 9] VGC 2023 Regulation C","log":"|j|\u2606Valency GL\n|j|\u2606suluxz\n|t:|1682567563\n|gametype|doubles\n|player|p1|Valency GL|266|1402\n|player|p2|suluxz|hilbert|1345\n|teamsize|p1|6\n|teamsize|p2|6\n|gen|9\n|tier|[Gen 9] VGC 2023 Regulation C\n|rated|\n|rule|Species Clause: Limit one of each Pok\u00e9mon\n|rule|Item Clause: Limit one of each item\n|clearpoke\n|poke|p1|Maushold-Four, L50|\n|poke|p1|Roaring Moon, L50|\n|poke|p1|Gyarados, L50, M|\n|poke|p1|Flutter Mane, L50|\n|poke|p1|Rotom-Wash, L50|\n|poke|p1|Great Tusk, L50|\n|poke|p2|Flutter Mane, L50|\n|poke|p2|Dragonite, L50, F|\n|poke|p2|Ting-Lu, L50|\n|poke|p2|Brute Bonnet, L50|\n|poke|p2|Palafin, L50, F|\n|poke|p2|Arcanine, L50, M|\n|teampreview|4\n|inactive|Battle timer is ON: inactive players will automatically lose when time's up. (requested by suluxz)\nsuluxz has agreed to open team sheets.\n|\n|t:|1682567598\n|start\n|switch|p1a: Gyarados|Gyarados, L50, M|100\/100\n|switch|p1b: Great Tusk|Great Tusk, L50|100\/100\n|switch|p2a: Ting-Lu|Ting-Lu, L50|100\/100\n|switch|p2b: Dragonite|Dragonite, L50, F|100\/100\n|-ability|p1a: Gyarados|Intimidate|boost\n|-unboost|p2a: Ting-Lu|atk|1\n|-unboost|p2b: Dragonite|atk|1\n|-ability|p2a: Ting-Lu|Vessel of Ruin\n|turn|1\n|\n|t:|1682567619\n|switch|p2b: Arcanine|Arcanine, L50, M|100\/100\n|-ability|p2b: Arcanine|Intimidate|boost\n|-unboost|p1a: Gyarados|atk|1\n|-unboost|p1b: Great Tusk|atk|1\n|move|p1b: Great Tusk|Rock Slide|p2a: Ting-Lu|[spread] p2a,p2b\n|-resisted|p2a: Ting-Lu\n|-supereffective|p2b: Arcanine\n|-damage|p2a: Ting-Lu|96\/100\n|-damage|p2b: Arcanine|71\/100\n|move|p1a: Gyarados|Thunder Wave|p2b: Arcanine\n|-status|p2b: Arcanine|par\n|move|p2a: Ting-Lu|Ruination|p1b: Great Tusk\n|-damage|p1b: Great Tusk|50\/100\n|\n|upkeep\n|turn|2\n|\n|t:|1682567638\n|move|p1b: Great Tusk|Rock Slide|p2b: Arcanine|[spread] p2a,p2b\n|-resisted|p2a: Ting-Lu\n|-supereffective|p2b: Arcanine\n|-damage|p2a: Ting-Lu|92\/100\n|-damage|p2b: Arcanine|38\/100 par\n|move|p1a: Gyarados|Thunder Wave|p2a: Ting-Lu\n|-immune|p2a: Ting-Lu\n|cant|p2a: Ting-Lu|flinch\n|cant|p2b: Arcanine|flinch\n|\n|upkeep\n|turn|3\n|c|\u2606suluxz|pffft\n|c|\u2606suluxz|whatever\n|\n|t:|1682567658\n|move|p1b: Great Tusk|Rock Slide|p2b: Arcanine|[spread] p2a\n|-miss|p1b: Great Tusk|p2b: Arcanine\n|-resisted|p2a: Ting-Lu\n|-damage|p2a: Ting-Lu|87\/100\n|move|p1a: Gyarados|Waterfall|p2a: Ting-Lu\n|-supereffective|p2a: Ting-Lu\n|-damage|p2a: Ting-Lu|60\/100\n|cant|p2a: Ting-Lu|flinch\n|cant|p2b: Arcanine|par\n|\n|upkeep\n|turn|4\n|c|\u2606suluxz|pffft\n|c|\u2606suluxz|whatever\n|\n|t:|1682567678\n|move|p1b: Great Tusk|Rock Slide|p2a: Ting-Lu|[spread] p2a,p2b\n|-resisted|p2a: Ting-Lu\n|-supereffective|p2b: Arcanine\n|-damage|p2a: Ting-Lu|55\/100\n|-damage|p2b: Arcanine|9\/100 par\n|move|p1a: Gyarados|Waterfall|p2a: Ting-Lu\n|-supereffective|p2a: Ting-Lu\n|-damage|p2a: Ting-Lu|30\/100\n|cant|p2a: Ting-Lu|flinch\n|move|p2b: Arcanine|Will-O-Wisp|p1b: Great Tusk\n|-status|p1b: Great Tusk|brn\n|\n|-damage|p1b: Great Tusk|45\/100 brn|[from] brn\n|upkeep\n|turn|5\n|c|\u2606suluxz|whats that number 3?\n|c|\u2606suluxz|dont stop now keep them coming\n|\n|t:|1682567701\n|move|p2b: Arcanine|Extreme Speed|p1b: Great Tusk\n|-damage|p1b: Great Tusk|25\/100 brn\n|move|p1b: Great Tusk|Rock Slide|p2b: Arcanine|[spread] p2a,p2b\n|-resisted|p2a: Ting-Lu\n|-supereffective|p2b: Arcanine\n|-damage|p2a: Ting-Lu|28\/100\n|-damage|p2b: Arcanine|0 fnt\n|faint|p2b: Arcanine\n|move|p1a: Gyarados|Waterfall|p2a: Ting-Lu\n|-supereffective|p2a: Ting-Lu\n|-damage|p2a: Ting-Lu|0 fnt\n|faint|p2a: Ting-Lu\n|\n|-damage|p1b: Great Tusk|19\/100 brn|[from] brn\n|upkeep\n|\n|t:|1682567710\n|switch|p2b: Dragonite|Dragonite, L50, F|100\/100\n|switch|p2a: Flutter Mane|Flutter Mane, L50|100\/100\n|-enditem|p2a: Flutter Mane|Booster Energy\n|-activate|p2a: Flutter Mane|ability: Protosynthesis|[fromitem]\n|-start|p2a: Flutter Mane|protosynthesisspe\n|turn|6\n|\n|t:|1682567724\n|-terastallize|p2a: Flutter Mane|Fairy\n|move|p2b: Dragonite|Extreme Speed|p1a: Gyarados\n|-damage|p1a: Gyarados|63\/100\n|-damage|p2b: Dragonite|91\/100|[from] item: Life Orb\n|move|p2a: Flutter Mane|Dazzling Gleam|p1a: Gyarados|[spread] p1a,p1b\n|-crit|p1a: Gyarados\n|-supereffective|p1b: Great Tusk\n|-crit|p1b: Great Tusk\n|-damage|p1a: Gyarados|6\/100\n|-damage|p1b: Great Tusk|0 fnt\n|-enditem|p1a: Gyarados|Sitrus Berry|[eat]\n|-heal|p1a: Gyarados|31\/100|[from] item: Sitrus Berry\n|faint|p1b: Great Tusk\n|-end|p1b: Great Tusk|Protosynthesis|[silent]\n|move|p1a: Gyarados|Thunder Wave|p2a: Flutter Mane\n|-status|p2a: Flutter Mane|par\n|\n|upkeep\n|inactive|Valency GL has 30 seconds left.\n|\n|t:|1682567753\n|switch|p1b: Roaring Moon|Roaring Moon, L50, shiny|100\/100\n|-enditem|p1b: Roaring Moon|Booster Energy\n|-activate|p1b: Roaring Moon|ability: Protosynthesis|[fromitem]\n|-start|p1b: Roaring Moon|protosynthesisatk\n|turn|7\n|\n|t:|1682567772\n|-terastallize|p1b: Roaring Moon|Flying\n|move|p2b: Dragonite|Extreme Speed|p1a: Gyarados\n|-damage|p1a: Gyarados|0 fnt\n|faint|p1a: Gyarados\n|-damage|p2b: Dragonite|81\/100|[from] item: Life Orb\n|move|p1b: Roaring Moon|Dragon Dance|p1b: Roaring Moon\n|-boost|p1b: Roaring Moon|atk|1\n|-boost|p1b: Roaring Moon|spe|1\n|cant|p2a: Flutter Mane|par\n|\n|upkeep\n|\n|t:|1682567785\n|switch|p1a: Flutter Mane|Flutter Mane, L50|100\/100\n|turn|8\n|c|\u2606suluxz|seriously can I have a turn or not\n|inactive|suluxz has 30 seconds left.\n|\n|t:|1682567812\n|move|p2b: Dragonite|Extreme Speed|p1b: Roaring Moon\n|-damage|p1b: Roaring Moon|55\/100\n|-damage|p2b: Dragonite|72\/100|[from] item: Life Orb\n|move|p1b: Roaring Moon|Acrobatics|p2a: Flutter Mane\n|-damage|p2a: Flutter Mane|0 fnt\n|faint|p2a: Flutter Mane\n|-end|p2a: Flutter Mane|Protosynthesis|[silent]\n|move|p1a: Flutter Mane|Moonblast|p2b: Dragonite\n|-supereffective|p2b: Dragonite\n|-damage|p2b: Dragonite|0 fnt\n|faint|p2b: Dragonite\n|\n|win|Valency GL\n|raw|Valency GL's rating: 1402 → 1419<\/strong> (+17 for winning)\n|raw|suluxz's rating: 1345 → 1328<\/strong> (-17 for losing)\n|c|\u2606suluxz|kiss my ass\n|l|\u2606suluxz\n","uploadtime":1682567827,"views":10,"p1id":"valencygl","p2id":"suluxz","formatid":"gen9vgc2023regulationc","rating":1328,"private":0,"password":""}