{"id":"gen9vgc2023regulationc-1855137862","p1":"almo's world","p2":"jeffman323","format":"[Gen 9] VGC 2023 Regulation C","log":"|j|\u2606almo's world\n|j|\u2606jeffman323\n|t:|1682905880\n|gametype|doubles\n|player|p1|almo's world|grusha|1492\n|player|p2|jeffman323|steven|1573\n|teamsize|p1|6\n|teamsize|p2|6\n|gen|9\n|tier|[Gen 9] VGC 2023 Regulation C\n|rated|\n|rule|Species Clause: Limit one of each Pok\u00e9mon\n|rule|Item Clause: Limit one of each item\n|clearpoke\n|poke|p1|Chi-Yu, L50|\n|poke|p1|Dachsbun, L50, M|\n|poke|p1|Palafin, L50, F|\n|poke|p1|Magnezone, L50|\n|poke|p1|Amoonguss, L50, F|\n|poke|p1|Farigiraf, L50, F|\n|poke|p2|Hatterene, L50, F|\n|poke|p2|Azumarill, L50, M|\n|poke|p2|Slither Wing, L50|\n|poke|p2|Kingambit, L50, F|\n|poke|p2|Iron Hands, L50|\n|poke|p2|Stantler, L50, M|\n|teampreview|4\nalmo's world has agreed to open team sheets.\njeffman323 has agreed to open team sheets.\n|\n|t:|1682905927\n|start\n|switch|p1a: Chi-Yu|Chi-Yu, L50|100\/100\n|switch|p1b: Magnezone|Magnezone, L50|100\/100\n|switch|p2a: Iron Hands|Iron Hands, L50|100\/100\n|switch|p2b: Hatterene|Hatterene, L50, F|100\/100\n|-ability|p1a: Chi-Yu|Beads of Ruin\n|turn|1\n|\n|t:|1682905974\n|switch|p1b: Farigiraf|Farigiraf, L50, F|100\/100\n|move|p2a: Iron Hands|Fake Out||[still]\n|cant|p1b: Farigiraf|ability: Armor Tail|Fake Out|[of] p2a: Iron Hands\n|move|p1a: Chi-Yu|Overheat|p2b: Hatterene\n|-enditem|p2b: Hatterene|Focus Sash\n|-damage|p2b: Hatterene|1\/100\n|-unboost|p1a: Chi-Yu|spa|2\n|move|p2b: Hatterene|Trick Room|p2b: Hatterene\n|-fieldstart|move: Trick Room|[of] p2b: Hatterene\n|\n|upkeep\n|turn|2\n|j| StevyPKM\n|\n|t:|1682906022\n|switch|p1a: Amoonguss|Amoonguss, L50, F|100\/100\n|move|p2b: Hatterene|Dazzling Gleam|p1a: Amoonguss|[spread] p1a,p1b\n|-resisted|p1a: Amoonguss\n|-damage|p1a: Amoonguss|85\/100\n|-damage|p1b: Farigiraf|66\/100\n|move|p2a: Iron Hands|Thunder Punch|p1b: Farigiraf\n|-damage|p1b: Farigiraf|20\/100\n|move|p1b: Farigiraf|Dazzling Gleam|p2b: Hatterene|[spread] p2a,p2b\n|-supereffective|p2a: Iron Hands\n|-damage|p2a: Iron Hands|77\/100\n|-damage|p2b: Hatterene|0 fnt\n|faint|p2b: Hatterene\n|\n|upkeep\n|\n|t:|1682906034\n|switch|p2b: Kingambit|Kingambit, L50, F|100\/100\n|turn|3\n|l| StevyPKM\n|\n|t:|1682906105\n|-terastallize|p2b: Kingambit|Flying\n|move|p2b: Kingambit|Tera Blast|p1a: Amoonguss\n|-supereffective|p1a: Amoonguss\n|-damage|p1a: Amoonguss|17\/100\n|move|p2a: Iron Hands|Earthquake|p1a: Amoonguss|[spread] p1a,p1b\n|-immune|p2b: Kingambit\n|-damage|p1a: Amoonguss|0 fnt\n|-damage|p1b: Farigiraf|0 fnt\n|faint|p1a: Amoonguss\n|faint|p1b: Farigiraf\n|\n|upkeep\n|\n|t:|1682906117\n|switch|p1a: Magnezone|Magnezone, L50|100\/100\n|switch|p1b: Chi-Yu|Chi-Yu, L50|100\/100\n|-ability|p1b: Chi-Yu|Beads of Ruin\n|turn|4\n|\n|t:|1682906153\n|-terastallize|p1a: Magnezone|Flying\n|move|p2a: Iron Hands|Earthquake|p1b: Chi-Yu|[spread] p1b\n|-immune|p2b: Kingambit\n|-immune|p1a: Magnezone\n|-supereffective|p1b: Chi-Yu\n|-damage|p1b: Chi-Yu|4\/100\n|move|p2b: Kingambit|Iron Head|p1a: Magnezone\n|-damage|p1a: Magnezone|54\/100\n|move|p1a: Magnezone|Thunderbolt|p2b: Kingambit\n|-supereffective|p2b: Kingambit\n|-damage|p2b: Kingambit|0 fnt\n|faint|p2b: Kingambit\n|move|p1b: Chi-Yu|Overheat|p2a: Iron Hands\n|-damage|p2a: Iron Hands|18\/100\n|-unboost|p1b: Chi-Yu|spa|2\n|\n|upkeep\n|\n|t:|1682906163\n|switch|p2b: Slither Wing|Slither Wing, L50|100\/100\n|-enditem|p2b: Slither Wing|Booster Energy\n|-activate|p2b: Slither Wing|ability: Protosynthesis|[fromitem]\n|-start|p2b: Slither Wing|protosynthesisatk\n|turn|5\n|\n|t:|1682906188\n|move|p1b: Chi-Yu|Protect|p1b: Chi-Yu\n|-singleturn|p1b: Chi-Yu|Protect\n|move|p2b: Slither Wing|First Impression|p1b: Chi-Yu\n|-activate|p1b: Chi-Yu|move: Protect\n|move|p2a: Iron Hands|Thunder Punch|p1a: Magnezone\n|-supereffective|p1a: Magnezone\n|-damage|p1a: Magnezone|0 fnt\n|faint|p1a: Magnezone\n|\n|-fieldend|move: Trick Room\n|upkeep\n|turn|6\n|\n|t:|1682906206\n|move|p1b: Chi-Yu|Lava Plume|p2b: Slither Wing|[spread] p2a,p2b\n|-supereffective|p2b: Slither Wing\n|-damage|p2a: Iron Hands|4\/100\n|-damage|p2b: Slither Wing|54\/100\n|-status|p2a: Iron Hands|brn\n|-status|p2b: Slither Wing|brn\n|move|p2b: Slither Wing|Leech Life|p1b: Chi-Yu\n|-damage|p1b: Chi-Yu|0 fnt\n|-heal|p2b: Slither Wing|55\/100 brn|[from] drain|[of] p1b: Chi-Yu\n|faint|p1b: Chi-Yu\n|\n|win|jeffman323\n|raw|almo's world's rating: 1492 → 1477<\/strong> (-15 for losing)\n|raw|jeffman323's rating: 1573 → 1588<\/strong> (+15 for winning)\n","uploadtime":1682906209,"views":11,"p1id":"almosworld","p2id":"jeffman323","formatid":"gen9vgc2023regulationc","rating":1477,"private":0,"password":""}