{"id":"gen9vgc2023regulationc-1854802846","p1":"Cranklex2","p2":"CaliberChamp","format":"[Gen 9] VGC 2023 Regulation C","log":"|j|\u2606Cranklex2\n|j|\u2606CaliberChamp\n|t:|1682867850\n|gametype|doubles\n|player|p1|Cranklex2|265|1131\n|player|p2|CaliberChamp|red-masters|1135\n|teamsize|p1|6\n|teamsize|p2|6\n|gen|9\n|tier|[Gen 9] VGC 2023 Regulation C\n|rated|\n|rule|Species Clause: Limit one of each Pok\u00e9mon\n|rule|Item Clause: Limit one of each item\n|clearpoke\n|poke|p1|Braviary, L50, M|\n|poke|p1|Talonflame, L50, F|\n|poke|p1|Krookodile, L50, F|\n|poke|p1|Magnezone, L50|\n|poke|p1|Misdreavus, L50, M|\n|poke|p1|Cloyster, L50, F|\n|poke|p2|Quaquaval, L50, F|\n|poke|p2|Cyclizar, L50, M|\n|poke|p2|Armarouge, L50, M|\n|poke|p2|Ceruledge, L50, F|\n|poke|p2|Iron Bundle, L50|\n|poke|p2|Iron Valiant, L50|\n|teampreview|4\n|inactive|Battle timer is ON: inactive players will automatically lose when time's up. (requested by Cranklex2)\n|\n|t:|1682867894\n|start\n|switch|p1a: Braviary|Braviary, L50, M|100\/100\n|switch|p1b: Talonflame|Talonflame, L50, F|100\/100\n|switch|p2a: Armarouge|Armarouge, L50, M|100\/100\n|switch|p2b: Ceruledge|Ceruledge, L50, F|100\/100\n|turn|1\n|\n|t:|1682867915\n|move|p2b: Ceruledge|Protect|p2b: Ceruledge\n|-singleturn|p2b: Ceruledge|Protect\n|move|p1b: Talonflame|Tailwind|p1b: Talonflame\n|-sidestart|p1: Cranklex2|move: Tailwind\n|move|p1a: Braviary|Sky Attack||[still]\n|-prepare|p1a: Braviary|Sky Attack\n|-enditem|p1a: Braviary|Power Herb\n|-anim|p1a: Braviary|Sky Attack|p2a: Armarouge\n|-damage|p2a: Armarouge|48\/100\n|move|p2a: Armarouge|Trick Room|p2a: Armarouge\n|-fieldstart|move: Trick Room|[of] p2a: Armarouge\n|\n|upkeep\n|turn|2\n|inactive|Cranklex2 has 30 seconds left.\n|\n|t:|1682867940\n|-terastallize|p1a: Braviary|Flying\n|move|p1b: Talonflame|Brave Bird|p2a: Armarouge\n|-damage|p2a: Armarouge|17\/100\n|-damage|p1b: Talonflame|90\/100|[from] Recoil\n|move|p2a: Armarouge|Lava Plume|p1a: Braviary|[spread] p1a,p1b\n|-start|p2b: Ceruledge|ability: Flash Fire\n|-resisted|p1b: Talonflame\n|-damage|p1a: Braviary|71\/100\n|-damage|p1b: Talonflame|75\/100\n|-status|p1a: Braviary|brn\n|move|p2b: Ceruledge|Bitter Blade|p1a: Braviary\n|-damage|p1a: Braviary|0 fnt\n|faint|p1a: Braviary\n|\n|upkeep\n|\n|t:|1682867958\n|switch|p1a: Krookodile|Krookodile, L50, F|100\/100\n|turn|3\n|\n|t:|1682867969\n|move|p1a: Krookodile|Protect|p1a: Krookodile\n|-singleturn|p1a: Krookodile|Protect\n|move|p2a: Armarouge|Wide Guard|p2a: Armarouge\n|-singleturn|p2a: Armarouge|Wide Guard\n|move|p1b: Talonflame|Feint|p2a: Armarouge\n|-activate|p2a: Armarouge|move: Feint\n|-damage|p2a: Armarouge|12\/100\n|move|p2b: Ceruledge|Bitter Blade|p1a: Krookodile\n|-activate|p1a: Krookodile|move: Protect\n|\n|upkeep\n|turn|4\n|\n|t:|1682867990\n|move|p2a: Armarouge|Helping Hand|p2b: Ceruledge\n|-singleturn|p2b: Ceruledge|Helping Hand|[of] p2a: Armarouge\n|move|p1b: Talonflame|Feint|p2a: Armarouge\n|-damage|p2a: Armarouge|6\/100\n|move|p2b: Ceruledge|Bitter Blade|p1a: Krookodile\n|-damage|p1a: Krookodile|0 fnt\n|faint|p1a: Krookodile\n|\n|-sideend|p1: Cranklex2|move: Tailwind\n|upkeep\n|\n|t:|1682868001\n|switch|p1a: Misdreavus|Misdreavus, L50, M|100\/100\n|turn|5\n|\n|t:|1682868016\n|move|p2a: Armarouge|Helping Hand|p2b: Ceruledge\n|-singleturn|p2b: Ceruledge|Helping Hand|[of] p2a: Armarouge\n|move|p2b: Ceruledge|Shadow Sneak|p1b: Talonflame\n|-damage|p1b: Talonflame|35\/100\n|-enditem|p1b: Talonflame|Sitrus Berry|[eat]\n|-heal|p1b: Talonflame|59\/100|[from] item: Sitrus Berry\n|move|p1a: Misdreavus|Hex|p2b: Ceruledge\n|-supereffective|p2b: Ceruledge\n|-damage|p2b: Ceruledge|58\/100\n|-enditem|p2b: Ceruledge|Weakness Policy\n|-boost|p2b: Ceruledge|atk|2|[from] item: Weakness Policy\n|-boost|p2b: Ceruledge|spa|2|[from] item: Weakness Policy\n|move|p1b: Talonflame|Brave Bird|p2b: Ceruledge\n|-damage|p2b: Ceruledge|6\/100\n|-damage|p1b: Talonflame|43\/100|[from] Recoil\n|\n|-fieldend|move: Trick Room\n|upkeep\n|turn|6\n|inactive|CaliberChamp has 30 seconds left.\n|inactive|CaliberChamp has 20 seconds left.\n|\n|t:|1682868053\n|move|p2a: Armarouge|Helping Hand|p2b: Ceruledge\n|-singleturn|p2b: Ceruledge|Helping Hand|[of] p2a: Armarouge\n|move|p1b: Talonflame|Feint|p2b: Ceruledge\n|-immune|p2b: Ceruledge\n|move|p2b: Ceruledge|Shadow Sneak|p1b: Talonflame\n|-damage|p1b: Talonflame|0 fnt\n|faint|p1b: Talonflame\n|move|p1a: Misdreavus|Hex|p2a: Armarouge\n|-supereffective|p2a: Armarouge\n|-damage|p2a: Armarouge|0 fnt\n|faint|p2a: Armarouge\n|\n|upkeep\n|\n|t:|1682868069\n|switch|p2a: Delibundle|Iron Bundle, L50|100\/100\n|turn|7\n|\n|t:|1682868078\n|move|p2b: Ceruledge|Shadow Sneak|p1a: Misdreavus\n|-supereffective|p1a: Misdreavus\n|-damage|p1a: Misdreavus|20\/100\n|move|p2a: Delibundle|Freeze-Dry|p1a: Misdreavus\n|-damage|p1a: Misdreavus|0 fnt\n|faint|p1a: Misdreavus\n|\n|win|CaliberChamp\n|raw|Cranklex2's rating: 1131 → 1106<\/strong> (-25 for losing)\n|raw|CaliberChamp's rating: 1135 → 1160<\/strong> (+25 for winning)\n|l|\u2606Cranklex2\n","uploadtime":1682868113,"views":14,"p1id":"cranklex2","p2id":"caliberchamp","formatid":"gen9vgc2023regulationc","rating":1106,"private":0,"password":""}