{"id":"gen9vgc2023regulationc-1861037464","p1":"TheDondozomain","p2":"UrMomSlayer500","format":"[Gen 9] VGC 2023 Regulation C","log":"|j|\u2606TheDondozomain\n|j|\u2606UrMomSlayer500\n|t:|1683718684\n|gametype|doubles\n|player|p1|TheDondozomain|266|1109\n|player|p2|UrMomSlayer500|workerice|1000\n|teamsize|p1|6\n|teamsize|p2|6\n|gen|9\n|tier|[Gen 9] VGC 2023 Regulation C\n|rated|\n|rule|Species Clause: Limit one of each Pok\u00e9mon\n|rule|Item Clause: Limit one of each item\n|clearpoke\n|poke|p1|Palafin, L50, M|\n|poke|p1|Chien-Pao, L50|\n|poke|p1|Dragapult, L50, F|\n|poke|p1|Amoonguss, L50, F|\n|poke|p1|Arcanine, L50, M|\n|poke|p1|Flutter Mane, L50|\n|poke|p2|Dragonite, L50, F|\n|poke|p2|Flutter Mane, L50|\n|poke|p2|Ting-Lu, L50|\n|poke|p2|Amoonguss, L50, M|\n|poke|p2|Arcanine, L50, M|\n|poke|p2|Palafin, L50, F|\n|teampreview|4\n|inactive|Battle timer is ON: inactive players will automatically lose when time's up. (requested by UrMomSlayer500)\n|\n|t:|1683718716\n|start\n|switch|p1a: Dnite|Dragapult, L50, F|100\/100\n|switch|p1b: ChiYu|Arcanine, L50, M|100\/100\n|switch|p2a: Palafin|Palafin, L50, F|100\/100\n|switch|p2b: Amoonguss|Amoonguss, L50, M|100\/100\n|-ability|p1b: ChiYu|Intimidate|boost\n|-unboost|p2a: Palafin|atk|1\n|-unboost|p2b: Amoonguss|atk|1\n|turn|1\n|\n|t:|1683718737\n|detailschange|p2a: Palafin|Palafin-Hero, L50, F\n|switch|p2a: Arcanine|Arcanine, L50, M|100\/100\n|-ability|p2a: Arcanine|Intimidate|boost\n|-fail|p1a: Dnite|unboost|[from] ability: Clear Body|[of] p1a: Dnite\n|-unboost|p1b: ChiYu|atk|1\n|move|p2b: Amoonguss|Protect|p2b: Amoonguss\n|-singleturn|p2b: Amoonguss|Protect\n|move|p1a: Dnite|Dragon Darts|p2a: Arcanine\n|-damage|p2a: Arcanine|65\/100\n|-anim|p1a: Dnite|Dragon Darts|p2a: Arcanine\n|-damage|p2a: Arcanine|31\/100\n|move|p1b: ChiYu|Flare Blitz|p2b: Amoonguss\n|-activate|p2b: Amoonguss|move: Protect\n|\n|upkeep\n|turn|2\n|inactive|TheDondozomain has 30 seconds left.\n|\n|t:|1683718764\n|move|p1a: Dnite|Dragon Darts|p2a: Arcanine\n|-damage|p2a: Arcanine|0 fnt\n|-anim|p1a: Dnite|Dragon Darts|p2b: Amoonguss\n|-damage|p2b: Amoonguss|69\/100\n|faint|p2a: Arcanine\n|move|p1b: ChiYu|Flare Blitz|p2b: Amoonguss\n|-supereffective|p2b: Amoonguss\n|-damage|p2b: Amoonguss|17\/100\n|-enditem|p2b: Amoonguss|Sitrus Berry|[eat]\n|-heal|p2b: Amoonguss|42\/100|[from] item: Sitrus Berry\n|-damage|p1b: ChiYu|81\/100|[from] Recoil\n|move|p2b: Amoonguss|Spore|p1b: ChiYu\n|-activate|p1b: ChiYu|item: Safety Goggles|Spore\n|\n|upkeep\n|\n|t:|1683718780\n|switch|p2a: Flutter Mane|Flutter Mane, L50|100\/100\n|-enditem|p2a: Flutter Mane|Booster Energy\n|-activate|p2a: Flutter Mane|ability: Protosynthesis|[fromitem]\n|-start|p2a: Flutter Mane|protosynthesisspe\n|turn|3\n|\n|t:|1683718805\n|switch|p1a: Bundle|Chien-Pao, L50|100\/100\n|-ability|p1a: Bundle|Sword of Ruin\n|move|p2b: Amoonguss|Protect|p2b: Amoonguss\n|-singleturn|p2b: Amoonguss|Protect\n|move|p2a: Flutter Mane|Moonblast|p1a: Bundle\n|-supereffective|p1a: Bundle\n|-enditem|p1a: Bundle|Focus Sash\n|-damage|p1a: Bundle|1\/100\n|-unboost|p1a: Bundle|spa|1\n|move|p1b: ChiYu|Will-O-Wisp|p2a: Flutter Mane\n|-status|p2a: Flutter Mane|brn\n|\n|-damage|p2a: Flutter Mane|94\/100 brn|[from] brn\n|upkeep\n|turn|4\n|inactive|UrMomSlayer500 has 30 seconds left.\n|inactive|TheDondozomain has 30 seconds left.\n|inactive|UrMomSlayer500 has 20 seconds left.\n|\n|t:|1683718840\n|move|p2a: Flutter Mane|Protect|p2a: Flutter Mane\n|-singleturn|p2a: Flutter Mane|Protect\n|move|p1a: Bundle|Protect|p1a: Bundle\n|-singleturn|p1a: Bundle|Protect\n|move|p1b: ChiYu|Flare Blitz|p2b: Amoonguss\n|-supereffective|p2b: Amoonguss\n|-damage|p2b: Amoonguss|0 fnt\n|faint|p2b: Amoonguss\n|-damage|p1b: ChiYu|66\/100|[from] Recoil\n|\n|-damage|p2a: Flutter Mane|88\/100 brn|[from] brn\n|upkeep\n|\n|t:|1683718851\n|switch|p2b: Palafin|Palafin-Hero, L50, F|100\/100\n|-activate|p2b: Palafin|ability: Zero to Hero\n|turn|5\n|inactive|TheDondozomain has 30 seconds left.\n|inactive|TheDondozomain has 20 seconds left.\n|\n|t:|1683718889\n|-terastallize|p1b: ChiYu|Flying\n|-terastallize|p2b: Palafin|Water\n|move|p1a: Bundle|Sucker Punch|p2a: Flutter Mane\n|-damage|p2a: Flutter Mane|0 fnt\n|faint|p2a: Flutter Mane\n|-end|p2a: Flutter Mane|Protosynthesis|[silent]\n|move|p1b: ChiYu|Will-O-Wisp|p2b: Palafin\n|-status|p2b: Palafin|brn\n|move|p2b: Palafin|Wave Crash|p1b: ChiYu\n|-damage|p1b: ChiYu|0 fnt\n|faint|p1b: ChiYu\n|-damage|p2b: Palafin|80\/100 brn|[from] Recoil\n|\n|-damage|p2b: Palafin|74\/100 brn|[from] brn\n|upkeep\n|\n|t:|1683718907\n|switch|p1b: Dnite|Dragapult, L50, F|100\/100\n|turn|6\n|\n|t:|1683718917\n|move|p2b: Palafin|Jet Punch|p1a: Bundle\n|-damage|p1a: Bundle|0 fnt\n|faint|p1a: Bundle\n|move|p1b: Dnite|Dragon Darts|p2b: Palafin\n|-damage|p2b: Palafin|44\/100 brn\n|-anim|p1b: Dnite|Dragon Darts|p2b: Palafin\n|-damage|p2b: Palafin|14\/100 brn\n|\n|-damage|p2b: Palafin|8\/100 brn|[from] brn\n|upkeep\n|\n|t:|1683718926\n|switch|p1a: Mimi|Flutter Mane, L50|100\/100\n|-enditem|p1a: Mimi|Booster Energy\n|-activate|p1a: Mimi|ability: Protosynthesis|[fromitem]\n|-start|p1a: Mimi|protosynthesisspa\n|turn|7\n|\n|t:|1683718933\n|move|p2b: Palafin|Jet Punch|p1a: Mimi\n|-damage|p1a: Mimi|56\/100\n|move|p1b: Dnite|Dragon Darts|p2b: Palafin\n|-damage|p2b: Palafin|0 fnt\n|faint|p2b: Palafin\n|\n|win|TheDondozomain\n|raw|TheDondozomain's rating: 1109 → 1126<\/strong> (+17 for winning)\n|raw|UrMomSlayer500's rating: 1000 → 1000<\/strong> (+0 for losing)\n|c|\u2606TheDondozomain|gg\n|l|\u2606UrMomSlayer500\n||Ladder isn't responding, score probably updated but might not have (Request timeout).\n","uploadtime":1683719330,"views":13,"p1id":"thedondozomain","p2id":"urmomslayer500","formatid":"gen9vgc2023regulationc","rating":1000,"private":0,"password":""}