{"id":"gen9vgc2023regulationc-1855388268","p1":"Aldrich DL","p2":"Bullish21","format":"[Gen 9] VGC 2023 Regulation C","log":"|j|\u2606Aldrich DL\n|j|\u2606Bullish21\n|t:|1682946340\n|gametype|doubles\n|player|p1|Aldrich DL|richboy-gen6|\n|player|p2|Bullish21|riley|\n|teamsize|p1|6\n|teamsize|p2|6\n|gen|9\n|tier|[Gen 9] VGC 2023 Regulation C\n|rule|Species Clause: Limit one of each Pok\u00e9mon\n|rule|Item Clause: Limit one of each item\n|clearpoke\n|poke|p1|Armarouge, L50, F|\n|poke|p1|Dragapult, L50, F|\n|poke|p1|Rotom-Wash, L50|\n|poke|p1|Indeedee-F, L50, F|\n|poke|p1|Ceruledge, L50, F|\n|poke|p1|Hawlucha, L50, M|\n|poke|p2|Brambleghast, L50, M|\n|poke|p2|Ursaring, L50, F|\n|poke|p2|Lucario, L50, M|\n|poke|p2|Indeedee-F, L50, F|\n|poke|p2|Sylveon, L50, F|\n|poke|p2|Hatterene, L50, F|\n|teampreview|4\nAldrich DL has agreed to open team sheets.\nBullish21 has agreed to open team sheets.\n|c|\u2606Bullish21|gl hf\n|c|\u2606Aldrich DL|ty u2\n|\n|t:|1682946415\n|start\n|switch|p1a: d|Dragapult, L50, F|100\/100\n|switch|p1b: a|Armarouge, L50, F|100\/100\n|switch|p2a: Brambleghast|Brambleghast, L50, M|100\/100\n|switch|p2b: Lucario|Lucario, L50, M|100\/100\n|turn|1\n|\n|t:|1682946451\n|-terastallize|p2b: Lucario|Dark\n|move|p1a: d|U-turn|p2a: Brambleghast\n|-damage|p2a: Brambleghast|59\/100\n|\n|t:|1682946456\n|switch|p1a: i|Indeedee-F, L50, F|100\/100|[from] U-turn\n|-fieldstart|move: Psychic Terrain|[from] ability: Psychic Surge|[of] p1a: i\n|move|p2a: Brambleghast|Beat Up|p2b: Lucario\n|-resisted|p2b: Lucario\n|-damage|p2b: Lucario|96\/100\n|-ability|p2b: Lucario|Justified|boost\n|-boost|p2b: Lucario|atk|1\n|-resisted|p2b: Lucario\n|-damage|p2b: Lucario|90\/100\n|-ability|p2b: Lucario|Justified|boost\n|-boost|p2b: Lucario|atk|1\n|-resisted|p2b: Lucario\n|-damage|p2b: Lucario|86\/100\n|-ability|p2b: Lucario|Justified|boost\n|-boost|p2b: Lucario|atk|1\n|-resisted|p2b: Lucario\n|-damage|p2b: Lucario|83\/100\n|-ability|p2b: Lucario|Justified|boost\n|-boost|p2b: Lucario|atk|1\n|-hitcount|p2b: Lucario|4\n|move|p2b: Lucario|Crunch|p1a: i\n|-supereffective|p1a: i\n|-damage|p1a: i|0 fnt\n|faint|p1a: i\n|move|p1b: a|Expanding Force|p2b: Lucario|[spread] p2a\n|-immune|p2b: Lucario\n|-damage|p2a: Brambleghast|0 fnt\n|faint|p2a: Brambleghast\n|\n|upkeep\n|\n|t:|1682946485\n|switch|p2a: Hatterene|Hatterene, L50, F|100\/100\n|switch|p1a: d|Dragapult, L50, F|100\/100\n|turn|2\n|\n|t:|1682946496\n|move|p1a: d|U-turn|p1b: a\n|-damage|p1b: a|78\/100\n|-ability|p1b: a|Weak Armor|boost\n|-unboost|p1b: a|def|1\n|-boost|p1b: a|spe|2\n|\n|t:|1682946502\n|switch|p1a: c|Ceruledge, L50, F|100\/100|[from] U-turn\n|move|p1b: a|Armor Cannon|p2b: Lucario\n|-damage|p2b: Lucario|0 fnt\n|-unboost|p1b: a|def|1\n|-unboost|p1b: a|spd|1\n|faint|p2b: Lucario\n|move|p2a: Hatterene|Dazzling Gleam|p1b: a|[spread] p1a,p1b\n|-resisted|p1a: c\n|-resisted|p1b: a\n|-damage|p1a: c|86\/100\n|-damage|p1b: a|48\/100\n|\n|upkeep\n|c|\u2606Aldrich DL|oh..\n|\n|t:|1682946513\n|switch|p2b: Sylveon|Sylveon, L50, F|100\/100\n|turn|3\n|\n|t:|1682946532\n|-terastallize|p1a: c|Steel\n|move|p1b: a|Expanding Force|p2b: Sylveon|[spread] p2a,p2b\n|-resisted|p2a: Hatterene\n|-damage|p2a: Hatterene|69\/100\n|-damage|p2b: Sylveon|51\/100\n|move|p1a: c|Bitter Blade|p2a: Hatterene\n|-damage|p2a: Hatterene|15\/100\n|-heal|p1a: c|100\/100|[from] drain|[of] p2a: Hatterene\n|move|p2b: Sylveon|Hyper Voice|p1a: c|[spread] p1a,p1b\n|-resisted|p1a: c\n|-resisted|p1b: a\n|-damage|p1a: c|75\/100\n|-damage|p1b: a|0 fnt\n|faint|p1b: a\n|move|p2a: Hatterene|Trick Room|p2a: Hatterene\n|-fieldstart|move: Trick Room|[of] p2a: Hatterene\n|\n|upkeep\n|\n|t:|1682946541\n|switch|p1b: d|Dragapult, L50, F|100\/100\n|turn|4\n|\n|t:|1682946554\n|move|p1b: d|Protect|p1b: d\n|-singleturn|p1b: d|Protect\n|move|p2a: Hatterene|Dazzling Gleam|p1a: c|[spread] p1a\n|-activate|p1b: d|move: Protect\n|-resisted|p1a: c\n|-damage|p1a: c|60\/100\n|move|p2b: Sylveon|Hyper Voice|p1a: c|[spread] p1a\n|-activate|p1b: d|move: Protect\n|-resisted|p1a: c\n|-damage|p1a: c|30\/100\n|move|p1a: c|Bitter Blade|p2a: Hatterene\n|-damage|p2a: Hatterene|0 fnt\n|-heal|p1a: c|37\/100|[from] drain|[of] p2a: Hatterene\n|faint|p2a: Hatterene\n|\n|upkeep\n|turn|5\n|\n|t:|1682946573\n|move|p1a: c|Protect|p1a: c\n|-singleturn|p1a: c|Protect\n|move|p2b: Sylveon|Hyper Voice|p1b: d|[spread] p1b\n|-activate|p1a: c|move: Protect\n|-supereffective|p1b: d\n|-damage|p1b: d|0 fnt\n|faint|p1b: d\n|\n|-fieldend|move: Psychic Terrain\n|upkeep\n|turn|6\n|\n|t:|1682946583\n|move|p2b: Sylveon|Hyper Voice|p1a: c\n|-resisted|p1a: c\n|-damage|p1a: c|2\/100\n|move|p1a: c|Bitter Blade|p2b: Sylveon\n|-damage|p2b: Sylveon|0 fnt\n|-heal|p1a: c|30\/100|[from] drain|[of] p2b: Sylveon\n|faint|p2b: Sylveon\n|\n|win|Aldrich DL\n|c|\u2606Bullish21|gg\n|c|\u2606Aldrich DL|gg\n|l|\u2606Bullish21\n","uploadtime":1682946854,"views":21,"p1id":"aldrichdl","p2id":"bullish21","formatid":"gen9vgc2023regulationc","rating":0,"private":0,"password":""}