{"id":"gen9vgc2023regulationc-1856298161","p1":"squazo","p2":"Craw619","format":"[Gen 9] VGC 2023 Regulation C","log":"|j|\u2606squazo\n|j|\u2606Craw619\n|t:|1683048691\n|gametype|doubles\n|player|p1|squazo|265|1147\n|player|p2|Craw619|1|1152\n|teamsize|p1|6\n|teamsize|p2|6\n|gen|9\n|tier|[Gen 9] VGC 2023 Regulation C\n|rated|\n|rule|Species Clause: Limit one of each Pok\u00e9mon\n|rule|Item Clause: Limit one of each item\n|clearpoke\n|poke|p1|Great Tusk, L50|\n|poke|p1|Talonflame, L50, M|\n|poke|p1|Palafin, L50, F|\n|poke|p1|Tinkaton, L50, F|\n|poke|p1|Iron Moth, L50|\n|poke|p1|Dragonite, L50, F|\n|poke|p2|Ting-Lu, L50|\n|poke|p2|Abomasnow, L50, F|\n|poke|p2|Beartic, L50, F|\n|poke|p2|Cryogonal, L50|\n|poke|p2|Garganacl, L50, M|\n|poke|p2|Kingambit, L50, F|\n|teampreview|4\n|inactive|Battle timer is ON: inactive players will automatically lose when time's up. (requested by Craw619)\nsquazo has agreed to open team sheets.\n|\n|t:|1683048706\n|start\n|switch|p1a: french bird|Talonflame, L50, M|100\/100\n|switch|p1b: TinkaBONK !|Tinkaton, L50, F|100\/100\n|switch|p2a: Abomasnow|Abomasnow, L50, F, shiny|100\/100\n|switch|p2b: Beartic|Beartic, L50, F, shiny|100\/100\n|-ability|p1b: TinkaBONK !|Mold Breaker\n|-weather|Snow|[from] ability: Snow Warning|[of] p2a: Abomasnow\n|turn|1\n|\n|t:|1683048719\n|-terastallize|p2a: Abomasnow|Water\n|move|p2b: Beartic|Sheer Cold|p1a: french bird|[miss]\n|-miss|p2b: Beartic|p1a: french bird\n|move|p1a: french bird|Will-O-Wisp|p2b: Beartic\n|-status|p2b: Beartic|brn\n|move|p1b: TinkaBONK !|Swords Dance|p1b: TinkaBONK !\n|-boost|p1b: TinkaBONK !|atk|2\n|move|p2a: Abomasnow|Aurora Veil|p2a: Abomasnow\n|-sidestart|p2: Craw619|move: Aurora Veil\n|\n|-weather|Snow|[upkeep]\n|-damage|p2b: Beartic|95\/100 brn|[from] brn\n|upkeep\n|turn|2\n|\n|t:|1683048737\n|move|p1a: french bird|Tailwind|p1a: french bird\n|-sidestart|p1: squazo|move: Tailwind\n|move|p1b: TinkaBONK !|Swords Dance|p1b: TinkaBONK !\n|-boost|p1b: TinkaBONK !|atk|2\n|move|p2b: Beartic|Sheer Cold|p1b: TinkaBONK !\n|-damage|p1b: TinkaBONK !|0 fnt\n|faint|p1b: TinkaBONK !\n|-ohko\n|move|p2a: Abomasnow|Sheer Cold|p1a: french bird|[miss]\n|-miss|p2a: Abomasnow|p1a: french bird\n|\n|-weather|Snow|[upkeep]\n|-damage|p2b: Beartic|89\/100 brn|[from] brn\n|upkeep\n|\n|t:|1683048746\n|switch|p1b: the sun|Iron Moth, L50|100\/100\n|-enditem|p1b: the sun|Booster Energy\n|-activate|p1b: the sun|ability: Quark Drive|[fromitem]\n|-start|p1b: the sun|quarkdrivespa\n|turn|3\n|\n|t:|1683048756\n|move|p1a: french bird|Brave Bird|p2a: Abomasnow\n|-damage|p2a: Abomasnow|74\/100\n|-damage|p1a: french bird|89\/100|[from] Recoil\n|move|p1b: the sun|Fiery Dance|p2b: Beartic\n|-supereffective|p2b: Beartic\n|-damage|p2b: Beartic|3\/100 brn\n|-boost|p1b: the sun|spa|1\n|move|p2b: Beartic|Sheer Cold|p1b: the sun|[miss]\n|-miss|p2b: Beartic|p1b: the sun\n|move|p2a: Abomasnow|Sheer Cold|p1b: the sun|[miss]\n|-miss|p2a: Abomasnow|p1b: the sun\n|\n|-weather|Snow|[upkeep]\n|-damage|p2b: Beartic|0 fnt|[from] brn\n|faint|p2b: Beartic\n|upkeep\n|\n|t:|1683048771\n|switch|p2b: Cryogonal|Cryogonal, L50, shiny|100\/100\n|turn|4\n|\n|t:|1683048781\n|move|p1a: french bird|Taunt|p2b: Cryogonal\n|-start|p2b: Cryogonal|move: Taunt\n|-enditem|p2b: Cryogonal|Mental Herb\n|-end|p2b: Cryogonal|move: Taunt\n|move|p1b: the sun|Sludge Wave|p2a: Abomasnow|[spread] p1a,p2a,p2b\n|-damage|p1a: french bird|0 fnt\n|-damage|p2a: Abomasnow|23\/100\n|-damage|p2b: Cryogonal|65\/100\n|faint|p1a: french bird\n|move|p2b: Cryogonal|Sheer Cold|p1b: the sun|[miss]\n|-miss|p2b: Cryogonal|p1b: the sun\n|move|p2a: Abomasnow|Sheer Cold|p1b: the sun|[miss]\n|-miss|p2a: Abomasnow|p1b: the sun\n|\n|-weather|Snow|[upkeep]\n|upkeep\n|\n|t:|1683048792\n|switch|p1a: eq go brrrrrrrr|Great Tusk, L50|100\/100\n|turn|5\n|\n|t:|1683048800\n|-terastallize|p1b: the sun|Flying\n|move|p1b: the sun|Fiery Dance|p2b: Cryogonal\n|-supereffective|p2b: Cryogonal\n|-damage|p2b: Cryogonal|0 fnt\n|-boost|p1b: the sun|spa|1\n|faint|p2b: Cryogonal\n|move|p1a: eq go brrrrrrrr|Earthquake|p2a: Abomasnow|[spread] p2a\n|-immune|p1b: the sun\n|-crit|p2a: Abomasnow\n|-damage|p2a: Abomasnow|0 fnt\n|faint|p2a: Abomasnow\n|\n|-weather|none\n|-sideend|p1: squazo|move: Tailwind\n|upkeep\n|\n|t:|1683048809\n|switch|p2a: Kingambit|Kingambit, L50, F, shiny|100\/100\n|turn|6\n|c|\u2606squazo|fuck ohko spammers\n|\n|t:|1683048826\n|move|p1b: the sun|Fiery Dance|p2a: Kingambit\n|-supereffective|p2a: Kingambit\n|-damage|p2a: Kingambit|0 fnt\n|-boost|p1b: the sun|spa|1\n|faint|p2a: Kingambit\n|\n|win|squazo\n|raw|squazo's rating: 1147 → 1172<\/strong> (+25 for winning)\n|raw|Craw619's rating: 1152 → 1127<\/strong> (-25 for losing)\n|l|\u2606Craw619\n","uploadtime":1683048824,"views":11,"p1id":"squazo","p2id":"craw619","formatid":"gen9vgc2023regulationc","rating":1127,"private":0,"password":""}