{"id":"gen9vgc2023regulationc-1845724427","p1":"Valhala Alfa","p2":"DominosOldCrust","format":"[Gen 9] VGC 2023 Regulation C","log":"|j|\u2606Valhala Alfa\n|j|\u2606DominosOldCrust\n|t:|1681758768\n|gametype|doubles\n|player|p1|Valhala Alfa|1|1229\n|player|p2|DominosOldCrust|cyclist|1164\n|teamsize|p1|6\n|teamsize|p2|6\n|gen|9\n|tier|[Gen 9] VGC 2023 Regulation C\n|rated|\n|rule|Species Clause: Limit one of each Pok\u00e9mon\n|rule|Item Clause: Limit one of each item\n|clearpoke\n|poke|p1|Gyarados, L50, F|\n|poke|p1|Maushold, L50|\n|poke|p1|Annihilape, L50, F|\n|poke|p1|Ampharos, L50, F|\n|poke|p1|Baxcalibur, L50, M|\n|poke|p1|Amoonguss, L50, F|\n|poke|p2|Dondozo, L50, F|\n|poke|p2|Tatsugiri-Droopy, L50, F|\n|poke|p2|Pelipper, L50, F|\n|poke|p2|Drednaw, L50, M|\n|poke|p2|Dragonite, L50, F|\n|poke|p2|Chien-Pao, L50|\n|teampreview|4\n|inactive|Battle timer is ON: inactive players will automatically lose when time's up. (requested by Valhala Alfa)\n|\n|t:|1681758795\n|start\n|switch|p1a: Amoonguss|Amoonguss, L50, F|100\/100\n|switch|p1b: Ampharos|Ampharos, L50, F|100\/100\n|switch|p2a: Dragonite|Dragonite, L50, F|100\/100\n|switch|p2b: Pelipper|Pelipper, L50, F|100\/100\n|-weather|RainDance|[from] ability: Drizzle|[of] p2b: Pelipper\n|turn|1\n|\n|t:|1681758817\n|move|p2a: Dragonite|Protect|p2a: Dragonite\n|-singleturn|p2a: Dragonite|Protect\n|move|p1a: Amoonguss|Rage Powder|p1a: Amoonguss\n|-singleturn|p1a: Amoonguss|move: Rage Powder\n|move|p2b: Pelipper|Tailwind|p2b: Pelipper\n|-sidestart|p2: DominosOldCrust|move: Tailwind\n|move|p1b: Ampharos|Volt Switch|p2b: Pelipper\n|-supereffective|p2b: Pelipper\n|-damage|p2b: Pelipper|0 fnt\n|faint|p2b: Pelipper\n|\n|t:|1681758831\n|switch|p1b: Maushold|Maushold, L50|100\/100|[from] Volt Switch\n|\n|-weather|RainDance|[upkeep]\n|upkeep\n|\n|t:|1681758836\n|switch|p2b: Dondozo|Dondozo, L50, F|100\/100\n|turn|2\n|\n|t:|1681758858\n|switch|p2a: Tatsugiri|Tatsugiri-Droopy, L50, F, shiny|100\/100\n|-activate|p2a: Tatsugiri|ability: Commander|[of] p2b: Dondozo\n|-boost|p2b: Dondozo|atk|2\n|-boost|p2b: Dondozo|spa|2\n|-boost|p2b: Dondozo|spe|2\n|-boost|p2b: Dondozo|def|2\n|-boost|p2b: Dondozo|spd|2\n|move|p2b: Dondozo|Surf|p1b: Maushold|[spread] p1a,p1b\n|-miss|p2b: Dondozo|p2a: Tatsugiri\n|-resisted|p1a: Amoonguss\n|-damage|p1a: Amoonguss|70\/100\n|-damage|p1b: Maushold|17\/100\n|-enditem|p1b: Maushold|Sitrus Berry|[eat]\n|-heal|p1b: Maushold|41\/100|[from] item: Sitrus Berry\n|-damage|p2b: Dondozo|91\/100|[from] item: Life Orb\n|move|p1b: Maushold|Super Fang|p2a: Tatsugiri|[miss]\n|-miss|p1b: Maushold|p2a: Tatsugiri\n|move|p1a: Amoonguss|Spore|p2b: Dondozo\n|-status|p2b: Dondozo|slp|[from] move: Spore\n|\n|-weather|RainDance|[upkeep]\n|upkeep\n|turn|3\n|inactive|Valhala Alfa has 30 seconds left.\n|\n|t:|1681758884\n|switch|p1b: Ampharos|Ampharos, L50, F|100\/100\n|cant|p2b: Dondozo|slp\n|move|p1a: Amoonguss|Clear Smog|p2b: Dondozo\n|-damage|p2b: Dondozo|81\/100 slp\n|-clearboost|p2b: Dondozo\n|\n|-weather|RainDance|[upkeep]\n|upkeep\n|turn|4\n|\n|t:|1681758899\n|switch|p1a: Maushold|Maushold, L50|41\/100\n|cant|p2b: Dondozo|slp\n|move|p1b: Ampharos|Volt Switch|p2b: Dondozo\n|-supereffective|p2b: Dondozo\n|-damage|p2b: Dondozo|9\/100 slp\n|\n|t:|1681758906\n|switch|p1b: Annihilape|Annihilape, L50, F|100\/100|[from] Volt Switch\n|\n|-weather|RainDance|[upkeep]\n|-sideend|p2: DominosOldCrust|move: Tailwind\n|upkeep\n|turn|5\n|\n|t:|1681758912\n|move|p1a: Maushold|Beat Up|p1b: Annihilape\n|-damage|p1b: Annihilape|99\/100\n|-damage|p1b: Annihilape|97\/100\n|-damage|p1b: Annihilape|96\/100\n|-damage|p1b: Annihilape|95\/100\n|-hitcount|p1b: Annihilape|4\n|move|p1b: Annihilape|Rage Fist|p2b: Dondozo\n|-damage|p2b: Dondozo|0 fnt\n|faint|p2b: Dondozo\n|\n|-weather|RainDance|[upkeep]\n|-heal|p1b: Annihilape|100\/100|[from] item: Leftovers\n|upkeep\n|\n|t:|1681758923\n|switch|p2b: Dragonite|Dragonite, L50, F|100\/100\n|turn|6\n|\n|t:|1681758942\n|-terastallize|p2b: Dragonite|Normal\n|move|p1a: Maushold|Follow Me|p1a: Maushold\n|-singleturn|p1a: Maushold|move: Follow Me\n|move|p2b: Dragonite|Extreme Speed|p1a: Maushold\n|-damage|p1a: Maushold|0 fnt\n|faint|p1a: Maushold\n|move|p2a: Tatsugiri|Draco Meteor|p1b: Annihilape\n|-damage|p1b: Annihilape|47\/100\n|-unboost|p2a: Tatsugiri|spa|2\n|move|p1b: Annihilape|Rage Fist|p2b: Dragonite\n|-immune|p2b: Dragonite\n|\n|-weather|RainDance|[upkeep]\n|-heal|p1b: Annihilape|53\/100|[from] item: Leftovers\n|upkeep\n|\n|t:|1681758957\n|switch|p1a: Amoonguss|Amoonguss, L50, F|100\/100\n|turn|7\n|\n|t:|1681758973\n|move|p1a: Amoonguss|Rage Powder|p1a: Amoonguss\n|-singleturn|p1a: Amoonguss|move: Rage Powder\n|move|p2a: Tatsugiri|Draco Meteor|p1a: Amoonguss\n|-damage|p1a: Amoonguss|70\/100\n|-unboost|p2a: Tatsugiri|spa|2\n|move|p1b: Annihilape|Drain Punch|p2b: Dragonite\n|-supereffective|p2b: Dragonite\n|-damage|p2b: Dragonite|39\/100\n|-heal|p1b: Annihilape|81\/100|[from] drain|[of] p2b: Dragonite\n|move|p2b: Dragonite|Ice Spinner|p1a: Amoonguss\n|-supereffective|p1a: Amoonguss\n|-damage|p1a: Amoonguss|22\/100\n|-damage|p2b: Dragonite|22\/100|[from] item: Rocky Helmet|[of] p1a: Amoonguss\n|\n|-weather|RainDance|[upkeep]\n|-heal|p1b: Annihilape|87\/100|[from] item: Leftovers\n|upkeep\n|turn|8\n|\n|t:|1681759000\n|move|p2b: Dragonite|Protect|p2b: Dragonite\n|-singleturn|p2b: Dragonite|Protect\n|move|p1a: Amoonguss|Rage Powder|p1a: Amoonguss\n|-singleturn|p1a: Amoonguss|move: Rage Powder\n|move|p2a: Tatsugiri|Draco Meteor|p1a: Amoonguss\n|-damage|p1a: Amoonguss|3\/100\n|-unboost|p2a: Tatsugiri|spa|2\n|move|p1b: Annihilape|Substitute|p1b: Annihilape\n|-start|p1b: Annihilape|Substitute\n|-damage|p1b: Annihilape|62\/100\n|\n|-weather|none\n|-heal|p1b: Annihilape|68\/100|[from] item: Leftovers\n|upkeep\n|turn|9\n|\n|t:|1681759018\n|move|p2b: Dragonite|Extreme Speed|p1a: Amoonguss\n|-damage|p1a: Amoonguss|0 fnt\n|-damage|p2b: Dragonite|6\/100|[from] item: Rocky Helmet|[of] p1a: Amoonguss\n|faint|p1a: Amoonguss\n|move|p2a: Tatsugiri|Draco Meteor|p1b: Annihilape\n|-activate|p1b: Annihilape|move: Substitute|[damage]\n|move|p1b: Annihilape|Drain Punch|p2b: Dragonite\n|-supereffective|p2b: Dragonite\n|-damage|p2b: Dragonite|0 fnt\n|-heal|p1b: Annihilape|71\/100|[from] drain|[of] p2b: Dragonite\n|faint|p2b: Dragonite\n|\n|-heal|p1b: Annihilape|77\/100|[from] item: Leftovers\n|upkeep\n|\n|t:|1681759030\n|switch|p1a: Ampharos|Ampharos, L50, F|100\/100\n|turn|10\n|\n|t:|1681759037\n|move|p1a: Ampharos|Helping Hand|p1b: Annihilape\n|-singleturn|p1b: Annihilape|Helping Hand|[of] p1a: Ampharos\n|move|p2a: Tatsugiri|Draco Meteor|p1b: Annihilape\n|-end|p1b: Annihilape|Substitute\n|move|p1b: Annihilape|Rage Fist|p2a: Tatsugiri\n|-damage|p2a: Tatsugiri|0 fnt\n|faint|p2a: Tatsugiri\n|\n|win|Valhala Alfa\n|raw|Valhala Alfa's rating: 1229 → 1249<\/strong> (+20 for winning)\n|raw|DominosOldCrust's rating: 1164 → 1144<\/strong> (-20 for losing)\n|l|\u2606DominosOldCrust\n","uploadtime":1681759047,"views":16,"p1id":"valhalaalfa","p2id":"dominosoldcrust","formatid":"gen9vgc2023regulationc","rating":1144,"private":0,"password":""}