{"id":"gen9vgc2023regulationc-1857813744","p1":"cheekster10","p2":"SavannahPandaVGC","format":"[Gen 9] VGC 2023 Regulation C","log":"|j|\u2606cheekster10\n|j|\u2606SavannahPandaVGC\n|t:|1683234514\n|gametype|doubles\n|player|p1|cheekster10|1|1357\n|player|p2|SavannahPandaVGC|1|1336\n|teamsize|p1|6\n|teamsize|p2|6\n|gen|9\n|tier|[Gen 9] VGC 2023 Regulation C\n|rated|\n|rule|Species Clause: Limit one of each Pok\u00e9mon\n|rule|Item Clause: Limit one of each item\n|clearpoke\n|poke|p1|Dondozo, L50, F|\n|poke|p1|Tatsugiri, L50, M|\n|poke|p1|Arcanine, L50, M|\n|poke|p1|Chi-Yu, L50|\n|poke|p1|Amoonguss, L50, F|\n|poke|p1|Flutter Mane, L50|\n|poke|p2|Flutter Mane, L50|\n|poke|p2|Iron Hands, L50|\n|poke|p2|Corviknight, L50, F|\n|poke|p2|Gyarados, L50, F|\n|poke|p2|Chi-Yu, L50|\n|poke|p2|Amoonguss, L50, M|\n|teampreview|4\ncheekster10 rejected open team sheets.\n|inactive|Battle timer is ON: inactive players will automatically lose when time's up. (requested by SavannahPandaVGC)\n|j| JoeUX9\n|inactive|cheekster10 has 60 seconds left.\n|inactive|SavannahPandaVGC has 60 seconds left.\n|inactive|SavannahPandaVGC has 30 seconds left.\n|inactive|SavannahPandaVGC has 20 seconds left.\n|inactive|SavannahPandaVGC has 15 seconds left.\n|inactive|SavannahPandaVGC has 10 seconds left.\n|inactive|SavannahPandaVGC has 5 seconds left.\n|\n|t:|1683234614\n|start\n|switch|p1a: Arcanine|Arcanine, L50, M|100\/100\n|switch|p1b: Tatsugiri|Tatsugiri, L50, M|100\/100\n|switch|p2a: Gyarados|Gyarados, L50, F|100\/100\n|switch|p2b: Iron Hands|Iron Hands, L50|100\/100\n|-ability|p1a: Arcanine|Intimidate|boost\n|-unboost|p2a: Gyarados|atk|1\n|-unboost|p2b: Iron Hands|atk|1\n|-ability|p2a: Gyarados|Intimidate|boost\n|-unboost|p1a: Arcanine|atk|1\n|-unboost|p1b: Tatsugiri|atk|1\n|turn|1\n|inactive|SavannahPandaVGC has 30 seconds left.\n|inactive|SavannahPandaVGC has 20 seconds left.\n|\n|t:|1683234652\n|switch|p1a: Amoonguss|Amoonguss, L50, F|100\/100\n|-end|p2b: Iron Hands|Quark Drive|[silent]\n|switch|p2b: Amoonguss|Amoonguss, L50, M|100\/100\n|move|p1b: Tatsugiri|Icy Wind|p2a: Gyarados|[spread] p2a,p2b\n|-supereffective|p2b: Amoonguss\n|-damage|p2a: Gyarados|92\/100\n|-damage|p2b: Amoonguss|80\/100\n|-unboost|p2a: Gyarados|spe|1\n|-unboost|p2b: Amoonguss|spe|1\n|move|p2a: Gyarados|Thunder Wave|p1b: Tatsugiri|[miss]\n|-miss|p2a: Gyarados|p1b: Tatsugiri\n|\n|upkeep\n|turn|2\n|inactive|SavannahPandaVGC has 30 seconds left.\n|\n|t:|1683234678\n|switch|p1b: Arcanine|Arcanine, L50, M|100\/100\n|-ability|p1b: Arcanine|Intimidate|boost\n|-unboost|p2a: Gyarados|atk|1\n|-unboost|p2b: Amoonguss|atk|1\n|switch|p2b: Iron Hands|Iron Hands, L50|100\/100\n|move|p2a: Gyarados|Taunt|p1a: Amoonguss\n|-start|p1a: Amoonguss|move: Taunt\n|cant|p1a: Amoonguss|move: Taunt|Spore\n|\n|upkeep\n|turn|3\n|inactive|SavannahPandaVGC has 30 seconds left.\n|inactive|SavannahPandaVGC has 20 seconds left.\n|inactive|SavannahPandaVGC has 15 seconds left.\n|\n|t:|1683234720\n|move|p2b: Iron Hands|Fake Out|p1b: Arcanine\n|-damage|p1b: Arcanine|84\/100\n|cant|p1b: Arcanine|flinch\n|move|p2a: Gyarados|Thunder Wave|p1a: Amoonguss\n|-status|p1a: Amoonguss|par\n|cant|p1a: Amoonguss|par\n|\n|upkeep\n|turn|4\n|\n|t:|1683234742\n|-end|p2b: Iron Hands|Quark Drive|[silent]\n|switch|p2b: Flutter Mane|Flutter Mane, L50|100\/100\n|move|p1b: Arcanine|Flare Blitz|p2b: Flutter Mane\n|-damage|p2b: Flutter Mane|33\/100\n|-damage|p1b: Arcanine|67\/100|[from] Recoil\n|move|p2a: Gyarados|Thunder Wave|p1b: Arcanine\n|-status|p1b: Arcanine|par\n|move|p1a: Amoonguss|Pollen Puff|p1b: Arcanine\n|-heal|p1b: Arcanine|100\/100 par\n|\n|-end|p1a: Amoonguss|move: Taunt\n|upkeep\n|turn|5\n|inactive|SavannahPandaVGC has 30 seconds left.\n|\n|t:|1683234768\n|move|p2b: Flutter Mane|Shadow Ball|p1b: Arcanine\n|-damage|p1b: Arcanine|38\/100 par\n|move|p1b: Arcanine|Snarl|p2a: Gyarados|[spread] p2a,p2b\n|-damage|p2a: Gyarados|86\/100\n|-damage|p2b: Flutter Mane|25\/100\n|-unboost|p2a: Gyarados|spa|1\n|-unboost|p2b: Flutter Mane|spa|1\n|move|p2a: Gyarados|Taunt|p1a: Amoonguss\n|-start|p1a: Amoonguss|move: Taunt\n|move|p1a: Amoonguss|Giga Drain|p2b: Flutter Mane\n|-damage|p2b: Flutter Mane|1\/100\n|\n|upkeep\n|turn|6\n|inactive|SavannahPandaVGC has 30 seconds left.\n|inactive|SavannahPandaVGC has 20 seconds left.\n|\n|t:|1683234803\n|switch|p1b: Dondozo|Dondozo, L50, F|100\/100\n|switch|p2a: Iron Hands|Iron Hands, L50|100\/100\n|move|p2b: Flutter Mane|Shadow Ball|p1b: Dondozo\n|-damage|p1b: Dondozo|43\/100\n|-unboost|p1b: Dondozo|spd|1\n|move|p1a: Amoonguss|Giga Drain|p2b: Flutter Mane\n|-damage|p2b: Flutter Mane|0 fnt\n|faint|p2b: Flutter Mane\n|-end|p2b: Flutter Mane|Protosynthesis|[silent]\n|\n|-heal|p1b: Dondozo|49\/100|[from] item: Leftovers\n|upkeep\n|\n|t:|1683234817\n|switch|p2b: Gyarados|Gyarados, L50, F|86\/100\n|-ability|p2b: Gyarados|Intimidate|boost\n|-unboost|p1a: Amoonguss|atk|1\n|-unboost|p1b: Dondozo|atk|1\n|turn|7\n|inactive|SavannahPandaVGC has 30 seconds left.\n|\n|t:|1683234842\n|switch|p1b: Arcanine|Arcanine, L50, M|38\/100 par\n|-ability|p1b: Arcanine|Intimidate|boost\n|-unboost|p2a: Iron Hands|atk|1\n|-unboost|p2b: Gyarados|atk|1\n|-terastallize|p2a: Iron Hands|Grass\n|move|p2b: Gyarados|Waterfall|p1b: Arcanine\n|-supereffective|p1b: Arcanine\n|-damage|p1b: Arcanine|0 fnt\n|faint|p1b: Arcanine\n|move|p2a: Iron Hands|Volt Switch|p1a: Amoonguss\n|-resisted|p1a: Amoonguss\n|-damage|p1a: Amoonguss|95\/100 par\n|\n|t:|1683234855\n|-end|p2a: Iron Hands|Quark Drive|[silent]\n|switch|p2a: Amoonguss|Amoonguss, L50, M|100\/100|[from] Volt Switch\n|cant|p1a: Amoonguss|par\n|\n|-end|p1a: Amoonguss|move: Taunt\n|upkeep\n|\n|t:|1683234865\n|switch|p1b: Tatsugiri|Tatsugiri, L50, M|100\/100\n|turn|8\n|\n|t:|1683234883\n|move|p1b: Tatsugiri|Draco Meteor|p2a: Amoonguss\n|-damage|p2a: Amoonguss|46\/100\n|-unboost|p1b: Tatsugiri|spa|2\n|-enditem|p2a: Amoonguss|Sitrus Berry|[eat]\n|-heal|p2a: Amoonguss|71\/100|[from] item: Sitrus Berry\n|move|p2b: Gyarados|Taunt|p1a: Amoonguss\n|-start|p1a: Amoonguss|move: Taunt\n|move|p2a: Amoonguss|Spore|p1b: Tatsugiri\n|-status|p1b: Tatsugiri|slp|[from] move: Spore\n|cant|p1a: Amoonguss|par\n|\n|upkeep\n|turn|9\n|inactive|SavannahPandaVGC has 30 seconds left.\n|inactive|SavannahPandaVGC has 20 seconds left.\n|\n|t:|1683234922\n|switch|p1b: Dondozo|Dondozo, L50, F|49\/100\n|switch|p2b: Iron Hands|Iron Hands, L50, tera:Grass|100\/100\n|move|p2a: Amoonguss|Spore|p1a: Amoonguss\n|-immune|p1a: Amoonguss\n|move|p1a: Amoonguss|Pollen Puff|p1b: Dondozo\n|-heal|p1b: Dondozo|99\/100\n|\n|-heal|p1b: Dondozo|100\/100|[from] item: Leftovers\n|upkeep\n|turn|10\n|\n|t:|1683234942\n|switch|p1a: Tatsugiri|Tatsugiri, L50, M|100\/100 slp\n|-activate|p1a: Tatsugiri|ability: Commander|[of] p1b: Dondozo\n|-boost|p1b: Dondozo|atk|2\n|-boost|p1b: Dondozo|spa|2\n|-boost|p1b: Dondozo|spe|2\n|-boost|p1b: Dondozo|def|2\n|-boost|p1b: Dondozo|spd|2\n|-terastallize|p1b: Dondozo|Grass\n|move|p1b: Dondozo|Protect|p1b: Dondozo\n|-singleturn|p1b: Dondozo|Protect\n|move|p2b: Iron Hands|Volt Switch|p1b: Dondozo\n|-activate|p1b: Dondozo|move: Protect\n|move|p2a: Amoonguss|Clear Smog|p1b: Dondozo\n|-activate|p1b: Dondozo|move: Protect\n|\n|upkeep\n|turn|11\n|\n|t:|1683234959\n|-end|p2b: Iron Hands|Quark Drive|[silent]\n|switch|p2b: Gyarados|Gyarados, L50, F|86\/100\n|-ability|p2b: Gyarados|Intimidate|boost\n|-unboost|p1a: Tatsugiri|atk|1\n|-unboost|p1b: Dondozo|atk|1\n|move|p1b: Dondozo|Substitute|p1b: Dondozo\n|-start|p1b: Dondozo|Substitute\n|-damage|p1b: Dondozo|75\/100\n|move|p2a: Amoonguss|Clear Smog|p1b: Dondozo\n|-supereffective|p1b: Dondozo\n|-activate|p1b: Dondozo|move: Substitute|[damage]\n|\n|-heal|p1b: Dondozo|82\/100|[from] item: Leftovers\n|upkeep\n|turn|12\n|\n|t:|1683234979\n|switch|p2b: Iron Hands|Iron Hands, L50, tera:Grass|100\/100\n|move|p1b: Dondozo|Wave Crash|p2a: Amoonguss\n|-resisted|p2a: Amoonguss\n|-damage|p2a: Amoonguss|45\/100\n|-damage|p1b: Dondozo|74\/100|[from] Recoil\n|move|p2a: Amoonguss|Pollen Puff|p2b: Iron Hands\n|-immune|p2b: Iron Hands\n|\n|-heal|p1b: Dondozo|81\/100|[from] item: Leftovers\n|upkeep\n|turn|13\n|\n|t:|1683234997\n|move|p1b: Dondozo|Wave Crash|p2a: Amoonguss\n|-resisted|p2a: Amoonguss\n|-damage|p2a: Amoonguss|19\/100\n|-damage|p1b: Dondozo|73\/100|[from] Recoil\n|move|p2b: Iron Hands|Drain Punch|p1b: Dondozo\n|-end|p1b: Dondozo|Substitute\n|move|p2a: Amoonguss|Clear Smog|p1b: Dondozo\n|-supereffective|p1b: Dondozo\n|-damage|p1b: Dondozo|58\/100\n|-clearboost|p1b: Dondozo\n|\n|-heal|p1b: Dondozo|65\/100|[from] item: Leftovers\n|upkeep\n|turn|14\n|\n|t:|1683235015\n|switch|p2a: Gyarados|Gyarados, L50, F|86\/100\n|-ability|p2a: Gyarados|Intimidate|boost\n|-unboost|p1a: Tatsugiri|atk|1\n|-unboost|p1b: Dondozo|atk|1\n|move|p2b: Iron Hands|Volt Switch|p1b: Dondozo\n|-resisted|p1b: Dondozo\n|-damage|p1b: Dondozo|58\/100\n|\n|t:|1683235022\n|-end|p2b: Iron Hands|Quark Drive|[silent]\n|switch|p2b: Amoonguss|Amoonguss, L50, M|52\/100|[from] Volt Switch\n|move|p1b: Dondozo|Wave Crash|p2a: Gyarados\n|-resisted|p2a: Gyarados\n|-damage|p2a: Gyarados|71\/100\n|-damage|p1b: Dondozo|54\/100|[from] Recoil\n|\n|-heal|p1b: Dondozo|61\/100|[from] item: Leftovers\n|upkeep\n|turn|15\n|\n|t:|1683235035\n|switch|p2b: Iron Hands|Iron Hands, L50, tera:Grass|100\/100\n|move|p2a: Gyarados|Taunt|p1b: Dondozo\n|-start|p1b: Dondozo|move: Taunt\n|cant|p1b: Dondozo|move: Taunt|Substitute\n|\n|-heal|p1b: Dondozo|67\/100|[from] item: Leftovers\n|upkeep\n|turn|16\n|\n|t:|1683235048\n|move|p2b: Iron Hands|Fake Out|p1b: Dondozo\n|-damage|p1b: Dondozo|59\/100\n|move|p2a: Gyarados|Thunder Wave|p1b: Dondozo\n|-status|p1b: Dondozo|par\n|cant|p1b: Dondozo|flinch\n|\n|-heal|p1b: Dondozo|66\/100 par|[from] item: Leftovers\n|upkeep\n|turn|17\n|\n|t:|1683235066\n|switch|p2a: Amoonguss|Amoonguss, L50, M|85\/100\n|move|p2b: Iron Hands|Drain Punch|p1b: Dondozo\n|-damage|p1b: Dondozo|43\/100 par\n|move|p1b: Dondozo|Wave Crash|p2a: Amoonguss\n|-resisted|p2a: Amoonguss\n|-damage|p2a: Amoonguss|74\/100\n|-damage|p1b: Dondozo|40\/100 par|[from] Recoil\n|\n|-heal|p1b: Dondozo|46\/100 par|[from] item: Leftovers\n|-end|p1b: Dondozo|move: Taunt\n|upkeep\n|turn|18\n|inactive|SavannahPandaVGC has 30 seconds left.\n|inactive|SavannahPandaVGC has 20 seconds left.\n|inactive|SavannahPandaVGC has 15 seconds left.\n|inactive|SavannahPandaVGC has 10 seconds left.\n|inactive|SavannahPandaVGC has 5 seconds left.\n|\n|t:|1683235102\n|move|p2b: Iron Hands|Drain Punch|p1b: Dondozo\n|-damage|p1b: Dondozo|25\/100 par\n|move|p2a: Amoonguss|Pollen Puff|p2b: Iron Hands\n|-immune|p2b: Iron Hands\n|move|p1b: Dondozo|Substitute|p1b: Dondozo\n|-fail|p1b: Dondozo|move: Substitute|[weak]\n|\n|-heal|p1b: Dondozo|31\/100 par|[from] item: Leftovers\n|upkeep\n|turn|19\n|inactive|SavannahPandaVGC has 5 seconds left this turn.\n|-message|SavannahPandaVGC lost due to inactivity.\n|\n|win|cheekster10\n|raw|cheekster10's rating: 1357 → 1376<\/strong> (+19 for winning)\n|raw|SavannahPandaVGC's rating: 1336 → 1317<\/strong> (-19 for losing)\n|l|\u2606cheekster10\n","uploadtime":1683235130,"views":6,"p1id":"cheekster10","p2id":"savannahpandavgc","formatid":"gen9vgc2023regulationc","rating":1317,"private":0,"password":""}