{"id":"gen9vgc2023regulationc-1851072435","p1":"turbronius","p2":"xingtian888","format":"[Gen 9] VGC 2023 Regulation C","log":"|j|\u2606turbronius\n|j|\u2606xingtian888\n|t:|1682404325\n|gametype|doubles\n|player|p1|turbronius|169|1415\n|player|p2|xingtian888|1|1416\n|teamsize|p1|6\n|teamsize|p2|6\n|gen|9\n|tier|[Gen 9] VGC 2023 Regulation C\n|rated|\n|rule|Species Clause: Limit one of each Pok\u00e9mon\n|rule|Item Clause: Limit one of each item\n|clearpoke\n|poke|p1|Talonflame, L50, F|\n|poke|p1|Great Tusk, L50|\n|poke|p1|Iron Bundle, L50|\n|poke|p1|Brute Bonnet, L50|\n|poke|p1|Cetitan, L50, F|\n|poke|p1|Abomasnow, L50, F|\n|poke|p2|Ting-Lu, L50|\n|poke|p2|Amoonguss, L50, M|\n|poke|p2|Abomasnow, L50, F|\n|poke|p2|Iron Bundle, L50|\n|poke|p2|Baxcalibur, L50, M|\n|poke|p2|Gyarados, L50, M|\n|teampreview|4\n|inactive|Battle timer is ON: inactive players will automatically lose when time's up. (requested by xingtian888)\n|\n|t:|1682404349\n|start\n|switch|p1a: Iron Bundle|Iron Bundle, L50|100\/100\n|switch|p1b: Abomasnow|Abomasnow, L50, F|100\/100\n|switch|p2a: Iron Bundle|Iron Bundle, L50, shiny|100\/100\n|switch|p2b: Abomasnow|Abomasnow, L50, F, shiny|100\/100\n|-weather|Snow|[from] ability: Snow Warning|[of] p2b: Abomasnow\n|-enditem|p2a: Iron Bundle|Booster Energy\n|-activate|p2a: Iron Bundle|ability: Quark Drive|[fromitem]\n|-start|p2a: Iron Bundle|quarkdrivespe\n|-enditem|p1a: Iron Bundle|Booster Energy\n|-activate|p1a: Iron Bundle|ability: Quark Drive|[fromitem]\n|-start|p1a: Iron Bundle|quarkdrivespe\n|turn|1\n|inactive|xingtian888 has 30 seconds left.\n|inactive|turbronius has 30 seconds left.\n|\n|t:|1682404385\n|-terastallize|p2a: Iron Bundle|Ice\n|move|p2a: Iron Bundle|Blizzard|p1a: Iron Bundle|[spread] p1a,p1b\n|-resisted|p1a: Iron Bundle\n|-damage|p1a: Iron Bundle|82\/100\n|-damage|p1b: Abomasnow|51\/100\n|move|p1a: Iron Bundle|Aurora Veil|p1a: Iron Bundle\n|-sidestart|p1: turbronius|move: Aurora Veil\n|move|p2b: Abomasnow|Energy Ball|p1a: Iron Bundle\n|-supereffective|p1a: Iron Bundle\n|-damage|p1a: Iron Bundle|6\/100\n|move|p1b: Abomasnow|Energy Ball|p2a: Iron Bundle\n|-damage|p2a: Iron Bundle|8\/100\n|-damage|p1b: Abomasnow|41\/100|[from] item: Life Orb\n|\n|-weather|Snow|[upkeep]\n|upkeep\n|turn|2\n|inactive|xingtian888 has 30 seconds left.\n|\n|t:|1682404413\n|-end|p1a: Iron Bundle|Quark Drive|[silent]\n|switch|p1a: Cetitan|Cetitan, L50, F|100\/100\n|move|p1b: Abomasnow|Ice Shard|p2a: Iron Bundle\n|-resisted|p2a: Iron Bundle\n|-damage|p2a: Iron Bundle|2\/100\n|-damage|p1b: Abomasnow|31\/100|[from] item: Life Orb\n|move|p2a: Iron Bundle|Blizzard|p1a: Cetitan|[spread] p1a,p1b\n|-resisted|p1a: Cetitan\n|-damage|p1a: Cetitan|81\/100\n|-damage|p1b: Abomasnow|0 fnt\n|faint|p1b: Abomasnow\n|move|p2b: Abomasnow|Blizzard|p1a: Cetitan\n|-resisted|p1a: Cetitan\n|-damage|p1a: Cetitan|65\/100\n|\n|-weather|Snow|[upkeep]\n|upkeep\n|\n|t:|1682404429\n|switch|p1b: Brute Bonnet|Brute Bonnet, L50|100\/100\n|turn|3\n|inactive|turbronius has 30 seconds left.\n|\n|t:|1682404461\n|-terastallize|p1b: Brute Bonnet|Fire\n|move|p1b: Brute Bonnet|Sucker Punch|p2a: Iron Bundle\n|-damage|p2a: Iron Bundle|0 fnt\n|faint|p2a: Iron Bundle\n|-end|p2a: Iron Bundle|Quark Drive|[silent]\n|move|p1a: Cetitan|Heavy Slam|p2b: Abomasnow\n|-supereffective|p2b: Abomasnow\n|-damage|p2b: Abomasnow|31\/100\n|move|p2b: Abomasnow|Aurora Veil|p2b: Abomasnow\n|-sidestart|p2: xingtian888|move: Aurora Veil\n|\n|-weather|Snow|[upkeep]\n|upkeep\n|\n|t:|1682404474\n|switch|p2a: Baxcalibur|Baxcalibur, L50, M, shiny|100\/100\n|turn|4\n|inactive|turbronius has 30 seconds left.\n|inactive|turbronius has 20 seconds left.\n|inactive|turbronius has 15 seconds left.\n|\n|t:|1682404517\n|move|p2a: Baxcalibur|Protect|p2a: Baxcalibur\n|-singleturn|p2a: Baxcalibur|Protect\n|move|p1a: Cetitan|Belly Drum|p1a: Cetitan\n|-damage|p1a: Cetitan|15\/100\n|-setboost|p1a: Cetitan|atk|6|[from] move: Belly Drum\n|-enditem|p1a: Cetitan|Sitrus Berry|[eat]\n|-heal|p1a: Cetitan|40\/100|[from] item: Sitrus Berry\n|move|p2b: Abomasnow|Blizzard|p1b: Brute Bonnet|[spread] p1a,p1b\n|-resisted|p1a: Cetitan\n|-resisted|p1b: Brute Bonnet\n|-damage|p1a: Cetitan|26\/100\n|-damage|p1b: Brute Bonnet|92\/100\n|move|p1b: Brute Bonnet|Spore|p2a: Baxcalibur\n|-activate|p2a: Baxcalibur|move: Protect\n|\n|-weather|Snow|[upkeep]\n|upkeep\n|turn|5\n|inactive|turbronius has 30 seconds left.\n|inactive|xingtian888 has 30 seconds left.\n|\n|t:|1682404551\n|move|p1b: Brute Bonnet|Sucker Punch|p2b: Abomasnow\n|-damage|p2b: Abomasnow|8\/100\n|move|p1a: Cetitan|Heavy Slam|p2a: Baxcalibur\n|-supereffective|p2a: Baxcalibur\n|-crit|p2a: Baxcalibur\n|-damage|p2a: Baxcalibur|0 fnt\n|faint|p2a: Baxcalibur\n|move|p2b: Abomasnow|Blizzard|p1a: Cetitan|[spread] p1a,p1b\n|-resisted|p1a: Cetitan\n|-resisted|p1b: Brute Bonnet\n|-damage|p1a: Cetitan|14\/100\n|-damage|p1b: Brute Bonnet|83\/100\n|\n|-weather|none\n|-sideend|p1: turbronius|move: Aurora Veil\n|upkeep\n|\n|t:|1682404564\n|switch|p2a: Amoonguss|Amoonguss, L50, M, shiny|100\/100\n|turn|6\n|\n|t:|1682404582\n|move|p1b: Brute Bonnet|Sucker Punch|p2b: Abomasnow\n|-damage|p2b: Abomasnow|0 fnt\n|faint|p2b: Abomasnow\n|move|p1a: Cetitan|Heavy Slam|p2a: Amoonguss\n|-damage|p2a: Amoonguss|9\/100\n|-enditem|p2a: Amoonguss|Sitrus Berry|[eat]\n|-heal|p2a: Amoonguss|34\/100|[from] item: Sitrus Berry\n|move|p2a: Amoonguss|Spore|p1b: Brute Bonnet\n|-status|p1b: Brute Bonnet|slp|[from] move: Spore\n|\n|upkeep\n|turn|7\n|-message|xingtian888 forfeited.\n|\n|win|turbronius\n|raw|turbronius's rating: 1415 → 1435<\/strong> (+20 for winning)\n|raw|xingtian888's rating: 1416 → 1396<\/strong> (-20 for losing)\n|l|\u2606xingtian888\n","uploadtime":1682404721,"views":14,"p1id":"turbronius","p2id":"xingtian888","formatid":"gen9vgc2023regulationc","rating":1396,"private":0,"password":""}