{"id":"gen9vgc2023regulationc-1858690602","p1":"C0nchoboar","p2":"r2vgc","format":"[Gen 9] VGC 2023 Regulation C","log":"|j|\u2606C0nchoboar\n|j|\u2606r2vgc\n|t:|1683343061\n|gametype|doubles\n|player|p1|C0nchoboar|hilda|1198\n|player|p2|r2vgc|266|1094\n|teamsize|p1|6\n|teamsize|p2|6\n|gen|9\n|tier|[Gen 9] VGC 2023 Regulation C\n|rated|\n|rule|Species Clause: Limit one of each Pok\u00e9mon\n|rule|Item Clause: Limit one of each item\n|clearpoke\n|poke|p1|Oinkologne, L50, M|\n|poke|p1|Ting-Lu, L50|\n|poke|p1|Grimmsnarl, L50, M|\n|poke|p1|Annihilape, L50, M|\n|poke|p1|Amoonguss, L50, M|\n|poke|p1|Arcanine, L50, M|\n|poke|p2|Maushold-Four, L50|\n|poke|p2|Annihilape, L50, F|\n|poke|p2|Gholdengo, L50|\n|poke|p2|Murkrow, L50, M|\n|poke|p2|Garchomp, L50, F|\n|poke|p2|Gyarados, L50, F|\n|teampreview|4\nr2vgc has agreed to open team sheets.\nC0nchoboar rejected open team sheets.\n|\n|t:|1683343096\n|start\n|switch|p1a: Grimmsnarl|Grimmsnarl, L50, M|100\/100\n|switch|p1b: Arcanine|Arcanine, L50, M|100\/100\n|switch|p2a: Natters|Maushold-Four, L50|100\/100\n|switch|p2b: Panda|Annihilape, L50, F|100\/100\n|-ability|p1b: Arcanine|Intimidate|boost\n|-unboost|p2a: Natters|atk|1\n|-unboost|p2b: Panda|atk|1\n|-ability|p2b: Panda|Defiant|boost\n|-boost|p2b: Panda|atk|2\n|turn|1\n|\n|t:|1683343131\n|move|p2a: Natters|Protect|p2a: Natters\n|-singleturn|p2a: Natters|Protect\n|move|p2b: Panda|Protect|p2b: Panda\n|-singleturn|p2b: Panda|Protect\n|move|p1a: Grimmsnarl|Fake Out|p2a: Natters\n|-activate|p2a: Natters|move: Protect\n|move|p1b: Arcanine|Will-O-Wisp|p2b: Panda\n|-activate|p2b: Panda|move: Protect\n|\n|upkeep\n|turn|2\n|\n|t:|1683343161\n|-terastallize|p2b: Panda|Fire\n|move|p1b: Arcanine|Protect|p1b: Arcanine\n|-singleturn|p1b: Arcanine|Protect\n|move|p2a: Natters|Beat Up|p2b: Panda\n|-damage|p2b: Panda|99\/100\n|-damage|p2b: Panda|97\/100\n|-damage|p2b: Panda|96\/100\n|-damage|p2b: Panda|94\/100\n|-hitcount|p2b: Panda|4\n|move|p2b: Panda|Rage Fist|p1b: Arcanine\n|-activate|p1b: Arcanine|move: Protect\n|move|p1a: Grimmsnarl|Spirit Break|p2b: Panda\n|-resisted|p2b: Panda\n|-damage|p2b: Panda|83\/100\n|-unboost|p2b: Panda|spa|1\n|-ability|p2b: Panda|Defiant|boost\n|-boost|p2b: Panda|atk|2\n|\n|-heal|p2b: Panda|90\/100|[from] item: Leftovers\n|upkeep\n|turn|3\n|\n|t:|1683343177\n|switch|p1b: Oinkologne|Oinkologne, L50, M|100\/100\n|move|p2a: Natters|Follow Me|p2a: Natters\n|-singleturn|p2a: Natters|move: Follow Me\n|move|p1a: Grimmsnarl|Reflect|p1a: Grimmsnarl\n|-sidestart|p1: C0nchoboar|Reflect\n|move|p2b: Panda|Rage Fist|p1b: Oinkologne\n|-immune|p1b: Oinkologne\n|\n|-heal|p2b: Panda|96\/100|[from] item: Leftovers\n|upkeep\n|turn|4\n|\n|t:|1683343191\n|move|p1b: Oinkologne|Protect|p1b: Oinkologne\n|-singleturn|p1b: Oinkologne|Protect\n|move|p2a: Natters|Super Fang|p1a: Grimmsnarl\n|-damage|p1a: Grimmsnarl|50\/100\n|move|p2b: Panda|Drain Punch|p1b: Oinkologne\n|-activate|p1b: Oinkologne|move: Protect\n|move|p1a: Grimmsnarl|Spirit Break|p2a: Natters\n|-damage|p2a: Natters|64\/100\n|-unboost|p2a: Natters|spa|1\n|\n|-heal|p2b: Panda|100\/100|[from] item: Leftovers\n|upkeep\n|turn|5\n|-message|C0nchoboar forfeited.\n|\n|win|r2vgc\n|raw|C0nchoboar's rating: 1198 → 1166<\/strong> (-32 for losing)\n|raw|r2vgc's rating: 1094 → 1127<\/strong> (+33 for winning)\n|l|\u2606C0nchoboar\n","uploadtime":1683343209,"views":14,"p1id":"c0nchoboar","p2id":"r2vgc","formatid":"gen9vgc2023regulationc","rating":1127,"private":0,"password":""}