{"id":"gen9vgc2023regulationc-1846031975","p1":"TheEeveeAnimations","p2":"Uahhhh","format":"[Gen 9] VGC 2023 Regulation C","log":"|j|\u2606TheEeveeAnimations\n|j|\u2606Uahhhh\n|t:|1681794536\n|gametype|doubles\n|player|p1|TheEeveeAnimations|dahlia|\n|player|p2|Uahhhh|lady|\n|teamsize|p1|6\n|teamsize|p2|6\n|gen|9\n|tier|[Gen 9] VGC 2023 Regulation C\n|rated|Tournament battle\n|rule|Species Clause: Limit one of each Pok\u00e9mon\n|rule|Item Clause: Limit one of each item\n|clearpoke\n|poke|p1|Arcanine, L50, F|\n|poke|p1|Amoonguss, L50, M|\n|poke|p1|Ting-Lu, L50|\n|poke|p1|Baxcalibur, L50, F|\n|poke|p1|Dondozo, L50, M|\n|poke|p1|Tatsugiri, L50, M|\n|poke|p2|Chi-Yu, L50|\n|poke|p2|Great Tusk, L50|\n|poke|p2|Iron Bundle, L50|\n|poke|p2|Murkrow, L50, M|\n|poke|p2|Abomasnow, L50, M|\n|poke|p2|Gholdengo, L50|\n|teampreview|4\n|raw| Open Team Sheet for TheEeveeAnimations<\/summary>Arcanine @ Safety Goggles Ability: Intimidate Level: 50 Tera Type: Grass - Howl - Flare Blitz - Extreme Speed - Will-O-Wisp Amoonguss @ Rocky Helmet Ability: Regenerator Level: 50 Tera Type: Water - Protect - Pollen Puff - Spore - Rage Powder Ting-Lu @ Lum Berry Ability: Vessel of Ruin Level: 50 Tera Type: Poison - Protect - Heavy Slam - Stomping Tantrum - Rest Baxcalibur @ Loaded Dice Ability: Thermal Exchange Level: 50 Tera Type: Steel - Protect - Icicle Spear - Ice Shard - Glaive Rush Dondozo @ Leftovers Ability: Unaware Level: 50 Tera Type: Grass - Protect - Yawn - Wave Crash - Tera Blast Tatsugiri @ Choice Scarf Ability: Commander Level: 50 Tera Type: Water - Muddy Water - Icy Wind - Draco Meteor - Sleep Talk <\/details><\/div> Open Team Sheet for Uahhhh<\/summary>Liyuu (Chi-Yu) @ Choice Specs Ability: Beads of Ruin Level: 50 Tera Type: Ghost - Heat Wave - Overheat - Dark Pulse - Psychic Great Tusk @ Choice Scarf Ability: Protosynthesis Level: 50 Hidden Power: Fighting Tera Type: Ground - Earthquake - Headlong Rush - Close Combat - Rock Slide \u5305\u88b1\u5305\u88b1 (Iron Bundle) @ Booster Energy Ability: Quark Drive Level: 50 Tera Type: Ice - Freeze-Dry - Blizzard - Icy Wind - Protect Murkrow @ Eviolite Ability: Prankster Level: 50 Tera Type: Ghost - Foul Play - Tailwind - Haze - Sunny Day Abomasnow @ Focus Sash Ability: Snow Warning Level: 50 Tera Type: Rock - Blizzard - Energy Ball - Tera Blast - Aurora Veil Gholdengo @ Sitrus Berry Ability: Good as Gold Level: 50 Tera Type: Water - Make It Rain - Shadow Ball - Nasty Plot - Protect <\/details><\/div>\n|j|%Borghi\n|j|+MisterGX\n|\n|t:|1681794644\n|start\n|switch|p1a: Arcanine|Arcanine, L50, F|100\/100\n|switch|p1b: Dondozo|Dondozo, L50, M|100\/100\n|switch|p2a: Abomasnow|Abomasnow, L50, M|100\/100\n|switch|p2b: \u5305\u88b1\u5305\u88b1|Iron Bundle, L50|100\/100\n|-ability|p1a: Arcanine|Intimidate|boost\n|-unboost|p2a: Abomasnow|atk|1\n|-unboost|p2b: \u5305\u88b1\u5305\u88b1|atk|1\n|-weather|Snow|[from] ability: Snow Warning|[of] p2a: Abomasnow\n|-enditem|p2b: \u5305\u88b1\u5305\u88b1|Booster Energy\n|-activate|p2b: \u5305\u88b1\u5305\u88b1|ability: Quark Drive|[fromitem]\n|-start|p2b: \u5305\u88b1\u5305\u88b1|quarkdrivespe\n|turn|1\n|inactive|Battle timer is ON: inactive players will automatically lose when time's up. (requested by Uahhhh)\n|j| Wottl3y\n|inactive|TheEeveeAnimations has 60 seconds left.\n|inactive|Uahhhh has 60 seconds left.\n|\n|t:|1681794711\n|-terastallize|p2a: Abomasnow|Rock\n|move|p2b: \u5305\u88b1\u5305\u88b1|Protect|p2b: \u5305\u88b1\u5305\u88b1\n|-singleturn|p2b: \u5305\u88b1\u5305\u88b1|Protect\n|move|p1b: Dondozo|Protect|p1b: Dondozo\n|-singleturn|p1b: Dondozo|Protect\n|move|p1a: Arcanine|Flare Blitz|p2a: Abomasnow\n|-resisted|p2a: Abomasnow\n|-damage|p2a: Abomasnow|70\/100\n|-damage|p1a: Arcanine|92\/100|[from] Recoil\n|move|p2a: Abomasnow|Tera Blast|p1a: Arcanine\n|-supereffective|p1a: Arcanine\n|-damage|p1a: Arcanine|32\/100\n|\n|-weather|Snow|[upkeep]\n|upkeep\n|turn|2\n|inactive|TheEeveeAnimations has 30 seconds left.\n|inactive|Uahhhh has 30 seconds left.\n|inactive|TheEeveeAnimations has 20 seconds left.\n|inactive|Uahhhh has 20 seconds left.\n|inactive|TheEeveeAnimations has 15 seconds left.\n|inactive|Uahhhh has 15 seconds left.\n|inactive|TheEeveeAnimations has 10 seconds left.\n|inactive|Uahhhh has 10 seconds left.\n|inactive|Uahhhh has 5 seconds left.\n|\n|t:|1681794762\n|switch|p1a: Tatsugiri|Tatsugiri, L50, M|100\/100\n|-activate|p1a: Tatsugiri|ability: Commander|[of] p1b: Dondozo\n|-boost|p1b: Dondozo|atk|2\n|-boost|p1b: Dondozo|spa|2\n|-boost|p1b: Dondozo|spe|2\n|-boost|p1b: Dondozo|def|2\n|-boost|p1b: Dondozo|spd|2\n|move|p2b: \u5305\u88b1\u5305\u88b1|Blizzard|p1b: Dondozo|[spread] p1b\n|-miss|p2b: \u5305\u88b1\u5305\u88b1|p1a: Tatsugiri\n|-resisted|p1b: Dondozo\n|-damage|p1b: Dondozo|91\/100\n|move|p1b: Dondozo|Wave Crash|p2a: Abomasnow\n|-supereffective|p2a: Abomasnow\n|-damage|p2a: Abomasnow|0 fnt\n|faint|p2a: Abomasnow\n|-damage|p1b: Dondozo|75\/100|[from] Recoil\n|\n|-weather|Snow|[upkeep]\n|-heal|p1b: Dondozo|81\/100|[from] item: Leftovers\n|upkeep\n|j| nothuzz\n|\n|t:|1681794775\n|switch|p2a: Murkrow|Murkrow, L50, M|100\/100\n|turn|3\n|\n|t:|1681794786\n|move|p2a: Murkrow|Haze|p2a: Murkrow\n|-clearallboost\n|move|p2b: \u5305\u88b1\u5305\u88b1|Freeze-Dry|p1b: Dondozo\n|-supereffective|p1b: Dondozo\n|-damage|p1b: Dondozo|13\/100\n|move|p1b: Dondozo|Yawn|p2b: \u5305\u88b1\u5305\u88b1\n|-start|p2b: \u5305\u88b1\u5305\u88b1|move: Yawn|[of] p1b: Dondozo\n|\n|-weather|Snow|[upkeep]\n|-heal|p1b: Dondozo|20\/100|[from] item: Leftovers\n|upkeep\n|turn|4\n|inactive|TheEeveeAnimations has 30 seconds left.\n|inactive|Uahhhh has 30 seconds left.\n|\n|t:|1681794815\n|-end|p2b: \u5305\u88b1\u5305\u88b1|Quark Drive|[silent]\n|switch|p2b: Gholdengo|Gholdengo, L50|100\/100\n|move|p2a: Murkrow|Foul Play|p1b: Dondozo\n|-damage|p1b: Dondozo|0 fnt\n|faint|p1b: Dondozo\n|\n|-weather|Snow|[upkeep]\n|upkeep\n|\n|t:|1681794839\n|switch|p1b: Baxcalibur|Baxcalibur, L50, F|100\/100\n|turn|5\n|inactive|Uahhhh has 30 seconds left.\n|\n|t:|1681794873\n|-terastallize|p1b: Baxcalibur|Steel\n|move|p2a: Murkrow|Tailwind|p2a: Murkrow\n|-sidestart|p2: Uahhhh|move: Tailwind\n|move|p2b: Gholdengo|Nasty Plot|p2b: Gholdengo\n|-boost|p2b: Gholdengo|spa|2\n|move|p1a: Tatsugiri|Muddy Water|p2a: Murkrow|[spread] p2a,p2b\n|-damage|p2a: Murkrow|43\/100\n|-damage|p2b: Gholdengo|69\/100\n|move|p1b: Baxcalibur|Icicle Spear|p2a: Murkrow\n|-supereffective|p2a: Murkrow\n|-damage|p2a: Murkrow|15\/100\n|-supereffective|p2a: Murkrow\n|-damage|p2a: Murkrow|0 fnt\n|faint|p2a: Murkrow\n|-hitcount|p2: Murkrow|2\n|\n|-weather|none\n|upkeep\n|\n|t:|1681794887\n|switch|p2a: \u5305\u88b1\u5305\u88b1|Iron Bundle, L50|100\/100\n|turn|6\n|c| nothuzz|wait a minute\n|\n|t:|1681794901\n|move|p2a: \u5305\u88b1\u5305\u88b1|Freeze-Dry|p1a: Tatsugiri\n|-supereffective|p1a: Tatsugiri\n|-damage|p1a: Tatsugiri|0 fnt\n|faint|p1a: Tatsugiri\n|move|p2b: Gholdengo|Shadow Ball|p1b: Baxcalibur\n|-damage|p1b: Baxcalibur|22\/100\n|move|p1b: Baxcalibur|Icicle Spear|p2b: Gholdengo\n|-resisted|p2b: Gholdengo\n|-damage|p2b: Gholdengo|62\/100\n|-resisted|p2b: Gholdengo\n|-damage|p2b: Gholdengo|55\/100\n|-resisted|p2b: Gholdengo\n|-damage|p2b: Gholdengo|48\/100\n|-enditem|p2b: Gholdengo|Sitrus Berry|[eat]\n|-heal|p2b: Gholdengo|73\/100|[from] item: Sitrus Berry\n|-resisted|p2b: Gholdengo\n|-damage|p2b: Gholdengo|66\/100\n|-hitcount|p2b: Gholdengo|4\n|\n|upkeep\n|\n|t:|1681794918\n|switch|p1a: Arcanine|Arcanine, L50, F|32\/100\n|-ability|p1a: Arcanine|Intimidate|boost\n|-unboost|p2a: \u5305\u88b1\u5305\u88b1|atk|1\n|-unboost|p2b: Gholdengo|atk|1\n|turn|7\n|\n|t:|1681794942\n|move|p1a: Arcanine|Extreme Speed|p2a: \u5305\u88b1\u5305\u88b1\n|-damage|p2a: \u5305\u88b1\u5305\u88b1|74\/100\n|move|p2a: \u5305\u88b1\u5305\u88b1|Icy Wind|p1a: Arcanine|[spread] p1a,p1b\n|-resisted|p1a: Arcanine\n|-resisted|p1b: Baxcalibur\n|-damage|p1a: Arcanine|24\/100\n|-damage|p1b: Baxcalibur|13\/100\n|-unboost|p1a: Arcanine|spe|1\n|-unboost|p1b: Baxcalibur|spe|1\n|move|p2b: Gholdengo|Make It Rain|p1a: Arcanine|[spread] p1a,p1b\n|-resisted|p1a: Arcanine\n|-resisted|p1b: Baxcalibur\n|-damage|p1a: Arcanine|0 fnt\n|-damage|p1b: Baxcalibur|0 fnt\n|-unboost|p2b: Gholdengo|spa|1\n|faint|p1a: Arcanine\n|faint|p1b: Baxcalibur\n|\n|win|Uahhhh\n|n|\u2606TheEeveeAnimations|theeeveeanimations\n|n|\u2606Uahhhh|uahhhh\n|n| Borghi|borghi\n|n| MisterGX|mistergx\n|n| Wottl3y|wottl3y\n|n| nothuzz|nothuzz\n","uploadtime":1681794943,"views":8,"p1id":"theeeveeanimations","p2id":"uahhhh","formatid":"gen9vgc2023regulationc","rating":0,"private":0,"password":""}