{"id":"gen9vgc2023regulationc-1854460127","p1":"Hjh ddrz","p2":"Justdemian","format":"[Gen 9] VGC 2023 Regulation C","log":"|j|\u2606Hjh ddrz\n|j|\u2606Justdemian\n|t:|1682813718\n|gametype|doubles\n|player|p1|Hjh ddrz|giovanni|1109\n|player|p2|Justdemian|1|1166\n|teamsize|p1|6\n|teamsize|p2|6\n|gen|9\n|tier|[Gen 9] VGC 2023 Regulation C\n|rated|\n|rule|Species Clause: Limit one of each Pok\u00e9mon\n|rule|Item Clause: Limit one of each item\n|clearpoke\n|poke|p1|Dondozo, L50, M|\n|poke|p1|Tatsugiri, L50, M|\n|poke|p1|Chien-Pao, L50|\n|poke|p1|Dragapult, L50, M|\n|poke|p1|Flutter Mane, L50|\n|poke|p1|Chi-Yu, L50|\n|poke|p2|Palafin, L50, F|\n|poke|p2|Flutter Mane, L50|\n|poke|p2|Arcanine, L50, F|\n|poke|p2|Ting-Lu, L50|\n|poke|p2|Amoonguss, L50, M|\n|poke|p2|Kingambit, L50, F|\n|teampreview|4\n|inactive|Battle timer is ON: inactive players will automatically lose when time's up. (requested by Justdemian)\n|inactive|Hjh ddrz also wants the timer to be on.\n|inactive|Justdemian has 60 seconds left.\n|\n|t:|1682813753\n|start\n|switch|p1a: Dragapult|Dragapult, L50, M|100\/100\n|switch|p1b: Chien-Pao|Chien-Pao, L50|100\/100\n|switch|p2a: Arcanine|Arcanine, L50, F|100\/100\n|switch|p2b: Palafin|Palafin, L50, F|100\/100\n|-ability|p1b: Chien-Pao|Sword of Ruin\n|-ability|p2a: Arcanine|Intimidate|boost\n|-fail|p1a: Dragapult|unboost|[from] ability: Clear Body|[of] p1a: Dragapult\n|-unboost|p1b: Chien-Pao|atk|1\n|turn|1\n|inactive|Justdemian has 30 seconds left.\n|\n|t:|1682813783\n|move|p2b: Palafin|Protect|p2b: Palafin\n|-singleturn|p2b: Palafin|Protect\n|move|p1a: Dragapult|Phantom Force||[still]\n|-prepare|p1a: Dragapult|Phantom Force\n|move|p1b: Chien-Pao|Ice Spinner|p2b: Palafin\n|-activate|p2b: Palafin|move: Protect\n|move|p2a: Arcanine|Will-O-Wisp|p1b: Chien-Pao|[miss]\n|-miss|p2a: Arcanine|p1b: Chien-Pao\n|\n|upkeep\n|turn|2\n|\n|t:|1682813801\n|switch|p2a: Kingambit|Kingambit, L50, F|100\/100\n|move|p1a: Dragapult|Phantom Force|p2b: Palafin|[from]lockedmove\n|-damage|p2b: Palafin|21\/100\n|-damage|p1a: Dragapult|91\/100|[from] item: Life Orb\n|move|p1b: Chien-Pao|Ice Spinner|p2b: Palafin\n|-resisted|p2b: Palafin\n|-damage|p2b: Palafin|1\/100\n|move|p2b: Palafin|Wave Crash|p1b: Chien-Pao\n|-damage|p1b: Chien-Pao|28\/100\n|-damage|p2b: Palafin|0 fnt|[from] Recoil\n|faint|p2b: Palafin\n|\n|upkeep\n|\n|t:|1682813814\n|switch|p2b: Arcanine|Arcanine, L50, F|100\/100\n|-ability|p2b: Arcanine|Intimidate|boost\n|-fail|p1a: Dragapult|unboost|[from] ability: Clear Body|[of] p1a: Dragapult\n|-unboost|p1b: Chien-Pao|atk|1\n|turn|3\n|\n|t:|1682813834\n|move|p1a: Dragapult|Protect|p1a: Dragapult\n|-singleturn|p1a: Dragapult|Protect\n|move|p1b: Chien-Pao|Protect|p1b: Chien-Pao\n|-singleturn|p1b: Chien-Pao|Protect\n|move|p2b: Arcanine|Howl|p2b: Arcanine|[spread] p2a,p2b\n|-boost|p2a: Kingambit|atk|1\n|-boost|p2b: Arcanine|atk|1\n|move|p2a: Kingambit|Kowtow Cleave|p1b: Chien-Pao\n|-activate|p1b: Chien-Pao|move: Protect\n|\n|upkeep\n|turn|4\n|inactive|Justdemian has 30 seconds left.\n|\n|t:|1682813859\n|move|p2b: Arcanine|Extreme Speed|p1b: Chien-Pao\n|-damage|p1b: Chien-Pao|0 fnt\n|faint|p1b: Chien-Pao\n|move|p2a: Kingambit|Sucker Punch|p1a: Dragapult\n|-supereffective|p1a: Dragapult\n|-damage|p1a: Dragapult|0 fnt\n|faint|p1a: Dragapult\n|\n|upkeep\n|\n|t:|1682813865\n|switch|p1a: Dondozo|Dondozo, L50, M|100\/100\n|switch|p1b: Tatsugiri|Tatsugiri, L50, M|100\/100\n|-activate|p1b: Tatsugiri|ability: Commander|[of] p1a: Dondozo\n|-boost|p1a: Dondozo|atk|2\n|-boost|p1a: Dondozo|spa|2\n|-boost|p1a: Dondozo|spe|2\n|-boost|p1a: Dondozo|def|2\n|-boost|p1a: Dondozo|spd|2\n|turn|5\n|inactive|Justdemian has 30 seconds left.\n|\n|t:|1682813892\n|switch|p2b: Ting-Lu|Ting-Lu, L50|100\/100\n|-ability|p2b: Ting-Lu|Vessel of Ruin\n|move|p2a: Kingambit|Protect|p2a: Kingambit\n|-singleturn|p2a: Kingambit|Protect\n|move|p1a: Dondozo|Earthquake|p2b: Ting-Lu|[spread] p2b\n|-miss|p1a: Dondozo|p1b: Tatsugiri\n|-activate|p2a: Kingambit|move: Protect\n|-damage|p2b: Ting-Lu|78\/100\n|\n|upkeep\n|turn|6\n|inactive|Justdemian has 30 seconds left.\n|inactive|Justdemian has 20 seconds left.\n|\n|t:|1682813930\n|switch|p2a: Arcanine|Arcanine, L50, F|100\/100\n|-ability|p2a: Arcanine|Intimidate|boost\n|-unboost|p1a: Dondozo|atk|1\n|-unboost|p1b: Tatsugiri|atk|1\n|move|p1a: Dondozo|Substitute|p1a: Dondozo\n|-start|p1a: Dondozo|Substitute\n|-damage|p1a: Dondozo|76\/100\n|move|p2b: Ting-Lu|Ruination|p1a: Dondozo\n|-end|p1a: Dondozo|Substitute\n|\n|-heal|p1a: Dondozo|82\/100|[from] item: Leftovers\n|upkeep\n|turn|7\n|\n|t:|1682813953\n|move|p2a: Arcanine|Will-O-Wisp|p1a: Dondozo\n|-status|p1a: Dondozo|brn\n|move|p1a: Dondozo|Earthquake|p2b: Ting-Lu|[spread] p2a,p2b\n|-miss|p1a: Dondozo|p1b: Tatsugiri\n|-supereffective|p2a: Arcanine\n|-damage|p2a: Arcanine|76\/100\n|-damage|p2b: Ting-Lu|71\/100\n|move|p2b: Ting-Lu|Ruination|p1a: Dondozo\n|-damage|p1a: Dondozo|41\/100 brn\n|\n|-heal|p1a: Dondozo|48\/100 brn|[from] item: Leftovers\n|-damage|p1a: Dondozo|41\/100 brn|[from] brn\n|upkeep\n|turn|8\n|-message|Hjh ddrz forfeited.\n|\n|win|Justdemian\n|raw|Hjh ddrz's rating: 1109 → 1088<\/strong> (-21 for losing)\n|raw|Justdemian's rating: 1166 → 1187<\/strong> (+21 for winning)\n|l|\u2606Hjh ddrz\n","uploadtime":1682814062,"views":19,"p1id":"hjhddrz","p2id":"justdemian","formatid":"gen9vgc2023regulationc","rating":1088,"private":0,"password":""}