{"id":"gen9vgc2023regulationc-1859208871","p1":"Toxic Slaking","p2":"VillagerZz","format":"[Gen 9] VGC 2023 Regulation C","log":"|j|\u2606Toxic Slaking\n|j|\u2606VillagerZz\n|t:|1683418185\n|gametype|doubles\n|player|p1|Toxic Slaking|petrel|1032\n|player|p2|VillagerZz|266|1093\n|teamsize|p1|6\n|teamsize|p2|6\n|gen|9\n|tier|[Gen 9] VGC 2023 Regulation C\n|rated|\n|rule|Species Clause: Limit one of each Pok\u00e9mon\n|rule|Item Clause: Limit one of each item\n|clearpoke\n|poke|p1|Abomasnow, L50, F|\n|poke|p1|Annihilape, L50, F|\n|poke|p1|Iron Bundle, L50|\n|poke|p1|Vivillon, L50, M|\n|poke|p1|Ting-Lu, L50|\n|poke|p1|Chien-Pao, L50|\n|poke|p2|Mudsdale, L50, M|\n|poke|p2|Ting-Lu, L50|\n|poke|p2|Gastrodon-East, L50, F|\n|poke|p2|Dachsbun, L50, M|\n|poke|p2|Scream Tail, L50|\n|poke|p2|Grimmsnarl, L50, M|\n|teampreview|4\n|inactive|Battle timer is ON: inactive players will automatically lose when time's up. (requested by Toxic Slaking)\n|\n|t:|1683418207\n|start\n|switch|p1a: Abomasnow|Abomasnow, L50, F|100\/100\n|switch|p1b: Iron Bundle|Iron Bundle, L50|100\/100\n|switch|p2a: Mudsdale|Mudsdale, L50, M, shiny|100\/100\n|switch|p2b: Ting-Lu|Ting-Lu, L50|100\/100\n|-weather|Snow|[from] ability: Snow Warning|[of] p1a: Abomasnow\n|-ability|p2b: Ting-Lu|Vessel of Ruin\n|-enditem|p1b: Iron Bundle|Booster Energy\n|-activate|p1b: Iron Bundle|ability: Quark Drive|[fromitem]\n|-start|p1b: Iron Bundle|quarkdrivespe\n|turn|1\n|\n|t:|1683418228\n|-terastallize|p1a: Abomasnow|Grass\n|move|p1a: Abomasnow|Helping Hand|p1b: Iron Bundle\n|-singleturn|p1b: Iron Bundle|Helping Hand|[of] p1a: Abomasnow\n|move|p2b: Ting-Lu|Protect|p2b: Ting-Lu\n|-singleturn|p2b: Ting-Lu|Protect\n|move|p1b: Iron Bundle|Blizzard|p2a: Mudsdale|[spread] p2a\n|-activate|p2b: Ting-Lu|move: Protect\n|-supereffective|p2a: Mudsdale\n|-damage|p2a: Mudsdale|16\/100\n|-ability|p2a: Mudsdale|Stamina|boost\n|-boost|p2a: Mudsdale|def|1\n|move|p2a: Mudsdale|Roar|p1a: Abomasnow\n|drag|p1a: Vivillon|Vivillon, L50, M|100\/100\n|\n|-weather|Snow|[upkeep]\n|-heal|p2a: Mudsdale|22\/100|[from] item: Leftovers\n|upkeep\n|turn|2\n|\n|t:|1683418251\n|move|p1a: Vivillon|Protect|p1a: Vivillon\n|-singleturn|p1a: Vivillon|Protect\n|move|p2a: Mudsdale|Protect|p2a: Mudsdale\n|-singleturn|p2a: Mudsdale|Protect\n|move|p1b: Iron Bundle|Blizzard|p2a: Mudsdale|[spread] p2b\n|-activate|p2a: Mudsdale|move: Protect\n|-supereffective|p2b: Ting-Lu\n|-damage|p2b: Ting-Lu|52\/100\n|move|p2b: Ting-Lu|Stealth Rock|p1b: Iron Bundle\n|-sidestart|p1: Toxic Slaking|move: Stealth Rock\n|\n|-weather|Snow|[upkeep]\n|-heal|p2a: Mudsdale|28\/100|[from] item: Leftovers\n|upkeep\n|turn|3\n|\n|t:|1683418270\n|switch|p2a: Scream Tail|Scream Tail, L50, shiny|100\/100\n|-enditem|p2a: Scream Tail|Booster Energy\n|-activate|p2a: Scream Tail|ability: Protosynthesis|[fromitem]\n|-start|p2a: Scream Tail|protosynthesisspe\n|-terastallize|p2b: Ting-Lu|Poison\n|move|p1b: Iron Bundle|Blizzard|p2b: Ting-Lu|[spread] p2a,p2b\n|-damage|p2a: Scream Tail|81\/100\n|-damage|p2b: Ting-Lu|28\/100\n|move|p1a: Vivillon|Pollen Puff|p2b: Ting-Lu\n|-resisted|p2b: Ting-Lu\n|-damage|p2b: Ting-Lu|17\/100\n|move|p2b: Ting-Lu|Spikes|p1a: Vivillon\n|-sidestart|p1: Toxic Slaking|Spikes\n|\n|-weather|Snow|[upkeep]\n|upkeep\n|turn|4\n|\n|t:|1683418295\n|move|p1a: Vivillon|Protect|p1a: Vivillon\n|-singleturn|p1a: Vivillon|Protect\n|move|p1b: Iron Bundle|Blizzard|p2a: Scream Tail|[spread] p2a,p2b\n|-damage|p2a: Scream Tail|60\/100\n|-damage|p2b: Ting-Lu|0 fnt\n|faint|p2b: Ting-Lu\n|move|p2a: Scream Tail|Disable|p1b: Iron Bundle\n|-start|p1b: Iron Bundle|Disable|Blizzard\n|\n|-weather|Snow|[upkeep]\n|upkeep\n|\n|t:|1683418312\n|switch|p2b: Mudsdale|Mudsdale, L50, M, shiny|28\/100\n|turn|5\n|\n|t:|1683418330\n|move|p2b: Mudsdale|Protect|p2b: Mudsdale\n|-singleturn|p2b: Mudsdale|Protect\n|move|p1b: Iron Bundle|Aurora Veil|p1b: Iron Bundle\n|-sidestart|p1: Toxic Slaking|move: Aurora Veil\n|move|p2a: Scream Tail|Encore|p1b: Iron Bundle\n|-start|p1b: Iron Bundle|Encore\n|move|p1a: Vivillon|Pollen Puff|p1b: Iron Bundle\n|-immune|p1b: Iron Bundle\n|\n|-weather|none\n|-heal|p2b: Mudsdale|34\/100|[from] item: Leftovers\n|upkeep\n|turn|6\n|\n|t:|1683418350\n|-end|p1b: Iron Bundle|Quark Drive|[silent]\n|switch|p1b: Ting-Lu|Ting-Lu, L50|100\/100\n|-damage|p1b: Ting-Lu|95\/100|[from] Stealth Rock\n|-damage|p1b: Ting-Lu|82\/100|[from] Spikes\n|-ability|p1b: Ting-Lu|Vessel of Ruin\n|switch|p1a: Abomasnow|Abomasnow, L50, F, tera:Grass|100\/100\n|-damage|p1a: Abomasnow|88\/100|[from] Stealth Rock\n|-damage|p1a: Abomasnow|76\/100|[from] Spikes\n|-weather|Snow|[from] ability: Snow Warning|[of] p1a: Abomasnow\n|move|p2a: Scream Tail|Wish|p2a: Scream Tail\n|move|p2b: Mudsdale|Roar|p1a: Abomasnow\n|drag|p1a: Iron Bundle|Iron Bundle, L50|100\/100\n|-damage|p1a: Iron Bundle|76\/100|[from] Stealth Rock\n|-damage|p1a: Iron Bundle|63\/100|[from] Spikes\n|\n|-weather|Snow|[upkeep]\n|-heal|p2b: Mudsdale|40\/100|[from] item: Leftovers\n|upkeep\n|turn|7\n|inactive|VillagerZz has 30 seconds left.\n|\n|t:|1683418376\n|move|p2a: Scream Tail|Protect|p2a: Scream Tail\n|-singleturn|p2a: Scream Tail|Protect\n|move|p2b: Mudsdale|Protect|p2b: Mudsdale\n|-singleturn|p2b: Mudsdale|Protect\n|move|p1a: Iron Bundle|Blizzard|p2a: Scream Tail|[spread] \n|-activate|p2a: Scream Tail|move: Protect\n|-activate|p2b: Mudsdale|move: Protect\n|move|p1b: Ting-Lu|Rock Slide|p2a: Scream Tail|[spread] \n|-activate|p2a: Scream Tail|move: Protect\n|-activate|p2b: Mudsdale|move: Protect\n|\n|-weather|Snow|[upkeep]\n|-heal|p2a: Scream Tail|100\/100|[from] move: Wish|[wisher] Scream Tail\n|-heal|p2b: Mudsdale|45\/100|[from] item: Leftovers\n|upkeep\n|turn|8\n|\n|t:|1683418397\n|move|p2a: Scream Tail|Disable|p1a: Iron Bundle\n|-start|p1a: Iron Bundle|Disable|Blizzard\n|move|p1a: Iron Bundle|Hydro Pump|p2b: Mudsdale\n|-supereffective|p2b: Mudsdale\n|-damage|p2b: Mudsdale|0 fnt\n|faint|p2b: Mudsdale\n|move|p1b: Ting-Lu|Rock Slide|p2a: Scream Tail\n|-damage|p2a: Scream Tail|70\/100\n|\n|-weather|Snow|[upkeep]\n|upkeep\n|\n|t:|1683418408\n|switch|p2b: Gastrodon|Gastrodon-East, L50, F, shiny|100\/100\n|turn|9\n|\n|t:|1683418421\n|move|p1a: Iron Bundle|Protect|p1a: Iron Bundle\n|-singleturn|p1a: Iron Bundle|Protect\n|move|p2a: Scream Tail|Disable|p1b: Ting-Lu\n|-start|p1b: Ting-Lu|Disable|Rock Slide\n|cant|p1b: Ting-Lu|Disable|Rock Slide\n|move|p2b: Gastrodon|Spikes|p1a: Iron Bundle\n|-sidestart|p1: Toxic Slaking|Spikes\n|\n|-weather|Snow|[upkeep]\n|-sideend|p1: Toxic Slaking|move: Aurora Veil\n|upkeep\n|turn|10\n|\n|t:|1683418438\n|-end|p1a: Iron Bundle|Quark Drive|[silent]\n|switch|p1a: Abomasnow|Abomasnow, L50, F, tera:Grass|76\/100\n|-damage|p1a: Abomasnow|64\/100|[from] Stealth Rock\n|-damage|p1a: Abomasnow|48\/100|[from] Spikes\n|switch|p1b: Vivillon|Vivillon, L50, M|100\/100\n|-damage|p1b: Vivillon|51\/100|[from] Stealth Rock\n|move|p2a: Scream Tail|Encore||[still]\n|-fail|p2a: Scream Tail\n|move|p2b: Gastrodon|Spikes|p1a: Abomasnow\n|-sidestart|p1: Toxic Slaking|Spikes\n|\n|-weather|none\n|upkeep\n|turn|11\n|\n|t:|1683418457\n|move|p1a: Abomasnow|Ice Shard|p2a: Scream Tail\n|-damage|p2a: Scream Tail|57\/100\n|-damage|p1a: Abomasnow|38\/100|[from] item: Life Orb\n|move|p2a: Scream Tail|Wish|p2a: Scream Tail\n|move|p1b: Vivillon|Pollen Puff|p1a: Abomasnow\n|-heal|p1a: Abomasnow|88\/100\n|move|p2b: Gastrodon|Muddy Water|p1b: Vivillon|[spread] p1b\n|-miss|p2b: Gastrodon|p1a: Abomasnow\n|-damage|p1b: Vivillon|6\/100\n|\n|upkeep\n|turn|12\n|inactive|VillagerZz has 30 seconds left.\n|inactive|VillagerZz has 20 seconds left.\n|inactive|VillagerZz has 15 seconds left.\n|inactive|VillagerZz has 10 seconds left.\n|\n|t:|1683418507\n|move|p2a: Scream Tail|Protect|p2a: Scream Tail\n|-singleturn|p2a: Scream Tail|Protect\n|move|p1b: Vivillon|Protect|p1b: Vivillon\n|-singleturn|p1b: Vivillon|Protect\n|move|p1a: Abomasnow|Blizzard|p2a: Scream Tail|[spread] \n|-activate|p2a: Scream Tail|move: Protect\n|-miss|p1a: Abomasnow|p2b: Gastrodon\n|move|p2b: Gastrodon|Recover||[still]\n|-fail|p2b: Gastrodon|heal\n|\n|-heal|p2a: Scream Tail|100\/100|[from] move: Wish|[wisher] Scream Tail\n|upkeep\n|turn|13\n|\n|t:|1683418528\n|move|p1b: Vivillon|Protect||[still]\n|-fail|p1b: Vivillon\n|move|p1a: Abomasnow|Ice Shard|p2b: Gastrodon\n|-crit|p2b: Gastrodon\n|-damage|p2b: Gastrodon|75\/100\n|-damage|p1a: Abomasnow|78\/100|[from] item: Life Orb\n|move|p2a: Scream Tail|Disable|p1a: Abomasnow\n|-start|p1a: Abomasnow|Disable|Ice Shard\n|move|p2b: Gastrodon|Muddy Water|p1b: Vivillon|[spread] p1b\n|-miss|p2b: Gastrodon|p1a: Abomasnow\n|-damage|p1b: Vivillon|0 fnt\n|faint|p1b: Vivillon\n|\n|upkeep\n|\n|t:|1683418532\n|switch|p1b: Iron Bundle|Iron Bundle, L50|63\/100\n|-damage|p1b: Iron Bundle|38\/100|[from] Stealth Rock\n|-damage|p1b: Iron Bundle|14\/100|[from] Spikes\n|turn|14\n|c|\u2606Toxic Slaking|Gg you stall me out\n|\n|t:|1683418554\n|move|p1a: Abomasnow|Helping Hand|p1b: Iron Bundle\n|-singleturn|p1b: Iron Bundle|Helping Hand|[of] p1a: Abomasnow\n|move|p2a: Scream Tail|Protect|p2a: Scream Tail\n|-singleturn|p2a: Scream Tail|Protect\n|move|p1b: Iron Bundle|Blizzard|p2b: Gastrodon|[spread] p2b\n|-activate|p2a: Scream Tail|move: Protect\n|-damage|p2b: Gastrodon|32\/100\n|-status|p2b: Gastrodon|frz\n|-enditem|p2b: Gastrodon|Sitrus Berry|[eat]\n|-heal|p2b: Gastrodon|57\/100 frz|[from] item: Sitrus Berry\n|cant|p2b: Gastrodon|frz\n|\n|upkeep\n|turn|15\n|-message|Toxic Slaking forfeited.\n|\n|win|VillagerZz\n|raw|Toxic Slaking's rating: 1032 → 1020<\/strong> (-12 for losing)\n|raw|VillagerZz's rating: 1093 → 1115<\/strong> (+22 for winning)\n|l|\u2606Toxic Slaking\n","uploadtime":1683418572,"views":9,"p1id":"toxicslaking","p2id":"villagerzz","formatid":"gen9vgc2023regulationc","rating":1020,"private":0,"password":""}