{"id":"gen9vgc2023regulationc-1848243326","p1":"SeviperGliscor","p2":"slimbean","format":"[Gen 9] VGC 2023 Regulation C","log":"|j|\u2606SeviperGliscor\n|j|\u2606slimbean\n|t:|1682047146\n|gametype|doubles\n|player|p1|SeviperGliscor|ethan|1074\n|player|p2|slimbean|fisherman|1043\n|teamsize|p1|4\n|teamsize|p2|6\n|gen|9\n|tier|[Gen 9] VGC 2023 Regulation C\n|rated|\n|rule|Species Clause: Limit one of each Pok\u00e9mon\n|rule|Item Clause: Limit one of each item\n|clearpoke\n|poke|p1|Houndstone, L50, M|\n|poke|p1|Hippowdon, L50, M|\n|poke|p1|Armarouge, L50, M|\n|poke|p1|Farigiraf, L50, M|\n|poke|p2|Ting-Lu, L50|\n|poke|p2|Gyarados, L50, M|\n|poke|p2|Armarouge, L50, M|\n|poke|p2|Kingambit, L50, F|\n|poke|p2|Talonflame, L50, F|\n|poke|p2|Iron Hands, L50|\n|teampreview|4\n|inactive|Battle timer is ON: inactive players will automatically lose when time's up. (requested by slimbean)\n|\n|t:|1682047173\n|start\n|switch|p1a: Armarouge|Armarouge, L50, M|100\/100\n|switch|p1b: Farigiraf|Farigiraf, L50, M|100\/100\n|switch|p2a: Talonflame|Talonflame, L50, F|100\/100\n|switch|p2b: Gyarados|Gyarados, L50, M|100\/100\n|-ability|p2b: Gyarados|Intimidate|boost\n|-unboost|p1a: Armarouge|atk|1\n|-unboost|p1b: Farigiraf|atk|1\n|turn|1\n|\n|t:|1682047193\n|-terastallize|p1a: Armarouge|Psychic\n|move|p2a: Talonflame|Taunt|p1b: Farigiraf\n|-start|p1b: Farigiraf|move: Taunt\n|move|p1b: Farigiraf|Beat Up|p1a: Armarouge\n|-supereffective|p1a: Armarouge\n|-damage|p1a: Armarouge|97\/100\n|-ability|p1a: Armarouge|Weak Armor|boost\n|-unboost|p1a: Armarouge|def|1\n|-boost|p1a: Armarouge|spe|2\n|-enditem|p1a: Armarouge|Weakness Policy\n|-boost|p1a: Armarouge|atk|2|[from] item: Weakness Policy\n|-boost|p1a: Armarouge|spa|2|[from] item: Weakness Policy\n|-supereffective|p1a: Armarouge\n|-damage|p1a: Armarouge|90\/100\n|-ability|p1a: Armarouge|Weak Armor|boost\n|-unboost|p1a: Armarouge|def|1\n|-boost|p1a: Armarouge|spe|2\n|-supereffective|p1a: Armarouge\n|-damage|p1a: Armarouge|82\/100\n|-ability|p1a: Armarouge|Weak Armor|boost\n|-unboost|p1a: Armarouge|def|1\n|-boost|p1a: Armarouge|spe|2\n|-supereffective|p1a: Armarouge\n|-damage|p1a: Armarouge|70\/100\n|-ability|p1a: Armarouge|Weak Armor|boost\n|-unboost|p1a: Armarouge|def|1\n|-hitcount|p1a: Armarouge|4\n|move|p1a: Armarouge|Stored Power|p2a: Talonflame\n|-damage|p2a: Talonflame|0 fnt\n|faint|p2a: Talonflame\n|move|p2b: Gyarados|Waterfall|p1a: Armarouge\n|-damage|p1a: Armarouge|0 fnt\n|faint|p1a: Armarouge\n|-damage|p2b: Gyarados|91\/100|[from] item: Life Orb\n|\n|upkeep\n|inactive|SeviperGliscor has 30 seconds left.\n|\n|t:|1682047219\n|switch|p2a: Armarouge|Armarouge, L50, M|100\/100\n|switch|p1a: Hippowdon|Hippowdon, L50, M|100\/100\n|-weather|Sandstorm|[from] ability: Sand Stream|[of] p1a: Hippowdon\n|turn|2\n|\n|t:|1682047234\n|-terastallize|p2a: Armarouge|Grass\n|move|p1b: Farigiraf|Psychic|p2b: Gyarados\n|-damage|p2b: Gyarados|50\/100\n|move|p2b: Gyarados|Waterfall|p1a: Hippowdon\n|-supereffective|p1a: Hippowdon\n|-damage|p1a: Hippowdon|35\/100\n|-damage|p2b: Gyarados|40\/100|[from] item: Life Orb\n|move|p2a: Armarouge|Solar Beam||[still]\n|-prepare|p2a: Armarouge|Solar Beam\n|-enditem|p2a: Armarouge|Power Herb\n|-anim|p2a: Armarouge|Solar Beam|p1a: Hippowdon\n|-supereffective|p1a: Hippowdon\n|-crit|p1a: Hippowdon\n|-damage|p1a: Hippowdon|0 fnt\n|faint|p1a: Hippowdon\n|\n|-weather|Sandstorm|[upkeep]\n|-damage|p1b: Farigiraf|94\/100|[from] Sandstorm\n|-damage|p2b: Gyarados|34\/100|[from] Sandstorm\n|-damage|p2a: Armarouge|94\/100|[from] Sandstorm\n|upkeep\n|\n|t:|1682047245\n|switch|p1a: Houndstone|Houndstone, L50, M|100\/100\n|turn|3\n|\n|t:|1682047253\n|move|p2a: Armarouge|Ally Switch|p2a: Armarouge\n|swap|p2a: Armarouge|1|[from] move: Ally Switch\n|move|p1a: Houndstone|Last Respects|p2a: Gyarados\n|-damage|p2a: Gyarados|0 fnt\n|faint|p2a: Gyarados\n|move|p1b: Farigiraf|Psychic|p2b: Armarouge\n|-damage|p2b: Armarouge|52\/100\n|\n|-weather|Sandstorm|[upkeep]\n|-damage|p1b: Farigiraf|88\/100|[from] Sandstorm\n|-damage|p2b: Armarouge|45\/100|[from] Sandstorm\n|-end|p1b: Farigiraf|move: Taunt\n|upkeep\n|\n|t:|1682047260\n|switch|p2a: Iron Hands|Iron Hands, L50|100\/100\n|turn|4\n|\n|t:|1682047272\n|move|p1b: Farigiraf|Helping Hand|p1a: Houndstone\n|-singleturn|p1a: Houndstone|Helping Hand|[of] p1b: Farigiraf\n|move|p1a: Houndstone|Last Respects|p2a: Iron Hands\n|-crit|p2a: Iron Hands\n|-damage|p2a: Iron Hands|16\/100\n|move|p2b: Armarouge|Armor Cannon|p1a: Houndstone\n|-damage|p1a: Houndstone|23\/100\n|-unboost|p2b: Armarouge|def|1\n|-unboost|p2b: Armarouge|spd|1\n|move|p2a: Iron Hands|Drain Punch|p1b: Farigiraf\n|-damage|p1b: Farigiraf|43\/100\n|-heal|p2a: Iron Hands|34\/100|[from] drain|[of] p1b: Farigiraf\n|-enditem|p1b: Farigiraf|Sitrus Berry|[eat]\n|-heal|p1b: Farigiraf|68\/100|[from] item: Sitrus Berry\n|\n|-weather|Sandstorm|[upkeep]\n|-damage|p1b: Farigiraf|62\/100|[from] Sandstorm\n|-damage|p2b: Armarouge|39\/100|[from] Sandstorm\n|-damage|p2a: Iron Hands|28\/100|[from] Sandstorm\n|-heal|p2a: Iron Hands|34\/100|[from] item: Leftovers\n|upkeep\n|turn|5\n|\n|t:|1682047292\n|move|p1a: Houndstone|Last Respects|p2b: Armarouge\n|-damage|p2b: Armarouge|0 fnt\n|faint|p2b: Armarouge\n|move|p1b: Farigiraf|Psychic|p2a: Iron Hands\n|-supereffective|p2a: Iron Hands\n|-damage|p2a: Iron Hands|0 fnt\n|faint|p2a: Iron Hands\n|-end|p2a: Iron Hands|Quark Drive|[silent]\n|\n|win|SeviperGliscor\n|raw|SeviperGliscor's rating: 1074 → 1100<\/strong> (+26 for winning)\n|raw|slimbean's rating: 1043 → 1028<\/strong> (-15 for losing)\n|l|\u2606slimbean\n","uploadtime":1682047301,"views":12,"p1id":"sevipergliscor","p2id":"slimbean","formatid":"gen9vgc2023regulationc","rating":1028,"private":0,"password":""}