{"id":"gen9vgc2023regulationc-1852971321","p1":"Adobe Acromegaly","p2":"Stalldozo","format":"[Gen 9] VGC 2023 Regulation C","log":"|j|\u2606Adobe Acromegaly\n|j|\u2606Stalldozo\n|t:|1682621748\n|gametype|doubles\n|player|p1|Adobe Acromegaly|may-masters|1160\n|player|p2|Stalldozo|266|1095\n|teamsize|p1|6\n|teamsize|p2|6\n|gen|9\n|tier|[Gen 9] VGC 2023 Regulation C\n|rated|\n|rule|Species Clause: Limit one of each Pok\u00e9mon\n|rule|Item Clause: Limit one of each item\n|clearpoke\n|poke|p1|Lurantis, L50, F|\n|poke|p1|Roaring Moon, L50|\n|poke|p1|Maushold-Four, L50|\n|poke|p1|Ting-Lu, L50|\n|poke|p1|Glimmora, L50, F|\n|poke|p1|Gholdengo, L50|\n|poke|p2|Scream Tail, L50|\n|poke|p2|Tatsugiri-Stretchy, L50, F|\n|poke|p2|Dondozo, L50, M|\n|poke|p2|Flamigo, L50, M|\n|poke|p2|Scizor, L50, M|\n|poke|p2|Gothitelle, L50, F|\n|teampreview|4\nStalldozo has agreed to open team sheets.\nAdobe Acromegaly rejected open team sheets.\n|inactive|Battle timer is ON: inactive players will automatically lose when time's up. (requested by Stalldozo)\n|inactive|Adobe Acromegaly has 60 seconds left.\n|\n|t:|1682621802\n|start\n|switch|p1a: Maushold|Maushold-Four, L50, shiny|100\/100\n|switch|p1b: Ting-Lu|Ting-Lu, L50|100\/100\n|switch|p2a: Scream Tail|Scream Tail, L50|100\/100\n|switch|p2b: Tatsugiri|Tatsugiri-Stretchy, L50, F, shiny|100\/100\n|-ability|p1b: Ting-Lu|Vessel of Ruin\n|-enditem|p2a: Scream Tail|Booster Energy\n|-activate|p2a: Scream Tail|ability: Protosynthesis|[fromitem]\n|-start|p2a: Scream Tail|protosynthesisspe\n|turn|1\n|inactive|Adobe Acromegaly has 30 seconds left.\n|inactive|Adobe Acromegaly has 20 seconds left.\n|inactive|Adobe Acromegaly has 15 seconds left.\n|\n|t:|1682621843\n|switch|p1b: Gholdengo|Gholdengo, L50|100\/100\n|move|p2a: Scream Tail|Perish Song|p2a: Scream Tail\n|-start|p1a: Maushold|perish3|[silent]\n|-immune|p1b: Gholdengo|[from] ability: Good as Gold\n|-start|p2a: Scream Tail|perish3|[silent]\n|-start|p2b: Tatsugiri|perish3|[silent]\n|-fieldactivate|move: Perish Song\n|move|p1a: Maushold|Thunder Wave|p2a: Scream Tail\n|-status|p2a: Scream Tail|par\n|move|p2b: Tatsugiri|Muddy Water|p1b: Gholdengo|[spread] p1a,p1b\n|-damage|p1a: Maushold|40\/100\n|-damage|p1b: Gholdengo|65\/100\n|-unboost|p1a: Maushold|accuracy|1\n|-damage|p2b: Tatsugiri|91\/100|[from] item: Life Orb\n|\n|-heal|p1b: Gholdengo|72\/100|[from] item: Leftovers\n|-start|p1a: Maushold|perish3\n|-start|p2b: Tatsugiri|perish3\n|-start|p2a: Scream Tail|perish3\n|upkeep\n|turn|2\n|inactive|Adobe Acromegaly has 30 seconds left.\n|inactive|Stalldozo has 30 seconds left.\n|inactive|Adobe Acromegaly has 20 seconds left.\n|inactive|Adobe Acromegaly has 15 seconds left.\n|\n|t:|1682621887\n|-end|p2a: Scream Tail|Protosynthesis|[silent]\n|switch|p2a: Dondozo|Dondozo, L50, M|100\/100\n|-activate|p2b: Tatsugiri|ability: Commander|[of] p2a: Dondozo\n|-boost|p2a: Dondozo|atk|2\n|-boost|p2a: Dondozo|spa|2\n|-boost|p2a: Dondozo|spe|2\n|-boost|p2a: Dondozo|def|2\n|-boost|p2a: Dondozo|spd|2\n|move|p1a: Maushold|Protect|p1a: Maushold\n|-singleturn|p1a: Maushold|Protect\n|move|p1b: Gholdengo|Shadow Ball|p2b: Tatsugiri|[miss]\n|-miss|p1b: Gholdengo|p2b: Tatsugiri\n|\n|-heal|p1b: Gholdengo|78\/100|[from] item: Leftovers\n|-start|p1a: Maushold|perish2\n|-start|p2b: Tatsugiri|perish2\n|upkeep\n|turn|3\n|\n|t:|1682621907\n|move|p1b: Gholdengo|Protect|p1b: Gholdengo\n|-singleturn|p1b: Gholdengo|Protect\n|move|p1a: Maushold|Baby-Doll Eyes|p2a: Dondozo\n|-unboost|p2a: Dondozo|atk|1\n|move|p2a: Dondozo|Substitute|p2a: Dondozo\n|-start|p2a: Dondozo|Substitute\n|-damage|p2a: Dondozo|76\/100\n|\n|-heal|p1b: Gholdengo|84\/100|[from] item: Leftovers\n|-start|p1a: Maushold|perish1\n|-start|p2b: Tatsugiri|perish1\n|upkeep\n|turn|4\n|\n|t:|1682621923\n|switch|p1a: Lurantis|Lurantis, L50, F, shiny|100\/100\n|-terastallize|p1b: Gholdengo|Water\n|move|p2a: Dondozo|Protect|p2a: Dondozo\n|-singleturn|p2a: Dondozo|Protect\n|move|p1b: Gholdengo|Shadow Ball|p2a: Dondozo\n|-activate|p2a: Dondozo|move: Protect\n|\n|-heal|p1b: Gholdengo|90\/100|[from] item: Leftovers\n|-start|p2b: Tatsugiri|perish0\n|faint|p2b: Tatsugiri\n|upkeep\n|\n|t:|1682621928\n|switch|p2b: Flamigo|Flamigo, L50, M|100\/100\n|-copyboost|p2b: Flamigo|p2a: Dondozo|[from] ability: Costar\n|turn|5\n|inactive|Adobe Acromegaly has 30 seconds left.\n|inactive|Adobe Acromegaly has 20 seconds left.\n|inactive|Adobe Acromegaly has 15 seconds left.\n|inactive|Adobe Acromegaly has 10 seconds left.\n|\n|t:|1682621976\n|-terastallize|p2b: Flamigo|Flying\n|move|p2b: Flamigo|Brave Bird|p1b: Gholdengo\n|-damage|p1b: Gholdengo|0 fnt\n|faint|p1b: Gholdengo\n|-damage|p2b: Flamigo|64\/100|[from] Recoil\n|move|p2a: Dondozo|Earthquake|p1a: Lurantis|[spread] p1a\n|-immune|p2b: Flamigo\n|-resisted|p1a: Lurantis\n|-damage|p1a: Lurantis|81\/100\n|move|p1a: Lurantis|Leaf Blade|p2a: Dondozo\n|-supereffective|p2a: Dondozo\n|-end|p2a: Dondozo|Substitute\n|\n|upkeep\n|\n|t:|1682621986\n|switch|p1b: Maushold|Maushold-Four, L50, shiny|40\/100\n|turn|6\n|\n|t:|1682621999\n|move|p2b: Flamigo|Protect|p2b: Flamigo\n|-singleturn|p2b: Flamigo|Protect\n|move|p1b: Maushold|Follow Me|p1b: Maushold\n|-singleturn|p1b: Maushold|move: Follow Me\n|move|p2a: Dondozo|Wave Crash|p1b: Maushold\n|-damage|p1b: Maushold|0 fnt\n|faint|p1b: Maushold\n|-damage|p2a: Dondozo|66\/100|[from] Recoil\n|move|p1a: Lurantis|Leaf Blade|p2a: Dondozo\n|-supereffective|p2a: Dondozo\n|-damage|p2a: Dondozo|23\/100\n|\n|upkeep\n|\n|t:|1682622006\n|switch|p1b: Ting-Lu|Ting-Lu, L50|100\/100\n|-ability|p1b: Ting-Lu|Vessel of Ruin\n|turn|7\n|\n|t:|1682622013\n|move|p2b: Flamigo|Brave Bird|p1a: Lurantis\n|-supereffective|p1a: Lurantis\n|-damage|p1a: Lurantis|0 fnt\n|faint|p1a: Lurantis\n|-damage|p2b: Flamigo|34\/100|[from] Recoil\n|move|p2a: Dondozo|Wave Crash|p1b: Ting-Lu\n|-supereffective|p1b: Ting-Lu\n|-crit|p1b: Ting-Lu\n|-damage|p1b: Ting-Lu|0 fnt\n|faint|p1b: Ting-Lu\n|-damage|p2a: Dondozo|0 fnt|[from] Recoil\n|faint|p2a: Dondozo\n|\n|win|Stalldozo\n|raw|Adobe Acromegaly's rating: 1160 → 1130<\/strong> (-30 for losing)\n|raw|Stalldozo's rating: 1095 → 1126<\/strong> (+31 for winning)\n|l|\u2606Adobe Acromegaly\n","uploadtime":1682622018,"views":6,"p1id":"adobeacromegaly","p2id":"stalldozo","formatid":"gen9vgc2023regulationc","rating":1126,"private":0,"password":""}