{"id":"gen9vgc2023regulationc-1852713650","p1":"MuhFugginPenguin","p2":"cosplayLover","format":"[Gen 9] VGC 2023 Regulation C","log":"|j|\u2606MuhFugginPenguin\n|j|\u2606cosplayLover\n|t:|1682599449\n|gametype|doubles\n|player|p1|MuhFugginPenguin|blue|1320\n|player|p2|cosplayLover|2|1344\n|teamsize|p1|6\n|teamsize|p2|6\n|gen|9\n|tier|[Gen 9] VGC 2023 Regulation C\n|rated|\n|rule|Species Clause: Limit one of each Pok\u00e9mon\n|rule|Item Clause: Limit one of each item\n|clearpoke\n|poke|p1|Dragapult, L50, F|\n|poke|p1|Flutter Mane, L50|\n|poke|p1|Gholdengo, L50|\n|poke|p1|Annihilape, L50, M|\n|poke|p1|Sableye, L50, F|\n|poke|p1|Skeledirge, L50, F|\n|poke|p2|Garganacl, L50, M|\n|poke|p2|Wo-Chien, L50|\n|poke|p2|Iron Moth, L50|\n|poke|p2|Great Tusk, L50|\n|poke|p2|Flutter Mane, L50|\n|poke|p2|Iron Bundle, L50|\n|teampreview|4\n|inactive|Battle timer is ON: inactive players will automatically lose when time's up. (requested by cosplayLover)\n|inactive|MuhFugginPenguin has 60 seconds left.\n|inactive|cosplayLover has 60 seconds left.\n|\n|t:|1682599508\n|start\n|switch|p1a: Dragapult|Dragapult, L50, F|100\/100\n|switch|p1b: Sableye|Sableye, L50, F|100\/100\n|switch|p2a: Garganacl|Garganacl, L50, M|100\/100\n|switch|p2b: Flutter Mane|Flutter Mane, L50|100\/100\n|turn|1\n|\n|t:|1682599529\n|move|p1b: Sableye|Shadow Sneak|p1a: Dragapult\n|-supereffective|p1a: Dragapult\n|-damage|p1a: Dragapult|76\/100\n|-enditem|p1a: Dragapult|Weakness Policy\n|-boost|p1a: Dragapult|atk|2|[from] item: Weakness Policy\n|-boost|p1a: Dragapult|spa|2|[from] item: Weakness Policy\n|move|p1a: Dragapult|Acrobatics|p2b: Flutter Mane\n|-damage|p2b: Flutter Mane|0 fnt\n|faint|p2b: Flutter Mane\n|-end|p2b: Flutter Mane|Protosynthesis|[silent]\n|move|p2a: Garganacl|Salt Cure|p1a: Dragapult\n|-damage|p1a: Dragapult|58\/100\n|-start|p1a: Dragapult|Salt Cure\n|\n|-damage|p1a: Dragapult|45\/100|[from] Salt Cure\n|upkeep\n|\n|t:|1682599543\n|switch|p2b: Wo-Chien|Wo-Chien, L50|100\/100\n|-ability|p2b: Wo-Chien|Tablets of Ruin\n|turn|2\n|inactive|MuhFugginPenguin has 30 seconds left.\n|\n|t:|1682599570\n|-terastallize|p2b: Wo-Chien|Poison\n|move|p1b: Sableye|Will-O-Wisp|p2a: Garganacl\n|-immune|p2a: Garganacl|[from] ability: Purifying Salt\n|move|p1a: Dragapult|Acrobatics|p2b: Wo-Chien\n|-damage|p2b: Wo-Chien|58\/100\n|move|p2b: Wo-Chien|Leech Seed|p1a: Dragapult\n|-start|p1a: Dragapult|move: Leech Seed\n|move|p2a: Garganacl|Salt Cure|p1b: Sableye\n|-damage|p1b: Sableye|88\/100\n|-start|p1b: Sableye|Salt Cure\n|\n|-damage|p1a: Dragapult|33\/100|[from] Leech Seed|[of] p2b: Wo-Chien\n|-heal|p2b: Wo-Chien|69\/100|[silent]\n|-damage|p1a: Dragapult|21\/100|[from] Salt Cure\n|-damage|p1b: Sableye|76\/100|[from] Salt Cure\n|upkeep\n|turn|3\n|c|\u2606cosplayLover|very noob\n|\n|t:|1682599594\n|switch|p1b: Gholdengo|Gholdengo, L50|100\/100\n|move|p2b: Wo-Chien|Protect|p2b: Wo-Chien\n|-singleturn|p2b: Wo-Chien|Protect\n|move|p2a: Garganacl|Protect|p2a: Garganacl\n|-singleturn|p2a: Garganacl|Protect\n|move|p1a: Dragapult|Dragon Darts|p2b: Wo-Chien\n|-activate|p2a: Garganacl|move: Protect\n|\n|-damage|p1a: Dragapult|8\/100|[from] Leech Seed|[of] p2b: Wo-Chien\n|-heal|p2b: Wo-Chien|80\/100|[silent]\n|-damage|p1a: Dragapult|0 fnt|[from] Salt Cure\n|faint|p1a: Dragapult\n|upkeep\n|\n|t:|1682599607\n|switch|p1a: Annihilape|Annihilape, L50, M|100\/100\n|turn|4\n|\n|t:|1682599623\n|move|p1b: Gholdengo|Trick|p2b: Wo-Chien\n|-activate|p1b: Gholdengo|move: Trick|[of] p2b: Wo-Chien\n|-item|p2b: Wo-Chien|Choice Scarf|[from] move: Trick\n|-item|p1b: Gholdengo|Wiki Berry|[from] move: Trick\n|move|p1a: Annihilape|Bulk Up|p1a: Annihilape\n|-boost|p1a: Annihilape|atk|1\n|-boost|p1a: Annihilape|def|1\n|move|p2b: Wo-Chien|Ruination|p1a: Annihilape\n|-damage|p1a: Annihilape|51\/100\n|move|p2a: Garganacl|Salt Cure|p1b: Gholdengo\n|-resisted|p1b: Gholdengo\n|-damage|p1b: Gholdengo|95\/100\n|-start|p1b: Gholdengo|Salt Cure\n|\n|-damage|p1b: Gholdengo|70\/100|[from] Salt Cure\n|upkeep\n|turn|5\n|\n|t:|1682599640\n|switch|p1b: Sableye|Sableye, L50, F|76\/100\n|move|p1a: Annihilape|Protect|p1a: Annihilape\n|-singleturn|p1a: Annihilape|Protect\n|move|p2b: Wo-Chien|Ruination|p1b: Sableye\n|-damage|p1b: Sableye|39\/100\n|move|p2a: Garganacl|Salt Cure|p1a: Annihilape\n|-activate|p1a: Annihilape|move: Protect\n|\n|upkeep\n|turn|6\n|\n|t:|1682599656\n|switch|p2a: Iron Moth|Iron Moth, L50|100\/100\n|-enditem|p2a: Iron Moth|Booster Energy\n|-activate|p2a: Iron Moth|ability: Quark Drive|[fromitem]\n|-start|p2a: Iron Moth|quarkdrivespa\n|move|p1b: Sableye|Will-O-Wisp|p2b: Wo-Chien\n|-status|p2b: Wo-Chien|brn\n|move|p1a: Annihilape|Drain Punch|p2a: Iron Moth\n|-resisted|p2a: Iron Moth\n|-damage|p2a: Iron Moth|76\/100\n|-heal|p1a: Annihilape|62\/100|[from] drain|[of] p2a: Iron Moth\n|move|p2b: Wo-Chien|Ruination|p1a: Annihilape\n|-damage|p1a: Annihilape|31\/100\n|-enditem|p1a: Annihilape|Sitrus Berry|[eat]\n|-heal|p1a: Annihilape|56\/100|[from] item: Sitrus Berry\n|\n|-damage|p2b: Wo-Chien|73\/100 brn|[from] brn\n|upkeep\n|turn|7\n|\n|t:|1682599678\n|move|p1b: Sableye|Quash|p2a: Iron Moth\n|-activate|p2a: Iron Moth|move: Quash\n|move|p1a: Annihilape|Rage Fist|p2a: Iron Moth\n|-damage|p2a: Iron Moth|0 fnt\n|faint|p2a: Iron Moth\n|-end|p2a: Iron Moth|Quark Drive|[silent]\n|move|p2b: Wo-Chien|Ruination|p1a: Annihilape|[miss]\n|-miss|p2b: Wo-Chien|p1a: Annihilape\n|\n|-damage|p2b: Wo-Chien|67\/100 brn|[from] brn\n|upkeep\n|\n|t:|1682599685\n|switch|p2a: Garganacl|Garganacl, L50, M|100\/100\n|turn|8\n|\n|t:|1682599700\n|move|p1a: Annihilape|Protect|p1a: Annihilape\n|-singleturn|p1a: Annihilape|Protect\n|move|p1b: Sableye|Shadow Sneak|p2a: Garganacl\n|-damage|p2a: Garganacl|99\/100\n|move|p2b: Wo-Chien|Ruination|p1b: Sableye\n|-damage|p1b: Sableye|20\/100\n|move|p2a: Garganacl|Salt Cure|p1b: Sableye\n|-damage|p1b: Sableye|8\/100\n|-start|p1b: Sableye|Salt Cure\n|\n|-heal|p2a: Garganacl|100\/100|[from] item: Leftovers\n|-damage|p2b: Wo-Chien|61\/100 brn|[from] brn\n|-damage|p1b: Sableye|0 fnt|[from] Salt Cure\n|faint|p1b: Sableye\n|upkeep\n|\n|t:|1682599713\n|switch|p1b: Gholdengo|Gholdengo, L50|70\/100\n|turn|9\n|\n|t:|1682599724\n|move|p1a: Annihilape|Drain Punch|p2a: Garganacl\n|-supereffective|p2a: Garganacl\n|-damage|p2a: Garganacl|53\/100\n|-heal|p1a: Annihilape|80\/100|[from] drain|[of] p2a: Garganacl\n|move|p1b: Gholdengo|Make It Rain|p2b: Wo-Chien|[spread] p2a,p2b\n|-supereffective|p2a: Garganacl\n|-damage|p2a: Garganacl|0 fnt\n|-damage|p2b: Wo-Chien|30\/100 brn\n|-unboost|p1b: Gholdengo|spa|1\n|faint|p2a: Garganacl\n|move|p2b: Wo-Chien|Ruination|p1a: Annihilape|[miss]\n|-miss|p2b: Wo-Chien|p1a: Annihilape\n|\n|-damage|p2b: Wo-Chien|23\/100 brn|[from] brn\n|upkeep\n|turn|10\n|-message|cosplayLover forfeited.\n|\n|win|MuhFugginPenguin\n|raw|MuhFugginPenguin's rating: 1320 → 1341<\/strong> (+21 for winning)\n|raw|cosplayLover's rating: 1344 → 1323<\/strong> (-21 for losing)\n|l|\u2606cosplayLover\n","uploadtime":1682599742,"views":12,"p1id":"muhfugginpenguin","p2id":"cosplaylover","formatid":"gen9vgc2023regulationc","rating":1323,"private":0,"password":""}