{"id":"gen9vgc2023regulationc-1860089147","p1":"Sans45910","p2":"defofarc","format":"[Gen 9] VGC 2023 Regulation C","log":"|j|\u2606Sans45910\n|j|\u2606defofarc\n|t:|1683593909\n|gametype|doubles\n|player|p1|Sans45910|nate|1351\n|player|p2|defofarc|dawn|1370\n|teamsize|p1|6\n|teamsize|p2|6\n|gen|9\n|tier|[Gen 9] VGC 2023 Regulation C\n|rated|\n|rule|Species Clause: Limit one of each Pok\u00e9mon\n|rule|Item Clause: Limit one of each item\n|clearpoke\n|poke|p1|Torkoal, L50, F|\n|poke|p1|Scizor, L50, F|\n|poke|p1|Sandy Shocks, L50|\n|poke|p1|Lilligant, L50, F|\n|poke|p1|Chi-Yu, L50|\n|poke|p1|Noivern, L50, M|\n|poke|p2|Scream Tail, L50|\n|poke|p2|Flutter Mane, L50|\n|poke|p2|Ting-Lu, L50|\n|poke|p2|Gyarados, L50, M|\n|poke|p2|Corviknight, L50, F|\n|poke|p2|Iron Hands, L50|\n|teampreview|4\n|inactive|Battle timer is ON: inactive players will automatically lose when time's up. (requested by Sans45910)\nSans45910 has agreed to open team sheets.\n|\n|t:|1683593937\n|start\n|switch|p1a: Noivern|Noivern, L50, M, shiny|100\/100\n|switch|p1b: Torkoal|Torkoal, L50, F|100\/100\n|switch|p2a: Ting-Lu|Ting-Lu, L50|100\/100\n|switch|p2b: Gyarados|Gyarados, L50, M|100\/100\n|-ability|p2b: Gyarados|Intimidate|boost\n|-unboost|p1a: Noivern|atk|1\n|-unboost|p1b: Torkoal|atk|1\n|-ability|p2a: Ting-Lu|Vessel of Ruin\n|-weather|SunnyDay|[from] ability: Drought|[of] p1b: Torkoal\n|turn|1\n|\n|t:|1683593956\n|move|p2b: Gyarados|Helping Hand|p2a: Ting-Lu\n|-singleturn|p2a: Ting-Lu|Helping Hand|[of] p2b: Gyarados\n|move|p1a: Noivern|Tailwind|p1a: Noivern\n|-sidestart|p1: Sans45910|move: Tailwind\n|move|p1b: Torkoal|Heat Wave|p2a: Ting-Lu|[spread] p2a,p2b\n|-resisted|p2b: Gyarados\n|-damage|p2a: Ting-Lu|74\/100\n|-damage|p2b: Gyarados|91\/100\n|-status|p2b: Gyarados|brn\n|move|p2a: Ting-Lu|Earthquake|p1b: Torkoal|[spread] p1b\n|-immune|p2b: Gyarados\n|-immune|p1a: Noivern\n|-supereffective|p1b: Torkoal\n|-crit|p1b: Torkoal\n|-damage|p1b: Torkoal|0 fnt\n|faint|p1b: Torkoal\n|\n|-weather|SunnyDay|[upkeep]\n|-damage|p2b: Gyarados|85\/100 brn|[from] brn\n|upkeep\n|\n|t:|1683593969\n|switch|p1b: Sandy Shocks|Sandy Shocks, L50|100\/100\n|-activate|p1b: Sandy Shocks|ability: Protosynthesis\n|-start|p1b: Sandy Shocks|protosynthesisspa\n|turn|2\n|\n|t:|1683593992\n|-terastallize|p1b: Sandy Shocks|Grass\n|move|p1a: Noivern|Super Fang|p2a: Ting-Lu\n|-damage|p2a: Ting-Lu|37\/100\n|move|p1b: Sandy Shocks|Tera Blast|p2a: Ting-Lu\n|-supereffective|p2a: Ting-Lu\n|-damage|p2a: Ting-Lu|0 fnt\n|faint|p2a: Ting-Lu\n|move|p2b: Gyarados|Thunder Wave|p1a: Noivern\n|-status|p1a: Noivern|par\n|\n|-weather|SunnyDay|[upkeep]\n|-damage|p2b: Gyarados|79\/100 brn|[from] brn\n|upkeep\n|\n|t:|1683594009\n|switch|p2a: Corviknight|Corviknight, L50, F|100\/100\n|turn|3\n|\n|t:|1683594025\n|-terastallize|p2a: Corviknight|Dragon\n|move|p1b: Sandy Shocks|Protect|p1b: Sandy Shocks\n|-singleturn|p1b: Sandy Shocks|Protect\n|move|p1a: Noivern|Super Fang|p2a: Corviknight\n|-damage|p2a: Corviknight|51\/100\n|move|p2b: Gyarados|Thunder Wave|p1b: Sandy Shocks\n|-activate|p1b: Sandy Shocks|move: Protect\n|move|p2a: Corviknight|Bulk Up|p2a: Corviknight\n|-boost|p2a: Corviknight|atk|1\n|-boost|p2a: Corviknight|def|1\n|\n|-weather|SunnyDay|[upkeep]\n|-damage|p2b: Gyarados|73\/100 brn|[from] brn\n|upkeep\n|turn|4\n|\n|t:|1683594043\n|move|p1b: Sandy Shocks|Thunderbolt|p2b: Gyarados\n|-supereffective|p2b: Gyarados\n|-damage|p2b: Gyarados|0 fnt\n|faint|p2b: Gyarados\n|move|p1a: Noivern|Super Fang|p2a: Corviknight\n|-damage|p2a: Corviknight|26\/100\n|move|p2a: Corviknight|Roost|p2a: Corviknight\n|-heal|p2a: Corviknight|76\/100\n|\n|-weather|SunnyDay|[upkeep]\n|-sideend|p1: Sans45910|move: Tailwind\n|upkeep\n|\n|t:|1683594053\n|switch|p2b: Flutter Mane|Flutter Mane, L50|100\/100\n|-activate|p2b: Flutter Mane|ability: Protosynthesis\n|-start|p2b: Flutter Mane|protosynthesisspa\n|turn|5\n|\n|t:|1683594065\n|move|p2b: Flutter Mane|Dazzling Gleam|p1a: Noivern|[spread] p1a,p1b\n|-supereffective|p1a: Noivern\n|-damage|p1a: Noivern|0 fnt\n|-damage|p1b: Sandy Shocks|14\/100\n|faint|p1a: Noivern\n|move|p1b: Sandy Shocks|Earth Power|p2a: Corviknight\n|-damage|p2a: Corviknight|26\/100\n|-ability|p2a: Corviknight|Mirror Armor\n|-unboost|p1b: Sandy Shocks|spd|1\n|move|p2a: Corviknight|Iron Head|p1b: Sandy Shocks\n|-damage|p1b: Sandy Shocks|0 fnt\n|faint|p1b: Sandy Shocks\n|-end|p1b: Sandy Shocks|Protosynthesis|[silent]\n|\n|-weather|none\n|-end|p2b: Flutter Mane|Protosynthesis\n|upkeep\n|\n|t:|1683594075\n|switch|p1b: Chi-Yu|Chi-Yu, L50|100\/100\n|-ability|p1b: Chi-Yu|Beads of Ruin\n|turn|6\n|\n|t:|1683594084\n|move|p2b: Flutter Mane|Dazzling Gleam|p1b: Chi-Yu\n|-damage|p1b: Chi-Yu|28\/100\n|move|p1b: Chi-Yu|Heat Wave|p2a: Corviknight|[spread] p2a,p2b\n|-resisted|p2a: Corviknight\n|-crit|p2b: Flutter Mane\n|-damage|p2a: Corviknight|5\/100\n|-damage|p2b: Flutter Mane|25\/100\n|move|p2a: Corviknight|Iron Head|p1b: Chi-Yu\n|-resisted|p1b: Chi-Yu\n|-damage|p1b: Chi-Yu|1\/100\n|\n|upkeep\n|turn|7\n|\n|t:|1683594095\n|move|p2b: Flutter Mane|Dazzling Gleam|p1b: Chi-Yu\n|-damage|p1b: Chi-Yu|0 fnt\n|faint|p1b: Chi-Yu\n|\n|win|defofarc\n|raw|Sans45910's rating: 1351 → 1332<\/strong> (-19 for losing)\n|raw|defofarc's rating: 1370 → 1389<\/strong> (+19 for winning)\n","uploadtime":1683594099,"views":14,"p1id":"sans45910","p2id":"defofarc","formatid":"gen9vgc2023regulationc","rating":1332,"private":0,"password":""}