{"id":"gen9vgc2023regulationc-1855841235","p1":"j03ygu5h","p2":"HocusPocusAlakazam","format":"[Gen 9] VGC 2023 Regulation C","log":"|j|\u2606j03ygu5h\n|j|\u2606HocusPocusAlakazam\n|t:|1682990526\n|gametype|doubles\n|player|p1|j03ygu5h|265|1101\n|player|p2|HocusPocusAlakazam|colress|1000\n|teamsize|p1|6\n|teamsize|p2|6\n|gen|9\n|tier|[Gen 9] VGC 2023 Regulation C\n|rated|\n|rule|Species Clause: Limit one of each Pok\u00e9mon\n|rule|Item Clause: Limit one of each item\n|clearpoke\n|poke|p1|Chi-Yu, L50|\n|poke|p1|Amoonguss, L50, M|\n|poke|p1|Flutter Mane, L50|\n|poke|p1|Gyarados, L50, M|\n|poke|p1|Appletun, L50, F|\n|poke|p1|Gallade, L50, M|\n|poke|p2|Arcanine, L50, M|\n|poke|p2|Amoonguss, L50, F|\n|poke|p2|Flutter Mane, L50|\n|poke|p2|Palafin, L50, F|\n|poke|p2|Baxcalibur, L50, M|\n|poke|p2|Ting-Lu, L50|\n|teampreview|4\nHocusPocusAlakazam has agreed to open team sheets.\n|inactive|Battle timer is ON: inactive players will automatically lose when time's up. (requested by HocusPocusAlakazam)\nj03ygu5h has agreed to open team sheets.\n|inactive|j03ygu5h has 60 seconds left.\n|inactive|HocusPocusAlakazam has 60 seconds left.\n|\n|t:|1682990580\n|start\n|switch|p1a: Flutter Mane|Flutter Mane, L50|100\/100\n|switch|p1b: Chi-Yu|Chi-Yu, L50|100\/100\n|switch|p2a: Arcanine|Arcanine, L50, M|100\/100\n|switch|p2b: Ting-Lu|Ting-Lu, L50|100\/100\n|-ability|p1b: Chi-Yu|Beads of Ruin\n|-ability|p2a: Arcanine|Intimidate|boost\n|-unboost|p1a: Flutter Mane|atk|1\n|-unboost|p1b: Chi-Yu|atk|1\n|-ability|p2b: Ting-Lu|Vessel of Ruin\n|turn|1\n|\n|t:|1682990599\n|-terastallize|p2a: Arcanine|Flying\n|move|p1a: Flutter Mane|Protect|p1a: Flutter Mane\n|-singleturn|p1a: Flutter Mane|Protect\n|move|p1b: Chi-Yu|Will-O-Wisp|p2b: Ting-Lu\n|-status|p2b: Ting-Lu|brn\n|move|p2a: Arcanine|Howl|p2a: Arcanine|[spread] p2a,p2b\n|-boost|p2a: Arcanine|atk|1\n|-boost|p2b: Ting-Lu|atk|1\n|move|p2b: Ting-Lu|Earthquake|p1b: Chi-Yu|[spread] p1b\n|-activate|p1a: Flutter Mane|move: Protect\n|-immune|p2a: Arcanine\n|-supereffective|p1b: Chi-Yu\n|-damage|p1b: Chi-Yu|16\/100\n|\n|-damage|p2b: Ting-Lu|94\/100 brn|[from] brn\n|upkeep\n|turn|2\n|\n|t:|1682990619\n|-terastallize|p1a: Flutter Mane|Fairy\n|move|p2a: Arcanine|Extreme Speed|p1b: Chi-Yu\n|-damage|p1b: Chi-Yu|0 fnt\n|faint|p1b: Chi-Yu\n|move|p1a: Flutter Mane|Moonblast|p2b: Ting-Lu\n|-supereffective|p2b: Ting-Lu\n|-damage|p2b: Ting-Lu|40\/100 brn\n|-unboost|p2b: Ting-Lu|spa|1\n|-damage|p1a: Flutter Mane|91\/100|[from] item: Life Orb\n|move|p2b: Ting-Lu|Heavy Slam|p1a: Flutter Mane\n|-supereffective|p1a: Flutter Mane\n|-damage|p1a: Flutter Mane|0 fnt\n|faint|p1a: Flutter Mane\n|-end|p1a: Flutter Mane|Protosynthesis|[silent]\n|\n|-damage|p2b: Ting-Lu|34\/100 brn|[from] brn\n|upkeep\n|\n|t:|1682990628\n|switch|p1a: Gyarados|Gyarados, L50, M|100\/100\n|switch|p1b: Gallade|Gallade, L50, M|100\/100\n|-ability|p1a: Gyarados|Intimidate|boost\n|-unboost|p2a: Arcanine|atk|1\n|-unboost|p2b: Ting-Lu|atk|1\n|turn|3\n|\n|t:|1682990644\n|move|p1b: Gallade|Aqua Cutter|p2b: Ting-Lu\n|-supereffective|p2b: Ting-Lu\n|-damage|p2b: Ting-Lu|0 fnt\n|faint|p2b: Ting-Lu\n|move|p2a: Arcanine|Will-O-Wisp|p1b: Gallade|[miss]\n|-miss|p2a: Arcanine|p1b: Gallade\n|move|p1a: Gyarados|Taunt|p2a: Arcanine\n|-start|p2a: Arcanine|move: Taunt\n|\n|upkeep\n|\n|t:|1682990650\n|switch|p2b: Flutter Mane|Flutter Mane, L50, shiny|100\/100\n|turn|4\n|inactive|j03ygu5h has 30 seconds left.\n|\n|t:|1682990683\n|-end|p2b: Flutter Mane|Protosynthesis|[silent]\n|switch|p2b: Baxcalibur|Baxcalibur, L50, M|100\/100\n|move|p1b: Gallade|Aqua Cutter|p2b: Baxcalibur\n|-resisted|p2b: Baxcalibur\n|-damage|p2b: Baxcalibur|85\/100\n|move|p2a: Arcanine|Flare Blitz|p1b: Gallade\n|-crit|p1b: Gallade\n|-damage|p1b: Gallade|0 fnt\n|faint|p1b: Gallade\n|-damage|p2a: Arcanine|77\/100|[from] Recoil\n|move|p1a: Gyarados|Waterfall|p2b: Baxcalibur\n|-resisted|p2b: Baxcalibur\n|-damage|p2b: Baxcalibur|65\/100\n|\n|upkeep\n|turn|5\n|-message|j03ygu5h forfeited.\n|\n|win|HocusPocusAlakazam\n|raw|j03ygu5h's rating: 1101 → 1069<\/strong> (-32 for losing)\n|raw|HocusPocusAlakazam's rating: 1000 → 1051<\/strong> (+51 for winning)\n|l|\u2606j03ygu5h\n","uploadtime":1682990744,"views":13,"p1id":"j03ygu5h","p2id":"hocuspocusalakazam","formatid":"gen9vgc2023regulationc","rating":1051,"private":0,"password":""}