{"id":"gen9vgc2023regulationc-1863446856","p1":"christianfinity","p2":"Armadill0","format":"[Gen 9] VGC 2023 Regulation C","log":"|j|\u2606christianfinity\n|j|\u2606Armadill0\n|t:|1684018364\n|gametype|doubles\n|player|p1|christianfinity|unknown|1104\n|player|p2|Armadill0|crasherwake|1102\n|teamsize|p1|6\n|teamsize|p2|6\n|gen|9\n|tier|[Gen 9] VGC 2023 Regulation C\n|rated|\n|rule|Species Clause: Limit one of each Pok\u00e9mon\n|rule|Item Clause: Limit one of each item\n|clearpoke\n|poke|p1|Umbreon, L50, F|\n|poke|p1|Torkoal, L50, F|\n|poke|p1|Jumpluff, L50, M|\n|poke|p1|Flutter Mane, L50|\n|poke|p1|Chi-Yu, L50|\n|poke|p1|Great Tusk, L50|\n|poke|p2|Flutter Mane, L50|\n|poke|p2|Chien-Pao, L50|\n|poke|p2|Palafin, L50, F|\n|poke|p2|Arcanine, L50, M|\n|poke|p2|Great Tusk, L50|\n|poke|p2|Iron Jugulis, L50|\n|teampreview|4\n|inactive|Battle timer is ON: inactive players will automatically lose when time's up. (requested by christianfinity)\n|inactive|christianfinity has 60 seconds left.\n|inactive|Armadill0 has 60 seconds left.\n|\n|t:|1684018419\n|start\n|switch|p1a: Umbreon|Umbreon, L50, F|100\/100\n|switch|p1b: Torkoal|Torkoal, L50, F|100\/100\n|switch|p2a: Chien-Pao|Chien-Pao, L50|100\/100\n|switch|p2b: Great Tusk|Great Tusk, L50|100\/100\n|-ability|p2a: Chien-Pao|Sword of Ruin\n|-weather|SunnyDay|[from] ability: Drought|[of] p1b: Torkoal\n|-activate|p2b: Great Tusk|ability: Protosynthesis\n|-start|p2b: Great Tusk|protosynthesisatk\n|turn|1\n|\n|t:|1684018438\n|-terastallize|p2b: Great Tusk|Ground\n|-terastallize|p1a: Umbreon|Fairy\n|move|p2a: Chien-Pao|Sacred Sword|p1a: Umbreon\n|-resisted|p1a: Umbreon\n|-damage|p1a: Umbreon|88\/100\n|move|p2b: Great Tusk|Headlong Rush|p1b: Torkoal\n|-supereffective|p1b: Torkoal\n|-damage|p1b: Torkoal|0 fnt\n|-unboost|p2b: Great Tusk|def|1\n|-unboost|p2b: Great Tusk|spd|1\n|faint|p1b: Torkoal\n|-damage|p2b: Great Tusk|90\/100|[from] item: Life Orb\n|move|p1a: Umbreon|Foul Play|p2b: Great Tusk\n|-damage|p2b: Great Tusk|9\/100\n|\n|-weather|SunnyDay|[upkeep]\n|-heal|p1a: Umbreon|94\/100|[from] item: Leftovers\n|upkeep\n|\n|t:|1684018453\n|switch|p1b: Great Tusk|Great Tusk, L50|100\/100\n|-activate|p1b: Great Tusk|ability: Protosynthesis\n|-start|p1b: Great Tusk|protosynthesisatk\n|turn|2\n|\n|t:|1684018467\n|move|p2b: Great Tusk|Protect|p2b: Great Tusk\n|-singleturn|p2b: Great Tusk|Protect\n|move|p1b: Great Tusk|Rock Slide|p2b: Great Tusk|[spread] p2a\n|-activate|p2b: Great Tusk|move: Protect\n|-supereffective|p2a: Chien-Pao\n|-crit|p2a: Chien-Pao\n|-enditem|p2a: Chien-Pao|Focus Sash\n|-damage|p2a: Chien-Pao|1\/100\n|cant|p2a: Chien-Pao|flinch\n|move|p1a: Umbreon|Snarl|p2b: Great Tusk|[spread] p2a\n|-activate|p2b: Great Tusk|move: Protect\n|-resisted|p2a: Chien-Pao\n|-damage|p2a: Chien-Pao|0 fnt\n|faint|p2a: Chien-Pao\n|\n|-weather|SunnyDay|[upkeep]\n|-heal|p1a: Umbreon|99\/100|[from] item: Leftovers\n|upkeep\n|\n|t:|1684018482\n|switch|p2a: Flutter Mane|Flutter Mane, L50|100\/100\n|-activate|p2a: Flutter Mane|ability: Protosynthesis\n|-start|p2a: Flutter Mane|protosynthesisspa\n|turn|3\n|\n|t:|1684018505\n|move|p1b: Great Tusk|Rock Slide|p2b: Great Tusk|[spread] p2a,p2b\n|-resisted|p2b: Great Tusk\n|-damage|p2a: Flutter Mane|57\/100\n|-damage|p2b: Great Tusk|0 fnt\n|faint|p2b: Great Tusk\n|-end|p2b: Great Tusk|Protosynthesis|[silent]\n|cant|p2a: Flutter Mane|flinch\n|move|p1a: Umbreon|Snarl|p2a: Flutter Mane\n|-damage|p2a: Flutter Mane|45\/100\n|-unboost|p2a: Flutter Mane|spa|1\n|\n|-weather|SunnyDay|[upkeep]\n|-heal|p1a: Umbreon|100\/100|[from] item: Leftovers\n|upkeep\n|c|\u2606christianfinity|lol\n|c|\u2606Armadill0|double flinch lmao\n|\n|t:|1684018519\n|switch|p2b: Arcanine|Arcanine, L50, M|100\/100\n|-ability|p2b: Arcanine|Intimidate|boost\n|-unboost|p1a: Umbreon|atk|1\n|-unboost|p1b: Great Tusk|atk|1\n|turn|4\n|\n|t:|1684018530\n|move|p2b: Arcanine|Extreme Speed|p1b: Great Tusk\n|-damage|p1b: Great Tusk|81\/100\n|move|p1b: Great Tusk|Rock Slide|p2a: Flutter Mane|[spread] p2a,p2b\n|-supereffective|p2b: Arcanine\n|-damage|p2a: Flutter Mane|17\/100\n|-damage|p2b: Arcanine|54\/100\n|move|p2a: Flutter Mane|Dazzling Gleam|p1a: Umbreon|[spread] p1a,p1b\n|-supereffective|p1b: Great Tusk\n|-damage|p1a: Umbreon|81\/100\n|-damage|p1b: Great Tusk|4\/100\n|move|p1a: Umbreon|Foul Play|p2b: Arcanine\n|-damage|p2b: Arcanine|0 fnt\n|faint|p2b: Arcanine\n|\n|-weather|SunnyDay|[upkeep]\n|-heal|p1a: Umbreon|87\/100|[from] item: Leftovers\n|upkeep\n|turn|5\n|c|\u2606christianfinity|gg\n|c|\u2606Armadill0|gg\n|\n|t:|1684018554\n|move|p1b: Great Tusk|Rock Slide|p2a: Flutter Mane|[miss]\n|-miss|p1b: Great Tusk|p2a: Flutter Mane\n|move|p2a: Flutter Mane|Dazzling Gleam|p1a: Umbreon|[spread] p1a,p1b\n|-supereffective|p1b: Great Tusk\n|-damage|p1a: Umbreon|69\/100\n|-damage|p1b: Great Tusk|0 fnt\n|faint|p1b: Great Tusk\n|-end|p1b: Great Tusk|Protosynthesis|[silent]\n|move|p1a: Umbreon|Snarl|p2a: Flutter Mane\n|-damage|p2a: Flutter Mane|5\/100\n|-unboost|p2a: Flutter Mane|spa|1\n|\n|-weather|none\n|-end|p2a: Flutter Mane|Protosynthesis\n|-heal|p1a: Umbreon|75\/100|[from] item: Leftovers\n|upkeep\n|-enditem|p2a: Flutter Mane|Booster Energy\n|-activate|p2a: Flutter Mane|ability: Protosynthesis|[fromitem]\n|-start|p2a: Flutter Mane|protosynthesisspe\n|\n|t:|1684018562\n|switch|p1b: Flutter Mane|Flutter Mane, L50|100\/100\n|turn|6\n|\n|t:|1684018576\n|move|p2a: Flutter Mane|Thunderbolt|p1b: Flutter Mane\n|-damage|p1b: Flutter Mane|87\/100\n|move|p1b: Flutter Mane|Moonblast|p2a: Flutter Mane\n|-damage|p2a: Flutter Mane|0 fnt\n|faint|p2a: Flutter Mane\n|-end|p2a: Flutter Mane|Protosynthesis|[silent]\n|\n|win|christianfinity\n|raw|christianfinity's rating: 1104 → 1129<\/strong> (+25 for winning)\n|raw|Armadill0's rating: 1102 → 1077<\/strong> (-25 for losing)\n","uploadtime":1684018585,"views":7,"p1id":"christianfinity","p2id":"armadill0","formatid":"gen9vgc2023regulationc","rating":1077,"private":0,"password":""}