{"id":"gen9vgc2023regulationc-1846123616","p1":"jmz900","p2":"drv12","format":"[Gen 9] VGC 2023 Regulation C","log":"|j|\u2606jmz900\n|j|\u2606drv12\n|t:|1681810022\n|gametype|doubles\n|player|p1|jmz900|2|1370\n|player|p2|drv12|2|1362\n|teamsize|p1|6\n|teamsize|p2|6\n|gen|9\n|tier|[Gen 9] VGC 2023 Regulation C\n|rated|\n|rule|Species Clause: Limit one of each Pok\u00e9mon\n|rule|Item Clause: Limit one of each item\n|clearpoke\n|poke|p1|Palafin, L50, F|\n|poke|p1|Flutter Mane, L50|\n|poke|p1|Arcanine, L50, M|\n|poke|p1|Ting-Lu, L50|\n|poke|p1|Amoonguss, L50, M|\n|poke|p1|Kingambit, L50, M|\n|poke|p2|Torkoal, L50, M|\n|poke|p2|Armarouge, L50, F|\n|poke|p2|Gothitelle, L50, F|\n|poke|p2|Indeedee, L50, M|\n|poke|p2|Gallade, L50, M|\n|poke|p2|Stonjourner, L50, F|\n|teampreview|4\n|inactive|Battle timer is ON: inactive players will automatically lose when time's up. (requested by jmz900)\n|\n|t:|1681810053\n|start\n|switch|p1a: Amoonguss|Amoonguss, L50, M|100\/100\n|switch|p1b: Kingambit|Kingambit, L50, M|100\/100\n|switch|p2a: Torkoal|Torkoal, L50, M|100\/100\n|switch|p2b: Armarouge|Armarouge, L50, F|100\/100\n|-weather|SunnyDay|[from] ability: Drought|[of] p2a: Torkoal\n|turn|1\n|\n|t:|1681810078\n|switch|p1a: Ting-Lu|Ting-Lu, L50|100\/100\n|-ability|p1a: Ting-Lu|Vessel of Ruin\n|-terastallize|p1b: Kingambit|Dark\n|-terastallize|p2a: Torkoal|Grass\n|move|p1b: Kingambit|Kowtow Cleave|p2a: Torkoal\n|-damage|p2a: Torkoal|48\/100\n|move|p2a: Torkoal|Eruption|p1b: Kingambit|[spread] p1a,p1b\n|-damage|p1a: Ting-Lu|86\/100\n|-damage|p1b: Kingambit|70\/100\n|move|p2b: Armarouge|Trick Room|p2b: Armarouge\n|-fieldstart|move: Trick Room|[of] p2b: Armarouge\n|\n|-weather|SunnyDay|[upkeep]\n|upkeep\n|turn|2\n|inactive|jmz900 has 30 seconds left.\n|\n|t:|1681810104\n|move|p2b: Armarouge|Protect|p2b: Armarouge\n|-singleturn|p2b: Armarouge|Protect\n|move|p2a: Torkoal|Eruption|p1a: Ting-Lu|[spread] p1a,p1b\n|-crit|p1b: Kingambit\n|-damage|p1a: Ting-Lu|70\/100\n|-damage|p1b: Kingambit|25\/100\n|move|p1b: Kingambit|Kowtow Cleave|p2b: Armarouge\n|-activate|p2b: Armarouge|move: Protect\n|move|p1a: Ting-Lu|Ruination|p2a: Torkoal\n|-damage|p2a: Torkoal|24\/100\n|\n|-weather|SunnyDay|[upkeep]\n|upkeep\n|turn|3\n|inactive|jmz900 has 30 seconds left.\n|\n|t:|1681810136\n|switch|p2b: Gallade|Gallade, L50, M|100\/100\n|move|p1b: Kingambit|Sucker Punch||[still]\n|-fail|p1b: Kingambit\n|move|p2a: Torkoal|Solar Beam||[still]\n|-prepare|p2a: Torkoal|Solar Beam\n|-anim|p2a: Torkoal|Solar Beam|p1b: Kingambit\n|-damage|p1b: Kingambit|0 fnt\n|faint|p1b: Kingambit\n|move|p1a: Ting-Lu|Sand Tomb|p2a: Torkoal\n|-resisted|p2a: Torkoal\n|-damage|p2a: Torkoal|18\/100\n|-activate|p2a: Torkoal|move: Sand Tomb|[of] p1a: Ting-Lu\n|\n|-weather|SunnyDay|[upkeep]\n|-damage|p2a: Torkoal|5\/100|[from] move: Sand Tomb|[partiallytrapped]\n|upkeep\n|\n|t:|1681810151\n|switch|p1b: Arcanine|Arcanine, L50, M|100\/100\n|-ability|p1b: Arcanine|Intimidate|boost\n|-unboost|p2a: Torkoal|atk|1\n|-unboost|p2b: Gallade|atk|1\n|turn|4\n|\n|t:|1681810165\n|move|p2a: Torkoal|Solar Beam||[still]\n|-prepare|p2a: Torkoal|Solar Beam\n|-anim|p2a: Torkoal|Solar Beam|p1a: Ting-Lu\n|-supereffective|p1a: Ting-Lu\n|-damage|p1a: Ting-Lu|31\/100\n|move|p1a: Ting-Lu|Heavy Slam|p2b: Gallade\n|-damage|p2b: Gallade|47\/100\n|-enditem|p2b: Gallade|Sitrus Berry|[eat]\n|-heal|p2b: Gallade|72\/100|[from] item: Sitrus Berry\n|move|p2b: Gallade|Sacred Sword|p1a: Ting-Lu\n|-supereffective|p1a: Ting-Lu\n|-damage|p1a: Ting-Lu|0 fnt\n|faint|p1a: Ting-Lu\n|move|p1b: Arcanine|Flare Blitz|p2b: Gallade\n|-damage|p2b: Gallade|0 fnt\n|faint|p2b: Gallade\n|-damage|p1b: Arcanine|80\/100|[from] Recoil\n|\n|-weather|SunnyDay|[upkeep]\n|-end|p2a: Torkoal|Sand Tomb|[partiallytrapped]|[silent]\n|upkeep\n|\n|t:|1681810183\n|switch|p1a: Amoonguss|Amoonguss, L50, M|100\/100\n|switch|p2b: Armarouge|Armarouge, L50, F|100\/100\n|turn|5\n|\n|t:|1681810197\n|move|p2b: Armarouge|Protect|p2b: Armarouge\n|-singleturn|p2b: Armarouge|Protect\n|move|p1b: Arcanine|Extreme Speed|p2a: Torkoal\n|-damage|p2a: Torkoal|0 fnt\n|faint|p2a: Torkoal\n|move|p1a: Amoonguss|Spore|p2b: Armarouge\n|-activate|p2b: Armarouge|move: Protect\n|\n|-weather|none\n|-fieldend|move: Trick Room\n|upkeep\n|\n|t:|1681810202\n|switch|p2a: Indeedee|Indeedee, L50, M|100\/100\n|-fieldstart|move: Psychic Terrain|[from] ability: Psychic Surge|[of] p2a: Indeedee\n|turn|6\n|\n|t:|1681810212\n|move|p1b: Arcanine|Protect|p1b: Arcanine\n|-singleturn|p1b: Arcanine|Protect\n|move|p2a: Indeedee|Psychic|p1a: Amoonguss\n|-supereffective|p1a: Amoonguss\n|-damage|p1a: Amoonguss|2\/100\n|-unboost|p1a: Amoonguss|spd|1\n|-enditem|p1a: Amoonguss|Sitrus Berry|[eat]\n|-heal|p1a: Amoonguss|27\/100|[from] item: Sitrus Berry\n|move|p2b: Armarouge|Expanding Force|p1b: Arcanine|[spread] p1a\n|-activate|p1b: Arcanine|move: Protect\n|-supereffective|p1a: Amoonguss\n|-damage|p1a: Amoonguss|0 fnt\n|faint|p1a: Amoonguss\n|\n|upkeep\n|turn|7\n|-message|jmz900 forfeited.\n|\n|win|drv12\n|raw|jmz900's rating: 1370 → 1350<\/strong> (-20 for losing)\n|raw|drv12's rating: 1362 → 1382<\/strong> (+20 for winning)\n|l|\u2606jmz900\n","uploadtime":1681810229,"views":17,"p1id":"jmz900","p2id":"drv12","formatid":"gen9vgc2023regulationc","rating":1350,"private":0,"password":""}