{"id":"gen9vgc2023regulationc-1858672234","p1":"r2vgc","p2":"knight8512","format":"[Gen 9] VGC 2023 Regulation C","log":"|j|\u2606r2vgc\n|j|\u2606knight8512\n|t:|1683340451\n|gametype|doubles\n|player|p1|r2vgc|266|1125\n|player|p2|knight8512|boarder|1136\n|teamsize|p1|6\n|teamsize|p2|6\n|gen|9\n|tier|[Gen 9] VGC 2023 Regulation C\n|rated|\n|rule|Species Clause: Limit one of each Pok\u00e9mon\n|rule|Item Clause: Limit one of each item\n|clearpoke\n|poke|p1|Maushold-Four, L50|\n|poke|p1|Annihilape, L50, M|\n|poke|p1|Gholdengo, L50|\n|poke|p1|Murkrow, L50, M|\n|poke|p1|Garchomp, L50, M|\n|poke|p1|Gyarados, L50, F|\n|poke|p2|Tyranitar, L50, F|\n|poke|p2|Lycanroc, L50, M|\n|poke|p2|Ting-Lu, L50|\n|poke|p2|Maushold-Four, L50|\n|poke|p2|Annihilape, L50, F|\n|poke|p2|Flutter Mane, L50|\n|teampreview|4\nr2vgc has agreed to open team sheets.\n|\n|t:|1683340495\n|start\n|switch|p1a: Natters|Maushold-Four, L50|100\/100\n|switch|p1b: Panda|Annihilape, L50, M|100\/100\n|switch|p2a: Lycanroc|Lycanroc, L50, M|100\/100\n|switch|p2b: Tyranitar|Tyranitar, L50, F|100\/100\n|-weather|Sandstorm|[from] ability: Sand Stream|[of] p2b: Tyranitar\n|turn|1\n|\n|t:|1683340514\n|switch|p2b: Ting-Lu|Ting-Lu, L50|100\/100\n|-ability|p2b: Ting-Lu|Vessel of Ruin\n|move|p1a: Natters|Follow Me|p1a: Natters\n|-singleturn|p1a: Natters|move: Follow Me\n|move|p2a: Lycanroc|Howl|p2a: Lycanroc|[spread] p2a,p2b\n|-boost|p2a: Lycanroc|atk|1\n|-boost|p2b: Ting-Lu|atk|1\n|move|p1b: Panda|Bulk Up|p1b: Panda\n|-boost|p1b: Panda|atk|1\n|-boost|p1b: Panda|def|1\n|\n|-weather|Sandstorm|[upkeep]\n|-damage|p1b: Panda|94\/100|[from] Sandstorm\n|-heal|p1b: Panda|100\/100|[from] item: Leftovers\n|upkeep\n|turn|2\n|\n|t:|1683340549\n|-terastallize|p2b: Ting-Lu|Grass\n|move|p2a: Lycanroc|Howl|p2a: Lycanroc|[spread] p2a,p2b\n|-boost|p2a: Lycanroc|atk|1\n|-boost|p2b: Ting-Lu|atk|1\n|move|p1a: Natters|Super Fang|p2b: Ting-Lu\n|-damage|p2b: Ting-Lu|50\/100\n|move|p1b: Panda|Drain Punch|p2b: Ting-Lu\n|-damage|p2b: Ting-Lu|20\/100\n|move|p2b: Ting-Lu|Stomping Tantrum|p1b: Panda\n|-damage|p1b: Panda|61\/100\n|\n|-weather|Sandstorm|[upkeep]\n|-damage|p1b: Panda|55\/100|[from] Sandstorm\n|-damage|p2b: Ting-Lu|14\/100|[from] Sandstorm\n|-heal|p1b: Panda|61\/100|[from] item: Leftovers\n|upkeep\n|turn|3\n|\n|t:|1683340579\n|switch|p2b: Flutter Mane|Flutter Mane, L50|100\/100\n|move|p2a: Lycanroc|Rock Slide|p1a: Natters|[spread] p1a,p1b\n|-resisted|p1b: Panda\n|-damage|p1a: Natters|40\/100\n|-damage|p1b: Panda|49\/100\n|cant|p1a: Natters|flinch\n|move|p1b: Panda|Drain Punch|p2a: Lycanroc\n|-supereffective|p2a: Lycanroc\n|-enditem|p2a: Lycanroc|Focus Sash\n|-damage|p2a: Lycanroc|1\/100\n|-heal|p1b: Panda|85\/100|[from] drain|[of] p2a: Lycanroc\n|\n|-weather|Sandstorm|[upkeep]\n|-damage|p2b: Flutter Mane|94\/100|[from] Sandstorm\n|-damage|p1b: Panda|79\/100|[from] Sandstorm\n|-heal|p1b: Panda|85\/100|[from] item: Leftovers\n|upkeep\n|turn|4\n|\n|t:|1683340609\n|-terastallize|p1b: Panda|Poison\n|move|p1a: Natters|Follow Me|p1a: Natters\n|-singleturn|p1a: Natters|move: Follow Me\n|move|p2a: Lycanroc|Endeavor|p1a: Natters\n|-damage|p1a: Natters|1\/100\n|move|p2b: Flutter Mane|Moonblast|p1a: Natters\n|-damage|p1a: Natters|0 fnt\n|faint|p1a: Natters\n|-damage|p2b: Flutter Mane|85\/100|[from] item: Life Orb\n|move|p1b: Panda|Rage Fist|p2b: Flutter Mane\n|-supereffective|p2b: Flutter Mane\n|-damage|p2b: Flutter Mane|0 fnt\n|faint|p2b: Flutter Mane\n|-end|p2b: Flutter Mane|Protosynthesis|[silent]\n|\n|-weather|Sandstorm|[upkeep]\n|-damage|p1b: Panda|79\/100|[from] Sandstorm\n|-heal|p1b: Panda|85\/100|[from] item: Leftovers\n|upkeep\n|\n|t:|1683340635\n|switch|p2b: Tyranitar|Tyranitar, L50, F|100\/100\n|switch|p1a: Murkrow|Murkrow, L50, M|100\/100\n|turn|5\n|\n|t:|1683340663\n|move|p1a: Murkrow|Sucker Punch|p2a: Lycanroc\n|-damage|p2a: Lycanroc|0 fnt\n|faint|p2a: Lycanroc\n|-damage|p1a: Murkrow|91\/100|[from] item: Life Orb\n|move|p1b: Panda|Drain Punch|p2b: Tyranitar\n|-supereffective|p2b: Tyranitar\n|-damage|p2b: Tyranitar|0 fnt\n|-heal|p1b: Panda|100\/100|[from] drain|[of] p2b: Tyranitar\n|faint|p2b: Tyranitar\n|\n|-weather|none\n|upkeep\n|-message|knight8512 forfeited.\n|\n|win|r2vgc\n|raw|r2vgc's rating: 1125 → 1151<\/strong> (+26 for winning)\n|raw|knight8512's rating: 1136 → 1110<\/strong> (-26 for losing)\n|l|\u2606knight8512\n","uploadtime":1683340677,"views":18,"p1id":"r2vgc","p2id":"knight8512","formatid":"gen9vgc2023regulationc","rating":1110,"private":0,"password":""}