{"id":"gen9vgc2023regulationc-1856244014","p1":"Diestoise","p2":"19402u","format":"[Gen 9] VGC 2023 Regulation C","log":"|j|\u2606Diestoise\n|j|\u260619402u\n|t:|1683044066\n|gametype|doubles\n|player|p1|Diestoise|hilbert-wonderlauncher|1318\n|player|p2|19402u|169|1392\n|teamsize|p1|6\n|teamsize|p2|6\n|gen|9\n|tier|[Gen 9] VGC 2023 Regulation C\n|rated|\n|rule|Species Clause: Limit one of each Pok\u00e9mon\n|rule|Item Clause: Limit one of each item\n|clearpoke\n|poke|p1|Amoonguss, L50, M|\n|poke|p1|Iron Hands, L50|\n|poke|p1|Palafin, L50, M|\n|poke|p1|Annihilape, L50, M|\n|poke|p1|Gholdengo, L50|\n|poke|p1|Pelipper, L50, F|\n|poke|p2|Chi-Yu, L50|\n|poke|p2|Flutter Mane, L50|\n|poke|p2|Glimmora, L50, M|\n|poke|p2|Dondozo, L50, M|\n|poke|p2|Dragonite, L50, M|\n|poke|p2|Tatsugiri, L50, F|\n|teampreview|4\n19402u has agreed to open team sheets.\n|\n|t:|1683044092\n|start\n|switch|p1a: Palafin|Palafin, L50, M, shiny|100\/100\n|switch|p1b: Iron Hands|Iron Hands, L50|100\/100\n|switch|p2a: Tatsugiri|Tatsugiri, L50, F, shiny|100\/100\n|switch|p2b: Glimmora|Glimmora, L50, M|100\/100\n|turn|1\n|\n|t:|1683044130\n|move|p1b: Iron Hands|Fake Out|p2b: Glimmora\n|-resisted|p2b: Glimmora\n|-damage|p2b: Glimmora|90\/100\n|-activate|p2b: Glimmora|ability: Toxic Debris\n|-sidestart|p1: Diestoise|move: Toxic Spikes\n|move|p1a: Palafin|Jet Punch|p2a: Tatsugiri\n|-activate|p2a: Tatsugiri|ability: Storm Drain\n|-ability|p2a: Tatsugiri|Storm Drain|boost\n|-boost|p2a: Tatsugiri|spa|1\n|cant|p2b: Glimmora|flinch\n|move|p2a: Tatsugiri|Dragon Pulse|p1b: Iron Hands\n|-damage|p1b: Iron Hands|31\/100\n|\n|upkeep\n|turn|2\n|\n|t:|1683044161\n|detailschange|p1a: Palafin|Palafin-Hero, L50, M, shiny\n|switch|p1a: Pelipper|Pelipper, L50, F|100\/100\n|-weather|RainDance|[from] ability: Drizzle|[of] p1a: Pelipper\n|move|p2b: Glimmora|Earth Power|p1b: Iron Hands\n|-supereffective|p1b: Iron Hands\n|-damage|p1b: Iron Hands|0 fnt\n|faint|p1b: Iron Hands\n|-end|p1b: Iron Hands|Quark Drive|[silent]\n|move|p2a: Tatsugiri|Dragon Pulse|p1a: Pelipper\n|-damage|p1a: Pelipper|0 fnt\n|faint|p1a: Pelipper\n|\n|-weather|RainDance|[upkeep]\n|upkeep\n|\n|t:|1683044173\n|switch|p1a: Gholdengo|Gholdengo, L50|100\/100\n|switch|p1b: Palafin|Palafin-Hero, L50, M, shiny|100\/100\n|-status|p1b: Palafin|psn\n|-activate|p1b: Palafin|ability: Zero to Hero\n|turn|3\n|\n|t:|1683044202\n|move|p1b: Palafin|Protect|p1b: Palafin\n|-singleturn|p1b: Palafin|Protect\n|move|p2b: Glimmora|Earth Power|p1a: Gholdengo\n|-supereffective|p1a: Gholdengo\n|-damage|p1a: Gholdengo|32\/100\n|move|p1a: Gholdengo|Thunder|p2a: Tatsugiri\n|-damage|p2a: Tatsugiri|51\/100\n|-status|p2a: Tatsugiri|par\n|-damage|p1a: Gholdengo|22\/100|[from] item: Life Orb\n|move|p2a: Tatsugiri|Dragon Pulse|p1b: Palafin\n|-activate|p1b: Palafin|move: Protect\n|\n|-weather|RainDance|[upkeep]\n|-damage|p1b: Palafin|88\/100 psn|[from] psn\n|upkeep\n|turn|4\n|\n|t:|1683044224\n|move|p2b: Glimmora|Power Gem|p1b: Palafin\n|-damage|p1b: Palafin|51\/100 psn\n|move|p1a: Gholdengo|Shadow Ball|p2a: Tatsugiri\n|-damage|p2a: Tatsugiri|0 fnt\n|faint|p2a: Tatsugiri\n|-damage|p1a: Gholdengo|12\/100|[from] item: Life Orb\n|move|p1b: Palafin|Haze|p1b: Palafin\n|-clearallboost\n|\n|-weather|RainDance|[upkeep]\n|-damage|p1b: Palafin|39\/100 psn|[from] psn\n|upkeep\n|\n|t:|1683044232\n|switch|p2a: Dragonite|Dragonite, L50, M, shiny|100\/100\n|turn|5\n|\n|t:|1683044243\n|-terastallize|p1b: Palafin|Water\n|move|p2b: Glimmora|Spiky Shield|p2b: Glimmora\n|-singleturn|p2b: Glimmora|move: Protect\n|move|p2a: Dragonite|Extreme Speed|p1b: Palafin\n|-damage|p1b: Palafin|3\/100 psn\n|move|p1b: Palafin|Jet Punch|p2b: Glimmora\n|-activate|p2b: Glimmora|move: Protect\n|-damage|p1b: Palafin|0 fnt|[from] Spiky Shield|[of] p2b: Glimmora\n|faint|p1b: Palafin\n|move|p1a: Gholdengo|Make It Rain|p2a: Dragonite|[spread] p2a\n|-activate|p2b: Glimmora|move: Protect\n|-damage|p2a: Dragonite|69\/100\n|-unboost|p1a: Gholdengo|spa|1\n|-damage|p1a: Gholdengo|2\/100|[from] item: Life Orb\n|\n|-weather|RainDance|[upkeep]\n|upkeep\n|turn|6\n|-message|Diestoise forfeited.\n|\n|win|19402u\n|raw|Diestoise's rating: 1318 → 1302<\/strong> (-16 for losing)\n|raw|19402u's rating: 1392 → 1408<\/strong> (+16 for winning)\n|l|\u2606Diestoise\n","uploadtime":1683044265,"views":38,"p1id":"diestoise","p2id":"19402u","formatid":"gen9vgc2023regulationc","rating":1302,"private":0,"password":""}