{"id":"gen9vgc2023regulationc-1857285934","p1":"Matthew4456","p2":"Ameliya","format":"[Gen 9] VGC 2023 Regulation C","log":"|j|\u2606Matthew4456\n|j|\u2606Ameliya\n|t:|1683167947\n|gametype|doubles\n|player|p1|Matthew4456|skier|1104\n|player|p2|Ameliya|lady|1000\n|teamsize|p1|6\n|teamsize|p2|6\n|gen|9\n|tier|[Gen 9] VGC 2023 Regulation C\n|rated|\n|rule|Species Clause: Limit one of each Pok\u00e9mon\n|rule|Item Clause: Limit one of each item\n|clearpoke\n|poke|p1|Gengar, L50, M|\n|poke|p1|Abomasnow, L50, F|\n|poke|p1|Torkoal, L50, F|\n|poke|p1|Flutter Mane, L50|\n|poke|p1|Cetitan, L50, M|\n|poke|p1|Hydreigon, L50, M|\n|poke|p2|Amoonguss, L50, M|\n|poke|p2|Palafin, L50, M|\n|poke|p2|Arcanine, L50, F|\n|poke|p2|Flutter Mane, L50|\n|poke|p2|Kingambit, L50, M|\n|poke|p2|Iron Hands, L50|\n|teampreview|4\n|\n|t:|1683167967\n|start\n|switch|p1a: Abomasnow|Abomasnow, L50, F|100\/100\n|switch|p1b: Hydreigon|Hydreigon, L50, M|100\/100\n|switch|p2a: Flutter Mane|Flutter Mane, L50|100\/100\n|switch|p2b: Iron Hands|Iron Hands, L50|100\/100\n|-weather|Snow|[from] ability: Snow Warning|[of] p1a: Abomasnow\n|turn|1\n|inactive|Battle timer is ON: inactive players will automatically lose when time's up. (requested by Ameliya)\n|\n|t:|1683167989\n|move|p2b: Iron Hands|Fake Out|p1a: Abomasnow\n|-damage|p1a: Abomasnow|90\/100\n|move|p2a: Flutter Mane|Moonblast|p1b: Hydreigon\n|-supereffective|p1b: Hydreigon\n|-damage|p1b: Hydreigon|0 fnt\n|faint|p1b: Hydreigon\n|cant|p1a: Abomasnow|flinch\n|\n|-weather|Snow|[upkeep]\n|upkeep\n|\n|t:|1683168001\n|switch|p1b: Cetitan|Cetitan, L50, M|100\/100\n|turn|2\n|\n|t:|1683168011\n|-terastallize|p1b: Cetitan|Ground\n|move|p1b: Cetitan|Earthquake|p2a: Flutter Mane|[spread] p1a,p2a,p2b\n|-resisted|p1a: Abomasnow\n|-supereffective|p2b: Iron Hands\n|-damage|p1a: Abomasnow|74\/100\n|-damage|p2a: Flutter Mane|20\/100\n|-damage|p2b: Iron Hands|61\/100\n|move|p2a: Flutter Mane|Moonblast|p1a: Abomasnow\n|-damage|p1a: Abomasnow|0 fnt\n|faint|p1a: Abomasnow\n|move|p2b: Iron Hands|Drain Punch|p1b: Cetitan\n|-damage|p1b: Cetitan|63\/100\n|-heal|p2b: Iron Hands|79\/100|[from] drain|[of] p1b: Cetitan\n|\n|-weather|Snow|[upkeep]\n|upkeep\n|\n|t:|1683168026\n|switch|p1a: Flutter Mane|Flutter Mane, L50|100\/100\n|turn|3\n|\n|t:|1683168045\n|-end|p2a: Flutter Mane|Protosynthesis|[silent]\n|switch|p2a: Amoonguss|Amoonguss, L50, M, shiny|100\/100\n|-terastallize|p2b: Iron Hands|Grass\n|move|p1a: Flutter Mane|Protect|p1a: Flutter Mane\n|-singleturn|p1a: Flutter Mane|Protect\n|move|p1b: Cetitan|Earthquake|p2a: Amoonguss|[spread] p2a,p2b\n|-activate|p1a: Flutter Mane|move: Protect\n|-resisted|p2b: Iron Hands\n|-damage|p2a: Amoonguss|69\/100\n|-damage|p2b: Iron Hands|70\/100\n|move|p2b: Iron Hands|Drain Punch|p1b: Cetitan\n|-damage|p1b: Cetitan|27\/100\n|-heal|p2b: Iron Hands|87\/100|[from] drain|[of] p1b: Cetitan\n|-enditem|p1b: Cetitan|Sitrus Berry|[eat]\n|-heal|p1b: Cetitan|52\/100|[from] item: Sitrus Berry\n|\n|-weather|Snow|[upkeep]\n|upkeep\n|turn|4\n|inactive|Matthew4456 has 30 seconds left.\n|\n|t:|1683168074\n|move|p1b: Cetitan|Blizzard|p2a: Amoonguss|[spread] p2a,p2b\n|-supereffective|p2a: Amoonguss\n|-supereffective|p2b: Iron Hands\n|-damage|p2a: Amoonguss|44\/100\n|-damage|p2b: Iron Hands|70\/100\n|move|p1a: Flutter Mane|Moonblast|p2b: Iron Hands\n|-damage|p2b: Iron Hands|34\/100\n|-unboost|p2b: Iron Hands|spa|1\n|move|p2b: Iron Hands|Drain Punch|p1b: Cetitan\n|-damage|p1b: Cetitan|19\/100\n|-heal|p2b: Iron Hands|50\/100|[from] drain|[of] p1b: Cetitan\n|move|p2a: Amoonguss|Spore|p1a: Flutter Mane\n|-status|p1a: Flutter Mane|slp|[from] move: Spore\n|\n|-weather|Snow|[upkeep]\n|upkeep\n|turn|5\n|inactive|Matthew4456 has 30 seconds left.\n|inactive|Ameliya has 30 seconds left.\n|\n|t:|1683168101\n|-end|p2b: Iron Hands|Quark Drive|[silent]\n|switch|p2b: Flutter Mane|Flutter Mane, L50|20\/100\n|switch|p2a: Arcanine|Arcanine, L50, F|100\/100\n|-ability|p2a: Arcanine|Intimidate|boost\n|-unboost|p1a: Flutter Mane|atk|1\n|-unboost|p1b: Cetitan|atk|1\n|move|p1b: Cetitan|Icicle Crash|p2b: Flutter Mane\n|-damage|p2b: Flutter Mane|0 fnt\n|faint|p2b: Flutter Mane\n|-end|p2b: Flutter Mane|Protosynthesis|[silent]\n|cant|p1a: Flutter Mane|slp\n|\n|-weather|Snow|[upkeep]\n|upkeep\n|\n|t:|1683168110\n|switch|p2b: Iron Hands|Iron Hands, L50, tera:Grass|50\/100\n|turn|6\n|\n|t:|1683168123\n|-curestatus|p1a: Flutter Mane|slp|[msg]\n|move|p1a: Flutter Mane|Protect|p1a: Flutter Mane\n|-singleturn|p1a: Flutter Mane|Protect\n|move|p2b: Iron Hands|Fake Out|p1b: Cetitan\n|-damage|p1b: Cetitan|7\/100\n|cant|p1b: Cetitan|flinch\n|move|p2a: Arcanine|Flare Blitz|p1a: Flutter Mane\n|-activate|p1a: Flutter Mane|move: Protect\n|\n|-weather|Snow|[upkeep]\n|upkeep\n|turn|7\n|inactive|Matthew4456 has 30 seconds left.\n|\n|t:|1683168148\n|-end|p2b: Iron Hands|Quark Drive|[silent]\n|switch|p2b: Amoonguss|Amoonguss, L50, M, shiny|78\/100\n|move|p2a: Arcanine|Extreme Speed|p1b: Cetitan\n|-damage|p1b: Cetitan|0 fnt\n|faint|p1b: Cetitan\n|move|p1a: Flutter Mane|Trick Room|p1a: Flutter Mane\n|-fieldstart|move: Trick Room|[of] p1a: Flutter Mane\n|\n|-weather|Snow|[upkeep]\n|upkeep\n|turn|8\n|-message|Matthew4456 forfeited.\n|\n|win|Ameliya\n|raw|Matthew4456's rating: 1104 → 1072<\/strong> (-32 for losing)\n|raw|Ameliya's rating: 1000 → 1052<\/strong> (+52 for winning)\n|l|\u2606Matthew4456\n","uploadtime":1683168159,"views":11,"p1id":"matthew4456","p2id":"ameliya","formatid":"gen9vgc2023regulationc","rating":1052,"private":0,"password":""}