{"id":"gen9vgc2023regulationc-1850960661","p1":"Buttery12","p2":"Film Up","format":"[Gen 9] VGC 2023 Regulation C","log":"|j|\u2606Buttery12\n|j|\u2606Film Up\n|t:|1682387241\n|gametype|doubles\n|player|p1|Buttery12|clay|1126\n|player|p2|Film Up|colress|1214\n|teamsize|p1|6\n|teamsize|p2|6\n|gen|9\n|tier|[Gen 9] VGC 2023 Regulation C\n|rated|\n|rule|Species Clause: Limit one of each Pok\u00e9mon\n|rule|Item Clause: Limit one of each item\n|clearpoke\n|poke|p1|Amoonguss, L50, M|\n|poke|p1|Arcanine, L50, M|\n|poke|p1|Palafin, L50, M|\n|poke|p1|Ting-Lu, L50|\n|poke|p1|Baxcalibur, L50, M|\n|poke|p1|Flutter Mane, L50|\n|poke|p2|Iron Thorns, L50|\n|poke|p2|Vivillon-Continental, L50, M|\n|poke|p2|Iron Bundle, L50|\n|poke|p2|Abomasnow, L50, M|\n|poke|p2|Chi-Yu, L50|\n|poke|p2|Iron Hands, L50|\n|teampreview|4\nButtery12 has agreed to open team sheets.\n|inactive|Battle timer is ON: inactive players will automatically lose when time's up. (requested by Buttery12)\nFilm Up rejected open team sheets.\n|\n|t:|1682387277\n|start\n|switch|p1a: Uncle Jack|Baxcalibur, L50, M, shiny|100\/100\n|switch|p1b: Guacamole|Ting-Lu, L50|100\/100\n|switch|p2a: Chi-Yu|Chi-Yu, L50|100\/100\n|switch|p2b: Iron Hands|Iron Hands, L50|100\/100\n|-ability|p2a: Chi-Yu|Beads of Ruin\n|-ability|p1b: Guacamole|Vessel of Ruin\n|turn|1\n|\n|t:|1682387296\n|switch|p1a: Palafin|Palafin, L50, M, shiny|100\/100\n|-terastallize|p2b: Iron Hands|Fighting\n|move|p2a: Chi-Yu|Protect|p2a: Chi-Yu\n|-singleturn|p2a: Chi-Yu|Protect\n|move|p1b: Guacamole|Stomping Tantrum|p2a: Chi-Yu\n|-activate|p2a: Chi-Yu|move: Protect\n|move|p2b: Iron Hands|Drain Punch|p1b: Guacamole\n|-supereffective|p1b: Guacamole\n|-damage|p1b: Guacamole|33\/100\n|\n|upkeep\n|turn|2\n|\n|t:|1682387319\n|switch|p2a: Abomasnow|Abomasnow, L50, M|100\/100\n|-weather|Snow|[from] ability: Snow Warning|[of] p2a: Abomasnow\n|detailschange|p1a: Palafin|Palafin-Hero, L50, M, shiny\n|switch|p1a: Don Juan|Flutter Mane, L50, shiny|100\/100\n|-enditem|p1a: Don Juan|Booster Energy\n|-activate|p1a: Don Juan|ability: Protosynthesis|[fromitem]\n|-start|p1a: Don Juan|protosynthesisspa\n|move|p1b: Guacamole|Ruination|p2b: Iron Hands\n|-damage|p2b: Iron Hands|50\/100\n|move|p2b: Iron Hands|Wild Charge|p1a: Don Juan\n|-damage|p1a: Don Juan|0 fnt\n|faint|p1a: Don Juan\n|-end|p1a: Don Juan|Protosynthesis|[silent]\n|-damage|p2b: Iron Hands|35\/100|[from] Recoil\n|\n|-weather|Snow|[upkeep]\n|upkeep\n|\n|t:|1682387334\n|switch|p1a: Palafin|Palafin-Hero, L50, M, shiny|100\/100\n|-activate|p1a: Palafin|ability: Zero to Hero\n|turn|3\n|\n|t:|1682387343\n|-terastallize|p1a: Palafin|Water\n|move|p1a: Palafin|Wave Crash|p2b: Iron Hands\n|-damage|p2b: Iron Hands|0 fnt\n|faint|p2b: Iron Hands\n|-end|p2b: Iron Hands|Quark Drive|[silent]\n|-damage|p1a: Palafin|87\/100|[from] Recoil\n|move|p2a: Abomasnow|Energy Ball|p1a: Palafin\n|-supereffective|p1a: Palafin\n|-damage|p1a: Palafin|6\/100\n|-damage|p2a: Abomasnow|91\/100|[from] item: Life Orb\n|move|p1b: Guacamole|Fissure|p2a: Abomasnow\n|-damage|p2a: Abomasnow|0 fnt\n|faint|p2a: Abomasnow\n|-ohko\n|\n|-weather|Snow|[upkeep]\n|upkeep\n|\n|t:|1682387351\n|switch|p2a: Iron Bundle|Iron Bundle, L50|100\/100\n|switch|p2b: Chi-Yu|Chi-Yu, L50|100\/100\n|-ability|p2b: Chi-Yu|Beads of Ruin\n|-enditem|p2a: Iron Bundle|Booster Energy\n|-activate|p2a: Iron Bundle|ability: Quark Drive|[fromitem]\n|-start|p2a: Iron Bundle|quarkdrivespe\n|turn|4\n|\n|t:|1682387366\n|move|p2b: Chi-Yu|Protect|p2b: Chi-Yu\n|-singleturn|p2b: Chi-Yu|Protect\n|move|p1a: Palafin|Protect|p1a: Palafin\n|-singleturn|p1a: Palafin|Protect\n|move|p2a: Iron Bundle|Blizzard|p1b: Guacamole|[spread] p1b\n|-activate|p1a: Palafin|move: Protect\n|-supereffective|p1b: Guacamole\n|-damage|p1b: Guacamole|0 fnt\n|faint|p1b: Guacamole\n|\n|-weather|Snow|[upkeep]\n|upkeep\n|\n|t:|1682387375\n|switch|p1b: Uncle Jack|Baxcalibur, L50, M, shiny|100\/100\n|turn|5\n|\n|t:|1682387383\n|move|p1a: Palafin|Jet Punch|p2b: Chi-Yu\n|-supereffective|p2b: Chi-Yu\n|-damage|p2b: Chi-Yu|0 fnt\n|faint|p2b: Chi-Yu\n|move|p2a: Iron Bundle|Blizzard|p1a: Palafin|[spread] p1a,p1b\n|-resisted|p1a: Palafin\n|-damage|p1a: Palafin|0 fnt\n|-damage|p1b: Uncle Jack|63\/100\n|faint|p1a: Palafin\n|move|p1b: Uncle Jack|Glaive Rush|p2a: Iron Bundle\n|-damage|p2a: Iron Bundle|41\/100\n|-singlemove|p1b: Uncle Jack|Glaive Rush|[silent]\n|\n|-weather|Snow|[upkeep]\n|upkeep\n|turn|6\n|\n|t:|1682387393\n|move|p1b: Uncle Jack|Protect|p1b: Uncle Jack\n|-singleturn|p1b: Uncle Jack|Protect\n|move|p2a: Iron Bundle|Blizzard|p1b: Uncle Jack\n|-activate|p1b: Uncle Jack|move: Protect\n|\n|-weather|none\n|upkeep\n|turn|7\n|\n|t:|1682387400\n|move|p2a: Iron Bundle|Freeze-Dry|p1b: Uncle Jack\n|-damage|p1b: Uncle Jack|34\/100\n|move|p1b: Uncle Jack|Glaive Rush|p2a: Iron Bundle\n|-damage|p2a: Iron Bundle|0 fnt\n|-singlemove|p1b: Uncle Jack|Glaive Rush|[silent]\n|faint|p2a: Iron Bundle\n|-end|p2a: Iron Bundle|Quark Drive|[silent]\n|\n|win|Buttery12\n|raw|Buttery12's rating: 1126 → 1157<\/strong> (+31 for winning)\n|raw|Film Up's rating: 1214 → 1183<\/strong> (-31 for losing)\n","uploadtime":1682387405,"views":9,"p1id":"buttery12","p2id":"filmup","formatid":"gen9vgc2023regulationc","rating":1157,"private":0,"password":""}