{"id":"gen9vgc2023regulationc-1860248463","p1":"Cyclades","p2":"yokai19","format":"[Gen 9] VGC 2023 Regulation C","log":"|j|\u2606Cyclades\n|j|\u2606yokai19\n|t:|1683618503\n|gametype|doubles\n|player|p1|Cyclades|ninjaboy|1308\n|player|p2|yokai19|170|1225\n|teamsize|p1|6\n|teamsize|p2|6\n|gen|9\n|tier|[Gen 9] VGC 2023 Regulation C\n|rated|\n|rule|Species Clause: Limit one of each Pok\u00e9mon\n|rule|Item Clause: Limit one of each item\n|clearpoke\n|poke|p1|Toxicroak, L50, F|\n|poke|p1|Flutter Mane, L50|\n|poke|p1|Ting-Lu, L50|\n|poke|p1|Iron Bundle, L50|\n|poke|p1|Arcanine, L50, M|\n|poke|p1|Pelipper, L50, M|\n|poke|p2|Chi-Yu, L50|\n|poke|p2|Iron Hands, L50|\n|poke|p2|Amoonguss, L50, F|\n|poke|p2|Gyarados, L50, M|\n|poke|p2|Iron Bundle, L50|\n|poke|p2|Flutter Mane, L50|\n|teampreview|4\n|inactive|Battle timer is ON: inactive players will automatically lose when time's up. (requested by Cyclades)\n|\n|t:|1683618565\n|start\n|switch|p1a: Toxicroak|Toxicroak, L50, F, shiny|100\/100\n|switch|p1b: Iron Bundle|Iron Bundle, L50|100\/100\n|switch|p2a: Iron Hands|Iron Hands, L50|100\/100\n|switch|p2b: Iron Bundle|Iron Bundle, L50|100\/100\n|-enditem|p2b: Iron Bundle|Booster Energy\n|-activate|p2b: Iron Bundle|ability: Quark Drive|[fromitem]\n|-start|p2b: Iron Bundle|quarkdrivespe\n|-enditem|p1b: Iron Bundle|Booster Energy\n|-activate|p1b: Iron Bundle|ability: Quark Drive|[fromitem]\n|-start|p1b: Iron Bundle|quarkdrivespe\n|turn|1\n|inactive|Cyclades has 30 seconds left.\n|inactive|yokai19 has 30 seconds left.\n|inactive|yokai19 has 20 seconds left.\n|\n|t:|1683618605\n|move|p2b: Iron Bundle|Protect|p2b: Iron Bundle\n|-singleturn|p2b: Iron Bundle|Protect\n|move|p1a: Toxicroak|Fake Out|p2a: Iron Hands\n|-damage|p2a: Iron Hands|92\/100\n|move|p1b: Iron Bundle|Freeze-Dry|p2b: Iron Bundle\n|-activate|p2b: Iron Bundle|move: Protect\n|cant|p2a: Iron Hands|flinch\n|\n|upkeep\n|turn|2\n|inactive|yokai19 has 30 seconds left.\n|inactive|yokai19 has 20 seconds left.\n|inactive|yokai19 has 15 seconds left.\n|inactive|yokai19 has 10 seconds left.\n|\n|t:|1683618650\n|move|p1b: Iron Bundle|Protect|p1b: Iron Bundle\n|-singleturn|p1b: Iron Bundle|Protect\n|move|p2b: Iron Bundle|Icy Wind|p1a: Toxicroak|[spread] p1a\n|-activate|p1b: Iron Bundle|move: Protect\n|-damage|p1a: Toxicroak|86\/100\n|-unboost|p1a: Toxicroak|spe|1\n|move|p1a: Toxicroak|Drain Punch|p2b: Iron Bundle\n|-supereffective|p2b: Iron Bundle\n|-damage|p2b: Iron Bundle|17\/100\n|-heal|p1a: Toxicroak|100\/100|[from] drain|[of] p2b: Iron Bundle\n|move|p2a: Iron Hands|Volt Switch|p1b: Iron Bundle\n|-activate|p1b: Iron Bundle|move: Protect\n|\n|upkeep\n|turn|3\n|inactive|yokai19 has 30 seconds left.\n|\n|t:|1683618679\n|-end|p1b: Iron Bundle|Quark Drive|[silent]\n|switch|p1b: Arcanine|Arcanine, L50, M|100\/100\n|-ability|p1b: Arcanine|Intimidate|boost\n|-unboost|p2a: Iron Hands|atk|1\n|-unboost|p2b: Iron Bundle|atk|1\n|move|p2b: Iron Bundle|Protect|p2b: Iron Bundle\n|-singleturn|p2b: Iron Bundle|Protect\n|move|p1a: Toxicroak|Sucker Punch||[still]\n|-fail|p1a: Toxicroak\n|move|p2a: Iron Hands|Drain Punch|p1b: Arcanine\n|-damage|p1b: Arcanine|69\/100\n|-heal|p2a: Iron Hands|100\/100|[from] drain|[of] p1b: Arcanine\n|\n|upkeep\n|turn|4\n|inactive|yokai19 has 30 seconds left.\n|inactive|yokai19 has 20 seconds left.\n|\n|t:|1683618716\n|-end|p2b: Iron Bundle|Quark Drive|[silent]\n|switch|p2b: Gyarados|Gyarados, L50, M|100\/100\n|-ability|p2b: Gyarados|Intimidate|boost\n|-unboost|p1a: Toxicroak|atk|1\n|-unboost|p1b: Arcanine|atk|1\n|-end|p2a: Iron Hands|Quark Drive|[silent]\n|switch|p2a: Flutter Mane|Flutter Mane, L50|100\/100\n|move|p1a: Toxicroak|Sucker Punch||[still]\n|-fail|p1a: Toxicroak\n|move|p1b: Arcanine|Will-O-Wisp|p2a: Flutter Mane\n|-status|p2a: Flutter Mane|brn\n|\n|-damage|p2a: Flutter Mane|94\/100 brn|[from] brn\n|upkeep\n|turn|5\n|inactive|yokai19 has 30 seconds left.\n|inactive|yokai19 has 20 seconds left.\n|inactive|yokai19 has 15 seconds left.\n|inactive|yokai19 has 10 seconds left.\n|inactive|yokai19 has 5 seconds left.\n|\n|t:|1683618767\n|move|p1b: Arcanine|Protect|p1b: Arcanine\n|-singleturn|p1b: Arcanine|Protect\n|move|p2a: Flutter Mane|Moonblast|p1a: Toxicroak\n|-damage|p1a: Toxicroak|46\/100\n|move|p2b: Gyarados|Thunder Wave|p1b: Arcanine\n|-activate|p1b: Arcanine|move: Protect\n|move|p1a: Toxicroak|Gunk Shot|p2a: Flutter Mane\n|-damage|p2a: Flutter Mane|35\/100 brn\n|\n|-damage|p2a: Flutter Mane|29\/100 brn|[from] brn\n|upkeep\n|turn|6\n|inactive|Cyclades has 30 seconds left.\n|inactive|yokai19 has 30 seconds left.\n|inactive|Cyclades has 20 seconds left.\n|inactive|yokai19 has 20 seconds left.\n|inactive|Cyclades has 15 seconds left.\n|inactive|yokai19 has 15 seconds left.\n|\n|t:|1683618808\n|-end|p2a: Flutter Mane|Protosynthesis|[silent]\n|switch|p2a: Iron Hands|Iron Hands, L50|100\/100\n|-terastallize|p1b: Arcanine|Grass\n|move|p1b: Arcanine|Will-O-Wisp|p2b: Gyarados\n|-status|p2b: Gyarados|brn\n|-enditem|p2b: Gyarados|Lum Berry|[eat]\n|-curestatus|p2b: Gyarados|brn|[msg]\n|move|p2b: Gyarados|Waterfall|p1b: Arcanine\n|-resisted|p1b: Arcanine\n|-damage|p1b: Arcanine|51\/100\n|move|p1a: Toxicroak|Gunk Shot|p2a: Iron Hands\n|-damage|p2a: Iron Hands|78\/100\n|-status|p2a: Iron Hands|psn\n|\n|-damage|p2a: Iron Hands|65\/100 psn|[from] psn\n|upkeep\n|turn|7\n|inactive|Cyclades has 30 seconds left.\n|inactive|yokai19 has 30 seconds left.\n|\n|t:|1683618839\n|switch|p1a: Ting-Lu|Ting-Lu, L50|100\/100\n|-ability|p1a: Ting-Lu|Vessel of Ruin\n|move|p2b: Gyarados|Helping Hand|p2a: Iron Hands\n|-singleturn|p2a: Iron Hands|Helping Hand|[of] p2b: Gyarados\n|move|p1b: Arcanine|Will-O-Wisp|p2b: Gyarados\n|-status|p2b: Gyarados|brn\n|move|p2a: Iron Hands|Drain Punch|p1a: Ting-Lu\n|-supereffective|p1a: Ting-Lu\n|-damage|p1a: Ting-Lu|24\/100\n|-heal|p2a: Iron Hands|100\/100 psn|[from] drain|[of] p1a: Ting-Lu\n|\n|-damage|p2a: Iron Hands|88\/100 psn|[from] psn\n|-damage|p2b: Gyarados|95\/100 brn|[from] brn\n|upkeep\n|turn|8\n|inactive|Cyclades has 30 seconds left.\n|inactive|yokai19 has 30 seconds left.\n|inactive|Cyclades has 20 seconds left.\n|inactive|yokai19 has 20 seconds left.\n|\n|t:|1683618879\n|move|p1b: Arcanine|Protect|p1b: Arcanine\n|-singleturn|p1b: Arcanine|Protect\n|move|p2b: Gyarados|Thunder Wave|p1b: Arcanine\n|-activate|p1b: Arcanine|move: Protect\n|move|p2a: Iron Hands|Drain Punch|p1a: Ting-Lu\n|-supereffective|p1a: Ting-Lu\n|-damage|p1a: Ting-Lu|0 fnt\n|-heal|p2a: Iron Hands|99\/100 psn|[from] drain|[of] p1a: Ting-Lu\n|faint|p1a: Ting-Lu\n|\n|-damage|p2a: Iron Hands|88\/100 psn|[from] psn\n|-damage|p2b: Gyarados|89\/100 brn|[from] brn\n|upkeep\n|inactive|Cyclades has 30 seconds left.\n|\n|t:|1683618904\n|switch|p1a: Toxicroak|Toxicroak, L50, F, shiny|46\/100\n|turn|9\n|\n|t:|1683618924\n|move|p1a: Toxicroak|Fake Out|p2a: Iron Hands\n|-damage|p2a: Iron Hands|79\/100 psn\n|move|p1b: Arcanine|Flare Blitz|p2a: Iron Hands\n|-damage|p2a: Iron Hands|53\/100 psn\n|-damage|p1b: Arcanine|40\/100|[from] Recoil\n|-enditem|p1b: Arcanine|Sitrus Berry|[eat]\n|-heal|p1b: Arcanine|65\/100|[from] item: Sitrus Berry\n|move|p2b: Gyarados|Thunder Wave|p1a: Toxicroak\n|-status|p1a: Toxicroak|par\n|cant|p2a: Iron Hands|flinch\n|\n|-damage|p2a: Iron Hands|41\/100 psn|[from] psn\n|-damage|p2b: Gyarados|83\/100 brn|[from] brn\n|upkeep\n|turn|10\n|inactive|yokai19 has 30 seconds left.\n|\n|t:|1683618952\n|move|p2b: Gyarados|Helping Hand|p2a: Iron Hands\n|-singleturn|p2a: Iron Hands|Helping Hand|[of] p2b: Gyarados\n|move|p1b: Arcanine|Protect|p1b: Arcanine\n|-singleturn|p1b: Arcanine|Protect\n|move|p2a: Iron Hands|Drain Punch|p1a: Toxicroak\n|-resisted|p1a: Toxicroak\n|-damage|p1a: Toxicroak|0 fnt\n|-heal|p2a: Iron Hands|57\/100 psn|[from] drain|[of] p1a: Toxicroak\n|faint|p1a: Toxicroak\n|\n|-damage|p2a: Iron Hands|45\/100 psn|[from] psn\n|-damage|p2b: Gyarados|77\/100 brn|[from] brn\n|upkeep\n|\n|t:|1683618966\n|switch|p1a: Iron Bundle|Iron Bundle, L50|100\/100\n|turn|11\n|\n|t:|1683618989\n|-terastallize|p2b: Gyarados|Steel\n|move|p1a: Iron Bundle|Protect|p1a: Iron Bundle\n|-singleturn|p1a: Iron Bundle|Protect\n|move|p1b: Arcanine|Flare Blitz|p2a: Iron Hands\n|-damage|p2a: Iron Hands|21\/100 psn\n|-damage|p1b: Arcanine|55\/100|[from] Recoil\n|move|p2b: Gyarados|Thunder Wave|p1a: Iron Bundle\n|-activate|p1a: Iron Bundle|move: Protect\n|move|p2a: Iron Hands|Drain Punch|p1a: Iron Bundle\n|-activate|p1a: Iron Bundle|move: Protect\n|\n|-damage|p2a: Iron Hands|9\/100 psn|[from] psn\n|-damage|p2b: Gyarados|71\/100 brn|[from] brn\n|upkeep\n|turn|12\n|inactive|Cyclades has 30 seconds left.\n|inactive|yokai19 has 30 seconds left.\n|inactive|Cyclades has 20 seconds left.\n|inactive|yokai19 has 20 seconds left.\n|\n|t:|1683619028\n|move|p1a: Iron Bundle|Hydro Pump|p2b: Gyarados\n|-damage|p2b: Gyarados|35\/100 brn\n|move|p1b: Arcanine|Flare Blitz|p2a: Iron Hands\n|-damage|p2a: Iron Hands|0 fnt\n|faint|p2a: Iron Hands\n|-end|p2a: Iron Hands|Quark Drive|[silent]\n|-damage|p1b: Arcanine|51\/100|[from] Recoil\n|move|p2b: Gyarados|Thunder Wave|p1a: Iron Bundle\n|-status|p1a: Iron Bundle|par\n|\n|-damage|p2b: Gyarados|29\/100 brn|[from] brn\n|upkeep\n|inactive|yokai19 has 30 seconds left.\n|inactive|yokai19 has 20 seconds left.\n|inactive|yokai19 has 15 seconds left.\n|\n|t:|1683619051\n|switch|p2a: Flutter Mane|Flutter Mane, L50|29\/100 brn\n|turn|13\n|inactive|yokai19 has 15 seconds left this turn.\n|inactive|yokai19 has 10 seconds left.\n|\n|t:|1683619059\n|move|p1a: Iron Bundle|Protect|p1a: Iron Bundle\n|-singleturn|p1a: Iron Bundle|Protect\n|move|p2a: Flutter Mane|Dazzling Gleam|p1b: Arcanine|[spread] p1b\n|-activate|p1a: Iron Bundle|move: Protect\n|-damage|p1b: Arcanine|0 fnt\n|faint|p1b: Arcanine\n|move|p2b: Gyarados|Waterfall|p1a: Iron Bundle\n|-activate|p1a: Iron Bundle|move: Protect\n|\n|-damage|p2a: Flutter Mane|23\/100 brn|[from] brn\n|-damage|p2b: Gyarados|23\/100 brn|[from] brn\n|upkeep\n|turn|14\n|inactive|yokai19 has 10 seconds left this turn.\n|inactive|yokai19 has 5 seconds left.\n|-message|Cyclades forfeited.\n|\n|win|yokai19\n|inactive|yokai19 has 5 seconds left this turn.\n|raw|Cyclades's rating: 1308 → 1283<\/strong> (-25 for losing)\n|raw|yokai19's rating: 1225 → 1256<\/strong> (+31 for winning)\n|l|\u2606Cyclades\n","uploadtime":1683619074,"views":4,"p1id":"cyclades","p2id":"yokai19","formatid":"gen9vgc2023regulationc","rating":1256,"private":0,"password":""}