{"id":"gen9vgc2023regulationc-1856448383","p1":"Arcacagne","p2":"nevun","format":"[Gen 9] VGC 2023 Regulation C","log":"|j|\u2606Arcacagne\n|j|\u2606nevun\n|t:|1683062636\n|gametype|doubles\n|player|p1|Arcacagne|170|1146\n|player|p2|nevun|169|1052\n|teamsize|p1|6\n|teamsize|p2|6\n|gen|9\n|tier|[Gen 9] VGC 2023 Regulation C\n|rated|\n|rule|Species Clause: Limit one of each Pok\u00e9mon\n|rule|Item Clause: Limit one of each item\n|clearpoke\n|poke|p1|Chi-Yu, L50|\n|poke|p1|Flutter Mane, L50|\n|poke|p1|Amoonguss, L50, M|\n|poke|p1|Palafin, L50, F|\n|poke|p1|Kingambit, L50, M|\n|poke|p1|Arcanine, L50, F|\n|poke|p2|Palafin, L50, F|\n|poke|p2|Pelipper, L50, F|\n|poke|p2|Gholdengo, L50|\n|poke|p2|Drednaw, L50, F|\n|poke|p2|Dondozo, L50, F|\n|poke|p2|Tatsugiri-Stretchy, L50, F|\n|teampreview|4\nArcacagne has agreed to open team sheets.\n|\n|t:|1683062662\n|start\n|switch|p1a: Kingambit|Kingambit, L50, M|100\/100\n|switch|p1b: Palafin|Palafin, L50, F|100\/100\n|switch|p2a: Subn\u00f6rm\u00e1n|Palafin, L50, F|100\/100\n|switch|p2b: Fidodido|Gholdengo, L50|100\/100\n|turn|1\n|inactive|Battle timer is ON: inactive players will automatically lose when time's up. (requested by nevun)\n|\n|t:|1683062696\n|detailschange|p1b: Palafin|Palafin-Hero, L50, F\n|switch|p1b: Amoonguss|Amoonguss, L50, M|100\/100\n|move|p2b: Fidodido|Make It Rain|p1b: Amoonguss|[spread] p1a,p1b\n|-resisted|p1a: Kingambit\n|-damage|p1a: Kingambit|67\/100\n|-damage|p1b: Amoonguss|46\/100\n|-unboost|p2b: Fidodido|spa|1\n|-enditem|p1b: Amoonguss|Sitrus Berry|[eat]\n|-heal|p1b: Amoonguss|71\/100|[from] item: Sitrus Berry\n|move|p2a: Subn\u00f6rm\u00e1n|Wave Crash|p1b: Amoonguss\n|-resisted|p1b: Amoonguss\n|-damage|p1b: Amoonguss|52\/100\n|-damage|p2a: Subn\u00f6rm\u00e1n|94\/100|[from] Recoil\n|move|p1a: Kingambit|Kowtow Cleave|p2b: Fidodido\n|-supereffective|p2b: Fidodido\n|-damage|p2b: Fidodido|0 fnt\n|faint|p2b: Fidodido\n|\n|upkeep\n|\n|t:|1683062719\n|switch|p2b: Felippe|Pelipper, L50, F|100\/100\n|-weather|RainDance|[from] ability: Drizzle|[of] p2b: Felippe\n|turn|2\n|inactive|Arcacagne has 30 seconds left.\n|\n|t:|1683062749\n|switch|p1b: Palafin|Palafin-Hero, L50, F|100\/100\n|-activate|p1b: Palafin|ability: Zero to Hero\n|move|p2a: Subn\u00f6rm\u00e1n|Wave Crash|p1a: Kingambit\n|-damage|p1a: Kingambit|17\/100\n|-damage|p2a: Subn\u00f6rm\u00e1n|78\/100|[from] Recoil\n|move|p2b: Felippe|Hurricane|p1b: Palafin\n|-damage|p1b: Palafin|46\/100\n|move|p1a: Kingambit|Kowtow Cleave|p2a: Subn\u00f6rm\u00e1n\n|-damage|p2a: Subn\u00f6rm\u00e1n|27\/100\n|\n|-weather|RainDance|[upkeep]\n|upkeep\n|turn|3\n|inactive|Arcacagne has 30 seconds left.\n|\n|t:|1683062777\n|move|p1b: Palafin|Jet Punch|p2a: Subn\u00f6rm\u00e1n\n|-resisted|p2a: Subn\u00f6rm\u00e1n\n|-damage|p2a: Subn\u00f6rm\u00e1n|0 fnt\n|faint|p2a: Subn\u00f6rm\u00e1n\n|move|p1a: Kingambit|Sucker Punch|p2b: Felippe\n|-damage|p2b: Felippe|51\/100\n|move|p2b: Felippe|Hydro Pump|p1b: Palafin|[miss]\n|-miss|p2b: Felippe|p1b: Palafin\n|\n|-weather|RainDance|[upkeep]\n|upkeep\n|\n|t:|1683062787\n|switch|p2a: Donatello|Drednaw, L50, F, shiny|100\/100\n|turn|4\n|\n|t:|1683062808\n|-terastallize|p2a: Donatello|Grass\n|move|p1b: Palafin|Jet Punch|p2b: Felippe\n|-resisted|p2b: Felippe\n|-damage|p2b: Felippe|5\/100\n|move|p2a: Donatello|Earthquake|p1a: Kingambit|[spread] p1a,p1b\n|-immune|p2b: Felippe\n|-supereffective|p1a: Kingambit\n|-damage|p1a: Kingambit|0 fnt\n|-damage|p1b: Palafin|3\/100\n|faint|p1a: Kingambit\n|move|p2b: Felippe|Tailwind|p2b: Felippe\n|-sidestart|p2: nevun|move: Tailwind\n|\n|-weather|RainDance|[upkeep]\n|upkeep\n|\n|t:|1683062822\n|switch|p1a: Amoonguss|Amoonguss, L50, M|85\/100\n|turn|5\n|inactive|Arcacagne has 30 seconds left.\n|inactive|Arcacagne has 20 seconds left.\n|\n|t:|1683062859\n|move|p1b: Palafin|Protect|p1b: Palafin\n|-singleturn|p1b: Palafin|Protect\n|move|p1a: Amoonguss|Protect|p1a: Amoonguss\n|-singleturn|p1a: Amoonguss|Protect\n|move|p2a: Donatello|Earthquake|p1b: Palafin|[spread] \n|-activate|p1a: Amoonguss|move: Protect\n|-activate|p1b: Palafin|move: Protect\n|-immune|p2b: Felippe\n|move|p2b: Felippe|Hurricane|p1a: Amoonguss\n|-activate|p1a: Amoonguss|move: Protect\n|\n|-weather|RainDance|[upkeep]\n|upkeep\n|turn|6\n|\n|t:|1683062882\n|move|p1b: Palafin|Jet Punch|p2b: Felippe\n|-resisted|p2b: Felippe\n|-damage|p2b: Felippe|0 fnt\n|faint|p2b: Felippe\n|move|p2a: Donatello|Earthquake|p1b: Palafin|[spread] p1a,p1b\n|-damage|p1a: Amoonguss|52\/100\n|-damage|p1b: Palafin|0 fnt\n|faint|p1b: Palafin\n|move|p1a: Amoonguss|Pollen Puff|p2a: Donatello\n|-supereffective|p2a: Donatello\n|-damage|p2a: Donatello|52\/100\n|\n|-weather|none\n|upkeep\n|\n|t:|1683062893\n|switch|p1b: Flutter Mane|Flutter Mane, L50|100\/100\n|-enditem|p1b: Flutter Mane|Booster Energy\n|-activate|p1b: Flutter Mane|ability: Protosynthesis|[fromitem]\n|-start|p1b: Flutter Mane|protosynthesisspa\n|turn|7\n|-message|nevun forfeited.\n|\n|win|Arcacagne\n|raw|Arcacagne's rating: 1146 → 1164<\/strong> (+18 for winning)\n|raw|nevun's rating: 1052 → 1039<\/strong> (-13 for losing)\n|l|\u2606nevun\n","uploadtime":1683062908,"views":14,"p1id":"arcacagne","p2id":"nevun","formatid":"gen9vgc2023regulationc","rating":1039,"private":0,"password":""}