{"id":"gen9vgc2023regulationc-1859168946","p1":"Wormfury","p2":"Tirad V","format":"[Gen 9] VGC 2023 Regulation C","log":"|j|\u2606Wormfury\n|j|\u2606Tirad V\n|t:|1683412927\n|gametype|doubles\n|player|p1|Wormfury|101|1299\n|player|p2|Tirad V|benga|1242\n|teamsize|p1|6\n|teamsize|p2|6\n|gen|9\n|tier|[Gen 9] VGC 2023 Regulation C\n|rated|\n|rule|Species Clause: Limit one of each Pok\u00e9mon\n|rule|Item Clause: Limit one of each item\n|clearpoke\n|poke|p1|Dondozo, L50, F|\n|poke|p1|Tatsugiri-Droopy, L50, F|\n|poke|p1|Roaring Moon, L50|\n|poke|p1|Misdreavus, L50, M|\n|poke|p1|Flutter Mane, L50|\n|poke|p1|Chi-Yu, L50|\n|poke|p2|Chi-Yu, L50|\n|poke|p2|Flutter Mane, L50|\n|poke|p2|Kingambit, L50, F|\n|poke|p2|Roaring Moon, L50|\n|poke|p2|Wo-Chien, L50|\n|poke|p2|Grimmsnarl, L50, M|\n|teampreview|4\nTirad V rejected open team sheets.\n|\n|t:|1683412980\n|start\n|switch|p1a: Regular Mane|Misdreavus, L50, M, shiny|100\/100\n|switch|p1b: Scary dragon \ud83d\ude28|Roaring Moon, L50|100\/100\n|switch|p2a: ALETEAPEL0TAS|Flutter Mane, L50|100\/100\n|switch|p2b: EL TOXICO DE TU EX|Wo-Chien, L50|100\/100\n|-ability|p2b: EL TOXICO DE TU EX|Tablets of Ruin\n|-enditem|p1b: Scary dragon \ud83d\ude28|Booster Energy\n|-activate|p1b: Scary dragon \ud83d\ude28|ability: Protosynthesis|[fromitem]\n|-start|p1b: Scary dragon \ud83d\ude28|protosynthesisatk\n|turn|1\n|\n|t:|1683412994\n|-terastallize|p2a: ALETEAPEL0TAS|Water\n|move|p1b: Scary dragon \ud83d\ude28|Protect|p1b: Scary dragon \ud83d\ude28\n|-singleturn|p1b: Scary dragon \ud83d\ude28|Protect\n|move|p2a: ALETEAPEL0TAS|Dazzling Gleam|p1b: Scary dragon \ud83d\ude28|[spread] p1a\n|-activate|p1b: Scary dragon \ud83d\ude28|move: Protect\n|-damage|p1a: Regular Mane|62\/100\n|move|p1a: Regular Mane|Icy Wind|p2a: ALETEAPEL0TAS|[spread] p2a,p2b\n|-resisted|p2a: ALETEAPEL0TAS\n|-supereffective|p2b: EL TOXICO DE TU EX\n|-damage|p2a: ALETEAPEL0TAS|97\/100\n|-damage|p2b: EL TOXICO DE TU EX|90\/100\n|-unboost|p2a: ALETEAPEL0TAS|spe|1\n|-unboost|p2b: EL TOXICO DE TU EX|spe|1\n|move|p2b: EL TOXICO DE TU EX|Foul Play|p1a: Regular Mane\n|-supereffective|p1a: Regular Mane\n|-damage|p1a: Regular Mane|41\/100\n|\n|-heal|p2b: EL TOXICO DE TU EX|96\/100|[from] item: Leftovers\n|upkeep\n|turn|2\n|\n|t:|1683413012\n|-end|p2a: ALETEAPEL0TAS|Protosynthesis|[silent]\n|switch|p2a: GALVAN|Kingambit, L50, F|100\/100\n|move|p1b: Scary dragon \ud83d\ude28|Earthquake|p2b: EL TOXICO DE TU EX|[spread] p2a,p2b\n|-immune|p1a: Regular Mane|[from] ability: Levitate\n|-supereffective|p2a: GALVAN\n|-resisted|p2b: EL TOXICO DE TU EX\n|-damage|p2a: GALVAN|59\/100\n|-damage|p2b: EL TOXICO DE TU EX|86\/100\n|move|p1a: Regular Mane|Pain Split|p2b: EL TOXICO DE TU EX\n|-sethp|p2b: EL TOXICO DE TU EX|61\/100|[from] move: Pain Split|[silent]\n|-sethp|p1a: Regular Mane|70\/100|[from] move: Pain Split\n|move|p2b: EL TOXICO DE TU EX|Leech Seed|p1a: Regular Mane\n|-start|p1a: Regular Mane|move: Leech Seed\n|\n|-heal|p2b: EL TOXICO DE TU EX|67\/100|[from] item: Leftovers\n|-damage|p1a: Regular Mane|58\/100|[from] Leech Seed|[of] p2b: EL TOXICO DE TU EX\n|-heal|p2b: EL TOXICO DE TU EX|78\/100|[silent]\n|upkeep\n|turn|3\n|\n|t:|1683413041\n|move|p1b: Scary dragon \ud83d\ude28|Acrobatics|p2b: EL TOXICO DE TU EX\n|-supereffective|p2b: EL TOXICO DE TU EX\n|-damage|p2b: EL TOXICO DE TU EX|11\/100\n|move|p1a: Regular Mane|Will-O-Wisp|p2a: GALVAN|[miss]\n|-miss|p1a: Regular Mane|p2a: GALVAN\n|move|p2a: GALVAN|Iron Head|p1b: Scary dragon \ud83d\ude28\n|-crit|p1b: Scary dragon \ud83d\ude28\n|-damage|p1b: Scary dragon \ud83d\ude28|27\/100\n|move|p2b: EL TOXICO DE TU EX|Leech Seed|p1b: Scary dragon \ud83d\ude28\n|-start|p1b: Scary dragon \ud83d\ude28|move: Leech Seed\n|\n|-heal|p2b: EL TOXICO DE TU EX|17\/100|[from] item: Leftovers\n|-damage|p1b: Scary dragon \ud83d\ude28|15\/100|[from] Leech Seed|[of] p2b: EL TOXICO DE TU EX\n|-heal|p2b: EL TOXICO DE TU EX|29\/100|[silent]\n|-damage|p1a: Regular Mane|46\/100|[from] Leech Seed|[of] p2b: EL TOXICO DE TU EX\n|-heal|p2b: EL TOXICO DE TU EX|39\/100|[silent]\n|upkeep\n|turn|4\n|\n|t:|1683413069\n|move|p2b: EL TOXICO DE TU EX|Protect|p2b: EL TOXICO DE TU EX\n|-singleturn|p2b: EL TOXICO DE TU EX|Protect\n|move|p1b: Scary dragon \ud83d\ude28|Acrobatics|p2b: EL TOXICO DE TU EX\n|-activate|p2b: EL TOXICO DE TU EX|move: Protect\n|move|p1a: Regular Mane|Will-O-Wisp|p2a: GALVAN\n|-status|p2a: GALVAN|brn\n|move|p2a: GALVAN|Swords Dance|p2a: GALVAN\n|-boost|p2a: GALVAN|atk|2\n|\n|-heal|p2b: EL TOXICO DE TU EX|45\/100|[from] item: Leftovers\n|-damage|p1b: Scary dragon \ud83d\ude28|3\/100|[from] Leech Seed|[of] p2b: EL TOXICO DE TU EX\n|-heal|p2b: EL TOXICO DE TU EX|57\/100|[silent]\n|-damage|p1a: Regular Mane|34\/100|[from] Leech Seed|[of] p2b: EL TOXICO DE TU EX\n|-heal|p2b: EL TOXICO DE TU EX|67\/100|[silent]\n|-damage|p2a: GALVAN|53\/100 brn|[from] brn\n|upkeep\n|turn|5\n|\n|t:|1683413086\n|-end|p1b: Scary dragon \ud83d\ude28|Protosynthesis|[silent]\n|switch|p1b: I'm with stupid|Tatsugiri-Droopy, L50, F, shiny|100\/100\n|switch|p1a: Donbozo|Dondozo, L50, F, shiny|100\/100\n|-activate|p1b: I'm with stupid|ability: Commander|[of] p1a: Donbozo\n|-boost|p1a: Donbozo|atk|2\n|-boost|p1a: Donbozo|spa|2\n|-boost|p1a: Donbozo|spe|2\n|-boost|p1a: Donbozo|def|2\n|-boost|p1a: Donbozo|spd|2\n|move|p2a: GALVAN|Sucker Punch||[still]\n|-fail|p2a: GALVAN\n|move|p2b: EL TOXICO DE TU EX|Pollen Puff|p2a: GALVAN\n|-heal|p2a: GALVAN|100\/100 brn\n|\n|-heal|p2b: EL TOXICO DE TU EX|73\/100|[from] item: Leftovers\n|-damage|p2a: GALVAN|95\/100 brn|[from] brn\n|upkeep\n|turn|6\n|\n|t:|1683413095\n|move|p1a: Donbozo|Substitute|p1a: Donbozo\n|-start|p1a: Donbozo|Substitute\n|-damage|p1a: Donbozo|76\/100\n|move|p2a: GALVAN|Swords Dance|p2a: GALVAN\n|-boost|p2a: GALVAN|atk|2\n|move|p2b: EL TOXICO DE TU EX|Leech Seed||[still]\n|-fail|p2b: EL TOXICO DE TU EX\n|\n|-heal|p1a: Donbozo|82\/100|[from] item: Leftovers\n|-heal|p2b: EL TOXICO DE TU EX|80\/100|[from] item: Leftovers\n|-damage|p2a: GALVAN|89\/100 brn|[from] brn\n|upkeep\n|turn|7\n|\n|t:|1683413102\n|move|p1a: Donbozo|Body Press|p2a: GALVAN\n|-supereffective|p2a: GALVAN\n|-damage|p2a: GALVAN|0 fnt\n|faint|p2a: GALVAN\n|move|p2b: EL TOXICO DE TU EX|Foul Play|p1a: Donbozo\n|-activate|p1a: Donbozo|move: Substitute|[damage]\n|\n|-heal|p1a: Donbozo|88\/100|[from] item: Leftovers\n|-heal|p2b: EL TOXICO DE TU EX|86\/100|[from] item: Leftovers\n|upkeep\n|\n|t:|1683413107\n|switch|p2a: NEMO|Chi-Yu, L50|100\/100\n|-ability|p2a: NEMO|Beads of Ruin\n|turn|8\n|\n|t:|1683413113\n|move|p2a: NEMO|Dark Pulse|p1a: Donbozo\n|-end|p1a: Donbozo|Substitute\n|move|p1a: Donbozo|Body Press|p2a: NEMO\n|-supereffective|p2a: NEMO\n|-damage|p2a: NEMO|0 fnt\n|faint|p2a: NEMO\n|move|p2b: EL TOXICO DE TU EX|Foul Play|p1a: Donbozo\n|-damage|p1a: Donbozo|80\/100\n|\n|-heal|p1a: Donbozo|86\/100|[from] item: Leftovers\n|-heal|p2b: EL TOXICO DE TU EX|92\/100|[from] item: Leftovers\n|upkeep\n|\n|t:|1683413116\n|switch|p2a: ALETEAPEL0TAS|Flutter Mane, L50, tera:Water|97\/100\n|turn|9\n|\n|t:|1683413129\n|-terastallize|p1a: Donbozo|Steel\n|move|p2a: ALETEAPEL0TAS|Moonblast|p1a: Donbozo\n|-resisted|p1a: Donbozo\n|-damage|p1a: Donbozo|67\/100\n|-unboost|p1a: Donbozo|spa|1\n|move|p1a: Donbozo|Body Press|p2a: ALETEAPEL0TAS\n|-damage|p2a: ALETEAPEL0TAS|15\/100\n|move|p2b: EL TOXICO DE TU EX|Leech Seed|p1a: Donbozo\n|-start|p1a: Donbozo|move: Leech Seed\n|\n|-heal|p1a: Donbozo|73\/100|[from] item: Leftovers\n|-heal|p2b: EL TOXICO DE TU EX|98\/100|[from] item: Leftovers\n|-damage|p1a: Donbozo|61\/100|[from] Leech Seed|[of] p2b: EL TOXICO DE TU EX\n|-heal|p2b: EL TOXICO DE TU EX|100\/100|[silent]\n|upkeep\n|turn|10\n|\n|t:|1683413142\n|move|p2a: ALETEAPEL0TAS|Moonblast|p1a: Donbozo\n|-resisted|p1a: Donbozo\n|-damage|p1a: Donbozo|42\/100\n|move|p1a: Donbozo|Order Up|p2a: ALETEAPEL0TAS\n|-damage|p2a: ALETEAPEL0TAS|0 fnt\n|faint|p2a: ALETEAPEL0TAS\n|-end|p2a: ALETEAPEL0TAS|Protosynthesis|[silent]\n|-boost|p1a: Donbozo|def|1\n|move|p2b: EL TOXICO DE TU EX|Foul Play|p1a: Donbozo\n|-damage|p1a: Donbozo|35\/100\n|\n|-heal|p1a: Donbozo|41\/100|[from] item: Leftovers\n|-damage|p1a: Donbozo|29\/100|[from] Leech Seed|[of] p2b: EL TOXICO DE TU EX\n|upkeep\n|turn|11\n|\n|t:|1683413155\n|move|p1a: Donbozo|Body Press|p2b: EL TOXICO DE TU EX\n|-supereffective|p2b: EL TOXICO DE TU EX\n|-damage|p2b: EL TOXICO DE TU EX|21\/100\n|move|p2b: EL TOXICO DE TU EX|Foul Play|p1a: Donbozo\n|-damage|p1a: Donbozo|23\/100\n|\n|-heal|p1a: Donbozo|29\/100|[from] item: Leftovers\n|-heal|p2b: EL TOXICO DE TU EX|28\/100|[from] item: Leftovers\n|-damage|p1a: Donbozo|17\/100|[from] Leech Seed|[of] p2b: EL TOXICO DE TU EX\n|-heal|p2b: EL TOXICO DE TU EX|44\/100|[silent]\n|upkeep\n|turn|12\n|\n|t:|1683413159\n|move|p2b: EL TOXICO DE TU EX|Protect|p2b: EL TOXICO DE TU EX\n|-singleturn|p2b: EL TOXICO DE TU EX|Protect\n|move|p1a: Donbozo|Body Press|p2b: EL TOXICO DE TU EX\n|-activate|p2b: EL TOXICO DE TU EX|move: Protect\n|\n|-heal|p1a: Donbozo|22\/100|[from] item: Leftovers\n|-heal|p2b: EL TOXICO DE TU EX|50\/100|[from] item: Leftovers\n|-damage|p1a: Donbozo|10\/100|[from] Leech Seed|[of] p2b: EL TOXICO DE TU EX\n|-heal|p2b: EL TOXICO DE TU EX|66\/100|[silent]\n|upkeep\n|turn|13\n|c|\u2606Wormfury|Gg\n|\n|t:|1683413164\n|move|p2b: EL TOXICO DE TU EX|Protect||[still]\n|-fail|p2b: EL TOXICO DE TU EX\n|move|p1a: Donbozo|Body Press|p2b: EL TOXICO DE TU EX\n|-supereffective|p2b: EL TOXICO DE TU EX\n|-damage|p2b: EL TOXICO DE TU EX|0 fnt\n|faint|p2b: EL TOXICO DE TU EX\n|\n|win|Wormfury\n|raw|Wormfury's rating: 1299 → 1320<\/strong> (+21 for winning)\n|raw|Tirad V's rating: 1242 → 1221<\/strong> (-21 for losing)\n|c|\u2606Wormfury|Nice set\n|c|\u2606Tirad V|thanks\n|l|\u2606Tirad V\n","uploadtime":1683413185,"views":6,"p1id":"wormfury","p2id":"tiradv","formatid":"gen9vgc2023regulationc","rating":1221,"private":0,"password":""}