{"id":"gen9vgc2023regulationc-1846602844","p1":"vivian20","p2":"Uao","format":"[Gen 9] VGC 2023 Regulation C","log":"|j|\u2606vivian20\n|j|\u2606Uao\n|t:|1681856167\n|gametype|doubles\n|player|p1|vivian20|1|1404\n|player|p2|Uao|chili|1394\n|teamsize|p1|6\n|teamsize|p2|6\n|gen|9\n|tier|[Gen 9] VGC 2023 Regulation C\n|rated|\n|rule|Species Clause: Limit one of each Pok\u00e9mon\n|rule|Item Clause: Limit one of each item\n|clearpoke\n|poke|p1|Glimmora, L50, M|\n|poke|p1|Flutter Mane, L50|\n|poke|p1|Tatsugiri, L50, F|\n|poke|p1|Dondozo, L50, M|\n|poke|p1|Arcanine, L50, F|\n|poke|p1|Wo-Chien, L50|\n|poke|p2|Sandy Shocks, L50|\n|poke|p2|Torkoal, L50, F|\n|poke|p2|Lilligant, L50, F|\n|poke|p2|Flutter Mane, L50|\n|poke|p2|Garganacl, L50, M|\n|poke|p2|Dragapult, L50, F|\n|teampreview|4\nvivian20 has agreed to open team sheets.\nUao has agreed to open team sheets.\n|c|\u2606Uao|why don't you put Hex on FlutterMane?\n|c|\u2606Uao|you already have poson and burn to spread\n|inactive|Battle timer is ON: inactive players will automatically lose when time's up. (requested by vivian20)\n|c|\u2606vivian20|nobody put hex\n|inactive|Uao has 60 seconds left.\n|inactive|Uao has 30 seconds left.\n|inactive|Uao has 20 seconds left.\n|inactive|Uao has 15 seconds left.\n|inactive|Uao has 10 seconds left.\n|inactive|Uao has 5 seconds left.\n|\n|t:|1681856356\n|start\n|switch|p1a: Arcanine|Arcanine, L50, F|100\/100\n|switch|p1b: Wo-Chien|Wo-Chien, L50|100\/100\n|switch|p2a: Whip|Lilligant, L50, F|100\/100\n|switch|p2b: Smoky|Torkoal, L50, F|100\/100\n|-ability|p1a: Arcanine|Intimidate|boost\n|-unboost|p2a: Whip|atk|1\n|-unboost|p2b: Smoky|atk|1\n|-enditem|p2b: Smoky|Eject Pack\n|inactive|Uao has 30 seconds left.\n|j| sadgirl23\n|\n|t:|1681856391\n|switch|p2b: Shitcraft|Garganacl, L50, M|100\/100\n|-ability|p1b: Wo-Chien|Tablets of Ruin\n|turn|1\n|\n|t:|1681856413\n|move|p2a: Whip|Protect|p2a: Whip\n|-singleturn|p2a: Whip|Protect\n|move|p1a: Arcanine|Snarl|p2b: Shitcraft|[spread] p2b\n|-activate|p2a: Whip|move: Protect\n|-damage|p2b: Shitcraft|95\/100\n|-unboost|p2b: Shitcraft|spa|1\n|move|p1b: Wo-Chien|Leech Seed|p2b: Shitcraft\n|-start|p2b: Shitcraft|move: Leech Seed\n|move|p2b: Shitcraft|Iron Defense|p2b: Shitcraft\n|-boost|p2b: Shitcraft|def|2\n|\n|-heal|p2b: Shitcraft|100\/100|[from] item: Leftovers\n|-damage|p2b: Shitcraft|88\/100|[from] Leech Seed|[of] p1b: Wo-Chien\n|upkeep\n|turn|2\n|inactive|vivian20 has 30 seconds left.\n|inactive|Uao has 30 seconds left.\n|inactive|vivian20 has 20 seconds left.\n|inactive|Uao has 20 seconds left.\n|inactive|Uao has 15 seconds left.\n|\n|t:|1681856456\n|switch|p2a: Smoky|Torkoal, L50, F|100\/100\n|-weather|SunnyDay|[from] ability: Drought|[of] p2a: Smoky\n|move|p1a: Arcanine|Snarl|p2b: Shitcraft|[spread] p2a,p2b\n|-damage|p2a: Smoky|89\/100\n|-damage|p2b: Shitcraft|83\/100\n|-unboost|p2a: Smoky|spa|1\n|-unboost|p2b: Shitcraft|spa|1\n|move|p1b: Wo-Chien|Snarl|p2a: Smoky|[spread] p2a,p2b\n|-damage|p2a: Smoky|72\/100\n|-damage|p2b: Shitcraft|73\/100\n|-unboost|p2a: Smoky|spa|1\n|-unboost|p2b: Shitcraft|spa|1\n|move|p2b: Shitcraft|Iron Defense|p2b: Shitcraft\n|-boost|p2b: Shitcraft|def|2\n|\n|-weather|SunnyDay|[upkeep]\n|-heal|p2b: Shitcraft|79\/100|[from] item: Leftovers\n|-damage|p2b: Shitcraft|67\/100|[from] Leech Seed|[of] p1b: Wo-Chien\n|upkeep\n|turn|3\n|inactive|vivian20 has 30 seconds left.\n|inactive|vivian20 has 20 seconds left.\n|inactive|vivian20 has 15 seconds left.\n|inactive|Uao has 30 seconds left.\n|\n|t:|1681856504\n|switch|p1a: Dondozo|Dondozo, L50, M|100\/100\n|switch|p1b: Tatsugiri|Tatsugiri, L50, F|100\/100\n|-activate|p1b: Tatsugiri|ability: Commander|[of] p1a: Dondozo\n|-boost|p1a: Dondozo|atk|2\n|-boost|p1a: Dondozo|spa|2\n|-boost|p1a: Dondozo|spe|2\n|-boost|p1a: Dondozo|def|2\n|-boost|p1a: Dondozo|spd|2\n|move|p2b: Shitcraft|Body Press|p1a: Dondozo\n|-damage|p1a: Dondozo|92\/100\n|move|p2a: Smoky|Overheat|p1b: Tatsugiri|[miss]\n|-miss|p2a: Smoky|p1b: Tatsugiri\n|\n|-weather|SunnyDay|[upkeep]\n|-heal|p2b: Shitcraft|72\/100|[from] item: Leftovers\n|-damage|p2b: Shitcraft|60\/100|[from] Leech Seed|[of] p1b: Tatsugiri\n|upkeep\n|turn|4\n|inactive|Uao has 30 seconds left.\n|inactive|Uao has 20 seconds left.\n|\n|t:|1681856541\n|switch|p2a: Whip|Lilligant, L50, F|100\/100\n|-terastallize|p2b: Shitcraft|Grass\n|move|p1a: Dondozo|Earthquake|p2a: Whip|[spread] p2a,p2b\n|-miss|p1a: Dondozo|p1b: Tatsugiri\n|-resisted|p2a: Whip\n|-resisted|p2b: Shitcraft\n|-damage|p2a: Whip|67\/100\n|-damage|p2b: Shitcraft|47\/100\n|move|p2b: Shitcraft|Recover|p2b: Shitcraft\n|-heal|p2b: Shitcraft|97\/100\n|\n|-weather|SunnyDay|[upkeep]\n|-heal|p2b: Shitcraft|100\/100|[from] item: Leftovers\n|-damage|p2b: Shitcraft|88\/100|[from] Leech Seed|[of] p1b: Tatsugiri\n|upkeep\n|turn|5\n|\n|t:|1681856562\n|move|p1a: Dondozo|Protect|p1a: Dondozo\n|-singleturn|p1a: Dondozo|Protect\n|move|p2a: Whip|Sleep Powder|p1a: Dondozo\n|-activate|p1a: Dondozo|move: Protect\n|move|p2b: Shitcraft|Salt Cure|p1a: Dondozo\n|-activate|p1a: Dondozo|move: Protect\n|\n|-weather|SunnyDay|[upkeep]\n|-heal|p2b: Shitcraft|94\/100|[from] item: Leftovers\n|-damage|p2b: Shitcraft|82\/100|[from] Leech Seed|[of] p1b: Tatsugiri\n|upkeep\n|turn|6\n|inactive|vivian20 has 30 seconds left.\n|\n|t:|1681856588\n|move|p2a: Whip|Sleep Powder|p1a: Dondozo\n|-status|p1a: Dondozo|slp|[from] move: Sleep Powder\n|cant|p1a: Dondozo|slp\n|move|p2b: Shitcraft|Salt Cure|p1a: Dondozo\n|-damage|p1a: Dondozo|86\/100 slp\n|-start|p1a: Dondozo|Salt Cure\n|\n|-weather|none\n|-heal|p2b: Shitcraft|88\/100|[from] item: Leftovers\n|-damage|p2b: Shitcraft|76\/100|[from] Leech Seed|[of] p1b: Tatsugiri\n|-damage|p1a: Dondozo|62\/100 slp|[from] Salt Cure\n|upkeep\n|turn|7\n|inactive|Uao has 30 seconds left.\n|inactive|Uao has 20 seconds left.\n|inactive|Uao has 15 seconds left.\n|inactive|Uao has 10 seconds left.\n|\n|t:|1681856637\n|move|p2a: Whip|Protect|p2a: Whip\n|-singleturn|p2a: Whip|Protect\n|cant|p1a: Dondozo|slp\n|move|p2b: Shitcraft|Iron Defense|p2b: Shitcraft\n|-boost|p2b: Shitcraft|def|2\n|\n|-heal|p2b: Shitcraft|82\/100|[from] item: Leftovers\n|-damage|p2b: Shitcraft|70\/100|[from] Leech Seed|[of] p1b: Tatsugiri\n|-damage|p1a: Dondozo|37\/100 slp|[from] Salt Cure\n|upkeep\n|turn|8\n|inactive|Uao has 30 seconds left.\n|\n|t:|1681856670\n|-curestatus|p1a: Dondozo|slp|[msg]\n|move|p1a: Dondozo|Wave Crash|p2a: Whip\n|-resisted|p2a: Whip\n|-damage|p2a: Whip|0 fnt\n|faint|p2a: Whip\n|-damage|p1a: Dondozo|23\/100|[from] Recoil\n|-enditem|p1a: Dondozo|Aguav Berry|[eat]\n|-heal|p1a: Dondozo|56\/100|[from] item: Aguav Berry\n|move|p2b: Shitcraft|Recover|p2b: Shitcraft\n|-heal|p2b: Shitcraft|100\/100\n|\n|-damage|p2b: Shitcraft|88\/100|[from] Leech Seed|[of] p1b: Tatsugiri\n|-damage|p1a: Dondozo|31\/100|[from] Salt Cure\n|upkeep\n|\n|t:|1681856692\n|switch|p2a: Frida Kalo|Flutter Mane, L50|100\/100\n|turn|9\n|inactive|Uao has 30 seconds left.\n|inactive|Uao has 20 seconds left.\n|inactive|Uao has 15 seconds left.\n|\n|t:|1681856735\n|move|p2a: Frida Kalo|Moonblast|p1a: Dondozo\n|-damage|p1a: Dondozo|3\/100\n|-unboost|p1a: Dondozo|spa|1\n|-damage|p2a: Frida Kalo|91\/100|[from] item: Life Orb\n|move|p1a: Dondozo|Wave Crash|p2a: Frida Kalo\n|-damage|p2a: Frida Kalo|0 fnt\n|faint|p2a: Frida Kalo\n|-end|p2a: Frida Kalo|Protosynthesis|[silent]\n|-damage|p1a: Dondozo|0 fnt|[from] Recoil\n|faint|p1a: Dondozo\n|move|p2b: Shitcraft|Body Press|p1b: Tatsugiri\n|-damage|p1b: Tatsugiri|0 fnt\n|faint|p1b: Tatsugiri\n|\n|-heal|p2b: Shitcraft|94\/100|[from] item: Leftovers\n|upkeep\n|\n|t:|1681856757\n|switch|p2a: Smoky|Torkoal, L50, F|72\/100\n|switch|p1b: Wo-Chien|Wo-Chien, L50|100\/100\n|switch|p1a: Arcanine|Arcanine, L50, F|100\/100\n|-ability|p1a: Arcanine|Intimidate|boost\n|-unboost|p2a: Smoky|atk|1\n|-unboost|p2b: Shitcraft|atk|1\n|-ability|p1b: Wo-Chien|Tablets of Ruin\n|-weather|SunnyDay|[from] ability: Drought|[of] p2a: Smoky\n|turn|10\n|inactive|vivian20 has 30 seconds left.\n|\n|t:|1681856785\n|-terastallize|p1b: Wo-Chien|Poison\n|move|p1a: Arcanine|Snarl|p2a: Smoky|[spread] p2a,p2b\n|-damage|p2a: Smoky|61\/100\n|-damage|p2b: Shitcraft|89\/100\n|-unboost|p2a: Smoky|spa|1\n|-unboost|p2b: Shitcraft|spa|1\n|move|p1b: Wo-Chien|Leech Seed|p2a: Smoky\n|-start|p2a: Smoky|move: Leech Seed\n|move|p2b: Shitcraft|Body Press|p1a: Arcanine\n|-damage|p1a: Arcanine|32\/100\n|move|p2a: Smoky|Eruption|p1a: Arcanine|[spread] p1a,p1b\n|-resisted|p1a: Arcanine\n|-damage|p1a: Arcanine|19\/100\n|-damage|p1b: Wo-Chien|82\/100\n|\n|-weather|SunnyDay|[upkeep]\n|-heal|p1b: Wo-Chien|88\/100|[from] item: Leftovers\n|-heal|p2b: Shitcraft|95\/100|[from] item: Leftovers\n|-damage|p2b: Shitcraft|83\/100|[from] Leech Seed|[of] p1b: Wo-Chien\n|-heal|p1b: Wo-Chien|100\/100|[silent]\n|-damage|p2a: Smoky|49\/100|[from] Leech Seed|[of] p1b: Wo-Chien\n|upkeep\n|turn|11\n|inactive|vivian20 has 30 seconds left.\n|inactive|Uao has 30 seconds left.\n|\n|t:|1681856819\n|move|p1a: Arcanine|Snarl|p2a: Smoky|[spread] p2a,p2b\n|-damage|p2a: Smoky|37\/100\n|-damage|p2b: Shitcraft|77\/100\n|-unboost|p2a: Smoky|spa|1\n|-unboost|p2b: Shitcraft|spa|1\n|move|p1b: Wo-Chien|Pollen Puff|p2b: Shitcraft\n|-supereffective|p2b: Shitcraft\n|-damage|p2b: Shitcraft|52\/100\n|move|p2b: Shitcraft|Body Press|p1a: Arcanine\n|-damage|p1a: Arcanine|0 fnt\n|faint|p1a: Arcanine\n|move|p2a: Smoky|Eruption|p1b: Wo-Chien\n|-damage|p1b: Wo-Chien|89\/100\n|\n|-weather|SunnyDay|[upkeep]\n|-heal|p1b: Wo-Chien|95\/100|[from] item: Leftovers\n|-heal|p2b: Shitcraft|58\/100|[from] item: Leftovers\n|-damage|p2b: Shitcraft|45\/100|[from] Leech Seed|[of] p1b: Wo-Chien\n|-heal|p1b: Wo-Chien|100\/100|[silent]\n|-damage|p2a: Smoky|24\/100|[from] Leech Seed|[of] p1b: Wo-Chien\n|upkeep\n|turn|12\n|inactive|Uao has 30 seconds left.\n|\n|t:|1681856840\n|move|p1b: Wo-Chien|Pollen Puff|p2b: Shitcraft\n|-supereffective|p2b: Shitcraft\n|-damage|p2b: Shitcraft|17\/100\n|move|p2b: Shitcraft|Recover|p2b: Shitcraft\n|-heal|p2b: Shitcraft|68\/100\n|move|p2a: Smoky|Eruption|p1b: Wo-Chien\n|-damage|p1b: Wo-Chien|92\/100\n|\n|-weather|SunnyDay|[upkeep]\n|-heal|p1b: Wo-Chien|98\/100|[from] item: Leftovers\n|-heal|p2b: Shitcraft|73\/100|[from] item: Leftovers\n|-damage|p2b: Shitcraft|61\/100|[from] Leech Seed|[of] p1b: Wo-Chien\n|-heal|p1b: Wo-Chien|100\/100|[silent]\n|-damage|p2a: Smoky|12\/100|[from] Leech Seed|[of] p1b: Wo-Chien\n|upkeep\n|turn|13\n|inactive|Uao has 30 seconds left this turn.\n|inactive|Uao has 20 seconds left.\n|inactive|Uao has 15 seconds left.\n|\n|t:|1681856856\n|move|p1b: Wo-Chien|Pollen Puff|p2b: Shitcraft\n|-supereffective|p2b: Shitcraft\n|-crit|p2b: Shitcraft\n|-damage|p2b: Shitcraft|23\/100\n|move|p2b: Shitcraft|Recover|p2b: Shitcraft\n|-heal|p2b: Shitcraft|73\/100\n|move|p2a: Smoky|Overheat|p1b: Wo-Chien\n|-damage|p1b: Wo-Chien|75\/100\n|-unboost|p2a: Smoky|spa|2\n|\n|-weather|SunnyDay|[upkeep]\n|-heal|p1b: Wo-Chien|81\/100|[from] item: Leftovers\n|-heal|p2b: Shitcraft|79\/100|[from] item: Leftovers\n|-damage|p2b: Shitcraft|67\/100|[from] Leech Seed|[of] p1b: Wo-Chien\n|-heal|p1b: Wo-Chien|94\/100|[silent]\n|-damage|p2a: Smoky|0 fnt|[from] Leech Seed|[of] p1b: Wo-Chien\n|-heal|p1b: Wo-Chien|100\/100|[silent]\n|faint|p2a: Smoky\n|upkeep\n|turn|14\n|inactive|Uao has 15 seconds left this turn.\n|inactive|Uao has 10 seconds left.\n|\n|t:|1681856873\n|move|p1b: Wo-Chien|Pollen Puff|p2b: Shitcraft\n|-supereffective|p2b: Shitcraft\n|-damage|p2b: Shitcraft|37\/100\n|move|p2b: Shitcraft|Salt Cure|p1b: Wo-Chien\n|-damage|p1b: Wo-Chien|95\/100\n|-start|p1b: Wo-Chien|Salt Cure\n|\n|-weather|none\n|-heal|p1b: Wo-Chien|100\/100|[from] item: Leftovers\n|-heal|p2b: Shitcraft|43\/100|[from] item: Leftovers\n|-damage|p2b: Shitcraft|30\/100|[from] Leech Seed|[of] p1b: Wo-Chien\n|-damage|p1b: Wo-Chien|88\/100|[from] Salt Cure\n|upkeep\n|turn|15\n|inactive|Uao has 10 seconds left this turn.\n|\n|t:|1681856888\n|move|p1b: Wo-Chien|Pollen Puff|p2b: Shitcraft\n|-supereffective|p2b: Shitcraft\n|-damage|p2b: Shitcraft|4\/100\n|move|p2b: Shitcraft|Recover|p2b: Shitcraft\n|-heal|p2b: Shitcraft|55\/100\n|\n|-heal|p1b: Wo-Chien|94\/100|[from] item: Leftovers\n|-heal|p2b: Shitcraft|60\/100|[from] item: Leftovers\n|-damage|p2b: Shitcraft|48\/100|[from] Leech Seed|[of] p1b: Wo-Chien\n|-heal|p1b: Wo-Chien|100\/100|[silent]\n|-damage|p1b: Wo-Chien|88\/100|[from] Salt Cure\n|upkeep\n|turn|16\n|inactive|Uao has 10 seconds left this turn.\n|\n|t:|1681856901\n|move|p1b: Wo-Chien|Pollen Puff|p2b: Shitcraft\n|-supereffective|p2b: Shitcraft\n|-damage|p2b: Shitcraft|22\/100\n|move|p2b: Shitcraft|Recover|p2b: Shitcraft\n|-heal|p2b: Shitcraft|72\/100\n|\n|-heal|p1b: Wo-Chien|94\/100|[from] item: Leftovers\n|-heal|p2b: Shitcraft|78\/100|[from] item: Leftovers\n|-damage|p2b: Shitcraft|66\/100|[from] Leech Seed|[of] p1b: Wo-Chien\n|-heal|p1b: Wo-Chien|100\/100|[silent]\n|-damage|p1b: Wo-Chien|88\/100|[from] Salt Cure\n|upkeep\n|turn|17\n|inactive|Uao has 10 seconds left this turn.\n|\n|t:|1681856913\n|move|p1b: Wo-Chien|Pollen Puff|p2b: Shitcraft\n|-supereffective|p2b: Shitcraft\n|-damage|p2b: Shitcraft|40\/100\n|move|p2b: Shitcraft|Body Press|p1b: Wo-Chien\n|-resisted|p1b: Wo-Chien\n|-damage|p1b: Wo-Chien|60\/100\n|\n|-heal|p1b: Wo-Chien|67\/100|[from] item: Leftovers\n|-heal|p2b: Shitcraft|46\/100|[from] item: Leftovers\n|-damage|p2b: Shitcraft|34\/100|[from] Leech Seed|[of] p1b: Wo-Chien\n|-heal|p1b: Wo-Chien|80\/100|[silent]\n|-damage|p1b: Wo-Chien|67\/100|[from] Salt Cure\n|upkeep\n|turn|18\n|inactive|Uao has 10 seconds left this turn.\n|\n|t:|1681856928\n|move|p1b: Wo-Chien|Pollen Puff|p2b: Shitcraft\n|-supereffective|p2b: Shitcraft\n|-damage|p2b: Shitcraft|8\/100\n|move|p2b: Shitcraft|Recover|p2b: Shitcraft\n|-heal|p2b: Shitcraft|58\/100\n|\n|-heal|p1b: Wo-Chien|73\/100|[from] item: Leftovers\n|-heal|p2b: Shitcraft|64\/100|[from] item: Leftovers\n|-damage|p2b: Shitcraft|52\/100|[from] Leech Seed|[of] p1b: Wo-Chien\n|-heal|p1b: Wo-Chien|86\/100|[silent]\n|-damage|p1b: Wo-Chien|74\/100|[from] Salt Cure\n|upkeep\n|turn|19\n|inactive|Uao has 10 seconds left this turn.\n|c|\u2606Uao|gg\n|\n|t:|1681856941\n|move|p1b: Wo-Chien|Pollen Puff|p2b: Shitcraft\n|-supereffective|p2b: Shitcraft\n|-damage|p2b: Shitcraft|23\/100\n|move|p2b: Shitcraft|Recover|p2b: Shitcraft\n|-heal|p2b: Shitcraft|73\/100\n|\n|-heal|p1b: Wo-Chien|80\/100|[from] item: Leftovers\n|-heal|p2b: Shitcraft|79\/100|[from] item: Leftovers\n|-damage|p2b: Shitcraft|67\/100|[from] Leech Seed|[of] p1b: Wo-Chien\n|-heal|p1b: Wo-Chien|93\/100|[silent]\n|-damage|p1b: Wo-Chien|81\/100|[from] Salt Cure\n|upkeep\n|turn|20\n|inactive|Uao has 10 seconds left this turn.\n|\n|t:|1681856954\n|move|p1b: Wo-Chien|Pollen Puff|p2b: Shitcraft\n|-supereffective|p2b: Shitcraft\n|-damage|p2b: Shitcraft|38\/100\n|move|p2b: Shitcraft|Body Press|p1b: Wo-Chien\n|-resisted|p1b: Wo-Chien\n|-damage|p1b: Wo-Chien|54\/100\n|\n|-heal|p1b: Wo-Chien|60\/100|[from] item: Leftovers\n|-heal|p2b: Shitcraft|43\/100|[from] item: Leftovers\n|-damage|p2b: Shitcraft|31\/100|[from] Leech Seed|[of] p1b: Wo-Chien\n|-heal|p1b: Wo-Chien|73\/100|[silent]\n|-damage|p1b: Wo-Chien|60\/100|[from] Salt Cure\n|upkeep\n|turn|21\n|inactive|Uao has 10 seconds left this turn.\n|\n|t:|1681856968\n|move|p1b: Wo-Chien|Pollen Puff|p2b: Shitcraft\n|-supereffective|p2b: Shitcraft\n|-damage|p2b: Shitcraft|2\/100\n|move|p2b: Shitcraft|Body Press|p1b: Wo-Chien\n|-resisted|p1b: Wo-Chien\n|-damage|p1b: Wo-Chien|35\/100\n|\n|-heal|p1b: Wo-Chien|41\/100|[from] item: Leftovers\n|-heal|p2b: Shitcraft|8\/100|[from] item: Leftovers\n|-damage|p2b: Shitcraft|0 fnt|[from] Leech Seed|[of] p1b: Wo-Chien\n|-heal|p1b: Wo-Chien|49\/100|[silent]\n|faint|p2b: Shitcraft\n|\n|win|vivian20\n|upkeep\n|inactive|Uao has 10 seconds left this turn.\n|raw|vivian20's rating: 1404 → 1423<\/strong> (+19 for winning)\n|raw|Uao's rating: 1394 → 1375<\/strong> (-19 for losing)\n|l|\u2606vivian20\n|l|\u2606Uao\n","uploadtime":1681857332,"views":8,"p1id":"vivian20","p2id":"uao","formatid":"gen9vgc2023regulationc","rating":1375,"private":0,"password":""}