{"id":"gen9vgc2023regulationc-1856642398","p1":"ToyDollRC","p2":"Wow_Yangg","format":"[Gen 9] VGC 2023 Regulation C","log":"|j|\u2606ToyDollRC\n|j|\u2606Wow_Yangg\n|t:|1683086814\n|gametype|doubles\n|player|p1|ToyDollRC|palmer|1306\n|player|p2|Wow_Yangg|fisherman-gen4|1392\n|teamsize|p1|6\n|teamsize|p2|6\n|gen|9\n|tier|[Gen 9] VGC 2023 Regulation C\n|rated|\n|rule|Species Clause: Limit one of each Pok\u00e9mon\n|rule|Item Clause: Limit one of each item\n|clearpoke\n|poke|p1|Arcanine, L50, M|\n|poke|p1|Palafin, L50, F|\n|poke|p1|Indeedee-F, L50, F|\n|poke|p1|Ting-Lu, L50|\n|poke|p1|Amoonguss, L50, F|\n|poke|p1|Armarouge, L50, F|\n|poke|p2|Glimmora, L50, F|\n|poke|p2|Dondozo, L50, M|\n|poke|p2|Tatsugiri, L50, F|\n|poke|p2|Dragonite, L50, F|\n|poke|p2|Iron Bundle, L50|\n|poke|p2|Chi-Yu, L50|\n|teampreview|4\n|inactive|Battle timer is ON: inactive players will automatically lose when time's up. (requested by ToyDollRC)\n|\n|t:|1683086934\n|start\n|switch|p1a: Armarouge|Armarouge, L50, F|100\/100\n|switch|p1b: Palafin|Palafin, L50, F|100\/100\n|switch|p2a: Dondozo|Dondozo, L50, M|100\/100\n|switch|p2b: Iron Bundle|Iron Bundle, L50|100\/100\n|-enditem|p2b: Iron Bundle|Booster Energy\n|-activate|p2b: Iron Bundle|ability: Quark Drive|[fromitem]\n|-start|p2b: Iron Bundle|quarkdrivespe\n|turn|1\n|\n|t:|1683086957\n|detailschange|p1b: Palafin|Palafin-Hero, L50, F\n|switch|p1b: Indeedee|Indeedee-F, L50, F|100\/100\n|-fieldstart|move: Psychic Terrain|[from] ability: Psychic Surge|[of] p1b: Indeedee\n|-enditem|p1b: Indeedee|Psychic Seed\n|-boost|p1b: Indeedee|spd|1|[from] item: Psychic Seed\n|-terastallize|p1a: Armarouge|Grass\n|move|p2b: Iron Bundle|Icy Wind|p1b: Indeedee|[spread] p1a,p1b\n|-supereffective|p1a: Armarouge\n|-damage|p1a: Armarouge|57\/100\n|-damage|p1b: Indeedee|90\/100\n|-unboost|p1b: Indeedee|spe|1\n|move|p2a: Dondozo|Wave Crash|p1a: Armarouge\n|-resisted|p1a: Armarouge\n|-damage|p1a: Armarouge|30\/100\n|-damage|p2a: Dondozo|94\/100|[from] Recoil\n|move|p1a: Armarouge|Trick Room|p1a: Armarouge\n|-fieldstart|move: Trick Room|[of] p1a: Armarouge\n|\n|upkeep\n|turn|2\n|inactive|Wow_Yangg has 30 seconds left.\n|inactive|Wow_Yangg has 20 seconds left.\n|\n|t:|1683086992\n|move|p2b: Iron Bundle|Protect|p2b: Iron Bundle\n|-singleturn|p2b: Iron Bundle|Protect\n|move|p1b: Indeedee|Heal Pulse|p1a: Armarouge\n|-heal|p1a: Armarouge|80\/100\n|move|p2a: Dondozo|Wave Crash|p1a: Armarouge\n|-resisted|p1a: Armarouge\n|-damage|p1a: Armarouge|51\/100\n|-damage|p2a: Dondozo|87\/100|[from] Recoil\n|move|p1a: Armarouge|Expanding Force|p2a: Dondozo|[spread] p2a\n|-activate|p2b: Iron Bundle|move: Protect\n|-damage|p2a: Dondozo|21\/100\n|\n|upkeep\n|turn|3\n|\n|t:|1683087004\n|move|p2a: Dondozo|Protect|p2a: Dondozo\n|-singleturn|p2a: Dondozo|Protect\n|move|p1b: Indeedee|Heal Pulse|p1a: Armarouge\n|-heal|p1a: Armarouge|100\/100\n|move|p1a: Armarouge|Expanding Force|p2a: Dondozo|[spread] p2b\n|-activate|p2a: Dondozo|move: Protect\n|-damage|p2b: Iron Bundle|0 fnt\n|faint|p2b: Iron Bundle\n|-end|p2b: Iron Bundle|Quark Drive|[silent]\n|\n|upkeep\n|\n|t:|1683087008\n|switch|p2b: Dragonite|Dragonite, L50, F|100\/100\n|turn|4\n|\n|t:|1683087017\n|switch|p2a: Chi-Yu|Chi-Yu, L50|100\/100\n|-ability|p2a: Chi-Yu|Beads of Ruin\n|move|p1b: Indeedee|Dazzling Gleam|p2a: Chi-Yu|[spread] p2a,p2b\n|-crit|p2a: Chi-Yu\n|-supereffective|p2b: Dragonite\n|-damage|p2a: Chi-Yu|75\/100\n|-damage|p2b: Dragonite|82\/100\n|move|p1a: Armarouge|Expanding Force|p2b: Dragonite|[spread] p2b\n|-immune|p2a: Chi-Yu\n|-damage|p2b: Dragonite|4\/100\n|move|p2b: Dragonite|Ice Spinner|p1a: Armarouge\n|-supereffective|p1a: Armarouge\n|-damage|p1a: Armarouge|16\/100\n|-fieldend|move: Psychic Terrain\n|\n|upkeep\n|turn|5\n|inactive|ToyDollRC has 30 seconds left.\n|\n|t:|1683087051\n|switch|p1a: Palafin|Palafin-Hero, L50, F|100\/100\n|-activate|p1a: Palafin|ability: Zero to Hero\n|switch|p2b: Dondozo|Dondozo, L50, M|21\/100\n|move|p1b: Indeedee|Dazzling Gleam|p2b: Dondozo|[spread] p2a,p2b\n|-damage|p2a: Chi-Yu|59\/100\n|-damage|p2b: Dondozo|1\/100\n|move|p2a: Chi-Yu|Dark Pulse|p1a: Palafin\n|-damage|p1a: Palafin|41\/100\n|\n|-fieldend|move: Trick Room\n|upkeep\n|turn|6\n|\n|t:|1683087072\n|-terastallize|p2a: Chi-Yu|Ghost\n|move|p1a: Palafin|Jet Punch|p2a: Chi-Yu\n|-damage|p2a: Chi-Yu|0 fnt\n|faint|p2a: Chi-Yu\n|move|p2b: Dondozo|Wave Crash|p1b: Indeedee\n|-damage|p1b: Indeedee|25\/100\n|-damage|p2b: Dondozo|0 fnt|[from] Recoil\n|faint|p2b: Dondozo\n|move|p1b: Indeedee|Heal Pulse|p1a: Palafin\n|-heal|p1a: Palafin|91\/100\n|\n|upkeep\n|\n|t:|1683087085\n|switch|p2b: Dragonite|Dragonite, L50, F|4\/100\n|turn|7\n|\n|t:|1683087088\n|move|p2b: Dragonite|Extreme Speed|p1b: Indeedee\n|-damage|p1b: Indeedee|0 fnt\n|faint|p1b: Indeedee\n|move|p1a: Palafin|Jet Punch|p2b: Dragonite\n|-resisted|p2b: Dragonite\n|-damage|p2b: Dragonite|0 fnt\n|faint|p2b: Dragonite\n|\n|win|ToyDollRC\n|raw|ToyDollRC's rating: 1306 → 1331<\/strong> (+25 for winning)\n|raw|Wow_Yangg's rating: 1392 → 1367<\/strong> (-25 for losing)\n","uploadtime":1683087092,"views":10,"p1id":"toydollrc","p2id":"wowyangg","formatid":"gen9vgc2023regulationc","rating":1331,"private":0,"password":""}