{"id":"gen9vgc2023regulationc-1853156964","p1":"my form empties","p2":"hunkachunktest","format":"[Gen 9] VGC 2023 Regulation C","log":"|j|\u2606my form empties\n|j|\u2606hunkachunktest\n|t:|1682642138\n|gametype|doubles\n|player|p1|my form empties|unknownf|1269\n|player|p2|hunkachunktest|101|1190\n|teamsize|p1|6\n|teamsize|p2|6\n|gen|9\n|tier|[Gen 9] VGC 2023 Regulation C\n|rated|\n|rule|Species Clause: Limit one of each Pok\u00e9mon\n|rule|Item Clause: Limit one of each item\n|clearpoke\n|poke|p1|Roaring Moon, L50|\n|poke|p1|Corviknight, L50, F|\n|poke|p1|Garchomp, L50, F|\n|poke|p1|Flutter Mane, L50|\n|poke|p1|Arcanine, L50, M|\n|poke|p1|Gyarados, L50, M|\n|poke|p2|Dragapult, L50, M|\n|poke|p2|Flutter Mane, L50|\n|poke|p2|Palafin, L50, F|\n|poke|p2|Chien-Pao, L50|\n|poke|p2|Amoonguss, L50, M|\n|poke|p2|Arcanine, L50, M|\n|teampreview|4\nmy form empties has agreed to open team sheets.\n|inactive|Battle timer is ON: inactive players will automatically lose when time's up. (requested by hunkachunktest)\n|\n|t:|1682642178\n|start\n|switch|p1a: Roaring Moon|Roaring Moon, L50|100\/100\n|switch|p1b: MINT JAMS|Flutter Mane, L50|100\/100\n|switch|p2a: Palafin|Palafin, L50, F|100\/100\n|switch|p2b: Flutter Mane|Flutter Mane, L50|100\/100\n|-enditem|p1a: Roaring Moon|Booster Energy\n|-activate|p1a: Roaring Moon|ability: Protosynthesis|[fromitem]\n|-start|p1a: Roaring Moon|protosynthesisspe\n|-enditem|p2b: Flutter Mane|Booster Energy\n|-activate|p2b: Flutter Mane|ability: Protosynthesis|[fromitem]\n|-start|p2b: Flutter Mane|protosynthesisspa\n|turn|1\n|\n|t:|1682642196\n|detailschange|p2a: Palafin|Palafin-Hero, L50, F\n|switch|p2a: Arcanine|Arcanine, L50, M|100\/100\n|-ability|p2a: Arcanine|Intimidate|boost\n|-unboost|p1a: Roaring Moon|atk|1\n|-unboost|p1b: MINT JAMS|atk|1\n|move|p2b: Flutter Mane|Protect|p2b: Flutter Mane\n|-singleturn|p2b: Flutter Mane|Protect\n|move|p1a: Roaring Moon|Throat Chop|p2b: Flutter Mane\n|-activate|p2b: Flutter Mane|move: Protect\n|move|p1b: MINT JAMS|Shadow Ball|p2b: Flutter Mane\n|-activate|p2b: Flutter Mane|move: Protect\n|\n|upkeep\n|turn|2\n|\n|t:|1682642215\n|-end|p2b: Flutter Mane|Protosynthesis|[silent]\n|switch|p2b: Amoonguss|Amoonguss, L50, M|100\/100\n|move|p1a: Roaring Moon|Throat Chop|p2b: Amoonguss\n|-damage|p2b: Amoonguss|77\/100\n|-start|p2b: Amoonguss|Throat Chop|[silent]\n|move|p1b: MINT JAMS|Shadow Ball|p2b: Amoonguss\n|-damage|p2b: Amoonguss|34\/100\n|-enditem|p2b: Amoonguss|Sitrus Berry|[eat]\n|-heal|p2b: Amoonguss|59\/100|[from] item: Sitrus Berry\n|move|p2a: Arcanine|Will-O-Wisp|p1a: Roaring Moon\n|-status|p1a: Roaring Moon|brn\n|\n|-damage|p1a: Roaring Moon|95\/100 brn|[from] brn\n|upkeep\n|turn|3\n|\n|t:|1682642236\n|switch|p2a: Palafin|Palafin-Hero, L50, F|100\/100\n|-activate|p2a: Palafin|ability: Zero to Hero\n|move|p2b: Amoonguss|Protect|p2b: Amoonguss\n|-singleturn|p2b: Amoonguss|Protect\n|move|p1a: Roaring Moon|Acrobatics|p2b: Amoonguss\n|-activate|p2b: Amoonguss|move: Protect\n|move|p1b: MINT JAMS|Shadow Ball|p2b: Amoonguss\n|-activate|p2b: Amoonguss|move: Protect\n|\n|-damage|p1a: Roaring Moon|89\/100 brn|[from] brn\n|-end|p2b: Amoonguss|Throat Chop|[silent]\n|upkeep\n|turn|4\n|\n|t:|1682642257\n|-end|p1b: MINT JAMS|Protosynthesis|[silent]\n|switch|p1b: Gyarados|Gyarados, L50, M|100\/100\n|-ability|p1b: Gyarados|Intimidate|boost\n|-unboost|p2a: Palafin|atk|1\n|-unboost|p2b: Amoonguss|atk|1\n|switch|p2b: Arcanine|Arcanine, L50, M|100\/100\n|-ability|p2b: Arcanine|Intimidate|boost\n|-unboost|p1a: Roaring Moon|atk|1\n|-unboost|p1b: Gyarados|atk|1\n|-terastallize|p1a: Roaring Moon|Flying\n|-terastallize|p2a: Palafin|Water\n|move|p2a: Palafin|Jet Punch|p1b: Gyarados\n|-resisted|p1b: Gyarados\n|-damage|p1b: Gyarados|80\/100\n|move|p1a: Roaring Moon|Acrobatics|p2b: Arcanine\n|-damage|p2b: Arcanine|83\/100\n|\n|-heal|p1b: Gyarados|86\/100|[from] item: Leftovers\n|-damage|p1a: Roaring Moon|83\/100 brn|[from] brn\n|upkeep\n|turn|5\n|\n|t:|1682642281\n|switch|p2a: Amoonguss|Amoonguss, L50, M|92\/100\n|move|p1a: Roaring Moon|Tailwind|p1a: Roaring Moon\n|-sidestart|p1: my form empties|move: Tailwind\n|move|p1b: Gyarados|Taunt|p2b: Arcanine\n|-start|p2b: Arcanine|move: Taunt\n|cant|p2b: Arcanine|move: Taunt|Will-O-Wisp\n|\n|-heal|p1b: Gyarados|92\/100|[from] item: Leftovers\n|-damage|p1a: Roaring Moon|77\/100 brn|[from] brn\n|upkeep\n|turn|6\n|\n|t:|1682642298\n|-end|p1a: Roaring Moon|Protosynthesis|[silent]\n|switch|p1a: Garchomp|Garchomp, L50, F|100\/100\n|switch|p2b: Palafin|Palafin-Hero, L50, F, tera:Water|100\/100\n|move|p2a: Amoonguss|Protect|p2a: Amoonguss\n|-singleturn|p2a: Amoonguss|Protect\n|move|p1b: Gyarados|Taunt|p2a: Amoonguss\n|-activate|p2a: Amoonguss|move: Protect\n|\n|-heal|p1b: Gyarados|98\/100|[from] item: Leftovers\n|upkeep\n|turn|7\n|\n|t:|1682642319\n|switch|p2a: Arcanine|Arcanine, L50, M|83\/100\n|-ability|p2a: Arcanine|Intimidate|boost\n|-fail|p1a: Garchomp|unboost|[from] item: Clear Amulet|[of] p1a: Garchomp\n|-unboost|p1b: Gyarados|atk|1\n|move|p1a: Garchomp|Earthquake|p2b: Palafin|[spread] p2a,p2b\n|-immune|p1b: Gyarados\n|-supereffective|p2a: Arcanine\n|-crit|p2b: Palafin\n|-damage|p2a: Arcanine|0 fnt\n|-damage|p2b: Palafin|43\/100\n|faint|p2a: Arcanine\n|move|p1b: Gyarados|Taunt|p2b: Palafin\n|-start|p2b: Palafin|move: Taunt\n|move|p2b: Palafin|Wave Crash|p1a: Garchomp\n|-damage|p1a: Garchomp|0 fnt\n|faint|p1a: Garchomp\n|-damage|p2b: Palafin|14\/100|[from] Recoil\n|\n|-heal|p1b: Gyarados|100\/100|[from] item: Leftovers\n|upkeep\n|\n|t:|1682642343\n|switch|p1a: Roaring Moon|Roaring Moon, L50, tera:Flying|77\/100 brn\n|switch|p2a: Amoonguss|Amoonguss, L50, M|100\/100\n|turn|8\n|\n|t:|1682642365\n|move|p2b: Palafin|Jet Punch|p1a: Roaring Moon\n|-damage|p1a: Roaring Moon|2\/100 brn\n|move|p1a: Roaring Moon|Acrobatics|p2b: Palafin\n|-damage|p2b: Palafin|0 fnt\n|faint|p2b: Palafin\n|move|p1b: Gyarados|Taunt|p2a: Amoonguss\n|-start|p2a: Amoonguss|move: Taunt\n|move|p2a: Amoonguss|Pollen Puff|p2: Palafin|[notarget]\n|-fail|p2a: Amoonguss\n|\n|-damage|p1a: Roaring Moon|0 fnt|[from] brn\n|faint|p1a: Roaring Moon\n|-end|p1a: Roaring Moon|Protosynthesis|[silent]\n|-sideend|p1: my form empties|move: Tailwind\n|upkeep\n|\n|t:|1682642380\n|switch|p1a: MINT JAMS|Flutter Mane, L50|100\/100\n|switch|p2b: Flutter Mane|Flutter Mane, L50|100\/100\n|turn|9\n|inactive|hunkachunktest has 30 seconds left.\n|\n|t:|1682642411\n|move|p2b: Flutter Mane|Protect|p2b: Flutter Mane\n|-singleturn|p2b: Flutter Mane|Protect\n|move|p1a: MINT JAMS|Shadow Ball|p2b: Flutter Mane\n|-activate|p2b: Flutter Mane|move: Protect\n|move|p1b: Gyarados|Thunder Wave|p2a: Amoonguss\n|-status|p2a: Amoonguss|par\n|cant|p2a: Amoonguss|par\n|\n|upkeep\n|turn|10\n|\n|t:|1682642425\n|move|p1a: MINT JAMS|Shadow Ball|p2b: Flutter Mane\n|-supereffective|p2b: Flutter Mane\n|-damage|p2b: Flutter Mane|4\/100\n|move|p2b: Flutter Mane|Shadow Ball|p1a: MINT JAMS\n|-supereffective|p1a: MINT JAMS\n|-damage|p1a: MINT JAMS|29\/100\n|move|p1b: Gyarados|Waterfall|p2b: Flutter Mane\n|-damage|p2b: Flutter Mane|0 fnt\n|faint|p2b: Flutter Mane\n|-end|p2b: Flutter Mane|Protosynthesis|[silent]\n|move|p2a: Amoonguss|Pollen Puff|p1a: MINT JAMS\n|-resisted|p1a: MINT JAMS\n|-damage|p1a: MINT JAMS|25\/100\n|\n|-end|p2a: Amoonguss|move: Taunt\n|upkeep\n|turn|11\n|-message|hunkachunktest forfeited.\n|\n|win|my form empties\n|raw|my form empties's rating: 1269 → 1288<\/strong> (+19 for winning)\n|raw|hunkachunktest's rating: 1190 → 1171<\/strong> (-19 for losing)\n|l|\u2606hunkachunktest\n","uploadtime":1682642440,"views":7,"p1id":"myformempties","p2id":"hunkachunktest","formatid":"gen9vgc2023regulationc","rating":1171,"private":0,"password":""}