{"id":"gen9vgc2023regulationc-1862925388","p1":"WaffleMoo","p2":"Frozen_ATM","format":"[Gen 9] VGC 2023 Regulation C","log":"|j|\u2606WaffleMoo\n|j|\u2606Frozen_ATM\n|t:|1683939251\n|gametype|doubles\n|player|p1|WaffleMoo|riley|\n|player|p2|Frozen_ATM|boarder|\n|teamsize|p1|6\n|teamsize|p2|6\n|gen|9\n|tier|[Gen 9] VGC 2023 Regulation C\n|rule|Species Clause: Limit one of each Pok\u00e9mon\n|rule|Item Clause: Limit one of each item\n|clearpoke\n|poke|p1|Palafin, L50, M|\n|poke|p1|Salamence, L50, F|\n|poke|p1|Tinkaton, L50, F|\n|poke|p1|Pelipper, L50, M|\n|poke|p1|Raichu, L50, M|\n|poke|p1|Florges, L50, F|\n|poke|p2|Iron Bundle, L50|\n|poke|p2|Bellibolt, L50, F|\n|poke|p2|Toxicroak, L50, M|\n|poke|p2|Pyroar, L50, M|\n|poke|p2|Kingambit, L50, M|\n|poke|p2|Rotom-Fan, L50|\n|teampreview|4\n|c|\u2606WaffleMoo|G1\n|c|\u2606Frozen_ATM|so is it just me whos Showdown now gets blasted with pop up ads\n|c|\u2606Frozen_ATM|which don't let you actually click stuff half the time\n|j| thefriending\n|c|\u2606WaffleMoo|I feel that\n|c| thefriending|ratio\n|c|\u2606WaffleMoo|Glhf\n|c|\u2606Frozen_ATM|glhf\n|j| GuardianofL1ght\n|\n|t:|1683939428\n|start\n|switch|p1a: Palafin|Palafin, L50, M|100\/100\n|switch|p1b: Raichu|Raichu, L50, M|100\/100\n|switch|p2a: Toxicroak|Toxicroak, L50, M|100\/100\n|switch|p2b: Kingambit|Kingambit, L50, M|100\/100\n|turn|1\n|\n|t:|1683939462\n|detailschange|p1a: Palafin|Palafin-Hero, L50, M\n|switch|p1a: Florges|Florges, L50, F, shiny|100\/100\n|move|p1b: Raichu|Fake Out|p2b: Kingambit\n|-resisted|p2b: Kingambit\n|-damage|p2b: Kingambit|97\/100\n|move|p2a: Toxicroak|Quick Guard|p2a: Toxicroak\n|-singleturn|p2a: Toxicroak|Quick Guard\n|cant|p2b: Kingambit|flinch\n|\n|-heal|p2b: Kingambit|100\/100|[from] item: Leftovers\n|upkeep\n|turn|2\n|c|\u2606Frozen_ATM|I'm dumb\n|c|\u2606Frozen_ATM|i thought it had priority\n|c|\u2606Frozen_ATM|oh it does\n|c|\u2606Frozen_ATM|just fake out is the same\n|\n|t:|1683939527\n|-terastallize|p1a: Florges|Water\n|move|p1b: Raichu|Nuzzle|p2a: Toxicroak\n|-damage|p2a: Toxicroak|90\/100\n|-status|p2a: Toxicroak|par\n|move|p1a: Florges|Chilling Water|p2b: Kingambit\n|-damage|p2b: Kingambit|79\/100\n|-unboost|p2b: Kingambit|atk|1\n|-ability|p2b: Kingambit|Defiant|boost\n|-boost|p2b: Kingambit|atk|2\n|move|p2a: Toxicroak|Rock Slide|p1b: Raichu|[spread] p1a\n|-miss|p2a: Toxicroak|p1b: Raichu\n|-damage|p1a: Florges|78\/100\n|move|p2b: Kingambit|Iron Head|p1a: Florges\n|-resisted|p1a: Florges\n|-damage|p1a: Florges|29\/100\n|\n|-heal|p2a: Toxicroak|96\/100 par|[from] item: Black Sludge\n|-heal|p2b: Kingambit|85\/100|[from] item: Leftovers\n|upkeep\n|turn|3\n|\n|t:|1683939563\n|move|p2b: Kingambit|Sucker Punch|p1b: Raichu\n|-enditem|p1b: Raichu|Focus Sash\n|-damage|p1b: Raichu|1\/100\n|move|p1b: Raichu|Nuzzle|p2b: Kingambit\n|-damage|p2b: Kingambit|80\/100\n|-status|p2b: Kingambit|par\n|move|p1a: Florges|Dazzling Gleam|p2b: Kingambit|[spread] p2a,p2b\n|-damage|p2a: Toxicroak|58\/100 par\n|-damage|p2b: Kingambit|57\/100 par\n|move|p2a: Toxicroak|Rock Slide|p1a: Florges|[spread] p1a,p1b\n|-damage|p1a: Florges|8\/100\n|-damage|p1b: Raichu|0 fnt\n|faint|p1b: Raichu\n|\n|-heal|p2a: Toxicroak|64\/100 par|[from] item: Black Sludge\n|-heal|p2b: Kingambit|62\/100 par|[from] item: Leftovers\n|upkeep\n|\n|t:|1683939584\n|switch|p1b: Salamence|Salamence, L50, F, shiny|100\/100\n|-ability|p1b: Salamence|Intimidate|boost\n|-unboost|p2a: Toxicroak|atk|1\n|-unboost|p2b: Kingambit|atk|1\n|-ability|p2b: Kingambit|Defiant|boost\n|-boost|p2b: Kingambit|atk|2\n|turn|4\n|\n|t:|1683939608\n|move|p1b: Salamence|Dragon Dance|p1b: Salamence\n|-boost|p1b: Salamence|atk|1\n|-boost|p1b: Salamence|spe|1\n|move|p1a: Florges|Dazzling Gleam|p2b: Kingambit|[spread] p2a,p2b\n|-damage|p2a: Toxicroak|26\/100 par\n|-damage|p2b: Kingambit|39\/100 par\n|move|p2a: Toxicroak|Rock Slide|p1b: Salamence|[spread] p1a,p1b\n|-supereffective|p1b: Salamence\n|-damage|p1a: Florges|0 fnt\n|-damage|p1b: Salamence|75\/100\n|faint|p1a: Florges\n|move|p2b: Kingambit|Kowtow Cleave|p1b: Salamence\n|-damage|p1b: Salamence|0 fnt\n|faint|p1b: Salamence\n|\n|-heal|p2a: Toxicroak|32\/100 par|[from] item: Black Sludge\n|-heal|p2b: Kingambit|45\/100 par|[from] item: Leftovers\n|upkeep\n|j| Memebasedgod\n|j| Toronto 6ix\n|\n|t:|1683939631\n|switch|p1a: Palafin|Palafin-Hero, L50, M|100\/100\n|-activate|p1a: Palafin|ability: Zero to Hero\n|turn|5\n|\n|t:|1683939644\n|cant|p2a: Toxicroak|par\n|move|p1a: Palafin|Close Combat|p2b: Kingambit\n|-supereffective|p2b: Kingambit\n|-damage|p2b: Kingambit|0 fnt\n|-unboost|p1a: Palafin|def|1\n|-unboost|p1a: Palafin|spd|1\n|faint|p2b: Kingambit\n|\n|-heal|p2a: Toxicroak|37\/100 par|[from] item: Black Sludge\n|upkeep\n|\n|t:|1683939653\n|switch|p2b: Iron Bundle|Iron Bundle, L50|100\/100\n|-enditem|p2b: Iron Bundle|Booster Energy\n|-activate|p2b: Iron Bundle|ability: Quark Drive|[fromitem]\n|-start|p2b: Iron Bundle|quarkdrivespa\n|turn|6\n|\n|t:|1683939668\n|switch|p2a: Bellibolt|Bellibolt, L50, F|100\/100\n|move|p2b: Iron Bundle|Freeze-Dry|p1a: Palafin\n|-supereffective|p1a: Palafin\n|-damage|p1a: Palafin|0 fnt\n|faint|p1a: Palafin\n|\n|win|Frozen_ATM\n|l| Toronto 6ix\n","uploadtime":1683939682,"views":9,"p1id":"wafflemoo","p2id":"frozenatm","formatid":"gen9vgc2023regulationc","rating":0,"private":0,"password":""}