{"id":"gen9vgc2023regulationc-1848831764","p1":"Kayden Mcguinness","p2":"kushsmoker68","format":"[Gen 9] VGC 2023 Regulation C","log":"|j|\u2606Kayden Mcguinness\n|j|\u2606kushsmoker68\n|t:|1682115202\n|gametype|doubles\n|player|p1|Kayden Mcguinness|drayden|1079\n|player|p2|kushsmoker68|clerkf|1096\n|teamsize|p1|6\n|teamsize|p2|6\n|gen|9\n|tier|[Gen 9] VGC 2023 Regulation C\n|rated|\n|rule|Species Clause: Limit one of each Pok\u00e9mon\n|rule|Item Clause: Limit one of each item\n|clearpoke\n|poke|p1|Flutter Mane, L50|\n|poke|p1|Amoonguss, L50, M|\n|poke|p1|Ting-Lu, L50|\n|poke|p1|Arcanine, L50, F|\n|poke|p1|Palafin, L50, M|\n|poke|p1|Iron Hands, L50|\n|poke|p2|Tatsugiri, L50, F|\n|poke|p2|Dondozo, L50, M|\n|poke|p2|Flutter Mane, L50|\n|poke|p2|Flamigo, L50, F|\n|poke|p2|Ceruledge, L50, M|\n|poke|p2|Maushold, L50|\n|teampreview|4\n|\n|t:|1682115220\n|start\n|switch|p1a: Amoonguss|Amoonguss, L50, M|100\/100\n|switch|p1b: Palafin|Palafin, L50, M|100\/100\n|switch|p2a: SUSHI!|Tatsugiri, L50, F|100\/100\n|switch|p2b: Lil Flutty Mane|Flutter Mane, L50|100\/100\n|-enditem|p2b: Lil Flutty Mane|Booster Energy\n|-activate|p2b: Lil Flutty Mane|ability: Protosynthesis|[fromitem]\n|-start|p2b: Lil Flutty Mane|protosynthesisspe\n|turn|1\n|\n|t:|1682115239\n|detailschange|p1b: Palafin|Palafin-Hero, L50, M\n|switch|p1b: Iron Hands|Iron Hands, L50|100\/100\n|move|p1a: Amoonguss|Protect|p1a: Amoonguss\n|-singleturn|p1a: Amoonguss|Protect\n|move|p2b: Lil Flutty Mane|Perish Song|p2b: Lil Flutty Mane\n|-start|p1a: Amoonguss|perish3|[silent]\n|-start|p1b: Iron Hands|perish3|[silent]\n|-start|p2a: SUSHI!|perish3|[silent]\n|-start|p2b: Lil Flutty Mane|perish3|[silent]\n|-fieldactivate|move: Perish Song\n|move|p2a: SUSHI!|Draco Meteor|p1a: Amoonguss\n|-activate|p1a: Amoonguss|move: Protect\n|\n|-start|p2b: Lil Flutty Mane|perish3\n|-start|p2a: SUSHI!|perish3\n|-start|p1b: Iron Hands|perish3\n|-start|p1a: Amoonguss|perish3\n|upkeep\n|turn|2\n|\n|t:|1682115268\n|-end|p1b: Iron Hands|Quark Drive|[silent]\n|switch|p1b: Palafin|Palafin-Hero, L50, M|100\/100\n|-activate|p1b: Palafin|ability: Zero to Hero\n|switch|p1a: Flutter Mane|Flutter Mane, L50|100\/100\n|-enditem|p1a: Flutter Mane|Booster Energy\n|-activate|p1a: Flutter Mane|ability: Protosynthesis|[fromitem]\n|-start|p1a: Flutter Mane|protosynthesisspe\n|move|p2b: Lil Flutty Mane|Moonblast|p1a: Flutter Mane\n|-damage|p1a: Flutter Mane|50\/100\n|move|p2a: SUSHI!|Draco Meteor|p1b: Palafin\n|-damage|p1b: Palafin|36\/100\n|-unboost|p2a: SUSHI!|spa|2\n|\n|-start|p2b: Lil Flutty Mane|perish2\n|-start|p2a: SUSHI!|perish2\n|upkeep\n|turn|3\n|\n|t:|1682115291\n|-end|p2b: Lil Flutty Mane|Protosynthesis|[silent]\n|switch|p2b: Donny D|Dondozo, L50, M|100\/100\n|-activate|p2a: SUSHI!|ability: Commander|[of] p2b: Donny D\n|-boost|p2b: Donny D|atk|2\n|-boost|p2b: Donny D|spa|2\n|-boost|p2b: Donny D|spe|2\n|-boost|p2b: Donny D|def|2\n|-boost|p2b: Donny D|spd|2\n|move|p1a: Flutter Mane|Protect|p1a: Flutter Mane\n|-singleturn|p1a: Flutter Mane|Protect\n|move|p1b: Palafin|Protect||[still]\n|-fail|p1b: Palafin\n|\n|-start|p2a: SUSHI!|perish1\n|upkeep\n|turn|4\n|\n|t:|1682115310\n|-terastallize|p1a: Flutter Mane|Fairy\n|move|p1a: Flutter Mane|Moonblast|p2b: Donny D\n|-damage|p2b: Donny D|72\/100\n|move|p2b: Donny D|Order Up|p1b: Palafin\n|-damage|p1b: Palafin|0 fnt\n|faint|p1b: Palafin\n|-boost|p2b: Donny D|atk|1\n|\n|-heal|p2b: Donny D|78\/100|[from] item: Leftovers\n|-start|p2a: SUSHI!|perish0\n|upkeep\n|faint|p2a: SUSHI!\n|\n|t:|1682115325\n|switch|p2a: Steve|Flamigo, L50, F|100\/100\n|switch|p1b: Iron Hands|Iron Hands, L50|100\/100\n|-copyboost|p2a: Steve|p2b: Donny D|[from] ability: Costar\n|turn|5\n|\n|t:|1682115336\n|-terastallize|p2a: Steve|Flying\n|move|p2a: Steve|Brave Bird|p1a: Flutter Mane\n|-damage|p1a: Flutter Mane|0 fnt\n|faint|p1a: Flutter Mane\n|-end|p1a: Flutter Mane|Protosynthesis|[silent]\n|-damage|p2a: Steve|87\/100|[from] Recoil\n|move|p2b: Donny D|Order Up|p1b: Iron Hands\n|-damage|p1b: Iron Hands|65\/100\n|-boost|p2b: Donny D|atk|1\n|move|p1b: Iron Hands|Wild Charge|p2a: Steve\n|-supereffective|p2a: Steve\n|-damage|p2a: Steve|19\/100\n|-damage|p1b: Iron Hands|53\/100|[from] Recoil\n|\n|-heal|p2b: Donny D|85\/100|[from] item: Leftovers\n|upkeep\n|\n|t:|1682115351\n|switch|p1a: Amoonguss|Amoonguss, L50, M|100\/100\n|turn|6\n|\n|t:|1682115365\n|move|p2a: Steve|Brave Bird|p1a: Amoonguss\n|-supereffective|p1a: Amoonguss\n|-damage|p1a: Amoonguss|0 fnt\n|faint|p1a: Amoonguss\n|-damage|p2a: Steve|0 fnt|[from] Recoil\n|faint|p2a: Steve\n|move|p2b: Donny D|Earthquake|p1b: Iron Hands\n|-supereffective|p1b: Iron Hands\n|-damage|p1b: Iron Hands|0 fnt\n|faint|p1b: Iron Hands\n|-end|p1b: Iron Hands|Quark Drive|[silent]\n|\n|win|kushsmoker68\n|raw|Kayden Mcguinness's rating: 1079 → 1058<\/strong> (-21 for losing)\n|raw|kushsmoker68's rating: 1096 → 1120<\/strong> (+24 for winning)\n|l|\u2606Kayden Mcguinness\n","uploadtime":1682115380,"views":9,"p1id":"kaydenmcguinness","p2id":"kushsmoker68","formatid":"gen9vgc2023regulationc","rating":1058,"private":0,"password":""}