{"id":"gen9vgc2023regulationc-1850982070","p1":"Jason1216","p2":"vgc grinding alt","format":"[Gen 9] VGC 2023 Regulation C","log":"|j|\u2606Jason1216\n|j|\u2606vgc grinding alt\n|t:|1682389902\n|gametype|doubles\n|player|p1|Jason1216|unknown|1105\n|player|p2|vgc grinding alt|li|1201\n|teamsize|p1|6\n|teamsize|p2|6\n|gen|9\n|tier|[Gen 9] VGC 2023 Regulation C\n|rated|\n|rule|Species Clause: Limit one of each Pok\u00e9mon\n|rule|Item Clause: Limit one of each item\n|clearpoke\n|poke|p1|Flutter Mane, L50|\n|poke|p1|Chi-Yu, L50|\n|poke|p1|Chien-Pao, L50|\n|poke|p1|Dragonite, L50, F|\n|poke|p1|Talonflame, L50, M|\n|poke|p1|Roaring Moon, L50|\n|poke|p2|Rabsca, L50, F|\n|poke|p2|Ting-Lu, L50|\n|poke|p2|Iron Bundle, L50|\n|poke|p2|Gholdengo, L50|\n|poke|p2|Iron Hands, L50|\n|poke|p2|Grimmsnarl, L50, M|\n|teampreview|4\n|inactive|Battle timer is ON: inactive players will automatically lose when time's up. (requested by Jason1216)\n|c|\u2606vgc grinding alt|hf\n|inactive|vgc grinding alt has 60 seconds left.\n|\n|t:|1682389936\n|start\n|switch|p1a: Talonflame|Talonflame, L50, M|100\/100\n|switch|p1b: Roaring Moon|Roaring Moon, L50|100\/100\n|switch|p2a: Iron Hands|Iron Hands, L50|100\/100\n|switch|p2b: Ting-Lu|Ting-Lu, L50|100\/100\n|-ability|p2b: Ting-Lu|Vessel of Ruin\n|-enditem|p1b: Roaring Moon|Booster Energy\n|-activate|p1b: Roaring Moon|ability: Protosynthesis|[fromitem]\n|-start|p1b: Roaring Moon|protosynthesisatk\n|turn|1\n|\n|t:|1682389958\n|move|p2a: Iron Hands|Fake Out|p1b: Roaring Moon\n|-damage|p1b: Roaring Moon|79\/100\n|move|p1a: Talonflame|Tailwind|p1a: Talonflame\n|-sidestart|p1: Jason1216|move: Tailwind\n|cant|p1b: Roaring Moon|flinch\n|move|p2b: Ting-Lu|Stealth Rock|p1b: Roaring Moon\n|-sidestart|p1: Jason1216|move: Stealth Rock\n|\n|upkeep\n|turn|2\n|\n|t:|1682389988\n|-terastallize|p1b: Roaring Moon|Ground\n|move|p1a: Talonflame|Will-O-Wisp|p2a: Iron Hands\n|-status|p2a: Iron Hands|brn\n|move|p1b: Roaring Moon|Earthquake|p2a: Iron Hands|[spread] p2a,p2b\n|-immune|p1a: Talonflame\n|-supereffective|p2a: Iron Hands\n|-damage|p2a: Iron Hands|19\/100 brn\n|-damage|p2b: Ting-Lu|65\/100\n|move|p2a: Iron Hands|Drain Punch|p1b: Roaring Moon\n|-damage|p1b: Roaring Moon|49\/100\n|-heal|p2a: Iron Hands|30\/100 brn|[from] drain|[of] p1b: Roaring Moon\n|move|p2b: Ting-Lu|Stomping Tantrum|p1b: Roaring Moon\n|-damage|p1b: Roaring Moon|8\/100\n|\n|-heal|p2b: Ting-Lu|71\/100|[from] item: Leftovers\n|-damage|p2a: Iron Hands|24\/100 brn|[from] brn\n|upkeep\n|turn|3\n|inactive|vgc grinding alt has 30 seconds left.\n|\n|t:|1682390016\n|move|p2b: Ting-Lu|Protect|p2b: Ting-Lu\n|-singleturn|p2b: Ting-Lu|Protect\n|move|p1a: Talonflame|Will-O-Wisp|p2b: Ting-Lu\n|-activate|p2b: Ting-Lu|move: Protect\n|move|p1b: Roaring Moon|Earthquake|p2b: Ting-Lu|[spread] p2a\n|-activate|p2b: Ting-Lu|move: Protect\n|-immune|p1a: Talonflame\n|-supereffective|p2a: Iron Hands\n|-damage|p2a: Iron Hands|0 fnt\n|faint|p2a: Iron Hands\n|-end|p2a: Iron Hands|Quark Drive|[silent]\n|\n|-heal|p2b: Ting-Lu|77\/100|[from] item: Leftovers\n|upkeep\n|\n|t:|1682390024\n|switch|p2a: Grimmsnarl|Grimmsnarl, L50, M|100\/100\n|turn|4\n|\n|t:|1682390036\n|switch|p2b: Iron Bundle|Iron Bundle, L50|100\/100\n|move|p2a: Grimmsnarl|Fake Out|p1b: Roaring Moon\n|-damage|p1b: Roaring Moon|0 fnt\n|faint|p1b: Roaring Moon\n|-end|p1b: Roaring Moon|Protosynthesis|[silent]\n|move|p1a: Talonflame|Brave Bird|p2a: Grimmsnarl\n|-damage|p2a: Grimmsnarl|56\/100\n|-damage|p1a: Talonflame|84\/100|[from] Recoil\n|\n|-sideend|p1: Jason1216|move: Tailwind\n|upkeep\n|\n|t:|1682390048\n|switch|p1b: Chien-Pao|Chien-Pao, L50|100\/100\n|-damage|p1b: Chien-Pao|75\/100|[from] Stealth Rock\n|-ability|p1b: Chien-Pao|Sword of Ruin\n|turn|5\n|\n|t:|1682390057\n|move|p2a: Grimmsnarl|Reflect|p2a: Grimmsnarl\n|-sidestart|p2: vgc grinding alt|Reflect\n|move|p2b: Iron Bundle|Hydro Pump|p1a: Talonflame\n|-supereffective|p1a: Talonflame\n|-damage|p1a: Talonflame|0 fnt\n|faint|p1a: Talonflame\n|move|p1b: Chien-Pao|Sacred Sword|p2b: Iron Bundle\n|-supereffective|p2b: Iron Bundle\n|-damage|p2b: Iron Bundle|39\/100\n|\n|upkeep\n|\n|t:|1682390067\n|switch|p1a: Dragonite|Dragonite, L50, F|100\/100\n|-damage|p1a: Dragonite|76\/100|[from] Stealth Rock\n|turn|6\n|\n|t:|1682390076\n|-terastallize|p2a: Grimmsnarl|Ghost\n|move|p2b: Iron Bundle|Protect|p2b: Iron Bundle\n|-singleturn|p2b: Iron Bundle|Protect\n|move|p1a: Dragonite|Extreme Speed|p2a: Grimmsnarl\n|-immune|p2a: Grimmsnarl\n|move|p1b: Chien-Pao|Sacred Sword|p2b: Iron Bundle\n|-activate|p2b: Iron Bundle|move: Protect\n|move|p2a: Grimmsnarl|Spirit Break|p1b: Chien-Pao\n|-supereffective|p1b: Chien-Pao\n|-damage|p1b: Chien-Pao|0 fnt\n|faint|p1b: Chien-Pao\n|\n|upkeep\n|turn|7\n|-message|Jason1216 forfeited.\n|\n|win|vgc grinding alt\n|raw|Jason1216's rating: 1105 → 1087<\/strong> (-18 for losing)\n|raw|vgc grinding alt's rating: 1201 → 1219<\/strong> (+18 for winning)\n|l|\u2606Jason1216\n|c|\u2606vgc grinding alt|gg\n","uploadtime":1682390193,"views":8,"p1id":"jason1216","p2id":"vgcgrindingalt","formatid":"gen9vgc2023regulationc","rating":1087,"private":0,"password":""}