{"id":"gen9vgc2023regulationc-1846985730","p1":"Buymyzoo","p2":"Barbie120","format":"[Gen 9] VGC 2023 Regulation C","log":"|j|\u2606Buymyzoo\n|j|\u2606Barbie120\n|t:|1681909060\n|gametype|doubles\n|player|p1|Buymyzoo|clown|1304\n|player|p2|Barbie120|drayden|1404\n|teamsize|p1|6\n|teamsize|p2|6\n|gen|9\n|tier|[Gen 9] VGC 2023 Regulation C\n|rated|\n|rule|Species Clause: Limit one of each Pok\u00e9mon\n|rule|Item Clause: Limit one of each item\n|clearpoke\n|poke|p1|Chi-Yu, L50|\n|poke|p1|Chien-Pao, L50|\n|poke|p1|Flutter Mane, L50|\n|poke|p1|Gyarados, L50, F|\n|poke|p1|Kingambit, L50, F|\n|poke|p1|Garchomp, L50, M|\n|poke|p2|Indeedee-F, L50, F|\n|poke|p2|Chi-Yu, L50|\n|poke|p2|Arcanine, L50, F|\n|poke|p2|Flutter Mane, L50|\n|poke|p2|Baxcalibur, L50, F|\n|poke|p2|Corviknight, L50, M|\n|teampreview|4\n|\n|t:|1681909098\n|start\n|switch|p1a: Chi-Yu|Chi-Yu, L50|100\/100\n|switch|p1b: Flutter Mane|Flutter Mane, L50|100\/100\n|switch|p2a: Flutter Mane|Flutter Mane, L50|100\/100\n|switch|p2b: Chi-Yu|Chi-Yu, L50|100\/100\n|-ability|p1a: Chi-Yu|Beads of Ruin\n|-ability|p2b: Chi-Yu|Beads of Ruin\n|-enditem|p2a: Flutter Mane|Booster Energy\n|-activate|p2a: Flutter Mane|ability: Protosynthesis|[fromitem]\n|-start|p2a: Flutter Mane|protosynthesisspe\n|turn|1\n|\n|t:|1681909117\n|-terastallize|p1b: Flutter Mane|Fairy\n|move|p2a: Flutter Mane|Protect|p2a: Flutter Mane\n|-singleturn|p2a: Flutter Mane|Protect\n|move|p1b: Flutter Mane|Dazzling Gleam|p2b: Chi-Yu|[spread] p2b\n|-activate|p2a: Flutter Mane|move: Protect\n|-damage|p2b: Chi-Yu|31\/100\n|move|p2b: Chi-Yu|Heat Wave|p1b: Flutter Mane|[spread] p1a\n|-miss|p2b: Chi-Yu|p1b: Flutter Mane\n|-resisted|p1a: Chi-Yu\n|-damage|p1a: Chi-Yu|79\/100\n|move|p1a: Chi-Yu|Heat Wave|p2b: Chi-Yu|[spread] p2b\n|-activate|p2a: Flutter Mane|move: Protect\n|-resisted|p2b: Chi-Yu\n|-damage|p2b: Chi-Yu|9\/100\n|\n|upkeep\n|turn|2\n|\n|t:|1681909148\n|move|p2b: Chi-Yu|Protect|p2b: Chi-Yu\n|-singleturn|p2b: Chi-Yu|Protect\n|move|p2a: Flutter Mane|Dazzling Gleam|p1a: Chi-Yu|[spread] p1a,p1b\n|-damage|p1a: Chi-Yu|45\/100\n|-damage|p1b: Flutter Mane|58\/100\n|move|p1b: Flutter Mane|Dazzling Gleam|p2b: Chi-Yu|[spread] p2a\n|-activate|p2b: Chi-Yu|move: Protect\n|-damage|p2a: Flutter Mane|23\/100\n|move|p1a: Chi-Yu|Dark Pulse|p2a: Flutter Mane\n|-damage|p2a: Flutter Mane|0 fnt\n|faint|p2a: Flutter Mane\n|-end|p2a: Flutter Mane|Protosynthesis|[silent]\n|\n|upkeep\n|\n|t:|1681909166\n|switch|p2a: Baxcalibur|Baxcalibur, L50, F|100\/100\n|turn|3\n|\n|t:|1681909173\n|switch|p2b: Corviknight|Corviknight, L50, M|100\/100\n|-terastallize|p2a: Baxcalibur|Ground\n|move|p1b: Flutter Mane|Dazzling Gleam|p2a: Baxcalibur|[spread] p2a,p2b\n|-resisted|p2b: Corviknight\n|-damage|p2a: Baxcalibur|46\/100\n|-damage|p2b: Corviknight|67\/100\n|move|p1a: Chi-Yu|Dark Pulse|p2a: Baxcalibur\n|-damage|p2a: Baxcalibur|10\/100\n|move|p2a: Baxcalibur|Earthquake|p1a: Chi-Yu|[spread] p1a,p1b\n|-immune|p2b: Corviknight\n|-supereffective|p1a: Chi-Yu\n|-damage|p1a: Chi-Yu|0 fnt\n|-damage|p1b: Flutter Mane|0 fnt\n|faint|p1a: Chi-Yu\n|faint|p1b: Flutter Mane\n|-end|p1b: Flutter Mane|Protosynthesis|[silent]\n|\n|-heal|p2b: Corviknight|73\/100|[from] item: Leftovers\n|upkeep\n|\n|t:|1681909191\n|switch|p1b: Gyarados|Gyarados, L50, F|100\/100\n|switch|p1a: Kingambit|Kingambit, L50, F|100\/100\n|-ability|p1b: Gyarados|Intimidate|boost\n|-unboost|p2a: Baxcalibur|atk|1\n|-ability|p2b: Corviknight|Mirror Armor\n|-unboost|p1b: Gyarados|atk|1\n|turn|4\n|\n|t:|1681909213\n|switch|p2a: Chi-Yu|Chi-Yu, L50|9\/100\n|-ability|p2a: Chi-Yu|Beads of Ruin\n|move|p1a: Kingambit|Sucker Punch||[still]\n|-fail|p1a: Kingambit\n|move|p1b: Gyarados|Waterfall|p2b: Corviknight\n|-damage|p2b: Corviknight|49\/100\n|move|p2b: Corviknight|Bulk Up|p2b: Corviknight\n|-boost|p2b: Corviknight|atk|1\n|-boost|p2b: Corviknight|def|1\n|\n|-heal|p2b: Corviknight|56\/100|[from] item: Leftovers\n|upkeep\n|turn|5\n|\n|t:|1681909238\n|move|p2a: Chi-Yu|Protect|p2a: Chi-Yu\n|-singleturn|p2a: Chi-Yu|Protect\n|move|p1a: Kingambit|Sucker Punch||[still]\n|-fail|p1a: Kingambit\n|move|p1b: Gyarados|Waterfall|p2b: Corviknight\n|-damage|p2b: Corviknight|40\/100\n|move|p2b: Corviknight|Bulk Up|p2b: Corviknight\n|-boost|p2b: Corviknight|atk|1\n|-boost|p2b: Corviknight|def|1\n|\n|-heal|p2b: Corviknight|46\/100|[from] item: Leftovers\n|upkeep\n|turn|6\n|\n|t:|1681909257\n|move|p2a: Chi-Yu|Protect|p2a: Chi-Yu\n|-singleturn|p2a: Chi-Yu|Protect\n|move|p2b: Corviknight|Protect|p2b: Corviknight\n|-singleturn|p2b: Corviknight|Protect\n|move|p1a: Kingambit|Sucker Punch||[still]\n|-fail|p1a: Kingambit\n|move|p1b: Gyarados|Waterfall|p2b: Corviknight\n|-activate|p2b: Corviknight|move: Protect\n|\n|-heal|p2b: Corviknight|53\/100|[from] item: Leftovers\n|upkeep\n|turn|7\n|\n|t:|1681909269\n|switch|p2a: Baxcalibur|Baxcalibur, L50, F, tera:Ground|10\/100\n|move|p1a: Kingambit|Sucker Punch||[still]\n|-fail|p1a: Kingambit\n|move|p1b: Gyarados|Waterfall|p2b: Corviknight\n|-damage|p2b: Corviknight|40\/100\n|move|p2b: Corviknight|Body Press|p1a: Kingambit\n|-supereffective|p1a: Kingambit\n|-damage|p1a: Kingambit|0 fnt\n|faint|p1a: Kingambit\n|\n|-heal|p2b: Corviknight|46\/100|[from] item: Leftovers\n|upkeep\n|turn|8\n|\n|t:|1681909287\n|move|p1b: Gyarados|Waterfall|p2a: Baxcalibur\n|-supereffective|p2a: Baxcalibur\n|-damage|p2a: Baxcalibur|0 fnt\n|faint|p2a: Baxcalibur\n|move|p2b: Corviknight|Bulk Up|p2b: Corviknight\n|-boost|p2b: Corviknight|atk|1\n|-boost|p2b: Corviknight|def|1\n|\n|-heal|p2b: Corviknight|53\/100|[from] item: Leftovers\n|upkeep\n|\n|t:|1681909292\n|switch|p2a: Chi-Yu|Chi-Yu, L50|9\/100\n|-ability|p2a: Chi-Yu|Beads of Ruin\n|turn|9\n|\n|t:|1681909304\n|move|p2a: Chi-Yu|Protect|p2a: Chi-Yu\n|-singleturn|p2a: Chi-Yu|Protect\n|move|p1b: Gyarados|Waterfall|p2b: Corviknight\n|-damage|p2b: Corviknight|44\/100\n|move|p2b: Corviknight|Bulk Up|p2b: Corviknight\n|-boost|p2b: Corviknight|atk|1\n|-boost|p2b: Corviknight|def|1\n|\n|-heal|p2b: Corviknight|50\/100|[from] item: Leftovers\n|upkeep\n|turn|10\n|\n|t:|1681909314\n|move|p2a: Chi-Yu|Dark Pulse|p1b: Gyarados\n|-damage|p1b: Gyarados|47\/100\n|-enditem|p1b: Gyarados|Sitrus Berry|[eat]\n|-heal|p1b: Gyarados|71\/100|[from] item: Sitrus Berry\n|move|p1b: Gyarados|Waterfall|p2a: Chi-Yu\n|-supereffective|p2a: Chi-Yu\n|-damage|p2a: Chi-Yu|0 fnt\n|faint|p2a: Chi-Yu\n|move|p2b: Corviknight|Iron Head|p1b: Gyarados\n|-resisted|p1b: Gyarados\n|-damage|p1b: Gyarados|27\/100\n|\n|-heal|p2b: Corviknight|57\/100|[from] item: Leftovers\n|upkeep\n|turn|11\n|\n|t:|1681909328\n|move|p2b: Corviknight|Protect|p2b: Corviknight\n|-singleturn|p2b: Corviknight|Protect\n|move|p1b: Gyarados|Waterfall|p2b: Corviknight\n|-activate|p2b: Corviknight|move: Protect\n|\n|-heal|p2b: Corviknight|63\/100|[from] item: Leftovers\n|upkeep\n|turn|12\n|\n|t:|1681909332\n|move|p1b: Gyarados|Waterfall|p2b: Corviknight\n|-damage|p2b: Corviknight|54\/100\n|move|p2b: Corviknight|Iron Head|p1b: Gyarados\n|-resisted|p1b: Gyarados\n|-damage|p1b: Gyarados|0 fnt\n|faint|p1b: Gyarados\n|\n|win|Barbie120\n|raw|Buymyzoo's rating: 1304 → 1290<\/strong> (-14 for losing)\n|raw|Barbie120's rating: 1404 → 1418<\/strong> (+14 for winning)\n|l|\u2606Buymyzoo\n","uploadtime":1681909347,"views":9,"p1id":"buymyzoo","p2id":"barbie120","formatid":"gen9vgc2023regulationc","rating":1290,"private":0,"password":""}