{"id":"gen9vgc2023regulationc-1851517171","p1":"BoloinaBox","p2":"Tony2810","format":"[Gen 9] VGC 2023 Regulation C","log":"|j|\u2606BoloinaBox\n|j|\u2606Tony2810\n|t:|1682451825\n|gametype|doubles\n|player|p1|BoloinaBox|2|1173\n|player|p2|Tony2810|iris-gen5bw2|1184\n|teamsize|p1|6\n|teamsize|p2|6\n|gen|9\n|tier|[Gen 9] VGC 2023 Regulation C\n|rated|\n|rule|Species Clause: Limit one of each Pok\u00e9mon\n|rule|Item Clause: Limit one of each item\n|clearpoke\n|poke|p1|Tsareena, L50, F|\n|poke|p1|Florges, L50, F|\n|poke|p1|Murkrow, L50, M|\n|poke|p1|Ceruledge, L50, M|\n|poke|p1|Sawsbuck, L50, F|\n|poke|p1|Sandy Shocks, L50|\n|poke|p2|Flutter Mane, L50|\n|poke|p2|Chien-Pao, L50|\n|poke|p2|Roaring Moon, L50|\n|poke|p2|Chi-Yu, L50|\n|poke|p2|Torkoal, L50, F|\n|poke|p2|Gyarados, L50, F|\n|teampreview|4\n|inactive|Battle timer is ON: inactive players will automatically lose when time's up. (requested by BoloinaBox)\nBoloinaBox has agreed to open team sheets.\n|inactive|BoloinaBox has 60 seconds left.\n|inactive|Tony2810 has 60 seconds left.\n|inactive|BoloinaBox has 30 seconds left.\n|\n|t:|1682451891\n|start\n|switch|p1a: Tsareena|Tsareena, L50, F|100\/100\n|switch|p1b: Florges|Florges, L50, F|100\/100\n|switch|p2a: Gyarados|Gyarados, L50, F|100\/100\n|switch|p2b: Roaring Moon|Roaring Moon, L50|100\/100\n|-ability|p2a: Gyarados|Intimidate|boost\n|-block|p1a: Tsareena|ability: Flower Veil|[of] p1b: Florges\n|-unboost|p1b: Florges|atk|1\n|turn|1\n|inactive|BoloinaBox has 30 seconds left.\n|\n|t:|1682451922\n|-end|p2b: Roaring Moon|Protosynthesis|[silent]\n|switch|p2b: Torkoal|Torkoal, L50, F|100\/100\n|-weather|SunnyDay|[from] ability: Drought|[of] p2b: Torkoal\n|-terastallize|p1a: Tsareena|Fairy\n|move|p1b: Florges|Helping Hand|p1a: Tsareena\n|-singleturn|p1a: Tsareena|Helping Hand|[of] p1b: Florges\n|move|p1a: Tsareena|Trop Kick|p2b: Torkoal\n|-resisted|p2b: Torkoal\n|-damage|p2b: Torkoal|84\/100\n|-unboost|p2b: Torkoal|atk|1\n|move|p2a: Gyarados|Thunder Wave|p1a: Tsareena\n|-status|p1a: Tsareena|par\n|\n|-weather|SunnyDay|[upkeep]\n|upkeep\n|turn|2\n|inactive|BoloinaBox has 30 seconds left.\n|inactive|BoloinaBox has 20 seconds left.\n|\n|t:|1682451960\n|move|p2a: Gyarados|Taunt|p1b: Florges\n|-start|p1b: Florges|move: Taunt\n|-enditem|p1b: Florges|Mental Herb\n|-end|p1b: Florges|move: Taunt\n|move|p1b: Florges|Calm Mind|p1b: Florges\n|-boost|p1b: Florges|spa|1\n|-boost|p1b: Florges|spd|1\n|move|p1a: Tsareena|Play Rough|p2b: Torkoal\n|-resisted|p2b: Torkoal\n|-damage|p2b: Torkoal|70\/100\n|-unboost|p2b: Torkoal|atk|1\n|move|p2b: Torkoal|Flamethrower|p1a: Tsareena\n|-crit|p1a: Tsareena\n|-damage|p1a: Tsareena|60\/100 par\n|\n|-weather|SunnyDay|[upkeep]\n|upkeep\n|turn|3\n|inactive|BoloinaBox has 30 seconds left.\n|\n|t:|1682451990\n|switch|p1a: Murkrow|Murkrow, L50, M|100\/100\n|move|p2a: Gyarados|Helping Hand|p2b: Torkoal\n|-singleturn|p2b: Torkoal|Helping Hand|[of] p2a: Gyarados\n|move|p1b: Florges|Dazzling Gleam|p2a: Gyarados|[spread] p2a,p2b\n|-resisted|p2b: Torkoal\n|-crit|p2b: Torkoal\n|-damage|p2a: Gyarados|75\/100\n|-damage|p2b: Torkoal|38\/100\n|move|p2b: Torkoal|Flamethrower|p1a: Murkrow\n|-damage|p1a: Murkrow|39\/100\n|\n|-weather|SunnyDay|[upkeep]\n|upkeep\n|turn|4\n|\n|t:|1682452012\n|move|p1a: Murkrow|Tailwind|p1a: Murkrow\n|-sidestart|p1: BoloinaBox|move: Tailwind\n|move|p1b: Florges|Dazzling Gleam|p2b: Torkoal|[spread] p2a,p2b\n|-resisted|p2b: Torkoal\n|-damage|p2a: Gyarados|50\/100\n|-damage|p2b: Torkoal|18\/100\n|-enditem|p2a: Gyarados|Sitrus Berry|[eat]\n|-heal|p2a: Gyarados|75\/100|[from] item: Sitrus Berry\n|move|p2a: Gyarados|Taunt|p1b: Florges\n|-start|p1b: Florges|move: Taunt\n|move|p2b: Torkoal|Flamethrower|p1a: Murkrow\n|-damage|p1a: Murkrow|0 fnt\n|faint|p1a: Murkrow\n|\n|-weather|SunnyDay|[upkeep]\n|upkeep\n|\n|t:|1682452028\n|switch|p1a: Sawsbuck|Sawsbuck, L50, F|100\/100\n|turn|5\n|\n|t:|1682452040\n|move|p1a: Sawsbuck|Wild Charge|p2a: Gyarados\n|-supereffective|p2a: Gyarados\n|-damage|p2a: Gyarados|0 fnt\n|faint|p2a: Gyarados\n|-damage|p1a: Sawsbuck|76\/100|[from] Recoil\n|move|p1b: Florges|Dazzling Gleam|p2b: Torkoal\n|-resisted|p2b: Torkoal\n|-damage|p2b: Torkoal|0 fnt\n|faint|p2b: Torkoal\n|\n|-weather|SunnyDay|[upkeep]\n|upkeep\n|\n|t:|1682452049\n|switch|p2a: Roaring Moon|Roaring Moon, L50|100\/100\n|switch|p2b: Flutter Mane|Flutter Mane, L50|100\/100\n|-activate|p2b: Flutter Mane|ability: Protosynthesis\n|-start|p2b: Flutter Mane|protosynthesisspe\n|-activate|p2a: Roaring Moon|ability: Protosynthesis\n|-start|p2a: Roaring Moon|protosynthesisatk\n|turn|6\n|\n|t:|1682452066\n|-terastallize|p2a: Roaring Moon|Steel\n|move|p1a: Sawsbuck|Wild Charge|p2b: Flutter Mane\n|-damage|p2b: Flutter Mane|0 fnt\n|faint|p2b: Flutter Mane\n|-end|p2b: Flutter Mane|Protosynthesis|[silent]\n|-damage|p1a: Sawsbuck|55\/100|[from] Recoil\n|move|p1b: Florges|Dazzling Gleam|p2a: Roaring Moon\n|-resisted|p2a: Roaring Moon\n|-damage|p2a: Roaring Moon|87\/100\n|move|p2a: Roaring Moon|Iron Head|p1b: Florges\n|-supereffective|p1b: Florges\n|-damage|p1b: Florges|2\/100\n|\n|-weather|SunnyDay|[upkeep]\n|upkeep\n|turn|7\n|\n|t:|1682452086\n|move|p1a: Sawsbuck|Wild Charge|p2a: Roaring Moon\n|-damage|p2a: Roaring Moon|33\/100\n|-damage|p1a: Sawsbuck|39\/100|[from] Recoil\n|move|p1b: Florges|Dazzling Gleam|p2a: Roaring Moon\n|-resisted|p2a: Roaring Moon\n|-damage|p2a: Roaring Moon|18\/100\n|move|p2a: Roaring Moon|Scale Shot|p1a: Sawsbuck\n|-damage|p1a: Sawsbuck|12\/100\n|-damage|p1a: Sawsbuck|0 fnt\n|faint|p1a: Sawsbuck\n|-hitcount|p1: Sawsbuck|2\n|-unboost|p2a: Roaring Moon|def|1\n|-boost|p2a: Roaring Moon|spe|1\n|\n|-weather|SunnyDay|[upkeep]\n|-end|p1b: Florges|move: Taunt\n|-sideend|p1: BoloinaBox|move: Tailwind\n|upkeep\n|\n|t:|1682452101\n|switch|p1a: Tsareena|Tsareena, L50, F, tera:Fairy|60\/100 par\n|turn|8\n|c|\u2606Tony2810|How is sawbuck so strong lmao\n|c|\u2606BoloinaBox|band\n|inactive|BoloinaBox has 30 seconds left.\n|c|\u2606Tony2810|Oh makes sense\n|c|\u2606BoloinaBox|i used to run him in ORAS days lol\n|inactive|BoloinaBox has 20 seconds left.\n|inactive|BoloinaBox has 15 seconds left.\n|\n|t:|1682452144\n|move|p2a: Roaring Moon|Iron Head|p1a: Tsareena\n|-supereffective|p1a: Tsareena\n|-damage|p1a: Tsareena|0 fnt\n|faint|p1a: Tsareena\n|move|p1b: Florges|Dazzling Gleam|p2a: Roaring Moon\n|-resisted|p2a: Roaring Moon\n|-damage|p2a: Roaring Moon|2\/100\n|\n|-weather|none\n|-end|p2a: Roaring Moon|Protosynthesis\n|upkeep\n|turn|9\n|c|\u2606BoloinaBox|OOF gg\n|c|\u2606Tony2810|Damn close game\n|c|\u2606Tony2810|gg\n|c|\u2606BoloinaBox|i thought that would happen\n|c|\u2606BoloinaBox|gg\n|\n|t:|1682452166\n|move|p2a: Roaring Moon|Iron Head|p1b: Florges\n|-supereffective|p1b: Florges\n|-damage|p1b: Florges|0 fnt\n|faint|p1b: Florges\n|\n|win|Tony2810\n|raw|BoloinaBox's rating: 1173 → 1149<\/strong> (-24 for losing)\n|raw|Tony2810's rating: 1184 → 1208<\/strong> (+24 for winning)\n|l|\u2606BoloinaBox\n","uploadtime":1682452180,"views":15,"p1id":"boloinabox","p2id":"tony2810","formatid":"gen9vgc2023regulationc","rating":1149,"private":0,"password":""}