{"id":"gen9vgc2023regulationc-1860010184","p1":"Thwack","p2":"ZeAlpacalypse","format":"[Gen 9] VGC 2023 Regulation C","log":"|j|\u2606Thwack\n|j|\u2606ZeAlpacalypse\n|t:|1683584759\n|gametype|doubles\n|player|p1|Thwack|janine-gen2|1320\n|player|p2|ZeAlpacalypse|crasherwake|1399\n|teamsize|p1|6\n|teamsize|p2|6\n|gen|9\n|tier|[Gen 9] VGC 2023 Regulation C\n|rated|\n|rule|Species Clause: Limit one of each Pok\u00e9mon\n|rule|Item Clause: Limit one of each item\n|clearpoke\n|poke|p1|Ceruledge, L50, M|\n|poke|p1|Scream Tail, L50|\n|poke|p1|Amoonguss, L50, M|\n|poke|p1|Ting-Lu, L50|\n|poke|p1|Flutter Mane, L50|\n|poke|p1|Gyarados, L50, F|\n|poke|p2|Pelipper, L50, F|\n|poke|p2|Iron Bundle, L50|\n|poke|p2|Amoonguss, L50, M|\n|poke|p2|Palafin, L50, F|\n|poke|p2|Baxcalibur, L50, F|\n|poke|p2|Gholdengo, L50|\n|teampreview|4\n|inactive|Battle timer is ON: inactive players will automatically lose when time's up. (requested by Thwack)\nThwack has agreed to open team sheets.\nZeAlpacalypse has agreed to open team sheets.\n|inactive|Thwack has 60 seconds left.\n|inactive|ZeAlpacalypse has 60 seconds left.\n|\n|t:|1683584802\n|start\n|switch|p1a: Scream Tail|Scream Tail, L50|100\/100\n|switch|p1b: Gyarados|Gyarados, L50, F|100\/100\n|switch|p2a: Iron Bundle|Iron Bundle, L50|100\/100\n|switch|p2b: Amoonguss|Amoonguss, L50, M|100\/100\n|-ability|p1b: Gyarados|Intimidate|boost\n|-unboost|p2a: Iron Bundle|atk|1\n|-unboost|p2b: Amoonguss|atk|1\n|-enditem|p2a: Iron Bundle|Booster Energy\n|-activate|p2a: Iron Bundle|ability: Quark Drive|[fromitem]\n|-start|p2a: Iron Bundle|quarkdrivespe\n|-enditem|p1a: Scream Tail|Booster Energy\n|-activate|p1a: Scream Tail|ability: Protosynthesis|[fromitem]\n|-start|p1a: Scream Tail|protosynthesisspe\n|turn|1\n|inactive|ZeAlpacalypse has 30 seconds left.\n|inactive|ZeAlpacalypse has 20 seconds left.\n|inactive|ZeAlpacalypse has 15 seconds left.\n|inactive|ZeAlpacalypse has 10 seconds left.\n|inactive|ZeAlpacalypse has 5 seconds left.\n|\n|t:|1683584853\n|-terastallize|p1b: Gyarados|Steel\n|move|p2b: Amoonguss|Rage Powder|p2b: Amoonguss\n|-singleturn|p2b: Amoonguss|move: Rage Powder\n|move|p2a: Iron Bundle|Freeze-Dry|p1b: Gyarados\n|-resisted|p1b: Gyarados\n|-damage|p1b: Gyarados|85\/100\n|move|p1a: Scream Tail|Thunder Wave|p2b: Amoonguss\n|-status|p2b: Amoonguss|par\n|move|p1b: Gyarados|Taunt|p2b: Amoonguss\n|-start|p2b: Amoonguss|move: Taunt\n|\n|upkeep\n|turn|2\n|inactive|Thwack has 30 seconds left.\n|inactive|ZeAlpacalypse has 30 seconds left.\n|inactive|ZeAlpacalypse has 20 seconds left.\n|inactive|ZeAlpacalypse has 15 seconds left.\n|inactive|ZeAlpacalypse has 10 seconds left.\n|\n|t:|1683584899\n|switch|p1b: Ting-Lu|Ting-Lu, L50|100\/100\n|-ability|p1b: Ting-Lu|Vessel of Ruin\n|switch|p2b: Pelipper|Pelipper, L50, F|100\/100\n|-weather|RainDance|[from] ability: Drizzle|[of] p2b: Pelipper\n|move|p2a: Iron Bundle|Hydro Pump|p1b: Ting-Lu\n|-supereffective|p1b: Ting-Lu\n|-damage|p1b: Ting-Lu|43\/100\n|move|p1a: Scream Tail|Howl|p1a: Scream Tail|[spread] p1a,p1b\n|-boost|p1a: Scream Tail|atk|1\n|-boost|p1b: Ting-Lu|atk|1\n|\n|-weather|RainDance|[upkeep]\n|upkeep\n|turn|3\n|inactive|Thwack has 30 seconds left.\n|inactive|ZeAlpacalypse has 30 seconds left.\n|inactive|Thwack has 20 seconds left.\n|\n|t:|1683584935\n|switch|p1b: Gyarados|Gyarados, L50, F, tera:Steel|85\/100\n|-ability|p1b: Gyarados|Intimidate|boost\n|-unboost|p2a: Iron Bundle|atk|1\n|-unboost|p2b: Pelipper|atk|1\n|move|p2a: Iron Bundle|Protect|p2a: Iron Bundle\n|-singleturn|p2a: Iron Bundle|Protect\n|move|p1a: Scream Tail|Play Rough|p2a: Iron Bundle\n|-activate|p2a: Iron Bundle|move: Protect\n|move|p2b: Pelipper|Hydro Pump|p1b: Gyarados\n|-damage|p1b: Gyarados|15\/100\n|-enditem|p1b: Gyarados|Sitrus Berry|[eat]\n|-heal|p1b: Gyarados|40\/100|[from] item: Sitrus Berry\n|\n|-weather|RainDance|[upkeep]\n|upkeep\n|turn|4\n|\n|t:|1683584957\n|-end|p2a: Iron Bundle|Quark Drive|[silent]\n|switch|p2a: Amoonguss|Amoonguss, L50, M|100\/100 par\n|move|p1a: Scream Tail|Protect|p1a: Scream Tail\n|-singleturn|p1a: Scream Tail|Protect\n|move|p2b: Pelipper|Hurricane|p1a: Scream Tail\n|-activate|p1a: Scream Tail|move: Protect\n|move|p1b: Gyarados|Icy Wind|p2a: Amoonguss|[spread] p2a,p2b\n|-supereffective|p2a: Amoonguss\n|-damage|p2a: Amoonguss|90\/100 par\n|-damage|p2b: Pelipper|91\/100\n|-unboost|p2a: Amoonguss|spe|1\n|-unboost|p2b: Pelipper|spe|1\n|\n|-weather|RainDance|[upkeep]\n|upkeep\n|turn|5\n|\n|t:|1683584978\n|cant|p2a: Amoonguss|par\n|move|p1a: Scream Tail|Play Rough|p2b: Pelipper\n|-damage|p2b: Pelipper|50\/100\n|move|p1b: Gyarados|Taunt|p2a: Amoonguss\n|-start|p2a: Amoonguss|move: Taunt\n|move|p2b: Pelipper|Hydro Pump|p1b: Gyarados|[miss]\n|-miss|p2b: Pelipper|p1b: Gyarados\n|\n|-weather|RainDance|[upkeep]\n|upkeep\n|turn|6\n|inactive|Thwack has 30 seconds left.\n|\n|t:|1683585009\n|move|p1a: Scream Tail|Play Rough|p2b: Pelipper\n|-damage|p2b: Pelipper|13\/100\n|move|p1b: Gyarados|Waterfall|p2b: Pelipper\n|-resisted|p2b: Pelipper\n|-damage|p2b: Pelipper|0 fnt\n|faint|p2b: Pelipper\n|move|p2a: Amoonguss|Pollen Puff|p2: Pelipper|[notarget]\n|-fail|p2a: Amoonguss\n|\n|-weather|none\n|upkeep\n|\n|t:|1683585027\n|switch|p2b: Baxcalibur|Baxcalibur, L50, F|100\/100\n|turn|7\n|inactive|ZeAlpacalypse has 30 seconds left.\n|\n|t:|1683585056\n|-terastallize|p2b: Baxcalibur|Ground\n|move|p1b: Gyarados|Protect|p1b: Gyarados\n|-singleturn|p1b: Gyarados|Protect\n|move|p1a: Scream Tail|Thunder Wave|p2b: Baxcalibur\n|-immune|p2b: Baxcalibur\n|move|p2b: Baxcalibur|Earthquake|p1a: Scream Tail|[spread] p2a,p1a\n|-activate|p1b: Gyarados|move: Protect\n|-damage|p2a: Amoonguss|55\/100 par\n|-damage|p1a: Scream Tail|62\/100\n|cant|p2a: Amoonguss|par\n|\n|upkeep\n|turn|8\n|inactive|Thwack has 30 seconds left.\n|inactive|ZeAlpacalypse has 30 seconds left.\n|inactive|Thwack has 20 seconds left.\n|\n|t:|1683585096\n|switch|p1b: Ting-Lu|Ting-Lu, L50|43\/100\n|-ability|p1b: Ting-Lu|Vessel of Ruin\n|move|p1a: Scream Tail|Protect|p1a: Scream Tail\n|-singleturn|p1a: Scream Tail|Protect\n|move|p2b: Baxcalibur|Earthquake|p1a: Scream Tail|[spread] p2a,p1b\n|-activate|p1a: Scream Tail|move: Protect\n|-damage|p2a: Amoonguss|15\/100 par\n|-damage|p1b: Ting-Lu|13\/100\n|-enditem|p2a: Amoonguss|Sitrus Berry|[eat]\n|-heal|p2a: Amoonguss|40\/100 par|[from] item: Sitrus Berry\n|cant|p2a: Amoonguss|par\n|\n|-end|p2a: Amoonguss|move: Taunt\n|upkeep\n|turn|9\n|inactive|Thwack has 30 seconds left.\n|inactive|Thwack has 20 seconds left.\n|\n|t:|1683585136\n|switch|p1b: Gyarados|Gyarados, L50, F, tera:Steel|40\/100\n|-ability|p1b: Gyarados|Intimidate|boost\n|-unboost|p2a: Amoonguss|atk|1\n|-unboost|p2b: Baxcalibur|atk|1\n|switch|p2a: Iron Bundle|Iron Bundle, L50|100\/100\n|move|p1a: Scream Tail|Play Rough|p2a: Iron Bundle\n|-damage|p2a: Iron Bundle|64\/100\n|-unboost|p2a: Iron Bundle|atk|1\n|move|p2b: Baxcalibur|Icicle Crash|p1b: Gyarados|[miss]\n|-miss|p2b: Baxcalibur|p1b: Gyarados\n|\n|upkeep\n|turn|10\n|inactive|Thwack has 30 seconds left.\n|\n|t:|1683585163\n|move|p2a: Iron Bundle|Protect|p2a: Iron Bundle\n|-singleturn|p2a: Iron Bundle|Protect\n|move|p1a: Scream Tail|Thunder Wave|p2a: Iron Bundle\n|-activate|p2a: Iron Bundle|move: Protect\n|move|p2b: Baxcalibur|Earthquake|p1b: Gyarados|[spread] p1a,p1b\n|-activate|p2a: Iron Bundle|move: Protect\n|-supereffective|p1b: Gyarados\n|-damage|p1a: Scream Tail|39\/100\n|-damage|p1b: Gyarados|0 fnt\n|faint|p1b: Gyarados\n|\n|upkeep\n|\n|t:|1683585175\n|switch|p1b: Flutter Mane|Flutter Mane, L50|100\/100\n|turn|11\n|\n|t:|1683585199\n|-end|p2a: Iron Bundle|Quark Drive|[silent]\n|switch|p2a: Amoonguss|Amoonguss, L50, M|74\/100 par\n|move|p1a: Scream Tail|Thunder Wave|p2a: Amoonguss\n|-fail|p2a: Amoonguss|par\n|move|p1b: Flutter Mane|Moonblast|p2b: Baxcalibur\n|-damage|p2b: Baxcalibur|52\/100\n|move|p2b: Baxcalibur|Earthquake|p1a: Scream Tail|[spread] p2a,p1a,p1b\n|-damage|p2a: Amoonguss|49\/100 par\n|-damage|p1a: Scream Tail|15\/100\n|-damage|p1b: Flutter Mane|45\/100\n|\n|upkeep\n|turn|12\n|inactive|Thwack has 30 seconds left.\n|inactive|ZeAlpacalypse has 30 seconds left.\n|inactive|ZeAlpacalypse has 20 seconds left.\n|\n|t:|1683585237\n|-end|p1b: Flutter Mane|Protosynthesis|[silent]\n|switch|p1b: Ting-Lu|Ting-Lu, L50|13\/100\n|-ability|p1b: Ting-Lu|Vessel of Ruin\n|move|p1a: Scream Tail|Protect|p1a: Scream Tail\n|-singleturn|p1a: Scream Tail|Protect\n|move|p2a: Amoonguss|Protect|p2a: Amoonguss\n|-singleturn|p2a: Amoonguss|Protect\n|move|p2b: Baxcalibur|Ice Shard|p1b: Ting-Lu\n|-supereffective|p1b: Ting-Lu\n|-damage|p1b: Ting-Lu|0 fnt\n|faint|p1b: Ting-Lu\n|\n|upkeep\n|-message|Thwack forfeited.\n|\n|win|ZeAlpacalypse\n|raw|Thwack's rating: 1320 → 1304<\/strong> (-16 for losing)\n|raw|ZeAlpacalypse's rating: 1399 → 1415<\/strong> (+16 for winning)\n|l|\u2606Thwack\n","uploadtime":1683585252,"views":13,"p1id":"thwack","p2id":"zealpacalypse","formatid":"gen9vgc2023regulationc","rating":1304,"private":0,"password":""}