{"id":"gen9vgc2023regulationc-1846111545","p1":"qzy1993","p2":"camband","format":"[Gen 9] VGC 2023 Regulation C","log":"|j|\u2606qzy1993\n|j|\u2606camband\n|t:|1681808072\n|gametype|doubles\n|player|p1|qzy1993|2|1097\n|player|p2|camband|zinzolin|1000\n|teamsize|p1|6\n|teamsize|p2|6\n|gen|9\n|tier|[Gen 9] VGC 2023 Regulation C\n|rated|\n|rule|Species Clause: Limit one of each Pok\u00e9mon\n|rule|Item Clause: Limit one of each item\n|clearpoke\n|poke|p1|Iron Valiant, L50|\n|poke|p1|Toxapex, L50, F|\n|poke|p1|Meowscarada, L50, M|\n|poke|p1|Kingambit, L50, M|\n|poke|p1|Chi-Yu, L50|\n|poke|p1|Talonflame, L50, F|\n|poke|p2|Palafin, L50, M|\n|poke|p2|Flutter Mane, L50|\n|poke|p2|Amoonguss, L50, F|\n|poke|p2|Arcanine, L50, F|\n|poke|p2|Kingambit, L50, M|\n|poke|p2|Iron Hands, L50|\n|teampreview|4\n|inactive|Battle timer is ON: inactive players will automatically lose when time's up. (requested by camband)\n|\n|t:|1681808111\n|start\n|switch|p1a: Talonflame|Talonflame, L50, F|100\/100\n|switch|p1b: Chi-Yu|Chi-Yu, L50|100\/100\n|switch|p2a: Palafin|Palafin, L50, M, shiny|100\/100\n|switch|p2b: Arcanine|Arcanine, L50, F|100\/100\n|-ability|p1b: Chi-Yu|Beads of Ruin\n|-ability|p2b: Arcanine|Intimidate|boost\n|-unboost|p1a: Talonflame|atk|1\n|-unboost|p1b: Chi-Yu|atk|1\n|turn|1\n|inactive|camband has 30 seconds left.\n|inactive|qzy1993 has 30 seconds left.\n|\n|t:|1681808142\n|switch|p1a: Toxapex|Toxapex, L50, F|100\/100\n|move|p1b: Chi-Yu|Protect|p1b: Chi-Yu\n|-singleturn|p1b: Chi-Yu|Protect\n|move|p2b: Arcanine|Extreme Speed|p1a: Toxapex\n|-damage|p1a: Toxapex|83\/100\n|move|p2a: Palafin|Jet Punch|p1a: Toxapex\n|-resisted|p1a: Toxapex\n|-damage|p1a: Toxapex|72\/100\n|\n|upkeep\n|turn|2\n|inactive|qzy1993 has 30 seconds left.\n|inactive|camband has 30 seconds left.\n|inactive|qzy1993 has 20 seconds left.\n|inactive|qzy1993 has 15 seconds left.\n|\n|t:|1681808185\n|switch|p2b: Amoonguss|Amoonguss, L50, F, shiny|100\/100\n|-terastallize|p1b: Chi-Yu|Grass\n|move|p2a: Palafin|Jet Punch|p1b: Chi-Yu\n|-resisted|p1b: Chi-Yu\n|-damage|p1b: Chi-Yu|75\/100\n|move|p1b: Chi-Yu|Dark Pulse|p2a: Palafin\n|-damage|p2a: Palafin|1\/100\n|-damage|p1b: Chi-Yu|65\/100|[from] item: Life Orb\n|move|p1a: Toxapex|Chilling Water|p2a: Palafin\n|-resisted|p2a: Palafin\n|-damage|p2a: Palafin|0 fnt\n|faint|p2a: Palafin\n|\n|upkeep\n|\n|t:|1681808200\n|switch|p2a: Flutter Mane|Flutter Mane, L50, shiny|100\/100\n|-enditem|p2a: Flutter Mane|Booster Energy\n|-activate|p2a: Flutter Mane|ability: Protosynthesis|[fromitem]\n|-start|p2a: Flutter Mane|protosynthesisspa\n|turn|3\n|\n|t:|1681808219\n|switch|p1a: Talonflame|Talonflame, L50, F|100\/100\n|-terastallize|p2a: Flutter Mane|Steel\n|move|p1b: Chi-Yu|Protect|p1b: Chi-Yu\n|-singleturn|p1b: Chi-Yu|Protect\n|move|p2a: Flutter Mane|Dazzling Gleam|p1a: Talonflame|[spread] p1a\n|-activate|p1b: Chi-Yu|move: Protect\n|-resisted|p1a: Talonflame\n|-damage|p1a: Talonflame|55\/100\n|move|p2b: Amoonguss|Spore|p1b: Chi-Yu\n|-activate|p1b: Chi-Yu|move: Protect\n|\n|upkeep\n|turn|4\n|\n|t:|1681808239\n|move|p2b: Amoonguss|Protect|p2b: Amoonguss\n|-singleturn|p2b: Amoonguss|Protect\n|move|p1a: Talonflame|Taunt|p2b: Amoonguss\n|-activate|p2b: Amoonguss|move: Protect\n|move|p2a: Flutter Mane|Shadow Ball|p1a: Talonflame\n|-damage|p1a: Talonflame|0 fnt\n|faint|p1a: Talonflame\n|move|p1b: Chi-Yu|Heat Wave|p2b: Amoonguss|[spread] p2a\n|-activate|p2b: Amoonguss|move: Protect\n|-supereffective|p2a: Flutter Mane\n|-damage|p2a: Flutter Mane|0 fnt\n|faint|p2a: Flutter Mane\n|-end|p2a: Flutter Mane|Protosynthesis|[silent]\n|-damage|p1b: Chi-Yu|55\/100|[from] item: Life Orb\n|\n|upkeep\n|\n|t:|1681808257\n|switch|p1a: Iron Valiant|Iron Valiant, L50|100\/100\n|switch|p2a: Arcanine|Arcanine, L50, F|100\/100\n|-ability|p2a: Arcanine|Intimidate|boost\n|-unboost|p1a: Iron Valiant|atk|1\n|-unboost|p1b: Chi-Yu|atk|1\n|-enditem|p1a: Iron Valiant|Booster Energy\n|-activate|p1a: Iron Valiant|ability: Quark Drive|[fromitem]\n|-start|p1a: Iron Valiant|quarkdrivespe\n|turn|5\n|\n|t:|1681808281\n|move|p1a: Iron Valiant|Psycho Cut|p2b: Amoonguss\n|-supereffective|p2b: Amoonguss\n|-damage|p2b: Amoonguss|71\/100\n|move|p1b: Chi-Yu|Flamethrower|p2b: Amoonguss\n|-supereffective|p2b: Amoonguss\n|-damage|p2b: Amoonguss|0 fnt\n|faint|p2b: Amoonguss\n|-damage|p1b: Chi-Yu|45\/100|[from] item: Life Orb\n|move|p2a: Arcanine|Flare Blitz|p1a: Iron Valiant\n|-damage|p1a: Iron Valiant|32\/100\n|-damage|p2a: Arcanine|81\/100|[from] Recoil\n|\n|upkeep\n|turn|6\n|\n|t:|1681808298\n|move|p2a: Arcanine|Protect|p2a: Arcanine\n|-singleturn|p2a: Arcanine|Protect\n|move|p1a: Iron Valiant|Close Combat|p2a: Arcanine\n|-activate|p2a: Arcanine|move: Protect\n|move|p1b: Chi-Yu|Dark Pulse|p2a: Arcanine\n|-activate|p2a: Arcanine|move: Protect\n|\n|upkeep\n|turn|7\n|\n|t:|1681808315\n|-end|p1a: Iron Valiant|Quark Drive|[silent]\n|switch|p1a: Toxapex|Toxapex, L50, F|72\/100\n|move|p1b: Chi-Yu|Dark Pulse|p2a: Arcanine\n|-damage|p2a: Arcanine|0 fnt\n|faint|p2a: Arcanine\n|-damage|p1b: Chi-Yu|35\/100|[from] item: Life Orb\n|\n|win|qzy1993\n|raw|qzy1993's rating: 1097 → 1116<\/strong> (+19 for winning)\n|raw|camband's rating: 1000 → 1000<\/strong> (+0 for losing)\n|l|\u2606camband\n","uploadtime":1681808338,"views":10,"p1id":"qzy1993","p2id":"camband","formatid":"gen9vgc2023regulationc","rating":1000,"private":0,"password":""}