{"id":"gen9vgc2023regulationc-1847463201","p1":"addyson789","p2":"KittyDestoyer69","format":"[Gen 9] VGC 2023 Regulation C","log":"|j|\u2606addyson789\n|j|\u2606KittyDestoyer69\n|t:|1681958186\n|gametype|doubles\n|player|p1|addyson789|ninjaboy|1309\n|player|p2|KittyDestoyer69|170|1353\n|teamsize|p1|6\n|teamsize|p2|6\n|gen|9\n|tier|[Gen 9] VGC 2023 Regulation C\n|rated|\n|rule|Species Clause: Limit one of each Pok\u00e9mon\n|rule|Item Clause: Limit one of each item\n|clearpoke\n|poke|p1|Flutter Mane, L50|\n|poke|p1|Kingambit, L50, F|\n|poke|p1|Garchomp, L50, F|\n|poke|p1|Chien-Pao, L50|\n|poke|p1|Dragonite, L50, M|\n|poke|p1|Gyarados, L50, F|\n|poke|p2|Dondozo, L50, F|\n|poke|p2|Tatsugiri-Droopy, L50, F|\n|poke|p2|Wo-Chien, L50|\n|poke|p2|Flutter Mane, L50|\n|poke|p2|Arcanine, L50, M|\n|poke|p2|Glimmora, L50, F|\n|teampreview|4\naddyson789 has agreed to open team sheets.\n|\n|t:|1681958241\n|start\n|switch|p1a: Kingambit|Kingambit, L50, F|100\/100\n|switch|p1b: Garchomp|Garchomp, L50, F, shiny|100\/100\n|switch|p2a: Wo-Chien|Wo-Chien, L50|100\/100\n|switch|p2b: Arcanine|Arcanine, L50, M|100\/100\n|-ability|p2b: Arcanine|Intimidate|boost\n|-unboost|p1a: Kingambit|atk|1\n|-ability|p1a: Kingambit|Defiant|boost\n|-boost|p1a: Kingambit|atk|2\n|-unboost|p1b: Garchomp|atk|1\n|-ability|p2a: Wo-Chien|Tablets of Ruin\n|turn|1\n|\n|t:|1681958261\n|-terastallize|p1a: Kingambit|Flying\n|move|p1b: Garchomp|Earthquake|p2b: Arcanine|[spread] p2a,p2b\n|-immune|p1a: Kingambit\n|-resisted|p2a: Wo-Chien\n|-supereffective|p2b: Arcanine\n|-damage|p2a: Wo-Chien|91\/100\n|-damage|p2b: Arcanine|51\/100\n|-damage|p1b: Garchomp|91\/100|[from] item: Life Orb\n|move|p2b: Arcanine|Will-O-Wisp|p1a: Kingambit\n|-status|p1a: Kingambit|brn\n|move|p2a: Wo-Chien|Leech Seed|p1b: Garchomp\n|-start|p1b: Garchomp|move: Leech Seed\n|move|p1a: Kingambit|Tera Blast|p2a: Wo-Chien\n|-supereffective|p2a: Wo-Chien\n|-crit|p2a: Wo-Chien\n|-damage|p2a: Wo-Chien|29\/100\n|\n|-heal|p2a: Wo-Chien|35\/100|[from] item: Leftovers\n|-damage|p1b: Garchomp|78\/100|[from] Leech Seed|[of] p2a: Wo-Chien\n|-heal|p2a: Wo-Chien|47\/100|[silent]\n|-damage|p1a: Kingambit|95\/100 brn|[from] brn\n|upkeep\n|turn|2\n|\n|t:|1681958285\n|move|p2a: Wo-Chien|Protect|p2a: Wo-Chien\n|-singleturn|p2a: Wo-Chien|Protect\n|move|p1b: Garchomp|Rock Slide|p2a: Wo-Chien|[spread] p2b\n|-activate|p2a: Wo-Chien|move: Protect\n|-supereffective|p2b: Arcanine\n|-damage|p2b: Arcanine|27\/100\n|-damage|p1b: Garchomp|68\/100|[from] item: Life Orb\n|move|p2b: Arcanine|Flare Blitz|p1a: Kingambit\n|-damage|p1a: Kingambit|70\/100 brn\n|-damage|p2b: Arcanine|18\/100|[from] Recoil\n|-enditem|p2b: Arcanine|Figy Berry|[eat]\n|-heal|p2b: Arcanine|51\/100|[from] item: Figy Berry\n|move|p1a: Kingambit|Tera Blast|p2a: Wo-Chien\n|-activate|p2a: Wo-Chien|move: Protect\n|\n|-heal|p2a: Wo-Chien|54\/100|[from] item: Leftovers\n|-damage|p1b: Garchomp|56\/100|[from] Leech Seed|[of] p2a: Wo-Chien\n|-heal|p2a: Wo-Chien|66\/100|[silent]\n|-damage|p1a: Kingambit|64\/100 brn|[from] brn\n|upkeep\n|turn|3\n|\n|t:|1681958324\n|switch|p2a: Dondozo|Dondozo, L50, F|100\/100\n|move|p1b: Garchomp|Earthquake|p2a: Dondozo|[spread] p2a,p2b\n|-immune|p1a: Kingambit\n|-supereffective|p2b: Arcanine\n|-damage|p2a: Dondozo|64\/100\n|-damage|p2b: Arcanine|0 fnt\n|faint|p2b: Arcanine\n|-damage|p1b: Garchomp|46\/100|[from] item: Life Orb\n|move|p1a: Kingambit|Tera Blast|p2a: Dondozo\n|-damage|p2a: Dondozo|49\/100\n|\n|-damage|p1b: Garchomp|34\/100|[from] Leech Seed|[of] p2a: Dondozo\n|-heal|p2a: Dondozo|60\/100|[silent]\n|-damage|p1a: Kingambit|58\/100 brn|[from] brn\n|upkeep\n|\n|t:|1681958345\n|switch|p2b: Tatsugiri|Tatsugiri-Droopy, L50, F|100\/100\n|-activate|p2b: Tatsugiri|ability: Commander|[of] p2a: Dondozo\n|-boost|p2a: Dondozo|atk|2\n|-boost|p2a: Dondozo|spa|2\n|-boost|p2a: Dondozo|spe|2\n|-boost|p2a: Dondozo|def|2\n|-boost|p2a: Dondozo|spd|2\n|turn|4\n|\n|t:|1681958363\n|-terastallize|p2a: Dondozo|Flying\n|move|p2a: Dondozo|Tera Blast|p1a: Kingambit\n|-damage|p1a: Kingambit|0 fnt\n|faint|p1a: Kingambit\n|-damage|p2a: Dondozo|50\/100|[from] item: Life Orb\n|move|p1b: Garchomp|Rock Slide|p2b: Tatsugiri|[spread] p2a\n|-miss|p1b: Garchomp|p2b: Tatsugiri\n|-supereffective|p2a: Dondozo\n|-damage|p2a: Dondozo|31\/100\n|-damage|p1b: Garchomp|24\/100|[from] item: Life Orb\n|\n|-damage|p1b: Garchomp|11\/100|[from] Leech Seed|[of] p2a: Dondozo\n|-heal|p2a: Dondozo|41\/100|[silent]\n|upkeep\n|\n|t:|1681958376\n|switch|p1a: Dragonite|Dragonite, L50, M|100\/100\n|turn|5\n|\n|t:|1681958395\n|switch|p1b: Chien-Pao|Chien-Pao, L50|100\/100\n|-ability|p1b: Chien-Pao|Sword of Ruin\n|move|p2a: Dondozo|Protect|p2a: Dondozo\n|-singleturn|p2a: Dondozo|Protect\n|move|p1a: Dragonite|Rock Slide|p2a: Dondozo|[spread] \n|-miss|p1a: Dragonite|p2b: Tatsugiri\n|-activate|p2a: Dondozo|move: Protect\n|\n|upkeep\n|turn|6\n|\n|t:|1681958424\n|move|p1b: Chien-Pao|Ice Spinner|p2a: Dondozo\n|-supereffective|p2a: Dondozo\n|-damage|p2a: Dondozo|1\/100\n|move|p2a: Dondozo|Wave Crash|p1a: Dragonite\n|-resisted|p1a: Dragonite\n|-crit|p1a: Dragonite\n|-damage|p1a: Dragonite|32\/100\n|-damage|p2a: Dondozo|0 fnt|[from] Recoil\n|faint|p2a: Dondozo\n|move|p1a: Dragonite|Rock Slide|p2b: Tatsugiri\n|-damage|p2b: Tatsugiri|0 fnt\n|faint|p2b: Tatsugiri\n|\n|upkeep\n|\n|t:|1681958432\n|switch|p2b: Wo-Chien|Wo-Chien, L50|66\/100\n|-ability|p2b: Wo-Chien|Tablets of Ruin\n|turn|7\n|\n|t:|1681958441\n|move|p1b: Chien-Pao|Ice Spinner|p2b: Wo-Chien\n|-supereffective|p2b: Wo-Chien\n|-damage|p2b: Wo-Chien|2\/100\n|move|p1a: Dragonite|Rock Slide|p2b: Wo-Chien\n|-damage|p2b: Wo-Chien|0 fnt\n|faint|p2b: Wo-Chien\n|\n|win|addyson789\n|raw|addyson789's rating: 1309 → 1332<\/strong> (+23 for winning)\n|raw|KittyDestoyer69's rating: 1353 → 1330<\/strong> (-23 for losing)\n|l|\u2606KittyDestoyer69\n","uploadtime":1681959501,"views":3,"p1id":"addyson789","p2id":"kittydestoyer69","formatid":"gen9vgc2023regulationc","rating":1330,"private":0,"password":""}