{"id":"gen9vgc2023regulationc-1853248220","p1":"benutzdeindeo","p2":"snoozevgc","format":"[Gen 9] VGC 2023 Regulation C","log":"|j|\u2606benutzdeindeo\n|j|\u2606snoozevgc\n|t:|1682654556\n|gametype|doubles\n|player|p1|benutzdeindeo|1|1651\n|player|p2|snoozevgc|2|1517\n|teamsize|p1|6\n|teamsize|p2|6\n|gen|9\n|tier|[Gen 9] VGC 2023 Regulation C\n|rated|\n|rule|Species Clause: Limit one of each Pok\u00e9mon\n|rule|Item Clause: Limit one of each item\n|clearpoke\n|poke|p1|Chien-Pao, L50|\n|poke|p1|Orthworm, L50, M|\n|poke|p1|Ting-Lu, L50|\n|poke|p1|Flutter Mane, L50|\n|poke|p1|Dragonite, L50, M|\n|poke|p1|Gyarados, L50, M|\n|poke|p2|Lilligant, L50, F|\n|poke|p2|Torkoal, L50, F|\n|poke|p2|Flutter Mane, L50|\n|poke|p2|Kingambit, L50, F|\n|poke|p2|Dragonite, L50, F|\n|poke|p2|Great Tusk, L50|\n|teampreview|4\n|inactive|Battle timer is ON: inactive players will automatically lose when time's up. (requested by snoozevgc)\n|j| MidianVGC\n|j| Braindeadmeta\n|\n|t:|1682654585\n|start\n|switch|p1a: Orthworm|Orthworm, L50, M|100\/100\n|switch|p1b: Ting-Lu|Ting-Lu, L50|100\/100\n|switch|p2a: Lilligant|Lilligant, L50, F, shiny|100\/100\n|switch|p2b: Torkoal|Torkoal, L50, F, shiny|100\/100\n|-ability|p1b: Ting-Lu|Vessel of Ruin\n|-weather|SunnyDay|[from] ability: Drought|[of] p2b: Torkoal\n|turn|1\n|\n|t:|1682654601\n|switch|p2b: Great Tusk|Great Tusk, L50|100\/100\n|-activate|p2b: Great Tusk|ability: Protosynthesis\n|-start|p2b: Great Tusk|protosynthesisatk\n|-terastallize|p1a: Orthworm|Fire\n|move|p2a: Lilligant|Sleep Powder|p1a: Orthworm\n|-status|p1a: Orthworm|slp|[from] move: Sleep Powder\n|move|p1b: Ting-Lu|Earthquake|p2b: Great Tusk|[spread] p2a,p2b\n|-immune|p1a: Orthworm|[from] ability: Earth Eater\n|-resisted|p2a: Lilligant\n|-damage|p2a: Lilligant|57\/100\n|-damage|p2b: Great Tusk|62\/100\n|cant|p1a: Orthworm|slp\n|\n|-weather|SunnyDay|[upkeep]\n|upkeep\n|turn|2\n|inactive|benutzdeindeo has 30 seconds left.\n|\n|t:|1682654630\n|switch|p1b: Dragonite|Dragonite, L50, M|100\/100\n|move|p2a: Lilligant|Leaf Storm|p1b: Dragonite\n|-resisted|p1b: Dragonite\n|-damage|p1b: Dragonite|93\/100\n|-unboost|p2a: Lilligant|spa|2\n|move|p2b: Great Tusk|Close Combat|p1b: Dragonite\n|-resisted|p1b: Dragonite\n|-damage|p1b: Dragonite|49\/100\n|-unboost|p2b: Great Tusk|def|1\n|-unboost|p2b: Great Tusk|spd|1\n|-curestatus|p1a: Orthworm|slp|[msg]\n|move|p1a: Orthworm|Shed Tail|p1a: Orthworm\n|-start|p1a: Orthworm|Substitute|[from] move: Shed Tail\n|-damage|p1a: Orthworm|50\/100\n|-enditem|p1a: Orthworm|Sitrus Berry|[eat]\n|-heal|p1a: Orthworm|75\/100|[from] item: Sitrus Berry\n|inactive|benutzdeindeo has 30 seconds left.\n|\n|t:|1682654661\n|switch|p1a: Ting-Lu|Ting-Lu, L50|100\/100|[from] Shed Tail\n|-ability|p1a: Ting-Lu|Vessel of Ruin\n|\n|-weather|SunnyDay|[upkeep]\n|upkeep\n|turn|3\n|\n|t:|1682654678\n|move|p2a: Lilligant|Leaf Storm|p1a: Ting-Lu\n|-supereffective|p1a: Ting-Lu\n|-end|p1a: Ting-Lu|Substitute\n|-unboost|p2a: Lilligant|spa|2\n|move|p2b: Great Tusk|Close Combat|p1a: Ting-Lu\n|-supereffective|p1a: Ting-Lu\n|-damage|p1a: Ting-Lu|0 fnt\n|-unboost|p2b: Great Tusk|def|1\n|-unboost|p2b: Great Tusk|spd|1\n|faint|p1a: Ting-Lu\n|move|p1b: Dragonite|Dragon Dance|p1b: Dragonite\n|-boost|p1b: Dragonite|atk|1\n|-boost|p1b: Dragonite|spe|1\n|\n|-weather|SunnyDay|[upkeep]\n|upkeep\n|\n|t:|1682654694\n|switch|p1a: Chien-Pao|Chien-Pao, L50|100\/100\n|-ability|p1a: Chien-Pao|Sword of Ruin\n|turn|4\n|\n|t:|1682654706\n|move|p2a: Lilligant|Protect|p2a: Lilligant\n|-singleturn|p2a: Lilligant|Protect\n|move|p1b: Dragonite|Extreme Speed|p2a: Lilligant\n|-activate|p2a: Lilligant|move: Protect\n|move|p2b: Great Tusk|Close Combat|p1a: Chien-Pao\n|-supereffective|p1a: Chien-Pao\n|-enditem|p1a: Chien-Pao|Focus Sash\n|-damage|p1a: Chien-Pao|1\/100\n|-unboost|p2b: Great Tusk|def|1\n|-unboost|p2b: Great Tusk|spd|1\n|move|p1a: Chien-Pao|Ice Spinner|p2b: Great Tusk\n|-supereffective|p2b: Great Tusk\n|-damage|p2b: Great Tusk|0 fnt\n|faint|p2b: Great Tusk\n|-end|p2b: Great Tusk|Protosynthesis|[silent]\n|\n|-weather|SunnyDay|[upkeep]\n|upkeep\n|j| LC77777\n|\n|t:|1682654718\n|switch|p2b: Torkoal|Torkoal, L50, F, shiny|100\/100\n|turn|5\n|\n|t:|1682654731\n|switch|p1a: Orthworm|Orthworm, L50, M, tera:Fire|75\/100\n|-terastallize|p2a: Lilligant|Ghost\n|move|p2a: Lilligant|After You|p2b: Torkoal\n|-activate|p2b: Torkoal|move: After You\n|move|p2b: Torkoal|Eruption|p1a: Orthworm|[spread] p1a,p1b\n|-resisted|p1a: Orthworm\n|-resisted|p1b: Dragonite\n|-damage|p1a: Orthworm|32\/100\n|-damage|p1b: Dragonite|3\/100\n|move|p1b: Dragonite|Earthquake|p2a: Lilligant|[spread] p2a,p2b\n|-heal|p1a: Orthworm|57\/100|[from] ability: Earth Eater|[of] p1b: Dragonite\n|-supereffective|p2b: Torkoal\n|-damage|p2a: Lilligant|0 fnt\n|-damage|p2b: Torkoal|43\/100\n|faint|p2a: Lilligant\n|\n|-weather|none\n|upkeep\n|\n|t:|1682654737\n|switch|p2a: Flutter Mane|Flutter Mane, L50, shiny|100\/100\n|turn|6\n|\n|t:|1682654756\n|move|p1b: Dragonite|Earthquake|p2a: Flutter Mane|[spread] p2a,p2b\n|-heal|p1a: Orthworm|82\/100|[from] ability: Earth Eater|[of] p1b: Dragonite\n|-supereffective|p2b: Torkoal\n|-crit|p2b: Torkoal\n|-damage|p2a: Flutter Mane|21\/100\n|-damage|p2b: Torkoal|0 fnt\n|faint|p2b: Torkoal\n|move|p2a: Flutter Mane|Dazzling Gleam|p1b: Dragonite|[spread] p1a,p1b\n|-resisted|p1a: Orthworm\n|-supereffective|p1b: Dragonite\n|-damage|p1a: Orthworm|53\/100\n|-damage|p1b: Dragonite|0 fnt\n|faint|p1b: Dragonite\n|move|p1a: Orthworm|Heavy Slam|p2a: Flutter Mane\n|-supereffective|p2a: Flutter Mane\n|-damage|p2a: Flutter Mane|0 fnt\n|faint|p2a: Flutter Mane\n|-end|p2a: Flutter Mane|Protosynthesis|[silent]\n|\n|win|benutzdeindeo\n|raw|benutzdeindeo's rating: 1651 → 1664<\/strong> (+13 for winning)\n|raw|snoozevgc's rating: 1517 → 1504<\/strong> (-13 for losing)\n","uploadtime":1682654760,"views":9,"p1id":"benutzdeindeo","p2id":"snoozevgc","formatid":"gen9vgc2023regulationc","rating":1504,"private":0,"password":""}