{"id":"gen9vgc2023regulationc-1848397998","p1":"Vzchar","p2":"Prompto88","format":"[Gen 9] VGC 2023 Regulation C","log":"|j|\u2606Vzchar\n|j|\u2606Prompto88\n|t:|1682072392\n|gametype|doubles\n|player|p1|Vzchar|1|1082\n|player|p2|Prompto88|1|1144\n|teamsize|p1|6\n|teamsize|p2|6\n|gen|9\n|tier|[Gen 9] VGC 2023 Regulation C\n|rated|\n|rule|Species Clause: Limit one of each Pok\u00e9mon\n|rule|Item Clause: Limit one of each item\n|clearpoke\n|poke|p1|Toxtricity, L50, M|\n|poke|p1|Dedenne, L50, M|\n|poke|p1|Amoonguss, L50, M|\n|poke|p1|Talonflame, L50, F|\n|poke|p1|Flutter Mane, L50|\n|poke|p1|Chi-Yu, L50|\n|poke|p2|Palafin, L50, F|\n|poke|p2|Arcanine, L50, F|\n|poke|p2|Garganacl, L50, M|\n|poke|p2|Ting-Lu, L50|\n|poke|p2|Wo-Chien, L50|\n|poke|p2|Orthworm, L50, M|\n|teampreview|4\n|inactive|Battle timer is ON: inactive players will automatically lose when time's up. (requested by Prompto88)\n|inactive|Vzchar has 60 seconds left.\n|inactive|Prompto88 has 60 seconds left.\n|\n|t:|1682072432\n|start\n|switch|p1a: Flutter Mane|Flutter Mane, L50|100\/100\n|switch|p1b: Chi-Yu|Chi-Yu, L50|100\/100\n|switch|p2a: Arcanine|Arcanine, L50, F|100\/100\n|switch|p2b: Palafin|Palafin, L50, F|100\/100\n|-ability|p1b: Chi-Yu|Beads of Ruin\n|-ability|p2a: Arcanine|Intimidate|boost\n|-unboost|p1a: Flutter Mane|atk|1\n|-unboost|p1b: Chi-Yu|atk|1\n|turn|1\n|inactive|Vzchar has 30 seconds left.\n|inactive|Prompto88 has 30 seconds left.\n|\n|t:|1682072464\n|move|p2b: Palafin|Protect|p2b: Palafin\n|-singleturn|p2b: Palafin|Protect\n|move|p1a: Flutter Mane|Moonblast|p2b: Palafin\n|-activate|p2b: Palafin|move: Protect\n|move|p1b: Chi-Yu|Dark Pulse|p2b: Palafin\n|-activate|p2b: Palafin|move: Protect\n|move|p2a: Arcanine|Snarl|p1b: Chi-Yu|[spread] p1a,p1b\n|-resisted|p1b: Chi-Yu\n|-damage|p1a: Flutter Mane|88\/100\n|-damage|p1b: Chi-Yu|96\/100\n|-unboost|p1a: Flutter Mane|spa|1\n|-unboost|p1b: Chi-Yu|spa|1\n|\n|upkeep\n|turn|2\n|\n|t:|1682072482\n|detailschange|p2b: Palafin|Palafin-Hero, L50, F\n|switch|p2b: Garganacl|Garganacl, L50, M|100\/100\n|move|p1a: Flutter Mane|Moonblast|p2b: Garganacl\n|-damage|p2b: Garganacl|51\/100\n|-unboost|p2b: Garganacl|spa|1\n|move|p1b: Chi-Yu|Heat Wave|p2b: Garganacl|[spread] p2a,p2b\n|-resisted|p2a: Arcanine\n|-resisted|p2b: Garganacl\n|-damage|p2a: Arcanine|86\/100\n|-damage|p2b: Garganacl|38\/100\n|move|p2a: Arcanine|Snarl|p1b: Chi-Yu|[spread] p1a,p1b\n|-resisted|p1b: Chi-Yu\n|-damage|p1a: Flutter Mane|75\/100\n|-damage|p1b: Chi-Yu|91\/100\n|-unboost|p1a: Flutter Mane|spa|1\n|-unboost|p1b: Chi-Yu|spa|1\n|\n|-heal|p2b: Garganacl|43\/100|[from] item: Leftovers\n|upkeep\n|turn|3\n|\n|t:|1682072503\n|-end|p1a: Flutter Mane|Protosynthesis|[silent]\n|switch|p1a: Amoonguss|Amoonguss, L50, M|100\/100\n|switch|p1b: Toxtricity|Toxtricity, L50, M|100\/100\n|move|p2b: Garganacl|Protect|p2b: Garganacl\n|-singleturn|p2b: Garganacl|Protect\n|move|p2a: Arcanine|Snarl|p1b: Toxtricity|[spread] p1a,p1b\n|-crit|p1a: Amoonguss\n|-damage|p1a: Amoonguss|89\/100\n|-damage|p1b: Toxtricity|88\/100\n|-unboost|p1a: Amoonguss|spa|1\n|-unboost|p1b: Toxtricity|spa|1\n|\n|-heal|p2b: Garganacl|49\/100|[from] item: Leftovers\n|upkeep\n|turn|4\n|inactive|Vzchar has 30 seconds left.\n|\n|t:|1682072530\n|move|p1b: Toxtricity|Protect|p1b: Toxtricity\n|-singleturn|p1b: Toxtricity|Protect\n|move|p2a: Arcanine|Snarl|p1a: Amoonguss|[spread] p1a\n|-activate|p1b: Toxtricity|move: Protect\n|-damage|p1a: Amoonguss|81\/100\n|-unboost|p1a: Amoonguss|spa|1\n|move|p2b: Garganacl|Recover|p2b: Garganacl\n|-heal|p2b: Garganacl|99\/100\n|move|p1a: Amoonguss|Spore|p2b: Garganacl\n|-immune|p2b: Garganacl|[from] ability: Purifying Salt\n|\n|-heal|p2b: Garganacl|100\/100|[from] item: Leftovers\n|upkeep\n|turn|5\n|\n|t:|1682072551\n|move|p1b: Toxtricity|Shift Gear|p1b: Toxtricity\n|-boost|p1b: Toxtricity|spe|2\n|-boost|p1b: Toxtricity|atk|1\n|move|p2a: Arcanine|Snarl|p1a: Amoonguss|[spread] p1a,p1b\n|-damage|p1a: Amoonguss|73\/100\n|-damage|p1b: Toxtricity|73\/100\n|-unboost|p1a: Amoonguss|spa|1\n|-unboost|p1b: Toxtricity|spa|1\n|move|p2b: Garganacl|Salt Cure|p1b: Toxtricity\n|-damage|p1b: Toxtricity|52\/100\n|-start|p1b: Toxtricity|Salt Cure\n|move|p1a: Amoonguss|Spore|p2a: Arcanine\n|-activate|p2a: Arcanine|item: Safety Goggles|Spore\n|\n|-damage|p1b: Toxtricity|40\/100|[from] Salt Cure\n|upkeep\n|turn|6\n|inactive|Vzchar has 30 seconds left.\n|\n|t:|1682072586\n|switch|p1b: Flutter Mane|Flutter Mane, L50|75\/100\n|move|p2a: Arcanine|Snarl|p1a: Amoonguss|[spread] p1a,p1b\n|-damage|p1a: Amoonguss|66\/100\n|-damage|p1b: Flutter Mane|66\/100\n|-unboost|p1a: Amoonguss|spa|1\n|-unboost|p1b: Flutter Mane|spa|1\n|move|p2b: Garganacl|Salt Cure|p1a: Amoonguss\n|-damage|p1a: Amoonguss|55\/100\n|-start|p1a: Amoonguss|Salt Cure\n|move|p1a: Amoonguss|Pollen Puff|p1b: Flutter Mane\n|-heal|p1b: Flutter Mane|100\/100\n|\n|-damage|p1a: Amoonguss|43\/100|[from] Salt Cure\n|upkeep\n|turn|7\n|\n|t:|1682072604\n|switch|p1a: Chi-Yu|Chi-Yu, L50|91\/100\n|-ability|p1a: Chi-Yu|Beads of Ruin\n|move|p2b: Garganacl|Protect|p2b: Garganacl\n|-singleturn|p2b: Garganacl|Protect\n|move|p1b: Flutter Mane|Energy Ball|p2b: Garganacl\n|-activate|p2b: Garganacl|move: Protect\n|move|p2a: Arcanine|Snarl|p1b: Flutter Mane|[spread] p1a,p1b\n|-resisted|p1a: Chi-Yu\n|-damage|p1a: Chi-Yu|86\/100\n|-damage|p1b: Flutter Mane|88\/100\n|-unboost|p1a: Chi-Yu|spa|1\n|-unboost|p1b: Flutter Mane|spa|1\n|\n|upkeep\n|turn|8\n|-message|Vzchar forfeited.\n|\n|win|Prompto88\n|raw|Vzchar's rating: 1082 → 1064<\/strong> (-18 for losing)\n|raw|Prompto88's rating: 1144 → 1165<\/strong> (+21 for winning)\n|l|\u2606Vzchar\n|c|\u2606Prompto88|gg\n","uploadtime":1682072632,"views":20,"p1id":"vzchar","p2id":"prompto88","formatid":"gen9vgc2023regulationc","rating":1064,"private":0,"password":""}