{"id":"gen9vgc2023regulationc-1862175084","p1":"itsmemoose","p2":"TonnyDolfing","format":"[Gen 9] VGC 2023 Regulation C","log":"|j|\u2606itsmemoose\n|j|\u2606TonnyDolfing\n|t:|1683845434\n|gametype|doubles\n|player|p1|itsmemoose|bugcatcher-gen4dp|1009\n|player|p2|TonnyDolfing|lucas-gen4pt|1117\n|teamsize|p1|6\n|teamsize|p2|6\n|gen|9\n|tier|[Gen 9] VGC 2023 Regulation C\n|rated|\n|rule|Species Clause: Limit one of each Pok\u00e9mon\n|rule|Item Clause: Limit one of each item\n|clearpoke\n|poke|p1|Garganacl, L50, F|\n|poke|p1|Espathra, L50, M|\n|poke|p1|Tinkaton, L50, F|\n|poke|p1|Volcarona, L50, M|\n|poke|p1|Quaquaval, L50, M|\n|poke|p1|Hydreigon, L50, F|\n|poke|p2|Abomasnow, L50, M|\n|poke|p2|Chien-Pao, L50|\n|poke|p2|Kingambit, L50, M|\n|poke|p2|Dondozo, L50, M|\n|poke|p2|Garganacl, L50, M|\n|poke|p2|Ting-Lu, L50|\n|teampreview|4\n|inactive|Battle timer is ON: inactive players will automatically lose when time's up. (requested by TonnyDolfing)\n|inactive|itsmemoose has 60 seconds left.\n|\n|t:|1683845487\n|start\n|switch|p1a: Garganacl|Garganacl, L50, F|100\/100\n|switch|p1b: Quaquaval|Quaquaval, L50, M|100\/100\n|switch|p2a: Abomasnow|Abomasnow, L50, M|100\/100\n|switch|p2b: Chien-Pao|Chien-Pao, L50|100\/100\n|-ability|p2b: Chien-Pao|Sword of Ruin\n|-weather|Snow|[from] ability: Snow Warning|[of] p2a: Abomasnow\n|turn|1\n|\n|t:|1683845511\n|move|p1b: Quaquaval|Detect|p1b: Quaquaval\n|-singleturn|p1b: Quaquaval|Protect\n|move|p2b: Chien-Pao|Sheer Cold|p1a: Garganacl|[miss]\n|-miss|p2b: Chien-Pao|p1a: Garganacl\n|move|p2a: Abomasnow|Sheer Cold|p1b: Quaquaval\n|-activate|p1b: Quaquaval|move: Protect\n|move|p1a: Garganacl|Salt Cure|p2a: Abomasnow\n|-supereffective|p2a: Abomasnow\n|-damage|p2a: Abomasnow|78\/100\n|-start|p2a: Abomasnow|Salt Cure\n|\n|-weather|Snow|[upkeep]\n|-damage|p2a: Abomasnow|66\/100|[from] Salt Cure\n|upkeep\n|turn|2\n|\n|t:|1683845528\n|move|p1a: Garganacl|Wide Guard|p1a: Garganacl\n|-singleturn|p1a: Garganacl|Wide Guard\n|move|p2b: Chien-Pao|Sheer Cold|p1a: Garganacl\n|-damage|p1a: Garganacl|0 fnt\n|faint|p1a: Garganacl\n|-ohko\n|move|p1b: Quaquaval|Brick Break|p2b: Chien-Pao\n|-supereffective|p2b: Chien-Pao\n|-damage|p2b: Chien-Pao|0 fnt\n|faint|p2b: Chien-Pao\n|-ability|p1b: Quaquaval|Moxie|boost\n|-boost|p1b: Quaquaval|atk|1\n|move|p2a: Abomasnow|Sheer Cold|p1b: Quaquaval|[miss]\n|-miss|p2a: Abomasnow|p1b: Quaquaval\n|\n|-weather|Snow|[upkeep]\n|-damage|p2a: Abomasnow|54\/100|[from] Salt Cure\n|upkeep\n|\n|t:|1683845551\n|switch|p2b: Garganacl|Garganacl, L50, M|100\/100\n|switch|p1a: Tinkaton|Tinkaton, L50, F|100\/100\n|-ability|p1a: Tinkaton|Mold Breaker\n|turn|3\n|inactive|itsmemoose has 30 seconds left.\n|\n|t:|1683845583\n|move|p1a: Tinkaton|Fake Out|p2b: Garganacl\n|-resisted|p2b: Garganacl\n|-damage|p2b: Garganacl|98\/100\n|move|p1b: Quaquaval|Brick Break|p2a: Abomasnow\n|-supereffective|p2a: Abomasnow\n|-damage|p2a: Abomasnow|0 fnt\n|-damage|p1b: Quaquaval|84\/100|[from] item: Rocky Helmet|[of] p2a: Abomasnow\n|faint|p2a: Abomasnow\n|-ability|p1b: Quaquaval|Moxie|boost\n|-boost|p1b: Quaquaval|atk|1\n|cant|p2b: Garganacl|flinch\n|\n|-weather|Snow|[upkeep]\n|upkeep\n|\n|t:|1683845595\n|switch|p2a: Kingambit|Kingambit, L50, M|100\/100\n|turn|4\n|inactive|itsmemoose has 30 seconds left.\n|inactive|itsmemoose has 20 seconds left.\n|inactive|itsmemoose has 15 seconds left.\n|inactive|itsmemoose has 10 seconds left.\n|\n|t:|1683845641\n|move|p1a: Tinkaton|Knock Off|p2b: Garganacl\n|-damage|p2b: Garganacl|84\/100\n|-enditem|p2b: Garganacl|Sitrus Berry|[from] move: Knock Off|[of] p1a: Tinkaton\n|move|p1b: Quaquaval|Aqua Step|p2b: Garganacl\n|-supereffective|p2b: Garganacl\n|-damage|p2b: Garganacl|0 fnt\n|-boost|p1b: Quaquaval|spe|1\n|faint|p2b: Garganacl\n|-ability|p1b: Quaquaval|Moxie|boost\n|-boost|p1b: Quaquaval|atk|1\n|move|p2a: Kingambit|Guillotine|p1a: Tinkaton|[miss]\n|-miss|p2a: Kingambit|p1a: Tinkaton\n|\n|-weather|Snow|[upkeep]\n|upkeep\n|turn|5\n|\n|t:|1683845661\n|-terastallize|p2a: Kingambit|Dark\n|move|p1b: Quaquaval|Aqua Step|p2a: Kingambit\n|-damage|p2a: Kingambit|27\/100\n|-boost|p1b: Quaquaval|spe|1\n|move|p1a: Tinkaton|Gigaton Hammer|p2a: Kingambit\n|-damage|p2a: Kingambit|0 fnt\n|faint|p2a: Kingambit\n|\n|win|itsmemoose\n|raw|itsmemoose's rating: 1009 → 1059<\/strong> (+50 for winning)\n|raw|TonnyDolfing's rating: 1117 → 1084<\/strong> (-33 for losing)\n|c|\u2606TonnyDolfing|gg\n","uploadtime":1683845675,"views":9,"p1id":"itsmemoose","p2id":"tonnydolfing","formatid":"gen9vgc2023regulationc","rating":1059,"private":0,"password":""}