{"id":"gen9vgc2023regulationc-1854551556","p1":"Hactorgv_128","p2":"Can'tStopFalling","format":"[Gen 9] VGC 2023 Regulation C","log":"|j|\u2606Hactorgv_128\n|j|\u2606Can'tStopFalling\n|t:|1682825826\n|gametype|doubles\n|player|p1|Hactorgv_128|hiker-gen4|1383\n|player|p2|Can'tStopFalling|sabrina|1380\n|teamsize|p1|6\n|teamsize|p2|6\n|gen|9\n|tier|[Gen 9] VGC 2023 Regulation C\n|rated|\n|rule|Species Clause: Limit one of each Pok\u00e9mon\n|rule|Item Clause: Limit one of each item\n|clearpoke\n|poke|p1|Farigiraf, L50, F|\n|poke|p1|Iron Hands, L50|\n|poke|p1|Arboliva, L50, M|\n|poke|p1|Kingambit, L50, F|\n|poke|p1|Palafin, L50, F|\n|poke|p1|Skeledirge, L50, F|\n|poke|p2|Palafin, L50, M|\n|poke|p2|Amoonguss, L50, M|\n|poke|p2|Arcanine, L50, F|\n|poke|p2|Flutter Mane, L50|\n|poke|p2|Stonjourner, L50, M|\n|poke|p2|Farigiraf, L50, F|\n|teampreview|4\n|j| AWPtarget\n|j| PinkPikaBean\nHactorgv_128 has agreed to open team sheets.\nCan'tStopFalling has agreed to open team sheets.\n|c|\u2606Can'tStopFalling|cool team\n|c|\u2606Hactorgv_128|Thank you. Yours as well\n|\n|t:|1682825873\n|start\n|switch|p1a: Farigiraf|Farigiraf, L50, F|100\/100\n|switch|p1b: Iron Hands|Iron Hands, L50|100\/100\n|switch|p2a: Cereza|Farigiraf, L50, F, shiny|100\/100\n|switch|p2b: Parchita|Flutter Mane, L50|100\/100\n|-enditem|p2b: Parchita|Booster Energy\n|-activate|p2b: Parchita|ability: Protosynthesis|[fromitem]\n|-start|p2b: Parchita|protosynthesisspa\n|-enditem|p1b: Iron Hands|Booster Energy\n|-activate|p1b: Iron Hands|ability: Quark Drive|[fromitem]\n|-start|p1b: Iron Hands|quarkdriveatk\n|turn|1\n|c|\u2606Hactorgv_128|Glhf\n|\n|t:|1682825962\n|-terastallize|p2b: Parchita|Fairy\n|move|p2b: Parchita|Moonblast|p1a: Farigiraf\n|-damage|p1a: Farigiraf|7\/100\n|-unboost|p1a: Farigiraf|spa|1\n|move|p2a: Cereza|Hyper Voice|p1a: Farigiraf|[spread] p1a,p1b\n|-damage|p1a: Farigiraf|0 fnt\n|-damage|p1b: Iron Hands|74\/100\n|faint|p1a: Farigiraf\n|-enditem|p2a: Cereza|Throat Spray\n|-boost|p2a: Cereza|spa|1|[from] item: Throat Spray\n|move|p1b: Iron Hands|Iron Head|p2b: Parchita\n|-supereffective|p2b: Parchita\n|-damage|p2b: Parchita|0 fnt\n|faint|p2b: Parchita\n|-end|p2b: Parchita|Protosynthesis|[silent]\n|\n|upkeep\n|c|\u2606Hactorgv_128|I like your fruit themed names\n|c|\u2606Can'tStopFalling|thank u\n|\n|t:|1682825980\n|switch|p2b: Papaya|Stonjourner, L50, M|100\/100\n|switch|p1a: Skeledirge|Skeledirge, L50, F|100\/100\n|turn|2\n|\n|t:|1682826014\n|move|p2b: Papaya|Protect|p2b: Papaya\n|-singleturn|p2b: Papaya|Protect\n|move|p1a: Skeledirge|Torch Song|p2a: Cereza\n|-damage|p2a: Cereza|70\/100\n|-boost|p1a: Skeledirge|spa|1\n|move|p2a: Cereza|Skill Swap|p1a: Skeledirge\n|-activate|p2a: Cereza|move: Skill Swap|Unaware|Armor Tail|[of] p1a: Skeledirge\n|move|p1b: Iron Hands|Drain Punch|p2b: Papaya\n|-activate|p2b: Papaya|move: Protect\n|\n|upkeep\n|turn|3\n|\n|t:|1682826033\n|move|p2b: Papaya|Rock Slide|p1b: Iron Hands|[spread] p1a,p1b\n|-supereffective|p1a: Skeledirge\n|-resisted|p1b: Iron Hands\n|-damage|p1a: Skeledirge|47\/100\n|-damage|p1b: Iron Hands|63\/100\n|cant|p1a: Skeledirge|flinch\n|move|p2a: Cereza|Psyshock|p1b: Iron Hands\n|-supereffective|p1b: Iron Hands\n|-damage|p1b: Iron Hands|0 fnt\n|faint|p1b: Iron Hands\n|-end|p1b: Iron Hands|Quark Drive|[silent]\n|\n|upkeep\n|\n|t:|1682826043\n|switch|p1b: Kingambit|Kingambit, L50, F|100\/100\n|turn|4\n|\n|t:|1682826068\n|move|p2a: Cereza|Protect|p2a: Cereza\n|-singleturn|p2a: Cereza|Protect\n|move|p2b: Papaya|Rock Slide|p1a: Skeledirge|[spread] p1a\n|-miss|p2b: Papaya|p1b: Kingambit\n|-supereffective|p1a: Skeledirge\n|-damage|p1a: Skeledirge|0 fnt\n|faint|p1a: Skeledirge\n|move|p1b: Kingambit|Iron Head|p2a: Cereza\n|-activate|p2a: Cereza|move: Protect\n|\n|upkeep\n|turn|5\n|\n|t:|1682826081\n|move|p1b: Kingambit|Protect|p1b: Kingambit\n|-singleturn|p1b: Kingambit|Protect\n|move|p2b: Papaya|Low Kick|p1b: Kingambit\n|-activate|p1b: Kingambit|move: Protect\n|move|p2a: Cereza|Hyper Voice|p1b: Kingambit\n|-activate|p1b: Kingambit|move: Protect\n|\n|upkeep\n|turn|6\n|\n|t:|1682826091\n|move|p2b: Papaya|Low Kick|p1b: Kingambit\n|-supereffective|p1b: Kingambit\n|-enditem|p1b: Kingambit|Focus Sash\n|-damage|p1b: Kingambit|1\/100\n|move|p2a: Cereza|Hyper Voice|p1b: Kingambit\n|-resisted|p1b: Kingambit\n|-damage|p1b: Kingambit|0 fnt\n|faint|p1b: Kingambit\n|\n|win|Can'tStopFalling\n|raw|Hactorgv_128's rating: 1383 → 1363<\/strong> (-20 for losing)\n|raw|Can'tStopFalling's rating: 1380 → 1400<\/strong> (+20 for winning)\n|c|\u2606Hactorgv_128|gg\n|c|\u2606Can'tStopFalling|how's the arboliva been?\n|c|\u2606Can'tStopFalling|gg\n","uploadtime":1682826109,"views":10,"p1id":"hactorgv128","p2id":"cantstopfalling","formatid":"gen9vgc2023regulationc","rating":1363,"private":0,"password":""}