{"id":"gen9vgc2023regulationc-1859432336","p1":"Fhgjkj","p2":"Hamstermminator","format":"[Gen 9] VGC 2023 Regulation C","log":"|j|\u2606Fhgjkj\n|j|\u2606Hamstermminator\n|t:|1683466336\n|gametype|doubles\n|player|p1|Fhgjkj|unknown|1084\n|player|p2|Hamstermminator|birdkeeper|1047\n|teamsize|p1|6\n|teamsize|p2|6\n|gen|9\n|tier|[Gen 9] VGC 2023 Regulation C\n|rated|\n|rule|Species Clause: Limit one of each Pok\u00e9mon\n|rule|Item Clause: Limit one of each item\n|clearpoke\n|poke|p1|Maushold, L50|\n|poke|p1|Dudunsparce-*, L50, M|\n|poke|p1|Flamigo, L50, M|\n|poke|p1|Gholdengo, L50|\n|poke|p1|Murkrow, L50, M|\n|poke|p1|Farigiraf, L50, M|\n|poke|p2|Gholdengo, L50|\n|poke|p2|Great Tusk, L50|\n|poke|p2|Iron Bundle, L50|\n|poke|p2|Scizor, L50, M|\n|poke|p2|Talonflame, L50, F|\n|poke|p2|Salamence, L50, F|\n|teampreview|4\n|inactive|Battle timer is ON: inactive players will automatically lose when time's up. (requested by Fhgjkj)\n|inactive|Fhgjkj has 60 seconds left.\n|inactive|Fhgjkj has 30 seconds left.\n|\n|t:|1683466403\n|start\n|switch|p1a: Itachi|Murkrow, L50, M|100\/100\n|switch|p1b: Melman|Farigiraf, L50, M, shiny|100\/100\n|switch|p2a: Scizor|Scizor, L50, M|100\/100\n|switch|p2b: Talonflame|Talonflame, L50, F|100\/100\n|turn|1\n|\n|t:|1683466417\n|move|p2b: Talonflame|Tailwind|p2b: Talonflame\n|-sidestart|p2: Hamstermminator|move: Tailwind\n|move|p1a: Itachi|Quash|p2a: Scizor\n|-activate|p2a: Scizor|move: Quash\n|move|p1b: Melman|Trick Room|p1b: Melman\n|-fieldstart|move: Trick Room|[of] p1b: Melman\n|move|p2a: Scizor|U-turn|p1b: Melman\n|-supereffective|p1b: Melman\n|-damage|p1b: Melman|10\/100\n|-enditem|p1b: Melman|Sitrus Berry|[eat]\n|-heal|p1b: Melman|35\/100|[from] item: Sitrus Berry\n|\n|t:|1683466432\n|switch|p2a: Salamence|Salamence, L50, F|100\/100|[from] U-turn\n|-ability|p2a: Salamence|Intimidate|boost\n|-unboost|p1a: Itachi|atk|1\n|-unboost|p1b: Melman|atk|1\n|\n|upkeep\n|turn|2\n|\n|t:|1683466452\n|move|p2b: Talonflame|Brave Bird||[still]\n|cant|p1b: Melman|ability: Armor Tail|Brave Bird|[of] p2b: Talonflame\n|move|p1b: Melman|Hyper Voice|p2a: Salamence|[spread] p2a,p2b\n|-damage|p2a: Salamence|63\/100\n|-damage|p2b: Talonflame|47\/100\n|move|p1a: Itachi|Foul Play|p2a: Salamence\n|-damage|p2a: Salamence|11\/100\n|move|p2a: Salamence|Dragon Dance|p2a: Salamence\n|-boost|p2a: Salamence|atk|1\n|-boost|p2a: Salamence|spe|1\n|\n|upkeep\n|turn|3\n|\n|t:|1683466473\n|move|p2a: Salamence|Protect|p2a: Salamence\n|-singleturn|p2a: Salamence|Protect\n|move|p1b: Melman|Hyper Voice|p2b: Talonflame|[spread] p2b\n|-activate|p2a: Salamence|move: Protect\n|-damage|p2b: Talonflame|0 fnt\n|faint|p2b: Talonflame\n|move|p1a: Itachi|Foul Play|p2a: Salamence\n|-activate|p2a: Salamence|move: Protect\n|\n|upkeep\n|\n|t:|1683466484\n|switch|p2b: Great Tusk|Great Tusk, L50|100\/100\n|turn|4\n|\n|t:|1683466496\n|switch|p2a: Scizor|Scizor, L50, M|100\/100\n|-terastallize|p1b: Melman|Fairy\n|move|p2b: Great Tusk|Protect|p2b: Great Tusk\n|-singleturn|p2b: Great Tusk|Protect\n|move|p1b: Melman|Dazzling Gleam|p2a: Scizor|[spread] p2a\n|-activate|p2b: Great Tusk|move: Protect\n|-resisted|p2a: Scizor\n|-damage|p2a: Scizor|82\/100\n|move|p1a: Itachi|Foul Play|p2b: Great Tusk\n|-activate|p2b: Great Tusk|move: Protect\n|\n|-sideend|p2: Hamstermminator|move: Tailwind\n|upkeep\n|turn|5\n|inactive|Hamstermminator has 30 seconds left.\n|\n|t:|1683466526\n|-end|p2b: Great Tusk|Protosynthesis|[silent]\n|switch|p2b: Salamence|Salamence, L50, F|11\/100\n|-ability|p2b: Salamence|Intimidate|boost\n|-unboost|p1a: Itachi|atk|1\n|-unboost|p1b: Melman|atk|1\n|move|p2a: Scizor|U-turn|p1a: Itachi\n|-damage|p1a: Itachi|59\/100\n|\n|t:|1683466533\n|switch|p2a: Great Tusk|Great Tusk, L50|100\/100|[from] U-turn\n|move|p1b: Melman|Dazzling Gleam|p2a: Great Tusk|[spread] p2a,p2b\n|-supereffective|p2a: Great Tusk\n|-supereffective|p2b: Salamence\n|-damage|p2a: Great Tusk|11\/100\n|-damage|p2b: Salamence|0 fnt\n|faint|p2b: Salamence\n|move|p1a: Itachi|Foul Play|p2a: Great Tusk\n|-resisted|p2a: Great Tusk\n|-damage|p2a: Great Tusk|0 fnt\n|faint|p2a: Great Tusk\n|-end|p2a: Great Tusk|Protosynthesis|[silent]\n|\n|-fieldend|move: Trick Room\n|upkeep\n|\n|t:|1683466546\n|switch|p2b: Scizor|Scizor, L50, M|82\/100\n|turn|6\n|\n|t:|1683466557\n|move|p1a: Itachi|Tailwind|p1a: Itachi\n|-sidestart|p1: Fhgjkj|move: Tailwind\n|move|p1b: Melman|Hyper Voice|p2b: Scizor\n|-resisted|p2b: Scizor\n|-damage|p2b: Scizor|54\/100\n|move|p2b: Scizor|U-turn|p1a: Itachi\n|-damage|p1a: Itachi|12\/100\n|\n|upkeep\n|turn|7\n|\n|t:|1683466565\n|move|p1a: Itachi|Foul Play|p2b: Scizor\n|-damage|p2b: Scizor|0 fnt\n|faint|p2b: Scizor\n|\n|win|Fhgjkj\n|raw|Fhgjkj's rating: 1084 → 1108<\/strong> (+24 for winning)\n|raw|Hamstermminator's rating: 1047 → 1032<\/strong> (-15 for losing)\n|l|\u2606Hamstermminator\n","uploadtime":1683466610,"views":5,"p1id":"fhgjkj","p2id":"hamstermminator","formatid":"gen9vgc2023regulationc","rating":1032,"private":0,"password":""}