{"id":"gen9vgc2023regulationc-1859915368","p1":"GruffuddH","p2":"JacysynR","format":"[Gen 9] VGC 2023 Regulation C","log":"|j|\u2606GruffuddH\n|j|\u2606JacysynR\n|t:|1683575391\n|gametype|doubles\n|player|p1|GruffuddH|rika|1058\n|player|p2|JacysynR|265|1119\n|teamsize|p1|6\n|teamsize|p2|6\n|gen|9\n|tier|[Gen 9] VGC 2023 Regulation C\n|rated|\n|rule|Species Clause: Limit one of each Pok\u00e9mon\n|rule|Item Clause: Limit one of each item\n|clearpoke\n|poke|p1|Gastrodon, L50, F|\n|poke|p1|Flutter Mane, L50|\n|poke|p1|Wo-Chien, L50|\n|poke|p1|Chi-Yu, L50|\n|poke|p1|Gyarados, L50, F|\n|poke|p1|Glimmora, L50, F|\n|poke|p2|Iron Treads, L50|\n|poke|p2|Hydreigon, L50, M|\n|poke|p2|Gyarados, L50, F|\n|poke|p2|Iron Hands, L50|\n|poke|p2|Amoonguss, L50, F|\n|poke|p2|Armarouge, L50, M|\n|teampreview|4\n|inactive|Battle timer is ON: inactive players will automatically lose when time's up. (requested by JacysynR)\nGruffuddH has agreed to open team sheets.\n|inactive|GruffuddH has 60 seconds left.\n|\n|t:|1683575433\n|start\n|switch|p1a: BLOW-chien|Wo-Chien, L50|100\/100\n|switch|p1b: PEE-Yu|Chi-Yu, L50|100\/100\n|switch|p2a: Gyarados|Gyarados, L50, F, shiny|100\/100\n|switch|p2b: Iron Treads|Iron Treads, L50, shiny|100\/100\n|-ability|p1b: PEE-Yu|Beads of Ruin\n|-ability|p2a: Gyarados|Intimidate|boost\n|-unboost|p1a: BLOW-chien|atk|1\n|-unboost|p1b: PEE-Yu|atk|1\n|-enditem|p1b: PEE-Yu|Eject Pack\n|\n|t:|1683575448\n|switch|p1b: GyaraGROSS|Gyarados, L50, F|100\/100\n|-ability|p1b: GyaraGROSS|Intimidate|boost\n|-unboost|p2a: Gyarados|atk|1\n|-unboost|p2b: Iron Treads|atk|1\n|-ability|p1a: BLOW-chien|Tablets of Ruin\n|-enditem|p2b: Iron Treads|Booster Energy\n|-activate|p2b: Iron Treads|ability: Quark Drive|[fromitem]\n|-start|p2b: Iron Treads|quarkdrivespe\n|turn|1\n|inactive|GruffuddH has 30 seconds left.\n|inactive|JacysynR has 30 seconds left.\n|\n|t:|1683575476\n|-end|p2b: Iron Treads|Quark Drive|[silent]\n|switch|p2b: Amoonguss|Amoonguss, L50, F, shiny|100\/100\n|move|p2a: Gyarados|Dragon Dance|p2a: Gyarados\n|-boost|p2a: Gyarados|atk|1\n|-boost|p2a: Gyarados|spe|1\n|move|p1b: GyaraGROSS|Taunt|p2a: Gyarados\n|-start|p2a: Gyarados|move: Taunt\n|move|p1a: BLOW-chien|Leech Seed|p2b: Amoonguss\n|-immune|p2b: Amoonguss\n|\n|upkeep\n|turn|2\n|j| TrendanBrendan\n|\n|t:|1683575498\n|-terastallize|p2a: Gyarados|Flying\n|move|p1b: GyaraGROSS|Protect|p1b: GyaraGROSS\n|-singleturn|p1b: GyaraGROSS|Protect\n|move|p2b: Amoonguss|Rage Powder|p2b: Amoonguss\n|-singleturn|p2b: Amoonguss|move: Rage Powder\n|move|p2a: Gyarados|Tera Blast|p1a: BLOW-chien\n|-supereffective|p1a: BLOW-chien\n|-damage|p1a: BLOW-chien|36\/100\n|move|p1a: BLOW-chien|Ruination|p2b: Amoonguss\n|-damage|p2b: Amoonguss|50\/100\n|-enditem|p2b: Amoonguss|Sitrus Berry|[eat]\n|-heal|p2b: Amoonguss|75\/100|[from] item: Sitrus Berry\n|\n|-heal|p1a: BLOW-chien|42\/100|[from] item: Leftovers\n|upkeep\n|turn|3\n|\n|t:|1683575522\n|switch|p1a: GliBOREa|Glimmora, L50, F|100\/100\n|move|p2a: Gyarados|Tera Blast|p1a: GliBOREa\n|-resisted|p1a: GliBOREa\n|-damage|p1a: GliBOREa|68\/100\n|-activate|p1a: GliBOREa|ability: Toxic Debris\n|-sidestart|p2: JacysynR|move: Toxic Spikes\n|move|p1b: GyaraGROSS|Waterfall|p2a: Gyarados\n|-damage|p2a: Gyarados|59\/100\n|move|p2b: Amoonguss|Spore|p1b: GyaraGROSS\n|-activate|p1b: GyaraGROSS|item: Safety Goggles|Spore\n|\n|upkeep\n|turn|4\n|\n|t:|1683575541\n|move|p2b: Amoonguss|Rage Powder|p2b: Amoonguss\n|-singleturn|p2b: Amoonguss|move: Rage Powder\n|move|p2a: Gyarados|Waterfall|p1a: GliBOREa\n|-supereffective|p1a: GliBOREa\n|-damage|p1a: GliBOREa|0 fnt\n|-activate|p1a: GliBOREa|ability: Toxic Debris\n|-sidestart|p2: JacysynR|move: Toxic Spikes\n|faint|p1a: GliBOREa\n|move|p1b: GyaraGROSS|Taunt|p2b: Amoonguss\n|-start|p2b: Amoonguss|move: Taunt\n|\n|-end|p2a: Gyarados|move: Taunt\n|upkeep\n|\n|t:|1683575554\n|switch|p1a: PEE-Yu|Chi-Yu, L50|100\/100\n|-ability|p1a: PEE-Yu|Beads of Ruin\n|turn|5\n|inactive|GruffuddH has 30 seconds left.\n|\n|t:|1683575586\n|switch|p2b: Iron Treads|Iron Treads, L50, shiny|100\/100\n|move|p1a: PEE-Yu|Protect|p1a: PEE-Yu\n|-singleturn|p1a: PEE-Yu|Protect\n|move|p2a: Gyarados|Waterfall|p1a: PEE-Yu\n|-activate|p1a: PEE-Yu|move: Protect\n|move|p1b: GyaraGROSS|Waterfall|p2a: Gyarados\n|-damage|p2a: Gyarados|19\/100\n|\n|upkeep\n|turn|6\n|\n|t:|1683575603\n|switch|p1a: BLOW-chien|Wo-Chien, L50|42\/100\n|-ability|p1a: BLOW-chien|Tablets of Ruin\n|move|p2a: Gyarados|Waterfall|p1a: BLOW-chien\n|-resisted|p1a: BLOW-chien\n|-damage|p1a: BLOW-chien|30\/100\n|move|p2b: Iron Treads|Rock Tomb|p1b: GyaraGROSS\n|-supereffective|p1b: GyaraGROSS\n|-damage|p1b: GyaraGROSS|72\/100\n|-unboost|p1b: GyaraGROSS|spe|1\n|move|p1b: GyaraGROSS|Waterfall|p2a: Gyarados\n|-damage|p2a: Gyarados|0 fnt\n|faint|p2a: Gyarados\n|\n|-heal|p1a: BLOW-chien|36\/100|[from] item: Leftovers\n|upkeep\n|\n|t:|1683575610\n|switch|p2a: Amoonguss|Amoonguss, L50, F, shiny|100\/100\n|-sideend|p2: JacysynR|move: Toxic Spikes|[of] p2a: Amoonguss\n|turn|7\n|inactive|GruffuddH has 30 seconds left.\n|inactive|GruffuddH has 20 seconds left.\n|inactive|GruffuddH has 15 seconds left.\n|\n|t:|1683575651\n|move|p1a: BLOW-chien|Protect|p1a: BLOW-chien\n|-singleturn|p1a: BLOW-chien|Protect\n|move|p2b: Iron Treads|Rock Tomb|p1b: GyaraGROSS\n|-supereffective|p1b: GyaraGROSS\n|-damage|p1b: GyaraGROSS|41\/100\n|-unboost|p1b: GyaraGROSS|spe|1\n|move|p1b: GyaraGROSS|Waterfall|p2b: Iron Treads\n|-supereffective|p2b: Iron Treads\n|-damage|p2b: Iron Treads|54\/100\n|move|p2a: Amoonguss|Pollen Puff|p1a: BLOW-chien\n|-activate|p1a: BLOW-chien|move: Protect\n|\n|-heal|p1a: BLOW-chien|42\/100|[from] item: Leftovers\n|upkeep\n|turn|8\n|inactive|GruffuddH has 30 seconds left.\n|\n|t:|1683575682\n|switch|p1a: PEE-Yu|Chi-Yu, L50|100\/100\n|-ability|p1a: PEE-Yu|Beads of Ruin\n|move|p2b: Iron Treads|Rock Tomb|p1b: GyaraGROSS\n|-supereffective|p1b: GyaraGROSS\n|-damage|p1b: GyaraGROSS|5\/100\n|-unboost|p1b: GyaraGROSS|spe|1\n|move|p2a: Amoonguss|Pollen Puff|p1a: PEE-Yu\n|-damage|p1a: PEE-Yu|81\/100\n|move|p1b: GyaraGROSS|Waterfall|p2b: Iron Treads\n|-supereffective|p2b: Iron Treads\n|-damage|p2b: Iron Treads|0 fnt\n|faint|p2b: Iron Treads\n|-end|p2b: Iron Treads|Quark Drive|[silent]\n|\n|upkeep\n|\n|t:|1683575685\n|switch|p2b: Armarouge|Armarouge, L50, M, shiny|100\/100\n|turn|9\n|inactive|GruffuddH has 30 seconds left.\n|inactive|GruffuddH has 20 seconds left.\n|\n|t:|1683575722\n|move|p1b: GyaraGROSS|Helping Hand|p1a: PEE-Yu\n|-singleturn|p1a: PEE-Yu|Helping Hand|[of] p1b: GyaraGROSS\n|move|p2a: Amoonguss|Rage Powder|p2a: Amoonguss\n|-singleturn|p2a: Amoonguss|move: Rage Powder\n|move|p1a: PEE-Yu|Overheat|p2a: Amoonguss|[miss]\n|-miss|p1a: PEE-Yu|p2a: Amoonguss\n|move|p2b: Armarouge|Trick Room|p2b: Armarouge\n|-fieldstart|move: Trick Room|[of] p2b: Armarouge\n|\n|upkeep\n|turn|10\n|inactive|JacysynR has 30 seconds left.\n|inactive|JacysynR has 20 seconds left.\n|inactive|JacysynR has 15 seconds left.\n|inactive|JacysynR has 10 seconds left.\n|inactive|JacysynR has 5 seconds left.\n|\n|t:|1683575774\n|switch|p1a: BLOW-chien|Wo-Chien, L50|42\/100\n|-ability|p1a: BLOW-chien|Tablets of Ruin\n|move|p1b: GyaraGROSS|Waterfall|p2b: Armarouge\n|-supereffective|p2b: Armarouge\n|-damage|p2b: Armarouge|50\/100\n|move|p2a: Amoonguss|Pollen Puff|p1b: GyaraGROSS\n|-resisted|p1b: GyaraGROSS\n|-damage|p1b: GyaraGROSS|0 fnt\n|faint|p1b: GyaraGROSS\n|move|p2b: Armarouge|Armor Cannon|p1a: BLOW-chien\n|-supereffective|p1a: BLOW-chien\n|-damage|p1a: BLOW-chien|0 fnt\n|-unboost|p2b: Armarouge|def|1\n|-unboost|p2b: Armarouge|spd|1\n|faint|p1a: BLOW-chien\n|\n|upkeep\n|\n|t:|1683575791\n|switch|p1b: PEE-Yu|Chi-Yu, L50|81\/100\n|-ability|p1b: PEE-Yu|Beads of Ruin\n|turn|11\n|\n|t:|1683575806\n|move|p2a: Amoonguss|Spore|p1b: PEE-Yu\n|-status|p1b: PEE-Yu|slp|[from] move: Spore\n|move|p2b: Armarouge|Armor Cannon|p1b: PEE-Yu\n|-resisted|p1b: PEE-Yu\n|-damage|p1b: PEE-Yu|42\/100 slp\n|-unboost|p2b: Armarouge|def|1\n|-unboost|p2b: Armarouge|spd|1\n|cant|p1b: PEE-Yu|slp\n|\n|upkeep\n|turn|12\n|\n|t:|1683575821\n|move|p2a: Amoonguss|Pollen Puff|p1b: PEE-Yu\n|-damage|p1b: PEE-Yu|20\/100 slp\n|move|p2b: Armarouge|Armor Cannon|p1b: PEE-Yu\n|-resisted|p1b: PEE-Yu\n|-damage|p1b: PEE-Yu|0 fnt\n|-unboost|p2b: Armarouge|def|1\n|-unboost|p2b: Armarouge|spd|1\n|faint|p1b: PEE-Yu\n|\n|win|JacysynR\n|raw|GruffuddH's rating: 1058 → 1043<\/strong> (-15 for losing)\n|raw|JacysynR's rating: 1119 → 1140<\/strong> (+21 for winning)\n|c|\u2606GruffuddH|i need to get chi yu his glasses\n|l|\u2606JacysynR\n","uploadtime":1683575845,"views":9,"p1id":"gruffuddh","p2id":"jacysynr","formatid":"gen9vgc2023regulationc","rating":1043,"private":0,"password":""}