{"id":"gen9vgc2023regulationc-1852512072","p1":"MenMo","p2":"A0000000","format":"[Gen 9] VGC 2023 Regulation C","log":"|j|\u2606MenMo\n|j|\u2606A0000000\n|t:|1682567627\n|gametype|doubles\n|player|p1|MenMo|2|1030\n|player|p2|A0000000|265|1070\n|teamsize|p1|6\n|teamsize|p2|6\n|gen|9\n|tier|[Gen 9] VGC 2023 Regulation C\n|rated|\n|rule|Species Clause: Limit one of each Pok\u00e9mon\n|rule|Item Clause: Limit one of each item\n|clearpoke\n|poke|p1|Arcanine, L50, M|\n|poke|p1|Gyarados, L50, F|\n|poke|p1|Brute Bonnet, L50|\n|poke|p1|Flutter Mane, L50|\n|poke|p1|Chien-Pao, L50|\n|poke|p1|Volcarona, L50, M|\n|poke|p2|Baxcalibur, L50, F|\n|poke|p2|Chi-Yu, L50|\n|poke|p2|Slowking, L50, F|\n|poke|p2|Stantler, L50, F|\n|poke|p2|Annihilape, L50, M|\n|poke|p2|Amoonguss, L50, F|\n|teampreview|4\n|\n|t:|1682567677\n|start\n|switch|p1a: Brute Bonnet|Brute Bonnet, L50|100\/100\n|switch|p1b: Volcarona|Volcarona, L50, M|100\/100\n|switch|p2a: Stantler|Stantler, L50, F|100\/100\n|switch|p2b: Annihilape|Annihilape, L50, M|100\/100\n|-ability|p2a: Stantler|Intimidate|boost\n|-unboost|p1a: Brute Bonnet|atk|1\n|-unboost|p1b: Volcarona|atk|1\n|turn|1\n|inactive|Battle timer is ON: inactive players will automatically lose when time's up. (requested by A0000000)\n|\n|t:|1682567702\n|-terastallize|p2b: Annihilape|Fire\n|-terastallize|p1a: Brute Bonnet|Fire\n|move|p2b: Annihilape|Bulk Up|p2b: Annihilape\n|-boost|p2b: Annihilape|atk|1\n|-boost|p2b: Annihilape|def|1\n|move|p1b: Volcarona|Tailwind|p1b: Volcarona\n|-sidestart|p1: MenMo|move: Tailwind\n|move|p1a: Brute Bonnet|Bullet Seed|p2b: Annihilape\n|-resisted|p2b: Annihilape\n|-damage|p2b: Annihilape|98\/100\n|-resisted|p2b: Annihilape\n|-damage|p2b: Annihilape|95\/100\n|-resisted|p2b: Annihilape\n|-damage|p2b: Annihilape|92\/100\n|-resisted|p2b: Annihilape\n|-damage|p2b: Annihilape|89\/100\n|-hitcount|p2b: Annihilape|4\n|move|p2a: Stantler|Skill Swap|p1b: Volcarona\n|-activate|p2a: Stantler|move: Skill Swap|Flame Body|Intimidate|[of] p1b: Volcarona\n|-ability|p1b: Volcarona|Intimidate|boost\n|-unboost|p2a: Stantler|atk|1\n|-unboost|p2b: Annihilape|atk|1\n|-ability|p2b: Annihilape|Defiant|boost\n|-boost|p2b: Annihilape|atk|2\n|-enditem|p2b: Annihilape|Adrenaline Orb\n|-boost|p2b: Annihilape|spe|1|[from] item: Adrenaline Orb\n|\n|upkeep\n|turn|2\n|inactive|MenMo has 30 seconds left.\n|inactive|A0000000 has 30 seconds left.\n|inactive|MenMo has 20 seconds left.\n|\n|t:|1682567739\n|switch|p2a: Amoonguss|Amoonguss, L50, F|100\/100\n|move|p1b: Volcarona|Bug Buzz|p2b: Annihilape\n|-resisted|p2b: Annihilape\n|-damage|p2b: Annihilape|66\/100\n|move|p2b: Annihilape|Rage Fist|p1b: Volcarona\n|-damage|p1b: Volcarona|0 fnt\n|faint|p1b: Volcarona\n|move|p1a: Brute Bonnet|Tera Blast|p2a: Amoonguss\n|-supereffective|p2a: Amoonguss\n|-damage|p2a: Amoonguss|41\/100\n|\n|-heal|p2a: Amoonguss|47\/100|[from] item: Black Sludge\n|upkeep\n|inactive|MenMo has 30 seconds left.\n|\n|t:|1682567765\n|switch|p1b: Flutter Mane|Flutter Mane, L50|100\/100\n|turn|3\n|\n|t:|1682567785\n|switch|p2a: Stantler|Stantler, L50, F|100\/100\n|-ability|p2a: Stantler|Intimidate|boost\n|-unboost|p1a: Brute Bonnet|atk|1\n|-unboost|p1b: Flutter Mane|atk|1\n|move|p1b: Flutter Mane|Psyshock|p2b: Annihilape\n|-damage|p2b: Annihilape|39\/100\n|move|p2b: Annihilape|Rage Fist|p1b: Flutter Mane\n|-supereffective|p1b: Flutter Mane\n|-damage|p1b: Flutter Mane|0 fnt\n|faint|p1b: Flutter Mane\n|-end|p1b: Flutter Mane|Protosynthesis|[silent]\n|move|p1a: Brute Bonnet|Tera Blast|p2a: Stantler\n|-damage|p2a: Stantler|79\/100\n|\n|upkeep\n|\n|t:|1682567800\n|switch|p1b: Chien-Pao|Chien-Pao, L50|100\/100\n|-ability|p1b: Chien-Pao|Sword of Ruin\n|turn|4\n|c|\u2606A0000000|that flutter mane scarfed?\n|\n|t:|1682567820\n|move|p1a: Brute Bonnet|Sucker Punch|p2b: Annihilape\n|-damage|p2b: Annihilape|22\/100\n|move|p1b: Chien-Pao|Sacred Sword|p2b: Annihilape\n|-damage|p2b: Annihilape|0 fnt\n|faint|p2b: Annihilape\n|move|p2a: Stantler|Thunder Wave|p1a: Brute Bonnet\n|-status|p1a: Brute Bonnet|par\n|\n|-sideend|p1: MenMo|move: Tailwind\n|upkeep\n|c|\u2606A0000000|oh tailwing\n|c|\u2606A0000000|d\n|c|\u2606A0000000|im dumb lol\n|\n|t:|1682567842\n|switch|p2b: Amoonguss|Amoonguss, L50, F|80\/100\n|turn|5\n|c|\u2606MenMo|glass\uff0cnot scarf\n|inactive|MenMo has 30 seconds left.\n|\n|t:|1682567876\n|move|p2b: Amoonguss|Rage Powder|p2b: Amoonguss\n|-singleturn|p2b: Amoonguss|move: Rage Powder\n|move|p1b: Chien-Pao|Sacred Sword|p2b: Amoonguss\n|-resisted|p2b: Amoonguss\n|-damage|p2b: Amoonguss|57\/100\n|move|p2a: Stantler|Thunder Wave|p1b: Chien-Pao\n|-status|p1b: Chien-Pao|par\n|cant|p1a: Brute Bonnet|par\n|\n|-heal|p2b: Amoonguss|62\/100|[from] item: Black Sludge\n|upkeep\n|turn|6\n|\n|t:|1682567894\n|switch|p2a: Chi-Yu|Chi-Yu, L50|100\/100\n|-ability|p2a: Chi-Yu|Beads of Ruin\n|move|p2b: Amoonguss|Rage Powder|p2b: Amoonguss\n|-singleturn|p2b: Amoonguss|move: Rage Powder\n|cant|p1b: Chien-Pao|par\n|move|p1a: Brute Bonnet|Tera Blast|p2b: Amoonguss\n|-supereffective|p2b: Amoonguss\n|-damage|p2b: Amoonguss|0 fnt\n|faint|p2b: Amoonguss\n|\n|upkeep\n|\n|t:|1682567907\n|switch|p2b: Stantler|Stantler, L50, F|79\/100\n|-ability|p2b: Stantler|Intimidate|boost\n|-unboost|p1a: Brute Bonnet|atk|1\n|-unboost|p1b: Chien-Pao|atk|1\n|turn|7\n|\n|t:|1682567922\n|move|p1a: Brute Bonnet|Sucker Punch|p2a: Chi-Yu\n|-resisted|p2a: Chi-Yu\n|-damage|p2a: Chi-Yu|81\/100\n|move|p2a: Chi-Yu|Flamethrower|p1b: Chien-Pao\n|-supereffective|p1b: Chien-Pao\n|-enditem|p1b: Chien-Pao|Focus Sash\n|-damage|p1b: Chien-Pao|1\/100 par\n|-damage|p2a: Chi-Yu|71\/100|[from] item: Life Orb\n|move|p2b: Stantler|Reflect|p2b: Stantler\n|-sidestart|p2: A0000000|Reflect\n|move|p1b: Chien-Pao|Sacred Sword|p2b: Stantler\n|-supereffective|p2b: Stantler\n|-damage|p2b: Stantler|43\/100\n|\n|upkeep\n|turn|8\n|inactive|MenMo has 30 seconds left.\n|inactive|A0000000 has 30 seconds left.\n|inactive|A0000000 has 20 seconds left.\n|\n|t:|1682567961\n|move|p2a: Chi-Yu|Flamethrower|p1b: Chien-Pao\n|-supereffective|p1b: Chien-Pao\n|-damage|p1b: Chien-Pao|0 fnt\n|faint|p1b: Chien-Pao\n|-damage|p2a: Chi-Yu|61\/100|[from] item: Life Orb\n|move|p2b: Stantler|Skill Swap|p2a: Chi-Yu\n|-activate|p2b: Stantler|move: Skill Swap|||[of] p2a: Chi-Yu\n|-ability|p2b: Stantler|Beads of Ruin\n|-ability|p2a: Chi-Yu|Intimidate|boost\n|-unboost|p1a: Brute Bonnet|atk|1\n|move|p1a: Brute Bonnet|Bullet Seed|p2b: Stantler\n|-damage|p2b: Stantler|39\/100\n|-damage|p2b: Stantler|36\/100\n|-damage|p2b: Stantler|33\/100\n|-damage|p2b: Stantler|29\/100\n|-hitcount|p2b: Stantler|4\n|\n|upkeep\n|turn|9\n|\n|t:|1682567982\n|move|p1a: Brute Bonnet|Sucker Punch||[still]\n|-fail|p1a: Brute Bonnet\n|move|p2a: Chi-Yu|Nasty Plot|p2a: Chi-Yu\n|-boost|p2a: Chi-Yu|spa|2\n|move|p2b: Stantler|Skill Swap|p2a: Chi-Yu\n|-activate|p2b: Stantler|move: Skill Swap|||[of] p2a: Chi-Yu\n|-ability|p2b: Stantler|Intimidate|boost\n|-unboost|p1a: Brute Bonnet|atk|1\n|-ability|p2a: Chi-Yu|Beads of Ruin\n|\n|upkeep\n|turn|10\n|\n|t:|1682567998\n|move|p2a: Chi-Yu|Dark Pulse|p1a: Brute Bonnet\n|-damage|p1a: Brute Bonnet|0 fnt\n|faint|p1a: Brute Bonnet\n|-end|p1a: Brute Bonnet|Protosynthesis|[silent]\n|-damage|p2a: Chi-Yu|51\/100|[from] item: Life Orb\n|\n|win|A0000000\n|raw|MenMo's rating: 1030 → 1017<\/strong> (-13 for losing)\n|raw|A0000000's rating: 1070 → 1096<\/strong> (+26 for winning)\n|c|\u2606A0000000|gg wp\n","uploadtime":1682568007,"views":8,"p1id":"menmo","p2id":"a0000000","formatid":"gen9vgc2023regulationc","rating":1017,"private":0,"password":""}