{"id":"gen9vgc2023regulationc-1855545562","p1":"GalliantGallade","p2":"PR0J3CT Nub","format":"[Gen 9] VGC 2023 Regulation C","log":"|j|\u2606GalliantGallade\n|j|\u2606PR0J3CT Nub\n|t:|1682960845\n|gametype|doubles\n|player|p1|GalliantGallade|2|1060\n|player|p2|PR0J3CT Nub|2|1150\n|teamsize|p1|6\n|teamsize|p2|6\n|gen|9\n|tier|[Gen 9] VGC 2023 Regulation C\n|rated|\n|rule|Species Clause: Limit one of each Pok\u00e9mon\n|rule|Item Clause: Limit one of each item\n|clearpoke\n|poke|p1|Raichu, L50, F|\n|poke|p1|Talonflame, L50, F|\n|poke|p1|Gallade, L50, M|\n|poke|p1|Brambleghast, L50, F|\n|poke|p1|Iron Bundle, L50|\n|poke|p1|Garchomp, L50, M|\n|poke|p2|Clodsire, L50, M|\n|poke|p2|Ting-Lu, L50|\n|poke|p2|Garchomp, L50, F|\n|poke|p2|Arcanine, L50, F|\n|poke|p2|Corviknight, L50, F|\n|poke|p2|Gastrodon, L50, M|\n|teampreview|4\n|inactive|Battle timer is ON: inactive players will automatically lose when time's up. (requested by PR0J3CT Nub)\n|inactive|GalliantGallade has 60 seconds left.\n|inactive|PR0J3CT Nub has 60 seconds left.\n|\n|t:|1682960900\n|start\n|switch|p1a: Talonflame|Talonflame, L50, F|100\/100\n|switch|p1b: Brambleghast|Brambleghast, L50, F|100\/100\n|switch|p2a: Ting-Lu|Ting-Lu, L50|100\/100\n|switch|p2b: Arcanine|Arcanine, L50, F|100\/100\n|-ability|p2b: Arcanine|Intimidate|boost\n|-unboost|p1a: Talonflame|atk|1\n|-unboost|p1b: Brambleghast|atk|1\n|-ability|p2a: Ting-Lu|Vessel of Ruin\n|turn|1\n|l|\u2606PR0J3CT Nub\n|inactive|PR0J3CT Nub disconnected and has a minute to reconnect!\n|player|p2|\n|j|\u2606PR0J3CT Nub\n|inactive|PR0J3CT Nub reconnected and has 40 seconds left.\n|player|p2|PR0J3CT Nub|2\n|inactive|PR0J3CT Nub has 30 seconds left.\n|\n|t:|1682960927\n|-terastallize|p1b: Brambleghast|Grass\n|move|p1a: Talonflame|Tailwind|p1a: Talonflame\n|-sidestart|p1: GalliantGallade|move: Tailwind\n|-ability|p1b: Brambleghast|Wind Rider|boost\n|-boost|p1b: Brambleghast|atk|1\n|move|p1b: Brambleghast|Power Whip|p2a: Ting-Lu\n|-supereffective|p2a: Ting-Lu\n|-damage|p2a: Ting-Lu|0 fnt\n|faint|p2a: Ting-Lu\n|-damage|p1b: Brambleghast|90\/100|[from] item: Life Orb\n|move|p2b: Arcanine|Howl|p2b: Arcanine\n|-boost|p2b: Arcanine|atk|1\n|\n|upkeep\n|\n|t:|1682960946\n|switch|p2a: Gastrodon|Gastrodon, L50, M|100\/100\n|turn|2\n|\n|t:|1682960959\n|move|p1a: Talonflame|Protect|p1a: Talonflame\n|-singleturn|p1a: Talonflame|Protect\n|move|p2a: Gastrodon|Protect|p2a: Gastrodon\n|-singleturn|p2a: Gastrodon|Protect\n|move|p1b: Brambleghast|Phantom Force||[still]\n|-prepare|p1b: Brambleghast|Phantom Force\n|move|p2b: Arcanine|Flare Blitz|p1b: Brambleghast|[miss]\n|-miss|p2b: Arcanine|p1b: Brambleghast\n|\n|upkeep\n|turn|3\n|\n|t:|1682960977\n|switch|p2a: Clodsire|Clodsire, L50, M|100\/100\n|move|p1a: Talonflame|Brave Bird|p2b: Arcanine\n|-damage|p2b: Arcanine|69\/100\n|-damage|p1a: Talonflame|87\/100|[from] Recoil\n|move|p1b: Brambleghast|Phantom Force|p2b: Arcanine|[from]lockedmove\n|-damage|p2b: Arcanine|7\/100\n|-damage|p1b: Brambleghast|80\/100|[from] item: Life Orb\n|move|p2b: Arcanine|Flare Blitz|p1b: Brambleghast\n|-supereffective|p1b: Brambleghast\n|-damage|p1b: Brambleghast|0 fnt\n|faint|p1b: Brambleghast\n|-damage|p2b: Arcanine|0 fnt|[from] Recoil\n|faint|p2b: Arcanine\n|\n|upkeep\n|\n|t:|1682960995\n|switch|p1b: Iron Bundle|Iron Bundle, L50, shiny|100\/100\n|switch|p2b: Gastrodon|Gastrodon, L50, M|100\/100\n|-enditem|p1b: Iron Bundle|Booster Energy\n|-activate|p1b: Iron Bundle|ability: Quark Drive|[fromitem]\n|-start|p1b: Iron Bundle|quarkdrivespe\n|turn|4\n|\n|t:|1682961011\n|-terastallize|p2b: Gastrodon|Poison\n|move|p1a: Talonflame|Protect|p1a: Talonflame\n|-singleturn|p1a: Talonflame|Protect\n|move|p1b: Iron Bundle|Blizzard|p2a: Clodsire|[spread] \n|-miss|p1b: Iron Bundle|p2a: Clodsire\n|-miss|p1b: Iron Bundle|p2b: Gastrodon\n|move|p2b: Gastrodon|Sludge Bomb|p1b: Iron Bundle\n|-damage|p1b: Iron Bundle|34\/100\n|move|p2a: Clodsire|Surf|p1a: Talonflame|[spread] p1b\n|-activate|p1a: Talonflame|move: Protect\n|-ability|p2b: Gastrodon|Storm Drain|boost\n|-boost|p2b: Gastrodon|spa|1\n|-resisted|p1b: Iron Bundle\n|-damage|p1b: Iron Bundle|26\/100\n|\n|-sideend|p1: GalliantGallade|move: Tailwind\n|upkeep\n|turn|5\n|\n|t:|1682961035\n|move|p1b: Iron Bundle|Hydro Pump|p2b: Gastrodon\n|-activate|p2b: Gastrodon|ability: Storm Drain\n|-ability|p2b: Gastrodon|Storm Drain|boost\n|-boost|p2b: Gastrodon|spa|1\n|move|p1a: Talonflame|Tailwind|p1a: Talonflame\n|-sidestart|p1: GalliantGallade|move: Tailwind\n|move|p2b: Gastrodon|Muddy Water|p1a: Talonflame|[spread] p1a,p1b\n|-supereffective|p1a: Talonflame\n|-resisted|p1b: Iron Bundle\n|-damage|p1a: Talonflame|0 fnt\n|-damage|p1b: Iron Bundle|0 fnt\n|faint|p1a: Talonflame\n|faint|p1b: Iron Bundle\n|-end|p1b: Iron Bundle|Quark Drive|[silent]\n|move|p2a: Clodsire|Surf|p2b: Gastrodon\n|-ability|p2b: Gastrodon|Storm Drain|boost\n|-boost|p2b: Gastrodon|spa|1\n|\n|upkeep\n|\n|t:|1682961041\n|switch|p1a: Raichu|Raichu, L50, F|100\/100\n|turn|6\n|c|\u2606GalliantGallade|Wow I\u2019m unlucky on that Blizzard\n|\n|t:|1682961060\n|move|p1a: Raichu|Fake Out|p2b: Gastrodon\n|-damage|p2b: Gastrodon|93\/100\n|move|p2b: Gastrodon|Sludge Bomb|p1a: Raichu\n|-damage|p1a: Raichu|0 fnt\n|faint|p1a: Raichu\n|\n|win|PR0J3CT Nub\n|raw|GalliantGallade's rating: 1060 → 1046<\/strong> (-14 for losing)\n|raw|PR0J3CT Nub's rating: 1150 → 1169<\/strong> (+19 for winning)\n|l|\u2606GalliantGallade\n","uploadtime":1682961076,"views":23,"p1id":"galliantgallade","p2id":"pr0j3ctnub","formatid":"gen9vgc2023regulationc","rating":1046,"private":0,"password":""}