{"id":"gen9vgc2023regulationc-1847989667","p1":"Dosher","p2":"EdwinVGC","format":"[Gen 9] VGC 2023 Regulation C","log":"|j|\u2606Dosher\n|j|\u2606EdwinVGC\n|t:|1682018535\n|gametype|doubles\n|player|p1|Dosher|veteran|1111\n|player|p2|EdwinVGC|265|1031\n|teamsize|p1|6\n|teamsize|p2|6\n|gen|9\n|tier|[Gen 9] VGC 2023 Regulation C\n|rated|\n|rule|Species Clause: Limit one of each Pok\u00e9mon\n|rule|Item Clause: Limit one of each item\n|clearpoke\n|poke|p1|Ting-Lu, L50|\n|poke|p1|Amoonguss, L50, F|\n|poke|p1|Flutter Mane, L50|\n|poke|p1|Annihilape, L50, F|\n|poke|p1|Arcanine, L50, M|\n|poke|p1|Palafin, L50, M|\n|poke|p2|Glimmora, L50, M|\n|poke|p2|Wo-Chien, L50|\n|poke|p2|Gyarados, L50, M|\n|poke|p2|Flutter Mane, L50|\n|poke|p2|Kingambit, L50, M|\n|poke|p2|Dragonite, L50, F|\n|teampreview|4\n|inactive|Battle timer is ON: inactive players will automatically lose when time's up. (requested by Dosher)\nDosher rejected open team sheets.\n|\n|t:|1682018562\n|start\n|switch|p1a: Ting-Lu|Ting-Lu, L50|100\/100\n|switch|p1b: Amoonguss|Amoonguss, L50, F|100\/100\n|switch|p2a: Glimmora|Glimmora, L50, M, shiny|100\/100\n|switch|p2b: Wo-Chien|Wo-Chien, L50|100\/100\n|-ability|p2b: Wo-Chien|Tablets of Ruin\n|-ability|p1a: Ting-Lu|Vessel of Ruin\n|turn|1\n|\n|t:|1682018587\n|move|p2a: Glimmora|Mortal Spin|p1a: Ting-Lu|[spread] p1a,p1b\n|-resisted|p1a: Ting-Lu\n|-damage|p1a: Ting-Lu|99\/100\n|-damage|p1b: Amoonguss|97\/100\n|-status|p1a: Ting-Lu|psn\n|-status|p1b: Amoonguss|psn\n|-damage|p2a: Glimmora|84\/100|[from] item: Rocky Helmet|[of] p1b: Amoonguss\n|move|p2b: Wo-Chien|Leech Seed|p1a: Ting-Lu\n|-start|p1a: Ting-Lu|move: Leech Seed\n|move|p1a: Ting-Lu|Fissure|p2b: Wo-Chien|[miss]\n|-miss|p1a: Ting-Lu|p2b: Wo-Chien\n|move|p1b: Amoonguss|Spore|p2a: Glimmora\n|-status|p2a: Glimmora|slp|[from] move: Spore\n|\n|-damage|p1a: Ting-Lu|88\/100 psn|[from] Leech Seed|[of] p2b: Wo-Chien\n|-damage|p1a: Ting-Lu|75\/100 psn|[from] psn\n|-damage|p1b: Amoonguss|85\/100 psn|[from] psn\n|upkeep\n|turn|2\n|inactive|Dosher has 30 seconds left.\n|inactive|EdwinVGC has 30 seconds left.\n|\n|t:|1682018613\n|switch|p1a: Arcanine|Arcanine, L50, M|100\/100\n|-ability|p1a: Arcanine|Intimidate|boost\n|-unboost|p2a: Glimmora|atk|1\n|-unboost|p2b: Wo-Chien|atk|1\n|switch|p1b: Annihilape|Annihilape, L50, F|100\/100\n|cant|p2a: Glimmora|slp\n|move|p2b: Wo-Chien|Protect||[still]\n|-fail|p2b: Wo-Chien\n|\n|upkeep\n|turn|3\n|\n|t:|1682018629\n|move|p1a: Arcanine|Flare Blitz|p2b: Wo-Chien\n|-supereffective|p2b: Wo-Chien\n|-damage|p2b: Wo-Chien|37\/100\n|-status|p2b: Wo-Chien|brn\n|-damage|p1a: Arcanine|80\/100|[from] Recoil\n|cant|p2a: Glimmora|slp\n|move|p1b: Annihilape|Bulk Up|p1b: Annihilape\n|-boost|p1b: Annihilape|atk|1\n|-boost|p1b: Annihilape|def|1\n|move|p2b: Wo-Chien|Substitute|p2b: Wo-Chien\n|-start|p2b: Wo-Chien|Substitute\n|-damage|p2b: Wo-Chien|12\/100 brn\n|\n|-heal|p2b: Wo-Chien|18\/100 brn|[from] item: Leftovers\n|-damage|p2b: Wo-Chien|12\/100 brn|[from] brn\n|upkeep\n|turn|4\n|inactive|Dosher has 30 seconds left.\n|inactive|EdwinVGC has 30 seconds left.\n|\n|t:|1682018660\n|switch|p1a: Amoonguss|Amoonguss, L50, F|100\/100 psn\n|switch|p2a: Kingambit|Kingambit, L50, M, shiny|100\/100\n|move|p1b: Annihilape|Bulk Up|p1b: Annihilape\n|-boost|p1b: Annihilape|atk|1\n|-boost|p1b: Annihilape|def|1\n|move|p2b: Wo-Chien|Leech Seed|p1a: Amoonguss\n|-immune|p1a: Amoonguss\n|\n|-heal|p2b: Wo-Chien|18\/100 brn|[from] item: Leftovers\n|-damage|p1a: Amoonguss|88\/100 psn|[from] psn\n|-damage|p2b: Wo-Chien|12\/100 brn|[from] brn\n|upkeep\n|turn|5\n|\n|t:|1682018679\n|move|p1b: Annihilape|Protect|p1b: Annihilape\n|-singleturn|p1b: Annihilape|Protect\n|move|p2a: Kingambit|Sucker Punch||[still]\n|-fail|p2a: Kingambit\n|move|p2b: Wo-Chien|Giga Drain|p1b: Annihilape\n|-activate|p1b: Annihilape|move: Protect\n|move|p1a: Amoonguss|Spore|p2a: Kingambit\n|-status|p2a: Kingambit|slp|[from] move: Spore\n|\n|-heal|p2b: Wo-Chien|18\/100 brn|[from] item: Leftovers\n|-damage|p1a: Amoonguss|76\/100 psn|[from] psn\n|-damage|p2b: Wo-Chien|12\/100 brn|[from] brn\n|upkeep\n|turn|6\n|\n|t:|1682018703\n|move|p1a: Amoonguss|Rage Powder|p1a: Amoonguss\n|-singleturn|p1a: Amoonguss|move: Rage Powder\n|cant|p2a: Kingambit|slp\n|move|p1b: Annihilape|Drain Punch|p2a: Kingambit\n|-supereffective|p2a: Kingambit\n|-damage|p2a: Kingambit|0 fnt\n|faint|p2a: Kingambit\n|move|p2b: Wo-Chien|Leech Seed|p1b: Annihilape\n|-start|p1b: Annihilape|move: Leech Seed\n|\n|-heal|p2b: Wo-Chien|18\/100 brn|[from] item: Leftovers\n|-damage|p1b: Annihilape|88\/100|[from] Leech Seed|[of] p2b: Wo-Chien\n|-heal|p2b: Wo-Chien|32\/100 brn|[silent]\n|-damage|p1a: Amoonguss|64\/100 psn|[from] psn\n|-damage|p2b: Wo-Chien|25\/100 brn|[from] brn\n|upkeep\n|\n|t:|1682018722\n|switch|p2a: Glimmora|Glimmora, L50, M, shiny|84\/100 slp\n|turn|7\n|\n|t:|1682018737\n|-curestatus|p2a: Glimmora|slp|[msg]\n|move|p2a: Glimmora|Mortal Spin|p1b: Annihilape|[spread] p1a,p1b\n|-resisted|p1b: Annihilape\n|-damage|p1a: Amoonguss|60\/100 psn\n|-damage|p1b: Annihilape|87\/100\n|-status|p1b: Annihilape|psn\n|-damage|p2a: Glimmora|68\/100|[from] item: Rocky Helmet|[of] p1a: Amoonguss\n|move|p1b: Annihilape|Drain Punch|p2a: Glimmora\n|-damage|p2a: Glimmora|10\/100\n|-heal|p1b: Annihilape|100\/100 psn|[from] drain|[of] p2a: Glimmora\n|move|p2b: Wo-Chien|Giga Drain|p1b: Annihilape\n|-damage|p1b: Annihilape|82\/100 psn\n|-heal|p2b: Wo-Chien|36\/100 brn|[from] drain|[of] p1b: Annihilape\n|move|p1a: Amoonguss|Pollen Puff|p1b: Annihilape\n|-heal|p1b: Annihilape|100\/100 psn\n|\n|-heal|p2b: Wo-Chien|42\/100 brn|[from] item: Leftovers\n|-damage|p1b: Annihilape|88\/100 psn|[from] Leech Seed|[of] p2b: Wo-Chien\n|-heal|p2b: Wo-Chien|56\/100 brn|[silent]\n|-damage|p1b: Annihilape|76\/100 psn|[from] psn\n|-damage|p1a: Amoonguss|48\/100 psn|[from] psn\n|-damage|p2b: Wo-Chien|49\/100 brn|[from] brn\n|upkeep\n|turn|8\n|inactive|Dosher has 30 seconds left.\n|inactive|EdwinVGC has 30 seconds left.\n|\n|t:|1682018766\n|move|p2a: Glimmora|Spiky Shield|p2a: Glimmora\n|-singleturn|p2a: Glimmora|move: Protect\n|move|p1b: Annihilape|Drain Punch|p2a: Glimmora\n|-activate|p2a: Glimmora|move: Protect\n|-damage|p1b: Annihilape|64\/100 psn|[from] Spiky Shield|[of] p2a: Glimmora\n|move|p2b: Wo-Chien|Giga Drain|p1a: Amoonguss\n|-resisted|p1a: Amoonguss\n|-damage|p1a: Amoonguss|44\/100 psn\n|-heal|p2b: Wo-Chien|52\/100 brn|[from] drain|[of] p1a: Amoonguss\n|move|p1a: Amoonguss|Pollen Puff|p1b: Annihilape\n|-heal|p1b: Annihilape|100\/100 psn\n|\n|-heal|p2b: Wo-Chien|58\/100 brn|[from] item: Leftovers\n|-damage|p1b: Annihilape|88\/100 psn|[from] Leech Seed|[of] p2b: Wo-Chien\n|-heal|p2b: Wo-Chien|71\/100 brn|[silent]\n|-damage|p1b: Annihilape|76\/100 psn|[from] psn\n|-damage|p1a: Amoonguss|32\/100 psn|[from] psn\n|-damage|p2b: Wo-Chien|65\/100 brn|[from] brn\n|upkeep\n|turn|9\n|\n|t:|1682018790\n|switch|p1a: Arcanine|Arcanine, L50, M|80\/100\n|-ability|p1a: Arcanine|Intimidate|boost\n|-unboost|p2a: Glimmora|atk|1\n|-immune|p2b: Wo-Chien\n|move|p2a: Glimmora|Venoshock|p1a: Arcanine\n|-damage|p1a: Arcanine|49\/100\n|move|p1b: Annihilape|Drain Punch|p2a: Glimmora\n|-damage|p2a: Glimmora|0 fnt\n|-heal|p1b: Annihilape|80\/100 psn|[from] drain|[of] p2a: Glimmora\n|faint|p2a: Glimmora\n|move|p2b: Wo-Chien|Giga Drain|p1b: Annihilape\n|-damage|p1b: Annihilape|62\/100 psn\n|-heal|p2b: Wo-Chien|75\/100 brn|[from] drain|[of] p1b: Annihilape\n|\n|-heal|p1b: Annihilape|68\/100 psn|[from] item: Leftovers\n|-heal|p2b: Wo-Chien|81\/100 brn|[from] item: Leftovers\n|-damage|p1b: Annihilape|56\/100 psn|[from] Leech Seed|[of] p2b: Wo-Chien\n|-heal|p2b: Wo-Chien|95\/100 brn|[silent]\n|-damage|p1b: Annihilape|44\/100 psn|[from] psn\n|-damage|p2b: Wo-Chien|89\/100 brn|[from] brn\n|upkeep\n|\n|t:|1682018811\n|switch|p2a: Flutter Mane|Flutter Mane, L50|100\/100\n|turn|10\n|\n|t:|1682018824\n|switch|p1b: Amoonguss|Amoonguss, L50, F|65\/100 psn\n|-terastallize|p2a: Flutter Mane|Fairy\n|move|p2a: Flutter Mane|Dazzling Gleam|p1b: Amoonguss|[spread] p1a,p1b\n|-resisted|p1a: Arcanine\n|-resisted|p1b: Amoonguss\n|-damage|p1a: Arcanine|16\/100\n|-damage|p1b: Amoonguss|43\/100 psn\n|move|p1a: Arcanine|Morning Sun|p1a: Arcanine\n|-heal|p1a: Arcanine|66\/100\n|move|p2b: Wo-Chien|Giga Drain|p1b: Amoonguss\n|-resisted|p1b: Amoonguss\n|-damage|p1b: Amoonguss|39\/100 psn\n|-heal|p2b: Wo-Chien|91\/100 brn|[from] drain|[of] p1b: Amoonguss\n|\n|-heal|p2b: Wo-Chien|97\/100 brn|[from] item: Leftovers\n|-damage|p1b: Amoonguss|27\/100 psn|[from] psn\n|-damage|p2b: Wo-Chien|91\/100 brn|[from] brn\n|upkeep\n|turn|11\n|inactive|Dosher has 30 seconds left.\n|\n|t:|1682018850\n|switch|p1b: Ting-Lu|Ting-Lu, L50|75\/100 psn\n|-ability|p1b: Ting-Lu|Vessel of Ruin\n|move|p2a: Flutter Mane|Dazzling Gleam|p1a: Arcanine|[spread] p1a,p1b\n|-resisted|p1a: Arcanine\n|-supereffective|p1b: Ting-Lu\n|-damage|p1a: Arcanine|41\/100\n|-damage|p1b: Ting-Lu|36\/100 psn\n|move|p1a: Arcanine|Morning Sun|p1a: Arcanine\n|-heal|p1a: Arcanine|91\/100\n|move|p2b: Wo-Chien|Leech Seed|p1a: Arcanine\n|-start|p1a: Arcanine|move: Leech Seed\n|\n|-heal|p2b: Wo-Chien|97\/100 brn|[from] item: Leftovers\n|-damage|p1a: Arcanine|79\/100|[from] Leech Seed|[of] p2b: Wo-Chien\n|-heal|p2b: Wo-Chien|100\/100 brn|[silent]\n|-damage|p1b: Ting-Lu|24\/100 psn|[from] psn\n|-damage|p2b: Wo-Chien|94\/100 brn|[from] brn\n|upkeep\n|turn|12\n|\n|t:|1682018873\n|switch|p1b: Amoonguss|Amoonguss, L50, F|60\/100 psn\n|move|p2a: Flutter Mane|Dazzling Gleam|p1a: Arcanine|[spread] p1a,p1b\n|-resisted|p1a: Arcanine\n|-resisted|p1b: Amoonguss\n|-damage|p1a: Arcanine|43\/100\n|-damage|p1b: Amoonguss|37\/100 psn\n|move|p1a: Arcanine|Flare Blitz|p2a: Flutter Mane\n|-damage|p2a: Flutter Mane|45\/100\n|-damage|p1a: Arcanine|28\/100|[from] Recoil\n|move|p2b: Wo-Chien|Giga Drain|p1b: Amoonguss\n|-resisted|p1b: Amoonguss\n|-damage|p1b: Amoonguss|33\/100 psn\n|-heal|p2b: Wo-Chien|97\/100 brn|[from] drain|[of] p1b: Amoonguss\n|\n|-heal|p2b: Wo-Chien|100\/100 brn|[from] item: Leftovers\n|-damage|p1a: Arcanine|16\/100|[from] Leech Seed|[of] p2b: Wo-Chien\n|-damage|p1b: Amoonguss|21\/100 psn|[from] psn\n|-damage|p2b: Wo-Chien|94\/100 brn|[from] brn\n|upkeep\n|turn|13\n|inactive|Dosher has 30 seconds left.\n|inactive|Dosher has 20 seconds left.\n|\n|t:|1682018912\n|move|p2a: Flutter Mane|Dazzling Gleam|p1b: Amoonguss|[spread] p1a,p1b\n|-resisted|p1a: Arcanine\n|-resisted|p1b: Amoonguss\n|-damage|p1a: Arcanine|0 fnt\n|-damage|p1b: Amoonguss|0 fnt\n|faint|p1a: Arcanine\n|faint|p1b: Amoonguss\n|move|p2b: Wo-Chien|Giga Drain|p1: Arcanine|[notarget]\n|-fail|p2b: Wo-Chien\n|\n|-heal|p2b: Wo-Chien|100\/100 brn|[from] item: Leftovers\n|-damage|p2b: Wo-Chien|94\/100 brn|[from] brn\n|upkeep\n|\n|t:|1682018923\n|switch|p1a: Annihilape|Annihilape, L50, F|44\/100 psn\n|switch|p1b: Ting-Lu|Ting-Lu, L50|24\/100 psn\n|-ability|p1b: Ting-Lu|Vessel of Ruin\n|turn|14\n|\n|t:|1682018945\n|-terastallize|p1a: Annihilape|Steel\n|move|p2a: Flutter Mane|Dazzling Gleam|p1a: Annihilape|[spread] p1a,p1b\n|-resisted|p1a: Annihilape\n|-supereffective|p1b: Ting-Lu\n|-damage|p1a: Annihilape|27\/100 psn\n|-damage|p1b: Ting-Lu|0 fnt\n|faint|p1b: Ting-Lu\n|move|p1a: Annihilape|Drain Punch|p2a: Flutter Mane\n|-resisted|p2a: Flutter Mane\n|-damage|p2a: Flutter Mane|24\/100\n|-heal|p1a: Annihilape|35\/100 psn|[from] drain|[of] p2a: Flutter Mane\n|move|p2b: Wo-Chien|Leech Seed|p1a: Annihilape\n|-start|p1a: Annihilape|move: Leech Seed\n|\n|-heal|p1a: Annihilape|41\/100 psn|[from] item: Leftovers\n|-heal|p2b: Wo-Chien|100\/100 brn|[from] item: Leftovers\n|-damage|p1a: Annihilape|29\/100 psn|[from] Leech Seed|[of] p2b: Wo-Chien\n|-damage|p1a: Annihilape|17\/100 psn|[from] psn\n|-damage|p2b: Wo-Chien|94\/100 brn|[from] brn\n|upkeep\n|turn|15\n|c|\u2606Dosher|GG\n|-message|Dosher forfeited.\n|\n|win|EdwinVGC\n|raw|Dosher's rating: 1111 → 1080<\/strong> (-31 for losing)\n|raw|EdwinVGC's rating: 1031 → 1074<\/strong> (+43 for winning)\n","uploadtime":1682019365,"views":18,"p1id":"dosher","p2id":"edwinvgc","formatid":"gen9vgc2023regulationc","rating":1074,"private":0,"password":""}