{"id":"gen9vgc2023regulationc-1845001310","p1":"weejx","p2":"Jirachi0997","format":"[Gen 9] VGC 2023 Regulation C","log":"|j|\u2606weejx\n|j|\u2606Jirachi0997\n|t:|1681672757\n|gametype|doubles\n|player|p1|weejx|alder|1132\n|player|p2|Jirachi0997|265|1040\n|teamsize|p1|6\n|teamsize|p2|6\n|gen|9\n|tier|[Gen 9] VGC 2023 Regulation C\n|rated|\n|rule|Species Clause: Limit one of each Pok\u00e9mon\n|rule|Item Clause: Limit one of each item\n|clearpoke\n|poke|p1|Farigiraf, L50, F|\n|poke|p1|Dragonite, L50, F|\n|poke|p1|Ting-Lu, L50|\n|poke|p1|Amoonguss, L50, F|\n|poke|p1|Kingambit, L50, F|\n|poke|p1|Flutter Mane, L50|\n|poke|p2|Flutter Mane, L50|\n|poke|p2|Chi-Yu, L50|\n|poke|p2|Iron Bundle, L50|\n|poke|p2|Amoonguss, L50, F|\n|poke|p2|Indeedee-F, L50, F|\n|poke|p2|Armarouge, L50, M|\n|teampreview|4\n|\n|t:|1681672778\n|start\n|switch|p1a: Farigiraf|Farigiraf, L50, F|100\/100\n|switch|p1b: Kingambit|Kingambit, L50, F|100\/100\n|switch|p2a: Chi-Yu|Chi-Yu, L50|100\/100\n|switch|p2b: Iron Bundle|Iron Bundle, L50|100\/100\n|-ability|p2a: Chi-Yu|Beads of Ruin\n|-enditem|p2b: Iron Bundle|Booster Energy\n|-activate|p2b: Iron Bundle|ability: Quark Drive|[fromitem]\n|-start|p2b: Iron Bundle|quarkdrivespe\n|turn|1\n|inactive|Battle timer is ON: inactive players will automatically lose when time's up. (requested by Jirachi0997)\n|\n|t:|1681672830\n|switch|p1b: Flutter Mane|Flutter Mane, L50|100\/100\n|move|p2b: Iron Bundle|Protect|p2b: Iron Bundle\n|-singleturn|p2b: Iron Bundle|Protect\n|move|p2a: Chi-Yu|Heat Wave|p1a: Farigiraf|[spread] p1a,p1b\n|-damage|p1a: Farigiraf|34\/100\n|-damage|p1b: Flutter Mane|39\/100\n|-damage|p2a: Chi-Yu|90\/100|[from] item: Life Orb\n|move|p1a: Farigiraf|Trick Room|p1a: Farigiraf\n|-fieldstart|move: Trick Room|[of] p1a: Farigiraf\n|\n|upkeep\n|turn|2\n|\n|t:|1681672848\n|move|p1a: Farigiraf|Psyshock|p2b: Iron Bundle\n|-damage|p2b: Iron Bundle|48\/100\n|move|p1b: Flutter Mane|Dazzling Gleam|p2b: Iron Bundle|[spread] p2a,p2b\n|-damage|p2a: Chi-Yu|37\/100\n|-damage|p2b: Iron Bundle|0 fnt\n|faint|p2b: Iron Bundle\n|-end|p2b: Iron Bundle|Quark Drive|[silent]\n|-damage|p1b: Flutter Mane|30\/100|[from] item: Life Orb\n|move|p2a: Chi-Yu|Heat Wave|p1b: Flutter Mane|[spread] p1a,p1b\n|-damage|p1a: Farigiraf|0 fnt\n|-damage|p1b: Flutter Mane|0 fnt\n|faint|p1a: Farigiraf\n|faint|p1b: Flutter Mane\n|-end|p1b: Flutter Mane|Protosynthesis|[silent]\n|-damage|p2a: Chi-Yu|27\/100|[from] item: Life Orb\n|\n|upkeep\n|\n|t:|1681672860\n|switch|p1a: Kingambit|Kingambit, L50, F|100\/100\n|switch|p1b: Dragonite|Dragonite, L50, F|100\/100\n|switch|p2b: Armarouge|Armarouge, L50, M|100\/100\n|turn|3\n|inactive|weejx has 30 seconds left.\n|\n|t:|1681672893\n|move|p1a: Kingambit|Kowtow Cleave|p2b: Armarouge\n|-supereffective|p2b: Armarouge\n|-damage|p2b: Armarouge|7\/100\n|move|p2b: Armarouge|Armor Cannon|p1a: Kingambit\n|-supereffective|p1a: Kingambit\n|-damage|p1a: Kingambit|0 fnt\n|-unboost|p2b: Armarouge|def|1\n|-unboost|p2b: Armarouge|spd|1\n|faint|p1a: Kingambit\n|move|p1b: Dragonite|Outrage|p2a: Chi-Yu\n|-damage|p2a: Chi-Yu|0 fnt\n|faint|p2a: Chi-Yu\n|\n|upkeep\n|\n|t:|1681672901\n|switch|p2a: Indeedee|Indeedee-F, L50, F|100\/100\n|-fieldstart|move: Psychic Terrain|[from] ability: Psychic Surge|[of] p2a: Indeedee\n|-enditem|p2a: Indeedee|Psychic Seed\n|-boost|p2a: Indeedee|spd|1|[from] item: Psychic Seed\n|turn|4\n|\n|t:|1681672913\n|move|p2a: Indeedee|Follow Me|p2a: Indeedee\n|-singleturn|p2a: Indeedee|move: Follow Me\n|move|p1b: Dragonite|Outrage|p2a: Indeedee|[from]lockedmove\n|-damage|p2a: Indeedee|0 fnt\n|faint|p2a: Indeedee\n|-start|p1b: Dragonite|confusion|[fatigue]\n|move|p2b: Armarouge|Trick Room|p2b: Armarouge\n|-fieldend|move: Trick Room\n|\n|upkeep\n|turn|5\n|\n|t:|1681672925\n|-activate|p1b: Dragonite|confusion\n|-damage|p1b: Dragonite|84\/100|[from] confusion\n|move|p2b: Armarouge|Expanding Force|p1b: Dragonite\n|-damage|p1b: Dragonite|0 fnt\n|faint|p1b: Dragonite\n|\n|win|Jirachi0997\n|raw|weejx's rating: 1132 → 1101<\/strong> (-31 for losing)\n|raw|Jirachi0997's rating: 1040 → 1083<\/strong> (+43 for winning)\n|l|\u2606Jirachi0997\n","uploadtime":1681672932,"views":8,"p1id":"weejx","p2id":"jirachi0997","formatid":"gen9vgc2023regulationc","rating":1083,"private":0,"password":""}