{"id":"gen9vgc2023regulationc-1852259951","p1":"OneWithTheSnom","p2":"Mdamatt","format":"[Gen 9] VGC 2023 Regulation C","log":"|j|\u2606OneWithTheSnom\n|j|\u2606Mdamatt\n|t:|1682537652\n|gametype|doubles\n|player|p1|OneWithTheSnom|gladion|1139\n|player|p2|Mdamatt|firebreather|1092\n|teamsize|p1|6\n|teamsize|p2|6\n|gen|9\n|tier|[Gen 9] VGC 2023 Regulation C\n|rated|\n|rule|Species Clause: Limit one of each Pok\u00e9mon\n|rule|Item Clause: Limit one of each item\n|clearpoke\n|poke|p1|Scizor, L50, F|\n|poke|p1|Ting-Lu, L50|\n|poke|p1|Sylveon, L50, F|\n|poke|p1|Iron Hands, L50|\n|poke|p1|Palafin, L50, M|\n|poke|p1|Skeledirge, L50, M|\n|poke|p2|Flutter Mane, L50|\n|poke|p2|Gardevoir, L50, F|\n|poke|p2|Amoonguss, L50, M|\n|poke|p2|Rotom-Wash, L50|\n|poke|p2|Arcanine, L50, F|\n|poke|p2|Glimmora, L50, F|\n|teampreview|4\n|inactive|Battle timer is ON: inactive players will automatically lose when time's up. (requested by OneWithTheSnom)\n|inactive|Mdamatt has 60 seconds left.\n|\n|t:|1682537686\n|start\n|switch|p1a: Palafin|Palafin, L50, M, shiny|100\/100\n|switch|p1b: Skeledirge|Skeledirge, L50, M|100\/100\n|switch|p2a: Flutter Mane|Flutter Mane, L50|100\/100\n|switch|p2b: Glimmora|Glimmora, L50, F|100\/100\n|turn|1\n|inactive|Mdamatt has 30 seconds left.\n|\n|t:|1682537719\n|-end|p2a: Flutter Mane|Protosynthesis|[silent]\n|switch|p2a: Rotom|Rotom-Wash, L50|100\/100\n|detailschange|p1a: Palafin|Palafin-Hero, L50, M, shiny\n|switch|p1a: Scizor|Scizor, L50, F|100\/100\n|move|p1b: Skeledirge|Protect|p1b: Skeledirge\n|-singleturn|p1b: Skeledirge|Protect\n|move|p2b: Glimmora|Sludge Bomb|p1a: Scizor\n|-immune|p1a: Scizor\n|\n|upkeep\n|turn|2\n|inactive|OneWithTheSnom has 30 seconds left.\n|\n|t:|1682537747\n|-terastallize|p2b: Glimmora|Ground\n|-terastallize|p1b: Skeledirge|Grass\n|move|p1a: Scizor|Bullet Punch|p2b: Glimmora\n|-damage|p2b: Glimmora|53\/100\n|-activate|p2b: Glimmora|ability: Toxic Debris\n|-sidestart|p1: OneWithTheSnom|move: Toxic Spikes\n|-damage|p1a: Scizor|91\/100|[from] item: Life Orb\n|move|p2a: Rotom|Discharge|p1a: Scizor|[spread] p1a,p1b\n|-immune|p2b: Glimmora\n|-resisted|p1b: Skeledirge\n|-damage|p1a: Scizor|52\/100\n|-damage|p1b: Skeledirge|88\/100\n|-status|p1b: Skeledirge|par\n|move|p2b: Glimmora|Earth Power|p1b: Skeledirge\n|-resisted|p1b: Skeledirge\n|-crit|p1b: Skeledirge\n|-damage|p1b: Skeledirge|58\/100 par\n|move|p1b: Skeledirge|Tera Blast|p2b: Glimmora\n|-supereffective|p2b: Glimmora\n|-damage|p2b: Glimmora|0 fnt\n|faint|p2b: Glimmora\n|\n|-heal|p1b: Skeledirge|64\/100 par|[from] item: Leftovers\n|upkeep\n|inactive|Mdamatt has 30 seconds left.\n|\n|t:|1682537773\n|switch|p2b: Amoonguss|Amoonguss, L50, M|100\/100\n|turn|3\n|\n|t:|1682537795\n|move|p2b: Amoonguss|Rage Powder|p2b: Amoonguss\n|-singleturn|p2b: Amoonguss|move: Rage Powder\n|move|p2a: Rotom|Shadow Ball|p1b: Skeledirge\n|-damage|p1b: Skeledirge|43\/100 par\n|move|p1a: Scizor|Pounce|p2b: Amoonguss\n|-damage|p2b: Amoonguss|58\/100\n|-unboost|p2b: Amoonguss|spe|1\n|-damage|p1a: Scizor|43\/100|[from] item: Life Orb\n|move|p1b: Skeledirge|Torch Song|p2b: Amoonguss\n|-supereffective|p2b: Amoonguss\n|-damage|p2b: Amoonguss|0 fnt\n|-boost|p1b: Skeledirge|spa|1\n|faint|p2b: Amoonguss\n|\n|-heal|p1b: Skeledirge|49\/100 par|[from] item: Leftovers\n|upkeep\n|\n|t:|1682537810\n|switch|p2b: Flutter Mane|Flutter Mane, L50|100\/100\n|turn|4\n|inactive|Mdamatt has 30 seconds left.\n|\n|t:|1682537841\n|move|p1a: Scizor|Bullet Punch|p2b: Flutter Mane\n|-supereffective|p2b: Flutter Mane\n|-damage|p2b: Flutter Mane|0 fnt\n|faint|p2b: Flutter Mane\n|-end|p2b: Flutter Mane|Protosynthesis|[silent]\n|-damage|p1a: Scizor|33\/100|[from] item: Life Orb\n|move|p2a: Rotom|Shadow Ball|p1b: Skeledirge\n|-damage|p1b: Skeledirge|25\/100 par\n|cant|p1b: Skeledirge|par\n|\n|-heal|p1b: Skeledirge|31\/100 par|[from] item: Leftovers\n|upkeep\n|turn|5\n|\n|t:|1682537855\n|move|p1b: Skeledirge|Protect|p1b: Skeledirge\n|-singleturn|p1b: Skeledirge|Protect\n|move|p2a: Rotom|Shadow Ball|p1a: Scizor\n|-damage|p1a: Scizor|2\/100\n|-unboost|p1a: Scizor|spd|1\n|move|p1a: Scizor|Pounce|p2a: Rotom\n|-damage|p2a: Rotom|30\/100\n|-unboost|p2a: Rotom|spe|1\n|-damage|p1a: Scizor|0 fnt|[from] item: Life Orb\n|faint|p1a: Scizor\n|\n|-heal|p1b: Skeledirge|37\/100 par|[from] item: Leftovers\n|upkeep\n|\n|t:|1682537866\n|switch|p1a: Iron Hands|Iron Hands, L50|100\/100\n|-status|p1a: Iron Hands|psn\n|turn|6\n|\n|t:|1682537880\n|move|p1a: Iron Hands|Fake Out|p2a: Rotom\n|-damage|p2a: Rotom|13\/100\n|cant|p2a: Rotom|flinch\n|move|p1b: Skeledirge|Tera Blast|p2a: Rotom\n|-supereffective|p2a: Rotom\n|-damage|p2a: Rotom|0 fnt\n|faint|p2a: Rotom\n|\n|win|OneWithTheSnom\n|raw|OneWithTheSnom's rating: 1139 → 1161<\/strong> (+22 for winning)\n|raw|Mdamatt's rating: 1092 → 1071<\/strong> (-21 for losing)\n|c|\u2606OneWithTheSnom|gg\n","uploadtime":1682537887,"views":10,"p1id":"onewiththesnom","p2id":"mdamatt","formatid":"gen9vgc2023regulationc","rating":1071,"private":0,"password":""}