{"id":"gen9vgc2023regulationc-1845125545","p1":"BigPapiKiryae","p2":"RibombeeForUbers","format":"[Gen 9] VGC 2023 Regulation C","log":"|j|\u2606BigPapiKiryae\n|j|\u2606RibombeeForUbers\n|t:|1681686554\n|gametype|doubles\n|player|p1|BigPapiKiryae|1|1541\n|player|p2|RibombeeForUbers|169|1434\n|teamsize|p1|6\n|teamsize|p2|6\n|gen|9\n|tier|[Gen 9] VGC 2023 Regulation C\n|rated|\n|rule|Species Clause: Limit one of each Pok\u00e9mon\n|rule|Item Clause: Limit one of each item\n|clearpoke\n|poke|p1|Chi-Yu, L50|\n|poke|p1|Iron Bundle, L50|\n|poke|p1|Flutter Mane, L50|\n|poke|p1|Maushold-Four, L50|\n|poke|p1|Dragonite, L50, F|\n|poke|p1|Great Tusk, L50|\n|poke|p2|Chi-Yu, L50|\n|poke|p2|Chien-Pao, L50|\n|poke|p2|Iron Moth, L50|\n|poke|p2|Dragapult, L50, F|\n|poke|p2|Palafin, L50, F|\n|poke|p2|Dragonite, L50, F|\n|teampreview|4\nRibombeeForUbers has agreed to open team sheets.\n|inactive|Battle timer is ON: inactive players will automatically lose when time's up. (requested by BigPapiKiryae)\n|inactive|RibombeeForUbers has 60 seconds left.\n|\n|t:|1681686628\n|start\n|switch|p1a: Iron Bundle|Iron Bundle, L50|100\/100\n|switch|p1b: Chi-Yu|Chi-Yu, L50|100\/100\n|switch|p2a: Chien-Pao|Chien-Pao, L50|100\/100\n|switch|p2b: Chi-Yu|Chi-Yu, L50|100\/100\n|-ability|p2b: Chi-Yu|Beads of Ruin\n|-ability|p1b: Chi-Yu|Beads of Ruin\n|-ability|p2a: Chien-Pao|Sword of Ruin\n|-enditem|p1a: Iron Bundle|Booster Energy\n|-activate|p1a: Iron Bundle|ability: Quark Drive|[fromitem]\n|-start|p1a: Iron Bundle|quarkdrivespe\n|turn|1\n|\n|t:|1681686652\n|-terastallize|p2b: Chi-Yu|Water\n|move|p1a: Iron Bundle|Protect|p1a: Iron Bundle\n|-singleturn|p1a: Iron Bundle|Protect\n|move|p2b: Chi-Yu|Tera Blast|p1b: Chi-Yu\n|-supereffective|p1b: Chi-Yu\n|-damage|p1b: Chi-Yu|0 fnt\n|faint|p1b: Chi-Yu\n|move|p2a: Chien-Pao|Sacred Sword|p1a: Iron Bundle\n|-activate|p1a: Iron Bundle|move: Protect\n|\n|upkeep\n|\n|t:|1681686663\n|switch|p1b: Flutter Mane|Flutter Mane, L50|100\/100\n|turn|2\n|\n|t:|1681686673\n|-terastallize|p1b: Flutter Mane|Fairy\n|move|p1a: Iron Bundle|Icy Wind|p2a: Chien-Pao|[spread] p2a,p2b\n|-resisted|p2a: Chien-Pao\n|-resisted|p2b: Chi-Yu\n|-damage|p2a: Chien-Pao|79\/100\n|-damage|p2b: Chi-Yu|87\/100\n|-unboost|p2a: Chien-Pao|spe|1\n|-unboost|p2b: Chi-Yu|spe|1\n|move|p1b: Flutter Mane|Dazzling Gleam|p2a: Chien-Pao|[spread] p2a,p2b\n|-supereffective|p2a: Chien-Pao\n|-damage|p2a: Chien-Pao|0 fnt\n|-damage|p2b: Chi-Yu|20\/100\n|faint|p2a: Chien-Pao\n|move|p2b: Chi-Yu|Tera Blast|p1b: Flutter Mane\n|-damage|p1b: Flutter Mane|48\/100\n|\n|upkeep\n|\n|t:|1681686694\n|switch|p2a: Dragapult|Dragapult, L50, F|100\/100\n|turn|3\n|\n|t:|1681686708\n|move|p2a: Dragapult|Protect|p2a: Dragapult\n|-singleturn|p2a: Dragapult|Protect\n|move|p1a: Iron Bundle|Icy Wind|p2b: Chi-Yu|[spread] p2b\n|-activate|p2a: Dragapult|move: Protect\n|-resisted|p2b: Chi-Yu\n|-damage|p2b: Chi-Yu|7\/100\n|-unboost|p2b: Chi-Yu|spe|1\n|move|p1b: Flutter Mane|Dazzling Gleam|p2a: Dragapult|[spread] p2b\n|-activate|p2a: Dragapult|move: Protect\n|-damage|p2b: Chi-Yu|0 fnt\n|faint|p2b: Chi-Yu\n|\n|upkeep\n|\n|t:|1681686714\n|switch|p2b: Dragonite|Dragonite, L50, F|100\/100\n|turn|4\n|\n|t:|1681686736\n|move|p2b: Dragonite|Extreme Speed|p1b: Flutter Mane\n|-damage|p1b: Flutter Mane|0 fnt\n|faint|p1b: Flutter Mane\n|-end|p1b: Flutter Mane|Protosynthesis|[silent]\n|move|p1a: Iron Bundle|Freeze-Dry|p2a: Dragapult\n|-supereffective|p2a: Dragapult\n|-damage|p2a: Dragapult|0 fnt\n|faint|p2a: Dragapult\n|\n|upkeep\n|\n|t:|1681686746\n|switch|p1b: Maushold|Maushold-Four, L50|100\/100\n|turn|5\n|\n|t:|1681686752\n|move|p1b: Maushold|Follow Me|p1b: Maushold\n|-singleturn|p1b: Maushold|move: Follow Me\n|move|p1a: Iron Bundle|Freeze-Dry|p2b: Dragonite\n|-supereffective|p2b: Dragonite\n|-damage|p2b: Dragonite|33\/100\n|move|p2b: Dragonite|Dragon Claw|p1b: Maushold\n|-damage|p1b: Maushold|55\/100\n|\n|upkeep\n|turn|6\n|\n|t:|1681686763\n|move|p1b: Maushold|Follow Me|p1b: Maushold\n|-singleturn|p1b: Maushold|move: Follow Me\n|move|p2b: Dragonite|Extreme Speed|p1b: Maushold\n|-damage|p1b: Maushold|18\/100\n|move|p1a: Iron Bundle|Freeze-Dry|p2b: Dragonite\n|-supereffective|p2b: Dragonite\n|-damage|p2b: Dragonite|0 fnt\n|faint|p2b: Dragonite\n|\n|win|BigPapiKiryae\n|raw|BigPapiKiryae's rating: 1541 → 1555<\/strong> (+14 for winning)\n|raw|RibombeeForUbers's rating: 1434 → 1420<\/strong> (-14 for losing)\n|l|\u2606RibombeeForUbers\n","uploadtime":1681686775,"views":9,"p1id":"bigpapikiryae","p2id":"ribombeeforubers","formatid":"gen9vgc2023regulationc","rating":1420,"private":0,"password":""}