{"id":"gen9vgc2023regulationc-1845091806","p1":"MasterAlpacaVGC","p2":"Lorge Coffee","format":"[Gen 9] VGC 2023 Regulation C","log":"|j|\u2606MasterAlpacaVGC\n|j|\u2606Lorge Coffee\n|t:|1681682554\n|gametype|doubles\n|player|p1|MasterAlpacaVGC|265|1168\n|player|p2|Lorge Coffee|shauntal|1171\n|teamsize|p1|6\n|teamsize|p2|6\n|gen|9\n|tier|[Gen 9] VGC 2023 Regulation C\n|rated|\n|rule|Species Clause: Limit one of each Pok\u00e9mon\n|rule|Item Clause: Limit one of each item\n|clearpoke\n|poke|p1|Flutter Mane, L50|\n|poke|p1|Chi-Yu, L50|\n|poke|p1|Gyarados, L50, M|\n|poke|p1|Amoonguss, L50, M|\n|poke|p1|Ting-Lu, L50|\n|poke|p1|Glimmora, L50, M|\n|poke|p2|Iron Bundle, L50|\n|poke|p2|Iron Treads, L50|\n|poke|p2|Iron Thorns, L50|\n|poke|p2|Amoonguss, L50, M|\n|poke|p2|Talonflame, L50, M|\n|poke|p2|Annihilape, L50, M|\n|teampreview|4\n|inactive|Battle timer is ON: inactive players will automatically lose when time's up. (requested by Lorge Coffee)\nMasterAlpacaVGC has agreed to open team sheets.\n|inactive|MasterAlpacaVGC has 60 seconds left.\n|inactive|Lorge Coffee has 60 seconds left.\n|inactive|MasterAlpacaVGC has 30 seconds left.\n|inactive|MasterAlpacaVGC has 20 seconds left.\n|\n|t:|1681682627\n|start\n|switch|p1a: Flutter Mane|Flutter Mane, L50|100\/100\n|switch|p1b: Glimmora|Glimmora, L50, M|100\/100\n|switch|p2a: Iron Bundle|Iron Bundle, L50|100\/100\n|switch|p2b: Iron Treads|Iron Treads, L50|100\/100\n|-enditem|p1a: Flutter Mane|Booster Energy\n|-activate|p1a: Flutter Mane|ability: Protosynthesis|[fromitem]\n|-start|p1a: Flutter Mane|protosynthesisspe\n|turn|1\n|inactive|MasterAlpacaVGC has 30 seconds left.\n|\n|t:|1681682660\n|-end|p1a: Flutter Mane|Protosynthesis|[silent]\n|switch|p1a: Ting-Lu|Ting-Lu, L50|100\/100\n|-ability|p1a: Ting-Lu|Vessel of Ruin\n|move|p2a: Iron Bundle|Protect|p2a: Iron Bundle\n|-singleturn|p2a: Iron Bundle|Protect\n|move|p1b: Glimmora|Spiky Shield|p1b: Glimmora\n|-singleturn|p1b: Glimmora|move: Protect\n|move|p2b: Iron Treads|Iron Head|p1a: Ting-Lu\n|-damage|p1a: Ting-Lu|71\/100\n|-damage|p2b: Iron Treads|91\/100|[from] item: Life Orb\n|\n|upkeep\n|turn|2\n|\n|t:|1681682684\n|-terastallize|p1a: Ting-Lu|Water\n|move|p2a: Iron Bundle|Electric Terrain|p2a: Iron Bundle\n|-fieldstart|move: Electric Terrain\n|-activate|p2a: Iron Bundle|ability: Quark Drive\n|-start|p2a: Iron Bundle|quarkdrivespe\n|-activate|p2b: Iron Treads|ability: Quark Drive\n|-start|p2b: Iron Treads|quarkdrivespe\n|move|p2b: Iron Treads|Ice Spinner|p1a: Ting-Lu\n|-resisted|p1a: Ting-Lu\n|-damage|p1a: Ting-Lu|60\/100\n|-fieldend|move: Electric Terrain\n|-end|p2a: Iron Bundle|Quark Drive\n|-end|p2b: Iron Treads|Quark Drive\n|-damage|p2b: Iron Treads|81\/100|[from] item: Life Orb\n|move|p1b: Glimmora|Power Gem|p2a: Iron Bundle\n|-supereffective|p2a: Iron Bundle\n|-enditem|p2a: Iron Bundle|Focus Sash\n|-damage|p2a: Iron Bundle|1\/100\n|move|p1a: Ting-Lu|Heavy Slam|p2a: Iron Bundle\n|-damage|p2a: Iron Bundle|0 fnt\n|faint|p2a: Iron Bundle\n|-end|p2a: Iron Bundle|Quark Drive|[silent]\n|\n|upkeep\n|\n|t:|1681682702\n|switch|p2a: Iron Thorns|Iron Thorns, L50|100\/100\n|-enditem|p2a: Iron Thorns|Booster Energy\n|-activate|p2a: Iron Thorns|ability: Quark Drive|[fromitem]\n|-start|p2a: Iron Thorns|quarkdriveatk\n|turn|3\n|\n|t:|1681682716\n|switch|p1a: Amoonguss|Amoonguss, L50, M|100\/100\n|-terastallize|p2a: Iron Thorns|Flying\n|move|p1b: Glimmora|Spiky Shield|p1b: Glimmora\n|-singleturn|p1b: Glimmora|move: Protect\n|move|p2b: Iron Treads|Earthquake|p1b: Glimmora|[spread] p1a\n|-activate|p1b: Glimmora|move: Protect\n|-immune|p2a: Iron Thorns\n|-damage|p1a: Amoonguss|66\/100\n|-damage|p2b: Iron Treads|72\/100|[from] item: Life Orb\n|move|p2a: Iron Thorns|Wild Charge|p1a: Amoonguss\n|-resisted|p1a: Amoonguss\n|-damage|p1a: Amoonguss|40\/100\n|-enditem|p1a: Amoonguss|Sitrus Berry|[eat]\n|-heal|p1a: Amoonguss|65\/100|[from] item: Sitrus Berry\n|-damage|p2a: Iron Thorns|93\/100|[from] Recoil\n|\n|upkeep\n|turn|4\n|inactive|MasterAlpacaVGC has 30 seconds left.\n|\n|t:|1681682742\n|switch|p1b: Ting-Lu|Ting-Lu, L50, tera:Water|60\/100\n|-ability|p1b: Ting-Lu|Vessel of Ruin\n|move|p2b: Iron Treads|Earthquake|p1a: Amoonguss|[spread] p1a,p1b\n|-immune|p2a: Iron Thorns\n|-damage|p1a: Amoonguss|26\/100\n|-damage|p1b: Ting-Lu|32\/100\n|-damage|p2b: Iron Treads|62\/100|[from] item: Life Orb\n|move|p2a: Iron Thorns|Tera Blast|p1a: Amoonguss\n|-supereffective|p1a: Amoonguss\n|-damage|p1a: Amoonguss|0 fnt\n|faint|p1a: Amoonguss\n|\n|upkeep\n|\n|t:|1681682756\n|switch|p1a: Flutter Mane|Flutter Mane, L50|100\/100\n|turn|5\n|\n|t:|1681682778\n|move|p1a: Flutter Mane|Shadow Ball|p2b: Iron Treads\n|-damage|p2b: Iron Treads|20\/100\n|move|p2b: Iron Treads|Earthquake|p1a: Flutter Mane|[spread] p1a,p1b\n|-immune|p2a: Iron Thorns\n|-crit|p1b: Ting-Lu\n|-damage|p1a: Flutter Mane|12\/100\n|-damage|p1b: Ting-Lu|0 fnt\n|faint|p1b: Ting-Lu\n|-damage|p2b: Iron Treads|10\/100|[from] item: Life Orb\n|move|p2a: Iron Thorns|Wild Charge|p1a: Flutter Mane\n|-damage|p1a: Flutter Mane|0 fnt\n|faint|p1a: Flutter Mane\n|-end|p1a: Flutter Mane|Protosynthesis|[silent]\n|-damage|p2a: Iron Thorns|91\/100|[from] Recoil\n|\n|upkeep\n|\n|t:|1681682792\n|switch|p1b: Glimmora|Glimmora, L50, M|100\/100\n|turn|6\n|\n|t:|1681682799\n|move|p2b: Iron Treads|Earthquake|p1b: Glimmora|[spread] p1b\n|-immune|p2a: Iron Thorns\n|-supereffective|p1b: Glimmora\n|-enditem|p1b: Glimmora|Focus Sash\n|-damage|p1b: Glimmora|1\/100\n|-activate|p1b: Glimmora|ability: Toxic Debris\n|-sidestart|p2: Lorge Coffee|move: Toxic Spikes\n|-damage|p2b: Iron Treads|0 fnt|[from] item: Life Orb\n|faint|p2b: Iron Treads\n|-end|p2b: Iron Treads|Quark Drive|[silent]\n|move|p1b: Glimmora|Earth Power|p2a: Iron Thorns\n|-immune|p2a: Iron Thorns\n|move|p2a: Iron Thorns|Wild Charge|p1b: Glimmora\n|-damage|p1b: Glimmora|0 fnt\n|-activate|p1b: Glimmora|ability: Toxic Debris\n|-sidestart|p2: Lorge Coffee|move: Toxic Spikes\n|faint|p1b: Glimmora\n|-damage|p2a: Iron Thorns|91\/100|[from] Recoil\n|\n|win|Lorge Coffee\n|raw|MasterAlpacaVGC's rating: 1168 → 1143<\/strong> (-25 for losing)\n|raw|Lorge Coffee's rating: 1171 → 1196<\/strong> (+25 for winning)\n|l|\u2606MasterAlpacaVGC\n","uploadtime":1681682819,"views":8,"p1id":"masteralpacavgc","p2id":"lorgecoffee","formatid":"gen9vgc2023regulationc","rating":1143,"private":0,"password":""}