{"id":"gen9vgc2023regulationc-1855522369","p1":"jaibee96","p2":"Ugarte Joseph","format":"[Gen 9] VGC 2023 Regulation C","log":"|j|\u2606jaibee96\n|j|\u2606Ugarte Joseph\n|t:|1682958901\n|gametype|doubles\n|player|p1|jaibee96|2|1066\n|player|p2|Ugarte Joseph|hugh|1092\n|teamsize|p1|6\n|teamsize|p2|6\n|gen|9\n|tier|[Gen 9] VGC 2023 Regulation C\n|rated|\n|rule|Species Clause: Limit one of each Pok\u00e9mon\n|rule|Item Clause: Limit one of each item\n|clearpoke\n|poke|p1|Dragalge, L50, F|\n|poke|p1|Amoonguss, L50, M|\n|poke|p1|Haunter, L50, F|\n|poke|p1|Glimmora, L50, M|\n|poke|p1|Gengar, L50, M|\n|poke|p1|Seviper, L50, M|\n|poke|p2|Slither Wing, L50|\n|poke|p2|Great Tusk, L50|\n|poke|p2|Flutter Mane, L50|\n|poke|p2|Murkrow, L50, M|\n|poke|p2|Roaring Moon, L50|\n|poke|p2|Scream Tail, L50|\n|teampreview|4\n|inactive|Battle timer is ON: inactive players will automatically lose when time's up. (requested by Ugarte Joseph)\n|inactive|jaibee96 has 60 seconds left.\n|inactive|Ugarte Joseph has 60 seconds left.\n|inactive|Ugarte Joseph has 30 seconds left.\n|\n|t:|1682958970\n|start\n|switch|p1a: Amoonguss|Amoonguss, L50, M|100\/100\n|switch|p1b: Haunter|Haunter, L50, F|100\/100\n|switch|p2a: Great Tusk|Great Tusk, L50, shiny|100\/100\n|switch|p2b: Murkrow|Murkrow, L50, M, shiny|100\/100\n|turn|1\n|inactive|jaibee96 has 30 seconds left.\n|\n|t:|1682958997\n|move|p1a: Amoonguss|Rage Powder|p1a: Amoonguss\n|-singleturn|p1a: Amoonguss|move: Rage Powder\n|move|p2b: Murkrow|Taunt|p1a: Amoonguss\n|-start|p1a: Amoonguss|move: Taunt\n|move|p2a: Great Tusk|Earthquake|p1b: Haunter|[spread] p1a\n|-immune|p2b: Murkrow\n|-immune|p1b: Haunter|[from] ability: Levitate\n|-damage|p1a: Amoonguss|69\/100\n|move|p1b: Haunter|Trick Room|p1b: Haunter\n|-fieldstart|move: Trick Room|[of] p1b: Haunter\n|\n|upkeep\n|turn|2\n|inactive|jaibee96 has 30 seconds left.\n|inactive|Ugarte Joseph has 30 seconds left.\n|inactive|jaibee96 has 20 seconds left.\n|inactive|Ugarte Joseph has 20 seconds left.\n|inactive|jaibee96 has 15 seconds left.\n|inactive|jaibee96 has 10 seconds left.\n|inactive|jaibee96 has 5 seconds left.\n|\n|t:|1682959052\n|-end|p2a: Great Tusk|Protosynthesis|[silent]\n|switch|p2a: Scream Tail|Scream Tail, L50, shiny|100\/100\n|move|p1b: Haunter|Protect|p1b: Haunter\n|-singleturn|p1b: Haunter|Protect\n|move|p2b: Murkrow|Taunt|p1b: Haunter\n|-activate|p1b: Haunter|move: Protect\n|move|p1a: Amoonguss|Absorb|p2a: Scream Tail\n|-damage|p2a: Scream Tail|96\/100\n|-heal|p1a: Amoonguss|71\/100|[from] drain|[of] p2a: Scream Tail\n|\n|upkeep\n|turn|3\n|inactive|Ugarte Joseph has 30 seconds left.\n|\n|t:|1682959080\n|switch|p1b: Dragalge|Dragalge, L50, F|100\/100\n|move|p1a: Amoonguss|Pollen Puff|p2a: Scream Tail\n|-crit|p2a: Scream Tail\n|-damage|p2a: Scream Tail|76\/100\n|move|p2b: Murkrow|Brave Bird|p1a: Amoonguss\n|-supereffective|p1a: Amoonguss\n|-crit|p1a: Amoonguss\n|-damage|p1a: Amoonguss|0 fnt\n|-status|p2b: Murkrow|slp|[from] ability: Effect Spore|[of] p1a: Amoonguss\n|faint|p1a: Amoonguss\n|-damage|p2b: Murkrow|70\/100 slp|[from] Recoil\n|move|p2a: Scream Tail|Light Screen|p2a: Scream Tail\n|-sidestart|p2: Ugarte Joseph|move: Light Screen\n|\n|upkeep\n|\n|t:|1682959098\n|switch|p1a: Seviper|Seviper, L50, M|100\/100\n|turn|4\n|inactive|Ugarte Joseph has 30 seconds left.\n|inactive|Ugarte Joseph has 20 seconds left.\n|inactive|Ugarte Joseph has 15 seconds left.\n|inactive|Ugarte Joseph has 10 seconds left.\n|\n|t:|1682959145\n|-terastallize|p2a: Scream Tail|Steel\n|cant|p2b: Murkrow|slp\n|move|p1b: Dragalge|Venoshock|p2a: Scream Tail\n|-immune|p2a: Scream Tail\n|move|p1a: Seviper|Coil|p1a: Seviper\n|-boost|p1a: Seviper|atk|1\n|-boost|p1a: Seviper|def|1\n|-boost|p1a: Seviper|accuracy|1\n|move|p2a: Scream Tail|Play Rough|p1b: Dragalge\n|-damage|p1b: Dragalge|73\/100\n|-unboost|p1b: Dragalge|atk|1\n|\n|upkeep\n|turn|5\n|inactive|Ugarte Joseph has 30 seconds left.\n|\n|t:|1682959173\n|switch|p1b: Haunter|Haunter, L50, F|100\/100\n|-curestatus|p2b: Murkrow|slp|[msg]\n|move|p2b: Murkrow|Taunt|p1a: Seviper\n|-start|p1a: Seviper|move: Taunt\n|move|p1a: Seviper|Gunk Shot|p2b: Murkrow\n|-damage|p2b: Murkrow|0 fnt\n|faint|p2b: Murkrow\n|move|p2a: Scream Tail|Reflect|p2a: Scream Tail\n|-sidestart|p2: Ugarte Joseph|Reflect\n|\n|-fieldend|move: Trick Room\n|upkeep\n|\n|t:|1682959186\n|switch|p2b: Slither Wing|Slither Wing, L50, shiny|100\/100\n|turn|6\n|\n|t:|1682959210\n|move|p2a: Scream Tail|Play Rough|p1b: Haunter\n|-resisted|p1b: Haunter\n|-damage|p1b: Haunter|87\/100\n|move|p2b: Slither Wing|Flare Blitz|p1b: Haunter\n|-damage|p1b: Haunter|35\/100\n|-damage|p2b: Slither Wing|87\/100|[from] Recoil\n|move|p1a: Seviper|Gunk Shot|p2b: Slither Wing\n|-damage|p2b: Slither Wing|0 fnt\n|faint|p2b: Slither Wing\n|-end|p2b: Slither Wing|Protosynthesis|[silent]\n|move|p1b: Haunter|Trick Room|p1b: Haunter\n|-fieldstart|move: Trick Room|[of] p1b: Haunter\n|\n|upkeep\n|\n|t:|1682959220\n|switch|p2b: Great Tusk|Great Tusk, L50, shiny|100\/100\n|turn|7\n|\n|t:|1682959245\n|move|p1a: Seviper|Gunk Shot|p2b: Great Tusk\n|-resisted|p2b: Great Tusk\n|-damage|p2b: Great Tusk|70\/100\n|move|p1b: Haunter|Destiny Bond|p1b: Haunter\n|-singlemove|p1b: Haunter|Destiny Bond\n|move|p2a: Scream Tail|Play Rough|p1b: Haunter\n|-resisted|p1b: Haunter\n|-damage|p1b: Haunter|22\/100\n|-unboost|p1b: Haunter|atk|1\n|move|p2b: Great Tusk|Rock Slide|p1a: Seviper|[spread] p1a,p1b\n|-damage|p1a: Seviper|74\/100\n|-damage|p1b: Haunter|0 fnt\n|faint|p1b: Haunter\n|-activate|p1b: Haunter|move: Destiny Bond\n|faint|p2b: Great Tusk\n|-end|p2b: Great Tusk|Protosynthesis|[silent]\n|\n|-heal|p1a: Seviper|80\/100|[from] item: Leftovers\n|-end|p1a: Seviper|move: Taunt\n|upkeep\n|\n|t:|1682959264\n|switch|p1b: Dragalge|Dragalge, L50, F|73\/100\n|turn|8\n|\n|t:|1682959281\n|-terastallize|p1b: Dragalge|Water\n|move|p1a: Seviper|Feint|p2a: Scream Tail\n|-resisted|p2a: Scream Tail\n|-damage|p2a: Scream Tail|70\/100\n|move|p1b: Dragalge|Surf|p2a: Scream Tail|[spread] p1a,p2a\n|-damage|p1a: Seviper|25\/100\n|-damage|p2a: Scream Tail|51\/100\n|move|p2a: Scream Tail|Encore|p1a: Seviper\n|-start|p1a: Seviper|Encore\n|\n|-heal|p1a: Seviper|31\/100|[from] item: Leftovers\n|upkeep\n|turn|9\n|\n|t:|1682959301\n|move|p1a: Seviper|Feint|p2a: Scream Tail\n|-resisted|p2a: Scream Tail\n|-damage|p2a: Scream Tail|46\/100\n|move|p1b: Dragalge|Surf|p2a: Scream Tail|[spread] p1a,p2a\n|-crit|p2a: Scream Tail\n|-damage|p1a: Seviper|0 fnt\n|-damage|p2a: Scream Tail|5\/100\n|faint|p1a: Seviper\n|move|p2a: Scream Tail|Play Rough|p1b: Dragalge\n|-damage|p1b: Dragalge|46\/100\n|\n|upkeep\n|turn|10\n|\n|t:|1682959312\n|move|p1b: Dragalge|Surf|p2a: Scream Tail\n|-damage|p2a: Scream Tail|0 fnt\n|faint|p2a: Scream Tail\n|-end|p2a: Scream Tail|Protosynthesis|[silent]\n|\n|win|jaibee96\n|raw|jaibee96's rating: 1066 → 1098<\/strong> (+32 for winning)\n|raw|Ugarte Joseph's rating: 1092 → 1066<\/strong> (-26 for losing)\n","uploadtime":1682959315,"views":24,"p1id":"jaibee96","p2id":"ugartejoseph","formatid":"gen9vgc2023regulationc","rating":1066,"private":0,"password":""}