{"id":"gen9vgc2023regulationc-1852902638","p1":"Uahhhh","p2":"beckybug","format":"[Gen 9] VGC 2023 Regulation C","log":"|j|\u2606Uahhhh\n|j|\u2606beckybug\n|t:|1682615927\n|gametype|doubles\n|player|p1|Uahhhh|lady|1486\n|player|p2|beckybug|rosa|1564\n|teamsize|p1|6\n|teamsize|p2|6\n|gen|9\n|tier|[Gen 9] VGC 2023 Regulation C\n|rated|\n|rule|Species Clause: Limit one of each Pok\u00e9mon\n|rule|Item Clause: Limit one of each item\n|clearpoke\n|poke|p1|Chi-Yu, L50|\n|poke|p1|Great Tusk, L50|\n|poke|p1|Iron Bundle, L50|\n|poke|p1|Gholdengo, L50|\n|poke|p1|Murkrow, L50, M|\n|poke|p1|Abomasnow, L50, F|\n|poke|p2|Iron Bundle, L50|\n|poke|p2|Chi-Yu, L50|\n|poke|p2|Lycanroc, L50, M|\n|poke|p2|Tyranitar, L50, M|\n|poke|p2|Indeedee-F, L50, F|\n|poke|p2|Armarouge, L50, M|\n|teampreview|4\n|inactive|Battle timer is ON: inactive players will automatically lose when time's up. (requested by Uahhhh)\n|\n|t:|1682615950\n|start\n|switch|p1a: Gholdengo|Gholdengo, L50|100\/100\n|switch|p1b: Great Tusk|Great Tusk, L50|100\/100\n|switch|p2a: Indeedee|Indeedee-F, L50, F|100\/100\n|switch|p2b: Armarouge|Armarouge, L50, M|100\/100\n|-fieldstart|move: Psychic Terrain|[from] ability: Psychic Surge|[of] p2a: Indeedee\n|-enditem|p2a: Indeedee|Psychic Seed\n|-boost|p2a: Indeedee|spd|1|[from] item: Psychic Seed\n|turn|1\n|\n|t:|1682615970\n|-terastallize|p2b: Armarouge|Grass\n|move|p2a: Indeedee|Follow Me|p2a: Indeedee\n|-singleturn|p2a: Indeedee|move: Follow Me\n|move|p1b: Great Tusk|Rock Slide|p2a: Indeedee|[spread] p2a,p2b\n|-damage|p2a: Indeedee|78\/100\n|-damage|p2b: Armarouge|78\/100\n|move|p1a: Gholdengo|Make It Rain|p2b: Armarouge|[spread] p2a,p2b\n|-damage|p2a: Indeedee|45\/100\n|-damage|p2b: Armarouge|20\/100\n|-unboost|p1a: Gholdengo|spa|1\n|move|p2b: Armarouge|Trick Room|p2b: Armarouge\n|-fieldstart|move: Trick Room|[of] p2b: Armarouge\n|\n|upkeep\n|turn|2\n|\n|t:|1682615991\n|move|p2b: Armarouge|Protect|p2b: Armarouge\n|-singleturn|p2b: Armarouge|Protect\n|move|p1a: Gholdengo|Protect|p1a: Gholdengo\n|-singleturn|p1a: Gholdengo|Protect\n|move|p2a: Indeedee|Psychic|p1b: Great Tusk\n|-supereffective|p1b: Great Tusk\n|-damage|p1b: Great Tusk|0 fnt\n|faint|p1b: Great Tusk\n|-end|p1b: Great Tusk|Protosynthesis|[silent]\n|\n|upkeep\n|\n|t:|1682616003\n|switch|p1b: Liyuu|Chi-Yu, L50|100\/100\n|-ability|p1b: Liyuu|Beads of Ruin\n|turn|3\n|\n|t:|1682616021\n|switch|p1a: Murkrow|Murkrow, L50, M|100\/100\n|move|p2a: Indeedee|Helping Hand|p2b: Armarouge\n|-singleturn|p2b: Armarouge|Helping Hand|[of] p2a: Indeedee\n|move|p2b: Armarouge|Armor Cannon|p1a: Murkrow\n|-damage|p1a: Murkrow|0 fnt\n|-unboost|p2b: Armarouge|def|1\n|-unboost|p2b: Armarouge|spd|1\n|faint|p1a: Murkrow\n|-damage|p2b: Armarouge|10\/100|[from] item: Life Orb\n|move|p1b: Liyuu|Dark Pulse|p2b: Armarouge\n|-damage|p2b: Armarouge|0 fnt\n|faint|p2b: Armarouge\n|\n|upkeep\n|\n|t:|1682616036\n|switch|p2b: Tyranitar|Tyranitar, L50, M|100\/100\n|switch|p1a: Gholdengo|Gholdengo, L50|100\/100\n|-weather|Sandstorm|[from] ability: Sand Stream|[of] p2b: Tyranitar\n|turn|4\n|\n|t:|1682616050\n|-terastallize|p1a: Gholdengo|Water\n|move|p2a: Indeedee|Helping Hand|p2b: Tyranitar\n|-singleturn|p2b: Tyranitar|Helping Hand|[of] p2a: Indeedee\n|move|p2b: Tyranitar|Rock Slide|p1a: Gholdengo|[spread] p1a,p1b\n|-supereffective|p1b: Liyuu\n|-damage|p1a: Gholdengo|56\/100\n|-damage|p1b: Liyuu|0 fnt\n|faint|p1b: Liyuu\n|move|p1a: Gholdengo|Nasty Plot|p1a: Gholdengo\n|-boost|p1a: Gholdengo|spa|2\n|\n|-weather|Sandstorm|[upkeep]\n|-damage|p2a: Indeedee|39\/100|[from] Sandstorm\n|-damage|p1a: Gholdengo|49\/100|[from] Sandstorm\n|-enditem|p1a: Gholdengo|Sitrus Berry|[eat]\n|-heal|p1a: Gholdengo|74\/100|[from] item: Sitrus Berry\n|upkeep\n|turn|5\n|\n|t:|1682616068\n|move|p1a: Gholdengo|Protect|p1a: Gholdengo\n|-singleturn|p1a: Gholdengo|Protect\n|move|p2b: Tyranitar|Assurance|p1a: Gholdengo\n|-activate|p1a: Gholdengo|move: Protect\n|move|p2a: Indeedee|Psychic|p1a: Gholdengo\n|-activate|p1a: Gholdengo|move: Protect\n|\n|-weather|Sandstorm|[upkeep]\n|-damage|p2a: Indeedee|33\/100|[from] Sandstorm\n|-damage|p1a: Gholdengo|68\/100|[from] Sandstorm\n|-fieldend|move: Trick Room\n|-fieldend|move: Psychic Terrain\n|upkeep\n|turn|6\n|\n|t:|1682616083\n|move|p2a: Indeedee|Protect|p2a: Indeedee\n|-singleturn|p2a: Indeedee|Protect\n|move|p1a: Gholdengo|Make It Rain|p2a: Indeedee|[spread] p2b\n|-activate|p2a: Indeedee|move: Protect\n|-supereffective|p2b: Tyranitar\n|-damage|p2b: Tyranitar|24\/100\n|-unboost|p1a: Gholdengo|spa|1\n|move|p2b: Tyranitar|Assurance|p1a: Gholdengo\n|-damage|p1a: Gholdengo|36\/100\n|\n|-weather|Sandstorm|[upkeep]\n|-damage|p1a: Gholdengo|29\/100|[from] Sandstorm\n|-damage|p2a: Indeedee|26\/100|[from] Sandstorm\n|upkeep\n|turn|7\n|\n|t:|1682616098\n|move|p1a: Gholdengo|Make It Rain|p2b: Tyranitar|[spread] p2a,p2b\n|-supereffective|p2b: Tyranitar\n|-damage|p2a: Indeedee|0 fnt\n|-damage|p2b: Tyranitar|0 fnt\n|-unboost|p1a: Gholdengo|spa|1\n|faint|p2a: Indeedee\n|faint|p2b: Tyranitar\n|\n|-weather|Sandstorm|[upkeep]\n|-damage|p1a: Gholdengo|23\/100|[from] Sandstorm\n|upkeep\n|\n|t:|1682616103\n|switch|p2b: Chi-Yu|Chi-Yu, L50|100\/100\n|-ability|p2b: Chi-Yu|Beads of Ruin\n|turn|8\n|\n|t:|1682616111\n|move|p2b: Chi-Yu|Dark Pulse|p1a: Gholdengo\n|-damage|p1a: Gholdengo|0 fnt\n|faint|p1a: Gholdengo\n|\n|win|beckybug\n|raw|Uahhhh's rating: 1486 → 1470<\/strong> (-16 for losing)\n|raw|beckybug's rating: 1564 → 1580<\/strong> (+16 for winning)\n","uploadtime":1682616132,"views":8,"p1id":"uahhhh","p2id":"beckybug","formatid":"gen9vgc2023regulationc","rating":1470,"private":0,"password":""}