{"id":"gen9vgc2023regulationc-1851707040","p1":"donboso","p2":"Lucario3021","format":"[Gen 9] VGC 2023 Regulation C","log":"|j|\u2606donboso\n|j|\u2606Lucario3021\n|t:|1682472408\n|gametype|doubles\n|player|p1|donboso|102|1055\n|player|p2|Lucario3021|clavell-s|1033\n|teamsize|p1|6\n|teamsize|p2|6\n|gen|9\n|tier|[Gen 9] VGC 2023 Regulation C\n|rated|\n|rule|Species Clause: Limit one of each Pok\u00e9mon\n|rule|Item Clause: Limit one of each item\n|clearpoke\n|poke|p1|Wo-Chien, L50|\n|poke|p1|Volcarona, L50, F|\n|poke|p1|Dondozo, L50, M|\n|poke|p1|Tatsugiri, L50, F|\n|poke|p1|Garganacl, L50, F|\n|poke|p1|Iron Hands, L50|\n|poke|p2|Toedscruel, L50, F|\n|poke|p2|Pawmot, L50, F|\n|poke|p2|Gholdengo, L50|\n|poke|p2|Great Tusk, L50|\n|poke|p2|Flutter Mane, L50|\n|poke|p2|Dragonite, L50, M|\n|teampreview|4\n|inactive|Battle timer is ON: inactive players will automatically lose when time's up. (requested by Lucario3021)\nLucario3021 rejected open team sheets.\n|\n|t:|1682472431\n|start\n|switch|p1a: Garganacl|Garganacl, L50, F|100\/100\n|switch|p1b: Iron Hands|Iron Hands, L50|100\/100\n|switch|p2a: Pawmot|Pawmot, L50, F|100\/100\n|switch|p2b: Toedscruel|Toedscruel, L50, F|100\/100\n|turn|1\n|c|\u2606Lucario3021|glhf\n|inactive|Lucario3021 has 30 seconds left.\n|\n|t:|1682472465\n|move|p1b: Iron Hands|Fake Out|p2b: Toedscruel\n|-damage|p2b: Toedscruel|75\/100\n|move|p2a: Pawmot|Entrainment|p2b: Toedscruel\n|-endability|p2b: Toedscruel|Mycelium Might|[from] move: Entrainment\n|-ability|p2b: Toedscruel|Natural Cure|[from] move: Entrainment\n|move|p1a: Garganacl|Salt Cure|p2a: Pawmot\n|-resisted|p2a: Pawmot\n|-damage|p2a: Pawmot|88\/100\n|-start|p2a: Pawmot|Salt Cure\n|cant|p2b: Toedscruel|flinch\n|\n|-damage|p2a: Pawmot|76\/100|[from] Salt Cure\n|upkeep\n|turn|2\n|inactive|donboso has 30 seconds left.\n|\n|t:|1682472498\n|move|p2a: Pawmot|Mach Punch|p1a: Garganacl\n|-supereffective|p1a: Garganacl\n|-damage|p1a: Garganacl|76\/100\n|move|p2b: Toedscruel|Spore|p1b: Iron Hands\n|-status|p1b: Iron Hands|slp|[from] move: Spore\n|cant|p1b: Iron Hands|slp\n|move|p1a: Garganacl|Salt Cure|p2b: Toedscruel\n|-resisted|p2b: Toedscruel\n|-damage|p2b: Toedscruel|64\/100\n|-start|p2b: Toedscruel|Salt Cure\n|\n|-heal|p1a: Garganacl|82\/100|[from] item: Leftovers\n|-damage|p2a: Pawmot|63\/100|[from] Salt Cure\n|-damage|p2b: Toedscruel|51\/100|[from] Salt Cure\n|upkeep\n|turn|3\n|\n|t:|1682472520\n|move|p2a: Pawmot|Mach Punch|p1a: Garganacl\n|-supereffective|p1a: Garganacl\n|-damage|p1a: Garganacl|58\/100\n|move|p2b: Toedscruel|Giga Drain|p1a: Garganacl\n|-supereffective|p1a: Garganacl\n|-damage|p1a: Garganacl|16\/100\n|-heal|p2b: Toedscruel|88\/100|[from] drain|[of] p1a: Garganacl\n|cant|p1b: Iron Hands|slp\n|move|p1a: Garganacl|Salt Cure|p2a: Pawmot\n|-resisted|p2a: Pawmot\n|-damage|p2a: Pawmot|52\/100\n|\n|-heal|p1a: Garganacl|22\/100|[from] item: Leftovers\n|-damage|p2a: Pawmot|40\/100|[from] Salt Cure\n|-damage|p2b: Toedscruel|75\/100|[from] Salt Cure\n|upkeep\n|turn|4\n|\n|t:|1682472539\n|move|p1a: Garganacl|Protect|p1a: Garganacl\n|-singleturn|p1a: Garganacl|Protect\n|move|p2a: Pawmot|Mach Punch|p1a: Garganacl\n|-activate|p1a: Garganacl|move: Protect\n|move|p2b: Toedscruel|Earth Power|p1b: Iron Hands\n|-supereffective|p1b: Iron Hands\n|-damage|p1b: Iron Hands|61\/100 slp\n|cant|p1b: Iron Hands|slp\n|\n|-heal|p1a: Garganacl|28\/100|[from] item: Leftovers\n|-damage|p2a: Pawmot|27\/100|[from] Salt Cure\n|-damage|p2b: Toedscruel|63\/100|[from] Salt Cure\n|upkeep\n|turn|5\n|\n|t:|1682472563\n|move|p2a: Pawmot|Mach Punch|p1a: Garganacl\n|-supereffective|p1a: Garganacl\n|-damage|p1a: Garganacl|2\/100\n|move|p2b: Toedscruel|Earth Power|p1b: Iron Hands\n|-supereffective|p1b: Iron Hands\n|-damage|p1b: Iron Hands|24\/100 slp\n|-curestatus|p1b: Iron Hands|slp|[msg]\n|move|p1b: Iron Hands|Drain Punch|p2b: Toedscruel\n|-damage|p2b: Toedscruel|0 fnt\n|-heal|p1b: Iron Hands|45\/100|[from] drain|[of] p2b: Toedscruel\n|faint|p2b: Toedscruel\n|move|p1a: Garganacl|Recover|p1a: Garganacl\n|-heal|p1a: Garganacl|52\/100\n|\n|-heal|p1a: Garganacl|58\/100|[from] item: Leftovers\n|-damage|p2a: Pawmot|15\/100|[from] Salt Cure\n|upkeep\n|\n|t:|1682472569\n|switch|p2b: Great Tusk|Great Tusk, L50|100\/100\n|turn|6\n|\n|t:|1682472586\n|move|p1a: Garganacl|Wide Guard|p1a: Garganacl\n|-singleturn|p1a: Garganacl|Wide Guard\n|move|p2a: Pawmot|Mach Punch|p1a: Garganacl\n|-supereffective|p1a: Garganacl\n|-damage|p1a: Garganacl|32\/100\n|move|p2b: Great Tusk|Headlong Rush|p1b: Iron Hands\n|-supereffective|p1b: Iron Hands\n|-damage|p1b: Iron Hands|0 fnt\n|-unboost|p2b: Great Tusk|def|1\n|-unboost|p2b: Great Tusk|spd|1\n|faint|p1b: Iron Hands\n|-end|p1b: Iron Hands|Quark Drive|[silent]\n|\n|-heal|p1a: Garganacl|38\/100|[from] item: Leftovers\n|-damage|p2a: Pawmot|3\/100|[from] Salt Cure\n|upkeep\n|\n|t:|1682472604\n|switch|p1b: Dondozo|Dondozo, L50, M|100\/100\n|turn|7\n|\n|t:|1682472615\n|switch|p1a: Tatsugiri|Tatsugiri, L50, F|100\/100\n|-activate|p1a: Tatsugiri|ability: Commander|[of] p1b: Dondozo\n|-boost|p1b: Dondozo|atk|2\n|-boost|p1b: Dondozo|spa|2\n|-boost|p1b: Dondozo|spe|2\n|-boost|p1b: Dondozo|def|2\n|-boost|p1b: Dondozo|spd|2\n|move|p2a: Pawmot|Nuzzle|p1b: Dondozo\n|-supereffective|p1b: Dondozo\n|-damage|p1b: Dondozo|95\/100\n|-status|p1b: Dondozo|par\n|move|p2b: Great Tusk|Knock Off|p1b: Dondozo\n|-damage|p1b: Dondozo|86\/100 par\n|-enditem|p1b: Dondozo|Chesto Berry|[from] move: Knock Off|[of] p2b: Great Tusk\n|cant|p1b: Dondozo|par\n|\n|-damage|p2a: Pawmot|0 fnt|[from] Salt Cure\n|faint|p2a: Pawmot\n|upkeep\n|\n|t:|1682472621\n|switch|p2a: Flutter Mane|Flutter Mane, L50|100\/100\n|-enditem|p2a: Flutter Mane|Booster Energy\n|-activate|p2a: Flutter Mane|ability: Protosynthesis|[fromitem]\n|-start|p2a: Flutter Mane|protosynthesisspe\n|turn|8\n|inactive|Lucario3021 has 30 seconds left.\n|\n|t:|1682472647\n|move|p2a: Flutter Mane|Shadow Ball|p1b: Dondozo\n|-damage|p1b: Dondozo|66\/100 par\n|move|p2b: Great Tusk|Rapid Spin|p1b: Dondozo\n|-damage|p1b: Dondozo|62\/100 par\n|-boost|p2b: Great Tusk|spe|1\n|move|p1b: Dondozo|Order Up|p2b: Great Tusk\n|-damage|p2b: Great Tusk|71\/100\n|-boost|p1b: Dondozo|atk|1\n|\n|upkeep\n|turn|9\n|\n|t:|1682472669\n|move|p2a: Flutter Mane|Dazzling Gleam|p1a: Tatsugiri|[spread] p1b\n|-miss|p2a: Flutter Mane|p1a: Tatsugiri\n|-damage|p1b: Dondozo|46\/100 par\n|move|p2b: Great Tusk|Close Combat|p1b: Dondozo\n|-damage|p1b: Dondozo|31\/100 par\n|-unboost|p2b: Great Tusk|def|1\n|-unboost|p2b: Great Tusk|spd|1\n|move|p1b: Dondozo|Order Up|p2b: Great Tusk\n|-damage|p2b: Great Tusk|36\/100\n|-boost|p1b: Dondozo|atk|1\n|\n|upkeep\n|turn|10\n|\n|t:|1682472684\n|move|p2a: Flutter Mane|Shadow Ball|p1b: Dondozo\n|-damage|p1b: Dondozo|10\/100 par\n|move|p2b: Great Tusk|Close Combat|p1b: Dondozo\n|-damage|p1b: Dondozo|0 fnt\n|-unboost|p2b: Great Tusk|def|1\n|-unboost|p2b: Great Tusk|spd|1\n|faint|p1b: Dondozo\n|\n|upkeep\n|\n|t:|1682472694\n|switch|p1b: Garganacl|Garganacl, L50, F|38\/100\n|turn|11\n|inactive|Lucario3021 has 30 seconds left.\n|\n|t:|1682472722\n|move|p1b: Garganacl|Wide Guard|p1b: Garganacl\n|-singleturn|p1b: Garganacl|Wide Guard\n|move|p2a: Flutter Mane|Shadow Ball|p1a: Tatsugiri\n|-damage|p1a: Tatsugiri|47\/100\n|move|p2b: Great Tusk|Close Combat|p1a: Tatsugiri\n|-damage|p1a: Tatsugiri|0 fnt\n|-unboost|p2b: Great Tusk|def|1\n|-unboost|p2b: Great Tusk|spd|1\n|faint|p1a: Tatsugiri\n|\n|-heal|p1b: Garganacl|43\/100|[from] item: Leftovers\n|upkeep\n|turn|12\n|-message|donboso forfeited.\n|\n|win|Lucario3021\n|raw|donboso's rating: 1055 → 1036<\/strong> (-19 for losing)\n|raw|Lucario3021's rating: 1033 → 1070<\/strong> (+37 for winning)\n|l|\u2606donboso\n|c|\u2606Lucario3021|gg\n","uploadtime":1682472742,"views":13,"p1id":"donboso","p2id":"lucario3021","formatid":"gen9vgc2023regulationc","rating":1036,"private":0,"password":""}