{"id":"gen9vgc2023regulationc-1862724958","p1":"chipsandiggs","p2":"Arcacagne","format":"[Gen 9] VGC 2023 Regulation C","log":"|j|\u2606chipsandiggs\n|j|\u2606Arcacagne\n|t:|1683915653\n|gametype|doubles\n|player|p1|chipsandiggs|psychic-gen4|1061\n|player|p2|Arcacagne|169|1149\n|teamsize|p1|6\n|teamsize|p2|6\n|gen|9\n|tier|[Gen 9] VGC 2023 Regulation C\n|rated|\n|rule|Species Clause: Limit one of each Pok\u00e9mon\n|rule|Item Clause: Limit one of each item\n|clearpoke\n|poke|p1|Flutter Mane, L50|\n|poke|p1|Kingambit, L50, F|\n|poke|p1|Armarouge, L50, M|\n|poke|p1|Indeedee-F, L50, F|\n|poke|p1|Gyarados, L50, M|\n|poke|p1|Ting-Lu, L50|\n|poke|p2|Chi-Yu, L50|\n|poke|p2|Flutter Mane, L50|\n|poke|p2|Amoonguss, L50, F|\n|poke|p2|Ting-Lu, L50|\n|poke|p2|Iron Hands, L50|\n|poke|p2|Gyarados, L50, F|\n|teampreview|4\n|\n|t:|1683915675\n|start\n|switch|p1a: death|Armarouge, L50, M|100\/100\n|switch|p1b: Indeedee|Indeedee-F, L50, F|100\/100\n|switch|p2a: Chi-Yu|Chi-Yu, L50|100\/100\n|switch|p2b: Amoonguss|Amoonguss, L50, F|100\/100\n|-ability|p2a: Chi-Yu|Beads of Ruin\n|-fieldstart|move: Psychic Terrain|[from] ability: Psychic Surge|[of] p1b: Indeedee\n|-item|p1a: death|Air Balloon\n|turn|1\n|inactive|Battle timer is ON: inactive players will automatically lose when time's up. (requested by Arcacagne)\n|\n|t:|1683915697\n|-terastallize|p2b: Amoonguss|Water\n|move|p1b: Indeedee|Follow Me|p1b: Indeedee\n|-singleturn|p1b: Indeedee|move: Follow Me\n|move|p2a: Chi-Yu|Dark Pulse|p1b: Indeedee\n|-supereffective|p1b: Indeedee\n|-enditem|p1b: Indeedee|Focus Sash\n|-damage|p1b: Indeedee|1\/100\n|move|p1a: death|Expanding Force|p2a: Chi-Yu\n|-immune|p2a: Chi-Yu\n|move|p2b: Amoonguss|Spore|p1b: Indeedee\n|-status|p1b: Indeedee|slp|[from] move: Spore\n|\n|upkeep\n|turn|2\n|\n|t:|1683915719\n|switch|p2b: Ting-Lu|Ting-Lu, L50|100\/100\n|-ability|p2b: Ting-Lu|Vessel of Ruin\n|move|p1a: death|Protect|p1a: death\n|-singleturn|p1a: death|Protect\n|move|p2a: Chi-Yu|Dark Pulse|p1a: death\n|-activate|p1a: death|move: Protect\n|cant|p1b: Indeedee|slp\n|\n|upkeep\n|turn|3\n|c|\u2606Arcacagne|stop psispam\n|c|\u2606Arcacagne|play other things\n|inactive|chipsandiggs has 30 seconds left.\n|\n|t:|1683915750\n|-curestatus|p1b: Indeedee|slp|[msg]\n|move|p1b: Indeedee|Helping Hand|p1a: death\n|-singleturn|p1a: death|Helping Hand|[of] p1b: Indeedee\n|move|p2a: Chi-Yu|Dark Pulse|p1a: death\n|-supereffective|p1a: death\n|-damage|p1a: death|13\/100\n|-enditem|p1a: death|Air Balloon\n|move|p1a: death|Expanding Force|p2b: Ting-Lu|[spread] \n|-immune|p2a: Chi-Yu\n|-immune|p2b: Ting-Lu\n|move|p2b: Ting-Lu|Throat Chop|p1b: Indeedee\n|-supereffective|p1b: Indeedee\n|-damage|p1b: Indeedee|0 fnt\n|faint|p1b: Indeedee\n|\n|upkeep\n|c|\u2606Arcacagne|wow\n|\n|t:|1683915766\n|switch|p1b: Ting-Lu|Ting-Lu, L50|100\/100\n|-ability|p1b: Ting-Lu|Vessel of Ruin\n|turn|4\n|c|\u2606Arcacagne|exp force against two dark type\n|c|\u2606Arcacagne|smart\n|inactive|Arcacagne has 30 seconds left.\n|\n|t:|1683915795\n|move|p1a: death|Protect|p1a: death\n|-singleturn|p1a: death|Protect\n|move|p2a: Chi-Yu|Dark Pulse|p1a: death\n|-activate|p1a: death|move: Protect\n|move|p2b: Ting-Lu|Throat Chop|p1b: Ting-Lu\n|-resisted|p1b: Ting-Lu\n|-damage|p1b: Ting-Lu|86\/100\n|-start|p1b: Ting-Lu|Throat Chop|[silent]\n|move|p1b: Ting-Lu|Fissure|p2a: Chi-Yu|[miss]\n|-miss|p1b: Ting-Lu|p2a: Chi-Yu\n|\n|upkeep\n|turn|5\n|c|\u2606Arcacagne|oooooh\n|c|\u2606Arcacagne|I see your skil now\n|inactive|chipsandiggs has 30 seconds left.\n|inactive|Arcacagne has 30 seconds left.\n|\n|t:|1683915824\n|move|p2a: Chi-Yu|Overheat|p1b: Ting-Lu|[miss]\n|-miss|p2a: Chi-Yu|p1b: Ting-Lu\n|move|p1a: death|Armor Cannon|p2b: Ting-Lu\n|-damage|p2b: Ting-Lu|52\/100\n|-unboost|p1a: death|def|1\n|-unboost|p1a: death|spd|1\n|move|p2b: Ting-Lu|Throat Chop|p1a: death\n|-supereffective|p1a: death\n|-damage|p1a: death|0 fnt\n|faint|p1a: death\n|move|p1b: Ting-Lu|Heavy Slam|p2b: Ting-Lu\n|-damage|p2b: Ting-Lu|42\/100\n|\n|-end|p1b: Ting-Lu|Throat Chop|[silent]\n|-fieldend|move: Psychic Terrain\n|upkeep\n|\n|t:|1683915838\n|switch|p1a: Flutter Mane|Flutter Mane, L50|100\/100\n|-enditem|p1a: Flutter Mane|Booster Energy\n|-activate|p1a: Flutter Mane|ability: Protosynthesis|[fromitem]\n|-start|p1a: Flutter Mane|protosynthesisspe\n|turn|6\n|\n|t:|1683915855\n|switch|p2b: Amoonguss|Amoonguss, L50, F, tera:Water|100\/100\n|move|p1a: Flutter Mane|Shadow Ball|p2a: Chi-Yu\n|-resisted|p2a: Chi-Yu\n|-damage|p2a: Chi-Yu|80\/100\n|-unboost|p2a: Chi-Yu|spd|1\n|move|p2a: Chi-Yu|Overheat|p1b: Ting-Lu\n|-damage|p1b: Ting-Lu|50\/100\n|-unboost|p2a: Chi-Yu|spa|2\n|move|p1b: Ting-Lu|Fissure|p2a: Chi-Yu|[miss]\n|-miss|p1b: Ting-Lu|p2a: Chi-Yu\n|\n|upkeep\n|turn|7\n|\n|t:|1683915874\n|switch|p2a: Ting-Lu|Ting-Lu, L50|42\/100\n|-ability|p2a: Ting-Lu|Vessel of Ruin\n|move|p1a: Flutter Mane|Moonblast|p2a: Ting-Lu\n|-supereffective|p2a: Ting-Lu\n|-crit|p2a: Ting-Lu\n|-damage|p2a: Ting-Lu|0 fnt\n|faint|p2a: Ting-Lu\n|move|p1b: Ting-Lu|Stomping Tantrum|p2b: Amoonguss\n|-damage|p2b: Amoonguss|35\/100\n|-enditem|p2b: Amoonguss|Sitrus Berry|[eat]\n|-heal|p2b: Amoonguss|60\/100|[from] item: Sitrus Berry\n|move|p2b: Amoonguss|Spore|p1b: Ting-Lu\n|-status|p1b: Ting-Lu|slp|[from] move: Spore\n|\n|upkeep\n|\n|t:|1683915889\n|switch|p2a: Iron Hands|Iron Hands, L50|100\/100\n|turn|8\n|\n|t:|1683915900\n|move|p1a: Flutter Mane|Protect|p1a: Flutter Mane\n|-singleturn|p1a: Flutter Mane|Protect\n|move|p2b: Amoonguss|Rage Powder|p2b: Amoonguss\n|-singleturn|p2b: Amoonguss|move: Rage Powder\n|move|p2a: Iron Hands|Swords Dance|p2a: Iron Hands\n|-boost|p2a: Iron Hands|atk|2\n|cant|p1b: Ting-Lu|slp\n|\n|upkeep\n|turn|9\n|\n|t:|1683915923\n|move|p2b: Amoonguss|Rage Powder|p2b: Amoonguss\n|-singleturn|p2b: Amoonguss|move: Rage Powder\n|move|p1a: Flutter Mane|Shadow Ball|p2b: Amoonguss\n|-damage|p2b: Amoonguss|34\/100\n|move|p2a: Iron Hands|Drain Punch|p1b: Ting-Lu\n|-supereffective|p1b: Ting-Lu\n|-damage|p1b: Ting-Lu|0 fnt\n|faint|p1b: Ting-Lu\n|\n|upkeep\n|turn|10\n|c|\u2606Arcacagne|lol\n|\n|t:|1683915937\n|move|p2b: Amoonguss|Rage Powder|p2b: Amoonguss\n|-singleturn|p2b: Amoonguss|move: Rage Powder\n|move|p1a: Flutter Mane|Shadow Ball|p2b: Amoonguss\n|-damage|p2b: Amoonguss|0 fnt\n|faint|p2b: Amoonguss\n|move|p2a: Iron Hands|Thunder Punch|p1a: Flutter Mane\n|-damage|p1a: Flutter Mane|0 fnt\n|faint|p1a: Flutter Mane\n|-end|p1a: Flutter Mane|Protosynthesis|[silent]\n|\n|win|Arcacagne\n|raw|chipsandiggs's rating: 1061 → 1047<\/strong> (-14 for losing)\n|raw|Arcacagne's rating: 1149 → 1168<\/strong> (+19 for winning)\n|l|\u2606Arcacagne\n","uploadtime":1683915953,"views":19,"p1id":"chipsandiggs","p2id":"arcacagne","formatid":"gen9vgc2023regulationc","rating":1047,"private":0,"password":""}