{"id":"gen9vgc2023regulationc-1851413026","p1":"Pierre113","p2":"Spearwinner","format":"[Gen 9] VGC 2023 Regulation C","log":"|j|\u2606Pierre113\n|j|\u2606Spearwinner\n|t:|1682443106\n|gametype|doubles\n|player|p1|Pierre113|palmer|\n|player|p2|Spearwinner|2|\n|teamsize|p1|6\n|teamsize|p2|6\n|gen|9\n|tier|[Gen 9] VGC 2023 Regulation C\n|rule|Species Clause: Limit one of each Pok\u00e9mon\n|rule|Item Clause: Limit one of each item\n|clearpoke\n|poke|p1|Flutter Mane, L50|\n|poke|p1|Amoonguss, L50, M|\n|poke|p1|Chi-Yu, L50|\n|poke|p1|Gyarados, L50, M|\n|poke|p1|Iron Hands, L50|\n|poke|p1|Kingambit, L50, M|\n|poke|p2|Palafin, L50, M|\n|poke|p2|Arcanine, L50, F|\n|poke|p2|Amoonguss, L50, F|\n|poke|p2|Ting-Lu, L50|\n|poke|p2|Baxcalibur, L50, M|\n|poke|p2|Flutter Mane, L50|\n|teampreview|4\n|c|\u2606Spearwinner|g1\nSpearwinner has agreed to open team sheets.\nPierre113 has agreed to open team sheets.\n|c|\u2606Pierre113|gl hf !\n|c|\u2606Pierre113|ready ?\n|c|\u2606Spearwinner|yes\n|inactive|Battle timer is ON: inactive players will automatically lose when time's up. (requested by Pierre113)\n|inactive|Pierre113 has 60 seconds left.\n|inactive|Pierre113 has 30 seconds left.\n|c|\u2606Spearwinner|glhf\n|c|\u2606Pierre113|u too !\n|inactive|Pierre113 has 20 seconds left.\n|inactive|Pierre113 has 15 seconds left.\n|\n|t:|1682443256\n|start\n|switch|p1a: Kingambit|Kingambit, L50, M|100\/100\n|switch|p1b: Amoonguss|Amoonguss, L50, M|100\/100\n|switch|p2a: Palafin|Palafin, L50, M|100\/100\n|switch|p2b: Ting-Lu|Ting-Lu, L50|100\/100\n|-ability|p2b: Ting-Lu|Vessel of Ruin\n|turn|1\n|inactive|Spearwinner has 30 seconds left.\n|inactive|Spearwinner has 20 seconds left.\n|inactive|Spearwinner has 15 seconds left.\n|\n|t:|1682443299\n|detailschange|p2a: Palafin|Palafin-Hero, L50, M\n|switch|p2a: Amoonguss|Amoonguss, L50, F|100\/100\n|switch|p1a: Gyarados|Gyarados, L50, M|100\/100\n|-ability|p1a: Gyarados|Intimidate|boost\n|-unboost|p2a: Amoonguss|atk|1\n|-unboost|p2b: Ting-Lu|atk|1\n|move|p2b: Ting-Lu|Stomping Tantrum|p1a: Gyarados\n|-immune|p1a: Gyarados\n|move|p1b: Amoonguss|Spore|p2b: Ting-Lu\n|-status|p2b: Ting-Lu|slp|[from] move: Spore\n|\n|upkeep\n|turn|2\n|\n|t:|1682443321\n|switch|p1b: Iron Hands|Iron Hands, L50|100\/100\n|move|p1a: Gyarados|Dragon Dance|p1a: Gyarados\n|-boost|p1a: Gyarados|atk|1\n|-boost|p1a: Gyarados|spe|1\n|cant|p2b: Ting-Lu|slp\n|move|p2a: Amoonguss|Spore|p1a: Gyarados\n|-status|p1a: Gyarados|slp|[from] move: Spore\n|-enditem|p1a: Gyarados|Lum Berry|[eat]\n|-curestatus|p1a: Gyarados|slp|[msg]\n|\n|upkeep\n|turn|3\n|inactive|Spearwinner has 30 seconds left.\n|\n|t:|1682443354\n|-terastallize|p1a: Gyarados|Flying\n|-terastallize|p2a: Amoonguss|Water\n|move|p1b: Iron Hands|Fake Out|p2a: Amoonguss\n|-damage|p2a: Amoonguss|89\/100\n|move|p1a: Gyarados|Tera Blast|p2a: Amoonguss\n|-damage|p2a: Amoonguss|22\/100\n|-enditem|p2a: Amoonguss|Sitrus Berry|[eat]\n|-heal|p2a: Amoonguss|47\/100|[from] item: Sitrus Berry\n|cant|p2b: Ting-Lu|slp\n|cant|p2a: Amoonguss|flinch\n|\n|upkeep\n|turn|4\n|\n|t:|1682443371\n|switch|p2a: Arcanine|Arcanine, L50, F|100\/100\n|-ability|p2a: Arcanine|Intimidate|boost\n|-unboost|p1a: Gyarados|atk|1\n|-unboost|p1b: Iron Hands|atk|1\n|move|p1a: Gyarados|Waterfall|p2b: Ting-Lu\n|-supereffective|p2b: Ting-Lu\n|-damage|p2b: Ting-Lu|59\/100 slp\n|move|p1b: Iron Hands|Wild Charge|p2a: Arcanine\n|-damage|p2a: Arcanine|66\/100\n|-damage|p1b: Iron Hands|94\/100|[from] Recoil\n|-curestatus|p2b: Ting-Lu|slp|[msg]\n|move|p2b: Ting-Lu|Stone Edge|p1a: Gyarados\n|-supereffective|p1a: Gyarados\n|-damage|p1a: Gyarados|61\/100\n|\n|upkeep\n|turn|5\n|inactive|Pierre113 has 30 seconds left.\n|inactive|Spearwinner has 30 seconds left.\n|inactive|Pierre113 has 20 seconds left.\n|inactive|Spearwinner has 20 seconds left.\n|inactive|Pierre113 has 15 seconds left.\n|inactive|Pierre113 has 10 seconds left.\n|inactive|Spearwinner has 15 seconds left.\n|inactive|Pierre113 has 5 seconds left.\n|\n|t:|1682443423\n|move|p1a: Gyarados|Waterfall|p2b: Ting-Lu\n|-supereffective|p2b: Ting-Lu\n|-damage|p2b: Ting-Lu|18\/100\n|move|p2a: Arcanine|Howl|p2a: Arcanine|[spread] p2a,p2b\n|-boost|p2a: Arcanine|atk|1\n|-boost|p2b: Ting-Lu|atk|1\n|move|p1b: Iron Hands|Drain Punch|p2b: Ting-Lu\n|-supereffective|p2b: Ting-Lu\n|-damage|p2b: Ting-Lu|0 fnt\n|-heal|p1b: Iron Hands|100\/100|[from] drain|[of] p2b: Ting-Lu\n|faint|p2b: Ting-Lu\n|\n|upkeep\n|\n|t:|1682443437\n|switch|p2b: Palafin|Palafin-Hero, L50, M|100\/100\n|-activate|p2b: Palafin|ability: Zero to Hero\n|turn|6\n|\n|t:|1682443459\n|switch|p1a: Amoonguss|Amoonguss, L50, M|100\/100\n|-end|p1b: Iron Hands|Quark Drive|[silent]\n|switch|p1b: Kingambit|Kingambit, L50, M|100\/100\n|move|p2b: Palafin|Substitute|p2b: Palafin\n|-start|p2b: Palafin|Substitute\n|-damage|p2b: Palafin|76\/100\n|move|p2a: Arcanine|Will-O-Wisp|p1b: Kingambit\n|-status|p1b: Kingambit|brn\n|\n|-damage|p1b: Kingambit|95\/100 brn|[from] brn\n|upkeep\n|turn|7\n|inactive|Pierre113 has 30 seconds left.\n|inactive|Spearwinner has 30 seconds left.\n|\n|t:|1682443486\n|move|p1a: Amoonguss|Rage Powder|p1a: Amoonguss\n|-singleturn|p1a: Amoonguss|move: Rage Powder\n|move|p1b: Kingambit|Sucker Punch|p2b: Palafin\n|-activate|p2b: Palafin|move: Substitute|[damage]\n|move|p2b: Palafin|Wave Crash|p1a: Amoonguss\n|-resisted|p1a: Amoonguss\n|-damage|p1a: Amoonguss|68\/100\n|-damage|p2b: Palafin|62\/100|[from] Recoil\n|move|p2a: Arcanine|Flare Blitz|p1a: Amoonguss\n|-supereffective|p1a: Amoonguss\n|-damage|p1a: Amoonguss|0 fnt\n|faint|p1a: Amoonguss\n|-damage|p2a: Arcanine|39\/100|[from] Recoil\n|\n|-damage|p1b: Kingambit|89\/100 brn|[from] brn\n|upkeep\n|\n|t:|1682443503\n|switch|p1a: Iron Hands|Iron Hands, L50|100\/100\n|turn|8\n|inactive|Pierre113 has 30 seconds left.\n|\n|t:|1682443538\n|move|p1a: Iron Hands|Fake Out|p2a: Arcanine\n|-damage|p2a: Arcanine|20\/100\n|move|p2b: Palafin|Jet Punch|p1b: Kingambit\n|-damage|p1b: Kingambit|55\/100 brn\n|move|p1b: Kingambit|Sucker Punch||[still]\n|-fail|p1b: Kingambit\n|cant|p2a: Arcanine|flinch\n|\n|-damage|p1b: Kingambit|49\/100 brn|[from] brn\n|upkeep\n|turn|9\n|inactive|Pierre113 has 30 seconds left.\n|inactive|Pierre113 has 20 seconds left.\n|inactive|Pierre113 has 15 seconds left.\n|inactive|Pierre113 has 10 seconds left.\n|inactive|Pierre113 has 5 seconds left.\n|\n|t:|1682443589\n|move|p2b: Palafin|Jet Punch|p1b: Kingambit\n|-damage|p1b: Kingambit|15\/100 brn\n|move|p2a: Arcanine|Will-O-Wisp|p1a: Iron Hands\n|-status|p1a: Iron Hands|brn\n|move|p1a: Iron Hands|Wild Charge|p2a: Arcanine\n|-damage|p2a: Arcanine|0 fnt\n|faint|p2a: Arcanine\n|-damage|p1a: Iron Hands|97\/100 brn|[from] Recoil\n|move|p1b: Kingambit|Assurance|p2b: Palafin\n|-end|p2b: Palafin|Substitute\n|\n|-damage|p1a: Iron Hands|91\/100 brn|[from] brn\n|-damage|p1b: Kingambit|10\/100 brn|[from] brn\n|upkeep\n|\n|t:|1682443597\n|switch|p2a: Amoonguss|Amoonguss, L50, F, tera:Water|80\/100\n|turn|10\n|inactive|Pierre113 has 30 seconds left.\n|inactive|Pierre113 has 20 seconds left.\n|\n|t:|1682443632\n|move|p1b: Kingambit|Protect|p1b: Kingambit\n|-singleturn|p1b: Kingambit|Protect\n|move|p2b: Palafin|Substitute|p2b: Palafin\n|-start|p2b: Palafin|Substitute\n|-damage|p2b: Palafin|38\/100\n|move|p1a: Iron Hands|Wild Charge|p2a: Amoonguss\n|-supereffective|p2a: Amoonguss\n|-damage|p2a: Amoonguss|44\/100\n|-damage|p1a: Iron Hands|83\/100 brn|[from] Recoil\n|move|p2a: Amoonguss|Pollen Puff|p2b: Palafin\n|-heal|p2b: Palafin|87\/100\n|\n|-damage|p1a: Iron Hands|77\/100 brn|[from] brn\n|-damage|p1b: Kingambit|4\/100 brn|[from] brn\n|upkeep\n|turn|11\n|inactive|Pierre113 has 30 seconds left.\n|\n|t:|1682443667\n|switch|p1b: Gyarados|Gyarados, L50, M, tera:Flying|61\/100\n|-ability|p1b: Gyarados|Intimidate|boost\n|-unboost|p2a: Amoonguss|atk|1\n|-immune|p2b: Palafin\n|move|p2b: Palafin|Wave Crash|p1a: Iron Hands\n|-damage|p1a: Iron Hands|15\/100 brn\n|-damage|p2b: Palafin|59\/100|[from] Recoil\n|move|p1a: Iron Hands|Wild Charge|p2a: Amoonguss\n|-supereffective|p2a: Amoonguss\n|-damage|p2a: Amoonguss|6\/100\n|-damage|p1a: Iron Hands|6\/100 brn|[from] Recoil\n|move|p2a: Amoonguss|Pollen Puff|p2b: Palafin\n|-heal|p2b: Palafin|100\/100\n|\n|-damage|p1a: Iron Hands|0 fnt|[from] brn\n|faint|p1a: Iron Hands\n|-end|p1a: Iron Hands|Quark Drive|[silent]\n|upkeep\n|\n|t:|1682443670\n|switch|p1a: Kingambit|Kingambit, L50, M|4\/100 brn\n|turn|12\n|\n|t:|1682443694\n|move|p2a: Amoonguss|Rage Powder|p2a: Amoonguss\n|-singleturn|p2a: Amoonguss|move: Rage Powder\n|move|p1a: Kingambit|Sucker Punch||[still]\n|-fail|p1a: Kingambit\n|move|p2b: Palafin|Wave Crash|p1b: Gyarados\n|-damage|p1b: Gyarados|0 fnt\n|faint|p1b: Gyarados\n|-damage|p2b: Palafin|79\/100|[from] Recoil\n|\n|-damage|p1a: Kingambit|0 fnt|[from] brn\n|faint|p1a: Kingambit\n|\n|win|Spearwinner\n|upkeep\n|c|\u2606Pierre113|gg\n|c|\u2606Spearwinner|gg\n|l|\u2606Spearwinner\n","uploadtime":1682445537,"views":7,"p1id":"pierre113","p2id":"spearwinner","formatid":"gen9vgc2023regulationc","rating":0,"private":0,"password":""}