{"id":"gen9vgc2023regulationc-1848227498","p1":"veloko_5849","p2":"dralfredpennyworth","format":"[Gen 9] VGC 2023 Regulation C","log":"|j|\u2606veloko_5849\n|j|\u2606dralfredpennyworth\n|t:|1682045054\n|gametype|doubles\n|player|p1|veloko_5849|pokemaniac|1054\n|player|p2|dralfredpennyworth|lucas|1062\n|teamsize|p1|6\n|teamsize|p2|6\n|gen|9\n|tier|[Gen 9] VGC 2023 Regulation C\n|rated|\n|rule|Species Clause: Limit one of each Pok\u00e9mon\n|rule|Item Clause: Limit one of each item\n|clearpoke\n|poke|p1|Orthworm, L50, M|\n|poke|p1|Rotom-Wash, L50|\n|poke|p1|Garchomp, L50, F|\n|poke|p1|Maushold-Four, L50|\n|poke|p1|Annihilape, L50, F|\n|poke|p1|Vivillon-Savanna, L50, F|\n|poke|p2|Lumineon, L50, F|\n|poke|p2|Toxtricity-Low-Key, L50, M|\n|poke|p2|Weavile, L50, M|\n|poke|p2|Hariyama, L50, M|\n|poke|p2|Dragapult, L50, F|\n|poke|p2|Camerupt, L50, M|\n|teampreview|4\nveloko_5849 has agreed to open team sheets.\n|inactive|Battle timer is ON: inactive players will automatically lose when time's up. (requested by veloko_5849)\n|\n|t:|1682045093\n|start\n|switch|p1a: Rotom|Rotom-Wash, L50|100\/100\n|switch|p1b: Garchomp|Garchomp, L50, F|100\/100\n|switch|p2a: Lumineon|Lumineon, L50, F, shiny|100\/100\n|switch|p2b: Dragapult|Dragapult, L50, F, shiny|100\/100\n|turn|1\n|\n|t:|1682045113\n|-terastallize|p1b: Garchomp|Steel\n|move|p2b: Dragapult|Protect|p2b: Dragapult\n|-singleturn|p2b: Dragapult|Protect\n|move|p1b: Garchomp|Dragon Claw|p2b: Dragapult\n|-activate|p2b: Dragapult|move: Protect\n|move|p1a: Rotom|Discharge|p2a: Lumineon|[spread] p1b,p2a\n|-activate|p2b: Dragapult|move: Protect\n|-supereffective|p2a: Lumineon\n|-damage|p1b: Garchomp|85\/100\n|-damage|p2a: Lumineon|38\/100\n|move|p2a: Lumineon|Safeguard|p2a: Lumineon\n|-sidestart|p2: dralfredpennyworth|Safeguard\n|\n|upkeep\n|turn|2\n|inactive|veloko_5849 has 30 seconds left.\n|inactive|dralfredpennyworth has 30 seconds left.\n|inactive|veloko_5849 has 20 seconds left.\n|inactive|dralfredpennyworth has 20 seconds left.\n|inactive|dralfredpennyworth has 15 seconds left.\n|\n|t:|1682045155\n|move|p2b: Dragapult|Phantom Force||[still]\n|-prepare|p2b: Dragapult|Phantom Force\n|move|p1b: Garchomp|Dragon Claw|p2b: Dragapult|[miss]\n|-miss|p1b: Garchomp|p2b: Dragapult\n|move|p1a: Rotom|Discharge|p2a: Lumineon|[spread] p1b,p2a\n|-miss|p1a: Rotom|p2b: Dragapult\n|-supereffective|p2a: Lumineon\n|-damage|p1b: Garchomp|67\/100\n|-damage|p2a: Lumineon|0 fnt\n|faint|p2a: Lumineon\n|\n|upkeep\n|\n|t:|1682045171\n|switch|p2a: Camerupt|Camerupt, L50, M|100\/100\n|turn|3\n|\n|t:|1682045183\n|move|p2b: Dragapult|Phantom Force|p1a: Rotom|[from]lockedmove\n|-damage|p1a: Rotom|44\/100\n|move|p1b: Garchomp|Earthquake|p2b: Dragapult|[spread] p2a,p2b\n|-immune|p1a: Rotom|[from] ability: Levitate\n|-supereffective|p2a: Camerupt\n|-damage|p2a: Camerupt|39\/100\n|-damage|p2b: Dragapult|58\/100\n|move|p1a: Rotom|Hydro Pump|p2a: Camerupt\n|-supereffective|p2a: Camerupt\n|-damage|p2a: Camerupt|0 fnt\n|faint|p2a: Camerupt\n|\n|upkeep\n|\n|t:|1682045193\n|switch|p2a: Toxtricity|Toxtricity-Low-Key, L50, M, shiny|100\/100\n|turn|4\n|\n|t:|1682045209\n|-terastallize|p2a: Toxtricity|Flying\n|move|p2b: Dragapult|Phantom Force||[still]\n|-prepare|p2b: Dragapult|Phantom Force\n|move|p1b: Garchomp|Earthquake|p2b: Dragapult|[spread] \n|-miss|p1b: Garchomp|p2b: Dragapult\n|-immune|p1a: Rotom|[from] ability: Levitate\n|-immune|p2a: Toxtricity\n|move|p1a: Rotom|Discharge|p2a: Toxtricity|[spread] p1b,p2a\n|-miss|p1a: Rotom|p2b: Dragapult\n|-supereffective|p2a: Toxtricity\n|-damage|p1b: Garchomp|51\/100\n|-damage|p2a: Toxtricity|40\/100\n|move|p2a: Toxtricity|Overdrive|p1b: Garchomp|[spread] p1a,p1b\n|-damage|p1a: Rotom|0 fnt\n|-damage|p1b: Garchomp|27\/100\n|faint|p1a: Rotom\n|-enditem|p2a: Toxtricity|Throat Spray\n|-boost|p2a: Toxtricity|spa|1|[from] item: Throat Spray\n|\n|upkeep\n|\n|t:|1682045231\n|switch|p1a: Maushold|Maushold-Four, L50|100\/100\n|turn|5\n|\n|t:|1682045245\n|move|p2a: Toxtricity|Protect|p2a: Toxtricity\n|-singleturn|p2a: Toxtricity|Protect\n|move|p1a: Maushold|Follow Me|p1a: Maushold\n|-singleturn|p1a: Maushold|move: Follow Me\n|move|p2b: Dragapult|Phantom Force|p1a: Maushold|[from]lockedmove\n|-immune|p1a: Maushold\n|move|p1b: Garchomp|Rock Slide|p2a: Toxtricity|[spread] \n|-activate|p2a: Toxtricity|move: Protect\n|-miss|p1b: Garchomp|p2b: Dragapult\n|\n|-sideend|p2: dralfredpennyworth|Safeguard\n|upkeep\n|turn|6\n|\n|t:|1682045262\n|move|p1a: Maushold|Follow Me|p1a: Maushold\n|-singleturn|p1a: Maushold|move: Follow Me\n|move|p2b: Dragapult|Dragon Darts|p1a: Maushold\n|-damage|p1a: Maushold|61\/100\n|-anim|p2b: Dragapult|Dragon Darts|p1a: Maushold\n|-damage|p1a: Maushold|22\/100\n|move|p1b: Garchomp|Rock Slide|p2b: Dragapult|[spread] p2b\n|-miss|p1b: Garchomp|p2a: Toxtricity\n|-damage|p2b: Dragapult|36\/100\n|move|p2a: Toxtricity|Overdrive|p1a: Maushold|[spread] p1a,p1b\n|-damage|p1a: Maushold|0 fnt\n|-damage|p1b: Garchomp|4\/100\n|faint|p1a: Maushold\n|\n|upkeep\n|\n|t:|1682045276\n|switch|p1a: Annihilape|Annihilape, L50, F|100\/100\n|turn|7\n|\n|t:|1682045298\n|move|p2b: Dragapult|Phantom Force||[still]\n|-prepare|p2b: Dragapult|Phantom Force\n|move|p1b: Garchomp|Rock Slide|p2a: Toxtricity|[spread] \n|-miss|p1b: Garchomp|p2b: Dragapult\n|-miss|p1b: Garchomp|p2a: Toxtricity\n|move|p1a: Annihilape|Bulk Up|p1a: Annihilape\n|-boost|p1a: Annihilape|atk|1\n|-boost|p1a: Annihilape|def|1\n|move|p2a: Toxtricity|Overdrive|p1a: Annihilape|[spread] p1a,p1b\n|-damage|p1a: Annihilape|50\/100\n|-damage|p1b: Garchomp|0 fnt\n|faint|p1b: Garchomp\n|\n|-heal|p1a: Annihilape|56\/100|[from] item: Leftovers\n|upkeep\n|turn|8\n|\n|t:|1682045315\n|move|p1a: Annihilape|Protect|p1a: Annihilape\n|-singleturn|p1a: Annihilape|Protect\n|move|p2b: Dragapult|Phantom Force|p1a: Annihilape|[from]lockedmove\n|-activate|p1a: Annihilape|move: Phantom Force|[broken]\n|-supereffective|p1a: Annihilape\n|-damage|p1a: Annihilape|0 fnt\n|faint|p1a: Annihilape\n|\n|win|dralfredpennyworth\n|raw|veloko_5849's rating: 1054 → 1036<\/strong> (-18 for losing)\n|raw|dralfredpennyworth's rating: 1062 → 1092<\/strong> (+30 for winning)\n","uploadtime":1682045325,"views":4,"p1id":"veloko5849","p2id":"dralfredpennyworth","formatid":"gen9vgc2023regulationc","rating":1036,"private":0,"password":""}