{"id":"gen9vgc2023regulationc-1856768122","p1":"SampZ4","p2":"Maxifire","format":"[Gen 9] VGC 2023 Regulation C","log":"|j|\u2606SampZ4\n|j|\u2606Maxifire\n|t:|1683108417\n|gametype|doubles\n|player|p1|SampZ4|170|1068\n|player|p2|Maxifire|hilbert-wonderlauncher|1000\n|teamsize|p1|6\n|teamsize|p2|6\n|gen|9\n|tier|[Gen 9] VGC 2023 Regulation C\n|rated|\n|rule|Species Clause: Limit one of each Pok\u00e9mon\n|rule|Item Clause: Limit one of each item\n|clearpoke\n|poke|p1|Maushold, L50|\n|poke|p1|Volcarona, L50, F|\n|poke|p1|Kingambit, L50, M|\n|poke|p1|Palafin, L50, M|\n|poke|p1|Garchomp, L50, F|\n|poke|p1|Grimmsnarl, L50, M|\n|poke|p2|Clodsire, L50, M|\n|poke|p2|Slowbro, L50, M|\n|poke|p2|Sylveon, L50, F|\n|poke|p2|Tyranitar, L50, M|\n|poke|p2|Skeledirge, L50, M|\n|poke|p2|Lurantis, L50, F|\n|teampreview|4\n|\n|t:|1683108433\n|start\n|switch|p1a: Palafin|Palafin, L50, M|100\/100\n|switch|p1b: Kingambit|Kingambit, L50, M|100\/100\n|switch|p2a: Goatsire|Clodsire, L50, M|100\/100\n|switch|p2b: Slowbro|Slowbro, L50, M|100\/100\n|turn|1\n|\n|t:|1683108457\n|detailschange|p1a: Palafin|Palafin-Hero, L50, M\n|switch|p1a: Maushold|Maushold, L50|100\/100\n|-terastallize|p1b: Kingambit|Flying\n|move|p1b: Kingambit|Kowtow Cleave|p2b: Slowbro\n|-supereffective|p2b: Slowbro\n|-damage|p2b: Slowbro|47\/100\n|-enditem|p2b: Slowbro|Sitrus Berry|[eat]\n|-heal|p2b: Slowbro|72\/100|[from] item: Sitrus Berry\n|move|p2a: Goatsire|Toxic Spikes|p1b: Kingambit\n|-sidestart|p1: SampZ4|move: Toxic Spikes\n|move|p2b: Slowbro|Trick Room|p2b: Slowbro\n|-fieldstart|move: Trick Room|[of] p2b: Slowbro\n|\n|upkeep\n|turn|2\n|\n|t:|1683108477\n|move|p2b: Slowbro|Protect|p2b: Slowbro\n|-singleturn|p2b: Slowbro|Protect\n|move|p2a: Goatsire|Yawn|p1b: Kingambit\n|-start|p1b: Kingambit|move: Yawn|[of] p2a: Goatsire\n|move|p1b: Kingambit|Kowtow Cleave|p2b: Slowbro\n|-activate|p2b: Slowbro|move: Protect\n|move|p1a: Maushold|Population Bomb|p2a: Goatsire\n|-damage|p2a: Goatsire|92\/100\n|-damage|p2a: Goatsire|82\/100\n|-damage|p2a: Goatsire|73\/100\n|-damage|p2a: Goatsire|64\/100\n|-damage|p2a: Goatsire|55\/100\n|-damage|p2a: Goatsire|45\/100\n|-damage|p2a: Goatsire|36\/100\n|-damage|p2a: Goatsire|27\/100\n|-damage|p2a: Goatsire|18\/100\n|-damage|p2a: Goatsire|9\/100\n|-hitcount|p2a: Goatsire|10\n|-enditem|p2a: Goatsire|Red Card|[of] p1a: Maushold\n|drag|p1a: Garchomp|Garchomp, L50, F|100\/100\n|-status|p1a: Garchomp|psn\n|\n|-damage|p1a: Garchomp|88\/100 psn|[from] psn\n|upkeep\n|turn|3\n|\n|t:|1683108521\n|move|p1a: Garchomp|Protect|p1a: Garchomp\n|-singleturn|p1a: Garchomp|Protect\n|move|p2a: Goatsire|Mud-Slap|p1a: Garchomp\n|-activate|p1a: Garchomp|move: Protect\n|move|p2b: Slowbro|Chilling Water|p1a: Garchomp\n|-activate|p1a: Garchomp|move: Protect\n|move|p1b: Kingambit|Iron Head|p2a: Goatsire\n|-damage|p2a: Goatsire|0 fnt\n|faint|p2a: Goatsire\n|\n|-damage|p1a: Garchomp|76\/100 psn|[from] psn\n|-end|p1b: Kingambit|move: Yawn|[silent]\n|-status|p1b: Kingambit|slp\n|upkeep\n|\n|t:|1683108535\n|switch|p2a: Skeledirge|Skeledirge, L50, M|100\/100\n|turn|4\n|\n|t:|1683108550\n|switch|p1b: Maushold|Maushold, L50|100\/100\n|-status|p1b: Maushold|psn\n|switch|p1a: Palafin|Palafin-Hero, L50, M|100\/100\n|-status|p1a: Palafin|psn\n|-activate|p1a: Palafin|ability: Zero to Hero\n|move|p2b: Slowbro|Chilling Water|p1a: Palafin\n|-resisted|p1a: Palafin\n|-crit|p1a: Palafin\n|-damage|p1a: Palafin|86\/100 psn\n|move|p2a: Skeledirge|Torch Song|p1b: Maushold\n|-damage|p1b: Maushold|36\/100 psn\n|-boost|p2a: Skeledirge|spa|1\n|-enditem|p2a: Skeledirge|Throat Spray\n|-boost|p2a: Skeledirge|spa|1|[from] item: Throat Spray\n|\n|-damage|p1a: Palafin|74\/100 psn|[from] psn\n|-damage|p1b: Maushold|24\/100 psn|[from] psn\n|upkeep\n|turn|5\n|\n|t:|1683108579\n|-terastallize|p2a: Skeledirge|Ghost\n|move|p1a: Palafin|Protect|p1a: Palafin\n|-singleturn|p1a: Palafin|Protect\n|move|p1b: Maushold|Protect|p1b: Maushold\n|-singleturn|p1b: Maushold|Protect\n|move|p2b: Slowbro|Chilling Water|p1b: Maushold\n|-activate|p1b: Maushold|move: Protect\n|move|p2a: Skeledirge|Hex|p1a: Palafin\n|-activate|p1a: Palafin|move: Protect\n|\n|-damage|p1a: Palafin|62\/100 psn|[from] psn\n|-damage|p1b: Maushold|12\/100 psn|[from] psn\n|-fieldend|move: Trick Room\n|upkeep\n|turn|6\n|\n|t:|1683108599\n|move|p1b: Maushold|Population Bomb|p2b: Slowbro\n|-damage|p2b: Slowbro|64\/100\n|-damage|p2b: Slowbro|57\/100\n|-damage|p2b: Slowbro|50\/100\n|-damage|p2b: Slowbro|42\/100\n|-damage|p2b: Slowbro|35\/100\n|-damage|p2b: Slowbro|28\/100\n|-damage|p2b: Slowbro|20\/100\n|-damage|p2b: Slowbro|12\/100\n|-damage|p2b: Slowbro|5\/100\n|-damage|p2b: Slowbro|0 fnt\n|faint|p2b: Slowbro\n|-hitcount|p2: Slowbro|10\n|move|p1a: Palafin|Wave Crash|p2a: Skeledirge\n|-damage|p2a: Skeledirge|38\/100\n|-damage|p1a: Palafin|40\/100 psn|[from] Recoil\n|move|p2a: Skeledirge|Slack Off|p2a: Skeledirge\n|-heal|p2a: Skeledirge|88\/100\n|\n|-damage|p1b: Maushold|0 fnt|[from] psn\n|faint|p1b: Maushold\n|-damage|p1a: Palafin|29\/100 psn|[from] psn\n|upkeep\n|\n|t:|1683108622\n|switch|p1b: Kingambit|Kingambit, L50, M, tera:Flying|100\/100 slp\n|switch|p2b: Lurantis|Lurantis, L50, F, shiny|100\/100\n|turn|7\n|\n|t:|1683108647\n|move|p1a: Palafin|Protect|p1a: Palafin\n|-singleturn|p1a: Palafin|Protect\n|move|p2a: Skeledirge|Hex|p1b: Kingambit\n|-damage|p1b: Kingambit|0 fnt\n|faint|p1b: Kingambit\n|move|p2b: Lurantis|Leaf Storm|p1a: Palafin\n|-activate|p1a: Palafin|move: Protect\n|\n|-damage|p1a: Palafin|16\/100 psn|[from] psn\n|upkeep\n|\n|t:|1683108658\n|switch|p1b: Garchomp|Garchomp, L50, F|76\/100 psn\n|turn|8\n|\n|t:|1683108678\n|move|p1a: Palafin|Jet Punch|p2a: Skeledirge\n|-damage|p2a: Skeledirge|62\/100\n|move|p1b: Garchomp|Earthquake|p2a: Skeledirge|[spread] p1a,p2a,p2b\n|-resisted|p2b: Lurantis\n|-damage|p1a: Palafin|0 fnt\n|-damage|p2a: Skeledirge|23\/100\n|-damage|p2b: Lurantis|73\/100\n|faint|p1a: Palafin\n|-damage|p1b: Garchomp|67\/100 psn|[from] item: Life Orb\n|move|p2a: Skeledirge|Hex|p1b: Garchomp\n|-damage|p1b: Garchomp|0 fnt\n|faint|p1b: Garchomp\n|\n|win|Maxifire\n|raw|SampZ4's rating: 1068 → 1044<\/strong> (-24 for losing)\n|raw|Maxifire's rating: 1000 → 1048<\/strong> (+48 for winning)\n","uploadtime":1683108692,"views":12,"p1id":"sampz4","p2id":"maxifire","formatid":"gen9vgc2023regulationc","rating":1044,"private":0,"password":""}