{"id":"gen9vgc2023regulationc-1850062063","p1":"bokooblin","p2":"ThatOriginalName","format":"[Gen 9] VGC 2023 Regulation C","log":"|j|\u2606bokooblin\n|j|\u2606ThatOriginalName\n|t:|1682283048\n|gametype|doubles\n|player|p1|bokooblin|scientist-gen4dp|1124\n|player|p2|ThatOriginalName|caitlin|1149\n|teamsize|p1|6\n|teamsize|p2|6\n|gen|9\n|tier|[Gen 9] VGC 2023 Regulation C\n|rated|\n|rule|Species Clause: Limit one of each Pok\u00e9mon\n|rule|Item Clause: Limit one of each item\n|clearpoke\n|poke|p1|Ting-Lu, L50|\n|poke|p1|Iron Hands, L50|\n|poke|p1|Iron Treads, L50|\n|poke|p1|Dondozo, L50, F|\n|poke|p1|Tatsugiri, L50, F|\n|poke|p1|Amoonguss, L50, M|\n|poke|p2|Hatterene, L50, F|\n|poke|p2|Garganacl, L50, F|\n|poke|p2|Skeledirge, L50, M|\n|poke|p2|Great Tusk, L50|\n|poke|p2|Farigiraf, L50, F|\n|poke|p2|Abomasnow, L50, M|\n|teampreview|4\n|inactive|Battle timer is ON: inactive players will automatically lose when time's up. (requested by bokooblin)\nbokooblin rejected open team sheets.\n|\n|t:|1682283079\n|start\n|switch|p1a: Ting-Lu|Ting-Lu, L50|100\/100\n|switch|p1b: Iron Hands|Iron Hands, L50|100\/100\n|switch|p2a: Hatterene|Hatterene, L50, F|100\/100\n|switch|p2b: Abomasnow|Abomasnow, L50, M|100\/100\n|-weather|Snow|[from] ability: Snow Warning|[of] p2b: Abomasnow\n|-ability|p1a: Ting-Lu|Vessel of Ruin\n|turn|1\n|\n|t:|1682283093\n|move|p2b: Abomasnow|Helping Hand|p2a: Hatterene\n|-singleturn|p2a: Hatterene|Helping Hand|[of] p2b: Abomasnow\n|move|p1b: Iron Hands|Fake Out|p2b: Abomasnow\n|-damage|p2b: Abomasnow|87\/100\n|move|p1a: Ting-Lu|Fissure|p2a: Hatterene|[miss]\n|-miss|p1a: Ting-Lu|p2a: Hatterene\n|move|p2a: Hatterene|Dazzling Gleam|p1b: Iron Hands|[spread] p1a,p1b\n|-supereffective|p1a: Ting-Lu\n|-supereffective|p1b: Iron Hands\n|-damage|p1a: Ting-Lu|65\/100\n|-damage|p1b: Iron Hands|21\/100\n|-damage|p2a: Hatterene|91\/100|[from] item: Life Orb\n|\n|-weather|Snow|[upkeep]\n|-heal|p1b: Iron Hands|27\/100|[from] item: Leftovers\n|upkeep\n|turn|2\n|inactive|bokooblin has 30 seconds left.\n|\n|t:|1682283120\n|move|p2b: Abomasnow|Aurora Veil|p2b: Abomasnow\n|-sidestart|p2: ThatOriginalName|move: Aurora Veil\n|move|p1b: Iron Hands|Thunder Punch|p2a: Hatterene\n|-damage|p2a: Hatterene|57\/100\n|move|p1a: Ting-Lu|Heavy Slam|p2a: Hatterene\n|-supereffective|p2a: Hatterene\n|-damage|p2a: Hatterene|17\/100\n|move|p2a: Hatterene|Dazzling Gleam|p1b: Iron Hands|[spread] p1a,p1b\n|-supereffective|p1a: Ting-Lu\n|-supereffective|p1b: Iron Hands\n|-damage|p1a: Ting-Lu|41\/100\n|-damage|p1b: Iron Hands|0 fnt\n|faint|p1b: Iron Hands\n|-end|p1b: Iron Hands|Quark Drive|[silent]\n|-damage|p2a: Hatterene|7\/100|[from] item: Life Orb\n|\n|-weather|Snow|[upkeep]\n|upkeep\n|\n|t:|1682283128\n|switch|p1b: Tatsugiri|Tatsugiri, L50, F|100\/100\n|turn|3\n|\n|t:|1682283143\n|move|p1b: Tatsugiri|Muddy Water|p2a: Hatterene|[spread] p2a,p2b\n|-resisted|p2b: Abomasnow\n|-damage|p2a: Hatterene|0 fnt\n|-damage|p2b: Abomasnow|79\/100\n|faint|p2a: Hatterene\n|move|p2b: Abomasnow|Blizzard|p1a: Ting-Lu|[spread] p1a,p1b\n|-supereffective|p1a: Ting-Lu\n|-damage|p1a: Ting-Lu|20\/100\n|-damage|p1b: Tatsugiri|63\/100\n|-status|p1a: Ting-Lu|frz\n|-status|p1b: Tatsugiri|frz\n|cant|p1a: Ting-Lu|frz\n|\n|-weather|Snow|[upkeep]\n|upkeep\n|c|\u2606ThatOriginalName|omg\n|c|\u2606ThatOriginalName|im so sorry\n|c|\u2606bokooblin|lol\n|\n|t:|1682283161\n|switch|p2a: Farigiraf|Farigiraf, L50, F|100\/100\n|turn|4\n|c|\u2606bokooblin|im going for fissure man\n|c|\u2606bokooblin|bad karma\n|inactive|bokooblin has 30 seconds left.\n|c|\u2606ThatOriginalName|happens\n|\n|t:|1682283188\n|cant|p1b: Tatsugiri|frz\n|move|p2b: Abomasnow|Blizzard|p1b: Tatsugiri|[spread] p1a,p1b\n|-supereffective|p1a: Ting-Lu\n|-damage|p1a: Ting-Lu|0 fnt\n|-damage|p1b: Tatsugiri|28\/100 frz\n|faint|p1a: Ting-Lu\n|move|p2a: Farigiraf|Trick Room|p2a: Farigiraf\n|-fieldstart|move: Trick Room|[of] p2a: Farigiraf\n|\n|-weather|Snow|[upkeep]\n|upkeep\n|\n|t:|1682283193\n|switch|p1a: Dondozo|Dondozo, L50, F|100\/100\n|-activate|p1b: Tatsugiri|ability: Commander|[of] p1a: Dondozo\n|-boost|p1a: Dondozo|atk|2\n|-boost|p1a: Dondozo|spa|2\n|-boost|p1a: Dondozo|spe|2\n|-boost|p1a: Dondozo|def|2\n|-boost|p1a: Dondozo|spd|2\n|turn|5\n|\n|t:|1682283209\n|-terastallize|p2a: Farigiraf|Electric\n|move|p2b: Abomasnow|Helping Hand|p2a: Farigiraf\n|-singleturn|p2a: Farigiraf|Helping Hand|[of] p2b: Abomasnow\n|move|p2a: Farigiraf|Thunderbolt|p1a: Dondozo\n|-supereffective|p1a: Dondozo\n|-damage|p1a: Dondozo|37\/100\n|move|p1a: Dondozo|Order Up|p2b: Abomasnow\n|-damage|p2b: Abomasnow|53\/100\n|-boost|p1a: Dondozo|atk|1\n|\n|-weather|none\n|upkeep\n|turn|6\n|\n|t:|1682283222\n|-terastallize|p1a: Dondozo|Grass\n|move|p2b: Abomasnow|Helping Hand|p2a: Farigiraf\n|-singleturn|p2a: Farigiraf|Helping Hand|[of] p2b: Abomasnow\n|move|p1a: Dondozo|Protect|p1a: Dondozo\n|-singleturn|p1a: Dondozo|Protect\n|move|p2a: Farigiraf|Thunderbolt|p1a: Dondozo\n|-activate|p1a: Dondozo|move: Protect\n|\n|upkeep\n|turn|7\n|\n|t:|1682283234\n|move|p2a: Farigiraf|Hyper Voice|p1b: Tatsugiri|[spread] p1a\n|-miss|p2a: Farigiraf|p1b: Tatsugiri\n|-damage|p1a: Dondozo|20\/100\n|-enditem|p1a: Dondozo|Figy Berry|[eat]\n|-heal|p1a: Dondozo|53\/100|[from] item: Figy Berry\n|move|p2b: Abomasnow|Blizzard|p1b: Tatsugiri|[spread] p1a\n|-miss|p2b: Abomasnow|p1b: Tatsugiri\n|-supereffective|p1a: Dondozo\n|-damage|p1a: Dondozo|18\/100\n|move|p1a: Dondozo|Order Up|p2b: Abomasnow\n|-damage|p2b: Abomasnow|7\/100\n|-boost|p1a: Dondozo|atk|1\n|\n|upkeep\n|turn|8\n|inactive|bokooblin has 30 seconds left.\n|inactive|bokooblin has 20 seconds left.\n|inactive|bokooblin has 15 seconds left.\n|\n|t:|1682283277\n|move|p1a: Dondozo|Protect|p1a: Dondozo\n|-singleturn|p1a: Dondozo|Protect\n|move|p2a: Farigiraf|Hyper Voice|p1a: Dondozo|[spread] \n|-miss|p2a: Farigiraf|p1b: Tatsugiri\n|-activate|p1a: Dondozo|move: Protect\n|move|p2b: Abomasnow|Blizzard|p1a: Dondozo|[spread] \n|-miss|p2b: Abomasnow|p1b: Tatsugiri\n|-activate|p1a: Dondozo|move: Protect\n|\n|-fieldend|move: Trick Room\n|upkeep\n|turn|9\n|\n|t:|1682283297\n|move|p1a: Dondozo|Protect||[still]\n|-fail|p1a: Dondozo\n|move|p2b: Abomasnow|Blizzard|p1b: Tatsugiri|[spread] p1a\n|-miss|p2b: Abomasnow|p1b: Tatsugiri\n|-supereffective|p1a: Dondozo\n|-damage|p1a: Dondozo|0 fnt\n|faint|p1a: Dondozo\n|move|p2a: Farigiraf|Hyper Voice|p1b: Tatsugiri\n|-damage|p1b: Tatsugiri|0 fnt\n|faint|p1b: Tatsugiri\n|\n|win|ThatOriginalName\n|raw|bokooblin's rating: 1124 → 1101<\/strong> (-23 for losing)\n|raw|ThatOriginalName's rating: 1149 → 1172<\/strong> (+23 for winning)\n|c|\u2606ThatOriginalName|gg\n|c|\u2606ThatOriginalName|well played\n","uploadtime":1682283314,"views":7,"p1id":"bokooblin","p2id":"thatoriginalname","formatid":"gen9vgc2023regulationc","rating":1101,"private":0,"password":""}