{"id":"gen9vgc2023regulationc-1861472620","p1":"Mogomomo","p2":"bryght","format":"[Gen 9] VGC 2023 Regulation C","log":"|j|\u2606Mogomomo\n|j|\u2606bryght\n|t:|1683762105\n|gametype|doubles\n|player|p1|Mogomomo|crasherwake|\n|player|p2|bryght|pokemaniac|\n|teamsize|p1|6\n|teamsize|p2|6\n|gen|9\n|tier|[Gen 9] VGC 2023 Regulation C\n|rule|Tera Type Preview: Tera Types are shown at Team Preview\n|rule|Species Clause: Limit one of each Pok\u00e9mon\n|rule|Item Clause: Limit one of each item\n|clearpoke\n|poke|p1|Flutter Mane, L50|\n|poke|p1|Baxcalibur, L50, M|\n|poke|p1|Kingambit, L50, M|\n|poke|p1|Rotom-Wash, L50|\n|poke|p1|Staraptor, L50, M|\n|poke|p1|Salazzle, L50, F|\n|poke|p2|Flutter Mane, L50|\n|poke|p2|Sandy Shocks, L50|\n|poke|p2|Rotom-Wash, L50|\n|poke|p2|Kingambit, L50, M|\n|poke|p2|Tsareena, L50, F|\n|poke|p2|Scovillain, L50, F|\n|teampreview|4\n|raw|Mogomomo's Tera Types: \/ \/ \/ \/ \/ \n|raw|bryght's Tera Types: \/ \/ \/ \/ \/ \n|inactive|Battle timer is ON: inactive players will automatically lose when time's up. (requested by bryght)\n|inactiveoff|Battle timer is now OFF.\nbryght rejected open team sheets.\n|c|\u2606Mogomomo|g2\n|c|\u2606Mogomomo|gl hf!\n|j| tzarii\n|c|\u2606bryght|glhf\n|j| winteredsoul\n|\n|t:|1683762529\n|start\n|switch|p1a: Baxcalibur|Baxcalibur, L50, M|100\/100\n|switch|p1b: Staraptor|Staraptor, L50, M|100\/100\n|switch|p2a: Sandy Shocks|Sandy Shocks, L50|100\/100\n|switch|p2b: Flutter Mane|Flutter Mane, L50|100\/100\n|-enditem|p2a: Sandy Shocks|Booster Energy\n|-activate|p2a: Sandy Shocks|ability: Protosynthesis|[fromitem]\n|-start|p2a: Sandy Shocks|protosynthesisspe\n|turn|1\n|\n|t:|1683762565\n|switch|p1b: Rotom|Rotom-Wash, L50|100\/100\n|move|p1a: Baxcalibur|Protect|p1a: Baxcalibur\n|-singleturn|p1a: Baxcalibur|Protect\n|move|p2a: Sandy Shocks|Reflect|p2a: Sandy Shocks\n|-sidestart|p2: bryght|Reflect\n|move|p2b: Flutter Mane|Moonblast|p1a: Baxcalibur\n|-activate|p1a: Baxcalibur|move: Protect\n|\n|upkeep\n|turn|2\n|\n|t:|1683762622\n|switch|p1a: Staraptor|Staraptor, L50, M|100\/100\n|move|p2a: Sandy Shocks|Light Screen|p2a: Sandy Shocks\n|-sidestart|p2: bryght|move: Light Screen\n|move|p2b: Flutter Mane|Moonblast|p1a: Staraptor\n|-damage|p1a: Staraptor|0 fnt\n|faint|p1a: Staraptor\n|move|p1b: Rotom|Hydro Pump|p2a: Sandy Shocks\n|-supereffective|p2a: Sandy Shocks\n|-damage|p2a: Sandy Shocks|31\/100\n|\n|upkeep\n|\n|t:|1683762638\n|switch|p1a: Baxcalibur|Baxcalibur, L50, M|100\/100\n|turn|3\n|j| Wow02\n|\n|t:|1683762646\n|move|p1a: Baxcalibur|Protect|p1a: Baxcalibur\n|-singleturn|p1a: Baxcalibur|Protect\n|move|p2a: Sandy Shocks|Volt Switch|p1b: Rotom\n|-damage|p1b: Rotom|69\/100\n|\n|t:|1683762651\n|-end|p2a: Sandy Shocks|Protosynthesis|[silent]\n|switch|p2a: Rotom|Rotom-Wash, L50|100\/100|[from] Volt Switch\n|move|p2b: Flutter Mane|Moonblast|p1a: Baxcalibur\n|-activate|p1a: Baxcalibur|move: Protect\n|move|p1b: Rotom|Hydro Pump|p2a: Rotom\n|-resisted|p2a: Rotom\n|-damage|p2a: Rotom|88\/100\n|\n|-heal|p2a: Rotom|94\/100|[from] item: Leftovers\n|upkeep\n|turn|4\n|\n|t:|1683762664\n|-terastallize|p1a: Baxcalibur|Steel\n|move|p2b: Flutter Mane|Moonblast|p1a: Baxcalibur\n|-resisted|p1a: Baxcalibur\n|-damage|p1a: Baxcalibur|73\/100\n|move|p1b: Rotom|Hydro Pump|p2b: Flutter Mane\n|-damage|p2b: Flutter Mane|64\/100\n|move|p1a: Baxcalibur|Icicle Crash|p2b: Flutter Mane\n|-damage|p2b: Flutter Mane|0 fnt\n|faint|p2b: Flutter Mane\n|-end|p2b: Flutter Mane|Protosynthesis|[silent]\n|move|p2a: Rotom|Volt Switch|p1b: Rotom\n|-damage|p1b: Rotom|42\/100\n|-enditem|p1b: Rotom|Sitrus Berry|[eat]\n|-heal|p1b: Rotom|67\/100|[from] item: Sitrus Berry\n|\n|t:|1683762701\n|switch|p2a: Sandy Shocks|Sandy Shocks, L50|31\/100|[from] Volt Switch\n|\n|upkeep\n|\n|t:|1683762704\n|switch|p2b: Kingambit|Kingambit, L50, M|100\/100\n|-activate|p2b: Kingambit|ability: Supreme Overlord\n|-start|p2b: Kingambit|fallen1|[silent]\n|turn|5\n|l| Wow02\n|\n|t:|1683762741\n|move|p1a: Baxcalibur|Protect|p1a: Baxcalibur\n|-singleturn|p1a: Baxcalibur|Protect\n|move|p2a: Sandy Shocks|Volt Switch|p1b: Rotom\n|-damage|p1b: Rotom|34\/100\n|\n|t:|1683762746\n|-end|p2a: Sandy Shocks|Protosynthesis|[silent]\n|switch|p2a: Rotom|Rotom-Wash, L50|94\/100|[from] Volt Switch\n|move|p1b: Rotom|Hydro Pump|p2a: Rotom\n|-resisted|p2a: Rotom\n|-damage|p2a: Rotom|80\/100\n|move|p2b: Kingambit|Low Kick|p1a: Baxcalibur\n|-activate|p1a: Baxcalibur|move: Protect\n|\n|-heal|p2a: Rotom|86\/100|[from] item: Leftovers\n|-sideend|p2: bryght|Reflect\n|upkeep\n|turn|6\n|\n|t:|1683762771\n|move|p1b: Rotom|Helping Hand|p1a: Baxcalibur\n|-singleturn|p1a: Baxcalibur|Helping Hand|[of] p1b: Rotom\n|move|p2b: Kingambit|Sucker Punch||[still]\n|-fail|p2b: Kingambit\n|move|p1a: Baxcalibur|Brick Break|p2b: Kingambit\n|-sideend|p2: bryght|move: Light Screen\n|-supereffective|p2b: Kingambit\n|-damage|p2b: Kingambit|0 fnt\n|faint|p2b: Kingambit\n|-end|p2b: Kingambit|fallen1|[silent]\n|move|p2a: Rotom|Volt Switch|p1a: Baxcalibur\n|-damage|p1a: Baxcalibur|51\/100\n|\n|t:|1683762777\n|switch|p2a: Sandy Shocks|Sandy Shocks, L50|31\/100|[from] Volt Switch\n|\n|upkeep\n|\n|t:|1683762779\n|switch|p2b: Rotom|Rotom-Wash, L50|86\/100\n|turn|7\n|\n|t:|1683762812\n|-terastallize|p2a: Sandy Shocks|Water\n|move|p1a: Baxcalibur|Protect|p1a: Baxcalibur\n|-singleturn|p1a: Baxcalibur|Protect\n|move|p2a: Sandy Shocks|Earth Power|p1a: Baxcalibur\n|-activate|p1a: Baxcalibur|move: Protect\n|move|p1b: Rotom|Hydro Pump|p2a: Sandy Shocks\n|-resisted|p2a: Sandy Shocks\n|-crit|p2a: Sandy Shocks\n|-damage|p2a: Sandy Shocks|0 fnt\n|faint|p2a: Sandy Shocks\n|-end|p2a: Sandy Shocks|Protosynthesis|[silent]\n|move|p2b: Rotom|Volt Switch|p1b: Rotom\n|-damage|p1b: Rotom|9\/100\n|\n|-heal|p2b: Rotom|92\/100|[from] item: Leftovers\n|upkeep\n|turn|8\n|j| M1so\n|\n|t:|1683762834\n|move|p1b: Rotom|Thunderbolt|p2b: Rotom\n|-damage|p2b: Rotom|57\/100\n|move|p1a: Baxcalibur|Brick Break|p2b: Rotom\n|-damage|p2b: Rotom|27\/100\n|move|p2b: Rotom|Hydro Pump|p1a: Baxcalibur\n|-damage|p1a: Baxcalibur|21\/100\n|\n|-heal|p2b: Rotom|33\/100|[from] item: Leftovers\n|upkeep\n|turn|9\n|\n|t:|1683762842\n|move|p2b: Rotom|Protect|p2b: Rotom\n|-singleturn|p2b: Rotom|Protect\n|move|p1b: Rotom|Thunderbolt|p2b: Rotom\n|-activate|p2b: Rotom|move: Protect\n|move|p1a: Baxcalibur|Brick Break|p2b: Rotom\n|-activate|p2b: Rotom|move: Protect\n|\n|-heal|p2b: Rotom|39\/100|[from] item: Leftovers\n|upkeep\n|turn|10\n|c|\u2606Mogomomo|gg\n|c|\u2606bryght|gg\n|\n|t:|1683762858\n|move|p1b: Rotom|Thunderbolt|p2b: Rotom\n|-damage|p2b: Rotom|4\/100\n|move|p1a: Baxcalibur|Brick Break|p2b: Rotom\n|-damage|p2b: Rotom|0 fnt\n|faint|p2b: Rotom\n|\n|win|Mogomomo\n|l| tzarii\n|l| M1so\n|l|\u2606Mogomomo\n|j| winda the spinda\n|l|\u2606bryght\n|l| winteredsoul\n|j|\u2606Mogomomo\n|player|p1|Mogomomo|crasherwake\n|j| Beauty Devon\n","uploadtime":1683765428,"views":6,"p1id":"mogomomo","p2id":"bryght","formatid":"gen9vgc2023regulationc","rating":0,"private":0,"password":""}