{"id":"gen9vgc2023regulationc-1858544349","p1":"birIkiUc","p2":"seismattersCORNER","format":"[Gen 9] VGC 2023 Regulation C","log":"|j|\u2606birIkiUc\n|j|\u2606seismattersCORNER\n|t:|1683323538\n|gametype|doubles\n|player|p1|birIkiUc|bugcatcher-gen4dp|1309\n|player|p2|seismattersCORNER|emmet|1321\n|teamsize|p1|6\n|teamsize|p2|6\n|gen|9\n|tier|[Gen 9] VGC 2023 Regulation C\n|rated|\n|rule|Species Clause: Limit one of each Pok\u00e9mon\n|rule|Item Clause: Limit one of each item\n|clearpoke\n|poke|p1|Baxcalibur, L50, F|\n|poke|p1|Amoonguss, L50, M|\n|poke|p1|Ting-Lu, L50|\n|poke|p1|Arcanine, L50, M|\n|poke|p1|Palafin, L50, F|\n|poke|p1|Flutter Mane, L50|\n|poke|p2|Palafin, L50, M|\n|poke|p2|Arcanine, L50, F|\n|poke|p2|Amoonguss, L50, M|\n|poke|p2|Flutter Mane, L50|\n|poke|p2|Baxcalibur, L50, F|\n|poke|p2|Kingambit, L50, M|\n|teampreview|4\nseismattersCORNER has agreed to open team sheets.\n|inactive|Battle timer is ON: inactive players will automatically lose when time's up. (requested by seismattersCORNER)\n|inactive|birIkiUc also wants the timer to be on.\n|inactive|seismattersCORNER has 60 seconds left.\n|inactive|birIkiUc has 60 seconds left.\n|inactive|seismattersCORNER has 30 seconds left.\n|\n|t:|1683323606\n|start\n|switch|p1a: Arcanine|Arcanine, L50, M|100\/100\n|switch|p1b: Baxcalibur|Baxcalibur, L50, F|100\/100\n|switch|p2a: Kingambit|Kingambit, L50, M|100\/100\n|switch|p2b: Palafin|Palafin, L50, M, shiny|100\/100\n|-ability|p1a: Arcanine|Intimidate|boost\n|-unboost|p2a: Kingambit|atk|1\n|-ability|p2a: Kingambit|Defiant|boost\n|-boost|p2a: Kingambit|atk|2\n|-unboost|p2b: Palafin|atk|1\n|turn|1\n|inactive|birIkiUc has 30 seconds left.\n|inactive|seismattersCORNER has 30 seconds left.\n|\n|t:|1683323640\n|-terastallize|p1b: Baxcalibur|Poison\n|-terastallize|p2a: Kingambit|Dark\n|move|p2b: Palafin|Protect|p2b: Palafin\n|-singleturn|p2b: Palafin|Protect\n|move|p2a: Kingambit|Sucker Punch|p1b: Baxcalibur\n|-damage|p1b: Baxcalibur|26\/100\n|move|p1a: Arcanine|Will-O-Wisp|p2a: Kingambit|[miss]\n|-miss|p1a: Arcanine|p2a: Kingambit\n|move|p1b: Baxcalibur|Glaive Rush|p2b: Palafin\n|-activate|p2b: Palafin|move: Protect\n|\n|upkeep\n|turn|2\n|\n|t:|1683323660\n|move|p1b: Baxcalibur|Protect|p1b: Baxcalibur\n|-singleturn|p1b: Baxcalibur|Protect\n|move|p2a: Kingambit|Sucker Punch||[still]\n|-fail|p2a: Kingambit\n|move|p2b: Palafin|Wave Crash|p1a: Arcanine\n|-supereffective|p1a: Arcanine\n|-damage|p1a: Arcanine|20\/100\n|-damage|p2b: Palafin|74\/100|[from] Recoil\n|move|p1a: Arcanine|Will-O-Wisp|p2a: Kingambit\n|-status|p2a: Kingambit|brn\n|-enditem|p2a: Kingambit|Lum Berry|[eat]\n|-curestatus|p2a: Kingambit|brn|[msg]\n|\n|upkeep\n|turn|3\n|\n|t:|1683323681\n|switch|p1b: Ting-Lu|Ting-Lu, L50|100\/100\n|-ability|p1b: Ting-Lu|Vessel of Ruin\n|move|p1a: Arcanine|Protect|p1a: Arcanine\n|-singleturn|p1a: Arcanine|Protect\n|move|p2b: Palafin|Jet Punch|p1a: Arcanine\n|-activate|p1a: Arcanine|move: Protect\n|move|p2a: Kingambit|Kowtow Cleave|p1b: Ting-Lu\n|-resisted|p1b: Ting-Lu\n|-damage|p1b: Ting-Lu|67\/100\n|\n|upkeep\n|turn|4\n|\n|t:|1683323702\n|move|p2b: Palafin|Wave Crash|p1b: Ting-Lu\n|-supereffective|p1b: Ting-Lu\n|-damage|p1b: Ting-Lu|17\/100\n|-damage|p2b: Palafin|56\/100|[from] Recoil\n|move|p1a: Arcanine|Will-O-Wisp|p2a: Kingambit\n|-status|p2a: Kingambit|brn\n|move|p2a: Kingambit|Swords Dance|p2a: Kingambit\n|-boost|p2a: Kingambit|atk|2\n|move|p1b: Ting-Lu|Stomping Tantrum|p2a: Kingambit\n|-damage|p2a: Kingambit|71\/100 brn\n|\n|-damage|p2a: Kingambit|65\/100 brn|[from] brn\n|upkeep\n|turn|5\n|inactive|birIkiUc has 30 seconds left.\n|\n|t:|1683323732\n|move|p1a: Arcanine|Extreme Speed|p2a: Kingambit\n|-damage|p2a: Kingambit|51\/100 brn\n|move|p2b: Palafin|Jet Punch|p1a: Arcanine\n|-supereffective|p1a: Arcanine\n|-damage|p1a: Arcanine|0 fnt\n|faint|p1a: Arcanine\n|move|p2a: Kingambit|Kowtow Cleave|p1b: Ting-Lu\n|-resisted|p1b: Ting-Lu\n|-damage|p1b: Ting-Lu|0 fnt\n|faint|p1b: Ting-Lu\n|\n|-damage|p2a: Kingambit|45\/100 brn|[from] brn\n|upkeep\n|\n|t:|1683323746\n|switch|p1a: Baxcalibur|Baxcalibur, L50, F, tera:Poison|26\/100\n|switch|p1b: Flutter Mane|Flutter Mane, L50|100\/100\n|turn|6\n|\n|t:|1683323752\n|detailschange|p2b: Palafin|Palafin-Hero, L50, M, shiny\n|switch|p2b: Amoonguss|Amoonguss, L50, M|100\/100\n|move|p1a: Baxcalibur|Protect|p1a: Baxcalibur\n|-singleturn|p1a: Baxcalibur|Protect\n|move|p2a: Kingambit|Protect|p2a: Kingambit\n|-singleturn|p2a: Kingambit|Protect\n|move|p1b: Flutter Mane|Substitute|p1b: Flutter Mane\n|-start|p1b: Flutter Mane|Substitute\n|-damage|p1b: Flutter Mane|76\/100\n|\n|-damage|p2a: Kingambit|39\/100 brn|[from] brn\n|upkeep\n|turn|7\n|inactive|birIkiUc has 30 seconds left.\n|\n|t:|1683323783\n|move|p2b: Amoonguss|Rage Powder|p2b: Amoonguss\n|-singleturn|p2b: Amoonguss|move: Rage Powder\n|move|p1b: Flutter Mane|Moonblast|p2b: Amoonguss\n|-resisted|p2b: Amoonguss\n|-damage|p2b: Amoonguss|76\/100\n|-unboost|p2b: Amoonguss|spa|1\n|-damage|p1b: Flutter Mane|66\/100|[from] item: Life Orb\n|move|p1a: Baxcalibur|Icicle Crash|p2b: Amoonguss\n|-supereffective|p2b: Amoonguss\n|-damage|p2b: Amoonguss|0 fnt\n|faint|p2b: Amoonguss\n|move|p2a: Kingambit|Kowtow Cleave|p1a: Baxcalibur\n|-damage|p1a: Baxcalibur|0 fnt\n|faint|p1a: Baxcalibur\n|\n|-damage|p2a: Kingambit|33\/100 brn|[from] brn\n|upkeep\n|\n|t:|1683323798\n|switch|p2b: Palafin|Palafin-Hero, L50, M, shiny|56\/100\n|-activate|p2b: Palafin|ability: Zero to Hero\n|turn|8\n|\n|t:|1683323812\n|move|p1b: Flutter Mane|Protect|p1b: Flutter Mane\n|-singleturn|p1b: Flutter Mane|Protect\n|move|p2b: Palafin|Jet Punch|p1b: Flutter Mane\n|-activate|p1b: Flutter Mane|move: Protect\n|move|p2a: Kingambit|Kowtow Cleave|p1b: Flutter Mane\n|-activate|p1b: Flutter Mane|move: Protect\n|\n|-damage|p2a: Kingambit|27\/100 brn|[from] brn\n|upkeep\n|turn|9\n|\n|t:|1683323825\n|move|p2b: Palafin|Jet Punch|p1b: Flutter Mane\n|-end|p1b: Flutter Mane|Substitute\n|move|p1b: Flutter Mane|Moonblast|p2b: Palafin\n|-damage|p2b: Palafin|0 fnt\n|faint|p2b: Palafin\n|-damage|p1b: Flutter Mane|57\/100|[from] item: Life Orb\n|move|p2a: Kingambit|Kowtow Cleave|p1b: Flutter Mane\n|-damage|p1b: Flutter Mane|0 fnt\n|faint|p1b: Flutter Mane\n|-end|p1b: Flutter Mane|Protosynthesis|[silent]\n|\n|win|seismattersCORNER\n|raw|birIkiUc's rating: 1309 → 1290<\/strong> (-19 for losing)\n|raw|seismattersCORNER's rating: 1321 → 1340<\/strong> (+19 for winning)\n","uploadtime":1683323836,"views":4,"p1id":"birikiuc","p2id":"seismatterscorner","formatid":"gen9vgc2023regulationc","rating":1290,"private":0,"password":""}