{"id":"gen9vgc2023regulationc-1857868583","p1":"CJ-zard","p2":"Verdas1128","format":"[Gen 9] VGC 2023 Regulation C","log":"|j|\u2606CJ-zard\n|j|\u2606Verdas1128\n|t:|1683240915\n|gametype|doubles\n|player|p1|CJ-zard|1|1155\n|player|p2|Verdas1128|caitlin|1151\n|teamsize|p1|6\n|teamsize|p2|6\n|gen|9\n|tier|[Gen 9] VGC 2023 Regulation C\n|rated|\n|rule|Species Clause: Limit one of each Pok\u00e9mon\n|rule|Item Clause: Limit one of each item\n|clearpoke\n|poke|p1|Flutter Mane, L50|\n|poke|p1|Gyarados, L50, M|\n|poke|p1|Chi-Yu, L50|\n|poke|p1|Amoonguss, L50, M|\n|poke|p1|Iron Hands, L50|\n|poke|p1|Baxcalibur, L50, M|\n|poke|p2|Chi-Yu, L50|\n|poke|p2|Iron Hands, L50|\n|poke|p2|Gyarados, L50, F|\n|poke|p2|Amoonguss, L50, F|\n|poke|p2|Flutter Mane, L50|\n|poke|p2|Great Tusk, L50|\n|teampreview|4\n|c|\u2606CJ-zard|glhf\n|c|\u2606Verdas1128|u2\n|c|\u2606CJ-zard|thanks\n|\n|t:|1683240973\n|start\n|switch|p1a: Flutter Mane|Flutter Mane, L50, shiny|100\/100\n|switch|p1b: Gyarados|Gyarados, L50, M, shiny|100\/100\n|switch|p2a: Great Tusk|Great Tusk, L50|100\/100\n|switch|p2b: Iron Hands|Iron Hands, L50|100\/100\n|-ability|p1b: Gyarados|Intimidate|boost\n|-unboost|p2a: Great Tusk|atk|1\n|-unboost|p2b: Iron Hands|atk|1\n|turn|1\n|\n|t:|1683240992\n|move|p1a: Flutter Mane|Protect|p1a: Flutter Mane\n|-singleturn|p1a: Flutter Mane|Protect\n|move|p2b: Iron Hands|Fake Out|p1b: Gyarados\n|-damage|p1b: Gyarados|88\/100\n|move|p2a: Great Tusk|Headlong Rush|p1a: Flutter Mane\n|-activate|p1a: Flutter Mane|move: Protect\n|cant|p1b: Gyarados|flinch\n|\n|upkeep\n|turn|2\n|\n|t:|1683241010\n|-terastallize|p2b: Iron Hands|Steel\n|move|p1a: Flutter Mane|Dazzling Gleam|p2a: Great Tusk|[spread] p2a,p2b\n|-supereffective|p2a: Great Tusk\n|-resisted|p2b: Iron Hands\n|-enditem|p2a: Great Tusk|Focus Sash\n|-damage|p2a: Great Tusk|1\/100\n|-damage|p2b: Iron Hands|91\/100\n|move|p2a: Great Tusk|Headlong Rush|p1a: Flutter Mane\n|-enditem|p1a: Flutter Mane|Focus Sash\n|-damage|p1a: Flutter Mane|1\/100\n|-unboost|p2a: Great Tusk|def|1\n|-unboost|p2a: Great Tusk|spd|1\n|move|p1b: Gyarados|Icy Wind|p2a: Great Tusk|[spread] p2a,p2b\n|-supereffective|p2a: Great Tusk\n|-resisted|p2b: Iron Hands\n|-damage|p2a: Great Tusk|0 fnt\n|-damage|p2b: Iron Hands|89\/100\n|-unboost|p2b: Iron Hands|spe|1\n|faint|p2a: Great Tusk\n|-end|p2a: Great Tusk|Protosynthesis|[silent]\n|move|p2b: Iron Hands|Wild Charge|p1b: Gyarados\n|-supereffective|p1b: Gyarados\n|-damage|p1b: Gyarados|0 fnt\n|faint|p1b: Gyarados\n|-damage|p2b: Iron Hands|74\/100|[from] Recoil\n|\n|upkeep\n|\n|t:|1683241033\n|switch|p2a: Flutter Mane|Flutter Mane, L50|100\/100\n|switch|p1b: Chi-Yu|Chi-Yu, L50|100\/100\n|-ability|p1b: Chi-Yu|Beads of Ruin\n|turn|3\n|\n|t:|1683241042\n|-end|p2b: Iron Hands|Quark Drive|[silent]\n|switch|p2b: Gyarados|Gyarados, L50, F|100\/100\n|-ability|p2b: Gyarados|Intimidate|boost\n|-unboost|p1a: Flutter Mane|atk|1\n|-unboost|p1b: Chi-Yu|atk|1\n|move|p2a: Flutter Mane|Dazzling Gleam|p1b: Chi-Yu|[spread] p1a,p1b\n|-damage|p1a: Flutter Mane|0 fnt\n|-damage|p1b: Chi-Yu|40\/100\n|faint|p1a: Flutter Mane\n|-end|p1a: Flutter Mane|Protosynthesis|[silent]\n|move|p1b: Chi-Yu|Heat Wave|p2a: Flutter Mane|[spread] p2a,p2b\n|-resisted|p2b: Gyarados\n|-damage|p2a: Flutter Mane|34\/100\n|-damage|p2b: Gyarados|73\/100\n|-damage|p1b: Chi-Yu|30\/100|[from] item: Life Orb\n|\n|upkeep\n|\n|t:|1683241053\n|switch|p1a: Baxcalibur|Baxcalibur, L50, M, shiny|100\/100\n|turn|4\n|\n|t:|1683241065\n|-terastallize|p1a: Baxcalibur|Steel\n|move|p1b: Chi-Yu|Protect|p1b: Chi-Yu\n|-singleturn|p1b: Chi-Yu|Protect\n|move|p2a: Flutter Mane|Dazzling Gleam|p1b: Chi-Yu|[spread] p1a\n|-activate|p1b: Chi-Yu|move: Protect\n|-resisted|p1a: Baxcalibur\n|-damage|p1a: Baxcalibur|67\/100\n|move|p1a: Baxcalibur|Earthquake|p2b: Gyarados|[spread] p2a\n|-activate|p1b: Chi-Yu|move: Protect\n|-immune|p2b: Gyarados\n|-damage|p2a: Flutter Mane|0 fnt\n|faint|p2a: Flutter Mane\n|-end|p2a: Flutter Mane|Protosynthesis|[silent]\n|move|p2b: Gyarados|Waterfall|p1a: Baxcalibur\n|-damage|p1a: Baxcalibur|34\/100\n|\n|upkeep\n|\n|t:|1683241074\n|switch|p2a: Iron Hands|Iron Hands, L50, tera:Steel|74\/100\n|turn|5\n|\n|t:|1683241084\n|move|p2a: Iron Hands|Fake Out|p1b: Chi-Yu\n|-damage|p1b: Chi-Yu|2\/100\n|cant|p1b: Chi-Yu|flinch\n|move|p1a: Baxcalibur|Icicle Spear|p2b: Gyarados\n|-damage|p2b: Gyarados|59\/100\n|-damage|p2b: Gyarados|44\/100\n|-enditem|p2b: Gyarados|Sitrus Berry|[eat]\n|-heal|p2b: Gyarados|69\/100|[from] item: Sitrus Berry\n|-damage|p2b: Gyarados|55\/100\n|-damage|p2b: Gyarados|40\/100\n|-hitcount|p2b: Gyarados|4\n|move|p2b: Gyarados|Waterfall|p1a: Baxcalibur\n|-damage|p1a: Baxcalibur|0 fnt\n|faint|p1a: Baxcalibur\n|\n|upkeep\n|turn|6\n|\n|t:|1683241101\n|move|p1b: Chi-Yu|Heat Wave|p2a: Iron Hands|[spread] p2a\n|-miss|p1b: Chi-Yu|p2b: Gyarados\n|-supereffective|p2a: Iron Hands\n|-damage|p2a: Iron Hands|2\/100\n|-damage|p1b: Chi-Yu|0 fnt|[from] item: Life Orb\n|faint|p1b: Chi-Yu\n|\n|win|Verdas1128\n|raw|CJ-zard's rating: 1155 → 1130<\/strong> (-25 for losing)\n|raw|Verdas1128's rating: 1151 → 1176<\/strong> (+25 for winning)\n|c|\u2606CJ-zard|gg\n|c|\u2606Verdas1128|gg\n|l|\u2606CJ-zard\n","uploadtime":1683241111,"views":7,"p1id":"cjzard","p2id":"verdas1128","formatid":"gen9vgc2023regulationc","rating":1130,"private":0,"password":""}