{"id":"gen9vgc2023regulationc-1859072047","p1":"DurantBestSweeper","p2":"TGH_sr","format":"[Gen 9] VGC 2023 Regulation C","log":"|j|\u2606DurantBestSweeper\n|j|\u2606TGH_sr\n|t:|1683401101\n|gametype|doubles\n|player|p1|DurantBestSweeper|guitarist|1374\n|player|p2|TGH_sr|steven|1300\n|teamsize|p1|6\n|teamsize|p2|6\n|gen|9\n|tier|[Gen 9] VGC 2023 Regulation C\n|rated|\n|rule|Species Clause: Limit one of each Pok\u00e9mon\n|rule|Item Clause: Limit one of each item\n|clearpoke\n|poke|p1|Annihilape, L50, F|\n|poke|p1|Iron Bundle, L50|\n|poke|p1|Arcanine, L50, M|\n|poke|p1|Roaring Moon, L50|\n|poke|p1|Gholdengo, L50|\n|poke|p1|Maushold-Four, L50|\n|poke|p2|Talonflame, L50, M|\n|poke|p2|Garchomp, L50, F|\n|poke|p2|Kingambit, L50, F|\n|poke|p2|Iron Bundle, L50|\n|poke|p2|Flutter Mane, L50|\n|poke|p2|Amoonguss, L50, F|\n|teampreview|4\n|inactive|Battle timer is ON: inactive players will automatically lose when time's up. (requested by DurantBestSweeper)\nTGH_sr has agreed to open team sheets.\nDurantBestSweeper has agreed to open team sheets.\n|inactive|DurantBestSweeper has 60 seconds left.\n|inactive|TGH_sr has 60 seconds left.\n|inactive|DurantBestSweeper has 30 seconds left.\n|inactive|TGH_sr has 30 seconds left.\n|inactive|TGH_sr has 20 seconds left.\n|\n|t:|1683401173\n|start\n|switch|p1a: Maushold|Maushold-Four, L50|100\/100\n|switch|p1b: Annihilape|Annihilape, L50, F|100\/100\n|switch|p2a: Garchomp|Garchomp, L50, F|100\/100\n|switch|p2b: Kingambit|Kingambit, L50, F|100\/100\n|turn|1\n|inactive|DurantBestSweeper has 30 seconds left.\n|inactive|TGH_sr has 30 seconds left.\n|inactive|TGH_sr has 20 seconds left.\n|inactive|TGH_sr has 15 seconds left.\n|\n|t:|1683401214\n|switch|p2b: Talonflame|Talonflame, L50, M|100\/100\n|move|p1a: Maushold|Beat Up|p1b: Annihilape\n|-damage|p1b: Annihilape|99\/100\n|-damage|p1b: Annihilape|97\/100\n|-damage|p1b: Annihilape|95\/100\n|-damage|p1b: Annihilape|92\/100\n|-hitcount|p1b: Annihilape|4\n|move|p2a: Garchomp|Earthquake|p1a: Maushold|[spread] p1a,p1b\n|-immune|p2b: Talonflame\n|-damage|p1a: Maushold|29\/100\n|-damage|p1b: Annihilape|50\/100\n|-enditem|p1b: Annihilape|Sitrus Berry|[eat]\n|-heal|p1b: Annihilape|74\/100|[from] item: Sitrus Berry\n|-damage|p2a: Garchomp|91\/100|[from] item: Life Orb\n|move|p1b: Annihilape|Drain Punch|p2b: Talonflame\n|-resisted|p2b: Talonflame\n|-damage|p2b: Talonflame|78\/100\n|-heal|p1b: Annihilape|84\/100|[from] drain|[of] p2b: Talonflame\n|-damage|p1b: Annihilape|68\/100|[from] item: Rocky Helmet|[of] p2b: Talonflame\n|\n|upkeep\n|turn|2\n|inactive|TGH_sr has 30 seconds left.\n|\n|t:|1683401244\n|move|p1a: Maushold|Protect|p1a: Maushold\n|-singleturn|p1a: Maushold|Protect\n|move|p1b: Annihilape|Protect|p1b: Annihilape\n|-singleturn|p1b: Annihilape|Protect\n|move|p2b: Talonflame|Brave Bird|p1b: Annihilape\n|-activate|p1b: Annihilape|move: Protect\n|move|p2a: Garchomp|Earthquake|p1a: Maushold|[spread] \n|-activate|p1a: Maushold|move: Protect\n|-activate|p1b: Annihilape|move: Protect\n|-immune|p2b: Talonflame\n|\n|upkeep\n|turn|3\n|\n|t:|1683401261\n|switch|p1a: Arcanine|Arcanine, L50, M|100\/100\n|-ability|p1a: Arcanine|Intimidate|boost\n|-unboost|p2a: Garchomp|atk|1\n|-unboost|p2b: Talonflame|atk|1\n|move|p2b: Talonflame|Brave Bird|p1b: Annihilape\n|-supereffective|p1b: Annihilape\n|-damage|p1b: Annihilape|18\/100\n|-damage|p2b: Talonflame|58\/100|[from] Recoil\n|move|p2a: Garchomp|Earthquake|p1a: Arcanine|[spread] p1a,p1b\n|-immune|p2b: Talonflame\n|-supereffective|p1a: Arcanine\n|-damage|p1a: Arcanine|13\/100\n|-damage|p1b: Annihilape|0 fnt\n|faint|p1b: Annihilape\n|-damage|p2a: Garchomp|81\/100|[from] item: Life Orb\n|\n|upkeep\n|\n|t:|1683401274\n|switch|p1b: Roaring Moon|Roaring Moon, L50|100\/100\n|-enditem|p1b: Roaring Moon|Booster Energy\n|-activate|p1b: Roaring Moon|ability: Protosynthesis|[fromitem]\n|-start|p1b: Roaring Moon|protosynthesisspe\n|turn|4\n|inactive|TGH_sr has 30 seconds left.\n|inactive|TGH_sr has 20 seconds left.\n|\n|t:|1683401313\n|switch|p2b: Kingambit|Kingambit, L50, F|100\/100\n|-terastallize|p1b: Roaring Moon|Flying\n|move|p2a: Garchomp|Protect|p2a: Garchomp\n|-singleturn|p2a: Garchomp|Protect\n|move|p1b: Roaring Moon|Breaking Swipe|p2b: Kingambit|[spread] p2b\n|-activate|p2a: Garchomp|move: Protect\n|-resisted|p2b: Kingambit\n|-damage|p2b: Kingambit|91\/100\n|-unboost|p2b: Kingambit|atk|1\n|-ability|p2b: Kingambit|Defiant|boost\n|-boost|p2b: Kingambit|atk|2\n|move|p1a: Arcanine|Flare Blitz|p2a: Garchomp\n|-activate|p2a: Garchomp|move: Protect\n|\n|upkeep\n|turn|5\n|inactive|TGH_sr has 30 seconds left.\n|inactive|TGH_sr has 20 seconds left.\n|inactive|TGH_sr has 15 seconds left.\n|inactive|TGH_sr has 10 seconds left.\n|inactive|TGH_sr has 5 seconds left.\n|\n|t:|1683401366\n|move|p1b: Roaring Moon|Tailwind|p1b: Roaring Moon\n|-sidestart|p1: DurantBestSweeper|move: Tailwind\n|move|p1a: Arcanine|Close Combat|p2b: Kingambit\n|-supereffective|p2b: Kingambit\n|-damage|p2b: Kingambit|0 fnt\n|-unboost|p1a: Arcanine|def|1\n|-unboost|p1a: Arcanine|spd|1\n|faint|p2b: Kingambit\n|move|p2a: Garchomp|Dragon Claw|p1a: Arcanine\n|-damage|p1a: Arcanine|0 fnt\n|faint|p1a: Arcanine\n|-damage|p2a: Garchomp|72\/100|[from] item: Life Orb\n|\n|upkeep\n|inactive|TGH_sr has 30 seconds left.\n|\n|t:|1683401392\n|switch|p1a: Maushold|Maushold-Four, L50|29\/100\n|switch|p2b: Amoonguss|Amoonguss, L50, F|100\/100\n|turn|6\n|inactive|DurantBestSweeper has 30 seconds left.\n|inactive|TGH_sr has 30 seconds left.\n|inactive|DurantBestSweeper has 20 seconds left.\n|inactive|TGH_sr has 20 seconds left.\n|inactive|DurantBestSweeper has 15 seconds left.\n|inactive|TGH_sr has 15 seconds left.\n|inactive|DurantBestSweeper has 10 seconds left.\n|inactive|DurantBestSweeper has 5 seconds left.\n|\n|t:|1683401445\n|-terastallize|p2b: Amoonguss|Water\n|move|p2a: Garchomp|Protect|p2a: Garchomp\n|-singleturn|p2a: Garchomp|Protect\n|move|p1a: Maushold|Follow Me|p1a: Maushold\n|-singleturn|p1a: Maushold|move: Follow Me\n|move|p1b: Roaring Moon|Breaking Swipe|p2a: Garchomp|[spread] p2b\n|-activate|p2a: Garchomp|move: Protect\n|-damage|p2b: Amoonguss|80\/100\n|-unboost|p2b: Amoonguss|atk|1\n|move|p2b: Amoonguss|Spore|p1a: Maushold\n|-activate|p1a: Maushold|item: Safety Goggles|Spore\n|\n|upkeep\n|turn|7\n|\n|t:|1683401470\n|move|p1b: Roaring Moon|Breaking Swipe|p2a: Garchomp|[spread] p2a,p2b\n|-supereffective|p2a: Garchomp\n|-damage|p2a: Garchomp|26\/100\n|-damage|p2b: Amoonguss|58\/100\n|-unboost|p2a: Garchomp|atk|1\n|-unboost|p2b: Amoonguss|atk|1\n|-damage|p1b: Roaring Moon|88\/100|[from] ability: Rough Skin|[of] p2a: Garchomp\n|move|p1a: Maushold|Beat Up|p2a: Garchomp\n|-damage|p2a: Garchomp|24\/100\n|-damage|p2a: Garchomp|21\/100\n|-hitcount|p2a: Garchomp|2\n|move|p2a: Garchomp|Dragon Claw|p1a: Maushold\n|-damage|p1a: Maushold|0 fnt\n|faint|p1a: Maushold\n|-damage|p2a: Garchomp|12\/100|[from] item: Life Orb\n|move|p2b: Amoonguss|Spore|p1b: Roaring Moon\n|-status|p1b: Roaring Moon|slp|[from] move: Spore\n|\n|upkeep\n|turn|8\n|-message|DurantBestSweeper forfeited.\n|\n|win|TGH_sr\n|raw|DurantBestSweeper's rating: 1374 → 1350<\/strong> (-24 for losing)\n|raw|TGH_sr's rating: 1300 → 1330<\/strong> (+30 for winning)\n|l|\u2606DurantBestSweeper\n","uploadtime":1683401501,"views":16,"p1id":"durantbestsweeper","p2id":"tghsr","formatid":"gen9vgc2023regulationc","rating":1330,"private":0,"password":""}