{"id":"gen9vgc2023regulationc-1855023231","p1":"vvegs","p2":"ScrubShadedPurple","format":"[Gen 9] VGC 2023 Regulation C","log":"|j|\u2606vvegs\n|j|\u2606ScrubShadedPurple\n|t:|1682892062\n|gametype|doubles\n|player|p1|vvegs|2|1030\n|player|p2|ScrubShadedPurple|1|1082\n|teamsize|p1|6\n|teamsize|p2|6\n|gen|9\n|tier|[Gen 9] VGC 2023 Regulation C\n|rated|\n|rule|Species Clause: Limit one of each Pok\u00e9mon\n|rule|Item Clause: Limit one of each item\n|clearpoke\n|poke|p1|Dragonair, L50, F|\n|poke|p1|Dragonite, L50, M|\n|poke|p1|Gengar, L50, M|\n|poke|p1|Scizor, L50, M|\n|poke|p1|Chi-Yu, L50|\n|poke|p1|Bruxish, L50, M|\n|poke|p2|Ceruledge, L50, M|\n|poke|p2|Ting-Lu, L50|\n|poke|p2|Amoonguss, L50, F|\n|poke|p2|Flutter Mane, L50|\n|poke|p2|Gyarados, L50, F|\n|poke|p2|Chien-Pao, L50|\n|teampreview|4\n|inactive|Battle timer is ON: inactive players will automatically lose when time's up. (requested by ScrubShadedPurple)\n|inactive|ScrubShadedPurple has 60 seconds left.\n|\n|t:|1682892113\n|start\n|switch|p1a: Gengar|Gengar, L50, M|100\/100\n|switch|p1b: Scizor|Scizor, L50, M|100\/100\n|switch|p2a: Gyarados|Gyarados, L50, F|100\/100\n|switch|p2b: Chien-Pao|Chien-Pao, L50|100\/100\n|-ability|p2b: Chien-Pao|Sword of Ruin\n|-ability|p2a: Gyarados|Intimidate|boost\n|-unboost|p1a: Gengar|atk|1\n|-unboost|p1b: Scizor|atk|1\n|turn|1\n|inactive|ScrubShadedPurple has 30 seconds left.\n|\n|t:|1682892141\n|move|p2b: Chien-Pao|Protect|p2b: Chien-Pao\n|-singleturn|p2b: Chien-Pao|Protect\n|move|p1b: Scizor|Bullet Punch|p2b: Chien-Pao\n|-activate|p2b: Chien-Pao|move: Protect\n|move|p1a: Gengar|Dazzling Gleam|p2b: Chien-Pao|[spread] p2a\n|-activate|p2b: Chien-Pao|move: Protect\n|-crit|p2a: Gyarados\n|-damage|p2a: Gyarados|69\/100\n|move|p2a: Gyarados|Thunder Wave|p1a: Gengar\n|-status|p1a: Gengar|par\n|\n|upkeep\n|turn|2\n|inactive|ScrubShadedPurple has 30 seconds left.\n|\n|t:|1682892171\n|switch|p2b: Ceruledge|Ceruledge, L50, M|100\/100\n|switch|p1a: Bruxish|Bruxish, L50, M|100\/100\n|move|p2a: Gyarados|Thunder Wave|p1b: Scizor\n|-status|p1b: Scizor|par\n|move|p1b: Scizor|U-turn|p2b: Ceruledge\n|-resisted|p2b: Ceruledge\n|-damage|p2b: Ceruledge|91\/100\n|-damage|p1b: Scizor|91\/100 par|[from] item: Life Orb\n|\n|t:|1682892183\n|switch|p1b: Gengar|Gengar, L50, M|100\/100 par|[from] U-turn\n|\n|upkeep\n|turn|3\n|inactive|ScrubShadedPurple has 30 seconds left.\n|\n|t:|1682892209\n|switch|p2a: Ting-Lu|Ting-Lu, L50|100\/100\n|-ability|p2a: Ting-Lu|Vessel of Ruin\n|-terastallize|p2b: Ceruledge|Grass\n|move|p1a: Bruxish|Wave Crash|p2b: Ceruledge\n|-resisted|p2b: Ceruledge\n|-damage|p2b: Ceruledge|56\/100\n|-damage|p1a: Bruxish|86\/100|[from] Recoil\n|move|p2b: Ceruledge|Bulk Up|p2b: Ceruledge\n|-boost|p2b: Ceruledge|atk|1\n|-boost|p2b: Ceruledge|def|1\n|cant|p1b: Gengar|par\n|\n|upkeep\n|turn|4\n|\n|t:|1682892230\n|move|p1a: Bruxish|Wave Crash|p2a: Ting-Lu\n|-supereffective|p2a: Ting-Lu\n|-damage|p2a: Ting-Lu|28\/100\n|-damage|p1a: Bruxish|47\/100|[from] Recoil\n|move|p2b: Ceruledge|Bitter Blade|p1b: Gengar\n|-enditem|p1b: Gengar|Focus Sash\n|-damage|p1b: Gengar|1\/100 par\n|-heal|p2b: Ceruledge|93\/100|[from] drain|[of] p1b: Gengar\n|move|p1b: Gengar|Sludge Bomb|p2b: Ceruledge\n|-supereffective|p2b: Ceruledge\n|-damage|p2b: Ceruledge|30\/100\n|move|p2a: Ting-Lu|Throat Chop|p1a: Bruxish\n|-supereffective|p1a: Bruxish\n|-damage|p1a: Bruxish|0 fnt\n|faint|p1a: Bruxish\n|\n|upkeep\n|\n|t:|1682892248\n|switch|p1a: Chi-Yu|Chi-Yu, L50|100\/100\n|-ability|p1a: Chi-Yu|Beads of Ruin\n|turn|5\n|\n|t:|1682892264\n|move|p2b: Ceruledge|Shadow Sneak|p1b: Gengar\n|-supereffective|p1b: Gengar\n|-damage|p1b: Gengar|0 fnt\n|faint|p1b: Gengar\n|move|p1a: Chi-Yu|Heat Wave|p2a: Ting-Lu|[spread] p2a\n|-start|p2b: Ceruledge|ability: Flash Fire\n|-damage|p2a: Ting-Lu|3\/100\n|move|p2a: Ting-Lu|Stomping Tantrum|p1a: Chi-Yu\n|-supereffective|p1a: Chi-Yu\n|-damage|p1a: Chi-Yu|0 fnt\n|faint|p1a: Chi-Yu\n|\n|upkeep\n|\n|t:|1682892277\n|switch|p1b: Scizor|Scizor, L50, M|91\/100 par\n|turn|6\n|\n|t:|1682892286\n|switch|p2a: Gyarados|Gyarados, L50, F|69\/100\n|-ability|p2a: Gyarados|Intimidate|boost\n|-unboost|p1b: Scizor|atk|1\n|move|p1b: Scizor|Bullet Punch|p2a: Gyarados\n|-resisted|p2a: Gyarados\n|-damage|p2a: Gyarados|53\/100\n|-damage|p1b: Scizor|81\/100 par|[from] item: Life Orb\n|move|p2b: Ceruledge|Bitter Blade|p1b: Scizor\n|-supereffective|p1b: Scizor\n|-damage|p1b: Scizor|0 fnt\n|-heal|p2b: Ceruledge|70\/100|[from] drain|[of] p1b: Scizor\n|faint|p1b: Scizor\n|\n|win|ScrubShadedPurple\n|raw|vvegs's rating: 1030 → 1018<\/strong> (-12 for losing)\n|raw|ScrubShadedPurple's rating: 1082 → 1106<\/strong> (+24 for winning)\n|l|\u2606vvegs\n","uploadtime":1682892302,"views":10,"p1id":"vvegs","p2id":"scrubshadedpurple","formatid":"gen9vgc2023regulationc","rating":1018,"private":0,"password":""}