{"id":"gen9vgc2023regulationc-1848640234","p1":"Emberbloom","p2":"bombart","format":"[Gen 9] VGC 2023 Regulation C","log":"|j|\u2606Emberbloom\n|j|\u2606bombart\n|t:|1682096821\n|gametype|doubles\n|player|p1|Emberbloom|flannery|1366\n|player|p2|bombart|102|1403\n|teamsize|p1|6\n|teamsize|p2|6\n|gen|9\n|tier|[Gen 9] VGC 2023 Regulation C\n|rated|\n|rule|Species Clause: Limit one of each Pok\u00e9mon\n|rule|Item Clause: Limit one of each item\n|clearpoke\n|poke|p1|Corviknight, L50, M|\n|poke|p1|Tyranitar, L50, F|\n|poke|p1|Garchomp, L50, M|\n|poke|p1|Amoonguss, L50, F|\n|poke|p1|Arcanine, L50, F|\n|poke|p1|Iron Bundle, L50|\n|poke|p2|Dragapult, L50, M|\n|poke|p2|Amoonguss, L50, F|\n|poke|p2|Arcanine, L50, M|\n|poke|p2|Flutter Mane, L50|\n|poke|p2|Chien-Pao, L50|\n|poke|p2|Palafin, L50, F|\n|teampreview|4\n|inactive|Battle timer is ON: inactive players will automatically lose when time's up. (requested by bombart)\n|inactive|Emberbloom has 60 seconds left.\n|inactive|bombart has 60 seconds left.\n|\n|t:|1682096884\n|start\n|switch|p1a: Corviknight|Corviknight, L50, M|100\/100\n|switch|p1b: Tyranitar|Tyranitar, L50, F, shiny|100\/100\n|switch|p2a: Palafin|Palafin, L50, F|100\/100\n|switch|p2b: Dragapult|Dragapult, L50, M|100\/100\n|-weather|Sandstorm|[from] ability: Sand Stream|[of] p1b: Tyranitar\n|turn|1\n|\n|t:|1682096908\n|detailschange|p2a: Palafin|Palafin-Hero, L50, F\n|switch|p2a: Arcanine|Arcanine, L50, M|100\/100\n|-ability|p2a: Arcanine|Intimidate|boost\n|-ability|p1a: Corviknight|Mirror Armor\n|-unboost|p2a: Arcanine|atk|1\n|-unboost|p1b: Tyranitar|atk|1\n|-terastallize|p1b: Tyranitar|Flying\n|move|p2b: Dragapult|U-turn|p1a: Corviknight\n|-resisted|p1a: Corviknight\n|-crit|p1a: Corviknight\n|-damage|p1a: Corviknight|91\/100\n|\n|t:|1682096917\n|switch|p2b: Palafin|Palafin-Hero, L50, F|100\/100|[from] U-turn\n|-activate|p2b: Palafin|ability: Zero to Hero\n|move|p1a: Corviknight|Tailwind|p1a: Corviknight\n|-sidestart|p1: Emberbloom|move: Tailwind\n|move|p1b: Tyranitar|Tera Blast|p2a: Arcanine\n|-damage|p2a: Arcanine|79\/100\n|\n|-weather|Sandstorm|[upkeep]\n|-damage|p1b: Tyranitar|95\/100|[from] Sandstorm\n|-damage|p2b: Palafin|95\/100|[from] Sandstorm\n|-damage|p2a: Arcanine|73\/100|[from] Sandstorm\n|upkeep\n|turn|2\n|inactive|bombart has 30 seconds left.\n|inactive|bombart has 20 seconds left.\n|\n|t:|1682096955\n|switch|p1a: Arcanine|Arcanine, L50, F|100\/100\n|-ability|p1a: Arcanine|Intimidate|boost\n|-unboost|p2a: Arcanine|atk|1\n|-unboost|p2b: Palafin|atk|1\n|-terastallize|p2a: Arcanine|Normal\n|move|p2b: Palafin|Protect|p2b: Palafin\n|-singleturn|p2b: Palafin|Protect\n|move|p1b: Tyranitar|Rock Slide|p2b: Palafin|[spread] p2a\n|-activate|p2b: Palafin|move: Protect\n|-damage|p2a: Arcanine|59\/100\n|cant|p2a: Arcanine|flinch\n|\n|-weather|Sandstorm|[upkeep]\n|-damage|p1b: Tyranitar|89\/100|[from] Sandstorm\n|-damage|p2b: Palafin|89\/100|[from] Sandstorm\n|-damage|p2a: Arcanine|53\/100|[from] Sandstorm\n|upkeep\n|turn|3\n|inactive|Emberbloom has 30 seconds left.\n|inactive|bombart has 30 seconds left.\n|inactive|Emberbloom has 20 seconds left.\n|\n|t:|1682096992\n|switch|p1a: Corviknight|Corviknight, L50, M|91\/100\n|switch|p2b: Chien-Pao|Chien-Pao, L50|100\/100\n|-ability|p2b: Chien-Pao|Sword of Ruin\n|move|p1b: Tyranitar|Tera Blast|p2b: Chien-Pao\n|-damage|p2b: Chien-Pao|64\/100\n|move|p2a: Arcanine|Will-O-Wisp|p1b: Tyranitar\n|-status|p1b: Tyranitar|brn\n|\n|-weather|Sandstorm|[upkeep]\n|-damage|p2b: Chien-Pao|58\/100|[from] Sandstorm\n|-damage|p1b: Tyranitar|83\/100 brn|[from] Sandstorm\n|-damage|p2a: Arcanine|47\/100|[from] Sandstorm\n|-enditem|p2a: Arcanine|Sitrus Berry|[eat]\n|-heal|p2a: Arcanine|72\/100|[from] item: Sitrus Berry\n|-damage|p1b: Tyranitar|77\/100 brn|[from] brn\n|upkeep\n|turn|4\n|\n|t:|1682097011\n|move|p2b: Chien-Pao|Protect|p2b: Chien-Pao\n|-singleturn|p2b: Chien-Pao|Protect\n|move|p1a: Corviknight|Iron Head|p2b: Chien-Pao\n|-activate|p2b: Chien-Pao|move: Protect\n|move|p1b: Tyranitar|Rock Slide|p2a: Arcanine|[spread] p2a\n|-activate|p2b: Chien-Pao|move: Protect\n|-damage|p2a: Arcanine|61\/100\n|move|p2a: Arcanine|Will-O-Wisp|p1a: Corviknight\n|-status|p1a: Corviknight|brn\n|-enditem|p1a: Corviknight|Lum Berry|[eat]\n|-curestatus|p1a: Corviknight|brn|[msg]\n|\n|-weather|Sandstorm|[upkeep]\n|-damage|p2b: Chien-Pao|52\/100|[from] Sandstorm\n|-damage|p1b: Tyranitar|71\/100 brn|[from] Sandstorm\n|-damage|p2a: Arcanine|55\/100|[from] Sandstorm\n|-damage|p1b: Tyranitar|65\/100 brn|[from] brn\n|-sideend|p1: Emberbloom|move: Tailwind\n|upkeep\n|turn|5\n|\n|t:|1682097032\n|switch|p2b: Palafin|Palafin-Hero, L50, F|89\/100\n|switch|p1b: Arcanine|Arcanine, L50, F|100\/100\n|-ability|p1b: Arcanine|Intimidate|boost\n|-unboost|p2a: Arcanine|atk|1\n|-unboost|p2b: Palafin|atk|1\n|move|p2a: Arcanine|Will-O-Wisp|p1a: Corviknight\n|-status|p1a: Corviknight|brn\n|move|p1a: Corviknight|Tailwind|p1a: Corviknight\n|-sidestart|p1: Emberbloom|move: Tailwind\n|\n|-weather|none\n|-damage|p1a: Corviknight|85\/100 brn|[from] brn\n|upkeep\n|turn|6\n|inactive|Emberbloom has 30 seconds left.\n|inactive|bombart has 30 seconds left.\n|\n|t:|1682097063\n|switch|p2a: Dragapult|Dragapult, L50, M|100\/100\n|move|p2b: Palafin|Protect|p2b: Palafin\n|-singleturn|p2b: Palafin|Protect\n|move|p1b: Arcanine|Howl|p1b: Arcanine|[spread] p1a,p1b\n|-boost|p1a: Corviknight|atk|1\n|-boost|p1b: Arcanine|atk|1\n|move|p1a: Corviknight|Brave Bird|p2a: Dragapult\n|-damage|p2a: Dragapult|65\/100\n|-damage|p1a: Corviknight|75\/100 brn|[from] Recoil\n|\n|-damage|p1a: Corviknight|69\/100 brn|[from] brn\n|upkeep\n|turn|7\n|inactive|Emberbloom has 30 seconds left.\n|inactive|bombart has 30 seconds left.\n|\n|t:|1682097091\n|switch|p2b: Arcanine|Arcanine, L50, M, tera:Normal|55\/100\n|-ability|p2b: Arcanine|Intimidate|boost\n|-ability|p1a: Corviknight|Mirror Armor\n|-unboost|p2b: Arcanine|atk|1\n|-unboost|p1b: Arcanine|atk|1\n|move|p1b: Arcanine|Extreme Speed|p2b: Arcanine\n|-damage|p2b: Arcanine|39\/100\n|move|p1a: Corviknight|Brave Bird|p2a: Dragapult\n|-damage|p2a: Dragapult|29\/100\n|-damage|p1a: Corviknight|59\/100 brn|[from] Recoil\n|move|p2a: Dragapult|Dragon Darts|p1b: Arcanine\n|-damage|p1b: Arcanine|62\/100\n|-anim|p2a: Dragapult|Dragon Darts|p1a: Corviknight\n|-resisted|p1a: Corviknight\n|-damage|p1a: Corviknight|45\/100 brn\n|\n|-damage|p1a: Corviknight|39\/100 brn|[from] brn\n|upkeep\n|turn|8\n|inactive|bombart has 30 seconds left.\n|\n|t:|1682097117\n|move|p1b: Arcanine|Extreme Speed|p2b: Arcanine\n|-damage|p2b: Arcanine|24\/100\n|move|p1a: Corviknight|Brave Bird|p2a: Dragapult\n|-damage|p2a: Dragapult|0 fnt\n|faint|p2a: Dragapult\n|-damage|p1a: Corviknight|32\/100 brn|[from] Recoil\n|move|p2b: Arcanine|Flare Blitz|p1a: Corviknight\n|-supereffective|p1a: Corviknight\n|-damage|p1a: Corviknight|0 fnt\n|faint|p1a: Corviknight\n|-damage|p2b: Arcanine|13\/100|[from] Recoil\n|\n|-sideend|p1: Emberbloom|move: Tailwind\n|upkeep\n|\n|t:|1682097136\n|switch|p2a: Palafin|Palafin-Hero, L50, F|89\/100\n|switch|p1a: Garchomp|Garchomp, L50, M|100\/100\n|turn|9\n|\n|t:|1682097159\n|move|p2b: Arcanine|Protect|p2b: Arcanine\n|-singleturn|p2b: Arcanine|Protect\n|move|p1b: Arcanine|Extreme Speed|p2b: Arcanine\n|-activate|p2b: Arcanine|move: Protect\n|move|p1a: Garchomp|Stomping Tantrum|p2a: Palafin\n|-damage|p2a: Palafin|53\/100\n|move|p2a: Palafin|Wave Crash|p1a: Garchomp\n|-damage|p1a: Garchomp|12\/100\n|-damage|p2a: Palafin|26\/100|[from] Recoil\n|\n|upkeep\n|turn|10\n|\n|t:|1682097183\n|switch|p1a: Tyranitar|Tyranitar, L50, F, shiny, tera:Flying|65\/100 brn\n|-weather|Sandstorm|[from] ability: Sand Stream|[of] p1a: Tyranitar\n|move|p1b: Arcanine|Extreme Speed|p2a: Palafin\n|-damage|p2a: Palafin|8\/100\n|move|p2b: Arcanine|Extreme Speed|p1a: Tyranitar\n|-damage|p1a: Tyranitar|50\/100 brn\n|move|p2a: Palafin|Jet Punch|p1b: Arcanine\n|-supereffective|p1b: Arcanine\n|-damage|p1b: Arcanine|0 fnt\n|faint|p1b: Arcanine\n|\n|-weather|Sandstorm|[upkeep]\n|-damage|p2a: Palafin|2\/100|[from] Sandstorm\n|-damage|p2b: Arcanine|7\/100|[from] Sandstorm\n|-damage|p1a: Tyranitar|44\/100 brn|[from] Sandstorm\n|-damage|p1a: Tyranitar|39\/100 brn|[from] brn\n|upkeep\n|\n|t:|1682097185\n|switch|p1b: Garchomp|Garchomp, L50, M|12\/100\n|turn|11\n|inactive|bombart has 30 seconds left.\n|inactive|Emberbloom has 30 seconds left.\n|inactive|bombart has 20 seconds left.\n|\n|t:|1682097220\n|switch|p2a: Chien-Pao|Chien-Pao, L50|52\/100\n|-ability|p2a: Chien-Pao|Sword of Ruin\n|move|p1b: Garchomp|Protect|p1b: Garchomp\n|-singleturn|p1b: Garchomp|Protect\n|move|p2b: Arcanine|Extreme Speed|p1b: Garchomp\n|-activate|p1b: Garchomp|move: Protect\n|move|p1a: Tyranitar|Rock Slide|p2a: Chien-Pao|[spread] p2a,p2b\n|-supereffective|p2a: Chien-Pao\n|-damage|p2a: Chien-Pao|9\/100\n|-damage|p2b: Arcanine|0 fnt\n|faint|p2b: Arcanine\n|\n|-weather|Sandstorm|[upkeep]\n|-damage|p2a: Chien-Pao|4\/100|[from] Sandstorm\n|-damage|p1a: Tyranitar|33\/100 brn|[from] Sandstorm\n|-damage|p1a: Tyranitar|27\/100 brn|[from] brn\n|upkeep\n|\n|t:|1682097237\n|switch|p2b: Palafin|Palafin-Hero, L50, F|2\/100\n|turn|12\n|\n|t:|1682097249\n|move|p2a: Chien-Pao|Sucker Punch|p1b: Garchomp|[miss]\n|-miss|p2a: Chien-Pao|p1b: Garchomp\n|move|p2b: Palafin|Jet Punch|p1a: Tyranitar\n|-damage|p1a: Tyranitar|0 fnt\n|faint|p1a: Tyranitar\n|move|p1b: Garchomp|Earthquake|p2b: Palafin|[spread] p2a,p2b\n|-damage|p2a: Chien-Pao|0 fnt\n|-damage|p2b: Palafin|0 fnt\n|faint|p2a: Chien-Pao\n|faint|p2b: Palafin\n|\n|win|Emberbloom\n|raw|Emberbloom's rating: 1366 → 1388<\/strong> (+22 for winning)\n|raw|bombart's rating: 1403 → 1381<\/strong> (-22 for losing)\n|c|\u2606bombart|HAHAHAHAHA\n","uploadtime":1682097272,"views":16,"p1id":"emberbloom","p2id":"bombart","formatid":"gen9vgc2023regulationc","rating":1381,"private":0,"password":""}