{"id":"gen9vgc2023regulationc-1851813298","p1":"Adri 2022","p2":"Stryke Out","format":"[Gen 9] VGC 2023 Regulation C","log":"|j|\u2606Adri 2022\n|j|\u2606Stryke Out\n|t:|1682488361\n|gametype|doubles\n|player|p1|Adri 2022|plasmagrunt|1147\n|player|p2|Stryke Out|cynthia-gen4|1092\n|teamsize|p1|6\n|teamsize|p2|6\n|gen|9\n|tier|[Gen 9] VGC 2023 Regulation C\n|rated|\n|rule|Species Clause: Limit one of each Pok\u00e9mon\n|rule|Item Clause: Limit one of each item\n|clearpoke\n|poke|p1|Staraptor, L50, F|\n|poke|p1|Amoonguss, L50, F|\n|poke|p1|Palafin, L50, F|\n|poke|p1|Flutter Mane, L50|\n|poke|p1|Iron Hands, L50|\n|poke|p1|Great Tusk, L50|\n|poke|p2|Krookodile, L50, M|\n|poke|p2|Azumarill, L50, F|\n|poke|p2|Chi-Yu, L50|\n|poke|p2|Dragapult, L50, M|\n|poke|p2|Corviknight, L50, F|\n|poke|p2|Brute Bonnet, L50|\n|teampreview|4\n|\n|t:|1682488401\n|start\n|switch|p1a: Great Tusk|Great Tusk, L50|100\/100\n|switch|p1b: Palafin|Palafin, L50, F|100\/100\n|switch|p2a: Krookodile|Krookodile, L50, M|100\/100\n|switch|p2b: Corviknight|Corviknight, L50, F|100\/100\n|-ability|p2a: Krookodile|Intimidate|boost\n|-unboost|p1a: Great Tusk|atk|1\n|-unboost|p1b: Palafin|atk|1\n|turn|1\n|\n|t:|1682488415\n|detailschange|p1b: Palafin|Palafin-Hero, L50, F\n|switch|p1b: Amoonguss|Amoonguss, L50, F|100\/100\n|-terastallize|p2a: Krookodile|Fairy\n|move|p2a: Krookodile|Tera Blast|p1a: Great Tusk\n|-supereffective|p1a: Great Tusk\n|-damage|p1a: Great Tusk|44\/100\n|move|p1a: Great Tusk|Ice Spinner|p2a: Krookodile\n|-damage|p2a: Krookodile|79\/100\n|move|p2b: Corviknight|Tailwind|p2b: Corviknight\n|-sidestart|p2: Stryke Out|move: Tailwind\n|\n|-heal|p2a: Krookodile|85\/100|[from] item: Leftovers\n|upkeep\n|turn|2\n|\n|t:|1682488433\n|move|p1b: Amoonguss|Rage Powder|p1b: Amoonguss\n|-singleturn|p1b: Amoonguss|move: Rage Powder\n|move|p2a: Krookodile|Taunt|p1b: Amoonguss\n|-start|p1b: Amoonguss|move: Taunt\n|move|p2b: Corviknight|Iron Head|p1b: Amoonguss\n|-damage|p1b: Amoonguss|69\/100\n|move|p1a: Great Tusk|Knock Off|p2b: Corviknight\n|-damage|p2b: Corviknight|78\/100\n|-enditem|p2b: Corviknight|Mental Herb|[from] move: Knock Off|[of] p1a: Great Tusk\n|\n|-heal|p2a: Krookodile|91\/100|[from] item: Leftovers\n|upkeep\n|turn|3\n|\n|t:|1682488452\n|move|p2a: Krookodile|Tera Blast|p1a: Great Tusk\n|-supereffective|p1a: Great Tusk\n|-damage|p1a: Great Tusk|0 fnt\n|faint|p1a: Great Tusk\n|-end|p1a: Great Tusk|Protosynthesis|[silent]\n|move|p2b: Corviknight|Iron Head|p1b: Amoonguss\n|-damage|p1b: Amoonguss|38\/100\n|-enditem|p1b: Amoonguss|Sitrus Berry|[eat]\n|-heal|p1b: Amoonguss|62\/100|[from] item: Sitrus Berry\n|move|p1b: Amoonguss|Pollen Puff|p1: Great Tusk|[notarget]\n|-fail|p1b: Amoonguss\n|\n|-heal|p2a: Krookodile|97\/100|[from] item: Leftovers\n|upkeep\n|\n|t:|1682488463\n|switch|p1a: Palafin|Palafin-Hero, L50, F|100\/100\n|-activate|p1a: Palafin|ability: Zero to Hero\n|turn|4\n|\n|t:|1682488475\n|switch|p2a: Brute Bonnet|Brute Bonnet, L50|100\/100\n|-terastallize|p1a: Palafin|Water\n|move|p1a: Palafin|Jet Punch|p2b: Corviknight\n|-damage|p2b: Corviknight|28\/100\n|move|p2b: Corviknight|Iron Head|p1b: Amoonguss\n|-damage|p1b: Amoonguss|31\/100\n|move|p1b: Amoonguss|Pollen Puff|p2a: Brute Bonnet\n|-supereffective|p2a: Brute Bonnet\n|-damage|p2a: Brute Bonnet|36\/100\n|\n|-sideend|p2: Stryke Out|move: Tailwind\n|upkeep\n|turn|5\n|\n|t:|1682488491\n|switch|p2b: Krookodile|Krookodile, L50, M, tera:Fairy|97\/100\n|-ability|p2b: Krookodile|Intimidate|boost\n|-unboost|p1a: Palafin|atk|1\n|-unboost|p1b: Amoonguss|atk|1\n|move|p2a: Brute Bonnet|Protect|p2a: Brute Bonnet\n|-singleturn|p2a: Brute Bonnet|Protect\n|move|p1a: Palafin|Jet Punch|p2b: Krookodile\n|-damage|p2b: Krookodile|57\/100\n|move|p1b: Amoonguss|Pollen Puff|p2a: Brute Bonnet\n|-activate|p2a: Brute Bonnet|move: Protect\n|\n|-heal|p2b: Krookodile|63\/100|[from] item: Leftovers\n|-end|p1b: Amoonguss|move: Taunt\n|upkeep\n|turn|6\n|\n|t:|1682488507\n|-end|p2a: Brute Bonnet|Protosynthesis|[silent]\n|switch|p2a: Corviknight|Corviknight, L50, F|28\/100\n|move|p1a: Palafin|Protect|p1a: Palafin\n|-singleturn|p1a: Palafin|Protect\n|move|p2b: Krookodile|Earthquake|p1a: Palafin|[spread] p1b\n|-activate|p1a: Palafin|move: Protect\n|-immune|p2a: Corviknight\n|-damage|p1b: Amoonguss|1\/100\n|move|p1b: Amoonguss|Pollen Puff|p2b: Krookodile\n|-resisted|p2b: Krookodile\n|-damage|p2b: Krookodile|53\/100\n|\n|-heal|p2b: Krookodile|59\/100|[from] item: Leftovers\n|upkeep\n|turn|7\n|\n|t:|1682488528\n|switch|p1b: Iron Hands|Iron Hands, L50|100\/100\n|move|p2a: Corviknight|Protect|p2a: Corviknight\n|-singleturn|p2a: Corviknight|Protect\n|move|p1a: Palafin|Jet Punch|p2b: Krookodile\n|-damage|p2b: Krookodile|13\/100\n|move|p2b: Krookodile|Earthquake|p1b: Iron Hands|[spread] p1a,p1b\n|-activate|p2a: Corviknight|move: Protect\n|-supereffective|p1b: Iron Hands\n|-damage|p1a: Palafin|68\/100\n|-damage|p1b: Iron Hands|61\/100\n|\n|-heal|p2b: Krookodile|19\/100|[from] item: Leftovers\n|upkeep\n|turn|8\n|\n|t:|1682488547\n|move|p1a: Palafin|Protect|p1a: Palafin\n|-singleturn|p1a: Palafin|Protect\n|move|p1b: Iron Hands|Fake Out|p2b: Krookodile\n|-damage|p2b: Krookodile|4\/100\n|cant|p2b: Krookodile|flinch\n|move|p2a: Corviknight|Roost|p2a: Corviknight\n|-heal|p2a: Corviknight|78\/100\n|-singleturn|p2a: Corviknight|move: Roost\n|\n|-heal|p2b: Krookodile|10\/100|[from] item: Leftovers\n|upkeep\n|turn|9\n|\n|t:|1682488560\n|switch|p2b: Brute Bonnet|Brute Bonnet, L50|36\/100\n|move|p1a: Palafin|Jet Punch|p2b: Brute Bonnet\n|-resisted|p2b: Brute Bonnet\n|-damage|p2b: Brute Bonnet|21\/100\n|move|p2a: Corviknight|Tailwind|p2a: Corviknight\n|-sidestart|p2: Stryke Out|move: Tailwind\n|move|p1b: Iron Hands|Thunder Punch|p2a: Corviknight\n|-supereffective|p2a: Corviknight\n|-damage|p2a: Corviknight|17\/100\n|\n|upkeep\n|turn|10\n|\n|t:|1682488574\n|move|p2a: Corviknight|Protect|p2a: Corviknight\n|-singleturn|p2a: Corviknight|Protect\n|move|p1a: Palafin|Protect|p1a: Palafin\n|-singleturn|p1a: Palafin|Protect\n|move|p2b: Brute Bonnet|Bullet Seed|p1a: Palafin\n|-activate|p1a: Palafin|move: Protect\n|move|p1b: Iron Hands|Drain Punch|p2b: Brute Bonnet\n|-supereffective|p2b: Brute Bonnet\n|-damage|p2b: Brute Bonnet|0 fnt\n|-heal|p1b: Iron Hands|70\/100|[from] drain|[of] p2b: Brute Bonnet\n|faint|p2b: Brute Bonnet\n|-end|p2b: Brute Bonnet|Protosynthesis|[silent]\n|\n|upkeep\n|\n|t:|1682488579\n|switch|p2b: Chi-Yu|Chi-Yu, L50|100\/100\n|-ability|p2b: Chi-Yu|Beads of Ruin\n|turn|11\n|\n|t:|1682488597\n|switch|p1a: Amoonguss|Amoonguss, L50, F|34\/100\n|move|p2b: Chi-Yu|Dark Pulse|p1a: Amoonguss\n|-damage|p1a: Amoonguss|0 fnt\n|faint|p1a: Amoonguss\n|move|p2a: Corviknight|Iron Head|p1b: Iron Hands\n|-resisted|p1b: Iron Hands\n|-damage|p1b: Iron Hands|60\/100\n|cant|p1b: Iron Hands|flinch\n|\n|upkeep\n|\n|t:|1682488607\n|switch|p1a: Palafin|Palafin-Hero, L50, F, tera:Water|68\/100\n|turn|12\n|\n|t:|1682488621\n|move|p1a: Palafin|Jet Punch|p2b: Chi-Yu\n|-supereffective|p2b: Chi-Yu\n|-enditem|p2b: Chi-Yu|Focus Sash\n|-damage|p2b: Chi-Yu|1\/100\n|move|p2b: Chi-Yu|Dark Pulse|p1a: Palafin\n|-damage|p1a: Palafin|0 fnt\n|faint|p1a: Palafin\n|move|p2a: Corviknight|Iron Head|p1b: Iron Hands\n|-resisted|p1b: Iron Hands\n|-damage|p1b: Iron Hands|49\/100\n|move|p1b: Iron Hands|Thunder Punch|p2a: Corviknight\n|-supereffective|p2a: Corviknight\n|-damage|p2a: Corviknight|0 fnt\n|faint|p2a: Corviknight\n|\n|-sideend|p2: Stryke Out|move: Tailwind\n|upkeep\n|\n|t:|1682488624\n|switch|p2a: Krookodile|Krookodile, L50, M, tera:Fairy|10\/100\n|-ability|p2a: Krookodile|Intimidate|boost\n|-unboost|p1b: Iron Hands|atk|1\n|turn|13\n|\n|t:|1682488640\n|move|p2b: Chi-Yu|Heat Wave|p1b: Iron Hands\n|-damage|p1b: Iron Hands|5\/100\n|move|p2a: Krookodile|Tera Blast|p1b: Iron Hands\n|-supereffective|p1b: Iron Hands\n|-crit|p1b: Iron Hands\n|-damage|p1b: Iron Hands|0 fnt\n|faint|p1b: Iron Hands\n|-end|p1b: Iron Hands|Quark Drive|[silent]\n|\n|win|Stryke Out\n|raw|Adri 2022's rating: 1147 → 1118<\/strong> (-29 for losing)\n|raw|Stryke Out's rating: 1092 → 1122<\/strong> (+30 for winning)\n|c|\u2606Stryke Out|gg\n","uploadtime":1682488673,"views":14,"p1id":"adri2022","p2id":"strykeout","formatid":"gen9vgc2023regulationc","rating":1118,"private":0,"password":""}