{"id":"gen9vgc2023regulationc-1863970928","p1":"frazzledazzle33","p2":"seismattersCORNER","format":"[Gen 9] VGC 2023 Regulation C","log":"|j|\u2606frazzledazzle33\n|j|\u2606seismattersCORNER\n|t:|1684099598\n|gametype|doubles\n|player|p1|frazzledazzle33|2|1348\n|player|p2|seismattersCORNER|emmet|1337\n|teamsize|p1|6\n|teamsize|p2|6\n|gen|9\n|tier|[Gen 9] VGC 2023 Regulation C\n|rated|\n|rule|Species Clause: Limit one of each Pok\u00e9mon\n|rule|Item Clause: Limit one of each item\n|clearpoke\n|poke|p1|Gothitelle, L50, F|\n|poke|p1|Chien-Pao, L50|\n|poke|p1|Palafin, L50, F|\n|poke|p1|Amoonguss, L50, M|\n|poke|p1|Iron Hands, L50|\n|poke|p1|Talonflame, L50, M|\n|poke|p2|Palafin, L50, M|\n|poke|p2|Arcanine, L50, M|\n|poke|p2|Amoonguss, L50, F|\n|poke|p2|Flutter Mane, L50|\n|poke|p2|Iron Bundle, L50|\n|poke|p2|Dragonite, L50, M|\n|teampreview|4\nseismattersCORNER has agreed to open team sheets.\n|inactive|Battle timer is ON: inactive players will automatically lose when time's up. (requested by seismattersCORNER)\n|inactive|frazzledazzle33 has 60 seconds left.\n|inactive|seismattersCORNER has 60 seconds left.\n|\n|t:|1684099651\n|start\n|switch|p1a: Gothitelle|Gothitelle, L50, F|100\/100\n|switch|p1b: Iron Hands|Iron Hands, L50|100\/100\n|switch|p2a: Arcanine|Arcanine, L50, M|100\/100\n|switch|p2b: Dragonite|Dragonite, L50, M|100\/100\n|-ability|p2a: Arcanine|Intimidate|boost\n|-unboost|p1a: Gothitelle|atk|1\n|-unboost|p1b: Iron Hands|atk|1\n|turn|1\n|inactive|seismattersCORNER has 30 seconds left.\n|\n|t:|1684099678\n|-terastallize|p1b: Iron Hands|Fire\n|move|p2a: Arcanine|Howl|p2a: Arcanine|[spread] p2a,p2b\n|-boost|p2a: Arcanine|atk|1\n|-boost|p2b: Dragonite|atk|1\n|move|p2b: Dragonite|Stomping Tantrum|p1b: Iron Hands\n|-supereffective|p1b: Iron Hands\n|-damage|p1b: Iron Hands|42\/100\n|move|p1b: Iron Hands|Swords Dance|p1b: Iron Hands\n|-boost|p1b: Iron Hands|atk|2\n|move|p1a: Gothitelle|Trick Room|p1a: Gothitelle\n|-fieldstart|move: Trick Room|[of] p1a: Gothitelle\n|\n|upkeep\n|turn|2\n|inactive|seismattersCORNER has 30 seconds left.\n|\n|t:|1684099705\n|switch|p1a: Amoonguss|Amoonguss, L50, M|100\/100\n|move|p1b: Iron Hands|Protect|p1b: Iron Hands\n|-singleturn|p1b: Iron Hands|Protect\n|move|p2a: Arcanine|Extreme Speed|p1b: Iron Hands\n|-activate|p1b: Iron Hands|move: Protect\n|move|p2b: Dragonite|Stomping Tantrum|p1b: Iron Hands\n|-activate|p1b: Iron Hands|move: Protect\n|\n|upkeep\n|turn|3\n|\n|t:|1684099728\n|move|p2b: Dragonite|Protect|p2b: Dragonite\n|-singleturn|p2b: Dragonite|Protect\n|move|p1a: Amoonguss|Spore|p2b: Dragonite\n|-activate|p2b: Dragonite|move: Protect\n|move|p1b: Iron Hands|Drain Punch|p2a: Arcanine\n|-damage|p2a: Arcanine|35\/100\n|-heal|p1b: Iron Hands|68\/100|[from] drain|[of] p2a: Arcanine\n|move|p2a: Arcanine|Flare Blitz|p1a: Amoonguss\n|-supereffective|p1a: Amoonguss\n|-damage|p1a: Amoonguss|0 fnt\n|faint|p1a: Amoonguss\n|-damage|p2a: Arcanine|0 fnt|[from] Recoil\n|faint|p2a: Arcanine\n|\n|upkeep\n|\n|t:|1684099743\n|switch|p1a: Gothitelle|Gothitelle, L50, F|100\/100\n|switch|p2a: Amoonguss|Amoonguss, L50, F|100\/100\n|turn|4\n|inactive|frazzledazzle33 has 30 seconds left.\n|\n|t:|1684099769\n|move|p1a: Gothitelle|Fake Out|p2b: Dragonite\n|-damage|p2b: Dragonite|98\/100\n|move|p2a: Amoonguss|Rage Powder|p2a: Amoonguss\n|-singleturn|p2a: Amoonguss|move: Rage Powder\n|move|p1b: Iron Hands|Drain Punch|p2b: Dragonite\n|-resisted|p2b: Dragonite\n|-damage|p2b: Dragonite|68\/100\n|-heal|p1b: Iron Hands|80\/100|[from] drain|[of] p2b: Dragonite\n|cant|p2b: Dragonite|flinch\n|\n|upkeep\n|turn|5\n|\n|t:|1684099788\n|move|p2b: Dragonite|Protect|p2b: Dragonite\n|-singleturn|p2b: Dragonite|Protect\n|move|p2a: Amoonguss|Spore|p1a: Gothitelle\n|-status|p1a: Gothitelle|slp|[from] move: Spore\n|move|p1b: Iron Hands|Drain Punch|p2b: Dragonite\n|-activate|p2b: Dragonite|move: Protect\n|cant|p1a: Gothitelle|slp\n|\n|-fieldend|move: Trick Room\n|upkeep\n|turn|6\n|\n|t:|1684099812\n|move|p2a: Amoonguss|Rage Powder|p2a: Amoonguss\n|-singleturn|p2a: Amoonguss|move: Rage Powder\n|move|p2b: Dragonite|Stomping Tantrum|p1b: Iron Hands\n|-supereffective|p1b: Iron Hands\n|-damage|p1b: Iron Hands|17\/100\n|cant|p1a: Gothitelle|slp\n|move|p1b: Iron Hands|Wild Charge|p2b: Dragonite\n|-crit|p2b: Dragonite\n|-damage|p2b: Dragonite|0 fnt\n|faint|p2b: Dragonite\n|-damage|p1b: Iron Hands|4\/100|[from] Recoil\n|\n|upkeep\n|\n|t:|1684099822\n|switch|p2b: Flutter Mane|Flutter Mane, L50|100\/100\n|turn|7\n|\n|t:|1684099838\n|move|p1b: Iron Hands|Protect|p1b: Iron Hands\n|-singleturn|p1b: Iron Hands|Protect\n|move|p2b: Flutter Mane|Moonblast|p1b: Iron Hands\n|-activate|p1b: Iron Hands|move: Protect\n|move|p2a: Amoonguss|Pollen Puff|p1a: Gothitelle\n|-supereffective|p1a: Gothitelle\n|-damage|p1a: Gothitelle|73\/100 slp\n|cant|p1a: Gothitelle|slp\n|\n|upkeep\n|turn|8\n|inactive|seismattersCORNER has 30 seconds left.\n|inactive|seismattersCORNER has 20 seconds left.\n|\n|t:|1684099876\n|-terastallize|p2a: Amoonguss|Water\n|move|p1b: Iron Hands|Protect|p1b: Iron Hands\n|-singleturn|p1b: Iron Hands|Protect\n|move|p2a: Amoonguss|Rage Powder|p2a: Amoonguss\n|-singleturn|p2a: Amoonguss|move: Rage Powder\n|move|p2b: Flutter Mane|Shadow Ball|p1b: Iron Hands\n|-activate|p1b: Iron Hands|move: Protect\n|-curestatus|p1a: Gothitelle|slp|[msg]\n|move|p1a: Gothitelle|Psychic|p2a: Amoonguss\n|-damage|p2a: Amoonguss|78\/100\n|\n|upkeep\n|turn|9\n|inactive|frazzledazzle33 has 30 seconds left.\n|\n|t:|1684099908\n|move|p2b: Flutter Mane|Shadow Ball|p1b: Iron Hands\n|-damage|p1b: Iron Hands|0 fnt\n|faint|p1b: Iron Hands\n|-end|p1b: Iron Hands|Quark Drive|[silent]\n|-damage|p2b: Flutter Mane|90\/100|[from] item: Life Orb\n|move|p1a: Gothitelle|Psychic|p2b: Flutter Mane\n|-damage|p2b: Flutter Mane|55\/100\n|move|p2a: Amoonguss|Spore|p1a: Gothitelle\n|-status|p1a: Gothitelle|slp|[from] move: Spore\n|\n|upkeep\n|\n|t:|1684099918\n|switch|p1b: Chien-Pao|Chien-Pao, L50|100\/100\n|-ability|p1b: Chien-Pao|Sword of Ruin\n|turn|10\n|\n|t:|1684099935\n|cant|p1a: Gothitelle|slp\n|move|p2a: Amoonguss|Rage Powder|p2a: Amoonguss\n|-singleturn|p2a: Amoonguss|move: Rage Powder\n|move|p1b: Chien-Pao|Sacred Sword|p2a: Amoonguss\n|-damage|p2a: Amoonguss|45\/100\n|-enditem|p2a: Amoonguss|Sitrus Berry|[eat]\n|-heal|p2a: Amoonguss|70\/100|[from] item: Sitrus Berry\n|move|p2b: Flutter Mane|Moonblast|p1b: Chien-Pao\n|-supereffective|p1b: Chien-Pao\n|-enditem|p1b: Chien-Pao|Focus Sash\n|-damage|p1b: Chien-Pao|1\/100\n|-damage|p2b: Flutter Mane|45\/100|[from] item: Life Orb\n|\n|upkeep\n|turn|11\n|-message|frazzledazzle33 forfeited.\n|\n|win|seismattersCORNER\n|raw|frazzledazzle33's rating: 1348 → 1327<\/strong> (-21 for losing)\n|raw|seismattersCORNER's rating: 1337 → 1358<\/strong> (+21 for winning)\n|l|\u2606frazzledazzle33\n","uploadtime":1684099950,"views":15,"p1id":"frazzledazzle33","p2id":"seismatterscorner","formatid":"gen9vgc2023regulationc","rating":1327,"private":0,"password":""}