{"id":"gen9vgc2023regulationc-1846285903","p1":"FunnyGuyAlert","p2":"yokai19","format":"[Gen 9] VGC 2023 Regulation C","log":"|j|\u2606FunnyGuyAlert\n|j|\u2606yokai19\n|t:|1681828535\n|gametype|doubles\n|player|p1|FunnyGuyAlert|skyla|1119\n|player|p2|yokai19|1|1107\n|teamsize|p1|6\n|teamsize|p2|6\n|gen|9\n|tier|[Gen 9] VGC 2023 Regulation C\n|rated|\n|rule|Species Clause: Limit one of each Pok\u00e9mon\n|rule|Item Clause: Limit one of each item\n|clearpoke\n|poke|p1|Garchomp, L50, M|\n|poke|p1|Gholdengo, L50|\n|poke|p1|Kilowattrel, L50, M|\n|poke|p1|Gyarados, L50, F|\n|poke|p1|Tyranitar, L50, M|\n|poke|p1|Amoonguss, L50, F|\n|poke|p2|Amoonguss, L50, M|\n|poke|p2|Flutter Mane, L50|\n|poke|p2|Arcanine, L50, M|\n|poke|p2|Palafin, L50, M|\n|poke|p2|Ting-Lu, L50|\n|poke|p2|Scizor, L50, M|\n|teampreview|4\n|\n|t:|1681828600\n|start\n|switch|p1a: Garchomp|Garchomp, L50, M|100\/100\n|switch|p1b: Tyranitar|Tyranitar, L50, M|100\/100\n|switch|p2a: Flutter Mane|Flutter Mane, L50|100\/100\n|switch|p2b: Scizor|Scizor, L50, M|100\/100\n|-weather|Sandstorm|[from] ability: Sand Stream|[of] p1b: Tyranitar\n|turn|1\n|\n|t:|1681828668\n|-terastallize|p1a: Garchomp|Fire\n|move|p2a: Flutter Mane|Moonblast|p1a: Garchomp\n|-resisted|p1a: Garchomp\n|-damage|p1a: Garchomp|64\/100\n|move|p1a: Garchomp|Fire Fang|p2b: Scizor|[miss]\n|-miss|p1a: Garchomp|p2b: Scizor\n|move|p2b: Scizor|U-turn|p1a: Garchomp\n|-resisted|p1a: Garchomp\n|-damage|p1a: Garchomp|46\/100\n|\n|t:|1681828677\n|switch|p2b: Arcanine|Arcanine, L50, M|100\/100|[from] U-turn\n|-ability|p2b: Arcanine|Intimidate|boost\n|-unboost|p1a: Garchomp|atk|1\n|-unboost|p1b: Tyranitar|atk|1\n|move|p1b: Tyranitar|Rock Slide|p2b: Arcanine|[spread] p2a,p2b\n|-supereffective|p2b: Arcanine\n|-crit|p2b: Arcanine\n|-damage|p2a: Flutter Mane|54\/100\n|-damage|p2b: Arcanine|0 fnt\n|faint|p2b: Arcanine\n|\n|-weather|Sandstorm|[upkeep]\n|-damage|p2a: Flutter Mane|48\/100|[from] Sandstorm\n|upkeep\n|\n|t:|1681828692\n|switch|p2b: Ting-Lu|Ting-Lu, L50|100\/100\n|-ability|p2b: Ting-Lu|Vessel of Ruin\n|turn|2\n|\n|t:|1681828716\n|-end|p2a: Flutter Mane|Protosynthesis|[silent]\n|switch|p2a: Scizor|Scizor, L50, M|100\/100\n|switch|p1a: Amoonguss|Amoonguss, L50, F|100\/100\n|switch|p1b: Kilowattrel|Kilowattrel, L50, M|100\/100\n|move|p2b: Ting-Lu|Throat Chop|p1a: Amoonguss\n|-damage|p1a: Amoonguss|74\/100\n|-start|p1a: Amoonguss|Throat Chop|[silent]\n|\n|-weather|Sandstorm|[upkeep]\n|-damage|p1b: Kilowattrel|94\/100|[from] Sandstorm\n|-damage|p1a: Amoonguss|68\/100|[from] Sandstorm\n|-heal|p1a: Amoonguss|74\/100|[from] item: Black Sludge\n|upkeep\n|turn|3\n|\n|t:|1681828775\n|move|p1b: Kilowattrel|Tailwind|p1b: Kilowattrel\n|-sidestart|p1: FunnyGuyAlert|move: Tailwind\n|-start|p1b: Kilowattrel|Charge|Tailwind|[from] ability: Wind Power\n|move|p1a: Amoonguss|Pollen Puff|p2b: Ting-Lu\n|-supereffective|p2b: Ting-Lu\n|-damage|p2b: Ting-Lu|86\/100\n|move|p2a: Scizor|U-turn|p1a: Amoonguss\n|-damage|p1a: Amoonguss|37\/100\n|\n|t:|1681828784\n|switch|p2a: Flutter Mane|Flutter Mane, L50|48\/100|[from] U-turn\n|move|p2b: Ting-Lu|Throat Chop|p1b: Kilowattrel\n|-damage|p1b: Kilowattrel|44\/100\n|-start|p1b: Kilowattrel|Throat Chop|[silent]\n|\n|-weather|Sandstorm|[upkeep]\n|-damage|p1b: Kilowattrel|38\/100|[from] Sandstorm\n|-damage|p2a: Flutter Mane|42\/100|[from] Sandstorm\n|-damage|p1a: Amoonguss|32\/100|[from] Sandstorm\n|-heal|p1a: Amoonguss|37\/100|[from] item: Black Sludge\n|-end|p1a: Amoonguss|Throat Chop|[silent]\n|upkeep\n|turn|4\n|\n|t:|1681828807\n|-end|p2a: Flutter Mane|Protosynthesis|[silent]\n|switch|p2a: Scizor|Scizor, L50, M|100\/100\n|move|p1b: Kilowattrel|Air Slash|p2a: Scizor\n|-damage|p2a: Scizor|74\/100\n|move|p1a: Amoonguss|Pollen Puff|p2a: Scizor\n|-resisted|p2a: Scizor\n|-damage|p2a: Scizor|64\/100\n|move|p2b: Ting-Lu|Throat Chop|p1b: Kilowattrel\n|-damage|p1b: Kilowattrel|0 fnt\n|faint|p1b: Kilowattrel\n|\n|-weather|Sandstorm|[upkeep]\n|-damage|p1a: Amoonguss|32\/100|[from] Sandstorm\n|-heal|p1a: Amoonguss|37\/100|[from] item: Black Sludge\n|upkeep\n|\n|t:|1681828822\n|switch|p1b: Garchomp|Garchomp, L50, M, tera:Fire|46\/100\n|turn|5\n|\n|t:|1681828841\n|move|p2a: Scizor|Protect|p2a: Scizor\n|-singleturn|p2a: Scizor|Protect\n|move|p1a: Amoonguss|Rage Powder|p1a: Amoonguss\n|-singleturn|p1a: Amoonguss|move: Rage Powder\n|move|p1b: Garchomp|Fire Fang|p2a: Scizor\n|-activate|p2a: Scizor|move: Protect\n|move|p2b: Ting-Lu|Stomping Tantrum|p1a: Amoonguss\n|-damage|p1a: Amoonguss|12\/100\n|\n|-weather|none\n|-heal|p1a: Amoonguss|18\/100|[from] item: Black Sludge\n|upkeep\n|turn|6\n|\n|t:|1681828873\n|-terastallize|p2a: Scizor|Water\n|move|p1b: Garchomp|Fire Fang|p2a: Scizor\n|-resisted|p2a: Scizor\n|-damage|p2a: Scizor|44\/100\n|-enditem|p2a: Scizor|Sitrus Berry|[eat]\n|-heal|p2a: Scizor|69\/100|[from] item: Sitrus Berry\n|-damage|p1b: Garchomp|36\/100|[from] item: Life Orb\n|move|p1a: Amoonguss|Spore|p2b: Ting-Lu\n|-status|p2b: Ting-Lu|slp|[from] move: Spore\n|move|p2a: Scizor|U-turn|p1a: Amoonguss\n|-damage|p1a: Amoonguss|0 fnt\n|faint|p1a: Amoonguss\n|\n|t:|1681828885\n|switch|p2a: Flutter Mane|Flutter Mane, L50|42\/100|[from] U-turn\n|cant|p2b: Ting-Lu|slp\n|\n|-sideend|p1: FunnyGuyAlert|move: Tailwind\n|upkeep\n|\n|t:|1681828891\n|switch|p1a: Tyranitar|Tyranitar, L50, M|100\/100\n|-weather|Sandstorm|[from] ability: Sand Stream|[of] p1a: Tyranitar\n|turn|7\n|\n|t:|1681828907\n|move|p1b: Garchomp|Protect|p1b: Garchomp\n|-singleturn|p1b: Garchomp|Protect\n|move|p2a: Flutter Mane|Shadow Ball|p1b: Garchomp\n|-activate|p1b: Garchomp|move: Protect\n|move|p1a: Tyranitar|Rock Slide|p2b: Ting-Lu|[spread] p2a,p2b\n|-resisted|p2b: Ting-Lu\n|-damage|p2a: Flutter Mane|0 fnt\n|-damage|p2b: Ting-Lu|79\/100 slp\n|faint|p2a: Flutter Mane\n|-end|p2a: Flutter Mane|Protosynthesis|[silent]\n|-curestatus|p2b: Ting-Lu|slp|[msg]\n|move|p2b: Ting-Lu|Stomping Tantrum|p1b: Garchomp\n|-activate|p1b: Garchomp|move: Protect\n|\n|-weather|Sandstorm|[upkeep]\n|upkeep\n|\n|t:|1681828920\n|switch|p2a: Scizor|Scizor, L50, M, tera:Water|69\/100\n|turn|8\n|\n|t:|1681828935\n|move|p2a: Scizor|Protect|p2a: Scizor\n|-singleturn|p2a: Scizor|Protect\n|move|p1b: Garchomp|Dragon Claw|p2a: Scizor\n|-activate|p2a: Scizor|move: Protect\n|move|p1a: Tyranitar|Body Press|p2b: Ting-Lu\n|-supereffective|p2b: Ting-Lu\n|-damage|p2b: Ting-Lu|56\/100\n|move|p2b: Ting-Lu|Stomping Tantrum|p1b: Garchomp\n|-supereffective|p1b: Garchomp\n|-damage|p1b: Garchomp|0 fnt\n|faint|p1b: Garchomp\n|\n|-weather|Sandstorm|[upkeep]\n|-damage|p2a: Scizor|63\/100|[from] Sandstorm\n|upkeep\n|turn|9\n|\n|t:|1681828958\n|move|p2a: Scizor|Close Combat|p1a: Tyranitar\n|-supereffective|p1a: Tyranitar\n|-damage|p1a: Tyranitar|0 fnt\n|-unboost|p2a: Scizor|def|1\n|-unboost|p2a: Scizor|spd|1\n|-damage|p2a: Scizor|46\/100|[from] item: Rocky Helmet|[of] p1a: Tyranitar\n|faint|p1a: Tyranitar\n|\n|win|yokai19\n|raw|FunnyGuyAlert's rating: 1119 → 1093<\/strong> (-26 for losing)\n|raw|yokai19's rating: 1107 → 1133<\/strong> (+26 for winning)\n|l|\u2606FunnyGuyAlert\n","uploadtime":1681828970,"views":6,"p1id":"funnyguyalert","p2id":"yokai19","formatid":"gen9vgc2023regulationc","rating":1093,"private":0,"password":""}