{"id":"gen9vgc2023regulationc-1855916137","p1":"T8XICIDAD","p2":"r3gCt3st","format":"[Gen 9] VGC 2023 Regulation C","log":"|j|\u2606T8XICIDAD\n|j|\u2606r3gCt3st\n|t:|1683000143\n|gametype|doubles\n|player|p1|T8XICIDAD|lusamine|1179\n|player|p2|r3gCt3st|unknown|1217\n|teamsize|p1|6\n|teamsize|p2|6\n|gen|9\n|tier|[Gen 9] VGC 2023 Regulation C\n|rated|\n|rule|Species Clause: Limit one of each Pok\u00e9mon\n|rule|Item Clause: Limit one of each item\n|clearpoke\n|poke|p1|Amoonguss, L50, F|\n|poke|p1|Palafin, L50, M|\n|poke|p1|Arcanine, L50, F|\n|poke|p1|Flutter Mane, L50|\n|poke|p1|Ting-Lu, L50|\n|poke|p1|Kingambit, L50, M|\n|poke|p2|Glimmora, L50, M|\n|poke|p2|Tyranitar, L50, M|\n|poke|p2|Amoonguss, L50, M|\n|poke|p2|Arcanine, L50, M|\n|poke|p2|Palafin, L50, M|\n|poke|p2|Flutter Mane, L50|\n|teampreview|4\n|\n|t:|1683000182\n|start\n|switch|p1a: Kingambit|Kingambit, L50, M|100\/100\n|switch|p1b: Palafin|Palafin, L50, M|100\/100\n|switch|p2a: Glimmora|Glimmora, L50, M|100\/100\n|switch|p2b: Palafin|Palafin, L50, M|100\/100\n|turn|1\n|\n|t:|1683000211\n|detailschange|p2b: Palafin|Palafin-Hero, L50, M\n|switch|p2b: Amoonguss|Amoonguss, L50, M|100\/100\n|detailschange|p1b: Palafin|Palafin-Hero, L50, M\n|switch|p1b: Arcanine|Arcanine, L50, F|100\/100\n|-ability|p1b: Arcanine|Intimidate|boost\n|-unboost|p2a: Glimmora|atk|1\n|-unboost|p2b: Amoonguss|atk|1\n|move|p2a: Glimmora|Power Gem|p1b: Arcanine\n|-supereffective|p1b: Arcanine\n|-damage|p1b: Arcanine|0 fnt\n|faint|p1b: Arcanine\n|move|p1a: Kingambit|Swords Dance|p1a: Kingambit\n|-boost|p1a: Kingambit|atk|2\n|\n|upkeep\n|\n|t:|1683000227\n|switch|p1b: Palafin|Palafin-Hero, L50, M|100\/100\n|-activate|p1b: Palafin|ability: Zero to Hero\n|turn|2\n|\n|t:|1683000235\n|-terastallize|p2a: Glimmora|Grass\n|move|p1b: Palafin|Protect|p1b: Palafin\n|-singleturn|p1b: Palafin|Protect\n|move|p2a: Glimmora|Energy Ball|p1b: Palafin\n|-activate|p1b: Palafin|move: Protect\n|move|p1a: Kingambit|Kowtow Cleave|p2b: Amoonguss\n|-damage|p2b: Amoonguss|18\/100\n|-damage|p1a: Kingambit|84\/100|[from] item: Rocky Helmet|[of] p2b: Amoonguss\n|move|p2b: Amoonguss|Spore|p1a: Kingambit\n|-status|p1a: Kingambit|slp|[from] move: Spore\n|\n|upkeep\n|turn|3\n|\n|t:|1683000263\n|switch|p1b: Ting-Lu|Ting-Lu, L50|100\/100\n|-ability|p1b: Ting-Lu|Vessel of Ruin\n|switch|p2b: Palafin|Palafin-Hero, L50, M|100\/100\n|-activate|p2b: Palafin|ability: Zero to Hero\n|move|p2a: Glimmora|Energy Ball|p1b: Ting-Lu\n|-supereffective|p1b: Ting-Lu\n|-damage|p1b: Ting-Lu|63\/100\n|cant|p1a: Kingambit|slp\n|\n|upkeep\n|turn|4\n|\n|t:|1683000284\n|-terastallize|p1b: Ting-Lu|Grass\n|move|p2b: Palafin|Haze|p2b: Palafin\n|-clearallboost\n|move|p2a: Glimmora|Energy Ball|p1b: Ting-Lu\n|-resisted|p1b: Ting-Lu\n|-damage|p1b: Ting-Lu|53\/100\n|cant|p1a: Kingambit|slp\n|move|p1b: Ting-Lu|Ruination|p2b: Palafin\n|-damage|p2b: Palafin|51\/100\n|\n|upkeep\n|turn|5\n|\n|t:|1683000296\n|move|p2b: Palafin|Wave Crash|p1a: Kingambit\n|-damage|p1a: Kingambit|17\/100 slp\n|-damage|p2b: Palafin|24\/100|[from] Recoil\n|move|p2a: Glimmora|Mortal Spin|p1b: Ting-Lu|[spread] p1b\n|-immune|p1a: Kingambit\n|-supereffective|p1b: Ting-Lu\n|-damage|p1b: Ting-Lu|48\/100\n|-status|p1b: Ting-Lu|psn\n|cant|p1a: Kingambit|slp\n|move|p1b: Ting-Lu|Ruination|p2b: Palafin\n|-damage|p2b: Palafin|12\/100\n|\n|-damage|p1b: Ting-Lu|36\/100 psn|[from] psn\n|upkeep\n|turn|6\n|\n|t:|1683000312\n|move|p2b: Palafin|Jet Punch|p1a: Kingambit\n|-damage|p1a: Kingambit|0 fnt\n|faint|p1a: Kingambit\n|move|p2a: Glimmora|Venoshock|p1b: Ting-Lu\n|-supereffective|p1b: Ting-Lu\n|-damage|p1b: Ting-Lu|0 fnt\n|faint|p1b: Ting-Lu\n|\n|upkeep\n|-message|T8XICIDAD forfeited.\n|\n|win|r3gCt3st\n|raw|T8XICIDAD's rating: 1179 → 1157<\/strong> (-22 for losing)\n|raw|r3gCt3st's rating: 1217 → 1239<\/strong> (+22 for winning)\n|l|\u2606T8XICIDAD\n","uploadtime":1683000322,"views":12,"p1id":"t8xicidad","p2id":"r3gct3st","formatid":"gen9vgc2023regulationc","rating":1157,"private":0,"password":""}