{"id":"gen9vgc2023regulationc-1846640349","p1":"Fluttermane Eyes","p2":"MegaZtorm","format":"[Gen 9] VGC 2023 Regulation C","log":"|j|\u2606Fluttermane Eyes\n|j|\u2606MegaZtorm\n|t:|1681860400\n|gametype|doubles\n|player|p1|Fluttermane Eyes|boarder|1094\n|player|p2|MegaZtorm|101|1000\n|teamsize|p1|6\n|teamsize|p2|6\n|gen|9\n|tier|[Gen 9] VGC 2023 Regulation C\n|rated|\n|rule|Species Clause: Limit one of each Pok\u00e9mon\n|rule|Item Clause: Limit one of each item\n|clearpoke\n|poke|p1|Palafin, L50, M|\n|poke|p1|Arcanine, L50, F|\n|poke|p1|Amoonguss, L50, M|\n|poke|p1|Ting-Lu, L50|\n|poke|p1|Scream Tail, L50|\n|poke|p1|Annihilape, L50, F|\n|poke|p2|Ceruledge, L50, F|\n|poke|p2|Maushold-Four, L50|\n|poke|p2|Great Tusk, L50|\n|poke|p2|Flutter Mane, L50|\n|poke|p2|Iron Hands, L50|\n|poke|p2|Chien-Pao, L50|\n|teampreview|4\n|l|\u2606MegaZtorm\n|player|p2|\nFluttermane Eyes has agreed to open team sheets.\n|j|\u2606MegaZtorm\n|player|p2|MegaZtorm|101\n|inactive|Battle timer is ON: inactive players will automatically lose when time's up. (requested by MegaZtorm)\n|\n|t:|1681860477\n|start\n|switch|p1a: Ting-Lu|Ting-Lu, L50|100\/100\n|switch|p1b: Scream Tail|Scream Tail, L50|100\/100\n|switch|p2a: Kung-Fu-Panda|Chien-Pao, L50|100\/100\n|switch|p2b: The Army|Maushold-Four, L50|100\/100\n|-ability|p2a: Kung-Fu-Panda|Sword of Ruin\n|-ability|p1a: Ting-Lu|Vessel of Ruin\n|turn|1\n|inactive|Fluttermane Eyes has 30 seconds left.\n|inactive|MegaZtorm has 30 seconds left.\n|\n|t:|1681860510\n|move|p2a: Kung-Fu-Panda|Swords Dance|p2a: Kung-Fu-Panda\n|-boost|p2a: Kung-Fu-Panda|atk|2\n|move|p2b: The Army|Population Bomb|p1a: Ting-Lu\n|-damage|p1a: Ting-Lu|91\/100\n|-damage|p1a: Ting-Lu|83\/100\n|-damage|p1a: Ting-Lu|75\/100\n|-damage|p1a: Ting-Lu|67\/100\n|-damage|p1a: Ting-Lu|58\/100\n|-damage|p1a: Ting-Lu|49\/100\n|-damage|p1a: Ting-Lu|41\/100\n|-damage|p1a: Ting-Lu|33\/100\n|-damage|p1a: Ting-Lu|23\/100\n|-damage|p1a: Ting-Lu|14\/100\n|-hitcount|p1a: Ting-Lu|10\n|move|p1b: Scream Tail|Reflect|p1b: Scream Tail\n|-sidestart|p1: Fluttermane Eyes|Reflect\n|move|p1a: Ting-Lu|Heavy Slam|p2a: Kung-Fu-Panda\n|-supereffective|p2a: Kung-Fu-Panda\n|-damage|p2a: Kung-Fu-Panda|35\/100\n|\n|upkeep\n|turn|2\n|inactive|Fluttermane Eyes has 30 seconds left.\n|inactive|MegaZtorm has 30 seconds left.\n|\n|t:|1681860538\n|switch|p1a: Annihilape|Annihilape, L50, F|100\/100\n|move|p2a: Kung-Fu-Panda|Ice Shard|p1a: Annihilape\n|-damage|p1a: Annihilape|65\/100\n|move|p2b: The Army|Population Bomb|p1b: Scream Tail\n|-damage|p1b: Scream Tail|92\/100\n|-damage|p1b: Scream Tail|85\/100\n|-damage|p1b: Scream Tail|77\/100\n|-damage|p1b: Scream Tail|69\/100\n|-damage|p1b: Scream Tail|61\/100\n|-damage|p1b: Scream Tail|53\/100\n|-damage|p1b: Scream Tail|44\/100\n|-damage|p1b: Scream Tail|36\/100\n|-damage|p1b: Scream Tail|27\/100\n|-damage|p1b: Scream Tail|19\/100\n|-hitcount|p1b: Scream Tail|10\n|move|p1b: Scream Tail|Trick Room|p1b: Scream Tail\n|-fieldstart|move: Trick Room|[of] p1b: Scream Tail\n|\n|-heal|p1a: Annihilape|71\/100|[from] item: Leftovers\n|upkeep\n|turn|3\n|inactive|Fluttermane Eyes has 30 seconds left.\n|inactive|Fluttermane Eyes has 20 seconds left.\n|inactive|Fluttermane Eyes has 15 seconds left.\n|\n|t:|1681860578\n|-end|p1b: Scream Tail|Protosynthesis|[silent]\n|switch|p1b: Palafin|Palafin, L50, M|100\/100\n|-terastallize|p1a: Annihilape|Fire\n|move|p2b: The Army|Protect|p2b: The Army\n|-singleturn|p2b: The Army|Protect\n|move|p2a: Kung-Fu-Panda|Ice Shard|p1b: Palafin\n|-resisted|p1b: Palafin\n|-damage|p1b: Palafin|80\/100\n|move|p1a: Annihilape|Drain Punch|p2b: The Army\n|-activate|p2b: The Army|move: Protect\n|\n|-heal|p1a: Annihilape|77\/100|[from] item: Leftovers\n|upkeep\n|turn|4\n|inactive|Fluttermane Eyes has 30 seconds left.\n|inactive|MegaZtorm has 30 seconds left.\n|inactive|MegaZtorm has 20 seconds left.\n|\n|t:|1681860614\n|-terastallize|p2b: The Army|Ghost\n|move|p2b: The Army|Follow Me|p2b: The Army\n|-singleturn|p2b: The Army|move: Follow Me\n|move|p1a: Annihilape|Rage Fist|p2b: The Army\n|-supereffective|p2b: The Army\n|-damage|p2b: The Army|0 fnt\n|faint|p2b: The Army\n|move|p1b: Palafin|Substitute|p1b: Palafin\n|-start|p1b: Palafin|Substitute\n|-damage|p1b: Palafin|55\/100\n|move|p2a: Kung-Fu-Panda|Throat Chop|p1a: Annihilape\n|-damage|p1a: Annihilape|2\/100\n|-start|p1a: Annihilape|Throat Chop|[silent]\n|\n|-heal|p1a: Annihilape|8\/100|[from] item: Leftovers\n|upkeep\n|\n|t:|1681860631\n|switch|p2b: Lancelot|Ceruledge, L50, F|100\/100\n|turn|5\n|\n|t:|1681860642\n|move|p2b: Lancelot|Protect|p2b: Lancelot\n|-singleturn|p2b: Lancelot|Protect\n|move|p1a: Annihilape|Protect|p1a: Annihilape\n|-singleturn|p1a: Annihilape|Protect\n|move|p2a: Kung-Fu-Panda|Ice Shard|p1a: Annihilape\n|-activate|p1a: Annihilape|move: Protect\n|move|p1b: Palafin|Wave Crash|p2a: Kung-Fu-Panda\n|-damage|p2a: Kung-Fu-Panda|0 fnt\n|faint|p2a: Kung-Fu-Panda\n|-damage|p1b: Palafin|46\/100|[from] Recoil\n|\n|-heal|p1a: Annihilape|14\/100|[from] item: Leftovers\n|-end|p1a: Annihilape|Throat Chop|[silent]\n|upkeep\n|\n|t:|1681860657\n|switch|p2a: G-TEQ|Great Tusk, L50|100\/100\n|turn|6\n|\n|t:|1681860671\n|move|p2b: Lancelot|Shadow Sneak|p1a: Annihilape\n|-damage|p1a: Annihilape|0 fnt\n|faint|p1a: Annihilape\n|-damage|p2b: Lancelot|90\/100|[from] item: Life Orb\n|move|p1b: Palafin|Wave Crash|p2b: Lancelot\n|-supereffective|p2b: Lancelot\n|-damage|p2b: Lancelot|0 fnt\n|faint|p2b: Lancelot\n|-damage|p1b: Palafin|25\/100|[from] Recoil\n|move|p2a: G-TEQ|Headlong Rush|p1b: Palafin\n|-end|p1b: Palafin|Substitute\n|-unboost|p2a: G-TEQ|def|1\n|-unboost|p2a: G-TEQ|spd|1\n|\n|-fieldend|move: Trick Room\n|upkeep\n|\n|t:|1681860687\n|switch|p1a: Scream Tail|Scream Tail, L50|19\/100\n|turn|7\n|\n|t:|1681860700\n|move|p1b: Palafin|Aqua Jet|p2a: G-TEQ\n|-supereffective|p2a: G-TEQ\n|-damage|p2a: G-TEQ|59\/100\n|move|p2a: G-TEQ|Headlong Rush|p1b: Palafin\n|-damage|p1b: Palafin|0 fnt\n|-unboost|p2a: G-TEQ|def|1\n|-unboost|p2a: G-TEQ|spd|1\n|faint|p1b: Palafin\n|move|p1a: Scream Tail|Dazzling Gleam|p2a: G-TEQ\n|-supereffective|p2a: G-TEQ\n|-damage|p2a: G-TEQ|0 fnt\n|faint|p2a: G-TEQ\n|-end|p2a: G-TEQ|Protosynthesis|[silent]\n|\n|win|Fluttermane Eyes\n|raw|Fluttermane Eyes's rating: 1094 → 1113<\/strong> (+19 for winning)\n|raw|MegaZtorm's rating: 1000 → 1000<\/strong> (+0 for losing)\n|l|\u2606MegaZtorm\n","uploadtime":1681860724,"views":10,"p1id":"fluttermaneeyes","p2id":"megaztorm","formatid":"gen9vgc2023regulationc","rating":1000,"private":0,"password":""}