{"id":"gen9vgc2023regulationc-1855806210","p1":"Mdcvgc8","p2":"DDyarados29","format":"[Gen 9] VGC 2023 Regulation C","log":"|j|\u2606Mdcvgc8\n|j|\u2606DDyarados29\n|t:|1682986361\n|gametype|doubles\n|player|p1|Mdcvgc8|blackbelt-gen4dp|1527\n|player|p2|DDyarados29|wallace|1596\n|teamsize|p1|6\n|teamsize|p2|6\n|gen|9\n|tier|[Gen 9] VGC 2023 Regulation C\n|rated|\n|rule|Species Clause: Limit one of each Pok\u00e9mon\n|rule|Item Clause: Limit one of each item\n|clearpoke\n|poke|p1|Tyranitar, L50, M|\n|poke|p1|Klefki, L50, M|\n|poke|p1|Annihilape, L50, M|\n|poke|p1|Gastrodon-East, L50, M|\n|poke|p1|Dragonite, L50, M|\n|poke|p1|Ting-Lu, L50|\n|poke|p2|Corviknight, L50, F|\n|poke|p2|Glimmora, L50, M|\n|poke|p2|Gholdengo, L50|\n|poke|p2|Flutter Mane, L50|\n|poke|p2|Iron Bundle, L50|\n|poke|p2|Ting-Lu, L50|\n|teampreview|4\nDDyarados29 has agreed to open team sheets.\n|j| Tx Sx\n|inactive|Battle timer is ON: inactive players will automatically lose when time's up. (requested by Mdcvgc8)\nMdcvgc8 has agreed to open team sheets.\n|inactive|DDyarados29 has 60 seconds left.\n|inactive|DDyarados29 has 30 seconds left.\n|\n|t:|1682986451\n|start\n|switch|p1a: Klefki|Klefki, L50, M|100\/100\n|switch|p1b: Tyranitar|Tyranitar, L50, M|100\/100\n|switch|p2a: Chauncey|Glimmora, L50, M|100\/100\n|switch|p2b: Corvo Coffee|Corviknight, L50, F|100\/100\n|-weather|Sandstorm|[from] ability: Sand Stream|[of] p1b: Tyranitar\n|turn|1\n|\n|t:|1682986468\n|move|p1b: Tyranitar|Protect|p1b: Tyranitar\n|-singleturn|p1b: Tyranitar|Protect\n|move|p1a: Klefki|Thunder Wave|p2a: Chauncey\n|-status|p2a: Chauncey|par\n|move|p2b: Corvo Coffee|Iron Defense|p2b: Corvo Coffee\n|-boost|p2b: Corvo Coffee|def|2\n|move|p2a: Chauncey|Mortal Spin|p1b: Tyranitar|[spread] \n|-activate|p1b: Tyranitar|move: Protect\n|-immune|p1a: Klefki\n|\n|-weather|Sandstorm|[upkeep]\n|upkeep\n|turn|2\n|\n|t:|1682986489\n|move|p1a: Klefki|Thunder Wave|p2b: Corvo Coffee\n|-status|p2b: Corvo Coffee|par\n|move|p1b: Tyranitar|Rock Slide|p2a: Chauncey|[spread] p2a,p2b\n|-damage|p2a: Chauncey|76\/100 par\n|-damage|p2b: Corvo Coffee|92\/100 par\n|-activate|p2a: Chauncey|ability: Toxic Debris\n|-sidestart|p1: Mdcvgc8|move: Toxic Spikes\n|cant|p2a: Chauncey|flinch\n|cant|p2b: Corvo Coffee|flinch\n|\n|-weather|Sandstorm|[upkeep]\n|upkeep\n|turn|3\n|\n|t:|1682986503\n|move|p1a: Klefki|Reflect|p1a: Klefki\n|-sidestart|p1: Mdcvgc8|Reflect\n|move|p1b: Tyranitar|Rock Slide|p2b: Corvo Coffee|[spread] p2a,p2b\n|-crit|p2b: Corvo Coffee\n|-damage|p2a: Chauncey|52\/100 par\n|-damage|p2b: Corvo Coffee|68\/100 par\n|-activate|p2a: Chauncey|ability: Toxic Debris\n|-sidestart|p1: Mdcvgc8|move: Toxic Spikes\n|cant|p2a: Chauncey|par\n|move|p2b: Corvo Coffee|Body Press|p1b: Tyranitar\n|-supereffective|p1b: Tyranitar\n|-damage|p1b: Tyranitar|4\/100\n|-enditem|p1b: Tyranitar|Weakness Policy\n|-boost|p1b: Tyranitar|atk|2|[from] item: Weakness Policy\n|-boost|p1b: Tyranitar|spa|2|[from] item: Weakness Policy\n|\n|-weather|Sandstorm|[upkeep]\n|upkeep\n|turn|4\n|\n|t:|1682986520\n|move|p1a: Klefki|Dazzling Gleam|p2b: Corvo Coffee|[spread] p2a,p2b\n|-resisted|p2a: Chauncey\n|-resisted|p2b: Corvo Coffee\n|-damage|p2a: Chauncey|48\/100 par\n|-damage|p2b: Corvo Coffee|59\/100 par\n|move|p1b: Tyranitar|Rock Slide|p2a: Chauncey|[spread] p2a,p2b\n|-damage|p2a: Chauncey|0 fnt\n|-damage|p2b: Corvo Coffee|41\/100 par\n|faint|p2a: Chauncey\n|move|p2b: Corvo Coffee|Roost|p2b: Corvo Coffee\n|-heal|p2b: Corvo Coffee|91\/100 par\n|-singleturn|p2b: Corvo Coffee|move: Roost\n|\n|-weather|Sandstorm|[upkeep]\n|upkeep\n|\n|t:|1682986534\n|switch|p2a: Pepita|Iron Bundle, L50|100\/100\n|-enditem|p2a: Pepita|Booster Energy\n|-activate|p2a: Pepita|ability: Quark Drive|[fromitem]\n|-start|p2a: Pepita|quarkdrivespe\n|turn|5\n|\n|t:|1682986543\n|move|p2a: Pepita|Protect|p2a: Pepita\n|-singleturn|p2a: Pepita|Protect\n|move|p1b: Tyranitar|Protect|p1b: Tyranitar\n|-singleturn|p1b: Tyranitar|Protect\n|move|p1a: Klefki|Light Screen|p1a: Klefki\n|-sidestart|p1: Mdcvgc8|move: Light Screen\n|move|p2b: Corvo Coffee|Body Press|p1b: Tyranitar\n|-activate|p1b: Tyranitar|move: Protect\n|\n|-weather|none\n|upkeep\n|turn|6\n|inactive|DDyarados29 has 30 seconds left.\n|\n|t:|1682986569\n|move|p1a: Klefki|Thunder Wave|p2a: Pepita\n|-status|p2a: Pepita|par\n|cant|p2a: Pepita|par\n|move|p1b: Tyranitar|Rock Slide|p2a: Pepita|[spread] p2a,p2b\n|-supereffective|p2a: Pepita\n|-damage|p2a: Pepita|0 fnt\n|-damage|p2b: Corvo Coffee|75\/100 par\n|faint|p2a: Pepita\n|-end|p2a: Pepita|Quark Drive|[silent]\n|cant|p2b: Corvo Coffee|flinch\n|\n|upkeep\n|\n|t:|1682986579\n|switch|p2a: stupid ghost|Flutter Mane, L50|100\/100\n|turn|7\n|\n|t:|1682986592\n|move|p1b: Tyranitar|Protect|p1b: Tyranitar\n|-singleturn|p1b: Tyranitar|Protect\n|move|p1a: Klefki|Thunder Wave|p2a: stupid ghost\n|-status|p2a: stupid ghost|par\n|move|p2a: stupid ghost|Dazzling Gleam|p1b: Tyranitar|[spread] p1a\n|-activate|p1b: Tyranitar|move: Protect\n|-resisted|p1a: Klefki\n|-damage|p1a: Klefki|88\/100\n|cant|p2b: Corvo Coffee|par\n|\n|upkeep\n|turn|8\n|j| Withoutexcuse\n|\n|t:|1682986606\n|move|p1a: Klefki|Dazzling Gleam|p2a: stupid ghost|[spread] p2a,p2b\n|-resisted|p2b: Corvo Coffee\n|-damage|p2a: stupid ghost|85\/100 par\n|-damage|p2b: Corvo Coffee|67\/100 par\n|move|p2a: stupid ghost|Dazzling Gleam|p1a: Klefki|[spread] p1a,p1b\n|-resisted|p1a: Klefki\n|-supereffective|p1b: Tyranitar\n|-damage|p1a: Klefki|74\/100\n|-damage|p1b: Tyranitar|0 fnt\n|faint|p1b: Tyranitar\n|move|p2b: Corvo Coffee|Tailwind|p2b: Corvo Coffee\n|-sidestart|p2: DDyarados29|move: Tailwind\n|\n|upkeep\n|j| Conquistatore\n|\n|t:|1682986620\n|switch|p1b: Ting-Lu|Ting-Lu, L50|100\/100\n|-status|p1b: Ting-Lu|tox\n|-ability|p1b: Ting-Lu|Vessel of Ruin\n|turn|9\n|\n|t:|1682986634\n|-terastallize|p2a: stupid ghost|Fairy\n|-terastallize|p1b: Ting-Lu|Fire\n|move|p2a: stupid ghost|Dazzling Gleam|p1b: Ting-Lu|[spread] p1a,p1b\n|-resisted|p1a: Klefki\n|-resisted|p1b: Ting-Lu\n|-damage|p1a: Klefki|60\/100\n|-damage|p1b: Ting-Lu|94\/100 tox\n|move|p1a: Klefki|Dazzling Gleam|p2a: stupid ghost|[spread] p2a,p2b\n|-resisted|p2b: Corvo Coffee\n|-damage|p2a: stupid ghost|72\/100 par\n|-damage|p2b: Corvo Coffee|61\/100 par\n|cant|p2b: Corvo Coffee|par\n|move|p1b: Ting-Lu|Heavy Slam|p2a: stupid ghost\n|-supereffective|p2a: stupid ghost\n|-damage|p2a: stupid ghost|0 fnt\n|faint|p2a: stupid ghost\n|-end|p2a: stupid ghost|Protosynthesis|[silent]\n|\n|-damage|p1b: Ting-Lu|88\/100 tox|[from] psn\n|upkeep\n|turn|10\n|inactive|Mdcvgc8 has 30 seconds left.\n|\n|t:|1682986661\n|move|p1a: Klefki|Dazzling Gleam|p2b: Corvo Coffee\n|-resisted|p2b: Corvo Coffee\n|-damage|p2b: Corvo Coffee|51\/100 par\n|move|p2b: Corvo Coffee|Roost|p2b: Corvo Coffee\n|-heal|p2b: Corvo Coffee|100\/100 par\n|-singleturn|p2b: Corvo Coffee|move: Roost\n|move|p1b: Ting-Lu|Payback|p2b: Corvo Coffee\n|-damage|p2b: Corvo Coffee|87\/100 par\n|-damage|p1b: Ting-Lu|71\/100 tox|[from] item: Rocky Helmet|[of] p2b: Corvo Coffee\n|\n|-damage|p1b: Ting-Lu|59\/100 tox|[from] psn\n|-sideend|p1: Mdcvgc8|Reflect\n|upkeep\n|turn|11\n|\n|t:|1682986679\n|move|p1a: Klefki|Dazzling Gleam|p2b: Corvo Coffee\n|-resisted|p2b: Corvo Coffee\n|-damage|p2b: Corvo Coffee|78\/100 par\n|move|p2b: Corvo Coffee|Iron Defense|p2b: Corvo Coffee\n|-boost|p2b: Corvo Coffee|def|2\n|move|p1b: Ting-Lu|Heavy Slam|p2b: Corvo Coffee\n|-resisted|p2b: Corvo Coffee\n|-damage|p2b: Corvo Coffee|75\/100 par\n|-damage|p1b: Ting-Lu|43\/100 tox|[from] item: Rocky Helmet|[of] p2b: Corvo Coffee\n|\n|-damage|p1b: Ting-Lu|25\/100 tox|[from] psn\n|-sideend|p2: DDyarados29|move: Tailwind\n|upkeep\n|turn|12\n|\n|t:|1682986697\n|move|p1a: Klefki|Reflect|p1a: Klefki\n|-sidestart|p1: Mdcvgc8|Reflect\n|move|p1b: Ting-Lu|Payback|p2b: Corvo Coffee\n|-damage|p2b: Corvo Coffee|70\/100 par\n|-damage|p1b: Ting-Lu|8\/100 tox|[from] item: Rocky Helmet|[of] p2b: Corvo Coffee\n|move|p2b: Corvo Coffee|Iron Defense|p2b: Corvo Coffee\n|-boost|p2b: Corvo Coffee|def|2\n|\n|-damage|p1b: Ting-Lu|0 fnt|[from] psn\n|faint|p1b: Ting-Lu\n|-sideend|p1: Mdcvgc8|move: Light Screen\n|upkeep\n|\n|t:|1682986709\n|switch|p1b: Annihilape|Annihilape, L50, M|100\/100\n|-status|p1b: Annihilape|tox\n|turn|13\n|\n|t:|1682986716\n|move|p1b: Annihilape|Bulk Up|p1b: Annihilape\n|-boost|p1b: Annihilape|atk|1\n|-boost|p1b: Annihilape|def|1\n|move|p1a: Klefki|Dazzling Gleam|p2b: Corvo Coffee\n|-resisted|p2b: Corvo Coffee\n|-damage|p2b: Corvo Coffee|59\/100 par\n|move|p2b: Corvo Coffee|Body Press|p1a: Klefki\n|-damage|p1a: Klefki|0 fnt\n|faint|p1a: Klefki\n|\n|-damage|p1b: Annihilape|95\/100 tox|[from] psn\n|upkeep\n|turn|14\n|\n|t:|1682986729\n|move|p1b: Annihilape|Bulk Up|p1b: Annihilape\n|-boost|p1b: Annihilape|atk|1\n|-boost|p1b: Annihilape|def|1\n|move|p2b: Corvo Coffee|Roost|p2b: Corvo Coffee\n|-heal|p2b: Corvo Coffee|100\/100 par\n|-singleturn|p2b: Corvo Coffee|move: Roost\n|\n|-heal|p1b: Annihilape|100\/100 tox|[from] item: Leftovers\n|-damage|p1b: Annihilape|89\/100 tox|[from] psn\n|upkeep\n|turn|15\n|l| Conquistatore\n|\n|t:|1682986741\n|move|p1b: Annihilape|Bulk Up|p1b: Annihilape\n|-boost|p1b: Annihilape|atk|1\n|-boost|p1b: Annihilape|def|1\n|move|p2b: Corvo Coffee|Iron Defense|p2b: Corvo Coffee\n|-boost|p2b: Corvo Coffee|def|0\n|\n|-heal|p1b: Annihilape|95\/100 tox|[from] item: Leftovers\n|-damage|p1b: Annihilape|77\/100 tox|[from] psn\n|upkeep\n|turn|16\n|\n|t:|1682986751\n|move|p1b: Annihilape|Drain Punch|p2b: Corvo Coffee\n|-damage|p2b: Corvo Coffee|88\/100 par\n|-heal|p1b: Annihilape|83\/100 tox|[from] drain|[of] p2b: Corvo Coffee\n|-damage|p1b: Annihilape|66\/100 tox|[from] item: Rocky Helmet|[of] p2b: Corvo Coffee\n|move|p2b: Corvo Coffee|Iron Defense|p2b: Corvo Coffee\n|-boost|p2b: Corvo Coffee|def|0\n|\n|-heal|p1b: Annihilape|72\/100 tox|[from] item: Leftovers\n|-damage|p1b: Annihilape|48\/100 tox|[from] psn\n|upkeep\n|turn|17\n|\n|t:|1682986764\n|move|p1b: Annihilape|Drain Punch|p2b: Corvo Coffee\n|-damage|p2b: Corvo Coffee|77\/100 par\n|-heal|p1b: Annihilape|53\/100 tox|[from] drain|[of] p2b: Corvo Coffee\n|-damage|p1b: Annihilape|36\/100 tox|[from] item: Rocky Helmet|[of] p2b: Corvo Coffee\n|move|p2b: Corvo Coffee|Iron Defense|p2b: Corvo Coffee\n|-boost|p2b: Corvo Coffee|def|0\n|\n|-heal|p1b: Annihilape|42\/100 tox|[from] item: Leftovers\n|-damage|p1b: Annihilape|12\/100 tox|[from] psn\n|upkeep\n|turn|18\n|\n|t:|1682986775\n|move|p1b: Annihilape|Drain Punch|p2b: Corvo Coffee\n|-damage|p2b: Corvo Coffee|66\/100 par\n|-heal|p1b: Annihilape|18\/100 tox|[from] drain|[of] p2b: Corvo Coffee\n|-damage|p1b: Annihilape|1\/100 tox|[from] item: Rocky Helmet|[of] p2b: Corvo Coffee\n|move|p2b: Corvo Coffee|Roost|p2b: Corvo Coffee\n|-heal|p2b: Corvo Coffee|100\/100 par\n|-singleturn|p2b: Corvo Coffee|move: Roost\n|\n|-heal|p1b: Annihilape|7\/100 tox|[from] item: Leftovers\n|-damage|p1b: Annihilape|0 fnt|[from] psn\n|faint|p1b: Annihilape\n|\n|win|DDyarados29\n|upkeep\n|raw|Mdcvgc8's rating: 1527 → 1511<\/strong> (-16 for losing)\n|raw|DDyarados29's rating: 1596 → 1612<\/strong> (+16 for winning)\n|c|\u2606DDyarados29|gg\n|c|\u2606Mdcvgc8|F u\n|c|\u2606DDyarados29|lmao\n|c|\u2606DDyarados29|i assume you're joking : P\n|c|\u2606Mdcvgc8|Not a chance\n|l|\u2606Mdcvgc8\n|c|\u2606DDyarados29|dang sucks\n|c| Tx Sx|lmao\n|c|\u2606DDyarados29|rip\n|c|\u2606DDyarados29|he's the one running parahax rock slide lmao\n|c| Tx Sx|XD\n|c|\u2606DDyarados29|o well\n|c| Tx Sx|yep\n|l| Withoutexcuse\n|c|\u2606DDyarados29|i'm glad someone else saw that interaction haha\n|c| Tx Sx|:D\n|c| Tx Sx|se you dude\n|c|\u2606DDyarados29|see ya\n","uploadtime":1682986850,"views":19,"p1id":"mdcvgc8","p2id":"ddyarados29","formatid":"gen9vgc2023regulationc","rating":1511,"private":0,"password":""}