{"id":"gen9vgc2023regulationc-1855836547","p1":"kynlem","p2":"Flutterhawk","format":"[Gen 9] VGC 2023 Regulation C","log":"|j|\u2606kynlem\n|j|\u2606Flutterhawk\n|t:|1682989958\n|gametype|doubles\n|player|p1|kynlem|lady|1081\n|player|p2|Flutterhawk|pokekid|1084\n|teamsize|p1|6\n|teamsize|p2|6\n|gen|9\n|tier|[Gen 9] VGC 2023 Regulation C\n|rated|\n|rule|Species Clause: Limit one of each Pok\u00e9mon\n|rule|Item Clause: Limit one of each item\n|clearpoke\n|poke|p1|Breloom, L50, M|\n|poke|p1|Klefki, L50, F|\n|poke|p1|Azumarill, L50, F|\n|poke|p1|Clodsire, L50, M|\n|poke|p1|Houndoom, L50, F|\n|poke|p1|Ditto, L50|\n|poke|p2|Flutter Mane, L50|\n|poke|p2|Palafin, L50, F|\n|poke|p2|Dragapult, L50, F|\n|poke|p2|Arcanine, L50, F|\n|poke|p2|Ting-Lu, L50|\n|poke|p2|Tsareena, L50, F|\n|teampreview|4\nkynlem rejected open team sheets.\n|inactive|Battle timer is ON: inactive players will automatically lose when time's up. (requested by kynlem)\n|\n|t:|1682990034\n|start\n|switch|p1a: SoS|Klefki, L50, F|100\/100\n|switch|p1b: LttM|Azumarill, L50, F|100\/100\n|switch|p2a: Flutter Mane|Flutter Mane, L50|100\/100\n|switch|p2b: Tsareena|Tsareena, L50, F|100\/100\n|turn|1\n|inactive|Flutterhawk has 30 seconds left.\n|inactive|Flutterhawk has 20 seconds left.\n|inactive|Flutterhawk has 15 seconds left.\n|\n|t:|1682990075\n|-terastallize|p2a: Flutter Mane|Normal\n|move|p1b: LttM|Aqua Jet||[still]\n|cant|p2b: Tsareena|ability: Queenly Majesty|Aqua Jet|[of] p1b: LttM\n|move|p1a: SoS|Reflect|p1a: SoS\n|-sidestart|p1: kynlem|Reflect\n|move|p2a: Flutter Mane|Hyper Voice|p1a: SoS|[spread] p1a,p1b\n|-resisted|p1a: SoS\n|-damage|p1a: SoS|84\/100\n|-damage|p1b: LttM|59\/100\n|-enditem|p2a: Flutter Mane|Throat Spray\n|-boost|p2a: Flutter Mane|spa|1|[from] item: Throat Spray\n|move|p2b: Tsareena|Taunt|p1a: SoS\n|-start|p1a: SoS|move: Taunt\n|\n|-heal|p1a: SoS|90\/100|[from] item: Leftovers\n|upkeep\n|turn|2\n|inactive|kynlem has 30 seconds left.\n|inactive|Flutterhawk has 30 seconds left.\n|inactive|kynlem has 20 seconds left.\n|\n|t:|1682990111\n|switch|p1b: EP|Ditto, L50, shiny|100\/100\n|-transform|p1b: EP|p2a: Flutter Mane|[from] ability: Imposter\n|move|p2b: Tsareena|Helping Hand|p2a: Flutter Mane\n|-singleturn|p2a: Flutter Mane|Helping Hand|[of] p2b: Tsareena\n|move|p2a: Flutter Mane|Shadow Ball|p1b: EP\n|-supereffective|p1b: EP\n|-damage|p1b: EP|0 fnt\n|faint|p1b: EP\n|-end|p1b: EP|Protosynthesis|[silent]\n|move|p1a: SoS|Dazzling Gleam|p2a: Flutter Mane|[spread] p2a,p2b\n|-damage|p2a: Flutter Mane|82\/100\n|-damage|p2b: Tsareena|84\/100\n|\n|-heal|p1a: SoS|96\/100|[from] item: Leftovers\n|upkeep\n|\n|t:|1682990126\n|switch|p1b: UI|Clodsire, L50, M|100\/100\n|turn|3\n|inactive|Flutterhawk has 30 seconds left.\n|inactive|Flutterhawk has 20 seconds left.\n|inactive|Flutterhawk has 15 seconds left.\n|inactive|Flutterhawk has 10 seconds left.\n|\n|t:|1682990177\n|move|p2a: Flutter Mane|Shadow Ball|p1b: UI\n|-damage|p1b: UI|85\/100\n|-unboost|p1b: UI|spd|1\n|move|p1a: SoS|Dazzling Gleam|p2a: Flutter Mane|[spread] p2a,p2b\n|-damage|p2a: Flutter Mane|65\/100\n|-damage|p2b: Tsareena|68\/100\n|move|p2b: Tsareena|U-turn|p1a: SoS\n|-resisted|p1a: SoS\n|-damage|p1a: SoS|92\/100\n|\n|t:|1682990198\n|switch|p2b: Lockheed|Dragapult, L50, F|100\/100|[from] U-turn\n|move|p1b: UI|Poison Jab|p2a: Flutter Mane\n|-damage|p2a: Flutter Mane|33\/100\n|\n|-heal|p1a: SoS|98\/100|[from] item: Leftovers\n|upkeep\n|turn|4\n|inactive|kynlem has 30 seconds left.\n|inactive|Flutterhawk has 30 seconds left.\n|inactive|kynlem has 20 seconds left.\n|\n|t:|1682990234\n|move|p2a: Flutter Mane|Protect|p2a: Flutter Mane\n|-singleturn|p2a: Flutter Mane|Protect\n|move|p2b: Lockheed|Phantom Force||[still]\n|-prepare|p2b: Lockheed|Phantom Force\n|move|p1a: SoS|Dazzling Gleam|p2b: Lockheed|[spread] \n|-miss|p1a: SoS|p2b: Lockheed\n|-activate|p2a: Flutter Mane|move: Protect\n|move|p1b: UI|Poison Jab|p2a: Flutter Mane\n|-activate|p2a: Flutter Mane|move: Protect\n|\n|-heal|p1a: SoS|100\/100|[from] item: Leftovers\n|-end|p1a: SoS|move: Taunt\n|upkeep\n|turn|5\n|\n|t:|1682990257\n|move|p1a: SoS|Light Screen|p1a: SoS\n|-sidestart|p1: kynlem|move: Light Screen\n|move|p2b: Lockheed|Phantom Force|p1b: UI|[from]lockedmove\n|-damage|p1b: UI|50\/100\n|move|p2a: Flutter Mane|Shadow Ball|p1a: SoS\n|-damage|p1a: SoS|60\/100\n|move|p1b: UI|Poison Jab|p2a: Flutter Mane\n|-damage|p2a: Flutter Mane|3\/100\n|\n|-heal|p1a: SoS|66\/100|[from] item: Leftovers\n|-sideend|p1: kynlem|Reflect\n|upkeep\n|turn|6\n|inactive|Flutterhawk has 30 seconds left.\n|inactive|Flutterhawk has 20 seconds left.\n|inactive|kynlem has 30 seconds left.\n|inactive|kynlem has 20 seconds left.\n|inactive|Flutterhawk has 15 seconds left.\n|inactive|kynlem has 15 seconds left.\n|\n|t:|1682990313\n|move|p2b: Lockheed|Phantom Force||[still]\n|-prepare|p2b: Lockheed|Phantom Force\n|move|p2a: Flutter Mane|Shadow Ball|p1b: UI\n|-damage|p1b: UI|34\/100\n|move|p1a: SoS|Dazzling Gleam|p2b: Lockheed|[spread] p2a\n|-miss|p1a: SoS|p2b: Lockheed\n|-damage|p2a: Flutter Mane|0 fnt\n|faint|p2a: Flutter Mane\n|-end|p2a: Flutter Mane|Protosynthesis|[silent]\n|move|p1b: UI|Stomping Tantrum|p2b: Lockheed|[miss]\n|-miss|p1b: UI|p2b: Lockheed\n|\n|-heal|p1a: SoS|72\/100|[from] item: Leftovers\n|upkeep\n|\n|t:|1682990336\n|switch|p2a: Cashew|Arcanine, L50, F|100\/100\n|-ability|p2a: Cashew|Intimidate|boost\n|-unboost|p1a: SoS|atk|1\n|-unboost|p1b: UI|atk|1\n|turn|7\n|\n|t:|1682990359\n|move|p1a: SoS|Protect|p1a: SoS\n|-singleturn|p1a: SoS|Protect\n|move|p2b: Lockheed|Phantom Force|p1a: SoS|[from]lockedmove\n|-activate|p1a: SoS|move: Phantom Force|[broken]\n|-damage|p1a: SoS|20\/100\n|move|p2a: Cashew|Flare Blitz|p1b: UI\n|-damage|p1b: UI|0 fnt\n|faint|p1b: UI\n|-damage|p2a: Cashew|87\/100|[from] Recoil\n|\n|-heal|p1a: SoS|26\/100|[from] item: Leftovers\n|upkeep\n|\n|t:|1682990370\n|switch|p1b: LttM|Azumarill, L50, F|59\/100\n|turn|8\n|inactive|Flutterhawk has 30 seconds left.\n|inactive|Flutterhawk has 20 seconds left.\n|\n|t:|1682990408\n|move|p1a: SoS|Reflect|p1a: SoS\n|-sidestart|p1: kynlem|Reflect\n|move|p2b: Lockheed|Phantom Force||[still]\n|-prepare|p2b: Lockheed|Phantom Force\n|move|p2a: Cashew|Will-O-Wisp|p1b: LttM\n|-status|p1b: LttM|brn\n|move|p1b: LttM|Ice Spinner|p2a: Cashew\n|-resisted|p2a: Cashew\n|-damage|p2a: Cashew|73\/100\n|\n|-heal|p1a: SoS|32\/100|[from] item: Leftovers\n|-damage|p1b: LttM|54\/100 brn|[from] brn\n|upkeep\n|turn|9\n|-message|kynlem forfeited.\n|\n|win|Flutterhawk\n|raw|kynlem's rating: 1081 → 1059<\/strong> (-22 for losing)\n|raw|Flutterhawk's rating: 1084 → 1111<\/strong> (+27 for winning)\n|l|\u2606kynlem\n","uploadtime":1682990428,"views":19,"p1id":"kynlem","p2id":"flutterhawk","formatid":"gen9vgc2023regulationc","rating":1059,"private":0,"password":""}