{"id":"gen9vgc2023regulationc-1852147179","p1":"spectacled eider","p2":"GobranJoe","format":"[Gen 9] VGC 2023 Regulation C","log":"|j|\u2606spectacled eider\n|j|\u2606GobranJoe\n|t:|1682528010\n|gametype|doubles\n|player|p1|spectacled eider|lady|1594\n|player|p2|GobranJoe|gentleman-gen4dp|1660\n|teamsize|p1|6\n|teamsize|p2|6\n|gen|9\n|tier|[Gen 9] VGC 2023 Regulation C\n|rated|\n|rule|Species Clause: Limit one of each Pok\u00e9mon\n|rule|Item Clause: Limit one of each item\n|clearpoke\n|poke|p1|Farigiraf, L50, F|\n|poke|p1|Flutter Mane, L50|\n|poke|p1|Corviknight, L50, M|\n|poke|p1|Ting-Lu, L50|\n|poke|p1|Iron Bundle, L50|\n|poke|p1|Arcanine, L50, M|\n|poke|p2|Murkrow, L50, M|\n|poke|p2|Flutter Mane, L50|\n|poke|p2|Electrode, L50|\n|poke|p2|Torkoal, L50, F|\n|poke|p2|Hypno, L50, M|\n|poke|p2|Dragonite, L50, M|\n|teampreview|4\n|inactive|Battle timer is ON: inactive players will automatically lose when time's up. (requested by GobranJoe)\nspectacled eider has agreed to open team sheets.\n|j| DittoTang\nGobranJoe has agreed to open team sheets.\n|inactive|spectacled eider has 60 seconds left.\n|inactive|GobranJoe has 60 seconds left.\n|inactive|spectacled eider has 30 seconds left.\n|\n|t:|1682528078\n|start\n|switch|p1a: Corviknight|Corviknight, L50, M|100\/100\n|switch|p1b: Ting-Lu|Ting-Lu, L50|100\/100\n|switch|p2a: Hypno|Hypno, L50, M|100\/100\n|switch|p2b: Electrode|Electrode, L50|100\/100\n|-ability|p1b: Ting-Lu|Vessel of Ruin\n|turn|1\n|j| Donnerfuss\n|inactive|spectacled eider has 30 seconds left.\n|inactive|GobranJoe has 30 seconds left.\n|\n|t:|1682528113\n|-terastallize|p1b: Ting-Lu|Ground\n|move|p2b: Electrode|Thunderbolt|p1a: Corviknight\n|-supereffective|p1a: Corviknight\n|-damage|p1a: Corviknight|52\/100\n|move|p1a: Corviknight|Brave Bird|p2a: Hypno\n|-damage|p2a: Hypno|60\/100\n|-damage|p1a: Corviknight|39\/100|[from] Recoil\n|move|p1b: Ting-Lu|Earthquake|p2a: Hypno|[spread] p2a,p2b\n|-immune|p1a: Corviknight\n|-supereffective|p2b: Electrode\n|-damage|p2a: Hypno|21\/100\n|-damage|p2b: Electrode|0 fnt\n|faint|p2b: Electrode\n|move|p2a: Hypno|Trick Room|p2a: Hypno\n|-fieldstart|move: Trick Room|[of] p2a: Hypno\n|\n|upkeep\n|\n|t:|1682528127\n|switch|p2b: Torkoal|Torkoal, L50, F|100\/100\n|-weather|SunnyDay|[from] ability: Drought|[of] p2b: Torkoal\n|turn|2\n|\n|t:|1682528144\n|-terastallize|p2b: Torkoal|Fire\n|move|p2b: Torkoal|Eruption|p1b: Ting-Lu|[spread] p1a,p1b\n|-supereffective|p1a: Corviknight\n|-enditem|p1a: Corviknight|Occa Berry|[eat]\n|-enditem|p1a: Corviknight|Occa Berry|[weaken]\n|-damage|p1a: Corviknight|0 fnt\n|-damage|p1b: Ting-Lu|28\/100\n|faint|p1a: Corviknight\n|move|p2a: Hypno|Hypnosis|p1b: Ting-Lu|[miss]\n|-miss|p2a: Hypno|p1b: Ting-Lu\n|move|p1b: Ting-Lu|Earthquake|p2b: Torkoal|[spread] p2a,p2b\n|-supereffective|p2b: Torkoal\n|-damage|p2a: Hypno|0 fnt\n|-damage|p2b: Torkoal|19\/100\n|faint|p2a: Hypno\n|\n|-weather|SunnyDay|[upkeep]\n|upkeep\n|\n|t:|1682528155\n|switch|p2a: Dragonite|Dragonite, L50, M|100\/100\n|switch|p1a: Flutter Mane|Flutter Mane, L50|100\/100\n|-activate|p1a: Flutter Mane|ability: Protosynthesis\n|-start|p1a: Flutter Mane|protosynthesisspa\n|turn|3\n|\n|t:|1682528174\n|move|p2a: Dragonite|Extreme Speed|p1b: Ting-Lu\n|-damage|p1b: Ting-Lu|0 fnt\n|faint|p1b: Ting-Lu\n|-damage|p2a: Dragonite|91\/100|[from] item: Life Orb\n|move|p2b: Torkoal|Flamethrower|p1a: Flutter Mane\n|-crit|p1a: Flutter Mane\n|-damage|p1a: Flutter Mane|0 fnt\n|faint|p1a: Flutter Mane\n|-end|p1a: Flutter Mane|Protosynthesis|[silent]\n|\n|-weather|SunnyDay|[upkeep]\n|upkeep\n|\n|t:|1682528185\n|switch|p1b: Iron Bundle|Iron Bundle, L50|100\/100\n|-enditem|p1b: Iron Bundle|Booster Energy\n|-activate|p1b: Iron Bundle|ability: Quark Drive|[fromitem]\n|-start|p1b: Iron Bundle|quarkdrivespe\n|turn|4\n|\n|t:|1682528194\n|move|p1b: Iron Bundle|Protect|p1b: Iron Bundle\n|-singleturn|p1b: Iron Bundle|Protect\n|move|p2a: Dragonite|Extreme Speed|p1b: Iron Bundle\n|-activate|p1b: Iron Bundle|move: Protect\n|move|p2b: Torkoal|Flamethrower|p1b: Iron Bundle\n|-activate|p1b: Iron Bundle|move: Protect\n|\n|-weather|SunnyDay|[upkeep]\n|upkeep\n|turn|5\n|\n|t:|1682528202\n|move|p1b: Iron Bundle|Protect|p1b: Iron Bundle\n|-singleturn|p1b: Iron Bundle|Protect\n|move|p2a: Dragonite|Extreme Speed|p1b: Iron Bundle\n|-activate|p1b: Iron Bundle|move: Protect\n|move|p2b: Torkoal|Flamethrower|p1b: Iron Bundle\n|-activate|p1b: Iron Bundle|move: Protect\n|\n|-weather|SunnyDay|[upkeep]\n|-fieldend|move: Trick Room\n|upkeep\n|turn|6\n|\n|t:|1682528211\n|move|p2a: Dragonite|Extreme Speed|p1b: Iron Bundle\n|-damage|p1b: Iron Bundle|54\/100\n|-damage|p2a: Dragonite|81\/100|[from] item: Life Orb\n|move|p1b: Iron Bundle|Freeze-Dry|p2b: Torkoal\n|-resisted|p2b: Torkoal\n|-damage|p2b: Torkoal|0 fnt\n|faint|p2b: Torkoal\n|\n|-weather|none\n|upkeep\n|turn|7\n|\n|t:|1682528218\n|move|p1b: Iron Bundle|Freeze-Dry|p2a: Dragonite\n|-supereffective|p2a: Dragonite\n|-damage|p2a: Dragonite|0 fnt\n|faint|p2a: Dragonite\n|\n|win|spectacled eider\n|raw|spectacled eider's rating: 1594 → 1618<\/strong> (+24 for winning)\n|raw|GobranJoe's rating: 1660 → 1636<\/strong> (-24 for losing)\n|l|\u2606GobranJoe\n|l| DittoTang\n|l| Donnerfuss\n","uploadtime":1682528234,"views":19,"p1id":"spectacledeider","p2id":"gobranjoe","formatid":"gen9vgc2023regulationc","rating":1618,"private":0,"password":""}