{"id":"gen9vgc2023regulationc-1863228141","p1":"revocolombia","p2":"Itaker1ddl1n","format":"[Gen 9] VGC 2023 Regulation C","log":"|j|\u2606revocolombia\n|j|\u2606Itaker1ddl1n\n|t:|1683991017\n|gametype|doubles\n|player|p1|revocolombia|pokemonranger-gen4|1161\n|player|p2|Itaker1ddl1n|1|1074\n|teamsize|p1|6\n|teamsize|p2|6\n|gen|9\n|tier|[Gen 9] VGC 2023 Regulation C\n|rated|\n|rule|Species Clause: Limit one of each Pok\u00e9mon\n|rule|Item Clause: Limit one of each item\n|clearpoke\n|poke|p1|Flutter Mane, L50|\n|poke|p1|Garchomp, L50, F|\n|poke|p1|Dragonite, L50, M|\n|poke|p1|Chien-Pao, L50|\n|poke|p1|Murkrow, L50, M|\n|poke|p1|Gholdengo, L50|\n|poke|p2|Maushold-Four, L50|\n|poke|p2|Mimikyu, L50, F|\n|poke|p2|Orthworm, L50, M|\n|poke|p2|Garchomp, L50, F|\n|poke|p2|Talonflame, L50, F|\n|poke|p2|Chien-Pao, L50|\n|teampreview|4\n|\n|t:|1683991049\n|start\n|switch|p1a: Dragonite|Dragonite, L50, M|100\/100\n|switch|p1b: Chien-Pao|Chien-Pao, L50|100\/100\n|switch|p2a: Orthworm|Orthworm, L50, M|100\/100\n|switch|p2b: Garchomp|Garchomp, L50, F|100\/100\n|-ability|p1b: Chien-Pao|Sword of Ruin\n|turn|1\n|\n|t:|1683991066\n|move|p2b: Garchomp|Protect|p2b: Garchomp\n|-singleturn|p2b: Garchomp|Protect\n|move|p1b: Chien-Pao|Ice Spinner|p2b: Garchomp\n|-activate|p2b: Garchomp|move: Protect\n|move|p1a: Dragonite|Low Kick|p2a: Orthworm\n|-supereffective|p2a: Orthworm\n|-damage|p2a: Orthworm|12\/100\n|-enditem|p2a: Orthworm|Sitrus Berry|[eat]\n|-heal|p2a: Orthworm|37\/100|[from] item: Sitrus Berry\n|move|p2a: Orthworm|Body Press|p1b: Chien-Pao\n|-supereffective|p1b: Chien-Pao\n|-enditem|p1b: Chien-Pao|Focus Sash\n|-damage|p1b: Chien-Pao|1\/100\n|\n|upkeep\n|turn|2\n|\n|t:|1683991102\n|-terastallize|p2b: Garchomp|Fire\n|move|p1b: Chien-Pao|Ice Spinner|p2b: Garchomp\n|-resisted|p2b: Garchomp\n|-damage|p2b: Garchomp|70\/100\n|-damage|p1b: Chien-Pao|0 fnt|[from] ability: Rough Skin|[of] p2b: Garchomp\n|faint|p1b: Chien-Pao\n|move|p2b: Garchomp|Dragon Claw|p1a: Dragonite\n|-supereffective|p1a: Dragonite\n|-damage|p1a: Dragonite|54\/100\n|move|p1a: Dragonite|Dragon Dance|p1a: Dragonite\n|-boost|p1a: Dragonite|atk|1\n|-boost|p1a: Dragonite|spe|1\n|move|p2a: Orthworm|Body Press|p1a: Dragonite\n|-resisted|p1a: Dragonite\n|-damage|p1a: Dragonite|42\/100\n|\n|upkeep\n|\n|t:|1683991123\n|switch|p1b: Garchomp|Garchomp, L50, F|100\/100\n|turn|3\n|\n|t:|1683991140\n|move|p1a: Dragonite|Low Kick|p2a: Orthworm\n|-supereffective|p2a: Orthworm\n|-damage|p2a: Orthworm|0 fnt\n|faint|p2a: Orthworm\n|move|p2b: Garchomp|Earthquake|p1b: Garchomp|[spread] p1b\n|-immune|p1a: Dragonite\n|-damage|p1b: Garchomp|58\/100\n|move|p1b: Garchomp|Earthquake|p2b: Garchomp|[spread] p2b\n|-immune|p1a: Dragonite\n|-supereffective|p2b: Garchomp\n|-damage|p2b: Garchomp|0 fnt\n|faint|p2b: Garchomp\n|\n|upkeep\n|\n|t:|1683991151\n|switch|p2b: Chien-Pao|Chien-Pao, L50|100\/100\n|switch|p2a: Mimikyu|Mimikyu, L50, F, shiny|100\/100\n|-ability|p2b: Chien-Pao|Sword of Ruin\n|turn|4\n|\n|t:|1683991165\n|move|p1a: Dragonite|Extreme Speed|p2b: Chien-Pao\n|-damage|p2b: Chien-Pao|32\/100\n|move|p2b: Chien-Pao|Ice Spinner|p1a: Dragonite\n|-supereffective|p1a: Dragonite\n|-damage|p1a: Dragonite|0 fnt\n|faint|p1a: Dragonite\n|move|p2a: Mimikyu|Play Rough|p1b: Garchomp\n|-supereffective|p1b: Garchomp\n|-damage|p1b: Garchomp|0 fnt\n|-damage|p2a: Mimikyu|88\/100|[from] ability: Rough Skin|[of] p1b: Garchomp\n|faint|p1b: Garchomp\n|-damage|p2a: Mimikyu|78\/100|[from] item: Life Orb\n|\n|upkeep\n|\n|t:|1683991181\n|switch|p1b: Flutter Mane|Flutter Mane, L50|100\/100\n|-enditem|p1b: Flutter Mane|Booster Energy\n|-activate|p1b: Flutter Mane|ability: Protosynthesis|[fromitem]\n|-start|p1b: Flutter Mane|protosynthesisspe\n|turn|5\n|\n|t:|1683991189\n|-terastallize|p1b: Flutter Mane|Fairy\n|move|p2b: Chien-Pao|Sucker Punch|p1b: Flutter Mane\n|-resisted|p1b: Flutter Mane\n|-damage|p1b: Flutter Mane|59\/100\n|move|p2a: Mimikyu|Shadow Sneak|p1b: Flutter Mane\n|-damage|p1b: Flutter Mane|10\/100\n|-damage|p2a: Mimikyu|68\/100|[from] item: Life Orb\n|move|p1b: Flutter Mane|Dazzling Gleam|p2a: Mimikyu|[spread] p2a,p2b\n|-supereffective|p2b: Chien-Pao\n|-activate|p2a: Mimikyu|ability: Disguise\n|-damage|p2a: Mimikyu|68\/100\n|-damage|p2b: Chien-Pao|0 fnt\n|detailschange|p2a: Mimikyu|Mimikyu-Busted, L50, F, shiny\n|-damage|p2a: Mimikyu|56\/100|[from] pokemon: Mimikyu-Busted\n|faint|p2b: Chien-Pao\n|\n|upkeep\n|turn|6\n|\n|t:|1683991206\n|move|p2a: Mimikyu|Shadow Sneak|p1b: Flutter Mane\n|-damage|p1b: Flutter Mane|0 fnt\n|faint|p1b: Flutter Mane\n|-end|p1b: Flutter Mane|Protosynthesis|[silent]\n|-damage|p2a: Mimikyu|46\/100|[from] item: Life Orb\n|\n|win|Itaker1ddl1n\n|raw|revocolombia's rating: 1161 → 1129<\/strong> (-32 for losing)\n|raw|Itaker1ddl1n's rating: 1054 → 1095<\/strong> (+41 for winning)\n|l|\u2606Itaker1ddl1n\n","uploadtime":1683991213,"views":1,"p1id":"revocolombia","p2id":"itaker1ddl1n","formatid":"gen9vgc2023regulationc","rating":1095,"private":0,"password":""}