{"id":"gen9vgc2023regulationc-1860652658","p1":"GoatSteak","p2":"Piccolo Ruiz","format":"[Gen 9] VGC 2023 Regulation C","log":"|j|\u2606GoatSteak\n|j|\u2606Piccolo Ruiz\n|t:|1683662776\n|gametype|doubles\n|player|p1|GoatSteak|linebacker|1264\n|player|p2|Piccolo Ruiz|valerie|1334\n|teamsize|p1|6\n|teamsize|p2|6\n|gen|9\n|tier|[Gen 9] VGC 2023 Regulation C\n|rated|\n|rule|Species Clause: Limit one of each Pok\u00e9mon\n|rule|Item Clause: Limit one of each item\n|clearpoke\n|poke|p1|Torkoal, L50, F|\n|poke|p1|Lilligant, L50, F|\n|poke|p1|Armarouge, L50, M|\n|poke|p1|Indeedee-F, L50, F|\n|poke|p1|Ting-Lu, L50|\n|poke|p1|Hydreigon, L50, M|\n|poke|p2|Flutter Mane, L50|\n|poke|p2|Amoonguss, L50, F|\n|poke|p2|Gyarados, L50, F|\n|poke|p2|Chi-Yu, L50|\n|poke|p2|Ting-Lu, L50|\n|poke|p2|Baxcalibur, L50, F|\n|teampreview|4\n|inactive|Battle timer is ON: inactive players will automatically lose when time's up. (requested by Piccolo Ruiz)\n|inactive|Piccolo Ruiz has 60 seconds left.\nGoatSteak has agreed to open team sheets.\n|inactive|Piccolo Ruiz has 30 seconds left.\n|inactive|Piccolo Ruiz has 20 seconds left.\n|inactive|Piccolo Ruiz has 15 seconds left.\n|inactive|Piccolo Ruiz has 10 seconds left.\n|\n|t:|1683662860\n|start\n|switch|p1a: Indeedee|Indeedee-F, L50, F|100\/100\n|switch|p1b: Armarouge|Armarouge, L50, M|100\/100\n|switch|p2a: Katya|Baxcalibur, L50, F, shiny|100\/100\n|switch|p2b: Mo Heart|Chi-Yu, L50|100\/100\n|-ability|p2b: Mo Heart|Beads of Ruin\n|-fieldstart|move: Psychic Terrain|[from] ability: Psychic Surge|[of] p1a: Indeedee\n|turn|1\n|inactive|Piccolo Ruiz has 30 seconds left.\n|inactive|Piccolo Ruiz has 20 seconds left.\n|inactive|Piccolo Ruiz has 15 seconds left.\n|inactive|Piccolo Ruiz has 10 seconds left.\n|inactive|Piccolo Ruiz has 5 seconds left.\n|\n|t:|1683662910\n|move|p1a: Indeedee|Follow Me|p1a: Indeedee\n|-singleturn|p1a: Indeedee|move: Follow Me\n|move|p2b: Mo Heart|Nasty Plot|p2b: Mo Heart\n|-boost|p2b: Mo Heart|spa|2\n|move|p2a: Katya|Icicle Crash|p1a: Indeedee\n|-damage|p1a: Indeedee|31\/100\n|move|p1b: Armarouge|Trick Room|p1b: Armarouge\n|-fieldstart|move: Trick Room|[of] p1b: Armarouge\n|\n|upkeep\n|turn|2\n|\n|t:|1683662926\n|switch|p2a: Ting-Lu|Ting-Lu, L50|100\/100\n|-ability|p2a: Ting-Lu|Vessel of Ruin\n|-terastallize|p1a: Indeedee|Fairy\n|move|p2b: Mo Heart|Protect|p2b: Mo Heart\n|-singleturn|p2b: Mo Heart|Protect\n|move|p1b: Armarouge|Armor Cannon|p2b: Mo Heart\n|-activate|p2b: Mo Heart|move: Protect\n|move|p1a: Indeedee|Dazzling Gleam|p2b: Mo Heart|[spread] p2a\n|-activate|p2b: Mo Heart|move: Protect\n|-supereffective|p2a: Ting-Lu\n|-damage|p2a: Ting-Lu|80\/100\n|\n|upkeep\n|turn|3\n|inactive|Piccolo Ruiz has 30 seconds left.\n|inactive|Piccolo Ruiz has 20 seconds left.\n|\n|t:|1683662961\n|move|p2a: Ting-Lu|Stomping Tantrum|p1a: Indeedee\n|-damage|p1a: Indeedee|0 fnt\n|faint|p1a: Indeedee\n|move|p1b: Armarouge|Armor Cannon|p2b: Mo Heart\n|-resisted|p2b: Mo Heart\n|-damage|p2b: Mo Heart|70\/100\n|-unboost|p1b: Armarouge|def|1\n|-unboost|p1b: Armarouge|spd|1\n|-damage|p1b: Armarouge|91\/100|[from] item: Life Orb\n|move|p2b: Mo Heart|Dark Pulse|p1b: Armarouge\n|-supereffective|p1b: Armarouge\n|-damage|p1b: Armarouge|0 fnt\n|faint|p1b: Armarouge\n|\n|upkeep\n|\n|t:|1683662969\n|switch|p1b: Ting-Lu|Ting-Lu, L50|100\/100\n|switch|p1a: Torkoal|Torkoal, L50, F|100\/100\n|-weather|SunnyDay|[from] ability: Drought|[of] p1a: Torkoal\n|-ability|p1b: Ting-Lu|Vessel of Ruin\n|turn|4\n|inactive|Piccolo Ruiz has 30 seconds left.\n|\n|t:|1683662994\n|move|p2b: Mo Heart|Protect|p2b: Mo Heart\n|-singleturn|p2b: Mo Heart|Protect\n|move|p1a: Torkoal|Solar Beam||[still]\n|-prepare|p1a: Torkoal|Solar Beam\n|-anim|p1a: Torkoal|Solar Beam|p2a: Ting-Lu\n|-supereffective|p2a: Ting-Lu\n|-damage|p2a: Ting-Lu|45\/100\n|move|p1b: Ting-Lu|Body Press|p2b: Mo Heart\n|-activate|p2b: Mo Heart|move: Protect\n|move|p2a: Ting-Lu|Stomping Tantrum|p1a: Torkoal\n|-supereffective|p1a: Torkoal\n|-damage|p1a: Torkoal|55\/100\n|\n|-weather|SunnyDay|[upkeep]\n|-heal|p1a: Torkoal|62\/100|[from] item: Leftovers\n|upkeep\n|turn|5\n|inactive|Piccolo Ruiz has 30 seconds left.\n|inactive|Piccolo Ruiz has 20 seconds left.\n|inactive|Piccolo Ruiz has 15 seconds left.\n|\n|t:|1683663037\n|switch|p2b: Bianca|Gyarados, L50, F, shiny|100\/100\n|-ability|p2b: Bianca|Intimidate|boost\n|-unboost|p1a: Torkoal|atk|1\n|-unboost|p1b: Ting-Lu|atk|1\n|move|p1a: Torkoal|Solar Beam||[still]\n|-prepare|p1a: Torkoal|Solar Beam\n|-anim|p1a: Torkoal|Solar Beam|p2a: Ting-Lu\n|-supereffective|p2a: Ting-Lu\n|-damage|p2a: Ting-Lu|20\/100\n|move|p1b: Ting-Lu|Body Press|p2b: Bianca\n|-resisted|p2b: Bianca\n|-damage|p2b: Bianca|87\/100\n|move|p2a: Ting-Lu|Ruination|p1b: Ting-Lu\n|-damage|p1b: Ting-Lu|50\/100\n|\n|-weather|SunnyDay|[upkeep]\n|-heal|p1a: Torkoal|68\/100|[from] item: Leftovers\n|-fieldend|move: Trick Room\n|-fieldend|move: Psychic Terrain\n|upkeep\n|turn|6\n|inactive|GoatSteak has 30 seconds left.\n|inactive|Piccolo Ruiz has 30 seconds left.\n|inactive|Piccolo Ruiz has 20 seconds left.\n|\n|t:|1683663074\n|move|p2b: Bianca|Waterfall|p1b: Ting-Lu\n|-supereffective|p1b: Ting-Lu\n|-damage|p1b: Ting-Lu|36\/100\n|-damage|p2b: Bianca|70\/100|[from] item: Rocky Helmet|[of] p1b: Ting-Lu\n|move|p2a: Ting-Lu|Stomping Tantrum|p1a: Torkoal\n|-supereffective|p1a: Torkoal\n|-damage|p1a: Torkoal|17\/100\n|move|p1b: Ting-Lu|Throat Chop|p2b: Bianca\n|-damage|p2b: Bianca|51\/100\n|-start|p2b: Bianca|Throat Chop|[silent]\n|move|p1a: Torkoal|Eruption|p2b: Bianca|[spread] p2a,p2b\n|-resisted|p2b: Bianca\n|-damage|p2a: Ting-Lu|15\/100\n|-damage|p2b: Bianca|48\/100\n|\n|-weather|SunnyDay|[upkeep]\n|-heal|p1a: Torkoal|23\/100|[from] item: Leftovers\n|upkeep\n|turn|7\n|-message|GoatSteak forfeited.\n|\n|win|Piccolo Ruiz\n|raw|GoatSteak's rating: 1264 → 1244<\/strong> (-20 for losing)\n|raw|Piccolo Ruiz's rating: 1334 → 1350<\/strong> (+16 for winning)\n|l|\u2606GoatSteak\n","uploadtime":1683663094,"views":14,"p1id":"goatsteak","p2id":"piccoloruiz","formatid":"gen9vgc2023regulationc","rating":1244,"private":0,"password":""}