{"id":"gen9vgc2023regulationc-1848005865","p1":"zimbabwexmozambik","p2":"MacNPlz","format":"[Gen 9] VGC 2023 Regulation C","log":"|j|\u2606zimbabwexmozambik\n|j|\u2606MacNPlz\n|t:|1682020010\n|gametype|doubles\n|player|p1|zimbabwexmozambik|greta-gen3|\n|player|p2|MacNPlz|morty|\n|teamsize|p1|6\n|teamsize|p2|6\n|gen|9\n|tier|[Gen 9] VGC 2023 Regulation C\n|rule|Species Clause: Limit one of each Pok\u00e9mon\n|rule|Item Clause: Limit one of each item\n|clearpoke\n|poke|p1|Palafin, L50, M|\n|poke|p1|Chien-Pao, L50|\n|poke|p1|Amoonguss, L50, M|\n|poke|p1|Flutter Mane, L50|\n|poke|p1|Scizor, L50, M|\n|poke|p1|Dragonite, L50, M|\n|poke|p2|Glimmora, L50, F|\n|poke|p2|Tsareena, L50, F|\n|poke|p2|Iron Bundle, L50|\n|poke|p2|Chi-Yu, L50|\n|poke|p2|Talonflame, L50, F|\n|poke|p2|Scizor, L50, F|\n|teampreview|4\nMacNPlz rejected open team sheets.\n|\n|t:|1682020060\n|start\n|switch|p1a: Flutter Mane|Flutter Mane, L50, shiny|100\/100\n|switch|p1b: Chien-Pao|Chien-Pao, L50|100\/100\n|switch|p2a: Talonflame|Talonflame, L50, F|100\/100\n|switch|p2b: Chi-Yu|Chi-Yu, L50|100\/100\n|-ability|p1b: Chien-Pao|Sword of Ruin\n|-ability|p2b: Chi-Yu|Beads of Ruin\n|-enditem|p1a: Flutter Mane|Booster Energy\n|-activate|p1a: Flutter Mane|ability: Protosynthesis|[fromitem]\n|-start|p1a: Flutter Mane|protosynthesisspa\n|turn|1\n|\n|t:|1682020079\n|-terastallize|p1a: Flutter Mane|Fairy\n|-terastallize|p2b: Chi-Yu|Fire\n|move|p1b: Chien-Pao|Protect|p1b: Chien-Pao\n|-singleturn|p1b: Chien-Pao|Protect\n|move|p2a: Talonflame|Tailwind|p2a: Talonflame\n|-sidestart|p2: MacNPlz|move: Tailwind\n|move|p2b: Chi-Yu|Heat Wave|p1b: Chien-Pao|[spread] \n|-activate|p1b: Chien-Pao|move: Protect\n|-miss|p2b: Chi-Yu|p1a: Flutter Mane\n|move|p1a: Flutter Mane|Dazzling Gleam|p2b: Chi-Yu|[spread] p2a,p2b\n|-resisted|p2a: Talonflame\n|-resisted|p2b: Chi-Yu\n|-damage|p2a: Talonflame|56\/100\n|-damage|p2b: Chi-Yu|75\/100\n|\n|upkeep\n|turn|2\n|\n|t:|1682020102\n|switch|p2b: Iron Bundle|Iron Bundle, L50|100\/100\n|-enditem|p2b: Iron Bundle|Booster Energy\n|-activate|p2b: Iron Bundle|ability: Quark Drive|[fromitem]\n|-start|p2b: Iron Bundle|quarkdrivespe\n|move|p1a: Flutter Mane|Protect|p1a: Flutter Mane\n|-singleturn|p1a: Flutter Mane|Protect\n|move|p1b: Chien-Pao|Sucker Punch||[still]\n|-fail|p1b: Chien-Pao\n|move|p2a: Talonflame|Brave Bird|p1a: Flutter Mane\n|-activate|p1a: Flutter Mane|move: Protect\n|\n|upkeep\n|turn|3\n|\n|t:|1682020132\n|move|p1b: Chien-Pao|Sucker Punch|p2a: Talonflame\n|-damage|p2a: Talonflame|2\/100\n|move|p2b: Iron Bundle|Icy Wind|p1a: Flutter Mane|[spread] p1a,p1b\n|-resisted|p1b: Chien-Pao\n|-damage|p1a: Flutter Mane|83\/100\n|-damage|p1b: Chien-Pao|83\/100\n|-unboost|p1a: Flutter Mane|spe|1\n|-unboost|p1b: Chien-Pao|spe|1\n|move|p2a: Talonflame|Brave Bird|p1a: Flutter Mane\n|-damage|p1a: Flutter Mane|0 fnt\n|faint|p1a: Flutter Mane\n|-end|p1a: Flutter Mane|Protosynthesis|[silent]\n|-damage|p2a: Talonflame|0 fnt|[from] Recoil\n|faint|p2a: Talonflame\n|\n|upkeep\n|\n|t:|1682020150\n|switch|p1a: Scizor|Scizor, L50, M|100\/100\n|switch|p2a: Chi-Yu|Chi-Yu, L50, tera:Fire|75\/100\n|-ability|p2a: Chi-Yu|Beads of Ruin\n|turn|4\n|\n|t:|1682020155\n|-end|p2b: Iron Bundle|Quark Drive|[silent]\n|switch|p2b: Tsareena|Tsareena, L50, F|100\/100\n|switch|p1b: Dragonite|Dragonite, L50, M|100\/100\n|move|p1a: Scizor|Protect|p1a: Scizor\n|-singleturn|p1a: Scizor|Protect\n|move|p2a: Chi-Yu|Heat Wave|p1b: Dragonite|[spread] p1b\n|-activate|p1a: Scizor|move: Protect\n|-resisted|p1b: Dragonite\n|-damage|p1b: Dragonite|72\/100\n|\n|-sideend|p2: MacNPlz|move: Tailwind\n|upkeep\n|turn|5\n|\n|t:|1682020172\n|switch|p2a: Iron Bundle|Iron Bundle, L50|100\/100\n|move|p1a: Scizor|Protect||[still]\n|-fail|p1a: Scizor\n|move|p1b: Dragonite|Stomping Tantrum|p2a: Iron Bundle\n|-damage|p2a: Iron Bundle|46\/100\n|move|p2b: Tsareena|U-turn|p1b: Dragonite\n|-resisted|p1b: Dragonite\n|-damage|p1b: Dragonite|62\/100\n|\n|t:|1682020174\n|switch|p2b: Chi-Yu|Chi-Yu, L50, tera:Fire|75\/100|[from] U-turn\n|-ability|p2b: Chi-Yu|Beads of Ruin\n|\n|upkeep\n|turn|6\n|\n|t:|1682020199\n|move|p1a: Scizor|Bullet Punch|p2a: Iron Bundle\n|-damage|p2a: Iron Bundle|0 fnt\n|faint|p2a: Iron Bundle\n|-end|p2a: Iron Bundle|Quark Drive|[silent]\n|-damage|p1a: Scizor|91\/100|[from] item: Life Orb\n|move|p2b: Chi-Yu|Heat Wave|p1a: Scizor|[spread] p1a,p1b\n|-supereffective|p1a: Scizor\n|-resisted|p1b: Dragonite\n|-damage|p1a: Scizor|0 fnt\n|-damage|p1b: Dragonite|3\/100\n|faint|p1a: Scizor\n|move|p1b: Dragonite|Stomping Tantrum|p2b: Chi-Yu\n|-supereffective|p2b: Chi-Yu\n|-damage|p2b: Chi-Yu|0 fnt\n|faint|p2b: Chi-Yu\n|\n|upkeep\n|\n|t:|1682020208\n|switch|p2b: Tsareena|Tsareena, L50, F|100\/100\n|switch|p1a: Chien-Pao|Chien-Pao, L50|83\/100\n|-ability|p1a: Chien-Pao|Sword of Ruin\n|turn|7\n|\n|t:|1682020215\n|move|p1a: Chien-Pao|Ice Spinner|p2b: Tsareena\n|-supereffective|p2b: Tsareena\n|-damage|p2b: Tsareena|0 fnt\n|faint|p2b: Tsareena\n|\n|win|zimbabwexmozambik\n|l|\u2606MacNPlz\n","uploadtime":1682020221,"views":13,"p1id":"zimbabwexmozambik","p2id":"macnplz","formatid":"gen9vgc2023regulationc","rating":0,"private":0,"password":""}