{"id":"gen9vgc2023regulationc-1853453583","p1":"lin7482","p2":"Il Mule","format":"[Gen 9] VGC 2023 Regulation C","log":"|j|\u203dlin7482\n|j|\u2606Il Mule\n|t:|1682686779\n|gametype|doubles\n|player|p1|lin7482|170|1714\n|player|p2|Il Mule|youngster-gen4dp|1730\n|teamsize|p1|6\n|teamsize|p2|6\n|gen|9\n|tier|[Gen 9] VGC 2023 Regulation C\n|rated|\n|rule|Species Clause: Limit one of each Pok\u00e9mon\n|rule|Item Clause: Limit one of each item\n|clearpoke\n|poke|p1|Dondozo, L50, M|\n|poke|p1|Ting-Lu, L50|\n|poke|p1|Arcanine, L50, F|\n|poke|p1|Tatsugiri, L50, F|\n|poke|p1|Flutter Mane, L50|\n|poke|p1|Maushold, L50|\n|poke|p2|Great Tusk, L50|\n|poke|p2|Azumarill, L50, M|\n|poke|p2|Chi-Yu, L50|\n|poke|p2|Iron Bundle, L50|\n|poke|p2|Brute Bonnet, L50|\n|poke|p2|Flutter Mane, L50|\n|teampreview|4\nIl Mule has agreed to open team sheets.\n|j| Kwbdlhisq\n|inactive|Battle timer is ON: inactive players will automatically lose when time's up. (requested by lin7482)\n|\n|t:|1682686816\n|start\n|switch|p1a: Arcanine|Arcanine, L50, F|100\/100\n|switch|p1b: Dondozo|Dondozo, L50, M|100\/100\n|switch|p2a: Bando|Iron Bundle, L50|100\/100\n|switch|p2b: Tasconi|Great Tusk, L50|100\/100\n|-ability|p1a: Arcanine|Intimidate|boost\n|-unboost|p2a: Bando|atk|1\n|-unboost|p2b: Tasconi|atk|1\n|-enditem|p2a: Bando|Booster Energy\n|-activate|p2a: Bando|ability: Quark Drive|[fromitem]\n|-start|p2a: Bando|quarkdrivespe\n|turn|1\n|\n|t:|1682686834\n|-end|p2b: Tasconi|Protosynthesis|[silent]\n|switch|p2b: Occhialoni|Flutter Mane, L50|100\/100\n|-terastallize|p1a: Arcanine|Flying\n|move|p2a: Bando|Protect|p2a: Bando\n|-singleturn|p2a: Bando|Protect\n|move|p1a: Arcanine|Will-O-Wisp|p2b: Occhialoni\n|-status|p2b: Occhialoni|brn\n|move|p1b: Dondozo|Yawn|p2a: Bando\n|-activate|p2a: Bando|move: Protect\n|\n|-damage|p2b: Occhialoni|94\/100 brn|[from] brn\n|upkeep\n|turn|2\n|j| wrgedwa\n|\n|t:|1682686855\n|move|p2a: Bando|Freeze-Dry|p1b: Dondozo\n|-supereffective|p1b: Dondozo\n|-damage|p1b: Dondozo|55\/100\n|move|p2b: Occhialoni|Dazzling Gleam|p1b: Dondozo|[spread] p1a,p1b\n|-damage|p1a: Arcanine|55\/100\n|-damage|p1b: Dondozo|19\/100\n|move|p1a: Arcanine|Morning Sun|p1a: Arcanine\n|-heal|p1a: Arcanine|100\/100\n|move|p1b: Dondozo|Heavy Slam|p2b: Occhialoni\n|-supereffective|p2b: Occhialoni\n|-damage|p2b: Occhialoni|0 fnt\n|faint|p2b: Occhialoni\n|-end|p2b: Occhialoni|Protosynthesis|[silent]\n|\n|-heal|p1b: Dondozo|25\/100|[from] item: Leftovers\n|upkeep\n|j| LC77777\n|\n|t:|1682686867\n|switch|p2b: Tasconi|Great Tusk, L50|100\/100\n|turn|3\n|\n|t:|1682686874\n|move|p2a: Bando|Freeze-Dry|p1a: Arcanine\n|-supereffective|p1a: Arcanine\n|-crit|p1a: Arcanine\n|-damage|p1a: Arcanine|2\/100\n|move|p1a: Arcanine|Will-O-Wisp|p2b: Tasconi\n|-status|p2b: Tasconi|brn\n|move|p2b: Tasconi|Rock Slide|p1a: Arcanine|[spread] p1a,p1b\n|-supereffective|p1a: Arcanine\n|-damage|p1a: Arcanine|0 fnt\n|-damage|p1b: Dondozo|19\/100\n|faint|p1a: Arcanine\n|cant|p1b: Dondozo|flinch\n|\n|-heal|p1b: Dondozo|25\/100|[from] item: Leftovers\n|-damage|p2b: Tasconi|95\/100 brn|[from] brn\n|upkeep\n|\n|t:|1682686890\n|switch|p1a: Flutter Mane|Flutter Mane, L50|100\/100\n|-enditem|p1a: Flutter Mane|Booster Energy\n|-activate|p1a: Flutter Mane|ability: Protosynthesis|[fromitem]\n|-start|p1a: Flutter Mane|protosynthesisspe\n|turn|4\n|\n|t:|1682686913\n|move|p2a: Bando|Protect|p2a: Bando\n|-singleturn|p2a: Bando|Protect\n|move|p1a: Flutter Mane|Moonblast|p2b: Tasconi\n|-supereffective|p2b: Tasconi\n|-damage|p2b: Tasconi|0 fnt\n|faint|p2b: Tasconi\n|-end|p2b: Tasconi|Protosynthesis|[silent]\n|move|p1b: Dondozo|Yawn|p2a: Bando\n|-activate|p2a: Bando|move: Protect\n|\n|-heal|p1b: Dondozo|32\/100|[from] item: Leftovers\n|upkeep\n|\n|t:|1682686918\n|switch|p2b: Tu quoque|Brute Bonnet, L50|100\/100\n|turn|5\n|\n|t:|1682686935\n|-terastallize|p2a: Bando|Steel\n|move|p2a: Bando|Freeze-Dry|p1b: Dondozo\n|-supereffective|p1b: Dondozo\n|-damage|p1b: Dondozo|0 fnt\n|faint|p1b: Dondozo\n|move|p1a: Flutter Mane|Moonblast|p2a: Bando\n|-resisted|p2a: Bando\n|-damage|p2a: Bando|58\/100\n|move|p2b: Tu quoque|Spore|p1a: Flutter Mane\n|-status|p1a: Flutter Mane|slp|[from] move: Spore\n|\n|upkeep\n|\n|t:|1682686946\n|switch|p1b: Maushold|Maushold, L50|100\/100\n|turn|6\n|\n|t:|1682686960\n|move|p2b: Tu quoque|Sucker Punch|p1b: Maushold\n|-damage|p1b: Maushold|46\/100\n|move|p2a: Bando|Hydro Pump|p1b: Maushold|[miss]\n|-miss|p2a: Bando|p1b: Maushold\n|cant|p1a: Flutter Mane|slp\n|move|p1b: Maushold|Population Bomb|p2b: Tu quoque\n|-damage|p2b: Tu quoque|91\/100\n|-damage|p2b: Tu quoque|80\/100\n|-damage|p2b: Tu quoque|70\/100\n|-damage|p2b: Tu quoque|59\/100\n|-damage|p2b: Tu quoque|49\/100\n|-damage|p2b: Tu quoque|38\/100\n|-damage|p2b: Tu quoque|28\/100\n|-damage|p2b: Tu quoque|18\/100\n|-damage|p2b: Tu quoque|6\/100\n|-damage|p2b: Tu quoque|0 fnt\n|faint|p2b: Tu quoque\n|-end|p2b: Tu quoque|Protosynthesis|[silent]\n|-hitcount|p2: Tu quoque|10\n|\n|upkeep\n|turn|7\n|j| Therazer456\n|j| lampis97\n|\n|t:|1682686969\n|move|p2a: Bando|Hydro Pump|p1a: Flutter Mane\n|-damage|p1a: Flutter Mane|44\/100 slp\n|cant|p1a: Flutter Mane|slp\n|move|p1b: Maushold|Population Bomb|p2a: Bando\n|-resisted|p2a: Bando\n|-damage|p2a: Bando|52\/100\n|-resisted|p2a: Bando\n|-damage|p2a: Bando|45\/100\n|-resisted|p2a: Bando\n|-damage|p2a: Bando|38\/100\n|-resisted|p2a: Bando\n|-damage|p2a: Bando|32\/100\n|-hitcount|p2a: Bando|4\n|\n|upkeep\n|turn|8\n|\n|t:|1682686980\n|move|p2a: Bando|Hydro Pump|p1a: Flutter Mane|[miss]\n|-miss|p2a: Bando|p1a: Flutter Mane\n|cant|p1a: Flutter Mane|slp\n|move|p1b: Maushold|Population Bomb|p2a: Bando\n|-resisted|p2a: Bando\n|-damage|p2a: Bando|24\/100\n|-resisted|p2a: Bando\n|-damage|p2a: Bando|17\/100\n|-resisted|p2a: Bando\n|-damage|p2a: Bando|10\/100\n|-resisted|p2a: Bando\n|-damage|p2a: Bando|3\/100\n|-resisted|p2a: Bando\n|-damage|p2a: Bando|0 fnt\n|faint|p2a: Bando\n|-end|p2a: Bando|Quark Drive|[silent]\n|-hitcount|p2: Bando|5\n|\n|win|lin7482\n|raw|lin7482's rating: 1714 → 1735<\/strong> (+21 for winning)\n|raw|Il Mule's rating: 1730 → 1709<\/strong> (-21 for losing)\n","uploadtime":1682686983,"views":12,"p1id":"lin7482","p2id":"ilmule","formatid":"gen9vgc2023regulationc","rating":1709,"private":0,"password":""}