{"id":"gen9vgc2023regulationc-1861163512","p1":"Loafus06","p2":"teamskull_testing","format":"[Gen 9] VGC 2023 Regulation C","log":"|j|\u2606Loafus06\n|j|\u2606teamskull_testing\n|t:|1683732136\n|gametype|doubles\n|player|p1|Loafus06|burnet|1268\n|player|p2|teamskull_testing|guzma-masters|1274\n|teamsize|p1|6\n|teamsize|p2|6\n|gen|9\n|tier|[Gen 9] VGC 2023 Regulation C\n|rated|\n|rule|Species Clause: Limit one of each Pok\u00e9mon\n|rule|Item Clause: Limit one of each item\n|clearpoke\n|poke|p1|Abomasnow, L50, F|\n|poke|p1|Ceruledge, L50, M|\n|poke|p1|Iron Bundle, L50|\n|poke|p1|Salamence, L50, M|\n|poke|p1|Tinkaton, L50, F|\n|poke|p1|Chi-Yu, L50|\n|poke|p2|Chien-Pao, L50|\n|poke|p2|Corviknight, L50, F|\n|poke|p2|Garchomp, L50, M|\n|poke|p2|Flutter Mane, L50|\n|poke|p2|Ceruledge, L50, F|\n|poke|p2|Amoonguss, L50, M|\n|teampreview|4\n|inactive|Battle timer is ON: inactive players will automatically lose when time's up. (requested by Loafus06)\nteamskull_testing has agreed to open team sheets.\n|\n|t:|1683732163\n|start\n|switch|p1a: Iron Bundle|Iron Bundle, L50|100\/100\n|switch|p1b: Abomasnow|Abomasnow, L50, F|100\/100\n|switch|p2a: THE FUNGUS|Amoonguss, L50, M|100\/100\n|switch|p2b: PURPLE GUY???|Ceruledge, L50, F|100\/100\n|-weather|Snow|[from] ability: Snow Warning|[of] p1b: Abomasnow\n|-enditem|p1a: Iron Bundle|Booster Energy\n|-activate|p1a: Iron Bundle|ability: Quark Drive|[fromitem]\n|-start|p1a: Iron Bundle|quarkdrivespe\n|turn|1\n|\n|t:|1683732174\n|switch|p1b: Ceruledge|Ceruledge, L50, M|100\/100\n|move|p2a: THE FUNGUS|Rage Powder|p2a: THE FUNGUS\n|-singleturn|p2a: THE FUNGUS|move: Rage Powder\n|move|p1a: Iron Bundle|Blizzard|p2b: PURPLE GUY???|[spread] p2a,p2b\n|-supereffective|p2a: THE FUNGUS\n|-resisted|p2b: PURPLE GUY???\n|-damage|p2a: THE FUNGUS|29\/100\n|-damage|p2b: PURPLE GUY???|81\/100\n|move|p2b: PURPLE GUY???|Swords Dance|p2b: PURPLE GUY???\n|-boost|p2b: PURPLE GUY???|atk|2\n|\n|-weather|Snow|[upkeep]\n|upkeep\n|turn|2\n|inactive|Loafus06 has 30 seconds left.\n|\n|t:|1683732200\n|move|p1a: Iron Bundle|Protect|p1a: Iron Bundle\n|-singleturn|p1a: Iron Bundle|Protect\n|move|p2a: THE FUNGUS|Rage Powder|p2a: THE FUNGUS\n|-singleturn|p2a: THE FUNGUS|move: Rage Powder\n|move|p1b: Ceruledge|Bitter Blade|p2a: THE FUNGUS\n|-supereffective|p2a: THE FUNGUS\n|-enditem|p2a: THE FUNGUS|Occa Berry|[eat]\n|-enditem|p2a: THE FUNGUS|Occa Berry|[weaken]\n|-damage|p2a: THE FUNGUS|0 fnt\n|faint|p2a: THE FUNGUS\n|move|p2b: PURPLE GUY???|Bitter Blade|p1a: Iron Bundle\n|-activate|p1a: Iron Bundle|move: Protect\n|\n|-weather|Snow|[upkeep]\n|upkeep\n|\n|t:|1683732205\n|switch|p2a: Butter Man|Flutter Mane, L50|100\/100\n|turn|3\n|\n|t:|1683732214\n|-terastallize|p1a: Iron Bundle|Ice\n|move|p2a: Butter Man|Protect|p2a: Butter Man\n|-singleturn|p2a: Butter Man|Protect\n|move|p1b: Ceruledge|Shadow Sneak|p2a: Butter Man\n|-activate|p2a: Butter Man|move: Protect\n|move|p1a: Iron Bundle|Blizzard|p2b: PURPLE GUY???|[spread] p2b\n|-activate|p2a: Butter Man|move: Protect\n|-resisted|p2b: PURPLE GUY???\n|-damage|p2b: PURPLE GUY???|53\/100\n|-status|p2b: PURPLE GUY???|frz\n|cant|p2b: PURPLE GUY???|frz\n|\n|-weather|Snow|[upkeep]\n|upkeep\n|turn|4\n|c|\u2606teamskull_testing|Dayum\n|\n|t:|1683732236\n|move|p1b: Ceruledge|Shadow Sneak|p2b: PURPLE GUY???\n|-supereffective|p2b: PURPLE GUY???\n|-damage|p2b: PURPLE GUY???|3\/100 frz\n|move|p1a: Iron Bundle|Blizzard|p2b: PURPLE GUY???|[spread] p2a,p2b\n|-resisted|p2b: PURPLE GUY???\n|-damage|p2a: Butter Man|44\/100\n|-damage|p2b: PURPLE GUY???|0 fnt\n|faint|p2b: PURPLE GUY???\n|move|p2a: Butter Man|Shadow Ball|p1b: Ceruledge\n|-supereffective|p1b: Ceruledge\n|-crit|p1b: Ceruledge\n|-damage|p1b: Ceruledge|0 fnt\n|faint|p1b: Ceruledge\n|\n|-weather|Snow|[upkeep]\n|upkeep\n|c|\u2606Loafus06|whoops\n|c|\u2606teamskull_testing|All good, these things happen\n|\n|t:|1683732249\n|switch|p1b: Abomasnow|Abomasnow, L50, F|100\/100\n|switch|p2b: The Shrak|Garchomp, L50, M|100\/100\n|turn|5\n|c|\u2606Loafus06|just pokemon things\n|\n|t:|1683732261\n|-terastallize|p2b: The Shrak|Fire\n|move|p1a: Iron Bundle|Blizzard|p2b: The Shrak|[spread] p2a,p2b\n|-resisted|p2b: The Shrak\n|-damage|p2a: Butter Man|0 fnt\n|-damage|p2b: The Shrak|73\/100\n|-status|p2b: The Shrak|frz\n|faint|p2a: Butter Man\n|-end|p2a: Butter Man|Protosynthesis|[silent]\n|-curestatus|p2b: The Shrak|frz|[msg]\n|move|p2b: The Shrak|Rock Slide|p1b: Abomasnow|[spread] p1a,p1b\n|-supereffective|p1a: Iron Bundle\n|-supereffective|p1b: Abomasnow\n|-damage|p1a: Iron Bundle|67\/100\n|-damage|p1b: Abomasnow|71\/100\n|cant|p1b: Abomasnow|flinch\n|\n|-weather|none\n|upkeep\n|turn|6\n|c|\u2606teamskull_testing|Yessir\n|c|\u2606Loafus06|BRUH\n|c|\u2606teamskull_testing|That one doesnt count lmao\n|c|\u2606Loafus06|still cursed\n|inactive|Loafus06 has 30 seconds left.\n|\n|t:|1683732286\n|move|p1a: Iron Bundle|Hydro Pump|p2b: The Shrak|[miss]\n|-miss|p1a: Iron Bundle|p2b: The Shrak\n|move|p2b: The Shrak|Rock Slide|p1b: Abomasnow|[spread] p1a,p1b\n|-supereffective|p1a: Iron Bundle\n|-supereffective|p1b: Abomasnow\n|-damage|p1a: Iron Bundle|12\/100\n|-damage|p1b: Abomasnow|25\/100\n|move|p1b: Abomasnow|Blizzard|p2b: The Shrak|[miss]\n|-miss|p1b: Abomasnow|p2b: The Shrak\n|\n|upkeep\n|turn|7\n|\n|t:|1683732299\n|move|p1a: Iron Bundle|Hydro Pump|p2b: The Shrak\n|-supereffective|p2b: The Shrak\n|-damage|p2b: The Shrak|0 fnt\n|faint|p2b: The Shrak\n|\n|win|Loafus06\n|raw|Loafus06's rating: 1268 → 1293<\/strong> (+25 for winning)\n|raw|teamskull_testing's rating: 1274 → 1249<\/strong> (-25 for losing)\n|c|\u2606teamskull_testing|Sometimes you roll the dice\n|c|\u2606Loafus06|that was a game\n|c|\u2606Loafus06|gg\n|c|\u2606teamskull_testing|Others the dice rolls you\n|c|\u2606teamskull_testing|gg\n","uploadtime":1683732313,"views":7,"p1id":"loafus06","p2id":"teamskulltesting","formatid":"gen9vgc2023regulationc","rating":1249,"private":0,"password":""}