{"id":"gen9vgc2023regulationc-1845567995","p1":"Tairasan","p2":"danthek84","format":"[Gen 9] VGC 2023 Regulation C","log":"|j|\u2606Tairasan\n|j|\u2606danthek84\n|t:|1681745716\n|gametype|doubles\n|player|p1|Tairasan|janitor|1135\n|player|p2|danthek84|102|1121\n|teamsize|p1|6\n|teamsize|p2|6\n|gen|9\n|tier|[Gen 9] VGC 2023 Regulation C\n|rated|\n|rule|Species Clause: Limit one of each Pok\u00e9mon\n|rule|Item Clause: Limit one of each item\n|clearpoke\n|poke|p1|Ting-Lu, L50|\n|poke|p1|Scream Tail, L50|\n|poke|p1|Amoonguss, L50, F|\n|poke|p1|Baxcalibur, L50, M|\n|poke|p1|Glimmora, L50, M|\n|poke|p1|Palafin, L50, M|\n|poke|p2|Palafin, L50, M|\n|poke|p2|Arcanine, L50, M|\n|poke|p2|Amoonguss, L50, F|\n|poke|p2|Flutter Mane, L50|\n|poke|p2|Tsareena, L50, F|\n|poke|p2|Ting-Lu, L50|\n|teampreview|4\n|inactive|Battle timer is ON: inactive players will automatically lose when time's up. (requested by danthek84)\n|inactive|Tairasan has 60 seconds left.\n|\n|t:|1681745770\n|start\n|switch|p1a: Glimmora|Glimmora, L50, M|100\/100\n|switch|p1b: Palafin|Palafin, L50, M|100\/100\n|switch|p2a: Palafin|Palafin, L50, M|100\/100\n|switch|p2b: Amoonguss|Amoonguss, L50, F|100\/100\n|turn|1\n|inactive|Tairasan has 30 seconds left.\n|\n|t:|1681745798\n|detailschange|p1b: Palafin|Palafin-Hero, L50, M\n|switch|p1b: Amoonguss|Amoonguss, L50, F|100\/100\n|detailschange|p2a: Palafin|Palafin-Hero, L50, M\n|switch|p2a: Ting-Lu|Ting-Lu, L50|100\/100\n|-ability|p2a: Ting-Lu|Vessel of Ruin\n|move|p1a: Glimmora|Energy Ball|p2a: Ting-Lu\n|-supereffective|p2a: Ting-Lu\n|-damage|p2a: Ting-Lu|64\/100\n|move|p2b: Amoonguss|Spore|p1a: Glimmora\n|-status|p1a: Glimmora|slp|[from] move: Spore\n|\n|upkeep\n|turn|2\n|inactive|Tairasan has 30 seconds left.\n|\n|t:|1681745829\n|cant|p1a: Glimmora|slp\n|move|p2a: Ting-Lu|Fissure|p1b: Amoonguss|[miss]\n|-miss|p2a: Ting-Lu|p1b: Amoonguss\n|move|p1b: Amoonguss|Spore|p2a: Ting-Lu\n|-status|p2a: Ting-Lu|slp|[from] move: Spore\n|move|p2b: Amoonguss|Pollen Puff|p2a: Ting-Lu\n|-heal|p2a: Ting-Lu|100\/100 slp\n|\n|upkeep\n|turn|3\n|inactive|Tairasan has 30 seconds left.\n|\n|t:|1681745861\n|switch|p1a: Baxcalibur|Baxcalibur, L50, M|100\/100\n|switch|p1b: Palafin|Palafin-Hero, L50, M|100\/100\n|-activate|p1b: Palafin|ability: Zero to Hero\n|cant|p2a: Ting-Lu|slp\n|move|p2b: Amoonguss|Spore|p1a: Baxcalibur\n|-status|p1a: Baxcalibur|slp|[from] move: Spore\n|\n|upkeep\n|turn|4\n|\n|t:|1681745885\n|-terastallize|p1b: Palafin|Water\n|move|p1b: Palafin|Wave Crash|p2a: Ting-Lu\n|-supereffective|p2a: Ting-Lu\n|-damage|p2a: Ting-Lu|0 fnt\n|faint|p2a: Ting-Lu\n|-damage|p1b: Palafin|60\/100|[from] Recoil\n|cant|p1a: Baxcalibur|slp\n|move|p2b: Amoonguss|Spore|p1b: Palafin\n|-status|p1b: Palafin|slp|[from] move: Spore\n|\n|upkeep\n|\n|t:|1681745899\n|switch|p2a: Arcanine|Arcanine, L50, M|100\/100\n|-ability|p2a: Arcanine|Intimidate|boost\n|-unboost|p1a: Baxcalibur|atk|1\n|-unboost|p1b: Palafin|atk|1\n|turn|5\n|\n|t:|1681745918\n|switch|p1a: Glimmora|Glimmora, L50, M|100\/100 slp\n|switch|p2b: Palafin|Palafin-Hero, L50, M|100\/100\n|-activate|p2b: Palafin|ability: Zero to Hero\n|cant|p1b: Palafin|slp\n|move|p2a: Arcanine|Flare Blitz|p1a: Glimmora\n|-resisted|p1a: Glimmora\n|-damage|p1a: Glimmora|63\/100 slp\n|-activate|p1a: Glimmora|ability: Toxic Debris\n|-sidestart|p2: danthek84|move: Toxic Spikes\n|-damage|p2a: Arcanine|89\/100|[from] Recoil\n|\n|upkeep\n|turn|6\n|inactive|Tairasan has 30 seconds left.\n|\n|t:|1681745947\n|switch|p1a: Amoonguss|Amoonguss, L50, F|100\/100\n|-terastallize|p2a: Arcanine|Grass\n|-curestatus|p1b: Palafin|slp|[msg]\n|move|p1b: Palafin|Jet Punch|p2a: Arcanine\n|-resisted|p2a: Arcanine\n|-damage|p2a: Arcanine|60\/100\n|move|p2b: Palafin|Jet Punch|p1a: Amoonguss\n|-resisted|p1a: Amoonguss\n|-damage|p1a: Amoonguss|81\/100\n|-damage|p2b: Palafin|84\/100|[from] item: Rocky Helmet|[of] p1a: Amoonguss\n|move|p2a: Arcanine|Flare Blitz|p1a: Amoonguss\n|-supereffective|p1a: Amoonguss\n|-damage|p1a: Amoonguss|3\/100\n|-damage|p2a: Arcanine|43\/100|[from] item: Rocky Helmet|[of] p1a: Amoonguss\n|-damage|p2a: Arcanine|10\/100|[from] Recoil\n|\n|upkeep\n|turn|7\n|inactive|danthek84 has 30 seconds left.\n|inactive|Tairasan has 30 seconds left.\n|\n|t:|1681745985\n|move|p1a: Amoonguss|Protect|p1a: Amoonguss\n|-singleturn|p1a: Amoonguss|Protect\n|move|p2a: Arcanine|Extreme Speed|p1b: Palafin\n|-damage|p1b: Palafin|35\/100\n|move|p1b: Palafin|Jet Punch|p2a: Arcanine\n|-resisted|p2a: Arcanine\n|-damage|p2a: Arcanine|0 fnt\n|faint|p2a: Arcanine\n|move|p2b: Palafin|Jet Punch|p1a: Amoonguss\n|-activate|p1a: Amoonguss|move: Protect\n|\n|upkeep\n|\n|t:|1681745997\n|switch|p2a: Amoonguss|Amoonguss, L50, F|100\/100\n|-sideend|p2: danthek84|move: Toxic Spikes|[of] p2a: Amoonguss\n|turn|8\n|\n|t:|1681746016\n|switch|p1a: Baxcalibur|Baxcalibur, L50, M|100\/100 slp\n|move|p1b: Palafin|Close Combat|p2b: Palafin\n|-damage|p2b: Palafin|53\/100\n|-unboost|p1b: Palafin|def|1\n|-unboost|p1b: Palafin|spd|1\n|move|p2b: Palafin|Wave Crash|p1a: Baxcalibur\n|-resisted|p1a: Baxcalibur\n|-damage|p1a: Baxcalibur|68\/100 slp\n|-damage|p2b: Palafin|42\/100|[from] Recoil\n|move|p2a: Amoonguss|Spore|p1b: Palafin\n|-status|p1b: Palafin|slp|[from] move: Spore\n|\n|upkeep\n|turn|9\n|inactive|Tairasan has 30 seconds left.\n|inactive|Tairasan has 20 seconds left.\n|inactive|Tairasan has 15 seconds left.\n|inactive|Tairasan has 10 seconds left.\n|inactive|Tairasan has 5 seconds left.\n|\n|t:|1681746067\n|cant|p1b: Palafin|slp\n|move|p2b: Palafin|Wave Crash|p1a: Baxcalibur\n|-resisted|p1a: Baxcalibur\n|-damage|p1a: Baxcalibur|35\/100 slp\n|-damage|p2b: Palafin|30\/100|[from] Recoil\n|cant|p1a: Baxcalibur|slp\n|move|p2a: Amoonguss|Pollen Puff|p2b: Palafin\n|-heal|p2b: Palafin|80\/100\n|\n|upkeep\n|turn|10\n|inactive|Tairasan has 30 seconds left.\n|inactive|Tairasan has 20 seconds left.\n|inactive|Tairasan has 15 seconds left.\n|\n|t:|1681746107\n|-curestatus|p1a: Baxcalibur|slp|[msg]\n|move|p1a: Baxcalibur|Protect|p1a: Baxcalibur\n|-singleturn|p1a: Baxcalibur|Protect\n|cant|p1b: Palafin|slp\n|move|p2b: Palafin|Jet Punch|p1b: Palafin\n|-resisted|p1b: Palafin\n|-damage|p1b: Palafin|0 fnt\n|faint|p1b: Palafin\n|move|p2a: Amoonguss|Pollen Puff|p2b: Palafin\n|-heal|p2b: Palafin|100\/100\n|\n|upkeep\n|\n|t:|1681746123\n|switch|p1b: Amoonguss|Amoonguss, L50, F|36\/100\n|turn|11\n|\n|t:|1681746139\n|move|p2b: Palafin|Wave Crash|p1b: Amoonguss\n|-resisted|p1b: Amoonguss\n|-damage|p1b: Amoonguss|1\/100\n|-damage|p2b: Palafin|84\/100|[from] item: Rocky Helmet|[of] p1b: Amoonguss\n|-damage|p2b: Palafin|72\/100|[from] Recoil\n|move|p1a: Baxcalibur|Icicle Spear|p2a: Amoonguss\n|-supereffective|p2a: Amoonguss\n|-damage|p2a: Amoonguss|75\/100\n|-supereffective|p2a: Amoonguss\n|-damage|p2a: Amoonguss|49\/100\n|-supereffective|p2a: Amoonguss\n|-damage|p2a: Amoonguss|21\/100\n|-supereffective|p2a: Amoonguss\n|-damage|p2a: Amoonguss|0 fnt\n|faint|p2a: Amoonguss\n|-hitcount|p2: Amoonguss|4\n|-damage|p1a: Baxcalibur|25\/100|[from] item: Life Orb\n|move|p1b: Amoonguss|Spore|p2b: Palafin\n|-status|p2b: Palafin|slp|[from] move: Spore\n|\n|upkeep\n|turn|12\n|c|\u2606danthek84|oh you got jokes\n|-message|danthek84 forfeited.\n|\n|win|Tairasan\n|raw|Tairasan's rating: 1135 → 1159<\/strong> (+24 for winning)\n|raw|danthek84's rating: 1121 → 1097<\/strong> (-24 for losing)\n|l|\u2606danthek84\n","uploadtime":1681746188,"views":6,"p1id":"tairasan","p2id":"danthek84","formatid":"gen9vgc2023regulationc","rating":1097,"private":0,"password":""}