{"id":"gen9vgc2023regulationc-1856069534","p1":"Sparna_of_Yomi","p2":"Bunnyhop-1","format":"[Gen 9] VGC 2023 Regulation C","log":"|j|\u2606Sparna_of_Yomi\n|j|\u2606Bunnyhop-1\n|t:|1683026182\n|gametype|doubles\n|player|p1|Sparna_of_Yomi|birdkeeper-gen4dp|1161\n|player|p2|Bunnyhop-1|2|1141\n|teamsize|p1|6\n|teamsize|p2|6\n|gen|9\n|tier|[Gen 9] VGC 2023 Regulation C\n|rated|\n|rule|Species Clause: Limit one of each Pok\u00e9mon\n|rule|Item Clause: Limit one of each item\n|clearpoke\n|poke|p1|Garchomp, L50, F|\n|poke|p1|Corviknight, L50, F|\n|poke|p1|Chi-Yu, L50|\n|poke|p1|Flutter Mane, L50|\n|poke|p1|Amoonguss, L50, F|\n|poke|p1|Ting-Lu, L50|\n|poke|p2|Murkrow, L50, M|\n|poke|p2|Gholdengo, L50|\n|poke|p2|Great Tusk, L50|\n|poke|p2|Corviknight, L50, M|\n|poke|p2|Chi-Yu, L50|\n|poke|p2|Baxcalibur, L50, F|\n|teampreview|4\nSparna_of_Yomi has agreed to open team sheets.\n|inactive|Battle timer is ON: inactive players will automatically lose when time's up. (requested by Bunnyhop-1)\n|\n|t:|1683026219\n|start\n|switch|p1a: Sguunt Funtster|Corviknight, L50, F|100\/100\n|switch|p1b: Chi Fish \ud83c\udfa3|Chi-Yu, L50|100\/100\n|switch|p2a: Baxcalibur|Baxcalibur, L50, F|100\/100\n|switch|p2b: Murkrow|Murkrow, L50, M|100\/100\n|-ability|p1b: Chi Fish \ud83c\udfa3|Beads of Ruin\n|turn|1\n|\n|t:|1683026232\n|switch|p1b: Ting Luis XVIII|Ting-Lu, L50|100\/100\n|-ability|p1b: Ting Luis XVIII|Vessel of Ruin\n|-terastallize|p2a: Baxcalibur|Dragon\n|move|p2b: Murkrow|Taunt|p1a: Sguunt Funtster\n|-start|p1a: Sguunt Funtster|move: Taunt\n|move|p2a: Baxcalibur|Glaive Rush|p1b: Ting Luis XVIII\n|-damage|p1b: Ting Luis XVIII|50\/100\n|-singlemove|p2a: Baxcalibur|Glaive Rush|[silent]\n|move|p1a: Sguunt Funtster|Iron Head|p2a: Baxcalibur\n|-damage|p2a: Baxcalibur|43\/100\n|\n|upkeep\n|turn|2\n|\n|t:|1683026253\n|move|p2a: Baxcalibur|Protect|p2a: Baxcalibur\n|-singleturn|p2a: Baxcalibur|Protect\n|move|p2b: Murkrow|Tailwind|p2b: Murkrow\n|-sidestart|p2: Bunnyhop-1|move: Tailwind\n|move|p1a: Sguunt Funtster|Iron Head|p2a: Baxcalibur\n|-activate|p2a: Baxcalibur|move: Protect\n|move|p1b: Ting Luis XVIII|Heavy Slam|p2b: Murkrow\n|-damage|p2b: Murkrow|37\/100\n|\n|upkeep\n|turn|3\n|\n|t:|1683026271\n|move|p2b: Murkrow|Foul Play|p1a: Sguunt Funtster\n|-damage|p1a: Sguunt Funtster|68\/100\n|move|p2a: Baxcalibur|Glaive Rush|p1b: Ting Luis XVIII\n|-damage|p1b: Ting Luis XVIII|0 fnt\n|-singlemove|p2a: Baxcalibur|Glaive Rush|[silent]\n|faint|p1b: Ting Luis XVIII\n|move|p1a: Sguunt Funtster|Brave Bird|p2a: Baxcalibur\n|-damage|p2a: Baxcalibur|0 fnt\n|faint|p2a: Baxcalibur\n|-damage|p1a: Sguunt Funtster|55\/100|[from] Recoil\n|\n|-end|p1a: Sguunt Funtster|move: Taunt\n|upkeep\n|\n|t:|1683026287\n|switch|p2a: Chi-Yu|Chi-Yu, L50|100\/100\n|switch|p1b: Chi Fish \ud83c\udfa3|Chi-Yu, L50|100\/100\n|-ability|p2a: Chi-Yu|Beads of Ruin\n|-ability|p1b: Chi Fish \ud83c\udfa3|Beads of Ruin\n|turn|4\n|\n|t:|1683026299\n|move|p2b: Murkrow|Foul Play|p1b: Chi Fish \ud83c\udfa3\n|-resisted|p1b: Chi Fish \ud83c\udfa3\n|-damage|p1b: Chi Fish \ud83c\udfa3|84\/100\n|move|p2a: Chi-Yu|Heat Wave|p1b: Chi Fish \ud83c\udfa3|[spread] p1a,p1b\n|-supereffective|p1a: Sguunt Funtster\n|-enditem|p1a: Sguunt Funtster|Occa Berry|[eat]\n|-enditem|p1a: Sguunt Funtster|Occa Berry|[weaken]\n|-resisted|p1b: Chi Fish \ud83c\udfa3\n|-damage|p1a: Sguunt Funtster|8\/100\n|-damage|p1b: Chi Fish \ud83c\udfa3|59\/100\n|move|p1b: Chi Fish \ud83c\udfa3|Heat Wave|p2b: Murkrow|[spread] p2b\n|-miss|p1b: Chi Fish \ud83c\udfa3|p2a: Chi-Yu\n|-damage|p2b: Murkrow|0 fnt\n|faint|p2b: Murkrow\n|move|p1a: Sguunt Funtster|Brave Bird|p2a: Chi-Yu\n|-crit|p2a: Chi-Yu\n|-damage|p2a: Chi-Yu|0 fnt\n|faint|p2a: Chi-Yu\n|-damage|p1a: Sguunt Funtster|0 fnt|[from] Recoil\n|faint|p1a: Sguunt Funtster\n|\n|upkeep\n|\n|t:|1683026309\n|switch|p2a: Corviknight|Corviknight, L50, M, shiny|100\/100\n|switch|p1a: Flucci Mane|Flutter Mane, L50|100\/100\n|turn|5\n|\n|t:|1683026321\n|move|p1a: Flucci Mane|Shadow Ball|p2a: Corviknight\n|-damage|p2a: Corviknight|55\/100\n|move|p2a: Corviknight|Brave Bird|p1b: Chi Fish \ud83c\udfa3\n|-damage|p1b: Chi Fish \ud83c\udfa3|0 fnt\n|faint|p1b: Chi Fish \ud83c\udfa3\n|-damage|p2a: Corviknight|42\/100|[from] Recoil\n|\n|-heal|p2a: Corviknight|48\/100|[from] item: Leftovers\n|-sideend|p2: Bunnyhop-1|move: Tailwind\n|upkeep\n|turn|6\n|\n|t:|1683026332\n|move|p1a: Flucci Mane|Shadow Ball|p2a: Corviknight\n|-damage|p2a: Corviknight|13\/100\n|move|p2a: Corviknight|Roost|p2a: Corviknight\n|-heal|p2a: Corviknight|63\/100\n|-singleturn|p2a: Corviknight|move: Roost\n|\n|-heal|p2a: Corviknight|69\/100|[from] item: Leftovers\n|upkeep\n|turn|7\n|c|\u2606Sparna_of_Yomi|gg\n|\n|t:|1683026342\n|move|p1a: Flucci Mane|Shadow Ball|p2a: Corviknight\n|-damage|p2a: Corviknight|30\/100\n|move|p2a: Corviknight|Iron Head|p1a: Flucci Mane\n|-supereffective|p1a: Flucci Mane\n|-enditem|p1a: Flucci Mane|Focus Sash\n|-damage|p1a: Flucci Mane|1\/100\n|\n|-heal|p2a: Corviknight|36\/100|[from] item: Leftovers\n|upkeep\n|turn|8\n|\n|t:|1683026360\n|move|p1a: Flucci Mane|Shadow Ball|p2a: Corviknight\n|-damage|p2a: Corviknight|0 fnt\n|faint|p2a: Corviknight\n|\n|win|Sparna_of_Yomi\n|raw|Sparna_of_Yomi's rating: 1161 → 1185<\/strong> (+24 for winning)\n|raw|Bunnyhop-1's rating: 1141 → 1117<\/strong> (-24 for losing)\n","uploadtime":1683026362,"views":6,"p1id":"sparnaofyomi","p2id":"bunnyhop1","formatid":"gen9vgc2023regulationc","rating":1117,"private":0,"password":""}