{"id":"gen9vgc2023regulationc-1851639607","p1":"AmongusMaster5678","p2":"SharpedoHero","format":"[Gen 9] VGC 2023 Regulation C","log":"|j|\u2606AmongusMaster5678\n|j|\u2606SharpedoHero\n|t:|1682464322\n|gametype|doubles\n|player|p1|AmongusMaster5678|101|1371\n|player|p2|SharpedoHero|striker|1326\n|teamsize|p1|6\n|teamsize|p2|6\n|gen|9\n|tier|[Gen 9] VGC 2023 Regulation C\n|rated|\n|rule|Species Clause: Limit one of each Pok\u00e9mon\n|rule|Item Clause: Limit one of each item\n|clearpoke\n|poke|p1|Glimmora, L50, M|\n|poke|p1|Arcanine, L50, M|\n|poke|p1|Amoonguss, L50, F|\n|poke|p1|Flutter Mane, L50|\n|poke|p1|Tatsugiri, L50, M|\n|poke|p1|Dondozo, L50, F|\n|poke|p2|Chien-Pao, L50|\n|poke|p2|Tinkaton, L50, F|\n|poke|p2|Dragonite, L50, M|\n|poke|p2|Arcanine, L50, M|\n|poke|p2|Gastrodon, L50, M|\n|poke|p2|Meowscarada, L50, M|\n|teampreview|4\nAmongusMaster5678 rejected open team sheets.\n|inactive|Battle timer is ON: inactive players will automatically lose when time's up. (requested by SharpedoHero)\n|\n|t:|1682464368\n|start\n|switch|p1a: Arcanine|Arcanine, L50, M|100\/100\n|switch|p1b: Flutter Mane|Flutter Mane, L50|100\/100\n|switch|p2a: Tinkaton|Tinkaton, L50, F|100\/100\n|switch|p2b: Chien-Pao|Chien-Pao, L50|100\/100\n|-ability|p2b: Chien-Pao|Sword of Ruin\n|-ability|p2a: Tinkaton|Mold Breaker\n|-ability|p1a: Arcanine|Intimidate|boost\n|-unboost|p2a: Tinkaton|atk|1\n|-unboost|p2b: Chien-Pao|atk|1\n|turn|1\n|inactive|AmongusMaster5678 also wants the timer to be on.\n|\n|t:|1682464388\n|-terastallize|p2a: Tinkaton|Fire\n|move|p2b: Chien-Pao|Protect|p2b: Chien-Pao\n|-singleturn|p2b: Chien-Pao|Protect\n|move|p1b: Flutter Mane|Protect|p1b: Flutter Mane\n|-singleturn|p1b: Flutter Mane|Protect\n|move|p2a: Tinkaton|Gigaton Hammer|p1b: Flutter Mane\n|-activate|p1b: Flutter Mane|move: Protect\n|move|p1a: Arcanine|Snarl|p2a: Tinkaton|[spread] p2a\n|-activate|p2b: Chien-Pao|move: Protect\n|-damage|p2a: Tinkaton|94\/100\n|-unboost|p2a: Tinkaton|spa|1\n|\n|upkeep\n|turn|2\n|inactive|AmongusMaster5678 has 30 seconds left.\n|\n|t:|1682464414\n|switch|p2b: Gastrodon|Gastrodon, L50, M|100\/100\n|-end|p1b: Flutter Mane|Protosynthesis|[silent]\n|switch|p1b: Amoonguss|Amoonguss, L50, F|100\/100\n|move|p2a: Tinkaton|Play Rough|p1b: Amoonguss\n|-resisted|p1b: Amoonguss\n|-damage|p1b: Amoonguss|91\/100\n|move|p1a: Arcanine|Flare Blitz|p2b: Gastrodon\n|-resisted|p2b: Gastrodon\n|-damage|p2b: Gastrodon|82\/100\n|-damage|p1a: Arcanine|93\/100|[from] Recoil\n|\n|-heal|p2b: Gastrodon|88\/100|[from] item: Leftovers\n|upkeep\n|turn|3\n|inactive|AmongusMaster5678 has 30 seconds left.\n|\n|t:|1682464444\n|switch|p2a: Meowscarada|Meowscarada, L50, M|100\/100\n|move|p1a: Arcanine|Snarl|p2b: Gastrodon|[spread] p2a,p2b\n|-resisted|p2a: Meowscarada\n|-damage|p2a: Meowscarada|93\/100\n|-damage|p2b: Gastrodon|79\/100\n|-unboost|p2a: Meowscarada|spa|1\n|-unboost|p2b: Gastrodon|spa|1\n|move|p2b: Gastrodon|Yawn|p1a: Arcanine\n|-start|p1a: Arcanine|move: Yawn|[of] p2b: Gastrodon\n|move|p1b: Amoonguss|Spore|p2a: Meowscarada\n|-immune|p2a: Meowscarada\n|\n|-heal|p2b: Gastrodon|85\/100|[from] item: Leftovers\n|upkeep\n|turn|4\n|\n|t:|1682464467\n|switch|p1a: Glimmora|Glimmora, L50, M|100\/100\n|move|p1b: Amoonguss|Rage Powder|p1b: Amoonguss\n|-singleturn|p1b: Amoonguss|move: Rage Powder\n|move|p2a: Meowscarada|U-turn|p1b: Amoonguss\n|-start|p2a: Meowscarada|typechange|Bug|[from] ability: Protean\n|-damage|p1b: Amoonguss|59\/100\n|\n|t:|1682464475\n|switch|p2a: Tinkaton|Tinkaton, L50, F, tera:Fire|94\/100|[from] U-turn\n|-ability|p2a: Tinkaton|Mold Breaker\n|move|p2b: Gastrodon|Yawn|p1b: Amoonguss\n|-start|p1b: Amoonguss|move: Yawn|[of] p2b: Gastrodon\n|\n|-heal|p2b: Gastrodon|91\/100|[from] item: Leftovers\n|upkeep\n|turn|5\n|\n|t:|1682464495\n|switch|p2b: Meowscarada|Meowscarada, L50, M|93\/100\n|switch|p1b: Arcanine|Arcanine, L50, M|93\/100\n|-ability|p1b: Arcanine|Intimidate|boost\n|-unboost|p2a: Tinkaton|atk|1\n|-unboost|p2b: Meowscarada|atk|1\n|-terastallize|p1a: Glimmora|Grass\n|move|p2a: Tinkaton|Fake Out|p1a: Glimmora\n|-damage|p1a: Glimmora|91\/100\n|-activate|p1a: Glimmora|ability: Toxic Debris\n|-sidestart|p2: SharpedoHero|move: Toxic Spikes\n|cant|p1a: Glimmora|flinch\n|\n|upkeep\n|turn|6\n|inactive|AmongusMaster5678 has 30 seconds left.\n|\n|t:|1682464526\n|move|p1b: Arcanine|Protect|p1b: Arcanine\n|-singleturn|p1b: Arcanine|Protect\n|move|p2b: Meowscarada|U-turn|p1b: Arcanine\n|-start|p2b: Meowscarada|typechange|Bug|[from] ability: Protean\n|-activate|p1b: Arcanine|move: Protect\n|move|p1a: Glimmora|Mortal Spin|p2b: Meowscarada|[spread] p2a,p2b\n|-crit|p2b: Meowscarada\n|-damage|p2a: Tinkaton|89\/100\n|-damage|p2b: Meowscarada|83\/100\n|-status|p2a: Tinkaton|psn\n|-status|p2b: Meowscarada|psn\n|move|p2a: Tinkaton|Gigaton Hammer|p1a: Glimmora\n|-damage|p1a: Glimmora|38\/100\n|-activate|p1a: Glimmora|ability: Toxic Debris\n|-sidestart|p2: SharpedoHero|move: Toxic Spikes\n|\n|-damage|p2b: Meowscarada|70\/100 psn|[from] psn\n|-damage|p2a: Tinkaton|77\/100 psn|[from] psn\n|upkeep\n|turn|7\n|\n|t:|1682464548\n|switch|p1a: Amoonguss|Amoonguss, L50, F|93\/100\n|switch|p2a: Gastrodon|Gastrodon, L50, M|91\/100\n|-status|p2a: Gastrodon|tox\n|move|p2b: Meowscarada|U-turn|p1a: Amoonguss\n|-crit|p1a: Amoonguss\n|-damage|p1a: Amoonguss|47\/100\n|-enditem|p1a: Amoonguss|Sitrus Berry|[eat]\n|-heal|p1a: Amoonguss|71\/100|[from] item: Sitrus Berry\n|\n|t:|1682464557\n|switch|p2b: Tinkaton|Tinkaton, L50, F, tera:Fire|77\/100 psn|[from] U-turn\n|-ability|p2b: Tinkaton|Mold Breaker\n|move|p1b: Arcanine|Snarl|p2b: Tinkaton|[spread] p2a,p2b\n|-crit|p2a: Gastrodon\n|-damage|p2a: Gastrodon|79\/100 tox\n|-damage|p2b: Tinkaton|71\/100 psn\n|-unboost|p2a: Gastrodon|spa|1\n|-unboost|p2b: Tinkaton|spa|1\n|\n|-heal|p2a: Gastrodon|85\/100 tox|[from] item: Leftovers\n|-damage|p2b: Tinkaton|58\/100 psn|[from] psn\n|-damage|p2a: Gastrodon|79\/100 tox|[from] psn\n|upkeep\n|turn|8\n|\n|t:|1682464574\n|move|p1b: Arcanine|Protect|p1b: Arcanine\n|-singleturn|p1b: Arcanine|Protect\n|move|p1a: Amoonguss|Protect|p1a: Amoonguss\n|-singleturn|p1a: Amoonguss|Protect\n|move|p2b: Tinkaton|Gigaton Hammer|p1a: Amoonguss\n|-activate|p1a: Amoonguss|move: Protect\n|move|p2a: Gastrodon|Yawn|p1b: Arcanine\n|-activate|p1b: Arcanine|move: Protect\n|\n|-heal|p2a: Gastrodon|85\/100 tox|[from] item: Leftovers\n|-damage|p2b: Tinkaton|46\/100 psn|[from] psn\n|-damage|p2a: Gastrodon|73\/100 tox|[from] psn\n|upkeep\n|turn|9\n|\n|t:|1682464587\n|switch|p2b: Meowscarada|Meowscarada, L50, M|70\/100 psn\n|switch|p1b: Glimmora|Glimmora, L50, M, tera:Grass|38\/100\n|move|p2a: Gastrodon|Yawn|p1b: Glimmora\n|-start|p1b: Glimmora|move: Yawn|[of] p2a: Gastrodon\n|move|p1a: Amoonguss|Pollen Puff|p1b: Glimmora\n|-heal|p1b: Glimmora|88\/100\n|\n|-heal|p2a: Gastrodon|79\/100 tox|[from] item: Leftovers\n|-damage|p2b: Meowscarada|58\/100 psn|[from] psn\n|-damage|p2a: Gastrodon|61\/100 tox|[from] psn\n|upkeep\n|turn|10\n|\n|t:|1682464612\n|switch|p1b: Arcanine|Arcanine, L50, M|93\/100\n|-ability|p1b: Arcanine|Intimidate|boost\n|-unboost|p2a: Gastrodon|atk|1\n|-unboost|p2b: Meowscarada|atk|1\n|move|p1a: Amoonguss|Protect|p1a: Amoonguss\n|-singleturn|p1a: Amoonguss|Protect\n|move|p2b: Meowscarada|Trick|p1a: Amoonguss\n|-start|p2b: Meowscarada|typechange|Psychic|[from] ability: Protean\n|-activate|p1a: Amoonguss|move: Protect\n|move|p2a: Gastrodon|Yawn|p1b: Arcanine\n|-start|p1b: Arcanine|move: Yawn|[of] p2a: Gastrodon\n|\n|-heal|p2a: Gastrodon|67\/100 tox|[from] item: Leftovers\n|-damage|p2b: Meowscarada|45\/100 psn|[from] psn\n|-damage|p2a: Gastrodon|43\/100 tox|[from] psn\n|upkeep\n|turn|11\n|inactive|AmongusMaster5678 has 30 seconds left.\n|inactive|AmongusMaster5678 has 20 seconds left.\n|\n|t:|1682464648\n|switch|p1b: Glimmora|Glimmora, L50, M, tera:Grass|88\/100\n|move|p2b: Meowscarada|Trick|p1a: Amoonguss\n|-activate|p2b: Meowscarada|move: Trick|[of] p1a: Amoonguss\n|-item|p1a: Amoonguss|Choice Scarf|[from] move: Trick\n|-enditem|p2b: Meowscarada|Choice Scarf|[silent]|[from] move: Trick\n|move|p1a: Amoonguss|Pollen Puff|p1b: Glimmora\n|-heal|p1b: Glimmora|100\/100\n|move|p2a: Gastrodon|Earth Power|p1b: Glimmora\n|-resisted|p1b: Glimmora\n|-damage|p1b: Glimmora|92\/100\n|\n|-heal|p2a: Gastrodon|49\/100 tox|[from] item: Leftovers\n|-damage|p2b: Meowscarada|33\/100 psn|[from] psn\n|-damage|p2a: Gastrodon|19\/100 tox|[from] psn\n|upkeep\n|turn|12\n|\n|t:|1682464667\n|switch|p1b: Arcanine|Arcanine, L50, M|93\/100\n|-ability|p1b: Arcanine|Intimidate|boost\n|-unboost|p2a: Gastrodon|atk|1\n|-unboost|p2b: Meowscarada|atk|1\n|move|p2b: Meowscarada|U-turn|p1a: Amoonguss\n|-damage|p1a: Amoonguss|61\/100\n|\n|t:|1682464675\n|switch|p2b: Tinkaton|Tinkaton, L50, F, tera:Fire|46\/100 psn|[from] U-turn\n|-ability|p2b: Tinkaton|Mold Breaker\n|move|p1a: Amoonguss|Pollen Puff|p2b: Tinkaton\n|-resisted|p2b: Tinkaton\n|-damage|p2b: Tinkaton|40\/100 psn\n|move|p2a: Gastrodon|Yawn|p1b: Arcanine\n|-start|p1b: Arcanine|move: Yawn|[of] p2a: Gastrodon\n|\n|-heal|p2a: Gastrodon|25\/100 tox|[from] item: Leftovers\n|-damage|p2b: Tinkaton|27\/100 psn|[from] psn\n|-damage|p2a: Gastrodon|0 fnt|[from] psn\n|faint|p2a: Gastrodon\n|upkeep\n|\n|t:|1682464691\n|switch|p2a: Meowscarada|Meowscarada, L50, M|33\/100 psn\n|turn|13\n|\n|t:|1682464704\n|switch|p1a: Flutter Mane|Flutter Mane, L50|100\/100\n|move|p1b: Arcanine|Extreme Speed|p2a: Meowscarada\n|-damage|p2a: Meowscarada|0 fnt\n|faint|p2a: Meowscarada\n|move|p2b: Tinkaton|Gigaton Hammer|p1a: Flutter Mane\n|-supereffective|p1a: Flutter Mane\n|-crit|p1a: Flutter Mane\n|-enditem|p1a: Flutter Mane|Focus Sash\n|-damage|p1a: Flutter Mane|1\/100\n|\n|-damage|p2b: Tinkaton|15\/100 psn|[from] psn\n|-end|p1b: Arcanine|move: Yawn|[silent]\n|-status|p1b: Arcanine|slp\n|upkeep\n|\n|t:|1682464712\n|switch|p2a: Chien-Pao|Chien-Pao, L50|100\/100\n|-status|p2a: Chien-Pao|tox\n|-ability|p2a: Chien-Pao|Sword of Ruin\n|turn|14\n|\n|t:|1682464723\n|move|p1a: Flutter Mane|Protect|p1a: Flutter Mane\n|-singleturn|p1a: Flutter Mane|Protect\n|cant|p1b: Arcanine|slp\n|move|p2a: Chien-Pao|Ice Spinner|p1a: Flutter Mane\n|-activate|p1a: Flutter Mane|move: Protect\n|move|p2b: Tinkaton|Play Rough|p1a: Flutter Mane\n|-activate|p1a: Flutter Mane|move: Protect\n|\n|-damage|p2a: Chien-Pao|95\/100 tox|[from] psn\n|-damage|p2b: Tinkaton|3\/100 psn|[from] psn\n|upkeep\n|turn|15\n|-message|SharpedoHero forfeited.\n|\n|win|AmongusMaster5678\n|raw|AmongusMaster5678's rating: 1371 → 1388<\/strong> (+17 for winning)\n|raw|SharpedoHero's rating: 1326 → 1309<\/strong> (-17 for losing)\n|l|\u2606SharpedoHero\n|c|\u2606AmongusMaster5678|gg\n","uploadtime":1682464740,"views":18,"p1id":"amongusmaster5678","p2id":"sharpedohero","formatid":"gen9vgc2023regulationc","rating":1309,"private":0,"password":""}