{"id":"gen9vgc2023regulationc-1854267886","p1":"BushaPKMN","p2":"Mason117","format":"[Gen 9] VGC 2023 Regulation C","log":"|j|\u2606BushaPKMN\n|j|\u2606Mason117\n|t:|1682790601\n|gametype|doubles\n|player|p1|BushaPKMN|265|1181\n|player|p2|Mason117|170|1205\n|teamsize|p1|6\n|teamsize|p2|6\n|gen|9\n|tier|[Gen 9] VGC 2023 Regulation C\n|rated|\n|rule|Species Clause: Limit one of each Pok\u00e9mon\n|rule|Item Clause: Limit one of each item\n|clearpoke\n|poke|p1|Iron Jugulis, L50|\n|poke|p1|Gyarados, L50, M|\n|poke|p1|Gholdengo, L50|\n|poke|p1|Garchomp, L50, M|\n|poke|p1|Chien-Pao, L50|\n|poke|p1|Toxicroak, L50, M|\n|poke|p2|Ting-Lu, L50|\n|poke|p2|Wo-Chien, L50|\n|poke|p2|Gothitelle, L50, F|\n|poke|p2|Flutter Mane, L50|\n|poke|p2|Murkrow, L50, M|\n|poke|p2|Dondozo, L50, M|\n|teampreview|4\nBushaPKMN has agreed to open team sheets.\n|inactive|Battle timer is ON: inactive players will automatically lose when time's up. (requested by Mason117)\n|inactive|BushaPKMN has 60 seconds left.\n|\n|t:|1682790676\n|start\n|switch|p1a: Gholdengo|Gholdengo, L50|100\/100\n|switch|p1b: Iron Jugulis|Iron Jugulis, L50|100\/100\n|switch|p2a: Wo-Chien|Wo-Chien, L50|100\/100\n|switch|p2b: Gothitelle|Gothitelle, L50, F|100\/100\n|-ability|p2a: Wo-Chien|Tablets of Ruin\n|-enditem|p1b: Iron Jugulis|Booster Energy\n|-activate|p1b: Iron Jugulis|ability: Quark Drive|[fromitem]\n|-start|p1b: Iron Jugulis|quarkdrivespe\n|turn|1\n|\n|t:|1682790697\n|switch|p2a: Ting-Lu|Ting-Lu, L50|100\/100\n|-ability|p2a: Ting-Lu|Vessel of Ruin\n|switch|p2b: Dondozo|Dondozo, L50, M|100\/100\n|move|p1b: Iron Jugulis|Tailwind|p1b: Iron Jugulis\n|-sidestart|p1: BushaPKMN|move: Tailwind\n|move|p1a: Gholdengo|Shadow Ball|p2b: Dondozo\n|-damage|p2b: Dondozo|69\/100\n|\n|upkeep\n|turn|2\n|\n|t:|1682790719\n|move|p1b: Iron Jugulis|Air Slash|p2b: Dondozo\n|-damage|p2b: Dondozo|52\/100\n|move|p1a: Gholdengo|Shadow Ball|p2b: Dondozo\n|-damage|p2b: Dondozo|19\/100\n|-enditem|p2b: Dondozo|Aguav Berry|[eat]\n|-heal|p2b: Dondozo|52\/100|[from] item: Aguav Berry\n|move|p2a: Ting-Lu|Fissure|p1a: Gholdengo\n|-damage|p1a: Gholdengo|0 fnt\n|faint|p1a: Gholdengo\n|-ohko\n|move|p2b: Dondozo|Yawn|p1b: Iron Jugulis\n|-start|p1b: Iron Jugulis|move: Yawn|[of] p2b: Dondozo\n|\n|upkeep\n|\n|t:|1682790735\n|switch|p1a: Garchomp|Garchomp, L50, M|100\/100\n|turn|3\n|\n|t:|1682790751\n|switch|p2a: Wo-Chien|Wo-Chien, L50|100\/100\n|-ability|p2a: Wo-Chien|Tablets of Ruin\n|move|p2b: Dondozo|Protect|p2b: Dondozo\n|-singleturn|p2b: Dondozo|Protect\n|move|p1b: Iron Jugulis|Air Slash|p2b: Dondozo\n|-activate|p2b: Dondozo|move: Protect\n|move|p1a: Garchomp|Earthquake|p2a: Wo-Chien|[spread] p2a\n|-activate|p2b: Dondozo|move: Protect\n|-immune|p1b: Iron Jugulis\n|-resisted|p2a: Wo-Chien\n|-damage|p2a: Wo-Chien|91\/100\n|\n|-heal|p2a: Wo-Chien|97\/100|[from] item: Leftovers\n|-end|p1b: Iron Jugulis|move: Yawn|[silent]\n|-status|p1b: Iron Jugulis|slp\n|upkeep\n|turn|4\n|inactive|BushaPKMN has 30 seconds left.\n|inactive|Mason117 has 30 seconds left.\n|\n|t:|1682790779\n|cant|p1b: Iron Jugulis|slp\n|move|p1a: Garchomp|Protect|p1a: Garchomp\n|-singleturn|p1a: Garchomp|Protect\n|move|p2a: Wo-Chien|Pollen Puff|p2b: Dondozo\n|-heal|p2b: Dondozo|100\/100\n|move|p2b: Dondozo|Yawn|p1a: Garchomp\n|-activate|p1a: Garchomp|move: Protect\n|\n|-heal|p2a: Wo-Chien|100\/100|[from] item: Leftovers\n|-sideend|p1: BushaPKMN|move: Tailwind\n|upkeep\n|turn|5\n|\n|t:|1682790796\n|cant|p1b: Iron Jugulis|slp\n|move|p1a: Garchomp|Rock Slide|p2a: Wo-Chien|[spread] p2a,p2b\n|-crit|p2b: Dondozo\n|-damage|p2a: Wo-Chien|91\/100\n|-damage|p2b: Dondozo|88\/100\n|move|p2a: Wo-Chien|Leech Seed|p1a: Garchomp\n|-start|p1a: Garchomp|move: Leech Seed\n|move|p2b: Dondozo|Wave Crash|p1b: Iron Jugulis\n|-crit|p1b: Iron Jugulis\n|-damage|p1b: Iron Jugulis|51\/100 slp\n|-damage|p2b: Dondozo|75\/100|[from] Recoil\n|\n|-heal|p2a: Wo-Chien|97\/100|[from] item: Leftovers\n|-damage|p1a: Garchomp|88\/100|[from] Leech Seed|[of] p2a: Wo-Chien\n|-heal|p2a: Wo-Chien|100\/100|[silent]\n|upkeep\n|turn|6\n|\n|t:|1682790818\n|-curestatus|p1b: Iron Jugulis|slp|[msg]\n|move|p1b: Iron Jugulis|Air Slash|p2a: Wo-Chien\n|-supereffective|p2a: Wo-Chien\n|-crit|p2a: Wo-Chien\n|-damage|p2a: Wo-Chien|28\/100\n|move|p1a: Garchomp|Rock Slide|p2a: Wo-Chien|[spread] p2a,p2b\n|-damage|p2a: Wo-Chien|17\/100\n|-damage|p2b: Dondozo|65\/100\n|cant|p2a: Wo-Chien|flinch\n|cant|p2b: Dondozo|flinch\n|\n|-heal|p2a: Wo-Chien|23\/100|[from] item: Leftovers\n|-damage|p1a: Garchomp|76\/100|[from] Leech Seed|[of] p2a: Wo-Chien\n|-heal|p2a: Wo-Chien|35\/100|[silent]\n|upkeep\n|turn|7\n|\n|t:|1682790840\n|move|p2a: Wo-Chien|Protect|p2a: Wo-Chien\n|-singleturn|p2a: Wo-Chien|Protect\n|move|p1b: Iron Jugulis|Air Slash|p2a: Wo-Chien\n|-activate|p2a: Wo-Chien|move: Protect\n|move|p1a: Garchomp|Rock Slide|p2a: Wo-Chien|[spread] p2b\n|-activate|p2a: Wo-Chien|move: Protect\n|-damage|p2b: Dondozo|57\/100\n|move|p2b: Dondozo|Yawn|p1a: Garchomp\n|-start|p1a: Garchomp|move: Yawn|[of] p2b: Dondozo\n|\n|-heal|p2a: Wo-Chien|41\/100|[from] item: Leftovers\n|-damage|p1a: Garchomp|64\/100|[from] Leech Seed|[of] p2a: Wo-Chien\n|-heal|p2a: Wo-Chien|53\/100|[silent]\n|upkeep\n|turn|8\n|\n|t:|1682790861\n|switch|p1a: Gyarados|Gyarados, L50, M|100\/100\n|-ability|p1a: Gyarados|Intimidate|boost\n|-unboost|p2a: Wo-Chien|atk|1\n|-unboost|p2b: Dondozo|atk|1\n|-terastallize|p2a: Wo-Chien|Water\n|move|p1b: Iron Jugulis|Air Slash|p2a: Wo-Chien\n|-damage|p2a: Wo-Chien|29\/100\n|move|p2a: Wo-Chien|Leech Seed|p1b: Iron Jugulis\n|-start|p1b: Iron Jugulis|move: Leech Seed\n|move|p2b: Dondozo|Yawn|p1b: Iron Jugulis\n|-start|p1b: Iron Jugulis|move: Yawn|[of] p2b: Dondozo\n|\n|-heal|p2a: Wo-Chien|35\/100|[from] item: Leftovers\n|-damage|p1b: Iron Jugulis|39\/100|[from] Leech Seed|[of] p2a: Wo-Chien\n|-heal|p2a: Wo-Chien|48\/100|[silent]\n|upkeep\n|turn|9\n|\n|t:|1682790882\n|-end|p1b: Iron Jugulis|Quark Drive|[silent]\n|switch|p1b: Garchomp|Garchomp, L50, M|64\/100\n|move|p1a: Gyarados|Taunt|p2b: Dondozo\n|-start|p2b: Dondozo|move: Taunt\n|move|p2a: Wo-Chien|Pollen Puff|p2b: Dondozo\n|-heal|p2b: Dondozo|100\/100\n|cant|p2b: Dondozo|move: Taunt|Yawn\n|\n|-heal|p2a: Wo-Chien|55\/100|[from] item: Leftovers\n|upkeep\n|turn|10\n|\n|t:|1682790899\n|switch|p2b: Gothitelle|Gothitelle, L50, F|100\/100\n|move|p2a: Wo-Chien|Protect|p2a: Wo-Chien\n|-singleturn|p2a: Wo-Chien|Protect\n|move|p1b: Garchomp|Earthquake|p2b: Gothitelle|[spread] p2b\n|-activate|p2a: Wo-Chien|move: Protect\n|-immune|p1a: Gyarados\n|-damage|p2b: Gothitelle|70\/100\n|move|p1a: Gyarados|Taunt|p2a: Wo-Chien\n|-activate|p2a: Wo-Chien|move: Protect\n|\n|-heal|p2a: Wo-Chien|61\/100|[from] item: Leftovers\n|upkeep\n|turn|11\n|\n|t:|1682790917\n|move|p1b: Garchomp|Protect|p1b: Garchomp\n|-singleturn|p1b: Garchomp|Protect\n|move|p2b: Gothitelle|Fake Out|p1a: Gyarados\n|-damage|p1a: Gyarados|96\/100\n|cant|p1a: Gyarados|flinch\n|move|p2a: Wo-Chien|Leech Seed|p1b: Garchomp\n|-activate|p1b: Garchomp|move: Protect\n|\n|-heal|p2a: Wo-Chien|67\/100|[from] item: Leftovers\n|upkeep\n|turn|12\n|\n|t:|1682790932\n|move|p2a: Wo-Chien|Protect|p2a: Wo-Chien\n|-singleturn|p2a: Wo-Chien|Protect\n|move|p1b: Garchomp|Earthquake|p2a: Wo-Chien|[spread] p2b\n|-activate|p2a: Wo-Chien|move: Protect\n|-immune|p1a: Gyarados\n|-damage|p2b: Gothitelle|39\/100\n|-enditem|p2b: Gothitelle|Sitrus Berry|[eat]\n|-heal|p2b: Gothitelle|64\/100|[from] item: Sitrus Berry\n|move|p1a: Gyarados|Taunt|p2b: Gothitelle\n|-start|p2b: Gothitelle|move: Taunt\n|cant|p2b: Gothitelle|move: Taunt|Skill Swap\n|\n|-heal|p2a: Wo-Chien|73\/100|[from] item: Leftovers\n|upkeep\n|turn|13\n|\n|t:|1682790952\n|switch|p2b: Dondozo|Dondozo, L50, M|100\/100\n|move|p1b: Garchomp|Earthquake|p2b: Dondozo|[spread] p2a,p2b\n|-immune|p1a: Gyarados\n|-damage|p2a: Wo-Chien|56\/100\n|-damage|p2b: Dondozo|82\/100\n|move|p1a: Gyarados|Thunder Wave|p2a: Wo-Chien\n|-status|p2a: Wo-Chien|par\n|cant|p2a: Wo-Chien|par\n|\n|-heal|p2a: Wo-Chien|62\/100 par|[from] item: Leftovers\n|upkeep\n|turn|14\n|\n|t:|1682790969\n|move|p1b: Garchomp|Rock Slide|p2a: Wo-Chien|[spread] p2a,p2b\n|-damage|p2a: Wo-Chien|52\/100 par\n|-damage|p2b: Dondozo|72\/100\n|move|p1a: Gyarados|Taunt|p2b: Dondozo\n|-start|p2b: Dondozo|move: Taunt\n|cant|p2b: Dondozo|flinch\n|cant|p2a: Wo-Chien|flinch\n|\n|-heal|p2a: Wo-Chien|58\/100 par|[from] item: Leftovers\n|upkeep\n|turn|15\n|\n|t:|1682790984\n|move|p1b: Garchomp|Rock Slide|p2b: Dondozo|[spread] p2a,p2b\n|-damage|p2a: Wo-Chien|48\/100 par\n|-damage|p2b: Dondozo|64\/100\n|move|p1a: Gyarados|Thunder Wave|p2b: Dondozo\n|-status|p2b: Dondozo|par\n|move|p2a: Wo-Chien|Pollen Puff|p2b: Dondozo\n|-heal|p2b: Dondozo|100\/100 par\n|cant|p2b: Dondozo|flinch\n|\n|-heal|p2a: Wo-Chien|54\/100 par|[from] item: Leftovers\n|upkeep\n|turn|16\n|\n|t:|1682791002\n|move|p1b: Garchomp|Rock Slide|p2b: Dondozo|[spread] p2a\n|-miss|p1b: Garchomp|p2b: Dondozo\n|-damage|p2a: Wo-Chien|44\/100 par\n|move|p1a: Gyarados|Taunt|p2a: Wo-Chien\n|-start|p2a: Wo-Chien|move: Taunt\n|cant|p2a: Wo-Chien|move: Taunt|Leech Seed\n|move|p2b: Dondozo|Wave Crash|p1b: Garchomp\n|-damage|p1b: Garchomp|33\/100\n|-damage|p2b: Dondozo|88\/100 par|[from] ability: Rough Skin|[of] p1b: Garchomp\n|-damage|p2b: Dondozo|81\/100 par|[from] Recoil\n|\n|-heal|p2a: Wo-Chien|50\/100 par|[from] item: Leftovers\n|-end|p2b: Dondozo|move: Taunt\n|upkeep\n|turn|17\n|\n|t:|1682791026\n|switch|p2a: Gothitelle|Gothitelle, L50, F|64\/100\n|move|p1b: Garchomp|Rock Slide|p2a: Gothitelle|[spread] p2a\n|-miss|p1b: Garchomp|p2b: Dondozo\n|-damage|p2a: Gothitelle|43\/100\n|move|p1a: Gyarados|Waterfall|p2a: Gothitelle\n|-damage|p2a: Gothitelle|0 fnt\n|faint|p2a: Gothitelle\n|move|p2b: Dondozo|Wave Crash|p1b: Garchomp\n|-damage|p1b: Garchomp|0 fnt\n|-damage|p2b: Dondozo|68\/100 par|[from] ability: Rough Skin|[of] p1b: Garchomp\n|faint|p1b: Garchomp\n|-damage|p2b: Dondozo|60\/100 par|[from] Recoil\n|\n|upkeep\n|\n|t:|1682791044\n|switch|p1b: Iron Jugulis|Iron Jugulis, L50|39\/100\n|switch|p2a: Wo-Chien|Wo-Chien, L50, tera:Water|50\/100 par\n|-ability|p2a: Wo-Chien|Tablets of Ruin\n|turn|18\n|\n|t:|1682791056\n|move|p1b: Iron Jugulis|Air Slash|p2a: Wo-Chien\n|-damage|p2a: Wo-Chien|29\/100 par\n|move|p1a: Gyarados|Waterfall|p2a: Wo-Chien\n|-resisted|p2a: Wo-Chien\n|-damage|p2a: Wo-Chien|17\/100 par\n|cant|p2a: Wo-Chien|par\n|move|p2b: Dondozo|Wave Crash|p1b: Iron Jugulis\n|-damage|p1b: Iron Jugulis|10\/100\n|-damage|p2b: Dondozo|53\/100 par|[from] Recoil\n|\n|-heal|p2a: Wo-Chien|23\/100 par|[from] item: Leftovers\n|upkeep\n|turn|19\n|\n|t:|1682791074\n|switch|p2b: Ting-Lu|Ting-Lu, L50|100\/100\n|-ability|p2b: Ting-Lu|Vessel of Ruin\n|move|p1b: Iron Jugulis|Air Slash|p2b: Ting-Lu\n|-damage|p2b: Ting-Lu|91\/100\n|move|p1a: Gyarados|Waterfall|p2b: Ting-Lu\n|-supereffective|p2b: Ting-Lu\n|-damage|p2b: Ting-Lu|52\/100\n|cant|p2a: Wo-Chien|par\n|\n|-heal|p2a: Wo-Chien|29\/100 par|[from] item: Leftovers\n|upkeep\n|turn|20\n|\n|t:|1682791098\n|move|p1b: Iron Jugulis|Protect|p1b: Iron Jugulis\n|-singleturn|p1b: Iron Jugulis|Protect\n|move|p1a: Gyarados|Waterfall|p2b: Ting-Lu\n|-supereffective|p2b: Ting-Lu\n|-damage|p2b: Ting-Lu|16\/100\n|move|p2b: Ting-Lu|Heavy Slam|p1b: Iron Jugulis\n|-activate|p1b: Iron Jugulis|move: Protect\n|move|p2a: Wo-Chien|Pollen Puff|p2b: Ting-Lu\n|-heal|p2b: Ting-Lu|66\/100\n|\n|-heal|p2a: Wo-Chien|35\/100 par|[from] item: Leftovers\n|upkeep\n|turn|21\n|inactive|BushaPKMN has 30 seconds left.\n|\n|t:|1682791125\n|move|p2a: Wo-Chien|Protect|p2a: Wo-Chien\n|-singleturn|p2a: Wo-Chien|Protect\n|move|p1b: Iron Jugulis|Air Slash|p2b: Ting-Lu\n|-damage|p2b: Ting-Lu|56\/100\n|move|p1a: Gyarados|Waterfall|p2b: Ting-Lu\n|-supereffective|p2b: Ting-Lu\n|-damage|p2b: Ting-Lu|22\/100\n|cant|p2b: Ting-Lu|flinch\n|\n|-heal|p2a: Wo-Chien|42\/100 par|[from] item: Leftovers\n|upkeep\n|turn|22\n|\n|t:|1682791142\n|switch|p2b: Dondozo|Dondozo, L50, M|53\/100 par\n|move|p1b: Iron Jugulis|Air Slash|p2a: Wo-Chien\n|-damage|p2a: Wo-Chien|18\/100 par\n|move|p1a: Gyarados|Waterfall|p2b: Dondozo\n|-resisted|p2b: Dondozo\n|-damage|p2b: Dondozo|42\/100 par\n|cant|p2a: Wo-Chien|par\n|\n|-heal|p2a: Wo-Chien|24\/100 par|[from] item: Leftovers\n|upkeep\n|turn|23\n|inactive|BushaPKMN has 30 seconds left.\n|\n|t:|1682791172\n|move|p1b: Iron Jugulis|Air Slash|p2a: Wo-Chien\n|-damage|p2a: Wo-Chien|1\/100 par\n|move|p1a: Gyarados|Waterfall|p2b: Dondozo\n|-resisted|p2b: Dondozo\n|-damage|p2b: Dondozo|32\/100 par\n|move|p2a: Wo-Chien|Pollen Puff|p2b: Dondozo\n|-heal|p2b: Dondozo|81\/100 par\n|cant|p2b: Dondozo|flinch\n|\n|-heal|p2a: Wo-Chien|7\/100 par|[from] item: Leftovers\n|upkeep\n|turn|24\n|inactive|Mason117 has 30 seconds left.\n|inactive|Mason117 has 20 seconds left.\n|\n|t:|1682791196\n|switch|p2a: Ting-Lu|Ting-Lu, L50|22\/100\n|-ability|p2a: Ting-Lu|Vessel of Ruin\n|move|p1b: Iron Jugulis|Snarl|p2b: Dondozo|[spread] p2a,p2b\n|-resisted|p2a: Ting-Lu\n|-crit|p2b: Dondozo\n|-damage|p2a: Ting-Lu|20\/100\n|-damage|p2b: Dondozo|69\/100 par\n|-unboost|p2a: Ting-Lu|spa|1\n|-unboost|p2b: Dondozo|spa|1\n|move|p1a: Gyarados|Waterfall|p2b: Dondozo\n|-resisted|p2b: Dondozo\n|-damage|p2b: Dondozo|56\/100 par\n|move|p2b: Dondozo|Wave Crash|p1b: Iron Jugulis\n|-damage|p1b: Iron Jugulis|0 fnt\n|faint|p1b: Iron Jugulis\n|-end|p1b: Iron Jugulis|Quark Drive|[silent]\n|-damage|p2b: Dondozo|53\/100 par|[from] Recoil\n|\n|upkeep\n|turn|25\n|inactive|Mason117 has 20 seconds left this turn.\n|inactive|Mason117 has 15 seconds left.\n|inactive|Mason117 has 10 seconds left.\n|c|\u2606Mason117|How am i constantly getting flinched\n|inactive|Mason117 has 5 seconds left.\n|-message|Mason117 lost due to inactivity.\n|\n|win|BushaPKMN\n|raw|BushaPKMN's rating: 1181 → 1208<\/strong> (+27 for winning)\n|raw|Mason117's rating: 1205 → 1178<\/strong> (-27 for losing)\n|l|\u2606Mason117\n","uploadtime":1682791225,"views":20,"p1id":"bushapkmn","p2id":"mason117","formatid":"gen9vgc2023regulationc","rating":1178,"private":0,"password":""}