{"id":"gen9vgc2023regulationc-1857575694","p1":"swiggity swooter","p2":"vyxl","format":"[Gen 9] VGC 2023 Regulation C","log":"|j|\u2606swiggity swooter\n|j|\u2606vyxl\n|t:|1683209722\n|gametype|doubles\n|player|p1|swiggity swooter|169|1040\n|player|p2|vyxl|170|1131\n|teamsize|p1|6\n|teamsize|p2|6\n|gen|9\n|tier|[Gen 9] VGC 2023 Regulation C\n|rated|\n|rule|Species Clause: Limit one of each Pok\u00e9mon\n|rule|Item Clause: Limit one of each item\n|clearpoke\n|poke|p1|Gholdengo, L50|\n|poke|p1|Murkrow, L50, M|\n|poke|p1|Sandy Shocks, L50|\n|poke|p1|Amoonguss, L50, F|\n|poke|p1|Gyarados, L50, M|\n|poke|p1|Tyranitar, L50, F|\n|poke|p2|Murkrow, L50, F|\n|poke|p2|Ceruledge, L50, M|\n|poke|p2|Flutter Mane, L50|\n|poke|p2|Gyarados, L50, M|\n|poke|p2|Great Tusk, L50|\n|poke|p2|Wo-Chien, L50|\n|teampreview|4\n|inactive|Battle timer is ON: inactive players will automatically lose when time's up. (requested by vyxl)\nvyxl has agreed to open team sheets.\n|\n|t:|1683209745\n|start\n|switch|p1a: Sandy Shocks|Sandy Shocks, L50|100\/100\n|switch|p1b: Tyranitar|Tyranitar, L50, F|100\/100\n|switch|p2a: Murkrow|Murkrow, L50, F|100\/100\n|switch|p2b: Ceruledge|Ceruledge, L50, M|100\/100\n|-weather|Sandstorm|[from] ability: Sand Stream|[of] p1b: Tyranitar\n|turn|1\n|\n|t:|1683209767\n|-terastallize|p2b: Ceruledge|Grass\n|move|p2a: Murkrow|Sunny Day|p2a: Murkrow\n|-weather|SunnyDay\n|-activate|p1a: Sandy Shocks|ability: Protosynthesis\n|-start|p1a: Sandy Shocks|protosynthesisspa\n|move|p1a: Sandy Shocks|Thunderbolt|p2a: Murkrow\n|-supereffective|p2a: Murkrow\n|-enditem|p2a: Murkrow|Focus Sash\n|-damage|p2a: Murkrow|1\/100\n|-status|p2a: Murkrow|par\n|move|p2b: Ceruledge|Bitter Blade|p1b: Tyranitar\n|-resisted|p1b: Tyranitar\n|-crit|p1b: Tyranitar\n|-damage|p1b: Tyranitar|58\/100\n|move|p1b: Tyranitar|Rock Slide|p2a: Murkrow|[spread] p2a,p2b\n|-supereffective|p2a: Murkrow\n|-damage|p2a: Murkrow|0 fnt\n|-damage|p2b: Ceruledge|62\/100\n|faint|p2a: Murkrow\n|\n|-weather|SunnyDay|[upkeep]\n|upkeep\n|\n|t:|1683209789\n|switch|p2a: Great Tusk|Great Tusk, L50|100\/100\n|-activate|p2a: Great Tusk|ability: Protosynthesis\n|-start|p2a: Great Tusk|protosynthesisatk\n|turn|2\n|\n|t:|1683209806\n|-end|p1a: Sandy Shocks|Protosynthesis|[silent]\n|switch|p1a: Gyarados|Gyarados, L50, M|100\/100\n|-ability|p1a: Gyarados|Intimidate|boost\n|-unboost|p2a: Great Tusk|atk|1\n|-fail|p2b: Ceruledge|unboost|[from] item: Clear Amulet|[of] p2b: Ceruledge\n|move|p2b: Ceruledge|Protect|p2b: Ceruledge\n|-singleturn|p2b: Ceruledge|Protect\n|move|p2a: Great Tusk|Earthquake|p1b: Tyranitar|[spread] p1b\n|-activate|p2b: Ceruledge|move: Protect\n|-immune|p1a: Gyarados\n|-supereffective|p1b: Tyranitar\n|-damage|p1b: Tyranitar|1\/100\n|move|p1b: Tyranitar|Fire Punch|p2b: Ceruledge\n|-activate|p2b: Ceruledge|move: Protect\n|\n|-weather|SunnyDay|[upkeep]\n|upkeep\n|turn|3\n|\n|t:|1683209831\n|-end|p2a: Great Tusk|Protosynthesis|[silent]\n|switch|p2a: Flutter Mane|Flutter Mane, L50|100\/100\n|-activate|p2a: Flutter Mane|ability: Protosynthesis\n|-start|p2a: Flutter Mane|protosynthesisspa\n|switch|p1b: Sandy Shocks|Sandy Shocks, L50|100\/100\n|-activate|p1b: Sandy Shocks|ability: Protosynthesis\n|-start|p1b: Sandy Shocks|protosynthesisspa\n|move|p2b: Ceruledge|Shadow Sneak|p1b: Sandy Shocks\n|-damage|p1b: Sandy Shocks|73\/100\n|move|p1a: Gyarados|Dragon Dance|p1a: Gyarados\n|-boost|p1a: Gyarados|atk|1\n|-boost|p1a: Gyarados|spe|1\n|\n|-weather|SunnyDay|[upkeep]\n|upkeep\n|turn|4\n|\n|t:|1683209854\n|-terastallize|p1b: Sandy Shocks|Ice\n|move|p1a: Gyarados|Waterfall|p2a: Flutter Mane\n|-damage|p2a: Flutter Mane|29\/100\n|move|p2a: Flutter Mane|Dazzling Gleam|p1a: Gyarados|[spread] p1a,p1b\n|-damage|p1a: Gyarados|40\/100\n|-damage|p1b: Sandy Shocks|0 fnt\n|faint|p1b: Sandy Shocks\n|-end|p1b: Sandy Shocks|Protosynthesis|[silent]\n|-damage|p2a: Flutter Mane|19\/100|[from] item: Life Orb\n|move|p2b: Ceruledge|Tera Blast|p1a: Gyarados\n|-damage|p1a: Gyarados|0 fnt\n|faint|p1a: Gyarados\n|\n|-weather|SunnyDay|[upkeep]\n|upkeep\n|\n|t:|1683209868\n|switch|p1b: Gholdengo|Gholdengo, L50|100\/100\n|switch|p1a: Tyranitar|Tyranitar, L50, F|1\/100\n|-weather|Sandstorm|[from] ability: Sand Stream|[of] p1a: Tyranitar\n|-end|p2a: Flutter Mane|Protosynthesis\n|turn|5\n|\n|t:|1683209886\n|move|p1b: Gholdengo|Make It Rain|p2a: Flutter Mane|[spread] p2a,p2b\n|-supereffective|p2a: Flutter Mane\n|-damage|p2a: Flutter Mane|0 fnt\n|-damage|p2b: Ceruledge|8\/100\n|-unboost|p1b: Gholdengo|spa|1\n|faint|p2a: Flutter Mane\n|-end|p2a: Flutter Mane|Protosynthesis|[silent]\n|move|p2b: Ceruledge|Bitter Blade|p1b: Gholdengo\n|-supereffective|p1b: Gholdengo\n|-damage|p1b: Gholdengo|0 fnt\n|-heal|p2b: Ceruledge|53\/100|[from] drain|[of] p1b: Gholdengo\n|faint|p1b: Gholdengo\n|move|p1a: Tyranitar|Fire Punch|p2b: Ceruledge\n|-start|p2b: Ceruledge|ability: Flash Fire\n|\n|-weather|Sandstorm|[upkeep]\n|-damage|p2b: Ceruledge|47\/100|[from] Sandstorm\n|upkeep\n|-message|swiggity swooter forfeited.\n|\n|win|vyxl\n|raw|swiggity swooter's rating: 1040 → 1028<\/strong> (-12 for losing)\n|raw|vyxl's rating: 1131 → 1150<\/strong> (+19 for winning)\n|l|\u2606swiggity swooter\n","uploadtime":1683209904,"views":25,"p1id":"swiggityswooter","p2id":"vyxl","formatid":"gen9vgc2023regulationc","rating":1028,"private":0,"password":""}