{"id":"gen9vgc2023regulationc-1863213698","p1":"Phroeoeroh","p2":"BollyJones","format":"[Gen 9] VGC 2023 Regulation C","log":"|j|\u2606Phroeoeroh\n|j|\u2606BollyJones\n|t:|1683989190\n|gametype|doubles\n|player|p1|Phroeoeroh|volkner|1324\n|player|p2|BollyJones|1|1235\n|teamsize|p1|6\n|teamsize|p2|6\n|gen|9\n|tier|[Gen 9] VGC 2023 Regulation C\n|rated|\n|rule|Species Clause: Limit one of each Pok\u00e9mon\n|rule|Item Clause: Limit one of each item\n|clearpoke\n|poke|p1|Iron Moth, L50|\n|poke|p1|Raichu, L50, M|\n|poke|p1|Bronzong, L50|\n|poke|p1|Gyarados, L50, F|\n|poke|p1|Corviknight, L50, F|\n|poke|p1|Ting-Lu, L50|\n|poke|p2|Orthworm, L50, M|\n|poke|p2|Dragonite, L50, M|\n|poke|p2|Ting-Lu, L50|\n|poke|p2|Gyarados, L50, F|\n|poke|p2|Flutter Mane, L50|\n|poke|p2|Chien-Pao, L50|\n|teampreview|4\nBollyJones has agreed to open team sheets.\n|inactive|Battle timer is ON: inactive players will automatically lose when time's up. (requested by Phroeoeroh)\n|inactive|BollyJones has 60 seconds left.\n|inactive|BollyJones has 30 seconds left.\nPhroeoeroh rejected open team sheets.\n|inactive|BollyJones has 20 seconds left.\n|inactive|BollyJones has 15 seconds left.\n|\n|t:|1683989304\n|start\n|switch|p1a: Bronzong|Bronzong, L50|100\/100\n|switch|p1b: Iron Moth|Iron Moth, L50|100\/100\n|switch|p2a: Gyarados|Gyarados, L50, F|100\/100\n|switch|p2b: Orthworm|Orthworm, L50, M|100\/100\n|-ability|p2a: Gyarados|Intimidate|boost\n|-unboost|p1a: Bronzong|atk|1\n|-unboost|p1b: Iron Moth|atk|1\n|-enditem|p1b: Iron Moth|Booster Energy\n|-activate|p1b: Iron Moth|ability: Quark Drive|[fromitem]\n|-start|p1b: Iron Moth|quarkdrivespa\n|turn|1\n|inactive|Phroeoeroh has 30 seconds left.\n|inactive|BollyJones has 30 seconds left.\n|inactive|BollyJones has 20 seconds left.\n|inactive|BollyJones has 15 seconds left.\n|inactive|BollyJones has 10 seconds left.\n|\n|t:|1683989350\n|-terastallize|p1b: Iron Moth|Grass\n|move|p1b: Iron Moth|Sludge Wave|p2a: Gyarados|[spread] p2a\n|-immune|p1a: Bronzong\n|-immune|p2b: Orthworm\n|-damage|p2a: Gyarados|53\/100\n|-status|p2a: Gyarados|psn\n|move|p2a: Gyarados|Taunt|p1a: Bronzong\n|-start|p1a: Bronzong|move: Taunt\n|move|p2b: Orthworm|Shed Tail|p2b: Orthworm\n|-start|p2b: Orthworm|Substitute|[from] move: Shed Tail\n|-damage|p2b: Orthworm|50\/100\n|-enditem|p2b: Orthworm|Sitrus Berry|[eat]\n|-heal|p2b: Orthworm|75\/100|[from] item: Sitrus Berry\n|\n|t:|1683989368\n|switch|p2b: Dragonite|Dragonite, L50, M|100\/100|[from] Shed Tail\n|move|p1a: Bronzong|Zen Headbutt|p2b: Dragonite|[miss]\n|-miss|p1a: Bronzong|p2b: Dragonite\n|\n|-damage|p2a: Gyarados|41\/100 psn|[from] psn\n|upkeep\n|turn|2\n|inactive|BollyJones has 30 seconds left.\n|\n|t:|1683989398\n|move|p2b: Dragonite|Dragon Dance|p2b: Dragonite\n|-boost|p2b: Dragonite|atk|1\n|-boost|p2b: Dragonite|spe|1\n|move|p1b: Iron Moth|Sludge Wave|p2b: Dragonite|[spread] p2a,p2b\n|-immune|p1a: Bronzong\n|-end|p2b: Dragonite|Substitute\n|-damage|p2a: Gyarados|0 fnt\n|faint|p2a: Gyarados\n|move|p1a: Bronzong|Gyro Ball|p2b: Dragonite\n|-damage|p2b: Dragonite|83\/100\n|\n|upkeep\n|\n|t:|1683989412\n|switch|p2a: Orthworm|Orthworm, L50, M|75\/100\n|turn|3\n|inactive|BollyJones has 30 seconds left.\n|\n|t:|1683989445\n|-terastallize|p2b: Dragonite|Flying\n|move|p2b: Dragonite|Tera Blast|p1b: Iron Moth\n|-supereffective|p1b: Iron Moth\n|-damage|p1b: Iron Moth|0 fnt\n|faint|p1b: Iron Moth\n|-end|p1b: Iron Moth|Quark Drive|[silent]\n|move|p2a: Orthworm|Iron Defense|p2a: Orthworm\n|-boost|p2a: Orthworm|def|2\n|move|p1a: Bronzong|Gyro Ball|p2b: Dragonite\n|-damage|p2b: Dragonite|43\/100\n|\n|-end|p1a: Bronzong|move: Taunt\n|upkeep\n|\n|t:|1683989463\n|switch|p1b: Corviknight|Corviknight, L50, F|100\/100\n|turn|4\n|inactive|BollyJones has 30 seconds left.\n|inactive|Phroeoeroh has 30 seconds left.\n|inactive|BollyJones has 20 seconds left.\n|\n|t:|1683989500\n|move|p2b: Dragonite|Tera Blast|p1a: Bronzong\n|-resisted|p1a: Bronzong\n|-damage|p1a: Bronzong|67\/100\n|move|p1b: Corviknight|Body Press|p2a: Orthworm\n|-supereffective|p2a: Orthworm\n|-damage|p2a: Orthworm|59\/100\n|move|p2a: Orthworm|Iron Defense|p2a: Orthworm\n|-boost|p2a: Orthworm|def|2\n|move|p1a: Bronzong|Trick Room|p1a: Bronzong\n|-fieldstart|move: Trick Room|[of] p1a: Bronzong\n|\n|upkeep\n|turn|5\n|\n|t:|1683989517\n|move|p1a: Bronzong|Gyro Ball|p2b: Dragonite\n|-damage|p2b: Dragonite|8\/100\n|move|p2a: Orthworm|Iron Defense|p2a: Orthworm\n|-boost|p2a: Orthworm|def|2\n|move|p1b: Corviknight|U-turn|p2b: Dragonite\n|-resisted|p2b: Dragonite\n|-damage|p2b: Dragonite|0 fnt\n|faint|p2b: Dragonite\n|\n|t:|1683989526\n|switch|p1b: Raichu|Raichu, L50, M|100\/100|[from] U-turn\n|\n|upkeep\n|\n|t:|1683989536\n|switch|p2b: Flutter Mane|Flutter Mane, L50|100\/100\n|turn|6\n|inactive|BollyJones has 30 seconds left.\n|inactive|BollyJones has 20 seconds left.\n|inactive|BollyJones has 15 seconds left.\n|\n|t:|1683989579\n|move|p1b: Raichu|Protect|p1b: Raichu\n|-singleturn|p1b: Raichu|Protect\n|move|p1a: Bronzong|Gyro Ball|p2b: Flutter Mane\n|-supereffective|p2b: Flutter Mane\n|-damage|p2b: Flutter Mane|4\/100\n|move|p2a: Orthworm|Body Press|p1b: Raichu\n|-activate|p1b: Raichu|move: Protect\n|move|p2b: Flutter Mane|Dazzling Gleam|p1a: Bronzong|[spread] p1a\n|-activate|p1b: Raichu|move: Protect\n|-resisted|p1a: Bronzong\n|-damage|p1a: Bronzong|50\/100\n|\n|upkeep\n|turn|7\n|\n|t:|1683989598\n|switch|p1b: Corviknight|Corviknight, L50, F|100\/100\n|move|p1a: Bronzong|Gyro Ball|p2b: Flutter Mane\n|-supereffective|p2b: Flutter Mane\n|-damage|p2b: Flutter Mane|0 fnt\n|faint|p2b: Flutter Mane\n|-end|p2b: Flutter Mane|Protosynthesis|[silent]\n|move|p2a: Orthworm|Body Press|p1b: Corviknight\n|-damage|p1b: Corviknight|6\/100\n|\n|upkeep\n|turn|8\n|\n|t:|1683989621\n|move|p1a: Bronzong|Gyro Ball|p2a: Orthworm\n|-resisted|p2a: Orthworm\n|-damage|p2a: Orthworm|58\/100\n|move|p2a: Orthworm|Body Press|p1b: Corviknight\n|-damage|p1b: Corviknight|0 fnt\n|faint|p1b: Corviknight\n|\n|-fieldend|move: Trick Room\n|upkeep\n|\n|t:|1683989629\n|switch|p1b: Raichu|Raichu, L50, M|100\/100\n|turn|9\n|\n|t:|1683989642\n|move|p1a: Bronzong|Helping Hand|p1b: Raichu\n|-singleturn|p1b: Raichu|Helping Hand|[of] p1a: Bronzong\n|move|p1b: Raichu|Thunderbolt|p2a: Orthworm\n|-damage|p2a: Orthworm|0 fnt\n|faint|p2a: Orthworm\n|\n|win|Phroeoeroh\n|raw|Phroeoeroh's rating: 1324 → 1339<\/strong> (+15 for winning)\n|raw|BollyJones's rating: 1235 → 1216<\/strong> (-19 for losing)\n|l|\u2606Phroeoeroh\n","uploadtime":1683989652,"views":2,"p1id":"phroeoeroh","p2id":"bollyjones","formatid":"gen9vgc2023regulationc","rating":1216,"private":0,"password":""}