{"id":"gen9vgc2023regulationc-1848161232","p1":"Abunchofnumbers1","p2":"ApplinFan773","format":"[Gen 9] VGC 2023 Regulation C","log":"|j|\u2606Abunchofnumbers1\n|j|\u2606ApplinFan773\n|t:|1682036931\n|gametype|doubles\n|player|p1|Abunchofnumbers1|palmer|1192\n|player|p2|ApplinFan773|cilan|1170\n|teamsize|p1|6\n|teamsize|p2|6\n|gen|9\n|tier|[Gen 9] VGC 2023 Regulation C\n|rated|\n|rule|Species Clause: Limit one of each Pok\u00e9mon\n|rule|Item Clause: Limit one of each item\n|clearpoke\n|poke|p1|Arcanine, L50, M|\n|poke|p1|Palafin, L50, M|\n|poke|p1|Amoonguss, L50, F|\n|poke|p1|Iron Hands, L50|\n|poke|p1|Flutter Mane, L50|\n|poke|p1|Annihilape, L50, M|\n|poke|p2|Maushold-Four, L50|\n|poke|p2|Flutter Mane, L50|\n|poke|p2|Scream Tail, L50|\n|poke|p2|Arboliva, L50, F|\n|poke|p2|Ceruledge, L50, M|\n|poke|p2|Salamence, L50, M|\n|teampreview|4\n|inactive|Battle timer is ON: inactive players will automatically lose when time's up. (requested by ApplinFan773)\n|c|\u2606ApplinFan773|Glhf\n|c|\u2606Abunchofnumbers1|glhf\nApplinFan773 rejected open team sheets.\n|inactive|Abunchofnumbers1 has 60 seconds left.\n|\n|t:|1682036988\n|start\n|switch|p1a: Palafin|Palafin, L50, M|100\/100\n|switch|p1b: Arcanine|Arcanine, L50, M|100\/100\n|switch|p2a: Salami|Salamence, L50, M, shiny|100\/100\n|switch|p2b: Persephone|Scream Tail, L50, shiny|100\/100\n|-ability|p2a: Salami|Intimidate|boost\n|-unboost|p1a: Palafin|atk|1\n|-unboost|p1b: Arcanine|atk|1\n|-ability|p1b: Arcanine|Intimidate|boost\n|-unboost|p2a: Salami|atk|1\n|-unboost|p2b: Persephone|atk|1\n|-enditem|p2b: Persephone|Booster Energy\n|-activate|p2b: Persephone|ability: Protosynthesis|[fromitem]\n|-start|p2b: Persephone|protosynthesisspe\n|turn|1\n|\n|t:|1682037008\n|move|p2a: Salami|Protect|p2a: Salami\n|-singleturn|p2a: Salami|Protect\n|move|p1a: Palafin|Protect|p1a: Palafin\n|-singleturn|p1a: Palafin|Protect\n|move|p2b: Persephone|Misty Terrain|p2b: Persephone\n|-fieldstart|move: Misty Terrain\n|move|p1b: Arcanine|Will-O-Wisp|p2a: Salami\n|-activate|p2a: Salami|move: Protect\n|\n|upkeep\n|turn|2\n|\n|t:|1682037033\n|switch|p2a: Grim Shady|Ceruledge, L50, M|100\/100\n|detailschange|p1a: Palafin|Palafin-Hero, L50, M\n|switch|p1a: Flutter Mane|Flutter Mane, L50|100\/100\n|move|p2b: Persephone|Play Rough|p1a: Flutter Mane\n|-damage|p1a: Flutter Mane|76\/100\n|move|p1b: Arcanine|Will-O-Wisp|p2a: Grim Shady\n|-start|p2a: Grim Shady|ability: Flash Fire\n|\n|upkeep\n|turn|3\n|\n|t:|1682037054\n|-terastallize|p1a: Flutter Mane|Water\n|move|p1b: Arcanine|Helping Hand|p1a: Flutter Mane\n|-singleturn|p1a: Flutter Mane|Helping Hand|[of] p1b: Arcanine\n|move|p2b: Persephone|Howl|p2b: Persephone|[spread] p2a,p2b\n|-boost|p2a: Grim Shady|atk|1\n|-boost|p2b: Persephone|atk|1\n|move|p1a: Flutter Mane|Shadow Ball|p2a: Grim Shady\n|-supereffective|p2a: Grim Shady\n|-damage|p2a: Grim Shady|0 fnt\n|faint|p2a: Grim Shady\n|-damage|p1a: Flutter Mane|67\/100|[from] item: Life Orb\n|\n|upkeep\n|\n|t:|1682037065\n|switch|p2a: Rhea|Arboliva, L50, F, shiny|100\/100\n|turn|4\n|\n|t:|1682037078\n|-terastallize|p2a: Rhea|Water\n|move|p2b: Persephone|Disable|p1b: Arcanine\n|-start|p1b: Arcanine|Disable|Helping Hand\n|move|p1a: Flutter Mane|Shadow Ball|p2b: Persephone\n|-supereffective|p2b: Persephone\n|-damage|p2b: Persephone|20\/100\n|-damage|p1a: Flutter Mane|57\/100|[from] item: Life Orb\n|move|p1b: Arcanine|Flare Blitz|p2a: Rhea\n|-resisted|p2a: Rhea\n|-damage|p2a: Rhea|81\/100\n|-fieldstart|move: Grassy Terrain|[from] ability: Seed Sower|[of] p2a: Rhea\n|-damage|p1b: Arcanine|94\/100|[from] Recoil\n|move|p2a: Rhea|Giga Drain|p1a: Flutter Mane\n|-supereffective|p1a: Flutter Mane\n|-damage|p1a: Flutter Mane|0 fnt\n|-heal|p2a: Rhea|100\/100|[from] drain|[of] p1a: Flutter Mane\n|faint|p1a: Flutter Mane\n|-end|p1a: Flutter Mane|Protosynthesis|[silent]\n|\n|-heal|p2b: Persephone|25\/100|[from] Grassy Terrain\n|-heal|p1b: Arcanine|100\/100|[from] Grassy Terrain\n|upkeep\n|\n|t:|1682037098\n|switch|p1a: Annihilape|Annihilape, L50, M|100\/100\n|turn|5\n|\n|t:|1682037112\n|move|p2b: Persephone|Disable||[still]\n|-fail|p2b: Persephone\n|move|p1a: Annihilape|Seed Bomb|p2a: Rhea\n|-supereffective|p2a: Rhea\n|-damage|p2a: Rhea|44\/100\n|move|p1b: Arcanine|Flare Blitz|p2b: Persephone\n|-damage|p2b: Persephone|0 fnt\n|faint|p2b: Persephone\n|-end|p2b: Persephone|Protosynthesis|[silent]\n|-damage|p1b: Arcanine|91\/100|[from] Recoil\n|move|p2a: Rhea|Earth Power|p1b: Arcanine\n|-supereffective|p1b: Arcanine\n|-damage|p1b: Arcanine|17\/100\n|\n|-heal|p1b: Arcanine|23\/100|[from] Grassy Terrain\n|-heal|p2a: Rhea|50\/100|[from] Grassy Terrain\n|upkeep\n|\n|t:|1682037129\n|switch|p2b: Salami|Salamence, L50, M, shiny|100\/100\n|-ability|p2b: Salami|Intimidate|boost\n|-unboost|p1a: Annihilape|atk|1\n|-ability|p1a: Annihilape|Defiant|boost\n|-boost|p1a: Annihilape|atk|2\n|-enditem|p2b: Salami|Mirror Herb\n|-boost|p2b: Salami|atk|2|[from] item: Mirror Herb\n|-unboost|p1b: Arcanine|atk|1\n|turn|6\n|\n|t:|1682037143\n|move|p2a: Rhea|Protect|p2a: Rhea\n|-singleturn|p2a: Rhea|Protect\n|move|p1a: Annihilape|Seed Bomb|p2a: Rhea\n|-activate|p2a: Rhea|move: Protect\n|move|p2b: Salami|Dual Wingbeat|p1a: Annihilape\n|-supereffective|p1a: Annihilape\n|-damage|p1a: Annihilape|17\/100\n|-supereffective|p1a: Annihilape\n|-damage|p1a: Annihilape|0 fnt\n|faint|p1a: Annihilape\n|-hitcount|p1: Annihilape|2\n|move|p1b: Arcanine|Will-O-Wisp|p2b: Salami|[miss]\n|-miss|p1b: Arcanine|p2b: Salami\n|\n|-heal|p1b: Arcanine|29\/100|[from] Grassy Terrain\n|-heal|p2a: Rhea|57\/100|[from] Grassy Terrain\n|upkeep\n|\n|t:|1682037157\n|switch|p1a: Palafin|Palafin-Hero, L50, M|100\/100\n|-activate|p1a: Palafin|ability: Zero to Hero\n|turn|7\n|\n|t:|1682037175\n|move|p2b: Salami|Dragon Claw|p1b: Arcanine\n|-damage|p1b: Arcanine|0 fnt\n|faint|p1b: Arcanine\n|move|p1a: Palafin|Wave Crash|p2b: Salami\n|-resisted|p2b: Salami\n|-damage|p2b: Salami|52\/100\n|-damage|p1a: Palafin|87\/100|[from] Recoil\n|move|p2a: Rhea|Giga Drain|p1a: Palafin\n|-supereffective|p1a: Palafin\n|-damage|p1a: Palafin|0 fnt\n|-heal|p2a: Rhea|100\/100|[from] drain|[of] p1a: Palafin\n|faint|p1a: Palafin\n|\n|win|ApplinFan773\n|raw|Abunchofnumbers1's rating: 1192 → 1165<\/strong> (-27 for losing)\n|raw|ApplinFan773's rating: 1170 → 1197<\/strong> (+27 for winning)\n|c|\u2606Abunchofnumbers1|gg\n|l|\u2606Abunchofnumbers1\n|c|\u2606ApplinFan773|Gg wp\n","uploadtime":1682037200,"views":3,"p1id":"abunchofnumbers1","p2id":"applinfan773","formatid":"gen9vgc2023regulationc","rating":1165,"private":0,"password":""}