{"id":"gen9vgc2023regulationc-1845416681","p1":"celes-ovo","p2":"LoZoppo_IT","format":"[Gen 9] VGC 2023 Regulation C","log":"|j|\u2606celes-ovo\n|j|\u2606LoZoppo_IT\n|t:|1681730440\n|gametype|doubles\n|player|p1|celes-ovo|acetrainer|1106\n|player|p2|LoZoppo_IT|dawn|1028\n|teamsize|p1|6\n|teamsize|p2|6\n|gen|9\n|tier|[Gen 9] VGC 2023 Regulation C\n|rated|\n|rule|Species Clause: Limit one of each Pok\u00e9mon\n|rule|Item Clause: Limit one of each item\n|clearpoke\n|poke|p1|Tauros-Paldea-Blaze, L50, M|\n|poke|p1|Braviary, L50, M|\n|poke|p1|Meowscarada, L50, F|\n|poke|p1|Iron Bundle, L50|\n|poke|p1|Amoonguss, L50, F|\n|poke|p1|Ting-Lu, L50|\n|poke|p2|Amoonguss, L50, M|\n|poke|p2|Chi-Yu, L50|\n|poke|p2|Flutter Mane, L50|\n|poke|p2|Gyarados, L50, F|\n|poke|p2|Kingambit, L50, F|\n|poke|p2|Arcanine, L50, M|\n|teampreview|4\n|inactive|Battle timer is ON: inactive players will automatically lose when time's up. (requested by LoZoppo_IT)\n|inactive|celes-ovo has 60 seconds left.\n|\n|t:|1681730478\n|start\n|switch|p1a: Braviary|Braviary, L50, M|100\/100\n|switch|p1b: Iron Bundle|Iron Bundle, L50|100\/100\n|switch|p2a: Flutter Mane|Flutter Mane, L50|100\/100\n|switch|p2b: Chi-Yu|Chi-Yu, L50|100\/100\n|-ability|p2b: Chi-Yu|Beads of Ruin\n|-enditem|p1b: Iron Bundle|Booster Energy\n|-activate|p1b: Iron Bundle|ability: Quark Drive|[fromitem]\n|-start|p1b: Iron Bundle|quarkdrivespe\n|-enditem|p2a: Flutter Mane|Booster Energy\n|-activate|p2a: Flutter Mane|ability: Protosynthesis|[fromitem]\n|-start|p2a: Flutter Mane|protosynthesisspa\n|turn|1\n|inactive|LoZoppo_IT has 30 seconds left.\n|inactive|LoZoppo_IT has 20 seconds left.\n|inactive|celes-ovo has 30 seconds left.\n|inactive|LoZoppo_IT has 15 seconds left.\n|\n|t:|1681730523\n|move|p2a: Flutter Mane|Protect|p2a: Flutter Mane\n|-singleturn|p2a: Flutter Mane|Protect\n|move|p1b: Iron Bundle|Icy Wind|p2a: Flutter Mane|[spread] \n|-activate|p2a: Flutter Mane|move: Protect\n|-miss|p1b: Iron Bundle|p2b: Chi-Yu\n|move|p2b: Chi-Yu|Will-O-Wisp|p1b: Iron Bundle\n|-status|p1b: Iron Bundle|brn\n|move|p1a: Braviary|Brave Bird|p2b: Chi-Yu\n|-damage|p2b: Chi-Yu|9\/100\n|-damage|p1a: Braviary|80\/100|[from] Recoil\n|\n|-damage|p1b: Iron Bundle|94\/100 brn|[from] brn\n|upkeep\n|turn|2\n|inactive|LoZoppo_IT has 30 seconds left.\n|\n|t:|1681730549\n|-terastallize|p2a: Flutter Mane|Fairy\n|move|p1b: Iron Bundle|Icy Wind|p2b: Chi-Yu|[spread] p2a,p2b\n|-resisted|p2b: Chi-Yu\n|-damage|p2a: Flutter Mane|70\/100\n|-damage|p2b: Chi-Yu|0 fnt\n|-unboost|p2a: Flutter Mane|spe|1\n|faint|p2b: Chi-Yu\n|move|p1a: Braviary|Tailwind|p1a: Braviary\n|-sidestart|p1: celes-ovo|move: Tailwind\n|move|p2a: Flutter Mane|Dazzling Gleam|p1b: Iron Bundle|[spread] p1a,p1b\n|-damage|p1a: Braviary|14\/100\n|-damage|p1b: Iron Bundle|0 fnt\n|-enditem|p1a: Braviary|Sitrus Berry|[eat]\n|-heal|p1a: Braviary|38\/100|[from] item: Sitrus Berry\n|faint|p1b: Iron Bundle\n|-end|p1b: Iron Bundle|Quark Drive|[silent]\n|\n|upkeep\n|\n|t:|1681730568\n|switch|p1b: Tauros|Tauros-Paldea-Blaze, L50, M|100\/100\n|switch|p2b: Gyarados|Gyarados, L50, F|100\/100\n|-ability|p2b: Gyarados|Intimidate|boost\n|-unboost|p1a: Braviary|atk|1\n|-ability|p1a: Braviary|Defiant|boost\n|-boost|p1a: Braviary|atk|2\n|-unboost|p1b: Tauros|atk|1\n|turn|3\n|inactive|celes-ovo has 30 seconds left.\n|\n|t:|1681730597\n|-terastallize|p1b: Tauros|Grass\n|move|p2a: Flutter Mane|Protect|p2a: Flutter Mane\n|-singleturn|p2a: Flutter Mane|Protect\n|move|p1b: Tauros|Raging Bull|p2a: Flutter Mane\n|-activate|p2a: Flutter Mane|move: Protect\n|move|p1a: Braviary|Brave Bird|p2b: Gyarados\n|-damage|p2b: Gyarados|0 fnt\n|faint|p2b: Gyarados\n|-damage|p1a: Braviary|9\/100|[from] Recoil\n|\n|upkeep\n|\n|t:|1681730609\n|switch|p2b: Amoonguss|Amoonguss, L50, M|100\/100\n|turn|4\n|\n|t:|1681730619\n|move|p2b: Amoonguss|Rage Powder|p2b: Amoonguss\n|-singleturn|p2b: Amoonguss|move: Rage Powder\n|move|p1b: Tauros|Raging Bull|p2a: Flutter Mane\n|-damage|p2a: Flutter Mane|9\/100\n|move|p1a: Braviary|Brave Bird|p2b: Amoonguss\n|-supereffective|p2b: Amoonguss\n|-damage|p2b: Amoonguss|0 fnt\n|faint|p2b: Amoonguss\n|-damage|p1a: Braviary|0 fnt|[from] Recoil\n|faint|p1a: Braviary\n|move|p2a: Flutter Mane|Dazzling Gleam|p1b: Tauros\n|-damage|p1b: Tauros|20\/100\n|\n|upkeep\n|\n|t:|1681730633\n|switch|p1a: Meowscarada|Meowscarada, L50, F|100\/100\n|turn|5\n|\n|t:|1681730638\n|move|p2a: Flutter Mane|Protect|p2a: Flutter Mane\n|-singleturn|p2a: Flutter Mane|Protect\n|move|p1a: Meowscarada|Flower Trick|p2a: Flutter Mane\n|-start|p1a: Meowscarada|typechange|Grass|[from] ability: Protean\n|-activate|p2a: Flutter Mane|move: Protect\n|move|p1b: Tauros|Raging Bull|p2a: Flutter Mane\n|-activate|p2a: Flutter Mane|move: Protect\n|\n|-sideend|p1: celes-ovo|move: Tailwind\n|upkeep\n|turn|6\n|\n|t:|1681730654\n|move|p1a: Meowscarada|Flower Trick|p2a: Flutter Mane\n|-crit|p2a: Flutter Mane\n|-damage|p2a: Flutter Mane|0 fnt\n|faint|p2a: Flutter Mane\n|-end|p2a: Flutter Mane|Protosynthesis|[silent]\n|\n|win|celes-ovo\n|raw|celes-ovo's rating: 1106 → 1125<\/strong> (+19 for winning)\n|raw|LoZoppo_IT's rating: 1028 → 1017<\/strong> (-11 for losing)\n|l|\u2606LoZoppo_IT\n","uploadtime":1681730662,"views":11,"p1id":"celesovo","p2id":"lozoppoit","formatid":"gen9vgc2023regulationc","rating":1017,"private":0,"password":""}