{"id":"gen9vgc2023regulationc-1862063763","p1":"EldyOnetrick","p2":"ITS PAPAW TIME","format":"[Gen 9] VGC 2023 Regulation C","log":"|j|\u2606EldyOnetrick\n|j|\u2606ITS PAPAW TIME\n|t:|1683833380\n|gametype|doubles\n|player|p1|EldyOnetrick|scientist-gen4dp|1237\n|player|p2|ITS PAPAW TIME|ingo|1247\n|teamsize|p1|6\n|teamsize|p2|6\n|gen|9\n|tier|[Gen 9] VGC 2023 Regulation C\n|rated|\n|rule|Species Clause: Limit one of each Pok\u00e9mon\n|rule|Item Clause: Limit one of each item\n|clearpoke\n|poke|p1|Iron Moth, L50|\n|poke|p1|Roaring Moon, L50|\n|poke|p1|Glimmora, L50, F|\n|poke|p1|Baxcalibur, L50, M|\n|poke|p1|Rotom-Wash, L50|\n|poke|p1|Talonflame, L50, M|\n|poke|p2|Baxcalibur, L50, M|\n|poke|p2|Palafin, L50, F|\n|poke|p2|Arcanine, L50, M|\n|poke|p2|Flutter Mane, L50|\n|poke|p2|Ting-Lu, L50|\n|poke|p2|Amoonguss, L50, F|\n|teampreview|4\nITS PAPAW TIME has agreed to open team sheets.\n|\n|t:|1683833400\n|start\n|switch|p1a: Talonflame|Talonflame, L50, M|100\/100\n|switch|p1b: Rotom|Rotom-Wash, L50|100\/100\n|switch|p2a: M3LM4N T1M3|Palafin, L50, F|100\/100\n|switch|p2b: PEACEMAKER|Baxcalibur, L50, M|100\/100\n|turn|1\n|inactive|Battle timer is ON: inactive players will automatically lose when time's up. (requested by EldyOnetrick)\n|\n|t:|1683833417\n|move|p1a: Talonflame|Tailwind|p1a: Talonflame\n|-sidestart|p1: EldyOnetrick|move: Tailwind\n|move|p2a: M3LM4N T1M3|Jet Punch|p1a: Talonflame\n|-supereffective|p1a: Talonflame\n|-crit|p1a: Talonflame\n|-damage|p1a: Talonflame|0 fnt\n|faint|p1a: Talonflame\n|move|p1b: Rotom|Volt Switch|p2a: M3LM4N T1M3\n|-supereffective|p2a: M3LM4N T1M3\n|-damage|p2a: M3LM4N T1M3|31\/100\n|\n|t:|1683833425\n|switch|p1b: Baxcalibur|Baxcalibur, L50, M, shiny|100\/100|[from] Volt Switch\n|move|p2b: PEACEMAKER|Dragon Dance|p2b: PEACEMAKER\n|-boost|p2b: PEACEMAKER|atk|1\n|-boost|p2b: PEACEMAKER|spe|1\n|\n|upkeep\n|\n|t:|1683833429\n|switch|p1a: Rotom|Rotom-Wash, L50|100\/100\n|turn|2\n|\n|t:|1683833442\n|detailschange|p2a: M3LM4N T1M3|Palafin-Hero, L50, F\n|switch|p2a: M4NG0D|Arcanine, L50, M|100\/100\n|-ability|p2a: M4NG0D|Intimidate|boost\n|-unboost|p1a: Rotom|atk|1\n|-unboost|p1b: Baxcalibur|atk|1\n|move|p1b: Baxcalibur|Glaive Rush|p2b: PEACEMAKER\n|-supereffective|p2b: PEACEMAKER\n|-damage|p2b: PEACEMAKER|1\/100\n|-singlemove|p1b: Baxcalibur|Glaive Rush|[silent]\n|move|p1a: Rotom|Volt Switch|p2a: M4NG0D\n|-damage|p2a: M4NG0D|66\/100\n|\n|t:|1683833447\n|switch|p1a: Iron Moth|Iron Moth, L50|100\/100|[from] Volt Switch\n|move|p2b: PEACEMAKER|Glaive Rush|p1a: Iron Moth\n|-damage|p1a: Iron Moth|0 fnt\n|-singlemove|p2b: PEACEMAKER|Glaive Rush|[silent]\n|faint|p1a: Iron Moth\n|-end|p1a: Iron Moth|Quark Drive|[silent]\n|\n|upkeep\n|\n|t:|1683833453\n|switch|p1a: Rotom|Rotom-Wash, L50|100\/100\n|turn|3\n|\n|t:|1683833472\n|move|p2b: PEACEMAKER|Protect|p2b: PEACEMAKER\n|-singleturn|p2b: PEACEMAKER|Protect\n|move|p1b: Baxcalibur|Ice Shard|p2b: PEACEMAKER\n|-activate|p2b: PEACEMAKER|move: Protect\n|move|p1a: Rotom|Hydro Pump|p2a: M4NG0D\n|-supereffective|p2a: M4NG0D\n|-damage|p2a: M4NG0D|0 fnt\n|faint|p2a: M4NG0D\n|\n|upkeep\n|\n|t:|1683833482\n|switch|p2a: TH3 Z00|Ting-Lu, L50|100\/100\n|-ability|p2a: TH3 Z00|Vessel of Ruin\n|turn|4\n|\n|t:|1683833498\n|switch|p2b: M3LM4N T1M3|Palafin-Hero, L50, F|31\/100\n|-activate|p2b: M3LM4N T1M3|ability: Zero to Hero\n|-terastallize|p2a: TH3 Z00|Water\n|move|p1b: Baxcalibur|Ice Shard|p2b: M3LM4N T1M3\n|-resisted|p2b: M3LM4N T1M3\n|-damage|p2b: M3LM4N T1M3|24\/100\n|move|p1a: Rotom|Hydro Pump|p2a: TH3 Z00\n|-resisted|p2a: TH3 Z00\n|-damage|p2a: TH3 Z00|92\/100\n|move|p2a: TH3 Z00|Rock Slide|p1b: Baxcalibur|[spread] p1b\n|-miss|p2a: TH3 Z00|p1a: Rotom\n|-supereffective|p1b: Baxcalibur\n|-damage|p1b: Baxcalibur|72\/100\n|\n|-sideend|p1: EldyOnetrick|move: Tailwind\n|upkeep\n|turn|5\n|\n|t:|1683833514\n|move|p1b: Baxcalibur|Protect|p1b: Baxcalibur\n|-singleturn|p1b: Baxcalibur|Protect\n|move|p2b: M3LM4N T1M3|Jet Punch|p1b: Baxcalibur\n|-activate|p1b: Baxcalibur|move: Protect\n|move|p1a: Rotom|Volt Switch|p2b: M3LM4N T1M3\n|-supereffective|p2b: M3LM4N T1M3\n|-damage|p2b: M3LM4N T1M3|0 fnt\n|faint|p2b: M3LM4N T1M3\n|move|p2a: TH3 Z00|Ruination|p1a: Rotom\n|-damage|p1a: Rotom|51\/100\n|\n|upkeep\n|\n|t:|1683833517\n|switch|p2b: PEACEMAKER|Baxcalibur, L50, M|1\/100\n|turn|6\n|\n|t:|1683833530\n|move|p1b: Baxcalibur|Ice Shard|p2b: PEACEMAKER\n|-damage|p2b: PEACEMAKER|0 fnt\n|faint|p2b: PEACEMAKER\n|move|p1a: Rotom|Thunderbolt|p2a: TH3 Z00\n|-supereffective|p2a: TH3 Z00\n|-damage|p2a: TH3 Z00|67\/100\n|move|p2a: TH3 Z00|Rock Slide|p1a: Rotom|[spread] p1a,p1b\n|-supereffective|p1b: Baxcalibur\n|-damage|p1a: Rotom|35\/100\n|-damage|p1b: Baxcalibur|43\/100\n|-enditem|p1a: Rotom|Sitrus Berry|[eat]\n|-heal|p1a: Rotom|60\/100|[from] item: Sitrus Berry\n|\n|upkeep\n|turn|7\n|\n|t:|1683833545\n|-terastallize|p1a: Rotom|Electric\n|move|p1b: Baxcalibur|Glaive Rush|p2a: TH3 Z00\n|-damage|p2a: TH3 Z00|41\/100\n|-singlemove|p1b: Baxcalibur|Glaive Rush|[silent]\n|move|p1a: Rotom|Thunderbolt|p2a: TH3 Z00\n|-supereffective|p2a: TH3 Z00\n|-damage|p2a: TH3 Z00|8\/100\n|move|p2a: TH3 Z00|Rock Slide|p1b: Baxcalibur|[spread] p1a,p1b\n|-supereffective|p1b: Baxcalibur\n|-damage|p1a: Rotom|46\/100\n|-damage|p1b: Baxcalibur|0 fnt\n|faint|p1b: Baxcalibur\n|\n|upkeep\n|turn|8\n|\n|t:|1683833555\n|move|p1a: Rotom|Thunderbolt|p2a: TH3 Z00\n|-supereffective|p2a: TH3 Z00\n|-damage|p2a: TH3 Z00|0 fnt\n|faint|p2a: TH3 Z00\n|\n|win|EldyOnetrick\n|raw|EldyOnetrick's rating: 1237 → 1263<\/strong> (+26 for winning)\n|raw|ITS PAPAW TIME's rating: 1247 → 1221<\/strong> (-26 for losing)\n|l|\u2606ITS PAPAW TIME\n","uploadtime":1683833561,"views":14,"p1id":"eldyonetrick","p2id":"itspapawtime","formatid":"gen9vgc2023regulationc","rating":1221,"private":0,"password":""}