{"id":"gen9vgc2023regulationc-1862318331","p1":"detectivepikaVGC","p2":"shinylvl1mew","format":"[Gen 9] VGC 2023 Regulation C","log":"|j|\u2606detectivepikaVGC\n|j|\u2606shinylvl1mew\n|t:|1683864821\n|gametype|doubles\n|player|p1|detectivepikaVGC|101|1056\n|player|p2|shinylvl1mew|rocketgrunt|1074\n|teamsize|p1|6\n|teamsize|p2|6\n|gen|9\n|tier|[Gen 9] VGC 2023 Regulation C\n|rated|\n|rule|Species Clause: Limit one of each Pok\u00e9mon\n|rule|Item Clause: Limit one of each item\n|clearpoke\n|poke|p1|Bronzong, L50|\n|poke|p1|Dragonite, L50, M|\n|poke|p1|Flutter Mane, L50|\n|poke|p1|Ting-Lu, L50|\n|poke|p1|Amoonguss, L50, M|\n|poke|p1|Arcanine, L50, M|\n|poke|p2|Wo-Chien, L50|\n|poke|p2|Tyranitar, L50, M|\n|poke|p2|Iron Bundle, L50|\n|poke|p2|Glimmora, L50, M|\n|poke|p2|Gyarados, L50, M|\n|poke|p2|Flutter Mane, L50|\n|teampreview|4\n|\n|t:|1683864851\n|start\n|switch|p1a: Bronzong|Bronzong, L50, shiny|100\/100\n|switch|p1b: Ting-Lu|Ting-Lu, L50|100\/100\n|switch|p2a: Wo-Chien|Wo-Chien, L50|100\/100\n|switch|p2b: Gyarados|Gyarados, L50, M, shiny|100\/100\n|-ability|p2b: Gyarados|Intimidate|boost\n|-unboost|p1a: Bronzong|atk|1\n|-unboost|p1b: Ting-Lu|atk|1\n|-ability|p2a: Wo-Chien|Tablets of Ruin\n|-ability|p1b: Ting-Lu|Vessel of Ruin\n|turn|1\n|\n|t:|1683864873\n|move|p2a: Wo-Chien|Protect|p2a: Wo-Chien\n|-singleturn|p2a: Wo-Chien|Protect\n|move|p2b: Gyarados|Taunt|p1a: Bronzong\n|-start|p1a: Bronzong|move: Taunt\n|move|p1b: Ting-Lu|Ruination|p2b: Gyarados\n|-damage|p2b: Gyarados|50\/100\n|-enditem|p2b: Gyarados|Sitrus Berry|[eat]\n|-heal|p2b: Gyarados|75\/100|[from] item: Sitrus Berry\n|cant|p1a: Bronzong|move: Taunt|Trick Room\n|\n|upkeep\n|turn|2\n|\n|t:|1683864903\n|-terastallize|p2a: Wo-Chien|Water\n|move|p2b: Gyarados|Waterfall|p1b: Ting-Lu\n|-supereffective|p1b: Ting-Lu\n|-damage|p1b: Ting-Lu|73\/100\n|move|p2a: Wo-Chien|Leech Seed|p1b: Ting-Lu\n|-start|p1b: Ting-Lu|move: Leech Seed\n|cant|p1b: Ting-Lu|flinch\n|move|p1a: Bronzong|Body Press|p2a: Wo-Chien\n|-crit|p2a: Wo-Chien\n|-damage|p2a: Wo-Chien|74\/100\n|\n|-heal|p2a: Wo-Chien|80\/100|[from] item: Leftovers\n|-damage|p1b: Ting-Lu|61\/100|[from] Leech Seed|[of] p2a: Wo-Chien\n|-heal|p2a: Wo-Chien|97\/100|[silent]\n|upkeep\n|turn|3\n|\n|t:|1683864928\n|switch|p1b: Dragonite|Dragonite, L50, M, shiny|100\/100\n|move|p2b: Gyarados|Waterfall|p1b: Dragonite\n|-resisted|p1b: Dragonite\n|-damage|p1b: Dragonite|94\/100\n|move|p2a: Wo-Chien|Leech Seed|p1a: Bronzong\n|-start|p1a: Bronzong|move: Leech Seed\n|move|p1a: Bronzong|Body Press|p2a: Wo-Chien\n|-damage|p2a: Wo-Chien|77\/100\n|\n|-heal|p2a: Wo-Chien|83\/100|[from] item: Leftovers\n|-damage|p1a: Bronzong|88\/100|[from] Leech Seed|[of] p2a: Wo-Chien\n|-heal|p2a: Wo-Chien|94\/100|[silent]\n|-end|p1a: Bronzong|move: Taunt\n|upkeep\n|turn|4\n|\n|t:|1683864962\n|-terastallize|p1b: Dragonite|Flying\n|move|p2a: Wo-Chien|Protect|p2a: Wo-Chien\n|-singleturn|p2a: Wo-Chien|Protect\n|move|p2b: Gyarados|Thunder Wave|p1b: Dragonite\n|-status|p1b: Dragonite|par\n|move|p1b: Dragonite|Tera Blast|p2a: Wo-Chien\n|-activate|p2a: Wo-Chien|move: Protect\n|move|p1a: Bronzong|Trick Room|p1a: Bronzong\n|-fieldstart|move: Trick Room|[of] p1a: Bronzong\n|\n|-heal|p1a: Bronzong|94\/100|[from] item: Leftovers\n|-heal|p2a: Wo-Chien|100\/100|[from] item: Leftovers\n|-damage|p1a: Bronzong|82\/100|[from] Leech Seed|[of] p2a: Wo-Chien\n|upkeep\n|turn|5\n|\n|t:|1683864988\n|cant|p1b: Dragonite|par\n|move|p1a: Bronzong|Iron Defense|p1a: Bronzong\n|-boost|p1a: Bronzong|def|2\n|move|p2a: Wo-Chien|Leech Seed|p1b: Dragonite\n|-start|p1b: Dragonite|move: Leech Seed\n|move|p2b: Gyarados|Icy Wind|p1a: Bronzong|[spread] p1a,p1b\n|-resisted|p1a: Bronzong\n|-supereffective|p1b: Dragonite\n|-damage|p1a: Bronzong|80\/100\n|-damage|p1b: Dragonite|83\/100 par\n|-unboost|p1a: Bronzong|spe|1\n|-unboost|p1b: Dragonite|spe|1\n|\n|-heal|p1a: Bronzong|86\/100|[from] item: Leftovers\n|-damage|p1b: Dragonite|71\/100 par|[from] Leech Seed|[of] p2a: Wo-Chien\n|-damage|p1a: Bronzong|73\/100|[from] Leech Seed|[of] p2a: Wo-Chien\n|upkeep\n|turn|6\n|\n|t:|1683865008\n|switch|p1b: Amoonguss|Amoonguss, L50, M, shiny|100\/100\n|switch|p2b: Iron Bundle|Iron Bundle, L50|100\/100\n|move|p2a: Wo-Chien|Protect|p2a: Wo-Chien\n|-singleturn|p2a: Wo-Chien|Protect\n|move|p1a: Bronzong|Iron Defense|p1a: Bronzong\n|-boost|p1a: Bronzong|def|2\n|\n|-heal|p1a: Bronzong|79\/100|[from] item: Leftovers\n|-damage|p1a: Bronzong|67\/100|[from] Leech Seed|[of] p2a: Wo-Chien\n|upkeep\n|turn|7\n|\n|t:|1683865036\n|move|p1a: Bronzong|Body Press|p2b: Iron Bundle\n|-supereffective|p2b: Iron Bundle\n|-damage|p2b: Iron Bundle|0 fnt\n|faint|p2b: Iron Bundle\n|-end|p2b: Iron Bundle|Quark Drive|[silent]\n|move|p1b: Amoonguss|Pollen Puff|p1a: Bronzong\n|-heal|p1a: Bronzong|100\/100\n|move|p2a: Wo-Chien|Pollen Puff|p1b: Amoonguss\n|-damage|p1b: Amoonguss|81\/100\n|\n|-damage|p1a: Bronzong|88\/100|[from] Leech Seed|[of] p2a: Wo-Chien\n|upkeep\n|\n|t:|1683865052\n|switch|p2b: Gyarados|Gyarados, L50, M, shiny|75\/100\n|-ability|p2b: Gyarados|Intimidate|boost\n|-unboost|p1a: Bronzong|atk|1\n|-unboost|p1b: Amoonguss|atk|1\n|turn|8\n|\n|t:|1683865073\n|move|p2a: Wo-Chien|Protect|p2a: Wo-Chien\n|-singleturn|p2a: Wo-Chien|Protect\n|move|p1a: Bronzong|Iron Defense|p1a: Bronzong\n|-boost|p1a: Bronzong|def|2\n|move|p1b: Amoonguss|Spore|p2b: Gyarados\n|-status|p2b: Gyarados|slp|[from] move: Spore\n|cant|p2b: Gyarados|slp\n|\n|-heal|p1a: Bronzong|94\/100|[from] item: Leftovers\n|-damage|p1a: Bronzong|82\/100|[from] Leech Seed|[of] p2a: Wo-Chien\n|-fieldend|move: Trick Room\n|upkeep\n|turn|9\n|\n|t:|1683865107\n|switch|p2b: Tyranitar|Tyranitar, L50, M, shiny|100\/100\n|-weather|Sandstorm|[from] ability: Sand Stream|[of] p2b: Tyranitar\n|move|p2a: Wo-Chien|Protect|p2a: Wo-Chien\n|-singleturn|p2a: Wo-Chien|Protect\n|move|p1b: Amoonguss|Pollen Puff|p1a: Bronzong\n|-heal|p1a: Bronzong|100\/100\n|move|p1a: Bronzong|Body Press|p2b: Tyranitar\n|-supereffective|p2b: Tyranitar\n|-damage|p2b: Tyranitar|0 fnt\n|faint|p2b: Tyranitar\n|\n|-weather|Sandstorm|[upkeep]\n|-damage|p2a: Wo-Chien|94\/100|[from] Sandstorm\n|-damage|p1b: Amoonguss|75\/100|[from] Sandstorm\n|-heal|p2a: Wo-Chien|100\/100|[from] item: Leftovers\n|-damage|p1a: Bronzong|88\/100|[from] Leech Seed|[of] p2a: Wo-Chien\n|upkeep\n|\n|t:|1683865127\n|switch|p2b: Gyarados|Gyarados, L50, M, shiny|75\/100 slp\n|-ability|p2b: Gyarados|Intimidate|boost\n|-unboost|p1a: Bronzong|atk|1\n|-unboost|p1b: Amoonguss|atk|1\n|turn|10\n|\n|t:|1683865143\n|-curestatus|p2b: Gyarados|slp|[msg]\n|move|p2b: Gyarados|Taunt|p1a: Bronzong\n|-start|p1a: Bronzong|move: Taunt\n|move|p2a: Wo-Chien|Foul Play|p1b: Amoonguss\n|-damage|p1b: Amoonguss|65\/100\n|-damage|p2a: Wo-Chien|84\/100|[from] item: Rocky Helmet|[of] p1b: Amoonguss\n|move|p1b: Amoonguss|Pollen Puff|p1a: Bronzong\n|-heal|p1a: Bronzong|100\/100\n|cant|p1a: Bronzong|move: Taunt|Iron Defense\n|\n|-weather|Sandstorm|[upkeep]\n|-damage|p2b: Gyarados|69\/100|[from] Sandstorm\n|-damage|p2a: Wo-Chien|78\/100|[from] Sandstorm\n|-damage|p1b: Amoonguss|59\/100|[from] Sandstorm\n|-heal|p2a: Wo-Chien|84\/100|[from] item: Leftovers\n|-damage|p1a: Bronzong|88\/100|[from] Leech Seed|[of] p2a: Wo-Chien\n|-heal|p2a: Wo-Chien|95\/100|[silent]\n|upkeep\n|turn|11\n|\n|t:|1683865171\n|switch|p1b: Dragonite|Dragonite, L50, M, shiny, tera:Flying|71\/100 par\n|move|p2b: Gyarados|Taunt|p1b: Dragonite\n|-start|p1b: Dragonite|move: Taunt\n|move|p2a: Wo-Chien|Foul Play|p1b: Dragonite\n|-damage|p1b: Dragonite|20\/100 par\n|move|p1a: Bronzong|Body Press|p2b: Gyarados\n|-resisted|p2b: Gyarados\n|-damage|p2b: Gyarados|28\/100\n|\n|-weather|Sandstorm|[upkeep]\n|-damage|p2b: Gyarados|22\/100|[from] Sandstorm\n|-damage|p2a: Wo-Chien|89\/100|[from] Sandstorm\n|-damage|p1b: Dragonite|14\/100 par|[from] Sandstorm\n|-heal|p2a: Wo-Chien|95\/100|[from] item: Leftovers\n|-heal|p1a: Bronzong|94\/100|[from] item: Leftovers\n|-damage|p1a: Bronzong|82\/100|[from] Leech Seed|[of] p2a: Wo-Chien\n|-heal|p2a: Wo-Chien|100\/100|[silent]\n|upkeep\n|turn|12\n|\n|t:|1683865197\n|move|p2b: Gyarados|Icy Wind|p1a: Bronzong|[spread] p1a,p1b\n|-resisted|p1a: Bronzong\n|-supereffective|p1b: Dragonite\n|-damage|p1a: Bronzong|80\/100\n|-damage|p1b: Dragonite|4\/100 par\n|-unboost|p1a: Bronzong|spe|1\n|-unboost|p1b: Dragonite|spe|1\n|move|p2a: Wo-Chien|Leech Seed|p1b: Dragonite\n|-start|p1b: Dragonite|move: Leech Seed\n|move|p1b: Dragonite|Facade|p2a: Wo-Chien\n|-damage|p2a: Wo-Chien|44\/100\n|move|p1a: Bronzong|Body Press|p2b: Gyarados\n|-resisted|p2b: Gyarados\n|-damage|p2b: Gyarados|0 fnt\n|faint|p2b: Gyarados\n|\n|-weather|Sandstorm|[upkeep]\n|-damage|p2a: Wo-Chien|37\/100|[from] Sandstorm\n|-damage|p1b: Dragonite|0 fnt|[from] Sandstorm\n|faint|p1b: Dragonite\n|-heal|p2a: Wo-Chien|44\/100|[from] item: Leftovers\n|-heal|p1a: Bronzong|86\/100|[from] item: Leftovers\n|-damage|p1a: Bronzong|73\/100|[from] Leech Seed|[of] p2a: Wo-Chien\n|-heal|p2a: Wo-Chien|55\/100|[silent]\n|-end|p1a: Bronzong|move: Taunt\n|upkeep\n|\n|t:|1683865222\n|switch|p1b: Ting-Lu|Ting-Lu, L50|61\/100\n|-ability|p1b: Ting-Lu|Vessel of Ruin\n|turn|13\n|\n|t:|1683865233\n|move|p2a: Wo-Chien|Protect|p2a: Wo-Chien\n|-singleturn|p2a: Wo-Chien|Protect\n|move|p1b: Ting-Lu|Heavy Slam|p2a: Wo-Chien\n|-activate|p2a: Wo-Chien|move: Protect\n|move|p1a: Bronzong|Body Press|p2a: Wo-Chien\n|-activate|p2a: Wo-Chien|move: Protect\n|\n|-weather|none\n|-heal|p2a: Wo-Chien|61\/100|[from] item: Leftovers\n|-heal|p1a: Bronzong|79\/100|[from] item: Leftovers\n|-damage|p1a: Bronzong|67\/100|[from] Leech Seed|[of] p2a: Wo-Chien\n|-heal|p2a: Wo-Chien|72\/100|[silent]\n|upkeep\n|turn|14\n|\n|t:|1683865260\n|move|p2a: Wo-Chien|Leech Seed|p1b: Ting-Lu|[miss]\n|-miss|p2a: Wo-Chien|p1b: Ting-Lu\n|move|p1b: Ting-Lu|Heavy Slam|p2a: Wo-Chien\n|-resisted|p2a: Wo-Chien\n|-damage|p2a: Wo-Chien|59\/100\n|move|p1a: Bronzong|Body Press|p2a: Wo-Chien\n|-damage|p2a: Wo-Chien|0 fnt\n|faint|p2a: Wo-Chien\n|\n|win|detectivepikaVGC\n|raw|detectivepikaVGC's rating: 1056 → 1089<\/strong> (+33 for winning)\n|raw|shinylvl1mew's rating: 1074 → 1052<\/strong> (-22 for losing)\n|l|\u2606shinylvl1mew\n","uploadtime":1683865276,"views":12,"p1id":"detectivepikavgc","p2id":"shinylvl1mew","formatid":"gen9vgc2023regulationc","rating":1052,"private":0,"password":""}