{"id":"gen9vgc2023regulationc-1854118575","p1":"Alaskan_fisher","p2":"blue#user24","format":"[Gen 9] VGC 2023 Regulation C","log":"|j|\u2606Alaskan_fisher\n|j|\u2606blue#user24\n|t:|1682772229\n|gametype|doubles\n|player|p1|Alaskan_fisher|fisherman-gen4|1414\n|player|p2|blue#user24|102|1310\n|teamsize|p1|6\n|teamsize|p2|6\n|gen|9\n|tier|[Gen 9] VGC 2023 Regulation C\n|rated|\n|rule|Species Clause: Limit one of each Pok\u00e9mon\n|rule|Item Clause: Limit one of each item\n|clearpoke\n|poke|p1|Iron Hands, L50|\n|poke|p1|Palafin, L50, F|\n|poke|p1|Arcanine, L50, M|\n|poke|p1|Flutter Mane, L50|\n|poke|p1|Chi-Yu, L50|\n|poke|p1|Amoonguss, L50, F|\n|poke|p2|Dondozo, L50, F|\n|poke|p2|Tatsugiri-Droopy, L50, F|\n|poke|p2|Pelipper, L50, M|\n|poke|p2|Drednaw, L50, M|\n|poke|p2|Dragonite, L50, M|\n|poke|p2|Chien-Pao, L50|\n|teampreview|4\nAlaskan_fisher has agreed to open team sheets.\n|inactive|Battle timer is ON: inactive players will automatically lose when time's up. (requested by blue#user24)\n|\n|t:|1682772289\n|start\n|switch|p1a: Palafin|Palafin, L50, F|100\/100\n|switch|p1b: Iron Hands|Iron Hands, L50|100\/100\n|switch|p2a: Pelipper|Pelipper, L50, M|100\/100\n|switch|p2b: Drednaw|Drednaw, L50, M|100\/100\n|-weather|RainDance|[from] ability: Drizzle|[of] p2a: Pelipper\n|turn|1\n|inactive|Alaskan_fisher has 30 seconds left.\n|inactive|blue#user24 has 30 seconds left.\n|inactive|Alaskan_fisher has 20 seconds left.\n|inactive|blue#user24 has 20 seconds left.\n|inactive|Alaskan_fisher has 15 seconds left.\n|inactive|blue#user24 has 15 seconds left.\n|inactive|Alaskan_fisher has 10 seconds left.\n|\n|t:|1682772336\n|detailschange|p1a: Palafin|Palafin-Hero, L50, F\n|switch|p1a: Amoonguss|Amoonguss, L50, F|100\/100\n|move|p1b: Iron Hands|Protect|p1b: Iron Hands\n|-singleturn|p1b: Iron Hands|Protect\n|move|p2b: Drednaw|Earthquake|p1a: Amoonguss|[spread] p1a\n|-activate|p1b: Iron Hands|move: Protect\n|-immune|p2a: Pelipper\n|-damage|p1a: Amoonguss|72\/100\n|move|p2a: Pelipper|Tailwind|p2a: Pelipper\n|-sidestart|p2: blue#user24|move: Tailwind\n|\n|-weather|RainDance|[upkeep]\n|upkeep\n|turn|2\n|inactive|Alaskan_fisher has 30 seconds left.\n|inactive|blue#user24 has 30 seconds left.\n|inactive|Alaskan_fisher has 20 seconds left.\n|inactive|Alaskan_fisher has 15 seconds left.\n|\n|t:|1682772377\n|-terastallize|p2b: Drednaw|Grass\n|-terastallize|p1a: Amoonguss|Water\n|move|p2b: Drednaw|Earthquake|p1a: Amoonguss|[spread] p1a,p1b\n|-immune|p2a: Pelipper\n|-supereffective|p1b: Iron Hands\n|-damage|p1a: Amoonguss|44\/100\n|-damage|p1b: Iron Hands|50\/100\n|-enditem|p1a: Amoonguss|Sitrus Berry|[eat]\n|-heal|p1a: Amoonguss|69\/100|[from] item: Sitrus Berry\n|move|p2a: Pelipper|Hurricane|p1a: Amoonguss\n|-damage|p1a: Amoonguss|20\/100\n|-start|p1a: Amoonguss|confusion\n|move|p1b: Iron Hands|Wild Charge|p2b: Drednaw\n|-resisted|p2b: Drednaw\n|-damage|p2b: Drednaw|73\/100\n|-damage|p1b: Iron Hands|45\/100|[from] Recoil\n|-activate|p1a: Amoonguss|confusion\n|move|p1a: Amoonguss|Pollen Puff|p1b: Iron Hands\n|-heal|p1b: Iron Hands|95\/100\n|\n|-weather|RainDance|[upkeep]\n|upkeep\n|turn|3\n|inactive|Alaskan_fisher has 30 seconds left.\n|inactive|blue#user24 has 30 seconds left.\n|inactive|Alaskan_fisher has 20 seconds left.\n|inactive|Alaskan_fisher has 15 seconds left.\n|\n|t:|1682772417\n|move|p2b: Drednaw|Earthquake|p1b: Iron Hands|[spread] p1a,p1b\n|-immune|p2a: Pelipper\n|-supereffective|p1b: Iron Hands\n|-damage|p1a: Amoonguss|0 fnt\n|-damage|p1b: Iron Hands|46\/100\n|faint|p1a: Amoonguss\n|move|p2a: Pelipper|Hydro Pump|p1b: Iron Hands\n|-damage|p1b: Iron Hands|0 fnt\n|faint|p1b: Iron Hands\n|-end|p1b: Iron Hands|Quark Drive|[silent]\n|\n|-weather|RainDance|[upkeep]\n|upkeep\n|\n|t:|1682772430\n|switch|p1b: Palafin|Palafin-Hero, L50, F|100\/100\n|switch|p1a: Arcanine|Arcanine, L50, M|100\/100\n|-ability|p1a: Arcanine|Intimidate|boost\n|-unboost|p2a: Pelipper|atk|1\n|-unboost|p2b: Drednaw|atk|1\n|-activate|p1b: Palafin|ability: Zero to Hero\n|turn|4\n|\n|t:|1682772447\n|switch|p2b: Tatsugiri|Tatsugiri-Droopy, L50, F, shiny|100\/100\n|switch|p2a: Dondozo|Dondozo, L50, F|100\/100\n|-activate|p2b: Tatsugiri|ability: Commander|[of] p2a: Dondozo\n|-boost|p2a: Dondozo|atk|2\n|-boost|p2a: Dondozo|spa|2\n|-boost|p2a: Dondozo|spe|2\n|-boost|p2a: Dondozo|def|2\n|-boost|p2a: Dondozo|spd|2\n|move|p1b: Palafin|Jet Punch|p2a: Dondozo\n|-resisted|p2a: Dondozo\n|-damage|p2a: Dondozo|87\/100\n|move|p1a: Arcanine|Flare Blitz|p2b: Tatsugiri|[miss]\n|-miss|p1a: Arcanine|p2b: Tatsugiri\n|\n|-weather|RainDance|[upkeep]\n|-sideend|p2: blue#user24|move: Tailwind\n|upkeep\n|turn|5\n|c|\u2606blue#user24|gg\n|\n|t:|1682772468\n|move|p1a: Arcanine|Protect|p1a: Arcanine\n|-singleturn|p1a: Arcanine|Protect\n|move|p2a: Dondozo|Substitute|p2a: Dondozo\n|-start|p2a: Dondozo|Substitute\n|-damage|p2a: Dondozo|62\/100\n|move|p1b: Palafin|Haze|p1b: Palafin\n|-clearallboost\n|\n|-weather|RainDance|[upkeep]\n|upkeep\n|turn|6\n|\n|t:|1682772479\n|move|p1b: Palafin|Jet Punch|p2a: Dondozo\n|-resisted|p2a: Dondozo\n|-end|p2a: Dondozo|Substitute\n|move|p1a: Arcanine|Will-O-Wisp|p2a: Dondozo\n|-status|p2a: Dondozo|brn\n|move|p2a: Dondozo|Surf|p1b: Palafin|[spread] p1a,p1b\n|-miss|p2a: Dondozo|p2b: Tatsugiri\n|-supereffective|p1a: Arcanine\n|-resisted|p1b: Palafin\n|-damage|p1a: Arcanine|0 fnt\n|-damage|p1b: Palafin|82\/100\n|faint|p1a: Arcanine\n|-damage|p2a: Dondozo|53\/100 brn|[from] item: Life Orb\n|\n|-weather|RainDance|[upkeep]\n|-damage|p2a: Dondozo|47\/100 brn|[from] brn\n|upkeep\n|turn|7\n|\n|t:|1682772495\n|move|p1b: Palafin|Wave Crash|p2a: Dondozo\n|-resisted|p2a: Dondozo\n|-damage|p2a: Dondozo|0 fnt\n|faint|p2a: Dondozo\n|-damage|p1b: Palafin|65\/100|[from] Recoil\n|\n|-weather|RainDance|[upkeep]\n|upkeep\n|\n|t:|1682772505\n|switch|p2a: Drednaw|Drednaw, L50, M, tera:Grass|73\/100\n|turn|8\n|\n|t:|1682772517\n|move|p1b: Palafin|Jet Punch|p2a: Drednaw\n|-resisted|p2a: Drednaw\n|-damage|p2a: Drednaw|32\/100\n|move|p2a: Drednaw|Tera Blast|p1b: Palafin\n|-supereffective|p1b: Palafin\n|-crit|p1b: Palafin\n|-damage|p1b: Palafin|0 fnt\n|faint|p1b: Palafin\n|\n|win|blue#user24\n|raw|Alaskan_fisher's rating: 1431 → 1404<\/strong> (-27 for losing)\n|raw|blue#user24's rating: 1310 → 1337<\/strong> (+27 for winning)\n|c|\u2606Alaskan_fisher|gg\n|c|\u2606blue#user24|gg\n|l|\u2606blue#user24\n","uploadtime":1682772562,"views":23,"p1id":"alaskanfisher","p2id":"blueuser24","formatid":"gen9vgc2023regulationc","rating":1337,"private":0,"password":""}