{"id":"gen9vgc2023regulationc-1849901113","p1":"Musicman1","p2":"Tehspap","format":"[Gen 9] VGC 2023 Regulation C","log":"|j|\u2606Musicman1\n|j|\u2606Tehspap\n|t:|1682266173\n|gametype|doubles\n|player|p1|Musicman1|170|1081\n|player|p2|Tehspap|crasherwake|1028\n|teamsize|p1|6\n|teamsize|p2|6\n|gen|9\n|tier|[Gen 9] VGC 2023 Regulation C\n|rated|\n|rule|Species Clause: Limit one of each Pok\u00e9mon\n|rule|Item Clause: Limit one of each item\n|clearpoke\n|poke|p1|Talonflame, L50, F|\n|poke|p1|Quaquaval, L50, M|\n|poke|p1|Gholdengo, L50|\n|poke|p1|Baxcalibur, L50, F|\n|poke|p1|Garganacl, L50, M|\n|poke|p1|Brute Bonnet, L50|\n|poke|p2|Bruxish, L50, F|\n|poke|p2|Palossand, L50, F|\n|poke|p2|Amoonguss, L50, M|\n|poke|p2|Cyclizar, L50, M|\n|poke|p2|Scizor, L50, M|\n|poke|p2|Palafin, L50, F|\n|teampreview|4\n|c|\u2606Tehspap|Hf\n|inactive|Battle timer is ON: inactive players will automatically lose when time's up. (requested by Tehspap)\n|\n|t:|1682266205\n|start\n|switch|p1a: Talonflame|Talonflame, L50, F, shiny|100\/100\n|switch|p1b: Brute Bonnet|Brute Bonnet, L50|100\/100\n|switch|p2a: Cyclizar|Cyclizar, L50, M|100\/100\n|switch|p2b: Palafin|Palafin, L50, F|100\/100\n|turn|1\n|c|\u2606Musicman1|Same to you\n|\n|t:|1682266225\n|detailschange|p2b: Palafin|Palafin-Hero, L50, F\n|switch|p2b: Amoonguss|Amoonguss, L50, M, shiny|100\/100\n|move|p1a: Talonflame|Tailwind|p1a: Talonflame\n|-sidestart|p1: Musicman1|move: Tailwind\n|move|p2a: Cyclizar|Breaking Swipe|p1b: Brute Bonnet|[spread] p1a,p1b\n|-damage|p1a: Talonflame|73\/100\n|-damage|p1b: Brute Bonnet|85\/100\n|-unboost|p1a: Talonflame|atk|1\n|-unboost|p1b: Brute Bonnet|atk|1\n|move|p1b: Brute Bonnet|Seed Bomb|p2b: Amoonguss\n|-resisted|p2b: Amoonguss\n|-damage|p2b: Amoonguss|96\/100\n|\n|upkeep\n|turn|2\n|\n|t:|1682266246\n|-end|p1b: Brute Bonnet|Protosynthesis|[silent]\n|switch|p1b: Baxcalibur|Baxcalibur, L50, F|100\/100\n|move|p2b: Amoonguss|Rage Powder|p2b: Amoonguss\n|-singleturn|p2b: Amoonguss|move: Rage Powder\n|move|p1a: Talonflame|Taunt|p2b: Amoonguss\n|-start|p2b: Amoonguss|move: Taunt\n|move|p2a: Cyclizar|Shed Tail|p2a: Cyclizar\n|-start|p2a: Cyclizar|Substitute|[from] move: Shed Tail\n|-damage|p2a: Cyclizar|50\/100\n|\n|t:|1682266256\n|switch|p2a: Palafin|Palafin-Hero, L50, F|100\/100|[from] Shed Tail\n|-activate|p2a: Palafin|ability: Zero to Hero\n|\n|upkeep\n|turn|3\n|\n|t:|1682266266\n|switch|p1a: Brute Bonnet|Brute Bonnet, L50|85\/100\n|move|p1b: Baxcalibur|Icicle Spear|p2b: Amoonguss\n|-supereffective|p2b: Amoonguss\n|-damage|p2b: Amoonguss|72\/100\n|-supereffective|p2b: Amoonguss\n|-damage|p2b: Amoonguss|49\/100\n|-enditem|p2b: Amoonguss|Sitrus Berry|[eat]\n|-heal|p2b: Amoonguss|74\/100|[from] item: Sitrus Berry\n|-supereffective|p2b: Amoonguss\n|-damage|p2b: Amoonguss|49\/100\n|-supereffective|p2b: Amoonguss\n|-damage|p2b: Amoonguss|27\/100\n|-supereffective|p2b: Amoonguss\n|-damage|p2b: Amoonguss|1\/100\n|-hitcount|p2b: Amoonguss|5\n|move|p2a: Palafin|Wave Crash|p1a: Brute Bonnet\n|-resisted|p1a: Brute Bonnet\n|-damage|p1a: Brute Bonnet|54\/100\n|-damage|p2a: Palafin|87\/100|[from] Recoil\n|move|p2b: Amoonguss|Pollen Puff|p1b: Baxcalibur\n|-damage|p1b: Baxcalibur|83\/100\n|\n|upkeep\n|turn|4\n|inactive|Tehspap has 30 seconds left.\n|\n|t:|1682266291\n|move|p1b: Baxcalibur|Ice Shard|p2b: Amoonguss\n|-supereffective|p2b: Amoonguss\n|-damage|p2b: Amoonguss|0 fnt\n|faint|p2b: Amoonguss\n|move|p1a: Brute Bonnet|Sucker Punch|p2a: Palafin\n|-end|p2a: Palafin|Substitute\n|move|p2a: Palafin|Close Combat|p1b: Baxcalibur\n|-supereffective|p1b: Baxcalibur\n|-damage|p1b: Baxcalibur|6\/100\n|-unboost|p2a: Palafin|def|1\n|-unboost|p2a: Palafin|spd|1\n|\n|-sideend|p1: Musicman1|move: Tailwind\n|upkeep\n|\n|t:|1682266303\n|switch|p2b: Scizor|Scizor, L50, M|100\/100\n|turn|5\n|\n|t:|1682266313\n|move|p2a: Palafin|Jet Punch|p1b: Baxcalibur\n|-resisted|p1b: Baxcalibur\n|-damage|p1b: Baxcalibur|0 fnt\n|faint|p1b: Baxcalibur\n|move|p1a: Brute Bonnet|Sucker Punch||[still]\n|-fail|p1a: Brute Bonnet\n|move|p2b: Scizor|Close Combat|p1a: Brute Bonnet\n|-supereffective|p1a: Brute Bonnet\n|-damage|p1a: Brute Bonnet|0 fnt\n|-unboost|p2b: Scizor|def|1\n|-unboost|p2b: Scizor|spd|1\n|faint|p1a: Brute Bonnet\n|-end|p1a: Brute Bonnet|Protosynthesis|[silent]\n|\n|upkeep\n|\n|t:|1682266324\n|switch|p1b: Gholdengo|Gholdengo, L50|100\/100\n|switch|p1a: Talonflame|Talonflame, L50, F, shiny|73\/100\n|turn|6\n|\n|t:|1682266338\n|switch|p2b: Cyclizar|Cyclizar, L50, M|50\/100\n|move|p2a: Palafin|Jet Punch|p1a: Talonflame\n|-supereffective|p1a: Talonflame\n|-damage|p1a: Talonflame|0 fnt\n|faint|p1a: Talonflame\n|move|p1b: Gholdengo|Shadow Ball|p2a: Palafin\n|-damage|p2a: Palafin|14\/100\n|\n|-heal|p2b: Cyclizar|56\/100|[from] item: Leftovers\n|upkeep\n|turn|7\n|\n|t:|1682266357\n|move|p2b: Cyclizar|Knock Off|p1b: Gholdengo\n|-supereffective|p1b: Gholdengo\n|-damage|p1b: Gholdengo|44\/100\n|-enditem|p1b: Gholdengo|Covert Cloak|[from] move: Knock Off|[of] p2b: Cyclizar\n|move|p2a: Palafin|Wave Crash|p1b: Gholdengo\n|-crit|p1b: Gholdengo\n|-damage|p1b: Gholdengo|0 fnt\n|faint|p1b: Gholdengo\n|-damage|p2a: Palafin|0 fnt|[from] Recoil\n|faint|p2a: Palafin\n|\n|win|Tehspap\n|raw|Musicman1's rating: 1081 → 1055<\/strong> (-26 for losing)\n|raw|Tehspap's rating: 1028 → 1069<\/strong> (+41 for winning)\n|c|\u2606Tehspap|Gg\n|c|\u2606Tehspap|have a good one\n|l|\u2606Musicman1\n","uploadtime":1682266379,"views":14,"p1id":"musicman1","p2id":"tehspap","formatid":"gen9vgc2023regulationc","rating":1055,"private":0,"password":""}