{"id":"gen9vgc2023regulationc-1855148268","p1":"Thossq","p2":"kenta130","format":"[Gen 9] VGC 2023 Regulation C","log":"|j|\u2606Thossq\n|j|\u2606kenta130\n|t:|1682907189\n|gametype|doubles\n|player|p1|Thossq|sabrina|1150\n|player|p2|kenta130|rocketgrunt|1063\n|teamsize|p1|6\n|teamsize|p2|6\n|gen|9\n|tier|[Gen 9] VGC 2023 Regulation C\n|rated|\n|rule|Species Clause: Limit one of each Pok\u00e9mon\n|rule|Item Clause: Limit one of each item\n|clearpoke\n|poke|p1|Cetitan, L50, F|\n|poke|p1|Kingambit, L50, M|\n|poke|p1|Indeedee-F, L50, F|\n|poke|p1|Abomasnow, L50, M|\n|poke|p1|Armarouge, L50, F|\n|poke|p1|Glimmora, L50, F|\n|poke|p2|Squawkabilly-Yellow, L50, F|\n|poke|p2|Riolu, L50, M|\n|poke|p2|Garganacl, L50, M|\n|poke|p2|Rabsca, L50, M|\n|poke|p2|Forretress, L50, F|\n|poke|p2|Gholdengo, L50|\n|teampreview|4\n|inactive|Battle timer is ON: inactive players will automatically lose when time's up. (requested by kenta130)\n|inactive|Thossq has 60 seconds left.\n|\n|t:|1682907229\n|start\n|switch|p1a: Indeedee|Indeedee-F, L50, F|100\/100\n|switch|p1b: Abomasnow|Abomasnow, L50, M|100\/100\n|switch|p2a: Riolu|Riolu, L50, M, shiny|100\/100\n|switch|p2b: Forretress|Forretress, L50, F, shiny|100\/100\n|-fieldstart|move: Psychic Terrain|[from] ability: Psychic Surge|[of] p1a: Indeedee\n|-weather|Snow|[from] ability: Snow Warning|[of] p1b: Abomasnow\n|turn|1\n|\n|t:|1682907252\n|move|p2a: Riolu|Detect|p2a: Riolu\n|-singleturn|p2a: Riolu|Protect\n|move|p1a: Indeedee|Dazzling Gleam|p2b: Forretress|[spread] p2b\n|-activate|p2a: Riolu|move: Protect\n|-resisted|p2b: Forretress\n|-damage|p2b: Forretress|91\/100\n|move|p1b: Abomasnow|Blizzard|p2b: Forretress|[spread] p2b\n|-activate|p2a: Riolu|move: Protect\n|-resisted|p2b: Forretress\n|-damage|p2b: Forretress|71\/100\n|move|p2b: Forretress|Explosion|p1a: Indeedee|[spread] p1a,p1b\n|-activate|p2a: Riolu|move: Protect\n|-crit|p1a: Indeedee\n|-enditem|p1a: Indeedee|Focus Sash\n|-damage|p1a: Indeedee|1\/100\n|-damage|p1b: Abomasnow|60\/100\n|faint|p2b: Forretress\n|\n|-weather|Snow|[upkeep]\n|upkeep\n|\n|t:|1682907273\n|switch|p2b: Rabsca|Rabsca, L50, M, shiny|100\/100\n|turn|2\n|\n|t:|1682907285\n|move|p2a: Riolu|Copycat|p2a: Riolu\n|move|p2a: Riolu|Explosion|p1b: Abomasnow|[from]move: Copycat|[spread] \n|-activate|p1a: Indeedee|move: Psychic Terrain\n|-activate|p1b: Abomasnow|move: Psychic Terrain\n|-activate|p2b: Rabsca|ability: Telepathy\n|faint|p2a: Riolu\n|move|p1b: Abomasnow|Aurora Veil|p1b: Abomasnow\n|-sidestart|p1: Thossq|move: Aurora Veil\n|move|p1a: Indeedee|Trick Room|p1a: Indeedee\n|-fieldstart|move: Trick Room|[of] p1a: Indeedee\n|move|p2b: Rabsca|Trick Room|p2b: Rabsca\n|-fieldend|move: Trick Room\n|\n|-weather|Snow|[upkeep]\n|upkeep\n|\n|t:|1682907298\n|switch|p2a: Garganacl|Garganacl, L50, M|100\/100\n|turn|3\n|\n|t:|1682907306\n|-terastallize|p2a: Garganacl|Normal\n|move|p1a: Indeedee|Dazzling Gleam|p2b: Rabsca|[spread] p2a,p2b\n|-damage|p2a: Garganacl|89\/100\n|-damage|p2b: Rabsca|88\/100\n|move|p1b: Abomasnow|Giga Drain|p2a: Garganacl\n|-damage|p2a: Garganacl|66\/100\n|-heal|p1b: Abomasnow|72\/100|[from] drain|[of] p2a: Garganacl\n|move|p2b: Rabsca|Revival Blessing|p2b: Rabsca\n|-enditem|p2b: Rabsca|Leppa Berry|[eat]\n|-activate|p2b: Rabsca|item: Leppa Berry|Revival Blessing|[consumed]\n|\n|t:|1682907318\n|-heal|p2: Forretress|50\/100|[from] move: Revival Blessing\n|move|p2a: Garganacl|Explosion|p1a: Indeedee|[spread] p1a,p1b\n|-activate|p2b: Rabsca|ability: Telepathy\n|-crit|p1b: Abomasnow\n|-damage|p1a: Indeedee|0 fnt\n|-damage|p1b: Abomasnow|0 fnt\n|faint|p2a: Garganacl\n|faint|p1a: Indeedee\n|faint|p1b: Abomasnow\n|\n|-weather|Snow|[upkeep]\n|upkeep\n|\n|t:|1682907332\n|switch|p1a: Armarouge|Armarouge, L50, F|100\/100\n|switch|p1b: Kingambit|Kingambit, L50, M|100\/100\n|switch|p2a: Forretress|Forretress, L50, F, shiny|50\/100\n|-enditem|p2a: Forretress|Sitrus Berry|[eat]\n|-heal|p2a: Forretress|75\/100|[from] item: Sitrus Berry\n|turn|4\n|inactive|Thossq has 30 seconds left.\n|\n|t:|1682907363\n|move|p2a: Forretress|Protect|p2a: Forretress\n|-singleturn|p2a: Forretress|Protect\n|move|p1a: Armarouge|Armor Cannon|p2a: Forretress\n|-activate|p2a: Forretress|move: Protect\n|move|p1b: Kingambit|Kowtow Cleave|p2b: Rabsca\n|-supereffective|p2b: Rabsca\n|-damage|p2b: Rabsca|8\/100\n|move|p2b: Rabsca|Trick Room|p2b: Rabsca\n|-fieldstart|move: Trick Room|[of] p2b: Rabsca\n|\n|-weather|Snow|[upkeep]\n|upkeep\n|turn|5\n|inactive|Thossq has 30 seconds left.\n|\n|t:|1682907392\n|move|p1b: Kingambit|Protect|p1b: Kingambit\n|-singleturn|p1b: Kingambit|Protect\n|move|p2a: Forretress|Explosion|p1a: Armarouge|[spread] p1a\n|-activate|p1b: Kingambit|move: Protect\n|-activate|p2b: Rabsca|ability: Telepathy\n|-damage|p1a: Armarouge|77\/100\n|faint|p2a: Forretress\n|move|p2b: Rabsca|Revival Blessing|p2b: Rabsca\n|\n|t:|1682907403\n|-heal|p2: Garganacl|50\/100|[from] move: Revival Blessing\n|move|p1a: Armarouge|Expanding Force|p2b: Rabsca\n|-resisted|p2b: Rabsca\n|-damage|p2b: Rabsca|0 fnt\n|faint|p2b: Rabsca\n|-damage|p1a: Armarouge|67\/100|[from] item: Life Orb\n|\n|-weather|Snow|[upkeep]\n|-fieldend|move: Psychic Terrain\n|upkeep\n|\n|t:|1682907415\n|switch|p2b: Garganacl|Garganacl, L50, M|50\/100\n|turn|6\n|inactive|Thossq has 30 seconds left.\n|c|\u2606Thossq|you know i saw the vision, was genuinely scared\n|\n|t:|1682907449\n|move|p2b: Garganacl|Earthquake|p1b: Kingambit|[spread] p1a,p1b\n|-supereffective|p1a: Armarouge\n|-supereffective|p1b: Kingambit\n|-damage|p1a: Armarouge|35\/100\n|-damage|p1b: Kingambit|64\/100\n|move|p1b: Kingambit|Brick Break|p2b: Garganacl\n|-supereffective|p2b: Garganacl\n|-damage|p2b: Garganacl|11\/100\n|move|p1a: Armarouge|Expanding Force|p2b: Garganacl\n|-damage|p2b: Garganacl|0 fnt\n|faint|p2b: Garganacl\n|-damage|p1a: Armarouge|25\/100|[from] item: Life Orb\n|\n|win|Thossq\n|raw|Thossq's rating: 1150 → 1169<\/strong> (+19 for winning)\n|raw|kenta130's rating: 1063 → 1048<\/strong> (-15 for losing)\n|c|\u2606Thossq|gg\n|l|\u2606kenta130\n","uploadtime":1682907533,"views":15,"p1id":"thossq","p2id":"kenta130","formatid":"gen9vgc2023regulationc","rating":1048,"private":0,"password":""}