{"id":"gen9vgc2023regulationc-1846188566","p1":"Maherpants","p2":"arielrai","format":"[Gen 9] VGC 2023 Regulation C","log":"|j|\u2606Maherpants\n|j|\u2606arielrai\n|t:|1681819111\n|gametype|doubles\n|player|p1|Maherpants|102|1148\n|player|p2|arielrai|169|1184\n|teamsize|p1|6\n|teamsize|p2|6\n|gen|9\n|tier|[Gen 9] VGC 2023 Regulation C\n|rated|\n|rule|Species Clause: Limit one of each Pok\u00e9mon\n|rule|Item Clause: Limit one of each item\n|clearpoke\n|poke|p1|Arcanine, L50, F|\n|poke|p1|Ting-Lu, L50|\n|poke|p1|Flutter Mane, L50|\n|poke|p1|Palafin, L50, M|\n|poke|p1|Amoonguss, L50, M|\n|poke|p1|Baxcalibur, L50, M|\n|poke|p2|Wo-Chien, L50|\n|poke|p2|Gothitelle, L50, F|\n|poke|p2|Flutter Mane, L50|\n|poke|p2|Arcanine, L50, M|\n|poke|p2|Ting-Lu, L50|\n|poke|p2|Iron Bundle, L50|\n|teampreview|4\n|inactive|Battle timer is ON: inactive players will automatically lose when time's up. (requested by arielrai)\n|inactive|Maherpants has 60 seconds left.\n|\n|t:|1681819150\n|start\n|switch|p1a: Palafin|Palafin, L50, M|100\/100\n|switch|p1b: Flutter Mane|Flutter Mane, L50|100\/100\n|switch|p2a: Iron Bundle|Iron Bundle, L50|100\/100\n|switch|p2b: Flutter Mane|Flutter Mane, L50|100\/100\n|-enditem|p2a: Iron Bundle|Booster Energy\n|-activate|p2a: Iron Bundle|ability: Quark Drive|[fromitem]\n|-start|p2a: Iron Bundle|quarkdrivespe\n|turn|1\n|inactive|Maherpants has 30 seconds left.\n|inactive|arielrai has 30 seconds left.\n|\n|t:|1681819182\n|detailschange|p1a: Palafin|Palafin-Hero, L50, M\n|switch|p1a: Baxcalibur|Baxcalibur, L50, M|100\/100\n|-terastallize|p1b: Flutter Mane|Steel\n|move|p2a: Iron Bundle|Icy Wind|p1b: Flutter Mane|[spread] p1a,p1b\n|-resisted|p1b: Flutter Mane\n|-damage|p1a: Baxcalibur|82\/100\n|-damage|p1b: Flutter Mane|91\/100\n|-unboost|p1a: Baxcalibur|spe|1\n|-unboost|p1b: Flutter Mane|spe|1\n|move|p2b: Flutter Mane|Shadow Ball|p1b: Flutter Mane\n|-damage|p1b: Flutter Mane|31\/100\n|-unboost|p1b: Flutter Mane|spd|1\n|move|p1b: Flutter Mane|Moonblast|p2a: Iron Bundle\n|-damage|p2a: Iron Bundle|0 fnt\n|faint|p2a: Iron Bundle\n|-end|p2a: Iron Bundle|Quark Drive|[silent]\n|\n|upkeep\n|\n|t:|1681819195\n|switch|p2a: Wo-Chien|Wo-Chien, L50|100\/100\n|-ability|p2a: Wo-Chien|Tablets of Ruin\n|turn|2\n|\n|t:|1681819210\n|-end|p2b: Flutter Mane|Protosynthesis|[silent]\n|switch|p2b: Ting-Lu|Ting-Lu, L50|100\/100\n|-ability|p2b: Ting-Lu|Vessel of Ruin\n|-terastallize|p2a: Wo-Chien|Electric\n|move|p1b: Flutter Mane|Moonblast|p2a: Wo-Chien\n|-damage|p2a: Wo-Chien|66\/100\n|move|p2a: Wo-Chien|Leech Seed|p1a: Baxcalibur\n|-start|p1a: Baxcalibur|move: Leech Seed\n|move|p1a: Baxcalibur|Icicle Spear|p2a: Wo-Chien\n|-damage|p2a: Wo-Chien|56\/100\n|-damage|p2a: Wo-Chien|46\/100\n|-damage|p2a: Wo-Chien|36\/100\n|-damage|p2a: Wo-Chien|27\/100\n|-hitcount|p2a: Wo-Chien|4\n|\n|-heal|p2a: Wo-Chien|33\/100|[from] item: Leftovers\n|-damage|p1a: Baxcalibur|70\/100|[from] Leech Seed|[of] p2a: Wo-Chien\n|-heal|p2a: Wo-Chien|47\/100|[silent]\n|upkeep\n|turn|3\n|\n|t:|1681819234\n|move|p2a: Wo-Chien|Protect|p2a: Wo-Chien\n|-singleturn|p2a: Wo-Chien|Protect\n|move|p1b: Flutter Mane|Moonblast|p2a: Wo-Chien\n|-activate|p2a: Wo-Chien|move: Protect\n|move|p1a: Baxcalibur|Icicle Spear|p2b: Ting-Lu\n|-supereffective|p2b: Ting-Lu\n|-damage|p2b: Ting-Lu|88\/100\n|-supereffective|p2b: Ting-Lu\n|-damage|p2b: Ting-Lu|77\/100\n|-supereffective|p2b: Ting-Lu\n|-damage|p2b: Ting-Lu|65\/100\n|-supereffective|p2b: Ting-Lu\n|-damage|p2b: Ting-Lu|53\/100\n|-hitcount|p2b: Ting-Lu|4\n|move|p2b: Ting-Lu|Snarl|p1b: Flutter Mane|[spread] p1a,p1b\n|-crit|p1b: Flutter Mane\n|-damage|p1a: Baxcalibur|62\/100\n|-damage|p1b: Flutter Mane|14\/100\n|-unboost|p1a: Baxcalibur|spa|1\n|-unboost|p1b: Flutter Mane|spa|1\n|\n|-heal|p2a: Wo-Chien|54\/100|[from] item: Leftovers\n|-damage|p1a: Baxcalibur|50\/100|[from] Leech Seed|[of] p2a: Wo-Chien\n|-heal|p2a: Wo-Chien|68\/100|[silent]\n|upkeep\n|turn|4\n|\n|t:|1681819258\n|move|p1b: Flutter Mane|Moonblast|p2a: Wo-Chien\n|-damage|p2a: Wo-Chien|44\/100\n|-unboost|p2a: Wo-Chien|spa|1\n|move|p2a: Wo-Chien|Pollen Puff|p2b: Ting-Lu\n|-heal|p2b: Ting-Lu|100\/100\n|move|p1a: Baxcalibur|Icicle Spear|p2a: Wo-Chien\n|-damage|p2a: Wo-Chien|34\/100\n|-damage|p2a: Wo-Chien|24\/100\n|-damage|p2a: Wo-Chien|15\/100\n|-damage|p2a: Wo-Chien|5\/100\n|-hitcount|p2a: Wo-Chien|4\n|move|p2b: Ting-Lu|Snarl|p1b: Flutter Mane|[spread] p1a,p1b\n|-damage|p1a: Baxcalibur|43\/100\n|-damage|p1b: Flutter Mane|3\/100\n|-unboost|p1a: Baxcalibur|spa|1\n|-unboost|p1b: Flutter Mane|spa|1\n|\n|-heal|p2a: Wo-Chien|11\/100|[from] item: Leftovers\n|-damage|p1a: Baxcalibur|30\/100|[from] Leech Seed|[of] p2a: Wo-Chien\n|-heal|p2a: Wo-Chien|25\/100|[silent]\n|upkeep\n|turn|5\n|inactive|Maherpants has 30 seconds left.\n|inactive|arielrai has 30 seconds left.\n|\n|t:|1681819297\n|move|p2a: Wo-Chien|Protect|p2a: Wo-Chien\n|-singleturn|p2a: Wo-Chien|Protect\n|move|p1b: Flutter Mane|Moonblast|p2b: Ting-Lu\n|-supereffective|p2b: Ting-Lu\n|-damage|p2b: Ting-Lu|73\/100\n|move|p1a: Baxcalibur|Icicle Spear|p2b: Ting-Lu\n|-supereffective|p2b: Ting-Lu\n|-damage|p2b: Ting-Lu|62\/100\n|-supereffective|p2b: Ting-Lu\n|-damage|p2b: Ting-Lu|49\/100\n|-supereffective|p2b: Ting-Lu\n|-damage|p2b: Ting-Lu|38\/100\n|-supereffective|p2b: Ting-Lu\n|-damage|p2b: Ting-Lu|26\/100\n|-supereffective|p2b: Ting-Lu\n|-damage|p2b: Ting-Lu|13\/100\n|-hitcount|p2b: Ting-Lu|5\n|move|p2b: Ting-Lu|Stomping Tantrum|p1b: Flutter Mane\n|-supereffective|p1b: Flutter Mane\n|-damage|p1b: Flutter Mane|0 fnt\n|faint|p1b: Flutter Mane\n|-end|p1b: Flutter Mane|Protosynthesis|[silent]\n|\n|-heal|p2a: Wo-Chien|32\/100|[from] item: Leftovers\n|-damage|p1a: Baxcalibur|18\/100|[from] Leech Seed|[of] p2a: Wo-Chien\n|-heal|p2a: Wo-Chien|46\/100|[silent]\n|upkeep\n|\n|t:|1681819321\n|switch|p1b: Amoonguss|Amoonguss, L50, M|100\/100\n|turn|6\n|inactive|Maherpants has 30 seconds left.\n|\n|t:|1681819352\n|move|p1b: Amoonguss|Rage Powder|p1b: Amoonguss\n|-singleturn|p1b: Amoonguss|move: Rage Powder\n|move|p2a: Wo-Chien|Body Press|p1b: Amoonguss\n|-resisted|p1b: Amoonguss\n|-damage|p1b: Amoonguss|90\/100\n|move|p1a: Baxcalibur|Icicle Spear|p2b: Ting-Lu\n|-supereffective|p2b: Ting-Lu\n|-damage|p2b: Ting-Lu|1\/100\n|-supereffective|p2b: Ting-Lu\n|-damage|p2b: Ting-Lu|0 fnt\n|faint|p2b: Ting-Lu\n|-hitcount|p2: Ting-Lu|2\n|\n|-heal|p2a: Wo-Chien|52\/100|[from] item: Leftovers\n|-damage|p1a: Baxcalibur|6\/100|[from] Leech Seed|[of] p2a: Wo-Chien\n|-heal|p2a: Wo-Chien|66\/100|[silent]\n|upkeep\n|\n|t:|1681819357\n|switch|p2b: Flutter Mane|Flutter Mane, L50|100\/100\n|turn|7\n|\n|t:|1681819381\n|move|p1b: Amoonguss|Rage Powder|p1b: Amoonguss\n|-singleturn|p1b: Amoonguss|move: Rage Powder\n|move|p2b: Flutter Mane|Dazzling Gleam|p1b: Amoonguss|[spread] p1a,p1b\n|-supereffective|p1a: Baxcalibur\n|-resisted|p1b: Amoonguss\n|-damage|p1a: Baxcalibur|0 fnt\n|-damage|p1b: Amoonguss|71\/100\n|faint|p1a: Baxcalibur\n|move|p2a: Wo-Chien|Pollen Puff|p1b: Amoonguss\n|-damage|p1b: Amoonguss|61\/100\n|\n|-heal|p2a: Wo-Chien|72\/100|[from] item: Leftovers\n|upkeep\n|\n|t:|1681819394\n|switch|p1a: Palafin|Palafin-Hero, L50, M|100\/100\n|-activate|p1a: Palafin|ability: Zero to Hero\n|turn|8\n|\n|t:|1681819409\n|move|p2b: Flutter Mane|Dazzling Gleam|p1a: Palafin|[spread] p1a,p1b\n|-resisted|p1b: Amoonguss\n|-damage|p1a: Palafin|51\/100\n|-damage|p1b: Amoonguss|42\/100\n|-enditem|p1b: Amoonguss|Sitrus Berry|[eat]\n|-heal|p1b: Amoonguss|67\/100|[from] item: Sitrus Berry\n|move|p1a: Palafin|Wave Crash|p2a: Wo-Chien\n|-damage|p2a: Wo-Chien|11\/100\n|-damage|p1a: Palafin|32\/100|[from] Recoil\n|move|p2a: Wo-Chien|Leech Seed|p1a: Palafin\n|-start|p1a: Palafin|move: Leech Seed\n|move|p1b: Amoonguss|Spore|p2b: Flutter Mane\n|-status|p2b: Flutter Mane|slp|[from] move: Spore\n|\n|-heal|p2a: Wo-Chien|18\/100|[from] item: Leftovers\n|-damage|p1a: Palafin|20\/100|[from] Leech Seed|[of] p2a: Wo-Chien\n|-heal|p2a: Wo-Chien|31\/100|[silent]\n|upkeep\n|turn|9\n|inactive|Maherpants has 30 seconds left.\n|inactive|Maherpants has 20 seconds left.\n|inactive|Maherpants has 15 seconds left.\n|inactive|Maherpants has 10 seconds left.\n|\n|t:|1681819457\n|move|p2a: Wo-Chien|Protect|p2a: Wo-Chien\n|-singleturn|p2a: Wo-Chien|Protect\n|cant|p2b: Flutter Mane|slp\n|move|p1a: Palafin|Wave Crash|p2b: Flutter Mane\n|-crit|p2b: Flutter Mane\n|-damage|p2b: Flutter Mane|0 fnt\n|faint|p2b: Flutter Mane\n|-end|p2b: Flutter Mane|Protosynthesis|[silent]\n|-damage|p1a: Palafin|0 fnt|[from] Recoil\n|faint|p1a: Palafin\n|move|p1b: Amoonguss|Pollen Puff|p2a: Wo-Chien\n|-activate|p2a: Wo-Chien|move: Protect\n|\n|-heal|p2a: Wo-Chien|37\/100|[from] item: Leftovers\n|upkeep\n|turn|10\n|\n|t:|1681819477\n|move|p2a: Wo-Chien|Pollen Puff|p1b: Amoonguss\n|-damage|p1b: Amoonguss|57\/100\n|move|p1b: Amoonguss|Spore|p2a: Wo-Chien\n|-status|p2a: Wo-Chien|slp|[from] move: Spore\n|\n|-heal|p2a: Wo-Chien|43\/100 slp|[from] item: Leftovers\n|upkeep\n|turn|11\n|\n|t:|1681819488\n|cant|p2a: Wo-Chien|slp\n|move|p1b: Amoonguss|Pollen Puff|p2a: Wo-Chien\n|-damage|p2a: Wo-Chien|32\/100 slp\n|\n|-heal|p2a: Wo-Chien|38\/100 slp|[from] item: Leftovers\n|upkeep\n|turn|12\n|\n|t:|1681819497\n|cant|p2a: Wo-Chien|slp\n|move|p1b: Amoonguss|Pollen Puff|p2a: Wo-Chien\n|-damage|p2a: Wo-Chien|26\/100 slp\n|\n|-heal|p2a: Wo-Chien|32\/100 slp|[from] item: Leftovers\n|upkeep\n|turn|13\n|\n|t:|1681819507\n|cant|p2a: Wo-Chien|slp\n|move|p1b: Amoonguss|Pollen Puff|p2a: Wo-Chien\n|-damage|p2a: Wo-Chien|21\/100 slp\n|\n|-heal|p2a: Wo-Chien|27\/100 slp|[from] item: Leftovers\n|upkeep\n|turn|14\n|\n|t:|1681819517\n|-curestatus|p2a: Wo-Chien|slp|[msg]\n|move|p2a: Wo-Chien|Protect|p2a: Wo-Chien\n|-singleturn|p2a: Wo-Chien|Protect\n|move|p1b: Amoonguss|Pollen Puff|p2a: Wo-Chien\n|-activate|p2a: Wo-Chien|move: Protect\n|\n|-heal|p2a: Wo-Chien|33\/100|[from] item: Leftovers\n|upkeep\n|turn|15\n|\n|t:|1681819529\n|move|p2a: Wo-Chien|Pollen Puff|p1b: Amoonguss\n|-damage|p1b: Amoonguss|48\/100\n|move|p1b: Amoonguss|Spore|p2a: Wo-Chien\n|-status|p2a: Wo-Chien|slp|[from] move: Spore\n|\n|-heal|p2a: Wo-Chien|40\/100 slp|[from] item: Leftovers\n|upkeep\n|turn|16\n|\n|t:|1681819540\n|cant|p2a: Wo-Chien|slp\n|move|p1b: Amoonguss|Pollen Puff|p2a: Wo-Chien\n|-damage|p2a: Wo-Chien|28\/100 slp\n|\n|-heal|p2a: Wo-Chien|34\/100 slp|[from] item: Leftovers\n|upkeep\n|turn|17\n|\n|t:|1681819549\n|cant|p2a: Wo-Chien|slp\n|move|p1b: Amoonguss|Pollen Puff|p2a: Wo-Chien\n|-damage|p2a: Wo-Chien|23\/100 slp\n|\n|-heal|p2a: Wo-Chien|29\/100 slp|[from] item: Leftovers\n|upkeep\n|turn|18\n|\n|t:|1681819558\n|cant|p2a: Wo-Chien|slp\n|move|p1b: Amoonguss|Pollen Puff|p2a: Wo-Chien\n|-damage|p2a: Wo-Chien|17\/100 slp\n|\n|-heal|p2a: Wo-Chien|23\/100 slp|[from] item: Leftovers\n|upkeep\n|turn|19\n|\n|t:|1681819568\n|-curestatus|p2a: Wo-Chien|slp|[msg]\n|move|p2a: Wo-Chien|Protect|p2a: Wo-Chien\n|-singleturn|p2a: Wo-Chien|Protect\n|move|p1b: Amoonguss|Pollen Puff|p2a: Wo-Chien\n|-activate|p2a: Wo-Chien|move: Protect\n|\n|-heal|p2a: Wo-Chien|30\/100|[from] item: Leftovers\n|upkeep\n|turn|20\n|\n|t:|1681819580\n|move|p2a: Wo-Chien|Pollen Puff|p1b: Amoonguss\n|-damage|p1b: Amoonguss|39\/100\n|move|p1b: Amoonguss|Spore|p2a: Wo-Chien\n|-status|p2a: Wo-Chien|slp|[from] move: Spore\n|\n|-heal|p2a: Wo-Chien|36\/100 slp|[from] item: Leftovers\n|upkeep\n|turn|21\n|\n|t:|1681819590\n|cant|p2a: Wo-Chien|slp\n|move|p1b: Amoonguss|Pollen Puff|p2a: Wo-Chien\n|-damage|p2a: Wo-Chien|23\/100 slp\n|\n|-heal|p2a: Wo-Chien|30\/100 slp|[from] item: Leftovers\n|upkeep\n|turn|22\n|\n|t:|1681819599\n|cant|p2a: Wo-Chien|slp\n|move|p1b: Amoonguss|Pollen Puff|p2a: Wo-Chien\n|-crit|p2a: Wo-Chien\n|-damage|p2a: Wo-Chien|14\/100 slp\n|\n|-heal|p2a: Wo-Chien|20\/100 slp|[from] item: Leftovers\n|upkeep\n|turn|23\n|\n|t:|1681819609\n|cant|p2a: Wo-Chien|slp\n|move|p1b: Amoonguss|Pollen Puff|p2a: Wo-Chien\n|-damage|p2a: Wo-Chien|8\/100 slp\n|\n|-heal|p2a: Wo-Chien|15\/100 slp|[from] item: Leftovers\n|upkeep\n|turn|24\n|\n|t:|1681819618\n|-curestatus|p2a: Wo-Chien|slp|[msg]\n|move|p2a: Wo-Chien|Protect|p2a: Wo-Chien\n|-singleturn|p2a: Wo-Chien|Protect\n|move|p1b: Amoonguss|Pollen Puff|p2a: Wo-Chien\n|-activate|p2a: Wo-Chien|move: Protect\n|\n|-heal|p2a: Wo-Chien|21\/100|[from] item: Leftovers\n|upkeep\n|turn|25\n|c|\u2606arielrai|3 turns sleep every time!? Haha\n|\n|t:|1681819630\n|move|p2a: Wo-Chien|Pollen Puff|p1b: Amoonguss\n|-damage|p1b: Amoonguss|30\/100\n|move|p1b: Amoonguss|Spore|p2a: Wo-Chien\n|-status|p2a: Wo-Chien|slp|[from] move: Spore\n|\n|-heal|p2a: Wo-Chien|27\/100 slp|[from] item: Leftovers\n|upkeep\n|turn|26\n|\n|t:|1681819641\n|cant|p2a: Wo-Chien|slp\n|move|p1b: Amoonguss|Pollen Puff|p2a: Wo-Chien\n|-damage|p2a: Wo-Chien|16\/100 slp\n|\n|-heal|p2a: Wo-Chien|22\/100 slp|[from] item: Leftovers\n|upkeep\n|turn|27\n|\n|t:|1681819650\n|cant|p2a: Wo-Chien|slp\n|move|p1b: Amoonguss|Pollen Puff|p2a: Wo-Chien\n|-damage|p2a: Wo-Chien|10\/100 slp\n|\n|-heal|p2a: Wo-Chien|17\/100 slp|[from] item: Leftovers\n|upkeep\n|turn|28\n|\n|t:|1681819660\n|-curestatus|p2a: Wo-Chien|slp|[msg]\n|move|p2a: Wo-Chien|Protect|p2a: Wo-Chien\n|-singleturn|p2a: Wo-Chien|Protect\n|move|p1b: Amoonguss|Pollen Puff|p2a: Wo-Chien\n|-activate|p2a: Wo-Chien|move: Protect\n|\n|-heal|p2a: Wo-Chien|23\/100|[from] item: Leftovers\n|upkeep\n|turn|29\n|\n|t:|1681819672\n|move|p2a: Wo-Chien|Pollen Puff|p1b: Amoonguss\n|-damage|p1b: Amoonguss|20\/100\n|move|p1b: Amoonguss|Spore|p2a: Wo-Chien\n|-status|p2a: Wo-Chien|slp|[from] move: Spore\n|\n|-heal|p2a: Wo-Chien|29\/100 slp|[from] item: Leftovers\n|upkeep\n|turn|30\n|inactive|Maherpants has 30 seconds left.\n|\n|t:|1681819682\n|cant|p2a: Wo-Chien|slp\n|move|p1b: Amoonguss|Pollen Puff|p2a: Wo-Chien\n|-damage|p2a: Wo-Chien|18\/100 slp\n|\n|-heal|p2a: Wo-Chien|24\/100 slp|[from] item: Leftovers\n|upkeep\n|turn|31\n|inactive|Maherpants has 30 seconds left this turn.\n|\n|t:|1681819691\n|-curestatus|p2a: Wo-Chien|slp|[msg]\n|move|p2a: Wo-Chien|Protect|p2a: Wo-Chien\n|-singleturn|p2a: Wo-Chien|Protect\n|move|p1b: Amoonguss|Pollen Puff|p2a: Wo-Chien\n|-activate|p2a: Wo-Chien|move: Protect\n|\n|-heal|p2a: Wo-Chien|31\/100|[from] item: Leftovers\n|upkeep\n|turn|32\n|inactive|Maherpants has 25 seconds left this turn.\n|inactive|Maherpants has 20 seconds left.\n|inactive|Maherpants has 15 seconds left.\n|\n|t:|1681819703\n|move|p2a: Wo-Chien|Pollen Puff|p1b: Amoonguss\n|-damage|p1b: Amoonguss|11\/100\n|move|p1b: Amoonguss|Spore|p2a: Wo-Chien\n|-status|p2a: Wo-Chien|slp|[from] move: Spore\n|\n|-heal|p2a: Wo-Chien|37\/100 slp|[from] item: Leftovers\n|upkeep\n|turn|33\n|inactive|Maherpants has 15 seconds left this turn.\n|inactive|Maherpants has 10 seconds left.\n|\n|t:|1681819713\n|cant|p2a: Wo-Chien|slp\n|move|p1b: Amoonguss|Pollen Puff|p2a: Wo-Chien\n|-damage|p2a: Wo-Chien|26\/100 slp\n|\n|-heal|p2a: Wo-Chien|32\/100 slp|[from] item: Leftovers\n|upkeep\n|turn|34\n|inactive|Maherpants has 10 seconds left this turn.\n|inactive|Maherpants has 5 seconds left.\n|\n|t:|1681819722\n|cant|p2a: Wo-Chien|slp\n|move|p1b: Amoonguss|Pollen Puff|p2a: Wo-Chien\n|-damage|p2a: Wo-Chien|20\/100 slp\n|\n|-heal|p2a: Wo-Chien|27\/100 slp|[from] item: Leftovers\n|upkeep\n|turn|35\n|inactive|Maherpants has 5 seconds left this turn.\n|-message|Maherpants lost due to inactivity.\n|\n|win|arielrai\n|raw|Maherpants's rating: 1148 → 1126<\/strong> (-22 for losing)\n|raw|arielrai's rating: 1184 → 1206<\/strong> (+22 for winning)\n|l|\u2606Maherpants\n","uploadtime":1681819736,"views":4,"p1id":"maherpants","p2id":"arielrai","formatid":"gen9vgc2023regulationc","rating":1126,"private":0,"password":""}