{"id":"gen9vgc2023regulationc-1857146330","p1":"ShadowDoyler","p2":"Topical Rainstorm","format":"[Gen 9] VGC 2023 Regulation C","log":"|j|\u2606ShadowDoyler\n|j|\u2606Topical Rainstorm\n|t:|1683150669\n|gametype|doubles\n|player|p1|ShadowDoyler|101|1015\n|player|p2|Topical Rainstorm|zinzolin|1079\n|teamsize|p1|6\n|teamsize|p2|6\n|gen|9\n|tier|[Gen 9] VGC 2023 Regulation C\n|rated|\n|rule|Species Clause: Limit one of each Pok\u00e9mon\n|rule|Item Clause: Limit one of each item\n|clearpoke\n|poke|p1|Dondozo, L50, M|\n|poke|p1|Lycanroc, L50, M|\n|poke|p1|Tyranitar, L50, M|\n|poke|p1|Tatsugiri, L50, F|\n|poke|p1|Talonflame, L50, M|\n|poke|p1|Rotom-Wash, L50|\n|poke|p2|Palafin, L50, F|\n|poke|p2|Tatsugiri-Stretchy, L50, F|\n|poke|p2|Iron Bundle, L50|\n|poke|p2|Arcanine, L50, M|\n|poke|p2|Amoonguss, L50, M|\n|poke|p2|Flutter Mane, L50|\n|teampreview|4\n|inactive|Battle timer is ON: inactive players will automatically lose when time's up. (requested by Topical Rainstorm)\n|\n|t:|1683150694\n|start\n|switch|p1a: Zeri|Rotom-Wash, L50|100\/100\n|switch|p1b: Talon|Talonflame, L50, M|100\/100\n|switch|p2a: Palafin|Palafin, L50, F, shiny|100\/100\n|switch|p2b: Arcanine|Arcanine, L50, M|100\/100\n|-ability|p2b: Arcanine|Intimidate|boost\n|-unboost|p1a: Zeri|atk|1\n|-unboost|p1b: Talon|atk|1\n|turn|1\n|\n|t:|1683150716\n|detailschange|p2a: Palafin|Palafin-Hero, L50, F, shiny\n|switch|p2a: Tatsugiri|Tatsugiri-Stretchy, L50, F|100\/100\n|move|p1b: Talon|Tailwind|p1b: Talon\n|-sidestart|p1: ShadowDoyler|move: Tailwind\n|move|p1a: Zeri|Thunder Wave|p2a: Tatsugiri\n|-status|p2a: Tatsugiri|par\n|move|p2b: Arcanine|Wild Charge|p1b: Talon\n|-supereffective|p1b: Talon\n|-damage|p1b: Talon|31\/100\n|-damage|p2b: Arcanine|81\/100|[from] Recoil\n|\n|upkeep\n|turn|2\n|inactive|ShadowDoyler has 30 seconds left.\n|inactive|Topical Rainstorm has 30 seconds left.\n|inactive|Topical Rainstorm has 20 seconds left.\n|inactive|Topical Rainstorm has 15 seconds left.\n|inactive|Topical Rainstorm has 10 seconds left.\n|inactive|Topical Rainstorm has 5 seconds left.\n|\n|t:|1683150768\n|switch|p1b: Tahm Kench|Dondozo, L50, M|100\/100\n|move|p1a: Zeri|Hydro Pump|p2a: Tatsugiri\n|-activate|p2a: Tatsugiri|ability: Storm Drain\n|-ability|p2a: Tatsugiri|Storm Drain|boost\n|-boost|p2a: Tatsugiri|spa|1\n|move|p2b: Arcanine|Wild Charge|p1b: Tahm Kench\n|-supereffective|p1b: Tahm Kench\n|-damage|p1b: Tahm Kench|66\/100\n|-damage|p2b: Arcanine|69\/100|[from] Recoil\n|move|p2a: Tatsugiri|Muddy Water|p1a: Zeri|[spread] p1b\n|-miss|p2a: Tatsugiri|p1a: Zeri\n|-resisted|p1b: Tahm Kench\n|-damage|p1b: Tahm Kench|54\/100\n|-unboost|p1b: Tahm Kench|accuracy|1\n|\n|upkeep\n|turn|3\n|inactive|Topical Rainstorm has 30 seconds left.\n|\n|t:|1683150803\n|-terastallize|p1b: Tahm Kench|Grass\n|move|p1a: Zeri|Hydro Pump|p2a: Tatsugiri\n|-activate|p2a: Tatsugiri|ability: Storm Drain\n|-ability|p2a: Tatsugiri|Storm Drain|boost\n|-boost|p2a: Tatsugiri|spa|1\n|move|p2b: Arcanine|Wild Charge|p1b: Tahm Kench\n|-resisted|p1b: Tahm Kench\n|-damage|p1b: Tahm Kench|45\/100\n|-damage|p2b: Arcanine|66\/100|[from] Recoil\n|move|p1b: Tahm Kench|Tera Blast|p2a: Tatsugiri|[miss]\n|-miss|p1b: Tahm Kench|p2a: Tatsugiri\n|cant|p2a: Tatsugiri|par\n|\n|upkeep\n|turn|4\n|\n|t:|1683150824\n|move|p1a: Zeri|Thunderbolt|p2a: Tatsugiri\n|-damage|p2a: Tatsugiri|59\/100 par\n|move|p2b: Arcanine|Flare Blitz|p1b: Tahm Kench\n|-supereffective|p1b: Tahm Kench\n|-damage|p1b: Tahm Kench|0 fnt\n|faint|p1b: Tahm Kench\n|-damage|p2b: Arcanine|45\/100|[from] Recoil\n|move|p2a: Tatsugiri|Muddy Water|p1a: Zeri\n|-resisted|p1a: Zeri\n|-damage|p1a: Zeri|57\/100\n|\n|-heal|p1a: Zeri|62\/100|[from] item: Leftovers\n|-sideend|p1: ShadowDoyler|move: Tailwind\n|upkeep\n|\n|t:|1683150846\n|switch|p1b: Talon|Talonflame, L50, M|31\/100\n|turn|5\n|\n|t:|1683150857\n|move|p2b: Arcanine|Extreme Speed|p1b: Talon\n|-damage|p1b: Talon|0 fnt\n|faint|p1b: Talon\n|move|p1a: Zeri|Thunderbolt|p2b: Arcanine\n|-damage|p2b: Arcanine|16\/100\n|move|p2a: Tatsugiri|Muddy Water|p1a: Zeri\n|-resisted|p1a: Zeri\n|-damage|p1a: Zeri|23\/100\n|-unboost|p1a: Zeri|accuracy|1\n|\n|-heal|p1a: Zeri|29\/100|[from] item: Leftovers\n|upkeep\n|\n|t:|1683150867\n|switch|p1b: Nami|Tatsugiri, L50, F, shiny|100\/100\n|turn|6\n|\n|t:|1683150889\n|move|p2b: Arcanine|Extreme Speed|p1a: Zeri\n|-damage|p1a: Zeri|2\/100\n|move|p1b: Nami|Icy Wind|p2b: Arcanine|[spread] p2a,p2b\n|-resisted|p2b: Arcanine\n|-damage|p2a: Tatsugiri|42\/100 par\n|-damage|p2b: Arcanine|10\/100\n|-unboost|p2a: Tatsugiri|spe|1\n|-unboost|p2b: Arcanine|spe|1\n|move|p1a: Zeri|Thunderbolt|p2a: Tatsugiri\n|-damage|p2a: Tatsugiri|2\/100 par\n|move|p2a: Tatsugiri|Draco Meteor|p1b: Nami\n|-supereffective|p1b: Nami\n|-damage|p1b: Nami|0 fnt\n|-unboost|p2a: Tatsugiri|spa|2\n|faint|p1b: Nami\n|\n|-heal|p1a: Zeri|8\/100|[from] item: Leftovers\n|upkeep\n|turn|7\n|-message|ShadowDoyler forfeited.\n|\n|win|Topical Rainstorm\n|raw|ShadowDoyler's rating: 1015 → 1005<\/strong> (-10 for losing)\n|raw|Topical Rainstorm's rating: 1079 → 1102<\/strong> (+23 for winning)\n|l|\u2606ShadowDoyler\n","uploadtime":1683150909,"views":10,"p1id":"shadowdoyler","p2id":"topicalrainstorm","formatid":"gen9vgc2023regulationc","rating":1005,"private":0,"password":""}