{"id":"gen9vgc2023regulationc-1847402043","p1":"Kemaho","p2":"NicoHaxVGC","format":"[Gen 9] VGC 2023 Regulation C","log":"|j|\u2606Kemaho\n|j|\u2606NicoHaxVGC\n|t:|1681950893\n|gametype|doubles\n|player|p1|Kemaho|clerk|1018\n|player|p2|NicoHaxVGC|red|1000\n|teamsize|p1|6\n|teamsize|p2|6\n|gen|9\n|tier|[Gen 9] VGC 2023 Regulation C\n|rated|\n|rule|Species Clause: Limit one of each Pok\u00e9mon\n|rule|Item Clause: Limit one of each item\n|clearpoke\n|poke|p1|Cetitan, L50, F|\n|poke|p1|Abomasnow, L50, M|\n|poke|p1|Mimikyu, L50, F|\n|poke|p1|Maushold-Four, L50|\n|poke|p1|Chien-Pao, L50|\n|poke|p1|Gastrodon, L50, M|\n|poke|p2|Flutter Mane, L50|\n|poke|p2|Palafin, L50, M|\n|poke|p2|Ting-Lu, L50|\n|poke|p2|Arcanine, L50, F|\n|poke|p2|Amoonguss, L50, M|\n|poke|p2|Dragonite, L50, M|\n|teampreview|4\n|inactive|Battle timer is ON: inactive players will automatically lose when time's up. (requested by NicoHaxVGC)\nKemaho rejected open team sheets.\n|inactive|NicoHaxVGC has 60 seconds left.\n|\n|t:|1681950941\n|start\n|switch|p1a: Cetitan|Cetitan, L50, F|100\/100\n|switch|p1b: Maushold|Maushold-Four, L50|100\/100\n|switch|p2a: Arcanine|Arcanine, L50, F|100\/100\n|switch|p2b: Palafin|Palafin, L50, M|100\/100\n|-ability|p2a: Arcanine|Intimidate|boost\n|-unboost|p1a: Cetitan|atk|1\n|-unboost|p1b: Maushold|atk|1\n|turn|1\n|\n|t:|1681950963\n|-terastallize|p1a: Cetitan|Ghost\n|move|p1b: Maushold|Follow Me|p1b: Maushold\n|-singleturn|p1b: Maushold|move: Follow Me\n|move|p1a: Cetitan|Belly Drum|p1a: Cetitan\n|-damage|p1a: Cetitan|50\/100\n|-setboost|p1a: Cetitan|atk|6|[from] move: Belly Drum\n|-enditem|p1a: Cetitan|Sitrus Berry|[eat]\n|-heal|p1a: Cetitan|75\/100|[from] item: Sitrus Berry\n|move|p2a: Arcanine|Howl|p2a: Arcanine|[spread] p2a,p2b\n|-boost|p2a: Arcanine|atk|1\n|-boost|p2b: Palafin|atk|1\n|move|p2b: Palafin|Wave Crash|p1b: Maushold\n|-damage|p1b: Maushold|0 fnt\n|-damage|p2b: Palafin|84\/100|[from] item: Rocky Helmet|[of] p1b: Maushold\n|faint|p1b: Maushold\n|-damage|p2b: Palafin|54\/100|[from] Recoil\n|\n|upkeep\n|\n|t:|1681950978\n|switch|p1b: Abomasnow|Abomasnow, L50, M|100\/100\n|-weather|Snow|[from] ability: Snow Warning|[of] p1b: Abomasnow\n|turn|2\n|\n|t:|1681950994\n|switch|p1b: Gastrodon|Gastrodon, L50, M|100\/100\n|move|p2b: Palafin|Protect|p2b: Palafin\n|-singleturn|p2b: Palafin|Protect\n|move|p1a: Cetitan|Liquidation|p1b: Gastrodon\n|-activate|p1b: Gastrodon|ability: Storm Drain\n|-ability|p1b: Gastrodon|Storm Drain|boost\n|-boost|p1b: Gastrodon|spa|1\n|move|p2a: Arcanine|Will-O-Wisp|p1a: Cetitan\n|-status|p1a: Cetitan|brn\n|\n|-weather|Snow|[upkeep]\n|-damage|p1a: Cetitan|69\/100 brn|[from] brn\n|upkeep\n|turn|3\n|inactive|NicoHaxVGC has 30 seconds left.\n|\n|t:|1681951019\n|move|p1a: Cetitan|Icicle Crash|p2b: Palafin\n|-resisted|p2b: Palafin\n|-damage|p2b: Palafin|8\/100\n|move|p2a: Arcanine|Will-O-Wisp|p1b: Gastrodon\n|-status|p1b: Gastrodon|brn\n|move|p2b: Palafin|Haze|p2b: Palafin\n|-clearallboost\n|move|p1b: Gastrodon|Earth Power|p2a: Arcanine\n|-supereffective|p2a: Arcanine\n|-damage|p2a: Arcanine|18\/100\n|\n|-weather|Snow|[upkeep]\n|-damage|p1a: Cetitan|63\/100 brn|[from] brn\n|-damage|p1b: Gastrodon|95\/100 brn|[from] brn\n|upkeep\n|turn|4\n|\n|t:|1681951041\n|move|p2a: Arcanine|Protect|p2a: Arcanine\n|-singleturn|p2a: Arcanine|Protect\n|move|p2b: Palafin|Protect|p2b: Palafin\n|-singleturn|p2b: Palafin|Protect\n|move|p1a: Cetitan|Ice Shard|p2b: Palafin\n|-activate|p2b: Palafin|move: Protect\n|move|p1b: Gastrodon|Earth Power|p2a: Arcanine\n|-activate|p2a: Arcanine|move: Protect\n|\n|-weather|Snow|[upkeep]\n|-heal|p1b: Gastrodon|100\/100 brn|[from] item: Leftovers\n|-damage|p1a: Cetitan|57\/100 brn|[from] brn\n|-damage|p1b: Gastrodon|95\/100 brn|[from] brn\n|upkeep\n|turn|5\n|inactive|NicoHaxVGC has 30 seconds left.\n|inactive|NicoHaxVGC has 20 seconds left.\n|inactive|NicoHaxVGC has 15 seconds left.\n|inactive|NicoHaxVGC has 10 seconds left.\n|inactive|NicoHaxVGC has 5 seconds left.\n|\n|t:|1681951096\n|move|p1a: Cetitan|Icicle Crash|p2b: Palafin\n|-resisted|p2b: Palafin\n|-damage|p2b: Palafin|0 fnt\n|faint|p2b: Palafin\n|move|p2a: Arcanine|Flare Blitz|p1a: Cetitan\n|-damage|p1a: Cetitan|5\/100 brn\n|-damage|p2a: Arcanine|0 fnt|[from] Recoil\n|faint|p2a: Arcanine\n|move|p1b: Gastrodon|Earth Power|p2: Arcanine|[notarget]\n|-fail|p1b: Gastrodon\n|\n|-weather|Snow|[upkeep]\n|-heal|p1b: Gastrodon|100\/100 brn|[from] item: Leftovers\n|-damage|p1a: Cetitan|0 fnt|[from] brn\n|faint|p1a: Cetitan\n|-damage|p1b: Gastrodon|95\/100 brn|[from] brn\n|upkeep\n|\n|t:|1681951111\n|switch|p1a: Abomasnow|Abomasnow, L50, M|100\/100\n|switch|p2a: Dragonite|Dragonite, L50, M|100\/100\n|switch|p2b: Flutter Mane|Flutter Mane, L50|100\/100\n|-enditem|p2b: Flutter Mane|Booster Energy\n|-activate|p2b: Flutter Mane|ability: Protosynthesis|[fromitem]\n|-start|p2b: Flutter Mane|protosynthesisspa\n|turn|6\n|inactive|NicoHaxVGC has 30 seconds left.\n|\n|t:|1681951138\n|-terastallize|p2a: Dragonite|Flying\n|move|p1a: Abomasnow|Protect|p1a: Abomasnow\n|-singleturn|p1a: Abomasnow|Protect\n|move|p2b: Flutter Mane|Moonblast|p1a: Abomasnow\n|-activate|p1a: Abomasnow|move: Protect\n|move|p2a: Dragonite|Ice Spinner|p1b: Gastrodon\n|-damage|p1b: Gastrodon|60\/100 brn\n|move|p1b: Gastrodon|Icy Wind|p2b: Flutter Mane|[spread] p2a,p2b\n|-supereffective|p2a: Dragonite\n|-damage|p2a: Dragonite|88\/100\n|-damage|p2b: Flutter Mane|90\/100\n|-unboost|p2a: Dragonite|spe|1\n|-unboost|p2b: Flutter Mane|spe|1\n|\n|-weather|Snow|[upkeep]\n|-heal|p1b: Gastrodon|66\/100 brn|[from] item: Leftovers\n|-damage|p1b: Gastrodon|60\/100 brn|[from] brn\n|upkeep\n|turn|7\n|inactive|NicoHaxVGC has 30 seconds left.\n|\n|t:|1681951169\n|move|p2b: Flutter Mane|Moonblast|p1a: Abomasnow\n|-damage|p1a: Abomasnow|50\/100\n|move|p2a: Dragonite|Tera Blast|p1a: Abomasnow\n|-supereffective|p1a: Abomasnow\n|-damage|p1a: Abomasnow|0 fnt\n|faint|p1a: Abomasnow\n|move|p1b: Gastrodon|Earth Power|p2b: Flutter Mane\n|-crit|p2b: Flutter Mane\n|-damage|p2b: Flutter Mane|39\/100\n|\n|-weather|Snow|[upkeep]\n|-heal|p1b: Gastrodon|66\/100 brn|[from] item: Leftovers\n|-damage|p1b: Gastrodon|60\/100 brn|[from] brn\n|upkeep\n|turn|8\n|\n|t:|1681951187\n|move|p2b: Flutter Mane|Moonblast|p1b: Gastrodon\n|-damage|p1b: Gastrodon|2\/100 brn\n|move|p2a: Dragonite|Ice Spinner|p1b: Gastrodon\n|-damage|p1b: Gastrodon|0 fnt\n|faint|p1b: Gastrodon\n|\n|win|NicoHaxVGC\n|raw|Kemaho's rating: 1018 → 1005<\/strong> (-13 for losing)\n|raw|NicoHaxVGC's rating: 1000 → 1042<\/strong> (+42 for winning)\n|l|\u2606Kemaho\n","uploadtime":1681951198,"views":7,"p1id":"kemaho","p2id":"nicohaxvgc","formatid":"gen9vgc2023regulationc","rating":1005,"private":0,"password":""}