{"id":"gen9vgc2023regulationc-1857233675","p1":"jazammm","p2":"afasgjnsg","format":"[Gen 9] VGC 2023 Regulation C","log":"|j|\u2606jazammm\n|j|\u2606afasgjnsg\n|t:|1683161342\n|gametype|doubles\n|player|p1|jazammm|265|1123\n|player|p2|afasgjnsg|rosa|1116\n|teamsize|p1|6\n|teamsize|p2|6\n|gen|9\n|tier|[Gen 9] VGC 2023 Regulation C\n|rated|\n|rule|Species Clause: Limit one of each Pok\u00e9mon\n|rule|Item Clause: Limit one of each item\n|clearpoke\n|poke|p1|Maushold, L50|\n|poke|p1|Flamigo, L50, M|\n|poke|p1|Iron Hands, L50|\n|poke|p1|Mudsdale, L50, M|\n|poke|p1|Flutter Mane, L50|\n|poke|p1|Ting-Lu, L50|\n|poke|p2|Torkoal, L50, F|\n|poke|p2|Jumpluff, L50, M|\n|poke|p2|Great Tusk, L50|\n|poke|p2|Glimmora, L50, M|\n|poke|p2|Gastrodon-East, L50, M|\n|poke|p2|Flutter Mane, L50|\n|teampreview|4\n|inactive|Battle timer is ON: inactive players will automatically lose when time's up. (requested by afasgjnsg)\n|inactive|afasgjnsg has 60 seconds left.\n|\n|t:|1683161379\n|start\n|switch|p1a: Mudsdale|Mudsdale, L50, M, shiny|100\/100\n|switch|p1b: Maushold|Maushold, L50, shiny|100\/100\n|switch|p2a: Torkoal|Torkoal, L50, F|100\/100\n|switch|p2b: Jumpluff|Jumpluff, L50, M|100\/100\n|-weather|SunnyDay|[from] ability: Drought|[of] p2a: Torkoal\n|turn|1\n|\n|t:|1683161397\n|move|p2b: Jumpluff|Sleep Powder|p1b: Maushold|[miss]\n|-miss|p2b: Jumpluff|p1b: Maushold\n|move|p1b: Maushold|Population Bomb|p2a: Torkoal\n|-damage|p2a: Torkoal|95\/100\n|-damage|p2a: Torkoal|89\/100\n|-damage|p2a: Torkoal|83\/100\n|-damage|p2a: Torkoal|78\/100\n|-damage|p2a: Torkoal|72\/100\n|-damage|p2a: Torkoal|66\/100\n|-damage|p2a: Torkoal|60\/100\n|-damage|p2a: Torkoal|55\/100\n|-damage|p2a: Torkoal|49\/100\n|-damage|p2a: Torkoal|44\/100\n|-hitcount|p2a: Torkoal|10\n|move|p1a: Mudsdale|Stomping Tantrum|p2a: Torkoal\n|-supereffective|p2a: Torkoal\n|-damage|p2a: Torkoal|0 fnt\n|faint|p2a: Torkoal\n|\n|-weather|SunnyDay|[upkeep]\n|upkeep\n|\n|t:|1683161420\n|switch|p2a: Flutter Mane|Flutter Mane, L50|100\/100\n|-activate|p2a: Flutter Mane|ability: Protosynthesis\n|-start|p2a: Flutter Mane|protosynthesisspa\n|turn|2\n|inactive|afasgjnsg has 30 seconds left.\n|\n|t:|1683161452\n|move|p2b: Jumpluff|Sleep Powder|p1a: Mudsdale\n|-status|p1a: Mudsdale|slp|[from] move: Sleep Powder\n|move|p1b: Maushold|Population Bomb|p1a: Mudsdale\n|-damage|p1a: Mudsdale|95\/100 slp\n|-ability|p1a: Mudsdale|Stamina|boost\n|-boost|p1a: Mudsdale|def|1\n|-damage|p1a: Mudsdale|91\/100 slp\n|-ability|p1a: Mudsdale|Stamina|boost\n|-boost|p1a: Mudsdale|def|1\n|-damage|p1a: Mudsdale|88\/100 slp\n|-ability|p1a: Mudsdale|Stamina|boost\n|-boost|p1a: Mudsdale|def|1\n|-damage|p1a: Mudsdale|86\/100 slp\n|-ability|p1a: Mudsdale|Stamina|boost\n|-boost|p1a: Mudsdale|def|1\n|-damage|p1a: Mudsdale|83\/100 slp\n|-ability|p1a: Mudsdale|Stamina|boost\n|-boost|p1a: Mudsdale|def|1\n|-damage|p1a: Mudsdale|82\/100 slp\n|-ability|p1a: Mudsdale|Stamina|boost\n|-boost|p1a: Mudsdale|def|1\n|-damage|p1a: Mudsdale|80\/100 slp\n|-damage|p1a: Mudsdale|78\/100 slp\n|-damage|p1a: Mudsdale|76\/100 slp\n|-damage|p1a: Mudsdale|74\/100 slp\n|-hitcount|p1a: Mudsdale|10\n|move|p2a: Flutter Mane|Dazzling Gleam|p1a: Mudsdale|[spread] p1a,p1b\n|-damage|p1a: Mudsdale|34\/100 slp\n|-damage|p1b: Maushold|14\/100\n|-damage|p2a: Flutter Mane|91\/100|[from] item: Life Orb\n|cant|p1a: Mudsdale|slp\n|\n|-weather|SunnyDay|[upkeep]\n|upkeep\n|turn|3\n|inactive|afasgjnsg has 30 seconds left.\n|\n|t:|1683161485\n|switch|p1b: Flamigo|Flamigo, L50, M, shiny|100\/100\n|-copyboost|p1b: Flamigo|p1a: Mudsdale|[from] ability: Costar\n|-terastallize|p1a: Mudsdale|Steel\n|move|p2b: Jumpluff|Tailwind|p2b: Jumpluff\n|-sidestart|p2: afasgjnsg|move: Tailwind\n|move|p2a: Flutter Mane|Dazzling Gleam|p1a: Mudsdale|[spread] p1a,p1b\n|-resisted|p1a: Mudsdale\n|-supereffective|p1b: Flamigo\n|-damage|p1a: Mudsdale|9\/100 slp\n|-damage|p1b: Flamigo|0 fnt\n|faint|p1b: Flamigo\n|-damage|p2a: Flutter Mane|81\/100|[from] item: Life Orb\n|cant|p1a: Mudsdale|slp\n|\n|-weather|SunnyDay|[upkeep]\n|upkeep\n|\n|t:|1683161494\n|switch|p1b: Flutter Mane|Flutter Mane, L50, shiny|100\/100\n|-activate|p1b: Flutter Mane|ability: Protosynthesis\n|-start|p1b: Flutter Mane|protosynthesisspe\n|turn|4\n|\n|t:|1683161512\n|move|p2b: Jumpluff|Rage Powder|p2b: Jumpluff\n|-singleturn|p2b: Jumpluff|move: Rage Powder\n|move|p2a: Flutter Mane|Shadow Ball|p1b: Flutter Mane\n|-supereffective|p1b: Flutter Mane\n|-damage|p1b: Flutter Mane|0 fnt\n|faint|p1b: Flutter Mane\n|-end|p1b: Flutter Mane|Protosynthesis|[silent]\n|-damage|p2a: Flutter Mane|71\/100|[from] item: Life Orb\n|cant|p1a: Mudsdale|slp\n|\n|-weather|SunnyDay|[upkeep]\n|upkeep\n|\n|t:|1683161520\n|switch|p1b: Maushold|Maushold, L50, shiny|14\/100\n|turn|5\n|\n|t:|1683161532\n|move|p2b: Jumpluff|Rage Powder|p2b: Jumpluff\n|-singleturn|p2b: Jumpluff|move: Rage Powder\n|move|p2a: Flutter Mane|Dazzling Gleam|p1b: Maushold|[spread] p1a,p1b\n|-resisted|p1a: Mudsdale\n|-damage|p1a: Mudsdale|0 fnt\n|-damage|p1b: Maushold|0 fnt\n|faint|p1a: Mudsdale\n|faint|p1b: Maushold\n|-damage|p2a: Flutter Mane|61\/100|[from] item: Life Orb\n|\n|win|afasgjnsg\n|raw|jazammm's rating: 1123 → 1097<\/strong> (-26 for losing)\n|raw|afasgjnsg's rating: 1116 → 1142<\/strong> (+26 for winning)\n","uploadtime":1683161542,"views":12,"p1id":"jazammm","p2id":"afasgjnsg","formatid":"gen9vgc2023regulationc","rating":1097,"private":0,"password":""}