{"id":"gen9vgc2023regulationc-1847379692","p1":"Ntxth","p2":"SoggyWaffles35","format":"[Gen 9] VGC 2023 Regulation C","log":"|j|\u2606Ntxth\n|j|\u2606SoggyWaffles35\n|t:|1681948168\n|gametype|doubles\n|player|p1|Ntxth|266|1085\n|player|p2|SoggyWaffles35|169|1169\n|teamsize|p1|6\n|teamsize|p2|6\n|gen|9\n|tier|[Gen 9] VGC 2023 Regulation C\n|rated|\n|rule|Species Clause: Limit one of each Pok\u00e9mon\n|rule|Item Clause: Limit one of each item\n|clearpoke\n|poke|p1|Ting-Lu, L50|\n|poke|p1|Scream Tail, L50|\n|poke|p1|Gothitelle, L50, F|\n|poke|p1|Amoonguss, L50, M|\n|poke|p1|Flutter Mane, L50|\n|poke|p1|Palafin, L50, M|\n|poke|p2|Orthworm, L50, M|\n|poke|p2|Ting-Lu, L50|\n|poke|p2|Chien-Pao, L50|\n|poke|p2|Dragonite, L50, M|\n|poke|p2|Gyarados, L50, M|\n|poke|p2|Flutter Mane, L50|\n|teampreview|4\n|inactive|Battle timer is ON: inactive players will automatically lose when time's up. (requested by Ntxth)\nSoggyWaffles35 has agreed to open team sheets.\nNtxth has agreed to open team sheets.\n|inactive|SoggyWaffles35 has 60 seconds left.\n|inactive|SoggyWaffles35 has 30 seconds left.\n|inactive|SoggyWaffles35 has 20 seconds left.\n|\n|t:|1681948243\n|start\n|switch|p1a: Ting-Lu|Ting-Lu, L50|100\/100\n|switch|p1b: Palafin|Palafin, L50, M|100\/100\n|switch|p2a: Ting-Lu|Ting-Lu, L50|100\/100\n|switch|p2b: Orthworm|Orthworm, L50, M|100\/100\n|-ability|p1a: Ting-Lu|Vessel of Ruin\n|-ability|p2a: Ting-Lu|Vessel of Ruin\n|turn|1\n|\n|t:|1681948262\n|detailschange|p1b: Palafin|Palafin-Hero, L50, M\n|switch|p1b: Amoonguss|Amoonguss, L50, M|100\/100\n|move|p2b: Orthworm|Iron Defense|p2b: Orthworm\n|-boost|p2b: Orthworm|def|2\n|move|p2a: Ting-Lu|Rock Slide|p1b: Amoonguss|[spread] p1a,p1b\n|-resisted|p1a: Ting-Lu\n|-damage|p1a: Ting-Lu|95\/100\n|-damage|p1b: Amoonguss|82\/100\n|move|p1a: Ting-Lu|Fissure|p2a: Ting-Lu|[miss]\n|-miss|p1a: Ting-Lu|p2a: Ting-Lu\n|\n|-heal|p1a: Ting-Lu|100\/100|[from] item: Leftovers\n|-heal|p1b: Amoonguss|88\/100|[from] item: Black Sludge\n|upkeep\n|turn|2\n|inactive|SoggyWaffles35 has 30 seconds left.\n|\n|t:|1681948291\n|move|p2b: Orthworm|Body Press|p1a: Ting-Lu\n|-supereffective|p1a: Ting-Lu\n|-damage|p1a: Ting-Lu|33\/100\n|move|p2a: Ting-Lu|Heavy Slam|p1b: Amoonguss\n|-damage|p1b: Amoonguss|50\/100\n|move|p1a: Ting-Lu|Stomping Tantrum|p2a: Ting-Lu\n|-damage|p2a: Ting-Lu|71\/100\n|move|p1b: Amoonguss|Spore|p2b: Orthworm\n|-status|p2b: Orthworm|slp|[from] move: Spore\n|\n|-heal|p1a: Ting-Lu|39\/100|[from] item: Leftovers\n|-heal|p1b: Amoonguss|56\/100|[from] item: Black Sludge\n|upkeep\n|turn|3\n|inactive|SoggyWaffles35 has 30 seconds left.\n|inactive|SoggyWaffles35 has 20 seconds left.\n|\n|t:|1681948330\n|switch|p1b: Palafin|Palafin-Hero, L50, M|100\/100\n|-activate|p1b: Palafin|ability: Zero to Hero\n|cant|p2b: Orthworm|slp\n|move|p1a: Ting-Lu|Fissure|p2a: Ting-Lu|[miss]\n|-miss|p1a: Ting-Lu|p2a: Ting-Lu\n|move|p2a: Ting-Lu|Earthquake|p1a: Ting-Lu|[spread] p1a,p1b\n|-immune|p2b: Orthworm|[from] ability: Earth Eater\n|-damage|p1a: Ting-Lu|18\/100\n|-damage|p1b: Palafin|67\/100\n|\n|-heal|p1a: Ting-Lu|24\/100|[from] item: Leftovers\n|upkeep\n|turn|4\n|inactive|Ntxth has 30 seconds left.\n|inactive|SoggyWaffles35 has 30 seconds left.\n|\n|t:|1681948359\n|-terastallize|p2a: Ting-Lu|Water\n|move|p1b: Palafin|Close Combat|p2b: Orthworm\n|-supereffective|p2b: Orthworm\n|-damage|p2b: Orthworm|66\/100 slp\n|-unboost|p1b: Palafin|def|1\n|-unboost|p1b: Palafin|spd|1\n|cant|p2b: Orthworm|slp\n|move|p2a: Ting-Lu|Rock Slide|p1b: Palafin|[spread] p1a,p1b\n|-resisted|p1a: Ting-Lu\n|-damage|p1a: Ting-Lu|19\/100\n|-damage|p1b: Palafin|43\/100\n|move|p1a: Ting-Lu|Fissure|p2a: Ting-Lu|[miss]\n|-miss|p1a: Ting-Lu|p2a: Ting-Lu\n|\n|-heal|p1a: Ting-Lu|25\/100|[from] item: Leftovers\n|upkeep\n|turn|5\n|inactive|SoggyWaffles35 has 30 seconds left.\n|\n|t:|1681948392\n|switch|p1b: Amoonguss|Amoonguss, L50, M|89\/100\n|cant|p2b: Orthworm|slp\n|move|p1a: Ting-Lu|Fissure|p2a: Ting-Lu\n|-damage|p2a: Ting-Lu|0 fnt\n|faint|p2a: Ting-Lu\n|-ohko\n|\n|-heal|p1a: Ting-Lu|31\/100|[from] item: Leftovers\n|-heal|p1b: Amoonguss|95\/100|[from] item: Black Sludge\n|upkeep\n|\n|t:|1681948407\n|switch|p2a: Chien-Pao|Chien-Pao, L50|100\/100\n|-ability|p2a: Chien-Pao|Sword of Ruin\n|turn|6\n|inactive|SoggyWaffles35 has 30 seconds left.\n|inactive|SoggyWaffles35 has 20 seconds left.\n|\n|t:|1681948446\n|move|p2a: Chien-Pao|Protect|p2a: Chien-Pao\n|-singleturn|p2a: Chien-Pao|Protect\n|-curestatus|p2b: Orthworm|slp|[msg]\n|move|p2b: Orthworm|Body Press|p1a: Ting-Lu\n|-supereffective|p1a: Ting-Lu\n|-damage|p1a: Ting-Lu|0 fnt\n|faint|p1a: Ting-Lu\n|move|p1b: Amoonguss|Spore|p2a: Chien-Pao\n|-activate|p2a: Chien-Pao|move: Protect\n|\n|-heal|p1b: Amoonguss|100\/100|[from] item: Black Sludge\n|upkeep\n|\n|t:|1681948466\n|switch|p1a: Palafin|Palafin-Hero, L50, M|43\/100\n|turn|7\n|\n|t:|1681948476\n|switch|p2b: Dragonite|Dragonite, L50, M|100\/100\n|move|p1b: Amoonguss|Rage Powder|p1b: Amoonguss\n|-singleturn|p1b: Amoonguss|move: Rage Powder\n|move|p2a: Chien-Pao|Ice Spinner|p1b: Amoonguss\n|-supereffective|p1b: Amoonguss\n|-damage|p1b: Amoonguss|0 fnt\n|faint|p1b: Amoonguss\n|move|p1a: Palafin|Close Combat|p2a: Chien-Pao\n|-supereffective|p2a: Chien-Pao\n|-enditem|p2a: Chien-Pao|Focus Sash\n|-damage|p2a: Chien-Pao|1\/100\n|-unboost|p1a: Palafin|def|1\n|-unboost|p1a: Palafin|spd|1\n|\n|upkeep\n|\n|t:|1681948489\n|switch|p1b: Flutter Mane|Flutter Mane, L50|100\/100\n|turn|8\n|\n|t:|1681948503\n|move|p2a: Chien-Pao|Protect|p2a: Chien-Pao\n|-singleturn|p2a: Chien-Pao|Protect\n|move|p2b: Dragonite|Extreme Speed|p1a: Palafin\n|-damage|p1a: Palafin|0 fnt\n|faint|p1a: Palafin\n|move|p1b: Flutter Mane|Moonblast|p2b: Dragonite\n|-supereffective|p2b: Dragonite\n|-damage|p2b: Dragonite|43\/100\n|\n|upkeep\n|turn|9\n|\n|t:|1681948523\n|move|p1b: Flutter Mane|Protect|p1b: Flutter Mane\n|-singleturn|p1b: Flutter Mane|Protect\n|move|p2a: Chien-Pao|Ice Spinner|p1b: Flutter Mane\n|-activate|p1b: Flutter Mane|move: Protect\n|move|p2b: Dragonite|Thunder Punch|p1b: Flutter Mane\n|-activate|p1b: Flutter Mane|move: Protect\n|\n|upkeep\n|turn|10\n|\n|t:|1681948535\n|-terastallize|p1b: Flutter Mane|Grass\n|move|p1b: Flutter Mane|Moonblast|p2a: Chien-Pao\n|-supereffective|p2a: Chien-Pao\n|-damage|p2a: Chien-Pao|0 fnt\n|faint|p2a: Chien-Pao\n|move|p2b: Dragonite|Thunder Punch|p1b: Flutter Mane\n|-resisted|p1b: Flutter Mane\n|-damage|p1b: Flutter Mane|72\/100\n|\n|upkeep\n|\n|t:|1681948542\n|switch|p2a: Orthworm|Orthworm, L50, M|66\/100\n|turn|11\n|\n|t:|1681948551\n|move|p1b: Flutter Mane|Moonblast|p2b: Dragonite\n|-supereffective|p2b: Dragonite\n|-damage|p2b: Dragonite|0 fnt\n|faint|p2b: Dragonite\n|move|p2a: Orthworm|Heavy Slam|p1b: Flutter Mane\n|-damage|p1b: Flutter Mane|0 fnt\n|faint|p1b: Flutter Mane\n|-end|p1b: Flutter Mane|Protosynthesis|[silent]\n|\n|win|SoggyWaffles35\n|raw|Ntxth's rating: 1085 → 1068<\/strong> (-17 for losing)\n|raw|SoggyWaffles35's rating: 1169 → 1188<\/strong> (+19 for winning)\n|c|\u2606SoggyWaffles35|gg\n","uploadtime":1681948560,"views":5,"p1id":"ntxth","p2id":"soggywaffles35","formatid":"gen9vgc2023regulationc","rating":1068,"private":0,"password":""}