{"id":"gen9vgc2023regulationc-1845000116","p1":"ShadowLB","p2":"zaung","format":"[Gen 9] VGC 2023 Regulation C","log":"|j|\u2606ShadowLB\n|j|\u2606zaung\n|t:|1681672633\n|gametype|doubles\n|player|p1|ShadowLB|ingo|1000\n|player|p2|zaung|n-masters2|1009\n|teamsize|p1|6\n|teamsize|p2|6\n|gen|9\n|tier|[Gen 9] VGC 2023 Regulation C\n|rated|\n|rule|Species Clause: Limit one of each Pok\u00e9mon\n|rule|Item Clause: Limit one of each item\n|clearpoke\n|poke|p1|Torkoal, L50, F|\n|poke|p1|Maushold, L50|\n|poke|p1|Meowscarada, L50, M|\n|poke|p1|Mimikyu, L50, M|\n|poke|p1|Murkrow, L50, F|\n|poke|p1|Iron Bundle, L50|\n|poke|p2|Roaring Moon, L50|\n|poke|p2|Arcanine, L50, M|\n|poke|p2|Gholdengo, L50|\n|poke|p2|Maushold-Four, L50|\n|poke|p2|Chi-Yu, L50|\n|poke|p2|Annihilape, L50, F|\n|teampreview|4\n|c|\u2606ShadowLB|glhf\n|c|\u2606zaung|u2\n|\n|t:|1681672678\n|start\n|switch|p1a: Volcan|Torkoal, L50, F|100\/100\n|switch|p1b: Simba|Meowscarada, L50, M|100\/100\n|switch|p2a: Gholdengo|Gholdengo, L50|100\/100\n|switch|p2b: Roaring Moon|Roaring Moon, L50|100\/100\n|-weather|SunnyDay|[from] ability: Drought|[of] p1a: Volcan\n|-activate|p2b: Roaring Moon|ability: Protosynthesis\n|-start|p2b: Roaring Moon|protosynthesisatk\n|turn|1\n|\n|t:|1681672707\n|-terastallize|p2a: Gholdengo|Water\n|move|p1b: Simba|Flower Trick|p2b: Roaring Moon\n|-resisted|p2b: Roaring Moon\n|-crit|p2b: Roaring Moon\n|-damage|p2b: Roaring Moon|70\/100\n|move|p2a: Gholdengo|Shadow Ball|p1a: Volcan\n|-damage|p1a: Volcan|34\/100\n|move|p2b: Roaring Moon|Tailwind|p2b: Roaring Moon\n|-sidestart|p2: zaung|move: Tailwind\n|move|p1a: Volcan|Eruption|p2a: Gholdengo|[spread] p2a,p2b\n|-resisted|p2a: Gholdengo\n|-resisted|p2b: Roaring Moon\n|-damage|p2a: Gholdengo|81\/100\n|-damage|p2b: Roaring Moon|59\/100\n|\n|-weather|SunnyDay|[upkeep]\n|upkeep\n|turn|2\n|\n|t:|1681672730\n|switch|p2a: Chi-Yu|Chi-Yu, L50|100\/100\n|-ability|p2a: Chi-Yu|Beads of Ruin\n|switch|p1a: Don|Murkrow, L50, F|100\/100\n|move|p2b: Roaring Moon|Breaking Swipe|p1b: Simba|[spread] p1a,p1b\n|-crit|p1b: Simba\n|-damage|p1a: Don|65\/100\n|-damage|p1b: Simba|29\/100\n|-unboost|p1a: Don|atk|1\n|-unboost|p1b: Simba|atk|1\n|move|p1b: Simba|Flower Trick|p2a: Chi-Yu\n|-resisted|p2a: Chi-Yu\n|-crit|p2a: Chi-Yu\n|-damage|p2a: Chi-Yu|39\/100\n|\n|-weather|SunnyDay|[upkeep]\n|upkeep\n|turn|3\n|\n|t:|1681672751\n|move|p1a: Don|Tailwind|p1a: Don\n|-sidestart|p1: ShadowLB|move: Tailwind\n|move|p1b: Simba|Flower Trick|p2a: Chi-Yu\n|-resisted|p2a: Chi-Yu\n|-crit|p2a: Chi-Yu\n|-damage|p2a: Chi-Yu|0 fnt\n|faint|p2a: Chi-Yu\n|move|p2b: Roaring Moon|Breaking Swipe|p1a: Don|[spread] p1a,p1b\n|-damage|p1a: Don|29\/100\n|-damage|p1b: Simba|0 fnt\n|-unboost|p1a: Don|atk|1\n|faint|p1b: Simba\n|\n|-weather|SunnyDay|[upkeep]\n|upkeep\n|\n|t:|1681672768\n|switch|p1b: Milk|Mimikyu, L50, M|100\/100\n|switch|p2a: Annihilape|Annihilape, L50, F|100\/100\n|turn|4\n|\n|t:|1681672784\n|move|p2a: Annihilape|U-turn|p1b: Milk\n|-activate|p1b: Milk|ability: Disguise\n|-damage|p1b: Milk|100\/100\n|detailschange|p1b: Milk|Mimikyu-Busted, L50, M\n|-damage|p1b: Milk|88\/100|[from] pokemon: Mimikyu-Busted\n|\n|t:|1681672788\n|switch|p2a: Gholdengo|Gholdengo, L50, tera:Water|81\/100|[from] U-turn\n|move|p2b: Roaring Moon|Crunch|p1b: Milk\n|-damage|p1b: Milk|7\/100\n|-unboost|p1b: Milk|def|1\n|move|p1b: Milk|Play Rough|p2b: Roaring Moon\n|-supereffective|p2b: Roaring Moon\n|-damage|p2b: Roaring Moon|0 fnt\n|faint|p2b: Roaring Moon\n|-end|p2b: Roaring Moon|Protosynthesis|[silent]\n|move|p1a: Don|Foul Play|p2a: Gholdengo\n|-damage|p2a: Gholdengo|63\/100\n|\n|-weather|SunnyDay|[upkeep]\n|-heal|p1b: Milk|14\/100|[from] item: Leftovers\n|-sideend|p2: zaung|move: Tailwind\n|upkeep\n|\n|t:|1681672792\n|switch|p2b: Annihilape|Annihilape, L50, F|100\/100\n|turn|5\n|\n|t:|1681672831\n|move|p1a: Don|Perish Song|p1a: Don\n|-start|p1a: Don|perish3|[silent]\n|-start|p1b: Milk|perish3|[silent]\n|-immune|p2a: Gholdengo|[from] ability: Good as Gold\n|-start|p2b: Annihilape|perish3|[silent]\n|-fieldactivate|move: Perish Song\n|move|p1b: Milk|Light Screen|p1b: Milk\n|-sidestart|p1: ShadowLB|move: Light Screen\n|move|p2b: Annihilape|Close Combat|p1a: Don\n|-damage|p1a: Don|0 fnt\n|-unboost|p2b: Annihilape|def|1\n|-unboost|p2b: Annihilape|spd|1\n|faint|p1a: Don\n|move|p2a: Gholdengo|Make It Rain|p1b: Milk\n|-supereffective|p1b: Milk\n|-damage|p1b: Milk|0 fnt\n|-unboost|p2a: Gholdengo|spa|1\n|faint|p1b: Milk\n|\n|-weather|none\n|-start|p2b: Annihilape|perish3\n|upkeep\n|c|\u2606zaung|gg?\n|c|\u2606ShadowLB|ye\n|c|\u2606ShadowLB|gg\n|\n|t:|1681672859\n|switch|p1b: Volcan|Torkoal, L50, F|34\/100\n|-weather|SunnyDay|[from] ability: Drought|[of] p1b: Volcan\n|turn|6\n|\n|t:|1681672867\n|move|p2b: Annihilape|Close Combat|p1b: Volcan\n|-damage|p1b: Volcan|0 fnt\n|-unboost|p2b: Annihilape|def|1\n|-unboost|p2b: Annihilape|spd|1\n|faint|p1b: Volcan\n|\n|win|zaung\n|raw|ShadowLB's rating: 1000 → 1000<\/strong> (+0 for losing)\n|raw|zaung's rating: 1009 → 1047<\/strong> (+38 for winning)\n|l|\u2606ShadowLB\n","uploadtime":1681672918,"views":18,"p1id":"shadowlb","p2id":"zaung","formatid":"gen9vgc2023regulationc","rating":1000,"private":0,"password":""}