{"id":"gen9vgc2023regulationc-1860160903","p1":"Ubsurdnotion","p2":"Crescent29","format":"[Gen 9] VGC 2023 Regulation C","log":"|j|\u2606Ubsurdnotion\n|j|\u2606Crescent29\n|t:|1683602840\n|gametype|doubles\n|player|p1|Ubsurdnotion|roughneck-gen4|1122\n|player|p2|Crescent29|pokemonbreeder-gen4|1086\n|teamsize|p1|6\n|teamsize|p2|6\n|gen|9\n|tier|[Gen 9] VGC 2023 Regulation C\n|rated|\n|rule|Species Clause: Limit one of each Pok\u00e9mon\n|rule|Item Clause: Limit one of each item\n|clearpoke\n|poke|p1|Arcanine, L50, F|\n|poke|p1|Amoonguss, L50, F|\n|poke|p1|Palafin, L50, F|\n|poke|p1|Ting-Lu, L50|\n|poke|p1|Flutter Mane, L50|\n|poke|p1|Roaring Moon, L50|\n|poke|p2|Iron Moth, L50|\n|poke|p2|Scream Tail, L50|\n|poke|p2|Garchomp, L50, M|\n|poke|p2|Raichu, L50, F|\n|poke|p2|Bronzong, L50|\n|poke|p2|Gyarados, L50, M|\n|teampreview|4\n|inactive|Battle timer is ON: inactive players will automatically lose when time's up. (requested by Crescent29)\n|inactive|Ubsurdnotion has 60 seconds left.\n|\n|t:|1683602878\n|start\n|switch|p1a: Ting-Lu|Ting-Lu, L50|100\/100\n|switch|p1b: Roaring Moon|Roaring Moon, L50|100\/100\n|switch|p2a: Raichu|Raichu, L50, F|100\/100\n|switch|p2b: Iron Moth|Iron Moth, L50|100\/100\n|-ability|p1a: Ting-Lu|Vessel of Ruin\n|-enditem|p1b: Roaring Moon|Booster Energy\n|-activate|p1b: Roaring Moon|ability: Protosynthesis|[fromitem]\n|-start|p1b: Roaring Moon|protosynthesisatk\n|-enditem|p2b: Iron Moth|Booster Energy\n|-activate|p2b: Iron Moth|ability: Quark Drive|[fromitem]\n|-start|p2b: Iron Moth|quarkdrivespe\n|turn|1\n|inactive|Ubsurdnotion has 30 seconds left.\n|inactive|Crescent29 has 30 seconds left.\n|inactive|Ubsurdnotion has 20 seconds left.\n|inactive|Crescent29 has 20 seconds left.\n|inactive|Ubsurdnotion has 15 seconds left.\n|\n|t:|1683602920\n|move|p1b: Roaring Moon|Protect|p1b: Roaring Moon\n|-singleturn|p1b: Roaring Moon|Protect\n|move|p2a: Raichu|Fake Out|p1b: Roaring Moon\n|-activate|p1b: Roaring Moon|move: Protect\n|move|p2b: Iron Moth|Fiery Dance|p1a: Ting-Lu\n|-damage|p1a: Ting-Lu|89\/100\n|move|p1a: Ting-Lu|Stomping Tantrum|p2a: Raichu\n|-supereffective|p2a: Raichu\n|-crit|p2a: Raichu\n|-enditem|p2a: Raichu|Focus Sash\n|-damage|p2a: Raichu|1\/100\n|\n|upkeep\n|turn|2\n|\n|t:|1683602943\n|move|p2b: Iron Moth|Protect|p2b: Iron Moth\n|-singleturn|p2b: Iron Moth|Protect\n|move|p1b: Roaring Moon|Throat Chop|p2a: Raichu\n|-damage|p2a: Raichu|0 fnt\n|faint|p2a: Raichu\n|move|p1a: Ting-Lu|Stomping Tantrum|p2b: Iron Moth\n|-activate|p2b: Iron Moth|move: Protect\n|\n|upkeep\n|\n|t:|1683602956\n|switch|p2a: Bronzong|Bronzong, L50|100\/100\n|turn|3\n|\n|t:|1683602972\n|move|p2b: Iron Moth|Sludge Wave|p1b: Roaring Moon|[spread] p1a,p1b\n|-immune|p2a: Bronzong\n|-resisted|p1a: Ting-Lu\n|-damage|p1a: Ting-Lu|83\/100\n|-damage|p1b: Roaring Moon|73\/100\n|move|p1b: Roaring Moon|Throat Chop|p2a: Bronzong\n|-supereffective|p2a: Bronzong\n|-damage|p2a: Bronzong|0 fnt\n|faint|p2a: Bronzong\n|move|p1a: Ting-Lu|Stomping Tantrum|p2b: Iron Moth\n|-supereffective|p2b: Iron Moth\n|-damage|p2b: Iron Moth|0 fnt\n|faint|p2b: Iron Moth\n|-end|p2b: Iron Moth|Quark Drive|[silent]\n|\n|upkeep\n|\n|t:|1683602995\n|switch|p2b: Gyarados|Gyarados, L50, M|100\/100\n|turn|4\n|\n|t:|1683603009\n|move|p1b: Roaring Moon|Dragon Dance|p1b: Roaring Moon\n|-boost|p1b: Roaring Moon|atk|1\n|-boost|p1b: Roaring Moon|spe|1\n|move|p2b: Gyarados|Dragon Dance|p2b: Gyarados\n|-boost|p2b: Gyarados|atk|1\n|-boost|p2b: Gyarados|spe|1\n|move|p1a: Ting-Lu|Rock Slide|p2b: Gyarados\n|-supereffective|p2b: Gyarados\n|-damage|p2b: Gyarados|63\/100\n|\n|upkeep\n|turn|5\n|\n|t:|1683603029\n|-terastallize|p2b: Gyarados|Flying\n|move|p1b: Roaring Moon|Throat Chop|p2b: Gyarados\n|-damage|p2b: Gyarados|0 fnt\n|faint|p2b: Gyarados\n|\n|win|Ubsurdnotion\n|raw|Ubsurdnotion's rating: 1122 → 1144<\/strong> (+22 for winning)\n|raw|Crescent29's rating: 1086 → 1065<\/strong> (-21 for losing)\n|l|\u2606Crescent29\n|c|\u2606Ubsurdnotion|gg\n","uploadtime":1683603039,"views":11,"p1id":"ubsurdnotion","p2id":"crescent29","formatid":"gen9vgc2023regulationc","rating":1065,"private":0,"password":""}