{"id":"gen9vgc2023regulationc-1856886145","p1":"Jadedragon61","p2":"bubafulbo","format":"[Gen 9] VGC 2023 Regulation C","log":"|j|\u2606Jadedragon61\n|j|\u2606bubafulbo\n|t:|1683122784\n|gametype|doubles\n|player|p1|Jadedragon61|colress-gen7|1356\n|player|p2|bubafulbo|cynthia-gen4|1349\n|teamsize|p1|6\n|teamsize|p2|6\n|gen|9\n|tier|[Gen 9] VGC 2023 Regulation C\n|rated|\n|rule|Species Clause: Limit one of each Pok\u00e9mon\n|rule|Item Clause: Limit one of each item\n|clearpoke\n|poke|p1|Flutter Mane, L50|\n|poke|p1|Tyranitar, L50, M|\n|poke|p1|Gyarados, L50, M|\n|poke|p1|Amoonguss, L50, F|\n|poke|p1|Iron Bundle, L50|\n|poke|p1|Chi-Yu, L50|\n|poke|p2|Sableye, L50, F|\n|poke|p2|Ceruledge, L50, F|\n|poke|p2|Flutter Mane, L50|\n|poke|p2|Amoonguss, L50, F|\n|poke|p2|Iron Treads, L50|\n|poke|p2|Arcanine, L50, M|\n|teampreview|4\n|inactive|Battle timer is ON: inactive players will automatically lose when time's up. (requested by Jadedragon61)\n|\n|t:|1683122815\n|start\n|switch|p1a: Not a fish|Iron Bundle, L50|100\/100\n|switch|p1b: Fish 1|Chi-Yu, L50|100\/100\n|switch|p2a: Flutter Mane|Flutter Mane, L50|100\/100\n|switch|p2b: Amoonguss|Amoonguss, L50, F|100\/100\n|-ability|p1b: Fish 1|Beads of Ruin\n|-enditem|p1a: Not a fish|Booster Energy\n|-activate|p1a: Not a fish|ability: Quark Drive|[fromitem]\n|-start|p1a: Not a fish|quarkdrivespe\n|-enditem|p2a: Flutter Mane|Booster Energy\n|-activate|p2a: Flutter Mane|ability: Protosynthesis|[fromitem]\n|-start|p2a: Flutter Mane|protosynthesisspe\n|turn|1\n|c|\u2606Jadedragon61|Good luck have fun\n|inactive|Jadedragon61 has 30 seconds left.\n|c|\u2606bubafulbo|thanks\n|inactive|Jadedragon61 has 20 seconds left.\n|\n|t:|1683122852\n|-terastallize|p1b: Fish 1|Fire\n|move|p2b: Amoonguss|Rage Powder|p2b: Amoonguss\n|-singleturn|p2b: Amoonguss|move: Rage Powder\n|move|p1a: Not a fish|Freeze-Dry|p2b: Amoonguss\n|-supereffective|p2b: Amoonguss\n|-damage|p2b: Amoonguss|29\/100\n|move|p2a: Flutter Mane|Moonblast|p1b: Fish 1\n|-resisted|p1b: Fish 1\n|-damage|p1b: Fish 1|71\/100\n|-unboost|p1b: Fish 1|spa|1\n|move|p1b: Fish 1|Heat Wave|p2b: Amoonguss|[spread] p2a,p2b\n|-supereffective|p2b: Amoonguss\n|-damage|p2a: Flutter Mane|45\/100\n|-damage|p2b: Amoonguss|0 fnt\n|faint|p2b: Amoonguss\n|\n|upkeep\n|c|\u2606bubafulbo|tomorrow is my birthday\n|\n|t:|1683122864\n|switch|p2b: Iron Treads|Iron Treads, L50|100\/100\n|turn|2\n|\n|t:|1683122878\n|-terastallize|p2b: Iron Treads|Ground\n|move|p1a: Not a fish|Freeze-Dry|p2a: Flutter Mane\n|-damage|p2a: Flutter Mane|0 fnt\n|faint|p2a: Flutter Mane\n|-end|p2a: Flutter Mane|Protosynthesis|[silent]\n|move|p1b: Fish 1|Heat Wave|p2b: Iron Treads\n|-damage|p2b: Iron Treads|3\/100\n|move|p2b: Iron Treads|Earthquake|p1a: Not a fish|[spread] p1a,p1b\n|-supereffective|p1b: Fish 1\n|-crit|p1b: Fish 1\n|-damage|p1a: Not a fish|44\/100\n|-damage|p1b: Fish 1|0 fnt\n|faint|p1b: Fish 1\n|\n|upkeep\n|\n|t:|1683122895\n|switch|p2a: Arcanine|Arcanine, L50, M|100\/100\n|switch|p1b: Fish 2|Gyarados, L50, M|100\/100\n|-ability|p2a: Arcanine|Intimidate|boost\n|-unboost|p1a: Not a fish|atk|1\n|-unboost|p1b: Fish 2|atk|1\n|-ability|p1b: Fish 2|Intimidate|boost\n|-unboost|p2a: Arcanine|atk|1\n|-unboost|p2b: Iron Treads|atk|1\n|turn|3\n|c|\u2606bubafulbo|bro\n|c|\u2606bubafulbo|gg\n|\n|t:|1683122909\n|move|p1a: Not a fish|Protect|p1a: Not a fish\n|-singleturn|p1a: Not a fish|Protect\n|move|p2b: Iron Treads|Protect|p2b: Iron Treads\n|-singleturn|p2b: Iron Treads|Protect\n|move|p2a: Arcanine|Wild Charge|p1b: Fish 2\n|-supereffective|p1b: Fish 2\n|-damage|p1b: Fish 2|27\/100\n|-damage|p2a: Arcanine|82\/100|[from] Recoil\n|move|p1b: Fish 2|Waterfall|p2a: Arcanine\n|-supereffective|p2a: Arcanine\n|-damage|p2a: Arcanine|35\/100\n|\n|upkeep\n|turn|4\n|c|\u2606bubafulbo|have a good day\n|\n|t:|1683122927\n|move|p2a: Arcanine|Extreme Speed|p1a: Not a fish\n|-damage|p1a: Not a fish|24\/100\n|move|p1a: Not a fish|Encore|p2b: Iron Treads\n|-start|p2b: Iron Treads|Encore\n|move|p2b: Iron Treads|Protect||[still]\n|-fail|p2b: Iron Treads\n|move|p1b: Fish 2|Waterfall|p2a: Arcanine\n|-supereffective|p2a: Arcanine\n|-damage|p2a: Arcanine|0 fnt\n|faint|p2a: Arcanine\n|\n|upkeep\n|turn|5\n|-message|bubafulbo forfeited.\n|\n|win|Jadedragon61\n|raw|Jadedragon61's rating: 1356 → 1376<\/strong> (+20 for winning)\n|raw|bubafulbo's rating: 1349 → 1329<\/strong> (-20 for losing)\n|l|\u2606bubafulbo\n","uploadtime":1683122943,"views":9,"p1id":"jadedragon61","p2id":"bubafulbo","formatid":"gen9vgc2023regulationc","rating":1329,"private":0,"password":""}