{"id":"gen9vgc2023regulationc-1857332522","p1":"JDN-2925","p2":"Fluttermane Eyes","format":"[Gen 9] VGC 2023 Regulation C","log":"|j|\u2606JDN-2925\n|j|\u2606Fluttermane Eyes\n|t:|1683174820\n|gametype|doubles\n|player|p1|JDN-2925|265|1303\n|player|p2|Fluttermane Eyes|riley|1208\n|teamsize|p1|6\n|teamsize|p2|6\n|gen|9\n|tier|[Gen 9] VGC 2023 Regulation C\n|rated|\n|rule|Species Clause: Limit one of each Pok\u00e9mon\n|rule|Item Clause: Limit one of each item\n|clearpoke\n|poke|p1|Dondozo, L50, F|\n|poke|p1|Tatsugiri, L50, F|\n|poke|p1|Glimmora, L50, F|\n|poke|p1|Chien-Pao, L50|\n|poke|p1|Dragapult, L50, M|\n|poke|p1|Iron Bundle, L50|\n|poke|p2|Bronzong, L50|\n|poke|p2|Ting-Lu, L50|\n|poke|p2|Iron Hands, L50|\n|poke|p2|Farigiraf, L50, M|\n|poke|p2|Wo-Chien, L50|\n|poke|p2|Glimmora, L50, M|\n|teampreview|4\n|\n|t:|1683174873\n|start\n|switch|p1a: Dragapult|Dragapult, L50, M|100\/100\n|switch|p1b: Iron Bundle|Iron Bundle, L50|100\/100\n|switch|p2a: Bronzong|Bronzong, L50|100\/100\n|switch|p2b: Ting-Lu|Ting-Lu, L50|100\/100\n|-ability|p2b: Ting-Lu|Vessel of Ruin\n|-enditem|p1b: Iron Bundle|Booster Energy\n|-activate|p1b: Iron Bundle|ability: Quark Drive|[fromitem]\n|-start|p1b: Iron Bundle|quarkdrivespe\n|turn|1\n|\n|t:|1683174906\n|move|p2b: Ting-Lu|Protect|p2b: Ting-Lu\n|-singleturn|p2b: Ting-Lu|Protect\n|move|p1b: Iron Bundle|Freeze-Dry|p2b: Ting-Lu\n|-activate|p2b: Ting-Lu|move: Protect\n|move|p1a: Dragapult|Dragon Darts|p2a: Bronzong\n|-resisted|p2a: Bronzong\n|-damage|p2a: Bronzong|87\/100\n|-anim|p1a: Dragapult|Dragon Darts|p2a: Bronzong\n|-resisted|p2a: Bronzong\n|-damage|p2a: Bronzong|72\/100\n|move|p2a: Bronzong|Trick Room|p2a: Bronzong\n|-fieldstart|move: Trick Room|[of] p2a: Bronzong\n|\n|upkeep\n|turn|2\n|\n|t:|1683174946\n|switch|p1a: Dondozo|Dondozo, L50, F|100\/100\n|-end|p1b: Iron Bundle|Quark Drive|[silent]\n|switch|p1b: Tatsugiri|Tatsugiri, L50, F|100\/100\n|-activate|p1b: Tatsugiri|ability: Commander|[of] p1a: Dondozo\n|-boost|p1a: Dondozo|atk|2\n|-boost|p1a: Dondozo|spa|2\n|-boost|p1a: Dondozo|spe|2\n|-boost|p1a: Dondozo|def|2\n|-boost|p1a: Dondozo|spd|2\n|move|p2a: Bronzong|Gyro Ball|p1a: Dondozo\n|-resisted|p1a: Dondozo\n|-damage|p1a: Dondozo|93\/100\n|move|p2b: Ting-Lu|Throat Chop|p1a: Dondozo\n|-damage|p1a: Dondozo|79\/100\n|-start|p1a: Dondozo|Throat Chop|[silent]\n|\n|-heal|p1a: Dondozo|85\/100|[from] item: Leftovers\n|upkeep\n|turn|3\n|\n|t:|1683174978\n|switch|p2a: Wo-Chien|Wo-Chien, L50|100\/100\n|-ability|p2a: Wo-Chien|Tablets of Ruin\n|-terastallize|p2b: Ting-Lu|Grass\n|move|p1a: Dondozo|Protect|p1a: Dondozo\n|-singleturn|p1a: Dondozo|Protect\n|move|p2b: Ting-Lu|Rock Slide|p1a: Dondozo|[spread] \n|-miss|p2b: Ting-Lu|p1b: Tatsugiri\n|-activate|p1a: Dondozo|move: Protect\n|\n|-heal|p1a: Dondozo|91\/100|[from] item: Leftovers\n|-end|p1a: Dondozo|Throat Chop|[silent]\n|upkeep\n|turn|4\n|\n|t:|1683175004\n|-terastallize|p1a: Dondozo|Grass\n|move|p2b: Ting-Lu|Rock Slide|p1a: Dondozo|[spread] p1a\n|-miss|p2b: Ting-Lu|p1b: Tatsugiri\n|-damage|p1a: Dondozo|86\/100\n|move|p2a: Wo-Chien|Leech Seed|p1a: Dondozo\n|-immune|p1a: Dondozo\n|move|p1a: Dondozo|Order Up|p2a: Wo-Chien\n|-damage|p2a: Wo-Chien|69\/100\n|-boost|p1a: Dondozo|atk|1\n|\n|-heal|p2a: Wo-Chien|75\/100|[from] item: Leftovers\n|-heal|p1a: Dondozo|92\/100|[from] item: Leftovers\n|upkeep\n|turn|5\n|\n|t:|1683175032\n|move|p1a: Dondozo|Protect|p1a: Dondozo\n|-singleturn|p1a: Dondozo|Protect\n|move|p2b: Ting-Lu|Throat Chop|p1a: Dondozo\n|-activate|p1a: Dondozo|move: Protect\n|move|p2a: Wo-Chien|Ruination|p1a: Dondozo\n|-activate|p1a: Dondozo|move: Protect\n|\n|-heal|p2a: Wo-Chien|81\/100|[from] item: Leftovers\n|-heal|p1a: Dondozo|98\/100|[from] item: Leftovers\n|-fieldend|move: Trick Room\n|upkeep\n|turn|6\n|\n|t:|1683175056\n|move|p2b: Ting-Lu|Protect|p2b: Ting-Lu\n|-singleturn|p2b: Ting-Lu|Protect\n|move|p1a: Dondozo|Order Up|p2a: Wo-Chien\n|-crit|p2a: Wo-Chien\n|-damage|p2a: Wo-Chien|28\/100\n|-boost|p1a: Dondozo|atk|1\n|move|p2a: Wo-Chien|Ruination|p1a: Dondozo\n|-damage|p1a: Dondozo|50\/100\n|\n|-heal|p1a: Dondozo|56\/100|[from] item: Leftovers\n|-heal|p2a: Wo-Chien|34\/100|[from] item: Leftovers\n|upkeep\n|turn|7\n|inactive|Battle timer is ON: inactive players will automatically lose when time's up. (requested by JDN-2925)\n|\n|t:|1683175105\n|switch|p2a: Bronzong|Bronzong, L50|72\/100\n|switch|p2b: Glimmora|Glimmora, L50, M|100\/100\n|move|p1a: Dondozo|Protect||[still]\n|-fail|p1a: Dondozo\n|\n|-heal|p1a: Dondozo|62\/100|[from] item: Leftovers\n|upkeep\n|turn|8\n|\n|t:|1683175125\n|move|p1a: Dondozo|Order Up|p2a: Bronzong\n|-resisted|p2a: Bronzong\n|-damage|p2a: Bronzong|42\/100\n|-boost|p1a: Dondozo|atk|1\n|move|p2b: Glimmora|Sludge Bomb|p1a: Dondozo\n|-supereffective|p1a: Dondozo\n|-damage|p1a: Dondozo|12\/100\n|move|p2a: Bronzong|Trick Room|p2a: Bronzong\n|-fieldstart|move: Trick Room|[of] p2a: Bronzong\n|\n|-heal|p1a: Dondozo|18\/100|[from] item: Leftovers\n|upkeep\n|turn|9\n|inactive|Fluttermane Eyes has 30 seconds left.\n|\n|t:|1683175152\n|move|p2a: Bronzong|Ice Spinner|p1a: Dondozo\n|-supereffective|p1a: Dondozo\n|-damage|p1a: Dondozo|5\/100\n|move|p2b: Glimmora|Sludge Bomb|p1a: Dondozo\n|-supereffective|p1a: Dondozo\n|-damage|p1a: Dondozo|0 fnt\n|faint|p1a: Dondozo\n|\n|upkeep\n|\n|t:|1683175163\n|switch|p1a: Iron Bundle|Iron Bundle, L50|100\/100\n|turn|10\n|inactive|JDN-2925 has 30 seconds left.\n|\n|t:|1683175190\n|move|p2a: Bronzong|Gyro Ball|p1b: Tatsugiri\n|-resisted|p1b: Tatsugiri\n|-damage|p1b: Tatsugiri|54\/100\n|move|p2b: Glimmora|Power Gem|p1a: Iron Bundle\n|-supereffective|p1a: Iron Bundle\n|-crit|p1a: Iron Bundle\n|-damage|p1a: Iron Bundle|0 fnt\n|faint|p1a: Iron Bundle\n|-end|p1a: Iron Bundle|Quark Drive|[silent]\n|move|p1b: Tatsugiri|Draco Meteor|p2a: Bronzong\n|-resisted|p2a: Bronzong\n|-damage|p2a: Bronzong|18\/100\n|-unboost|p1b: Tatsugiri|spa|2\n|\n|upkeep\n|-message|JDN-2925 forfeited.\n|\n|win|Fluttermane Eyes\n|raw|JDN-2925's rating: 1303 → 1278<\/strong> (-25 for losing)\n|raw|Fluttermane Eyes's rating: 1208 → 1240<\/strong> (+32 for winning)\n|l|\u2606JDN-2925\n","uploadtime":1683175209,"views":3,"p1id":"jdn2925","p2id":"fluttermaneeyes","formatid":"gen9vgc2023regulationc","rating":1240,"private":0,"password":""}