{"id":"gen9vgc2023regulationc-1849096359","p1":"Sibiiiiiii","p2":"connorelsa","format":"[Gen 9] VGC 2023 Regulation C","log":"|j|\u2606Sibiiiiiii\n|j|\u2606connorelsa\n|t:|1682154592\n|gametype|doubles\n|player|p1|Sibiiiiiii|riley|1426\n|player|p2|connorelsa|170|1370\n|teamsize|p1|6\n|teamsize|p2|6\n|gen|9\n|tier|[Gen 9] VGC 2023 Regulation C\n|rated|\n|rule|Species Clause: Limit one of each Pok\u00e9mon\n|rule|Item Clause: Limit one of each item\n|clearpoke\n|poke|p1|Cetitan, L50, F|\n|poke|p1|Amoonguss, L50, M|\n|poke|p1|Iron Hands, L50|\n|poke|p1|Arcanine, L50, M|\n|poke|p1|Murkrow, L50, F|\n|poke|p1|Great Tusk, L50|\n|poke|p2|Annihilape, L50, M|\n|poke|p2|Arcanine, L50, F|\n|poke|p2|Sableye, L50, F|\n|poke|p2|Dragapult, L50, M|\n|poke|p2|Iron Hands, L50|\n|poke|p2|Scizor, L50, F|\n|teampreview|4\n|inactive|Battle timer is ON: inactive players will automatically lose when time's up. (requested by Sibiiiiiii)\nSibiiiiiii has agreed to open team sheets.\n|inactive|Sibiiiiiii has 60 seconds left.\n|inactive|connorelsa has 60 seconds left.\n|\n|t:|1682154645\n|start\n|switch|p1a: Murkrow|Murkrow, L50, F|100\/100\n|switch|p1b: tu mama|Cetitan, L50, F|100\/100\n|switch|p2a: Annihilape|Annihilape, L50, M|100\/100\n|switch|p2b: Arcanine|Arcanine, L50, F|100\/100\n|-ability|p2b: Arcanine|Intimidate|boost\n|-unboost|p1a: Murkrow|atk|1\n|-unboost|p1b: tu mama|atk|1\n|turn|1\n|\n|t:|1682154666\n|-terastallize|p1b: tu mama|Water\n|move|p1a: Murkrow|Tailwind|p1a: Murkrow\n|-sidestart|p1: Sibiiiiiii|move: Tailwind\n|move|p1b: tu mama|Liquidation|p2b: Arcanine\n|-supereffective|p2b: Arcanine\n|-damage|p2b: Arcanine|0 fnt\n|faint|p2b: Arcanine\n|move|p2a: Annihilape|Bulk Up|p2a: Annihilape\n|-boost|p2a: Annihilape|atk|1\n|-boost|p2a: Annihilape|def|1\n|\n|upkeep\n|\n|t:|1682154677\n|switch|p2b: Iron Hands|Iron Hands, L50|100\/100\n|turn|2\n|\n|t:|1682154683\n|move|p1b: tu mama|Protect|p1b: tu mama\n|-singleturn|p1b: tu mama|Protect\n|move|p2b: Iron Hands|Fake Out|p1b: tu mama\n|-activate|p1b: tu mama|move: Protect\n|move|p1a: Murkrow|Haze|p1a: Murkrow\n|-clearallboost\n|move|p2a: Annihilape|Bulk Up|p2a: Annihilape\n|-boost|p2a: Annihilape|atk|1\n|-boost|p2a: Annihilape|def|1\n|\n|upkeep\n|turn|3\n|j| MondayXyz\n|\n|t:|1682154703\n|move|p1a: Murkrow|Haze|p1a: Murkrow\n|-clearallboost\n|move|p1b: tu mama|Play Rough|p2a: Annihilape\n|-supereffective|p2a: Annihilape\n|-damage|p2a: Annihilape|0 fnt\n|faint|p2a: Annihilape\n|move|p2b: Iron Hands|Wild Charge|p1a: Murkrow\n|-supereffective|p1a: Murkrow\n|-damage|p1a: Murkrow|0 fnt\n|faint|p1a: Murkrow\n|-damage|p2b: Iron Hands|84\/100|[from] Recoil\n|\n|upkeep\n|\n|t:|1682154721\n|switch|p1a: gordo teton|Iron Hands, L50|100\/100\n|switch|p2a: Dragapult|Dragapult, L50, M|100\/100\n|turn|4\n|\n|t:|1682154732\n|-terastallize|p2a: Dragapult|Fairy\n|move|p1a: gordo teton|Fake Out|p2b: Iron Hands\n|-damage|p2b: Iron Hands|74\/100\n|move|p1b: tu mama|Icicle Crash|p2a: Dragapult\n|-damage|p2a: Dragapult|2\/100\n|move|p2a: Dragapult|Dragon Dance|p2a: Dragapult\n|-boost|p2a: Dragapult|atk|1\n|-boost|p2a: Dragapult|spe|1\n|cant|p2b: Iron Hands|flinch\n|\n|-sideend|p1: Sibiiiiiii|move: Tailwind\n|upkeep\n|turn|5\n|\n|t:|1682154758\n|move|p2a: Dragapult|Phantom Force||[still]\n|-prepare|p2a: Dragapult|Phantom Force\n|move|p1b: tu mama|Play Rough|p2b: Iron Hands\n|-supereffective|p2b: Iron Hands\n|-damage|p2b: Iron Hands|6\/100\n|move|p1a: gordo teton|Drain Punch|p2a: Dragapult|[miss]\n|-miss|p1a: gordo teton|p2a: Dragapult\n|move|p2b: Iron Hands|Wild Charge|p1b: tu mama\n|-supereffective|p1b: tu mama\n|-damage|p1b: tu mama|0 fnt\n|faint|p1b: tu mama\n|-damage|p2b: Iron Hands|0 fnt|[from] Recoil\n|faint|p2b: Iron Hands\n|-end|p2b: Iron Hands|Quark Drive|[silent]\n|\n|upkeep\n|\n|t:|1682154769\n|switch|p1b: Great Tusk|Great Tusk, L50|100\/100\n|turn|6\n|-message|connorelsa forfeited.\n|\n|win|Sibiiiiiii\n|raw|Sibiiiiiii's rating: 1426 → 1443<\/strong> (+17 for winning)\n|raw|connorelsa's rating: 1370 → 1353<\/strong> (-17 for losing)\n|l|\u2606connorelsa\n|c|\u2606Sibiiiiiii|gg\n|l| MondayXyz\n","uploadtime":1682154782,"views":7,"p1id":"sibiiiiiii","p2id":"connorelsa","formatid":"gen9vgc2023regulationc","rating":1353,"private":0,"password":""}