{"id":"gen9vgc2023regulationc-1854077614","p1":"serratedlollipop","p2":"mrbadd","format":"[Gen 9] VGC 2023 Regulation C","log":"|j|\u2606serratedlollipop\n|j|\u2606mrbadd\n|t:|1682765135\n|gametype|doubles\n|player|p1|serratedlollipop|dawn-gen4pt|1125\n|player|p2|mrbadd|rocker-gen1rb|1109\n|teamsize|p1|6\n|teamsize|p2|6\n|gen|9\n|tier|[Gen 9] VGC 2023 Regulation C\n|rated|\n|rule|Species Clause: Limit one of each Pok\u00e9mon\n|rule|Item Clause: Limit one of each item\n|clearpoke\n|poke|p1|Roaring Moon, L50|\n|poke|p1|Armarouge, L50, M|\n|poke|p1|Flutter Mane, L50|\n|poke|p1|Indeedee-F, L50, F|\n|poke|p1|Great Tusk, L50|\n|poke|p1|Amoonguss, L50, M|\n|poke|p2|Roaring Moon, L50|\n|poke|p2|Ting-Lu, L50|\n|poke|p2|Iron Bundle, L50|\n|poke|p2|Garganacl, L50, M|\n|poke|p2|Arcanine, L50, F|\n|poke|p2|Amoonguss, L50, M|\n|teampreview|4\n|inactive|Battle timer is ON: inactive players will automatically lose when time's up. (requested by serratedlollipop)\n|inactive|serratedlollipop has 60 seconds left.\n|inactive|mrbadd has 60 seconds left.\nserratedlollipop has agreed to open team sheets.\n|inactive|serratedlollipop has 30 seconds left.\n|\n|t:|1682765198\n|start\n|switch|p1a: Roaring Moon|Roaring Moon, L50|100\/100\n|switch|p1b: Flutter Mane|Flutter Mane, L50|100\/100\n|switch|p2a: Roaring Moon|Roaring Moon, L50, shiny|100\/100\n|switch|p2b: Ting-Lu|Ting-Lu, L50|100\/100\n|-ability|p2b: Ting-Lu|Vessel of Ruin\n|-enditem|p1a: Roaring Moon|Booster Energy\n|-activate|p1a: Roaring Moon|ability: Protosynthesis|[fromitem]\n|-start|p1a: Roaring Moon|protosynthesisatk\n|-enditem|p2a: Roaring Moon|Booster Energy\n|-activate|p2a: Roaring Moon|ability: Protosynthesis|[fromitem]\n|-start|p2a: Roaring Moon|protosynthesisatk\n|turn|1\n|inactive|serratedlollipop has 30 seconds left.\n|inactive|mrbadd has 30 seconds left.\n|inactive|serratedlollipop has 20 seconds left.\n|\n|t:|1682765236\n|-terastallize|p2a: Roaring Moon|Flying\n|move|p1a: Roaring Moon|Tailwind|p1a: Roaring Moon\n|-sidestart|p1: serratedlollipop|move: Tailwind\n|move|p1b: Flutter Mane|Thunderbolt|p2a: Roaring Moon\n|-supereffective|p2a: Roaring Moon\n|-damage|p2a: Roaring Moon|30\/100\n|-status|p2a: Roaring Moon|par\n|cant|p2a: Roaring Moon|par\n|move|p2b: Ting-Lu|Heavy Slam|p1b: Flutter Mane\n|-supereffective|p1b: Flutter Mane\n|-damage|p1b: Flutter Mane|0 fnt\n|faint|p1b: Flutter Mane\n|-end|p1b: Flutter Mane|Protosynthesis|[silent]\n|\n|upkeep\n|\n|t:|1682765251\n|switch|p1b: Great Tusk|Great Tusk, L50|100\/100\n|turn|2\n|inactive|mrbadd has 30 seconds left.\n|inactive|mrbadd has 20 seconds left.\n|inactive|mrbadd has 15 seconds left.\n|\n|t:|1682765291\n|move|p1a: Roaring Moon|Throat Chop|p2a: Roaring Moon\n|-damage|p2a: Roaring Moon|0 fnt\n|faint|p2a: Roaring Moon\n|-end|p2a: Roaring Moon|Protosynthesis|[silent]\n|move|p1b: Great Tusk|Close Combat|p2b: Ting-Lu\n|-supereffective|p2b: Ting-Lu\n|-damage|p2b: Ting-Lu|26\/100\n|-unboost|p1b: Great Tusk|def|1\n|-unboost|p1b: Great Tusk|spd|1\n|move|p2b: Ting-Lu|Ruination|p1a: Roaring Moon|[miss]\n|-miss|p2b: Ting-Lu|p1a: Roaring Moon\n|\n|upkeep\n|\n|t:|1682765307\n|switch|p2a: Iron Bundle|Iron Bundle, L50|100\/100\n|turn|3\n|inactive|serratedlollipop has 30 seconds left.\n|inactive|serratedlollipop has 20 seconds left.\n|inactive|serratedlollipop has 15 seconds left.\n|\n|t:|1682765350\n|move|p1a: Roaring Moon|Acrobatics|p2b: Ting-Lu\n|-crit|p2b: Ting-Lu\n|-damage|p2b: Ting-Lu|0 fnt\n|faint|p2b: Ting-Lu\n|move|p1b: Great Tusk|Iron Head|p2a: Iron Bundle\n|-damage|p2a: Iron Bundle|62\/100\n|move|p2a: Iron Bundle|Freeze-Dry|p1b: Great Tusk\n|-supereffective|p1b: Great Tusk\n|-damage|p1b: Great Tusk|0 fnt\n|faint|p1b: Great Tusk\n|-end|p1b: Great Tusk|Protosynthesis|[silent]\n|\n|upkeep\n|\n|t:|1682765360\n|switch|p1b: Amoonguss|Amoonguss, L50, M|100\/100\n|switch|p2b: Garganacl|Garganacl, L50, M|100\/100\n|turn|4\n|\n|t:|1682765376\n|move|p2a: Iron Bundle|Protect|p2a: Iron Bundle\n|-singleturn|p2a: Iron Bundle|Protect\n|move|p1a: Roaring Moon|Throat Chop|p2a: Iron Bundle\n|-activate|p2a: Iron Bundle|move: Protect\n|move|p1b: Amoonguss|Spore|p2b: Garganacl\n|-immune|p2b: Garganacl|[from] ability: Purifying Salt\n|move|p2b: Garganacl|Salt Cure|p1a: Roaring Moon\n|-damage|p1a: Roaring Moon|82\/100\n|-start|p1a: Roaring Moon|Salt Cure\n|\n|-damage|p1a: Roaring Moon|70\/100|[from] Salt Cure\n|-sideend|p1: serratedlollipop|move: Tailwind\n|upkeep\n|turn|5\n|\n|t:|1682765395\n|move|p2a: Iron Bundle|Freeze-Dry|p1a: Roaring Moon\n|-supereffective|p1a: Roaring Moon\n|-damage|p1a: Roaring Moon|6\/100\n|move|p1a: Roaring Moon|Acrobatics|p2a: Iron Bundle\n|-damage|p2a: Iron Bundle|4\/100\n|move|p2b: Garganacl|Salt Cure|p1b: Amoonguss\n|-damage|p1b: Amoonguss|87\/100\n|-start|p1b: Amoonguss|Salt Cure\n|move|p1b: Amoonguss|Pollen Puff|p1a: Roaring Moon\n|-heal|p1a: Roaring Moon|56\/100\n|\n|-damage|p1a: Roaring Moon|43\/100|[from] Salt Cure\n|-damage|p1b: Amoonguss|75\/100|[from] Salt Cure\n|upkeep\n|turn|6\n|\n|t:|1682765418\n|move|p1a: Roaring Moon|Protect|p1a: Roaring Moon\n|-singleturn|p1a: Roaring Moon|Protect\n|move|p2a: Iron Bundle|Freeze-Dry|p1a: Roaring Moon\n|-activate|p1a: Roaring Moon|move: Protect\n|move|p2b: Garganacl|Salt Cure|p1b: Amoonguss\n|-damage|p1b: Amoonguss|61\/100\n|move|p1b: Amoonguss|Pollen Puff|p2a: Iron Bundle\n|-damage|p2a: Iron Bundle|0 fnt\n|faint|p2a: Iron Bundle\n|-end|p2a: Iron Bundle|Quark Drive|[silent]\n|\n|-damage|p1a: Roaring Moon|31\/100|[from] Salt Cure\n|-damage|p1b: Amoonguss|48\/100|[from] Salt Cure\n|upkeep\n|-enditem|p1b: Amoonguss|Sitrus Berry|[eat]\n|-heal|p1b: Amoonguss|73\/100|[from] item: Sitrus Berry\n|turn|7\n|\n|t:|1682765441\n|move|p1a: Roaring Moon|Acrobatics|p2b: Garganacl\n|-resisted|p2b: Garganacl\n|-damage|p2b: Garganacl|85\/100\n|move|p2b: Garganacl|Salt Cure|p1a: Roaring Moon\n|-damage|p1a: Roaring Moon|15\/100\n|move|p1b: Amoonguss|Pollen Puff|p1a: Roaring Moon\n|-heal|p1a: Roaring Moon|64\/100\n|\n|-heal|p2b: Garganacl|91\/100|[from] item: Leftovers\n|-damage|p1a: Roaring Moon|52\/100|[from] Salt Cure\n|-damage|p1b: Amoonguss|61\/100|[from] Salt Cure\n|upkeep\n|turn|8\n|\n|t:|1682765460\n|move|p2b: Garganacl|Protect|p2b: Garganacl\n|-singleturn|p2b: Garganacl|Protect\n|move|p1a: Roaring Moon|Throat Chop|p2b: Garganacl\n|-activate|p2b: Garganacl|move: Protect\n|move|p1b: Amoonguss|Pollen Puff|p1a: Roaring Moon\n|-heal|p1a: Roaring Moon|100\/100\n|\n|-heal|p2b: Garganacl|97\/100|[from] item: Leftovers\n|-damage|p1a: Roaring Moon|88\/100|[from] Salt Cure\n|-damage|p1b: Amoonguss|49\/100|[from] Salt Cure\n|upkeep\n|turn|9\n|\n|t:|1682765477\n|move|p1a: Roaring Moon|Throat Chop|p2b: Garganacl\n|-damage|p2b: Garganacl|66\/100\n|-start|p2b: Garganacl|Throat Chop|[silent]\n|move|p2b: Garganacl|Salt Cure|p1b: Amoonguss\n|-damage|p1b: Amoonguss|35\/100\n|move|p1b: Amoonguss|Pollen Puff|p2b: Garganacl\n|-damage|p2b: Garganacl|52\/100\n|\n|-heal|p2b: Garganacl|58\/100|[from] item: Leftovers\n|-damage|p1a: Roaring Moon|75\/100|[from] Salt Cure\n|-damage|p1b: Amoonguss|23\/100|[from] Salt Cure\n|upkeep\n|turn|10\n|\n|t:|1682765491\n|move|p2b: Garganacl|Protect|p2b: Garganacl\n|-singleturn|p2b: Garganacl|Protect\n|move|p1b: Amoonguss|Protect|p1b: Amoonguss\n|-singleturn|p1b: Amoonguss|Protect\n|move|p1a: Roaring Moon|Throat Chop|p2b: Garganacl\n|-activate|p2b: Garganacl|move: Protect\n|\n|-heal|p2b: Garganacl|63\/100|[from] item: Leftovers\n|-damage|p1a: Roaring Moon|63\/100|[from] Salt Cure\n|-damage|p1b: Amoonguss|10\/100|[from] Salt Cure\n|-end|p2b: Garganacl|Throat Chop|[silent]\n|upkeep\n|turn|11\n|\n|t:|1682765510\n|move|p1a: Roaring Moon|Throat Chop|p2b: Garganacl\n|-damage|p2b: Garganacl|29\/100\n|-start|p2b: Garganacl|Throat Chop|[silent]\n|move|p2b: Garganacl|Recover|p2b: Garganacl\n|-heal|p2b: Garganacl|80\/100\n|move|p1b: Amoonguss|Pollen Puff|p1a: Roaring Moon\n|-heal|p1a: Roaring Moon|100\/100\n|\n|-heal|p2b: Garganacl|86\/100|[from] item: Leftovers\n|-damage|p1a: Roaring Moon|88\/100|[from] Salt Cure\n|-damage|p1b: Amoonguss|0 fnt|[from] Salt Cure\n|faint|p1b: Amoonguss\n|upkeep\n|turn|12\n|c|\u2606mrbadd|gg\n|\n|t:|1682765527\n|move|p2b: Garganacl|Protect|p2b: Garganacl\n|-singleturn|p2b: Garganacl|Protect\n|move|p1a: Roaring Moon|Throat Chop|p2b: Garganacl\n|-activate|p2b: Garganacl|move: Protect\n|\n|-heal|p2b: Garganacl|91\/100|[from] item: Leftovers\n|-damage|p1a: Roaring Moon|75\/100|[from] Salt Cure\n|-end|p2b: Garganacl|Throat Chop|[silent]\n|upkeep\n|turn|13\n|c|\u2606serratedlollipop|yeah...\n|c|\u2606mrbadd|almost had me there\n|\n|t:|1682765539\n|move|p1a: Roaring Moon|Throat Chop|p2b: Garganacl\n|-damage|p2b: Garganacl|57\/100\n|-start|p2b: Garganacl|Throat Chop|[silent]\n|move|p2b: Garganacl|Salt Cure|p1a: Roaring Moon\n|-damage|p1a: Roaring Moon|60\/100\n|\n|-heal|p2b: Garganacl|62\/100|[from] item: Leftovers\n|-damage|p1a: Roaring Moon|47\/100|[from] Salt Cure\n|upkeep\n|turn|14\n|c|\u2606mrbadd|good fight\n|c|\u2606serratedlollipop|gg\n|-message|serratedlollipop forfeited.\n|\n|win|mrbadd\n|raw|serratedlollipop's rating: 1125 → 1099<\/strong> (-26 for losing)\n|raw|mrbadd's rating: 1109 → 1135<\/strong> (+26 for winning)\n|l|\u2606serratedlollipop\n","uploadtime":1682765579,"views":13,"p1id":"serratedlollipop","p2id":"mrbadd","formatid":"gen9vgc2023regulationc","rating":1099,"private":0,"password":""}