{"id":"gen9vgc2023regulationc-1857923417","p1":"benjc","p2":"Taels48","format":"[Gen 9] VGC 2023 Regulation C","log":"|j|\u2606benjc\n|j|\u2606Taels48\n|t:|1683247847\n|gametype|doubles\n|player|p1|benjc|preschooler|1226\n|player|p2|Taels48|nate|1298\n|teamsize|p1|6\n|teamsize|p2|6\n|gen|9\n|tier|[Gen 9] VGC 2023 Regulation C\n|rated|\n|rule|Species Clause: Limit one of each Pok\u00e9mon\n|rule|Item Clause: Limit one of each item\n|clearpoke\n|poke|p1|Talonflame, L50, M|\n|poke|p1|Wo-Chien, L50|\n|poke|p1|Iron Bundle, L50|\n|poke|p1|Great Tusk, L50|\n|poke|p1|Flutter Mane, L50|\n|poke|p1|Espathra, L50, M|\n|poke|p2|Gastrodon-East, L50, F|\n|poke|p2|Chi-Yu, L50|\n|poke|p2|Scream Tail, L50|\n|poke|p2|Kingambit, L50, M|\n|poke|p2|Arcanine, L50, M|\n|poke|p2|Palafin, L50, M|\n|teampreview|4\n|inactive|Battle timer is ON: inactive players will automatically lose when time's up. (requested by benjc)\n|inactive|benjc has 60 seconds left.\n|\n|t:|1683247887\n|start\n|switch|p1a: Talonflame|Talonflame, L50, M|100\/100\n|switch|p1b: Great Tusk|Great Tusk, L50|100\/100\n|switch|p2a: Nemo :D|Chi-Yu, L50|100\/100\n|switch|p2b: *Grita*|Scream Tail, L50|100\/100\n|-ability|p2a: Nemo :D|Beads of Ruin\n|-enditem|p2b: *Grita*|Booster Energy\n|-activate|p2b: *Grita*|ability: Protosynthesis|[fromitem]\n|-start|p2b: *Grita*|protosynthesisspe\n|turn|1\n|inactive|benjc has 30 seconds left.\n|inactive|Taels48 has 30 seconds left.\n|\n|t:|1683247922\n|move|p2b: *Grita*|Helping Hand|p2a: Nemo :D\n|-singleturn|p2a: Nemo :D|Helping Hand|[of] p2b: *Grita*\n|move|p1a: Talonflame|Tailwind|p1a: Talonflame\n|-sidestart|p1: benjc|move: Tailwind\n|move|p1b: Great Tusk|Close Combat|p2a: Nemo :D\n|-supereffective|p2a: Nemo :D\n|-enditem|p2a: Nemo :D|Focus Sash\n|-damage|p2a: Nemo :D|1\/100\n|-unboost|p1b: Great Tusk|def|1\n|-unboost|p1b: Great Tusk|spd|1\n|move|p2a: Nemo :D|Dark Pulse|p1a: Talonflame\n|-crit|p1a: Talonflame\n|-damage|p1a: Talonflame|0 fnt\n|faint|p1a: Talonflame\n|\n|upkeep\n|inactive|benjc has 30 seconds left.\n|\n|t:|1683247947\n|switch|p1a: Wo-Chien|Wo-Chien, L50|100\/100\n|-ability|p1a: Wo-Chien|Tablets of Ruin\n|turn|2\n|\n|t:|1683247954\n|switch|p2a: Waos|Arcanine, L50, M|100\/100\n|-ability|p2a: Waos|Intimidate|boost\n|-unboost|p1a: Wo-Chien|atk|1\n|-unboost|p1b: Great Tusk|atk|1\n|move|p1a: Wo-Chien|Protect|p1a: Wo-Chien\n|-singleturn|p1a: Wo-Chien|Protect\n|move|p1b: Great Tusk|Earthquake|p2b: *Grita*|[spread] p2a,p2b\n|-activate|p1a: Wo-Chien|move: Protect\n|-supereffective|p2a: Waos\n|-damage|p2a: Waos|63\/100\n|-damage|p2b: *Grita*|85\/100\n|move|p2b: *Grita*|Howl|p2b: *Grita*|[spread] p2a,p2b\n|-boost|p2a: Waos|atk|1\n|-boost|p2b: *Grita*|atk|1\n|\n|upkeep\n|turn|3\n|inactive|benjc has 30 seconds left.\n|inactive|benjc has 20 seconds left.\n|inactive|benjc has 15 seconds left.\n|inactive|benjc has 10 seconds left.\n|\n|t:|1683248002\n|switch|p1a: Iron Bundle|Iron Bundle, L50|100\/100\n|-enditem|p1a: Iron Bundle|Booster Energy\n|-activate|p1a: Iron Bundle|ability: Quark Drive|[fromitem]\n|-start|p1a: Iron Bundle|quarkdrivespe\n|-terastallize|p1b: Great Tusk|Ground\n|-terastallize|p2b: *Grita*|Grass\n|move|p2a: Waos|Protect|p2a: Waos\n|-singleturn|p2a: Waos|Protect\n|move|p1b: Great Tusk|Headlong Rush|p2a: Waos\n|-activate|p2a: Waos|move: Protect\n|move|p2b: *Grita*|Howl|p2b: *Grita*|[spread] p2a,p2b\n|-boost|p2a: Waos|atk|1\n|-boost|p2b: *Grita*|atk|1\n|\n|upkeep\n|turn|4\n|\n|t:|1683248019\n|move|p1a: Iron Bundle|Freeze-Dry|p2b: *Grita*\n|-supereffective|p2b: *Grita*\n|-damage|p2b: *Grita*|39\/100\n|move|p1b: Great Tusk|Headlong Rush|p2a: Waos\n|-supereffective|p2a: Waos\n|-damage|p2a: Waos|0 fnt\n|-unboost|p1b: Great Tusk|def|1\n|-unboost|p1b: Great Tusk|spd|1\n|faint|p2a: Waos\n|move|p2b: *Grita*|Play Rough|p1b: Great Tusk\n|-damage|p1b: Great Tusk|37\/100\n|\n|-sideend|p1: benjc|move: Tailwind\n|upkeep\n|\n|t:|1683248034\n|switch|p2a: Nemo :D|Chi-Yu, L50|1\/100\n|-ability|p2a: Nemo :D|Beads of Ruin\n|turn|5\n|\n|t:|1683248040\n|move|p2a: Nemo :D|Protect|p2a: Nemo :D\n|-singleturn|p2a: Nemo :D|Protect\n|move|p1a: Iron Bundle|Icy Wind|p2a: Nemo :D|[spread] p2b\n|-activate|p2a: Nemo :D|move: Protect\n|-supereffective|p2b: *Grita*\n|-damage|p2b: *Grita*|6\/100\n|-unboost|p2b: *Grita*|spe|1\n|move|p2b: *Grita*|Play Rough|p1b: Great Tusk\n|-damage|p1b: Great Tusk|0 fnt\n|faint|p1b: Great Tusk\n|-end|p1b: Great Tusk|Protosynthesis|[silent]\n|\n|upkeep\n|\n|t:|1683248044\n|switch|p1b: Wo-Chien|Wo-Chien, L50|100\/100\n|-ability|p1b: Wo-Chien|Tablets of Ruin\n|turn|6\n|\n|t:|1683248059\n|switch|p2a: Chaini|Kingambit, L50, M, shiny|100\/100\n|move|p1a: Iron Bundle|Icy Wind|p2a: Chaini|[spread] p2a,p2b\n|-resisted|p2a: Chaini\n|-supereffective|p2b: *Grita*\n|-damage|p2a: Chaini|93\/100\n|-damage|p2b: *Grita*|0 fnt\n|-unboost|p2a: Chaini|spe|1\n|-ability|p2a: Chaini|Defiant|boost\n|-boost|p2a: Chaini|atk|2\n|faint|p2b: *Grita*\n|-end|p2b: *Grita*|Protosynthesis|[silent]\n|move|p1b: Wo-Chien|Growth|p1b: Wo-Chien\n|-boost|p1b: Wo-Chien|atk|1\n|-boost|p1b: Wo-Chien|spa|1\n|\n|upkeep\n|\n|t:|1683248071\n|switch|p2b: Nemo :D|Chi-Yu, L50|1\/100\n|-ability|p2b: Nemo :D|Beads of Ruin\n|turn|7\n|\n|t:|1683248089\n|move|p2b: Nemo :D|Protect|p2b: Nemo :D\n|-singleturn|p2b: Nemo :D|Protect\n|move|p1a: Iron Bundle|Hydro Pump|p2a: Chaini\n|-damage|p2a: Chaini|43\/100\n|move|p1b: Wo-Chien|Giga Drain|p2a: Chaini\n|-resisted|p2a: Chaini\n|-damage|p2a: Chaini|25\/100\n|move|p2a: Chaini|Kowtow Cleave|p1a: Iron Bundle\n|-damage|p1a: Iron Bundle|12\/100\n|\n|upkeep\n|turn|8\n|\n|t:|1683248112\n|move|p1a: Iron Bundle|Protect|p1a: Iron Bundle\n|-singleturn|p1a: Iron Bundle|Protect\n|move|p2a: Chaini|Sucker Punch||[still]\n|-fail|p2a: Chaini\n|move|p2b: Nemo :D|Flamethrower|p1b: Wo-Chien\n|-supereffective|p1b: Wo-Chien\n|-damage|p1b: Wo-Chien|4\/100\n|-status|p1b: Wo-Chien|brn\n|move|p1b: Wo-Chien|Giga Drain|p2b: Nemo :D\n|-resisted|p2b: Nemo :D\n|-damage|p2b: Nemo :D|0 fnt\n|-heal|p1b: Wo-Chien|4\/100 brn|[from] drain|[of] p2b: Nemo :D\n|faint|p2b: Nemo :D\n|\n|-heal|p1b: Wo-Chien|10\/100 brn|[from] item: Leftovers\n|-damage|p1b: Wo-Chien|4\/100 brn|[from] brn\n|upkeep\n|turn|9\n|\n|t:|1683248133\n|move|p1a: Iron Bundle|Protect|p1a: Iron Bundle\n|-singleturn|p1a: Iron Bundle|Protect\n|move|p2a: Chaini|Sucker Punch||[still]\n|-fail|p2a: Chaini\n|move|p1b: Wo-Chien|Giga Drain|p2a: Chaini\n|-resisted|p2a: Chaini\n|-damage|p2a: Chaini|10\/100\n|-heal|p1b: Wo-Chien|12\/100 brn|[from] drain|[of] p2a: Chaini\n|\n|-heal|p1b: Wo-Chien|18\/100 brn|[from] item: Leftovers\n|-damage|p1b: Wo-Chien|12\/100 brn|[from] brn\n|upkeep\n|turn|10\n|c|\u2606benjc|gg\n|\n|t:|1683248149\n|move|p2a: Chaini|Sucker Punch|p1a: Iron Bundle\n|-damage|p1a: Iron Bundle|0 fnt\n|faint|p1a: Iron Bundle\n|-end|p1a: Iron Bundle|Quark Drive|[silent]\n|move|p1b: Wo-Chien|Giga Drain|p2a: Chaini\n|-resisted|p2a: Chaini\n|-damage|p2a: Chaini|0 fnt\n|-heal|p1b: Wo-Chien|17\/100 brn|[from] drain|[of] p2a: Chaini\n|faint|p2a: Chaini\n|\n|win|benjc\n|raw|benjc's rating: 1226 → 1256<\/strong> (+30 for winning)\n|raw|Taels48's rating: 1298 → 1268<\/strong> (-30 for losing)\n","uploadtime":1683248159,"views":7,"p1id":"benjc","p2id":"taels48","formatid":"gen9vgc2023regulationc","rating":1256,"private":0,"password":""}