{"id":"gen9vgc2023regulationc-1854889776","p1":"sasaki234","p2":"Vengeful potato","format":"[Gen 9] VGC 2023 Regulation C","log":"|j|\u2606sasaki234\n|j|\u2606Vengeful potato\n|t:|1682877510\n|gametype|doubles\n|player|p1|sasaki234|101|1232\n|player|p2|Vengeful potato|swimmer-gen4|1244\n|teamsize|p1|6\n|teamsize|p2|6\n|gen|9\n|tier|[Gen 9] VGC 2023 Regulation C\n|rated|\n|rule|Species Clause: Limit one of each Pok\u00e9mon\n|rule|Item Clause: Limit one of each item\n|clearpoke\n|poke|p1|Flutter Mane, L50|\n|poke|p1|Dragonite, L50, M|\n|poke|p1|Ting-Lu, L50|\n|poke|p1|Chien-Pao, L50|\n|poke|p1|Kingambit, L50, M|\n|poke|p1|Gyarados, L50, F|\n|poke|p2|Dudunsparce-*, L50, M|\n|poke|p2|Flamigo, L50, F|\n|poke|p2|Tinkaton, L50, F|\n|poke|p2|Qwilfish, L50, M|\n|poke|p2|Appletun, L50, F|\n|poke|p2|Flutter Mane, L50|\n|teampreview|4\n|inactive|Battle timer is ON: inactive players will automatically lose when time's up. (requested by sasaki234)\n|inactive|Vengeful potato has 60 seconds left.\n|\n|t:|1682877542\n|start\n|switch|p1a: Dragonite|Dragonite, L50, M|100\/100\n|switch|p1b: Chien-Pao|Chien-Pao, L50|100\/100\n|switch|p2a: It\u2019s Sparcin\u2019 time|Dudunsparce, L50, M|100\/100\n|switch|p2b: Troll|Tinkaton, L50, F, shiny|100\/100\n|-ability|p1b: Chien-Pao|Sword of Ruin\n|-ability|p2b: Troll|Mold Breaker\n|turn|1\n|inactive|sasaki234 has 30 seconds left.\n|inactive|sasaki234 has 20 seconds left.\n|inactive|sasaki234 has 15 seconds left.\n|inactive|sasaki234 has 10 seconds left.\n|\n|t:|1682877590\n|move|p1b: Chien-Pao|Protect|p1b: Chien-Pao\n|-singleturn|p1b: Chien-Pao|Protect\n|move|p2b: Troll|Fake Out|p1b: Chien-Pao\n|-activate|p1b: Chien-Pao|move: Protect\n|move|p1a: Dragonite|Extreme Speed|p2a: It\u2019s Sparcin\u2019 time\n|-damage|p2a: It\u2019s Sparcin\u2019 time|45\/100\n|-enditem|p2a: It\u2019s Sparcin\u2019 time|Sitrus Berry|[eat]\n|-heal|p2a: It\u2019s Sparcin\u2019 time|70\/100|[from] item: Sitrus Berry\n|move|p2a: It\u2019s Sparcin\u2019 time|Glare|p1b: Chien-Pao\n|-activate|p1b: Chien-Pao|move: Protect\n|\n|upkeep\n|turn|2\n|inactive|sasaki234 has 30 seconds left.\n|inactive|sasaki234 has 20 seconds left.\n|\n|t:|1682877630\n|move|p2a: It\u2019s Sparcin\u2019 time|Protect|p2a: It\u2019s Sparcin\u2019 time\n|-singleturn|p2a: It\u2019s Sparcin\u2019 time|Protect\n|move|p1a: Dragonite|Extreme Speed|p2b: Troll\n|-resisted|p2b: Troll\n|-damage|p2b: Troll|68\/100\n|move|p1b: Chien-Pao|Sacred Sword|p2a: It\u2019s Sparcin\u2019 time\n|-activate|p2a: It\u2019s Sparcin\u2019 time|move: Protect\n|move|p2b: Troll|Gigaton Hammer|p1b: Chien-Pao\n|-supereffective|p1b: Chien-Pao\n|-enditem|p1b: Chien-Pao|Focus Sash\n|-damage|p1b: Chien-Pao|1\/100\n|\n|upkeep\n|turn|3\n|inactive|sasaki234 has 30 seconds left.\n|inactive|sasaki234 has 20 seconds left.\n|inactive|sasaki234 has 15 seconds left.\n|inactive|sasaki234 has 10 seconds left.\n|\n|t:|1682877679\n|switch|p2a: Dullahan|Flutter Mane, L50|100\/100\n|move|p1a: Dragonite|Extreme Speed|p2a: Dullahan\n|-immune|p2a: Dullahan\n|move|p1b: Chien-Pao|Ice Spinner|p2a: Dullahan\n|-damage|p2a: Dullahan|0 fnt\n|faint|p2a: Dullahan\n|-end|p2a: Dullahan|Protosynthesis|[silent]\n|move|p2b: Troll|Knock Off|p1a: Dragonite\n|-damage|p1a: Dragonite|70\/100\n|-enditem|p1a: Dragonite|Choice Band|[from] move: Knock Off|[of] p2b: Troll\n|\n|upkeep\n|\n|t:|1682877691\n|switch|p2a: It\u2019s Sparcin\u2019 time|Dudunsparce, L50, M|70\/100\n|turn|4\n|\n|t:|1682877712\n|move|p1b: Chien-Pao|Protect|p1b: Chien-Pao\n|-singleturn|p1b: Chien-Pao|Protect\n|move|p2b: Troll|Knock Off|p1b: Chien-Pao\n|-activate|p1b: Chien-Pao|move: Protect\n|move|p1a: Dragonite|Dragon Claw|p2a: It\u2019s Sparcin\u2019 time\n|-damage|p2a: It\u2019s Sparcin\u2019 time|18\/100\n|move|p2a: It\u2019s Sparcin\u2019 time|Roost|p2a: It\u2019s Sparcin\u2019 time\n|-heal|p2a: It\u2019s Sparcin\u2019 time|68\/100\n|-singleturn|p2a: It\u2019s Sparcin\u2019 time|move: Roost\n|\n|upkeep\n|turn|5\n|\n|t:|1682877732\n|switch|p2a: The Homie|Flamigo, L50, F, shiny|100\/100\n|move|p1b: Chien-Pao|Sacred Sword|p2b: Troll\n|-damage|p2b: Troll|29\/100\n|move|p2b: Troll|Play Rough|p1a: Dragonite\n|-supereffective|p1a: Dragonite\n|-damage|p1a: Dragonite|0 fnt\n|faint|p1a: Dragonite\n|\n|upkeep\n|\n|t:|1682877744\n|switch|p1a: Gyarados|Gyarados, L50, F|100\/100\n|-ability|p1a: Gyarados|Intimidate|boost\n|-fail|p2a: The Homie|unboost|Attack|[from] ability: Scrappy|[of] p2a: The Homie\n|-unboost|p2b: Troll|atk|1\n|turn|6\n|\n|t:|1682877757\n|switch|p2a: It\u2019s Sparcin\u2019 time|Dudunsparce, L50, M|68\/100\n|move|p1b: Chien-Pao|Protect|p1b: Chien-Pao\n|-singleturn|p1b: Chien-Pao|Protect\n|move|p2b: Troll|Knock Off|p1a: Gyarados\n|-damage|p1a: Gyarados|78\/100\n|-enditem|p1a: Gyarados|Sitrus Berry|[from] move: Knock Off|[of] p2b: Troll\n|move|p1a: Gyarados|Thunder Wave|p2a: It\u2019s Sparcin\u2019 time|[miss]\n|-miss|p1a: Gyarados|p2a: It\u2019s Sparcin\u2019 time\n|\n|upkeep\n|turn|7\n|inactive|sasaki234 has 30 seconds left.\n|inactive|Vengeful potato has 30 seconds left.\n|inactive|sasaki234 has 20 seconds left.\n|inactive|sasaki234 has 15 seconds left.\n|\n|t:|1682877797\n|move|p1b: Chien-Pao|Sacred Sword|p2a: It\u2019s Sparcin\u2019 time\n|-supereffective|p2a: It\u2019s Sparcin\u2019 time\n|-damage|p2a: It\u2019s Sparcin\u2019 time|6\/100\n|move|p2b: Troll|Knock Off|p1b: Chien-Pao\n|-resisted|p1b: Chien-Pao\n|-damage|p1b: Chien-Pao|0 fnt\n|faint|p1b: Chien-Pao\n|move|p2a: It\u2019s Sparcin\u2019 time|Rock Slide|p1a: Gyarados\n|-supereffective|p1a: Gyarados\n|-damage|p1a: Gyarados|41\/100\n|cant|p1a: Gyarados|flinch\n|\n|upkeep\n|\n|t:|1682877811\n|switch|p1b: Flutter Mane|Flutter Mane, L50|100\/100\n|-enditem|p1b: Flutter Mane|Booster Energy\n|-activate|p1b: Flutter Mane|ability: Protosynthesis|[fromitem]\n|-start|p1b: Flutter Mane|protosynthesisspa\n|turn|8\n|\n|t:|1682877821\n|move|p1b: Flutter Mane|Dazzling Gleam|p2b: Troll|[spread] p2a,p2b\n|-crit|p2a: It\u2019s Sparcin\u2019 time\n|-resisted|p2b: Troll\n|-damage|p2a: It\u2019s Sparcin\u2019 time|0 fnt\n|-damage|p2b: Troll|16\/100\n|faint|p2a: It\u2019s Sparcin\u2019 time\n|move|p2b: Troll|Gigaton Hammer|p1b: Flutter Mane\n|-supereffective|p1b: Flutter Mane\n|-damage|p1b: Flutter Mane|0 fnt\n|faint|p1b: Flutter Mane\n|-end|p1b: Flutter Mane|Protosynthesis|[silent]\n|move|p1a: Gyarados|Thunder Wave|p2b: Troll\n|-status|p2b: Troll|par\n|\n|upkeep\n|\n|t:|1682877824\n|switch|p2a: The Homie|Flamigo, L50, F, shiny|100\/100\n|turn|9\n|\n|t:|1682877841\n|move|p2a: The Homie|Brave Bird|p1a: Gyarados\n|-damage|p1a: Gyarados|0 fnt\n|faint|p1a: Gyarados\n|-damage|p2a: The Homie|86\/100|[from] Recoil\n|\n|win|Vengeful potato\n|raw|sasaki234's rating: 1232 → 1208<\/strong> (-24 for losing)\n|raw|Vengeful potato's rating: 1244 → 1268<\/strong> (+24 for winning)\n|c|\u2606Vengeful potato|Ggs\n","uploadtime":1682877849,"views":8,"p1id":"sasaki234","p2id":"vengefulpotato","formatid":"gen9vgc2023regulationc","rating":1208,"private":0,"password":""}