{"id":"gen9vgc2023regulationc-1847609608","p1":"Edoardo.Versari","p2":"Xepher008","format":"[Gen 9] VGC 2023 Regulation C","log":"|j|\u2606Edoardo.Versari\n|j|\u2606Xepher008\n|t:|1681981467\n|gametype|doubles\n|player|p1|Edoardo.Versari|102|1223\n|player|p2|Xepher008|2|1245\n|teamsize|p1|6\n|teamsize|p2|6\n|gen|9\n|tier|[Gen 9] VGC 2023 Regulation C\n|rated|\n|rule|Species Clause: Limit one of each Pok\u00e9mon\n|rule|Item Clause: Limit one of each item\n|clearpoke\n|poke|p1|Iron Hands, L50|\n|poke|p1|Amoonguss, L50, M|\n|poke|p1|Palafin, L50, M|\n|poke|p1|Arcanine, L50, M|\n|poke|p1|Gholdengo, L50|\n|poke|p1|Glimmora, L50, M|\n|poke|p2|Flutter Mane, L50|\n|poke|p2|Gastrodon, L50, F|\n|poke|p2|Chi-Yu, L50|\n|poke|p2|Chien-Pao, L50|\n|poke|p2|Dragonite, L50, F|\n|poke|p2|Amoonguss, L50, M|\n|teampreview|4\n|inactive|Battle timer is ON: inactive players will automatically lose when time's up. (requested by Edoardo.Versari)\n|inactive|Edoardo.Versari has 60 seconds left.\n|\n|t:|1681981509\n|start\n|switch|p1a: Glimmora|Glimmora, L50, M|100\/100\n|switch|p1b: Palafin|Palafin, L50, M|100\/100\n|switch|p2a: Chi-Yu|Chi-Yu, L50|100\/100\n|switch|p2b: Gastrodon|Gastrodon, L50, F|100\/100\n|-ability|p2a: Chi-Yu|Beads of Ruin\n|turn|1\n|\n|t:|1681981532\n|-terastallize|p2a: Chi-Yu|Ghost\n|move|p1b: Palafin|Protect|p1b: Palafin\n|-singleturn|p1b: Palafin|Protect\n|move|p2a: Chi-Yu|Heat Wave|p1a: Glimmora|[spread] \n|-activate|p1b: Palafin|move: Protect\n|-miss|p2a: Chi-Yu|p1a: Glimmora\n|move|p1a: Glimmora|Mortal Spin|p2a: Chi-Yu|[spread] p2a,p2b\n|-resisted|p2a: Chi-Yu\n|-resisted|p2b: Gastrodon\n|-damage|p2a: Chi-Yu|97\/100\n|-damage|p2b: Gastrodon|98\/100\n|-status|p2a: Chi-Yu|psn\n|-status|p2b: Gastrodon|psn\n|move|p2b: Gastrodon|Earth Power|p1a: Glimmora\n|-supereffective|p1a: Glimmora\n|-damage|p1a: Glimmora|0 fnt\n|faint|p1a: Glimmora\n|\n|-damage|p2a: Chi-Yu|84\/100 psn|[from] psn\n|-damage|p2b: Gastrodon|86\/100 psn|[from] psn\n|upkeep\n|inactive|Edoardo.Versari has 30 seconds left.\n|\n|t:|1681981565\n|switch|p1a: Amoonguss|Amoonguss, L50, M|100\/100\n|turn|2\n|\n|t:|1681981571\n|detailschange|p1b: Palafin|Palafin-Hero, L50, M\n|switch|p1b: Iron Hands|Iron Hands, L50|100\/100\n|move|p1a: Amoonguss|Protect|p1a: Amoonguss\n|-singleturn|p1a: Amoonguss|Protect\n|move|p2a: Chi-Yu|Heat Wave|p1b: Iron Hands|[spread] p1b\n|-activate|p1a: Amoonguss|move: Protect\n|-damage|p1b: Iron Hands|57\/100\n|-status|p1b: Iron Hands|brn\n|move|p2b: Gastrodon|Muddy Water|p1b: Iron Hands|[spread] p1b\n|-activate|p1a: Amoonguss|move: Protect\n|-damage|p1b: Iron Hands|21\/100 brn\n|\n|-damage|p2a: Chi-Yu|72\/100 psn|[from] psn\n|-damage|p2b: Gastrodon|73\/100 psn|[from] psn\n|-damage|p1b: Iron Hands|15\/100 brn|[from] brn\n|upkeep\n|turn|3\n|inactive|Edoardo.Versari has 30 seconds left.\n|inactive|Xepher008 has 30 seconds left.\n|inactive|Edoardo.Versari has 20 seconds left.\n|inactive|Xepher008 has 20 seconds left.\n|inactive|Edoardo.Versari has 15 seconds left.\n|\n|t:|1681981613\n|-terastallize|p1a: Amoonguss|Dark\n|move|p1b: Iron Hands|Fake Out|p2b: Gastrodon\n|-damage|p2b: Gastrodon|66\/100 psn\n|move|p2a: Chi-Yu|Heat Wave|p1b: Iron Hands|[spread] p1a,p1b\n|-damage|p1a: Amoonguss|51\/100\n|-damage|p1b: Iron Hands|0 fnt\n|faint|p1b: Iron Hands\n|-end|p1b: Iron Hands|Quark Drive|[silent]\n|cant|p2b: Gastrodon|flinch\n|move|p1a: Amoonguss|Pollen Puff|p1: Iron Hands|[notarget]\n|-fail|p1a: Amoonguss\n|\n|-damage|p2a: Chi-Yu|60\/100 psn|[from] psn\n|-damage|p2b: Gastrodon|54\/100 psn|[from] psn\n|upkeep\n|\n|t:|1681981620\n|switch|p1b: Palafin|Palafin-Hero, L50, M|100\/100\n|-activate|p1b: Palafin|ability: Zero to Hero\n|turn|4\n|\n|t:|1681981641\n|move|p1b: Palafin|Protect|p1b: Palafin\n|-singleturn|p1b: Palafin|Protect\n|move|p2a: Chi-Yu|Heat Wave|p1b: Palafin|[spread] p1a\n|-activate|p1b: Palafin|move: Protect\n|-damage|p1a: Amoonguss|3\/100\n|-enditem|p1a: Amoonguss|Sitrus Berry|[eat]\n|-heal|p1a: Amoonguss|28\/100|[from] item: Sitrus Berry\n|move|p2b: Gastrodon|Muddy Water|p1b: Palafin|[spread] p1a\n|-activate|p1b: Palafin|move: Protect\n|-damage|p1a: Amoonguss|0 fnt\n|faint|p1a: Amoonguss\n|\n|-damage|p2a: Chi-Yu|48\/100 psn|[from] psn\n|-damage|p2b: Gastrodon|41\/100 psn|[from] psn\n|upkeep\n|turn|5\n|-message|Edoardo.Versari forfeited.\n|\n|win|Xepher008\n|raw|Edoardo.Versari's rating: 1223 → 1200<\/strong> (-23 for losing)\n|raw|Xepher008's rating: 1245 → 1268<\/strong> (+23 for winning)\n|l|\u2606Edoardo.Versari\n","uploadtime":1681981664,"views":10,"p1id":"edoardoversari","p2id":"xepher008","formatid":"gen9vgc2023regulationc","rating":1200,"private":0,"password":""}