{"id":"gen9vgc2023regulationc-1859910618","p1":"gianniking","p2":"trick room meta","format":"[Gen 9] VGC 2023 Regulation C","log":"|j|\u2606gianniking\n|j|\u2606trick room meta\n|t:|1683574968\n|gametype|doubles\n|player|p1|gianniking|266|1302\n|player|p2|trick room meta|1|1385\n|teamsize|p1|6\n|teamsize|p2|6\n|gen|9\n|tier|[Gen 9] VGC 2023 Regulation C\n|rated|\n|rule|Species Clause: Limit one of each Pok\u00e9mon\n|rule|Item Clause: Limit one of each item\n|clearpoke\n|poke|p1|Annihilape, L50, M|\n|poke|p1|Maushold, L50|\n|poke|p1|Corviknight, L50, M|\n|poke|p1|Gholdengo, L50|\n|poke|p1|Iron Bundle, L50|\n|poke|p1|Ting-Lu, L50|\n|poke|p2|Ceruledge, L50, F|\n|poke|p2|Maushold, L50|\n|poke|p2|Gyarados, L50, F|\n|poke|p2|Tsareena, L50, F|\n|poke|p2|Flutter Mane, L50|\n|poke|p2|Dragonite, L50, M|\n|teampreview|4\ngianniking has agreed to open team sheets.\n|inactive|Battle timer is ON: inactive players will automatically lose when time's up. (requested by trick room meta)\n|\n|t:|1683575003\n|start\n|switch|p1a: Annihilape|Annihilape, L50, M|100\/100\n|switch|p1b: Maushold|Maushold, L50|100\/100\n|switch|p2a: Ceruledge|Ceruledge, L50, F|100\/100\n|switch|p2b: Maushold|Maushold, L50|100\/100\n|turn|1\n|inactive|gianniking has 30 seconds left.\n|\n|t:|1683575029\n|move|p1b: Maushold|Protect|p1b: Maushold\n|-singleturn|p1b: Maushold|Protect\n|move|p2b: Maushold|Follow Me|p2b: Maushold\n|-singleturn|p2b: Maushold|move: Follow Me\n|move|p2a: Ceruledge|Bulk Up|p2a: Ceruledge\n|-boost|p2a: Ceruledge|atk|1\n|-boost|p2a: Ceruledge|def|1\n|move|p1a: Annihilape|Bulk Up|p1a: Annihilape\n|-boost|p1a: Annihilape|atk|1\n|-boost|p1a: Annihilape|def|1\n|\n|upkeep\n|turn|2\n|inactive|trick room meta has 30 seconds left.\n|\n|t:|1683575054\n|-terastallize|p2b: Maushold|Ghost\n|move|p1b: Maushold|Follow Me|p1b: Maushold\n|-singleturn|p1b: Maushold|move: Follow Me\n|move|p2b: Maushold|Follow Me|p2b: Maushold\n|-singleturn|p2b: Maushold|move: Follow Me\n|move|p2a: Ceruledge|Bitter Blade|p1b: Maushold\n|-damage|p1b: Maushold|15\/100\n|move|p1a: Annihilape|Drain Punch|p2b: Maushold\n|-immune|p2b: Maushold\n|\n|upkeep\n|turn|3\n|inactive|gianniking has 30 seconds left.\n|\n|t:|1683575091\n|move|p1b: Maushold|Protect|p1b: Maushold\n|-singleturn|p1b: Maushold|Protect\n|move|p2b: Maushold|Follow Me|p2b: Maushold\n|-singleturn|p2b: Maushold|move: Follow Me\n|move|p2a: Ceruledge|Bitter Blade|p1b: Maushold\n|-activate|p1b: Maushold|move: Protect\n|move|p1a: Annihilape|Rage Fist|p2b: Maushold\n|-supereffective|p2b: Maushold\n|-damage|p2b: Maushold|16\/100\n|\n|upkeep\n|turn|4\n|inactive|gianniking has 30 seconds left.\n|\n|t:|1683575124\n|move|p2b: Maushold|Follow Me|p2b: Maushold\n|-singleturn|p2b: Maushold|move: Follow Me\n|move|p1b: Maushold|Beat Up|p2b: Maushold\n|-supereffective|p2b: Maushold\n|-damage|p2b: Maushold|9\/100\n|-supereffective|p2b: Maushold\n|-damage|p2b: Maushold|3\/100\n|-supereffective|p2b: Maushold\n|-damage|p2b: Maushold|0 fnt\n|faint|p2b: Maushold\n|-hitcount|p2: Maushold|3\n|move|p2a: Ceruledge|Bitter Blade|p1b: Maushold\n|-damage|p1b: Maushold|0 fnt\n|faint|p1b: Maushold\n|move|p1a: Annihilape|Rage Fist|p2a: Ceruledge\n|-supereffective|p2a: Ceruledge\n|-crit|p2a: Ceruledge\n|-damage|p2a: Ceruledge|0 fnt\n|faint|p2a: Ceruledge\n|\n|upkeep\n|c|\u2606trick room meta|wut\n|\n|t:|1683575148\n|switch|p1b: Corviknight|Corviknight, L50, M|100\/100\n|switch|p2b: Dragonite|Dragonite, L50, M|100\/100\n|switch|p2a: Flutter Mane|Flutter Mane, L50|100\/100\n|turn|5\n|\n|t:|1683575168\n|move|p1a: Annihilape|Protect|p1a: Annihilape\n|-singleturn|p1a: Annihilape|Protect\n|move|p2a: Flutter Mane|Power Gem|p1a: Annihilape\n|-activate|p1a: Annihilape|move: Protect\n|move|p2b: Dragonite|Aerial Ace|p1a: Annihilape\n|-activate|p1a: Annihilape|move: Protect\n|move|p1b: Corviknight|Tailwind|p1b: Corviknight\n|-sidestart|p1: gianniking|move: Tailwind\n|\n|upkeep\n|turn|6\n|c|\u2606trick room meta|gg\n|-message|trick room meta forfeited.\n|\n|win|gianniking\n|raw|gianniking's rating: 1302 → 1327<\/strong> (+25 for winning)\n|raw|trick room meta's rating: 1385 → 1360<\/strong> (-25 for losing)\n|l|\u2606trick room meta\n|c|\u2606gianniking|GG\n","uploadtime":1683575207,"views":8,"p1id":"gianniking","p2id":"trickroommeta","formatid":"gen9vgc2023regulationc","rating":1327,"private":0,"password":""}