{"id":"gen9vgc2023regulationc-1855254338","p1":"Betty23333","p2":"StantlerGOAT","format":"[Gen 9] VGC 2023 Regulation C","log":"|j|\u2606Betty23333\n|j|\u2606StantlerGOAT\n|t:|1682923711\n|gametype|doubles\n|player|p1|Betty23333|lass-gen4dp|1075\n|player|p2|StantlerGOAT|265|1108\n|teamsize|p1|6\n|teamsize|p2|6\n|gen|9\n|tier|[Gen 9] VGC 2023 Regulation C\n|rated|\n|rule|Species Clause: Limit one of each Pok\u00e9mon\n|rule|Item Clause: Limit one of each item\n|clearpoke\n|poke|p1|Arcanine, L50, M|\n|poke|p1|Glaceon, L50, M|\n|poke|p1|Slowking, L50, M|\n|poke|p1|Mimikyu, L50, F|\n|poke|p1|Amoonguss, L50, M|\n|poke|p1|Abomasnow, L50, F|\n|poke|p2|Crabominable, L50, M|\n|poke|p2|Farigiraf, L50, F|\n|poke|p2|Ting-Lu, L50|\n|poke|p2|Corviknight, L50, M|\n|poke|p2|Abomasnow, L50, M|\n|poke|p2|Clawitzer, L50, F|\n|teampreview|4\n|c|\u2606StantlerGOAT|LOVE YOUR TEAM\n|inactive|Battle timer is ON: inactive players will automatically lose when time's up. (requested by Betty23333)\n|inactive|StantlerGOAT also wants the timer to be on.\n|\n|t:|1682923766\n|start\n|switch|p1a: Abomasnow|Abomasnow, L50, F|100\/100\n|switch|p1b: \u51b0\u5e03\u7740\u6025|Glaceon, L50, M|100\/100\n|switch|p2a: Crabominable|Crabominable, L50, M|100\/100\n|switch|p2b: Farigiraf|Farigiraf, L50, F|100\/100\n|-weather|Snow|[from] ability: Snow Warning|[of] p1a: Abomasnow\n|turn|1\n|inactive|Betty23333 has 30 seconds left.\n|\n|t:|1682923793\n|-terastallize|p1b: \u51b0\u5e03\u7740\u6025|Ice\n|move|p1b: \u51b0\u5e03\u7740\u6025|Freeze-Dry|p2a: Crabominable\n|-resisted|p2a: Crabominable\n|-damage|p2a: Crabominable|71\/100\n|move|p1a: Abomasnow|Aurora Veil|p1a: Abomasnow\n|-sidestart|p1: Betty23333|move: Aurora Veil\n|move|p2a: Crabominable|Drain Punch|p1b: \u51b0\u5e03\u7740\u6025\n|-supereffective|p1b: \u51b0\u5e03\u7740\u6025\n|-damage|p1b: \u51b0\u5e03\u7740\u6025|51\/100\n|-heal|p2a: Crabominable|92\/100|[from] drain|[of] p1b: \u51b0\u5e03\u7740\u6025\n|move|p2b: Farigiraf|Trick Room|p2b: Farigiraf\n|-fieldstart|move: Trick Room|[of] p2b: Farigiraf\n|\n|-weather|Snow|[upkeep]\n|-heal|p1b: \u51b0\u5e03\u7740\u6025|57\/100|[from] ability: Ice Body\n|-heal|p1b: \u51b0\u5e03\u7740\u6025|63\/100|[from] item: Leftovers\n|upkeep\n|turn|2\n|inactive|Betty23333 has 30 seconds left.\n|inactive|Betty23333 has 20 seconds left.\n|\n|t:|1682923828\n|move|p2b: Farigiraf|Helping Hand|p2a: Crabominable\n|-singleturn|p2a: Crabominable|Helping Hand|[of] p2b: Farigiraf\n|move|p1b: \u51b0\u5e03\u7740\u6025|Protect|p1b: \u51b0\u5e03\u7740\u6025\n|-singleturn|p1b: \u51b0\u5e03\u7740\u6025|Protect\n|move|p2a: Crabominable|Drain Punch|p1b: \u51b0\u5e03\u7740\u6025\n|-activate|p1b: \u51b0\u5e03\u7740\u6025|move: Protect\n|move|p1a: Abomasnow|Leech Seed|p2a: Crabominable|[miss]\n|-miss|p1a: Abomasnow|p2a: Crabominable\n|\n|-weather|Snow|[upkeep]\n|-heal|p1b: \u51b0\u5e03\u7740\u6025|69\/100|[from] ability: Ice Body\n|-heal|p1b: \u51b0\u5e03\u7740\u6025|74\/100|[from] item: Leftovers\n|upkeep\n|turn|3\n|\n|t:|1682923853\n|switch|p1b: Slowking|Slowking, L50, M|100\/100\n|move|p2b: Farigiraf|Helping Hand|p2a: Crabominable\n|-singleturn|p2a: Crabominable|Helping Hand|[of] p2b: Farigiraf\n|move|p2a: Crabominable|Drain Punch|p1b: Slowking\n|-resisted|p1b: Slowking\n|-damage|p1b: Slowking|75\/100\n|-heal|p2a: Crabominable|100\/100|[from] drain|[of] p1b: Slowking\n|move|p1a: Abomasnow|Leech Seed|p2a: Crabominable\n|-start|p2a: Crabominable|move: Leech Seed\n|\n|-weather|Snow|[upkeep]\n|-damage|p2a: Crabominable|88\/100|[from] Leech Seed|[of] p1a: Abomasnow\n|upkeep\n|turn|4\n|inactive|Betty23333 has 30 seconds left.\n|inactive|Betty23333 has 20 seconds left.\n|\n|t:|1682923889\n|move|p2b: Farigiraf|Helping Hand|p2a: Crabominable\n|-singleturn|p2a: Crabominable|Helping Hand|[of] p2b: Farigiraf\n|move|p2a: Crabominable|Drain Punch|p1a: Abomasnow\n|-supereffective|p1a: Abomasnow\n|-damage|p1a: Abomasnow|31\/100\n|-heal|p2a: Crabominable|100\/100|[from] drain|[of] p1a: Abomasnow\n|move|p1b: Slowking|Power Gem|p2a: Crabominable\n|-damage|p2a: Crabominable|74\/100\n|move|p1a: Abomasnow|Leech Seed|p2b: Farigiraf\n|-start|p2b: Farigiraf|move: Leech Seed\n|\n|-weather|Snow|[upkeep]\n|-damage|p2a: Crabominable|61\/100|[from] Leech Seed|[of] p1a: Abomasnow\n|-heal|p1a: Abomasnow|44\/100|[silent]\n|-damage|p2b: Farigiraf|88\/100|[from] Leech Seed|[of] p1a: Abomasnow\n|-heal|p1a: Abomasnow|56\/100|[silent]\n|upkeep\n|turn|5\n|inactive|Betty23333 has 30 seconds left.\n|inactive|StantlerGOAT has 30 seconds left.\n|\n|t:|1682923919\n|switch|p1a: Arcanine|Arcanine, L50, M|100\/100\n|move|p2b: Farigiraf|Helping Hand|p2a: Crabominable\n|-singleturn|p2a: Crabominable|Helping Hand|[of] p2b: Farigiraf\n|move|p2a: Crabominable|Drain Punch|p1a: Arcanine\n|-damage|p1a: Arcanine|44\/100\n|-heal|p2a: Crabominable|89\/100|[from] drain|[of] p1a: Arcanine\n|move|p1b: Slowking|Hydro Pump|p2a: Crabominable\n|-damage|p2a: Crabominable|26\/100\n|\n|-weather|none\n|-damage|p2a: Crabominable|14\/100|[from] Leech Seed|[of] p1a: Arcanine\n|-heal|p1a: Arcanine|56\/100|[silent]\n|-damage|p2b: Farigiraf|76\/100|[from] Leech Seed|[of] p1a: Arcanine\n|-heal|p1a: Arcanine|69\/100|[silent]\n|-sideend|p1: Betty23333|move: Aurora Veil\n|-fieldend|move: Trick Room\n|upkeep\n|turn|6\n|\n|t:|1682923940\n|move|p2a: Crabominable|Protect|p2a: Crabominable\n|-singleturn|p2a: Crabominable|Protect\n|move|p1a: Arcanine|Extreme Speed||[still]\n|cant|p2b: Farigiraf|ability: Armor Tail|Extreme Speed|[of] p1a: Arcanine\n|move|p1b: Slowking|Chilly Reception|p1b: Slowking\n|-weather|Snow\n|\n|t:|1682923950\n|switch|p1b: Abomasnow|Abomasnow, L50, F|56\/100|[from] Chilly Reception\n|move|p2b: Farigiraf|Trick Room|p2b: Farigiraf\n|-fieldstart|move: Trick Room|[of] p2b: Farigiraf\n|\n|-weather|Snow|[upkeep]\n|-damage|p2a: Crabominable|2\/100|[from] Leech Seed|[of] p1a: Arcanine\n|-heal|p1a: Arcanine|81\/100|[silent]\n|-damage|p2b: Farigiraf|64\/100|[from] Leech Seed|[of] p1a: Arcanine\n|-heal|p1a: Arcanine|93\/100|[silent]\n|upkeep\n|turn|7\n|\n|t:|1682923969\n|move|p2b: Farigiraf|Helping Hand|p2a: Crabominable\n|-singleturn|p2a: Crabominable|Helping Hand|[of] p2b: Farigiraf\n|move|p1a: Arcanine|Extreme Speed||[still]\n|cant|p2b: Farigiraf|ability: Armor Tail|Extreme Speed|[of] p1a: Arcanine\n|move|p2a: Crabominable|Drain Punch|p1b: Abomasnow\n|-supereffective|p1b: Abomasnow\n|-damage|p1b: Abomasnow|0 fnt\n|-heal|p2a: Crabominable|29\/100|[from] drain|[of] p1b: Abomasnow\n|faint|p1b: Abomasnow\n|\n|-weather|Snow|[upkeep]\n|-damage|p2a: Crabominable|17\/100|[from] Leech Seed|[of] p1a: Arcanine\n|-heal|p1a: Arcanine|100\/100|[silent]\n|-damage|p2b: Farigiraf|52\/100|[from] Leech Seed|[of] p1a: Arcanine\n|upkeep\n|inactive|Betty23333 has 30 seconds left.\n|\n|t:|1682924001\n|switch|p1b: \u51b0\u5e03\u7740\u6025|Glaceon, L50, M, tera:Ice|74\/100\n|turn|8\n|\n|t:|1682924018\n|move|p2b: Farigiraf|Helping Hand|p2a: Crabominable\n|-singleturn|p2a: Crabominable|Helping Hand|[of] p2b: Farigiraf\n|move|p1a: Arcanine|Extreme Speed||[still]\n|cant|p2b: Farigiraf|ability: Armor Tail|Extreme Speed|[of] p1a: Arcanine\n|move|p2a: Crabominable|Drain Punch|p1b: \u51b0\u5e03\u7740\u6025\n|-supereffective|p1b: \u51b0\u5e03\u7740\u6025\n|-damage|p1b: \u51b0\u5e03\u7740\u6025|0 fnt\n|-heal|p2a: Crabominable|48\/100|[from] drain|[of] p1b: \u51b0\u5e03\u7740\u6025\n|faint|p1b: \u51b0\u5e03\u7740\u6025\n|\n|-weather|Snow|[upkeep]\n|-damage|p2a: Crabominable|36\/100|[from] Leech Seed|[of] p1a: Arcanine\n|-damage|p2b: Farigiraf|39\/100|[from] Leech Seed|[of] p1a: Arcanine\n|upkeep\n|\n|t:|1682924027\n|switch|p1b: Slowking|Slowking, L50, M|100\/100\n|turn|9\n|\n|t:|1682924044\n|move|p2b: Farigiraf|Helping Hand|p2a: Crabominable\n|-singleturn|p2a: Crabominable|Helping Hand|[of] p2b: Farigiraf\n|move|p2a: Crabominable|Thunder Punch|p1b: Slowking\n|-supereffective|p1b: Slowking\n|-damage|p1b: Slowking|0 fnt\n|faint|p1b: Slowking\n|move|p1a: Arcanine|Flare Blitz|p2a: Crabominable\n|-supereffective|p2a: Crabominable\n|-damage|p2a: Crabominable|0 fnt\n|faint|p2a: Crabominable\n|-damage|p1a: Arcanine|88\/100|[from] Recoil\n|\n|-weather|Snow|[upkeep]\n|-damage|p2b: Farigiraf|27\/100|[from] Leech Seed|[of] p1a: Arcanine\n|-heal|p1a: Arcanine|100\/100|[silent]\n|upkeep\n|\n|t:|1682924060\n|switch|p2a: Clawitzer|Clawitzer, L50, F|100\/100\n|turn|10\n|\n|t:|1682924066\n|move|p2b: Farigiraf|Helping Hand|p2a: Clawitzer\n|-singleturn|p2a: Clawitzer|Helping Hand|[of] p2b: Farigiraf\n|move|p2a: Clawitzer|Water Pulse|p1a: Arcanine\n|-supereffective|p1a: Arcanine\n|-damage|p1a: Arcanine|0 fnt\n|faint|p1a: Arcanine\n|-damage|p2a: Clawitzer|91\/100|[from] item: Life Orb\n|\n|win|StantlerGOAT\n|raw|Betty23333's rating: 1075 → 1056<\/strong> (-19 for losing)\n|raw|StantlerGOAT's rating: 1108 → 1131<\/strong> (+23 for winning)\n|l|\u2606Betty23333\n","uploadtime":1682924080,"views":22,"p1id":"betty23333","p2id":"stantlergoat","formatid":"gen9vgc2023regulationc","rating":1056,"private":0,"password":""}