{"id":"gen9vgc2023regulationc-1855479364","p1":"itsmichaelk122","p2":"Ricardo Randorez","format":"[Gen 9] VGC 2023 Regulation C","log":"|j|\u2606itsmichaelk122\n|j|\u2606Ricardo Randorez\n|t:|1682955201\n|gametype|doubles\n|player|p1|itsmichaelk122|lance|1120\n|player|p2|Ricardo Randorez|1|1168\n|teamsize|p1|6\n|teamsize|p2|6\n|gen|9\n|tier|[Gen 9] VGC 2023 Regulation C\n|rated|\n|rule|Species Clause: Limit one of each Pok\u00e9mon\n|rule|Item Clause: Limit one of each item\n|clearpoke\n|poke|p1|Chi-Yu, L50|\n|poke|p1|Tyranitar, L50, M|\n|poke|p1|Scizor, L50, F|\n|poke|p1|Lilligant, L50, F|\n|poke|p1|Murkrow, L50, F|\n|poke|p1|Gyarados, L50, M|\n|poke|p2|Glimmora, L50, M|\n|poke|p2|Maushold-Four, L50|\n|poke|p2|Dondozo, L50, M|\n|poke|p2|Tatsugiri, L50, F|\n|poke|p2|Garganacl, L50, M|\n|poke|p2|Wo-Chien, L50|\n|teampreview|4\n|inactive|Battle timer is ON: inactive players will automatically lose when time's up. (requested by Ricardo Randorez)\n|\n|t:|1682955220\n|start\n|switch|p1a: Lilligant|Lilligant, L50, F, shiny|100\/100\n|switch|p1b: Murkrow|Murkrow, L50, F, shiny|100\/100\n|switch|p2a: Glimmora|Glimmora, L50, M, shiny|100\/100\n|switch|p2b: Maushold|Maushold-Four, L50|100\/100\n|turn|1\n|\n|t:|1682955235\n|move|p2b: Maushold|Feint|p2a: Glimmora\n|-resisted|p2a: Glimmora\n|-damage|p2a: Glimmora|98\/100\n|-activate|p2a: Glimmora|ability: Toxic Debris\n|-sidestart|p1: itsmichaelk122|move: Toxic Spikes\n|move|p1b: Murkrow|Tailwind|p1b: Murkrow\n|-sidestart|p1: itsmichaelk122|move: Tailwind\n|move|p1a: Lilligant|Leaf Storm|p2a: Glimmora\n|-damage|p2a: Glimmora|67\/100\n|-unboost|p1a: Lilligant|spa|2\n|move|p2a: Glimmora|Mortal Spin|p1b: Murkrow|[spread] p1a,p1b\n|-supereffective|p1a: Lilligant\n|-crit|p1a: Lilligant\n|-damage|p1a: Lilligant|78\/100\n|-damage|p1b: Murkrow|95\/100\n|-status|p1a: Lilligant|psn\n|-status|p1b: Murkrow|psn\n|\n|-damage|p1b: Murkrow|83\/100 psn|[from] psn\n|-damage|p1a: Lilligant|66\/100 psn|[from] psn\n|upkeep\n|turn|2\n|\n|t:|1682955259\n|move|p2b: Maushold|Feint|p2a: Glimmora\n|-resisted|p2a: Glimmora\n|-damage|p2a: Glimmora|65\/100\n|-activate|p2a: Glimmora|ability: Toxic Debris\n|-sidestart|p1: itsmichaelk122|move: Toxic Spikes\n|move|p1b: Murkrow|Foul Play|p2b: Maushold\n|-damage|p2b: Maushold|71\/100\n|move|p1a: Lilligant|Sleep Powder|p2b: Maushold\n|-activate|p2b: Maushold|item: Safety Goggles|Sleep Powder\n|move|p2a: Glimmora|Sludge Bomb|p1a: Lilligant\n|-supereffective|p1a: Lilligant\n|-damage|p1a: Lilligant|0 fnt\n|faint|p1a: Lilligant\n|\n|-damage|p1b: Murkrow|71\/100 psn|[from] psn\n|upkeep\n|\n|t:|1682955265\n|switch|p1a: Scizor|Scizor, L50, F, shiny|100\/100\n|turn|3\n|\n|t:|1682955289\n|move|p1b: Murkrow|Taunt|p2b: Maushold\n|-start|p2b: Maushold|move: Taunt\n|move|p1a: Scizor|Bullet Punch|p2a: Glimmora\n|-supereffective|p2a: Glimmora\n|-damage|p2a: Glimmora|0 fnt\n|faint|p2a: Glimmora\n|move|p2b: Maushold|Super Fang|p1a: Scizor|[miss]\n|-miss|p2b: Maushold|p1a: Scizor\n|\n|-damage|p1b: Murkrow|59\/100 psn|[from] psn\n|upkeep\n|\n|t:|1682955313\n|switch|p2a: Wo-Chien|Wo-Chien, L50|100\/100\n|-ability|p2a: Wo-Chien|Tablets of Ruin\n|turn|4\n|\n|t:|1682955332\n|switch|p1a: Gyarados|Gyarados, L50, M, shiny|100\/100\n|-ability|p1a: Gyarados|Intimidate|boost\n|-unboost|p2a: Wo-Chien|atk|1\n|-unboost|p2b: Maushold|atk|1\n|move|p2a: Wo-Chien|Protect|p2a: Wo-Chien\n|-singleturn|p2a: Wo-Chien|Protect\n|move|p1b: Murkrow|Foul Play|p2b: Maushold\n|-crit|p2b: Maushold\n|-damage|p2b: Maushold|34\/100\n|move|p2b: Maushold|Super Fang|p1a: Gyarados\n|-damage|p1a: Gyarados|50\/100\n|\n|-damage|p1b: Murkrow|47\/100 psn|[from] psn\n|-sideend|p1: itsmichaelk122|move: Tailwind\n|upkeep\n|turn|5\n|inactive|Ricardo Randorez has 30 seconds left.\n|\n|t:|1682955361\n|switch|p1a: Scizor|Scizor, L50, F, shiny|100\/100\n|move|p1b: Murkrow|Foul Play|p2b: Maushold\n|-damage|p2b: Maushold|19\/100\n|move|p2b: Maushold|Super Fang|p1b: Murkrow\n|-damage|p1b: Murkrow|24\/100 psn\n|move|p2a: Wo-Chien|Leech Seed|p1a: Scizor\n|-start|p1a: Scizor|move: Leech Seed\n|\n|-damage|p1a: Scizor|88\/100|[from] Leech Seed|[of] p2a: Wo-Chien\n|-damage|p1b: Murkrow|12\/100 psn|[from] psn\n|-end|p2b: Maushold|move: Taunt\n|upkeep\n|turn|6\n|inactive|Ricardo Randorez has 30 seconds left.\n|inactive|Ricardo Randorez has 20 seconds left.\n|inactive|Ricardo Randorez has 15 seconds left.\n|inactive|Ricardo Randorez has 10 seconds left.\n|inactive|Ricardo Randorez has 5 seconds left.\n|\n|t:|1682955411\n|move|p2b: Maushold|Follow Me|p2b: Maushold\n|-singleturn|p2b: Maushold|move: Follow Me\n|move|p1b: Murkrow|Tailwind|p1b: Murkrow\n|-sidestart|p1: itsmichaelk122|move: Tailwind\n|move|p1a: Scizor|Close Combat|p2b: Maushold\n|-supereffective|p2b: Maushold\n|-damage|p2b: Maushold|0 fnt\n|-unboost|p1a: Scizor|def|1\n|-unboost|p1a: Scizor|spd|1\n|faint|p2b: Maushold\n|move|p2a: Wo-Chien|Leech Seed|p1b: Murkrow|[miss]\n|-miss|p2a: Wo-Chien|p1b: Murkrow\n|\n|-damage|p1a: Scizor|76\/100|[from] Leech Seed|[of] p2a: Wo-Chien\n|-damage|p1b: Murkrow|0 fnt|[from] psn\n|faint|p1b: Murkrow\n|upkeep\n|\n|t:|1682955427\n|switch|p1b: Gyarados|Gyarados, L50, M, shiny|50\/100\n|switch|p2b: Garganacl|Garganacl, L50, M|100\/100\n|-ability|p1b: Gyarados|Intimidate|boost\n|-unboost|p2a: Wo-Chien|atk|1\n|-unboost|p2b: Garganacl|atk|1\n|turn|7\n|\n|t:|1682955441\n|-terastallize|p2b: Garganacl|Ghost\n|move|p1b: Gyarados|Waterfall|p2b: Garganacl\n|-damage|p2b: Garganacl|83\/100\n|move|p1a: Scizor|Close Combat|p2a: Wo-Chien\n|-supereffective|p2a: Wo-Chien\n|-damage|p2a: Wo-Chien|14\/100\n|-unboost|p1a: Scizor|def|1\n|-unboost|p1a: Scizor|spd|1\n|move|p2a: Wo-Chien|Leech Seed|p1b: Gyarados\n|-start|p1b: Gyarados|move: Leech Seed\n|move|p2b: Garganacl|Salt Cure|p1a: Scizor\n|-damage|p1a: Scizor|56\/100\n|-start|p1a: Scizor|Salt Cure\n|\n|-heal|p2a: Wo-Chien|20\/100|[from] item: Leftovers\n|-damage|p1b: Gyarados|38\/100|[from] Leech Seed|[of] p2a: Wo-Chien\n|-heal|p2a: Wo-Chien|31\/100|[silent]\n|-damage|p1a: Scizor|44\/100|[from] Leech Seed|[of] p2a: Wo-Chien\n|-heal|p2a: Wo-Chien|40\/100|[silent]\n|-damage|p1a: Scizor|19\/100|[from] Salt Cure\n|upkeep\n|turn|8\n|\n|t:|1682955466\n|move|p2a: Wo-Chien|Protect|p2a: Wo-Chien\n|-singleturn|p2a: Wo-Chien|Protect\n|move|p1b: Gyarados|Outrage|p2b: Garganacl\n|-damage|p2b: Garganacl|66\/100\n|move|p1a: Scizor|Close Combat|p2a: Wo-Chien\n|-activate|p2a: Wo-Chien|move: Protect\n|move|p2b: Garganacl|Salt Cure|p1b: Gyarados\n|-supereffective|p1b: Gyarados\n|-damage|p1b: Gyarados|19\/100\n|-start|p1b: Gyarados|Salt Cure\n|-enditem|p1b: Gyarados|Figy Berry|[eat]\n|-heal|p1b: Gyarados|52\/100|[from] item: Figy Berry\n|\n|-heal|p2a: Wo-Chien|46\/100|[from] item: Leftovers\n|-damage|p1b: Gyarados|40\/100|[from] Leech Seed|[of] p2a: Wo-Chien\n|-heal|p2a: Wo-Chien|57\/100|[silent]\n|-damage|p1a: Scizor|7\/100|[from] Leech Seed|[of] p2a: Wo-Chien\n|-heal|p2a: Wo-Chien|67\/100|[silent]\n|-damage|p1b: Gyarados|15\/100|[from] Salt Cure\n|-damage|p1a: Scizor|0 fnt|[from] Salt Cure\n|faint|p1a: Scizor\n|upkeep\n|turn|9\n|-message|itsmichaelk122 forfeited.\n|\n|win|Ricardo Randorez\n|raw|itsmichaelk122's rating: 1140 → 1117<\/strong> (-23 for losing)\n|raw|Ricardo Randorez's rating: 1168 → 1191<\/strong> (+23 for winning)\n|l|\u2606itsmichaelk122\n","uploadtime":1682955491,"views":21,"p1id":"itsmichaelk122","p2id":"ricardorandorez","formatid":"gen9vgc2023regulationc","rating":1117,"private":0,"password":""}