{"id":"gen9vgc2023regulationc-1854732286","p1":"zjwf","p2":"bbcom233","format":"[Gen 9] VGC 2023 Regulation C","log":"|j|\u2606zjwf\n|j|\u2606bbcom233\n|t:|1682858445\n|gametype|doubles\n|player|p1|zjwf|irida|\n|player|p2|bbcom233|170|\n|teamsize|p1|6\n|teamsize|p2|6\n|gen|9\n|tier|[Gen 9] VGC 2023 Regulation C\n|rule|Species Clause: Limit one of each Pok\u00e9mon\n|rule|Item Clause: Limit one of each item\n|clearpoke\n|poke|p1|Gholdengo, L50|\n|poke|p1|Iron Bundle, L50|\n|poke|p1|Iron Hands, L50|\n|poke|p1|Baxcalibur, L50, M|\n|poke|p1|Volcarona, L50, F|\n|poke|p1|Kingambit, L50, F|\n|poke|p2|Grimmsnarl, L50, M|\n|poke|p2|Arcanine, L50, M|\n|poke|p2|Iron Hands, L50|\n|poke|p2|Corviknight, L50, M|\n|poke|p2|Flutter Mane, L50|\n|poke|p2|Palafin, L50, F|\n|teampreview|4\nbbcom233 has agreed to open team sheets.\nzjwf has agreed to open team sheets.\n|\n|t:|1682858494\n|start\n|switch|p1a: \u94c1\u6bd2\u86fe\u722c\u5730\u7fc5\u662f\u4ec0\u4e48\u4e1c\u897f|Volcarona, L50, F|100\/100\n|switch|p1b: \u70c8\u54ac\u9646\u9ca8\uff0c\u8bf7\u597d\u597d\u5730\u770b\u7740\u6211|Baxcalibur, L50, M|100\/100\n|switch|p2a: Grimmsnarl|Grimmsnarl, L50, M|100\/100\n|switch|p2b: Palafin|Palafin, L50, F|100\/100\n|turn|1\n|\n|t:|1682858536\n|switch|p1b: \u65e0\u4ea7\u8005\u90fd\u8054\u5408\u8d77\u6765|Gholdengo, L50|100\/100\n|detailschange|p2b: Palafin|Palafin-Hero, L50, F\n|switch|p2b: Iron Hands|Iron Hands, L50|100\/100\n|-terastallize|p1a: \u94c1\u6bd2\u86fe\u722c\u5730\u7fc5\u662f\u4ec0\u4e48\u4e1c\u897f|Water\n|move|p2a: Grimmsnarl|Reflect|p2a: Grimmsnarl\n|-sidestart|p2: bbcom233|Reflect\n|move|p1a: \u94c1\u6bd2\u86fe\u722c\u5730\u7fc5\u662f\u4ec0\u4e48\u4e1c\u897f|Tailwind|p1a: \u94c1\u6bd2\u86fe\u722c\u5730\u7fc5\u662f\u4ec0\u4e48\u4e1c\u897f\n|-sidestart|p1: zjwf|move: Tailwind\n|\n|upkeep\n|turn|2\n|\n|t:|1682858558\n|move|p2a: Grimmsnarl|Light Screen|p2a: Grimmsnarl\n|-sidestart|p2: bbcom233|move: Light Screen\n|move|p1b: \u65e0\u4ea7\u8005\u90fd\u8054\u5408\u8d77\u6765|Nasty Plot|p1b: \u65e0\u4ea7\u8005\u90fd\u8054\u5408\u8d77\u6765\n|-boost|p1b: \u65e0\u4ea7\u8005\u90fd\u8054\u5408\u8d77\u6765|spa|2\n|move|p1a: \u94c1\u6bd2\u86fe\u722c\u5730\u7fc5\u662f\u4ec0\u4e48\u4e1c\u897f|Heat Wave|p2a: Grimmsnarl|[spread] p2a,p2b\n|-damage|p2a: Grimmsnarl|80\/100\n|-damage|p2b: Iron Hands|83\/100\n|move|p2b: Iron Hands|Swords Dance|p2b: Iron Hands\n|-boost|p2b: Iron Hands|atk|2\n|\n|upkeep\n|turn|3\n|\n|t:|1682858594\n|move|p1b: \u65e0\u4ea7\u8005\u90fd\u8054\u5408\u8d77\u6765|Shadow Ball|p2b: Iron Hands\n|-damage|p2b: Iron Hands|27\/100\n|-unboost|p2b: Iron Hands|spd|1\n|-enditem|p2b: Iron Hands|Sitrus Berry|[eat]\n|-heal|p2b: Iron Hands|52\/100|[from] item: Sitrus Berry\n|-damage|p1b: \u65e0\u4ea7\u8005\u90fd\u8054\u5408\u8d77\u6765|91\/100|[from] item: Life Orb\n|move|p1a: \u94c1\u6bd2\u86fe\u722c\u5730\u7fc5\u662f\u4ec0\u4e48\u4e1c\u897f|Heat Wave|p2a: Grimmsnarl|[spread] p2a\n|-miss|p1a: \u94c1\u6bd2\u86fe\u722c\u5730\u7fc5\u662f\u4ec0\u4e48\u4e1c\u897f|p2b: Iron Hands\n|-damage|p2a: Grimmsnarl|60\/100\n|move|p2a: Grimmsnarl|Spirit Break|p1a: \u94c1\u6bd2\u86fe\u722c\u5730\u7fc5\u662f\u4ec0\u4e48\u4e1c\u897f\n|-damage|p1a: \u94c1\u6bd2\u86fe\u722c\u5730\u7fc5\u662f\u4ec0\u4e48\u4e1c\u897f|70\/100\n|-unboost|p1a: \u94c1\u6bd2\u86fe\u722c\u5730\u7fc5\u662f\u4ec0\u4e48\u4e1c\u897f|spa|1\n|move|p2b: Iron Hands|Drain Punch|p1a: \u94c1\u6bd2\u86fe\u722c\u5730\u7fc5\u662f\u4ec0\u4e48\u4e1c\u897f\n|-damage|p1a: \u94c1\u6bd2\u86fe\u722c\u5730\u7fc5\u662f\u4ec0\u4e48\u4e1c\u897f|1\/100\n|-heal|p2b: Iron Hands|80\/100|[from] drain|[of] p1a: \u94c1\u6bd2\u86fe\u722c\u5730\u7fc5\u662f\u4ec0\u4e48\u4e1c\u897f\n|-status|p2b: Iron Hands|brn|[from] ability: Flame Body|[of] p1a: \u94c1\u6bd2\u86fe\u722c\u5730\u7fc5\u662f\u4ec0\u4e48\u4e1c\u897f\n|-enditem|p1a: \u94c1\u6bd2\u86fe\u722c\u5730\u7fc5\u662f\u4ec0\u4e48\u4e1c\u897f|Iapapa Berry|[eat]\n|-heal|p1a: \u94c1\u6bd2\u86fe\u722c\u5730\u7fc5\u662f\u4ec0\u4e48\u4e1c\u897f|34\/100|[from] item: Iapapa Berry\n|\n|-damage|p2b: Iron Hands|73\/100 brn|[from] brn\n|upkeep\n|turn|4\n|\n|t:|1682858639\n|move|p1b: \u65e0\u4ea7\u8005\u90fd\u8054\u5408\u8d77\u6765|Shadow Ball|p2b: Iron Hands\n|-damage|p2b: Iron Hands|0 fnt\n|faint|p2b: Iron Hands\n|-end|p2b: Iron Hands|Quark Drive|[silent]\n|-damage|p1b: \u65e0\u4ea7\u8005\u90fd\u8054\u5408\u8d77\u6765|82\/100|[from] item: Life Orb\n|move|p1a: \u94c1\u6bd2\u86fe\u722c\u5730\u7fc5\u662f\u4ec0\u4e48\u4e1c\u897f|Heat Wave|p2a: Grimmsnarl\n|-damage|p2a: Grimmsnarl|44\/100\n|move|p2a: Grimmsnarl|Spirit Break|p1a: \u94c1\u6bd2\u86fe\u722c\u5730\u7fc5\u662f\u4ec0\u4e48\u4e1c\u897f\n|-damage|p1a: \u94c1\u6bd2\u86fe\u722c\u5730\u7fc5\u662f\u4ec0\u4e48\u4e1c\u897f|8\/100\n|-unboost|p1a: \u94c1\u6bd2\u86fe\u722c\u5730\u7fc5\u662f\u4ec0\u4e48\u4e1c\u897f|spa|1\n|\n|-sideend|p1: zjwf|move: Tailwind\n|upkeep\n|\n|t:|1682858660\n|switch|p2b: Palafin|Palafin-Hero, L50, F|100\/100\n|-activate|p2b: Palafin|ability: Zero to Hero\n|turn|5\n|\n|t:|1682858690\n|-terastallize|p2b: Palafin|Water\n|move|p2b: Palafin|Wave Crash|p1b: \u65e0\u4ea7\u8005\u90fd\u8054\u5408\u8d77\u6765\n|-damage|p1b: \u65e0\u4ea7\u8005\u90fd\u8054\u5408\u8d77\u6765|0 fnt\n|faint|p1b: \u65e0\u4ea7\u8005\u90fd\u8054\u5408\u8d77\u6765\n|-damage|p2b: Palafin|77\/100|[from] Recoil\n|move|p1a: \u94c1\u6bd2\u86fe\u722c\u5730\u7fc5\u662f\u4ec0\u4e48\u4e1c\u897f|Tailwind|p1a: \u94c1\u6bd2\u86fe\u722c\u5730\u7fc5\u662f\u4ec0\u4e48\u4e1c\u897f\n|-sidestart|p1: zjwf|move: Tailwind\n|move|p2a: Grimmsnarl|Spirit Break|p1a: \u94c1\u6bd2\u86fe\u722c\u5730\u7fc5\u662f\u4ec0\u4e48\u4e1c\u897f\n|-crit|p1a: \u94c1\u6bd2\u86fe\u722c\u5730\u7fc5\u662f\u4ec0\u4e48\u4e1c\u897f\n|-damage|p1a: \u94c1\u6bd2\u86fe\u722c\u5730\u7fc5\u662f\u4ec0\u4e48\u4e1c\u897f|0 fnt\n|faint|p1a: \u94c1\u6bd2\u86fe\u722c\u5730\u7fc5\u662f\u4ec0\u4e48\u4e1c\u897f\n|\n|upkeep\n|\n|t:|1682858697\n|switch|p1b: \u70c8\u54ac\u9646\u9ca8\uff0c\u8bf7\u597d\u597d\u5730\u770b\u7740\u6211|Baxcalibur, L50, M|100\/100\n|switch|p1a: \u51bb\u98ce100%|Iron Bundle, L50|100\/100\n|-enditem|p1a: \u51bb\u98ce100%|Booster Energy\n|-activate|p1a: \u51bb\u98ce100%|ability: Quark Drive|[fromitem]\n|-start|p1a: \u51bb\u98ce100%|quarkdrivespe\n|turn|6\n|\n|t:|1682858721\n|move|p1b: \u70c8\u54ac\u9646\u9ca8\uff0c\u8bf7\u597d\u597d\u5730\u770b\u7740\u6211|Protect|p1b: \u70c8\u54ac\u9646\u9ca8\uff0c\u8bf7\u597d\u597d\u5730\u770b\u7740\u6211\n|-singleturn|p1b: \u70c8\u54ac\u9646\u9ca8\uff0c\u8bf7\u597d\u597d\u5730\u770b\u7740\u6211|Protect\n|move|p2b: Palafin|Protect|p2b: Palafin\n|-singleturn|p2b: Palafin|Protect\n|move|p1a: \u51bb\u98ce100%|Hydro Pump|p2a: Grimmsnarl\n|-damage|p2a: Grimmsnarl|13\/100\n|move|p2a: Grimmsnarl|Spirit Break|p1b: \u70c8\u54ac\u9646\u9ca8\uff0c\u8bf7\u597d\u597d\u5730\u770b\u7740\u6211\n|-activate|p1b: \u70c8\u54ac\u9646\u9ca8\uff0c\u8bf7\u597d\u597d\u5730\u770b\u7740\u6211|move: Protect\n|\n|upkeep\n|turn|7\n|\n|t:|1682858735\n|switch|p2b: Flutter Mane|Flutter Mane, L50, shiny|100\/100\n|-enditem|p2b: Flutter Mane|Booster Energy\n|-activate|p2b: Flutter Mane|ability: Protosynthesis|[fromitem]\n|-start|p2b: Flutter Mane|protosynthesisspa\n|move|p1a: \u51bb\u98ce100%|Freeze-Dry|p2b: Flutter Mane\n|-damage|p2b: Flutter Mane|81\/100\n|move|p1b: \u70c8\u54ac\u9646\u9ca8\uff0c\u8bf7\u597d\u597d\u5730\u770b\u7740\u6211|Icicle Spear|p2a: Grimmsnarl\n|-crit|p2a: Grimmsnarl\n|-damage|p2a: Grimmsnarl|0 fnt\n|faint|p2a: Grimmsnarl\n|-hitcount|p2: Grimmsnarl|1\n|\n|upkeep\n|\n|t:|1682858745\n|switch|p2a: Palafin|Palafin-Hero, L50, F, tera:Water|77\/100\n|turn|8\n|\n|t:|1682858778\n|move|p1a: \u51bb\u98ce100%|Icy Wind|p2a: Palafin|[spread] p2a,p2b\n|-resisted|p2a: Palafin\n|-damage|p2a: Palafin|70\/100\n|-damage|p2b: Flutter Mane|68\/100\n|-unboost|p2a: Palafin|spe|1\n|-unboost|p2b: Flutter Mane|spe|1\n|move|p1b: \u70c8\u54ac\u9646\u9ca8\uff0c\u8bf7\u597d\u597d\u5730\u770b\u7740\u6211|Icicle Spear|p2b: Flutter Mane\n|-damage|p2b: Flutter Mane|49\/100\n|-damage|p2b: Flutter Mane|29\/100\n|-damage|p2b: Flutter Mane|12\/100\n|-damage|p2b: Flutter Mane|0 fnt\n|faint|p2b: Flutter Mane\n|-end|p2b: Flutter Mane|Protosynthesis|[silent]\n|-hitcount|p2: Flutter Mane|4\n|move|p2a: Palafin|Wave Crash|p1b: \u70c8\u54ac\u9646\u9ca8\uff0c\u8bf7\u597d\u597d\u5730\u770b\u7740\u6211\n|-resisted|p1b: \u70c8\u54ac\u9646\u9ca8\uff0c\u8bf7\u597d\u597d\u5730\u770b\u7740\u6211\n|-damage|p1b: \u70c8\u54ac\u9646\u9ca8\uff0c\u8bf7\u597d\u597d\u5730\u770b\u7740\u6211|35\/100\n|-damage|p2a: Palafin|49\/100|[from] Recoil\n|\n|-sideend|p2: bbcom233|Reflect\n|-sideend|p1: zjwf|move: Tailwind\n|upkeep\n|turn|9\n|\n|t:|1682858798\n|move|p1a: \u51bb\u98ce100%|Protect|p1a: \u51bb\u98ce100%\n|-singleturn|p1a: \u51bb\u98ce100%|Protect\n|move|p1b: \u70c8\u54ac\u9646\u9ca8\uff0c\u8bf7\u597d\u597d\u5730\u770b\u7740\u6211|Protect|p1b: \u70c8\u54ac\u9646\u9ca8\uff0c\u8bf7\u597d\u597d\u5730\u770b\u7740\u6211\n|-singleturn|p1b: \u70c8\u54ac\u9646\u9ca8\uff0c\u8bf7\u597d\u597d\u5730\u770b\u7740\u6211|Protect\n|move|p2a: Palafin|Wave Crash|p1b: \u70c8\u54ac\u9646\u9ca8\uff0c\u8bf7\u597d\u597d\u5730\u770b\u7740\u6211\n|-activate|p1b: \u70c8\u54ac\u9646\u9ca8\uff0c\u8bf7\u597d\u597d\u5730\u770b\u7740\u6211|move: Protect\n|\n|-sideend|p2: bbcom233|move: Light Screen\n|upkeep\n|turn|10\n|\n|t:|1682858806\n|move|p1a: \u51bb\u98ce100%|Freeze-Dry|p2a: Palafin\n|-supereffective|p2a: Palafin\n|-damage|p2a: Palafin|0 fnt\n|faint|p2a: Palafin\n|\n|win|zjwf\n","uploadtime":1682858813,"views":13,"p1id":"zjwf","p2id":"bbcom233","formatid":"gen9vgc2023regulationc","rating":0,"private":0,"password":""}