{"id":"gen9vgc2023regulationc-1855488818","p1":"thebrosofpokes","p2":"krangune\u2764","format":"[Gen 9] VGC 2023 Regulation C","log":"|j|\u2606thebrosofpokes\n|j|\u2606krangune\u2764\n|t:|1682956023\n|gametype|doubles\n|player|p1|thebrosofpokes|265|\n|player|p2|krangune\u2764|elesa|\n|teamsize|p1|6\n|teamsize|p2|6\n|gen|9\n|tier|[Gen 9] VGC 2023 Regulation C\n|rated|Tournament battle\n|rule|Species Clause: Limit one of each Pok\u00e9mon\n|rule|Item Clause: Limit one of each item\n|clearpoke\n|poke|p1|Arcanine, L50, F|\n|poke|p1|Amoonguss, L50, M|\n|poke|p1|Palafin, L50, M|\n|poke|p1|Flutter Mane, L50|\n|poke|p1|Tyranitar, L50, F|\n|poke|p1|Lycanroc, L50, F|\n|poke|p2|Chi-Yu, L50|\n|poke|p2|Coalossal, L50, M|\n|poke|p2|Gastrodon, L50, F|\n|poke|p2|Flutter Mane, L50|\n|poke|p2|Torkoal, L50, M|\n|poke|p2|Lilligant, L50, F|\n|teampreview|4\n|raw| Open Team Sheet for thebrosofpokes<\/summary>Arcanine @ Safety Goggles Ability: Intimidate Level: 50 Shiny: Yes Tera Type: Grass - Flare Blitz - Extreme Speed - Will-O-Wisp - Helping Hand Amoonguss @ Sitrus Berry Ability: Regenerator Level: 50 Shiny: Yes Tera Type: Water - Spore - Rage Powder - Pollen Puff - Clear Smog Palafin @ Mystic Water Ability: Zero to Hero Level: 50 Shiny: Yes Tera Type: Water - Wave Crash - Jet Punch - Substitute - Protect Flutter Mane @ Booster Energy Ability: Protosynthesis Level: 50 Shiny: Yes Tera Type: Fairy - Shadow Ball - Moonblast - Dazzling Gleam - Protect Tyranitar @ Assault Vest Ability: Sand Stream Level: 50 Tera Type: Grass - Rock Slide - Assurance - Tera Blast - Heavy Slam Lycanroc @ Focus Sash Ability: Sand Rush Level: 50 Tera Type: Rock - Rock Slide - Close Combat - Endeavor - Protect <\/details><\/div> Open Team Sheet for krangune\u2764<\/summary>Chi-Yu @ Choice Scarf Ability: Beads of Ruin Level: 50 Tera Type: Fire - Lava Plume - Dark Pulse - Snarl - Heat Wave Coalossal @ Life Orb Ability: Steam Engine Level: 50 Tera Type: Grass - Tar Shot - Power Gem - Will-O-Wisp - Heat Wave Gastrodon @ Leftovers Ability: Storm Drain Level: 50 Tera Type: Fire - Muddy Water - Ice Beam - Protect - Recover Flutter Mane @ Choice Specs Ability: Protosynthesis Level: 50 Tera Type: Fairy - Dazzling Gleam - Shadow Ball - Mystical Fire - Thunderbolt Torkoal @ Charcoal Ability: Drought Level: 50 Tera Type: Fire - Eruption - Protect - Heat Wave - Earth Power Lilligant (F) @ Focus Sash Ability: Chlorophyll Level: 50 Tera Type: Grass - Protect - Sleep Powder - After You - Leaf Storm <\/details><\/div>\n|c|\u2606krangune\u2764|glhf\n|j| SlowHomie\n|j| Wyvern129\n|c|\u2606krangune\u2764|tera grass ttar neat\n|c|\u2606thebrosofpokes|glhf!\n|c|\u2606thebrosofpokes|yeah trying it out for the first time\n|c|\u2606thebrosofpokes|your team is siiick\n|c|\u2606krangune\u2764|feels like a rough matchup for me tbh\n|c|\u2606krangune\u2764|and thank you\n|\n|t:|1682956175\n|start\n|switch|p1a: Flutter Mane|Flutter Mane, L50, shiny|100\/100\n|switch|p1b: Lycanroc|Lycanroc, L50, F|100\/100\n|switch|p2a: Flutter Mane|Flutter Mane, L50|100\/100\n|switch|p2b: Lilligant|Lilligant, L50, F|100\/100\n|-enditem|p1a: Flutter Mane|Booster Energy\n|-activate|p1a: Flutter Mane|ability: Protosynthesis|[fromitem]\n|-start|p1a: Flutter Mane|protosynthesisspa\n|turn|1\n|\n|t:|1682956231\n|switch|p2b: Torkoal|Torkoal, L50, M|100\/100\n|-weather|SunnyDay|[from] ability: Drought|[of] p2b: Torkoal\n|-activate|p2a: Flutter Mane|ability: Protosynthesis\n|-start|p2a: Flutter Mane|protosynthesisspe\n|-terastallize|p2a: Flutter Mane|Fairy\n|move|p1b: Lycanroc|Protect|p1b: Lycanroc\n|-singleturn|p1b: Lycanroc|Protect\n|move|p2a: Flutter Mane|Dazzling Gleam|p1a: Flutter Mane|[spread] p1a\n|-activate|p1b: Lycanroc|move: Protect\n|-damage|p1a: Flutter Mane|49\/100\n|move|p1a: Flutter Mane|Dazzling Gleam|p2a: Flutter Mane|[spread] p2a,p2b\n|-resisted|p2b: Torkoal\n|-damage|p2a: Flutter Mane|60\/100\n|-damage|p2b: Torkoal|73\/100\n|\n|-weather|SunnyDay|[upkeep]\n|upkeep\n|turn|2\n|l| Wyvern129\n|j| Wyvern129\n|j| Erikbound\n|j|+MisterGX\n|\n|t:|1682956293\n|-end|p1a: Flutter Mane|Protosynthesis|[silent]\n|switch|p1a: Tyranitar|Tyranitar, L50, F|100\/100\n|-weather|Sandstorm|[from] ability: Sand Stream|[of] p1a: Tyranitar\n|-end|p2a: Flutter Mane|Protosynthesis\n|-terastallize|p1b: Lycanroc|Rock\n|move|p1b: Lycanroc|Rock Slide|p2b: Torkoal|[spread] p2a,p2b\n|-supereffective|p2b: Torkoal\n|-damage|p2a: Flutter Mane|0 fnt\n|-damage|p2b: Torkoal|12\/100\n|faint|p2a: Flutter Mane\n|-end|p2a: Flutter Mane|Protosynthesis|[silent]\n|move|p2b: Torkoal|Earth Power|p1b: Lycanroc\n|-supereffective|p1b: Lycanroc\n|-damage|p1b: Lycanroc|44\/100\n|\n|-weather|Sandstorm|[upkeep]\n|-damage|p2b: Torkoal|6\/100|[from] Sandstorm\n|upkeep\n|\n|t:|1682956309\n|switch|p2a: Lilligant|Lilligant, L50, F|100\/100\n|turn|3\n|\n|t:|1682956325\n|switch|p2b: Gastrodon|Gastrodon, L50, F|100\/100\n|move|p2a: Lilligant|Protect|p2a: Lilligant\n|-singleturn|p2a: Lilligant|Protect\n|move|p1b: Lycanroc|Rock Slide|p2a: Lilligant|[spread] p2b\n|-activate|p2a: Lilligant|move: Protect\n|-resisted|p2b: Gastrodon\n|-damage|p2b: Gastrodon|83\/100\n|move|p1a: Tyranitar|Rock Slide|p2a: Lilligant|[spread] p2b\n|-activate|p2a: Lilligant|move: Protect\n|-resisted|p2b: Gastrodon\n|-damage|p2b: Gastrodon|66\/100\n|\n|-weather|Sandstorm|[upkeep]\n|-damage|p2a: Lilligant|94\/100|[from] Sandstorm\n|-heal|p2b: Gastrodon|72\/100|[from] item: Leftovers\n|upkeep\n|turn|4\n|\n|t:|1682956370\n|switch|p1a: Arcanine|Arcanine, L50, F, shiny|100\/100\n|-ability|p1a: Arcanine|Intimidate|boost\n|-unboost|p2a: Lilligant|atk|1\n|-unboost|p2b: Gastrodon|atk|1\n|move|p1b: Lycanroc|Protect|p1b: Lycanroc\n|-singleturn|p1b: Lycanroc|Protect\n|move|p2a: Lilligant|Leaf Storm|p1a: Arcanine\n|-resisted|p1a: Arcanine\n|-damage|p1a: Arcanine|68\/100\n|-unboost|p2a: Lilligant|spa|2\n|move|p2b: Gastrodon|Muddy Water|p1a: Arcanine|[spread] p1a\n|-activate|p1b: Lycanroc|move: Protect\n|-supereffective|p1a: Arcanine\n|-damage|p1a: Arcanine|7\/100\n|\n|-weather|Sandstorm|[upkeep]\n|-damage|p2a: Lilligant|88\/100|[from] Sandstorm\n|-heal|p2b: Gastrodon|78\/100|[from] item: Leftovers\n|upkeep\n|turn|5\n|\n|t:|1682956439\n|move|p2a: Lilligant|Protect|p2a: Lilligant\n|-singleturn|p2a: Lilligant|Protect\n|move|p1a: Arcanine|Extreme Speed|p2b: Gastrodon\n|-damage|p2b: Gastrodon|55\/100\n|move|p1b: Lycanroc|Rock Slide|p2a: Lilligant|[spread] p2b\n|-activate|p2a: Lilligant|move: Protect\n|-resisted|p2b: Gastrodon\n|-damage|p2b: Gastrodon|37\/100\n|cant|p2b: Gastrodon|flinch\n|\n|-weather|Sandstorm|[upkeep]\n|-damage|p2a: Lilligant|82\/100|[from] Sandstorm\n|-heal|p2b: Gastrodon|43\/100|[from] item: Leftovers\n|upkeep\n|turn|6\n|c|\u2606krangune\u2764|not happy with that flinch\n|\n|t:|1682956477\n|move|p1a: Arcanine|Extreme Speed|p2b: Gastrodon\n|-damage|p2b: Gastrodon|20\/100\n|move|p1b: Lycanroc|Rock Slide|p2a: Lilligant|[spread] p2a,p2b\n|-resisted|p2b: Gastrodon\n|-damage|p2a: Lilligant|26\/100\n|-damage|p2b: Gastrodon|1\/100\n|move|p2a: Lilligant|Leaf Storm|p1b: Lycanroc\n|-supereffective|p1b: Lycanroc\n|-damage|p1b: Lycanroc|0 fnt\n|-unboost|p2a: Lilligant|spa|2\n|faint|p1b: Lycanroc\n|cant|p2b: Gastrodon|flinch\n|\n|-weather|none\n|-heal|p2b: Gastrodon|7\/100|[from] item: Leftovers\n|upkeep\n|c| Wyvern129|i mean its the first flinch of the game\n|\n|t:|1682956501\n|switch|p1b: Flutter Mane|Flutter Mane, L50, shiny|49\/100\n|turn|7\n|c|\u2606krangune\u2764|gg\n|\n|t:|1682956521\n|move|p2a: Lilligant|Protect|p2a: Lilligant\n|-singleturn|p2a: Lilligant|Protect\n|move|p1a: Arcanine|Extreme Speed|p2a: Lilligant\n|-activate|p2a: Lilligant|move: Protect\n|move|p1b: Flutter Mane|Dazzling Gleam|p2a: Lilligant|[spread] p2b\n|-activate|p2a: Lilligant|move: Protect\n|-damage|p2b: Gastrodon|0 fnt\n|faint|p2b: Gastrodon\n|\n|upkeep\n|l| SlowHomie\n|c|\u2606krangune\u2764|stopped me from recovering\n|\n|t:|1682956539\n|switch|p2b: Torkoal|Torkoal, L50, M|6\/100\n|-weather|SunnyDay|[from] ability: Drought|[of] p2b: Torkoal\n|-activate|p1b: Flutter Mane|ability: Protosynthesis\n|-start|p1b: Flutter Mane|protosynthesisspa\n|turn|8\n|c|\u2606krangune\u2764|gg\n|c|\u2606thebrosofpokes|yeah i got really lucky\n|\n|t:|1682956562\n|switch|p1a: Tyranitar|Tyranitar, L50, F|100\/100\n|-weather|Sandstorm|[from] ability: Sand Stream|[of] p1a: Tyranitar\n|-end|p1b: Flutter Mane|Protosynthesis\n|move|p1b: Flutter Mane|Dazzling Gleam|p2b: Torkoal|[spread] p2a,p2b\n|-resisted|p2b: Torkoal\n|-damage|p2a: Lilligant|0 fnt\n|-damage|p2b: Torkoal|0 fnt\n|faint|p2a: Lilligant\n|faint|p2b: Torkoal\n|\n|win|thebrosofpokes\n|n|\u2606thebrosofpokes|thebrosofpokes\n|n|\u2606krangune\u2764|krangune\n|n| Wyvern129|wyvern129\n|n| Erikbound|erikbound\n|n| MisterGX|mistergx\n","uploadtime":1682956564,"views":22,"p1id":"thebrosofpokes","p2id":"krangune","formatid":"gen9vgc2023regulationc","rating":0,"private":0,"password":""}