{"id":"gen9vgc2023regulationc-1852466874","p1":"WildPaulxxx","p2":"Erictoofunni","format":"[Gen 9] VGC 2023 Regulation C","log":"|j|\u2606WildPaulxxx\n|j|\u2606Erictoofunni\n|t:|1682561240\n|gametype|doubles\n|player|p1|WildPaulxxx|266|1087\n|player|p2|Erictoofunni|102|1000\n|teamsize|p1|6\n|teamsize|p2|6\n|gen|9\n|tier|[Gen 9] VGC 2023 Regulation C\n|rated|\n|rule|Species Clause: Limit one of each Pok\u00e9mon\n|rule|Item Clause: Limit one of each item\n|clearpoke\n|poke|p1|Chien-Pao, L50|\n|poke|p1|Arcanine, L50, F|\n|poke|p1|Florges-Blue, L50, F|\n|poke|p1|Great Tusk, L50|\n|poke|p1|Gyarados, L50, F|\n|poke|p1|Pachirisu, L50, F|\n|poke|p2|Umbreon, L50, F|\n|poke|p2|Gyarados, L50, M|\n|poke|p2|Ting-Lu, L50|\n|poke|p2|Sableye, L50, M|\n|poke|p2|Palafin, L50, F|\n|poke|p2|Gholdengo, L50|\n|teampreview|4\n|inactive|Battle timer is ON: inactive players will automatically lose when time's up. (requested by WildPaulxxx)\n|inactive|WildPaulxxx has 60 seconds left.\n|\n|t:|1682561322\n|start\n|switch|p1a: Florges|Florges-Blue, L50, F|100\/100\n|switch|p1b: Great Tusk|Great Tusk, L50|100\/100\n|switch|p2a: Gholdengo|Gholdengo, L50|100\/100\n|switch|p2b: Palafin|Palafin, L50, F|100\/100\n|-enditem|p1b: Great Tusk|Booster Energy\n|-activate|p1a: Florges|ability: Symbiosis|Safety Goggles|[of] p1b: Great Tusk\n|-activate|p1b: Great Tusk|ability: Protosynthesis|[fromitem]\n|-start|p1b: Great Tusk|protosynthesisspe\n|turn|1\n|inactive|WildPaulxxx has 30 seconds left.\n|\n|t:|1682561350\n|move|p2b: Palafin|Flip Turn|p1b: Great Tusk\n|-supereffective|p1b: Great Tusk\n|-damage|p1b: Great Tusk|70\/100\n|\n|t:|1682561355\n|detailschange|p2b: Palafin|Palafin-Hero, L50, F\n|switch|p2b: Umbreon|Umbreon, L50, F|100\/100|[from] Flip Turn\n|move|p1b: Great Tusk|Headlong Rush|p2a: Gholdengo\n|-supereffective|p2a: Gholdengo\n|-damage|p2a: Gholdengo|0 fnt\n|-unboost|p1b: Great Tusk|def|1\n|-unboost|p1b: Great Tusk|spd|1\n|faint|p2a: Gholdengo\n|move|p1a: Florges|Trick|p2b: Umbreon\n|-activate|p1a: Florges|move: Trick|[of] p2b: Umbreon\n|-enditem|p2b: Umbreon|Leftovers|[silent]|[from] move: Trick\n|-item|p1a: Florges|Leftovers|[from] move: Trick\n|\n|upkeep\n|\n|t:|1682561377\n|switch|p2a: Ting-Lu|Ting-Lu, L50|100\/100\n|-ability|p2a: Ting-Lu|Vessel of Ruin\n|turn|2\n|\n|t:|1682561390\n|switch|p1a: Gyarados|Gyarados, L50, F|100\/100\n|-ability|p1a: Gyarados|Intimidate|boost\n|-unboost|p2a: Ting-Lu|atk|1\n|-fail|p2b: Umbreon|unboost|Attack|[from] ability: Inner Focus|[of] p2b: Umbreon\n|move|p1b: Great Tusk|Protect|p1b: Great Tusk\n|-singleturn|p1b: Great Tusk|Protect\n|move|p2b: Umbreon|Foul Play|p1b: Great Tusk\n|-activate|p1b: Great Tusk|move: Protect\n|move|p2a: Ting-Lu|Heavy Slam|p1a: Gyarados\n|-resisted|p1a: Gyarados\n|-damage|p1a: Gyarados|95\/100\n|\n|upkeep\n|turn|3\n|\n|t:|1682561411\n|move|p1b: Great Tusk|Close Combat|p2b: Umbreon\n|-supereffective|p2b: Umbreon\n|-damage|p2b: Umbreon|10\/100\n|-unboost|p1b: Great Tusk|def|1\n|-unboost|p1b: Great Tusk|spd|1\n|move|p1a: Gyarados|Dragon Dance|p1a: Gyarados\n|-boost|p1a: Gyarados|atk|1\n|-boost|p1a: Gyarados|spe|1\n|move|p2b: Umbreon|Yawn|p1a: Gyarados\n|-start|p1a: Gyarados|move: Yawn|[of] p2b: Umbreon\n|move|p2a: Ting-Lu|Stomping Tantrum|p1b: Great Tusk\n|-damage|p1b: Great Tusk|38\/100\n|\n|upkeep\n|turn|4\n|inactive|WildPaulxxx has 30 seconds left.\n|inactive|Erictoofunni has 30 seconds left.\n|inactive|Erictoofunni has 20 seconds left.\n|\n|t:|1682561454\n|move|p1b: Great Tusk|Close Combat|p2a: Ting-Lu\n|-supereffective|p2a: Ting-Lu\n|-damage|p2a: Ting-Lu|52\/100\n|-unboost|p1b: Great Tusk|def|1\n|-unboost|p1b: Great Tusk|spd|1\n|move|p1a: Gyarados|Waterfall|p2a: Ting-Lu\n|-supereffective|p2a: Ting-Lu\n|-crit|p2a: Ting-Lu\n|-damage|p2a: Ting-Lu|0 fnt\n|faint|p2a: Ting-Lu\n|move|p2b: Umbreon|Foul Play|p1a: Gyarados\n|-damage|p1a: Gyarados|28\/100\n|\n|-end|p1a: Gyarados|move: Yawn|[silent]\n|-status|p1a: Gyarados|slp\n|-enditem|p1a: Gyarados|Lum Berry|[eat]\n|-curestatus|p1a: Gyarados|slp|[msg]\n|upkeep\n|\n|t:|1682561467\n|switch|p2a: Palafin|Palafin-Hero, L50, F|100\/100\n|-activate|p2a: Palafin|ability: Zero to Hero\n|turn|5\n|\n|t:|1682561491\n|move|p1b: Great Tusk|Protect|p1b: Great Tusk\n|-singleturn|p1b: Great Tusk|Protect\n|move|p2a: Palafin|Wave Crash|p1a: Gyarados\n|-resisted|p1a: Gyarados\n|-damage|p1a: Gyarados|0 fnt\n|faint|p1a: Gyarados\n|-damage|p2a: Palafin|91\/100|[from] Recoil\n|move|p2b: Umbreon|Foul Play|p1b: Great Tusk\n|-activate|p1b: Great Tusk|move: Protect\n|\n|upkeep\n|\n|t:|1682561505\n|switch|p1a: Pachirisu|Pachirisu, L50, F|100\/100\n|turn|6\n|inactive|WildPaulxxx has 30 seconds left.\n|\n|t:|1682561532\n|move|p1b: Great Tusk|Protect||[still]\n|-fail|p1b: Great Tusk\n|move|p2a: Palafin|Wave Crash|p1a: Pachirisu\n|-damage|p1a: Pachirisu|20\/100\n|-enditem|p1a: Pachirisu|Sitrus Berry|[eat]\n|-heal|p1a: Pachirisu|44\/100|[from] item: Sitrus Berry\n|-damage|p2a: Palafin|70\/100|[from] Recoil\n|move|p1a: Pachirisu|Nuzzle|p2a: Palafin\n|-supereffective|p2a: Palafin\n|-damage|p2a: Palafin|62\/100\n|-status|p2a: Palafin|par\n|move|p2b: Umbreon|Foul Play|p1b: Great Tusk\n|-resisted|p1b: Great Tusk\n|-damage|p1b: Great Tusk|0 fnt\n|faint|p1b: Great Tusk\n|-end|p1b: Great Tusk|Protosynthesis|[silent]\n|\n|upkeep\n|\n|t:|1682561546\n|switch|p1b: Florges|Florges-Blue, L50, F|100\/100\n|turn|7\n|\n|t:|1682561554\n|-terastallize|p2a: Palafin|Water\n|move|p1a: Pachirisu|Super Fang|p2a: Palafin\n|-damage|p2a: Palafin|31\/100 par\n|move|p2a: Palafin|Wave Crash|p1b: Florges\n|-damage|p1b: Florges|0 fnt\n|faint|p1b: Florges\n|-damage|p2a: Palafin|2\/100 par|[from] Recoil\n|move|p2b: Umbreon|Foul Play|p1a: Pachirisu\n|-damage|p1a: Pachirisu|25\/100\n|\n|upkeep\n|turn|8\n|\n|t:|1682561572\n|move|p1a: Pachirisu|Nuzzle|p2a: Palafin\n|-supereffective|p2a: Palafin\n|-damage|p2a: Palafin|0 fnt\n|faint|p2a: Palafin\n|move|p2b: Umbreon|Foul Play|p1a: Pachirisu\n|-damage|p1a: Pachirisu|3\/100\n|\n|upkeep\n|turn|9\n|\n|t:|1682561581\n|move|p1a: Pachirisu|Nuzzle|p2b: Umbreon\n|-damage|p2b: Umbreon|7\/100\n|-status|p2b: Umbreon|par\n|cant|p2b: Umbreon|par\n|\n|upkeep\n|turn|10\n|\n|t:|1682561590\n|-terastallize|p1a: Pachirisu|Electric\n|move|p1a: Pachirisu|Nuzzle|p2b: Umbreon\n|-damage|p2b: Umbreon|0 fnt\n|faint|p2b: Umbreon\n|\n|win|WildPaulxxx\n|raw|WildPaulxxx's rating: 1087 → 1107<\/strong> (+20 for winning)\n|raw|Erictoofunni's rating: 1000 → 1000<\/strong> (+0 for losing)\n|l|\u2606Erictoofunni\n","uploadtime":1682561601,"views":9,"p1id":"wildpaulxxx","p2id":"erictoofunni","formatid":"gen9vgc2023regulationc","rating":1000,"private":0,"password":""}