{"id":"gen9vgc2023regulationc-1854822115","p1":"Stonny","p2":"Maurone","format":"[Gen 9] VGC 2023 Regulation C","log":"|j|\u2606Stonny\n|j|\u2606Maurone\n|t:|1682870091\n|gametype|doubles\n|player|p1|Stonny|acetrainer-gen4dp|1357\n|player|p2|Maurone|jasmine|1461\n|teamsize|p1|6\n|teamsize|p2|6\n|gen|9\n|tier|[Gen 9] VGC 2023 Regulation C\n|rated|\n|rule|Species Clause: Limit one of each Pok\u00e9mon\n|rule|Item Clause: Limit one of each item\n|clearpoke\n|poke|p1|Iron Hands, L50|\n|poke|p1|Tyranitar, L50, F|\n|poke|p1|Armarouge, L50, F|\n|poke|p1|Palafin, L50, F|\n|poke|p1|Amoonguss, L50, M|\n|poke|p1|Indeedee-F, L50, F|\n|poke|p2|Talonflame, L50, F|\n|poke|p2|Iron Bundle, L50|\n|poke|p2|Iron Hands, L50|\n|poke|p2|Gholdengo, L50|\n|poke|p2|Dragonite, L50, F|\n|poke|p2|Chien-Pao, L50|\n|teampreview|4\n|inactive|Battle timer is ON: inactive players will automatically lose when time's up. (requested by Stonny)\n|inactive|Maurone also wants the timer to be on.\n|inactive|Maurone has 60 seconds left.\n|inactive|Maurone has 30 seconds left.\nMaurone has agreed to open team sheets.\n|inactive|Maurone has 20 seconds left.\n|inactive|Maurone has 15 seconds left.\n|inactive|Maurone has 10 seconds left.\n|\n|t:|1682870172\n|start\n|switch|p1a: Armarouge|Armarouge, L50, F|100\/100\n|switch|p1b: Indeedee|Indeedee-F, L50, F|100\/100\n|switch|p2a: Chien-Pao|Chien-Pao, L50|100\/100\n|switch|p2b: Dragonite|Dragonite, L50, F|100\/100\n|-ability|p2a: Chien-Pao|Sword of Ruin\n|-fieldstart|move: Psychic Terrain|[from] ability: Psychic Surge|[of] p1b: Indeedee\n|-enditem|p1b: Indeedee|Psychic Seed\n|-boost|p1b: Indeedee|spd|1|[from] item: Psychic Seed\n|turn|1\n|\n|t:|1682870193\n|move|p1a: Armarouge|Protect|p1a: Armarouge\n|-singleturn|p1a: Armarouge|Protect\n|move|p2a: Chien-Pao|Throat Chop|p1a: Armarouge\n|-activate|p1a: Armarouge|move: Protect\n|move|p2b: Dragonite|Stomping Tantrum|p1a: Armarouge\n|-activate|p1a: Armarouge|move: Protect\n|move|p1b: Indeedee|Trick Room|p1b: Indeedee\n|-fieldstart|move: Trick Room|[of] p1b: Indeedee\n|\n|upkeep\n|turn|2\n|\n|t:|1682870216\n|move|p2b: Dragonite|Protect|p2b: Dragonite\n|-singleturn|p2b: Dragonite|Protect\n|move|p2a: Chien-Pao|Protect|p2a: Chien-Pao\n|-singleturn|p2a: Chien-Pao|Protect\n|move|p1b: Indeedee|Follow Me|p1b: Indeedee\n|-singleturn|p1b: Indeedee|move: Follow Me\n|move|p1a: Armarouge|Expanding Force|p2b: Dragonite|[spread] \n|-activate|p2a: Chien-Pao|move: Protect\n|-activate|p2b: Dragonite|move: Protect\n|\n|upkeep\n|turn|3\n|\n|t:|1682870239\n|move|p1b: Indeedee|Follow Me|p1b: Indeedee\n|-singleturn|p1b: Indeedee|move: Follow Me\n|move|p1a: Armarouge|Armor Cannon|p2a: Chien-Pao\n|-supereffective|p2a: Chien-Pao\n|-enditem|p2a: Chien-Pao|Focus Sash\n|-damage|p2a: Chien-Pao|1\/100\n|-unboost|p1a: Armarouge|def|1\n|-unboost|p1a: Armarouge|spd|1\n|-damage|p1a: Armarouge|91\/100|[from] item: Life Orb\n|move|p2b: Dragonite|Stomping Tantrum|p1b: Indeedee\n|-damage|p1b: Indeedee|64\/100\n|move|p2a: Chien-Pao|Throat Chop|p1b: Indeedee\n|-supereffective|p1b: Indeedee\n|-damage|p1b: Indeedee|0 fnt\n|faint|p1b: Indeedee\n|\n|upkeep\n|\n|t:|1682870260\n|switch|p1b: Tyranitar|Tyranitar, L50, F|100\/100\n|-weather|Sandstorm|[from] ability: Sand Stream|[of] p1b: Tyranitar\n|turn|4\n|\n|t:|1682870279\n|switch|p2a: Gholdengo|Gholdengo, L50|100\/100\n|move|p2b: Dragonite|Protect|p2b: Dragonite\n|-singleturn|p2b: Dragonite|Protect\n|move|p1a: Armarouge|Expanding Force|p2b: Dragonite|[spread] p2a\n|-activate|p2b: Dragonite|move: Protect\n|-resisted|p2a: Gholdengo\n|-damage|p2a: Gholdengo|62\/100\n|-damage|p1a: Armarouge|81\/100|[from] item: Life Orb\n|move|p1b: Tyranitar|Rock Slide|p2a: Gholdengo|[spread] p2a\n|-activate|p2b: Dragonite|move: Protect\n|-resisted|p2a: Gholdengo\n|-damage|p2a: Gholdengo|47\/100\n|\n|-weather|Sandstorm|[upkeep]\n|-damage|p1a: Armarouge|74\/100|[from] Sandstorm\n|-damage|p2b: Dragonite|95\/100|[from] Sandstorm\n|upkeep\n|turn|5\n|inactive|Stonny has 30 seconds left.\n|inactive|Maurone has 30 seconds left.\n|inactive|Stonny has 20 seconds left.\n|\n|t:|1682870316\n|switch|p2a: Chien-Pao|Chien-Pao, L50|1\/100\n|-ability|p2a: Chien-Pao|Sword of Ruin\n|move|p1a: Armarouge|Expanding Force|p2a: Chien-Pao|[spread] p2b\n|-immune|p2a: Chien-Pao\n|-damage|p2b: Dragonite|9\/100\n|-damage|p1a: Armarouge|65\/100|[from] item: Life Orb\n|move|p1b: Tyranitar|Rock Slide|p2a: Chien-Pao|[spread] p2a,p2b\n|-supereffective|p2a: Chien-Pao\n|-supereffective|p2b: Dragonite\n|-damage|p2a: Chien-Pao|0 fnt\n|-damage|p2b: Dragonite|0 fnt\n|faint|p2a: Chien-Pao\n|faint|p2b: Dragonite\n|\n|-weather|Sandstorm|[upkeep]\n|-damage|p1a: Armarouge|58\/100|[from] Sandstorm\n|-fieldend|move: Trick Room\n|-fieldend|move: Psychic Terrain\n|upkeep\n|\n|t:|1682870326\n|switch|p2a: Iron Hands|Iron Hands, L50|100\/100\n|switch|p2b: Gholdengo|Gholdengo, L50|47\/100\n|turn|6\n|inactive|Stonny has 30 seconds left.\n|inactive|Stonny has 20 seconds left.\n|inactive|Stonny has 15 seconds left.\n|inactive|Stonny has 10 seconds left.\n|inactive|Stonny has 5 seconds left.\n|\n|t:|1682870381\n|-terastallize|p1b: Tyranitar|Flying\n|move|p2a: Iron Hands|Fake Out|p1b: Tyranitar\n|-damage|p1b: Tyranitar|88\/100\n|move|p2b: Gholdengo|Make It Rain|p1b: Tyranitar|[spread] p1a,p1b\n|-resisted|p1a: Armarouge\n|-damage|p1a: Armarouge|0 fnt\n|-damage|p1b: Tyranitar|49\/100\n|-unboost|p2b: Gholdengo|spa|1\n|faint|p1a: Armarouge\n|cant|p1b: Tyranitar|flinch\n|\n|-weather|Sandstorm|[upkeep]\n|-damage|p1b: Tyranitar|43\/100|[from] Sandstorm\n|-damage|p2a: Iron Hands|94\/100|[from] Sandstorm\n|upkeep\n|\n|t:|1682870403\n|switch|p1a: Iron Hands|Iron Hands, L50|100\/100\n|-enditem|p1a: Iron Hands|Booster Energy\n|-activate|p1a: Iron Hands|ability: Quark Drive|[fromitem]\n|-start|p1a: Iron Hands|quarkdriveatk\n|turn|7\n|inactive|Maurone has 30 seconds left.\n|inactive|Maurone has 20 seconds left.\n|inactive|Maurone has 15 seconds left.\n|\n|t:|1682870448\n|move|p2b: Gholdengo|Make It Rain|p1b: Tyranitar|[spread] p1a,p1b\n|-resisted|p1a: Iron Hands\n|-damage|p1a: Iron Hands|84\/100\n|-damage|p1b: Tyranitar|17\/100\n|-unboost|p2b: Gholdengo|spa|1\n|move|p1b: Tyranitar|Tera Blast|p2a: Iron Hands\n|-damage|p2a: Iron Hands|60\/100\n|move|p2a: Iron Hands|Wild Charge|p1b: Tyranitar\n|-supereffective|p1b: Tyranitar\n|-damage|p1b: Tyranitar|0 fnt\n|faint|p1b: Tyranitar\n|-damage|p2a: Iron Hands|57\/100|[from] Recoil\n|move|p1a: Iron Hands|Drain Punch|p2a: Iron Hands\n|-damage|p2a: Iron Hands|15\/100\n|-heal|p1a: Iron Hands|100\/100|[from] drain|[of] p2a: Iron Hands\n|\n|-weather|Sandstorm|[upkeep]\n|-damage|p2a: Iron Hands|9\/100|[from] Sandstorm\n|-damage|p1a: Iron Hands|94\/100|[from] Sandstorm\n|upkeep\n|turn|8\n|\n|t:|1682870469\n|move|p2b: Gholdengo|Make It Rain|p1a: Iron Hands\n|-resisted|p1a: Iron Hands\n|-damage|p1a: Iron Hands|76\/100\n|-unboost|p2b: Gholdengo|spa|1\n|move|p2a: Iron Hands|Drain Punch|p1a: Iron Hands\n|-damage|p1a: Iron Hands|44\/100\n|-heal|p2a: Iron Hands|25\/100|[from] drain|[of] p1a: Iron Hands\n|move|p1a: Iron Hands|Drain Punch|p2a: Iron Hands\n|-damage|p2a: Iron Hands|0 fnt\n|-heal|p1a: Iron Hands|57\/100|[from] drain|[of] p2a: Iron Hands\n|faint|p2a: Iron Hands\n|-end|p2a: Iron Hands|Quark Drive|[silent]\n|\n|-weather|none\n|upkeep\n|turn|9\n|\n|t:|1682870490\n|move|p2b: Gholdengo|Make It Rain|p1a: Iron Hands\n|-resisted|p1a: Iron Hands\n|-damage|p1a: Iron Hands|42\/100\n|-unboost|p2b: Gholdengo|spa|1\n|move|p1a: Iron Hands|Wild Charge|p2b: Gholdengo\n|-damage|p2b: Gholdengo|0 fnt\n|faint|p2b: Gholdengo\n|-damage|p1a: Iron Hands|32\/100|[from] Recoil\n|\n|win|Stonny\n|raw|Stonny's rating: 1357 → 1383<\/strong> (+26 for winning)\n|raw|Maurone's rating: 1461 → 1435<\/strong> (-26 for losing)\n|l|\u2606Maurone\n|l|\u2606Stonny\n|j|\u2606Stonny\n|player|p1|Stonny|acetrainer-gen4dp\n","uploadtime":1682870520,"views":14,"p1id":"stonny","p2id":"maurone","formatid":"gen9vgc2023regulationc","rating":1383,"private":0,"password":""}