{"id":"gen9vgc2023regulationc-1849480791","p1":"Rafarofa","p2":"BolinFB","format":"[Gen 9] VGC 2023 Regulation C","log":"|j|\u2606Rafarofa\n|j|\u2606BolinFB\n|t:|1682203460\n|gametype|doubles\n|player|p1|Rafarofa|dancer|1193\n|player|p2|BolinFB|steven|1116\n|teamsize|p1|6\n|teamsize|p2|6\n|gen|9\n|tier|[Gen 9] VGC 2023 Regulation C\n|rated|\n|rule|Species Clause: Limit one of each Pok\u00e9mon\n|rule|Item Clause: Limit one of each item\n|clearpoke\n|poke|p1|Hariyama, L50, F|\n|poke|p1|Annihilape, L50, F|\n|poke|p1|Grimmsnarl, L50, M|\n|poke|p1|Skeledirge, L50, F|\n|poke|p1|Gyarados, L50, F|\n|poke|p1|Meowscarada, L50, F|\n|poke|p2|Arcanine, L50, M|\n|poke|p2|Palafin, L50, M|\n|poke|p2|Ting-Lu, L50|\n|poke|p2|Gardevoir, L50, F|\n|poke|p2|Chien-Pao, L50|\n|poke|p2|Amoonguss, L50, M|\n|teampreview|4\n|inactive|Battle timer is ON: inactive players will automatically lose when time's up. (requested by Rafarofa)\n|\n|t:|1682203483\n|start\n|switch|p1a: Hariyama|Hariyama, L50, F|100\/100\n|switch|p1b: Annihilape|Annihilape, L50, F|100\/100\n|switch|p2a: Chien-Pao|Chien-Pao, L50|100\/100\n|switch|p2b: Gardevoir|Gardevoir, L50, F, shiny|100\/100\n|-ability|p2b: Gardevoir|Guts|[from] ability: Trace|[of] p1a: Hariyama\n|-ability|p2a: Chien-Pao|Sword of Ruin\n|turn|1\n|inactive|BolinFB has 30 seconds left.\n|inactive|BolinFB has 20 seconds left.\n|inactive|BolinFB has 15 seconds left.\n|\n|t:|1682203526\n|-terastallize|p2a: Chien-Pao|Ghost\n|-terastallize|p1a: Hariyama|Steel\n|move|p2a: Chien-Pao|Sucker Punch|p1b: Annihilape\n|-damage|p1b: Annihilape|55\/100\n|move|p1b: Annihilape|U-turn|p2a: Chien-Pao\n|-resisted|p2a: Chien-Pao\n|-damage|p2a: Chien-Pao|89\/100\n|\n|t:|1682203536\n|switch|p1b: Grimmsnarl|Grimmsnarl, L50, M|100\/100|[from] U-turn\n|move|p2b: Gardevoir|Trick|p1a: Hariyama\n|-activate|p2b: Gardevoir|move: Trick|[of] p1a: Hariyama\n|-item|p1a: Hariyama|Choice Scarf|[from] move: Trick\n|-item|p2b: Gardevoir|Flame Orb|[from] move: Trick\n|move|p1a: Hariyama|Bulk Up|p1a: Hariyama\n|-boost|p1a: Hariyama|atk|1\n|-boost|p1a: Hariyama|def|1\n|\n|-status|p2b: Gardevoir|brn|[from] item: Flame Orb\n|upkeep\n|turn|2\n|\n|t:|1682203561\n|switch|p1a: Annihilape|Annihilape, L50, F|55\/100\n|move|p1b: Grimmsnarl|Reflect|p1b: Grimmsnarl\n|-sidestart|p1: Rafarofa|Reflect\n|move|p2a: Chien-Pao|Ice Spinner|p1b: Grimmsnarl\n|-damage|p1b: Grimmsnarl|60\/100\n|move|p2b: Gardevoir|Mystical Fire|p1a: Annihilape\n|-damage|p1a: Annihilape|30\/100\n|-unboost|p1a: Annihilape|spa|1\n|-ability|p1a: Annihilape|Defiant|boost\n|-boost|p1a: Annihilape|atk|2\n|\n|-damage|p2b: Gardevoir|94\/100 brn|[from] brn\n|upkeep\n|turn|3\n|\n|t:|1682203585\n|move|p2a: Chien-Pao|Sucker Punch|p1a: Annihilape\n|-damage|p1a: Annihilape|0 fnt\n|faint|p1a: Annihilape\n|move|p1b: Grimmsnarl|Light Screen|p1b: Grimmsnarl\n|-sidestart|p1: Rafarofa|move: Light Screen\n|move|p2b: Gardevoir|Moonblast|p1b: Grimmsnarl\n|-supereffective|p1b: Grimmsnarl\n|-damage|p1b: Grimmsnarl|0 fnt\n|faint|p1b: Grimmsnarl\n|\n|-damage|p2b: Gardevoir|88\/100 brn|[from] brn\n|upkeep\n|\n|t:|1682203589\n|switch|p1a: Hariyama|Hariyama, L50, F, tera:Steel|100\/100\n|switch|p1b: Gyarados|Gyarados, L50, F|100\/100\n|-ability|p1b: Gyarados|Intimidate|boost\n|-unboost|p2a: Chien-Pao|atk|1\n|-unboost|p2b: Gardevoir|atk|1\n|turn|4\n|\n|t:|1682203616\n|move|p2a: Chien-Pao|Ice Spinner|p1b: Gyarados\n|-damage|p1b: Gyarados|72\/100\n|move|p1b: Gyarados|Dragon Dance|p1b: Gyarados\n|-boost|p1b: Gyarados|atk|1\n|-boost|p1b: Gyarados|spe|1\n|move|p2b: Gardevoir|Psyshock|p1b: Gyarados\n|-damage|p1b: Gyarados|24\/100\n|move|p1a: Hariyama|Drain Punch|p2b: Gardevoir\n|-resisted|p2b: Gardevoir\n|-damage|p2b: Gardevoir|66\/100 brn\n|\n|-damage|p2b: Gardevoir|60\/100 brn|[from] brn\n|upkeep\n|turn|5\n|\n|t:|1682203635\n|move|p1b: Gyarados|Waterfall|p2a: Chien-Pao\n|-damage|p2a: Chien-Pao|8\/100\n|cant|p2a: Chien-Pao|flinch\n|move|p2b: Gardevoir|Psyshock|p1b: Gyarados\n|-damage|p1b: Gyarados|0 fnt\n|faint|p1b: Gyarados\n|move|p1a: Hariyama|Drain Punch|p2b: Gardevoir\n|-resisted|p2b: Gardevoir\n|-damage|p2b: Gardevoir|38\/100 brn\n|\n|-damage|p2b: Gardevoir|32\/100 brn|[from] brn\n|upkeep\n|turn|6\n|-message|Rafarofa forfeited.\n|\n|win|BolinFB\n|raw|Rafarofa's rating: 1193 → 1163<\/strong> (-30 for losing)\n|raw|BolinFB's rating: 1116 → 1146<\/strong> (+30 for winning)\n|l|\u2606Rafarofa\n","uploadtime":1682203664,"views":5,"p1id":"rafarofa","p2id":"bolinfb","formatid":"gen9vgc2023regulationc","rating":1146,"private":0,"password":""}