{"id":"gen9vgc2023regulationc-1849000593","p1":"mx555","p2":"Moon7777","format":"[Gen 9] VGC 2023 Regulation C","log":"|j|\u2606mx555\n|j|\u2606Moon7777\n|t:|1682136993\n|gametype|doubles\n|player|p1|mx555|266|1405\n|player|p2|Moon7777|266|1540\n|teamsize|p1|6\n|teamsize|p2|6\n|gen|9\n|tier|[Gen 9] VGC 2023 Regulation C\n|rated|\n|rule|Species Clause: Limit one of each Pok\u00e9mon\n|rule|Item Clause: Limit one of each item\n|clearpoke\n|poke|p1|Farigiraf, L50, F|\n|poke|p1|Dragapult, L50, M|\n|poke|p1|Chien-Pao, L50|\n|poke|p1|Iron Hands, L50|\n|poke|p1|Amoonguss, L50, F|\n|poke|p1|Iron Bundle, L50|\n|poke|p2|Baxcalibur, L50, F|\n|poke|p2|Volcarona, L50, F|\n|poke|p2|Garganacl, L50, M|\n|poke|p2|Gyarados, L50, M|\n|poke|p2|Ting-Lu, L50|\n|poke|p2|Amoonguss, L50, M|\n|teampreview|4\n|inactive|Battle timer is ON: inactive players will automatically lose when time's up. (requested by mx555)\n|\n|t:|1682137013\n|start\n|switch|p1a: Farigiraf|Farigiraf, L50, F|100\/100\n|switch|p1b: Iron Hands|Iron Hands, L50|100\/100\n|switch|p2a: Garganacl|Garganacl, L50, M|100\/100\n|switch|p2b: Gyarados|Gyarados, L50, M|100\/100\n|-ability|p2b: Gyarados|Intimidate|boost\n|-unboost|p1a: Farigiraf|atk|1\n|-unboost|p1b: Iron Hands|atk|1\n|turn|1\n|\n|t:|1682137025\n|switch|p2b: Amoonguss|Amoonguss, L50, M|100\/100\n|move|p1b: Iron Hands|Belly Drum|p1b: Iron Hands\n|-damage|p1b: Iron Hands|50\/100\n|-setboost|p1b: Iron Hands|atk|6|[from] move: Belly Drum\n|-enditem|p1b: Iron Hands|Sitrus Berry|[eat]\n|-heal|p1b: Iron Hands|75\/100|[from] item: Sitrus Berry\n|move|p2a: Garganacl|Salt Cure|p1a: Farigiraf\n|-damage|p1a: Farigiraf|91\/100\n|-start|p1a: Farigiraf|Salt Cure\n|move|p1a: Farigiraf|Trick Room|p1a: Farigiraf\n|-fieldstart|move: Trick Room|[of] p1a: Farigiraf\n|\n|-damage|p1a: Farigiraf|78\/100|[from] Salt Cure\n|upkeep\n|turn|2\n|\n|t:|1682137043\n|-terastallize|p1b: Iron Hands|Grass\n|move|p2b: Amoonguss|Protect|p2b: Amoonguss\n|-singleturn|p2b: Amoonguss|Protect\n|move|p2a: Garganacl|Protect|p2a: Garganacl\n|-singleturn|p2a: Garganacl|Protect\n|move|p1b: Iron Hands|Drain Punch|p2a: Garganacl\n|-activate|p2a: Garganacl|move: Protect\n|move|p1a: Farigiraf|Hyper Voice|p2b: Amoonguss|[spread] \n|-activate|p2a: Garganacl|move: Protect\n|-activate|p2b: Amoonguss|move: Protect\n|\n|-damage|p1a: Farigiraf|66\/100|[from] Salt Cure\n|upkeep\n|turn|3\n|inactive|Moon7777 has 30 seconds left.\n|\n|t:|1682137076\n|switch|p2b: Gyarados|Gyarados, L50, M|100\/100\n|-ability|p2b: Gyarados|Intimidate|boost\n|-unboost|p1a: Farigiraf|atk|1\n|-unboost|p1b: Iron Hands|atk|1\n|-terastallize|p2a: Garganacl|Grass\n|move|p2a: Garganacl|Iron Defense|p2a: Garganacl\n|-boost|p2a: Garganacl|def|2\n|move|p1b: Iron Hands|Drain Punch|p2a: Garganacl\n|-damage|p2a: Garganacl|58\/100\n|-heal|p1b: Iron Hands|92\/100|[from] drain|[of] p2a: Garganacl\n|move|p1a: Farigiraf|Hyper Voice|p2b: Gyarados|[spread] p2a,p2b\n|-damage|p2a: Garganacl|42\/100\n|-damage|p2b: Gyarados|82\/100\n|-enditem|p1a: Farigiraf|Throat Spray\n|-boost|p1a: Farigiraf|spa|1|[from] item: Throat Spray\n|\n|-heal|p2a: Garganacl|47\/100|[from] item: Leftovers\n|-damage|p1a: Farigiraf|54\/100|[from] Salt Cure\n|upkeep\n|turn|4\n|j| THUNDERSND77\n|inactive|mx555 has 30 seconds left.\n|\n|t:|1682137105\n|switch|p2b: Amoonguss|Amoonguss, L50, M|100\/100\n|move|p2a: Garganacl|Recover|p2a: Garganacl\n|-heal|p2a: Garganacl|98\/100\n|move|p1b: Iron Hands|Drain Punch|p2a: Garganacl\n|-damage|p2a: Garganacl|51\/100\n|-heal|p1b: Iron Hands|100\/100|[from] drain|[of] p2a: Garganacl\n|move|p1a: Farigiraf|Twin Beam|p2a: Garganacl\n|-damage|p2a: Garganacl|37\/100\n|-damage|p2a: Garganacl|20\/100\n|-hitcount|p2a: Garganacl|2\n|\n|-heal|p2a: Garganacl|26\/100|[from] item: Leftovers\n|-damage|p1a: Farigiraf|41\/100|[from] Salt Cure\n|upkeep\n|turn|5\n|inactive|Moon7777 has 30 seconds left.\n|\n|t:|1682137139\n|switch|p2b: Gyarados|Gyarados, L50, M|82\/100\n|-ability|p2b: Gyarados|Intimidate|boost\n|-unboost|p1a: Farigiraf|atk|1\n|-unboost|p1b: Iron Hands|atk|1\n|move|p2a: Garganacl|Recover|p2a: Garganacl\n|-heal|p2a: Garganacl|76\/100\n|move|p1b: Iron Hands|Drain Punch|p2a: Garganacl\n|-damage|p2a: Garganacl|33\/100\n|move|p1a: Farigiraf|Twin Beam|p2b: Gyarados\n|-damage|p2b: Gyarados|66\/100\n|-damage|p2b: Gyarados|50\/100\n|-hitcount|p2b: Gyarados|2\n|\n|-heal|p2a: Garganacl|39\/100|[from] item: Leftovers\n|-damage|p1a: Farigiraf|29\/100|[from] Salt Cure\n|-fieldend|move: Trick Room\n|upkeep\n|turn|6\n|\n|t:|1682137159\n|switch|p2b: Amoonguss|Amoonguss, L50, M|100\/100\n|move|p2a: Garganacl|Protect|p2a: Garganacl\n|-singleturn|p2a: Garganacl|Protect\n|move|p1a: Farigiraf|Twin Beam|p2a: Garganacl\n|-activate|p2a: Garganacl|move: Protect\n|move|p1b: Iron Hands|Drain Punch|p2a: Garganacl\n|-activate|p2a: Garganacl|move: Protect\n|\n|-heal|p2a: Garganacl|44\/100|[from] item: Leftovers\n|-damage|p1a: Farigiraf|17\/100|[from] Salt Cure\n|upkeep\n|turn|7\n|j| MondayXyz\n|inactive|Moon7777 has 30 seconds left.\n|\n|t:|1682137189\n|move|p2b: Amoonguss|Rage Powder|p2b: Amoonguss\n|-singleturn|p2b: Amoonguss|move: Rage Powder\n|move|p1a: Farigiraf|Hyper Voice|p2b: Amoonguss|[spread] p2a,p2b\n|-damage|p2a: Garganacl|18\/100\n|-damage|p2b: Amoonguss|66\/100\n|move|p1b: Iron Hands|Thunder Punch|p2b: Amoonguss\n|-resisted|p2b: Amoonguss\n|-damage|p2b: Amoonguss|16\/100\n|-enditem|p2b: Amoonguss|Sitrus Berry|[eat]\n|-heal|p2b: Amoonguss|41\/100|[from] item: Sitrus Berry\n|move|p2a: Garganacl|Recover|p2a: Garganacl\n|-heal|p2a: Garganacl|68\/100\n|\n|-heal|p2a: Garganacl|74\/100|[from] item: Leftovers\n|-damage|p1a: Farigiraf|4\/100|[from] Salt Cure\n|upkeep\n|turn|8\n|inactive|mx555 has 30 seconds left.\n|inactive|Moon7777 has 30 seconds left.\n|inactive|mx555 has 20 seconds left.\n|\n|t:|1682137229\n|switch|p2b: Gyarados|Gyarados, L50, M|50\/100\n|-ability|p2b: Gyarados|Intimidate|boost\n|-unboost|p1a: Farigiraf|atk|1\n|-unboost|p1b: Iron Hands|atk|1\n|move|p2a: Garganacl|Protect|p2a: Garganacl\n|-singleturn|p2a: Garganacl|Protect\n|move|p1a: Farigiraf|Twin Beam|p2b: Gyarados\n|-damage|p2b: Gyarados|33\/100\n|-damage|p2b: Gyarados|15\/100\n|-hitcount|p2b: Gyarados|2\n|move|p1b: Iron Hands|Drain Punch|p2a: Garganacl\n|-activate|p2a: Garganacl|move: Protect\n|\n|-heal|p2a: Garganacl|80\/100|[from] item: Leftovers\n|-damage|p1a: Farigiraf|0 fnt|[from] Salt Cure\n|faint|p1a: Farigiraf\n|upkeep\n|\n|t:|1682137235\n|switch|p1a: Dragapult|Dragapult, L50, M|100\/100\n|turn|9\n|l|\u2606Moon7777\n|inactive|Moon7777 disconnected and has a minute to reconnect!\n|player|p2|\n|inactive|Moon7777 has 30 seconds left.\n|inactive|Moon7777 has 20 seconds left.\n|inactive|Moon7777 has 15 seconds left.\n|inactive|Moon7777 has 10 seconds left.\n|inactive|Moon7777 has 5 seconds left.\n|j|\u2606Moon7777\n|inactive|Moon7777 reconnected and has 5 seconds left.\n|player|p2|Moon7777|266\n|\n|t:|1682137290\n|move|p1a: Dragapult|Dragon Darts|p2b: Gyarados\n|-damage|p2b: Gyarados|0 fnt\n|-anim|p1a: Dragapult|Dragon Darts|p2a: Garganacl\n|-damage|p2a: Garganacl|67\/100\n|faint|p2b: Gyarados\n|move|p1b: Iron Hands|Drain Punch|p2a: Garganacl\n|-damage|p2a: Garganacl|36\/100\n|move|p2a: Garganacl|Salt Cure|p1a: Dragapult\n|-damage|p1a: Dragapult|82\/100\n|-start|p1a: Dragapult|Salt Cure\n|\n|-heal|p2a: Garganacl|42\/100|[from] item: Leftovers\n|-damage|p1a: Dragapult|69\/100|[from] Salt Cure\n|upkeep\n|\n|t:|1682137311\n|switch|p2b: Amoonguss|Amoonguss, L50, M|74\/100\n|turn|10\n|\n|t:|1682137322\n|switch|p1a: Amoonguss|Amoonguss, L50, F|100\/100\n|move|p2b: Amoonguss|Rage Powder|p2b: Amoonguss\n|-singleturn|p2b: Amoonguss|move: Rage Powder\n|move|p1b: Iron Hands|Belly Drum|p1b: Iron Hands\n|-damage|p1b: Iron Hands|50\/100\n|-setboost|p1b: Iron Hands|atk|6|[from] move: Belly Drum\n|move|p2a: Garganacl|Recover|p2a: Garganacl\n|-heal|p2a: Garganacl|92\/100\n|\n|-heal|p2a: Garganacl|98\/100|[from] item: Leftovers\n|upkeep\n|turn|11\n|\n|t:|1682137338\n|move|p2a: Garganacl|Protect|p2a: Garganacl\n|-singleturn|p2a: Garganacl|Protect\n|move|p1b: Iron Hands|Drain Punch|p2a: Garganacl\n|-activate|p2a: Garganacl|move: Protect\n|move|p1a: Amoonguss|Clear Smog|p2a: Garganacl\n|-activate|p2a: Garganacl|move: Protect\n|move|p2b: Amoonguss|Pollen Puff|p1b: Iron Hands\n|-supereffective|p1b: Iron Hands\n|-damage|p1b: Iron Hands|23\/100\n|\n|-heal|p2a: Garganacl|100\/100|[from] item: Leftovers\n|upkeep\n|turn|12\n|\n|t:|1682137357\n|move|p2a: Garganacl|Protect|p2a: Garganacl\n|-singleturn|p2a: Garganacl|Protect\n|move|p1b: Iron Hands|Drain Punch|p2a: Garganacl\n|-activate|p2a: Garganacl|move: Protect\n|move|p1a: Amoonguss|Pollen Puff|p1b: Iron Hands\n|-heal|p1b: Iron Hands|73\/100\n|move|p2b: Amoonguss|Pollen Puff|p1b: Iron Hands\n|-supereffective|p1b: Iron Hands\n|-damage|p1b: Iron Hands|45\/100\n|\n|upkeep\n|turn|13\n|\n|t:|1682137375\n|move|p1b: Iron Hands|Drain Punch|p2a: Garganacl\n|-damage|p2a: Garganacl|49\/100\n|-heal|p1b: Iron Hands|65\/100|[from] drain|[of] p2a: Garganacl\n|move|p1a: Amoonguss|Clear Smog|p2a: Garganacl\n|-supereffective|p2a: Garganacl\n|-damage|p2a: Garganacl|31\/100\n|-clearboost|p2a: Garganacl\n|move|p2a: Garganacl|Salt Cure|p1b: Iron Hands\n|-damage|p1b: Iron Hands|57\/100\n|-start|p1b: Iron Hands|Salt Cure\n|move|p2b: Amoonguss|Pollen Puff|p1b: Iron Hands\n|-supereffective|p1b: Iron Hands\n|-damage|p1b: Iron Hands|29\/100\n|\n|-heal|p2a: Garganacl|37\/100|[from] item: Leftovers\n|-damage|p1b: Iron Hands|17\/100|[from] Salt Cure\n|upkeep\n|turn|14\n|inactive|Moon7777 has 30 seconds left.\n|\n|t:|1682137403\n|move|p2a: Garganacl|Protect|p2a: Garganacl\n|-singleturn|p2a: Garganacl|Protect\n|move|p1b: Iron Hands|Drain Punch|p2b: Amoonguss\n|-resisted|p2b: Amoonguss\n|-damage|p2b: Amoonguss|17\/100\n|-heal|p1b: Iron Hands|41\/100|[from] drain|[of] p2b: Amoonguss\n|move|p1a: Amoonguss|Pollen Puff|p1b: Iron Hands\n|-heal|p1b: Iron Hands|91\/100\n|move|p2b: Amoonguss|Pollen Puff|p1b: Iron Hands\n|-supereffective|p1b: Iron Hands\n|-damage|p1b: Iron Hands|62\/100\n|\n|-heal|p2a: Garganacl|43\/100|[from] item: Leftovers\n|-damage|p1b: Iron Hands|49\/100|[from] Salt Cure\n|upkeep\n|turn|15\n|-message|Moon7777 forfeited.\n|\n|win|mx555\n|raw|mx555's rating: 1405 → 1432<\/strong> (+27 for winning)\n|raw|Moon7777's rating: 1540 → 1513<\/strong> (-27 for losing)\n|l|\u2606Moon7777\n","uploadtime":1682137422,"views":11,"p1id":"mx555","p2id":"moon7777","formatid":"gen9vgc2023regulationc","rating":1432,"private":0,"password":""}