{"id":"gen9vgc2023regulationc-1845682576","p1":"jeffman323","p2":"Keveloper","format":"[Gen 9] VGC 2023 Regulation C","log":"|j|\u2606jeffman323\n|j|\u2606Keveloper\n|t:|1681755210\n|gametype|doubles\n|player|p1|jeffman323|steven|\n|player|p2|Keveloper|ash|\n|teamsize|p1|6\n|teamsize|p2|6\n|gen|9\n|tier|[Gen 9] VGC 2023 Regulation C\n|rule|Species Clause: Limit one of each Pok\u00e9mon\n|rule|Item Clause: Limit one of each item\n|clearpoke\n|poke|p1|Hatterene, L50, F|\n|poke|p1|Indeedee-F, L50, F|\n|poke|p1|Torkoal, L50, M|\n|poke|p1|Kingambit, L50, M|\n|poke|p1|Iron Hands, L50|\n|poke|p1|Brute Bonnet, L50|\n|poke|p2|Orthworm, L50, M|\n|poke|p2|Dragonite, L50, M|\n|poke|p2|Ting-Lu, L50|\n|poke|p2|Gyarados, L50, M|\n|poke|p2|Flutter Mane, L50|\n|poke|p2|Chien-Pao, L50|\n|teampreview|4\njeffman323 has agreed to open team sheets.\nKeveloper has agreed to open team sheets.\n|\n|t:|1681755305\n|start\n|switch|p1a: Iron Hands|Iron Hands, L50|100\/100\n|switch|p1b: Hatterene|Hatterene, L50, F|100\/100\n|switch|p2a: Orthworm|Orthworm, L50, M|100\/100\n|switch|p2b: Ting-Lu|Ting-Lu, L50|100\/100\n|-ability|p2b: Ting-Lu|Vessel of Ruin\n|turn|1\n|\n|t:|1681755373\n|move|p1a: Iron Hands|Fake Out|p2b: Ting-Lu\n|-damage|p2b: Ting-Lu|90\/100\n|cant|p2b: Ting-Lu|flinch\n|move|p2a: Orthworm|Shed Tail|p2a: Orthworm\n|-start|p2a: Orthworm|Substitute|[from] move: Shed Tail\n|-damage|p2a: Orthworm|50\/100\n|-enditem|p2a: Orthworm|Sitrus Berry|[eat]\n|-heal|p2a: Orthworm|75\/100|[from] item: Sitrus Berry\n|\n|t:|1681755397\n|switch|p2a: Dragonite|Dragonite, L50, M|100\/100|[from] Shed Tail\n|move|p1b: Hatterene|Trick Room|p1b: Hatterene\n|-fieldstart|move: Trick Room|[of] p1b: Hatterene\n|\n|upkeep\n|turn|2\n|\n|t:|1681755466\n|switch|p2b: Orthworm|Orthworm, L50, M|75\/100\n|move|p1b: Hatterene|Dazzling Gleam|p2a: Dragonite|[spread] p2a,p2b\n|-supereffective|p2a: Dragonite\n|-end|p2a: Dragonite|Substitute\n|-resisted|p2b: Orthworm\n|-damage|p2b: Orthworm|56\/100\n|move|p1a: Iron Hands|Thunder Punch|p2a: Dragonite\n|-damage|p2a: Dragonite|77\/100\n|move|p2a: Dragonite|Earthquake|p1a: Iron Hands|[spread] p1a,p1b\n|-heal|p2b: Orthworm|81\/100|[from] ability: Earth Eater|[of] p2a: Dragonite\n|-supereffective|p1a: Iron Hands\n|-damage|p1a: Iron Hands|67\/100\n|-damage|p1b: Hatterene|71\/100\n|\n|upkeep\n|turn|3\n|\n|t:|1681755514\n|move|p1b: Hatterene|Dazzling Gleam|p2a: Dragonite|[spread] p2a,p2b\n|-supereffective|p2a: Dragonite\n|-resisted|p2b: Orthworm\n|-damage|p2a: Dragonite|0 fnt\n|-damage|p2b: Orthworm|62\/100\n|faint|p2a: Dragonite\n|move|p1a: Iron Hands|Drain Punch|p2b: Orthworm\n|-supereffective|p2b: Orthworm\n|-damage|p2b: Orthworm|5\/100\n|-heal|p1a: Iron Hands|86\/100|[from] drain|[of] p2b: Orthworm\n|move|p2b: Orthworm|Heavy Slam|p1b: Hatterene\n|-supereffective|p1b: Hatterene\n|-damage|p1b: Hatterene|0 fnt\n|faint|p1b: Hatterene\n|\n|upkeep\n|\n|t:|1681755533\n|switch|p1b: Torkoal|Torkoal, L50, M|100\/100\n|switch|p2a: Gyarados|Gyarados, L50, M|100\/100\n|-weather|SunnyDay|[from] ability: Drought|[of] p1b: Torkoal\n|-ability|p2a: Gyarados|Intimidate|boost\n|-unboost|p1a: Iron Hands|atk|1\n|-unboost|p1b: Torkoal|atk|1\n|turn|4\n|\n|t:|1681755562\n|switch|p2a: Ting-Lu|Ting-Lu, L50|90\/100\n|-ability|p2a: Ting-Lu|Vessel of Ruin\n|-terastallize|p1b: Torkoal|Fire\n|move|p1b: Torkoal|Eruption|p2b: Orthworm|[spread] p2a,p2b\n|-supereffective|p2b: Orthworm\n|-damage|p2a: Ting-Lu|30\/100\n|-damage|p2b: Orthworm|0 fnt\n|faint|p2b: Orthworm\n|move|p1a: Iron Hands|Thunder Punch|p2a: Ting-Lu\n|-immune|p2a: Ting-Lu\n|\n|-weather|SunnyDay|[upkeep]\n|upkeep\n|\n|t:|1681755573\n|switch|p2b: Gyarados|Gyarados, L50, M|100\/100\n|-ability|p2b: Gyarados|Intimidate|boost\n|-unboost|p1a: Iron Hands|atk|1\n|-unboost|p1b: Torkoal|atk|1\n|turn|5\n|\n|t:|1681755585\n|move|p1b: Torkoal|Eruption|p2b: Gyarados|[spread] p2a,p2b\n|-resisted|p2b: Gyarados\n|-damage|p2a: Ting-Lu|0 fnt\n|-damage|p2b: Gyarados|65\/100\n|faint|p2a: Ting-Lu\n|move|p1a: Iron Hands|Thunder Punch|p2b: Gyarados\n|-supereffective|p2b: Gyarados\n|-damage|p2b: Gyarados|0 fnt\n|faint|p2b: Gyarados\n|\n|win|jeffman323\n","uploadtime":1681755588,"views":10,"p1id":"jeffman323","p2id":"keveloper","formatid":"gen9vgc2023regulationc","rating":0,"private":0,"password":""}