{"id":"gen9vgc2023regulationc-1856861576","p1":"Adsheesh","p2":"Infernape314","format":"[Gen 9] VGC 2023 Regulation C","log":"|j|\u2606Adsheesh\n|j|\u203dInfernape314\n|t:|1683120407\n|gametype|doubles\n|player|p1|Adsheesh|102|\n|player|p2|Infernape314|1|\n|teamsize|p1|6\n|teamsize|p2|6\n|gen|9\n|tier|[Gen 9] VGC 2023 Regulation C\n|rated|Tournament battle\n|rule|Species Clause: Limit one of each Pok\u00e9mon\n|rule|Item Clause: Limit one of each item\n|clearpoke\n|poke|p1|Annihilape, L50, F|\n|poke|p1|Maushold-Four, L50|\n|poke|p1|Kingambit, L50, M|\n|poke|p1|Chien-Pao, L50|\n|poke|p1|Dragonite, L50, F|\n|poke|p1|Gholdengo, L50|\n|poke|p2|Palafin, L50, F|\n|poke|p2|Amoonguss, L50, M|\n|poke|p2|Pelipper, L50, M|\n|poke|p2|Iron Hands, L50|\n|poke|p2|Chien-Pao, L50|\n|poke|p2|Salamence, L50, F|\n|teampreview|4\n|inactive|Battle timer is ON: inactive players will automatically lose when time's up. (requested by Infernape314)\n|j| sadgirl23\n|\n|t:|1683120434\n|start\n|switch|p1a: Annihilape|Annihilape, L50, F|100\/100\n|switch|p1b: Maushold|Maushold-Four, L50|100\/100\n|switch|p2a: Chien-Pao|Chien-Pao, L50|100\/100\n|switch|p2b: Pelipper|Pelipper, L50, M|100\/100\n|-ability|p2a: Chien-Pao|Sword of Ruin\n|-weather|RainDance|[from] ability: Drizzle|[of] p2b: Pelipper\n|turn|1\n|c|\u2606Adsheesh|glhf\n|inactive|Adsheesh has 30 seconds left.\n|\n|t:|1683120460\n|move|p2a: Chien-Pao|Sucker Punch|p1b: Maushold\n|-damage|p1b: Maushold|28\/100\n|-damage|p2a: Chien-Pao|91\/100|[from] item: Life Orb\n|move|p1b: Maushold|Beat Up|p1a: Annihilape\n|-damage|p1a: Annihilape|98\/100\n|-damage|p1a: Annihilape|96\/100\n|-damage|p1a: Annihilape|92\/100\n|-damage|p1a: Annihilape|90\/100\n|-hitcount|p1a: Annihilape|4\n|move|p2b: Pelipper|Hurricane|p1a: Annihilape\n|-supereffective|p1a: Annihilape\n|-damage|p1a: Annihilape|37\/100\n|-enditem|p1a: Annihilape|Sitrus Berry|[eat]\n|-heal|p1a: Annihilape|62\/100|[from] item: Sitrus Berry\n|move|p1a: Annihilape|Rage Fist|p2b: Pelipper\n|-enditem|p2b: Pelipper|Focus Sash\n|-damage|p2b: Pelipper|1\/100\n|\n|-weather|RainDance|[upkeep]\n|upkeep\n|turn|2\n|j| SurpriseAttacks\n|inactive|Infernape314 has 30 seconds left.\n|inactive|Infernape314 has 20 seconds left.\n|\n|t:|1683120495\n|move|p1b: Maushold|Follow Me|p1b: Maushold\n|-singleturn|p1b: Maushold|move: Follow Me\n|move|p2a: Chien-Pao|Ice Spinner|p1b: Maushold\n|-damage|p1b: Maushold|0 fnt\n|faint|p1b: Maushold\n|-damage|p2a: Chien-Pao|81\/100|[from] item: Life Orb\n|move|p2b: Pelipper|Hurricane|p1a: Annihilape\n|-supereffective|p1a: Annihilape\n|-damage|p1a: Annihilape|0 fnt\n|faint|p1a: Annihilape\n|\n|-weather|RainDance|[upkeep]\n|upkeep\n|\n|t:|1683120507\n|switch|p1b: Chien-Pao|Chien-Pao, L50|100\/100\n|switch|p1a: Gholdengo|Gholdengo, L50|100\/100\n|-ability|p1b: Chien-Pao|Sword of Ruin\n|turn|3\n|\n|t:|1683120517\n|move|p2a: Chien-Pao|Protect|p2a: Chien-Pao\n|-singleturn|p2a: Chien-Pao|Protect\n|move|p1b: Chien-Pao|Sucker Punch|p2b: Pelipper\n|-damage|p2b: Pelipper|0 fnt\n|faint|p2b: Pelipper\n|move|p1a: Gholdengo|Nasty Plot|p1a: Gholdengo\n|-boost|p1a: Gholdengo|spa|2\n|\n|-weather|RainDance|[upkeep]\n|upkeep\n|\n|t:|1683120526\n|switch|p2b: Iron Hands|Iron Hands, L50|100\/100\n|turn|4\n|j| getagames722\n|\n|t:|1683120551\n|-terastallize|p2a: Chien-Pao|Ghost\n|move|p2a: Chien-Pao|Sucker Punch||[still]\n|-fail|p2a: Chien-Pao\n|move|p1b: Chien-Pao|Sacred Sword|p2a: Chien-Pao\n|-immune|p2a: Chien-Pao\n|move|p1a: Gholdengo|Nasty Plot|p1a: Gholdengo\n|-boost|p1a: Gholdengo|spa|2\n|move|p2b: Iron Hands|Wild Charge|p1b: Chien-Pao\n|-damage|p1b: Chien-Pao|26\/100\n|-damage|p2b: Iron Hands|88\/100|[from] Recoil\n|\n|-weather|RainDance|[upkeep]\n|upkeep\n|turn|5\n|\n|t:|1683120575\n|-terastallize|p1a: Gholdengo|Water\n|move|p1b: Chien-Pao|Protect|p1b: Chien-Pao\n|-singleturn|p1b: Chien-Pao|Protect\n|move|p2a: Chien-Pao|Protect|p2a: Chien-Pao\n|-singleturn|p2a: Chien-Pao|Protect\n|move|p1a: Gholdengo|Make It Rain|p2a: Chien-Pao|[spread] p2b\n|-activate|p2a: Chien-Pao|move: Protect\n|-resisted|p2b: Iron Hands\n|-damage|p2b: Iron Hands|51\/100\n|-unboost|p1a: Gholdengo|spa|1\n|move|p2b: Iron Hands|Wild Charge|p1b: Chien-Pao\n|-activate|p1b: Chien-Pao|move: Protect\n|\n|-weather|none\n|upkeep\n|turn|6\n|j|#DaWoblefet\n|inactive|Adsheesh has 30 seconds left.\n|\n|t:|1683120601\n|move|p2a: Chien-Pao|Sucker Punch|p1b: Chien-Pao\n|-resisted|p1b: Chien-Pao\n|-damage|p1b: Chien-Pao|0 fnt\n|faint|p1b: Chien-Pao\n|-damage|p2a: Chien-Pao|71\/100|[from] item: Life Orb\n|move|p1a: Gholdengo|Shadow Ball|p2a: Chien-Pao\n|-supereffective|p2a: Chien-Pao\n|-crit|p2a: Chien-Pao\n|-damage|p2a: Chien-Pao|0 fnt\n|faint|p2a: Chien-Pao\n|move|p2b: Iron Hands|Wild Charge|p1a: Gholdengo\n|-supereffective|p1a: Gholdengo\n|-damage|p1a: Gholdengo|2\/100\n|-damage|p2b: Iron Hands|31\/100|[from] Recoil\n|\n|-heal|p1a: Gholdengo|8\/100|[from] item: Leftovers\n|upkeep\n|\n|t:|1683120615\n|switch|p2a: Palafin|Palafin, L50, F|100\/100\n|turn|7\n|c|\u2606Adsheesh|ggs\n|\n|t:|1683120626\n|move|p1a: Gholdengo|Protect|p1a: Gholdengo\n|-singleturn|p1a: Gholdengo|Protect\n|move|p2a: Palafin|Jet Punch|p1a: Gholdengo\n|-activate|p1a: Gholdengo|move: Protect\n|move|p2b: Iron Hands|Wild Charge|p1a: Gholdengo\n|-activate|p1a: Gholdengo|move: Protect\n|\n|-heal|p1a: Gholdengo|14\/100|[from] item: Leftovers\n|upkeep\n|turn|8\n|l| SurpriseAttacks\n|c| getagames722|ggs\n|l| getagames722\n|inactive|Infernape314 has 30 seconds left.\n|\n|t:|1683120657\n|move|p2a: Palafin|Wave Crash|p1a: Gholdengo\n|-resisted|p1a: Gholdengo\n|-damage|p1a: Gholdengo|0 fnt\n|faint|p1a: Gholdengo\n|-damage|p2a: Palafin|96\/100|[from] Recoil\n|\n|win|Infernape314\n|n|\u2606Adsheesh|adsheesh\n|n|\u203dInfernape314|infernape314\n|n| sadgirl23|sadgirl23\n|n|&DaWoblefet|dawoblefet\n|l|&DaWoblefet\n|l|\u2606Adsheesh\n","uploadtime":1683120669,"views":8,"p1id":"adsheesh","p2id":"infernape314","formatid":"gen9vgc2023regulationc","rating":0,"private":0,"password":""}