{"id":"gen9vgc2023regulationc-1847896811","p1":"TheLog2","p2":"StVero","format":"[Gen 9] VGC 2023 Regulation C","log":"|j|\u2606TheLog2\n|j|\u2606StVero\n|t:|1682010846\n|gametype|doubles\n|player|p1|TheLog2|1|1135\n|player|p2|StVero|170|1160\n|teamsize|p1|6\n|teamsize|p2|6\n|gen|9\n|tier|[Gen 9] VGC 2023 Regulation C\n|rated|\n|rule|Species Clause: Limit one of each Pok\u00e9mon\n|rule|Item Clause: Limit one of each item\n|clearpoke\n|poke|p1|Dondozo, L50, M|\n|poke|p1|Tatsugiri, L50, M|\n|poke|p1|Kilowattrel, L50, M|\n|poke|p1|Garchomp, L50, F|\n|poke|p1|Orthworm, L50, M|\n|poke|p1|Meowscarada, L50, F|\n|poke|p2|Dragonite, L50, M|\n|poke|p2|Tyranitar, L50, M|\n|poke|p2|Arcanine, L50, M|\n|poke|p2|Gyarados, L50, M|\n|poke|p2|Amoonguss, L50, F|\n|poke|p2|Flutter Mane, L50|\n|teampreview|4\n|inactive|Battle timer is ON: inactive players will automatically lose when time's up. (requested by TheLog2)\n|\n|t:|1682010872\n|start\n|switch|p1a: Garchomp|Garchomp, L50, F|100\/100\n|switch|p1b: Kilowattrel|Kilowattrel, L50, M|100\/100\n|switch|p2a: Tyranitar|Tyranitar, L50, M|100\/100\n|switch|p2b: Arcanine|Arcanine, L50, M|100\/100\n|-ability|p2b: Arcanine|Intimidate|boost\n|-unboost|p1a: Garchomp|atk|1\n|-unboost|p1b: Kilowattrel|atk|1\n|-weather|Sandstorm|[from] ability: Sand Stream|[of] p2a: Tyranitar\n|turn|1\n|\n|t:|1682010888\n|-terastallize|p1a: Garchomp|Fire\n|move|p1b: Kilowattrel|Tailwind|p1b: Kilowattrel\n|-sidestart|p1: TheLog2|move: Tailwind\n|-start|p1b: Kilowattrel|Charge|Tailwind|[from] ability: Wind Power\n|move|p1a: Garchomp|Earthquake|p2b: Arcanine|[spread] p2a,p2b\n|-immune|p1b: Kilowattrel\n|-supereffective|p2a: Tyranitar\n|-supereffective|p2b: Arcanine\n|-damage|p2a: Tyranitar|42\/100\n|-damage|p2b: Arcanine|14\/100\n|move|p2b: Arcanine|Howl|p2b: Arcanine|[spread] p2a,p2b\n|-boost|p2a: Tyranitar|atk|1\n|-boost|p2b: Arcanine|atk|1\n|move|p2a: Tyranitar|Rock Slide|p1a: Garchomp|[spread] p1a,p1b\n|-supereffective|p1a: Garchomp\n|-supereffective|p1b: Kilowattrel\n|-damage|p1a: Garchomp|0 fnt\n|-damage|p1b: Kilowattrel|0 fnt\n|faint|p1a: Garchomp\n|faint|p1b: Kilowattrel\n|\n|-weather|Sandstorm|[upkeep]\n|upkeep\n|\n|t:|1682010906\n|switch|p1b: Orthworm|Orthworm, L50, M, shiny|100\/100\n|switch|p1a: Meowscarada|Meowscarada, L50, F|100\/100\n|turn|2\n|\n|t:|1682010915\n|switch|p2b: Gyarados|Gyarados, L50, M|100\/100\n|-ability|p2b: Gyarados|Intimidate|boost\n|-unboost|p1a: Meowscarada|atk|1\n|-unboost|p1b: Orthworm|atk|1\n|move|p2a: Tyranitar|Protect|p2a: Tyranitar\n|-singleturn|p2a: Tyranitar|Protect\n|move|p1a: Meowscarada|Sucker Punch||[still]\n|-fail|p1a: Meowscarada\n|move|p1b: Orthworm|Body Press|p2a: Tyranitar\n|-activate|p2a: Tyranitar|move: Protect\n|\n|-weather|Sandstorm|[upkeep]\n|-damage|p1a: Meowscarada|95\/100|[from] Sandstorm\n|-damage|p2b: Gyarados|94\/100|[from] Sandstorm\n|upkeep\n|turn|3\n|inactive|TheLog2 has 30 seconds left.\n|inactive|TheLog2 has 20 seconds left.\n|\n|t:|1682010951\n|switch|p2b: Arcanine|Arcanine, L50, M|14\/100\n|-ability|p2b: Arcanine|Intimidate|boost\n|-unboost|p1a: Meowscarada|atk|1\n|-unboost|p1b: Orthworm|atk|1\n|switch|p2a: Amoonguss|Amoonguss, L50, F|100\/100\n|move|p1a: Meowscarada|Flower Trick|p2b: Arcanine\n|-resisted|p2b: Arcanine\n|-crit|p2b: Arcanine\n|-damage|p2b: Arcanine|0 fnt\n|faint|p2b: Arcanine\n|move|p1b: Orthworm|Metal Burst||[still]\n|-fail|p1b: Orthworm\n|\n|-weather|Sandstorm|[upkeep]\n|-damage|p1a: Meowscarada|89\/100|[from] Sandstorm\n|-damage|p2a: Amoonguss|95\/100|[from] Sandstorm\n|upkeep\n|\n|t:|1682010961\n|switch|p2b: Gyarados|Gyarados, L50, M|94\/100\n|-ability|p2b: Gyarados|Intimidate|boost\n|-unboost|p1a: Meowscarada|atk|1\n|-unboost|p1b: Orthworm|atk|1\n|turn|4\n|\n|t:|1682010979\n|move|p1a: Meowscarada|Protect|p1a: Meowscarada\n|-singleturn|p1a: Meowscarada|Protect\n|move|p1b: Orthworm|Iron Defense|p1b: Orthworm\n|-boost|p1b: Orthworm|def|2\n|move|p2b: Gyarados|Dragon Dance|p2b: Gyarados\n|-boost|p2b: Gyarados|atk|1\n|-boost|p2b: Gyarados|spe|1\n|-enditem|p1b: Orthworm|Mirror Herb\n|-boost|p1b: Orthworm|atk|1|[from] item: Mirror Herb\n|-boost|p1b: Orthworm|spe|1|[from] item: Mirror Herb\n|move|p2a: Amoonguss|Pollen Puff|p1a: Meowscarada\n|-activate|p1a: Meowscarada|move: Protect\n|\n|-weather|Sandstorm|[upkeep]\n|-damage|p1a: Meowscarada|83\/100|[from] Sandstorm\n|-damage|p2b: Gyarados|88\/100|[from] Sandstorm\n|-damage|p2a: Amoonguss|89\/100|[from] Sandstorm\n|-sideend|p1: TheLog2|move: Tailwind\n|upkeep\n|turn|5\n|inactive|TheLog2 has 30 seconds left.\n|\n|t:|1682011009\n|move|p2b: Gyarados|Protect|p2b: Gyarados\n|-singleturn|p2b: Gyarados|Protect\n|move|p1a: Meowscarada|Sucker Punch||[still]\n|-fail|p1a: Meowscarada\n|move|p1b: Orthworm|Iron Defense|p1b: Orthworm\n|-boost|p1b: Orthworm|def|2\n|move|p2a: Amoonguss|Spore|p1b: Orthworm\n|-status|p1b: Orthworm|slp|[from] move: Spore\n|\n|-weather|none\n|upkeep\n|turn|6\n|\n|t:|1682011028\n|move|p2b: Gyarados|Waterfall|p1b: Orthworm\n|-damage|p1b: Orthworm|86\/100 slp\n|move|p1a: Meowscarada|U-turn|p2a: Amoonguss\n|-damage|p2a: Amoonguss|81\/100\n|cant|p1b: Orthworm|slp\n|move|p2a: Amoonguss|Pollen Puff|p1a: Meowscarada\n|-supereffective|p1a: Meowscarada\n|-damage|p1a: Meowscarada|0 fnt\n|faint|p1a: Meowscarada\n|\n|upkeep\n|turn|7\n|\n|t:|1682011041\n|move|p2b: Gyarados|Dragon Dance|p2b: Gyarados\n|-boost|p2b: Gyarados|atk|1\n|-boost|p2b: Gyarados|spe|1\n|cant|p1b: Orthworm|slp\n|move|p2a: Amoonguss|Pollen Puff|p1b: Orthworm\n|-resisted|p1b: Orthworm\n|-damage|p1b: Orthworm|77\/100 slp\n|\n|upkeep\n|turn|8\n|\n|t:|1682011049\n|move|p2b: Gyarados|Dragon Dance|p2b: Gyarados\n|-boost|p2b: Gyarados|atk|1\n|-boost|p2b: Gyarados|spe|1\n|cant|p1b: Orthworm|slp\n|move|p2a: Amoonguss|Spore|p1b: Orthworm\n|-fail|p1b: Orthworm|slp\n|\n|upkeep\n|turn|9\n|\n|t:|1682011060\n|move|p2b: Gyarados|Dragon Dance|p2b: Gyarados\n|-boost|p2b: Gyarados|atk|1\n|-boost|p2b: Gyarados|spe|1\n|-curestatus|p1b: Orthworm|slp|[msg]\n|move|p1b: Orthworm|Body Press|p2a: Amoonguss\n|-resisted|p2a: Amoonguss\n|-damage|p2a: Amoonguss|47\/100\n|-enditem|p2a: Amoonguss|Sitrus Berry|[eat]\n|-heal|p2a: Amoonguss|72\/100|[from] item: Sitrus Berry\n|move|p2a: Amoonguss|Spore|p1b: Orthworm\n|-status|p1b: Orthworm|slp|[from] move: Spore\n|\n|upkeep\n|turn|10\n|c|\u2606TheLog2|just win broo\n|\n|t:|1682011085\n|move|p2b: Gyarados|Waterfall|p1b: Orthworm\n|-damage|p1b: Orthworm|51\/100 slp\n|cant|p1b: Orthworm|slp\n|move|p2a: Amoonguss|Pollen Puff|p2b: Gyarados\n|-heal|p2b: Gyarados|100\/100\n|\n|upkeep\n|turn|11\n|\n|t:|1682011093\n|move|p2b: Gyarados|Waterfall|p1b: Orthworm\n|-damage|p1b: Orthworm|25\/100 slp\n|cant|p1b: Orthworm|slp\n|move|p2a: Amoonguss|Spore|p1b: Orthworm\n|-fail|p1b: Orthworm|slp\n|\n|upkeep\n|turn|12\n|\n|t:|1682011101\n|move|p2a: Amoonguss|Protect|p2a: Amoonguss\n|-singleturn|p2a: Amoonguss|Protect\n|move|p2b: Gyarados|Waterfall|p1b: Orthworm\n|-damage|p1b: Orthworm|0 fnt\n|faint|p1b: Orthworm\n|\n|win|StVero\n|raw|TheLog2's rating: 1135 → 1112<\/strong> (-23 for losing)\n|raw|StVero's rating: 1160 → 1183<\/strong> (+23 for winning)\n|l|\u2606TheLog2\n","uploadtime":1682011144,"views":8,"p1id":"thelog2","p2id":"stvero","formatid":"gen9vgc2023regulationc","rating":1112,"private":0,"password":""}