{"id":"gen9vgc2023regulationc-1861666876","p1":"ContessaZia","p2":"All Puff","format":"[Gen 9] VGC 2023 Regulation C","log":"|j|\u2606ContessaZia\n|j|\u2606All Puff\n|t:|1683791024\n|gametype|doubles\n|player|p1|ContessaZia|acetrainerf-gen4dp|\n|player|p2|All Puff|1|\n|teamsize|p1|6\n|teamsize|p2|6\n|gen|9\n|tier|[Gen 9] VGC 2023 Regulation C\n|rule|Species Clause: Limit one of each Pok\u00e9mon\n|rule|Item Clause: Limit one of each item\n|clearpoke\n|poke|p1|Torkoal, L50, M|\n|poke|p1|Revavroom, L50, M|\n|poke|p1|Great Tusk, L50|\n|poke|p1|Walking Wake, L50|\n|poke|p1|Murkrow, L50, F|\n|poke|p1|Jumpluff, L50, M|\n|poke|p2|Flutter Mane, L50|\n|poke|p2|Scream Tail, L50|\n|poke|p2|Gothitelle, L50, M|\n|poke|p2|Arcanine, L50, M|\n|poke|p2|Ting-Lu, L50|\n|poke|p2|Fletchling, L50, M|\n|teampreview|4\nContessaZia has agreed to open team sheets.\nAll Puff has agreed to open team sheets.\n|j| Mlemcorice\n|\n|t:|1683791062\n|start\n|switch|p1a: Homura|Revavroom, L50, M|100\/100\n|switch|p1b: Kyouko|Great Tusk, L50|100\/100\n|switch|p2a: Beth|Ting-Lu, L50|100\/100\n|switch|p2b: Don't leave me|Gothitelle, L50, M|100\/100\n|-ability|p2a: Beth|Vessel of Ruin\n|turn|1\n|\n|t:|1683791112\n|-terastallize|p1b: Kyouko|Ghost\n|move|p2b: Don't leave me|Fake Out|p1b: Kyouko\n|-immune|p1b: Kyouko\n|move|p1b: Kyouko|Close Combat|p2a: Beth\n|-supereffective|p2a: Beth\n|-damage|p2a: Beth|17\/100\n|-unboost|p1b: Kyouko|def|1\n|-unboost|p1b: Kyouko|spd|1\n|move|p1a: Homura|Parting Shot|p2a: Beth\n|-unboost|p2a: Beth|atk|1\n|-unboost|p2a: Beth|spa|1\n|\n|t:|1683791130\n|switch|p1a: Sayaka|Walking Wake, L50|100\/100|[from] Parting Shot\n|move|p2a: Beth|Fissure|p1b: Kyouko|[miss]\n|-miss|p2a: Beth|p1b: Kyouko\n|\n|upkeep\n|turn|2\n|\n|t:|1683791159\n|-end|p1b: Kyouko|Protosynthesis|[silent]\n|switch|p1b: Madoka|Murkrow, L50, F, shiny|100\/100\n|move|p1a: Sayaka|Hydro Steam|p2a: Beth\n|-supereffective|p2a: Beth\n|-damage|p2a: Beth|0 fnt\n|faint|p2a: Beth\n|move|p2b: Don't leave me|Thunderbolt|p1a: Sayaka\n|-damage|p1a: Sayaka|84\/100\n|\n|upkeep\n|\n|t:|1683791168\n|switch|p2a: Guddy|Scream Tail, L50|100\/100\n|-enditem|p2a: Guddy|Booster Energy\n|-activate|p2a: Guddy|ability: Protosynthesis|[fromitem]\n|-start|p2a: Guddy|protosynthesisspe\n|turn|3\n|\n|t:|1683791213\n|move|p2b: Don't leave me|Protect|p2b: Don't leave me\n|-singleturn|p2b: Don't leave me|Protect\n|move|p1b: Madoka|Taunt|p2a: Guddy\n|-start|p2a: Guddy|move: Taunt\n|cant|p2a: Guddy|move: Taunt|Perish Song\n|move|p1a: Sayaka|Hydro Steam|p2a: Guddy\n|-damage|p2a: Guddy|68\/100\n|\n|upkeep\n|turn|4\n|\n|t:|1683791233\n|-end|p2a: Guddy|Protosynthesis|[silent]\n|switch|p2a: Detthy|Fletchling, L50, M|100\/100\n|move|p2b: Don't leave me|Protect|p2b: Don't leave me\n|-singleturn|p2b: Don't leave me|Protect\n|move|p1b: Madoka|Sunny Day|p1b: Madoka\n|-weather|SunnyDay\n|-activate|p1a: Sayaka|ability: Protosynthesis\n|-start|p1a: Sayaka|protosynthesisspa\n|move|p1a: Sayaka|Hydro Steam|p2a: Detthy\n|-damage|p2a: Detthy|0 fnt\n|faint|p2a: Detthy\n|\n|-weather|SunnyDay|[upkeep]\n|upkeep\n|\n|t:|1683791271\n|switch|p2a: Guddy|Scream Tail, L50|68\/100\n|-activate|p2a: Guddy|ability: Protosynthesis\n|-start|p2a: Guddy|protosynthesisspe\n|turn|5\n|\n|t:|1683791304\n|move|p1b: Madoka|Taunt|p2a: Guddy\n|-start|p2a: Guddy|move: Taunt\n|move|p2a: Guddy|Fire Punch|p1b: Madoka\n|-damage|p1b: Madoka|78\/100\n|move|p1a: Sayaka|Hydro Steam|p2a: Guddy\n|-damage|p2a: Guddy|12\/100\n|move|p2b: Don't leave me|Thunderbolt|p1b: Madoka\n|-supereffective|p1b: Madoka\n|-damage|p1b: Madoka|39\/100\n|\n|-weather|SunnyDay|[upkeep]\n|upkeep\n|turn|6\n|\n|t:|1683791323\n|move|p1b: Madoka|Tailwind|p1b: Madoka\n|-sidestart|p1: ContessaZia|move: Tailwind\n|move|p1a: Sayaka|Hydro Steam|p2a: Guddy\n|-damage|p2a: Guddy|0 fnt\n|faint|p2a: Guddy\n|-end|p2a: Guddy|Protosynthesis|[silent]\n|move|p2b: Don't leave me|Thunderbolt|p1b: Madoka\n|-supereffective|p1b: Madoka\n|-damage|p1b: Madoka|3\/100\n|-status|p1b: Madoka|par\n|\n|-weather|SunnyDay|[upkeep]\n|upkeep\n|turn|7\n|\n|t:|1683791339\n|move|p1a: Sayaka|Hydro Steam|p2b: Don't leave me\n|-damage|p2b: Don't leave me|33\/100\n|-enditem|p2b: Don't leave me|Sitrus Berry|[eat]\n|-heal|p2b: Don't leave me|58\/100|[from] item: Sitrus Berry\n|cant|p1b: Madoka|par\n|move|p2b: Don't leave me|Thunderbolt|p1b: Madoka\n|-supereffective|p1b: Madoka\n|-damage|p1b: Madoka|0 fnt\n|faint|p1b: Madoka\n|\n|-weather|SunnyDay|[upkeep]\n|upkeep\n|\n|t:|1683791352\n|switch|p1b: Kyouko|Great Tusk, L50, tera:Ghost|100\/100\n|-activate|p1b: Kyouko|ability: Protosynthesis\n|-start|p1b: Kyouko|protosynthesisatk\n|turn|8\n|\n|t:|1683791361\n|move|p1b: Kyouko|Headlong Rush|p2b: Don't leave me\n|-damage|p2b: Don't leave me|0 fnt\n|-unboost|p1b: Kyouko|def|1\n|-unboost|p1b: Kyouko|spd|1\n|faint|p2b: Don't leave me\n|\n|win|ContessaZia\n","uploadtime":1683791368,"views":13,"p1id":"contessazia","p2id":"allpuff","formatid":"gen9vgc2023regulationc","rating":0,"private":0,"password":""}