{"id":"gen9vgc2023regulationc-1855899649","p1":"Funnyman Krebs","p2":"FeelTheIce05","format":"[Gen 9] VGC 2023 Regulation C","log":"|j|\u2606Funnyman Krebs\n|j|\u2606FeelTheIce05\n|t:|1682997868\n|gametype|doubles\n|player|p1|Funnyman Krebs|wallace|1455\n|player|p2|FeelTheIce05|1|1436\n|teamsize|p1|6\n|teamsize|p2|6\n|gen|9\n|tier|[Gen 9] VGC 2023 Regulation C\n|rated|\n|rule|Species Clause: Limit one of each Pok\u00e9mon\n|rule|Item Clause: Limit one of each item\n|clearpoke\n|poke|p1|Glimmora, L50, M|\n|poke|p1|Iron Bundle, L50|\n|poke|p1|Chi-Yu, L50|\n|poke|p1|Dragonite, L50, M|\n|poke|p1|Tatsugiri-Stretchy, L50, M|\n|poke|p1|Dondozo, L50, F|\n|poke|p2|Dondozo, L50, F|\n|poke|p2|Tatsugiri, L50, M|\n|poke|p2|Rotom-Heat, L50|\n|poke|p2|Flutter Mane, L50|\n|poke|p2|Kingambit, L50, M|\n|poke|p2|Garchomp, L50, M|\n|teampreview|4\n|inactive|Battle timer is ON: inactive players will automatically lose when time's up. (requested by FeelTheIce05)\nFunnyman Krebs has agreed to open team sheets.\n|inactive|Funnyman Krebs has 60 seconds left.\n|\n|t:|1682997909\n|start\n|switch|p1a: Iron Santa|Iron Bundle, L50, shiny|100\/100\n|switch|p1b: Wheeeee!|Glimmora, L50, M, shiny|100\/100\n|switch|p2a: Rotom|Rotom-Heat, L50, shiny|100\/100\n|switch|p2b: Garchomp|Garchomp, L50, M|100\/100\n|-enditem|p1a: Iron Santa|Booster Energy\n|-activate|p1a: Iron Santa|ability: Quark Drive|[fromitem]\n|-start|p1a: Iron Santa|quarkdrivespe\n|turn|1\n|\n|t:|1682997927\n|-terastallize|p1b: Wheeeee!|Grass\n|move|p2b: Garchomp|Protect|p2b: Garchomp\n|-singleturn|p2b: Garchomp|Protect\n|move|p1a: Iron Santa|Hydro Pump|p2a: Rotom\n|-supereffective|p2a: Rotom\n|-crit|p2a: Rotom\n|-enditem|p2a: Rotom|Passho Berry|[eat]\n|-enditem|p2a: Rotom|Passho Berry|[weaken]\n|-damage|p2a: Rotom|15\/100\n|move|p1b: Wheeeee!|Mortal Spin|p2a: Rotom|[spread] p2a\n|-activate|p2b: Garchomp|move: Protect\n|-crit|p2a: Rotom\n|-damage|p2a: Rotom|7\/100\n|-status|p2a: Rotom|psn\n|move|p2a: Rotom|Thunderbolt|p1a: Iron Santa\n|-supereffective|p1a: Iron Santa\n|-damage|p1a: Iron Santa|0 fnt\n|faint|p1a: Iron Santa\n|-end|p1a: Iron Santa|Quark Drive|[silent]\n|\n|-damage|p2a: Rotom|0 fnt|[from] psn\n|faint|p2a: Rotom\n|upkeep\n|\n|t:|1682997947\n|switch|p1a: Large Marge|Dondozo, L50, F|100\/100\n|switch|p2a: Flutter Mane|Flutter Mane, L50, shiny|100\/100\n|turn|2\n|\n|t:|1682997968\n|move|p2a: Flutter Mane|Protect|p2a: Flutter Mane\n|-singleturn|p2a: Flutter Mane|Protect\n|move|p1a: Large Marge|Protect|p1a: Large Marge\n|-singleturn|p1a: Large Marge|Protect\n|move|p2b: Garchomp|Earthquake|p1b: Wheeeee!|[spread] p1b\n|-activate|p2a: Flutter Mane|move: Protect\n|-activate|p1a: Large Marge|move: Protect\n|-resisted|p1b: Wheeeee!\n|-damage|p1b: Wheeeee!|80\/100\n|-activate|p1b: Wheeeee!|ability: Toxic Debris\n|-sidestart|p2: FeelTheIce05|move: Toxic Spikes\n|move|p1b: Wheeeee!|Mortal Spin|p2b: Garchomp|[spread] p2b\n|-activate|p2a: Flutter Mane|move: Protect\n|-resisted|p2b: Garchomp\n|-damage|p2b: Garchomp|99\/100\n|-damage|p1b: Wheeeee!|68\/100|[from] ability: Rough Skin|[of] p2b: Garchomp\n|\n|upkeep\n|turn|3\n|inactive|Funnyman Krebs has 30 seconds left.\n|inactive|Funnyman Krebs has 20 seconds left.\n|inactive|Funnyman Krebs has 15 seconds left.\n|inactive|Funnyman Krebs has 10 seconds left.\n|\n|t:|1682998017\n|switch|p1b: Pee Wee|Tatsugiri-Stretchy, L50, M|100\/100\n|-activate|p1b: Pee Wee|ability: Commander|[of] p1a: Large Marge\n|-boost|p1a: Large Marge|atk|2\n|-boost|p1a: Large Marge|spa|2\n|-boost|p1a: Large Marge|spe|2\n|-boost|p1a: Large Marge|def|2\n|-boost|p1a: Large Marge|spd|2\n|-terastallize|p2a: Flutter Mane|Fairy\n|move|p2a: Flutter Mane|Moonblast|p1a: Large Marge\n|-damage|p1a: Large Marge|59\/100\n|-unboost|p1a: Large Marge|spa|1\n|-damage|p2a: Flutter Mane|91\/100|[from] item: Life Orb\n|move|p1a: Large Marge|Wave Crash|p2a: Flutter Mane\n|-damage|p2a: Flutter Mane|0 fnt\n|faint|p2a: Flutter Mane\n|-end|p2a: Flutter Mane|Protosynthesis|[silent]\n|-damage|p1a: Large Marge|39\/100|[from] Recoil\n|move|p2b: Garchomp|Earthquake|p1b: Pee Wee|[spread] p1a\n|-miss|p2b: Garchomp|p1b: Pee Wee\n|-damage|p1a: Large Marge|24\/100\n|\n|-heal|p1a: Large Marge|31\/100|[from] item: Leftovers\n|upkeep\n|\n|t:|1682998031\n|switch|p2a: Kingambit|Kingambit, L50, M, shiny|100\/100\n|turn|4\n|c|\u2606Funnyman Krebs|Did I miss something?\n|inactive|Funnyman Krebs has 30 seconds left.\n|c|\u2606FeelTheIce05|what\n|c|\u2606Funnyman Krebs|Why isn't chomp poisoned?\n|\n|t:|1682998065\n|move|p1a: Large Marge|Protect|p1a: Large Marge\n|-singleturn|p1a: Large Marge|Protect\n|move|p2a: Kingambit|Sucker Punch||[still]\n|-fail|p2a: Kingambit\n|move|p2b: Garchomp|Rock Slide|p1b: Pee Wee|[spread] \n|-miss|p2b: Garchomp|p1b: Pee Wee\n|-activate|p1a: Large Marge|move: Protect\n|\n|-heal|p1a: Large Marge|37\/100|[from] item: Leftovers\n|upkeep\n|turn|5\n|c|\u2606FeelTheIce05|covert cloak\n|\n|t:|1682998081\n|move|p2a: Kingambit|Sucker Punch|p1a: Large Marge\n|-damage|p1a: Large Marge|22\/100\n|move|p1a: Large Marge|Earthquake|p2a: Kingambit|[spread] p2a,p2b\n|-miss|p1a: Large Marge|p1b: Pee Wee\n|-supereffective|p2a: Kingambit\n|-damage|p2a: Kingambit|33\/100\n|-damage|p2b: Garchomp|65\/100\n|move|p2b: Garchomp|Rock Slide|p1a: Large Marge|[spread] p1a\n|-miss|p2b: Garchomp|p1b: Pee Wee\n|-damage|p1a: Large Marge|15\/100\n|\n|-heal|p1a: Large Marge|21\/100|[from] item: Leftovers\n|upkeep\n|turn|6\n|c|\u2606Funnyman Krebs|Oh shit\n|c|\u2606Funnyman Krebs|I learned something new today\n|\n|t:|1682998097\n|move|p1a: Large Marge|Protect|p1a: Large Marge\n|-singleturn|p1a: Large Marge|Protect\n|move|p2b: Garchomp|Rock Slide|p1b: Pee Wee|[spread] \n|-miss|p2b: Garchomp|p1b: Pee Wee\n|-activate|p1a: Large Marge|move: Protect\n|move|p2a: Kingambit|Kowtow Cleave|p1a: Large Marge\n|-activate|p1a: Large Marge|move: Protect\n|\n|-heal|p1a: Large Marge|27\/100|[from] item: Leftovers\n|upkeep\n|turn|7\n|\n|t:|1682998108\n|move|p2a: Kingambit|Sucker Punch|p1a: Large Marge\n|-damage|p1a: Large Marge|14\/100\n|move|p1a: Large Marge|Wave Crash|p2b: Garchomp\n|-damage|p2b: Garchomp|0 fnt\n|-damage|p1a: Large Marge|1\/100|[from] ability: Rough Skin|[of] p2b: Garchomp\n|faint|p2b: Garchomp\n|-damage|p1a: Large Marge|0 fnt|[from] Recoil\n|faint|p1a: Large Marge\n|\n|upkeep\n|\n|t:|1682998112\n|switch|p1a: Wheeeee!|Glimmora, L50, M, shiny, tera:Grass|68\/100\n|turn|8\n|c|\u2606Funnyman Krebs|gg's\n|\n|t:|1682998124\n|move|p2a: Kingambit|Sucker Punch|p1b: Pee Wee\n|-damage|p1b: Pee Wee|27\/100\n|move|p1b: Pee Wee|Muddy Water|p2a: Kingambit|[miss]\n|-miss|p1b: Pee Wee|p2a: Kingambit\n|move|p1a: Wheeeee!|Earth Power|p2a: Kingambit\n|-supereffective|p2a: Kingambit\n|-damage|p2a: Kingambit|0 fnt\n|faint|p2a: Kingambit\n|\n|win|Funnyman Krebs\n|raw|Funnyman Krebs's rating: 1455 → 1474<\/strong> (+19 for winning)\n|raw|FeelTheIce05's rating: 1436 → 1417<\/strong> (-19 for losing)\n|c|\u2606FeelTheIce05|gg\n|l|\u2606FeelTheIce05\n","uploadtime":1682998136,"views":10,"p1id":"funnymankrebs","p2id":"feeltheice05","formatid":"gen9vgc2023regulationc","rating":1417,"private":0,"password":""}