{"id":"gen9vgc2023regulationc-1845060686","p1":"AbbebbeBongo","p2":"Janniw","format":"[Gen 9] VGC 2023 Regulation C","log":"|j|\u2606AbbebbeBongo\n|j|\u2606Janniw\n|t:|1681679058\n|gametype|doubles\n|player|p1|AbbebbeBongo|266|1103\n|player|p2|Janniw|morty|1077\n|teamsize|p1|6\n|teamsize|p2|4\n|gen|9\n|tier|[Gen 9] VGC 2023 Regulation C\n|rated|\n|rule|Species Clause: Limit one of each Pok\u00e9mon\n|rule|Item Clause: Limit one of each item\n|clearpoke\n|poke|p1|Amoonguss, L50, M|\n|poke|p1|Flutter Mane, L50|\n|poke|p1|Ting-Lu, L50|\n|poke|p1|Palafin, L50, M|\n|poke|p1|Arcanine, L50, F|\n|poke|p1|Corviknight, L50, M|\n|poke|p2|Pelipper, L50, F|\n|poke|p2|Barraskewda, L50, M|\n|poke|p2|Dondozo, L50, M|\n|poke|p2|Tatsugiri, L50, M|\n|teampreview|4\n|\n|t:|1681679077\n|start\n|switch|p1a: Corviknight|Corviknight, L50, M|100\/100\n|switch|p1b: Amoonguss|Amoonguss, L50, M|100\/100\n|switch|p2a: Dondozo|Dondozo, L50, M|100\/100\n|switch|p2b: Tatsugiri|Tatsugiri, L50, M|100\/100\n|-activate|p2b: Tatsugiri|ability: Commander|[of] p2a: Dondozo\n|-boost|p2a: Dondozo|atk|2\n|-boost|p2a: Dondozo|spa|2\n|-boost|p2a: Dondozo|spe|2\n|-boost|p2a: Dondozo|def|2\n|-boost|p2a: Dondozo|spd|2\n|turn|1\n|\n|t:|1681679092\n|move|p2a: Dondozo|Wave Crash|p1a: Corviknight\n|-damage|p1a: Corviknight|5\/100\n|-damage|p2a: Dondozo|76\/100|[from] Recoil\n|move|p1a: Corviknight|Tailwind|p1a: Corviknight\n|-sidestart|p1: AbbebbeBongo|move: Tailwind\n|move|p1b: Amoonguss|Clear Smog|p2a: Dondozo\n|-damage|p2a: Dondozo|71\/100\n|-clearboost|p2a: Dondozo\n|\n|-heal|p1a: Corviknight|11\/100|[from] item: Leftovers\n|upkeep\n|turn|2\n|\n|t:|1681679109\n|move|p1a: Corviknight|Brave Bird|p2a: Dondozo\n|-damage|p2a: Dondozo|39\/100\n|-damage|p1a: Corviknight|0 fnt|[from] Recoil\n|faint|p1a: Corviknight\n|move|p1b: Amoonguss|Spore|p2a: Dondozo\n|-status|p2a: Dondozo|slp|[from] move: Spore\n|cant|p2a: Dondozo|slp\n|\n|upkeep\n|\n|t:|1681679125\n|switch|p1a: Ting-Lu|Ting-Lu, L50|100\/100\n|-ability|p1a: Ting-Lu|Vessel of Ruin\n|turn|3\n|\n|t:|1681679136\n|move|p1a: Ting-Lu|Stomping Tantrum|p2a: Dondozo\n|-damage|p2a: Dondozo|21\/100 slp\n|move|p1b: Amoonguss|Pollen Puff|p2a: Dondozo\n|-damage|p2a: Dondozo|12\/100 slp\n|cant|p2a: Dondozo|slp\n|\n|upkeep\n|turn|4\n|\n|t:|1681679153\n|move|p1a: Ting-Lu|Stomping Tantrum|p2a: Dondozo\n|-damage|p2a: Dondozo|0 fnt\n|faint|p2a: Dondozo\n|move|p1b: Amoonguss|Spore|p2b: Tatsugiri\n|-status|p2b: Tatsugiri|slp|[from] move: Spore\n|\n|-sideend|p1: AbbebbeBongo|move: Tailwind\n|upkeep\n|\n|t:|1681679163\n|switch|p2a: Pelipper|Pelipper, L50, F|100\/100\n|-weather|RainDance|[from] ability: Drizzle|[of] p2a: Pelipper\n|turn|5\n|\n|t:|1681679174\n|switch|p2b: Barraskewda|Barraskewda, L50, M|100\/100\n|move|p2a: Pelipper|Hurricane|p1b: Amoonguss\n|-supereffective|p1b: Amoonguss\n|-damage|p1b: Amoonguss|56\/100\n|-start|p1b: Amoonguss|confusion\n|move|p1a: Ting-Lu|Ruination|p2a: Pelipper\n|-damage|p2a: Pelipper|51\/100\n|-activate|p1b: Amoonguss|confusion\n|-damage|p1b: Amoonguss|50\/100|[from] confusion\n|\n|-weather|RainDance|[upkeep]\n|-heal|p2a: Pelipper|57\/100|[from] item: Leftovers\n|upkeep\n|turn|6\n|\n|t:|1681679215\n|-terastallize|p1a: Ting-Lu|Poison\n|move|p2b: Barraskewda|Waterfall|p1a: Ting-Lu\n|-damage|p1a: Ting-Lu|40\/100\n|move|p2a: Pelipper|Tailwind|p2a: Pelipper\n|-sidestart|p2: Janniw|move: Tailwind\n|cant|p1a: Ting-Lu|flinch\n|-activate|p1b: Amoonguss|confusion\n|move|p1b: Amoonguss|Spore|p2b: Barraskewda\n|-status|p2b: Barraskewda|slp|[from] move: Spore\n|\n|-weather|RainDance|[upkeep]\n|-heal|p2a: Pelipper|63\/100|[from] item: Leftovers\n|upkeep\n|turn|7\n|\n|t:|1681679233\n|switch|p2b: Tatsugiri|Tatsugiri, L50, M|100\/100 slp\n|move|p2a: Pelipper|Hurricane|p1a: Ting-Lu\n|-damage|p1a: Ting-Lu|28\/100\n|move|p1a: Ting-Lu|Ruination|p2b: Tatsugiri\n|-damage|p2b: Tatsugiri|51\/100 slp\n|-activate|p1b: Amoonguss|confusion\n|-damage|p1b: Amoonguss|44\/100|[from] confusion\n|\n|-weather|RainDance|[upkeep]\n|-heal|p2a: Pelipper|69\/100|[from] item: Leftovers\n|upkeep\n|turn|8\n|\n|t:|1681679252\n|cant|p2b: Tatsugiri|slp\n|move|p2a: Pelipper|Hurricane|p1b: Amoonguss\n|-supereffective|p1b: Amoonguss\n|-damage|p1b: Amoonguss|0 fnt\n|faint|p1b: Amoonguss\n|move|p1a: Ting-Lu|Fissure|p2b: Tatsugiri\n|-damage|p2b: Tatsugiri|0 fnt\n|faint|p2b: Tatsugiri\n|-ohko\n|\n|-weather|RainDance|[upkeep]\n|-heal|p2a: Pelipper|75\/100|[from] item: Leftovers\n|upkeep\n|\n|t:|1681679263\n|switch|p2b: Barraskewda|Barraskewda, L50, M|100\/100 slp\n|switch|p1b: Arcanine|Arcanine, L50, F|100\/100\n|-ability|p1b: Arcanine|Intimidate|boost\n|-unboost|p2a: Pelipper|atk|1\n|-unboost|p2b: Barraskewda|atk|1\n|turn|9\n|\n|t:|1681679280\n|-terastallize|p2b: Barraskewda|Water\n|cant|p2b: Barraskewda|slp\n|move|p2a: Pelipper|Hurricane|p1b: Arcanine\n|-damage|p1b: Arcanine|71\/100\n|move|p1b: Arcanine|Will-O-Wisp|p2a: Pelipper\n|-status|p2a: Pelipper|brn\n|move|p1a: Ting-Lu|Fissure|p2b: Barraskewda|[miss]\n|-miss|p1a: Ting-Lu|p2b: Barraskewda\n|\n|-weather|none\n|-heal|p2a: Pelipper|81\/100 brn|[from] item: Leftovers\n|-damage|p2a: Pelipper|75\/100 brn|[from] brn\n|-sideend|p2: Janniw|move: Tailwind\n|upkeep\n|turn|10\n|\n|t:|1681679300\n|cant|p2b: Barraskewda|slp\n|move|p1b: Arcanine|Tera Blast|p2a: Pelipper\n|-damage|p2a: Pelipper|57\/100 brn\n|move|p2a: Pelipper|Hurricane|p1b: Arcanine\n|-damage|p1b: Arcanine|40\/100\n|move|p1a: Ting-Lu|Stomping Tantrum|p2b: Barraskewda\n|-damage|p2b: Barraskewda|0 fnt\n|faint|p2b: Barraskewda\n|\n|-heal|p2a: Pelipper|63\/100 brn|[from] item: Leftovers\n|-damage|p2a: Pelipper|57\/100 brn|[from] brn\n|upkeep\n|turn|11\n|n|!Janniw|janniw\n|inactive|Battle timer is ON: inactive players will automatically lose when time's up. (requested by AbbebbeBongo)\n|inactive|Janniw has 60 seconds left.\n|inactive|Janniw has 30 seconds left.\n|\n|t:|1681679427\n|move|p1b: Arcanine|Close Combat|p2a: Pelipper\n|-resisted|p2a: Pelipper\n|-damage|p2a: Pelipper|42\/100 brn\n|-unboost|p1b: Arcanine|def|1\n|-unboost|p1b: Arcanine|spd|1\n|move|p2a: Pelipper|Hurricane|p1a: Ting-Lu\n|-damage|p1a: Ting-Lu|16\/100\n|move|p1a: Ting-Lu|Ruination|p2a: Pelipper\n|-damage|p2a: Pelipper|21\/100 brn\n|\n|-heal|p2a: Pelipper|27\/100 brn|[from] item: Leftovers\n|-damage|p2a: Pelipper|21\/100 brn|[from] brn\n|upkeep\n|turn|12\n|\n|t:|1681679447\n|move|p1b: Arcanine|Flare Blitz|p2a: Pelipper\n|-resisted|p2a: Pelipper\n|-damage|p2a: Pelipper|0 fnt\n|faint|p2a: Pelipper\n|-damage|p1b: Arcanine|34\/100|[from] Recoil\n|\n|win|AbbebbeBongo\n|raw|AbbebbeBongo's rating: 1103 → 1126<\/strong> (+23 for winning)\n|raw|Janniw's rating: 1077 → 1057<\/strong> (-20 for losing)\n","uploadtime":1681679324,"views":8,"p1id":"abbebbebongo","p2id":"janniw","formatid":"gen9vgc2023regulationc","rating":1057,"private":0,"password":""}