{"id":"gen9vgc2023regulationc-1845698507","p1":"Cyanidexx","p2":"muddyswamppert","format":"[Gen 9] VGC 2023 Regulation C","log":"|j|\u2606Cyanidexx\n|j|\u2606muddyswamppert\n|t:|1681756540\n|gametype|doubles\n|player|p1|Cyanidexx|170|\n|player|p2|muddyswamppert|cynthia-gen4|\n|teamsize|p1|6\n|teamsize|p2|6\n|gen|9\n|tier|[Gen 9] VGC 2023 Regulation C\n|rule|Species Clause: Limit one of each Pok\u00e9mon\n|rule|Item Clause: Limit one of each item\n|clearpoke\n|poke|p1|Chi-Yu, L50|\n|poke|p1|Arcanine, L50, M|\n|poke|p1|Amoonguss, L50, M|\n|poke|p1|Sableye, L50, M|\n|poke|p1|Palafin, L50, M|\n|poke|p1|Flutter Mane, L50|\n|poke|p2|Gholdengo, L50|\n|poke|p2|Dragonite, L50, F|\n|poke|p2|Arcanine, L50, M|\n|poke|p2|Amoonguss, L50, M|\n|poke|p2|Chi-Yu, L50|\n|poke|p2|Flutter Mane, L50|\n|teampreview|4\n|inactive|Battle timer is ON: inactive players will automatically lose when time's up. (requested by muddyswamppert)\n|c|\u2606muddyswamppert|glhf\nCyanidexx has agreed to open team sheets.\nmuddyswamppert has agreed to open team sheets.\n|c|\u2606Cyanidexx|glhf\n|inactive|Cyanidexx has 60 seconds left.\n|inactive|muddyswamppert has 60 seconds left.\n|\n|t:|1681756592\n|start\n|switch|p1a: Chi-Yu|Chi-Yu, L50|100\/100\n|switch|p1b: Sableye|Sableye, L50, M|100\/100\n|switch|p2a: Gholdengo|Gholdengo, L50|100\/100\n|switch|p2b: Amoonguss|Amoonguss, L50, M|100\/100\n|-ability|p1a: Chi-Yu|Beads of Ruin\n|turn|1\n|\n|t:|1681756607\n|switch|p1a: Arcanine|Arcanine, L50, M|100\/100\n|-ability|p1a: Arcanine|Intimidate|boost\n|-unboost|p2a: Gholdengo|atk|1\n|-unboost|p2b: Amoonguss|atk|1\n|-terastallize|p2b: Amoonguss|Fire\n|move|p2a: Gholdengo|Protect|p2a: Gholdengo\n|-singleturn|p2a: Gholdengo|Protect\n|move|p1b: Sableye|Light Screen|p1b: Sableye\n|-sidestart|p1: Cyanidexx|move: Light Screen\n|move|p2b: Amoonguss|Spore|p1a: Arcanine\n|-activate|p1a: Arcanine|item: Safety Goggles|Spore\n|\n|upkeep\n|turn|2\n|inactive|Cyanidexx has 30 seconds left.\n|inactive|Cyanidexx has 20 seconds left.\n|\n|t:|1681756643\n|switch|p2a: Dragonite|Dragonite, L50, F|100\/100\n|move|p1b: Sableye|Reflect|p1b: Sableye\n|-sidestart|p1: Cyanidexx|Reflect\n|move|p1a: Arcanine|Flare Blitz|p2a: Dragonite\n|-resisted|p2a: Dragonite\n|-damage|p2a: Dragonite|89\/100\n|-damage|p1a: Arcanine|97\/100|[from] Recoil\n|move|p2b: Amoonguss|Spore|p1b: Sableye\n|-status|p1b: Sableye|slp|[from] move: Spore\n|\n|upkeep\n|turn|3\n|inactive|Cyanidexx has 30 seconds left.\n|\n|t:|1681756672\n|move|p2b: Amoonguss|Rage Powder|p2b: Amoonguss\n|-singleturn|p2b: Amoonguss|move: Rage Powder\n|move|p1a: Arcanine|Will-O-Wisp|p2a: Dragonite\n|-status|p2a: Dragonite|brn\n|-enditem|p2a: Dragonite|Lum Berry|[eat]\n|-curestatus|p2a: Dragonite|brn|[msg]\n|move|p2a: Dragonite|Tailwind|p2a: Dragonite\n|-sidestart|p2: muddyswamppert|move: Tailwind\n|cant|p1b: Sableye|slp\n|\n|upkeep\n|turn|4\n|inactive|muddyswamppert has 30 seconds left.\n|inactive|Cyanidexx has 30 seconds left.\n|\n|t:|1681756704\n|switch|p2b: Chi-Yu|Chi-Yu, L50|100\/100\n|-ability|p2b: Chi-Yu|Beads of Ruin\n|move|p2a: Dragonite|Extreme Speed|p1a: Arcanine\n|-damage|p1a: Arcanine|76\/100\n|move|p1a: Arcanine|Flare Blitz|p2a: Dragonite\n|-resisted|p2a: Dragonite\n|-damage|p2a: Dragonite|68\/100\n|-damage|p1a: Arcanine|69\/100|[from] Recoil\n|cant|p1b: Sableye|slp\n|\n|upkeep\n|turn|5\n|\n|t:|1681756722\n|move|p1a: Arcanine|Protect|p1a: Arcanine\n|-singleturn|p1a: Arcanine|Protect\n|move|p2a: Dragonite|Extreme Speed|p1a: Arcanine\n|-activate|p1a: Arcanine|move: Protect\n|move|p2b: Chi-Yu|Heat Wave|p1b: Sableye|[spread] p1b\n|-activate|p1a: Arcanine|move: Protect\n|-damage|p1b: Sableye|34\/100 slp\n|cant|p1b: Sableye|slp\n|\n|upkeep\n|turn|6\n|inactive|Cyanidexx has 30 seconds left.\n|\n|t:|1681756749\n|move|p2a: Dragonite|Extreme Speed|p1a: Arcanine\n|-damage|p1a: Arcanine|50\/100\n|move|p2b: Chi-Yu|Heat Wave|p1a: Arcanine|[spread] p1a,p1b\n|-resisted|p1a: Arcanine\n|-damage|p1a: Arcanine|27\/100\n|-damage|p1b: Sableye|0 fnt\n|faint|p1b: Sableye\n|move|p1a: Arcanine|Will-O-Wisp|p2a: Dragonite\n|-status|p2a: Dragonite|brn\n|\n|-damage|p2a: Dragonite|62\/100 brn|[from] brn\n|-sideend|p2: muddyswamppert|move: Tailwind\n|upkeep\n|\n|t:|1681756766\n|switch|p1b: Chi-Yu|Chi-Yu, L50|100\/100\n|-ability|p1b: Chi-Yu|Beads of Ruin\n|turn|7\n|\n|t:|1681756784\n|-terastallize|p1b: Chi-Yu|Water\n|move|p1a: Arcanine|Protect|p1a: Arcanine\n|-singleturn|p1a: Arcanine|Protect\n|move|p2b: Chi-Yu|Heat Wave|p1b: Chi-Yu|[spread] p1b\n|-activate|p1a: Arcanine|move: Protect\n|-resisted|p1b: Chi-Yu\n|-crit|p1b: Chi-Yu\n|-damage|p1b: Chi-Yu|63\/100\n|move|p1b: Chi-Yu|Nasty Plot|p1b: Chi-Yu\n|-boost|p1b: Chi-Yu|spa|2\n|move|p2a: Dragonite|Tailwind|p2a: Dragonite\n|-sidestart|p2: muddyswamppert|move: Tailwind\n|\n|-heal|p1b: Chi-Yu|69\/100|[from] item: Leftovers\n|-damage|p2a: Dragonite|55\/100 brn|[from] brn\n|upkeep\n|turn|8\n|\n|t:|1681756804\n|switch|p1a: Flutter Mane|Flutter Mane, L50|100\/100\n|move|p1b: Chi-Yu|Protect|p1b: Chi-Yu\n|-singleturn|p1b: Chi-Yu|Protect\n|move|p2a: Dragonite|Extreme Speed|p1b: Chi-Yu\n|-activate|p1b: Chi-Yu|move: Protect\n|move|p2b: Chi-Yu|Heat Wave|p1a: Flutter Mane|[spread] p1a\n|-activate|p1b: Chi-Yu|move: Protect\n|-damage|p1a: Flutter Mane|54\/100\n|\n|-heal|p1b: Chi-Yu|75\/100|[from] item: Leftovers\n|-damage|p2a: Dragonite|49\/100 brn|[from] brn\n|-sideend|p1: Cyanidexx|move: Light Screen\n|upkeep\n|turn|9\n|inactive|muddyswamppert has 30 seconds left.\n|\n|t:|1681756835\n|-end|p1a: Flutter Mane|Protosynthesis|[silent]\n|switch|p1a: Arcanine|Arcanine, L50, M|27\/100\n|-ability|p1a: Arcanine|Intimidate|boost\n|-unboost|p2a: Dragonite|atk|1\n|-unboost|p2b: Chi-Yu|atk|1\n|move|p2b: Chi-Yu|Heat Wave|p1b: Chi-Yu|[spread] p1a,p1b\n|-resisted|p1a: Arcanine\n|-resisted|p1b: Chi-Yu\n|-damage|p1a: Arcanine|0 fnt\n|-damage|p1b: Chi-Yu|49\/100\n|faint|p1a: Arcanine\n|move|p2a: Dragonite|Ice Spinner|p1b: Chi-Yu\n|-resisted|p1b: Chi-Yu\n|-damage|p1b: Chi-Yu|45\/100\n|move|p1b: Chi-Yu|Dark Pulse|p2a: Dragonite\n|-damage|p2a: Dragonite|0 fnt\n|faint|p2a: Dragonite\n|\n|-heal|p1b: Chi-Yu|52\/100|[from] item: Leftovers\n|-sideend|p1: Cyanidexx|Reflect\n|upkeep\n|\n|t:|1681756849\n|switch|p1a: Flutter Mane|Flutter Mane, L50|54\/100\n|switch|p2a: Amoonguss|Amoonguss, L50, M, tera:Fire|100\/100\n|turn|10\n|inactive|muddyswamppert has 30 seconds left.\n|inactive|Cyanidexx has 30 seconds left.\n|inactive|muddyswamppert has 20 seconds left.\n|inactive|muddyswamppert has 15 seconds left.\n|inactive|muddyswamppert has 10 seconds left.\n|\n|t:|1681756894\n|move|p2a: Amoonguss|Rage Powder|p2a: Amoonguss\n|-singleturn|p2a: Amoonguss|move: Rage Powder\n|move|p2b: Chi-Yu|Heat Wave|p1a: Flutter Mane|[spread] p1a,p1b\n|-resisted|p1b: Chi-Yu\n|-damage|p1a: Flutter Mane|0 fnt\n|-damage|p1b: Chi-Yu|27\/100\n|faint|p1a: Flutter Mane\n|-end|p1a: Flutter Mane|Protosynthesis|[silent]\n|move|p1b: Chi-Yu|Dark Pulse|p2a: Amoonguss\n|-damage|p2a: Amoonguss|18\/100\n|\n|-heal|p1b: Chi-Yu|34\/100|[from] item: Leftovers\n|-heal|p2a: Amoonguss|24\/100|[from] item: Leftovers\n|-sideend|p2: muddyswamppert|move: Tailwind\n|upkeep\n|turn|11\n|\n|t:|1681756905\n|move|p1b: Chi-Yu|Protect|p1b: Chi-Yu\n|-singleturn|p1b: Chi-Yu|Protect\n|move|p2b: Chi-Yu|Heat Wave|p1b: Chi-Yu\n|-activate|p1b: Chi-Yu|move: Protect\n|move|p2a: Amoonguss|Spore|p1b: Chi-Yu\n|-activate|p1b: Chi-Yu|move: Protect\n|\n|-heal|p1b: Chi-Yu|40\/100|[from] item: Leftovers\n|-heal|p2a: Amoonguss|30\/100|[from] item: Leftovers\n|upkeep\n|turn|12\n|\n|t:|1681756913\n|move|p2a: Amoonguss|Protect|p2a: Amoonguss\n|-singleturn|p2a: Amoonguss|Protect\n|move|p2b: Chi-Yu|Heat Wave|p1b: Chi-Yu\n|-resisted|p1b: Chi-Yu\n|-damage|p1b: Chi-Yu|8\/100\n|move|p1b: Chi-Yu|Dark Pulse|p2a: Amoonguss\n|-activate|p2a: Amoonguss|move: Protect\n|\n|-heal|p1b: Chi-Yu|14\/100|[from] item: Leftovers\n|-heal|p2a: Amoonguss|36\/100|[from] item: Leftovers\n|upkeep\n|turn|13\n|\n|t:|1681756925\n|move|p1b: Chi-Yu|Protect|p1b: Chi-Yu\n|-singleturn|p1b: Chi-Yu|Protect\n|move|p2b: Chi-Yu|Heat Wave|p1b: Chi-Yu\n|-activate|p1b: Chi-Yu|move: Protect\n|move|p2a: Amoonguss|Pollen Puff|p1b: Chi-Yu\n|-activate|p1b: Chi-Yu|move: Protect\n|\n|-heal|p1b: Chi-Yu|20\/100|[from] item: Leftovers\n|-heal|p2a: Amoonguss|42\/100|[from] item: Leftovers\n|upkeep\n|turn|14\n|\n|t:|1681756936\n|move|p1b: Chi-Yu|Protect||[still]\n|-fail|p1b: Chi-Yu\n|move|p2b: Chi-Yu|Heat Wave|p1b: Chi-Yu\n|-resisted|p1b: Chi-Yu\n|-damage|p1b: Chi-Yu|0 fnt\n|faint|p1b: Chi-Yu\n|\n|win|muddyswamppert\n|c|\u2606muddyswamppert|gg\n|l|\u2606Cyanidexx\n","uploadtime":1681757046,"views":6,"p1id":"cyanidexx","p2id":"muddyswamppert","formatid":"gen9vgc2023regulationc","rating":0,"private":0,"password":""}