{"id":"gen9vgc2023regulationc-1862126094","p1":"WillieDangerously","p2":"ChefShimi","format":"[Gen 9] VGC 2023 Regulation C","log":"|j|\u2606WillieDangerously\n|j|\u2606ChefShimi\n|t:|1683839699\n|gametype|doubles\n|player|p1|WillieDangerously|psychic-gen4|1180\n|player|p2|ChefShimi|170|1133\n|teamsize|p1|6\n|teamsize|p2|6\n|gen|9\n|tier|[Gen 9] VGC 2023 Regulation C\n|rated|\n|rule|Species Clause: Limit one of each Pok\u00e9mon\n|rule|Item Clause: Limit one of each item\n|clearpoke\n|poke|p1|Gholdengo, L50|\n|poke|p1|Wo-Chien, L50|\n|poke|p1|Iron Bundle, L50|\n|poke|p1|Dragapult, L50, F|\n|poke|p1|Hippowdon, L50, F|\n|poke|p1|Glimmora, L50, M|\n|poke|p2|Gallade, L50, M|\n|poke|p2|Indeedee-F, L50, F|\n|poke|p2|Flutter Mane, L50|\n|poke|p2|Tyranitar, L50, F|\n|poke|p2|Lycanroc, L50, M|\n|poke|p2|Gyarados, L50, M|\n|teampreview|4\nChefShimi has agreed to open team sheets.\n|\n|t:|1683839738\n|start\n|switch|p1a: Gholdengo|Gholdengo, L50|100\/100\n|switch|p1b: Glimmora|Glimmora, L50, M|100\/100\n|switch|p2a: Indeedee|Indeedee-F, L50, F|100\/100\n|switch|p2b: Tyranitar|Tyranitar, L50, F|100\/100\n|-weather|Sandstorm|[from] ability: Sand Stream|[of] p2b: Tyranitar\n|-fieldstart|move: Psychic Terrain|[from] ability: Psychic Surge|[of] p2a: Indeedee\n|-enditem|p2a: Indeedee|Psychic Seed\n|-boost|p2a: Indeedee|spd|1|[from] item: Psychic Seed\n|turn|1\n|\n|t:|1683839772\n|switch|p1a: Wo-Chien|Wo-Chien, L50|100\/100\n|-ability|p1a: Wo-Chien|Tablets of Ruin\n|move|p1b: Glimmora|Mortal Spin|p2a: Indeedee|[spread] p2a,p2b\n|-resisted|p2b: Tyranitar\n|-damage|p2a: Indeedee|97\/100\n|-damage|p2b: Tyranitar|99\/100\n|-status|p2a: Indeedee|psn\n|-status|p2b: Tyranitar|psn\n|move|p2b: Tyranitar|Assurance|p1b: Glimmora\n|-damage|p1b: Glimmora|66\/100\n|-activate|p1b: Glimmora|ability: Toxic Debris\n|-sidestart|p2: ChefShimi|move: Toxic Spikes\n|move|p2a: Indeedee|Trick Room|p2a: Indeedee\n|-fieldstart|move: Trick Room|[of] p2a: Indeedee\n|\n|-weather|Sandstorm|[upkeep]\n|-damage|p1a: Wo-Chien|94\/100|[from] Sandstorm\n|-damage|p2a: Indeedee|91\/100 psn|[from] Sandstorm\n|-heal|p1a: Wo-Chien|100\/100|[from] item: Leftovers\n|-damage|p2a: Indeedee|78\/100 psn|[from] psn\n|-damage|p2b: Tyranitar|87\/100 psn|[from] psn\n|upkeep\n|turn|2\n|\n|t:|1683839812\n|move|p1a: Wo-Chien|Leech Seed|p2b: Tyranitar\n|-start|p2b: Tyranitar|move: Leech Seed\n|move|p2a: Indeedee|Dazzling Gleam|p1a: Wo-Chien|[spread] p1a,p1b\n|-supereffective|p1a: Wo-Chien\n|-crit|p1a: Wo-Chien\n|-resisted|p1b: Glimmora\n|-damage|p1a: Wo-Chien|73\/100\n|-damage|p1b: Glimmora|62\/100\n|move|p2b: Tyranitar|Assurance|p1b: Glimmora\n|-damage|p1b: Glimmora|0 fnt\n|-activate|p1b: Glimmora|ability: Toxic Debris\n|-sidestart|p2: ChefShimi|move: Toxic Spikes\n|faint|p1b: Glimmora\n|\n|-weather|Sandstorm|[upkeep]\n|-damage|p1a: Wo-Chien|67\/100|[from] Sandstorm\n|-damage|p2a: Indeedee|72\/100 psn|[from] Sandstorm\n|-heal|p1a: Wo-Chien|73\/100|[from] item: Leftovers\n|-damage|p2b: Tyranitar|74\/100 psn|[from] Leech Seed|[of] p1a: Wo-Chien\n|-heal|p1a: Wo-Chien|86\/100|[silent]\n|-damage|p2a: Indeedee|60\/100 psn|[from] psn\n|-damage|p2b: Tyranitar|62\/100 psn|[from] psn\n|upkeep\n|\n|t:|1683839835\n|switch|p1b: Gholdengo|Gholdengo, L50|100\/100\n|turn|3\n|\n|t:|1683839844\n|move|p1b: Gholdengo|Protect|p1b: Gholdengo\n|-singleturn|p1b: Gholdengo|Protect\n|move|p1a: Wo-Chien|Leech Seed|p2a: Indeedee\n|-start|p2a: Indeedee|move: Leech Seed\n|move|p2a: Indeedee|Dazzling Gleam|p1a: Wo-Chien|[spread] p1a\n|-activate|p1b: Gholdengo|move: Protect\n|-supereffective|p1a: Wo-Chien\n|-damage|p1a: Wo-Chien|69\/100\n|move|p2b: Tyranitar|Assurance|p1b: Gholdengo\n|-activate|p1b: Gholdengo|move: Protect\n|\n|-weather|Sandstorm|[upkeep]\n|-damage|p1a: Wo-Chien|63\/100|[from] Sandstorm\n|-damage|p2a: Indeedee|54\/100 psn|[from] Sandstorm\n|-heal|p1a: Wo-Chien|69\/100|[from] item: Leftovers\n|-damage|p2a: Indeedee|41\/100 psn|[from] Leech Seed|[of] p1a: Wo-Chien\n|-heal|p1a: Wo-Chien|81\/100|[silent]\n|-damage|p2b: Tyranitar|49\/100 psn|[from] Leech Seed|[of] p1a: Wo-Chien\n|-heal|p1a: Wo-Chien|93\/100|[silent]\n|-damage|p2a: Indeedee|29\/100 psn|[from] psn\n|-damage|p2b: Tyranitar|37\/100 psn|[from] psn\n|upkeep\n|turn|4\n|\n|t:|1683839878\n|-terastallize|p1b: Gholdengo|Water\n|move|p1a: Wo-Chien|Pollen Puff|p1b: Gholdengo\n|-immune|p1b: Gholdengo\n|move|p2a: Indeedee|Dazzling Gleam|p1b: Gholdengo|[spread] p1a,p1b\n|-supereffective|p1a: Wo-Chien\n|-damage|p1a: Wo-Chien|77\/100\n|-damage|p1b: Gholdengo|86\/100\n|move|p2b: Tyranitar|Assurance|p1b: Gholdengo\n|-damage|p1b: Gholdengo|13\/100\n|-enditem|p1b: Gholdengo|Sitrus Berry|[eat]\n|-heal|p1b: Gholdengo|38\/100|[from] item: Sitrus Berry\n|move|p1b: Gholdengo|Nasty Plot|p1b: Gholdengo\n|-boost|p1b: Gholdengo|spa|2\n|\n|-weather|Sandstorm|[upkeep]\n|-damage|p1a: Wo-Chien|70\/100|[from] Sandstorm\n|-damage|p2a: Indeedee|23\/100 psn|[from] Sandstorm\n|-damage|p1b: Gholdengo|32\/100|[from] Sandstorm\n|-heal|p1a: Wo-Chien|77\/100|[from] item: Leftovers\n|-damage|p2a: Indeedee|10\/100 psn|[from] Leech Seed|[of] p1a: Wo-Chien\n|-heal|p1a: Wo-Chien|88\/100|[silent]\n|-damage|p2b: Tyranitar|25\/100 psn|[from] Leech Seed|[of] p1a: Wo-Chien\n|-heal|p1a: Wo-Chien|100\/100|[silent]\n|-damage|p2a: Indeedee|0 fnt|[from] psn\n|faint|p2a: Indeedee\n|-damage|p2b: Tyranitar|12\/100 psn|[from] psn\n|upkeep\n|\n|t:|1683839893\n|switch|p2a: Lycanroc|Lycanroc, L50, M|100\/100\n|-status|p2a: Lycanroc|tox\n|turn|5\n|\n|t:|1683839925\n|switch|p2b: Flutter Mane|Flutter Mane, L50|100\/100\n|-status|p2b: Flutter Mane|tox\n|move|p1a: Wo-Chien|Pollen Puff|p2b: Flutter Mane\n|-resisted|p2b: Flutter Mane\n|-damage|p2b: Flutter Mane|95\/100 tox\n|move|p1b: Gholdengo|Shadow Ball|p2a: Lycanroc\n|-damage|p2a: Lycanroc|19\/100 tox\n|move|p2a: Lycanroc|Endeavor|p1a: Wo-Chien\n|-damage|p1a: Wo-Chien|18\/100\n|\n|-weather|none\n|-heal|p1a: Wo-Chien|24\/100|[from] item: Leftovers\n|-damage|p2b: Flutter Mane|89\/100 tox|[from] psn\n|-damage|p2a: Lycanroc|13\/100 tox|[from] psn\n|-fieldend|move: Trick Room\n|-fieldend|move: Psychic Terrain\n|upkeep\n|turn|6\n|\n|t:|1683839972\n|switch|p2a: Tyranitar|Tyranitar, L50, F|12\/100 psn\n|-weather|Sandstorm|[from] ability: Sand Stream|[of] p2a: Tyranitar\n|move|p1b: Gholdengo|Protect|p1b: Gholdengo\n|-singleturn|p1b: Gholdengo|Protect\n|move|p2b: Flutter Mane|Dazzling Gleam|p1a: Wo-Chien|[spread] p1a\n|-activate|p1b: Gholdengo|move: Protect\n|-supereffective|p1a: Wo-Chien\n|-damage|p1a: Wo-Chien|0 fnt\n|faint|p1a: Wo-Chien\n|\n|-weather|Sandstorm|[upkeep]\n|-damage|p2b: Flutter Mane|83\/100 tox|[from] Sandstorm\n|-damage|p1b: Gholdengo|26\/100|[from] Sandstorm\n|-damage|p2b: Flutter Mane|70\/100 tox|[from] psn\n|-damage|p2a: Tyranitar|0 fnt|[from] psn\n|faint|p2a: Tyranitar\n|upkeep\n|\n|t:|1683839989\n|switch|p2a: Lycanroc|Lycanroc, L50, M|13\/100 tox\n|switch|p1a: Iron Bundle|Iron Bundle, L50|100\/100\n|-enditem|p1a: Iron Bundle|Booster Energy\n|-activate|p1a: Iron Bundle|ability: Quark Drive|[fromitem]\n|-start|p1a: Iron Bundle|quarkdrivespe\n|turn|7\n|\n|t:|1683840029\n|move|p1b: Gholdengo|Protect||[still]\n|-fail|p1b: Gholdengo\n|move|p2a: Lycanroc|Endeavor|p1a: Iron Bundle\n|-damage|p1a: Iron Bundle|15\/100\n|move|p1a: Iron Bundle|Icy Wind|p2a: Lycanroc|[spread] p2a,p2b\n|-damage|p2a: Lycanroc|0 fnt\n|-damage|p2b: Flutter Mane|50\/100 tox\n|-unboost|p2b: Flutter Mane|spe|1\n|faint|p2a: Lycanroc\n|move|p2b: Flutter Mane|Dazzling Gleam|p1b: Gholdengo|[spread] p1a,p1b\n|-damage|p1a: Iron Bundle|0 fnt\n|-damage|p1b: Gholdengo|0 fnt\n|faint|p1a: Iron Bundle\n|-end|p1a: Iron Bundle|Quark Drive|[silent]\n|faint|p1b: Gholdengo\n|\n|win|ChefShimi\n|raw|WillieDangerously's rating: 1180 → 1152<\/strong> (-28 for losing)\n|raw|ChefShimi's rating: 1133 → 1161<\/strong> (+28 for winning)\n","uploadtime":1683840042,"views":8,"p1id":"williedangerously","p2id":"chefshimi","formatid":"gen9vgc2023regulationc","rating":1152,"private":0,"password":""}