{"id":"gen9vgc2023regulationc-1846245253","p1":"digitdigit","p2":"Pkmushroom","format":"[Gen 9] VGC 2023 Regulation C","log":"|j|\u2606digitdigit\n|j|\u2606Pkmushroom\n|t:|1681825008\n|gametype|doubles\n|player|p1|digitdigit|marley|1071\n|player|p2|Pkmushroom|red|1085\n|teamsize|p1|6\n|teamsize|p2|6\n|gen|9\n|tier|[Gen 9] VGC 2023 Regulation C\n|rated|\n|rule|Species Clause: Limit one of each Pok\u00e9mon\n|rule|Item Clause: Limit one of each item\n|clearpoke\n|poke|p1|Arcanine, L50, F|\n|poke|p1|Ting-Lu, L50|\n|poke|p1|Flutter Mane, L50|\n|poke|p1|Amoonguss, L50, F|\n|poke|p1|Palafin, L50, F|\n|poke|p1|Baxcalibur, L50, F|\n|poke|p2|Toxapex, L50, M|\n|poke|p2|Garganacl, L50, M|\n|poke|p2|Tinkaton, L50, F|\n|poke|p2|Ting-Lu, L50|\n|poke|p2|Gallade, L50, M|\n|poke|p2|Tauros-Paldea-Blaze, L50, M|\n|teampreview|4\n|inactive|Battle timer is ON: inactive players will automatically lose when time's up. (requested by Pkmushroom)\n|inactive|digitdigit has 60 seconds left.\n|\n|t:|1681825069\n|start\n|switch|p1a: Amoonguss|Amoonguss, L50, F|100\/100\n|switch|p1b: Palafin|Palafin, L50, F|100\/100\n|switch|p2a: Toxapex|Toxapex, L50, M, shiny|100\/100\n|switch|p2b: Salty|Garganacl, L50, M|100\/100\n|turn|1\n|\n|t:|1681825088\n|detailschange|p1b: Palafin|Palafin-Hero, L50, F\n|switch|p1b: Ting-Lu|Ting-Lu, L50|100\/100\n|-ability|p1b: Ting-Lu|Vessel of Ruin\n|move|p2b: Salty|Iron Defense|p2b: Salty\n|-boost|p2b: Salty|def|2\n|move|p2a: Toxapex|Infestation|p1a: Amoonguss\n|-damage|p1a: Amoonguss|98\/100\n|-activate|p1a: Amoonguss|move: Infestation|[of] p2a: Toxapex\n|move|p1a: Amoonguss|Spore|p2a: Toxapex\n|-status|p2a: Toxapex|slp|[from] move: Spore\n|\n|-damage|p1a: Amoonguss|86\/100|[from] move: Infestation|[partiallytrapped]\n|upkeep\n|turn|2\n|l|\u2606Pkmushroom\n|inactive|Pkmushroom disconnected and has a minute to reconnect!\n|player|p2|\n|inactive|digitdigit has 30 seconds left.\n|inactive|Pkmushroom has 30 seconds left.\n|inactive|Pkmushroom has 20 seconds left.\n|inactive|Pkmushroom has 15 seconds left.\n|inactive|Pkmushroom has 10 seconds left.\n|inactive|Pkmushroom has 5 seconds left.\n|j|\u2606Pkmushroom\n|inactive|Pkmushroom reconnected and has 5 seconds left.\n|player|p2|Pkmushroom|red\n|\n|t:|1681825143\n|cant|p2a: Toxapex|slp\n|move|p1b: Ting-Lu|Fissure|p2b: Salty|[miss]\n|-miss|p1b: Ting-Lu|p2b: Salty\n|move|p2b: Salty|Salt Cure|p1a: Amoonguss\n|-damage|p1a: Amoonguss|75\/100\n|-start|p1a: Amoonguss|Salt Cure\n|move|p1a: Amoonguss|Spore|p2a: Toxapex\n|-fail|p2a: Toxapex|slp\n|\n|-damage|p1a: Amoonguss|63\/100|[from] move: Infestation|[partiallytrapped]\n|-damage|p1a: Amoonguss|50\/100|[from] Salt Cure\n|upkeep\n|-enditem|p1a: Amoonguss|Sitrus Berry|[eat]\n|-heal|p1a: Amoonguss|75\/100|[from] item: Sitrus Berry\n|turn|3\n|inactive|Pkmushroom has 30 seconds left.\n|inactive|Pkmushroom has 20 seconds left.\n|inactive|Pkmushroom has 15 seconds left.\n|\n|t:|1681825185\n|-terastallize|p2b: Salty|Flying\n|move|p1b: Ting-Lu|Fissure|p2b: Salty\n|-immune|p2b: Salty\n|move|p2b: Salty|Body Press|p1b: Ting-Lu\n|-supereffective|p1b: Ting-Lu\n|-crit|p1b: Ting-Lu\n|-damage|p1b: Ting-Lu|26\/100\n|cant|p2a: Toxapex|slp\n|move|p1a: Amoonguss|Spore|p2a: Toxapex\n|-fail|p2a: Toxapex|slp\n|\n|-damage|p1a: Amoonguss|63\/100|[from] move: Infestation|[partiallytrapped]\n|-damage|p1a: Amoonguss|50\/100|[from] Salt Cure\n|upkeep\n|turn|4\n|inactive|digitdigit has 30 seconds left.\n|inactive|Pkmushroom has 30 seconds left.\n|\n|t:|1681825211\n|-curestatus|p2a: Toxapex|slp|[msg]\n|move|p2a: Toxapex|Baneful Bunker|p2a: Toxapex\n|-singleturn|p2a: Toxapex|move: Protect\n|move|p1b: Ting-Lu|Stomping Tantrum|p2a: Toxapex\n|-activate|p2a: Toxapex|move: Protect\n|-status|p1b: Ting-Lu|psn\n|move|p2b: Salty|Salt Cure|p1b: Ting-Lu\n|-resisted|p1b: Ting-Lu\n|-damage|p1b: Ting-Lu|21\/100 psn\n|-start|p1b: Ting-Lu|Salt Cure\n|move|p1a: Amoonguss|Pollen Puff|p1b: Ting-Lu\n|-heal|p1b: Ting-Lu|71\/100 psn\n|\n|-damage|p1b: Ting-Lu|59\/100 psn|[from] psn\n|-damage|p1b: Ting-Lu|47\/100 psn|[from] Salt Cure\n|-damage|p1a: Amoonguss|38\/100|[from] move: Infestation|[partiallytrapped]\n|-damage|p1a: Amoonguss|26\/100|[from] Salt Cure\n|upkeep\n|turn|5\n|inactive|Pkmushroom has 30 seconds left.\n|\n|t:|1681825245\n|move|p1b: Ting-Lu|Stomping Tantrum|p2a: Toxapex\n|-supereffective|p2a: Toxapex\n|-damage|p2a: Toxapex|41\/100\n|move|p2b: Salty|Body Press|p1b: Ting-Lu\n|-supereffective|p1b: Ting-Lu\n|-crit|p1b: Ting-Lu\n|-damage|p1b: Ting-Lu|0 fnt\n|faint|p1b: Ting-Lu\n|move|p2a: Toxapex|Chilling Water|p1a: Amoonguss\n|-resisted|p1a: Amoonguss\n|-damage|p1a: Amoonguss|20\/100\n|-unboost|p1a: Amoonguss|atk|1\n|move|p1a: Amoonguss|Pollen Puff|p1: Ting-Lu|[notarget]\n|-fail|p1a: Amoonguss\n|\n|-heal|p2a: Toxapex|47\/100|[from] item: Black Sludge\n|-damage|p1a: Amoonguss|8\/100|[from] Salt Cure\n|-damage|p1a: Amoonguss|0 fnt|[from] move: Infestation|[partiallytrapped]\n|faint|p1a: Amoonguss\n|upkeep\n|\n|t:|1681825260\n|switch|p1b: Baxcalibur|Baxcalibur, L50, F|100\/100\n|switch|p1a: Palafin|Palafin-Hero, L50, F|100\/100\n|-activate|p1a: Palafin|ability: Zero to Hero\n|turn|6\n|\n|t:|1681825274\n|switch|p2a: Tauros|Tauros-Paldea-Blaze, L50, M|100\/100\n|-ability|p2a: Tauros|Intimidate|boost\n|-unboost|p1a: Palafin|atk|1\n|-unboost|p1b: Baxcalibur|atk|1\n|move|p1b: Baxcalibur|Icicle Crash|p2b: Salty\n|-supereffective|p2b: Salty\n|-damage|p2b: Salty|69\/100\n|-damage|p1b: Baxcalibur|91\/100|[from] item: Life Orb\n|move|p1a: Palafin|Wave Crash|p2b: Salty\n|-damage|p2b: Salty|47\/100\n|-damage|p1a: Palafin|93\/100|[from] Recoil\n|move|p2b: Salty|Salt Cure|p1a: Palafin\n|-damage|p1a: Palafin|81\/100\n|-start|p1a: Palafin|Salt Cure\n|\n|-heal|p2b: Salty|52\/100|[from] item: Leftovers\n|-damage|p1a: Palafin|57\/100|[from] Salt Cure\n|upkeep\n|turn|7\n|-message|digitdigit forfeited.\n|\n|win|Pkmushroom\n|raw|digitdigit's rating: 1071 → 1051<\/strong> (-20 for losing)\n|raw|Pkmushroom's rating: 1085 → 1111<\/strong> (+26 for winning)\n|l|\u2606digitdigit\n","uploadtime":1681825320,"views":10,"p1id":"digitdigit","p2id":"pkmushroom","formatid":"gen9vgc2023regulationc","rating":1051,"private":0,"password":""}