{"id":"gen9vgc2023regulationc-1850585168","p1":"1Skyler0","p2":"Juliogu10","format":"[Gen 9] VGC 2023 Regulation C","log":"|j|\u26061Skyler0\n|j|\u2606Juliogu10\n|t:|1682350748\n|gametype|doubles\n|player|p1|1Skyler0|roxie|1331\n|player|p2|Juliogu10|170|1326\n|teamsize|p1|6\n|teamsize|p2|6\n|gen|9\n|tier|[Gen 9] VGC 2023 Regulation C\n|rated|\n|rule|Species Clause: Limit one of each Pok\u00e9mon\n|rule|Item Clause: Limit one of each item\n|clearpoke\n|poke|p1|Great Tusk, L50|\n|poke|p1|Murkrow, L50, M|\n|poke|p1|Flutter Mane, L50|\n|poke|p1|Chi-Yu, L50|\n|poke|p1|Dragonite, L50, F|\n|poke|p1|Chien-Pao, L50|\n|poke|p2|Palafin, L50, M|\n|poke|p2|Amoonguss, L50, F|\n|poke|p2|Dragapult, L50, F|\n|poke|p2|Flutter Mane, L50|\n|poke|p2|Chien-Pao, L50|\n|poke|p2|Great Tusk, L50|\n|teampreview|4\n|inactive|Battle timer is ON: inactive players will automatically lose when time's up. (requested by Juliogu10)\n|inactive|1Skyler0 has 60 seconds left.\n|inactive|Juliogu10 has 60 seconds left.\n|\n|t:|1682350796\n|start\n|switch|p1a: Murkrow|Murkrow, L50, M|100\/100\n|switch|p1b: Great Tusk|Great Tusk, L50|100\/100\n|switch|p2a: Dragapult|Dragapult, L50, F|100\/100\n|switch|p2b: Flutter Mane|Flutter Mane, L50|100\/100\n|turn|1\n|inactive|1Skyler0 has 30 seconds left.\n|inactive|Juliogu10 has 30 seconds left.\n|inactive|1Skyler0 has 20 seconds left.\n|inactive|1Skyler0 has 15 seconds left.\n|\n|t:|1682350840\n|-terastallize|p1b: Great Tusk|Steel\n|move|p1a: Murkrow|Sunny Day|p1a: Murkrow\n|-weather|SunnyDay\n|-activate|p1b: Great Tusk|ability: Protosynthesis\n|-start|p1b: Great Tusk|protosynthesisatk\n|-activate|p2b: Flutter Mane|ability: Protosynthesis\n|-start|p2b: Flutter Mane|protosynthesisspa\n|move|p1b: Great Tusk|Earthquake|p2a: Dragapult|[spread] p2a,p2b\n|-immune|p1a: Murkrow\n|-damage|p2a: Dragapult|34\/100\n|-damage|p2b: Flutter Mane|37\/100\n|move|p2a: Dragapult|Dragon Darts|p1b: Great Tusk\n|-resisted|p1b: Great Tusk\n|-damage|p1b: Great Tusk|86\/100\n|-anim|p2a: Dragapult|Dragon Darts|p1a: Murkrow\n|-damage|p1a: Murkrow|60\/100\n|move|p2b: Flutter Mane|Dazzling Gleam|p1a: Murkrow|[spread] p1a,p1b\n|-supereffective|p1a: Murkrow\n|-resisted|p1b: Great Tusk\n|-damage|p1a: Murkrow|0 fnt\n|-damage|p1b: Great Tusk|43\/100\n|faint|p1a: Murkrow\n|\n|-weather|SunnyDay|[upkeep]\n|upkeep\n|inactive|1Skyler0 has 30 seconds left.\n|\n|t:|1682350870\n|switch|p1a: Dragonite|Dragonite, L50, F|100\/100\n|turn|2\n|\n|t:|1682350892\n|move|p1a: Dragonite|Extreme Speed|p2b: Flutter Mane\n|-immune|p2b: Flutter Mane\n|move|p1b: Great Tusk|Earthquake|p2b: Flutter Mane|[spread] p2a,p2b\n|-immune|p1a: Dragonite\n|-damage|p2a: Dragapult|0 fnt\n|-damage|p2b: Flutter Mane|0 fnt\n|faint|p2a: Dragapult\n|faint|p2b: Flutter Mane\n|-end|p2b: Flutter Mane|Protosynthesis|[silent]\n|\n|-weather|SunnyDay|[upkeep]\n|upkeep\n|\n|t:|1682350901\n|switch|p2a: Chien-Pao|Chien-Pao, L50|100\/100\n|switch|p2b: Great Tusk|Great Tusk, L50|100\/100\n|-activate|p2b: Great Tusk|ability: Protosynthesis\n|-start|p2b: Great Tusk|protosynthesisatk\n|-ability|p2a: Chien-Pao|Sword of Ruin\n|turn|3\n|inactive|Juliogu10 has 30 seconds left.\n|inactive|Juliogu10 has 20 seconds left.\n|inactive|Juliogu10 has 15 seconds left.\n|inactive|Juliogu10 has 10 seconds left.\n|\n|t:|1682350946\n|move|p2a: Chien-Pao|Protect|p2a: Chien-Pao\n|-singleturn|p2a: Chien-Pao|Protect\n|move|p1a: Dragonite|Extreme Speed|p2a: Chien-Pao\n|-activate|p2a: Chien-Pao|move: Protect\n|move|p1b: Great Tusk|Earthquake|p2b: Great Tusk|[spread] p2b\n|-activate|p2a: Chien-Pao|move: Protect\n|-immune|p1a: Dragonite\n|-damage|p2b: Great Tusk|48\/100\n|move|p2b: Great Tusk|Close Combat|p1b: Great Tusk\n|-supereffective|p1b: Great Tusk\n|-damage|p1b: Great Tusk|0 fnt\n|-unboost|p2b: Great Tusk|def|1\n|-unboost|p2b: Great Tusk|spd|1\n|faint|p1b: Great Tusk\n|-end|p1b: Great Tusk|Protosynthesis|[silent]\n|\n|-weather|SunnyDay|[upkeep]\n|upkeep\n|\n|t:|1682350959\n|switch|p1b: Chien-Pao|Chien-Pao, L50|100\/100\n|-ability|p1b: Chien-Pao|Sword of Ruin\n|turn|4\n|\n|t:|1682350983\n|-terastallize|p2b: Great Tusk|Steel\n|move|p1a: Dragonite|Extreme Speed|p2b: Great Tusk\n|-resisted|p2b: Great Tusk\n|-damage|p2b: Great Tusk|12\/100\n|move|p2b: Great Tusk|Close Combat|p1b: Chien-Pao\n|-supereffective|p1b: Chien-Pao\n|-enditem|p1b: Chien-Pao|Focus Sash\n|-damage|p1b: Chien-Pao|1\/100\n|-unboost|p2b: Great Tusk|def|1\n|-unboost|p2b: Great Tusk|spd|1\n|move|p1b: Chien-Pao|Ice Spinner|p2b: Great Tusk\n|-resisted|p2b: Great Tusk\n|-damage|p2b: Great Tusk|0 fnt\n|faint|p2b: Great Tusk\n|-end|p2b: Great Tusk|Protosynthesis|[silent]\n|move|p2a: Chien-Pao|Ice Spinner|p1a: Dragonite\n|-supereffective|p1a: Dragonite\n|-damage|p1a: Dragonite|0 fnt\n|faint|p1a: Dragonite\n|\n|-weather|SunnyDay|[upkeep]\n|upkeep\n|turn|5\n|l|\u26061Skyler0\n|inactive|1Skyler0 disconnected and has a minute to reconnect!\n|player|p1|\n|j|\u26061Skyler0\n|inactive|1Skyler0 reconnected and has 35 seconds left.\n|player|p1|1Skyler0|roxie\n|inactive|1Skyler0 has 30 seconds left.\n|\n|t:|1682351009\n|move|p1b: Chien-Pao|Ice Spinner|p2a: Chien-Pao\n|-resisted|p2a: Chien-Pao\n|-damage|p2a: Chien-Pao|73\/100\n|move|p2a: Chien-Pao|Sacred Sword|p1b: Chien-Pao\n|-supereffective|p1b: Chien-Pao\n|-damage|p1b: Chien-Pao|0 fnt\n|faint|p1b: Chien-Pao\n|\n|win|Juliogu10\n|raw|1Skyler0's rating: 1331 → 1311<\/strong> (-20 for losing)\n|raw|Juliogu10's rating: 1326 → 1346<\/strong> (+20 for winning)\n|c|\u26061Skyler0|Gg\n|c|\u2606Juliogu10|gg\n|l|\u26061Skyler0\n","uploadtime":1682351022,"views":20,"p1id":"1skyler0","p2id":"juliogu10","formatid":"gen9vgc2023regulationc","rating":1311,"private":0,"password":""}