{"id":"gen9vgc2023regulationc-1848730970","p1":"KevtroGameplays","p2":"catalyst619","format":"[Gen 9] VGC 2023 Regulation C","log":"|j|\u2606KevtroGameplays\n|j|\u2606catalyst619\n|t:|1682104803\n|gametype|doubles\n|player|p1|KevtroGameplays|102|1146\n|player|p2|catalyst619|1|1205\n|teamsize|p1|6\n|teamsize|p2|6\n|gen|9\n|tier|[Gen 9] VGC 2023 Regulation C\n|rated|\n|rule|Species Clause: Limit one of each Pok\u00e9mon\n|rule|Item Clause: Limit one of each item\n|clearpoke\n|poke|p1|Gastrodon-East, L50, F|\n|poke|p1|Arcanine, L50, M|\n|poke|p1|Amoonguss, L50, M|\n|poke|p1|Flutter Mane, L50|\n|poke|p1|Ting-Lu, L50|\n|poke|p1|Iron Hands, L50|\n|poke|p2|Palafin, L50, M|\n|poke|p2|Flutter Mane, L50|\n|poke|p2|Arcanine, L50, M|\n|poke|p2|Ting-Lu, L50|\n|poke|p2|Amoonguss, L50, M|\n|poke|p2|Kingambit, L50, M|\n|teampreview|4\ncatalyst619 has agreed to open team sheets.\n|inactive|Battle timer is ON: inactive players will automatically lose when time's up. (requested by KevtroGameplays)\n|\n|t:|1682104855\n|start\n|switch|p1a: Ting-Lu|Ting-Lu, L50|100\/100\n|switch|p1b: Iron Hands|Iron Hands, L50|100\/100\n|switch|p2a: Flutter Mane|Flutter Mane, L50|100\/100\n|switch|p2b: Amoonguss|Amoonguss, L50, M|100\/100\n|-ability|p1a: Ting-Lu|Vessel of Ruin\n|turn|1\n|\n|t:|1682104876\n|-end|p2a: Flutter Mane|Protosynthesis|[silent]\n|switch|p2a: Arcanine|Arcanine, L50, M|100\/100\n|-ability|p2a: Arcanine|Intimidate|boost\n|-unboost|p1a: Ting-Lu|atk|1\n|-fail|p1b: Iron Hands|unboost|[from] item: Clear Amulet|[of] p1b: Iron Hands\n|-end|p1b: Iron Hands|Quark Drive|[silent]\n|switch|p1b: Amoonguss|Amoonguss, L50, M|100\/100\n|move|p1a: Ting-Lu|Heavy Slam|p2a: Arcanine\n|-resisted|p2a: Arcanine\n|-damage|p2a: Arcanine|93\/100\n|move|p2b: Amoonguss|Spore|p1a: Ting-Lu\n|-status|p1a: Ting-Lu|slp|[from] move: Spore\n|\n|upkeep\n|turn|2\n|inactive|KevtroGameplays has 30 seconds left.\n|inactive|catalyst619 has 30 seconds left.\n|inactive|catalyst619 has 20 seconds left.\n|inactive|catalyst619 has 15 seconds left.\n|\n|t:|1682104919\n|switch|p1a: Gastrodon|Gastrodon-East, L50, F|100\/100\n|move|p1b: Amoonguss|Protect|p1b: Amoonguss\n|-singleturn|p1b: Amoonguss|Protect\n|move|p2a: Arcanine|Flare Blitz|p1b: Amoonguss\n|-activate|p1b: Amoonguss|move: Protect\n|move|p2b: Amoonguss|Pollen Puff|p1a: Gastrodon\n|-damage|p1a: Gastrodon|84\/100\n|\n|-heal|p1a: Gastrodon|90\/100|[from] item: Leftovers\n|upkeep\n|turn|3\n|inactive|catalyst619 has 30 seconds left.\n|\n|t:|1682104951\n|move|p1b: Amoonguss|Protect||[still]\n|-fail|p1b: Amoonguss\n|move|p2a: Arcanine|Flare Blitz|p1b: Amoonguss\n|-supereffective|p1b: Amoonguss\n|-damage|p1b: Amoonguss|15\/100\n|-damage|p2a: Arcanine|61\/100|[from] Recoil\n|move|p1a: Gastrodon|Muddy Water|p2a: Arcanine|[spread] p2a,p2b\n|-supereffective|p2a: Arcanine\n|-resisted|p2b: Amoonguss\n|-damage|p2a: Arcanine|16\/100\n|-damage|p2b: Amoonguss|90\/100\n|-unboost|p2a: Arcanine|accuracy|1\n|move|p2b: Amoonguss|Spore|p1a: Gastrodon\n|-status|p1a: Gastrodon|slp|[from] move: Spore\n|\n|-heal|p1a: Gastrodon|96\/100 slp|[from] item: Leftovers\n|-heal|p1b: Amoonguss|21\/100|[from] item: Black Sludge\n|upkeep\n|turn|4\n|inactive|catalyst619 has 30 seconds left.\n|inactive|catalyst619 has 20 seconds left.\n|inactive|catalyst619 has 15 seconds left.\n|inactive|KevtroGameplays has 30 seconds left.\n|inactive|catalyst619 has 10 seconds left.\n|\n|t:|1682105000\n|switch|p2a: Kingambit|Kingambit, L50, M|100\/100\n|switch|p1b: Ting-Lu|Ting-Lu, L50|100\/100 slp\n|-ability|p1b: Ting-Lu|Vessel of Ruin\n|move|p2b: Amoonguss|Rage Powder|p2b: Amoonguss\n|-singleturn|p2b: Amoonguss|move: Rage Powder\n|cant|p1a: Gastrodon|slp\n|\n|-heal|p1a: Gastrodon|100\/100 slp|[from] item: Leftovers\n|upkeep\n|turn|5\n|\n|t:|1682105023\n|switch|p2b: Arcanine|Arcanine, L50, M|16\/100\n|-ability|p2b: Arcanine|Intimidate|boost\n|-unboost|p1a: Gastrodon|atk|1\n|-unboost|p1b: Ting-Lu|atk|1\n|move|p2a: Kingambit|Swords Dance|p2a: Kingambit\n|-boost|p2a: Kingambit|atk|2\n|cant|p1b: Ting-Lu|slp\n|-curestatus|p1a: Gastrodon|slp|[msg]\n|move|p1a: Gastrodon|Muddy Water|p2b: Arcanine|[spread] p2a,p2b\n|-supereffective|p2b: Arcanine\n|-damage|p2a: Kingambit|83\/100\n|-damage|p2b: Arcanine|0 fnt\n|faint|p2b: Arcanine\n|\n|upkeep\n|\n|t:|1682105039\n|switch|p2b: Amoonguss|Amoonguss, L50, M|100\/100\n|turn|6\n|\n|t:|1682105052\n|-terastallize|p2a: Kingambit|Dark\n|move|p2a: Kingambit|Kowtow Cleave|p1a: Gastrodon\n|-damage|p1a: Gastrodon|0 fnt\n|faint|p1a: Gastrodon\n|-curestatus|p1b: Ting-Lu|slp|[msg]\n|move|p1b: Ting-Lu|Stomping Tantrum|p2a: Kingambit\n|-damage|p2a: Kingambit|56\/100\n|move|p2b: Amoonguss|Pollen Puff|p2a: Kingambit\n|-heal|p2a: Kingambit|100\/100\n|\n|upkeep\n|\n|t:|1682105064\n|switch|p1a: Iron Hands|Iron Hands, L50|100\/100\n|turn|7\n|\n|t:|1682105079\n|move|p1a: Iron Hands|Drain Punch|p2a: Kingambit\n|-supereffective|p2a: Kingambit\n|-damage|p2a: Kingambit|39\/100\n|move|p2a: Kingambit|Kowtow Cleave|p1a: Iron Hands\n|-resisted|p1a: Iron Hands\n|-damage|p1a: Iron Hands|48\/100\n|move|p1b: Ting-Lu|Heavy Slam|p2a: Kingambit\n|-damage|p2a: Kingambit|25\/100\n|move|p2b: Amoonguss|Spore|p1b: Ting-Lu\n|-status|p1b: Ting-Lu|slp|[from] move: Spore\n|\n|upkeep\n|turn|8\n|\n|t:|1682105094\n|move|p2b: Amoonguss|Rage Powder|p2b: Amoonguss\n|-singleturn|p2b: Amoonguss|move: Rage Powder\n|move|p1a: Iron Hands|Drain Punch|p2b: Amoonguss\n|-resisted|p2b: Amoonguss\n|-damage|p2b: Amoonguss|83\/100\n|-heal|p1a: Iron Hands|56\/100|[from] drain|[of] p2b: Amoonguss\n|-damage|p1a: Iron Hands|39\/100|[from] item: Rocky Helmet|[of] p2b: Amoonguss\n|move|p2a: Kingambit|Kowtow Cleave|p1a: Iron Hands\n|-resisted|p1a: Iron Hands\n|-damage|p1a: Iron Hands|0 fnt\n|faint|p1a: Iron Hands\n|-end|p1a: Iron Hands|Quark Drive|[silent]\n|cant|p1b: Ting-Lu|slp\n|\n|upkeep\n|c|\u2606KevtroGameplays|fck u\n|\n|t:|1682105108\n|switch|p1a: Amoonguss|Amoonguss, L50, M|54\/100\n|turn|9\n|n|!catalyst619|catalyst619\n|inactive|catalyst619 has 30 seconds left.\n|\n|t:|1682105143\n|move|p2b: Amoonguss|Rage Powder|p2b: Amoonguss\n|-singleturn|p2b: Amoonguss|move: Rage Powder\n|move|p2a: Kingambit|Kowtow Cleave|p1a: Amoonguss\n|-damage|p1a: Amoonguss|0 fnt\n|faint|p1a: Amoonguss\n|cant|p1b: Ting-Lu|slp\n|\n|upkeep\n|turn|10\n|\n|t:|1682105160\n|move|p2a: Kingambit|Kowtow Cleave|p1b: Ting-Lu\n|-resisted|p1b: Ting-Lu\n|-damage|p1b: Ting-Lu|63\/100 slp\n|cant|p1b: Ting-Lu|slp\n|move|p2b: Amoonguss|Pollen Puff|p2a: Kingambit\n|-heal|p2a: Kingambit|74\/100\n|\n|upkeep\n|turn|11\n|-message|KevtroGameplays forfeited.\n|\n|win|catalyst619\n|raw|KevtroGameplays's rating: 1146 → 1125<\/strong> (-21 for losing)\n|raw|catalyst619's rating: 1205 → 1226<\/strong> (+21 for winning)\n|l|\u2606KevtroGameplays\n","uploadtime":1682105113,"views":10,"p1id":"kevtrogameplays","p2id":"catalyst619","formatid":"gen9vgc2023regulationc","rating":1125,"private":0,"password":""}