{"id":"gen9vgc2023regulationc-1851754139","p1":"Guilherme84","p2":"MLGmushroom","format":"[Gen 9] VGC 2023 Regulation C","log":"|j|\u2606Guilherme84\n|j|\u2606MLGmushroom\n|t:|1682478512\n|gametype|doubles\n|player|p1|Guilherme84|richboy-gen4|1166\n|player|p2|MLGmushroom|blue|1211\n|teamsize|p1|6\n|teamsize|p2|6\n|gen|9\n|tier|[Gen 9] VGC 2023 Regulation C\n|rated|\n|rule|Species Clause: Limit one of each Pok\u00e9mon\n|rule|Item Clause: Limit one of each item\n|clearpoke\n|poke|p1|Murkrow, L50, M|\n|poke|p1|Iron Bundle, L50|\n|poke|p1|Abomasnow, L50, F|\n|poke|p1|Ting-Lu, L50|\n|poke|p1|Amoonguss, L50, M|\n|poke|p1|Flutter Mane, L50|\n|poke|p2|Chien-Pao, L50|\n|poke|p2|Roaring Moon, L50|\n|poke|p2|Flutter Mane, L50|\n|poke|p2|Amoonguss, L50, M|\n|poke|p2|Gyarados, L50, M|\n|poke|p2|Scizor, L50, F|\n|teampreview|4\n|l|\u2606Guilherme84\n|player|p1|\n|j|\u2606Guilherme84\n|player|p1|Guilherme84|richboy-gen4\n|inactive|Battle timer is ON: inactive players will automatically lose when time's up. (requested by Guilherme84)\n|\n|t:|1682478568\n|start\n|switch|p1a: Flutter Mane|Flutter Mane, L50|100\/100\n|switch|p1b: Murkrow|Murkrow, L50, M|100\/100\n|switch|p2a: Gyarados|Gyarados, L50, M|100\/100\n|switch|p2b: Scizor|Scizor, L50, F|100\/100\n|-ability|p2a: Gyarados|Intimidate|boost\n|-unboost|p1a: Flutter Mane|atk|1\n|-unboost|p1b: Murkrow|atk|1\n|turn|1\n|\n|t:|1682478584\n|-terastallize|p1a: Flutter Mane|Fire\n|move|p1b: Murkrow|Tailwind|p1b: Murkrow\n|-sidestart|p1: Guilherme84|move: Tailwind\n|move|p2b: Scizor|Bullet Punch|p1a: Flutter Mane\n|-resisted|p1a: Flutter Mane\n|-damage|p1a: Flutter Mane|76\/100\n|move|p1a: Flutter Mane|Mystical Fire|p2b: Scizor\n|-supereffective|p2b: Scizor\n|-damage|p2b: Scizor|0 fnt\n|faint|p2b: Scizor\n|-damage|p1a: Flutter Mane|66\/100|[from] item: Life Orb\n|move|p2a: Gyarados|Taunt|p1b: Murkrow\n|-start|p1b: Murkrow|move: Taunt\n|\n|upkeep\n|\n|t:|1682478603\n|switch|p2b: Flutter Mane|Flutter Mane, L50|100\/100\n|turn|2\n|\n|t:|1682478613\n|move|p2b: Flutter Mane|Protect|p2b: Flutter Mane\n|-singleturn|p2b: Flutter Mane|Protect\n|move|p1a: Flutter Mane|Shadow Ball|p2b: Flutter Mane\n|-activate|p2b: Flutter Mane|move: Protect\n|move|p1b: Murkrow|Foul Play|p2b: Flutter Mane\n|-activate|p2b: Flutter Mane|move: Protect\n|move|p2a: Gyarados|Waterfall|p1a: Flutter Mane\n|-supereffective|p1a: Flutter Mane\n|-damage|p1a: Flutter Mane|0 fnt\n|faint|p1a: Flutter Mane\n|-end|p1a: Flutter Mane|Protosynthesis|[silent]\n|\n|upkeep\n|\n|t:|1682478626\n|switch|p1a: Iron Bundle|Iron Bundle, L50|100\/100\n|-enditem|p1a: Iron Bundle|Booster Energy\n|-activate|p1a: Iron Bundle|ability: Quark Drive|[fromitem]\n|-start|p1a: Iron Bundle|quarkdrivespe\n|turn|3\n|\n|t:|1682478635\n|move|p1a: Iron Bundle|Protect|p1a: Iron Bundle\n|-singleturn|p1a: Iron Bundle|Protect\n|move|p1b: Murkrow|U-turn|p2b: Flutter Mane\n|-resisted|p2b: Flutter Mane\n|-damage|p2b: Flutter Mane|97\/100\n|\n|t:|1682478641\n|switch|p1b: Abomasnow|Abomasnow, L50, F|100\/100|[from] U-turn\n|-weather|Snow|[from] ability: Snow Warning|[of] p1b: Abomasnow\n|move|p2b: Flutter Mane|Thunderbolt|p1a: Iron Bundle\n|-activate|p1a: Iron Bundle|move: Protect\n|move|p2a: Gyarados|Iron Head|p1a: Iron Bundle\n|-activate|p1a: Iron Bundle|move: Protect\n|\n|-weather|Snow|[upkeep]\n|upkeep\n|turn|4\n|\n|t:|1682478659\n|move|p2b: Flutter Mane|Protect|p2b: Flutter Mane\n|-singleturn|p2b: Flutter Mane|Protect\n|move|p1a: Iron Bundle|Blizzard|p2b: Flutter Mane|[spread] p2a\n|-activate|p2b: Flutter Mane|move: Protect\n|-damage|p2a: Gyarados|60\/100\n|move|p1b: Abomasnow|Aurora Veil|p1b: Abomasnow\n|-sidestart|p1: Guilherme84|move: Aurora Veil\n|move|p2a: Gyarados|Iron Head|p1a: Iron Bundle\n|-damage|p1a: Iron Bundle|84\/100\n|\n|-weather|Snow|[upkeep]\n|-sideend|p1: Guilherme84|move: Tailwind\n|upkeep\n|turn|5\n|\n|t:|1682478675\n|-end|p2b: Flutter Mane|Protosynthesis|[silent]\n|switch|p2b: Chien-Pao|Chien-Pao, L50|100\/100\n|-ability|p2b: Chien-Pao|Sword of Ruin\n|move|p1a: Iron Bundle|Blizzard|p2b: Chien-Pao|[spread] p2a,p2b\n|-resisted|p2b: Chien-Pao\n|-damage|p2a: Gyarados|22\/100\n|-damage|p2b: Chien-Pao|66\/100\n|move|p2a: Gyarados|Thunder Wave|p1a: Iron Bundle\n|-status|p1a: Iron Bundle|par\n|move|p1b: Abomasnow|Blizzard|p2b: Chien-Pao|[spread] p2a,p2b\n|-resisted|p2b: Chien-Pao\n|-damage|p2a: Gyarados|0 fnt\n|-damage|p2b: Chien-Pao|40\/100\n|faint|p2a: Gyarados\n|\n|-weather|Snow|[upkeep]\n|upkeep\n|\n|t:|1682478679\n|switch|p2a: Flutter Mane|Flutter Mane, L50|97\/100\n|turn|6\n|inactive|Guilherme84 has 30 seconds left.\n|\n|t:|1682478704\n|move|p2b: Chien-Pao|Sacred Sword|p1b: Abomasnow\n|-supereffective|p1b: Abomasnow\n|-damage|p1b: Abomasnow|47\/100\n|move|p2a: Flutter Mane|Thunderbolt|p1a: Iron Bundle\n|-supereffective|p1a: Iron Bundle\n|-damage|p1a: Iron Bundle|0 fnt\n|faint|p1a: Iron Bundle\n|-end|p1a: Iron Bundle|Quark Drive|[silent]\n|-damage|p2a: Flutter Mane|88\/100|[from] item: Life Orb\n|move|p1b: Abomasnow|Blizzard|p2b: Chien-Pao|[spread] p2a,p2b\n|-resisted|p2b: Chien-Pao\n|-damage|p2a: Flutter Mane|61\/100\n|-damage|p2b: Chien-Pao|16\/100\n|\n|-weather|Snow|[upkeep]\n|upkeep\n|\n|t:|1682478719\n|switch|p1a: Murkrow|Murkrow, L50, M|100\/100\n|turn|7\n|\n|t:|1682478728\n|move|p1a: Murkrow|Tailwind|p1a: Murkrow\n|-sidestart|p1: Guilherme84|move: Tailwind\n|move|p2b: Chien-Pao|Sacred Sword|p1b: Abomasnow\n|-supereffective|p1b: Abomasnow\n|-damage|p1b: Abomasnow|0 fnt\n|faint|p1b: Abomasnow\n|move|p2a: Flutter Mane|Thunderbolt|p1a: Murkrow\n|-supereffective|p1a: Murkrow\n|-damage|p1a: Murkrow|51\/100\n|-damage|p2a: Flutter Mane|52\/100|[from] item: Life Orb\n|\n|-weather|none\n|upkeep\n|turn|8\n|\n|t:|1682478735\n|move|p1a: Murkrow|Foul Play|p2a: Flutter Mane\n|-damage|p2a: Flutter Mane|15\/100\n|move|p2b: Chien-Pao|Ice Spinner|p1a: Murkrow\n|-supereffective|p1a: Murkrow\n|-damage|p1a: Murkrow|0 fnt\n|faint|p1a: Murkrow\n|\n|win|MLGmushroom\n|raw|Guilherme84's rating: 1166 → 1144<\/strong> (-22 for losing)\n|raw|MLGmushroom's rating: 1211 → 1233<\/strong> (+22 for winning)\n|l|\u2606Guilherme84\n","uploadtime":1682478738,"views":10,"p1id":"guilherme84","p2id":"mlgmushroom","formatid":"gen9vgc2023regulationc","rating":1144,"private":0,"password":""}