{"id":"gen9vgc2023regulationc-1849745165","p1":"Rinaco","p2":"sspark","format":"[Gen 9] VGC 2023 Regulation C","log":"|j|\u2606Rinaco\n|j|\u2606sspark\n|t:|1682243997\n|gametype|doubles\n|player|p1|Rinaco|kimonogirl|1356\n|player|p2|sspark|170|1447\n|teamsize|p1|6\n|teamsize|p2|6\n|gen|9\n|tier|[Gen 9] VGC 2023 Regulation C\n|rated|\n|rule|Species Clause: Limit one of each Pok\u00e9mon\n|rule|Item Clause: Limit one of each item\n|clearpoke\n|poke|p1|Torkoal, L50, M|\n|poke|p1|Jumpluff, L50, F|\n|poke|p1|Flutter Mane, L50|\n|poke|p1|Armarouge, L50, F|\n|poke|p1|Dachsbun, L50, M|\n|poke|p1|Wo-Chien, L50|\n|poke|p2|Flutter Mane, L50|\n|poke|p2|Maushold-Four, L50|\n|poke|p2|Gyarados, L50, F|\n|poke|p2|Chi-Yu, L50|\n|poke|p2|Glimmora, L50, M|\n|poke|p2|Scizor, L50, M|\n|teampreview|4\n|inactive|Battle timer is ON: inactive players will automatically lose when time's up. (requested by Rinaco)\n|inactive|Rinaco has 60 seconds left.\n|inactive|sspark has 60 seconds left.\n|inactive|sspark has 30 seconds left.\n|inactive|sspark has 20 seconds left.\n|\n|t:|1682244086\n|start\n|switch|p1a: Armarouge|Armarouge, L50, F|100\/100\n|switch|p1b: Dachsbun|Dachsbun, L50, M|100\/100\n|switch|p2a: Maushold|Maushold-Four, L50|100\/100\n|switch|p2b: Flutter Mane|Flutter Mane, L50|100\/100\n|-enditem|p2b: Flutter Mane|Booster Energy\n|-activate|p2b: Flutter Mane|ability: Protosynthesis|[fromitem]\n|-start|p2b: Flutter Mane|protosynthesisspe\n|turn|1\n|inactive|Rinaco has 30 seconds left.\n|inactive|sspark has 30 seconds left.\n|\n|t:|1682244119\n|-terastallize|p1a: Armarouge|Grass\n|move|p2b: Flutter Mane|Calm Mind|p2b: Flutter Mane\n|-boost|p2b: Flutter Mane|spa|1\n|-boost|p2b: Flutter Mane|spd|1\n|move|p1a: Armarouge|Lava Plume|p2a: Maushold|[spread] p2a,p2b\n|-ability|p1b: Dachsbun|Well-Baked Body|boost\n|-boost|p1b: Dachsbun|def|2\n|-damage|p2a: Maushold|68\/100\n|-damage|p2b: Flutter Mane|91\/100\n|move|p2a: Maushold|Thunder Wave|p1b: Dachsbun\n|-status|p1b: Dachsbun|par\n|move|p1b: Dachsbun|Substitute|p1b: Dachsbun\n|-start|p1b: Dachsbun|Substitute\n|-damage|p1b: Dachsbun|75\/100 par\n|\n|-heal|p1b: Dachsbun|82\/100 par|[from] item: Leftovers\n|upkeep\n|turn|2\n|inactive|sspark has 30 seconds left.\n|inactive|sspark has 20 seconds left.\n|inactive|sspark has 15 seconds left.\n|inactive|sspark has 10 seconds left.\n|\n|t:|1682244165\n|switch|p1a: Torkoal|Torkoal, L50, M|100\/100\n|-weather|SunnyDay|[from] ability: Drought|[of] p1a: Torkoal\n|move|p2a: Maushold|Protect|p2a: Maushold\n|-singleturn|p2a: Maushold|Protect\n|move|p2b: Flutter Mane|Calm Mind|p2b: Flutter Mane\n|-boost|p2b: Flutter Mane|spa|1\n|-boost|p2b: Flutter Mane|spd|1\n|move|p1b: Dachsbun|Snarl|p2a: Maushold|[spread] p2b\n|-activate|p2a: Maushold|move: Protect\n|-damage|p2b: Flutter Mane|89\/100\n|-unboost|p2b: Flutter Mane|spa|1\n|\n|-weather|SunnyDay|[upkeep]\n|-heal|p1b: Dachsbun|88\/100 par|[from] item: Leftovers\n|upkeep\n|turn|3\n|inactive|sspark has 30 seconds left.\n|inactive|sspark has 20 seconds left.\n|inactive|sspark has 15 seconds left.\n|\n|t:|1682244206\n|move|p2b: Flutter Mane|Moonblast|p1b: Dachsbun\n|-end|p1b: Dachsbun|Substitute\n|move|p2a: Maushold|Thunder Wave|p1a: Torkoal\n|-status|p1a: Torkoal|par\n|move|p1b: Dachsbun|Snarl|p2b: Flutter Mane|[spread] p2a,p2b\n|-damage|p2a: Maushold|60\/100\n|-damage|p2b: Flutter Mane|87\/100\n|-unboost|p2a: Maushold|spa|1\n|-unboost|p2b: Flutter Mane|spa|1\n|cant|p1a: Torkoal|par\n|\n|-weather|SunnyDay|[upkeep]\n|-heal|p1b: Dachsbun|94\/100 par|[from] item: Leftovers\n|upkeep\n|turn|4\n|\n|t:|1682244229\n|switch|p2a: Chi-Yu|Chi-Yu, L50|100\/100\n|-ability|p2a: Chi-Yu|Beads of Ruin\n|move|p2b: Flutter Mane|Moonblast|p1b: Dachsbun\n|-damage|p1b: Dachsbun|42\/100 par\n|move|p1b: Dachsbun|Snarl|p2a: Chi-Yu|[spread] p2a\n|-miss|p1b: Dachsbun|p2b: Flutter Mane\n|-resisted|p2a: Chi-Yu\n|-damage|p2a: Chi-Yu|97\/100\n|-unboost|p2a: Chi-Yu|spa|1\n|move|p1a: Torkoal|Lava Plume|p2a: Chi-Yu|[spread] p2a,p2b\n|-ability|p1b: Dachsbun|Well-Baked Body|boost\n|-boost|p1b: Dachsbun|def|2\n|-resisted|p2a: Chi-Yu\n|-damage|p2a: Chi-Yu|83\/100\n|-damage|p2b: Flutter Mane|73\/100\n|\n|-weather|SunnyDay|[upkeep]\n|-heal|p1b: Dachsbun|48\/100 par|[from] item: Leftovers\n|upkeep\n|turn|5\n|inactive|sspark has 30 seconds left.\n|inactive|sspark has 20 seconds left.\n|inactive|sspark has 15 seconds left.\n|\n|t:|1682244270\n|move|p2b: Flutter Mane|Moonblast|p1b: Dachsbun\n|-damage|p1b: Dachsbun|0 fnt\n|faint|p1b: Dachsbun\n|move|p2a: Chi-Yu|Dark Pulse|p1a: Torkoal\n|-damage|p1a: Torkoal|60\/100 par\n|cant|p1a: Torkoal|par\n|\n|-weather|SunnyDay|[upkeep]\n|upkeep\n|\n|t:|1682244285\n|switch|p1b: Flutter Mane|Flutter Mane, L50|100\/100\n|-activate|p1b: Flutter Mane|ability: Protosynthesis\n|-start|p1b: Flutter Mane|protosynthesisspe\n|turn|6\n|\n|t:|1682244301\n|move|p1a: Torkoal|Helping Hand|p1b: Flutter Mane\n|-singleturn|p1b: Flutter Mane|Helping Hand|[of] p1a: Torkoal\n|move|p2b: Flutter Mane|Protect|p2b: Flutter Mane\n|-singleturn|p2b: Flutter Mane|Protect\n|move|p2a: Chi-Yu|Protect|p2a: Chi-Yu\n|-singleturn|p2a: Chi-Yu|Protect\n|move|p1b: Flutter Mane|Dazzling Gleam|p2b: Flutter Mane|[spread] \n|-activate|p2a: Chi-Yu|move: Protect\n|-activate|p2b: Flutter Mane|move: Protect\n|\n|-weather|none\n|-end|p1b: Flutter Mane|Protosynthesis\n|upkeep\n|turn|7\n|\n|t:|1682244317\n|-end|p1b: Flutter Mane|Protosynthesis|[silent]\n|switch|p1b: Armarouge|Armarouge, L50, F, tera:Grass|100\/100\n|switch|p2a: Maushold|Maushold-Four, L50|60\/100\n|move|p2b: Flutter Mane|Shadow Ball|p1b: Armarouge\n|-damage|p1b: Armarouge|56\/100\n|move|p1a: Torkoal|Yawn|p2b: Flutter Mane\n|-start|p2b: Flutter Mane|move: Yawn|[of] p1a: Torkoal\n|\n|upkeep\n|turn|8\n|inactive|sspark has 30 seconds left.\n|\n|t:|1682244344\n|move|p2b: Flutter Mane|Calm Mind|p2b: Flutter Mane\n|-boost|p2b: Flutter Mane|spa|1\n|-boost|p2b: Flutter Mane|spd|1\n|move|p1b: Armarouge|Aura Sphere|p2a: Maushold\n|-supereffective|p2a: Maushold\n|-damage|p2a: Maushold|0 fnt\n|faint|p2a: Maushold\n|move|p1a: Torkoal|Yawn||[still]\n|-fail|p1a: Torkoal\n|\n|-end|p2b: Flutter Mane|move: Yawn|[silent]\n|-status|p2b: Flutter Mane|slp\n|upkeep\n|\n|t:|1682244355\n|switch|p2a: Glimmora|Glimmora, L50, M|100\/100\n|turn|9\n|inactive|sspark has 30 seconds left.\n|\n|t:|1682244383\n|cant|p2b: Flutter Mane|slp\n|move|p1b: Armarouge|Aura Sphere|p2a: Glimmora\n|-damage|p2a: Glimmora|82\/100\n|move|p2a: Glimmora|Sludge Bomb|p1b: Armarouge\n|-supereffective|p1b: Armarouge\n|-crit|p1b: Armarouge\n|-damage|p1b: Armarouge|0 fnt\n|faint|p1b: Armarouge\n|move|p1a: Torkoal|Earth Power|p2a: Glimmora\n|-supereffective|p2a: Glimmora\n|-damage|p2a: Glimmora|29\/100\n|\n|upkeep\n|\n|t:|1682244395\n|switch|p1b: Flutter Mane|Flutter Mane, L50|100\/100\n|turn|10\n|\n|t:|1682244416\n|move|p1a: Torkoal|Helping Hand|p1b: Flutter Mane\n|-singleturn|p1b: Flutter Mane|Helping Hand|[of] p1a: Torkoal\n|cant|p2b: Flutter Mane|slp\n|move|p1b: Flutter Mane|Shadow Ball|p2b: Flutter Mane\n|-supereffective|p2b: Flutter Mane\n|-damage|p2b: Flutter Mane|9\/100 slp\n|move|p2a: Glimmora|Sludge Bomb|p1b: Flutter Mane\n|-damage|p1b: Flutter Mane|45\/100\n|\n|upkeep\n|turn|11\n|inactive|sspark has 30 seconds left.\n|\n|t:|1682244443\n|-curestatus|p2b: Flutter Mane|slp|[msg]\n|move|p2b: Flutter Mane|Shadow Ball|p1b: Flutter Mane\n|-supereffective|p1b: Flutter Mane\n|-damage|p1b: Flutter Mane|0 fnt\n|faint|p1b: Flutter Mane\n|-end|p1b: Flutter Mane|Protosynthesis|[silent]\n|move|p2a: Glimmora|Sludge Bomb|p1a: Torkoal\n|-damage|p1a: Torkoal|7\/100 par\n|move|p1a: Torkoal|Earth Power|p2a: Glimmora\n|-supereffective|p2a: Glimmora\n|-damage|p2a: Glimmora|0 fnt\n|faint|p2a: Glimmora\n|\n|upkeep\n|\n|t:|1682244453\n|switch|p2a: Chi-Yu|Chi-Yu, L50|83\/100\n|-ability|p2a: Chi-Yu|Beads of Ruin\n|turn|12\n|\n|t:|1682244458\n|move|p2b: Flutter Mane|Shadow Ball|p1a: Torkoal\n|-damage|p1a: Torkoal|0 fnt\n|faint|p1a: Torkoal\n|\n|win|sspark\n|raw|Rinaco's rating: 1356 → 1341<\/strong> (-15 for losing)\n|raw|sspark's rating: 1447 → 1462<\/strong> (+15 for winning)\n|l|\u2606Rinaco\n","uploadtime":1682244740,"views":16,"p1id":"rinaco","p2id":"sspark","formatid":"gen9vgc2023regulationc","rating":1341,"private":0,"password":""}