{"id":"gen9vgc2023regulationc-1848875872","p1":"Nucleartoad","p2":"Slakingcach0nd0","format":"[Gen 9] VGC 2023 Regulation C","log":"|j|\u2606Nucleartoad\n|j|\u2606Slakingcach0nd0\n|t:|1682120567\n|gametype|doubles\n|player|p1|Nucleartoad|janine|1322\n|player|p2|Slakingcach0nd0|twins-gen4dp|1230\n|teamsize|p1|6\n|teamsize|p2|6\n|gen|9\n|tier|[Gen 9] VGC 2023 Regulation C\n|rated|\n|rule|Species Clause: Limit one of each Pok\u00e9mon\n|rule|Item Clause: Limit one of each item\n|clearpoke\n|poke|p1|Sunflora, L50, M|\n|poke|p1|Torkoal, L50, M|\n|poke|p1|Hatterene, L50, F|\n|poke|p1|Hariyama, L50, M|\n|poke|p1|Flamigo, L50, F|\n|poke|p1|Luxray, L50, M|\n|poke|p2|Chi-Yu, L50|\n|poke|p2|Flutter Mane, L50|\n|poke|p2|Dachsbun, L50, M|\n|poke|p2|Gyarados, L50, M|\n|poke|p2|Amoonguss, L50, M|\n|poke|p2|Dragonite, L50, F|\n|teampreview|4\n|inactive|Battle timer is ON: inactive players will automatically lose when time's up. (requested by Nucleartoad)\n|inactive|Slakingcach0nd0 has 60 seconds left.\n|\n|t:|1682120643\n|start\n|switch|p1a: Yo-Ya Ma|Hariyama, L50, M|100\/100\n|switch|p1b: Irene Cara|Hatterene, L50, F|100\/100\n|switch|p2a: Flutter Mane|Flutter Mane, L50|100\/100\n|switch|p2b: Amoonguss|Amoonguss, L50, M, shiny|100\/100\n|turn|1\n|\n|t:|1682120666\n|move|p1a: Yo-Ya Ma|Fake Out|p2b: Amoonguss\n|-damage|p2b: Amoonguss|87\/100\n|move|p2a: Flutter Mane|Shadow Ball|p1b: Irene Cara\n|-supereffective|p1b: Irene Cara\n|-enditem|p1b: Irene Cara|Focus Sash\n|-damage|p1b: Irene Cara|1\/100\n|-damage|p2a: Flutter Mane|90\/100|[from] item: Life Orb\n|cant|p2b: Amoonguss|flinch\n|move|p1b: Irene Cara|Trick Room|p1b: Irene Cara\n|-fieldstart|move: Trick Room|[of] p1b: Irene Cara\n|\n|-status|p1a: Yo-Ya Ma|brn|[from] item: Flame Orb\n|upkeep\n|turn|2\n|\n|t:|1682120688\n|move|p2b: Amoonguss|Rage Powder|p2b: Amoonguss\n|-singleturn|p2b: Amoonguss|move: Rage Powder\n|move|p1b: Irene Cara|Psychic|p2b: Amoonguss\n|-supereffective|p2b: Amoonguss\n|-damage|p2b: Amoonguss|0 fnt\n|faint|p2b: Amoonguss\n|move|p1a: Yo-Ya Ma|Headlong Rush|p2a: Flutter Mane\n|-damage|p2a: Flutter Mane|0 fnt\n|-unboost|p1a: Yo-Ya Ma|def|1\n|-unboost|p1a: Yo-Ya Ma|spd|1\n|faint|p2a: Flutter Mane\n|-end|p2a: Flutter Mane|Protosynthesis|[silent]\n|\n|-damage|p1a: Yo-Ya Ma|95\/100 brn|[from] brn\n|upkeep\n|\n|t:|1682120704\n|switch|p2b: Gyarados|Gyarados, L50, M, shiny|100\/100\n|switch|p2a: Dragonite|Dragonite, L50, F, shiny|100\/100\n|-ability|p2b: Gyarados|Intimidate|boost\n|-unboost|p1a: Yo-Ya Ma|atk|1\n|-unboost|p1b: Irene Cara|atk|1\n|turn|3\n|inactive|Nucleartoad has 30 seconds left.\n|inactive|Slakingcach0nd0 has 30 seconds left.\n|inactive|Slakingcach0nd0 has 20 seconds left.\n|inactive|Slakingcach0nd0 has 15 seconds left.\n|inactive|Slakingcach0nd0 has 10 seconds left.\n|inactive|Slakingcach0nd0 has 5 seconds left.\n|\n|t:|1682120755\n|switch|p1b: Ray Charles|Luxray, L50, M|100\/100\n|-ability|p1b: Ray Charles|Intimidate|boost\n|-unboost|p2a: Dragonite|atk|1\n|-unboost|p2b: Gyarados|atk|1\n|-terastallize|p2a: Dragonite|Normal\n|move|p1a: Yo-Ya Ma|Close Combat|p2a: Dragonite\n|-supereffective|p2a: Dragonite\n|-damage|p2a: Dragonite|21\/100\n|-unboost|p1a: Yo-Ya Ma|def|1\n|-unboost|p1a: Yo-Ya Ma|spd|1\n|move|p2a: Dragonite|Outrage|p1a: Yo-Ya Ma\n|-damage|p1a: Yo-Ya Ma|0 fnt\n|faint|p1a: Yo-Ya Ma\n|move|p2b: Gyarados|Waterfall|p1b: Ray Charles\n|-damage|p1b: Ray Charles|79\/100\n|\n|upkeep\n|inactive|Nucleartoad has 30 seconds left.\n|\n|t:|1682120781\n|switch|p1a: FlamingoLips|Flamigo, L50, F|100\/100\n|turn|4\n|\n|t:|1682120796\n|move|p1a: FlamingoLips|Feint|p2b: Gyarados\n|-damage|p2b: Gyarados|91\/100\n|move|p1b: Ray Charles|Volt Switch|p2b: Gyarados\n|-supereffective|p2b: Gyarados\n|-damage|p2b: Gyarados|1\/100\n|\n|t:|1682120802\n|switch|p1b: Irene Cara|Hatterene, L50, F|1\/100|[from] Volt Switch\n|move|p2a: Dragonite|Outrage|p1a: FlamingoLips|[from]lockedmove\n|-damage|p1a: FlamingoLips|18\/100\n|move|p2b: Gyarados|Waterfall|p1a: FlamingoLips\n|-damage|p1a: FlamingoLips|0 fnt\n|faint|p1a: FlamingoLips\n|\n|upkeep\n|\n|t:|1682120811\n|switch|p1a: Ray Charles|Luxray, L50, M|79\/100\n|-ability|p1a: Ray Charles|Intimidate|boost\n|-unboost|p2a: Dragonite|atk|1\n|-unboost|p2b: Gyarados|atk|1\n|turn|5\n|\n|t:|1682120827\n|move|p1b: Irene Cara|Psychic|p2a: Dragonite\n|-crit|p2a: Dragonite\n|-damage|p2a: Dragonite|0 fnt\n|faint|p2a: Dragonite\n|move|p1a: Ray Charles|Volt Switch|p2b: Gyarados\n|-supereffective|p2b: Gyarados\n|-damage|p2b: Gyarados|0 fnt\n|faint|p2b: Gyarados\n|\n|win|Nucleartoad\n|raw|Nucleartoad's rating: 1322 → 1337<\/strong> (+15 for winning)\n|raw|Slakingcach0nd0's rating: 1230 → 1211<\/strong> (-19 for losing)\n|c|\u2606Nucleartoad|Gg\n|l|\u2606Slakingcach0nd0\n|l|\u2606Nucleartoad\n|j|\u2606Nucleartoad\n|player|p1|Nucleartoad|janine\n","uploadtime":1682120848,"views":6,"p1id":"nucleartoad","p2id":"slakingcach0nd0","formatid":"gen9vgc2023regulationc","rating":1211,"private":0,"password":""}