{"id":"gen9vgc2023regulationc-1858649207","p1":"SbradyB","p2":"odetojank3","format":"[Gen 9] VGC 2023 Regulation C","log":"|j|\u2606SbradyB\n|j|\u2606odetojank3\n|t:|1683337228\n|gametype|doubles\n|player|p1|SbradyB|169|1457\n|player|p2|odetojank3|265|1385\n|teamsize|p1|6\n|teamsize|p2|6\n|gen|9\n|tier|[Gen 9] VGC 2023 Regulation C\n|rated|\n|rule|Species Clause: Limit one of each Pok\u00e9mon\n|rule|Item Clause: Limit one of each item\n|clearpoke\n|poke|p1|Chi-Yu, L50|\n|poke|p1|Gyarados, L50, F|\n|poke|p1|Wo-Chien, L50|\n|poke|p1|Dragonite, L50, M|\n|poke|p1|Glimmora, L50, M|\n|poke|p1|Flutter Mane, L50|\n|poke|p2|Klefki, L50, F|\n|poke|p2|Gholdengo, L50|\n|poke|p2|Maushold-Four, L50|\n|poke|p2|Annihilape, L50, F|\n|poke|p2|Iron Bundle, L50|\n|poke|p2|Azumarill, L50, F|\n|teampreview|4\n|j| TheChinerVGC\nodetojank3 has agreed to open team sheets.\n|inactive|Battle timer is ON: inactive players will automatically lose when time's up. (requested by SbradyB)\n|inactive|SbradyB has 60 seconds left.\n|inactive|odetojank3 has 60 seconds left.\n|inactive|SbradyB has 30 seconds left.\n|\n|t:|1683337302\n|start\n|switch|p1a: Flutter Mane|Flutter Mane, L50|100\/100\n|switch|p1b: Chi-Yu|Chi-Yu, L50|100\/100\n|switch|p2a: Klefki|Klefki, L50, F|100\/100\n|switch|p2b: Azumarill|Azumarill, L50, F|100\/100\n|-ability|p1b: Chi-Yu|Beads of Ruin\n|turn|1\n|inactive|SbradyB has 30 seconds left.\n|inactive|SbradyB has 20 seconds left.\n|inactive|SbradyB has 15 seconds left.\n|\n|t:|1683337344\n|-end|p1a: Flutter Mane|Protosynthesis|[silent]\n|switch|p1a: Wo-Chien|Wo-Chien, L50|100\/100\n|-ability|p1a: Wo-Chien|Tablets of Ruin\n|move|p1b: Chi-Yu|Protect|p1b: Chi-Yu\n|-singleturn|p1b: Chi-Yu|Protect\n|move|p2a: Klefki|Light Screen|p2a: Klefki\n|-sidestart|p2: odetojank3|move: Light Screen\n|move|p2b: Azumarill|Play Rough|p1b: Chi-Yu\n|-activate|p1b: Chi-Yu|move: Protect\n|\n|upkeep\n|turn|2\n|inactive|SbradyB has 30 seconds left.\n|inactive|odetojank3 has 30 seconds left.\n|inactive|odetojank3 has 20 seconds left.\n|\n|t:|1683337379\n|switch|p2a: Annihilape|Annihilape, L50, F|100\/100\n|-terastallize|p2b: Azumarill|Fire\n|move|p1b: Chi-Yu|Heat Wave|p2a: Annihilape|[spread] p2a,p2b\n|-resisted|p2b: Azumarill\n|-damage|p2a: Annihilape|79\/100\n|-damage|p2b: Azumarill|89\/100\n|move|p1a: Wo-Chien|Giga Drain|p2b: Azumarill\n|-resisted|p2b: Azumarill\n|-damage|p2b: Azumarill|79\/100\n|move|p2b: Azumarill|Play Rough|p1a: Wo-Chien\n|-supereffective|p1a: Wo-Chien\n|-damage|p1a: Wo-Chien|22\/100\n|\n|-heal|p2a: Annihilape|85\/100|[from] item: Leftovers\n|upkeep\n|turn|3\n|inactive|SbradyB has 30 seconds left.\n|\n|t:|1683337412\n|-terastallize|p1b: Chi-Yu|Water\n|move|p1b: Chi-Yu|Nasty Plot|p1b: Chi-Yu\n|-boost|p1b: Chi-Yu|spa|2\n|move|p2a: Annihilape|Bulk Up|p2a: Annihilape\n|-boost|p2a: Annihilape|atk|1\n|-boost|p2a: Annihilape|def|1\n|move|p1a: Wo-Chien|Ruination|p2a: Annihilape\n|-damage|p2a: Annihilape|43\/100\n|move|p2b: Azumarill|Liquidation|p1b: Chi-Yu\n|-resisted|p1b: Chi-Yu\n|-damage|p1b: Chi-Yu|78\/100\n|\n|-heal|p1b: Chi-Yu|84\/100|[from] item: Leftovers\n|-heal|p2a: Annihilape|49\/100|[from] item: Leftovers\n|upkeep\n|turn|4\n|inactive|SbradyB has 30 seconds left.\n|\n|t:|1683337437\n|move|p1b: Chi-Yu|Dark Pulse|p2a: Annihilape\n|-damage|p2a: Annihilape|0 fnt\n|faint|p2a: Annihilape\n|move|p1a: Wo-Chien|Ruination|p2b: Azumarill\n|-damage|p2b: Azumarill|40\/100\n|move|p2b: Azumarill|Play Rough|p1b: Chi-Yu\n|-damage|p1b: Chi-Yu|33\/100\n|\n|-heal|p1b: Chi-Yu|39\/100|[from] item: Leftovers\n|upkeep\n|\n|t:|1683337449\n|switch|p2a: Klefki|Klefki, L50, F|100\/100\n|turn|5\n|inactive|SbradyB has 30 seconds left.\n|inactive|SbradyB has 20 seconds left.\n|\n|t:|1683337487\n|move|p2a: Klefki|Reflect|p2a: Klefki\n|-sidestart|p2: odetojank3|Reflect\n|move|p1b: Chi-Yu|Dark Pulse|p2b: Azumarill\n|-damage|p2b: Azumarill|0 fnt\n|faint|p2b: Azumarill\n|move|p1a: Wo-Chien|Pollen Puff|p1b: Chi-Yu\n|-heal|p1b: Chi-Yu|89\/100\n|\n|-heal|p1b: Chi-Yu|95\/100|[from] item: Leftovers\n|upkeep\n|\n|t:|1683337492\n|switch|p2b: Gholdengo|Gholdengo, L50|100\/100\n|turn|6\n|\n|t:|1683337504\n|move|p1b: Chi-Yu|Protect|p1b: Chi-Yu\n|-singleturn|p1b: Chi-Yu|Protect\n|move|p2b: Gholdengo|Shadow Ball|p1b: Chi-Yu\n|-activate|p1b: Chi-Yu|move: Protect\n|move|p2a: Klefki|Foul Play|p1b: Chi-Yu\n|-activate|p1b: Chi-Yu|move: Protect\n|move|p1a: Wo-Chien|Snarl|p2b: Gholdengo|[spread] p2a,p2b\n|-resisted|p2a: Klefki\n|-supereffective|p2b: Gholdengo\n|-crit|p2b: Gholdengo\n|-damage|p2a: Klefki|93\/100\n|-damage|p2b: Gholdengo|35\/100\n|-unboost|p2a: Klefki|spa|1\n|-unboost|p2b: Gholdengo|spa|1\n|-enditem|p2b: Gholdengo|Sitrus Berry|[eat]\n|-heal|p2b: Gholdengo|59\/100|[from] item: Sitrus Berry\n|\n|-heal|p1b: Chi-Yu|100\/100|[from] item: Leftovers\n|upkeep\n|turn|7\n|\n|t:|1683337526\n|move|p2a: Klefki|Thunder Wave|p1b: Chi-Yu\n|-status|p1b: Chi-Yu|par\n|move|p2b: Gholdengo|Nasty Plot|p2b: Gholdengo\n|-boost|p2b: Gholdengo|spa|2\n|move|p1a: Wo-Chien|Snarl|p2b: Gholdengo|[spread] p2a,p2b\n|-resisted|p2a: Klefki\n|-supereffective|p2b: Gholdengo\n|-damage|p2a: Klefki|85\/100\n|-damage|p2b: Gholdengo|31\/100\n|-unboost|p2a: Klefki|spa|1\n|-unboost|p2b: Gholdengo|spa|1\n|move|p1b: Chi-Yu|Dark Pulse|p2b: Gholdengo\n|-supereffective|p2b: Gholdengo\n|-damage|p2b: Gholdengo|0 fnt\n|faint|p2b: Gholdengo\n|\n|upkeep\n|turn|8\n|\n|t:|1683337549\n|move|p2a: Klefki|Light Screen||[still]\n|-fail|p2a: Klefki\n|move|p1a: Wo-Chien|Ruination|p2a: Klefki\n|-damage|p2a: Klefki|43\/100\n|move|p1b: Chi-Yu|Heat Wave|p2a: Klefki\n|-supereffective|p2a: Klefki\n|-damage|p2a: Klefki|0 fnt\n|faint|p2a: Klefki\n|\n|win|SbradyB\n|raw|SbradyB's rating: 1457 → 1473<\/strong> (+16 for winning)\n|raw|odetojank3's rating: 1385 → 1369<\/strong> (-16 for losing)\n","uploadtime":1683337580,"views":17,"p1id":"sbradyb","p2id":"odetojank3","formatid":"gen9vgc2023regulationc","rating":1369,"private":0,"password":""}