{"id":"gen9vgc2023regulationc-1852126142","p1":"WooperFan1122","p2":"Lewlo","format":"[Gen 9] VGC 2023 Regulation C","log":"|j|\u2606WooperFan1122\n|j|\u2606Lewlo\n|t:|1682526266\n|gametype|doubles\n|player|p1|WooperFan1122|wallace|1364\n|player|p2|Lewlo|pokemonbreeder-gen4|1390\n|teamsize|p1|6\n|teamsize|p2|6\n|gen|9\n|tier|[Gen 9] VGC 2023 Regulation C\n|rated|\n|rule|Species Clause: Limit one of each Pok\u00e9mon\n|rule|Item Clause: Limit one of each item\n|clearpoke\n|poke|p1|Dondozo, L50, F|\n|poke|p1|Tatsugiri-Droopy, L50, F|\n|poke|p1|Pelipper, L50, F|\n|poke|p1|Drednaw, L50, M|\n|poke|p1|Dragonite, L50, F|\n|poke|p1|Chien-Pao, L50|\n|poke|p2|Chien-Pao, L50|\n|poke|p2|Dragonite, L50, F|\n|poke|p2|Azumarill, L50, M|\n|poke|p2|Amoonguss, L50, F|\n|poke|p2|Arcanine, L50, M|\n|poke|p2|Flutter Mane, L50|\n|teampreview|4\n|inactive|Battle timer is ON: inactive players will automatically lose when time's up. (requested by Lewlo)\nLewlo has agreed to open team sheets.\nWooperFan1122 rejected open team sheets.\n|\n|t:|1682526295\n|start\n|switch|p1a: Pelipper|Pelipper, L50, F|100\/100\n|switch|p1b: Dondozo|Dondozo, L50, F|100\/100\n|switch|p2a: Arcanine|Arcanine, L50, M|100\/100\n|switch|p2b: Flutter Mane|Flutter Mane, L50|100\/100\n|-ability|p2a: Arcanine|Intimidate|boost\n|-unboost|p1a: Pelipper|atk|1\n|-unboost|p1b: Dondozo|atk|1\n|-weather|RainDance|[from] ability: Drizzle|[of] p1a: Pelipper\n|-enditem|p2b: Flutter Mane|Booster Energy\n|-activate|p2b: Flutter Mane|ability: Protosynthesis|[fromitem]\n|-start|p2b: Flutter Mane|protosynthesisspa\n|turn|1\n|\n|t:|1682526315\n|switch|p1a: Tatsugiri|Tatsugiri-Droopy, L50, F, shiny|100\/100\n|-activate|p1a: Tatsugiri|ability: Commander|[of] p1b: Dondozo\n|-boost|p1b: Dondozo|atk|2\n|-boost|p1b: Dondozo|spa|2\n|-boost|p1b: Dondozo|spe|2\n|-boost|p1b: Dondozo|def|2\n|-boost|p1b: Dondozo|spd|2\n|-terastallize|p2a: Arcanine|Grass\n|-terastallize|p1b: Dondozo|Water\n|move|p2b: Flutter Mane|Protect|p2b: Flutter Mane\n|-singleturn|p2b: Flutter Mane|Protect\n|move|p1b: Dondozo|Surf|p2b: Flutter Mane|[spread] p2a\n|-miss|p1b: Dondozo|p1a: Tatsugiri\n|-activate|p2b: Flutter Mane|move: Protect\n|-resisted|p2a: Arcanine\n|-damage|p2a: Arcanine|49\/100\n|-damage|p1b: Dondozo|91\/100|[from] item: Life Orb\n|move|p2a: Arcanine|Will-O-Wisp|p1b: Dondozo\n|-status|p1b: Dondozo|brn\n|\n|-weather|RainDance|[upkeep]\n|-damage|p1b: Dondozo|85\/100 brn|[from] brn\n|upkeep\n|turn|2\n|\n|t:|1682526336\n|-end|p2b: Flutter Mane|Protosynthesis|[silent]\n|switch|p2b: Amoonguss|Amoonguss, L50, F|100\/100\n|move|p1b: Dondozo|Surf|p2b: Amoonguss|[spread] p2a,p2b\n|-miss|p1b: Dondozo|p1a: Tatsugiri\n|-resisted|p2a: Arcanine\n|-resisted|p2b: Amoonguss\n|-damage|p2a: Arcanine|0 fnt\n|-damage|p2b: Amoonguss|52\/100\n|faint|p2a: Arcanine\n|-damage|p1b: Dondozo|75\/100 brn|[from] item: Life Orb\n|\n|-weather|RainDance|[upkeep]\n|-damage|p1b: Dondozo|69\/100 brn|[from] brn\n|upkeep\n|c|\u2606WooperFan1122|wisp haha\n|\n|t:|1682526345\n|switch|p2a: Flutter Mane|Flutter Mane, L50|100\/100\n|turn|3\n|\n|t:|1682526358\n|move|p2a: Flutter Mane|Protect|p2a: Flutter Mane\n|-singleturn|p2a: Flutter Mane|Protect\n|move|p1b: Dondozo|Surf|p2b: Amoonguss|[spread] p2b\n|-miss|p1b: Dondozo|p1a: Tatsugiri\n|-activate|p2a: Flutter Mane|move: Protect\n|-resisted|p2b: Amoonguss\n|-damage|p2b: Amoonguss|0 fnt\n|faint|p2b: Amoonguss\n|-damage|p1b: Dondozo|59\/100 brn|[from] item: Life Orb\n|\n|-weather|RainDance|[upkeep]\n|-damage|p1b: Dondozo|53\/100 brn|[from] brn\n|upkeep\n|c|\u2606WooperFan1122|i am special attacker\n|\n|t:|1682526365\n|switch|p2b: Azumarill|Azumarill, L50, M|100\/100\n|turn|4\n|c|\u2606Lewlo|You sure\n|\n|t:|1682526373\n|move|p1b: Dondozo|Surf|p2b: Azumarill|[spread] p2a,p2b\n|-miss|p1b: Dondozo|p1a: Tatsugiri\n|-resisted|p2b: Azumarill\n|-damage|p2a: Flutter Mane|0 fnt\n|-damage|p2b: Azumarill|59\/100\n|faint|p2a: Flutter Mane\n|-end|p2a: Flutter Mane|Protosynthesis|[silent]\n|-damage|p1b: Dondozo|43\/100 brn|[from] item: Life Orb\n|move|p2b: Azumarill|Play Rough|p1b: Dondozo\n|-damage|p1b: Dondozo|20\/100 brn\n|\n|-weather|RainDance|[upkeep]\n|-damage|p1b: Dondozo|14\/100 brn|[from] brn\n|upkeep\n|turn|5\n|c|\u2606WooperFan1122|yh surf just killed your whole team\n|c|\u2606Lewlo|Yep\n|\n|t:|1682526387\n|move|p2b: Azumarill|Aqua Jet|p1b: Dondozo\n|-resisted|p1b: Dondozo\n|-damage|p1b: Dondozo|6\/100 brn\n|move|p1b: Dondozo|Surf|p2b: Azumarill|[spread] p2b\n|-miss|p1b: Dondozo|p1a: Tatsugiri\n|-resisted|p2b: Azumarill\n|-damage|p2b: Azumarill|20\/100\n|-damage|p1b: Dondozo|0 fnt|[from] item: Life Orb\n|faint|p1b: Dondozo\n|\n|-weather|RainDance|[upkeep]\n|upkeep\n|\n|t:|1682526390\n|switch|p1b: Drednaw|Drednaw, L50, M|100\/100\n|turn|6\n|\n|t:|1682526402\n|move|p1a: Tatsugiri|Helping Hand|p1b: Drednaw\n|-singleturn|p1b: Drednaw|Helping Hand|[of] p1a: Tatsugiri\n|move|p1b: Drednaw|Earthquake|p2b: Azumarill|[spread] p1a,p2b\n|-crit|p2b: Azumarill\n|-damage|p1a: Tatsugiri|0 fnt\n|-damage|p2b: Azumarill|0 fnt\n|faint|p1a: Tatsugiri\n|faint|p2b: Azumarill\n|\n|win|WooperFan1122\n|raw|WooperFan1122's rating: 1364 → 1385<\/strong> (+21 for winning)\n|raw|Lewlo's rating: 1390 → 1369<\/strong> (-21 for losing)\n|c|\u2606WooperFan1122|xD\n|c|\u2606WooperFan1122|gg\n|c|\u2606Lewlo|gg\n|l|\u2606WooperFan1122\n","uploadtime":1682526414,"views":16,"p1id":"wooperfan1122","p2id":"lewlo","formatid":"gen9vgc2023regulationc","rating":1369,"private":0,"password":""}