{"id":"gen9vgc2023regulationc-1854884725","p1":"muddyswamppert","p2":"Keveloper","format":"[Gen 9] VGC 2023 Regulation C","log":"|j|\u2606muddyswamppert\n|j|\u2606Keveloper\n|t:|1682876949\n|gametype|doubles\n|player|p1|muddyswamppert|cynthia-gen4|\n|player|p2|Keveloper|lucas|\n|teamsize|p1|6\n|teamsize|p2|6\n|gen|9\n|tier|[Gen 9] VGC 2023 Regulation C\n|rule|Species Clause: Limit one of each Pok\u00e9mon\n|rule|Item Clause: Limit one of each item\n|clearpoke\n|poke|p1|Drednaw, L50, M|\n|poke|p1|Amoonguss, L50, F|\n|poke|p1|Pelipper, L50, M|\n|poke|p1|Baxcalibur, L50, M|\n|poke|p1|Scizor, L50, M|\n|poke|p1|Iron Valiant, L50|\n|poke|p2|Orthworm, L50, M|\n|poke|p2|Dragonite, L50, F|\n|poke|p2|Ting-Lu, L50|\n|poke|p2|Gyarados, L50, F|\n|poke|p2|Flutter Mane, L50|\n|poke|p2|Chien-Pao, L50|\n|teampreview|4\n|inactive|Battle timer is ON: inactive players will automatically lose when time's up. (requested by muddyswamppert)\n|c|\u2606muddyswamppert|glhf\n|c|\u2606Keveloper|turn off timer, we're on stream\nmuddyswamppert has agreed to open team sheets.\n|inactiveoff|Battle timer is now OFF.\n|c|\u2606Keveloper|we gotta get smoke in first\n|c|\u2606muddyswamppert|kk\nKeveloper has agreed to open team sheets.\n|j| SirSmokeVGC\n|c|\u2606Keveloper|You ready??\n|c|\u2606muddyswamppert|yep\n|c|\u2606Keveloper|glhf!\n|inactive|Battle timer is ON: inactive players will automatically lose when time's up. (requested by Keveloper)\n|c|\u2606muddyswamppert|U2\n|inactive|Keveloper has 30 seconds left.\n|inactive|Keveloper has 20 seconds left.\n|inactive|Keveloper has 15 seconds left.\n|inactive|Keveloper has 10 seconds left.\n|\n|t:|1682877110\n|start\n|switch|p1a: Pelipper|Pelipper, L50, M|100\/100\n|switch|p1b: Drednaw|Drednaw, L50, M|100\/100\n|switch|p2a: Orthworm|Orthworm, L50, M|100\/100\n|switch|p2b: Gyarados|Gyarados, L50, F|100\/100\n|-ability|p2b: Gyarados|Intimidate|boost\n|-unboost|p1a: Pelipper|atk|1\n|-unboost|p1b: Drednaw|atk|1\n|-enditem|p1b: Drednaw|White Herb\n|-clearnegativeboost|p1b: Drednaw|[silent]\n|-weather|RainDance|[from] ability: Drizzle|[of] p1a: Pelipper\n|turn|1\n|inactive|muddyswamppert has 30 seconds left.\n|\n|t:|1682877136\n|-terastallize|p1b: Drednaw|Water\n|move|p1b: Drednaw|Liquidation|p2a: Orthworm\n|-damage|p2a: Orthworm|38\/100\n|-enditem|p2a: Orthworm|Sitrus Berry|[eat]\n|-heal|p2a: Orthworm|63\/100|[from] item: Sitrus Berry\n|move|p2b: Gyarados|Bulldoze|p1b: Drednaw|[spread] p1b\n|-heal|p2a: Orthworm|88\/100|[from] ability: Earth Eater|[of] p2b: Gyarados\n|-immune|p1a: Pelipper\n|-damage|p1b: Drednaw|85\/100\n|-unboost|p1b: Drednaw|spe|1\n|move|p1a: Pelipper|Hydro Pump|p2a: Orthworm\n|-damage|p2a: Orthworm|5\/100\n|move|p2a: Orthworm|Iron Defense|p2a: Orthworm\n|-boost|p2a: Orthworm|def|2\n|\n|-weather|RainDance|[upkeep]\n|upkeep\n|turn|2\n|j| flameingpigey2\n|\n|t:|1682877156\n|switch|p2a: Dragonite|Dragonite, L50, F|100\/100\n|move|p1b: Drednaw|Rock Slide|p2b: Gyarados|[spread] p2a,p2b\n|-supereffective|p2a: Dragonite\n|-supereffective|p2b: Gyarados\n|-damage|p2a: Dragonite|70\/100\n|-damage|p2b: Gyarados|39\/100\n|move|p2b: Gyarados|Thunder Wave|p1b: Drednaw\n|-status|p1b: Drednaw|par\n|move|p1a: Pelipper|Tailwind|p1a: Pelipper\n|-sidestart|p1: muddyswamppert|move: Tailwind\n|\n|-weather|RainDance|[upkeep]\n|upkeep\n|turn|3\n|inactive|Keveloper has 30 seconds left.\n|\n|t:|1682877181\n|switch|p2b: Orthworm|Orthworm, L50, M|5\/100\n|move|p1a: Pelipper|Hurricane|p2b: Orthworm\n|-resisted|p2b: Orthworm\n|-damage|p2b: Orthworm|0 fnt\n|faint|p2b: Orthworm\n|move|p1b: Drednaw|Rock Slide|p2a: Dragonite\n|-supereffective|p2a: Dragonite\n|-damage|p2a: Dragonite|0 fnt\n|faint|p2a: Dragonite\n|\n|-weather|RainDance|[upkeep]\n|upkeep\n|\n|t:|1682877190\n|switch|p2a: Gyarados|Gyarados, L50, F|39\/100\n|switch|p2b: Chien-Pao|Chien-Pao, L50|100\/100\n|-ability|p2b: Chien-Pao|Sword of Ruin\n|-ability|p2a: Gyarados|Intimidate|boost\n|-unboost|p1a: Pelipper|atk|1\n|-unboost|p1b: Drednaw|atk|1\n|turn|4\n|\n|t:|1682877202\n|move|p2b: Chien-Pao|Sucker Punch|p1b: Drednaw\n|-damage|p1b: Drednaw|25\/100 par\n|move|p1a: Pelipper|Hurricane|p2a: Gyarados\n|-damage|p2a: Gyarados|0 fnt\n|faint|p2a: Gyarados\n|cant|p1b: Drednaw|par\n|\n|-weather|RainDance|[upkeep]\n|upkeep\n|turn|5\n|\n|t:|1682877213\n|move|p2b: Chien-Pao|Protect|p2b: Chien-Pao\n|-singleturn|p2b: Chien-Pao|Protect\n|move|p1a: Pelipper|Hurricane|p2b: Chien-Pao\n|-activate|p2b: Chien-Pao|move: Protect\n|move|p1b: Drednaw|Liquidation|p2b: Chien-Pao\n|-activate|p2b: Chien-Pao|move: Protect\n|\n|-weather|none\n|-sideend|p1: muddyswamppert|move: Tailwind\n|upkeep\n|turn|6\n|\n|t:|1682877220\n|move|p2b: Chien-Pao|Ice Spinner|p1a: Pelipper\n|-crit|p1a: Pelipper\n|-enditem|p1a: Pelipper|Focus Sash\n|-damage|p1a: Pelipper|1\/100\n|move|p1a: Pelipper|Tailwind|p1a: Pelipper\n|-sidestart|p1: muddyswamppert|move: Tailwind\n|cant|p1b: Drednaw|par\n|\n|upkeep\n|turn|7\n|\n|t:|1682877231\n|move|p2b: Chien-Pao|Sucker Punch|p1a: Pelipper\n|-damage|p1a: Pelipper|0 fnt\n|faint|p1a: Pelipper\n|move|p1b: Drednaw|Liquidation|p2b: Chien-Pao\n|-damage|p2b: Chien-Pao|45\/100\n|\n|upkeep\n|\n|t:|1682877234\n|switch|p1a: Scizor|Scizor, L50, M|100\/100\n|turn|8\n|\n|t:|1682877243\n|move|p2b: Chien-Pao|Protect|p2b: Chien-Pao\n|-singleturn|p2b: Chien-Pao|Protect\n|move|p1a: Scizor|Bullet Punch|p2b: Chien-Pao\n|-activate|p2b: Chien-Pao|move: Protect\n|move|p1b: Drednaw|Liquidation|p2b: Chien-Pao\n|-activate|p2b: Chien-Pao|move: Protect\n|\n|upkeep\n|turn|9\n|\n|t:|1682877252\n|-terastallize|p2b: Chien-Pao|Ghost\n|move|p2b: Chien-Pao|Sucker Punch|p1a: Scizor\n|-damage|p1a: Scizor|51\/100\n|move|p1a: Scizor|Bullet Punch|p2b: Chien-Pao\n|-damage|p2b: Chien-Pao|0 fnt\n|faint|p2b: Chien-Pao\n|\n|win|muddyswamppert\n|c|\u2606muddyswamppert|gg\n|l|\u2606muddyswamppert\n","uploadtime":1682877258,"views":10,"p1id":"muddyswamppert","p2id":"keveloper","formatid":"gen9vgc2023regulationc","rating":0,"private":0,"password":""}