{"id":"gen9vgc2023regulationc-1845494638","p1":"JustRadAlex","p2":"Yankosaurio","format":"[Gen 9] VGC 2023 Regulation C","log":"|j|\u2606JustRadAlex\n|j|\u2606Yankosaurio\n|t:|1681739268\n|gametype|doubles\n|player|p1|JustRadAlex|archer|1088\n|player|p2|Yankosaurio|1|1093\n|teamsize|p1|6\n|teamsize|p2|6\n|gen|9\n|tier|[Gen 9] VGC 2023 Regulation C\n|rated|\n|rule|Species Clause: Limit one of each Pok\u00e9mon\n|rule|Item Clause: Limit one of each item\n|clearpoke\n|poke|p1|Ceruledge, L50, M|\n|poke|p1|Garganacl, L50, F|\n|poke|p1|Amoonguss, L50, F|\n|poke|p1|Grimmsnarl, L50, M|\n|poke|p1|Rotom-Wash, L50|\n|poke|p1|Palafin, L50, M|\n|poke|p2|Slowpoke, L50, F|\n|poke|p2|Torkoal, L50, F|\n|poke|p2|Annihilape, L50, F|\n|poke|p2|Dragonite, L50, M|\n|poke|p2|Flutter Mane, L50|\n|poke|p2|Gholdengo, L50|\n|teampreview|4\n|\n|t:|1681739295\n|start\n|switch|p1a: TrickSnarl|Grimmsnarl, L50, M, shiny|100\/100\n|switch|p1b: Wishy Washy|Rotom-Wash, L50|100\/100\n|switch|p2a: Slowpoke|Slowpoke, L50, F|100\/100\n|switch|p2b: Annihilape|Annihilape, L50, F|100\/100\n|turn|1\n|\n|t:|1681739316\n|move|p1b: Wishy Washy|Protect|p1b: Wishy Washy\n|-singleturn|p1b: Wishy Washy|Protect\n|move|p1a: TrickSnarl|Fake Out|p2a: Slowpoke\n|-damage|p2a: Slowpoke|90\/100\n|move|p2b: Annihilape|Final Gambit|p1b: Wishy Washy\n|-activate|p1b: Wishy Washy|move: Protect\n|cant|p2a: Slowpoke|flinch\n|\n|upkeep\n|turn|2\n|\n|t:|1681739333\n|switch|p1b: Blues|Ceruledge, L50, M|100\/100\n|move|p2b: Annihilape|Final Gambit|p1b: Blues\n|-immune|p1b: Blues\n|move|p1a: TrickSnarl|Spirit Break|p2b: Annihilape\n|-supereffective|p2b: Annihilape\n|-damage|p2b: Annihilape|34\/100\n|-unboost|p2b: Annihilape|spa|1\n|move|p2a: Slowpoke|Trick Room|p2a: Slowpoke\n|-fieldstart|move: Trick Room|[of] p2a: Slowpoke\n|\n|upkeep\n|turn|3\n|\n|t:|1681739355\n|move|p1b: Blues|Shadow Sneak|p2b: Annihilape\n|-supereffective|p2b: Annihilape\n|-crit|p2b: Annihilape\n|-damage|p2b: Annihilape|0 fnt\n|faint|p2b: Annihilape\n|move|p2a: Slowpoke|Slack Off|p2a: Slowpoke\n|-heal|p2a: Slowpoke|100\/100\n|move|p1a: TrickSnarl|False Surrender|p2a: Slowpoke\n|-supereffective|p2a: Slowpoke\n|-damage|p2a: Slowpoke|45\/100\n|\n|upkeep\n|\n|t:|1681739368\n|switch|p2b: Gholdengo|Gholdengo, L50|100\/100\n|turn|4\n|\n|t:|1681739390\n|switch|p1a: Wishy Washy|Rotom-Wash, L50|100\/100\n|move|p2a: Slowpoke|Slack Off|p2a: Slowpoke\n|-heal|p2a: Slowpoke|95\/100\n|move|p2b: Gholdengo|Shadow Ball|p1b: Blues\n|-supereffective|p1b: Blues\n|-damage|p1b: Blues|21\/100\n|move|p1b: Blues|Bitter Blade|p2b: Gholdengo\n|-supereffective|p2b: Gholdengo\n|-damage|p2b: Gholdengo|19\/100\n|-heal|p1b: Blues|67\/100|[from] drain|[of] p2b: Gholdengo\n|\n|upkeep\n|turn|5\n|\n|t:|1681739409\n|move|p1b: Blues|Shadow Sneak|p2b: Gholdengo\n|-supereffective|p2b: Gholdengo\n|-damage|p2b: Gholdengo|0 fnt\n|faint|p2b: Gholdengo\n|move|p2a: Slowpoke|Slack Off|p2a: Slowpoke\n|-heal|p2a: Slowpoke|100\/100\n|move|p1a: Wishy Washy|Thunderbolt|p2a: Slowpoke\n|-supereffective|p2a: Slowpoke\n|-damage|p2a: Slowpoke|30\/100\n|\n|upkeep\n|\n|t:|1681739419\n|switch|p2b: Torkoal|Torkoal, L50, F|100\/100\n|-weather|SunnyDay|[from] ability: Drought|[of] p2b: Torkoal\n|turn|6\n|\n|t:|1681739429\n|-terastallize|p2b: Torkoal|Fire\n|move|p1a: Wishy Washy|Protect|p1a: Wishy Washy\n|-singleturn|p1a: Wishy Washy|Protect\n|move|p1b: Blues|Shadow Sneak|p2a: Slowpoke\n|-supereffective|p2a: Slowpoke\n|-damage|p2a: Slowpoke|0 fnt\n|faint|p2a: Slowpoke\n|move|p2b: Torkoal|Eruption|p1a: Wishy Washy|[spread] \n|-activate|p1a: Wishy Washy|move: Protect\n|-start|p1b: Blues|ability: Flash Fire\n|\n|-weather|SunnyDay|[upkeep]\n|-fieldend|move: Trick Room\n|upkeep\n|turn|7\n|\n|t:|1681739452\n|-terastallize|p1b: Blues|Grass\n|move|p1a: Wishy Washy|Hydro Pump|p2b: Torkoal\n|-supereffective|p2b: Torkoal\n|-damage|p2b: Torkoal|41\/100\n|-enditem|p2b: Torkoal|Weakness Policy\n|-boost|p2b: Torkoal|atk|2|[from] item: Weakness Policy\n|-boost|p2b: Torkoal|spa|2|[from] item: Weakness Policy\n|move|p1b: Blues|Night Slash|p2b: Torkoal\n|-damage|p2b: Torkoal|26\/100\n|move|p2b: Torkoal|Earth Power|p1b: Blues\n|-resisted|p1b: Blues\n|-damage|p1b: Blues|48\/100\n|\n|-weather|SunnyDay|[upkeep]\n|upkeep\n|turn|8\n|-message|Yankosaurio forfeited.\n|\n|win|JustRadAlex\n|raw|JustRadAlex's rating: 1088 → 1115<\/strong> (+27 for winning)\n|raw|Yankosaurio's rating: 1093 → 1069<\/strong> (-24 for losing)\n|l|\u2606Yankosaurio\n","uploadtime":1681739482,"views":10,"p1id":"justradalex","p2id":"yankosaurio","formatid":"gen9vgc2023regulationc","rating":1069,"private":0,"password":""}