{"id":"gen9vgc2023regulationc-1846562912","p1":"H0p5t3r","p2":"Spageddy69","format":"[Gen 9] VGC 2023 Regulation C","log":"|j|\u2606H0p5t3r\n|j|\u2606Spageddy69\n|t:|1681851982\n|gametype|doubles\n|player|p1|H0p5t3r|guitarist|\n|player|p2|Spageddy69|265|\n|teamsize|p1|6\n|teamsize|p2|6\n|gen|9\n|tier|[Gen 9] VGC 2023 Regulation C\n|rule|Species Clause: Limit one of each Pok\u00e9mon\n|rule|Item Clause: Limit one of each item\n|clearpoke\n|poke|p1|Chewtle, L5, F|\n|poke|p1|Wattrel, L5, M|\n|poke|p1|Growlithe, L5, M|\n|poke|p1|Eevee, L5, F|\n|poke|p1|Croagunk, L5, F|\n|poke|p1|Spoink, L5, F|\n|poke|p2|Dunsparce, L5, M|\n|poke|p2|Greavard, L5, M|\n|poke|p2|Sandygast, L5, F|\n|poke|p2|Quaxly, L5, M|\n|poke|p2|Rellor, L5, F|\n|poke|p2|Tynamo, L5, M|\n|teampreview|4\nH0p5t3r rejected open team sheets.\n|j| haydyg\n|j| Cerpin T\n|j| LewisG93\n|c| haydyg|impidimp use sucker punch\n|c| haydyg|\"I DON'T KNOW HOW\"\n|c| haydyg|\"I AM BABBY\"\n|c| Cerpin T|owo\n|j| House of Toga\n|j| mharidain\n|c| Cerpin T|impidimp use succ\n|c|\u2606H0p5t3r|glhf\n|c| House of Toga|is the big bird ready\n|\n|t:|1681852116\n|start\n|switch|p1a: Peppa|Spoink, L5, F|100\/100\n|switch|p1b: Donatello|Chewtle, L5, F|100\/100\n|switch|p2a: Organic glory hole|Sandygast, L5, F, shiny|100\/100\n|switch|p2b: I did not do 9\/11|Quaxly, L5, M|100\/100\n|turn|1\n|c| Cerpin T|LYLE LYLE WAKE UP\n|c| Cerpin T|QUAXLY HIT THE FUCKING POKECENTER\n|c| House of Toga|Donatello\n|c| House of Toga|<3\n|\n|t:|1681852160\n|move|p2b: I did not do 9\/11|Protect|p2b: I did not do 9\/11\n|-singleturn|p2b: I did not do 9\/11|Protect\n|move|p1b: Donatello|Shell Smash|p1b: Donatello\n|-unboost|p1b: Donatello|def|1\n|-unboost|p1b: Donatello|spd|1\n|-boost|p1b: Donatello|atk|2\n|-boost|p1b: Donatello|spa|2\n|-boost|p1b: Donatello|spe|2\n|-enditem|p1b: Donatello|White Herb\n|-clearnegativeboost|p1b: Donatello|[silent]\n|move|p1a: Peppa|Snarl|p2a: Organic glory hole|[spread] p2a\n|-activate|p2b: I did not do 9\/11|move: Protect\n|-supereffective|p2a: Organic glory hole\n|-damage|p2a: Organic glory hole|68\/100\n|-unboost|p2a: Organic glory hole|spa|1\n|-enditem|p1a: Peppa|Throat Spray\n|-boost|p1a: Peppa|spa|1|[from] item: Throat Spray\n|move|p2a: Organic glory hole|Energy Ball|p1b: Donatello\n|-supereffective|p1b: Donatello\n|-damage|p1b: Donatello|34\/100\n|\n|upkeep\n|turn|2\n|j| tap water gang\n|c| Cerpin T|GAP TATER WANG\n|\n|t:|1681852192\n|move|p1b: Donatello|Crunch|p2a: Organic glory hole\n|-supereffective|p2a: Organic glory hole\n|-damage|p2a: Organic glory hole|0 fnt\n|faint|p2a: Organic glory hole\n|move|p2b: I did not do 9\/11|Last Resort|p1b: Donatello\n|-damage|p1b: Donatello|0 fnt\n|faint|p1b: Donatello\n|-ability|p2b: I did not do 9\/11|Moxie|boost\n|-boost|p2b: I did not do 9\/11|atk|1\n|-damage|p2b: I did not do 9\/11|91\/100|[from] item: Life Orb\n|move|p1a: Peppa|Psychic|p2b: I did not do 9\/11\n|-damage|p2b: I did not do 9\/11|0 fnt\n|faint|p2b: I did not do 9\/11\n|\n|upkeep\n|\n|t:|1681852210\n|switch|p2b: Candle Doge|Greavard, L5, M|100\/100\n|switch|p1b: Clifford|Growlithe, L5, M|100\/100\n|switch|p2a: DuDunn|Dunsparce, L5, M, shiny|100\/100\n|-ability|p1b: Clifford|Intimidate|boost\n|-unboost|p2a: DuDunn|atk|1\n|-unboost|p2b: Candle Doge|atk|1\n|turn|3\n|c| tap water gang|Hello\n|c| tap water gang|I hope this is Coil Dunsparce\n|c| House of Toga|he looks so smug\n|\n|t:|1681852259\n|move|p1b: Clifford|Will-O-Wisp|p2a: DuDunn\n|-status|p2a: DuDunn|brn\n|move|p1a: Peppa|Taunt|p2a: DuDunn\n|-start|p2a: DuDunn|move: Taunt\n|cant|p2a: DuDunn|move: Taunt|Coil\n|move|p2b: Candle Doge|Phantom Force||[still]\n|-prepare|p2b: Candle Doge|Phantom Force\n|\n|-damage|p2a: DuDunn|97\/100 brn|[from] brn\n|upkeep\n|turn|4\n|c| House of Toga|smug bug\n|c| tap water gang|Wow bro\n|c| Cerpin T|inb4 special Duns\n|c| tap water gang|You taunted and wisped the zydog tribute act\n|\n|t:|1681852291\n|switch|p1a: Banjo-Kazooie|Wattrel, L5, M|100\/100\n|move|p1b: Clifford|Protect|p1b: Clifford\n|-singleturn|p1b: Clifford|Protect\n|move|p2a: DuDunn|Double-Edge|p1a: Banjo-Kazooie\n|-damage|p1a: Banjo-Kazooie|72\/100\n|-damage|p2a: DuDunn|90\/100 brn|[from] Recoil\n|move|p2b: Candle Doge|Phantom Force|p1a: Banjo-Kazooie|[from]lockedmove\n|-damage|p1a: Banjo-Kazooie|29\/100\n|\n|-heal|p2a: DuDunn|94\/100 brn|[from] item: Leftovers\n|-damage|p2a: DuDunn|90\/100 brn|[from] brn\n|upkeep\n|turn|5\n|c| House of Toga|I look Like Dunsparce in read life\n|c| House of Toga|real\n|\n|t:|1681852323\n|move|p1a: Banjo-Kazooie|Thunderbolt|p2b: Candle Doge\n|-damage|p2b: Candle Doge|44\/100\n|move|p1b: Clifford|Flare Blitz|p2b: Candle Doge\n|-damage|p2b: Candle Doge|0 fnt\n|faint|p2b: Candle Doge\n|-damage|p1b: Clifford|87\/100|[from] Recoil\n|-damage|p1b: Clifford|79\/100|[from] item: Life Orb\n|move|p2a: DuDunn|Ice Spinner|p1a: Banjo-Kazooie\n|-supereffective|p1a: Banjo-Kazooie\n|-damage|p1a: Banjo-Kazooie|0 fnt\n|faint|p1a: Banjo-Kazooie\n|\n|-heal|p2a: DuDunn|94\/100 brn|[from] item: Leftovers\n|-damage|p2a: DuDunn|90\/100 brn|[from] brn\n|-end|p2a: DuDunn|move: Taunt\n|upkeep\n|\n|t:|1681852338\n|switch|p1a: Peppa|Spoink, L5, F|100\/100\n|turn|6\n|\n|t:|1681852369\n|move|p1b: Clifford|Close Combat|p2a: DuDunn\n|-supereffective|p2a: DuDunn\n|-damage|p2a: DuDunn|0 fnt\n|-unboost|p1b: Clifford|def|1\n|-unboost|p1b: Clifford|spd|1\n|faint|p2a: DuDunn\n|-damage|p1b: Clifford|70\/100|[from] item: Life Orb\n|\n|win|H0p5t3r\n|c| tap water gang|Don't put yourself down you'll evolve one day into a beautiful dudun\n|c| Cerpin T|gg wp\n|c| tap water gang|F\n|c| haydyg|grg\n|c| House of Toga|GG!!\n|c| tap water gang|Ggs\n|c|\u2606H0p5t3r|GG\n|c| House of Toga|<3 <3\n|l| LewisG93\n|l| mharidain\n|l| tap water gang\n|l| House of Toga\n|l|\u2606Spageddy69\n|l| haydyg\n","uploadtime":1681852410,"views":12,"p1id":"h0p5t3r","p2id":"spageddy69","formatid":"gen9vgc2023regulationc","rating":0,"private":0,"password":""}