{"id":"gen9vgc2023regulationc-1846726336","p1":"Ori1","p2":"qzy1993","format":"[Gen 9] VGC 2023 Regulation C","log":"|j|\u2606Ori1\n|j|\u2606qzy1993\n|t:|1681870686\n|gametype|doubles\n|player|p1|Ori1|clown|1141\n|player|p2|qzy1993|1|1169\n|teamsize|p1|6\n|teamsize|p2|6\n|gen|9\n|tier|[Gen 9] VGC 2023 Regulation C\n|rated|\n|rule|Species Clause: Limit one of each Pok\u00e9mon\n|rule|Item Clause: Limit one of each item\n|clearpoke\n|poke|p1|Pawmot, L50, M|\n|poke|p1|Armarouge, L50, F|\n|poke|p1|Gengar, L50, M|\n|poke|p1|Annihilape, L50, M|\n|poke|p1|Gastrodon-East, L50, M|\n|poke|p1|Stantler, L50, M|\n|poke|p2|Iron Valiant, L50|\n|poke|p2|Toxapex, L50, M|\n|poke|p2|Meowscarada, L50, M|\n|poke|p2|Kingambit, L50, M|\n|poke|p2|Chi-Yu, L50|\n|poke|p2|Talonflame, L50, F|\n|teampreview|4\n|\n|t:|1681870760\n|start\n|switch|p1a: Annihilape|Annihilape, L50, M|100\/100\n|switch|p1b: Stantler|Stantler, L50, M|100\/100\n|switch|p2a: Talonflame|Talonflame, L50, F|100\/100\n|switch|p2b: Kingambit|Kingambit, L50, M|100\/100\n|-ability|p1b: Stantler|Intimidate|boost\n|-unboost|p2a: Talonflame|atk|1\n|-unboost|p2b: Kingambit|atk|1\n|-ability|p2b: Kingambit|Defiant|boost\n|-boost|p2b: Kingambit|atk|2\n|turn|1\n|inactive|Battle timer is ON: inactive players will automatically lose when time's up. (requested by qzy1993)\n|\n|t:|1681870791\n|-terastallize|p2b: Kingambit|Fairy\n|move|p1a: Annihilape|Protect|p1a: Annihilape\n|-singleturn|p1a: Annihilape|Protect\n|move|p1b: Stantler|Trick|p2b: Kingambit\n|-activate|p1b: Stantler|move: Trick|[of] p2b: Kingambit\n|-item|p2b: Kingambit|Choice Scarf|[from] move: Trick\n|-item|p1b: Stantler|Assault Vest|[from] move: Trick\n|move|p2a: Talonflame|Taunt|p1b: Stantler\n|-start|p1b: Stantler|move: Taunt\n|move|p2b: Kingambit|Tera Blast|p1a: Annihilape\n|-activate|p1a: Annihilape|move: Protect\n|\n|upkeep\n|turn|2\n|inactive|qzy1993 has 30 seconds left.\n|inactive|qzy1993 has 20 seconds left.\n|inactive|qzy1993 has 15 seconds left.\n|\n|t:|1681870833\n|move|p1a: Annihilape|Protect||[still]\n|-fail|p1a: Annihilape\n|move|p2a: Talonflame|Tailwind|p2a: Talonflame\n|-sidestart|p2: qzy1993|move: Tailwind\n|move|p2b: Kingambit|Tera Blast|p1a: Annihilape\n|-supereffective|p1a: Annihilape\n|-damage|p1a: Annihilape|0 fnt\n|faint|p1a: Annihilape\n|move|p1b: Stantler|Body Slam|p2a: Talonflame\n|-damage|p2a: Talonflame|59\/100\n|\n|upkeep\n|\n|t:|1681870838\n|switch|p1a: Gengar|Gengar, L50, M, shiny|100\/100\n|turn|3\n|inactive|qzy1993 has 30 seconds left.\n|\n|t:|1681870864\n|move|p2a: Talonflame|Taunt|p1a: Gengar\n|-start|p1a: Gengar|move: Taunt\n|move|p2b: Kingambit|Tera Blast|p1b: Stantler\n|-damage|p1b: Stantler|10\/100\n|move|p1a: Gengar|Sludge Bomb|p2b: Kingambit\n|-supereffective|p2b: Kingambit\n|-damage|p2b: Kingambit|4\/100\n|move|p1b: Stantler|Body Slam|p2b: Kingambit\n|-damage|p2b: Kingambit|0 fnt\n|faint|p2b: Kingambit\n|\n|upkeep\n|\n|t:|1681870878\n|switch|p2b: Iron Valiant|Iron Valiant, L50|100\/100\n|-enditem|p2b: Iron Valiant|Booster Energy\n|-activate|p2b: Iron Valiant|ability: Quark Drive|[fromitem]\n|-start|p2b: Iron Valiant|quarkdrivespe\n|turn|4\n|\n|t:|1681870888\n|move|p2b: Iron Valiant|Psycho Cut|p1a: Gengar\n|-supereffective|p1a: Gengar\n|-damage|p1a: Gengar|9\/100\n|move|p2a: Talonflame|Brave Bird|p1b: Stantler\n|-damage|p1b: Stantler|0 fnt\n|faint|p1b: Stantler\n|-damage|p2a: Talonflame|56\/100|[from] Recoil\n|move|p1a: Gengar|Sludge Bomb|p2b: Iron Valiant\n|-supereffective|p2b: Iron Valiant\n|-crit|p2b: Iron Valiant\n|-damage|p2b: Iron Valiant|0 fnt\n|faint|p2b: Iron Valiant\n|-end|p2b: Iron Valiant|Quark Drive|[silent]\n|\n|upkeep\n|\n|t:|1681870902\n|switch|p2b: Meowscarada|Meowscarada, L50, M|100\/100\n|switch|p1b: Armarouge|Armarouge, L50, F|100\/100\n|turn|5\n|\n|t:|1681870920\n|-terastallize|p1b: Armarouge|Grass\n|move|p2a: Talonflame|Brave Bird|p1b: Armarouge\n|-supereffective|p1b: Armarouge\n|-damage|p1b: Armarouge|46\/100\n|-damage|p2a: Talonflame|34\/100|[from] Recoil\n|move|p2b: Meowscarada|Knock Off|p1a: Gengar\n|-supereffective|p1a: Gengar\n|-damage|p1a: Gengar|0 fnt\n|-enditem|p1a: Gengar|Focus Sash|[from] move: Knock Off|[of] p2b: Meowscarada\n|faint|p1a: Gengar\n|move|p1b: Armarouge|Heat Wave|p2b: Meowscarada|[spread] p2a,p2b\n|-resisted|p2a: Talonflame\n|-crit|p2a: Talonflame\n|-supereffective|p2b: Meowscarada\n|-damage|p2a: Talonflame|0 fnt\n|-damage|p2b: Meowscarada|21\/100\n|-enditem|p2b: Meowscarada|Figy Berry|[eat]\n|-heal|p2b: Meowscarada|54\/100|[from] item: Figy Berry\n|faint|p2a: Talonflame\n|\n|-sideend|p2: qzy1993|move: Tailwind\n|upkeep\n|turn|6\n|\n|t:|1681870942\n|move|p2b: Meowscarada|Knock Off|p1b: Armarouge\n|-damage|p1b: Armarouge|15\/100\n|-enditem|p1b: Armarouge|Aguav Berry|[from] move: Knock Off|[of] p2b: Meowscarada\n|move|p1b: Armarouge|Heat Wave|p2b: Meowscarada\n|-supereffective|p2b: Meowscarada\n|-damage|p2b: Meowscarada|0 fnt\n|faint|p2b: Meowscarada\n|\n|win|Ori1\n|raw|Ori1's rating: 1141 → 1168<\/strong> (+27 for winning)\n|raw|qzy1993's rating: 1169 → 1142<\/strong> (-27 for losing)\n|l|\u2606Ori1\n","uploadtime":1681870955,"views":12,"p1id":"ori1","p2id":"qzy1993","formatid":"gen9vgc2023regulationc","rating":1142,"private":0,"password":""}