{"id":"gen9vgc2023regulationc-1855782895","p1":"blackboltssb","p2":"IonoPlsRespond2Me","format":"[Gen 9] VGC 2023 Regulation C","log":"|j|\u2606blackboltssb\n|j|\u2606IonoPlsRespond2Me\n|t:|1682983609\n|gametype|doubles\n|player|p1|blackboltssb|2|\n|player|p2|IonoPlsRespond2Me|170|\n|teamsize|p1|6\n|teamsize|p2|6\n|gen|9\n|tier|[Gen 9] VGC 2023 Regulation C\n|rule|Species Clause: Limit one of each Pok\u00e9mon\n|rule|Item Clause: Limit one of each item\n|clearpoke\n|poke|p1|Pelipper, L50, F|\n|poke|p1|Drednaw, L50, M|\n|poke|p1|Raichu, L50, F|\n|poke|p1|Flutter Mane, L50|\n|poke|p1|Breloom, L50, M|\n|poke|p1|Mimikyu, L50, F|\n|poke|p2|Ting-Lu, L50|\n|poke|p2|Iron Hands, L50|\n|poke|p2|Flutter Mane, L50|\n|poke|p2|Gyarados, L50, M|\n|poke|p2|Armarouge, L50, F|\n|poke|p2|Amoonguss, L50, F|\n|teampreview|4\n|j| Terry920526\n|j| PorygonTheBot\n|c| PorygonTheBot|You got this!\n|c|\u2606IonoPlsRespond2Me|this guy and his rain smh\n|c|\u2606blackboltssb|my real tag is rainlover74\n|c|\u2606IonoPlsRespond2Me|lmaoooo\n|l| Terry920526\n|c|\u2606IonoPlsRespond2Me|i mean this isnt my real tag on showdown\n|c|\u2606IonoPlsRespond2Me|so\n|\n|t:|1682983691\n|start\n|switch|p1a: Drednaw|Drednaw, L50, M|100\/100\n|switch|p1b: Raichu|Raichu, L50, F|100\/100\n|switch|p2a: Ting-Lu|Ting-Lu, L50|100\/100\n|switch|p2b: Amoonguss|Amoonguss, L50, F|100\/100\n|-ability|p2a: Ting-Lu|Vessel of Ruin\n|turn|1\n|j| Van. Volcanucks\n|\n|t:|1682983744\n|move|p1b: Raichu|Fake Out|p2b: Amoonguss\n|-damage|p2b: Amoonguss|94\/100\n|cant|p2b: Amoonguss|flinch\n|move|p1a: Drednaw|Waterfall|p2a: Ting-Lu\n|-supereffective|p2a: Ting-Lu\n|-damage|p2a: Ting-Lu|49\/100\n|cant|p2a: Ting-Lu|flinch\n|\n|-heal|p2a: Ting-Lu|55\/100|[from] item: Leftovers\n|upkeep\n|turn|2\n|c|\u2606IonoPlsRespond2Me|bro\n|c|\u2606blackboltssb|LMAOO\n|\n|t:|1682983782\n|move|p2b: Amoonguss|Rage Powder|p2b: Amoonguss\n|-singleturn|p2b: Amoonguss|move: Rage Powder\n|move|p1b: Raichu|Volt Switch|p2b: Amoonguss\n|-resisted|p2b: Amoonguss\n|-damage|p2b: Amoonguss|85\/100\n|\n|t:|1682983787\n|switch|p1b: Pelipper|Pelipper, L50, F|100\/100|[from] Volt Switch\n|-weather|RainDance|[from] ability: Drizzle|[of] p1b: Pelipper\n|move|p1a: Drednaw|Ice Fang|p2b: Amoonguss\n|-supereffective|p2b: Amoonguss\n|-damage|p2b: Amoonguss|45\/100\n|-status|p2b: Amoonguss|frz\n|-enditem|p2b: Amoonguss|Sitrus Berry|[eat]\n|-heal|p2b: Amoonguss|70\/100 frz|[from] item: Sitrus Berry\n|move|p2a: Ting-Lu|Substitute|p2a: Ting-Lu\n|-start|p2a: Ting-Lu|Substitute\n|-damage|p2a: Ting-Lu|30\/100\n|\n|-weather|RainDance|[upkeep]\n|-heal|p2a: Ting-Lu|36\/100|[from] item: Leftovers\n|upkeep\n|turn|3\n|c|\u2606blackboltssb|HAHAH\n|c|\u2606IonoPlsRespond2Me|hax\n|c|\u2606IonoPlsRespond2Me|hax\n|c|\u2606IonoPlsRespond2Me|so hard\n|c|\u2606blackboltssb|LMAOOO\n|j| MayContainSalt\n|c|\u2606IonoPlsRespond2Me|the waterfall flinch is kinda whatever\n|c| MayContainSalt|oh hey man\n|c|\u2606IonoPlsRespond2Me|freeze on ice fang\n|c|\u2606IonoPlsRespond2Me|im gonna kms\n|c|\u2606blackboltssb|#BlackSweep\n|c| MayContainSalt|#BLACKSWEEP\n|\n|t:|1682983867\n|-terastallize|p2a: Ting-Lu|Poison\n|cant|p2b: Amoonguss|frz\n|move|p1a: Drednaw|Earthquake|p2a: Ting-Lu|[spread] p2a,p2b\n|-immune|p1b: Pelipper\n|-supereffective|p2a: Ting-Lu\n|-end|p2a: Ting-Lu|Substitute\n|-damage|p2b: Amoonguss|47\/100 frz\n|move|p1b: Pelipper|Hurricane|p2b: Amoonguss\n|-supereffective|p2b: Amoonguss\n|-crit|p2b: Amoonguss\n|-damage|p2b: Amoonguss|0 fnt\n|faint|p2b: Amoonguss\n|move|p2a: Ting-Lu|Fissure|p1a: Drednaw|[miss]\n|-miss|p2a: Ting-Lu|p1a: Drednaw\n|\n|-weather|RainDance|[upkeep]\n|-heal|p2a: Ting-Lu|42\/100|[from] item: Leftovers\n|upkeep\n|c|\u2606blackboltssb|L\n|c| MayContainSalt|L\n|\n|t:|1682983884\n|switch|p2b: Iron Hands|Iron Hands, L50|100\/100\n|turn|4\n|c|\u2606blackboltssb|#BlackSweep\n|\n|t:|1682983916\n|switch|p1a: Breloom|Breloom, L50, M|100\/100\n|move|p2b: Iron Hands|Fake Out|p1a: Breloom\n|-damage|p1a: Breloom|78\/100\n|move|p1b: Pelipper|Hydro Pump|p2a: Ting-Lu\n|-damage|p2a: Ting-Lu|10\/100\n|move|p2a: Ting-Lu|Stomping Tantrum|p1a: Breloom\n|-resisted|p1a: Breloom\n|-damage|p1a: Breloom|24\/100\n|\n|-weather|RainDance|[upkeep]\n|-heal|p2a: Ting-Lu|16\/100|[from] item: Leftovers\n|upkeep\n|turn|5\n|c| MayContainSalt|its actually so crazy how tanky ting lu is\n|c|\u2606blackboltssb|yea its a beast\n|\n|t:|1682983955\n|switch|p2a: Flutter Mane|Flutter Mane, L50|100\/100\n|move|p1a: Breloom|Spore|p2b: Iron Hands\n|-status|p2b: Iron Hands|slp|[from] move: Spore\n|move|p1b: Pelipper|Hydro Pump|p2a: Flutter Mane\n|-damage|p2a: Flutter Mane|43\/100\n|cant|p2b: Iron Hands|slp\n|\n|-weather|RainDance|[upkeep]\n|upkeep\n|turn|6\n|c|\u2606IonoPlsRespond2Me|it also lowers spatk\n|c|\u2606IonoPlsRespond2Me|so thats part of it\n|c|\u2606blackboltssb|i mean also that\n|c|\u2606blackboltssb|yea\n|\n|t:|1682983985\n|move|p1b: Pelipper|Wide Guard|p1b: Pelipper\n|-singleturn|p1b: Pelipper|Wide Guard\n|move|p2a: Flutter Mane|Dazzling Gleam|p1b: Pelipper|[spread] \n|-activate|p1a: Breloom|move: Wide Guard\n|-activate|p1b: Pelipper|move: Wide Guard\n|move|p1a: Breloom|Bullet Seed|p2b: Iron Hands\n|-damage|p2b: Iron Hands|88\/100 slp\n|-damage|p2b: Iron Hands|75\/100 slp\n|-damage|p2b: Iron Hands|62\/100 slp\n|-damage|p2b: Iron Hands|49\/100 slp\n|-damage|p2b: Iron Hands|36\/100 slp\n|-hitcount|p2b: Iron Hands|5\n|-curestatus|p2b: Iron Hands|slp|[msg]\n|move|p2b: Iron Hands|Volt Switch|p1b: Pelipper\n|-supereffective|p1b: Pelipper\n|-damage|p1b: Pelipper|18\/100\n|c|\u2606IonoPlsRespond2Me|nice\n|\n|t:|1682984002\n|-end|p2b: Iron Hands|Quark Drive|[silent]\n|switch|p2b: Ting-Lu|Ting-Lu, L50, tera:Poison|16\/100|[from] Volt Switch\n|-ability|p2b: Ting-Lu|Vessel of Ruin\n|\n|-weather|RainDance|[upkeep]\n|-heal|p2b: Ting-Lu|22\/100|[from] item: Leftovers\n|upkeep\n|turn|7\n|c|\u2606blackboltssb|damn\n|\n|t:|1682984043\n|switch|p2b: Iron Hands|Iron Hands, L50|36\/100\n|move|p2a: Flutter Mane|Dazzling Gleam|p1b: Pelipper|[spread] p1a,p1b\n|-supereffective|p1a: Breloom\n|-damage|p1a: Breloom|0 fnt\n|-damage|p1b: Pelipper|0 fnt\n|faint|p1a: Breloom\n|faint|p1b: Pelipper\n|\n|-weather|RainDance|[upkeep]\n|upkeep\n|\n|t:|1682984052\n|switch|p1a: Raichu|Raichu, L50, F|100\/100\n|switch|p1b: Drednaw|Drednaw, L50, M|100\/100\n|turn|8\n|\n|t:|1682984077\n|-end|p2b: Iron Hands|Quark Drive|[silent]\n|switch|p2b: Ting-Lu|Ting-Lu, L50, tera:Poison|22\/100\n|-ability|p2b: Ting-Lu|Vessel of Ruin\n|move|p1a: Raichu|Fake Out|p2b: Ting-Lu\n|-damage|p2b: Ting-Lu|17\/100\n|move|p1b: Drednaw|Waterfall|p2a: Flutter Mane\n|-damage|p2a: Flutter Mane|0 fnt\n|faint|p2a: Flutter Mane\n|-end|p2a: Flutter Mane|Protosynthesis|[silent]\n|\n|-weather|RainDance|[upkeep]\n|-heal|p2b: Ting-Lu|23\/100|[from] item: Leftovers\n|upkeep\n|\n|t:|1682984088\n|switch|p2a: Iron Hands|Iron Hands, L50|36\/100\n|turn|9\n|c|\u2606blackboltssb|omg\n|c|\u2606blackboltssb|i see the vision\n|l| MayContainSalt\n|\n|t:|1682984166\n|-terastallize|p1a: Raichu|Flying\n|move|p2a: Iron Hands|Fake Out|p1b: Drednaw\n|-resisted|p1b: Drednaw\n|-damage|p1b: Drednaw|92\/100\n|cant|p1b: Drednaw|flinch\n|move|p1a: Raichu|Thunder|p2a: Iron Hands\n|-resisted|p2a: Iron Hands\n|-damage|p2a: Iron Hands|28\/100\n|move|p2b: Ting-Lu|Stomping Tantrum|p1a: Raichu\n|-immune|p1a: Raichu\n|\n|-weather|none\n|-heal|p2b: Ting-Lu|29\/100|[from] item: Leftovers\n|upkeep\n|turn|10\n|c|\u2606blackboltssb|LETS GO\n|c|\u2606IonoPlsRespond2Me|i was literally switching between hitting into raichu or dred\n|\n|t:|1682984220\n|move|p1a: Raichu|Thunder|p2b: Ting-Lu\n|-damage|p2b: Ting-Lu|7\/100\n|move|p1b: Drednaw|Waterfall|p2a: Iron Hands\n|-damage|p2a: Iron Hands|0 fnt\n|faint|p2a: Iron Hands\n|-end|p2a: Iron Hands|Quark Drive|[silent]\n|move|p2b: Ting-Lu|Substitute|p2b: Ting-Lu\n|-fail|p2b: Ting-Lu|move: Substitute|[weak]\n|\n|-heal|p2b: Ting-Lu|13\/100|[from] item: Leftovers\n|upkeep\n|turn|11\n|c|\u2606blackboltssb|yea i wasnt sure either but i thought raichu had a better chance to win 1v2 with flying\n|c|\u2606IonoPlsRespond2Me|ggs\n|\n|t:|1682984240\n|move|p1a: Raichu|Volt Switch|p2b: Ting-Lu\n|-damage|p2b: Ting-Lu|0 fnt\n|faint|p2b: Ting-Lu\n|\n|win|blackboltssb\n","uploadtime":1682984241,"views":17,"p1id":"blackboltssb","p2id":"ionoplsrespond2me","formatid":"gen9vgc2023regulationc","rating":0,"private":0,"password":null}