{"id":"gen9vgc2023regulationc-1852980152","p1":"Alfaby","p2":"0TestingAC0","format":"[Gen 9] VGC 2023 Regulation C","log":"|j|\u2606Alfaby\n|j|\u26060TestingAC0\n|t:|1682622552\n|gametype|doubles\n|player|p1|Alfaby|1|1042\n|player|p2|0TestingAC0|shadowtriad|1099\n|teamsize|p1|6\n|teamsize|p2|6\n|gen|9\n|tier|[Gen 9] VGC 2023 Regulation C\n|rated|\n|rule|Species Clause: Limit one of each Pok\u00e9mon\n|rule|Item Clause: Limit one of each item\n|clearpoke\n|poke|p1|Gothitelle, L50, F|\n|poke|p1|Flutter Mane, L50|\n|poke|p1|Amoonguss, L50, M|\n|poke|p1|Arcanine, L50, F|\n|poke|p1|Palafin, L50, F|\n|poke|p1|Kingambit, L50, F|\n|poke|p2|Iron Bundle, L50|\n|poke|p2|Iron Hands, L50|\n|poke|p2|Garchomp, L50, M|\n|poke|p2|Chien-Pao, L50|\n|poke|p2|Ting-Lu, L50|\n|poke|p2|Flutter Mane, L50|\n|teampreview|4\nAlfaby has agreed to open team sheets.\n0TestingAC0 has agreed to open team sheets.\n|inactive|Battle timer is ON: inactive players will automatically lose when time's up. (requested by Alfaby)\n|\n|t:|1682622616\n|start\n|switch|p1a: Arcanine|Arcanine, L50, F|100\/100\n|switch|p1b: Palafin|Palafin, L50, F|100\/100\n|switch|p2a: Iron Bundle|Iron Bundle, L50|100\/100\n|switch|p2b: Flutter Mane|Flutter Mane, L50|100\/100\n|-ability|p1a: Arcanine|Intimidate|boost\n|-unboost|p2a: Iron Bundle|atk|1\n|-unboost|p2b: Flutter Mane|atk|1\n|-enditem|p2a: Iron Bundle|Booster Energy\n|-activate|p2a: Iron Bundle|ability: Quark Drive|[fromitem]\n|-start|p2a: Iron Bundle|quarkdrivespe\n|turn|1\n|inactive|0TestingAC0 has 30 seconds left.\n|inactive|0TestingAC0 has 20 seconds left.\n|inactive|0TestingAC0 has 15 seconds left.\n|\n|t:|1682622658\n|detailschange|p1b: Palafin|Palafin-Hero, L50, F\n|switch|p1b: Amoonguss|Amoonguss, L50, M, shiny|100\/100\n|-terastallize|p2b: Flutter Mane|Water\n|move|p1a: Arcanine|Protect|p1a: Arcanine\n|-singleturn|p1a: Arcanine|Protect\n|move|p2a: Iron Bundle|Freeze-Dry|p1b: Amoonguss\n|-supereffective|p1b: Amoonguss\n|-damage|p1b: Amoonguss|50\/100\n|-enditem|p1b: Amoonguss|Sitrus Berry|[eat]\n|-heal|p1b: Amoonguss|75\/100|[from] item: Sitrus Berry\n|move|p2b: Flutter Mane|Shadow Ball|p1a: Arcanine\n|-activate|p1a: Arcanine|move: Protect\n|\n|upkeep\n|turn|2\n|inactive|Alfaby has 30 seconds left.\n|\n|t:|1682622688\n|move|p1b: Amoonguss|Protect|p1b: Amoonguss\n|-singleturn|p1b: Amoonguss|Protect\n|move|p2a: Iron Bundle|Freeze-Dry|p1b: Amoonguss\n|-activate|p1b: Amoonguss|move: Protect\n|move|p2b: Flutter Mane|Shadow Ball|p1b: Amoonguss\n|-activate|p1b: Amoonguss|move: Protect\n|move|p1a: Arcanine|Flare Blitz|p2a: Iron Bundle\n|-damage|p2a: Iron Bundle|44\/100\n|-damage|p1a: Arcanine|88\/100|[from] Recoil\n|\n|upkeep\n|turn|3\n|inactive|Alfaby has 30 seconds left.\n|\n|t:|1682622718\n|move|p1b: Amoonguss|Protect||[still]\n|-fail|p1b: Amoonguss\n|move|p2a: Iron Bundle|Freeze-Dry|p1b: Amoonguss\n|-supereffective|p1b: Amoonguss\n|-damage|p1b: Amoonguss|15\/100\n|move|p2b: Flutter Mane|Shadow Ball|p1b: Amoonguss\n|-damage|p1b: Amoonguss|0 fnt\n|faint|p1b: Amoonguss\n|move|p1a: Arcanine|Flare Blitz|p2a: Iron Bundle\n|-damage|p2a: Iron Bundle|0 fnt\n|faint|p2a: Iron Bundle\n|-end|p2a: Iron Bundle|Quark Drive|[silent]\n|-damage|p1a: Arcanine|78\/100|[from] Recoil\n|\n|upkeep\n|\n|t:|1682622731\n|switch|p2a: Garchomp|Garchomp, L50, M|100\/100\n|switch|p1b: Mani Flutter|Flutter Mane, L50|100\/100\n|-enditem|p1b: Mani Flutter|Booster Energy\n|-activate|p1b: Mani Flutter|ability: Protosynthesis|[fromitem]\n|-start|p1b: Mani Flutter|protosynthesisspa\n|turn|4\n|\n|t:|1682622751\n|-terastallize|p1b: Mani Flutter|Fairy\n|move|p1a: Arcanine|Extreme Speed|p2b: Flutter Mane\n|-damage|p2b: Flutter Mane|70\/100\n|move|p1b: Mani Flutter|Moonblast|p2a: Garchomp\n|-supereffective|p2a: Garchomp\n|-enditem|p2a: Garchomp|Roseli Berry|[eat]\n|-enditem|p2a: Garchomp|Roseli Berry|[weaken]\n|-damage|p2a: Garchomp|2\/100\n|-unboost|p2a: Garchomp|spa|1\n|move|p2b: Flutter Mane|Shadow Ball|p1a: Arcanine\n|-damage|p1a: Arcanine|34\/100\n|move|p2a: Garchomp|Poison Jab|p1b: Mani Flutter\n|-supereffective|p1b: Mani Flutter\n|-damage|p1b: Mani Flutter|8\/100\n|-status|p1b: Mani Flutter|psn\n|\n|-damage|p1b: Mani Flutter|0 fnt|[from] psn\n|faint|p1b: Mani Flutter\n|-end|p1b: Mani Flutter|Protosynthesis|[silent]\n|upkeep\n|\n|t:|1682622767\n|switch|p1b: Palafin|Palafin-Hero, L50, F|100\/100\n|-activate|p1b: Palafin|ability: Zero to Hero\n|turn|5\n|\n|t:|1682622785\n|move|p2a: Garchomp|Protect|p2a: Garchomp\n|-singleturn|p2a: Garchomp|Protect\n|move|p1a: Arcanine|Extreme Speed|p2b: Flutter Mane\n|-damage|p2b: Flutter Mane|41\/100\n|move|p1b: Palafin|Jet Punch|p2b: Flutter Mane\n|-resisted|p2b: Flutter Mane\n|-damage|p2b: Flutter Mane|6\/100\n|move|p2b: Flutter Mane|Shadow Ball|p1b: Palafin\n|-damage|p1b: Palafin|44\/100\n|\n|upkeep\n|turn|6\n|\n|t:|1682622801\n|move|p1a: Arcanine|Extreme Speed|p2b: Flutter Mane\n|-damage|p2b: Flutter Mane|0 fnt\n|faint|p2b: Flutter Mane\n|-end|p2b: Flutter Mane|Protosynthesis|[silent]\n|move|p1b: Palafin|Jet Punch|p2a: Garchomp\n|-damage|p2a: Garchomp|0 fnt\n|-damage|p1b: Palafin|32\/100|[from] ability: Rough Skin|[of] p2a: Garchomp\n|faint|p2a: Garchomp\n|\n|upkeep\n|\n|t:|1682622811\n|switch|p2a: Chien-Pao|Chien-Pao, L50|100\/100\n|-ability|p2a: Chien-Pao|Sword of Ruin\n|turn|7\n|inactive|Alfaby has 30 seconds left.\n|\n|t:|1682622838\n|move|p2a: Chien-Pao|Protect|p2a: Chien-Pao\n|-singleturn|p2a: Chien-Pao|Protect\n|move|p1b: Palafin|Protect|p1b: Palafin\n|-singleturn|p1b: Palafin|Protect\n|move|p1a: Arcanine|Extreme Speed|p2a: Chien-Pao\n|-activate|p2a: Chien-Pao|move: Protect\n|\n|upkeep\n|turn|8\n|inactive|0TestingAC0 has 30 seconds left.\n|\n|t:|1682622863\n|move|p1a: Arcanine|Extreme Speed|p2a: Chien-Pao\n|-damage|p2a: Chien-Pao|70\/100\n|move|p2a: Chien-Pao|Sucker Punch|p1b: Palafin\n|-damage|p1b: Palafin|0 fnt\n|faint|p1b: Palafin\n|\n|upkeep\n|turn|9\n|\n|t:|1682622874\n|move|p2a: Chien-Pao|Sucker Punch|p1a: Arcanine\n|-damage|p1a: Arcanine|0 fnt\n|faint|p1a: Arcanine\n|\n|win|0TestingAC0\n|raw|Alfaby's rating: 1042 → 1028<\/strong> (-14 for losing)\n|raw|0TestingAC0's rating: 1099 → 1120<\/strong> (+21 for winning)\n|l|\u2606Alfaby\n","uploadtime":1682622882,"views":9,"p1id":"alfaby","p2id":"0testingac0","formatid":"gen9vgc2023regulationc","rating":1028,"private":0,"password":""}