{"id":"gen9vgc2023regulationc-1860369642","p1":"LUMPECTOMY","p2":"k58462312","format":"[Gen 9] VGC 2023 Regulation C","log":"|j|\u2606LUMPECTOMY\n|j|\u2606k58462312\n|t:|1683637982\n|gametype|doubles\n|player|p1|LUMPECTOMY|volo|1260\n|player|p2|k58462312|riley|1279\n|teamsize|p1|6\n|teamsize|p2|6\n|gen|9\n|tier|[Gen 9] VGC 2023 Regulation C\n|rated|\n|rule|Species Clause: Limit one of each Pok\u00e9mon\n|rule|Item Clause: Limit one of each item\n|clearpoke\n|poke|p1|Flutter Mane, L50|\n|poke|p1|Chien-Pao, L50|\n|poke|p1|Dragonite, L50, F|\n|poke|p1|Iron Bundle, L50|\n|poke|p1|Dondozo, L50, F|\n|poke|p1|Tatsugiri, L50, F|\n|poke|p2|Arcanine, L50, M|\n|poke|p2|Corviknight, L50, M|\n|poke|p2|Vaporeon, L50, F|\n|poke|p2|Wo-Chien, L50|\n|poke|p2|Ting-Lu, L50|\n|poke|p2|Gallade, L50, M|\n|teampreview|4\n|inactive|Battle timer is ON: inactive players will automatically lose when time's up. (requested by LUMPECTOMY)\n|\n|t:|1683638005\n|start\n|switch|p1a: Chien-Pao|Chien-Pao, L50|100\/100\n|switch|p1b: Dragonite|Dragonite, L50, F, shiny|100\/100\n|switch|p2a: Arcanine|Arcanine, L50, M|100\/100\n|switch|p2b: Corviknight|Corviknight, L50, M|100\/100\n|-ability|p1a: Chien-Pao|Sword of Ruin\n|-ability|p2a: Arcanine|Intimidate|boost\n|-unboost|p1a: Chien-Pao|atk|1\n|-fail|p1b: Dragonite|unboost|Attack|[from] ability: Inner Focus|[of] p1b: Dragonite\n|turn|1\n|\n|t:|1683638029\n|move|p1a: Chien-Pao|Protect|p1a: Chien-Pao\n|-singleturn|p1a: Chien-Pao|Protect\n|move|p2a: Arcanine|Will-O-Wisp|p1b: Dragonite|[miss]\n|-miss|p2a: Arcanine|p1b: Dragonite\n|move|p1b: Dragonite|Stomping Tantrum|p2a: Arcanine\n|-supereffective|p2a: Arcanine\n|-damage|p2a: Arcanine|19\/100\n|move|p2b: Corviknight|Iron Head|p1a: Chien-Pao\n|-activate|p1a: Chien-Pao|move: Protect\n|\n|upkeep\n|turn|2\n|\n|t:|1683638053\n|move|p2a: Arcanine|Protect|p2a: Arcanine\n|-singleturn|p2a: Arcanine|Protect\n|move|p1b: Dragonite|Extreme Speed|p2a: Arcanine\n|-activate|p2a: Arcanine|move: Protect\n|move|p1a: Chien-Pao|Ice Spinner|p2b: Corviknight\n|-damage|p2b: Corviknight|67\/100\n|move|p2b: Corviknight|Iron Head|p1a: Chien-Pao\n|-supereffective|p1a: Chien-Pao\n|-enditem|p1a: Chien-Pao|Focus Sash\n|-damage|p1a: Chien-Pao|1\/100\n|\n|upkeep\n|turn|3\n|\n|t:|1683638073\n|switch|p2a: Vaporeon|Vaporeon, L50, F|100\/100\n|switch|p2b: Wo-Chien|Wo-Chien, L50|100\/100\n|-ability|p2b: Wo-Chien|Tablets of Ruin\n|move|p1a: Chien-Pao|Protect|p1a: Chien-Pao\n|-singleturn|p1a: Chien-Pao|Protect\n|move|p1b: Dragonite|Extreme Speed|p2a: Vaporeon\n|-damage|p2a: Vaporeon|73\/100\n|\n|upkeep\n|turn|4\n|\n|t:|1683638093\n|move|p2b: Wo-Chien|Protect|p2b: Wo-Chien\n|-singleturn|p2b: Wo-Chien|Protect\n|move|p1b: Dragonite|Extreme Speed|p2a: Vaporeon\n|-damage|p2a: Vaporeon|47\/100\n|move|p1a: Chien-Pao|Ice Spinner|p2b: Wo-Chien\n|-activate|p2b: Wo-Chien|move: Protect\n|move|p2a: Vaporeon|Muddy Water|p1b: Dragonite|[spread] p1a,p1b\n|-resisted|p1b: Dragonite\n|-damage|p1a: Chien-Pao|0 fnt\n|-damage|p1b: Dragonite|87\/100\n|faint|p1a: Chien-Pao\n|\n|-heal|p1b: Dragonite|93\/100|[from] item: Leftovers\n|upkeep\n|\n|t:|1683638096\n|switch|p1a: Dondozo|Dondozo, L50, F, shiny|100\/100\n|turn|5\n|\n|t:|1683638115\n|switch|p1b: Tatsugiri|Tatsugiri, L50, F|100\/100\n|-activate|p1b: Tatsugiri|ability: Commander|[of] p1a: Dondozo\n|-boost|p1a: Dondozo|atk|2\n|-boost|p1a: Dondozo|spa|2\n|-boost|p1a: Dondozo|spe|2\n|-boost|p1a: Dondozo|def|2\n|-boost|p1a: Dondozo|spd|2\n|switch|p2a: Arcanine|Arcanine, L50, M|19\/100\n|-ability|p2a: Arcanine|Intimidate|boost\n|-unboost|p1a: Dondozo|atk|1\n|-unboost|p1b: Tatsugiri|atk|1\n|-terastallize|p1a: Dondozo|Grass\n|move|p1a: Dondozo|Earthquake|p2a: Arcanine|[spread] p2a,p2b\n|-miss|p1a: Dondozo|p1b: Tatsugiri\n|-supereffective|p2a: Arcanine\n|-resisted|p2b: Wo-Chien\n|-damage|p2a: Arcanine|0 fnt\n|-damage|p2b: Wo-Chien|91\/100\n|faint|p2a: Arcanine\n|move|p2b: Wo-Chien|Leech Seed|p1a: Dondozo\n|-immune|p1a: Dondozo\n|\n|-heal|p2b: Wo-Chien|97\/100|[from] item: Leftovers\n|upkeep\n|\n|t:|1683638139\n|switch|p2a: Vaporeon|Vaporeon, L50, F|47\/100\n|turn|6\n|\n|t:|1683638148\n|-terastallize|p2a: Vaporeon|Grass\n|move|p1a: Dondozo|Order Up|p2a: Vaporeon\n|-damage|p2a: Vaporeon|28\/100\n|-boost|p1a: Dondozo|atk|1\n|move|p2b: Wo-Chien|Foul Play|p1a: Dondozo\n|-damage|p1a: Dondozo|87\/100\n|move|p2a: Vaporeon|Haze|p2a: Vaporeon\n|-clearallboost\n|\n|-heal|p2b: Wo-Chien|100\/100|[from] item: Leftovers\n|upkeep\n|turn|7\n|\n|t:|1683638166\n|move|p2b: Wo-Chien|Foul Play|p1a: Dondozo\n|-damage|p1a: Dondozo|62\/100\n|move|p2a: Vaporeon|Yawn|p1a: Dondozo\n|-start|p1a: Dondozo|move: Yawn|[of] p2a: Vaporeon\n|move|p1a: Dondozo|Order Up|p2a: Vaporeon\n|-damage|p2a: Vaporeon|16\/100\n|-enditem|p2a: Vaporeon|Iapapa Berry|[eat]\n|-heal|p2a: Vaporeon|49\/100|[from] item: Iapapa Berry\n|-boost|p1a: Dondozo|atk|1\n|\n|upkeep\n|turn|8\n|\n|t:|1683638185\n|move|p2a: Vaporeon|Baby-Doll Eyes|p1a: Dondozo\n|-unboost|p1a: Dondozo|atk|1\n|move|p2b: Wo-Chien|Foul Play|p1a: Dondozo\n|-damage|p1a: Dondozo|37\/100\n|move|p1a: Dondozo|Rest|p1a: Dondozo\n|-status|p1a: Dondozo|slp|[from] move: Rest\n|-enditem|p1a: Dondozo|Lum Berry|[eat]\n|-curestatus|p1a: Dondozo|slp|[msg]\n|-heal|p1a: Dondozo|100\/100|[silent]\n|\n|-end|p1a: Dondozo|move: Yawn|[silent]\n|-status|p1a: Dondozo|slp\n|upkeep\n|turn|9\n|\n|t:|1683638208\n|switch|p2a: Corviknight|Corviknight, L50, M|67\/100\n|move|p2b: Wo-Chien|Foul Play|p1a: Dondozo\n|-damage|p1a: Dondozo|76\/100 slp\n|cant|p1a: Dondozo|slp\n|\n|upkeep\n|turn|10\n|\n|t:|1683638220\n|move|p2a: Corviknight|Brave Bird|p1a: Dondozo\n|-supereffective|p1a: Dondozo\n|-damage|p1a: Dondozo|0 fnt\n|faint|p1a: Dondozo\n|-damage|p2a: Corviknight|37\/100|[from] Recoil\n|move|p2b: Wo-Chien|Leech Seed|p1b: Tatsugiri\n|-start|p1b: Tatsugiri|move: Leech Seed\n|\n|-damage|p1b: Tatsugiri|88\/100|[from] Leech Seed|[of] p2b: Wo-Chien\n|upkeep\n|\n|t:|1683638232\n|switch|p1a: Dragonite|Dragonite, L50, F, shiny|93\/100\n|turn|11\n|\n|t:|1683638238\n|move|p1b: Tatsugiri|Icy Wind|p2b: Wo-Chien|[spread] p2a,p2b\n|-supereffective|p2b: Wo-Chien\n|-damage|p2a: Corviknight|23\/100\n|-damage|p2b: Wo-Chien|85\/100\n|-ability|p2a: Corviknight|Mirror Armor\n|-unboost|p1b: Tatsugiri|spe|1\n|-unboost|p2b: Wo-Chien|spe|1\n|move|p1a: Dragonite|Brick Break|p2b: Wo-Chien\n|-supereffective|p2b: Wo-Chien\n|-damage|p2b: Wo-Chien|46\/100\n|move|p2a: Corviknight|Brave Bird|p1a: Dragonite\n|-damage|p1a: Dragonite|32\/100\n|-damage|p2a: Corviknight|6\/100|[from] Recoil\n|move|p2b: Wo-Chien|Leech Seed|p1a: Dragonite\n|-start|p1a: Dragonite|move: Leech Seed\n|\n|-heal|p1a: Dragonite|38\/100|[from] item: Leftovers\n|-heal|p2b: Wo-Chien|53\/100|[from] item: Leftovers\n|-damage|p1b: Tatsugiri|76\/100|[from] Leech Seed|[of] p2b: Wo-Chien\n|-heal|p2b: Wo-Chien|62\/100|[silent]\n|-damage|p1a: Dragonite|26\/100|[from] Leech Seed|[of] p2b: Wo-Chien\n|-heal|p2b: Wo-Chien|72\/100|[silent]\n|upkeep\n|turn|12\n|inactive|k58462312 has 30 seconds left.\n|\n|t:|1683638264\n|move|p2b: Wo-Chien|Protect|p2b: Wo-Chien\n|-singleturn|p2b: Wo-Chien|Protect\n|move|p1b: Tatsugiri|Icy Wind|p2b: Wo-Chien|[spread] p2a\n|-activate|p2b: Wo-Chien|move: Protect\n|-damage|p2a: Corviknight|0 fnt\n|faint|p2a: Corviknight\n|move|p1a: Dragonite|Brick Break|p2b: Wo-Chien\n|-activate|p2b: Wo-Chien|move: Protect\n|\n|-heal|p1a: Dragonite|32\/100|[from] item: Leftovers\n|-heal|p2b: Wo-Chien|79\/100|[from] item: Leftovers\n|-damage|p1b: Tatsugiri|64\/100|[from] Leech Seed|[of] p2b: Wo-Chien\n|-heal|p2b: Wo-Chien|88\/100|[silent]\n|-damage|p1a: Dragonite|20\/100|[from] Leech Seed|[of] p2b: Wo-Chien\n|-heal|p2b: Wo-Chien|98\/100|[silent]\n|upkeep\n|\n|t:|1683638281\n|switch|p2a: Vaporeon|Vaporeon, L50, F, tera:Grass|49\/100\n|turn|13\n|\n|t:|1683638299\n|move|p2a: Vaporeon|Baby-Doll Eyes|p1a: Dragonite\n|-unboost|p1a: Dragonite|atk|1\n|move|p1b: Tatsugiri|Icy Wind|p2a: Vaporeon|[spread] p2a\n|-miss|p1b: Tatsugiri|p2b: Wo-Chien\n|-supereffective|p2a: Vaporeon\n|-damage|p2a: Vaporeon|33\/100\n|-unboost|p2a: Vaporeon|spe|1\n|move|p1a: Dragonite|Brick Break|p2b: Wo-Chien\n|-supereffective|p2b: Wo-Chien\n|-damage|p2b: Wo-Chien|73\/100\n|move|p2b: Wo-Chien|Giga Drain|p1b: Tatsugiri\n|-damage|p1b: Tatsugiri|33\/100\n|-heal|p2b: Wo-Chien|85\/100|[from] drain|[of] p1b: Tatsugiri\n|\n|-heal|p1a: Dragonite|26\/100|[from] item: Leftovers\n|-heal|p2b: Wo-Chien|92\/100|[from] item: Leftovers\n|-damage|p1b: Tatsugiri|20\/100|[from] Leech Seed|[of] p2b: Wo-Chien\n|-heal|p2b: Wo-Chien|100\/100|[silent]\n|-damage|p1a: Dragonite|14\/100|[from] Leech Seed|[of] p2b: Wo-Chien\n|upkeep\n|turn|14\n|inactive|k58462312 has 30 seconds left.\n|\n|t:|1683638328\n|move|p2a: Vaporeon|Baby-Doll Eyes|p1a: Dragonite\n|-unboost|p1a: Dragonite|atk|1\n|move|p1b: Tatsugiri|Icy Wind|p2b: Wo-Chien|[spread] p2a,p2b\n|-supereffective|p2a: Vaporeon\n|-supereffective|p2b: Wo-Chien\n|-damage|p2a: Vaporeon|17\/100\n|-damage|p2b: Wo-Chien|83\/100\n|-unboost|p2a: Vaporeon|spe|1\n|-unboost|p2b: Wo-Chien|spe|1\n|move|p1a: Dragonite|Brick Break|p2b: Wo-Chien\n|-supereffective|p2b: Wo-Chien\n|-damage|p2b: Wo-Chien|65\/100\n|move|p2b: Wo-Chien|Giga Drain|p1b: Tatsugiri\n|-damage|p1b: Tatsugiri|0 fnt\n|-heal|p2b: Wo-Chien|73\/100|[from] drain|[of] p1b: Tatsugiri\n|faint|p1b: Tatsugiri\n|\n|-heal|p1a: Dragonite|20\/100|[from] item: Leftovers\n|-heal|p2b: Wo-Chien|79\/100|[from] item: Leftovers\n|-damage|p1a: Dragonite|8\/100|[from] Leech Seed|[of] p2b: Wo-Chien\n|-heal|p2b: Wo-Chien|90\/100|[silent]\n|upkeep\n|turn|15\n|-message|LUMPECTOMY forfeited.\n|\n|win|k58462312\n|raw|LUMPECTOMY's rating: 1260 → 1236<\/strong> (-24 for losing)\n|raw|k58462312's rating: 1279 → 1303<\/strong> (+24 for winning)\n|l|\u2606LUMPECTOMY\n","uploadtime":1683638353,"views":14,"p1id":"lumpectomy","p2id":"k58462312","formatid":"gen9vgc2023regulationc","rating":1236,"private":0,"password":""}