{"id":"gen9vgc2023regulationc-1847196667","p1":"bewatermymaxi","p2":"Reggie Romano","format":"[Gen 9] VGC 2023 Regulation C","log":"|j|\u2606bewatermymaxi\n|j|\u2606Reggie Romano\n|t:|1681926964\n|gametype|doubles\n|player|p1|bewatermymaxi|2|1050\n|player|p2|Reggie Romano|lance-lgpe|1060\n|teamsize|p1|6\n|teamsize|p2|6\n|gen|9\n|tier|[Gen 9] VGC 2023 Regulation C\n|rated|\n|rule|Species Clause: Limit one of each Pok\u00e9mon\n|rule|Item Clause: Limit one of each item\n|clearpoke\n|poke|p1|Murkrow, L50, M|\n|poke|p1|Baxcalibur, L50, M|\n|poke|p1|Gholdengo, L50|\n|poke|p1|Mimikyu, L50, F|\n|poke|p1|Mudsdale, L50, M|\n|poke|p1|Gastrodon-East, L50, F|\n|poke|p2|Ting-Lu, L50|\n|poke|p2|Arcanine, L50, M|\n|poke|p2|Flutter Mane, L50|\n|poke|p2|Amoonguss, L50, M|\n|poke|p2|Dragonite, L50, M|\n|poke|p2|Iron Hands, L50|\n|teampreview|4\n|inactive|Battle timer is ON: inactive players will automatically lose when time's up. (requested by bewatermymaxi)\nReggie Romano rejected open team sheets.\n|inactive|bewatermymaxi has 60 seconds left.\n|\n|t:|1681926996\n|start\n|switch|p1a: Murkrow|Murkrow, L50, M, shiny|100\/100\n|switch|p1b: Baxcalibur|Baxcalibur, L50, M|100\/100\n|switch|p2a: Snoop Dogg|Arcanine, L50, M|100\/100\n|switch|p2b: Lil Uzi Vert|Flutter Mane, L50|100\/100\n|-ability|p2a: Snoop Dogg|Intimidate|boost\n|-unboost|p1a: Murkrow|atk|1\n|-unboost|p1b: Baxcalibur|atk|1\n|-enditem|p2b: Lil Uzi Vert|Booster Energy\n|-activate|p2b: Lil Uzi Vert|ability: Protosynthesis|[fromitem]\n|-start|p2b: Lil Uzi Vert|protosynthesisspe\n|turn|1\n|\n|t:|1681927009\n|switch|p1b: Mudsdale|Mudsdale, L50, M|100\/100\n|move|p1a: Murkrow|Tailwind|p1a: Murkrow\n|-sidestart|p1: bewatermymaxi|move: Tailwind\n|move|p2b: Lil Uzi Vert|Dazzling Gleam|p1b: Mudsdale|[spread] p1a,p1b\n|-supereffective|p1a: Murkrow\n|-crit|p1b: Mudsdale\n|-damage|p1a: Murkrow|47\/100\n|-damage|p1b: Mudsdale|67\/100\n|-ability|p1b: Mudsdale|Stamina|boost\n|-boost|p1b: Mudsdale|def|1\n|move|p2a: Snoop Dogg|Will-O-Wisp|p1b: Mudsdale\n|-status|p1b: Mudsdale|brn\n|\n|-damage|p1b: Mudsdale|61\/100 brn|[from] brn\n|upkeep\n|turn|2\n|\n|t:|1681927032\n|move|p1a: Murkrow|Taunt|p2b: Lil Uzi Vert\n|-start|p2b: Lil Uzi Vert|move: Taunt\n|move|p2b: Lil Uzi Vert|Shadow Ball|p1b: Mudsdale\n|-damage|p1b: Mudsdale|32\/100 brn\n|-unboost|p1b: Mudsdale|spd|1\n|-ability|p1b: Mudsdale|Stamina|boost\n|-boost|p1b: Mudsdale|def|1\n|move|p2a: Snoop Dogg|Snarl|p1b: Mudsdale|[spread] p1a,p1b\n|-resisted|p1a: Murkrow\n|-crit|p1b: Mudsdale\n|-damage|p1a: Murkrow|44\/100\n|-damage|p1b: Mudsdale|19\/100 brn\n|-unboost|p1a: Murkrow|spa|1\n|-unboost|p1b: Mudsdale|spa|1\n|-ability|p1b: Mudsdale|Stamina|boost\n|-boost|p1b: Mudsdale|def|1\n|move|p1b: Mudsdale|Heavy Slam|p2b: Lil Uzi Vert\n|-supereffective|p2b: Lil Uzi Vert\n|-damage|p2b: Lil Uzi Vert|25\/100\n|\n|-damage|p1b: Mudsdale|14\/100 brn|[from] brn\n|upkeep\n|turn|3\n|\n|t:|1681927043\n|move|p1a: Murkrow|Quash|p2b: Lil Uzi Vert\n|-activate|p2b: Lil Uzi Vert|move: Quash\n|move|p2a: Snoop Dogg|Will-O-Wisp|p1a: Murkrow\n|-status|p1a: Murkrow|brn\n|move|p1b: Mudsdale|Earthquake|p2b: Lil Uzi Vert|[spread] p2a,p2b\n|-immune|p1a: Murkrow\n|-supereffective|p2a: Snoop Dogg\n|-damage|p2a: Snoop Dogg|68\/100\n|-damage|p2b: Lil Uzi Vert|0 fnt\n|faint|p2b: Lil Uzi Vert\n|-end|p2b: Lil Uzi Vert|Protosynthesis|[silent]\n|\n|-damage|p1a: Murkrow|38\/100 brn|[from] brn\n|-damage|p1b: Mudsdale|8\/100 brn|[from] brn\n|upkeep\n|\n|t:|1681927051\n|switch|p2b: Best Boy :)|Dragonite, L50, M|100\/100\n|turn|4\n|\n|t:|1681927066\n|switch|p1a: Mimikyu|Mimikyu, L50, F, shiny|100\/100\n|move|p2b: Best Boy :)|Extreme Speed|p1b: Mudsdale\n|-damage|p1b: Mudsdale|0 fnt\n|faint|p1b: Mudsdale\n|move|p2a: Snoop Dogg|Snarl|p1a: Mimikyu\n|-activate|p1a: Mimikyu|ability: Disguise\n|-damage|p1a: Mimikyu|100\/100\n|-unboost|p1a: Mimikyu|spa|1\n|detailschange|p1a: Mimikyu|Mimikyu-Busted, L50, F, shiny\n|-damage|p1a: Mimikyu|88\/100|[from] pokemon: Mimikyu-Busted\n|\n|-sideend|p1: bewatermymaxi|move: Tailwind\n|upkeep\n|\n|t:|1681927073\n|switch|p1b: Murkrow|Murkrow, L50, M, shiny|38\/100 brn\n|turn|5\n|\n|t:|1681927084\n|move|p1b: Murkrow|Taunt|p2a: Snoop Dogg\n|-start|p2a: Snoop Dogg|move: Taunt\n|cant|p2a: Snoop Dogg|move: Taunt|Will-O-Wisp\n|move|p2b: Best Boy :)|Ice Spinner|p1b: Murkrow\n|-supereffective|p1b: Murkrow\n|-damage|p1b: Murkrow|0 fnt\n|faint|p1b: Murkrow\n|move|p1a: Mimikyu|Play Rough|p2b: Best Boy :)\n|-supereffective|p2b: Best Boy :)\n|-crit|p2b: Best Boy :)\n|-damage|p2b: Best Boy :)|30\/100\n|-damage|p1a: Mimikyu|78\/100|[from] item: Life Orb\n|\n|upkeep\n|\n|t:|1681927089\n|switch|p1b: Baxcalibur|Baxcalibur, L50, M|100\/100\n|turn|6\n|\n|t:|1681927096\n|-terastallize|p1b: Baxcalibur|Dragon\n|move|p2b: Best Boy :)|Protect|p2b: Best Boy :)\n|-singleturn|p2b: Best Boy :)|Protect\n|move|p1b: Baxcalibur|Glaive Rush|p2a: Snoop Dogg\n|-damage|p2a: Snoop Dogg|0 fnt\n|-singlemove|p1b: Baxcalibur|Glaive Rush|[silent]\n|faint|p2a: Snoop Dogg\n|move|p1a: Mimikyu|Play Rough|p2b: Best Boy :)\n|-activate|p2b: Best Boy :)|move: Protect\n|\n|upkeep\n|\n|t:|1681927102\n|switch|p2a: Misfits|Ting-Lu, L50|100\/100\n|-ability|p2a: Misfits|Vessel of Ruin\n|turn|7\n|\n|t:|1681927111\n|move|p1b: Baxcalibur|Glaive Rush|p2b: Best Boy :)\n|-supereffective|p2b: Best Boy :)\n|-damage|p2b: Best Boy :)|0 fnt\n|-singlemove|p1b: Baxcalibur|Glaive Rush|[silent]\n|faint|p2b: Best Boy :)\n|move|p1a: Mimikyu|Play Rough|p2a: Misfits\n|-supereffective|p2a: Misfits\n|-damage|p2a: Misfits|55\/100\n|-damage|p1a: Mimikyu|68\/100|[from] item: Life Orb\n|move|p2a: Misfits|Fissure|p1b: Baxcalibur\n|-damage|p1b: Baxcalibur|0 fnt\n|faint|p1b: Baxcalibur\n|-ohko\n|\n|-heal|p2a: Misfits|61\/100|[from] item: Leftovers\n|upkeep\n|turn|8\n|\n|t:|1681927116\n|move|p1a: Mimikyu|Play Rough|p2a: Misfits|[miss]\n|-miss|p1a: Mimikyu|p2a: Misfits\n|move|p2a: Misfits|Fissure|p1a: Mimikyu|[miss]\n|-miss|p2a: Misfits|p1a: Mimikyu\n|\n|-heal|p2a: Misfits|67\/100|[from] item: Leftovers\n|upkeep\n|turn|9\n|\n|t:|1681927120\n|move|p1a: Mimikyu|Play Rough|p2a: Misfits\n|-supereffective|p2a: Misfits\n|-damage|p2a: Misfits|22\/100\n|-damage|p1a: Mimikyu|59\/100|[from] item: Life Orb\n|move|p2a: Misfits|Stomping Tantrum|p1a: Mimikyu\n|-damage|p1a: Mimikyu|0 fnt\n|faint|p1a: Mimikyu\n|\n|win|Reggie Romano\n|raw|bewatermymaxi's rating: 1050 → 1033<\/strong> (-17 for losing)\n|raw|Reggie Romano's rating: 1060 → 1090<\/strong> (+30 for winning)\n|c|\u2606Reggie Romano|gg\n|l|\u2606bewatermymaxi\n|l|\u2606Reggie Romano\n|j|\u2606Reggie Romano\n|player|p2|Reggie Romano|lance-lgpe\n","uploadtime":1681927128,"views":12,"p1id":"bewatermymaxi","p2id":"reggieromano","formatid":"gen9vgc2023regulationc","rating":1033,"private":0,"password":""}