{"id":"gen9vgc2023regulationc-1859390365","p1":"qwesdzxc","p2":"Arcacagne","format":"[Gen 9] VGC 2023 Regulation C","log":"|j|\u2606qwesdzxc\n|j|\u2606Arcacagne\n|t:|1683454912\n|gametype|doubles\n|player|p1|qwesdzxc|170|1187\n|player|p2|Arcacagne|2|1253\n|teamsize|p1|6\n|teamsize|p2|6\n|gen|9\n|tier|[Gen 9] VGC 2023 Regulation C\n|rated|\n|rule|Species Clause: Limit one of each Pok\u00e9mon\n|rule|Item Clause: Limit one of each item\n|clearpoke\n|poke|p1|Roaring Moon, L50|\n|poke|p1|Ting-Lu, L50|\n|poke|p1|Chien-Pao, L50|\n|poke|p1|Chi-Yu, L50|\n|poke|p1|Wo-Chien, L50|\n|poke|p1|Iron Jugulis, L50|\n|poke|p2|Chi-Yu, L50|\n|poke|p2|Flutter Mane, L50|\n|poke|p2|Amoonguss, L50, M|\n|poke|p2|Palafin, L50, M|\n|poke|p2|Kingambit, L50, M|\n|poke|p2|Arcanine, L50, F|\n|teampreview|4\n|\n|t:|1683454939\n|start\n|switch|p1a: Chi-Yu|Chi-Yu, L50|100\/100\n|switch|p1b: Wo-Chien|Wo-Chien, L50|100\/100\n|switch|p2a: Flutter Mane|Flutter Mane, L50|100\/100\n|switch|p2b: Amoonguss|Amoonguss, L50, M|100\/100\n|-ability|p1a: Chi-Yu|Beads of Ruin\n|-ability|p1b: Wo-Chien|Tablets of Ruin\n|-enditem|p2a: Flutter Mane|Booster Energy\n|-activate|p2a: Flutter Mane|ability: Protosynthesis|[fromitem]\n|-start|p2a: Flutter Mane|protosynthesisspa\n|turn|1\n|inactive|Battle timer is ON: inactive players will automatically lose when time's up. (requested by Arcacagne)\n|\n|t:|1683454968\n|-terastallize|p2b: Amoonguss|Water\n|move|p2a: Flutter Mane|Substitute|p2a: Flutter Mane\n|-start|p2a: Flutter Mane|Substitute\n|-damage|p2a: Flutter Mane|76\/100\n|move|p1a: Chi-Yu|Lava Plume|p2a: Flutter Mane|[spread] p1b,p2a,p2b\n|-end|p2a: Flutter Mane|Substitute\n|-supereffective|p1b: Wo-Chien\n|-resisted|p2b: Amoonguss\n|-damage|p1b: Wo-Chien|35\/100\n|-damage|p2b: Amoonguss|81\/100\n|-status|p1b: Wo-Chien|brn\n|-status|p2b: Amoonguss|brn\n|-enditem|p1b: Wo-Chien|Weakness Policy\n|-boost|p1b: Wo-Chien|atk|2|[from] item: Weakness Policy\n|-boost|p1b: Wo-Chien|spa|2|[from] item: Weakness Policy\n|move|p1b: Wo-Chien|Snarl|p2b: Amoonguss|[spread] p2a,p2b\n|-damage|p2a: Flutter Mane|31\/100\n|-damage|p2b: Amoonguss|38\/100 brn\n|-unboost|p2a: Flutter Mane|spa|1\n|-unboost|p2b: Amoonguss|spa|1\n|-enditem|p2b: Amoonguss|Sitrus Berry|[eat]\n|-heal|p2b: Amoonguss|62\/100 brn|[from] item: Sitrus Berry\n|move|p2b: Amoonguss|Spore|p1a: Chi-Yu\n|-status|p1a: Chi-Yu|slp|[from] move: Spore\n|\n|-damage|p1b: Wo-Chien|29\/100 brn|[from] brn\n|-damage|p2b: Amoonguss|57\/100 brn|[from] brn\n|upkeep\n|turn|2\n|c|\u2606Arcacagne|what is thi shit\n|inactive|qwesdzxc has 30 seconds left.\n|inactive|Arcacagne has 30 seconds left.\n|\n|t:|1683455001\n|switch|p2b: Chi-Yu|Chi-Yu, L50|100\/100\n|-ability|p2b: Chi-Yu|Beads of Ruin\n|move|p2a: Flutter Mane|Moonblast|p1b: Wo-Chien\n|-supereffective|p1b: Wo-Chien\n|-damage|p1b: Wo-Chien|0 fnt\n|faint|p1b: Wo-Chien\n|cant|p1a: Chi-Yu|slp\n|\n|upkeep\n|\n|t:|1683455014\n|switch|p1b: Chien-Pao|Chien-Pao, L50|100\/100\n|-ability|p1b: Chien-Pao|Sword of Ruin\n|turn|3\n|inactive|qwesdzxc has 30 seconds left.\n|inactive|Arcacagne has 30 seconds left.\n|\n|t:|1683455047\n|move|p1b: Chien-Pao|Sucker Punch|p2a: Flutter Mane\n|-damage|p2a: Flutter Mane|0 fnt\n|faint|p2a: Flutter Mane\n|-end|p2a: Flutter Mane|Protosynthesis|[silent]\n|-curestatus|p1a: Chi-Yu|slp|[msg]\n|move|p1a: Chi-Yu|Dark Pulse|p2b: Chi-Yu\n|-resisted|p2b: Chi-Yu\n|-damage|p2b: Chi-Yu|80\/100\n|move|p2b: Chi-Yu|Heat Wave|p1a: Chi-Yu|[spread] p1a,p1b\n|-resisted|p1a: Chi-Yu\n|-supereffective|p1b: Chien-Pao\n|-damage|p1a: Chi-Yu|81\/100\n|-enditem|p1b: Chien-Pao|Focus Sash\n|-damage|p1b: Chien-Pao|1\/100\n|\n|upkeep\n|\n|t:|1683455059\n|switch|p2a: Arcanine|Arcanine, L50, F|100\/100\n|-ability|p2a: Arcanine|Intimidate|boost\n|-unboost|p1a: Chi-Yu|atk|1\n|-unboost|p1b: Chien-Pao|atk|1\n|turn|4\n|\n|t:|1683455078\n|move|p2a: Arcanine|Extreme Speed|p1b: Chien-Pao\n|-damage|p1b: Chien-Pao|0 fnt\n|faint|p1b: Chien-Pao\n|move|p1a: Chi-Yu|Dark Pulse|p2a: Arcanine\n|-damage|p2a: Arcanine|44\/100\n|move|p2b: Chi-Yu|Nasty Plot|p2b: Chi-Yu\n|-boost|p2b: Chi-Yu|spa|2\n|\n|upkeep\n|\n|t:|1683455089\n|switch|p1b: Ting-Lu|Ting-Lu, L50|100\/100\n|-ability|p1b: Ting-Lu|Vessel of Ruin\n|turn|5\n|\n|t:|1683455102\n|-terastallize|p1b: Ting-Lu|Ground\n|move|p2b: Chi-Yu|Protect|p2b: Chi-Yu\n|-singleturn|p2b: Chi-Yu|Protect\n|move|p1a: Chi-Yu|Dark Pulse|p2a: Arcanine\n|-damage|p2a: Arcanine|3\/100\n|-enditem|p2a: Arcanine|Aguav Berry|[eat]\n|-heal|p2a: Arcanine|36\/100|[from] item: Aguav Berry\n|move|p2a: Arcanine|Will-O-Wisp|p1b: Ting-Lu|[miss]\n|-miss|p2a: Arcanine|p1b: Ting-Lu\n|move|p1b: Ting-Lu|Stomping Tantrum|p2b: Chi-Yu\n|-activate|p2b: Chi-Yu|move: Protect\n|\n|upkeep\n|turn|6\n|inactive|Arcacagne has 30 seconds left.\n|inactive|Arcacagne has 20 seconds left.\n|\n|t:|1683455138\n|move|p2a: Arcanine|Extreme Speed|p1b: Ting-Lu\n|-damage|p1b: Ting-Lu|89\/100\n|move|p1a: Chi-Yu|Dark Pulse|p2a: Arcanine\n|-damage|p2a: Arcanine|0 fnt\n|faint|p2a: Arcanine\n|move|p2b: Chi-Yu|Dark Pulse|p1b: Ting-Lu\n|-damage|p1b: Ting-Lu|48\/100\n|move|p1b: Ting-Lu|Stomping Tantrum|p2b: Chi-Yu\n|-supereffective|p2b: Chi-Yu\n|-damage|p2b: Chi-Yu|0 fnt\n|faint|p2b: Chi-Yu\n|\n|upkeep\n|c|\u2606Arcacagne|nice miss btw\n|\n|t:|1683455155\n|switch|p2b: Amoonguss|Amoonguss, L50, M, tera:Water|90\/100 brn\n|turn|7\n|\n|t:|1683455168\n|move|p1a: Chi-Yu|Hex|p2b: Amoonguss\n|-damage|p2b: Amoonguss|48\/100 brn\n|move|p1b: Ting-Lu|Payback|p2b: Amoonguss\n|-damage|p2b: Amoonguss|28\/100 brn\n|move|p2b: Amoonguss|Spore|p1b: Ting-Lu\n|-status|p1b: Ting-Lu|slp|[from] move: Spore\n|\n|-damage|p2b: Amoonguss|22\/100 brn|[from] brn\n|upkeep\n|turn|8\n|c|\u2606Arcacagne|this was your wincon\n|\n|t:|1683455182\n|move|p1a: Chi-Yu|Hex|p2b: Amoonguss\n|-damage|p2b: Amoonguss|0 fnt\n|faint|p2b: Amoonguss\n|\n|win|qwesdzxc\n|raw|qwesdzxc's rating: 1187 → 1217<\/strong> (+30 for winning)\n|raw|Arcacagne's rating: 1253 → 1223<\/strong> (-30 for losing)\n","uploadtime":1683455189,"views":18,"p1id":"qwesdzxc","p2id":"arcacagne","formatid":"gen9vgc2023regulationc","rating":1217,"private":0,"password":""}