{"id":"gen9vgc2023regulationc-1845145144","p1":"That_Leek","p2":"The kanga kid","format":"[Gen 9] VGC 2023 Regulation C","log":"|j|\u2606That_Leek\n|j|\u2606The kanga kid\n|t:|1681688915\n|gametype|doubles\n|player|p1|That_Leek|blue-masters|\n|player|p2|The kanga kid|169|\n|teamsize|p1|6\n|teamsize|p2|6\n|gen|9\n|tier|[Gen 9] VGC 2023 Regulation C\n|rated|Tournament battle\n|rule|Species Clause: Limit one of each Pok\u00e9mon\n|rule|Item Clause: Limit one of each item\n|clearpoke\n|poke|p1|Tyranitar, L50, M|\n|poke|p1|Gyarados, L50, F|\n|poke|p1|Scizor, L50, M|\n|poke|p1|Sandy Shocks, L50|\n|poke|p1|Amoonguss, L50, F|\n|poke|p1|Flutter Mane, L50|\n|poke|p2|Chi-Yu, L50|\n|poke|p2|Talonflame, L50, M|\n|poke|p2|Tyranitar, L50, M|\n|poke|p2|Flutter Mane, L50|\n|poke|p2|Amoonguss, L50, M|\n|poke|p2|Iron Hands, L50|\n|teampreview|4\n|raw| Open Team Sheet for That_Leek<\/summary>Tyranitar @ Assault Vest Ability: Sand Stream Level: 50 Tera Type: Flying - Rock Slide - Crunch - Brick Break - Tera Blast Gyarados @ Safety Goggles Ability: Intimidate Level: 50 Tera Type: Water - Waterfall - Dragon Dance - Protect - Thunder Wave Scizor @ Clear Amulet Ability: Technician Level: 50 Tera Type: Steel - Swords Dance - Bullet Punch - Pounce - Close Combat Sandy Shocks @ Life Orb Ability: Protosynthesis Level: 50 Tera Type: Ice - Thunderbolt - Earth Power - Tera Blast - Protect Amoonguss @ Covert Cloak Ability: Regenerator Level: 50 Tera Type: Rock - Spore - Rage Powder - Protect - Pollen Puff Flutter Mane @ Choice Specs Ability: Protosynthesis Level: 50 Tera Type: Fairy - Dazzling Gleam - Moonblast - Shadow Ball - Thunderbolt <\/details><\/div> Open Team Sheet for The kanga kid<\/summary>Chi-Yu @ Charcoal Ability: Beads of Ruin Level: 50 Tera Type: Dark - Heat Wave - Snarl - Flamethrower - Protect Talonflame @ Focus Sash Ability: Gale Wings Level: 50 Tera Type: Fire - Brave Bird - Tailwind - Will-O-Wisp - Protect Tyranitar (M) @ Wide Lens Ability: Sand Stream Level: 50 Tera Type: Ghost - Rock Slide - Stone Edge - Crunch - Low Kick Flutter Mane @ Choice Specs Ability: Protosynthesis Level: 50 Tera Type: Fairy - Moonblast - Dazzling Gleam - Shadow Ball - Mystical Fire Amoonguss Ability: Regenerator Level: 50 Tera Type: Grass - Giga Drain - Pollen Puff - Spore - Rage Powder Iron Hands @ Assault Vest Ability: Quark Drive Level: 50 Tera Type: Flying - Close Combat - Volt Switch - Fake Out - Ice Punch <\/details><\/div>\n|\n|t:|1681688937\n|start\n|switch|p1a: Sandy Shocks|Sandy Shocks, L50|100\/100\n|switch|p1b: Tyranitar|Tyranitar, L50, M|100\/100\n|switch|p2a: Amoonguss|Amoonguss, L50, M|100\/100\n|switch|p2b: Iron Hands|Iron Hands, L50|100\/100\n|-weather|Sandstorm|[from] ability: Sand Stream|[of] p1b: Tyranitar\n|turn|1\n|\n|t:|1681688955\n|switch|p1b: Gyarados|Gyarados, L50, F|100\/100\n|-ability|p1b: Gyarados|Intimidate|boost\n|-unboost|p2a: Amoonguss|atk|1\n|-unboost|p2b: Iron Hands|atk|1\n|move|p1a: Sandy Shocks|Protect|p1a: Sandy Shocks\n|-singleturn|p1a: Sandy Shocks|Protect\n|move|p2b: Iron Hands|Fake Out|p1a: Sandy Shocks\n|-activate|p1a: Sandy Shocks|move: Protect\n|move|p2a: Amoonguss|Spore|p1a: Sandy Shocks\n|-activate|p1a: Sandy Shocks|move: Protect\n|\n|-weather|Sandstorm|[upkeep]\n|-damage|p2b: Iron Hands|94\/100|[from] Sandstorm\n|-damage|p2a: Amoonguss|95\/100|[from] Sandstorm\n|upkeep\n|turn|2\n|\n|t:|1681688995\n|-terastallize|p1a: Sandy Shocks|Ice\n|move|p1a: Sandy Shocks|Tera Blast|p2a: Amoonguss\n|-supereffective|p2a: Amoonguss\n|-damage|p2a: Amoonguss|0 fnt\n|faint|p2a: Amoonguss\n|-damage|p1a: Sandy Shocks|91\/100|[from] item: Life Orb\n|move|p1b: Gyarados|Waterfall|p2b: Iron Hands\n|-damage|p2b: Iron Hands|70\/100\n|move|p2b: Iron Hands|Volt Switch|p1b: Gyarados\n|-supereffective|p1b: Gyarados\n|-damage|p1b: Gyarados|46\/100\n|j|%Bright Size\n|\n|t:|1681689023\n|-end|p2b: Iron Hands|Quark Drive|[silent]\n|switch|p2b: Chi-Yu|Chi-Yu, L50|100\/100|[from] Volt Switch\n|-ability|p2b: Chi-Yu|Beads of Ruin\n|\n|-weather|Sandstorm|[upkeep]\n|-damage|p1a: Sandy Shocks|84\/100|[from] Sandstorm\n|-damage|p2b: Chi-Yu|94\/100|[from] Sandstorm\n|upkeep\n|\n|t:|1681689030\n|switch|p2a: Talonflame|Talonflame, L50, M|100\/100\n|turn|3\n|j| estockelly\n|\n|t:|1681689048\n|switch|p1b: Tyranitar|Tyranitar, L50, M|100\/100\n|move|p1a: Sandy Shocks|Protect|p1a: Sandy Shocks\n|-singleturn|p1a: Sandy Shocks|Protect\n|move|p2a: Talonflame|Brave Bird|p1b: Tyranitar\n|-resisted|p1b: Tyranitar\n|-damage|p1b: Tyranitar|86\/100\n|-damage|p2a: Talonflame|95\/100|[from] Recoil\n|move|p2b: Chi-Yu|Heat Wave|p1b: Tyranitar|[spread] p1b\n|-activate|p1a: Sandy Shocks|move: Protect\n|-resisted|p1b: Tyranitar\n|-damage|p1b: Tyranitar|75\/100\n|\n|-weather|Sandstorm|[upkeep]\n|-damage|p2a: Talonflame|89\/100|[from] Sandstorm\n|-damage|p1a: Sandy Shocks|78\/100|[from] Sandstorm\n|-damage|p2b: Chi-Yu|88\/100|[from] Sandstorm\n|upkeep\n|turn|4\n|l| estockelly\n|\n|t:|1681689066\n|move|p2b: Chi-Yu|Protect|p2b: Chi-Yu\n|-singleturn|p2b: Chi-Yu|Protect\n|move|p2a: Talonflame|Will-O-Wisp|p1b: Tyranitar|[miss]\n|-miss|p2a: Talonflame|p1b: Tyranitar\n|move|p1a: Sandy Shocks|Earth Power|p2b: Chi-Yu\n|-activate|p2b: Chi-Yu|move: Protect\n|move|p1b: Tyranitar|Rock Slide|p2b: Chi-Yu|[spread] p2a\n|-activate|p2b: Chi-Yu|move: Protect\n|-supereffective|p2a: Talonflame\n|-damage|p2a: Talonflame|0 fnt\n|faint|p2a: Talonflame\n|\n|-weather|Sandstorm|[upkeep]\n|-damage|p1a: Sandy Shocks|72\/100|[from] Sandstorm\n|-damage|p2b: Chi-Yu|82\/100|[from] Sandstorm\n|upkeep\n|\n|t:|1681689074\n|switch|p2a: Iron Hands|Iron Hands, L50|70\/100\n|turn|5\n|c|\u2606That_Leek|sorry\n|\n|t:|1681689086\n|switch|p1b: Flutter Mane|Flutter Mane, L50|100\/100\n|move|p1a: Sandy Shocks|Protect|p1a: Sandy Shocks\n|-singleturn|p1a: Sandy Shocks|Protect\n|move|p2a: Iron Hands|Fake Out|p1b: Flutter Mane\n|-immune|p1b: Flutter Mane\n|move|p2b: Chi-Yu|Flamethrower|p1a: Sandy Shocks\n|-activate|p1a: Sandy Shocks|move: Protect\n|\n|-weather|none\n|upkeep\n|turn|6\n|l|%Bright Size\n|\n|t:|1681689123\n|move|p1b: Flutter Mane|Dazzling Gleam|p2a: Iron Hands|[spread] p2a,p2b\n|-supereffective|p2a: Iron Hands\n|-damage|p2a: Iron Hands|0 fnt\n|-damage|p2b: Chi-Yu|27\/100\n|faint|p2a: Iron Hands\n|-end|p2a: Iron Hands|Quark Drive|[silent]\n|move|p1a: Sandy Shocks|Earth Power|p2b: Chi-Yu\n|-supereffective|p2b: Chi-Yu\n|-damage|p2b: Chi-Yu|0 fnt\n|faint|p2b: Chi-Yu\n|-damage|p1a: Sandy Shocks|62\/100|[from] item: Life Orb\n|\n|win|That_Leek\n|n|\u2606That_Leek|thatleek\n|n|\u2606The kanga kid|thekangakid\n|l|\u2606The kanga kid\n","uploadtime":1681689131,"views":11,"p1id":"thatleek","p2id":"thekangakid","formatid":"gen9vgc2023regulationc","rating":0,"private":0,"password":""}