{"id":"gen9vgc2023regulationc-1854979759","p1":"Roshu","p2":"play3r35","format":"[Gen 9] VGC 2023 Regulation C","log":"|j|\u2606Roshu\n|j|\u2606play3r35\n|t:|1682887277\n|gametype|doubles\n|player|p1|Roshu|morty-masters2|\n|player|p2|play3r35|caitlin|\n|teamsize|p1|6\n|teamsize|p2|6\n|gen|9\n|tier|[Gen 9] VGC 2023 Regulation C\n|rated|Tournament battle\n|rule|Species Clause: Limit one of each Pok\u00e9mon\n|rule|Item Clause: Limit one of each item\n|clearpoke\n|poke|p1|Orthworm, L50, M|\n|poke|p1|Garchomp, L50, M|\n|poke|p1|Hippowdon, L50, F|\n|poke|p1|Toedscruel, L50, M|\n|poke|p1|Gastrodon-East, L50, M|\n|poke|p1|Ting-Lu, L50|\n|poke|p2|Amoonguss, L50, F|\n|poke|p2|Dragonite, L50, M|\n|poke|p2|Garganacl, L50, M|\n|poke|p2|Iron Hands, L50|\n|poke|p2|Ting-Lu, L50|\n|poke|p2|Arcanine, L50, M|\n|teampreview|4\n|raw| Open Team Sheet for Roshu<\/summary>Jim (Orthworm) (M) @ Occa Berry Ability: Earth Eater Level: 50 Tera Type: Steel - Iron Tail - Coil - Rest - Sleep Talk MC (Garchomp) (M) @ Bright Powder Ability: Sand Veil Level: 50 Tera Type: Rock - Rock Slide - Earthquake - Protect - Swords Dance Shiny (Hippowdon) (F) @ Smooth Rock Ability: Sand Stream Level: 50 Tera Type: Grass - Yawn - Protect - Stomping Tantrum - Heavy Slam Hi (Toedscruel) (M) @ Leftovers Ability: Mycelium Might Level: 50 Tera Type: Water - Trick Room - Spore - Giga Drain - Rage Powder Brazil (Gastrodon-East) (M) @ Rindo Berry Ability: Storm Drain Level: 50 Tera Type: Ground - Clear Smog - Earth Power - Muddy Water - Protect The ting goes (Ting-Lu) @ Assault Vest Ability: Vessel of Ruin Level: 50 Tera Type: Ghost - Ruination - Stomping Tantrum - Fissure - Heavy Slam <\/details><\/div> Open Team Sheet for play3r35<\/summary>Amoonguss @ Sitrus Berry Ability: Regenerator Level: 50 Tera Type: Water - Rage Powder - Spore - Pollen Puff - Protect Dragonite @ Life Orb Ability: Inner Focus Level: 50 Tera Type: Flying - Extreme Speed - Tera Blast - Low Kick - Protect Garganacl @ Leftovers Ability: Purifying Salt Level: 50 Tera Type: Ghost - Salt Cure - Recover - Stealth Rock - Protect Iron Hands @ Clear Amulet Ability: Quark Drive Level: 50 Tera Type: Grass - Swords Dance - Drain Punch - Thunder Punch - Protect Ting-Lu @ Assault Vest Ability: Vessel of Ruin Level: 50 Tera Type: Poison - Ruination - Heavy Slam - Sand Tomb - Stomping Tantrum Arcanine @ Iapapa Berry Ability: Intimidate Level: 50 Tera Type: Grass - Extreme Speed - Flare Blitz - Will-O-Wisp - Protect <\/details><\/div>\n|inactive|Battle timer is ON: inactive players will automatically lose when time's up. (requested by Roshu)\n|inactive|play3r35 also wants the timer to be on.\n|inactive|Roshu has 60 seconds left.\n|inactive|play3r35 has 60 seconds left.\n|\n|t:|1682887322\n|start\n|switch|p1a: MC|Garchomp, L50, M|100\/100\n|switch|p1b: Shiny|Hippowdon, L50, F|100\/100\n|switch|p2a: Dragonite|Dragonite, L50, M|100\/100\n|switch|p2b: Arcanine|Arcanine, L50, M|100\/100\n|-ability|p2b: Arcanine|Intimidate|boost\n|-unboost|p1a: MC|atk|1\n|-unboost|p1b: Shiny|atk|1\n|-weather|Sandstorm|[from] ability: Sand Stream|[of] p1b: Shiny\n|turn|1\n|j| Mogomomo\n|inactive|Roshu has 30 seconds left.\n|inactive|Roshu has 20 seconds left.\n|\n|t:|1682887361\n|switch|p2b: Iron Hands|Iron Hands, L50|100\/100\n|-terastallize|p2a: Dragonite|Flying\n|move|p1a: MC|Protect|p1a: MC\n|-singleturn|p1a: MC|Protect\n|move|p2a: Dragonite|Tera Blast|p1a: MC\n|-activate|p1a: MC|move: Protect\n|move|p1b: Shiny|Yawn|p2b: Iron Hands\n|-start|p2b: Iron Hands|move: Yawn|[of] p1b: Shiny\n|\n|-weather|Sandstorm|[upkeep]\n|-damage|p2a: Dragonite|94\/100|[from] Sandstorm\n|-damage|p2b: Iron Hands|94\/100|[from] Sandstorm\n|upkeep\n|turn|2\n|\n|t:|1682887375\n|switch|p1a: The ting goes|Ting-Lu, L50|100\/100\n|-ability|p1a: The ting goes|Vessel of Ruin\n|-end|p2b: Iron Hands|Quark Drive|[silent]\n|switch|p2b: Amoonguss|Amoonguss, L50, F|100\/100\n|move|p2a: Dragonite|Tera Blast|p1a: The ting goes\n|-damage|p1a: The ting goes|51\/100\n|-damage|p2a: Dragonite|85\/100|[from] item: Life Orb\n|move|p1b: Shiny|Yawn|p2a: Dragonite\n|-start|p2a: Dragonite|move: Yawn|[of] p1b: Shiny\n|\n|-weather|Sandstorm|[upkeep]\n|-damage|p2a: Dragonite|79\/100|[from] Sandstorm\n|-damage|p2b: Amoonguss|95\/100|[from] Sandstorm\n|upkeep\n|turn|3\n|\n|t:|1682887391\n|switch|p2a: Arcanine|Arcanine, L50, M|100\/100\n|-ability|p2a: Arcanine|Intimidate|boost\n|-unboost|p1a: The ting goes|atk|1\n|-unboost|p1b: Shiny|atk|1\n|move|p1b: Shiny|Protect|p1b: Shiny\n|-singleturn|p1b: Shiny|Protect\n|move|p1a: The ting goes|Fissure|p2b: Amoonguss\n|-damage|p2b: Amoonguss|0 fnt\n|faint|p2b: Amoonguss\n|-ohko\n|\n|-weather|Sandstorm|[upkeep]\n|-damage|p2a: Arcanine|94\/100|[from] Sandstorm\n|upkeep\n|\n|t:|1682887398\n|switch|p2b: Dragonite|Dragonite, L50, M, tera:Flying|79\/100\n|turn|4\n|\n|t:|1682887418\n|move|p2a: Arcanine|Will-O-Wisp|p1a: The ting goes\n|-status|p1a: The ting goes|brn\n|move|p2b: Dragonite|Tera Blast|p1b: Shiny\n|-damage|p1b: Shiny|54\/100\n|-damage|p2b: Dragonite|69\/100|[from] item: Life Orb\n|move|p1a: The ting goes|Fissure|p2a: Arcanine|[miss]\n|-miss|p1a: The ting goes|p2a: Arcanine\n|move|p1b: Shiny|Yawn|p2b: Dragonite\n|-start|p2b: Dragonite|move: Yawn|[of] p1b: Shiny\n|\n|-weather|Sandstorm|[upkeep]\n|-damage|p2a: Arcanine|88\/100|[from] Sandstorm\n|-damage|p2b: Dragonite|63\/100|[from] Sandstorm\n|-damage|p1a: The ting goes|45\/100 brn|[from] brn\n|upkeep\n|turn|5\n|\n|t:|1682887435\n|switch|p2b: Iron Hands|Iron Hands, L50|94\/100\n|move|p2a: Arcanine|Will-O-Wisp|p1b: Shiny\n|-status|p1b: Shiny|brn\n|move|p1a: The ting goes|Stomping Tantrum|p2a: Arcanine\n|-supereffective|p2a: Arcanine\n|-damage|p2a: Arcanine|35\/100\n|move|p1b: Shiny|Yawn|p2a: Arcanine\n|-start|p2a: Arcanine|move: Yawn|[of] p1b: Shiny\n|\n|-weather|Sandstorm|[upkeep]\n|-damage|p2a: Arcanine|28\/100|[from] Sandstorm\n|-damage|p2b: Iron Hands|88\/100|[from] Sandstorm\n|-damage|p1a: The ting goes|39\/100 brn|[from] brn\n|-damage|p1b: Shiny|47\/100 brn|[from] brn\n|upkeep\n|turn|6\n|j| child Pikachu\n|\n|t:|1682887450\n|switch|p2a: Dragonite|Dragonite, L50, M, tera:Flying|63\/100\n|move|p2b: Iron Hands|Drain Punch|p1a: The ting goes\n|-supereffective|p1a: The ting goes\n|-damage|p1a: The ting goes|0 fnt\n|-heal|p2b: Iron Hands|100\/100|[from] drain|[of] p1a: The ting goes\n|faint|p1a: The ting goes\n|move|p1b: Shiny|Stomping Tantrum|p2b: Iron Hands\n|-supereffective|p2b: Iron Hands\n|-damage|p2b: Iron Hands|90\/100\n|\n|-weather|Sandstorm|[upkeep]\n|-damage|p2a: Dragonite|57\/100|[from] Sandstorm\n|-damage|p2b: Iron Hands|84\/100|[from] Sandstorm\n|-damage|p1b: Shiny|41\/100 brn|[from] brn\n|upkeep\n|\n|t:|1682887460\n|switch|p1a: Hi|Toedscruel, L50, M|100\/100\n|turn|7\n|l| child Pikachu\n|j| child Pikachu\n|j| TJRaynes\n|inactive|Roshu has 30 seconds left.\n|inactive|Roshu has 20 seconds left.\n|inactive|Roshu has 15 seconds left.\n|\n|t:|1682887503\n|-terastallize|p1a: Hi|Water\n|move|p2a: Dragonite|Tera Blast|p1a: Hi\n|-damage|p1a: Hi|13\/100\n|-damage|p2a: Dragonite|47\/100|[from] item: Life Orb\n|move|p2b: Iron Hands|Swords Dance|p2b: Iron Hands\n|-boost|p2b: Iron Hands|atk|2\n|move|p1b: Shiny|Yawn|p2a: Dragonite\n|-start|p2a: Dragonite|move: Yawn|[of] p1b: Shiny\n|move|p1a: Hi|Spore|p2b: Iron Hands\n|-status|p2b: Iron Hands|slp|[from] move: Spore\n|\n|-weather|Sandstorm|[upkeep]\n|-damage|p1a: Hi|7\/100|[from] Sandstorm\n|-damage|p2a: Dragonite|41\/100|[from] Sandstorm\n|-damage|p2b: Iron Hands|78\/100 slp|[from] Sandstorm\n|-heal|p1a: Hi|13\/100|[from] item: Leftovers\n|-damage|p1b: Shiny|35\/100 brn|[from] brn\n|upkeep\n|turn|8\n|inactive|play3r35 has 30 seconds left.\n|\n|t:|1682887538\n|switch|p2a: Arcanine|Arcanine, L50, M|28\/100\n|-ability|p2a: Arcanine|Intimidate|boost\n|-unboost|p1a: Hi|atk|1\n|-unboost|p1b: Shiny|atk|1\n|switch|p1b: MC|Garchomp, L50, M|100\/100\n|cant|p2b: Iron Hands|slp\n|move|p1a: Hi|Spore|p2a: Arcanine\n|-status|p2a: Arcanine|slp|[from] move: Spore\n|\n|-weather|none\n|-heal|p1a: Hi|19\/100|[from] item: Leftovers\n|upkeep\n|turn|9\n|\n|t:|1682887561\n|switch|p2a: Dragonite|Dragonite, L50, M, tera:Flying|41\/100\n|move|p1b: MC|Rock Slide|p2b: Iron Hands|[spread] p2a,p2b\n|-supereffective|p2a: Dragonite\n|-resisted|p2b: Iron Hands\n|-damage|p2a: Dragonite|6\/100\n|-damage|p2b: Iron Hands|71\/100 slp\n|-curestatus|p2b: Iron Hands|slp|[msg]\n|cant|p2b: Iron Hands|flinch\n|move|p1a: Hi|Spore|p2b: Iron Hands\n|-status|p2b: Iron Hands|slp|[from] move: Spore\n|\n|-heal|p1a: Hi|25\/100|[from] item: Leftovers\n|upkeep\n|turn|10\n|\n|t:|1682887577\n|switch|p1a: Shiny|Hippowdon, L50, F|35\/100 brn\n|-weather|Sandstorm|[from] ability: Sand Stream|[of] p1a: Shiny\n|move|p2a: Dragonite|Extreme Speed|p1a: Shiny\n|-damage|p1a: Shiny|13\/100 brn\n|-damage|p2a: Dragonite|0 fnt|[from] item: Life Orb\n|faint|p2a: Dragonite\n|move|p1b: MC|Earthquake|p2b: Iron Hands|[spread] p1a,p2b\n|-supereffective|p2b: Iron Hands\n|-damage|p1a: Shiny|0 fnt\n|-damage|p2b: Iron Hands|20\/100 slp\n|faint|p1a: Shiny\n|cant|p2b: Iron Hands|slp\n|\n|-weather|Sandstorm|[upkeep]\n|-damage|p2b: Iron Hands|14\/100 slp|[from] Sandstorm\n|upkeep\n|\n|t:|1682887591\n|switch|p2a: Arcanine|Arcanine, L50, M|28\/100 slp\n|switch|p1a: Hi|Toedscruel, L50, M, tera:Water|25\/100\n|-ability|p2a: Arcanine|Intimidate|boost\n|-unboost|p1a: Hi|atk|1\n|-unboost|p1b: MC|atk|1\n|turn|11\n|\n|t:|1682887598\n|-curestatus|p2b: Iron Hands|slp|[msg]\n|move|p2b: Iron Hands|Protect|p2b: Iron Hands\n|-singleturn|p2b: Iron Hands|Protect\n|move|p1b: MC|Rock Slide|p2a: Arcanine|[spread] p2a\n|-activate|p2b: Iron Hands|move: Protect\n|-supereffective|p2a: Arcanine\n|-damage|p2a: Arcanine|3\/100 slp\n|-enditem|p2a: Arcanine|Iapapa Berry|[eat]\n|-heal|p2a: Arcanine|36\/100 slp|[from] item: Iapapa Berry\n|move|p1a: Hi|Giga Drain|p2b: Iron Hands\n|-activate|p2b: Iron Hands|move: Protect\n|cant|p2a: Arcanine|slp\n|\n|-weather|Sandstorm|[upkeep]\n|-damage|p1a: Hi|19\/100|[from] Sandstorm\n|-damage|p2a: Arcanine|30\/100 slp|[from] Sandstorm\n|-damage|p2b: Iron Hands|8\/100|[from] Sandstorm\n|-heal|p1a: Hi|25\/100|[from] item: Leftovers\n|upkeep\n|turn|12\n|\n|t:|1682887616\n|move|p1b: MC|Protect|p1b: MC\n|-singleturn|p1b: MC|Protect\n|cant|p2a: Arcanine|slp\n|move|p2b: Iron Hands|Drain Punch|p1b: MC\n|-activate|p1b: MC|move: Protect\n|move|p1a: Hi|Spore|p2b: Iron Hands\n|-status|p2b: Iron Hands|slp|[from] move: Spore\n|\n|-weather|Sandstorm|[upkeep]\n|-damage|p1a: Hi|19\/100|[from] Sandstorm\n|-damage|p2a: Arcanine|24\/100 slp|[from] Sandstorm\n|-damage|p2b: Iron Hands|2\/100 slp|[from] Sandstorm\n|-heal|p1a: Hi|25\/100|[from] item: Leftovers\n|upkeep\n|turn|13\n|-message|play3r35 forfeited.\n|\n|win|Roshu\n|n|\u2606Roshu|roshu\n|n|\u2606play3r35|play3r35\n|n| Mogomomo|mogomomo\n|n| child Pikachu|childpikachu\n|n| TJRaynes|tjraynes\n|l|\u2606play3r35\n","uploadtime":1682887637,"views":8,"p1id":"roshu","p2id":"play3r35","formatid":"gen9vgc2023regulationc","rating":0,"private":0,"password":""}