{"id":"gen9vgc2023regulationc-1856437721","p1":"IamDragonn","p2":"Kirozviz","format":"[Gen 9] VGC 2023 Regulation C","log":"|j|\u2606IamDragonn\n|j|\u2606Kirozviz\n|t:|1683061524\n|gametype|doubles\n|player|p1|IamDragonn|plasmagrunt-gen5bw|1046\n|player|p2|Kirozviz|lance|1113\n|teamsize|p1|6\n|teamsize|p2|6\n|gen|9\n|tier|[Gen 9] VGC 2023 Regulation C\n|rated|\n|rule|Species Clause: Limit one of each Pok\u00e9mon\n|rule|Item Clause: Limit one of each item\n|clearpoke\n|poke|p1|Annihilape, L50, F|\n|poke|p1|Primeape, L50, M|\n|poke|p1|Arcanine, L50, M|\n|poke|p1|Tyranitar, L50, M|\n|poke|p1|Scizor, L50, M|\n|poke|p1|Brute Bonnet, L50|\n|poke|p2|Dondozo, L50, F|\n|poke|p2|Tatsugiri-Stretchy, L50, F|\n|poke|p2|Chi-Yu, L50|\n|poke|p2|Flutter Mane, L50|\n|poke|p2|Dragonite, L50, M|\n|poke|p2|Glimmora, L50, M|\n|teampreview|4\n|inactive|Battle timer is ON: inactive players will automatically lose when time's up. (requested by IamDragonn)\n|\n|t:|1683061548\n|start\n|switch|p1a: Tyranitar|Tyranitar, L50, M|100\/100\n|switch|p1b: Scizor|Scizor, L50, M|100\/100\n|switch|p2a: Glimmora|Glimmora, L50, M|100\/100\n|switch|p2b: Tatsugiri|Tatsugiri-Stretchy, L50, F|100\/100\n|-weather|Sandstorm|[from] ability: Sand Stream|[of] p1a: Tyranitar\n|turn|1\n|\n|t:|1683061570\n|move|p1b: Scizor|Bullet Punch|p2a: Glimmora\n|-supereffective|p2a: Glimmora\n|-damage|p2a: Glimmora|10\/100\n|-activate|p2a: Glimmora|ability: Toxic Debris\n|-sidestart|p1: IamDragonn|move: Toxic Spikes\n|move|p2a: Glimmora|Toxic|p1a: Tyranitar\n|-status|p1a: Tyranitar|tox\n|move|p2b: Tatsugiri|Muddy Water|p1b: Scizor|[spread] p1a,p1b\n|-supereffective|p1a: Tyranitar\n|-damage|p1a: Tyranitar|58\/100 tox\n|-damage|p1b: Scizor|24\/100\n|-unboost|p1a: Tyranitar|accuracy|1\n|move|p1a: Tyranitar|Crunch|p2b: Tatsugiri\n|-damage|p2b: Tatsugiri|42\/100\n|\n|-weather|Sandstorm|[upkeep]\n|-damage|p2b: Tatsugiri|36\/100|[from] Sandstorm\n|-damage|p1a: Tyranitar|52\/100 tox|[from] psn\n|upkeep\n|turn|2\n|\n|t:|1683061593\n|switch|p2b: Dondozo|Dondozo, L50, F|100\/100\n|move|p2a: Glimmora|Spiky Shield|p2a: Glimmora\n|-singleturn|p2a: Glimmora|move: Protect\n|move|p1b: Scizor|Bullet Punch|p2b: Dondozo\n|-resisted|p2b: Dondozo\n|-damage|p2b: Dondozo|90\/100\n|move|p1a: Tyranitar|Crunch|p2a: Glimmora\n|-activate|p2a: Glimmora|move: Protect\n|-damage|p1a: Tyranitar|40\/100 tox|[from] Spiky Shield|[of] p2a: Glimmora\n|\n|-weather|Sandstorm|[upkeep]\n|-damage|p2b: Dondozo|84\/100|[from] Sandstorm\n|-damage|p1a: Tyranitar|29\/100 tox|[from] psn\n|upkeep\n|turn|3\n|\n|t:|1683061616\n|move|p1b: Scizor|Bullet Punch|p2a: Glimmora\n|-supereffective|p2a: Glimmora\n|-damage|p2a: Glimmora|0 fnt\n|-activate|p2a: Glimmora|ability: Toxic Debris\n|-sidestart|p1: IamDragonn|move: Toxic Spikes\n|faint|p2a: Glimmora\n|move|p1a: Tyranitar|Crunch|p2b: Dondozo\n|-damage|p2b: Dondozo|58\/100\n|-unboost|p2b: Dondozo|def|1\n|move|p2b: Dondozo|Yawn|p1b: Scizor\n|-start|p1b: Scizor|move: Yawn|[of] p2b: Dondozo\n|\n|-weather|Sandstorm|[upkeep]\n|-damage|p2b: Dondozo|52\/100|[from] Sandstorm\n|-damage|p1a: Tyranitar|12\/100 tox|[from] psn\n|upkeep\n|\n|t:|1683061630\n|switch|p2a: Flutter Mane|Flutter Mane, L50|100\/100\n|-enditem|p2a: Flutter Mane|Booster Energy\n|-activate|p2a: Flutter Mane|ability: Protosynthesis|[fromitem]\n|-start|p2a: Flutter Mane|protosynthesisspe\n|turn|4\n|\n|t:|1683061642\n|switch|p1b: Arcanine|Arcanine, L50, M|100\/100\n|-status|p1b: Arcanine|tox\n|-ability|p1b: Arcanine|Intimidate|boost\n|-unboost|p2a: Flutter Mane|atk|1\n|-unboost|p2b: Dondozo|atk|1\n|switch|p2b: Tatsugiri|Tatsugiri-Stretchy, L50, F|36\/100\n|move|p2a: Flutter Mane|Protect|p2a: Flutter Mane\n|-singleturn|p2a: Flutter Mane|Protect\n|move|p1a: Tyranitar|Crunch|p2b: Tatsugiri\n|-damage|p2b: Tatsugiri|0 fnt\n|faint|p2b: Tatsugiri\n|\n|-weather|Sandstorm|[upkeep]\n|-damage|p2a: Flutter Mane|94\/100|[from] Sandstorm\n|-damage|p1b: Arcanine|95\/100 tox|[from] psn\n|-damage|p1a: Tyranitar|0 fnt|[from] psn\n|faint|p1a: Tyranitar\n|upkeep\n|\n|t:|1683061658\n|switch|p2b: Dondozo|Dondozo, L50, F|52\/100\n|switch|p1a: Scizor|Scizor, L50, M|24\/100\n|turn|5\n|\n|t:|1683061671\n|-terastallize|p2a: Flutter Mane|Steel\n|move|p1a: Scizor|Bullet Punch|p2a: Flutter Mane\n|-resisted|p2a: Flutter Mane\n|-damage|p2a: Flutter Mane|58\/100\n|move|p2a: Flutter Mane|Substitute|p2a: Flutter Mane\n|-start|p2a: Flutter Mane|Substitute\n|-damage|p2a: Flutter Mane|33\/100\n|move|p1b: Arcanine|Will-O-Wisp|p2b: Dondozo|[miss]\n|-miss|p1b: Arcanine|p2b: Dondozo\n|move|p2b: Dondozo|Wave Crash|p1a: Scizor\n|-damage|p1a: Scizor|0 fnt\n|faint|p1a: Scizor\n|-damage|p2b: Dondozo|47\/100|[from] Recoil\n|-enditem|p2b: Dondozo|Sitrus Berry|[eat]\n|-heal|p2b: Dondozo|72\/100|[from] item: Sitrus Berry\n|\n|-weather|none\n|-damage|p1b: Arcanine|83\/100 tox|[from] psn\n|upkeep\n|\n|t:|1683061687\n|switch|p1a: Brute Bonnet|Brute Bonnet, L50|100\/100\n|-status|p1a: Brute Bonnet|tox\n|turn|6\n|inactive|IamDragonn has 30 seconds left.\n|\n|t:|1683061717\n|-terastallize|p1b: Arcanine|Grass\n|move|p2a: Flutter Mane|Protect|p2a: Flutter Mane\n|-singleturn|p2a: Flutter Mane|Protect\n|move|p2b: Dondozo|Protect|p2b: Dondozo\n|-singleturn|p2b: Dondozo|Protect\n|move|p1b: Arcanine|Flare Blitz|p2a: Flutter Mane\n|-activate|p2a: Flutter Mane|move: Protect\n|move|p1a: Brute Bonnet|Spore|p2b: Dondozo\n|-activate|p2b: Dondozo|move: Protect\n|\n|-damage|p1b: Arcanine|66\/100 tox|[from] psn\n|-damage|p1a: Brute Bonnet|95\/100 tox|[from] psn\n|upkeep\n|turn|7\n|\n|t:|1683061737\n|move|p1a: Brute Bonnet|Sucker Punch|p2a: Flutter Mane\n|-end|p2a: Flutter Mane|Substitute\n|move|p2a: Flutter Mane|Moonblast|p1a: Brute Bonnet\n|-supereffective|p1a: Brute Bonnet\n|-enditem|p1a: Brute Bonnet|Roseli Berry|[eat]\n|-enditem|p1a: Brute Bonnet|Roseli Berry|[weaken]\n|-damage|p1a: Brute Bonnet|46\/100 tox\n|move|p1b: Arcanine|Flare Blitz|p2a: Flutter Mane\n|-supereffective|p2a: Flutter Mane\n|-damage|p2a: Flutter Mane|0 fnt\n|faint|p2a: Flutter Mane\n|-end|p2a: Flutter Mane|Protosynthesis|[silent]\n|-damage|p1b: Arcanine|58\/100 tox|[from] Recoil\n|move|p2b: Dondozo|Wave Crash|p1a: Brute Bonnet\n|-resisted|p1a: Brute Bonnet\n|-damage|p1a: Brute Bonnet|31\/100 tox\n|-damage|p2b: Dondozo|69\/100|[from] Recoil\n|\n|-damage|p1b: Arcanine|35\/100 tox|[from] psn\n|-damage|p1a: Brute Bonnet|19\/100 tox|[from] psn\n|upkeep\n|turn|8\n|inactive|IamDragonn has 30 seconds left.\n|\n|t:|1683061765\n|move|p2b: Dondozo|Protect|p2b: Dondozo\n|-singleturn|p2b: Dondozo|Protect\n|move|p1b: Arcanine|Howl|p1b: Arcanine|[spread] p1a,p1b\n|-boost|p1a: Brute Bonnet|atk|1\n|-boost|p1b: Arcanine|atk|1\n|move|p1a: Brute Bonnet|Seed Bomb|p2b: Dondozo\n|-activate|p2b: Dondozo|move: Protect\n|\n|-damage|p1b: Arcanine|6\/100 tox|[from] psn\n|-damage|p1a: Brute Bonnet|1\/100 tox|[from] psn\n|upkeep\n|turn|9\n|inactive|IamDragonn has 30 seconds left.\n|inactive|IamDragonn has 20 seconds left.\n|\n|t:|1683061803\n|move|p2b: Dondozo|Protect||[still]\n|-fail|p2b: Dondozo\n|move|p1b: Arcanine|Howl|p1b: Arcanine|[spread] p1a,p1b\n|-boost|p1a: Brute Bonnet|atk|1\n|-boost|p1b: Arcanine|atk|1\n|move|p1a: Brute Bonnet|Seed Bomb|p2b: Dondozo\n|-supereffective|p2b: Dondozo\n|-damage|p2b: Dondozo|14\/100\n|\n|-damage|p1b: Arcanine|0 fnt|[from] psn\n|faint|p1b: Arcanine\n|-damage|p1a: Brute Bonnet|0 fnt|[from] psn\n|faint|p1a: Brute Bonnet\n|-end|p1a: Brute Bonnet|Protosynthesis|[silent]\n|\n|win|Kirozviz\n|upkeep\n|raw|IamDragonn's rating: 1046 → 1032<\/strong> (-14 for losing)\n|raw|Kirozviz's rating: 1113 → 1133<\/strong> (+20 for winning)\n|l|\u2606IamDragonn\n","uploadtime":1683061809,"views":4,"p1id":"iamdragonn","p2id":"kirozviz","formatid":"gen9vgc2023regulationc","rating":1032,"private":0,"password":""}