{"id":"gen9vgc2023regulationc-1849913000","p1":"Millie Jean","p2":"Kingbants","format":"[Gen 9] VGC 2023 Regulation C","log":"|j|\u2606Millie Jean\n|j|\u2606Kingbants\n|t:|1682267441\n|gametype|doubles\n|player|p1|Millie Jean|whitney|\n|player|p2|Kingbants|102|\n|teamsize|p1|6\n|teamsize|p2|6\n|gen|9\n|tier|[Gen 9] VGC 2023 Regulation C\n|rule|Species Clause: Limit one of each Pok\u00e9mon\n|rule|Item Clause: Limit one of each item\n|clearpoke\n|poke|p1|Iron Hands, L50|\n|poke|p1|Chien-Pao, L50|\n|poke|p1|Chi-Yu, L50|\n|poke|p1|Amoonguss, L50, F|\n|poke|p1|Flutter Mane, L50|\n|poke|p1|Arcanine, L50, F|\n|poke|p2|Scream Tail, L50|\n|poke|p2|Chien-Pao, L50|\n|poke|p2|Dragonite, L50, F|\n|poke|p2|Sableye, L50, M|\n|poke|p2|Ceruledge, L50, M|\n|poke|p2|Gastrodon, L50, M|\n|teampreview|4\n|inactive|Battle timer is ON: inactive players will automatically lose when time's up. (requested by Millie Jean)\n|inactive|Millie Jean has 60 seconds left.\n|inactive|Millie Jean has 30 seconds left.\nKingbants has agreed to open team sheets.\n|\n|t:|1682267505\n|start\n|switch|p1a: Chi-Yu|Chi-Yu, L50|100\/100\n|switch|p1b: Flutter Mane|Flutter Mane, L50|100\/100\n|switch|p2a: Riju|Scream Tail, L50, shiny|100\/100\n|switch|p2b: Xehanort|Ceruledge, L50, M, shiny|100\/100\n|-ability|p1a: Chi-Yu|Beads of Ruin\n|-enditem|p2a: Riju|Booster Energy\n|-activate|p2a: Riju|ability: Protosynthesis|[fromitem]\n|-start|p2a: Riju|protosynthesisspe\n|turn|1\n|\n|t:|1682267526\n|move|p2b: Xehanort|Shadow Sneak|p1b: Flutter Mane\n|-supereffective|p1b: Flutter Mane\n|-damage|p1b: Flutter Mane|38\/100\n|move|p2a: Riju|Howl|p2a: Riju|[spread] p2a,p2b\n|-boost|p2a: Riju|atk|1\n|-boost|p2b: Xehanort|atk|1\n|move|p1b: Flutter Mane|Power Gem|p2b: Xehanort\n|-supereffective|p2b: Xehanort\n|-damage|p2b: Xehanort|53\/100\n|move|p1a: Chi-Yu|Dark Pulse|p2b: Xehanort\n|-supereffective|p2b: Xehanort\n|-damage|p2b: Xehanort|0 fnt\n|faint|p2b: Xehanort\n|\n|upkeep\n|\n|t:|1682267546\n|switch|p2b: Falcor|Dragonite, L50, F, shiny|100\/100\n|turn|2\n|inactive|Kingbants has 30 seconds left.\n|\n|t:|1682267579\n|switch|p1a: Arcanine|Arcanine, L50, F|100\/100\n|-ability|p1a: Arcanine|Intimidate|boost\n|-unboost|p2a: Riju|atk|1\n|-fail|p2b: Falcor|unboost|Attack|[from] ability: Inner Focus|[of] p2b: Falcor\n|move|p2b: Falcor|Extreme Speed|p1a: Arcanine\n|-damage|p1a: Arcanine|61\/100\n|move|p2a: Riju|Drain Punch|p1a: Arcanine\n|-damage|p1a: Arcanine|48\/100\n|move|p1b: Flutter Mane|Moonblast|p2b: Falcor\n|-supereffective|p2b: Falcor\n|-damage|p2b: Falcor|8\/100\n|\n|upkeep\n|turn|3\n|inactive|Millie Jean has 30 seconds left.\n|inactive|Kingbants has 30 seconds left.\n|\n|t:|1682267609\n|move|p1a: Arcanine|Extreme Speed|p2b: Falcor\n|-damage|p2b: Falcor|0 fnt\n|faint|p2b: Falcor\n|move|p2a: Riju|Psychic Fangs|p1b: Flutter Mane\n|-damage|p1b: Flutter Mane|2\/100\n|move|p1b: Flutter Mane|Icy Wind|p2a: Riju\n|-damage|p2a: Riju|86\/100\n|-unboost|p2a: Riju|spe|1\n|\n|upkeep\n|\n|t:|1682267620\n|switch|p2b: Tai Lung|Chien-Pao, L50|100\/100\n|-ability|p2b: Tai Lung|Sword of Ruin\n|turn|4\n|inactive|Kingbants has 30 seconds left.\n|\n|t:|1682267646\n|switch|p1a: Chi-Yu|Chi-Yu, L50|100\/100\n|-ability|p1a: Chi-Yu|Beads of Ruin\n|-terastallize|p2b: Tai Lung|Ghost\n|move|p2b: Tai Lung|Sacred Sword|p1a: Chi-Yu\n|-supereffective|p1a: Chi-Yu\n|-damage|p1a: Chi-Yu|0 fnt\n|faint|p1a: Chi-Yu\n|move|p2a: Riju|Howl|p2a: Riju|[spread] p2a,p2b\n|-boost|p2a: Riju|atk|1\n|-boost|p2b: Tai Lung|atk|1\n|move|p1b: Flutter Mane|Moonblast|p2b: Tai Lung\n|-damage|p2b: Tai Lung|23\/100\n|\n|upkeep\n|\n|t:|1682267662\n|switch|p1a: Arcanine|Arcanine, L50, F|48\/100\n|-ability|p1a: Arcanine|Intimidate|boost\n|-unboost|p2a: Riju|atk|1\n|-unboost|p2b: Tai Lung|atk|1\n|turn|5\n|inactive|Millie Jean has 30 seconds left.\n|\n|t:|1682267694\n|move|p2b: Tai Lung|Ice Spinner|p1b: Flutter Mane\n|-damage|p1b: Flutter Mane|0 fnt\n|faint|p1b: Flutter Mane\n|-end|p1b: Flutter Mane|Protosynthesis|[silent]\n|move|p2a: Riju|Psychic Fangs|p1a: Arcanine\n|-damage|p1a: Arcanine|19\/100\n|move|p1a: Arcanine|Will-O-Wisp|p2a: Riju\n|-status|p2a: Riju|brn\n|\n|-damage|p2a: Riju|80\/100 brn|[from] brn\n|upkeep\n|\n|t:|1682267707\n|switch|p1b: Iron Hands|Iron Hands, L50|100\/100\n|turn|6\n|inactive|Kingbants has 30 seconds left.\n|\n|t:|1682267735\n|move|p2b: Tai Lung|Sacred Sword|p1a: Arcanine\n|-damage|p1a: Arcanine|0 fnt\n|faint|p1a: Arcanine\n|move|p2a: Riju|Psychic Fangs|p1b: Iron Hands\n|-supereffective|p1b: Iron Hands\n|-damage|p1b: Iron Hands|79\/100\n|move|p1b: Iron Hands|Thunder Punch|p2b: Tai Lung\n|-damage|p2b: Tai Lung|0 fnt\n|faint|p2b: Tai Lung\n|\n|-damage|p2a: Riju|74\/100 brn|[from] brn\n|upkeep\n|turn|7\n|\n|t:|1682267758\n|-terastallize|p1b: Iron Hands|Grass\n|move|p2a: Riju|Psychic Fangs|p1b: Iron Hands\n|-damage|p1b: Iron Hands|71\/100\n|move|p1b: Iron Hands|Thunder Punch|p2a: Riju\n|-damage|p2a: Riju|37\/100 brn\n|\n|-damage|p2a: Riju|31\/100 brn|[from] brn\n|upkeep\n|turn|8\n|\n|t:|1682267773\n|move|p2a: Riju|Thunder Wave|p1b: Iron Hands\n|-status|p1b: Iron Hands|par\n|-enditem|p1b: Iron Hands|Lum Berry|[eat]\n|-curestatus|p1b: Iron Hands|par|[msg]\n|move|p1b: Iron Hands|Thunder Punch|p2a: Riju\n|-damage|p2a: Riju|0 fnt\n|faint|p2a: Riju\n|-end|p2a: Riju|Protosynthesis|[silent]\n|\n|win|Millie Jean\n","uploadtime":1682267786,"views":9,"p1id":"milliejean","p2id":"kingbants","formatid":"gen9vgc2023regulationc","rating":0,"private":0,"password":""}