{"id":"gen9vgc2023regulationc-1863156566","p1":"gengarneednewshiny","p2":"Kornd1gger","format":"[Gen 9] VGC 2023 Regulation C","log":"|j|\u2606gengarneednewshiny\n|j|\u2606Kornd1gger\n|t:|1683981038\n|gametype|doubles\n|player|p1|gengarneednewshiny|pokemaniac|1232\n|player|p2|Kornd1gger|170|1232\n|teamsize|p1|6\n|teamsize|p2|6\n|gen|9\n|tier|[Gen 9] VGC 2023 Regulation C\n|rated|\n|rule|Species Clause: Limit one of each Pok\u00e9mon\n|rule|Item Clause: Limit one of each item\n|clearpoke\n|poke|p1|Glimmora, L50, F|\n|poke|p1|Flutter Mane, L50|\n|poke|p1|Chi-Yu, L50|\n|poke|p1|Iron Bundle, L50|\n|poke|p1|Dondozo, L50, F|\n|poke|p1|Tatsugiri, L50, F|\n|poke|p2|Goodra, L50, M|\n|poke|p2|Dondozo, L50, F|\n|poke|p2|Tatsugiri-Droopy, L50, M|\n|poke|p2|Glimmora, L50, M|\n|poke|p2|Flutter Mane, L50|\n|poke|p2|Arcanine, L50, M|\n|teampreview|4\n|\n|t:|1683981052\n|start\n|switch|p1a: Glimmora|Glimmora, L50, F|100\/100\n|switch|p1b: Flutter Mane|Flutter Mane, L50|100\/100\n|switch|p2a: Goodra|Goodra, L50, M|100\/100\n|switch|p2b: Glimmora|Glimmora, L50, M|100\/100\n|turn|1\n|\n|t:|1683981068\n|move|p1b: Flutter Mane|Moonblast|p2a: Goodra\n|-supereffective|p2a: Goodra\n|-damage|p2a: Goodra|33\/100\n|-unboost|p2a: Goodra|spa|1\n|move|p1a: Glimmora|Mortal Spin|p2a: Goodra|[spread] p2a,p2b\n|-resisted|p2b: Glimmora\n|-damage|p2a: Goodra|29\/100\n|-damage|p2b: Glimmora|99\/100\n|-status|p2a: Goodra|psn\n|-ability|p2a: Goodra|Gooey\n|-unboost|p1a: Glimmora|spe|1\n|-activate|p2b: Glimmora|ability: Toxic Debris\n|-sidestart|p1: gengarneednewshiny|move: Toxic Spikes\n|-sideend|p1: gengarneednewshiny|Toxic Spikes|[from] move: Mortal Spin|[of] p1a: Glimmora\n|move|p2b: Glimmora|Earth Power|p1a: Glimmora\n|-supereffective|p1a: Glimmora\n|-damage|p1a: Glimmora|0 fnt\n|faint|p1a: Glimmora\n|move|p2a: Goodra|Mud Shot|p1b: Flutter Mane|[miss]\n|-miss|p2a: Goodra|p1b: Flutter Mane\n|\n|-damage|p2a: Goodra|17\/100 psn|[from] psn\n|upkeep\n|\n|t:|1683981088\n|switch|p1a: Iron Bundle|Iron Bundle, L50|100\/100\n|-enditem|p1a: Iron Bundle|Booster Energy\n|-activate|p1a: Iron Bundle|ability: Quark Drive|[fromitem]\n|-start|p1a: Iron Bundle|quarkdrivespe\n|turn|2\n|\n|t:|1683981101\n|move|p2a: Goodra|Feint|p1a: Iron Bundle\n|-damage|p1a: Iron Bundle|92\/100\n|move|p1a: Iron Bundle|Hydro Pump|p2b: Glimmora\n|-supereffective|p2b: Glimmora\n|-damage|p2b: Glimmora|0 fnt\n|faint|p2b: Glimmora\n|move|p1b: Flutter Mane|Moonblast|p2a: Goodra\n|-supereffective|p2a: Goodra\n|-damage|p2a: Goodra|0 fnt\n|faint|p2a: Goodra\n|\n|upkeep\n|\n|t:|1683981107\n|switch|p2b: Tatsugiri|Tatsugiri-Droopy, L50, M|100\/100\n|switch|p2a: Dondozo|Dondozo, L50, F|100\/100\n|-activate|p2b: Tatsugiri|ability: Commander|[of] p2a: Dondozo\n|-boost|p2a: Dondozo|atk|2\n|-boost|p2a: Dondozo|spa|2\n|-boost|p2a: Dondozo|spe|2\n|-boost|p2a: Dondozo|def|2\n|-boost|p2a: Dondozo|spd|2\n|turn|3\n|\n|t:|1683981121\n|move|p1a: Iron Bundle|Freeze-Dry|p2a: Dondozo\n|-supereffective|p2a: Dondozo\n|-damage|p2a: Dondozo|63\/100\n|move|p1b: Flutter Mane|Moonblast|p2a: Dondozo\n|-damage|p2a: Dondozo|25\/100\n|move|p2a: Dondozo|Earthquake|p1b: Flutter Mane|[spread] p1a,p1b\n|-miss|p2a: Dondozo|p2b: Tatsugiri\n|-damage|p1a: Iron Bundle|38\/100\n|-damage|p1b: Flutter Mane|12\/100\n|\n|upkeep\n|turn|4\n|\n|t:|1683981131\n|move|p2a: Dondozo|Protect|p2a: Dondozo\n|-singleturn|p2a: Dondozo|Protect\n|move|p1a: Iron Bundle|Freeze-Dry|p2a: Dondozo\n|-activate|p2a: Dondozo|move: Protect\n|move|p1b: Flutter Mane|Moonblast|p2a: Dondozo\n|-activate|p2a: Dondozo|move: Protect\n|\n|upkeep\n|turn|5\n|\n|t:|1683981138\n|move|p1a: Iron Bundle|Freeze-Dry|p2a: Dondozo\n|-supereffective|p2a: Dondozo\n|-damage|p2a: Dondozo|0 fnt\n|faint|p2a: Dondozo\n|move|p1b: Flutter Mane|Moonblast|p2b: Tatsugiri\n|-supereffective|p2b: Tatsugiri\n|-damage|p2b: Tatsugiri|0 fnt\n|faint|p2b: Tatsugiri\n|\n|win|gengarneednewshiny\n|raw|gengarneednewshiny's rating: 1232 → 1257<\/strong> (+25 for winning)\n|raw|Kornd1gger's rating: 1232 → 1207<\/strong> (-25 for losing)\n|l|\u2606gengarneednewshiny\n","uploadtime":1683981362,"views":15,"p1id":"gengarneednewshiny","p2id":"kornd1gger","formatid":"gen9vgc2023regulationc","rating":1207,"private":0,"password":""}