{"id":"gen9vgc2023regulationc-1856933063","p1":"Ykrach","p2":"Iron Daddy","format":"[Gen 9] VGC 2023 Regulation C","log":"|j|\u2606Ykrach\n|j|\u2606Iron Daddy\n|t:|1683126970\n|gametype|doubles\n|player|p1|Ykrach|acetrainer-gen4dp|1074\n|player|p2|Iron Daddy|linebacker|1149\n|teamsize|p1|6\n|teamsize|p2|6\n|gen|9\n|tier|[Gen 9] VGC 2023 Regulation C\n|rated|\n|rule|Species Clause: Limit one of each Pok\u00e9mon\n|rule|Item Clause: Limit one of each item\n|clearpoke\n|poke|p1|Scizor, L50, F|\n|poke|p1|Dachsbun, L50, F|\n|poke|p1|Talonflame, L50, M|\n|poke|p1|Bellibolt, L50, F|\n|poke|p1|Umbreon, L50, F|\n|poke|p1|Gastrodon, L50, F|\n|poke|p2|Clodsire, L50, F|\n|poke|p2|Iron Thorns, L50|\n|poke|p2|Iron Jugulis, L50|\n|poke|p2|Rotom-Frost, L50|\n|poke|p2|Maushold-Four, L50|\n|poke|p2|Mismagius, L50, M|\n|teampreview|4\n|inactive|Battle timer is ON: inactive players will automatically lose when time's up. (requested by Ykrach)\n|\n|t:|1683127028\n|start\n|switch|p1a: Scizor|Scizor, L50, F|100\/100\n|switch|p1b: Talonflame|Talonflame, L50, M|100\/100\n|switch|p2a: Iron Jugulis|Iron Jugulis, L50|100\/100\n|switch|p2b: Maushold|Maushold-Four, L50|100\/100\n|turn|1\n|\n|t:|1683127049\n|move|p2b: Maushold|Population Bomb|p1b: Talonflame\n|-damage|p1b: Talonflame|91\/100\n|-damage|p1b: Talonflame|82\/100\n|-damage|p1b: Talonflame|73\/100\n|-damage|p1b: Talonflame|64\/100\n|-damage|p1b: Talonflame|54\/100\n|-hitcount|p1b: Talonflame|5\n|move|p1b: Talonflame|Tailwind|p1b: Talonflame\n|-sidestart|p1: Ykrach|move: Tailwind\n|move|p1a: Scizor|U-turn|p2a: Iron Jugulis\n|-damage|p2a: Iron Jugulis|74\/100\n|\n|t:|1683127061\n|switch|p1a: Dachsbun|Dachsbun, L50, F|100\/100|[from] U-turn\n|move|p2a: Iron Jugulis|Electric Terrain|p2a: Iron Jugulis\n|-fieldstart|move: Electric Terrain\n|-activate|p2a: Iron Jugulis|ability: Quark Drive\n|-start|p2a: Iron Jugulis|quarkdrivespe\n|\n|upkeep\n|turn|2\n|\n|t:|1683127073\n|move|p1b: Talonflame|Heat Wave|p2b: Maushold|[spread] p2a\n|-miss|p1b: Talonflame|p2b: Maushold\n|-damage|p2a: Iron Jugulis|52\/100\n|move|p2a: Iron Jugulis|Tailwind|p2a: Iron Jugulis\n|-sidestart|p2: Iron Daddy|move: Tailwind\n|move|p2b: Maushold|Super Fang|p1a: Dachsbun\n|-damage|p1a: Dachsbun|50\/100\n|move|p1a: Dachsbun|Play Rough|p2a: Iron Jugulis\n|-supereffective|p2a: Iron Jugulis\n|-damage|p2a: Iron Jugulis|0 fnt\n|faint|p2a: Iron Jugulis\n|-end|p2a: Iron Jugulis|Quark Drive|[silent]\n|\n|-heal|p1a: Dachsbun|57\/100|[from] item: Leftovers\n|upkeep\n|\n|t:|1683127085\n|switch|p2a: Iron Thorns|Iron Thorns, L50|100\/100\n|-activate|p2a: Iron Thorns|ability: Quark Drive\n|-start|p2a: Iron Thorns|quarkdriveatk\n|turn|3\n|\n|t:|1683127104\n|move|p2b: Maushold|Follow Me|p2b: Maushold\n|-singleturn|p2b: Maushold|move: Follow Me\n|move|p1b: Talonflame|Air Slash|p2b: Maushold\n|-damage|p2b: Maushold|61\/100\n|move|p1a: Dachsbun|Body Press|p2b: Maushold\n|-supereffective|p2b: Maushold\n|-damage|p2b: Maushold|4\/100\n|move|p2a: Iron Thorns|Rock Slide|p1b: Talonflame|[spread] p1a,p1b\n|-supereffective|p1b: Talonflame\n|-crit|p1b: Talonflame\n|-damage|p1a: Dachsbun|16\/100\n|-damage|p1b: Talonflame|0 fnt\n|faint|p1b: Talonflame\n|\n|-heal|p1a: Dachsbun|22\/100|[from] item: Leftovers\n|upkeep\n|\n|t:|1683127117\n|switch|p1b: Scizor|Scizor, L50, F|100\/100\n|turn|4\n|inactive|Iron Daddy has 30 seconds left.\n|\n|t:|1683127147\n|move|p1b: Scizor|Bullet Punch|p2a: Iron Thorns\n|-damage|p2a: Iron Thorns|82\/100\n|move|p2b: Maushold|Population Bomb|p1a: Dachsbun\n|-damage|p1a: Dachsbun|16\/100\n|-hitcount|p1a: Dachsbun|1\n|move|p1a: Dachsbun|Body Press|p2a: Iron Thorns\n|-supereffective|p2a: Iron Thorns\n|-damage|p2a: Iron Thorns|55\/100\n|move|p2a: Iron Thorns|Thunder Punch|p1b: Scizor\n|-damage|p1b: Scizor|31\/100\n|\n|-heal|p1a: Dachsbun|22\/100|[from] item: Leftovers\n|-sideend|p1: Ykrach|move: Tailwind\n|upkeep\n|turn|5\n|\n|t:|1683127172\n|move|p1b: Scizor|Bullet Punch|p2b: Maushold\n|-damage|p2b: Maushold|0 fnt\n|faint|p2b: Maushold\n|move|p2a: Iron Thorns|Thunder Punch|p1b: Scizor\n|-damage|p1b: Scizor|0 fnt\n|faint|p1b: Scizor\n|move|p1a: Dachsbun|Body Press|p2a: Iron Thorns\n|-supereffective|p2a: Iron Thorns\n|-damage|p2a: Iron Thorns|17\/100\n|\n|-heal|p1a: Dachsbun|28\/100|[from] item: Leftovers\n|-sideend|p2: Iron Daddy|move: Tailwind\n|upkeep\n|\n|t:|1683127184\n|switch|p2b: Rotom|Rotom-Frost, L50|100\/100\n|switch|p1b: Gastrodon|Gastrodon, L50, F|100\/100\n|turn|6\n|\n|t:|1683127197\n|move|p2b: Rotom|Will-O-Wisp|p1b: Gastrodon\n|-status|p1b: Gastrodon|brn\n|move|p1a: Dachsbun|Play Rough|p2a: Iron Thorns\n|-damage|p2a: Iron Thorns|0 fnt\n|faint|p2a: Iron Thorns\n|-end|p2a: Iron Thorns|Quark Drive|[silent]\n|move|p1b: Gastrodon|Icy Wind|p2b: Rotom\n|-resisted|p2b: Rotom\n|-damage|p2b: Rotom|89\/100\n|-unboost|p2b: Rotom|spe|1\n|\n|-heal|p1a: Dachsbun|34\/100|[from] item: Leftovers\n|-damage|p1b: Gastrodon|94\/100 brn|[from] brn\n|upkeep\n|turn|7\n|\n|t:|1683127218\n|-terastallize|p2b: Rotom|Ghost\n|move|p1a: Dachsbun|Body Press|p2b: Rotom\n|-immune|p2b: Rotom\n|move|p2b: Rotom|Hex|p1b: Gastrodon\n|-damage|p1b: Gastrodon|40\/100 brn\n|move|p1b: Gastrodon|Hydro Pump|p2b: Rotom\n|-damage|p2b: Rotom|29\/100\n|\n|-heal|p1a: Dachsbun|40\/100|[from] item: Leftovers\n|-damage|p1b: Gastrodon|34\/100 brn|[from] brn\n|upkeep\n|turn|8\n|\n|t:|1683127232\n|move|p1a: Dachsbun|Play Rough|p2b: Rotom\n|-damage|p2b: Rotom|0 fnt\n|faint|p2b: Rotom\n|\n|win|Ykrach\n|raw|Ykrach's rating: 1074 → 1109<\/strong> (+35 for winning)\n|raw|Iron Daddy's rating: 1149 → 1119<\/strong> (-30 for losing)\n|l|\u2606Iron Daddy\n","uploadtime":1683127246,"views":19,"p1id":"ykrach","p2id":"irondaddy","formatid":"gen9vgc2023regulationc","rating":1109,"private":0,"password":""}