{"id":"gen9vgc2023regulationc-1854864324","p1":"TheEeveeAnimations","p2":"BlackSpearow","format":"[Gen 9] VGC 2023 Regulation C","log":"|j|\u2606TheEeveeAnimations\n|j|\u2606BlackSpearow\n|t:|1682874720\n|gametype|doubles\n|player|p1|TheEeveeAnimations|dahlia|\n|player|p2|BlackSpearow|birdkeeper-gen4dp|\n|teamsize|p1|6\n|teamsize|p2|6\n|gen|9\n|tier|[Gen 9] VGC 2023 Regulation C\n|rated|Tournament battle\n|rule|Species Clause: Limit one of each Pok\u00e9mon\n|rule|Item Clause: Limit one of each item\n|clearpoke\n|poke|p1|Gholdengo, L50|\n|poke|p1|Maushold-Four, L50|\n|poke|p1|Flutter Mane, L50|\n|poke|p1|Wo-Chien, L50|\n|poke|p1|Palafin, L50, F|\n|poke|p1|Arcanine, L50, F|\n|poke|p2|Palafin, L50, M|\n|poke|p2|Iron Hands, L50|\n|poke|p2|Gholdengo, L50|\n|poke|p2|Flutter Mane, L50|\n|poke|p2|Arcanine, L50, F|\n|poke|p2|Wo-Chien, L50|\n|teampreview|4\n|raw| Open Team Sheet for TheEeveeAnimations<\/summary>Gholdengo @ Leftovers Ability: Good as Gold Level: 50 Tera Type: Water - Protect - Shadow Ball - Make It Rain - Nasty Plot Maushold (Maushold-Four) @ Safety Goggles Ability: Friend Guard Level: 50 Tera Type: Ghost - Follow Me - Protect - Super Fang - Baby-Doll Eyes badonkadonk (Flutter Mane) @ Choice Specs Ability: Protosynthesis Level: 50 Tera Type: Fairy - Shadow Ball - Moonblast - Power Gem - Dazzling Gleam Homer (Wo-Chien) @ Assault Vest Ability: Tablets of Ruin Level: 50 Tera Type: Water - Foul Play - Snarl - Giga Drain - Pollen Puff Palafin @ Mystic Water Ability: Zero to Hero Level: 50 Tera Type: Water - Protect - Jet Punch - Wave Crash - Drain Punch Cloud (Arcanine) (F) @ Sitrus Berry Ability: Intimidate Level: 50 Tera Type: Grass - Flare Blitz - Will-O-Wisp - Extreme Speed - Protect <\/details><\/div> Open Team Sheet for BlackSpearow<\/summary>Palafin @ Mystic Water Ability: Zero to Hero Level: 50 Tera Type: Water - Jet Punch - Wave Crash - Protect - Haze Iron Hands @ Assault Vest Ability: Quark Drive Level: 50 Tera Type: Flying - Close Combat - Fake Out - Volt Switch - Wild Charge Gholdengo @ Life Orb Ability: Good as Gold Level: 50 Tera Type: Steel - Make It Rain - Shadow Ball - Protect - Nasty Plot Flutter Mane @ Focus Sash Ability: Protosynthesis Level: 50 Tera Type: Ghost - Dazzling Gleam - Moonblast - Shadow Ball - Protect Arcanine @ Safety Goggles Ability: Intimidate Level: 50 Tera Type: Grass - Flare Blitz - Snarl - Tera Blast - Extreme Speed Wo-Chien @ Leftovers Ability: Tablets of Ruin Level: 50 Tera Type: Poison - Leech Seed - Protect - Giga Drain - Ruination <\/details><\/div>\n|j| minionbanana57\n|j| DaGreedent+\n|c|\u2606TheEeveeAnimations|glhf\n|j| teamskull_testing\n|c|\u2606BlackSpearow|u2\n|j| Radio Free C-Side\n|j|%Bright Size\n|j| LoafOfGodlyBread\n|j| PTP_VGC\n|l|%Bright Size\n|\n|t:|1682874773\n|start\n|switch|p1a: Palafin|Palafin, L50, F|100\/100\n|switch|p1b: Cloud|Arcanine, L50, F|100\/100\n|switch|p2a: Gholdengo|Gholdengo, L50|100\/100\n|switch|p2b: Flutter Mane|Flutter Mane, L50|100\/100\n|-ability|p1b: Cloud|Intimidate|boost\n|-unboost|p2a: Gholdengo|atk|1\n|-unboost|p2b: Flutter Mane|atk|1\n|turn|1\n|j| stinkypoops\n|\n|t:|1682874806\n|switch|p2a: Palafin|Palafin, L50, M|100\/100\n|move|p2b: Flutter Mane|Moonblast|p1a: Palafin\n|-damage|p1a: Palafin|33\/100\n|move|p1b: Cloud|Flare Blitz|p2a: Palafin\n|-resisted|p2a: Palafin\n|-damage|p2a: Palafin|71\/100\n|-damage|p1b: Cloud|89\/100|[from] Recoil\n|move|p1a: Palafin|Wave Crash|p2b: Flutter Mane\n|-enditem|p2b: Flutter Mane|Focus Sash\n|-damage|p2b: Flutter Mane|1\/100\n|-damage|p1a: Palafin|11\/100|[from] Recoil\n|\n|upkeep\n|turn|2\n|j| Eldegoss32\n|\n|t:|1682874833\n|move|p2b: Flutter Mane|Protect|p2b: Flutter Mane\n|-singleturn|p2b: Flutter Mane|Protect\n|move|p1a: Palafin|Protect|p1a: Palafin\n|-singleturn|p1a: Palafin|Protect\n|move|p1b: Cloud|Will-O-Wisp|p2a: Palafin\n|-status|p2a: Palafin|brn\n|move|p2a: Palafin|Wave Crash|p1b: Cloud\n|-supereffective|p1b: Cloud\n|-damage|p1b: Cloud|24\/100\n|-enditem|p1b: Cloud|Sitrus Berry|[eat]\n|-heal|p1b: Cloud|49\/100|[from] item: Sitrus Berry\n|-damage|p2a: Palafin|53\/100 brn|[from] Recoil\n|\n|-damage|p2a: Palafin|47\/100 brn|[from] brn\n|upkeep\n|turn|3\n|\n|t:|1682874868\n|-end|p2b: Flutter Mane|Protosynthesis|[silent]\n|switch|p2b: Iron Hands|Iron Hands, L50|100\/100\n|switch|p1b: badonkadonk|Flutter Mane, L50|100\/100\n|move|p1a: Palafin|Jet Punch|p2b: Iron Hands\n|-damage|p2b: Iron Hands|84\/100\n|move|p2a: Palafin|Wave Crash|p1b: badonkadonk\n|-damage|p1b: badonkadonk|62\/100\n|-damage|p2a: Palafin|37\/100 brn|[from] Recoil\n|\n|-damage|p2a: Palafin|31\/100 brn|[from] brn\n|upkeep\n|turn|4\n|j| Tempest brute\n|\n|t:|1682874887\n|detailschange|p1a: Palafin|Palafin-Hero, L50, F\n|switch|p1a: Homer|Wo-Chien, L50|100\/100\n|-ability|p1a: Homer|Tablets of Ruin\n|-terastallize|p1b: badonkadonk|Fairy\n|move|p2a: Palafin|Jet Punch|p1a: Homer\n|-resisted|p1a: Homer\n|-damage|p1a: Homer|97\/100\n|move|p1b: badonkadonk|Dazzling Gleam|p2b: Iron Hands|[spread] p2a,p2b\n|-supereffective|p2b: Iron Hands\n|-damage|p2a: Palafin|0 fnt\n|-damage|p2b: Iron Hands|15\/100\n|faint|p2a: Palafin\n|move|p2b: Iron Hands|Wild Charge|p1b: badonkadonk\n|-damage|p1b: badonkadonk|0 fnt\n|faint|p1b: badonkadonk\n|-end|p1b: badonkadonk|Protosynthesis|[silent]\n|-damage|p2b: Iron Hands|6\/100|[from] Recoil\n|\n|upkeep\n|\n|t:|1682874909\n|switch|p1b: Palafin|Palafin-Hero, L50, F|11\/100\n|switch|p2a: Gholdengo|Gholdengo, L50|100\/100\n|-activate|p1b: Palafin|ability: Zero to Hero\n|turn|5\n|\n|t:|1682874942\n|-end|p2b: Iron Hands|Quark Drive|[silent]\n|switch|p2b: Flutter Mane|Flutter Mane, L50|1\/100\n|move|p1b: Palafin|Jet Punch|p2b: Flutter Mane\n|-damage|p2b: Flutter Mane|0 fnt\n|faint|p2b: Flutter Mane\n|-end|p2b: Flutter Mane|Protosynthesis|[silent]\n|move|p2a: Gholdengo|Make It Rain|p1b: Palafin|[spread] p1a,p1b\n|-resisted|p1b: Palafin\n|-damage|p1a: Homer|68\/100\n|-damage|p1b: Palafin|0 fnt\n|-unboost|p2a: Gholdengo|spa|1\n|faint|p1b: Palafin\n|-damage|p2a: Gholdengo|91\/100|[from] item: Life Orb\n|move|p1a: Homer|Pollen Puff|p1: Palafin|[notarget]\n|-fail|p1a: Homer\n|\n|upkeep\n|\n|t:|1682874956\n|switch|p2b: Iron Hands|Iron Hands, L50|6\/100\n|switch|p1b: Cloud|Arcanine, L50, F|49\/100\n|-ability|p1b: Cloud|Intimidate|boost\n|-unboost|p2a: Gholdengo|atk|1\n|-unboost|p2b: Iron Hands|atk|1\n|turn|6\n|j| mindclaw\n|l| mindclaw\n|\n|t:|1682874975\n|move|p2a: Gholdengo|Protect|p2a: Gholdengo\n|-singleturn|p2a: Gholdengo|Protect\n|move|p1b: Cloud|Flare Blitz|p2a: Gholdengo\n|-activate|p2a: Gholdengo|move: Protect\n|move|p1a: Homer|Pollen Puff|p1b: Cloud\n|-heal|p1b: Cloud|99\/100\n|move|p2b: Iron Hands|Close Combat|p1a: Homer\n|-supereffective|p1a: Homer\n|-damage|p1a: Homer|13\/100\n|-unboost|p2b: Iron Hands|def|1\n|-unboost|p2b: Iron Hands|spd|1\n|\n|upkeep\n|turn|7\n|c|\u2606BlackSpearow|gg\n|c|\u2606BlackSpearow|wp\n|c|\u2606TheEeveeAnimations|jesus fuck\n|c|\u2606TheEeveeAnimations|wo chien ate that\n|c| teamskull_testing|The slug strikes again\n|c| Radio Free C-Side|live wo chien reaction\n|\n|t:|1682875023\n|-terastallize|p2a: Gholdengo|Steel\n|move|p1b: Cloud|Extreme Speed|p2b: Iron Hands\n|-damage|p2b: Iron Hands|0 fnt\n|faint|p2b: Iron Hands\n|-end|p2b: Iron Hands|Quark Drive|[silent]\n|move|p2a: Gholdengo|Nasty Plot|p2a: Gholdengo\n|-boost|p2a: Gholdengo|spa|2\n|move|p1a: Homer|Snarl|p2a: Gholdengo\n|-damage|p2a: Gholdengo|70\/100\n|-unboost|p2a: Gholdengo|spa|1\n|\n|upkeep\n|turn|8\n|\n|t:|1682875039\n|move|p1b: Cloud|Flare Blitz|p2a: Gholdengo\n|-supereffective|p2a: Gholdengo\n|-damage|p2a: Gholdengo|0 fnt\n|faint|p2a: Gholdengo\n|-damage|p1b: Cloud|77\/100|[from] Recoil\n|\n|win|TheEeveeAnimations\n|n|\u2606TheEeveeAnimations|theeeveeanimations\n|n|\u2606BlackSpearow|blackspearow\n|n| minionbanana57|minionbanana57\n|n| DaGreedent+|dagreedent\n|n| teamskull_testing|teamskulltesting\n|n| Radio Free C-Side|radiofreecside\n|n| LoafOfGodlyBread|loafofgodlybread\n|n| PTP_VGC|ptpvgc\n|n| stinkypoops|stinkypoops\n|n| Eldegoss32|eldegoss32\n|n| Tempest brute|tempestbrute\n","uploadtime":1682875040,"views":10,"p1id":"theeeveeanimations","p2id":"blackspearow","formatid":"gen9vgc2023regulationc","rating":0,"private":0,"password":""}