{"id":"gen9vgc2023regulationc-1854949336","p1":"CJMTT","p2":"DinoMike130","format":"[Gen 9] VGC 2023 Regulation C","log":"|j|\u2606CJMTT\n|j|\u2606DinoMike130\n|t:|1682884027\n|gametype|doubles\n|player|p1|CJMTT|ethan|1339\n|player|p2|DinoMike130|veteran|1406\n|teamsize|p1|6\n|teamsize|p2|6\n|gen|9\n|tier|[Gen 9] VGC 2023 Regulation C\n|rated|\n|rule|Species Clause: Limit one of each Pok\u00e9mon\n|rule|Item Clause: Limit one of each item\n|clearpoke\n|poke|p1|Abomasnow, L50, M|\n|poke|p1|Iron Bundle, L50|\n|poke|p1|Glimmora, L50, F|\n|poke|p1|Wo-Chien, L50|\n|poke|p1|Arcanine, L50, M|\n|poke|p1|Ting-Lu, L50|\n|poke|p2|Torkoal, L50, M|\n|poke|p2|Flutter Mane, L50|\n|poke|p2|Orthworm, L50, F|\n|poke|p2|Murkrow, L50, M|\n|poke|p2|Garchomp, L50, M|\n|poke|p2|Iron Hands, L50|\n|teampreview|4\n|inactive|Battle timer is ON: inactive players will automatically lose when time's up. (requested by CJMTT)\nDinoMike130 has agreed to open team sheets.\n|inactive|CJMTT has 60 seconds left.\n|inactive|DinoMike130 has 60 seconds left.\n|\n|t:|1682884071\n|start\n|switch|p1a: Arcanine|Arcanine, L50, M|100\/100\n|switch|p1b: Wo-Chien|Wo-Chien, L50|100\/100\n|switch|p2a: Garchomp|Garchomp, L50, M|100\/100\n|switch|p2b: Iron Hands|Iron Hands, L50|100\/100\n|-ability|p1a: Arcanine|Intimidate|boost\n|-unboost|p2a: Garchomp|atk|1\n|-unboost|p2b: Iron Hands|atk|1\n|-ability|p1b: Wo-Chien|Tablets of Ruin\n|turn|1\n|inactive|CJMTT has 30 seconds left.\n|\n|t:|1682884099\n|move|p2b: Iron Hands|Fake Out|p1a: Arcanine\n|-damage|p1a: Arcanine|92\/100\n|move|p2a: Garchomp|Rock Slide|p1a: Arcanine|[spread] p1a,p1b\n|-supereffective|p1a: Arcanine\n|-damage|p1a: Arcanine|67\/100\n|-damage|p1b: Wo-Chien|92\/100\n|-damage|p2a: Garchomp|91\/100|[from] item: Life Orb\n|cant|p1a: Arcanine|flinch\n|move|p1b: Wo-Chien|Leech Seed|p2a: Garchomp\n|-start|p2a: Garchomp|move: Leech Seed\n|\n|-heal|p1b: Wo-Chien|98\/100|[from] item: Leftovers\n|-damage|p2a: Garchomp|78\/100|[from] Leech Seed|[of] p1b: Wo-Chien\n|-heal|p1b: Wo-Chien|100\/100|[silent]\n|upkeep\n|turn|2\n|inactive|DinoMike130 has 30 seconds left.\n|inactive|DinoMike130 has 20 seconds left.\n|\n|t:|1682884137\n|switch|p2a: Orthworm|Orthworm, L50, F|100\/100\n|move|p1a: Arcanine|Will-O-Wisp|p2b: Iron Hands\n|-status|p2b: Iron Hands|brn\n|move|p1b: Wo-Chien|Pollen Puff|p1a: Arcanine\n|-heal|p1a: Arcanine|100\/100\n|move|p2b: Iron Hands|Drain Punch|p1b: Wo-Chien\n|-supereffective|p1b: Wo-Chien\n|-damage|p1b: Wo-Chien|85\/100\n|\n|-heal|p1b: Wo-Chien|91\/100|[from] item: Leftovers\n|-damage|p2b: Iron Hands|94\/100 brn|[from] brn\n|upkeep\n|turn|3\n|inactive|DinoMike130 has 30 seconds left.\n|\n|t:|1682884167\n|move|p1a: Arcanine|Will-O-Wisp|p2a: Orthworm|[miss]\n|-miss|p1a: Arcanine|p2a: Orthworm\n|move|p1b: Wo-Chien|Leech Seed|p2a: Orthworm\n|-start|p2a: Orthworm|move: Leech Seed\n|move|p2a: Orthworm|Iron Defense|p2a: Orthworm\n|-boost|p2a: Orthworm|def|2\n|move|p2b: Iron Hands|Volt Switch|p1a: Arcanine\n|-damage|p1a: Arcanine|87\/100\n|\n|t:|1682884176\n|-end|p2b: Iron Hands|Quark Drive|[silent]\n|switch|p2b: Flutter Mane|Flutter Mane, L50|100\/100|[from] Volt Switch\n|\n|-heal|p1b: Wo-Chien|97\/100|[from] item: Leftovers\n|-damage|p2a: Orthworm|88\/100|[from] Leech Seed|[of] p1b: Wo-Chien\n|-heal|p1b: Wo-Chien|100\/100|[silent]\n|upkeep\n|turn|4\n|\n|t:|1682884195\n|move|p1b: Wo-Chien|Protect|p1b: Wo-Chien\n|-singleturn|p1b: Wo-Chien|Protect\n|move|p2b: Flutter Mane|Shadow Ball|p1a: Arcanine\n|-damage|p1a: Arcanine|11\/100\n|move|p1a: Arcanine|Snarl|p2b: Flutter Mane|[spread] p2a,p2b\n|-damage|p2a: Orthworm|79\/100\n|-damage|p2b: Flutter Mane|94\/100\n|-unboost|p2a: Orthworm|spa|1\n|-unboost|p2b: Flutter Mane|spa|1\n|move|p2a: Orthworm|Body Press|p1b: Wo-Chien\n|-activate|p1b: Wo-Chien|move: Protect\n|\n|-damage|p2a: Orthworm|67\/100|[from] Leech Seed|[of] p1b: Wo-Chien\n|upkeep\n|turn|5\n|inactive|CJMTT has 30 seconds left.\n|\n|t:|1682884226\n|switch|p1a: Glimmora|Glimmora, L50, F|100\/100\n|move|p2b: Flutter Mane|Shadow Ball|p1a: Glimmora\n|-damage|p1a: Glimmora|69\/100\n|move|p1b: Wo-Chien|Leech Seed|p2b: Flutter Mane\n|-start|p2b: Flutter Mane|move: Leech Seed\n|move|p2a: Orthworm|Body Press|p1a: Glimmora\n|-damage|p1a: Glimmora|29\/100\n|\n|-damage|p2b: Flutter Mane|81\/100|[from] Leech Seed|[of] p1b: Wo-Chien\n|-damage|p2a: Orthworm|55\/100|[from] Leech Seed|[of] p1b: Wo-Chien\n|upkeep\n|turn|6\n|inactive|CJMTT has 30 seconds left.\n|inactive|DinoMike130 has 30 seconds left.\n|\n|t:|1682884259\n|-end|p2b: Flutter Mane|Protosynthesis|[silent]\n|switch|p2b: Iron Hands|Iron Hands, L50|94\/100 brn\n|move|p1a: Glimmora|Power Gem|p2b: Iron Hands\n|-resisted|p2b: Iron Hands\n|-damage|p2b: Iron Hands|84\/100 brn\n|move|p1b: Wo-Chien|Pollen Puff|p1a: Glimmora\n|-heal|p1a: Glimmora|79\/100\n|move|p2a: Orthworm|Body Press|p1a: Glimmora\n|-damage|p1a: Glimmora|41\/100\n|\n|-damage|p2a: Orthworm|42\/100|[from] Leech Seed|[of] p1b: Wo-Chien\n|-damage|p2b: Iron Hands|78\/100 brn|[from] brn\n|upkeep\n|-enditem|p2a: Orthworm|Sitrus Berry|[eat]\n|-heal|p2a: Orthworm|67\/100|[from] item: Sitrus Berry\n|turn|7\n|inactive|CJMTT has 30 seconds left.\n|inactive|DinoMike130 has 30 seconds left.\n|\n|t:|1682884290\n|switch|p2a: Flutter Mane|Flutter Mane, L50|81\/100\n|move|p2b: Iron Hands|Fake Out|p1b: Wo-Chien\n|-damage|p1b: Wo-Chien|96\/100\n|move|p1a: Glimmora|Earth Power|p2b: Iron Hands\n|-supereffective|p2b: Iron Hands\n|-damage|p2b: Iron Hands|44\/100 brn\n|cant|p1b: Wo-Chien|flinch\n|\n|-heal|p1b: Wo-Chien|100\/100|[from] item: Leftovers\n|-damage|p2b: Iron Hands|38\/100 brn|[from] brn\n|upkeep\n|turn|8\n|\n|t:|1682884310\n|move|p2a: Flutter Mane|Psyshock|p1a: Glimmora\n|-supereffective|p1a: Glimmora\n|-damage|p1a: Glimmora|0 fnt\n|faint|p1a: Glimmora\n|move|p1b: Wo-Chien|Pollen Puff|p1: Glimmora|[notarget]\n|-fail|p1b: Wo-Chien\n|move|p2b: Iron Hands|Drain Punch|p1b: Wo-Chien\n|-supereffective|p1b: Wo-Chien\n|-damage|p1b: Wo-Chien|77\/100\n|-heal|p2b: Iron Hands|47\/100 brn|[from] drain|[of] p1b: Wo-Chien\n|\n|-heal|p1b: Wo-Chien|83\/100|[from] item: Leftovers\n|-damage|p2b: Iron Hands|41\/100 brn|[from] brn\n|upkeep\n|\n|t:|1682884317\n|switch|p1a: Abomasnow|Abomasnow, L50, M|100\/100\n|-weather|Snow|[from] ability: Snow Warning|[of] p1a: Abomasnow\n|turn|9\n|inactive|DinoMike130 has 30 seconds left.\n|\n|t:|1682884344\n|-end|p2a: Flutter Mane|Protosynthesis|[silent]\n|switch|p2a: Orthworm|Orthworm, L50, F|67\/100\n|-terastallize|p1a: Abomasnow|Water\n|move|p1b: Wo-Chien|Leech Seed|p2a: Orthworm|[miss]\n|-miss|p1b: Wo-Chien|p2a: Orthworm\n|move|p1a: Abomasnow|Blizzard|p2b: Iron Hands|[spread] p2a,p2b\n|-resisted|p2a: Orthworm\n|-damage|p2a: Orthworm|42\/100\n|-damage|p2b: Iron Hands|14\/100 brn\n|-damage|p1a: Abomasnow|91\/100|[from] item: Life Orb\n|move|p2b: Iron Hands|Drain Punch|p1a: Abomasnow\n|-damage|p1a: Abomasnow|72\/100\n|-heal|p2b: Iron Hands|21\/100 brn|[from] drain|[of] p1a: Abomasnow\n|\n|-weather|Snow|[upkeep]\n|-heal|p1b: Wo-Chien|89\/100|[from] item: Leftovers\n|-damage|p2b: Iron Hands|15\/100 brn|[from] brn\n|upkeep\n|turn|10\n|inactive|DinoMike130 has 30 seconds left.\n|\n|t:|1682884372\n|move|p1b: Wo-Chien|Leech Seed|p2a: Orthworm|[miss]\n|-miss|p1b: Wo-Chien|p2a: Orthworm\n|move|p1a: Abomasnow|Blizzard|p2b: Iron Hands|[spread] p2a,p2b\n|-resisted|p2a: Orthworm\n|-damage|p2a: Orthworm|15\/100\n|-damage|p2b: Iron Hands|0 fnt\n|faint|p2b: Iron Hands\n|-end|p2b: Iron Hands|Quark Drive|[silent]\n|-damage|p1a: Abomasnow|62\/100|[from] item: Life Orb\n|move|p2a: Orthworm|Iron Defense|p2a: Orthworm\n|-boost|p2a: Orthworm|def|2\n|\n|-weather|Snow|[upkeep]\n|-heal|p1b: Wo-Chien|95\/100|[from] item: Leftovers\n|upkeep\n|\n|t:|1682884385\n|switch|p2b: Garchomp|Garchomp, L50, M|78\/100\n|turn|11\n|\n|t:|1682884395\n|-terastallize|p2b: Garchomp|Fire\n|move|p2b: Garchomp|Earthquake|p1a: Abomasnow|[spread] p1a,p1b\n|-heal|p2a: Orthworm|40\/100|[from] ability: Earth Eater|[of] p2b: Garchomp\n|-resisted|p1b: Wo-Chien\n|-damage|p1a: Abomasnow|19\/100\n|-damage|p1b: Wo-Chien|82\/100\n|-damage|p2b: Garchomp|68\/100|[from] item: Life Orb\n|move|p1b: Wo-Chien|Pollen Puff|p1a: Abomasnow\n|-heal|p1a: Abomasnow|69\/100\n|move|p1a: Abomasnow|Blizzard|p2b: Garchomp|[spread] p2a,p2b\n|-resisted|p2a: Orthworm\n|-resisted|p2b: Garchomp\n|-damage|p2a: Orthworm|13\/100\n|-damage|p2b: Garchomp|45\/100\n|-damage|p1a: Abomasnow|59\/100|[from] item: Life Orb\n|move|p2a: Orthworm|Body Press|p1b: Wo-Chien\n|-supereffective|p1b: Wo-Chien\n|-damage|p1b: Wo-Chien|21\/100\n|\n|-weather|Snow|[upkeep]\n|-heal|p1b: Wo-Chien|28\/100|[from] item: Leftovers\n|upkeep\n|turn|12\n|inactive|CJMTT has 30 seconds left.\n|\n|t:|1682884423\n|move|p1b: Wo-Chien|Protect|p1b: Wo-Chien\n|-singleturn|p1b: Wo-Chien|Protect\n|move|p2b: Garchomp|Earthquake|p1b: Wo-Chien|[spread] p1a\n|-activate|p1b: Wo-Chien|move: Protect\n|-heal|p2a: Orthworm|38\/100|[from] ability: Earth Eater|[of] p2b: Garchomp\n|-damage|p1a: Abomasnow|22\/100\n|-damage|p2b: Garchomp|35\/100|[from] item: Life Orb\n|move|p1a: Abomasnow|Blizzard|p2b: Garchomp|[spread] p2a,p2b\n|-resisted|p2a: Orthworm\n|-resisted|p2b: Garchomp\n|-crit|p2b: Garchomp\n|-damage|p2a: Orthworm|12\/100\n|-damage|p2b: Garchomp|0 fnt\n|faint|p2b: Garchomp\n|-damage|p1a: Abomasnow|13\/100|[from] item: Life Orb\n|move|p2a: Orthworm|Body Press|p1b: Wo-Chien\n|-activate|p1b: Wo-Chien|move: Protect\n|\n|-weather|Snow|[upkeep]\n|-heal|p1b: Wo-Chien|34\/100|[from] item: Leftovers\n|upkeep\n|\n|t:|1682884434\n|switch|p2b: Flutter Mane|Flutter Mane, L50|81\/100\n|turn|13\n|inactive|CJMTT has 30 seconds left.\n|\n|t:|1682884461\n|move|p1a: Abomasnow|Protect|p1a: Abomasnow\n|-singleturn|p1a: Abomasnow|Protect\n|move|p2b: Flutter Mane|Dazzling Gleam|p1a: Abomasnow|[spread] p1b\n|-activate|p1a: Abomasnow|move: Protect\n|-supereffective|p1b: Wo-Chien\n|-damage|p1b: Wo-Chien|0 fnt\n|faint|p1b: Wo-Chien\n|move|p2a: Orthworm|Body Press|p1a: Abomasnow\n|-activate|p1a: Abomasnow|move: Protect\n|\n|-weather|none\n|upkeep\n|-message|CJMTT forfeited.\n|\n|win|DinoMike130\n|raw|CJMTT's rating: 1339 → 1323<\/strong> (-16 for losing)\n|raw|DinoMike130's rating: 1406 → 1422<\/strong> (+16 for winning)\n|l|\u2606CJMTT\n","uploadtime":1682884814,"views":4,"p1id":"cjmtt","p2id":"dinomike130","formatid":"gen9vgc2023regulationc","rating":1323,"private":0,"password":""}