{"id":"gen9vgc2023regulationc-1846348372","p1":"hero231","p2":"drbundy","format":"[Gen 9] VGC 2023 Regulation C","log":"|j|\u2606hero231\n|j|\u2606drbundy\n|t:|1681833640\n|gametype|doubles\n|player|p1|hero231|infielder|1208\n|player|p2|drbundy|linebacker|1257\n|teamsize|p1|6\n|teamsize|p2|6\n|gen|9\n|tier|[Gen 9] VGC 2023 Regulation C\n|rated|\n|rule|Species Clause: Limit one of each Pok\u00e9mon\n|rule|Item Clause: Limit one of each item\n|clearpoke\n|poke|p1|Glimmora, L50, M|\n|poke|p1|Arcanine, L50, M|\n|poke|p1|Chi-Yu, L50|\n|poke|p1|Flutter Mane, L50|\n|poke|p1|Dondozo, L50, F|\n|poke|p1|Tatsugiri-Stretchy, L50, M|\n|poke|p2|Ting-Lu, L50|\n|poke|p2|Flutter Mane, L50|\n|poke|p2|Gholdengo, L50|\n|poke|p2|Brute Bonnet, L50|\n|poke|p2|Palafin, L50, F|\n|poke|p2|Arcanine, L50, M|\n|teampreview|4\nhero231 has agreed to open team sheets.\ndrbundy has agreed to open team sheets.\n|\n|t:|1681833712\n|start\n|switch|p1a: Flutter Mid|Flutter Mane, L50, shiny|100\/100\n|switch|p1b: Smiles Back|Chi-Yu, L50|100\/100\n|switch|p2a: Palafin|Palafin, L50, F, shiny|100\/100\n|switch|p2b: Arcanine|Arcanine, L50, M|100\/100\n|-ability|p1b: Smiles Back|Beads of Ruin\n|-ability|p2b: Arcanine|Intimidate|boost\n|-unboost|p1a: Flutter Mid|atk|1\n|-unboost|p1b: Smiles Back|atk|1\n|-enditem|p1a: Flutter Mid|Booster Energy\n|-activate|p1a: Flutter Mid|ability: Protosynthesis|[fromitem]\n|-start|p1a: Flutter Mid|protosynthesisspa\n|turn|1\n|inactive|Battle timer is ON: inactive players will automatically lose when time's up. (requested by hero231)\n|l|\u2606hero231\n|inactive|hero231 disconnected and has a minute to reconnect!\n|player|p1|\n|inactive|hero231 has 30 seconds to reconnect!\n|inactive|hero231 has 20 seconds to reconnect!\n|j|\u2606hero231\n|inactive|hero231 reconnected and has 35 seconds left.\n|player|p1|hero231|infielder\n|inactive|hero231 has 30 seconds left.\n|\n|t:|1681833777\n|-end|p1a: Flutter Mid|Protosynthesis|[silent]\n|switch|p1a: Wheeeee!|Glimmora, L50, M, shiny|100\/100\n|detailschange|p2a: Palafin|Palafin-Hero, L50, F, shiny\n|switch|p2a: Ting-Lu|Ting-Lu, L50|100\/100\n|-ability|p2a: Ting-Lu|Vessel of Ruin\n|move|p1b: Smiles Back|Dark Pulse|p2a: Ting-Lu\n|-resisted|p2a: Ting-Lu\n|-damage|p2a: Ting-Lu|91\/100\n|move|p2b: Arcanine|Howl|p2b: Arcanine|[spread] p2a,p2b\n|-boost|p2a: Ting-Lu|atk|1\n|-boost|p2b: Arcanine|atk|1\n|\n|upkeep\n|turn|2\n|inactive|hero231 has 30 seconds left.\n|inactive|hero231 has 20 seconds left.\n|inactive|hero231 has 15 seconds left.\n|inactive|hero231 has 10 seconds left.\n|inactive|hero231 has 5 seconds left.\n|\n|t:|1681833832\n|switch|p1b: No Shrooms|Arcanine, L50, M|100\/100\n|-ability|p1b: No Shrooms|Intimidate|boost\n|-unboost|p2a: Ting-Lu|atk|1\n|-unboost|p2b: Arcanine|atk|1\n|move|p1a: Wheeeee!|Earth Power|p2a: Ting-Lu\n|-damage|p2a: Ting-Lu|80\/100\n|move|p2b: Arcanine|Howl|p2b: Arcanine|[spread] p2a,p2b\n|-boost|p2a: Ting-Lu|atk|1\n|-boost|p2b: Arcanine|atk|1\n|move|p2a: Ting-Lu|Stomping Tantrum|p1b: No Shrooms\n|-supereffective|p1b: No Shrooms\n|-damage|p1b: No Shrooms|0 fnt\n|faint|p1b: No Shrooms\n|\n|upkeep\n|c|\u2606hero231|oh man\n|\n|t:|1681833848\n|switch|p1b: Flutter Mid|Flutter Mane, L50, shiny|100\/100\n|turn|3\n|\n|t:|1681833869\n|switch|p2b: Brute Bonnet|Brute Bonnet, L50, shiny|100\/100\n|move|p1b: Flutter Mid|Protect|p1b: Flutter Mid\n|-singleturn|p1b: Flutter Mid|Protect\n|move|p1a: Wheeeee!|Earth Power|p2a: Ting-Lu\n|-damage|p2a: Ting-Lu|69\/100\n|move|p2a: Ting-Lu|Stomping Tantrum|p1b: Flutter Mid\n|-activate|p1b: Flutter Mid|move: Protect\n|\n|upkeep\n|turn|4\n|inactive|hero231 has 30 seconds left.\n|\n|t:|1681833895\n|-terastallize|p1a: Wheeeee!|Grass\n|move|p1b: Flutter Mid|Dazzling Gleam|p2b: Brute Bonnet|[spread] p2a,p2b\n|-supereffective|p2a: Ting-Lu\n|-supereffective|p2b: Brute Bonnet\n|-damage|p2a: Ting-Lu|49\/100\n|-damage|p2b: Brute Bonnet|71\/100\n|move|p1a: Wheeeee!|Mortal Spin|p2a: Ting-Lu|[spread] p2a,p2b\n|-resisted|p2a: Ting-Lu\n|-supereffective|p2b: Brute Bonnet\n|-damage|p2a: Ting-Lu|47\/100\n|-damage|p2b: Brute Bonnet|62\/100\n|-status|p2a: Ting-Lu|psn\n|-status|p2b: Brute Bonnet|psn\n|move|p2a: Ting-Lu|Heavy Slam|p1b: Flutter Mid\n|-supereffective|p1b: Flutter Mid\n|-damage|p1b: Flutter Mid|0 fnt\n|faint|p1b: Flutter Mid\n|-end|p1b: Flutter Mid|Protosynthesis|[silent]\n|move|p2b: Brute Bonnet|Bullet Seed|p1a: Wheeeee!\n|-resisted|p1a: Wheeeee!\n|-damage|p1a: Wheeeee!|94\/100\n|-activate|p1a: Wheeeee!|ability: Toxic Debris\n|-sidestart|p2: drbundy|move: Toxic Spikes\n|-resisted|p1a: Wheeeee!\n|-damage|p1a: Wheeeee!|87\/100\n|-activate|p1a: Wheeeee!|ability: Toxic Debris\n|-sidestart|p2: drbundy|move: Toxic Spikes\n|-resisted|p1a: Wheeeee!\n|-damage|p1a: Wheeeee!|80\/100\n|-resisted|p1a: Wheeeee!\n|-damage|p1a: Wheeeee!|74\/100\n|-hitcount|p1a: Wheeeee!|4\n|\n|-damage|p2a: Ting-Lu|35\/100 psn|[from] psn\n|-damage|p2b: Brute Bonnet|50\/100 psn|[from] psn\n|upkeep\n|\n|t:|1681833911\n|switch|p1b: Smiles Back|Chi-Yu, L50|100\/100\n|-ability|p1b: Smiles Back|Beads of Ruin\n|turn|5\n|\n|t:|1681833926\n|move|p2b: Brute Bonnet|Rage Powder|p2b: Brute Bonnet\n|-singleturn|p2b: Brute Bonnet|move: Rage Powder\n|move|p1b: Smiles Back|Heat Wave|p2a: Ting-Lu|[spread] p2b\n|-miss|p1b: Smiles Back|p2a: Ting-Lu\n|-supereffective|p2b: Brute Bonnet\n|-crit|p2b: Brute Bonnet\n|-damage|p2b: Brute Bonnet|0 fnt\n|faint|p2b: Brute Bonnet\n|-end|p2b: Brute Bonnet|Protosynthesis|[silent]\n|move|p1a: Wheeeee!|Energy Ball|p2a: Ting-Lu\n|-supereffective|p2a: Ting-Lu\n|-damage|p2a: Ting-Lu|0 fnt\n|faint|p2a: Ting-Lu\n|\n|upkeep\n|\n|t:|1681833932\n|switch|p2a: Arcanine|Arcanine, L50, M|100\/100\n|switch|p2b: Palafin|Palafin-Hero, L50, F, shiny|100\/100\n|-status|p2b: Palafin|tox\n|-activate|p2b: Palafin|ability: Zero to Hero\n|-status|p2a: Arcanine|tox\n|-ability|p2a: Arcanine|Intimidate|boost\n|-unboost|p1a: Wheeeee!|atk|1\n|-unboost|p1b: Smiles Back|atk|1\n|turn|6\n|inactive|drbundy has 30 seconds left.\n|inactive|hero231 has 30 seconds left.\n|\n|t:|1681833963\n|-terastallize|p2a: Arcanine|Flying\n|move|p1b: Smiles Back|Protect|p1b: Smiles Back\n|-singleturn|p1b: Smiles Back|Protect\n|move|p2b: Palafin|Jet Punch|p1b: Smiles Back\n|-activate|p1b: Smiles Back|move: Protect\n|move|p1a: Wheeeee!|Power Gem|p2a: Arcanine\n|-supereffective|p2a: Arcanine\n|-damage|p2a: Arcanine|0 fnt\n|faint|p2a: Arcanine\n|\n|-damage|p2b: Palafin|95\/100 tox|[from] psn\n|upkeep\n|turn|7\n|\n|t:|1681833974\n|move|p2b: Palafin|Jet Punch|p1b: Smiles Back\n|-supereffective|p1b: Smiles Back\n|-enditem|p1b: Smiles Back|Focus Sash\n|-damage|p1b: Smiles Back|1\/100\n|move|p1b: Smiles Back|Dark Pulse|p2b: Palafin\n|-damage|p2b: Palafin|38\/100 tox\n|move|p1a: Wheeeee!|Energy Ball|p2b: Palafin\n|-supereffective|p2b: Palafin\n|-crit|p2b: Palafin\n|-damage|p2b: Palafin|0 fnt\n|faint|p2b: Palafin\n|\n|win|hero231\n|raw|hero231's rating: 1208 → 1237<\/strong> (+29 for winning)\n|raw|drbundy's rating: 1257 → 1228<\/strong> (-29 for losing)\n|c|\u2606hero231|gg\n|l|\u2606drbundy\n","uploadtime":1681834021,"views":14,"p1id":"hero231","p2id":"drbundy","formatid":"gen9vgc2023regulationc","rating":1228,"private":0,"password":""}