{"id":"gen9vgc2023regulationc-1856504408","p1":"Felipe.Miller.V","p2":"HocusPocusAlakazam","format":"[Gen 9] VGC 2023 Regulation C","log":"|j|\u2606Felipe.Miller.V\n|j|\u2606HocusPocusAlakazam\n|t:|1683069067\n|gametype|doubles\n|player|p1|Felipe.Miller.V|plasmagrunt-gen5bw|1211\n|player|p2|HocusPocusAlakazam|colress|1153\n|teamsize|p1|6\n|teamsize|p2|6\n|gen|9\n|tier|[Gen 9] VGC 2023 Regulation C\n|rated|\n|rule|Species Clause: Limit one of each Pok\u00e9mon\n|rule|Item Clause: Limit one of each item\n|clearpoke\n|poke|p1|Bruxish, L50, F|\n|poke|p1|Copperajah, L50, M|\n|poke|p1|Sylveon, L50, F|\n|poke|p1|Appletun, L50, F|\n|poke|p1|Heracross, L50, F|\n|poke|p1|Oranguru, L50, M|\n|poke|p2|Arcanine, L50, F|\n|poke|p2|Amoonguss, L50, F|\n|poke|p2|Flutter Mane, L50|\n|poke|p2|Palafin, L50, M|\n|poke|p2|Baxcalibur, L50, M|\n|poke|p2|Ting-Lu, L50|\n|teampreview|4\nHocusPocusAlakazam has agreed to open team sheets.\n|inactive|Battle timer is ON: inactive players will automatically lose when time's up. (requested by HocusPocusAlakazam)\n|inactive|HocusPocusAlakazam has 60 seconds left.\n|inactive|HocusPocusAlakazam has 30 seconds left.\n|\n|t:|1683069148\n|start\n|switch|p1a: Copperajah|Copperajah, L50, M, shiny|100\/100\n|switch|p1b: Bruxish|Bruxish, L50, F, shiny|100\/100\n|switch|p2a: Ting-Lu|Ting-Lu, L50|100\/100\n|switch|p2b: Arcanine|Arcanine, L50, F|100\/100\n|-ability|p2b: Arcanine|Intimidate|boost\n|-unboost|p1a: Copperajah|atk|1\n|-unboost|p1b: Bruxish|atk|1\n|-ability|p2a: Ting-Lu|Vessel of Ruin\n|turn|1\n|inactive|Felipe.Miller.V has 30 seconds left.\n|\n|t:|1683069174\n|switch|p1a: Appletun|Appletun, L50, F, shiny|100\/100\n|-terastallize|p2b: Arcanine|Flying\n|move|p2b: Arcanine|Howl|p2b: Arcanine|[spread] p2a,p2b\n|-boost|p2a: Ting-Lu|atk|1\n|-boost|p2b: Arcanine|atk|1\n|move|p2a: Ting-Lu|Earthquake|p1a: Appletun|[spread] p1a,p1b\n|-immune|p2b: Arcanine\n|-resisted|p1a: Appletun\n|-damage|p1a: Appletun|76\/100\n|-damage|p1b: Bruxish|22\/100\n|move|p1b: Bruxish|Trick Room|p1b: Bruxish\n|-fieldstart|move: Trick Room|[of] p1b: Bruxish\n|\n|upkeep\n|turn|2\n|inactive|Felipe.Miller.V has 30 seconds left.\n|inactive|HocusPocusAlakazam has 30 seconds left.\n|\n|t:|1683069200\n|switch|p2a: Amoonguss|Amoonguss, L50, F|100\/100\n|move|p1a: Appletun|Apple Acid|p2a: Amoonguss\n|-resisted|p2a: Amoonguss\n|-damage|p2a: Amoonguss|92\/100\n|-unboost|p2a: Amoonguss|spd|1\n|move|p1b: Bruxish|Wave Crash|p2a: Amoonguss\n|-resisted|p2a: Amoonguss\n|-damage|p2a: Amoonguss|77\/100\n|-damage|p1b: Bruxish|15\/100|[from] Recoil\n|move|p2b: Arcanine|Flare Blitz|p1b: Bruxish\n|-resisted|p1b: Bruxish\n|-damage|p1b: Bruxish|0 fnt\n|faint|p1b: Bruxish\n|-damage|p2b: Arcanine|96\/100|[from] Recoil\n|\n|upkeep\n|\n|t:|1683069215\n|switch|p1b: Copperajah|Copperajah, L50, M, shiny|100\/100\n|turn|3\n|inactive|HocusPocusAlakazam has 30 seconds left.\n|\n|t:|1683069245\n|move|p2a: Amoonguss|Rage Powder|p2a: Amoonguss\n|-singleturn|p2a: Amoonguss|move: Rage Powder\n|move|p1b: Copperajah|Rock Slide|p2b: Arcanine|[spread] p2a,p2b\n|-supereffective|p2b: Arcanine\n|-damage|p2a: Amoonguss|47\/100\n|-damage|p2b: Arcanine|21\/100\n|-enditem|p2a: Amoonguss|Sitrus Berry|[eat]\n|-heal|p2a: Amoonguss|72\/100|[from] item: Sitrus Berry\n|move|p1a: Appletun|Dragon Pulse|p2a: Amoonguss\n|-damage|p2a: Amoonguss|19\/100\n|move|p2b: Arcanine|Will-O-Wisp|p1b: Copperajah\n|-status|p1b: Copperajah|brn\n|\n|-damage|p1b: Copperajah|94\/100 brn|[from] brn\n|upkeep\n|turn|4\n|inactive|Felipe.Miller.V has 30 seconds left.\n|inactive|Felipe.Miller.V has 20 seconds left.\n|\n|t:|1683069283\n|switch|p2a: Ting-Lu|Ting-Lu, L50|100\/100\n|-ability|p2a: Ting-Lu|Vessel of Ruin\n|move|p2b: Arcanine|Extreme Speed|p1a: Appletun\n|-damage|p1a: Appletun|42\/100\n|move|p1a: Appletun|Dragon Pulse|p2a: Ting-Lu\n|-damage|p2a: Ting-Lu|86\/100\n|move|p1b: Copperajah|Curse|p1b: Copperajah\n|-unboost|p1b: Copperajah|spe|1\n|-boost|p1b: Copperajah|atk|1\n|-boost|p1b: Copperajah|def|1\n|\n|-damage|p1b: Copperajah|88\/100 brn|[from] brn\n|upkeep\n|turn|5\n|\n|t:|1683069308\n|-terastallize|p1b: Copperajah|Dragon\n|move|p2b: Arcanine|Extreme Speed|p1a: Appletun\n|-damage|p1a: Appletun|8\/100\n|move|p1a: Appletun|Sucker Punch||[still]\n|-fail|p1a: Appletun\n|move|p1b: Copperajah|Curse|p1b: Copperajah\n|-unboost|p1b: Copperajah|spe|1\n|-boost|p1b: Copperajah|atk|1\n|-boost|p1b: Copperajah|def|1\n|move|p2a: Ting-Lu|Earthquake|p1b: Copperajah|[spread] p1a,p1b\n|-immune|p2b: Arcanine\n|-resisted|p1a: Appletun\n|-damage|p1a: Appletun|0 fnt\n|-damage|p1b: Copperajah|68\/100 brn\n|faint|p1a: Appletun\n|\n|-damage|p1b: Copperajah|62\/100 brn|[from] brn\n|-fieldend|move: Trick Room\n|upkeep\n|\n|t:|1683069324\n|switch|p1a: Oranguru|Oranguru, L50, M, shiny|100\/100\n|turn|6\n|\n|t:|1683069345\n|move|p2b: Arcanine|Flare Blitz|p1a: Oranguru\n|-damage|p1a: Oranguru|41\/100\n|-damage|p2b: Arcanine|1\/100|[from] Recoil\n|move|p1a: Oranguru|Psyshock|p2b: Arcanine\n|-damage|p2b: Arcanine|0 fnt\n|faint|p2b: Arcanine\n|move|p2a: Ting-Lu|Earthquake|p1b: Copperajah|[spread] p1a,p1b\n|-damage|p1a: Oranguru|12\/100\n|-damage|p1b: Copperajah|44\/100 brn\n|move|p1b: Copperajah|Iron Head|p2a: Ting-Lu\n|-damage|p2a: Ting-Lu|40\/100\n|\n|-damage|p1b: Copperajah|38\/100 brn|[from] brn\n|upkeep\n|\n|t:|1683069355\n|switch|p2b: Amoonguss|Amoonguss, L50, F|52\/100\n|turn|7\n|inactive|Felipe.Miller.V has 30 seconds left.\n|inactive|Felipe.Miller.V has 20 seconds left.\n|inactive|Felipe.Miller.V has 15 seconds left.\n|inactive|Felipe.Miller.V has 10 seconds left.\n|\n|t:|1683069405\n|move|p2b: Amoonguss|Rage Powder|p2b: Amoonguss\n|-singleturn|p2b: Amoonguss|move: Rage Powder\n|move|p1a: Oranguru|Psyshock|p2b: Amoonguss\n|-supereffective|p2b: Amoonguss\n|-damage|p2b: Amoonguss|21\/100\n|move|p2a: Ting-Lu|Earthquake|p1b: Copperajah|[spread] p2b,p1a,p1b\n|-damage|p2b: Amoonguss|0 fnt\n|-damage|p1a: Oranguru|0 fnt\n|-damage|p1b: Copperajah|17\/100 brn\n|faint|p2b: Amoonguss\n|faint|p1a: Oranguru\n|move|p1b: Copperajah|Iron Head|p2a: Ting-Lu\n|-damage|p2a: Ting-Lu|0 fnt\n|faint|p2a: Ting-Lu\n|\n|-damage|p1b: Copperajah|11\/100 brn|[from] brn\n|upkeep\n|\n|t:|1683069418\n|switch|p2b: Baxcalibur|Baxcalibur, L50, M|100\/100\n|turn|8\n|\n|t:|1683069425\n|move|p2b: Baxcalibur|Glaive Rush|p1b: Copperajah\n|-supereffective|p1b: Copperajah\n|-damage|p1b: Copperajah|0 fnt\n|-singlemove|p2b: Baxcalibur|Glaive Rush|[silent]\n|faint|p1b: Copperajah\n|\n|win|HocusPocusAlakazam\n|raw|Felipe.Miller.V's rating: 1211 → 1182<\/strong> (-29 for losing)\n|raw|HocusPocusAlakazam's rating: 1153 → 1182<\/strong> (+29 for winning)\n|l|\u2606Felipe.Miller.V\n","uploadtime":1683069429,"views":12,"p1id":"felipemillerv","p2id":"hocuspocusalakazam","formatid":"gen9vgc2023regulationc","rating":1182,"private":0,"password":""}