{"id":"gen9vgc2023regulationc-1853509397","p1":"raysayer","p2":"MisterDudeBroGuy","format":"[Gen 9] VGC 2023 Regulation C","log":"|j|\u2606raysayer\n|j|\u2606MisterDudeBroGuy\n|t:|1682692007\n|gametype|doubles\n|player|p1|raysayer|101|1259\n|player|p2|MisterDudeBroGuy|170|1164\n|teamsize|p1|6\n|teamsize|p2|6\n|gen|9\n|tier|[Gen 9] VGC 2023 Regulation C\n|rated|\n|rule|Species Clause: Limit one of each Pok\u00e9mon\n|rule|Item Clause: Limit one of each item\n|clearpoke\n|poke|p1|Amoonguss, L50, M|\n|poke|p1|Ting-Lu, L50|\n|poke|p1|Corviknight, L50, M|\n|poke|p1|Iron Bundle, L50|\n|poke|p1|Arcanine, L50, F|\n|poke|p1|Great Tusk, L50|\n|poke|p2|Glimmora, L50, M|\n|poke|p2|Dragonite, L50, M|\n|poke|p2|Dondozo, L50, M|\n|poke|p2|Tatsugiri, L50, F|\n|poke|p2|Chi-Yu, L50|\n|poke|p2|Iron Bundle, L50|\n|teampreview|4\n|inactive|Battle timer is ON: inactive players will automatically lose when time's up. (requested by raysayer)\nMisterDudeBroGuy has agreed to open team sheets.\n|inactive|MisterDudeBroGuy has 60 seconds left.\n|inactive|MisterDudeBroGuy has 30 seconds left.\n|inactive|MisterDudeBroGuy has 20 seconds left.\n|\n|t:|1682692083\n|start\n|switch|p1a: Corviknight|Corviknight, L50, M, shiny|100\/100\n|switch|p1b: Great Tusk|Great Tusk, L50|100\/100\n|switch|p2a: Iron Bundle|Iron Bundle, L50, shiny|100\/100\n|switch|p2b: Dondozo|Dondozo, L50, M|100\/100\n|-enditem|p2a: Iron Bundle|Booster Energy\n|-activate|p2a: Iron Bundle|ability: Quark Drive|[fromitem]\n|-start|p2a: Iron Bundle|quarkdrivespe\n|turn|1\n|inactive|raysayer has 30 seconds left.\n|inactive|MisterDudeBroGuy has 30 seconds left.\n|\n|t:|1682692112\n|move|p2a: Iron Bundle|Protect|p2a: Iron Bundle\n|-singleturn|p2a: Iron Bundle|Protect\n|move|p1b: Great Tusk|Protect|p1b: Great Tusk\n|-singleturn|p1b: Great Tusk|Protect\n|move|p1a: Corviknight|Tailwind|p1a: Corviknight\n|-sidestart|p1: raysayer|move: Tailwind\n|move|p2b: Dondozo|Wave Crash|p1b: Great Tusk\n|-activate|p1b: Great Tusk|move: Protect\n|\n|upkeep\n|turn|2\n|\n|t:|1682692130\n|-end|p2a: Iron Bundle|Quark Drive|[silent]\n|switch|p2a: Tatsugiri|Tatsugiri, L50, F|100\/100\n|-activate|p2a: Tatsugiri|ability: Commander|[of] p2b: Dondozo\n|-boost|p2b: Dondozo|atk|2\n|-boost|p2b: Dondozo|spa|2\n|-boost|p2b: Dondozo|spe|2\n|-boost|p2b: Dondozo|def|2\n|-boost|p2b: Dondozo|spd|2\n|move|p1b: Great Tusk|Close Combat|p2a: Tatsugiri|[miss]\n|-miss|p1b: Great Tusk|p2a: Tatsugiri\n|move|p1a: Corviknight|Taunt|p2b: Dondozo\n|-immune|p2b: Dondozo|[from] ability: Oblivious\n|move|p2b: Dondozo|Wave Crash|p1b: Great Tusk\n|-supereffective|p1b: Great Tusk\n|-enditem|p1b: Great Tusk|Focus Sash\n|-damage|p1b: Great Tusk|1\/100\n|-damage|p2b: Dondozo|73\/100|[from] Recoil\n|\n|-heal|p2b: Dondozo|79\/100|[from] item: Leftovers\n|upkeep\n|turn|3\n|inactive|MisterDudeBroGuy has 30 seconds left.\n|\n|t:|1682692165\n|-end|p1b: Great Tusk|Protosynthesis|[silent]\n|switch|p1b: Arcanine|Arcanine, L50, F|100\/100\n|-ability|p1b: Arcanine|Intimidate|boost\n|-unboost|p2a: Tatsugiri|atk|1\n|-fail|p2b: Dondozo|unboost|Attack|[from] ability: Oblivious|[of] p2b: Dondozo\n|move|p1a: Corviknight|Brave Bird|p2b: Dondozo\n|-damage|p2b: Dondozo|64\/100\n|-damage|p1a: Corviknight|95\/100|[from] Recoil\n|move|p2b: Dondozo|Earthquake|p1a: Corviknight|[spread] p1b\n|-miss|p2b: Dondozo|p2a: Tatsugiri\n|-immune|p1a: Corviknight\n|-supereffective|p1b: Arcanine\n|-damage|p1b: Arcanine|19\/100\n|-enditem|p1b: Arcanine|Aguav Berry|[eat]\n|-heal|p1b: Arcanine|53\/100|[from] item: Aguav Berry\n|\n|-heal|p1a: Corviknight|100\/100|[from] item: Leftovers\n|-heal|p2b: Dondozo|70\/100|[from] item: Leftovers\n|upkeep\n|turn|4\n|\n|t:|1682692184\n|-terastallize|p1b: Arcanine|Grass\n|move|p1b: Arcanine|Will-O-Wisp|p2b: Dondozo\n|-status|p2b: Dondozo|brn\n|move|p1a: Corviknight|Brave Bird|p2b: Dondozo\n|-damage|p2b: Dondozo|54\/100 brn\n|-damage|p1a: Corviknight|95\/100|[from] Recoil\n|move|p2b: Dondozo|Wave Crash|p1b: Arcanine\n|-resisted|p1b: Arcanine\n|-damage|p1b: Arcanine|26\/100\n|-damage|p2b: Dondozo|47\/100 brn|[from] Recoil\n|\n|-heal|p1a: Corviknight|100\/100|[from] item: Leftovers\n|-heal|p2b: Dondozo|53\/100 brn|[from] item: Leftovers\n|-damage|p2b: Dondozo|47\/100 brn|[from] brn\n|-sideend|p1: raysayer|move: Tailwind\n|upkeep\n|turn|5\n|\n|t:|1682692201\n|move|p1b: Arcanine|Extreme Speed|p2b: Dondozo\n|-damage|p2b: Dondozo|37\/100 brn\n|move|p2b: Dondozo|Wave Crash|p1b: Arcanine\n|-resisted|p1b: Arcanine\n|-damage|p1b: Arcanine|2\/100\n|-damage|p2b: Dondozo|30\/100 brn|[from] Recoil\n|move|p1a: Corviknight|Tailwind|p1a: Corviknight\n|-sidestart|p1: raysayer|move: Tailwind\n|\n|-heal|p2b: Dondozo|36\/100 brn|[from] item: Leftovers\n|-damage|p2b: Dondozo|30\/100 brn|[from] brn\n|upkeep\n|turn|6\n|\n|t:|1682692222\n|move|p1b: Arcanine|Extreme Speed|p2b: Dondozo\n|-damage|p2b: Dondozo|21\/100 brn\n|move|p1a: Corviknight|Brave Bird|p2b: Dondozo\n|-damage|p2b: Dondozo|5\/100 brn\n|-damage|p1a: Corviknight|95\/100|[from] Recoil\n|move|p2b: Dondozo|Wave Crash|p1b: Arcanine\n|-resisted|p1b: Arcanine\n|-damage|p1b: Arcanine|0 fnt\n|faint|p1b: Arcanine\n|-damage|p2b: Dondozo|4\/100 brn|[from] Recoil\n|\n|-heal|p1a: Corviknight|100\/100|[from] item: Leftovers\n|-heal|p2b: Dondozo|11\/100 brn|[from] item: Leftovers\n|-damage|p2b: Dondozo|4\/100 brn|[from] brn\n|upkeep\n|\n|t:|1682692231\n|switch|p1b: Iron Bundle|Iron Bundle, L50|100\/100\n|-enditem|p1b: Iron Bundle|Booster Energy\n|-activate|p1b: Iron Bundle|ability: Quark Drive|[fromitem]\n|-start|p1b: Iron Bundle|quarkdrivespe\n|turn|7\n|\n|t:|1682692246\n|move|p2b: Dondozo|Protect|p2b: Dondozo\n|-singleturn|p2b: Dondozo|Protect\n|move|p1b: Iron Bundle|Freeze-Dry|p2b: Dondozo\n|-activate|p2b: Dondozo|move: Protect\n|move|p1a: Corviknight|Brave Bird|p2b: Dondozo\n|-activate|p2b: Dondozo|move: Protect\n|\n|-heal|p2b: Dondozo|11\/100 brn|[from] item: Leftovers\n|-damage|p2b: Dondozo|4\/100 brn|[from] brn\n|upkeep\n|turn|8\n|\n|t:|1682692259\n|move|p1b: Iron Bundle|Protect|p1b: Iron Bundle\n|-singleturn|p1b: Iron Bundle|Protect\n|move|p1a: Corviknight|Roost||[still]\n|-fail|p1a: Corviknight|heal\n|move|p2b: Dondozo|Earthquake|p1a: Corviknight|[spread] \n|-miss|p2b: Dondozo|p2a: Tatsugiri\n|-activate|p1b: Iron Bundle|move: Protect\n|-immune|p1a: Corviknight\n|\n|-heal|p2b: Dondozo|11\/100 brn|[from] item: Leftovers\n|-damage|p2b: Dondozo|4\/100 brn|[from] brn\n|-sideend|p1: raysayer|move: Tailwind\n|upkeep\n|turn|9\n|\n|t:|1682692275\n|move|p1b: Iron Bundle|Freeze-Dry|p2b: Dondozo\n|-supereffective|p2b: Dondozo\n|-damage|p2b: Dondozo|0 fnt\n|faint|p2b: Dondozo\n|move|p1a: Corviknight|Tailwind|p1a: Corviknight\n|-sidestart|p1: raysayer|move: Tailwind\n|\n|upkeep\n|\n|t:|1682692290\n|switch|p2b: Chi-Yu|Chi-Yu, L50|100\/100\n|-ability|p2b: Chi-Yu|Beads of Ruin\n|turn|10\n|\n|t:|1682692307\n|-terastallize|p2a: Tatsugiri|Steel\n|move|p1b: Iron Bundle|Freeze-Dry|p2a: Tatsugiri\n|-resisted|p2a: Tatsugiri\n|-damage|p2a: Tatsugiri|69\/100\n|move|p2a: Tatsugiri|Muddy Water|p1a: Corviknight|[spread] p1a,p1b\n|-resisted|p1b: Iron Bundle\n|-damage|p1a: Corviknight|59\/100\n|-damage|p1b: Iron Bundle|56\/100\n|move|p1a: Corviknight|Taunt|p2b: Chi-Yu\n|-start|p2b: Chi-Yu|move: Taunt\n|move|p2b: Chi-Yu|Heat Wave|p1a: Corviknight|[spread] p1a,p1b\n|-supereffective|p1a: Corviknight\n|-damage|p1a: Corviknight|0 fnt\n|-damage|p1b: Iron Bundle|0 fnt\n|faint|p1a: Corviknight\n|faint|p1b: Iron Bundle\n|-end|p1b: Iron Bundle|Quark Drive|[silent]\n|\n|upkeep\n|\n|t:|1682692310\n|switch|p1b: Great Tusk|Great Tusk, L50|1\/100\n|turn|11\n|\n|t:|1682692326\n|move|p1b: Great Tusk|Earthquake|p2b: Chi-Yu|[spread] p2a,p2b\n|-supereffective|p2a: Tatsugiri\n|-crit|p2a: Tatsugiri\n|-supereffective|p2b: Chi-Yu\n|-damage|p2a: Tatsugiri|0 fnt\n|-enditem|p2b: Chi-Yu|Focus Sash\n|-damage|p2b: Chi-Yu|1\/100\n|faint|p2a: Tatsugiri\n|move|p2b: Chi-Yu|Dark Pulse|p1b: Great Tusk\n|-resisted|p1b: Great Tusk\n|-damage|p1b: Great Tusk|0 fnt\n|faint|p1b: Great Tusk\n|-end|p1b: Great Tusk|Protosynthesis|[silent]\n|\n|win|MisterDudeBroGuy\n|raw|raysayer's rating: 1259 → 1227<\/strong> (-32 for losing)\n|raw|MisterDudeBroGuy's rating: 1164 → 1196<\/strong> (+32 for winning)\n|l|\u2606raysayer\n","uploadtime":1682693777,"views":10,"p1id":"raysayer","p2id":"misterdudebroguy","formatid":"gen9vgc2023regulationc","rating":1196,"private":0,"password":""}