{"id":"gen9vgc2023regulationc-1856710222","p1":"marioman6444","p2":"Paccyd33","format":"[Gen 9] VGC 2023 Regulation C","log":"|j|\u2606marioman6444\n|j|\u2606Paccyd33\n|t:|1683098661\n|gametype|doubles\n|player|p1|marioman6444|hoopster|1048\n|player|p2|Paccyd33|169|1000\n|teamsize|p1|6\n|teamsize|p2|6\n|gen|9\n|tier|[Gen 9] VGC 2023 Regulation C\n|rated|\n|rule|Species Clause: Limit one of each Pok\u00e9mon\n|rule|Item Clause: Limit one of each item\n|clearpoke\n|poke|p1|Chi-Yu, L50|\n|poke|p1|Flutter Mane, L50|\n|poke|p1|Iron Bundle, L50|\n|poke|p1|Great Tusk, L50|\n|poke|p1|Murkrow, L50, M|\n|poke|p1|Gyarados, L50, M|\n|poke|p2|Indeedee-F, L50, F|\n|poke|p2|Ditto, L50|\n|poke|p2|Forretress, L50, M|\n|poke|p2|Palafin, L50, F|\n|poke|p2|Iron Hands, L50|\n|poke|p2|Meowscarada, L50, M|\n|teampreview|4\n|inactive|Battle timer is ON: inactive players will automatically lose when time's up. (requested by marioman6444)\nPaccyd33 has agreed to open team sheets.\n|inactive|marioman6444 has 60 seconds left.\n|c|\u2606Paccyd33|Not a murkrow \ud83d\ude2d\n|inactive|marioman6444 has 30 seconds left.\n|inactive|marioman6444 has 20 seconds left.\n|inactive|marioman6444 has 15 seconds left.\n|c|\u2606Paccyd33|?\n|inactive|marioman6444 has 10 seconds left.\n|inactive|marioman6444 has 5 seconds left.\n|c|\u2606Paccyd33|What\n|\n|t:|1683098752\n|start\n|switch|p1a: Pawn|Murkrow, L50, M, shiny|100\/100\n|switch|p1b: Iron Bundle|Iron Bundle, L50|100\/100\n|switch|p2a: FletcherDestroyer2|Ditto, L50|100\/100\n|switch|p2b: FletcherDestroy6|Meowscarada, L50, M, shiny|100\/100\n|-enditem|p1b: Iron Bundle|Booster Energy\n|-activate|p1b: Iron Bundle|ability: Quark Drive|[fromitem]\n|-start|p1b: Iron Bundle|quarkdrivespe\n|turn|1\n|c|\u2606Paccyd33|Prick\n|inactive|marioman6444 has 30 seconds left.\n|\n|t:|1683098778\n|move|p2b: FletcherDestroy6|Protect|p2b: FletcherDestroy6\n|-singleturn|p2b: FletcherDestroy6|Protect\n|move|p1a: Pawn|Tailwind|p1a: Pawn\n|-sidestart|p1: marioman6444|move: Tailwind\n|move|p1b: Iron Bundle|Icy Wind|p2a: FletcherDestroyer2|[spread] p2a\n|-activate|p2b: FletcherDestroy6|move: Protect\n|-damage|p2a: FletcherDestroyer2|58\/100\n|-unboost|p2a: FletcherDestroyer2|spe|1\n|move|p2a: FletcherDestroyer2|Transform|p1b: Iron Bundle\n|-transform|p2a: FletcherDestroyer2|p1b: Iron Bundle\n|\n|-heal|p2a: FletcherDestroyer2|64\/100|[from] item: Leftovers\n|upkeep\n|turn|2\n|inactive|marioman6444 has 30 seconds left.\n|inactive|Paccyd33 has 30 seconds left.\n|\n|t:|1683098809\n|move|p1a: Pawn|Sunny Day|p1a: Pawn\n|-weather|SunnyDay\n|move|p1b: Iron Bundle|Icy Wind|p2b: FletcherDestroy6|[spread] p2a,p2b\n|-resisted|p2a: FletcherDestroyer2\n|-supereffective|p2b: FletcherDestroy6\n|-damage|p2a: FletcherDestroyer2|55\/100\n|-damage|p2b: FletcherDestroy6|51\/100\n|-unboost|p2a: FletcherDestroyer2|spe|1\n|-unboost|p2b: FletcherDestroy6|spe|1\n|move|p2b: FletcherDestroy6|Giga Drain|p1b: Iron Bundle\n|-supereffective|p1b: Iron Bundle\n|-damage|p1b: Iron Bundle|9\/100\n|-heal|p2b: FletcherDestroy6|84\/100|[from] drain|[of] p1b: Iron Bundle\n|move|p2a: FletcherDestroyer2|Freeze-Dry|p1a: Pawn\n|-supereffective|p1a: Pawn\n|-damage|p1a: Pawn|32\/100\n|\n|-weather|SunnyDay|[upkeep]\n|-heal|p2a: FletcherDestroyer2|60\/100|[from] item: Leftovers\n|upkeep\n|turn|3\n|inactive|marioman6444 has 30 seconds left.\n|\n|t:|1683098837\n|move|p1b: Iron Bundle|Freeze-Dry|p2a: FletcherDestroyer2\n|-damage|p2a: FletcherDestroyer2|0 fnt\n|faint|p2a: FletcherDestroyer2\n|-end|p2a: FletcherDestroyer2|Quark Drive|[silent]\n|move|p1a: Pawn|Foul Play|p2b: FletcherDestroy6\n|-resisted|p2b: FletcherDestroy6\n|-damage|p2b: FletcherDestroy6|56\/100\n|move|p2b: FletcherDestroy6|Giga Drain|p1b: Iron Bundle\n|-supereffective|p1b: Iron Bundle\n|-damage|p1b: Iron Bundle|0 fnt\n|-heal|p2b: FletcherDestroy6|60\/100|[from] drain|[of] p1b: Iron Bundle\n|faint|p1b: Iron Bundle\n|-end|p1b: Iron Bundle|Quark Drive|[silent]\n|\n|-weather|SunnyDay|[upkeep]\n|upkeep\n|\n|t:|1683098851\n|switch|p1b: Chi-Yu|Chi-Yu, L50|100\/100\n|switch|p2a: FletcherDestroyer5|Iron Hands, L50|100\/100\n|-ability|p1b: Chi-Yu|Beads of Ruin\n|turn|4\n|\n|t:|1683098867\n|-terastallize|p1b: Chi-Yu|Ghost\n|move|p2b: FletcherDestroy6|Protect|p2b: FletcherDestroy6\n|-singleturn|p2b: FletcherDestroy6|Protect\n|move|p2a: FletcherDestroyer5|Fake Out|p1a: Pawn\n|-damage|p1a: Pawn|12\/100\n|move|p1b: Chi-Yu|Heat Wave|p2b: FletcherDestroy6|[spread] p2a\n|-activate|p2b: FletcherDestroy6|move: Protect\n|-damage|p2a: FletcherDestroyer5|0 fnt\n|faint|p2a: FletcherDestroyer5\n|-end|p2a: FletcherDestroyer5|Quark Drive|[silent]\n|cant|p1a: Pawn|flinch\n|\n|-weather|SunnyDay|[upkeep]\n|-sideend|p1: marioman6444|move: Tailwind\n|upkeep\n|\n|t:|1683098879\n|switch|p2a: FletcherDestroyer1|Indeedee-F, L50, F|100\/100\n|turn|5\n|c|\u2606marioman6444|Gg\n|\n|t:|1683098892\n|move|p1a: Pawn|Tailwind|p1a: Pawn\n|-sidestart|p1: marioman6444|move: Tailwind\n|move|p1b: Chi-Yu|Heat Wave|p2a: FletcherDestroyer1|[spread] p2a,p2b\n|-supereffective|p2b: FletcherDestroy6\n|-damage|p2a: FletcherDestroyer1|0 fnt\n|-damage|p2b: FletcherDestroy6|0 fnt\n|faint|p2a: FletcherDestroyer1\n|faint|p2b: FletcherDestroy6\n|\n|win|marioman6444\n|raw|marioman6444's rating: 1048 → 1076<\/strong> (+28 for winning)\n|raw|Paccyd33's rating: 1000 → 1000<\/strong> (+0 for losing)\n|c|\u2606Paccyd33|Gg\n|c|\u2606Paccyd33|Rematch?\n|c|\u2606marioman6444|You new?\n|c|\u2606Paccyd33|Yep\n|c|\u2606marioman6444|Ye\n","uploadtime":1683098909,"views":12,"p1id":"marioman6444","p2id":"paccyd33","formatid":"gen9vgc2023regulationc","rating":1000,"private":0,"password":""}