{"id":"gen9vgc2023regulationc-1845885517","p1":"Ricardo Randorez","p2":"PNeals","format":"[Gen 9] VGC 2023 Regulation C","log":"|j|\u2606Ricardo Randorez\n|j|\u2606PNeals\n|t:|1681775314\n|gametype|doubles\n|player|p1|Ricardo Randorez|169|1074\n|player|p2|PNeals|red|1007\n|teamsize|p1|6\n|teamsize|p2|6\n|gen|9\n|tier|[Gen 9] VGC 2023 Regulation C\n|rated|\n|rule|Species Clause: Limit one of each Pok\u00e9mon\n|rule|Item Clause: Limit one of each item\n|clearpoke\n|poke|p1|Arcanine, L50, F|\n|poke|p1|Gyarados, L50, F|\n|poke|p1|Flutter Mane, L50|\n|poke|p1|Volcarona, L50, F|\n|poke|p1|Dragonite, L50, F|\n|poke|p1|Ting-Lu, L50|\n|poke|p2|Altaria, L50, F|\n|poke|p2|Flutter Mane, L50|\n|poke|p2|Gothitelle, L50, F|\n|poke|p2|Gholdengo, L50|\n|poke|p2|Ting-Lu, L50|\n|poke|p2|Tauros-Paldea-Blaze, L50, M|\n|teampreview|4\n|inactive|Battle timer is ON: inactive players will automatically lose when time's up. (requested by Ricardo Randorez)\n|\n|t:|1681775338\n|start\n|switch|p1a: Arcanine|Arcanine, L50, F|100\/100\n|switch|p1b: Volcarona|Volcarona, L50, F|100\/100\n|switch|p2a: Altaria|Altaria, L50, F, shiny|100\/100\n|switch|p2b: Gothitelle|Gothitelle, L50, F|100\/100\n|-ability|p1a: Arcanine|Intimidate|boost\n|-unboost|p2a: Altaria|atk|1\n|-unboost|p2b: Gothitelle|atk|1\n|-ability|p2a: Altaria|Cloud Nine\n|turn|1\n|\n|t:|1681775353\n|move|p2b: Gothitelle|Fake Out|p1a: Arcanine\n|-damage|p1a: Arcanine|96\/100\n|move|p1b: Volcarona|Struggle Bug|p2a: Altaria|[spread] p2a,p2b\n|-resisted|p2a: Altaria\n|-supereffective|p2b: Gothitelle\n|-damage|p2a: Altaria|93\/100\n|-damage|p2b: Gothitelle|72\/100\n|-unboost|p2a: Altaria|spa|1\n|-unboost|p2b: Gothitelle|spa|1\n|cant|p1a: Arcanine|flinch\n|move|p2a: Altaria|Perish Song|p2a: Altaria\n|-start|p1a: Arcanine|perish3|[silent]\n|-start|p1b: Volcarona|perish3|[silent]\n|-start|p2a: Altaria|perish3|[silent]\n|-start|p2b: Gothitelle|perish3|[silent]\n|-fieldactivate|move: Perish Song\n|\n|-start|p1b: Volcarona|perish3\n|-start|p1a: Arcanine|perish3\n|-start|p2a: Altaria|perish3\n|-start|p2b: Gothitelle|perish3\n|upkeep\n|turn|2\n|\n|t:|1681775368\n|move|p2a: Altaria|Protect|p2a: Altaria\n|-singleturn|p2a: Altaria|Protect\n|move|p2b: Gothitelle|Protect|p2b: Gothitelle\n|-singleturn|p2b: Gothitelle|Protect\n|move|p1b: Volcarona|Struggle Bug|p2a: Altaria|[spread] \n|-activate|p2a: Altaria|move: Protect\n|-activate|p2b: Gothitelle|move: Protect\n|move|p1a: Arcanine|Snarl|p2a: Altaria|[spread] \n|-activate|p2a: Altaria|move: Protect\n|-activate|p2b: Gothitelle|move: Protect\n|\n|-start|p1b: Volcarona|perish2\n|-start|p1a: Arcanine|perish2\n|-start|p2a: Altaria|perish2\n|-start|p2b: Gothitelle|perish2\n|upkeep\n|turn|3\n|\n|t:|1681775389\n|-terastallize|p2b: Gothitelle|Dark\n|move|p1b: Volcarona|Overheat|p2b: Gothitelle\n|-damage|p2b: Gothitelle|26\/100\n|-unboost|p1b: Volcarona|spa|2\n|move|p1a: Arcanine|Flare Blitz|p2b: Gothitelle\n|-damage|p2b: Gothitelle|0 fnt\n|faint|p2b: Gothitelle\n|-damage|p1a: Arcanine|89\/100|[from] Recoil\n|move|p2a: Altaria|Haze|p2a: Altaria\n|-clearallboost\n|\n|-start|p1b: Volcarona|perish1\n|-start|p1a: Arcanine|perish1\n|-start|p2a: Altaria|perish1\n|upkeep\n|\n|t:|1681775399\n|switch|p2b: Ting-Lu|Ting-Lu, L50|100\/100\n|-ability|p2b: Ting-Lu|Vessel of Ruin\n|turn|4\n|\n|t:|1681775413\n|switch|p1b: Flutter Mane|Flutter Mane, L50|100\/100\n|-enditem|p1b: Flutter Mane|Booster Energy\n|-activate|p1b: Flutter Mane|ability: Protosynthesis|[fromitem]\n|-start|p1b: Flutter Mane|protosynthesisspe\n|switch|p1a: Ting-Lu|Ting-Lu, L50|100\/100\n|-ability|p1a: Ting-Lu|Vessel of Ruin\n|switch|p2a: Flutter Mane|Flutter Mane, L50|100\/100\n|move|p2b: Ting-Lu|Heavy Slam|p1a: Ting-Lu\n|-damage|p1a: Ting-Lu|95\/100\n|\n|upkeep\n|turn|5\n|inactive|Ricardo Randorez has 30 seconds left.\n|\n|t:|1681775439\n|-terastallize|p1b: Flutter Mane|Fairy\n|move|p2a: Flutter Mane|Protect|p2a: Flutter Mane\n|-singleturn|p2a: Flutter Mane|Protect\n|move|p1b: Flutter Mane|Moonblast|p2b: Ting-Lu\n|-supereffective|p2b: Ting-Lu\n|-damage|p2b: Ting-Lu|38\/100\n|move|p2b: Ting-Lu|Heavy Slam|p1b: Flutter Mane\n|-supereffective|p1b: Flutter Mane\n|-damage|p1b: Flutter Mane|0 fnt\n|faint|p1b: Flutter Mane\n|-end|p1b: Flutter Mane|Protosynthesis|[silent]\n|move|p1a: Ting-Lu|Heavy Slam|p2a: Flutter Mane\n|-activate|p2a: Flutter Mane|move: Protect\n|\n|upkeep\n|\n|t:|1681775447\n|switch|p1b: Volcarona|Volcarona, L50, F|100\/100\n|turn|6\n|\n|t:|1681775459\n|move|p2a: Flutter Mane|Substitute|p2a: Flutter Mane\n|-start|p2a: Flutter Mane|Substitute\n|-damage|p2a: Flutter Mane|75\/100\n|move|p1b: Volcarona|Struggle Bug|p2a: Flutter Mane|[spread] p2a,p2b\n|-resisted|p2a: Flutter Mane\n|-activate|p2a: Flutter Mane|move: Substitute|[damage]\n|-supereffective|p2b: Ting-Lu\n|-damage|p2b: Ting-Lu|23\/100\n|-unboost|p2b: Ting-Lu|spa|1\n|move|p2b: Ting-Lu|Ruination|p1a: Ting-Lu\n|-damage|p1a: Ting-Lu|48\/100\n|move|p1a: Ting-Lu|Snarl|p2b: Ting-Lu|[spread] p2a,p2b\n|-resisted|p2b: Ting-Lu\n|-damage|p2a: Flutter Mane|67\/100\n|-damage|p2b: Ting-Lu|21\/100\n|-unboost|p2a: Flutter Mane|spa|1\n|-unboost|p2b: Ting-Lu|spa|1\n|\n|-heal|p2a: Flutter Mane|73\/100|[from] item: Leftovers\n|upkeep\n|turn|7\n|inactive|Ricardo Randorez has 30 seconds left.\n|\n|t:|1681775491\n|move|p2a: Flutter Mane|Moonblast|p1a: Ting-Lu\n|-supereffective|p1a: Ting-Lu\n|-damage|p1a: Ting-Lu|24\/100\n|move|p1b: Volcarona|Overheat|p2b: Ting-Lu\n|-damage|p2b: Ting-Lu|0 fnt\n|-unboost|p1b: Volcarona|spa|2\n|faint|p2b: Ting-Lu\n|move|p1a: Ting-Lu|Heavy Slam|p2a: Flutter Mane\n|-supereffective|p2a: Flutter Mane\n|-end|p2a: Flutter Mane|Substitute\n|\n|-heal|p2a: Flutter Mane|80\/100|[from] item: Leftovers\n|upkeep\n|\n|t:|1681775498\n|switch|p2b: Altaria|Altaria, L50, F, shiny|93\/100\n|-ability|p2b: Altaria|Cloud Nine\n|turn|8\n|\n|t:|1681775511\n|move|p2a: Flutter Mane|Moonblast|p1a: Ting-Lu\n|-supereffective|p1a: Ting-Lu\n|-damage|p1a: Ting-Lu|4\/100\n|-unboost|p1a: Ting-Lu|spa|1\n|move|p1b: Volcarona|Struggle Bug|p2a: Flutter Mane|[spread] p2a,p2b\n|-resisted|p2a: Flutter Mane\n|-resisted|p2b: Altaria\n|-crit|p2b: Altaria\n|-damage|p2a: Flutter Mane|78\/100\n|-damage|p2b: Altaria|85\/100\n|-unboost|p2a: Flutter Mane|spa|1\n|-unboost|p2b: Altaria|spa|1\n|move|p2b: Altaria|Draco Meteor|p1b: Volcarona\n|-damage|p1b: Volcarona|87\/100\n|-unboost|p2b: Altaria|spa|2\n|move|p1a: Ting-Lu|Heavy Slam|p2a: Flutter Mane\n|-supereffective|p2a: Flutter Mane\n|-damage|p2a: Flutter Mane|0 fnt\n|faint|p2a: Flutter Mane\n|-end|p2a: Flutter Mane|Protosynthesis|[silent]\n|\n|upkeep\n|turn|9\n|-message|PNeals forfeited.\n|\n|win|Ricardo Randorez\n|raw|Ricardo Randorez's rating: 1074 → 1097<\/strong> (+23 for winning)\n|raw|PNeals's rating: 1007 → 1000<\/strong> (-7 for losing)\n|l|\u2606PNeals\n","uploadtime":1681775532,"views":14,"p1id":"ricardorandorez","p2id":"pneals","formatid":"gen9vgc2023regulationc","rating":1000,"private":0,"password":""}