{"id":"gen9vgc2023regulationc-1847813171","p1":"Undentable","p2":"PenguinJ44","format":"[Gen 9] VGC 2023 Regulation C","log":"|j|\u2606Undentable\n|j|\u2606PenguinJ44\n|t:|1682004089\n|gametype|doubles\n|player|p1|Undentable|lance|1205\n|player|p2|PenguinJ44|lyra|1173\n|teamsize|p1|6\n|teamsize|p2|6\n|gen|9\n|tier|[Gen 9] VGC 2023 Regulation C\n|rated|\n|rule|Species Clause: Limit one of each Pok\u00e9mon\n|rule|Item Clause: Limit one of each item\n|clearpoke\n|poke|p1|Arcanine, L50, M|\n|poke|p1|Palafin, L50, F|\n|poke|p1|Amoonguss, L50, F|\n|poke|p1|Ting-Lu, L50|\n|poke|p1|Corviknight, L50, M|\n|poke|p1|Iron Hands, L50|\n|poke|p2|Amoonguss, L50, F|\n|poke|p2|Roaring Moon, L50|\n|poke|p2|Arcanine, L50, M|\n|poke|p2|Flutter Mane, L50|\n|poke|p2|Palafin, L50, M|\n|poke|p2|Ting-Lu, L50|\n|teampreview|4\n|inactive|Battle timer is ON: inactive players will automatically lose when time's up. (requested by Undentable)\n|\n|t:|1682004127\n|start\n|switch|p1a: Ting-Lu|Ting-Lu, L50|100\/100\n|switch|p1b: Palafin|Palafin, L50, F|100\/100\n|switch|p2a: Flutter Mane|Flutter Mane, L50|100\/100\n|switch|p2b: Palafin|Palafin, L50, M|100\/100\n|-ability|p1a: Ting-Lu|Vessel of Ruin\n|turn|1\n|\n|t:|1682004144\n|detailschange|p2b: Palafin|Palafin-Hero, L50, M\n|switch|p2b: Amoonguss|Amoonguss, L50, F|100\/100\n|move|p1b: Palafin|Protect|p1b: Palafin\n|-singleturn|p1b: Palafin|Protect\n|move|p2a: Flutter Mane|Moonblast|p1a: Ting-Lu\n|-supereffective|p1a: Ting-Lu\n|-crit|p1a: Ting-Lu\n|-damage|p1a: Ting-Lu|7\/100\n|-enditem|p1a: Ting-Lu|Weakness Policy\n|-boost|p1a: Ting-Lu|atk|2|[from] item: Weakness Policy\n|-boost|p1a: Ting-Lu|spa|2|[from] item: Weakness Policy\n|move|p1a: Ting-Lu|Earthquake|p2b: Amoonguss|[spread] p2a,p2b\n|-activate|p1b: Palafin|move: Protect\n|-enditem|p2a: Flutter Mane|Focus Sash\n|-damage|p2a: Flutter Mane|1\/100\n|-damage|p2b: Amoonguss|37\/100\n|\n|upkeep\n|turn|2\n|inactive|Undentable has 30 seconds left.\n|inactive|PenguinJ44 has 30 seconds left.\n|inactive|Undentable has 20 seconds left.\n|inactive|PenguinJ44 has 20 seconds left.\n|\n|t:|1682004182\n|move|p2b: Amoonguss|Rage Powder|p2b: Amoonguss\n|-singleturn|p2b: Amoonguss|move: Rage Powder\n|move|p1b: Palafin|Jet Punch|p2b: Amoonguss\n|-resisted|p2b: Amoonguss\n|-damage|p2b: Amoonguss|26\/100\n|-damage|p1b: Palafin|84\/100|[from] item: Rocky Helmet|[of] p2b: Amoonguss\n|move|p2a: Flutter Mane|Moonblast|p1a: Ting-Lu\n|-supereffective|p1a: Ting-Lu\n|-damage|p1a: Ting-Lu|0 fnt\n|faint|p1a: Ting-Lu\n|\n|upkeep\n|\n|t:|1682004194\n|switch|p1a: Amoonguss|Amoonguss, L50, F|100\/100\n|turn|3\n|\n|t:|1682004206\n|detailschange|p1b: Palafin|Palafin-Hero, L50, F\n|switch|p1b: Arcanine|Arcanine, L50, M|100\/100\n|-ability|p1b: Arcanine|Intimidate|boost\n|-unboost|p2a: Flutter Mane|atk|1\n|-unboost|p2b: Amoonguss|atk|1\n|move|p2a: Flutter Mane|Protect|p2a: Flutter Mane\n|-singleturn|p2a: Flutter Mane|Protect\n|move|p2b: Amoonguss|Spore|p1b: Arcanine\n|-activate|p1b: Arcanine|item: Safety Goggles|Spore\n|move|p1a: Amoonguss|Pollen Puff|p1b: Arcanine\n|-immune|p1b: Arcanine\n|\n|upkeep\n|turn|4\n|inactive|Undentable has 30 seconds left.\n|inactive|PenguinJ44 has 30 seconds left.\n|\n|t:|1682004235\n|-end|p2a: Flutter Mane|Protosynthesis|[silent]\n|switch|p2a: SumTingWong|Ting-Lu, L50|100\/100\n|-ability|p2a: SumTingWong|Vessel of Ruin\n|switch|p2b: Palafin|Palafin-Hero, L50, M|100\/100\n|-activate|p2b: Palafin|ability: Zero to Hero\n|switch|p1a: Palafin|Palafin-Hero, L50, F|84\/100\n|-activate|p1a: Palafin|ability: Zero to Hero\n|move|p1b: Arcanine|Flare Blitz|p2b: Palafin\n|-resisted|p2b: Palafin\n|-damage|p2b: Palafin|75\/100\n|-damage|p1b: Arcanine|93\/100|[from] Recoil\n|\n|upkeep\n|turn|5\n|\n|t:|1682004259\n|-terastallize|p1a: Palafin|Water\n|-terastallize|p2a: SumTingWong|Grass\n|move|p1b: Arcanine|Protect|p1b: Arcanine\n|-singleturn|p1b: Arcanine|Protect\n|move|p2b: Palafin|Jet Punch|p1b: Arcanine\n|-activate|p1b: Arcanine|move: Protect\n|move|p1a: Palafin|Wave Crash|p2a: SumTingWong\n|-resisted|p2a: SumTingWong\n|-damage|p2a: SumTingWong|70\/100\n|-damage|p1a: Palafin|73\/100|[from] Recoil\n|move|p2a: SumTingWong|Fissure|p1b: Arcanine\n|-activate|p1b: Arcanine|move: Protect\n|\n|upkeep\n|turn|6\n|inactive|Undentable has 30 seconds left.\n|inactive|PenguinJ44 has 30 seconds left.\n|\n|t:|1682004292\n|move|p2b: Palafin|Jet Punch|p1b: Arcanine\n|-supereffective|p1b: Arcanine\n|-damage|p1b: Arcanine|0 fnt\n|faint|p1b: Arcanine\n|move|p1a: Palafin|Wave Crash|p2b: Palafin\n|-resisted|p2b: Palafin\n|-damage|p2b: Palafin|16\/100\n|-damage|p1a: Palafin|57\/100|[from] Recoil\n|move|p2a: SumTingWong|Fissure|p1a: Palafin|[miss]\n|-miss|p2a: SumTingWong|p1a: Palafin\n|\n|upkeep\n|\n|t:|1682004302\n|switch|p1b: Amoonguss|Amoonguss, L50, F|100\/100\n|turn|7\n|\n|t:|1682004311\n|move|p2b: Palafin|Protect|p2b: Palafin\n|-singleturn|p2b: Palafin|Protect\n|move|p1a: Palafin|Wave Crash|p2a: SumTingWong\n|-resisted|p2a: SumTingWong\n|-damage|p2a: SumTingWong|35\/100\n|-damage|p1a: Palafin|44\/100|[from] Recoil\n|move|p2a: SumTingWong|Fissure|p1b: Amoonguss|[miss]\n|-miss|p2a: SumTingWong|p1b: Amoonguss\n|move|p1b: Amoonguss|Pollen Puff|p1a: Palafin\n|-heal|p1a: Palafin|94\/100\n|\n|upkeep\n|turn|8\n|c|\u2606Undentable|cool strat haha\n|inactive|Undentable has 30 seconds left.\n|\n|t:|1682004343\n|move|p1b: Amoonguss|Rage Powder|p1b: Amoonguss\n|-singleturn|p1b: Amoonguss|move: Rage Powder\n|move|p2b: Palafin|Jet Punch|p1b: Amoonguss\n|-resisted|p1b: Amoonguss\n|-damage|p1b: Amoonguss|76\/100\n|move|p1a: Palafin|Wave Crash|p2a: SumTingWong\n|-resisted|p2a: SumTingWong\n|-damage|p2a: SumTingWong|2\/100\n|-damage|p1a: Palafin|82\/100|[from] Recoil\n|move|p2a: SumTingWong|Fissure|p1a: Palafin\n|-damage|p1a: Palafin|0 fnt\n|faint|p1a: Palafin\n|-ohko\n|\n|upkeep\n|turn|9\n|-message|Undentable forfeited.\n|\n|win|PenguinJ44\n|raw|Undentable's rating: 1205 → 1178<\/strong> (-27 for losing)\n|raw|PenguinJ44's rating: 1173 → 1200<\/strong> (+27 for winning)\n|l|\u2606Undentable\n","uploadtime":1682004362,"views":8,"p1id":"undentable","p2id":"penguinj44","formatid":"gen9vgc2023regulationc","rating":1178,"private":0,"password":""}