{"id":"gen9vgc2023regulationc-1855744465","p1":"titandoubles","p2":"dark f25","format":"[Gen 9] VGC 2023 Regulation C","log":"|j|\u2606titandoubles\n|j|\u2606dark f25\n|t:|1682979181\n|gametype|doubles\n|player|p1|titandoubles|silver|1101\n|player|p2|dark f25|ghetsis|1106\n|teamsize|p1|6\n|teamsize|p2|6\n|gen|9\n|tier|[Gen 9] VGC 2023 Regulation C\n|rated|\n|rule|Species Clause: Limit one of each Pok\u00e9mon\n|rule|Item Clause: Limit one of each item\n|clearpoke\n|poke|p1|Ting-Lu, L50|\n|poke|p1|Gyarados, L50, F|\n|poke|p1|Arcanine, L50, M|\n|poke|p1|Orthworm, L50, F|\n|poke|p1|Amoonguss, L50, F|\n|poke|p1|Scream Tail, L50|\n|poke|p2|Hatterene, L50, F|\n|poke|p2|Tyranitar, L50, F|\n|poke|p2|Flutter Mane, L50|\n|poke|p2|Sableye, L50, F|\n|poke|p2|Gastrodon, L50, M|\n|poke|p2|Wo-Chien, L50|\n|teampreview|4\n|inactive|Battle timer is ON: inactive players will automatically lose when time's up. (requested by titandoubles)\n|inactive|titandoubles has 60 seconds left.\n|inactive|titandoubles has 30 seconds left.\n|\n|t:|1682979249\n|start\n|switch|p1a: Orthworm|Orthworm, L50, F|100\/100\n|switch|p1b: Ting-Lu|Ting-Lu, L50|100\/100\n|switch|p2a: Hatterene|Hatterene, L50, F|100\/100\n|switch|p2b: Tyranitar|Tyranitar, L50, F|100\/100\n|-weather|Sandstorm|[from] ability: Sand Stream|[of] p2b: Tyranitar\n|-ability|p1b: Ting-Lu|Vessel of Ruin\n|turn|1\n|\n|t:|1682979266\n|move|p2b: Tyranitar|Protect|p2b: Tyranitar\n|-singleturn|p2b: Tyranitar|Protect\n|move|p1a: Orthworm|Heavy Slam|p2a: Hatterene\n|-supereffective|p2a: Hatterene\n|-damage|p2a: Hatterene|20\/100\n|move|p1b: Ting-Lu|Bulldoze|p2b: Tyranitar|[spread] p2a\n|-activate|p2b: Tyranitar|move: Protect\n|-immune|p1a: Orthworm|[from] ability: Earth Eater\n|-damage|p2a: Hatterene|0 fnt\n|faint|p2a: Hatterene\n|\n|-weather|Sandstorm|[upkeep]\n|upkeep\n|\n|t:|1682979278\n|switch|p2a: Sableye|Sableye, L50, F|100\/100\n|turn|2\n|\n|t:|1682979289\n|move|p2a: Sableye|Will-O-Wisp|p1a: Orthworm\n|-status|p1a: Orthworm|brn\n|move|p2b: Tyranitar|Body Press|p1b: Ting-Lu\n|-supereffective|p1b: Ting-Lu\n|-damage|p1b: Ting-Lu|69\/100\n|move|p1a: Orthworm|Iron Defense|p1a: Orthworm\n|-boost|p1a: Orthworm|def|2\n|move|p1b: Ting-Lu|Bulldoze|p2b: Tyranitar|[spread] p2a,p2b\n|-immune|p1a: Orthworm|[from] ability: Earth Eater\n|-supereffective|p2b: Tyranitar\n|-damage|p2a: Sableye|72\/100\n|-damage|p2b: Tyranitar|73\/100\n|-unboost|p2a: Sableye|spe|1\n|-unboost|p2b: Tyranitar|spe|1\n|\n|-weather|Sandstorm|[upkeep]\n|-damage|p2a: Sableye|66\/100|[from] Sandstorm\n|-heal|p2b: Tyranitar|79\/100|[from] item: Leftovers\n|-damage|p1a: Orthworm|94\/100 brn|[from] brn\n|upkeep\n|turn|3\n|inactive|titandoubles has 30 seconds left.\n|inactive|dark f25 has 30 seconds left.\n|\n|t:|1682979319\n|move|p2a: Sableye|Reflect|p2a: Sableye\n|-sidestart|p2: dark f25|Reflect\n|move|p1a: Orthworm|Body Press|p2b: Tyranitar\n|-supereffective|p2b: Tyranitar\n|-damage|p2b: Tyranitar|24\/100\n|move|p1b: Ting-Lu|Earthquake|p2b: Tyranitar|[spread] p2a,p2b\n|-heal|p1a: Orthworm|100\/100 brn|[from] ability: Earth Eater|[of] p1b: Ting-Lu\n|-supereffective|p2b: Tyranitar\n|-damage|p2a: Sableye|33\/100\n|-damage|p2b: Tyranitar|0 fnt\n|faint|p2b: Tyranitar\n|\n|-weather|Sandstorm|[upkeep]\n|-damage|p2a: Sableye|27\/100|[from] Sandstorm\n|-damage|p1a: Orthworm|94\/100 brn|[from] brn\n|upkeep\n|\n|t:|1682979329\n|switch|p2b: Wo-Chien|Wo-Chien, L50|100\/100\n|-ability|p2b: Wo-Chien|Tablets of Ruin\n|turn|4\n|inactive|dark f25 has 30 seconds left.\n|\n|t:|1682979354\n|move|p2a: Sableye|Quash|p1a: Orthworm\n|-activate|p1a: Orthworm|move: Quash\n|move|p2b: Wo-Chien|Leech Seed|p1b: Ting-Lu\n|-start|p1b: Ting-Lu|move: Leech Seed\n|move|p1b: Ting-Lu|Earthquake|p2b: Wo-Chien|[spread] p2a,p2b\n|-heal|p1a: Orthworm|100\/100 brn|[from] ability: Earth Eater|[of] p1b: Ting-Lu\n|-resisted|p2b: Wo-Chien\n|-damage|p2a: Sableye|3\/100\n|-damage|p2b: Wo-Chien|94\/100\n|move|p1a: Orthworm|Body Press|p2b: Wo-Chien\n|-supereffective|p2b: Wo-Chien\n|-damage|p2b: Wo-Chien|74\/100\n|\n|-weather|Sandstorm|[upkeep]\n|-damage|p2b: Wo-Chien|68\/100|[from] Sandstorm\n|-damage|p2a: Sableye|0 fnt|[from] Sandstorm\n|faint|p2a: Sableye\n|-damage|p1b: Ting-Lu|57\/100|[from] Leech Seed|[of] p2b: Wo-Chien\n|-heal|p2b: Wo-Chien|86\/100|[silent]\n|-damage|p1a: Orthworm|94\/100 brn|[from] brn\n|upkeep\n|turn|5\n|\n|t:|1682979370\n|switch|p1b: Scream Tail|Scream Tail, L50|100\/100\n|-enditem|p1b: Scream Tail|Booster Energy\n|-activate|p1b: Scream Tail|ability: Protosynthesis|[fromitem]\n|-start|p1b: Scream Tail|protosynthesisspe\n|move|p2b: Wo-Chien|Leech Seed|p1a: Orthworm\n|-start|p1a: Orthworm|move: Leech Seed\n|move|p1a: Orthworm|Shed Tail|p1a: Orthworm\n|-start|p1a: Orthworm|Substitute|[from] move: Shed Tail\n|-damage|p1a: Orthworm|44\/100 brn\n|\n|t:|1682979387\n|switch|p1a: Gyarados|Gyarados, L50, F|100\/100|[from] Shed Tail\n|\n|-weather|none\n|upkeep\n|turn|6\n|\n|t:|1682979394\n|-terastallize|p1a: Gyarados|Flying\n|move|p1b: Scream Tail|Perish Song|p1b: Scream Tail\n|-start|p1a: Gyarados|perish3|[silent]\n|-start|p1b: Scream Tail|perish3|[silent]\n|-start|p2b: Wo-Chien|perish3|[silent]\n|-fieldactivate|move: Perish Song\n|move|p1a: Gyarados|Tera Blast|p2b: Wo-Chien\n|-supereffective|p2b: Wo-Chien\n|-damage|p2b: Wo-Chien|30\/100\n|-damage|p1a: Gyarados|90\/100|[from] item: Life Orb\n|move|p2b: Wo-Chien|Leech Seed|p1b: Scream Tail\n|-start|p1b: Scream Tail|move: Leech Seed\n|\n|-damage|p1b: Scream Tail|88\/100|[from] Leech Seed|[of] p2b: Wo-Chien\n|-heal|p2b: Wo-Chien|48\/100|[silent]\n|-start|p1b: Scream Tail|perish3\n|-start|p1a: Gyarados|perish3\n|-start|p2b: Wo-Chien|perish3\n|upkeep\n|turn|7\n|-message|dark f25 forfeited.\n|\n|win|titandoubles\n|raw|titandoubles's rating: 1101 → 1124<\/strong> (+23 for winning)\n|raw|dark f25's rating: 1075 → 1055<\/strong> (-20 for losing)\n|l|\u2606dark f25\n","uploadtime":1682979424,"views":16,"p1id":"titandoubles","p2id":"darkf25","formatid":"gen9vgc2023regulationc","rating":1055,"private":0,"password":""}