{"id":"gen9vgc2023regulationc-1849230341","p1":"OarYouOkay","p2":"Fastjon4444","format":"[Gen 9] VGC 2023 Regulation C","log":"|j|\u2606OarYouOkay\n|j|\u2606Fastjon4444\n|t:|1682175525\n|gametype|doubles\n|player|p1|OarYouOkay|pokemonrangerf-gen4|1217\n|player|p2|Fastjon4444|hilbert|1188\n|teamsize|p1|6\n|teamsize|p2|6\n|gen|9\n|tier|[Gen 9] VGC 2023 Regulation C\n|rated|\n|rule|Species Clause: Limit one of each Pok\u00e9mon\n|rule|Item Clause: Limit one of each item\n|clearpoke\n|poke|p1|Gyarados, L50, F|\n|poke|p1|Riolu, L50, F|\n|poke|p1|Scizor, L50, M|\n|poke|p1|Dragonite, L50, F|\n|poke|p1|Espeon, L50, F|\n|poke|p1|Passimian, L50, F|\n|poke|p2|Chien-Pao, L50|\n|poke|p2|Dragapult, L50, F|\n|poke|p2|Arcanine, L50, F|\n|poke|p2|Flutter Mane, L50|\n|poke|p2|Palafin, L50, F|\n|poke|p2|Amoonguss, L50, F|\n|teampreview|4\n|inactive|Battle timer is ON: inactive players will automatically lose when time's up. (requested by OarYouOkay)\n|\n|t:|1682175551\n|start\n|switch|p1a: Durian Demon|Passimian, L50, F|100\/100\n|switch|p1b: Skullkraken|Gyarados, L50, F, shiny|100\/100\n|switch|p2a: Flutter Mane|Flutter Mane, L50|100\/100\n|switch|p2b: Dragapult|Dragapult, L50, F|100\/100\n|-ability|p1b: Skullkraken|Intimidate|boost\n|-unboost|p2a: Flutter Mane|atk|1\n|-fail|p2b: Dragapult|unboost|[from] ability: Clear Body|[of] p2b: Dragapult\n|turn|1\n|inactive|OarYouOkay has 30 seconds left.\n|inactive|Fastjon4444 has 30 seconds left.\n|\n|t:|1682175576\n|-terastallize|p1a: Durian Demon|Fire\n|move|p2b: Dragapult|Phantom Force||[still]\n|-prepare|p2b: Dragapult|Phantom Force\n|move|p2a: Flutter Mane|Moonblast|p1a: Durian Demon\n|-resisted|p1a: Durian Demon\n|-damage|p1a: Durian Demon|46\/100\n|-unboost|p1a: Durian Demon|spa|1\n|-ability|p1a: Durian Demon|Defiant|boost\n|-boost|p1a: Durian Demon|atk|2\n|move|p1b: Skullkraken|Crunch|p2b: Dragapult|[miss]\n|-miss|p1b: Skullkraken|p2b: Dragapult\n|move|p1a: Durian Demon|Knock Off|p2a: Flutter Mane\n|-damage|p2a: Flutter Mane|0 fnt\n|-enditem|p2a: Flutter Mane|Choice Specs|[from] move: Knock Off|[of] p1a: Durian Demon\n|faint|p2a: Flutter Mane\n|-end|p2a: Flutter Mane|Protosynthesis|[silent]\n|\n|upkeep\n|\n|t:|1682175597\n|switch|p2a: Amoonguss|Amoonguss, L50, F|100\/100\n|turn|2\n|\n|t:|1682175611\n|move|p2b: Dragapult|Phantom Force|p1b: Skullkraken|[from]lockedmove\n|-damage|p1b: Skullkraken|26\/100\n|-damage|p2b: Dragapult|91\/100|[from] item: Life Orb\n|move|p1b: Skullkraken|Crunch|p2b: Dragapult\n|-supereffective|p2b: Dragapult\n|-damage|p2b: Dragapult|15\/100\n|move|p1a: Durian Demon|Acrobatics|p2a: Amoonguss\n|-supereffective|p2a: Amoonguss\n|-damage|p2a: Amoonguss|43\/100\n|-damage|p1a: Durian Demon|29\/100|[from] item: Rocky Helmet|[of] p2a: Amoonguss\n|move|p2a: Amoonguss|Spore|p1a: Durian Demon\n|-status|p1a: Durian Demon|slp|[from] move: Spore\n|\n|upkeep\n|turn|3\n|\n|t:|1682175632\n|switch|p2a: Arcanine|Arcanine, L50, F|100\/100\n|-ability|p2a: Arcanine|Intimidate|boost\n|-unboost|p1a: Durian Demon|atk|1\n|-ability|p1a: Durian Demon|Defiant|boost\n|-boost|p1a: Durian Demon|atk|2\n|-enditem|p1a: Durian Demon|Adrenaline Orb\n|-boost|p1a: Durian Demon|spe|1|[from] item: Adrenaline Orb\n|-unboost|p1b: Skullkraken|atk|1\n|cant|p1a: Durian Demon|slp\n|move|p2b: Dragapult|Dragon Darts|p1a: Durian Demon\n|-damage|p1a: Durian Demon|0 fnt\n|-anim|p2b: Dragapult|Dragon Darts|p1b: Skullkraken\n|-damage|p1b: Skullkraken|0 fnt\n|faint|p1a: Durian Demon\n|faint|p1b: Skullkraken\n|-damage|p2b: Dragapult|5\/100|[from] item: Life Orb\n|\n|upkeep\n|\n|t:|1682175646\n|switch|p1b: Emerald Kitty|Espeon, L50, F, shiny|100\/100\n|switch|p1a: Lighthouse|Dragonite, L50, F|100\/100\n|turn|4\n|\n|t:|1682175658\n|move|p2b: Dragapult|Phantom Force||[still]\n|-prepare|p2b: Dragapult|Phantom Force\n|move|p1b: Emerald Kitty|Dazzling Gleam|p2b: Dragapult|[spread] p2a\n|-miss|p1b: Emerald Kitty|p2b: Dragapult\n|-resisted|p2a: Arcanine\n|-damage|p2a: Arcanine|90\/100\n|move|p2a: Arcanine|Will-O-Wisp|p1a: Lighthouse\n|-status|p1a: Lighthouse|brn\n|move|p1a: Lighthouse|Waterfall|p2a: Arcanine\n|-supereffective|p2a: Arcanine\n|-damage|p2a: Arcanine|58\/100\n|\n|-damage|p1a: Lighthouse|94\/100 brn|[from] brn\n|upkeep\n|turn|5\n|inactive|Fastjon4444 has 30 seconds left.\n|inactive|Fastjon4444 has 20 seconds left.\n|inactive|Fastjon4444 has 15 seconds left.\n|inactive|Fastjon4444 has 10 seconds left.\n|\n|t:|1682175705\n|move|p2a: Arcanine|Protect|p2a: Arcanine\n|-singleturn|p2a: Arcanine|Protect\n|move|p2b: Dragapult|Phantom Force|p1b: Emerald Kitty|[from]lockedmove\n|-supereffective|p1b: Emerald Kitty\n|-enditem|p1b: Emerald Kitty|Focus Sash\n|-damage|p1b: Emerald Kitty|1\/100\n|-damage|p2b: Dragapult|0 fnt|[from] item: Life Orb\n|faint|p2b: Dragapult\n|move|p1b: Emerald Kitty|Psychic|p2a: Arcanine\n|-activate|p2a: Arcanine|move: Protect\n|move|p1a: Lighthouse|Ice Spinner|p2a: Arcanine\n|-activate|p2a: Arcanine|move: Protect\n|\n|-damage|p1a: Lighthouse|88\/100 brn|[from] brn\n|upkeep\n|\n|t:|1682175721\n|switch|p2b: Amoonguss|Amoonguss, L50, F|77\/100\n|turn|6\n|\n|t:|1682175733\n|-terastallize|p2b: Amoonguss|Water\n|move|p1b: Emerald Kitty|Protect|p1b: Emerald Kitty\n|-singleturn|p1b: Emerald Kitty|Protect\n|move|p2a: Arcanine|Extreme Speed|p1b: Emerald Kitty\n|-activate|p1b: Emerald Kitty|move: Protect\n|move|p1a: Lighthouse|Waterfall|p2a: Arcanine\n|-supereffective|p2a: Arcanine\n|-damage|p2a: Arcanine|26\/100\n|-enditem|p2a: Arcanine|Sitrus Berry|[eat]\n|-heal|p2a: Arcanine|51\/100|[from] item: Sitrus Berry\n|move|p2b: Amoonguss|Pollen Puff|p2a: Arcanine\n|-heal|p2a: Arcanine|100\/100\n|\n|-damage|p1a: Lighthouse|82\/100 brn|[from] brn\n|upkeep\n|turn|7\n|inactive|OarYouOkay has 30 seconds left.\n|inactive|Fastjon4444 has 30 seconds left.\n|\n|t:|1682175763\n|move|p1b: Emerald Kitty|Protect||[still]\n|-fail|p1b: Emerald Kitty\n|move|p2b: Amoonguss|Protect|p2b: Amoonguss\n|-singleturn|p2b: Amoonguss|Protect\n|move|p2a: Arcanine|Extreme Speed|p1b: Emerald Kitty\n|-damage|p1b: Emerald Kitty|0 fnt\n|faint|p1b: Emerald Kitty\n|move|p1a: Lighthouse|Extreme Speed|p2b: Amoonguss\n|-activate|p2b: Amoonguss|move: Protect\n|\n|-damage|p1a: Lighthouse|76\/100 brn|[from] brn\n|upkeep\n|turn|8\n|-message|OarYouOkay forfeited.\n|\n|win|Fastjon4444\n|raw|OarYouOkay's rating: 1217 → 1190<\/strong> (-27 for losing)\n|raw|Fastjon4444's rating: 1188 → 1215<\/strong> (+27 for winning)\n|l|\u2606OarYouOkay\n","uploadtime":1682175782,"views":6,"p1id":"oaryouokay","p2id":"fastjon4444","formatid":"gen9vgc2023regulationc","rating":1190,"private":0,"password":""}