{"id":"gen9vgc2023regulationc-1864150039","p1":"Kammala","p2":"BluChamp","format":"[Gen 9] VGC 2023 Regulation C","log":"|j|\u2606Kammala\n|j|\u2606BluChamp\n|t:|1684125322\n|gametype|doubles\n|player|p1|Kammala|102|1377\n|player|p2|BluChamp|medium|1414\n|teamsize|p1|6\n|teamsize|p2|6\n|gen|9\n|tier|[Gen 9] VGC 2023 Regulation C\n|rated|\n|rule|Species Clause: Limit one of each Pok\u00e9mon\n|rule|Item Clause: Limit one of each item\n|clearpoke\n|poke|p1|Scream Tail, L50|\n|poke|p1|Kingambit, L50, F|\n|poke|p1|Abomasnow, L50, F|\n|poke|p1|Iron Bundle, L50|\n|poke|p1|Ceruledge, L50, M|\n|poke|p1|Iron Hands, L50|\n|poke|p2|Abomasnow, L50, F|\n|poke|p2|Iron Bundle, L50|\n|poke|p2|Flutter Mane, L50|\n|poke|p2|Great Tusk, L50|\n|poke|p2|Murkrow, L50, M|\n|poke|p2|Ting-Lu, L50|\n|teampreview|4\n|inactive|Battle timer is ON: inactive players will automatically lose when time's up. (requested by Kammala)\nKammala has agreed to open team sheets.\nBluChamp has agreed to open team sheets.\n|inactive|Kammala has 60 seconds left.\n|inactive|BluChamp has 60 seconds left.\n|inactive|Kammala has 30 seconds left.\n|\n|t:|1684125397\n|start\n|switch|p1a: Iron Hands|Iron Hands, L50|100\/100\n|switch|p1b: Iron Bundle|Iron Bundle, L50|100\/100\n|switch|p2a: Murkrow|Murkrow, L50, M|100\/100\n|switch|p2b: Great Tusk|Great Tusk, L50|100\/100\n|turn|1\n|inactive|Kammala has 30 seconds left.\n|\n|t:|1684125423\n|-end|p2b: Great Tusk|Protosynthesis|[silent]\n|switch|p2b: Ting-Lu|Ting-Lu, L50|100\/100\n|-ability|p2b: Ting-Lu|Vessel of Ruin\n|move|p1a: Iron Hands|Fake Out|p2a: Murkrow\n|-damage|p2a: Murkrow|81\/100\n|move|p1b: Iron Bundle|Freeze-Dry|p2a: Murkrow\n|-supereffective|p2a: Murkrow\n|-damage|p2a: Murkrow|0 fnt\n|faint|p2a: Murkrow\n|\n|upkeep\n|\n|t:|1684125436\n|switch|p2a: Flutter Mane|Flutter Mane, L50|100\/100\n|turn|2\n|inactive|Kammala has 30 seconds left.\n|\n|t:|1684125464\n|-end|p1a: Iron Hands|Quark Drive|[silent]\n|switch|p1a: Scream Tail|Scream Tail, L50|100\/100\n|-enditem|p1a: Scream Tail|Booster Energy\n|-activate|p1a: Scream Tail|ability: Protosynthesis|[fromitem]\n|-start|p1a: Scream Tail|protosynthesisspe\n|switch|p2b: Great Tusk|Great Tusk, L50|100\/100\n|move|p1b: Iron Bundle|Freeze-Dry|p2b: Great Tusk\n|-supereffective|p2b: Great Tusk\n|-crit|p2b: Great Tusk\n|-damage|p2b: Great Tusk|0 fnt\n|faint|p2b: Great Tusk\n|-end|p2b: Great Tusk|Protosynthesis|[silent]\n|move|p2a: Flutter Mane|Dazzling Gleam|p1b: Iron Bundle|[spread] p1a,p1b\n|-damage|p1a: Scream Tail|69\/100\n|-damage|p1b: Iron Bundle|6\/100\n|\n|upkeep\n|\n|t:|1684125478\n|switch|p2b: Ting-Lu|Ting-Lu, L50|100\/100\n|-ability|p2b: Ting-Lu|Vessel of Ruin\n|turn|3\n|\n|t:|1684125485\n|-terastallize|p2a: Flutter Mane|Fairy\n|move|p1a: Scream Tail|Disable|p2a: Flutter Mane\n|-start|p2a: Flutter Mane|Disable|Dazzling Gleam\n|move|p1b: Iron Bundle|Freeze-Dry|p2b: Ting-Lu\n|-supereffective|p2b: Ting-Lu\n|-damage|p2b: Ting-Lu|66\/100\n|cant|p2a: Flutter Mane|Disable|Dazzling Gleam\n|move|p2b: Ting-Lu|Heavy Slam|p1a: Scream Tail\n|-supereffective|p1a: Scream Tail\n|-damage|p1a: Scream Tail|22\/100\n|\n|upkeep\n|turn|4\n|\n|t:|1684125504\n|move|p1a: Scream Tail|Dazzling Gleam|p2a: Flutter Mane|[spread] p2a,p2b\n|-supereffective|p2b: Ting-Lu\n|-damage|p2a: Flutter Mane|88\/100\n|-damage|p2b: Ting-Lu|56\/100\n|move|p1b: Iron Bundle|Freeze-Dry|p2b: Ting-Lu\n|-supereffective|p2b: Ting-Lu\n|-damage|p2b: Ting-Lu|20\/100\n|-activate|p2a: Flutter Mane|move: Struggle\n|move|p2a: Flutter Mane|Struggle|p1b: Iron Bundle\n|-damage|p1b: Iron Bundle|0 fnt\n|faint|p1b: Iron Bundle\n|-end|p1b: Iron Bundle|Quark Drive|[silent]\n|-damage|p2a: Flutter Mane|63\/100|[from] recoil\n|move|p2b: Ting-Lu|Heavy Slam|p1a: Scream Tail\n|-supereffective|p1a: Scream Tail\n|-damage|p1a: Scream Tail|0 fnt\n|faint|p1a: Scream Tail\n|-end|p1a: Scream Tail|Protosynthesis|[silent]\n|\n|upkeep\n|\n|t:|1684125511\n|switch|p1b: Iron Hands|Iron Hands, L50|100\/100\n|switch|p1a: Kingambit|Kingambit, L50, F|100\/100\n|turn|5\n|\n|t:|1684125518\n|-terastallize|p1a: Kingambit|Flying\n|move|p1b: Iron Hands|Fake Out|p2b: Ting-Lu\n|-damage|p2b: Ting-Lu|10\/100\n|-activate|p2a: Flutter Mane|move: Struggle\n|move|p2a: Flutter Mane|Struggle|p1b: Iron Hands\n|-damage|p1b: Iron Hands|96\/100\n|-damage|p2a: Flutter Mane|37\/100|[from] recoil\n|move|p1a: Kingambit|Tera Blast|p2a: Flutter Mane\n|-crit|p2a: Flutter Mane\n|-damage|p2a: Flutter Mane|0 fnt\n|faint|p2a: Flutter Mane\n|-end|p2a: Flutter Mane|Protosynthesis|[silent]\n|cant|p2b: Ting-Lu|flinch\n|\n|upkeep\n|turn|6\n|-message|BluChamp forfeited.\n|\n|win|Kammala\n|raw|Kammala's rating: 1377 → 1399<\/strong> (+22 for winning)\n|raw|BluChamp's rating: 1414 → 1392<\/strong> (-22 for losing)\n|l|\u2606BluChamp\n","uploadtime":1684125533,"views":6,"p1id":"kammala","p2id":"bluchamp","formatid":"gen9vgc2023regulationc","rating":1392,"private":0,"password":""}