{"id":"gen9vgc2023regulationc-1857176949","p1":"Rean411","p2":"Breakaway97","format":"[Gen 9] VGC 2023 Regulation C","log":"|j|\u2606Rean411\n|j|\u2606Breakaway97\n|t:|1683154308\n|gametype|doubles\n|player|p1|Rean411|102|1295\n|player|p2|Breakaway97|cynthia-gen4|1357\n|teamsize|p1|6\n|teamsize|p2|6\n|gen|9\n|tier|[Gen 9] VGC 2023 Regulation C\n|rated|\n|rule|Species Clause: Limit one of each Pok\u00e9mon\n|rule|Item Clause: Limit one of each item\n|clearpoke\n|poke|p1|Tyranitar, L50, F|\n|poke|p1|Lycanroc, L50, M|\n|poke|p1|Annihilape, L50, F|\n|poke|p1|Maushold, L50|\n|poke|p1|Ting-Lu, L50|\n|poke|p1|Flutter Mane, L50|\n|poke|p2|Wo-Chien, L50|\n|poke|p2|Glimmora, L50, M|\n|poke|p2|Gyarados, L50, M|\n|poke|p2|Garganacl, L50, M|\n|poke|p2|Flutter Mane, L50|\n|poke|p2|Sableye, L50, F|\n|teampreview|4\nRean411 has agreed to open team sheets.\n|\n|t:|1683154368\n|start\n|switch|p1a: Annihilape|Annihilape, L50, F|100\/100\n|switch|p1b: Maushold|Maushold, L50, shiny|100\/100\n|switch|p2a: Garganacl|Garganacl, L50, M|100\/100\n|switch|p2b: Gyarados|Gyarados, L50, M|100\/100\n|-ability|p2b: Gyarados|Intimidate|boost\n|-unboost|p1a: Annihilape|atk|1\n|-ability|p1a: Annihilape|Defiant|boost\n|-boost|p1a: Annihilape|atk|2\n|-unboost|p1b: Maushold|atk|1\n|turn|1\n|\n|t:|1683154402\n|move|p1b: Maushold|Beat Up|p1a: Annihilape\n|-damage|p1a: Annihilape|99\/100\n|-damage|p1a: Annihilape|98\/100\n|-damage|p1a: Annihilape|97\/100\n|-damage|p1a: Annihilape|96\/100\n|-hitcount|p1a: Annihilape|4\n|move|p2b: Gyarados|Thunder Wave|p1a: Annihilape\n|-status|p1a: Annihilape|par\n|move|p1a: Annihilape|Bulk Up|p1a: Annihilape\n|-boost|p1a: Annihilape|atk|1\n|-boost|p1a: Annihilape|def|1\n|move|p2a: Garganacl|Stealth Rock|p1b: Maushold\n|-sidestart|p1: Rean411|move: Stealth Rock\n|\n|-heal|p1a: Annihilape|100\/100 par|[from] item: Leftovers\n|upkeep\n|turn|2\n|\n|t:|1683154445\n|move|p2a: Garganacl|Protect|p2a: Garganacl\n|-singleturn|p2a: Garganacl|Protect\n|move|p1b: Maushold|Baby-Doll Eyes|p2b: Gyarados\n|-unboost|p2b: Gyarados|atk|1\n|move|p2b: Gyarados|Dragon Dance|p2b: Gyarados\n|-boost|p2b: Gyarados|atk|1\n|-boost|p2b: Gyarados|spe|1\n|move|p1a: Annihilape|Drain Punch|p2a: Garganacl\n|-activate|p2a: Garganacl|move: Protect\n|\n|upkeep\n|turn|3\n|\n|t:|1683154466\n|-terastallize|p2a: Garganacl|Ghost\n|move|p1b: Maushold|Baby-Doll Eyes|p2b: Gyarados\n|-unboost|p2b: Gyarados|atk|1\n|move|p2b: Gyarados|Thunder Wave|p1b: Maushold\n|-status|p1b: Maushold|par\n|cant|p1a: Annihilape|par\n|move|p2a: Garganacl|Salt Cure|p1a: Annihilape\n|-resisted|p1a: Annihilape\n|-damage|p1a: Annihilape|97\/100 par\n|-start|p1a: Annihilape|Salt Cure\n|\n|-heal|p1a: Annihilape|100\/100 par|[from] item: Leftovers\n|-damage|p1a: Annihilape|88\/100 par|[from] Salt Cure\n|upkeep\n|turn|4\n|\n|t:|1683154527\n|move|p1b: Maushold|Baby-Doll Eyes|p2b: Gyarados\n|-unboost|p2b: Gyarados|atk|1\n|move|p2b: Gyarados|Dragon Dance|p2b: Gyarados\n|-boost|p2b: Gyarados|atk|1\n|-boost|p2b: Gyarados|spe|1\n|cant|p1a: Annihilape|par\n|move|p2a: Garganacl|Salt Cure|p1b: Maushold\n|-damage|p1b: Maushold|87\/100 par\n|-start|p1b: Maushold|Salt Cure\n|\n|-heal|p1a: Annihilape|94\/100 par|[from] item: Leftovers\n|-damage|p1b: Maushold|75\/100 par|[from] Salt Cure\n|-damage|p1a: Annihilape|82\/100 par|[from] Salt Cure\n|upkeep\n|turn|5\n|\n|t:|1683154551\n|switch|p2a: Glimmora|Glimmora, L50, M|100\/100\n|move|p1b: Maushold|Follow Me|p1b: Maushold\n|-singleturn|p1b: Maushold|move: Follow Me\n|move|p2b: Gyarados|Dragon Dance|p2b: Gyarados\n|-boost|p2b: Gyarados|atk|1\n|-boost|p2b: Gyarados|spe|1\n|move|p1a: Annihilape|Rage Fist|p2a: Glimmora\n|-damage|p2a: Glimmora|0 fnt\n|-activate|p2a: Glimmora|ability: Toxic Debris\n|-sidestart|p1: Rean411|move: Toxic Spikes\n|faint|p2a: Glimmora\n|\n|-heal|p1a: Annihilape|88\/100 par|[from] item: Leftovers\n|-damage|p1b: Maushold|62\/100 par|[from] Salt Cure\n|-damage|p1a: Annihilape|76\/100 par|[from] Salt Cure\n|upkeep\n|\n|t:|1683154567\n|switch|p2a: Wo-Chien|Wo-Chien, L50|100\/100\n|-ability|p2a: Wo-Chien|Tablets of Ruin\n|turn|6\n|\n|t:|1683154599\n|move|p1b: Maushold|Baby-Doll Eyes|p2b: Gyarados\n|-unboost|p2b: Gyarados|atk|1\n|move|p2b: Gyarados|Iron Head|p1a: Annihilape\n|-damage|p1a: Annihilape|69\/100 par\n|move|p2a: Wo-Chien|Leech Seed|p1a: Annihilape\n|-start|p1a: Annihilape|move: Leech Seed\n|move|p1a: Annihilape|Drain Punch|p2a: Wo-Chien\n|-supereffective|p2a: Wo-Chien\n|-damage|p2a: Wo-Chien|14\/100\n|-heal|p1a: Annihilape|100\/100 par|[from] drain|[of] p2a: Wo-Chien\n|\n|-heal|p2a: Wo-Chien|20\/100|[from] item: Leftovers\n|-damage|p1a: Annihilape|88\/100 par|[from] Leech Seed|[of] p2a: Wo-Chien\n|-heal|p2a: Wo-Chien|34\/100|[silent]\n|-damage|p1b: Maushold|50\/100 par|[from] Salt Cure\n|-damage|p1a: Annihilape|76\/100 par|[from] Salt Cure\n|upkeep\n|turn|7\n|\n|t:|1683154625\n|move|p2a: Wo-Chien|Protect|p2a: Wo-Chien\n|-singleturn|p2a: Wo-Chien|Protect\n|move|p1b: Maushold|Follow Me|p1b: Maushold\n|-singleturn|p1b: Maushold|move: Follow Me\n|move|p2b: Gyarados|Iron Head|p1b: Maushold\n|-damage|p1b: Maushold|39\/100 par\n|move|p1a: Annihilape|Rage Fist|p2b: Gyarados\n|-damage|p2b: Gyarados|0 fnt\n|faint|p2b: Gyarados\n|\n|-heal|p2a: Wo-Chien|39\/100|[from] item: Leftovers\n|-heal|p1a: Annihilape|82\/100 par|[from] item: Leftovers\n|-damage|p1a: Annihilape|69\/100 par|[from] Leech Seed|[of] p2a: Wo-Chien\n|-heal|p2a: Wo-Chien|53\/100|[silent]\n|-damage|p1b: Maushold|26\/100 par|[from] Salt Cure\n|-damage|p1a: Annihilape|57\/100 par|[from] Salt Cure\n|upkeep\n|\n|t:|1683154640\n|switch|p2b: Garganacl|Garganacl, L50, M, tera:Ghost|100\/100\n|turn|8\n|\n|t:|1683154665\n|move|p2b: Garganacl|Protect|p2b: Garganacl\n|-singleturn|p2b: Garganacl|Protect\n|move|p1b: Maushold|Baby-Doll Eyes|p2b: Garganacl\n|-activate|p2b: Garganacl|move: Protect\n|move|p2a: Wo-Chien|Leech Seed|p1b: Maushold\n|-start|p1b: Maushold|move: Leech Seed\n|move|p1a: Annihilape|Drain Punch|p2a: Wo-Chien\n|-supereffective|p2a: Wo-Chien\n|-damage|p2a: Wo-Chien|0 fnt\n|-heal|p1a: Annihilape|81\/100 par|[from] drain|[of] p2a: Wo-Chien\n|faint|p2a: Wo-Chien\n|\n|-heal|p1a: Annihilape|87\/100 par|[from] item: Leftovers\n|-damage|p1b: Maushold|14\/100 par|[from] Salt Cure\n|-damage|p1a: Annihilape|75\/100 par|[from] Salt Cure\n|upkeep\n|turn|9\n|\n|t:|1683154695\n|move|p2b: Garganacl|Protect||[still]\n|-fail|p2b: Garganacl\n|move|p1b: Maushold|Beat Up|p2b: Garganacl\n|-supereffective|p2b: Garganacl\n|-damage|p2b: Garganacl|99\/100\n|-supereffective|p2b: Garganacl\n|-damage|p2b: Garganacl|96\/100\n|-supereffective|p2b: Garganacl\n|-damage|p2b: Garganacl|94\/100\n|-hitcount|p2b: Garganacl|3\n|cant|p1a: Annihilape|par\n|\n|-heal|p1a: Annihilape|81\/100 par|[from] item: Leftovers\n|-damage|p1b: Maushold|2\/100 par|[from] Salt Cure\n|-damage|p1a: Annihilape|68\/100 par|[from] Salt Cure\n|upkeep\n|turn|10\n|inactive|Battle timer is ON: inactive players will automatically lose when time's up. (requested by Breakaway97)\n|\n|t:|1683154721\n|move|p2b: Garganacl|Protect|p2b: Garganacl\n|-singleturn|p2b: Garganacl|Protect\n|cant|p1b: Maushold|par\n|move|p1a: Annihilape|Rage Fist|p2b: Garganacl\n|-activate|p2b: Garganacl|move: Protect\n|\n|-heal|p1a: Annihilape|75\/100 par|[from] item: Leftovers\n|-damage|p1b: Maushold|0 fnt|[from] Salt Cure\n|faint|p1b: Maushold\n|-damage|p1a: Annihilape|62\/100 par|[from] Salt Cure\n|upkeep\n|\n|t:|1683154733\n|switch|p1b: Flutter Mane|Flutter Mane, L50|100\/100\n|-damage|p1b: Flutter Mane|89\/100|[from] Stealth Rock\n|-status|p1b: Flutter Mane|psn\n|turn|11\n|\n|t:|1683154743\n|move|p1b: Flutter Mane|Shadow Ball|p2b: Garganacl\n|-supereffective|p2b: Garganacl\n|-damage|p2b: Garganacl|52\/100\n|move|p1a: Annihilape|Rage Fist|p2b: Garganacl\n|-supereffective|p2b: Garganacl\n|-damage|p2b: Garganacl|0 fnt\n|-damage|p1a: Annihilape|46\/100 par|[from] item: Rocky Helmet|[of] p2b: Garganacl\n|faint|p2b: Garganacl\n|\n|win|Rean411\n|raw|Rean411's rating: 1295 → 1324<\/strong> (+29 for winning)\n|raw|Breakaway97's rating: 1357 → 1333<\/strong> (-24 for losing)\n|l|\u2606Breakaway97\n","uploadtime":1683154757,"views":6,"p1id":"rean411","p2id":"breakaway97","formatid":"gen9vgc2023regulationc","rating":1324,"private":0,"password":""}