{"id":"gen9vgc2023regulationc-1845002728","p1":"Jakekaplan78","p2":"Kukukachui","format":"[Gen 9] VGC 2023 Regulation C","log":"|j|\u2606Jakekaplan78\n|j|\u2606Kukukachui\n|t:|1681672912\n|gametype|doubles\n|player|p1|Jakekaplan78|hiker-gen4|1244\n|player|p2|Kukukachui|2|1310\n|teamsize|p1|6\n|teamsize|p2|6\n|gen|9\n|tier|[Gen 9] VGC 2023 Regulation C\n|rated|\n|rule|Species Clause: Limit one of each Pok\u00e9mon\n|rule|Item Clause: Limit one of each item\n|clearpoke\n|poke|p1|Breloom, L50, F|\n|poke|p1|Ceruledge, L50, M|\n|poke|p1|Dondozo, L50, M|\n|poke|p1|Tatsugiri, L50, M|\n|poke|p1|Chien-Pao, L50|\n|poke|p1|Ting-Lu, L50|\n|poke|p2|Arcanine, L50, M|\n|poke|p2|Ting-Lu, L50|\n|poke|p2|Amoonguss, L50, F|\n|poke|p2|Flutter Mane, L50|\n|poke|p2|Kingambit, L50, F|\n|poke|p2|Palafin, L50, M|\n|teampreview|4\n|inactive|Battle timer is ON: inactive players will automatically lose when time's up. (requested by Jakekaplan78)\nJakekaplan78 has agreed to open team sheets.\nKukukachui has agreed to open team sheets.\n|inactive|Jakekaplan78 has 60 seconds left.\n|inactive|Kukukachui has 60 seconds left.\n|\n|t:|1681672960\n|start\n|switch|p1a: Ceruledge|Ceruledge, L50, M|100\/100\n|switch|p1b: Chien-Pao|Chien-Pao, L50|100\/100\n|switch|p2a: Kingambit|Kingambit, L50, F|100\/100\n|switch|p2b: Palafin|Palafin, L50, M|100\/100\n|-ability|p1b: Chien-Pao|Sword of Ruin\n|turn|1\n|inactive|Kukukachui has 30 seconds left.\n|inactive|Kukukachui has 20 seconds left.\n|inactive|Kukukachui has 15 seconds left.\n|\n|t:|1681673003\n|switch|p1b: Ting-Lu|Ting-Lu, L50|100\/100\n|-ability|p1b: Ting-Lu|Vessel of Ruin\n|detailschange|p2b: Palafin|Palafin-Hero, L50, M\n|switch|p2b: Arcanine|Arcanine, L50, M|100\/100\n|-ability|p2b: Arcanine|Intimidate|boost\n|-unboost|p1a: Ceruledge|atk|1\n|-unboost|p1b: Ting-Lu|atk|1\n|-terastallize|p1a: Ceruledge|Grass\n|-terastallize|p2a: Kingambit|Flying\n|move|p1a: Ceruledge|Bitter Blade|p2a: Kingambit\n|-crit|p2a: Kingambit\n|-damage|p2a: Kingambit|30\/100\n|-damage|p1a: Ceruledge|91\/100|[from] item: Life Orb\n|move|p2a: Kingambit|Tera Blast|p1a: Ceruledge\n|-supereffective|p1a: Ceruledge\n|-damage|p1a: Ceruledge|0 fnt\n|faint|p1a: Ceruledge\n|\n|upkeep\n|\n|t:|1681673024\n|switch|p1a: Chien-Pao|Chien-Pao, L50|100\/100\n|-ability|p1a: Chien-Pao|Sword of Ruin\n|turn|2\n|\n|t:|1681673039\n|move|p2a: Kingambit|Protect|p2a: Kingambit\n|-singleturn|p2a: Kingambit|Protect\n|move|p1a: Chien-Pao|Ice Spinner|p2a: Kingambit\n|-activate|p2a: Kingambit|move: Protect\n|move|p2b: Arcanine|Will-O-Wisp|p1a: Chien-Pao\n|-status|p1a: Chien-Pao|brn\n|move|p1b: Ting-Lu|Fissure|p2b: Arcanine\n|-damage|p2b: Arcanine|0 fnt\n|faint|p2b: Arcanine\n|-ohko\n|\n|-damage|p1a: Chien-Pao|95\/100 brn|[from] brn\n|upkeep\n|c|\u2606Kukukachui|Hehehehe. That was bound to happen.\n|inactive|Kukukachui has 30 seconds left.\n|inactive|Kukukachui has 20 seconds left.\n|inactive|Kukukachui has 15 seconds left.\n|inactive|Kukukachui has 10 seconds left.\n|\n|t:|1681673084\n|switch|p2b: Palafin|Palafin-Hero, L50, M|100\/100\n|-activate|p2b: Palafin|ability: Zero to Hero\n|turn|3\n|\n|t:|1681673104\n|move|p2b: Palafin|Jet Punch|p1a: Chien-Pao\n|-damage|p1a: Chien-Pao|23\/100 brn\n|move|p1a: Chien-Pao|Ice Spinner|p2a: Kingambit\n|-supereffective|p2a: Kingambit\n|-damage|p2a: Kingambit|0 fnt\n|faint|p2a: Kingambit\n|move|p1b: Ting-Lu|Fissure|p2b: Palafin|[miss]\n|-miss|p1b: Ting-Lu|p2b: Palafin\n|\n|-damage|p1a: Chien-Pao|17\/100 brn|[from] brn\n|upkeep\n|\n|t:|1681673116\n|switch|p2a: Amoonguss|Amoonguss, L50, F|100\/100\n|turn|4\n|\n|t:|1681673126\n|move|p2a: Amoonguss|Protect|p2a: Amoonguss\n|-singleturn|p2a: Amoonguss|Protect\n|move|p1a: Chien-Pao|Ice Spinner|p2a: Amoonguss\n|-activate|p2a: Amoonguss|move: Protect\n|move|p2b: Palafin|Wave Crash|p1b: Ting-Lu\n|-supereffective|p1b: Ting-Lu\n|-damage|p1b: Ting-Lu|0 fnt\n|faint|p1b: Ting-Lu\n|-damage|p2b: Palafin|58\/100|[from] Recoil\n|\n|-damage|p1a: Chien-Pao|11\/100 brn|[from] brn\n|upkeep\n|\n|t:|1681673136\n|switch|p1b: Dondozo|Dondozo, L50, M|100\/100\n|turn|5\n|\n|t:|1681673158\n|move|p2a: Amoonguss|Rage Powder|p2a: Amoonguss\n|-singleturn|p2a: Amoonguss|move: Rage Powder\n|move|p1a: Chien-Pao|Sucker Punch||[still]\n|-fail|p1a: Chien-Pao\n|move|p2b: Palafin|Jet Punch|p1a: Chien-Pao\n|-damage|p1a: Chien-Pao|0 fnt\n|faint|p1a: Chien-Pao\n|move|p1b: Dondozo|Earthquake|p2a: Amoonguss|[spread] p2a,p2b\n|-damage|p2a: Amoonguss|81\/100\n|-damage|p2b: Palafin|40\/100\n|\n|upkeep\n|turn|6\n|\n|t:|1681673173\n|move|p2b: Palafin|Protect|p2b: Palafin\n|-singleturn|p2b: Palafin|Protect\n|move|p1b: Dondozo|Earthquake|p2a: Amoonguss|[spread] p2a\n|-activate|p2b: Palafin|move: Protect\n|-damage|p2a: Amoonguss|62\/100\n|move|p2a: Amoonguss|Spore|p1b: Dondozo\n|-status|p1b: Dondozo|slp|[from] move: Spore\n|\n|upkeep\n|turn|7\n|\n|t:|1681673190\n|move|p2b: Palafin|Jet Punch|p1b: Dondozo\n|-resisted|p1b: Dondozo\n|-damage|p1b: Dondozo|86\/100 slp\n|cant|p1b: Dondozo|slp\n|move|p2a: Amoonguss|Pollen Puff|p2b: Palafin\n|-heal|p2b: Palafin|90\/100\n|\n|-heal|p1b: Dondozo|93\/100 slp|[from] item: Leftovers\n|upkeep\n|turn|8\n|\n|t:|1681673204\n|move|p2b: Palafin|Wave Crash|p1b: Dondozo\n|-resisted|p1b: Dondozo\n|-damage|p1b: Dondozo|64\/100 slp\n|-damage|p2b: Palafin|78\/100|[from] Recoil\n|-curestatus|p1b: Dondozo|slp|[msg]\n|move|p1b: Dondozo|Earthquake|p2a: Amoonguss|[spread] p2a,p2b\n|-damage|p2a: Amoonguss|43\/100\n|-damage|p2b: Palafin|57\/100\n|-enditem|p2a: Amoonguss|Sitrus Berry|[eat]\n|-heal|p2a: Amoonguss|68\/100|[from] item: Sitrus Berry\n|move|p2a: Amoonguss|Pollen Puff|p2b: Palafin\n|-heal|p2b: Palafin|100\/100\n|\n|-heal|p1b: Dondozo|70\/100|[from] item: Leftovers\n|upkeep\n|turn|9\n|\n|t:|1681673223\n|move|p1b: Dondozo|Protect|p1b: Dondozo\n|-singleturn|p1b: Dondozo|Protect\n|move|p2b: Palafin|Wave Crash|p1b: Dondozo\n|-activate|p1b: Dondozo|move: Protect\n|move|p2a: Amoonguss|Spore|p1b: Dondozo\n|-activate|p1b: Dondozo|move: Protect\n|\n|-heal|p1b: Dondozo|76\/100|[from] item: Leftovers\n|upkeep\n|turn|10\n|\n|t:|1681673236\n|move|p2b: Palafin|Wave Crash|p1b: Dondozo\n|-resisted|p1b: Dondozo\n|-damage|p1b: Dondozo|47\/100\n|-damage|p2b: Palafin|88\/100|[from] Recoil\n|move|p1b: Dondozo|Earthquake|p2a: Amoonguss|[spread] p2a,p2b\n|-damage|p2a: Amoonguss|50\/100\n|-damage|p2b: Palafin|69\/100\n|move|p2a: Amoonguss|Spore|p1b: Dondozo\n|-status|p1b: Dondozo|slp|[from] move: Spore\n|\n|-heal|p1b: Dondozo|53\/100 slp|[from] item: Leftovers\n|upkeep\n|turn|11\n|\n|t:|1681673252\n|cant|p1b: Dondozo|slp\n|move|p2b: Palafin|Wave Crash|p1b: Dondozo\n|-resisted|p1b: Dondozo\n|-damage|p1b: Dondozo|23\/100 slp\n|-damage|p2b: Palafin|56\/100|[from] Recoil\n|move|p2a: Amoonguss|Pollen Puff|p2b: Palafin\n|-heal|p2b: Palafin|100\/100\n|\n|-heal|p1b: Dondozo|30\/100 slp|[from] item: Leftovers\n|upkeep\n|turn|12\n|\n|t:|1681673273\n|move|p2b: Palafin|Wave Crash|p1b: Dondozo\n|-resisted|p1b: Dondozo\n|-damage|p1b: Dondozo|1\/100 slp\n|-damage|p2b: Palafin|89\/100|[from] Recoil\n|cant|p1b: Dondozo|slp\n|move|p2a: Amoonguss|Pollen Puff|p2b: Palafin\n|-heal|p2b: Palafin|100\/100\n|\n|-heal|p1b: Dondozo|8\/100 slp|[from] item: Leftovers\n|upkeep\n|turn|13\n|-message|Jakekaplan78 forfeited.\n|\n|win|Kukukachui\n|raw|Jakekaplan78's rating: 1244 → 1224<\/strong> (-20 for losing)\n|raw|Kukukachui's rating: 1310 → 1326<\/strong> (+16 for winning)\n|l|\u2606Jakekaplan78\n|l|\u2606Kukukachui\n|j|\u2606Kukukachui\n|player|p2|Kukukachui|2\n","uploadtime":1681673440,"views":11,"p1id":"jakekaplan78","p2id":"kukukachui","formatid":"gen9vgc2023regulationc","rating":1224,"private":0,"password":""}