{"id":"gen9vgc2023regulationc-1852420789","p1":"Slim reaper 69","p2":"NotDaBoy","format":"[Gen 9] VGC 2023 Regulation C","log":"|j|\u2606Slim reaper 69\n|j|\u2606NotDaBoy\n|t:|1682555483\n|gametype|doubles\n|player|p1|Slim reaper 69|rood|1473\n|player|p2|NotDaBoy|marlon|1559\n|teamsize|p1|6\n|teamsize|p2|6\n|gen|9\n|tier|[Gen 9] VGC 2023 Regulation C\n|rated|\n|rule|Species Clause: Limit one of each Pok\u00e9mon\n|rule|Item Clause: Limit one of each item\n|clearpoke\n|poke|p1|Ting-Lu, L50|\n|poke|p1|Annihilape, L50, M|\n|poke|p1|Arcanine, L50, F|\n|poke|p1|Amoonguss, L50, M|\n|poke|p1|Iron Bundle, L50|\n|poke|p1|Corviknight, L50, F|\n|poke|p2|Palafin, L50, M|\n|poke|p2|Orthworm, L50, F|\n|poke|p2|Dragonite, L50, M|\n|poke|p2|Ting-Lu, L50|\n|poke|p2|Volcarona, L50, F|\n|poke|p2|Iron Hands, L50|\n|teampreview|4\n|inactive|Battle timer is ON: inactive players will automatically lose when time's up. (requested by Slim reaper 69)\n|\n|t:|1682555551\n|start\n|switch|p1a: Mossbag|Amoonguss, L50, M|100\/100\n|switch|p1b: Teddy|Arcanine, L50, F, shiny|100\/100\n|switch|p2a: Orthworm|Orthworm, L50, F|100\/100\n|switch|p2b: Volcarona|Volcarona, L50, F|100\/100\n|-ability|p1b: Teddy|Intimidate|boost\n|-unboost|p2a: Orthworm|atk|1\n|-unboost|p2b: Volcarona|atk|1\n|turn|1\n|\n|t:|1682555573\n|-terastallize|p2a: Orthworm|Fire\n|move|p2b: Volcarona|Overheat|p1a: Mossbag\n|-supereffective|p1a: Mossbag\n|-damage|p1a: Mossbag|0 fnt\n|-unboost|p2b: Volcarona|spa|2\n|faint|p1a: Mossbag\n|move|p1b: Teddy|Flare Blitz|p2a: Orthworm\n|-resisted|p2a: Orthworm\n|-damage|p2a: Orthworm|83\/100\n|-damage|p1b: Teddy|95\/100|[from] Recoil\n|move|p2a: Orthworm|Shed Tail|p2a: Orthworm\n|-start|p2a: Orthworm|Substitute|[from] move: Shed Tail\n|-damage|p2a: Orthworm|33\/100\n|-enditem|p2a: Orthworm|Sitrus Berry|[eat]\n|-heal|p2a: Orthworm|58\/100|[from] item: Sitrus Berry\n|\n|t:|1682555587\n|switch|p2a: Dragonite|Dragonite, L50, M|100\/100|[from] Shed Tail\n|\n|upkeep\n|\n|t:|1682555593\n|switch|p1a: Zuggins|Iron Bundle, L50|100\/100\n|turn|2\n|\n|t:|1682555612\n|move|p2b: Volcarona|Protect|p2b: Volcarona\n|-singleturn|p2b: Volcarona|Protect\n|move|p1a: Zuggins|Freeze-Dry|p2a: Dragonite\n|-supereffective|p2a: Dragonite\n|-end|p2a: Dragonite|Substitute\n|move|p2a: Dragonite|Earthquake|p1a: Zuggins|[spread] p1a,p1b\n|-activate|p2b: Volcarona|move: Protect\n|-supereffective|p1b: Teddy\n|-damage|p1a: Zuggins|65\/100\n|-damage|p1b: Teddy|40\/100\n|-enditem|p1b: Teddy|Sitrus Berry|[eat]\n|-heal|p1b: Teddy|65\/100|[from] item: Sitrus Berry\n|move|p1b: Teddy|Will-O-Wisp|p2a: Dragonite|[miss]\n|-miss|p1b: Teddy|p2a: Dragonite\n|\n|upkeep\n|turn|3\n|inactive|NotDaBoy has 30 seconds left.\n|\n|t:|1682555637\n|switch|p2a: Orthworm|Orthworm, L50, F, tera:Fire|58\/100\n|move|p1a: Zuggins|Protect|p1a: Zuggins\n|-singleturn|p1a: Zuggins|Protect\n|move|p2b: Volcarona|Bug Buzz|p1a: Zuggins\n|-activate|p1a: Zuggins|move: Protect\n|move|p1b: Teddy|Will-O-Wisp|p2a: Orthworm\n|-immune|p2a: Orthworm\n|\n|upkeep\n|turn|4\n|\n|t:|1682555657\n|switch|p1b: Mugen|Annihilape, L50, M|100\/100\n|move|p2b: Volcarona|Rage Powder|p2b: Volcarona\n|-singleturn|p2b: Volcarona|move: Rage Powder\n|move|p1a: Zuggins|Hydro Pump|p2b: Volcarona|[miss]\n|-miss|p1a: Zuggins|p2b: Volcarona\n|move|p2a: Orthworm|Shed Tail|p2a: Orthworm\n|-start|p2a: Orthworm|Substitute|[from] move: Shed Tail\n|-damage|p2a: Orthworm|8\/100\n|\n|t:|1682555668\n|switch|p2a: Iron Hands|Iron Hands, L50|100\/100|[from] Shed Tail\n|\n|upkeep\n|turn|5\n|c|\u2606Slim reaper 69|Rip\n|inactive|Slim reaper 69 has 30 seconds left.\n|\n|t:|1682555693\n|move|p1a: Zuggins|Protect|p1a: Zuggins\n|-singleturn|p1a: Zuggins|Protect\n|move|p2b: Volcarona|Rage Powder|p2b: Volcarona\n|-singleturn|p2b: Volcarona|move: Rage Powder\n|move|p1b: Mugen|Bulk Up|p1b: Mugen\n|-boost|p1b: Mugen|atk|1\n|-boost|p1b: Mugen|def|1\n|move|p2a: Iron Hands|Swords Dance|p2a: Iron Hands\n|-boost|p2a: Iron Hands|atk|2\n|\n|upkeep\n|turn|6\n|\n|t:|1682555711\n|-end|p1a: Zuggins|Quark Drive|[silent]\n|switch|p1a: Teddy|Arcanine, L50, F, shiny|65\/100\n|-ability|p1a: Teddy|Intimidate|boost\n|-immune|p2a: Iron Hands\n|-unboost|p2b: Volcarona|atk|1\n|switch|p2b: Orthworm|Orthworm, L50, F, tera:Fire|8\/100\n|move|p1b: Mugen|Rage Fist|p2a: Iron Hands\n|-end|p2a: Iron Hands|Substitute\n|move|p2a: Iron Hands|Drain Punch|p1a: Teddy\n|-damage|p1a: Teddy|0 fnt\n|faint|p1a: Teddy\n|\n|upkeep\n|\n|t:|1682555723\n|switch|p1a: Zuggins|Iron Bundle, L50|65\/100\n|turn|7\n|\n|t:|1682555738\n|move|p1a: Zuggins|Protect|p1a: Zuggins\n|-singleturn|p1a: Zuggins|Protect\n|move|p2a: Iron Hands|Detect|p2a: Iron Hands\n|-singleturn|p2a: Iron Hands|Protect\n|move|p1b: Mugen|Bulk Up|p1b: Mugen\n|-boost|p1b: Mugen|atk|1\n|-boost|p1b: Mugen|def|1\n|move|p2b: Orthworm|Body Press|p1a: Zuggins\n|-activate|p1a: Zuggins|move: Protect\n|\n|upkeep\n|turn|8\n|\n|t:|1682555758\n|switch|p2b: Volcarona|Volcarona, L50, F|100\/100\n|move|p1a: Zuggins|Hydro Pump|p2a: Iron Hands\n|-damage|p2a: Iron Hands|54\/100\n|move|p1b: Mugen|Drain Punch|p2a: Iron Hands\n|-damage|p2a: Iron Hands|16\/100\n|move|p2a: Iron Hands|Drain Punch|p1a: Zuggins\n|-supereffective|p1a: Zuggins\n|-damage|p1a: Zuggins|0 fnt\n|-heal|p2a: Iron Hands|35\/100|[from] drain|[of] p1a: Zuggins\n|faint|p1a: Zuggins\n|-end|p1a: Zuggins|Quark Drive|[silent]\n|\n|upkeep\n|turn|9\n|inactive|NotDaBoy has 30 seconds left.\n|inactive|NotDaBoy has 20 seconds left.\n|\n|t:|1682555796\n|move|p2b: Volcarona|Rage Powder|p2b: Volcarona\n|-singleturn|p2b: Volcarona|move: Rage Powder\n|move|p1b: Mugen|Bulk Up|p1b: Mugen\n|-boost|p1b: Mugen|atk|1\n|-boost|p1b: Mugen|def|1\n|move|p2a: Iron Hands|Thunder Punch|p1b: Mugen\n|-damage|p1b: Mugen|68\/100\n|\n|-heal|p1b: Mugen|74\/100|[from] item: Leftovers\n|upkeep\n|turn|10\n|\n|t:|1682555816\n|move|p2a: Iron Hands|Detect|p2a: Iron Hands\n|-singleturn|p2a: Iron Hands|Protect\n|move|p2b: Volcarona|Overheat|p1b: Mugen\n|-damage|p1b: Mugen|34\/100\n|-unboost|p2b: Volcarona|spa|2\n|move|p1b: Mugen|Rage Fist|p2b: Volcarona\n|-damage|p2b: Volcarona|0 fnt\n|faint|p2b: Volcarona\n|\n|-heal|p1b: Mugen|40\/100|[from] item: Leftovers\n|upkeep\n|\n|t:|1682555830\n|switch|p2b: Dragonite|Dragonite, L50, M|100\/100\n|turn|11\n|\n|t:|1682555837\n|move|p1b: Mugen|Protect|p1b: Mugen\n|-singleturn|p1b: Mugen|Protect\n|move|p2b: Dragonite|Outrage|p1b: Mugen\n|-activate|p1b: Mugen|move: Protect\n|move|p2a: Iron Hands|Thunder Punch|p1b: Mugen\n|-activate|p1b: Mugen|move: Protect\n|\n|-heal|p1b: Mugen|46\/100|[from] item: Leftovers\n|upkeep\n|turn|12\n|\n|t:|1682555855\n|move|p2b: Dragonite|Outrage|p1b: Mugen\n|-damage|p1b: Mugen|19\/100\n|move|p1b: Mugen|Drain Punch|p2a: Iron Hands\n|-damage|p2a: Iron Hands|0 fnt\n|-heal|p1b: Mugen|38\/100|[from] drain|[of] p2a: Iron Hands\n|faint|p2a: Iron Hands\n|-end|p2a: Iron Hands|Quark Drive|[silent]\n|\n|-heal|p1b: Mugen|44\/100|[from] item: Leftovers\n|upkeep\n|\n|t:|1682555863\n|switch|p2a: Orthworm|Orthworm, L50, F, tera:Fire|8\/100\n|turn|13\n|\n|t:|1682555882\n|move|p1b: Mugen|Protect|p1b: Mugen\n|-singleturn|p1b: Mugen|Protect\n|move|p2b: Dragonite|Outrage|p1b: Mugen|[from]lockedmove\n|-activate|p1b: Mugen|move: Protect\n|-start|p2b: Dragonite|confusion|[fatigue]\n|move|p2a: Orthworm|Iron Defense|p2a: Orthworm\n|-boost|p2a: Orthworm|def|2\n|\n|-heal|p1b: Mugen|50\/100|[from] item: Leftovers\n|upkeep\n|turn|14\n|\n|t:|1682555895\n|-activate|p2b: Dragonite|confusion\n|move|p2b: Dragonite|Outrage|p1b: Mugen\n|-damage|p1b: Mugen|23\/100\n|move|p1b: Mugen|Rage Fist|p2b: Dragonite\n|-damage|p2b: Dragonite|0 fnt\n|faint|p2b: Dragonite\n|move|p2a: Orthworm|Heavy Slam|p1b: Mugen\n|-damage|p1b: Mugen|7\/100\n|\n|-heal|p1b: Mugen|13\/100|[from] item: Leftovers\n|upkeep\n|turn|15\n|-message|NotDaBoy forfeited.\n|\n|win|Slim reaper 69\n|raw|Slim reaper 69's rating: 1473 → 1498<\/strong> (+25 for winning)\n|raw|NotDaBoy's rating: 1559 → 1534<\/strong> (-25 for losing)\n|l|\u2606NotDaBoy\n","uploadtime":1682555914,"views":17,"p1id":"slimreaper69","p2id":"notdaboy","formatid":"gen9vgc2023regulationc","rating":1498,"private":0,"password":""}