{"id":"gen9vgc2023regulationc-1852621448","p1":"licharich","p2":"CbuttyVGC","format":"[Gen 9] VGC 2023 Regulation C","log":"|j|\u2606licharich\n|j|\u2606CbuttyVGC\n|t:|1682586644\n|gametype|doubles\n|player|p1|licharich|sage|1328\n|player|p2|CbuttyVGC|acetrainer-gen4dp|1402\n|teamsize|p1|6\n|teamsize|p2|6\n|gen|9\n|tier|[Gen 9] VGC 2023 Regulation C\n|rated|\n|rule|Species Clause: Limit one of each Pok\u00e9mon\n|rule|Item Clause: Limit one of each item\n|clearpoke\n|poke|p1|Flutter Mane, L50|\n|poke|p1|Slither Wing, L50|\n|poke|p1|Tauros-Paldea-Blaze, L50, M|\n|poke|p1|Tatsugiri, L50, F|\n|poke|p1|Chien-Pao, L50|\n|poke|p1|Amoonguss, L50, F|\n|poke|p2|Bellibolt, L50, M|\n|poke|p2|Wo-Chien, L50|\n|poke|p2|Glimmora, L50, F|\n|poke|p2|Flutter Mane, L50|\n|poke|p2|Dondozo, L50, M|\n|poke|p2|Tatsugiri-Stretchy, L50, M|\n|teampreview|4\n|inactive|Battle timer is ON: inactive players will automatically lose when time's up. (requested by CbuttyVGC)\n|\n|t:|1682586671\n|start\n|switch|p1a: Tatsugiri|Tatsugiri, L50, F, shiny|100\/100\n|switch|p1b: Flutter Mane|Flutter Mane, L50|100\/100\n|switch|p2a: Wo-Chien|Wo-Chien, L50|100\/100\n|switch|p2b: Glimmora|Glimmora, L50, F|100\/100\n|-ability|p2a: Wo-Chien|Tablets of Ruin\n|-enditem|p1b: Flutter Mane|Booster Energy\n|-activate|p1b: Flutter Mane|ability: Protosynthesis|[fromitem]\n|-start|p1b: Flutter Mane|protosynthesisspa\n|turn|1\n|\n|t:|1682586688\n|move|p1b: Flutter Mane|Shadow Ball|p2b: Glimmora\n|-damage|p2b: Glimmora|35\/100\n|move|p2b: Glimmora|Mortal Spin|p1b: Flutter Mane|[spread] p1a,p1b\n|-damage|p1a: Tatsugiri|95\/100\n|-damage|p1b: Flutter Mane|96\/100\n|-status|p1a: Tatsugiri|psn\n|-status|p1b: Flutter Mane|psn\n|move|p1a: Tatsugiri|Muddy Water|p2a: Wo-Chien|[spread] p2a\n|-miss|p1a: Tatsugiri|p2b: Glimmora\n|-resisted|p2a: Wo-Chien\n|-damage|p2a: Wo-Chien|89\/100\n|-unboost|p2a: Wo-Chien|accuracy|1\n|move|p2a: Wo-Chien|Ruination|p1b: Flutter Mane\n|-damage|p1b: Flutter Mane|48\/100 psn\n|\n|-damage|p1b: Flutter Mane|36\/100 psn|[from] psn\n|-damage|p1a: Tatsugiri|83\/100 psn|[from] psn\n|upkeep\n|turn|2\n|inactive|licharich has 30 seconds left.\n|\n|t:|1682586722\n|move|p2b: Glimmora|Spiky Shield|p2b: Glimmora\n|-singleturn|p2b: Glimmora|move: Protect\n|move|p1b: Flutter Mane|Dazzling Gleam|p2a: Wo-Chien|[spread] p2a\n|-activate|p2b: Glimmora|move: Protect\n|-supereffective|p2a: Wo-Chien\n|-damage|p2a: Wo-Chien|37\/100\n|-enditem|p2a: Wo-Chien|Sitrus Berry|[eat]\n|-heal|p2a: Wo-Chien|62\/100|[from] item: Sitrus Berry\n|move|p1a: Tatsugiri|Icy Wind|p2b: Glimmora|[spread] p2a\n|-activate|p2b: Glimmora|move: Protect\n|-supereffective|p2a: Wo-Chien\n|-damage|p2a: Wo-Chien|44\/100\n|-unboost|p2a: Wo-Chien|spe|1\n|move|p2a: Wo-Chien|Leech Seed|p1a: Tatsugiri\n|-start|p1a: Tatsugiri|move: Leech Seed\n|\n|-damage|p1a: Tatsugiri|71\/100 psn|[from] Leech Seed|[of] p2a: Wo-Chien\n|-heal|p2a: Wo-Chien|53\/100|[silent]\n|-damage|p1b: Flutter Mane|24\/100 psn|[from] psn\n|-damage|p1a: Tatsugiri|59\/100 psn|[from] psn\n|upkeep\n|turn|3\n|inactive|licharich has 30 seconds left.\n|inactive|licharich has 20 seconds left.\n|\n|t:|1682586760\n|move|p2a: Wo-Chien|Protect|p2a: Wo-Chien\n|-singleturn|p2a: Wo-Chien|Protect\n|move|p1b: Flutter Mane|Shadow Ball|p2b: Glimmora\n|-damage|p2b: Glimmora|0 fnt\n|faint|p2b: Glimmora\n|move|p1a: Tatsugiri|Draco Meteor|p2a: Wo-Chien\n|-activate|p2a: Wo-Chien|move: Protect\n|\n|-damage|p1a: Tatsugiri|47\/100 psn|[from] Leech Seed|[of] p2a: Wo-Chien\n|-heal|p2a: Wo-Chien|62\/100|[silent]\n|-damage|p1b: Flutter Mane|12\/100 psn|[from] psn\n|-damage|p1a: Tatsugiri|35\/100 psn|[from] psn\n|upkeep\n|\n|t:|1682586771\n|switch|p2b: Dondozo|Dondozo, L50, M|100\/100\n|turn|4\n|\n|t:|1682586782\n|switch|p1a: Tauros|Tauros-Paldea-Blaze, L50, M|100\/100\n|-ability|p1a: Tauros|Intimidate|boost\n|-unboost|p2a: Wo-Chien|atk|1\n|-fail|p2b: Dondozo|unboost|Attack|[from] ability: Oblivious|[of] p2b: Dondozo\n|move|p1b: Flutter Mane|Thunderbolt|p2b: Dondozo\n|-supereffective|p2b: Dondozo\n|-damage|p2b: Dondozo|28\/100\n|move|p2b: Dondozo|Wave Crash|p1b: Flutter Mane\n|-damage|p1b: Flutter Mane|0 fnt\n|faint|p1b: Flutter Mane\n|-end|p1b: Flutter Mane|Protosynthesis|[silent]\n|-damage|p2b: Dondozo|25\/100|[from] Recoil\n|move|p2a: Wo-Chien|Pollen Puff|p2b: Dondozo|[miss]\n|-miss|p2a: Wo-Chien|p2b: Dondozo\n|\n|-heal|p2b: Dondozo|31\/100|[from] item: Leftovers\n|upkeep\n|c|\u2606CbuttyVGC|NAHHH\n|\n|t:|1682586801\n|switch|p1b: Amoonguss|Amoonguss, L50, F|100\/100\n|turn|5\n|c|\u2606licharich|i didnt even know that could happen\n|c|\u2606CbuttyVGC|\ud83d\ude2d\n|inactive|licharich has 30 seconds left.\n|\n|t:|1682586829\n|switch|p2a: Tatsugiri|Tatsugiri-Stretchy, L50, M|100\/100\n|-activate|p2a: Tatsugiri|ability: Commander|[of] p2b: Dondozo\n|-boost|p2b: Dondozo|atk|2\n|-boost|p2b: Dondozo|spa|2\n|-boost|p2b: Dondozo|spe|2\n|-boost|p2b: Dondozo|def|2\n|-boost|p2b: Dondozo|spd|2\n|-enditem|p1a: Tauros|Mirror Herb\n|-boost|p1a: Tauros|atk|2|[from] item: Mirror Herb\n|-boost|p1a: Tauros|spa|2|[from] item: Mirror Herb\n|-boost|p1a: Tauros|spe|2|[from] item: Mirror Herb\n|-boost|p1a: Tauros|def|2|[from] item: Mirror Herb\n|-boost|p1a: Tauros|spd|2|[from] item: Mirror Herb\n|-terastallize|p2b: Dondozo|Grass\n|move|p1b: Amoonguss|Rage Powder|p1b: Amoonguss\n|-singleturn|p1b: Amoonguss|move: Rage Powder\n|move|p1a: Tauros|Will-O-Wisp|p2b: Dondozo\n|-status|p2b: Dondozo|brn\n|move|p2b: Dondozo|Earthquake|p1a: Tauros|[spread] p1a,p1b\n|-miss|p2b: Dondozo|p2a: Tatsugiri\n|-supereffective|p1a: Tauros\n|-damage|p1a: Tauros|78\/100\n|-damage|p1b: Amoonguss|82\/100\n|\n|-heal|p2b: Dondozo|38\/100 brn|[from] item: Leftovers\n|-damage|p2b: Dondozo|31\/100 brn|[from] brn\n|upkeep\n|turn|6\n|c|\u2606CbuttyVGC|Thank you muddy water accuracy dropping\n|c|\u2606CbuttyVGC|Ah\n|inactive|licharich has 30 seconds left.\n|\n|t:|1682586854\n|move|p1a: Tauros|Raging Bull|p2b: Dondozo\n|-supereffective|p2b: Dondozo\n|-damage|p2b: Dondozo|0 fnt\n|faint|p2b: Dondozo\n|move|p1b: Amoonguss|Pollen Puff|p1a: Tauros\n|-heal|p1a: Tauros|100\/100\n|\n|upkeep\n|\n|t:|1682586856\n|switch|p2b: Wo-Chien|Wo-Chien, L50|62\/100\n|-ability|p2b: Wo-Chien|Tablets of Ruin\n|turn|7\n|\n|t:|1682586874\n|-terastallize|p1a: Tauros|Water\n|move|p1a: Tauros|Raging Bull|p2b: Wo-Chien\n|-supereffective|p2b: Wo-Chien\n|-damage|p2b: Wo-Chien|0 fnt\n|faint|p2b: Wo-Chien\n|move|p2a: Tatsugiri|Muddy Water|p1a: Tauros|[spread] p1a,p1b\n|-resisted|p1a: Tauros\n|-resisted|p1b: Amoonguss\n|-damage|p1a: Tauros|90\/100\n|-damage|p1b: Amoonguss|68\/100\n|-unboost|p1a: Tauros|accuracy|1\n|-unboost|p1b: Amoonguss|accuracy|1\n|move|p1b: Amoonguss|Spore|p2a: Tatsugiri\n|-status|p2a: Tatsugiri|slp|[from] move: Spore\n|\n|upkeep\n|turn|8\n|-message|CbuttyVGC forfeited.\n|\n|win|licharich\n|raw|licharich's rating: 1328 → 1352<\/strong> (+24 for winning)\n|raw|CbuttyVGC's rating: 1402 → 1378<\/strong> (-24 for losing)\n","uploadtime":1682586884,"views":11,"p1id":"licharich","p2id":"cbuttyvgc","formatid":"gen9vgc2023regulationc","rating":1352,"private":0,"password":""}