{"id":"gen9vgc2023regulationc-1857549800","p1":"leoroop","p2":"Jibbers","format":"[Gen 9] VGC 2023 Regulation C","log":"|j|\u2606leoroop\n|j|\u2606Jibbers\n|t:|1683207315\n|gametype|doubles\n|player|p1|leoroop|backpacker|1260\n|player|p2|Jibbers|red|1288\n|teamsize|p1|6\n|teamsize|p2|6\n|gen|9\n|tier|[Gen 9] VGC 2023 Regulation C\n|rated|\n|rule|Species Clause: Limit one of each Pok\u00e9mon\n|rule|Item Clause: Limit one of each item\n|clearpoke\n|poke|p1|Gyarados, L50, M|\n|poke|p1|Amoonguss, L50, F|\n|poke|p1|Kingambit, L50, M|\n|poke|p1|Flutter Mane, L50|\n|poke|p1|Chi-Yu, L50|\n|poke|p1|Baxcalibur, L50, M|\n|poke|p2|Brute Bonnet, L50|\n|poke|p2|Gyarados, L50, M|\n|poke|p2|Ceruledge, L50, F|\n|poke|p2|Flutter Mane, L50|\n|poke|p2|Pawmot, L50, M|\n|poke|p2|Talonflame, L50, F|\n|teampreview|4\n|inactive|Battle timer is ON: inactive players will automatically lose when time's up. (requested by Jibbers)\nJibbers has agreed to open team sheets.\nleoroop has agreed to open team sheets.\n|inactive|leoroop has 60 seconds left.\n|\n|t:|1683207378\n|start\n|switch|p1a: Gyarados|Gyarados, L50, M|100\/100\n|switch|p1b: Flutter Mane|Flutter Mane, L50, shiny|100\/100\n|switch|p2a: Gyarados|Gyarados, L50, M|100\/100\n|switch|p2b: Talonflame|Talonflame, L50, F|100\/100\n|-ability|p2a: Gyarados|Intimidate|boost\n|-unboost|p1a: Gyarados|atk|1\n|-unboost|p1b: Flutter Mane|atk|1\n|-ability|p1a: Gyarados|Intimidate|boost\n|-unboost|p2a: Gyarados|atk|1\n|-unboost|p2b: Talonflame|atk|1\n|-enditem|p1b: Flutter Mane|Booster Energy\n|-activate|p1b: Flutter Mane|ability: Protosynthesis|[fromitem]\n|-start|p1b: Flutter Mane|protosynthesisspe\n|turn|1\n|\n|t:|1683207400\n|move|p1b: Flutter Mane|Protect|p1b: Flutter Mane\n|-singleturn|p1b: Flutter Mane|Protect\n|move|p2b: Talonflame|Taunt|p1a: Gyarados\n|-start|p1a: Gyarados|move: Taunt\n|move|p2a: Gyarados|Thunder Wave|p1b: Flutter Mane\n|-activate|p1b: Flutter Mane|move: Protect\n|cant|p1a: Gyarados|move: Taunt|Thunder Wave\n|\n|upkeep\n|turn|2\n|\n|t:|1683207422\n|-end|p1b: Flutter Mane|Protosynthesis|[silent]\n|switch|p1b: Amoonguss|Amoonguss, L50, F|100\/100\n|move|p2b: Talonflame|Will-O-Wisp|p1a: Gyarados\n|-status|p1a: Gyarados|brn\n|move|p2a: Gyarados|Thunder Wave|p1b: Amoonguss\n|-status|p1b: Amoonguss|par\n|move|p1a: Gyarados|Waterfall|p2b: Talonflame\n|-supereffective|p2b: Talonflame\n|-damage|p2b: Talonflame|60\/100\n|\n|-damage|p1a: Gyarados|95\/100 brn|[from] brn\n|upkeep\n|turn|3\n|inactive|Jibbers has 30 seconds left.\n|inactive|Jibbers has 20 seconds left.\n|\n|t:|1683207459\n|switch|p2a: Pawmot|Pawmot, L50, M|100\/100\n|move|p2b: Talonflame|Taunt|p1b: Amoonguss\n|-start|p1b: Amoonguss|move: Taunt\n|move|p1a: Gyarados|Waterfall|p2b: Talonflame\n|-supereffective|p2b: Talonflame\n|-damage|p2b: Talonflame|19\/100\n|cant|p1b: Amoonguss|move: Taunt|Spore\n|\n|-damage|p1a: Gyarados|89\/100 brn|[from] brn\n|-end|p1a: Gyarados|move: Taunt\n|upkeep\n|turn|4\n|\n|t:|1683207482\n|switch|p2b: Gyarados|Gyarados, L50, M|100\/100\n|-ability|p2b: Gyarados|Intimidate|boost\n|-unboost|p1a: Gyarados|atk|1\n|-unboost|p1b: Amoonguss|atk|1\n|move|p1a: Gyarados|Protect|p1a: Gyarados\n|-singleturn|p1a: Gyarados|Protect\n|move|p2a: Pawmot|Double Shock|p1a: Gyarados\n|-activate|p1a: Gyarados|move: Protect\n|move|p1b: Amoonguss|Pollen Puff|p2a: Pawmot\n|-resisted|p2a: Pawmot\n|-damage|p2a: Pawmot|83\/100\n|\n|-damage|p1a: Gyarados|83\/100 brn|[from] brn\n|upkeep\n|turn|5\n|inactive|leoroop has 30 seconds left.\n|\n|t:|1683207507\n|switch|p2b: Talonflame|Talonflame, L50, F|19\/100\n|switch|p1a: Chi-Yu|Chi-Yu, L50|100\/100\n|-ability|p1a: Chi-Yu|Beads of Ruin\n|move|p2a: Pawmot|Double Shock|p1a: Chi-Yu\n|-damage|p1a: Chi-Yu|12\/100\n|-start|p2a: Pawmot|typechange|???\/Fighting|[from] move: Double Shock\n|move|p1b: Amoonguss|Pollen Puff|p1a: Chi-Yu\n|-heal|p1a: Chi-Yu|62\/100\n|\n|-end|p1b: Amoonguss|move: Taunt\n|upkeep\n|turn|6\n|inactive|leoroop has 30 seconds left.\n|inactive|Jibbers has 30 seconds left.\n|\n|t:|1683207537\n|switch|p2a: Gyarados|Gyarados, L50, M|100\/100\n|-ability|p2a: Gyarados|Intimidate|boost\n|-unboost|p1a: Chi-Yu|atk|1\n|-unboost|p1b: Amoonguss|atk|1\n|switch|p1b: Gyarados|Gyarados, L50, M|83\/100 brn\n|-ability|p1b: Gyarados|Intimidate|boost\n|-unboost|p2a: Gyarados|atk|1\n|-unboost|p2b: Talonflame|atk|1\n|-terastallize|p1a: Chi-Yu|Ghost\n|move|p1a: Chi-Yu|Heat Wave|p2b: Talonflame|[spread] p2b\n|-miss|p1a: Chi-Yu|p2a: Gyarados\n|-resisted|p2b: Talonflame\n|-damage|p2b: Talonflame|0 fnt\n|faint|p2b: Talonflame\n|\n|-damage|p1b: Gyarados|77\/100 brn|[from] brn\n|upkeep\n|\n|t:|1683207552\n|switch|p2b: Pawmot|Pawmot, L50, M|83\/100\n|turn|7\n|inactive|leoroop has 30 seconds left.\n|\n|t:|1683207585\n|switch|p1a: Amoonguss|Amoonguss, L50, F|100\/100 par\n|switch|p2b: Ceruledge|Ceruledge, L50, F|100\/100\n|move|p1b: Gyarados|Protect|p1b: Gyarados\n|-singleturn|p1b: Gyarados|Protect\n|move|p2a: Gyarados|Thunder Wave|p1a: Amoonguss\n|-fail|p1a: Amoonguss|par\n|\n|-damage|p1b: Gyarados|71\/100 brn|[from] brn\n|upkeep\n|turn|8\n|inactive|Jibbers has 30 seconds left.\n|\n|t:|1683207617\n|-terastallize|p2b: Ceruledge|Grass\n|move|p2a: Gyarados|Waterfall|p1b: Gyarados\n|-resisted|p1b: Gyarados\n|-damage|p1b: Gyarados|58\/100 brn\n|move|p1b: Gyarados|Taunt|p2b: Ceruledge\n|-start|p2b: Ceruledge|move: Taunt\n|cant|p2b: Ceruledge|move: Taunt|Bulk Up\n|move|p1a: Amoonguss|Spore|p2b: Ceruledge\n|-immune|p2b: Ceruledge\n|\n|-damage|p1b: Gyarados|52\/100 brn|[from] brn\n|upkeep\n|turn|9\n|\n|t:|1683207639\n|move|p2a: Gyarados|Helping Hand|p2b: Ceruledge\n|-singleturn|p2b: Ceruledge|Helping Hand|[of] p2a: Gyarados\n|move|p1b: Gyarados|Thunder Wave|p2a: Gyarados\n|-status|p2a: Gyarados|par\n|move|p2b: Ceruledge|Bitter Blade|p1a: Amoonguss\n|-supereffective|p1a: Amoonguss\n|-damage|p1a: Amoonguss|0 fnt\n|faint|p1a: Amoonguss\n|\n|-damage|p1b: Gyarados|47\/100 brn|[from] brn\n|upkeep\n|\n|t:|1683207655\n|switch|p1a: Flutter Mane|Flutter Mane, L50, shiny|100\/100\n|turn|10\n|inactive|Jibbers has 30 seconds left.\n|\n|t:|1683207683\n|switch|p2a: Pawmot|Pawmot, L50, M|83\/100\n|move|p1a: Flutter Mane|Protect|p1a: Flutter Mane\n|-singleturn|p1a: Flutter Mane|Protect\n|move|p2b: Ceruledge|Shadow Sneak|p1b: Gyarados\n|-damage|p1b: Gyarados|25\/100 brn\n|move|p1b: Gyarados|Thunder Wave|p2b: Ceruledge\n|-status|p2b: Ceruledge|par\n|\n|-damage|p1b: Gyarados|19\/100 brn|[from] brn\n|-end|p2b: Ceruledge|move: Taunt\n|upkeep\n|turn|11\n|\n|t:|1683207701\n|switch|p1b: Chi-Yu|Chi-Yu, L50, tera:Ghost|62\/100\n|-ability|p1b: Chi-Yu|Beads of Ruin\n|move|p2b: Ceruledge|Shadow Sneak|p1a: Flutter Mane\n|-supereffective|p1a: Flutter Mane\n|-damage|p1a: Flutter Mane|40\/100\n|move|p2a: Pawmot|Revival Blessing|p2a: Pawmot\n|\n|t:|1683207709\n|-heal|p2: Talonflame|50\/100|[from] move: Revival Blessing\n|move|p1a: Flutter Mane|Hex|p2b: Ceruledge\n|-damage|p2b: Ceruledge|15\/100 par\n|\n|upkeep\n|turn|12\n|\n|t:|1683207728\n|cant|p2b: Ceruledge|par\n|move|p1b: Chi-Yu|Heat Wave|p2b: Ceruledge|[spread] p2a\n|-start|p2b: Ceruledge|ability: Flash Fire\n|-damage|p2a: Pawmot|0 fnt\n|faint|p2a: Pawmot\n|move|p1a: Flutter Mane|Dazzling Gleam|p2b: Ceruledge\n|-damage|p2b: Ceruledge|0 fnt\n|faint|p2b: Ceruledge\n|\n|upkeep\n|\n|t:|1683207740\n|switch|p2a: Gyarados|Gyarados, L50, M|100\/100 par\n|switch|p2b: Talonflame|Talonflame, L50, F|50\/100\n|-ability|p2a: Gyarados|Intimidate|boost\n|-unboost|p1a: Flutter Mane|atk|1\n|-unboost|p1b: Chi-Yu|atk|1\n|turn|13\n|inactive|Jibbers has 30 seconds left.\n|\n|t:|1683207768\n|switch|p1b: Gyarados|Gyarados, L50, M|19\/100 brn\n|-ability|p1b: Gyarados|Intimidate|boost\n|-unboost|p2a: Gyarados|atk|1\n|-unboost|p2b: Talonflame|atk|1\n|move|p1a: Flutter Mane|Protect|p1a: Flutter Mane\n|-singleturn|p1a: Flutter Mane|Protect\n|move|p2b: Talonflame|Brave Bird|p1b: Gyarados\n|-damage|p1b: Gyarados|0 fnt\n|faint|p1b: Gyarados\n|-damage|p2b: Talonflame|42\/100|[from] Recoil\n|move|p2a: Gyarados|Waterfall|p1a: Flutter Mane\n|-activate|p1a: Flutter Mane|move: Protect\n|\n|upkeep\n|\n|t:|1683207781\n|switch|p1b: Chi-Yu|Chi-Yu, L50, tera:Ghost|62\/100\n|-ability|p1b: Chi-Yu|Beads of Ruin\n|turn|14\n|\n|t:|1683207793\n|move|p1b: Chi-Yu|Dark Pulse|p2b: Talonflame\n|-damage|p2b: Talonflame|0 fnt\n|faint|p2b: Talonflame\n|move|p1a: Flutter Mane|Hex|p2a: Gyarados\n|-crit|p2a: Gyarados\n|-damage|p2a: Gyarados|0 fnt\n|faint|p2a: Gyarados\n|\n|win|leoroop\n|raw|leoroop's rating: 1260 → 1287<\/strong> (+27 for winning)\n|raw|Jibbers's rating: 1288 → 1261<\/strong> (-27 for losing)\n","uploadtime":1683207804,"views":4,"p1id":"leoroop","p2id":"jibbers","formatid":"gen9vgc2023regulationc","rating":1261,"private":0,"password":""}