{"id":"gen9vgc2023regulationc-1854439833","p1":"NicoHaxVGC","p2":"Abuelaphsycko22","format":"[Gen 9] VGC 2023 Regulation C","log":"|j|\u2606NicoHaxVGC\n|j|\u2606Abuelaphsycko22\n|t:|1682811124\n|gametype|doubles\n|player|p1|NicoHaxVGC|red|1347\n|player|p2|Abuelaphsycko22|pokemaniac|1358\n|teamsize|p1|6\n|teamsize|p2|6\n|gen|9\n|tier|[Gen 9] VGC 2023 Regulation C\n|rated|\n|rule|Species Clause: Limit one of each Pok\u00e9mon\n|rule|Item Clause: Limit one of each item\n|clearpoke\n|poke|p1|Corviknight, L50, F|\n|poke|p1|Ting-Lu, L50|\n|poke|p1|Annihilape, L50, M|\n|poke|p1|Iron Bundle, L50|\n|poke|p1|Flutter Mane, L50|\n|poke|p1|Maushold, L50|\n|poke|p2|Iron Hands, L50|\n|poke|p2|Amoonguss, L50, F|\n|poke|p2|Arcanine, L50, F|\n|poke|p2|Ting-Lu, L50|\n|poke|p2|Palafin, L50, M|\n|poke|p2|Flutter Mane, L50|\n|teampreview|4\n|inactive|Battle timer is ON: inactive players will automatically lose when time's up. (requested by NicoHaxVGC)\n|\n|t:|1682811150\n|start\n|switch|p1a: Cyborg|Iron Bundle, L50|100\/100\n|switch|p1b: Star fire|Flutter Mane, L50|100\/100\n|switch|p2a: Palafin|Palafin, L50, M, shiny|100\/100\n|switch|p2b: Arcanine|Arcanine, L50, F|100\/100\n|-ability|p2b: Arcanine|Intimidate|boost\n|-unboost|p1a: Cyborg|atk|1\n|-unboost|p1b: Star fire|atk|1\n|-enditem|p1a: Cyborg|Booster Energy\n|-activate|p1a: Cyborg|ability: Quark Drive|[fromitem]\n|-start|p1a: Cyborg|quarkdrivespe\n|turn|1\n|\n|t:|1682811168\n|detailschange|p2a: Palafin|Palafin-Hero, L50, M, shiny\n|switch|p2a: Amoonguss|Amoonguss, L50, F|100\/100\n|move|p1a: Cyborg|Hydro Pump|p2b: Arcanine\n|-supereffective|p2b: Arcanine\n|-damage|p2b: Arcanine|21\/100\n|move|p1b: Star fire|Shadow Ball|p2a: Amoonguss\n|-damage|p2a: Amoonguss|51\/100\n|move|p2b: Arcanine|Snarl|p1b: Star fire|[spread] p1a,p1b\n|-damage|p1a: Cyborg|84\/100\n|-damage|p1b: Star fire|92\/100\n|-unboost|p1a: Cyborg|spa|1\n|-unboost|p1b: Star fire|spa|1\n|\n|upkeep\n|turn|2\n|inactive|Abuelaphsycko22 has 30 seconds left.\n|\n|t:|1682811194\n|move|p2a: Amoonguss|Protect|p2a: Amoonguss\n|-singleturn|p2a: Amoonguss|Protect\n|move|p2b: Arcanine|Extreme Speed|p1a: Cyborg\n|-damage|p1a: Cyborg|63\/100\n|move|p1a: Cyborg|Freeze-Dry|p2a: Amoonguss\n|-activate|p2a: Amoonguss|move: Protect\n|move|p1b: Star fire|Shadow Ball|p2b: Arcanine\n|-crit|p2b: Arcanine\n|-damage|p2b: Arcanine|0 fnt\n|faint|p2b: Arcanine\n|\n|upkeep\n|\n|t:|1682811216\n|switch|p2b: Palafin|Palafin-Hero, L50, M, shiny|100\/100\n|-activate|p2b: Palafin|ability: Zero to Hero\n|turn|3\n|\n|t:|1682811234\n|-end|p1b: Star fire|Protosynthesis|[silent]\n|switch|p1b: Raven|Corviknight, L50, F|100\/100\n|-terastallize|p2b: Palafin|Water\n|move|p2a: Amoonguss|Rage Powder|p2a: Amoonguss\n|-singleturn|p2a: Amoonguss|move: Rage Powder\n|move|p2b: Palafin|Jet Punch|p1b: Raven\n|-damage|p1b: Raven|28\/100\n|-enditem|p1b: Raven|Sitrus Berry|[eat]\n|-heal|p1b: Raven|53\/100|[from] item: Sitrus Berry\n|move|p1a: Cyborg|Freeze-Dry|p2a: Amoonguss\n|-supereffective|p2a: Amoonguss\n|-damage|p2a: Amoonguss|18\/100\n|\n|upkeep\n|turn|4\n|inactive|NicoHaxVGC has 30 seconds left.\n|\n|t:|1682811262\n|move|p2a: Amoonguss|Rage Powder|p2a: Amoonguss\n|-singleturn|p2a: Amoonguss|move: Rage Powder\n|move|p2b: Palafin|Jet Punch|p1b: Raven\n|-damage|p1b: Raven|0 fnt\n|faint|p1b: Raven\n|move|p1a: Cyborg|Freeze-Dry|p2a: Amoonguss\n|-supereffective|p2a: Amoonguss\n|-damage|p2a: Amoonguss|0 fnt\n|faint|p2a: Amoonguss\n|\n|upkeep\n|\n|t:|1682811272\n|switch|p1b: Star fire|Flutter Mane, L50|92\/100\n|switch|p2a: Ting-Lu|Ting-Lu, L50|100\/100\n|-ability|p2a: Ting-Lu|Vessel of Ruin\n|turn|5\n|inactive|NicoHaxVGC has 30 seconds left.\n|\n|t:|1682811299\n|move|p2b: Palafin|Jet Punch|p1b: Star fire\n|-damage|p1b: Star fire|0 fnt\n|faint|p1b: Star fire\n|-end|p1b: Star fire|Protosynthesis|[silent]\n|move|p1a: Cyborg|Freeze-Dry|p2a: Ting-Lu\n|-supereffective|p2a: Ting-Lu\n|-damage|p2a: Ting-Lu|88\/100\n|move|p2a: Ting-Lu|Heavy Slam|p1a: Cyborg\n|-damage|p1a: Cyborg|28\/100\n|\n|upkeep\n|\n|t:|1682811305\n|switch|p1b: Beast boy|Ting-Lu, L50|100\/100\n|-ability|p1b: Beast boy|Vessel of Ruin\n|turn|6\n|inactive|NicoHaxVGC has 30 seconds left.\n|\n|t:|1682811331\n|-terastallize|p1b: Beast boy|Grass\n|move|p1a: Cyborg|Protect|p1a: Cyborg\n|-singleturn|p1a: Cyborg|Protect\n|move|p2b: Palafin|Jet Punch|p1b: Beast boy\n|-resisted|p1b: Beast boy\n|-damage|p1b: Beast boy|80\/100\n|move|p1b: Beast boy|Ruination|p2b: Palafin\n|-damage|p2b: Palafin|50\/100\n|move|p2a: Ting-Lu|Stomping Tantrum|p1a: Cyborg\n|-activate|p1a: Cyborg|move: Protect\n|\n|upkeep\n|turn|7\n|\n|t:|1682811354\n|move|p2b: Palafin|Jet Punch|p1a: Cyborg\n|-resisted|p1a: Cyborg\n|-damage|p1a: Cyborg|0 fnt\n|faint|p1a: Cyborg\n|-end|p1a: Cyborg|Quark Drive|[silent]\n|move|p1b: Beast boy|Ruination|p2a: Ting-Lu\n|-damage|p2a: Ting-Lu|44\/100\n|move|p2a: Ting-Lu|Fissure|p1b: Beast boy|[miss]\n|-miss|p2a: Ting-Lu|p1b: Beast boy\n|\n|upkeep\n|turn|8\n|\n|t:|1682811372\n|move|p2b: Palafin|Jet Punch|p1b: Beast boy\n|-resisted|p1b: Beast boy\n|-damage|p1b: Beast boy|57\/100\n|move|p1b: Beast boy|Stone Edge|p2b: Palafin|[miss]\n|-miss|p1b: Beast boy|p2b: Palafin\n|move|p2a: Ting-Lu|Fissure|p1b: Beast boy|[miss]\n|-miss|p2a: Ting-Lu|p1b: Beast boy\n|\n|upkeep\n|turn|9\n|\n|t:|1682811383\n|move|p2b: Palafin|Jet Punch|p1b: Beast boy\n|-resisted|p1b: Beast boy\n|-damage|p1b: Beast boy|35\/100\n|move|p1b: Beast boy|Stomping Tantrum|p2b: Palafin\n|-damage|p2b: Palafin|0 fnt\n|faint|p2b: Palafin\n|move|p2a: Ting-Lu|Fissure|p1b: Beast boy|[miss]\n|-miss|p2a: Ting-Lu|p1b: Beast boy\n|\n|upkeep\n|turn|10\n|\n|t:|1682811400\n|move|p1b: Beast boy|Ruination|p2a: Ting-Lu\n|-damage|p2a: Ting-Lu|22\/100\n|move|p2a: Ting-Lu|Stomping Tantrum|p1b: Beast boy\n|-resisted|p1b: Beast boy\n|-damage|p1b: Beast boy|20\/100\n|\n|upkeep\n|turn|11\n|\n|t:|1682811408\n|move|p1b: Beast boy|Stomping Tantrum|p2a: Ting-Lu\n|-damage|p2a: Ting-Lu|5\/100\n|move|p2a: Ting-Lu|Fissure|p1b: Beast boy\n|-damage|p1b: Beast boy|0 fnt\n|faint|p1b: Beast boy\n|-ohko\n|\n|win|Abuelaphsycko22\n|raw|NicoHaxVGC's rating: 1347 → 1328<\/strong> (-19 for losing)\n|raw|Abuelaphsycko22's rating: 1358 → 1377<\/strong> (+19 for winning)\n|c|\u2606NicoHaxVGC|gg\n","uploadtime":1682811416,"views":24,"p1id":"nicohaxvgc","p2id":"abuelaphsycko22","formatid":"gen9vgc2023regulationc","rating":1328,"private":0,"password":""}