{"id":"gen9vgc2023regulationc-1852648589","p1":"bennoVGC","p2":"judevgc","format":"[Gen 9] VGC 2023 Regulation C","log":"|j|\u2606bennoVGC\n|j|\u2606judevgc\n|t:|1682590961\n|gametype|doubles\n|player|p1|bennoVGC|265|\n|player|p2|judevgc|101|\n|teamsize|p1|6\n|teamsize|p2|6\n|gen|9\n|tier|[Gen 9] VGC 2023 Regulation C\n|rule|Species Clause: Limit one of each Pok\u00e9mon\n|rule|Item Clause: Limit one of each item\n|clearpoke\n|poke|p1|Palafin, L50, M|\n|poke|p1|Arcanine, L50, F|\n|poke|p1|Flutter Mane, L50|\n|poke|p1|Amoonguss, L50, M|\n|poke|p1|Ting-Lu, L50|\n|poke|p1|Pawmot, L50, F|\n|poke|p2|Ting-Lu, L50|\n|poke|p2|Bronzong, L50|\n|poke|p2|Amoonguss, L50, M|\n|poke|p2|Iron Hands, L50|\n|poke|p2|Gyarados, L50, M|\n|poke|p2|Iron Bundle, L50|\n|teampreview|4\nbennoVGC has agreed to open team sheets.\n|c|\u2606judevgc|glhf\njudevgc has agreed to open team sheets.\n|\n|t:|1682591026\n|start\n|switch|p1a: Palafin|Palafin, L50, M, shiny|100\/100\n|switch|p1b: Flutter Mane|Flutter Mane, L50, shiny|100\/100\n|switch|p2a: Gyarados|Gyarados, L50, M|100\/100\n|switch|p2b: Iron Bundle|Iron Bundle, L50|100\/100\n|-ability|p2a: Gyarados|Intimidate|boost\n|-fail|p1a: Palafin|unboost|[from] item: Clear Amulet|[of] p1a: Palafin\n|-unboost|p1b: Flutter Mane|atk|1\n|turn|1\n|\n|t:|1682591058\n|move|p1a: Palafin|Protect|p1a: Palafin\n|-singleturn|p1a: Palafin|Protect\n|move|p2b: Iron Bundle|Hydro Pump|p1a: Palafin\n|-activate|p1a: Palafin|move: Protect\n|move|p1b: Flutter Mane|Thunderbolt|p2a: Gyarados\n|-supereffective|p2a: Gyarados\n|-damage|p2a: Gyarados|0 fnt\n|faint|p2a: Gyarados\n|\n|upkeep\n|\n|t:|1682591065\n|switch|p2a: Ting-Lu|Ting-Lu, L50|100\/100\n|-ability|p2a: Ting-Lu|Vessel of Ruin\n|turn|2\n|\n|t:|1682591075\n|detailschange|p1a: Palafin|Palafin-Hero, L50, M, shiny\n|switch|p1a: Pawmot|Pawmot, L50, F, shiny|100\/100\n|move|p2b: Iron Bundle|Hydro Pump|p1a: Pawmot\n|-damage|p1a: Pawmot|30\/100\n|move|p1b: Flutter Mane|Thunderbolt|p2b: Iron Bundle\n|-supereffective|p2b: Iron Bundle\n|-enditem|p2b: Iron Bundle|Focus Sash\n|-damage|p2b: Iron Bundle|1\/100\n|move|p2a: Ting-Lu|Heavy Slam|p1b: Flutter Mane\n|-supereffective|p1b: Flutter Mane\n|-damage|p1b: Flutter Mane|0 fnt\n|faint|p1b: Flutter Mane\n|-end|p1b: Flutter Mane|Protosynthesis|[silent]\n|\n|upkeep\n|\n|t:|1682591085\n|switch|p1b: Palafin|Palafin-Hero, L50, M, shiny|100\/100\n|-activate|p1b: Palafin|ability: Zero to Hero\n|turn|3\n|\n|t:|1682591107\n|-end|p2b: Iron Bundle|Quark Drive|[silent]\n|switch|p2b: Amoonguss|Amoonguss, L50, M|100\/100\n|-terastallize|p1b: Palafin|Water\n|-terastallize|p2a: Ting-Lu|Poison\n|move|p1a: Pawmot|Fake Out|p2b: Amoonguss\n|-damage|p2b: Amoonguss|90\/100\n|-damage|p1a: Pawmot|14\/100|[from] item: Rocky Helmet|[of] p2b: Amoonguss\n|move|p1b: Palafin|Wave Crash|p2a: Ting-Lu\n|-damage|p2a: Ting-Lu|37\/100\n|-damage|p1b: Palafin|74\/100|[from] Recoil\n|move|p2a: Ting-Lu|Earthquake|p1b: Palafin|[spread] p2b,p1a,p1b\n|-supereffective|p1a: Pawmot\n|-damage|p2b: Amoonguss|59\/100\n|-damage|p1a: Pawmot|0 fnt\n|-damage|p1b: Palafin|40\/100\n|faint|p1a: Pawmot\n|\n|upkeep\n|\n|t:|1682591121\n|switch|p1a: Arcanine|Arcanine, L50, F, shiny|100\/100\n|-ability|p1a: Arcanine|Intimidate|boost\n|-unboost|p2a: Ting-Lu|atk|1\n|-unboost|p2b: Amoonguss|atk|1\n|turn|4\n|\n|t:|1682591139\n|switch|p2a: Iron Bundle|Iron Bundle, L50|1\/100\n|move|p2b: Amoonguss|Protect|p2b: Amoonguss\n|-singleturn|p2b: Amoonguss|Protect\n|move|p1a: Arcanine|Flare Blitz|p2b: Amoonguss\n|-activate|p2b: Amoonguss|move: Protect\n|move|p1b: Palafin|Wave Crash|p2a: Iron Bundle\n|-resisted|p2a: Iron Bundle\n|-damage|p2a: Iron Bundle|0 fnt\n|faint|p2a: Iron Bundle\n|-end|p2a: Iron Bundle|Quark Drive|[silent]\n|-damage|p1b: Palafin|40\/100|[from] Recoil\n|\n|upkeep\n|\n|t:|1682591147\n|switch|p2a: Ting-Lu|Ting-Lu, L50, tera:Poison|37\/100\n|-ability|p2a: Ting-Lu|Vessel of Ruin\n|turn|5\n|\n|t:|1682591163\n|move|p2b: Amoonguss|Rage Powder|p2b: Amoonguss\n|-singleturn|p2b: Amoonguss|move: Rage Powder\n|move|p1a: Arcanine|Flare Blitz|p2b: Amoonguss\n|-supereffective|p2b: Amoonguss\n|-damage|p2b: Amoonguss|0 fnt\n|-damage|p1a: Arcanine|84\/100|[from] item: Rocky Helmet|[of] p2b: Amoonguss\n|faint|p2b: Amoonguss\n|-damage|p1a: Arcanine|63\/100|[from] Recoil\n|move|p1b: Palafin|Wave Crash|p2a: Ting-Lu\n|-damage|p2a: Ting-Lu|0 fnt\n|faint|p2a: Ting-Lu\n|-damage|p1b: Palafin|25\/100|[from] Recoil\n|\n|win|bennoVGC\n|l|\u2606judevgc\n","uploadtime":1682591552,"views":10,"p1id":"bennovgc","p2id":"judevgc","formatid":"gen9vgc2023regulationc","rating":0,"private":0,"password":""}