{"id":"gen9vgc2023regulationc-1857813016","p1":"Celaerity1","p2":"Dreads Of Ruin","format":"[Gen 9] VGC 2023 Regulation C","log":"|j|\u2606Celaerity1\n|j|\u2606Dreads Of Ruin\n|t:|1683234438\n|gametype|doubles\n|player|p1|Celaerity1|2|\n|player|p2|Dreads Of Ruin|dancer|\n|teamsize|p1|6\n|teamsize|p2|6\n|gen|9\n|tier|[Gen 9] VGC 2023 Regulation C\n|rule|Species Clause: Limit one of each Pok\u00e9mon\n|rule|Item Clause: Limit one of each item\n|clearpoke\n|poke|p1|Gholdengo, L50|\n|poke|p1|Amoonguss, L50, F|\n|poke|p1|Chi-Yu, L50|\n|poke|p1|Gyarados, L50, M|\n|poke|p1|Iron Hands, L50|\n|poke|p1|Flutter Mane, L50|\n|poke|p2|Maushold-Four, L50|\n|poke|p2|Annihilape, L50, F|\n|poke|p2|Gholdengo, L50|\n|poke|p2|Iron Bundle, L50|\n|poke|p2|Roaring Moon, L50|\n|poke|p2|Arcanine, L50, M|\n|teampreview|4\n|inactive|Battle timer is ON: inactive players will automatically lose when time's up. (requested by Dreads Of Ruin)\n|inactiveoff|Battle timer is now OFF.\nCelaerity1 has agreed to open team sheets.\n|c|\u2606Celaerity1|g2\nDreads Of Ruin has agreed to open team sheets.\n|\n|t:|1683234991\n|start\n|switch|p1a: Chi-Yu|Chi-Yu, L50|100\/100\n|switch|p1b: Flutter Mane|Flutter Mane, L50|100\/100\n|switch|p2a: Maushold|Maushold-Four, L50|100\/100\n|switch|p2b: Gholdengo|Gholdengo, L50|100\/100\n|-ability|p1a: Chi-Yu|Beads of Ruin\n|turn|1\n|\n|t:|1683235014\n|-terastallize|p1b: Flutter Mane|Water\n|move|p2a: Maushold|Protect|p2a: Maushold\n|-singleturn|p2a: Maushold|Protect\n|move|p2b: Gholdengo|Protect|p2b: Gholdengo\n|-singleturn|p2b: Gholdengo|Protect\n|move|p1a: Chi-Yu|Heat Wave|p2a: Maushold|[spread] \n|-activate|p2a: Maushold|move: Protect\n|-activate|p2b: Gholdengo|move: Protect\n|move|p1b: Flutter Mane|Dazzling Gleam|p2b: Gholdengo|[spread] \n|-activate|p2a: Maushold|move: Protect\n|-activate|p2b: Gholdengo|move: Protect\n|\n|upkeep\n|turn|2\n|\n|t:|1683235048\n|-terastallize|p2b: Gholdengo|Water\n|move|p1a: Chi-Yu|Heat Wave|p2b: Gholdengo|[spread] p2b\n|-miss|p1a: Chi-Yu|p2a: Maushold\n|-resisted|p2b: Gholdengo\n|-damage|p2b: Gholdengo|84\/100\n|-status|p2b: Gholdengo|brn\n|move|p1b: Flutter Mane|Dazzling Gleam|p2b: Gholdengo|[spread] p2a,p2b\n|-damage|p2a: Maushold|43\/100\n|-damage|p2b: Gholdengo|40\/100 brn\n|move|p2a: Maushold|Super Fang|p1b: Flutter Mane\n|-damage|p1b: Flutter Mane|50\/100\n|move|p2b: Gholdengo|Shadow Ball|p1b: Flutter Mane\n|-damage|p1b: Flutter Mane|0 fnt\n|faint|p1b: Flutter Mane\n|-end|p1b: Flutter Mane|Protosynthesis|[silent]\n|-damage|p2b: Gholdengo|31\/100 brn|[from] item: Life Orb\n|\n|-damage|p2b: Gholdengo|25\/100 brn|[from] brn\n|upkeep\n|\n|t:|1683235066\n|switch|p1b: Iron Hands|Iron Hands, L50|100\/100\n|turn|3\n|\n|t:|1683235077\n|move|p2a: Maushold|Protect|p2a: Maushold\n|-singleturn|p2a: Maushold|Protect\n|move|p2b: Gholdengo|Protect|p2b: Gholdengo\n|-singleturn|p2b: Gholdengo|Protect\n|move|p1a: Chi-Yu|Heat Wave|p2a: Maushold|[spread] \n|-activate|p2a: Maushold|move: Protect\n|-activate|p2b: Gholdengo|move: Protect\n|move|p1b: Iron Hands|Drain Punch|p2b: Gholdengo\n|-activate|p2b: Gholdengo|move: Protect\n|\n|-damage|p2b: Gholdengo|18\/100 brn|[from] brn\n|upkeep\n|turn|4\n|\n|t:|1683235100\n|move|p1a: Chi-Yu|Heat Wave|p2b: Gholdengo|[spread] p2a,p2b\n|-resisted|p2b: Gholdengo\n|-damage|p2a: Maushold|0 fnt\n|-damage|p2b: Gholdengo|1\/100 brn\n|faint|p2a: Maushold\n|move|p2b: Gholdengo|Shadow Ball|p1b: Iron Hands\n|-damage|p1b: Iron Hands|69\/100\n|-damage|p2b: Gholdengo|0 fnt|[from] item: Life Orb\n|faint|p2b: Gholdengo\n|move|p1b: Iron Hands|Drain Punch|p2: Maushold|[notarget]\n|-fail|p1b: Iron Hands\n|\n|upkeep\n|\n|t:|1683235103\n|switch|p2a: Iron Bundle|Iron Bundle, L50|100\/100\n|switch|p2b: Roaring Moon|Roaring Moon, L50|100\/100\n|-enditem|p2b: Roaring Moon|Booster Energy\n|-activate|p2b: Roaring Moon|ability: Protosynthesis|[fromitem]\n|-start|p2b: Roaring Moon|protosynthesisspe\n|turn|5\n|\n|t:|1683235136\n|switch|p1a: Amoonguss|Amoonguss, L50, F, shiny|100\/100\n|move|p2a: Iron Bundle|Protect|p2a: Iron Bundle\n|-singleturn|p2a: Iron Bundle|Protect\n|move|p2b: Roaring Moon|Acrobatics|p1b: Iron Hands\n|-damage|p1b: Iron Hands|45\/100\n|move|p1b: Iron Hands|Drain Punch|p2b: Roaring Moon\n|-supereffective|p2b: Roaring Moon\n|-damage|p2b: Roaring Moon|0 fnt\n|-heal|p1b: Iron Hands|81\/100|[from] drain|[of] p2b: Roaring Moon\n|faint|p2b: Roaring Moon\n|-end|p2b: Roaring Moon|Protosynthesis|[silent]\n|\n|upkeep\n|turn|6\n|\n|t:|1683235146\n|move|p2a: Iron Bundle|Freeze-Dry|p1a: Amoonguss\n|-supereffective|p1a: Amoonguss\n|-damage|p1a: Amoonguss|40\/100\n|-enditem|p1a: Amoonguss|Sitrus Berry|[eat]\n|-heal|p1a: Amoonguss|65\/100|[from] item: Sitrus Berry\n|move|p1b: Iron Hands|Drain Punch|p2a: Iron Bundle\n|-supereffective|p2a: Iron Bundle\n|-crit|p2a: Iron Bundle\n|-damage|p2a: Iron Bundle|0 fnt\n|-heal|p1b: Iron Hands|100\/100|[from] drain|[of] p2a: Iron Bundle\n|faint|p2a: Iron Bundle\n|-end|p2a: Iron Bundle|Quark Drive|[silent]\n|\n|win|Celaerity1\n|c|\u2606Celaerity1|gg :) sorry for the hax in g1\n|c|\u2606Dreads Of Ruin|GGs\n|c|\u2606Dreads Of Ruin|It happens\n|l|\u2606Dreads Of Ruin\n","uploadtime":1683235151,"views":22,"p1id":"celaerity1","p2id":"dreadsofruin","formatid":"gen9vgc2023regulationc","rating":0,"private":0,"password":""}