{"id":"gen9vgc2023regulationc-1856216159","p1":"Lugiabirb","p2":"19402u","format":"[Gen 9] VGC 2023 Regulation C","log":"|j|\u2606Lugiabirb\n|j|\u260619402u\n|t:|1683041607\n|gametype|doubles\n|player|p1|Lugiabirb|leon|1344\n|player|p2|19402u|169|1445\n|teamsize|p1|6\n|teamsize|p2|6\n|gen|9\n|tier|[Gen 9] VGC 2023 Regulation C\n|rated|\n|rule|Species Clause: Limit one of each Pok\u00e9mon\n|rule|Item Clause: Limit one of each item\n|clearpoke\n|poke|p1|Garchomp, L50, F|\n|poke|p1|Tyranitar, L50, M|\n|poke|p1|Houndstone, L50, M|\n|poke|p1|Zoroark, L50, F|\n|poke|p1|Palafin, L50, F|\n|poke|p1|Amoonguss, L50, F|\n|poke|p2|Chi-Yu, L50|\n|poke|p2|Flutter Mane, L50|\n|poke|p2|Glimmora, L50, M|\n|poke|p2|Dondozo, L50, M|\n|poke|p2|Dragonite, L50, M|\n|poke|p2|Tatsugiri, L50, M|\n|teampreview|4\n19402u has agreed to open team sheets.\nLugiabirb has agreed to open team sheets.\n|inactive|Battle timer is ON: inactive players will automatically lose when time's up. (requested by Lugiabirb)\n|\n|t:|1683041656\n|start\n|switch|p1a: Houndstone|Houndstone, L50, M|100\/100\n|switch|p1b: Tyranitar|Tyranitar, L50, M|100\/100\n|switch|p2a: Tatsugiri|Tatsugiri, L50, M, shiny|100\/100\n|switch|p2b: Glimmora|Glimmora, L50, M|100\/100\n|-weather|Sandstorm|[from] ability: Sand Stream|[of] p1b: Tyranitar\n|turn|1\n|inactive|Lugiabirb has 30 seconds left.\n|inactive|19402u has 30 seconds left.\n|\n|t:|1683041685\n|move|p2b: Glimmora|Spiky Shield|p2b: Glimmora\n|-singleturn|p2b: Glimmora|move: Protect\n|move|p1a: Houndstone|Howl|p1a: Houndstone|[spread] p1a,p1b\n|-boost|p1a: Houndstone|atk|1\n|-boost|p1b: Tyranitar|atk|1\n|move|p1b: Tyranitar|Rock Slide|p2b: Glimmora|[spread] p2a\n|-activate|p2b: Glimmora|move: Protect\n|-damage|p2a: Tatsugiri|28\/100\n|move|p2a: Tatsugiri|Muddy Water|p1a: Houndstone|[spread] p1a,p1b\n|-supereffective|p1b: Tyranitar\n|-damage|p1a: Houndstone|44\/100\n|-damage|p1b: Tyranitar|52\/100\n|-enditem|p1a: Houndstone|Sitrus Berry|[eat]\n|-heal|p1a: Houndstone|68\/100|[from] item: Sitrus Berry\n|\n|-weather|Sandstorm|[upkeep]\n|-damage|p2a: Tatsugiri|22\/100|[from] Sandstorm\n|upkeep\n|turn|2\n|inactive|Lugiabirb has 30 seconds left.\n|inactive|19402u has 30 seconds left.\n|inactive|19402u has 20 seconds left.\n|\n|t:|1683041724\n|move|p1a: Houndstone|Last Respects|p2b: Glimmora\n|-damage|p2b: Glimmora|68\/100\n|-activate|p2b: Glimmora|ability: Toxic Debris\n|-sidestart|p1: Lugiabirb|move: Toxic Spikes\n|move|p2b: Glimmora|Power Gem|p1a: Houndstone\n|-damage|p1a: Houndstone|26\/100\n|move|p1b: Tyranitar|Rock Slide|p2b: Glimmora|[spread] p2a,p2b\n|-crit|p2a: Tatsugiri\n|-damage|p2a: Tatsugiri|0 fnt\n|-damage|p2b: Glimmora|4\/100\n|-activate|p2b: Glimmora|ability: Toxic Debris\n|-sidestart|p1: Lugiabirb|move: Toxic Spikes\n|faint|p2a: Tatsugiri\n|\n|-weather|Sandstorm|[upkeep]\n|upkeep\n|\n|t:|1683041743\n|switch|p2a: Dragonite|Dragonite, L50, M, shiny|100\/100\n|turn|3\n|inactive|Lugiabirb has 30 seconds left.\n|\n|t:|1683041771\n|-terastallize|p1b: Tyranitar|Flying\n|move|p2b: Glimmora|Spiky Shield|p2b: Glimmora\n|-singleturn|p2b: Glimmora|move: Protect\n|move|p1a: Houndstone|Scary Face|p2b: Glimmora\n|-activate|p2b: Glimmora|move: Protect\n|move|p2a: Dragonite|Outrage|p1b: Tyranitar\n|-damage|p1b: Tyranitar|0 fnt\n|faint|p1b: Tyranitar\n|\n|-weather|Sandstorm|[upkeep]\n|-damage|p2a: Dragonite|95\/100|[from] Sandstorm\n|upkeep\n|\n|t:|1683041786\n|switch|p1b: Garchomp|Garchomp, L50, F|100\/100\n|-status|p1b: Garchomp|tox\n|turn|4\n|\n|t:|1683041799\n|move|p1a: Houndstone|Last Respects|p2a: Dragonite\n|-damage|p2a: Dragonite|21\/100\n|move|p1b: Garchomp|Rock Slide|p2b: Glimmora|[spread] p2a,p2b\n|-supereffective|p2a: Dragonite\n|-damage|p2a: Dragonite|0 fnt\n|-damage|p2b: Glimmora|0 fnt\n|faint|p2a: Dragonite\n|faint|p2b: Glimmora\n|\n|-weather|Sandstorm|[upkeep]\n|-damage|p1b: Garchomp|94\/100 tox|[from] psn\n|upkeep\n|\n|t:|1683041808\n|switch|p2b: Chi-Yu|Chi-Yu, L50|100\/100\n|-ability|p2b: Chi-Yu|Beads of Ruin\n|turn|5\n|\n|t:|1683041818\n|switch|p1a: Palafin|Palafin, L50, F|100\/100\n|-status|p1a: Palafin|tox\n|move|p2b: Chi-Yu|Protect|p2b: Chi-Yu\n|-singleturn|p2b: Chi-Yu|Protect\n|move|p1b: Garchomp|Rock Tomb|p2b: Chi-Yu\n|-activate|p2b: Chi-Yu|move: Protect\n|\n|-weather|none\n|-damage|p1b: Garchomp|82\/100 tox|[from] psn\n|-damage|p1a: Palafin|95\/100 tox|[from] psn\n|upkeep\n|turn|6\n|\n|t:|1683041834\n|detailschange|p1a: Palafin|Palafin-Hero, L50, F\n|switch|p1a: Houndstone|Houndstone, L50, M|26\/100\n|-status|p1a: Houndstone|tox\n|-terastallize|p2b: Chi-Yu|Grass\n|move|p1b: Garchomp|Rock Tomb|p2b: Chi-Yu\n|-damage|p2b: Chi-Yu|70\/100\n|-unboost|p2b: Chi-Yu|spe|1\n|move|p2b: Chi-Yu|Dark Pulse|p1b: Garchomp\n|-damage|p1b: Garchomp|14\/100 tox\n|\n|-damage|p1b: Garchomp|0 fnt|[from] psn\n|faint|p1b: Garchomp\n|-damage|p1a: Houndstone|20\/100 tox|[from] psn\n|upkeep\n|\n|t:|1683041846\n|switch|p1b: Palafin|Palafin-Hero, L50, F|95\/100 tox\n|-activate|p1b: Palafin|ability: Zero to Hero\n|turn|7\n|\n|t:|1683041857\n|move|p2b: Chi-Yu|Protect|p2b: Chi-Yu\n|-singleturn|p2b: Chi-Yu|Protect\n|move|p1b: Palafin|Wave Crash|p2b: Chi-Yu\n|-activate|p2b: Chi-Yu|move: Protect\n|move|p1a: Houndstone|Last Respects|p2b: Chi-Yu\n|-activate|p2b: Chi-Yu|move: Protect\n|\n|-damage|p1b: Palafin|89\/100 tox|[from] psn\n|-damage|p1a: Houndstone|8\/100 tox|[from] psn\n|upkeep\n|turn|8\n|\n|t:|1683041863\n|move|p1b: Palafin|Wave Crash|p2b: Chi-Yu\n|-resisted|p2b: Chi-Yu\n|-damage|p2b: Chi-Yu|0 fnt\n|faint|p2b: Chi-Yu\n|-damage|p1b: Palafin|70\/100 tox|[from] Recoil\n|\n|win|Lugiabirb\n|raw|Lugiabirb's rating: 1344 → 1370<\/strong> (+26 for winning)\n|raw|19402u's rating: 1445 → 1419<\/strong> (-26 for losing)\n","uploadtime":1683041870,"views":8,"p1id":"lugiabirb","p2id":"19402u","formatid":"gen9vgc2023regulationc","rating":1370,"private":0,"password":""}