{"id":"gen9vgc2023regulationc-1854773470","p1":"Izzywooperstan","p2":"Damayr","format":"[Gen 9] VGC 2023 Regulation C","log":"|j|\u2606Izzywooperstan\n|j|\u2606Damayr\n|t:|1682864241\n|gametype|doubles\n|player|p1|Izzywooperstan|lady|1586\n|player|p2|Damayr|2|1551\n|teamsize|p1|6\n|teamsize|p2|6\n|gen|9\n|tier|[Gen 9] VGC 2023 Regulation C\n|rated|\n|rule|Species Clause: Limit one of each Pok\u00e9mon\n|rule|Item Clause: Limit one of each item\n|clearpoke\n|poke|p1|Azumarill, L50, M|\n|poke|p1|Baxcalibur, L50, M|\n|poke|p1|Gholdengo, L50|\n|poke|p1|Flutter Mane, L50|\n|poke|p1|Amoonguss, L50, F|\n|poke|p1|Chi-Yu, L50|\n|poke|p2|Grimmsnarl, L50, M|\n|poke|p2|Hawlucha, L50, M|\n|poke|p2|Talonflame, L50, M|\n|poke|p2|Garchomp, L50, F|\n|poke|p2|Flutter Mane, L50|\n|poke|p2|Farigiraf, L50, M|\n|teampreview|4\n|inactive|Battle timer is ON: inactive players will automatically lose when time's up. (requested by Damayr)\n|inactive|Izzywooperstan has 60 seconds left.\n|inactive|Izzywooperstan has 30 seconds left.\n|inactive|Izzywooperstan has 20 seconds left.\nDamayr has agreed to open team sheets.\n|\n|t:|1682864322\n|start\n|switch|p1a: Flutter Mane|Flutter Mane, L50|100\/100\n|switch|p1b: Baxcalibur|Baxcalibur, L50, M|100\/100\n|switch|p2a: Grimmsnarl|Grimmsnarl, L50, M|100\/100\n|switch|p2b: Hawlucha|Hawlucha, L50, M|100\/100\n|-enditem|p1a: Flutter Mane|Booster Energy\n|-activate|p1a: Flutter Mane|ability: Protosynthesis|[fromitem]\n|-start|p1a: Flutter Mane|protosynthesisspe\n|turn|1\n|\n|t:|1682864335\n|-terastallize|p2b: Hawlucha|Fire\n|move|p1b: Baxcalibur|Ice Shard|p2b: Hawlucha\n|-resisted|p2b: Hawlucha\n|-crit|p2b: Hawlucha\n|-damage|p2b: Hawlucha|77\/100\n|move|p2a: Grimmsnarl|Swagger|p2b: Hawlucha\n|-boost|p2b: Hawlucha|atk|2\n|-start|p2b: Hawlucha|confusion\n|-enditem|p2b: Hawlucha|Persim Berry|[eat]\n|-end|p2b: Hawlucha|confusion\n|move|p2b: Hawlucha|Acrobatics|p1a: Flutter Mane\n|-damage|p1a: Flutter Mane|0 fnt\n|faint|p1a: Flutter Mane\n|-end|p1a: Flutter Mane|Protosynthesis|[silent]\n|\n|upkeep\n|\n|t:|1682864350\n|switch|p1a: Azumarill|Azumarill, L50, M|100\/100\n|turn|2\n|\n|t:|1682864358\n|switch|p2a: Talonflame|Talonflame, L50, M|100\/100\n|move|p2b: Hawlucha|Protect|p2b: Hawlucha\n|-singleturn|p2b: Hawlucha|Protect\n|move|p1a: Azumarill|Aqua Jet|p2b: Hawlucha\n|-activate|p2b: Hawlucha|move: Protect\n|move|p1b: Baxcalibur|Icicle Crash|p2a: Talonflame\n|-damage|p2a: Talonflame|18\/100\n|\n|upkeep\n|turn|3\n|\n|t:|1682864373\n|move|p2a: Talonflame|Quick Guard|p2a: Talonflame\n|-singleturn|p2a: Talonflame|Quick Guard\n|move|p1b: Baxcalibur|Ice Shard|p2a: Talonflame\n|-activate|p2a: Talonflame|move: Quick Guard\n|move|p1a: Azumarill|Aqua Jet|p2b: Hawlucha\n|-activate|p2b: Hawlucha|move: Quick Guard\n|move|p2b: Hawlucha|Acrobatics|p1a: Azumarill\n|-damage|p1a: Azumarill|0 fnt\n|faint|p1a: Azumarill\n|\n|upkeep\n|\n|t:|1682864386\n|switch|p1a: Gholdengo|Gholdengo, L50|100\/100\n|turn|4\n|\n|t:|1682864398\n|move|p1b: Baxcalibur|Protect|p1b: Baxcalibur\n|-singleturn|p1b: Baxcalibur|Protect\n|move|p2b: Hawlucha|Drain Punch|p1b: Baxcalibur\n|-activate|p1b: Baxcalibur|move: Protect\n|move|p2a: Talonflame|Tailwind|p2a: Talonflame\n|-sidestart|p2: Damayr|move: Tailwind\n|move|p1a: Gholdengo|Thunderbolt|p2a: Talonflame\n|-supereffective|p2a: Talonflame\n|-damage|p2a: Talonflame|0 fnt\n|faint|p2a: Talonflame\n|\n|upkeep\n|\n|t:|1682864412\n|switch|p2a: Garchomp|Garchomp, L50, F|100\/100\n|turn|5\n|\n|t:|1682864421\n|-terastallize|p1b: Baxcalibur|Poison\n|move|p1b: Baxcalibur|Ice Shard|p2a: Garchomp\n|-supereffective|p2a: Garchomp\n|-damage|p2a: Garchomp|0 fnt\n|faint|p2a: Garchomp\n|move|p2b: Hawlucha|Drain Punch|p1b: Baxcalibur\n|-resisted|p1b: Baxcalibur\n|-damage|p1b: Baxcalibur|70\/100\n|-heal|p2b: Hawlucha|95\/100|[from] drain|[of] p1b: Baxcalibur\n|move|p1a: Gholdengo|Thunderbolt|p2b: Hawlucha\n|-damage|p2b: Hawlucha|30\/100\n|\n|upkeep\n|\n|t:|1682864434\n|switch|p2a: Grimmsnarl|Grimmsnarl, L50, M|100\/100\n|turn|6\n|\n|t:|1682864444\n|move|p2b: Hawlucha|Protect|p2b: Hawlucha\n|-singleturn|p2b: Hawlucha|Protect\n|move|p1b: Baxcalibur|Ice Shard|p2b: Hawlucha\n|-activate|p2b: Hawlucha|move: Protect\n|move|p2a: Grimmsnarl|Foul Play|p1a: Gholdengo\n|-supereffective|p1a: Gholdengo\n|-damage|p1a: Gholdengo|70\/100\n|move|p1a: Gholdengo|Thunderbolt|p2b: Hawlucha\n|-activate|p2b: Hawlucha|move: Protect\n|\n|upkeep\n|turn|7\n|\n|t:|1682864461\n|move|p1b: Baxcalibur|Ice Shard|p2b: Hawlucha\n|-resisted|p2b: Hawlucha\n|-damage|p2b: Hawlucha|15\/100\n|move|p2b: Hawlucha|Acrobatics|p1a: Gholdengo\n|-resisted|p1a: Gholdengo\n|-damage|p1a: Gholdengo|23\/100\n|move|p2a: Grimmsnarl|Foul Play|p1a: Gholdengo\n|-supereffective|p1a: Gholdengo\n|-damage|p1a: Gholdengo|0 fnt\n|faint|p1a: Gholdengo\n|\n|-sideend|p2: Damayr|move: Tailwind\n|upkeep\n|turn|8\n|\n|t:|1682864476\n|move|p2b: Hawlucha|Protect|p2b: Hawlucha\n|-singleturn|p2b: Hawlucha|Protect\n|move|p1b: Baxcalibur|Icicle Crash|p2a: Grimmsnarl\n|-damage|p2a: Grimmsnarl|40\/100\n|cant|p2a: Grimmsnarl|flinch\n|\n|upkeep\n|turn|9\n|\n|t:|1682864490\n|move|p1b: Baxcalibur|Ice Shard|p2b: Hawlucha\n|-resisted|p2b: Hawlucha\n|-damage|p2b: Hawlucha|0 fnt\n|faint|p2b: Hawlucha\n|move|p2a: Grimmsnarl|Thunder Wave|p1b: Baxcalibur\n|-status|p1b: Baxcalibur|par\n|\n|upkeep\n|turn|10\n|\n|t:|1682864499\n|move|p2a: Grimmsnarl|Foul Play|p1b: Baxcalibur\n|-damage|p1b: Baxcalibur|25\/100 par\n|move|p1b: Baxcalibur|Icicle Crash|p2a: Grimmsnarl\n|-damage|p2a: Grimmsnarl|0 fnt\n|faint|p2a: Grimmsnarl\n|\n|win|Izzywooperstan\n|raw|Izzywooperstan's rating: 1586 → 1604<\/strong> (+18 for winning)\n|raw|Damayr's rating: 1551 → 1533<\/strong> (-18 for losing)\n|l|\u2606Damayr\n","uploadtime":1682864520,"views":16,"p1id":"izzywooperstan","p2id":"damayr","formatid":"gen9vgc2023regulationc","rating":1533,"private":0,"password":""}