{"id":"gen9vgc2023regulationc-1864079953","p1":"revocolombia","p2":"CombustibleCow","format":"[Gen 9] VGC 2023 Regulation C","log":"|j|\u2606revocolombia\n|j|\u2606CombustibleCow\n|t:|1684114527\n|gametype|doubles\n|player|p1|revocolombia|pokemonranger-gen4|1426\n|player|p2|CombustibleCow|unknown|1548\n|teamsize|p1|6\n|teamsize|p2|6\n|gen|9\n|tier|[Gen 9] VGC 2023 Regulation C\n|rated|\n|rule|Species Clause: Limit one of each Pok\u00e9mon\n|rule|Item Clause: Limit one of each item\n|clearpoke\n|poke|p1|Flutter Mane, L50|\n|poke|p1|Annihilape, L50, F|\n|poke|p1|Dragonite, L50, F|\n|poke|p1|Chien-Pao, L50|\n|poke|p1|Murkrow, L50, F|\n|poke|p1|Gholdengo, L50|\n|poke|p2|Lilligant, L50, F|\n|poke|p2|Torkoal, L50, M|\n|poke|p2|Flutter Mane, L50|\n|poke|p2|Great Tusk, L50|\n|poke|p2|Chien-Pao, L50|\n|poke|p2|Dragonite, L50, F|\n|teampreview|4\n|\n|t:|1684114550\n|start\n|switch|p1a: Murkrow|Murkrow, L50, F|100\/100\n|switch|p1b: Annihilape|Annihilape, L50, F|100\/100\n|switch|p2a: Chien-Pao|Chien-Pao, L50|100\/100\n|switch|p2b: Great Tusk|Great Tusk, L50|100\/100\n|-ability|p2a: Chien-Pao|Sword of Ruin\n|turn|1\n|\n|t:|1684114569\n|move|p1a: Murkrow|Tailwind|p1a: Murkrow\n|-sidestart|p1: revocolombia|move: Tailwind\n|move|p1b: Annihilape|Bulk Up|p1b: Annihilape\n|-boost|p1b: Annihilape|atk|1\n|-boost|p1b: Annihilape|def|1\n|move|p2b: Great Tusk|Rock Slide|p1a: Murkrow|[spread] p1b\n|-miss|p2b: Great Tusk|p1a: Murkrow\n|-resisted|p1b: Annihilape\n|-damage|p1b: Annihilape|92\/100\n|move|p2a: Chien-Pao|Ice Spinner|p1a: Murkrow\n|-supereffective|p1a: Murkrow\n|-damage|p1a: Murkrow|0 fnt\n|faint|p1a: Murkrow\n|\n|-heal|p1b: Annihilape|98\/100|[from] item: Leftovers\n|upkeep\n|\n|t:|1684114588\n|switch|p1a: Chien-Pao|Chien-Pao, L50|100\/100\n|-ability|p1a: Chien-Pao|Sword of Ruin\n|turn|2\n|\n|t:|1684114605\n|-terastallize|p2a: Chien-Pao|Ghost\n|move|p1a: Chien-Pao|Ice Spinner|p2b: Great Tusk\n|-supereffective|p2b: Great Tusk\n|-damage|p2b: Great Tusk|15\/100\n|move|p1b: Annihilape|Rage Fist|p2a: Chien-Pao\n|-supereffective|p2a: Chien-Pao\n|-enditem|p2a: Chien-Pao|Focus Sash\n|-damage|p2a: Chien-Pao|1\/100\n|move|p2b: Great Tusk|Rock Slide|p1a: Chien-Pao|[spread] p1a,p1b\n|-supereffective|p1a: Chien-Pao\n|-crit|p1a: Chien-Pao\n|-resisted|p1b: Annihilape\n|-damage|p1a: Chien-Pao|28\/100\n|-damage|p1b: Annihilape|90\/100\n|move|p2a: Chien-Pao|Sacred Sword|p1a: Chien-Pao\n|-supereffective|p1a: Chien-Pao\n|-crit|p1a: Chien-Pao\n|-damage|p1a: Chien-Pao|0 fnt\n|faint|p1a: Chien-Pao\n|\n|-heal|p1b: Annihilape|96\/100|[from] item: Leftovers\n|upkeep\n|\n|t:|1684114623\n|switch|p1a: Dragonite|Dragonite, L50, F|100\/100\n|turn|3\n|\n|t:|1684114643\n|move|p1a: Dragonite|Extreme Speed|p2b: Great Tusk\n|-damage|p2b: Great Tusk|0 fnt\n|faint|p2b: Great Tusk\n|-end|p2b: Great Tusk|Protosynthesis|[silent]\n|move|p2a: Chien-Pao|Sucker Punch|p1b: Annihilape\n|-damage|p1b: Annihilape|70\/100\n|move|p1b: Annihilape|Rage Fist|p2a: Chien-Pao\n|-supereffective|p2a: Chien-Pao\n|-damage|p2a: Chien-Pao|0 fnt\n|faint|p2a: Chien-Pao\n|\n|-heal|p1b: Annihilape|76\/100|[from] item: Leftovers\n|upkeep\n|\n|t:|1684114654\n|switch|p2a: Lilligant|Lilligant, L50, F, shiny|100\/100\n|switch|p2b: torkoshima|Torkoal, L50, M, shiny|100\/100\n|-weather|SunnyDay|[from] ability: Drought|[of] p2b: torkoshima\n|turn|4\n|\n|t:|1684114670\n|-terastallize|p1b: Annihilape|Fire\n|move|p2a: Lilligant|Protect|p2a: Lilligant\n|-singleturn|p2a: Lilligant|Protect\n|move|p2b: torkoshima|Protect|p2b: torkoshima\n|-singleturn|p2b: torkoshima|Protect\n|move|p1a: Dragonite|Dragon Dance|p1a: Dragonite\n|-boost|p1a: Dragonite|atk|1\n|-boost|p1a: Dragonite|spe|1\n|move|p1b: Annihilape|Rage Fist|p2a: Lilligant\n|-activate|p2a: Lilligant|move: Protect\n|\n|-weather|SunnyDay|[upkeep]\n|-heal|p1b: Annihilape|83\/100|[from] item: Leftovers\n|-sideend|p1: revocolombia|move: Tailwind\n|upkeep\n|turn|5\n|\n|t:|1684114687\n|move|p1a: Dragonite|Extreme Speed|p2a: Lilligant\n|-damage|p2a: Lilligant|43\/100\n|move|p2a: Lilligant|Sleep Powder|p1b: Annihilape\n|-status|p1b: Annihilape|slp|[from] move: Sleep Powder\n|cant|p1b: Annihilape|slp\n|move|p2b: torkoshima|Flamethrower|p1a: Dragonite\n|-resisted|p1a: Dragonite\n|-damage|p1a: Dragonite|85\/100\n|\n|-weather|SunnyDay|[upkeep]\n|-heal|p1b: Annihilape|89\/100 slp|[from] item: Leftovers\n|upkeep\n|turn|6\n|\n|t:|1684114708\n|move|p1a: Dragonite|Extreme Speed|p2a: Lilligant\n|-damage|p2a: Lilligant|0 fnt\n|faint|p2a: Lilligant\n|cant|p1b: Annihilape|slp\n|move|p2b: torkoshima|Eruption|p1b: Annihilape|[spread] p1a,p1b\n|-resisted|p1a: Dragonite\n|-resisted|p1b: Annihilape\n|-damage|p1a: Dragonite|41\/100\n|-damage|p1b: Annihilape|51\/100 slp\n|\n|-weather|SunnyDay|[upkeep]\n|-heal|p1b: Annihilape|57\/100 slp|[from] item: Leftovers\n|upkeep\n|turn|7\n|\n|t:|1684114736\n|move|p1a: Dragonite|Low Kick|p2b: torkoshima\n|-damage|p2b: torkoshima|68\/100\n|-curestatus|p1b: Annihilape|slp|[msg]\n|move|p1b: Annihilape|Rage Fist|p2b: torkoshima\n|-damage|p2b: torkoshima|0 fnt\n|faint|p2b: torkoshima\n|\n|win|revocolombia\n|raw|revocolombia's rating: 1426 → 1453<\/strong> (+27 for winning)\n|raw|CombustibleCow's rating: 1548 → 1521<\/strong> (-27 for losing)\n|l|\u2606CombustibleCow\n","uploadtime":1684114780,"views":12,"p1id":"revocolombia","p2id":"combustiblecow","formatid":"gen9vgc2023regulationc","rating":1453,"private":0,"password":""}