{"id":"gen9vgc2023regulationc-1846677572","p1":"ANTIVALLEY","p2":"kukukachui","format":"[Gen 9] VGC 2023 Regulation C","log":"|j|\u2606ANTIVALLEY\n|j|\u2606kukukachui\n|t:|1681864766\n|gametype|doubles\n|player|p1|ANTIVALLEY|penny|1149\n|player|p2|kukukachui|101|1166\n|teamsize|p1|6\n|teamsize|p2|6\n|gen|9\n|tier|[Gen 9] VGC 2023 Regulation C\n|rated|\n|rule|Species Clause: Limit one of each Pok\u00e9mon\n|rule|Item Clause: Limit one of each item\n|clearpoke\n|poke|p1|Lycanroc, L50, F|\n|poke|p1|Tyranitar, L50, M|\n|poke|p1|Iron Bundle, L50|\n|poke|p1|Chi-Yu, L50|\n|poke|p1|Farigiraf, L50, M|\n|poke|p1|Gyarados, L50, F|\n|poke|p2|Arcanine, L50, M|\n|poke|p2|Ting-Lu, L50|\n|poke|p2|Amoonguss, L50, M|\n|poke|p2|Flutter Mane, L50|\n|poke|p2|Kingambit, L50, F|\n|poke|p2|Palafin, L50, F|\n|teampreview|4\n|\n|t:|1681864833\n|start\n|switch|p1a: Tyranitar|Tyranitar, L50, M|100\/100\n|switch|p1b: Lycanroc|Lycanroc, L50, F|100\/100\n|switch|p2a: Dennis|Kingambit, L50, F|100\/100\n|switch|p2b: Mac|Palafin, L50, F|100\/100\n|-weather|Sandstorm|[from] ability: Sand Stream|[of] p1a: Tyranitar\n|turn|1\n|\n|t:|1681864870\n|-terastallize|p1a: Tyranitar|Flying\n|move|p2b: Mac|Jet Punch|p1b: Lycanroc\n|-supereffective|p1b: Lycanroc\n|-damage|p1b: Lycanroc|3\/100\n|move|p2a: Dennis|Sucker Punch|p1b: Lycanroc\n|-damage|p1b: Lycanroc|0 fnt\n|faint|p1b: Lycanroc\n|move|p1a: Tyranitar|Low Kick|p2a: Dennis\n|-supereffective|p2a: Dennis\n|-damage|p2a: Dennis|0 fnt\n|faint|p2a: Dennis\n|\n|-weather|Sandstorm|[upkeep]\n|-damage|p2b: Mac|95\/100|[from] Sandstorm\n|-damage|p1a: Tyranitar|95\/100|[from] Sandstorm\n|upkeep\n|\n|t:|1681864885\n|switch|p1b: Gyarados|Gyarados, L50, F|100\/100\n|switch|p2a: Frank|Amoonguss, L50, M|100\/100\n|-ability|p1b: Gyarados|Intimidate|boost\n|-unboost|p2a: Frank|atk|1\n|-unboost|p2b: Mac|atk|1\n|turn|2\n|\n|t:|1681864898\n|detailschange|p2b: Mac|Palafin-Hero, L50, F\n|switch|p2b: Macs Mom|Ting-Lu, L50|100\/100\n|-ability|p2b: Macs Mom|Vessel of Ruin\n|move|p1b: Gyarados|Taunt|p2a: Frank\n|-start|p2a: Frank|move: Taunt\n|move|p1a: Tyranitar|Tera Blast|p2a: Frank\n|-supereffective|p2a: Frank\n|-damage|p2a: Frank|20\/100\n|-enditem|p2a: Frank|Sitrus Berry|[eat]\n|-heal|p2a: Frank|45\/100|[from] item: Sitrus Berry\n|cant|p2a: Frank|move: Taunt|Spore\n|\n|-weather|Sandstorm|[upkeep]\n|-damage|p1b: Gyarados|95\/100|[from] Sandstorm\n|-damage|p1a: Tyranitar|89\/100|[from] Sandstorm\n|-damage|p2a: Frank|40\/100|[from] Sandstorm\n|upkeep\n|turn|3\n|\n|t:|1681864934\n|move|p1b: Gyarados|Waterfall|p2b: Macs Mom\n|-supereffective|p2b: Macs Mom\n|-damage|p2b: Macs Mom|59\/100\n|move|p1a: Tyranitar|Low Kick|p2b: Macs Mom\n|-supereffective|p2b: Macs Mom\n|-damage|p2b: Macs Mom|4\/100\n|cant|p2b: Macs Mom|flinch\n|move|p2a: Frank|Pollen Puff|p1a: Tyranitar\n|-resisted|p1a: Tyranitar\n|-damage|p1a: Tyranitar|85\/100\n|\n|-weather|Sandstorm|[upkeep]\n|-damage|p1b: Gyarados|89\/100|[from] Sandstorm\n|-damage|p1a: Tyranitar|79\/100|[from] Sandstorm\n|-damage|p2a: Frank|34\/100|[from] Sandstorm\n|upkeep\n|turn|4\n|\n|t:|1681864961\n|move|p1b: Gyarados|Waterfall|p2b: Macs Mom\n|-supereffective|p2b: Macs Mom\n|-damage|p2b: Macs Mom|0 fnt\n|faint|p2b: Macs Mom\n|move|p1a: Tyranitar|Tera Blast|p2a: Frank\n|-supereffective|p2a: Frank\n|-damage|p2a: Frank|0 fnt\n|faint|p2a: Frank\n|\n|-weather|Sandstorm|[upkeep]\n|-damage|p1b: Gyarados|83\/100|[from] Sandstorm\n|-damage|p1a: Tyranitar|73\/100|[from] Sandstorm\n|upkeep\n|\n|t:|1681864973\n|switch|p2a: Mac|Palafin-Hero, L50, F|95\/100\n|-activate|p2a: Mac|ability: Zero to Hero\n|turn|5\n|\n|t:|1681864993\n|switch|p1b: Chi-Yu|Chi-Yu, L50|100\/100\n|-ability|p1b: Chi-Yu|Beads of Ruin\n|-terastallize|p2a: Mac|Water\n|move|p2a: Mac|Wave Crash|p1a: Tyranitar\n|-damage|p1a: Tyranitar|0 fnt\n|faint|p1a: Tyranitar\n|-damage|p2a: Mac|70\/100|[from] Recoil\n|\n|-weather|none\n|upkeep\n|\n|t:|1681865003\n|switch|p1a: Gyarados|Gyarados, L50, F|83\/100\n|-ability|p1a: Gyarados|Intimidate|boost\n|-unboost|p2a: Mac|atk|1\n|turn|6\n|\n|t:|1681865012\n|move|p2a: Mac|Jet Punch|p1b: Chi-Yu\n|-supereffective|p1b: Chi-Yu\n|-damage|p1b: Chi-Yu|0 fnt\n|faint|p1b: Chi-Yu\n|move|p1a: Gyarados|Thunder Wave|p2a: Mac\n|-status|p2a: Mac|par\n|\n|upkeep\n|turn|7\n|\n|t:|1681865030\n|move|p1a: Gyarados|Waterfall|p2a: Mac\n|-resisted|p2a: Mac\n|-damage|p2a: Mac|54\/100 par\n|move|p2a: Mac|Haze|p2a: Mac\n|-clearallboost\n|\n|upkeep\n|turn|8\n|\n|t:|1681865038\n|move|p2a: Mac|Jet Punch|p1a: Gyarados\n|-resisted|p1a: Gyarados\n|-damage|p1a: Gyarados|49\/100\n|-enditem|p1a: Gyarados|Sitrus Berry|[eat]\n|-heal|p1a: Gyarados|74\/100|[from] item: Sitrus Berry\n|move|p1a: Gyarados|Waterfall|p2a: Mac\n|-resisted|p2a: Mac\n|-damage|p2a: Mac|38\/100 par\n|\n|upkeep\n|turn|9\n|\n|t:|1681865049\n|move|p2a: Mac|Jet Punch|p1a: Gyarados\n|-resisted|p1a: Gyarados\n|-damage|p1a: Gyarados|40\/100\n|move|p1a: Gyarados|Waterfall|p2a: Mac\n|-resisted|p2a: Mac\n|-damage|p2a: Mac|22\/100 par\n|\n|upkeep\n|turn|10\n|\n|t:|1681865056\n|move|p1a: Gyarados|Waterfall|p2a: Mac\n|-resisted|p2a: Mac\n|-damage|p2a: Mac|4\/100 par\n|cant|p2a: Mac|par\n|\n|upkeep\n|turn|11\n|\n|t:|1681865074\n|move|p2a: Mac|Jet Punch|p1a: Gyarados\n|-resisted|p1a: Gyarados\n|-damage|p1a: Gyarados|9\/100\n|move|p1a: Gyarados|Waterfall|p2a: Mac\n|-resisted|p2a: Mac\n|-damage|p2a: Mac|0 fnt\n|faint|p2a: Mac\n|\n|win|ANTIVALLEY\n|raw|ANTIVALLEY's rating: 1149 → 1175<\/strong> (+26 for winning)\n|raw|kukukachui's rating: 1166 → 1140<\/strong> (-26 for losing)\n","uploadtime":1681865083,"views":10,"p1id":"antivalley","p2id":"kukukachui","formatid":"gen9vgc2023regulationc","rating":1140,"private":0,"password":""}