{"id":"gen9vgc2023regulationc-1857004145","p1":"Gplaysss","p2":"DevonPlays","format":"[Gen 9] VGC 2023 Regulation C","log":"|j|\u2606Gplaysss\n|j|\u2606DevonPlays\n|t:|1683135700\n|gametype|doubles\n|player|p1|Gplaysss|102|1112\n|player|p2|DevonPlays|cheren|1089\n|teamsize|p1|6\n|teamsize|p2|6\n|gen|9\n|tier|[Gen 9] VGC 2023 Regulation C\n|rated|\n|rule|Species Clause: Limit one of each Pok\u00e9mon\n|rule|Item Clause: Limit one of each item\n|clearpoke\n|poke|p1|Ting-Lu, L50|\n|poke|p1|Amoonguss, L50, F|\n|poke|p1|Dondozo, L50, M|\n|poke|p1|Tatsugiri, L50, F|\n|poke|p1|Chien-Pao, L50|\n|poke|p1|Garganacl, L50, M|\n|poke|p2|Squawkabilly-Blue, L50, M|\n|poke|p2|Bombirdier, L50, F|\n|poke|p2|Quaquaval, L50, M|\n|poke|p2|Chi-Yu, L50|\n|poke|p2|Scizor, L50, F|\n|poke|p2|Chien-Pao, L50|\n|teampreview|4\n|inactive|Battle timer is ON: inactive players will automatically lose when time's up. (requested by Gplaysss)\n|\n|t:|1683135721\n|start\n|switch|p1a: Ting-Lu|Ting-Lu, L50|100\/100\n|switch|p1b: Chien-Pao|Chien-Pao, L50|100\/100\n|switch|p2a: Scizor|Scizor, L50, F|100\/100\n|switch|p2b: Squawkabilly|Squawkabilly-Blue, L50, M|100\/100\n|-ability|p1b: Chien-Pao|Sword of Ruin\n|-ability|p1a: Ting-Lu|Vessel of Ruin\n|turn|1\n|\n|t:|1683135738\n|move|p2b: Squawkabilly|Protect|p2b: Squawkabilly\n|-singleturn|p2b: Squawkabilly|Protect\n|move|p1b: Chien-Pao|Ice Spinner|p2b: Squawkabilly\n|-activate|p2b: Squawkabilly|move: Protect\n|move|p2a: Scizor|Tailwind|p2a: Scizor\n|-sidestart|p2: DevonPlays|move: Tailwind\n|move|p1a: Ting-Lu|Fissure|p2a: Scizor\n|-damage|p2a: Scizor|0 fnt\n|faint|p2a: Scizor\n|-ohko\n|\n|-status|p2b: Squawkabilly|brn|[from] item: Flame Orb\n|upkeep\n|\n|t:|1683135754\n|switch|p2a: Quaquaval|Quaquaval, L50, M|100\/100\n|turn|2\n|inactive|DevonPlays has 30 seconds left.\n|\n|t:|1683135780\n|-terastallize|p2b: Squawkabilly|Normal\n|move|p2a: Quaquaval|Aqua Step|p1b: Chien-Pao\n|-damage|p1b: Chien-Pao|46\/100\n|-boost|p2a: Quaquaval|spe|1\n|move|p2b: Squawkabilly|Facade|p1b: Chien-Pao\n|-damage|p1b: Chien-Pao|0 fnt\n|faint|p1b: Chien-Pao\n|move|p1a: Ting-Lu|Fissure|p2a: Quaquaval|[miss]\n|-miss|p1a: Ting-Lu|p2a: Quaquaval\n|\n|-damage|p2b: Squawkabilly|95\/100 brn|[from] brn\n|upkeep\n|\n|t:|1683135801\n|switch|p1b: Tatsugiri|Tatsugiri, L50, F|100\/100\n|turn|3\n|\n|t:|1683135816\n|switch|p2a: Bombirdier|Bombirdier, L50, F|100\/100\n|switch|p1a: Dondozo|Dondozo, L50, M|100\/100\n|-activate|p1b: Tatsugiri|ability: Commander|[of] p1a: Dondozo\n|-boost|p1a: Dondozo|atk|2\n|-boost|p1a: Dondozo|spa|2\n|-boost|p1a: Dondozo|spe|2\n|-boost|p1a: Dondozo|def|2\n|-boost|p1a: Dondozo|spd|2\n|move|p2b: Squawkabilly|Facade|p1a: Dondozo\n|-damage|p1a: Dondozo|65\/100\n|\n|-damage|p2b: Squawkabilly|89\/100 brn|[from] brn\n|upkeep\n|turn|4\n|\n|t:|1683135841\n|move|p2b: Squawkabilly|Facade|p1a: Dondozo\n|-damage|p1a: Dondozo|26\/100\n|move|p2a: Bombirdier|Rock Slide|p1a: Dondozo|[spread] p1a\n|-miss|p2a: Bombirdier|p1b: Tatsugiri\n|-damage|p1a: Dondozo|15\/100\n|move|p1a: Dondozo|Liquidation|p2b: Squawkabilly\n|-damage|p2b: Squawkabilly|0 fnt\n|faint|p2b: Squawkabilly\n|\n|-sideend|p2: DevonPlays|move: Tailwind\n|upkeep\n|\n|t:|1683135855\n|switch|p2b: Quaquaval|Quaquaval, L50, M|100\/100\n|turn|5\n|\n|t:|1683135866\n|move|p2b: Quaquaval|Aqua Step|p1a: Dondozo\n|-resisted|p1a: Dondozo\n|-damage|p1a: Dondozo|8\/100\n|-boost|p2b: Quaquaval|spe|1\n|move|p2a: Bombirdier|Rock Slide|p1a: Dondozo|[spread] p1a\n|-miss|p2a: Bombirdier|p1b: Tatsugiri\n|-damage|p1a: Dondozo|0 fnt\n|faint|p1a: Dondozo\n|\n|upkeep\n|\n|t:|1683135876\n|switch|p1a: Ting-Lu|Ting-Lu, L50|100\/100\n|-ability|p1a: Ting-Lu|Vessel of Ruin\n|turn|6\n|\n|t:|1683135895\n|-terastallize|p1a: Ting-Lu|Dark\n|move|p2b: Quaquaval|Aqua Step|p1a: Ting-Lu\n|-damage|p1a: Ting-Lu|78\/100\n|-boost|p2b: Quaquaval|spe|1\n|move|p1b: Tatsugiri|Muddy Water|p2b: Quaquaval|[spread] p2a,p2b\n|-resisted|p2b: Quaquaval\n|-damage|p2a: Bombirdier|47\/100\n|-damage|p2b: Quaquaval|75\/100\n|-unboost|p2b: Quaquaval|accuracy|1\n|move|p2a: Bombirdier|Rock Slide|p1b: Tatsugiri|[spread] p1b\n|-miss|p2a: Bombirdier|p1a: Ting-Lu\n|-damage|p1b: Tatsugiri|35\/100\n|move|p1a: Ting-Lu|Fissure|p2b: Quaquaval|[miss]\n|-miss|p1a: Ting-Lu|p2b: Quaquaval\n|\n|upkeep\n|turn|7\n|\n|t:|1683135917\n|move|p2b: Quaquaval|Aqua Step|p1a: Ting-Lu\n|-damage|p1a: Ting-Lu|58\/100\n|-boost|p2b: Quaquaval|spe|1\n|move|p2a: Bombirdier|Rock Slide|p1b: Tatsugiri|[spread] p1a,p1b\n|-damage|p1a: Ting-Lu|34\/100\n|-damage|p1b: Tatsugiri|0 fnt\n|faint|p1b: Tatsugiri\n|move|p1a: Ting-Lu|Stomping Tantrum|p2b: Quaquaval\n|-damage|p2b: Quaquaval|0 fnt\n|faint|p2b: Quaquaval\n|\n|upkeep\n|turn|8\n|\n|t:|1683135932\n|move|p2a: Bombirdier|Rock Slide|p1a: Ting-Lu\n|-damage|p1a: Ting-Lu|7\/100\n|move|p1a: Ting-Lu|Heavy Slam|p2a: Bombirdier\n|-damage|p2a: Bombirdier|0 fnt\n|faint|p2a: Bombirdier\n|\n|win|Gplaysss\n|raw|Gplaysss's rating: 1079 → 1108<\/strong> (+29 for winning)\n|raw|DevonPlays's rating: 1089 → 1065<\/strong> (-24 for losing)\n|l|\u2606DevonPlays\n","uploadtime":1683135967,"views":14,"p1id":"gplaysss","p2id":"devonplays","formatid":"gen9vgc2023regulationc","rating":1065,"private":0,"password":""}