{"id":"gen9vgc2023regulationc-1851058008","p1":"Ultratests","p2":"hysaaron","format":"[Gen 9] VGC 2023 Regulation C","log":"|j|\u2606Ultratests\n|j|\u2606hysaaron\n|t:|1682401588\n|gametype|doubles\n|player|p1|Ultratests|170|1294\n|player|p2|hysaaron|102|1223\n|teamsize|p1|6\n|teamsize|p2|6\n|gen|9\n|tier|[Gen 9] VGC 2023 Regulation C\n|rated|\n|rule|Species Clause: Limit one of each Pok\u00e9mon\n|rule|Item Clause: Limit one of each item\n|clearpoke\n|poke|p1|Baxcalibur, L50, F|\n|poke|p1|Arcanine, L50, F|\n|poke|p1|Great Tusk, L50|\n|poke|p1|Talonflame, L50, M|\n|poke|p1|Amoonguss, L50, F|\n|poke|p1|Flutter Mane, L50|\n|poke|p2|Talonflame, L50, M|\n|poke|p2|Gholdengo, L50|\n|poke|p2|Great Tusk, L50|\n|poke|p2|Gyarados, L50, F|\n|poke|p2|Amoonguss, L50, F|\n|poke|p2|Ting-Lu, L50|\n|teampreview|4\n|inactive|Battle timer is ON: inactive players will automatically lose when time's up. (requested by hysaaron)\nUltratests has agreed to open team sheets.\n|inactive|Ultratests has 60 seconds left.\n|\n|t:|1682401638\n|start\n|switch|p1a: Talonflame|Talonflame, L50, M|100\/100\n|switch|p1b: Arcanine|Arcanine, L50, F|100\/100\n|switch|p2a: Talonflame|Talonflame, L50, M, shiny|100\/100\n|switch|p2b: Great Tusk|Great Tusk, L50, shiny|100\/100\n|-ability|p1b: Arcanine|Intimidate|boost\n|-unboost|p2a: Talonflame|atk|1\n|-unboost|p2b: Great Tusk|atk|1\n|turn|1\n|\n|t:|1682401659\n|-terastallize|p2b: Great Tusk|Fire\n|move|p1a: Talonflame|Tailwind|p1a: Talonflame\n|-sidestart|p1: Ultratests|move: Tailwind\n|move|p2a: Talonflame|Tailwind|p2a: Talonflame\n|-sidestart|p2: hysaaron|move: Tailwind\n|move|p2b: Great Tusk|Rock Slide|p1a: Talonflame|[spread] p1a,p1b\n|-supereffective|p1a: Talonflame\n|-supereffective|p1b: Arcanine\n|-damage|p1a: Talonflame|30\/100\n|-damage|p1b: Arcanine|67\/100\n|move|p1b: Arcanine|Will-O-Wisp|p2b: Great Tusk|[miss]\n|-miss|p1b: Arcanine|p2b: Great Tusk\n|\n|upkeep\n|turn|2\n|inactive|Ultratests has 30 seconds left.\n|inactive|hysaaron has 30 seconds left.\n|\n|t:|1682401689\n|move|p1b: Arcanine|Extreme Speed|p2a: Talonflame\n|-damage|p2a: Talonflame|75\/100\n|move|p2b: Great Tusk|Rock Slide|p1a: Talonflame|[spread] p1a,p1b\n|-supereffective|p1a: Talonflame\n|-supereffective|p1b: Arcanine\n|-damage|p1a: Talonflame|0 fnt\n|-damage|p1b: Arcanine|38\/100\n|faint|p1a: Talonflame\n|move|p2a: Talonflame|Brave Bird|p1b: Arcanine\n|-damage|p1b: Arcanine|7\/100\n|-damage|p2a: Talonflame|64\/100|[from] Recoil\n|\n|upkeep\n|\n|t:|1682401700\n|switch|p1a: Great Tusk|Great Tusk, L50|100\/100\n|turn|3\n|\n|t:|1682401716\n|-end|p2b: Great Tusk|Protosynthesis|[silent]\n|switch|p2b: Gyarados|Gyarados, L50, F, shiny|100\/100\n|-ability|p2b: Gyarados|Intimidate|boost\n|-unboost|p1a: Great Tusk|atk|1\n|-unboost|p1b: Arcanine|atk|1\n|switch|p1b: Baxcalibur|Baxcalibur, L50, F|100\/100\n|move|p2a: Talonflame|Will-O-Wisp|p1a: Great Tusk\n|-status|p1a: Great Tusk|brn\n|move|p1a: Great Tusk|Headlong Rush|p2b: Gyarados\n|-immune|p2b: Gyarados\n|\n|-damage|p1a: Great Tusk|95\/100 brn|[from] brn\n|upkeep\n|turn|4\n|inactive|Ultratests has 30 seconds left.\n|inactive|hysaaron has 30 seconds left.\n|\n|t:|1682401742\n|move|p1a: Great Tusk|Protect|p1a: Great Tusk\n|-singleturn|p1a: Great Tusk|Protect\n|move|p2a: Talonflame|Will-O-Wisp|p1b: Baxcalibur\n|-immune|p1b: Baxcalibur|[from] ability: Thermal Exchange\n|move|p2b: Gyarados|Waterfall|p1a: Great Tusk\n|-activate|p1a: Great Tusk|move: Protect\n|move|p1b: Baxcalibur|Glaive Rush|p2b: Gyarados\n|-damage|p2b: Gyarados|1\/100\n|-singlemove|p1b: Baxcalibur|Glaive Rush|[silent]\n|-enditem|p2b: Gyarados|Sitrus Berry|[eat]\n|-heal|p2b: Gyarados|26\/100|[from] item: Sitrus Berry\n|-damage|p1b: Baxcalibur|91\/100|[from] item: Life Orb\n|\n|-damage|p1a: Great Tusk|89\/100 brn|[from] brn\n|-sideend|p1: Ultratests|move: Tailwind\n|-sideend|p2: hysaaron|move: Tailwind\n|upkeep\n|turn|5\n|inactive|Ultratests has 30 seconds left.\n|inactive|hysaaron has 30 seconds left.\n|\n|t:|1682401770\n|move|p2b: Gyarados|Protect|p2b: Gyarados\n|-singleturn|p2b: Gyarados|Protect\n|move|p1b: Baxcalibur|Ice Shard|p2b: Gyarados\n|-activate|p2b: Gyarados|move: Protect\n|move|p2a: Talonflame|Tailwind|p2a: Talonflame\n|-sidestart|p2: hysaaron|move: Tailwind\n|move|p1a: Great Tusk|Close Combat|p2a: Talonflame\n|-resisted|p2a: Talonflame\n|-damage|p2a: Talonflame|50\/100\n|-unboost|p1a: Great Tusk|def|1\n|-unboost|p1a: Great Tusk|spd|1\n|\n|-damage|p1a: Great Tusk|83\/100 brn|[from] brn\n|upkeep\n|turn|6\n|\n|t:|1682401789\n|move|p1b: Baxcalibur|Ice Shard|p2b: Gyarados\n|-damage|p2b: Gyarados|0 fnt\n|faint|p2b: Gyarados\n|-damage|p1b: Baxcalibur|81\/100|[from] item: Life Orb\n|move|p2a: Talonflame|Brave Bird|p1a: Great Tusk\n|-supereffective|p1a: Great Tusk\n|-damage|p1a: Great Tusk|20\/100 brn\n|-damage|p2a: Talonflame|29\/100|[from] Recoil\n|move|p1a: Great Tusk|Close Combat|p2a: Talonflame\n|-resisted|p2a: Talonflame\n|-damage|p2a: Talonflame|15\/100\n|-unboost|p1a: Great Tusk|def|1\n|-unboost|p1a: Great Tusk|spd|1\n|\n|-damage|p1a: Great Tusk|15\/100 brn|[from] brn\n|upkeep\n|inactive|hysaaron has 30 seconds left.\n|\n|t:|1682401816\n|switch|p2b: Great Tusk|Great Tusk, L50, shiny, tera:Fire|100\/100\n|turn|7\n|inactive|hysaaron has 30 seconds left.\n|inactive|hysaaron has 20 seconds left.\n|\n|t:|1682401851\n|move|p1a: Great Tusk|Protect|p1a: Great Tusk\n|-singleturn|p1a: Great Tusk|Protect\n|move|p1b: Baxcalibur|Protect|p1b: Baxcalibur\n|-singleturn|p1b: Baxcalibur|Protect\n|move|p2b: Great Tusk|Headlong Rush|p1b: Baxcalibur\n|-activate|p1b: Baxcalibur|move: Protect\n|move|p2a: Talonflame|Brave Bird|p1a: Great Tusk\n|-activate|p1a: Great Tusk|move: Protect\n|\n|-damage|p1a: Great Tusk|9\/100 brn|[from] brn\n|upkeep\n|turn|8\n|inactive|Ultratests has 30 seconds left.\n|inactive|hysaaron has 30 seconds left.\n|\n|t:|1682401880\n|switch|p2a: Ting-Lu|Ting-Lu, L50|100\/100\n|-ability|p2a: Ting-Lu|Vessel of Ruin\n|move|p1b: Baxcalibur|Ice Shard|p2a: Ting-Lu\n|-supereffective|p2a: Ting-Lu\n|-damage|p2a: Ting-Lu|65\/100\n|-damage|p1b: Baxcalibur|71\/100|[from] item: Life Orb\n|move|p2b: Great Tusk|Headlong Rush|p1b: Baxcalibur\n|-damage|p1b: Baxcalibur|13\/100\n|-unboost|p2b: Great Tusk|def|1\n|-unboost|p2b: Great Tusk|spd|1\n|move|p1a: Great Tusk|Close Combat|p2b: Great Tusk\n|-damage|p2b: Great Tusk|76\/100\n|-unboost|p1a: Great Tusk|def|1\n|-unboost|p1a: Great Tusk|spd|1\n|\n|-damage|p1a: Great Tusk|3\/100 brn|[from] brn\n|-sideend|p2: hysaaron|move: Tailwind\n|upkeep\n|turn|9\n|inactive|Ultratests has 30 seconds left.\n|inactive|hysaaron has 30 seconds left.\n|inactive|Ultratests has 20 seconds left.\n|\n|t:|1682401916\n|-end|p2b: Great Tusk|Protosynthesis|[silent]\n|switch|p2b: Talonflame|Talonflame, L50, M, shiny|15\/100\n|move|p1b: Baxcalibur|Protect|p1b: Baxcalibur\n|-singleturn|p1b: Baxcalibur|Protect\n|move|p1a: Great Tusk|Headlong Rush|p2b: Talonflame\n|-immune|p2b: Talonflame\n|move|p2a: Ting-Lu|Bulldoze|p1b: Baxcalibur|[spread] p1a\n|-activate|p1b: Baxcalibur|move: Protect\n|-immune|p2b: Talonflame\n|-damage|p1a: Great Tusk|0 fnt\n|faint|p1a: Great Tusk\n|-end|p1a: Great Tusk|Protosynthesis|[silent]\n|\n|upkeep\n|\n|t:|1682401924\n|switch|p1a: Arcanine|Arcanine, L50, F|7\/100\n|-ability|p1a: Arcanine|Intimidate|boost\n|-unboost|p2a: Ting-Lu|atk|1\n|-unboost|p2b: Talonflame|atk|1\n|turn|10\n|\n|t:|1682401941\n|-terastallize|p1a: Arcanine|Flying\n|move|p1a: Arcanine|Extreme Speed|p2b: Talonflame\n|-damage|p2b: Talonflame|0 fnt\n|faint|p2b: Talonflame\n|move|p1b: Baxcalibur|Icicle Crash|p2a: Ting-Lu\n|-supereffective|p2a: Ting-Lu\n|-damage|p2a: Ting-Lu|0 fnt\n|faint|p2a: Ting-Lu\n|-damage|p1b: Baxcalibur|3\/100|[from] item: Life Orb\n|\n|upkeep\n|\n|t:|1682401955\n|switch|p2a: Great Tusk|Great Tusk, L50, shiny, tera:Fire|76\/100\n|turn|11\n|\n|t:|1682401969\n|move|p1b: Baxcalibur|Protect|p1b: Baxcalibur\n|-singleturn|p1b: Baxcalibur|Protect\n|move|p1a: Arcanine|Extreme Speed|p2a: Great Tusk\n|-damage|p2a: Great Tusk|59\/100\n|move|p2a: Great Tusk|Rock Slide|p1b: Baxcalibur|[spread] p1a\n|-activate|p1b: Baxcalibur|move: Protect\n|-supereffective|p1a: Arcanine\n|-damage|p1a: Arcanine|0 fnt\n|faint|p1a: Arcanine\n|\n|upkeep\n|turn|12\n|\n|t:|1682401982\n|move|p1b: Baxcalibur|Ice Shard|p2a: Great Tusk\n|-resisted|p2a: Great Tusk\n|-damage|p2a: Great Tusk|48\/100\n|-damage|p1b: Baxcalibur|0 fnt|[from] item: Life Orb\n|faint|p1b: Baxcalibur\n|\n|win|hysaaron\n|raw|Ultratests's rating: 1294 → 1264<\/strong> (-30 for losing)\n|raw|hysaaron's rating: 1223 → 1253<\/strong> (+30 for winning)\n","uploadtime":1682401990,"views":12,"p1id":"ultratests","p2id":"hysaaron","formatid":"gen9vgc2023regulationc","rating":1253,"private":0,"password":""}