{"id":"gen9vgc2023regulationc-1860945675","p1":"NoodleDude2355","p2":"D-scNSe","format":"[Gen 9] VGC 2023 Regulation C","log":"|j|\u2606NoodleDude2355\n|j|\u2606D-scNSe\n|t:|1683700841\n|gametype|doubles\n|player|p1|NoodleDude2355|bruno|1207\n|player|p2|D-scNSe|266|1114\n|teamsize|p1|6\n|teamsize|p2|6\n|gen|9\n|tier|[Gen 9] VGC 2023 Regulation C\n|rated|\n|rule|Species Clause: Limit one of each Pok\u00e9mon\n|rule|Item Clause: Limit one of each item\n|clearpoke\n|poke|p1|Haxorus, L50, F|\n|poke|p1|Talonflame, L50, M|\n|poke|p1|Ting-Lu, L50|\n|poke|p1|Gyarados, L50, M|\n|poke|p1|Flutter Mane, L50|\n|poke|p1|Roaring Moon, L50|\n|poke|p2|Flutter Mane, L50|\n|poke|p2|Ting-Lu, L50|\n|poke|p2|Maushold-Four, L50|\n|poke|p2|Annihilape, L50, F|\n|poke|p2|Iron Bundle, L50|\n|poke|p2|Arcanine, L50, M|\n|teampreview|4\n|\n|t:|1683700906\n|start\n|switch|p1a: Talonflame|Talonflame, L50, M|100\/100\n|switch|p1b: Ting-Lu|Ting-Lu, L50|100\/100\n|switch|p2a: Maushold|Maushold-Four, L50|100\/100\n|switch|p2b: Flutter Mane|Flutter Mane, L50|100\/100\n|-ability|p1b: Ting-Lu|Vessel of Ruin\n|-enditem|p2b: Flutter Mane|Booster Energy\n|-activate|p2b: Flutter Mane|ability: Protosynthesis|[fromitem]\n|-start|p2b: Flutter Mane|protosynthesisspe\n|turn|1\n|\n|t:|1683700927\n|-terastallize|p1b: Ting-Lu|Fairy\n|move|p2a: Maushold|Follow Me|p2a: Maushold\n|-singleturn|p2a: Maushold|move: Follow Me\n|move|p1a: Talonflame|Tailwind|p1a: Talonflame\n|-sidestart|p1: NoodleDude2355|move: Tailwind\n|move|p2b: Flutter Mane|Thunderbolt|p1a: Talonflame\n|-supereffective|p1a: Talonflame\n|-damage|p1a: Talonflame|30\/100\n|move|p1b: Ting-Lu|Fissure|p2a: Maushold|[miss]\n|-miss|p1b: Ting-Lu|p2a: Maushold\n|\n|upkeep\n|turn|2\n|inactive|Battle timer is ON: inactive players will automatically lose when time's up. (requested by NoodleDude2355)\n|\n|t:|1683700968\n|move|p2a: Maushold|Follow Me|p2a: Maushold\n|-singleturn|p2a: Maushold|move: Follow Me\n|move|p1a: Talonflame|Brave Bird|p2a: Maushold\n|-damage|p2a: Maushold|38\/100\n|-damage|p1a: Talonflame|6\/100|[from] Recoil\n|-damage|p1a: Talonflame|0 fnt|[from] item: Life Orb\n|faint|p1a: Talonflame\n|move|p2b: Flutter Mane|Moonblast|p1b: Ting-Lu\n|-damage|p1b: Ting-Lu|86\/100\n|move|p1b: Ting-Lu|Stomping Tantrum|p2a: Maushold\n|-damage|p2a: Maushold|0 fnt\n|faint|p2a: Maushold\n|\n|upkeep\n|\n|t:|1683700981\n|switch|p1a: Gyarados|Gyarados, L50, M|100\/100\n|switch|p2a: Annihilape|Annihilape, L50, F|100\/100\n|-ability|p1a: Gyarados|Intimidate|boost\n|-unboost|p2a: Annihilape|atk|1\n|-ability|p2a: Annihilape|Defiant|boost\n|-boost|p2a: Annihilape|atk|2\n|-unboost|p2b: Flutter Mane|atk|1\n|turn|3\n|\n|t:|1683700995\n|move|p2b: Flutter Mane|Thunderbolt|p1a: Gyarados\n|-supereffective|p1a: Gyarados\n|-damage|p1a: Gyarados|33\/100\n|move|p1a: Gyarados|Thunder Wave|p2a: Annihilape\n|-status|p2a: Annihilape|par\n|move|p1b: Ting-Lu|Fissure|p2a: Annihilape|[miss]\n|-miss|p1b: Ting-Lu|p2a: Annihilape\n|move|p2a: Annihilape|Rage Fist|p1b: Ting-Lu\n|-damage|p1b: Ting-Lu|63\/100\n|\n|upkeep\n|turn|4\n|inactive|D-scNSe has 30 seconds left.\n|\n|t:|1683701025\n|move|p2b: Flutter Mane|Protect|p2b: Flutter Mane\n|-singleturn|p2b: Flutter Mane|Protect\n|move|p1a: Gyarados|Protect|p1a: Gyarados\n|-singleturn|p1a: Gyarados|Protect\n|move|p1b: Ting-Lu|Fissure|p2b: Flutter Mane\n|-activate|p2b: Flutter Mane|move: Protect\n|cant|p2a: Annihilape|par\n|\n|-sideend|p1: NoodleDude2355|move: Tailwind\n|upkeep\n|turn|5\n|inactive|NoodleDude2355 has 30 seconds left.\n|inactive|NoodleDude2355 has 20 seconds left.\n|inactive|D-scNSe has 30 seconds left.\n|inactive|D-scNSe has 20 seconds left.\n|inactive|D-scNSe has 15 seconds left.\n|inactive|D-scNSe has 10 seconds left.\n|\n|t:|1683701092\n|-terastallize|p2b: Flutter Mane|Fairy\n|move|p2b: Flutter Mane|Moonblast|p1a: Gyarados\n|-damage|p1a: Gyarados|0 fnt\n|faint|p1a: Gyarados\n|move|p1b: Ting-Lu|Fissure|p2a: Annihilape|[miss]\n|-miss|p1b: Ting-Lu|p2a: Annihilape\n|move|p2a: Annihilape|Rage Fist|p1b: Ting-Lu\n|-damage|p1b: Ting-Lu|42\/100\n|\n|upkeep\n|\n|t:|1683701104\n|switch|p1a: Haxorus|Haxorus, L50, F|100\/100\n|turn|6\n|\n|t:|1683701117\n|move|p2b: Flutter Mane|Protect|p2b: Flutter Mane\n|-singleturn|p2b: Flutter Mane|Protect\n|move|p1a: Haxorus|Rock Slide|p2a: Annihilape|[spread] p2a\n|-activate|p2b: Flutter Mane|move: Protect\n|-resisted|p2a: Annihilape\n|-damage|p2a: Annihilape|81\/100 par\n|move|p1b: Ting-Lu|Fissure|p2a: Annihilape|[miss]\n|-miss|p1b: Ting-Lu|p2a: Annihilape\n|cant|p2a: Annihilape|flinch\n|\n|-heal|p2a: Annihilape|87\/100 par|[from] item: Leftovers\n|upkeep\n|turn|7\n|\n|t:|1683701135\n|move|p2b: Flutter Mane|Moonblast|p1a: Haxorus\n|-supereffective|p1a: Haxorus\n|-damage|p1a: Haxorus|0 fnt\n|faint|p1a: Haxorus\n|move|p1b: Ting-Lu|Stomping Tantrum|p2a: Annihilape\n|-damage|p2a: Annihilape|36\/100 par\n|move|p2a: Annihilape|Rage Fist|p1b: Ting-Lu\n|-damage|p1b: Ting-Lu|0 fnt\n|faint|p1b: Ting-Lu\n|\n|win|D-scNSe\n|raw|NoodleDude2355's rating: 1207 → 1175<\/strong> (-32 for losing)\n|raw|D-scNSe's rating: 1114 → 1146<\/strong> (+32 for winning)\n","uploadtime":1683701146,"views":12,"p1id":"noodledude2355","p2id":"dscnse","formatid":"gen9vgc2023regulationc","rating":1146,"private":0,"password":""}