{"id":"gen9vgc2023regulationc-1864224525","p1":"Deadhead Omega","p2":"Daelien","format":"[Gen 9] VGC 2023 Regulation C","log":"|j|\u2606Deadhead Omega\n|j|\u2606Daelien\n|t:|1684140003\n|gametype|doubles\n|player|p1|Deadhead Omega|benga|1546\n|player|p2|Daelien|gambler|1574\n|teamsize|p1|6\n|teamsize|p2|6\n|gen|9\n|tier|[Gen 9] VGC 2023 Regulation C\n|rated|\n|rule|Species Clause: Limit one of each Pok\u00e9mon\n|rule|Item Clause: Limit one of each item\n|clearpoke\n|poke|p1|Dondozo, L50, F|\n|poke|p1|Tatsugiri, L50, F|\n|poke|p1|Glimmora, L50, M|\n|poke|p1|Flutter Mane, L50|\n|poke|p1|Chi-Yu, L50|\n|poke|p1|Murkrow, L50, M|\n|poke|p2|Amoonguss, L50, F|\n|poke|p2|Garganacl, L50, F|\n|poke|p2|Gyarados, L50, M|\n|poke|p2|Flutter Mane, L50|\n|poke|p2|Iron Hands, L50|\n|poke|p2|Iron Bundle, L50|\n|teampreview|4\n|inactive|Battle timer is ON: inactive players will automatically lose when time's up. (requested by Daelien)\n|j| DittoDude20\nDeadhead Omega has agreed to open team sheets.\n|inactive|Deadhead Omega has 60 seconds left.\n|\n|t:|1684140045\n|start\n|switch|p1a: Murkrow|Murkrow, L50, M|100\/100\n|switch|p1b: Glimmora|Glimmora, L50, M|100\/100\n|switch|p2a: Garganacl|Garganacl, L50, F|100\/100\n|switch|p2b: Iron Hands|Iron Hands, L50|100\/100\n|turn|1\n|\n|t:|1684140062\n|move|p2b: Iron Hands|Fake Out|p1b: Glimmora\n|-resisted|p1b: Glimmora\n|-damage|p1b: Glimmora|94\/100\n|-activate|p1b: Glimmora|ability: Toxic Debris\n|-sidestart|p2: Daelien|move: Toxic Spikes\n|move|p1a: Murkrow|Tailwind|p1a: Murkrow\n|-sidestart|p1: Deadhead Omega|move: Tailwind\n|cant|p1b: Glimmora|flinch\n|move|p2a: Garganacl|Salt Cure|p1b: Glimmora\n|-damage|p1b: Glimmora|80\/100\n|-start|p1b: Glimmora|Salt Cure\n|-activate|p1b: Glimmora|ability: Toxic Debris\n|-sidestart|p2: Daelien|move: Toxic Spikes\n|\n|-damage|p1b: Glimmora|68\/100|[from] Salt Cure\n|upkeep\n|turn|2\n|inactive|Deadhead Omega has 30 seconds left.\n|inactive|Deadhead Omega has 20 seconds left.\n|\n|t:|1684140101\n|-end|p2b: Iron Hands|Quark Drive|[silent]\n|switch|p2b: AMOGUS|Amoonguss, L50, F|100\/100\n|-sideend|p2: Daelien|move: Toxic Spikes|[of] p2b: AMOGUS\n|move|p1a: Murkrow|Sunny Day|p1a: Murkrow\n|-weather|SunnyDay\n|move|p1b: Glimmora|Earth Power|p2b: AMOGUS\n|-damage|p2b: AMOGUS|75\/100\n|move|p2a: Garganacl|Salt Cure|p1a: Murkrow\n|-supereffective|p1a: Murkrow\n|-damage|p1a: Murkrow|72\/100\n|-start|p1a: Murkrow|Salt Cure\n|\n|-weather|SunnyDay|[upkeep]\n|-damage|p1b: Glimmora|56\/100|[from] Salt Cure\n|-damage|p1a: Murkrow|60\/100|[from] Salt Cure\n|upkeep\n|turn|3\n|inactive|Deadhead Omega has 30 seconds left.\n|inactive|Daelien has 30 seconds left.\n|inactive|Deadhead Omega has 20 seconds left.\n|inactive|Deadhead Omega has 15 seconds left.\n|\n|t:|1684140144\n|switch|p2b: Gyarados|Gyarados, L50, M|100\/100\n|-ability|p2b: Gyarados|Intimidate|boost\n|-unboost|p1a: Murkrow|atk|1\n|-unboost|p1b: Glimmora|atk|1\n|move|p1b: Glimmora|Earth Power|p2b: Gyarados\n|-immune|p2b: Gyarados\n|move|p1a: Murkrow|Foul Play|p2a: Garganacl\n|-damage|p2a: Garganacl|80\/100\n|move|p2a: Garganacl|Heavy Slam|p1b: Glimmora\n|-supereffective|p1b: Glimmora\n|-damage|p1b: Glimmora|0 fnt\n|-activate|p1b: Glimmora|ability: Toxic Debris\n|-sidestart|p2: Daelien|move: Toxic Spikes\n|faint|p1b: Glimmora\n|\n|-weather|SunnyDay|[upkeep]\n|-heal|p2a: Garganacl|86\/100|[from] item: Leftovers\n|-damage|p1a: Murkrow|48\/100|[from] Salt Cure\n|upkeep\n|\n|t:|1684140152\n|switch|p1b: Chi-Yu|Chi-Yu, L50|100\/100\n|-ability|p1b: Chi-Yu|Beads of Ruin\n|turn|4\n|inactive|Daelien has 30 seconds left.\n|inactive|Daelien has 20 seconds left.\n|inactive|Daelien has 15 seconds left.\n|inactive|Daelien has 10 seconds left.\n|\n|t:|1684140199\n|switch|p1a: Flutter Mane|Flutter Mane, L50|100\/100\n|-activate|p1a: Flutter Mane|ability: Protosynthesis\n|-start|p1a: Flutter Mane|protosynthesisspa\n|move|p1b: Chi-Yu|Protect|p1b: Chi-Yu\n|-singleturn|p1b: Chi-Yu|Protect\n|move|p2b: Gyarados|Protect|p2b: Gyarados\n|-singleturn|p2b: Gyarados|Protect\n|move|p2a: Garganacl|Protect||[still]\n|-fail|p2a: Garganacl\n|\n|-weather|SunnyDay|[upkeep]\n|-heal|p2a: Garganacl|93\/100|[from] item: Leftovers\n|-sideend|p1: Deadhead Omega|move: Tailwind\n|upkeep\n|turn|5\n|inactive|Deadhead Omega has 30 seconds left.\n|inactive|Deadhead Omega has 20 seconds left.\n|\n|t:|1684140237\n|-terastallize|p1a: Flutter Mane|Fairy\n|move|p1a: Flutter Mane|Dazzling Gleam|p2b: Gyarados|[spread] p2a,p2b\n|-damage|p2a: Garganacl|13\/100\n|-damage|p2b: Gyarados|5\/100\n|move|p1b: Chi-Yu|Heat Wave|p2b: Gyarados|[spread] p2a,p2b\n|-resisted|p2a: Garganacl\n|-resisted|p2b: Gyarados\n|-damage|p2a: Garganacl|0 fnt\n|-damage|p2b: Gyarados|0 fnt\n|faint|p2a: Garganacl\n|faint|p2b: Gyarados\n|\n|-weather|SunnyDay|[upkeep]\n|upkeep\n|j| NoDynaNoParty\n|\n|t:|1684140254\n|switch|p2b: AMOGUS|Amoonguss, L50, F|100\/100\n|switch|p2a: Iron Hands|Iron Hands, L50|100\/100\n|-status|p2a: Iron Hands|psn\n|-sideend|p2: Daelien|move: Toxic Spikes|[of] p2b: AMOGUS\n|turn|6\n|inactive|Deadhead Omega has 30 seconds left.\n|\n|t:|1684140283\n|-terastallize|p2a: Iron Hands|Fire\n|move|p1a: Flutter Mane|Dazzling Gleam|p2b: AMOGUS|[spread] p2a,p2b\n|-resisted|p2a: Iron Hands\n|-resisted|p2b: AMOGUS\n|-damage|p2a: Iron Hands|73\/100 psn\n|-damage|p2b: AMOGUS|60\/100\n|move|p1b: Chi-Yu|Heat Wave|p2a: Iron Hands|[spread] p2b\n|-miss|p1b: Chi-Yu|p2a: Iron Hands\n|-supereffective|p2b: AMOGUS\n|-damage|p2b: AMOGUS|0 fnt\n|faint|p2b: AMOGUS\n|move|p2a: Iron Hands|Heavy Slam|p1a: Flutter Mane\n|-supereffective|p1a: Flutter Mane\n|-damage|p1a: Flutter Mane|0 fnt\n|faint|p1a: Flutter Mane\n|-end|p1a: Flutter Mane|Protosynthesis|[silent]\n|\n|-weather|none\n|-damage|p2a: Iron Hands|61\/100 psn|[from] psn\n|upkeep\n|\n|t:|1684140302\n|switch|p1a: Murkrow|Murkrow, L50, M|48\/100\n|turn|7\n|\n|t:|1684140311\n|move|p1b: Chi-Yu|Dark Pulse|p2a: Iron Hands\n|-damage|p2a: Iron Hands|30\/100 psn\n|move|p1a: Murkrow|Foul Play|p2a: Iron Hands\n|-damage|p2a: Iron Hands|1\/100 psn\n|move|p2a: Iron Hands|Heavy Slam|p1a: Murkrow\n|-damage|p1a: Murkrow|6\/100\n|\n|-damage|p2a: Iron Hands|0 fnt|[from] psn\n|faint|p2a: Iron Hands\n|-end|p2a: Iron Hands|Quark Drive|[silent]\n|\n|win|Deadhead Omega\n|upkeep\n|raw|Deadhead Omega's rating: 1546 → 1568<\/strong> (+22 for winning)\n|raw|Daelien's rating: 1574 → 1552<\/strong> (-22 for losing)\n|l|\u2606Daelien\n|l|\u2606Deadhead Omega\n|l| DittoDude20\n","uploadtime":1684141188,"views":16,"p1id":"deadheadomega","p2id":"daelien","formatid":"gen9vgc2023regulationc","rating":1552,"private":0,"password":""}