{"id":"gen9vgc2023regulationc-1854350665","p1":"Hinter Fox","p2":"mysafewordisharder","format":"[Gen 9] VGC 2023 Regulation C","log":"|j|\u2606Hinter Fox\n|j|\u2606mysafewordisharder\n|t:|1682800151\n|gametype|doubles\n|player|p1|Hinter Fox|picnicker|1196\n|player|p2|mysafewordisharder|milo|1318\n|teamsize|p1|6\n|teamsize|p2|6\n|gen|9\n|tier|[Gen 9] VGC 2023 Regulation C\n|rated|\n|rule|Species Clause: Limit one of each Pok\u00e9mon\n|rule|Item Clause: Limit one of each item\n|clearpoke\n|poke|p1|Gholdengo, L50|\n|poke|p1|Wo-Chien, L50|\n|poke|p1|Iron Bundle, L50|\n|poke|p1|Dragapult, L50, M|\n|poke|p1|Hippowdon, L50, M|\n|poke|p1|Glimmora, L50, M|\n|poke|p2|Garganacl, L50, F|\n|poke|p2|Arcanine, L50, M|\n|poke|p2|Amoonguss, L50, M|\n|poke|p2|Palafin, L50, F|\n|poke|p2|Flutter Mane, L50|\n|poke|p2|Baxcalibur, L50, M|\n|teampreview|4\nmysafewordisharder has agreed to open team sheets.\n|c|\u2606mysafewordisharder|glhf\nHinter Fox has agreed to open team sheets.\n|c|\u2606Hinter Fox|g\n|c|\u2606Hinter Fox|l\n|\n|t:|1682800275\n|start\n|switch|p1a: Iron Bundle|Iron Bundle, L50|100\/100\n|switch|p1b: Glimmora|Glimmora, L50, M|100\/100\n|switch|p2a: Salt me Bae|Garganacl, L50, F|100\/100\n|switch|p2b: It's not a phase|Flutter Mane, L50|100\/100\n|-enditem|p1a: Iron Bundle|Booster Energy\n|-activate|p1a: Iron Bundle|ability: Quark Drive|[fromitem]\n|-start|p1a: Iron Bundle|quarkdrivespe\n|-enditem|p2b: It's not a phase|Booster Energy\n|-activate|p2b: It's not a phase|ability: Protosynthesis|[fromitem]\n|-start|p2b: It's not a phase|protosynthesisspa\n|turn|1\n|\n|t:|1682800300\n|move|p2a: Salt me Bae|Protect|p2a: Salt me Bae\n|-singleturn|p2a: Salt me Bae|Protect\n|move|p1a: Iron Bundle|Freeze-Dry|p2b: It's not a phase\n|-damage|p2b: It's not a phase|68\/100\n|move|p2b: It's not a phase|Substitute|p2b: It's not a phase\n|-start|p2b: It's not a phase|Substitute\n|-damage|p2b: It's not a phase|43\/100\n|move|p1b: Glimmora|Earth Power|p2b: It's not a phase\n|-end|p2b: It's not a phase|Substitute\n|\n|upkeep\n|turn|2\n|\n|t:|1682800319\n|move|p2b: It's not a phase|Protect|p2b: It's not a phase\n|-singleturn|p2b: It's not a phase|Protect\n|move|p1a: Iron Bundle|Encore|p2a: Salt me Bae\n|-start|p2a: Salt me Bae|Encore\n|move|p1b: Glimmora|Power Gem|p2b: It's not a phase\n|-activate|p2b: It's not a phase|move: Protect\n|move|p2a: Salt me Bae|Protect||[still]\n|-fail|p2a: Salt me Bae\n|\n|upkeep\n|turn|3\n|\n|t:|1682800344\n|-end|p2b: It's not a phase|Protosynthesis|[silent]\n|switch|p2b: Sus|Amoonguss, L50, M|100\/100\n|move|p2a: Salt me Bae|Protect|p2a: Salt me Bae\n|-singleturn|p2a: Salt me Bae|Protect\n|move|p1a: Iron Bundle|Freeze-Dry|p2b: Sus\n|-supereffective|p2b: Sus\n|-damage|p2b: Sus|40\/100\n|-enditem|p2b: Sus|Sitrus Berry|[eat]\n|-heal|p2b: Sus|65\/100|[from] item: Sitrus Berry\n|move|p1b: Glimmora|Mortal Spin|p2b: Sus|[spread] p2b\n|-activate|p2a: Salt me Bae|move: Protect\n|-damage|p2b: Sus|61\/100\n|\n|upkeep\n|turn|4\n|\n|t:|1682800378\n|switch|p2a: It's not a phase|Flutter Mane, L50|43\/100\n|move|p2b: Sus|Rage Powder|p2b: Sus\n|-singleturn|p2b: Sus|move: Rage Powder\n|move|p1a: Iron Bundle|Freeze-Dry|p2b: Sus\n|-supereffective|p2b: Sus\n|-damage|p2b: Sus|7\/100\n|move|p1b: Glimmora|Earth Power|p2b: Sus\n|-damage|p2b: Sus|0 fnt\n|faint|p2b: Sus\n|\n|upkeep\n|\n|t:|1682800386\n|switch|p2b: Salt me Bae|Garganacl, L50, F|100\/100\n|turn|5\n|\n|t:|1682800395\n|move|p1a: Iron Bundle|Protect|p1a: Iron Bundle\n|-singleturn|p1a: Iron Bundle|Protect\n|move|p2a: It's not a phase|Protect|p2a: It's not a phase\n|-singleturn|p2a: It's not a phase|Protect\n|move|p1b: Glimmora|Mortal Spin|p2a: It's not a phase|[spread] p2b\n|-activate|p2a: It's not a phase|move: Protect\n|-resisted|p2b: Salt me Bae\n|-damage|p2b: Salt me Bae|99\/100\n|move|p2b: Salt me Bae|Salt Cure|p1a: Iron Bundle\n|-activate|p1a: Iron Bundle|move: Protect\n|\n|-heal|p2b: Salt me Bae|100\/100|[from] item: Leftovers\n|upkeep\n|turn|6\n|\n|t:|1682800415\n|-end|p2a: It's not a phase|Protosynthesis|[silent]\n|switch|p2a: Bax me|Baxcalibur, L50, M|100\/100\n|move|p1a: Iron Bundle|Freeze-Dry|p2a: Bax me\n|-damage|p2a: Bax me|72\/100\n|move|p1b: Glimmora|Power Gem|p2a: Bax me\n|-supereffective|p2a: Bax me\n|-damage|p2a: Bax me|12\/100\n|move|p2b: Salt me Bae|Salt Cure|p1a: Iron Bundle\n|-supereffective|p1a: Iron Bundle\n|-damage|p1a: Iron Bundle|72\/100\n|-start|p1a: Iron Bundle|Salt Cure\n|\n|-damage|p1a: Iron Bundle|47\/100|[from] Salt Cure\n|upkeep\n|turn|7\n|\n|t:|1682800436\n|move|p2a: Bax me|Protect|p2a: Bax me\n|-singleturn|p2a: Bax me|Protect\n|move|p1a: Iron Bundle|Freeze-Dry|p2a: Bax me\n|-activate|p2a: Bax me|move: Protect\n|move|p1b: Glimmora|Power Gem|p2a: Bax me\n|-activate|p2a: Bax me|move: Protect\n|move|p2b: Salt me Bae|Salt Cure|p1b: Glimmora\n|-damage|p1b: Glimmora|88\/100\n|-start|p1b: Glimmora|Salt Cure\n|-activate|p1b: Glimmora|ability: Toxic Debris\n|-sidestart|p2: mysafewordisharder|move: Toxic Spikes\n|\n|-damage|p1a: Iron Bundle|22\/100|[from] Salt Cure\n|-damage|p1b: Glimmora|76\/100|[from] Salt Cure\n|upkeep\n|turn|8\n|\n|t:|1682800458\n|switch|p1b: Wo-Chien|Wo-Chien, L50|100\/100\n|-ability|p1b: Wo-Chien|Tablets of Ruin\n|move|p2a: Bax me|Protect||[still]\n|-fail|p2a: Bax me\n|move|p1a: Iron Bundle|Freeze-Dry|p2a: Bax me\n|-damage|p2a: Bax me|0 fnt\n|faint|p2a: Bax me\n|move|p2b: Salt me Bae|Salt Cure|p1b: Wo-Chien\n|-damage|p1b: Wo-Chien|91\/100\n|-start|p1b: Wo-Chien|Salt Cure\n|\n|-heal|p1b: Wo-Chien|97\/100|[from] item: Leftovers\n|-damage|p1a: Iron Bundle|0 fnt|[from] Salt Cure\n|faint|p1a: Iron Bundle\n|-end|p1a: Iron Bundle|Quark Drive|[silent]\n|-damage|p1b: Wo-Chien|85\/100|[from] Salt Cure\n|upkeep\n|\n|t:|1682800475\n|switch|p1a: Gholdengo|Gholdengo, L50|100\/100\n|switch|p2a: It's not a phase|Flutter Mane, L50|43\/100\n|-status|p2a: It's not a phase|psn\n|turn|9\n|\n|t:|1682800490\n|switch|p1b: Glimmora|Glimmora, L50, M|76\/100\n|-terastallize|p1a: Gholdengo|Water\n|-terastallize|p2b: Salt me Bae|Grass\n|move|p2a: It's not a phase|Protect|p2a: It's not a phase\n|-singleturn|p2a: It's not a phase|Protect\n|move|p1a: Gholdengo|Make It Rain|p2b: Salt me Bae|[spread] p2b\n|-activate|p2a: It's not a phase|move: Protect\n|-damage|p2b: Salt me Bae|66\/100\n|-unboost|p1a: Gholdengo|spa|1\n|move|p2b: Salt me Bae|Salt Cure|p1a: Gholdengo\n|-damage|p1a: Gholdengo|88\/100\n|-start|p1a: Gholdengo|Salt Cure\n|\n|-heal|p2b: Salt me Bae|72\/100|[from] item: Leftovers\n|-damage|p2a: It's not a phase|31\/100 psn|[from] psn\n|-damage|p1a: Gholdengo|63\/100|[from] Salt Cure\n|upkeep\n|turn|10\n|\n|t:|1682800524\n|switch|p1a: Wo-Chien|Wo-Chien, L50|85\/100\n|-ability|p1a: Wo-Chien|Tablets of Ruin\n|move|p2a: It's not a phase|Moonblast|p1a: Wo-Chien\n|-supereffective|p1a: Wo-Chien\n|-damage|p1a: Wo-Chien|19\/100\n|-unboost|p1a: Wo-Chien|spa|1\n|move|p1b: Glimmora|Power Gem|p2a: It's not a phase\n|-damage|p2a: It's not a phase|0 fnt\n|faint|p2a: It's not a phase\n|-end|p2a: It's not a phase|Protosynthesis|[silent]\n|move|p2b: Salt me Bae|Salt Cure|p1b: Glimmora\n|-damage|p1b: Glimmora|65\/100\n|-start|p1b: Glimmora|Salt Cure\n|-activate|p1b: Glimmora|ability: Toxic Debris\n|-sidestart|p2: mysafewordisharder|move: Toxic Spikes\n|\n|-heal|p1a: Wo-Chien|25\/100|[from] item: Leftovers\n|-heal|p2b: Salt me Bae|78\/100|[from] item: Leftovers\n|-damage|p1b: Glimmora|53\/100|[from] Salt Cure\n|upkeep\n|turn|11\n|\n|t:|1682800549\n|move|p1b: Glimmora|Power Gem|p2b: Salt me Bae\n|-damage|p2b: Salt me Bae|53\/100\n|move|p1a: Wo-Chien|Pollen Puff|p1b: Glimmora\n|-heal|p1b: Glimmora|100\/100\n|move|p2b: Salt me Bae|Salt Cure|p1a: Wo-Chien\n|-damage|p1a: Wo-Chien|16\/100\n|-start|p1a: Wo-Chien|Salt Cure\n|\n|-heal|p1a: Wo-Chien|22\/100|[from] item: Leftovers\n|-heal|p2b: Salt me Bae|58\/100|[from] item: Leftovers\n|-damage|p1b: Glimmora|88\/100|[from] Salt Cure\n|-damage|p1a: Wo-Chien|10\/100|[from] Salt Cure\n|upkeep\n|turn|12\n|\n|t:|1682800566\n|move|p1b: Glimmora|Power Gem|p2b: Salt me Bae\n|-damage|p2b: Salt me Bae|31\/100\n|move|p1a: Wo-Chien|Pollen Puff|p2b: Salt me Bae\n|-supereffective|p2b: Salt me Bae\n|-damage|p2b: Salt me Bae|12\/100\n|move|p2b: Salt me Bae|Recover|p2b: Salt me Bae\n|-heal|p2b: Salt me Bae|62\/100\n|\n|-heal|p1a: Wo-Chien|16\/100|[from] item: Leftovers\n|-heal|p2b: Salt me Bae|68\/100|[from] item: Leftovers\n|-damage|p1b: Glimmora|76\/100|[from] Salt Cure\n|-damage|p1a: Wo-Chien|4\/100|[from] Salt Cure\n|upkeep\n|turn|13\n|\n|t:|1682800589\n|move|p1b: Glimmora|Earth Power|p2b: Salt me Bae\n|-resisted|p2b: Salt me Bae\n|-damage|p2b: Salt me Bae|57\/100\n|move|p1a: Wo-Chien|Pollen Puff|p1b: Glimmora\n|-heal|p1b: Glimmora|100\/100\n|move|p2b: Salt me Bae|Recover|p2b: Salt me Bae\n|-heal|p2b: Salt me Bae|100\/100\n|\n|-heal|p1a: Wo-Chien|10\/100|[from] item: Leftovers\n|-damage|p1b: Glimmora|88\/100|[from] Salt Cure\n|-damage|p1a: Wo-Chien|0 fnt|[from] Salt Cure\n|faint|p1a: Wo-Chien\n|upkeep\n|\n|t:|1682800602\n|switch|p1a: Gholdengo|Gholdengo, L50, tera:Water|63\/100\n|turn|14\n|\n|t:|1682800609\n|move|p1b: Glimmora|Power Gem|p2b: Salt me Bae\n|-damage|p2b: Salt me Bae|72\/100\n|move|p1a: Gholdengo|Nasty Plot|p1a: Gholdengo\n|-boost|p1a: Gholdengo|spa|2\n|move|p2b: Salt me Bae|Salt Cure|p1a: Gholdengo\n|-damage|p1a: Gholdengo|50\/100\n|-start|p1a: Gholdengo|Salt Cure\n|-enditem|p1a: Gholdengo|Sitrus Berry|[eat]\n|-heal|p1a: Gholdengo|75\/100|[from] item: Sitrus Berry\n|\n|-heal|p2b: Salt me Bae|78\/100|[from] item: Leftovers\n|-damage|p1b: Glimmora|76\/100|[from] Salt Cure\n|-damage|p1a: Gholdengo|50\/100|[from] Salt Cure\n|upkeep\n|turn|15\n|\n|t:|1682800633\n|move|p2b: Salt me Bae|Protect|p2b: Salt me Bae\n|-singleturn|p2b: Salt me Bae|Protect\n|move|p1b: Glimmora|Power Gem|p2b: Salt me Bae\n|-activate|p2b: Salt me Bae|move: Protect\n|move|p1a: Gholdengo|Shadow Ball|p2b: Salt me Bae\n|-activate|p2b: Salt me Bae|move: Protect\n|\n|-heal|p2b: Salt me Bae|83\/100|[from] item: Leftovers\n|-damage|p1b: Glimmora|64\/100|[from] Salt Cure\n|-damage|p1a: Gholdengo|25\/100|[from] Salt Cure\n|upkeep\n|turn|16\n|\n|t:|1682800647\n|move|p1b: Glimmora|Power Gem|p2b: Salt me Bae\n|-crit|p2b: Salt me Bae\n|-damage|p2b: Salt me Bae|43\/100\n|move|p1a: Gholdengo|Shadow Ball|p2b: Salt me Bae\n|-crit|p2b: Salt me Bae\n|-damage|p2b: Salt me Bae|0 fnt\n|faint|p2b: Salt me Bae\n|\n|win|Hinter Fox\n|raw|Hinter Fox's rating: 1196 → 1229<\/strong> (+33 for winning)\n|raw|mysafewordisharder's rating: 1318 → 1291<\/strong> (-27 for losing)\n","uploadtime":1682800656,"views":20,"p1id":"hinterfox","p2id":"mysafewordisharder","formatid":"gen9vgc2023regulationc","rating":1229,"private":0,"password":""}