{"id":"gen9vgc2023regulationc-1854486419","p1":"b(R)2","p2":"TemporaryAbuser","format":"[Gen 9] VGC 2023 Regulation C","log":"|j|\u2606b(R)2\n|j|\u2606TemporaryAbuser\n|t:|1682817175\n|gametype|doubles\n|player|p1|b(R)2|266|1195\n|player|p2|TemporaryAbuser|artist|1103\n|teamsize|p1|6\n|teamsize|p2|6\n|gen|9\n|tier|[Gen 9] VGC 2023 Regulation C\n|rated|\n|rule|Species Clause: Limit one of each Pok\u00e9mon\n|rule|Item Clause: Limit one of each item\n|clearpoke\n|poke|p1|Tatsugiri, L50, M|\n|poke|p1|Arcanine, L50, F|\n|poke|p1|Annihilape, L50, M|\n|poke|p1|Dondozo, L50, F|\n|poke|p1|Amoonguss, L50, F|\n|poke|p1|Ting-Lu, L50|\n|poke|p2|Iron Bundle, L50|\n|poke|p2|Polteageist, L50|\n|poke|p2|Chi-Yu, L50|\n|poke|p2|Indeedee-F, L50, F|\n|poke|p2|Meowscarada, L50, F|\n|poke|p2|Dragonite, L50, M|\n|teampreview|4\nb(R)2 has agreed to open team sheets.\nTemporaryAbuser has agreed to open team sheets.\n|\n|t:|1682817231\n|start\n|switch|p1a: BigBozo|Dondozo, L50, F|100\/100\n|switch|p1b: Dog|Arcanine, L50, F|100\/100\n|switch|p2a: Iron Bundle|Iron Bundle, L50|100\/100\n|switch|p2b: Polteageist|Polteageist, L50|100\/100\n|-ability|p1b: Dog|Intimidate|boost\n|-unboost|p2a: Iron Bundle|atk|1\n|-unboost|p2b: Polteageist|atk|1\n|turn|1\n|\n|t:|1682817257\n|switch|p1b: Ting-Lu|Ting-Lu, L50|100\/100\n|-ability|p1b: Ting-Lu|Vessel of Ruin\n|move|p2a: Iron Bundle|Fling|p2b: Polteageist\n|-supereffective|p2b: Polteageist\n|-damage|p2b: Polteageist|96\/100\n|-start|p2b: Polteageist|move: Focus Energy\n|-ability|p2b: Polteageist|Weak Armor|boost\n|-unboost|p2b: Polteageist|def|1\n|-boost|p2b: Polteageist|spe|2\n|-enditem|p2b: Polteageist|Weakness Policy\n|-boost|p2b: Polteageist|atk|2|[from] item: Weakness Policy\n|-boost|p2b: Polteageist|spa|2|[from] item: Weakness Policy\n|-enditem|p2a: Iron Bundle|Lansat Berry|[from] move: Fling\n|move|p2b: Polteageist|Baton Pass|p2b: Polteageist\n|\n|t:|1682817270\n|switch|p2b: Meowscarada|Meowscarada, L50, F|100\/100|[from] Baton Pass\n|move|p1a: BigBozo|Yawn|p2a: Iron Bundle\n|-start|p2a: Iron Bundle|move: Yawn|[of] p1a: BigBozo\n|\n|upkeep\n|turn|2\n|\n|t:|1682817298\n|-terastallize|p2b: Meowscarada|Grass\n|-terastallize|p1b: Ting-Lu|Poison\n|move|p2b: Meowscarada|Flower Trick|p1a: BigBozo\n|-supereffective|p1a: BigBozo\n|-crit|p1a: BigBozo\n|-damage|p1a: BigBozo|5\/100\n|move|p2a: Iron Bundle|Taunt|p1a: BigBozo\n|-start|p1a: BigBozo|move: Taunt\n|move|p1b: Ting-Lu|Fissure|p2b: Meowscarada|[miss]\n|-miss|p1b: Ting-Lu|p2b: Meowscarada\n|move|p1a: BigBozo|Fissure|p2b: Meowscarada\n|-damage|p2b: Meowscarada|0 fnt\n|faint|p2b: Meowscarada\n|-ohko\n|\n|-heal|p1a: BigBozo|11\/100|[from] item: Leftovers\n|-end|p2a: Iron Bundle|move: Yawn|[silent]\n|-status|p2a: Iron Bundle|slp\n|upkeep\n|\n|t:|1682817326\n|switch|p2b: Dragonite|Dragonite, L50, M|100\/100\n|turn|3\n|\n|t:|1682817342\n|switch|p1a: Dog|Arcanine, L50, F|100\/100\n|-ability|p1a: Dog|Intimidate|boost\n|-unboost|p2a: Iron Bundle|atk|1\n|-unboost|p2b: Dragonite|atk|1\n|cant|p2a: Iron Bundle|slp\n|move|p2b: Dragonite|Earthquake|p1a: Dog|[spread] p2a,p1a,p1b\n|-supereffective|p1a: Dog\n|-supereffective|p1b: Ting-Lu\n|-damage|p2a: Iron Bundle|81\/100 slp\n|-damage|p1a: Dog|49\/100\n|-damage|p1b: Ting-Lu|78\/100\n|move|p1b: Ting-Lu|Ruination|p2b: Dragonite\n|-damage|p2b: Dragonite|51\/100\n|\n|upkeep\n|turn|4\n|\n|t:|1682817362\n|cant|p2a: Iron Bundle|slp\n|move|p1a: Dog|Will-O-Wisp|p2b: Dragonite\n|-status|p2b: Dragonite|brn\n|move|p2b: Dragonite|Earthquake|p1b: Ting-Lu|[spread] p2a,p1a,p1b\n|-supereffective|p1a: Dog\n|-supereffective|p1b: Ting-Lu\n|-damage|p2a: Iron Bundle|72\/100 slp\n|-damage|p1a: Dog|23\/100\n|-damage|p1b: Ting-Lu|67\/100\n|-enditem|p1a: Dog|Aguav Berry|[eat]\n|-heal|p1a: Dog|56\/100|[from] item: Aguav Berry\n|move|p1b: Ting-Lu|Heavy Slam|p2a: Iron Bundle\n|-damage|p2a: Iron Bundle|36\/100 slp\n|\n|-damage|p2b: Dragonite|45\/100 brn|[from] brn\n|upkeep\n|turn|5\n|\n|t:|1682817388\n|move|p1a: Dog|Extreme Speed|p2a: Iron Bundle\n|-damage|p2a: Iron Bundle|13\/100 slp\n|-curestatus|p2a: Iron Bundle|slp|[msg]\n|move|p2a: Iron Bundle|Freeze-Dry|p1b: Ting-Lu\n|-damage|p1b: Ting-Lu|57\/100\n|move|p2b: Dragonite|Earthquake|p1a: Dog|[spread] p2a,p1a,p1b\n|-supereffective|p1a: Dog\n|-supereffective|p1b: Ting-Lu\n|-damage|p2a: Iron Bundle|4\/100\n|-damage|p1a: Dog|30\/100\n|-damage|p1b: Ting-Lu|45\/100\n|move|p1b: Ting-Lu|Heavy Slam|p2a: Iron Bundle\n|-crit|p2a: Iron Bundle\n|-damage|p2a: Iron Bundle|0 fnt\n|faint|p2a: Iron Bundle\n|-end|p2a: Iron Bundle|Quark Drive|[silent]\n|\n|-damage|p2b: Dragonite|38\/100 brn|[from] brn\n|upkeep\n|\n|t:|1682817400\n|switch|p2a: Polteageist|Polteageist, L50|96\/100\n|turn|6\n|\n|t:|1682817412\n|switch|p1a: Monke|Annihilape, L50, M|100\/100\n|move|p2b: Dragonite|Extreme Speed|p1a: Monke\n|-immune|p1a: Monke\n|move|p2a: Polteageist|Shell Smash|p2a: Polteageist\n|-unboost|p2a: Polteageist|def|1\n|-unboost|p2a: Polteageist|spd|1\n|-boost|p2a: Polteageist|atk|2\n|-boost|p2a: Polteageist|spa|2\n|-boost|p2a: Polteageist|spe|2\n|move|p1b: Ting-Lu|Ruination|p2a: Polteageist|[miss]\n|-miss|p1b: Ting-Lu|p2a: Polteageist\n|\n|-damage|p2b: Dragonite|32\/100 brn|[from] brn\n|upkeep\n|turn|7\n|\n|t:|1682817436\n|move|p2b: Dragonite|Extreme Speed|p1b: Ting-Lu\n|-damage|p1b: Ting-Lu|38\/100\n|move|p2a: Polteageist|Shadow Ball|p1b: Ting-Lu\n|-damage|p1b: Ting-Lu|16\/100\n|move|p1a: Monke|Rage Fist|p2a: Polteageist\n|-supereffective|p2a: Polteageist\n|-damage|p2a: Polteageist|5\/100\n|-ability|p2a: Polteageist|Weak Armor|boost\n|-unboost|p2a: Polteageist|def|1\n|-boost|p2a: Polteageist|spe|2\n|move|p1b: Ting-Lu|Stomping Tantrum|p2a: Polteageist\n|-damage|p2a: Polteageist|0 fnt\n|faint|p2a: Polteageist\n|\n|-damage|p2b: Dragonite|26\/100 brn|[from] brn\n|upkeep\n|turn|8\n|-message|TemporaryAbuser forfeited.\n|\n|win|b(R)2\n|raw|b(R)2's rating: 1195 → 1214<\/strong> (+19 for winning)\n|raw|TemporaryAbuser's rating: 1103 → 1084<\/strong> (-19 for losing)\n|l|\u2606TemporaryAbuser\n","uploadtime":1682817450,"views":13,"p1id":"br2","p2id":"temporaryabuser","formatid":"gen9vgc2023regulationc","rating":1084,"private":0,"password":""}