{"id":"gen9vgc2023regulationc-1864156006","p1":"yhetyjtuutyhg","p2":"matthewssandslash","format":"[Gen 9] VGC 2023 Regulation C","log":"|j|\u2606yhetyjtuutyhg\n|j|\u2606matthewssandslash\n|t:|1684126441\n|gametype|doubles\n|player|p1|yhetyjtuutyhg|101|1104\n|player|p2|matthewssandslash|101|1072\n|teamsize|p1|6\n|teamsize|p2|6\n|gen|9\n|tier|[Gen 9] VGC 2023 Regulation C\n|rated|\n|rule|Species Clause: Limit one of each Pok\u00e9mon\n|rule|Item Clause: Limit one of each item\n|clearpoke\n|poke|p1|Grimmsnarl, L50, M|\n|poke|p1|Garganacl, L50, M|\n|poke|p1|Arcanine, L50, M|\n|poke|p1|Meowscarada, L50, M|\n|poke|p1|Ting-Lu, L50|\n|poke|p1|Scizor, L50, F|\n|poke|p2|Scizor, L50, F|\n|poke|p2|Chien-Pao, L50|\n|poke|p2|Maushold, L50|\n|poke|p2|Murkrow, L50, M|\n|poke|p2|Iron Thorns, L50|\n|poke|p2|Iron Valiant, L50|\n|teampreview|4\n|c|\u2606matthewssandslash|lghf\n|\n|t:|1684126508\n|start\n|switch|p1a: Arcanine|Arcanine, L50, M|100\/100\n|switch|p1b: Garganacl|Garganacl, L50, M|100\/100\n|switch|p2a: Iron Thorns|Iron Thorns, L50|100\/100\n|switch|p2b: Murkrow|Murkrow, L50, M|100\/100\n|-ability|p1a: Arcanine|Intimidate|boost\n|-unboost|p2a: Iron Thorns|atk|1\n|-unboost|p2b: Murkrow|atk|1\n|turn|1\n|\n|t:|1684126554\n|switch|p1a: Grimmsnarl|Grimmsnarl, L50, M|100\/100\n|-end|p2a: Iron Thorns|Quark Drive|[silent]\n|switch|p2a: Iron Valiant|Iron Valiant, L50|100\/100\n|move|p2b: Murkrow|Foul Play|p1a: Grimmsnarl\n|-resisted|p1a: Grimmsnarl\n|-damage|p1a: Grimmsnarl|92\/100\n|move|p1b: Garganacl|Salt Cure|p2b: Murkrow\n|-supereffective|p2b: Murkrow\n|-damage|p2b: Murkrow|60\/100\n|-start|p2b: Murkrow|Salt Cure\n|\n|-damage|p2b: Murkrow|48\/100|[from] Salt Cure\n|upkeep\n|turn|2\n|\n|t:|1684126575\n|switch|p2b: Iron Thorns|Iron Thorns, L50|100\/100\n|move|p1a: Grimmsnarl|Parting Shot|p2a: Iron Valiant\n|-unboost|p2a: Iron Valiant|atk|1\n|-unboost|p2a: Iron Valiant|spa|1\n|\n|t:|1684126580\n|switch|p1a: Arcanine|Arcanine, L50, M|100\/100|[from] Parting Shot\n|-ability|p1a: Arcanine|Intimidate|boost\n|-unboost|p2a: Iron Valiant|atk|1\n|-unboost|p2b: Iron Thorns|atk|1\n|move|p2a: Iron Valiant|Moonblast|p1a: Arcanine\n|-resisted|p1a: Arcanine\n|-damage|p1a: Arcanine|81\/100\n|move|p1b: Garganacl|Salt Cure|p2a: Iron Valiant\n|-resisted|p2a: Iron Valiant\n|-damage|p2a: Iron Valiant|90\/100\n|-start|p2a: Iron Valiant|Salt Cure\n|\n|-damage|p2a: Iron Valiant|78\/100|[from] Salt Cure\n|upkeep\n|turn|3\n|\n|t:|1684126601\n|-end|p2a: Iron Valiant|Quark Drive|[silent]\n|switch|p2a: Murkrow|Murkrow, L50, M|48\/100\n|switch|p1b: Grimmsnarl|Grimmsnarl, L50, M|92\/100\n|move|p1a: Arcanine|Protect|p1a: Arcanine\n|-singleturn|p1a: Arcanine|Protect\n|move|p2b: Iron Thorns|Dragon Dance|p2b: Iron Thorns\n|-boost|p2b: Iron Thorns|atk|1\n|-boost|p2b: Iron Thorns|spe|1\n|\n|upkeep\n|turn|4\n|\n|t:|1684126619\n|move|p1b: Grimmsnarl|Parting Shot|p2b: Iron Thorns\n|-unboost|p2b: Iron Thorns|atk|1\n|-unboost|p2b: Iron Thorns|spa|1\n|\n|t:|1684126623\n|switch|p1b: Scizor|Scizor, L50, F|100\/100|[from] Parting Shot\n|move|p2b: Iron Thorns|Rock Blast|p1a: Arcanine\n|-supereffective|p1a: Arcanine\n|-damage|p1a: Arcanine|61\/100\n|-supereffective|p1a: Arcanine\n|-damage|p1a: Arcanine|39\/100\n|-supereffective|p1a: Arcanine\n|-damage|p1a: Arcanine|18\/100\n|-supereffective|p1a: Arcanine\n|-damage|p1a: Arcanine|0 fnt\n|faint|p1a: Arcanine\n|-hitcount|p1: Arcanine|4\n|move|p2a: Murkrow|Foul Play|p1b: Scizor\n|-damage|p1b: Scizor|42\/100\n|\n|upkeep\n|\n|t:|1684126637\n|switch|p1a: Garganacl|Garganacl, L50, M|100\/100\n|turn|5\n|\n|t:|1684126658\n|switch|p2a: Scizor|Scizor, L50, F|100\/100\n|move|p1b: Scizor|Bullet Punch|p2a: Scizor\n|-resisted|p2a: Scizor\n|-damage|p2a: Scizor|82\/100\n|move|p2b: Iron Thorns|Rock Blast|p1b: Scizor\n|-damage|p1b: Scizor|32\/100\n|-damage|p1b: Scizor|20\/100\n|-damage|p1b: Scizor|7\/100\n|-damage|p1b: Scizor|0 fnt\n|faint|p1b: Scizor\n|-hitcount|p1: Scizor|4\n|move|p1a: Garganacl|Iron Defense|p1a: Garganacl\n|-boost|p1a: Garganacl|def|2\n|\n|upkeep\n|\n|t:|1684126672\n|switch|p1b: Grimmsnarl|Grimmsnarl, L50, M|92\/100\n|turn|6\n|\n|t:|1684126683\n|move|p2a: Scizor|Bullet Punch|p1b: Grimmsnarl\n|-supereffective|p1b: Grimmsnarl\n|-damage|p1b: Grimmsnarl|26\/100\n|move|p1b: Grimmsnarl|Reflect|p1b: Grimmsnarl\n|-sidestart|p1: yhetyjtuutyhg|Reflect\n|move|p2b: Iron Thorns|Rock Blast|p1b: Grimmsnarl\n|-damage|p1b: Grimmsnarl|19\/100\n|-damage|p1b: Grimmsnarl|12\/100\n|-damage|p1b: Grimmsnarl|6\/100\n|-damage|p1b: Grimmsnarl|0 fnt\n|faint|p1b: Grimmsnarl\n|-hitcount|p1: Grimmsnarl|4\n|move|p1a: Garganacl|Salt Cure|p2a: Scizor\n|-damage|p2a: Scizor|67\/100\n|-start|p2a: Scizor|Salt Cure\n|\n|-damage|p2a: Scizor|42\/100|[from] Salt Cure\n|upkeep\n|turn|7\n|\n|t:|1684126716\n|move|p2b: Iron Thorns|Rock Blast|p1a: Garganacl\n|-damage|p1a: Garganacl|98\/100\n|-damage|p1a: Garganacl|96\/100\n|-damage|p1a: Garganacl|93\/100\n|-crit|p1a: Garganacl\n|-damage|p1a: Garganacl|78\/100\n|-damage|p1a: Garganacl|75\/100\n|-hitcount|p1a: Garganacl|5\n|move|p2a: Scizor|U-turn|p1a: Garganacl\n|-damage|p1a: Garganacl|66\/100\n|\n|t:|1684126726\n|switch|p2a: Murkrow|Murkrow, L50, M|48\/100|[from] U-turn\n|move|p1a: Garganacl|Body Press|p2b: Iron Thorns\n|-supereffective|p2b: Iron Thorns\n|-damage|p2b: Iron Thorns|6\/100\n|\n|-heal|p1a: Garganacl|72\/100|[from] item: Leftovers\n|upkeep\n|turn|8\n|\n|t:|1684126738\n|move|p2a: Murkrow|Haze|p2a: Murkrow\n|-clearallboost\n|move|p2b: Iron Thorns|Rock Blast|p1a: Garganacl\n|-damage|p1a: Garganacl|65\/100\n|-damage|p1a: Garganacl|58\/100\n|-damage|p1a: Garganacl|52\/100\n|-damage|p1a: Garganacl|45\/100\n|-damage|p1a: Garganacl|38\/100\n|-hitcount|p1a: Garganacl|5\n|move|p1a: Garganacl|Salt Cure|p2a: Murkrow\n|-supereffective|p2a: Murkrow\n|-damage|p2a: Murkrow|12\/100\n|-start|p2a: Murkrow|Salt Cure\n|\n|-heal|p1a: Garganacl|44\/100|[from] item: Leftovers\n|-damage|p2a: Murkrow|0 fnt|[from] Salt Cure\n|faint|p2a: Murkrow\n|upkeep\n|\n|t:|1684126754\n|switch|p2a: Iron Valiant|Iron Valiant, L50|78\/100\n|turn|9\n|\n|t:|1684126765\n|-terastallize|p2a: Iron Valiant|Grass\n|-terastallize|p1a: Garganacl|Flying\n|move|p2a: Iron Valiant|Energy Ball|p1a: Garganacl\n|-resisted|p1a: Garganacl\n|-damage|p1a: Garganacl|27\/100\n|move|p2b: Iron Thorns|Wild Charge|p1a: Garganacl\n|-supereffective|p1a: Garganacl\n|-damage|p1a: Garganacl|0 fnt\n|faint|p1a: Garganacl\n|-damage|p2b: Iron Thorns|0 fnt|[from] Recoil\n|faint|p2b: Iron Thorns\n|-end|p2b: Iron Thorns|Quark Drive|[silent]\n|\n|win|matthewssandslash\n|raw|yhetyjtuutyhg's rating: 1104 → 1077<\/strong> (-27 for losing)\n|raw|matthewssandslash's rating: 1072 → 1104<\/strong> (+32 for winning)\n|c|\u2606matthewssandslash|gg\n","uploadtime":1684126793,"views":7,"p1id":"yhetyjtuutyhg","p2id":"matthewssandslash","formatid":"gen9vgc2023regulationc","rating":1077,"private":0,"password":""}