{"id":"gen9vgc2023regulationc-1863869653","p1":"GKun1999","p2":"mathtass","format":"[Gen 9] VGC 2023 Regulation C","log":"|j|\u2606GKun1999\n|j|\u2606mathtass\n|t:|1684087538\n|gametype|doubles\n|player|p1|GKun1999|ghetsis|1277\n|player|p2|mathtass|101|1354\n|teamsize|p1|6\n|teamsize|p2|6\n|gen|9\n|tier|[Gen 9] VGC 2023 Regulation C\n|rated|\n|rule|Species Clause: Limit one of each Pok\u00e9mon\n|rule|Item Clause: Limit one of each item\n|clearpoke\n|poke|p1|Amoonguss, L50, M|\n|poke|p1|Gholdengo, L50|\n|poke|p1|Azumarill, L50, F|\n|poke|p1|Chi-Yu, L50|\n|poke|p1|Talonflame, L50, F|\n|poke|p1|Orthworm, L50, M|\n|poke|p2|Palafin, L50, M|\n|poke|p2|Chien-Pao, L50|\n|poke|p2|Dragapult, L50, F|\n|poke|p2|Amoonguss, L50, F|\n|poke|p2|Arcanine, L50, M|\n|poke|p2|Flutter Mane, L50|\n|teampreview|4\nGKun1999 has agreed to open team sheets.\n|inactive|Battle timer is ON: inactive players will automatically lose when time's up. (requested by GKun1999)\nmathtass has agreed to open team sheets.\n|inactive|GKun1999 has 60 seconds left.\n|\n|t:|1684087588\n|start\n|switch|p1a: Chi-Yu|Chi-Yu, L50|100\/100\n|switch|p1b: Talonflame|Talonflame, L50, F|100\/100\n|switch|p2a: Blair|Dragapult, L50, F, shiny|100\/100\n|switch|p2b: Poseidon|Palafin, L50, M, shiny|100\/100\n|-ability|p1a: Chi-Yu|Beads of Ruin\n|turn|1\n|inactive|GKun1999 has 30 seconds left.\n|\n|t:|1684087615\n|switch|p1a: Azumarill|Azumarill, L50, F|100\/100\n|detailschange|p2b: Poseidon|Palafin-Hero, L50, M, shiny\n|switch|p2b: Leon|Arcanine, L50, M, shiny|100\/100\n|-ability|p2b: Leon|Intimidate|boost\n|-unboost|p1a: Azumarill|atk|1\n|-unboost|p1b: Talonflame|atk|1\n|move|p1b: Talonflame|Tailwind|p1b: Talonflame\n|-sidestart|p1: GKun1999|move: Tailwind\n|move|p2a: Blair|Dragon Darts|p1b: Talonflame\n|-damage|p1b: Talonflame|45\/100\n|-anim|p2a: Blair|Dragon Darts|p1b: Talonflame\n|-damage|p1b: Talonflame|0 fnt\n|faint|p1b: Talonflame\n|\n|upkeep\n|\n|t:|1684087632\n|switch|p1b: Chi-Yu|Chi-Yu, L50|100\/100\n|-ability|p1b: Chi-Yu|Beads of Ruin\n|turn|2\n|\n|t:|1684087644\n|switch|p2b: Manila|Amoonguss, L50, F, shiny|100\/100\n|switch|p1a: Orthworm|Orthworm, L50, M|100\/100\n|-terastallize|p2a: Blair|Steel\n|move|p1b: Chi-Yu|Dark Pulse|p2a: Blair\n|-damage|p2a: Blair|3\/100\n|move|p2a: Blair|Dragon Darts|p1b: Chi-Yu\n|-damage|p1b: Chi-Yu|50\/100\n|-anim|p2a: Blair|Dragon Darts|p1a: Orthworm\n|-resisted|p1a: Orthworm\n|-damage|p1a: Orthworm|87\/100\n|\n|-heal|p1a: Orthworm|92\/100|[from] item: Leftovers\n|upkeep\n|turn|3\n|inactive|GKun1999 has 30 seconds left.\n|\n|t:|1684087674\n|switch|p1b: Azumarill|Azumarill, L50, F|100\/100\n|switch|p2a: Leon|Arcanine, L50, M, shiny|100\/100\n|-ability|p2a: Leon|Intimidate|boost\n|-unboost|p1a: Orthworm|atk|1\n|-unboost|p1b: Azumarill|atk|1\n|switch|p2b: Poseidon|Palafin-Hero, L50, M, shiny|100\/100\n|-activate|p2b: Poseidon|ability: Zero to Hero\n|move|p1a: Orthworm|Iron Defense|p1a: Orthworm\n|-boost|p1a: Orthworm|def|2\n|\n|-heal|p1a: Orthworm|98\/100|[from] item: Leftovers\n|upkeep\n|turn|4\n|inactive|GKun1999 has 30 seconds left.\n|inactive|mathtass has 30 seconds left.\n|inactive|mathtass has 20 seconds left.\n|inactive|mathtass has 15 seconds left.\n|inactive|mathtass has 10 seconds left.\n|\n|t:|1684087722\n|switch|p1b: Chi-Yu|Chi-Yu, L50|50\/100\n|-ability|p1b: Chi-Yu|Beads of Ruin\n|move|p1a: Orthworm|Shed Tail|p1a: Orthworm\n|-start|p1a: Orthworm|Substitute|[from] move: Shed Tail\n|-damage|p1a: Orthworm|48\/100\n|\n|t:|1684087740\n|switch|p1a: Azumarill|Azumarill, L50, F|100\/100|[from] Shed Tail\n|move|p2a: Leon|Will-O-Wisp|p1b: Chi-Yu\n|-immune|p1b: Chi-Yu\n|move|p2b: Poseidon|Haze|p2b: Poseidon\n|-clearallboost\n|\n|-sideend|p1: GKun1999|move: Tailwind\n|upkeep\n|turn|5\n|\n|t:|1684087758\n|switch|p1b: Orthworm|Orthworm, L50, M|48\/100\n|move|p2a: Leon|Extreme Speed|p1a: Azumarill\n|-end|p1a: Azumarill|Substitute\n|move|p2b: Poseidon|Jet Punch|p1b: Orthworm\n|-damage|p1b: Orthworm|8\/100\n|move|p1a: Azumarill|Belly Drum|p1a: Azumarill\n|-damage|p1a: Azumarill|50\/100\n|-setboost|p1a: Azumarill|atk|6|[from] move: Belly Drum\n|-enditem|p1a: Azumarill|Sitrus Berry|[eat]\n|-heal|p1a: Azumarill|75\/100|[from] item: Sitrus Berry\n|\n|-heal|p1b: Orthworm|14\/100|[from] item: Leftovers\n|upkeep\n|turn|6\n|inactive|mathtass has 30 seconds left.\n|\n|t:|1684087792\n|move|p2a: Leon|Extreme Speed|p1a: Azumarill\n|-damage|p1a: Azumarill|53\/100\n|move|p2b: Poseidon|Haze|p2b: Poseidon\n|-clearallboost\n|move|p1b: Orthworm|Iron Defense|p1b: Orthworm\n|-boost|p1b: Orthworm|def|2\n|move|p1a: Azumarill|Play Rough|p2b: Poseidon\n|-damage|p2b: Poseidon|49\/100\n|\n|-heal|p1b: Orthworm|19\/100|[from] item: Leftovers\n|upkeep\n|turn|7\n|inactive|GKun1999 has 30 seconds left.\n|\n|t:|1684087820\n|move|p2a: Leon|Extreme Speed|p1b: Orthworm\n|-resisted|p1b: Orthworm\n|-damage|p1b: Orthworm|16\/100\n|move|p2b: Poseidon|Jet Punch|p1b: Orthworm\n|-damage|p1b: Orthworm|0 fnt\n|faint|p1b: Orthworm\n|move|p1a: Azumarill|Play Rough|p2b: Poseidon|[miss]\n|-miss|p1a: Azumarill|p2b: Poseidon\n|\n|upkeep\n|-message|GKun1999 forfeited.\n|\n|win|mathtass\n|raw|GKun1999's rating: 1277 → 1257<\/strong> (-20 for losing)\n|raw|mathtass's rating: 1354 → 1370<\/strong> (+16 for winning)\n|l|\u2606GKun1999\n","uploadtime":1684087844,"views":5,"p1id":"gkun1999","p2id":"mathtass","formatid":"gen9vgc2023regulationc","rating":1257,"private":0,"password":""}