{"id":"gen9vgc2023regulationc-1850446182","p1":"haha u rage quit","p2":"Tizio20","format":"[Gen 9] VGC 2023 Regulation C","log":"|j|\u2606haha u rage quit\n|j|\u2606Tizio20\n|t:|1682337710\n|gametype|doubles\n|player|p1|haha u rage quit|pokemaniac|1103\n|player|p2|Tizio20|grimsley|1157\n|teamsize|p1|6\n|teamsize|p2|6\n|gen|9\n|tier|[Gen 9] VGC 2023 Regulation C\n|rated|\n|rule|Species Clause: Limit one of each Pok\u00e9mon\n|rule|Item Clause: Limit one of each item\n|clearpoke\n|poke|p1|Torkoal, L50, M|\n|poke|p1|Dondozo, L50, M|\n|poke|p1|Indeedee-F, L50, F|\n|poke|p1|Kingambit, L50, M|\n|poke|p1|Hatterene, L50, F|\n|poke|p1|Armarouge, L50, M|\n|poke|p2|Iron Treads, L50|\n|poke|p2|Chien-Pao, L50|\n|poke|p2|Amoonguss, L50, F|\n|poke|p2|Gyarados, L50, M|\n|poke|p2|Dragonite, L50, M|\n|poke|p2|Flutter Mane, L50|\n|teampreview|4\n|inactive|Battle timer is ON: inactive players will automatically lose when time's up. (requested by Tizio20)\n|\n|t:|1682337740\n|start\n|switch|p1a: Hatterene|Hatterene, L50, F|100\/100\n|switch|p1b: Armarouge|Armarouge, L50, M|100\/100\n|switch|p2a: Chien-Pao|Chien-Pao, L50|100\/100\n|switch|p2b: Iron Treads|Iron Treads, L50|100\/100\n|-ability|p2a: Chien-Pao|Sword of Ruin\n|turn|1\n|inactive|haha u rage quit has 30 seconds left.\n|inactive|Tizio20 has 30 seconds left.\n|inactive|haha u rage quit has 20 seconds left.\n|inactive|haha u rage quit has 15 seconds left.\n|\n|t:|1682337784\n|-terastallize|p1b: Armarouge|Steel\n|move|p2a: Chien-Pao|Protect|p2a: Chien-Pao\n|-singleturn|p2a: Chien-Pao|Protect\n|move|p1a: Hatterene|Protect|p1a: Hatterene\n|-singleturn|p1a: Hatterene|Protect\n|move|p2b: Iron Treads|Iron Head|p1a: Hatterene\n|-activate|p1a: Hatterene|move: Protect\n|move|p1b: Armarouge|Trick Room|p1b: Armarouge\n|-fieldstart|move: Trick Room|[of] p1b: Armarouge\n|-enditem|p1b: Armarouge|Room Service\n|-unboost|p1b: Armarouge|spe|1|[from] item: Room Service\n|\n|upkeep\n|turn|2\n|\n|t:|1682337808\n|switch|p2a: Dragonite|Dragonite, L50, M|100\/100\n|move|p1a: Hatterene|Dazzling Gleam|p2a: Dragonite|[spread] p2a,p2b\n|-supereffective|p2a: Dragonite\n|-resisted|p2b: Iron Treads\n|-damage|p2a: Dragonite|66\/100\n|-damage|p2b: Iron Treads|87\/100\n|move|p1b: Armarouge|Heat Wave|p2b: Iron Treads|[spread] p2a,p2b\n|-resisted|p2a: Dragonite\n|-supereffective|p2b: Iron Treads\n|-damage|p2a: Dragonite|45\/100\n|-damage|p2b: Iron Treads|25\/100\n|move|p2b: Iron Treads|Earthquake|p1a: Hatterene|[spread] p1a,p1b\n|-immune|p2a: Dragonite\n|-supereffective|p1b: Armarouge\n|-damage|p1a: Hatterene|64\/100\n|-damage|p1b: Armarouge|43\/100\n|\n|upkeep\n|turn|3\n|inactive|haha u rage quit has 30 seconds left.\n|\n|t:|1682337840\n|move|p2a: Dragonite|Extreme Speed|p1a: Hatterene\n|-damage|p1a: Hatterene|36\/100\n|move|p1a: Hatterene|Dazzling Gleam|p2b: Iron Treads|[spread] p2a,p2b\n|-supereffective|p2a: Dragonite\n|-resisted|p2b: Iron Treads\n|-damage|p2a: Dragonite|0 fnt\n|-damage|p2b: Iron Treads|12\/100\n|faint|p2a: Dragonite\n|move|p1b: Armarouge|Heat Wave|p2b: Iron Treads\n|-supereffective|p2b: Iron Treads\n|-damage|p2b: Iron Treads|0 fnt\n|faint|p2b: Iron Treads\n|-end|p2b: Iron Treads|Quark Drive|[silent]\n|\n|upkeep\n|\n|t:|1682337849\n|switch|p2a: Chien-Pao|Chien-Pao, L50|100\/100\n|switch|p2b: Amoonguss|Amoonguss, L50, F|100\/100\n|-ability|p2a: Chien-Pao|Sword of Ruin\n|turn|4\n|\n|t:|1682337870\n|switch|p1b: Indeedee|Indeedee-F, L50, F, shiny|100\/100\n|-fieldstart|move: Psychic Terrain|[from] ability: Psychic Surge|[of] p1b: Indeedee\n|-enditem|p1b: Indeedee|Psychic Seed\n|-boost|p1b: Indeedee|spd|1|[from] item: Psychic Seed\n|-terastallize|p2b: Amoonguss|Water\n|move|p2a: Chien-Pao|Protect|p2a: Chien-Pao\n|-singleturn|p2a: Chien-Pao|Protect\n|move|p1a: Hatterene|Psychic|p2b: Amoonguss\n|-damage|p2b: Amoonguss|45\/100\n|-enditem|p2b: Amoonguss|Sitrus Berry|[eat]\n|-heal|p2b: Amoonguss|70\/100|[from] item: Sitrus Berry\n|move|p2b: Amoonguss|Spore|p1b: Indeedee\n|-status|p1b: Indeedee|slp|[from] move: Spore\n|\n|upkeep\n|turn|5\n|inactive|Tizio20 has 30 seconds left.\n|\n|t:|1682337896\n|move|p1a: Hatterene|Dazzling Gleam|p2b: Amoonguss|[spread] p2a,p2b\n|-supereffective|p2a: Chien-Pao\n|-enditem|p2a: Chien-Pao|Focus Sash\n|-damage|p2a: Chien-Pao|1\/100\n|-damage|p2b: Amoonguss|42\/100\n|move|p2b: Amoonguss|Spore|p1a: Hatterene\n|move|p1a: Hatterene|Spore|p2b: Amoonguss|[from]ability: Magic Bounce\n|-status|p2b: Amoonguss|slp|[from] move: Spore\n|cant|p1b: Indeedee|slp\n|move|p2a: Chien-Pao|Ice Spinner|p1a: Hatterene\n|-damage|p1a: Hatterene|0 fnt\n|-fieldend|move: Psychic Terrain\n|faint|p1a: Hatterene\n|\n|-fieldend|move: Trick Room\n|upkeep\n|-message|Tizio20 forfeited.\n|\n|win|haha u rage quit\n|raw|haha u rage quit's rating: 1103 → 1132<\/strong> (+29 for winning)\n|raw|Tizio20's rating: 1157 → 1128<\/strong> (-29 for losing)\n|l|\u2606Tizio20\n","uploadtime":1682337928,"views":21,"p1id":"hahauragequit","p2id":"tizio20","formatid":"gen9vgc2023regulationc","rating":1128,"private":0,"password":""}