{"id":"gen9vgc2023regulationc-1852707986","p1":"Ricardo Randorez","p2":"iltanquesilva","format":"[Gen 9] VGC 2023 Regulation C","log":"|j|\u2606Ricardo Randorez\n|j|\u2606iltanquesilva\n|t:|1682598846\n|gametype|doubles\n|player|p1|Ricardo Randorez|265|1125\n|player|p2|iltanquesilva|101|1054\n|teamsize|p1|6\n|teamsize|p2|6\n|gen|9\n|tier|[Gen 9] VGC 2023 Regulation C\n|rated|\n|rule|Species Clause: Limit one of each Pok\u00e9mon\n|rule|Item Clause: Limit one of each item\n|clearpoke\n|poke|p1|Gyarados, L50, M|\n|poke|p1|Arcanine, L50, F|\n|poke|p1|Dragonite, L50, M|\n|poke|p1|Great Tusk, L50|\n|poke|p1|Iron Jugulis, L50|\n|poke|p1|Chien-Pao, L50|\n|poke|p2|Ting-Lu, L50|\n|poke|p2|Glimmora, L50, F|\n|poke|p2|Maushold-Four, L50|\n|poke|p2|Chi-Yu, L50|\n|poke|p2|Flutter Mane, L50|\n|poke|p2|Baxcalibur, L50, F|\n|teampreview|4\n|\n|t:|1682598874\n|start\n|switch|p1a: Gyarados|Gyarados, L50, M|100\/100\n|switch|p1b: Iron Jugulis|Iron Jugulis, L50|100\/100\n|switch|p2a: Glimmora|Glimmora, L50, F|100\/100\n|switch|p2b: Maushold|Maushold-Four, L50|100\/100\n|-enditem|p1b: Iron Jugulis|Booster Energy\n|-activate|p1b: Iron Jugulis|ability: Quark Drive|[fromitem]\n|-start|p1b: Iron Jugulis|quarkdrivespe\n|turn|1\n|inactive|Battle timer is ON: inactive players will automatically lose when time's up. (requested by Ricardo Randorez)\n|\n|t:|1682598891\n|move|p2b: Maushold|Follow Me|p2b: Maushold\n|-singleturn|p2b: Maushold|move: Follow Me\n|move|p1b: Iron Jugulis|Snarl|p2b: Maushold|[spread] p2a,p2b\n|-damage|p2a: Glimmora|86\/100\n|-damage|p2b: Maushold|75\/100\n|-unboost|p2a: Glimmora|spa|1\n|-unboost|p2b: Maushold|spa|1\n|move|p1a: Gyarados|Dragon Dance|p1a: Gyarados\n|-boost|p1a: Gyarados|atk|1\n|-boost|p1a: Gyarados|spe|1\n|move|p2a: Glimmora|Mortal Spin|p1b: Iron Jugulis|[spread] p1a,p1b\n|-crit|p1a: Gyarados\n|-damage|p1a: Gyarados|94\/100\n|-damage|p1b: Iron Jugulis|95\/100\n|-status|p1a: Gyarados|psn\n|-status|p1b: Iron Jugulis|psn\n|\n|-damage|p1b: Iron Jugulis|83\/100 psn|[from] psn\n|-damage|p1a: Gyarados|82\/100 psn|[from] psn\n|upkeep\n|turn|2\n|inactive|Ricardo Randorez has 30 seconds left.\n|inactive|iltanquesilva has 30 seconds left.\n|\n|t:|1682598918\n|move|p2b: Maushold|Follow Me|p2b: Maushold\n|-singleturn|p2b: Maushold|move: Follow Me\n|move|p1b: Iron Jugulis|Snarl|p2a: Glimmora|[spread] p2a,p2b\n|-damage|p2a: Glimmora|72\/100\n|-damage|p2b: Maushold|47\/100\n|-unboost|p2a: Glimmora|spa|1\n|-unboost|p2b: Maushold|spa|1\n|move|p1a: Gyarados|Waterfall|p2b: Maushold\n|-damage|p2b: Maushold|0 fnt\n|-damage|p1a: Gyarados|65\/100 psn|[from] item: Rocky Helmet|[of] p2b: Maushold\n|faint|p2b: Maushold\n|-ability|p1a: Gyarados|Moxie|boost\n|-boost|p1a: Gyarados|atk|1\n|move|p2a: Glimmora|Power Gem|p1a: Gyarados\n|-supereffective|p1a: Gyarados\n|-damage|p1a: Gyarados|29\/100 psn\n|\n|-damage|p1b: Iron Jugulis|70\/100 psn|[from] psn\n|-damage|p1a: Gyarados|16\/100 psn|[from] psn\n|upkeep\n|\n|t:|1682598935\n|switch|p2b: Baxcalibur|Baxcalibur, L50, F|100\/100\n|turn|3\n|\n|t:|1682598948\n|move|p2a: Glimmora|Spiky Shield|p2a: Glimmora\n|-singleturn|p2a: Glimmora|move: Protect\n|move|p2b: Baxcalibur|Ice Shard|p1a: Gyarados\n|-damage|p1a: Gyarados|0 fnt\n|faint|p1a: Gyarados\n|move|p1b: Iron Jugulis|Air Slash|p2b: Baxcalibur\n|-damage|p2b: Baxcalibur|69\/100\n|\n|-heal|p2b: Baxcalibur|75\/100|[from] item: Leftovers\n|-damage|p1b: Iron Jugulis|58\/100 psn|[from] psn\n|upkeep\n|\n|t:|1682598952\n|switch|p1a: Great Tusk|Great Tusk, L50|100\/100\n|turn|4\n|inactive|iltanquesilva has 30 seconds left.\n|\n|t:|1682598978\n|move|p2b: Baxcalibur|Ice Shard|p1b: Iron Jugulis\n|-supereffective|p1b: Iron Jugulis\n|-damage|p1b: Iron Jugulis|10\/100 psn\n|move|p1b: Iron Jugulis|Air Slash|p2b: Baxcalibur\n|-damage|p2b: Baxcalibur|41\/100\n|move|p1a: Great Tusk|Earthquake|p2b: Baxcalibur|[spread] p2a,p2b\n|-immune|p1b: Iron Jugulis\n|-supereffective|p2a: Glimmora\n|-damage|p2a: Glimmora|0 fnt\n|-damage|p2b: Baxcalibur|13\/100\n|-activate|p2a: Glimmora|ability: Toxic Debris\n|-sidestart|p1: Ricardo Randorez|move: Toxic Spikes\n|faint|p2a: Glimmora\n|\n|-heal|p2b: Baxcalibur|19\/100|[from] item: Leftovers\n|-damage|p1b: Iron Jugulis|0 fnt|[from] psn\n|faint|p1b: Iron Jugulis\n|-end|p1b: Iron Jugulis|Quark Drive|[silent]\n|upkeep\n|\n|t:|1682598996\n|switch|p1b: Dragonite|Dragonite, L50, M|100\/100\n|switch|p2a: Flutter Mane|Flutter Mane, L50|100\/100\n|turn|5\n|\n|t:|1682599007\n|-terastallize|p1b: Dragonite|Normal\n|move|p1b: Dragonite|Extreme Speed|p2b: Baxcalibur\n|-damage|p2b: Baxcalibur|0 fnt\n|faint|p2b: Baxcalibur\n|move|p2a: Flutter Mane|Dazzling Gleam|p1b: Dragonite|[spread] p1a,p1b\n|-supereffective|p1a: Great Tusk\n|-damage|p1a: Great Tusk|5\/100\n|-damage|p1b: Dragonite|56\/100\n|move|p1a: Great Tusk|Headlong Rush|p2a: Flutter Mane\n|-damage|p2a: Flutter Mane|0 fnt\n|-unboost|p1a: Great Tusk|def|1\n|-unboost|p1a: Great Tusk|spd|1\n|faint|p2a: Flutter Mane\n|-end|p2a: Flutter Mane|Protosynthesis|[silent]\n|\n|win|Ricardo Randorez\n|raw|Ricardo Randorez's rating: 1125 → 1145<\/strong> (+20 for winning)\n|raw|iltanquesilva's rating: 1054 → 1040<\/strong> (-14 for losing)\n|l|\u2606iltanquesilva\n","uploadtime":1682599024,"views":12,"p1id":"ricardorandorez","p2id":"iltanquesilva","formatid":"gen9vgc2023regulationc","rating":1040,"private":0,"password":""}