{"id":"gen9vgc2023regulationc-1857822692","p1":"soraesc","p2":"mathtass","format":"[Gen 9] VGC 2023 Regulation C","log":"|j|\u2606soraesc\n|j|\u2606mathtass\n|t:|1683235495\n|gametype|doubles\n|player|p1|soraesc|flannery|1290\n|player|p2|mathtass|265|1303\n|teamsize|p1|6\n|teamsize|p2|6\n|gen|9\n|tier|[Gen 9] VGC 2023 Regulation C\n|rated|\n|rule|Species Clause: Limit one of each Pok\u00e9mon\n|rule|Item Clause: Limit one of each item\n|clearpoke\n|poke|p1|Palafin, L50, M|\n|poke|p1|Pelipper, L50, M|\n|poke|p1|Ting-Lu, L50|\n|poke|p1|Dragonite, L50, F|\n|poke|p1|Chien-Pao, L50|\n|poke|p1|Flutter Mane, L50|\n|poke|p2|Amoonguss, L50, F|\n|poke|p2|Chi-Yu, L50|\n|poke|p2|Arcanine, L50, F|\n|poke|p2|Dragonite, L50, M|\n|poke|p2|Flutter Mane, L50|\n|poke|p2|Iron Hands, L50|\n|teampreview|4\n|inactive|Battle timer is ON: inactive players will automatically lose when time's up. (requested by soraesc)\nmathtass has agreed to open team sheets.\nsoraesc has agreed to open team sheets.\n|inactive|mathtass has 60 seconds left.\n|inactive|mathtass has 30 seconds left.\n|\n|t:|1683235560\n|start\n|switch|p1a: Palafin|Palafin, L50, M|100\/100\n|switch|p1b: Flutter Mane|Flutter Mane, L50|100\/100\n|switch|p2a: Simba|Arcanine, L50, F, shiny|100\/100\n|switch|p2b: Titan|Dragonite, L50, M, shiny|100\/100\n|-ability|p2a: Simba|Intimidate|boost\n|-unboost|p1a: Palafin|atk|1\n|-unboost|p1b: Flutter Mane|atk|1\n|turn|1\n|inactive|soraesc has 30 seconds left.\n|inactive|soraesc has 20 seconds left.\n|\n|t:|1683235598\n|detailschange|p1a: Palafin|Palafin-Hero, L50, M\n|switch|p1a: Ting-Lu|Ting-Lu, L50|100\/100\n|-ability|p1a: Ting-Lu|Vessel of Ruin\n|-terastallize|p2b: Titan|Flying\n|move|p1b: Flutter Mane|Moonblast|p2b: Titan\n|-damage|p2b: Titan|76\/100\n|-unboost|p2b: Titan|spa|1\n|-damage|p1b: Flutter Mane|91\/100|[from] item: Life Orb\n|move|p2a: Simba|Howl|p2a: Simba|[spread] p2a,p2b\n|-boost|p2a: Simba|atk|1\n|-boost|p2b: Titan|atk|1\n|move|p2b: Titan|Tera Blast|p1b: Flutter Mane\n|-damage|p1b: Flutter Mane|0 fnt\n|faint|p1b: Flutter Mane\n|-end|p1b: Flutter Mane|Protosynthesis|[silent]\n|\n|upkeep\n|\n|t:|1683235612\n|switch|p1b: Chien-Pao|Chien-Pao, L50|100\/100\n|-ability|p1b: Chien-Pao|Sword of Ruin\n|turn|2\n|\n|t:|1683235634\n|move|p2b: Titan|Extreme Speed|p1b: Chien-Pao\n|-damage|p1b: Chien-Pao|33\/100\n|move|p1b: Chien-Pao|Ice Spinner|p2b: Titan\n|-supereffective|p2b: Titan\n|-damage|p2b: Titan|0 fnt\n|faint|p2b: Titan\n|move|p2a: Simba|Flare Blitz|p1b: Chien-Pao\n|-supereffective|p1b: Chien-Pao\n|-damage|p1b: Chien-Pao|0 fnt\n|faint|p1b: Chien-Pao\n|-damage|p2a: Simba|92\/100|[from] Recoil\n|move|p1a: Ting-Lu|Ruination|p2a: Simba\n|-damage|p2a: Simba|46\/100\n|-enditem|p2a: Simba|Sitrus Berry|[eat]\n|-heal|p2a: Simba|71\/100|[from] item: Sitrus Berry\n|\n|upkeep\n|\n|t:|1683235642\n|switch|p1b: Palafin|Palafin-Hero, L50, M|100\/100\n|switch|p2b: Adore|Amoonguss, L50, F, shiny|100\/100\n|-activate|p1b: Palafin|ability: Zero to Hero\n|turn|3\n|\n|t:|1683235665\n|-terastallize|p1b: Palafin|Grass\n|move|p2a: Simba|Protect|p2a: Simba\n|-singleturn|p2a: Simba|Protect\n|move|p1b: Palafin|Wave Crash|p2a: Simba\n|-activate|p2a: Simba|move: Protect\n|move|p1a: Ting-Lu|Fissure|p2b: Adore|[miss]\n|-miss|p1a: Ting-Lu|p2b: Adore\n|move|p2b: Adore|Spore|p1a: Ting-Lu\n|-status|p1a: Ting-Lu|slp|[from] move: Spore\n|\n|upkeep\n|turn|4\n|\n|t:|1683235682\n|move|p2a: Simba|Flare Blitz|p1b: Palafin\n|-supereffective|p1b: Palafin\n|-damage|p1b: Palafin|0 fnt\n|faint|p1b: Palafin\n|-damage|p2a: Simba|38\/100|[from] Recoil\n|cant|p1a: Ting-Lu|slp\n|move|p2b: Adore|Pollen Puff|p1a: Ting-Lu\n|-supereffective|p1a: Ting-Lu\n|-damage|p1a: Ting-Lu|89\/100 slp\n|\n|upkeep\n|turn|5\n|\n|t:|1683235697\n|move|p2a: Simba|Flare Blitz|p1a: Ting-Lu\n|-damage|p1a: Ting-Lu|42\/100 slp\n|-damage|p2a: Simba|18\/100|[from] Recoil\n|-curestatus|p1a: Ting-Lu|slp|[msg]\n|move|p1a: Ting-Lu|Fissure|p2b: Adore|[miss]\n|-miss|p1a: Ting-Lu|p2b: Adore\n|move|p2b: Adore|Pollen Puff|p2a: Simba\n|-heal|p2a: Simba|68\/100\n|\n|upkeep\n|turn|6\n|-message|soraesc forfeited.\n|\n|win|mathtass\n|raw|soraesc's rating: 1290 → 1266<\/strong> (-24 for losing)\n|raw|mathtass's rating: 1303 → 1322<\/strong> (+19 for winning)\n|l|\u2606soraesc\n","uploadtime":1683235739,"views":13,"p1id":"soraesc","p2id":"mathtass","formatid":"gen9vgc2023regulationc","rating":1266,"private":0,"password":""}