{"id":"gen9vgc2023regulationc-1859509407","p1":"Trevvolo","p2":"zippLapZapper","format":"[Gen 9] VGC 2023 Regulation C","log":"|j|\u2606Trevvolo\n|j|\u2606zippLapZapper\n|t:|1683532649\n|gametype|doubles\n|player|p1|Trevvolo|elesa|1494\n|player|p2|zippLapZapper|hilbert-wonderlauncher|1430\n|teamsize|p1|6\n|teamsize|p2|6\n|gen|9\n|tier|[Gen 9] VGC 2023 Regulation C\n|rated|\n|rule|Species Clause: Limit one of each Pok\u00e9mon\n|rule|Item Clause: Limit one of each item\n|clearpoke\n|poke|p1|Flutter Mane, L50|\n|poke|p1|Chi-Yu, L50|\n|poke|p1|Amoonguss, L50, M|\n|poke|p1|Iron Hands, L50|\n|poke|p1|Gyarados, L50, M|\n|poke|p1|Baxcalibur, L50, M|\n|poke|p2|Garchomp, L50, M|\n|poke|p2|Talonflame, L50, F|\n|poke|p2|Flutter Mane, L50|\n|poke|p2|Iron Bundle, L50|\n|poke|p2|Chien-Pao, L50|\n|poke|p2|Tyranitar, L50, M|\n|teampreview|4\nTrevvolo has agreed to open team sheets.\nzippLapZapper has agreed to open team sheets.\n|inactive|Battle timer is ON: inactive players will automatically lose when time's up. (requested by zippLapZapper)\n|inactive|Trevvolo has 60 seconds left.\n|inactive|zippLapZapper has 60 seconds left.\n|j| KIRBY OF DA STARS\n|inactive|Trevvolo has 30 seconds left.\n|\n|t:|1683532750\n|start\n|switch|p1a: Iron Hands|Iron Hands, L50|100\/100\n|switch|p1b: Flutter Mane|Flutter Mane, L50|100\/100\n|switch|p2a: Talonflame|Talonflame, L50, F|100\/100\n|switch|p2b: Tyranitar|Tyranitar, L50, M|100\/100\n|-weather|Sandstorm|[from] ability: Sand Stream|[of] p2b: Tyranitar\n|turn|1\n|inactive|zippLapZapper has 30 seconds left.\n|\n|t:|1683532782\n|move|p1a: Iron Hands|Fake Out|p2b: Tyranitar\n|-resisted|p2b: Tyranitar\n|-damage|p2b: Tyranitar|95\/100\n|move|p2a: Talonflame|Tailwind|p2a: Talonflame\n|-sidestart|p2: zippLapZapper|move: Tailwind\n|cant|p2b: Tyranitar|flinch\n|move|p1b: Flutter Mane|Shadow Ball|p2a: Talonflame\n|-damage|p2a: Talonflame|23\/100\n|\n|-weather|Sandstorm|[upkeep]\n|-damage|p1b: Flutter Mane|95\/100|[from] Sandstorm\n|-damage|p1a: Iron Hands|95\/100|[from] Sandstorm\n|upkeep\n|turn|2\n|j| Mike2811\n|\n|t:|1683532800\n|-end|p1b: Flutter Mane|Protosynthesis|[silent]\n|switch|p1b: Gyarados|Gyarados, L50, M, shiny|100\/100\n|-ability|p1b: Gyarados|Intimidate|boost\n|-unboost|p2a: Talonflame|atk|1\n|-unboost|p2b: Tyranitar|atk|1\n|-terastallize|p2b: Tyranitar|Grass\n|move|p2a: Talonflame|Will-O-Wisp|p1a: Iron Hands\n|-status|p1a: Iron Hands|brn\n|move|p2b: Tyranitar|Heavy Slam|p1b: Gyarados\n|-resisted|p1b: Gyarados\n|-damage|p1b: Gyarados|95\/100\n|move|p1a: Iron Hands|Drain Punch|p2b: Tyranitar\n|-damage|p2b: Tyranitar|77\/100\n|-heal|p1a: Iron Hands|100\/100 brn|[from] drain|[of] p2b: Tyranitar\n|\n|-weather|Sandstorm|[upkeep]\n|-damage|p2b: Tyranitar|71\/100|[from] Sandstorm\n|-damage|p1b: Gyarados|89\/100|[from] Sandstorm\n|-damage|p1a: Iron Hands|95\/100 brn|[from] Sandstorm\n|-damage|p1a: Iron Hands|89\/100 brn|[from] brn\n|upkeep\n|turn|3\n|l| Mike2811\n|j| A Borygon\n|inactive|Trevvolo has 30 seconds left.\n|inactive|zippLapZapper has 30 seconds left.\n|\n|t:|1683532831\n|move|p2a: Talonflame|Taunt|p1b: Gyarados\n|-start|p1b: Gyarados|move: Taunt\n|move|p2b: Tyranitar|Rock Slide|p1a: Iron Hands|[spread] p1a,p1b\n|-resisted|p1a: Iron Hands\n|-supereffective|p1b: Gyarados\n|-damage|p1a: Iron Hands|82\/100 brn\n|-damage|p1b: Gyarados|46\/100\n|cant|p1b: Gyarados|move: Taunt|Thunder Wave\n|move|p1a: Iron Hands|Wild Charge|p2a: Talonflame\n|-supereffective|p2a: Talonflame\n|-damage|p2a: Talonflame|0 fnt\n|faint|p2a: Talonflame\n|-damage|p1a: Iron Hands|78\/100 brn|[from] Recoil\n|\n|-weather|Sandstorm|[upkeep]\n|-damage|p2b: Tyranitar|65\/100|[from] Sandstorm\n|-damage|p1b: Gyarados|40\/100|[from] Sandstorm\n|-damage|p1a: Iron Hands|72\/100 brn|[from] Sandstorm\n|-damage|p1a: Iron Hands|66\/100 brn|[from] brn\n|upkeep\n|\n|t:|1683532835\n|switch|p2a: Garchomp|Garchomp, L50, M|100\/100\n|turn|4\n|inactive|zippLapZapper has 30 seconds left.\n|\n|t:|1683532865\n|switch|p1b: Amoonguss|Amoonguss, L50, M|100\/100\n|-terastallize|p1a: Iron Hands|Grass\n|move|p2a: Garchomp|Stomping Tantrum|p1a: Iron Hands\n|-resisted|p1a: Iron Hands\n|-damage|p1a: Iron Hands|51\/100 brn\n|move|p2b: Tyranitar|Rock Slide|p1a: Iron Hands|[spread] p1a,p1b\n|-damage|p1a: Iron Hands|36\/100 brn\n|-damage|p1b: Amoonguss|82\/100\n|move|p1a: Iron Hands|Drain Punch|p2a: Garchomp\n|-damage|p2a: Garchomp|79\/100\n|-heal|p1a: Iron Hands|44\/100 brn|[from] drain|[of] p2a: Garchomp\n|-damage|p1a: Iron Hands|32\/100 brn|[from] ability: Rough Skin|[of] p2a: Garchomp\n|\n|-weather|Sandstorm|[upkeep]\n|-damage|p2b: Tyranitar|59\/100|[from] Sandstorm\n|-damage|p1a: Iron Hands|26\/100 brn|[from] Sandstorm\n|-damage|p1b: Amoonguss|76\/100|[from] Sandstorm\n|-damage|p1a: Iron Hands|20\/100 brn|[from] brn\n|-sideend|p2: zippLapZapper|move: Tailwind\n|upkeep\n|turn|5\n|inactive|Trevvolo has 30 seconds left.\n|inactive|zippLapZapper has 30 seconds left.\n|inactive|Trevvolo has 20 seconds left.\n|inactive|zippLapZapper has 20 seconds left.\n|inactive|zippLapZapper has 15 seconds left.\n|\n|t:|1683532906\n|move|p2a: Garchomp|Protect|p2a: Garchomp\n|-singleturn|p2a: Garchomp|Protect\n|move|p2b: Tyranitar|Heavy Slam|p1b: Amoonguss\n|-damage|p1b: Amoonguss|48\/100\n|-enditem|p1b: Amoonguss|Sitrus Berry|[eat]\n|-heal|p1b: Amoonguss|73\/100|[from] item: Sitrus Berry\n|move|p1a: Iron Hands|Drain Punch|p2b: Tyranitar\n|-damage|p2b: Tyranitar|42\/100\n|-heal|p1a: Iron Hands|28\/100 brn|[from] drain|[of] p2b: Tyranitar\n|move|p1b: Amoonguss|Spore|p2a: Garchomp\n|-activate|p2a: Garchomp|move: Protect\n|\n|-weather|none\n|-damage|p1a: Iron Hands|22\/100 brn|[from] brn\n|upkeep\n|turn|6\n|\n|t:|1683532919\n|move|p2a: Garchomp|Dragon Claw|p1b: Amoonguss\n|-damage|p1b: Amoonguss|35\/100\n|move|p2b: Tyranitar|Assurance|p1b: Amoonguss\n|-damage|p1b: Amoonguss|0 fnt\n|faint|p1b: Amoonguss\n|move|p1a: Iron Hands|Drain Punch|p2b: Tyranitar\n|-damage|p2b: Tyranitar|22\/100\n|-heal|p1a: Iron Hands|29\/100 brn|[from] drain|[of] p2b: Tyranitar\n|\n|-damage|p1a: Iron Hands|23\/100 brn|[from] brn\n|upkeep\n|\n|t:|1683532924\n|switch|p1b: Flutter Mane|Flutter Mane, L50|95\/100\n|turn|7\n|j| TheGodMouse\n|\n|t:|1683532938\n|-end|p1a: Iron Hands|Quark Drive|[silent]\n|switch|p1a: Gyarados|Gyarados, L50, M, shiny|40\/100\n|-ability|p1a: Gyarados|Intimidate|boost\n|-fail|p2a: Garchomp|unboost|[from] item: Clear Amulet|[of] p2a: Garchomp\n|-unboost|p2b: Tyranitar|atk|1\n|move|p2a: Garchomp|Protect|p2a: Garchomp\n|-singleturn|p2a: Garchomp|Protect\n|move|p1b: Flutter Mane|Dazzling Gleam|p2b: Tyranitar|[spread] p2b\n|-activate|p2a: Garchomp|move: Protect\n|-damage|p2b: Tyranitar|0 fnt\n|faint|p2b: Tyranitar\n|\n|upkeep\n|\n|t:|1683532949\n|switch|p2b: Iron Bundle|Iron Bundle, L50|100\/100\n|-enditem|p2b: Iron Bundle|Booster Energy\n|-activate|p2b: Iron Bundle|ability: Quark Drive|[fromitem]\n|-start|p2b: Iron Bundle|quarkdrivespe\n|turn|8\n|\n|t:|1683532966\n|-end|p1b: Flutter Mane|Protosynthesis|[silent]\n|switch|p1b: Iron Hands|Iron Hands, L50, tera:Grass|23\/100 brn\n|move|p2b: Iron Bundle|Freeze-Dry|p1b: Iron Hands\n|-supereffective|p1b: Iron Hands\n|-damage|p1b: Iron Hands|0 fnt\n|faint|p1b: Iron Hands\n|-end|p1b: Iron Hands|Quark Drive|[silent]\n|move|p2a: Garchomp|Stomping Tantrum|p1a: Gyarados\n|-immune|p1a: Gyarados\n|move|p1a: Gyarados|Thunder Wave|p2b: Iron Bundle\n|-status|p2b: Iron Bundle|par\n|\n|upkeep\n|\n|t:|1683532976\n|switch|p1b: Flutter Mane|Flutter Mane, L50|95\/100\n|turn|9\n|\n|t:|1683532988\n|move|p2a: Garchomp|Protect|p2a: Garchomp\n|-singleturn|p2a: Garchomp|Protect\n|move|p1b: Flutter Mane|Moonblast|p2a: Garchomp\n|-activate|p2a: Garchomp|move: Protect\n|cant|p2b: Iron Bundle|par\n|move|p1a: Gyarados|Waterfall|p2b: Iron Bundle\n|-resisted|p2b: Iron Bundle\n|-crit|p2b: Iron Bundle\n|-damage|p2b: Iron Bundle|70\/100 par\n|\n|upkeep\n|turn|10\n|\n|t:|1683533007\n|move|p2a: Garchomp|Protect||[still]\n|-fail|p2a: Garchomp\n|move|p1b: Flutter Mane|Moonblast|p2a: Garchomp\n|-supereffective|p2a: Garchomp\n|-damage|p2a: Garchomp|0 fnt\n|faint|p2a: Garchomp\n|move|p2b: Iron Bundle|Icy Wind|p1b: Flutter Mane|[spread] p1a,p1b\n|-damage|p1a: Gyarados|22\/100\n|-damage|p1b: Flutter Mane|76\/100\n|-unboost|p1a: Gyarados|spe|1\n|-unboost|p1b: Flutter Mane|spe|1\n|move|p1a: Gyarados|Waterfall|p2b: Iron Bundle\n|-resisted|p2b: Iron Bundle\n|-damage|p2b: Iron Bundle|49\/100 par\n|\n|upkeep\n|turn|11\n|\n|t:|1683533022\n|move|p2b: Iron Bundle|Freeze-Dry|p1b: Flutter Mane\n|-damage|p1b: Flutter Mane|46\/100\n|move|p1b: Flutter Mane|Moonblast|p2b: Iron Bundle\n|-damage|p2b: Iron Bundle|0 fnt\n|faint|p2b: Iron Bundle\n|-end|p2b: Iron Bundle|Quark Drive|[silent]\n|\n|win|Trevvolo\n|raw|Trevvolo's rating: 1494 → 1510<\/strong> (+16 for winning)\n|raw|zippLapZapper's rating: 1430 → 1414<\/strong> (-16 for losing)\n|c|\u2606zippLapZapper|gg\n|c|\u2606Trevvolo|gg sorry for par\n|l| TheGodMouse\n|c|\u2606zippLapZapper|no worries\n","uploadtime":1683533039,"views":14,"p1id":"trevvolo","p2id":"zipplapzapper","formatid":"gen9vgc2023regulationc","rating":1414,"private":0,"password":""}