{"id":"gen9vgc2023regulationc-1852321271","p1":"Nahuel9","p2":"b(R)2","format":"[Gen 9] VGC 2023 Regulation C","log":"|j|\u2606Nahuel9\n|j|\u2606b(R)2\n|t:|1682543764\n|gametype|doubles\n|player|p1|Nahuel9|170|1137\n|player|p2|b(R)2|266|1239\n|teamsize|p1|6\n|teamsize|p2|6\n|gen|9\n|tier|[Gen 9] VGC 2023 Regulation C\n|rated|\n|rule|Species Clause: Limit one of each Pok\u00e9mon\n|rule|Item Clause: Limit one of each item\n|clearpoke\n|poke|p1|Scream Tail, L50|\n|poke|p1|Gothitelle, L50, F|\n|poke|p1|Toxapex, L50, M|\n|poke|p1|Amoonguss, L50, F|\n|poke|p1|Cyclizar, L50, M|\n|poke|p1|Misdreavus, L50, F|\n|poke|p2|Ting-Lu, L50|\n|poke|p2|Amoonguss, L50, M|\n|poke|p2|Garganacl, L50, F|\n|poke|p2|Arcanine, L50, M|\n|poke|p2|Roaring Moon, L50|\n|poke|p2|Iron Bundle, L50|\n|teampreview|4\n|inactive|Battle timer is ON: inactive players will automatically lose when time's up. (requested by Nahuel9)\nb(R)2 has agreed to open team sheets.\nNahuel9 rejected open team sheets.\n|\n|t:|1682543796\n|start\n|switch|p1a: Misdreavus|Misdreavus, L50, F, shiny|100\/100\n|switch|p1b: Gothitelle|Gothitelle, L50, F, shiny|100\/100\n|switch|p2a: Garganacl|Garganacl, L50, F|100\/100\n|switch|p2b: Roaring Moon|Roaring Moon, L50|100\/100\n|-enditem|p2b: Roaring Moon|Booster Energy\n|-activate|p2b: Roaring Moon|ability: Protosynthesis|[fromitem]\n|-start|p2b: Roaring Moon|protosynthesisatk\n|turn|1\n|inactive|b(R)2 has 30 seconds left.\n|\n|t:|1682543827\n|-terastallize|p2a: Garganacl|Ghost\n|move|p1b: Gothitelle|Fake Out|p2b: Roaring Moon\n|-damage|p2b: Roaring Moon|95\/100\n|cant|p2b: Roaring Moon|flinch\n|move|p1a: Misdreavus|Perish Song|p1a: Misdreavus\n|-start|p1a: Misdreavus|perish3|[silent]\n|-start|p1b: Gothitelle|perish3|[silent]\n|-start|p2a: Garganacl|perish3|[silent]\n|-start|p2b: Roaring Moon|perish3|[silent]\n|-fieldactivate|move: Perish Song\n|move|p2a: Garganacl|Salt Cure|p1b: Gothitelle\n|-damage|p1b: Gothitelle|89\/100\n|-start|p1b: Gothitelle|Salt Cure\n|\n|-damage|p1b: Gothitelle|76\/100|[from] Salt Cure\n|-start|p2b: Roaring Moon|perish3\n|-start|p1a: Misdreavus|perish3\n|-start|p1b: Gothitelle|perish3\n|-start|p2a: Garganacl|perish3\n|upkeep\n|turn|2\n|inactive|b(R)2 has 30 seconds left.\n|\n|t:|1682543854\n|move|p1b: Gothitelle|Protect|p1b: Gothitelle\n|-singleturn|p1b: Gothitelle|Protect\n|move|p2b: Roaring Moon|Jaw Lock|p1b: Gothitelle\n|-activate|p1b: Gothitelle|move: Protect\n|move|p1a: Misdreavus|Mean Look||[still]\n|-fail|p1a: Misdreavus\n|move|p2a: Garganacl|Stealth Rock|p1b: Gothitelle\n|-sidestart|p1: Nahuel9|move: Stealth Rock\n|\n|-damage|p1b: Gothitelle|64\/100|[from] Salt Cure\n|-start|p2b: Roaring Moon|perish2\n|-start|p1a: Misdreavus|perish2\n|-start|p1b: Gothitelle|perish2\n|-start|p2a: Garganacl|perish2\n|upkeep\n|turn|3\n|inactive|Nahuel9 has 30 seconds left.\n|\n|t:|1682543883\n|switch|p1b: Amoonguss|Amoonguss, L50, F|100\/100\n|-damage|p1b: Amoonguss|88\/100|[from] Stealth Rock\n|move|p2b: Roaring Moon|Jaw Lock|p1b: Amoonguss\n|-damage|p1b: Amoonguss|39\/100\n|-activate|p2b: Roaring Moon|trapped\n|-activate|p1b: Amoonguss|trapped\n|-enditem|p1b: Amoonguss|Sitrus Berry|[eat]\n|-heal|p1b: Amoonguss|64\/100|[from] item: Sitrus Berry\n|move|p1a: Misdreavus|Mean Look||[still]\n|-fail|p1a: Misdreavus\n|move|p2a: Garganacl|Salt Cure|p1a: Misdreavus\n|-damage|p1a: Misdreavus|89\/100\n|-start|p1a: Misdreavus|Salt Cure\n|\n|-damage|p1a: Misdreavus|77\/100|[from] Salt Cure\n|-start|p2b: Roaring Moon|perish1\n|-start|p1a: Misdreavus|perish1\n|-start|p2a: Garganacl|perish1\n|upkeep\n|turn|4\n|inactive|Nahuel9 has 30 seconds left.\n|inactive|b(R)2 has 30 seconds left.\n|\n|t:|1682543915\n|switch|p2a: Arcanine|Arcanine, L50, M|100\/100\n|-ability|p2a: Arcanine|Intimidate|boost\n|-unboost|p1a: Misdreavus|atk|1\n|-unboost|p1b: Amoonguss|atk|1\n|move|p2b: Roaring Moon|Jaw Lock|p1a: Misdreavus\n|-supereffective|p1a: Misdreavus\n|-damage|p1a: Misdreavus|0 fnt\n|faint|p1a: Misdreavus\n|move|p1b: Amoonguss|Spore|p2b: Roaring Moon\n|-status|p2b: Roaring Moon|slp|[from] move: Spore\n|\n|-start|p2b: Roaring Moon|perish0\n|upkeep\n|faint|p2b: Roaring Moon\n|-end|p2b: Roaring Moon|Protosynthesis|[silent]\n|\n|t:|1682543926\n|switch|p2b: Garganacl|Garganacl, L50, F, tera:Ghost|100\/100\n|switch|p1a: Toxapex|Toxapex, L50, M, shiny|100\/100\n|-damage|p1a: Toxapex|88\/100|[from] Stealth Rock\n|turn|5\n|\n|t:|1682543944\n|move|p2a: Arcanine|Protect|p2a: Arcanine\n|-singleturn|p2a: Arcanine|Protect\n|move|p1a: Toxapex|Substitute|p1a: Toxapex\n|-start|p1a: Toxapex|Substitute\n|-damage|p1a: Toxapex|64\/100\n|move|p1b: Amoonguss|Spore|p2a: Arcanine\n|-activate|p2a: Arcanine|move: Protect\n|move|p2b: Garganacl|Salt Cure|p1a: Toxapex\n|-activate|p1a: Toxapex|move: Substitute|[damage]\n|\n|-heal|p1a: Toxapex|69\/100|[from] item: Black Sludge\n|upkeep\n|turn|6\n|\n|t:|1682543960\n|move|p1a: Toxapex|Baneful Bunker|p1a: Toxapex\n|-singleturn|p1a: Toxapex|move: Protect\n|move|p2a: Arcanine|Extreme Speed|p1a: Toxapex\n|-activate|p1a: Toxapex|move: Protect\n|-status|p2a: Arcanine|psn\n|move|p1b: Amoonguss|Spore||[still]\n|-fail|p1b: Amoonguss\n|move|p2b: Garganacl|Salt Cure|p1a: Toxapex\n|-activate|p1a: Toxapex|move: Protect\n|\n|-heal|p1a: Toxapex|75\/100|[from] item: Black Sludge\n|-damage|p2a: Arcanine|88\/100 psn|[from] psn\n|upkeep\n|turn|7\n|inactive|Nahuel9 has 30 seconds left.\n|\n|t:|1682543987\n|move|p2a: Arcanine|Extreme Speed|p1a: Toxapex\n|-activate|p1a: Toxapex|move: Substitute|[damage]\n|move|p1a: Toxapex|Toxic|p2b: Garganacl\n|-immune|p2b: Garganacl|[from] ability: Purifying Salt\n|move|p1b: Amoonguss|Pollen Puff|p1a: Toxapex\n|-heal|p1a: Toxapex|100\/100\n|move|p2b: Garganacl|Salt Cure|p1a: Toxapex\n|-end|p1a: Toxapex|Substitute\n|\n|-damage|p2a: Arcanine|76\/100 psn|[from] psn\n|upkeep\n|turn|8\n|-message|Nahuel9 forfeited.\n|\n|win|b(R)2\n|raw|Nahuel9's rating: 1137 → 1119<\/strong> (-18 for losing)\n|raw|b(R)2's rating: 1239 → 1257<\/strong> (+18 for winning)\n|l|\u2606Nahuel9\n","uploadtime":1682544010,"views":22,"p1id":"nahuel9","p2id":"br2","formatid":"gen9vgc2023regulationc","rating":1119,"private":0,"password":""}