{"id":"gen9vgc2023regulationc-1846708684","p1":"Hadrian1917","p2":"salt-air24","format":"[Gen 9] VGC 2023 Regulation C","log":"|j|\u2606Hadrian1917\n|j|\u2606salt-air24\n|t:|1681868493\n|gametype|doubles\n|player|p1|Hadrian1917|brock|1127\n|player|p2|salt-air24|acetrainer-gen4dp|1126\n|teamsize|p1|6\n|teamsize|p2|6\n|gen|9\n|tier|[Gen 9] VGC 2023 Regulation C\n|rated|\n|rule|Species Clause: Limit one of each Pok\u00e9mon\n|rule|Item Clause: Limit one of each item\n|clearpoke\n|poke|p1|Flutter Mane, L50|\n|poke|p1|Arcanine, L50, F|\n|poke|p1|Baxcalibur, L50, M|\n|poke|p1|Ting-Lu, L50|\n|poke|p1|Gyarados, L50, F|\n|poke|p1|Amoonguss, L50, F|\n|poke|p2|Chi-Yu, L50|\n|poke|p2|Dachsbun, L50, M|\n|poke|p2|Dragonite, L50, M|\n|poke|p2|Flutter Mane, L50|\n|poke|p2|Azumarill, L50, M|\n|poke|p2|Chien-Pao, L50|\n|teampreview|4\n|inactive|Battle timer is ON: inactive players will automatically lose when time's up. (requested by Hadrian1917)\n|inactive|Hadrian1917 has 60 seconds left.\n|\n|t:|1681868552\n|start\n|switch|p1a: Ting-Lu|Ting-Lu, L50|100\/100\n|switch|p1b: Amoonguss|Amoonguss, L50, F|100\/100\n|switch|p2a: Chi-Yu|Chi-Yu, L50|100\/100\n|switch|p2b: Dachsbun|Dachsbun, L50, M|100\/100\n|-ability|p2a: Chi-Yu|Beads of Ruin\n|-ability|p1a: Ting-Lu|Vessel of Ruin\n|turn|1\n|\n|t:|1681868575\n|-terastallize|p1a: Ting-Lu|Grass\n|move|p2a: Chi-Yu|Lava Plume|p1a: Ting-Lu|[spread] p1a,p1b\n|-ability|p2b: Dachsbun|Well-Baked Body|boost\n|-boost|p2b: Dachsbun|def|2\n|-supereffective|p1a: Ting-Lu\n|-supereffective|p1b: Amoonguss\n|-damage|p1a: Ting-Lu|70\/100\n|-damage|p1b: Amoonguss|39\/100\n|move|p2b: Dachsbun|Yawn|p1b: Amoonguss\n|-start|p1b: Amoonguss|move: Yawn|[of] p2b: Dachsbun\n|move|p1a: Ting-Lu|Fissure|p2b: Dachsbun\n|-damage|p2b: Dachsbun|0 fnt\n|faint|p2b: Dachsbun\n|-ohko\n|move|p1b: Amoonguss|Spore|p2a: Chi-Yu\n|-status|p2a: Chi-Yu|slp|[from] move: Spore\n|\n|upkeep\n|\n|t:|1681868591\n|switch|p2b: Flutter Mane|Flutter Mane, L50|100\/100\n|-enditem|p2b: Flutter Mane|Booster Energy\n|-activate|p2b: Flutter Mane|ability: Protosynthesis|[fromitem]\n|-start|p2b: Flutter Mane|protosynthesisspe\n|turn|2\n|\n|t:|1681868607\n|switch|p1b: Baxcalibur|Baxcalibur, L50, M|100\/100\n|-terastallize|p2b: Flutter Mane|Fairy\n|move|p2b: Flutter Mane|Dazzling Gleam|p1a: Ting-Lu|[spread] p1a,p1b\n|-supereffective|p1b: Baxcalibur\n|-damage|p1a: Ting-Lu|50\/100\n|-damage|p1b: Baxcalibur|23\/100\n|cant|p2a: Chi-Yu|slp\n|move|p1a: Ting-Lu|Fissure|p2a: Chi-Yu\n|-damage|p2a: Chi-Yu|0 fnt\n|faint|p2a: Chi-Yu\n|-ohko\n|\n|upkeep\n|\n|t:|1681868618\n|switch|p2a: Dragonite|Dragonite, L50, M|100\/100\n|turn|3\n|\n|t:|1681868637\n|move|p2a: Dragonite|Protect|p2a: Dragonite\n|-singleturn|p2a: Dragonite|Protect\n|move|p1b: Baxcalibur|Ice Shard|p2a: Dragonite\n|-activate|p2a: Dragonite|move: Protect\n|move|p2b: Flutter Mane|Dazzling Gleam|p1b: Baxcalibur|[spread] p1a,p1b\n|-supereffective|p1b: Baxcalibur\n|-damage|p1a: Ting-Lu|34\/100\n|-damage|p1b: Baxcalibur|0 fnt\n|faint|p1b: Baxcalibur\n|move|p1a: Ting-Lu|Fissure|p2b: Flutter Mane|[miss]\n|-miss|p1a: Ting-Lu|p2b: Flutter Mane\n|\n|upkeep\n|\n|t:|1681868649\n|switch|p1b: Amoonguss|Amoonguss, L50, F|73\/100\n|turn|4\n|\n|t:|1681868668\n|move|p2a: Dragonite|Extreme Speed|p1b: Amoonguss\n|-damage|p1b: Amoonguss|45\/100\n|-damage|p2a: Dragonite|84\/100|[from] item: Rocky Helmet|[of] p1b: Amoonguss\n|move|p2b: Flutter Mane|Dazzling Gleam|p1a: Ting-Lu|[spread] p1a,p1b\n|-resisted|p1b: Amoonguss\n|-damage|p1a: Ting-Lu|19\/100\n|-damage|p1b: Amoonguss|31\/100\n|move|p1a: Ting-Lu|Fissure|p2b: Flutter Mane|[miss]\n|-miss|p1a: Ting-Lu|p2b: Flutter Mane\n|move|p1b: Amoonguss|Spore|p2a: Dragonite\n|-status|p2a: Dragonite|slp|[from] move: Spore\n|\n|upkeep\n|turn|5\n|\n|t:|1681868688\n|cant|p2a: Dragonite|slp\n|move|p2b: Flutter Mane|Dazzling Gleam|p1b: Amoonguss|[spread] p1a,p1b\n|-resisted|p1b: Amoonguss\n|-damage|p1a: Ting-Lu|3\/100\n|-damage|p1b: Amoonguss|16\/100\n|move|p1a: Ting-Lu|Fissure|p2b: Flutter Mane|[miss]\n|-miss|p1a: Ting-Lu|p2b: Flutter Mane\n|move|p1b: Amoonguss|Pollen Puff|p1a: Ting-Lu\n|-heal|p1a: Ting-Lu|53\/100\n|\n|upkeep\n|turn|6\n|inactive|Hadrian1917 has 30 seconds left.\n|\n|t:|1681868717\n|cant|p2a: Dragonite|slp\n|move|p2b: Flutter Mane|Dazzling Gleam|p1a: Ting-Lu|[spread] p1a,p1b\n|-resisted|p1b: Amoonguss\n|-damage|p1a: Ting-Lu|36\/100\n|-damage|p1b: Amoonguss|2\/100\n|move|p1a: Ting-Lu|Fissure|p2b: Flutter Mane|[miss]\n|-miss|p1a: Ting-Lu|p2b: Flutter Mane\n|move|p1b: Amoonguss|Spore|p2b: Flutter Mane\n|-status|p2b: Flutter Mane|slp|[from] move: Spore\n|\n|upkeep\n|turn|7\n|\n|t:|1681868740\n|cant|p2a: Dragonite|slp\n|cant|p2b: Flutter Mane|slp\n|move|p1a: Ting-Lu|Stomping Tantrum|p2b: Flutter Mane\n|-damage|p2b: Flutter Mane|0 fnt\n|faint|p2b: Flutter Mane\n|-end|p2b: Flutter Mane|Protosynthesis|[silent]\n|move|p1b: Amoonguss|Pollen Puff|p1a: Ting-Lu\n|-heal|p1a: Ting-Lu|86\/100\n|\n|upkeep\n|turn|8\n|\n|t:|1681868753\n|switch|p1b: Flutter Mane|Flutter Mane, L50|100\/100\n|-curestatus|p2a: Dragonite|slp|[msg]\n|move|p2a: Dragonite|Extreme Speed|p1a: Ting-Lu\n|-damage|p1a: Ting-Lu|69\/100\n|move|p1a: Ting-Lu|Ruination|p2a: Dragonite\n|-damage|p2a: Dragonite|42\/100\n|\n|upkeep\n|turn|9\n|\n|t:|1681868767\n|switch|p1a: Amoonguss|Amoonguss, L50, F|36\/100\n|move|p1b: Flutter Mane|Dazzling Gleam|p2a: Dragonite\n|-supereffective|p2a: Dragonite\n|-damage|p2a: Dragonite|0 fnt\n|faint|p2a: Dragonite\n|\n|win|Hadrian1917\n|raw|Hadrian1917's rating: 1127 → 1152<\/strong> (+25 for winning)\n|raw|salt-air24's rating: 1126 → 1101<\/strong> (-25 for losing)\n|l|\u2606salt-air24\n","uploadtime":1681868913,"views":14,"p1id":"hadrian1917","p2id":"saltair24","formatid":"gen9vgc2023regulationc","rating":1101,"private":0,"password":""}