{"id":"gen9vgc2023regulationc-1862011165","p1":"agentyphlosion","p2":"SwampCorner","format":"[Gen 9] VGC 2023 Regulation C","log":"|j|\u2606agentyphlosion\n|j|\u2606SwampCorner\n|t:|1683828626\n|gametype|doubles\n|player|p1|agentyphlosion|101|1417\n|player|p2|SwampCorner|boarder|1361\n|teamsize|p1|6\n|teamsize|p2|6\n|gen|9\n|tier|[Gen 9] VGC 2023 Regulation C\n|rated|\n|rule|Species Clause: Limit one of each Pok\u00e9mon\n|rule|Item Clause: Limit one of each item\n|clearpoke\n|poke|p1|Iron Thorns, L50|\n|poke|p1|Iron Bundle, L50|\n|poke|p1|Dragonite, L50, F|\n|poke|p1|Chi-Yu, L50|\n|poke|p1|Flutter Mane, L50|\n|poke|p1|Azumarill, L50, M|\n|poke|p2|Flutter Mane, L50|\n|poke|p2|Great Tusk, L50|\n|poke|p2|Iron Bundle, L50|\n|poke|p2|Dragonite, L50, M|\n|poke|p2|Kingambit, L50, F|\n|poke|p2|Abomasnow, L50, M|\n|teampreview|4\n|inactive|Battle timer is ON: inactive players will automatically lose when time's up. (requested by agentyphlosion)\n|inactive|SwampCorner has 60 seconds left.\n|\n|t:|1683828693\n|start\n|switch|p1a: Iron Bundle|Iron Bundle, L50|100\/100\n|switch|p1b: Iron Thorns|Iron Thorns, L50, shiny|100\/100\n|switch|p2a: Dragonite|Dragonite, L50, M|100\/100\n|switch|p2b: Iron Bundle|Iron Bundle, L50|100\/100\n|-enditem|p1a: Iron Bundle|Booster Energy\n|-activate|p1a: Iron Bundle|ability: Quark Drive|[fromitem]\n|-start|p1a: Iron Bundle|quarkdrivespe\n|turn|1\n|inactive|agentyphlosion has 30 seconds left.\n|\n|t:|1683828722\n|-terastallize|p2a: Dragonite|Normal\n|move|p1b: Iron Thorns|Protect|p1b: Iron Thorns\n|-singleturn|p1b: Iron Thorns|Protect\n|move|p2a: Dragonite|Extreme Speed|p1a: Iron Bundle\n|-damage|p1a: Iron Bundle|36\/100\n|move|p1a: Iron Bundle|Icy Wind|p2a: Dragonite|[spread] p2a,p2b\n|-resisted|p2b: Iron Bundle\n|-damage|p2a: Dragonite|81\/100\n|-damage|p2b: Iron Bundle|91\/100\n|-unboost|p2a: Dragonite|spe|1\n|-unboost|p2b: Iron Bundle|spe|1\n|move|p2b: Iron Bundle|Hydro Pump|p1b: Iron Thorns\n|-activate|p1b: Iron Thorns|move: Protect\n|\n|upkeep\n|turn|2\n|inactive|agentyphlosion has 30 seconds left.\n|\n|t:|1683828755\n|-end|p1a: Iron Bundle|Quark Drive|[silent]\n|switch|p1a: Flutter Mane|Flutter Mane, L50|100\/100\n|-terastallize|p1b: Iron Thorns|Bug\n|move|p2a: Dragonite|Extreme Speed|p1b: Iron Thorns\n|-damage|p1b: Iron Thorns|49\/100\n|move|p2b: Iron Bundle|Hydro Pump|p1b: Iron Thorns|[miss]\n|-miss|p2b: Iron Bundle|p1b: Iron Thorns\n|move|p1b: Iron Thorns|Rock Blast|p2b: Iron Bundle\n|-supereffective|p2b: Iron Bundle\n|-damage|p2b: Iron Bundle|60\/100\n|-supereffective|p2b: Iron Bundle\n|-damage|p2b: Iron Bundle|26\/100\n|-supereffective|p2b: Iron Bundle\n|-damage|p2b: Iron Bundle|0 fnt\n|faint|p2b: Iron Bundle\n|-end|p2b: Iron Bundle|Quark Drive|[silent]\n|-hitcount|p2: Iron Bundle|3\n|\n|upkeep\n|\n|t:|1683828768\n|switch|p2b: Abomasnow|Abomasnow, L50, M|100\/100\n|-weather|Snow|[from] ability: Snow Warning|[of] p2b: Abomasnow\n|turn|3\n|\n|t:|1683828786\n|move|p2a: Dragonite|Extreme Speed|p1b: Iron Thorns\n|-crit|p1b: Iron Thorns\n|-damage|p1b: Iron Thorns|0 fnt\n|faint|p1b: Iron Thorns\n|-end|p1b: Iron Thorns|Quark Drive|[silent]\n|move|p1a: Flutter Mane|Dazzling Gleam|p2a: Dragonite|[spread] p2a,p2b\n|-damage|p2a: Dragonite|45\/100\n|-damage|p2b: Abomasnow|66\/100\n|move|p2b: Abomasnow|Aurora Veil|p2b: Abomasnow\n|-sidestart|p2: SwampCorner|move: Aurora Veil\n|\n|-weather|Snow|[upkeep]\n|upkeep\n|\n|t:|1683828798\n|switch|p1b: Chi-Yu|Chi-Yu, L50|100\/100\n|-ability|p1b: Chi-Yu|Beads of Ruin\n|turn|4\n|\n|t:|1683828805\n|move|p2a: Dragonite|Extreme Speed|p1b: Chi-Yu\n|-damage|p1b: Chi-Yu|0 fnt\n|faint|p1b: Chi-Yu\n|move|p1a: Flutter Mane|Dazzling Gleam|p2b: Abomasnow|[spread] p2a,p2b\n|-damage|p2a: Dragonite|21\/100\n|-damage|p2b: Abomasnow|41\/100\n|move|p2b: Abomasnow|Blizzard|p1a: Flutter Mane\n|-damage|p1a: Flutter Mane|45\/100\n|\n|-weather|Snow|[upkeep]\n|upkeep\n|\n|t:|1683828814\n|switch|p1b: Iron Bundle|Iron Bundle, L50|36\/100\n|turn|5\n|\n|t:|1683828823\n|move|p1b: Iron Bundle|Protect|p1b: Iron Bundle\n|-singleturn|p1b: Iron Bundle|Protect\n|move|p2a: Dragonite|Extreme Speed|p1b: Iron Bundle\n|-activate|p1b: Iron Bundle|move: Protect\n|move|p1a: Flutter Mane|Power Gem|p2b: Abomasnow\n|-supereffective|p2b: Abomasnow\n|-damage|p2b: Abomasnow|0 fnt\n|faint|p2b: Abomasnow\n|\n|-weather|Snow|[upkeep]\n|upkeep\n|\n|t:|1683828829\n|switch|p2b: Kingambit|Kingambit, L50, F|100\/100\n|turn|6\n|\n|t:|1683828834\n|move|p2a: Dragonite|Extreme Speed|p1b: Iron Bundle\n|-damage|p1b: Iron Bundle|0 fnt\n|faint|p1b: Iron Bundle\n|-end|p1b: Iron Bundle|Quark Drive|[silent]\n|move|p2b: Kingambit|Sucker Punch|p1a: Flutter Mane\n|-damage|p1a: Flutter Mane|0 fnt\n|faint|p1a: Flutter Mane\n|-end|p1a: Flutter Mane|Protosynthesis|[silent]\n|\n|win|SwampCorner\n|raw|agentyphlosion's rating: 1417 → 1394<\/strong> (-23 for losing)\n|raw|SwampCorner's rating: 1361 → 1384<\/strong> (+23 for winning)\n|l|\u2606agentyphlosion\n","uploadtime":1683828838,"views":21,"p1id":"agentyphlosion","p2id":"swampcorner","formatid":"gen9vgc2023regulationc","rating":1384,"private":0,"password":""}