{"id":"gen9vgc2023regulationc-1862003596","p1":"EldyOnetrick","p2":"Theburgerking14","format":"[Gen 9] VGC 2023 Regulation C","log":"|j|\u2606EldyOnetrick\n|j|\u2606Theburgerking14\n|t:|1683827988\n|gametype|doubles\n|player|p1|EldyOnetrick|scientist-gen4dp|1289\n|player|p2|Theburgerking14|265|1302\n|teamsize|p1|6\n|teamsize|p2|6\n|gen|9\n|tier|[Gen 9] VGC 2023 Regulation C\n|rated|\n|rule|Species Clause: Limit one of each Pok\u00e9mon\n|rule|Item Clause: Limit one of each item\n|clearpoke\n|poke|p1|Iron Moth, L50|\n|poke|p1|Roaring Moon, L50|\n|poke|p1|Glimmora, L50, F|\n|poke|p1|Baxcalibur, L50, F|\n|poke|p1|Rotom-Wash, L50|\n|poke|p1|Talonflame, L50, M|\n|poke|p2|Iron Bundle, L50|\n|poke|p2|Palafin, L50, M|\n|poke|p2|Amoonguss, L50, F|\n|poke|p2|Garchomp, L50, F|\n|poke|p2|Tinkaton, L50, F|\n|poke|p2|Tyranitar, L50, M|\n|teampreview|4\n|inactive|Battle timer is ON: inactive players will automatically lose when time's up. (requested by Theburgerking14)\n|inactive|EldyOnetrick has 60 seconds left.\n|inactive|Theburgerking14 has 60 seconds left.\n|c|\u2606Theburgerking14|Glhf\nTheburgerking14 has agreed to open team sheets.\n|c|\u2606EldyOnetrick|u 2\n|inactive|Theburgerking14 has 30 seconds left.\n|inactive|Theburgerking14 has 20 seconds left.\n|inactive|Theburgerking14 has 15 seconds left.\n|inactive|Theburgerking14 has 10 seconds left.\n|\n|t:|1683828070\n|start\n|switch|p1a: Rotom|Rotom-Wash, L50|100\/100\n|switch|p1b: Talonflame|Talonflame, L50, M|100\/100\n|switch|p2a: Tinkaton|Tinkaton, L50, F|100\/100\n|switch|p2b: Iron Bundle|Iron Bundle, L50|100\/100\n|-ability|p2a: Tinkaton|Mold Breaker\n|-item|p2a: Tinkaton|Air Balloon\n|-enditem|p2b: Iron Bundle|Booster Energy\n|-activate|p2b: Iron Bundle|ability: Quark Drive|[fromitem]\n|-start|p2b: Iron Bundle|quarkdrivespe\n|turn|1\n|inactive|Theburgerking14 has 30 seconds left.\n|\n|t:|1683828098\n|move|p2a: Tinkaton|Fake Out|p1a: Rotom\n|-damage|p1a: Rotom|90\/100\n|move|p1b: Talonflame|Tailwind|p1b: Talonflame\n|-sidestart|p1: EldyOnetrick|move: Tailwind\n|move|p2b: Iron Bundle|Icy Wind|p1b: Talonflame|[spread] p1a,p1b\n|-resisted|p1a: Rotom\n|-damage|p1a: Rotom|80\/100\n|-damage|p1b: Talonflame|73\/100\n|-unboost|p1a: Rotom|spe|1\n|-unboost|p1b: Talonflame|spe|1\n|cant|p1a: Rotom|flinch\n|\n|upkeep\n|turn|2\n|inactive|Theburgerking14 has 30 seconds left.\n|\n|t:|1683828131\n|switch|p2a: Garchomp|Garchomp, L50, F|100\/100\n|move|p2b: Iron Bundle|Protect|p2b: Iron Bundle\n|-singleturn|p2b: Iron Bundle|Protect\n|move|p1b: Talonflame|Will-O-Wisp|p2a: Garchomp\n|-status|p2a: Garchomp|brn\n|move|p1a: Rotom|Volt Switch|p2b: Iron Bundle\n|-activate|p2b: Iron Bundle|move: Protect\n|\n|-damage|p2a: Garchomp|94\/100 brn|[from] brn\n|upkeep\n|turn|3\n|\n|t:|1683828156\n|-terastallize|p1a: Rotom|Electric\n|move|p1b: Talonflame|Protect|p1b: Talonflame\n|-singleturn|p1b: Talonflame|Protect\n|move|p2b: Iron Bundle|Freeze-Dry|p1a: Rotom\n|-damage|p1a: Rotom|49\/100\n|-enditem|p1a: Rotom|Sitrus Berry|[eat]\n|-heal|p1a: Rotom|74\/100|[from] item: Sitrus Berry\n|move|p2a: Garchomp|Swords Dance|p2a: Garchomp\n|-boost|p2a: Garchomp|atk|2\n|move|p1a: Rotom|Volt Switch|p2b: Iron Bundle\n|-supereffective|p2b: Iron Bundle\n|-damage|p2b: Iron Bundle|0 fnt\n|faint|p2b: Iron Bundle\n|-end|p2b: Iron Bundle|Quark Drive|[silent]\n|\n|t:|1683828172\n|switch|p1a: Baxcalibur|Baxcalibur, L50, F, shiny|100\/100|[from] Volt Switch\n|\n|-damage|p2a: Garchomp|88\/100 brn|[from] brn\n|upkeep\n|\n|t:|1683828183\n|switch|p2b: Tyranitar|Tyranitar, L50, M|100\/100\n|-weather|Sandstorm|[from] ability: Sand Stream|[of] p2b: Tyranitar\n|turn|4\n|\n|t:|1683828194\n|move|p2a: Garchomp|Protect|p2a: Garchomp\n|-singleturn|p2a: Garchomp|Protect\n|move|p1a: Baxcalibur|Icicle Spear|p2a: Garchomp\n|-activate|p2a: Garchomp|move: Protect\n|move|p1b: Talonflame|Will-O-Wisp|p2b: Tyranitar|[miss]\n|-miss|p1b: Talonflame|p2b: Tyranitar\n|move|p2b: Tyranitar|Rock Slide|p1b: Talonflame|[spread] p1a\n|-miss|p2b: Tyranitar|p1b: Talonflame\n|-supereffective|p1a: Baxcalibur\n|-damage|p1a: Baxcalibur|31\/100\n|\n|-weather|Sandstorm|[upkeep]\n|-damage|p1a: Baxcalibur|26\/100|[from] Sandstorm\n|-damage|p2a: Garchomp|82\/100 brn|[from] brn\n|-sideend|p1: EldyOnetrick|move: Tailwind\n|upkeep\n|turn|5\n|inactive|Theburgerking14 has 30 seconds left.\n|inactive|EldyOnetrick has 30 seconds left.\n|inactive|EldyOnetrick has 20 seconds left.\n|\n|t:|1683828244\n|move|p1a: Baxcalibur|Protect|p1a: Baxcalibur\n|-singleturn|p1a: Baxcalibur|Protect\n|move|p2a: Garchomp|Iron Head|p1a: Baxcalibur\n|-activate|p1a: Baxcalibur|move: Protect\n|move|p1b: Talonflame|Will-O-Wisp|p2b: Tyranitar\n|-status|p2b: Tyranitar|brn\n|move|p2b: Tyranitar|Rock Slide|p1b: Talonflame|[spread] p1b\n|-activate|p1a: Baxcalibur|move: Protect\n|-supereffective|p1b: Talonflame\n|-damage|p1b: Talonflame|0 fnt\n|faint|p1b: Talonflame\n|\n|-weather|Sandstorm|[upkeep]\n|-damage|p1a: Baxcalibur|20\/100|[from] Sandstorm\n|-damage|p2a: Garchomp|76\/100 brn|[from] brn\n|-damage|p2b: Tyranitar|95\/100 brn|[from] brn\n|upkeep\n|inactive|EldyOnetrick has 30 seconds left.\n|\n|t:|1683828273\n|switch|p1b: Rotom|Rotom-Wash, L50, tera:Electric|74\/100\n|turn|6\n|inactive|Theburgerking14 has 30 seconds left.\n|inactive|Theburgerking14 has 20 seconds left.\n|\n|t:|1683828309\n|switch|p2b: Tinkaton|Tinkaton, L50, F|100\/100\n|-ability|p2b: Tinkaton|Mold Breaker\n|-item|p2b: Tinkaton|Air Balloon\n|-terastallize|p2a: Garchomp|Steel\n|move|p1a: Baxcalibur|Ice Shard|p2a: Garchomp\n|-resisted|p2a: Garchomp\n|-damage|p2a: Garchomp|63\/100 brn\n|move|p2a: Garchomp|Iron Head|p1a: Baxcalibur\n|-supereffective|p1a: Baxcalibur\n|-damage|p1a: Baxcalibur|0 fnt\n|faint|p1a: Baxcalibur\n|move|p1b: Rotom|Hydro Pump|p2a: Garchomp\n|-damage|p2a: Garchomp|10\/100 brn\n|\n|-weather|Sandstorm|[upkeep]\n|-damage|p1b: Rotom|68\/100|[from] Sandstorm\n|-damage|p2a: Garchomp|4\/100 brn|[from] brn\n|upkeep\n|\n|t:|1683828330\n|switch|p1a: Iron Moth|Iron Moth, L50|100\/100\n|turn|7\n|\n|t:|1683828343\n|move|p1b: Rotom|Protect|p1b: Rotom\n|-singleturn|p1b: Rotom|Protect\n|move|p2b: Tinkaton|Fake Out|p1a: Iron Moth\n|-damage|p1a: Iron Moth|84\/100\n|move|p2a: Garchomp|Earthquake|p1a: Iron Moth|[spread] p1a\n|-activate|p1b: Rotom|move: Protect\n|-immune|p2b: Tinkaton\n|-supereffective|p1a: Iron Moth\n|-damage|p1a: Iron Moth|0 fnt\n|faint|p1a: Iron Moth\n|-end|p1a: Iron Moth|Quark Drive|[silent]\n|\n|-weather|Sandstorm|[upkeep]\n|-damage|p1b: Rotom|62\/100|[from] Sandstorm\n|-damage|p2a: Garchomp|0 fnt|[from] brn\n|faint|p2a: Garchomp\n|upkeep\n|\n|t:|1683828353\n|switch|p2a: Tyranitar|Tyranitar, L50, M|95\/100 brn\n|turn|8\n|\n|t:|1683828361\n|move|p2b: Tinkaton|Encore|p1b: Rotom\n|-start|p1b: Rotom|Encore\n|move|p1b: Rotom|Protect||[still]\n|-fail|p1b: Rotom\n|move|p2a: Tyranitar|Rock Slide|p1b: Rotom\n|-damage|p1b: Rotom|39\/100\n|\n|-weather|none\n|-damage|p2a: Tyranitar|89\/100 brn|[from] brn\n|upkeep\n|turn|9\n|c|\u2606Theburgerking14|Gg\n|\n|t:|1683828382\n|move|p1b: Rotom|Protect|p1b: Rotom\n|-singleturn|p1b: Rotom|Protect\n|move|p2b: Tinkaton|Gigaton Hammer|p1b: Rotom\n|-activate|p1b: Rotom|move: Protect\n|move|p2a: Tyranitar|Crunch|p1b: Rotom\n|-activate|p1b: Rotom|move: Protect\n|\n|-damage|p2a: Tyranitar|83\/100 brn|[from] brn\n|upkeep\n|turn|10\n|c|\u2606EldyOnetrick|Well, now I'm gonna stall out since I was offended :(\n|c|\u2606EldyOnetrick|This is how the showdown player do\n|\n|t:|1683828406\n|move|p1b: Rotom|Protect||[still]\n|-fail|p1b: Rotom\n|move|p2b: Tinkaton|Thunder Wave|p1b: Rotom\n|-immune|p1b: Rotom\n|move|p2a: Tyranitar|Crunch|p1b: Rotom\n|-damage|p1b: Rotom|12\/100\n|\n|-damage|p2a: Tyranitar|78\/100 brn|[from] brn\n|-end|p1b: Rotom|Encore\n|upkeep\n|turn|11\n|c|\u2606EldyOnetrick|gg bro\n|c|\u2606Theburgerking14|Lol\n|c|\u2606Theburgerking14|gg for sure. Well played\n|inactive|Theburgerking14 has 30 seconds left.\n|\n|t:|1683828437\n|move|p2b: Tinkaton|Gigaton Hammer|p1b: Rotom\n|-resisted|p1b: Rotom\n|-damage|p1b: Rotom|0 fnt\n|faint|p1b: Rotom\n|\n|win|Theburgerking14\n|raw|EldyOnetrick's rating: 1289 → 1265<\/strong> (-24 for losing)\n|raw|Theburgerking14's rating: 1302 → 1321<\/strong> (+19 for winning)\n|c|\u2606EldyOnetrick|I should REALLY get a rock resist\n|c|\u2606EldyOnetrick|That and I shouldn't have tera'd rotom\n","uploadtime":1683828471,"views":15,"p1id":"eldyonetrick","p2id":"theburgerking14","formatid":"gen9vgc2023regulationc","rating":1265,"private":0,"password":""}