{"id":"gen9vgc2023regulationc-1861706932","p1":"Phroeoeroh","p2":"Karajony","format":"[Gen 9] VGC 2023 Regulation C","log":"|j|\u2606Phroeoeroh\n|j|\u2606Karajony\n|t:|1683797655\n|gametype|doubles\n|player|p1|Phroeoeroh|volkner|1284\n|player|p2|Karajony|worker-gen4|1296\n|teamsize|p1|6\n|teamsize|p2|6\n|gen|9\n|tier|[Gen 9] VGC 2023 Regulation C\n|rated|\n|rule|Species Clause: Limit one of each Pok\u00e9mon\n|rule|Item Clause: Limit one of each item\n|clearpoke\n|poke|p1|Iron Moth, L50|\n|poke|p1|Iron Bundle, L50|\n|poke|p1|Bronzong, L50|\n|poke|p1|Gyarados, L50, M|\n|poke|p1|Raichu, L50, M|\n|poke|p1|Kingambit, L50, F|\n|poke|p2|Baxcalibur, L50, F|\n|poke|p2|Corviknight, L50, M|\n|poke|p2|Iron Hands, L50|\n|poke|p2|Arcanine, L50, M|\n|poke|p2|Flutter Mane, L50|\n|poke|p2|Chi-Yu, L50|\n|teampreview|4\n|inactive|Battle timer is ON: inactive players will automatically lose when time's up. (requested by Karajony)\n|inactive|Karajony has 60 seconds left.\n|\n|t:|1683797692\n|start\n|switch|p1a: Bronzong|Bronzong, L50|100\/100\n|switch|p1b: Iron Moth|Iron Moth, L50|100\/100\n|switch|p2a: Chi-Yu|Chi-Yu, L50|100\/100\n|switch|p2b: Corviknight|Corviknight, L50, M|100\/100\n|-ability|p2a: Chi-Yu|Beads of Ruin\n|-enditem|p1b: Iron Moth|Booster Energy\n|-activate|p1b: Iron Moth|ability: Quark Drive|[fromitem]\n|-start|p1b: Iron Moth|quarkdrivespa\n|turn|1\n|inactive|Karajony has 30 seconds left.\n|\n|t:|1683797724\n|move|p1a: Bronzong|Helping Hand|p1b: Iron Moth\n|-singleturn|p1b: Iron Moth|Helping Hand|[of] p1a: Bronzong\n|move|p2a: Chi-Yu|Dark Pulse|p1a: Bronzong\n|-supereffective|p1a: Bronzong\n|-damage|p1a: Bronzong|0 fnt\n|faint|p1a: Bronzong\n|move|p1b: Iron Moth|Heat Wave|p2a: Chi-Yu|[spread] p2a,p2b\n|-resisted|p2a: Chi-Yu\n|-supereffective|p2b: Corviknight\n|-damage|p2a: Chi-Yu|51\/100\n|-damage|p2b: Corviknight|0 fnt\n|faint|p2b: Corviknight\n|\n|upkeep\n|\n|t:|1683797742\n|switch|p2b: Flutter Mane|Flutter Mane, L50|100\/100\n|switch|p1a: Gyarados|Gyarados, L50, M|100\/100\n|-ability|p1a: Gyarados|Intimidate|boost\n|-unboost|p2a: Chi-Yu|atk|1\n|-unboost|p2b: Flutter Mane|atk|1\n|-enditem|p2b: Flutter Mane|Booster Energy\n|-activate|p2b: Flutter Mane|ability: Protosynthesis|[fromitem]\n|-start|p2b: Flutter Mane|protosynthesisspa\n|turn|2\n|inactive|Karajony has 30 seconds left.\n|\n|t:|1683797776\n|-end|p1b: Iron Moth|Quark Drive|[silent]\n|switch|p1b: Raichu|Raichu, L50, M|100\/100\n|move|p2b: Flutter Mane|Substitute|p2b: Flutter Mane\n|-start|p2b: Flutter Mane|Substitute\n|-damage|p2b: Flutter Mane|76\/100\n|move|p2a: Chi-Yu|Dark Pulse|p1b: Raichu\n|-damage|p1b: Raichu|2\/100\n|-enditem|p1b: Raichu|Aguav Berry|[eat]\n|-heal|p1b: Raichu|35\/100|[from] item: Aguav Berry\n|move|p1a: Gyarados|Dragon Dance|p1a: Gyarados\n|-boost|p1a: Gyarados|atk|1\n|-boost|p1a: Gyarados|spe|1\n|\n|upkeep\n|turn|3\n|\n|t:|1683797798\n|-terastallize|p2b: Flutter Mane|Fairy\n|move|p2a: Chi-Yu|Protect|p2a: Chi-Yu\n|-singleturn|p2a: Chi-Yu|Protect\n|move|p1a: Gyarados|Waterfall|p2a: Chi-Yu\n|-activate|p2a: Chi-Yu|move: Protect\n|move|p2b: Flutter Mane|Dazzling Gleam|p1b: Raichu|[spread] p1a,p1b\n|-damage|p1a: Gyarados|16\/100\n|-damage|p1b: Raichu|0 fnt\n|faint|p1b: Raichu\n|\n|upkeep\n|\n|t:|1683797809\n|switch|p1b: Iron Moth|Iron Moth, L50|100\/100\n|turn|4\n|\n|t:|1683797824\n|move|p1a: Gyarados|Iron Head|p2b: Flutter Mane\n|-supereffective|p2b: Flutter Mane\n|-end|p2b: Flutter Mane|Substitute\n|move|p2b: Flutter Mane|Dazzling Gleam|p1a: Gyarados|[spread] p1a,p1b\n|-resisted|p1b: Iron Moth\n|-damage|p1a: Gyarados|0 fnt\n|-damage|p1b: Iron Moth|80\/100\n|faint|p1a: Gyarados\n|move|p2a: Chi-Yu|Dark Pulse|p1b: Iron Moth\n|-damage|p1b: Iron Moth|15\/100\n|move|p1b: Iron Moth|Sludge Wave|p2b: Flutter Mane|[spread] p2a,p2b\n|-supereffective|p2b: Flutter Mane\n|-damage|p2a: Chi-Yu|2\/100\n|-damage|p2b: Flutter Mane|0 fnt\n|faint|p2b: Flutter Mane\n|-end|p2b: Flutter Mane|Protosynthesis|[silent]\n|\n|upkeep\n|\n|t:|1683797836\n|switch|p2b: Arcanine|Arcanine, L50, M|100\/100\n|-ability|p2b: Arcanine|Intimidate|boost\n|-unboost|p1b: Iron Moth|atk|1\n|turn|5\n|\n|t:|1683797848\n|move|p2a: Chi-Yu|Dark Pulse|p1b: Iron Moth\n|-damage|p1b: Iron Moth|0 fnt\n|faint|p1b: Iron Moth\n|-end|p1b: Iron Moth|Quark Drive|[silent]\n|\n|win|Karajony\n|raw|Phroeoeroh's rating: 1284 → 1260<\/strong> (-24 for losing)\n|raw|Karajony's rating: 1296 → 1320<\/strong> (+24 for winning)\n|l|\u2606Phroeoeroh\n","uploadtime":1683797883,"views":19,"p1id":"phroeoeroh","p2id":"karajony","formatid":"gen9vgc2023regulationc","rating":1260,"private":0,"password":""}