{"id":"gen9vgc2023regulationc-1847734642","p1":"uka_aokai","p2":"DeathToScarfChiYu","format":"[Gen 9] VGC 2023 Regulation C","log":"|j|\u2606uka_aokai\n|j|\u2606DeathToScarfChiYu\n|t:|1681997387\n|gametype|doubles\n|player|p1|uka_aokai|dawn|1741\n|player|p2|DeathToScarfChiYu|fennel|1696\n|teamsize|p1|6\n|teamsize|p2|6\n|gen|9\n|tier|[Gen 9] VGC 2023 Regulation C\n|rated|\n|rule|Species Clause: Limit one of each Pok\u00e9mon\n|rule|Item Clause: Limit one of each item\n|clearpoke\n|poke|p1|Flutter Mane, L50|\n|poke|p1|Chi-Yu, L50|\n|poke|p1|Torkoal, L50, F|\n|poke|p1|Roaring Moon, L50|\n|poke|p1|Dondozo, L50, F|\n|poke|p1|Tatsugiri, L50, M|\n|poke|p2|Bellibolt, L50, M|\n|poke|p2|Gastrodon-East, L50, F|\n|poke|p2|Iron Treads, L50|\n|poke|p2|Mimikyu, L50, M|\n|poke|p2|Chi-Yu, L50|\n|poke|p2|Corviknight, L50, M|\n|teampreview|4\nDeathToScarfChiYu has agreed to open team sheets.\n|\n|t:|1681997420\n|start\n|switch|p1a: Roaring Moon|Roaring Moon, L50|100\/100\n|switch|p1b: Torkoal|Torkoal, L50, F|100\/100\n|switch|p2a: White Ferrari|Iron Treads, L50|100\/100\n|switch|p2b: Pretty Sweet|Mimikyu, L50, M|100\/100\n|-weather|SunnyDay|[from] ability: Drought|[of] p1b: Torkoal\n|-activate|p1a: Roaring Moon|ability: Protosynthesis\n|-start|p1a: Roaring Moon|protosynthesisspe\n|-enditem|p2a: White Ferrari|Booster Energy\n|-activate|p2a: White Ferrari|ability: Quark Drive|[fromitem]\n|-start|p2a: White Ferrari|quarkdrivespe\n|turn|1\n|j| polkilox\n|\n|t:|1681997446\n|-terastallize|p1a: Roaring Moon|Fire\n|move|p1a: Roaring Moon|Tailwind|p1a: Roaring Moon\n|-sidestart|p1: uka_aokai|move: Tailwind\n|move|p2a: White Ferrari|Stomping Tantrum|p1b: Torkoal\n|-supereffective|p1b: Torkoal\n|-damage|p1b: Torkoal|35\/100\n|move|p1b: Torkoal|Eruption|p2a: White Ferrari|[spread] p2a,p2b\n|-supereffective|p2a: White Ferrari\n|-damage|p2a: White Ferrari|32\/100\n|-activate|p2b: Pretty Sweet|ability: Disguise\n|-damage|p2b: Pretty Sweet|100\/100\n|detailschange|p2b: Pretty Sweet|Mimikyu-Busted, L50, M\n|-damage|p2b: Pretty Sweet|88\/100|[from] pokemon: Mimikyu-Busted\n|move|p2b: Pretty Sweet|Play Rough|p1a: Roaring Moon\n|-resisted|p1a: Roaring Moon\n|-damage|p1a: Roaring Moon|77\/100\n|-damage|p2b: Pretty Sweet|79\/100|[from] item: Life Orb\n|\n|-weather|SunnyDay|[upkeep]\n|upkeep\n|turn|2\n|\n|t:|1681997474\n|move|p2a: White Ferrari|Protect|p2a: White Ferrari\n|-singleturn|p2a: White Ferrari|Protect\n|move|p2b: Pretty Sweet|Shadow Sneak|p1b: Torkoal\n|-damage|p1b: Torkoal|15\/100\n|-damage|p2b: Pretty Sweet|69\/100|[from] item: Life Orb\n|move|p1a: Roaring Moon|Jaw Lock|p2b: Pretty Sweet\n|-damage|p2b: Pretty Sweet|12\/100\n|-activate|p1a: Roaring Moon|trapped\n|move|p1b: Torkoal|Eruption|p2a: White Ferrari|[spread] p2b\n|-activate|p2a: White Ferrari|move: Protect\n|-damage|p2b: Pretty Sweet|0 fnt\n|faint|p2b: Pretty Sweet\n|\n|-weather|SunnyDay|[upkeep]\n|upkeep\n|\n|t:|1681997483\n|switch|p2b: Skyline To|Corviknight, L50, M|100\/100\n|turn|3\n|l| polkilox\n|\n|t:|1681997496\n|-terastallize|p2b: Skyline To|Fire\n|move|p1a: Roaring Moon|Breaking Swipe|p2b: Skyline To|[spread] p2a,p2b\n|-resisted|p2a: White Ferrari\n|-damage|p2a: White Ferrari|23\/100\n|-damage|p2b: Skyline To|83\/100\n|-unboost|p2a: White Ferrari|atk|1\n|-ability|p2b: Skyline To|Mirror Armor\n|-fail|p1a: Roaring Moon|unboost|[from] item: Clear Amulet|[of] p1a: Roaring Moon\n|move|p2a: White Ferrari|Stomping Tantrum|p1b: Torkoal\n|-supereffective|p1b: Torkoal\n|-damage|p1b: Torkoal|0 fnt\n|faint|p1b: Torkoal\n|move|p2b: Skyline To|Bulk Up|p2b: Skyline To\n|-boost|p2b: Skyline To|atk|1\n|-boost|p2b: Skyline To|def|1\n|\n|-weather|SunnyDay|[upkeep]\n|upkeep\n|\n|t:|1681997523\n|switch|p1b: Chi-Yu|Chi-Yu, L50|100\/100\n|-ability|p1b: Chi-Yu|Beads of Ruin\n|turn|4\n|j| KounoTaro\n|\n|t:|1681997533\n|move|p1a: Roaring Moon|Jaw Lock|p2b: Skyline To\n|-damage|p2b: Skyline To|61\/100\n|-activate|p1a: Roaring Moon|trapped\n|-activate|p2b: Skyline To|trapped\n|move|p1b: Chi-Yu|Dark Pulse|p2b: Skyline To\n|-damage|p2b: Skyline To|0 fnt\n|faint|p2b: Skyline To\n|-damage|p1b: Chi-Yu|91\/100|[from] item: Life Orb\n|move|p2a: White Ferrari|Stomping Tantrum|p1a: Roaring Moon\n|-supereffective|p1a: Roaring Moon\n|-damage|p1a: Roaring Moon|28\/100\n|\n|-weather|SunnyDay|[upkeep]\n|-sideend|p1: uka_aokai|move: Tailwind\n|upkeep\n|\n|t:|1681997536\n|switch|p2b: Self Control|Gastrodon-East, L50, F|100\/100\n|turn|5\n|-message|DeathToScarfChiYu forfeited.\n|\n|win|uka_aokai\n|raw|uka_aokai's rating: 1741 → 1758<\/strong> (+17 for winning)\n|raw|DeathToScarfChiYu's rating: 1696 → 1679<\/strong> (-17 for losing)\n|l|\u2606DeathToScarfChiYu\n|l|\u2606uka_aokai\n|l| KounoTaro\n|j| KounoTaro\n","uploadtime":1681997673,"views":10,"p1id":"ukaaokai","p2id":"deathtoscarfchiyu","formatid":"gen9vgc2023regulationc","rating":1679,"private":0,"password":""}