{"id":"gen9vgc2023regulationc-1860670460","p1":"Emiker","p2":"La Strada","format":"[Gen 9] VGC 2023 Regulation C","log":"|j|\u2606Emiker\n|j|\u2606La Strada\n|t:|1683664544\n|gametype|doubles\n|player|p1|Emiker|red|1407\n|player|p2|La Strada|n|1310\n|teamsize|p1|6\n|teamsize|p2|6\n|gen|9\n|tier|[Gen 9] VGC 2023 Regulation C\n|rated|\n|rule|Species Clause: Limit one of each Pok\u00e9mon\n|rule|Item Clause: Limit one of each item\n|clearpoke\n|poke|p1|Chi-Yu, L50|\n|poke|p1|Glimmora, L50, M|\n|poke|p1|Flutter Mane, L50|\n|poke|p1|Wo-Chien, L50|\n|poke|p1|Dondozo, L50, M|\n|poke|p1|Tatsugiri-Droopy, L50, M|\n|poke|p2|Chi-Yu, L50|\n|poke|p2|Iron Bundle, L50|\n|poke|p2|Gyarados, L50, M|\n|poke|p2|Flutter Mane, L50|\n|poke|p2|Murkrow, L50, M|\n|poke|p2|Abomasnow, L50, F|\n|teampreview|4\n|inactive|Battle timer is ON: inactive players will automatically lose when time's up. (requested by La Strada)\nLa Strada has agreed to open team sheets.\n|j| DarkRinoRex\n|\n|t:|1683664572\n|start\n|switch|p1a: Tatsugiri|Tatsugiri-Droopy, L50, M|100\/100\n|switch|p1b: Chi-Yu|Chi-Yu, L50|100\/100\n|switch|p2a: Abomasnow|Abomasnow, L50, F|100\/100\n|switch|p2b: Iron Bundle|Iron Bundle, L50|100\/100\n|-ability|p1b: Chi-Yu|Beads of Ruin\n|-weather|Snow|[from] ability: Snow Warning|[of] p2a: Abomasnow\n|turn|1\n|\n|t:|1683664595\n|-end|p2b: Iron Bundle|Quark Drive|[silent]\n|switch|p2b: Gyarados|Gyarados, L50, M|100\/100\n|-ability|p2b: Gyarados|Intimidate|boost\n|-unboost|p1a: Tatsugiri|atk|1\n|-unboost|p1b: Chi-Yu|atk|1\n|move|p2a: Abomasnow|Protect|p2a: Abomasnow\n|-singleturn|p2a: Abomasnow|Protect\n|move|p1a: Tatsugiri|Draco Meteor|p2b: Gyarados\n|-damage|p2b: Gyarados|44\/100\n|-unboost|p1a: Tatsugiri|spa|2\n|move|p1b: Chi-Yu|Heat Wave|p2a: Abomasnow|[spread] p2b\n|-activate|p2a: Abomasnow|move: Protect\n|-resisted|p2b: Gyarados\n|-damage|p2b: Gyarados|28\/100\n|\n|-weather|Snow|[upkeep]\n|upkeep\n|turn|2\n|inactive|Emiker has 30 seconds left.\n|\n|t:|1683664625\n|switch|p1a: Glimmora|Glimmora, L50, M, shiny|100\/100\n|-terastallize|p1b: Chi-Yu|Water\n|move|p1b: Chi-Yu|Heat Wave|p2b: Gyarados|[spread] p2a,p2b\n|-supereffective|p2a: Abomasnow\n|-resisted|p2b: Gyarados\n|-enditem|p2a: Abomasnow|Focus Sash\n|-damage|p2a: Abomasnow|1\/100\n|-damage|p2b: Gyarados|11\/100\n|move|p2b: Gyarados|Waterfall|p1b: Chi-Yu\n|-resisted|p1b: Chi-Yu\n|-damage|p1b: Chi-Yu|69\/100\n|move|p2a: Abomasnow|Blizzard|p1a: Glimmora|[spread] p1a,p1b\n|-resisted|p1b: Chi-Yu\n|-damage|p1a: Glimmora|70\/100\n|-damage|p1b: Chi-Yu|49\/100\n|\n|-weather|Snow|[upkeep]\n|upkeep\n|turn|3\n|inactive|Emiker has 30 seconds left.\n|inactive|La Strada has 30 seconds left.\n|inactive|Emiker has 20 seconds left.\n|inactive|Emiker has 15 seconds left.\n|inactive|Emiker has 10 seconds left.\n|\n|t:|1683664673\n|move|p2a: Abomasnow|Protect|p2a: Abomasnow\n|-singleturn|p2a: Abomasnow|Protect\n|move|p1b: Chi-Yu|Dark Pulse|p2b: Gyarados\n|-damage|p2b: Gyarados|0 fnt\n|faint|p2b: Gyarados\n|move|p1a: Glimmora|Sludge Bomb|p2a: Abomasnow\n|-activate|p2a: Abomasnow|move: Protect\n|\n|-weather|Snow|[upkeep]\n|upkeep\n|\n|t:|1683664681\n|switch|p2b: Iron Bundle|Iron Bundle, L50|100\/100\n|turn|4\n|l|\u2606Emiker\n|inactive|Emiker disconnected and has a minute to reconnect!\n|player|p1|\n|inactive|Emiker has 30 seconds left.\n|j|\u2606Emiker\n|inactive|Emiker reconnected and has 30 seconds left.\n|player|p1|Emiker|red\n|\n|t:|1683664714\n|-terastallize|p2b: Iron Bundle|Ice\n|move|p2a: Abomasnow|Helping Hand|p2b: Iron Bundle\n|-singleturn|p2b: Iron Bundle|Helping Hand|[of] p2a: Abomasnow\n|move|p1b: Chi-Yu|Protect|p1b: Chi-Yu\n|-singleturn|p1b: Chi-Yu|Protect\n|move|p2b: Iron Bundle|Blizzard|p1a: Glimmora|[spread] p1a\n|-activate|p1b: Chi-Yu|move: Protect\n|-damage|p1a: Glimmora|0 fnt\n|faint|p1a: Glimmora\n|\n|-weather|Snow|[upkeep]\n|upkeep\n|\n|t:|1683664732\n|switch|p1a: Tatsugiri|Tatsugiri-Droopy, L50, M|100\/100\n|turn|5\n|\n|t:|1683664739\n|-end|p2b: Iron Bundle|Quark Drive|[silent]\n|switch|p2b: Flutter Mane|Flutter Mane, L50|100\/100\n|-enditem|p2b: Flutter Mane|Booster Energy\n|-activate|p2b: Flutter Mane|ability: Protosynthesis|[fromitem]\n|-start|p2b: Flutter Mane|protosynthesisspe\n|move|p2a: Abomasnow|Protect|p2a: Abomasnow\n|-singleturn|p2a: Abomasnow|Protect\n|move|p1a: Tatsugiri|Icy Wind|p2a: Abomasnow|[spread] p2b\n|-activate|p2a: Abomasnow|move: Protect\n|-damage|p2b: Flutter Mane|80\/100\n|-unboost|p2b: Flutter Mane|spe|1\n|move|p1b: Chi-Yu|Heat Wave|p2a: Abomasnow|[spread] p2b\n|-activate|p2a: Abomasnow|move: Protect\n|-damage|p2b: Flutter Mane|36\/100\n|\n|-weather|none\n|upkeep\n|turn|6\n|inactive|Emiker has 30 seconds left.\n|inactive|La Strada has 30 seconds left.\n|\n|t:|1683664765\n|move|p2a: Abomasnow|Helping Hand|p2b: Flutter Mane\n|-singleturn|p2b: Flutter Mane|Helping Hand|[of] p2a: Abomasnow\n|move|p1a: Tatsugiri|Icy Wind|p2a: Abomasnow|[spread] p2a,p2b\n|-crit|p2a: Abomasnow\n|-damage|p2a: Abomasnow|0 fnt\n|-damage|p2b: Flutter Mane|16\/100\n|-unboost|p2b: Flutter Mane|spe|1\n|faint|p2a: Abomasnow\n|move|p1b: Chi-Yu|Dark Pulse|p2b: Flutter Mane\n|-crit|p2b: Flutter Mane\n|-damage|p2b: Flutter Mane|0 fnt\n|faint|p2b: Flutter Mane\n|-end|p2b: Flutter Mane|Protosynthesis|[silent]\n|\n|upkeep\n|-message|La Strada forfeited.\n|\n|win|Emiker\n|raw|Emiker's rating: 1407 → 1422<\/strong> (+15 for winning)\n|raw|La Strada's rating: 1310 → 1295<\/strong> (-15 for losing)\n|l|\u2606La Strada\n","uploadtime":1683664786,"views":17,"p1id":"emiker","p2id":"lastrada","formatid":"gen9vgc2023regulationc","rating":1295,"private":0,"password":""}