{"id":"gen9vgc2023regulationc-1863682476","p1":"LostImmortal","p2":"GarchompExVgc","format":"[Gen 9] VGC 2023 Regulation C","log":"|j|\u2606LostImmortal\n|j|\u2606GarchompExVgc\n|t:|1684059178\n|gametype|doubles\n|player|p1|LostImmortal|170|1323\n|player|p2|GarchompExVgc|iris|1335\n|teamsize|p1|6\n|teamsize|p2|6\n|gen|9\n|tier|[Gen 9] VGC 2023 Regulation C\n|rated|\n|rule|Species Clause: Limit one of each Pok\u00e9mon\n|rule|Item Clause: Limit one of each item\n|clearpoke\n|poke|p1|Arcanine, L50, M|\n|poke|p1|Baxcalibur, L50, M|\n|poke|p1|Murkrow, L50, M|\n|poke|p1|Great Tusk, L50|\n|poke|p1|Flutter Mane, L50|\n|poke|p1|Corviknight, L50, M|\n|poke|p2|Indeedee-F, L50, F|\n|poke|p2|Iron Hands, L50|\n|poke|p2|Brute Bonnet, L50|\n|poke|p2|Armarouge, L50, F|\n|poke|p2|Hatterene, L50, F|\n|poke|p2|Ting-Lu, L50|\n|teampreview|4\n|inactive|Battle timer is ON: inactive players will automatically lose when time's up. (requested by LostImmortal)\nGarchompExVgc rejected open team sheets.\n|c|\u2606GarchompExVgc|Glhf\n|inactive|LostImmortal has 60 seconds left.\n|\n|t:|1684059237\n|start\n|switch|p1a: Great Tusk|Great Tusk, L50|100\/100\n|switch|p1b: Flutter Mane|Flutter Mane, L50|100\/100\n|switch|p2a: Ohya|Indeedee-F, L50, F, shiny|100\/100\n|switch|p2b: Makoto|Armarouge, L50, F|100\/100\n|-fieldstart|move: Psychic Terrain|[from] ability: Psychic Surge|[of] p2a: Ohya\n|-enditem|p2a: Ohya|Psychic Seed\n|-boost|p2a: Ohya|spd|1|[from] item: Psychic Seed\n|turn|1\n|inactive|LostImmortal has 30 seconds left.\n|inactive|GarchompExVgc has 30 seconds left.\n|inactive|LostImmortal has 20 seconds left.\n|inactive|LostImmortal has 15 seconds left.\n|inactive|GarchompExVgc has 20 seconds left.\n|inactive|LostImmortal has 10 seconds left.\n|inactive|LostImmortal has 5 seconds left.\n|inactive|GarchompExVgc has 15 seconds left.\n|inactive|GarchompExVgc has 10 seconds left.\n|\n|t:|1684059296\n|move|p2b: Makoto|Protect|p2b: Makoto\n|-singleturn|p2b: Makoto|Protect\n|move|p1a: Great Tusk|Headlong Rush|p2b: Makoto\n|-activate|p2b: Makoto|move: Protect\n|move|p1b: Flutter Mane|Shadow Ball|p2b: Makoto\n|-activate|p2b: Makoto|move: Protect\n|move|p2a: Ohya|Trick Room|p2a: Ohya\n|-fieldstart|move: Trick Room|[of] p2a: Ohya\n|\n|upkeep\n|turn|2\n|inactive|LostImmortal has 30 seconds left.\n|inactive|LostImmortal has 20 seconds left.\n|\n|t:|1684059333\n|-end|p1b: Flutter Mane|Protosynthesis|[silent]\n|switch|p1b: Baxcalibur|Baxcalibur, L50, M|100\/100\n|-terastallize|p2b: Makoto|Grass\n|move|p2a: Ohya|Follow Me|p2a: Ohya\n|-singleturn|p2a: Ohya|move: Follow Me\n|move|p2b: Makoto|Expanding Force|p1a: Great Tusk|[spread] p1a,p1b\n|-supereffective|p1a: Great Tusk\n|-damage|p1a: Great Tusk|0 fnt\n|-damage|p1b: Baxcalibur|26\/100\n|faint|p1a: Great Tusk\n|-end|p1a: Great Tusk|Protosynthesis|[silent]\n|-damage|p2b: Makoto|91\/100|[from] item: Life Orb\n|\n|upkeep\n|\n|t:|1684059350\n|switch|p1a: Arcanine|Arcanine, L50, M|100\/100\n|-ability|p1a: Arcanine|Intimidate|boost\n|-unboost|p2a: Ohya|atk|1\n|-unboost|p2b: Makoto|atk|1\n|turn|3\n|\n|t:|1684059366\n|move|p2a: Ohya|Follow Me|p2a: Ohya\n|-singleturn|p2a: Ohya|move: Follow Me\n|move|p2b: Makoto|Expanding Force|p1b: Baxcalibur|[spread] p1a,p1b\n|-damage|p1a: Arcanine|7\/100\n|-damage|p1b: Baxcalibur|0 fnt\n|faint|p1b: Baxcalibur\n|-damage|p2b: Makoto|82\/100|[from] item: Life Orb\n|move|p1a: Arcanine|Flare Blitz|p2a: Ohya\n|-damage|p2a: Ohya|44\/100\n|-damage|p1a: Arcanine|0 fnt|[from] Recoil\n|faint|p1a: Arcanine\n|\n|upkeep\n|\n|t:|1684059379\n|switch|p1b: Flutter Mane|Flutter Mane, L50|100\/100\n|turn|4\n|\n|t:|1684059383\n|move|p2a: Ohya|Follow Me|p2a: Ohya\n|-singleturn|p2a: Ohya|move: Follow Me\n|move|p2b: Makoto|Armor Cannon|p1b: Flutter Mane\n|-damage|p1b: Flutter Mane|19\/100\n|-unboost|p2b: Makoto|def|1\n|-unboost|p2b: Makoto|spd|1\n|-damage|p2b: Makoto|72\/100|[from] item: Life Orb\n|move|p1b: Flutter Mane|Dazzling Gleam|p2b: Makoto|[spread] p2a,p2b\n|-damage|p2a: Ohya|16\/100\n|-damage|p2b: Makoto|0 fnt\n|faint|p2b: Makoto\n|\n|upkeep\n|\n|t:|1684059398\n|switch|p2b: Haru|Iron Hands, L50, shiny|100\/100\n|turn|5\n|\n|t:|1684059404\n|-terastallize|p1b: Flutter Mane|Fairy\n|move|p2b: Haru|Thunder Punch|p1b: Flutter Mane\n|-damage|p1b: Flutter Mane|0 fnt\n|faint|p1b: Flutter Mane\n|-end|p1b: Flutter Mane|Protosynthesis|[silent]\n|\n|win|GarchompExVgc\n|raw|LostImmortal's rating: 1323 → 1304<\/strong> (-19 for losing)\n|raw|GarchompExVgc's rating: 1335 → 1354<\/strong> (+19 for winning)\n|c|\u2606GarchompExVgc|Gg\n|l|\u2606LostImmortal\n|j| UnluckyVGC\n|l| UnluckyVGC\n","uploadtime":1684059460,"views":11,"p1id":"lostimmortal","p2id":"garchompexvgc","formatid":"gen9vgc2023regulationc","rating":1304,"private":0,"password":""}