{"id":"gen9vgc2023regulationc-1858606538","p1":"Skgsxyicsiyxwoyw","p2":"VeeGey","format":"[Gen 9] VGC 2023 Regulation C","log":"|j|\u2606Skgsxyicsiyxwoyw\n|j|\u2606VeeGey\n|t:|1683331371\n|gametype|doubles\n|player|p1|Skgsxyicsiyxwoyw|2|1122\n|player|p2|VeeGey|102|1100\n|teamsize|p1|6\n|teamsize|p2|6\n|gen|9\n|tier|[Gen 9] VGC 2023 Regulation C\n|rated|\n|rule|Species Clause: Limit one of each Pok\u00e9mon\n|rule|Item Clause: Limit one of each item\n|clearpoke\n|poke|p1|Bruxish, L50, F|\n|poke|p1|Iron Bundle, L50|\n|poke|p1|Pelipper, L50, M|\n|poke|p1|Palafin, L50, M|\n|poke|p1|Barraskewda, L50, M|\n|poke|p1|Quaquaval, L50, F|\n|poke|p2|Wugtrio, L50, M|\n|poke|p2|Pelipper, L50, F|\n|poke|p2|Golduck, L50, F|\n|poke|p2|Indeedee-F, L50, F|\n|poke|p2|Mudsdale, L50, M|\n|poke|p2|Azumarill, L50, F|\n|teampreview|4\n|inactive|Battle timer is ON: inactive players will automatically lose when time's up. (requested by VeeGey)\n|\n|t:|1683331400\n|start\n|switch|p1a: Iron Bundle|Iron Bundle, L50|100\/100\n|switch|p1b: Quaquaval|Quaquaval, L50, F|100\/100\n|switch|p2a: Indeedee|Indeedee-F, L50, F|100\/100\n|switch|p2b: Golduck|Golduck, L50, F|100\/100\n|-fieldstart|move: Psychic Terrain|[from] ability: Psychic Surge|[of] p2a: Indeedee\n|-enditem|p2a: Indeedee|Psychic Seed\n|-boost|p2a: Indeedee|spd|1|[from] item: Psychic Seed\n|-enditem|p1a: Iron Bundle|Booster Energy\n|-activate|p1a: Iron Bundle|ability: Quark Drive|[fromitem]\n|-start|p1a: Iron Bundle|quarkdrivespe\n|turn|1\n|\n|t:|1683331413\n|move|p2a: Indeedee|Follow Me|p2a: Indeedee\n|-singleturn|p2a: Indeedee|move: Follow Me\n|move|p1a: Iron Bundle|Freeze-Dry|p2a: Indeedee\n|-damage|p2a: Indeedee|77\/100\n|move|p1b: Quaquaval|Aqua Step|p2a: Indeedee\n|-damage|p2a: Indeedee|19\/100\n|-boost|p1b: Quaquaval|spe|1\n|-damage|p1b: Quaquaval|91\/100|[from] item: Life Orb\n|move|p2b: Golduck|Power Gem|p1a: Iron Bundle\n|-supereffective|p1a: Iron Bundle\n|-damage|p1a: Iron Bundle|0 fnt\n|faint|p1a: Iron Bundle\n|-end|p1a: Iron Bundle|Quark Drive|[silent]\n|-damage|p2b: Golduck|91\/100|[from] item: Life Orb\n|\n|upkeep\n|\n|t:|1683331424\n|switch|p1a: Barraskewda|Barraskewda, L50, M|100\/100\n|turn|2\n|\n|t:|1683331436\n|move|p2a: Indeedee|Follow Me|p2a: Indeedee\n|-singleturn|p2a: Indeedee|move: Follow Me\n|move|p1b: Quaquaval|Close Combat|p2a: Indeedee\n|-damage|p2a: Indeedee|0 fnt\n|-unboost|p1b: Quaquaval|def|1\n|-unboost|p1b: Quaquaval|spd|1\n|faint|p2a: Indeedee\n|-ability|p1b: Quaquaval|Moxie|boost\n|-boost|p1b: Quaquaval|atk|1\n|-damage|p1b: Quaquaval|81\/100|[from] item: Life Orb\n|move|p1a: Barraskewda|Waterfall|p2b: Golduck\n|-resisted|p2b: Golduck\n|-damage|p2b: Golduck|46\/100\n|move|p2b: Golduck|Grass Knot|p1b: Quaquaval\n|-supereffective|p1b: Quaquaval\n|-damage|p1b: Quaquaval|0 fnt\n|faint|p1b: Quaquaval\n|-damage|p2b: Golduck|36\/100|[from] item: Life Orb\n|\n|upkeep\n|\n|t:|1683331442\n|switch|p1b: Bruxish|Bruxish, L50, F|100\/100\n|switch|p2a: Azumarill|Azumarill, L50, F|100\/100\n|turn|3\n|\n|t:|1683331456\n|-terastallize|p1a: Barraskewda|Grass\n|move|p1a: Barraskewda|Waterfall|p2b: Golduck\n|-resisted|p2b: Golduck\n|-damage|p2b: Golduck|0 fnt\n|faint|p2b: Golduck\n|move|p1b: Bruxish|Psychic Fangs|p2a: Azumarill\n|-damage|p2a: Azumarill|48\/100\n|move|p2a: Azumarill|Perish Song|p2a: Azumarill\n|-start|p1a: Barraskewda|perish3|[silent]\n|-start|p1b: Bruxish|perish3|[silent]\n|-start|p2a: Azumarill|perish3|[silent]\n|-fieldactivate|move: Perish Song\n|\n|-start|p1a: Barraskewda|perish3\n|-start|p1b: Bruxish|perish3\n|-start|p2a: Azumarill|perish3\n|upkeep\n|\n|t:|1683331469\n|switch|p2b: Pelipper|Pelipper, L50, F|100\/100\n|-weather|RainDance|[from] ability: Drizzle|[of] p2b: Pelipper\n|turn|4\n|\n|t:|1683331488\n|move|p1a: Barraskewda|Waterfall|p2b: Pelipper\n|-resisted|p2b: Pelipper\n|-damage|p2b: Pelipper|46\/100\n|move|p1b: Bruxish|Psychic Fangs|p2b: Pelipper\n|-damage|p2b: Pelipper|0 fnt\n|faint|p2b: Pelipper\n|move|p2a: Azumarill|Bounce||[still]\n|-prepare|p2a: Azumarill|Bounce\n|\n|-weather|RainDance|[upkeep]\n|-start|p1a: Barraskewda|perish2\n|-start|p1b: Bruxish|perish2\n|-start|p2a: Azumarill|perish2\n|upkeep\n|turn|5\n|\n|t:|1683331502\n|move|p1a: Barraskewda|Waterfall|p2a: Azumarill|[miss]\n|-miss|p1a: Barraskewda|p2a: Azumarill\n|move|p1b: Bruxish|Psychic Fangs|p2a: Azumarill|[miss]\n|-miss|p1b: Bruxish|p2a: Azumarill\n|move|p2a: Azumarill|Bounce|p1b: Bruxish|[from]lockedmove\n|-damage|p1b: Bruxish|80\/100\n|\n|-weather|RainDance|[upkeep]\n|-start|p1a: Barraskewda|perish1\n|-start|p1b: Bruxish|perish1\n|-start|p2a: Azumarill|perish1\n|-fieldend|move: Psychic Terrain\n|upkeep\n|turn|6\n|\n|t:|1683331513\n|move|p2a: Azumarill|Protect|p2a: Azumarill\n|-singleturn|p2a: Azumarill|Protect\n|move|p1a: Barraskewda|Waterfall|p2a: Azumarill\n|-activate|p2a: Azumarill|move: Protect\n|move|p1b: Bruxish|Psychic Fangs|p2a: Azumarill\n|-activate|p2a: Azumarill|move: Protect\n|\n|-weather|RainDance|[upkeep]\n|-start|p1a: Barraskewda|perish0\n|-start|p1b: Bruxish|perish0\n|-start|p2a: Azumarill|perish0\n|faint|p1a: Barraskewda\n|faint|p1b: Bruxish\n|faint|p2a: Azumarill\n|\n|win|VeeGey\n|upkeep\n|raw|Skgsxyicsiyxwoyw's rating: 1122 → 1095<\/strong> (-27 for losing)\n|raw|VeeGey's rating: 1100 → 1127<\/strong> (+27 for winning)\n|l|\u2606Skgsxyicsiyxwoyw\n","uploadtime":1683331534,"views":4,"p1id":"skgsxyicsiyxwoyw","p2id":"veegey","formatid":"gen9vgc2023regulationc","rating":1095,"private":0,"password":""}