{"id":"gen9vgc2023regulationc-1847807421","p1":"AbyssV0525","p2":"HanPollo","format":"[Gen 9] VGC 2023 Regulation C","log":"|j|\u2606AbyssV0525\n|j|\u2606HanPollo\n|t:|1682003628\n|gametype|doubles\n|player|p1|AbyssV0525|101|1190\n|player|p2|HanPollo|169|1100\n|teamsize|p1|6\n|teamsize|p2|6\n|gen|9\n|tier|[Gen 9] VGC 2023 Regulation C\n|rated|\n|rule|Species Clause: Limit one of each Pok\u00e9mon\n|rule|Item Clause: Limit one of each item\n|clearpoke\n|poke|p1|Quaquaval, L50, M|\n|poke|p1|Chien-Pao, L50|\n|poke|p1|Baxcalibur, L50, M|\n|poke|p1|Ting-Lu, L50|\n|poke|p1|Gholdengo, L50|\n|poke|p1|Iron Bundle, L50|\n|poke|p2|Chien-Pao, L50|\n|poke|p2|Palafin, L50, M|\n|poke|p2|Amoonguss, L50, M|\n|poke|p2|Electrode, L50|\n|poke|p2|Flutter Mane, L50|\n|poke|p2|Tinkaton, L50, F|\n|teampreview|4\nAbyssV0525 has agreed to open team sheets.\n|\n|t:|1682003681\n|start\n|switch|p1a: Iron Bundle|Iron Bundle, L50|100\/100\n|switch|p1b: Quaquaval|Quaquaval, L50, M|100\/100\n|switch|p2a: Electrode|Electrode, L50|100\/100\n|switch|p2b: Flutter Mane|Flutter Mane, L50|100\/100\n|-enditem|p1a: Iron Bundle|Booster Energy\n|-activate|p1a: Iron Bundle|ability: Quark Drive|[fromitem]\n|-start|p1a: Iron Bundle|quarkdrivespe\n|-enditem|p2b: Flutter Mane|Booster Energy\n|-activate|p2b: Flutter Mane|ability: Protosynthesis|[fromitem]\n|-start|p2b: Flutter Mane|protosynthesisspa\n|turn|1\n|inactive|Battle timer is ON: inactive players will automatically lose when time's up. (requested by HanPollo)\n|\n|t:|1682003707\n|-terastallize|p1b: Quaquaval|Steel\n|move|p1a: Iron Bundle|Icy Wind|p2b: Flutter Mane|[spread] p2a,p2b\n|-damage|p2a: Electrode|70\/100\n|-damage|p2b: Flutter Mane|78\/100\n|-unboost|p2b: Flutter Mane|spe|1\n|move|p2a: Electrode|Thunderbolt|p1b: Quaquaval\n|-damage|p1b: Quaquaval|53\/100\n|move|p1b: Quaquaval|Aqua Step|p2b: Flutter Mane\n|-crit|p2b: Flutter Mane\n|-damage|p2b: Flutter Mane|0 fnt\n|-boost|p1b: Quaquaval|spe|1\n|faint|p2b: Flutter Mane\n|-end|p2b: Flutter Mane|Protosynthesis|[silent]\n|-ability|p1b: Quaquaval|Moxie|boost\n|-boost|p1b: Quaquaval|atk|1\n|\n|upkeep\n|\n|t:|1682003729\n|switch|p2b: Palafin|Palafin, L50, M|100\/100\n|turn|2\n|inactive|AbyssV0525 has 30 seconds left.\n|\n|t:|1682003757\n|detailschange|p2b: Palafin|Palafin-Hero, L50, M\n|switch|p2b: Tinkaton|Tinkaton, L50, F|100\/100\n|-ability|p2b: Tinkaton|Mold Breaker\n|move|p1a: Iron Bundle|Freeze-Dry|p2b: Tinkaton\n|-resisted|p2b: Tinkaton\n|-damage|p2b: Tinkaton|89\/100\n|move|p2a: Electrode|Thunderbolt|p1a: Iron Bundle\n|-supereffective|p1a: Iron Bundle\n|-damage|p1a: Iron Bundle|0 fnt\n|faint|p1a: Iron Bundle\n|-end|p1a: Iron Bundle|Quark Drive|[silent]\n|move|p1b: Quaquaval|Close Combat|p2a: Electrode\n|-damage|p2a: Electrode|0 fnt\n|-unboost|p1b: Quaquaval|def|1\n|-unboost|p1b: Quaquaval|spd|1\n|faint|p2a: Electrode\n|-ability|p1b: Quaquaval|Moxie|boost\n|-boost|p1b: Quaquaval|atk|1\n|\n|upkeep\n|\n|t:|1682003775\n|switch|p2a: Palafin|Palafin-Hero, L50, M|100\/100\n|switch|p1a: Gholdengo|Gholdengo, L50|100\/100\n|-activate|p2a: Palafin|ability: Zero to Hero\n|turn|3\n|\n|t:|1682003799\n|-terastallize|p2a: Palafin|Water\n|move|p1b: Quaquaval|Protect|p1b: Quaquaval\n|-singleturn|p1b: Quaquaval|Protect\n|move|p2a: Palafin|Jet Punch|p1b: Quaquaval\n|-activate|p1b: Quaquaval|move: Protect\n|move|p2b: Tinkaton|Knock Off|p1a: Gholdengo\n|-supereffective|p1a: Gholdengo\n|-damage|p1a: Gholdengo|58\/100\n|-enditem|p1a: Gholdengo|Leftovers|[from] move: Knock Off|[of] p2b: Tinkaton\n|move|p1a: Gholdengo|Shadow Ball|p2a: Palafin\n|-damage|p2a: Palafin|61\/100\n|\n|upkeep\n|turn|4\n|inactive|AbyssV0525 has 30 seconds left.\n|\n|t:|1682003825\n|move|p1b: Quaquaval|Protect|p1b: Quaquaval\n|-singleturn|p1b: Quaquaval|Protect\n|move|p2a: Palafin|Jet Punch|p1b: Quaquaval\n|-activate|p1b: Quaquaval|move: Protect\n|move|p2b: Tinkaton|Gigaton Hammer|p1a: Gholdengo\n|-resisted|p1a: Gholdengo\n|-damage|p1a: Gholdengo|34\/100\n|move|p1a: Gholdengo|Shadow Ball|p2a: Palafin\n|-damage|p2a: Palafin|17\/100\n|\n|upkeep\n|turn|5\n|inactive|AbyssV0525 has 30 seconds left.\n|inactive|HanPollo has 30 seconds left.\n|inactive|HanPollo has 20 seconds left.\n|\n|t:|1682003864\n|move|p2a: Palafin|Protect|p2a: Palafin\n|-singleturn|p2a: Palafin|Protect\n|move|p1b: Quaquaval|Close Combat|p2b: Tinkaton\n|-damage|p2b: Tinkaton|0 fnt\n|-unboost|p1b: Quaquaval|def|1\n|-unboost|p1b: Quaquaval|spd|1\n|faint|p2b: Tinkaton\n|-ability|p1b: Quaquaval|Moxie|boost\n|-boost|p1b: Quaquaval|atk|1\n|move|p1a: Gholdengo|Make It Rain|p2a: Palafin\n|-activate|p2a: Palafin|move: Protect\n|\n|upkeep\n|turn|6\n|\n|t:|1682003880\n|move|p2a: Palafin|Jet Punch|p1b: Quaquaval\n|-damage|p1b: Quaquaval|0 fnt\n|faint|p1b: Quaquaval\n|move|p1a: Gholdengo|Shadow Ball|p2a: Palafin\n|-damage|p2a: Palafin|0 fnt\n|faint|p2a: Palafin\n|\n|win|AbyssV0525\n|raw|AbyssV0525's rating: 1190 → 1209<\/strong> (+19 for winning)\n|raw|HanPollo's rating: 1100 → 1081<\/strong> (-19 for losing)\n","uploadtime":1682003888,"views":10,"p1id":"abyssv0525","p2id":"hanpollo","formatid":"gen9vgc2023regulationc","rating":1081,"private":0,"password":""}