{"id":"gen9vgc2023regulationc-1850308805","p1":"Violet040","p2":"maku83199","format":"[Gen 9] VGC 2023 Regulation C","log":"|j|\u2606Violet040\n|j|\u2606maku83199\n|t:|1682315377\n|gametype|doubles\n|player|p1|Violet040|erika|1244\n|player|p2|maku83199|1|1229\n|teamsize|p1|6\n|teamsize|p2|6\n|gen|9\n|tier|[Gen 9] VGC 2023 Regulation C\n|rated|\n|rule|Species Clause: Limit one of each Pok\u00e9mon\n|rule|Item Clause: Limit one of each item\n|clearpoke\n|poke|p1|Tsareena, L50, F|\n|poke|p1|Flutter Mane, L50|\n|poke|p1|Masquerain, L50, F|\n|poke|p1|Gastrodon, L50, M|\n|poke|p1|Chi-Yu, L50|\n|poke|p1|Garganacl, L50, M|\n|poke|p2|Klefki, L50, F|\n|poke|p2|Corviknight, L50, M|\n|poke|p2|Ting-Lu, L50|\n|poke|p2|Iron Hands, L50|\n|poke|p2|Flutter Mane, L50|\n|poke|p2|Dragonite, L50, F|\n|teampreview|4\n|inactive|Battle timer is ON: inactive players will automatically lose when time's up. (requested by Violet040)\n|inactive|maku83199 has 60 seconds left.\n|\n|t:|1682315424\n|start\n|switch|p1a: Masquerain|Masquerain, L50, F, shiny|100\/100\n|switch|p1b: Flutter Mane|Flutter Mane, L50, shiny|100\/100\n|switch|p2a: Dragonite|Dragonite, L50, F|100\/100\n|switch|p2b: Ting-Lu|Ting-Lu, L50|100\/100\n|-ability|p1a: Masquerain|Intimidate|boost\n|-fail|p2a: Dragonite|unboost|[from] item: Clear Amulet|[of] p2a: Dragonite\n|-unboost|p2b: Ting-Lu|atk|1\n|-ability|p2b: Ting-Lu|Vessel of Ruin\n|-enditem|p1b: Flutter Mane|Booster Energy\n|-activate|p1b: Flutter Mane|ability: Protosynthesis|[fromitem]\n|-start|p1b: Flutter Mane|protosynthesisspa\n|turn|1\n|l|\u2606maku83199\n|inactive|maku83199 disconnected and has a minute to reconnect!\n|player|p2|\n|j|\u2606maku83199\n|inactive|maku83199 reconnected and has 40 seconds left.\n|player|p2|maku83199|1\n|inactive|maku83199 has 30 seconds left.\n|\n|t:|1682315454\n|switch|p2a: Corviknight|Corviknight, L50, M, shiny|100\/100\n|move|p1b: Flutter Mane|Protect|p1b: Flutter Mane\n|-singleturn|p1b: Flutter Mane|Protect\n|move|p1a: Masquerain|Tailwind|p1a: Masquerain\n|-sidestart|p1: Violet040|move: Tailwind\n|move|p2b: Ting-Lu|Heavy Slam|p1b: Flutter Mane\n|-activate|p1b: Flutter Mane|move: Protect\n|\n|upkeep\n|turn|2\n|inactive|Violet040 has 30 seconds left.\n|inactive|maku83199 has 30 seconds left.\n|inactive|maku83199 has 20 seconds left.\n|\n|t:|1682315494\n|move|p1b: Flutter Mane|Mystical Fire|p2a: Corviknight\n|-supereffective|p2a: Corviknight\n|-damage|p2a: Corviknight|52\/100\n|-ability|p2a: Corviknight|Mirror Armor\n|-unboost|p1b: Flutter Mane|spa|1\n|move|p1a: Masquerain|Air Slash|p2b: Ting-Lu\n|-damage|p2b: Ting-Lu|89\/100\n|move|p2a: Corviknight|Iron Head|p1b: Flutter Mane\n|-supereffective|p1b: Flutter Mane\n|-damage|p1b: Flutter Mane|0 fnt\n|faint|p1b: Flutter Mane\n|-end|p1b: Flutter Mane|Protosynthesis|[silent]\n|move|p2b: Ting-Lu|Payback|p1a: Masquerain\n|-damage|p1a: Masquerain|54\/100\n|\n|upkeep\n|\n|t:|1682315509\n|switch|p1b: Chi-Yu|Chi-Yu, L50|100\/100\n|-ability|p1b: Chi-Yu|Beads of Ruin\n|turn|3\n|\n|t:|1682315517\n|switch|p2a: Dragonite|Dragonite, L50, F|100\/100\n|move|p1b: Chi-Yu|Heat Wave|p2a: Dragonite|[spread] p2a,p2b\n|-resisted|p2a: Dragonite\n|-damage|p2a: Dragonite|89\/100\n|-damage|p2b: Ting-Lu|64\/100\n|-status|p2b: Ting-Lu|brn\n|-damage|p1b: Chi-Yu|90\/100|[from] item: Life Orb\n|move|p1a: Masquerain|Air Slash|p2b: Ting-Lu\n|-damage|p2b: Ting-Lu|52\/100 brn\n|cant|p2b: Ting-Lu|flinch\n|\n|-damage|p2b: Ting-Lu|46\/100 brn|[from] brn\n|upkeep\n|turn|4\n|inactive|maku83199 has 30 seconds left.\n|\n|t:|1682315542\n|-terastallize|p2a: Dragonite|Flying\n|move|p1b: Chi-Yu|Heat Wave|p2b: Ting-Lu|[spread] p2a,p2b\n|-damage|p2a: Dragonite|43\/100\n|-damage|p2b: Ting-Lu|19\/100 brn\n|-status|p2a: Dragonite|brn\n|-damage|p1b: Chi-Yu|80\/100|[from] item: Life Orb\n|move|p1a: Masquerain|Air Slash|p2b: Ting-Lu\n|-crit|p2b: Ting-Lu\n|-damage|p2b: Ting-Lu|1\/100 brn\n|move|p2a: Dragonite|Tera Blast|p1b: Chi-Yu\n|-damage|p1b: Chi-Yu|26\/100\n|cant|p2b: Ting-Lu|flinch\n|\n|-damage|p2a: Dragonite|37\/100 brn|[from] brn\n|-damage|p2b: Ting-Lu|0 fnt|[from] brn\n|faint|p2b: Ting-Lu\n|-sideend|p1: Violet040|move: Tailwind\n|upkeep\n|c|\u2606maku83199|okay\n|c|\u2606maku83199|wow\n|inactive|maku83199 has 30 seconds left.\n|\n|t:|1682315568\n|switch|p2b: Iron Hands|Iron Hands, L50, shiny|100\/100\n|turn|5\n|\n|t:|1682315582\n|switch|p1a: Tsareena|Tsareena, L50, F, shiny|100\/100\n|move|p2a: Dragonite|Extreme Speed||[still]\n|cant|p1a: Tsareena|ability: Queenly Majesty|Extreme Speed|[of] p2a: Dragonite\n|move|p1b: Chi-Yu|Heat Wave|p2a: Dragonite|[spread] p2a,p2b\n|-damage|p2a: Dragonite|0 fnt\n|-damage|p2b: Iron Hands|47\/100\n|-status|p2b: Iron Hands|brn\n|-enditem|p2b: Iron Hands|Sitrus Berry|[eat]\n|-heal|p2b: Iron Hands|72\/100 brn|[from] item: Sitrus Berry\n|faint|p2a: Dragonite\n|-damage|p1b: Chi-Yu|16\/100|[from] item: Life Orb\n|move|p2b: Iron Hands|Wild Charge|p1a: Tsareena\n|-resisted|p1a: Tsareena\n|-damage|p1a: Tsareena|89\/100\n|-damage|p2b: Iron Hands|70\/100 brn|[from] Recoil\n|\n|-damage|p2b: Iron Hands|63\/100 brn|[from] brn\n|upkeep\n|\n|t:|1682315589\n|switch|p2a: Corviknight|Corviknight, L50, M, shiny|52\/100\n|turn|6\n|c|\u2606maku83199|pog champ\n|\n|t:|1682315606\n|-terastallize|p1a: Tsareena|Fairy\n|move|p1b: Chi-Yu|Heat Wave|p2b: Iron Hands|[spread] \n|-miss|p1b: Chi-Yu|p2a: Corviknight\n|-miss|p1b: Chi-Yu|p2b: Iron Hands\n|move|p2a: Corviknight|Brave Bird|p1a: Tsareena\n|-damage|p1a: Tsareena|42\/100\n|-damage|p2a: Corviknight|38\/100|[from] Recoil\n|move|p1a: Tsareena|Play Rough|p2b: Iron Hands\n|-supereffective|p2b: Iron Hands\n|-damage|p2b: Iron Hands|0 fnt\n|faint|p2b: Iron Hands\n|-end|p2b: Iron Hands|Quark Drive|[silent]\n|\n|upkeep\n|turn|7\n|c|\u2606maku83199|lol\n|\n|t:|1682315625\n|move|p1b: Chi-Yu|Heat Wave|p2a: Corviknight\n|-supereffective|p2a: Corviknight\n|-damage|p2a: Corviknight|0 fnt\n|faint|p2a: Corviknight\n|-damage|p1b: Chi-Yu|6\/100|[from] item: Life Orb\n|\n|win|Violet040\n|raw|Violet040's rating: 1244 → 1268<\/strong> (+24 for winning)\n|raw|maku83199's rating: 1229 → 1205<\/strong> (-24 for losing)\n","uploadtime":1682315629,"views":71,"p1id":"violet040","p2id":"maku83199","formatid":"gen9vgc2023regulationc","rating":1205,"private":0,"password":""}