{"id":"gen9vgc2023regulationc-1856323792","p1":"PeekayW","p2":"frostyBNDR","format":"[Gen 9] VGC 2023 Regulation C","log":"|j|\u2606PeekayW\n|j|\u2606frostyBNDR\n|t:|1683050896\n|gametype|doubles\n|player|p1|PeekayW|169|1244\n|player|p2|frostyBNDR|workerice|1265\n|teamsize|p1|6\n|teamsize|p2|6\n|gen|9\n|tier|[Gen 9] VGC 2023 Regulation C\n|rated|\n|rule|Species Clause: Limit one of each Pok\u00e9mon\n|rule|Item Clause: Limit one of each item\n|clearpoke\n|poke|p1|Scizor, L50, F|\n|poke|p1|Flutter Mane, L50|\n|poke|p1|Rotom-Wash, L50|\n|poke|p1|Arcanine, L50, F|\n|poke|p1|Chien-Pao, L50|\n|poke|p1|Great Tusk, L50|\n|poke|p2|Wo-Chien, L50|\n|poke|p2|Chi-Yu, L50|\n|poke|p2|Flutter Mane, L50|\n|poke|p2|Gyarados, L50, M|\n|poke|p2|Baxcalibur, L50, M|\n|poke|p2|Annihilape, L50, M|\n|teampreview|4\nPeekayW has agreed to open team sheets.\nfrostyBNDR rejected open team sheets.\n|inactive|Battle timer is ON: inactive players will automatically lose when time's up. (requested by frostyBNDR)\n|inactive|frostyBNDR has 60 seconds left.\n|\n|t:|1683050957\n|start\n|switch|p1a: Rotom|Rotom-Wash, L50|100\/100\n|switch|p1b: Flutter Mane|Flutter Mane, L50|100\/100\n|switch|p2a: Wo-Chien|Wo-Chien, L50|100\/100\n|switch|p2b: Annihilape|Annihilape, L50, M|100\/100\n|-ability|p2a: Wo-Chien|Tablets of Ruin\n|turn|1\n|inactive|frostyBNDR has 30 seconds left.\n|\n|t:|1683050987\n|-terastallize|p2b: Annihilape|Fire\n|-terastallize|p1a: Rotom|Poison\n|move|p1b: Flutter Mane|Moonblast|p2a: Wo-Chien\n|-supereffective|p2a: Wo-Chien\n|-damage|p2a: Wo-Chien|35\/100\n|-unboost|p2a: Wo-Chien|spa|1\n|-damage|p1b: Flutter Mane|91\/100|[from] item: Life Orb\n|move|p2b: Annihilape|Phantom Force||[still]\n|-prepare|p2b: Annihilape|Phantom Force\n|move|p1a: Rotom|Will-O-Wisp|p2b: Annihilape|[miss]\n|-miss|p1a: Rotom|p2b: Annihilape\n|move|p2a: Wo-Chien|Giga Drain|p1a: Rotom\n|-resisted|p1a: Rotom\n|-damage|p1a: Rotom|90\/100\n|-heal|p2a: Wo-Chien|40\/100|[from] drain|[of] p1a: Rotom\n|\n|-heal|p1a: Rotom|95\/100|[from] item: Leftovers\n|upkeep\n|turn|2\n|inactive|PeekayW has 30 seconds left.\n|\n|t:|1683051014\n|move|p1b: Flutter Mane|Protect|p1b: Flutter Mane\n|-singleturn|p1b: Flutter Mane|Protect\n|move|p2b: Annihilape|Phantom Force|p1b: Flutter Mane|[from]lockedmove\n|-activate|p1b: Flutter Mane|move: Phantom Force|[broken]\n|-supereffective|p1b: Flutter Mane\n|-damage|p1b: Flutter Mane|0 fnt\n|faint|p1b: Flutter Mane\n|-end|p1b: Flutter Mane|Protosynthesis|[silent]\n|move|p1a: Rotom|Hydro Pump|p2b: Annihilape\n|-supereffective|p2b: Annihilape\n|-damage|p2b: Annihilape|12\/100\n|move|p2a: Wo-Chien|Giga Drain|p1a: Rotom\n|-resisted|p1a: Rotom\n|-damage|p1a: Rotom|84\/100\n|-heal|p2a: Wo-Chien|44\/100|[from] drain|[of] p1a: Rotom\n|\n|-heal|p2b: Annihilape|18\/100|[from] item: Leftovers\n|-heal|p1a: Rotom|90\/100|[from] item: Leftovers\n|upkeep\n|\n|t:|1683051033\n|switch|p1b: Great Tusk|Great Tusk, L50|100\/100\n|turn|3\n|\n|t:|1683051044\n|switch|p2b: Gyarados|Gyarados, L50, M|100\/100\n|-ability|p2b: Gyarados|Intimidate|boost\n|-unboost|p1a: Rotom|atk|1\n|-unboost|p1b: Great Tusk|atk|1\n|move|p1b: Great Tusk|Rock Slide|p2b: Gyarados|[spread] p2a,p2b\n|-supereffective|p2b: Gyarados\n|-damage|p2a: Wo-Chien|36\/100\n|-damage|p2b: Gyarados|81\/100\n|move|p1a: Rotom|Thunderbolt|p2a: Wo-Chien\n|-resisted|p2a: Wo-Chien\n|-damage|p2a: Wo-Chien|28\/100\n|move|p2a: Wo-Chien|Leaf Storm|p1b: Great Tusk\n|-supereffective|p1b: Great Tusk\n|-damage|p1b: Great Tusk|0 fnt\n|-unboost|p2a: Wo-Chien|spa|2\n|faint|p1b: Great Tusk\n|-end|p1b: Great Tusk|Protosynthesis|[silent]\n|\n|-heal|p1a: Rotom|95\/100|[from] item: Leftovers\n|upkeep\n|\n|t:|1683051060\n|switch|p1b: Scizor|Scizor, L50, F|100\/100\n|turn|4\n|\n|t:|1683051078\n|switch|p2a: Annihilape|Annihilape, L50, M, tera:Fire|18\/100\n|move|p2b: Gyarados|Protect|p2b: Gyarados\n|-singleturn|p2b: Gyarados|Protect\n|move|p1a: Rotom|Thunderbolt|p2b: Gyarados\n|-activate|p2b: Gyarados|move: Protect\n|move|p1b: Scizor|U-turn|p2a: Annihilape\n|-resisted|p2a: Annihilape\n|-damage|p2a: Annihilape|0 fnt\n|faint|p2a: Annihilape\n|\n|-heal|p1a: Rotom|100\/100|[from] item: Leftovers\n|upkeep\n|\n|t:|1683051089\n|switch|p2a: Chi-Yu|Chi-Yu, L50|100\/100\n|-ability|p2a: Chi-Yu|Beads of Ruin\n|turn|5\n|\n|t:|1683051104\n|move|p2a: Chi-Yu|Protect|p2a: Chi-Yu\n|-singleturn|p2a: Chi-Yu|Protect\n|move|p1b: Scizor|Protect|p1b: Scizor\n|-singleturn|p1b: Scizor|Protect\n|move|p1a: Rotom|Thunderbolt|p2b: Gyarados\n|-supereffective|p2b: Gyarados\n|-damage|p2b: Gyarados|0 fnt\n|faint|p2b: Gyarados\n|\n|upkeep\n|\n|t:|1683051112\n|switch|p2b: Wo-Chien|Wo-Chien, L50|28\/100\n|-ability|p2b: Wo-Chien|Tablets of Ruin\n|turn|6\n|\n|t:|1683051131\n|move|p1b: Scizor|Bullet Punch|p2a: Chi-Yu\n|-resisted|p2a: Chi-Yu\n|-damage|p2a: Chi-Yu|79\/100\n|move|p2a: Chi-Yu|Heat Wave|p1a: Rotom|[spread] p1a,p1b\n|-supereffective|p1b: Scizor\n|-damage|p1a: Rotom|45\/100\n|-damage|p1b: Scizor|0 fnt\n|-status|p1a: Rotom|brn\n|faint|p1b: Scizor\n|move|p1a: Rotom|Hydro Pump|p2a: Chi-Yu\n|-supereffective|p2a: Chi-Yu\n|-damage|p2a: Chi-Yu|0 fnt\n|faint|p2a: Chi-Yu\n|move|p2b: Wo-Chien|Dark Pulse|p1a: Rotom\n|-crit|p1a: Rotom\n|-damage|p1a: Rotom|0 fnt\n|faint|p1a: Rotom\n|\n|win|frostyBNDR\n|raw|PeekayW's rating: 1244 → 1221<\/strong> (-23 for losing)\n|raw|frostyBNDR's rating: 1265 → 1288<\/strong> (+23 for winning)\n|l|\u2606frostyBNDR\n","uploadtime":1683051150,"views":8,"p1id":"peekayw","p2id":"frostybndr","formatid":"gen9vgc2023regulationc","rating":1221,"private":0,"password":""}