{"id":"gen9vgc2023regulationc-1852866067","p1":"haha u rage quit","p2":"Radam14","format":"[Gen 9] VGC 2023 Regulation C","log":"|j|\u2606haha u rage quit\n|j|\u2606Radam14\n|t:|1682612849\n|gametype|doubles\n|player|p1|haha u rage quit|pokemaniac|1378\n|player|p2|Radam14|hoopster|1275\n|teamsize|p1|6\n|teamsize|p2|6\n|gen|9\n|tier|[Gen 9] VGC 2023 Regulation C\n|rated|\n|rule|Species Clause: Limit one of each Pok\u00e9mon\n|rule|Item Clause: Limit one of each item\n|clearpoke\n|poke|p1|Flutter Mane, L50|\n|poke|p1|Iron Hands, L50|\n|poke|p1|Iron Bundle, L50|\n|poke|p1|Torkoal, L50, M|\n|poke|p1|Klefki, L50, M|\n|poke|p1|Corviknight, L50, M|\n|poke|p2|Annihilape, L50, M|\n|poke|p2|Flutter Mane, L50|\n|poke|p2|Scizor, L50, M|\n|poke|p2|Garchomp, L50, F|\n|poke|p2|Farigiraf, L50, F|\n|poke|p2|Murkrow, L50, M|\n|teampreview|4\n|inactive|Battle timer is ON: inactive players will automatically lose when time's up. (requested by Radam14)\n|\n|t:|1682612908\n|start\n|switch|p1a: Flutter Mane|Flutter Mane, L50, shiny|100\/100\n|switch|p1b: Iron Bundle|Iron Bundle, L50, shiny|100\/100\n|switch|p2a: Flutter Mane|Flutter Mane, L50|100\/100\n|switch|p2b: Scizor|Scizor, L50, M|100\/100\n|-enditem|p1b: Iron Bundle|Booster Energy\n|-activate|p1b: Iron Bundle|ability: Quark Drive|[fromitem]\n|-start|p1b: Iron Bundle|quarkdrivespe\n|-enditem|p2a: Flutter Mane|Booster Energy\n|-activate|p2a: Flutter Mane|ability: Protosynthesis|[fromitem]\n|-start|p2a: Flutter Mane|protosynthesisspe\n|turn|1\n|inactive|Radam14 has 30 seconds left.\n|inactive|Radam14 has 20 seconds left.\n|inactive|Radam14 has 15 seconds left.\n|inactive|Radam14 has 10 seconds left.\n|\n|t:|1682612954\n|-end|p1a: Flutter Mane|Protosynthesis|[silent]\n|switch|p1a: Klefki|Klefki, L50, M|100\/100\n|move|p1b: Iron Bundle|Protect|p1b: Iron Bundle\n|-singleturn|p1b: Iron Bundle|Protect\n|move|p2a: Flutter Mane|Moonblast|p1b: Iron Bundle\n|-activate|p1b: Iron Bundle|move: Protect\n|move|p2b: Scizor|Tailwind|p2b: Scizor\n|-sidestart|p2: Radam14|move: Tailwind\n|\n|upkeep\n|turn|2\n|inactive|haha u rage quit has 30 seconds left.\n|inactive|haha u rage quit has 20 seconds left.\n|\n|t:|1682612990\n|move|p1b: Iron Bundle|Protect|p1b: Iron Bundle\n|-singleturn|p1b: Iron Bundle|Protect\n|move|p2b: Scizor|Bullet Punch|p1b: Iron Bundle\n|-activate|p1b: Iron Bundle|move: Protect\n|move|p2a: Flutter Mane|Mystical Fire|p1a: Klefki\n|-supereffective|p1a: Klefki\n|-damage|p1a: Klefki|44\/100\n|-unboost|p1a: Klefki|spa|1\n|move|p1a: Klefki|Trick Room|p1a: Klefki\n|-fieldstart|move: Trick Room|[of] p1a: Klefki\n|\n|upkeep\n|turn|3\n|inactive|haha u rage quit has 30 seconds left.\n|\n|t:|1682613018\n|switch|p1a: Iron Hands|Iron Hands, L50, shiny|100\/100\n|move|p2b: Scizor|Bullet Punch|p1b: Iron Bundle\n|-damage|p1b: Iron Bundle|57\/100\n|move|p1b: Iron Bundle|Hydro Pump|p2b: Scizor|[miss]\n|-miss|p1b: Iron Bundle|p2b: Scizor\n|move|p2a: Flutter Mane|Mystical Fire|p1a: Iron Hands\n|-damage|p1a: Iron Hands|77\/100\n|-unboost|p1a: Iron Hands|spa|1\n|\n|upkeep\n|turn|4\n|inactive|haha u rage quit has 30 seconds left.\n|\n|t:|1682613044\n|-end|p1b: Iron Bundle|Quark Drive|[silent]\n|switch|p1b: Klefki|Klefki, L50, M|44\/100\n|-terastallize|p1a: Iron Hands|Fire\n|move|p1a: Iron Hands|Swords Dance|p1a: Iron Hands\n|-boost|p1a: Iron Hands|atk|2\n|move|p2b: Scizor|Acrobatics|p1b: Klefki\n|-resisted|p1b: Klefki\n|-damage|p1b: Klefki|24\/100\n|move|p2a: Flutter Mane|Moonblast|p1a: Iron Hands\n|-resisted|p1a: Iron Hands\n|-damage|p1a: Iron Hands|57\/100\n|\n|-sideend|p2: Radam14|move: Tailwind\n|upkeep\n|turn|5\n|inactive|haha u rage quit has 30 seconds left.\n|inactive|Radam14 has 30 seconds left.\n|inactive|haha u rage quit has 20 seconds left.\n|\n|t:|1682613083\n|-terastallize|p2b: Scizor|Flying\n|move|p1b: Klefki|Reflect|p1b: Klefki\n|-sidestart|p1: haha u rage quit|Reflect\n|move|p1a: Iron Hands|Thunder Punch|p2a: Flutter Mane\n|-damage|p2a: Flutter Mane|0 fnt\n|faint|p2a: Flutter Mane\n|-end|p2a: Flutter Mane|Protosynthesis|[silent]\n|move|p2b: Scizor|Acrobatics|p1a: Iron Hands\n|-damage|p1a: Iron Hands|28\/100\n|-enditem|p1a: Iron Hands|Sitrus Berry|[eat]\n|-heal|p1a: Iron Hands|53\/100|[from] item: Sitrus Berry\n|\n|upkeep\n|\n|t:|1682613096\n|switch|p2a: Garchomp|Garchomp, L50, F|100\/100\n|turn|6\n|inactive|haha u rage quit has 30 seconds left.\n|\n|t:|1682613122\n|move|p1b: Klefki|Light Screen|p1b: Klefki\n|-sidestart|p1: haha u rage quit|move: Light Screen\n|move|p1a: Iron Hands|Thunder Punch|p2b: Scizor\n|-supereffective|p2b: Scizor\n|-damage|p2b: Scizor|0 fnt\n|faint|p2b: Scizor\n|move|p2a: Garchomp|Earthquake|p1b: Klefki|[spread] p1a,p1b\n|-supereffective|p1a: Iron Hands\n|-supereffective|p1b: Klefki\n|-damage|p1a: Iron Hands|16\/100\n|-damage|p1b: Klefki|0 fnt\n|faint|p1b: Klefki\n|\n|-fieldend|move: Trick Room\n|upkeep\n|\n|t:|1682613132\n|switch|p2b: Annihilape|Annihilape, L50, M|100\/100\n|switch|p1b: Flutter Mane|Flutter Mane, L50, shiny|100\/100\n|turn|7\n|inactive|Radam14 has 30 seconds left.\n|\n|t:|1682613158\n|move|p1b: Flutter Mane|Dazzling Gleam|p2a: Garchomp|[spread] p2a,p2b\n|-supereffective|p2a: Garchomp\n|-supereffective|p2b: Annihilape\n|-damage|p2a: Garchomp|3\/100\n|-damage|p2b: Annihilape|3\/100\n|move|p2b: Annihilape|Phantom Force||[still]\n|-prepare|p2b: Annihilape|Phantom Force\n|move|p2a: Garchomp|Earthquake|p1b: Flutter Mane|[spread] p1a,p1b\n|-miss|p2a: Garchomp|p2b: Annihilape\n|-supereffective|p1a: Iron Hands\n|-crit|p1a: Iron Hands\n|-damage|p1a: Iron Hands|0 fnt\n|-damage|p1b: Flutter Mane|50\/100\n|faint|p1a: Iron Hands\n|-end|p1a: Iron Hands|Quark Drive|[silent]\n|\n|-heal|p2a: Garchomp|9\/100|[from] item: Leftovers\n|upkeep\n|\n|t:|1682613165\n|switch|p1a: Iron Bundle|Iron Bundle, L50, shiny|57\/100\n|turn|8\n|\n|t:|1682613177\n|move|p2a: Garchomp|Protect|p2a: Garchomp\n|-singleturn|p2a: Garchomp|Protect\n|move|p1a: Iron Bundle|Icy Wind|p2a: Garchomp|[spread] \n|-miss|p1a: Iron Bundle|p2b: Annihilape\n|-activate|p2a: Garchomp|move: Protect\n|move|p1b: Flutter Mane|Dazzling Gleam|p2b: Annihilape|[spread] \n|-miss|p1b: Flutter Mane|p2b: Annihilape\n|-activate|p2a: Garchomp|move: Protect\n|move|p2b: Annihilape|Phantom Force|p1b: Flutter Mane|[from]lockedmove\n|-supereffective|p1b: Flutter Mane\n|-damage|p1b: Flutter Mane|0 fnt\n|faint|p1b: Flutter Mane\n|-end|p1b: Flutter Mane|Protosynthesis|[silent]\n|\n|-heal|p2a: Garchomp|15\/100|[from] item: Leftovers\n|upkeep\n|turn|9\n|inactive|Radam14 has 30 seconds left.\n|inactive|Radam14 has 20 seconds left.\n|inactive|Radam14 has 15 seconds left.\n|\n|t:|1682613220\n|move|p2b: Annihilape|Protect|p2b: Annihilape\n|-singleturn|p2b: Annihilape|Protect\n|move|p1a: Iron Bundle|Icy Wind|p2b: Annihilape|[spread] p2a\n|-activate|p2b: Annihilape|move: Protect\n|-supereffective|p2a: Garchomp\n|-damage|p2a: Garchomp|0 fnt\n|faint|p2a: Garchomp\n|\n|upkeep\n|turn|10\n|\n|t:|1682613229\n|move|p1a: Iron Bundle|Freeze-Dry|p2b: Annihilape\n|-damage|p2b: Annihilape|0 fnt\n|faint|p2b: Annihilape\n|\n|win|haha u rage quit\n|raw|haha u rage quit's rating: 1378 → 1392<\/strong> (+14 for winning)\n|raw|Radam14's rating: 1275 → 1257<\/strong> (-18 for losing)\n|l|\u2606Radam14\n","uploadtime":1682613240,"views":6,"p1id":"hahauragequit","p2id":"radam14","formatid":"gen9vgc2023regulationc","rating":1257,"private":0,"password":""}