{"id":"gen9vgc2023regulationc-1859025703","p1":"TortuguitaconQueso","p2":"OverOmegafire","format":"[Gen 9] VGC 2023 Regulation C","log":"|j|\u203dTortuguitaconQueso\n|j|\u2606OverOmegafire\n|t:|1683395751\n|gametype|doubles\n|player|p1|TortuguitaconQueso|valerie|1114\n|player|p2|OverOmegafire|hilbert-wonderlauncher|1199\n|teamsize|p1|6\n|teamsize|p2|6\n|gen|9\n|tier|[Gen 9] VGC 2023 Regulation C\n|rated|\n|rule|Species Clause: Limit one of each Pok\u00e9mon\n|rule|Item Clause: Limit one of each item\n|clearpoke\n|poke|p1|Flutter Mane, L50|\n|poke|p1|Amoonguss, L50, F|\n|poke|p1|Gyarados, L50, F|\n|poke|p1|Chi-Yu, L50|\n|poke|p1|Ting-Lu, L50|\n|poke|p1|Baxcalibur, L50, F|\n|poke|p2|Azumarill, L50, M|\n|poke|p2|Glaceon, L50, F|\n|poke|p2|Iron Bundle, L50|\n|poke|p2|Gengar, L50, M|\n|poke|p2|Abomasnow, L50, M|\n|poke|p2|Great Tusk, L50|\n|teampreview|4\n|inactive|Battle timer is ON: inactive players will automatically lose when time's up. (requested by TortuguitaconQueso)\nTortuguitaconQueso rejected open team sheets.\n|inactive|TortuguitaconQueso has 60 seconds left.\n|\n|t:|1683395808\n|start\n|switch|p1a: Baxcalibur|Baxcalibur, L50, F, shiny|100\/100\n|switch|p1b: Ting-Lu|Ting-Lu, L50|100\/100\n|switch|p2a: Great Tusk|Great Tusk, L50|100\/100\n|switch|p2b: Genngaro|Gengar, L50, M|100\/100\n|-ability|p1b: Ting-Lu|Vessel of Ruin\n|turn|1\n|inactive|TortuguitaconQueso has 30 seconds left.\n|inactive|OverOmegafire has 30 seconds left.\n|\n|t:|1683395833\n|switch|p1a: Gyarados|Gyarados, L50, F, shiny|100\/100\n|-ability|p1a: Gyarados|Intimidate|boost\n|-unboost|p2a: Great Tusk|atk|1\n|-unboost|p2b: Genngaro|atk|1\n|move|p2b: Genngaro|Shadow Ball|p1a: Gyarados\n|-damage|p1a: Gyarados|77\/100\n|move|p2a: Great Tusk|Close Combat|p1b: Ting-Lu\n|-supereffective|p1b: Ting-Lu\n|-damage|p1b: Ting-Lu|50\/100\n|-unboost|p2a: Great Tusk|def|1\n|-unboost|p2a: Great Tusk|spd|1\n|move|p1b: Ting-Lu|Stomping Tantrum|p2b: Genngaro\n|-supereffective|p2b: Genngaro\n|-enditem|p2b: Genngaro|Focus Sash\n|-damage|p2b: Genngaro|1\/100\n|\n|upkeep\n|turn|2\n|\n|t:|1683395855\n|move|p2b: Genngaro|Thunderbolt|p1a: Gyarados\n|-supereffective|p1a: Gyarados\n|-damage|p1a: Gyarados|5\/100\n|-enditem|p1a: Gyarados|Aguav Berry|[eat]\n|-heal|p1a: Gyarados|38\/100|[from] item: Aguav Berry\n|move|p1a: Gyarados|Waterfall|p2a: Great Tusk\n|-supereffective|p2a: Great Tusk\n|-damage|p2a: Great Tusk|40\/100\n|move|p2a: Great Tusk|Close Combat|p1b: Ting-Lu\n|-supereffective|p1b: Ting-Lu\n|-damage|p1b: Ting-Lu|0 fnt\n|-unboost|p2a: Great Tusk|def|1\n|-unboost|p2a: Great Tusk|spd|1\n|faint|p1b: Ting-Lu\n|\n|upkeep\n|\n|t:|1683395867\n|switch|p1b: Flutter Mane|Flutter Mane, L50|100\/100\n|-enditem|p1b: Flutter Mane|Booster Energy\n|-activate|p1b: Flutter Mane|ability: Protosynthesis|[fromitem]\n|-start|p1b: Flutter Mane|protosynthesisspa\n|turn|3\n|\n|t:|1683395877\n|-terastallize|p1b: Flutter Mane|Fairy\n|-terastallize|p2a: Great Tusk|Fire\n|move|p1b: Flutter Mane|Dazzling Gleam|p2b: Genngaro|[spread] p2a,p2b\n|-resisted|p2a: Great Tusk\n|-resisted|p2b: Genngaro\n|-damage|p2a: Great Tusk|0 fnt\n|-damage|p2b: Genngaro|0 fnt\n|faint|p2a: Great Tusk\n|-end|p2a: Great Tusk|Protosynthesis|[silent]\n|faint|p2b: Genngaro\n|move|p1a: Gyarados|Waterfall|p2: Great Tusk|[notarget]\n|-fail|p1a: Gyarados\n|\n|upkeep\n|\n|t:|1683395882\n|switch|p2b: Abomasnow|Abomasnow, L50, M|100\/100\n|switch|p2a: Iron Bundle|Iron Bundle, L50|100\/100\n|-weather|Snow|[from] ability: Snow Warning|[of] p2b: Abomasnow\n|-enditem|p2a: Iron Bundle|Booster Energy\n|-activate|p2a: Iron Bundle|ability: Quark Drive|[fromitem]\n|-start|p2a: Iron Bundle|quarkdrivespe\n|turn|4\n|inactive|TortuguitaconQueso has 30 seconds left.\n|\n|t:|1683395911\n|move|p1b: Flutter Mane|Protect|p1b: Flutter Mane\n|-singleturn|p1b: Flutter Mane|Protect\n|move|p2a: Iron Bundle|Aurora Veil|p2a: Iron Bundle\n|-sidestart|p2: OverOmegafire|move: Aurora Veil\n|move|p1a: Gyarados|Thunder Wave|p2a: Iron Bundle\n|-status|p2a: Iron Bundle|par\n|move|p2b: Abomasnow|Blizzard|p1b: Flutter Mane|[spread] p1a\n|-activate|p1b: Flutter Mane|move: Protect\n|-damage|p1a: Gyarados|8\/100\n|\n|-weather|Snow|[upkeep]\n|upkeep\n|turn|5\n|\n|t:|1683395928\n|move|p1b: Flutter Mane|Moonblast|p2a: Iron Bundle\n|-damage|p2a: Iron Bundle|0 fnt\n|faint|p2a: Iron Bundle\n|-end|p2a: Iron Bundle|Quark Drive|[silent]\n|move|p1a: Gyarados|Thunder Wave|p2b: Abomasnow\n|-status|p2b: Abomasnow|par\n|move|p2b: Abomasnow|Blizzard|p1a: Gyarados|[spread] p1a,p1b\n|-damage|p1a: Gyarados|0 fnt\n|-damage|p1b: Flutter Mane|61\/100\n|-status|p1b: Flutter Mane|frz\n|faint|p1a: Gyarados\n|\n|-weather|Snow|[upkeep]\n|upkeep\n|\n|t:|1683395938\n|switch|p1a: Baxcalibur|Baxcalibur, L50, F, shiny|100\/100\n|turn|6\n|\n|t:|1683395942\n|cant|p1b: Flutter Mane|frz\n|move|p1a: Baxcalibur|Glaive Rush|p2b: Abomasnow\n|-crit|p2b: Abomasnow\n|-damage|p2b: Abomasnow|22\/100 par\n|-singlemove|p1a: Baxcalibur|Glaive Rush|[silent]\n|move|p2b: Abomasnow|Blizzard|p1a: Baxcalibur|[spread] p1a,p1b\n|-damage|p1a: Baxcalibur|28\/100\n|-damage|p1b: Flutter Mane|22\/100 frz\n|\n|-weather|Snow|[upkeep]\n|upkeep\n|turn|7\n|\n|t:|1683395954\n|cant|p1b: Flutter Mane|frz\n|move|p1a: Baxcalibur|Glaive Rush|p2b: Abomasnow\n|-damage|p2b: Abomasnow|0 fnt\n|-singlemove|p1a: Baxcalibur|Glaive Rush|[silent]\n|faint|p2b: Abomasnow\n|\n|win|TortuguitaconQueso\n|raw|TortuguitaconQueso's rating: 1114 → 1145<\/strong> (+31 for winning)\n|raw|OverOmegafire's rating: 1199 → 1168<\/strong> (-31 for losing)\n|l|\u2606OverOmegafire\n","uploadtime":1683395970,"views":14,"p1id":"tortuguitaconqueso","p2id":"overomegafire","formatid":"gen9vgc2023regulationc","rating":1145,"private":0,"password":""}