{"id":"gen9vgc2023regulationc-1849020163","p1":"TheMismatcher","p2":"SlyAbby","format":"[Gen 9] VGC 2023 Regulation C","log":"|j|\u2606TheMismatcher\n|j|\u2606SlyAbby\n|t:|1682140108\n|gametype|doubles\n|player|p1|TheMismatcher|benga|\n|player|p2|SlyAbby|skyla|\n|teamsize|p1|6\n|teamsize|p2|6\n|gen|9\n|tier|[Gen 9] VGC 2023 Regulation C\n|rule|Species Clause: Limit one of each Pok\u00e9mon\n|rule|Item Clause: Limit one of each item\n|clearpoke\n|poke|p1|Electrode, L50|\n|poke|p1|Talonflame, L50, F|\n|poke|p1|Krookodile, L50, F|\n|poke|p1|Sylveon, L50, M|\n|poke|p1|Tauros-Paldea-Aqua, L50, M|\n|poke|p1|Chien-Pao, L50|\n|poke|p2|Iron Bundle, L50|\n|poke|p2|Pelipper, L50, M|\n|poke|p2|Hawlucha, L50, F|\n|poke|p2|Magneton, L50|\n|poke|p2|Grafaiai, L50, M|\n|poke|p2|Haxorus, L50, F|\n|teampreview|4\n|inactive|Battle timer is ON: inactive players will automatically lose when time's up. (requested by SlyAbby)\n|inactiveoff|Battle timer is now OFF.\n|c|\u2606TheMismatcher|game 2\n|c|\u2606TheMismatcher|hello\n|c|\u2606SlyAbby|hey\n|\n|t:|1682140586\n|start\n|switch|p1a: Electrode|Electrode, L50, shiny|100\/100\n|switch|p1b: Chien-Pao|Chien-Pao, L50|100\/100\n|switch|p2a: Haxorus|Haxorus, L50, F|100\/100\n|switch|p2b: Pelipper|Pelipper, L50, M|100\/100\n|-ability|p2a: Haxorus|Unnerve\n|-ability|p1b: Chien-Pao|Sword of Ruin\n|-weather|RainDance|[from] ability: Drizzle|[of] p2b: Pelipper\n|turn|1\n|\n|t:|1682140657\n|-terastallize|p2a: Haxorus|Fire\n|move|p1a: Electrode|Thunderbolt|p2b: Pelipper\n|-supereffective|p2b: Pelipper\n|-enditem|p2b: Pelipper|Focus Sash\n|-damage|p2b: Pelipper|1\/100\n|move|p1b: Chien-Pao|Ice Spinner|p2a: Haxorus\n|-resisted|p2a: Haxorus\n|-damage|p2a: Haxorus|65\/100\n|move|p2a: Haxorus|Breaking Swipe|p1b: Chien-Pao|[spread] p1a,p1b\n|-damage|p1a: Electrode|45\/100\n|-damage|p1b: Chien-Pao|64\/100\n|-unboost|p1a: Electrode|atk|1\n|-unboost|p1b: Chien-Pao|atk|1\n|move|p2b: Pelipper|Tailwind|p2b: Pelipper\n|-sidestart|p2: SlyAbby|move: Tailwind\n|\n|-weather|RainDance|[upkeep]\n|upkeep\n|turn|2\n|\n|t:|1682140684\n|move|p1b: Chien-Pao|Sucker Punch|p2a: Haxorus\n|-damage|p2a: Haxorus|25\/100\n|move|p1a: Electrode|Thunderbolt|p2b: Pelipper\n|-supereffective|p2b: Pelipper\n|-damage|p2b: Pelipper|0 fnt\n|faint|p2b: Pelipper\n|move|p2a: Haxorus|Earthquake|p1a: Electrode|[spread] p1a,p1b\n|-supereffective|p1a: Electrode\n|-damage|p1a: Electrode|0 fnt\n|-damage|p1b: Chien-Pao|24\/100\n|faint|p1a: Electrode\n|\n|-weather|RainDance|[upkeep]\n|upkeep\n|\n|t:|1682140703\n|switch|p1a: Talonflame|Talonflame, L50, F|100\/100\n|switch|p2b: Iron Bundle|Iron Bundle, L50|100\/100\n|-enditem|p2b: Iron Bundle|Booster Energy\n|-activate|p2b: Iron Bundle|ability: Quark Drive|[fromitem]\n|-start|p2b: Iron Bundle|quarkdrivespe\n|turn|3\n|\n|t:|1682140760\n|move|p2a: Haxorus|Protect|p2a: Haxorus\n|-singleturn|p2a: Haxorus|Protect\n|move|p1a: Talonflame|Hurricane|p2b: Iron Bundle\n|-damage|p2b: Iron Bundle|14\/100\n|move|p1b: Chien-Pao|Sucker Punch|p2b: Iron Bundle\n|-damage|p2b: Iron Bundle|0 fnt\n|faint|p2b: Iron Bundle\n|-end|p2b: Iron Bundle|Quark Drive|[silent]\n|\n|-weather|RainDance|[upkeep]\n|upkeep\n|\n|t:|1682140768\n|switch|p2b: Magneton|Magneton, L50|100\/100\n|turn|4\n|\n|t:|1682140789\n|move|p1b: Chien-Pao|Sucker Punch|p2a: Haxorus\n|-damage|p2a: Haxorus|0 fnt\n|faint|p2a: Haxorus\n|move|p1a: Talonflame|Overheat|p2b: Magneton\n|-supereffective|p2b: Magneton\n|-damage|p2b: Magneton|55\/100\n|-unboost|p1a: Talonflame|spa|2\n|move|p2b: Magneton|Thunder|p1a: Talonflame\n|-supereffective|p1a: Talonflame\n|-damage|p1a: Talonflame|0 fnt\n|faint|p1a: Talonflame\n|\n|-weather|RainDance|[upkeep]\n|-sideend|p2: SlyAbby|move: Tailwind\n|upkeep\n|\n|t:|1682140800\n|switch|p1a: Sylveon|Sylveon, L50, M|100\/100\n|turn|5\n|\n|t:|1682140814\n|-terastallize|p1a: Sylveon|Ground\n|move|p1b: Chien-Pao|Brick Break|p2b: Magneton\n|-supereffective|p2b: Magneton\n|-damage|p2b: Magneton|16\/100\n|move|p1a: Sylveon|Tera Blast|p2b: Magneton\n|-supereffective|p2b: Magneton\n|-damage|p2b: Magneton|0 fnt\n|faint|p2b: Magneton\n|\n|win|TheMismatcher\n|c|\u2606SlyAbby|gg\n|c|\u2606TheMismatcher|ggs\n","uploadtime":1682140842,"views":9,"p1id":"themismatcher","p2id":"slyabby","formatid":"gen9vgc2023regulationc","rating":0,"private":0,"password":""}