{"id":"gen9vgc2023regulationc-1847306751","p1":"Shnazooda","p2":"Fastjon4444","format":"[Gen 9] VGC 2023 Regulation C","log":"|j|\u2606Shnazooda\n|j|\u2606Fastjon4444\n|t:|1681936769\n|gametype|doubles\n|player|p1|Shnazooda|byron|1042\n|player|p2|Fastjon4444|hilbert|1123\n|teamsize|p1|6\n|teamsize|p2|6\n|gen|9\n|tier|[Gen 9] VGC 2023 Regulation C\n|rated|\n|rule|Species Clause: Limit one of each Pok\u00e9mon\n|rule|Item Clause: Limit one of each item\n|clearpoke\n|poke|p1|Ting-Lu, L50|\n|poke|p1|Gyarados, L50, F|\n|poke|p1|Arcanine, L50, M|\n|poke|p1|Amoonguss, L50, F|\n|poke|p1|Flutter Mane, L50|\n|poke|p1|Tinkaton, L50, F|\n|poke|p2|Chien-Pao, L50|\n|poke|p2|Dragapult, L50, F|\n|poke|p2|Arcanine, L50, M|\n|poke|p2|Flutter Mane, L50|\n|poke|p2|Palafin, L50, F|\n|poke|p2|Amoonguss, L50, M|\n|teampreview|4\nFastjon4444 has agreed to open team sheets.\n|inactive|Battle timer is ON: inactive players will automatically lose when time's up. (requested by Fastjon4444)\n|\n|t:|1681936816\n|start\n|switch|p1a: Ting-Lu|Ting-Lu, L50|100\/100\n|switch|p1b: Amoonguss|Amoonguss, L50, F|100\/100\n|switch|p2a: Palafin|Palafin, L50, F|100\/100\n|switch|p2b: Dragapult|Dragapult, L50, F|100\/100\n|-ability|p1a: Ting-Lu|Vessel of Ruin\n|turn|1\n|inactive|Shnazooda has 30 seconds left.\n|inactive|Shnazooda has 20 seconds left.\n|inactive|Shnazooda has 15 seconds left.\n|inactive|Fastjon4444 has 30 seconds left.\n|\n|t:|1681936864\n|detailschange|p2a: Palafin|Palafin-Hero, L50, F\n|switch|p2a: Chien-Pao|Chien-Pao, L50|100\/100\n|-ability|p2a: Chien-Pao|Sword of Ruin\n|-terastallize|p1a: Ting-Lu|Flying\n|move|p2b: Dragapult|Dragon Darts|p1a: Ting-Lu\n|-damage|p1a: Ting-Lu|75\/100\n|-anim|p2b: Dragapult|Dragon Darts|p1b: Amoonguss\n|-damage|p1b: Amoonguss|55\/100\n|-damage|p2b: Dragapult|91\/100|[from] item: Life Orb\n|move|p1a: Ting-Lu|Fissure|p2a: Chien-Pao|[miss]\n|-miss|p1a: Ting-Lu|p2a: Chien-Pao\n|move|p1b: Amoonguss|Spore|p2a: Chien-Pao\n|-status|p2a: Chien-Pao|slp|[from] move: Spore\n|\n|upkeep\n|turn|2\n|inactive|Shnazooda has 30 seconds left.\n|inactive|Fastjon4444 has 30 seconds left.\n|inactive|Fastjon4444 has 20 seconds left.\n|inactive|Fastjon4444 has 15 seconds left.\n|\n|t:|1681936904\n|move|p2b: Dragapult|Dragon Darts|p1a: Ting-Lu\n|-damage|p1a: Ting-Lu|53\/100\n|-anim|p2b: Dragapult|Dragon Darts|p1b: Amoonguss\n|-damage|p1b: Amoonguss|9\/100\n|-enditem|p1b: Amoonguss|Sitrus Berry|[eat]\n|-heal|p1b: Amoonguss|34\/100|[from] item: Sitrus Berry\n|-damage|p2b: Dragapult|81\/100|[from] item: Life Orb\n|cant|p2a: Chien-Pao|slp\n|move|p1a: Ting-Lu|Heavy Slam|p2b: Dragapult\n|-damage|p2b: Dragapult|27\/100\n|move|p1b: Amoonguss|Spore|p2b: Dragapult\n|-status|p2b: Dragapult|slp|[from] move: Spore\n|\n|upkeep\n|turn|3\n|inactive|Shnazooda has 30 seconds left.\n|inactive|Fastjon4444 has 30 seconds left.\n|inactive|Shnazooda has 20 seconds left.\n|inactive|Shnazooda has 15 seconds left.\n|inactive|Shnazooda has 10 seconds left.\n|\n|t:|1681936950\n|switch|p1b: Tinkaton|Tinkaton, L50, F|100\/100\n|cant|p2b: Dragapult|slp\n|cant|p2a: Chien-Pao|slp\n|move|p1a: Ting-Lu|Heavy Slam|p2b: Dragapult\n|-damage|p2b: Dragapult|0 fnt\n|faint|p2b: Dragapult\n|\n|upkeep\n|\n|t:|1681936967\n|switch|p2b: Amoonguss|Amoonguss, L50, M|100\/100\n|turn|4\n|\n|t:|1681936983\n|-curestatus|p2a: Chien-Pao|slp|[msg]\n|move|p2a: Chien-Pao|Protect|p2a: Chien-Pao\n|-singleturn|p2a: Chien-Pao|Protect\n|move|p2b: Amoonguss|Protect|p2b: Amoonguss\n|-singleturn|p2b: Amoonguss|Protect\n|move|p1b: Tinkaton|Swords Dance|p1b: Tinkaton\n|-boost|p1b: Tinkaton|atk|2\n|move|p1a: Ting-Lu|Heavy Slam|p2b: Amoonguss\n|-activate|p2b: Amoonguss|move: Protect\n|\n|upkeep\n|turn|5\n|inactive|Shnazooda has 30 seconds left.\n|\n|t:|1681937013\n|move|p2a: Chien-Pao|Ice Spinner|p1a: Ting-Lu\n|-supereffective|p1a: Ting-Lu\n|-damage|p1a: Ting-Lu|0 fnt\n|faint|p1a: Ting-Lu\n|move|p1b: Tinkaton|Gigaton Hammer|p2a: Chien-Pao\n|-supereffective|p2a: Chien-Pao\n|-enditem|p2a: Chien-Pao|Focus Sash\n|-damage|p2a: Chien-Pao|1\/100\n|move|p2b: Amoonguss|Spore|p1b: Tinkaton\n|-status|p1b: Tinkaton|slp|[from] move: Spore\n|\n|upkeep\n|\n|t:|1681937026\n|switch|p1a: Gyarados|Gyarados, L50, F|100\/100\n|-ability|p1a: Gyarados|Intimidate|boost\n|-unboost|p2a: Chien-Pao|atk|1\n|-unboost|p2b: Amoonguss|atk|1\n|turn|6\n|inactive|Shnazooda has 30 seconds left.\n|inactive|Fastjon4444 has 30 seconds left.\n|\n|t:|1681937053\n|switch|p2a: Palafin|Palafin-Hero, L50, F|100\/100\n|-activate|p2a: Palafin|ability: Zero to Hero\n|move|p1a: Gyarados|Dragon Dance|p1a: Gyarados\n|-boost|p1a: Gyarados|atk|1\n|-boost|p1a: Gyarados|spe|1\n|cant|p1b: Tinkaton|slp\n|move|p2b: Amoonguss|Spore|p1a: Gyarados\n|-status|p1a: Gyarados|slp|[from] move: Spore\n|-enditem|p1a: Gyarados|Lum Berry|[eat]\n|-curestatus|p1a: Gyarados|slp|[msg]\n|\n|upkeep\n|turn|7\n|\n|t:|1681937074\n|move|p1a: Gyarados|Protect|p1a: Gyarados\n|-singleturn|p1a: Gyarados|Protect\n|move|p2b: Amoonguss|Rage Powder|p2b: Amoonguss\n|-singleturn|p2b: Amoonguss|move: Rage Powder\n|cant|p1b: Tinkaton|slp\n|move|p2a: Palafin|Haze|p2a: Palafin\n|-clearallboost\n|\n|upkeep\n|turn|8\n|\n|t:|1681937098\n|-terastallize|p2a: Palafin|Water\n|-curestatus|p1b: Tinkaton|slp|[msg]\n|move|p1b: Tinkaton|Play Rough|p2a: Palafin\n|-damage|p2a: Palafin|77\/100\n|move|p1a: Gyarados|Dragon Dance|p1a: Gyarados\n|-boost|p1a: Gyarados|atk|1\n|-boost|p1a: Gyarados|spe|1\n|move|p2a: Palafin|Wave Crash|p1b: Tinkaton\n|-damage|p1b: Tinkaton|0 fnt\n|faint|p1b: Tinkaton\n|-damage|p2a: Palafin|46\/100|[from] Recoil\n|move|p2b: Amoonguss|Spore|p1a: Gyarados\n|-status|p1a: Gyarados|slp|[from] move: Spore\n|\n|upkeep\n|\n|t:|1681937113\n|switch|p1b: Amoonguss|Amoonguss, L50, F|67\/100\n|turn|9\n|inactive|Shnazooda has 30 seconds left.\n|\n|t:|1681937139\n|cant|p1a: Gyarados|slp\n|move|p2a: Palafin|Haze|p2a: Palafin\n|-clearallboost\n|move|p1b: Amoonguss|Spore|p2a: Palafin\n|-activate|p2a: Palafin|item: Safety Goggles|Spore\n|move|p2b: Amoonguss|Pollen Puff|p2a: Palafin\n|-heal|p2a: Palafin|96\/100\n|\n|upkeep\n|turn|10\n|inactive|Shnazooda has 30 seconds left.\n|\n|t:|1681937170\n|move|p1b: Amoonguss|Protect|p1b: Amoonguss\n|-singleturn|p1b: Amoonguss|Protect\n|move|p2b: Amoonguss|Rage Powder|p2b: Amoonguss\n|-singleturn|p2b: Amoonguss|move: Rage Powder\n|-curestatus|p1a: Gyarados|slp|[msg]\n|move|p1a: Gyarados|Dragon Dance|p1a: Gyarados\n|-boost|p1a: Gyarados|atk|1\n|-boost|p1a: Gyarados|spe|1\n|move|p2a: Palafin|Wave Crash|p1a: Gyarados\n|-resisted|p1a: Gyarados\n|-damage|p1a: Gyarados|32\/100\n|-damage|p2a: Palafin|77\/100|[from] Recoil\n|\n|upkeep\n|turn|11\n|inactive|Shnazooda has 30 seconds left.\n|inactive|Fastjon4444 has 30 seconds left.\n|\n|t:|1681937206\n|move|p2b: Amoonguss|Rage Powder|p2b: Amoonguss\n|-singleturn|p2b: Amoonguss|move: Rage Powder\n|move|p2a: Palafin|Jet Punch|p1a: Gyarados\n|-resisted|p1a: Gyarados\n|-damage|p1a: Gyarados|0 fnt\n|faint|p1a: Gyarados\n|move|p1b: Amoonguss|Pollen Puff|p1: Gyarados|[notarget]\n|-fail|p1b: Amoonguss\n|\n|upkeep\n|turn|12\n|\n|t:|1681937219\n|move|p2a: Palafin|Wave Crash|p1b: Amoonguss\n|-resisted|p1b: Amoonguss\n|-damage|p1b: Amoonguss|14\/100\n|-damage|p2a: Palafin|58\/100|[from] Recoil\n|move|p2b: Amoonguss|Pollen Puff|p1b: Amoonguss\n|-damage|p1b: Amoonguss|1\/100\n|move|p1b: Amoonguss|Pollen Puff|p2a: Palafin\n|-damage|p2a: Palafin|40\/100\n|\n|upkeep\n|turn|13\n|\n|t:|1681937235\n|move|p1b: Amoonguss|Protect|p1b: Amoonguss\n|-singleturn|p1b: Amoonguss|Protect\n|move|p2a: Palafin|Jet Punch|p1b: Amoonguss\n|-activate|p1b: Amoonguss|move: Protect\n|move|p2b: Amoonguss|Pollen Puff|p2a: Palafin\n|-heal|p2a: Palafin|90\/100\n|\n|upkeep\n|turn|14\n|\n|t:|1681937249\n|move|p2b: Amoonguss|Protect|p2b: Amoonguss\n|-singleturn|p2b: Amoonguss|Protect\n|move|p2a: Palafin|Wave Crash|p1b: Amoonguss\n|-resisted|p1b: Amoonguss\n|-damage|p1b: Amoonguss|0 fnt\n|faint|p1b: Amoonguss\n|-damage|p2a: Palafin|90\/100|[from] Recoil\n|\n|win|Fastjon4444\n|raw|Shnazooda's rating: 1042 → 1029<\/strong> (-13 for losing)\n|raw|Fastjon4444's rating: 1123 → 1142<\/strong> (+19 for winning)\n|l|\u2606Shnazooda\n","uploadtime":1681937265,"views":8,"p1id":"shnazooda","p2id":"fastjon4444","formatid":"gen9vgc2023regulationc","rating":1029,"private":0,"password":""}