{"id":"gen9vgc2023regulationc-1855598347","p1":"XJ09","p2":"Ryffboit","format":"[Gen 9] VGC 2023 Regulation C","log":"|j|\u2606XJ09\n|j|\u203dRyffboit\n|t:|1682965301\n|gametype|doubles\n|player|p1|XJ09|cynthia|1253\n|player|p2|Ryffboit|marshal|1144\n|teamsize|p1|6\n|teamsize|p2|6\n|gen|9\n|tier|[Gen 9] VGC 2023 Regulation C\n|rated|\n|rule|Species Clause: Limit one of each Pok\u00e9mon\n|rule|Item Clause: Limit one of each item\n|clearpoke\n|poke|p1|Roaring Moon, L50|\n|poke|p1|Garganacl, L50, F|\n|poke|p1|Ting-Lu, L50|\n|poke|p1|Gyarados, L50, M|\n|poke|p1|Annihilape, L50, F|\n|poke|p1|Grimmsnarl, L50, M|\n|poke|p2|Wo-Chien, L50|\n|poke|p2|Talonflame, L50, F|\n|poke|p2|Brambleghast, L50, M|\n|poke|p2|Hydreigon, L50, F|\n|poke|p2|Great Tusk, L50|\n|poke|p2|Palafin, L50, M|\n|teampreview|4\n|\n|t:|1682965322\n|start\n|switch|p1a: Grimmsnarl|Grimmsnarl, L50, M|100\/100\n|switch|p1b: Roaring Moon|Roaring Moon, L50|100\/100\n|switch|p2a: Talonflame|Talonflame, L50, F|100\/100\n|switch|p2b: Wo-Chien|Wo-Chien, L50|100\/100\n|-ability|p2b: Wo-Chien|Tablets of Ruin\n|-enditem|p1b: Roaring Moon|Booster Energy\n|-activate|p1b: Roaring Moon|ability: Protosynthesis|[fromitem]\n|-start|p1b: Roaring Moon|protosynthesisspe\n|turn|1\n|l|\u203dRyffboit\n|player|p2|\n|\n|t:|1682965353\n|move|p2a: Talonflame|Tailwind|p2a: Talonflame\n|-sidestart|p2: Ryffboit|move: Tailwind\n|move|p1a: Grimmsnarl|Parting Shot|p2a: Talonflame\n|-unboost|p2a: Talonflame|atk|1\n|-unboost|p2a: Talonflame|spa|1\n|\n|t:|1682965359\n|switch|p1a: Gyarados|Gyarados, L50, M|100\/100|[from] Parting Shot\n|-ability|p1a: Gyarados|Intimidate|boost\n|-unboost|p2a: Talonflame|atk|1\n|-unboost|p2b: Wo-Chien|atk|1\n|move|p2b: Wo-Chien|Pollen Puff|p1b: Roaring Moon\n|-supereffective|p1b: Roaring Moon\n|-damage|p1b: Roaring Moon|37\/100\n|move|p1b: Roaring Moon|Tailwind|p1b: Roaring Moon\n|-sidestart|p1: XJ09|move: Tailwind\n|\n|upkeep\n|turn|2\n|j|\u203dRyffboit\n|player|p2|Ryffboit|marshal\n|n|\u203dRyffboit|ryffboit\n|\n|t:|1682965426\n|switch|p2a: Great Tusk|Great Tusk, L50|100\/100\n|-terastallize|p1b: Roaring Moon|Fairy\n|move|p1b: Roaring Moon|Snarl|p2b: Wo-Chien|[spread] p2a,p2b\n|-resisted|p2a: Great Tusk\n|-resisted|p2b: Wo-Chien\n|-crit|p2b: Wo-Chien\n|-damage|p2a: Great Tusk|94\/100\n|-damage|p2b: Wo-Chien|95\/100\n|-unboost|p2a: Great Tusk|spa|1\n|-unboost|p2b: Wo-Chien|spa|1\n|move|p1a: Gyarados|Waterfall|p2a: Great Tusk\n|-supereffective|p2a: Great Tusk\n|-damage|p2a: Great Tusk|40\/100\n|move|p2b: Wo-Chien|Pollen Puff|p1b: Roaring Moon\n|-resisted|p1b: Roaring Moon\n|-damage|p1b: Roaring Moon|25\/100\n|\n|upkeep\n|turn|3\n|\n|t:|1682965450\n|-end|p2a: Great Tusk|Protosynthesis|[silent]\n|switch|p2a: Brambleghast|Brambleghast, L50, M|100\/100\n|-ability|p2a: Brambleghast|Wind Rider|boost\n|-boost|p2a: Brambleghast|atk|1\n|switch|p2b: Talonflame|Talonflame, L50, F|100\/100\n|move|p1b: Roaring Moon|Breaking Swipe|p2b: Talonflame|[spread] p2a,p2b\n|-damage|p2a: Brambleghast|65\/100\n|-damage|p2b: Talonflame|78\/100\n|-unboost|p2a: Brambleghast|atk|1\n|-unboost|p2b: Talonflame|atk|1\n|move|p1a: Gyarados|Waterfall|p2a: Brambleghast\n|-resisted|p2a: Brambleghast\n|-damage|p2a: Brambleghast|24\/100\n|\n|upkeep\n|turn|4\n|\n|t:|1682965477\n|move|p2a: Brambleghast|Shadow Sneak|p1b: Roaring Moon\n|-damage|p1b: Roaring Moon|4\/100\n|-damage|p2a: Brambleghast|14\/100|[from] item: Life Orb\n|move|p1b: Roaring Moon|Breaking Swipe|p2a: Brambleghast|[spread] p2a,p2b\n|-damage|p2a: Brambleghast|0 fnt\n|-damage|p2b: Talonflame|55\/100\n|-unboost|p2b: Talonflame|atk|1\n|faint|p2a: Brambleghast\n|move|p1a: Gyarados|Waterfall|p2b: Talonflame\n|-supereffective|p2b: Talonflame\n|-damage|p2b: Talonflame|0 fnt\n|faint|p2b: Talonflame\n|\n|-sideend|p2: Ryffboit|move: Tailwind\n|-sideend|p1: XJ09|move: Tailwind\n|upkeep\n|\n|t:|1682965484\n|switch|p2b: Great Tusk|Great Tusk, L50|40\/100\n|switch|p2a: Wo-Chien|Wo-Chien, L50|95\/100\n|-ability|p2a: Wo-Chien|Tablets of Ruin\n|turn|5\n|\n|t:|1682965507\n|-terastallize|p2a: Wo-Chien|Water\n|move|p1b: Roaring Moon|Snarl|p2a: Wo-Chien|[spread] p2a\n|-miss|p1b: Roaring Moon|p2b: Great Tusk\n|-damage|p2a: Wo-Chien|87\/100\n|-unboost|p2a: Wo-Chien|spa|1\n|move|p1a: Gyarados|Waterfall|p2b: Great Tusk\n|-supereffective|p2b: Great Tusk\n|-damage|p2b: Great Tusk|0 fnt\n|faint|p2b: Great Tusk\n|-end|p2b: Great Tusk|Protosynthesis|[silent]\n|move|p2a: Wo-Chien|Tera Blast|p1b: Roaring Moon\n|-damage|p1b: Roaring Moon|0 fnt\n|faint|p1b: Roaring Moon\n|-end|p1b: Roaring Moon|Protosynthesis|[silent]\n|\n|upkeep\n|-message|Ryffboit forfeited.\n|\n|win|XJ09\n|raw|XJ09's rating: 1253 → 1270<\/strong> (+17 for winning)\n|raw|Ryffboit's rating: 1144 → 1127<\/strong> (-17 for losing)\n|l|\u203dRyffboit\n","uploadtime":1682965528,"views":24,"p1id":"xj09","p2id":"ryffboit","formatid":"gen9vgc2023regulationc","rating":1127,"private":0,"password":""}