{"id":"gen9vgc2023regulationc-1863609713","p1":"Bananacrazy111","p2":"Not mishmesh","format":"[Gen 9] VGC 2023 Regulation C","log":"|j|\u2606Bananacrazy111\n|j|\u2606Not mishmesh\n|t:|1684042702\n|gametype|doubles\n|player|p1|Bananacrazy111|baker|\n|player|p2|Not mishmesh|169|\n|teamsize|p1|6\n|teamsize|p2|6\n|gen|9\n|tier|[Gen 9] VGC 2023 Regulation C\n|rule|Tera Type Preview: Tera Types are shown at Team Preview\n|rule|Species Clause: Limit one of each Pok\u00e9mon\n|rule|Item Clause: Limit one of each item\n|clearpoke\n|poke|p1|Iron Hands, L50|\n|poke|p1|Talonflame, L50, M|\n|poke|p1|Garchomp, L50, F|\n|poke|p1|Farigiraf, L50, F|\n|poke|p1|Gholdengo, L50|\n|poke|p1|Sylveon, L50, M|\n|poke|p2|Chi-Yu, L50|\n|poke|p2|Glimmora, L50, F|\n|poke|p2|Gholdengo, L50|\n|poke|p2|Roaring Moon, L50|\n|poke|p2|Vaporeon, L50, M|\n|poke|p2|Breloom, L50, M|\n|teampreview|4\n|raw|Bananacrazy111's Tera Types: \/ \/ \/ \/ \/ \n|raw|Not mishmesh's Tera Types: \/ \/ \/ \/ \/ \n|c|\u2606Bananacrazy111|g2\nBananacrazy111 rejected open team sheets.\n|c|\u2606Not mishmesh|lets start\n|inactive|Battle timer is ON: inactive players will automatically lose when time's up. (requested by Not mishmesh)\n|\n|t:|1684043067\n|start\n|switch|p1a: GOLDEN HANDS|Iron Hands, L50|100\/100\n|switch|p1b: Teddy|Farigiraf, L50, F|100\/100\n|switch|p2a: Breloom|Breloom, L50, M|100\/100\n|switch|p2b: Glimmora|Glimmora, L50, F|100\/100\n|turn|1\n|inactive|Bananacrazy111 has 30 seconds left.\n|\n|t:|1684043101\n|move|p2a: Breloom|Protect|p2a: Breloom\n|-singleturn|p2a: Breloom|Protect\n|move|p1a: GOLDEN HANDS|Fake Out|p2b: Glimmora\n|-resisted|p2b: Glimmora\n|-damage|p2b: Glimmora|90\/100\n|-activate|p2b: Glimmora|ability: Toxic Debris\n|-sidestart|p1: Bananacrazy111|move: Toxic Spikes\n|cant|p2b: Glimmora|flinch\n|move|p1b: Teddy|Trick Room|p1b: Teddy\n|-fieldstart|move: Trick Room|[of] p1b: Teddy\n|\n|upkeep\n|turn|2\n|inactive|Bananacrazy111 has 30 seconds left.\n|\n|t:|1684043135\n|switch|p2a: Gholdengo|Gholdengo, L50|100\/100\n|move|p2b: Glimmora|Protect|p2b: Glimmora\n|-singleturn|p2b: Glimmora|Protect\n|move|p1b: Teddy|Twin Beam|p2a: Gholdengo\n|-resisted|p2a: Gholdengo\n|-damage|p2a: Gholdengo|88\/100\n|-resisted|p2a: Gholdengo\n|-damage|p2a: Gholdengo|75\/100\n|-hitcount|p2a: Gholdengo|2\n|move|p1a: GOLDEN HANDS|Drain Punch|p2a: Gholdengo\n|-immune|p2a: Gholdengo\n|\n|upkeep\n|turn|3\n|inactive|Bananacrazy111 has 30 seconds left.\n|inactive|Not mishmesh has 30 seconds left.\n|inactive|Bananacrazy111 has 20 seconds left.\n|inactive|Bananacrazy111 has 15 seconds left.\n|inactive|Bananacrazy111 has 10 seconds left.\n|\n|t:|1684043181\n|-terastallize|p2b: Glimmora|Fairy\n|move|p1b: Teddy|Twin Beam|p2a: Gholdengo\n|-resisted|p2a: Gholdengo\n|-damage|p2a: Gholdengo|62\/100\n|-resisted|p2a: Gholdengo\n|-damage|p2a: Gholdengo|50\/100\n|-hitcount|p2a: Gholdengo|2\n|move|p1a: GOLDEN HANDS|Thunder Punch|p2a: Gholdengo\n|-damage|p2a: Gholdengo|0 fnt\n|faint|p2a: Gholdengo\n|move|p2b: Glimmora|Dazzling Gleam|p1a: GOLDEN HANDS|[spread] p1a,p1b\n|-supereffective|p1a: GOLDEN HANDS\n|-damage|p1a: GOLDEN HANDS|45\/100\n|-damage|p1b: Teddy|69\/100\n|-enditem|p1a: GOLDEN HANDS|Sitrus Berry|[eat]\n|-heal|p1a: GOLDEN HANDS|70\/100|[from] item: Sitrus Berry\n|\n|upkeep\n|\n|t:|1684043195\n|switch|p2a: Breloom|Breloom, L50, M|100\/100\n|turn|4\n|\n|t:|1684043208\n|move|p2a: Breloom|Protect|p2a: Breloom\n|-singleturn|p2a: Breloom|Protect\n|move|p1b: Teddy|Hyper Voice|p2b: Glimmora|[spread] p2b\n|-activate|p2a: Breloom|move: Protect\n|-damage|p2b: Glimmora|42\/100\n|move|p1a: GOLDEN HANDS|Drain Punch|p2a: Breloom\n|-activate|p2a: Breloom|move: Protect\n|move|p2b: Glimmora|Dazzling Gleam|p1b: Teddy|[spread] p1a,p1b\n|-supereffective|p1a: GOLDEN HANDS\n|-damage|p1a: GOLDEN HANDS|14\/100\n|-damage|p1b: Teddy|39\/100\n|\n|upkeep\n|turn|5\n|inactive|Bananacrazy111 has 30 seconds left.\n|inactive|Bananacrazy111 has 20 seconds left.\n|inactive|Bananacrazy111 has 15 seconds left.\n|\n|t:|1684043253\n|move|p2b: Glimmora|Protect|p2b: Glimmora\n|-singleturn|p2b: Glimmora|Protect\n|move|p1b: Teddy|Hyper Voice|p2b: Glimmora|[spread] p2a\n|-activate|p2b: Glimmora|move: Protect\n|-damage|p2a: Breloom|40\/100\n|move|p1a: GOLDEN HANDS|Drain Punch|p2a: Breloom\n|-damage|p2a: Breloom|0 fnt\n|-heal|p1a: GOLDEN HANDS|27\/100|[from] drain|[of] p2a: Breloom\n|faint|p2a: Breloom\n|\n|-fieldend|move: Trick Room\n|upkeep\n|\n|t:|1684043260\n|switch|p2a: Chi-Yu|Chi-Yu, L50|100\/100\n|-ability|p2a: Chi-Yu|Beads of Ruin\n|turn|6\n|inactive|Bananacrazy111 has 30 seconds left.\n|inactive|Bananacrazy111 has 20 seconds left.\n|\n|t:|1684043296\n|move|p1b: Teddy|Protect|p1b: Teddy\n|-singleturn|p1b: Teddy|Protect\n|move|p2a: Chi-Yu|Dark Pulse|p1b: Teddy\n|-activate|p1b: Teddy|move: Protect\n|move|p2b: Glimmora|Dazzling Gleam|p1b: Teddy|[spread] p1a\n|-activate|p1b: Teddy|move: Protect\n|-supereffective|p1a: GOLDEN HANDS\n|-damage|p1a: GOLDEN HANDS|0 fnt\n|faint|p1a: GOLDEN HANDS\n|-end|p1a: GOLDEN HANDS|Quark Drive|[silent]\n|\n|upkeep\n|\n|t:|1684043305\n|switch|p1a: Rise|Sylveon, L50, M|100\/100\n|-status|p1a: Rise|psn\n|turn|7\n|\n|t:|1684043324\n|-terastallize|p1a: Rise|Fire\n|move|p2a: Chi-Yu|Dark Pulse|p1b: Teddy\n|-supereffective|p1b: Teddy\n|-damage|p1b: Teddy|0 fnt\n|faint|p1b: Teddy\n|-damage|p2a: Chi-Yu|91\/100|[from] item: Life Orb\n|move|p2b: Glimmora|Sludge Bomb|p1a: Rise\n|-damage|p1a: Rise|52\/100 psn\n|move|p1a: Rise|Hyper Voice|p2b: Glimmora|[spread] p2a,p2b\n|-damage|p2a: Chi-Yu|21\/100\n|-damage|p2b: Glimmora|0 fnt\n|faint|p2b: Glimmora\n|\n|-damage|p1a: Rise|40\/100 psn|[from] psn\n|upkeep\n|\n|t:|1684043334\n|switch|p1b: Tanaka|Gholdengo, L50|100\/100\n|turn|8\n|\n|t:|1684043344\n|move|p2a: Chi-Yu|Heat Wave|p1b: Tanaka|[spread] p1a,p1b\n|-resisted|p1a: Rise\n|-supereffective|p1b: Tanaka\n|-damage|p1a: Rise|15\/100 psn\n|-damage|p1b: Tanaka|0 fnt\n|faint|p1b: Tanaka\n|-damage|p2a: Chi-Yu|11\/100|[from] item: Life Orb\n|move|p1a: Rise|Hyper Voice|p2a: Chi-Yu\n|-damage|p2a: Chi-Yu|0 fnt\n|faint|p2a: Chi-Yu\n|\n|win|Bananacrazy111\n|c|\u2606Not mishmesh|gg\n","uploadtime":1684043879,"views":16,"p1id":"bananacrazy111","p2id":"notmishmesh","formatid":"gen9vgc2023regulationc","rating":0,"private":0,"password":""}