{"id":"gen9vgc2023regulationc-1855312498","p1":"goatmilkin3d","p2":"WoJiaoReaction","format":"[Gen 9] VGC 2023 Regulation C","log":"|j|\u2606goatmilkin3d\n|j|\u2606WoJiaoReaction\n|t:|1682935070\n|gametype|doubles\n|player|p1|goatmilkin3d|swimmer|1322\n|player|p2|WoJiaoReaction|ruinmaniac|1411\n|teamsize|p1|6\n|teamsize|p2|6\n|gen|9\n|tier|[Gen 9] VGC 2023 Regulation C\n|rated|\n|rule|Species Clause: Limit one of each Pok\u00e9mon\n|rule|Item Clause: Limit one of each item\n|clearpoke\n|poke|p1|Grafaiai, L50, M|\n|poke|p1|Dragonite, L50, M|\n|poke|p1|Chien-Pao, L50|\n|poke|p1|Ceruledge, L50, M|\n|poke|p1|Iron Bundle, L50|\n|poke|p1|Ting-Lu, L50|\n|poke|p2|Glimmora, L50, M|\n|poke|p2|Skeledirge, L50, M|\n|poke|p2|Wo-Chien, L50|\n|poke|p2|Flutter Mane, L50|\n|poke|p2|Iron Hands, L50|\n|poke|p2|Gyarados, L50, F|\n|teampreview|4\n|inactive|Battle timer is ON: inactive players will automatically lose when time's up. (requested by goatmilkin3d)\n|inactive|goatmilkin3d has 60 seconds left.\n|inactive|WoJiaoReaction has 60 seconds left.\n|inactive|WoJiaoReaction has 30 seconds left.\n|inactive|WoJiaoReaction has 20 seconds left.\n|\n|t:|1682935141\n|start\n|switch|p1a: Grafaiai|Grafaiai, L50, M|100\/100\n|switch|p1b: Iron Bundle|Iron Bundle, L50|100\/100\n|switch|p2a: Glimmora|Glimmora, L50, M|100\/100\n|switch|p2b: Iron Hands|Iron Hands, L50|100\/100\n|-enditem|p1b: Iron Bundle|Booster Energy\n|-activate|p1b: Iron Bundle|ability: Quark Drive|[fromitem]\n|-start|p1b: Iron Bundle|quarkdrivespe\n|turn|1\n|\n|t:|1682935165\n|move|p1b: Iron Bundle|Protect|p1b: Iron Bundle\n|-singleturn|p1b: Iron Bundle|Protect\n|move|p1a: Grafaiai|Gunk Shot|p2b: Iron Hands\n|-crit|p2b: Iron Hands\n|-damage|p2b: Iron Hands|45\/100\n|move|p2a: Glimmora|Power Gem|p1b: Iron Bundle\n|-activate|p1b: Iron Bundle|move: Protect\n|move|p2b: Iron Hands|Drain Punch|p1b: Iron Bundle\n|-activate|p1b: Iron Bundle|move: Protect\n|\n|upkeep\n|turn|2\n|inactive|goatmilkin3d has 30 seconds left.\n|inactive|WoJiaoReaction has 30 seconds left.\n|\n|t:|1682935197\n|-terastallize|p1b: Iron Bundle|Water\n|move|p1b: Iron Bundle|Hydro Pump|p2a: Glimmora\n|-supereffective|p2a: Glimmora\n|-enditem|p2a: Glimmora|Focus Sash\n|-damage|p2a: Glimmora|1\/100\n|move|p1a: Grafaiai|Gunk Shot|p2b: Iron Hands\n|-damage|p2b: Iron Hands|5\/100\n|-status|p2b: Iron Hands|psn\n|move|p2a: Glimmora|Power Gem|p1b: Iron Bundle\n|-damage|p1b: Iron Bundle|13\/100\n|move|p2b: Iron Hands|Close Combat|p1a: Grafaiai\n|-enditem|p1a: Grafaiai|Focus Sash\n|-damage|p1a: Grafaiai|1\/100\n|-unboost|p2b: Iron Hands|def|1\n|-unboost|p2b: Iron Hands|spd|1\n|\n|-damage|p2b: Iron Hands|0 fnt|[from] psn\n|faint|p2b: Iron Hands\n|-end|p2b: Iron Hands|Quark Drive|[silent]\n|upkeep\n|inactive|WoJiaoReaction has 30 seconds left.\n|\n|t:|1682935222\n|switch|p2b: Flutter Mane|Flutter Mane, L50|100\/100\n|turn|3\n|inactive|goatmilkin3d has 30 seconds left.\n|\n|t:|1682935248\n|switch|p1a: Ting-Lu|Ting-Lu, L50|100\/100\n|-ability|p1a: Ting-Lu|Vessel of Ruin\n|move|p2a: Glimmora|Spiky Shield|p2a: Glimmora\n|-singleturn|p2a: Glimmora|move: Protect\n|move|p1b: Iron Bundle|Freeze-Dry|p2a: Glimmora\n|-activate|p2a: Glimmora|move: Protect\n|move|p2b: Flutter Mane|Dazzling Gleam|p1b: Iron Bundle|[spread] p1a,p1b\n|-supereffective|p1a: Ting-Lu\n|-damage|p1a: Ting-Lu|62\/100\n|-damage|p1b: Iron Bundle|0 fnt\n|faint|p1b: Iron Bundle\n|-end|p1b: Iron Bundle|Quark Drive|[silent]\n|\n|upkeep\n|\n|t:|1682935259\n|switch|p1b: Grafaiai|Grafaiai, L50, M|1\/100\n|turn|4\n|\n|t:|1682935274\n|switch|p2a: Wo-Chien|Wo-Chien, L50|100\/100\n|-ability|p2a: Wo-Chien|Tablets of Ruin\n|move|p1b: Grafaiai|Copycat|p1b: Grafaiai\n|move|p1b: Grafaiai|Dazzling Gleam|p2b: Flutter Mane|[from]move: Copycat|[spread] p2b\n|-hint|Since gen 7, Dark is immune to Prankster moves.\n|-immune|p2a: Wo-Chien\n|-damage|p2b: Flutter Mane|92\/100\n|move|p2b: Flutter Mane|Dazzling Gleam|p1b: Grafaiai|[spread] p1a,p1b\n|-supereffective|p1a: Ting-Lu\n|-resisted|p1b: Grafaiai\n|-damage|p1a: Ting-Lu|23\/100\n|-damage|p1b: Grafaiai|0 fnt\n|faint|p1b: Grafaiai\n|move|p1a: Ting-Lu|Heavy Slam|p2b: Flutter Mane\n|-supereffective|p2b: Flutter Mane\n|-damage|p2b: Flutter Mane|0 fnt\n|faint|p2b: Flutter Mane\n|-end|p2b: Flutter Mane|Protosynthesis|[silent]\n|\n|upkeep\n|\n|t:|1682935294\n|switch|p2b: Glimmora|Glimmora, L50, M|1\/100\n|switch|p1b: Dragonite|Dragonite, L50, M, shiny|100\/100\n|turn|5\n|inactive|goatmilkin3d has 30 seconds left.\n|inactive|goatmilkin3d has 20 seconds left.\n|\n|t:|1682935332\n|move|p2b: Glimmora|Spiky Shield|p2b: Glimmora\n|-singleturn|p2b: Glimmora|move: Protect\n|move|p2a: Wo-Chien|Protect|p2a: Wo-Chien\n|-singleturn|p2a: Wo-Chien|Protect\n|move|p1b: Dragonite|Outrage|p2a: Wo-Chien\n|-activate|p2a: Wo-Chien|move: Protect\n|move|p1a: Ting-Lu|Fissure|p2a: Wo-Chien\n|-activate|p2a: Wo-Chien|move: Protect\n|\n|upkeep\n|turn|6\n|\n|t:|1682935348\n|move|p2b: Glimmora|Mortal Spin|p1a: Ting-Lu|[spread] p1a,p1b\n|-resisted|p1a: Ting-Lu\n|-damage|p1a: Ting-Lu|22\/100\n|-damage|p1b: Dragonite|97\/100\n|-status|p1a: Ting-Lu|psn\n|-status|p1b: Dragonite|psn\n|move|p1b: Dragonite|Outrage|p2b: Glimmora\n|-damage|p2b: Glimmora|0 fnt\n|-activate|p2b: Glimmora|ability: Toxic Debris\n|-sidestart|p1: goatmilkin3d|move: Toxic Spikes\n|faint|p2b: Glimmora\n|move|p2a: Wo-Chien|Leech Seed|p1a: Ting-Lu\n|-start|p1a: Ting-Lu|move: Leech Seed\n|move|p1a: Ting-Lu|Stomping Tantrum|p2a: Wo-Chien\n|-resisted|p2a: Wo-Chien\n|-damage|p2a: Wo-Chien|90\/100\n|\n|-heal|p2a: Wo-Chien|96\/100|[from] item: Leftovers\n|-damage|p1a: Ting-Lu|10\/100 psn|[from] Leech Seed|[of] p2a: Wo-Chien\n|-heal|p2a: Wo-Chien|100\/100|[silent]\n|-damage|p1b: Dragonite|85\/100 psn|[from] psn\n|-damage|p1a: Ting-Lu|0 fnt|[from] psn\n|faint|p1a: Ting-Lu\n|upkeep\n|turn|7\n|\n|t:|1682935370\n|move|p2a: Wo-Chien|Protect|p2a: Wo-Chien\n|-singleturn|p2a: Wo-Chien|Protect\n|move|p1b: Dragonite|Outrage|p2a: Wo-Chien|[from]lockedmove\n|-activate|p2a: Wo-Chien|move: Protect\n|-start|p1b: Dragonite|confusion|[fatigue]\n|\n|-damage|p1b: Dragonite|72\/100 psn|[from] psn\n|upkeep\n|turn|8\n|\n|t:|1682935381\n|-activate|p1b: Dragonite|confusion\n|move|p1b: Dragonite|Outrage|p2a: Wo-Chien\n|-damage|p2a: Wo-Chien|33\/100\n|move|p2a: Wo-Chien|Foul Play|p1b: Dragonite\n|-damage|p1b: Dragonite|16\/100 psn\n|\n|-heal|p2a: Wo-Chien|39\/100|[from] item: Leftovers\n|-damage|p1b: Dragonite|3\/100 psn|[from] psn\n|upkeep\n|turn|9\n|c|\u2606goatmilkin3d|gg\n|\n|t:|1682935391\n|move|p2a: Wo-Chien|Protect|p2a: Wo-Chien\n|-singleturn|p2a: Wo-Chien|Protect\n|-end|p1b: Dragonite|confusion\n|move|p1b: Dragonite|Outrage|p2a: Wo-Chien|[from]lockedmove\n|-activate|p2a: Wo-Chien|move: Protect\n|\n|-heal|p2a: Wo-Chien|45\/100|[from] item: Leftovers\n|-damage|p1b: Dragonite|0 fnt|[from] psn\n|faint|p1b: Dragonite\n|\n|win|WoJiaoReaction\n|upkeep\n|raw|goatmilkin3d's rating: 1322 → 1307<\/strong> (-15 for losing)\n|raw|WoJiaoReaction's rating: 1411 → 1426<\/strong> (+15 for winning)\n","uploadtime":1682935404,"views":18,"p1id":"goatmilkin3d","p2id":"wojiaoreaction","formatid":"gen9vgc2023regulationc","rating":1307,"private":0,"password":""}