{"id":"gen9vgc2023regulationc-1862293637","p1":"Millie Jean","p2":"potinki","format":"[Gen 9] VGC 2023 Regulation C","log":"|j|\u2606Millie Jean\n|j|\u2606potinki\n|t:|1683860925\n|gametype|doubles\n|player|p1|Millie Jean|whitney|1230\n|player|p2|potinki|acerola|1329\n|teamsize|p1|6\n|teamsize|p2|6\n|gen|9\n|tier|[Gen 9] VGC 2023 Regulation C\n|rated|\n|rule|Species Clause: Limit one of each Pok\u00e9mon\n|rule|Item Clause: Limit one of each item\n|clearpoke\n|poke|p1|Wo-Chien, L50|\n|poke|p1|Glimmora, L50, F|\n|poke|p1|Dondozo, L50, F|\n|poke|p1|Tatsugiri, L50, M|\n|poke|p1|Arcanine, L50, F|\n|poke|p1|Flutter Mane, L50|\n|poke|p2|Scizor, L50, F|\n|poke|p2|Chi-Yu, L50|\n|poke|p2|Dragonite, L50, M|\n|poke|p2|Chien-Pao, L50|\n|poke|p2|Flutter Mane, L50|\n|poke|p2|Amoonguss, L50, F|\n|teampreview|4\n|inactive|Battle timer is ON: inactive players will automatically lose when time's up. (requested by Millie Jean)\nMillie Jean has agreed to open team sheets.\n|inactive|potinki has 60 seconds left.\n|\n|t:|1683860966\n|start\n|switch|p1a: Wo-Chien|Wo-Chien, L50|100\/100\n|switch|p1b: Glimmora|Glimmora, L50, F|100\/100\n|switch|p2a: Amoonguss|Amoonguss, L50, F|100\/100\n|switch|p2b: Flutter Mane|Flutter Mane, L50|100\/100\n|-ability|p1a: Wo-Chien|Tablets of Ruin\n|turn|1\n|inactive|potinki has 30 seconds left.\n|inactive|potinki has 20 seconds left.\n|inactive|potinki has 15 seconds left.\n|inactive|potinki has 10 seconds left.\n|inactive|potinki has 5 seconds left.\n|\n|t:|1683861017\n|-terastallize|p2a: Amoonguss|Water\n|move|p1a: Wo-Chien|Protect|p1a: Wo-Chien\n|-singleturn|p1a: Wo-Chien|Protect\n|move|p2b: Flutter Mane|Dazzling Gleam|p1b: Glimmora|[spread] p1b\n|-activate|p1a: Wo-Chien|move: Protect\n|-resisted|p1b: Glimmora\n|-damage|p1b: Glimmora|79\/100\n|move|p1b: Glimmora|Mortal Spin|p2b: Flutter Mane|[spread] p2a,p2b\n|-damage|p2a: Amoonguss|98\/100\n|-damage|p2b: Flutter Mane|96\/100\n|-status|p2a: Amoonguss|psn\n|-status|p2b: Flutter Mane|psn\n|-damage|p1b: Glimmora|63\/100|[from] item: Rocky Helmet|[of] p2a: Amoonguss\n|move|p2a: Amoonguss|Pollen Puff|p1a: Wo-Chien\n|-activate|p1a: Wo-Chien|move: Protect\n|\n|-damage|p2b: Flutter Mane|84\/100 psn|[from] psn\n|-damage|p2a: Amoonguss|85\/100 psn|[from] psn\n|upkeep\n|turn|2\n|\n|t:|1683861040\n|-end|p2b: Flutter Mane|Protosynthesis|[silent]\n|switch|p2b: Scizor|Scizor, L50, F|100\/100\n|switch|p1a: Dondozo|Dondozo, L50, F|100\/100\n|move|p1b: Glimmora|Energy Ball|p2a: Amoonguss\n|-supereffective|p2a: Amoonguss\n|-damage|p2a: Amoonguss|42\/100 psn\n|move|p2a: Amoonguss|Spore|p1b: Glimmora\n|-status|p1b: Glimmora|slp|[from] move: Spore\n|\n|-damage|p2a: Amoonguss|29\/100 psn|[from] psn\n|upkeep\n|turn|3\n|inactive|potinki has 30 seconds left.\n|inactive|potinki has 20 seconds left.\n|inactive|potinki has 15 seconds left.\n|inactive|potinki has 10 seconds left.\n|\n|t:|1683861087\n|switch|p1b: Tatsugiri|Tatsugiri, L50, M|100\/100\n|-activate|p1b: Tatsugiri|ability: Commander|[of] p1a: Dondozo\n|-boost|p1a: Dondozo|atk|2\n|-boost|p1a: Dondozo|spa|2\n|-boost|p1a: Dondozo|spe|2\n|-boost|p1a: Dondozo|def|2\n|-boost|p1a: Dondozo|spd|2\n|move|p1a: Dondozo|Earthquake|p2b: Scizor|[spread] p2a,p2b\n|-miss|p1a: Dondozo|p1b: Tatsugiri\n|-damage|p2a: Amoonguss|0 fnt\n|-damage|p2b: Scizor|59\/100\n|faint|p2a: Amoonguss\n|move|p2b: Scizor|U-turn|p1a: Dondozo\n|-damage|p1a: Dondozo|86\/100\n|\n|t:|1683861099\n|switch|p2b: Chi-Yu|Chi-Yu, L50|100\/100|[from] U-turn\n|-ability|p2b: Chi-Yu|Beads of Ruin\n|\n|-heal|p1a: Dondozo|92\/100|[from] item: Leftovers\n|upkeep\n|\n|t:|1683861105\n|switch|p2a: Flutter Mane|Flutter Mane, L50|84\/100 psn\n|turn|4\n|\n|t:|1683861110\n|move|p1a: Dondozo|Protect|p1a: Dondozo\n|-singleturn|p1a: Dondozo|Protect\n|move|p2b: Chi-Yu|Dark Pulse|p1a: Dondozo\n|-activate|p1a: Dondozo|move: Protect\n|move|p2a: Flutter Mane|Moonblast|p1a: Dondozo\n|-activate|p1a: Dondozo|move: Protect\n|\n|-heal|p1a: Dondozo|98\/100|[from] item: Leftovers\n|-damage|p2a: Flutter Mane|72\/100 psn|[from] psn\n|upkeep\n|turn|5\n|\n|t:|1683861121\n|-terastallize|p1a: Dondozo|Fire\n|move|p2b: Chi-Yu|Dark Pulse|p1a: Dondozo\n|-damage|p1a: Dondozo|75\/100\n|move|p1a: Dondozo|Earthquake|p2a: Flutter Mane|[spread] p2a,p2b\n|-miss|p1a: Dondozo|p1b: Tatsugiri\n|-supereffective|p2b: Chi-Yu\n|-damage|p2a: Flutter Mane|20\/100 psn\n|-damage|p2b: Chi-Yu|0 fnt\n|faint|p2b: Chi-Yu\n|move|p2a: Flutter Mane|Moonblast|p1a: Dondozo\n|-resisted|p1a: Dondozo\n|-damage|p1a: Dondozo|59\/100\n|-unboost|p1a: Dondozo|spa|1\n|\n|-heal|p1a: Dondozo|65\/100|[from] item: Leftovers\n|-damage|p2a: Flutter Mane|8\/100 psn|[from] psn\n|upkeep\n|-message|potinki forfeited.\n|\n|win|Millie Jean\n|raw|Millie Jean's rating: 1230 → 1262<\/strong> (+32 for winning)\n|raw|potinki's rating: 1329 → 1303<\/strong> (-26 for losing)\n|l|\u2606potinki\n|c|\u2606Millie Jean|gg\n","uploadtime":1683861141,"views":14,"p1id":"milliejean","p2id":"potinki","formatid":"gen9vgc2023regulationc","rating":1262,"private":0,"password":""}