{"id":"gen9vgc2023regulationc-1850904521","p1":"ItsAMeDiego","p2":"Renslayer321","format":"[Gen 9] VGC 2023 Regulation C","log":"|j|\u2606ItsAMeDiego\n|j|\u2606Renslayer321\n|t:|1682380517\n|gametype|doubles\n|player|p1|ItsAMeDiego|brycenman|1070\n|player|p2|Renslayer321|dragontamer|1000\n|teamsize|p1|6\n|teamsize|p2|6\n|gen|9\n|tier|[Gen 9] VGC 2023 Regulation C\n|rated|\n|rule|Species Clause: Limit one of each Pok\u00e9mon\n|rule|Item Clause: Limit one of each item\n|clearpoke\n|poke|p1|Ting-Lu, L50|\n|poke|p1|Meowscarada, L50, M|\n|poke|p1|Kingambit, L50, M|\n|poke|p1|Tauros-Paldea-Blaze, L50, M|\n|poke|p1|Torkoal, L50, M|\n|poke|p1|Flutter Mane, L50|\n|poke|p2|Misdreavus, L50, M|\n|poke|p2|Gothitelle, L50, F|\n|poke|p2|Armarouge, L50, F|\n|poke|p2|Skeledirge, L50, M|\n|poke|p2|Arboliva, L50, M|\n|poke|p2|Kingambit, L50, M|\n|teampreview|4\n|inactive|Battle timer is ON: inactive players will automatically lose when time's up. (requested by ItsAMeDiego)\n|\n|t:|1682380532\n|start\n|switch|p1a: Tauros|Tauros-Paldea-Blaze, L50, M|100\/100\n|switch|p1b: Meowscarada|Meowscarada, L50, M|100\/100\n|switch|p2a: Armarouge|Armarouge, L50, F, shiny|100\/100\n|switch|p2b: Gothitelle|Gothitelle, L50, F, shiny|100\/100\n|-item|p2a: Armarouge|Air Balloon\n|turn|1\n|inactive|Renslayer321 has 30 seconds left.\n|\n|t:|1682380558\n|move|p2a: Armarouge|Protect|p2a: Armarouge\n|-singleturn|p2a: Armarouge|Protect\n|move|p2b: Gothitelle|Fake Out|p1b: Meowscarada\n|-damage|p1b: Meowscarada|91\/100\n|cant|p1b: Meowscarada|flinch\n|move|p1a: Tauros|Stone Edge|p2a: Armarouge\n|-activate|p2a: Armarouge|move: Protect\n|\n|upkeep\n|turn|2\n|inactive|Renslayer321 has 30 seconds left.\n|\n|t:|1682380583\n|move|p1b: Meowscarada|Flower Trick|p1a: Tauros\n|-resisted|p1a: Tauros\n|-crit|p1a: Tauros\n|-damage|p1a: Tauros|75\/100\n|-setboost|p1a: Tauros|atk|6|[from] ability: Anger Point\n|move|p1a: Tauros|Stone Edge|p2a: Armarouge\n|-supereffective|p2a: Armarouge\n|-damage|p2a: Armarouge|0 fnt\n|-enditem|p2a: Armarouge|Air Balloon\n|faint|p2a: Armarouge\n|move|p2b: Gothitelle|Foul Play|p1a: Tauros\n|-resisted|p1a: Tauros\n|-damage|p1a: Tauros|4\/100\n|\n|-heal|p1a: Tauros|10\/100|[from] item: Leftovers\n|upkeep\n|\n|t:|1682380600\n|switch|p2a: Skeledirge|Skeledirge, L50, M, shiny|100\/100\n|turn|3\n|\n|t:|1682380619\n|move|p2a: Skeledirge|Protect|p2a: Skeledirge\n|-singleturn|p2a: Skeledirge|Protect\n|move|p1b: Meowscarada|Sucker Punch||[still]\n|-fail|p1b: Meowscarada\n|move|p1a: Tauros|Raging Bull|p2b: Gothitelle\n|-damage|p2b: Gothitelle|0 fnt\n|faint|p2b: Gothitelle\n|\n|-heal|p1a: Tauros|16\/100|[from] item: Leftovers\n|upkeep\n|\n|t:|1682380631\n|switch|p2b: Misdreavus|Misdreavus, L50, M, shiny|100\/100\n|turn|4\n|inactive|Renslayer321 has 30 seconds left.\n|inactive|Renslayer321 has 20 seconds left.\n|inactive|Renslayer321 has 15 seconds left.\n|\n|t:|1682380672\n|move|p1b: Meowscarada|Knock Off|p2a: Skeledirge\n|-supereffective|p2a: Skeledirge\n|-damage|p2a: Skeledirge|20\/100\n|-enditem|p2a: Skeledirge|Safety Goggles|[from] move: Knock Off|[of] p1b: Meowscarada\n|move|p1a: Tauros|Raging Bull|p2b: Misdreavus\n|-damage|p2b: Misdreavus|0 fnt\n|faint|p2b: Misdreavus\n|move|p2a: Skeledirge|Torch Song|p1b: Meowscarada\n|-supereffective|p1b: Meowscarada\n|-damage|p1b: Meowscarada|0 fnt\n|-boost|p2a: Skeledirge|spa|1\n|faint|p1b: Meowscarada\n|\n|-heal|p1a: Tauros|22\/100|[from] item: Leftovers\n|upkeep\n|\n|t:|1682380684\n|switch|p1b: Kingambit|Kingambit, L50, M|100\/100\n|turn|5\n|\n|t:|1682380691\n|move|p1b: Kingambit|Sucker Punch|p2a: Skeledirge\n|-supereffective|p2a: Skeledirge\n|-damage|p2a: Skeledirge|0 fnt\n|faint|p2a: Skeledirge\n|\n|win|ItsAMeDiego\n|raw|ItsAMeDiego's rating: 1070 → 1094<\/strong> (+24 for winning)\n|raw|Renslayer321's rating: 1000 → 1000<\/strong> (+0 for losing)\n","uploadtime":1682380696,"views":10,"p1id":"itsamediego","p2id":"renslayer321","formatid":"gen9vgc2023regulationc","rating":1000,"private":0,"password":""}