{"id":"gen9vgc2023regulationc-1845590271","p1":"Draki11111192","p2":"carlosmeza021","format":"[Gen 9] VGC 2023 Regulation C","log":"|j|\u2606Draki11111192\n|j|\u2606carlosmeza021\n|t:|1681747574\n|gametype|doubles\n|player|p1|Draki11111192|169|1351\n|player|p2|carlosmeza021|veteran|1374\n|teamsize|p1|6\n|teamsize|p2|6\n|gen|9\n|tier|[Gen 9] VGC 2023 Regulation C\n|rated|\n|rule|Species Clause: Limit one of each Pok\u00e9mon\n|rule|Item Clause: Limit one of each item\n|clearpoke\n|poke|p1|Chien-Pao, L50|\n|poke|p1|Arcanine, L50, M|\n|poke|p1|Dragonite, L50, F|\n|poke|p1|Amoonguss, L50, M|\n|poke|p1|Palafin, L50, F|\n|poke|p1|Flutter Mane, L50|\n|poke|p2|Dondozo, L50, F|\n|poke|p2|Tatsugiri, L50, M|\n|poke|p2|Flamigo, L50, F|\n|poke|p2|Murkrow, L50, F|\n|poke|p2|Annihilape, L50, M|\n|poke|p2|Maushold-Four, L50|\n|teampreview|4\n|inactive|Battle timer is ON: inactive players will automatically lose when time's up. (requested by Draki11111192)\nDraki11111192 has agreed to open team sheets.\n|\n|t:|1681747604\n|start\n|switch|p1a: Graity|Flutter Mane, L50|100\/100\n|switch|p1b: AlanMendosa|Dragonite, L50, F|100\/100\n|switch|p2a: Annihilape|Annihilape, L50, M, shiny|100\/100\n|switch|p2b: Maushold|Maushold-Four, L50|100\/100\n|-enditem|p1a: Graity|Booster Energy\n|-activate|p1a: Graity|ability: Protosynthesis|[fromitem]\n|-start|p1a: Graity|protosynthesisspa\n|turn|1\n|\n|t:|1681747620\n|-terastallize|p2a: Annihilape|Fire\n|move|p1a: Graity|Substitute|p1a: Graity\n|-start|p1a: Graity|Substitute\n|-damage|p1a: Graity|76\/100\n|move|p2b: Maushold|Beat Up|p2a: Annihilape\n|-damage|p2a: Annihilape|99\/100\n|-damage|p2a: Annihilape|97\/100\n|-damage|p2a: Annihilape|95\/100\n|-damage|p2a: Annihilape|94\/100\n|-hitcount|p2a: Annihilape|4\n|move|p2a: Annihilape|Bulk Up|p2a: Annihilape\n|-boost|p2a: Annihilape|atk|1\n|-boost|p2a: Annihilape|def|1\n|move|p1b: AlanMendosa|Dragon Claw|p2a: Annihilape\n|-damage|p2a: Annihilape|63\/100\n|\n|upkeep\n|turn|2\n|\n|t:|1681747643\n|move|p1a: Graity|Moonblast|p2b: Maushold\n|-damage|p2b: Maushold|18\/100\n|move|p2b: Maushold|Beat Up|p1a: Graity\n|-activate|p1a: Graity|move: Substitute|[damage]\n|-activate|p1a: Graity|move: Substitute|[damage]\n|-activate|p1a: Graity|move: Substitute|[damage]\n|-activate|p1a: Graity|move: Substitute|[damage]\n|-hitcount|p1a: Graity|4\n|move|p2a: Annihilape|Rage Fist|p1b: AlanMendosa\n|-damage|p1b: AlanMendosa|0 fnt\n|faint|p1b: AlanMendosa\n|\n|upkeep\n|\n|t:|1681747658\n|switch|p1b: :FULL SABLE:|Chien-Pao, L50|100\/100\n|-ability|p1b: :FULL SABLE:|Sword of Ruin\n|turn|3\n|inactive|carlosmeza021 has 30 seconds left.\n|\n|t:|1681747687\n|move|p1b: :FULL SABLE:|Protect|p1b: :FULL SABLE:\n|-singleturn|p1b: :FULL SABLE:|Protect\n|move|p2b: Maushold|Follow Me|p2b: Maushold\n|-singleturn|p2b: Maushold|move: Follow Me\n|move|p1a: Graity|Moonblast|p2b: Maushold\n|-damage|p2b: Maushold|0 fnt\n|faint|p2b: Maushold\n|move|p2a: Annihilape|Drain Punch|p1b: :FULL SABLE:\n|-activate|p1b: :FULL SABLE:|move: Protect\n|\n|upkeep\n|\n|t:|1681747691\n|switch|p2b: Murkrow|Murkrow, L50, F|100\/100\n|turn|4\n|\n|t:|1681747704\n|move|p2b: Murkrow|Tailwind|p2b: Murkrow\n|-sidestart|p2: carlosmeza021|move: Tailwind\n|move|p2a: Annihilape|Drain Punch|p1b: :FULL SABLE:\n|-supereffective|p1b: :FULL SABLE:\n|-enditem|p1b: :FULL SABLE:|Focus Sash\n|-damage|p1b: :FULL SABLE:|1\/100\n|-heal|p2a: Annihilape|99\/100|[from] drain|[of] p1b: :FULL SABLE:\n|move|p1b: :FULL SABLE:|Sacred Sword|p2a: Annihilape\n|-damage|p2a: Annihilape|65\/100\n|move|p1a: Graity|Shadow Ball|p2a: Annihilape\n|-damage|p2a: Annihilape|20\/100\n|-enditem|p2a: Annihilape|Sitrus Berry|[eat]\n|-heal|p2a: Annihilape|45\/100|[from] item: Sitrus Berry\n|\n|upkeep\n|turn|5\n|\n|t:|1681747721\n|move|p1b: :FULL SABLE:|Protect|p1b: :FULL SABLE:\n|-singleturn|p1b: :FULL SABLE:|Protect\n|move|p2a: Annihilape|Rage Fist|p1a: Graity\n|-supereffective|p1a: Graity\n|-end|p1a: Graity|Substitute\n|move|p2b: Murkrow|Foul Play|p1b: :FULL SABLE:\n|-activate|p1b: :FULL SABLE:|move: Protect\n|move|p1a: Graity|Shadow Ball|p2a: Annihilape\n|-damage|p2a: Annihilape|3\/100\n|\n|upkeep\n|turn|6\n|\n|t:|1681747734\n|move|p2a: Annihilape|Protect|p2a: Annihilape\n|-singleturn|p2a: Annihilape|Protect\n|move|p1b: :FULL SABLE:|Sucker Punch||[still]\n|-fail|p1b: :FULL SABLE:\n|move|p2b: Murkrow|Foul Play|p1b: :FULL SABLE:\n|-resisted|p1b: :FULL SABLE:\n|-damage|p1b: :FULL SABLE:|0 fnt\n|faint|p1b: :FULL SABLE:\n|move|p1a: Graity|Substitute|p1a: Graity\n|-start|p1a: Graity|Substitute\n|-damage|p1a: Graity|51\/100\n|\n|upkeep\n|\n|t:|1681747745\n|switch|p1b: Slap-Chop|Palafin, L50, F|100\/100\n|turn|7\n|inactive|carlosmeza021 has 30 seconds left.\n|\n|t:|1681747771\n|switch|p2b: Flamigo|Flamigo, L50, F|100\/100\n|-copyboost|p2b: Flamigo|p2a: Annihilape|[from] ability: Costar\n|-terastallize|p1b: Slap-Chop|Water\n|move|p1b: Slap-Chop|Jet Punch|p2a: Annihilape\n|-supereffective|p2a: Annihilape\n|-damage|p2a: Annihilape|0 fnt\n|faint|p2a: Annihilape\n|move|p1a: Graity|Moonblast|p2b: Flamigo\n|-supereffective|p2b: Flamigo\n|-damage|p2b: Flamigo|0 fnt\n|faint|p2b: Flamigo\n|\n|-sideend|p2: carlosmeza021|move: Tailwind\n|upkeep\n|-message|carlosmeza021 forfeited.\n|\n|win|Draki11111192\n|raw|Draki11111192's rating: 1351 → 1372<\/strong> (+21 for winning)\n|raw|carlosmeza021's rating: 1374 → 1353<\/strong> (-21 for losing)\n|l|\u2606carlosmeza021\n","uploadtime":1681747795,"views":13,"p1id":"draki11111192","p2id":"carlosmeza021","formatid":"gen9vgc2023regulationc","rating":1353,"private":0,"password":""}