{"id":"gen9vgc2023regulationc-1861804857","p1":"D4nkw33b","p2":"gEBEMBA","format":"[Gen 9] VGC 2023 Regulation C","log":"|j|\u2606D4nkw33b\n|j|\u2606gEBEMBA\n|t:|1683810454\n|gametype|doubles\n|player|p1|D4nkw33b|265|\n|player|p2|gEBEMBA|102|\n|teamsize|p1|6\n|teamsize|p2|6\n|gen|9\n|tier|[Gen 9] VGC 2023 Regulation C\n|rule|Species Clause: Limit one of each Pok\u00e9mon\n|rule|Item Clause: Limit one of each item\n|clearpoke\n|poke|p1|Indeedee-F, L50, F|\n|poke|p1|Chi-Yu, L50|\n|poke|p1|Honchkrow, L50, M|\n|poke|p1|Tyranitar, L50, M|\n|poke|p1|Garchomp, L50, M|\n|poke|p1|Lycanroc, L50, M|\n|poke|p2|Scovillain, L50, F|\n|poke|p2|Tauros-Paldea-Combat, L50, M|\n|poke|p2|Roaring Moon, L50|\n|poke|p2|Gyarados, L50, M|\n|poke|p2|Electrode, L50|\n|poke|p2|Maushold, L50|\n|teampreview|4\ngEBEMBA has agreed to open team sheets.\n|j| Tonsoffamage\nD4nkw33b has agreed to open team sheets.\n|j| filthy_sanchez\n|c| filthy_sanchez|Hi\n|c|\u2606gEBEMBA|hi\n|\n|t:|1683810603\n|start\n|switch|p1a: Indeedee|Indeedee-F, L50, F|100\/100\n|switch|p1b: Chi-Yu|Chi-Yu, L50|100\/100\n|switch|p2a: Jasonnnn|Roaring Moon, L50|100\/100\n|switch|p2b: Jasonnnnnn|Scovillain, L50, F|100\/100\n|-ability|p1b: Chi-Yu|Beads of Ruin\n|-fieldstart|move: Psychic Terrain|[from] ability: Psychic Surge|[of] p1a: Indeedee\n|turn|1\n|j| Polifingered\n|l| filthy_sanchez\n|c| Polifingered|4v1\n|\n|t:|1683810647\n|-terastallize|p1a: Indeedee|Fairy\n|move|p2a: Jasonnnn|Rock Slide|p1a: Indeedee|[spread] p1a,p1b\n|-supereffective|p1b: Chi-Yu\n|-damage|p1a: Indeedee|77\/100\n|-damage|p1b: Chi-Yu|20\/100\n|move|p1b: Chi-Yu|Heat Wave|p2b: Jasonnnnnn|[spread] p2a,p2b\n|-resisted|p2a: Jasonnnn\n|-damage|p2a: Jasonnnn|64\/100\n|-damage|p2b: Jasonnnnnn|0 fnt\n|faint|p2b: Jasonnnnnn\n|cant|p1a: Indeedee|flinch\n|\n|upkeep\n|\n|t:|1683810660\n|switch|p2b: Jasonnnnn|Tauros-Paldea-Combat, L50, M|100\/100\n|-ability|p2b: Jasonnnnn|Intimidate|boost\n|-unboost|p1a: Indeedee|atk|1\n|-unboost|p1b: Chi-Yu|atk|1\n|turn|2\n|c| Polifingered|I love these names\n|\n|t:|1683810677\n|switch|p1b: Tyranitar|Tyranitar, L50, M|100\/100\n|-weather|Sandstorm|[from] ability: Sand Stream|[of] p1b: Tyranitar\n|-terastallize|p2a: Jasonnnn|Fire\n|move|p2a: Jasonnnn|Rock Slide|p1a: Indeedee|[spread] p1a,p1b\n|-damage|p1a: Indeedee|51\/100\n|-damage|p1b: Tyranitar|80\/100\n|move|p2b: Jasonnnnn|Sunny Day|p2b: Jasonnnnn\n|-weather|SunnyDay\n|-activate|p2a: Jasonnnn|ability: Protosynthesis\n|-start|p2a: Jasonnnn|protosynthesisatk\n|move|p1a: Indeedee|Dazzling Gleam|p2a: Jasonnnn|[spread] p2a,p2b\n|-resisted|p2a: Jasonnnn\n|-supereffective|p2b: Jasonnnnn\n|-damage|p2a: Jasonnnn|50\/100\n|-damage|p2b: Jasonnnnn|16\/100\n|-damage|p1a: Indeedee|42\/100|[from] item: Life Orb\n|\n|-weather|SunnyDay|[upkeep]\n|upkeep\n|turn|3\n|j| filthy_sanchez\n|\n|t:|1683810715\n|move|p2a: Jasonnnn|Protect|p2a: Jasonnnn\n|-singleturn|p2a: Jasonnnn|Protect\n|move|p1a: Indeedee|Follow Me|p1a: Indeedee\n|-singleturn|p1a: Indeedee|move: Follow Me\n|move|p2b: Jasonnnnn|Drill Run|p1a: Indeedee\n|-damage|p1a: Indeedee|6\/100\n|-damage|p2b: Jasonnnnn|6\/100|[from] item: Life Orb\n|move|p1b: Tyranitar|Dragon Dance|p1b: Tyranitar\n|-boost|p1b: Tyranitar|atk|1\n|-boost|p1b: Tyranitar|spe|1\n|\n|-weather|SunnyDay|[upkeep]\n|upkeep\n|turn|4\n|\n|t:|1683810734\n|move|p1a: Indeedee|Follow Me|p1a: Indeedee\n|-singleturn|p1a: Indeedee|move: Follow Me\n|move|p2a: Jasonnnn|Rock Slide|p1b: Tyranitar|[spread] p1a,p1b\n|-damage|p1a: Indeedee|0 fnt\n|-damage|p1b: Tyranitar|51\/100\n|faint|p1a: Indeedee\n|move|p1b: Tyranitar|Rock Slide|p2b: Jasonnnnn|[spread] p2b\n|-miss|p1b: Tyranitar|p2a: Jasonnnn\n|-resisted|p2b: Jasonnnnn\n|-damage|p2b: Jasonnnnn|0 fnt\n|faint|p2b: Jasonnnnn\n|\n|-weather|SunnyDay|[upkeep]\n|upkeep\n|\n|t:|1683810747\n|switch|p2b: Jasonnn|Gyarados, L50, M|100\/100\n|switch|p1a: Chi-Yu|Chi-Yu, L50|20\/100\n|-ability|p1a: Chi-Yu|Beads of Ruin\n|-ability|p2b: Jasonnn|Intimidate|boost\n|-unboost|p1a: Chi-Yu|atk|1\n|-unboost|p1b: Tyranitar|atk|1\n|turn|5\n|\n|t:|1683810772\n|move|p2a: Jasonnnn|Rock Slide|p1a: Chi-Yu|[spread] p1a,p1b\n|-supereffective|p1a: Chi-Yu\n|-damage|p1a: Chi-Yu|0 fnt\n|-damage|p1b: Tyranitar|25\/100\n|faint|p1a: Chi-Yu\n|move|p1b: Tyranitar|Rock Slide|p2a: Jasonnnn|[spread] p2a,p2b\n|-supereffective|p2a: Jasonnnn\n|-supereffective|p2b: Jasonnn\n|-damage|p2a: Jasonnnn|0 fnt\n|-damage|p2b: Jasonnn|23\/100\n|faint|p2a: Jasonnnn\n|-end|p2a: Jasonnnn|Protosynthesis|[silent]\n|cant|p2b: Jasonnn|flinch\n|\n|-weather|SunnyDay|[upkeep]\n|-fieldend|move: Psychic Terrain\n|upkeep\n|c| Polifingered|No raging bull on Tauros?\n|\n|t:|1683810784\n|switch|p1a: Garchomp|Garchomp, L50, M|100\/100\n|turn|6\n|c|\u2606gEBEMBA|i forgot\n|\n|t:|1683810791\n|move|p1b: Tyranitar|Rock Slide|p2b: Jasonnn\n|-supereffective|p2b: Jasonnn\n|-damage|p2b: Jasonnn|0 fnt\n|faint|p2b: Jasonnn\n|\n|win|D4nkw33b\n|l|\u2606gEBEMBA\n","uploadtime":1683810797,"views":22,"p1id":"d4nkw33b","p2id":"gebemba","formatid":"gen9vgc2023regulationc","rating":0,"private":0,"password":""}