{"id":"gen9vgc2023regulationc-1855855253","p1":"SpadesHS","p2":"Nightfront","format":"[Gen 9] VGC 2023 Regulation C","log":"|j|\u2606SpadesHS\n|j|\u2606Nightfront\n|t:|1682992259\n|gametype|doubles\n|player|p1|SpadesHS|n|\n|player|p2|Nightfront|flannery|\n|teamsize|p1|6\n|teamsize|p2|6\n|gen|9\n|tier|[Gen 9] VGC 2023 Regulation C\n|rule|Species Clause: Limit one of each Pok\u00e9mon\n|rule|Item Clause: Limit one of each item\n|clearpoke\n|poke|p1|Amoonguss, L50, M|\n|poke|p1|Palafin, L50, F|\n|poke|p1|Arcanine, L50, M|\n|poke|p1|Ting-Lu, L50|\n|poke|p1|Kingambit, L50, F|\n|poke|p1|Flutter Mane, L50|\n|poke|p2|Salamence, L50, F|\n|poke|p2|Skeledirge, L50, M|\n|poke|p2|Iron Treads, L50|\n|poke|p2|Slowking, L50, F|\n|poke|p2|Hariyama, L50, F|\n|poke|p2|Rotom-Mow, L50|\n|teampreview|4\n|c|\u2606Nightfront|I forgot to set a tera type, oops\n|c|\u2606SpadesHS|We can reset\n|c|\u2606Nightfront|nah, it's fine\n|c|\u2606Nightfront|probably won't come up\n|c|\u2606SpadesHS|ok\n|c|\u2606Nightfront|if it does, it's one me\n|\n|t:|1682992328\n|start\n|switch|p1a: Magnus|Kingambit, L50, F|100\/100\n|switch|p1b: Timeline|Flutter Mane, L50|100\/100\n|switch|p2a: Slowking|Slowking, L50, F|100\/100\n|switch|p2b: Hariyama|Hariyama, L50, F|100\/100\n|turn|1\n|c|\u2606Nightfront|I played the entire last IC with an un hyper trained Iron Hands\n|\n|t:|1682992361\n|move|p2b: Hariyama|Fake Out|p1a: Magnus\n|-resisted|p1a: Magnus\n|-damage|p1a: Magnus|95\/100\n|move|p1b: Timeline|Moonblast|p2b: Hariyama\n|-supereffective|p2b: Hariyama\n|-damage|p2b: Hariyama|13\/100\n|-unboost|p2b: Hariyama|spa|1\n|cant|p1a: Magnus|flinch\n|move|p2a: Slowking|Trick Room|p2a: Slowking\n|-fieldstart|move: Trick Room|[of] p2a: Slowking\n|\n|upkeep\n|turn|2\n|\n|t:|1682992375\n|switch|p2b: Skeledirge|Skeledirge, L50, M|100\/100\n|-end|p1b: Timeline|Protosynthesis|[silent]\n|switch|p1b: Tiki|Ting-Lu, L50|100\/100\n|-ability|p1b: Tiki|Vessel of Ruin\n|move|p1a: Magnus|Sucker Punch||[still]\n|-fail|p1a: Magnus\n|move|p2a: Slowking|Yawn|p1a: Magnus\n|-start|p1a: Magnus|move: Yawn|[of] p2a: Slowking\n|\n|upkeep\n|turn|3\n|\n|t:|1682992391\n|switch|p1a: Fun Police|Arcanine, L50, M|100\/100\n|-ability|p1a: Fun Police|Intimidate|boost\n|-fail|p2a: Slowking|unboost|Attack|[from] ability: Oblivious|[of] p2a: Slowking\n|-unboost|p2b: Skeledirge|atk|1\n|move|p2b: Skeledirge|Protect|p2b: Skeledirge\n|-singleturn|p2b: Skeledirge|Protect\n|move|p2a: Slowking|Yawn|p1b: Tiki\n|-start|p1b: Tiki|move: Yawn|[of] p2a: Slowking\n|move|p1b: Tiki|Ruination|p2b: Skeledirge\n|-activate|p2b: Skeledirge|move: Protect\n|\n|upkeep\n|turn|4\n|\n|t:|1682992412\n|switch|p1b: Magnus|Kingambit, L50, F|95\/100\n|switch|p2b: Hariyama|Hariyama, L50, F|13\/100\n|move|p2a: Slowking|Hydro Pump|p1a: Fun Police\n|-supereffective|p1a: Fun Police\n|-damage|p1a: Fun Police|18\/100\n|move|p1a: Fun Police|Howl|p1a: Fun Police|[spread] p1a,p1b\n|-boost|p1a: Fun Police|atk|1\n|-boost|p1b: Magnus|atk|1\n|\n|upkeep\n|turn|5\n|\n|t:|1682992426\n|switch|p1a: Timeline|Flutter Mane, L50|100\/100\n|move|p1b: Magnus|Protect|p1b: Magnus\n|-singleturn|p1b: Magnus|Protect\n|move|p2a: Slowking|Yawn|p1b: Magnus\n|-activate|p1b: Magnus|move: Protect\n|move|p2b: Hariyama|Close Combat|p1b: Magnus\n|-activate|p1b: Magnus|move: Protect\n|\n|-fieldend|move: Trick Room\n|upkeep\n|turn|6\n|\n|t:|1682992443\n|-terastallize|p1b: Magnus|Dark\n|move|p1a: Timeline|Dazzling Gleam|p2a: Slowking|[spread] p2a,p2b\n|-supereffective|p2b: Hariyama\n|-damage|p2a: Slowking|72\/100\n|-damage|p2b: Hariyama|0 fnt\n|faint|p2b: Hariyama\n|move|p1b: Magnus|Kowtow Cleave|p2a: Slowking\n|-supereffective|p2a: Slowking\n|-damage|p2a: Slowking|0 fnt\n|faint|p2a: Slowking\n|\n|upkeep\n|\n|t:|1682992447\n|switch|p2b: Skeledirge|Skeledirge, L50, M|100\/100\n|switch|p2a: Salamence|Salamence, L50, F|100\/100\n|-ability|p2a: Salamence|Intimidate|boost\n|-unboost|p1a: Timeline|atk|1\n|-unboost|p1b: Magnus|atk|1\n|-ability|p1b: Magnus|Defiant|boost\n|-boost|p1b: Magnus|atk|2\n|turn|7\n|j| Orderlyanarchist\n|c|\u2606Nightfront|I also have the wrong moveset apparently, fun times\n|\n|t:|1682992470\n|-terastallize|p2a: Salamence|Steel\n|move|p1a: Timeline|Dazzling Gleam|p2a: Salamence|[spread] p2a,p2b\n|-resisted|p2a: Salamence\n|-resisted|p2b: Skeledirge\n|-damage|p2a: Salamence|78\/100\n|-damage|p2b: Skeledirge|79\/100\n|move|p2a: Salamence|Air Slash|p1a: Timeline\n|-crit|p1a: Timeline\n|-damage|p1a: Timeline|14\/100\n|move|p2b: Skeledirge|Torch Song|p1b: Magnus\n|-damage|p1b: Magnus|58\/100\n|-boost|p2b: Skeledirge|spa|1\n|move|p1b: Magnus|Kowtow Cleave|p2b: Skeledirge\n|-supereffective|p2b: Skeledirge\n|-damage|p2b: Skeledirge|0 fnt\n|faint|p2b: Skeledirge\n|\n|upkeep\n|turn|8\n|\n|t:|1682992486\n|-end|p1a: Timeline|Protosynthesis|[silent]\n|switch|p1a: Fun Police|Arcanine, L50, M|18\/100\n|-ability|p1a: Fun Police|Intimidate|boost\n|-unboost|p2a: Salamence|atk|1\n|move|p1b: Magnus|Sucker Punch|p2a: Salamence\n|-damage|p2a: Salamence|0 fnt\n|faint|p2a: Salamence\n|\n|win|SpadesHS\n|c|\u2606Nightfront|I love how even at neutral\n|c|\u2606Nightfront|that Kowtow still Kos\n|l|\u2606Nightfront\n|j| JBSBPM713\n|l| JBSBPM713\n","uploadtime":1682992762,"views":19,"p1id":"spadeshs","p2id":"nightfront","formatid":"gen9vgc2023regulationc","rating":0,"private":0,"password":""}