{"id":"gen9vgc2023regulationc-1859995511","p1":"Crebnar","p2":"torwildheart","format":"[Gen 9] VGC 2023 Regulation C","log":"|j|\u2606Crebnar\n|j|\u2606torwildheart\n|t:|1683583144\n|gametype|doubles\n|player|p1|Crebnar|2|1316\n|player|p2|torwildheart|teamrocket|1280\n|teamsize|p1|6\n|teamsize|p2|6\n|gen|9\n|tier|[Gen 9] VGC 2023 Regulation C\n|rated|\n|rule|Species Clause: Limit one of each Pok\u00e9mon\n|rule|Item Clause: Limit one of each item\n|clearpoke\n|poke|p1|Abomasnow, L50, F|\n|poke|p1|Iron Bundle, L50|\n|poke|p1|Talonflame, L50, M|\n|poke|p1|Great Tusk, L50|\n|poke|p1|Roaring Moon, L50|\n|poke|p1|Amoonguss, L50, M|\n|poke|p2|Kingambit, L50, M|\n|poke|p2|Flutter Mane, L50|\n|poke|p2|Gyarados, L50, M|\n|poke|p2|Torkoal, L50, F|\n|poke|p2|Lilligant, L50, F|\n|poke|p2|Great Tusk, L50|\n|teampreview|4\ntorwildheart has agreed to open team sheets.\n|inactive|Battle timer is ON: inactive players will automatically lose when time's up. (requested by torwildheart)\n|\n|t:|1683583176\n|start\n|switch|p1a: Iron Bundle|Iron Bundle, L50|100\/100\n|switch|p1b: Talonflame|Talonflame, L50, M|100\/100\n|switch|p2a: Gyarados|Gyarados, L50, M|100\/100\n|switch|p2b: Banned|Flutter Mane, L50|100\/100\n|-ability|p2a: Gyarados|Intimidate|boost\n|-unboost|p1a: Iron Bundle|atk|1\n|-unboost|p1b: Talonflame|atk|1\n|-enditem|p1a: Iron Bundle|Booster Energy\n|-activate|p1a: Iron Bundle|ability: Quark Drive|[fromitem]\n|-start|p1a: Iron Bundle|quarkdrivespe\n|turn|1\n|\n|t:|1683583201\n|-terastallize|p2a: Gyarados|Steel\n|move|p1a: Iron Bundle|Hydro Pump|p2b: Banned\n|-damage|p2b: Banned|43\/100\n|move|p2b: Banned|Moonblast|p1a: Iron Bundle\n|-damage|p1a: Iron Bundle|0 fnt\n|faint|p1a: Iron Bundle\n|-end|p1a: Iron Bundle|Quark Drive|[silent]\n|move|p1b: Talonflame|Tailwind|p1b: Talonflame\n|-sidestart|p1: Crebnar|move: Tailwind\n|move|p2a: Gyarados|Waterfall|p1b: Talonflame\n|-supereffective|p1b: Talonflame\n|-damage|p1b: Talonflame|16\/100\n|\n|upkeep\n|\n|t:|1683583217\n|switch|p1a: Roaring Moon|Roaring Moon, L50|100\/100\n|turn|2\n|\n|t:|1683583231\n|move|p1a: Roaring Moon|Protect|p1a: Roaring Moon\n|-singleturn|p1a: Roaring Moon|Protect\n|move|p1b: Talonflame|Brave Bird|p2b: Banned\n|-crit|p2b: Banned\n|-damage|p2b: Banned|0 fnt\n|faint|p2b: Banned\n|-end|p2b: Banned|Protosynthesis|[silent]\n|-damage|p1b: Talonflame|6\/100|[from] Recoil\n|move|p2a: Gyarados|Thunder Wave|p1a: Roaring Moon\n|-activate|p1a: Roaring Moon|move: Protect\n|\n|upkeep\n|\n|t:|1683583238\n|switch|p2b: Dungaphunga|Great Tusk, L50|100\/100\n|turn|3\n|\n|t:|1683583252\n|-terastallize|p1a: Roaring Moon|Flying\n|move|p1b: Talonflame|Will-O-Wisp|p2b: Dungaphunga\n|-status|p2b: Dungaphunga|brn\n|move|p1a: Roaring Moon|Dragon Dance|p1a: Roaring Moon\n|-boost|p1a: Roaring Moon|atk|1\n|-boost|p1a: Roaring Moon|spe|1\n|move|p2b: Dungaphunga|Rock Slide|p1b: Talonflame|[spread] p1a,p1b\n|-supereffective|p1a: Roaring Moon\n|-supereffective|p1b: Talonflame\n|-damage|p1a: Roaring Moon|77\/100\n|-damage|p1b: Talonflame|0 fnt\n|faint|p1b: Talonflame\n|move|p2a: Gyarados|Thunder Wave|p1a: Roaring Moon\n|-status|p1a: Roaring Moon|par\n|-enditem|p1a: Roaring Moon|Lum Berry|[eat]\n|-curestatus|p1a: Roaring Moon|par|[msg]\n|\n|-damage|p2b: Dungaphunga|95\/100 brn|[from] brn\n|upkeep\n|\n|t:|1683583262\n|switch|p1b: Abomasnow|Abomasnow, L50, F|100\/100\n|-weather|Snow|[from] ability: Snow Warning|[of] p1b: Abomasnow\n|turn|4\n|\n|t:|1683583273\n|move|p1a: Roaring Moon|Acrobatics|p2b: Dungaphunga\n|-supereffective|p2b: Dungaphunga\n|-damage|p2b: Dungaphunga|0 fnt\n|faint|p2b: Dungaphunga\n|-end|p2b: Dungaphunga|Protosynthesis|[silent]\n|move|p1b: Abomasnow|Earth Power|p2a: Gyarados\n|-supereffective|p2a: Gyarados\n|-damage|p2a: Gyarados|38\/100\n|-enditem|p2a: Gyarados|Sitrus Berry|[eat]\n|-heal|p2a: Gyarados|63\/100|[from] item: Sitrus Berry\n|-damage|p1b: Abomasnow|91\/100|[from] item: Life Orb\n|move|p2a: Gyarados|Thunder Wave|p1a: Roaring Moon\n|-status|p1a: Roaring Moon|par\n|\n|-weather|Snow|[upkeep]\n|-sideend|p1: Crebnar|move: Tailwind\n|upkeep\n|\n|t:|1683583278\n|switch|p2b: THEONEPIECE|Kingambit, L50, M|100\/100\n|turn|5\n|\n|t:|1683583297\n|cant|p1a: Roaring Moon|par\n|move|p2a: Gyarados|Waterfall|p1a: Roaring Moon\n|-damage|p1a: Roaring Moon|33\/100 par\n|move|p1b: Abomasnow|Earth Power|p2a: Gyarados\n|-supereffective|p2a: Gyarados\n|-damage|p2a: Gyarados|0 fnt\n|faint|p2a: Gyarados\n|-damage|p1b: Abomasnow|81\/100|[from] item: Life Orb\n|move|p2b: THEONEPIECE|Iron Head|p1b: Abomasnow\n|-supereffective|p1b: Abomasnow\n|-damage|p1b: Abomasnow|10\/100\n|\n|-weather|Snow|[upkeep]\n|upkeep\n|turn|6\n|inactive|Crebnar has 30 seconds left.\n|\n|t:|1683583324\n|move|p1b: Abomasnow|Protect|p1b: Abomasnow\n|-singleturn|p1b: Abomasnow|Protect\n|move|p2b: THEONEPIECE|Sucker Punch||[still]\n|-fail|p2b: THEONEPIECE\n|move|p1a: Roaring Moon|Throat Chop|p2b: THEONEPIECE\n|-resisted|p2b: THEONEPIECE\n|-damage|p2b: THEONEPIECE|73\/100\n|-start|p2b: THEONEPIECE|Throat Chop|[silent]\n|\n|-weather|Snow|[upkeep]\n|upkeep\n|turn|7\n|\n|t:|1683583339\n|move|p1b: Abomasnow|Protect||[still]\n|-fail|p1b: Abomasnow\n|move|p2b: THEONEPIECE|Sucker Punch||[still]\n|-fail|p2b: THEONEPIECE\n|move|p1a: Roaring Moon|Throat Chop|p2b: THEONEPIECE\n|-resisted|p2b: THEONEPIECE\n|-damage|p2b: THEONEPIECE|47\/100\n|\n|-weather|Snow|[upkeep]\n|-end|p2b: THEONEPIECE|Throat Chop|[silent]\n|upkeep\n|turn|8\n|\n|t:|1683583351\n|move|p2b: THEONEPIECE|Sucker Punch|p1a: Roaring Moon\n|-damage|p1a: Roaring Moon|0 fnt\n|faint|p1a: Roaring Moon\n|-end|p1a: Roaring Moon|Protosynthesis|[silent]\n|move|p1b: Abomasnow|Earth Power|p2b: THEONEPIECE\n|-supereffective|p2b: THEONEPIECE\n|-damage|p2b: THEONEPIECE|0 fnt\n|faint|p2b: THEONEPIECE\n|-damage|p1b: Abomasnow|0 fnt|[from] item: Life Orb\n|faint|p1b: Abomasnow\n|\n|win|Crebnar\n|raw|Crebnar's rating: 1316 → 1334<\/strong> (+18 for winning)\n|raw|torwildheart's rating: 1280 → 1258<\/strong> (-22 for losing)\n|l|\u2606torwildheart\n|c|\u2606Crebnar|HOOOLY SHIT\n","uploadtime":1683583365,"views":15,"p1id":"crebnar","p2id":"torwildheart","formatid":"gen9vgc2023regulationc","rating":1258,"private":0,"password":""}