{"id":"gen9vgc2023regulationc-1858232674","p1":"runningcatdog","p2":"haha you rage quit","format":"[Gen 9] VGC 2023 Regulation C","log":"|j|\u2606runningcatdog\n|j|\u2606haha you rage quit\n|t:|1683293635\n|gametype|doubles\n|player|p1|runningcatdog|1|1189\n|player|p2|haha you rage quit|pokemaniac|1281\n|teamsize|p1|6\n|teamsize|p2|6\n|gen|9\n|tier|[Gen 9] VGC 2023 Regulation C\n|rated|\n|rule|Species Clause: Limit one of each Pok\u00e9mon\n|rule|Item Clause: Limit one of each item\n|clearpoke\n|poke|p1|Chi-Yu, L50|\n|poke|p1|Gyarados, L50, M|\n|poke|p1|Wo-Chien, L50|\n|poke|p1|Flutter Mane, L50|\n|poke|p1|Glimmora, L50, F|\n|poke|p1|Dragonite, L50, F|\n|poke|p2|Torkoal, L50, M|\n|poke|p2|Indeedee-F, L50, F|\n|poke|p2|Brute Bonnet, L50|\n|poke|p2|Great Tusk, L50|\n|poke|p2|Slither Wing, L50|\n|poke|p2|Flutter Mane, L50|\n|teampreview|4\n|inactive|Battle timer is ON: inactive players will automatically lose when time's up. (requested by runningcatdog)\n|\n|t:|1683293663\n|start\n|switch|p1a: Glimmora|Glimmora, L50, F|100\/100\n|switch|p1b: Dragonite|Dragonite, L50, F|100\/100\n|switch|p2a: Indeedee|Indeedee-F, L50, F, shiny|100\/100\n|switch|p2b: Flutter Mane|Flutter Mane, L50, shiny|100\/100\n|-fieldstart|move: Psychic Terrain|[from] ability: Psychic Surge|[of] p2a: Indeedee\n|-enditem|p2a: Indeedee|Psychic Seed\n|-boost|p2a: Indeedee|spd|1|[from] item: Psychic Seed\n|turn|1\n|\n|t:|1683293691\n|-terastallize|p1a: Glimmora|Grass\n|move|p2b: Flutter Mane|Protect|p2b: Flutter Mane\n|-singleturn|p2b: Flutter Mane|Protect\n|move|p1a: Glimmora|Mortal Spin|p2b: Flutter Mane|[spread] p2a\n|-activate|p2b: Flutter Mane|move: Protect\n|-damage|p2a: Indeedee|95\/100\n|-status|p2a: Indeedee|psn\n|move|p1b: Dragonite|Earthquake|p2b: Flutter Mane|[spread] p1a,p2a\n|-activate|p2b: Flutter Mane|move: Protect\n|-resisted|p1a: Glimmora\n|-damage|p1a: Glimmora|76\/100\n|-damage|p2a: Indeedee|54\/100 psn\n|-activate|p1a: Glimmora|ability: Toxic Debris\n|-sidestart|p2: haha you rage quit|move: Toxic Spikes\n|move|p2a: Indeedee|Trick Room|p2a: Indeedee\n|-fieldstart|move: Trick Room|[of] p2a: Indeedee\n|\n|-damage|p2a: Indeedee|41\/100 psn|[from] psn\n|upkeep\n|turn|2\n|inactive|haha you rage quit has 30 seconds left.\n|inactive|runningcatdog has 30 seconds left.\n|\n|t:|1683293725\n|switch|p2a: Torkoal|Torkoal, L50, M|100\/100\n|-status|p2a: Torkoal|psn\n|-weather|SunnyDay|[from] ability: Drought|[of] p2a: Torkoal\n|-activate|p2b: Flutter Mane|ability: Protosynthesis\n|-start|p2b: Flutter Mane|protosynthesisspa\n|move|p2b: Flutter Mane|Mystical Fire|p1a: Glimmora\n|-supereffective|p1a: Glimmora\n|-damage|p1a: Glimmora|0 fnt\n|faint|p1a: Glimmora\n|move|p1b: Dragonite|Earthquake|p2a: Torkoal|[spread] p2a,p2b\n|-supereffective|p2a: Torkoal\n|-damage|p2a: Torkoal|37\/100 psn\n|-damage|p2b: Flutter Mane|21\/100\n|\n|-weather|SunnyDay|[upkeep]\n|-damage|p2a: Torkoal|25\/100 psn|[from] psn\n|upkeep\n|\n|t:|1683293741\n|switch|p1a: Gyarados|Gyarados, L50, M|100\/100\n|-ability|p1a: Gyarados|Intimidate|boost\n|-unboost|p2a: Torkoal|atk|1\n|-unboost|p2b: Flutter Mane|atk|1\n|turn|3\n|\n|t:|1683293750\n|move|p2a: Torkoal|Heat Wave|p1b: Dragonite|[spread] \n|-miss|p2a: Torkoal|p1a: Gyarados\n|-miss|p2a: Torkoal|p1b: Dragonite\n|move|p2b: Flutter Mane|Dazzling Gleam|p1a: Gyarados|[spread] p1a,p1b\n|-supereffective|p1b: Dragonite\n|-damage|p1a: Gyarados|58\/100\n|-damage|p1b: Dragonite|57\/100\n|move|p1b: Dragonite|Earthquake|p2b: Flutter Mane|[spread] p2a,p2b\n|-immune|p1a: Gyarados\n|-supereffective|p2a: Torkoal\n|-damage|p2a: Torkoal|0 fnt\n|-damage|p2b: Flutter Mane|0 fnt\n|faint|p2a: Torkoal\n|faint|p2b: Flutter Mane\n|-end|p2b: Flutter Mane|Protosynthesis|[silent]\n|move|p1a: Gyarados|Waterfall|p2: Torkoal|[notarget]\n|-fail|p1a: Gyarados\n|\n|-weather|SunnyDay|[upkeep]\n|upkeep\n|\n|t:|1683293762\n|switch|p2a: Great Tusk|Great Tusk, L50, shiny|100\/100\n|switch|p2b: Indeedee|Indeedee-F, L50, F, shiny|41\/100 psn\n|-status|p2a: Great Tusk|psn\n|-activate|p2a: Great Tusk|ability: Protosynthesis\n|-start|p2a: Great Tusk|protosynthesisatk\n|turn|4\n|\n|t:|1683293779\n|move|p2b: Indeedee|Helping Hand|p2a: Great Tusk\n|-singleturn|p2a: Great Tusk|Helping Hand|[of] p2b: Indeedee\n|move|p2a: Great Tusk|Rock Slide|p1b: Dragonite|[spread] p1a,p1b\n|-supereffective|p1a: Gyarados\n|-supereffective|p1b: Dragonite\n|-damage|p1a: Gyarados|0 fnt\n|-damage|p1b: Dragonite|0 fnt\n|faint|p1a: Gyarados\n|faint|p1b: Dragonite\n|-damage|p2a: Great Tusk|91\/100 psn|[from] item: Life Orb\n|\n|-weather|SunnyDay|[upkeep]\n|-damage|p2b: Indeedee|29\/100 psn|[from] psn\n|-damage|p2a: Great Tusk|78\/100 psn|[from] psn\n|upkeep\n|\n|t:|1683293792\n|switch|p1b: Chi-Yu|Chi-Yu, L50|100\/100\n|-ability|p1b: Chi-Yu|Beads of Ruin\n|turn|5\n|\n|t:|1683293800\n|move|p1b: Chi-Yu|Protect|p1b: Chi-Yu\n|-singleturn|p1b: Chi-Yu|Protect\n|move|p2b: Indeedee|Dazzling Gleam|p1b: Chi-Yu\n|-activate|p1b: Chi-Yu|move: Protect\n|move|p2a: Great Tusk|Headlong Rush|p1b: Chi-Yu\n|-activate|p1b: Chi-Yu|move: Protect\n|\n|-weather|SunnyDay|[upkeep]\n|-damage|p2b: Indeedee|16\/100 psn|[from] psn\n|-damage|p2a: Great Tusk|66\/100 psn|[from] psn\n|-fieldend|move: Trick Room\n|-fieldend|move: Psychic Terrain\n|upkeep\n|turn|6\n|\n|t:|1683293805\n|-terastallize|p2a: Great Tusk|Water\n|move|p1b: Chi-Yu|Heat Wave|p2a: Great Tusk|[spread] p2a,p2b\n|-resisted|p2a: Great Tusk\n|-damage|p2a: Great Tusk|16\/100 psn\n|-damage|p2b: Indeedee|0 fnt\n|faint|p2b: Indeedee\n|move|p2a: Great Tusk|Headlong Rush|p1b: Chi-Yu\n|-supereffective|p1b: Chi-Yu\n|-damage|p1b: Chi-Yu|0 fnt\n|-unboost|p2a: Great Tusk|def|1\n|-unboost|p2a: Great Tusk|spd|1\n|faint|p1b: Chi-Yu\n|-damage|p2a: Great Tusk|6\/100 psn|[from] item: Life Orb\n|\n|win|haha you rage quit\n|raw|runningcatdog's rating: 1189 → 1170<\/strong> (-19 for losing)\n|raw|haha you rage quit's rating: 1281 → 1300<\/strong> (+19 for winning)\n|l|\u2606runningcatdog\n","uploadtime":1683293827,"views":4,"p1id":"runningcatdog","p2id":"hahayouragequit","formatid":"gen9vgc2023regulationc","rating":1170,"private":0,"password":""}