{"id":"gen9vgc2023regulationc-1849505082","p1":"jchemmy","p2":"had sweep","format":"[Gen 9] VGC 2023 Regulation C","log":"|j|\u2606jchemmy\n|j|\u203dhad sweep\n|t:|1682206450\n|gametype|doubles\n|player|p1|jchemmy|brock|1308\n|player|p2|had sweep|swimmer-gen4|1372\n|teamsize|p1|6\n|teamsize|p2|6\n|gen|9\n|tier|[Gen 9] VGC 2023 Regulation C\n|rated|\n|rule|Species Clause: Limit one of each Pok\u00e9mon\n|rule|Item Clause: Limit one of each item\n|clearpoke\n|poke|p1|Arcanine, L50, M|\n|poke|p1|Palafin, L50, F|\n|poke|p1|Flutter Mane, L50|\n|poke|p1|Ting-Lu, L50|\n|poke|p1|Amoonguss, L50, M|\n|poke|p1|Baxcalibur, L50, M|\n|poke|p2|Abomasnow, L50, F|\n|poke|p2|Gastrodon, L50, F|\n|poke|p2|Iron Bundle, L50|\n|poke|p2|Coalossal, L50, M|\n|poke|p2|Annihilape, L50, F|\n|poke|p2|Slowking, L50, F|\n|teampreview|4\n|inactive|Battle timer is ON: inactive players will automatically lose when time's up. (requested by had sweep)\n|inactive|jchemmy also wants the timer to be on.\nhad sweep rejected open team sheets.\n|inactive|jchemmy has 60 seconds left.\n|\n|t:|1682206488\n|start\n|switch|p1a: Amoonguss|Amoonguss, L50, M|100\/100\n|switch|p1b: Flutter Mane|Flutter Mane, L50|100\/100\n|switch|p2a: Abomasnow|Abomasnow, L50, F|100\/100\n|switch|p2b: Annihilape|Annihilape, L50, F|100\/100\n|-weather|Snow|[from] ability: Snow Warning|[of] p2a: Abomasnow\n|turn|1\n|\n|t:|1682206506\n|move|p1a: Amoonguss|Protect|p1a: Amoonguss\n|-singleturn|p1a: Amoonguss|Protect\n|move|p2b: Annihilape|Rage Fist|p1a: Amoonguss\n|-activate|p1a: Amoonguss|move: Protect\n|move|p1b: Flutter Mane|Moonblast|p2a: Abomasnow\n|-damage|p2a: Abomasnow|25\/100\n|move|p2a: Abomasnow|Aurora Veil|p2a: Abomasnow\n|-sidestart|p2: had sweep|move: Aurora Veil\n|\n|-weather|Snow|[upkeep]\n|upkeep\n|turn|2\n|\n|t:|1682206522\n|move|p2b: Annihilape|Rage Fist|p1b: Flutter Mane\n|-supereffective|p1b: Flutter Mane\n|-damage|p1b: Flutter Mane|28\/100\n|move|p1b: Flutter Mane|Moonblast|p2a: Abomasnow\n|-damage|p2a: Abomasnow|0 fnt\n|faint|p2a: Abomasnow\n|move|p1a: Amoonguss|Spore|p2b: Annihilape\n|-status|p2b: Annihilape|slp|[from] move: Spore\n|\n|-weather|Snow|[upkeep]\n|upkeep\n|\n|t:|1682206528\n|switch|p2a: Iron Bundle|Iron Bundle, L50|100\/100\n|turn|3\n|\n|t:|1682206534\n|switch|p2b: Coalossal|Coalossal, L50, M|100\/100\n|move|p1a: Amoonguss|Rage Powder|p1a: Amoonguss\n|-singleturn|p1a: Amoonguss|move: Rage Powder\n|move|p2a: Iron Bundle|Blizzard|p1a: Amoonguss|[spread] p1a,p1b\n|-supereffective|p1a: Amoonguss\n|-damage|p1a: Amoonguss|18\/100\n|-damage|p1b: Flutter Mane|0 fnt\n|-enditem|p1a: Amoonguss|Sitrus Berry|[eat]\n|-heal|p1a: Amoonguss|43\/100|[from] item: Sitrus Berry\n|faint|p1b: Flutter Mane\n|-end|p1b: Flutter Mane|Protosynthesis|[silent]\n|\n|-weather|Snow|[upkeep]\n|upkeep\n|\n|t:|1682206541\n|switch|p1b: Baxcalibur|Baxcalibur, L50, M|100\/100\n|turn|4\n|\n|t:|1682206555\n|-terastallize|p1b: Baxcalibur|Water\n|-terastallize|p2b: Coalossal|Rock\n|move|p1a: Amoonguss|Rage Powder|p1a: Amoonguss\n|-singleturn|p1a: Amoonguss|move: Rage Powder\n|move|p2a: Iron Bundle|Flip Turn|p1a: Amoonguss\n|-resisted|p1a: Amoonguss\n|-damage|p1a: Amoonguss|37\/100\n|\n|t:|1682206563\n|-end|p2a: Iron Bundle|Quark Drive|[silent]\n|switch|p2a: Annihilape|Annihilape, L50, F|100\/100 slp|[from] Flip Turn\n|move|p1b: Baxcalibur|Glaive Rush|p2a: Annihilape\n|-damage|p2a: Annihilape|50\/100 slp\n|-singlemove|p1b: Baxcalibur|Glaive Rush|[silent]\n|move|p2b: Coalossal|Rock Slide|p1a: Amoonguss|[spread] p1a,p1b\n|-damage|p1a: Amoonguss|13\/100\n|-damage|p1b: Baxcalibur|43\/100\n|\n|-weather|Snow|[upkeep]\n|upkeep\n|turn|5\n|\n|t:|1682206574\n|switch|p2a: Iron Bundle|Iron Bundle, L50|100\/100\n|switch|p1a: Arcanine|Arcanine, L50, M|100\/100\n|-ability|p1a: Arcanine|Intimidate|boost\n|-unboost|p2a: Iron Bundle|atk|1\n|-unboost|p2b: Coalossal|atk|1\n|move|p2b: Coalossal|Protect|p2b: Coalossal\n|-singleturn|p2b: Coalossal|Protect\n|move|p1b: Baxcalibur|Glaive Rush|p2a: Iron Bundle\n|-damage|p2a: Iron Bundle|59\/100\n|-singlemove|p1b: Baxcalibur|Glaive Rush|[silent]\n|\n|-weather|none\n|upkeep\n|turn|6\n|\n|t:|1682206597\n|move|p1b: Baxcalibur|Protect|p1b: Baxcalibur\n|-singleturn|p1b: Baxcalibur|Protect\n|move|p2a: Iron Bundle|Flip Turn|p2b: Coalossal\n|-supereffective|p2b: Coalossal\n|-damage|p2b: Coalossal|91\/100\n|-ability|p2b: Coalossal|Steam Engine|boost\n|-boost|p2b: Coalossal|spe|6\n|-enditem|p2b: Coalossal|Weakness Policy\n|-boost|p2b: Coalossal|atk|2|[from] item: Weakness Policy\n|-boost|p2b: Coalossal|spa|2|[from] item: Weakness Policy\n|\n|t:|1682206603\n|-end|p2a: Iron Bundle|Quark Drive|[silent]\n|switch|p2a: Annihilape|Annihilape, L50, F|50\/100 slp|[from] Flip Turn\n|move|p2b: Coalossal|Rock Slide|p1a: Arcanine|[spread] p1a\n|-activate|p1b: Baxcalibur|move: Protect\n|-supereffective|p1a: Arcanine\n|-damage|p1a: Arcanine|8\/100\n|move|p1a: Arcanine|Will-O-Wisp|p2b: Coalossal\n|-status|p2b: Coalossal|brn\n|\n|-damage|p2b: Coalossal|85\/100 brn|[from] brn\n|upkeep\n|turn|7\n|\n|t:|1682206619\n|switch|p1a: Amoonguss|Amoonguss, L50, M|46\/100\n|move|p2b: Coalossal|Rock Slide|p1a: Amoonguss|[spread] p1a,p1b\n|-damage|p1a: Amoonguss|26\/100\n|-damage|p1b: Baxcalibur|23\/100\n|cant|p2a: Annihilape|slp\n|cant|p1b: Baxcalibur|flinch\n|\n|-damage|p2b: Coalossal|79\/100 brn|[from] brn\n|upkeep\n|turn|8\n|\n|t:|1682206632\n|move|p2b: Coalossal|Heat Wave|p1b: Baxcalibur|[spread] p1a,p1b\n|-supereffective|p1a: Amoonguss\n|-resisted|p1b: Baxcalibur\n|-damage|p1a: Amoonguss|0 fnt\n|-damage|p1b: Baxcalibur|5\/100\n|-ability|p1b: Baxcalibur|Thermal Exchange|boost\n|-boost|p1b: Baxcalibur|atk|1\n|faint|p1a: Amoonguss\n|cant|p2a: Annihilape|slp\n|move|p1b: Baxcalibur|Glaive Rush|p2a: Annihilape\n|-damage|p2a: Annihilape|0 fnt\n|-singlemove|p1b: Baxcalibur|Glaive Rush|[silent]\n|faint|p2a: Annihilape\n|\n|-damage|p2b: Coalossal|73\/100 brn|[from] brn\n|-sideend|p2: had sweep|move: Aurora Veil\n|upkeep\n|\n|t:|1682206639\n|switch|p2a: Iron Bundle|Iron Bundle, L50|59\/100\n|switch|p1a: Arcanine|Arcanine, L50, M|8\/100\n|-ability|p1a: Arcanine|Intimidate|boost\n|-unboost|p2a: Iron Bundle|atk|1\n|-unboost|p2b: Coalossal|atk|1\n|turn|9\n|\n|t:|1682206645\n|move|p1b: Baxcalibur|Protect|p1b: Baxcalibur\n|-singleturn|p1b: Baxcalibur|Protect\n|move|p2b: Coalossal|Rock Slide|p1a: Arcanine|[spread] \n|-activate|p1b: Baxcalibur|move: Protect\n|-miss|p2b: Coalossal|p1a: Arcanine\n|move|p2a: Iron Bundle|Blizzard|p1b: Baxcalibur|[spread] \n|-activate|p1b: Baxcalibur|move: Protect\n|-miss|p2a: Iron Bundle|p1a: Arcanine\n|move|p1a: Arcanine|Flare Blitz|p2a: Iron Bundle\n|-damage|p2a: Iron Bundle|4\/100\n|-status|p2a: Iron Bundle|brn\n|-damage|p1a: Arcanine|0 fnt|[from] Recoil\n|faint|p1a: Arcanine\n|\n|-damage|p2b: Coalossal|68\/100 brn|[from] brn\n|-damage|p2a: Iron Bundle|0 fnt|[from] brn\n|faint|p2a: Iron Bundle\n|-end|p2a: Iron Bundle|Quark Drive|[silent]\n|upkeep\n|turn|10\n|\n|t:|1682206655\n|move|p1b: Baxcalibur|Ice Shard|p2b: Coalossal\n|-damage|p2b: Coalossal|38\/100 brn\n|move|p2b: Coalossal|Rock Slide|p1b: Baxcalibur\n|-damage|p1b: Baxcalibur|0 fnt\n|faint|p1b: Baxcalibur\n|\n|win|had sweep\n|raw|jchemmy's rating: 1308 → 1292<\/strong> (-16 for losing)\n|raw|had sweep's rating: 1372 → 1388<\/strong> (+16 for winning)\n","uploadtime":1682206660,"views":4,"p1id":"jchemmy","p2id":"hadsweep","formatid":"gen9vgc2023regulationc","rating":1292,"private":0,"password":""}