{"id":"gen9vgc2023regulationc-1856633336","p1":"leafeonthegoat","p2":"AlexanderB0399","format":"[Gen 9] VGC 2023 Regulation C","log":"|j|\u2606leafeonthegoat\n|j|\u2606AlexanderB0399\n|t:|1683085419\n|gametype|doubles\n|player|p1|leafeonthegoat|palmer|1326\n|player|p2|AlexanderB0399|alder|1352\n|teamsize|p1|6\n|teamsize|p2|6\n|gen|9\n|tier|[Gen 9] VGC 2023 Regulation C\n|rated|\n|rule|Species Clause: Limit one of each Pok\u00e9mon\n|rule|Item Clause: Limit one of each item\n|clearpoke\n|poke|p1|Amoonguss, L50, F|\n|poke|p1|Baxcalibur, L50, F|\n|poke|p1|Arcanine, L50, F|\n|poke|p1|Palafin, L50, M|\n|poke|p1|Kingambit, L50, F|\n|poke|p1|Flutter Mane, L50|\n|poke|p2|Palafin, L50, F|\n|poke|p2|Chien-Pao, L50|\n|poke|p2|Dragapult, L50, F|\n|poke|p2|Amoonguss, L50, F|\n|poke|p2|Arcanine, L50, M|\n|poke|p2|Flutter Mane, L50|\n|teampreview|4\n|inactive|Battle timer is ON: inactive players will automatically lose when time's up. (requested by leafeonthegoat)\nleafeonthegoat has agreed to open team sheets.\n|inactive|leafeonthegoat has 60 seconds left.\n|\n|t:|1683085452\n|start\n|switch|p1a: Kingambit|Kingambit, L50, F|100\/100\n|switch|p1b: Palafin|Palafin, L50, M|100\/100\n|switch|p2a: Bundle|Chien-Pao, L50|100\/100\n|switch|p2b: Dnite|Dragapult, L50, F|100\/100\n|-ability|p2a: Bundle|Sword of Ruin\n|turn|1\n|\n|t:|1683085478\n|detailschange|p1b: Palafin|Palafin-Hero, L50, M\n|switch|p1b: Arcanine|Arcanine, L50, F|100\/100\n|-ability|p1b: Arcanine|Intimidate|boost\n|-unboost|p2a: Bundle|atk|1\n|-fail|p2b: Dnite|unboost|[from] ability: Clear Body|[of] p2b: Dnite\n|move|p2a: Bundle|Protect|p2a: Bundle\n|-singleturn|p2a: Bundle|Protect\n|move|p2b: Dnite|U-turn|p1b: Arcanine\n|-resisted|p1b: Arcanine\n|-damage|p1b: Arcanine|74\/100\n|-enditem|p1b: Arcanine|Eject Button\n|\n|t:|1683085487\n|switch|p1b: Palafin|Palafin-Hero, L50, M|100\/100\n|-activate|p1b: Palafin|ability: Zero to Hero\n|move|p1a: Kingambit|Iron Head|p2a: Bundle\n|-activate|p2a: Bundle|move: Protect\n|\n|upkeep\n|turn|2\n|\n|t:|1683085511\n|-terastallize|p1b: Palafin|Water\n|move|p1a: Kingambit|Sucker Punch|p2b: Dnite\n|-supereffective|p2b: Dnite\n|-damage|p2b: Dnite|0 fnt\n|faint|p2b: Dnite\n|move|p2a: Bundle|Sacred Sword|p1a: Kingambit\n|-supereffective|p1a: Kingambit\n|-damage|p1a: Kingambit|21\/100\n|move|p1b: Palafin|Wave Crash|p2a: Bundle\n|-enditem|p2a: Bundle|Focus Sash\n|-damage|p2a: Bundle|1\/100\n|-damage|p1b: Palafin|76\/100|[from] Recoil\n|\n|upkeep\n|\n|t:|1683085529\n|switch|p2b: ChiYu|Arcanine, L50, M|100\/100\n|-ability|p2b: ChiYu|Intimidate|boost\n|-unboost|p1a: Kingambit|atk|1\n|-ability|p1a: Kingambit|Defiant|boost\n|-boost|p1a: Kingambit|atk|2\n|-unboost|p1b: Palafin|atk|1\n|turn|3\n|\n|t:|1683085547\n|switch|p1a: Arcanine|Arcanine, L50, F|74\/100\n|-ability|p1a: Arcanine|Intimidate|boost\n|-unboost|p2a: Bundle|atk|1\n|-unboost|p2b: ChiYu|atk|1\n|move|p1b: Palafin|Protect|p1b: Palafin\n|-singleturn|p1b: Palafin|Protect\n|move|p2b: ChiYu|Extreme Speed|p1a: Arcanine\n|-damage|p1a: Arcanine|52\/100\n|move|p2a: Bundle|Sucker Punch||[still]\n|-fail|p2a: Bundle\n|\n|upkeep\n|turn|4\n|\n|t:|1683085565\n|-terastallize|p2b: ChiYu|Flying\n|move|p2a: Bundle|Protect|p2a: Bundle\n|-singleturn|p2a: Bundle|Protect\n|move|p1a: Arcanine|Extreme Speed|p2a: Bundle\n|-activate|p2a: Bundle|move: Protect\n|move|p2b: ChiYu|Will-O-Wisp|p1b: Palafin\n|-status|p1b: Palafin|brn\n|move|p1b: Palafin|Wave Crash|p2b: ChiYu\n|-damage|p2b: ChiYu|36\/100\n|-damage|p1b: Palafin|56\/100 brn|[from] Recoil\n|\n|-damage|p1b: Palafin|50\/100 brn|[from] brn\n|upkeep\n|turn|5\n|inactive|leafeonthegoat has 30 seconds left.\n|inactive|leafeonthegoat has 20 seconds left.\n|\n|t:|1683085603\n|switch|p2a: Mimi|Flutter Mane, L50|100\/100\n|-enditem|p2a: Mimi|Booster Energy\n|-activate|p2a: Mimi|ability: Protosynthesis|[fromitem]\n|-start|p2a: Mimi|protosynthesisspa\n|switch|p1b: Amoonguss|Amoonguss, L50, F|100\/100\n|move|p2b: ChiYu|Protect|p2b: ChiYu\n|-singleturn|p2b: ChiYu|Protect\n|move|p1a: Arcanine|Extreme Speed|p2b: ChiYu\n|-activate|p2b: ChiYu|move: Protect\n|\n|upkeep\n|turn|6\n|inactive|leafeonthegoat has 30 seconds left.\n|\n|t:|1683085632\n|move|p1b: Amoonguss|Protect|p1b: Amoonguss\n|-singleturn|p1b: Amoonguss|Protect\n|move|p1a: Arcanine|Extreme Speed|p2b: ChiYu\n|-damage|p2b: ChiYu|7\/100\n|move|p2a: Mimi|Shadow Ball|p1a: Arcanine\n|-damage|p1a: Arcanine|0 fnt\n|faint|p1a: Arcanine\n|move|p2b: ChiYu|Flare Blitz|p1b: Amoonguss\n|-activate|p1b: Amoonguss|move: Protect\n|\n|upkeep\n|\n|t:|1683085646\n|switch|p1a: Kingambit|Kingambit, L50, F|21\/100\n|turn|7\n|inactive|AlexanderB0399 has 30 seconds left.\n|inactive|AlexanderB0399 has 20 seconds left.\n|inactive|AlexanderB0399 has 15 seconds left.\n|inactive|AlexanderB0399 has 10 seconds left.\n|inactive|AlexanderB0399 has 5 seconds left.\n|\n|t:|1683085701\n|move|p2b: ChiYu|Protect|p2b: ChiYu\n|-singleturn|p2b: ChiYu|Protect\n|move|p1b: Amoonguss|Rage Powder|p1b: Amoonguss\n|-singleturn|p1b: Amoonguss|move: Rage Powder\n|move|p2a: Mimi|Moonblast|p1b: Amoonguss\n|-resisted|p1b: Amoonguss\n|-damage|p1b: Amoonguss|74\/100\n|move|p1a: Kingambit|Iron Head|p2a: Mimi\n|-supereffective|p2a: Mimi\n|-damage|p2a: Mimi|0 fnt\n|faint|p2a: Mimi\n|-end|p2a: Mimi|Protosynthesis|[silent]\n|\n|upkeep\n|\n|t:|1683085708\n|switch|p2a: Bundle|Chien-Pao, L50|1\/100\n|-ability|p2a: Bundle|Sword of Ruin\n|turn|8\n|\n|t:|1683085726\n|move|p2a: Bundle|Protect|p2a: Bundle\n|-singleturn|p2a: Bundle|Protect\n|move|p1b: Amoonguss|Rage Powder|p1b: Amoonguss\n|-singleturn|p1b: Amoonguss|move: Rage Powder\n|move|p2b: ChiYu|Flare Blitz|p1a: Kingambit\n|-supereffective|p1a: Kingambit\n|-damage|p1a: Kingambit|0 fnt\n|faint|p1a: Kingambit\n|-damage|p2b: ChiYu|0 fnt|[from] Recoil\n|faint|p2b: ChiYu\n|\n|upkeep\n|\n|t:|1683085728\n|switch|p1a: Palafin|Palafin-Hero, L50, M, tera:Water|50\/100 brn\n|turn|9\n|\n|t:|1683085738\n|move|p2a: Bundle|Sucker Punch|p1a: Palafin\n|-damage|p1a: Palafin|8\/100 brn\n|move|p1a: Palafin|Jet Punch|p2a: Bundle\n|-damage|p2a: Bundle|0 fnt\n|faint|p2a: Bundle\n|\n|win|leafeonthegoat\n|raw|leafeonthegoat's rating: 1326 → 1347<\/strong> (+21 for winning)\n|raw|AlexanderB0399's rating: 1352 → 1331<\/strong> (-21 for losing)\n|l|\u2606AlexanderB0399\n","uploadtime":1683085773,"views":17,"p1id":"leafeonthegoat","p2id":"alexanderb0399","formatid":"gen9vgc2023regulationc","rating":1331,"private":0,"password":""}