{"id":"gen9vgc2023regulationc-1857945372","p1":"LorLor_Battles2","p2":"fizzywizzyglizzy","format":"[Gen 9] VGC 2023 Regulation C","log":"|j|\u2606LorLor_Battles2\n|j|\u2606fizzywizzyglizzy\n|t:|1683250656\n|gametype|doubles\n|player|p1|LorLor_Battles2|265|1362\n|player|p2|fizzywizzyglizzy|265|1329\n|teamsize|p1|6\n|teamsize|p2|6\n|gen|9\n|tier|[Gen 9] VGC 2023 Regulation C\n|rated|\n|rule|Species Clause: Limit one of each Pok\u00e9mon\n|rule|Item Clause: Limit one of each item\n|clearpoke\n|poke|p1|Baxcalibur, L50, F|\n|poke|p1|Flutter Mane, L50|\n|poke|p1|Arcanine, L50, F|\n|poke|p1|Amoonguss, L50, M|\n|poke|p1|Palafin, L50, M|\n|poke|p1|Ting-Lu, L50|\n|poke|p2|Orthworm, L50, M|\n|poke|p2|Dragonite, L50, F|\n|poke|p2|Ting-Lu, L50|\n|poke|p2|Flutter Mane, L50|\n|poke|p2|Amoonguss, L50, M|\n|poke|p2|Chi-Yu, L50|\n|teampreview|4\n|inactive|Battle timer is ON: inactive players will automatically lose when time's up. (requested by fizzywizzyglizzy)\n|\n|t:|1683250722\n|start\n|switch|p1a: Arcanine|Arcanine, L50, F|100\/100\n|switch|p1b: Baxcalibur|Baxcalibur, L50, F|100\/100\n|switch|p2a: Chi-Yu|Chi-Yu, L50|100\/100\n|switch|p2b: Flutter Mane|Flutter Mane, L50|100\/100\n|-ability|p1a: Arcanine|Intimidate|boost\n|-unboost|p2a: Chi-Yu|atk|1\n|-unboost|p2b: Flutter Mane|atk|1\n|-ability|p2a: Chi-Yu|Beads of Ruin\n|turn|1\n|inactive|LorLor_Battles2 has 30 seconds left.\n|inactive|fizzywizzyglizzy has 30 seconds left.\n|\n|t:|1683250753\n|-terastallize|p1b: Baxcalibur|Poison\n|move|p2b: Flutter Mane|Shadow Ball|p1b: Baxcalibur\n|-damage|p1b: Baxcalibur|23\/100\n|move|p1a: Arcanine|Flare Blitz|p2b: Flutter Mane\n|-crit|p2b: Flutter Mane\n|-damage|p2b: Flutter Mane|0 fnt\n|faint|p2b: Flutter Mane\n|-end|p2b: Flutter Mane|Protosynthesis|[silent]\n|-damage|p1a: Arcanine|74\/100|[from] Recoil\n|move|p2a: Chi-Yu|Dark Pulse|p1b: Baxcalibur\n|-damage|p1b: Baxcalibur|0 fnt\n|faint|p1b: Baxcalibur\n|\n|upkeep\n|\n|t:|1683250769\n|switch|p2b: Orthworm|Orthworm, L50, M|100\/100\n|switch|p1b: Palafin|Palafin, L50, M|100\/100\n|turn|2\n|\n|t:|1683250782\n|switch|p2a: Ting-Lu|Ting-Lu, L50|100\/100\n|-ability|p2a: Ting-Lu|Vessel of Ruin\n|move|p1a: Arcanine|Flare Blitz|p2b: Orthworm\n|-supereffective|p2b: Orthworm\n|-damage|p2b: Orthworm|31\/100\n|-enditem|p2b: Orthworm|Sitrus Berry|[eat]\n|-heal|p2b: Orthworm|56\/100|[from] item: Sitrus Berry\n|-damage|p1a: Arcanine|54\/100|[from] Recoil\n|move|p1b: Palafin|Wave Crash|p2a: Ting-Lu\n|-supereffective|p2a: Ting-Lu\n|-damage|p2a: Ting-Lu|33\/100\n|-damage|p1b: Palafin|74\/100|[from] Recoil\n|move|p2b: Orthworm|Shed Tail|p2b: Orthworm\n|-start|p2b: Orthworm|Substitute|[from] move: Shed Tail\n|-damage|p2b: Orthworm|6\/100\n|\n|t:|1683250798\n|switch|p2b: Chi-Yu|Chi-Yu, L50|100\/100|[from] Shed Tail\n|-ability|p2b: Chi-Yu|Beads of Ruin\n|\n|upkeep\n|turn|3\n|inactive|LorLor_Battles2 has 30 seconds left.\n|inactive|fizzywizzyglizzy has 30 seconds left.\n|\n|t:|1683250831\n|switch|p1a: Amoonguss|Amoonguss, L50, M|100\/100\n|switch|p2a: Orthworm|Orthworm, L50, M|6\/100\n|-terastallize|p2b: Chi-Yu|Grass\n|move|p1b: Palafin|Jet Punch|p2b: Chi-Yu\n|-resisted|p2b: Chi-Yu\n|-activate|p2b: Chi-Yu|move: Substitute|[damage]\n|move|p2b: Chi-Yu|Dark Pulse|p1a: Amoonguss\n|-damage|p1a: Amoonguss|53\/100\n|\n|upkeep\n|turn|4\n|inactive|LorLor_Battles2 has 30 seconds left.\n|\n|t:|1683250857\n|detailschange|p1b: Palafin|Palafin-Hero, L50, M\n|switch|p1b: Arcanine|Arcanine, L50, F|54\/100\n|-ability|p1b: Arcanine|Intimidate|boost\n|-unboost|p2a: Orthworm|atk|1\n|-immune|p2b: Chi-Yu\n|move|p1a: Amoonguss|Protect|p1a: Amoonguss\n|-singleturn|p1a: Amoonguss|Protect\n|move|p2b: Chi-Yu|Dark Pulse|p1b: Arcanine\n|-damage|p1b: Arcanine|0 fnt\n|faint|p1b: Arcanine\n|move|p2a: Orthworm|Heavy Slam|p1a: Amoonguss\n|-activate|p1a: Amoonguss|move: Protect\n|\n|upkeep\n|\n|t:|1683250870\n|switch|p1b: Palafin|Palafin-Hero, L50, M|74\/100\n|-activate|p1b: Palafin|ability: Zero to Hero\n|turn|5\n|\n|t:|1683250886\n|move|p1b: Palafin|Jet Punch|p2a: Orthworm\n|-damage|p2a: Orthworm|0 fnt\n|faint|p2a: Orthworm\n|move|p2b: Chi-Yu|Dark Pulse|p1b: Palafin\n|-damage|p1b: Palafin|20\/100\n|move|p1a: Amoonguss|Spore|p2b: Chi-Yu\n|-immune|p2b: Chi-Yu\n|\n|upkeep\n|-message|LorLor_Battles2 forfeited.\n|\n|win|fizzywizzyglizzy\n|raw|LorLor_Battles2's rating: 1362 → 1340<\/strong> (-22 for losing)\n|raw|fizzywizzyglizzy's rating: 1329 → 1351<\/strong> (+22 for winning)\n|l|\u2606LorLor_Battles2\n","uploadtime":1683250905,"views":14,"p1id":"lorlorbattles2","p2id":"fizzywizzyglizzy","formatid":"gen9vgc2023regulationc","rating":1340,"private":0,"password":""}