{"id":"gen9vgc2023regulationc-1856664943","p1":"kaijuSM","p2":"iStockphoto","format":"[Gen 9] VGC 2023 Regulation C","log":"|j|\u2606kaijuSM\n|j|\u2606iStockphoto\n|t:|1683090564\n|gametype|doubles\n|player|p1|kaijuSM|swimmerf|1216\n|player|p2|iStockphoto|266|1138\n|teamsize|p1|6\n|teamsize|p2|6\n|gen|9\n|tier|[Gen 9] VGC 2023 Regulation C\n|rated|\n|rule|Species Clause: Limit one of each Pok\u00e9mon\n|rule|Item Clause: Limit one of each item\n|clearpoke\n|poke|p1|Flutter Mane, L50|\n|poke|p1|Amoonguss, L50, F|\n|poke|p1|Ting-Lu, L50|\n|poke|p1|Chi-Yu, L50|\n|poke|p1|Chien-Pao, L50|\n|poke|p1|Arcanine, L50, F|\n|poke|p2|Abomasnow, L50, M|\n|poke|p2|Baxcalibur, L50, F|\n|poke|p2|Ting-Lu, L50|\n|poke|p2|Maushold, L50|\n|poke|p2|Wo-Chien, L50|\n|poke|p2|Gholdengo, L50|\n|teampreview|4\n|inactive|Battle timer is ON: inactive players will automatically lose when time's up. (requested by kaijuSM)\niStockphoto has agreed to open team sheets.\n|\n|t:|1683090588\n|start\n|switch|p1a: Chi-Yu|Chi-Yu, L50|100\/100\n|switch|p1b: Arcanine|Arcanine, L50, F|100\/100\n|switch|p2a: Abomasnow|Abomasnow, L50, M|100\/100\n|switch|p2b: Baxcalibur|Baxcalibur, L50, F|100\/100\n|-ability|p1a: Chi-Yu|Beads of Ruin\n|-ability|p1b: Arcanine|Intimidate|boost\n|-unboost|p2a: Abomasnow|atk|1\n|-fail|p2b: Baxcalibur|unboost|[from] item: Clear Amulet|[of] p2b: Baxcalibur\n|-weather|Snow|[from] ability: Snow Warning|[of] p2a: Abomasnow\n|turn|1\n|inactive|iStockphoto has 30 seconds left.\n|\n|t:|1683090618\n|switch|p1a: Flutter Mane|Flutter Mane, L50|100\/100\n|move|p1b: Arcanine|Flare Blitz|p2a: Abomasnow\n|-supereffective|p2a: Abomasnow\n|-enditem|p2a: Abomasnow|Focus Sash\n|-damage|p2a: Abomasnow|1\/100\n|-status|p2a: Abomasnow|brn\n|-damage|p1b: Arcanine|67\/100|[from] Recoil\n|move|p2b: Baxcalibur|Dragon Dance|p2b: Baxcalibur\n|-boost|p2b: Baxcalibur|atk|1\n|-boost|p2b: Baxcalibur|spe|1\n|move|p2a: Abomasnow|Aurora Veil|p2a: Abomasnow\n|-sidestart|p2: iStockphoto|move: Aurora Veil\n|\n|-weather|Snow|[upkeep]\n|-damage|p2a: Abomasnow|0 fnt|[from] brn\n|faint|p2a: Abomasnow\n|upkeep\n|\n|t:|1683090635\n|switch|p2a: Ting-Lu|Ting-Lu, L50|100\/100\n|-ability|p2a: Ting-Lu|Vessel of Ruin\n|turn|2\n|inactive|kaijuSM has 30 seconds left.\n|inactive|kaijuSM has 20 seconds left.\n|inactive|kaijuSM has 15 seconds left.\n|inactive|kaijuSM has 10 seconds left.\n|inactive|iStockphoto has 30 seconds left.\n|\n|t:|1683090683\n|move|p2b: Baxcalibur|Earthquake|p1a: Flutter Mane|[spread] p2a,p1a,p1b\n|-supereffective|p1b: Arcanine\n|-damage|p2a: Ting-Lu|83\/100\n|-damage|p1a: Flutter Mane|2\/100\n|-damage|p1b: Arcanine|0 fnt\n|faint|p1b: Arcanine\n|move|p1a: Flutter Mane|Moonblast|p2b: Baxcalibur\n|-supereffective|p2b: Baxcalibur\n|-damage|p2b: Baxcalibur|12\/100\n|move|p2a: Ting-Lu|Heavy Slam|p1a: Flutter Mane\n|-supereffective|p1a: Flutter Mane\n|-damage|p1a: Flutter Mane|0 fnt\n|faint|p1a: Flutter Mane\n|-end|p1a: Flutter Mane|Protosynthesis|[silent]\n|\n|-weather|Snow|[upkeep]\n|upkeep\n|\n|t:|1683090688\n|switch|p1a: Chi-Yu|Chi-Yu, L50|100\/100\n|switch|p1b: Chien-Pao|Chien-Pao, L50|100\/100\n|-ability|p1a: Chi-Yu|Beads of Ruin\n|-ability|p1b: Chien-Pao|Sword of Ruin\n|turn|3\n|inactive|kaijuSM has 30 seconds left.\n|inactive|kaijuSM has 20 seconds left.\n|\n|t:|1683090726\n|-terastallize|p1a: Chi-Yu|Dark\n|move|p2b: Baxcalibur|Ice Shard|p1a: Chi-Yu\n|-damage|p1a: Chi-Yu|22\/100\n|move|p1a: Chi-Yu|Heat Wave|p2b: Baxcalibur|[spread] p2a\n|-miss|p1a: Chi-Yu|p2b: Baxcalibur\n|-damage|p2a: Ting-Lu|72\/100\n|move|p1b: Chien-Pao|Sacred Sword|p2a: Ting-Lu\n|-supereffective|p2a: Ting-Lu\n|-damage|p2a: Ting-Lu|42\/100\n|move|p2a: Ting-Lu|Stomping Tantrum|p1a: Chi-Yu\n|-damage|p1a: Chi-Yu|0 fnt\n|faint|p1a: Chi-Yu\n|\n|-weather|Snow|[upkeep]\n|upkeep\n|turn|4\n|c|\u2606kaijuSM|what the fuck\n|c|\u2606iStockphoto|oof, sorry about the miss hax\n|inactive|iStockphoto has 30 seconds left.\n|\n|t:|1683090755\n|-terastallize|p2a: Ting-Lu|Poison\n|move|p2b: Baxcalibur|Ice Shard|p1b: Chien-Pao\n|-resisted|p1b: Chien-Pao\n|-damage|p1b: Chien-Pao|82\/100\n|move|p1b: Chien-Pao|Sacred Sword|p2a: Ting-Lu\n|-resisted|p2a: Ting-Lu\n|-damage|p2a: Ting-Lu|34\/100\n|move|p2a: Ting-Lu|Heavy Slam|p1b: Chien-Pao\n|-supereffective|p1b: Chien-Pao\n|-damage|p1b: Chien-Pao|39\/100\n|\n|-weather|Snow|[upkeep]\n|upkeep\n|turn|5\n|\n|t:|1683090777\n|move|p2b: Baxcalibur|Ice Shard|p1b: Chien-Pao\n|-resisted|p1b: Chien-Pao\n|-damage|p1b: Chien-Pao|22\/100\n|move|p1b: Chien-Pao|Sucker Punch||[still]\n|-fail|p1b: Chien-Pao\n|move|p2a: Ting-Lu|Heavy Slam|p1b: Chien-Pao\n|-supereffective|p1b: Chien-Pao\n|-damage|p1b: Chien-Pao|0 fnt\n|faint|p1b: Chien-Pao\n|\n|win|iStockphoto\n|raw|kaijuSM's rating: 1216 → 1185<\/strong> (-31 for losing)\n|raw|iStockphoto's rating: 1138 → 1169<\/strong> (+31 for winning)\n|l|\u2606kaijuSM\n|c|\u2606iStockphoto|gg\n","uploadtime":1683090791,"views":4,"p1id":"kaijusm","p2id":"istockphoto","formatid":"gen9vgc2023regulationc","rating":1169,"private":0,"password":""}