{"id":"gen9vgc2023regulationc-1854821708","p1":"show me the tarfax","p2":"PEPPECATANIA","format":"[Gen 9] VGC 2023 Regulation C","log":"|j|\u2606show me the tarfax\n|j|\u2606PEPPECATANIA\n|t:|1682870045\n|gametype|doubles\n|player|p1|show me the tarfax|roughneck|1107\n|player|p2|PEPPECATANIA|2|1055\n|teamsize|p1|6\n|teamsize|p2|6\n|gen|9\n|tier|[Gen 9] VGC 2023 Regulation C\n|rated|\n|rule|Species Clause: Limit one of each Pok\u00e9mon\n|rule|Item Clause: Limit one of each item\n|clearpoke\n|poke|p1|Arcanine, L50, M|\n|poke|p1|Iron Bundle, L50|\n|poke|p1|Garganacl, L50, M|\n|poke|p1|Ting-Lu, L50|\n|poke|p1|Roaring Moon, L50|\n|poke|p1|Amoonguss, L50, M|\n|poke|p2|Tyranitar, L50, F|\n|poke|p2|Flutter Mane, L50|\n|poke|p2|Garchomp, L50, F|\n|poke|p2|Arcanine, L50, M|\n|poke|p2|Amoonguss, L50, F|\n|poke|p2|Azumarill, L50, M|\n|teampreview|4\nshow me the tarfax has agreed to open team sheets.\n|\n|t:|1682870075\n|start\n|switch|p1a: Arcanine|Arcanine, L50, M|100\/100\n|switch|p1b: Amoonguss|Amoonguss, L50, M|100\/100\n|switch|p2a: Flutter Mane|Flutter Mane, L50|100\/100\n|switch|p2b: Amoonguss|Amoonguss, L50, F|100\/100\n|-ability|p1a: Arcanine|Intimidate|boost\n|-unboost|p2a: Flutter Mane|atk|1\n|-unboost|p2b: Amoonguss|atk|1\n|turn|1\n|\n|t:|1682870104\n|switch|p2b: Azumarill|Azumarill, L50, M|100\/100\n|move|p2a: Flutter Mane|Taunt|p1b: Amoonguss\n|-start|p1b: Amoonguss|move: Taunt\n|move|p1a: Arcanine|Flare Blitz|p2b: Azumarill\n|-resisted|p2b: Azumarill\n|-damage|p2b: Azumarill|79\/100\n|-status|p2b: Azumarill|brn\n|-damage|p1a: Arcanine|92\/100|[from] Recoil\n|cant|p1b: Amoonguss|move: Taunt|Spore\n|\n|-damage|p2b: Azumarill|73\/100 brn|[from] brn\n|upkeep\n|turn|2\n|\n|t:|1682870129\n|switch|p1b: Iron Bundle|Iron Bundle, L50|100\/100\n|move|p2a: Flutter Mane|Shadow Ball|p1a: Arcanine\n|-damage|p1a: Arcanine|48\/100\n|move|p1a: Arcanine|Flare Blitz|p2a: Flutter Mane\n|-damage|p2a: Flutter Mane|4\/100\n|-damage|p1a: Arcanine|25\/100|[from] Recoil\n|-enditem|p1a: Arcanine|Iapapa Berry|[eat]\n|-heal|p1a: Arcanine|58\/100|[from] item: Iapapa Berry\n|move|p2b: Azumarill|Liquidation|p1a: Arcanine\n|-supereffective|p1a: Arcanine\n|-damage|p1a: Arcanine|0 fnt\n|faint|p1a: Arcanine\n|-damage|p2b: Azumarill|64\/100 brn|[from] item: Life Orb\n|\n|-damage|p2b: Azumarill|58\/100 brn|[from] brn\n|upkeep\n|\n|t:|1682870151\n|switch|p1a: Garganacl|Garganacl, L50, M|100\/100\n|turn|3\n|\n|t:|1682870168\n|move|p2a: Flutter Mane|Protect|p2a: Flutter Mane\n|-singleturn|p2a: Flutter Mane|Protect\n|move|p1b: Iron Bundle|Freeze-Dry|p2a: Flutter Mane\n|-activate|p2a: Flutter Mane|move: Protect\n|move|p2b: Azumarill|Liquidation|p1a: Garganacl\n|-supereffective|p1a: Garganacl\n|-damage|p1a: Garganacl|55\/100\n|-damage|p2b: Azumarill|48\/100 brn|[from] item: Life Orb\n|move|p1a: Garganacl|Stealth Rock|p2a: Flutter Mane\n|-sidestart|p2: PEPPECATANIA|move: Stealth Rock\n|\n|-heal|p1a: Garganacl|61\/100|[from] item: Leftovers\n|-damage|p2b: Azumarill|43\/100 brn|[from] brn\n|upkeep\n|turn|4\n|\n|t:|1682870195\n|move|p2b: Azumarill|Aqua Jet|p1a: Garganacl\n|-supereffective|p1a: Garganacl\n|-damage|p1a: Garganacl|40\/100\n|-damage|p2b: Azumarill|33\/100 brn|[from] item: Life Orb\n|move|p1b: Iron Bundle|Freeze-Dry|p2a: Flutter Mane\n|-damage|p2a: Flutter Mane|0 fnt\n|faint|p2a: Flutter Mane\n|-end|p2a: Flutter Mane|Protosynthesis|[silent]\n|move|p1a: Garganacl|Salt Cure|p2b: Azumarill\n|-damage|p2b: Azumarill|18\/100 brn\n|-start|p2b: Azumarill|Salt Cure\n|\n|-heal|p1a: Garganacl|45\/100|[from] item: Leftovers\n|-damage|p2b: Azumarill|13\/100 brn|[from] brn\n|-damage|p2b: Azumarill|0 fnt|[from] Salt Cure\n|faint|p2b: Azumarill\n|upkeep\n|\n|t:|1682870215\n|switch|p2a: Amoonguss|Amoonguss, L50, F|100\/100\n|switch|p2b: Garchomp|Garchomp, L50, F|100\/100\n|-damage|p2b: Garchomp|94\/100|[from] Stealth Rock\n|-damage|p2a: Amoonguss|88\/100|[from] Stealth Rock\n|turn|5\n|\n|t:|1682870258\n|switch|p1a: Amoonguss|Amoonguss, L50, M|100\/100\n|-terastallize|p2b: Garchomp|Poison\n|move|p1b: Iron Bundle|Protect|p1b: Iron Bundle\n|-singleturn|p1b: Iron Bundle|Protect\n|move|p2b: Garchomp|Stomping Tantrum|p1a: Amoonguss\n|-damage|p1a: Amoonguss|69\/100\n|-damage|p2b: Garchomp|78\/100|[from] item: Rocky Helmet|[of] p1a: Amoonguss\n|move|p2a: Amoonguss|Pollen Puff|p2b: Garchomp\n|-heal|p2b: Garchomp|100\/100\n|\n|upkeep\n|turn|6\n|\n|t:|1682870282\n|-end|p1b: Iron Bundle|Quark Drive|[silent]\n|switch|p1b: Garganacl|Garganacl, L50, M|45\/100\n|move|p2a: Amoonguss|Rage Powder|p2a: Amoonguss\n|-singleturn|p2a: Amoonguss|move: Rage Powder\n|move|p2b: Garchomp|Poison Jab|p1a: Amoonguss\n|-damage|p1a: Amoonguss|33\/100\n|-damage|p2b: Garchomp|84\/100|[from] item: Rocky Helmet|[of] p1a: Amoonguss\n|move|p1a: Amoonguss|Spore|p2b: Garchomp\n|-status|p2b: Garchomp|slp|[from] move: Spore\n|\n|-heal|p1b: Garganacl|51\/100|[from] item: Leftovers\n|upkeep\n|turn|7\n|\n|t:|1682870309\n|switch|p1a: Iron Bundle|Iron Bundle, L50|100\/100\n|cant|p2b: Garchomp|slp\n|move|p1b: Garganacl|Salt Cure|p2b: Garchomp\n|-damage|p2b: Garchomp|69\/100 slp\n|-start|p2b: Garchomp|Salt Cure\n|move|p2a: Amoonguss|Pollen Puff|p1a: Iron Bundle\n|-damage|p1a: Iron Bundle|61\/100\n|\n|-heal|p1b: Garganacl|57\/100|[from] item: Leftovers\n|-damage|p2b: Garchomp|57\/100 slp|[from] Salt Cure\n|upkeep\n|turn|8\n|\n|t:|1682870327\n|-terastallize|p1a: Iron Bundle|Water\n|move|p2a: Amoonguss|Protect|p2a: Amoonguss\n|-singleturn|p2a: Amoonguss|Protect\n|move|p1a: Iron Bundle|Freeze-Dry|p2b: Garchomp\n|-damage|p2b: Garchomp|17\/100 slp\n|cant|p2b: Garchomp|slp\n|move|p1b: Garganacl|Salt Cure|p2a: Amoonguss\n|-activate|p2a: Amoonguss|move: Protect\n|\n|-heal|p1b: Garganacl|63\/100|[from] item: Leftovers\n|-damage|p2b: Garchomp|5\/100 slp|[from] Salt Cure\n|upkeep\n|turn|9\n|-message|PEPPECATANIA forfeited.\n|\n|win|show me the tarfax\n|raw|show me the tarfax's rating: 1107 → 1128<\/strong> (+21 for winning)\n|raw|PEPPECATANIA's rating: 1055 → 1039<\/strong> (-16 for losing)\n|l|\u2606PEPPECATANIA\n","uploadtime":1682870350,"views":18,"p1id":"showmethetarfax","p2id":"peppecatania","formatid":"gen9vgc2023regulationc","rating":1039,"private":0,"password":""}