{"id":"gen9vgc2023regulationc-1852456614","p1":"annieliorate","p2":"Axe Garian","format":"[Gen 9] VGC 2023 Regulation C","log":"|j|\u2606annieliorate\n|j|\u2606Axe Garian\n|t:|1682559925\n|gametype|doubles\n|player|p1|annieliorate|roxie|\n|player|p2|Axe Garian|drayden|\n|teamsize|p1|6\n|teamsize|p2|6\n|gen|9\n|tier|[Gen 9] VGC 2023 Regulation C\n|rule|Species Clause: Limit one of each Pok\u00e9mon\n|rule|Item Clause: Limit one of each item\n|clearpoke\n|poke|p1|Iron Treads, L50|\n|poke|p1|Indeedee-F, L50, F|\n|poke|p1|Grimmsnarl, L50, M|\n|poke|p1|Kilowattrel, L50, F|\n|poke|p1|Iron Bundle, L50|\n|poke|p1|Sylveon, L50, F|\n|poke|p2|Tinkaton, L50, F|\n|poke|p2|Avalugg, L50, M|\n|poke|p2|Mabosstiff, L50, M|\n|poke|p2|Grafaiai, L50, M|\n|poke|p2|Chien-Pao, L50|\n|poke|p2|Oranguru, L50, F|\n|teampreview|4\n|inactive|Battle timer is ON: inactive players will automatically lose when time's up. (requested by annieliorate)\n|j| TheKnownStranger\n|\n|t:|1682559950\n|start\n|switch|p1a: Grimmsnarl|Grimmsnarl, L50, M|100\/100\n|switch|p1b: Iron Treads|Iron Treads, L50|100\/100\n|switch|p2a: Chilled Swag|Avalugg, L50, M, shiny|100\/100\n|switch|p2b: Finger Sucker|Grafaiai, L50, M|100\/100\n|-enditem|p1b: Iron Treads|Booster Energy\n|-activate|p1b: Iron Treads|ability: Quark Drive|[fromitem]\n|-start|p1b: Iron Treads|quarkdriveatk\n|turn|1\n|inactive|Axe Garian has 30 seconds left.\n|\n|t:|1682559977\n|move|p2a: Chilled Swag|Wide Guard|p2a: Chilled Swag\n|-singleturn|p2a: Chilled Swag|Wide Guard\n|move|p2b: Finger Sucker|Swagger|p1b: Iron Treads\n|-boost|p1b: Iron Treads|atk|2\n|-start|p1b: Iron Treads|confusion\n|move|p1a: Grimmsnarl|Misty Terrain|p1a: Grimmsnarl\n|-fieldstart|move: Misty Terrain\n|-activate|p1b: Iron Treads|confusion\n|-damage|p1b: Iron Treads|76\/100|[from] confusion\n|\n|upkeep\n|turn|2\n|inactive|Axe Garian has 30 seconds left.\n|inactive|Axe Garian has 20 seconds left.\n|inactive|Axe Garian has 15 seconds left.\n|inactive|Axe Garian has 10 seconds left.\n|\n|t:|1682560023\n|move|p2a: Chilled Swag|Wide Guard|p2a: Chilled Swag\n|-singleturn|p2a: Chilled Swag|Wide Guard\n|move|p2b: Finger Sucker|Swagger|p1b: Iron Treads\n|-boost|p1b: Iron Treads|atk|2\n|-end|p1b: Iron Treads|confusion\n|move|p1b: Iron Treads|Steel Roller|p2a: Chilled Swag\n|-supereffective|p2a: Chilled Swag\n|-damage|p2a: Chilled Swag|0 fnt\n|-fieldend|Misty Terrain\n|faint|p2a: Chilled Swag\n|move|p1a: Grimmsnarl|False Surrender|p2b: Finger Sucker\n|-damage|p2b: Finger Sucker|53\/100\n|\n|upkeep\n|\n|t:|1682560035\n|switch|p2a: Sheer Audacity|Chien-Pao, L50|100\/100\n|-ability|p2a: Sheer Audacity|Sword of Ruin\n|turn|3\n|\n|t:|1682560055\n|move|p2b: Finger Sucker|Swagger|p1b: Iron Treads\n|-boost|p1b: Iron Treads|atk|2\n|-start|p1b: Iron Treads|confusion\n|move|p1a: Grimmsnarl|Misty Terrain|p1a: Grimmsnarl\n|-fieldstart|move: Misty Terrain\n|move|p2a: Sheer Audacity|Sheer Cold|p1a: Grimmsnarl|[miss]\n|-miss|p2a: Sheer Audacity|p1a: Grimmsnarl\n|-activate|p1b: Iron Treads|confusion\n|-damage|p1b: Iron Treads|27\/100|[from] confusion\n|\n|upkeep\n|turn|4\n|inactive|annieliorate has 30 seconds left.\n|inactive|Axe Garian has 30 seconds left.\n|\n|t:|1682560082\n|move|p2a: Sheer Audacity|Protect|p2a: Sheer Audacity\n|-singleturn|p2a: Sheer Audacity|Protect\n|move|p2b: Finger Sucker|Super Fang|p1b: Iron Treads\n|-damage|p1b: Iron Treads|14\/100\n|-activate|p1b: Iron Treads|confusion\n|move|p1b: Iron Treads|Steel Roller|p2b: Finger Sucker\n|-damage|p2b: Finger Sucker|0 fnt\n|-fieldend|Misty Terrain\n|faint|p2b: Finger Sucker\n|move|p1a: Grimmsnarl|Spirit Break|p2a: Sheer Audacity\n|-activate|p2a: Sheer Audacity|move: Protect\n|\n|upkeep\n|\n|t:|1682560093\n|switch|p2b: Bossy Munkee|Oranguru, L50, F|100\/100\n|turn|5\n|\n|t:|1682560107\n|move|p2a: Sheer Audacity|Sheer Cold|p1a: Grimmsnarl|[miss]\n|-miss|p2a: Sheer Audacity|p1a: Grimmsnarl\n|-activate|p1b: Iron Treads|confusion\n|move|p1b: Iron Treads|Iron Head|p2b: Bossy Munkee\n|-crit|p2b: Bossy Munkee\n|-damage|p2b: Bossy Munkee|0 fnt\n|faint|p2b: Bossy Munkee\n|move|p1a: Grimmsnarl|Spirit Break|p2a: Sheer Audacity\n|-supereffective|p2a: Sheer Audacity\n|-damage|p2a: Sheer Audacity|30\/100\n|-unboost|p2a: Sheer Audacity|spa|1\n|\n|upkeep\n|turn|6\n|\n|t:|1682560122\n|move|p2a: Sheer Audacity|Sheer Cold|p1a: Grimmsnarl\n|-damage|p1a: Grimmsnarl|0 fnt\n|faint|p1a: Grimmsnarl\n|-ohko\n|-activate|p1b: Iron Treads|confusion\n|-damage|p1b: Iron Treads|0 fnt|[from] confusion\n|faint|p1b: Iron Treads\n|-end|p1b: Iron Treads|Quark Drive|[silent]\n|\n|upkeep\n|\n|t:|1682560130\n|switch|p1b: Indeedee|Indeedee-F, L50, F|100\/100\n|switch|p1a: Sylveon|Sylveon, L50, F|100\/100\n|-fieldstart|move: Psychic Terrain|[from] ability: Psychic Surge|[of] p1b: Indeedee\n|-enditem|p1b: Indeedee|Psychic Seed\n|-boost|p1b: Indeedee|spd|1|[from] item: Psychic Seed\n|turn|7\n|\n|t:|1682560144\n|-terastallize|p1b: Indeedee|Flying\n|move|p1b: Indeedee|Helping Hand|p1a: Sylveon\n|-singleturn|p1a: Sylveon|Helping Hand|[of] p1b: Indeedee\n|move|p2a: Sheer Audacity|Sheer Cold|p1a: Sylveon|[miss]\n|-miss|p2a: Sheer Audacity|p1a: Sylveon\n|move|p1a: Sylveon|Hyper Voice|p2a: Sheer Audacity\n|-supereffective|p2a: Sheer Audacity\n|-damage|p2a: Sheer Audacity|0 fnt\n|faint|p2a: Sheer Audacity\n|-enditem|p1a: Sylveon|Throat Spray\n|\n|win|annieliorate\n|l|\u2606annieliorate\n","uploadtime":1682560163,"views":10,"p1id":"annieliorate","p2id":"axegarian","formatid":"gen9vgc2023regulationc","rating":0,"private":0,"password":""}