{"id":"gen9vgc2023regulationc-1859114449","p1":"obiwarnt","p2":"NillyTheKid","format":"[Gen 9] VGC 2023 Regulation C","log":"|j|\u2606obiwarnt\n|j|\u2606NillyTheKid\n|t:|1683406151\n|gametype|doubles\n|player|p1|obiwarnt|101|1143\n|player|p2|NillyTheKid|hiker-gen4|1156\n|teamsize|p1|6\n|teamsize|p2|6\n|gen|9\n|tier|[Gen 9] VGC 2023 Regulation C\n|rated|\n|rule|Species Clause: Limit one of each Pok\u00e9mon\n|rule|Item Clause: Limit one of each item\n|clearpoke\n|poke|p1|Staraptor, L50, F|\n|poke|p1|Gastrodon, L50, F|\n|poke|p1|Grimmsnarl, L50, M|\n|poke|p1|Hatterene, L50, F|\n|poke|p1|Iron Hands, L50|\n|poke|p1|Ting-Lu, L50|\n|poke|p2|Palafin, L50, F|\n|poke|p2|Arcanine, L50, F|\n|poke|p2|Amoonguss, L50, M|\n|poke|p2|Ting-Lu, L50|\n|poke|p2|Baxcalibur, L50, M|\n|poke|p2|Flutter Mane, L50|\n|teampreview|4\n|inactive|Battle timer is ON: inactive players will automatically lose when time's up. (requested by NillyTheKid)\nNillyTheKid has agreed to open team sheets.\n|inactive|obiwarnt has 60 seconds left.\n|inactive|NillyTheKid has 60 seconds left.\n|\n|t:|1683406190\n|start\n|switch|p1a: Hatterene|Hatterene, L50, F|100\/100\n|switch|p1b: Staraptor|Staraptor, L50, F|100\/100\n|switch|p2a: Ting-Lu|Ting-Lu, L50|100\/100\n|switch|p2b: Arcanine|Arcanine, L50, F|100\/100\n|-ability|p1b: Staraptor|Intimidate|boost\n|-unboost|p2a: Ting-Lu|atk|1\n|-unboost|p2b: Arcanine|atk|1\n|-ability|p2b: Arcanine|Intimidate|boost\n|-unboost|p1a: Hatterene|atk|1\n|-unboost|p1b: Staraptor|atk|1\n|-ability|p2a: Ting-Lu|Vessel of Ruin\n|turn|1\n|\n|t:|1683406215\n|move|p1b: Staraptor|U-turn|p2a: Ting-Lu\n|-supereffective|p2a: Ting-Lu\n|-damage|p2a: Ting-Lu|80\/100\n|\n|t:|1683406219\n|switch|p1b: Iron Hands|Iron Hands, L50|100\/100|[from] U-turn\n|move|p2b: Arcanine|Howl|p2b: Arcanine|[spread] p2a,p2b\n|-boost|p2a: Ting-Lu|atk|1\n|-boost|p2b: Arcanine|atk|1\n|move|p2a: Ting-Lu|Heavy Slam|p1a: Hatterene\n|-supereffective|p1a: Hatterene\n|-damage|p1a: Hatterene|20\/100\n|move|p1a: Hatterene|Dazzling Gleam|p2a: Ting-Lu|[spread] p2a,p2b\n|-supereffective|p2a: Ting-Lu\n|-resisted|p2b: Arcanine\n|-damage|p2a: Ting-Lu|49\/100\n|-damage|p2b: Arcanine|82\/100\n|-damage|p1a: Hatterene|10\/100|[from] item: Life Orb\n|\n|upkeep\n|turn|2\n|inactive|obiwarnt has 30 seconds left.\n|inactive|NillyTheKid has 30 seconds left.\n|inactive|obiwarnt has 20 seconds left.\n|\n|t:|1683406257\n|switch|p2a: Amoonguss|Amoonguss, L50, M|100\/100\n|switch|p1a: Staraptor|Staraptor, L50, F|100\/100\n|-ability|p1a: Staraptor|Intimidate|boost\n|-unboost|p2a: Amoonguss|atk|1\n|-unboost|p2b: Arcanine|atk|1\n|move|p2b: Arcanine|Protect|p2b: Arcanine\n|-singleturn|p2b: Arcanine|Protect\n|move|p1b: Iron Hands|Fake Out|p2a: Amoonguss\n|-damage|p2a: Amoonguss|87\/100\n|\n|upkeep\n|turn|3\n|inactive|NillyTheKid has 30 seconds left.\n|\n|t:|1683406285\n|move|p2a: Amoonguss|Protect|p2a: Amoonguss\n|-singleturn|p2a: Amoonguss|Protect\n|move|p1a: Staraptor|Brave Bird|p2a: Amoonguss\n|-activate|p2a: Amoonguss|move: Protect\n|move|p2b: Arcanine|Will-O-Wisp|p1b: Iron Hands\n|-status|p1b: Iron Hands|brn\n|move|p1b: Iron Hands|Ice Punch|p2a: Amoonguss\n|-activate|p2a: Amoonguss|move: Protect\n|\n|-damage|p1b: Iron Hands|94\/100 brn|[from] brn\n|upkeep\n|turn|4\n|\n|t:|1683406310\n|switch|p2b: Ting-Lu|Ting-Lu, L50|49\/100\n|-ability|p2b: Ting-Lu|Vessel of Ruin\n|-terastallize|p2a: Amoonguss|Water\n|move|p1a: Staraptor|Brave Bird|p2a: Amoonguss\n|-damage|p2a: Amoonguss|33\/100\n|-enditem|p2a: Amoonguss|Sitrus Berry|[eat]\n|-heal|p2a: Amoonguss|58\/100|[from] item: Sitrus Berry\n|-damage|p1a: Staraptor|75\/100|[from] Recoil\n|move|p1b: Iron Hands|Ice Punch|p2a: Amoonguss\n|-resisted|p2a: Amoonguss\n|-damage|p2a: Amoonguss|51\/100\n|move|p2a: Amoonguss|Pollen Puff|p2b: Ting-Lu\n|-heal|p2b: Ting-Lu|99\/100\n|\n|-damage|p1b: Iron Hands|88\/100 brn|[from] brn\n|upkeep\n|turn|5\n|inactive|NillyTheKid has 30 seconds left.\n|inactive|NillyTheKid has 20 seconds left.\n|inactive|NillyTheKid has 15 seconds left.\n|\n|t:|1683406350\n|switch|p2a: Arcanine|Arcanine, L50, F|82\/100\n|-ability|p2a: Arcanine|Intimidate|boost\n|-unboost|p1a: Staraptor|atk|1\n|-unboost|p1b: Iron Hands|atk|1\n|move|p1a: Staraptor|Brave Bird|p2a: Arcanine\n|-damage|p2a: Arcanine|31\/100\n|-damage|p1a: Staraptor|55\/100|[from] Recoil\n|move|p1b: Iron Hands|Drain Punch|p2b: Ting-Lu\n|-supereffective|p2b: Ting-Lu\n|-damage|p2b: Ting-Lu|77\/100\n|-heal|p1b: Iron Hands|98\/100 brn|[from] drain|[of] p2b: Ting-Lu\n|move|p2b: Ting-Lu|Heavy Slam|p1a: Staraptor\n|-damage|p1a: Staraptor|0 fnt\n|faint|p1a: Staraptor\n|\n|-damage|p1b: Iron Hands|92\/100 brn|[from] brn\n|upkeep\n|\n|t:|1683406367\n|switch|p1a: Grimmsnarl|Grimmsnarl, L50, M|100\/100\n|turn|6\n|\n|t:|1683406383\n|move|p1a: Grimmsnarl|Fake Out|p2b: Ting-Lu\n|-damage|p2b: Ting-Lu|70\/100\n|move|p2a: Arcanine|Howl|p2a: Arcanine|[spread] p2a,p2b\n|-boost|p2a: Arcanine|atk|1\n|-boost|p2b: Ting-Lu|atk|1\n|move|p1b: Iron Hands|Thunder Punch|p2a: Arcanine\n|-damage|p2a: Arcanine|13\/100\n|cant|p2b: Ting-Lu|flinch\n|\n|-damage|p1b: Iron Hands|86\/100 brn|[from] brn\n|upkeep\n|turn|7\n|\n|t:|1683406406\n|-terastallize|p1b: Iron Hands|Fighting\n|move|p2a: Arcanine|Protect|p2a: Arcanine\n|-singleturn|p2a: Arcanine|Protect\n|move|p1a: Grimmsnarl|Reflect|p1a: Grimmsnarl\n|-sidestart|p1: obiwarnt|Reflect\n|move|p1b: Iron Hands|Drain Punch|p2b: Ting-Lu\n|-supereffective|p2b: Ting-Lu\n|-damage|p2b: Ting-Lu|43\/100\n|-heal|p1b: Iron Hands|98\/100 brn|[from] drain|[of] p2b: Ting-Lu\n|move|p2b: Ting-Lu|Heavy Slam|p1a: Grimmsnarl\n|-supereffective|p1a: Grimmsnarl\n|-damage|p1a: Grimmsnarl|34\/100\n|\n|-damage|p1b: Iron Hands|92\/100 brn|[from] brn\n|upkeep\n|turn|8\n|inactive|obiwarnt has 30 seconds left.\n|inactive|NillyTheKid has 30 seconds left.\n|inactive|NillyTheKid has 20 seconds left.\n|\n|t:|1683406442\n|move|p1a: Grimmsnarl|Light Screen|p1a: Grimmsnarl\n|-sidestart|p1: obiwarnt|move: Light Screen\n|move|p2a: Arcanine|Flare Blitz|p1a: Grimmsnarl\n|-damage|p1a: Grimmsnarl|0 fnt\n|faint|p1a: Grimmsnarl\n|-damage|p2a: Arcanine|2\/100|[from] Recoil\n|move|p1b: Iron Hands|Drain Punch|p2a: Arcanine\n|-damage|p2a: Arcanine|0 fnt\n|-heal|p1b: Iron Hands|93\/100 brn|[from] drain|[of] p2a: Arcanine\n|faint|p2a: Arcanine\n|move|p2b: Ting-Lu|Stomping Tantrum|p1b: Iron Hands\n|-damage|p1b: Iron Hands|68\/100 brn\n|\n|-damage|p1b: Iron Hands|62\/100 brn|[from] brn\n|upkeep\n|\n|t:|1683406457\n|switch|p2a: Flutter Mane|Flutter Mane, L50|100\/100\n|switch|p1a: Hatterene|Hatterene, L50, F|10\/100\n|turn|9\n|\n|t:|1683406468\n|switch|p2b: Amoonguss|Amoonguss, L50, M, tera:Water|84\/100\n|move|p1a: Hatterene|Protect|p1a: Hatterene\n|-singleturn|p1a: Hatterene|Protect\n|move|p2a: Flutter Mane|Dazzling Gleam|p1b: Iron Hands|[spread] p1b\n|-activate|p1a: Hatterene|move: Protect\n|-supereffective|p1b: Iron Hands\n|-damage|p1b: Iron Hands|4\/100 brn\n|move|p1b: Iron Hands|Thunder Punch|p2a: Flutter Mane\n|-damage|p2a: Flutter Mane|79\/100\n|\n|-damage|p1b: Iron Hands|0 fnt|[from] brn\n|faint|p1b: Iron Hands\n|-end|p1b: Iron Hands|Quark Drive|[silent]\n|upkeep\n|turn|10\n|-message|obiwarnt forfeited.\n|\n|win|NillyTheKid\n|raw|obiwarnt's rating: 1143 → 1119<\/strong> (-24 for losing)\n|raw|NillyTheKid's rating: 1156 → 1180<\/strong> (+24 for winning)\n|l|\u2606obiwarnt\n","uploadtime":1683406487,"views":8,"p1id":"obiwarnt","p2id":"nillythekid","formatid":"gen9vgc2023regulationc","rating":1119,"private":0,"password":""}