{"id":"gen9vgc2023regulationc-1860585498","p1":"givi","p2":"jdtyhrg","format":"[Gen 9] VGC 2023 Regulation C","log":"|j|\u2606givi\n|j|\u2606jdtyhrg\n|t:|1683656679\n|gametype|doubles\n|player|p1|givi|lucas|1125\n|player|p2|jdtyhrg|1|1032\n|teamsize|p1|6\n|teamsize|p2|6\n|gen|9\n|tier|[Gen 9] VGC 2023 Regulation C\n|rated|\n|rule|Species Clause: Limit one of each Pok\u00e9mon\n|rule|Item Clause: Limit one of each item\n|clearpoke\n|poke|p1|Sandy Shocks, L50|\n|poke|p1|Torkoal, L50, F|\n|poke|p1|Espathra, L50, M|\n|poke|p1|Brute Bonnet, L50|\n|poke|p1|Flutter Mane, L50|\n|poke|p1|Chi-Yu, L50|\n|poke|p2|Dondozo, L50, F|\n|poke|p2|Tatsugiri, L50, F|\n|poke|p2|Pawmot, L50, F|\n|poke|p2|Dragapult, L50, M|\n|poke|p2|Chien-Pao, L50|\n|poke|p2|Flutter Mane, L50|\n|teampreview|4\n|inactive|Battle timer is ON: inactive players will automatically lose when time's up. (requested by givi)\n|\n|t:|1683656733\n|start\n|switch|p1a: Torkoal|Torkoal, L50, F|100\/100\n|switch|p1b: Chi-Yu|Chi-Yu, L50|100\/100\n|switch|p2a: Dondozo|Dondozo, L50, F|100\/100\n|switch|p2b: Pawmot|Pawmot, L50, F|100\/100\n|-ability|p1b: Chi-Yu|Beads of Ruin\n|-weather|SunnyDay|[from] ability: Drought|[of] p1a: Torkoal\n|turn|1\n|inactive|givi has 30 seconds left.\n|\n|t:|1683656766\n|switch|p1a: Brute Bonnet|Brute Bonnet, L50|100\/100\n|-activate|p1a: Brute Bonnet|ability: Protosynthesis\n|-start|p1a: Brute Bonnet|protosynthesisatk\n|move|p1b: Chi-Yu|Protect|p1b: Chi-Yu\n|-singleturn|p1b: Chi-Yu|Protect\n|move|p2b: Pawmot|Volt Switch|p2a: Dondozo\n|-supereffective|p2a: Dondozo\n|-damage|p2a: Dondozo|70\/100\n|-enditem|p2a: Dondozo|Weakness Policy\n|-boost|p2a: Dondozo|atk|2|[from] item: Weakness Policy\n|-boost|p2a: Dondozo|spa|2|[from] item: Weakness Policy\n|\n|t:|1683656773\n|switch|p2b: Tatsugiri|Tatsugiri, L50, F|100\/100|[from] Volt Switch\n|-activate|p2b: Tatsugiri|ability: Commander|[of] p2a: Dondozo\n|-boost|p2a: Dondozo|atk|2\n|-boost|p2a: Dondozo|spa|2\n|-boost|p2a: Dondozo|spe|2\n|-boost|p2a: Dondozo|def|2\n|-boost|p2a: Dondozo|spd|2\n|move|p2a: Dondozo|Earthquake|p1b: Chi-Yu|[spread] p1a\n|-miss|p2a: Dondozo|p2b: Tatsugiri\n|-activate|p1b: Chi-Yu|move: Protect\n|-resisted|p1a: Brute Bonnet\n|-crit|p1a: Brute Bonnet\n|-damage|p1a: Brute Bonnet|60\/100\n|\n|-weather|SunnyDay|[upkeep]\n|upkeep\n|turn|2\n|\n|t:|1683656797\n|-terastallize|p1b: Chi-Yu|Grass\n|move|p2a: Dondozo|Protect|p2a: Dondozo\n|-singleturn|p2a: Dondozo|Protect\n|move|p1b: Chi-Yu|Tera Blast|p2a: Dondozo\n|-activate|p2a: Dondozo|move: Protect\n|move|p1a: Brute Bonnet|Bullet Seed|p2a: Dondozo\n|-activate|p2a: Dondozo|move: Protect\n|\n|-weather|SunnyDay|[upkeep]\n|upkeep\n|turn|3\n|\n|t:|1683656811\n|-terastallize|p2a: Dondozo|Grass\n|move|p1b: Chi-Yu|Tera Blast|p2a: Dondozo\n|-resisted|p2a: Dondozo\n|-damage|p2a: Dondozo|54\/100\n|-damage|p1b: Chi-Yu|90\/100|[from] item: Life Orb\n|move|p2a: Dondozo|Earthquake|p1b: Chi-Yu|[spread] p1a,p1b\n|-miss|p2a: Dondozo|p2b: Tatsugiri\n|-resisted|p1a: Brute Bonnet\n|-resisted|p1b: Chi-Yu\n|-damage|p1a: Brute Bonnet|32\/100\n|-damage|p1b: Chi-Yu|43\/100\n|move|p1a: Brute Bonnet|Bullet Seed|p2a: Dondozo\n|-resisted|p2a: Dondozo\n|-damage|p2a: Dondozo|51\/100\n|-resisted|p2a: Dondozo\n|-damage|p2a: Dondozo|48\/100\n|-resisted|p2a: Dondozo\n|-damage|p2a: Dondozo|45\/100\n|-resisted|p2a: Dondozo\n|-damage|p2a: Dondozo|42\/100\n|-hitcount|p2a: Dondozo|4\n|\n|-weather|SunnyDay|[upkeep]\n|upkeep\n|turn|4\n|inactive|givi has 30 seconds left.\n|\n|t:|1683656837\n|move|p1a: Brute Bonnet|Sucker Punch|p2a: Dondozo\n|-crit|p2a: Dondozo\n|-damage|p2a: Dondozo|0 fnt\n|faint|p2a: Dondozo\n|move|p1b: Chi-Yu|Heat Wave|p2b: Tatsugiri\n|-resisted|p2b: Tatsugiri\n|-damage|p2b: Tatsugiri|60\/100\n|-damage|p1b: Chi-Yu|33\/100|[from] item: Life Orb\n|\n|-weather|SunnyDay|[upkeep]\n|upkeep\n|\n|t:|1683656848\n|switch|p2a: Flutter Mane|Flutter Mane, L50|100\/100\n|-activate|p2a: Flutter Mane|ability: Protosynthesis\n|-start|p2a: Flutter Mane|protosynthesisspa\n|turn|5\n|\n|t:|1683656869\n|move|p1b: Chi-Yu|Protect|p1b: Chi-Yu\n|-singleturn|p1b: Chi-Yu|Protect\n|move|p1a: Brute Bonnet|Sucker Punch|p2b: Tatsugiri\n|-damage|p2b: Tatsugiri|0 fnt\n|faint|p2b: Tatsugiri\n|move|p2a: Flutter Mane|Dazzling Gleam|p1a: Brute Bonnet|[spread] p1a\n|-activate|p1b: Chi-Yu|move: Protect\n|-supereffective|p1a: Brute Bonnet\n|-damage|p1a: Brute Bonnet|0 fnt\n|faint|p1a: Brute Bonnet\n|-end|p1a: Brute Bonnet|Protosynthesis|[silent]\n|\n|-weather|none\n|-end|p2a: Flutter Mane|Protosynthesis\n|upkeep\n|\n|t:|1683656879\n|switch|p2b: Pawmot|Pawmot, L50, F|100\/100\n|switch|p1a: Flutter Mane|Flutter Mane, L50|100\/100\n|turn|6\n|\n|t:|1683656896\n|switch|p1b: Torkoal|Torkoal, L50, F|100\/100\n|-weather|SunnyDay|[from] ability: Drought|[of] p1b: Torkoal\n|-activate|p1a: Flutter Mane|ability: Protosynthesis\n|-start|p1a: Flutter Mane|protosynthesisspe\n|-activate|p2a: Flutter Mane|ability: Protosynthesis\n|-start|p2a: Flutter Mane|protosynthesisspa\n|move|p1a: Flutter Mane|Moonblast|p2b: Pawmot\n|-supereffective|p2b: Pawmot\n|-enditem|p2b: Pawmot|Focus Sash\n|-damage|p2b: Pawmot|1\/100\n|move|p2b: Pawmot|Revival Blessing|p2b: Pawmot\n|\n|t:|1683656911\n|-heal|p2: Tatsugiri|50\/100|[from] move: Revival Blessing\n|move|p2a: Flutter Mane|Dazzling Gleam|p1b: Torkoal|[spread] p1a,p1b\n|-resisted|p1b: Torkoal\n|-damage|p1a: Flutter Mane|39\/100\n|-damage|p1b: Torkoal|66\/100\n|\n|-weather|SunnyDay|[upkeep]\n|upkeep\n|turn|7\n|\n|t:|1683656929\n|-end|p2a: Flutter Mane|Protosynthesis|[silent]\n|switch|p2a: Tatsugiri|Tatsugiri, L50, F|50\/100\n|move|p1a: Flutter Mane|Moonblast|p2b: Pawmot\n|-supereffective|p2b: Pawmot\n|-damage|p2b: Pawmot|0 fnt\n|faint|p2b: Pawmot\n|move|p1b: Torkoal|Overheat|p2a: Tatsugiri\n|-resisted|p2a: Tatsugiri\n|-damage|p2a: Tatsugiri|32\/100\n|-unboost|p1b: Torkoal|spa|2\n|-enditem|p1b: Torkoal|Eject Pack\n|\n|t:|1683656934\n|switch|p1b: Chi-Yu|Chi-Yu, L50, tera:Grass|33\/100\n|-ability|p1b: Chi-Yu|Beads of Ruin\n|\n|-weather|SunnyDay|[upkeep]\n|upkeep\n|\n|t:|1683656936\n|switch|p2b: Flutter Mane|Flutter Mane, L50|100\/100\n|-activate|p2b: Flutter Mane|ability: Protosynthesis\n|-start|p2b: Flutter Mane|protosynthesisspa\n|turn|8\n|inactive|givi has 30 seconds left.\n|inactive|givi has 20 seconds left.\n|inactive|givi has 15 seconds left.\n|\n|t:|1683656981\n|move|p1a: Flutter Mane|Moonblast|p2b: Flutter Mane\n|-damage|p2b: Flutter Mane|7\/100\n|move|p2a: Tatsugiri|Draco Meteor|p1b: Chi-Yu\n|-damage|p1b: Chi-Yu|0 fnt\n|-unboost|p2a: Tatsugiri|spa|2\n|faint|p1b: Chi-Yu\n|move|p2b: Flutter Mane|Shadow Ball|p1a: Flutter Mane\n|-supereffective|p1a: Flutter Mane\n|-damage|p1a: Flutter Mane|0 fnt\n|faint|p1a: Flutter Mane\n|-end|p1a: Flutter Mane|Protosynthesis|[silent]\n|\n|-weather|SunnyDay|[upkeep]\n|upkeep\n|\n|t:|1683656988\n|switch|p1a: Torkoal|Torkoal, L50, F|66\/100\n|turn|9\n|\n|t:|1683656993\n|move|p2a: Tatsugiri|Draco Meteor|p1a: Torkoal\n|-damage|p1a: Torkoal|30\/100\n|-unboost|p2a: Tatsugiri|spa|2\n|move|p2b: Flutter Mane|Shadow Ball|p1a: Torkoal\n|-damage|p1a: Torkoal|0 fnt\n|faint|p1a: Torkoal\n|\n|win|jdtyhrg\n|raw|givi's rating: 1125 → 1093<\/strong> (-32 for losing)\n|raw|jdtyhrg's rating: 1032 → 1076<\/strong> (+44 for winning)\n|l|\u2606jdtyhrg\n|l|\u2606givi\n|j|\u2606jdtyhrg\n|player|p2|jdtyhrg|1\n","uploadtime":1683657119,"views":8,"p1id":"givi","p2id":"jdtyhrg","formatid":"gen9vgc2023regulationc","rating":1076,"private":0,"password":""}