{"id":"gen9vgc2023regulationc-1857235058","p1":"NicoHaxVGC","p2":"Ggjeed","format":"[Gen 9] VGC 2023 Regulation C","log":"|j|\u2606NicoHaxVGC\n|j|\u2606Ggjeed\n|t:|1683161515\n|gametype|doubles\n|player|p1|NicoHaxVGC|red|1355\n|player|p2|Ggjeed|101|1340\n|teamsize|p1|6\n|teamsize|p2|6\n|gen|9\n|tier|[Gen 9] VGC 2023 Regulation C\n|rated|\n|rule|Species Clause: Limit one of each Pok\u00e9mon\n|rule|Item Clause: Limit one of each item\n|clearpoke\n|poke|p1|Corviknight, L50, F|\n|poke|p1|Ting-Lu, L50|\n|poke|p1|Annihilape, L50, M|\n|poke|p1|Maushold, L50|\n|poke|p1|Iron Bundle, L50|\n|poke|p1|Flutter Mane, L50|\n|poke|p2|Gholdengo, L50|\n|poke|p2|Murkrow, L50, F|\n|poke|p2|Gyarados, L50, F|\n|poke|p2|Great Tusk, L50|\n|poke|p2|Chi-Yu, L50|\n|poke|p2|Brute Bonnet, L50|\n|teampreview|4\n|inactive|Battle timer is ON: inactive players will automatically lose when time's up. (requested by NicoHaxVGC)\n|inactive|NicoHaxVGC has 60 seconds left.\n|\n|t:|1683161552\n|start\n|switch|p1a: Robin|Annihilape, L50, M|100\/100\n|switch|p1b: Cyborg|Iron Bundle, L50|100\/100\n|switch|p2a: Chi-Yu|Chi-Yu, L50|100\/100\n|switch|p2b: Gholdengo|Gholdengo, L50|100\/100\n|-ability|p2a: Chi-Yu|Beads of Ruin\n|-enditem|p1b: Cyborg|Booster Energy\n|-activate|p1b: Cyborg|ability: Quark Drive|[fromitem]\n|-start|p1b: Cyborg|quarkdrivespe\n|turn|1\n|\n|t:|1683161577\n|move|p1b: Cyborg|Hydro Pump|p2a: Chi-Yu\n|-supereffective|p2a: Chi-Yu\n|-enditem|p2a: Chi-Yu|Focus Sash\n|-damage|p2a: Chi-Yu|1\/100\n|move|p2a: Chi-Yu|Heat Wave|p1a: Robin|[spread] p1a,p1b\n|-damage|p1a: Robin|54\/100\n|-damage|p1b: Cyborg|5\/100\n|-status|p1b: Cyborg|brn\n|move|p1a: Robin|Rage Fist|p2b: Gholdengo\n|-supereffective|p2b: Gholdengo\n|-damage|p2b: Gholdengo|20\/100\n|move|p2b: Gholdengo|Make It Rain|p1b: Cyborg|[spread] p1a,p1b\n|-damage|p1a: Robin|2\/100\n|-damage|p1b: Cyborg|0 fnt\n|-unboost|p2b: Gholdengo|spa|1\n|faint|p1b: Cyborg\n|-end|p1b: Cyborg|Quark Drive|[silent]\n|\n|-heal|p1a: Robin|9\/100|[from] item: Leftovers\n|-heal|p2b: Gholdengo|26\/100|[from] item: Leftovers\n|upkeep\n|\n|t:|1683161598\n|switch|p1b: Star fire|Flutter Mane, L50|100\/100\n|turn|2\n|inactive|Ggjeed has 30 seconds left.\n|\n|t:|1683161628\n|move|p1a: Robin|Protect|p1a: Robin\n|-singleturn|p1a: Robin|Protect\n|move|p1b: Star fire|Dazzling Gleam|p2a: Chi-Yu|[spread] p2a,p2b\n|-resisted|p2b: Gholdengo\n|-damage|p2a: Chi-Yu|0 fnt\n|-damage|p2b: Gholdengo|0 fnt\n|faint|p2a: Chi-Yu\n|faint|p2b: Gholdengo\n|\n|-heal|p1a: Robin|15\/100|[from] item: Leftovers\n|upkeep\n|\n|t:|1683161636\n|switch|p2a: Gyarados|Gyarados, L50, F|100\/100\n|switch|p2b: Brute Bonnet|Brute Bonnet, L50|100\/100\n|-ability|p2a: Gyarados|Intimidate|boost\n|-unboost|p1a: Robin|atk|1\n|-ability|p1a: Robin|Defiant|boost\n|-boost|p1a: Robin|atk|2\n|-unboost|p1b: Star fire|atk|1\n|turn|3\n|\n|t:|1683161658\n|switch|p1a: Maushold|Maushold, L50|100\/100\n|-terastallize|p2b: Brute Bonnet|Fire\n|move|p2b: Brute Bonnet|Sucker Punch||[still]\n|-fail|p2b: Brute Bonnet\n|move|p1b: Star fire|Dazzling Gleam|p2b: Brute Bonnet|[spread] p2a,p2b\n|-resisted|p2b: Brute Bonnet\n|-damage|p2a: Gyarados|60\/100\n|-damage|p2b: Brute Bonnet|80\/100\n|move|p2a: Gyarados|Thunder Wave|p1b: Star fire\n|-status|p1b: Star fire|par\n|\n|upkeep\n|turn|4\n|inactive|Ggjeed has 30 seconds left.\n|inactive|Ggjeed has 20 seconds left.\n|\n|t:|1683161696\n|move|p1a: Maushold|Super Fang|p2b: Brute Bonnet|[miss]\n|-miss|p1a: Maushold|p2b: Brute Bonnet\n|move|p2a: Gyarados|Waterfall|p1b: Star fire\n|-damage|p1b: Star fire|47\/100 par\n|move|p2b: Brute Bonnet|Bullet Seed|p1b: Star fire\n|-damage|p1b: Star fire|30\/100 par\n|-damage|p1b: Star fire|12\/100 par\n|-damage|p1b: Star fire|0 fnt\n|faint|p1b: Star fire\n|-end|p1b: Star fire|Protosynthesis|[silent]\n|-hitcount|p1: Star fire|3\n|\n|upkeep\n|\n|t:|1683161714\n|switch|p1b: Robin|Annihilape, L50, M|15\/100\n|turn|5\n|\n|t:|1683161734\n|move|p1a: Maushold|Follow Me|p1a: Maushold\n|-singleturn|p1a: Maushold|move: Follow Me\n|move|p1b: Robin|Rage Fist|p2b: Brute Bonnet\n|-damage|p2b: Brute Bonnet|14\/100\n|move|p2a: Gyarados|Waterfall|p1a: Maushold\n|-damage|p1a: Maushold|47\/100\n|move|p2b: Brute Bonnet|Bullet Seed|p1a: Maushold\n|-damage|p1a: Maushold|30\/100\n|-damage|p1a: Maushold|12\/100\n|-damage|p1a: Maushold|0 fnt\n|faint|p1a: Maushold\n|-hitcount|p1: Maushold|3\n|\n|-heal|p1b: Robin|21\/100|[from] item: Leftovers\n|upkeep\n|turn|6\n|\n|t:|1683161748\n|move|p1b: Robin|Protect|p1b: Robin\n|-singleturn|p1b: Robin|Protect\n|move|p2b: Brute Bonnet|Sucker Punch||[still]\n|-fail|p2b: Brute Bonnet\n|move|p2a: Gyarados|Waterfall|p1b: Robin\n|-activate|p1b: Robin|move: Protect\n|\n|-heal|p1b: Robin|27\/100|[from] item: Leftovers\n|upkeep\n|turn|7\n|\n|t:|1683161759\n|move|p2b: Brute Bonnet|Sucker Punch|p1b: Robin\n|-damage|p1b: Robin|0 fnt\n|faint|p1b: Robin\n|\n|win|Ggjeed\n|raw|NicoHaxVGC's rating: 1355 → 1334<\/strong> (-21 for losing)\n|raw|Ggjeed's rating: 1340 → 1361<\/strong> (+21 for winning)\n|c|\u2606NicoHaxVGC|gg\n","uploadtime":1683161764,"views":18,"p1id":"nicohaxvgc","p2id":"ggjeed","formatid":"gen9vgc2023regulationc","rating":1334,"private":0,"password":""}