{"id":"gen9vgc2023regulationc-1849275247","p1":"Mavrjce","p2":"Xepher008","format":"[Gen 9] VGC 2023 Regulation C","log":"|j|\u2606Mavrjce\n|j|\u2606Xepher008\n|t:|1682180597\n|gametype|doubles\n|player|p1|Mavrjce|102|1111\n|player|p2|Xepher008|266|1174\n|teamsize|p1|6\n|teamsize|p2|6\n|gen|9\n|tier|[Gen 9] VGC 2023 Regulation C\n|rated|\n|rule|Species Clause: Limit one of each Pok\u00e9mon\n|rule|Item Clause: Limit one of each item\n|clearpoke\n|poke|p1|Gardevoir, L50, F|\n|poke|p1|Iron Bundle, L50|\n|poke|p1|Chi-Yu, L50|\n|poke|p1|Garchomp, L50, F|\n|poke|p1|Corviknight, L50, F|\n|poke|p1|Amoonguss, L50, F|\n|poke|p2|Flutter Mane, L50|\n|poke|p2|Gastrodon, L50, F|\n|poke|p2|Chi-Yu, L50|\n|poke|p2|Chien-Pao, L50|\n|poke|p2|Dragonite, L50, F|\n|poke|p2|Amoonguss, L50, M|\n|teampreview|4\n|inactive|Battle timer is ON: inactive players will automatically lose when time's up. (requested by Xepher008)\n|\n|t:|1682180643\n|start\n|switch|p1a: Iron Bundle|Iron Bundle, L50|100\/100\n|switch|p1b: Garchomp|Garchomp, L50, F|100\/100\n|switch|p2a: Chi-Yu|Chi-Yu, L50|100\/100\n|switch|p2b: Gastrodon|Gastrodon, L50, F|100\/100\n|-ability|p2a: Chi-Yu|Beads of Ruin\n|-enditem|p1a: Iron Bundle|Booster Energy\n|-activate|p1a: Iron Bundle|ability: Quark Drive|[fromitem]\n|-start|p1a: Iron Bundle|quarkdrivespe\n|turn|1\n|inactive|Mavrjce has 30 seconds left.\n|\n|t:|1682180673\n|-terastallize|p2b: Gastrodon|Fire\n|move|p1b: Garchomp|Protect|p1b: Garchomp\n|-singleturn|p1b: Garchomp|Protect\n|move|p1a: Iron Bundle|Icy Wind|p2a: Chi-Yu|[spread] p2a,p2b\n|-resisted|p2a: Chi-Yu\n|-resisted|p2b: Gastrodon\n|-crit|p2b: Gastrodon\n|-damage|p2a: Chi-Yu|89\/100\n|-damage|p2b: Gastrodon|80\/100\n|-unboost|p2a: Chi-Yu|spe|1\n|-unboost|p2b: Gastrodon|spe|1\n|move|p2a: Chi-Yu|Heat Wave|p1b: Garchomp|[spread] p1a\n|-activate|p1b: Garchomp|move: Protect\n|-damage|p1a: Iron Bundle|1\/100\n|move|p2b: Gastrodon|Muddy Water|p1a: Iron Bundle|[spread] \n|-activate|p1b: Garchomp|move: Protect\n|-miss|p2b: Gastrodon|p1a: Iron Bundle\n|\n|upkeep\n|turn|2\n|inactive|Mavrjce has 30 seconds left.\n|inactive|Xepher008 has 30 seconds left.\n|inactive|Mavrjce has 20 seconds left.\n|inactive|Mavrjce has 15 seconds left.\n|inactive|Mavrjce has 10 seconds left.\n|\n|t:|1682180721\n|-end|p1a: Iron Bundle|Quark Drive|[silent]\n|switch|p1a: Chi-Yu|Chi-Yu, L50|100\/100\n|-ability|p1a: Chi-Yu|Beads of Ruin\n|move|p2a: Chi-Yu|Protect|p2a: Chi-Yu\n|-singleturn|p2a: Chi-Yu|Protect\n|move|p1b: Garchomp|Earthquake|p2a: Chi-Yu|[spread] p1a,p2b\n|-activate|p2a: Chi-Yu|move: Protect\n|-supereffective|p1a: Chi-Yu\n|-supereffective|p2b: Gastrodon\n|-enditem|p1a: Chi-Yu|Focus Sash\n|-damage|p1a: Chi-Yu|1\/100\n|-damage|p2b: Gastrodon|0 fnt\n|faint|p2b: Gastrodon\n|-damage|p1b: Garchomp|91\/100|[from] item: Life Orb\n|\n|upkeep\n|\n|t:|1682180737\n|switch|p2b: Flutter Mane|Flutter Mane, L50|100\/100\n|turn|3\n|inactive|Xepher008 has 30 seconds left.\n|\n|t:|1682180772\n|switch|p2a: Amoonguss|Amoonguss, L50, M|100\/100\n|move|p1b: Garchomp|Protect|p1b: Garchomp\n|-singleturn|p1b: Garchomp|Protect\n|move|p2b: Flutter Mane|Dazzling Gleam|p1b: Garchomp|[spread] p1a\n|-activate|p1b: Garchomp|move: Protect\n|-damage|p1a: Chi-Yu|0 fnt\n|faint|p1a: Chi-Yu\n|\n|upkeep\n|\n|t:|1682180784\n|switch|p1a: Iron Bundle|Iron Bundle, L50|1\/100\n|turn|4\n|\n|t:|1682180811\n|switch|p1b: Gardevoir|Gardevoir, L50, F|100\/100\n|-ability|p1b: Gardevoir|Regenerator|[from] ability: Trace|[of] p2a: Amoonguss\n|move|p1a: Iron Bundle|Icy Wind|p2a: Amoonguss|[spread] p2a,p2b\n|-supereffective|p2a: Amoonguss\n|-damage|p2a: Amoonguss|65\/100\n|-damage|p2b: Flutter Mane|77\/100\n|-unboost|p2a: Amoonguss|spe|1\n|-unboost|p2b: Flutter Mane|spe|1\n|move|p2b: Flutter Mane|Dazzling Gleam|p1a: Iron Bundle|[spread] p1a,p1b\n|-crit|p1a: Iron Bundle\n|-damage|p1a: Iron Bundle|0 fnt\n|-damage|p1b: Gardevoir|54\/100\n|faint|p1a: Iron Bundle\n|-end|p1a: Iron Bundle|Quark Drive|[silent]\n|move|p2a: Amoonguss|Pollen Puff|p1b: Gardevoir\n|-damage|p1b: Gardevoir|35\/100\n|-enditem|p1b: Gardevoir|Sitrus Berry|[eat]\n|-heal|p1b: Gardevoir|60\/100|[from] item: Sitrus Berry\n|\n|upkeep\n|\n|t:|1682180832\n|switch|p1a: Garchomp|Garchomp, L50, F|91\/100\n|turn|5\n|\n|t:|1682180849\n|-end|p2b: Flutter Mane|Protosynthesis|[silent]\n|switch|p2b: Chi-Yu|Chi-Yu, L50|89\/100\n|-ability|p2b: Chi-Yu|Beads of Ruin\n|move|p1a: Garchomp|Rock Slide|p2b: Chi-Yu|[spread] p2a,p2b\n|-supereffective|p2b: Chi-Yu\n|-damage|p2a: Amoonguss|46\/100\n|-damage|p2b: Chi-Yu|0 fnt\n|faint|p2b: Chi-Yu\n|-damage|p1a: Garchomp|81\/100|[from] item: Life Orb\n|move|p1b: Gardevoir|Shadow Ball|p2a: Amoonguss\n|-damage|p2a: Amoonguss|24\/100\n|cant|p2a: Amoonguss|flinch\n|\n|upkeep\n|\n|t:|1682180865\n|switch|p2b: Flutter Mane|Flutter Mane, L50|77\/100\n|turn|6\n|inactive|Mavrjce has 30 seconds left.\n|inactive|Mavrjce has 20 seconds left.\n|\n|t:|1682180902\n|move|p1b: Gardevoir|Protect|p1b: Gardevoir\n|-singleturn|p1b: Gardevoir|Protect\n|move|p2b: Flutter Mane|Moonblast|p1a: Garchomp\n|-supereffective|p1a: Garchomp\n|-damage|p1a: Garchomp|0 fnt\n|faint|p1a: Garchomp\n|move|p2a: Amoonguss|Spore|p1b: Gardevoir\n|-activate|p1b: Gardevoir|move: Protect\n|\n|upkeep\n|turn|7\n|\n|t:|1682180916\n|move|p2b: Flutter Mane|Moonblast|p1b: Gardevoir\n|-damage|p1b: Gardevoir|0 fnt\n|faint|p1b: Gardevoir\n|\n|win|Xepher008\n|raw|Mavrjce's rating: 1111 → 1090<\/strong> (-21 for losing)\n|raw|Xepher008's rating: 1174 → 1195<\/strong> (+21 for winning)\n|l|\u2606Mavrjce\n","uploadtime":1682180927,"views":3,"p1id":"mavrjce","p2id":"xepher008","formatid":"gen9vgc2023regulationc","rating":1090,"private":0,"password":""}