{"id":"gen9vgc2023regulationc-1854540782","p1":"UserOmega","p2":"hoeheng","format":"[Gen 9] VGC 2023 Regulation C","log":"|j|\u2606UserOmega\n|j|\u2606hoeheng\n|t:|1682824333\n|gametype|doubles\n|player|p1|UserOmega|youngcouple-gen4dp|1378\n|player|p2|hoeheng|hilda|1447\n|teamsize|p1|6\n|teamsize|p2|6\n|gen|9\n|tier|[Gen 9] VGC 2023 Regulation C\n|rated|\n|rule|Species Clause: Limit one of each Pok\u00e9mon\n|rule|Item Clause: Limit one of each item\n|clearpoke\n|poke|p1|Ting-Lu, L50|\n|poke|p1|Glimmora, L50, F|\n|poke|p1|Scream Tail, L50|\n|poke|p1|Annihilape, L50, F|\n|poke|p1|Klefki, L50, M|\n|poke|p1|Dragapult, L50, M|\n|poke|p2|Iron Hands, L50|\n|poke|p2|Sableye, L50, F|\n|poke|p2|Flutter Mane, L50|\n|poke|p2|Arcanine, L50, M|\n|poke|p2|Ting-Lu, L50|\n|poke|p2|Amoonguss, L50, M|\n|teampreview|4\n|\n|t:|1682824352\n|start\n|switch|p1a: Annihilape|Annihilape, L50, F|100\/100\n|switch|p1b: Klefki|Klefki, L50, M|100\/100\n|switch|p2a: Flutter Mane|Flutter Mane, L50|100\/100\n|switch|p2b: Iron Hands|Iron Hands, L50|100\/100\n|turn|1\n|\n|t:|1682824366\n|move|p1a: Annihilape|Protect|p1a: Annihilape\n|-singleturn|p1a: Annihilape|Protect\n|move|p1b: Klefki|Light Screen|p1b: Klefki\n|-sidestart|p1: UserOmega|move: Light Screen\n|move|p2a: Flutter Mane|Moonblast|p1a: Annihilape\n|-activate|p1a: Annihilape|move: Protect\n|move|p2b: Iron Hands|Belly Drum|p2b: Iron Hands\n|-damage|p2b: Iron Hands|50\/100\n|-setboost|p2b: Iron Hands|atk|6|[from] move: Belly Drum\n|-enditem|p2b: Iron Hands|Sitrus Berry|[eat]\n|-heal|p2b: Iron Hands|75\/100|[from] item: Sitrus Berry\n|\n|upkeep\n|turn|2\n|\n|t:|1682824390\n|-terastallize|p1a: Annihilape|Fire\n|move|p2a: Flutter Mane|Moonblast|p1a: Annihilape\n|-resisted|p1a: Annihilape\n|-damage|p1a: Annihilape|77\/100\n|move|p1a: Annihilape|Rage Fist|p2b: Iron Hands\n|-damage|p2b: Iron Hands|44\/100\n|move|p1b: Klefki|Play Rough|p2b: Iron Hands\n|-supereffective|p2b: Iron Hands\n|-crit|p2b: Iron Hands\n|-damage|p2b: Iron Hands|0 fnt\n|faint|p2b: Iron Hands\n|-end|p2b: Iron Hands|Quark Drive|[silent]\n|\n|upkeep\n|c|\u2606UserOmega|RIP\n|\n|t:|1682824408\n|switch|p2b: Mara-Tang|Ting-Lu, L50|100\/100\n|-ability|p2b: Mara-Tang|Vessel of Ruin\n|turn|3\n|\n|t:|1682824414\n|-end|p2a: Flutter Mane|Protosynthesis|[silent]\n|switch|p2a: Imposter|Amoonguss, L50, M|100\/100\n|move|p1a: Annihilape|Protect|p1a: Annihilape\n|-singleturn|p1a: Annihilape|Protect\n|move|p1b: Klefki|Reflect|p1b: Klefki\n|-sidestart|p1: UserOmega|Reflect\n|move|p2b: Mara-Tang|Stomping Tantrum|p1a: Annihilape\n|-activate|p1a: Annihilape|move: Protect\n|\n|upkeep\n|turn|4\n|\n|t:|1682824431\n|move|p1b: Klefki|Thunder Wave|p2a: Imposter\n|-status|p2a: Imposter|par\n|move|p1a: Annihilape|Bulk Up|p1a: Annihilape\n|-boost|p1a: Annihilape|atk|1\n|-boost|p1a: Annihilape|def|1\n|move|p2b: Mara-Tang|Stomping Tantrum|p1a: Annihilape\n|-supereffective|p1a: Annihilape\n|-damage|p1a: Annihilape|45\/100\n|move|p2a: Imposter|Spore|p1b: Klefki\n|-status|p1b: Klefki|slp|[from] move: Spore\n|\n|upkeep\n|turn|5\n|\n|t:|1682824457\n|switch|p1b: Scream Tail|Scream Tail, L50|100\/100\n|-enditem|p1b: Scream Tail|Booster Energy\n|-activate|p1b: Scream Tail|ability: Protosynthesis|[fromitem]\n|-start|p1b: Scream Tail|protosynthesisspe\n|move|p1a: Annihilape|Drain Punch|p2b: Mara-Tang\n|-supereffective|p2b: Mara-Tang\n|-damage|p2b: Mara-Tang|39\/100\n|-heal|p1a: Annihilape|84\/100|[from] drain|[of] p2b: Mara-Tang\n|move|p2b: Mara-Tang|Fissure|p1b: Scream Tail|[miss]\n|-miss|p2b: Mara-Tang|p1b: Scream Tail\n|cant|p2a: Imposter|par\n|\n|upkeep\n|turn|6\n|\n|t:|1682824479\n|switch|p2b: Flutter Mane|Flutter Mane, L50|100\/100\n|move|p1b: Scream Tail|Play Rough|p2b: Flutter Mane|[miss]\n|-miss|p1b: Scream Tail|p2b: Flutter Mane\n|move|p1a: Annihilape|Rage Fist|p2a: Imposter\n|-damage|p2a: Imposter|20\/100 par\n|-enditem|p2a: Imposter|Aguav Berry|[eat]\n|-heal|p2a: Imposter|53\/100 par|[from] item: Aguav Berry\n|cant|p2a: Imposter|par\n|\n|upkeep\n|turn|7\n|\n|t:|1682824496\n|cant|p2a: Imposter|par\n|move|p1b: Scream Tail|Psychic Fangs|p2b: Flutter Mane\n|-damage|p2b: Flutter Mane|54\/100\n|move|p2b: Flutter Mane|Shadow Ball|p1a: Annihilape\n|-damage|p1a: Annihilape|39\/100\n|move|p1a: Annihilape|Rage Fist|p2b: Flutter Mane\n|-supereffective|p2b: Flutter Mane\n|-damage|p2b: Flutter Mane|0 fnt\n|faint|p2b: Flutter Mane\n|-end|p2b: Flutter Mane|Protosynthesis|[silent]\n|\n|upkeep\n|-message|hoeheng forfeited.\n|\n|win|UserOmega\n|raw|UserOmega's rating: 1378 → 1402<\/strong> (+24 for winning)\n|raw|hoeheng's rating: 1447 → 1423<\/strong> (-24 for losing)\n|l|\u2606hoeheng\n","uploadtime":1682824515,"views":11,"p1id":"useromega","p2id":"hoeheng","formatid":"gen9vgc2023regulationc","rating":1402,"private":0,"password":""}