{"id":"gen9vgc2023regulationc-1859917137","p1":"JavierTheFox","p2":"Natfully","format":"[Gen 9] VGC 2023 Regulation C","log":"|j|\u2606JavierTheFox\n|j|\u2606Natfully\n|t:|1683575554\n|gametype|doubles\n|player|p1|JavierTheFox|1|\n|player|p2|Natfully|cynthia-gen4|\n|teamsize|p1|6\n|teamsize|p2|6\n|gen|9\n|tier|[Gen 9] VGC 2023 Regulation C\n|rated|Tournament battle\n|rule|Species Clause: Limit one of each Pok\u00e9mon\n|rule|Item Clause: Limit one of each item\n|clearpoke\n|poke|p1|Glimmora, L50, F|\n|poke|p1|Tyranitar, L50, M|\n|poke|p1|Lycanroc, L50, F|\n|poke|p1|Iron Bundle, L50|\n|poke|p1|Wo-Chien, L50|\n|poke|p1|Amoonguss, L50, M|\n|poke|p2|Maushold, L50|\n|poke|p2|Annihilape, L50, F|\n|poke|p2|Flutter Mane, L50|\n|poke|p2|Torkoal, L50, M|\n|poke|p2|Farigiraf, L50, F|\n|poke|p2|Ting-Lu, L50|\n|teampreview|4\n|raw| Open Team Sheet for JavierTheFox<\/summary>Dad's Plug (Glimmora) @ Passho Berry Ability: Toxic Debris Level: 50 Tera Type: Flying - Mortal Spin - Venoshock - Dazzling Gleam - Earth Power Tyranitar @ Aguav Berry Ability: Sand Stream Level: 50 Tera Type: Flying - Tera Blast - Rock Slide - Protect - Stomping Tantrum Lycanroc @ Focus Sash Ability: Sand Rush Level: 50 Tera Type: Rock - Rock Slide - Endeavor - Protect - Close Combat Santa (Iron Bundle) @ Choice Specs Ability: Quark Drive Level: 50 Tera Type: Ice - Flip Turn - Hydro Pump - Blizzard - Freeze-Dry Wo-Chien @ Leftovers Ability: Tablets of Ruin Level: 50 Tera Type: Poison - Leech Seed - Protect - Ruination - Pollen Puff Amoonguss @ Mago Berry Ability: Effect Spore Level: 50 Tera Type: Water - Rage Powder - Spore - Clear Smog - Pollen Puff <\/details><\/div> Open Team Sheet for Natfully<\/summary>Maushold @ Safety Goggles Ability: Friend Guard Level: 50 Tera Type: Ghost - Beat Up - Super Fang - Follow Me - Helping Hand Annihilape @ Leftovers Ability: Defiant Level: 50 Tera Type: Fire - Rage Fist - Drain Punch - Bulk Up - Protect Flutter Mane @ Focus Sash Ability: Protosynthesis Level: 50 Tera Type: Fairy - Shadow Ball - Dazzling Gleam - Trick Room - Protect Torkoal @ Charcoal Ability: Drought Level: 50 Tera Type: Fire - Eruption - Overheat - Earth Power - Protect Farigiraf @ Throat Spray Ability: Armor Tail Level: 50 Tera Type: Normal - Hyper Voice - Psyshock - Trick Room - Protect Ting-Lu @ Assault Vest Ability: Vessel of Ruin Level: 50 Tera Type: Water - Stomping Tantrum - Heavy Slam - Ruination - Fissure <\/details><\/div>\n|\n|t:|1683575596\n|start\n|switch|p1a: Dad's Plug|Glimmora, L50, F|100\/100\n|switch|p1b: Santa|Iron Bundle, L50|100\/100\n|switch|p2a: Maushold|Maushold, L50|100\/100\n|switch|p2b: Annihilape|Annihilape, L50, F|100\/100\n|turn|1\n|\n|t:|1683575606\n|move|p1b: Santa|Flip Turn|p1a: Dad's Plug\n|-supereffective|p1a: Dad's Plug\n|-enditem|p1a: Dad's Plug|Passho Berry|[eat]\n|-enditem|p1a: Dad's Plug|Passho Berry|[weaken]\n|-damage|p1a: Dad's Plug|83\/100\n|-activate|p1a: Dad's Plug|ability: Toxic Debris\n|-sidestart|p2: Natfully|move: Toxic Spikes\n|\n|t:|1683575614\n|-end|p1b: Santa|Quark Drive|[silent]\n|switch|p1b: Lycanroc|Lycanroc, L50, F|100\/100|[from] Flip Turn\n|move|p1a: Dad's Plug|Mortal Spin|p2b: Annihilape|[spread] p2a,p2b\n|-resisted|p2b: Annihilape\n|-damage|p2a: Maushold|96\/100\n|-damage|p2b: Annihilape|99\/100\n|-status|p2a: Maushold|psn\n|-status|p2b: Annihilape|psn\n|move|p2a: Maushold|Beat Up|p2b: Annihilape\n|-damage|p2b: Annihilape|97\/100 psn\n|-damage|p2b: Annihilape|95\/100 psn\n|-damage|p2b: Annihilape|93\/100 psn\n|-hitcount|p2b: Annihilape|3\n|move|p2b: Annihilape|Rage Fist|p1b: Lycanroc\n|-enditem|p1b: Lycanroc|Focus Sash\n|-damage|p1b: Lycanroc|1\/100\n|\n|-heal|p2b: Annihilape|99\/100 psn|[from] item: Leftovers\n|-damage|p2a: Maushold|83\/100 psn|[from] psn\n|-damage|p2b: Annihilape|87\/100 psn|[from] psn\n|upkeep\n|turn|2\n|\n|t:|1683575630\n|move|p1b: Lycanroc|Protect|p1b: Lycanroc\n|-singleturn|p1b: Lycanroc|Protect\n|move|p1a: Dad's Plug|Dazzling Gleam|p2a: Maushold|[spread] p2a,p2b\n|-supereffective|p2b: Annihilape\n|-damage|p2a: Maushold|65\/100 psn\n|-damage|p2b: Annihilape|68\/100 psn\n|move|p2a: Maushold|Beat Up|p1b: Lycanroc\n|-activate|p1b: Lycanroc|move: Protect\n|move|p2b: Annihilape|Rage Fist|p1a: Dad's Plug\n|-damage|p1a: Dad's Plug|0 fnt\n|-activate|p1a: Dad's Plug|ability: Toxic Debris\n|-sidestart|p2: Natfully|move: Toxic Spikes\n|faint|p1a: Dad's Plug\n|\n|-heal|p2b: Annihilape|74\/100 psn|[from] item: Leftovers\n|-damage|p2a: Maushold|53\/100 psn|[from] psn\n|-damage|p2b: Annihilape|62\/100 psn|[from] psn\n|upkeep\n|inactive|Battle timer is ON: inactive players will automatically lose when time's up. (requested by Natfully)\n|\n|t:|1683575647\n|switch|p1a: Tyranitar|Tyranitar, L50, M|100\/100\n|-weather|Sandstorm|[from] ability: Sand Stream|[of] p1a: Tyranitar\n|turn|3\n|\n|t:|1683575663\n|-terastallize|p2b: Annihilape|Fire\n|-terastallize|p1a: Tyranitar|Flying\n|move|p1b: Lycanroc|Rock Slide|p2a: Maushold|[spread] p2a,p2b\n|-supereffective|p2b: Annihilape\n|-damage|p2a: Maushold|26\/100 psn\n|-damage|p2b: Annihilape|23\/100 psn\n|cant|p2a: Maushold|flinch\n|cant|p2b: Annihilape|flinch\n|move|p1a: Tyranitar|Tera Blast|p2b: Annihilape\n|-damage|p2b: Annihilape|0 fnt\n|faint|p2b: Annihilape\n|\n|-weather|Sandstorm|[upkeep]\n|-damage|p1a: Tyranitar|95\/100|[from] Sandstorm\n|-damage|p2a: Maushold|14\/100 psn|[from] psn\n|upkeep\n|\n|t:|1683575669\n|switch|p2b: Ting-Lu|Ting-Lu, L50|100\/100\n|-status|p2b: Ting-Lu|tox\n|-ability|p2b: Ting-Lu|Vessel of Ruin\n|turn|4\n|c|\u2606JavierTheFox|dorime\n|\n|t:|1683575686\n|move|p1b: Lycanroc|Protect|p1b: Lycanroc\n|-singleturn|p1b: Lycanroc|Protect\n|move|p2a: Maushold|Follow Me|p2a: Maushold\n|-singleturn|p2a: Maushold|move: Follow Me\n|move|p1a: Tyranitar|Tera Blast|p2a: Maushold\n|-damage|p2a: Maushold|0 fnt\n|faint|p2a: Maushold\n|move|p2b: Ting-Lu|Stomping Tantrum|p1b: Lycanroc\n|-activate|p1b: Lycanroc|move: Protect\n|\n|-weather|Sandstorm|[upkeep]\n|-damage|p1a: Tyranitar|89\/100|[from] Sandstorm\n|-damage|p2b: Ting-Lu|95\/100 tox|[from] psn\n|upkeep\n|\n|t:|1683575688\n|switch|p2a: Farigiraf|Farigiraf, L50, F|100\/100\n|-status|p2a: Farigiraf|tox\n|turn|5\n|\n|t:|1683575698\n|move|p2a: Farigiraf|Protect|p2a: Farigiraf\n|-singleturn|p2a: Farigiraf|Protect\n|move|p1b: Lycanroc|Rock Slide|p2b: Ting-Lu|[spread] p2b\n|-activate|p2a: Farigiraf|move: Protect\n|-resisted|p2b: Ting-Lu\n|-damage|p2b: Ting-Lu|87\/100 tox\n|move|p1a: Tyranitar|Rock Slide|p2b: Ting-Lu|[spread] p2b\n|-activate|p2a: Farigiraf|move: Protect\n|-resisted|p2b: Ting-Lu\n|-damage|p2b: Ting-Lu|77\/100 tox\n|cant|p2b: Ting-Lu|flinch\n|\n|-weather|Sandstorm|[upkeep]\n|-damage|p1a: Tyranitar|83\/100|[from] Sandstorm\n|-damage|p2a: Farigiraf|94\/100 tox|[from] Sandstorm\n|-damage|p2a: Farigiraf|88\/100 tox|[from] psn\n|-damage|p2b: Ting-Lu|65\/100 tox|[from] psn\n|upkeep\n|turn|6\n|\n|t:|1683575714\n|move|p1b: Lycanroc|Close Combat|p2b: Ting-Lu\n|-supereffective|p2b: Ting-Lu\n|-damage|p2b: Ting-Lu|17\/100 tox\n|-unboost|p1b: Lycanroc|def|1\n|-unboost|p1b: Lycanroc|spd|1\n|move|p1a: Tyranitar|Rock Slide|p2a: Farigiraf|[spread] p2a,p2b\n|-resisted|p2b: Ting-Lu\n|-damage|p2a: Farigiraf|52\/100 tox\n|-damage|p2b: Ting-Lu|6\/100 tox\n|cant|p2a: Farigiraf|flinch\n|cant|p2b: Ting-Lu|flinch\n|\n|-weather|Sandstorm|[upkeep]\n|-damage|p1a: Tyranitar|77\/100|[from] Sandstorm\n|-damage|p2a: Farigiraf|46\/100 tox|[from] Sandstorm\n|-damage|p2a: Farigiraf|34\/100 tox|[from] psn\n|-damage|p2b: Ting-Lu|0 fnt|[from] psn\n|faint|p2b: Ting-Lu\n|upkeep\n|turn|7\n|c|\u2606JavierTheFox|HOOOLY\n|\n|t:|1683575732\n|move|p1b: Lycanroc|Close Combat|p2a: Farigiraf\n|-damage|p2a: Farigiraf|0 fnt\n|-unboost|p1b: Lycanroc|def|1\n|-unboost|p1b: Lycanroc|spd|1\n|faint|p2a: Farigiraf\n|\n|win|JavierTheFox\n|n|\u2606JavierTheFox|javierthefox\n|n|\u2606Natfully|natfully\n|c|\u2606JavierTheFox|gg\n","uploadtime":1683575739,"views":16,"p1id":"javierthefox","p2id":"natfully","formatid":"gen9vgc2023regulationc","rating":0,"private":0,"password":""}