{"id":"gen9vgc2023regulationc-1862426077","p1":"hfg gncfvt","p2":"Mukkino","format":"[Gen 9] VGC 2023 Regulation C","log":"|j|\u2606hfg gncfvt\n|j|\u2606Mukkino\n|t:|1683884155\n|gametype|doubles\n|player|p1|hfg gncfvt|169|1190\n|player|p2|Mukkino|rancher|1115\n|teamsize|p1|6\n|teamsize|p2|6\n|gen|9\n|tier|[Gen 9] VGC 2023 Regulation C\n|rated|\n|rule|Species Clause: Limit one of each Pok\u00e9mon\n|rule|Item Clause: Limit one of each item\n|clearpoke\n|poke|p1|Palafin, L50, F|\n|poke|p1|Amoonguss, L50, F|\n|poke|p1|Chien-Pao, L50|\n|poke|p1|Iron Hands, L50|\n|poke|p1|Pelipper, L50, F|\n|poke|p1|Dragapult, L50, M|\n|poke|p2|Flutter Mane, L50|\n|poke|p2|Arcanine, L50, F|\n|poke|p2|Amoonguss, L50, F|\n|poke|p2|Palafin, L50, M|\n|poke|p2|Iron Moth, L50|\n|poke|p2|Roaring Moon, L50|\n|teampreview|4\nhfg gncfvt rejected open team sheets.\n|inactive|Battle timer is ON: inactive players will automatically lose when time's up. (requested by hfg gncfvt)\n|\n|t:|1683884185\n|start\n|switch|p1a: RandyHLD|Dragapult, L50, M|100\/100\n|switch|p1b: Gilberto|Chien-Pao, L50|100\/100\n|switch|p2a: Roaring Moon|Roaring Moon, L50|100\/100\n|switch|p2b: Arcanine|Arcanine, L50, F|100\/100\n|-ability|p1b: Gilberto|Sword of Ruin\n|-ability|p2b: Arcanine|Intimidate|boost\n|-fail|p1a: RandyHLD|unboost|[from] ability: Clear Body|[of] p1a: RandyHLD\n|-unboost|p1b: Gilberto|atk|1\n|-enditem|p2a: Roaring Moon|Booster Energy\n|-activate|p2a: Roaring Moon|ability: Protosynthesis|[fromitem]\n|-start|p2a: Roaring Moon|protosynthesisatk\n|turn|1\n|inactive|hfg gncfvt has 30 seconds left.\n|\n|t:|1683884213\n|move|p2a: Roaring Moon|Protect|p2a: Roaring Moon\n|-singleturn|p2a: Roaring Moon|Protect\n|move|p1a: RandyHLD|Dragon Darts|p2b: Arcanine\n|-damage|p2b: Arcanine|44\/100\n|-anim|p1a: RandyHLD|Dragon Darts|p2b: Arcanine\n|-damage|p2b: Arcanine|0 fnt\n|faint|p2b: Arcanine\n|move|p1b: Gilberto|Ice Spinner|p2a: Roaring Moon\n|-activate|p2a: Roaring Moon|move: Protect\n|\n|upkeep\n|inactive|Mukkino has 30 seconds left.\n|\n|t:|1683884242\n|switch|p2b: Flutter Mane|Flutter Mane, L50|100\/100\n|turn|2\n|inactive|hfg gncfvt has 30 seconds left.\n|\n|t:|1683884270\n|-terastallize|p2a: Roaring Moon|Flying\n|move|p1b: Gilberto|Sucker Punch|p2b: Flutter Mane\n|-damage|p2b: Flutter Mane|41\/100\n|-damage|p1b: Gilberto|91\/100|[from] item: Life Orb\n|move|p1a: RandyHLD|Dragon Darts|p2a: Roaring Moon\n|-damage|p2a: Roaring Moon|35\/100\n|-anim|p1a: RandyHLD|Dragon Darts|p2a: Roaring Moon\n|-damage|p2a: Roaring Moon|0 fnt\n|faint|p2a: Roaring Moon\n|-end|p2a: Roaring Moon|Protosynthesis|[silent]\n|move|p2b: Flutter Mane|Dazzling Gleam|p1a: RandyHLD|[spread] p1a,p1b\n|-supereffective|p1a: RandyHLD\n|-supereffective|p1b: Gilberto\n|-damage|p1a: RandyHLD|0 fnt\n|-damage|p1b: Gilberto|0 fnt\n|faint|p1a: RandyHLD\n|faint|p1b: Gilberto\n|\n|upkeep\n|\n|t:|1683884291\n|switch|p1a: PDE Masto|Iron Hands, L50|100\/100\n|switch|p1b: Kats|Amoonguss, L50, F|100\/100\n|switch|p2a: Iron Moth|Iron Moth, L50|100\/100\n|turn|3\n|\n|t:|1683884312\n|move|p1a: PDE Masto|Fake Out|p2a: Iron Moth\n|-damage|p2a: Iron Moth|78\/100\n|cant|p2a: Iron Moth|flinch\n|move|p2b: Flutter Mane|Dazzling Gleam|p1a: PDE Masto|[spread] p1a,p1b\n|-supereffective|p1a: PDE Masto\n|-resisted|p1b: Kats\n|-damage|p1a: PDE Masto|56\/100\n|-damage|p1b: Kats|81\/100\n|move|p1b: Kats|Spore|p2b: Flutter Mane\n|-status|p2b: Flutter Mane|slp|[from] move: Spore\n|\n|upkeep\n|turn|4\n|\n|t:|1683884330\n|move|p2a: Iron Moth|Fiery Dance|p1a: PDE Masto\n|-damage|p1a: PDE Masto|37\/100\n|cant|p2b: Flutter Mane|slp\n|move|p1a: PDE Masto|Drain Punch|p2a: Iron Moth\n|-resisted|p2a: Iron Moth\n|-damage|p2a: Iron Moth|47\/100\n|-heal|p1a: PDE Masto|47\/100|[from] drain|[of] p2a: Iron Moth\n|move|p1b: Kats|Pollen Puff|p1a: PDE Masto\n|-heal|p1a: PDE Masto|97\/100\n|\n|upkeep\n|turn|5\n|inactive|Mukkino has 30 seconds left.\n|inactive|Mukkino has 20 seconds left.\n|inactive|Mukkino has 15 seconds left.\n|inactive|Mukkino has 10 seconds left.\n|inactive|Mukkino has 5 seconds left.\n|\n|t:|1683884385\n|move|p2a: Iron Moth|Protect|p2a: Iron Moth\n|-singleturn|p2a: Iron Moth|Protect\n|cant|p2b: Flutter Mane|slp\n|move|p1a: PDE Masto|Wild Charge|p2a: Iron Moth\n|-activate|p2a: Iron Moth|move: Protect\n|move|p1b: Kats|Spore|p2a: Iron Moth\n|-activate|p2a: Iron Moth|move: Protect\n|\n|upkeep\n|turn|6\n|inactive|Mukkino has 30 seconds left.\n|inactive|Mukkino has 20 seconds left.\n|inactive|Mukkino has 15 seconds left.\n|inactive|Mukkino has 10 seconds left.\n|inactive|Mukkino has 5 seconds left.\n|\n|t:|1683884440\n|move|p2a: Iron Moth|Protect||[still]\n|-fail|p2a: Iron Moth\n|-curestatus|p2b: Flutter Mane|slp|[msg]\n|move|p2b: Flutter Mane|Dazzling Gleam|p1b: Kats|[spread] p1a,p1b\n|-supereffective|p1a: PDE Masto\n|-resisted|p1b: Kats\n|-damage|p1a: PDE Masto|53\/100\n|-damage|p1b: Kats|59\/100\n|move|p1a: PDE Masto|Wild Charge|p2a: Iron Moth\n|-damage|p2a: Iron Moth|0 fnt\n|faint|p2a: Iron Moth\n|-end|p2a: Iron Moth|Quark Drive|[silent]\n|-damage|p1a: PDE Masto|45\/100|[from] Recoil\n|move|p1b: Kats|Spore|p2b: Flutter Mane\n|-status|p2b: Flutter Mane|slp|[from] move: Spore\n|\n|upkeep\n|turn|7\n|inactive|Mukkino has 30 seconds left.\n|inactive|Mukkino has 20 seconds left.\n|inactive|Mukkino has 15 seconds left.\n|inactive|Mukkino has 10 seconds left.\n|inactive|Mukkino has 5 seconds left.\n|\n|t:|1683884495\n|cant|p2b: Flutter Mane|slp\n|move|p1a: PDE Masto|Wild Charge|p2b: Flutter Mane\n|-damage|p2b: Flutter Mane|0 fnt\n|faint|p2b: Flutter Mane\n|-end|p2b: Flutter Mane|Protosynthesis|[silent]\n|-damage|p1a: PDE Masto|39\/100|[from] Recoil\n|\n|win|hfg gncfvt\n|raw|hfg gncfvt's rating: 1190 → 1210<\/strong> (+20 for winning)\n|raw|Mukkino's rating: 1115 → 1095<\/strong> (-20 for losing)\n","uploadtime":1683884504,"views":20,"p1id":"hfggncfvt","p2id":"mukkino","formatid":"gen9vgc2023regulationc","rating":1095,"private":0,"password":""}