{"id":"gen9vgc2023regulationc-1860705996","p1":"TortuguitaconQueso","p2":"gesucristousername","format":"[Gen 9] VGC 2023 Regulation C","log":"|j|\u2606TortuguitaconQueso\n|j|\u2606gesucristousername\n|t:|1683668289\n|gametype|doubles\n|player|p1|TortuguitaconQueso|valerie|1199\n|player|p2|gesucristousername|baker|1167\n|teamsize|p1|6\n|teamsize|p2|6\n|gen|9\n|tier|[Gen 9] VGC 2023 Regulation C\n|rated|\n|rule|Species Clause: Limit one of each Pok\u00e9mon\n|rule|Item Clause: Limit one of each item\n|clearpoke\n|poke|p1|Flutter Mane, L50|\n|poke|p1|Amoonguss, L50, F|\n|poke|p1|Gyarados, L50, F|\n|poke|p1|Chi-Yu, L50|\n|poke|p1|Ting-Lu, L50|\n|poke|p1|Baxcalibur, L50, F|\n|poke|p2|Chi-Yu, L50|\n|poke|p2|Murkrow, L50, M|\n|poke|p2|Garchomp, L50, F|\n|poke|p2|Rotom-Wash, L50|\n|poke|p2|Iron Moth, L50|\n|poke|p2|Gholdengo, L50|\n|teampreview|4\n|inactive|Battle timer is ON: inactive players will automatically lose when time's up. (requested by TortuguitaconQueso)\n|inactive|TortuguitaconQueso has 60 seconds left.\n|\n|t:|1683668331\n|start\n|switch|p1a: Ting-Lu|Ting-Lu, L50|100\/100\n|switch|p1b: Katya|Baxcalibur, L50, F, shiny|100\/100\n|switch|p2a: Murkrow|Murkrow, L50, M|100\/100\n|switch|p2b: Gholdengo|Gholdengo, L50|100\/100\n|-ability|p1a: Ting-Lu|Vessel of Ruin\n|turn|1\n|\n|t:|1683668355\n|-terastallize|p1b: Katya|Poison\n|move|p2a: Murkrow|Tailwind|p2a: Murkrow\n|-sidestart|p2: gesucristousername|move: Tailwind\n|move|p2b: Gholdengo|Make It Rain|p1b: Katya|[spread] p1a,p1b\n|-damage|p1a: Ting-Lu|79\/100\n|-damage|p1b: Katya|66\/100\n|-unboost|p2b: Gholdengo|spa|1\n|-enditem|p2b: Gholdengo|Eject Pack\n|\n|t:|1683668365\n|switch|p2b: Rotom|Rotom-Wash, L50, shiny|100\/100\n|move|p1b: Katya|Glaive Rush|p2b: Rotom\n|-crit|p2b: Rotom\n|-damage|p2b: Rotom|0 fnt\n|-singlemove|p1b: Katya|Glaive Rush|[silent]\n|faint|p2b: Rotom\n|move|p1a: Ting-Lu|Ruination|p2a: Murkrow\n|-damage|p2a: Murkrow|51\/100\n|\n|upkeep\n|\n|t:|1683668385\n|switch|p2b: Gholdengo|Gholdengo, L50|100\/100\n|turn|2\n|\n|t:|1683668407\n|move|p2a: Murkrow|Protect|p2a: Murkrow\n|-singleturn|p2a: Murkrow|Protect\n|move|p1b: Katya|Protect|p1b: Katya\n|-singleturn|p1b: Katya|Protect\n|move|p2b: Gholdengo|Dazzling Gleam|p1b: Katya|[spread] p1a\n|-activate|p1b: Katya|move: Protect\n|-supereffective|p1a: Ting-Lu\n|-damage|p1a: Ting-Lu|61\/100\n|move|p1a: Ting-Lu|Stomping Tantrum|p2b: Gholdengo\n|-supereffective|p2b: Gholdengo\n|-damage|p2b: Gholdengo|38\/100\n|\n|upkeep\n|turn|3\n|\n|t:|1683668430\n|switch|p2a: Chi-Yu|Chi-Yu, L50|100\/100\n|-ability|p2a: Chi-Yu|Beads of Ruin\n|move|p1b: Katya|Ice Shard|p2a: Chi-Yu\n|-resisted|p2a: Chi-Yu\n|-damage|p2a: Chi-Yu|81\/100\n|move|p2b: Gholdengo|Dazzling Gleam|p1a: Ting-Lu|[spread] p1a,p1b\n|-supereffective|p1a: Ting-Lu\n|-resisted|p1b: Katya\n|-damage|p1a: Ting-Lu|36\/100\n|-damage|p1b: Katya|55\/100\n|move|p1a: Ting-Lu|Stomping Tantrum|p2b: Gholdengo\n|-supereffective|p2b: Gholdengo\n|-damage|p2b: Gholdengo|0 fnt\n|faint|p2b: Gholdengo\n|\n|upkeep\n|\n|t:|1683668443\n|switch|p2b: Murkrow|Murkrow, L50, M|51\/100\n|turn|4\n|\n|t:|1683668468\n|move|p2b: Murkrow|Protect|p2b: Murkrow\n|-singleturn|p2b: Murkrow|Protect\n|move|p1b: Katya|Ice Shard|p2b: Murkrow\n|-activate|p2b: Murkrow|move: Protect\n|move|p2a: Chi-Yu|Heat Wave|p1b: Katya|[spread] p1a,p1b\n|-damage|p1a: Ting-Lu|9\/100\n|-damage|p1b: Katya|1\/100\n|-status|p1a: Ting-Lu|brn\n|-ability|p1b: Katya|Thermal Exchange|boost\n|-boost|p1b: Katya|atk|1\n|-damage|p2a: Chi-Yu|71\/100|[from] item: Life Orb\n|move|p1a: Ting-Lu|Stomping Tantrum|p2a: Chi-Yu\n|-supereffective|p2a: Chi-Yu\n|-damage|p2a: Chi-Yu|17\/100\n|\n|-damage|p1a: Ting-Lu|3\/100 brn|[from] brn\n|-sideend|p2: gesucristousername|move: Tailwind\n|upkeep\n|turn|5\n|\n|t:|1683668491\n|move|p1b: Katya|Ice Shard|p2b: Murkrow\n|-supereffective|p2b: Murkrow\n|-damage|p2b: Murkrow|0 fnt\n|faint|p2b: Murkrow\n|move|p2a: Chi-Yu|Heat Wave|p1a: Ting-Lu|[spread] p1a,p1b\n|-damage|p1a: Ting-Lu|0 fnt\n|-damage|p1b: Katya|0 fnt\n|faint|p1a: Ting-Lu\n|faint|p1b: Katya\n|-damage|p2a: Chi-Yu|7\/100|[from] item: Life Orb\n|\n|upkeep\n|\n|t:|1683668498\n|switch|p1b: Sasha Colby|Flutter Mane, L50|100\/100\n|switch|p1a: Mo Heart|Chi-Yu, L50|100\/100\n|-ability|p1a: Mo Heart|Beads of Ruin\n|-enditem|p1b: Sasha Colby|Booster Energy\n|-activate|p1b: Sasha Colby|ability: Protosynthesis|[fromitem]\n|-start|p1b: Sasha Colby|protosynthesisspa\n|turn|6\n|-message|gesucristousername forfeited.\n|\n|win|TortuguitaconQueso\n|raw|TortuguitaconQueso's rating: 1199 → 1222<\/strong> (+23 for winning)\n|raw|gesucristousername's rating: 1167 → 1144<\/strong> (-23 for losing)\n|l|\u2606gesucristousername\n|c|\u2606TortuguitaconQueso|Gg\n","uploadtime":1683668517,"views":14,"p1id":"tortuguitaconqueso","p2id":"gesucristousername","formatid":"gen9vgc2023regulationc","rating":1144,"private":0,"password":""}