{"id":"gen9vgc2023regulationc-1845365665","p1":"madtrickroom","p2":"DDKK5943","format":"[Gen 9] VGC 2023 Regulation C","log":"|j|\u2606madtrickroom\n|j|\u2606DDKK5943\n|t:|1681722449\n|gametype|doubles\n|player|p1|madtrickroom|2|1639\n|player|p2|DDKK5943|170|1557\n|teamsize|p1|6\n|teamsize|p2|6\n|gen|9\n|tier|[Gen 9] VGC 2023 Regulation C\n|rated|\n|rule|Species Clause: Limit one of each Pok\u00e9mon\n|rule|Item Clause: Limit one of each item\n|clearpoke\n|poke|p1|Iron Hands, L50|\n|poke|p1|Iron Bundle, L50|\n|poke|p1|Vivillon, L50, F|\n|poke|p1|Chien-Pao, L50|\n|poke|p1|Abomasnow, L50, M|\n|poke|p1|Glimmora, L50, F|\n|poke|p2|Dondozo, L50, F|\n|poke|p2|Tatsugiri, L50, M|\n|poke|p2|Iron Bundle, L50|\n|poke|p2|Chi-Yu, L50|\n|poke|p2|Dragonite, L50, M|\n|poke|p2|Glimmora, L50, M|\n|teampreview|4\n|\n|t:|1681722504\n|start\n|switch|p1a: Iron Hands|Iron Hands, L50|100\/100\n|switch|p1b: Vivillon|Vivillon, L50, F|100\/100\n|switch|p2a: Dondozo|Dondozo, L50, F|100\/100\n|switch|p2b: Chi-Yu|Chi-Yu, L50|100\/100\n|-ability|p2b: Chi-Yu|Beads of Ruin\n|turn|1\n|\n|t:|1681722527\n|move|p1b: Vivillon|Protect|p1b: Vivillon\n|-singleturn|p1b: Vivillon|Protect\n|move|p2b: Chi-Yu|Heat Wave|p1b: Vivillon|[spread] p1a\n|-activate|p1b: Vivillon|move: Protect\n|-damage|p1a: Iron Hands|82\/100\n|move|p2a: Dondozo|Wave Crash|p1a: Iron Hands\n|-damage|p1a: Iron Hands|51\/100\n|-damage|p2a: Dondozo|90\/100|[from] Recoil\n|move|p1a: Iron Hands|Earthquake|p2a: Dondozo|[spread] p2a,p2b\n|-activate|p1b: Vivillon|move: Protect\n|-supereffective|p2b: Chi-Yu\n|-damage|p2a: Dondozo|71\/100\n|-damage|p2b: Chi-Yu|12\/100\n|\n|upkeep\n|turn|2\n|\n|t:|1681722550\n|move|p2b: Chi-Yu|Heat Wave|p1b: Vivillon|[spread] p1a,p1b\n|-supereffective|p1b: Vivillon\n|-damage|p1a: Iron Hands|34\/100\n|-enditem|p1b: Vivillon|Focus Sash\n|-damage|p1b: Vivillon|1\/100\n|-status|p1b: Vivillon|brn\n|move|p1b: Vivillon|Pollen Puff|p1a: Iron Hands\n|-heal|p1a: Iron Hands|84\/100\n|move|p2a: Dondozo|Rock Slide|p1b: Vivillon|[spread] p1a,p1b\n|-resisted|p1a: Iron Hands\n|-supereffective|p1b: Vivillon\n|-damage|p1a: Iron Hands|80\/100\n|-damage|p1b: Vivillon|0 fnt\n|faint|p1b: Vivillon\n|cant|p1a: Iron Hands|flinch\n|\n|upkeep\n|\n|t:|1681722569\n|switch|p1b: Chien-Pao|Chien-Pao, L50|100\/100\n|-ability|p1b: Chien-Pao|Sword of Ruin\n|turn|3\n|\n|t:|1681722581\n|move|p2b: Chi-Yu|Protect|p2b: Chi-Yu\n|-singleturn|p2b: Chi-Yu|Protect\n|move|p2a: Dondozo|Protect|p2a: Dondozo\n|-singleturn|p2a: Dondozo|Protect\n|move|p1b: Chien-Pao|Sucker Punch||[still]\n|-fail|p1b: Chien-Pao\n|move|p1a: Iron Hands|Thunder Punch|p2a: Dondozo\n|-activate|p2a: Dondozo|move: Protect\n|\n|upkeep\n|turn|4\n|\n|t:|1681722613\n|-end|p1a: Iron Hands|Quark Drive|[silent]\n|switch|p1a: Abomasnow|Abomasnow, L50, M|100\/100\n|-weather|Snow|[from] ability: Snow Warning|[of] p1a: Abomasnow\n|-terastallize|p2a: Dondozo|Grass\n|move|p1b: Chien-Pao|Sucker Punch|p2b: Chi-Yu\n|-resisted|p2b: Chi-Yu\n|-damage|p2b: Chi-Yu|0 fnt\n|faint|p2b: Chi-Yu\n|move|p2a: Dondozo|Earthquake|p1b: Chien-Pao|[spread] p1a,p1b\n|-resisted|p1a: Abomasnow\n|-damage|p1a: Abomasnow|88\/100\n|-damage|p1b: Chien-Pao|85\/100\n|\n|-weather|Snow|[upkeep]\n|upkeep\n|j| DontRespectFissure\n|\n|t:|1681722627\n|switch|p2b: Glimmora|Glimmora, L50, M|100\/100\n|turn|5\n|\n|t:|1681722645\n|switch|p1b: Iron Hands|Iron Hands, L50|80\/100\n|move|p2b: Glimmora|Spiky Shield|p2b: Glimmora\n|-singleturn|p2b: Glimmora|move: Protect\n|move|p2a: Dondozo|Protect|p2a: Dondozo\n|-singleturn|p2a: Dondozo|Protect\n|move|p1a: Abomasnow|Blizzard|p2a: Dondozo|[spread] \n|-activate|p2a: Dondozo|move: Protect\n|-activate|p2b: Glimmora|move: Protect\n|\n|-weather|Snow|[upkeep]\n|upkeep\n|turn|6\n|j| MondayXyz\n|\n|t:|1681722677\n|switch|p2b: Tatsugiri|Tatsugiri, L50, M|100\/100\n|-activate|p2b: Tatsugiri|ability: Commander|[of] p2a: Dondozo\n|-boost|p2a: Dondozo|atk|2\n|-boost|p2a: Dondozo|spa|2\n|-boost|p2a: Dondozo|spe|2\n|-boost|p2a: Dondozo|def|2\n|-boost|p2a: Dondozo|spd|2\n|-terastallize|p1b: Iron Hands|Ground\n|move|p2a: Dondozo|Rock Slide|p1a: Abomasnow|[spread] p1a,p1b\n|-supereffective|p1a: Abomasnow\n|-resisted|p1b: Iron Hands\n|-damage|p1a: Abomasnow|35\/100\n|-damage|p1b: Iron Hands|66\/100\n|move|p1a: Abomasnow|Blizzard|p2a: Dondozo|[spread] p2a\n|-miss|p1a: Abomasnow|p2b: Tatsugiri\n|-supereffective|p2a: Dondozo\n|-damage|p2a: Dondozo|26\/100\n|-damage|p1a: Abomasnow|26\/100|[from] item: Life Orb\n|move|p1b: Iron Hands|Drain Punch|p2a: Dondozo\n|-damage|p2a: Dondozo|10\/100\n|-heal|p1b: Iron Hands|74\/100|[from] drain|[of] p2a: Dondozo\n|\n|-weather|Snow|[upkeep]\n|upkeep\n|turn|7\n|\n|t:|1681722717\n|move|p1a: Abomasnow|Ice Shard|p2a: Dondozo\n|-supereffective|p2a: Dondozo\n|-damage|p2a: Dondozo|0 fnt\n|faint|p2a: Dondozo\n|-damage|p1a: Abomasnow|16\/100|[from] item: Life Orb\n|move|p1b: Iron Hands|Drain Punch|p2b: Tatsugiri\n|-damage|p2b: Tatsugiri|28\/100\n|-heal|p1b: Iron Hands|97\/100|[from] drain|[of] p2b: Tatsugiri\n|\n|-weather|Snow|[upkeep]\n|upkeep\n|-message|DDKK5943 forfeited.\n|\n|win|madtrickroom\n|raw|madtrickroom's rating: 1639 → 1654<\/strong> (+15 for winning)\n|raw|DDKK5943's rating: 1557 → 1542<\/strong> (-15 for losing)\n|l|\u2606DDKK5943\n","uploadtime":1681722754,"views":13,"p1id":"madtrickroom","p2id":"ddkk5943","formatid":"gen9vgc2023regulationc","rating":1542,"private":0,"password":""}