{"id":"gen9vgc2023regulationc-1861769591","p1":"wennoboi","p2":"PBR ESC4N0R","format":"[Gen 9] VGC 2023 Regulation C","log":"|j|\u2606wennoboi\n|j|\u2606PBR ESC4N0R\n|t:|1683806653\n|gametype|doubles\n|player|p1|wennoboi|backpacker|1302\n|player|p2|PBR ESC4N0R|firebreather|1302\n|teamsize|p1|6\n|teamsize|p2|6\n|gen|9\n|tier|[Gen 9] VGC 2023 Regulation C\n|rated|\n|rule|Species Clause: Limit one of each Pok\u00e9mon\n|rule|Item Clause: Limit one of each item\n|clearpoke\n|poke|p1|Garganacl, L50, F|\n|poke|p1|Iron Bundle, L50|\n|poke|p1|Flutter Mane, L50|\n|poke|p1|Chi-Yu, L50|\n|poke|p1|Gyarados, L50, M|\n|poke|p1|Great Tusk, L50|\n|poke|p2|Arcanine, L50, M|\n|poke|p2|Flutter Mane, L50|\n|poke|p2|Amoonguss, L50, F|\n|poke|p2|Palafin, L50, M|\n|poke|p2|Ting-Lu, L50|\n|poke|p2|Baxcalibur, L50, M|\n|teampreview|4\n|\n|t:|1683806716\n|start\n|switch|p1a: Iron Bundle|Iron Bundle, L50|100\/100\n|switch|p1b: Flutter Mane|Flutter Mane, L50|100\/100\n|switch|p2a: Palafin|Palafin, L50, M, shiny|100\/100\n|switch|p2b: Amoonguss|Amoonguss, L50, F, shiny|100\/100\n|-enditem|p1a: Iron Bundle|Booster Energy\n|-activate|p1a: Iron Bundle|ability: Quark Drive|[fromitem]\n|-start|p1a: Iron Bundle|quarkdrivespe\n|turn|1\n|inactive|Battle timer is ON: inactive players will automatically lose when time's up. (requested by PBR ESC4N0R)\n|inactive|PBR ESC4N0R has 60 seconds left.\n|\n|t:|1683806758\n|-end|p1b: Flutter Mane|Protosynthesis|[silent]\n|switch|p1b: Gyarados|Gyarados, L50, M|100\/100\n|-ability|p1b: Gyarados|Intimidate|boost\n|-unboost|p2a: Palafin|atk|1\n|-unboost|p2b: Amoonguss|atk|1\n|detailschange|p2a: Palafin|Palafin-Hero, L50, M, shiny\n|switch|p2a: Ting-Lu|Ting-Lu, L50|100\/100\n|-ability|p2a: Ting-Lu|Vessel of Ruin\n|move|p1a: Iron Bundle|Icy Wind|p2a: Ting-Lu|[spread] p2a,p2b\n|-supereffective|p2a: Ting-Lu\n|-supereffective|p2b: Amoonguss\n|-damage|p2a: Ting-Lu|87\/100\n|-damage|p2b: Amoonguss|78\/100\n|-unboost|p2a: Ting-Lu|spe|1\n|-unboost|p2b: Amoonguss|spe|1\n|move|p2b: Amoonguss|Spore|p1b: Gyarados\n|-status|p1b: Gyarados|slp|[from] move: Spore\n|-enditem|p1b: Gyarados|Lum Berry|[eat]\n|-curestatus|p1b: Gyarados|slp|[msg]\n|\n|upkeep\n|turn|2\n|inactive|PBR ESC4N0R has 30 seconds left.\n|\n|t:|1683806785\n|-terastallize|p1b: Gyarados|Flying\n|move|p1a: Iron Bundle|Freeze-Dry|p2b: Amoonguss\n|-supereffective|p2b: Amoonguss\n|-damage|p2b: Amoonguss|37\/100\n|-enditem|p2b: Amoonguss|Sitrus Berry|[eat]\n|-heal|p2b: Amoonguss|62\/100|[from] item: Sitrus Berry\n|move|p1b: Gyarados|Tera Blast|p2b: Amoonguss\n|-supereffective|p2b: Amoonguss\n|-damage|p2b: Amoonguss|0 fnt\n|faint|p2b: Amoonguss\n|move|p2a: Ting-Lu|Heavy Slam|p1a: Iron Bundle\n|-damage|p1a: Iron Bundle|54\/100\n|\n|upkeep\n|\n|t:|1683806810\n|switch|p2b: Arcanine|Arcanine, L50, M, shiny|100\/100\n|-ability|p2b: Arcanine|Intimidate|boost\n|-unboost|p1a: Iron Bundle|atk|1\n|-unboost|p1b: Gyarados|atk|1\n|turn|3\n|\n|t:|1683806830\n|move|p1b: Gyarados|Helping Hand|p1a: Iron Bundle\n|-singleturn|p1a: Iron Bundle|Helping Hand|[of] p1b: Gyarados\n|move|p1a: Iron Bundle|Freeze-Dry|p2a: Ting-Lu\n|-supereffective|p2a: Ting-Lu\n|-damage|p2a: Ting-Lu|50\/100\n|move|p2b: Arcanine|Will-O-Wisp|p1b: Gyarados\n|-status|p1b: Gyarados|brn\n|move|p2a: Ting-Lu|Heavy Slam|p1a: Iron Bundle\n|-damage|p1a: Iron Bundle|14\/100\n|\n|-damage|p1b: Gyarados|95\/100 brn|[from] brn\n|upkeep\n|turn|4\n|inactive|wennoboi has 30 seconds left.\n|inactive|wennoboi has 20 seconds left.\n|\n|t:|1683806869\n|move|p1a: Iron Bundle|Freeze-Dry|p2a: Ting-Lu\n|-supereffective|p2a: Ting-Lu\n|-damage|p2a: Ting-Lu|29\/100\n|move|p1b: Gyarados|Waterfall|p2a: Ting-Lu\n|-supereffective|p2a: Ting-Lu\n|-damage|p2a: Ting-Lu|11\/100\n|move|p2b: Arcanine|Howl|p2b: Arcanine|[spread] p2a,p2b\n|-boost|p2a: Ting-Lu|atk|1\n|-boost|p2b: Arcanine|atk|1\n|move|p2a: Ting-Lu|Heavy Slam|p1a: Iron Bundle\n|-damage|p1a: Iron Bundle|0 fnt\n|faint|p1a: Iron Bundle\n|-end|p1a: Iron Bundle|Quark Drive|[silent]\n|\n|-damage|p1b: Gyarados|89\/100 brn|[from] brn\n|upkeep\n|\n|t:|1683806885\n|switch|p1a: Great Tusk|Great Tusk, L50|100\/100\n|turn|5\n|inactive|PBR ESC4N0R has 30 seconds left.\n|\n|t:|1683806913\n|-terastallize|p2b: Arcanine|Flying\n|move|p1a: Great Tusk|Headlong Rush|p2b: Arcanine\n|-immune|p2b: Arcanine\n|move|p1b: Gyarados|Waterfall|p2a: Ting-Lu\n|-supereffective|p2a: Ting-Lu\n|-damage|p2a: Ting-Lu|0 fnt\n|faint|p2a: Ting-Lu\n|move|p2b: Arcanine|Will-O-Wisp|p1a: Great Tusk\n|-status|p1a: Great Tusk|brn\n|\n|-damage|p1a: Great Tusk|95\/100 brn|[from] brn\n|-damage|p1b: Gyarados|83\/100 brn|[from] brn\n|upkeep\n|\n|t:|1683806926\n|switch|p2a: Palafin|Palafin-Hero, L50, M, shiny|100\/100\n|-activate|p2a: Palafin|ability: Zero to Hero\n|turn|6\n|\n|t:|1683806939\n|move|p2a: Palafin|Jet Punch|p1a: Great Tusk\n|-supereffective|p1a: Great Tusk\n|-crit|p1a: Great Tusk\n|-damage|p1a: Great Tusk|0 fnt\n|faint|p1a: Great Tusk\n|-end|p1a: Great Tusk|Protosynthesis|[silent]\n|move|p1b: Gyarados|Thunder Wave|p2a: Palafin\n|-status|p2a: Palafin|par\n|move|p2b: Arcanine|Flare Blitz|p1b: Gyarados\n|-damage|p1b: Gyarados|0 fnt\n|faint|p1b: Gyarados\n|-damage|p2b: Arcanine|77\/100|[from] Recoil\n|\n|upkeep\n|\n|t:|1683806953\n|switch|p1b: Flutter Mane|Flutter Mane, L50|100\/100\n|turn|7\n|inactive|wennoboi has 30 seconds left.\n|\n|t:|1683806987\n|move|p2a: Palafin|Jet Punch|p1b: Flutter Mane\n|-damage|p1b: Flutter Mane|5\/100\n|move|p1b: Flutter Mane|Dazzling Gleam|p2a: Palafin|[spread] p2a,p2b\n|-damage|p2a: Palafin|59\/100 par\n|-damage|p2b: Arcanine|24\/100\n|move|p2b: Arcanine|Flare Blitz|p1b: Flutter Mane\n|-crit|p1b: Flutter Mane\n|-damage|p1b: Flutter Mane|0 fnt\n|faint|p1b: Flutter Mane\n|-end|p1b: Flutter Mane|Protosynthesis|[silent]\n|-damage|p2b: Arcanine|23\/100|[from] Recoil\n|\n|win|PBR ESC4N0R\n|raw|wennoboi's rating: 1302 → 1282<\/strong> (-20 for losing)\n|raw|PBR ESC4N0R's rating: 1302 → 1322<\/strong> (+20 for winning)\n|l|\u2606wennoboi\n","uploadtime":1683807098,"views":20,"p1id":"wennoboi","p2id":"pbresc4n0r","formatid":"gen9vgc2023regulationc","rating":1282,"private":0,"password":""}