{"id":"gen9vgc2023regulationc-1860120372","p1":"DrChocolateMD","p2":"callmerocco75","format":"[Gen 9] VGC 2023 Regulation C","log":"|j|\u2606DrChocolateMD\n|j|\u2606callmerocco75\n|t:|1683597587\n|gametype|doubles\n|player|p1|DrChocolateMD|cyrus|\n|player|p2|callmerocco75|firebreather|\n|teamsize|p1|6\n|teamsize|p2|6\n|gen|9\n|tier|[Gen 9] VGC 2023 Regulation C\n|rule|Species Clause: Limit one of each Pok\u00e9mon\n|rule|Item Clause: Limit one of each item\n|clearpoke\n|poke|p1|Iron Bundle, L50|\n|poke|p1|Baxcalibur, L50, M|\n|poke|p1|Hydreigon, L50, F|\n|poke|p1|Gengar, L50, M|\n|poke|p1|Lucario, L50, F|\n|poke|p1|Kingambit, L50, F|\n|poke|p2|Garganacl, L50, M|\n|poke|p2|Tyranitar, L50, F|\n|poke|p2|Gastrodon, L50, F|\n|poke|p2|Rotom-Heat, L50|\n|poke|p2|Toxapex, L50, F|\n|poke|p2|Houndstone, L50, M|\n|teampreview|4\n|c|\u2606DrChocolateMD|Happy late match day\nDrChocolateMD rejected open team sheets.\n|c|\u2606callmerocco75|lets get tropical\n|\n|t:|1683597662\n|start\n|switch|p1a: Iron Bundle|Iron Bundle, L50|100\/100\n|switch|p1b: Gengar|Gengar, L50, M|100\/100\n|switch|p2a: Tyranitar|Tyranitar, L50, F|100\/100\n|switch|p2b: Gastrodon|Gastrodon, L50, F|100\/100\n|-weather|Sandstorm|[from] ability: Sand Stream|[of] p2a: Tyranitar\n|-enditem|p1a: Iron Bundle|Booster Energy\n|-activate|p1a: Iron Bundle|ability: Quark Drive|[fromitem]\n|-start|p1a: Iron Bundle|quarkdrivespe\n|turn|1\n|c|\u2606DrChocolateMD|GL HF!\n|\n|t:|1683597727\n|-terastallize|p2a: Tyranitar|Grass\n|move|p1b: Gengar|Protect|p1b: Gengar\n|-singleturn|p1b: Gengar|Protect\n|move|p1a: Iron Bundle|Freeze-Dry|p2b: Gastrodon\n|-supereffective|p2b: Gastrodon\n|-damage|p2b: Gastrodon|0 fnt\n|faint|p2b: Gastrodon\n|move|p2a: Tyranitar|Tera Blast|p1a: Iron Bundle\n|-supereffective|p1a: Iron Bundle\n|-damage|p1a: Iron Bundle|0 fnt\n|faint|p1a: Iron Bundle\n|-end|p1a: Iron Bundle|Quark Drive|[silent]\n|\n|-weather|Sandstorm|[upkeep]\n|-damage|p1b: Gengar|95\/100|[from] Sandstorm\n|-damage|p2a: Tyranitar|95\/100|[from] Sandstorm\n|upkeep\n|\n|t:|1683597748\n|switch|p1a: Kingambit|Kingambit, L50, F|100\/100\n|switch|p2b: Toxapex|Toxapex, L50, F|100\/100\n|turn|2\n|c|\u2606callmerocco75|glhf!\n|\n|t:|1683597782\n|-terastallize|p1a: Kingambit|Flying\n|move|p2b: Toxapex|Baneful Bunker|p2b: Toxapex\n|-singleturn|p2b: Toxapex|move: Protect\n|move|p1b: Gengar|Icy Wind|p2a: Tyranitar|[spread] p2a\n|-activate|p2b: Toxapex|move: Protect\n|-supereffective|p2a: Tyranitar\n|-damage|p2a: Tyranitar|70\/100\n|-unboost|p2a: Tyranitar|spe|1\n|move|p1a: Kingambit|Tera Blast|p2a: Tyranitar\n|-supereffective|p2a: Tyranitar\n|-damage|p2a: Tyranitar|0 fnt\n|faint|p2a: Tyranitar\n|\n|-weather|Sandstorm|[upkeep]\n|-damage|p1b: Gengar|89\/100|[from] Sandstorm\n|-damage|p1a: Kingambit|95\/100|[from] Sandstorm\n|-damage|p2b: Toxapex|95\/100|[from] Sandstorm\n|-heal|p2b: Toxapex|100\/100|[from] item: Black Sludge\n|upkeep\n|\n|t:|1683597798\n|switch|p2a: Garganacl|Garganacl, L50, M|100\/100\n|turn|3\n|\n|t:|1683597822\n|move|p1b: Gengar|Energy Ball|p2a: Garganacl\n|-supereffective|p2a: Garganacl\n|-damage|p2a: Garganacl|67\/100\n|move|p1a: Kingambit|Iron Head|p2a: Garganacl\n|-supereffective|p2a: Garganacl\n|-damage|p2a: Garganacl|6\/100\n|move|p2b: Toxapex|Icy Wind|p1b: Gengar|[spread] p1a,p1b\n|-supereffective|p1a: Kingambit\n|-damage|p1a: Kingambit|86\/100\n|-damage|p1b: Gengar|78\/100\n|-unboost|p1a: Kingambit|spe|1\n|-ability|p1a: Kingambit|Defiant|boost\n|-boost|p1a: Kingambit|atk|2\n|-unboost|p1b: Gengar|spe|1\n|move|p2a: Garganacl|Salt Cure|p1a: Kingambit\n|-supereffective|p1a: Kingambit\n|-damage|p1a: Kingambit|66\/100\n|-start|p1a: Kingambit|Salt Cure\n|\n|-weather|Sandstorm|[upkeep]\n|-damage|p1b: Gengar|72\/100|[from] Sandstorm\n|-damage|p2b: Toxapex|95\/100|[from] Sandstorm\n|-damage|p1a: Kingambit|60\/100|[from] Sandstorm\n|-heal|p2b: Toxapex|100\/100|[from] item: Black Sludge\n|-heal|p2a: Garganacl|12\/100|[from] item: Leftovers\n|-damage|p1a: Kingambit|48\/100|[from] Salt Cure\n|upkeep\n|turn|4\n|\n|t:|1683597861\n|move|p2b: Toxapex|Baneful Bunker|p2b: Toxapex\n|-singleturn|p2b: Toxapex|move: Protect\n|move|p2a: Garganacl|Protect|p2a: Garganacl\n|-singleturn|p2a: Garganacl|Protect\n|move|p1b: Gengar|Shadow Ball|p2b: Toxapex\n|-activate|p2b: Toxapex|move: Protect\n|move|p1a: Kingambit|Iron Head|p2a: Garganacl\n|-activate|p2a: Garganacl|move: Protect\n|\n|-weather|Sandstorm|[upkeep]\n|-damage|p1b: Gengar|66\/100|[from] Sandstorm\n|-damage|p2b: Toxapex|95\/100|[from] Sandstorm\n|-damage|p1a: Kingambit|42\/100|[from] Sandstorm\n|-heal|p2b: Toxapex|100\/100|[from] item: Black Sludge\n|-heal|p2a: Garganacl|17\/100|[from] item: Leftovers\n|-damage|p1a: Kingambit|30\/100|[from] Salt Cure\n|upkeep\n|turn|5\n|\n|t:|1683597880\n|move|p2a: Garganacl|Protect||[still]\n|-fail|p2a: Garganacl\n|move|p1b: Gengar|Shadow Ball|p2b: Toxapex\n|-damage|p2b: Toxapex|64\/100\n|move|p2b: Toxapex|Icy Wind|p1b: Gengar|[spread] p1a,p1b\n|-supereffective|p1a: Kingambit\n|-crit|p1a: Kingambit\n|-damage|p1a: Kingambit|17\/100\n|-damage|p1b: Gengar|55\/100\n|-unboost|p1a: Kingambit|spe|1\n|-ability|p1a: Kingambit|Defiant|boost\n|-boost|p1a: Kingambit|atk|2\n|-unboost|p1b: Gengar|spe|1\n|-start|p2b: Toxapex|Disable|Icy Wind|[from] ability: Cursed Body|[of] p1b: Gengar\n|move|p1a: Kingambit|Iron Head|p2a: Garganacl\n|-supereffective|p2a: Garganacl\n|-damage|p2a: Garganacl|0 fnt\n|faint|p2a: Garganacl\n|\n|-weather|none\n|-heal|p2b: Toxapex|70\/100|[from] item: Black Sludge\n|-damage|p1a: Kingambit|5\/100|[from] Salt Cure\n|upkeep\n|turn|6\n|\n|t:|1683597915\n|move|p1a: Kingambit|Sucker Punch||[still]\n|-fail|p1a: Kingambit\n|move|p1b: Gengar|Shadow Ball|p2b: Toxapex\n|-damage|p2b: Toxapex|34\/100\n|move|p2b: Toxapex|Recover|p2b: Toxapex\n|-heal|p2b: Toxapex|84\/100\n|\n|-heal|p2b: Toxapex|90\/100|[from] item: Black Sludge\n|-damage|p1a: Kingambit|0 fnt|[from] Salt Cure\n|faint|p1a: Kingambit\n|upkeep\n|\n|t:|1683597925\n|switch|p1a: Lucario|Lucario, L50, F|100\/100\n|turn|7\n|\n|t:|1683597943\n|move|p1a: Lucario|Zen Headbutt|p2b: Toxapex\n|-supereffective|p2b: Toxapex\n|-damage|p2b: Toxapex|53\/100\n|move|p1b: Gengar|Shadow Ball|p2b: Toxapex\n|-damage|p2b: Toxapex|18\/100\n|move|p2b: Toxapex|Chilling Water|p1a: Lucario\n|-damage|p1a: Lucario|84\/100\n|-unboost|p1a: Lucario|atk|1\n|\n|-heal|p2b: Toxapex|23\/100|[from] item: Black Sludge\n|upkeep\n|turn|8\n|\n|t:|1683597963\n|move|p2b: Toxapex|Baneful Bunker|p2b: Toxapex\n|-singleturn|p2b: Toxapex|move: Protect\n|move|p1a: Lucario|Zen Headbutt|p2b: Toxapex\n|-activate|p2b: Toxapex|move: Protect\n|move|p1b: Gengar|Shadow Ball|p2b: Toxapex\n|-activate|p2b: Toxapex|move: Protect\n|\n|-heal|p2b: Toxapex|29\/100|[from] item: Black Sludge\n|-end|p2b: Toxapex|Disable\n|upkeep\n|turn|9\n|\n|t:|1683597978\n|move|p1a: Lucario|Zen Headbutt|p2b: Toxapex\n|-supereffective|p2b: Toxapex\n|-damage|p2b: Toxapex|3\/100\n|move|p1b: Gengar|Shadow Ball|p2b: Toxapex\n|-damage|p2b: Toxapex|0 fnt\n|faint|p2b: Toxapex\n|\n|win|DrChocolateMD\n|c|\u2606callmerocco75|gg\n|c|\u2606DrChocolateMD|gg\n|j| dolphinsfan254\n|j| Pinapplehead\n|l|\u2606callmerocco75\n|l|\u2606DrChocolateMD\n|l| Pinapplehead\n","uploadtime":1683597987,"views":15,"p1id":"drchocolatemd","p2id":"callmerocco75","formatid":"gen9vgc2023regulationc","rating":0,"private":0,"password":""}