{"id":"gen9vgc2023regulationc-1863296256","p1":"JNEWMZ","p2":"losteffect","format":"[Gen 9] VGC 2023 Regulation C","log":"|j|\u2606JNEWMZ\n|j|\u2606losteffect\n|t:|1683999208\n|gametype|doubles\n|player|p1|JNEWMZ|emmet|\n|player|p2|losteffect|rocketgrunt|\n|teamsize|p1|6\n|teamsize|p2|6\n|gen|9\n|tier|[Gen 9] VGC 2023 Regulation C\n|rule|Species Clause: Limit one of each Pok\u00e9mon\n|rule|Item Clause: Limit one of each item\n|clearpoke\n|poke|p1|Mudsdale, L50, M|\n|poke|p1|Iron Moth, L50|\n|poke|p1|Annihilape, L50, F|\n|poke|p1|Masquerain, L50, M|\n|poke|p1|Rotom-Wash, L50|\n|poke|p1|Ceruledge, L50, F|\n|poke|p2|Roaring Moon, L50|\n|poke|p2|Tinkaton, L50, F|\n|poke|p2|Gardevoir, L50, M|\n|poke|p2|Jumpluff, L50, F|\n|poke|p2|Bronzong, L50|\n|poke|p2|Froslass, L50, F|\n|teampreview|4\n|\n|t:|1683999317\n|start\n|switch|p1a: Iron Moth|Iron Moth, L50|100\/100\n|switch|p1b: Masquerain|Masquerain, L50, M, shiny|100\/100\n|switch|p2a: Roaring Moon|Roaring Moon, L50|100\/100\n|switch|p2b: Bronzong|Bronzong, L50|100\/100\n|-ability|p1b: Masquerain|Intimidate|boost\n|-unboost|p2a: Roaring Moon|atk|1\n|-unboost|p2b: Bronzong|atk|1\n|-enditem|p2a: Roaring Moon|Booster Energy\n|-activate|p2a: Roaring Moon|ability: Protosynthesis|[fromitem]\n|-start|p2a: Roaring Moon|protosynthesisspe\n|-enditem|p1a: Iron Moth|Booster Energy\n|-activate|p1a: Iron Moth|ability: Quark Drive|[fromitem]\n|-start|p1a: Iron Moth|quarkdrivespa\n|turn|1\n|\n|t:|1683999405\n|-terastallize|p2a: Roaring Moon|Flying\n|move|p1a: Iron Moth|Protect|p1a: Iron Moth\n|-singleturn|p1a: Iron Moth|Protect\n|move|p2a: Roaring Moon|Acrobatics|p1b: Masquerain\n|-supereffective|p1b: Masquerain\n|-enditem|p1b: Masquerain|Focus Sash\n|-damage|p1b: Masquerain|1\/100\n|move|p1b: Masquerain|Tailwind|p1b: Masquerain\n|-sidestart|p1: JNEWMZ|move: Tailwind\n|move|p2b: Bronzong|Gravity|p2b: Bronzong\n|-fieldstart|move: Gravity\n|\n|upkeep\n|turn|2\n|c|\u2606losteffect|big risk on that tailwind aha\n|\n|t:|1683999443\n|move|p1a: Iron Moth|Heat Wave|p2a: Roaring Moon|[spread] p2a,p2b\n|-supereffective|p2b: Bronzong\n|-damage|p2a: Roaring Moon|47\/100\n|-damage|p2b: Bronzong|13\/100\n|move|p2a: Roaring Moon|Acrobatics|p1b: Masquerain\n|-supereffective|p1b: Masquerain\n|-damage|p1b: Masquerain|0 fnt\n|faint|p1b: Masquerain\n|move|p2b: Bronzong|Hypnosis|p1a: Iron Moth\n|-status|p1a: Iron Moth|slp|[from] move: Hypnosis\n|\n|upkeep\n|c|\u2606losteffect|wooo! it worked\n|c|\u2606JNEWMZ|somethings going on w my computer rn\n|c|\u2606losteffect|ru oh\n|c|\u2606losteffect|just lemme know what to do\n|c|\u2606JNEWMZ|its running super slow\n|c|\u2606losteffect|hmmm, not sure\n|\n|t:|1683999635\n|switch|p1b: Mudsdale|Mudsdale, L50, M|100\/100\n|turn|3\n|c|\u2606losteffect|i think you can open a new one and join the game again\n|c|\u2606losteffect|but dont close this one\n|c|\u2606losteffect|i think, i dunno\n|j| BossgodoraIII\n|\n|t:|1683999899\n|switch|p2b: Jumpluff|Jumpluff, L50, F|100\/100\n|move|p2a: Roaring Moon|Protect|p2a: Roaring Moon\n|-singleturn|p2a: Roaring Moon|Protect\n|cant|p1a: Iron Moth|slp\n|move|p1b: Mudsdale|Rock Slide|p2b: Jumpluff|[spread] p2b\n|-activate|p2a: Roaring Moon|move: Protect\n|-supereffective|p2b: Jumpluff\n|-damage|p2b: Jumpluff|46\/100\n|\n|-heal|p2b: Jumpluff|52\/100|[from] item: Leftovers\n|upkeep\n|turn|4\n|\n|t:|1683999985\n|-curestatus|p1a: Iron Moth|slp|[msg]\n|move|p1a: Iron Moth|Heat Wave|p2a: Roaring Moon|[spread] p2a,p2b\n|-supereffective|p2b: Jumpluff\n|-damage|p2a: Roaring Moon|0 fnt\n|-damage|p2b: Jumpluff|0 fnt\n|faint|p2a: Roaring Moon\n|-end|p2a: Roaring Moon|Protosynthesis|[silent]\n|faint|p2b: Jumpluff\n|move|p1b: Mudsdale|Rock Slide|p2: Roaring Moon|[notarget]\n|-fail|p1b: Mudsdale\n|\n|-sideend|p1: JNEWMZ|move: Tailwind\n|upkeep\n|c|\u2606losteffect|fucking ouch\n|\n|t:|1683999997\n|switch|p2a: Bronzong|Bronzong, L50|13\/100\n|switch|p2b: Froslass|Froslass, L50, F|100\/100\n|turn|5\n|c|\u2606losteffect|oh god\n|\n|t:|1684000017\n|move|p2b: Froslass|Icy Wind|p1a: Iron Moth|[spread] p1a,p1b\n|-resisted|p1a: Iron Moth\n|-supereffective|p1b: Mudsdale\n|-damage|p1a: Iron Moth|91\/100\n|-damage|p1b: Mudsdale|79\/100\n|-unboost|p1a: Iron Moth|spe|1\n|-unboost|p1b: Mudsdale|spe|1\n|-ability|p1b: Mudsdale|Stamina|boost\n|-boost|p1b: Mudsdale|def|1\n|move|p1a: Iron Moth|Heat Wave|p2a: Bronzong|[spread] p2a,p2b\n|-supereffective|p2a: Bronzong\n|-supereffective|p2b: Froslass\n|-damage|p2a: Bronzong|0 fnt\n|-enditem|p2b: Froslass|Focus Sash\n|-damage|p2b: Froslass|1\/100\n|-start|p1a: Iron Moth|Disable|Heat Wave|[from] ability: Cursed Body|[of] p2b: Froslass\n|faint|p2a: Bronzong\n|move|p1b: Mudsdale|Rock Slide|p2b: Froslass\n|-supereffective|p2b: Froslass\n|-damage|p2b: Froslass|0 fnt\n|-start|p1b: Mudsdale|Disable|Rock Slide|[from] ability: Cursed Body|[of] p2b: Froslass\n|faint|p2b: Froslass\n|\n|win|JNEWMZ\n|c|\u2606losteffect|gg\n|c|\u2606losteffect|ill take the mulligan now aha\n","uploadtime":1684000043,"views":16,"p1id":"jnewmz","p2id":"losteffect","formatid":"gen9vgc2023regulationc","rating":0,"private":0,"password":""}