{"id":"gen9vgc2023regulationc-1846640881","p1":"DaveMarkin","p2":"KCELLEY","format":"[Gen 9] VGC 2023 Regulation C","log":"|j|\u2606DaveMarkin\n|j|\u2606KCELLEY\n|t:|1681860462\n|gametype|doubles\n|player|p1|DaveMarkin|2|1360\n|player|p2|KCELLEY|erika|1285\n|teamsize|p1|6\n|teamsize|p2|6\n|gen|9\n|tier|[Gen 9] VGC 2023 Regulation C\n|rated|\n|rule|Species Clause: Limit one of each Pok\u00e9mon\n|rule|Item Clause: Limit one of each item\n|clearpoke\n|poke|p1|Ting-Lu, L50|\n|poke|p1|Amoonguss, L50, M|\n|poke|p1|Arcanine, L50, F|\n|poke|p1|Flutter Mane, L50|\n|poke|p1|Palafin, L50, M|\n|poke|p1|Kingambit, L50, F|\n|poke|p2|Chi-Yu, L50|\n|poke|p2|Flutter Mane, L50|\n|poke|p2|Indeedee-F, L50, F|\n|poke|p2|Chien-Pao, L50|\n|poke|p2|Iron Bundle, L50|\n|poke|p2|Palafin, L50, F|\n|teampreview|4\nKCELLEY has agreed to open team sheets.\n|inactive|Battle timer is ON: inactive players will automatically lose when time's up. (requested by KCELLEY)\nDaveMarkin has agreed to open team sheets.\n|inactive|DaveMarkin has 60 seconds left.\n|inactive|KCELLEY has 60 seconds left.\n|\n|t:|1681860503\n|start\n|switch|p1a: Ting-Lu|Ting-Lu, L50|100\/100\n|switch|p1b: Palafin|Palafin, L50, M|100\/100\n|switch|p2a: Palafin|Palafin, L50, F, shiny|100\/100\n|switch|p2b: Chien-Pao|Chien-Pao, L50|100\/100\n|-ability|p2b: Chien-Pao|Sword of Ruin\n|-ability|p1a: Ting-Lu|Vessel of Ruin\n|turn|1\n|inactive|KCELLEY has 30 seconds left.\n|inactive|KCELLEY has 20 seconds left.\n|inactive|KCELLEY has 15 seconds left.\n|inactive|KCELLEY has 10 seconds left.\n|inactive|KCELLEY has 5 seconds left.\n|\n|t:|1681860557\n|detailschange|p1b: Palafin|Palafin-Hero, L50, M\n|switch|p1b: Arcanine|Arcanine, L50, F|100\/100\n|-ability|p1b: Arcanine|Intimidate|boost\n|-unboost|p2a: Palafin|atk|1\n|-unboost|p2b: Chien-Pao|atk|1\n|move|p2a: Palafin|Jet Punch|p1b: Arcanine\n|-supereffective|p1b: Arcanine\n|-damage|p1b: Arcanine|55\/100\n|move|p2b: Chien-Pao|Ice Spinner|p1a: Ting-Lu\n|-supereffective|p1a: Ting-Lu\n|-damage|p1a: Ting-Lu|64\/100\n|-enditem|p1a: Ting-Lu|Weakness Policy\n|-boost|p1a: Ting-Lu|atk|2|[from] item: Weakness Policy\n|-boost|p1a: Ting-Lu|spa|2|[from] item: Weakness Policy\n|move|p1a: Ting-Lu|Ruination|p2a: Palafin\n|-damage|p2a: Palafin|51\/100\n|\n|upkeep\n|turn|2\n|inactive|KCELLEY has 30 seconds left.\n|inactive|KCELLEY has 20 seconds left.\n|inactive|KCELLEY has 15 seconds left.\n|\n|t:|1681860597\n|switch|p2b: Chi-Yu|Chi-Yu, L50|100\/100\n|-ability|p2b: Chi-Yu|Beads of Ruin\n|detailschange|p2a: Palafin|Palafin-Hero, L50, F, shiny\n|switch|p2a: Indeedee|Indeedee-F, L50, F|100\/100\n|-fieldstart|move: Psychic Terrain|[from] ability: Psychic Surge|[of] p2a: Indeedee\n|move|p1b: Arcanine|Extreme Speed|p2b: Chi-Yu\n|-activate|p2b: Chi-Yu|move: Psychic Terrain\n|move|p1a: Ting-Lu|Heavy Slam|p2b: Chi-Yu\n|-resisted|p2b: Chi-Yu\n|-damage|p2b: Chi-Yu|48\/100\n|\n|upkeep\n|turn|3\n|inactive|KCELLEY has 30 seconds left.\n|inactive|DaveMarkin has 30 seconds left.\n|inactive|KCELLEY has 20 seconds left.\n|inactive|KCELLEY has 15 seconds left.\n|inactive|KCELLEY has 10 seconds left.\n|\n|t:|1681860644\n|switch|p1b: Flutter Mane|Flutter Mane, L50|100\/100\n|-enditem|p1b: Flutter Mane|Booster Energy\n|-activate|p1b: Flutter Mane|ability: Protosynthesis|[fromitem]\n|-start|p1b: Flutter Mane|protosynthesisspa\n|move|p2a: Indeedee|Follow Me|p2a: Indeedee\n|-singleturn|p2a: Indeedee|move: Follow Me\n|move|p2b: Chi-Yu|Psychic|p1b: Flutter Mane\n|-damage|p1b: Flutter Mane|58\/100\n|-damage|p2b: Chi-Yu|38\/100|[from] item: Life Orb\n|move|p1a: Ting-Lu|Stomping Tantrum|p2a: Indeedee\n|-damage|p2a: Indeedee|44\/100\n|\n|upkeep\n|turn|4\n|inactive|KCELLEY has 30 seconds left.\n|inactive|KCELLEY has 20 seconds left.\n|\n|t:|1681860684\n|move|p2a: Indeedee|Follow Me|p2a: Indeedee\n|-singleturn|p2a: Indeedee|move: Follow Me\n|move|p1b: Flutter Mane|Moonblast|p2a: Indeedee\n|-damage|p2a: Indeedee|0 fnt\n|faint|p2a: Indeedee\n|move|p2b: Chi-Yu|Heat Wave|p1a: Ting-Lu|[spread] p1a,p1b\n|-damage|p1a: Ting-Lu|34\/100\n|-damage|p1b: Flutter Mane|16\/100\n|-damage|p2b: Chi-Yu|28\/100|[from] item: Life Orb\n|move|p1a: Ting-Lu|Stomping Tantrum|p2b: Chi-Yu\n|-supereffective|p2b: Chi-Yu\n|-damage|p2b: Chi-Yu|0 fnt\n|faint|p2b: Chi-Yu\n|\n|upkeep\n|\n|t:|1681860696\n|switch|p2b: Chien-Pao|Chien-Pao, L50|100\/100\n|switch|p2a: Palafin|Palafin-Hero, L50, F, shiny|51\/100\n|-ability|p2b: Chien-Pao|Sword of Ruin\n|-activate|p2a: Palafin|ability: Zero to Hero\n|turn|5\n|inactive|KCELLEY has 30 seconds left.\n|inactive|KCELLEY has 20 seconds left.\n|\n|t:|1681860736\n|-terastallize|p1a: Ting-Lu|Fairy\n|move|p2b: Chien-Pao|Ice Spinner|p1b: Flutter Mane\n|-damage|p1b: Flutter Mane|0 fnt\n|-fieldend|move: Psychic Terrain\n|faint|p1b: Flutter Mane\n|-end|p1b: Flutter Mane|Protosynthesis|[silent]\n|move|p2a: Palafin|Wave Crash|p1a: Ting-Lu\n|-damage|p1a: Ting-Lu|0 fnt\n|faint|p1a: Ting-Lu\n|-damage|p2a: Palafin|37\/100|[from] Recoil\n|\n|upkeep\n|\n|t:|1681860745\n|switch|p1b: Arcanine|Arcanine, L50, F|55\/100\n|switch|p1a: Palafin|Palafin-Hero, L50, M|100\/100\n|-ability|p1b: Arcanine|Intimidate|boost\n|-unboost|p2a: Palafin|atk|1\n|-unboost|p2b: Chien-Pao|atk|1\n|-activate|p1a: Palafin|ability: Zero to Hero\n|turn|6\n|inactive|KCELLEY has 30 seconds left.\n|inactive|KCELLEY has 20 seconds left.\n|inactive|KCELLEY has 15 seconds left.\n|inactive|KCELLEY has 10 seconds left.\n|\n|t:|1681860792\n|move|p2b: Chien-Pao|Protect|p2b: Chien-Pao\n|-singleturn|p2b: Chien-Pao|Protect\n|move|p1b: Arcanine|Protect|p1b: Arcanine\n|-singleturn|p1b: Arcanine|Protect\n|move|p2a: Palafin|Protect|p2a: Palafin\n|-singleturn|p2a: Palafin|Protect\n|move|p1a: Palafin|Wave Crash|p2a: Palafin\n|-activate|p2a: Palafin|move: Protect\n|\n|upkeep\n|turn|7\n|inactive|KCELLEY has 30 seconds left.\n|inactive|KCELLEY has 20 seconds left.\n|inactive|KCELLEY has 15 seconds left.\n|inactive|KCELLEY has 10 seconds left.\n|inactive|KCELLEY has 5 seconds left.\n|\n|t:|1681860844\n|-terastallize|p2a: Palafin|Grass\n|move|p1b: Arcanine|Extreme Speed|p2b: Chien-Pao\n|-damage|p2b: Chien-Pao|73\/100\n|move|p1a: Palafin|Jet Punch|p2b: Chien-Pao\n|-damage|p2b: Chien-Pao|6\/100\n|move|p2b: Chien-Pao|Sacred Sword|p1b: Arcanine\n|-damage|p1b: Arcanine|29\/100\n|move|p2a: Palafin|Tera Blast|p1a: Palafin\n|-supereffective|p1a: Palafin\n|-damage|p1a: Palafin|10\/100\n|\n|upkeep\n|turn|8\n|inactive|KCELLEY has 30 seconds left.\n|inactive|KCELLEY has 20 seconds left.\n|inactive|KCELLEY has 15 seconds left.\n|inactive|KCELLEY has 10 seconds left.\n|inactive|KCELLEY has 5 seconds left.\n|\n|t:|1681860895\n|move|p2b: Chien-Pao|Sucker Punch|p1a: Palafin\n|-damage|p1a: Palafin|0 fnt\n|faint|p1a: Palafin\n|move|p2a: Palafin|Jet Punch|p1b: Arcanine\n|-supereffective|p1b: Arcanine\n|-damage|p1b: Arcanine|0 fnt\n|faint|p1b: Arcanine\n|\n|win|KCELLEY\n|raw|DaveMarkin's rating: 1360 → 1336<\/strong> (-24 for losing)\n|raw|KCELLEY's rating: 1285 → 1315<\/strong> (+30 for winning)\n|l|\u2606DaveMarkin\n","uploadtime":1681860913,"views":18,"p1id":"davemarkin","p2id":"kcelley","formatid":"gen9vgc2023regulationc","rating":1315,"private":0,"password":""}