{"id":"gen9vgc2023regulationc-1854327894","p1":"Texsla","p2":"Agitativ40","format":"[Gen 9] VGC 2023 Regulation C","log":"|j|\u2606Texsla\n|j|\u2606Agitativ40\n|t:|1682797507\n|gametype|doubles\n|player|p1|Texsla|169|\n|player|p2|Agitativ40|ethan-masters|\n|teamsize|p1|6\n|teamsize|p2|6\n|gen|9\n|tier|[Gen 9] VGC 2023 Regulation C\n|rule|Species Clause: Limit one of each Pok\u00e9mon\n|rule|Item Clause: Limit one of each item\n|clearpoke\n|poke|p1|Amoonguss, L50, M|\n|poke|p1|Rotom-Wash, L50|\n|poke|p1|Palafin, L50, F|\n|poke|p1|Gholdengo, L50|\n|poke|p1|Murkrow, L50, M|\n|poke|p1|Chien-Pao, L50|\n|poke|p2|Palafin, L50, M|\n|poke|p2|Iron Hands, L50|\n|poke|p2|Chien-Pao, L50|\n|poke|p2|Dragonite, L50, F|\n|poke|p2|Gholdengo, L50|\n|poke|p2|Amoonguss, L50, M|\n|teampreview|4\n|j| fifier\nAgitativ40 has agreed to open team sheets.\nTexsla has agreed to open team sheets.\n|j| InstinKenZ_06\n|j| XMarcosPr710\n|j| Slimeks\n|j| Mathias6483\n|\n|t:|1682797546\n|start\n|switch|p1a: Murkrow|Murkrow, L50, M|100\/100\n|switch|p1b: Palafin|Palafin, L50, F|100\/100\n|switch|p2a: Gholdengo|Gholdengo, L50|100\/100\n|switch|p2b: Iron Hands|Iron Hands, L50|100\/100\n|turn|1\n|\n|t:|1682797569\n|detailschange|p1b: Palafin|Palafin-Hero, L50, F\n|switch|p1b: Gholdengo|Gholdengo, L50|100\/100\n|move|p1a: Murkrow|Feather Dance|p2b: Iron Hands\n|-unboost|p2b: Iron Hands|atk|2\n|move|p2a: Gholdengo|Nasty Plot|p2a: Gholdengo\n|-boost|p2a: Gholdengo|spa|2\n|move|p2b: Iron Hands|Wild Charge|p1a: Murkrow\n|-supereffective|p1a: Murkrow\n|-crit|p1a: Murkrow\n|-damage|p1a: Murkrow|0 fnt\n|faint|p1a: Murkrow\n|-damage|p2b: Iron Hands|83\/100|[from] Recoil\n|\n|upkeep\n|j| ford24\n|c| fifier|como pega iron hands\n|c| XMarcosPr710|vaya torton\n|c| fifier|y el como aguanta es otra cosa\n|c|\u2606Agitativ40|Ah\u00ed se fue mi suerte de todo el torneo\n|c| XMarcosPr710|-2 en ataque y le hace OH xd\n|\n|t:|1682797605\n|switch|p1a: Chien-Pao|Chien-Pao, L50|100\/100\n|-ability|p1a: Chien-Pao|Sword of Ruin\n|turn|2\n|c| Slimeks|fue crit\n|c|\u2606Agitativ40|Porque fue cr\u00edtico\n|c| fifier|fue critico\n|c|\u2606Texsla|como jodio ese critico\n|\n|t:|1682797629\n|-terastallize|p1b: Gholdengo|Fairy\n|move|p2a: Gholdengo|Protect|p2a: Gholdengo\n|-singleturn|p2a: Gholdengo|Protect\n|move|p1a: Chien-Pao|Psychic Fangs|p2b: Iron Hands\n|-supereffective|p2b: Iron Hands\n|-damage|p2b: Iron Hands|30\/100\n|move|p1b: Gholdengo|Shadow Ball|p2a: Gholdengo\n|-activate|p2a: Gholdengo|move: Protect\n|move|p2b: Iron Hands|Drain Punch|p1a: Chien-Pao\n|-supereffective|p1a: Chien-Pao\n|-enditem|p1a: Chien-Pao|Focus Sash\n|-damage|p1a: Chien-Pao|1\/100\n|-heal|p2b: Iron Hands|63\/100|[from] drain|[of] p1a: Chien-Pao\n|\n|upkeep\n|turn|3\n|c| fifier|tera fairy?\n|\n|t:|1682797656\n|-terastallize|p2a: Gholdengo|Water\n|move|p1a: Chien-Pao|Psychic Fangs|p2b: Iron Hands\n|-supereffective|p2b: Iron Hands\n|-damage|p2b: Iron Hands|7\/100\n|move|p1b: Gholdengo|Shadow Ball|p2a: Gholdengo\n|-damage|p2a: Gholdengo|51\/100\n|-unboost|p2a: Gholdengo|spd|1\n|-damage|p1b: Gholdengo|91\/100|[from] item: Life Orb\n|move|p2a: Gholdengo|Make It Rain|p1a: Chien-Pao|[spread] p1a,p1b\n|-supereffective|p1a: Chien-Pao\n|-supereffective|p1b: Gholdengo\n|-damage|p1a: Chien-Pao|0 fnt\n|-damage|p1b: Gholdengo|0 fnt\n|-unboost|p2a: Gholdengo|spa|1\n|faint|p1a: Chien-Pao\n|faint|p1b: Gholdengo\n|move|p2b: Iron Hands|Volt Switch|p1: Chien-Pao|[notarget]\n|-fail|p2b: Iron Hands\n|\n|-heal|p2a: Gholdengo|57\/100|[from] item: Leftovers\n|upkeep\n|j| gabsalma\n|\n|t:|1682797664\n|switch|p1a: Palafin|Palafin-Hero, L50, F|100\/100\n|-activate|p1a: Palafin|ability: Zero to Hero\n|turn|4\n|c| fifier|te re vendiste texls\n|c| ford24|f\n|\n|t:|1682797677\n|-end|p2b: Iron Hands|Quark Drive|[silent]\n|switch|p2b: Amoonguss|Amoonguss, L50, M|100\/100\n|move|p2a: Gholdengo|Protect|p2a: Gholdengo\n|-singleturn|p2a: Gholdengo|Protect\n|move|p1a: Palafin|Jet Punch|p2b: Amoonguss\n|-resisted|p2b: Amoonguss\n|-damage|p2b: Amoonguss|83\/100\n|\n|-heal|p2a: Gholdengo|64\/100|[from] item: Leftovers\n|upkeep\n|turn|5\n|c| XMarcosPr710|gg agi\n|l| gabsalma\n|c|\u2606Texsla|y que queres que haga ese critico casi finiquito el combate\n|\n|t:|1682797697\n|move|p1a: Palafin|Wave Crash|p2a: Gholdengo\n|-resisted|p2a: Gholdengo\n|-damage|p2a: Gholdengo|20\/100\n|-damage|p1a: Palafin|85\/100|[from] Recoil\n|move|p2a: Gholdengo|Shadow Ball|p1a: Palafin\n|-damage|p1a: Palafin|25\/100\n|-unboost|p1a: Palafin|spd|1\n|move|p2b: Amoonguss|Pollen Puff|p2a: Gholdengo\n|-heal|p2a: Gholdengo|70\/100\n|\n|-heal|p2a: Gholdengo|77\/100|[from] item: Leftovers\n|upkeep\n|turn|6\n|c| fifier|nose\n|c| fifier|tipo\n|c|\u2606Agitativ40|No era mi intenci\u00f3n, a mi no me gusta cuando tengo suerte ):\n|c| fifier|quizas no hacer tera fairy te ayudaba\n|\n|t:|1682797714\n|move|p2b: Amoonguss|Rage Powder|p2b: Amoonguss\n|-singleturn|p2b: Amoonguss|move: Rage Powder\n|move|p1a: Palafin|Wave Crash|p2b: Amoonguss\n|-resisted|p2b: Amoonguss\n|-damage|p2b: Amoonguss|43\/100\n|-enditem|p2b: Amoonguss|Sitrus Berry|[eat]\n|-heal|p2b: Amoonguss|68\/100|[from] item: Sitrus Berry\n|-damage|p1a: Palafin|9\/100|[from] Recoil\n|move|p2a: Gholdengo|Shadow Ball|p1a: Palafin\n|-damage|p1a: Palafin|0 fnt\n|faint|p1a: Palafin\n|\n|win|Agitativ40\n|c| fifier|pobre agi :(\n|c| XMarcosPr710|agi si te toca la loteria no te gusta?\n|c| InstinKenZ_06|gg\n|c|\u2606Agitativ40|gg\n|c| XMarcosPr710|gg\n|c|\u2606Texsla|daba igual si lo hacia o no yo creo\n|c| ford24|gg\n|c| fifier|gg\n|l| Slimeks\n|c|\u2606Agitativ40|Y no, porque podr\u00eda ser para alguien que lo necesite m\u00e1s que yo\n|l| ford24\n","uploadtime":1682797744,"views":16,"p1id":"texsla","p2id":"agitativ40","formatid":"gen9vgc2023regulationc","rating":0,"private":0,"password":""}