{"id":"gen9vgc2023regulationc-1846761625","p1":"leafyarrow","p2":"Slithy","format":"[Gen 9] VGC 2023 Regulation C","log":"|j|\u2606leafyarrow\n|j|\u2606Slithy\n|t:|1681875361\n|gametype|doubles\n|player|p1|leafyarrow|leaf-gen3|1312\n|player|p2|Slithy|palmer|1309\n|teamsize|p1|6\n|teamsize|p2|6\n|gen|9\n|tier|[Gen 9] VGC 2023 Regulation C\n|rated|\n|rule|Species Clause: Limit one of each Pok\u00e9mon\n|rule|Item Clause: Limit one of each item\n|clearpoke\n|poke|p1|Flutter Mane, L50|\n|poke|p1|Palafin, L50, M|\n|poke|p1|Amoonguss, L50, M|\n|poke|p1|Ting-Lu, L50|\n|poke|p1|Arcanine, L50, M|\n|poke|p1|Roaring Moon, L50|\n|poke|p2|Palafin, L50, M|\n|poke|p2|Flutter Mane, L50|\n|poke|p2|Chi-Yu, L50|\n|poke|p2|Lurantis, L50, F|\n|poke|p2|Grimmsnarl, L50, M|\n|poke|p2|Scizor, L50, M|\n|teampreview|4\nleafyarrow has agreed to open team sheets.\n|\n|t:|1681875410\n|start\n|switch|p1a: Roaring Moon|Roaring Moon, L50|100\/100\n|switch|p1b: Palafin|Palafin, L50, M|100\/100\n|switch|p2a: Grimmsnarl|Grimmsnarl, L50, M|100\/100\n|switch|p2b: Lurantis|Lurantis, L50, F|100\/100\n|-enditem|p1a: Roaring Moon|Booster Energy\n|-activate|p1a: Roaring Moon|ability: Protosynthesis|[fromitem]\n|-start|p1a: Roaring Moon|protosynthesisspe\n|turn|1\n|\n|t:|1681875458\n|-terastallize|p2b: Lurantis|Water\n|move|p1b: Palafin|Protect|p1b: Palafin\n|-singleturn|p1b: Palafin|Protect\n|move|p2a: Grimmsnarl|Reflect|p2a: Grimmsnarl\n|-sidestart|p2: Slithy|Reflect\n|move|p1a: Roaring Moon|Acrobatics|p2b: Lurantis\n|-damage|p2b: Lurantis|70\/100\n|move|p2b: Lurantis|Leaf Storm|p1b: Palafin\n|-activate|p1b: Palafin|move: Protect\n|\n|-heal|p2b: Lurantis|76\/100|[from] item: Leftovers\n|upkeep\n|turn|2\n|\n|t:|1681875484\n|detailschange|p1b: Palafin|Palafin-Hero, L50, M\n|switch|p1b: Flutter Mane|Flutter Mane, L50|100\/100\n|move|p1a: Roaring Moon|Acrobatics|p2a: Grimmsnarl\n|-damage|p2a: Grimmsnarl|74\/100\n|move|p2b: Lurantis|Leaf Storm|p1a: Roaring Moon\n|-resisted|p1a: Roaring Moon\n|-crit|p1a: Roaring Moon\n|-damage|p1a: Roaring Moon|59\/100\n|-boost|p2b: Lurantis|spa|2\n|move|p2a: Grimmsnarl|Spirit Break|p1a: Roaring Moon\n|-supereffective|p1a: Roaring Moon\n|-damage|p1a: Roaring Moon|0 fnt\n|faint|p1a: Roaring Moon\n|-end|p1a: Roaring Moon|Protosynthesis|[silent]\n|\n|-heal|p2b: Lurantis|82\/100|[from] item: Leftovers\n|upkeep\n|\n|t:|1681875498\n|switch|p1a: Palafin|Palafin-Hero, L50, M|100\/100\n|-activate|p1a: Palafin|ability: Zero to Hero\n|turn|3\n|\n|t:|1681875519\n|-terastallize|p1a: Palafin|Water\n|move|p2a: Grimmsnarl|Light Screen|p2a: Grimmsnarl\n|-sidestart|p2: Slithy|move: Light Screen\n|move|p1b: Flutter Mane|Moonblast|p2a: Grimmsnarl\n|-supereffective|p2a: Grimmsnarl\n|-damage|p2a: Grimmsnarl|0 fnt\n|faint|p2a: Grimmsnarl\n|move|p1a: Palafin|Wave Crash|p2b: Lurantis\n|-resisted|p2b: Lurantis\n|-damage|p2b: Lurantis|30\/100\n|-damage|p1a: Palafin|87\/100|[from] Recoil\n|move|p2b: Lurantis|Leaf Storm|p1b: Flutter Mane\n|-crit|p1b: Flutter Mane\n|-damage|p1b: Flutter Mane|0 fnt\n|-boost|p2b: Lurantis|spa|2\n|faint|p1b: Flutter Mane\n|-end|p1b: Flutter Mane|Protosynthesis|[silent]\n|\n|-heal|p2b: Lurantis|37\/100|[from] item: Leftovers\n|upkeep\n|\n|t:|1681875551\n|switch|p1b: Arcanine|Arcanine, L50, M|100\/100\n|switch|p2a: Scizor|Scizor, L50, M|100\/100\n|-ability|p1b: Arcanine|Intimidate|boost\n|-fail|p2a: Scizor|unboost|[from] item: Clear Amulet|[of] p2a: Scizor\n|-boost|p2b: Lurantis|atk|1\n|turn|4\n|\n|t:|1681875581\n|move|p1b: Arcanine|Extreme Speed|p2b: Lurantis\n|-damage|p2b: Lurantis|20\/100\n|move|p1a: Palafin|Jet Punch|p2b: Lurantis\n|-resisted|p2b: Lurantis\n|-damage|p2b: Lurantis|0 fnt\n|faint|p2b: Lurantis\n|move|p2a: Scizor|Close Combat|p1a: Palafin\n|-damage|p1a: Palafin|46\/100\n|-unboost|p2a: Scizor|def|1\n|-unboost|p2a: Scizor|spd|1\n|\n|upkeep\n|\n|t:|1681875592\n|switch|p2b: Chi-Yu|Chi-Yu, L50|100\/100\n|-ability|p2b: Chi-Yu|Beads of Ruin\n|turn|5\n|\n|t:|1681875621\n|move|p1b: Arcanine|Protect|p1b: Arcanine\n|-singleturn|p1b: Arcanine|Protect\n|move|p1a: Palafin|Protect|p1a: Palafin\n|-singleturn|p1a: Palafin|Protect\n|move|p2b: Chi-Yu|Protect|p2b: Chi-Yu\n|-singleturn|p2b: Chi-Yu|Protect\n|move|p2a: Scizor|Close Combat|p1a: Palafin\n|-activate|p1a: Palafin|move: Protect\n|\n|upkeep\n|turn|6\n|\n|t:|1681875635\n|move|p2b: Chi-Yu|Protect||[still]\n|-fail|p2b: Chi-Yu\n|move|p1b: Arcanine|Extreme Speed|p2b: Chi-Yu\n|-damage|p2b: Chi-Yu|83\/100\n|move|p1a: Palafin|Jet Punch|p2b: Chi-Yu\n|-supereffective|p2b: Chi-Yu\n|-damage|p2b: Chi-Yu|0 fnt\n|faint|p2b: Chi-Yu\n|move|p2a: Scizor|Close Combat|p1a: Palafin\n|-damage|p1a: Palafin|3\/100\n|-unboost|p2a: Scizor|def|1\n|-unboost|p2a: Scizor|spd|1\n|\n|upkeep\n|turn|7\n|-message|Slithy forfeited.\n|\n|win|leafyarrow\n|raw|leafyarrow's rating: 1312 → 1332<\/strong> (+20 for winning)\n|raw|Slithy's rating: 1309 → 1289<\/strong> (-20 for losing)\n|l|\u2606Slithy\n","uploadtime":1681875651,"views":11,"p1id":"leafyarrow","p2id":"slithy","formatid":"gen9vgc2023regulationc","rating":1289,"private":0,"password":""}