{"id":"gen9vgc2023regulationc-1851519261","p1":"Capnwakka69","p2":"bot2107","format":"[Gen 9] VGC 2023 Regulation C","log":"|j|\u2606Capnwakka69\n|j|\u2606bot2107\n|t:|1682452008\n|gametype|doubles\n|player|p1|Capnwakka69|101|1119\n|player|p2|bot2107|102|1206\n|teamsize|p1|6\n|teamsize|p2|6\n|gen|9\n|tier|[Gen 9] VGC 2023 Regulation C\n|rated|\n|rule|Species Clause: Limit one of each Pok\u00e9mon\n|rule|Item Clause: Limit one of each item\n|clearpoke\n|poke|p1|Dondozo, L50, F|\n|poke|p1|Tatsugiri, L50, F|\n|poke|p1|Pelipper, L50, F|\n|poke|p1|Drednaw, L50, M|\n|poke|p1|Gyarados, L50, M|\n|poke|p1|Rotom-Wash, L50|\n|poke|p2|Arcanine, L50, M|\n|poke|p2|Chi-Yu, L50|\n|poke|p2|Orthworm, L50, F|\n|poke|p2|Ting-Lu, L50|\n|poke|p2|Dragonite, L50, M|\n|poke|p2|Flutter Mane, L50|\n|teampreview|4\n|inactive|Battle timer is ON: inactive players will automatically lose when time's up. (requested by Capnwakka69)\n|inactive|bot2107 has 60 seconds left.\n|inactive|bot2107 has 30 seconds left.\n|\n|t:|1682452073\n|start\n|switch|p1a: Gyarados|Gyarados, L50, M|100\/100\n|switch|p1b: Tatsugiri|Tatsugiri, L50, F|100\/100\n|switch|p2a: Chi-Yu|Chi-Yu, L50|100\/100\n|switch|p2b: Flutter Mane|Flutter Mane, L50|100\/100\n|-ability|p2a: Chi-Yu|Beads of Ruin\n|-ability|p1a: Gyarados|Intimidate|boost\n|-unboost|p2a: Chi-Yu|atk|1\n|-unboost|p2b: Flutter Mane|atk|1\n|turn|1\n|inactive|bot2107 has 30 seconds left.\n|\n|t:|1682452107\n|switch|p1a: Pelipper|Pelipper, L50, F|100\/100\n|-weather|RainDance|[from] ability: Drizzle|[of] p1a: Pelipper\n|-terastallize|p1b: Tatsugiri|Steel\n|-terastallize|p2a: Chi-Yu|Grass\n|move|p1b: Tatsugiri|Muddy Water|p2b: Flutter Mane|[spread] p2a,p2b\n|-resisted|p2a: Chi-Yu\n|-damage|p2a: Chi-Yu|77\/100\n|-damage|p2b: Flutter Mane|26\/100\n|move|p2a: Chi-Yu|Tera Blast|p1b: Tatsugiri\n|-resisted|p1b: Tatsugiri\n|-damage|p1b: Tatsugiri|62\/100\n|move|p2b: Flutter Mane|Dazzling Gleam|p1b: Tatsugiri|[spread] p1a,p1b\n|-resisted|p1b: Tatsugiri\n|-damage|p1a: Pelipper|30\/100\n|-damage|p1b: Tatsugiri|37\/100\n|\n|-weather|RainDance|[upkeep]\n|upkeep\n|turn|2\n|inactive|Capnwakka69 has 30 seconds left.\n|inactive|bot2107 has 30 seconds left.\n|\n|t:|1682452139\n|switch|p2a: Dragonite|Dragonite, L50, M|100\/100\n|move|p2b: Flutter Mane|Protect|p2b: Flutter Mane\n|-singleturn|p2b: Flutter Mane|Protect\n|move|p1b: Tatsugiri|Muddy Water|p2a: Dragonite|[spread] p2a\n|-activate|p2b: Flutter Mane|move: Protect\n|-resisted|p2a: Dragonite\n|-damage|p2a: Dragonite|91\/100\n|move|p1a: Pelipper|Tailwind|p1a: Pelipper\n|-sidestart|p1: Capnwakka69|move: Tailwind\n|\n|-weather|RainDance|[upkeep]\n|upkeep\n|turn|3\n|inactive|bot2107 has 30 seconds left.\n|inactive|bot2107 has 20 seconds left.\n|\n|t:|1682452179\n|switch|p1b: Gyarados|Gyarados, L50, M|100\/100\n|-ability|p1b: Gyarados|Intimidate|boost\n|-unboost|p2a: Dragonite|atk|1\n|-unboost|p2b: Flutter Mane|atk|1\n|-end|p2b: Flutter Mane|Protosynthesis|[silent]\n|switch|p2b: Chi-Yu|Chi-Yu, L50, tera:Grass|77\/100\n|-ability|p2b: Chi-Yu|Beads of Ruin\n|move|p2a: Dragonite|Extreme Speed|p1b: Gyarados\n|-damage|p1b: Gyarados|77\/100\n|move|p1a: Pelipper|Hurricane|p2b: Chi-Yu\n|-supereffective|p2b: Chi-Yu\n|-damage|p2b: Chi-Yu|0 fnt\n|faint|p2b: Chi-Yu\n|\n|-weather|RainDance|[upkeep]\n|upkeep\n|\n|t:|1682452195\n|switch|p2b: Orthworm|Orthworm, L50, F|100\/100\n|turn|4\n|\n|t:|1682452210\n|switch|p2a: Flutter Mane|Flutter Mane, L50|26\/100\n|move|p1a: Pelipper|Protect|p1a: Pelipper\n|-singleturn|p1a: Pelipper|Protect\n|move|p1b: Gyarados|Dragon Dance|p1b: Gyarados\n|-boost|p1b: Gyarados|atk|1\n|-boost|p1b: Gyarados|spe|1\n|move|p2b: Orthworm|Iron Defense|p2b: Orthworm\n|-boost|p2b: Orthworm|def|2\n|\n|-weather|RainDance|[upkeep]\n|upkeep\n|turn|5\n|inactive|bot2107 has 30 seconds left.\n|\n|t:|1682452244\n|move|p2a: Flutter Mane|Protect|p2a: Flutter Mane\n|-singleturn|p2a: Flutter Mane|Protect\n|move|p1b: Gyarados|Waterfall|p2b: Orthworm\n|-damage|p2b: Orthworm|63\/100\n|move|p1a: Pelipper|Hurricane|p2a: Flutter Mane\n|-activate|p2a: Flutter Mane|move: Protect\n|move|p2b: Orthworm|Iron Defense|p2b: Orthworm\n|-boost|p2b: Orthworm|def|2\n|\n|-weather|RainDance|[upkeep]\n|-sideend|p1: Capnwakka69|move: Tailwind\n|upkeep\n|turn|6\n|inactive|bot2107 has 30 seconds left.\n|\n|t:|1682452278\n|move|p2a: Flutter Mane|Dazzling Gleam|p1a: Pelipper|[spread] p1a,p1b\n|-damage|p1a: Pelipper|0 fnt\n|-damage|p1b: Gyarados|49\/100\n|-enditem|p1b: Gyarados|Sitrus Berry|[eat]\n|-heal|p1b: Gyarados|74\/100|[from] item: Sitrus Berry\n|faint|p1a: Pelipper\n|move|p1b: Gyarados|Waterfall|p2a: Flutter Mane\n|-crit|p2a: Flutter Mane\n|-damage|p2a: Flutter Mane|0 fnt\n|faint|p2a: Flutter Mane\n|-end|p2a: Flutter Mane|Protosynthesis|[silent]\n|move|p2b: Orthworm|Iron Defense|p2b: Orthworm\n|-boost|p2b: Orthworm|def|2\n|\n|-weather|RainDance|[upkeep]\n|upkeep\n|\n|t:|1682452293\n|switch|p2a: Dragonite|Dragonite, L50, M|91\/100\n|switch|p1a: Tatsugiri|Tatsugiri, L50, F, tera:Steel|37\/100\n|turn|7\n|\n|t:|1682452312\n|move|p2a: Dragonite|Extreme Speed|p1b: Gyarados\n|-damage|p1b: Gyarados|43\/100\n|move|p1a: Tatsugiri|Draco Meteor|p2a: Dragonite|[miss]\n|-miss|p1a: Tatsugiri|p2a: Dragonite\n|move|p1b: Gyarados|Dragon Dance|p1b: Gyarados\n|-boost|p1b: Gyarados|atk|1\n|-boost|p1b: Gyarados|spe|1\n|move|p2b: Orthworm|Body Press|p1a: Tatsugiri\n|-supereffective|p1a: Tatsugiri\n|-damage|p1a: Tatsugiri|0 fnt\n|faint|p1a: Tatsugiri\n|\n|-weather|RainDance|[upkeep]\n|upkeep\n|\n|t:|1682452324\n|switch|p1a: Dondozo|Dondozo, L50, F|100\/100\n|turn|8\n|\n|t:|1682452344\n|move|p2a: Dragonite|Extreme Speed|p1b: Gyarados\n|-damage|p1b: Gyarados|7\/100\n|move|p1b: Gyarados|Waterfall|p2a: Dragonite\n|-resisted|p2a: Dragonite\n|-damage|p2a: Dragonite|38\/100\n|move|p1a: Dondozo|Wave Crash|p2a: Dragonite\n|-resisted|p2a: Dragonite\n|-damage|p2a: Dragonite|0 fnt\n|faint|p2a: Dragonite\n|-damage|p1a: Dondozo|92\/100|[from] Recoil\n|-damage|p1a: Dondozo|82\/100|[from] item: Life Orb\n|move|p2b: Orthworm|Body Press|p1a: Dondozo\n|-damage|p1a: Dondozo|63\/100\n|\n|-weather|none\n|upkeep\n|turn|9\n|\n|t:|1682452365\n|move|p1b: Gyarados|Waterfall|p2b: Orthworm\n|-damage|p2b: Orthworm|47\/100\n|-enditem|p2b: Orthworm|Sitrus Berry|[eat]\n|-heal|p2b: Orthworm|72\/100|[from] item: Sitrus Berry\n|move|p1a: Dondozo|Wave Crash|p2b: Orthworm\n|-damage|p2b: Orthworm|25\/100\n|-damage|p1a: Dondozo|52\/100|[from] Recoil\n|-damage|p1a: Dondozo|42\/100|[from] item: Life Orb\n|cant|p2b: Orthworm|flinch\n|\n|upkeep\n|turn|10\n|-message|bot2107 forfeited.\n|\n|win|Capnwakka69\n|raw|Capnwakka69's rating: 1119 → 1150<\/strong> (+31 for winning)\n|raw|bot2107's rating: 1206 → 1175<\/strong> (-31 for losing)\n|l|\u2606bot2107\n","uploadtime":1682452657,"views":7,"p1id":"capnwakka69","p2id":"bot2107","formatid":"gen9vgc2023regulationc","rating":1150,"private":0,"password":""}