{"id":"gen9vgc2023regulationc-1848794618","p1":"Alaskan_fisher","p2":"Gaspar8","format":"[Gen 9] VGC 2023 Regulation C","log":"|j|\u2606Alaskan_fisher\n|j|\u2606Gaspar8\n|t:|1682111121\n|gametype|doubles\n|player|p1|Alaskan_fisher|fisherman-gen4|1326\n|player|p2|Gaspar8|102|1380\n|teamsize|p1|6\n|teamsize|p2|6\n|gen|9\n|tier|[Gen 9] VGC 2023 Regulation C\n|rated|\n|rule|Species Clause: Limit one of each Pok\u00e9mon\n|rule|Item Clause: Limit one of each item\n|clearpoke\n|poke|p1|Baxcalibur, L50, M|\n|poke|p1|Palafin, L50, F|\n|poke|p1|Arcanine, L50, M|\n|poke|p1|Flutter Mane, L50|\n|poke|p1|Chi-Yu, L50|\n|poke|p1|Amoonguss, L50, F|\n|poke|p2|Murkrow, L50, F|\n|poke|p2|Lycanroc, L50, M|\n|poke|p2|Gholdengo, L50|\n|poke|p2|Tyranitar, L50, M|\n|poke|p2|Great Tusk, L50|\n|poke|p2|Amoonguss, L50, M|\n|teampreview|4\n|\n|t:|1682111161\n|start\n|switch|p1a: Palafin|Palafin, L50, F|100\/100\n|switch|p1b: Arcanine|Arcanine, L50, M|100\/100\n|switch|p2a: Tyranitar|Tyranitar, L50, M, shiny|100\/100\n|switch|p2b: Lycanroc|Lycanroc, L50, M, shiny|100\/100\n|-ability|p1b: Arcanine|Intimidate|boost\n|-unboost|p2a: Tyranitar|atk|1\n|-unboost|p2b: Lycanroc|atk|1\n|-weather|Sandstorm|[from] ability: Sand Stream|[of] p2a: Tyranitar\n|turn|1\n|\n|t:|1682111213\n|switch|p1b: Amoonguss|Amoonguss, L50, F|100\/100\n|-terastallize|p1a: Palafin|Water\n|move|p1a: Palafin|Jet Punch|p2b: Lycanroc\n|-supereffective|p2b: Lycanroc\n|-enditem|p2b: Lycanroc|Focus Sash\n|-damage|p2b: Lycanroc|1\/100\n|move|p2b: Lycanroc|Rock Slide|p1b: Amoonguss|[spread] p1a\n|-miss|p2b: Lycanroc|p1b: Amoonguss\n|-damage|p1a: Palafin|80\/100\n|move|p2a: Tyranitar|Rock Slide|p1a: Palafin|[spread] p1a,p1b\n|-damage|p1a: Palafin|57\/100\n|-damage|p1b: Amoonguss|84\/100\n|\n|-weather|Sandstorm|[upkeep]\n|-damage|p1a: Palafin|51\/100|[from] Sandstorm\n|-damage|p1b: Amoonguss|78\/100|[from] Sandstorm\n|upkeep\n|turn|2\n|inactive|Battle timer is ON: inactive players will automatically lose when time's up. (requested by Gaspar8)\n|inactive|Alaskan_fisher has 60 seconds left.\n|\n|t:|1682111252\n|switch|p2b: Murkrow|Murkrow, L50, F|100\/100\n|switch|p1b: Arcanine|Arcanine, L50, M|100\/100\n|-ability|p1b: Arcanine|Intimidate|boost\n|-unboost|p2a: Tyranitar|atk|1\n|-unboost|p2b: Murkrow|atk|1\n|move|p1a: Palafin|Jet Punch|p2b: Murkrow\n|-damage|p2b: Murkrow|65\/100\n|move|p2a: Tyranitar|Rock Slide|p1a: Palafin|[spread] \n|-miss|p2a: Tyranitar|p1a: Palafin\n|-miss|p2a: Tyranitar|p1b: Arcanine\n|\n|-weather|Sandstorm|[upkeep]\n|-damage|p1a: Palafin|45\/100|[from] Sandstorm\n|-damage|p2b: Murkrow|59\/100|[from] Sandstorm\n|upkeep\n|turn|3\n|inactive|Alaskan_fisher has 30 seconds left.\n|inactive|Gaspar8 has 30 seconds left.\n|inactive|Alaskan_fisher has 20 seconds left.\n|inactive|Alaskan_fisher has 15 seconds left.\n|inactive|Alaskan_fisher has 10 seconds left.\n|\n|t:|1682111300\n|detailschange|p1a: Palafin|Palafin-Hero, L50, F, tera:Water\n|switch|p1a: Amoonguss|Amoonguss, L50, F|100\/100\n|switch|p2a: Lycanroc|Lycanroc, L50, M, shiny|1\/100\n|move|p2b: Murkrow|Tailwind|p2b: Murkrow\n|-sidestart|p2: Gaspar8|move: Tailwind\n|move|p1b: Arcanine|Will-O-Wisp|p2a: Lycanroc\n|-status|p2a: Lycanroc|brn\n|\n|-weather|Sandstorm|[upkeep]\n|-damage|p2b: Murkrow|53\/100|[from] Sandstorm\n|-damage|p1a: Amoonguss|95\/100|[from] Sandstorm\n|-damage|p2a: Lycanroc|0 fnt|[from] brn\n|faint|p2a: Lycanroc\n|upkeep\n|\n|t:|1682111316\n|switch|p2a: Great Tusk|Great Tusk, L50, shiny|100\/100\n|-enditem|p2a: Great Tusk|Booster Energy\n|-activate|p2a: Great Tusk|ability: Protosynthesis|[fromitem]\n|-start|p2a: Great Tusk|protosynthesisatk\n|turn|4\n|inactive|Alaskan_fisher has 30 seconds left.\n|inactive|Alaskan_fisher has 20 seconds left.\n|\n|t:|1682111351\n|switch|p1b: Flutter Mane|Flutter Mane, L50|100\/100\n|-terastallize|p2a: Great Tusk|Ground\n|move|p2a: Great Tusk|Headlong Rush|p1a: Amoonguss\n|-damage|p1a: Amoonguss|10\/100\n|-unboost|p2a: Great Tusk|def|1\n|-unboost|p2a: Great Tusk|spd|1\n|-enditem|p1a: Amoonguss|Sitrus Berry|[eat]\n|-heal|p1a: Amoonguss|34\/100|[from] item: Sitrus Berry\n|move|p2b: Murkrow|Foul Play|p1a: Amoonguss\n|-damage|p1a: Amoonguss|18\/100\n|move|p1a: Amoonguss|Pollen Puff|p1b: Flutter Mane\n|-immune|p1b: Flutter Mane\n|\n|-weather|Sandstorm|[upkeep]\n|-damage|p2b: Murkrow|47\/100|[from] Sandstorm\n|-damage|p1b: Flutter Mane|95\/100|[from] Sandstorm\n|-damage|p1a: Amoonguss|12\/100|[from] Sandstorm\n|upkeep\n|turn|5\n|inactive|Alaskan_fisher has 30 seconds left.\n|inactive|Gaspar8 has 30 seconds left.\n|inactive|Alaskan_fisher has 20 seconds left.\n|inactive|Alaskan_fisher has 15 seconds left.\n|inactive|Alaskan_fisher has 10 seconds left.\n|\n|t:|1682111400\n|move|p2b: Murkrow|Haze|p2b: Murkrow\n|-clearallboost\n|move|p2a: Great Tusk|Earthquake|p1a: Amoonguss|[spread] p1a,p1b\n|-immune|p2b: Murkrow\n|-damage|p1a: Amoonguss|0 fnt\n|-damage|p1b: Flutter Mane|0 fnt\n|faint|p1a: Amoonguss\n|faint|p1b: Flutter Mane\n|-end|p1b: Flutter Mane|Protosynthesis|[silent]\n|\n|-weather|none\n|upkeep\n|\n|t:|1682111409\n|switch|p1b: Arcanine|Arcanine, L50, M|100\/100\n|switch|p1a: Palafin|Palafin-Hero, L50, F, tera:Water|45\/100\n|-ability|p1b: Arcanine|Intimidate|boost\n|-unboost|p2a: Great Tusk|atk|1\n|-unboost|p2b: Murkrow|atk|1\n|-activate|p1a: Palafin|ability: Zero to Hero\n|turn|6\n|\n|t:|1682111424\n|move|p2b: Murkrow|Quash|p1a: Palafin\n|-activate|p1a: Palafin|move: Quash\n|move|p2a: Great Tusk|Earthquake|p1a: Palafin|[spread] p1a,p1b\n|-immune|p2b: Murkrow\n|-supereffective|p1b: Arcanine\n|-damage|p1a: Palafin|3\/100\n|-damage|p1b: Arcanine|2\/100\n|move|p1b: Arcanine|Flare Blitz|p2b: Murkrow\n|-damage|p2b: Murkrow|0 fnt\n|faint|p2b: Murkrow\n|-damage|p1b: Arcanine|0 fnt|[from] Recoil\n|faint|p1b: Arcanine\n|move|p1a: Palafin|Jet Punch|p2a: Great Tusk\n|-supereffective|p2a: Great Tusk\n|-damage|p2a: Great Tusk|6\/100\n|\n|-sideend|p2: Gaspar8|move: Tailwind\n|upkeep\n|\n|t:|1682111442\n|switch|p2b: Tyranitar|Tyranitar, L50, M, shiny|100\/100\n|-weather|Sandstorm|[from] ability: Sand Stream|[of] p2b: Tyranitar\n|turn|7\n|\n|t:|1682111463\n|move|p2a: Great Tusk|Protect|p2a: Great Tusk\n|-singleturn|p2a: Great Tusk|Protect\n|move|p2b: Tyranitar|Protect|p2b: Tyranitar\n|-singleturn|p2b: Tyranitar|Protect\n|move|p1a: Palafin|Jet Punch|p2a: Great Tusk\n|-activate|p2a: Great Tusk|move: Protect\n|\n|-weather|Sandstorm|[upkeep]\n|-damage|p1a: Palafin|0 fnt|[from] Sandstorm\n|faint|p1a: Palafin\n|\n|win|Gaspar8\n|upkeep\n|raw|Alaskan_fisher's rating: 1326 → 1309<\/strong> (-17 for losing)\n|raw|Gaspar8's rating: 1380 → 1397<\/strong> (+17 for winning)\n|l|\u2606Gaspar8\n","uploadtime":1682111543,"views":9,"p1id":"alaskanfisher","p2id":"gaspar8","formatid":"gen9vgc2023regulationc","rating":1309,"private":0,"password":""}