{"id":"gen9vgc2023regulationc-1853533057","p1":"judevgc","p2":"aed96","format":"[Gen 9] VGC 2023 Regulation C","log":"|j|\u2606judevgc\n|j|\u2606aed96\n|t:|1682694052\n|gametype|doubles\n|player|p1|judevgc|cyclist|\n|player|p2|aed96|red-masters|\n|teamsize|p1|6\n|teamsize|p2|6\n|gen|9\n|tier|[Gen 9] VGC 2023 Regulation C\n|rule|Species Clause: Limit one of each Pok\u00e9mon\n|rule|Item Clause: Limit one of each item\n|clearpoke\n|poke|p1|Roaring Moon, L50|\n|poke|p1|Tauros-Paldea-Aqua, L50, M|\n|poke|p1|Glimmora, L50, M|\n|poke|p1|Armarouge, L50, F|\n|poke|p1|Indeedee-F, L50, F|\n|poke|p1|Brambleghast, L50, F|\n|poke|p2|Azumarill, L50, M|\n|poke|p2|Garchomp, L50, F|\n|poke|p2|Kilowattrel, L50, M|\n|poke|p2|Gholdengo, L50|\n|poke|p2|Skuntank, L50, M|\n|poke|p2|Gardevoir, L50, M|\n|teampreview|4\n|c|\u2606aed96|g2\njudevgc rejected open team sheets.\n|c|\u2606aed96|glhf\n|c|\u2606judevgc|u2\n|\n|t:|1682694447\n|start\n|switch|p1a: Roaring Moon|Roaring Moon, L50|100\/100\n|switch|p1b: Brambleghast|Brambleghast, L50, F|100\/100\n|switch|p2a: Gholdengo|Gholdengo, L50|100\/100\n|switch|p2b: Gardevoir|Gardevoir, L50, M|100\/100\n|-enditem|p1a: Roaring Moon|Booster Energy\n|-activate|p1a: Roaring Moon|ability: Protosynthesis|[fromitem]\n|-start|p1a: Roaring Moon|protosynthesisspe\n|turn|1\n|\n|t:|1682694505\n|-terastallize|p1a: Roaring Moon|Steel\n|-terastallize|p2a: Gholdengo|Water\n|move|p2b: Gardevoir|Protect|p2b: Gardevoir\n|-singleturn|p2b: Gardevoir|Protect\n|move|p1a: Roaring Moon|Throat Chop|p2a: Gholdengo\n|-damage|p2a: Gholdengo|66\/100\n|-start|p2a: Gholdengo|Throat Chop|[silent]\n|move|p1b: Brambleghast|Phantom Force||[still]\n|-prepare|p1b: Brambleghast|Phantom Force\n|move|p2a: Gholdengo|Shadow Ball|p1b: Brambleghast|[miss]\n|-miss|p2a: Gholdengo|p1b: Brambleghast\n|\n|-heal|p2a: Gholdengo|72\/100|[from] item: Leftovers\n|upkeep\n|turn|2\n|\n|t:|1682694525\n|switch|p2b: Skuntank|Skuntank, L50, M|100\/100\n|move|p1a: Roaring Moon|Tailwind|p1a: Roaring Moon\n|-sidestart|p1: judevgc|move: Tailwind\n|-ability|p1b: Brambleghast|Wind Rider|boost\n|-boost|p1b: Brambleghast|atk|1\n|move|p1b: Brambleghast|Phantom Force|p2b: Skuntank|[from]lockedmove\n|-resisted|p2b: Skuntank\n|-damage|p2b: Skuntank|49\/100\n|move|p2a: Gholdengo|Shadow Ball|p1b: Brambleghast\n|-supereffective|p1b: Brambleghast\n|-damage|p1b: Brambleghast|0 fnt\n|faint|p1b: Brambleghast\n|\n|-heal|p2a: Gholdengo|79\/100|[from] item: Leftovers\n|-end|p2a: Gholdengo|Throat Chop|[silent]\n|upkeep\n|\n|t:|1682694550\n|switch|p1b: Tauros|Tauros-Paldea-Aqua, L50, M|100\/100\n|-ability|p1b: Tauros|Intimidate|boost\n|-unboost|p2a: Gholdengo|atk|1\n|-unboost|p2b: Skuntank|atk|1\n|turn|3\n|\n|t:|1682694563\n|move|p2a: Gholdengo|Protect|p2a: Gholdengo\n|-singleturn|p2a: Gholdengo|Protect\n|move|p1a: Roaring Moon|Throat Chop|p2a: Gholdengo\n|-activate|p2a: Gholdengo|move: Protect\n|move|p1b: Tauros|Wild Charge|p2a: Gholdengo\n|-activate|p2a: Gholdengo|move: Protect\n|move|p2b: Skuntank|Crunch|p1a: Roaring Moon\n|-damage|p1a: Roaring Moon|81\/100\n|\n|-heal|p2a: Gholdengo|85\/100|[from] item: Leftovers\n|upkeep\n|turn|4\n|\n|t:|1682694605\n|switch|p2b: Gardevoir|Gardevoir, L50, M|100\/100\n|move|p1a: Roaring Moon|Dragon Claw|p2a: Gholdengo\n|-damage|p2a: Gholdengo|50\/100\n|move|p1b: Tauros|Stomping Tantrum|p2b: Gardevoir\n|-damage|p2b: Gardevoir|67\/100\n|move|p2a: Gholdengo|Shadow Ball|p1b: Tauros\n|-damage|p1b: Tauros|69\/100\n|\n|-heal|p2a: Gholdengo|56\/100|[from] item: Leftovers\n|upkeep\n|turn|5\n|\n|t:|1682694641\n|move|p2a: Gholdengo|Protect|p2a: Gholdengo\n|-singleturn|p2a: Gholdengo|Protect\n|move|p1a: Roaring Moon|Throat Chop|p2b: Gardevoir\n|-damage|p2b: Gardevoir|9\/100\n|-start|p2b: Gardevoir|Throat Chop|[silent]\n|-enditem|p2b: Gardevoir|Sitrus Berry|[eat]\n|-heal|p2b: Gardevoir|34\/100|[from] item: Sitrus Berry\n|move|p1b: Tauros|Wave Crash|p2b: Gardevoir\n|-damage|p2b: Gardevoir|0 fnt\n|faint|p2b: Gardevoir\n|-damage|p1b: Tauros|59\/100|[from] Recoil\n|\n|-heal|p2a: Gholdengo|62\/100|[from] item: Leftovers\n|-sideend|p1: judevgc|move: Tailwind\n|upkeep\n|\n|t:|1682694651\n|switch|p2b: Azumarill|Azumarill, L50, M|100\/100\n|turn|6\n|\n|t:|1682694669\n|switch|p2a: Skuntank|Skuntank, L50, M|49\/100\n|move|p1a: Roaring Moon|Taunt|p2b: Azumarill\n|-start|p2b: Azumarill|move: Taunt\n|move|p1b: Tauros|Wild Charge|p2a: Skuntank\n|-damage|p2a: Skuntank|15\/100\n|-enditem|p2a: Skuntank|Aguav Berry|[eat]\n|-heal|p2a: Skuntank|49\/100|[from] item: Aguav Berry\n|-damage|p1b: Tauros|50\/100|[from] Recoil\n|move|p2b: Azumarill|Play Rough|p1b: Tauros\n|-supereffective|p1b: Tauros\n|-damage|p1b: Tauros|0 fnt\n|faint|p1b: Tauros\n|\n|upkeep\n|c|\u2606aed96|i forgot to send this game tho\n|\n|t:|1682694681\n|switch|p1b: Glimmora|Glimmora, L50, M|100\/100\n|turn|7\n|c|\u2606judevgc|oh\n|c|\u2606judevgc|i think its ok\n|c|\u2606judevgc|we can invite porygon now\n|\n|t:|1682694717\n|move|p1a: Roaring Moon|Dragon Claw|p2a: Skuntank\n|-damage|p2a: Skuntank|6\/100\n|move|p1b: Glimmora|Sludge Bomb|p2b: Azumarill\n|-supereffective|p2b: Azumarill\n|-damage|p2b: Azumarill|11\/100\n|move|p2a: Skuntank|Crunch|p1b: Glimmora\n|-damage|p1b: Glimmora|64\/100\n|-activate|p1b: Glimmora|ability: Toxic Debris\n|-sidestart|p2: aed96|move: Toxic Spikes\n|move|p2b: Azumarill|Liquidation|p1b: Glimmora\n|-supereffective|p1b: Glimmora\n|-damage|p1b: Glimmora|0 fnt\n|-activate|p1b: Glimmora|ability: Toxic Debris\n|-sidestart|p2: aed96|move: Toxic Spikes\n|faint|p1b: Glimmora\n|\n|upkeep\n|turn|8\n|j| PorygonTheBot\n|c| PorygonTheBot|Porygon has digitized into the match... booting up... successfully calibrating stats!\n|\n|t:|1682694738\n|move|p1a: Roaring Moon|Throat Chop|p2b: Azumarill\n|-resisted|p2b: Azumarill\n|-damage|p2b: Azumarill|0 fnt\n|faint|p2b: Azumarill\n|move|p2a: Skuntank|Crunch|p1a: Roaring Moon\n|-damage|p1a: Roaring Moon|51\/100\n|\n|upkeep\n|\n|t:|1682694744\n|switch|p2b: Gholdengo|Gholdengo, L50, tera:Water|62\/100\n|-status|p2b: Gholdengo|tox\n|turn|9\n|c|\u2606judevgc|if not I'll just do the writeup later\n|c|\u2606aed96|okay\n|\n|t:|1682694762\n|move|p1a: Roaring Moon|Throat Chop|p2b: Gholdengo\n|-damage|p2b: Gholdengo|27\/100 tox\n|-start|p2b: Gholdengo|Throat Chop|[silent]\n|move|p2a: Skuntank|Crunch|p1a: Roaring Moon\n|-damage|p1a: Roaring Moon|19\/100\n|-unboost|p1a: Roaring Moon|def|1\n|move|p2b: Gholdengo|Shadow Ball|p1a: Roaring Moon\n|-damage|p1a: Roaring Moon|0 fnt\n|faint|p1a: Roaring Moon\n|-end|p1a: Roaring Moon|Protosynthesis|[silent]\n|\n|win|aed96\n","uploadtime":1682694763,"views":9,"p1id":"judevgc","p2id":"aed96","formatid":"gen9vgc2023regulationc","rating":0,"private":0,"password":null}