{"id":"gen9vgc2023regulationc-1858905384","p1":"JMOdri","p2":"Chongjun","format":"[Gen 9] VGC 2023 Regulation C","log":"|j|\u2606JMOdri\n|j|\u2606Chongjun\n|t:|1683381649\n|gametype|doubles\n|player|p1|JMOdri|#vgcwliikilowattrels|\n|player|p2|Chongjun|dawn|\n|teamsize|p1|6\n|teamsize|p2|6\n|gen|9\n|tier|[Gen 9] VGC 2023 Regulation C\n|rule|Species Clause: Limit one of each Pok\u00e9mon\n|rule|Item Clause: Limit one of each item\n|clearpoke\n|poke|p1|Chi-Yu, L50|\n|poke|p1|Flutter Mane, L50|\n|poke|p1|Iron Hands, L50|\n|poke|p1|Kingambit, L50, M|\n|poke|p1|Gyarados, L50, F|\n|poke|p1|Amoonguss, L50, M|\n|poke|p2|Ting-Lu, L50|\n|poke|p2|Iron Bundle, L50|\n|poke|p2|Abomasnow, L50, M|\n|poke|p2|Chi-Yu, L50|\n|poke|p2|Flutter Mane, L50|\n|poke|p2|Talonflame, L50, M|\n|teampreview|4\nChongjun has agreed to open team sheets.\n|c|\u2606JMOdri|g3\nJMOdri has agreed to open team sheets.\n|c|\u2606Chongjun|g3\n|j| fee_sick\n|l| fee_sick\n|j| PoppinParty Kasumi\n|j| Star Rail\n|j| crystal urshifu\n|j| Serena\n|j| Snorlaxatemydimsum\n|j| TabuVGC\n|j| Sratsym\n|c|\u2606JMOdri|glhf\n|j| pokeway96\n|j| Bloom*iz\n|c|\u2606Chongjun|u2\n|j| Polpolpo\n|j| SteelPupa\n|j| SvenVGC\n|j| dobo mirror\n|l| Polpolpo\n|j| UberVylit\n|l| SvenVGC\n|j| SvenVGC\n|j| Polpolpo\n|\n|t:|1683382634\n|start\n|switch|p1a: Chi-Yu|Chi-Yu, L50|100\/100\n|switch|p1b: Amoonguss|Amoonguss, L50, M, shiny|100\/100\n|switch|p2a: Iron Bundle|Iron Bundle, L50, shiny|100\/100\n|switch|p2b: Ting-Lu|Ting-Lu, L50|100\/100\n|-ability|p1a: Chi-Yu|Beads of Ruin\n|-ability|p2b: Ting-Lu|Vessel of Ruin\n|-enditem|p2a: Iron Bundle|Booster Energy\n|-activate|p2a: Iron Bundle|ability: Quark Drive|[fromitem]\n|-start|p2a: Iron Bundle|quarkdrivespe\n|turn|1\n|j| MausHoldMyHand\n|l| SvenVGC\n|l| Polpolpo\n|j| Polpolpo\n|j| Finabas\n|j| SvenVGC\n|l| SvenVGC\n|j| SvenVGC\n|l| Polpolpo\n|\n|t:|1683382740\n|switch|p1a: Kingambit|Kingambit, L50, M, shiny|100\/100\n|move|p2a: Iron Bundle|Protect|p2a: Iron Bundle\n|-singleturn|p2a: Iron Bundle|Protect\n|move|p2b: Ting-Lu|Earthquake|p1b: Amoonguss|[spread] p1a,p1b\n|-activate|p2a: Iron Bundle|move: Protect\n|-supereffective|p1a: Kingambit\n|-damage|p1a: Kingambit|49\/100\n|-damage|p1b: Amoonguss|69\/100\n|move|p1b: Amoonguss|Spore|p2b: Ting-Lu\n|-status|p2b: Ting-Lu|slp|[from] move: Spore\n|\n|upkeep\n|turn|2\n|j| Polpolpo\n|l| Polpolpo\n|j| tsltang0508\n|j| Polpolpo\n|j| JayVGC YT\n|j| RedsilverFR\n|l| Polpolpo\n|j| Polpolpo\n|l| Polpolpo\n|\n|t:|1683382842\n|switch|p2b: Abomasnow|Abomasnow, L50, M, shiny|100\/100\n|-weather|Snow|[from] ability: Snow Warning|[of] p2b: Abomasnow\n|switch|p1b: Chi-Yu|Chi-Yu, L50|100\/100\n|-ability|p1b: Chi-Yu|Beads of Ruin\n|-terastallize|p2a: Iron Bundle|Ice\n|move|p2a: Iron Bundle|Blizzard|p1b: Chi-Yu|[spread] p1a,p1b\n|-resisted|p1a: Kingambit\n|-resisted|p1b: Chi-Yu\n|-damage|p1a: Kingambit|26\/100\n|-damage|p1b: Chi-Yu|74\/100\n|move|p1a: Kingambit|Iron Head|p2a: Iron Bundle\n|-supereffective|p2a: Iron Bundle\n|-damage|p2a: Iron Bundle|37\/100\n|\n|-weather|Snow|[upkeep]\n|upkeep\n|turn|3\n|\n|t:|1683382923\n|switch|p2b: Ting-Lu|Ting-Lu, L50|100\/100 slp\n|-ability|p2b: Ting-Lu|Vessel of Ruin\n|move|p2a: Iron Bundle|Protect|p2a: Iron Bundle\n|-singleturn|p2a: Iron Bundle|Protect\n|move|p1a: Kingambit|Sucker Punch||[still]\n|-fail|p1a: Kingambit\n|move|p1b: Chi-Yu|Heat Wave|p2a: Iron Bundle|[spread] p2b\n|-activate|p2a: Iron Bundle|move: Protect\n|-damage|p2b: Ting-Lu|72\/100 slp\n|\n|-weather|Snow|[upkeep]\n|upkeep\n|turn|4\n|j| Polpolpo\n|l| Polpolpo\n|\n|t:|1683382945\n|switch|p1b: Amoonguss|Amoonguss, L50, M, shiny|100\/100\n|move|p2a: Iron Bundle|Hydro Pump|p1b: Amoonguss\n|-resisted|p1b: Amoonguss\n|-damage|p1b: Amoonguss|83\/100\n|cant|p2b: Ting-Lu|slp\n|move|p1a: Kingambit|Iron Head|p2a: Iron Bundle\n|-supereffective|p2a: Iron Bundle\n|-damage|p2a: Iron Bundle|0 fnt\n|faint|p2a: Iron Bundle\n|-end|p2a: Iron Bundle|Quark Drive|[silent]\n|\n|-weather|Snow|[upkeep]\n|upkeep\n|j| Tearalament\n|j| miraai1\n|\n|t:|1683382966\n|switch|p2a: Abomasnow|Abomasnow, L50, M, shiny|100\/100\n|turn|5\n|j| Polpolpo\n|l| Polpolpo\n|\n|t:|1683383009\n|-curestatus|p2b: Ting-Lu|slp|[msg]\n|move|p2b: Ting-Lu|Stomping Tantrum|p1a: Kingambit\n|-supereffective|p1a: Kingambit\n|-damage|p1a: Kingambit|0 fnt\n|faint|p1a: Kingambit\n|move|p2a: Abomasnow|Blizzard|p1b: Amoonguss\n|-supereffective|p1b: Amoonguss\n|-damage|p1b: Amoonguss|11\/100\n|move|p1b: Amoonguss|Pollen Puff|p1: Kingambit|[notarget]\n|-fail|p1b: Amoonguss\n|\n|-weather|Snow|[upkeep]\n|upkeep\n|j| Polpolpo\n|\n|t:|1683383018\n|switch|p1a: Flutter Mane|Flutter Mane, L50|100\/100\n|-enditem|p1a: Flutter Mane|Booster Energy\n|-activate|p1a: Flutter Mane|ability: Protosynthesis|[fromitem]\n|-start|p1a: Flutter Mane|protosynthesisspa\n|turn|6\n|l| Finabas\n|l| Polpolpo\n|\n|t:|1683383050\n|move|p1a: Flutter Mane|Protect|p1a: Flutter Mane\n|-singleturn|p1a: Flutter Mane|Protect\n|move|p2b: Ting-Lu|Heavy Slam|p1a: Flutter Mane\n|-activate|p1a: Flutter Mane|move: Protect\n|move|p2a: Abomasnow|Blizzard|p1a: Flutter Mane|[spread] p1b\n|-activate|p1a: Flutter Mane|move: Protect\n|-supereffective|p1b: Amoonguss\n|-damage|p1b: Amoonguss|0 fnt\n|faint|p1b: Amoonguss\n|\n|-weather|none\n|upkeep\n|\n|t:|1683383056\n|switch|p1b: Chi-Yu|Chi-Yu, L50|74\/100\n|-ability|p1b: Chi-Yu|Beads of Ruin\n|turn|7\n|j| Polpolpo\n|l| Polpolpo\n|j| Polpolpo\n|l| Polpolpo\n|j| Polpolpo\n|l| Polpolpo\n|j| Polpolpo\n|\n|t:|1683383135\n|-terastallize|p1a: Flutter Mane|Fairy\n|move|p1b: Chi-Yu|Heat Wave|p2a: Abomasnow|[spread] p2a,p2b\n|-supereffective|p2a: Abomasnow\n|-damage|p2a: Abomasnow|0 fnt\n|-damage|p2b: Ting-Lu|40\/100\n|faint|p2a: Abomasnow\n|move|p1a: Flutter Mane|Moonblast|p2b: Ting-Lu\n|-supereffective|p2b: Ting-Lu\n|-damage|p2b: Ting-Lu|0 fnt\n|faint|p2b: Ting-Lu\n|\n|upkeep\n|\n|t:|1683383139\n|switch|p2b: Flutter Mane|Flutter Mane, L50|100\/100\n|turn|8\n|\n|t:|1683383146\n|move|p1b: Chi-Yu|Heat Wave|p2b: Flutter Mane\n|-damage|p2b: Flutter Mane|35\/100\n|move|p1a: Flutter Mane|Shadow Ball|p2b: Flutter Mane\n|-supereffective|p2b: Flutter Mane\n|-damage|p2b: Flutter Mane|0 fnt\n|faint|p2b: Flutter Mane\n|-end|p2b: Flutter Mane|Protosynthesis|[silent]\n|\n|win|JMOdri\n|c|\u2606JMOdri|ggs\n|c|\u2606Chongjun|ggs\n|l| MausHoldMyHand\n|l| Star Rail\n|l| Polpolpo\n|l| SteelPupa\n|l| Serena\n|l| dobo mirror\n|l| Bloom*iz\n|l| pokeway96\n|l| UberVylit\n|l| SvenVGC\n|j| Star Rail\n|l| Star Rail\n|l| JayVGC YT\n|l| tsltang0508\n|l| Snorlaxatemydimsum\n|l| RedsilverFR\n|j| tsltang0508\n|j| Star Rail\n|l| Tearalament\n|l| Star Rail\n|l| TabuVGC\n|j| UberVylit\n|l| tsltang0508\n","uploadtime":1683383158,"views":41,"p1id":"jmodri","p2id":"chongjun","formatid":"gen9vgc2023regulationc","rating":0,"private":0,"password":""}