{"id":"gen9vgc2023regulationc-1848010315","p1":"Borghi","p2":"ZaikoAir","format":"[Gen 9] VGC 2023 Regulation C","log":"|j|\u2606Borghi\n|j|\u2606ZaikoAir\n|t:|1682020416\n|gametype|doubles\n|player|p1|Borghi|blue-masters|\n|player|p2|ZaikoAir|roxie|\n|teamsize|p1|6\n|teamsize|p2|6\n|gen|9\n|tier|[Gen 9] VGC 2023 Regulation C\n|rated|Tournament battle\n|rule|Species Clause: Limit one of each Pok\u00e9mon\n|rule|Item Clause: Limit one of each item\n|clearpoke\n|poke|p1|Annihilape, L50, F|\n|poke|p1|Maushold, L50|\n|poke|p1|Dondozo, L50, M|\n|poke|p1|Tatsugiri, L50, F|\n|poke|p1|Chien-Pao, L50|\n|poke|p1|Dragonite, L50, F|\n|poke|p2|Amoonguss, L50, M|\n|poke|p2|Hatterene, L50, F|\n|poke|p2|Torkoal, L50, F|\n|poke|p2|Kingambit, L50, F|\n|poke|p2|Oranguru, L50, M|\n|poke|p2|Hariyama, L50, F|\n|teampreview|4\n|inactive|Battle timer is ON: inactive players will automatically lose when time's up. (requested by Borghi)\n|j|#DaWoblefet\n|j| CyborgCrafter\nZaikoAir has agreed to open team sheets.\nBorghi rejected open team sheets.\n|c|\u2606Borghi|._.\n|j|^Finabas\n|c|#DaWoblefet|Borghi how do u stop TR\n|c|\u2606Borghi|we're about to find out\n|inactive|Borghi has 60 seconds left.\n|inactive|ZaikoAir has 60 seconds left.\n|c| CyborgCrafter|answer: ape sweep\n|j| minionbanana57\n|j| godlydefeater\n|j| Adsheesh\n|c|#DaWoblefet|oh true\n|j| FunneeMonkee\n|c|#DaWoblefet|no Indeedee to redirect Beat Up\n|j| ChainsPkmn\n|inactive|Borghi has 30 seconds left.\n|inactive|ZaikoAir has 30 seconds left.\n|c| CyborgCrafter|i also run mausape\n|inactive|Borghi has 20 seconds left.\n|\n|t:|1682020488\n|start\n|switch|p1a: Annihilape|Annihilape, L50, F|100\/100\n|switch|p1b: Maushold|Maushold, L50|100\/100\n|switch|p2a: Hariyama|Hariyama, L50, F|100\/100\n|switch|p2b: Paco fiestas|Oranguru, L50, M|100\/100\n|turn|1\n|c| godlydefeater|rage powder?\n|c| CyborgCrafter|and i have done really good against tr\n|c| godlydefeater|or is it goggles\n|j| rina slaywayama\n|inactive|ZaikoAir has 30 seconds left.\n|inactive|ZaikoAir has 20 seconds left.\n|\n|t:|1682020527\n|-terastallize|p1b: Maushold|Ghost\n|move|p2a: Hariyama|Detect|p2a: Hariyama\n|-singleturn|p2a: Hariyama|Protect\n|move|p1a: Annihilape|Final Gambit|p2b: Paco fiestas\n|-damage|p2b: Paco fiestas|0 fnt\n|faint|p1a: Annihilape\n|faint|p2b: Paco fiestas\n|move|p1b: Maushold|Population Bomb|p2a: Hariyama\n|-activate|p2a: Hariyama|move: Protect\n|\n|-status|p2a: Hariyama|brn|[from] item: Flame Orb\n|upkeep\n|c| minionbanana57|oh my god\n|c|\u2606ZaikoAir|mmh\n|c|\u2606Borghi|mish\n|c| CyborgCrafter|:O\n|c|#DaWoblefet|Borghi\n|c|\u2606ZaikoAir|your teamshet win this?\n|j| gawrgura1999\n|c|#DaWoblefet|did u see the new video\n|inactive|ZaikoAir has 30 seconds left.\n|c|#DaWoblefet|I made\n|\n|t:|1682020556\n|switch|p1a: Dondozo|Dondozo, L50, M|100\/100\n|switch|p2b: Clarita|Hatterene, L50, F|100\/100\n|turn|2\n|c|\u2606Borghi|yoda?\n|c|\u2606Borghi|yes\n|c|\u2606Borghi|unfort\n|c|#DaWoblefet|yes\n|c|#DaWoblefet|unfort?\n|c|#DaWoblefet|what do u mean unfort\n|c|#DaWoblefet|._.\n|c| ChainsPkmn|now he knows my pain that I dealt with\n|c|\u2606ZaikoAir|imagine play vs a player acepting the temashet xddd\n|inactive|Borghi has 30 seconds left.\n|inactive|ZaikoAir has 30 seconds left.\n|inactive|Borghi has 20 seconds left.\n|inactive|ZaikoAir has 20 seconds left.\n|inactive|Borghi has 15 seconds left.\n|inactive|ZaikoAir has 15 seconds left.\n|inactive|ZaikoAir has 10 seconds left.\n|\n|t:|1682020605\n|move|p2b: Clarita|Protect|p2b: Clarita\n|-singleturn|p2b: Clarita|Protect\n|move|p1b: Maushold|Population Bomb|p2b: Clarita\n|-activate|p2b: Clarita|move: Protect\n|move|p1a: Dondozo|Wave Crash|p2b: Clarita\n|-activate|p2b: Clarita|move: Protect\n|move|p2a: Hariyama|Thunder Punch|p1a: Dondozo\n|-supereffective|p1a: Dondozo\n|-damage|p1a: Dondozo|39\/100\n|\n|-damage|p2a: Hariyama|95\/100 brn|[from] brn\n|upkeep\n|turn|3\n|c| CyborgCrafter|bozo dozo\n|inactive|ZaikoAir has 30 seconds left.\n|\n|t:|1682020632\n|switch|p2b: Cubero|Torkoal, L50, F|100\/100\n|-weather|SunnyDay|[from] ability: Drought|[of] p2b: Cubero\n|move|p1b: Maushold|Population Bomb|p2b: Cubero\n|-damage|p2b: Cubero|91\/100\n|-hitcount|p2b: Cubero|1\n|move|p1a: Dondozo|Wave Crash|p2b: Cubero\n|-supereffective|p2b: Cubero\n|-damage|p2b: Cubero|58\/100\n|-damage|p1a: Dondozo|30\/100|[from] Recoil\n|move|p2a: Hariyama|Thunder Punch|p1b: Maushold\n|-damage|p1b: Maushold|36\/100\n|\n|-weather|SunnyDay|[upkeep]\n|-damage|p2a: Hariyama|89\/100 brn|[from] brn\n|upkeep\n|turn|4\n|c| CyborgCrafter|1 TIME LOL\n|c|\u2606Borghi|mish\n|\n|t:|1682020657\n|move|p1b: Maushold|Population Bomb|p2a: Hariyama\n|-crit|p2a: Hariyama\n|-damage|p2a: Hariyama|69\/100 brn\n|-damage|p2a: Hariyama|57\/100 brn\n|-damage|p2a: Hariyama|44\/100 brn\n|-damage|p2a: Hariyama|31\/100 brn\n|-damage|p2a: Hariyama|18\/100 brn\n|-damage|p2a: Hariyama|5\/100 brn\n|-damage|p2a: Hariyama|0 fnt\n|faint|p2a: Hariyama\n|-hitcount|p2: Hariyama|7\n|move|p1a: Dondozo|Rock Slide|p2b: Cubero\n|-supereffective|p2b: Cubero\n|-damage|p2b: Cubero|25\/100\n|move|p2b: Cubero|Flamethrower|p1b: Maushold\n|-damage|p1b: Maushold|0 fnt\n|faint|p1b: Maushold\n|\n|-weather|SunnyDay|[upkeep]\n|upkeep\n|c| CyborgCrafter|crit\n|\n|t:|1682020672\n|switch|p1b: Tatsugiri|Tatsugiri, L50, F|100\/100\n|switch|p2a: Clarita|Hatterene, L50, F|100\/100\n|-activate|p1b: Tatsugiri|ability: Commander|[of] p1a: Dondozo\n|-boost|p1a: Dondozo|atk|2\n|-boost|p1a: Dondozo|spa|2\n|-boost|p1a: Dondozo|spe|2\n|-boost|p1a: Dondozo|def|2\n|-boost|p1a: Dondozo|spd|2\n|turn|5\n|\n|t:|1682020679\n|move|p2b: Cubero|Protect|p2b: Cubero\n|-singleturn|p2b: Cubero|Protect\n|move|p1a: Dondozo|Rock Slide|p2b: Cubero|[spread] p2a\n|-activate|p2b: Cubero|move: Protect\n|-damage|p2a: Clarita|67\/100\n|move|p2a: Clarita|Trick Room|p2a: Clarita\n|-fieldstart|move: Trick Room|[of] p2a: Clarita\n|\n|-weather|SunnyDay|[upkeep]\n|upkeep\n|turn|6\n|\n|t:|1682020694\n|move|p1a: Dondozo|Protect|p1a: Dondozo\n|-singleturn|p1a: Dondozo|Protect\n|move|p2b: Cubero|Clear Smog|p1a: Dondozo\n|-activate|p1a: Dondozo|move: Protect\n|move|p2a: Clarita|Psychic|p1a: Dondozo\n|-activate|p1a: Dondozo|move: Protect\n|\n|-weather|SunnyDay|[upkeep]\n|upkeep\n|turn|7\n|\n|t:|1682020700\n|move|p2b: Cubero|Clear Smog|p1a: Dondozo\n|-damage|p1a: Dondozo|24\/100\n|-clearboost|p1a: Dondozo\n|move|p2a: Clarita|Psychic|p1a: Dondozo\n|-damage|p1a: Dondozo|0 fnt\n|faint|p1a: Dondozo\n|-damage|p2a: Clarita|58\/100|[from] item: Life Orb\n|\n|-weather|none\n|upkeep\n|turn|8\n|c|\u2606Borghi|sosad\n|c|\u2606Borghi|gg\n|c| ChainsPkmn|ggs\n|\n|t:|1682020720\n|-terastallize|p2a: Clarita|Fire\n|move|p2b: Cubero|Flamethrower|p1b: Tatsugiri\n|-resisted|p1b: Tatsugiri\n|-damage|p1b: Tatsugiri|85\/100\n|move|p2a: Clarita|Dazzling Gleam|p1b: Tatsugiri\n|-supereffective|p1b: Tatsugiri\n|-damage|p1b: Tatsugiri|0 fnt\n|faint|p1b: Tatsugiri\n|-damage|p2a: Clarita|48\/100|[from] item: Life Orb\n|\n|win|ZaikoAir\n|n|\u2606Borghi|borghi\n|n|\u2606ZaikoAir|zaikoair\n|n|&DaWoblefet|dawoblefet\n|n| CyborgCrafter|cyborgcrafter\n|n| Finabas|finabas\n|n| minionbanana57|minionbanana57\n|n| godlydefeater|godlydefeater\n|n| Adsheesh|adsheesh\n|n| FunneeMonkee|funneemonkee\n|n| ChainsPkmn|chainspkmn\n|n| rina slaywayama|rinaslaywayama\n|n| gawrgura1999|gawrgura1999\n|l|&DaWoblefet\n|c|\u2606ZaikoAir|I thin so sad its rejewct the teaMSHET\n|c|\u2606ZaikoAir|idk\n|c|\u2606ZaikoAir|gg\n","uploadtime":1682020732,"views":17,"p1id":"borghi","p2id":"zaikoair","formatid":"gen9vgc2023regulationc","rating":0,"private":0,"password":""}