{"id":"gen9vgc2023regulationc-1862336107","p1":"eru_kh","p2":"LegendBtw","format":"[Gen 9] VGC 2023 Regulation C","log":"|j|\u2606eru_kh\n|j|\u2606LegendBtw\n|t:|1683868061\n|gametype|doubles\n|player|p1|eru_kh|169|1309\n|player|p2|LegendBtw|red-gen1|1294\n|teamsize|p1|6\n|teamsize|p2|6\n|gen|9\n|tier|[Gen 9] VGC 2023 Regulation C\n|rated|\n|rule|Species Clause: Limit one of each Pok\u00e9mon\n|rule|Item Clause: Limit one of each item\n|clearpoke\n|poke|p1|Glimmora, L50, F|\n|poke|p1|Flutter Mane, L50|\n|poke|p1|Tatsugiri, L50, M|\n|poke|p1|Iron Bundle, L50|\n|poke|p1|Dondozo, L50, M|\n|poke|p1|Chi-Yu, L50|\n|poke|p2|Amoonguss, L50, F|\n|poke|p2|Ting-Lu, L50|\n|poke|p2|Arcanine, L50, M|\n|poke|p2|Palafin, L50, F|\n|poke|p2|Flutter Mane, L50|\n|poke|p2|Chien-Pao, L50|\n|teampreview|4\n|\n|t:|1683868119\n|start\n|switch|p1a: Glimmora|Glimmora, L50, F|100\/100\n|switch|p1b: Chi-Yu|Chi-Yu, L50|100\/100\n|switch|p2a: Chien-Pao|Chien-Pao, L50|100\/100\n|switch|p2b: Arcanine|Arcanine, L50, M|100\/100\n|-ability|p2a: Chien-Pao|Sword of Ruin\n|-ability|p1b: Chi-Yu|Beads of Ruin\n|-ability|p2b: Arcanine|Intimidate|boost\n|-unboost|p1a: Glimmora|atk|1\n|-unboost|p1b: Chi-Yu|atk|1\n|turn|1\n|inactive|Battle timer is ON: inactive players will automatically lose when time's up. (requested by LegendBtw)\n|\n|t:|1683868148\n|move|p2b: Arcanine|Extreme Speed|p1b: Chi-Yu\n|-damage|p1b: Chi-Yu|45\/100\n|move|p2a: Chien-Pao|Sacred Sword|p1b: Chi-Yu\n|-supereffective|p1b: Chi-Yu\n|-damage|p1b: Chi-Yu|0 fnt\n|faint|p1b: Chi-Yu\n|move|p1a: Glimmora|Mortal Spin|p2b: Arcanine|[spread] p2a,p2b\n|-damage|p2a: Chien-Pao|97\/100\n|-damage|p2b: Arcanine|96\/100\n|-status|p2a: Chien-Pao|psn\n|-status|p2b: Arcanine|psn\n|\n|-damage|p2a: Chien-Pao|84\/100 psn|[from] psn\n|-damage|p2b: Arcanine|84\/100 psn|[from] psn\n|upkeep\n|\n|t:|1683868156\n|switch|p1b: Dondozo|Dondozo, L50, M|100\/100\n|turn|2\n|inactive|LegendBtw has 30 seconds left.\n|inactive|LegendBtw has 20 seconds left.\n|\n|t:|1683868193\n|move|p2b: Arcanine|Extreme Speed|p1a: Glimmora\n|-resisted|p1a: Glimmora\n|-damage|p1a: Glimmora|89\/100\n|-activate|p1a: Glimmora|ability: Toxic Debris\n|-sidestart|p2: LegendBtw|move: Toxic Spikes\n|move|p2a: Chien-Pao|Ice Spinner|p1a: Glimmora\n|-damage|p1a: Glimmora|47\/100\n|-activate|p1a: Glimmora|ability: Toxic Debris\n|-sidestart|p2: LegendBtw|move: Toxic Spikes\n|move|p1a: Glimmora|Power Gem|p2a: Chien-Pao\n|-supereffective|p2a: Chien-Pao\n|-damage|p2a: Chien-Pao|0 fnt\n|faint|p2a: Chien-Pao\n|move|p1b: Dondozo|Wave Crash|p2b: Arcanine\n|-supereffective|p2b: Arcanine\n|-damage|p2b: Arcanine|0 fnt\n|faint|p2b: Arcanine\n|-damage|p1b: Dondozo|77\/100|[from] Recoil\n|\n|-heal|p1b: Dondozo|83\/100|[from] item: Leftovers\n|upkeep\n|\n|t:|1683868196\n|switch|p2a: Amoonguss|Amoonguss, L50, F|100\/100\n|switch|p2b: Palafin|Palafin, L50, F|100\/100\n|-status|p2b: Palafin|tox\n|-sideend|p2: LegendBtw|move: Toxic Spikes|[of] p2a: Amoonguss\n|turn|3\n|inactive|eru_kh has 30 seconds left.\n|\n|t:|1683868229\n|-terastallize|p1b: Dondozo|Grass\n|move|p2b: Palafin|Jet Punch|p1a: Glimmora\n|-supereffective|p1a: Glimmora\n|-damage|p1a: Glimmora|5\/100\n|-activate|p1a: Glimmora|ability: Toxic Debris\n|-sidestart|p2: LegendBtw|move: Toxic Spikes\n|move|p1a: Glimmora|Power Gem|p2a: Amoonguss\n|-damage|p2a: Amoonguss|70\/100\n|move|p1b: Dondozo|Tera Blast|p2b: Palafin\n|-supereffective|p2b: Palafin\n|-damage|p2b: Palafin|26\/100 tox\n|move|p2a: Amoonguss|Spore|p1b: Dondozo\n|-immune|p1b: Dondozo\n|\n|-heal|p1b: Dondozo|89\/100|[from] item: Leftovers\n|-damage|p2b: Palafin|20\/100 tox|[from] psn\n|upkeep\n|turn|4\n|\n|t:|1683868246\n|move|p1b: Dondozo|Protect|p1b: Dondozo\n|-singleturn|p1b: Dondozo|Protect\n|move|p2a: Amoonguss|Rage Powder|p2a: Amoonguss\n|-singleturn|p2a: Amoonguss|move: Rage Powder\n|move|p2b: Palafin|Jet Punch|p1a: Glimmora\n|-supereffective|p1a: Glimmora\n|-damage|p1a: Glimmora|0 fnt\n|-activate|p1a: Glimmora|ability: Toxic Debris\n|-sidestart|p2: LegendBtw|move: Toxic Spikes\n|faint|p1a: Glimmora\n|\n|-heal|p1b: Dondozo|95\/100|[from] item: Leftovers\n|-damage|p2b: Palafin|9\/100 tox|[from] psn\n|upkeep\n|\n|t:|1683868253\n|switch|p1a: Iron Bundle|Iron Bundle, L50|100\/100\n|-enditem|p1a: Iron Bundle|Booster Energy\n|-activate|p1a: Iron Bundle|ability: Quark Drive|[fromitem]\n|-start|p1a: Iron Bundle|quarkdrivespe\n|turn|5\n|-message|LegendBtw forfeited.\n|\n|win|eru_kh\n|raw|eru_kh's rating: 1309 → 1328<\/strong> (+19 for winning)\n|raw|LegendBtw's rating: 1294 → 1270<\/strong> (-24 for losing)\n|l|\u2606eru_kh\n","uploadtime":1683868261,"views":11,"p1id":"erukh","p2id":"legendbtw","formatid":"gen9vgc2023regulationc","rating":1270,"private":0,"password":""}