{"id":"gen9vgc2023regulationc-1860562262","p1":"IceGymDuoOus","p2":"izzleito","format":"[Gen 9] VGC 2023 Regulation C","log":"|j|\u2606IceGymDuoOus\n|j|\u2606izzleito\n|t:|1683654724\n|gametype|doubles\n|player|p1|IceGymDuoOus|170|1079\n|player|p2|izzleito|101|1174\n|teamsize|p1|5\n|teamsize|p2|6\n|gen|9\n|tier|[Gen 9] VGC 2023 Regulation C\n|rated|\n|rule|Species Clause: Limit one of each Pok\u00e9mon\n|rule|Item Clause: Limit one of each item\n|clearpoke\n|poke|p1|Lycanroc-Midnight, L50, F|\n|poke|p1|Ceruledge, L50, F|\n|poke|p1|Amoonguss, L50, F|\n|poke|p1|Sylveon, L50, F|\n|poke|p1|Kingambit, L50, M|\n|poke|p2|Palafin, L50, M|\n|poke|p2|Chien-Pao, L50|\n|poke|p2|Dragapult, L50, M|\n|poke|p2|Amoonguss, L50, F|\n|poke|p2|Arcanine, L50, F|\n|poke|p2|Flutter Mane, L50|\n|teampreview|4\nIceGymDuoOus rejected open team sheets.\n|\n|t:|1683654750\n|start\n|switch|p1a: Lycanroc|Lycanroc-Midnight, L50, F, shiny|100\/100\n|switch|p1b: Ceruledge|Ceruledge, L50, F, shiny|100\/100\n|switch|p2a: ChiYu|Arcanine, L50, F|100\/100\n|switch|p2b: Bundle|Chien-Pao, L50|100\/100\n|-ability|p2b: Bundle|Sword of Ruin\n|-ability|p2a: ChiYu|Intimidate|boost\n|-unboost|p1a: Lycanroc|atk|1\n|-unboost|p1b: Ceruledge|atk|1\n|turn|1\n|\n|t:|1683654777\n|-terastallize|p1b: Ceruledge|Psychic\n|move|p2b: Bundle|Protect|p2b: Bundle\n|-singleturn|p2b: Bundle|Protect\n|move|p2a: ChiYu|Will-O-Wisp|p1a: Lycanroc\n|-status|p1a: Lycanroc|brn\n|move|p1b: Ceruledge|Phantom Force||[still]\n|-prepare|p1b: Ceruledge|Phantom Force\n|move|p1a: Lycanroc|Fling|p1b: Ceruledge\n|-supereffective|p1b: Ceruledge\n|-damage|p1b: Ceruledge|97\/100\n|-boost|p1b: Ceruledge|spe|2|[from] item: Starf Berry\n|-ability|p1b: Ceruledge|Weak Armor|boost\n|-unboost|p1b: Ceruledge|def|1\n|-boost|p1b: Ceruledge|spe|2\n|-enditem|p1b: Ceruledge|Weakness Policy\n|-boost|p1b: Ceruledge|atk|2|[from] item: Weakness Policy\n|-boost|p1b: Ceruledge|spa|2|[from] item: Weakness Policy\n|-enditem|p1a: Lycanroc|Starf Berry|[from] move: Fling\n|\n|-damage|p1a: Lycanroc|94\/100 brn|[from] brn\n|upkeep\n|turn|2\n|\n|t:|1683654826\n|move|p2a: ChiYu|Extreme Speed|p1a: Lycanroc\n|-resisted|p1a: Lycanroc\n|-damage|p1a: Lycanroc|80\/100 brn\n|move|p1b: Ceruledge|Phantom Force|p2a: ChiYu|[from]lockedmove\n|-crit|p2a: ChiYu\n|-damage|p2a: ChiYu|0 fnt\n|faint|p2a: ChiYu\n|move|p2b: Bundle|Sacred Sword|p1a: Lycanroc\n|-supereffective|p1a: Lycanroc\n|-damage|p1a: Lycanroc|2\/100 brn\n|move|p1a: Lycanroc|Stone Edge|p2b: Bundle\n|-supereffective|p2b: Bundle\n|-damage|p2b: Bundle|71\/100\n|\n|-damage|p1a: Lycanroc|0 fnt|[from] brn\n|faint|p1a: Lycanroc\n|upkeep\n|inactive|Battle timer is ON: inactive players will automatically lose when time's up. (requested by IceGymDuoOus)\n|\n|t:|1683654842\n|switch|p2a: Dnite|Dragapult, L50, M|100\/100\n|switch|p1a: Amoonguss|Amoonguss, L50, F, shiny|100\/100\n|turn|3\n|\n|t:|1683654860\n|move|p1a: Amoonguss|Rage Powder|p1a: Amoonguss\n|-singleturn|p1a: Amoonguss|move: Rage Powder\n|move|p2b: Bundle|Sucker Punch||[still]\n|-fail|p2b: Bundle\n|move|p1b: Ceruledge|Stored Power|p2a: Dnite\n|-damage|p2a: Dnite|0 fnt\n|faint|p2a: Dnite\n|\n|upkeep\n|\n|t:|1683654867\n|switch|p2a: WoChien|Amoonguss, L50, F|100\/100\n|turn|4\n|\n|t:|1683654880\n|move|p2a: WoChien|Rage Powder|p2a: WoChien\n|-singleturn|p2a: WoChien|move: Rage Powder\n|move|p1b: Ceruledge|Stored Power|p2a: WoChien\n|-supereffective|p2a: WoChien\n|-damage|p2a: WoChien|0 fnt\n|faint|p2a: WoChien\n|move|p2b: Bundle|Ice Spinner|p1a: Amoonguss\n|-supereffective|p1a: Amoonguss\n|-damage|p1a: Amoonguss|2\/100\n|-enditem|p1a: Amoonguss|Aguav Berry|[eat]\n|-heal|p1a: Amoonguss|35\/100|[from] item: Aguav Berry\n|move|p1a: Amoonguss|Spore|p2b: Bundle\n|-status|p2b: Bundle|slp|[from] move: Spore\n|\n|upkeep\n|turn|5\n|\n|t:|1683654891\n|cant|p2b: Bundle|slp\n|move|p1b: Ceruledge|Bitter Blade|p2b: Bundle\n|-supereffective|p2b: Bundle\n|-damage|p2b: Bundle|0 fnt\n|-heal|p1b: Ceruledge|100\/100|[from] drain|[of] p2b: Bundle\n|faint|p2b: Bundle\n|\n|win|IceGymDuoOus\n|raw|IceGymDuoOus's rating: 1079 → 1115<\/strong> (+36 for winning)\n|raw|izzleito's rating: 1174 → 1142<\/strong> (-32 for losing)\n|l|\u2606izzleito\n","uploadtime":1683654894,"views":16,"p1id":"icegymduoous","p2id":"izzleito","formatid":"gen9vgc2023regulationc","rating":1115,"private":0,"password":""}