{"id":"gen9vgc2023regulationc-1845860655","p1":"oRinNeGa7V1","p2":"Derque","format":"[Gen 9] VGC 2023 Regulation C","log":"|j|\u2606oRinNeGa7V1\n|j|\u2606Derque\n|t:|1681772428\n|gametype|doubles\n|player|p1|oRinNeGa7V1|marnie-masters3|1097\n|player|p2|Derque|ingo|1025\n|teamsize|p1|6\n|teamsize|p2|6\n|gen|9\n|tier|[Gen 9] VGC 2023 Regulation C\n|rated|\n|rule|Species Clause: Limit one of each Pok\u00e9mon\n|rule|Item Clause: Limit one of each item\n|clearpoke\n|poke|p1|Ting-Lu, L50|\n|poke|p1|Amoonguss, L50, M|\n|poke|p1|Flutter Mane, L50|\n|poke|p1|Dragapult, L50, M|\n|poke|p1|Chien-Pao, L50|\n|poke|p1|Arcanine, L50, M|\n|poke|p2|Talonflame, L50, M|\n|poke|p2|Indeedee-F, L50, F|\n|poke|p2|Drifblim, L50, M|\n|poke|p2|Armarouge, L50, F|\n|poke|p2|Maushold, L50|\n|poke|p2|Lucario, L50, F|\n|teampreview|4\n|inactive|Battle timer is ON: inactive players will automatically lose when time's up. (requested by Derque)\n|inactive|Derque has 60 seconds left.\n|\n|t:|1681772461\n|start\n|switch|p1a: Chien-Pao|Chien-Pao, L50|100\/100\n|switch|p1b: Dragapult|Dragapult, L50, M, shiny|100\/100\n|switch|p2a: Armarouge|Armarouge, L50, F|100\/100\n|switch|p2b: Indeedee|Indeedee-F, L50, F|100\/100\n|-ability|p1a: Chien-Pao|Sword of Ruin\n|-fieldstart|move: Psychic Terrain|[from] ability: Psychic Surge|[of] p2b: Indeedee\n|turn|1\n|inactive|Derque has 30 seconds left.\n|\n|t:|1681772489\n|switch|p2a: Lucario|Lucario, L50, F|100\/100\n|move|p1a: Chien-Pao|Protect|p1a: Chien-Pao\n|-singleturn|p1a: Chien-Pao|Protect\n|move|p1b: Dragapult|U-turn|p2a: Lucario\n|-resisted|p2a: Lucario\n|-damage|p2a: Lucario|90\/100\n|\n|t:|1681772496\n|switch|p1b: Arcanine|Arcanine, L50, M, shiny|100\/100|[from] U-turn\n|-ability|p1b: Arcanine|Intimidate|boost\n|-unboost|p2a: Lucario|atk|1\n|-unboost|p2b: Indeedee|atk|1\n|move|p2b: Indeedee|Draining Kiss|p1b: Arcanine\n|-resisted|p1b: Arcanine\n|-damage|p1b: Arcanine|94\/100\n|\n|upkeep\n|turn|2\n|\n|t:|1681772515\n|switch|p2a: Armarouge|Armarouge, L50, F|100\/100\n|move|p1a: Chien-Pao|Sacred Sword|p2a: Armarouge\n|-resisted|p2a: Armarouge\n|-damage|p2a: Armarouge|81\/100\n|-ability|p2a: Armarouge|Weak Armor|boost\n|-unboost|p2a: Armarouge|def|1\n|-boost|p2a: Armarouge|spe|2\n|move|p1b: Arcanine|Flare Blitz|p2b: Indeedee\n|-damage|p2b: Indeedee|31\/100\n|-enditem|p2b: Indeedee|Sitrus Berry|[eat]\n|-heal|p2b: Indeedee|56\/100|[from] item: Sitrus Berry\n|-damage|p1b: Arcanine|69\/100|[from] Recoil\n|move|p2b: Indeedee|Psychic|p1b: Arcanine\n|-damage|p1b: Arcanine|14\/100\n|\n|upkeep\n|turn|3\n|inactive|oRinNeGa7V1 has 30 seconds left.\n|inactive|Derque has 30 seconds left.\n|\n|t:|1681772542\n|switch|p1b: Amoonguss|Amoonguss, L50, M, shiny|100\/100\n|move|p1a: Chien-Pao|Protect|p1a: Chien-Pao\n|-singleturn|p1a: Chien-Pao|Protect\n|move|p2b: Indeedee|Follow Me|p2b: Indeedee\n|-singleturn|p2b: Indeedee|move: Follow Me\n|move|p2a: Armarouge|Armor Cannon|p1a: Chien-Pao\n|-activate|p1a: Chien-Pao|move: Protect\n|\n|upkeep\n|turn|4\n|inactive|Derque has 30 seconds left.\n|\n|t:|1681772569\n|switch|p1a: Arcanine|Arcanine, L50, M, shiny|14\/100\n|-ability|p1a: Arcanine|Intimidate|boost\n|-unboost|p2a: Armarouge|atk|1\n|-unboost|p2b: Indeedee|atk|1\n|move|p1b: Amoonguss|Protect|p1b: Amoonguss\n|-singleturn|p1b: Amoonguss|Protect\n|move|p2a: Armarouge|Armor Cannon|p1a: Arcanine\n|-resisted|p1a: Arcanine\n|-damage|p1a: Arcanine|0 fnt\n|-unboost|p2a: Armarouge|def|1\n|-unboost|p2a: Armarouge|spd|1\n|faint|p1a: Arcanine\n|move|p2b: Indeedee|Psychic|p1b: Amoonguss\n|-activate|p1b: Amoonguss|move: Protect\n|\n|upkeep\n|\n|t:|1681772587\n|switch|p1a: Dragapult|Dragapult, L50, M, shiny|100\/100\n|turn|5\n|inactive|Derque has 30 seconds left.\n|\n|t:|1681772618\n|-terastallize|p1b: Amoonguss|Water\n|move|p2b: Indeedee|Follow Me|p2b: Indeedee\n|-singleturn|p2b: Indeedee|move: Follow Me\n|move|p1a: Dragapult|U-turn|p2b: Indeedee\n|-supereffective|p2b: Indeedee\n|-damage|p2b: Indeedee|0 fnt\n|faint|p2b: Indeedee\n|\n|t:|1681772625\n|switch|p1a: Chien-Pao|Chien-Pao, L50|100\/100|[from] U-turn\n|-ability|p1a: Chien-Pao|Sword of Ruin\n|move|p2a: Armarouge|Expanding Force|p1b: Amoonguss|[spread] p1b\n|-immune|p1a: Chien-Pao\n|-damage|p1b: Amoonguss|57\/100\n|move|p1b: Amoonguss|Spore|p2a: Armarouge\n|-status|p2a: Armarouge|slp|[from] move: Spore\n|\n|-fieldend|move: Psychic Terrain\n|upkeep\n|\n|t:|1681772637\n|switch|p2b: Maushold|Maushold, L50|100\/100\n|turn|6\n|\n|t:|1681772646\n|cant|p2a: Armarouge|slp\n|move|p1a: Chien-Pao|Sacred Sword|p2b: Maushold\n|-supereffective|p2b: Maushold\n|-damage|p2b: Maushold|0 fnt\n|faint|p2b: Maushold\n|move|p1b: Amoonguss|Pollen Puff|p2a: Armarouge\n|-damage|p2a: Armarouge|48\/100 slp\n|\n|upkeep\n|\n|t:|1681772655\n|switch|p2b: Lucario|Lucario, L50, F|90\/100\n|turn|7\n|\n|t:|1681772670\n|move|p1b: Amoonguss|Rage Powder|p1b: Amoonguss\n|-singleturn|p1b: Amoonguss|move: Rage Powder\n|cant|p2a: Armarouge|slp\n|move|p1a: Chien-Pao|Crunch|p2a: Armarouge\n|-supereffective|p2a: Armarouge\n|-damage|p2a: Armarouge|0 fnt\n|faint|p2a: Armarouge\n|move|p2b: Lucario|Drain Punch|p1b: Amoonguss\n|-damage|p1b: Amoonguss|18\/100\n|-heal|p2b: Lucario|100\/100|[from] drain|[of] p1b: Amoonguss\n|-enditem|p1b: Amoonguss|Sitrus Berry|[eat]\n|-heal|p1b: Amoonguss|43\/100|[from] item: Sitrus Berry\n|\n|upkeep\n|turn|8\n|\n|t:|1681772691\n|switch|p1b: Dragapult|Dragapult, L50, M, shiny|100\/100\n|move|p1a: Chien-Pao|Sacred Sword|p2b: Lucario\n|-supereffective|p2b: Lucario\n|-damage|p2b: Lucario|30\/100\n|move|p2b: Lucario|Thunder Punch|p1b: Dragapult\n|-resisted|p1b: Dragapult\n|-damage|p1b: Dragapult|83\/100\n|\n|upkeep\n|turn|9\n|-message|Derque forfeited.\n|\n|win|oRinNeGa7V1\n|raw|oRinNeGa7V1's rating: 1097 → 1117<\/strong> (+20 for winning)\n|raw|Derque's rating: 1025 → 1014<\/strong> (-11 for losing)\n|l|\u2606Derque\n|j| sanji8\n","uploadtime":1681772874,"views":4,"p1id":"orinnega7v1","p2id":"derque","formatid":"gen9vgc2023regulationc","rating":1014,"private":0,"password":""}