{"id":"gen9vgc2023regulationc-1856450608","p1":"stock laughing","p2":"rosser1","format":"[Gen 9] VGC 2023 Regulation C","log":"|j|\u2606stock laughing\n|j|\u2606rosser1\n|t:|1683062866\n|gametype|doubles\n|player|p1|stock laughing|unknownf|1040\n|player|p2|rosser1|169|1060\n|teamsize|p1|6\n|teamsize|p2|6\n|gen|9\n|tier|[Gen 9] VGC 2023 Regulation C\n|rated|\n|rule|Species Clause: Limit one of each Pok\u00e9mon\n|rule|Item Clause: Limit one of each item\n|clearpoke\n|poke|p1|Annihilape, L50, F|\n|poke|p1|Maushold, L50|\n|poke|p1|Gholdengo, L50|\n|poke|p1|Amoonguss, L50, M|\n|poke|p1|Kingambit, L50, F|\n|poke|p1|Volcarona, L50, M|\n|poke|p2|Abomasnow, L50, M|\n|poke|p2|Iron Bundle, L50|\n|poke|p2|Baxcalibur, L50, F|\n|poke|p2|Arcanine, L50, F|\n|poke|p2|Amoonguss, L50, F|\n|poke|p2|Gholdengo, L50|\n|teampreview|4\n|inactive|Battle timer is ON: inactive players will automatically lose when time's up. (requested by stock laughing)\n|\n|t:|1683062883\n|start\n|switch|p1a: Annihilape|Annihilape, L50, F|100\/100\n|switch|p1b: Maushold|Maushold, L50|100\/100\n|switch|p2a: Abomasnow|Abomasnow, L50, M|100\/100\n|switch|p2b: Iron Bundle|Iron Bundle, L50|100\/100\n|-weather|Snow|[from] ability: Snow Warning|[of] p2a: Abomasnow\n|-enditem|p2b: Iron Bundle|Booster Energy\n|-activate|p2b: Iron Bundle|ability: Quark Drive|[fromitem]\n|-start|p2b: Iron Bundle|quarkdrivespa\n|turn|1\n|\n|t:|1683062904\n|move|p2b: Iron Bundle|Blizzard|p1a: Annihilape|[spread] p1a,p1b\n|-damage|p1a: Annihilape|64\/100\n|-damage|p1b: Maushold|25\/100\n|move|p1b: Maushold|Population Bomb|p2b: Iron Bundle\n|-damage|p2b: Iron Bundle|95\/100\n|-damage|p2b: Iron Bundle|90\/100\n|-damage|p2b: Iron Bundle|84\/100\n|-damage|p2b: Iron Bundle|79\/100\n|-damage|p2b: Iron Bundle|72\/100\n|-damage|p2b: Iron Bundle|67\/100\n|-damage|p2b: Iron Bundle|62\/100\n|-hitcount|p2b: Iron Bundle|7\n|move|p1a: Annihilape|Bulk Up|p1a: Annihilape\n|-boost|p1a: Annihilape|atk|1\n|-boost|p1a: Annihilape|def|1\n|move|p2a: Abomasnow|Aurora Veil|p2a: Abomasnow\n|-sidestart|p2: rosser1|move: Aurora Veil\n|\n|-weather|Snow|[upkeep]\n|-heal|p1a: Annihilape|70\/100|[from] item: Leftovers\n|upkeep\n|turn|2\n|inactive|rosser1 has 30 seconds left.\n|inactive|stock laughing has 30 seconds left.\n|inactive|rosser1 has 20 seconds left.\n|\n|t:|1683062943\n|switch|p1b: Gholdengo|Gholdengo, L50|100\/100\n|move|p2b: Iron Bundle|Blizzard|p1b: Gholdengo|[spread] p1a,p1b\n|-resisted|p1b: Gholdengo\n|-damage|p1a: Annihilape|23\/100\n|-damage|p1b: Gholdengo|73\/100\n|-status|p1a: Annihilape|frz\n|-curestatus|p1a: Annihilape|frz|[msg]\n|move|p1a: Annihilape|Drain Punch|p2a: Abomasnow\n|-supereffective|p2a: Abomasnow\n|-damage|p2a: Abomasnow|50\/100\n|-heal|p1a: Annihilape|46\/100|[from] drain|[of] p2a: Abomasnow\n|move|p2a: Abomasnow|Blizzard|p1a: Annihilape|[spread] p1a,p1b\n|-crit|p1a: Annihilape\n|-resisted|p1b: Gholdengo\n|-damage|p1a: Annihilape|13\/100\n|-damage|p1b: Gholdengo|59\/100\n|\n|-weather|Snow|[upkeep]\n|-heal|p1a: Annihilape|19\/100|[from] item: Leftovers\n|upkeep\n|turn|3\n|inactive|rosser1 has 30 seconds left.\n|\n|t:|1683062972\n|-end|p2b: Iron Bundle|Quark Drive|[silent]\n|switch|p2b: Arcanine|Arcanine, L50, F|100\/100\n|-ability|p2b: Arcanine|Intimidate|boost\n|-unboost|p1a: Annihilape|atk|1\n|-unboost|p1b: Gholdengo|atk|1\n|move|p2a: Abomasnow|Protect|p2a: Abomasnow\n|-singleturn|p2a: Abomasnow|Protect\n|move|p1a: Annihilape|Drain Punch|p2b: Arcanine\n|-damage|p2b: Arcanine|70\/100\n|-heal|p1a: Annihilape|31\/100|[from] drain|[of] p2b: Arcanine\n|move|p1b: Gholdengo|Make It Rain|p2b: Arcanine|[spread] p2b\n|-activate|p2a: Abomasnow|move: Protect\n|-resisted|p2b: Arcanine\n|-damage|p2b: Arcanine|34\/100\n|-unboost|p1b: Gholdengo|spa|1\n|-enditem|p2b: Arcanine|Sitrus Berry|[eat]\n|-heal|p2b: Arcanine|59\/100|[from] item: Sitrus Berry\n|\n|-weather|Snow|[upkeep]\n|-heal|p1a: Annihilape|37\/100|[from] item: Leftovers\n|upkeep\n|turn|4\n|inactive|rosser1 has 30 seconds left.\n|\n|t:|1683063003\n|switch|p1b: Maushold|Maushold, L50|25\/100\n|move|p2b: Arcanine|Flare Blitz|p1b: Maushold\n|-damage|p1b: Maushold|0 fnt\n|faint|p1b: Maushold\n|-damage|p2b: Arcanine|50\/100|[from] Recoil\n|move|p1a: Annihilape|Drain Punch|p2a: Abomasnow\n|-supereffective|p2a: Abomasnow\n|-damage|p2a: Abomasnow|17\/100\n|-heal|p1a: Annihilape|52\/100|[from] drain|[of] p2a: Abomasnow\n|move|p2a: Abomasnow|Blizzard|p1a: Annihilape\n|-crit|p1a: Annihilape\n|-damage|p1a: Annihilape|10\/100\n|-status|p1a: Annihilape|frz\n|\n|-weather|Snow|[upkeep]\n|-heal|p1a: Annihilape|16\/100 frz|[from] item: Leftovers\n|upkeep\n|\n|t:|1683063015\n|switch|p1b: Volcarona|Volcarona, L50, M|100\/100\n|turn|5\n|\n|t:|1683063035\n|switch|p2a: Baxcalibur|Baxcalibur, L50, F|100\/100\n|move|p2b: Arcanine|Flare Blitz|p1b: Volcarona\n|-damage|p1b: Volcarona|48\/100\n|-enditem|p1b: Volcarona|Sitrus Berry|[eat]\n|-heal|p1b: Volcarona|73\/100|[from] item: Sitrus Berry\n|-damage|p2b: Arcanine|30\/100|[from] Recoil\n|move|p1b: Volcarona|Quiver Dance|p1b: Volcarona\n|-boost|p1b: Volcarona|spa|1\n|-boost|p1b: Volcarona|spd|1\n|-boost|p1b: Volcarona|spe|1\n|cant|p1a: Annihilape|frz\n|\n|-weather|none\n|-heal|p1a: Annihilape|22\/100 frz|[from] item: Leftovers\n|upkeep\n|turn|6\n|inactive|rosser1 has 30 seconds left.\n|\n|t:|1683063062\n|switch|p2b: Abomasnow|Abomasnow, L50, M|17\/100\n|-weather|Snow|[from] ability: Snow Warning|[of] p2b: Abomasnow\n|move|p1b: Volcarona|Fiery Dance|p2b: Abomasnow\n|-supereffective|p2b: Abomasnow\n|-damage|p2b: Abomasnow|0 fnt\n|faint|p2b: Abomasnow\n|cant|p1a: Annihilape|frz\n|move|p2a: Baxcalibur|Icicle Spear|p1a: Annihilape\n|-damage|p1a: Annihilape|12\/100 frz\n|-damage|p1a: Annihilape|2\/100 frz\n|-crit|p1a: Annihilape\n|-damage|p1a: Annihilape|0 fnt\n|faint|p1a: Annihilape\n|-hitcount|p1: Annihilape|3\n|\n|-weather|Snow|[upkeep]\n|upkeep\n|\n|t:|1683063082\n|switch|p1a: Gholdengo|Gholdengo, L50|59\/100\n|switch|p2b: Iron Bundle|Iron Bundle, L50|62\/100\n|turn|7\n|\n|t:|1683063106\n|-end|p2b: Iron Bundle|Quark Drive|[silent]\n|switch|p2b: Arcanine|Arcanine, L50, F|30\/100\n|-ability|p2b: Arcanine|Intimidate|boost\n|-unboost|p1a: Gholdengo|atk|1\n|-unboost|p1b: Volcarona|atk|1\n|move|p1b: Volcarona|Fiery Dance|p2b: Arcanine\n|-resisted|p2b: Arcanine\n|-damage|p2b: Arcanine|8\/100\n|move|p2a: Baxcalibur|Glaive Rush|p1b: Volcarona\n|-damage|p1b: Volcarona|10\/100\n|-singlemove|p2a: Baxcalibur|Glaive Rush|[silent]\n|-status|p2a: Baxcalibur|brn|[from] ability: Flame Body|[of] p1b: Volcarona\n|move|p1a: Gholdengo|Make It Rain|p2b: Arcanine|[spread] p2a,p2b\n|-supereffective|p2a: Baxcalibur\n|-resisted|p2b: Arcanine\n|-damage|p2a: Baxcalibur|0 fnt\n|-damage|p2b: Arcanine|0 fnt\n|-unboost|p1a: Gholdengo|spa|1\n|faint|p2a: Baxcalibur\n|faint|p2b: Arcanine\n|\n|-weather|Snow|[upkeep]\n|upkeep\n|\n|t:|1683063126\n|switch|p2b: Iron Bundle|Iron Bundle, L50|62\/100\n|turn|8\n|\n|t:|1683063133\n|-terastallize|p1a: Gholdengo|Steel\n|move|p2b: Iron Bundle|Blizzard|p1b: Volcarona|[spread] p1a,p1b\n|-resisted|p1a: Gholdengo\n|-resisted|p1b: Volcarona\n|-damage|p1a: Gholdengo|37\/100\n|-damage|p1b: Volcarona|0 fnt\n|faint|p1b: Volcarona\n|move|p1a: Gholdengo|Make It Rain|p2b: Iron Bundle\n|-damage|p2b: Iron Bundle|0 fnt\n|-unboost|p1a: Gholdengo|spa|1\n|faint|p2b: Iron Bundle\n|-end|p2b: Iron Bundle|Quark Drive|[silent]\n|\n|win|stock laughing\n|raw|stock laughing's rating: 1040 → 1076<\/strong> (+36 for winning)\n|raw|rosser1's rating: 1060 → 1040<\/strong> (-20 for losing)\n","uploadtime":1683063142,"views":8,"p1id":"stocklaughing","p2id":"rosser1","formatid":"gen9vgc2023regulationc","rating":1040,"private":0,"password":""}