{"id":"gen9vgc2023regulationc-1846545712","p1":"Thermidor","p2":"HansStrudelHaus","format":"[Gen 9] VGC 2023 Regulation C","log":"|j|\u2606Thermidor\n|j|\u2606HansStrudelHaus\n|t:|1681850262\n|gametype|doubles\n|player|p1|Thermidor|ingo|1239\n|player|p2|HansStrudelHaus|caitlin|1153\n|teamsize|p1|6\n|teamsize|p2|6\n|gen|9\n|tier|[Gen 9] VGC 2023 Regulation C\n|rated|\n|rule|Species Clause: Limit one of each Pok\u00e9mon\n|rule|Item Clause: Limit one of each item\n|clearpoke\n|poke|p1|Iron Bundle, L50|\n|poke|p1|Baxcalibur, L50, M|\n|poke|p1|Gyarados, L50, M|\n|poke|p1|Sableye, L50, F|\n|poke|p1|Gastrodon, L50, F|\n|poke|p1|Chien-Pao, L50|\n|poke|p2|Arcanine, L50, M|\n|poke|p2|Sandy Shocks, L50|\n|poke|p2|Flutter Mane, L50|\n|poke|p2|Palafin, L50, F|\n|poke|p2|Amoonguss, L50, F|\n|poke|p2|Dragapult, L50, F|\n|teampreview|4\n|inactive|Battle timer is ON: inactive players will automatically lose when time's up. (requested by HansStrudelHaus)\n|inactive|Thermidor also wants the timer to be on.\n|\n|t:|1681850282\n|start\n|switch|p1a: Sableye|Sableye, L50, F|100\/100\n|switch|p1b: Baxcalibur|Baxcalibur, L50, M|100\/100\n|switch|p2a: Sandy Shocks|Sandy Shocks, L50|100\/100\n|switch|p2b: Dragapult|Dragapult, L50, F|100\/100\n|-enditem|p2a: Sandy Shocks|Booster Energy\n|-activate|p2a: Sandy Shocks|ability: Protosynthesis|[fromitem]\n|-start|p2a: Sandy Shocks|protosynthesisspa\n|turn|1\n|\n|t:|1681850295\n|-terastallize|p1b: Baxcalibur|Poison\n|move|p2a: Sandy Shocks|Protect|p2a: Sandy Shocks\n|-singleturn|p2a: Sandy Shocks|Protect\n|move|p1a: Sableye|Fake Out|p2a: Sandy Shocks\n|-activate|p2a: Sandy Shocks|move: Protect\n|move|p2b: Dragapult|U-turn|p1b: Baxcalibur\n|-resisted|p1b: Baxcalibur\n|-damage|p1b: Baxcalibur|84\/100\n|\n|t:|1681850303\n|switch|p2b: Arcanine|Arcanine, L50, M|100\/100|[from] U-turn\n|-ability|p2b: Arcanine|Intimidate|boost\n|-unboost|p1a: Sableye|atk|1\n|-fail|p1b: Baxcalibur|unboost|[from] item: Clear Amulet|[of] p1b: Baxcalibur\n|move|p1b: Baxcalibur|Dragon Dance|p1b: Baxcalibur\n|-boost|p1b: Baxcalibur|atk|1\n|-boost|p1b: Baxcalibur|spe|1\n|\n|upkeep\n|turn|2\n|\n|t:|1681850323\n|move|p1a: Sableye|Encore|p2a: Sandy Shocks\n|-start|p2a: Sandy Shocks|Encore\n|move|p1b: Baxcalibur|Stomping Tantrum|p2b: Arcanine\n|-supereffective|p2b: Arcanine\n|-damage|p2b: Arcanine|0 fnt\n|faint|p2b: Arcanine\n|move|p2a: Sandy Shocks|Protect||[still]\n|-fail|p2a: Sandy Shocks\n|\n|upkeep\n|\n|t:|1681850330\n|switch|p2b: Dragapult|Dragapult, L50, F|100\/100\n|turn|3\n|\n|t:|1681850340\n|-end|p2a: Sandy Shocks|Protosynthesis|[silent]\n|switch|p2a: Flutter Mane|Flutter Mane, L50|100\/100\n|move|p2b: Dragapult|Phantom Force||[still]\n|-prepare|p2b: Dragapult|Phantom Force\n|move|p1b: Baxcalibur|Icicle Crash|p2b: Dragapult|[miss]\n|-miss|p1b: Baxcalibur|p2b: Dragapult\n|move|p1a: Sableye|Knock Off|p2a: Flutter Mane\n|-damage|p2a: Flutter Mane|67\/100\n|-enditem|p2a: Flutter Mane|Focus Sash|[from] move: Knock Off|[of] p1a: Sableye\n|\n|upkeep\n|turn|4\n|\n|t:|1681850359\n|move|p2b: Dragapult|Phantom Force|p1b: Baxcalibur|[from]lockedmove\n|-damage|p1b: Baxcalibur|22\/100\n|move|p1b: Baxcalibur|Icicle Crash|p2a: Flutter Mane\n|-damage|p2a: Flutter Mane|0 fnt\n|faint|p2a: Flutter Mane\n|-end|p2a: Flutter Mane|Protosynthesis|[silent]\n|move|p1a: Sableye|Foul Play|p2b: Dragapult\n|-supereffective|p2b: Dragapult\n|-damage|p2b: Dragapult|0 fnt\n|faint|p2b: Dragapult\n|\n|upkeep\n|\n|t:|1681850366\n|switch|p2b: Sandy Shocks|Sandy Shocks, L50|100\/100\n|turn|5\n|-message|HansStrudelHaus forfeited.\n|\n|win|Thermidor\n|raw|Thermidor's rating: 1239 → 1258<\/strong> (+19 for winning)\n|raw|HansStrudelHaus's rating: 1153 → 1134<\/strong> (-19 for losing)\n|l|\u2606HansStrudelHaus\n","uploadtime":1681850390,"views":11,"p1id":"thermidor","p2id":"hansstrudelhaus","formatid":"gen9vgc2023regulationc","rating":1134,"private":0,"password":""}