{"id":"gen9vgc2023regulationc-1854777530","p1":"NicoHaxVGC","p2":"Genshinnerd","format":"[Gen 9] VGC 2023 Regulation C","log":"|j|\u2606NicoHaxVGC\n|j|\u2606Genshinnerd\n|t:|1682864759\n|gametype|doubles\n|player|p1|NicoHaxVGC|red|1397\n|player|p2|Genshinnerd|bellelba|1398\n|teamsize|p1|6\n|teamsize|p2|6\n|gen|9\n|tier|[Gen 9] VGC 2023 Regulation C\n|rated|\n|rule|Species Clause: Limit one of each Pok\u00e9mon\n|rule|Item Clause: Limit one of each item\n|clearpoke\n|poke|p1|Corviknight, L50, F|\n|poke|p1|Ting-Lu, L50|\n|poke|p1|Annihilape, L50, M|\n|poke|p1|Amoonguss, L50, F|\n|poke|p1|Iron Bundle, L50|\n|poke|p1|Flutter Mane, L50|\n|poke|p2|Ting-Lu, L50|\n|poke|p2|Iron Bundle, L50|\n|poke|p2|Annihilape, L50, M|\n|poke|p2|Chien-Pao, L50|\n|poke|p2|Maushold-Four, L50|\n|poke|p2|Talonflame, L50, M|\n|teampreview|4\n|inactive|Battle timer is ON: inactive players will automatically lose when time's up. (requested by NicoHaxVGC)\nGenshinnerd has agreed to open team sheets.\n|inactive|NicoHaxVGC has 60 seconds left.\n|\n|t:|1682864804\n|start\n|switch|p1a: Raven|Corviknight, L50, F|100\/100\n|switch|p1b: Star fire|Flutter Mane, L50|100\/100\n|switch|p2a: sun and moon|Annihilape, L50, M|100\/100\n|switch|p2b: 1234|Maushold-Four, L50|100\/100\n|turn|1\n|inactive|NicoHaxVGC has 30 seconds left.\n|\n|t:|1682864830\n|-terastallize|p1b: Star fire|Fairy\n|move|p2b: 1234|Follow Me|p2b: 1234\n|-singleturn|p2b: 1234|move: Follow Me\n|move|p1b: Star fire|Moonblast|p2b: 1234\n|-damage|p2b: 1234|7\/100\n|-unboost|p2b: 1234|spa|1\n|-enditem|p2b: 1234|Sitrus Berry|[eat]\n|-heal|p2b: 1234|31\/100|[from] item: Sitrus Berry\n|move|p2a: sun and moon|Rage Fist|p1b: Star fire\n|-damage|p1b: Star fire|59\/100\n|move|p1a: Raven|Brave Bird|p2b: 1234\n|-damage|p2b: 1234|0 fnt\n|faint|p2b: 1234\n|-damage|p1a: Raven|92\/100|[from] Recoil\n|\n|upkeep\n|\n|t:|1682864851\n|switch|p2b: bubungus|Iron Bundle, L50|100\/100\n|-enditem|p2b: bubungus|Booster Energy\n|-activate|p2b: bubungus|ability: Quark Drive|[fromitem]\n|-start|p2b: bubungus|quarkdrivespe\n|turn|2\n|\n|t:|1682864867\n|-end|p1b: Star fire|Protosynthesis|[silent]\n|switch|p1b: Robin|Annihilape, L50, M|100\/100\n|move|p2b: bubungus|Hydro Pump|p1b: Robin|[miss]\n|-miss|p2b: bubungus|p1b: Robin\n|move|p2a: sun and moon|Drain Punch|p1a: Raven\n|-damage|p1a: Raven|57\/100\n|move|p1a: Raven|Tailwind|p1a: Raven\n|-sidestart|p1: NicoHaxVGC|move: Tailwind\n|\n|upkeep\n|turn|3\n|inactive|NicoHaxVGC has 30 seconds left.\n|\n|t:|1682864899\n|switch|p1a: Star fire|Flutter Mane, L50, tera:Fairy|59\/100\n|move|p2b: bubungus|Freeze-Dry|p1a: Star fire\n|-damage|p1a: Star fire|32\/100\n|move|p1b: Robin|Bulk Up|p1b: Robin\n|-boost|p1b: Robin|atk|1\n|-boost|p1b: Robin|def|1\n|move|p2a: sun and moon|Drain Punch|p1a: Star fire\n|-resisted|p1a: Star fire\n|-damage|p1a: Star fire|2\/100\n|\n|upkeep\n|turn|4\n|\n|t:|1682864922\n|move|p2a: sun and moon|Protect|p2a: sun and moon\n|-singleturn|p2a: sun and moon|Protect\n|move|p1a: Star fire|Moonblast|p2a: sun and moon\n|-activate|p2a: sun and moon|move: Protect\n|move|p2b: bubungus|Freeze-Dry|p1a: Star fire\n|-damage|p1a: Star fire|0 fnt\n|faint|p1a: Star fire\n|-end|p1a: Star fire|Protosynthesis|[silent]\n|move|p1b: Robin|Drain Punch|p2b: bubungus\n|-supereffective|p2b: bubungus\n|-damage|p2b: bubungus|0 fnt\n|faint|p2b: bubungus\n|-end|p2b: bubungus|Quark Drive|[silent]\n|\n|upkeep\n|\n|t:|1682864942\n|switch|p2b: pao! goes chien|Chien-Pao, L50|100\/100\n|switch|p1a: Cyborg|Iron Bundle, L50|100\/100\n|-ability|p2b: pao! goes chien|Sword of Ruin\n|-enditem|p1a: Cyborg|Booster Energy\n|-activate|p1a: Cyborg|ability: Quark Drive|[fromitem]\n|-start|p1a: Cyborg|quarkdrivespe\n|turn|5\n|\n|t:|1682864965\n|move|p2b: pao! goes chien|Protect|p2b: pao! goes chien\n|-singleturn|p2b: pao! goes chien|Protect\n|move|p1a: Cyborg|Hydro Pump|p2b: pao! goes chien\n|-activate|p2b: pao! goes chien|move: Protect\n|move|p1b: Robin|Rage Fist|p2a: sun and moon\n|-supereffective|p2a: sun and moon\n|-damage|p2a: sun and moon|10\/100\n|move|p2a: sun and moon|Rage Fist|p1b: Robin\n|-supereffective|p1b: Robin\n|-damage|p1b: Robin|2\/100\n|\n|-heal|p1b: Robin|9\/100|[from] item: Leftovers\n|-heal|p2a: sun and moon|16\/100|[from] item: Leftovers\n|-sideend|p1: NicoHaxVGC|move: Tailwind\n|upkeep\n|turn|6\n|inactive|Genshinnerd has 30 seconds left.\n|\n|t:|1682864995\n|move|p1b: Robin|Protect|p1b: Robin\n|-singleturn|p1b: Robin|Protect\n|move|p2b: pao! goes chien|Sucker Punch||[still]\n|-fail|p2b: pao! goes chien\n|move|p1a: Cyborg|Freeze-Dry|p2a: sun and moon\n|-damage|p2a: sun and moon|0 fnt\n|faint|p2a: sun and moon\n|\n|-heal|p1b: Robin|15\/100|[from] item: Leftovers\n|upkeep\n|turn|7\n|\n|t:|1682865021\n|switch|p1b: Raven|Corviknight, L50, F|57\/100\n|-terastallize|p2b: pao! goes chien|Ghost\n|move|p1a: Cyborg|Hydro Pump|p2b: pao! goes chien\n|-damage|p2b: pao! goes chien|15\/100\n|move|p2b: pao! goes chien|Sacred Sword|p1a: Cyborg\n|-supereffective|p1a: Cyborg\n|-damage|p1a: Cyborg|15\/100\n|\n|upkeep\n|turn|8\n|\n|t:|1682865033\n|move|p2b: pao! goes chien|Sucker Punch|p1a: Cyborg\n|-damage|p1a: Cyborg|0 fnt\n|faint|p1a: Cyborg\n|-end|p1a: Cyborg|Quark Drive|[silent]\n|move|p1b: Raven|Brave Bird|p2b: pao! goes chien\n|-damage|p2b: pao! goes chien|0 fnt\n|faint|p2b: pao! goes chien\n|-damage|p1b: Raven|53\/100|[from] Recoil\n|\n|win|NicoHaxVGC\n|raw|NicoHaxVGC's rating: 1397 → 1417<\/strong> (+20 for winning)\n|raw|Genshinnerd's rating: 1398 → 1378<\/strong> (-20 for losing)\n","uploadtime":1682865038,"views":18,"p1id":"nicohaxvgc","p2id":"genshinnerd","formatid":"gen9vgc2023regulationc","rating":1378,"private":0,"password":""}