{"id":"gen9vgc2023regulationc-1858804720","p1":"Corefallenkei","p2":"XD VIRGO","format":"[Gen 9] VGC 2023 Regulation C","log":"|j|\u2606Corefallenkei\n|j|\u2606XD VIRGO\n|t:|1683364681\n|gametype|doubles\n|player|p1|Corefallenkei|266|1228\n|player|p2|XD VIRGO|depotagent|1122\n|teamsize|p1|6\n|teamsize|p2|6\n|gen|9\n|tier|[Gen 9] VGC 2023 Regulation C\n|rated|\n|rule|Species Clause: Limit one of each Pok\u00e9mon\n|rule|Item Clause: Limit one of each item\n|clearpoke\n|poke|p1|Grafaiai, L50, F|\n|poke|p1|Jumpluff, L50, M|\n|poke|p1|Ceruledge, L50, M|\n|poke|p1|Gyarados, L50, F|\n|poke|p1|Ting-Lu, L50|\n|poke|p1|Copperajah, L50, F|\n|poke|p2|Tinkaton, L50, F|\n|poke|p2|Amoonguss, L50, M|\n|poke|p2|Arcanine, L50, M|\n|poke|p2|Dragonite, L50, F|\n|poke|p2|Chien-Pao, L50|\n|poke|p2|Palafin, L50, M|\n|teampreview|4\n|\n|t:|1683364740\n|start\n|switch|p1a: Grafaiai|Grafaiai, L50, F|100\/100\n|switch|p1b: Ceruledge|Ceruledge, L50, M|100\/100\n|switch|p2a: Tinkaton|Tinkaton, L50, F|100\/100\n|switch|p2b: Palafin|Palafin, L50, M|100\/100\n|-ability|p2a: Tinkaton|Mold Breaker\n|turn|1\n|inactive|Battle timer is ON: inactive players will automatically lose when time's up. (requested by Corefallenkei)\n|\n|t:|1683364762\n|detailschange|p2b: Palafin|Palafin-Hero, L50, M\n|switch|p2b: Arcanine|Arcanine, L50, M|100\/100\n|-ability|p2b: Arcanine|Intimidate|boost\n|-unboost|p1a: Grafaiai|atk|1\n|-fail|p1b: Ceruledge|unboost|[from] item: Clear Amulet|[of] p1b: Ceruledge\n|-terastallize|p2a: Tinkaton|Water\n|move|p2a: Tinkaton|Fake Out|p1a: Grafaiai\n|-damage|p1a: Grafaiai|89\/100\n|cant|p1a: Grafaiai|flinch\n|move|p1b: Ceruledge|Bulk Up|p1b: Ceruledge\n|-boost|p1b: Ceruledge|atk|1\n|-boost|p1b: Ceruledge|def|1\n|\n|upkeep\n|turn|2\n|inactive|Corefallenkei has 30 seconds left.\n|\n|t:|1683364789\n|move|p2b: Arcanine|Protect|p2b: Arcanine\n|-singleturn|p2b: Arcanine|Protect\n|move|p1a: Grafaiai|Toxic|p2b: Arcanine\n|-activate|p2b: Arcanine|move: Protect\n|move|p2a: Tinkaton|Thunder Wave|p1b: Ceruledge\n|-status|p1b: Ceruledge|par\n|cant|p1b: Ceruledge|par\n|\n|upkeep\n|turn|3\n|\n|t:|1683364805\n|switch|p2b: Palafin|Palafin-Hero, L50, M|100\/100\n|-activate|p2b: Palafin|ability: Zero to Hero\n|move|p1a: Grafaiai|Toxic|p2b: Palafin\n|-status|p2b: Palafin|tox\n|move|p2a: Tinkaton|Knock Off|p1b: Ceruledge\n|-supereffective|p1b: Ceruledge\n|-damage|p1b: Ceruledge|69\/100 par\n|-enditem|p1b: Ceruledge|Clear Amulet|[from] move: Knock Off|[of] p2a: Tinkaton\n|cant|p1b: Ceruledge|par\n|\n|-damage|p2b: Palafin|95\/100 tox|[from] psn\n|upkeep\n|turn|4\n|\n|t:|1683364828\n|switch|p2b: Arcanine|Arcanine, L50, M|100\/100\n|-ability|p2b: Arcanine|Intimidate|boost\n|-unboost|p1a: Grafaiai|atk|1\n|-unboost|p1b: Ceruledge|atk|1\n|-terastallize|p1b: Ceruledge|Grass\n|move|p1a: Grafaiai|Encore|p2a: Tinkaton\n|-start|p2a: Tinkaton|Encore\n|move|p2a: Tinkaton|Knock Off|p1a: Grafaiai\n|-damage|p1a: Grafaiai|61\/100\n|-enditem|p1a: Grafaiai|Safety Goggles|[from] move: Knock Off|[of] p2a: Tinkaton\n|move|p1b: Ceruledge|Bitter Blade|p2b: Arcanine\n|-resisted|p2b: Arcanine\n|-damage|p2b: Arcanine|81\/100\n|-heal|p1b: Ceruledge|80\/100 par|[from] drain|[of] p2b: Arcanine\n|\n|upkeep\n|turn|5\n|\n|t:|1683364851\n|cant|p1b: Ceruledge|par\n|move|p2b: Arcanine|Extreme Speed|p1b: Ceruledge\n|-damage|p1b: Ceruledge|64\/100 par\n|move|p1a: Grafaiai|Toxic|p2a: Tinkaton\n|-status|p2a: Tinkaton|tox\n|move|p2a: Tinkaton|Knock Off|p1b: Ceruledge\n|-damage|p1b: Ceruledge|54\/100 par\n|\n|-damage|p2a: Tinkaton|95\/100 tox|[from] psn\n|upkeep\n|turn|6\n|\n|t:|1683364867\n|switch|p2b: Chien-Pao|Chien-Pao, L50|100\/100\n|-ability|p2b: Chien-Pao|Sword of Ruin\n|move|p1a: Grafaiai|Toxic|p2b: Chien-Pao\n|-hint|Since gen 7, Dark is immune to Prankster moves.\n|-immune|p2b: Chien-Pao\n|move|p2a: Tinkaton|Knock Off|p1b: Ceruledge\n|-damage|p1b: Ceruledge|40\/100 par\n|move|p1b: Ceruledge|Bulk Up|p1b: Ceruledge\n|-boost|p1b: Ceruledge|atk|1\n|-boost|p1b: Ceruledge|def|1\n|\n|-damage|p2a: Tinkaton|83\/100 tox|[from] psn\n|-end|p2a: Tinkaton|Encore\n|upkeep\n|turn|7\n|inactive|Corefallenkei has 30 seconds left.\n|\n|t:|1683364896\n|cant|p1b: Ceruledge|par\n|move|p1a: Grafaiai|Parting Shot|p2a: Tinkaton\n|-unboost|p2a: Tinkaton|atk|1\n|-unboost|p2a: Tinkaton|spa|1\n|\n|t:|1683364902\n|switch|p1a: Gyarados|Gyarados, L50, F, shiny|100\/100|[from] Parting Shot\n|-ability|p1a: Gyarados|Intimidate|boost\n|-unboost|p2a: Tinkaton|atk|1\n|-unboost|p2b: Chien-Pao|atk|1\n|move|p2b: Chien-Pao|Haze|p2b: Chien-Pao\n|-clearallboost\n|move|p2a: Tinkaton|Gigaton Hammer|p1a: Gyarados\n|-resisted|p1a: Gyarados\n|-damage|p1a: Gyarados|69\/100\n|\n|-damage|p2a: Tinkaton|65\/100 tox|[from] psn\n|upkeep\n|turn|8\n|inactive|Corefallenkei has 30 seconds left.\n|\n|t:|1683364931\n|switch|p2a: Arcanine|Arcanine, L50, M|81\/100\n|-ability|p2a: Arcanine|Intimidate|boost\n|-unboost|p1a: Gyarados|atk|1\n|-unboost|p1b: Ceruledge|atk|1\n|switch|p1b: Copperajah|Copperajah, L50, F|100\/100\n|move|p2b: Chien-Pao|Ice Spinner|p1b: Copperajah\n|-resisted|p1b: Copperajah\n|-damage|p1b: Copperajah|75\/100\n|move|p1a: Gyarados|Thunder Wave|p2b: Chien-Pao\n|-status|p2b: Chien-Pao|par\n|\n|upkeep\n|turn|9\n|inactive|Corefallenkei has 30 seconds left.\n|\n|t:|1683364958\n|switch|p2a: Tinkaton|Tinkaton, L50, F, tera:Water|65\/100 tox\n|-ability|p2a: Tinkaton|Mold Breaker\n|move|p1b: Copperajah|Protect|p1b: Copperajah\n|-singleturn|p1b: Copperajah|Protect\n|move|p2b: Chien-Pao|Ice Spinner|p1a: Gyarados\n|-damage|p1a: Gyarados|15\/100\n|-enditem|p1a: Gyarados|Sitrus Berry|[eat]\n|-heal|p1a: Gyarados|40\/100|[from] item: Sitrus Berry\n|move|p1a: Gyarados|Waterfall|p2a: Tinkaton\n|-resisted|p2a: Tinkaton\n|-damage|p2a: Tinkaton|47\/100 tox\n|-damage|p1a: Gyarados|24\/100|[from] item: Rocky Helmet|[of] p2a: Tinkaton\n|\n|-damage|p2a: Tinkaton|41\/100 tox|[from] psn\n|upkeep\n|turn|10\n|inactive|Corefallenkei has 30 seconds left.\n|\n|t:|1683364984\n|move|p2a: Tinkaton|Fake Out|p1b: Copperajah\n|-resisted|p1b: Copperajah\n|-damage|p1b: Copperajah|70\/100\n|move|p2b: Chien-Pao|Sacred Sword|p1b: Copperajah\n|-supereffective|p1b: Copperajah\n|-damage|p1b: Copperajah|0 fnt\n|faint|p1b: Copperajah\n|move|p1a: Gyarados|Waterfall|p2b: Chien-Pao\n|-damage|p2b: Chien-Pao|57\/100 par\n|\n|-damage|p2a: Tinkaton|29\/100 tox|[from] psn\n|upkeep\n|\n|t:|1683364992\n|switch|p1b: Ceruledge|Ceruledge, L50, M, tera:Grass|40\/100 par\n|turn|11\n|\n|t:|1683365007\n|move|p1b: Ceruledge|Protect|p1b: Ceruledge\n|-singleturn|p1b: Ceruledge|Protect\n|move|p2a: Tinkaton|Gigaton Hammer|p1a: Gyarados\n|-resisted|p1a: Gyarados\n|-damage|p1a: Gyarados|0 fnt\n|faint|p1a: Gyarados\n|move|p2b: Chien-Pao|Ice Spinner|p1b: Ceruledge\n|-activate|p1b: Ceruledge|move: Protect\n|\n|-damage|p2a: Tinkaton|11\/100 tox|[from] psn\n|upkeep\n|\n|t:|1683365014\n|switch|p1a: Grafaiai|Grafaiai, L50, F|61\/100\n|turn|12\n|-message|Corefallenkei forfeited.\n|\n|win|XD VIRGO\n|raw|Corefallenkei's rating: 1228 → 1196<\/strong> (-32 for losing)\n|raw|XD VIRGO's rating: 1122 → 1154<\/strong> (+32 for winning)\n|l|\u2606Corefallenkei\n","uploadtime":1683365039,"views":16,"p1id":"corefallenkei","p2id":"xdvirgo","formatid":"gen9vgc2023regulationc","rating":1154,"private":0,"password":""}