{"id":"gen9vgc2023regulationc-1847230051","p1":"patrickhaas10","p2":"Hadrian1917","format":"[Gen 9] VGC 2023 Regulation C","log":"|j|\u2606patrickhaas10\n|j|\u2606Hadrian1917\n|t:|1681929699\n|gametype|doubles\n|player|p1|patrickhaas10|alder|1120\n|player|p2|Hadrian1917|brock|1175\n|teamsize|p1|6\n|teamsize|p2|6\n|gen|9\n|tier|[Gen 9] VGC 2023 Regulation C\n|rated|\n|rule|Species Clause: Limit one of each Pok\u00e9mon\n|rule|Item Clause: Limit one of each item\n|clearpoke\n|poke|p1|Ting-Lu, L50|\n|poke|p1|Flutter Mane, L50|\n|poke|p1|Amoonguss, L50, F|\n|poke|p1|Dragonite, L50, M|\n|poke|p1|Volcarona, L50, F|\n|poke|p1|Garganacl, L50, F|\n|poke|p2|Flutter Mane, L50|\n|poke|p2|Arcanine, L50, M|\n|poke|p2|Baxcalibur, L50, M|\n|poke|p2|Ting-Lu, L50|\n|poke|p2|Gyarados, L50, M|\n|poke|p2|Amoonguss, L50, F|\n|teampreview|4\n|j| Dr4ude\n|inactive|Battle timer is ON: inactive players will automatically lose when time's up. (requested by Hadrian1917)\npatrickhaas10 has agreed to open team sheets.\n|inactive|Hadrian1917 has 60 seconds left.\n|l| Dr4ude\n|inactive|Hadrian1917 has 30 seconds left.\n|\n|t:|1681929772\n|start\n|switch|p1a: Garganacl|Garganacl, L50, F|100\/100\n|switch|p1b: Flutter Mane|Flutter Mane, L50|100\/100\n|switch|p2a: Arcanine|Arcanine, L50, M|100\/100\n|switch|p2b: Baxcalibur|Baxcalibur, L50, M|100\/100\n|-ability|p2a: Arcanine|Intimidate|boost\n|-unboost|p1a: Garganacl|atk|1\n|-unboost|p1b: Flutter Mane|atk|1\n|turn|1\n|\n|t:|1681929785\n|move|p2b: Baxcalibur|Protect|p2b: Baxcalibur\n|-singleturn|p2b: Baxcalibur|Protect\n|move|p1b: Flutter Mane|Moonblast|p2b: Baxcalibur\n|-activate|p2b: Baxcalibur|move: Protect\n|move|p2a: Arcanine|Howl|p2a: Arcanine|[spread] p2a,p2b\n|-boost|p2a: Arcanine|atk|1\n|-boost|p2b: Baxcalibur|atk|1\n|move|p1a: Garganacl|Stealth Rock|p2a: Arcanine\n|-sidestart|p2: Hadrian1917|move: Stealth Rock\n|\n|upkeep\n|turn|2\n|\n|t:|1681929799\n|-terastallize|p2b: Baxcalibur|Poison\n|move|p1b: Flutter Mane|Moonblast|p2b: Baxcalibur\n|-resisted|p2b: Baxcalibur\n|-damage|p2b: Baxcalibur|65\/100\n|move|p2a: Arcanine|Howl|p2a: Arcanine|[spread] p2a,p2b\n|-boost|p2a: Arcanine|atk|1\n|-boost|p2b: Baxcalibur|atk|1\n|move|p2b: Baxcalibur|Glaive Rush|p1a: Garganacl\n|-damage|p1a: Garganacl|28\/100\n|-singlemove|p2b: Baxcalibur|Glaive Rush|[silent]\n|move|p1a: Garganacl|Salt Cure|p2a: Arcanine\n|-supereffective|p2a: Arcanine\n|-damage|p2a: Arcanine|82\/100\n|-start|p2a: Arcanine|Salt Cure\n|\n|-damage|p2a: Arcanine|70\/100|[from] Salt Cure\n|upkeep\n|turn|3\n|inactive|Hadrian1917 has 30 seconds left.\n|\n|t:|1681929827\n|move|p1b: Flutter Mane|Moonblast|p2a: Arcanine\n|-resisted|p2a: Arcanine\n|-damage|p2a: Arcanine|35\/100\n|move|p2a: Arcanine|Flare Blitz|p1a: Garganacl\n|-resisted|p1a: Garganacl\n|-damage|p1a: Garganacl|0 fnt\n|faint|p1a: Garganacl\n|-damage|p2a: Arcanine|25\/100|[from] Recoil\n|move|p2b: Baxcalibur|Icicle Crash|p1b: Flutter Mane\n|-damage|p1b: Flutter Mane|0 fnt\n|faint|p1b: Flutter Mane\n|-end|p1b: Flutter Mane|Protosynthesis|[silent]\n|\n|-damage|p2a: Arcanine|13\/100|[from] Salt Cure\n|upkeep\n|\n|t:|1681929839\n|switch|p1b: Amoonguss|Amoonguss, L50, F|100\/100\n|switch|p1a: Ting-Lu|Ting-Lu, L50|100\/100\n|-ability|p1a: Ting-Lu|Vessel of Ruin\n|turn|4\n|\n|t:|1681929852\n|move|p2b: Baxcalibur|Protect|p2b: Baxcalibur\n|-singleturn|p2b: Baxcalibur|Protect\n|move|p1b: Amoonguss|Rage Powder|p1b: Amoonguss\n|-singleturn|p1b: Amoonguss|move: Rage Powder\n|move|p2a: Arcanine|Howl|p2a: Arcanine|[spread] p2a,p2b\n|-boost|p2a: Arcanine|atk|1\n|-boost|p2b: Baxcalibur|atk|1\n|move|p1a: Ting-Lu|Stomping Tantrum|p2b: Baxcalibur\n|-activate|p2b: Baxcalibur|move: Protect\n|\n|-damage|p2a: Arcanine|0 fnt|[from] Salt Cure\n|faint|p2a: Arcanine\n|upkeep\n|\n|t:|1681929868\n|switch|p2a: Ting-Lu|Ting-Lu, L50|100\/100\n|-damage|p2a: Ting-Lu|95\/100|[from] Stealth Rock\n|-ability|p2a: Ting-Lu|Vessel of Ruin\n|turn|5\n|inactive|patrickhaas10 has 30 seconds left.\n|\n|t:|1681929894\n|move|p1b: Amoonguss|Rage Powder|p1b: Amoonguss\n|-singleturn|p1b: Amoonguss|move: Rage Powder\n|move|p2b: Baxcalibur|Icicle Crash|p1b: Amoonguss\n|-supereffective|p1b: Amoonguss\n|-damage|p1b: Amoonguss|0 fnt\n|faint|p1b: Amoonguss\n|move|p2a: Ting-Lu|Ruination|p1a: Ting-Lu\n|-damage|p1a: Ting-Lu|51\/100\n|move|p1a: Ting-Lu|Stomping Tantrum|p2b: Baxcalibur\n|-supereffective|p2b: Baxcalibur\n|-damage|p2b: Baxcalibur|3\/100\n|\n|upkeep\n|turn|6\n|\n|t:|1681929917\n|move|p2b: Baxcalibur|Glaive Rush|p1a: Ting-Lu\n|-damage|p1a: Ting-Lu|0 fnt\n|-singlemove|p2b: Baxcalibur|Glaive Rush|[silent]\n|faint|p1a: Ting-Lu\n|\n|win|Hadrian1917\n|raw|patrickhaas10's rating: 1120 → 1099<\/strong> (-21 for losing)\n|raw|Hadrian1917's rating: 1175 → 1196<\/strong> (+21 for winning)\n|l|\u2606patrickhaas10\n","uploadtime":1681929927,"views":13,"p1id":"patrickhaas10","p2id":"hadrian1917","formatid":"gen9vgc2023regulationc","rating":1099,"private":0,"password":""}