{"id":"gen9vgc2023regulationc-1846362922","p1":"Cocobeloeil3","p2":"Mess in Distress","format":"[Gen 9] VGC 2023 Regulation C","log":"|j|\u2606Cocobeloeil3\n|j|\u2606Mess in Distress\n|t:|1681834821\n|gametype|doubles\n|player|p1|Cocobeloeil3|169|1624\n|player|p2|Mess in Distress|iono|1537\n|teamsize|p1|6\n|teamsize|p2|6\n|gen|9\n|tier|[Gen 9] VGC 2023 Regulation C\n|rated|\n|rule|Species Clause: Limit one of each Pok\u00e9mon\n|rule|Item Clause: Limit one of each item\n|clearpoke\n|poke|p1|Chi-Yu, L50|\n|poke|p1|Glimmora, L50, F|\n|poke|p1|Amoonguss, L50, M|\n|poke|p1|Gyarados, L50, M|\n|poke|p1|Iron Bundle, L50|\n|poke|p1|Scizor, L50, F|\n|poke|p2|Flutter Mane, L50|\n|poke|p2|Ting-Lu, L50|\n|poke|p2|Ceruledge, L50, F|\n|poke|p2|Gyarados, L50, M|\n|poke|p2|Amoonguss, L50, M|\n|poke|p2|Iron Hands, L50|\n|teampreview|4\n|j| Dekuhito\n|inactive|Battle timer is ON: inactive players will automatically lose when time's up. (requested by Cocobeloeil3)\n|\n|t:|1681834875\n|start\n|switch|p1a: Chi-Yu|Chi-Yu, L50|100\/100\n|switch|p1b: Iron Bundle|Iron Bundle, L50|100\/100\n|switch|p2a: Ceruledge|Ceruledge, L50, F|100\/100\n|switch|p2b: Iron Hands|Iron Hands, L50, shiny|100\/100\n|-ability|p1a: Chi-Yu|Beads of Ruin\n|-enditem|p1b: Iron Bundle|Booster Energy\n|-activate|p1b: Iron Bundle|ability: Quark Drive|[fromitem]\n|-start|p1b: Iron Bundle|quarkdrivespe\n|turn|1\n|\n|t:|1681834891\n|switch|p2a: Ting-Lu|Ting-Lu, L50|100\/100\n|-ability|p2a: Ting-Lu|Vessel of Ruin\n|move|p1b: Iron Bundle|Protect|p1b: Iron Bundle\n|-singleturn|p1b: Iron Bundle|Protect\n|move|p1a: Chi-Yu|Protect|p1a: Chi-Yu\n|-singleturn|p1a: Chi-Yu|Protect\n|move|p2b: Iron Hands|Drain Punch|p1b: Iron Bundle\n|-activate|p1b: Iron Bundle|move: Protect\n|\n|upkeep\n|turn|2\n|inactive|Mess in Distress has 30 seconds left.\n|\n|t:|1681834916\n|-end|p1b: Iron Bundle|Quark Drive|[silent]\n|switch|p1b: Scizor|Scizor, L50, F|100\/100\n|-terastallize|p1a: Chi-Yu|Flying\n|move|p1a: Chi-Yu|Heat Wave|p2a: Ting-Lu|[spread] p2a,p2b\n|-damage|p2a: Ting-Lu|71\/100\n|-damage|p2b: Iron Hands|80\/100\n|-status|p2a: Ting-Lu|brn\n|move|p2a: Ting-Lu|Rock Slide|p1a: Chi-Yu|[spread] p1a,p1b\n|-supereffective|p1a: Chi-Yu\n|-damage|p1a: Chi-Yu|65\/100\n|-damage|p1b: Scizor|87\/100\n|move|p2b: Iron Hands|Drain Punch|p1b: Scizor\n|-crit|p1b: Scizor\n|-damage|p1b: Scizor|17\/100\n|-heal|p2b: Iron Hands|100\/100|[from] drain|[of] p1b: Scizor\n|\n|-damage|p2a: Ting-Lu|65\/100 brn|[from] brn\n|upkeep\n|turn|3\n|\n|t:|1681834935\n|move|p1a: Chi-Yu|Heat Wave|p2b: Iron Hands|[spread] \n|-miss|p1a: Chi-Yu|p2a: Ting-Lu\n|-miss|p1a: Chi-Yu|p2b: Iron Hands\n|move|p1b: Scizor|U-turn|p2a: Ting-Lu\n|-supereffective|p2a: Ting-Lu\n|-damage|p2a: Ting-Lu|22\/100 brn\n|\n|t:|1681834942\n|switch|p1b: Glimmora|Glimmora, L50, F|100\/100|[from] U-turn\n|move|p2a: Ting-Lu|Rock Slide|p1b: Glimmora|[spread] p1a,p1b\n|-supereffective|p1a: Chi-Yu\n|-damage|p1a: Chi-Yu|28\/100\n|-damage|p1b: Glimmora|85\/100\n|-activate|p1b: Glimmora|ability: Toxic Debris\n|-sidestart|p2: Mess in Distress|move: Toxic Spikes\n|move|p2b: Iron Hands|Drain Punch|p1a: Chi-Yu\n|-resisted|p1a: Chi-Yu\n|-damage|p1a: Chi-Yu|0 fnt\n|faint|p1a: Chi-Yu\n|\n|-damage|p2a: Ting-Lu|16\/100 brn|[from] brn\n|upkeep\n|\n|t:|1681834954\n|switch|p1a: Iron Bundle|Iron Bundle, L50|100\/100\n|turn|4\n|\n|t:|1681834959\n|move|p1a: Iron Bundle|Protect|p1a: Iron Bundle\n|-singleturn|p1a: Iron Bundle|Protect\n|move|p1b: Glimmora|Energy Ball|p2a: Ting-Lu\n|-supereffective|p2a: Ting-Lu\n|-damage|p2a: Ting-Lu|0 fnt\n|faint|p2a: Ting-Lu\n|move|p2b: Iron Hands|Drain Punch|p1a: Iron Bundle\n|-activate|p1a: Iron Bundle|move: Protect\n|\n|upkeep\n|\n|t:|1681834972\n|switch|p2a: Flutter Mane|Flutter Mane, L50|100\/100\n|-status|p2a: Flutter Mane|psn\n|-enditem|p2a: Flutter Mane|Booster Energy\n|-activate|p2a: Flutter Mane|ability: Protosynthesis|[fromitem]\n|-start|p2a: Flutter Mane|protosynthesisspa\n|turn|5\n|\n|t:|1681834987\n|move|p1a: Iron Bundle|Hydro Pump|p2b: Iron Hands|[miss]\n|-miss|p1a: Iron Bundle|p2b: Iron Hands\n|move|p1b: Glimmora|Earth Power|p2b: Iron Hands\n|-supereffective|p2b: Iron Hands\n|-damage|p2b: Iron Hands|69\/100\n|move|p2b: Iron Hands|Drain Punch|p1b: Glimmora\n|-damage|p1b: Glimmora|42\/100\n|-heal|p2b: Iron Hands|86\/100|[from] drain|[of] p1b: Glimmora\n|-activate|p1b: Glimmora|ability: Toxic Debris\n|-sidestart|p2: Mess in Distress|move: Toxic Spikes\n|move|p2a: Flutter Mane|Trick Room|p2a: Flutter Mane\n|-fieldstart|move: Trick Room|[of] p2a: Flutter Mane\n|\n|-damage|p2a: Flutter Mane|88\/100 psn|[from] psn\n|upkeep\n|turn|6\n|\n|t:|1681835002\n|move|p1a: Iron Bundle|Protect|p1a: Iron Bundle\n|-singleturn|p1a: Iron Bundle|Protect\n|move|p2b: Iron Hands|Drain Punch|p1b: Glimmora\n|-damage|p1b: Glimmora|0 fnt\n|-heal|p2b: Iron Hands|100\/100|[from] drain|[of] p1b: Glimmora\n|faint|p1b: Glimmora\n|move|p2a: Flutter Mane|Moonblast|p1a: Iron Bundle\n|-activate|p1a: Iron Bundle|move: Protect\n|\n|-damage|p2a: Flutter Mane|76\/100 psn|[from] psn\n|upkeep\n|\n|t:|1681835007\n|switch|p1b: Scizor|Scizor, L50, F|17\/100\n|turn|7\n|\n|t:|1681835017\n|-terastallize|p2a: Flutter Mane|Flying\n|move|p1b: Scizor|Bullet Punch|p2a: Flutter Mane\n|-damage|p2a: Flutter Mane|21\/100 psn\n|move|p2b: Iron Hands|Drain Punch|p1a: Iron Bundle\n|-supereffective|p1a: Iron Bundle\n|-damage|p1a: Iron Bundle|0 fnt\n|faint|p1a: Iron Bundle\n|-end|p1a: Iron Bundle|Quark Drive|[silent]\n|move|p2a: Flutter Mane|Shadow Ball|p1b: Scizor\n|-damage|p1b: Scizor|0 fnt\n|faint|p1b: Scizor\n|\n|win|Mess in Distress\n|raw|Cocobeloeil3's rating: 1624 → 1599<\/strong> (-25 for losing)\n|raw|Mess in Distress's rating: 1537 → 1562<\/strong> (+25 for winning)\n|l|\u2606Cocobeloeil3\n","uploadtime":1681835022,"views":18,"p1id":"cocobeloeil3","p2id":"messindistress","formatid":"gen9vgc2023regulationc","rating":1562,"private":0,"password":""}