{"id":"gen9vgc2023regulationc-1859986176","p1":"Radam14","p2":"LokiMouse","format":"[Gen 9] VGC 2023 Regulation C","log":"|j|\u2606Radam14\n|j|\u2606LokiMouse\n|t:|1683582150\n|gametype|doubles\n|player|p1|Radam14|hoopster|1064\n|player|p2|LokiMouse|101|1123\n|teamsize|p1|6\n|teamsize|p2|6\n|gen|9\n|tier|[Gen 9] VGC 2023 Regulation C\n|rated|\n|rule|Species Clause: Limit one of each Pok\u00e9mon\n|rule|Item Clause: Limit one of each item\n|clearpoke\n|poke|p1|Bronzong, L50|\n|poke|p1|Torkoal, L50, F|\n|poke|p1|Ursaring, L50, F|\n|poke|p1|Dragonite, L50, F|\n|poke|p1|Great Tusk, L50|\n|poke|p1|Hydreigon, L50, M|\n|poke|p2|Dachsbun, L50, F|\n|poke|p2|Chi-Yu, L50|\n|poke|p2|Baxcalibur, L50, M|\n|poke|p2|Flutter Mane, L50|\n|poke|p2|Armarouge, L50, M|\n|poke|p2|Indeedee-F, L50, F|\n|teampreview|4\n|\n|t:|1683582194\n|start\n|switch|p1a: Dragonite|Dragonite, L50, F|100\/100\n|switch|p1b: Great Tusk|Great Tusk, L50|100\/100\n|switch|p2a: Flutter Mane|Flutter Mane, L50|100\/100\n|switch|p2b: Chi-Yu|Chi-Yu, L50|100\/100\n|-ability|p2b: Chi-Yu|Beads of Ruin\n|turn|1\n|inactive|Battle timer is ON: inactive players will automatically lose when time's up. (requested by Radam14)\n|inactive|LokiMouse has 60 seconds left.\n|\n|t:|1683582231\n|-terastallize|p2b: Chi-Yu|Grass\n|move|p1b: Great Tusk|Protect|p1b: Great Tusk\n|-singleturn|p1b: Great Tusk|Protect\n|move|p2b: Chi-Yu|Tera Blast|p1b: Great Tusk\n|-activate|p1b: Great Tusk|move: Protect\n|move|p2a: Flutter Mane|Dazzling Gleam|p1b: Great Tusk|[spread] p1a\n|-activate|p1b: Great Tusk|move: Protect\n|-supereffective|p1a: Dragonite\n|-damage|p1a: Dragonite|55\/100\n|move|p1a: Dragonite|Tailwind|p1a: Dragonite\n|-sidestart|p1: Radam14|move: Tailwind\n|\n|upkeep\n|turn|2\n|inactive|Radam14 has 30 seconds left.\n|inactive|LokiMouse has 30 seconds left.\n|inactive|Radam14 has 20 seconds left.\n|inactive|LokiMouse has 20 seconds left.\n|inactive|Radam14 has 15 seconds left.\n|inactive|Radam14 has 10 seconds left.\n|inactive|Radam14 has 5 seconds left.\n|\n|t:|1683582282\n|-terastallize|p1b: Great Tusk|Ground\n|move|p1a: Dragonite|Extreme Speed|p2b: Chi-Yu\n|-crit|p2b: Chi-Yu\n|-damage|p2b: Chi-Yu|23\/100\n|move|p2b: Chi-Yu|Tera Blast|p1b: Great Tusk\n|-supereffective|p1b: Great Tusk\n|-damage|p1b: Great Tusk|0 fnt\n|faint|p1b: Great Tusk\n|-end|p1b: Great Tusk|Protosynthesis|[silent]\n|move|p2a: Flutter Mane|Dazzling Gleam|p1a: Dragonite\n|-supereffective|p1a: Dragonite\n|-damage|p1a: Dragonite|0 fnt\n|faint|p1a: Dragonite\n|\n|upkeep\n|\n|t:|1683582294\n|switch|p1a: Ursaring|Ursaring, L50, F|100\/100\n|switch|p1b: Hydreigon|Hydreigon, L50, M|100\/100\n|turn|3\n|inactive|Radam14 has 30 seconds left.\n|\n|t:|1683582327\n|switch|p2b: Armarouge|Armarouge, L50, M|100\/100\n|-item|p2b: Armarouge|Air Balloon\n|move|p2a: Flutter Mane|Protect|p2a: Flutter Mane\n|-singleturn|p2a: Flutter Mane|Protect\n|move|p1b: Hydreigon|Dark Pulse|p2a: Flutter Mane\n|-activate|p2a: Flutter Mane|move: Protect\n|move|p1a: Ursaring|Rock Slide|p2b: Armarouge|[spread] p2b\n|-activate|p2a: Flutter Mane|move: Protect\n|-supereffective|p2b: Armarouge\n|-damage|p2b: Armarouge|56\/100\n|-enditem|p2b: Armarouge|Air Balloon\n|\n|upkeep\n|turn|4\n|inactive|LokiMouse has 30 seconds left.\n|\n|t:|1683582360\n|move|p1b: Hydreigon|Dark Pulse|p2a: Flutter Mane\n|-damage|p2a: Flutter Mane|31\/100\n|move|p2a: Flutter Mane|Icy Wind|p1b: Hydreigon|[spread] p1a,p1b\n|-supereffective|p1b: Hydreigon\n|-damage|p1a: Ursaring|89\/100\n|-damage|p1b: Hydreigon|66\/100\n|-unboost|p1a: Ursaring|spe|1\n|-unboost|p1b: Hydreigon|spe|1\n|move|p1a: Ursaring|Earthquake|p2b: Armarouge|[spread] p2a,p2b\n|-immune|p1b: Hydreigon|[from] ability: Levitate\n|-supereffective|p2b: Armarouge\n|-damage|p2a: Flutter Mane|0 fnt\n|-damage|p2b: Armarouge|0 fnt\n|faint|p2a: Flutter Mane\n|-end|p2a: Flutter Mane|Protosynthesis|[silent]\n|faint|p2b: Armarouge\n|\n|-sideend|p1: Radam14|move: Tailwind\n|upkeep\n|\n|t:|1683582377\n|switch|p2a: Dachsbun|Dachsbun, L50, F|100\/100\n|switch|p2b: Chi-Yu|Chi-Yu, L50, tera:Grass|23\/100\n|-ability|p2b: Chi-Yu|Beads of Ruin\n|turn|5\n|\n|t:|1683582395\n|move|p2b: Chi-Yu|Lava Plume|p1a: Ursaring|[spread] p1a,p1b\n|-ability|p2a: Dachsbun|Well-Baked Body|boost\n|-boost|p2a: Dachsbun|def|2\n|-resisted|p1b: Hydreigon\n|-crit|p1b: Hydreigon\n|-damage|p1a: Ursaring|55\/100\n|-damage|p1b: Hydreigon|30\/100\n|-status|p1a: Ursaring|brn\n|move|p2a: Dachsbun|Substitute|p2a: Dachsbun\n|-start|p2a: Dachsbun|Substitute\n|-damage|p2a: Dachsbun|76\/100\n|move|p1b: Hydreigon|Dark Pulse|p2a: Dachsbun\n|-resisted|p2a: Dachsbun\n|-end|p2a: Dachsbun|Substitute\n|move|p1a: Ursaring|Rock Slide|p2a: Dachsbun|[spread] p2a,p2b\n|-damage|p2a: Dachsbun|63\/100\n|-damage|p2b: Chi-Yu|0 fnt\n|faint|p2b: Chi-Yu\n|\n|-heal|p2a: Dachsbun|69\/100|[from] item: Leftovers\n|-damage|p1a: Ursaring|49\/100 brn|[from] brn\n|upkeep\n|turn|6\n|inactive|LokiMouse has 30 seconds left.\n|\n|t:|1683582428\n|move|p2a: Dachsbun|Protect|p2a: Dachsbun\n|-singleturn|p2a: Dachsbun|Protect\n|move|p1b: Hydreigon|Dark Pulse|p2a: Dachsbun\n|-activate|p2a: Dachsbun|move: Protect\n|move|p1a: Ursaring|Earthquake|p2a: Dachsbun|[spread] \n|-activate|p2a: Dachsbun|move: Protect\n|-immune|p1b: Hydreigon|[from] ability: Levitate\n|\n|-heal|p2a: Dachsbun|75\/100|[from] item: Leftovers\n|-damage|p1a: Ursaring|43\/100 brn|[from] brn\n|upkeep\n|turn|7\n|\n|t:|1683582441\n|move|p2a: Dachsbun|Body Press|p1b: Hydreigon\n|-supereffective|p1b: Hydreigon\n|-damage|p1b: Hydreigon|0 fnt\n|faint|p1b: Hydreigon\n|move|p1a: Ursaring|Earthquake|p2a: Dachsbun\n|-damage|p2a: Dachsbun|51\/100\n|\n|-heal|p2a: Dachsbun|57\/100|[from] item: Leftovers\n|-damage|p1a: Ursaring|37\/100 brn|[from] brn\n|upkeep\n|turn|8\n|\n|t:|1683582462\n|move|p2a: Dachsbun|Body Press|p1a: Ursaring\n|-supereffective|p1a: Ursaring\n|-damage|p1a: Ursaring|0 fnt\n|faint|p1a: Ursaring\n|\n|win|LokiMouse\n|raw|Radam14's rating: 1064 → 1048<\/strong> (-16 for losing)\n|raw|LokiMouse's rating: 1123 → 1144<\/strong> (+21 for winning)\n|l|\u2606Radam14\n","uploadtime":1683582469,"views":7,"p1id":"radam14","p2id":"lokimouse","formatid":"gen9vgc2023regulationc","rating":1048,"private":0,"password":""}