{"id":"gen9vgc2023regulationc-1862061816","p1":"revocolombia","p2":"izhankhan22","format":"[Gen 9] VGC 2023 Regulation C","log":"|j|\u2606revocolombia\n|j|\u2606izhankhan22\n|t:|1683833195\n|gametype|doubles\n|player|p1|revocolombia|pokemonranger-gen4|1269\n|player|p2|izhankhan22|169|1315\n|teamsize|p1|6\n|teamsize|p2|6\n|gen|9\n|tier|[Gen 9] VGC 2023 Regulation C\n|rated|\n|rule|Species Clause: Limit one of each Pok\u00e9mon\n|rule|Item Clause: Limit one of each item\n|clearpoke\n|poke|p1|Flutter Mane, L50|\n|poke|p1|Great Tusk, L50|\n|poke|p1|Hydreigon, L50, M|\n|poke|p1|Chien-Pao, L50|\n|poke|p1|Murkrow, L50, M|\n|poke|p1|Kingambit, L50, M|\n|poke|p2|Abomasnow, L50, M|\n|poke|p2|Iron Bundle, L50|\n|poke|p2|Flutter Mane, L50|\n|poke|p2|Chien-Pao, L50|\n|poke|p2|Dragonite, L50, M|\n|poke|p2|Annihilape, L50, M|\n|teampreview|4\n|\n|t:|1683833214\n|start\n|switch|p1a: Great Tusk|Great Tusk, L50|100\/100\n|switch|p1b: Murkrow|Murkrow, L50, M|100\/100\n|switch|p2a: Annihilape|Annihilape, L50, M|100\/100\n|switch|p2b: Abomasnow|Abomasnow, L50, M|100\/100\n|-weather|Snow|[from] ability: Snow Warning|[of] p2b: Abomasnow\n|turn|1\n|inactive|Battle timer is ON: inactive players will automatically lose when time's up. (requested by izhankhan22)\n|\n|t:|1683833236\n|-terastallize|p1a: Great Tusk|Fire\n|move|p1b: Murkrow|Sunny Day|p1b: Murkrow\n|-weather|SunnyDay\n|-activate|p1a: Great Tusk|ability: Protosynthesis\n|-start|p1a: Great Tusk|protosynthesisatk\n|move|p2a: Annihilape|Bulk Up|p2a: Annihilape\n|-boost|p2a: Annihilape|atk|1\n|-boost|p2a: Annihilape|def|1\n|move|p1a: Great Tusk|Earthquake|p2b: Abomasnow|[spread] p2a,p2b\n|-immune|p1b: Murkrow\n|-resisted|p2b: Abomasnow\n|-damage|p2a: Annihilape|70\/100\n|-damage|p2b: Abomasnow|71\/100\n|move|p2b: Abomasnow|Leech Seed|p1b: Murkrow\n|-start|p1b: Murkrow|move: Leech Seed\n|\n|-weather|SunnyDay|[upkeep]\n|-heal|p2a: Annihilape|76\/100|[from] item: Leftovers\n|-damage|p1b: Murkrow|89\/100|[from] Leech Seed|[of] p2b: Abomasnow\n|-heal|p2b: Abomasnow|81\/100|[silent]\n|upkeep\n|turn|2\n|\n|t:|1683833260\n|move|p1b: Murkrow|Haze|p1b: Murkrow\n|-clearallboost\n|move|p1a: Great Tusk|Earthquake|p2a: Annihilape|[spread] p2a,p2b\n|-immune|p1b: Murkrow\n|-resisted|p2b: Abomasnow\n|-damage|p2a: Annihilape|24\/100\n|-damage|p2b: Abomasnow|53\/100\n|move|p2a: Annihilape|Bulk Up|p2a: Annihilape\n|-boost|p2a: Annihilape|atk|1\n|-boost|p2a: Annihilape|def|1\n|move|p2b: Abomasnow|Leech Seed|p1a: Great Tusk\n|-start|p1a: Great Tusk|move: Leech Seed\n|\n|-weather|SunnyDay|[upkeep]\n|-heal|p2a: Annihilape|30\/100|[from] item: Leftovers\n|-damage|p1a: Great Tusk|88\/100|[from] Leech Seed|[of] p2b: Abomasnow\n|-heal|p2b: Abomasnow|67\/100|[silent]\n|-damage|p1b: Murkrow|77\/100|[from] Leech Seed|[of] p2b: Abomasnow\n|-heal|p2b: Abomasnow|77\/100|[silent]\n|upkeep\n|turn|3\n|inactive|revocolombia has 30 seconds left.\n|inactive|izhankhan22 has 30 seconds left.\n|\n|t:|1683833287\n|switch|p2b: Chien-Pao|Chien-Pao, L50|100\/100\n|-ability|p2b: Chien-Pao|Sword of Ruin\n|move|p2a: Annihilape|Protect|p2a: Annihilape\n|-singleturn|p2a: Annihilape|Protect\n|move|p1b: Murkrow|Tailwind|p1b: Murkrow\n|-sidestart|p1: revocolombia|move: Tailwind\n|move|p1a: Great Tusk|Earthquake|p2a: Annihilape|[spread] p2b\n|-activate|p2a: Annihilape|move: Protect\n|-immune|p1b: Murkrow\n|-damage|p2b: Chien-Pao|28\/100\n|\n|-weather|SunnyDay|[upkeep]\n|-heal|p2a: Annihilape|36\/100|[from] item: Leftovers\n|-damage|p1a: Great Tusk|76\/100|[from] Leech Seed|[of] p2b: Chien-Pao\n|-heal|p2b: Chien-Pao|45\/100|[silent]\n|-damage|p1b: Murkrow|65\/100|[from] Leech Seed|[of] p2b: Chien-Pao\n|-heal|p2b: Chien-Pao|58\/100|[silent]\n|upkeep\n|turn|4\n|inactive|izhankhan22 has 30 seconds left.\n|\n|t:|1683833318\n|switch|p2a: Abomasnow|Abomasnow, L50, M|77\/100\n|-weather|Snow|[from] ability: Snow Warning|[of] p2a: Abomasnow\n|-end|p1a: Great Tusk|Protosynthesis\n|move|p1b: Murkrow|Haze|p1b: Murkrow\n|-clearallboost\n|move|p1a: Great Tusk|Earthquake|p2b: Chien-Pao|[spread] p2a,p2b\n|-immune|p1b: Murkrow\n|-resisted|p2a: Abomasnow\n|-damage|p2a: Abomasnow|58\/100\n|-damage|p2b: Chien-Pao|21\/100\n|move|p2b: Chien-Pao|Icicle Crash|p1b: Murkrow\n|-supereffective|p1b: Murkrow\n|-crit|p1b: Murkrow\n|-damage|p1b: Murkrow|0 fnt\n|faint|p1b: Murkrow\n|\n|-weather|Snow|[upkeep]\n|-damage|p1a: Great Tusk|64\/100|[from] Leech Seed|[of] p2b: Chien-Pao\n|-heal|p2b: Chien-Pao|38\/100|[silent]\n|upkeep\n|\n|t:|1683833339\n|switch|p1b: Hydreigon|Hydreigon, L50, M|100\/100\n|turn|5\n|\n|t:|1683833347\n|move|p2b: Chien-Pao|Protect|p2b: Chien-Pao\n|-singleturn|p2b: Chien-Pao|Protect\n|move|p1b: Hydreigon|Heat Wave|p2a: Abomasnow|[spread] p2a\n|-activate|p2b: Chien-Pao|move: Protect\n|-supereffective|p2a: Abomasnow\n|-damage|p2a: Abomasnow|0 fnt\n|faint|p2a: Abomasnow\n|move|p1a: Great Tusk|Earthquake|p2b: Chien-Pao|[spread] \n|-activate|p2b: Chien-Pao|move: Protect\n|-immune|p1b: Hydreigon|[from] ability: Levitate\n|\n|-weather|Snow|[upkeep]\n|-damage|p1a: Great Tusk|52\/100|[from] Leech Seed|[of] p2b: Chien-Pao\n|-heal|p2b: Chien-Pao|55\/100|[silent]\n|upkeep\n|\n|t:|1683833360\n|switch|p2a: Annihilape|Annihilape, L50, M|36\/100\n|turn|6\n|\n|t:|1683833383\n|move|p2a: Annihilape|Protect|p2a: Annihilape\n|-singleturn|p2a: Annihilape|Protect\n|move|p2b: Chien-Pao|Sucker Punch|p1a: Great Tusk\n|-damage|p1a: Great Tusk|22\/100\n|move|p1b: Hydreigon|Heat Wave|p2a: Annihilape|[spread] p2b\n|-activate|p2a: Annihilape|move: Protect\n|-supereffective|p2b: Chien-Pao\n|-damage|p2b: Chien-Pao|0 fnt\n|faint|p2b: Chien-Pao\n|move|p1a: Great Tusk|Earthquake|p2a: Annihilape|[spread] \n|-activate|p2a: Annihilape|move: Protect\n|-immune|p1b: Hydreigon|[from] ability: Levitate\n|\n|-weather|Snow|[upkeep]\n|-heal|p2a: Annihilape|42\/100|[from] item: Leftovers\n|-sideend|p1: revocolombia|move: Tailwind\n|upkeep\n|\n|t:|1683833395\n|switch|p2b: Flutter Mane|Flutter Mane, L50|100\/100\n|-enditem|p2b: Flutter Mane|Booster Energy\n|-activate|p2b: Flutter Mane|ability: Protosynthesis|[fromitem]\n|-start|p2b: Flutter Mane|protosynthesisspe\n|turn|7\n|\n|t:|1683833419\n|move|p2b: Flutter Mane|Dazzling Gleam|p1b: Hydreigon|[spread] p1a,p1b\n|-resisted|p1a: Great Tusk\n|-supereffective|p1b: Hydreigon\n|-damage|p1a: Great Tusk|0 fnt\n|-damage|p1b: Hydreigon|0 fnt\n|faint|p1a: Great Tusk\n|-end|p1a: Great Tusk|Protosynthesis|[silent]\n|faint|p1b: Hydreigon\n|move|p2a: Annihilape|Drain Punch|p1: Great Tusk|[notarget]\n|-fail|p2a: Annihilape\n|\n|-weather|Snow|[upkeep]\n|-heal|p2a: Annihilape|48\/100|[from] item: Leftovers\n|upkeep\n|c|\u2606izhankhan22|gg\n|\n|t:|1683833437\n|switch|p1b: Flutter Mane|Flutter Mane, L50|100\/100\n|-enditem|p1b: Flutter Mane|Booster Energy\n|-activate|p1b: Flutter Mane|ability: Protosynthesis|[fromitem]\n|-start|p1b: Flutter Mane|protosynthesisspa\n|turn|8\n|inactive|izhankhan22 has 30 seconds left.\n|inactive|izhankhan22 has 20 seconds left.\n|\n|t:|1683833474\n|-terastallize|p2a: Annihilape|Water\n|move|p2b: Flutter Mane|Shadow Ball|p1b: Flutter Mane\n|-supereffective|p1b: Flutter Mane\n|-damage|p1b: Flutter Mane|3\/100\n|move|p1b: Flutter Mane|Dazzling Gleam|p2a: Annihilape|[spread] p2a,p2b\n|-damage|p2a: Annihilape|9\/100\n|-damage|p2b: Flutter Mane|50\/100\n|move|p2a: Annihilape|Rage Fist|p1b: Flutter Mane\n|-supereffective|p1b: Flutter Mane\n|-damage|p1b: Flutter Mane|0 fnt\n|faint|p1b: Flutter Mane\n|-end|p1b: Flutter Mane|Protosynthesis|[silent]\n|\n|win|izhankhan22\n|raw|revocolombia's rating: 1269 → 1247<\/strong> (-22 for losing)\n|raw|izhankhan22's rating: 1315 → 1332<\/strong> (+17 for winning)\n|c|\u2606izhankhan22|gg\n|l|\u2606izhankhan22\n","uploadtime":1683833494,"views":13,"p1id":"revocolombia","p2id":"izhankhan22","formatid":"gen9vgc2023regulationc","rating":1247,"private":0,"password":""}