{"id":"gen9vgc2023regulationc-1858990176","p1":"R3K1","p2":"Tsuki6996","format":"[Gen 9] VGC 2023 Regulation C","log":"|j|\u2606R3K1\n|j|\u2606Tsuki6996\n|t:|1683391635\n|gametype|doubles\n|player|p1|R3K1|2|1305\n|player|p2|Tsuki6996|veteranf|1207\n|teamsize|p1|6\n|teamsize|p2|6\n|gen|9\n|tier|[Gen 9] VGC 2023 Regulation C\n|rated|\n|rule|Species Clause: Limit one of each Pok\u00e9mon\n|rule|Item Clause: Limit one of each item\n|clearpoke\n|poke|p1|Tyranitar, L50, F|\n|poke|p1|Lycanroc, L50, M|\n|poke|p1|Annihilape, L50, M|\n|poke|p1|Amoonguss, L50, M|\n|poke|p1|Flutter Mane, L50|\n|poke|p1|Gyarados, L50, M|\n|poke|p2|Torkoal, L50, F|\n|poke|p2|Great Tusk, L50|\n|poke|p2|Jumpluff, L50, F|\n|poke|p2|Flutter Mane, L50|\n|poke|p2|Chien-Pao, L50|\n|poke|p2|Iron Bundle, L50|\n|teampreview|4\n|inactive|Battle timer is ON: inactive players will automatically lose when time's up. (requested by R3K1)\n|inactive|R3K1 has 60 seconds left.\n|inactive|Tsuki6996 has 60 seconds left.\n|inactive|R3K1 has 30 seconds left.\n|\n|t:|1683391699\n|start\n|switch|p1a: Lycanroc|Lycanroc, L50, M|100\/100\n|switch|p1b: Gyarados|Gyarados, L50, M|100\/100\n|switch|p2a: Jumpluff|Jumpluff, L50, F|100\/100\n|switch|p2b: Flutter Mane|Flutter Mane, L50|100\/100\n|-ability|p1b: Gyarados|Intimidate|boost\n|-unboost|p2a: Jumpluff|atk|1\n|-unboost|p2b: Flutter Mane|atk|1\n|turn|1\n|inactive|R3K1 has 30 seconds left.\n|\n|t:|1683391725\n|switch|p1b: Tyranitar|Tyranitar, L50, F|100\/100\n|-weather|Sandstorm|[from] ability: Sand Stream|[of] p1b: Tyranitar\n|-terastallize|p2a: Jumpluff|Water\n|move|p1a: Lycanroc|Rock Slide|p2a: Jumpluff|[spread] p2b\n|-miss|p1a: Lycanroc|p2a: Jumpluff\n|-damage|p2b: Flutter Mane|8\/100\n|move|p2b: Flutter Mane|Dazzling Gleam|p1b: Tyranitar|[spread] p1a,p1b\n|-supereffective|p1b: Tyranitar\n|-damage|p1a: Lycanroc|54\/100\n|-damage|p1b: Tyranitar|46\/100\n|-enditem|p1b: Tyranitar|Weakness Policy\n|-boost|p1b: Tyranitar|atk|2|[from] item: Weakness Policy\n|-boost|p1b: Tyranitar|spa|2|[from] item: Weakness Policy\n|-damage|p2b: Flutter Mane|0 fnt|[from] item: Life Orb\n|faint|p2b: Flutter Mane\n|-end|p2b: Flutter Mane|Protosynthesis|[silent]\n|move|p2a: Jumpluff|Tailwind|p2a: Jumpluff\n|-sidestart|p2: Tsuki6996|move: Tailwind\n|\n|-weather|Sandstorm|[upkeep]\n|-damage|p2a: Jumpluff|94\/100|[from] Sandstorm\n|upkeep\n|\n|t:|1683391742\n|switch|p2b: Great Tusk|Great Tusk, L50|100\/100\n|turn|2\n|\n|t:|1683391760\n|switch|p1a: Gyarados|Gyarados, L50, M|100\/100\n|-ability|p1a: Gyarados|Intimidate|boost\n|-unboost|p2a: Jumpluff|atk|1\n|-unboost|p2b: Great Tusk|atk|1\n|move|p1b: Tyranitar|Protect|p1b: Tyranitar\n|-singleturn|p1b: Tyranitar|Protect\n|move|p2a: Jumpluff|Sleep Powder|p1a: Gyarados\n|-status|p1a: Gyarados|slp|[from] move: Sleep Powder\n|move|p2b: Great Tusk|Earthquake|p1b: Tyranitar|[spread] p2a\n|-activate|p1b: Tyranitar|move: Protect\n|-immune|p1a: Gyarados\n|-damage|p2a: Jumpluff|61\/100\n|\n|-weather|Sandstorm|[upkeep]\n|-damage|p2a: Jumpluff|55\/100|[from] Sandstorm\n|-damage|p1a: Gyarados|95\/100 slp|[from] Sandstorm\n|upkeep\n|turn|3\n|inactive|R3K1 has 30 seconds left.\n|\n|t:|1683391788\n|switch|p2a: Chien-Pao|Chien-Pao, L50|100\/100\n|-ability|p2a: Chien-Pao|Sword of Ruin\n|switch|p1b: Annihilape|Annihilape, L50, M|100\/100\n|move|p2b: Great Tusk|Close Combat|p1b: Annihilape\n|-immune|p1b: Annihilape\n|cant|p1a: Gyarados|slp\n|\n|-weather|Sandstorm|[upkeep]\n|-damage|p2a: Chien-Pao|95\/100|[from] Sandstorm\n|-damage|p1b: Annihilape|95\/100|[from] Sandstorm\n|-damage|p1a: Gyarados|89\/100 slp|[from] Sandstorm\n|-heal|p1b: Annihilape|100\/100|[from] item: Leftovers\n|upkeep\n|turn|4\n|inactive|R3K1 has 30 seconds left.\n|\n|t:|1683391818\n|move|p2a: Chien-Pao|Ice Spinner|p1b: Annihilape\n|-damage|p1b: Annihilape|55\/100\n|move|p2b: Great Tusk|Rock Slide|p1a: Gyarados|[spread] p1a,p1b\n|-supereffective|p1a: Gyarados\n|-resisted|p1b: Annihilape\n|-damage|p1a: Gyarados|56\/100 slp\n|-damage|p1b: Annihilape|46\/100\n|cant|p1b: Annihilape|flinch\n|-curestatus|p1a: Gyarados|slp|[msg]\n|move|p1a: Gyarados|Waterfall|p2b: Great Tusk\n|-supereffective|p2b: Great Tusk\n|-damage|p2b: Great Tusk|17\/100\n|-enditem|p2b: Great Tusk|Sitrus Berry|[eat]\n|-heal|p2b: Great Tusk|42\/100|[from] item: Sitrus Berry\n|\n|-weather|Sandstorm|[upkeep]\n|-damage|p2a: Chien-Pao|89\/100|[from] Sandstorm\n|-damage|p1b: Annihilape|40\/100|[from] Sandstorm\n|-damage|p1a: Gyarados|50\/100|[from] Sandstorm\n|-heal|p1b: Annihilape|46\/100|[from] item: Leftovers\n|-sideend|p2: Tsuki6996|move: Tailwind\n|upkeep\n|turn|5\n|inactive|R3K1 has 30 seconds left.\n|inactive|Tsuki6996 has 30 seconds left.\n|inactive|R3K1 has 20 seconds left.\n|inactive|R3K1 has 15 seconds left.\n|inactive|R3K1 has 10 seconds left.\n|inactive|R3K1 has 5 seconds left.\n|\n|t:|1683391869\n|move|p2a: Chien-Pao|Protect|p2a: Chien-Pao\n|-singleturn|p2a: Chien-Pao|Protect\n|move|p2b: Great Tusk|Earthquake|p1a: Gyarados|[spread] p1b\n|-activate|p2a: Chien-Pao|move: Protect\n|-immune|p1a: Gyarados\n|-damage|p1b: Annihilape|12\/100\n|move|p1b: Annihilape|Drain Punch|p2a: Chien-Pao\n|-activate|p2a: Chien-Pao|move: Protect\n|move|p1a: Gyarados|Iron Head|p2a: Chien-Pao\n|-activate|p2a: Chien-Pao|move: Protect\n|\n|-weather|none\n|-heal|p1b: Annihilape|18\/100|[from] item: Leftovers\n|upkeep\n|turn|6\n|inactive|Tsuki6996 has 30 seconds left.\n|\n|t:|1683391895\n|move|p1b: Annihilape|Protect|p1b: Annihilape\n|-singleturn|p1b: Annihilape|Protect\n|move|p2a: Chien-Pao|Ice Spinner|p1a: Gyarados\n|-damage|p1a: Gyarados|0 fnt\n|faint|p1a: Gyarados\n|move|p2b: Great Tusk|Earthquake|p1b: Annihilape|[spread] p2a\n|-activate|p1b: Annihilape|move: Protect\n|-damage|p2a: Chien-Pao|56\/100\n|\n|-heal|p1b: Annihilape|24\/100|[from] item: Leftovers\n|upkeep\n|\n|t:|1683391910\n|switch|p1a: Lycanroc|Lycanroc, L50, M|54\/100\n|turn|7\n|\n|t:|1683391918\n|switch|p1b: Tyranitar|Tyranitar, L50, F|46\/100\n|-weather|Sandstorm|[from] ability: Sand Stream|[of] p1b: Tyranitar\n|move|p2a: Chien-Pao|Protect|p2a: Chien-Pao\n|-singleturn|p2a: Chien-Pao|Protect\n|move|p1a: Lycanroc|Rock Slide|p2b: Great Tusk|[spread] p2b\n|-activate|p2a: Chien-Pao|move: Protect\n|-resisted|p2b: Great Tusk\n|-damage|p2b: Great Tusk|32\/100\n|move|p2b: Great Tusk|Earthquake|p1b: Tyranitar|[spread] p1a,p1b\n|-activate|p2a: Chien-Pao|move: Protect\n|-supereffective|p1a: Lycanroc\n|-supereffective|p1b: Tyranitar\n|-damage|p1a: Lycanroc|0 fnt\n|-damage|p1b: Tyranitar|0 fnt\n|faint|p1a: Lycanroc\n|faint|p1b: Tyranitar\n|\n|-weather|Sandstorm|[upkeep]\n|-damage|p2a: Chien-Pao|50\/100|[from] Sandstorm\n|upkeep\n|\n|t:|1683391937\n|switch|p1a: Annihilape|Annihilape, L50, M|24\/100\n|turn|8\n|\n|t:|1683391956\n|move|p2a: Chien-Pao|Ice Spinner|p1a: Annihilape\n|-crit|p1a: Annihilape\n|-damage|p1a: Annihilape|0 fnt\n|faint|p1a: Annihilape\n|\n|win|Tsuki6996\n|raw|R3K1's rating: 1305 → 1280<\/strong> (-25 for losing)\n|raw|Tsuki6996's rating: 1207 → 1239<\/strong> (+32 for winning)\n|l|\u2606Tsuki6996\n","uploadtime":1683392050,"views":7,"p1id":"r3k1","p2id":"tsuki6996","formatid":"gen9vgc2023regulationc","rating":1239,"private":0,"password":""}