{"id":"gen9vgc2023regulationc-1849329756","p1":"LuizVentura","p2":"FurretSucksVGC","format":"[Gen 9] VGC 2023 Regulation C","log":"|j|\u2606LuizVentura\n|j|\u2606FurretSucksVGC\n|t:|1682186562\n|gametype|doubles\n|player|p1|LuizVentura|dawn|1481\n|player|p2|FurretSucksVGC|hilbert|1506\n|teamsize|p1|6\n|teamsize|p2|6\n|gen|9\n|tier|[Gen 9] VGC 2023 Regulation C\n|rated|\n|rule|Species Clause: Limit one of each Pok\u00e9mon\n|rule|Item Clause: Limit one of each item\n|clearpoke\n|poke|p1|Oranguru, L50, M|\n|poke|p1|Torkoal, L50, F|\n|poke|p1|Iron Hands, L50|\n|poke|p1|Farigiraf, L50, F|\n|poke|p1|Brute Bonnet, L50|\n|poke|p1|Scizor, L50, M|\n|poke|p2|Skeledirge, L50, F|\n|poke|p2|Kingambit, L50, M|\n|poke|p2|Maushold, L50|\n|poke|p2|Wo-Chien, L50|\n|poke|p2|Florges, L50, F|\n|poke|p2|Lucario, L50, F|\n|teampreview|4\nFurretSucksVGC has agreed to open team sheets.\n|\n|t:|1682186614\n|start\n|switch|p1a: Oranguru|Oranguru, L50, M|100\/100\n|switch|p1b: Iron Hands|Iron Hands, L50|100\/100\n|switch|p2a: Skeledirge|Skeledirge, L50, F|100\/100\n|switch|p2b: Lucario|Lucario, L50, F|100\/100\n|-enditem|p1b: Iron Hands|Booster Energy\n|-activate|p1b: Iron Hands|ability: Quark Drive|[fromitem]\n|-start|p1b: Iron Hands|quarkdriveatk\n|turn|1\n|\n|t:|1682186640\n|move|p1b: Iron Hands|Fake Out|p2b: Lucario\n|-resisted|p2b: Lucario\n|-damage|p2b: Lucario|85\/100\n|move|p2b: Lucario|Close Combat|p1a: Oranguru\n|-damage|p1a: Oranguru|53\/100\n|-unboost|p2b: Lucario|def|1\n|-unboost|p2b: Lucario|spd|1\n|move|p2a: Skeledirge|Torch Song|p1a: Oranguru\n|-damage|p1a: Oranguru|10\/100\n|-boost|p2a: Skeledirge|spa|1\n|move|p1a: Oranguru|Trick Room|p1a: Oranguru\n|-fieldstart|move: Trick Room|[of] p1a: Oranguru\n|\n|upkeep\n|turn|2\n|\n|t:|1682186679\n|-terastallize|p1b: Iron Hands|Ground\n|move|p2b: Lucario|Extreme Speed|p1a: Oranguru\n|-damage|p1a: Oranguru|0 fnt\n|faint|p1a: Oranguru\n|move|p1b: Iron Hands|Earthquake|p2b: Lucario|[spread] p2a,p2b\n|-supereffective|p2a: Skeledirge\n|-supereffective|p2b: Lucario\n|-damage|p2a: Skeledirge|3\/100\n|-damage|p2b: Lucario|0 fnt\n|faint|p2b: Lucario\n|move|p2a: Skeledirge|Torch Song|p1b: Iron Hands\n|-damage|p1b: Iron Hands|33\/100\n|-boost|p2a: Skeledirge|spa|1\n|\n|upkeep\n|inactive|Battle timer is ON: inactive players will automatically lose when time's up. (requested by LuizVentura)\n|\n|t:|1682186720\n|switch|p1a: Torkoal|Torkoal, L50, F|100\/100\n|switch|p2b: Wo-Chien|Wo-Chien, L50|100\/100\n|-weather|SunnyDay|[from] ability: Drought|[of] p1a: Torkoal\n|-ability|p2b: Wo-Chien|Tablets of Ruin\n|turn|3\n|inactive|FurretSucksVGC has 30 seconds left.\n|\n|t:|1682186748\n|switch|p2a: Florges|Florges, L50, F|100\/100\n|-terastallize|p2b: Wo-Chien|Poison\n|move|p1a: Torkoal|Eruption|p2b: Wo-Chien|[spread] p2a,p2b\n|-damage|p2a: Florges|49\/100\n|-damage|p2b: Wo-Chien|50\/100\n|-enditem|p2b: Wo-Chien|Sitrus Berry|[eat]\n|-heal|p2b: Wo-Chien|74\/100|[from] item: Sitrus Berry\n|move|p1b: Iron Hands|Close Combat|p2b: Wo-Chien\n|-resisted|p2b: Wo-Chien\n|-damage|p2b: Wo-Chien|43\/100\n|-unboost|p1b: Iron Hands|def|1\n|-unboost|p1b: Iron Hands|spd|1\n|move|p2b: Wo-Chien|Giga Drain|p1b: Iron Hands\n|-supereffective|p1b: Iron Hands\n|-damage|p1b: Iron Hands|0 fnt\n|-heal|p2b: Wo-Chien|63\/100|[from] drain|[of] p1b: Iron Hands\n|faint|p1b: Iron Hands\n|-end|p1b: Iron Hands|Quark Drive|[silent]\n|\n|-weather|SunnyDay|[upkeep]\n|-heal|p2a: Florges|55\/100|[from] item: Leftovers\n|upkeep\n|\n|t:|1682186770\n|switch|p1b: Farigiraf|Farigiraf, L50, F|100\/100\n|turn|4\n|\n|t:|1682186789\n|move|p2b: Wo-Chien|Protect|p2b: Wo-Chien\n|-singleturn|p2b: Wo-Chien|Protect\n|move|p2a: Florges|Protect|p2a: Florges\n|-singleturn|p2a: Florges|Protect\n|move|p1a: Torkoal|Eruption|p2a: Florges|[spread] \n|-activate|p2a: Florges|move: Protect\n|-activate|p2b: Wo-Chien|move: Protect\n|move|p1b: Farigiraf|Hyper Voice|p2b: Wo-Chien|[spread] \n|-activate|p2a: Florges|move: Protect\n|-activate|p2b: Wo-Chien|move: Protect\n|\n|-weather|SunnyDay|[upkeep]\n|-heal|p2a: Florges|60\/100|[from] item: Leftovers\n|upkeep\n|turn|5\n|inactive|LuizVentura has 30 seconds left.\n|\n|t:|1682186815\n|move|p1a: Torkoal|Eruption|p2a: Florges|[spread] p2a,p2b\n|-damage|p2a: Florges|7\/100\n|-damage|p2b: Wo-Chien|14\/100\n|move|p1b: Farigiraf|Hyper Voice|p2a: Florges|[spread] p2a,p2b\n|-damage|p2a: Florges|0 fnt\n|-damage|p2b: Wo-Chien|0 fnt\n|faint|p2a: Florges\n|faint|p2b: Wo-Chien\n|-enditem|p1b: Farigiraf|Throat Spray\n|-boost|p1b: Farigiraf|spa|1|[from] item: Throat Spray\n|\n|-weather|SunnyDay|[upkeep]\n|-fieldend|move: Trick Room\n|upkeep\n|\n|t:|1682186826\n|switch|p2b: Skeledirge|Skeledirge, L50, F|3\/100\n|turn|6\n|\n|t:|1682186839\n|move|p2b: Skeledirge|Earth Power|p1a: Torkoal\n|-supereffective|p1a: Torkoal\n|-damage|p1a: Torkoal|0 fnt\n|faint|p1a: Torkoal\n|move|p1b: Farigiraf|Psychic|p2b: Skeledirge\n|-damage|p2b: Skeledirge|0 fnt\n|faint|p2b: Skeledirge\n|\n|win|LuizVentura\n|raw|LuizVentura's rating: 1481 → 1502<\/strong> (+21 for winning)\n|raw|FurretSucksVGC's rating: 1506 → 1485<\/strong> (-21 for losing)\n|c|\u2606FurretSucksVGC|gg\n","uploadtime":1682186853,"views":9,"p1id":"luizventura","p2id":"furretsucksvgc","formatid":"gen9vgc2023regulationc","rating":1485,"private":0,"password":""}