{"id":"gen9vgc2023regulationc-1857039786","p1":"Hadrian1917","p2":"elmonitor02","format":"[Gen 9] VGC 2023 Regulation C","log":"|j|\u2606Hadrian1917\n|j|\u2606elmonitor02\n|t:|1683139660\n|gametype|doubles\n|player|p1|Hadrian1917|brock|1157\n|player|p2|elmonitor02|2|1081\n|teamsize|p1|6\n|teamsize|p2|6\n|gen|9\n|tier|[Gen 9] VGC 2023 Regulation C\n|rated|\n|rule|Species Clause: Limit one of each Pok\u00e9mon\n|rule|Item Clause: Limit one of each item\n|clearpoke\n|poke|p1|Flutter Mane, L50|\n|poke|p1|Chi-Yu, L50|\n|poke|p1|Iron Hands, L50|\n|poke|p1|Ting-Lu, L50|\n|poke|p1|Gyarados, L50, M|\n|poke|p1|Amoonguss, L50, M|\n|poke|p2|Annihilape, L50, M|\n|poke|p2|Dragonite, L50, M|\n|poke|p2|Murkrow, L50, F|\n|poke|p2|Gholdengo, L50|\n|poke|p2|Hydreigon, L50, M|\n|poke|p2|Armarouge, L50, M|\n|teampreview|4\n|\n|t:|1683139743\n|start\n|switch|p1a: Iron Hands|Iron Hands, L50|100\/100\n|switch|p1b: Amoonguss|Amoonguss, L50, M|100\/100\n|switch|p2a: Murkrow|Murkrow, L50, F|100\/100\n|switch|p2b: Gholdengo|Gholdengo, L50|100\/100\n|turn|1\n|inactive|Battle timer is ON: inactive players will automatically lose when time's up. (requested by Hadrian1917)\n|\n|t:|1683139764\n|move|p1a: Iron Hands|Fake Out|p2a: Murkrow\n|-damage|p2a: Murkrow|84\/100\n|cant|p2a: Murkrow|flinch\n|move|p2b: Gholdengo|Make It Rain|p1a: Iron Hands|[spread] p1a,p1b\n|-resisted|p1a: Iron Hands\n|-damage|p1a: Iron Hands|80\/100\n|-damage|p1b: Amoonguss|39\/100\n|-unboost|p2b: Gholdengo|spa|1\n|-enditem|p1b: Amoonguss|Sitrus Berry|[eat]\n|-heal|p1b: Amoonguss|64\/100|[from] item: Sitrus Berry\n|move|p1b: Amoonguss|Spore|p2a: Murkrow\n|-status|p2a: Murkrow|slp|[from] move: Spore\n|\n|upkeep\n|turn|2\n|\n|t:|1683139788\n|switch|p2a: Hydreigon|Hydreigon, L50, M|100\/100\n|switch|p2b: Annihilape|Annihilape, L50, M|100\/100\n|move|p1a: Iron Hands|Wild Charge|p2a: Hydreigon\n|-resisted|p2a: Hydreigon\n|-damage|p2a: Hydreigon|73\/100\n|-damage|p1a: Iron Hands|75\/100|[from] Recoil\n|move|p1b: Amoonguss|Pollen Puff|p1a: Iron Hands\n|-heal|p1a: Iron Hands|100\/100\n|\n|upkeep\n|turn|3\n|inactive|Hadrian1917 has 30 seconds left.\n|inactive|elmonitor02 has 30 seconds left.\n|\n|t:|1683139821\n|move|p2a: Hydreigon|Protect|p2a: Hydreigon\n|-singleturn|p2a: Hydreigon|Protect\n|move|p2b: Annihilape|Final Gambit|p1b: Amoonguss\n|-damage|p1b: Amoonguss|0 fnt\n|faint|p2b: Annihilape\n|faint|p1b: Amoonguss\n|move|p1a: Iron Hands|Volt Switch|p2a: Hydreigon\n|-activate|p2a: Hydreigon|move: Protect\n|\n|upkeep\n|\n|t:|1683139832\n|switch|p2b: Gholdengo|Gholdengo, L50|100\/100\n|switch|p1b: Chi-Yu|Chi-Yu, L50|100\/100\n|-ability|p1b: Chi-Yu|Beads of Ruin\n|turn|4\n|\n|t:|1683139848\n|move|p1b: Chi-Yu|Protect|p1b: Chi-Yu\n|-singleturn|p1b: Chi-Yu|Protect\n|move|p2b: Gholdengo|Protect|p2b: Gholdengo\n|-singleturn|p2b: Gholdengo|Protect\n|move|p2a: Hydreigon|Draco Meteor|p1b: Chi-Yu\n|-activate|p1b: Chi-Yu|move: Protect\n|move|p1a: Iron Hands|Volt Switch|p2a: Hydreigon\n|-resisted|p2a: Hydreigon\n|-damage|p2a: Hydreigon|63\/100\n|\n|t:|1683139858\n|-end|p1a: Iron Hands|Quark Drive|[silent]\n|switch|p1a: Flutter Mane|Flutter Mane, L50|100\/100|[from] Volt Switch\n|-enditem|p1a: Flutter Mane|Booster Energy\n|-activate|p1a: Flutter Mane|ability: Protosynthesis|[fromitem]\n|-start|p1a: Flutter Mane|protosynthesisspa\n|\n|upkeep\n|turn|5\n|inactive|Hadrian1917 has 30 seconds left.\n|inactive|Hadrian1917 has 20 seconds left.\n|inactive|Hadrian1917 has 15 seconds left.\n|inactive|Hadrian1917 has 10 seconds left.\n|\n|t:|1683139904\n|switch|p2b: Murkrow|Murkrow, L50, F|84\/100 slp\n|-terastallize|p2a: Hydreigon|Steel\n|move|p1a: Flutter Mane|Moonblast|p2a: Hydreigon\n|-resisted|p2a: Hydreigon\n|-damage|p2a: Hydreigon|9\/100\n|-unboost|p2a: Hydreigon|spa|1\n|move|p2a: Hydreigon|Flash Cannon|p1a: Flutter Mane\n|-supereffective|p1a: Flutter Mane\n|-damage|p1a: Flutter Mane|0 fnt\n|faint|p1a: Flutter Mane\n|-end|p1a: Flutter Mane|Protosynthesis|[silent]\n|-damage|p2a: Hydreigon|0 fnt|[from] item: Life Orb\n|faint|p2a: Hydreigon\n|move|p1b: Chi-Yu|Heat Wave|p2b: Murkrow\n|-damage|p2b: Murkrow|13\/100 slp\n|\n|upkeep\n|\n|t:|1683139919\n|switch|p1a: Iron Hands|Iron Hands, L50|100\/100\n|switch|p2a: Gholdengo|Gholdengo, L50|100\/100\n|turn|6\n|inactive|Hadrian1917 has 30 seconds left.\n|inactive|Hadrian1917 has 20 seconds left.\n|inactive|Hadrian1917 has 15 seconds left.\n|\n|t:|1683139962\n|move|p1a: Iron Hands|Fake Out|p2b: Murkrow\n|-damage|p2b: Murkrow|0 fnt\n|faint|p2b: Murkrow\n|move|p1b: Chi-Yu|Heat Wave|p2a: Gholdengo\n|-supereffective|p2a: Gholdengo\n|-damage|p2a: Gholdengo|0 fnt\n|faint|p2a: Gholdengo\n|\n|win|Hadrian1917\n|raw|Hadrian1917's rating: 1157 → 1177<\/strong> (+20 for winning)\n|raw|elmonitor02's rating: 1081 → 1064<\/strong> (-17 for losing)\n|l|\u2606elmonitor02\n","uploadtime":1683140022,"views":15,"p1id":"hadrian1917","p2id":"elmonitor02","formatid":"gen9vgc2023regulationc","rating":1064,"private":0,"password":""}