{"id":"gen9vgc2023regulationc-1848103830","p1":"t0rchlit","p2":"WyvernOP","format":"[Gen 9] VGC 2023 Regulation C","log":"|j|\u2606t0rchlit\n|j|\u2606WyvernOP\n|t:|1682030107\n|gametype|doubles\n|player|p1|t0rchlit|lady-gen4|1324\n|player|p2|WyvernOP|lance|1327\n|teamsize|p1|6\n|teamsize|p2|6\n|gen|9\n|tier|[Gen 9] VGC 2023 Regulation C\n|rated|\n|rule|Species Clause: Limit one of each Pok\u00e9mon\n|rule|Item Clause: Limit one of each item\n|clearpoke\n|poke|p1|Flutter Mane, L50|\n|poke|p1|Arcanine, L50, F|\n|poke|p1|Palafin, L50, F|\n|poke|p1|Amoonguss, L50, M|\n|poke|p1|Lycanroc, L50, F|\n|poke|p1|Tyranitar, L50, M|\n|poke|p2|Dragonite, L50, F|\n|poke|p2|Chien-Pao, L50|\n|poke|p2|Arcanine, L50, F|\n|poke|p2|Palafin, L50, F|\n|poke|p2|Amoonguss, L50, F|\n|poke|p2|Flutter Mane, L50|\n|teampreview|4\nt0rchlit has agreed to open team sheets.\n|\n|t:|1682030184\n|start\n|switch|p1a: Lycanroc|Lycanroc, L50, F|100\/100\n|switch|p1b: Strength|Tyranitar, L50, M|100\/100\n|switch|p2a: Palafin|Palafin, L50, F, shiny|100\/100\n|switch|p2b: Flutter Mane|Flutter Mane, L50|100\/100\n|-weather|Sandstorm|[from] ability: Sand Stream|[of] p1b: Strength\n|-enditem|p2b: Flutter Mane|Booster Energy\n|-activate|p2b: Flutter Mane|ability: Protosynthesis|[fromitem]\n|-start|p2b: Flutter Mane|protosynthesisspa\n|turn|1\n|inactive|Battle timer is ON: inactive players will automatically lose when time's up. (requested by WyvernOP)\n|\n|t:|1682030208\n|detailschange|p2a: Palafin|Palafin-Hero, L50, F, shiny\n|switch|p2a: Amoonguss|Amoonguss, L50, F|100\/100\n|move|p1a: Lycanroc|Rock Slide|p2a: Amoonguss|[spread] \n|-miss|p1a: Lycanroc|p2a: Amoonguss\n|-miss|p1a: Lycanroc|p2b: Flutter Mane\n|move|p2b: Flutter Mane|Dazzling Gleam|p1b: Strength|[spread] p1a,p1b\n|-supereffective|p1b: Strength\n|-damage|p1a: Lycanroc|52\/100\n|-damage|p1b: Strength|68\/100\n|move|p1b: Strength|Rock Slide|p2b: Flutter Mane|[spread] p2b\n|-miss|p1b: Strength|p2a: Amoonguss\n|-damage|p2b: Flutter Mane|53\/100\n|\n|-weather|Sandstorm|[upkeep]\n|-damage|p2b: Flutter Mane|47\/100|[from] Sandstorm\n|-damage|p2a: Amoonguss|95\/100|[from] Sandstorm\n|upkeep\n|turn|2\n|c|\u2606t0rchlit|wow\n|c|\u2606t0rchlit|how does this always happen\n|inactive|t0rchlit has 30 seconds left.\n|inactive|WyvernOP has 30 seconds left.\n|c|\u2606WyvernOP|ive been flinched 3 times in a row\n|c|\u2606WyvernOP|b4\n|inactive|WyvernOP has 20 seconds left.\n|\n|t:|1682030245\n|move|p2b: Flutter Mane|Protect|p2b: Flutter Mane\n|-singleturn|p2b: Flutter Mane|Protect\n|move|p1a: Lycanroc|Rock Slide|p2b: Flutter Mane|[spread] p2a\n|-activate|p2b: Flutter Mane|move: Protect\n|-damage|p2a: Amoonguss|69\/100\n|move|p1b: Strength|Rock Slide|p2b: Flutter Mane|[spread] p2a\n|-activate|p2b: Flutter Mane|move: Protect\n|-damage|p2a: Amoonguss|45\/100\n|-enditem|p2a: Amoonguss|Sitrus Berry|[eat]\n|-heal|p2a: Amoonguss|69\/100|[from] item: Sitrus Berry\n|move|p2a: Amoonguss|Spore|p1b: Strength\n|-status|p1b: Strength|slp|[from] move: Spore\n|\n|-weather|Sandstorm|[upkeep]\n|-damage|p2b: Flutter Mane|41\/100|[from] Sandstorm\n|-damage|p2a: Amoonguss|64\/100|[from] Sandstorm\n|upkeep\n|turn|3\n|\n|t:|1682030267\n|move|p1a: Lycanroc|Rock Slide|p2b: Flutter Mane|[spread] p2a,p2b\n|-crit|p2b: Flutter Mane\n|-damage|p2a: Amoonguss|40\/100\n|-damage|p2b: Flutter Mane|0 fnt\n|faint|p2b: Flutter Mane\n|-end|p2b: Flutter Mane|Protosynthesis|[silent]\n|cant|p1b: Strength|slp\n|move|p2a: Amoonguss|Pollen Puff|p2: Flutter Mane|[notarget]\n|-fail|p2a: Amoonguss\n|\n|-weather|Sandstorm|[upkeep]\n|-damage|p2a: Amoonguss|34\/100|[from] Sandstorm\n|upkeep\n|\n|t:|1682030277\n|switch|p2b: Palafin|Palafin-Hero, L50, F, shiny|100\/100\n|-activate|p2b: Palafin|ability: Zero to Hero\n|turn|4\n|\n|t:|1682030292\n|switch|p1a: Arcanine|Arcanine, L50, F|100\/100\n|-ability|p1a: Arcanine|Intimidate|boost\n|-unboost|p2a: Amoonguss|atk|1\n|-unboost|p2b: Palafin|atk|1\n|move|p2b: Palafin|Jet Punch|p1a: Arcanine\n|-supereffective|p1a: Arcanine\n|-damage|p1a: Arcanine|33\/100\n|cant|p1b: Strength|slp\n|move|p2a: Amoonguss|Spore|p1b: Strength\n|-fail|p1b: Strength|slp\n|\n|-weather|Sandstorm|[upkeep]\n|-damage|p2b: Palafin|94\/100|[from] Sandstorm\n|-damage|p2a: Amoonguss|28\/100|[from] Sandstorm\n|upkeep\n|turn|5\n|inactive|t0rchlit has 30 seconds left.\n|inactive|WyvernOP has 30 seconds left.\n|\n|t:|1682030323\n|switch|p1b: Amoongsus|Amoonguss, L50, M|100\/100\n|move|p1a: Arcanine|Protect|p1a: Arcanine\n|-singleturn|p1a: Arcanine|Protect\n|move|p2a: Amoonguss|Rage Powder|p2a: Amoonguss\n|-singleturn|p2a: Amoonguss|move: Rage Powder\n|move|p2b: Palafin|Wave Crash|p1b: Amoongsus\n|-resisted|p1b: Amoongsus\n|-damage|p1b: Amoongsus|68\/100\n|-damage|p2b: Palafin|82\/100|[from] Recoil\n|\n|-weather|none\n|upkeep\n|turn|6\n|inactive|t0rchlit has 30 seconds left.\n|inactive|WyvernOP has 30 seconds left.\n|inactive|t0rchlit has 20 seconds left.\n|inactive|WyvernOP has 20 seconds left.\n|inactive|t0rchlit has 15 seconds left.\n|inactive|WyvernOP has 15 seconds left.\n|inactive|WyvernOP has 10 seconds left.\n|\n|t:|1682030371\n|move|p1b: Amoongsus|Rage Powder|p1b: Amoongsus\n|-singleturn|p1b: Amoongsus|move: Rage Powder\n|move|p2b: Palafin|Jet Punch|p1b: Amoongsus\n|-resisted|p1b: Amoongsus\n|-damage|p1b: Amoongsus|50\/100\n|-enditem|p1b: Amoongsus|Sitrus Berry|[eat]\n|-heal|p1b: Amoongsus|75\/100|[from] item: Sitrus Berry\n|move|p1a: Arcanine|Flare Blitz|p2a: Amoonguss\n|-supereffective|p2a: Amoonguss\n|-damage|p2a: Amoonguss|0 fnt\n|faint|p2a: Amoonguss\n|-damage|p1a: Arcanine|23\/100|[from] Recoil\n|\n|upkeep\n|\n|t:|1682030381\n|switch|p2a: Chien-Pao|Chien-Pao, L50|100\/100\n|-ability|p2a: Chien-Pao|Sword of Ruin\n|turn|7\n|\n|t:|1682030398\n|switch|p1a: Strength|Tyranitar, L50, M|68\/100 slp\n|-weather|Sandstorm|[from] ability: Sand Stream|[of] p1a: Strength\n|-terastallize|p1b: Amoongsus|Water\n|move|p2a: Chien-Pao|Ice Spinner|p1b: Amoongsus\n|-resisted|p1b: Amoongsus\n|-damage|p1b: Amoongsus|47\/100\n|move|p2b: Palafin|Wave Crash|p1a: Strength\n|-supereffective|p1a: Strength\n|-damage|p1a: Strength|0 fnt\n|faint|p1a: Strength\n|-damage|p2b: Palafin|59\/100|[from] Recoil\n|move|p1b: Amoongsus|Spore|p2b: Palafin\n|-status|p2b: Palafin|slp|[from] move: Spore\n|\n|-weather|Sandstorm|[upkeep]\n|-damage|p2a: Chien-Pao|95\/100|[from] Sandstorm\n|-damage|p2b: Palafin|53\/100 slp|[from] Sandstorm\n|-damage|p1b: Amoongsus|41\/100|[from] Sandstorm\n|upkeep\n|\n|t:|1682030418\n|switch|p1a: Arcanine|Arcanine, L50, F|23\/100\n|-ability|p1a: Arcanine|Intimidate|boost\n|-unboost|p2a: Chien-Pao|atk|1\n|-unboost|p2b: Palafin|atk|1\n|turn|8\n|\n|t:|1682030444\n|switch|p1b: Lycanroc|Lycanroc, L50, F|52\/100\n|move|p1a: Arcanine|Extreme Speed|p2a: Chien-Pao\n|-damage|p2a: Chien-Pao|63\/100\n|move|p2a: Chien-Pao|Sacred Sword|p1a: Arcanine\n|-damage|p1a: Arcanine|0 fnt\n|faint|p1a: Arcanine\n|cant|p2b: Palafin|slp\n|\n|-weather|Sandstorm|[upkeep]\n|-damage|p2a: Chien-Pao|57\/100|[from] Sandstorm\n|-damage|p2b: Palafin|46\/100 slp|[from] Sandstorm\n|upkeep\n|\n|t:|1682030452\n|switch|p1a: Amoongsus|Amoonguss, L50, M, tera:Water|74\/100\n|turn|9\n|\n|t:|1682030462\n|move|p1a: Amoongsus|Rage Powder|p1a: Amoongsus\n|-singleturn|p1a: Amoongsus|move: Rage Powder\n|move|p2a: Chien-Pao|Sucker Punch||[still]\n|-fail|p2a: Chien-Pao\n|move|p1b: Lycanroc|Rock Slide|p2a: Chien-Pao|[spread] p2b\n|-miss|p1b: Lycanroc|p2a: Chien-Pao\n|-damage|p2b: Palafin|9\/100 slp\n|-curestatus|p2b: Palafin|slp|[msg]\n|move|p2b: Palafin|Haze|p2b: Palafin\n|-clearallboost\n|\n|-weather|Sandstorm|[upkeep]\n|-damage|p2a: Chien-Pao|51\/100|[from] Sandstorm\n|-damage|p2b: Palafin|3\/100|[from] Sandstorm\n|-damage|p1a: Amoongsus|68\/100|[from] Sandstorm\n|upkeep\n|turn|10\n|inactive|WyvernOP has 30 seconds left.\n|\n|t:|1682030490\n|move|p1b: Lycanroc|Protect|p1b: Lycanroc\n|-singleturn|p1b: Lycanroc|Protect\n|move|p1a: Amoongsus|Protect|p1a: Amoongsus\n|-singleturn|p1a: Amoongsus|Protect\n|move|p2a: Chien-Pao|Sacred Sword|p1a: Amoongsus\n|-activate|p1a: Amoongsus|move: Protect\n|move|p2b: Palafin|Wave Crash|p1a: Amoongsus\n|-activate|p1a: Amoongsus|move: Protect\n|\n|-weather|Sandstorm|[upkeep]\n|-damage|p2a: Chien-Pao|46\/100|[from] Sandstorm\n|-damage|p2b: Palafin|0 fnt|[from] Sandstorm\n|-damage|p1a: Amoongsus|62\/100|[from] Sandstorm\n|faint|p2b: Palafin\n|upkeep\n|turn|11\n|\n|t:|1682030512\n|-terastallize|p2a: Chien-Pao|Ghost\n|move|p1a: Amoongsus|Rage Powder|p1a: Amoongsus\n|-singleturn|p1a: Amoongsus|move: Rage Powder\n|move|p1b: Lycanroc|Close Combat|p2a: Chien-Pao\n|-immune|p2a: Chien-Pao\n|move|p2a: Chien-Pao|Sacred Sword|p1a: Amoongsus\n|-damage|p1a: Amoongsus|20\/100\n|\n|-weather|none\n|upkeep\n|turn|12\n|c|\u2606t0rchlit|yeah I had a feeling\n|inactive|t0rchlit has 30 seconds left.\n|c|\u2606t0rchlit|really didn't wanna risk it on the rock slide though\n|\n|t:|1682030545\n|move|p2a: Chien-Pao|Sacred Sword|p1b: Lycanroc\n|-supereffective|p1b: Lycanroc\n|-damage|p1b: Lycanroc|0 fnt\n|faint|p1b: Lycanroc\n|move|p1a: Amoongsus|Spore|p2a: Chien-Pao\n|-status|p2a: Chien-Pao|slp|[from] move: Spore\n|\n|upkeep\n|turn|13\n|\n|t:|1682030553\n|cant|p2a: Chien-Pao|slp\n|move|p1a: Amoongsus|Pollen Puff|p2a: Chien-Pao\n|-resisted|p2a: Chien-Pao\n|-damage|p2a: Chien-Pao|31\/100 slp\n|\n|upkeep\n|turn|14\n|\n|t:|1682030559\n|cant|p2a: Chien-Pao|slp\n|move|p1a: Amoongsus|Pollen Puff|p2a: Chien-Pao\n|-resisted|p2a: Chien-Pao\n|-damage|p2a: Chien-Pao|15\/100 slp\n|\n|upkeep\n|turn|15\n|c|\u2606t0rchlit|live by rng, die by rng i guess\n|\n|t:|1682030574\n|cant|p2a: Chien-Pao|slp\n|move|p1a: Amoongsus|Pollen Puff|p2a: Chien-Pao\n|-resisted|p2a: Chien-Pao\n|-damage|p2a: Chien-Pao|0 fnt\n|faint|p2a: Chien-Pao\n|\n|win|t0rchlit\n|raw|t0rchlit's rating: 1324 → 1344<\/strong> (+20 for winning)\n|raw|WyvernOP's rating: 1327 → 1307<\/strong> (-20 for losing)\n|c|\u2606t0rchlit|wow\n|c|\u2606WyvernOP|gg\n|c|\u2606t0rchlit|gg\n","uploadtime":1682030584,"views":8,"p1id":"t0rchlit","p2id":"wyvernop","formatid":"gen9vgc2023regulationc","rating":1307,"private":0,"password":""}