{"id":"gen9vgc2023regulationc-1863116930","p1":"dudhhdhdhdh","p2":"OlloBoi","format":"[Gen 9] VGC 2023 Regulation C","log":"|j|\u2606dudhhdhdhdh\n|j|\u2606OlloBoi\n|t:|1683973462\n|gametype|doubles\n|player|p1|dudhhdhdhdh|caitlin|1079\n|player|p2|OlloBoi|akari|1114\n|teamsize|p1|6\n|teamsize|p2|6\n|gen|9\n|tier|[Gen 9] VGC 2023 Regulation C\n|rated|\n|rule|Species Clause: Limit one of each Pok\u00e9mon\n|rule|Item Clause: Limit one of each item\n|clearpoke\n|poke|p1|Pelipper, L50, F|\n|poke|p1|Palafin, L50, M|\n|poke|p1|Flutter Mane, L50|\n|poke|p1|Kingambit, L50, F|\n|poke|p1|Baxcalibur, L50, F|\n|poke|p1|Amoonguss, L50, F|\n|poke|p2|Hawlucha, L50, F|\n|poke|p2|Indeedee-F, L50, F|\n|poke|p2|Armarouge, L50, F|\n|poke|p2|Chien-Pao, L50|\n|poke|p2|Sandy Shocks, L50|\n|poke|p2|Gyarados, L50, M|\n|teampreview|4\n|\n|t:|1683973489\n|start\n|switch|p1a: TheOnePieceIsReal|Kingambit, L50, F|100\/100\n|switch|p1b: Flatter Main|Flutter Mane, L50|100\/100\n|switch|p2a: Hawlucha|Hawlucha, L50, F|100\/100\n|switch|p2b: Indeedee|Indeedee-F, L50, F|100\/100\n|-fieldstart|move: Psychic Terrain|[from] ability: Psychic Surge|[of] p2b: Indeedee\n|-enditem|p2a: Hawlucha|Psychic Seed\n|-boost|p2a: Hawlucha|spd|1|[from] item: Psychic Seed\n|turn|1\n|\n|t:|1683973524\n|-terastallize|p2a: Hawlucha|Steel\n|-terastallize|p1a: TheOnePieceIsReal|Flying\n|move|p2b: Indeedee|Protect|p2b: Indeedee\n|-singleturn|p2b: Indeedee|Protect\n|move|p2a: Hawlucha|Acrobatics|p1b: Flatter Main\n|-damage|p1b: Flatter Main|17\/100\n|move|p1b: Flatter Main|Moonblast|p2b: Indeedee\n|-activate|p2b: Indeedee|move: Protect\n|move|p1a: TheOnePieceIsReal|Tera Blast|p2a: Hawlucha\n|-resisted|p2a: Hawlucha\n|-damage|p2a: Hawlucha|71\/100\n|\n|upkeep\n|turn|2\n|\n|t:|1683973544\n|move|p2a: Hawlucha|Acrobatics|p1b: Flatter Main\n|-damage|p1b: Flatter Main|0 fnt\n|faint|p1b: Flatter Main\n|-end|p1b: Flatter Main|Protosynthesis|[silent]\n|move|p2b: Indeedee|Heal Pulse|p2a: Hawlucha\n|-heal|p2a: Hawlucha|100\/100\n|move|p1a: TheOnePieceIsReal|Kowtow Cleave|p2a: Hawlucha\n|-damage|p2a: Hawlucha|33\/100\n|\n|upkeep\n|\n|t:|1683973560\n|switch|p1b: Ekusukarib\u0101|Baxcalibur, L50, F|100\/100\n|turn|3\n|\n|t:|1683973573\n|move|p1b: Ekusukarib\u0101|Protect|p1b: Ekusukarib\u0101\n|-singleturn|p1b: Ekusukarib\u0101|Protect\n|move|p2b: Indeedee|Follow Me|p2b: Indeedee\n|-singleturn|p2b: Indeedee|move: Follow Me\n|move|p2a: Hawlucha|Swords Dance|p2a: Hawlucha\n|-boost|p2a: Hawlucha|atk|2\n|move|p1a: TheOnePieceIsReal|Kowtow Cleave|p2b: Indeedee\n|-supereffective|p2b: Indeedee\n|-damage|p2b: Indeedee|11\/100\n|\n|upkeep\n|turn|4\n|\n|t:|1683973594\n|switch|p1b: Mermaid Man|Palafin, L50, M|100\/100\n|move|p2a: Hawlucha|Flying Press|p1b: Mermaid Man\n|-damage|p1b: Mermaid Man|0 fnt\n|faint|p1b: Mermaid Man\n|move|p2b: Indeedee|Heal Pulse|p2a: Hawlucha\n|-heal|p2a: Hawlucha|83\/100\n|move|p1a: TheOnePieceIsReal|Kowtow Cleave|p2a: Hawlucha\n|-damage|p2a: Hawlucha|18\/100\n|\n|upkeep\n|\n|t:|1683973601\n|switch|p1b: Ekusukarib\u0101|Baxcalibur, L50, F|100\/100\n|turn|5\n|\n|t:|1683973610\n|move|p1b: Ekusukarib\u0101|Protect|p1b: Ekusukarib\u0101\n|-singleturn|p1b: Ekusukarib\u0101|Protect\n|move|p2b: Indeedee|Protect|p2b: Indeedee\n|-singleturn|p2b: Indeedee|Protect\n|move|p2a: Hawlucha|Acrobatics|p1a: TheOnePieceIsReal\n|-damage|p1a: TheOnePieceIsReal|20\/100\n|move|p1a: TheOnePieceIsReal|Kowtow Cleave|p2b: Indeedee\n|-activate|p2b: Indeedee|move: Protect\n|\n|-fieldend|move: Psychic Terrain\n|upkeep\n|turn|6\n|\n|t:|1683973627\n|move|p2b: Indeedee|Follow Me|p2b: Indeedee\n|-singleturn|p2b: Indeedee|move: Follow Me\n|move|p1b: Ekusukarib\u0101|Ice Shard|p2b: Indeedee\n|-damage|p2b: Indeedee|0 fnt\n|faint|p2b: Indeedee\n|move|p1a: TheOnePieceIsReal|Sucker Punch|p2a: Hawlucha\n|-damage|p2a: Hawlucha|0 fnt\n|faint|p2a: Hawlucha\n|\n|upkeep\n|\n|t:|1683973636\n|switch|p2a: Sandy Shocks|Sandy Shocks, L50|100\/100\n|switch|p2b: Gyarados|Gyarados, L50, M|100\/100\n|-ability|p2b: Gyarados|Intimidate|boost\n|-unboost|p1a: TheOnePieceIsReal|atk|1\n|-ability|p1a: TheOnePieceIsReal|Defiant|boost\n|-boost|p1a: TheOnePieceIsReal|atk|2\n|-unboost|p1b: Ekusukarib\u0101|atk|1\n|-enditem|p2a: Sandy Shocks|Booster Energy\n|-activate|p2a: Sandy Shocks|ability: Protosynthesis|[fromitem]\n|-start|p2a: Sandy Shocks|protosynthesisspe\n|turn|7\n|\n|t:|1683973652\n|move|p2a: Sandy Shocks|Protect|p2a: Sandy Shocks\n|-singleturn|p2a: Sandy Shocks|Protect\n|move|p1a: TheOnePieceIsReal|Sucker Punch|p2b: Gyarados\n|-damage|p2b: Gyarados|35\/100\n|-enditem|p2b: Gyarados|Sitrus Berry|[eat]\n|-heal|p2b: Gyarados|60\/100|[from] item: Sitrus Berry\n|move|p1b: Ekusukarib\u0101|Glaive Rush|p2b: Gyarados\n|-damage|p2b: Gyarados|9\/100\n|-singlemove|p1b: Ekusukarib\u0101|Glaive Rush|[silent]\n|move|p2b: Gyarados|Waterfall|p1a: TheOnePieceIsReal\n|-damage|p1a: TheOnePieceIsReal|0 fnt\n|faint|p1a: TheOnePieceIsReal\n|\n|upkeep\n|turn|8\n|\n|t:|1683973672\n|move|p1b: Ekusukarib\u0101|Ice Shard|p2b: Gyarados\n|-damage|p2b: Gyarados|0 fnt\n|faint|p2b: Gyarados\n|move|p2a: Sandy Shocks|Earth Power|p1b: Ekusukarib\u0101\n|-damage|p1b: Ekusukarib\u0101|65\/100\n|\n|upkeep\n|turn|9\n|\n|t:|1683973688\n|move|p2a: Sandy Shocks|Earth Power|p1b: Ekusukarib\u0101\n|-damage|p1b: Ekusukarib\u0101|28\/100\n|move|p1b: Ekusukarib\u0101|Glaive Rush|p2a: Sandy Shocks\n|-damage|p2a: Sandy Shocks|37\/100\n|-singlemove|p1b: Ekusukarib\u0101|Glaive Rush|[silent]\n|\n|upkeep\n|turn|10\n|\n|t:|1683973697\n|move|p1b: Ekusukarib\u0101|Ice Shard|p2a: Sandy Shocks\n|-supereffective|p2a: Sandy Shocks\n|-damage|p2a: Sandy Shocks|0 fnt\n|faint|p2a: Sandy Shocks\n|-end|p2a: Sandy Shocks|Protosynthesis|[silent]\n|\n|win|dudhhdhdhdh\n|raw|dudhhdhdhdh's rating: 1079 → 1110<\/strong> (+31 for winning)\n|raw|OlloBoi's rating: 1114 → 1086<\/strong> (-28 for losing)\n|l|\u2606OlloBoi\n","uploadtime":1683973870,"views":13,"p1id":"dudhhdhdhdh","p2id":"olloboi","formatid":"gen9vgc2023regulationc","rating":1086,"private":0,"password":""}