{"id":"gen9vgc2023regulationc-1856318802","p1":"Wheeel","p2":"Charter-spectrum","format":"[Gen 9] VGC 2023 Regulation C","log":"|j|\u2606Wheeel\n|j|\u2606Charter-spectrum\n|t:|1683050462\n|gametype|doubles\n|player|p1|Wheeel|265|1261\n|player|p2|Charter-spectrum|101|1259\n|teamsize|p1|6\n|teamsize|p2|6\n|gen|9\n|tier|[Gen 9] VGC 2023 Regulation C\n|rated|\n|rule|Species Clause: Limit one of each Pok\u00e9mon\n|rule|Item Clause: Limit one of each item\n|clearpoke\n|poke|p1|Chi-Yu, L50|\n|poke|p1|Roaring Moon, L50|\n|poke|p1|Amoonguss, L50, M|\n|poke|p1|Iron Bundle, L50|\n|poke|p1|Gholdengo, L50|\n|poke|p1|Ting-Lu, L50|\n|poke|p2|Talonflame, L50, F|\n|poke|p2|Great Tusk, L50|\n|poke|p2|Magnezone, L50|\n|poke|p2|Azumarill, L50, F|\n|poke|p2|Chien-Pao, L50|\n|poke|p2|Ceruledge, L50, F|\n|teampreview|4\nWheeel has agreed to open team sheets.\n|inactive|Battle timer is ON: inactive players will automatically lose when time's up. (requested by Charter-spectrum)\nCharter-spectrum rejected open team sheets.\n|\n|t:|1683050520\n|start\n|switch|p1a: Chi-Yu|Chi-Yu, L50|100\/100\n|switch|p1b: Iron Bundle|Iron Bundle, L50|100\/100\n|switch|p2a: Robin|Talonflame, L50, F, shiny|100\/100\n|switch|p2b: Ryuma|Chien-Pao, L50|100\/100\n|-ability|p2b: Ryuma|Sword of Ruin\n|-ability|p1a: Chi-Yu|Beads of Ruin\n|turn|1\n|\n|t:|1683050542\n|switch|p2b: Ceruledge|Ceruledge, L50, F, shiny|100\/100\n|-terastallize|p1a: Chi-Yu|Ghost\n|move|p2a: Robin|Tailwind|p2a: Robin\n|-sidestart|p2: Charter-spectrum|move: Tailwind\n|move|p1b: Iron Bundle|Hydro Pump|p2a: Robin|[miss]\n|-miss|p1b: Iron Bundle|p2a: Robin\n|move|p1a: Chi-Yu|Heat Wave|p2a: Robin|[spread] p2a\n|-start|p2b: Ceruledge|ability: Flash Fire\n|-resisted|p2a: Robin\n|-damage|p2a: Robin|62\/100\n|\n|upkeep\n|turn|2\n|\n|t:|1683050565\n|-terastallize|p2b: Ceruledge|Grass\n|move|p2a: Robin|Brave Bird|p1b: Iron Bundle\n|-damage|p1b: Iron Bundle|35\/100\n|-damage|p2a: Robin|43\/100|[from] Recoil\n|move|p2b: Ceruledge|Bitter Blade|p1b: Iron Bundle\n|-damage|p1b: Iron Bundle|0 fnt\n|faint|p1b: Iron Bundle\n|-end|p1b: Iron Bundle|Quark Drive|[silent]\n|move|p1a: Chi-Yu|Dark Pulse|p2b: Ceruledge\n|-damage|p2b: Ceruledge|34\/100\n|\n|upkeep\n|\n|t:|1683050590\n|switch|p1b: Roaring Moon|Roaring Moon, L50|100\/100\n|-enditem|p1b: Roaring Moon|Booster Energy\n|-activate|p1b: Roaring Moon|ability: Protosynthesis|[fromitem]\n|-start|p1b: Roaring Moon|protosynthesisatk\n|turn|3\n|\n|t:|1683050610\n|move|p1a: Chi-Yu|Protect|p1a: Chi-Yu\n|-singleturn|p1a: Chi-Yu|Protect\n|move|p2a: Robin|Brave Bird|p1a: Chi-Yu\n|-activate|p1a: Chi-Yu|move: Protect\n|move|p2b: Ceruledge|Bitter Blade|p1a: Chi-Yu\n|-activate|p1a: Chi-Yu|move: Protect\n|move|p1b: Roaring Moon|Acrobatics|p2b: Ceruledge\n|-supereffective|p2b: Ceruledge\n|-damage|p2b: Ceruledge|0 fnt\n|faint|p2b: Ceruledge\n|\n|upkeep\n|\n|t:|1683050617\n|switch|p2b: The Don|Great Tusk, L50, shiny|100\/100\n|turn|4\n|inactive|Wheeel has 30 seconds left.\n|\n|t:|1683050647\n|move|p1b: Roaring Moon|Protect|p1b: Roaring Moon\n|-singleturn|p1b: Roaring Moon|Protect\n|move|p1a: Chi-Yu|Protect||[still]\n|-fail|p1a: Chi-Yu\n|move|p2a: Robin|Brave Bird|p1a: Chi-Yu\n|-damage|p1a: Chi-Yu|37\/100\n|-damage|p2a: Robin|21\/100|[from] Recoil\n|move|p2b: The Don|Close Combat|p1b: Roaring Moon\n|-activate|p1b: Roaring Moon|move: Protect\n|\n|-sideend|p2: Charter-spectrum|move: Tailwind\n|upkeep\n|turn|5\n|inactive|Wheeel has 30 seconds left.\n|\n|t:|1683050682\n|-end|p2b: The Don|Protosynthesis|[silent]\n|switch|p2b: Ryuma|Chien-Pao, L50|100\/100\n|-ability|p2b: Ryuma|Sword of Ruin\n|move|p2a: Robin|Tailwind|p2a: Robin\n|-sidestart|p2: Charter-spectrum|move: Tailwind\n|move|p1b: Roaring Moon|Acrobatics|p2a: Robin\n|-damage|p2a: Robin|0 fnt\n|faint|p2a: Robin\n|move|p1a: Chi-Yu|Overheat|p2b: Ryuma\n|-supereffective|p2b: Ryuma\n|-enditem|p2b: Ryuma|Focus Sash\n|-damage|p2b: Ryuma|1\/100\n|-unboost|p1a: Chi-Yu|spa|2\n|\n|upkeep\n|\n|t:|1683050696\n|switch|p2a: The Don|Great Tusk, L50, shiny|100\/100\n|turn|6\n|\n|t:|1683050709\n|switch|p1a: Ting-Lu|Ting-Lu, L50|100\/100\n|-ability|p1a: Ting-Lu|Vessel of Ruin\n|move|p1b: Roaring Moon|Protect|p1b: Roaring Moon\n|-singleturn|p1b: Roaring Moon|Protect\n|move|p2b: Ryuma|Sucker Punch||[still]\n|-fail|p2b: Ryuma\n|move|p2a: The Don|Close Combat|p1b: Roaring Moon\n|-activate|p1b: Roaring Moon|move: Protect\n|\n|upkeep\n|turn|7\n|\n|t:|1683050727\n|move|p2b: Ryuma|Protect|p2b: Ryuma\n|-singleturn|p2b: Ryuma|Protect\n|move|p2a: The Don|Earthquake|p1a: Ting-Lu|[spread] p1a,p1b\n|-activate|p2b: Ryuma|move: Protect\n|-damage|p1a: Ting-Lu|67\/100\n|-damage|p1b: Roaring Moon|38\/100\n|move|p1b: Roaring Moon|Acrobatics|p2a: The Don\n|-supereffective|p2a: The Don\n|-damage|p2a: The Don|0 fnt\n|faint|p2a: The Don\n|-end|p2a: The Don|Protosynthesis|[silent]\n|move|p1a: Ting-Lu|Heavy Slam|p2b: Ryuma\n|-activate|p2b: Ryuma|move: Protect\n|\n|upkeep\n|turn|8\n|-message|Charter-spectrum forfeited.\n|\n|win|Wheeel\n|raw|Wheeel's rating: 1261 → 1286<\/strong> (+25 for winning)\n|raw|Charter-spectrum's rating: 1259 → 1234<\/strong> (-25 for losing)\n|l|\u2606Charter-spectrum\n","uploadtime":1683050742,"views":13,"p1id":"wheeel","p2id":"charterspectrum","formatid":"gen9vgc2023regulationc","rating":1234,"private":0,"password":""}