{"id":"gen9vgc2023regulationc-1847574579","p1":"Wottl3y","p2":"Koruge7","format":"[Gen 9] VGC 2023 Regulation C","log":"|j|\u2606Wottl3y\n|j|\u2606Koruge7\n|t:|1681975940\n|gametype|doubles\n|player|p1|Wottl3y|cynthia|1066\n|player|p2|Koruge7|266|1077\n|teamsize|p1|6\n|teamsize|p2|6\n|gen|9\n|tier|[Gen 9] VGC 2023 Regulation C\n|rated|\n|rule|Species Clause: Limit one of each Pok\u00e9mon\n|rule|Item Clause: Limit one of each item\n|clearpoke\n|poke|p1|Iron Hands, L50|\n|poke|p1|Orthworm, L50, F|\n|poke|p1|Palafin, L50, F|\n|poke|p1|Amoonguss, L50, F|\n|poke|p1|Garchomp, L50, F|\n|poke|p1|Scream Tail, L50|\n|poke|p2|Hatterene, L50, F|\n|poke|p2|Amoonguss, L50, F|\n|poke|p2|Torkoal, L50, M|\n|poke|p2|Kingambit, L50, F|\n|poke|p2|Hariyama, L50, F|\n|poke|p2|Oranguru, L50, M|\n|teampreview|4\nKoruge7 rejected open team sheets.\n|c|\u2606Wottl3y|lol i know exactly what that team is\n|inactive|Battle timer is ON: inactive players will automatically lose when time's up. (requested by Koruge7)\n|\n|t:|1681976062\n|start\n|switch|p1a: Palafin|Palafin, L50, F|100\/100\n|switch|p1b: Scream Tail|Scream Tail, L50|100\/100\n|switch|p2a: Hatterene|Hatterene, L50, F|100\/100\n|switch|p2b: Amoonguss|Amoonguss, L50, F|100\/100\n|turn|1\n|\n|t:|1681976079\n|move|p2b: Amoonguss|Rage Powder|p2b: Amoonguss\n|-singleturn|p2b: Amoonguss|move: Rage Powder\n|move|p1a: Palafin|Flip Turn|p2b: Amoonguss\n|-resisted|p2b: Amoonguss\n|-damage|p2b: Amoonguss|86\/100\n|\n|t:|1681976093\n|detailschange|p1a: Palafin|Palafin-Hero, L50, F\n|switch|p1a: Iron Hands|Iron Hands, L50, shiny|100\/100|[from] Flip Turn\n|move|p1b: Scream Tail|Trick Room|p1b: Scream Tail\n|-fieldstart|move: Trick Room|[of] p1b: Scream Tail\n|move|p2a: Hatterene|Trick Room|p2a: Hatterene\n|-fieldend|move: Trick Room\n|\n|upkeep\n|turn|2\n|inactive|Wottl3y has 30 seconds left.\n|\n|t:|1681976122\n|move|p2a: Hatterene|Protect|p2a: Hatterene\n|-singleturn|p2a: Hatterene|Protect\n|move|p1b: Scream Tail|Howl|p1b: Scream Tail|[spread] p1a,p1b\n|-boost|p1a: Iron Hands|atk|1\n|-boost|p1b: Scream Tail|atk|1\n|move|p1a: Iron Hands|Ice Punch|p2b: Amoonguss\n|-supereffective|p2b: Amoonguss\n|-damage|p2b: Amoonguss|19\/100\n|-enditem|p2b: Amoonguss|Sitrus Berry|[eat]\n|-heal|p2b: Amoonguss|43\/100|[from] item: Sitrus Berry\n|move|p2b: Amoonguss|Spore|p1b: Scream Tail\n|-status|p1b: Scream Tail|slp|[from] move: Spore\n|\n|upkeep\n|turn|3\n|\n|t:|1681976145\n|-end|p1b: Scream Tail|Protosynthesis|[silent]\n|switch|p1b: Orthworm|Orthworm, L50, F, shiny|100\/100\n|move|p2b: Amoonguss|Rage Powder|p2b: Amoonguss\n|-singleturn|p2b: Amoonguss|move: Rage Powder\n|move|p1a: Iron Hands|Ice Punch|p2b: Amoonguss\n|-supereffective|p2b: Amoonguss\n|-damage|p2b: Amoonguss|0 fnt\n|faint|p2b: Amoonguss\n|move|p2a: Hatterene|Psychic|p1a: Iron Hands\n|-supereffective|p1a: Iron Hands\n|-damage|p1a: Iron Hands|29\/100\n|-damage|p2a: Hatterene|91\/100|[from] item: Life Orb\n|\n|upkeep\n|\n|t:|1681976160\n|switch|p2b: Torkoal|Torkoal, L50, M|100\/100\n|-weather|SunnyDay|[from] ability: Drought|[of] p2b: Torkoal\n|turn|4\n|\n|t:|1681976179\n|-terastallize|p1b: Orthworm|Fire\n|move|p1b: Orthworm|Heavy Slam|p2a: Hatterene\n|-supereffective|p2a: Hatterene\n|-damage|p2a: Hatterene|3\/100\n|move|p1a: Iron Hands|Close Combat|p2b: Torkoal\n|-damage|p2b: Torkoal|15\/100\n|-unboost|p1a: Iron Hands|def|1\n|-unboost|p1a: Iron Hands|spd|1\n|move|p2a: Hatterene|Psychic|p1b: Orthworm\n|-damage|p1b: Orthworm|32\/100\n|-damage|p2a: Hatterene|0 fnt|[from] item: Life Orb\n|faint|p2a: Hatterene\n|move|p2b: Torkoal|Eruption|p1b: Orthworm|[spread] p1a,p1b\n|-resisted|p1b: Orthworm\n|-damage|p1a: Iron Hands|20\/100\n|-damage|p1b: Orthworm|26\/100\n|\n|-weather|SunnyDay|[upkeep]\n|-heal|p1b: Orthworm|32\/100|[from] item: Leftovers\n|upkeep\n|\n|t:|1681976195\n|switch|p2a: Kingambit|Kingambit, L50, F|100\/100\n|turn|5\n|inactive|Wottl3y has 30 seconds left.\n|\n|t:|1681976227\n|-terastallize|p2a: Kingambit|Fire\n|move|p2b: Torkoal|Protect|p2b: Torkoal\n|-singleturn|p2b: Torkoal|Protect\n|move|p2a: Kingambit|Sucker Punch|p1a: Iron Hands\n|-resisted|p1a: Iron Hands\n|-damage|p1a: Iron Hands|0 fnt\n|faint|p1a: Iron Hands\n|-end|p1a: Iron Hands|Quark Drive|[silent]\n|move|p1b: Orthworm|Body Press|p2a: Kingambit\n|-damage|p2a: Kingambit|82\/100\n|\n|-weather|SunnyDay|[upkeep]\n|-heal|p1b: Orthworm|38\/100|[from] item: Leftovers\n|upkeep\n|\n|t:|1681976239\n|switch|p1a: Palafin|Palafin-Hero, L50, F|100\/100\n|-activate|p1a: Palafin|ability: Zero to Hero\n|turn|6\n|\n|t:|1681976262\n|switch|p1b: Scream Tail|Scream Tail, L50|100\/100 slp\n|-activate|p1b: Scream Tail|ability: Protosynthesis\n|-start|p1b: Scream Tail|protosynthesisdef\n|move|p1a: Palafin|Jet Punch|p2b: Torkoal\n|-supereffective|p2b: Torkoal\n|-damage|p2b: Torkoal|0 fnt\n|faint|p2b: Torkoal\n|move|p2a: Kingambit|Kowtow Cleave|p1a: Palafin\n|-damage|p1a: Palafin|54\/100\n|\n|-weather|SunnyDay|[upkeep]\n|upkeep\n|turn|7\n|\n|t:|1681976286\n|move|p1a: Palafin|Jet Punch|p2a: Kingambit\n|-supereffective|p2a: Kingambit\n|-damage|p2a: Kingambit|39\/100\n|move|p2a: Kingambit|Sucker Punch||[still]\n|-fail|p2a: Kingambit\n|cant|p1b: Scream Tail|slp\n|\n|-weather|SunnyDay|[upkeep]\n|upkeep\n|turn|8\n|\n|t:|1681976310\n|move|p1a: Palafin|Jet Punch|p2a: Kingambit\n|-supereffective|p2a: Kingambit\n|-damage|p2a: Kingambit|0 fnt\n|faint|p2a: Kingambit\n|\n|win|Wottl3y\n|raw|Wottl3y's rating: 1066 → 1097<\/strong> (+31 for winning)\n|raw|Koruge7's rating: 1077 → 1055<\/strong> (-22 for losing)\n|c|\u2606Wottl3y|gg\n|l|\u2606Koruge7\n","uploadtime":1681976491,"views":8,"p1id":"wottl3y","p2id":"koruge7","formatid":"gen9vgc2023regulationc","rating":1055,"private":0,"password":""}