{"id":"gen9vgc2023regulationc-1861234366","p1":"mikehn","p2":"qunqun24","format":"[Gen 9] VGC 2023 Regulation C","log":"|j|\u2606mikehn\n|j|\u2606qunqun24\n|t:|1683738187\n|gametype|doubles\n|player|p1|mikehn|169|1305\n|player|p2|qunqun24|1|1321\n|teamsize|p1|6\n|teamsize|p2|6\n|gen|9\n|tier|[Gen 9] VGC 2023 Regulation C\n|rated|\n|rule|Species Clause: Limit one of each Pok\u00e9mon\n|rule|Item Clause: Limit one of each item\n|clearpoke\n|poke|p1|Grimmsnarl, L50, M|\n|poke|p1|Ceruledge, L50, M|\n|poke|p1|Iron Hands, L50|\n|poke|p1|Corviknight, L50, F|\n|poke|p1|Wo-Chien, L50|\n|poke|p1|Glimmora, L50, M|\n|poke|p2|Annihilape, L50, F|\n|poke|p2|Maushold-Four, L50|\n|poke|p2|Gholdengo, L50|\n|poke|p2|Gyarados, L50, M|\n|poke|p2|Scream Tail, L50|\n|poke|p2|Ting-Lu, L50|\n|teampreview|4\n|inactive|Battle timer is ON: inactive players will automatically lose when time's up. (requested by qunqun24)\n|inactive|mikehn has 60 seconds left.\n|inactive|mikehn has 30 seconds left.\n|\n|t:|1683738254\n|start\n|switch|p1a: Grimmsnarl|Grimmsnarl, L50, M|100\/100\n|switch|p1b: Wo-Chien|Wo-Chien, L50|100\/100\n|switch|p2a: Maushold|Maushold-Four, L50|100\/100\n|switch|p2b: Annihilape|Annihilape, L50, F|100\/100\n|-ability|p1b: Wo-Chien|Tablets of Ruin\n|turn|1\n|\n|t:|1683738271\n|move|p1a: Grimmsnarl|Reflect|p1a: Grimmsnarl\n|-sidestart|p1: mikehn|Reflect\n|move|p2a: Maushold|Beat Up|p2b: Annihilape\n|-damage|p2b: Annihilape|99\/100\n|-damage|p2b: Annihilape|97\/100\n|-damage|p2b: Annihilape|95\/100\n|-damage|p2b: Annihilape|94\/100\n|-hitcount|p2b: Annihilape|4\n|move|p2b: Annihilape|Bulk Up|p2b: Annihilape\n|-boost|p2b: Annihilape|atk|1\n|-boost|p2b: Annihilape|def|1\n|move|p1b: Wo-Chien|Leech Seed|p2b: Annihilape\n|-start|p2b: Annihilape|move: Leech Seed\n|\n|-heal|p2b: Annihilape|100\/100|[from] item: Leftovers\n|-damage|p2b: Annihilape|88\/100|[from] Leech Seed|[of] p1b: Wo-Chien\n|upkeep\n|turn|2\n|inactive|mikehn has 30 seconds left.\n|inactive|mikehn has 20 seconds left.\n|inactive|mikehn has 15 seconds left.\n|inactive|mikehn has 10 seconds left.\n|\n|t:|1683738321\n|move|p2a: Maushold|Protect|p2a: Maushold\n|-singleturn|p2a: Maushold|Protect\n|move|p1a: Grimmsnarl|Light Screen|p1a: Grimmsnarl\n|-sidestart|p1: mikehn|move: Light Screen\n|move|p2b: Annihilape|Bulk Up|p2b: Annihilape\n|-boost|p2b: Annihilape|atk|1\n|-boost|p2b: Annihilape|def|1\n|move|p1b: Wo-Chien|Ruination|p2b: Annihilape\n|-damage|p2b: Annihilape|45\/100\n|\n|-heal|p2b: Annihilape|51\/100|[from] item: Leftovers\n|-damage|p2b: Annihilape|38\/100|[from] Leech Seed|[of] p1b: Wo-Chien\n|upkeep\n|turn|3\n|inactive|mikehn has 30 seconds left.\n|inactive|mikehn has 20 seconds left.\n|inactive|mikehn has 15 seconds left.\n|inactive|mikehn has 10 seconds left.\n|inactive|mikehn has 5 seconds left.\n|\n|t:|1683738372\n|switch|p1a: Glimmora|Glimmora, L50, M|100\/100\n|move|p2a: Maushold|Follow Me|p2a: Maushold\n|-singleturn|p2a: Maushold|move: Follow Me\n|move|p2b: Annihilape|Drain Punch|p1b: Wo-Chien\n|-supereffective|p1b: Wo-Chien\n|-damage|p1b: Wo-Chien|44\/100\n|-heal|p2b: Annihilape|65\/100|[from] drain|[of] p1b: Wo-Chien\n|move|p1b: Wo-Chien|Leech Seed|p2a: Maushold\n|-start|p2a: Maushold|move: Leech Seed\n|\n|-heal|p2b: Annihilape|71\/100|[from] item: Leftovers\n|-heal|p1b: Wo-Chien|50\/100|[from] item: Leftovers\n|-damage|p2a: Maushold|88\/100|[from] Leech Seed|[of] p1b: Wo-Chien\n|-heal|p1b: Wo-Chien|61\/100|[silent]\n|-damage|p2b: Annihilape|58\/100|[from] Leech Seed|[of] p1b: Wo-Chien\n|-heal|p1b: Wo-Chien|75\/100|[silent]\n|upkeep\n|turn|4\n|inactive|mikehn has 30 seconds left.\n|inactive|mikehn has 20 seconds left.\n|\n|t:|1683738412\n|switch|p2a: Scream Tail|Scream Tail, L50|100\/100\n|-enditem|p2a: Scream Tail|Booster Energy\n|-activate|p2a: Scream Tail|ability: Protosynthesis|[fromitem]\n|-start|p2a: Scream Tail|protosynthesisspe\n|move|p1a: Glimmora|Sludge Bomb|p2b: Annihilape\n|-resisted|p2b: Annihilape\n|-damage|p2b: Annihilape|37\/100\n|move|p2b: Annihilape|Drain Punch|p1a: Glimmora\n|-damage|p1a: Glimmora|58\/100\n|-heal|p2b: Annihilape|53\/100|[from] drain|[of] p1a: Glimmora\n|-activate|p1a: Glimmora|ability: Toxic Debris\n|-sidestart|p2: qunqun24|move: Toxic Spikes\n|move|p1b: Wo-Chien|Ruination|p2b: Annihilape\n|-damage|p2b: Annihilape|27\/100\n|\n|-heal|p2b: Annihilape|33\/100|[from] item: Leftovers\n|-heal|p1b: Wo-Chien|81\/100|[from] item: Leftovers\n|-damage|p2b: Annihilape|21\/100|[from] Leech Seed|[of] p1b: Wo-Chien\n|-heal|p1b: Wo-Chien|95\/100|[silent]\n|upkeep\n|turn|5\n|inactive|mikehn has 30 seconds left.\n|inactive|qunqun24 has 30 seconds left.\n|inactive|mikehn has 20 seconds left.\n|\n|t:|1683738448\n|move|p2a: Scream Tail|Light Screen|p2a: Scream Tail\n|-sidestart|p2: qunqun24|move: Light Screen\n|move|p1a: Glimmora|Sludge Bomb|p2a: Scream Tail\n|-supereffective|p2a: Scream Tail\n|-damage|p2a: Scream Tail|53\/100\n|move|p2b: Annihilape|Drain Punch|p1a: Glimmora\n|-damage|p1a: Glimmora|16\/100\n|-heal|p2b: Annihilape|37\/100|[from] drain|[of] p1a: Glimmora\n|-activate|p1a: Glimmora|ability: Toxic Debris\n|-sidestart|p2: qunqun24|move: Toxic Spikes\n|move|p1b: Wo-Chien|Leech Seed|p2a: Scream Tail\n|-start|p2a: Scream Tail|move: Leech Seed\n|\n|-heal|p2b: Annihilape|43\/100|[from] item: Leftovers\n|-heal|p1b: Wo-Chien|100\/100|[from] item: Leftovers\n|-damage|p2a: Scream Tail|41\/100|[from] Leech Seed|[of] p1b: Wo-Chien\n|-damage|p2b: Annihilape|31\/100|[from] Leech Seed|[of] p1b: Wo-Chien\n|upkeep\n|turn|6\n|inactive|mikehn has 30 seconds left.\n|inactive|mikehn has 20 seconds left.\n|inactive|mikehn has 15 seconds left.\n|inactive|mikehn has 10 seconds left.\n|inactive|mikehn has 5 seconds left.\n|\n|t:|1683738503\n|move|p2a: Scream Tail|Disable|p1a: Glimmora\n|-start|p1a: Glimmora|Disable|Sludge Bomb\n|move|p1a: Glimmora|Power Gem|p2b: Annihilape\n|-resisted|p2b: Annihilape\n|-damage|p2b: Annihilape|19\/100\n|move|p2b: Annihilape|Drain Punch|p1b: Wo-Chien\n|-supereffective|p1b: Wo-Chien\n|-damage|p1b: Wo-Chien|44\/100\n|-heal|p2b: Annihilape|45\/100|[from] drain|[of] p1b: Wo-Chien\n|move|p1b: Wo-Chien|Giga Drain|p2a: Scream Tail\n|-damage|p2a: Scream Tail|29\/100\n|-heal|p1b: Wo-Chien|50\/100|[from] drain|[of] p2a: Scream Tail\n|\n|-heal|p2b: Annihilape|51\/100|[from] item: Leftovers\n|-heal|p1b: Wo-Chien|57\/100|[from] item: Leftovers\n|-damage|p2a: Scream Tail|17\/100|[from] Leech Seed|[of] p1b: Wo-Chien\n|-heal|p1b: Wo-Chien|71\/100|[silent]\n|-damage|p2b: Annihilape|39\/100|[from] Leech Seed|[of] p1b: Wo-Chien\n|-heal|p1b: Wo-Chien|84\/100|[silent]\n|upkeep\n|turn|7\n|inactive|mikehn has 30 seconds left.\n|inactive|mikehn has 20 seconds left.\n|\n|t:|1683738542\n|move|p1a: Glimmora|Spiky Shield|p1a: Glimmora\n|-singleturn|p1a: Glimmora|move: Protect\n|move|p1b: Wo-Chien|Protect|p1b: Wo-Chien\n|-singleturn|p1b: Wo-Chien|Protect\n|move|p2a: Scream Tail|Play Rough|p1b: Wo-Chien\n|-activate|p1b: Wo-Chien|move: Protect\n|move|p2b: Annihilape|Drain Punch|p1b: Wo-Chien\n|-activate|p1b: Wo-Chien|move: Protect\n|\n|-heal|p2b: Annihilape|45\/100|[from] item: Leftovers\n|-heal|p1b: Wo-Chien|91\/100|[from] item: Leftovers\n|-damage|p2a: Scream Tail|5\/100|[from] Leech Seed|[of] p1b: Wo-Chien\n|-heal|p1b: Wo-Chien|100\/100|[silent]\n|-damage|p2b: Annihilape|33\/100|[from] Leech Seed|[of] p1b: Wo-Chien\n|upkeep\n|turn|8\n|inactive|mikehn has 30 seconds left.\n|\n|t:|1683738575\n|-terastallize|p1b: Wo-Chien|Poison\n|move|p2a: Scream Tail|Disable|p1b: Wo-Chien\n|-start|p1b: Wo-Chien|Disable|Protect\n|move|p1a: Glimmora|Earth Power|p2b: Annihilape\n|-damage|p2b: Annihilape|12\/100\n|move|p2b: Annihilape|Drain Punch|p1b: Wo-Chien\n|-resisted|p1b: Wo-Chien\n|-damage|p1b: Wo-Chien|87\/100\n|-heal|p2b: Annihilape|19\/100|[from] drain|[of] p1b: Wo-Chien\n|move|p1b: Wo-Chien|Giga Drain|p2a: Scream Tail\n|-damage|p2a: Scream Tail|0 fnt\n|-heal|p1b: Wo-Chien|90\/100|[from] drain|[of] p2a: Scream Tail\n|faint|p2a: Scream Tail\n|-end|p2a: Scream Tail|Protosynthesis|[silent]\n|\n|-heal|p2b: Annihilape|25\/100|[from] item: Leftovers\n|-heal|p1b: Wo-Chien|96\/100|[from] item: Leftovers\n|-damage|p2b: Annihilape|12\/100|[from] Leech Seed|[of] p1b: Wo-Chien\n|-heal|p1b: Wo-Chien|100\/100|[silent]\n|-sideend|p1: mikehn|Reflect\n|upkeep\n|\n|t:|1683738582\n|switch|p2a: Gyarados|Gyarados, L50, M|100\/100\n|-ability|p2a: Gyarados|Intimidate|boost\n|-unboost|p1a: Glimmora|atk|1\n|-unboost|p1b: Wo-Chien|atk|1\n|turn|9\n|inactive|mikehn has 30 seconds left.\n|\n|t:|1683738617\n|switch|p2a: Maushold|Maushold-Four, L50|88\/100\n|-status|p2a: Maushold|tox\n|move|p1a: Glimmora|Power Gem|p2a: Maushold\n|-damage|p2a: Maushold|55\/100 tox\n|move|p2b: Annihilape|Drain Punch|p2a: Maushold\n|-supereffective|p2a: Maushold\n|-damage|p2a: Maushold|0 fnt\n|-heal|p2b: Annihilape|36\/100|[from] drain|[of] p2a: Maushold\n|faint|p2a: Maushold\n|move|p1b: Wo-Chien|Leech Seed||[still]\n|-fail|p1b: Wo-Chien\n|\n|-heal|p2b: Annihilape|42\/100|[from] item: Leftovers\n|-damage|p2b: Annihilape|30\/100|[from] Leech Seed|[of] p1b: Wo-Chien\n|-end|p1a: Glimmora|Disable\n|-sideend|p2: qunqun24|move: Light Screen\n|-sideend|p1: mikehn|move: Light Screen\n|upkeep\n|\n|t:|1683738622\n|switch|p2a: Gyarados|Gyarados, L50, M|100\/100\n|-ability|p2a: Gyarados|Intimidate|boost\n|-unboost|p1a: Glimmora|atk|1\n|-unboost|p1b: Wo-Chien|atk|1\n|turn|10\n|\n|t:|1683738642\n|move|p1a: Glimmora|Earth Power|p2b: Annihilape\n|-damage|p2b: Annihilape|1\/100\n|move|p2b: Annihilape|Rage Fist|p1b: Wo-Chien\n|-crit|p1b: Wo-Chien\n|-damage|p1b: Wo-Chien|0 fnt\n|faint|p1b: Wo-Chien\n|move|p2a: Gyarados|Waterfall|p1a: Glimmora\n|-supereffective|p1a: Glimmora\n|-damage|p1a: Glimmora|0 fnt\n|faint|p1a: Glimmora\n|\n|-heal|p2b: Annihilape|7\/100|[from] item: Leftovers\n|upkeep\n|\n|t:|1683738653\n|switch|p1a: Grimmsnarl|Grimmsnarl, L50, M|100\/100\n|switch|p1b: Iron Hands|Iron Hands, L50|100\/100\n|turn|11\n|\n|t:|1683738673\n|-terastallize|p2a: Gyarados|Steel\n|move|p1a: Grimmsnarl|Reflect|p1a: Grimmsnarl\n|-sidestart|p1: mikehn|Reflect\n|move|p2b: Annihilape|Rage Fist|p1b: Iron Hands\n|-damage|p1b: Iron Hands|0 fnt\n|faint|p1b: Iron Hands\n|-end|p1b: Iron Hands|Quark Drive|[silent]\n|move|p2a: Gyarados|Iron Head|p1a: Grimmsnarl\n|-supereffective|p1a: Grimmsnarl\n|-damage|p1a: Grimmsnarl|41\/100\n|\n|-heal|p2b: Annihilape|13\/100|[from] item: Leftovers\n|upkeep\n|turn|12\n|\n|t:|1683738687\n|move|p2b: Annihilape|Rage Fist|p1a: Grimmsnarl\n|-resisted|p1a: Grimmsnarl\n|-damage|p1a: Grimmsnarl|0 fnt\n|faint|p1a: Grimmsnarl\n|\n|win|qunqun24\n|raw|mikehn's rating: 1305 → 1286<\/strong> (-19 for losing)\n|raw|qunqun24's rating: 1321 → 1340<\/strong> (+19 for winning)\n|l|\u2606mikehn\n|l|\u2606qunqun24\n|j|\u2606qunqun24\n|player|p2|qunqun24|1\n","uploadtime":1683739309,"views":6,"p1id":"mikehn","p2id":"qunqun24","formatid":"gen9vgc2023regulationc","rating":1286,"private":0,"password":""}