{"id":"gen9vgc2023regulationc-1855377340","p1":"Titi Grech","p2":"Get outta my Heart","format":"[Gen 9] VGC 2023 Regulation C","log":"|j|\u2606Titi Grech\n|j|\u2606Get outta my Heart\n|t:|1682945045\n|gametype|doubles\n|player|p1|Titi Grech|hiker-gen4|\n|player|p2|Get outta my Heart|veteranf|\n|teamsize|p1|6\n|teamsize|p2|6\n|gen|9\n|tier|[Gen 9] VGC 2023 Regulation C\n|rated|Tournament battle\n|rule|Species Clause: Limit one of each Pok\u00e9mon\n|rule|Item Clause: Limit one of each item\n|clearpoke\n|poke|p1|Arcanine, L50, F|\n|poke|p1|Rotom-Wash, L50|\n|poke|p1|Scizor, L50, F|\n|poke|p1|Flutter Mane, L50|\n|poke|p1|Chien-Pao, L50|\n|poke|p1|Garchomp, L50, F|\n|poke|p2|Roaring Moon, L50|\n|poke|p2|Arcanine, L50, M|\n|poke|p2|Amoonguss, L50, F|\n|poke|p2|Palafin, L50, F|\n|poke|p2|Tyranitar, L50, M|\n|poke|p2|Flutter Mane, L50|\n|teampreview|4\n|raw| Open Team Sheet for Titi Grech<\/summary>Arcanine @ Safety Goggles Ability: Intimidate Level: 50 Shiny: Yes Tera Type: Flying - Extreme Speed - Flare Blitz - Protect - Will-O-Wisp Rotom (Rotom-Wash) @ Choice Specs Ability: Levitate Level: 50 Tera Type: Fire - Discharge - Hydro Pump - Shadow Ball - Tera Blast Scizor @ Life Orb Ability: Technician Level: 50 Tera Type: Fighting - Bullet Punch - Close Combat - X-Scissor - Protect Flutter Mane @ Booster Energy Ability: Protosynthesis Level: 50 Shiny: Yes Tera Type: Fairy - Dazzling Gleam - Shadow Ball - Energy Ball - Protect Chien-Pao @ Focus Sash Ability: Sword of Ruin Level: 50 Tera Type: Dark - Ice Spinner - Sucker Punch - Haze - Sacred Sword Garchomp @ Choice Scarf Ability: Rough Skin Level: 50 Tera Type: Ground - Earthquake - Dragon Claw - Iron Head - Rock Slide <\/details><\/div> Open Team Sheet for Get outta my Heart<\/summary>Roaring Moon @ Booster Energy Ability: Protosynthesis Level: 50 Tera Type: Flying - Throat Chop - Acrobatics - Tailwind - Protect Arcanine @ Safety Goggles Ability: Intimidate Level: 50 Tera Type: Grass - Flare Blitz - Extreme Speed - Will-O-Wisp - Protect Amoonguss @ Sitrus Berry Ability: Regenerator Level: 50 Tera Type: Water - Pollen Puff - Spore - Rage Powder - Protect Palafin @ Mystic Water Ability: Zero to Hero Level: 50 Tera Type: Water - Wave Crash - Jet Punch - Haze - Protect Tyranitar @ Assault Vest Ability: Sand Stream Level: 50 Tera Type: Water - Rock Slide - Crunch - Low Kick - Heavy Slam Flutter Mane @ Choice Specs Ability: Protosynthesis Level: 50 Tera Type: Fairy - Shadow Ball - Moonblast - Dazzling Gleam - Thunderbolt <\/details><\/div>\n|inactive|Battle timer is ON: inactive players will automatically lose when time's up. (requested by Titi Grech)\n|inactive|Get outta my Heart has 60 seconds left.\n|inactive|Get outta my Heart has 30 seconds left.\n|\n|t:|1682945113\n|start\n|switch|p1a: Garchomp|Garchomp, L50, F|100\/100\n|switch|p1b: Rotom|Rotom-Wash, L50|100\/100\n|switch|p2a: Roaring Moon|Roaring Moon, L50|100\/100\n|switch|p2b: Flutter Mane|Flutter Mane, L50|100\/100\n|-enditem|p2a: Roaring Moon|Booster Energy\n|-activate|p2a: Roaring Moon|ability: Protosynthesis|[fromitem]\n|-start|p2a: Roaring Moon|protosynthesisatk\n|turn|1\n|\n|t:|1682945132\n|-end|p2b: Flutter Mane|Protosynthesis|[silent]\n|switch|p2b: Arcanine|Arcanine, L50, M|100\/100\n|-ability|p2b: Arcanine|Intimidate|boost\n|-unboost|p1a: Garchomp|atk|1\n|-unboost|p1b: Rotom|atk|1\n|-terastallize|p1a: Garchomp|Ground\n|move|p1a: Garchomp|Earthquake|p2b: Arcanine|[spread] p2a,p2b\n|-immune|p1b: Rotom|[from] ability: Levitate\n|-supereffective|p2b: Arcanine\n|-damage|p2a: Roaring Moon|58\/100\n|-damage|p2b: Arcanine|31\/100\n|move|p2a: Roaring Moon|Tailwind|p2a: Roaring Moon\n|-sidestart|p2: Get outta my Heart|move: Tailwind\n|move|p1b: Rotom|Discharge|p2a: Roaring Moon|[spread] p2a,p2b\n|-immune|p1a: Garchomp\n|-resisted|p2a: Roaring Moon\n|-damage|p2a: Roaring Moon|39\/100\n|-damage|p2b: Arcanine|0 fnt\n|faint|p2b: Arcanine\n|\n|upkeep\n|\n|t:|1682945148\n|switch|p2b: Flutter Mane|Flutter Mane, L50|100\/100\n|turn|2\n|\n|t:|1682945166\n|-terastallize|p2a: Roaring Moon|Flying\n|move|p2b: Flutter Mane|Dazzling Gleam|p1a: Garchomp|[spread] p1a,p1b\n|-damage|p1a: Garchomp|47\/100\n|-damage|p1b: Rotom|52\/100\n|move|p2a: Roaring Moon|Throat Chop|p1b: Rotom\n|-damage|p1b: Rotom|0 fnt\n|faint|p1b: Rotom\n|move|p1a: Garchomp|Earthquake|p2a: Roaring Moon|[spread] p2b\n|-immune|p2a: Roaring Moon\n|-damage|p2b: Flutter Mane|31\/100\n|\n|upkeep\n|\n|t:|1682945182\n|switch|p1b: Scizor|Scizor, L50, F|100\/100\n|turn|3\n|\n|t:|1682945189\n|-end|p2b: Flutter Mane|Protosynthesis|[silent]\n|switch|p2b: Amoonguss|Amoonguss, L50, F|100\/100\n|move|p1b: Scizor|Bullet Punch|p2a: Roaring Moon\n|-damage|p2a: Roaring Moon|0 fnt\n|faint|p2a: Roaring Moon\n|-end|p2a: Roaring Moon|Protosynthesis|[silent]\n|-damage|p1b: Scizor|91\/100|[from] item: Life Orb\n|move|p1a: Garchomp|Earthquake|p2b: Amoonguss|[spread] p1b,p2b\n|-damage|p1b: Scizor|54\/100\n|-damage|p2b: Amoonguss|73\/100\n|\n|upkeep\n|\n|t:|1682945194\n|switch|p2a: Flutter Mane|Flutter Mane, L50|31\/100\n|turn|4\n|\n|t:|1682945206\n|switch|p1a: Chien-Pao|Chien-Pao, L50|100\/100\n|-ability|p1a: Chien-Pao|Sword of Ruin\n|move|p2b: Amoonguss|Rage Powder|p2b: Amoonguss\n|-singleturn|p2b: Amoonguss|move: Rage Powder\n|move|p1b: Scizor|Bullet Punch|p2b: Amoonguss\n|-damage|p2b: Amoonguss|32\/100\n|-enditem|p2b: Amoonguss|Sitrus Berry|[eat]\n|-heal|p2b: Amoonguss|57\/100|[from] item: Sitrus Berry\n|-damage|p1b: Scizor|44\/100|[from] item: Life Orb\n|move|p2a: Flutter Mane|Dazzling Gleam|p1a: Chien-Pao|[spread] p1a,p1b\n|-supereffective|p1a: Chien-Pao\n|-resisted|p1b: Scizor\n|-enditem|p1a: Chien-Pao|Focus Sash\n|-damage|p1a: Chien-Pao|1\/100\n|-damage|p1b: Scizor|13\/100\n|\n|-sideend|p2: Get outta my Heart|move: Tailwind\n|upkeep\n|turn|5\n|inactive|Titi Grech has 30 seconds left.\n|\n|t:|1682945231\n|move|p2b: Amoonguss|Rage Powder|p2b: Amoonguss\n|-singleturn|p2b: Amoonguss|move: Rage Powder\n|move|p1b: Scizor|Bullet Punch|p2b: Amoonguss\n|-damage|p2b: Amoonguss|13\/100\n|-damage|p1b: Scizor|4\/100|[from] item: Life Orb\n|move|p1a: Chien-Pao|Ice Spinner|p2b: Amoonguss\n|-supereffective|p2b: Amoonguss\n|-damage|p2b: Amoonguss|0 fnt\n|faint|p2b: Amoonguss\n|move|p2a: Flutter Mane|Dazzling Gleam|p1b: Scizor|[spread] p1a,p1b\n|-supereffective|p1a: Chien-Pao\n|-resisted|p1b: Scizor\n|-damage|p1a: Chien-Pao|0 fnt\n|-damage|p1b: Scizor|0 fnt\n|faint|p1a: Chien-Pao\n|faint|p1b: Scizor\n|\n|upkeep\n|-message|Get outta my Heart forfeited.\n|\n|win|Titi Grech\n|n|\u2606Titi Grech|titigrech\n|n|\u2606Get outta my Heart|getouttamyheart\n","uploadtime":1682945243,"views":20,"p1id":"titigrech","p2id":"getouttamyheart","formatid":"gen9vgc2023regulationc","rating":0,"private":0,"password":""}