{"id":"gen9vgc2023regulationc-1855261075","p1":"Autumnlux","p2":"haha you rage quit","format":"[Gen 9] VGC 2023 Regulation C","log":"|j|\u2606Autumnlux\n|j|\u2606haha you rage quit\n|t:|1682925084\n|gametype|doubles\n|player|p1|Autumnlux|101|1267\n|player|p2|haha you rage quit|pokemaniac|1276\n|teamsize|p1|6\n|teamsize|p2|6\n|gen|9\n|tier|[Gen 9] VGC 2023 Regulation C\n|rated|\n|rule|Species Clause: Limit one of each Pok\u00e9mon\n|rule|Item Clause: Limit one of each item\n|clearpoke\n|poke|p1|Annihilape, L50, M|\n|poke|p1|Gyarados, L50, M|\n|poke|p1|Flutter Mane, L50|\n|poke|p1|Wo-Chien, L50|\n|poke|p1|Glimmora, L50, F|\n|poke|p1|Klefki, L50, M|\n|poke|p2|Dondozo, L50, M|\n|poke|p2|Tatsugiri-Droopy, L50, M|\n|poke|p2|Torkoal, L50, M|\n|poke|p2|Flutter Mane, L50|\n|poke|p2|Kingambit, L50, M|\n|poke|p2|Indeedee-F, L50, F|\n|teampreview|4\n|inactive|Battle timer is ON: inactive players will automatically lose when time's up. (requested by Autumnlux)\n|\n|t:|1682925160\n|start\n|switch|p1a: Klefki|Klefki, L50, M|100\/100\n|switch|p1b: Glimmora|Glimmora, L50, F|100\/100\n|switch|p2a: Kingambit|Kingambit, L50, M, shiny|100\/100\n|switch|p2b: Indeedee|Indeedee-F, L50, F, shiny|100\/100\n|-fieldstart|move: Psychic Terrain|[from] ability: Psychic Surge|[of] p2b: Indeedee\n|-enditem|p2b: Indeedee|Psychic Seed\n|-boost|p2b: Indeedee|spd|1|[from] item: Psychic Seed\n|turn|1\n|inactive|Autumnlux has 30 seconds left.\n|\n|t:|1682925191\n|move|p1b: Glimmora|Earth Power|p2a: Kingambit\n|-supereffective|p2a: Kingambit\n|-damage|p2a: Kingambit|44\/100\n|move|p1a: Klefki|Dazzling Gleam|p2a: Kingambit|[spread] p2a,p2b\n|-crit|p2a: Kingambit\n|-damage|p2a: Kingambit|18\/100\n|-damage|p2b: Indeedee|90\/100\n|move|p2a: Kingambit|Swords Dance|p2a: Kingambit\n|-boost|p2a: Kingambit|atk|2\n|move|p2b: Indeedee|Trick Room|p2b: Indeedee\n|-fieldstart|move: Trick Room|[of] p2b: Indeedee\n|\n|upkeep\n|turn|2\n|inactive|Autumnlux has 30 seconds left.\n|inactive|haha you rage quit has 30 seconds left.\n|inactive|Autumnlux has 20 seconds left.\n|inactive|haha you rage quit has 20 seconds left.\n|inactive|Autumnlux has 15 seconds left.\n|inactive|Autumnlux has 10 seconds left.\n|inactive|Autumnlux has 5 seconds left.\n|\n|t:|1682925243\n|move|p2a: Kingambit|Kowtow Cleave|p1b: Glimmora\n|-damage|p1b: Glimmora|7\/100\n|-activate|p1b: Glimmora|ability: Toxic Debris\n|-sidestart|p2: haha you rage quit|move: Toxic Spikes\n|move|p2b: Indeedee|Heal Pulse|p2a: Kingambit\n|-heal|p2a: Kingambit|68\/100\n|move|p1a: Klefki|Dazzling Gleam|p2b: Indeedee|[spread] p2a,p2b\n|-damage|p2a: Kingambit|50\/100\n|-damage|p2b: Indeedee|80\/100\n|move|p1b: Glimmora|Mortal Spin|p2a: Kingambit|[spread] p2b\n|-immune|p2a: Kingambit\n|-damage|p2b: Indeedee|75\/100\n|-status|p2b: Indeedee|psn\n|\n|-damage|p2b: Indeedee|63\/100 psn|[from] psn\n|upkeep\n|turn|3\n|inactive|haha you rage quit has 30 seconds left.\n|inactive|haha you rage quit has 20 seconds left.\n|\n|t:|1682925281\n|move|p2a: Kingambit|Swords Dance|p2a: Kingambit\n|-boost|p2a: Kingambit|atk|2\n|move|p2b: Indeedee|Heal Pulse|p2a: Kingambit\n|-heal|p2a: Kingambit|100\/100\n|move|p1a: Klefki|Dazzling Gleam|p2a: Kingambit|[spread] p2a,p2b\n|-damage|p2a: Kingambit|83\/100\n|-damage|p2b: Indeedee|52\/100 psn\n|move|p1b: Glimmora|Earth Power|p2a: Kingambit\n|-supereffective|p2a: Kingambit\n|-damage|p2a: Kingambit|22\/100\n|\n|-damage|p2b: Indeedee|40\/100 psn|[from] psn\n|upkeep\n|turn|4\n|inactive|haha you rage quit has 30 seconds left.\n|\n|t:|1682925308\n|move|p2a: Kingambit|Kowtow Cleave|p1b: Glimmora\n|-damage|p1b: Glimmora|0 fnt\n|-activate|p1b: Glimmora|ability: Toxic Debris\n|-sidestart|p2: haha you rage quit|move: Toxic Spikes\n|faint|p1b: Glimmora\n|move|p2b: Indeedee|Heal Pulse|p2a: Kingambit\n|-heal|p2a: Kingambit|72\/100\n|move|p1a: Klefki|Dazzling Gleam|p2a: Kingambit|[spread] p2a,p2b\n|-damage|p2a: Kingambit|56\/100\n|-damage|p2b: Indeedee|31\/100 psn\n|\n|-damage|p2b: Indeedee|19\/100 psn|[from] psn\n|upkeep\n|\n|t:|1682925321\n|switch|p1b: Wo-Chien|Wo-Chien, L50|100\/100\n|-ability|p1b: Wo-Chien|Tablets of Ruin\n|turn|5\n|\n|t:|1682925332\n|move|p2a: Kingambit|Low Kick|p1b: Wo-Chien\n|-supereffective|p1b: Wo-Chien\n|-damage|p1b: Wo-Chien|0 fnt\n|faint|p1b: Wo-Chien\n|move|p2b: Indeedee|Heal Pulse|p2a: Kingambit\n|-heal|p2a: Kingambit|100\/100\n|move|p1a: Klefki|Dazzling Gleam|p2b: Indeedee|[spread] p2a,p2b\n|-damage|p2a: Kingambit|82\/100\n|-damage|p2b: Indeedee|8\/100 psn\n|\n|-damage|p2b: Indeedee|0 fnt|[from] psn\n|faint|p2b: Indeedee\n|-fieldend|move: Trick Room\n|-fieldend|move: Psychic Terrain\n|upkeep\n|\n|t:|1682925345\n|switch|p1b: Flutter Mane|Flutter Mane, L50|100\/100\n|switch|p2b: Flutter Mane|Flutter Mane, L50, shiny|100\/100\n|-status|p2b: Flutter Mane|tox\n|-enditem|p1b: Flutter Mane|Booster Energy\n|-activate|p1b: Flutter Mane|ability: Protosynthesis|[fromitem]\n|-start|p1b: Flutter Mane|protosynthesisspa\n|turn|6\n|\n|t:|1682925359\n|move|p1b: Flutter Mane|Protect|p1b: Flutter Mane\n|-singleturn|p1b: Flutter Mane|Protect\n|move|p2a: Kingambit|Sucker Punch||[still]\n|-fail|p2a: Kingambit\n|move|p2b: Flutter Mane|Mystical Fire|p1a: Klefki\n|-supereffective|p1a: Klefki\n|-damage|p1a: Klefki|14\/100\n|-unboost|p1a: Klefki|spa|1\n|move|p1a: Klefki|Dazzling Gleam|p2b: Flutter Mane|[spread] p2a,p2b\n|-damage|p2a: Kingambit|72\/100\n|-damage|p2b: Flutter Mane|89\/100 tox\n|\n|-damage|p2b: Flutter Mane|83\/100 tox|[from] psn\n|upkeep\n|turn|7\n|\n|t:|1682925381\n|move|p1a: Klefki|Light Screen|p1a: Klefki\n|-sidestart|p1: Autumnlux|move: Light Screen\n|move|p2a: Kingambit|Sucker Punch|p1b: Flutter Mane\n|-damage|p1b: Flutter Mane|0 fnt\n|faint|p1b: Flutter Mane\n|-end|p1b: Flutter Mane|Protosynthesis|[silent]\n|move|p2b: Flutter Mane|Mystical Fire|p1a: Klefki\n|-supereffective|p1a: Klefki\n|-damage|p1a: Klefki|0 fnt\n|faint|p1a: Klefki\n|\n|win|haha you rage quit\n|raw|Autumnlux's rating: 1267 → 1243<\/strong> (-24 for losing)\n|raw|haha you rage quit's rating: 1276 → 1300<\/strong> (+24 for winning)\n","uploadtime":1682925398,"views":24,"p1id":"autumnlux","p2id":"hahayouragequit","formatid":"gen9vgc2023regulationc","rating":1243,"private":0,"password":""}