{"id":"gen9vgc2023regulationc-1862230078","p1":"justin tang fan","p2":"nicolaserrante","format":"[Gen 9] VGC 2023 Regulation C","log":"|j|\u2606justin tang fan\n|j|\u2606nicolaserrante\n|t:|1683852397\n|gametype|doubles\n|player|p1|justin tang fan|picnicker|1282\n|player|p2|nicolaserrante|1|1318\n|teamsize|p1|6\n|teamsize|p2|6\n|gen|9\n|tier|[Gen 9] VGC 2023 Regulation C\n|rated|\n|rule|Species Clause: Limit one of each Pok\u00e9mon\n|rule|Item Clause: Limit one of each item\n|clearpoke\n|poke|p1|Orthworm, L50, F|\n|poke|p1|Ting-Lu, L50|\n|poke|p1|Gyarados, L50, M|\n|poke|p1|Dragonite, L50, M|\n|poke|p1|Chien-Pao, L50|\n|poke|p1|Flutter Mane, L50|\n|poke|p2|Iron Hands, L50|\n|poke|p2|Ting-Lu, L50|\n|poke|p2|Gyarados, L50, F|\n|poke|p2|Orthworm, L50, F|\n|poke|p2|Dragonite, L50, F|\n|poke|p2|Flutter Mane, L50|\n|teampreview|4\nnicolaserrante has agreed to open team sheets.\n|inactive|Battle timer is ON: inactive players will automatically lose when time's up. (requested by nicolaserrante)\njustin tang fan has agreed to open team sheets.\n|inactive|nicolaserrante has 60 seconds left.\n|\n|t:|1683852448\n|start\n|switch|p1a: Orthworm|Orthworm, L50, F|100\/100\n|switch|p1b: Ting-Lu|Ting-Lu, L50|100\/100\n|switch|p2a: Orthworm|Orthworm, L50, F|100\/100\n|switch|p2b: Gyarados|Gyarados, L50, F|100\/100\n|-ability|p2b: Gyarados|Intimidate|boost\n|-unboost|p1a: Orthworm|atk|1\n|-unboost|p1b: Ting-Lu|atk|1\n|-ability|p1b: Ting-Lu|Vessel of Ruin\n|turn|1\n|inactive|nicolaserrante has 30 seconds left.\n|\n|t:|1683852480\n|move|p2b: Gyarados|Waterfall|p1b: Ting-Lu\n|-supereffective|p1b: Ting-Lu\n|-damage|p1b: Ting-Lu|63\/100\n|move|p2a: Orthworm|Shed Tail|p2a: Orthworm\n|-start|p2a: Orthworm|Substitute|[from] move: Shed Tail\n|-damage|p2a: Orthworm|50\/100\n|-enditem|p2a: Orthworm|Sitrus Berry|[eat]\n|-heal|p2a: Orthworm|75\/100|[from] item: Sitrus Berry\n|\n|t:|1683852492\n|switch|p2a: Dragonite|Dragonite, L50, F|100\/100|[from] Shed Tail\n|move|p1a: Orthworm|Shed Tail|p1a: Orthworm\n|-start|p1a: Orthworm|Substitute|[from] move: Shed Tail\n|-damage|p1a: Orthworm|50\/100\n|-enditem|p1a: Orthworm|Sitrus Berry|[eat]\n|-heal|p1a: Orthworm|75\/100|[from] item: Sitrus Berry\n|\n|t:|1683852503\n|switch|p1a: Dragonite|Dragonite, L50, M|100\/100|[from] Shed Tail\n|move|p1b: Ting-Lu|Ruination|p2b: Gyarados\n|-damage|p2b: Gyarados|50\/100\n|\n|upkeep\n|turn|2\n|\n|t:|1683852517\n|-terastallize|p1a: Dragonite|Normal\n|move|p1a: Dragonite|Extreme Speed|p2b: Gyarados\n|-damage|p2b: Gyarados|0 fnt\n|faint|p2b: Gyarados\n|move|p2a: Dragonite|Dragon Dance|p2a: Dragonite\n|-boost|p2a: Dragonite|atk|1\n|-boost|p2a: Dragonite|spe|1\n|move|p1b: Ting-Lu|Rock Slide|p2a: Dragonite\n|-supereffective|p2a: Dragonite\n|-activate|p2a: Dragonite|move: Substitute|[damage]\n|\n|upkeep\n|\n|t:|1683852530\n|switch|p2b: Iron Hands|Iron Hands, L50|100\/100\n|turn|3\n|inactive|nicolaserrante has 30 seconds left.\n|\n|t:|1683852557\n|-terastallize|p2b: Iron Hands|Grass\n|move|p2b: Iron Hands|Fake Out|p1b: Ting-Lu\n|-damage|p1b: Ting-Lu|55\/100\n|move|p1a: Dragonite|Extreme Speed|p2b: Iron Hands\n|-crit|p2b: Iron Hands\n|-damage|p2b: Iron Hands|40\/100\n|move|p2a: Dragonite|Dragon Dance|p2a: Dragonite\n|-boost|p2a: Dragonite|atk|1\n|-boost|p2a: Dragonite|spe|1\n|cant|p1b: Ting-Lu|flinch\n|\n|upkeep\n|turn|4\n|inactive|nicolaserrante has 30 seconds left.\n|\n|t:|1683852586\n|-end|p2b: Iron Hands|Quark Drive|[silent]\n|switch|p2b: Orthworm|Orthworm, L50, F|75\/100\n|move|p1a: Dragonite|Extreme Speed|p2b: Orthworm\n|-resisted|p2b: Orthworm\n|-damage|p2b: Orthworm|55\/100\n|move|p2a: Dragonite|Earthquake|p1a: Dragonite|[spread] p1a,p1b\n|-heal|p2b: Orthworm|80\/100|[from] ability: Earth Eater|[of] p2a: Dragonite\n|-end|p1a: Dragonite|Substitute\n|-damage|p1b: Ting-Lu|23\/100\n|move|p1b: Ting-Lu|Rock Slide|p2a: Dragonite|[spread] p2a,p2b\n|-supereffective|p2a: Dragonite\n|-end|p2a: Dragonite|Substitute\n|-resisted|p2b: Orthworm\n|-damage|p2b: Orthworm|75\/100\n|\n|upkeep\n|turn|5\n|\n|t:|1683852611\n|move|p1a: Dragonite|Extreme Speed|p2a: Dragonite\n|-damage|p2a: Dragonite|64\/100\n|move|p2a: Dragonite|Earthquake|p1a: Dragonite|[spread] p1a,p1b\n|-heal|p2b: Orthworm|100\/100|[from] ability: Earth Eater|[of] p2a: Dragonite\n|-damage|p1a: Dragonite|69\/100\n|-damage|p1b: Ting-Lu|0 fnt\n|faint|p1b: Ting-Lu\n|move|p2b: Orthworm|Shed Tail|p2b: Orthworm\n|-start|p2b: Orthworm|Substitute|[from] move: Shed Tail\n|-damage|p2b: Orthworm|50\/100\n|\n|t:|1683852620\n|switch|p2b: Iron Hands|Iron Hands, L50, tera:Grass|40\/100|[from] Shed Tail\n|\n|upkeep\n|\n|t:|1683852624\n|switch|p1b: Chien-Pao|Chien-Pao, L50|100\/100\n|-ability|p1b: Chien-Pao|Sword of Ruin\n|turn|6\n|inactive|nicolaserrante has 30 seconds left.\n|\n|t:|1683852656\n|switch|p1a: Orthworm|Orthworm, L50, F|75\/100\n|move|p1b: Chien-Pao|Protect|p1b: Chien-Pao\n|-singleturn|p1b: Chien-Pao|Protect\n|move|p2b: Iron Hands|Fake Out|p1b: Chien-Pao\n|-activate|p1b: Chien-Pao|move: Protect\n|move|p2a: Dragonite|Extreme Speed|p1a: Orthworm\n|-resisted|p1a: Orthworm\n|-damage|p1a: Orthworm|48\/100\n|\n|upkeep\n|turn|7\n|inactive|justin tang fan has 30 seconds left.\n|inactive|nicolaserrante has 30 seconds left.\n|inactive|nicolaserrante has 20 seconds left.\n|inactive|nicolaserrante has 15 seconds left.\n|\n|t:|1683852696\n|move|p2a: Dragonite|Extreme Speed|p1a: Orthworm\n|-resisted|p1a: Orthworm\n|-damage|p1a: Orthworm|20\/100\n|move|p1b: Chien-Pao|Ice Spinner|p2a: Dragonite\n|-supereffective|p2a: Dragonite\n|-damage|p2a: Dragonite|0 fnt\n|faint|p2a: Dragonite\n|move|p1a: Orthworm|Body Press|p2b: Iron Hands\n|-crit|p2b: Iron Hands\n|-end|p2b: Iron Hands|Substitute\n|move|p2b: Iron Hands|Drain Punch|p1b: Chien-Pao\n|-supereffective|p1b: Chien-Pao\n|-enditem|p1b: Chien-Pao|Focus Sash\n|-damage|p1b: Chien-Pao|1\/100\n|-heal|p2b: Iron Hands|72\/100|[from] drain|[of] p1b: Chien-Pao\n|\n|upkeep\n|inactive|nicolaserrante has 30 seconds left.\n|\n|t:|1683852722\n|switch|p2a: Orthworm|Orthworm, L50, F|50\/100\n|turn|8\n|\n|t:|1683852735\n|move|p1b: Chien-Pao|Ice Spinner|p2b: Iron Hands\n|-supereffective|p2b: Iron Hands\n|-damage|p2b: Iron Hands|8\/100\n|move|p1a: Orthworm|Body Press|p2a: Orthworm\n|-supereffective|p2a: Orthworm\n|-crit|p2a: Orthworm\n|-damage|p2a: Orthworm|0 fnt\n|faint|p2a: Orthworm\n|move|p2b: Iron Hands|Drain Punch|p1a: Orthworm\n|-supereffective|p1a: Orthworm\n|-damage|p1a: Orthworm|0 fnt\n|-heal|p2b: Iron Hands|16\/100|[from] drain|[of] p1a: Orthworm\n|faint|p1a: Orthworm\n|\n|upkeep\n|\n|t:|1683852743\n|switch|p1a: Dragonite|Dragonite, L50, M, tera:Normal|69\/100\n|turn|9\n|\n|t:|1683852753\n|move|p1b: Chien-Pao|Sacred Sword|p2b: Iron Hands\n|-damage|p2b: Iron Hands|0 fnt\n|faint|p2b: Iron Hands\n|-end|p2b: Iron Hands|Quark Drive|[silent]\n|\n|win|justin tang fan\n|raw|justin tang fan's rating: 1282 → 1310<\/strong> (+28 for winning)\n|raw|nicolaserrante's rating: 1318 → 1296<\/strong> (-22 for losing)\n|l|\u2606justin tang fan\n","uploadtime":1683852806,"views":6,"p1id":"justintangfan","p2id":"nicolaserrante","formatid":"gen9vgc2023regulationc","rating":1296,"private":0,"password":""}