{"id":"gen9vgc2023regulationc-1856908205","p1":"Musfique18","p2":"voxxod","format":"[Gen 9] VGC 2023 Regulation C","log":"|j|\u2606Musfique18\n|j|\u2606voxxod\n|t:|1683124778\n|gametype|doubles\n|player|p1|Musfique18|2|\n|player|p2|voxxod|leon|\n|teamsize|p1|6\n|teamsize|p2|6\n|gen|9\n|tier|[Gen 9] VGC 2023 Regulation C\n|rule|Species Clause: Limit one of each Pok\u00e9mon\n|rule|Item Clause: Limit one of each item\n|clearpoke\n|poke|p1|Slither Wing, L50|\n|poke|p1|Iron Bundle, L50|\n|poke|p1|Chi-Yu, L50|\n|poke|p1|Abomasnow, L50, F|\n|poke|p1|Flutter Mane, L50|\n|poke|p1|Corviknight, L50, M|\n|poke|p2|Palafin, L50, M|\n|poke|p2|Flutter Mane, L50|\n|poke|p2|Arcanine, L50, M|\n|poke|p2|Ting-Lu, L50|\n|poke|p2|Amoonguss, L50, F|\n|poke|p2|Kingambit, L50, M|\n|teampreview|4\n|inactive|Battle timer is ON: inactive players will automatically lose when time's up. (requested by Musfique18)\nvoxxod has agreed to open team sheets.\nMusfique18 has agreed to open team sheets.\n|inactive|Musfique18 has 60 seconds left.\n|inactive|voxxod has 60 seconds left.\n|j| Marufbot\n|inactive|voxxod has 30 seconds left.\n|j| AbrarS\n|j| Rowlet69420\n|j| LeSabre95\n|inactive|voxxod has 20 seconds left.\n|c| Rowlet69420|Team sheet opem mamur betara\n|c|\u2606voxxod|Done\n|c| Rowlet69420|Glhf both\n|c| LeSabre95|oppa gangnum style\n|\n|t:|1683124866\n|start\n|switch|p1a: Snowwwww|Abomasnow, L50, F|100\/100\n|switch|p1b: DeliBundle|Iron Bundle, L50, shiny|100\/100\n|switch|p2a: Arcanine|Arcanine, L50, M|100\/100\n|switch|p2b: Flutter Mane|Flutter Mane, L50|100\/100\n|-ability|p2a: Arcanine|Intimidate|boost\n|-unboost|p1a: Snowwwww|atk|1\n|-unboost|p1b: DeliBundle|atk|1\n|-weather|Snow|[from] ability: Snow Warning|[of] p1a: Snowwwww\n|-enditem|p1b: DeliBundle|Booster Energy\n|-activate|p1b: DeliBundle|ability: Quark Drive|[fromitem]\n|-start|p1b: DeliBundle|quarkdrivespe\n|-enditem|p2b: Flutter Mane|Booster Energy\n|-activate|p2b: Flutter Mane|ability: Protosynthesis|[fromitem]\n|-start|p2b: Flutter Mane|protosynthesisspa\n|turn|1\n|c| Marufbot|Voxxod goes brrr brrr\n|c| Rowlet69420|Ooi?\n|c| Marufbot|Lessgo\n|c| Rowlet69420|Koi?*\n|inactive|voxxod has 30 seconds left.\n|\n|t:|1683124894\n|-terastallize|p2b: Flutter Mane|Fairy\n|move|p1b: DeliBundle|Blizzard|p2b: Flutter Mane|[spread] p2a,p2b\n|-resisted|p2a: Arcanine\n|-damage|p2a: Arcanine|79\/100\n|-damage|p2b: Flutter Mane|59\/100\n|move|p2b: Flutter Mane|Moonblast|p1a: Snowwwww\n|-enditem|p1a: Snowwwww|Focus Sash\n|-damage|p1a: Snowwwww|1\/100\n|-unboost|p1a: Snowwwww|spa|1\n|move|p2a: Arcanine|Flare Blitz|p1b: DeliBundle\n|-damage|p1b: DeliBundle|55\/100\n|-damage|p2a: Arcanine|69\/100|[from] Recoil\n|move|p1a: Snowwwww|Aurora Veil|p1a: Snowwwww\n|-sidestart|p1: Musfique18|move: Aurora Veil\n|\n|-weather|Snow|[upkeep]\n|upkeep\n|turn|2\n|c| Rowlet69420|Oh ok\n|c|\u2606Musfique18|Sheets to open i\n|c| Marufbot|Wao\n|\n|t:|1683124919\n|move|p2b: Flutter Mane|Protect|p2b: Flutter Mane\n|-singleturn|p2b: Flutter Mane|Protect\n|move|p2a: Arcanine|Extreme Speed|p1a: Snowwwww\n|-damage|p1a: Snowwwww|0 fnt\n|faint|p1a: Snowwwww\n|move|p1b: DeliBundle|Icy Wind|p2b: Flutter Mane|[spread] p2a\n|-activate|p2b: Flutter Mane|move: Protect\n|-resisted|p2a: Arcanine\n|-damage|p2a: Arcanine|60\/100\n|-unboost|p2a: Arcanine|spe|1\n|\n|-weather|Snow|[upkeep]\n|upkeep\n|\n|t:|1683124934\n|switch|p1a: Fishhhhh|Chi-Yu, L50|100\/100\n|-ability|p1a: Fishhhhh|Beads of Ruin\n|turn|3\n|\n|t:|1683124951\n|-end|p2b: Flutter Mane|Protosynthesis|[silent]\n|switch|p2b: Ting-Lu|Ting-Lu, L50|100\/100\n|-ability|p2b: Ting-Lu|Vessel of Ruin\n|move|p1b: DeliBundle|Protect|p1b: DeliBundle\n|-singleturn|p1b: DeliBundle|Protect\n|move|p1a: Fishhhhh|Psychic|p2b: Ting-Lu\n|-immune|p2b: Ting-Lu\n|move|p2a: Arcanine|Howl|p2a: Arcanine|[spread] p2a,p2b\n|-boost|p2a: Arcanine|atk|1\n|-boost|p2b: Ting-Lu|atk|1\n|\n|-weather|Snow|[upkeep]\n|upkeep\n|turn|4\n|j| IamHrrimann\n|inactive|Musfique18 has 30 seconds left.\n|\n|t:|1683124976\n|switch|p2b: Kingambit|Kingambit, L50, M|100\/100\n|-terastallize|p1b: DeliBundle|Ice\n|move|p2a: Arcanine|Extreme Speed|p1b: DeliBundle\n|-damage|p1b: DeliBundle|38\/100\n|move|p1b: DeliBundle|Freeze-Dry|p2b: Kingambit\n|-resisted|p2b: Kingambit\n|-damage|p2b: Kingambit|70\/100\n|move|p1a: Fishhhhh|Dark Pulse|p2a: Arcanine\n|-damage|p2a: Arcanine|0 fnt\n|faint|p2a: Arcanine\n|-damage|p1a: Fishhhhh|91\/100|[from] item: Life Orb\n|\n|-weather|Snow|[upkeep]\n|upkeep\n|\n|t:|1683124986\n|switch|p2a: Ting-Lu|Ting-Lu, L50|100\/100\n|-ability|p2a: Ting-Lu|Vessel of Ruin\n|turn|5\n|inactive|voxxod has 30 seconds left.\n|\n|t:|1683125017\n|move|p2b: Kingambit|Protect|p2b: Kingambit\n|-singleturn|p2b: Kingambit|Protect\n|move|p1b: DeliBundle|Freeze-Dry|p2a: Ting-Lu\n|-supereffective|p2a: Ting-Lu\n|-damage|p2a: Ting-Lu|62\/100\n|move|p1a: Fishhhhh|Heat Wave|p2b: Kingambit|[spread] p2a\n|-activate|p2b: Kingambit|move: Protect\n|-damage|p2a: Ting-Lu|40\/100\n|-damage|p1a: Fishhhhh|81\/100|[from] item: Life Orb\n|move|p2a: Ting-Lu|Stomping Tantrum|p1a: Fishhhhh\n|-supereffective|p1a: Fishhhhh\n|-damage|p1a: Fishhhhh|19\/100\n|\n|-weather|none\n|-sideend|p1: Musfique18|move: Aurora Veil\n|upkeep\n|turn|6\n|\n|t:|1683125034\n|move|p2b: Kingambit|Sucker Punch|p1b: DeliBundle\n|-damage|p1b: DeliBundle|0 fnt\n|faint|p1b: DeliBundle\n|-end|p1b: DeliBundle|Quark Drive|[silent]\n|move|p1a: Fishhhhh|Heat Wave|p2b: Kingambit|[spread] p2a,p2b\n|-supereffective|p2b: Kingambit\n|-damage|p2a: Ting-Lu|18\/100\n|-damage|p2b: Kingambit|0 fnt\n|faint|p2b: Kingambit\n|-damage|p1a: Fishhhhh|10\/100|[from] item: Life Orb\n|move|p2a: Ting-Lu|Stomping Tantrum|p1a: Fishhhhh\n|-supereffective|p1a: Fishhhhh\n|-damage|p1a: Fishhhhh|0 fnt\n|faint|p1a: Fishhhhh\n|\n|upkeep\n|l| Marufbot\n|\n|t:|1683125046\n|switch|p1a: Bamm|Slither Wing, L50|100\/100\n|switch|p2b: Flutter Mane|Flutter Mane, L50, tera:Fairy|59\/100\n|turn|7\n|\n|t:|1683125053\n|move|p2b: Flutter Mane|Protect|p2b: Flutter Mane\n|-singleturn|p2b: Flutter Mane|Protect\n|move|p1a: Bamm|Flame Charge|p2b: Flutter Mane\n|-activate|p2b: Flutter Mane|move: Protect\n|move|p2a: Ting-Lu|Ruination|p1a: Bamm|[miss]\n|-miss|p2a: Ting-Lu|p1a: Bamm\n|\n|upkeep\n|turn|8\n|c| Rowlet69420|Ah nice\n|c| Rowlet69420|ggs\n|c| LeSabre95|ahare\n|c| AbrarS|Damn\n|c| Rowlet69420|Mushi vau initially kisu baje play korso\n|\n|t:|1683125069\n|move|p2b: Flutter Mane|Moonblast|p1a: Bamm\n|-supereffective|p1a: Bamm\n|-damage|p1a: Bamm|36\/100\n|-unboost|p1a: Bamm|spa|1\n|move|p1a: Bamm|Flame Charge|p2b: Flutter Mane\n|-damage|p2b: Flutter Mane|27\/100\n|-boost|p1a: Bamm|spe|1\n|move|p2a: Ting-Lu|Heavy Slam|p1a: Bamm\n|-damage|p1a: Bamm|0 fnt\n|faint|p1a: Bamm\n|-end|p1a: Bamm|Protosynthesis|[silent]\n|\n|win|voxxod\n|c|\u2606Musfique18|Gg\n|l|\u2606voxxod\n","uploadtime":1683125082,"views":13,"p1id":"musfique18","p2id":"voxxod","formatid":"gen9vgc2023regulationc","rating":0,"private":0,"password":""}