{"id":"gen9vgc2023regulationc-1852567510","p1":"mugiwaraLux","p2":"Chi-YuOneTrick","format":"[Gen 9] VGC 2023 Regulation C","log":"|j|\u2606mugiwaraLux\n|j|\u2606Chi-YuOneTrick\n|t:|1682577607\n|gametype|doubles\n|player|p1|mugiwaraLux|265|1434\n|player|p2|Chi-YuOneTrick|acetrainer-gen6xy|1517\n|teamsize|p1|6\n|teamsize|p2|6\n|gen|9\n|tier|[Gen 9] VGC 2023 Regulation C\n|rated|\n|rule|Species Clause: Limit one of each Pok\u00e9mon\n|rule|Item Clause: Limit one of each item\n|clearpoke\n|poke|p1|Palafin, L50, F|\n|poke|p1|Amoonguss, L50, F|\n|poke|p1|Flutter Mane, L50|\n|poke|p1|Arcanine, L50, M|\n|poke|p1|Chien-Pao, L50|\n|poke|p1|Roaring Moon, L50|\n|poke|p2|Amoonguss, L50, M|\n|poke|p2|Gyarados, L50, M|\n|poke|p2|Iron Hands, L50|\n|poke|p2|Flutter Mane, L50|\n|poke|p2|Chi-Yu, L50|\n|poke|p2|Baxcalibur, L50, M|\n|teampreview|4\n|inactive|Battle timer is ON: inactive players will automatically lose when time's up. (requested by mugiwaraLux)\nmugiwaraLux has agreed to open team sheets.\n|\n|t:|1682577633\n|start\n|switch|p1a: Mimi|Flutter Mane, L50|100\/100\n|switch|p1b: Chien-Pao|Chien-Pao, L50|100\/100\n|switch|p2a: Baxcalibur|Baxcalibur, L50, M|100\/100\n|switch|p2b: Chi-Yu|Chi-Yu, L50|100\/100\n|-ability|p1b: Chien-Pao|Sword of Ruin\n|-ability|p2b: Chi-Yu|Beads of Ruin\n|turn|1\n|inactive|mugiwaraLux has 30 seconds left.\n|inactive|mugiwaraLux has 20 seconds left.\n|inactive|mugiwaraLux has 15 seconds left.\n|\n|t:|1682577678\n|-terastallize|p2b: Chi-Yu|Water\n|move|p2a: Baxcalibur|Protect|p2a: Baxcalibur\n|-singleturn|p2a: Baxcalibur|Protect\n|move|p1b: Chien-Pao|Ice Spinner|p2a: Baxcalibur\n|-activate|p2a: Baxcalibur|move: Protect\n|move|p1a: Mimi|Dazzling Gleam|p2a: Baxcalibur|[spread] p2b\n|-activate|p2a: Baxcalibur|move: Protect\n|-damage|p2b: Chi-Yu|61\/100\n|move|p2b: Chi-Yu|Nasty Plot|p2b: Chi-Yu\n|-boost|p2b: Chi-Yu|spa|2\n|\n|-heal|p2b: Chi-Yu|68\/100|[from] item: Leftovers\n|upkeep\n|turn|2\n|inactive|Chi-YuOneTrick has 30 seconds left.\n|\n|t:|1682577703\n|switch|p2a: Gyarados|Gyarados, L50, M|100\/100\n|-ability|p2a: Gyarados|Intimidate|boost\n|-unboost|p1a: Mimi|atk|1\n|-unboost|p1b: Chien-Pao|atk|1\n|move|p2b: Chi-Yu|Protect|p2b: Chi-Yu\n|-singleturn|p2b: Chi-Yu|Protect\n|move|p1b: Chien-Pao|Sucker Punch||[still]\n|-fail|p1b: Chien-Pao\n|move|p1a: Mimi|Dazzling Gleam|p2a: Gyarados|[spread] p2a\n|-activate|p2b: Chi-Yu|move: Protect\n|-damage|p2a: Gyarados|60\/100\n|\n|-heal|p2b: Chi-Yu|74\/100|[from] item: Leftovers\n|upkeep\n|turn|3\n|\n|t:|1682577721\n|-end|p1a: Mimi|Protosynthesis|[silent]\n|switch|p1a: Arcanine|Arcanine, L50, M|100\/100\n|-ability|p1a: Arcanine|Intimidate|boost\n|-unboost|p2a: Gyarados|atk|1\n|-unboost|p2b: Chi-Yu|atk|1\n|move|p1b: Chien-Pao|Protect|p1b: Chien-Pao\n|-singleturn|p1b: Chien-Pao|Protect\n|move|p2b: Chi-Yu|Dark Pulse|p1a: Arcanine\n|-damage|p1a: Arcanine|4\/100\n|move|p2a: Gyarados|Waterfall|p1b: Chien-Pao\n|-activate|p1b: Chien-Pao|move: Protect\n|\n|-heal|p2b: Chi-Yu|80\/100|[from] item: Leftovers\n|upkeep\n|turn|4\n|\n|t:|1682577741\n|move|p1a: Arcanine|Extreme Speed|p2a: Gyarados\n|-damage|p2a: Gyarados|35\/100\n|move|p1b: Chien-Pao|Ice Spinner|p2a: Gyarados\n|-damage|p2a: Gyarados|0 fnt\n|faint|p2a: Gyarados\n|move|p2b: Chi-Yu|Dark Pulse|p1a: Arcanine\n|-damage|p1a: Arcanine|0 fnt\n|faint|p1a: Arcanine\n|\n|-heal|p2b: Chi-Yu|86\/100|[from] item: Leftovers\n|upkeep\n|\n|t:|1682577761\n|switch|p1a: Roaring Moon|Roaring Moon, L50|100\/100\n|switch|p2a: Iron Hands|Iron Hands, L50|100\/100\n|-enditem|p1a: Roaring Moon|Booster Energy\n|-activate|p1a: Roaring Moon|ability: Protosynthesis|[fromitem]\n|-start|p1a: Roaring Moon|protosynthesisatk\n|turn|5\n|\n|t:|1682577785\n|-terastallize|p1b: Chien-Pao|Ghost\n|move|p1a: Roaring Moon|Protect|p1a: Roaring Moon\n|-singleturn|p1a: Roaring Moon|Protect\n|move|p2a: Iron Hands|Fake Out|p1b: Chien-Pao\n|-immune|p1b: Chien-Pao\n|move|p1b: Chien-Pao|Sacred Sword|p2b: Chi-Yu\n|-damage|p2b: Chi-Yu|54\/100\n|move|p2b: Chi-Yu|Nasty Plot|p2b: Chi-Yu\n|-boost|p2b: Chi-Yu|spa|2\n|\n|-heal|p2b: Chi-Yu|60\/100|[from] item: Leftovers\n|upkeep\n|turn|6\n|inactive|mugiwaraLux has 30 seconds left.\n|\n|t:|1682577810\n|switch|p1b: Mimi|Flutter Mane, L50|100\/100\n|move|p2b: Chi-Yu|Protect|p2b: Chi-Yu\n|-singleturn|p2b: Chi-Yu|Protect\n|move|p1a: Roaring Moon|Acrobatics|p2b: Chi-Yu\n|-activate|p2b: Chi-Yu|move: Protect\n|move|p2a: Iron Hands|Drain Punch|p1a: Roaring Moon\n|-supereffective|p1a: Roaring Moon\n|-damage|p1a: Roaring Moon|0 fnt\n|faint|p1a: Roaring Moon\n|-end|p1a: Roaring Moon|Protosynthesis|[silent]\n|\n|-heal|p2b: Chi-Yu|66\/100|[from] item: Leftovers\n|upkeep\n|\n|t:|1682577815\n|switch|p1a: Chien-Pao|Chien-Pao, L50, tera:Ghost|100\/100\n|-ability|p1a: Chien-Pao|Sword of Ruin\n|turn|7\n|\n|t:|1682577834\n|move|p1a: Chien-Pao|Sacred Sword|p2b: Chi-Yu\n|-damage|p2b: Chi-Yu|15\/100\n|move|p1b: Mimi|Dazzling Gleam|p2a: Iron Hands|[spread] p2a,p2b\n|-supereffective|p2a: Iron Hands\n|-damage|p2a: Iron Hands|46\/100\n|-damage|p2b: Chi-Yu|0 fnt\n|faint|p2b: Chi-Yu\n|move|p2a: Iron Hands|Heavy Slam|p1b: Mimi\n|-supereffective|p1b: Mimi\n|-crit|p1b: Mimi\n|-damage|p1b: Mimi|0 fnt\n|faint|p1b: Mimi\n|-end|p1b: Mimi|Protosynthesis|[silent]\n|\n|upkeep\n|\n|t:|1682577839\n|switch|p2b: Baxcalibur|Baxcalibur, L50, M|100\/100\n|turn|8\n|\n|t:|1682577845\n|move|p1a: Chien-Pao|Sacred Sword|p2b: Baxcalibur\n|-supereffective|p2b: Baxcalibur\n|-damage|p2b: Baxcalibur|33\/100\n|move|p2b: Baxcalibur|Icicle Spear|p1a: Chien-Pao\n|-damage|p1a: Chien-Pao|79\/100\n|-damage|p1a: Chien-Pao|56\/100\n|-crit|p1a: Chien-Pao\n|-damage|p1a: Chien-Pao|22\/100\n|-damage|p1a: Chien-Pao|2\/100\n|-hitcount|p1a: Chien-Pao|4\n|move|p2a: Iron Hands|Heavy Slam|p1a: Chien-Pao\n|-damage|p1a: Chien-Pao|0 fnt\n|faint|p1a: Chien-Pao\n|\n|win|Chi-YuOneTrick\n|raw|mugiwaraLux's rating: 1434 → 1419<\/strong> (-15 for losing)\n|raw|Chi-YuOneTrick's rating: 1517 → 1532<\/strong> (+15 for winning)\n","uploadtime":1682577855,"views":12,"p1id":"mugiwaralux","p2id":"chiyuonetrick","formatid":"gen9vgc2023regulationc","rating":1419,"private":0,"password":""}