{"id":"gen9vgc2023regulationc-1857580671","p1":"Maestro zoroli","p2":"D-Wrecks","format":"[Gen 9] VGC 2023 Regulation C","log":"|j|\u2606Maestro zoroli\n|j|\u2606D-Wrecks\n|t:|1683210168\n|gametype|doubles\n|player|p1|Maestro zoroli|102|1686\n|player|p2|D-Wrecks|blackbelt-gen4dp|1621\n|teamsize|p1|6\n|teamsize|p2|6\n|gen|9\n|tier|[Gen 9] VGC 2023 Regulation C\n|rated|\n|rule|Species Clause: Limit one of each Pok\u00e9mon\n|rule|Item Clause: Limit one of each item\n|clearpoke\n|poke|p1|Chi-Yu, L50|\n|poke|p1|Great Tusk, L50|\n|poke|p1|Flutter Mane, L50|\n|poke|p1|Iron Bundle, L50|\n|poke|p1|Kingambit, L50, M|\n|poke|p1|Dragonite, L50, M|\n|poke|p2|Dondozo, L50, F|\n|poke|p2|Tatsugiri, L50, M|\n|poke|p2|Pawmot, L50, M|\n|poke|p2|Iron Bundle, L50|\n|poke|p2|Flutter Mane, L50|\n|poke|p2|Chi-Yu, L50|\n|teampreview|4\n|j| Dragontamerty9\n|inactive|Battle timer is ON: inactive players will automatically lose when time's up. (requested by Maestro zoroli)\n|j| Mind of the Plana\n|inactive|D-Wrecks has 60 seconds left.\n|\n|t:|1683210219\n|start\n|switch|p1a: Dragonite|Dragonite, L50, M|100\/100\n|switch|p1b: Flutter Mane|Flutter Mane, L50|100\/100\n|switch|p2a: Dondozo|Dondozo, L50, F, shiny|100\/100\n|switch|p2b: Wraith|Flutter Mane, L50, shiny|100\/100\n|turn|1\n|inactive|D-Wrecks has 30 seconds left.\n|\n|t:|1683210253\n|-end|p2b: Wraith|Protosynthesis|[silent]\n|switch|p2b: Tatsugiri|Tatsugiri, L50, M, shiny|100\/100\n|-activate|p2b: Tatsugiri|ability: Commander|[of] p2a: Dondozo\n|-boost|p2a: Dondozo|atk|2\n|-boost|p2a: Dondozo|spa|2\n|-boost|p2a: Dondozo|spe|2\n|-boost|p2a: Dondozo|def|2\n|-boost|p2a: Dondozo|spd|2\n|move|p1b: Flutter Mane|Moonblast|p2a: Dondozo\n|-damage|p2a: Dondozo|66\/100\n|move|p2a: Dondozo|Order Up|p1a: Dragonite\n|-supereffective|p1a: Dragonite\n|-damage|p1a: Dragonite|61\/100\n|-boost|p2a: Dondozo|atk|1\n|move|p1a: Dragonite|Tailwind|p1a: Dragonite\n|-sidestart|p1: Maestro zoroli|move: Tailwind\n|\n|-heal|p2a: Dondozo|72\/100|[from] item: Leftovers\n|upkeep\n|turn|2\n|inactive|Maestro zoroli has 30 seconds left.\n|inactive|Maestro zoroli has 20 seconds left.\n|inactive|D-Wrecks has 30 seconds left.\n|inactive|Maestro zoroli has 15 seconds left.\n|inactive|Maestro zoroli has 10 seconds left.\n|\n|t:|1683210303\n|switch|p1a: Iron Bundle|Iron Bundle, L50|100\/100\n|-enditem|p1a: Iron Bundle|Booster Energy\n|-activate|p1a: Iron Bundle|ability: Quark Drive|[fromitem]\n|-start|p1a: Iron Bundle|quarkdrivespe\n|move|p1b: Flutter Mane|Moonblast|p2a: Dondozo\n|-damage|p2a: Dondozo|33\/100\n|-unboost|p2a: Dondozo|spa|1\n|move|p2a: Dondozo|Earthquake|p1b: Flutter Mane|[spread] p1a,p1b\n|-miss|p2a: Dondozo|p2b: Tatsugiri\n|-crit|p1b: Flutter Mane\n|-damage|p1a: Iron Bundle|51\/100\n|-damage|p1b: Flutter Mane|0 fnt\n|faint|p1b: Flutter Mane\n|-end|p1b: Flutter Mane|Protosynthesis|[silent]\n|\n|-heal|p2a: Dondozo|39\/100|[from] item: Leftovers\n|upkeep\n|j| GooglePay\n|\n|t:|1683210320\n|switch|p1b: Chi-Yu|Chi-Yu, L50|100\/100\n|-ability|p1b: Chi-Yu|Beads of Ruin\n|turn|3\n|\n|t:|1683210336\n|move|p2a: Dondozo|Protect|p2a: Dondozo\n|-singleturn|p2a: Dondozo|Protect\n|move|p1a: Iron Bundle|Freeze-Dry|p2a: Dondozo\n|-activate|p2a: Dondozo|move: Protect\n|move|p1b: Chi-Yu|Dark Pulse|p2b: Tatsugiri|[miss]\n|-miss|p1b: Chi-Yu|p2b: Tatsugiri\n|\n|-heal|p2a: Dondozo|46\/100|[from] item: Leftovers\n|upkeep\n|turn|4\n|\n|t:|1683210347\n|move|p1a: Iron Bundle|Freeze-Dry|p2a: Dondozo\n|-supereffective|p2a: Dondozo\n|-damage|p2a: Dondozo|8\/100\n|-status|p2a: Dondozo|frz\n|move|p1b: Chi-Yu|Dark Pulse|p2b: Tatsugiri|[miss]\n|-miss|p1b: Chi-Yu|p2b: Tatsugiri\n|cant|p2a: Dondozo|frz\n|\n|-heal|p2a: Dondozo|15\/100 frz|[from] item: Leftovers\n|-sideend|p1: Maestro zoroli|move: Tailwind\n|upkeep\n|turn|5\n|c|\u2606D-Wrecks|Bro lost chi yu there\n|inactive|D-Wrecks has 30 seconds left.\n|\n|t:|1683210374\n|move|p1a: Iron Bundle|Freeze-Dry|p2a: Dondozo\n|-supereffective|p2a: Dondozo\n|-damage|p2a: Dondozo|0 fnt\n|faint|p2a: Dondozo\n|move|p1b: Chi-Yu|Dark Pulse|p2b: Tatsugiri\n|-damage|p2b: Tatsugiri|28\/100\n|\n|upkeep\n|j| takuchyan\n|inactive|D-Wrecks has 30 seconds left.\n|inactive|D-Wrecks has 20 seconds left.\n|\n|t:|1683210411\n|switch|p2a: Hanbei|Pawmot, L50, M, shiny|100\/100\n|turn|6\n|j| polkilox\n|\n|t:|1683210431\n|-terastallize|p1b: Chi-Yu|Ghost\n|move|p2a: Hanbei|Fake Out|p1a: Iron Bundle\n|-damage|p1a: Iron Bundle|37\/100\n|cant|p1a: Iron Bundle|flinch\n|move|p2b: Tatsugiri|Muddy Water|p1a: Iron Bundle|[spread] p1a,p1b\n|-resisted|p1a: Iron Bundle\n|-damage|p1a: Iron Bundle|0 fnt\n|-damage|p1b: Chi-Yu|63\/100\n|faint|p1a: Iron Bundle\n|-end|p1a: Iron Bundle|Quark Drive|[silent]\n|move|p1b: Chi-Yu|Heat Wave|p2b: Tatsugiri|[spread] p2b\n|-miss|p1b: Chi-Yu|p2a: Hanbei\n|-resisted|p2b: Tatsugiri\n|-damage|p2b: Tatsugiri|12\/100\n|\n|upkeep\n|\n|t:|1683210445\n|switch|p1a: Dragonite|Dragonite, L50, M|61\/100\n|turn|7\n|\n|t:|1683210464\n|switch|p2b: Wraith|Flutter Mane, L50, shiny|100\/100\n|move|p2a: Hanbei|Double Shock|p1b: Chi-Yu\n|-damage|p1b: Chi-Yu|0 fnt\n|-start|p2a: Hanbei|typechange|???\/Fighting|[from] move: Double Shock\n|faint|p1b: Chi-Yu\n|move|p1a: Dragonite|Tailwind|p1a: Dragonite\n|-sidestart|p1: Maestro zoroli|move: Tailwind\n|\n|upkeep\n|turn|8\n|-message|Maestro zoroli forfeited.\n|\n|win|D-Wrecks\n|raw|Maestro zoroli's rating: 1686 → 1662<\/strong> (-24 for losing)\n|raw|D-Wrecks's rating: 1621 → 1645<\/strong> (+24 for winning)\n|l|\u2606Maestro zoroli\n|c|\u2606D-Wrecks|Gg\n|l| GooglePay\n|c|\u2606D-Wrecks|Always target into the dozo guys\n|c|\u2606D-Wrecks|Dont rely on freeze like this dude\n","uploadtime":1683210529,"views":3,"p1id":"maestrozoroli","p2id":"dwrecks","formatid":"gen9vgc2023regulationc","rating":1645,"private":0,"password":""}