{"id":"gen9vgc2023regulationc-1850415563","p1":"Wata97","p2":"Cyclades","format":"[Gen 9] VGC 2023 Regulation C","log":"|j|\u2606Wata97\n|j|\u2606Cyclades\n|t:|1682333538\n|gametype|doubles\n|player|p1|Wata97|steven|1417\n|player|p2|Cyclades|pokekid|1489\n|teamsize|p1|6\n|teamsize|p2|6\n|gen|9\n|tier|[Gen 9] VGC 2023 Regulation C\n|rated|\n|rule|Species Clause: Limit one of each Pok\u00e9mon\n|rule|Item Clause: Limit one of each item\n|clearpoke\n|poke|p1|Amoonguss, L50, M|\n|poke|p1|Gholdengo, L50|\n|poke|p1|Chi-Yu, L50|\n|poke|p1|Talonflame, L50, F|\n|poke|p1|Iron Hands, L50|\n|poke|p1|Baxcalibur, L50, F|\n|poke|p2|Rotom-Wash, L50|\n|poke|p2|Ting-Lu, L50|\n|poke|p2|Arcanine, L50, F|\n|poke|p2|Flutter Mane, L50|\n|poke|p2|Amoonguss, L50, F|\n|poke|p2|Toxicroak, L50, M|\n|teampreview|4\n|inactive|Battle timer is ON: inactive players will automatically lose when time's up. (requested by Wata97)\nWata97 has agreed to open team sheets.\n|inactive|Cyclades has 60 seconds left.\n|\n|t:|1682333591\n|start\n|switch|p1a: Gholdengo|Gholdengo, L50|100\/100\n|switch|p1b: Chi-Yu|Chi-Yu, L50|100\/100\n|switch|p2a: Toxicroak|Toxicroak, L50, M, shiny|100\/100\n|switch|p2b: Arcanine|Arcanine, L50, F|100\/100\n|-ability|p1b: Chi-Yu|Beads of Ruin\n|-ability|p2b: Arcanine|Intimidate|boost\n|-unboost|p1a: Gholdengo|atk|1\n|-unboost|p1b: Chi-Yu|atk|1\n|turn|1\n|j| THUNDERSND77\n|inactive|Wata97 has 30 seconds left.\n|inactive|Cyclades has 30 seconds left.\n|\n|t:|1682333623\n|-terastallize|p1a: Gholdengo|Water\n|-terastallize|p2a: Toxicroak|Fire\n|move|p2a: Toxicroak|Fake Out|p1b: Chi-Yu\n|-damage|p1b: Chi-Yu|80\/100\n|move|p1a: Gholdengo|Tera Blast|p2b: Arcanine\n|-supereffective|p2b: Arcanine\n|-damage|p2b: Arcanine|0 fnt\n|faint|p2b: Arcanine\n|cant|p1b: Chi-Yu|flinch\n|\n|upkeep\n|\n|t:|1682333641\n|switch|p2b: Ting-Lu|Ting-Lu, L50|100\/100\n|-ability|p2b: Ting-Lu|Vessel of Ruin\n|turn|2\n|inactive|Cyclades has 30 seconds left.\n|\n|t:|1682333667\n|move|p1a: Gholdengo|Tera Blast|p2b: Ting-Lu\n|-supereffective|p2b: Ting-Lu\n|-damage|p2b: Ting-Lu|39\/100\n|move|p1b: Chi-Yu|Dark Pulse|p2a: Toxicroak\n|-damage|p2a: Toxicroak|68\/100\n|move|p2a: Toxicroak|Drain Punch|p1b: Chi-Yu\n|-supereffective|p1b: Chi-Yu\n|-damage|p1b: Chi-Yu|0 fnt\n|-heal|p2a: Toxicroak|99\/100|[from] drain|[of] p1b: Chi-Yu\n|faint|p1b: Chi-Yu\n|move|p2b: Ting-Lu|Snarl|p1a: Gholdengo\n|-damage|p1a: Gholdengo|89\/100\n|-unboost|p1a: Gholdengo|spa|1\n|\n|-heal|p2b: Ting-Lu|45\/100|[from] item: Leftovers\n|upkeep\n|\n|t:|1682333679\n|switch|p1b: Baxcalibur|Baxcalibur, L50, F|100\/100\n|turn|3\n|inactive|Cyclades has 30 seconds left.\n|\n|t:|1682333705\n|switch|p1a: Amoonguss|Amoonguss, L50, M|100\/100\n|move|p1b: Baxcalibur|Protect|p1b: Baxcalibur\n|-singleturn|p1b: Baxcalibur|Protect\n|move|p2a: Toxicroak|Drain Punch|p1b: Baxcalibur\n|-activate|p1b: Baxcalibur|move: Protect\n|move|p2b: Ting-Lu|Stomping Tantrum|p1a: Amoonguss\n|-damage|p1a: Amoonguss|70\/100\n|\n|-heal|p2b: Ting-Lu|51\/100|[from] item: Leftovers\n|-heal|p1a: Amoonguss|76\/100|[from] item: Leftovers\n|upkeep\n|turn|4\n|\n|t:|1682333728\n|move|p1a: Amoonguss|Rage Powder|p1a: Amoonguss\n|-singleturn|p1a: Amoonguss|move: Rage Powder\n|move|p2a: Toxicroak|Gunk Shot|p1a: Amoonguss|[miss]\n|-miss|p2a: Toxicroak|p1a: Amoonguss\n|move|p1b: Baxcalibur|Icicle Spear|p2b: Ting-Lu\n|-supereffective|p2b: Ting-Lu\n|-damage|p2b: Ting-Lu|33\/100\n|-supereffective|p2b: Ting-Lu\n|-damage|p2b: Ting-Lu|13\/100\n|-supereffective|p2b: Ting-Lu\n|-damage|p2b: Ting-Lu|0 fnt\n|faint|p2b: Ting-Lu\n|-hitcount|p2: Ting-Lu|3\n|\n|-heal|p1a: Amoonguss|82\/100|[from] item: Leftovers\n|upkeep\n|\n|t:|1682333741\n|switch|p2b: Flutter Mane|Flutter Mane, L50|100\/100\n|turn|5\n|\n|t:|1682333751\n|move|p2b: Flutter Mane|Protect|p2b: Flutter Mane\n|-singleturn|p2b: Flutter Mane|Protect\n|move|p1b: Baxcalibur|Protect|p1b: Baxcalibur\n|-singleturn|p1b: Baxcalibur|Protect\n|move|p2a: Toxicroak|Gunk Shot|p1a: Amoonguss\n|-damage|p1a: Amoonguss|37\/100\n|move|p1a: Amoonguss|Spore|p2b: Flutter Mane\n|-activate|p2b: Flutter Mane|move: Protect\n|\n|-heal|p1a: Amoonguss|43\/100|[from] item: Leftovers\n|upkeep\n|turn|6\n|\n|t:|1682333767\n|switch|p1b: Gholdengo|Gholdengo, L50, tera:Water|89\/100\n|move|p2b: Flutter Mane|Dazzling Gleam|p1b: Gholdengo|[spread] p1a,p1b\n|-resisted|p1a: Amoonguss\n|-damage|p1a: Amoonguss|29\/100\n|-damage|p1b: Gholdengo|52\/100\n|move|p2a: Toxicroak|Gunk Shot|p1a: Amoonguss\n|-damage|p1a: Amoonguss|0 fnt\n|faint|p1a: Amoonguss\n|\n|upkeep\n|\n|t:|1682333776\n|switch|p1a: Baxcalibur|Baxcalibur, L50, F|100\/100\n|turn|7\n|inactive|Cyclades has 30 seconds left.\n|inactive|Wata97 has 30 seconds left.\n|inactive|Cyclades has 20 seconds left.\n|\n|t:|1682333813\n|move|p2b: Flutter Mane|Protect|p2b: Flutter Mane\n|-singleturn|p2b: Flutter Mane|Protect\n|move|p1a: Baxcalibur|Ice Shard|p2b: Flutter Mane\n|-activate|p2b: Flutter Mane|move: Protect\n|move|p1b: Gholdengo|Shadow Ball|p2b: Flutter Mane\n|-activate|p2b: Flutter Mane|move: Protect\n|move|p2a: Toxicroak|Drain Punch|p1b: Gholdengo\n|-damage|p1b: Gholdengo|16\/100\n|-heal|p2a: Toxicroak|100\/100|[from] drain|[of] p1b: Gholdengo\n|\n|upkeep\n|turn|8\n|\n|t:|1682333835\n|move|p2a: Toxicroak|Sucker Punch|p1b: Gholdengo\n|-damage|p1b: Gholdengo|0 fnt\n|faint|p1b: Gholdengo\n|move|p2b: Flutter Mane|Moonblast|p1a: Baxcalibur\n|-supereffective|p1a: Baxcalibur\n|-damage|p1a: Baxcalibur|5\/100\n|move|p1a: Baxcalibur|Glaive Rush|p2a: Toxicroak\n|-damage|p2a: Toxicroak|0 fnt\n|-singlemove|p1a: Baxcalibur|Glaive Rush|[silent]\n|faint|p2a: Toxicroak\n|\n|upkeep\n|turn|9\n|\n|t:|1682333848\n|move|p1a: Baxcalibur|Ice Shard|p2b: Flutter Mane\n|-damage|p2b: Flutter Mane|45\/100\n|move|p2b: Flutter Mane|Moonblast|p1a: Baxcalibur\n|-supereffective|p1a: Baxcalibur\n|-damage|p1a: Baxcalibur|0 fnt\n|faint|p1a: Baxcalibur\n|\n|win|Cyclades\n|raw|Wata97's rating: 1417 → 1401<\/strong> (-16 for losing)\n|raw|Cyclades's rating: 1489 → 1505<\/strong> (+16 for winning)\n|l|\u2606Wata97\n|l| THUNDERSND77\n","uploadtime":1682333862,"views":24,"p1id":"wata97","p2id":"cyclades","formatid":"gen9vgc2023regulationc","rating":1401,"private":0,"password":""}