{"id":"gen9vgc2023regulationc-1863462703","p1":"rtjonesy","p2":"The Force Of Evil","format":"[Gen 9] VGC 2023 Regulation C","log":"|j|\u2606rtjonesy\n|j|\u2606The Force Of Evil\n|t:|1684020569\n|gametype|doubles\n|player|p1|rtjonesy|infielder|\n|player|p2|The Force Of Evil|hilda-wonderlauncher|\n|teamsize|p1|6\n|teamsize|p2|6\n|gen|9\n|tier|[Gen 9] VGC 2023 Regulation C\n|rated|Tournament battle\n|rule|Species Clause: Limit one of each Pok\u00e9mon\n|rule|Item Clause: Limit one of each item\n|clearpoke\n|poke|p1|Grimmsnarl, L50, M|\n|poke|p1|Annihilape, L50, M|\n|poke|p1|Flutter Mane, L50|\n|poke|p1|Chi-Yu, L50|\n|poke|p1|Arcanine, L50, M|\n|poke|p1|Baxcalibur, L50, F|\n|poke|p2|Dragapult, L50, M|\n|poke|p2|Arcanine, L50, F|\n|poke|p2|Amoonguss, L50, M|\n|poke|p2|Palafin, L50, M|\n|poke|p2|Chien-Pao, L50|\n|poke|p2|Iron Bundle, L50|\n|teampreview|4\n|raw| Open Team Sheet for rtjonesy<\/summary>Grimmsnarl (M) @ Light Clay Ability: Prankster Level: 50 Tera Type: Fire - Scary Face - Light Screen - Reflect - Spirit Break Annihilape @ Leftovers Ability: Defiant Level: 50 Tera Type: Fire - Drain Punch - Rage Fist - Bulk Up - Protect Flutter Mane @ Booster Energy Ability: Protosynthesis Level: 50 Tera Type: Fairy - Moonblast - Dazzling Gleam - Shadow Ball - Protect Chi-Yu @ Choice Scarf Ability: Beads of Ruin Level: 50 Tera Type: Ghost - Overheat - Heat Wave - Snarl - Dark Pulse Arcanine @ Safety Goggles Ability: Intimidate Level: 50 Tera Type: Water - Flare Blitz - Snarl - Will-O-Wisp - Protect Baxcalibur @ Clear Amulet Ability: Thermal Exchange Level: 50 Tera Type: Poison - Ice Shard - Glaive Rush - Icicle Crash - Protect <\/details><\/div> Open Team Sheet for The Force Of Evil<\/summary>Dragapult (M) @ Choice Band Ability: Clear Body Level: 50 Tera Type: Steel - Dragon Darts - U-turn - Phantom Force - Tera Blast Arcanine @ Safety Goggles Ability: Intimidate Level: 50 Tera Type: Water - Flare Blitz - Extreme Speed - Will-O-Wisp - Protect Amoonguss @ Sitrus Berry Ability: Regenerator Level: 50 Tera Type: Water - Pollen Puff - Spore - Rage Powder - Protect Palafin @ Mystic Water Ability: Zero to Hero Level: 50 Tera Type: Water - Wave Crash - Jet Punch - Substitute - Protect Chien-Pao @ Focus Sash Ability: Sword of Ruin Level: 50 Tera Type: Ghost - Ice Spinner - Sucker Punch - Sacred Sword - Protect Iron Bundle @ Booster Energy Ability: Quark Drive Level: 50 Tera Type: Ice - Blizzard - Hydro Pump - Aurora Veil - Protect <\/details><\/div>\n|inactive|Battle timer is ON: inactive players will automatically lose when time's up. (requested by The Force Of Evil)\n|inactive|The Force Of Evil has 60 seconds left.\n|\n|t:|1684020608\n|start\n|switch|p1a: Grimmsnarl|Grimmsnarl, L50, M|100\/100\n|switch|p1b: Annihilape|Annihilape, L50, M|100\/100\n|switch|p2a: Palafin|Palafin, L50, M|100\/100\n|switch|p2b: Arcanine|Arcanine, L50, F|100\/100\n|-ability|p2b: Arcanine|Intimidate|boost\n|-unboost|p1a: Grimmsnarl|atk|1\n|-unboost|p1b: Annihilape|atk|1\n|-ability|p1b: Annihilape|Defiant|boost\n|-boost|p1b: Annihilape|atk|2\n|turn|1\n|j| Radio Free C-Side\n|inactive|rtjonesy has 30 seconds left.\n|inactive|rtjonesy has 20 seconds left.\n|inactive|rtjonesy has 15 seconds left.\n|inactive|rtjonesy has 10 seconds left.\n|\n|t:|1684020654\n|detailschange|p2a: Palafin|Palafin-Hero, L50, M\n|switch|p2a: Amoonguss|Amoonguss, L50, M|100\/100\n|-terastallize|p1b: Annihilape|Fire\n|move|p1a: Grimmsnarl|Reflect|p1a: Grimmsnarl\n|-sidestart|p1: rtjonesy|Reflect\n|move|p2b: Arcanine|Will-O-Wisp|p1b: Annihilape\n|-immune|p1b: Annihilape\n|move|p1b: Annihilape|Rage Fist|p2a: Amoonguss\n|-damage|p2a: Amoonguss|74\/100\n|\n|upkeep\n|turn|2\n|inactive|The Force Of Evil has 30 seconds left.\n|\n|t:|1684020681\n|switch|p2b: Palafin|Palafin-Hero, L50, M|100\/100\n|-activate|p2b: Palafin|ability: Zero to Hero\n|switch|p1a: Baxcalibur|Baxcalibur, L50, F|100\/100\n|move|p1b: Annihilape|Protect|p1b: Annihilape\n|-singleturn|p1b: Annihilape|Protect\n|move|p2a: Amoonguss|Rage Powder|p2a: Amoonguss\n|-singleturn|p2a: Amoonguss|move: Rage Powder\n|\n|upkeep\n|turn|3\n|inactive|rtjonesy has 30 seconds left.\n|inactive|The Force Of Evil has 30 seconds left.\n|\n|t:|1684020724\n|move|p2b: Palafin|Protect|p2b: Palafin\n|-singleturn|p2b: Palafin|Protect\n|move|p1a: Baxcalibur|Icicle Crash|p2a: Amoonguss\n|-supereffective|p2a: Amoonguss\n|-damage|p2a: Amoonguss|0 fnt\n|faint|p2a: Amoonguss\n|move|p1b: Annihilape|Rage Fist|p2b: Palafin\n|-activate|p2b: Palafin|move: Protect\n|\n|upkeep\n|\n|t:|1684020729\n|switch|p2a: Arcanine|Arcanine, L50, F|100\/100\n|-ability|p2a: Arcanine|Intimidate|boost\n|-fail|p1a: Baxcalibur|unboost|[from] item: Clear Amulet|[of] p1a: Baxcalibur\n|-unboost|p1b: Annihilape|atk|1\n|-ability|p1b: Annihilape|Defiant|boost\n|-boost|p1b: Annihilape|atk|2\n|turn|4\n|\n|t:|1684020744\n|switch|p1a: Grimmsnarl|Grimmsnarl, L50, M|100\/100\n|-terastallize|p2b: Palafin|Water\n|move|p1b: Annihilape|Protect|p1b: Annihilape\n|-singleturn|p1b: Annihilape|Protect\n|move|p2b: Palafin|Jet Punch|p1b: Annihilape\n|-activate|p1b: Annihilape|move: Protect\n|move|p2a: Arcanine|Will-O-Wisp|p1a: Grimmsnarl\n|-status|p1a: Grimmsnarl|brn\n|\n|-damage|p1a: Grimmsnarl|95\/100 brn|[from] brn\n|upkeep\n|turn|5\n|inactive|rtjonesy has 30 seconds left.\n|\n|t:|1684020771\n|switch|p2a: Chien-Pao|Chien-Pao, L50|100\/100\n|-ability|p2a: Chien-Pao|Sword of Ruin\n|move|p2b: Palafin|Jet Punch|p1b: Annihilape\n|-supereffective|p1b: Annihilape\n|-damage|p1b: Annihilape|22\/100\n|move|p1a: Grimmsnarl|Scary Face|p2b: Palafin\n|-unboost|p2b: Palafin|spe|2\n|move|p1b: Annihilape|Bulk Up|p1b: Annihilape\n|-boost|p1b: Annihilape|atk|1\n|-boost|p1b: Annihilape|def|1\n|\n|-heal|p1b: Annihilape|28\/100|[from] item: Leftovers\n|-damage|p1a: Grimmsnarl|89\/100 brn|[from] brn\n|upkeep\n|turn|6\n|inactive|rtjonesy has 30 seconds left.\n|inactive|rtjonesy has 20 seconds left.\n|\n|t:|1684020813\n|move|p1b: Annihilape|Protect|p1b: Annihilape\n|-singleturn|p1b: Annihilape|Protect\n|move|p2a: Chien-Pao|Sucker Punch|p1a: Grimmsnarl\n|-resisted|p1a: Grimmsnarl\n|-damage|p1a: Grimmsnarl|80\/100 brn\n|move|p2b: Palafin|Jet Punch|p1b: Annihilape\n|-activate|p1b: Annihilape|move: Protect\n|move|p1a: Grimmsnarl|Spirit Break|p2a: Chien-Pao\n|-supereffective|p2a: Chien-Pao\n|-damage|p2a: Chien-Pao|59\/100\n|-unboost|p2a: Chien-Pao|spa|1\n|\n|-heal|p1b: Annihilape|35\/100|[from] item: Leftovers\n|-damage|p1a: Grimmsnarl|74\/100 brn|[from] brn\n|upkeep\n|turn|7\n|inactive|rtjonesy has 30 seconds left.\n|inactive|The Force Of Evil has 30 seconds left.\n|\n|t:|1684020843\n|switch|p1b: Baxcalibur|Baxcalibur, L50, F|100\/100\n|move|p2a: Chien-Pao|Sacred Sword|p1b: Baxcalibur\n|-supereffective|p1b: Baxcalibur\n|-damage|p1b: Baxcalibur|52\/100\n|move|p1a: Grimmsnarl|Spirit Break|p2a: Chien-Pao\n|-supereffective|p2a: Chien-Pao\n|-damage|p2a: Chien-Pao|18\/100\n|-unboost|p2a: Chien-Pao|spa|1\n|move|p2b: Palafin|Substitute|p2b: Palafin\n|-start|p2b: Palafin|Substitute\n|-damage|p2b: Palafin|76\/100\n|\n|-damage|p1a: Grimmsnarl|68\/100 brn|[from] brn\n|upkeep\n|turn|8\n|inactive|rtjonesy has 30 seconds left.\n|inactive|rtjonesy has 20 seconds left.\n|inactive|rtjonesy has 15 seconds left.\n|\n|t:|1684020885\n|move|p2a: Chien-Pao|Protect|p2a: Chien-Pao\n|-singleturn|p2a: Chien-Pao|Protect\n|move|p1b: Baxcalibur|Glaive Rush|p2b: Palafin\n|-end|p2b: Palafin|Substitute\n|-singlemove|p1b: Baxcalibur|Glaive Rush|[silent]\n|move|p1a: Grimmsnarl|Spirit Break|p2a: Chien-Pao\n|-activate|p2a: Chien-Pao|move: Protect\n|move|p2b: Palafin|Wave Crash|p1b: Baxcalibur\n|-resisted|p1b: Baxcalibur\n|-damage|p1b: Baxcalibur|0 fnt\n|faint|p1b: Baxcalibur\n|-damage|p2b: Palafin|59\/100|[from] Recoil\n|\n|-damage|p1a: Grimmsnarl|62\/100 brn|[from] brn\n|-sideend|p1: rtjonesy|Reflect\n|upkeep\n|\n|t:|1684020899\n|switch|p1b: Flutter Mane|Flutter Mane, L50|100\/100\n|-enditem|p1b: Flutter Mane|Booster Energy\n|-activate|p1b: Flutter Mane|ability: Protosynthesis|[fromitem]\n|-start|p1b: Flutter Mane|protosynthesisspe\n|turn|9\n|\n|t:|1684020919\n|switch|p2a: Arcanine|Arcanine, L50, F|100\/100\n|-ability|p2a: Arcanine|Intimidate|boost\n|-unboost|p1a: Grimmsnarl|atk|1\n|-unboost|p1b: Flutter Mane|atk|1\n|move|p1b: Flutter Mane|Protect|p1b: Flutter Mane\n|-singleturn|p1b: Flutter Mane|Protect\n|move|p2b: Palafin|Protect|p2b: Palafin\n|-singleturn|p2b: Palafin|Protect\n|move|p1a: Grimmsnarl|Spirit Break|p2b: Palafin\n|-activate|p2b: Palafin|move: Protect\n|\n|-damage|p1a: Grimmsnarl|56\/100 brn|[from] brn\n|upkeep\n|turn|10\n|inactive|The Force Of Evil has 30 seconds left.\n|\n|t:|1684020945\n|switch|p2b: Chien-Pao|Chien-Pao, L50|18\/100\n|-ability|p2b: Chien-Pao|Sword of Ruin\n|move|p1a: Grimmsnarl|Reflect|p1a: Grimmsnarl\n|-sidestart|p1: rtjonesy|Reflect\n|move|p1b: Flutter Mane|Moonblast|p2b: Chien-Pao\n|-supereffective|p2b: Chien-Pao\n|-damage|p2b: Chien-Pao|0 fnt\n|faint|p2b: Chien-Pao\n|move|p2a: Arcanine|Flare Blitz|p1b: Flutter Mane\n|-damage|p1b: Flutter Mane|49\/100\n|-damage|p2a: Arcanine|88\/100|[from] Recoil\n|\n|-damage|p1a: Grimmsnarl|50\/100 brn|[from] brn\n|upkeep\n|\n|t:|1684020952\n|switch|p2b: Palafin|Palafin-Hero, L50, M, tera:Water|59\/100\n|turn|11\n|\n|t:|1684020973\n|move|p1b: Flutter Mane|Protect|p1b: Flutter Mane\n|-singleturn|p1b: Flutter Mane|Protect\n|move|p2b: Palafin|Protect|p2b: Palafin\n|-singleturn|p2b: Palafin|Protect\n|move|p2a: Arcanine|Flare Blitz|p1a: Grimmsnarl\n|-damage|p1a: Grimmsnarl|13\/100 brn\n|-damage|p2a: Arcanine|76\/100|[from] Recoil\n|move|p1a: Grimmsnarl|Spirit Break|p2b: Palafin\n|-activate|p2b: Palafin|move: Protect\n|\n|-damage|p1a: Grimmsnarl|7\/100 brn|[from] brn\n|upkeep\n|turn|12\n|\n|t:|1684020995\n|switch|p1a: Annihilape|Annihilape, L50, M, tera:Fire|35\/100\n|move|p2a: Arcanine|Extreme Speed|p1a: Annihilape\n|-damage|p1a: Annihilape|24\/100\n|move|p2b: Palafin|Jet Punch|p1b: Flutter Mane\n|-damage|p1b: Flutter Mane|0 fnt\n|faint|p1b: Flutter Mane\n|-end|p1b: Flutter Mane|Protosynthesis|[silent]\n|\n|-heal|p1a: Annihilape|30\/100|[from] item: Leftovers\n|upkeep\n|\n|t:|1684021004\n|switch|p1b: Grimmsnarl|Grimmsnarl, L50, M|7\/100 brn\n|turn|13\n|c|\u2606The Force Of Evil|gg\n|\n|t:|1684021020\n|move|p1a: Annihilape|Protect|p1a: Annihilape\n|-singleturn|p1a: Annihilape|Protect\n|move|p2a: Arcanine|Extreme Speed|p1b: Grimmsnarl\n|-damage|p1b: Grimmsnarl|0 fnt\n|faint|p1b: Grimmsnarl\n|move|p2b: Palafin|Jet Punch|p1a: Annihilape\n|-activate|p1a: Annihilape|move: Protect\n|\n|-heal|p1a: Annihilape|36\/100|[from] item: Leftovers\n|upkeep\n|turn|14\n|c|\u2606rtjonesy|gg\n|\n|t:|1684021030\n|move|p2a: Arcanine|Extreme Speed|p1a: Annihilape\n|-damage|p1a: Annihilape|25\/100\n|move|p2b: Palafin|Jet Punch|p1a: Annihilape\n|-supereffective|p1a: Annihilape\n|-damage|p1a: Annihilape|0 fnt\n|faint|p1a: Annihilape\n|\n|win|The Force Of Evil\n|n|\u2606rtjonesy|rtjonesy\n|n|\u2606The Force Of Evil|theforceofevil\n|n| Radio Free C-Side|radiofreecside\n","uploadtime":1684021031,"views":8,"p1id":"rtjonesy","p2id":"theforceofevil","formatid":"gen9vgc2023regulationc","rating":0,"private":0,"password":""}