{"id":"gen9vgc2023regulationc-1860884961","p1":"MaxYoo","p2":"Blackleafogog","format":"[Gen 9] VGC 2023 Regulation C","log":"|j|\u2606MaxYoo\n|j|\u2606Blackleafogog\n|t:|1683690351\n|gametype|doubles\n|player|p1|MaxYoo|101|1402\n|player|p2|Blackleafogog|boarder|1374\n|teamsize|p1|6\n|teamsize|p2|6\n|gen|9\n|tier|[Gen 9] VGC 2023 Regulation C\n|rated|\n|rule|Species Clause: Limit one of each Pok\u00e9mon\n|rule|Item Clause: Limit one of each item\n|clearpoke\n|poke|p1|Dragonite, L50, F|\n|poke|p1|Chien-Pao, L50|\n|poke|p1|Murkrow, L50, F|\n|poke|p1|Gholdengo, L50|\n|poke|p1|Chi-Yu, L50|\n|poke|p1|Flutter Mane, L50|\n|poke|p2|Flamigo, L50, F|\n|poke|p2|Grimmsnarl, L50, M|\n|poke|p2|Ting-Lu, L50|\n|poke|p2|Corviknight, L50, F|\n|poke|p2|Iron Bundle, L50|\n|poke|p2|Brute Bonnet, L50|\n|teampreview|4\n|\n|t:|1683690408\n|start\n|switch|p1a: Gholdengo|Gholdengo, L50|100\/100\n|switch|p1b: Flutter Mane|Flutter Mane, L50|100\/100\n|switch|p2a: Grimmsnarl|Grimmsnarl, L50, M, shiny|100\/100\n|switch|p2b: Corviknight|Corviknight, L50, F, shiny|100\/100\n|-enditem|p1b: Flutter Mane|Booster Energy\n|-activate|p1b: Flutter Mane|ability: Protosynthesis|[fromitem]\n|-start|p1b: Flutter Mane|protosynthesisspe\n|turn|1\n|inactive|Battle timer is ON: inactive players will automatically lose when time's up. (requested by Blackleafogog)\n|\n|t:|1683690433\n|move|p2a: Grimmsnarl|Parting Shot|p1b: Flutter Mane\n|-unboost|p1b: Flutter Mane|atk|1\n|-unboost|p1b: Flutter Mane|spa|1\n|\n|t:|1683690438\n|switch|p2a: Ting-Lu|Ting-Lu, L50|100\/100|[from] Parting Shot\n|-ability|p2a: Ting-Lu|Vessel of Ruin\n|move|p1b: Flutter Mane|Moonblast|p2a: Ting-Lu\n|-supereffective|p2a: Ting-Lu\n|-damage|p2a: Ting-Lu|64\/100\n|-unboost|p2a: Ting-Lu|spa|1\n|move|p1a: Gholdengo|Thunderbolt|p2b: Corviknight\n|-supereffective|p2b: Corviknight\n|-damage|p2b: Corviknight|59\/100\n|move|p2b: Corviknight|Tailwind|p2b: Corviknight\n|-sidestart|p2: Blackleafogog|move: Tailwind\n|\n|upkeep\n|turn|2\n|\n|t:|1683690462\n|-terastallize|p2a: Ting-Lu|Ground\n|-terastallize|p1a: Gholdengo|Water\n|move|p1b: Flutter Mane|Protect|p1b: Flutter Mane\n|-singleturn|p1b: Flutter Mane|Protect\n|move|p2b: Corviknight|Bulk Up|p2b: Corviknight\n|-boost|p2b: Corviknight|atk|1\n|-boost|p2b: Corviknight|def|1\n|move|p2a: Ting-Lu|Earthquake|p1b: Flutter Mane|[spread] p1a\n|-activate|p1b: Flutter Mane|move: Protect\n|-immune|p2b: Corviknight\n|-damage|p1a: Gholdengo|19\/100\n|move|p1a: Gholdengo|Thunderbolt|p2b: Corviknight\n|-supereffective|p2b: Corviknight\n|-damage|p2b: Corviknight|14\/100\n|\n|upkeep\n|turn|3\n|inactive|MaxYoo has 30 seconds left.\n|\n|t:|1683690489\n|-end|p1b: Flutter Mane|Protosynthesis|[silent]\n|switch|p1b: Murkrow|Murkrow, L50, F|100\/100\n|move|p2b: Corviknight|Brave Bird|p1b: Murkrow\n|-damage|p1b: Murkrow|57\/100\n|-damage|p2b: Corviknight|2\/100|[from] Recoil\n|move|p2a: Ting-Lu|Earthquake|p1a: Gholdengo|[spread] p1a\n|-immune|p2b: Corviknight\n|-immune|p1b: Murkrow\n|-damage|p1a: Gholdengo|0 fnt\n|faint|p1a: Gholdengo\n|\n|upkeep\n|\n|t:|1683690508\n|switch|p1a: Flutter Mane|Flutter Mane, L50|100\/100\n|turn|4\n|inactive|MaxYoo has 30 seconds left.\n|\n|t:|1683690540\n|move|p1b: Murkrow|Tailwind|p1b: Murkrow\n|-sidestart|p1: MaxYoo|move: Tailwind\n|move|p1a: Flutter Mane|Moonblast|p2a: Ting-Lu\n|-damage|p2a: Ting-Lu|40\/100\n|-unboost|p2a: Ting-Lu|spa|1\n|move|p2b: Corviknight|Brave Bird|p1b: Murkrow\n|-damage|p1b: Murkrow|8\/100\n|-damage|p2b: Corviknight|0 fnt|[from] Recoil\n|faint|p2b: Corviknight\n|move|p2a: Ting-Lu|Earthquake|p1b: Murkrow|[spread] p1a\n|-immune|p1b: Murkrow\n|-damage|p1a: Flutter Mane|0 fnt\n|faint|p1a: Flutter Mane\n|-end|p1a: Flutter Mane|Protosynthesis|[silent]\n|\n|-sideend|p2: Blackleafogog|move: Tailwind\n|upkeep\n|\n|t:|1683690557\n|switch|p1a: Chi-Yu|Chi-Yu, L50|100\/100\n|switch|p2b: Grimmsnarl|Grimmsnarl, L50, M, shiny|100\/100\n|-ability|p1a: Chi-Yu|Beads of Ruin\n|turn|5\n|\n|t:|1683690570\n|move|p2b: Grimmsnarl|Fake Out|p1b: Murkrow\n|-damage|p1b: Murkrow|0 fnt\n|faint|p1b: Murkrow\n|move|p1a: Chi-Yu|Dark Pulse|p2a: Ting-Lu\n|-damage|p2a: Ting-Lu|5\/100\n|move|p2a: Ting-Lu|Earthquake|p1a: Chi-Yu|[spread] p2b,p1a\n|-supereffective|p1a: Chi-Yu\n|-damage|p2b: Grimmsnarl|5\/100\n|-damage|p1a: Chi-Yu|0 fnt\n|faint|p1a: Chi-Yu\n|\n|win|Blackleafogog\n|raw|MaxYoo's rating: 1402 → 1380<\/strong> (-22 for losing)\n|raw|Blackleafogog's rating: 1374 → 1396<\/strong> (+22 for winning)\n|l|\u2606MaxYoo\n","uploadtime":1683690607,"views":13,"p1id":"maxyoo","p2id":"blackleafogog","formatid":"gen9vgc2023regulationc","rating":1380,"private":0,"password":""}