{"id":"gen9vgc2023regulationc-1852925335","p1":"nogm","p2":"Nehzzy","format":"[Gen 9] VGC 2023 Regulation C","log":"|j|\u2606nogm\n|j|\u2606Nehzzy\n|t:|1682617808\n|gametype|doubles\n|player|p1|nogm|preschooler|1281\n|player|p2|Nehzzy|steven|1257\n|teamsize|p1|6\n|teamsize|p2|6\n|gen|9\n|tier|[Gen 9] VGC 2023 Regulation C\n|rated|\n|rule|Species Clause: Limit one of each Pok\u00e9mon\n|rule|Item Clause: Limit one of each item\n|clearpoke\n|poke|p1|Ceruledge, L50, M|\n|poke|p1|Glimmora, L50, M|\n|poke|p1|Flutter Mane, L50|\n|poke|p1|Maushold, L50|\n|poke|p1|Iron Bundle, L50|\n|poke|p1|Dragonite, L50, F|\n|poke|p2|Palafin, L50, M|\n|poke|p2|Arcanine, L50, F|\n|poke|p2|Flutter Mane, L50|\n|poke|p2|Amoonguss, L50, M|\n|poke|p2|Ting-Lu, L50|\n|poke|p2|Baxcalibur, L50, M|\n|teampreview|4\n|inactive|Battle timer is ON: inactive players will automatically lose when time's up. (requested by nogm)\nNehzzy has agreed to open team sheets.\n|inactive|nogm has 60 seconds left.\n|\n|t:|1682617842\n|start\n|switch|p1a: Glimmora|Glimmora, L50, M|100\/100\n|switch|p1b: Iron Bundle|Iron Bundle, L50|100\/100\n|switch|p2a: Flutter Mane|Flutter Mane, L50|100\/100\n|switch|p2b: Palafin|Palafin, L50, M|100\/100\n|-enditem|p1b: Iron Bundle|Booster Energy\n|-activate|p1b: Iron Bundle|ability: Quark Drive|[fromitem]\n|-start|p1b: Iron Bundle|quarkdrivespe\n|turn|1\n|\n|t:|1682617865\n|detailschange|p2b: Palafin|Palafin-Hero, L50, M\n|switch|p2b: Arcanine|Arcanine, L50, F|100\/100\n|-ability|p2b: Arcanine|Intimidate|boost\n|-unboost|p1a: Glimmora|atk|1\n|-unboost|p1b: Iron Bundle|atk|1\n|-terastallize|p2a: Flutter Mane|Fairy\n|move|p1b: Iron Bundle|Freeze-Dry|p2b: Arcanine\n|-resisted|p2b: Arcanine\n|-damage|p2b: Arcanine|82\/100\n|move|p2a: Flutter Mane|Dazzling Gleam|p1b: Iron Bundle|[spread] p1a,p1b\n|-resisted|p1a: Glimmora\n|-damage|p1a: Glimmora|81\/100\n|-damage|p1b: Iron Bundle|0 fnt\n|faint|p1b: Iron Bundle\n|-end|p1b: Iron Bundle|Quark Drive|[silent]\n|move|p1a: Glimmora|Sludge Bomb|p2a: Flutter Mane\n|-supereffective|p2a: Flutter Mane\n|-damage|p2a: Flutter Mane|0 fnt\n|faint|p2a: Flutter Mane\n|-end|p2a: Flutter Mane|Protosynthesis|[silent]\n|\n|upkeep\n|\n|t:|1682617883\n|switch|p1b: Ceruledge|Ceruledge, L50, M|100\/100\n|switch|p2a: Palafin|Palafin-Hero, L50, M|100\/100\n|-activate|p2a: Palafin|ability: Zero to Hero\n|turn|2\n|inactive|nogm has 30 seconds left.\n|\n|t:|1682617909\n|-terastallize|p1b: Ceruledge|Grass\n|move|p2a: Palafin|Protect|p2a: Palafin\n|-singleturn|p2a: Palafin|Protect\n|move|p2b: Arcanine|Howl|p2b: Arcanine|[spread] p2a,p2b\n|-boost|p2a: Palafin|atk|1\n|-boost|p2b: Arcanine|atk|1\n|move|p1a: Glimmora|Energy Ball|p2a: Palafin\n|-activate|p2a: Palafin|move: Protect\n|move|p1b: Ceruledge|Bulk Up|p1b: Ceruledge\n|-boost|p1b: Ceruledge|atk|1\n|-boost|p1b: Ceruledge|def|1\n|\n|upkeep\n|turn|3\n|\n|t:|1682617928\n|move|p2b: Arcanine|Extreme Speed|p1b: Ceruledge\n|-damage|p1b: Ceruledge|74\/100\n|move|p2a: Palafin|Jet Punch|p1a: Glimmora\n|-supereffective|p1a: Glimmora\n|-damage|p1a: Glimmora|0 fnt\n|-activate|p1a: Glimmora|ability: Toxic Debris\n|-sidestart|p2: Nehzzy|move: Toxic Spikes\n|faint|p1a: Glimmora\n|move|p1b: Ceruledge|Bitter Blade|p2a: Palafin\n|-resisted|p2a: Palafin\n|-damage|p2a: Palafin|68\/100\n|-heal|p1b: Ceruledge|92\/100|[from] drain|[of] p2a: Palafin\n|\n|upkeep\n|\n|t:|1682617934\n|switch|p1a: Maushold|Maushold, L50|100\/100\n|turn|4\n|\n|t:|1682617948\n|move|p1a: Maushold|Protect|p1a: Maushold\n|-singleturn|p1a: Maushold|Protect\n|move|p1b: Ceruledge|Shadow Sneak|p2a: Palafin\n|-damage|p2a: Palafin|39\/100\n|move|p2b: Arcanine|Flare Blitz|p1a: Maushold\n|-activate|p1a: Maushold|move: Protect\n|move|p2a: Palafin|Haze|p2a: Palafin\n|-clearallboost\n|\n|upkeep\n|turn|5\n|\n|t:|1682617966\n|move|p1a: Maushold|Follow Me|p1a: Maushold\n|-singleturn|p1a: Maushold|move: Follow Me\n|move|p2a: Palafin|Jet Punch|p1a: Maushold\n|-damage|p1a: Maushold|55\/100\n|move|p2b: Arcanine|Flare Blitz|p1a: Maushold\n|-damage|p1a: Maushold|9\/100\n|-damage|p2b: Arcanine|68\/100|[from] Recoil\n|move|p1b: Ceruledge|Close Combat|p2a: Palafin\n|-damage|p2a: Palafin|1\/100\n|-unboost|p1b: Ceruledge|def|1\n|-unboost|p1b: Ceruledge|spd|1\n|\n|upkeep\n|turn|6\n|\n|t:|1682617986\n|move|p1a: Maushold|Protect|p1a: Maushold\n|-singleturn|p1a: Maushold|Protect\n|move|p2a: Palafin|Protect|p2a: Palafin\n|-singleturn|p2a: Palafin|Protect\n|move|p2b: Arcanine|Extreme Speed|p1b: Ceruledge\n|-damage|p1b: Ceruledge|64\/100\n|move|p1b: Ceruledge|Shadow Sneak|p2a: Palafin\n|-activate|p2a: Palafin|move: Protect\n|\n|upkeep\n|turn|7\n|\n|t:|1682618001\n|move|p2b: Arcanine|Extreme Speed|p1b: Ceruledge\n|-damage|p1b: Ceruledge|33\/100\n|move|p2a: Palafin|Jet Punch|p1a: Maushold\n|-damage|p1a: Maushold|0 fnt\n|faint|p1a: Maushold\n|move|p1b: Ceruledge|Shadow Sneak|p2a: Palafin\n|-damage|p2a: Palafin|0 fnt\n|faint|p2a: Palafin\n|\n|upkeep\n|\n|t:|1682618010\n|switch|p2a: Ting-Lu|Ting-Lu, L50|100\/100\n|-status|p2a: Ting-Lu|psn\n|-ability|p2a: Ting-Lu|Vessel of Ruin\n|turn|8\n|\n|t:|1682618018\n|move|p2b: Arcanine|Howl|p2b: Arcanine|[spread] p2a,p2b\n|-boost|p2a: Ting-Lu|atk|1\n|-boost|p2b: Arcanine|atk|1\n|move|p1b: Ceruledge|Bitter Blade|p2a: Ting-Lu\n|-damage|p2a: Ting-Lu|72\/100 psn\n|-heal|p1b: Ceruledge|54\/100|[from] drain|[of] p2a: Ting-Lu\n|move|p2a: Ting-Lu|Sand Tomb|p1b: Ceruledge|[miss]\n|-miss|p2a: Ting-Lu|p1b: Ceruledge\n|\n|-damage|p2a: Ting-Lu|60\/100 psn|[from] psn\n|upkeep\n|turn|9\n|\n|t:|1682618031\n|move|p2b: Arcanine|Extreme Speed|p1b: Ceruledge\n|-damage|p1b: Ceruledge|0 fnt\n|faint|p1b: Ceruledge\n|\n|win|Nehzzy\n|raw|nogm's rating: 1281 → 1254<\/strong> (-27 for losing)\n|raw|Nehzzy's rating: 1257 → 1284<\/strong> (+27 for winning)\n|c|\u2606Nehzzy|Gg\n|c|\u2606nogm|gg\n|l|\u2606nogm\n","uploadtime":1682618044,"views":5,"p1id":"nogm","p2id":"nehzzy","formatid":"gen9vgc2023regulationc","rating":1254,"private":0,"password":""}