{"id":"gen9vgc2023regulationc-1855627666","p1":"ShatteredPugVGC","p2":"Elf_Army_007","format":"[Gen 9] VGC 2023 Regulation C","log":"|j|\u2606ShatteredPugVGC\n|j|\u2606Elf_Army_007\n|t:|1682967782\n|gametype|doubles\n|player|p1|ShatteredPugVGC|266|1192\n|player|p2|Elf_Army_007|102|1152\n|teamsize|p1|6\n|teamsize|p2|6\n|gen|9\n|tier|[Gen 9] VGC 2023 Regulation C\n|rated|\n|rule|Species Clause: Limit one of each Pok\u00e9mon\n|rule|Item Clause: Limit one of each item\n|clearpoke\n|poke|p1|Wo-Chien, L50|\n|poke|p1|Scream Tail, L50|\n|poke|p1|Arcanine, L50, M|\n|poke|p1|Amoonguss, L50, M|\n|poke|p1|Flutter Mane, L50|\n|poke|p1|Rotom-Wash, L50|\n|poke|p2|Garganacl, L50, F|\n|poke|p2|Amoonguss, L50, F|\n|poke|p2|Gastrodon, L50, F|\n|poke|p2|Dragapult, L50, M|\n|poke|p2|Chien-Pao, L50|\n|poke|p2|Iron Hands, L50|\n|teampreview|4\n|inactive|Battle timer is ON: inactive players will automatically lose when time's up. (requested by Elf_Army_007)\n|inactive|ShatteredPugVGC has 60 seconds left.\n|inactive|Elf_Army_007 has 60 seconds left.\n|\n|t:|1682967838\n|start\n|switch|p1a: Flutter Mane|Flutter Mane, L50|100\/100\n|switch|p1b: Amoonguss|Amoonguss, L50, M|100\/100\n|switch|p2a: Garganacl|Garganacl, L50, F|100\/100\n|switch|p2b: Shrom41Mor|Amoonguss, L50, F|100\/100\n|turn|1\n|inactive|ShatteredPugVGC has 30 seconds left.\n|\n|t:|1682967871\n|-end|p1a: Flutter Mane|Protosynthesis|[silent]\n|switch|p1a: Wo-Chien|Wo-Chien, L50|100\/100\n|-ability|p1a: Wo-Chien|Tablets of Ruin\n|move|p2a: Garganacl|Protect|p2a: Garganacl\n|-singleturn|p2a: Garganacl|Protect\n|move|p1b: Amoonguss|Pollen Puff|p2b: Shrom41Mor\n|-damage|p2b: Shrom41Mor|87\/100\n|move|p2b: Shrom41Mor|Spore|p1a: Wo-Chien\n|-immune|p1a: Wo-Chien\n|\n|upkeep\n|turn|2\n|\n|t:|1682967890\n|switch|p1b: Flutter Mane|Flutter Mane, L50|100\/100\n|move|p1a: Wo-Chien|Protect|p1a: Wo-Chien\n|-singleturn|p1a: Wo-Chien|Protect\n|move|p2a: Garganacl|Salt Cure|p1a: Wo-Chien\n|-activate|p1a: Wo-Chien|move: Protect\n|move|p2b: Shrom41Mor|Pollen Puff|p1a: Wo-Chien\n|-activate|p1a: Wo-Chien|move: Protect\n|\n|upkeep\n|turn|3\n|\n|t:|1682967904\n|switch|p1a: Amoonguss|Amoonguss, L50, M|100\/100\n|move|p1b: Flutter Mane|Protect|p1b: Flutter Mane\n|-singleturn|p1b: Flutter Mane|Protect\n|move|p2a: Garganacl|Salt Cure|p1a: Amoonguss\n|-damage|p1a: Amoonguss|88\/100\n|-start|p1a: Amoonguss|Salt Cure\n|move|p2b: Shrom41Mor|Pollen Puff|p1b: Flutter Mane\n|-activate|p1b: Flutter Mane|move: Protect\n|\n|-damage|p1a: Amoonguss|76\/100|[from] Salt Cure\n|upkeep\n|turn|4\n|\n|t:|1682967931\n|move|p1b: Flutter Mane|Moonblast|p2a: Garganacl\n|-damage|p2a: Garganacl|32\/100\n|-unboost|p2a: Garganacl|spa|1\n|-enditem|p2a: Garganacl|Sitrus Berry|[eat]\n|-heal|p2a: Garganacl|57\/100|[from] item: Sitrus Berry\n|-damage|p1b: Flutter Mane|91\/100|[from] item: Life Orb\n|move|p2a: Garganacl|Salt Cure|p1b: Flutter Mane\n|-damage|p1b: Flutter Mane|65\/100\n|-start|p1b: Flutter Mane|Salt Cure\n|move|p1a: Amoonguss|Pollen Puff|p2b: Shrom41Mor\n|-damage|p2b: Shrom41Mor|74\/100\n|move|p2b: Shrom41Mor|Spore|p1b: Flutter Mane\n|-status|p1b: Flutter Mane|slp|[from] move: Spore\n|\n|-damage|p1b: Flutter Mane|53\/100 slp|[from] Salt Cure\n|-damage|p1a: Amoonguss|64\/100|[from] Salt Cure\n|upkeep\n|turn|5\n|inactive|Elf_Army_007 has 30 seconds left.\n|\n|t:|1682967963\n|cant|p1b: Flutter Mane|slp\n|move|p2a: Garganacl|Salt Cure|p1b: Flutter Mane\n|-damage|p1b: Flutter Mane|21\/100 slp\n|move|p1a: Amoonguss|Pollen Puff|p1b: Flutter Mane\n|-heal|p1b: Flutter Mane|71\/100 slp\n|move|p2b: Shrom41Mor|Pollen Puff|p1a: Amoonguss\n|-damage|p1a: Amoonguss|47\/100\n|\n|-damage|p1b: Flutter Mane|59\/100 slp|[from] Salt Cure\n|-damage|p1a: Amoonguss|35\/100|[from] Salt Cure\n|upkeep\n|turn|6\n|\n|t:|1682967980\n|-curestatus|p1b: Flutter Mane|slp|[msg]\n|move|p1b: Flutter Mane|Shadow Ball|p2b: Shrom41Mor\n|-damage|p2b: Shrom41Mor|35\/100\n|-damage|p1b: Flutter Mane|49\/100|[from] item: Life Orb\n|move|p2a: Garganacl|Salt Cure|p1b: Flutter Mane\n|-damage|p1b: Flutter Mane|22\/100\n|move|p1a: Amoonguss|Pollen Puff|p1b: Flutter Mane\n|-heal|p1b: Flutter Mane|72\/100\n|move|p2b: Shrom41Mor|Pollen Puff|p1a: Amoonguss\n|-damage|p1a: Amoonguss|20\/100\n|\n|-damage|p1b: Flutter Mane|60\/100|[from] Salt Cure\n|-damage|p1a: Amoonguss|7\/100|[from] Salt Cure\n|upkeep\n|turn|7\n|\n|t:|1682968000\n|switch|p1a: Arcanine|Arcanine, L50, M|100\/100\n|-ability|p1a: Arcanine|Intimidate|boost\n|-unboost|p2a: Garganacl|atk|1\n|-unboost|p2b: Shrom41Mor|atk|1\n|move|p1b: Flutter Mane|Protect|p1b: Flutter Mane\n|-singleturn|p1b: Flutter Mane|Protect\n|move|p2b: Shrom41Mor|Rage Powder|p2b: Shrom41Mor\n|-singleturn|p2b: Shrom41Mor|move: Rage Powder\n|move|p2a: Garganacl|Recover|p2a: Garganacl\n|-heal|p2a: Garganacl|100\/100\n|\n|-damage|p1b: Flutter Mane|48\/100|[from] Salt Cure\n|upkeep\n|turn|8\n|\n|t:|1682968015\n|move|p2b: Shrom41Mor|Protect|p2b: Shrom41Mor\n|-singleturn|p2b: Shrom41Mor|Protect\n|move|p1b: Flutter Mane|Moonblast|p2a: Garganacl\n|-damage|p2a: Garganacl|40\/100\n|-unboost|p2a: Garganacl|spa|1\n|-damage|p1b: Flutter Mane|38\/100|[from] item: Life Orb\n|move|p1a: Arcanine|Flare Blitz|p2b: Shrom41Mor\n|-activate|p2b: Shrom41Mor|move: Protect\n|move|p2a: Garganacl|Salt Cure|p1a: Arcanine\n|-supereffective|p1a: Arcanine\n|-damage|p1a: Arcanine|82\/100\n|-start|p1a: Arcanine|Salt Cure\n|\n|-damage|p1b: Flutter Mane|26\/100|[from] Salt Cure\n|-damage|p1a: Arcanine|70\/100|[from] Salt Cure\n|upkeep\n|turn|9\n|\n|t:|1682968035\n|-end|p1b: Flutter Mane|Protosynthesis|[silent]\n|switch|p1b: Amoonguss|Amoonguss, L50, M|40\/100\n|move|p2b: Shrom41Mor|Rage Powder|p2b: Shrom41Mor\n|-singleturn|p2b: Shrom41Mor|move: Rage Powder\n|move|p1a: Arcanine|Close Combat|p2a: Garganacl\n|-supereffective|p2a: Garganacl\n|-damage|p2a: Garganacl|7\/100\n|-unboost|p1a: Arcanine|def|1\n|-unboost|p1a: Arcanine|spd|1\n|move|p2a: Garganacl|Salt Cure|p1b: Amoonguss\n|-damage|p1b: Amoonguss|33\/100\n|-start|p1b: Amoonguss|Salt Cure\n|\n|-damage|p1a: Arcanine|58\/100|[from] Salt Cure\n|-damage|p1b: Amoonguss|21\/100|[from] Salt Cure\n|upkeep\n|turn|10\n|\n|t:|1682968059\n|switch|p1a: Flutter Mane|Flutter Mane, L50|26\/100\n|move|p2a: Garganacl|Protect|p2a: Garganacl\n|-singleturn|p2a: Garganacl|Protect\n|move|p2b: Shrom41Mor|Protect|p2b: Shrom41Mor\n|-singleturn|p2b: Shrom41Mor|Protect\n|move|p1b: Amoonguss|Pollen Puff|p1a: Flutter Mane\n|-heal|p1a: Flutter Mane|76\/100\n|\n|-damage|p1b: Amoonguss|9\/100|[from] Salt Cure\n|upkeep\n|turn|11\n|\n|t:|1682968072\n|switch|p1b: Wo-Chien|Wo-Chien, L50|100\/100\n|-ability|p1b: Wo-Chien|Tablets of Ruin\n|move|p2a: Garganacl|Wide Guard|p2a: Garganacl\n|-singleturn|p2a: Garganacl|Wide Guard\n|move|p1a: Flutter Mane|Shadow Ball|p2b: Shrom41Mor\n|-damage|p2b: Shrom41Mor|0 fnt\n|faint|p2b: Shrom41Mor\n|-damage|p1a: Flutter Mane|66\/100|[from] item: Life Orb\n|\n|upkeep\n|\n|t:|1682968091\n|switch|p2b: Dragapult|Dragapult, L50, M|100\/100\n|turn|12\n|\n|t:|1682968117\n|-end|p1a: Flutter Mane|Protosynthesis|[silent]\n|switch|p1a: Amoonguss|Amoonguss, L50, M|42\/100\n|-terastallize|p2b: Dragapult|Fairy\n|move|p2a: Garganacl|Protect||[still]\n|-fail|p2a: Garganacl\n|move|p2b: Dragapult|Shadow Ball|p1a: Amoonguss\n|-damage|p1a: Amoonguss|0 fnt\n|faint|p1a: Amoonguss\n|-damage|p2b: Dragapult|91\/100|[from] item: Life Orb\n|move|p1b: Wo-Chien|Trailblaze|p2a: Garganacl\n|-supereffective|p2a: Garganacl\n|-damage|p2a: Garganacl|0 fnt\n|-boost|p1b: Wo-Chien|spe|1\n|faint|p2a: Garganacl\n|\n|upkeep\n|\n|t:|1682968135\n|switch|p2a: Gastrodon|Gastrodon, L50, F, shiny|100\/100\n|switch|p1a: Arcanine|Arcanine, L50, M|58\/100\n|-ability|p1a: Arcanine|Intimidate|boost\n|-unboost|p2a: Gastrodon|atk|1\n|-fail|p2b: Dragapult|unboost|[from] ability: Clear Body|[of] p2b: Dragapult\n|turn|13\n|\n|t:|1682968146\n|-terastallize|p1b: Wo-Chien|Fire\n|move|p2a: Gastrodon|Protect|p2a: Gastrodon\n|-singleturn|p2a: Gastrodon|Protect\n|move|p2b: Dragapult|Surf|p1a: Arcanine|[spread] p1a,p1b\n|-activate|p2a: Gastrodon|move: Protect\n|-supereffective|p1a: Arcanine\n|-supereffective|p1b: Wo-Chien\n|-damage|p1a: Arcanine|6\/100\n|-damage|p1b: Wo-Chien|64\/100\n|-damage|p2b: Dragapult|81\/100|[from] item: Life Orb\n|move|p1b: Wo-Chien|Trailblaze|p2b: Dragapult\n|-damage|p2b: Dragapult|51\/100\n|-boost|p1b: Wo-Chien|spe|1\n|move|p1a: Arcanine|Snarl|p2a: Gastrodon|[spread] p2b\n|-activate|p2a: Gastrodon|move: Protect\n|-resisted|p2b: Dragapult\n|-damage|p2b: Dragapult|45\/100\n|\n|upkeep\n|turn|14\n|inactive|ShatteredPugVGC has 30 seconds left.\n|\n|t:|1682968173\n|move|p1b: Wo-Chien|Power Whip|p2a: Gastrodon\n|-supereffective|p2a: Gastrodon\n|-damage|p2a: Gastrodon|0 fnt\n|faint|p2a: Gastrodon\n|move|p2b: Dragapult|Surf|p1b: Wo-Chien|[spread] p1a,p1b\n|-supereffective|p1a: Arcanine\n|-supereffective|p1b: Wo-Chien\n|-damage|p1a: Arcanine|0 fnt\n|-damage|p1b: Wo-Chien|20\/100\n|faint|p1a: Arcanine\n|-damage|p2b: Dragapult|35\/100|[from] item: Life Orb\n|\n|upkeep\n|\n|t:|1682968176\n|switch|p1a: Flutter Mane|Flutter Mane, L50|66\/100\n|turn|15\n|\n|t:|1682968191\n|move|p1b: Wo-Chien|Power Whip|p2b: Dragapult\n|-damage|p2b: Dragapult|0 fnt\n|faint|p2b: Dragapult\n|\n|win|ShatteredPugVGC\n|raw|ShatteredPugVGC's rating: 1192 → 1214<\/strong> (+22 for winning)\n|raw|Elf_Army_007's rating: 1152 → 1130<\/strong> (-22 for losing)\n","uploadtime":1682968203,"views":16,"p1id":"shatteredpugvgc","p2id":"elfarmy007","formatid":"gen9vgc2023regulationc","rating":1130,"private":0,"password":""}