{"id":"gen9vgc2023regulationc-1861518511","p1":"idolhunter28273","p2":"tokidokidoki","format":"[Gen 9] VGC 2023 Regulation C","log":"|j|\u2606idolhunter28273\n|j|\u2606tokidokidoki\n|t:|1683767850\n|gametype|doubles\n|player|p1|idolhunter28273|101|\n|player|p2|tokidokidoki|2|\n|teamsize|p1|6\n|teamsize|p2|6\n|gen|9\n|tier|[Gen 9] VGC 2023 Regulation C\n|rule|Species Clause: Limit one of each Pok\u00e9mon\n|rule|Item Clause: Limit one of each item\n|clearpoke\n|poke|p1|Murkrow, L50, M|\n|poke|p1|Flutter Mane, L50|\n|poke|p1|Great Tusk, L50|\n|poke|p1|Chi-Yu, L50|\n|poke|p1|Gyarados, L50, F|\n|poke|p1|Brute Bonnet, L50|\n|poke|p2|Baxcalibur, L50, F|\n|poke|p2|Chi-Yu, L50|\n|poke|p2|Ting-Lu, L50|\n|poke|p2|Flutter Mane, L50|\n|poke|p2|Gyarados, L50, F|\n|poke|p2|Amoonguss, L50, M|\n|teampreview|4\nidolhunter28273 has agreed to open team sheets.\n|j| danthem\n|c|\u2606idolhunter28273|glhf\ntokidokidoki has agreed to open team sheets.\n|c|\u2606tokidokidoki|Best of luck!\n|c|\u2606tokidokidoki|Though maybe less this time\n|c|\u2606idolhunter28273|you too\n|j| lobstersauce27\n|c| danthem|you fool they had best of luck last game\n|c| danthem|why would you give them that again\n|j| DankestDad\n|c|\u2606idolhunter28273|yes treu\n|\n|t:|1683767977\n|start\n|switch|p1a: Murkrow|Murkrow, L50, M|100\/100\n|switch|p1b: Flutter Mane|Flutter Mane, L50|100\/100\n|switch|p2a: Gyarados|Gyarados, L50, F|100\/100\n|switch|p2b: Ting-Lu|Ting-Lu, L50|100\/100\n|-ability|p2a: Gyarados|Intimidate|boost\n|-unboost|p1a: Murkrow|atk|1\n|-unboost|p1b: Flutter Mane|atk|1\n|-ability|p2b: Ting-Lu|Vessel of Ruin\n|turn|1\n|\n|t:|1683768095\n|-end|p1b: Flutter Mane|Protosynthesis|[silent]\n|switch|p1b: Great Tusk|Great Tusk, L50|100\/100\n|move|p1a: Murkrow|Sunny Day|p1a: Murkrow\n|-weather|SunnyDay\n|-activate|p1b: Great Tusk|ability: Protosynthesis\n|-start|p1b: Great Tusk|protosynthesisatk\n|move|p2a: Gyarados|Thunder Wave|p1a: Murkrow\n|-status|p1a: Murkrow|par\n|move|p2b: Ting-Lu|Heavy Slam|p1b: Great Tusk\n|-damage|p1b: Great Tusk|89\/100\n|\n|-weather|SunnyDay|[upkeep]\n|upkeep\n|turn|2\n|\n|t:|1683768157\n|switch|p2a: Baxcalibur|Baxcalibur, L50, F|100\/100\n|move|p1a: Murkrow|Tailwind|p1a: Murkrow\n|-sidestart|p1: idolhunter28273|move: Tailwind\n|move|p1b: Great Tusk|Rock Slide|p2b: Ting-Lu|[spread] p2b\n|-miss|p1b: Great Tusk|p2a: Baxcalibur\n|-resisted|p2b: Ting-Lu\n|-damage|p2b: Ting-Lu|92\/100\n|move|p2b: Ting-Lu|Fissure|p1b: Great Tusk|[miss]\n|-miss|p2b: Ting-Lu|p1b: Great Tusk\n|\n|-weather|SunnyDay|[upkeep]\n|upkeep\n|turn|3\n|\n|t:|1683768232\n|-terastallize|p2a: Baxcalibur|Water\n|move|p1b: Great Tusk|Rock Slide|p2b: Ting-Lu|[spread] p2a,p2b\n|-resisted|p2b: Ting-Lu\n|-damage|p2a: Baxcalibur|75\/100\n|-damage|p2b: Ting-Lu|84\/100\n|cant|p2a: Baxcalibur|flinch\n|cant|p1a: Murkrow|par\n|cant|p2b: Ting-Lu|flinch\n|\n|-weather|SunnyDay|[upkeep]\n|upkeep\n|turn|4\n|c|\u2606tokidokidoki|real\n|c| danthem|why would you give them the best of luck dude\n|c|\u2606idolhunter28273|yes very real\n|\n|t:|1683768288\n|switch|p1a: Gyarados|Gyarados, L50, F|100\/100\n|-ability|p1a: Gyarados|Intimidate|boost\n|-unboost|p2a: Baxcalibur|atk|1\n|-unboost|p2b: Ting-Lu|atk|1\n|move|p1b: Great Tusk|Rock Slide|p2a: Baxcalibur|[spread] p2a,p2b\n|-resisted|p2b: Ting-Lu\n|-damage|p2a: Baxcalibur|50\/100\n|-damage|p2b: Ting-Lu|75\/100\n|move|p2a: Baxcalibur|Icicle Spear|p1b: Great Tusk\n|-supereffective|p1b: Great Tusk\n|-damage|p1b: Great Tusk|76\/100\n|-supereffective|p1b: Great Tusk\n|-damage|p1b: Great Tusk|61\/100\n|-supereffective|p1b: Great Tusk\n|-damage|p1b: Great Tusk|47\/100\n|-supereffective|p1b: Great Tusk\n|-damage|p1b: Great Tusk|32\/100\n|-hitcount|p1b: Great Tusk|4\n|cant|p2b: Ting-Lu|flinch\n|\n|-weather|SunnyDay|[upkeep]\n|upkeep\n|turn|5\n|\n|t:|1683768401\n|switch|p2b: Gyarados|Gyarados, L50, F|100\/100\n|-ability|p2b: Gyarados|Intimidate|boost\n|-unboost|p1a: Gyarados|atk|1\n|-unboost|p1b: Great Tusk|atk|1\n|move|p2a: Baxcalibur|Protect|p2a: Baxcalibur\n|-singleturn|p2a: Baxcalibur|Protect\n|move|p1b: Great Tusk|Rock Slide|p2b: Gyarados|[spread] p2b\n|-activate|p2a: Baxcalibur|move: Protect\n|-supereffective|p2b: Gyarados\n|-damage|p2b: Gyarados|65\/100\n|move|p1a: Gyarados|Waterfall|p2b: Gyarados\n|-resisted|p2b: Gyarados\n|-damage|p2b: Gyarados|59\/100\n|\n|-weather|none\n|-end|p1b: Great Tusk|Protosynthesis\n|-sideend|p1: idolhunter28273|move: Tailwind\n|upkeep\n|turn|6\n|\n|t:|1683768493\n|-end|p1b: Great Tusk|Protosynthesis|[silent]\n|switch|p1b: Flutter Mane|Flutter Mane, L50|100\/100\n|move|p1a: Gyarados|Thunder Wave|p2a: Baxcalibur|[miss]\n|-miss|p1a: Gyarados|p2a: Baxcalibur\n|move|p2a: Baxcalibur|Icicle Spear|p1b: Flutter Mane\n|-damage|p1b: Flutter Mane|89\/100\n|-damage|p1b: Flutter Mane|77\/100\n|-damage|p1b: Flutter Mane|65\/100\n|-damage|p1b: Flutter Mane|53\/100\n|-hitcount|p1b: Flutter Mane|4\n|move|p2b: Gyarados|Taunt|p1a: Gyarados\n|-start|p1a: Gyarados|move: Taunt\n|\n|upkeep\n|turn|7\n|\n|t:|1683768588\n|switch|p2b: Chi-Yu|Chi-Yu, L50|100\/100\n|-ability|p2b: Chi-Yu|Beads of Ruin\n|-terastallize|p1b: Flutter Mane|Fairy\n|move|p2a: Baxcalibur|Protect|p2a: Baxcalibur\n|-singleturn|p2a: Baxcalibur|Protect\n|move|p1b: Flutter Mane|Dazzling Gleam|p2b: Chi-Yu|[spread] p2b\n|-activate|p2a: Baxcalibur|move: Protect\n|-damage|p2b: Chi-Yu|41\/100\n|move|p1a: Gyarados|Waterfall|p2b: Chi-Yu\n|-supereffective|p2b: Chi-Yu\n|-damage|p2b: Chi-Yu|0 fnt\n|faint|p2b: Chi-Yu\n|\n|upkeep\n|\n|t:|1683768617\n|switch|p2b: Gyarados|Gyarados, L50, F|59\/100\n|-ability|p2b: Gyarados|Intimidate|boost\n|-unboost|p1a: Gyarados|atk|1\n|-unboost|p1b: Flutter Mane|atk|1\n|turn|8\n|\n|t:|1683768672\n|switch|p2a: Ting-Lu|Ting-Lu, L50|75\/100\n|-ability|p2a: Ting-Lu|Vessel of Ruin\n|move|p1b: Flutter Mane|Dazzling Gleam|p2a: Ting-Lu|[spread] p2a,p2b\n|-supereffective|p2a: Ting-Lu\n|-crit|p2a: Ting-Lu\n|-damage|p2a: Ting-Lu|16\/100\n|-damage|p2b: Gyarados|22\/100\n|move|p1a: Gyarados|Waterfall|p2b: Gyarados\n|-resisted|p2b: Gyarados\n|-damage|p2b: Gyarados|11\/100\n|move|p2b: Gyarados|Waterfall|p1b: Flutter Mane\n|-damage|p1b: Flutter Mane|8\/100\n|\n|upkeep\n|turn|9\n|\n|t:|1683768765\n|switch|p1a: Murkrow|Murkrow, L50, M|100\/100 par\n|move|p1b: Flutter Mane|Dazzling Gleam|p2a: Ting-Lu|[spread] p2a,p2b\n|-supereffective|p2a: Ting-Lu\n|-crit|p2a: Ting-Lu\n|-damage|p2a: Ting-Lu|0 fnt\n|-damage|p2b: Gyarados|0 fnt\n|faint|p2a: Ting-Lu\n|faint|p2b: Gyarados\n|\n|upkeep\n|\n|t:|1683768777\n|switch|p2b: Baxcalibur|Baxcalibur, L50, F, tera:Water|50\/100\n|turn|10\n|\n|t:|1683768794\n|move|p2b: Baxcalibur|Ice Shard|p1b: Flutter Mane\n|-damage|p1b: Flutter Mane|0 fnt\n|faint|p1b: Flutter Mane\n|-end|p1b: Flutter Mane|Protosynthesis|[silent]\n|cant|p1a: Murkrow|par\n|\n|upkeep\n|\n|t:|1683768802\n|switch|p1b: Gyarados|Gyarados, L50, F|100\/100\n|-ability|p1b: Gyarados|Intimidate|boost\n|-unboost|p2b: Baxcalibur|atk|1\n|turn|11\n|\n|t:|1683768827\n|move|p1b: Gyarados|Waterfall|p2b: Baxcalibur\n|-resisted|p2b: Baxcalibur\n|-damage|p2b: Baxcalibur|31\/100\n|move|p2b: Baxcalibur|Icicle Spear|p1b: Gyarados\n|-damage|p1b: Gyarados|88\/100\n|-damage|p1b: Gyarados|77\/100\n|-damage|p1b: Gyarados|64\/100\n|-damage|p1b: Gyarados|50\/100\n|-hitcount|p1b: Gyarados|4\n|move|p1a: Murkrow|Foul Play|p2b: Baxcalibur\n|-damage|p2b: Baxcalibur|4\/100\n|\n|upkeep\n|turn|12\n|\n|t:|1683768858\n|move|p1b: Gyarados|Waterfall|p2b: Baxcalibur\n|-resisted|p2b: Baxcalibur\n|-damage|p2b: Baxcalibur|0 fnt\n|faint|p2b: Baxcalibur\n|\n|win|idolhunter28273\n|c| danthem|gg\n|c|\u2606tokidokidoki|gg\n|c|\u2606idolhunter28273|gg\n|c|\u2606tokidokidoki|what next\n|c|\u2606idolhunter28273|lobstersauce is pilot for others\n|c|\u2606tokidokidoki|OK\n|c|\u2606idolhunter28273|hes sending singles\n|l|\u2606idolhunter28273\n|l| DankestDad\n|l| lobstersauce27\n","uploadtime":1683768919,"views":19,"p1id":"idolhunter28273","p2id":"tokidokidoki","formatid":"gen9vgc2023regulationc","rating":0,"private":0,"password":""}