{"id":"gen9vgc2023regulationc-1862133151","p1":"Chuybreton8","p2":"TonnyDolfing","format":"[Gen 9] VGC 2023 Regulation C","log":"|j|\u2606Chuybreton8\n|j|\u2606TonnyDolfing\n|t:|1683840487\n|gametype|doubles\n|player|p1|Chuybreton8|1|1233\n|player|p2|TonnyDolfing|lucas-gen4pt|1208\n|teamsize|p1|6\n|teamsize|p2|6\n|gen|9\n|tier|[Gen 9] VGC 2023 Regulation C\n|rated|\n|rule|Species Clause: Limit one of each Pok\u00e9mon\n|rule|Item Clause: Limit one of each item\n|clearpoke\n|poke|p1|Annihilape, L50, M|\n|poke|p1|Chi-Yu, L50|\n|poke|p1|Maushold, L50|\n|poke|p1|Iron Bundle, L50|\n|poke|p1|Amoonguss, L50, F|\n|poke|p1|Scizor, L50, M|\n|poke|p2|Abomasnow, L50, M|\n|poke|p2|Chien-Pao, L50|\n|poke|p2|Kingambit, L50, F|\n|poke|p2|Dondozo, L50, M|\n|poke|p2|Garganacl, L50, F|\n|poke|p2|Ting-Lu, L50|\n|teampreview|4\n|j| venomania\n|inactive|Battle timer is ON: inactive players will automatically lose when time's up. (requested by TonnyDolfing)\n|\n|t:|1683840539\n|start\n|switch|p1a: Chi-Yu|Chi-Yu, L50|100\/100\n|switch|p1b: Iron Bundle|Iron Bundle, L50|100\/100\n|switch|p2a: Garganacl|Garganacl, L50, F|100\/100\n|switch|p2b: Abomasnow|Abomasnow, L50, M|100\/100\n|-ability|p1a: Chi-Yu|Beads of Ruin\n|-weather|Snow|[from] ability: Snow Warning|[of] p2b: Abomasnow\n|-enditem|p1b: Iron Bundle|Booster Energy\n|-activate|p1b: Iron Bundle|ability: Quark Drive|[fromitem]\n|-start|p1b: Iron Bundle|quarkdrivespe\n|turn|1\n|\n|t:|1683840561\n|move|p2a: Garganacl|Protect|p2a: Garganacl\n|-singleturn|p2a: Garganacl|Protect\n|move|p1b: Iron Bundle|Hydro Pump|p2a: Garganacl\n|-activate|p2a: Garganacl|move: Protect\n|move|p1a: Chi-Yu|Heat Wave|p2b: Abomasnow|[spread] p2b\n|-activate|p2a: Garganacl|move: Protect\n|-supereffective|p2b: Abomasnow\n|-damage|p2b: Abomasnow|0 fnt\n|faint|p2b: Abomasnow\n|\n|-weather|Snow|[upkeep]\n|upkeep\n|\n|t:|1683840572\n|switch|p2b: Kingambit|Kingambit, L50, F|100\/100\n|turn|2\n|\n|t:|1683840580\n|move|p2b: Kingambit|Protect|p2b: Kingambit\n|-singleturn|p2b: Kingambit|Protect\n|move|p1b: Iron Bundle|Hydro Pump|p2a: Garganacl\n|-supereffective|p2a: Garganacl\n|-damage|p2a: Garganacl|0 fnt\n|faint|p2a: Garganacl\n|move|p1a: Chi-Yu|Heat Wave|p2b: Kingambit\n|-activate|p2b: Kingambit|move: Protect\n|\n|-weather|Snow|[upkeep]\n|upkeep\n|\n|t:|1683840589\n|switch|p2a: Chien-Pao|Chien-Pao, L50|100\/100\n|-ability|p2a: Chien-Pao|Sword of Ruin\n|turn|3\n|\n|t:|1683840606\n|move|p1b: Iron Bundle|Hydro Pump|p2b: Kingambit\n|-damage|p2b: Kingambit|51\/100\n|move|p2a: Chien-Pao|Sheer Cold|p1a: Chi-Yu\n|-damage|p1a: Chi-Yu|0 fnt\n|faint|p1a: Chi-Yu\n|-ohko\n|move|p2b: Kingambit|Guillotine|p1b: Iron Bundle\n|-damage|p1b: Iron Bundle|0 fnt\n|faint|p1b: Iron Bundle\n|-end|p1b: Iron Bundle|Quark Drive|[silent]\n|-ohko\n|\n|-weather|Snow|[upkeep]\n|upkeep\n|\n|t:|1683840613\n|switch|p1b: Annihilape|Annihilape, L50, M|100\/100\n|switch|p1a: Scizor|Scizor, L50, M|100\/100\n|turn|4\n|inactive|TonnyDolfing has 30 seconds left.\n|\n|t:|1683840640\n|-terastallize|p2a: Chien-Pao|Ghost\n|-terastallize|p1a: Scizor|Water\n|move|p2a: Chien-Pao|Sheer Cold|p1a: Scizor|[miss]\n|-miss|p2a: Chien-Pao|p1a: Scizor\n|move|p1b: Annihilape|Drain Punch|p2a: Chien-Pao\n|-immune|p2a: Chien-Pao\n|move|p1a: Scizor|Close Combat|p2b: Kingambit\n|-supereffective|p2b: Kingambit\n|-damage|p2b: Kingambit|0 fnt\n|-unboost|p1a: Scizor|def|1\n|-unboost|p1a: Scizor|spd|1\n|faint|p2b: Kingambit\n|-damage|p1a: Scizor|91\/100|[from] item: Life Orb\n|\n|-weather|Snow|[upkeep]\n|upkeep\n|turn|5\n|\n|t:|1683840656\n|move|p1a: Scizor|Bullet Punch|p2a: Chien-Pao\n|-damage|p2a: Chien-Pao|56\/100\n|-damage|p1a: Scizor|81\/100|[from] item: Life Orb\n|move|p2a: Chien-Pao|Sheer Cold|p1a: Scizor|[miss]\n|-miss|p2a: Chien-Pao|p1a: Scizor\n|move|p1b: Annihilape|Rage Fist|p2a: Chien-Pao\n|-supereffective|p2a: Chien-Pao\n|-damage|p2a: Chien-Pao|13\/100\n|\n|-weather|none\n|upkeep\n|turn|6\n|\n|t:|1683840674\n|move|p2a: Chien-Pao|Sucker Punch|p1a: Scizor\n|-damage|p1a: Scizor|24\/100\n|move|p1a: Scizor|Bullet Punch|p2a: Chien-Pao\n|-crit|p2a: Chien-Pao\n|-damage|p2a: Chien-Pao|0 fnt\n|faint|p2a: Chien-Pao\n|-damage|p1a: Scizor|15\/100|[from] item: Life Orb\n|\n|win|Chuybreton8\n|raw|Chuybreton8's rating: 1233 → 1256<\/strong> (+23 for winning)\n|raw|TonnyDolfing's rating: 1208 → 1185<\/strong> (-23 for losing)\n|l| venomania\n|c|\u2606TonnyDolfing|gg\n|l|\u2606Chuybreton8\n","uploadtime":1683840679,"views":24,"p1id":"chuybreton8","p2id":"tonnydolfing","formatid":"gen9vgc2023regulationc","rating":1185,"private":0,"password":""}