{"id":"gen9vgc2023regulationc-1855011601","p1":"sasavegeta","p2":"Ashster64","format":"[Gen 9] VGC 2023 Regulation C","log":"|j|\u2606sasavegeta\n|j|\u2606Ashster64\n|t:|1682890760\n|gametype|doubles\n|player|p1|sasavegeta|smasher|1192\n|player|p2|Ashster64|hilbert|1118\n|teamsize|p1|6\n|teamsize|p2|6\n|gen|9\n|tier|[Gen 9] VGC 2023 Regulation C\n|rated|\n|rule|Species Clause: Limit one of each Pok\u00e9mon\n|rule|Item Clause: Limit one of each item\n|clearpoke\n|poke|p1|Iron Bundle, L50|\n|poke|p1|Flutter Mane, L50|\n|poke|p1|Ting-Lu, L50|\n|poke|p1|Arcanine, L50, F|\n|poke|p1|Amoonguss, L50, F|\n|poke|p1|Dragonite, L50, M|\n|poke|p2|Lycanroc, L50, M|\n|poke|p2|Tyranitar, L50, F|\n|poke|p2|Amoonguss, L50, F|\n|poke|p2|Flutter Mane, L50|\n|poke|p2|Ting-Lu, L50|\n|poke|p2|Gyarados, L50, F|\n|teampreview|4\n|inactive|Battle timer is ON: inactive players will automatically lose when time's up. (requested by sasavegeta)\n|c|\u2606Ashster64|glhf\nAshster64 has agreed to open team sheets.\n|inactive|sasavegeta has 60 seconds left.\n|inactive|Ashster64 has 60 seconds left.\nsasavegeta rejected open team sheets.\n|inactive|sasavegeta has 30 seconds left.\n|c|\u2606sasavegeta|glhf\n|j| Cooltrizzle\n|inactive|sasavegeta has 20 seconds left.\n|inactive|sasavegeta has 15 seconds left.\n|\n|t:|1682890840\n|start\n|switch|p1a: Iron Bundle|Iron Bundle, L50|100\/100\n|switch|p1b: Arcanine|Arcanine, L50, F|100\/100\n|switch|p2a: Flutter Mane|Flutter Mane, L50|100\/100\n|switch|p2b: Gyarados|Gyarados, L50, F, shiny|100\/100\n|-ability|p1b: Arcanine|Intimidate|boost\n|-unboost|p2a: Flutter Mane|atk|1\n|-unboost|p2b: Gyarados|atk|1\n|-ability|p2b: Gyarados|Intimidate|boost\n|-unboost|p1a: Iron Bundle|atk|1\n|-unboost|p1b: Arcanine|atk|1\n|-enditem|p2a: Flutter Mane|Booster Energy\n|-activate|p2a: Flutter Mane|ability: Protosynthesis|[fromitem]\n|-start|p2a: Flutter Mane|protosynthesisspa\n|turn|1\n|inactive|sasavegeta has 30 seconds left.\n|inactive|Ashster64 has 30 seconds left.\n|\n|t:|1682890873\n|move|p1a: Iron Bundle|Icy Wind|p2a: Flutter Mane|[spread] p2a,p2b\n|-damage|p2a: Flutter Mane|81\/100\n|-damage|p2b: Gyarados|87\/100\n|-unboost|p2a: Flutter Mane|spe|1\n|-unboost|p2b: Gyarados|spe|1\n|move|p1b: Arcanine|Will-O-Wisp|p2b: Gyarados\n|-status|p2b: Gyarados|brn\n|move|p2a: Flutter Mane|Thunderbolt|p1a: Iron Bundle\n|-supereffective|p1a: Iron Bundle\n|-enditem|p1a: Iron Bundle|Focus Sash\n|-damage|p1a: Iron Bundle|1\/100\n|move|p2b: Gyarados|Thunder Wave|p1b: Arcanine\n|-status|p1b: Arcanine|par\n|\n|-damage|p2b: Gyarados|81\/100 brn|[from] brn\n|upkeep\n|turn|2\n|inactive|sasavegeta has 30 seconds left.\n|inactive|Ashster64 has 30 seconds left.\n|inactive|sasavegeta has 20 seconds left.\n|inactive|Ashster64 has 20 seconds left.\n|inactive|sasavegeta has 15 seconds left.\n|inactive|sasavegeta has 10 seconds left.\n|inactive|sasavegeta has 5 seconds left.\n|\n|t:|1682890925\n|move|p1a: Iron Bundle|Freeze-Dry|p2b: Gyarados\n|-supereffective|p2b: Gyarados\n|-damage|p2b: Gyarados|0 fnt\n|faint|p2b: Gyarados\n|move|p2a: Flutter Mane|Shadow Ball|p1b: Arcanine\n|-damage|p1b: Arcanine|42\/100 par\n|-unboost|p1b: Arcanine|spd|1\n|move|p1b: Arcanine|Flare Blitz|p2a: Flutter Mane\n|-damage|p2a: Flutter Mane|19\/100\n|-damage|p1b: Arcanine|27\/100 par|[from] Recoil\n|\n|upkeep\n|\n|t:|1682890941\n|switch|p2b: Tyranitar|Tyranitar, L50, F|100\/100\n|-weather|Sandstorm|[from] ability: Sand Stream|[of] p2b: Tyranitar\n|turn|3\n|\n|t:|1682890963\n|move|p1a: Iron Bundle|Freeze-Dry|p2a: Flutter Mane\n|-damage|p2a: Flutter Mane|0 fnt\n|faint|p2a: Flutter Mane\n|-end|p2a: Flutter Mane|Protosynthesis|[silent]\n|move|p2b: Tyranitar|Rock Slide|p1a: Iron Bundle|[spread] p1a,p1b\n|-supereffective|p1a: Iron Bundle\n|-crit|p1a: Iron Bundle\n|-supereffective|p1b: Arcanine\n|-damage|p1a: Iron Bundle|0 fnt\n|-damage|p1b: Arcanine|0 fnt\n|faint|p1a: Iron Bundle\n|-end|p1a: Iron Bundle|Quark Drive|[silent]\n|faint|p1b: Arcanine\n|\n|-weather|Sandstorm|[upkeep]\n|upkeep\n|l| Cooltrizzle\n|\n|t:|1682890977\n|switch|p1a: Dragonite|Dragonite, L50, M|100\/100\n|switch|p2a: Ting-Lu|Ting-Lu, L50|100\/100\n|switch|p1b: Flutter Mane|Flutter Mane, L50|100\/100\n|-ability|p2a: Ting-Lu|Vessel of Ruin\n|-enditem|p1b: Flutter Mane|Booster Energy\n|-activate|p1b: Flutter Mane|ability: Protosynthesis|[fromitem]\n|-start|p1b: Flutter Mane|protosynthesisspa\n|turn|4\n|inactive|sasavegeta has 30 seconds left.\n|inactive|Ashster64 has 30 seconds left.\n|\n|t:|1682891009\n|-terastallize|p1b: Flutter Mane|Fairy\n|-terastallize|p2b: Tyranitar|Flying\n|move|p1b: Flutter Mane|Dazzling Gleam|p2a: Ting-Lu|[spread] p2a,p2b\n|-supereffective|p2a: Ting-Lu\n|-crit|p2a: Ting-Lu\n|-damage|p2a: Ting-Lu|15\/100\n|-damage|p2b: Tyranitar|75\/100\n|-enditem|p2a: Ting-Lu|Sitrus Berry|[eat]\n|-heal|p2a: Ting-Lu|40\/100|[from] item: Sitrus Berry\n|move|p1a: Dragonite|Low Kick|p2a: Ting-Lu\n|-supereffective|p2a: Ting-Lu\n|-damage|p2a: Ting-Lu|0 fnt\n|faint|p2a: Ting-Lu\n|move|p2b: Tyranitar|Rock Slide|p1b: Flutter Mane|[spread] p1a,p1b\n|-supereffective|p1a: Dragonite\n|-damage|p1a: Dragonite|64\/100\n|-damage|p1b: Flutter Mane|45\/100\n|\n|-weather|Sandstorm|[upkeep]\n|-damage|p1b: Flutter Mane|39\/100|[from] Sandstorm\n|-damage|p1a: Dragonite|58\/100|[from] Sandstorm\n|-damage|p2b: Tyranitar|70\/100|[from] Sandstorm\n|upkeep\n|turn|5\n|\n|t:|1682891031\n|move|p1b: Flutter Mane|Moonblast|p2b: Tyranitar\n|-damage|p2b: Tyranitar|18\/100\n|move|p1a: Dragonite|Low Kick|p2b: Tyranitar\n|-resisted|p2b: Tyranitar\n|-damage|p2b: Tyranitar|0 fnt\n|faint|p2b: Tyranitar\n|\n|win|sasavegeta\n|raw|sasavegeta's rating: 1192 → 1212<\/strong> (+20 for winning)\n|raw|Ashster64's rating: 1118 → 1098<\/strong> (-20 for losing)\n|c|\u2606Ashster64|gg\n|c|\u2606sasavegeta|ggs\n|l|\u2606Ashster64\n","uploadtime":1682891048,"views":13,"p1id":"sasavegeta","p2id":"ashster64","formatid":"gen9vgc2023regulationc","rating":1098,"private":0,"password":""}