{"id":"gen9vgc2023regulationc-1861361913","p1":"Fluttermane<3","p2":"Alfredd2640","format":"[Gen 9] VGC 2023 Regulation C","log":"|j|\u2606Fluttermane<3\n|j|\u2606Alfredd2640\n|t:|1683749625\n|gametype|doubles\n|player|p1|Fluttermane<3|cynthia|1216\n|player|p2|Alfredd2640|cynthia-gen4|1303\n|teamsize|p1|6\n|teamsize|p2|6\n|gen|9\n|tier|[Gen 9] VGC 2023 Regulation C\n|rated|\n|rule|Species Clause: Limit one of each Pok\u00e9mon\n|rule|Item Clause: Limit one of each item\n|clearpoke\n|poke|p1|Dragapult, L50, F|\n|poke|p1|Gyarados, L50, F|\n|poke|p1|Chien-Pao, L50|\n|poke|p1|Amoonguss, L50, F|\n|poke|p1|Arcanine, L50, M|\n|poke|p1|Dragalge, L50, F|\n|poke|p2|Rotom-Heat, L50|\n|poke|p2|Gastrodon, L50, F|\n|poke|p2|Amoonguss, L50, F|\n|poke|p2|Scizor, L50, M|\n|poke|p2|Flutter Mane, L50|\n|poke|p2|Arcanine, L50, M|\n|teampreview|4\n|inactive|Battle timer is ON: inactive players will automatically lose when time's up. (requested by Alfredd2640)\n|j| Showdown Stalker\n|inactive|Fluttermane<3 has 60 seconds left.\n|\n|t:|1683749656\n|start\n|switch|p1a: Chien-Pao|Chien-Pao, L50|100\/100\n|switch|p1b: Dragapult|Dragapult, L50, F|100\/100\n|switch|p2a: Rotom|Rotom-Heat, L50, shiny|100\/100\n|switch|p2b: Cha Siu|Arcanine, L50, M|100\/100\n|-ability|p1a: Chien-Pao|Sword of Ruin\n|-ability|p2b: Cha Siu|Intimidate|boost\n|-unboost|p1a: Chien-Pao|atk|1\n|-fail|p1b: Dragapult|unboost|[from] ability: Clear Body|[of] p1b: Dragapult\n|turn|1\n|inactive|Alfredd2640 has 30 seconds left.\n|\n|t:|1683749686\n|move|p1a: Chien-Pao|Protect|p1a: Chien-Pao\n|-singleturn|p1a: Chien-Pao|Protect\n|move|p1b: Dragapult|Dragon Darts|p2a: Rotom\n|-damage|p2a: Rotom|52\/100\n|-anim|p1b: Dragapult|Dragon Darts|p2b: Cha Siu\n|-damage|p2b: Cha Siu|47\/100\n|move|p2b: Cha Siu|Will-O-Wisp|p1b: Dragapult\n|-status|p1b: Dragapult|brn\n|move|p2a: Rotom|Volt Switch|p1a: Chien-Pao\n|-activate|p1a: Chien-Pao|move: Protect\n|\n|-damage|p1b: Dragapult|94\/100 brn|[from] brn\n|upkeep\n|turn|2\n|inactive|Fluttermane<3 has 30 seconds left.\n|inactive|Alfredd2640 has 30 seconds left.\n|\n|t:|1683749717\n|switch|p2b: Amoonguss|Amoonguss, L50, F|100\/100\n|move|p1b: Dragapult|Dragon Darts|p2b: Amoonguss\n|-damage|p2b: Amoonguss|77\/100\n|-anim|p1b: Dragapult|Dragon Darts|p2a: Rotom\n|-damage|p2a: Rotom|27\/100\n|move|p1a: Chien-Pao|Sacred Sword|p2b: Amoonguss\n|-resisted|p2b: Amoonguss\n|-damage|p2b: Amoonguss|64\/100\n|move|p2a: Rotom|Volt Switch|p1a: Chien-Pao\n|-damage|p1a: Chien-Pao|48\/100\n|\n|t:|1683749729\n|switch|p2a: Flutter Mane|Flutter Mane, L50|100\/100|[from] Volt Switch\n|\n|-damage|p1b: Dragapult|88\/100 brn|[from] brn\n|upkeep\n|turn|3\n|inactive|Fluttermane<3 has 30 seconds left.\n|\n|t:|1683749754\n|switch|p1b: Amoonguss|Amoonguss, L50, F|100\/100\n|move|p1a: Chien-Pao|Protect|p1a: Chien-Pao\n|-singleturn|p1a: Chien-Pao|Protect\n|move|p2b: Amoonguss|Protect|p2b: Amoonguss\n|-singleturn|p2b: Amoonguss|Protect\n|move|p2a: Flutter Mane|Substitute|p2a: Flutter Mane\n|-start|p2a: Flutter Mane|Substitute\n|-damage|p2a: Flutter Mane|76\/100\n|\n|upkeep\n|turn|4\n|inactive|Alfredd2640 has 30 seconds left.\n|\n|t:|1683749783\n|move|p2a: Flutter Mane|Shadow Ball|p1b: Amoonguss\n|-damage|p1b: Amoonguss|57\/100\n|-unboost|p1b: Amoonguss|spd|1\n|-damage|p2a: Flutter Mane|66\/100|[from] item: Life Orb\n|move|p1a: Chien-Pao|Ice Spinner|p2b: Amoonguss\n|-supereffective|p2b: Amoonguss\n|-damage|p2b: Amoonguss|0 fnt\n|faint|p2b: Amoonguss\n|move|p1b: Amoonguss|Clear Smog|p2a: Flutter Mane\n|-activate|p2a: Flutter Mane|move: Substitute|[damage]\n|\n|upkeep\n|\n|t:|1683749797\n|switch|p2b: Cha Siu|Arcanine, L50, M|47\/100\n|-ability|p2b: Cha Siu|Intimidate|boost\n|-unboost|p1a: Chien-Pao|atk|1\n|-unboost|p1b: Amoonguss|atk|1\n|turn|5\n|\n|t:|1683749812\n|switch|p1a: Arcanine|Arcanine, L50, M|100\/100\n|-ability|p1a: Arcanine|Intimidate|boost\n|-immune|p2a: Flutter Mane\n|-unboost|p2b: Cha Siu|atk|1\n|-terastallize|p1b: Amoonguss|Water\n|move|p2a: Flutter Mane|Moonblast|p1a: Arcanine\n|-resisted|p1a: Arcanine\n|-damage|p1a: Arcanine|60\/100\n|-damage|p2a: Flutter Mane|56\/100|[from] item: Life Orb\n|move|p2b: Cha Siu|Flare Blitz|p1b: Amoonguss\n|-resisted|p1b: Amoonguss\n|-damage|p1b: Amoonguss|40\/100\n|-enditem|p1b: Amoonguss|Sitrus Berry|[eat]\n|-heal|p1b: Amoonguss|65\/100|[from] item: Sitrus Berry\n|-damage|p2b: Cha Siu|40\/100|[from] Recoil\n|move|p1b: Amoonguss|Clear Smog|p2a: Flutter Mane\n|-end|p2a: Flutter Mane|Substitute\n|\n|upkeep\n|turn|6\n|inactive|Alfredd2640 has 30 seconds left.\n|inactive|Alfredd2640 has 20 seconds left.\n|\n|t:|1683749848\n|move|p2a: Flutter Mane|Protect|p2a: Flutter Mane\n|-singleturn|p2a: Flutter Mane|Protect\n|move|p1b: Amoonguss|Rage Powder|p1b: Amoonguss\n|-singleturn|p1b: Amoonguss|move: Rage Powder\n|move|p1a: Arcanine|Flare Blitz|p2a: Flutter Mane\n|-activate|p2a: Flutter Mane|move: Protect\n|move|p2b: Cha Siu|Flare Blitz|p1b: Amoonguss\n|-resisted|p1b: Amoonguss\n|-damage|p1b: Amoonguss|48\/100\n|-damage|p2b: Cha Siu|33\/100|[from] Recoil\n|\n|upkeep\n|turn|7\n|\n|t:|1683749863\n|switch|p2b: Rotom|Rotom-Heat, L50, shiny|27\/100\n|move|p1b: Amoonguss|Rage Powder|p1b: Amoonguss\n|-singleturn|p1b: Amoonguss|move: Rage Powder\n|move|p2a: Flutter Mane|Substitute|p2a: Flutter Mane\n|-start|p2a: Flutter Mane|Substitute\n|-damage|p2a: Flutter Mane|31\/100\n|move|p1a: Arcanine|Flare Blitz|p2a: Flutter Mane\n|-end|p2a: Flutter Mane|Substitute\n|-damage|p1a: Arcanine|54\/100|[from] Recoil|[of] p2a: Flutter Mane\n|\n|upkeep\n|turn|8\n|\n|t:|1683749886\n|switch|p1b: Dragapult|Dragapult, L50, F|88\/100 brn\n|move|p2a: Flutter Mane|Protect|p2a: Flutter Mane\n|-singleturn|p2a: Flutter Mane|Protect\n|move|p1a: Arcanine|Snarl|p2a: Flutter Mane|[spread] p2b\n|-activate|p2a: Flutter Mane|move: Protect\n|-damage|p2b: Rotom|18\/100\n|-unboost|p2b: Rotom|spa|1\n|move|p2b: Rotom|Thunderbolt|p1b: Dragapult\n|-resisted|p1b: Dragapult\n|-damage|p1b: Dragapult|69\/100 brn\n|\n|-damage|p1b: Dragapult|63\/100 brn|[from] brn\n|upkeep\n|turn|9\n|\n|t:|1683749906\n|-end|p2a: Flutter Mane|Protosynthesis|[silent]\n|switch|p2a: Cha Siu|Arcanine, L50, M|33\/100\n|-ability|p2a: Cha Siu|Intimidate|boost\n|-unboost|p1a: Arcanine|atk|1\n|-fail|p1b: Dragapult|unboost|[from] ability: Clear Body|[of] p1b: Dragapult\n|move|p1b: Dragapult|Phantom Force||[still]\n|-prepare|p1b: Dragapult|Phantom Force\n|move|p1a: Arcanine|Flare Blitz|p2a: Cha Siu\n|-resisted|p2a: Cha Siu\n|-damage|p2a: Cha Siu|10\/100\n|-enditem|p2a: Cha Siu|Mago Berry|[eat]\n|-heal|p2a: Cha Siu|43\/100|[from] item: Mago Berry\n|-damage|p1a: Arcanine|45\/100|[from] Recoil\n|move|p2b: Rotom|Volt Switch|p1a: Arcanine\n|-damage|p1a: Arcanine|19\/100\n|\n|t:|1683749915\n|switch|p2b: Flutter Mane|Flutter Mane, L50|31\/100|[from] Volt Switch\n|\n|-damage|p1b: Dragapult|57\/100 brn|[from] brn\n|upkeep\n|turn|10\n|\n|t:|1683749931\n|-terastallize|p2a: Cha Siu|Normal\n|move|p1a: Arcanine|Protect|p1a: Arcanine\n|-singleturn|p1a: Arcanine|Protect\n|move|p2a: Cha Siu|Extreme Speed|p1a: Arcanine\n|-activate|p1a: Arcanine|move: Protect\n|move|p1b: Dragapult|Phantom Force|p2a: Cha Siu|[from]lockedmove\n|-immune|p2a: Cha Siu\n|move|p2b: Flutter Mane|Substitute|p2b: Flutter Mane\n|-start|p2b: Flutter Mane|Substitute\n|-damage|p2b: Flutter Mane|7\/100\n|\n|-damage|p1b: Dragapult|51\/100 brn|[from] brn\n|upkeep\n|turn|11\n|\n|t:|1683749955\n|switch|p2a: Rotom|Rotom-Heat, L50, shiny|18\/100\n|move|p1b: Dragapult|Phantom Force||[still]\n|-prepare|p1b: Dragapult|Phantom Force\n|move|p2b: Flutter Mane|Shadow Ball|p1a: Arcanine\n|-damage|p1a: Arcanine|0 fnt\n|faint|p1a: Arcanine\n|-damage|p2b: Flutter Mane|0 fnt|[from] item: Life Orb\n|faint|p2b: Flutter Mane\n|-end|p2b: Flutter Mane|Protosynthesis|[silent]\n|\n|-damage|p1b: Dragapult|45\/100 brn|[from] brn\n|upkeep\n|-message|Alfredd2640 forfeited.\n|\n|win|Fluttermane<3\n|raw|Fluttermane<3's rating: 1216 → 1247<\/strong> (+31 for winning)\n|raw|Alfredd2640's rating: 1303 → 1278<\/strong> (-25 for losing)\n|l|\u2606Alfredd2640\n|l|\u2606Fluttermane<3\n","uploadtime":1683749992,"views":5,"p1id":"fluttermane3","p2id":"alfredd2640","formatid":"gen9vgc2023regulationc","rating":1247,"private":0,"password":""}