{"id":"gen9vgc2023regulationc-1859946014","p1":"Draven_07","p2":"Flopperwilly","format":"[Gen 9] VGC 2023 Regulation C","log":"|j|\u2606Draven_07\n|j|\u2606Flopperwilly\n|t:|1683578209\n|gametype|doubles\n|player|p1|Draven_07|morty|\n|player|p2|Flopperwilly|clown|\n|teamsize|p1|6\n|teamsize|p2|6\n|gen|9\n|tier|[Gen 9] VGC 2023 Regulation C\n|rule|Species Clause: Limit one of each Pok\u00e9mon\n|rule|Item Clause: Limit one of each item\n|clearpoke\n|poke|p1|Abomasnow, L50, F|\n|poke|p1|Iron Bundle, L50|\n|poke|p1|Chi-Yu, L50|\n|poke|p1|Salamence, L50, M|\n|poke|p1|Corviknight, L50, M|\n|poke|p1|Flutter Mane, L50|\n|poke|p2|Amoonguss, L50, M|\n|poke|p2|Flutter Mane, L50|\n|poke|p2|Palafin, L50, F|\n|poke|p2|Ting-Lu, L50|\n|poke|p2|Iron Hands, L50|\n|poke|p2|Arcanine, L50, M|\n|teampreview|4\n|inactive|Battle timer is ON: inactive players will automatically lose when time's up. (requested by Flopperwilly)\n|j| MeteorPlayz_\n|inactive|Draven_07 has 60 seconds left.\n|inactiveoff|Battle timer is now OFF.\n|\n|t:|1683578267\n|start\n|switch|p1a: Abomasnow|Abomasnow, L50, F|100\/100\n|switch|p1b: Chi-Yu|Chi-Yu, L50|100\/100\n|switch|p2a: Flutter Mane|Flutter Mane, L50|100\/100\n|switch|p2b: Iron Hands|Iron Hands, L50|100\/100\n|-ability|p1b: Chi-Yu|Beads of Ruin\n|-weather|Snow|[from] ability: Snow Warning|[of] p1a: Abomasnow\n|turn|1\n|c| MeteorPlayz_|El combate anterior no puedo creer lo que sucedi\u00f3\n|\n|t:|1683578287\n|move|p1b: Chi-Yu|Protect|p1b: Chi-Yu\n|-singleturn|p1b: Chi-Yu|Protect\n|move|p2b: Iron Hands|Fake Out|p1b: Chi-Yu\n|-activate|p1b: Chi-Yu|move: Protect\n|move|p2a: Flutter Mane|Mystical Fire|p1a: Abomasnow\n|-supereffective|p1a: Abomasnow\n|-enditem|p1a: Abomasnow|Focus Sash\n|-damage|p1a: Abomasnow|1\/100\n|-unboost|p1a: Abomasnow|spa|1\n|move|p1a: Abomasnow|Aurora Veil|p1a: Abomasnow\n|-sidestart|p1: Draven_07|move: Aurora Veil\n|\n|-weather|Snow|[upkeep]\n|upkeep\n|turn|2\n|\n|t:|1683578315\n|-end|p2a: Flutter Mane|Protosynthesis|[silent]\n|switch|p2a: Palafin|Palafin, L50, F|100\/100\n|move|p1a: Abomasnow|Protect|p1a: Abomasnow\n|-singleturn|p1a: Abomasnow|Protect\n|move|p1b: Chi-Yu|Heat Wave|p2a: Palafin|[spread] p2a,p2b\n|-resisted|p2a: Palafin\n|-damage|p2a: Palafin|61\/100\n|-damage|p2b: Iron Hands|68\/100\n|-damage|p1b: Chi-Yu|91\/100|[from] item: Life Orb\n|move|p2b: Iron Hands|Drain Punch|p1b: Chi-Yu\n|-supereffective|p1b: Chi-Yu\n|-damage|p1b: Chi-Yu|4\/100\n|-heal|p2b: Iron Hands|94\/100|[from] drain|[of] p1b: Chi-Yu\n|\n|-weather|Snow|[upkeep]\n|upkeep\n|turn|3\n|\n|t:|1683578336\n|detailschange|p2a: Palafin|Palafin-Hero, L50, F\n|switch|p2a: Flutter Mane|Flutter Mane, L50|100\/100\n|move|p1b: Chi-Yu|Protect|p1b: Chi-Yu\n|-singleturn|p1b: Chi-Yu|Protect\n|move|p1a: Abomasnow|Energy Ball|p2a: Flutter Mane\n|-damage|p2a: Flutter Mane|64\/100\n|move|p2b: Iron Hands|Volt Switch|p1a: Abomasnow\n|-resisted|p1a: Abomasnow\n|-damage|p1a: Abomasnow|0 fnt\n|faint|p1a: Abomasnow\n|\n|t:|1683578349\n|-end|p2b: Iron Hands|Quark Drive|[silent]\n|switch|p2b: Palafin|Palafin-Hero, L50, F|61\/100|[from] Volt Switch\n|-activate|p2b: Palafin|ability: Zero to Hero\n|\n|-weather|Snow|[upkeep]\n|upkeep\n|\n|t:|1683578358\n|switch|p1a: Iron Bundle|Iron Bundle, L50|100\/100\n|turn|4\n|\n|t:|1683578377\n|move|p2b: Palafin|Jet Punch|p1b: Chi-Yu\n|-supereffective|p1b: Chi-Yu\n|-damage|p1b: Chi-Yu|0 fnt\n|faint|p1b: Chi-Yu\n|move|p1a: Iron Bundle|Freeze-Dry|p2b: Palafin\n|-supereffective|p2b: Palafin\n|-damage|p2b: Palafin|0 fnt\n|faint|p2b: Palafin\n|move|p2a: Flutter Mane|Thunderbolt|p1a: Iron Bundle\n|-supereffective|p1a: Iron Bundle\n|-damage|p1a: Iron Bundle|19\/100\n|\n|-weather|Snow|[upkeep]\n|upkeep\n|\n|t:|1683578389\n|switch|p1b: Salamence|Salamence, L50, M|100\/100\n|switch|p2b: Iron Hands|Iron Hands, L50|94\/100\n|-ability|p1b: Salamence|Intimidate|boost\n|-unboost|p2a: Flutter Mane|atk|1\n|-unboost|p2b: Iron Hands|atk|1\n|turn|5\n|\n|t:|1683578413\n|-terastallize|p1b: Salamence|Fire\n|move|p2b: Iron Hands|Fake Out|p1b: Salamence\n|-crit|p1b: Salamence\n|-damage|p1b: Salamence|75\/100\n|move|p1a: Iron Bundle|Blizzard|p2a: Flutter Mane|[spread] p2a,p2b\n|-damage|p2a: Flutter Mane|20\/100\n|-damage|p2b: Iron Hands|75\/100\n|move|p2a: Flutter Mane|Thunderbolt|p1a: Iron Bundle\n|-supereffective|p1a: Iron Bundle\n|-damage|p1a: Iron Bundle|0 fnt\n|faint|p1a: Iron Bundle\n|-end|p1a: Iron Bundle|Quark Drive|[silent]\n|cant|p1b: Salamence|flinch\n|\n|-weather|none\n|-sideend|p1: Draven_07|move: Aurora Veil\n|upkeep\n|turn|6\n|\n|t:|1683578430\n|-end|p2a: Flutter Mane|Protosynthesis|[silent]\n|switch|p2a: Amoonguss|Amoonguss, L50, M|100\/100\n|move|p1b: Salamence|Earthquake|p2b: Iron Hands|[spread] p2a,p2b\n|-supereffective|p2b: Iron Hands\n|-damage|p2a: Amoonguss|78\/100\n|-damage|p2b: Iron Hands|34\/100\n|move|p2b: Iron Hands|Volt Switch|p1b: Salamence\n|-damage|p1b: Salamence|62\/100\n|\n|t:|1683578436\n|-end|p2b: Iron Hands|Quark Drive|[silent]\n|switch|p2b: Flutter Mane|Flutter Mane, L50|20\/100|[from] Volt Switch\n|\n|upkeep\n|turn|7\n|\n|t:|1683578454\n|move|p2b: Flutter Mane|Shadow Ball|p1b: Salamence\n|-damage|p1b: Salamence|0 fnt\n|faint|p1b: Salamence\n|\n|win|Flopperwilly\n","uploadtime":1683578463,"views":13,"p1id":"draven07","p2id":"flopperwilly","formatid":"gen9vgc2023regulationc","rating":0,"private":0,"password":""}