{"id":"gen9vgc2023regulationc-1859073780","p1":"KaesyGard","p2":"KevinATL","format":"[Gen 9] VGC 2023 Regulation C","log":"|j|\u2606KaesyGard\n|j|\u2606KevinATL\n|t:|1683401297\n|gametype|doubles\n|player|p1|KaesyGard|1|\n|player|p2|KevinATL|2|\n|teamsize|p1|6\n|teamsize|p2|6\n|gen|9\n|tier|[Gen 9] VGC 2023 Regulation C\n|rule|Species Clause: Limit one of each Pok\u00e9mon\n|rule|Item Clause: Limit one of each item\n|clearpoke\n|poke|p1|Ting-Lu, L50|\n|poke|p1|Corviknight, L50, F|\n|poke|p1|Klefki, L50, M|\n|poke|p1|Annihilape, L50, M|\n|poke|p1|Iron Bundle, L50|\n|poke|p1|Brute Bonnet, L50|\n|poke|p2|Palafin, L50, M|\n|poke|p2|Scream Tail, L50|\n|poke|p2|Flutter Mane, L50|\n|poke|p2|Amoonguss, L50, F|\n|poke|p2|Arcanine, L50, M|\n|poke|p2|Gothitelle, L50, M|\n|teampreview|4\nKevinATL rejected open team sheets.\n|\n|t:|1683401355\n|start\n|switch|p1a: Ting-Lu|Ting-Lu, L50|100\/100\n|switch|p1b: Iron Bundle|Iron Bundle, L50|100\/100\n|switch|p2a: INEEDAHERO|Palafin, L50, M|100\/100\n|switch|p2b: AWOOOOOOOOOO|Arcanine, L50, M|100\/100\n|-ability|p2b: AWOOOOOOOOOO|Intimidate|boost\n|-fail|p1a: Ting-Lu|unboost|[from] item: Clear Amulet|[of] p1a: Ting-Lu\n|-unboost|p1b: Iron Bundle|atk|1\n|-ability|p1a: Ting-Lu|Vessel of Ruin\n|-enditem|p1b: Iron Bundle|Booster Energy\n|-activate|p1b: Iron Bundle|ability: Quark Drive|[fromitem]\n|-start|p1b: Iron Bundle|quarkdrivespe\n|turn|1\n|\n|t:|1683401403\n|detailschange|p2a: INEEDAHERO|Palafin-Hero, L50, M\n|switch|p2a: AMOGUS|Amoonguss, L50, F|100\/100\n|move|p2b: AWOOOOOOOOOO|Protect|p2b: AWOOOOOOOOOO\n|-singleturn|p2b: AWOOOOOOOOOO|Protect\n|move|p1a: Ting-Lu|Protect|p1a: Ting-Lu\n|-singleturn|p1a: Ting-Lu|Protect\n|move|p1b: Iron Bundle|Freeze-Dry|p2a: AMOGUS\n|-supereffective|p2a: AMOGUS\n|-damage|p2a: AMOGUS|64\/100\n|\n|upkeep\n|turn|2\n|\n|t:|1683401492\n|-terastallize|p1a: Ting-Lu|Fire\n|move|p2b: AWOOOOOOOOOO|Extreme Speed|p1a: Ting-Lu\n|-damage|p1a: Ting-Lu|86\/100\n|move|p1b: Iron Bundle|Freeze-Dry|p2a: AMOGUS\n|-supereffective|p2a: AMOGUS\n|-damage|p2a: AMOGUS|27\/100\n|move|p1a: Ting-Lu|Stomping Tantrum|p2a: AMOGUS\n|-damage|p2a: AMOGUS|0 fnt\n|faint|p2a: AMOGUS\n|\n|upkeep\n|\n|t:|1683401502\n|switch|p2a: INEEDAHERO|Palafin-Hero, L50, M|100\/100\n|-activate|p2a: INEEDAHERO|ability: Zero to Hero\n|turn|3\n|\n|t:|1683401517\n|move|p1a: Ting-Lu|Protect|p1a: Ting-Lu\n|-singleturn|p1a: Ting-Lu|Protect\n|move|p2b: AWOOOOOOOOOO|Extreme Speed|p1b: Iron Bundle\n|-damage|p1b: Iron Bundle|72\/100\n|move|p1b: Iron Bundle|Freeze-Dry|p2a: INEEDAHERO\n|-supereffective|p2a: INEEDAHERO\n|-damage|p2a: INEEDAHERO|53\/100\n|-status|p2a: INEEDAHERO|frz\n|-curestatus|p2a: INEEDAHERO|frz|[msg]\n|move|p2a: INEEDAHERO|Wave Crash|p1b: Iron Bundle\n|-resisted|p1b: Iron Bundle\n|-damage|p1b: Iron Bundle|21\/100\n|-damage|p2a: INEEDAHERO|41\/100|[from] Recoil\n|\n|upkeep\n|turn|4\n|\n|t:|1683401584\n|move|p1b: Iron Bundle|Protect|p1b: Iron Bundle\n|-singleturn|p1b: Iron Bundle|Protect\n|move|p2b: AWOOOOOOOOOO|Extreme Speed|p1b: Iron Bundle\n|-activate|p1b: Iron Bundle|move: Protect\n|move|p2a: INEEDAHERO|Jet Punch|p1a: Ting-Lu\n|-supereffective|p1a: Ting-Lu\n|-damage|p1a: Ting-Lu|34\/100\n|move|p1a: Ting-Lu|Stomping Tantrum|p2b: AWOOOOOOOOOO\n|-supereffective|p2b: AWOOOOOOOOOO\n|-damage|p2b: AWOOOOOOOOOO|10\/100\n|\n|upkeep\n|turn|5\n|\n|t:|1683401647\n|-end|p1b: Iron Bundle|Quark Drive|[silent]\n|switch|p1b: Annihilape|Annihilape, L50, M|100\/100\n|move|p2b: AWOOOOOOOOOO|Extreme Speed|p1b: Annihilape\n|-immune|p1b: Annihilape\n|move|p2a: INEEDAHERO|Jet Punch|p1a: Ting-Lu\n|-supereffective|p1a: Ting-Lu\n|-damage|p1a: Ting-Lu|0 fnt\n|faint|p1a: Ting-Lu\n|\n|upkeep\n|\n|t:|1683401663\n|switch|p1a: Corviknight|Corviknight, L50, F|100\/100\n|turn|6\n|\n|t:|1683401715\n|move|p2a: INEEDAHERO|Protect|p2a: INEEDAHERO\n|-singleturn|p2a: INEEDAHERO|Protect\n|move|p1b: Annihilape|Protect|p1b: Annihilape\n|-singleturn|p1b: Annihilape|Protect\n|move|p2b: AWOOOOOOOOOO|Flare Blitz|p1a: Corviknight\n|-supereffective|p1a: Corviknight\n|-damage|p1a: Corviknight|10\/100\n|-enditem|p1a: Corviknight|Sitrus Berry|[eat]\n|-heal|p1a: Corviknight|35\/100|[from] item: Sitrus Berry\n|-damage|p2b: AWOOOOOOOOOO|0 fnt|[from] Recoil\n|faint|p2b: AWOOOOOOOOOO\n|move|p1a: Corviknight|Tailwind|p1a: Corviknight\n|-sidestart|p1: KaesyGard|move: Tailwind\n|\n|upkeep\n|\n|t:|1683401728\n|switch|p2b: AAAAAAAAAAAA|Scream Tail, L50, shiny|100\/100\n|-enditem|p2b: AAAAAAAAAAAA|Booster Energy\n|-activate|p2b: AAAAAAAAAAAA|ability: Protosynthesis|[fromitem]\n|-start|p2b: AAAAAAAAAAAA|protosynthesisspe\n|turn|7\n|\n|t:|1683401762\n|-terastallize|p2a: INEEDAHERO|Water\n|move|p2a: INEEDAHERO|Jet Punch|p1a: Corviknight\n|-damage|p1a: Corviknight|0 fnt\n|faint|p1a: Corviknight\n|move|p1b: Annihilape|Drain Punch|p2a: INEEDAHERO\n|-damage|p2a: INEEDAHERO|11\/100\n|move|p2b: AAAAAAAAAAAA|Play Rough|p1b: Annihilape\n|-supereffective|p1b: Annihilape\n|-damage|p1b: Annihilape|51\/100\n|\n|upkeep\n|\n|t:|1683401774\n|switch|p1a: Iron Bundle|Iron Bundle, L50|21\/100\n|turn|8\n|\n|t:|1683401896\n|move|p1a: Iron Bundle|Protect|p1a: Iron Bundle\n|-singleturn|p1a: Iron Bundle|Protect\n|move|p2a: INEEDAHERO|Protect|p2a: INEEDAHERO\n|-singleturn|p2a: INEEDAHERO|Protect\n|move|p1b: Annihilape|Drain Punch|p2a: INEEDAHERO\n|-activate|p2a: INEEDAHERO|move: Protect\n|move|p2b: AAAAAAAAAAAA|Play Rough|p1b: Annihilape\n|-supereffective|p1b: Annihilape\n|-damage|p1b: Annihilape|1\/100\n|\n|upkeep\n|turn|9\n|\n|t:|1683401917\n|move|p1b: Annihilape|Protect|p1b: Annihilape\n|-singleturn|p1b: Annihilape|Protect\n|move|p2a: INEEDAHERO|Jet Punch|p1a: Iron Bundle\n|-resisted|p1a: Iron Bundle\n|-damage|p1a: Iron Bundle|0 fnt\n|faint|p1a: Iron Bundle\n|-end|p1a: Iron Bundle|Quark Drive|[silent]\n|move|p2b: AAAAAAAAAAAA|Play Rough|p1b: Annihilape\n|-activate|p1b: Annihilape|move: Protect\n|\n|-sideend|p1: KaesyGard|move: Tailwind\n|upkeep\n|turn|10\n|c|\u2606KevinATL|GANEEEEEEEEEEEEEEEEE AAAAAAAAAAAAAAAAAAAAAAAAAAAAAAAAAAAAAAAAA\n|j| Bakonlikescufant\n|\n|t:|1683401939\n|move|p2a: INEEDAHERO|Jet Punch|p1b: Annihilape\n|-damage|p1b: Annihilape|0 fnt\n|faint|p1b: Annihilape\n|\n|win|KevinATL\n|c|\u2606KevinATL|1-0\n|c|\u2606KevinATL|XD\n","uploadtime":1683401946,"views":8,"p1id":"kaesygard","p2id":"kevinatl","formatid":"gen9vgc2023regulationc","rating":0,"private":0,"password":""}