{"id":"gen9vgc2023regulationc-1846098305","p1":"unimulticorn","p2":"Tony2810","format":"[Gen 9] VGC 2023 Regulation C","log":"|j|\u2606unimulticorn\n|j|\u2606Tony2810\n|t:|1681805906\n|gametype|doubles\n|player|p1|unimulticorn|caitlin|1088\n|player|p2|Tony2810|iris-gen5bw2|1171\n|teamsize|p1|6\n|teamsize|p2|6\n|gen|9\n|tier|[Gen 9] VGC 2023 Regulation C\n|rated|\n|rule|Species Clause: Limit one of each Pok\u00e9mon\n|rule|Item Clause: Limit one of each item\n|clearpoke\n|poke|p1|Bronzong, L50|\n|poke|p1|Klefki, L50, F|\n|poke|p1|Sudowoodo, L50, M|\n|poke|p1|Clawitzer, L50, M|\n|poke|p1|Brute Bonnet, L50|\n|poke|p1|Slowking, L50, M|\n|poke|p2|Chi-Yu, L50|\n|poke|p2|Flutter Mane, L50|\n|poke|p2|Dachsbun, L50, M|\n|poke|p2|Great Tusk, L50|\n|poke|p2|Baxcalibur, L50, F|\n|poke|p2|Coalossal, L50, M|\n|teampreview|4\n|inactive|Battle timer is ON: inactive players will automatically lose when time's up. (requested by unimulticorn)\nunimulticorn has agreed to open team sheets.\n|\n|t:|1681805932\n|start\n|switch|p1a: Sudowoodo|Sudowoodo, L50, M|100\/100\n|switch|p1b: Bronzong|Bronzong, L50|100\/100\n|switch|p2a: Chi-Yu|Chi-Yu, L50|100\/100\n|switch|p2b: Dachsbun|Dachsbun, L50, M|100\/100\n|-ability|p2a: Chi-Yu|Beads of Ruin\n|turn|1\n|\n|t:|1681805945\n|-terastallize|p1b: Bronzong|Dragon\n|move|p1a: Sudowoodo|Protect|p1a: Sudowoodo\n|-singleturn|p1a: Sudowoodo|Protect\n|move|p2a: Chi-Yu|Lava Plume|p1b: Bronzong|[spread] p1b\n|-activate|p1a: Sudowoodo|move: Protect\n|-ability|p2b: Dachsbun|Well-Baked Body|boost\n|-boost|p2b: Dachsbun|def|2\n|-resisted|p1b: Bronzong\n|-damage|p1b: Bronzong|83\/100\n|-status|p1b: Bronzong|brn\n|-enditem|p1b: Bronzong|Lum Berry|[eat]\n|-curestatus|p1b: Bronzong|brn|[msg]\n|move|p2b: Dachsbun|Body Press|p1a: Sudowoodo\n|-activate|p1a: Sudowoodo|move: Protect\n|move|p1b: Bronzong|Trick Room|p1b: Bronzong\n|-fieldstart|move: Trick Room|[of] p1b: Bronzong\n|\n|upkeep\n|turn|2\n|\n|t:|1681805969\n|switch|p2a: Great Tusk|Great Tusk, L50|100\/100\n|move|p1b: Bronzong|Flash Cannon|p2b: Dachsbun\n|-supereffective|p2b: Dachsbun\n|-damage|p2b: Dachsbun|11\/100\n|-enditem|p2b: Dachsbun|Sitrus Berry|[eat]\n|-heal|p2b: Dachsbun|36\/100|[from] item: Sitrus Berry\n|move|p1a: Sudowoodo|Head Smash|p2a: Great Tusk\n|-resisted|p2a: Great Tusk\n|-damage|p2a: Great Tusk|89\/100\n|move|p2b: Dachsbun|Body Press|p1a: Sudowoodo\n|-supereffective|p1a: Sudowoodo\n|-damage|p1a: Sudowoodo|0 fnt\n|faint|p1a: Sudowoodo\n|\n|upkeep\n|\n|t:|1681805982\n|switch|p1a: Brute Bonnet|Brute Bonnet, L50|100\/100\n|turn|3\n|\n|t:|1681805995\n|move|p1b: Bronzong|Flash Cannon|p2b: Dachsbun\n|-supereffective|p2b: Dachsbun\n|-damage|p2b: Dachsbun|0 fnt\n|faint|p2b: Dachsbun\n|move|p1a: Brute Bonnet|Seed Bomb|p2a: Great Tusk\n|-supereffective|p2a: Great Tusk\n|-damage|p2a: Great Tusk|29\/100\n|move|p2a: Great Tusk|Megahorn|p1a: Brute Bonnet\n|-supereffective|p1a: Brute Bonnet\n|-damage|p1a: Brute Bonnet|0 fnt\n|faint|p1a: Brute Bonnet\n|-end|p1a: Brute Bonnet|Protosynthesis|[silent]\n|\n|upkeep\n|\n|t:|1681806006\n|switch|p1a: Clawitzer|Clawitzer, L50, M|100\/100\n|switch|p2b: Baxcalibur|Baxcalibur, L50, F|100\/100\n|turn|4\n|\n|t:|1681806022\n|-terastallize|p2b: Baxcalibur|Water\n|move|p1b: Bronzong|Flash Cannon|p2b: Baxcalibur\n|-resisted|p2b: Baxcalibur\n|-damage|p2b: Baxcalibur|90\/100\n|move|p1a: Clawitzer|Water Pulse|p2a: Great Tusk\n|-supereffective|p2a: Great Tusk\n|-damage|p2a: Great Tusk|0 fnt\n|faint|p2a: Great Tusk\n|-end|p2a: Great Tusk|Protosynthesis|[silent]\n|move|p2b: Baxcalibur|Icicle Spear|p1b: Bronzong\n|-supereffective|p1b: Bronzong\n|-damage|p1b: Bronzong|56\/100\n|-supereffective|p1b: Bronzong\n|-damage|p1b: Bronzong|27\/100\n|-supereffective|p1b: Bronzong\n|-damage|p1b: Bronzong|0 fnt\n|faint|p1b: Bronzong\n|-hitcount|p1: Bronzong|3\n|\n|upkeep\n|\n|t:|1681806035\n|switch|p2a: Chi-Yu|Chi-Yu, L50|100\/100\n|-ability|p2a: Chi-Yu|Beads of Ruin\n|turn|5\n|\n|t:|1681806040\n|move|p1a: Clawitzer|Water Pulse|p2a: Chi-Yu\n|-supereffective|p2a: Chi-Yu\n|-damage|p2a: Chi-Yu|0 fnt\n|faint|p2a: Chi-Yu\n|move|p2b: Baxcalibur|Glaive Rush|p1a: Clawitzer\n|-damage|p1a: Clawitzer|21\/100\n|-singlemove|p2b: Baxcalibur|Glaive Rush|[silent]\n|\n|-fieldend|move: Trick Room\n|upkeep\n|turn|6\n|\n|t:|1681806048\n|move|p2b: Baxcalibur|Glaive Rush|p1a: Clawitzer\n|-damage|p1a: Clawitzer|0 fnt\n|-singlemove|p2b: Baxcalibur|Glaive Rush|[silent]\n|faint|p1a: Clawitzer\n|\n|win|Tony2810\n|raw|unimulticorn's rating: 1088 → 1070<\/strong> (-18 for losing)\n|raw|Tony2810's rating: 1171 → 1190<\/strong> (+19 for winning)\n|l|\u2606unimulticorn\n","uploadtime":1681806058,"views":5,"p1id":"unimulticorn","p2id":"tony2810","formatid":"gen9vgc2023regulationc","rating":1070,"private":0,"password":""}