{"id":"gen9vgc2023regulationc-1859875189","p1":"bgcfranky","p2":"Dynis","format":"[Gen 9] VGC 2023 Regulation C","log":"|j|\u2606bgcfranky\n|j|\u2606Dynis\n|t:|1683571847\n|gametype|doubles\n|player|p1|bgcfranky|rocketgrunt|1200\n|player|p2|Dynis|rancher|1191\n|teamsize|p1|6\n|teamsize|p2|6\n|gen|9\n|tier|[Gen 9] VGC 2023 Regulation C\n|rated|\n|rule|Species Clause: Limit one of each Pok\u00e9mon\n|rule|Item Clause: Limit one of each item\n|clearpoke\n|poke|p1|Volcarona, L50, M|\n|poke|p1|Wo-Chien, L50|\n|poke|p1|Grimmsnarl, L50, M|\n|poke|p1|Iron Hands, L50|\n|poke|p1|Slowking, L50, F|\n|poke|p1|Salamence, L50, M|\n|poke|p2|Bronzong, L50|\n|poke|p2|Annihilape, L50, F|\n|poke|p2|Gyarados, L50, M|\n|poke|p2|Pelipper, L50, M|\n|poke|p2|Palafin, L50, F|\n|poke|p2|Ting-Lu, L50|\n|teampreview|4\n|inactive|Battle timer is ON: inactive players will automatically lose when time's up. (requested by Dynis)\n|inactive|bgcfranky has 60 seconds left.\n|inactive|Dynis has 60 seconds left.\nbgcfranky rejected open team sheets.\n|inactive|Dynis has 30 seconds left.\n|inactive|Dynis has 20 seconds left.\n|\n|t:|1683571923\n|start\n|switch|p1a: Iron Hands|Iron Hands, L50|100\/100\n|switch|p1b: Slowking|Slowking, L50, F|100\/100\n|switch|p2a: Pelipper|Pelipper, L50, M|100\/100\n|switch|p2b: Annihilape|Annihilape, L50, F|100\/100\n|-weather|RainDance|[from] ability: Drizzle|[of] p2a: Pelipper\n|turn|1\n|inactive|bgcfranky has 30 seconds left.\n|inactive|bgcfranky has 20 seconds left.\n|inactive|bgcfranky has 15 seconds left.\n|\n|t:|1683571966\n|switch|p2a: Gyarados|Gyarados, L50, M|100\/100\n|-ability|p2a: Gyarados|Intimidate|boost\n|-unboost|p1a: Iron Hands|atk|1\n|-unboost|p1b: Slowking|atk|1\n|-terastallize|p2b: Annihilape|Fire\n|move|p2b: Annihilape|Bulk Up|p2b: Annihilape\n|-boost|p2b: Annihilape|atk|1\n|-boost|p2b: Annihilape|def|1\n|move|p1a: Iron Hands|Belly Drum|p1a: Iron Hands\n|-damage|p1a: Iron Hands|51\/100\n|-setboost|p1a: Iron Hands|atk|6|[from] move: Belly Drum\n|move|p1b: Slowking|Trick Room|p1b: Slowking\n|-fieldstart|move: Trick Room|[of] p1b: Slowking\n|\n|-weather|RainDance|[upkeep]\n|upkeep\n|turn|2\n|inactive|bgcfranky has 30 seconds left.\n|inactive|Dynis has 30 seconds left.\n|inactive|bgcfranky has 20 seconds left.\n|inactive|Dynis has 20 seconds left.\n|inactive|Dynis has 15 seconds left.\n|\n|t:|1683572007\n|-terastallize|p1b: Slowking|Water\n|move|p2a: Gyarados|Protect|p2a: Gyarados\n|-singleturn|p2a: Gyarados|Protect\n|move|p1b: Slowking|Heal Pulse|p1a: Iron Hands\n|-heal|p1a: Iron Hands|100\/100\n|move|p1a: Iron Hands|Thunder Punch|p2a: Gyarados\n|-activate|p2a: Gyarados|move: Protect\n|move|p2b: Annihilape|Bulk Up|p2b: Annihilape\n|-boost|p2b: Annihilape|atk|1\n|-boost|p2b: Annihilape|def|1\n|\n|-weather|RainDance|[upkeep]\n|upkeep\n|turn|3\n|inactive|Dynis has 30 seconds left.\n|\n|t:|1683572036\n|move|p1b: Slowking|Hydro Pump|p2b: Annihilape\n|-supereffective|p2b: Annihilape\n|-damage|p2b: Annihilape|0 fnt\n|faint|p2b: Annihilape\n|move|p1a: Iron Hands|Thunder Punch|p2a: Gyarados\n|-supereffective|p2a: Gyarados\n|-damage|p2a: Gyarados|0 fnt\n|faint|p2a: Gyarados\n|\n|-weather|RainDance|[upkeep]\n|upkeep\n|\n|t:|1683572043\n|switch|p2b: Pelipper|Pelipper, L50, M|100\/100\n|switch|p2a: Ting-Lu|Ting-Lu, L50|100\/100\n|-ability|p2a: Ting-Lu|Vessel of Ruin\n|turn|4\n|\n|t:|1683572059\n|move|p2b: Pelipper|Protect|p2b: Pelipper\n|-singleturn|p2b: Pelipper|Protect\n|move|p1b: Slowking|Hydro Pump|p2a: Ting-Lu\n|-supereffective|p2a: Ting-Lu\n|-damage|p2a: Ting-Lu|7\/100\n|move|p2a: Ting-Lu|Fissure|p1a: Iron Hands|[miss]\n|-miss|p2a: Ting-Lu|p1a: Iron Hands\n|move|p1a: Iron Hands|Drain Punch|p2a: Ting-Lu\n|-supereffective|p2a: Ting-Lu\n|-damage|p2a: Ting-Lu|0 fnt\n|faint|p2a: Ting-Lu\n|\n|-weather|RainDance|[upkeep]\n|upkeep\n|turn|5\n|\n|t:|1683572079\n|move|p1b: Slowking|Hydro Pump|p2b: Pelipper\n|-resisted|p2b: Pelipper\n|-damage|p2b: Pelipper|20\/100\n|move|p1a: Iron Hands|Thunder Punch|p2b: Pelipper\n|-supereffective|p2b: Pelipper\n|-damage|p2b: Pelipper|0 fnt\n|faint|p2b: Pelipper\n|\n|win|bgcfranky\n|raw|bgcfranky's rating: 1200 → 1224<\/strong> (+24 for winning)\n|raw|Dynis's rating: 1191 → 1167<\/strong> (-24 for losing)\n|l|\u2606Dynis\n","uploadtime":1683572089,"views":7,"p1id":"bgcfranky","p2id":"dynis","formatid":"gen9vgc2023regulationc","rating":1167,"private":0,"password":""}