{"id":"gen9vgc2023regulationc-1855507034","p1":"Oreoinabox","p2":"420hahagamrgurlUwU","format":"[Gen 9] VGC 2023 Regulation C","log":"|j|\u2606Oreoinabox\n|j|\u2606420hahagamrgurlUwU\n|t:|1682957596\n|gametype|doubles\n|player|p1|Oreoinabox|1|1066\n|player|p2|420hahagamrgurlUwU|bellelba|1091\n|teamsize|p1|6\n|teamsize|p2|6\n|gen|9\n|tier|[Gen 9] VGC 2023 Regulation C\n|rated|\n|rule|Species Clause: Limit one of each Pok\u00e9mon\n|rule|Item Clause: Limit one of each item\n|clearpoke\n|poke|p1|Murkrow, L50, M|\n|poke|p1|Dudunsparce-*, L50, F|\n|poke|p1|Great Tusk, L50|\n|poke|p1|Braviary, L50, M|\n|poke|p1|Dragonite, L50, M|\n|poke|p1|Gholdengo, L50|\n|poke|p2|Gothitelle, L50, F|\n|poke|p2|Scream Tail, L50|\n|poke|p2|Amoonguss, L50, F|\n|poke|p2|Palafin, L50, M|\n|poke|p2|Flutter Mane, L50|\n|poke|p2|Arcanine, L50, M|\n|teampreview|4\n|inactive|Battle timer is ON: inactive players will automatically lose when time's up. (requested by 420hahagamrgurlUwU)\n|\n|t:|1682957640\n|start\n|switch|p1a: Murkrow|Murkrow, L50, M|100\/100\n|switch|p1b: Dudunsparce|Dudunsparce-Three-Segment, L50, F|100\/100\n|switch|p2a: AAAAAAA|Scream Tail, L50|100\/100\n|switch|p2b: AWOOOOO|Arcanine, L50, M|100\/100\n|-ability|p2b: AWOOOOO|Intimidate|boost\n|-unboost|p1a: Murkrow|atk|1\n|-unboost|p1b: Dudunsparce|atk|1\n|-enditem|p2a: AAAAAAA|Booster Energy\n|-activate|p2a: AAAAAAA|ability: Protosynthesis|[fromitem]\n|-start|p2a: AAAAAAA|protosynthesisspe\n|turn|1\n|\n|t:|1682957649\n|switch|p2b: GO BIRD|Gothitelle, L50, F|100\/100\n|move|p1a: Murkrow|Tailwind|p1a: Murkrow\n|-sidestart|p1: Oreoinabox|move: Tailwind\n|move|p2a: AAAAAAA|Perish Song|p2a: AAAAAAA\n|-start|p1a: Murkrow|perish3|[silent]\n|-start|p1b: Dudunsparce|perish3|[silent]\n|-start|p2a: AAAAAAA|perish3|[silent]\n|-start|p2b: GO BIRD|perish3|[silent]\n|-fieldactivate|move: Perish Song\n|move|p1b: Dudunsparce|Rock Slide|p2a: AAAAAAA|[spread] p2a,p2b\n|-damage|p2a: AAAAAAA|91\/100\n|-damage|p2b: GO BIRD|90\/100\n|\n|-start|p2a: AAAAAAA|perish3\n|-start|p1a: Murkrow|perish3\n|-start|p1b: Dudunsparce|perish3\n|-start|p2b: GO BIRD|perish3\n|upkeep\n|turn|2\n|\n|t:|1682957664\n|move|p2b: GO BIRD|Fake Out|p1a: Murkrow\n|-damage|p1a: Murkrow|93\/100\n|cant|p1a: Murkrow|flinch\n|move|p2a: AAAAAAA|Disable|p1b: Dudunsparce\n|-start|p1b: Dudunsparce|Disable|Rock Slide\n|cant|p1b: Dudunsparce|Disable|Rock Slide\n|\n|-start|p2a: AAAAAAA|perish2\n|-start|p1a: Murkrow|perish2\n|-start|p1b: Dudunsparce|perish2\n|-start|p2b: GO BIRD|perish2\n|upkeep\n|turn|3\n|\n|t:|1682957677\n|move|p2a: AAAAAAA|Protect|p2a: AAAAAAA\n|-singleturn|p2a: AAAAAAA|Protect\n|move|p2b: GO BIRD|Protect|p2b: GO BIRD\n|-singleturn|p2b: GO BIRD|Protect\n|move|p1a: Murkrow|Thunder Wave|p2b: GO BIRD\n|-activate|p2b: GO BIRD|move: Protect\n|move|p1b: Dudunsparce|Headbutt|p2b: GO BIRD\n|-activate|p2b: GO BIRD|move: Protect\n|\n|-start|p2a: AAAAAAA|perish1\n|-start|p1a: Murkrow|perish1\n|-start|p1b: Dudunsparce|perish1\n|-start|p2b: GO BIRD|perish1\n|upkeep\n|turn|4\n|\n|t:|1682957698\n|-end|p2a: AAAAAAA|Protosynthesis|[silent]\n|switch|p2a: AMOGUS|Amoonguss, L50, F|100\/100\n|move|p1a: Murkrow|Thunder Wave|p2b: GO BIRD\n|-status|p2b: GO BIRD|par\n|move|p1b: Dudunsparce|Headbutt|p2b: GO BIRD\n|-damage|p2b: GO BIRD|66\/100 par\n|cant|p2b: GO BIRD|par\n|\n|-start|p1a: Murkrow|perish0\n|-start|p1b: Dudunsparce|perish0\n|-start|p2b: GO BIRD|perish0\n|-sideend|p1: Oreoinabox|move: Tailwind\n|upkeep\n|faint|p1a: Murkrow\n|faint|p1b: Dudunsparce\n|faint|p2b: GO BIRD\n|\n|t:|1682957709\n|switch|p1a: Dragonite|Dragonite, L50, M|100\/100\n|switch|p1b: Gholdengo|Gholdengo, L50|100\/100\n|switch|p2b: AAAAAAA|Scream Tail, L50|91\/100\n|turn|5\n|\n|t:|1682957730\n|-terastallize|p1a: Dragonite|Normal\n|move|p1a: Dragonite|Extreme Speed|p2b: AAAAAAA\n|-damage|p2b: AAAAAAA|57\/100\n|move|p2b: AAAAAAA|Perish Song|p2b: AAAAAAA\n|-start|p1a: Dragonite|perish3|[silent]\n|-immune|p1b: Gholdengo|[from] ability: Good as Gold\n|-start|p2a: AMOGUS|perish3|[silent]\n|-start|p2b: AAAAAAA|perish3|[silent]\n|-fieldactivate|move: Perish Song\n|move|p1b: Gholdengo|Power Gem|p2b: AAAAAAA\n|-damage|p2b: AAAAAAA|26\/100\n|move|p2a: AMOGUS|Spore|p1a: Dragonite\n|-activate|p1a: Dragonite|item: Safety Goggles|Spore\n|\n|-start|p2b: AAAAAAA|perish3\n|-start|p1a: Dragonite|perish3\n|-start|p2a: AMOGUS|perish3\n|upkeep\n|turn|6\n|inactive|420hahagamrgurlUwU has 30 seconds left.\n|\n|t:|1682957764\n|move|p1a: Dragonite|Extreme Speed|p2a: AMOGUS\n|-damage|p2a: AMOGUS|59\/100\n|move|p2a: AMOGUS|Rage Powder|p2a: AMOGUS\n|-singleturn|p2a: AMOGUS|move: Rage Powder\n|move|p2b: AAAAAAA|Play Rough|p1a: Dragonite\n|-damage|p1a: Dragonite|88\/100\n|move|p1b: Gholdengo|Power Gem|p2a: AMOGUS\n|-damage|p2a: AMOGUS|30\/100\n|\n|-start|p2b: AAAAAAA|perish2\n|-start|p1a: Dragonite|perish2\n|-start|p2a: AMOGUS|perish2\n|upkeep\n|turn|7\n|\n|t:|1682957782\n|move|p1a: Dragonite|Extreme Speed|p2b: AAAAAAA\n|-damage|p2b: AAAAAAA|0 fnt\n|faint|p2b: AAAAAAA\n|-end|p2b: AAAAAAA|Protosynthesis|[silent]\n|move|p1b: Gholdengo|Power Gem|p2a: AMOGUS\n|-damage|p2a: AMOGUS|0 fnt\n|faint|p2a: AMOGUS\n|\n|-start|p1a: Dragonite|perish1\n|upkeep\n|\n|t:|1682957789\n|switch|p2b: AWOOOOO|Arcanine, L50, M|100\/100\n|-ability|p2b: AWOOOOO|Intimidate|boost\n|-unboost|p1a: Dragonite|atk|1\n|-unboost|p1b: Gholdengo|atk|1\n|turn|8\n|\n|t:|1682957801\n|move|p2b: AWOOOOO|Protect|p2b: AWOOOOO\n|-singleturn|p2b: AWOOOOO|Protect\n|move|p1a: Dragonite|Extreme Speed|p2b: AWOOOOO\n|-activate|p2b: AWOOOOO|move: Protect\n|move|p1b: Gholdengo|Power Gem|p2b: AWOOOOO\n|-activate|p2b: AWOOOOO|move: Protect\n|\n|-start|p1a: Dragonite|perish0\n|faint|p1a: Dragonite\n|upkeep\n|turn|9\n|\n|t:|1682957812\n|-terastallize|p2b: AWOOOOO|Water\n|move|p2b: AWOOOOO|Flare Blitz|p1b: Gholdengo\n|-supereffective|p1b: Gholdengo\n|-damage|p1b: Gholdengo|0 fnt\n|faint|p1b: Gholdengo\n|-damage|p2b: AWOOOOO|70\/100|[from] Recoil\n|\n|win|420hahagamrgurlUwU\n|raw|Oreoinabox's rating: 1066 → 1048<\/strong> (-18 for losing)\n|raw|420hahagamrgurlUwU's rating: 1091 → 1115<\/strong> (+24 for winning)\n|l|\u2606Oreoinabox\n","uploadtime":1682957822,"views":22,"p1id":"oreoinabox","p2id":"420hahagamrgurluwu","formatid":"gen9vgc2023regulationc","rating":1048,"private":0,"password":""}