{"id":"gen9vgc2023regulationc-1862373792","p1":"Realpokehrzz","p2":"KoeKoeFan","format":"[Gen 9] VGC 2023 Regulation C","log":"|j|\u2606Realpokehrzz\n|j|\u2606KoeKoeFan\n|t:|1683875223\n|gametype|doubles\n|player|p1|Realpokehrzz|265|1233\n|player|p2|KoeKoeFan|170|1228\n|teamsize|p1|6\n|teamsize|p2|6\n|gen|9\n|tier|[Gen 9] VGC 2023 Regulation C\n|rated|\n|rule|Species Clause: Limit one of each Pok\u00e9mon\n|rule|Item Clause: Limit one of each item\n|clearpoke\n|poke|p1|Palafin, L50, F|\n|poke|p1|Flutter Mane, L50|\n|poke|p1|Arcanine, L50, M|\n|poke|p1|Ting-Lu, L50|\n|poke|p1|Amoonguss, L50, F|\n|poke|p1|Kingambit, L50, M|\n|poke|p2|Iron Thorns, L50|\n|poke|p2|Scream Tail, L50|\n|poke|p2|Dragonite, L50, M|\n|poke|p2|Arcanine, L50, M|\n|poke|p2|Wo-Chien, L50|\n|poke|p2|Glimmora, L50, F|\n|teampreview|4\n|\n|t:|1683875253\n|start\n|switch|p1a: Kingambit|Kingambit, L50, M|100\/100\n|switch|p1b: Arcanine|Arcanine, L50, M|100\/100\n|switch|p2a: Iron Thorns|Iron Thorns, L50|100\/100\n|switch|p2b: Scream Tail|Scream Tail, L50|100\/100\n|-ability|p1b: Arcanine|Intimidate|boost\n|-unboost|p2a: Iron Thorns|atk|1\n|-unboost|p2b: Scream Tail|atk|1\n|-enditem|p2b: Scream Tail|Booster Energy\n|-activate|p2b: Scream Tail|ability: Protosynthesis|[fromitem]\n|-start|p2b: Scream Tail|protosynthesisspe\n|turn|1\n|\n|t:|1683875275\n|-terastallize|p1a: Kingambit|Dark\n|move|p2b: Scream Tail|Howl|p2b: Scream Tail|[spread] p2a,p2b\n|-boost|p2a: Iron Thorns|atk|1\n|-boost|p2b: Scream Tail|atk|1\n|move|p1b: Arcanine|Howl|p1b: Arcanine|[spread] p1a,p1b\n|-boost|p1a: Kingambit|atk|1\n|-boost|p1b: Arcanine|atk|1\n|move|p2a: Iron Thorns|Brick Break|p1a: Kingambit\n|-supereffective|p1a: Kingambit\n|-damage|p1a: Kingambit|56\/100\n|move|p1a: Kingambit|Kowtow Cleave|p2b: Scream Tail\n|-damage|p2b: Scream Tail|15\/100\n|\n|upkeep\n|turn|2\n|\n|t:|1683875309\n|move|p1b: Arcanine|Extreme Speed|p2b: Scream Tail\n|-damage|p2b: Scream Tail|0 fnt\n|faint|p2b: Scream Tail\n|-end|p2b: Scream Tail|Protosynthesis|[silent]\n|move|p2a: Iron Thorns|Brick Break|p1a: Kingambit\n|-supereffective|p1a: Kingambit\n|-damage|p1a: Kingambit|13\/100\n|move|p1a: Kingambit|Kowtow Cleave|p2a: Iron Thorns\n|-damage|p2a: Iron Thorns|8\/100\n|\n|upkeep\n|\n|t:|1683875327\n|switch|p2b: Arcanine|Arcanine, L50, M|100\/100\n|-ability|p2b: Arcanine|Intimidate|boost\n|-unboost|p1a: Kingambit|atk|1\n|-ability|p1a: Kingambit|Defiant|boost\n|-boost|p1a: Kingambit|atk|2\n|-unboost|p1b: Arcanine|atk|1\n|turn|3\n|\n|t:|1683875341\n|-end|p2a: Iron Thorns|Quark Drive|[silent]\n|switch|p2a: Wo-Chien|Wo-Chien, L50|100\/100\n|-ability|p2a: Wo-Chien|Tablets of Ruin\n|move|p1a: Kingambit|Protect|p1a: Kingambit\n|-singleturn|p1a: Kingambit|Protect\n|move|p1b: Arcanine|Extreme Speed|p2a: Wo-Chien\n|-damage|p2a: Wo-Chien|87\/100\n|move|p2b: Arcanine|Extreme Speed|p1a: Kingambit\n|-activate|p1a: Kingambit|move: Protect\n|\n|-heal|p2a: Wo-Chien|93\/100|[from] item: Leftovers\n|upkeep\n|turn|4\n|\n|t:|1683875379\n|switch|p2a: Iron Thorns|Iron Thorns, L50|8\/100\n|switch|p1a: Flutter Mane|Flutter Mane, L50|100\/100\n|-enditem|p1a: Flutter Mane|Booster Energy\n|-activate|p1a: Flutter Mane|ability: Protosynthesis|[fromitem]\n|-start|p1a: Flutter Mane|protosynthesisspa\n|move|p2b: Arcanine|Extreme Speed|p1a: Flutter Mane\n|-immune|p1a: Flutter Mane\n|move|p1b: Arcanine|Flare Blitz|p2a: Iron Thorns\n|-resisted|p2a: Iron Thorns\n|-damage|p2a: Iron Thorns|0 fnt\n|faint|p2a: Iron Thorns\n|-end|p2a: Iron Thorns|Quark Drive|[silent]\n|-damage|p1b: Arcanine|98\/100|[from] Recoil\n|\n|upkeep\n|\n|t:|1683875395\n|switch|p2a: Wo-Chien|Wo-Chien, L50|93\/100\n|-ability|p2a: Wo-Chien|Tablets of Ruin\n|turn|5\n|\n|t:|1683875428\n|-terastallize|p2a: Wo-Chien|Poison\n|move|p1a: Flutter Mane|Dazzling Gleam|p2a: Wo-Chien|[spread] p2a,p2b\n|-resisted|p2a: Wo-Chien\n|-resisted|p2b: Arcanine\n|-damage|p2a: Wo-Chien|80\/100\n|-damage|p2b: Arcanine|84\/100\n|move|p1b: Arcanine|Flare Blitz|p2a: Wo-Chien\n|-damage|p2a: Wo-Chien|49\/100\n|-damage|p1b: Arcanine|88\/100|[from] Recoil\n|move|p2b: Arcanine|Flare Blitz|p1a: Flutter Mane\n|-damage|p1a: Flutter Mane|45\/100\n|-damage|p2b: Arcanine|70\/100|[from] Recoil\n|move|p2a: Wo-Chien|Leech Seed|p1b: Arcanine\n|-start|p1b: Arcanine|move: Leech Seed\n|\n|-heal|p2a: Wo-Chien|55\/100|[from] item: Leftovers\n|-damage|p1b: Arcanine|76\/100|[from] Leech Seed|[of] p2a: Wo-Chien\n|-heal|p2a: Wo-Chien|68\/100|[silent]\n|upkeep\n|turn|6\n|\n|t:|1683875460\n|switch|p1b: Kingambit|Kingambit, L50, M, tera:Dark|13\/100\n|move|p1a: Flutter Mane|Shadow Ball|p2b: Arcanine\n|-damage|p2b: Arcanine|22\/100\n|move|p2b: Arcanine|Flare Blitz|p1a: Flutter Mane\n|-damage|p1a: Flutter Mane|0 fnt\n|faint|p1a: Flutter Mane\n|-end|p1a: Flutter Mane|Protosynthesis|[silent]\n|-damage|p2b: Arcanine|11\/100|[from] Recoil\n|move|p2a: Wo-Chien|Pollen Puff|p2b: Arcanine\n|-heal|p2b: Arcanine|61\/100\n|\n|-heal|p2a: Wo-Chien|74\/100|[from] item: Leftovers\n|upkeep\n|\n|t:|1683875469\n|switch|p1a: Arcanine|Arcanine, L50, M|76\/100\n|-ability|p1a: Arcanine|Intimidate|boost\n|-unboost|p2a: Wo-Chien|atk|1\n|-unboost|p2b: Arcanine|atk|1\n|turn|7\n|\n|t:|1683875485\n|move|p2b: Arcanine|Protect|p2b: Arcanine\n|-singleturn|p2b: Arcanine|Protect\n|move|p1b: Kingambit|Protect|p1b: Kingambit\n|-singleturn|p1b: Kingambit|Protect\n|move|p1a: Arcanine|Howl|p1a: Arcanine|[spread] p1a,p1b\n|-boost|p1a: Arcanine|atk|1\n|-boost|p1b: Kingambit|atk|1\n|move|p2a: Wo-Chien|Pollen Puff|p1b: Kingambit\n|-activate|p1b: Kingambit|move: Protect\n|\n|-heal|p2a: Wo-Chien|80\/100|[from] item: Leftovers\n|upkeep\n|turn|8\n|\n|t:|1683875531\n|move|p1b: Kingambit|Protect||[still]\n|-fail|p1b: Kingambit\n|move|p1a: Arcanine|Extreme Speed|p2b: Arcanine\n|-damage|p2b: Arcanine|32\/100\n|move|p2b: Arcanine|Extreme Speed|p1b: Kingambit\n|-damage|p1b: Kingambit|5\/100\n|move|p2a: Wo-Chien|Leech Seed|p1a: Arcanine\n|-start|p1a: Arcanine|move: Leech Seed\n|\n|-heal|p2a: Wo-Chien|86\/100|[from] item: Leftovers\n|-damage|p1a: Arcanine|63\/100|[from] Leech Seed|[of] p2a: Wo-Chien\n|-heal|p2a: Wo-Chien|99\/100|[silent]\n|upkeep\n|turn|9\n|\n|t:|1683875578\n|move|p1b: Kingambit|Protect|p1b: Kingambit\n|-singleturn|p1b: Kingambit|Protect\n|move|p2b: Arcanine|Extreme Speed|p1b: Kingambit\n|-activate|p1b: Kingambit|move: Protect\n|move|p1a: Arcanine|Flare Blitz|p2b: Arcanine\n|-resisted|p2b: Arcanine\n|-damage|p2b: Arcanine|0 fnt\n|faint|p2b: Arcanine\n|-damage|p1a: Arcanine|53\/100|[from] Recoil\n|move|p2a: Wo-Chien|Pollen Puff|p2: Arcanine|[notarget]\n|-fail|p2a: Wo-Chien\n|\n|-heal|p2a: Wo-Chien|100\/100|[from] item: Leftovers\n|-damage|p1a: Arcanine|41\/100|[from] Leech Seed|[of] p2a: Wo-Chien\n|upkeep\n|turn|10\n|\n|t:|1683875608\n|switch|p1a: Ting-Lu|Ting-Lu, L50|100\/100\n|-ability|p1a: Ting-Lu|Vessel of Ruin\n|move|p1b: Kingambit|Sucker Punch||[still]\n|-fail|p1b: Kingambit\n|move|p2a: Wo-Chien|Leech Seed|p1b: Kingambit\n|-start|p1b: Kingambit|move: Leech Seed\n|\n|-damage|p1b: Kingambit|0 fnt|[from] Leech Seed|[of] p2a: Wo-Chien\n|faint|p1b: Kingambit\n|upkeep\n|\n|t:|1683875618\n|switch|p1b: Arcanine|Arcanine, L50, M|41\/100\n|-ability|p1b: Arcanine|Intimidate|boost\n|-unboost|p2a: Wo-Chien|atk|1\n|turn|11\n|\n|t:|1683875630\n|move|p1b: Arcanine|Will-O-Wisp|p2a: Wo-Chien\n|-status|p2a: Wo-Chien|brn\n|move|p2a: Wo-Chien|Leech Seed|p1a: Ting-Lu\n|-start|p1a: Ting-Lu|move: Leech Seed\n|move|p1a: Ting-Lu|Ruination|p2a: Wo-Chien\n|-damage|p2a: Wo-Chien|50\/100 brn\n|\n|-heal|p2a: Wo-Chien|57\/100 brn|[from] item: Leftovers\n|-damage|p1a: Ting-Lu|88\/100|[from] Leech Seed|[of] p2a: Wo-Chien\n|-heal|p2a: Wo-Chien|71\/100 brn|[silent]\n|-damage|p2a: Wo-Chien|65\/100 brn|[from] brn\n|upkeep\n|turn|12\n|\n|t:|1683875646\n|move|p2a: Wo-Chien|Protect|p2a: Wo-Chien\n|-singleturn|p2a: Wo-Chien|Protect\n|move|p1b: Arcanine|Howl|p1b: Arcanine|[spread] p1a,p1b\n|-boost|p1a: Ting-Lu|atk|1\n|-boost|p1b: Arcanine|atk|1\n|move|p1a: Ting-Lu|Stomping Tantrum|p2a: Wo-Chien\n|-activate|p2a: Wo-Chien|move: Protect\n|\n|-heal|p2a: Wo-Chien|71\/100 brn|[from] item: Leftovers\n|-damage|p1a: Ting-Lu|76\/100|[from] Leech Seed|[of] p2a: Wo-Chien\n|-heal|p2a: Wo-Chien|86\/100 brn|[silent]\n|-damage|p2a: Wo-Chien|80\/100 brn|[from] brn\n|upkeep\n|turn|13\n|\n|t:|1683875662\n|move|p1b: Arcanine|Howl|p1b: Arcanine|[spread] p1a,p1b\n|-boost|p1a: Ting-Lu|atk|1\n|-boost|p1b: Arcanine|atk|1\n|move|p2a: Wo-Chien|Giga Drain|p1a: Ting-Lu\n|-supereffective|p1a: Ting-Lu\n|-damage|p1a: Ting-Lu|60\/100\n|-heal|p2a: Wo-Chien|90\/100 brn|[from] drain|[of] p1a: Ting-Lu\n|move|p1a: Ting-Lu|Stomping Tantrum|p2a: Wo-Chien\n|-supereffective|p2a: Wo-Chien\n|-damage|p2a: Wo-Chien|7\/100 brn\n|\n|-heal|p2a: Wo-Chien|14\/100 brn|[from] item: Leftovers\n|-damage|p1a: Ting-Lu|48\/100|[from] Leech Seed|[of] p2a: Wo-Chien\n|-heal|p2a: Wo-Chien|28\/100 brn|[silent]\n|-damage|p2a: Wo-Chien|22\/100 brn|[from] brn\n|upkeep\n|turn|14\n|\n|t:|1683875679\n|move|p1b: Arcanine|Howl|p1b: Arcanine|[spread] p1a,p1b\n|-boost|p1a: Ting-Lu|atk|1\n|-boost|p1b: Arcanine|atk|1\n|move|p2a: Wo-Chien|Giga Drain|p1a: Ting-Lu\n|-supereffective|p1a: Ting-Lu\n|-damage|p1a: Ting-Lu|31\/100\n|-heal|p2a: Wo-Chien|32\/100 brn|[from] drain|[of] p1a: Ting-Lu\n|move|p1a: Ting-Lu|Stomping Tantrum|p2a: Wo-Chien\n|-supereffective|p2a: Wo-Chien\n|-damage|p2a: Wo-Chien|0 fnt\n|faint|p2a: Wo-Chien\n|\n|win|Realpokehrzz\n|raw|Realpokehrzz's rating: 1233 → 1258<\/strong> (+25 for winning)\n|raw|KoeKoeFan's rating: 1228 → 1203<\/strong> (-25 for losing)\n","uploadtime":1683875690,"views":9,"p1id":"realpokehrzz","p2id":"koekoefan","formatid":"gen9vgc2023regulationc","rating":1203,"private":0,"password":""}