{"id":"gen9vgc2023regulationc-1863789231","p1":"Ayrshire20Scythers","p2":"Ups1deD0wnSyndrome","format":"[Gen 9] VGC 2023 Regulation C","log":"|j|\u2606Ayrshire20Scythers\n|j|\u2606Ups1deD0wnSyndrome\n|t:|1684077938\n|gametype|doubles\n|player|p1|Ayrshire20Scythers|policeman-gen4|\n|player|p2|Ups1deD0wnSyndrome|265|\n|teamsize|p1|6\n|teamsize|p2|6\n|gen|9\n|tier|[Gen 9] VGC 2023 Regulation C\n|rule|Species Clause: Limit one of each Pok\u00e9mon\n|rule|Item Clause: Limit one of each item\n|clearpoke\n|poke|p1|Pincurchin, L50, M|\n|poke|p1|Iron Moth, L50|\n|poke|p1|Tyranitar, L50, F|\n|poke|p1|Iron Thorns, L50|\n|poke|p1|Iron Jugulis, L50|\n|poke|p1|Indeedee-F, L50, F|\n|poke|p2|Ting-Lu, L50|\n|poke|p2|Altaria, L50, F|\n|poke|p2|Scizor, L50, F|\n|poke|p2|Flutter Mane, L50|\n|poke|p2|Grafaiai, L50, F|\n|poke|p2|Bruxish, L50, F|\n|teampreview|4\n|\n|t:|1684077958\n|start\n|switch|p1a: Pincurchin|Pincurchin, L50, M, shiny|100\/100\n|switch|p1b: Iron Thorns|Iron Thorns, L50, shiny|100\/100\n|switch|p2a: Grafaiai|Grafaiai, L50, F|100\/100\n|switch|p2b: Scizor|Scizor, L50, F, shiny|100\/100\n|-item|p1b: Iron Thorns|Air Balloon\n|-fieldstart|move: Electric Terrain|[from] ability: Electric Surge|[of] p1a: Pincurchin\n|-activate|p1b: Iron Thorns|ability: Quark Drive\n|-start|p1b: Iron Thorns|quarkdriveatk\n|turn|1\n|\n|t:|1684077981\n|switch|p2a: Ting-Lu|Ting-Lu, L50|100\/100\n|-ability|p2a: Ting-Lu|Vessel of Ruin\n|-terastallize|p1a: Pincurchin|Water\n|move|p1b: Iron Thorns|Protect|p1b: Iron Thorns\n|-singleturn|p1b: Iron Thorns|Protect\n|move|p2b: Scizor|Bullet Punch|p1b: Iron Thorns\n|-activate|p1b: Iron Thorns|move: Protect\n|move|p1a: Pincurchin|Surf|p2b: Scizor|[spread] p2a,p2b\n|-activate|p1b: Iron Thorns|move: Protect\n|-supereffective|p2a: Ting-Lu\n|-damage|p2a: Ting-Lu|75\/100\n|-damage|p2b: Scizor|86\/100\n|\n|-heal|p2a: Ting-Lu|81\/100|[from] item: Leftovers\n|upkeep\n|turn|2\n|\n|t:|1684078015\n|move|p1a: Pincurchin|Protect|p1a: Pincurchin\n|-singleturn|p1a: Pincurchin|Protect\n|move|p2b: Scizor|Bullet Punch|p1b: Iron Thorns\n|-damage|p1b: Iron Thorns|73\/100\n|-enditem|p1b: Iron Thorns|Air Balloon\n|move|p1b: Iron Thorns|Rock Slide|p2a: Ting-Lu|[spread] p2a,p2b\n|-resisted|p2a: Ting-Lu\n|-damage|p2a: Ting-Lu|72\/100\n|-damage|p2b: Scizor|42\/100\n|move|p2a: Ting-Lu|Stealth Rock|p1a: Pincurchin\n|-sidestart|p1: Ayrshire20Scythers|move: Stealth Rock\n|\n|-heal|p2a: Ting-Lu|78\/100|[from] item: Leftovers\n|upkeep\n|turn|3\n|\n|t:|1684078043\n|move|p1b: Iron Thorns|Protect|p1b: Iron Thorns\n|-singleturn|p1b: Iron Thorns|Protect\n|move|p2b: Scizor|Aerial Ace|p1a: Pincurchin\n|-damage|p1a: Pincurchin|70\/100\n|move|p2a: Ting-Lu|Stomping Tantrum|p1b: Iron Thorns\n|-activate|p1b: Iron Thorns|move: Protect\n|move|p1a: Pincurchin|Surf|p2a: Ting-Lu|[spread] p2a,p2b\n|-activate|p1b: Iron Thorns|move: Protect\n|-supereffective|p2a: Ting-Lu\n|-damage|p2a: Ting-Lu|52\/100\n|-damage|p2b: Scizor|30\/100\n|\n|-heal|p2a: Ting-Lu|58\/100|[from] item: Leftovers\n|upkeep\n|turn|4\n|\n|t:|1684078063\n|move|p1b: Iron Thorns|Rock Slide|p2a: Ting-Lu|[spread] p2a,p2b\n|-resisted|p2a: Ting-Lu\n|-damage|p2a: Ting-Lu|49\/100\n|-damage|p2b: Scizor|0 fnt\n|faint|p2b: Scizor\n|move|p2a: Ting-Lu|Stomping Tantrum|p1b: Iron Thorns\n|-supereffective|p1b: Iron Thorns\n|-damage|p1b: Iron Thorns|0 fnt\n|faint|p1b: Iron Thorns\n|-end|p1b: Iron Thorns|Quark Drive|[silent]\n|move|p1a: Pincurchin|Recover|p1a: Pincurchin\n|-heal|p1a: Pincurchin|100\/100\n|\n|-heal|p2a: Ting-Lu|55\/100|[from] item: Leftovers\n|upkeep\n|\n|t:|1684078083\n|switch|p1b: Indeedee|Indeedee-F, L50, F, shiny|100\/100\n|switch|p2b: Grafaiai|Grafaiai, L50, F|100\/100\n|-damage|p1b: Indeedee|88\/100|[from] Stealth Rock\n|turn|5\n|\n|t:|1684078105\n|move|p1b: Indeedee|Fake Out|p2b: Grafaiai\n|-damage|p2b: Grafaiai|85\/100\n|cant|p2b: Grafaiai|flinch\n|move|p1a: Pincurchin|Surf|p2a: Ting-Lu|[spread] p1b,p2a,p2b\n|-supereffective|p2a: Ting-Lu\n|-damage|p1b: Indeedee|73\/100\n|-damage|p2a: Ting-Lu|28\/100\n|-damage|p2b: Grafaiai|57\/100\n|move|p2a: Ting-Lu|Whirlwind|p1b: Indeedee\n|drag|p1b: Iron Moth|Iron Moth, L50, shiny|100\/100\n|-damage|p1b: Iron Moth|76\/100|[from] Stealth Rock\n|-activate|p1b: Iron Moth|ability: Quark Drive\n|-start|p1b: Iron Moth|quarkdrivespe\n|\n|-heal|p2a: Ting-Lu|34\/100|[from] item: Leftovers\n|upkeep\n|turn|6\n|\n|t:|1684078127\n|move|p1b: Iron Moth|Protect|p1b: Iron Moth\n|-singleturn|p1b: Iron Moth|Protect\n|move|p2b: Grafaiai|Swagger|p1a: Pincurchin\n|-boost|p1a: Pincurchin|atk|2\n|-enditem|p2b: Grafaiai|Mirror Herb\n|-boost|p2b: Grafaiai|atk|2|[from] item: Mirror Herb\n|-start|p1a: Pincurchin|confusion\n|move|p2a: Ting-Lu|Stomping Tantrum|p1b: Iron Moth\n|-activate|p1b: Iron Moth|move: Protect\n|-activate|p1a: Pincurchin|confusion\n|move|p1a: Pincurchin|Surf|p2a: Ting-Lu|[spread] p2a,p2b\n|-activate|p1b: Iron Moth|move: Protect\n|-supereffective|p2a: Ting-Lu\n|-damage|p2a: Ting-Lu|8\/100\n|-damage|p2b: Grafaiai|29\/100\n|\n|-heal|p2a: Ting-Lu|14\/100|[from] item: Leftovers\n|upkeep\n|turn|7\n|\n|t:|1684078152\n|-terastallize|p2b: Grafaiai|Flying\n|-activate|p1a: Pincurchin|confusion\n|move|p1a: Pincurchin|Protect|p1a: Pincurchin\n|-singleturn|p1a: Pincurchin|Protect\n|move|p2b: Grafaiai|Acrobatics|p1a: Pincurchin\n|-activate|p1a: Pincurchin|move: Protect\n|move|p1b: Iron Moth|Heat Wave|p2a: Ting-Lu|[spread] p2b\n|-miss|p1b: Iron Moth|p2a: Ting-Lu\n|-damage|p2b: Grafaiai|0 fnt\n|faint|p2b: Grafaiai\n|-damage|p1b: Iron Moth|66\/100|[from] item: Life Orb\n|move|p2a: Ting-Lu|Stomping Tantrum|p1b: Iron Moth\n|-supereffective|p1b: Iron Moth\n|-damage|p1b: Iron Moth|0 fnt\n|faint|p1b: Iron Moth\n|-end|p1b: Iron Moth|Quark Drive|[silent]\n|\n|-heal|p2a: Ting-Lu|20\/100|[from] item: Leftovers\n|upkeep\n|\n|t:|1684078172\n|switch|p1b: Indeedee|Indeedee-F, L50, F, shiny|73\/100\n|switch|p2b: Flutter Mane|Flutter Mane, L50|100\/100\n|-damage|p1b: Indeedee|60\/100|[from] Stealth Rock\n|-enditem|p2b: Flutter Mane|Booster Energy\n|-activate|p2b: Flutter Mane|ability: Protosynthesis|[fromitem]\n|-start|p2b: Flutter Mane|protosynthesisspe\n|turn|8\n|\n|t:|1684078193\n|move|p1b: Indeedee|Fake Out|p2a: Ting-Lu\n|-damage|p2a: Ting-Lu|16\/100\n|move|p2b: Flutter Mane|Dazzling Gleam|p1a: Pincurchin|[spread] p1a,p1b\n|-damage|p1a: Pincurchin|71\/100\n|-damage|p1b: Indeedee|43\/100\n|cant|p2a: Ting-Lu|flinch\n|-activate|p1a: Pincurchin|confusion\n|-damage|p1a: Pincurchin|59\/100|[from] confusion\n|\n|-heal|p2a: Ting-Lu|22\/100|[from] item: Leftovers\n|-fieldend|move: Electric Terrain\n|upkeep\n|turn|9\n|\n|t:|1684078223\n|move|p2b: Flutter Mane|Dazzling Gleam|p1b: Indeedee|[spread] p1a,p1b\n|-damage|p1a: Pincurchin|30\/100\n|-damage|p1b: Indeedee|23\/100\n|-enditem|p1b: Indeedee|Iapapa Berry|[eat]\n|-heal|p1b: Indeedee|56\/100|[from] item: Iapapa Berry\n|move|p1b: Indeedee|Heal Pulse|p1a: Pincurchin\n|-heal|p1a: Pincurchin|80\/100\n|move|p2a: Ting-Lu|Stomping Tantrum|p1b: Indeedee\n|-damage|p1b: Indeedee|0 fnt\n|faint|p1b: Indeedee\n|-activate|p1a: Pincurchin|confusion\n|-damage|p1a: Pincurchin|67\/100|[from] confusion\n|\n|-heal|p2a: Ting-Lu|28\/100|[from] item: Leftovers\n|upkeep\n|turn|10\n|\n|t:|1684078243\n|move|p2b: Flutter Mane|Dazzling Gleam|p1a: Pincurchin\n|-damage|p1a: Pincurchin|32\/100\n|move|p2a: Ting-Lu|Body Press|p1a: Pincurchin\n|-damage|p1a: Pincurchin|6\/100\n|-end|p1a: Pincurchin|confusion\n|move|p1a: Pincurchin|Surf|p2b: Flutter Mane|[spread] p2a,p2b\n|-supereffective|p2a: Ting-Lu\n|-damage|p2a: Ting-Lu|1\/100\n|-damage|p2b: Flutter Mane|87\/100\n|\n|-heal|p2a: Ting-Lu|7\/100|[from] item: Leftovers\n|upkeep\n|turn|11\n|\n|t:|1684078258\n|move|p2b: Flutter Mane|Dazzling Gleam|p1a: Pincurchin\n|-damage|p1a: Pincurchin|0 fnt\n|faint|p1a: Pincurchin\n|\n|win|Ups1deD0wnSyndrome\n|l|\u2606Ayrshire20Scythers\n","uploadtime":1684078360,"views":12,"p1id":"ayrshire20scythers","p2id":"ups1ded0wnsyndrome","formatid":"gen9vgc2023regulationc","rating":0,"private":0,"password":""}