{"id":"gen9vgc2023regulationc-1862465196","p1":"TonyJazs","p2":"Litrona","format":"[Gen 9] VGC 2023 Regulation C","log":"|j|\u2606TonyJazs\n|j|\u2606Litrona\n|t:|1683890292\n|gametype|doubles\n|player|p1|TonyJazs|brawly|1096\n|player|p2|Litrona|dancer|1095\n|teamsize|p1|6\n|teamsize|p2|6\n|gen|9\n|tier|[Gen 9] VGC 2023 Regulation C\n|rated|\n|rule|Species Clause: Limit one of each Pok\u00e9mon\n|rule|Item Clause: Limit one of each item\n|clearpoke\n|poke|p1|Toxicroak, L50, M|\n|poke|p1|Pelipper, L50, F|\n|poke|p1|Drednaw, L50, F|\n|poke|p1|Wo-Chien, L50|\n|poke|p1|Glimmora, L50, M|\n|poke|p1|Iron Bundle, L50|\n|poke|p2|Torkoal, L50, M|\n|poke|p2|Flutter Mane, L50|\n|poke|p2|Corviknight, L50, M|\n|poke|p2|Bellibolt, L50, M|\n|poke|p2|Krookodile, L50, F|\n|poke|p2|Brute Bonnet, L50|\n|teampreview|4\n|inactive|Battle timer is ON: inactive players will automatically lose when time's up. (requested by TonyJazs)\n|j| A Borygon\n|inactive|Litrona has 60 seconds left.\n|\n|t:|1683890324\n|start\n|switch|p1a: Pelipper|Pelipper, L50, F, shiny|100\/100\n|switch|p1b: Glimmora|Glimmora, L50, M, shiny|100\/100\n|switch|p2a: Torkoal|Torkoal, L50, M|100\/100\n|switch|p2b: Flutter Mane|Flutter Mane, L50|100\/100\n|-weather|RainDance|[from] ability: Drizzle|[of] p1a: Pelipper\n|-weather|SunnyDay|[from] ability: Drought|[of] p2a: Torkoal\n|-activate|p2b: Flutter Mane|ability: Protosynthesis\n|-start|p2b: Flutter Mane|protosynthesisspa\n|turn|1\n|inactive|Litrona has 30 seconds left.\n|\n|t:|1683890353\n|-terastallize|p2a: Torkoal|Grass\n|move|p2b: Flutter Mane|Icy Wind|p1b: Glimmora|[spread] p1a,p1b\n|-damage|p1a: Pelipper|70\/100\n|-damage|p1b: Glimmora|75\/100\n|-unboost|p1a: Pelipper|spe|1\n|-unboost|p1b: Glimmora|spe|1\n|move|p1b: Glimmora|Mortal Spin|p2b: Flutter Mane|[spread] p2a,p2b\n|-supereffective|p2a: Torkoal\n|-damage|p2a: Torkoal|96\/100\n|-damage|p2b: Flutter Mane|91\/100\n|-status|p2a: Torkoal|psn\n|-status|p2b: Flutter Mane|psn\n|move|p1a: Pelipper|U-turn|p2a: Torkoal\n|-supereffective|p2a: Torkoal\n|-damage|p2a: Torkoal|82\/100 psn\n|l| A Borygon\n|\n|t:|1683890368\n|switch|p1a: Toxicroak|Toxicroak, L50, M|100\/100|[from] U-turn\n|move|p2a: Torkoal|Earth Power|p1b: Glimmora\n|-supereffective|p1b: Glimmora\n|-damage|p1b: Glimmora|0 fnt\n|faint|p1b: Glimmora\n|\n|-weather|SunnyDay|[upkeep]\n|-damage|p1a: Toxicroak|89\/100|[from] ability: Dry Skin|[of] p1a: Toxicroak\n|-damage|p2b: Flutter Mane|79\/100 psn|[from] psn\n|-damage|p2a: Torkoal|70\/100 psn|[from] psn\n|upkeep\n|\n|t:|1683890378\n|switch|p1b: Pelipper|Pelipper, L50, F, shiny|70\/100\n|-weather|RainDance|[from] ability: Drizzle|[of] p1b: Pelipper\n|-end|p2b: Flutter Mane|Protosynthesis\n|turn|2\n|inactive|TonyJazs has 30 seconds left.\n|inactive|Litrona has 30 seconds left.\n|\n|t:|1683890416\n|-end|p2b: Flutter Mane|Protosynthesis|[silent]\n|switch|p2b: Corviknight|Corviknight, L50, M|100\/100\n|-ability|p2b: Corviknight|Pressure\n|-terastallize|p1a: Toxicroak|Water\n|move|p1a: Toxicroak|Gunk Shot|p2b: Corviknight\n|-immune|p2b: Corviknight\n|move|p1b: Pelipper|Hurricane|p2a: Torkoal\n|-supereffective|p2a: Torkoal\n|-damage|p2a: Torkoal|0 fnt\n|faint|p2a: Torkoal\n|\n|-weather|RainDance|[upkeep]\n|-heal|p1a: Toxicroak|100\/100|[from] ability: Dry Skin\n|upkeep\n|\n|t:|1683890438\n|switch|p2a: Flutter Mane|Flutter Mane, L50|79\/100 psn\n|turn|3\n|\n|t:|1683890449\n|move|p2a: Flutter Mane|Moonblast|p1a: Toxicroak\n|-damage|p1a: Toxicroak|10\/100\n|move|p1a: Toxicroak|Gunk Shot|p2a: Flutter Mane\n|-damage|p2a: Flutter Mane|0 fnt\n|faint|p2a: Flutter Mane\n|-end|p2a: Flutter Mane|Protosynthesis|[silent]\n|move|p2b: Corviknight|Brave Bird|p1a: Toxicroak\n|-damage|p1a: Toxicroak|0 fnt\n|faint|p1a: Toxicroak\n|-damage|p2b: Corviknight|98\/100|[from] Recoil\n|move|p1b: Pelipper|Chilling Water|p2b: Corviknight\n|-damage|p2b: Corviknight|72\/100\n|-unboost|p2b: Corviknight|atk|1\n|\n|-weather|RainDance|[upkeep]\n|-heal|p2b: Corviknight|77\/100|[from] item: Leftovers\n|upkeep\n|\n|t:|1683890465\n|switch|p2a: Brute Bonnet|Brute Bonnet, L50|100\/100\n|switch|p1a: Wo-Chien|Wo-Chien, L50|100\/100\n|-ability|p1a: Wo-Chien|Tablets of Ruin\n|turn|4\n|\n|t:|1683890477\n|move|p1a: Wo-Chien|Pollen Puff|p2a: Brute Bonnet\n|-supereffective|p2a: Brute Bonnet\n|-damage|p2a: Brute Bonnet|44\/100\n|move|p2b: Corviknight|Body Press|p1a: Wo-Chien\n|-supereffective|p1a: Wo-Chien\n|-damage|p1a: Wo-Chien|68\/100\n|move|p1b: Pelipper|Chilling Water|p2b: Corviknight\n|-damage|p2b: Corviknight|49\/100\n|-unboost|p2b: Corviknight|atk|1\n|move|p2a: Brute Bonnet|Spore|p1b: Pelipper\n|-status|p1b: Pelipper|slp|[from] move: Spore\n|\n|-weather|RainDance|[upkeep]\n|-heal|p1a: Wo-Chien|74\/100|[from] item: Leftovers\n|-heal|p2b: Corviknight|55\/100|[from] item: Leftovers\n|upkeep\n|turn|5\n|\n|t:|1683890499\n|move|p1a: Wo-Chien|Pollen Puff|p2a: Brute Bonnet\n|-supereffective|p2a: Brute Bonnet\n|-damage|p2a: Brute Bonnet|0 fnt\n|faint|p2a: Brute Bonnet\n|-end|p2a: Brute Bonnet|Protosynthesis|[silent]\n|move|p2b: Corviknight|Body Press|p1a: Wo-Chien\n|-supereffective|p1a: Wo-Chien\n|-damage|p1a: Wo-Chien|39\/100\n|cant|p1b: Pelipper|slp\n|\n|-weather|RainDance|[upkeep]\n|-heal|p1a: Wo-Chien|45\/100|[from] item: Leftovers\n|-heal|p2b: Corviknight|61\/100|[from] item: Leftovers\n|upkeep\n|turn|6\n|\n|t:|1683890514\n|move|p1a: Wo-Chien|Ruination|p2b: Corviknight\n|-damage|p2b: Corviknight|31\/100\n|move|p2b: Corviknight|Body Press|p1a: Wo-Chien\n|-supereffective|p1a: Wo-Chien\n|-damage|p1a: Wo-Chien|11\/100\n|cant|p1b: Pelipper|slp\n|\n|-weather|RainDance|[upkeep]\n|-heal|p1a: Wo-Chien|17\/100|[from] item: Leftovers\n|-heal|p2b: Corviknight|36\/100|[from] item: Leftovers\n|upkeep\n|turn|7\n|\n|t:|1683890530\n|move|p1a: Wo-Chien|Leech Seed|p2b: Corviknight\n|-start|p2b: Corviknight|move: Leech Seed\n|move|p2b: Corviknight|Light Screen|p2b: Corviknight\n|-sidestart|p2: Litrona|move: Light Screen\n|cant|p1b: Pelipper|slp\n|\n|-weather|RainDance|[upkeep]\n|-heal|p1a: Wo-Chien|23\/100|[from] item: Leftovers\n|-heal|p2b: Corviknight|42\/100|[from] item: Leftovers\n|-damage|p2b: Corviknight|30\/100|[from] Leech Seed|[of] p1a: Wo-Chien\n|-heal|p1a: Wo-Chien|34\/100|[silent]\n|upkeep\n|turn|8\n|\n|t:|1683890544\n|move|p1a: Wo-Chien|Protect|p1a: Wo-Chien\n|-singleturn|p1a: Wo-Chien|Protect\n|move|p2b: Corviknight|Body Press|p1a: Wo-Chien\n|-activate|p1a: Wo-Chien|move: Protect\n|-curestatus|p1b: Pelipper|slp|[msg]\n|move|p1b: Pelipper|Chilling Water|p2b: Corviknight\n|-damage|p2b: Corviknight|10\/100\n|-unboost|p2b: Corviknight|atk|1\n|\n|-weather|RainDance|[upkeep]\n|-heal|p1a: Wo-Chien|41\/100|[from] item: Leftovers\n|-heal|p2b: Corviknight|16\/100|[from] item: Leftovers\n|-damage|p2b: Corviknight|4\/100|[from] Leech Seed|[of] p1a: Wo-Chien\n|-heal|p1a: Wo-Chien|52\/100|[silent]\n|upkeep\n|turn|9\n|\n|t:|1683890563\n|move|p1b: Pelipper|Protect|p1b: Pelipper\n|-singleturn|p1b: Pelipper|Protect\n|move|p1a: Wo-Chien|Pollen Puff|p2b: Corviknight\n|-resisted|p2b: Corviknight\n|-damage|p2b: Corviknight|0 fnt\n|faint|p2b: Corviknight\n|\n|win|TonyJazs\n|raw|TonyJazs's rating: 1096 → 1122<\/strong> (+26 for winning)\n|raw|Litrona's rating: 1095 → 1071<\/strong> (-24 for losing)\n|l|\u2606Litrona\n|c|\u2606TonyJazs|gg\n","uploadtime":1683890577,"views":17,"p1id":"tonyjazs","p2id":"litrona","formatid":"gen9vgc2023regulationc","rating":1071,"private":0,"password":""}