{"id":"gen9vgc2023regulationc-1863348427","p1":"Komokeo","p2":"godtech946","format":"[Gen 9] VGC 2023 Regulation C","log":"|j|\u2606Komokeo\n|j|\u2606godtech946\n|t:|1684005594\n|gametype|doubles\n|player|p1|Komokeo|wallace|1180\n|player|p2|godtech946|veteran|1076\n|teamsize|p1|6\n|teamsize|p2|6\n|gen|9\n|tier|[Gen 9] VGC 2023 Regulation C\n|rated|\n|rule|Species Clause: Limit one of each Pok\u00e9mon\n|rule|Item Clause: Limit one of each item\n|clearpoke\n|poke|p1|Dondozo, L50, M|\n|poke|p1|Scream Tail, L50|\n|poke|p1|Tatsugiri, L50, M|\n|poke|p1|Arcanine, L50, F|\n|poke|p1|Gholdengo, L50|\n|poke|p1|Corviknight, L50, F|\n|poke|p2|Grimmsnarl, L50, M|\n|poke|p2|Azumarill, L50, F|\n|poke|p2|Dondozo, L50, F|\n|poke|p2|Ting-Lu, L50|\n|poke|p2|Annihilape, L50, F|\n|poke|p2|Dugtrio, L50, M|\n|teampreview|4\n|inactive|Battle timer is ON: inactive players will automatically lose when time's up. (requested by Komokeo)\n|inactive|godtech946 has 60 seconds left.\n|\n|t:|1684005642\n|start\n|switch|p1a: Gholdengo|Gholdengo, L50|100\/100\n|switch|p1b: Dondozo|Dondozo, L50, M|100\/100\n|switch|p2a: Azumarill|Azumarill, L50, F|100\/100\n|switch|p2b: Dondozo|Dondozo, L50, F|100\/100\n|turn|1\n|inactive|godtech946 has 30 seconds left.\n|inactive|godtech946 has 20 seconds left.\n|inactive|godtech946 has 15 seconds left.\n|inactive|godtech946 has 10 seconds left.\n|\n|t:|1684005691\n|switch|p2b: Dugtrio|Dugtrio, L50, M|100\/100\n|move|p1a: Gholdengo|Trick|p2b: Dugtrio\n|-activate|p1a: Gholdengo|move: Trick|[of] p2b: Dugtrio\n|-item|p2b: Dugtrio|Choice Specs|[from] move: Trick\n|-item|p1a: Gholdengo|Focus Sash|[from] move: Trick\n|move|p1b: Dondozo|Curse|p1b: Dondozo\n|-unboost|p1b: Dondozo|spe|1\n|-boost|p1b: Dondozo|atk|1\n|-boost|p1b: Dondozo|def|1\n|move|p2a: Azumarill|Perish Song|p2a: Azumarill\n|-immune|p1a: Gholdengo|[from] ability: Good as Gold\n|-start|p1b: Dondozo|perish3|[silent]\n|-start|p2a: Azumarill|perish3|[silent]\n|-start|p2b: Dugtrio|perish3|[silent]\n|-fieldactivate|move: Perish Song\n|\n|-start|p2b: Dugtrio|perish3\n|-start|p2a: Azumarill|perish3\n|-start|p1b: Dondozo|perish3\n|upkeep\n|turn|2\n|inactive|Komokeo has 30 seconds left.\n|\n|t:|1684005723\n|switch|p2a: Dondozo|Dondozo, L50, F|100\/100\n|move|p2b: Dugtrio|Fissure|p1a: Gholdengo\n|-enditem|p1a: Gholdengo|Focus Sash\n|-damage|p1a: Gholdengo|1\/100\n|move|p1a: Gholdengo|Make It Rain|p2b: Dugtrio|[spread] p2a,p2b\n|-resisted|p2a: Dondozo\n|-damage|p2a: Dondozo|88\/100\n|-damage|p2b: Dugtrio|0 fnt\n|-unboost|p1a: Gholdengo|spa|1\n|faint|p2b: Dugtrio\n|move|p1b: Dondozo|Yawn|p2a: Dondozo\n|-start|p2a: Dondozo|move: Yawn|[of] p1b: Dondozo\n|\n|-start|p1b: Dondozo|perish2\n|upkeep\n|\n|t:|1684005739\n|switch|p2b: Azumarill|Azumarill, L50, F|100\/100\n|turn|3\n|\n|t:|1684005764\n|switch|p2a: Ting-Lu|Ting-Lu, L50|100\/100\n|-ability|p2a: Ting-Lu|Vessel of Ruin\n|switch|p1b: Scream Tail|Scream Tail, L50, shiny|100\/100\n|move|p2b: Azumarill|Aqua Jet|p1a: Gholdengo\n|-damage|p1a: Gholdengo|0 fnt\n|faint|p1a: Gholdengo\n|\n|upkeep\n|\n|t:|1684005772\n|switch|p1a: Dondozo|Dondozo, L50, M|100\/100\n|turn|4\n|\n|t:|1684005789\n|switch|p2b: Dondozo|Dondozo, L50, F|88\/100\n|move|p1b: Scream Tail|Noble Roar|p2b: Dondozo\n|-unboost|p2b: Dondozo|atk|1\n|-unboost|p2b: Dondozo|spa|1\n|-enditem|p1b: Scream Tail|Throat Spray\n|-boost|p1b: Scream Tail|spa|1|[from] item: Throat Spray\n|move|p2a: Ting-Lu|Fissure|p1b: Scream Tail\n|-damage|p1b: Scream Tail|0 fnt\n|faint|p1b: Scream Tail\n|-end|p1b: Scream Tail|Protosynthesis|[silent]\n|-ohko\n|move|p1a: Dondozo|Curse|p1a: Dondozo\n|-unboost|p1a: Dondozo|spe|1\n|-boost|p1a: Dondozo|atk|1\n|-boost|p1a: Dondozo|def|1\n|\n|upkeep\n|\n|t:|1684005803\n|switch|p1b: Tatsugiri|Tatsugiri, L50, M|100\/100\n|-activate|p1b: Tatsugiri|ability: Commander|[of] p1a: Dondozo\n|-boost|p1a: Dondozo|atk|2\n|-boost|p1a: Dondozo|spa|2\n|-boost|p1a: Dondozo|spe|2\n|-boost|p1a: Dondozo|def|2\n|-boost|p1a: Dondozo|spd|2\n|turn|5\n|\n|t:|1684005815\n|move|p1a: Dondozo|Yawn|p2a: Ting-Lu\n|-start|p2a: Ting-Lu|move: Yawn|[of] p1a: Dondozo\n|move|p2a: Ting-Lu|Fissure|p1a: Dondozo|[miss]\n|-miss|p2a: Ting-Lu|p1a: Dondozo\n|move|p2b: Dondozo|Fissure|p1a: Dondozo|[miss]\n|-miss|p2b: Dondozo|p1a: Dondozo\n|\n|upkeep\n|turn|6\n|c|\u2606Komokeo|bruh\n|\n|t:|1684005839\n|switch|p2a: Azumarill|Azumarill, L50, F|100\/100\n|move|p1a: Dondozo|Earthquake|p2b: Dondozo|[spread] p2a,p2b\n|-miss|p1a: Dondozo|p1b: Tatsugiri\n|-damage|p2a: Azumarill|52\/100\n|-damage|p2b: Dondozo|76\/100\n|move|p2b: Dondozo|Fissure|p1a: Dondozo\n|-damage|p1a: Dondozo|0 fnt\n|faint|p1a: Dondozo\n|-ohko\n|\n|upkeep\n|turn|7\n|-message|Komokeo forfeited.\n|\n|win|godtech946\n|raw|Komokeo's rating: 1180 → 1148<\/strong> (-32 for losing)\n|raw|godtech946's rating: 1076 → 1113<\/strong> (+37 for winning)\n|l|\u2606Komokeo\n","uploadtime":1684005862,"views":4,"p1id":"komokeo","p2id":"godtech946","formatid":"gen9vgc2023regulationc","rating":1113,"private":0,"password":""}