{"id":"gen9vgc2023regulationc-1849189511","p1":"Sonite","p2":"LukeMineWalker","format":"[Gen 9] VGC 2023 Regulation C","log":"|j|\u2606Sonite\n|j|\u2606LukeMineWalker\n|t:|1682170477\n|gametype|doubles\n|player|p1|Sonite|265|1071\n|player|p2|LukeMineWalker|rosa|1000\n|teamsize|p1|6\n|teamsize|p2|6\n|gen|9\n|tier|[Gen 9] VGC 2023 Regulation C\n|rated|\n|rule|Species Clause: Limit one of each Pok\u00e9mon\n|rule|Item Clause: Limit one of each item\n|clearpoke\n|poke|p1|Abomasnow, L50, M|\n|poke|p1|Cetitan, L50, F|\n|poke|p1|Slowking, L50, M|\n|poke|p1|Iron Hands, L50|\n|poke|p1|Arcanine, L50, M|\n|poke|p1|Ceruledge, L50, F|\n|poke|p2|Iron Valiant, L50|\n|poke|p2|Noivern, L50, F|\n|poke|p2|Maushold-Four, L50|\n|poke|p2|Scizor, L50, F|\n|poke|p2|Garganacl, L50, F|\n|poke|p2|Salazzle, L50, F|\n|teampreview|4\n|inactive|Battle timer is ON: inactive players will automatically lose when time's up. (requested by Sonite)\nSonite rejected open team sheets.\n|inactive|LukeMineWalker has 60 seconds left.\n|\n|t:|1682170544\n|start\n|switch|p1a: Slowking|Slowking, L50, M|100\/100\n|switch|p1b: Ceruledge|Ceruledge, L50, F|100\/100\n|switch|p2a: Noivern|Noivern, L50, F, shiny|100\/100\n|switch|p2b: Salazzle|Salazzle, L50, F|100\/100\n|turn|1\n|\n|t:|1682170563\n|move|p2b: Salazzle|Protect|p2b: Salazzle\n|-singleturn|p2b: Salazzle|Protect\n|move|p2a: Noivern|Tailwind|p2a: Noivern\n|-sidestart|p2: LukeMineWalker|move: Tailwind\n|move|p1b: Ceruledge|Bulk Up|p1b: Ceruledge\n|-boost|p1b: Ceruledge|atk|1\n|-boost|p1b: Ceruledge|def|1\n|move|p1a: Slowking|Trick Room|p1a: Slowking\n|-fieldstart|move: Trick Room|[of] p1a: Slowking\n|\n|upkeep\n|turn|2\n|c|\u2606LukeMineWalker|oof for me XD\n|inactive|LukeMineWalker has 30 seconds left.\n|\n|t:|1682170595\n|switch|p2b: Garganacl|Garganacl, L50, F|100\/100\n|move|p2a: Noivern|Protect|p2a: Noivern\n|-singleturn|p2a: Noivern|Protect\n|move|p1a: Slowking|Psyshock|p2b: Garganacl\n|-damage|p2b: Garganacl|74\/100\n|move|p1b: Ceruledge|Bitter Blade|p2a: Noivern\n|-activate|p2a: Noivern|move: Protect\n|\n|-heal|p2b: Garganacl|80\/100|[from] item: Leftovers\n|upkeep\n|turn|3\n|\n|t:|1682170620\n|move|p1a: Slowking|Yawn|p2a: Noivern\n|-start|p2a: Noivern|move: Yawn|[of] p1a: Slowking\n|move|p1b: Ceruledge|Bitter Blade|p2a: Noivern\n|-resisted|p2a: Noivern\n|-damage|p2a: Noivern|61\/100\n|move|p2b: Garganacl|Salt Cure|p1a: Slowking\n|-damage|p1a: Slowking|85\/100\n|-start|p1a: Slowking|Salt Cure\n|move|p2a: Noivern|Draco Meteor|p1b: Ceruledge\n|-damage|p1b: Ceruledge|46\/100\n|-unboost|p2a: Noivern|spa|2\n|\n|-heal|p1b: Ceruledge|52\/100|[from] item: Leftovers\n|-heal|p2b: Garganacl|86\/100|[from] item: Leftovers\n|-damage|p1a: Slowking|60\/100|[from] Salt Cure\n|upkeep\n|turn|4\n|inactive|Sonite has 30 seconds left.\n|inactive|LukeMineWalker has 30 seconds left.\n|\n|t:|1682170653\n|switch|p2a: Salazzle|Salazzle, L50, F|100\/100\n|move|p1b: Ceruledge|Protect|p1b: Ceruledge\n|-singleturn|p1b: Ceruledge|Protect\n|move|p1a: Slowking|Psyshock|p2a: Salazzle\n|-supereffective|p2a: Salazzle\n|-crit|p2a: Salazzle\n|-enditem|p2a: Salazzle|Focus Sash\n|-damage|p2a: Salazzle|1\/100\n|move|p2b: Garganacl|Iron Defense|p2b: Garganacl\n|-boost|p2b: Garganacl|def|2\n|\n|-heal|p1b: Ceruledge|58\/100|[from] item: Leftovers\n|-heal|p2b: Garganacl|92\/100|[from] item: Leftovers\n|-damage|p1a: Slowking|36\/100|[from] Salt Cure\n|-sideend|p2: LukeMineWalker|move: Tailwind\n|upkeep\n|turn|5\n|inactive|LukeMineWalker has 30 seconds left.\n|\n|t:|1682170682\n|move|p2a: Salazzle|Protect|p2a: Salazzle\n|-singleturn|p2a: Salazzle|Protect\n|move|p1b: Ceruledge|Shadow Sneak|p2a: Salazzle\n|-activate|p2a: Salazzle|move: Protect\n|move|p1a: Slowking|Chilly Reception|p1a: Slowking\n|-weather|Snow\n|\n|t:|1682170692\n|switch|p1a: Cetitan|Cetitan, L50, F|100\/100|[from] Chilly Reception\n|move|p2b: Garganacl|Salt Cure|p1b: Ceruledge\n|-supereffective|p1b: Ceruledge\n|-damage|p1b: Ceruledge|38\/100\n|-start|p1b: Ceruledge|Salt Cure\n|\n|-weather|Snow|[upkeep]\n|-heal|p2b: Garganacl|98\/100|[from] item: Leftovers\n|-heal|p1b: Ceruledge|44\/100|[from] item: Leftovers\n|-damage|p1b: Ceruledge|32\/100|[from] Salt Cure\n|-fieldend|move: Trick Room\n|upkeep\n|turn|6\n|\n|t:|1682170721\n|switch|p2a: Noivern|Noivern, L50, F, shiny|61\/100\n|-terastallize|p1b: Ceruledge|Grass\n|move|p1b: Ceruledge|Shadow Sneak|p2a: Noivern\n|-damage|p2a: Noivern|25\/100\n|move|p1a: Cetitan|Liquidation|p2b: Garganacl\n|-supereffective|p2b: Garganacl\n|-damage|p2b: Garganacl|78\/100\n|move|p2b: Garganacl|Body Press|p1a: Cetitan\n|-supereffective|p1a: Cetitan\n|-damage|p1a: Cetitan|42\/100\n|\n|-weather|Snow|[upkeep]\n|-heal|p1b: Ceruledge|38\/100|[from] item: Leftovers\n|-heal|p2b: Garganacl|84\/100|[from] item: Leftovers\n|-damage|p1b: Ceruledge|26\/100|[from] Salt Cure\n|upkeep\n|turn|7\n|inactive|LukeMineWalker has 30 seconds left.\n|inactive|LukeMineWalker has 20 seconds left.\n|\n|t:|1682170757\n|move|p1b: Ceruledge|Protect|p1b: Ceruledge\n|-singleturn|p1b: Ceruledge|Protect\n|move|p1a: Cetitan|Ice Shard|p2a: Noivern\n|-supereffective|p2a: Noivern\n|-enditem|p2a: Noivern|Yache Berry|[eat]\n|-enditem|p2a: Noivern|Yache Berry|[weaken]\n|-damage|p2a: Noivern|0 fnt\n|faint|p2a: Noivern\n|move|p2b: Garganacl|Salt Cure|p1a: Cetitan\n|-supereffective|p1a: Cetitan\n|-damage|p1a: Cetitan|23\/100\n|-start|p1a: Cetitan|Salt Cure\n|\n|-weather|Snow|[upkeep]\n|-heal|p1b: Ceruledge|32\/100|[from] item: Leftovers\n|-heal|p2b: Garganacl|90\/100|[from] item: Leftovers\n|-damage|p1a: Cetitan|11\/100|[from] Salt Cure\n|-damage|p1b: Ceruledge|20\/100|[from] Salt Cure\n|upkeep\n|\n|t:|1682170771\n|switch|p2a: Iron Valiant|Iron Valiant, L50|100\/100\n|-enditem|p2a: Iron Valiant|Booster Energy\n|-activate|p2a: Iron Valiant|ability: Quark Drive|[fromitem]\n|-start|p2a: Iron Valiant|quarkdrivespe\n|turn|8\n|\n|t:|1682170790\n|move|p2a: Iron Valiant|Psycho Cut|p1b: Ceruledge\n|-damage|p1b: Ceruledge|6\/100\n|move|p1a: Cetitan|Heavy Slam|p2a: Iron Valiant\n|-supereffective|p2a: Iron Valiant\n|-damage|p2a: Iron Valiant|0 fnt\n|faint|p2a: Iron Valiant\n|-end|p2a: Iron Valiant|Quark Drive|[silent]\n|move|p1b: Ceruledge|Bitter Blade|p2b: Garganacl\n|-resisted|p2b: Garganacl\n|-damage|p2b: Garganacl|80\/100\n|-heal|p1b: Ceruledge|12\/100|[from] drain|[of] p2b: Garganacl\n|move|p2b: Garganacl|Salt Cure|p1a: Cetitan\n|-supereffective|p1a: Cetitan\n|-damage|p1a: Cetitan|0 fnt\n|faint|p1a: Cetitan\n|\n|-weather|Snow|[upkeep]\n|-heal|p1b: Ceruledge|18\/100|[from] item: Leftovers\n|-heal|p2b: Garganacl|86\/100|[from] item: Leftovers\n|-damage|p1b: Ceruledge|6\/100|[from] Salt Cure\n|upkeep\n|\n|t:|1682170811\n|switch|p2a: Salazzle|Salazzle, L50, F|1\/100\n|switch|p1a: Iron Hands|Iron Hands, L50|100\/100\n|-enditem|p1a: Iron Hands|Booster Energy\n|-activate|p1a: Iron Hands|ability: Quark Drive|[fromitem]\n|-start|p1a: Iron Hands|quarkdriveatk\n|turn|9\n|\n|t:|1682170836\n|-terastallize|p2b: Garganacl|Ghost\n|move|p2a: Salazzle|Protect|p2a: Salazzle\n|-singleturn|p2a: Salazzle|Protect\n|move|p1b: Ceruledge|Shadow Sneak|p2a: Salazzle\n|-activate|p2a: Salazzle|move: Protect\n|move|p1a: Iron Hands|Swords Dance|p1a: Iron Hands\n|-boost|p1a: Iron Hands|atk|2\n|move|p2b: Garganacl|Body Press|p1b: Ceruledge\n|-damage|p1b: Ceruledge|0 fnt\n|faint|p1b: Ceruledge\n|\n|-weather|none\n|-heal|p2b: Garganacl|91\/100|[from] item: Leftovers\n|upkeep\n|\n|t:|1682170847\n|switch|p1b: Slowking|Slowking, L50, M|69\/100\n|turn|10\n|j| A Borygon\n|inactive|LukeMineWalker has 30 seconds left.\n|\n|t:|1682170878\n|move|p2a: Salazzle|Flamethrower|p1a: Iron Hands\n|-damage|p1a: Iron Hands|69\/100\n|move|p1a: Iron Hands|Thunder Punch|p2b: Garganacl\n|-damage|p2b: Garganacl|52\/100\n|move|p2b: Garganacl|Body Press|p1a: Iron Hands\n|-damage|p1a: Iron Hands|40\/100\n|move|p1b: Slowking|Psyshock|p2a: Salazzle\n|-supereffective|p2a: Salazzle\n|-damage|p2a: Salazzle|0 fnt\n|faint|p2a: Salazzle\n|\n|-heal|p2b: Garganacl|58\/100|[from] item: Leftovers\n|upkeep\n|turn|11\n|inactive|Sonite has 30 seconds left.\n|\n|t:|1682170911\n|move|p1a: Iron Hands|Thunder Punch|p2b: Garganacl\n|-damage|p2b: Garganacl|18\/100\n|move|p2b: Garganacl|Recover|p2b: Garganacl\n|-heal|p2b: Garganacl|69\/100\n|move|p1b: Slowking|Psyshock|p2b: Garganacl\n|-damage|p2b: Garganacl|57\/100\n|\n|-heal|p2b: Garganacl|62\/100|[from] item: Leftovers\n|upkeep\n|turn|12\n|\n|t:|1682170923\n|move|p1a: Iron Hands|Thunder Punch|p2b: Garganacl\n|-damage|p2b: Garganacl|21\/100\n|move|p2b: Garganacl|Body Press|p1a: Iron Hands\n|-damage|p1a: Iron Hands|7\/100\n|move|p1b: Slowking|Psyshock|p2b: Garganacl\n|-damage|p2b: Garganacl|8\/100\n|\n|-heal|p2b: Garganacl|14\/100|[from] item: Leftovers\n|upkeep\n|turn|13\n|c|\u2606LukeMineWalker|gg\n|\n|t:|1682170934\n|move|p1a: Iron Hands|Thunder Punch|p2b: Garganacl\n|-damage|p2b: Garganacl|0 fnt\n|faint|p2b: Garganacl\n|\n|win|Sonite\n|raw|Sonite's rating: 1071 → 1094<\/strong> (+23 for winning)\n|raw|LukeMineWalker's rating: 1000 → 1000<\/strong> (+0 for losing)\n","uploadtime":1682170941,"views":13,"p1id":"sonite","p2id":"lukeminewalker","formatid":"gen9vgc2023regulationc","rating":1000,"private":0,"password":""}