{"id":"gen9vgc2023regulationc-1847797091","p1":"AbyssV0525","p2":"bl1ng","format":"[Gen 9] VGC 2023 Regulation C","log":"|j|\u2606AbyssV0525\n|j|\u2606bl1ng\n|t:|1682002774\n|gametype|doubles\n|player|p1|AbyssV0525|101|1180\n|player|p2|bl1ng|hilda-wonderlauncher|1144\n|teamsize|p1|6\n|teamsize|p2|6\n|gen|9\n|tier|[Gen 9] VGC 2023 Regulation C\n|rated|\n|rule|Species Clause: Limit one of each Pok\u00e9mon\n|rule|Item Clause: Limit one of each item\n|clearpoke\n|poke|p1|Quaquaval, L50, M|\n|poke|p1|Chien-Pao, L50|\n|poke|p1|Baxcalibur, L50, M|\n|poke|p1|Ting-Lu, L50|\n|poke|p1|Gholdengo, L50|\n|poke|p1|Iron Bundle, L50|\n|poke|p2|Houndstone, L50, F|\n|poke|p2|Tyranitar, L50, F|\n|poke|p2|Gyarados, L50, F|\n|poke|p2|Chi-Yu, L50|\n|poke|p2|Gastrodon, L50, F|\n|poke|p2|Farigiraf, L50, F|\n|teampreview|4\n|inactive|Battle timer is ON: inactive players will automatically lose when time's up. (requested by bl1ng)\nAbyssV0525 has agreed to open team sheets.\nbl1ng has agreed to open team sheets.\n|inactive|bl1ng has 60 seconds left.\n|\n|t:|1682002822\n|start\n|switch|p1a: Iron Bundle|Iron Bundle, L50|100\/100\n|switch|p1b: Quaquaval|Quaquaval, L50, M|100\/100\n|switch|p2a: Farigiraf|Farigiraf, L50, F|100\/100\n|switch|p2b: Chi-Yu|Chi-Yu, L50|100\/100\n|-ability|p2b: Chi-Yu|Beads of Ruin\n|-enditem|p1a: Iron Bundle|Booster Energy\n|-activate|p1a: Iron Bundle|ability: Quark Drive|[fromitem]\n|-start|p1a: Iron Bundle|quarkdrivespe\n|turn|1\n|inactive|AbyssV0525 has 30 seconds left.\n|\n|t:|1682002852\n|-end|p1a: Iron Bundle|Quark Drive|[silent]\n|switch|p1a: Ting-Lu|Ting-Lu, L50|100\/100\n|-ability|p1a: Ting-Lu|Vessel of Ruin\n|switch|p2b: Gastrodon|Gastrodon, L50, F|100\/100\n|move|p1b: Quaquaval|Close Combat|p2b: Gastrodon\n|-damage|p2b: Gastrodon|44\/100\n|-unboost|p1b: Quaquaval|def|1\n|-unboost|p1b: Quaquaval|spd|1\n|move|p2a: Farigiraf|Trick Room|p2a: Farigiraf\n|-fieldstart|move: Trick Room|[of] p2a: Farigiraf\n|\n|-heal|p2b: Gastrodon|50\/100|[from] item: Leftovers\n|upkeep\n|turn|2\n|\n|t:|1682002876\n|switch|p1b: Baxcalibur|Baxcalibur, L50, M|100\/100\n|move|p2b: Gastrodon|Protect|p2b: Gastrodon\n|-singleturn|p2b: Gastrodon|Protect\n|move|p2a: Farigiraf|Psyshock|p1b: Baxcalibur\n|-damage|p1b: Baxcalibur|79\/100\n|move|p1a: Ting-Lu|Throat Chop|p2a: Farigiraf\n|-supereffective|p2a: Farigiraf\n|-damage|p2a: Farigiraf|0 fnt\n|faint|p2a: Farigiraf\n|\n|-heal|p2b: Gastrodon|57\/100|[from] item: Leftovers\n|upkeep\n|\n|t:|1682002886\n|switch|p2a: Tyranitar|Tyranitar, L50, F|100\/100\n|-weather|Sandstorm|[from] ability: Sand Stream|[of] p2a: Tyranitar\n|turn|3\n|\n|t:|1682002896\n|switch|p1a: Iron Bundle|Iron Bundle, L50|100\/100\n|-terastallize|p2a: Tyranitar|Flying\n|move|p1b: Baxcalibur|Protect|p1b: Baxcalibur\n|-singleturn|p1b: Baxcalibur|Protect\n|move|p2b: Gastrodon|Muddy Water|p1a: Iron Bundle|[spread] p1a\n|-activate|p1b: Baxcalibur|move: Protect\n|-resisted|p1a: Iron Bundle\n|-damage|p1a: Iron Bundle|78\/100\n|move|p2a: Tyranitar|Low Kick|p1a: Iron Bundle\n|-supereffective|p1a: Iron Bundle\n|-damage|p1a: Iron Bundle|47\/100\n|\n|-weather|Sandstorm|[upkeep]\n|-damage|p2a: Tyranitar|95\/100|[from] Sandstorm\n|-damage|p1b: Baxcalibur|73\/100|[from] Sandstorm\n|-damage|p1a: Iron Bundle|41\/100|[from] Sandstorm\n|-heal|p2b: Gastrodon|63\/100|[from] item: Leftovers\n|upkeep\n|turn|4\n|\n|t:|1682002917\n|-terastallize|p1b: Baxcalibur|Water\n|move|p1a: Iron Bundle|Protect|p1a: Iron Bundle\n|-singleturn|p1a: Iron Bundle|Protect\n|move|p2b: Gastrodon|Recover|p2b: Gastrodon\n|-heal|p2b: Gastrodon|100\/100\n|move|p2a: Tyranitar|Rock Slide|p1b: Baxcalibur|[spread] p1b\n|-activate|p1a: Iron Bundle|move: Protect\n|-damage|p1b: Baxcalibur|50\/100\n|move|p1b: Baxcalibur|Dragon Dance|p1b: Baxcalibur\n|-boost|p1b: Baxcalibur|atk|1\n|-boost|p1b: Baxcalibur|spe|1\n|\n|-weather|Sandstorm|[upkeep]\n|-damage|p2a: Tyranitar|89\/100|[from] Sandstorm\n|-damage|p1a: Iron Bundle|35\/100|[from] Sandstorm\n|-damage|p1b: Baxcalibur|44\/100|[from] Sandstorm\n|upkeep\n|turn|5\n|\n|t:|1682002938\n|-end|p1a: Iron Bundle|Quark Drive|[silent]\n|switch|p1a: Quaquaval|Quaquaval, L50, M|100\/100\n|move|p1b: Baxcalibur|Protect|p1b: Baxcalibur\n|-singleturn|p1b: Baxcalibur|Protect\n|move|p2b: Gastrodon|Clear Smog|p1b: Baxcalibur\n|-activate|p1b: Baxcalibur|move: Protect\n|move|p2a: Tyranitar|Rock Slide|p1a: Quaquaval|[spread] p1a\n|-activate|p1b: Baxcalibur|move: Protect\n|-resisted|p1a: Quaquaval\n|-damage|p1a: Quaquaval|85\/100\n|\n|-weather|Sandstorm|[upkeep]\n|-damage|p2a: Tyranitar|83\/100|[from] Sandstorm\n|-damage|p1a: Quaquaval|80\/100|[from] Sandstorm\n|-damage|p1b: Baxcalibur|38\/100|[from] Sandstorm\n|-fieldend|move: Trick Room\n|upkeep\n|turn|6\n|\n|t:|1682002960\n|move|p2b: Gastrodon|Protect|p2b: Gastrodon\n|-singleturn|p2b: Gastrodon|Protect\n|move|p1b: Baxcalibur|Icicle Crash|p2a: Tyranitar\n|-supereffective|p2a: Tyranitar\n|-damage|p2a: Tyranitar|0 fnt\n|faint|p2a: Tyranitar\n|-damage|p1b: Baxcalibur|28\/100|[from] item: Life Orb\n|move|p1a: Quaquaval|Ice Spinner|p2b: Gastrodon\n|-activate|p2b: Gastrodon|move: Protect\n|\n|-weather|Sandstorm|[upkeep]\n|-damage|p1b: Baxcalibur|22\/100|[from] Sandstorm\n|-damage|p1a: Quaquaval|74\/100|[from] Sandstorm\n|upkeep\n|\n|t:|1682002969\n|switch|p2a: Chi-Yu|Chi-Yu, L50|100\/100\n|-ability|p2a: Chi-Yu|Beads of Ruin\n|turn|7\n|\n|t:|1682002982\n|move|p2a: Chi-Yu|Psychic|p1a: Quaquaval\n|-supereffective|p1a: Quaquaval\n|-damage|p1a: Quaquaval|0 fnt\n|faint|p1a: Quaquaval\n|move|p1b: Baxcalibur|Glaive Rush|p2b: Gastrodon\n|-damage|p2b: Gastrodon|0 fnt\n|-singlemove|p1b: Baxcalibur|Glaive Rush|[silent]\n|faint|p2b: Gastrodon\n|-damage|p1b: Baxcalibur|12\/100|[from] item: Life Orb\n|\n|-weather|none\n|upkeep\n|\n|t:|1682002991\n|switch|p1a: Ting-Lu|Ting-Lu, L50|100\/100\n|-ability|p1a: Ting-Lu|Vessel of Ruin\n|turn|8\n|-message|bl1ng forfeited.\n|\n|win|AbyssV0525\n|raw|AbyssV0525's rating: 1198 → 1219<\/strong> (+21 for winning)\n|raw|bl1ng's rating: 1144 → 1123<\/strong> (-21 for losing)\n|l|\u2606bl1ng\n|c|\u2606AbyssV0525|gg\n","uploadtime":1682003010,"views":7,"p1id":"abyssv0525","p2id":"bl1ng","formatid":"gen9vgc2023regulationc","rating":1123,"private":0,"password":""}