{"id":"gen9vgc2023regulationc-1855897935","p1":"Seattle Mischief","p2":"Funnyman Krebs","format":"[Gen 9] VGC 2023 Regulation C","log":"|j|\u2606Seattle Mischief\n|j|\u2606Funnyman Krebs\n|t:|1682997635\n|gametype|doubles\n|player|p1|Seattle Mischief|janitor|1430\n|player|p2|Funnyman Krebs|wallace|1435\n|teamsize|p1|6\n|teamsize|p2|6\n|gen|9\n|tier|[Gen 9] VGC 2023 Regulation C\n|rated|\n|rule|Species Clause: Limit one of each Pok\u00e9mon\n|rule|Item Clause: Limit one of each item\n|clearpoke\n|poke|p1|Armarouge, L50, F|\n|poke|p1|Indeedee-F, L50, F|\n|poke|p1|Kingambit, L50, F|\n|poke|p1|Hatterene, L50, F|\n|poke|p1|Torkoal, L50, F|\n|poke|p1|Iron Hands, L50|\n|poke|p2|Glimmora, L50, M|\n|poke|p2|Iron Bundle, L50|\n|poke|p2|Chi-Yu, L50|\n|poke|p2|Dragonite, L50, M|\n|poke|p2|Tatsugiri-Stretchy, L50, M|\n|poke|p2|Dondozo, L50, F|\n|teampreview|4\n|inactive|Battle timer is ON: inactive players will automatically lose when time's up. (requested by Seattle Mischief)\nFunnyman Krebs has agreed to open team sheets.\n|\n|t:|1682997661\n|start\n|switch|p1a: Armarouge|Armarouge, L50, F|100\/100\n|switch|p1b: Indeedee|Indeedee-F, L50, F|100\/100\n|switch|p2a: Wheeeee!|Glimmora, L50, M, shiny|100\/100\n|switch|p2b: Smiles back|Chi-Yu, L50|100\/100\n|-ability|p2b: Smiles back|Beads of Ruin\n|-fieldstart|move: Psychic Terrain|[from] ability: Psychic Surge|[of] p1b: Indeedee\n|-enditem|p1b: Indeedee|Psychic Seed\n|-boost|p1b: Indeedee|spd|1|[from] item: Psychic Seed\n|turn|1\n|\n|t:|1682997679\n|move|p1b: Indeedee|Follow Me|p1b: Indeedee\n|-singleturn|p1b: Indeedee|move: Follow Me\n|move|p2b: Smiles back|Dark Pulse|p1b: Indeedee\n|-supereffective|p1b: Indeedee\n|-damage|p1b: Indeedee|45\/100\n|move|p2a: Wheeeee!|Mortal Spin|p1a: Armarouge|[spread] p1a,p1b\n|-damage|p1a: Armarouge|97\/100\n|-damage|p1b: Indeedee|38\/100\n|-status|p1a: Armarouge|psn\n|-status|p1b: Indeedee|psn\n|move|p1a: Armarouge|Trick Room|p1a: Armarouge\n|-fieldstart|move: Trick Room|[of] p1a: Armarouge\n|\n|-damage|p1a: Armarouge|84\/100 psn|[from] psn\n|-damage|p1b: Indeedee|26\/100 psn|[from] psn\n|upkeep\n|turn|2\n|inactive|Seattle Mischief has 30 seconds left.\n|\n|t:|1682997706\n|move|p1b: Indeedee|Follow Me|p1b: Indeedee\n|-singleturn|p1b: Indeedee|move: Follow Me\n|move|p1a: Armarouge|Expanding Force|p2a: Wheeeee!|[spread] p2a\n|-immune|p2b: Smiles back\n|-supereffective|p2a: Wheeeee!\n|-damage|p2a: Wheeeee!|0 fnt\n|faint|p2a: Wheeeee!\n|move|p2b: Smiles back|Dark Pulse|p1b: Indeedee\n|-supereffective|p1b: Indeedee\n|-damage|p1b: Indeedee|0 fnt\n|faint|p1b: Indeedee\n|\n|-damage|p1a: Armarouge|72\/100 psn|[from] psn\n|upkeep\n|\n|t:|1682997714\n|switch|p1b: Iron Hands|Iron Hands, L50|100\/100\n|switch|p2a: Large Marge|Dondozo, L50, F|100\/100\n|turn|3\n|\n|t:|1682997733\n|-terastallize|p1a: Armarouge|Grass\n|move|p2a: Large Marge|Protect|p2a: Large Marge\n|-singleturn|p2a: Large Marge|Protect\n|move|p2b: Smiles back|Protect|p2b: Smiles back\n|-singleturn|p2b: Smiles back|Protect\n|move|p1b: Iron Hands|Thunder Punch|p2a: Large Marge\n|-activate|p2a: Large Marge|move: Protect\n|move|p1a: Armarouge|Expanding Force|p2a: Large Marge|[spread] \n|-activate|p2a: Large Marge|move: Protect\n|-activate|p2b: Smiles back|move: Protect\n|\n|-damage|p1a: Armarouge|59\/100 psn|[from] psn\n|upkeep\n|turn|4\n|\n|t:|1682997753\n|switch|p2b: Pee Wee|Tatsugiri-Stretchy, L50, M|100\/100\n|-activate|p2b: Pee Wee|ability: Commander|[of] p2a: Large Marge\n|-boost|p2a: Large Marge|atk|2\n|-boost|p2a: Large Marge|spa|2\n|-boost|p2a: Large Marge|spe|2\n|-boost|p2a: Large Marge|def|2\n|-boost|p2a: Large Marge|spd|2\n|-terastallize|p2a: Large Marge|Grass\n|move|p1b: Iron Hands|Drain Punch|p2b: Pee Wee|[miss]\n|-miss|p1b: Iron Hands|p2b: Pee Wee\n|move|p1a: Armarouge|Expanding Force|p2b: Pee Wee|[spread] p2a\n|-miss|p1a: Armarouge|p2b: Pee Wee\n|-damage|p2a: Large Marge|67\/100\n|move|p2a: Large Marge|Earthquake|p1b: Iron Hands|[spread] p1a,p1b\n|-miss|p2a: Large Marge|p2b: Pee Wee\n|-resisted|p1a: Armarouge\n|-supereffective|p1b: Iron Hands\n|-damage|p1a: Armarouge|41\/100 psn\n|-damage|p1b: Iron Hands|42\/100\n|-enditem|p1b: Iron Hands|Sitrus Berry|[eat]\n|-heal|p1b: Iron Hands|67\/100|[from] item: Sitrus Berry\n|\n|-heal|p2a: Large Marge|73\/100|[from] item: Leftovers\n|-damage|p1a: Armarouge|29\/100 psn|[from] psn\n|upkeep\n|turn|5\n|inactive|Seattle Mischief has 30 seconds left.\n|\n|t:|1682997782\n|move|p2a: Large Marge|Protect|p2a: Large Marge\n|-singleturn|p2a: Large Marge|Protect\n|move|p1b: Iron Hands|Drain Punch|p2a: Large Marge\n|-activate|p2a: Large Marge|move: Protect\n|move|p1a: Armarouge|Armor Cannon|p2a: Large Marge\n|-activate|p2a: Large Marge|move: Protect\n|\n|-heal|p2a: Large Marge|79\/100|[from] item: Leftovers\n|-damage|p1a: Armarouge|16\/100 psn|[from] psn\n|-fieldend|move: Trick Room\n|-fieldend|move: Psychic Terrain\n|upkeep\n|turn|6\n|\n|t:|1682997801\n|move|p2a: Large Marge|Earthquake|p1a: Armarouge|[spread] p1a,p1b\n|-miss|p2a: Large Marge|p2b: Pee Wee\n|-resisted|p1a: Armarouge\n|-supereffective|p1b: Iron Hands\n|-damage|p1a: Armarouge|0 fnt\n|-damage|p1b: Iron Hands|14\/100\n|faint|p1a: Armarouge\n|move|p1b: Iron Hands|Ice Punch|p2a: Large Marge\n|-supereffective|p2a: Large Marge\n|-damage|p2a: Large Marge|59\/100\n|\n|-heal|p2a: Large Marge|65\/100|[from] item: Leftovers\n|upkeep\n|\n|t:|1682997810\n|switch|p1a: Kingambit|Kingambit, L50, F|100\/100\n|turn|7\n|\n|t:|1682997819\n|move|p2a: Large Marge|Earthquake|p1a: Kingambit|[spread] p1a,p1b\n|-miss|p2a: Large Marge|p2b: Pee Wee\n|-supereffective|p1a: Kingambit\n|-supereffective|p1b: Iron Hands\n|-damage|p1a: Kingambit|32\/100\n|-damage|p1b: Iron Hands|0 fnt\n|faint|p1b: Iron Hands\n|-end|p1b: Iron Hands|Quark Drive|[silent]\n|move|p1a: Kingambit|Assurance|p2a: Large Marge\n|-damage|p2a: Large Marge|53\/100\n|\n|-heal|p2a: Large Marge|59\/100|[from] item: Leftovers\n|upkeep\n|turn|8\n|c|\u2606Funnyman Krebs|gg\n|\n|t:|1682997828\n|move|p1a: Kingambit|Sucker Punch|p2a: Large Marge\n|-damage|p2a: Large Marge|46\/100\n|move|p2a: Large Marge|Wave Crash|p1a: Kingambit\n|-damage|p1a: Kingambit|0 fnt\n|faint|p1a: Kingambit\n|-damage|p2a: Large Marge|36\/100|[from] Recoil\n|\n|win|Funnyman Krebs\n|raw|Seattle Mischief's rating: 1430 → 1410<\/strong> (-20 for losing)\n|raw|Funnyman Krebs's rating: 1435 → 1455<\/strong> (+20 for winning)\n|l|\u2606Seattle Mischief\n","uploadtime":1682997837,"views":13,"p1id":"seattlemischief","p2id":"funnymankrebs","formatid":"gen9vgc2023regulationc","rating":1410,"private":0,"password":""}