{"id":"gen9vgc2023regulationc-1860247411","p1":"Swisher102","p2":"yokai19","format":"[Gen 9] VGC 2023 Regulation C","log":"|j|\u2606Swisher102\n|j|\u2606yokai19\n|t:|1683618162\n|gametype|doubles\n|player|p1|Swisher102|erika|1226\n|player|p2|yokai19|170|1198\n|teamsize|p1|6\n|teamsize|p2|6\n|gen|9\n|tier|[Gen 9] VGC 2023 Regulation C\n|rated|\n|rule|Species Clause: Limit one of each Pok\u00e9mon\n|rule|Item Clause: Limit one of each item\n|clearpoke\n|poke|p1|Klefki, L50, F|\n|poke|p1|Azumarill, L50, F|\n|poke|p1|Baxcalibur, L50, F|\n|poke|p1|Iron Hands, L50|\n|poke|p1|Scizor, L50, M|\n|poke|p1|Skeledirge, L50, F|\n|poke|p2|Chi-Yu, L50|\n|poke|p2|Iron Hands, L50|\n|poke|p2|Amoonguss, L50, F|\n|poke|p2|Gyarados, L50, F|\n|poke|p2|Iron Bundle, L50|\n|poke|p2|Flutter Mane, L50|\n|teampreview|4\n|inactive|Battle timer is ON: inactive players will automatically lose when time's up. (requested by Swisher102)\n|inactive|yokai19 has 60 seconds left.\n|\n|t:|1683618202\n|start\n|switch|p1a: Azumarill|Azumarill, L50, F|100\/100\n|switch|p1b: Iron Hands|Iron Hands, L50|100\/100\n|switch|p2a: Gyarados|Gyarados, L50, F|100\/100\n|switch|p2b: Flutter Mane|Flutter Mane, L50|100\/100\n|-ability|p2a: Gyarados|Intimidate|boost\n|-unboost|p1a: Azumarill|atk|1\n|-unboost|p1b: Iron Hands|atk|1\n|turn|1\n|inactive|yokai19 has 30 seconds left.\n|inactive|yokai19 has 20 seconds left.\n|\n|t:|1683618240\n|-terastallize|p1b: Iron Hands|Grass\n|move|p2b: Flutter Mane|Moonblast|p1b: Iron Hands\n|-damage|p1b: Iron Hands|44\/100\n|move|p2a: Gyarados|Thunder Wave|p1a: Azumarill\n|-status|p1a: Azumarill|par\n|move|p1b: Iron Hands|Wild Charge|p2a: Gyarados\n|-supereffective|p2a: Gyarados\n|-crit|p2a: Gyarados\n|-damage|p2a: Gyarados|0 fnt\n|faint|p2a: Gyarados\n|-damage|p1b: Iron Hands|22\/100|[from] Recoil\n|move|p1a: Azumarill|Liquidation|p2b: Flutter Mane\n|-damage|p2b: Flutter Mane|33\/100\n|\n|upkeep\n|inactive|yokai19 has 30 seconds left.\n|\n|t:|1683618268\n|switch|p2a: Iron Hands|Iron Hands, L50|100\/100\n|turn|2\n|\n|t:|1683618284\n|move|p1b: Iron Hands|Detect|p1b: Iron Hands\n|-singleturn|p1b: Iron Hands|Protect\n|move|p2a: Iron Hands|Fake Out|p1a: Azumarill\n|-damage|p1a: Azumarill|85\/100 par\n|cant|p1a: Azumarill|flinch\n|move|p2b: Flutter Mane|Moonblast|p1b: Iron Hands\n|-activate|p1b: Iron Hands|move: Protect\n|\n|upkeep\n|turn|3\n|inactive|yokai19 has 30 seconds left.\n|\n|t:|1683618310\n|-end|p1b: Iron Hands|Quark Drive|[silent]\n|switch|p1b: Klefki|Klefki, L50, F|100\/100\n|move|p1a: Azumarill|Aqua Jet|p2b: Flutter Mane\n|-damage|p2b: Flutter Mane|3\/100\n|move|p2b: Flutter Mane|Moonblast|p1b: Klefki\n|-resisted|p1b: Klefki\n|-damage|p1b: Klefki|64\/100\n|move|p2a: Iron Hands|Volt Switch|p1a: Azumarill\n|-supereffective|p1a: Azumarill\n|-damage|p1a: Azumarill|68\/100 par\n|\n|t:|1683618322\n|-end|p2a: Iron Hands|Quark Drive|[silent]\n|switch|p2a: Chi-Yu|Chi-Yu, L50|100\/100|[from] Volt Switch\n|-ability|p2a: Chi-Yu|Beads of Ruin\n|\n|upkeep\n|turn|4\n|inactive|yokai19 has 30 seconds left.\n|\n|t:|1683618347\n|-end|p2b: Flutter Mane|Protosynthesis|[silent]\n|switch|p2b: Iron Hands|Iron Hands, L50|100\/100\n|-terastallize|p2a: Chi-Yu|Water\n|move|p1b: Klefki|Light Screen|p1b: Klefki\n|-sidestart|p1: Swisher102|move: Light Screen\n|move|p2a: Chi-Yu|Heat Wave|p1b: Klefki|[spread] p1a,p1b\n|-resisted|p1a: Azumarill\n|-crit|p1a: Azumarill\n|-supereffective|p1b: Klefki\n|-damage|p1a: Azumarill|42\/100 par\n|-damage|p1b: Klefki|3\/100\n|-enditem|p1b: Klefki|Sitrus Berry|[eat]\n|-heal|p1b: Klefki|28\/100|[from] item: Sitrus Berry\n|move|p1a: Azumarill|Liquidation|p2a: Chi-Yu\n|-resisted|p2a: Chi-Yu\n|-damage|p2a: Chi-Yu|75\/100\n|\n|upkeep\n|turn|5\n|inactive|yokai19 has 30 seconds left.\n|\n|t:|1683618376\n|switch|p1a: Iron Hands|Iron Hands, L50, tera:Grass|22\/100\n|move|p1b: Klefki|Reflect|p1b: Klefki\n|-sidestart|p1: Swisher102|Reflect\n|move|p2a: Chi-Yu|Heat Wave|p1b: Klefki|[spread] p1a,p1b\n|-supereffective|p1a: Iron Hands\n|-supereffective|p1b: Klefki\n|-damage|p1a: Iron Hands|0 fnt\n|-damage|p1b: Klefki|0 fnt\n|faint|p1a: Iron Hands\n|-end|p1a: Iron Hands|Quark Drive|[silent]\n|faint|p1b: Klefki\n|move|p2b: Iron Hands|Wild Charge|p1: Iron Hands|[notarget]\n|-fail|p2b: Iron Hands\n|\n|upkeep\n|\n|t:|1683618382\n|switch|p1b: Baxcalibur|Baxcalibur, L50, F|100\/100\n|switch|p1a: Azumarill|Azumarill, L50, F|42\/100 par\n|turn|6\n|inactive|yokai19 has 30 seconds left.\n|\n|t:|1683618412\n|move|p2a: Chi-Yu|Dark Pulse|p1a: Azumarill\n|-resisted|p1a: Azumarill\n|-crit|p1a: Azumarill\n|-damage|p1a: Azumarill|11\/100 par\n|move|p1b: Baxcalibur|Glaive Rush|p2a: Chi-Yu\n|-damage|p2a: Chi-Yu|0 fnt\n|-singlemove|p1b: Baxcalibur|Glaive Rush|[silent]\n|faint|p2a: Chi-Yu\n|move|p2b: Iron Hands|Drain Punch|p1b: Baxcalibur\n|-supereffective|p1b: Baxcalibur\n|-damage|p1b: Baxcalibur|19\/100\n|cant|p1a: Azumarill|flinch\n|\n|upkeep\n|\n|t:|1683618425\n|switch|p2a: Flutter Mane|Flutter Mane, L50|3\/100\n|turn|7\n|\n|t:|1683618448\n|move|p1a: Azumarill|Aqua Jet|p2a: Flutter Mane\n|-damage|p2a: Flutter Mane|0 fnt\n|faint|p2a: Flutter Mane\n|-end|p2a: Flutter Mane|Protosynthesis|[silent]\n|move|p1b: Baxcalibur|Glaive Rush|p2b: Iron Hands\n|-damage|p2b: Iron Hands|60\/100\n|-singlemove|p1b: Baxcalibur|Glaive Rush|[silent]\n|move|p2b: Iron Hands|Drain Punch|p1a: Azumarill\n|-resisted|p1a: Azumarill\n|-damage|p1a: Azumarill|0 fnt\n|-heal|p2b: Iron Hands|65\/100|[from] drain|[of] p1a: Azumarill\n|faint|p1a: Azumarill\n|\n|upkeep\n|turn|8\n|\n|t:|1683618462\n|move|p1b: Baxcalibur|Glaive Rush|p2b: Iron Hands\n|-damage|p2b: Iron Hands|24\/100\n|-singlemove|p1b: Baxcalibur|Glaive Rush|[silent]\n|move|p2b: Iron Hands|Drain Punch|p1b: Baxcalibur\n|-supereffective|p1b: Baxcalibur\n|-damage|p1b: Baxcalibur|0 fnt\n|-heal|p2b: Iron Hands|32\/100|[from] drain|[of] p1b: Baxcalibur\n|faint|p1b: Baxcalibur\n|\n|win|yokai19\n|raw|Swisher102's rating: 1226 → 1199<\/strong> (-27 for losing)\n|raw|yokai19's rating: 1198 → 1225<\/strong> (+27 for winning)\n|l|\u2606Swisher102\n","uploadtime":1683618486,"views":4,"p1id":"swisher102","p2id":"yokai19","formatid":"gen9vgc2023regulationc","rating":1199,"private":0,"password":""}