{"id":"gen9vgc2023regulationc-1862009060","p1":"kitsuneInk","p2":"Ddsaurier","format":"[Gen 9] VGC 2023 Regulation C","log":"|j|\u2606kitsuneInk\n|j|\u2606Ddsaurier\n|t:|1683828450\n|gametype|doubles\n|player|p1|kitsuneInk|2|1041\n|player|p2|Ddsaurier|266|1000\n|teamsize|p1|6\n|teamsize|p2|6\n|gen|9\n|tier|[Gen 9] VGC 2023 Regulation C\n|rated|\n|rule|Species Clause: Limit one of each Pok\u00e9mon\n|rule|Item Clause: Limit one of each item\n|clearpoke\n|poke|p1|Tatsugiri, L50, F|\n|poke|p1|Dondozo, L50, F|\n|poke|p1|Espathra, L50, F|\n|poke|p1|Pawmot, L50, M|\n|poke|p1|Iron Bundle, L50|\n|poke|p1|Murkrow, L50, F|\n|poke|p2|Tyranitar, L50, F|\n|poke|p2|Glimmora, L50, M|\n|poke|p2|Gastrodon, L50, F|\n|poke|p2|Ting-Lu, L50|\n|poke|p2|Amoonguss, L50, F|\n|poke|p2|Flutter Mane, L50|\n|teampreview|4\nDdsaurier has agreed to open team sheets.\n|\n|t:|1683828515\n|start\n|switch|p1a: Kinda Fishy|Tatsugiri, L50, F|100\/100\n|switch|p1b: Meep Meep|Espathra, L50, F|100\/100\n|switch|p2a: Glimmora|Glimmora, L50, M|100\/100\n|switch|p2b: Tyranitar|Tyranitar, L50, F|100\/100\n|-weather|Sandstorm|[from] ability: Sand Stream|[of] p2b: Tyranitar\n|turn|1\n|\n|t:|1683828542\n|switch|p2b: Ting-Lu|Ting-Lu, L50|100\/100\n|-ability|p2b: Ting-Lu|Vessel of Ruin\n|move|p1b: Meep Meep|Calm Mind|p1b: Meep Meep\n|-boost|p1b: Meep Meep|spa|1\n|-boost|p1b: Meep Meep|spd|1\n|move|p2a: Glimmora|Mortal Spin|p1a: Kinda Fishy|[spread] p1a,p1b\n|-damage|p1a: Kinda Fishy|93\/100\n|-damage|p1b: Meep Meep|93\/100\n|-status|p1a: Kinda Fishy|psn\n|-status|p1b: Meep Meep|psn\n|move|p1a: Kinda Fishy|Nasty Plot|p1a: Kinda Fishy\n|-boost|p1a: Kinda Fishy|spa|2\n|\n|-weather|Sandstorm|[upkeep]\n|-damage|p1b: Meep Meep|87\/100 psn|[from] Sandstorm\n|-damage|p1a: Kinda Fishy|87\/100 psn|[from] Sandstorm\n|-damage|p1b: Meep Meep|75\/100 psn|[from] psn\n|-damage|p1a: Kinda Fishy|75\/100 psn|[from] psn\n|-ability|p1b: Meep Meep|Speed Boost|boost\n|-boost|p1b: Meep Meep|spe|1\n|upkeep\n|turn|2\n|\n|t:|1683828583\n|switch|p2a: Flutter Mane|Flutter Mane, L50|100\/100\n|-enditem|p2a: Flutter Mane|Booster Energy\n|-activate|p2a: Flutter Mane|ability: Protosynthesis|[fromitem]\n|-start|p2a: Flutter Mane|protosynthesisspa\n|-terastallize|p2b: Ting-Lu|Steel\n|move|p1b: Meep Meep|Protect|p1b: Meep Meep\n|-singleturn|p1b: Meep Meep|Protect\n|move|p1a: Kinda Fishy|Protect|p1a: Kinda Fishy\n|-singleturn|p1a: Kinda Fishy|Protect\n|move|p2b: Ting-Lu|Heavy Slam|p1b: Meep Meep\n|-activate|p1b: Meep Meep|move: Protect\n|\n|-weather|Sandstorm|[upkeep]\n|-damage|p1b: Meep Meep|69\/100 psn|[from] Sandstorm\n|-damage|p2a: Flutter Mane|95\/100|[from] Sandstorm\n|-damage|p1a: Kinda Fishy|70\/100 psn|[from] Sandstorm\n|-damage|p1b: Meep Meep|56\/100 psn|[from] psn\n|-damage|p1a: Kinda Fishy|58\/100 psn|[from] psn\n|-ability|p1b: Meep Meep|Speed Boost|boost\n|-boost|p1b: Meep Meep|spe|1\n|upkeep\n|turn|3\n|\n|t:|1683828608\n|move|p1a: Kinda Fishy|Protect||[still]\n|-fail|p1a: Kinda Fishy\n|move|p1b: Meep Meep|Baton Pass|p1b: Meep Meep\n|\n|t:|1683828631\n|switch|p1b: Chunky Lad|Dondozo, L50, F|100\/100|[from] Baton Pass\n|-activate|p1a: Kinda Fishy|ability: Commander|[of] p1b: Chunky Lad\n|-boost|p1b: Chunky Lad|atk|2\n|-boost|p1b: Chunky Lad|spa|2\n|-boost|p1b: Chunky Lad|spe|2\n|-boost|p1b: Chunky Lad|def|2\n|-boost|p1b: Chunky Lad|spd|2\n|move|p2a: Flutter Mane|Hex|p1a: Kinda Fishy|[miss]\n|-miss|p2a: Flutter Mane|p1a: Kinda Fishy\n|move|p2b: Ting-Lu|Heavy Slam|p1b: Chunky Lad\n|-resisted|p1b: Chunky Lad\n|-damage|p1b: Chunky Lad|96\/100\n|\n|-weather|Sandstorm|[upkeep]\n|-damage|p2a: Flutter Mane|89\/100|[from] Sandstorm\n|-damage|p1b: Chunky Lad|90\/100|[from] Sandstorm\n|-damage|p1a: Kinda Fishy|52\/100 psn|[from] Sandstorm\n|-heal|p1b: Chunky Lad|96\/100|[from] item: Leftovers\n|-damage|p1a: Kinda Fishy|40\/100 psn|[from] psn\n|upkeep\n|turn|4\n|inactive|Battle timer is ON: inactive players will automatically lose when time's up. (requested by kitsuneInk)\n|\n|t:|1683828678\n|-terastallize|p1b: Chunky Lad|Steel\n|move|p2a: Flutter Mane|Moonblast|p1b: Chunky Lad\n|-resisted|p1b: Chunky Lad\n|-damage|p1b: Chunky Lad|90\/100\n|move|p1b: Chunky Lad|Earthquake|p2b: Ting-Lu|[spread] p2a,p2b\n|-miss|p1b: Chunky Lad|p1a: Kinda Fishy\n|-supereffective|p2b: Ting-Lu\n|-damage|p2a: Flutter Mane|33\/100\n|-damage|p2b: Ting-Lu|68\/100\n|move|p2b: Ting-Lu|Ruination|p1b: Chunky Lad\n|-damage|p1b: Chunky Lad|45\/100\n|\n|-weather|Sandstorm|[upkeep]\n|-damage|p2a: Flutter Mane|28\/100|[from] Sandstorm\n|-damage|p1a: Kinda Fishy|34\/100 psn|[from] Sandstorm\n|-heal|p1b: Chunky Lad|51\/100|[from] item: Leftovers\n|-damage|p1a: Kinda Fishy|22\/100 psn|[from] psn\n|upkeep\n|turn|5\n|inactive|kitsuneInk has 30 seconds left.\n|\n|t:|1683828709\n|move|p2a: Flutter Mane|Protect|p2a: Flutter Mane\n|-singleturn|p2a: Flutter Mane|Protect\n|move|p1b: Chunky Lad|Earthquake|p2b: Ting-Lu|[spread] p2b\n|-miss|p1b: Chunky Lad|p1a: Kinda Fishy\n|-activate|p2a: Flutter Mane|move: Protect\n|-supereffective|p2b: Ting-Lu\n|-damage|p2b: Ting-Lu|31\/100\n|move|p2b: Ting-Lu|Ruination|p1b: Chunky Lad\n|-damage|p1b: Chunky Lad|26\/100\n|\n|-weather|none\n|-heal|p1b: Chunky Lad|32\/100|[from] item: Leftovers\n|-damage|p1a: Kinda Fishy|10\/100 psn|[from] psn\n|upkeep\n|turn|6\n|inactive|Ddsaurier has 30 seconds left.\n|inactive|Ddsaurier has 20 seconds left.\n|\n|t:|1683828745\n|move|p2a: Flutter Mane|Moonblast|p1b: Chunky Lad\n|-resisted|p1b: Chunky Lad\n|-crit|p1b: Chunky Lad\n|-damage|p1b: Chunky Lad|9\/100\n|-unboost|p1b: Chunky Lad|spa|1\n|move|p1b: Chunky Lad|Rest|p1b: Chunky Lad\n|-status|p1b: Chunky Lad|slp|[from] move: Rest\n|-heal|p1b: Chunky Lad|100\/100 slp|[silent]\n|move|p2b: Ting-Lu|Substitute|p2b: Ting-Lu\n|-start|p2b: Ting-Lu|Substitute\n|-damage|p2b: Ting-Lu|6\/100\n|\n|-damage|p1a: Kinda Fishy|0 fnt|[from] psn\n|faint|p1a: Kinda Fishy\n|upkeep\n|\n|t:|1683828768\n|switch|p1a: Meep Meep|Espathra, L50, F|56\/100 psn\n|turn|7\n|inactive|Ddsaurier has 30 seconds left.\n|\n|t:|1683828794\n|move|p1a: Meep Meep|Protect|p1a: Meep Meep\n|-singleturn|p1a: Meep Meep|Protect\n|move|p2a: Flutter Mane|Hex|p1b: Chunky Lad\n|-damage|p1b: Chunky Lad|82\/100 slp\n|cant|p1b: Chunky Lad|slp\n|move|p1b: Chunky Lad|Sleep Talk|p1b: Chunky Lad\n|move|p1b: Chunky Lad|Earthquake|p2b: Ting-Lu|[from]move: Sleep Talk|[spread] p2a,p2b\n|-activate|p1a: Meep Meep|move: Protect\n|-supereffective|p2b: Ting-Lu\n|-end|p2b: Ting-Lu|Substitute\n|-damage|p2a: Flutter Mane|0 fnt\n|faint|p2a: Flutter Mane\n|-end|p2a: Flutter Mane|Protosynthesis|[silent]\n|move|p2b: Ting-Lu|Ruination|p1b: Chunky Lad\n|-damage|p1b: Chunky Lad|41\/100 slp\n|\n|-heal|p1b: Chunky Lad|48\/100 slp|[from] item: Leftovers\n|-damage|p1a: Meep Meep|44\/100 psn|[from] psn\n|-ability|p1a: Meep Meep|Speed Boost|boost\n|-boost|p1a: Meep Meep|spe|1\n|upkeep\n|\n|t:|1683828813\n|switch|p2a: Tyranitar|Tyranitar, L50, F|100\/100\n|-weather|Sandstorm|[from] ability: Sand Stream|[of] p2a: Tyranitar\n|turn|8\n|inactive|kitsuneInk has 30 seconds left.\n|inactive|Ddsaurier has 30 seconds left.\n|\n|t:|1683828847\n|move|p1a: Meep Meep|Lumina Crash|p2b: Ting-Lu\n|-resisted|p2b: Ting-Lu\n|-damage|p2b: Ting-Lu|0 fnt\n|faint|p2b: Ting-Lu\n|cant|p1b: Chunky Lad|slp\n|move|p1b: Chunky Lad|Sleep Talk|p1b: Chunky Lad\n|move|p1b: Chunky Lad|Rest||[from]move: Sleep Talk|[still]\n|-fail|p1b: Chunky Lad\n|move|p2a: Tyranitar|Low Kick|p1b: Chunky Lad\n|-supereffective|p1b: Chunky Lad\n|-damage|p1b: Chunky Lad|16\/100 slp\n|\n|-weather|Sandstorm|[upkeep]\n|-damage|p1a: Meep Meep|38\/100 psn|[from] Sandstorm\n|-heal|p1b: Chunky Lad|23\/100 slp|[from] item: Leftovers\n|-damage|p1a: Meep Meep|26\/100 psn|[from] psn\n|-ability|p1a: Meep Meep|Speed Boost|boost\n|-boost|p1a: Meep Meep|spe|1\n|upkeep\n|\n|t:|1683828862\n|switch|p2b: Glimmora|Glimmora, L50, M|100\/100\n|turn|9\n|\n|t:|1683828879\n|move|p1a: Meep Meep|Lumina Crash|p2b: Glimmora\n|-supereffective|p2b: Glimmora\n|-damage|p2b: Glimmora|42\/100\n|-unboost|p2b: Glimmora|spd|2\n|-curestatus|p1b: Chunky Lad|slp|[msg]\n|move|p1b: Chunky Lad|Rest|p1b: Chunky Lad\n|-status|p1b: Chunky Lad|slp|[from] move: Rest\n|-heal|p1b: Chunky Lad|100\/100 slp|[silent]\n|move|p2b: Glimmora|Power Gem|p1a: Meep Meep\n|-damage|p1a: Meep Meep|0 fnt\n|faint|p1a: Meep Meep\n|move|p2a: Tyranitar|Rock Slide|p1b: Chunky Lad\n|-resisted|p1b: Chunky Lad\n|-damage|p1b: Chunky Lad|94\/100 slp\n|\n|-weather|Sandstorm|[upkeep]\n|-heal|p1b: Chunky Lad|99\/100 slp|[from] item: Leftovers\n|-heal|p2b: Glimmora|48\/100|[from] item: Black Sludge\n|upkeep\n|\n|t:|1683828881\n|switch|p1a: Z shot|Murkrow, L50, F|100\/100\n|turn|10\n|\n|t:|1683828904\n|move|p1a: Z shot|Perish Song|p1a: Z shot\n|-start|p1a: Z shot|perish3|[silent]\n|-start|p1b: Chunky Lad|perish3|[silent]\n|-start|p2a: Tyranitar|perish3|[silent]\n|-start|p2b: Glimmora|perish3|[silent]\n|-fieldactivate|move: Perish Song\n|cant|p1b: Chunky Lad|slp\n|move|p1b: Chunky Lad|Sleep Talk|p1b: Chunky Lad\n|move|p1b: Chunky Lad|Earthquake|p2b: Glimmora|[from]move: Sleep Talk|[spread] p2a,p2b\n|-immune|p1a: Z shot\n|-supereffective|p2a: Tyranitar\n|-supereffective|p2b: Glimmora\n|-damage|p2a: Tyranitar|44\/100\n|-damage|p2b: Glimmora|0 fnt\n|-activate|p2b: Glimmora|ability: Toxic Debris\n|-sidestart|p1: kitsuneInk|move: Toxic Spikes\n|faint|p2b: Glimmora\n|move|p2a: Tyranitar|Low Kick|p1b: Chunky Lad\n|-supereffective|p1b: Chunky Lad\n|-damage|p1b: Chunky Lad|72\/100 slp\n|\n|-weather|Sandstorm|[upkeep]\n|-damage|p1a: Z shot|95\/100|[from] Sandstorm\n|-heal|p1b: Chunky Lad|78\/100 slp|[from] item: Leftovers\n|-start|p1b: Chunky Lad|perish3\n|-start|p1a: Z shot|perish3\n|-start|p2a: Tyranitar|perish3\n|upkeep\n|turn|11\n|\n|t:|1683828927\n|move|p1a: Z shot|Taunt|p2a: Tyranitar\n|-hint|Since gen 7, Dark is immune to Prankster moves.\n|-immune|p2a: Tyranitar\n|cant|p1b: Chunky Lad|slp\n|move|p2a: Tyranitar|Rock Slide|p1b: Chunky Lad|[spread] p1a,p1b\n|-supereffective|p1a: Z shot\n|-resisted|p1b: Chunky Lad\n|-damage|p1a: Z shot|18\/100\n|-damage|p1b: Chunky Lad|73\/100 slp\n|\n|-weather|Sandstorm|[upkeep]\n|-damage|p1a: Z shot|12\/100|[from] Sandstorm\n|-heal|p1b: Chunky Lad|79\/100 slp|[from] item: Leftovers\n|-start|p1b: Chunky Lad|perish2\n|-start|p1a: Z shot|perish2\n|-start|p2a: Tyranitar|perish2\n|upkeep\n|turn|12\n|\n|t:|1683828948\n|move|p1a: Z shot|Tailwind|p1a: Z shot\n|-sidestart|p1: kitsuneInk|move: Tailwind\n|-curestatus|p1b: Chunky Lad|slp|[msg]\n|move|p1b: Chunky Lad|Earthquake|p2a: Tyranitar|[spread] p2a\n|-immune|p1a: Z shot\n|-supereffective|p2a: Tyranitar\n|-damage|p2a: Tyranitar|0 fnt\n|faint|p2a: Tyranitar\n|\n|win|kitsuneInk\n|raw|kitsuneInk's rating: 1041 → 1071<\/strong> (+30 for winning)\n|raw|Ddsaurier's rating: 1000 → 1000<\/strong> (+0 for losing)\n|l|\u2606kitsuneInk\n|l|\u2606Ddsaurier\n|j|\u2606Ddsaurier\n|player|p2|Ddsaurier|266\n","uploadtime":1683828964,"views":18,"p1id":"kitsuneink","p2id":"ddsaurier","formatid":"gen9vgc2023regulationc","rating":1000,"private":0,"password":""}