{"id":"gen9vgc2023regulationc-1860258259","p1":"unishalaku","p2":"Cyalia","format":"[Gen 9] VGC 2023 Regulation C","log":"|j|\u2606unishalaku\n|j|\u2606Cyalia\n|t:|1683620547\n|gametype|doubles\n|player|p1|unishalaku|1|1271\n|player|p2|Cyalia|guitarist|1358\n|teamsize|p1|6\n|teamsize|p2|6\n|gen|9\n|tier|[Gen 9] VGC 2023 Regulation C\n|rated|\n|rule|Species Clause: Limit one of each Pok\u00e9mon\n|rule|Item Clause: Limit one of each item\n|clearpoke\n|poke|p1|Flutter Mane, L50|\n|poke|p1|Chien-Pao, L50|\n|poke|p1|Palafin, L50, F|\n|poke|p1|Kingambit, L50, F|\n|poke|p1|Iron Bundle, L50|\n|poke|p1|Amoonguss, L50, F|\n|poke|p2|Flutter Mane, L50|\n|poke|p2|Ting-Lu, L50|\n|poke|p2|Gyarados, L50, M|\n|poke|p2|Amoonguss, L50, M|\n|poke|p2|Iron Hands, L50|\n|poke|p2|Chi-Yu, L50|\n|teampreview|4\nCyalia has agreed to open team sheets.\nunishalaku has agreed to open team sheets.\n|\n|t:|1683620601\n|start\n|switch|p1a: Iron Bundle|Iron Bundle, L50|100\/100\n|switch|p1b: Kingambit|Kingambit, L50, F, shiny|100\/100\n|switch|p2a: Iron Hands|Iron Hands, L50|100\/100\n|switch|p2b: Amoonguss|Amoonguss, L50, M|100\/100\n|-enditem|p1a: Iron Bundle|Booster Energy\n|-activate|p1a: Iron Bundle|ability: Quark Drive|[fromitem]\n|-start|p1a: Iron Bundle|quarkdrivespe\n|turn|1\n|\n|t:|1683620625\n|-terastallize|p1b: Kingambit|Fire\n|move|p1a: Iron Bundle|Protect|p1a: Iron Bundle\n|-singleturn|p1a: Iron Bundle|Protect\n|move|p2a: Iron Hands|Fake Out|p1b: Kingambit\n|-damage|p1b: Kingambit|89\/100\n|cant|p1b: Kingambit|flinch\n|move|p2b: Amoonguss|Spore|p1b: Kingambit\n|-status|p1b: Kingambit|slp|[from] move: Spore\n|\n|upkeep\n|turn|2\n|\n|t:|1683620641\n|switch|p2b: Ting-Lu|Ting-Lu, L50|100\/100\n|-ability|p2b: Ting-Lu|Vessel of Ruin\n|move|p1a: Iron Bundle|Icy Wind|p2b: Ting-Lu|[spread] p2a,p2b\n|-supereffective|p2b: Ting-Lu\n|-damage|p2a: Iron Hands|92\/100\n|-damage|p2b: Ting-Lu|80\/100\n|-unboost|p2a: Iron Hands|spe|1\n|-unboost|p2b: Ting-Lu|spe|1\n|cant|p1b: Kingambit|slp\n|move|p2a: Iron Hands|Drain Punch|p1a: Iron Bundle\n|-supereffective|p1a: Iron Bundle\n|-damage|p1a: Iron Bundle|5\/100\n|-heal|p2a: Iron Hands|100\/100|[from] drain|[of] p1a: Iron Bundle\n|\n|-heal|p2b: Ting-Lu|86\/100|[from] item: Leftovers\n|upkeep\n|turn|3\n|\n|t:|1683620662\n|move|p1a: Iron Bundle|Icy Wind|p2a: Iron Hands|[spread] p2a,p2b\n|-supereffective|p2b: Ting-Lu\n|-damage|p2a: Iron Hands|92\/100\n|-damage|p2b: Ting-Lu|65\/100\n|-unboost|p2a: Iron Hands|spe|1\n|-unboost|p2b: Ting-Lu|spe|1\n|-curestatus|p1b: Kingambit|slp|[msg]\n|move|p1b: Kingambit|Iron Head|p2b: Ting-Lu\n|-damage|p2b: Ting-Lu|41\/100\n|move|p2a: Iron Hands|Drain Punch|p1a: Iron Bundle\n|-supereffective|p1a: Iron Bundle\n|-damage|p1a: Iron Bundle|0 fnt\n|-heal|p2a: Iron Hands|93\/100|[from] drain|[of] p1a: Iron Bundle\n|faint|p1a: Iron Bundle\n|-end|p1a: Iron Bundle|Quark Drive|[silent]\n|cant|p2b: Ting-Lu|flinch\n|\n|-heal|p2b: Ting-Lu|47\/100|[from] item: Leftovers\n|upkeep\n|\n|t:|1683620678\n|switch|p1a: Flutter Mane|Flutter Mane, L50, shiny|100\/100\n|turn|4\n|\n|t:|1683620694\n|-end|p2a: Iron Hands|Quark Drive|[silent]\n|switch|p2a: Amoonguss|Amoonguss, L50, M|100\/100\n|move|p2b: Ting-Lu|Protect|p2b: Ting-Lu\n|-singleturn|p2b: Ting-Lu|Protect\n|move|p1a: Flutter Mane|Dazzling Gleam|p2b: Ting-Lu|[spread] p2a\n|-activate|p2b: Ting-Lu|move: Protect\n|-resisted|p2a: Amoonguss\n|-damage|p2a: Amoonguss|85\/100\n|move|p1b: Kingambit|Tera Blast|p2a: Amoonguss\n|-supereffective|p2a: Amoonguss\n|-damage|p2a: Amoonguss|9\/100\n|-enditem|p2a: Amoonguss|Sitrus Berry|[eat]\n|-heal|p2a: Amoonguss|34\/100|[from] item: Sitrus Berry\n|\n|-heal|p2b: Ting-Lu|54\/100|[from] item: Leftovers\n|upkeep\n|turn|5\n|\n|t:|1683620721\n|-terastallize|p2b: Ting-Lu|Water\n|move|p2a: Amoonguss|Protect|p2a: Amoonguss\n|-singleturn|p2a: Amoonguss|Protect\n|move|p1a: Flutter Mane|Dazzling Gleam|p2a: Amoonguss|[spread] p2b\n|-activate|p2a: Amoonguss|move: Protect\n|-damage|p2b: Ting-Lu|29\/100\n|move|p1b: Kingambit|Tera Blast|p2a: Amoonguss\n|-activate|p2a: Amoonguss|move: Protect\n|move|p2b: Ting-Lu|Heavy Slam|p1a: Flutter Mane\n|-supereffective|p1a: Flutter Mane\n|-damage|p1a: Flutter Mane|0 fnt\n|faint|p1a: Flutter Mane\n|-end|p1a: Flutter Mane|Protosynthesis|[silent]\n|\n|-heal|p2b: Ting-Lu|35\/100|[from] item: Leftovers\n|upkeep\n|\n|t:|1683620735\n|switch|p1a: Chien-Pao|Chien-Pao, L50|100\/100\n|-ability|p1a: Chien-Pao|Sword of Ruin\n|turn|6\n|\n|t:|1683620749\n|switch|p2a: Flutter Mane|Flutter Mane, L50|100\/100\n|move|p2b: Ting-Lu|Protect|p2b: Ting-Lu\n|-singleturn|p2b: Ting-Lu|Protect\n|move|p1a: Chien-Pao|Ice Spinner|p2a: Flutter Mane\n|-damage|p2a: Flutter Mane|13\/100\n|move|p1b: Kingambit|Iron Head|p2b: Ting-Lu\n|-activate|p2b: Ting-Lu|move: Protect\n|\n|-heal|p2b: Ting-Lu|41\/100|[from] item: Leftovers\n|upkeep\n|turn|7\n|\n|t:|1683620778\n|-end|p2a: Flutter Mane|Protosynthesis|[silent]\n|switch|p2a: Amoonguss|Amoonguss, L50, M|67\/100\n|switch|p2b: Iron Hands|Iron Hands, L50|93\/100\n|move|p1a: Chien-Pao|Sucker Punch||[still]\n|-fail|p1a: Chien-Pao\n|move|p1b: Kingambit|Kowtow Cleave|p2b: Iron Hands\n|-resisted|p2b: Iron Hands\n|-damage|p2b: Iron Hands|71\/100\n|\n|upkeep\n|turn|8\n|\n|t:|1683620798\n|move|p2a: Amoonguss|Protect|p2a: Amoonguss\n|-singleturn|p2a: Amoonguss|Protect\n|move|p1a: Chien-Pao|Ice Spinner|p2a: Amoonguss\n|-activate|p2a: Amoonguss|move: Protect\n|move|p2b: Iron Hands|Drain Punch|p1a: Chien-Pao\n|-supereffective|p1a: Chien-Pao\n|-crit|p1a: Chien-Pao\n|-enditem|p1a: Chien-Pao|Focus Sash\n|-damage|p1a: Chien-Pao|1\/100\n|-heal|p2b: Iron Hands|100\/100|[from] drain|[of] p1a: Chien-Pao\n|move|p1b: Kingambit|Tera Blast|p2a: Amoonguss\n|-activate|p2a: Amoonguss|move: Protect\n|\n|upkeep\n|turn|9\n|\n|t:|1683620817\n|switch|p2a: Flutter Mane|Flutter Mane, L50|13\/100\n|move|p1a: Chien-Pao|Ice Spinner|p2a: Flutter Mane\n|-damage|p2a: Flutter Mane|0 fnt\n|faint|p2a: Flutter Mane\n|-end|p2a: Flutter Mane|Protosynthesis|[silent]\n|move|p2b: Iron Hands|Volt Switch|p1a: Chien-Pao\n|-damage|p1a: Chien-Pao|0 fnt\n|faint|p1a: Chien-Pao\n|\n|t:|1683620826\n|-end|p2b: Iron Hands|Quark Drive|[silent]\n|switch|p2b: Ting-Lu|Ting-Lu, L50, tera:Water|41\/100|[from] Volt Switch\n|-ability|p2b: Ting-Lu|Vessel of Ruin\n|move|p1b: Kingambit|Iron Head|p2b: Ting-Lu\n|-resisted|p2b: Ting-Lu\n|-damage|p2b: Ting-Lu|27\/100\n|\n|-heal|p2b: Ting-Lu|34\/100|[from] item: Leftovers\n|upkeep\n|-message|unishalaku forfeited.\n|\n|win|Cyalia\n|raw|unishalaku's rating: 1271 → 1252<\/strong> (-19 for losing)\n|raw|Cyalia's rating: 1358 → 1373<\/strong> (+15 for winning)\n|l|\u2606unishalaku\n","uploadtime":1683620843,"views":9,"p1id":"unishalaku","p2id":"cyalia","formatid":"gen9vgc2023regulationc","rating":1252,"private":0,"password":""}