{"id":"gen9vgc2023regulationc-1857075628","p1":"SirenKare","p2":"gali888","format":"[Gen 9] VGC 2023 Regulation C","log":"|j|\u2606SirenKare\n|j|\u2606gali888\n|t:|1683143369\n|gametype|doubles\n|player|p1|SirenKare|scientistf|1000\n|player|p2|gali888|1|1081\n|teamsize|p1|6\n|teamsize|p2|6\n|gen|9\n|tier|[Gen 9] VGC 2023 Regulation C\n|rated|\n|rule|Species Clause: Limit one of each Pok\u00e9mon\n|rule|Item Clause: Limit one of each item\n|clearpoke\n|poke|p1|Skeledirge, L50, F|\n|poke|p1|Brute Bonnet, L50|\n|poke|p1|Goodra, L50, F|\n|poke|p1|Rotom-Wash, L50|\n|poke|p1|Corviknight, L50, M|\n|poke|p1|Dragonite, L50, M|\n|poke|p2|Flutter Mane, L50|\n|poke|p2|Chi-Yu, L50|\n|poke|p2|Roaring Moon, L50|\n|poke|p2|Jumpluff, L50, M|\n|poke|p2|Wo-Chien, L50|\n|poke|p2|Torkoal, L50, M|\n|teampreview|4\n|inactive|Battle timer is ON: inactive players will automatically lose when time's up. (requested by gali888)\n|inactive|SirenKare has 60 seconds left.\n|\n|t:|1683143423\n|start\n|switch|p1a: Rotom|Rotom-Wash, L50|100\/100\n|switch|p1b: Skeledirge|Skeledirge, L50, F, shiny|100\/100\n|switch|p2a: Flutter Mane|Flutter Mane, L50|100\/100\n|switch|p2b: Torkoal|Torkoal, L50, M|100\/100\n|-item|p1b: Skeledirge|Air Balloon\n|-weather|SunnyDay|[from] ability: Drought|[of] p2b: Torkoal\n|-activate|p2a: Flutter Mane|ability: Protosynthesis\n|-start|p2a: Flutter Mane|protosynthesisspa\n|turn|1\n|inactive|SirenKare has 30 seconds left.\n|inactive|gali888 has 30 seconds left.\n|inactive|gali888 has 20 seconds left.\n|\n|t:|1683143463\n|switch|p2b: Jumpluff|Jumpluff, L50, M|100\/100\n|-terastallize|p1b: Skeledirge|Fairy\n|move|p1a: Rotom|Thunder Wave|p2a: Flutter Mane|[miss]\n|-miss|p1a: Rotom|p2a: Flutter Mane\n|move|p1b: Skeledirge|Hex|p2a: Flutter Mane\n|-supereffective|p2a: Flutter Mane\n|-damage|p2a: Flutter Mane|60\/100\n|move|p2a: Flutter Mane|Substitute|p2a: Flutter Mane\n|-start|p2a: Flutter Mane|Substitute\n|-damage|p2a: Flutter Mane|35\/100\n|\n|-weather|SunnyDay|[upkeep]\n|upkeep\n|turn|2\n|inactive|gali888 has 30 seconds left.\n|inactive|gali888 has 20 seconds left.\n|\n|t:|1683143499\n|move|p2b: Jumpluff|Sleep Powder|p1a: Rotom|[miss]\n|-miss|p2b: Jumpluff|p1a: Rotom\n|move|p1a: Rotom|Volt Switch|p2b: Jumpluff\n|-crit|p2b: Jumpluff\n|-damage|p2b: Jumpluff|61\/100\n|\n|t:|1683143512\n|switch|p1a: Corviknight|Corviknight, L50, M|100\/100|[from] Volt Switch\n|move|p1b: Skeledirge|Heat Wave|p2b: Jumpluff|[spread] p2a,p2b\n|-end|p2a: Flutter Mane|Substitute\n|-supereffective|p2b: Jumpluff\n|-damage|p2b: Jumpluff|0 fnt\n|faint|p2b: Jumpluff\n|move|p2a: Flutter Mane|Dazzling Gleam|p1b: Skeledirge|[spread] p1a,p1b\n|-resisted|p1a: Corviknight\n|-damage|p1a: Corviknight|85\/100\n|-damage|p1b: Skeledirge|64\/100\n|-enditem|p1b: Skeledirge|Air Balloon\n|\n|-weather|SunnyDay|[upkeep]\n|-heal|p1a: Corviknight|91\/100|[from] item: Leftovers\n|upkeep\n|\n|t:|1683143525\n|switch|p2b: Roaring Moon|Roaring Moon, L50|100\/100\n|-activate|p2b: Roaring Moon|ability: Protosynthesis\n|-start|p2b: Roaring Moon|protosynthesisatk\n|turn|3\n|inactive|gali888 has 30 seconds left.\n|\n|t:|1683143552\n|-terastallize|p2b: Roaring Moon|Ground\n|move|p2b: Roaring Moon|Rock Slide|p1b: Skeledirge|[spread] p1a,p1b\n|-damage|p1a: Corviknight|67\/100\n|-damage|p1b: Skeledirge|46\/100\n|cant|p1a: Corviknight|flinch\n|move|p1b: Skeledirge|Slack Off|p1b: Skeledirge\n|-heal|p1b: Skeledirge|96\/100\n|move|p2a: Flutter Mane|Shadow Ball|p1a: Corviknight\n|-damage|p1a: Corviknight|24\/100\n|-ability|p1a: Corviknight|Mirror Armor\n|-unboost|p2a: Flutter Mane|spd|1\n|\n|-weather|SunnyDay|[upkeep]\n|-heal|p1a: Corviknight|30\/100|[from] item: Leftovers\n|upkeep\n|turn|4\n|inactive|SirenKare has 30 seconds left.\n|\n|t:|1683143581\n|move|p2b: Roaring Moon|Rock Slide|p1b: Skeledirge|[spread] p1a,p1b\n|-damage|p1a: Corviknight|5\/100\n|-damage|p1b: Skeledirge|78\/100\n|move|p1a: Corviknight|Iron Head|p2a: Flutter Mane\n|-supereffective|p2a: Flutter Mane\n|-damage|p2a: Flutter Mane|0 fnt\n|faint|p2a: Flutter Mane\n|-end|p2a: Flutter Mane|Protosynthesis|[silent]\n|move|p1b: Skeledirge|Heat Wave|p2b: Roaring Moon\n|-damage|p2b: Roaring Moon|50\/100\n|\n|-weather|SunnyDay|[upkeep]\n|-heal|p1a: Corviknight|11\/100|[from] item: Leftovers\n|upkeep\n|\n|t:|1683143592\n|switch|p2a: Torkoal|Torkoal, L50, M|100\/100\n|turn|5\n|\n|t:|1683143609\n|move|p2a: Torkoal|Helping Hand|p2b: Roaring Moon\n|-singleturn|p2b: Roaring Moon|Helping Hand|[of] p2a: Torkoal\n|move|p2b: Roaring Moon|Rock Slide|p1b: Skeledirge|[spread] p1a,p1b\n|-damage|p1a: Corviknight|0 fnt\n|-damage|p1b: Skeledirge|53\/100\n|faint|p1a: Corviknight\n|move|p1b: Skeledirge|Heat Wave|p2b: Roaring Moon|[spread] \n|-miss|p1b: Skeledirge|p2a: Torkoal\n|-miss|p1b: Skeledirge|p2b: Roaring Moon\n|\n|-weather|none\n|-end|p2b: Roaring Moon|Protosynthesis\n|upkeep\n|\n|t:|1683143620\n|switch|p1a: Rotom|Rotom-Wash, L50|100\/100\n|turn|6\n|\n|t:|1683143645\n|move|p2a: Torkoal|Helping Hand|p2b: Roaring Moon\n|-singleturn|p2b: Roaring Moon|Helping Hand|[of] p2a: Torkoal\n|move|p2b: Roaring Moon|Rock Slide|p1a: Rotom|[spread] p1b\n|-miss|p2b: Roaring Moon|p1a: Rotom\n|-damage|p1b: Skeledirge|33\/100\n|move|p1a: Rotom|Thunder Wave|p2a: Torkoal\n|-status|p2a: Torkoal|par\n|cant|p1b: Skeledirge|flinch\n|\n|upkeep\n|turn|7\n|\n|t:|1683143662\n|move|p2a: Torkoal|Helping Hand|p2b: Roaring Moon\n|-singleturn|p2b: Roaring Moon|Helping Hand|[of] p2a: Torkoal\n|move|p2b: Roaring Moon|Rock Slide|p1a: Rotom|[spread] p1a,p1b\n|-damage|p1a: Rotom|64\/100\n|-damage|p1b: Skeledirge|15\/100\n|move|p1a: Rotom|Hydro Pump|p2a: Torkoal\n|-supereffective|p2a: Torkoal\n|-damage|p2a: Torkoal|1\/100 par\n|cant|p1b: Skeledirge|flinch\n|\n|upkeep\n|turn|8\n|\n|t:|1683143681\n|move|p2a: Torkoal|Helping Hand|p2b: Roaring Moon\n|-singleturn|p2b: Roaring Moon|Helping Hand|[of] p2a: Torkoal\n|move|p2b: Roaring Moon|Rock Slide|p1b: Skeledirge|[spread] p1a,p1b\n|-damage|p1a: Rotom|28\/100\n|-damage|p1b: Skeledirge|0 fnt\n|faint|p1b: Skeledirge\n|move|p1a: Rotom|Hydro Pump|p2b: Roaring Moon\n|-supereffective|p2b: Roaring Moon\n|-damage|p2b: Roaring Moon|0 fnt\n|faint|p2b: Roaring Moon\n|-end|p2b: Roaring Moon|Protosynthesis|[silent]\n|\n|upkeep\n|\n|t:|1683143691\n|switch|p1b: Dragonite|Dragonite, L50, M|100\/100\n|turn|9\n|-message|gali888 forfeited.\n|\n|win|SirenKare\n|raw|SirenKare's rating: 1000 → 1049<\/strong> (+49 for winning)\n|raw|gali888's rating: 1081 → 1054<\/strong> (-27 for losing)\n|l|\u2606gali888\n|c|\u2606SirenKare|gg\n","uploadtime":1683143901,"views":11,"p1id":"sirenkare","p2id":"gali888","formatid":"gen9vgc2023regulationc","rating":1049,"private":0,"password":""}