{"id":"gen9vgc2023regulationc-1849121674","p1":"SubAtomicPoison","p2":"super9800","format":"[Gen 9] VGC 2023 Regulation C","log":"|j|\u2606SubAtomicPoison\n|j|\u2606super9800\n|t:|1682159422\n|gametype|doubles\n|player|p1|SubAtomicPoison|266|1124\n|player|p2|super9800|n|1141\n|teamsize|p1|6\n|teamsize|p2|6\n|gen|9\n|tier|[Gen 9] VGC 2023 Regulation C\n|rated|\n|rule|Species Clause: Limit one of each Pok\u00e9mon\n|rule|Item Clause: Limit one of each item\n|clearpoke\n|poke|p1|Dragapult, L50, M|\n|poke|p1|Dragonite, L50, F|\n|poke|p1|Medicham, L50, M|\n|poke|p1|Salamence, L50, F|\n|poke|p1|Chien-Pao, L50|\n|poke|p1|Flutter Mane, L50|\n|poke|p2|Torkoal, L50, F|\n|poke|p2|Armarouge, L50, M|\n|poke|p2|Dachsbun, L50, M|\n|poke|p2|Krookodile, L50, M|\n|poke|p2|Haxorus, L50, F|\n|poke|p2|Dragapult, L50, M|\n|teampreview|4\nSubAtomicPoison rejected open team sheets.\n|inactive|Battle timer is ON: inactive players will automatically lose when time's up. (requested by SubAtomicPoison)\n|inactive|super9800 also wants the timer to be on.\n|\n|t:|1682159454\n|start\n|switch|p1a: Dragapult|Dragapult, L50, M|100\/100\n|switch|p1b: Medicham|Medicham, L50, M|100\/100\n|switch|p2a: Armarouge|Armarouge, L50, M|100\/100\n|switch|p2b: Dachsbun|Dachsbun, L50, M|100\/100\n|turn|1\n|\n|t:|1682159471\n|move|p1b: Medicham|Skill Swap|p1a: Dragapult\n|-activate|p1b: Medicham|move: Skill Swap|||[of] p1a: Dragapult\n|move|p1a: Dragapult|Dragon Darts|p2a: Armarouge\n|-damage|p2a: Armarouge|29\/100\n|-anim|p1a: Dragapult|Dragon Darts|p2a: Armarouge\n|-damage|p2a: Armarouge|0 fnt\n|faint|p2a: Armarouge\n|move|p2b: Dachsbun|Substitute|p2b: Dachsbun\n|-start|p2b: Dachsbun|Substitute\n|-damage|p2b: Dachsbun|76\/100\n|\n|-heal|p2b: Dachsbun|82\/100|[from] item: Leftovers\n|upkeep\n|\n|t:|1682159480\n|switch|p2a: Torkoal|Torkoal, L50, F, shiny|100\/100\n|-weather|SunnyDay|[from] ability: Drought|[of] p2a: Torkoal\n|turn|2\n|\n|t:|1682159491\n|switch|p1b: Chien-Pao|Chien-Pao, L50|100\/100\n|-ability|p1b: Chien-Pao|Sword of Ruin\n|move|p1a: Dragapult|Dragon Darts|p2a: Torkoal\n|-damage|p2a: Torkoal|21\/100\n|-anim|p1a: Dragapult|Dragon Darts|p2a: Torkoal\n|-damage|p2a: Torkoal|0 fnt\n|faint|p2a: Torkoal\n|move|p2b: Dachsbun|Snarl|p1a: Dragapult|[spread] p1a,p1b\n|-supereffective|p1a: Dragapult\n|-resisted|p1b: Chien-Pao\n|-damage|p1a: Dragapult|85\/100\n|-damage|p1b: Chien-Pao|96\/100\n|-unboost|p1a: Dragapult|spa|1\n|-unboost|p1b: Chien-Pao|spa|1\n|\n|-weather|SunnyDay|[upkeep]\n|-heal|p2b: Dachsbun|88\/100|[from] item: Leftovers\n|upkeep\n|\n|t:|1682159495\n|switch|p2a: Krookodile|Krookodile, L50, M|100\/100\n|-ability|p2a: Krookodile|Intimidate|boost\n|-unboost|p1a: Dragapult|atk|1\n|-unboost|p1b: Chien-Pao|atk|1\n|turn|3\n|\n|t:|1682159520\n|move|p1a: Dragapult|Dragon Darts|p2a: Krookodile\n|-damage|p2a: Krookodile|24\/100\n|-anim|p1a: Dragapult|Dragon Darts|p2a: Krookodile\n|-crit|p2a: Krookodile\n|-damage|p2a: Krookodile|0 fnt\n|faint|p2a: Krookodile\n|move|p1b: Chien-Pao|Haze|p1b: Chien-Pao\n|-clearallboost\n|move|p2b: Dachsbun|Body Press|p1b: Chien-Pao\n|-supereffective|p1b: Chien-Pao\n|-damage|p1b: Chien-Pao|0 fnt\n|faint|p1b: Chien-Pao\n|\n|-weather|SunnyDay|[upkeep]\n|-heal|p2b: Dachsbun|94\/100|[from] item: Leftovers\n|upkeep\n|\n|t:|1682159535\n|switch|p1b: Salamence|Salamence, L50, F|100\/100\n|-ability|p1b: Salamence|Intimidate|boost\n|-immune|p2b: Dachsbun\n|turn|4\n|inactive|super9800 has 30 seconds left.\n|\n|t:|1682159565\n|move|p1a: Dragapult|Dragon Darts|p2b: Dachsbun\n|-immune|p2b: Dachsbun\n|move|p1b: Salamence|Iron Head|p2b: Dachsbun\n|-supereffective|p2b: Dachsbun\n|-end|p2b: Dachsbun|Substitute\n|-damage|p1b: Salamence|90\/100|[from] item: Life Orb\n|move|p2b: Dachsbun|Play Rough|p1a: Dragapult\n|-supereffective|p1a: Dragapult\n|-damage|p1a: Dragapult|2\/100\n|\n|-weather|SunnyDay|[upkeep]\n|-heal|p2b: Dachsbun|100\/100|[from] item: Leftovers\n|upkeep\n|turn|5\n|\n|t:|1682159584\n|switch|p1a: Medicham|Medicham, L50, M|100\/100\n|-terastallize|p2b: Dachsbun|Steel\n|move|p1b: Salamence|Iron Head|p2b: Dachsbun\n|-resisted|p2b: Dachsbun\n|-damage|p2b: Dachsbun|87\/100\n|-damage|p1b: Salamence|80\/100|[from] item: Life Orb\n|move|p2b: Dachsbun|Play Rough|p1a: Medicham\n|-supereffective|p1a: Medicham\n|-damage|p1a: Medicham|3\/100\n|\n|-weather|SunnyDay|[upkeep]\n|-heal|p2b: Dachsbun|93\/100|[from] item: Leftovers\n|upkeep\n|turn|6\n|\n|t:|1682159608\n|move|p1a: Medicham|Close Combat|p2b: Dachsbun\n|-supereffective|p2b: Dachsbun\n|-damage|p2b: Dachsbun|0 fnt\n|-unboost|p1a: Medicham|def|1\n|-unboost|p1a: Medicham|spd|1\n|faint|p2b: Dachsbun\n|\n|win|SubAtomicPoison\n|raw|SubAtomicPoison's rating: 1124 → 1150<\/strong> (+26 for winning)\n|raw|super9800's rating: 1141 → 1115<\/strong> (-26 for losing)\n","uploadtime":1682159616,"views":10,"p1id":"subatomicpoison","p2id":"super9800","formatid":"gen9vgc2023regulationc","rating":1115,"private":0,"password":""}