{"id":"gen9vgc2023regulationc-1849088530","p1":"Gnik01","p2":"DegeneraVGC","format":"[Gen 9] VGC 2023 Regulation C","log":"|j|\u2606Gnik01\n|j|\u2606DegeneraVGC\n|t:|1682153084\n|gametype|doubles\n|player|p1|Gnik01|2|1315\n|player|p2|DegeneraVGC|cheren|1369\n|teamsize|p1|6\n|teamsize|p2|6\n|gen|9\n|tier|[Gen 9] VGC 2023 Regulation C\n|rated|\n|rule|Species Clause: Limit one of each Pok\u00e9mon\n|rule|Item Clause: Limit one of each item\n|clearpoke\n|poke|p1|Gyarados, L50, F|\n|poke|p1|Chien-Pao, L50|\n|poke|p1|Amoonguss, L50, M|\n|poke|p1|Garganacl, L50, M|\n|poke|p1|Mimikyu, L50, M|\n|poke|p1|Roaring Moon, L50|\n|poke|p2|Haunter, L50, M|\n|poke|p2|Tyranitar, L50, F|\n|poke|p2|Lycanroc, L50, F|\n|poke|p2|Amoonguss, L50, M|\n|poke|p2|Garchomp, L50, F|\n|poke|p2|Gyarados, L50, M|\n|teampreview|4\n|\n|t:|1682153165\n|start\n|switch|p1a: Garganacl|Garganacl, L50, M|100\/100\n|switch|p1b: Amoonguss|Amoonguss, L50, M|100\/100\n|switch|p2a: Garchomp|Garchomp, L50, F|100\/100\n|switch|p2b: Gyarados|Gyarados, L50, M|100\/100\n|-ability|p2b: Gyarados|Intimidate|boost\n|-unboost|p1a: Garganacl|atk|1\n|-unboost|p1b: Amoonguss|atk|1\n|turn|1\n|inactive|Battle timer is ON: inactive players will automatically lose when time's up. (requested by Gnik01)\n|\n|t:|1682153190\n|-terastallize|p1a: Garganacl|Ghost\n|move|p2a: Garchomp|Swords Dance|p2a: Garchomp\n|-boost|p2a: Garchomp|atk|2\n|move|p2b: Gyarados|Taunt|p1b: Amoonguss\n|-start|p1b: Amoonguss|move: Taunt\n|move|p1a: Garganacl|Salt Cure|p2b: Gyarados\n|-supereffective|p2b: Gyarados\n|-damage|p2b: Gyarados|77\/100\n|-start|p2b: Gyarados|Salt Cure\n|cant|p1b: Amoonguss|move: Taunt|Spore\n|\n|-damage|p2b: Gyarados|52\/100|[from] Salt Cure\n|upkeep\n|turn|2\n|inactive|DegeneraVGC has 30 seconds left.\n|\n|t:|1682153216\n|switch|p2b: Haunter|Haunter, L50, M|100\/100\n|switch|p1b: Gyarados|Gyarados, L50, F|100\/100\n|-ability|p1b: Gyarados|Intimidate|boost\n|-fail|p2a: Garchomp|unboost|[from] item: Clear Amulet|[of] p2a: Garchomp\n|-unboost|p2b: Haunter|atk|1\n|-terastallize|p2a: Garchomp|Ground\n|move|p2a: Garchomp|Earthquake|p1b: Gyarados|[spread] p1a\n|-immune|p2b: Haunter|[from] ability: Levitate\n|-immune|p1b: Gyarados\n|-damage|p1a: Garganacl|33\/100\n|move|p1a: Garganacl|Salt Cure|p2a: Garchomp\n|-resisted|p2a: Garchomp\n|-damage|p2a: Garchomp|95\/100\n|-start|p2a: Garchomp|Salt Cure\n|\n|-heal|p1a: Garganacl|39\/100|[from] item: Leftovers\n|-damage|p2a: Garchomp|83\/100|[from] Salt Cure\n|upkeep\n|turn|3\n|inactive|Gnik01 has 30 seconds left.\n|inactive|DegeneraVGC has 30 seconds left.\n|\n|t:|1682153247\n|switch|p2b: Gyarados|Gyarados, L50, M|52\/100\n|-ability|p2b: Gyarados|Intimidate|boost\n|-unboost|p1a: Garganacl|atk|1\n|-unboost|p1b: Gyarados|atk|1\n|move|p2a: Garchomp|Protect|p2a: Garchomp\n|-singleturn|p2a: Garchomp|Protect\n|move|p1a: Garganacl|Wide Guard|p1a: Garganacl\n|-singleturn|p1a: Garganacl|Wide Guard\n|move|p1b: Gyarados|Dragon Dance|p1b: Gyarados\n|-boost|p1b: Gyarados|atk|1\n|-boost|p1b: Gyarados|spe|1\n|\n|-heal|p1a: Garganacl|45\/100|[from] item: Leftovers\n|-damage|p2a: Garchomp|70\/100|[from] Salt Cure\n|upkeep\n|turn|4\n|inactive|DegeneraVGC has 30 seconds left.\n|inactive|DegeneraVGC has 20 seconds left.\n|inactive|DegeneraVGC has 15 seconds left.\n|inactive|DegeneraVGC has 10 seconds left.\n|inactive|DegeneraVGC has 5 seconds left.\n|\n|t:|1682153309\n|switch|p2a: Haunter|Haunter, L50, M|100\/100\n|move|p1a: Garganacl|Wide Guard|p1a: Garganacl\n|-singleturn|p1a: Garganacl|Wide Guard\n|move|p1b: Gyarados|Waterfall|p2a: Haunter\n|-damage|p2a: Haunter|10\/100\n|move|p2b: Gyarados|Thunder Wave|p1b: Gyarados\n|-status|p1b: Gyarados|par\n|-enditem|p1b: Gyarados|Lum Berry|[eat]\n|-curestatus|p1b: Gyarados|par|[msg]\n|\n|-heal|p2a: Haunter|16\/100|[from] item: Leftovers\n|-heal|p1a: Garganacl|51\/100|[from] item: Leftovers\n|upkeep\n|turn|5\n|inactive|DegeneraVGC has 30 seconds left.\n|\n|t:|1682153336\n|move|p1b: Gyarados|Protect|p1b: Gyarados\n|-singleturn|p1b: Gyarados|Protect\n|move|p2a: Haunter|Protect|p2a: Haunter\n|-singleturn|p2a: Haunter|Protect\n|move|p2b: Gyarados|Thunder Wave|p1b: Gyarados\n|-activate|p1b: Gyarados|move: Protect\n|move|p1a: Garganacl|Salt Cure|p2b: Gyarados\n|-supereffective|p2b: Gyarados\n|-damage|p2b: Gyarados|33\/100\n|-start|p2b: Gyarados|Salt Cure\n|\n|-heal|p2a: Haunter|22\/100|[from] item: Leftovers\n|-heal|p1a: Garganacl|57\/100|[from] item: Leftovers\n|-damage|p2b: Gyarados|8\/100|[from] Salt Cure\n|upkeep\n|turn|6\n|\n|t:|1682153359\n|move|p1b: Gyarados|Waterfall|p2a: Haunter\n|-damage|p2a: Haunter|0 fnt\n|faint|p2a: Haunter\n|move|p2b: Gyarados|Thunder Wave|p1b: Gyarados\n|-status|p1b: Gyarados|par\n|move|p1a: Garganacl|Stealth Rock|p2b: Gyarados\n|-sidestart|p2: DegeneraVGC|move: Stealth Rock\n|\n|-heal|p1a: Garganacl|63\/100|[from] item: Leftovers\n|-damage|p2b: Gyarados|0 fnt|[from] Salt Cure\n|faint|p2b: Gyarados\n|upkeep\n|\n|t:|1682153370\n|switch|p2a: Tyranitar|Tyranitar, L50, F|100\/100\n|switch|p2b: Garchomp|Garchomp, L50, F, tera:Ground|70\/100\n|-damage|p2b: Garchomp|64\/100|[from] Stealth Rock\n|-damage|p2a: Tyranitar|88\/100|[from] Stealth Rock\n|-weather|Sandstorm|[from] ability: Sand Stream|[of] p2a: Tyranitar\n|turn|7\n|\n|t:|1682153390\n|switch|p1b: Amoonguss|Amoonguss, L50, M|100\/100\n|move|p2b: Garchomp|Swords Dance|p2b: Garchomp\n|-boost|p2b: Garchomp|atk|2\n|move|p2a: Tyranitar|Crunch|p1a: Garganacl\n|-supereffective|p1a: Garganacl\n|-damage|p1a: Garganacl|0 fnt\n|faint|p1a: Garganacl\n|\n|-weather|Sandstorm|[upkeep]\n|-damage|p1b: Amoonguss|95\/100|[from] Sandstorm\n|upkeep\n|\n|t:|1682153400\n|switch|p1a: Mimikyu|Mimikyu, L50, M|100\/100\n|turn|8\n|\n|t:|1682153412\n|switch|p1a: Gyarados|Gyarados, L50, F|100\/100 par\n|-ability|p1a: Gyarados|Intimidate|boost\n|-unboost|p2a: Tyranitar|atk|1\n|-fail|p2b: Garchomp|unboost|[from] item: Clear Amulet|[of] p2b: Garchomp\n|move|p2b: Garchomp|Dragon Claw|p1b: Amoonguss\n|-damage|p1b: Amoonguss|32\/100\n|-damage|p2b: Garchomp|48\/100|[from] item: Rocky Helmet|[of] p1b: Amoonguss\n|move|p2a: Tyranitar|Rock Slide|p1b: Amoonguss|[spread] p1a,p1b\n|-supereffective|p1a: Gyarados\n|-damage|p1a: Gyarados|47\/100 par\n|-damage|p1b: Amoonguss|14\/100\n|cant|p1b: Amoonguss|flinch\n|\n|-weather|Sandstorm|[upkeep]\n|-damage|p1a: Gyarados|41\/100 par|[from] Sandstorm\n|-damage|p1b: Amoonguss|8\/100|[from] Sandstorm\n|upkeep\n|turn|9\n|inactive|DegeneraVGC has 30 seconds left.\n|\n|t:|1682153440\n|move|p1b: Amoonguss|Rage Powder|p1b: Amoonguss\n|-singleturn|p1b: Amoonguss|move: Rage Powder\n|move|p2b: Garchomp|Dragon Claw|p1b: Amoonguss\n|-damage|p1b: Amoonguss|0 fnt\n|-damage|p2b: Garchomp|32\/100|[from] item: Rocky Helmet|[of] p1b: Amoonguss\n|faint|p1b: Amoonguss\n|move|p2a: Tyranitar|Rock Slide|p1a: Gyarados\n|-supereffective|p1a: Gyarados\n|-damage|p1a: Gyarados|0 fnt\n|faint|p1a: Gyarados\n|\n|-weather|Sandstorm|[upkeep]\n|upkeep\n|\n|t:|1682153450\n|switch|p1a: Mimikyu|Mimikyu, L50, M|100\/100\n|turn|10\n|\n|t:|1682153465\n|move|p2b: Garchomp|Protect|p2b: Garchomp\n|-singleturn|p2b: Garchomp|Protect\n|move|p1a: Mimikyu|Play Rough|p2b: Garchomp\n|-activate|p2b: Garchomp|move: Protect\n|move|p2a: Tyranitar|Crunch|p1a: Mimikyu\n|-activate|p1a: Mimikyu|ability: Disguise\n|-damage|p1a: Mimikyu|100\/100\n|detailschange|p1a: Mimikyu|Mimikyu-Busted, L50, M\n|-damage|p1a: Mimikyu|88\/100|[from] pokemon: Mimikyu-Busted\n|\n|-weather|Sandstorm|[upkeep]\n|-damage|p1a: Mimikyu|82\/100|[from] Sandstorm\n|upkeep\n|turn|11\n|-message|Gnik01 forfeited.\n|\n|win|DegeneraVGC\n|raw|Gnik01's rating: 1315 → 1298<\/strong> (-17 for losing)\n|raw|DegeneraVGC's rating: 1369 → 1386<\/strong> (+17 for winning)\n|l|\u2606Gnik01\n","uploadtime":1682153488,"views":7,"p1id":"gnik01","p2id":"degeneravgc","formatid":"gen9vgc2023regulationc","rating":1298,"private":0,"password":""}