{"id":"gen9vgc2023regulationc-1852481539","p1":"comprestrict","p2":"Hwhwh","format":"[Gen 9] VGC 2023 Regulation C","log":"|j|\u2606comprestrict\n|j|\u2606Hwhwh\n|t:|1682563178\n|gametype|doubles\n|player|p1|comprestrict|2|1112\n|player|p2|Hwhwh|169|1041\n|teamsize|p1|6\n|teamsize|p2|6\n|gen|9\n|tier|[Gen 9] VGC 2023 Regulation C\n|rated|\n|rule|Species Clause: Limit one of each Pok\u00e9mon\n|rule|Item Clause: Limit one of each item\n|clearpoke\n|poke|p1|Glimmora, L50, F|\n|poke|p1|Tyranitar, L50, F|\n|poke|p1|Lycanroc, L50, M|\n|poke|p1|Rotom-Heat, L50|\n|poke|p1|Gastrodon, L50, F|\n|poke|p1|Gyarados, L50, F|\n|poke|p2|Ceruledge, L50, F|\n|poke|p2|Palafin, L50, M|\n|poke|p2|Wo-Chien, L50|\n|poke|p2|Scizor, L50, F|\n|poke|p2|Flutter Mane, L50|\n|poke|p2|Great Tusk, L50|\n|teampreview|4\n|inactive|Battle timer is ON: inactive players will automatically lose when time's up. (requested by comprestrict)\n|inactive|comprestrict has 60 seconds left.\n|inactive|Hwhwh has 60 seconds left.\n|inactive|Hwhwh has 30 seconds left.\n|\n|t:|1682563250\n|start\n|switch|p1a: Gastrodon|Gastrodon, L50, F|100\/100\n|switch|p1b: Glimmora|Glimmora, L50, F|100\/100\n|switch|p2a: Ceruledge|Ceruledge, L50, F|100\/100\n|switch|p2b: Palafin|Palafin, L50, M|100\/100\n|turn|1\n|\n|t:|1682563274\n|detailschange|p2b: Palafin|Palafin-Hero, L50, M\n|switch|p2b: Wo-Chien|Wo-Chien, L50|100\/100\n|-ability|p2b: Wo-Chien|Tablets of Ruin\n|-terastallize|p2a: Ceruledge|Grass\n|move|p1b: Glimmora|Spiky Shield|p1b: Glimmora\n|-singleturn|p1b: Glimmora|move: Protect\n|move|p2a: Ceruledge|Bulk Up|p2a: Ceruledge\n|-boost|p2a: Ceruledge|atk|1\n|-boost|p2a: Ceruledge|def|1\n|move|p1a: Gastrodon|Yawn|p2a: Ceruledge\n|-start|p2a: Ceruledge|move: Yawn|[of] p1a: Gastrodon\n|\n|upkeep\n|turn|2\n|inactive|Hwhwh has 30 seconds left.\n|\n|t:|1682563306\n|switch|p1a: Gyarados|Gyarados, L50, F|100\/100\n|-ability|p1a: Gyarados|Intimidate|boost\n|-fail|p2a: Ceruledge|unboost|[from] item: Clear Amulet|[of] p2a: Ceruledge\n|-unboost|p2b: Wo-Chien|atk|1\n|move|p1b: Glimmora|Toxic|p2b: Wo-Chien\n|-status|p2b: Wo-Chien|tox\n|move|p2a: Ceruledge|Bitter Blade|p1b: Glimmora\n|-resisted|p1b: Glimmora\n|-damage|p1b: Glimmora|74\/100\n|move|p2b: Wo-Chien|Leech Seed|p1a: Gyarados|[miss]\n|-miss|p2b: Wo-Chien|p1a: Gyarados\n|\n|-damage|p2b: Wo-Chien|94\/100 tox|[from] psn\n|-end|p2a: Ceruledge|move: Yawn|[silent]\n|-status|p2a: Ceruledge|slp\n|upkeep\n|turn|3\n|inactive|comprestrict has 30 seconds left.\n|inactive|Hwhwh has 30 seconds left.\n|inactive|Hwhwh has 20 seconds left.\n|\n|t:|1682563342\n|move|p1a: Gyarados|Taunt|p2b: Wo-Chien\n|-start|p2b: Wo-Chien|move: Taunt\n|move|p1b: Glimmora|Power Gem|p2a: Ceruledge\n|-damage|p2a: Ceruledge|49\/100 slp\n|-damage|p1b: Glimmora|64\/100|[from] item: Life Orb\n|cant|p2a: Ceruledge|slp\n|move|p2b: Wo-Chien|Foul Play|p1a: Gyarados\n|-damage|p1a: Gyarados|52\/100\n|\n|-heal|p2b: Wo-Chien|100\/100 tox|[from] item: Leftovers\n|-damage|p2b: Wo-Chien|88\/100 tox|[from] psn\n|upkeep\n|turn|4\n|inactive|Hwhwh has 30 seconds left.\n|\n|t:|1682563370\n|switch|p1a: Gastrodon|Gastrodon, L50, F|100\/100\n|cant|p2a: Ceruledge|slp\n|move|p1b: Glimmora|Power Gem|p2a: Ceruledge\n|-damage|p2a: Ceruledge|0 fnt\n|faint|p2a: Ceruledge\n|-damage|p1b: Glimmora|55\/100|[from] item: Life Orb\n|move|p2b: Wo-Chien|Pollen Puff|p2: Ceruledge|[notarget]\n|-fail|p2b: Wo-Chien\n|\n|-heal|p2b: Wo-Chien|94\/100 tox|[from] item: Leftovers\n|-damage|p2b: Wo-Chien|75\/100 tox|[from] psn\n|upkeep\n|\n|t:|1682563389\n|switch|p2a: Palafin|Palafin-Hero, L50, M|100\/100\n|-activate|p2a: Palafin|ability: Zero to Hero\n|turn|5\n|\n|t:|1682563409\n|switch|p1a: Gyarados|Gyarados, L50, F|52\/100\n|-ability|p1a: Gyarados|Intimidate|boost\n|-unboost|p2a: Palafin|atk|1\n|-unboost|p2b: Wo-Chien|atk|1\n|move|p1b: Glimmora|Spiky Shield|p1b: Glimmora\n|-singleturn|p1b: Glimmora|move: Protect\n|move|p2a: Palafin|Boomburst|p1b: Glimmora|[spread] p2b,p1a\n|-activate|p1b: Glimmora|move: Protect\n|-damage|p2b: Wo-Chien|40\/100 tox\n|-damage|p1a: Gyarados|8\/100\n|-enditem|p1a: Gyarados|Sitrus Berry|[eat]\n|-heal|p1a: Gyarados|33\/100|[from] item: Sitrus Berry\n|move|p2b: Wo-Chien|Foul Play|p1a: Gyarados\n|-damage|p1a: Gyarados|0 fnt\n|faint|p1a: Gyarados\n|\n|-heal|p2b: Wo-Chien|46\/100 tox|[from] item: Leftovers\n|-damage|p2b: Wo-Chien|21\/100 tox|[from] psn\n|-end|p2b: Wo-Chien|move: Taunt\n|upkeep\n|\n|t:|1682563426\n|switch|p1a: Gastrodon|Gastrodon, L50, F|100\/100\n|turn|6\n|\n|t:|1682563438\n|switch|p1b: Tyranitar|Tyranitar, L50, F|100\/100\n|-weather|Sandstorm|[from] ability: Sand Stream|[of] p1b: Tyranitar\n|move|p2b: Wo-Chien|Protect|p2b: Wo-Chien\n|-singleturn|p2b: Wo-Chien|Protect\n|move|p2a: Palafin|Boomburst|p1b: Tyranitar|[spread] p1a,p1b\n|-activate|p2b: Wo-Chien|move: Protect\n|-resisted|p1b: Tyranitar\n|-damage|p1a: Gastrodon|55\/100\n|-damage|p1b: Tyranitar|85\/100\n|move|p1a: Gastrodon|Yawn|p2a: Palafin\n|-start|p2a: Palafin|move: Yawn|[of] p1a: Gastrodon\n|\n|-weather|Sandstorm|[upkeep]\n|-damage|p2a: Palafin|95\/100|[from] Sandstorm\n|-damage|p2b: Wo-Chien|15\/100 tox|[from] Sandstorm\n|-heal|p2b: Wo-Chien|21\/100 tox|[from] item: Leftovers\n|-heal|p1a: Gastrodon|61\/100|[from] item: Leftovers\n|-damage|p2b: Wo-Chien|0 fnt|[from] psn\n|faint|p2b: Wo-Chien\n|upkeep\n|\n|t:|1682563462\n|switch|p2b: Great Tusk|Great Tusk, L50|100\/100\n|turn|7\n|\n|t:|1682563473\n|-terastallize|p1b: Tyranitar|Flying\n|move|p2b: Great Tusk|Protect|p2b: Great Tusk\n|-singleturn|p2b: Great Tusk|Protect\n|move|p1a: Gastrodon|Protect|p1a: Gastrodon\n|-singleturn|p1a: Gastrodon|Protect\n|move|p2a: Palafin|Boomburst|p1a: Gastrodon|[spread] p1b\n|-activate|p2b: Great Tusk|move: Protect\n|-activate|p1a: Gastrodon|move: Protect\n|-damage|p1b: Tyranitar|34\/100\n|move|p1b: Tyranitar|Dragon Dance|p1b: Tyranitar\n|-boost|p1b: Tyranitar|atk|1\n|-boost|p1b: Tyranitar|spe|1\n|\n|-weather|Sandstorm|[upkeep]\n|-damage|p1b: Tyranitar|28\/100|[from] Sandstorm\n|-damage|p2a: Palafin|89\/100|[from] Sandstorm\n|-heal|p1a: Gastrodon|67\/100|[from] item: Leftovers\n|-end|p2a: Palafin|move: Yawn|[silent]\n|-status|p2a: Palafin|slp\n|upkeep\n|turn|8\n|inactive|Hwhwh has 30 seconds left.\n|\n|t:|1682563500\n|move|p1b: Tyranitar|Tera Blast|p2b: Great Tusk\n|-supereffective|p2b: Great Tusk\n|-damage|p2b: Great Tusk|5\/100\n|move|p2b: Great Tusk|Ice Spinner|p1b: Tyranitar\n|-supereffective|p1b: Tyranitar\n|-damage|p1b: Tyranitar|0 fnt\n|faint|p1b: Tyranitar\n|cant|p2a: Palafin|slp\n|move|p1a: Gastrodon|Ice Beam|p2b: Great Tusk\n|-supereffective|p2b: Great Tusk\n|-damage|p2b: Great Tusk|0 fnt\n|faint|p2b: Great Tusk\n|-end|p2b: Great Tusk|Protosynthesis|[silent]\n|\n|-weather|Sandstorm|[upkeep]\n|-damage|p2a: Palafin|83\/100 slp|[from] Sandstorm\n|-heal|p1a: Gastrodon|73\/100|[from] item: Leftovers\n|upkeep\n|\n|t:|1682563506\n|switch|p1b: Glimmora|Glimmora, L50, F|55\/100\n|turn|9\n|l|\u2606comprestrict\n|inactive|comprestrict disconnected and has a minute to reconnect!\n|player|p1|\n|\n|t:|1682563522\n|-curestatus|p2a: Palafin|slp|[msg]\n|move|p2a: Palafin|Boomburst|p1a: Gastrodon|[spread] p1a,p1b\n|-resisted|p1b: Glimmora\n|-damage|p1a: Gastrodon|28\/100\n|-damage|p1b: Glimmora|34\/100\n|move|p1b: Glimmora|Power Gem|p2a: Palafin\n|-damage|p2a: Palafin|24\/100\n|-damage|p1b: Glimmora|25\/100|[from] item: Life Orb\n|move|p1a: Gastrodon|Earth Power|p2a: Palafin\n|-damage|p2a: Palafin|0 fnt\n|faint|p2a: Palafin\n|\n|win|comprestrict\n|raw|comprestrict's rating: 1112 → 1132<\/strong> (+20 for winning)\n|raw|Hwhwh's rating: 1041 → 1028<\/strong> (-13 for losing)\n|j|\u2606comprestrict\n|player|p1|comprestrict|2\n|l|\u2606Hwhwh\n","uploadtime":1682563559,"views":7,"p1id":"comprestrict","p2id":"hwhwh","formatid":"gen9vgc2023regulationc","rating":1028,"private":0,"password":""}