{"id":"gen9vgc2023regulationc-1856859741","p1":"adri isidoro","p2":"PensiDiFarRidere?","format":"[Gen 9] VGC 2023 Regulation C","log":"|j|\u2606adri isidoro\n|j|\u2606PensiDiFarRidere?\n|t:|1683120223\n|gametype|doubles\n|player|p1|adri isidoro|unknown|1658\n|player|p2|PensiDiFarRidere?|steven|1583\n|teamsize|p1|6\n|teamsize|p2|6\n|gen|9\n|tier|[Gen 9] VGC 2023 Regulation C\n|rated|\n|rule|Species Clause: Limit one of each Pok\u00e9mon\n|rule|Item Clause: Limit one of each item\n|clearpoke\n|poke|p1|Ting-Lu, L50|\n|poke|p1|Chien-Pao, L50|\n|poke|p1|Dragonite, L50, M|\n|poke|p1|Dondozo, L50, F|\n|poke|p1|Tatsugiri, L50, M|\n|poke|p1|Iron Hands, L50|\n|poke|p2|Tyranitar, L50, M|\n|poke|p2|Lycanroc, L50, F|\n|poke|p2|Chi-Yu, L50|\n|poke|p2|Talonflame, L50, M|\n|poke|p2|Garchomp, L50, F|\n|poke|p2|Flutter Mane, L50|\n|teampreview|4\n|inactive|Battle timer is ON: inactive players will automatically lose when time's up. (requested by PensiDiFarRidere?)\nPensiDiFarRidere? has agreed to open team sheets.\n|j| mothunvol\n|l| mothunvol\nadri isidoro has agreed to open team sheets.\n|\n|t:|1683120258\n|start\n|switch|p1a: Ting-Lu|Ting-Lu, L50|100\/100\n|switch|p1b: Iron Hands|Iron Hands, L50, shiny|100\/100\n|switch|p2a: Talonflame|Talonflame, L50, M|100\/100\n|switch|p2b: Garchomp|Garchomp, L50, F|100\/100\n|-ability|p1a: Ting-Lu|Vessel of Ruin\n|turn|1\n|inactive|adri isidoro has 30 seconds left.\n|\n|t:|1683120292\n|move|p2a: Talonflame|Will-O-Wisp|p1a: Ting-Lu\n|-status|p1a: Ting-Lu|brn\n|move|p2b: Garchomp|Swords Dance|p2b: Garchomp\n|-boost|p2b: Garchomp|atk|2\n|move|p1b: Iron Hands|Drain Punch|p2b: Garchomp\n|-damage|p2b: Garchomp|57\/100\n|-damage|p1b: Iron Hands|88\/100|[from] ability: Rough Skin|[of] p2b: Garchomp\n|move|p1a: Ting-Lu|Rock Slide|p2a: Talonflame|[spread] p2a,p2b\n|-supereffective|p2a: Talonflame\n|-resisted|p2b: Garchomp\n|-damage|p2a: Talonflame|66\/100\n|-damage|p2b: Garchomp|54\/100\n|\n|-damage|p1a: Ting-Lu|94\/100 brn|[from] brn\n|upkeep\n|turn|2\n|\n|t:|1683120314\n|-end|p1b: Iron Hands|Quark Drive|[silent]\n|switch|p1b: Tatsugiri|Tatsugiri, L50, M|100\/100\n|switch|p1a: Dondozo|Dondozo, L50, F|100\/100\n|-activate|p1b: Tatsugiri|ability: Commander|[of] p1a: Dondozo\n|-boost|p1a: Dondozo|atk|2\n|-boost|p1a: Dondozo|spa|2\n|-boost|p1a: Dondozo|spe|2\n|-boost|p1a: Dondozo|def|2\n|-boost|p1a: Dondozo|spd|2\n|move|p2a: Talonflame|Tailwind|p2a: Talonflame\n|-sidestart|p2: PensiDiFarRidere?|move: Tailwind\n|move|p2b: Garchomp|Earthquake|p1a: Dondozo|[spread] p1a\n|-miss|p2b: Garchomp|p1b: Tatsugiri\n|-immune|p2a: Talonflame\n|-damage|p1a: Dondozo|88\/100\n|\n|-heal|p1a: Dondozo|94\/100|[from] item: Leftovers\n|upkeep\n|turn|3\n|\n|t:|1683120339\n|move|p2a: Talonflame|Will-O-Wisp|p1a: Dondozo|[miss]\n|-miss|p2a: Talonflame|p1a: Dondozo\n|move|p2b: Garchomp|Rock Slide|p1b: Tatsugiri|[spread] p1a\n|-miss|p2b: Garchomp|p1b: Tatsugiri\n|-damage|p1a: Dondozo|88\/100\n|move|p1a: Dondozo|Liquidation|p2a: Talonflame\n|-supereffective|p2a: Talonflame\n|-damage|p2a: Talonflame|0 fnt\n|-damage|p1a: Dondozo|71\/100|[from] item: Rocky Helmet|[of] p2a: Talonflame\n|faint|p2a: Talonflame\n|\n|-heal|p1a: Dondozo|77\/100|[from] item: Leftovers\n|upkeep\n|j| merahmerona\n|\n|t:|1683120352\n|switch|p2a: Flutter Mane|Flutter Mane, L50|100\/100\n|-enditem|p2a: Flutter Mane|Booster Energy\n|-activate|p2a: Flutter Mane|ability: Protosynthesis|[fromitem]\n|-start|p2a: Flutter Mane|protosynthesisspa\n|turn|4\n|\n|t:|1683120370\n|switch|p2b: Chi-Yu|Chi-Yu, L50|100\/100\n|-ability|p2b: Chi-Yu|Beads of Ruin\n|move|p1a: Dondozo|Protect|p1a: Dondozo\n|-singleturn|p1a: Dondozo|Protect\n|move|p2a: Flutter Mane|Thunderbolt|p1a: Dondozo\n|-activate|p1a: Dondozo|move: Protect\n|\n|-heal|p1a: Dondozo|83\/100|[from] item: Leftovers\n|upkeep\n|turn|5\n|\n|t:|1683120385\n|move|p2a: Flutter Mane|Thunderbolt|p1a: Dondozo\n|-supereffective|p1a: Dondozo\n|-damage|p1a: Dondozo|26\/100\n|-status|p1a: Dondozo|par\n|move|p2b: Chi-Yu|Dark Pulse|p1a: Dondozo\n|-damage|p1a: Dondozo|0 fnt\n|faint|p1a: Dondozo\n|-damage|p2b: Chi-Yu|90\/100|[from] item: Life Orb\n|\n|-sideend|p2: PensiDiFarRidere?|move: Tailwind\n|upkeep\n|\n|t:|1683120403\n|switch|p1a: Ting-Lu|Ting-Lu, L50|94\/100 brn\n|-ability|p1a: Ting-Lu|Vessel of Ruin\n|turn|6\n|j| Shine Like a Gem\n|inactive|PensiDiFarRidere? has 30 seconds left.\n|inactive|PensiDiFarRidere? has 20 seconds left.\n|\n|t:|1683120441\n|-terastallize|p2b: Chi-Yu|Grass\n|move|p1b: Tatsugiri|Muddy Water|p2a: Flutter Mane|[spread] p2a,p2b\n|-resisted|p2b: Chi-Yu\n|-damage|p2a: Flutter Mane|71\/100\n|-damage|p2b: Chi-Yu|77\/100\n|move|p2a: Flutter Mane|Moonblast|p1b: Tatsugiri\n|-supereffective|p1b: Tatsugiri\n|-damage|p1b: Tatsugiri|0 fnt\n|faint|p1b: Tatsugiri\n|move|p2b: Chi-Yu|Dark Pulse|p1a: Ting-Lu\n|-resisted|p1a: Ting-Lu\n|-damage|p1a: Ting-Lu|81\/100 brn\n|-damage|p2b: Chi-Yu|67\/100|[from] item: Life Orb\n|move|p1a: Ting-Lu|Heavy Slam|p2a: Flutter Mane\n|-supereffective|p2a: Flutter Mane\n|-damage|p2a: Flutter Mane|11\/100\n|\n|-damage|p1a: Ting-Lu|75\/100 brn|[from] brn\n|upkeep\n|\n|t:|1683120459\n|switch|p1b: Iron Hands|Iron Hands, L50, shiny|88\/100\n|turn|7\n|\n|t:|1683120474\n|-terastallize|p1b: Iron Hands|Fire\n|move|p2a: Flutter Mane|Moonblast|p1a: Ting-Lu\n|-supereffective|p1a: Ting-Lu\n|-damage|p1a: Ting-Lu|17\/100 brn\n|-unboost|p1a: Ting-Lu|spa|1\n|move|p2b: Chi-Yu|Dark Pulse|p1a: Ting-Lu\n|-resisted|p1a: Ting-Lu\n|-damage|p1a: Ting-Lu|5\/100 brn\n|-damage|p2b: Chi-Yu|57\/100|[from] item: Life Orb\n|move|p1b: Iron Hands|Drain Punch|p2b: Chi-Yu\n|-damage|p2b: Chi-Yu|0 fnt\n|-heal|p1b: Iron Hands|100\/100|[from] drain|[of] p2b: Chi-Yu\n|faint|p2b: Chi-Yu\n|move|p1a: Ting-Lu|Rock Slide|p2a: Flutter Mane\n|-damage|p2a: Flutter Mane|0 fnt\n|faint|p2a: Flutter Mane\n|-end|p2a: Flutter Mane|Protosynthesis|[silent]\n|\n|-damage|p1a: Ting-Lu|0 fnt|[from] brn\n|faint|p1a: Ting-Lu\n|upkeep\n|\n|t:|1683120494\n|switch|p2a: Garchomp|Garchomp, L50, F|54\/100\n|turn|8\n|\n|t:|1683120503\n|move|p2a: Garchomp|Swords Dance|p2a: Garchomp\n|-boost|p2a: Garchomp|atk|2\n|move|p1b: Iron Hands|Drain Punch|p2a: Garchomp\n|-damage|p2a: Garchomp|14\/100\n|-damage|p1b: Iron Hands|88\/100|[from] ability: Rough Skin|[of] p2a: Garchomp\n|\n|upkeep\n|turn|9\n|j| Lukeit7\n|\n|t:|1683120512\n|move|p2a: Garchomp|Earthquake|p1b: Iron Hands\n|-supereffective|p1b: Iron Hands\n|-damage|p1b: Iron Hands|0 fnt\n|faint|p1b: Iron Hands\n|-end|p1b: Iron Hands|Quark Drive|[silent]\n|\n|win|PensiDiFarRidere?\n|raw|adri isidoro's rating: 1658 → 1634<\/strong> (-24 for losing)\n|raw|PensiDiFarRidere?'s rating: 1583 → 1607<\/strong> (+24 for winning)\n|l|\u2606PensiDiFarRidere?\n|l|\u2606adri isidoro\n|l| Lukeit7\n","uploadtime":1683120707,"views":7,"p1id":"adriisidoro","p2id":"pensidifarridere","formatid":"gen9vgc2023regulationc","rating":1607,"private":0,"password":""}