{"id":"gen9vgc2023regulationc-1854211338","p1":"BleachyBoi_426","p2":"jahecla","format":"[Gen 9] VGC 2023 Regulation C","log":"|j|\u2606BleachyBoi_426\n|j|\u2606jahecla\n|t:|1682784114\n|gametype|doubles\n|player|p1|BleachyBoi_426|102|\n|player|p2|jahecla|101|\n|teamsize|p1|6\n|teamsize|p2|6\n|gen|9\n|tier|[Gen 9] VGC 2023 Regulation C\n|rule|Species Clause: Limit one of each Pok\u00e9mon\n|rule|Item Clause: Limit one of each item\n|clearpoke\n|poke|p1|Iron Moth, L50|\n|poke|p1|Pincurchin, L50, F|\n|poke|p1|Iron Valiant, L50|\n|poke|p1|Luxray, L50, M|\n|poke|p1|Fletchling, L50, F|\n|poke|p1|Arboliva, L50, F|\n|poke|p2|Annihilape, L50, M|\n|poke|p2|Maushold-Four, L50|\n|poke|p2|Ting-Lu, L50|\n|poke|p2|Scream Tail, L50|\n|poke|p2|Kilowattrel, L50, M|\n|poke|p2|Glimmora, L50, M|\n|teampreview|4\n|j| jayballester\n|c|\u2606BleachyBoi_426|glhf\n|c|\u2606jahecla|u2]\n|c|\u2606jahecla|:)\n|c| jayballester|fletchling time\n|\n|t:|1682784366\n|start\n|switch|p1a: Larry|Pincurchin, L50, F|100\/100\n|switch|p1b: Uncanny|Iron Valiant, L50|100\/100\n|switch|p2a: Annihilape|Annihilape, L50, M|100\/100\n|switch|p2b: Maushold|Maushold-Four, L50|100\/100\n|-fieldstart|move: Electric Terrain|[from] ability: Electric Surge|[of] p1a: Larry\n|-activate|p1b: Uncanny|ability: Quark Drive\n|-start|p1b: Uncanny|quarkdriveatk\n|-item|p1a: Larry|Air Balloon\n|turn|1\n|\n|t:|1682784396\n|-terastallize|p2a: Annihilape|Steel\n|move|p1b: Uncanny|Close Combat|p2b: Maushold\n|-supereffective|p2b: Maushold\n|-damage|p2b: Maushold|0 fnt\n|-unboost|p1b: Uncanny|def|1\n|-unboost|p1b: Uncanny|spd|1\n|faint|p2b: Maushold\n|move|p2a: Annihilape|Rage Fist|p1b: Uncanny\n|-damage|p1b: Uncanny|48\/100\n|move|p1a: Larry|Thunder Wave|p2a: Annihilape\n|-status|p2a: Annihilape|par\n|\n|upkeep\n|\n|t:|1682784412\n|switch|p2b: Glimmora|Glimmora, L50, M|100\/100\n|turn|2\n|\n|t:|1682784441\n|move|p1b: Uncanny|Protect|p1b: Uncanny\n|-singleturn|p1b: Uncanny|Protect\n|cant|p2a: Annihilape|par\n|move|p2b: Glimmora|Sludge Bomb|p1b: Uncanny\n|-activate|p1b: Uncanny|move: Protect\n|move|p1a: Larry|Thunder Wave|p2b: Glimmora\n|-status|p2b: Glimmora|par\n|\n|upkeep\n|turn|3\n|l|\u2606BleachyBoi_426\n|player|p1|\n|j|\u2606BleachyBoi_426\n|player|p1|BleachyBoi_426|102\n|j| Jstardude\n|\n|t:|1682784515\n|switch|p1a: Deathbody|Luxray, L50, M|100\/100\n|move|p1b: Uncanny|Ice Punch|p2b: Glimmora\n|-damage|p2b: Glimmora|58\/100 par\n|-activate|p2b: Glimmora|ability: Toxic Debris\n|-sidestart|p1: BleachyBoi_426|move: Toxic Spikes\n|move|p2b: Glimmora|Sludge Bomb|p1b: Uncanny\n|-supereffective|p1b: Uncanny\n|-damage|p1b: Uncanny|0 fnt\n|faint|p1b: Uncanny\n|-end|p1b: Uncanny|Quark Drive|[silent]\n|cant|p2a: Annihilape|par\n|\n|-status|p1a: Deathbody|brn|[from] item: Flame Orb\n|upkeep\n|\n|t:|1682784529\n|switch|p1b: Aura|Iron Moth, L50|100\/100\n|-sideend|p1: BleachyBoi_426|move: Toxic Spikes|[of] p1b: Aura\n|-activate|p1b: Aura|ability: Quark Drive\n|-start|p1b: Aura|quarkdrivespa\n|turn|4\n|\n|t:|1682784555\n|switch|p2b: Ting-Lu|Ting-Lu, L50|100\/100\n|-ability|p2b: Ting-Lu|Vessel of Ruin\n|move|p2a: Annihilape|Protect|p2a: Annihilape\n|-singleturn|p2a: Annihilape|Protect\n|move|p1b: Aura|Fiery Dance|p2a: Annihilape\n|-activate|p2a: Annihilape|move: Protect\n|move|p1a: Deathbody|Psychic Fangs|p2b: Ting-Lu\n|-immune|p2b: Ting-Lu\n|\n|-damage|p1a: Deathbody|95\/100 brn|[from] brn\n|upkeep\n|turn|5\n|\n|t:|1682784614\n|move|p1b: Aura|Fiery Dance|p2a: Annihilape\n|-supereffective|p2a: Annihilape\n|-damage|p2a: Annihilape|0 fnt\n|-boost|p1b: Aura|spa|1\n|faint|p2a: Annihilape\n|-damage|p1b: Aura|91\/100|[from] item: Life Orb\n|move|p1a: Deathbody|Facade|p2b: Ting-Lu\n|-damage|p2b: Ting-Lu|59\/100\n|move|p2b: Ting-Lu|Stomping Tantrum|p1b: Aura\n|-supereffective|p1b: Aura\n|-damage|p1b: Aura|0 fnt\n|faint|p1b: Aura\n|-end|p1b: Aura|Quark Drive|[silent]\n|\n|-damage|p1a: Deathbody|89\/100 brn|[from] brn\n|-fieldend|move: Electric Terrain\n|upkeep\n|\n|t:|1682784631\n|switch|p1b: Larry|Pincurchin, L50, F|100\/100\n|switch|p2a: Glimmora|Glimmora, L50, M|58\/100 par\n|-fieldstart|move: Electric Terrain|[from] ability: Electric Surge|[of] p1b: Larry\n|-item|p1b: Larry|Air Balloon\n|turn|6\n|\n|t:|1682784651\n|-terastallize|p1a: Deathbody|Normal\n|move|p1b: Larry|Sucker Punch|p2a: Glimmora\n|-damage|p2a: Glimmora|33\/100 par\n|-activate|p2a: Glimmora|ability: Toxic Debris\n|-sidestart|p1: BleachyBoi_426|move: Toxic Spikes\n|move|p1a: Deathbody|Facade|p2b: Ting-Lu\n|-damage|p2b: Ting-Lu|0 fnt\n|faint|p2b: Ting-Lu\n|cant|p2a: Glimmora|par\n|\n|-damage|p1a: Deathbody|83\/100 brn|[from] brn\n|upkeep\n|turn|7\n|\n|t:|1682784671\n|move|p1b: Larry|Sucker Punch|p2a: Glimmora\n|-damage|p2a: Glimmora|2\/100 par\n|-activate|p2a: Glimmora|ability: Toxic Debris\n|-sidestart|p1: BleachyBoi_426|move: Toxic Spikes\n|move|p1a: Deathbody|Facade|p2a: Glimmora\n|-resisted|p2a: Glimmora\n|-damage|p2a: Glimmora|0 fnt\n|faint|p2a: Glimmora\n|\n|win|BleachyBoi_426\n|c|\u2606BleachyBoi_426|gg wp\n|c|\u2606jahecla|gg\n|l| jayballester\n","uploadtime":1682784686,"views":26,"p1id":"bleachyboi426","p2id":"jahecla","formatid":"gen9vgc2023regulationc","rating":0,"private":0,"password":""}