{"id":"gen9vgc2023regulationc-1847147882","p1":"HasoonVGC","p2":"perceived slight","format":"[Gen 9] VGC 2023 Regulation C","log":"|j|\u2606HasoonVGC\n|j|\u2606perceived slight\n|t:|1681922987\n|gametype|doubles\n|player|p1|HasoonVGC|1|1249\n|player|p2|perceived slight|1|1216\n|teamsize|p1|6\n|teamsize|p2|6\n|gen|9\n|tier|[Gen 9] VGC 2023 Regulation C\n|rated|\n|rule|Species Clause: Limit one of each Pok\u00e9mon\n|rule|Item Clause: Limit one of each item\n|clearpoke\n|poke|p1|Jolteon, L50, F|\n|poke|p1|Palafin, L50, M|\n|poke|p1|Chi-Yu, L50|\n|poke|p1|Gholdengo, L50|\n|poke|p1|Brute Bonnet, L50|\n|poke|p1|Iron Hands, L50|\n|poke|p2|Rotom-Wash, L50|\n|poke|p2|Amoonguss, L50, F|\n|poke|p2|Garchomp, L50, M|\n|poke|p2|Arcanine, L50, M|\n|poke|p2|Grimmsnarl, L50, M|\n|poke|p2|Flutter Mane, L50|\n|teampreview|4\nperceived slight has agreed to open team sheets.\n|inactive|Battle timer is ON: inactive players will automatically lose when time's up. (requested by HasoonVGC)\n|\n|t:|1681923056\n|start\n|switch|p1a: Palafin|Palafin, L50, M|100\/100\n|switch|p1b: Iron Hands|Iron Hands, L50|100\/100\n|switch|p2a: Grimmsnarl|Grimmsnarl, L50, M|100\/100\n|switch|p2b: Garchomp|Garchomp, L50, M|100\/100\n|turn|1\n|\n|t:|1681923073\n|detailschange|p1a: Palafin|Palafin-Hero, L50, M\n|switch|p1a: Jolteon|Jolteon, L50, F|100\/100\n|move|p1b: Iron Hands|Fake Out|p2b: Garchomp\n|-crit|p2b: Garchomp\n|-damage|p2b: Garchomp|74\/100\n|-damage|p1b: Iron Hands|88\/100|[from] ability: Rough Skin|[of] p2b: Garchomp\n|move|p2a: Grimmsnarl|Reflect|p2a: Grimmsnarl\n|-sidestart|p2: perceived slight|Reflect\n|cant|p2b: Garchomp|flinch\n|\n|upkeep\n|turn|2\n|\n|t:|1681923095\n|-terastallize|p1a: Jolteon|Ice\n|move|p2a: Grimmsnarl|Light Screen|p2a: Grimmsnarl\n|-sidestart|p2: perceived slight|move: Light Screen\n|move|p1a: Jolteon|Tera Blast|p2b: Garchomp\n|-supereffective|p2b: Garchomp\n|-damage|p2b: Garchomp|0 fnt\n|faint|p2b: Garchomp\n|move|p1b: Iron Hands|Volt Switch|p2a: Grimmsnarl\n|-damage|p2a: Grimmsnarl|89\/100\n|\n|t:|1681923108\n|-end|p1b: Iron Hands|Quark Drive|[silent]\n|switch|p1b: Chi-Yu|Chi-Yu, L50|100\/100|[from] Volt Switch\n|-ability|p1b: Chi-Yu|Beads of Ruin\n|\n|upkeep\n|\n|t:|1681923117\n|switch|p2b: Rotom|Rotom-Wash, L50|100\/100\n|turn|3\n|\n|t:|1681923133\n|switch|p1b: Iron Hands|Iron Hands, L50|88\/100\n|move|p2b: Rotom|Protect|p2b: Rotom\n|-singleturn|p2b: Rotom|Protect\n|move|p1a: Jolteon|Thunderbolt|p2b: Rotom\n|-activate|p2b: Rotom|move: Protect\n|move|p2a: Grimmsnarl|Spirit Break|p1b: Iron Hands\n|-supereffective|p1b: Iron Hands\n|-damage|p1b: Iron Hands|47\/100\n|-unboost|p1b: Iron Hands|spa|1\n|\n|upkeep\n|turn|4\n|\n|t:|1681923155\n|-terastallize|p2b: Rotom|Ghost\n|move|p1b: Iron Hands|Fake Out|p2a: Grimmsnarl\n|-damage|p2a: Grimmsnarl|80\/100\n|move|p1a: Jolteon|Thunderbolt|p2b: Rotom\n|-damage|p2b: Rotom|66\/100\n|move|p2b: Rotom|Nasty Plot|p2b: Rotom\n|-boost|p2b: Rotom|spa|2\n|cant|p2a: Grimmsnarl|flinch\n|\n|upkeep\n|turn|5\n|\n|t:|1681923176\n|move|p2b: Rotom|Protect|p2b: Rotom\n|-singleturn|p2b: Rotom|Protect\n|move|p1a: Jolteon|Thunderbolt|p2b: Rotom\n|-activate|p2b: Rotom|move: Protect\n|move|p2a: Grimmsnarl|Spirit Break|p1a: Jolteon\n|-damage|p1a: Jolteon|45\/100\n|-unboost|p1a: Jolteon|spa|1\n|move|p1b: Iron Hands|Wild Charge|p2b: Rotom\n|-activate|p2b: Rotom|move: Protect\n|\n|upkeep\n|turn|6\n|\n|t:|1681923193\n|switch|p1a: Palafin|Palafin-Hero, L50, M|100\/100\n|-activate|p1a: Palafin|ability: Zero to Hero\n|move|p2b: Rotom|Hydro Pump|p1b: Iron Hands\n|-damage|p1b: Iron Hands|0 fnt\n|faint|p1b: Iron Hands\n|-end|p1b: Iron Hands|Quark Drive|[silent]\n|move|p2a: Grimmsnarl|Spirit Break|p1a: Palafin\n|-damage|p1a: Palafin|73\/100\n|-unboost|p1a: Palafin|spa|1\n|\n|upkeep\n|\n|t:|1681923203\n|switch|p1b: Jolteon|Jolteon, L50, F, tera:Ice|45\/100\n|turn|7\n|\n|t:|1681923215\n|move|p1b: Jolteon|Thunder Wave|p2a: Grimmsnarl\n|-status|p2a: Grimmsnarl|par\n|move|p2b: Rotom|Thunderbolt|p1a: Palafin\n|-supereffective|p1a: Palafin\n|-damage|p1a: Palafin|0 fnt\n|faint|p1a: Palafin\n|move|p2a: Grimmsnarl|Spirit Break|p1b: Jolteon\n|-damage|p1b: Jolteon|0 fnt\n|faint|p1b: Jolteon\n|\n|upkeep\n|\n|t:|1681923222\n|switch|p1a: Chi-Yu|Chi-Yu, L50|100\/100\n|-ability|p1a: Chi-Yu|Beads of Ruin\n|turn|8\n|\n|t:|1681923232\n|move|p2b: Rotom|Protect|p2b: Rotom\n|-singleturn|p2b: Rotom|Protect\n|move|p1a: Chi-Yu|Heat Wave|p2b: Rotom|[spread] \n|-activate|p2b: Rotom|move: Protect\n|-miss|p1a: Chi-Yu|p2a: Grimmsnarl\n|cant|p2a: Grimmsnarl|par\n|\n|-sideend|p2: perceived slight|Reflect\n|upkeep\n|turn|9\n|\n|t:|1681923245\n|move|p1a: Chi-Yu|Heat Wave|p2a: Grimmsnarl|[spread] p2a,p2b\n|-damage|p2a: Grimmsnarl|39\/100 par\n|-damage|p2b: Rotom|25\/100\n|-status|p2b: Rotom|brn\n|move|p2b: Rotom|Thunderbolt|p1a: Chi-Yu\n|-damage|p1a: Chi-Yu|0 fnt\n|faint|p1a: Chi-Yu\n|\n|win|perceived slight\n|raw|HasoonVGC's rating: 1249 → 1222<\/strong> (-27 for losing)\n|raw|perceived slight's rating: 1216 → 1243<\/strong> (+27 for winning)\n|l|\u2606HasoonVGC\n","uploadtime":1681923273,"views":13,"p1id":"hasoonvgc","p2id":"perceivedslight","formatid":"gen9vgc2023regulationc","rating":1222,"private":0,"password":""}