{"id":"gen9vgc2023regulationc-1845713895","p1":"tukeydukey","p2":"Nalakihn","format":"[Gen 9] VGC 2023 Regulation C","log":"|j|\u2606tukeydukey\n|j|\u2606Nalakihn\n|t:|1681757842\n|gametype|doubles\n|player|p1|tukeydukey|elesa|1254\n|player|p2|Nalakihn|266|1325\n|teamsize|p1|6\n|teamsize|p2|6\n|gen|9\n|tier|[Gen 9] VGC 2023 Regulation C\n|rated|\n|rule|Species Clause: Limit one of each Pok\u00e9mon\n|rule|Item Clause: Limit one of each item\n|clearpoke\n|poke|p1|Amoonguss, L50, M|\n|poke|p1|Palafin, L50, M|\n|poke|p1|Flutter Mane, L50|\n|poke|p1|Talonflame, L50, M|\n|poke|p1|Ting-Lu, L50|\n|poke|p1|Bellibolt, L50, F|\n|poke|p2|Luxray, L50, M|\n|poke|p2|Gallade, L50, M|\n|poke|p2|Weavile, L50, M|\n|poke|p2|Dragonite, L50, M|\n|poke|p2|Sylveon, L50, M|\n|poke|p2|Lucario, L50, F|\n|teampreview|4\n|inactive|Battle timer is ON: inactive players will automatically lose when time's up. (requested by tukeydukey)\nNalakihn rejected open team sheets.\n|\n|t:|1681757863\n|start\n|switch|p1a: Flutter Mane|Flutter Mane, L50|100\/100\n|switch|p1b: Seta|Amoonguss, L50, M|100\/100\n|switch|p2a: Lucario|Lucario, L50, F|100\/100\n|switch|p2b: Dragonite|Dragonite, L50, M|100\/100\n|-enditem|p1a: Flutter Mane|Booster Energy\n|-activate|p1a: Flutter Mane|ability: Protosynthesis|[fromitem]\n|-start|p1a: Flutter Mane|protosynthesisspa\n|turn|1\n|inactive|tukeydukey has 30 seconds left.\n|inactive|Nalakihn has 30 seconds left.\n|\n|t:|1681757896\n|-terastallize|p1a: Flutter Mane|Fairy\n|move|p1b: Seta|Rage Powder|p1b: Seta\n|-singleturn|p1b: Seta|move: Rage Powder\n|move|p2a: Lucario|Bullet Punch|p1b: Seta\n|-damage|p1b: Seta|77\/100\n|-damage|p2a: Lucario|90\/100|[from] item: Life Orb\n|move|p1a: Flutter Mane|Dazzling Gleam|p2a: Lucario|[spread] p2a,p2b\n|-supereffective|p2b: Dragonite\n|-damage|p2a: Lucario|12\/100\n|-damage|p2b: Dragonite|12\/100\n|move|p2b: Dragonite|Outrage|p1b: Seta\n|-damage|p1b: Seta|0 fnt\n|faint|p1b: Seta\n|\n|upkeep\n|inactive|tukeydukey has 30 seconds left.\n|inactive|tukeydukey has 20 seconds left.\n|inactive|tukeydukey has 15 seconds left.\n|\n|t:|1681757937\n|switch|p1b: Bellibolt|Bellibolt, L50, F|100\/100\n|turn|2\n|\n|t:|1681757943\n|move|p1a: Flutter Mane|Protect|p1a: Flutter Mane\n|-singleturn|p1a: Flutter Mane|Protect\n|move|p2a: Lucario|Extreme Speed|p1a: Flutter Mane\n|-activate|p1a: Flutter Mane|move: Protect\n|move|p2b: Dragonite|Outrage|p1b: Bellibolt|[from]lockedmove\n|-damage|p1b: Bellibolt|30\/100\n|-start|p1b: Bellibolt|Charge|Outrage|[from] ability: Electromorphosis\n|-start|p2b: Dragonite|confusion|[fatigue]\n|move|p1b: Bellibolt|Parabolic Charge|p2a: Lucario|[spread] p2a,p2b\n|-activate|p1a: Flutter Mane|move: Protect\n|-damage|p2a: Lucario|0 fnt\n|-heal|p1b: Bellibolt|35\/100|[from] drain|[of] p2a: Lucario\n|-damage|p2b: Dragonite|0 fnt\n|-heal|p1b: Bellibolt|40\/100|[from] drain|[of] p2b: Dragonite\n|faint|p2a: Lucario\n|faint|p2b: Dragonite\n|-end|p1b: Bellibolt|Charge|[silent]\n|\n|upkeep\n|\n|t:|1681757959\n|switch|p2a: Gallade|Gallade, L50, M|100\/100\n|switch|p2b: Luxray|Luxray, L50, M|100\/100\n|-ability|p2b: Luxray|Intimidate|boost\n|-unboost|p1a: Flutter Mane|atk|1\n|-unboost|p1b: Bellibolt|atk|1\n|turn|3\n|inactive|Nalakihn has 30 seconds left.\n|\n|t:|1681757986\n|-terastallize|p2a: Gallade|Grass\n|move|p2a: Gallade|Leaf Blade|p1a: Flutter Mane\n|-damage|p1a: Flutter Mane|0 fnt\n|faint|p1a: Flutter Mane\n|-end|p1a: Flutter Mane|Protosynthesis|[silent]\n|move|p2b: Luxray|Play Rough|p1b: Bellibolt\n|-damage|p1b: Bellibolt|20\/100\n|-start|p1b: Bellibolt|Charge|Play Rough|[from] ability: Electromorphosis\n|move|p1b: Bellibolt|Muddy Water|p2b: Luxray|[spread] p2a,p2b\n|-resisted|p2a: Gallade\n|-crit|p2a: Gallade\n|-damage|p2a: Gallade|87\/100\n|-damage|p2b: Luxray|88\/100\n|-unboost|p2b: Luxray|accuracy|1\n|\n|upkeep\n|inactive|tukeydukey has 30 seconds left.\n|\n|t:|1681758016\n|switch|p1a: Ting-Lu|Ting-Lu, L50|100\/100\n|-ability|p1a: Ting-Lu|Vessel of Ruin\n|turn|4\n|inactive|tukeydukey has 30 seconds left.\n|inactive|Nalakihn has 30 seconds left.\n|inactive|tukeydukey has 20 seconds left.\n|\n|t:|1681758052\n|move|p2a: Gallade|Leaf Blade|p1a: Ting-Lu\n|-supereffective|p1a: Ting-Lu\n|-damage|p1a: Ting-Lu|15\/100\n|move|p2b: Luxray|Ice Fang|p1a: Ting-Lu|[miss]\n|-miss|p2b: Luxray|p1a: Ting-Lu\n|move|p1b: Bellibolt|Parabolic Charge|p2a: Gallade|[spread] p2a,p2b\n|-immune|p1a: Ting-Lu\n|-resisted|p2a: Gallade\n|-resisted|p2b: Luxray\n|-damage|p2a: Gallade|71\/100\n|-heal|p1b: Bellibolt|26\/100|[from] drain|[of] p2a: Gallade\n|-damage|p2b: Luxray|79\/100\n|-heal|p1b: Bellibolt|30\/100|[from] drain|[of] p2b: Luxray\n|-end|p1b: Bellibolt|Charge|[silent]\n|move|p1a: Ting-Lu|Throat Chop|p2a: Gallade\n|-damage|p2a: Gallade|6\/100\n|-start|p2a: Gallade|Throat Chop|[silent]\n|\n|upkeep\n|turn|5\n|inactive|Nalakihn has 30 seconds left.\n|\n|t:|1681758077\n|move|p1a: Ting-Lu|Protect|p1a: Ting-Lu\n|-singleturn|p1a: Ting-Lu|Protect\n|move|p2a: Gallade|Leaf Blade|p1b: Bellibolt\n|-crit|p1b: Bellibolt\n|-damage|p1b: Bellibolt|0 fnt\n|faint|p1b: Bellibolt\n|move|p2b: Luxray|Ice Fang|p1a: Ting-Lu\n|-activate|p1a: Ting-Lu|move: Protect\n|\n|-end|p2a: Gallade|Throat Chop|[silent]\n|upkeep\n|turn|6\n|\n|t:|1681758086\n|move|p2a: Gallade|Leaf Blade|p1a: Ting-Lu\n|-supereffective|p1a: Ting-Lu\n|-damage|p1a: Ting-Lu|0 fnt\n|faint|p1a: Ting-Lu\n|\n|win|Nalakihn\n|raw|tukeydukey's rating: 1254 → 1234<\/strong> (-20 for losing)\n|raw|Nalakihn's rating: 1325 → 1341<\/strong> (+16 for winning)\n","uploadtime":1681758092,"views":5,"p1id":"tukeydukey","p2id":"nalakihn","formatid":"gen9vgc2023regulationc","rating":1234,"private":0,"password":""}