{"id":"gen9vgc2023regulationc-1849177305","p1":"KiwiTheAce","p2":"cryptiiiiiiic","format":"[Gen 9] VGC 2023 Regulation C","log":"|j|\u2606KiwiTheAce\n|j|\u2606cryptiiiiiiic\n|t:|1682168799\n|gametype|doubles\n|player|p1|KiwiTheAce|shadowtriad|1213\n|player|p2|cryptiiiiiiic|n|1115\n|teamsize|p1|6\n|teamsize|p2|6\n|gen|9\n|tier|[Gen 9] VGC 2023 Regulation C\n|rated|\n|rule|Species Clause: Limit one of each Pok\u00e9mon\n|rule|Item Clause: Limit one of each item\n|clearpoke\n|poke|p1|Maushold, L50|\n|poke|p1|Annihilape, L50, F|\n|poke|p1|Chi-Yu, L50|\n|poke|p1|Flutter Mane, L50|\n|poke|p1|Iron Bundle, L50|\n|poke|p1|Gothitelle, L50, M|\n|poke|p2|Grimmsnarl, L50, M|\n|poke|p2|Espathra, L50, F|\n|poke|p2|Volcarona, L50, F|\n|poke|p2|Oricorio-Pom-Pom, L50, F|\n|poke|p2|Gastrodon, L50, M|\n|poke|p2|Pelipper, L50, M|\n|teampreview|4\nKiwiTheAce has agreed to open team sheets.\n|\n|t:|1682168828\n|start\n|switch|p1a: orphanage|Maushold, L50|100\/100\n|switch|p1b: Black Dahlia|Annihilape, L50, F|100\/100\n|switch|p2a: Grimmsnarl|Grimmsnarl, L50, M|100\/100\n|switch|p2b: Espathra|Espathra, L50, F|100\/100\n|turn|1\n|\n|t:|1682168853\n|-terastallize|p1b: Black Dahlia|Fire\n|move|p2a: Grimmsnarl|Reflect|p2a: Grimmsnarl\n|-sidestart|p2: cryptiiiiiiic|Reflect\n|move|p2b: Espathra|Hypnosis|p1a: orphanage|[miss]\n|-miss|p2b: Espathra|p1a: orphanage\n|move|p1a: orphanage|Beat Up|p1b: Black Dahlia\n|-damage|p1b: Black Dahlia|99\/100\n|-crit|p1b: Black Dahlia\n|-damage|p1b: Black Dahlia|96\/100\n|-damage|p1b: Black Dahlia|95\/100\n|-damage|p1b: Black Dahlia|94\/100\n|-hitcount|p1b: Black Dahlia|4\n|move|p1b: Black Dahlia|Bulk Up|p1b: Black Dahlia\n|-boost|p1b: Black Dahlia|atk|1\n|-boost|p1b: Black Dahlia|def|1\n|\n|-heal|p1b: Black Dahlia|99\/100|[from] item: Leftovers\n|-ability|p2b: Espathra|Speed Boost|boost\n|-boost|p2b: Espathra|spe|1\n|upkeep\n|turn|2\n|\n|t:|1682168878\n|move|p1a: orphanage|Follow Me|p1a: orphanage\n|-singleturn|p1a: orphanage|move: Follow Me\n|move|p2a: Grimmsnarl|Parting Shot|p1a: orphanage\n|-unboost|p1a: orphanage|atk|1\n|-unboost|p1a: orphanage|spa|1\n|\n|t:|1682168882\n|switch|p2a: Volcarona|Volcarona, L50, F|100\/100|[from] Parting Shot\n|move|p2b: Espathra|Hypnosis|p1a: orphanage\n|-status|p1a: orphanage|slp|[from] move: Hypnosis\n|move|p1b: Black Dahlia|Rage Fist|p2b: Espathra\n|-supereffective|p2b: Espathra\n|-enditem|p2b: Espathra|Focus Sash\n|-damage|p2b: Espathra|1\/100\n|\n|-heal|p1b: Black Dahlia|100\/100|[from] item: Leftovers\n|-ability|p2b: Espathra|Speed Boost|boost\n|-boost|p2b: Espathra|spe|1\n|upkeep\n|turn|3\n|\n|t:|1682168914\n|move|p1b: Black Dahlia|Protect|p1b: Black Dahlia\n|-singleturn|p1b: Black Dahlia|Protect\n|cant|p1a: orphanage|slp\n|move|p2b: Espathra|Skill Swap|p2a: Volcarona\n|-activate|p2b: Espathra|move: Skill Swap|||[of] p2a: Volcarona\n|move|p2a: Volcarona|Quiver Dance|p2a: Volcarona\n|-boost|p2a: Volcarona|spa|1\n|-boost|p2a: Volcarona|spd|1\n|-boost|p2a: Volcarona|spe|1\n|\n|-ability|p2a: Volcarona|Speed Boost|boost\n|-boost|p2a: Volcarona|spe|1\n|upkeep\n|turn|4\n|\n|t:|1682168935\n|switch|p2b: Oricorio|Oricorio-Pom-Pom, L50, F|100\/100\n|cant|p1a: orphanage|slp\n|move|p2a: Volcarona|Fiery Dance|p1b: Black Dahlia\n|-resisted|p1b: Black Dahlia\n|-damage|p1b: Black Dahlia|81\/100\n|-activate|p2b: Oricorio|ability: Dancer\n|move|p2b: Oricorio|Fiery Dance|p1b: Black Dahlia|[from]ability: Dancer\n|-resisted|p1b: Black Dahlia\n|-damage|p1b: Black Dahlia|73\/100\n|-boost|p2b: Oricorio|spa|1\n|-damage|p2b: Oricorio|90\/100|[from] item: Life Orb\n|move|p1b: Black Dahlia|Rage Fist|p2a: Volcarona\n|-damage|p2a: Volcarona|0 fnt\n|faint|p2a: Volcarona\n|\n|-heal|p1b: Black Dahlia|79\/100|[from] item: Leftovers\n|upkeep\n|\n|t:|1682168953\n|switch|p2a: Grimmsnarl|Grimmsnarl, L50, M|100\/100\n|turn|5\n|\n|t:|1682168968\n|-curestatus|p1a: orphanage|slp|[msg]\n|move|p1a: orphanage|Follow Me|p1a: orphanage\n|-singleturn|p1a: orphanage|move: Follow Me\n|move|p2a: Grimmsnarl|Parting Shot|p1a: orphanage\n|-unboost|p1a: orphanage|atk|1\n|-unboost|p1a: orphanage|spa|1\n|\n|t:|1682168975\n|switch|p2a: Espathra|Espathra, L50, F|1\/100|[from] Parting Shot\n|move|p2b: Oricorio|Quiver Dance|p2b: Oricorio\n|-boost|p2b: Oricorio|spa|1\n|-boost|p2b: Oricorio|spd|1\n|-boost|p2b: Oricorio|spe|1\n|move|p1b: Black Dahlia|Rage Fist|p2a: Espathra\n|-supereffective|p2a: Espathra\n|-damage|p2a: Espathra|0 fnt\n|faint|p2a: Espathra\n|\n|-heal|p1b: Black Dahlia|85\/100|[from] item: Leftovers\n|upkeep\n|\n|t:|1682168984\n|switch|p2a: Grimmsnarl|Grimmsnarl, L50, M|100\/100\n|turn|6\n|\n|t:|1682169008\n|-terastallize|p2b: Oricorio|Fighting\n|move|p1a: orphanage|Follow Me|p1a: orphanage\n|-singleturn|p1a: orphanage|move: Follow Me\n|move|p2b: Oricorio|Revelation Dance|p1a: orphanage\n|-supereffective|p1a: orphanage\n|-damage|p1a: orphanage|0 fnt\n|faint|p1a: orphanage\n|-damage|p2b: Oricorio|80\/100|[from] item: Life Orb\n|move|p1b: Black Dahlia|Rage Fist|p2b: Oricorio\n|-crit|p2b: Oricorio\n|-damage|p2b: Oricorio|0 fnt\n|faint|p2b: Oricorio\n|move|p2a: Grimmsnarl|Spirit Break|p1b: Black Dahlia\n|-resisted|p1b: Black Dahlia\n|-damage|p1b: Black Dahlia|76\/100\n|-unboost|p1b: Black Dahlia|spa|1\n|-ability|p1b: Black Dahlia|Defiant|boost\n|-boost|p1b: Black Dahlia|atk|2\n|\n|-heal|p1b: Black Dahlia|82\/100|[from] item: Leftovers\n|upkeep\n|-message|cryptiiiiiiic forfeited.\n|\n|win|KiwiTheAce\n|raw|KiwiTheAce's rating: 1213 → 1231<\/strong> (+18 for winning)\n|raw|cryptiiiiiiic's rating: 1115 → 1097<\/strong> (-18 for losing)\n|l|\u2606cryptiiiiiiic\n","uploadtime":1682169033,"views":8,"p1id":"kiwitheace","p2id":"cryptiiiiiiic","formatid":"gen9vgc2023regulationc","rating":1097,"private":0,"password":""}