{"id":"gen9vgc2023regulationc-1861594637","p1":"MamaMiaKhalifa","p2":"GraysonStav","format":"[Gen 9] VGC 2023 Regulation C","log":"|j|\u2606MamaMiaKhalifa\n|j|\u2606GraysonStav\n|t:|1683778376\n|gametype|doubles\n|player|p1|MamaMiaKhalifa|lance|1024\n|player|p2|GraysonStav|170|1116\n|teamsize|p1|6\n|teamsize|p2|6\n|gen|9\n|tier|[Gen 9] VGC 2023 Regulation C\n|rated|\n|rule|Species Clause: Limit one of each Pok\u00e9mon\n|rule|Item Clause: Limit one of each item\n|clearpoke\n|poke|p1|Wo-Chien, L50|\n|poke|p1|Glimmora, L50, F|\n|poke|p1|Flutter Mane, L50|\n|poke|p1|Gyarados, L50, F|\n|poke|p1|Indeedee-F, L50, F|\n|poke|p1|Armarouge, L50, F|\n|poke|p2|Great Tusk, L50|\n|poke|p2|Talonflame, L50, M|\n|poke|p2|Chi-Yu, L50|\n|poke|p2|Flutter Mane, L50|\n|poke|p2|Dragapult, L50, M|\n|poke|p2|Brute Bonnet, L50|\n|teampreview|4\n|inactive|Battle timer is ON: inactive players will automatically lose when time's up. (requested by GraysonStav)\n|\n|t:|1683778429\n|start\n|switch|p1a: Flutter Mane|Flutter Mane, L50|100\/100\n|switch|p1b: Indeedee|Indeedee-F, L50, F|100\/100\n|switch|p2a: Great Tusk|Great Tusk, L50|100\/100\n|switch|p2b: Talonflame|Talonflame, L50, M|100\/100\n|-fieldstart|move: Psychic Terrain|[from] ability: Psychic Surge|[of] p1b: Indeedee\n|-enditem|p1a: Flutter Mane|Booster Energy\n|-activate|p1a: Flutter Mane|ability: Protosynthesis|[fromitem]\n|-start|p1a: Flutter Mane|protosynthesisspe\n|turn|1\n|\n|t:|1683778447\n|-terastallize|p2a: Great Tusk|Ground\n|move|p2b: Talonflame|Tailwind|p2b: Talonflame\n|-sidestart|p2: GraysonStav|move: Tailwind\n|move|p1a: Flutter Mane|Thunderbolt|p2b: Talonflame\n|-supereffective|p2b: Talonflame\n|-damage|p2b: Talonflame|21\/100\n|move|p2a: Great Tusk|Earthquake|p1b: Indeedee|[spread] p1a,p1b\n|-immune|p2b: Talonflame\n|-damage|p1a: Flutter Mane|0 fnt\n|-damage|p1b: Indeedee|14\/100\n|faint|p1a: Flutter Mane\n|-end|p1a: Flutter Mane|Protosynthesis|[silent]\n|-damage|p2a: Great Tusk|90\/100|[from] item: Life Orb\n|move|p1b: Indeedee|Trick Room|p1b: Indeedee\n|-fieldstart|move: Trick Room|[of] p1b: Indeedee\n|\n|upkeep\n|\n|t:|1683778461\n|switch|p1a: Armarouge|Armarouge, L50, F|100\/100\n|turn|2\n|\n|t:|1683778472\n|move|p1b: Indeedee|Helping Hand|p1a: Armarouge\n|-singleturn|p1a: Armarouge|Helping Hand|[of] p1b: Indeedee\n|move|p2a: Great Tusk|Protect|p2a: Great Tusk\n|-singleturn|p2a: Great Tusk|Protect\n|move|p1a: Armarouge|Expanding Force|p2b: Talonflame|[spread] p2b\n|-activate|p2a: Great Tusk|move: Protect\n|-damage|p2b: Talonflame|0 fnt\n|faint|p2b: Talonflame\n|\n|upkeep\n|\n|t:|1683778485\n|switch|p2b: Dragapult|Dragapult, L50, M, shiny|100\/100\n|turn|3\n|\n|t:|1683778507\n|-terastallize|p1a: Armarouge|Grass\n|move|p1b: Indeedee|Helping Hand|p1a: Armarouge\n|-singleturn|p1a: Armarouge|Helping Hand|[of] p1b: Indeedee\n|move|p1a: Armarouge|Expanding Force|p2a: Great Tusk|[spread] p2a,p2b\n|-damage|p2a: Great Tusk|0 fnt\n|-damage|p2b: Dragapult|0 fnt\n|faint|p2a: Great Tusk\n|-end|p2a: Great Tusk|Protosynthesis|[silent]\n|faint|p2b: Dragapult\n|\n|upkeep\n|\n|t:|1683778518\n|switch|p2a: Chi-Yu|Chi-Yu, L50|100\/100\n|-ability|p2a: Chi-Yu|Beads of Ruin\n|turn|4\n|\n|t:|1683778529\n|move|p1b: Indeedee|Dazzling Gleam|p2a: Chi-Yu\n|-crit|p2a: Chi-Yu\n|-damage|p2a: Chi-Yu|68\/100\n|move|p1a: Armarouge|Energy Ball|p2a: Chi-Yu\n|-resisted|p2a: Chi-Yu\n|-damage|p2a: Chi-Yu|41\/100\n|move|p2a: Chi-Yu|Heat Wave|p1b: Indeedee|[spread] p1b\n|-start|p1a: Armarouge|ability: Flash Fire\n|-damage|p1b: Indeedee|0 fnt\n|faint|p1b: Indeedee\n|\n|-sideend|p2: GraysonStav|move: Tailwind\n|upkeep\n|\n|t:|1683778538\n|switch|p1b: Glimmora|Glimmora, L50, F|100\/100\n|turn|5\n|\n|t:|1683778544\n|move|p1a: Armarouge|Energy Ball|p2a: Chi-Yu\n|-resisted|p2a: Chi-Yu\n|-damage|p2a: Chi-Yu|14\/100\n|move|p1b: Glimmora|Power Gem|p2a: Chi-Yu\n|-supereffective|p2a: Chi-Yu\n|-damage|p2a: Chi-Yu|0 fnt\n|faint|p2a: Chi-Yu\n|\n|win|MamaMiaKhalifa\n|raw|MamaMiaKhalifa's rating: 1024 → 1070<\/strong> (+46 for winning)\n|raw|GraysonStav's rating: 1116 → 1085<\/strong> (-31 for losing)\n|c|\u2606GraysonStav|gg\n|l|\u2606GraysonStav\n","uploadtime":1683778668,"views":17,"p1id":"mamamiakhalifa","p2id":"graysonstav","formatid":"gen9vgc2023regulationc","rating":1070,"private":0,"password":""}