{"id":"gen9vgc2023regulationc-1864163063","p1":"LetHimSleep","p2":"M175128050523","format":"[Gen 9] VGC 2023 Regulation C","log":"|j|\u2606LetHimSleep\n|j|\u2606M175128050523\n|t:|1684127820\n|gametype|doubles\n|player|p1|LetHimSleep|ninjaboy|1151\n|player|p2|M175128050523|silver|1116\n|teamsize|p1|6\n|teamsize|p2|6\n|gen|9\n|tier|[Gen 9] VGC 2023 Regulation C\n|rated|\n|rule|Species Clause: Limit one of each Pok\u00e9mon\n|rule|Item Clause: Limit one of each item\n|clearpoke\n|poke|p1|Jumpluff, L50, F|\n|poke|p1|Kingambit, L50, M|\n|poke|p1|Torkoal, L50, M|\n|poke|p1|Braviary, L50, M|\n|poke|p1|Roaring Moon, L50|\n|poke|p1|Gholdengo, L50|\n|poke|p2|Orthworm, L50, M|\n|poke|p2|Iron Hands, L50|\n|poke|p2|Flutter Mane, L50|\n|poke|p2|Gholdengo, L50|\n|poke|p2|Gyarados, L50, M|\n|poke|p2|Ting-Lu, L50|\n|teampreview|4\nM175128050523 has agreed to open team sheets.\n|inactive|Battle timer is ON: inactive players will automatically lose when time's up. (requested by LetHimSleep)\n|inactive|M175128050523 has 60 seconds left.\n|\n|t:|1684127874\n|start\n|switch|p1a: Jumpluff|Jumpluff, L50, F|100\/100\n|switch|p1b: Torkoal|Torkoal, L50, M|100\/100\n|switch|p2a: Iron Hands|Iron Hands, L50|100\/100\n|switch|p2b: Orthworm|Orthworm, L50, M|100\/100\n|-weather|SunnyDay|[from] ability: Drought|[of] p1b: Torkoal\n|turn|1\n|\n|t:|1684127899\n|-terastallize|p2b: Orthworm|Water\n|move|p2a: Iron Hands|Fake Out|p1a: Jumpluff\n|-damage|p1a: Jumpluff|84\/100\n|move|p1a: Jumpluff|Tailwind|p1a: Jumpluff\n|-sidestart|p1: LetHimSleep|move: Tailwind\n|move|p1b: Torkoal|Overheat|p2b: Orthworm\n|-resisted|p2b: Orthworm\n|-damage|p2b: Orthworm|58\/100\n|-unboost|p1b: Torkoal|spa|2\n|-enditem|p1b: Torkoal|Eject Pack\n|\n|t:|1684127911\n|switch|p1b: Gholdengo|Gholdengo, L50|100\/100\n|move|p2b: Orthworm|Shed Tail|p2b: Orthworm\n|-start|p2b: Orthworm|Substitute|[from] move: Shed Tail\n|-damage|p2b: Orthworm|8\/100\n|-enditem|p2b: Orthworm|Sitrus Berry|[eat]\n|-heal|p2b: Orthworm|33\/100|[from] item: Sitrus Berry\n|\n|t:|1684127921\n|switch|p2b: Ting-Lu|Ting-Lu, L50|100\/100|[from] Shed Tail\n|-ability|p2b: Ting-Lu|Vessel of Ruin\n|\n|-weather|SunnyDay|[upkeep]\n|upkeep\n|turn|2\n|inactive|M175128050523 has 30 seconds left.\n|\n|t:|1684127954\n|move|p1a: Jumpluff|Leaf Storm|p2b: Ting-Lu\n|-supereffective|p2b: Ting-Lu\n|-end|p2b: Ting-Lu|Substitute\n|-unboost|p1a: Jumpluff|spa|2\n|move|p1b: Gholdengo|Psychic|p2a: Iron Hands\n|-supereffective|p2a: Iron Hands\n|-damage|p2a: Iron Hands|63\/100\n|-damage|p1b: Gholdengo|91\/100|[from] item: Life Orb\n|move|p2a: Iron Hands|Volt Switch|p1b: Gholdengo\n|-damage|p1b: Gholdengo|81\/100\n|\n|t:|1684127965\n|-end|p2a: Iron Hands|Quark Drive|[silent]\n|switch|p2a: Orthworm|Orthworm, L50, M, tera:Water|33\/100|[from] Volt Switch\n|move|p2b: Ting-Lu|Earthquake|p1b: Gholdengo|[spread] p1b\n|-heal|p2a: Orthworm|58\/100|[from] ability: Earth Eater|[of] p2b: Ting-Lu\n|-immune|p1a: Jumpluff\n|-supereffective|p1b: Gholdengo\n|-damage|p1b: Gholdengo|29\/100\n|\n|-weather|SunnyDay|[upkeep]\n|upkeep\n|turn|3\n|inactive|LetHimSleep has 30 seconds left.\n|\n|t:|1684127992\n|move|p1a: Jumpluff|Sleep Powder|p2b: Ting-Lu|[miss]\n|-miss|p1a: Jumpluff|p2b: Ting-Lu\n|move|p1b: Gholdengo|Thunderbolt|p2a: Orthworm\n|-supereffective|p2a: Orthworm\n|-damage|p2a: Orthworm|0 fnt\n|faint|p2a: Orthworm\n|-damage|p1b: Gholdengo|20\/100|[from] item: Life Orb\n|move|p2b: Ting-Lu|Earthquake|p1b: Gholdengo|[spread] p1b\n|-immune|p1a: Jumpluff\n|-supereffective|p1b: Gholdengo\n|-damage|p1b: Gholdengo|0 fnt\n|faint|p1b: Gholdengo\n|\n|-weather|SunnyDay|[upkeep]\n|upkeep\n|\n|t:|1684128010\n|switch|p1b: Torkoal|Torkoal, L50, M|100\/100\n|switch|p2a: Iron Hands|Iron Hands, L50|63\/100\n|turn|4\n|\n|t:|1684128030\n|move|p2b: Ting-Lu|Protect|p2b: Ting-Lu\n|-singleturn|p2b: Ting-Lu|Protect\n|move|p2a: Iron Hands|Fake Out|p1b: Torkoal\n|-damage|p1b: Torkoal|87\/100\n|move|p1a: Jumpluff|Sleep Powder|p2b: Ting-Lu\n|-activate|p2b: Ting-Lu|move: Protect\n|cant|p1b: Torkoal|flinch\n|\n|-weather|SunnyDay|[upkeep]\n|-sideend|p1: LetHimSleep|move: Tailwind\n|upkeep\n|turn|5\n|\n|t:|1684128054\n|switch|p2b: Gyarados|Gyarados, L50, M|100\/100\n|-ability|p2b: Gyarados|Intimidate|boost\n|-unboost|p1a: Jumpluff|atk|1\n|-unboost|p1b: Torkoal|atk|1\n|move|p1a: Jumpluff|Sleep Powder|p2b: Gyarados\n|-status|p2b: Gyarados|slp|[from] move: Sleep Powder\n|-enditem|p2b: Gyarados|Lum Berry|[eat]\n|-curestatus|p2b: Gyarados|slp|[msg]\n|move|p1b: Torkoal|Overheat|p2a: Iron Hands|[miss]\n|-miss|p1b: Torkoal|p2a: Iron Hands\n|move|p2a: Iron Hands|Volt Switch|p1b: Torkoal\n|-damage|p1b: Torkoal|66\/100\n|\n|t:|1684128069\n|-end|p2a: Iron Hands|Quark Drive|[silent]\n|switch|p2a: Ting-Lu|Ting-Lu, L50|100\/100|[from] Volt Switch\n|-ability|p2a: Ting-Lu|Vessel of Ruin\n|\n|-weather|none\n|upkeep\n|turn|6\n|c|\u2606LetHimSleep|i love pokemon\n|c|\u2606LetHimSleep|i actually didnt want to hit any of my moves\n|inactive|LetHimSleep has 30 seconds left.\n|inactive|LetHimSleep has 20 seconds left.\n|inactive|LetHimSleep has 15 seconds left.\n|\n|t:|1684128113\n|switch|p1b: Kingambit|Kingambit, L50, M|100\/100\n|move|p1a: Jumpluff|Sleep Powder|p2a: Ting-Lu|[miss]\n|-miss|p1a: Jumpluff|p2a: Ting-Lu\n|move|p2b: Gyarados|Waterfall|p1a: Jumpluff\n|-resisted|p1a: Jumpluff\n|-damage|p1a: Jumpluff|61\/100\n|move|p2a: Ting-Lu|Throat Chop|p1a: Jumpluff\n|-damage|p1a: Jumpluff|31\/100\n|\n|upkeep\n|turn|7\n|c|\u2606LetHimSleep|wow\n|c|\u2606LetHimSleep|you arent bright powder right?\n|\n|t:|1684128134\n|-terastallize|p1b: Kingambit|Dark\n|move|p2a: Ting-Lu|Protect|p2a: Ting-Lu\n|-singleturn|p2a: Ting-Lu|Protect\n|move|p1a: Jumpluff|Tailwind|p1a: Jumpluff\n|-sidestart|p1: LetHimSleep|move: Tailwind\n|move|p1b: Kingambit|Kowtow Cleave|p2b: Gyarados\n|-crit|p2b: Gyarados\n|-damage|p2b: Gyarados|0 fnt\n|faint|p2b: Gyarados\n|\n|upkeep\n|\n|t:|1684128147\n|switch|p2b: Iron Hands|Iron Hands, L50|63\/100\n|turn|8\n|\n|t:|1684128165\n|move|p1b: Kingambit|Protect|p1b: Kingambit\n|-singleturn|p1b: Kingambit|Protect\n|move|p2b: Iron Hands|Fake Out|p1b: Kingambit\n|-activate|p1b: Kingambit|move: Protect\n|move|p1a: Jumpluff|Sleep Powder|p2b: Iron Hands\n|-status|p2b: Iron Hands|slp|[from] move: Sleep Powder\n|move|p2a: Ting-Lu|Throat Chop|p1a: Jumpluff\n|-damage|p1a: Jumpluff|0 fnt\n|faint|p1a: Jumpluff\n|\n|upkeep\n|\n|t:|1684128174\n|switch|p1a: Torkoal|Torkoal, L50, M|66\/100\n|-weather|SunnyDay|[from] ability: Drought|[of] p1a: Torkoal\n|turn|9\n|\n|t:|1684128187\n|move|p1b: Kingambit|Kowtow Cleave|p2b: Iron Hands\n|-resisted|p2b: Iron Hands\n|-damage|p2b: Iron Hands|40\/100 slp\n|move|p1a: Torkoal|Yawn|p2a: Ting-Lu\n|-start|p2a: Ting-Lu|move: Yawn|[of] p1a: Torkoal\n|cant|p2b: Iron Hands|slp\n|move|p2a: Ting-Lu|Earthquake|p1a: Torkoal|[spread] p2b,p1a,p1b\n|-supereffective|p2b: Iron Hands\n|-supereffective|p1a: Torkoal\n|-damage|p2b: Iron Hands|5\/100 slp\n|-damage|p1a: Torkoal|15\/100\n|-damage|p1b: Kingambit|78\/100\n|\n|-weather|SunnyDay|[upkeep]\n|upkeep\n|turn|10\n|\n|t:|1684128205\n|move|p1b: Kingambit|Iron Head|p2a: Ting-Lu\n|-damage|p2a: Ting-Lu|76\/100\n|move|p1a: Torkoal|Solar Beam||[still]\n|-prepare|p1a: Torkoal|Solar Beam\n|-anim|p1a: Torkoal|Solar Beam|p2b: Iron Hands\n|-damage|p2b: Iron Hands|0 fnt\n|faint|p2b: Iron Hands\n|-end|p2b: Iron Hands|Quark Drive|[silent]\n|move|p2a: Ting-Lu|Earthquake|p1a: Torkoal|[spread] p1a,p1b\n|-supereffective|p1a: Torkoal\n|-damage|p1a: Torkoal|0 fnt\n|-damage|p1b: Kingambit|55\/100\n|faint|p1a: Torkoal\n|\n|-weather|SunnyDay|[upkeep]\n|-end|p2a: Ting-Lu|move: Yawn|[silent]\n|-status|p2a: Ting-Lu|slp\n|-sideend|p1: LetHimSleep|move: Tailwind\n|upkeep\n|turn|11\n|\n|t:|1684128223\n|cant|p2a: Ting-Lu|slp\n|move|p1b: Kingambit|Iron Head|p2a: Ting-Lu\n|-damage|p2a: Ting-Lu|47\/100 slp\n|\n|-weather|SunnyDay|[upkeep]\n|upkeep\n|turn|12\n|\n|t:|1684128231\n|move|p1b: Kingambit|Iron Head|p2a: Ting-Lu\n|-damage|p2a: Ting-Lu|23\/100 slp\n|-enditem|p2a: Ting-Lu|Aguav Berry|[eat]\n|-heal|p2a: Ting-Lu|56\/100 slp|[from] item: Aguav Berry\n|-curestatus|p2a: Ting-Lu|slp|[msg]\n|cant|p2a: Ting-Lu|flinch\n|\n|-weather|SunnyDay|[upkeep]\n|upkeep\n|turn|13\n|\n|t:|1684128243\n|move|p1b: Kingambit|Iron Head|p2a: Ting-Lu\n|-damage|p2a: Ting-Lu|28\/100\n|move|p2a: Ting-Lu|Earthquake|p1b: Kingambit\n|-damage|p1b: Kingambit|22\/100\n|\n|-weather|none\n|upkeep\n|turn|14\n|\n|t:|1684128253\n|move|p1b: Kingambit|Iron Head|p2a: Ting-Lu\n|-damage|p2a: Ting-Lu|1\/100\n|cant|p2a: Ting-Lu|flinch\n|\n|upkeep\n|turn|15\n|\n|t:|1684128260\n|move|p1b: Kingambit|Iron Head|p2a: Ting-Lu\n|-damage|p2a: Ting-Lu|0 fnt\n|faint|p2a: Ting-Lu\n|\n|win|LetHimSleep\n|raw|LetHimSleep's rating: 1151 → 1173<\/strong> (+22 for winning)\n|raw|M175128050523's rating: 1116 → 1094<\/strong> (-22 for losing)\n|c|\u2606LetHimSleep|you still lost\n|c|\u2606LetHimSleep|thats crazy\n|c|\u2606M175128050523|Gg\n|l|\u2606LetHimSleep\n","uploadtime":1684128267,"views":7,"p1id":"lethimsleep","p2id":"m175128050523","formatid":"gen9vgc2023regulationc","rating":1094,"private":0,"password":""}