{"id":"gen9vgc2023regulationc-1859297919","p1":"ted31625","p2":"haha you rage quit","format":"[Gen 9] VGC 2023 Regulation C","log":"|j|\u2606ted31625\n|j|\u2606haha you rage quit\n|t:|1683430477\n|gametype|doubles\n|player|p1|ted31625|1|1329\n|player|p2|haha you rage quit|pokemaniac|1362\n|teamsize|p1|6\n|teamsize|p2|6\n|gen|9\n|tier|[Gen 9] VGC 2023 Regulation C\n|rated|\n|rule|Species Clause: Limit one of each Pok\u00e9mon\n|rule|Item Clause: Limit one of each item\n|clearpoke\n|poke|p1|Palafin, L50, M|\n|poke|p1|Amoonguss, L50, M|\n|poke|p1|Arcanine, L50, F|\n|poke|p1|Ting-Lu, L50|\n|poke|p1|Flutter Mane, L50|\n|poke|p1|Baxcalibur, L50, F|\n|poke|p2|Pikachu, L50, M|\n|poke|p2|Donphan, L50, M|\n|poke|p2|Mismagius, L50, M|\n|poke|p2|Fletchinder, L50, M|\n|poke|p2|Dondozo, L50, M|\n|poke|p2|Torkoal, L50, M|\n|teampreview|4\n|inactive|Battle timer is ON: inactive players will automatically lose when time's up. (requested by ted31625)\n|\n|t:|1683430516\n|start\n|switch|p1a: Flutter Mane|Flutter Mane, L50|100\/100\n|switch|p1b: Palafin|Palafin, L50, M|100\/100\n|switch|p2a: Donphan|Donphan, L50, M|100\/100\n|switch|p2b: Fletchinder|Fletchinder, L50, M|100\/100\n|-enditem|p1a: Flutter Mane|Booster Energy\n|-activate|p1a: Flutter Mane|ability: Protosynthesis|[fromitem]\n|-start|p1a: Flutter Mane|protosynthesisspe\n|turn|1\n|inactive|haha you rage quit has 30 seconds left.\n|\n|t:|1683430545\n|-terastallize|p1a: Flutter Mane|Fairy\n|move|p2b: Fletchinder|Protect|p2b: Fletchinder\n|-singleturn|p2b: Fletchinder|Protect\n|move|p1b: Palafin|Jet Punch|p2b: Fletchinder\n|-activate|p2b: Fletchinder|move: Protect\n|move|p1a: Flutter Mane|Dazzling Gleam|p2a: Donphan|[spread] p2a\n|-activate|p2b: Fletchinder|move: Protect\n|-damage|p2a: Donphan|32\/100\n|move|p2a: Donphan|High Horsepower|p1a: Flutter Mane\n|-crit|p1a: Flutter Mane\n|-damage|p1a: Flutter Mane|0 fnt\n|faint|p1a: Flutter Mane\n|-end|p1a: Flutter Mane|Protosynthesis|[silent]\n|\n|upkeep\n|\n|t:|1683430550\n|switch|p1a: Arcanine|Arcanine, L50, F|100\/100\n|-ability|p1a: Arcanine|Intimidate|boost\n|-fail|p2a: Donphan|unboost|[from] item: Clear Amulet|[of] p2a: Donphan\n|-unboost|p2b: Fletchinder|atk|1\n|turn|2\n|\n|t:|1683430574\n|detailschange|p1b: Palafin|Palafin-Hero, L50, M\n|switch|p1b: Amoonguss|Amoonguss, L50, M|100\/100\n|-terastallize|p2b: Fletchinder|Ghost\n|move|p1a: Arcanine|Extreme Speed|p2b: Fletchinder\n|-immune|p2b: Fletchinder\n|move|p2b: Fletchinder|Tailwind|p2b: Fletchinder\n|-sidestart|p2: haha you rage quit|move: Tailwind\n|move|p2a: Donphan|High Horsepower|p1a: Arcanine\n|-supereffective|p1a: Arcanine\n|-damage|p1a: Arcanine|3\/100\n|\n|upkeep\n|turn|3\n|inactive|haha you rage quit has 30 seconds left.\n|\n|t:|1683430600\n|move|p2b: Fletchinder|Taunt|p1b: Amoonguss\n|-start|p1b: Amoonguss|move: Taunt\n|move|p2a: Donphan|High Horsepower|p1a: Arcanine\n|-supereffective|p1a: Arcanine\n|-damage|p1a: Arcanine|0 fnt\n|faint|p1a: Arcanine\n|cant|p1b: Amoonguss|move: Taunt|Spore\n|\n|upkeep\n|\n|t:|1683430604\n|switch|p1a: Palafin|Palafin-Hero, L50, M|100\/100\n|-activate|p1a: Palafin|ability: Zero to Hero\n|turn|4\n|\n|t:|1683430626\n|move|p2b: Fletchinder|Brave Bird|p1b: Amoonguss\n|-supereffective|p1b: Amoonguss\n|-damage|p1b: Amoonguss|42\/100\n|-enditem|p1b: Amoonguss|Sitrus Berry|[eat]\n|-heal|p1b: Amoonguss|67\/100|[from] item: Sitrus Berry\n|-damage|p2b: Fletchinder|76\/100|[from] Recoil\n|move|p2a: Donphan|Ice Spinner|p1b: Amoonguss\n|-supereffective|p1b: Amoonguss\n|-damage|p1b: Amoonguss|26\/100\n|move|p1a: Palafin|Wave Crash|p2b: Fletchinder\n|-damage|p2b: Fletchinder|0 fnt\n|faint|p2b: Fletchinder\n|-damage|p1a: Palafin|80\/100|[from] Recoil\n|move|p1b: Amoonguss|Pollen Puff|p1a: Palafin\n|-heal|p1a: Palafin|100\/100\n|\n|upkeep\n|\n|t:|1683430642\n|switch|p2b: Torkoal|Torkoal, L50, M|100\/100\n|turn|5\n|\n|t:|1683430652\n|move|p1a: Palafin|Jet Punch|p2a: Donphan\n|-supereffective|p2a: Donphan\n|-damage|p2a: Donphan|0 fnt\n|faint|p2a: Donphan\n|move|p2b: Torkoal|Solar Beam||[still]\n|-prepare|p2b: Torkoal|Solar Beam\n|move|p1b: Amoonguss|Pollen Puff|p1a: Palafin\n|-immune|p1a: Palafin\n|\n|-end|p1b: Amoonguss|move: Taunt\n|-sideend|p2: haha you rage quit|move: Tailwind\n|upkeep\n|\n|t:|1683430660\n|switch|p2a: Mismagius|Mismagius, L50, M|100\/100\n|turn|6\n|\n|t:|1683430667\n|move|p2a: Mismagius|Protect|p2a: Mismagius\n|-singleturn|p2a: Mismagius|Protect\n|move|p1a: Palafin|Wave Crash|p2a: Mismagius\n|-activate|p2a: Mismagius|move: Protect\n|move|p2b: Torkoal|Solar Beam|p1a: Palafin|[from]lockedmove\n|-supereffective|p1a: Palafin\n|-damage|p1a: Palafin|35\/100\n|move|p1b: Amoonguss|Spore|p2b: Torkoal\n|-status|p2b: Torkoal|slp|[from] move: Spore\n|\n|upkeep\n|turn|7\n|\n|t:|1683430695\n|move|p2a: Mismagius|Energy Ball|p1a: Palafin\n|-supereffective|p1a: Palafin\n|-damage|p1a: Palafin|0 fnt\n|faint|p1a: Palafin\n|-damage|p2a: Mismagius|91\/100|[from] item: Life Orb\n|cant|p2b: Torkoal|slp\n|move|p1b: Amoonguss|Pollen Puff|p1: Palafin|[notarget]\n|-fail|p1b: Amoonguss\n|\n|upkeep\n|turn|8\n|-message|ted31625 forfeited.\n|\n|win|haha you rage quit\n|raw|ted31625's rating: 1329 → 1311<\/strong> (-18 for losing)\n|raw|haha you rage quit's rating: 1362 → 1380<\/strong> (+18 for winning)\n|l|\u2606ted31625\n","uploadtime":1683430706,"views":13,"p1id":"ted31625","p2id":"hahayouragequit","formatid":"gen9vgc2023regulationc","rating":1311,"private":0,"password":""}