{"id":"gen9vgc2023regulationc-1847370827","p1":"A_Wild_Ymir","p2":"Sprye0216","format":"[Gen 9] VGC 2023 Regulation C","log":"|j|\u2606A_Wild_Ymir\n|j|\u2606Sprye0216\n|t:|1681943541\n|gametype|doubles\n|player|p1|A_Wild_Ymir|pokemonbreeder-gen4|1123\n|player|p2|Sprye0216|2|1178\n|teamsize|p1|6\n|teamsize|p2|6\n|gen|9\n|tier|[Gen 9] VGC 2023 Regulation C\n|rated|\n|rule|Species Clause: Limit one of each Pok\u00e9mon\n|rule|Item Clause: Limit one of each item\n|clearpoke\n|poke|p1|Murkrow, L50, F|\n|poke|p1|Flutter Mane, L50|\n|poke|p1|Chi-Yu, L50|\n|poke|p1|Dragonite, L50, F|\n|poke|p1|Gyarados, L50, M|\n|poke|p1|Gallade, L50, M|\n|poke|p2|Talonflame, L50, F|\n|poke|p2|Garchomp, L50, M|\n|poke|p2|Gholdengo, L50|\n|poke|p2|Palafin, L50, M|\n|poke|p2|Amoonguss, L50, M|\n|poke|p2|Ting-Lu, L50|\n|teampreview|4\n|inactive|Battle timer is ON: inactive players will automatically lose when time's up. (requested by A_Wild_Ymir)\nSprye0216 has agreed to open team sheets.\n|\n|t:|1681943568\n|start\n|switch|p1a: Murkrow|Murkrow, L50, F|100\/100\n|switch|p1b: Gallade|Gallade, L50, M|100\/100\n|switch|p2a: Talonflame|Talonflame, L50, F|100\/100\n|switch|p2b: Garchomp|Garchomp, L50, M|100\/100\n|turn|1\n|inactive|A_Wild_Ymir has 30 seconds left.\n|inactive|A_Wild_Ymir has 20 seconds left.\n|\n|t:|1681943604\n|-terastallize|p2b: Garchomp|Fire\n|move|p2a: Talonflame|Tailwind|p2a: Talonflame\n|-sidestart|p2: Sprye0216|move: Tailwind\n|move|p1a: Murkrow|Tailwind|p1a: Murkrow\n|-sidestart|p1: A_Wild_Ymir|move: Tailwind\n|move|p2b: Garchomp|Rock Slide|p1b: Gallade|[spread] p1a,p1b\n|-supereffective|p1a: Murkrow\n|-resisted|p1b: Gallade\n|-damage|p1a: Murkrow|42\/100\n|-damage|p1b: Gallade|82\/100\n|-enditem|p1a: Murkrow|Eject Button\n|\n|t:|1681943617\n|switch|p1a: Dragonite|Dragonite, L50, F|100\/100\n|move|p1b: Gallade|Leaf Blade|p2b: Garchomp\n|-resisted|p2b: Garchomp\n|-damage|p2b: Garchomp|76\/100\n|-damage|p1b: Gallade|69\/100|[from] ability: Rough Skin|[of] p2b: Garchomp\n|\n|upkeep\n|turn|2\n|\n|t:|1681943634\n|-terastallize|p1a: Dragonite|Normal\n|move|p1a: Dragonite|Extreme Speed|p2a: Talonflame\n|-damage|p2a: Talonflame|12\/100\n|move|p2a: Talonflame|Will-O-Wisp|p1a: Dragonite|[miss]\n|-miss|p2a: Talonflame|p1a: Dragonite\n|move|p2b: Garchomp|Rock Slide|p1b: Gallade|[spread] p1a,p1b\n|-resisted|p1b: Gallade\n|-damage|p1a: Dragonite|77\/100\n|-damage|p1b: Gallade|50\/100\n|cant|p1b: Gallade|flinch\n|\n|upkeep\n|turn|3\n|\n|t:|1681943651\n|move|p1a: Dragonite|Extreme Speed|p2a: Talonflame\n|-damage|p2a: Talonflame|0 fnt\n|faint|p2a: Talonflame\n|move|p2b: Garchomp|Earthquake|p1a: Dragonite|[spread] p1a,p1b\n|-damage|p1a: Dragonite|33\/100\n|-damage|p1b: Gallade|0 fnt\n|faint|p1b: Gallade\n|\n|upkeep\n|\n|t:|1681943662\n|switch|p2a: Ting-Lu|Ting-Lu, L50|100\/100\n|switch|p1b: Murkrow|Murkrow, L50, F|42\/100\n|-ability|p2a: Ting-Lu|Vessel of Ruin\n|turn|4\n|inactive|A_Wild_Ymir has 30 seconds left.\n|\n|t:|1681943689\n|move|p1a: Dragonite|Extreme Speed|p2b: Garchomp\n|-damage|p2b: Garchomp|7\/100\n|-damage|p1a: Dragonite|21\/100|[from] ability: Rough Skin|[of] p2b: Garchomp\n|move|p1b: Murkrow|Quash|p2b: Garchomp\n|-activate|p2b: Garchomp|move: Quash\n|move|p2a: Ting-Lu|Stomping Tantrum|p1a: Dragonite\n|-damage|p1a: Dragonite|0 fnt\n|faint|p1a: Dragonite\n|move|p2b: Garchomp|Rock Slide|p1b: Murkrow\n|-supereffective|p1b: Murkrow\n|-damage|p1b: Murkrow|0 fnt\n|faint|p1b: Murkrow\n|\n|-sideend|p1: A_Wild_Ymir|move: Tailwind\n|-sideend|p2: Sprye0216|move: Tailwind\n|upkeep\n|\n|t:|1681943693\n|switch|p1b: Flutter Mane|Flutter Mane, L50|100\/100\n|-enditem|p1b: Flutter Mane|Booster Energy\n|-activate|p1b: Flutter Mane|ability: Protosynthesis|[fromitem]\n|-start|p1b: Flutter Mane|protosynthesisspe\n|turn|5\n|\n|t:|1681943710\n|move|p1b: Flutter Mane|Dazzling Gleam|p2b: Garchomp|[spread] p2a,p2b\n|-supereffective|p2a: Ting-Lu\n|-resisted|p2b: Garchomp\n|-damage|p2a: Ting-Lu|81\/100\n|-damage|p2b: Garchomp|0 fnt\n|faint|p2b: Garchomp\n|move|p2a: Ting-Lu|Heavy Slam|p1b: Flutter Mane\n|-supereffective|p1b: Flutter Mane\n|-damage|p1b: Flutter Mane|0 fnt\n|faint|p1b: Flutter Mane\n|-end|p1b: Flutter Mane|Protosynthesis|[silent]\n|\n|win|Sprye0216\n|raw|A_Wild_Ymir's rating: 1123 → 1102<\/strong> (-21 for losing)\n|raw|Sprye0216's rating: 1178 → 1199<\/strong> (+21 for winning)\n|l|\u2606A_Wild_Ymir\n","uploadtime":1681943720,"views":8,"p1id":"awildymir","p2id":"sprye0216","formatid":"gen9vgc2023regulationc","rating":1102,"private":0,"password":""}