{"id":"gen9vgc2023regulationc-1852091914","p1":"Fetus Karate","p2":"penghong","format":"[Gen 9] VGC 2023 Regulation C","log":"|j|\u2606Fetus Karate\n|j|\u2606penghong\n|t:|1682523452\n|gametype|doubles\n|player|p1|Fetus Karate|hilda|1238\n|player|p2|penghong|169|1215\n|teamsize|p1|6\n|teamsize|p2|6\n|gen|9\n|tier|[Gen 9] VGC 2023 Regulation C\n|rated|\n|rule|Species Clause: Limit one of each Pok\u00e9mon\n|rule|Item Clause: Limit one of each item\n|clearpoke\n|poke|p1|Tinkaton, L50, F|\n|poke|p1|Gyarados, L50, M|\n|poke|p1|Flutter Mane, L50|\n|poke|p1|Garchomp, L50, M|\n|poke|p1|Talonflame, L50, M|\n|poke|p1|Chien-Pao, L50|\n|poke|p2|Arcanine, L50, M|\n|poke|p2|Corviknight, L50, F|\n|poke|p2|Flutter Mane, L50|\n|poke|p2|Palafin, L50, F|\n|poke|p2|Amoonguss, L50, M|\n|poke|p2|Ting-Lu, L50|\n|teampreview|4\n|inactive|Battle timer is ON: inactive players will automatically lose when time's up. (requested by penghong)\npenghong has agreed to open team sheets.\nFetus Karate has agreed to open team sheets.\n|inactive|Fetus Karate has 60 seconds left.\n|inactive|penghong has 60 seconds left.\n|inactive|Fetus Karate has 30 seconds left.\n|\n|t:|1682523521\n|start\n|switch|p1a: Talonflame|Talonflame, L50, M|100\/100\n|switch|p1b: Garchomp|Garchomp, L50, M|100\/100\n|switch|p2a: Palafin|Palafin, L50, F|100\/100\n|switch|p2b: Flutter Mane|Flutter Mane, L50|100\/100\n|turn|1\n|inactive|penghong has 30 seconds left.\n|\n|t:|1682523547\n|switch|p1b: Gyarados|Gyarados, L50, M|100\/100\n|-ability|p1b: Gyarados|Intimidate|boost\n|-unboost|p2a: Palafin|atk|1\n|-unboost|p2b: Flutter Mane|atk|1\n|detailschange|p2a: Palafin|Palafin-Hero, L50, F\n|switch|p2a: Corviknight|Corviknight, L50, F, shiny|100\/100\n|move|p1a: Talonflame|Tailwind|p1a: Talonflame\n|-sidestart|p1: Fetus Karate|move: Tailwind\n|move|p2b: Flutter Mane|Shadow Ball|p1a: Talonflame\n|-damage|p1a: Talonflame|10\/100\n|-damage|p2b: Flutter Mane|91\/100|[from] item: Life Orb\n|\n|upkeep\n|turn|2\n|inactive|penghong has 30 seconds left.\n|inactive|penghong has 20 seconds left.\n|inactive|penghong has 15 seconds left.\n|inactive|penghong has 10 seconds left.\n|inactive|penghong has 5 seconds left.\n|\n|t:|1682523602\n|switch|p2a: Arcanine|Arcanine, L50, M, shiny|100\/100\n|-ability|p2a: Arcanine|Intimidate|boost\n|-unboost|p1a: Talonflame|atk|1\n|-unboost|p1b: Gyarados|atk|1\n|move|p1a: Talonflame|Will-O-Wisp|p2a: Arcanine\n|-immune|p2a: Arcanine\n|move|p1b: Gyarados|Taunt|p2a: Arcanine\n|-start|p2a: Arcanine|move: Taunt\n|move|p2b: Flutter Mane|Dazzling Gleam|p1b: Gyarados|[spread] p1a,p1b\n|-resisted|p1a: Talonflame\n|-damage|p1a: Talonflame|0 fnt\n|-damage|p1b: Gyarados|75\/100\n|faint|p1a: Talonflame\n|-damage|p2b: Flutter Mane|81\/100|[from] item: Life Orb\n|\n|upkeep\n|\n|t:|1682523613\n|switch|p1a: Flutter Mane|Flutter Mane, L50|100\/100\n|-enditem|p1a: Flutter Mane|Booster Energy\n|-activate|p1a: Flutter Mane|ability: Protosynthesis|[fromitem]\n|-start|p1a: Flutter Mane|protosynthesisspa\n|turn|3\n|inactive|penghong has 30 seconds left.\n|l|\u2606Fetus Karate\n|inactive|Fetus Karate disconnected and has a minute to reconnect!\n|player|p1|\n|inactive|penghong has 20 seconds left.\n|inactive|penghong has 15 seconds left.\n|inactive|penghong has 10 seconds left.\n|inactive|penghong has 5 seconds left.\n|\n|t:|1682523664\n|switch|p2a: Palafin|Palafin-Hero, L50, F|100\/100\n|-activate|p2a: Palafin|ability: Zero to Hero\n|-terastallize|p2b: Flutter Mane|Water\n|move|p1a: Flutter Mane|Shadow Ball|p2a: Palafin\n|-damage|p2a: Palafin|48\/100\n|move|p1b: Gyarados|Iron Head|p2b: Flutter Mane\n|-resisted|p2b: Flutter Mane\n|-crit|p2b: Flutter Mane\n|-damage|p2b: Flutter Mane|57\/100\n|move|p2b: Flutter Mane|Shadow Ball|p1a: Flutter Mane\n|-supereffective|p1a: Flutter Mane\n|-damage|p1a: Flutter Mane|11\/100\n|-damage|p2b: Flutter Mane|47\/100|[from] item: Life Orb\n|\n|upkeep\n|turn|4\n|j|\u2606Fetus Karate\n|inactive|Fetus Karate reconnected and has 45 seconds left.\n|player|p1|Fetus Karate|hilda\n|\n|t:|1682523686\n|move|p1a: Flutter Mane|Protect|p1a: Flutter Mane\n|-singleturn|p1a: Flutter Mane|Protect\n|move|p2a: Palafin|Jet Punch|p1a: Flutter Mane\n|-activate|p1a: Flutter Mane|move: Protect\n|move|p1b: Gyarados|Iron Head|p2b: Flutter Mane\n|-resisted|p2b: Flutter Mane\n|-damage|p2b: Flutter Mane|36\/100\n|move|p2b: Flutter Mane|Moonblast|p1b: Gyarados\n|-damage|p1b: Gyarados|31\/100\n|-unboost|p1b: Gyarados|spa|1\n|-enditem|p1b: Gyarados|Sitrus Berry|[eat]\n|-heal|p1b: Gyarados|55\/100|[from] item: Sitrus Berry\n|-damage|p2b: Flutter Mane|26\/100|[from] item: Life Orb\n|\n|-sideend|p1: Fetus Karate|move: Tailwind\n|upkeep\n|turn|5\n|\n|t:|1682523710\n|move|p2a: Palafin|Jet Punch|p1a: Flutter Mane\n|-damage|p1a: Flutter Mane|0 fnt\n|faint|p1a: Flutter Mane\n|-end|p1a: Flutter Mane|Protosynthesis|[silent]\n|move|p2b: Flutter Mane|Moonblast|p1b: Gyarados\n|-damage|p1b: Gyarados|7\/100\n|-damage|p2b: Flutter Mane|17\/100|[from] item: Life Orb\n|move|p1b: Gyarados|Waterfall|p2b: Flutter Mane\n|-resisted|p2b: Flutter Mane\n|-damage|p2b: Flutter Mane|1\/100\n|\n|upkeep\n|\n|t:|1682523723\n|switch|p1a: Garchomp|Garchomp, L50, M|100\/100\n|turn|6\n|inactive|Fetus Karate has 30 seconds left.\n|\n|t:|1682523751\n|-terastallize|p1a: Garchomp|Fire\n|move|p2a: Palafin|Jet Punch|p1a: Garchomp\n|-supereffective|p1a: Garchomp\n|-damage|p1a: Garchomp|8\/100\n|-damage|p2a: Palafin|36\/100|[from] ability: Rough Skin|[of] p1a: Garchomp\n|move|p2b: Flutter Mane|Dazzling Gleam|p1b: Gyarados|[spread] p1a,p1b\n|-resisted|p1a: Garchomp\n|-damage|p1a: Garchomp|0 fnt\n|-damage|p1b: Gyarados|0 fnt\n|faint|p1a: Garchomp\n|faint|p1b: Gyarados\n|-damage|p2b: Flutter Mane|0 fnt|[from] item: Life Orb\n|faint|p2b: Flutter Mane\n|-end|p2b: Flutter Mane|Protosynthesis|[silent]\n|\n|win|penghong\n|raw|Fetus Karate's rating: 1238 → 1211<\/strong> (-27 for losing)\n|raw|penghong's rating: 1215 → 1242<\/strong> (+27 for winning)\n|l|\u2606Fetus Karate\n","uploadtime":1682523771,"views":16,"p1id":"fetuskarate","p2id":"penghong","formatid":"gen9vgc2023regulationc","rating":1211,"private":0,"password":""}