{"id":"gen9vgc2023regulationc-1851016048","p1":"FreeChaps","p2":"whitewing-1","format":"[Gen 9] VGC 2023 Regulation C","log":"|j|\u2606FreeChaps\n|j|\u2606whitewing-1\n|t:|1682394442\n|gametype|doubles\n|player|p1|FreeChaps|2|1124\n|player|p2|whitewing-1|101|1046\n|teamsize|p1|6\n|teamsize|p2|6\n|gen|9\n|tier|[Gen 9] VGC 2023 Regulation C\n|rated|\n|rule|Species Clause: Limit one of each Pok\u00e9mon\n|rule|Item Clause: Limit one of each item\n|clearpoke\n|poke|p1|Iron Hands, L50|\n|poke|p1|Chien-Pao, L50|\n|poke|p1|Gyarados, L50, F|\n|poke|p1|Tinkaton, L50, F|\n|poke|p1|Espathra, L50, M|\n|poke|p1|Flutter Mane, L50|\n|poke|p2|Dondozo, L50, M|\n|poke|p2|Tatsugiri-Stretchy, L50, F|\n|poke|p2|Chi-Yu, L50|\n|poke|p2|Flutter Mane, L50|\n|poke|p2|Dragonite, L50, F|\n|poke|p2|Glimmora, L50, M|\n|teampreview|4\n|inactive|Battle timer is ON: inactive players will automatically lose when time's up. (requested by whitewing-1)\n|inactive|whitewing-1 has 60 seconds left.\n|inactive|FreeChaps has 60 seconds left.\n|\n|t:|1682394486\n|start\n|switch|p1a: Tinkaton|Tinkaton, L50, F, shiny|100\/100\n|switch|p1b: Espathra|Espathra, L50, M|100\/100\n|switch|p2a: Chi-Yu|Chi-Yu, L50|100\/100\n|switch|p2b: Glimmora|Glimmora, L50, M|100\/100\n|-ability|p2a: Chi-Yu|Beads of Ruin\n|-ability|p1a: Tinkaton|Mold Breaker\n|-item|p1a: Tinkaton|Air Balloon\n|turn|1\n|\n|t:|1682394505\n|move|p1a: Tinkaton|Fake Out|p2a: Chi-Yu\n|-damage|p2a: Chi-Yu|90\/100\n|move|p2b: Glimmora|Toxic|p1b: Espathra\n|-status|p1b: Espathra|tox\n|move|p2a: Chi-Yu|Flamethrower|p1a: Tinkaton\n|-supereffective|p1a: Tinkaton\n|-damage|p1a: Tinkaton|0 fnt\n|-enditem|p1a: Tinkaton|Air Balloon\n|faint|p1a: Tinkaton\n|move|p1b: Espathra|Calm Mind|p1b: Espathra\n|-boost|p1b: Espathra|spa|1\n|-boost|p1b: Espathra|spd|1\n|\n|-damage|p1b: Espathra|95\/100 tox|[from] psn\n|-ability|p1b: Espathra|Speed Boost|boost\n|-boost|p1b: Espathra|spe|1\n|upkeep\n|c|\u2606FreeChaps|Wait\n|c|\u2606FreeChaps|How did Chi yu-\n|inactive|FreeChaps has 30 seconds left.\n|\n|t:|1682394535\n|switch|p1a: Gyarados|Gyarados, L50, F|100\/100\n|-ability|p1a: Gyarados|Intimidate|boost\n|-unboost|p2a: Chi-Yu|atk|1\n|-unboost|p2b: Glimmora|atk|1\n|turn|2\n|\n|t:|1682394551\n|switch|p2b: Dondozo|Dondozo, L50, M|100\/100\n|-terastallize|p2a: Chi-Yu|Grass\n|move|p1b: Espathra|Protect|p1b: Espathra\n|-singleturn|p1b: Espathra|Protect\n|move|p2a: Chi-Yu|Tera Blast|p1a: Gyarados\n|-damage|p1a: Gyarados|40\/100\n|move|p1a: Gyarados|Dragon Dance|p1a: Gyarados\n|-boost|p1a: Gyarados|atk|1\n|-boost|p1a: Gyarados|spe|1\n|\n|-damage|p1b: Espathra|83\/100 tox|[from] psn\n|-ability|p1b: Espathra|Speed Boost|boost\n|-boost|p1b: Espathra|spe|1\n|upkeep\n|turn|3\n|c|\u2606FreeChaps|No for real how tf did Chi yu do that\n|inactive|FreeChaps has 30 seconds left.\n|inactive|FreeChaps has 20 seconds left.\n|\n|t:|1682394588\n|move|p2a: Chi-Yu|Protect|p2a: Chi-Yu\n|-singleturn|p2a: Chi-Yu|Protect\n|move|p1b: Espathra|Substitute|p1b: Espathra\n|-start|p1b: Espathra|Substitute\n|-damage|p1b: Espathra|58\/100 tox\n|move|p2b: Dondozo|Wave Crash|p1a: Gyarados\n|-resisted|p1a: Gyarados\n|-damage|p1a: Gyarados|16\/100\n|-damage|p2b: Dondozo|95\/100|[from] Recoil\n|move|p1a: Gyarados|Dragon Tail|p2a: Chi-Yu\n|-activate|p2a: Chi-Yu|move: Protect\n|\n|-damage|p1b: Espathra|41\/100 tox|[from] psn\n|-ability|p1b: Espathra|Speed Boost|boost\n|-boost|p1b: Espathra|spe|1\n|upkeep\n|turn|4\n|inactive|FreeChaps has 30 seconds left.\n|inactive|FreeChaps has 20 seconds left.\n|inactive|FreeChaps has 15 seconds left.\n|\n|t:|1682394628\n|move|p1b: Espathra|Baton Pass|p1b: Espathra\n|\n|t:|1682394630\n|switch|p1b: Flutter Mane|Flutter Mane, L50|100\/100|[from] Baton Pass\n|move|p2a: Chi-Yu|Tera Blast|p1a: Gyarados\n|-damage|p1a: Gyarados|0 fnt\n|faint|p1a: Gyarados\n|move|p2b: Dondozo|Wave Crash|p1b: Flutter Mane\n|-end|p1b: Flutter Mane|Substitute\n|-damage|p2b: Dondozo|90\/100|[from] Recoil|[of] p1b: Flutter Mane\n|\n|upkeep\n|\n|t:|1682394640\n|switch|p1a: Espathra|Espathra, L50, M|41\/100 tox\n|turn|5\n|\n|t:|1682394653\n|switch|p2b: Glimmora|Glimmora, L50, M|100\/100\n|-terastallize|p1b: Flutter Mane|Fairy\n|move|p2a: Chi-Yu|Protect|p2a: Chi-Yu\n|-singleturn|p2a: Chi-Yu|Protect\n|move|p1a: Espathra|Protect|p1a: Espathra\n|-singleturn|p1a: Espathra|Protect\n|move|p1b: Flutter Mane|Dazzling Gleam|p2a: Chi-Yu|[spread] p2b\n|-activate|p2a: Chi-Yu|move: Protect\n|-resisted|p2b: Glimmora\n|-damage|p2b: Glimmora|12\/100\n|\n|-damage|p1a: Espathra|35\/100 tox|[from] psn\n|-ability|p1a: Espathra|Speed Boost|boost\n|-boost|p1a: Espathra|spe|1\n|upkeep\n|turn|6\n|\n|t:|1682394675\n|move|p2b: Glimmora|Spiky Shield|p2b: Glimmora\n|-singleturn|p2b: Glimmora|move: Protect\n|move|p1b: Flutter Mane|Dazzling Gleam|p2b: Glimmora|[spread] p2a\n|-activate|p2b: Glimmora|move: Protect\n|-damage|p2a: Chi-Yu|0 fnt\n|faint|p2a: Chi-Yu\n|move|p1a: Espathra|Substitute|p1a: Espathra\n|-start|p1a: Espathra|Substitute\n|-damage|p1a: Espathra|10\/100 tox\n|\n|-damage|p1a: Espathra|0 fnt|[from] psn\n|faint|p1a: Espathra\n|upkeep\n|\n|t:|1682394688\n|switch|p2a: Dondozo|Dondozo, L50, M|90\/100\n|turn|7\n|\n|t:|1682394695\n|move|p1b: Flutter Mane|Dazzling Gleam|p2a: Dondozo|[spread] p2a,p2b\n|-resisted|p2b: Glimmora\n|-damage|p2a: Dondozo|46\/100\n|-damage|p2b: Glimmora|0 fnt\n|-enditem|p2a: Dondozo|Sitrus Berry|[eat]\n|-heal|p2a: Dondozo|71\/100|[from] item: Sitrus Berry\n|faint|p2b: Glimmora\n|move|p2a: Dondozo|Wave Crash|p1b: Flutter Mane\n|-damage|p1b: Flutter Mane|33\/100\n|-damage|p2a: Dondozo|59\/100|[from] Recoil\n|\n|upkeep\n|\n|t:|1682394707\n|switch|p2b: Flutter Mane|Flutter Mane, L50|100\/100\n|-enditem|p2b: Flutter Mane|Booster Energy\n|-activate|p2b: Flutter Mane|ability: Protosynthesis|[fromitem]\n|-start|p2b: Flutter Mane|protosynthesisspe\n|turn|8\n|c|\u2606FreeChaps|Tanky flutter baybeee\n|c|\u2606FreeChaps|Also yeah taht's GG\n|c|\u2606FreeChaps|I do not know why your fish just ignored my fake out\n|\n|t:|1682394728\n|move|p2b: Flutter Mane|Protect|p2b: Flutter Mane\n|-singleturn|p2b: Flutter Mane|Protect\n|move|p1b: Flutter Mane|Dazzling Gleam|p2b: Flutter Mane|[spread] p2a\n|-activate|p2b: Flutter Mane|move: Protect\n|-damage|p2a: Dondozo|13\/100\n|move|p2a: Dondozo|Rest|p2a: Dondozo\n|-status|p2a: Dondozo|slp|[from] move: Rest\n|-heal|p2a: Dondozo|100\/100 slp|[silent]\n|\n|upkeep\n|turn|9\n|c|\u2606FreeChaps|I take it it's a glitch\n|\n|t:|1682394741\n|move|p1b: Flutter Mane|Dazzling Gleam|p2a: Dondozo|[spread] p2a,p2b\n|-damage|p2a: Dondozo|57\/100 slp\n|-damage|p2b: Flutter Mane|3\/100\n|move|p2b: Flutter Mane|Moonblast|p1b: Flutter Mane\n|-damage|p1b: Flutter Mane|0 fnt\n|faint|p1b: Flutter Mane\n|-end|p1b: Flutter Mane|Protosynthesis|[silent]\n|\n|win|whitewing-1\n|raw|FreeChaps's rating: 1124 → 1093<\/strong> (-31 for losing)\n|raw|whitewing-1's rating: 1046 → 1086<\/strong> (+40 for winning)\n","uploadtime":1682394758,"views":52,"p1id":"freechaps","p2id":"whitewing1","formatid":"gen9vgc2023regulationc","rating":1086,"private":0,"password":""}