{"id":"gen9vgc2023regulationc-1852248645","p1":"6581681ju","p2":"NoahMP3","format":"[Gen 9] VGC 2023 Regulation C","log":"|j|\u26066581681ju\n|j|\u2606NoahMP3\n|t:|1682536577\n|gametype|doubles\n|player|p1|6581681ju|101|1125\n|player|p2|NoahMP3|chuck|1123\n|teamsize|p1|6\n|teamsize|p2|6\n|gen|9\n|tier|[Gen 9] VGC 2023 Regulation C\n|rated|\n|rule|Species Clause: Limit one of each Pok\u00e9mon\n|rule|Item Clause: Limit one of each item\n|clearpoke\n|poke|p1|Ting-Lu, L50|\n|poke|p1|Breloom, L50, F|\n|poke|p1|Orthworm, L50, M|\n|poke|p1|Indeedee-F, L50, F|\n|poke|p1|Umbreon, L50, M|\n|poke|p1|Annihilape, L50, F|\n|poke|p2|Hatterene, L50, F|\n|poke|p2|Indeedee-F, L50, F|\n|poke|p2|Hariyama, L50, F|\n|poke|p2|Oranguru, L50, F|\n|poke|p2|Wo-Chien, L50|\n|poke|p2|Torkoal, L50, F|\n|teampreview|4\n|inactive|Battle timer is ON: inactive players will automatically lose when time's up. (requested by NoahMP3)\n|inactive|6581681ju has 60 seconds left.\n|\n|t:|1682536622\n|start\n|switch|p1a: Ting-Lu|Ting-Lu, L50|100\/100\n|switch|p1b: Orthworm|Orthworm, L50, M|100\/100\n|switch|p2a: Hatterene|Hatterene, L50, F|100\/100\n|switch|p2b: Oranguru|Oranguru, L50, F|100\/100\n|-ability|p1a: Ting-Lu|Vessel of Ruin\n|turn|1\n|inactive|NoahMP3 has 30 seconds left.\n|\n|t:|1682536655\n|-terastallize|p2a: Hatterene|Water\n|move|p1b: Orthworm|Coil|p1b: Orthworm\n|-boost|p1b: Orthworm|atk|1\n|-boost|p1b: Orthworm|def|1\n|-boost|p1b: Orthworm|accuracy|1\n|move|p2b: Oranguru|Foul Play|p1b: Orthworm\n|-damage|p1b: Orthworm|88\/100\n|move|p1a: Ting-Lu|Earthquake|p2a: Hatterene|[spread] p2a,p2b\n|-heal|p1b: Orthworm|100\/100|[from] ability: Earth Eater|[of] p1a: Ting-Lu\n|-damage|p2a: Hatterene|71\/100\n|-damage|p2b: Oranguru|76\/100\n|move|p2a: Hatterene|Trick Room|p2a: Hatterene\n|-fieldstart|move: Trick Room|[of] p2a: Hatterene\n|\n|upkeep\n|turn|2\n|inactive|6581681ju has 30 seconds left.\n|\n|t:|1682536684\n|move|p2a: Hatterene|Dazzling Gleam|p1b: Orthworm|[spread] p1a,p1b\n|-supereffective|p1a: Ting-Lu\n|-resisted|p1b: Orthworm\n|-damage|p1a: Ting-Lu|71\/100\n|-damage|p1b: Orthworm|78\/100\n|-damage|p2a: Hatterene|61\/100|[from] item: Life Orb\n|move|p1a: Ting-Lu|Fissure|p2b: Oranguru|[miss]\n|-miss|p1a: Ting-Lu|p2b: Oranguru\n|move|p2b: Oranguru|Encore|p1b: Orthworm\n|-start|p1b: Orthworm|Encore\n|move|p1b: Orthworm|Coil|p1b: Orthworm\n|-boost|p1b: Orthworm|atk|1\n|-boost|p1b: Orthworm|def|1\n|-boost|p1b: Orthworm|accuracy|1\n|\n|upkeep\n|turn|3\n|\n|t:|1682536700\n|move|p2a: Hatterene|Dazzling Gleam|p1b: Orthworm|[spread] p1a,p1b\n|-supereffective|p1a: Ting-Lu\n|-resisted|p1b: Orthworm\n|-damage|p1a: Ting-Lu|40\/100\n|-damage|p1b: Orthworm|56\/100\n|-damage|p2a: Hatterene|52\/100|[from] item: Life Orb\n|move|p1a: Ting-Lu|Stomping Tantrum|p2b: Oranguru\n|-damage|p2b: Oranguru|28\/100\n|move|p2b: Oranguru|Instruct|p2a: Hatterene\n|-singleturn|p2a: Hatterene|move: Instruct|[of] p2b: Oranguru\n|move|p2a: Hatterene|Dazzling Gleam|p1a: Ting-Lu|[spread] p1a,p1b\n|-supereffective|p1a: Ting-Lu\n|-resisted|p1b: Orthworm\n|-damage|p1a: Ting-Lu|10\/100\n|-damage|p1b: Orthworm|34\/100\n|-damage|p2a: Hatterene|42\/100|[from] item: Life Orb\n|move|p1b: Orthworm|Coil|p1b: Orthworm\n|-boost|p1b: Orthworm|atk|1\n|-boost|p1b: Orthworm|def|1\n|-boost|p1b: Orthworm|accuracy|1\n|\n|upkeep\n|turn|4\n|\n|t:|1682536720\n|move|p2a: Hatterene|Dazzling Gleam|p1a: Ting-Lu|[spread] p1a,p1b\n|-supereffective|p1a: Ting-Lu\n|-resisted|p1b: Orthworm\n|-damage|p1a: Ting-Lu|0 fnt\n|-damage|p1b: Orthworm|12\/100\n|faint|p1a: Ting-Lu\n|-damage|p2a: Hatterene|32\/100|[from] item: Life Orb\n|move|p2b: Oranguru|Instruct|p2a: Hatterene\n|-singleturn|p2a: Hatterene|move: Instruct|[of] p2b: Oranguru\n|move|p2a: Hatterene|Dazzling Gleam|p1b: Orthworm\n|-resisted|p1b: Orthworm\n|-damage|p1b: Orthworm|0 fnt\n|faint|p1b: Orthworm\n|-damage|p2a: Hatterene|22\/100|[from] item: Life Orb\n|\n|upkeep\n|\n|t:|1682536729\n|switch|p1a: Annihilape|Annihilape, L50, F|100\/100\n|switch|p1b: Indeedee|Indeedee-F, L50, F|100\/100\n|-fieldstart|move: Psychic Terrain|[from] ability: Psychic Surge|[of] p1b: Indeedee\n|turn|5\n|\n|t:|1682536746\n|-terastallize|p1a: Annihilape|Fire\n|move|p2a: Hatterene|Dazzling Gleam|p1a: Annihilape|[spread] p1a,p1b\n|-resisted|p1a: Annihilape\n|-damage|p1a: Annihilape|83\/100\n|-damage|p1b: Indeedee|67\/100\n|-damage|p2a: Hatterene|13\/100|[from] item: Life Orb\n|move|p2b: Oranguru|Instruct|p2a: Hatterene\n|-singleturn|p2a: Hatterene|move: Instruct|[of] p2b: Oranguru\n|move|p2a: Hatterene|Dazzling Gleam|p1b: Indeedee|[spread] p1a,p1b\n|-resisted|p1a: Annihilape\n|-damage|p1a: Annihilape|64\/100\n|-damage|p1b: Indeedee|28\/100\n|-damage|p2a: Hatterene|3\/100|[from] item: Life Orb\n|move|p1b: Indeedee|Dazzling Gleam|p2b: Oranguru|[spread] p2a,p2b\n|-crit|p2b: Oranguru\n|-damage|p2a: Hatterene|0 fnt\n|-damage|p2b: Oranguru|14\/100\n|faint|p2a: Hatterene\n|move|p1a: Annihilape|Drain Punch|p2b: Oranguru\n|-damage|p2b: Oranguru|0 fnt\n|-heal|p1a: Annihilape|70\/100|[from] drain|[of] p2b: Oranguru\n|faint|p2b: Oranguru\n|\n|-fieldend|move: Trick Room\n|upkeep\n|\n|t:|1682536764\n|switch|p2b: Torkoal|Torkoal, L50, F|100\/100\n|switch|p2a: Wo-Chien|Wo-Chien, L50|100\/100\n|-ability|p2a: Wo-Chien|Tablets of Ruin\n|-weather|SunnyDay|[from] ability: Drought|[of] p2b: Torkoal\n|turn|6\n|inactive|6581681ju has 30 seconds left.\n|\n|t:|1682536790\n|move|p1b: Indeedee|Follow Me|p1b: Indeedee\n|-singleturn|p1b: Indeedee|move: Follow Me\n|move|p1a: Annihilape|Rage Fist|p2b: Torkoal\n|-damage|p2b: Torkoal|59\/100\n|move|p2a: Wo-Chien|Solar Beam||[still]\n|-prepare|p2a: Wo-Chien|Solar Beam\n|-anim|p2a: Wo-Chien|Solar Beam|p1b: Indeedee\n|-damage|p1b: Indeedee|0 fnt\n|faint|p1b: Indeedee\n|move|p2b: Torkoal|Yawn|p1a: Annihilape\n|-start|p1a: Annihilape|move: Yawn|[of] p2b: Torkoal\n|\n|-weather|SunnyDay|[upkeep]\n|upkeep\n|turn|7\n|\n|t:|1682536805\n|move|p2b: Torkoal|Protect|p2b: Torkoal\n|-singleturn|p2b: Torkoal|Protect\n|move|p1a: Annihilape|Drain Punch|p2a: Wo-Chien\n|-supereffective|p2a: Wo-Chien\n|-damage|p2a: Wo-Chien|43\/100\n|-heal|p1a: Annihilape|95\/100|[from] drain|[of] p2a: Wo-Chien\n|-enditem|p2a: Wo-Chien|Sitrus Berry|[eat]\n|-heal|p2a: Wo-Chien|68\/100|[from] item: Sitrus Berry\n|move|p2a: Wo-Chien|Leech Seed|p1a: Annihilape\n|-start|p1a: Annihilape|move: Leech Seed\n|\n|-weather|SunnyDay|[upkeep]\n|-damage|p1a: Annihilape|83\/100|[from] Leech Seed|[of] p2a: Wo-Chien\n|-heal|p2a: Wo-Chien|82\/100|[silent]\n|-end|p1a: Annihilape|move: Yawn|[silent]\n|-status|p1a: Annihilape|slp\n|-enditem|p1a: Annihilape|Lum Berry|[eat]\n|-curestatus|p1a: Annihilape|slp|[msg]\n|upkeep\n|turn|8\n|inactive|6581681ju has 30 seconds left.\n|\n|t:|1682536830\n|move|p1a: Annihilape|Drain Punch|p2b: Torkoal\n|-damage|p2b: Torkoal|37\/100\n|-heal|p1a: Annihilape|92\/100|[from] drain|[of] p2b: Torkoal\n|move|p2a: Wo-Chien|Solar Beam||[still]\n|-prepare|p2a: Wo-Chien|Solar Beam\n|-anim|p2a: Wo-Chien|Solar Beam|p1a: Annihilape\n|-resisted|p1a: Annihilape\n|-damage|p1a: Annihilape|72\/100\n|move|p2b: Torkoal|Yawn|p1a: Annihilape\n|-start|p1a: Annihilape|move: Yawn|[of] p2b: Torkoal\n|\n|-weather|SunnyDay|[upkeep]\n|-damage|p1a: Annihilape|60\/100|[from] Leech Seed|[of] p2a: Wo-Chien\n|-heal|p2a: Wo-Chien|96\/100|[silent]\n|upkeep\n|turn|9\n|inactive|6581681ju has 30 seconds left.\n|\n|t:|1682536859\n|move|p2b: Torkoal|Protect|p2b: Torkoal\n|-singleturn|p2b: Torkoal|Protect\n|move|p1a: Annihilape|Phantom Force||[still]\n|-prepare|p1a: Annihilape|Phantom Force\n|move|p2a: Wo-Chien|Growth|p2a: Wo-Chien\n|-boost|p2a: Wo-Chien|atk|2\n|-boost|p2a: Wo-Chien|spa|2\n|\n|-weather|SunnyDay|[upkeep]\n|-damage|p1a: Annihilape|48\/100|[from] Leech Seed|[of] p2a: Wo-Chien\n|-heal|p2a: Wo-Chien|100\/100|[silent]\n|-end|p1a: Annihilape|move: Yawn|[silent]\n|-status|p1a: Annihilape|slp\n|-fieldend|move: Psychic Terrain\n|upkeep\n|turn|10\n|\n|t:|1682536880\n|cant|p1a: Annihilape|slp\n|move|p2a: Wo-Chien|Solar Beam||[still]\n|-prepare|p2a: Wo-Chien|Solar Beam\n|-anim|p2a: Wo-Chien|Solar Beam|p1a: Annihilape\n|-resisted|p1a: Annihilape\n|-damage|p1a: Annihilape|10\/100 slp\n|move|p2b: Torkoal|Heat Wave|p1a: Annihilape\n|-resisted|p1a: Annihilape\n|-damage|p1a: Annihilape|0 fnt\n|faint|p1a: Annihilape\n|\n|win|NoahMP3\n|raw|6581681ju's rating: 1125 → 1100<\/strong> (-25 for losing)\n|raw|NoahMP3's rating: 1123 → 1148<\/strong> (+25 for winning)\n|l|\u26066581681ju\n","uploadtime":1682536887,"views":15,"p1id":"6581681ju","p2id":"noahmp3","formatid":"gen9vgc2023regulationc","rating":1100,"private":0,"password":""}