{"id":"gen9vgc2023regulationc-1861915021","p1":"Ciq108","p2":"Kavchi","format":"[Gen 9] VGC 2023 Regulation C","log":"|j|\u2606Ciq108\n|j|\u2606Kavchi\n|t:|1683820390\n|gametype|doubles\n|player|p1|Ciq108|102|\n|player|p2|Kavchi|169|\n|teamsize|p1|6\n|teamsize|p2|6\n|gen|9\n|tier|[Gen 9] VGC 2023 Regulation C\n|rule|Tera Type Preview: Tera Types are shown at Team Preview\n|rule|Species Clause: Limit one of each Pok\u00e9mon\n|rule|Item Clause: Limit one of each item\n|clearpoke\n|poke|p1|Gholdengo, L50|\n|poke|p1|Tatsugiri-Stretchy, L50, M|\n|poke|p1|Dondozo, L50, F|\n|poke|p1|Talonflame, L50, M|\n|poke|p1|Garchomp, L50, M|\n|poke|p1|Garganacl, L50, M|\n|poke|p2|Volcarona, L50, M|\n|poke|p2|Gyarados, L50, F|\n|poke|p2|Flutter Mane, L50|\n|poke|p2|Roaring Moon, L50|\n|poke|p2|Breloom, L50, F|\n|poke|p2|Dragonite, L50, F|\n|teampreview|4\n|raw|Ciq108's Tera Types: \/ \/ \/ \/ \/ \n|raw|Kavchi's Tera Types: \/ \/ \/ \/ \/ \n|c|\u2606Kavchi|glhf!\n|c|\u2606Ciq108|G1\n|c|\u2606Ciq108|Would u mind doing links and pinging matches pls\n|c|\u2606Ciq108|On phone\n|c|\u2606Ciq108|And glhf\n|c|\u2606Kavchi|sure\n|c|\u2606Ciq108|Ty\n|c|\u2606Kavchi|Just 1 or 3\n|j| Clas\n|c|\u2606Ciq108|All 3\n|l|\u2606Kavchi\n|player|p2|\n|c|\u2606Ciq108|Welp\n|j|\u2606Kavchi\n|player|p2|Kavchi|169\n|c|\u2606Ciq108|Ok cool\n|\n|t:|1683820754\n|start\n|switch|p1a: Gholdengo|Gholdengo, L50|100\/100\n|switch|p1b: Talonflame|Talonflame, L50, M|100\/100\n|switch|p2a: Gyarados|Gyarados, L50, F|100\/100\n|switch|p2b: Flutter Mane|Flutter Mane, L50|100\/100\n|-ability|p2a: Gyarados|Intimidate|boost\n|-unboost|p1a: Gholdengo|atk|1\n|-unboost|p1b: Talonflame|atk|1\n|turn|1\n|\n|t:|1683820772\n|move|p1b: Talonflame|Tailwind|p1b: Talonflame\n|-sidestart|p1: Ciq108|move: Tailwind\n|move|p1a: Gholdengo|Thunderbolt|p2a: Gyarados\n|-supereffective|p2a: Gyarados\n|-damage|p2a: Gyarados|0 fnt\n|faint|p2a: Gyarados\n|move|p2b: Flutter Mane|Substitute|p2b: Flutter Mane\n|-start|p2b: Flutter Mane|Substitute\n|-damage|p2b: Flutter Mane|76\/100\n|\n|upkeep\n|\n|t:|1683820781\n|switch|p2a: Dragonite|Dragonite, L50, F|100\/100\n|turn|2\n|\n|t:|1683820804\n|move|p1b: Talonflame|Will-O-Wisp|p2a: Dragonite\n|-status|p2a: Dragonite|brn\n|move|p1a: Gholdengo|Dazzling Gleam|p2b: Flutter Mane|[spread] p2a,p2b\n|-activate|p2b: Flutter Mane|move: Substitute|[damage]\n|-supereffective|p2a: Dragonite\n|-damage|p2a: Dragonite|54\/100 brn\n|move|p2b: Flutter Mane|Shadow Ball|p1a: Gholdengo\n|-supereffective|p1a: Gholdengo\n|-damage|p1a: Gholdengo|20\/100\n|move|p2a: Dragonite|Draco Meteor|p1b: Talonflame\n|-damage|p1b: Talonflame|18\/100\n|-unboost|p2a: Dragonite|spa|2\n|-damage|p2a: Dragonite|44\/100 brn|[from] item: Life Orb\n|\n|-damage|p2a: Dragonite|38\/100 brn|[from] brn\n|upkeep\n|turn|3\n|\n|t:|1683820830\n|switch|p2a: Volcarona|Volcarona, L50, M|100\/100\n|move|p1b: Talonflame|Brave Bird|p2b: Flutter Mane\n|-end|p2b: Flutter Mane|Substitute\n|-damage|p1b: Talonflame|16\/100|[from] Recoil|[of] p2b: Flutter Mane\n|move|p1a: Gholdengo|Make It Rain|p2b: Flutter Mane|[spread] p2a,p2b\n|-resisted|p2a: Volcarona\n|-supereffective|p2b: Flutter Mane\n|-damage|p2a: Volcarona|78\/100\n|-damage|p2b: Flutter Mane|0 fnt\n|-unboost|p1a: Gholdengo|spa|1\n|faint|p2b: Flutter Mane\n|-end|p2b: Flutter Mane|Protosynthesis|[silent]\n|\n|-heal|p2a: Volcarona|84\/100|[from] item: Leftovers\n|upkeep\n|\n|t:|1683820847\n|switch|p2b: Dragonite|Dragonite, L50, F|38\/100 brn\n|turn|4\n|\n|t:|1683820857\n|move|p1b: Talonflame|Protect|p1b: Talonflame\n|-singleturn|p1b: Talonflame|Protect\n|move|p2b: Dragonite|Protect|p2b: Dragonite\n|-singleturn|p2b: Dragonite|Protect\n|move|p1a: Gholdengo|Power Gem|p2a: Volcarona\n|-supereffective|p2a: Volcarona\n|-damage|p2a: Volcarona|13\/100\n|move|p2a: Volcarona|Heat Wave|p1b: Talonflame|[spread] p1a\n|-activate|p1b: Talonflame|move: Protect\n|-supereffective|p1a: Gholdengo\n|-damage|p1a: Gholdengo|0 fnt\n|faint|p1a: Gholdengo\n|\n|-heal|p2a: Volcarona|19\/100|[from] item: Leftovers\n|-damage|p2b: Dragonite|32\/100 brn|[from] brn\n|-sideend|p1: Ciq108|move: Tailwind\n|upkeep\n|\n|t:|1683820873\n|switch|p1a: Dondozo|Dondozo, L50, F|100\/100\n|turn|5\n|\n|t:|1683820887\n|move|p1b: Talonflame|Brave Bird|p2a: Volcarona\n|-supereffective|p2a: Volcarona\n|-damage|p2a: Volcarona|0 fnt\n|faint|p2a: Volcarona\n|-damage|p1b: Talonflame|10\/100|[from] Recoil\n|move|p2b: Dragonite|Thunderbolt|p1a: Dondozo\n|-supereffective|p1a: Dondozo\n|-damage|p1a: Dondozo|45\/100\n|-damage|p2b: Dragonite|22\/100 brn|[from] item: Life Orb\n|move|p1a: Dondozo|Order Up|p2b: Dragonite\n|-supereffective|p2b: Dragonite\n|-damage|p2b: Dragonite|0 fnt\n|faint|p2b: Dragonite\n|\n|win|Ciq108\n|c|\u2606Ciq108|Gg\n|c|\u2606Kavchi|Gg\n|l|\u2606Kavchi\n","uploadtime":1683821148,"views":19,"p1id":"ciq108","p2id":"kavchi","formatid":"gen9vgc2023regulationc","rating":0,"private":0,"password":""}