{"id":"gen9vgc2023regulationc-1860598248","p1":"JFurb28","p2":"Topperlecat","format":"[Gen 9] VGC 2023 Regulation C","log":"|j|\u2606JFurb28\n|j|\u2606Topperlecat\n|t:|1683657762\n|gametype|doubles\n|player|p1|JFurb28|265|1258\n|player|p2|Topperlecat|n|1341\n|teamsize|p1|6\n|teamsize|p2|6\n|gen|9\n|tier|[Gen 9] VGC 2023 Regulation C\n|rated|\n|rule|Species Clause: Limit one of each Pok\u00e9mon\n|rule|Item Clause: Limit one of each item\n|clearpoke\n|poke|p1|Indeedee-F, L50, F|\n|poke|p1|Armarouge, L50, M|\n|poke|p1|Lilligant, L50, F|\n|poke|p1|Torkoal, L50, F|\n|poke|p1|Gastrodon, L50, M|\n|poke|p1|Flutter Mane, L50|\n|poke|p2|Corviknight, L50, M|\n|poke|p2|Palafin, L50, M|\n|poke|p2|Ting-Lu, L50|\n|poke|p2|Annihilape, L50, F|\n|poke|p2|Maushold, L50|\n|poke|p2|Sylveon, L50, M|\n|teampreview|4\n|inactive|Battle timer is ON: inactive players will automatically lose when time's up. (requested by JFurb28)\n|\n|t:|1683657803\n|start\n|switch|p1a: Lilligant|Lilligant, L50, F|100\/100\n|switch|p1b: Torkoal|Torkoal, L50, F|100\/100\n|switch|p2a: sweeeemm|Palafin, L50, M|100\/100\n|switch|p2b: THE GOAT|Ting-Lu, L50|100\/100\n|-ability|p2b: THE GOAT|Vessel of Ruin\n|-weather|SunnyDay|[from] ability: Drought|[of] p1b: Torkoal\n|turn|1\n|\n|t:|1683657820\n|move|p1b: Torkoal|Protect|p1b: Torkoal\n|-singleturn|p1b: Torkoal|Protect\n|move|p2a: sweeeemm|Jet Punch|p1b: Torkoal\n|-activate|p1b: Torkoal|move: Protect\n|move|p1a: Lilligant|Leaf Storm|p2b: THE GOAT|[miss]\n|-miss|p1a: Lilligant|p2b: THE GOAT\n|move|p2b: THE GOAT|Stomping Tantrum|p1b: Torkoal\n|-activate|p1b: Torkoal|move: Protect\n|\n|-weather|SunnyDay|[upkeep]\n|upkeep\n|turn|2\n|\n|t:|1683657841\n|switch|p1b: Gastrodon|Gastrodon, L50, M|100\/100\n|move|p2a: sweeeemm|Protect|p2a: sweeeemm\n|-singleturn|p2a: sweeeemm|Protect\n|move|p1a: Lilligant|Sleep Powder|p2b: THE GOAT\n|-status|p2b: THE GOAT|slp|[from] move: Sleep Powder\n|cant|p2b: THE GOAT|slp\n|\n|-weather|SunnyDay|[upkeep]\n|upkeep\n|turn|3\n|\n|t:|1683657856\n|detailschange|p2a: sweeeemm|Palafin-Hero, L50, M\n|switch|p2a: the biggest bird|Corviknight, L50, M|100\/100\n|move|p1a: Lilligant|Leaf Storm|p2a: the biggest bird\n|-resisted|p2a: the biggest bird\n|-damage|p2a: the biggest bird|90\/100\n|-unboost|p1a: Lilligant|spa|2\n|cant|p2b: THE GOAT|slp\n|move|p1b: Gastrodon|Chilling Water|p2b: THE GOAT\n|-supereffective|p2b: THE GOAT\n|-damage|p2b: THE GOAT|96\/100 slp\n|-unboost|p2b: THE GOAT|atk|1\n|\n|-weather|SunnyDay|[upkeep]\n|upkeep\n|turn|4\n|\n|t:|1683657879\n|switch|p1a: Armarouge|Armarouge, L50, M|100\/100\n|move|p2a: the biggest bird|Iron Head|p1a: Armarouge\n|-resisted|p1a: Armarouge\n|-damage|p1a: Armarouge|87\/100\n|cant|p2b: THE GOAT|slp\n|move|p1b: Gastrodon|Chilling Water|p2b: THE GOAT\n|-supereffective|p2b: THE GOAT\n|-damage|p2b: THE GOAT|90\/100 slp\n|-unboost|p2b: THE GOAT|atk|1\n|\n|-weather|SunnyDay|[upkeep]\n|upkeep\n|turn|5\n|inactive|Topperlecat has 30 seconds left.\n|inactive|Topperlecat has 20 seconds left.\n|\n|t:|1683657919\n|switch|p2a: sweeeemm|Palafin-Hero, L50, M|100\/100\n|-activate|p2a: sweeeemm|ability: Zero to Hero\n|-terastallize|p1a: Armarouge|Grass\n|-curestatus|p2b: THE GOAT|slp|[msg]\n|move|p2b: THE GOAT|Payback|p1a: Armarouge\n|-damage|p1a: Armarouge|77\/100\n|move|p1b: Gastrodon|Chilling Water|p2b: THE GOAT\n|-supereffective|p2b: THE GOAT\n|-damage|p2b: THE GOAT|85\/100\n|-unboost|p2b: THE GOAT|atk|1\n|move|p1a: Armarouge|Trick Room|p1a: Armarouge\n|-fieldstart|move: Trick Room|[of] p1a: Armarouge\n|\n|-weather|none\n|upkeep\n|turn|6\n|\n|t:|1683657942\n|switch|p2b: Sylveon|Sylveon, L50, M|100\/100\n|move|p2a: sweeeemm|Protect|p2a: sweeeemm\n|-singleturn|p2a: sweeeemm|Protect\n|move|p1b: Gastrodon|Chilling Water|p2a: sweeeemm\n|-activate|p2a: sweeeemm|move: Protect\n|move|p1a: Armarouge|Expanding Force|p2a: sweeeemm\n|-activate|p2a: sweeeemm|move: Protect\n|\n|upkeep\n|turn|7\n|inactive|JFurb28 has 30 seconds left.\n|\n|t:|1683657971\n|switch|p2a: the biggest bird|Corviknight, L50, M|90\/100\n|move|p1a: Armarouge|Wide Guard|p1a: Armarouge\n|-singleturn|p1a: Armarouge|Wide Guard\n|move|p1b: Gastrodon|Earth Power|p2b: Sylveon\n|-damage|p2b: Sylveon|76\/100\n|move|p2b: Sylveon|Hyper Voice|p1a: Armarouge|[spread] \n|-activate|p1a: Armarouge|move: Wide Guard\n|-activate|p1b: Gastrodon|move: Wide Guard\n|\n|upkeep\n|turn|8\n|\n|t:|1683657986\n|switch|p1b: Torkoal|Torkoal, L50, F|100\/100\n|-weather|SunnyDay|[from] ability: Drought|[of] p1b: Torkoal\n|-terastallize|p2a: the biggest bird|Fire\n|move|p1a: Armarouge|Wide Guard|p1a: Armarouge\n|-singleturn|p1a: Armarouge|Wide Guard\n|move|p2b: Sylveon|Hyper Voice|p1b: Torkoal|[spread] \n|-activate|p1a: Armarouge|move: Wide Guard\n|-activate|p1b: Torkoal|move: Wide Guard\n|move|p2a: the biggest bird|Bulk Up|p2a: the biggest bird\n|-boost|p2a: the biggest bird|atk|1\n|-boost|p2a: the biggest bird|def|1\n|\n|-weather|SunnyDay|[upkeep]\n|upkeep\n|turn|9\n|\n|t:|1683658005\n|switch|p2b: THE GOAT|Ting-Lu, L50|85\/100\n|-ability|p2b: THE GOAT|Vessel of Ruin\n|move|p1a: Armarouge|Wide Guard|p1a: Armarouge\n|-singleturn|p1a: Armarouge|Wide Guard\n|move|p1b: Torkoal|Eruption|p2a: the biggest bird|[spread] p2a,p2b\n|-resisted|p2a: the biggest bird\n|-damage|p2a: the biggest bird|60\/100\n|-damage|p2b: THE GOAT|57\/100\n|move|p2a: the biggest bird|Iron Head|p1a: Armarouge\n|-damage|p1a: Armarouge|42\/100\n|\n|-weather|SunnyDay|[upkeep]\n|-fieldend|move: Trick Room\n|upkeep\n|turn|10\n|\n|t:|1683658022\n|move|p2a: the biggest bird|Iron Head|p1a: Armarouge\n|-damage|p1a: Armarouge|2\/100\n|move|p1a: Armarouge|Expanding Force|p2a: the biggest bird\n|-damage|p2a: the biggest bird|29\/100\n|move|p2b: THE GOAT|Stomping Tantrum|p1b: Torkoal\n|-supereffective|p1b: Torkoal\n|-damage|p1b: Torkoal|49\/100\n|move|p1b: Torkoal|Eruption|p2a: the biggest bird|[spread] p2a,p2b\n|-resisted|p2a: the biggest bird\n|-damage|p2a: the biggest bird|15\/100\n|-damage|p2b: THE GOAT|44\/100\n|\n|-weather|SunnyDay|[upkeep]\n|upkeep\n|turn|11\n|\n|t:|1683658036\n|move|p1b: Torkoal|Protect|p1b: Torkoal\n|-singleturn|p1b: Torkoal|Protect\n|move|p2a: the biggest bird|Iron Head|p1a: Armarouge\n|-damage|p1a: Armarouge|0 fnt\n|faint|p1a: Armarouge\n|move|p2b: THE GOAT|Stomping Tantrum|p1b: Torkoal\n|-activate|p1b: Torkoal|move: Protect\n|\n|-weather|SunnyDay|[upkeep]\n|upkeep\n|\n|t:|1683658038\n|switch|p1a: Lilligant|Lilligant, L50, F|100\/100\n|turn|12\n|\n|t:|1683658047\n|move|p1a: Lilligant|After You|p1b: Torkoal\n|-activate|p1b: Torkoal|move: After You\n|move|p1b: Torkoal|Flamethrower|p2a: the biggest bird\n|-resisted|p2a: the biggest bird\n|-damage|p2a: the biggest bird|0 fnt\n|faint|p2a: the biggest bird\n|move|p2b: THE GOAT|Stomping Tantrum|p1b: Torkoal\n|-supereffective|p1b: Torkoal\n|-damage|p1b: Torkoal|1\/100\n|\n|-weather|none\n|upkeep\n|\n|t:|1683658056\n|switch|p2a: Sylveon|Sylveon, L50, M|76\/100\n|turn|13\n|\n|t:|1683658067\n|switch|p1b: Gastrodon|Gastrodon, L50, M|100\/100\n|move|p1a: Lilligant|Protect|p1a: Lilligant\n|-singleturn|p1a: Lilligant|Protect\n|move|p2a: Sylveon|Quick Attack|p1b: Gastrodon\n|-damage|p1b: Gastrodon|91\/100\n|move|p2b: THE GOAT|Heavy Slam|p1a: Lilligant\n|-activate|p1a: Lilligant|move: Protect\n|\n|-heal|p1b: Gastrodon|97\/100|[from] item: Leftovers\n|upkeep\n|turn|14\n|\n|t:|1683658087\n|move|p1a: Lilligant|Sleep Powder|p2a: Sylveon\n|-status|p2a: Sylveon|slp|[from] move: Sleep Powder\n|cant|p2a: Sylveon|slp\n|move|p2b: THE GOAT|Heavy Slam|p1a: Lilligant\n|-damage|p1a: Lilligant|48\/100\n|move|p1b: Gastrodon|Chilling Water|p2b: THE GOAT\n|-supereffective|p2b: THE GOAT\n|-damage|p2b: THE GOAT|34\/100\n|-unboost|p2b: THE GOAT|atk|1\n|\n|-heal|p1b: Gastrodon|100\/100|[from] item: Leftovers\n|upkeep\n|turn|15\n|\n|t:|1683658106\n|-curestatus|p2a: Sylveon|slp|[msg]\n|move|p2a: Sylveon|Protect|p2a: Sylveon\n|-singleturn|p2a: Sylveon|Protect\n|move|p1a: Lilligant|Sleep Powder|p2b: THE GOAT|[miss]\n|-miss|p1a: Lilligant|p2b: THE GOAT\n|move|p2b: THE GOAT|Heavy Slam|p1a: Lilligant\n|-damage|p1a: Lilligant|9\/100\n|move|p1b: Gastrodon|Earth Power|p2b: THE GOAT\n|-damage|p2b: THE GOAT|23\/100\n|\n|upkeep\n|turn|16\n|\n|t:|1683658123\n|switch|p2b: sweeeemm|Palafin-Hero, L50, M|100\/100\n|move|p2a: Sylveon|Quick Attack|p1a: Lilligant\n|-damage|p1a: Lilligant|0 fnt\n|faint|p1a: Lilligant\n|move|p1b: Gastrodon|Chilling Water|p2b: sweeeemm\n|-resisted|p2b: sweeeemm\n|-damage|p2b: sweeeemm|92\/100\n|-unboost|p2b: sweeeemm|atk|1\n|\n|upkeep\n|\n|t:|1683658129\n|switch|p1a: Torkoal|Torkoal, L50, F|1\/100\n|-weather|SunnyDay|[from] ability: Drought|[of] p1a: Torkoal\n|turn|17\n|\n|t:|1683658140\n|switch|p2b: THE GOAT|Ting-Lu, L50|23\/100\n|-ability|p2b: THE GOAT|Vessel of Ruin\n|move|p2a: Sylveon|Quick Attack|p1a: Torkoal\n|-resisted|p1a: Torkoal\n|-damage|p1a: Torkoal|0 fnt\n|faint|p1a: Torkoal\n|move|p1b: Gastrodon|Earth Power|p2a: Sylveon\n|-damage|p2a: Sylveon|58\/100\n|\n|-weather|SunnyDay|[upkeep]\n|upkeep\n|turn|18\n|\n|t:|1683658154\n|move|p2a: Sylveon|Hyper Voice|p1b: Gastrodon\n|-damage|p1b: Gastrodon|69\/100\n|move|p2b: THE GOAT|Ruination|p1b: Gastrodon\n|-damage|p1b: Gastrodon|35\/100\n|move|p1b: Gastrodon|Chilling Water|p2b: THE GOAT\n|-supereffective|p2b: THE GOAT\n|-damage|p2b: THE GOAT|18\/100\n|-unboost|p2b: THE GOAT|atk|1\n|\n|-weather|SunnyDay|[upkeep]\n|-heal|p1b: Gastrodon|41\/100|[from] item: Leftovers\n|upkeep\n|turn|19\n|\n|t:|1683658168\n|move|p1b: Gastrodon|Protect|p1b: Gastrodon\n|-singleturn|p1b: Gastrodon|Protect\n|move|p2a: Sylveon|Hyper Voice|p1b: Gastrodon\n|-activate|p1b: Gastrodon|move: Protect\n|move|p2b: THE GOAT|Heavy Slam|p1b: Gastrodon\n|-activate|p1b: Gastrodon|move: Protect\n|\n|-weather|SunnyDay|[upkeep]\n|-heal|p1b: Gastrodon|47\/100|[from] item: Leftovers\n|upkeep\n|turn|20\n|\n|t:|1683658174\n|move|p2a: Sylveon|Hyper Voice|p1b: Gastrodon\n|-damage|p1b: Gastrodon|15\/100\n|move|p2b: THE GOAT|Ruination|p1b: Gastrodon|[miss]\n|-miss|p2b: THE GOAT|p1b: Gastrodon\n|move|p1b: Gastrodon|Recover|p1b: Gastrodon\n|-heal|p1b: Gastrodon|65\/100\n|\n|-weather|SunnyDay|[upkeep]\n|-heal|p1b: Gastrodon|71\/100|[from] item: Leftovers\n|upkeep\n|turn|21\n|\n|t:|1683658185\n|move|p1b: Gastrodon|Protect|p1b: Gastrodon\n|-singleturn|p1b: Gastrodon|Protect\n|move|p2a: Sylveon|Hyper Voice|p1b: Gastrodon\n|-activate|p1b: Gastrodon|move: Protect\n|move|p2b: THE GOAT|Stomping Tantrum|p1b: Gastrodon\n|-activate|p1b: Gastrodon|move: Protect\n|\n|-weather|none\n|-heal|p1b: Gastrodon|77\/100|[from] item: Leftovers\n|upkeep\n|turn|22\n|\n|t:|1683658191\n|move|p2a: Sylveon|Hyper Voice|p1b: Gastrodon\n|-damage|p1b: Gastrodon|45\/100\n|move|p2b: THE GOAT|Ruination|p1b: Gastrodon\n|-damage|p1b: Gastrodon|23\/100\n|move|p1b: Gastrodon|Chilling Water|p2b: THE GOAT\n|-supereffective|p2b: THE GOAT\n|-damage|p2b: THE GOAT|6\/100\n|-unboost|p2b: THE GOAT|atk|1\n|\n|-heal|p1b: Gastrodon|28\/100|[from] item: Leftovers\n|upkeep\n|turn|23\n|\n|t:|1683658200\n|move|p1b: Gastrodon|Protect|p1b: Gastrodon\n|-singleturn|p1b: Gastrodon|Protect\n|move|p2a: Sylveon|Hyper Voice|p1b: Gastrodon\n|-activate|p1b: Gastrodon|move: Protect\n|move|p2b: THE GOAT|Heavy Slam|p1b: Gastrodon\n|-activate|p1b: Gastrodon|move: Protect\n|\n|-heal|p1b: Gastrodon|34\/100|[from] item: Leftovers\n|upkeep\n|turn|24\n|\n|t:|1683658204\n|move|p2a: Sylveon|Hyper Voice|p1b: Gastrodon\n|-damage|p1b: Gastrodon|4\/100\n|move|p2b: THE GOAT|Heavy Slam|p1b: Gastrodon\n|-resisted|p1b: Gastrodon\n|-damage|p1b: Gastrodon|0 fnt\n|faint|p1b: Gastrodon\n|\n|win|Topperlecat\n|raw|JFurb28's rating: 1258 → 1239<\/strong> (-19 for losing)\n|raw|Topperlecat's rating: 1341 → 1356<\/strong> (+15 for winning)\n","uploadtime":1683658209,"views":8,"p1id":"jfurb28","p2id":"topperlecat","formatid":"gen9vgc2023regulationc","rating":1239,"private":0,"password":""}