{"id":"gen9vgc2023regulationc-1857885599","p1":"fftttggghhhyyy","p2":"inkylove","format":"[Gen 9] VGC 2023 Regulation C","log":"|j|\u2606fftttggghhhyyy\n|j|\u2606inkylove\n|t:|1683243062\n|gametype|doubles\n|player|p1|fftttggghhhyyy|2|1000\n|player|p2|inkylove|rocketgruntf|1123\n|teamsize|p1|6\n|teamsize|p2|6\n|gen|9\n|tier|[Gen 9] VGC 2023 Regulation C\n|rated|\n|rule|Species Clause: Limit one of each Pok\u00e9mon\n|rule|Item Clause: Limit one of each item\n|clearpoke\n|poke|p1|Altaria, L50, F|\n|poke|p1|Palafin, L50, F|\n|poke|p1|Chi-Yu, L50|\n|poke|p1|Flutter Mane, L50|\n|poke|p1|Chien-Pao, L50|\n|poke|p1|Dragonite, L50, F|\n|poke|p2|Dragapult, L50, F|\n|poke|p2|Flutter Mane, L50|\n|poke|p2|Chi-Yu, L50|\n|poke|p2|Palafin, L50, M|\n|poke|p2|Amoonguss, L50, M|\n|poke|p2|Iron Hands, L50|\n|teampreview|4\n|inactive|Battle timer is ON: inactive players will automatically lose when time's up. (requested by inkylove)\n|inactive|fftttggghhhyyy has 60 seconds left.\n|inactive|inkylove has 60 seconds left.\n|inactive|inkylove has 30 seconds left.\n|\n|t:|1683243122\n|start\n|switch|p1a: Chi-Yu|Chi-Yu, L50|100\/100\n|switch|p1b: Flutter Mane|Flutter Mane, L50|100\/100\n|switch|p2a: Dragapult|Dragapult, L50, F|100\/100\n|switch|p2b: Amoonguss|Amoonguss, L50, M|100\/100\n|-ability|p1a: Chi-Yu|Beads of Ruin\n|-enditem|p1b: Flutter Mane|Booster Energy\n|-activate|p1b: Flutter Mane|ability: Protosynthesis|[fromitem]\n|-start|p1b: Flutter Mane|protosynthesisspa\n|turn|1\n|\n|t:|1683243146\n|-terastallize|p2b: Amoonguss|Flying\n|move|p1a: Chi-Yu|Heat Wave|p2b: Amoonguss|[spread] p2a,p2b\n|-resisted|p2a: Dragapult\n|-damage|p2a: Dragapult|64\/100\n|-damage|p2b: Amoonguss|61\/100\n|-status|p2a: Dragapult|brn\n|move|p2a: Dragapult|Shadow Ball|p1b: Flutter Mane\n|-supereffective|p1b: Flutter Mane\n|-damage|p1b: Flutter Mane|0 fnt\n|faint|p1b: Flutter Mane\n|-end|p1b: Flutter Mane|Protosynthesis|[silent]\n|-damage|p2a: Dragapult|54\/100 brn|[from] item: Life Orb\n|move|p2b: Amoonguss|Spore|p1a: Chi-Yu\n|-status|p1a: Chi-Yu|slp|[from] move: Spore\n|\n|-damage|p2a: Dragapult|48\/100 brn|[from] brn\n|upkeep\n|\n|t:|1683243163\n|switch|p1b: Chien-Pao|Chien-Pao, L50|100\/100\n|-ability|p1b: Chien-Pao|Sword of Ruin\n|turn|2\n|\n|t:|1683243180\n|move|p2b: Amoonguss|Rage Powder|p2b: Amoonguss\n|-singleturn|p2b: Amoonguss|move: Rage Powder\n|cant|p1a: Chi-Yu|slp\n|move|p2a: Dragapult|Draco Meteor|p1b: Chien-Pao|[miss]\n|-miss|p2a: Dragapult|p1b: Chien-Pao\n|move|p1b: Chien-Pao|Ice Spinner|p2b: Amoonguss\n|-supereffective|p2b: Amoonguss\n|-damage|p2b: Amoonguss|0 fnt\n|-damage|p1b: Chien-Pao|84\/100|[from] item: Rocky Helmet|[of] p2b: Amoonguss\n|faint|p2b: Amoonguss\n|\n|-damage|p2a: Dragapult|42\/100 brn|[from] brn\n|upkeep\n|\n|t:|1683243189\n|switch|p2b: Iron Hands|Iron Hands, L50|100\/100\n|turn|3\n|\n|t:|1683243197\n|move|p2b: Iron Hands|Fake Out|p1b: Chien-Pao\n|-damage|p1b: Chien-Pao|60\/100\n|cant|p1b: Chien-Pao|flinch\n|cant|p1a: Chi-Yu|slp\n|move|p2a: Dragapult|Draco Meteor|p1a: Chi-Yu\n|-damage|p1a: Chi-Yu|14\/100 slp\n|-unboost|p2a: Dragapult|spa|2\n|-damage|p2a: Dragapult|32\/100 brn|[from] item: Life Orb\n|\n|-damage|p2a: Dragapult|26\/100 brn|[from] brn\n|upkeep\n|turn|4\n|\n|t:|1683243212\n|move|p1b: Chien-Pao|Sucker Punch|p2a: Dragapult\n|-supereffective|p2a: Dragapult\n|-damage|p2a: Dragapult|0 fnt\n|faint|p2a: Dragapult\n|-curestatus|p1a: Chi-Yu|slp|[msg]\n|move|p1a: Chi-Yu|Heat Wave|p2b: Iron Hands\n|-damage|p2b: Iron Hands|61\/100\n|move|p2b: Iron Hands|Drain Punch|p1b: Chien-Pao\n|-supereffective|p1b: Chien-Pao\n|-damage|p1b: Chien-Pao|0 fnt\n|-heal|p2b: Iron Hands|81\/100|[from] drain|[of] p1b: Chien-Pao\n|faint|p1b: Chien-Pao\n|\n|upkeep\n|\n|t:|1683243225\n|switch|p2a: Flutter Mane|Flutter Mane, L50|100\/100\n|switch|p1b: Dragonite|Dragonite, L50, F|100\/100\n|-enditem|p2a: Flutter Mane|Booster Energy\n|-activate|p2a: Flutter Mane|ability: Protosynthesis|[fromitem]\n|-start|p2a: Flutter Mane|protosynthesisspe\n|turn|5\n|\n|t:|1683243237\n|-terastallize|p1b: Dragonite|Flying\n|move|p2a: Flutter Mane|Dazzling Gleam|p1a: Chi-Yu|[spread] p1a,p1b\n|-damage|p1a: Chi-Yu|0 fnt\n|-damage|p1b: Dragonite|64\/100\n|faint|p1a: Chi-Yu\n|move|p1b: Dragonite|Tera Blast|p2b: Iron Hands\n|-damage|p2b: Iron Hands|19\/100\n|move|p2b: Iron Hands|Wild Charge|p1b: Dragonite\n|-supereffective|p1b: Dragonite\n|-damage|p1b: Dragonite|0 fnt\n|faint|p1b: Dragonite\n|-damage|p2b: Iron Hands|7\/100|[from] Recoil\n|\n|win|inkylove\n|raw|fftttggghhhyyy's rating: 1000 → 1000<\/strong> (+0 for losing)\n|raw|inkylove's rating: 1123 → 1140<\/strong> (+17 for winning)\n|l|\u2606fftttggghhhyyy\n","uploadtime":1683243252,"views":7,"p1id":"fftttggghhhyyy","p2id":"inkylove","formatid":"gen9vgc2023regulationc","rating":1000,"private":0,"password":""}