{"id":"gen9vgc2023regulationc-1857137671","p1":"odctestingblablba","p2":"BrilliantAchilles","format":"[Gen 9] VGC 2023 Regulation C","log":"|j|\u2606odctestingblablba\n|j|\u2606BrilliantAchilles\n|t:|1683149692\n|gametype|doubles\n|player|p1|odctestingblablba|arezu|1146\n|player|p2|BrilliantAchilles|102|1118\n|teamsize|p1|6\n|teamsize|p2|6\n|gen|9\n|tier|[Gen 9] VGC 2023 Regulation C\n|rated|\n|rule|Species Clause: Limit one of each Pok\u00e9mon\n|rule|Item Clause: Limit one of each item\n|clearpoke\n|poke|p1|Arcanine, L50, F|\n|poke|p1|Amoonguss, L50, F|\n|poke|p1|Palafin, L50, M|\n|poke|p1|Flutter Mane, L50|\n|poke|p1|Ting-Lu, L50|\n|poke|p1|Baxcalibur, L50, M|\n|poke|p2|Flutter Mane, L50|\n|poke|p2|Palafin, L50, M|\n|poke|p2|Arcanine, L50, M|\n|poke|p2|Amoonguss, L50, M|\n|poke|p2|Ting-Lu, L50|\n|poke|p2|Baxcalibur, L50, F|\n|teampreview|4\n|inactive|Battle timer is ON: inactive players will automatically lose when time's up. (requested by odctestingblablba)\nBrilliantAchilles has agreed to open team sheets.\nodctestingblablba has agreed to open team sheets.\n|inactive|odctestingblablba has 60 seconds left.\n|\n|t:|1683149753\n|start\n|switch|p1a: Palafin|Palafin, L50, M|100\/100\n|switch|p1b: Amoonguss|Amoonguss, L50, F|100\/100\n|switch|p2a: Flutter Mane|Flutter Mane, L50|100\/100\n|switch|p2b: Palafin|Palafin, L50, M|100\/100\n|turn|1\n|\n|t:|1683149766\n|-end|p2a: Flutter Mane|Protosynthesis|[silent]\n|switch|p2a: Amoonguss|Amoonguss, L50, M|100\/100\n|detailschange|p1a: Palafin|Palafin-Hero, L50, M\n|switch|p1a: Ting-Lu|Ting-Lu, L50|100\/100\n|-ability|p1a: Ting-Lu|Vessel of Ruin\n|detailschange|p2b: Palafin|Palafin-Hero, L50, M\n|switch|p2b: Arcanine|Arcanine, L50, M|100\/100\n|-ability|p2b: Arcanine|Intimidate|boost\n|-unboost|p1a: Ting-Lu|atk|1\n|-unboost|p1b: Amoonguss|atk|1\n|move|p1b: Amoonguss|Spore|p2a: Amoonguss\n|-immune|p2a: Amoonguss\n|\n|upkeep\n|turn|2\n|\n|t:|1683149785\n|switch|p1b: Palafin|Palafin-Hero, L50, M|100\/100\n|-activate|p1b: Palafin|ability: Zero to Hero\n|-terastallize|p2b: Arcanine|Flying\n|move|p2b: Arcanine|Flare Blitz|p1b: Palafin\n|-resisted|p1b: Palafin\n|-damage|p1b: Palafin|75\/100\n|-damage|p2b: Arcanine|93\/100|[from] Recoil\n|move|p1a: Ting-Lu|Stone Edge|p2b: Arcanine|[miss]\n|-miss|p1a: Ting-Lu|p2b: Arcanine\n|move|p2a: Amoonguss|Spore|p1a: Ting-Lu\n|-status|p1a: Ting-Lu|slp|[from] move: Spore\n|\n|-heal|p1b: Palafin|80\/100|[from] item: Leftovers\n|upkeep\n|turn|3\n|\n|t:|1683149802\n|move|p2b: Arcanine|Protect|p2b: Arcanine\n|-singleturn|p2b: Arcanine|Protect\n|move|p1b: Palafin|Protect|p1b: Palafin\n|-singleturn|p1b: Palafin|Protect\n|cant|p1a: Ting-Lu|slp\n|move|p2a: Amoonguss|Spore|p1b: Palafin\n|-activate|p1b: Palafin|move: Protect\n|\n|-heal|p1b: Palafin|86\/100|[from] item: Leftovers\n|upkeep\n|turn|4\n|\n|t:|1683149815\n|switch|p2b: Palafin|Palafin-Hero, L50, M|100\/100\n|-activate|p2b: Palafin|ability: Zero to Hero\n|switch|p1b: Amoonguss|Amoonguss, L50, F|100\/100\n|cant|p1a: Ting-Lu|slp\n|move|p2a: Amoonguss|Spore|p1b: Amoonguss\n|-immune|p1b: Amoonguss\n|\n|upkeep\n|turn|5\n|inactive|odctestingblablba has 30 seconds left.\n|\n|t:|1683149844\n|switch|p2b: Arcanine|Arcanine, L50, M, tera:Flying|93\/100\n|-ability|p2b: Arcanine|Intimidate|boost\n|-unboost|p1a: Ting-Lu|atk|1\n|-unboost|p1b: Amoonguss|atk|1\n|-terastallize|p1a: Ting-Lu|Grass\n|cant|p1a: Ting-Lu|slp\n|move|p2a: Amoonguss|Spore|p1a: Ting-Lu\n|-immune|p1a: Ting-Lu\n|move|p1b: Amoonguss|Pollen Puff|p1a: Ting-Lu\n|-immune|p1a: Ting-Lu\n|\n|upkeep\n|turn|6\n|inactive|odctestingblablba has 30 seconds left.\n|inactive|BrilliantAchilles has 30 seconds left.\n|inactive|BrilliantAchilles has 20 seconds left.\n|\n|t:|1683149883\n|switch|p1a: Baxcalibur|Baxcalibur, L50, M|100\/100\n|switch|p1b: Palafin|Palafin-Hero, L50, M|86\/100\n|move|p2b: Arcanine|Will-O-Wisp|p1a: Baxcalibur\n|-immune|p1a: Baxcalibur|[from] ability: Thermal Exchange\n|move|p2a: Amoonguss|Pollen Puff|p2b: Arcanine\n|-heal|p2b: Arcanine|100\/100\n|\n|-heal|p1b: Palafin|92\/100|[from] item: Leftovers\n|upkeep\n|turn|7\n|inactive|odctestingblablba has 30 seconds left.\n|\n|t:|1683149913\n|switch|p1a: Ting-Lu|Ting-Lu, L50, tera:Grass|100\/100 slp\n|-ability|p1a: Ting-Lu|Vessel of Ruin\n|switch|p1b: Amoonguss|Amoonguss, L50, F|100\/100\n|move|p2a: Amoonguss|Rage Powder|p2a: Amoonguss\n|-singleturn|p2a: Amoonguss|move: Rage Powder\n|move|p2b: Arcanine|Will-O-Wisp|p1b: Amoonguss\n|-status|p1b: Amoonguss|brn\n|\n|-damage|p1b: Amoonguss|95\/100 brn|[from] brn\n|upkeep\n|turn|8\n|\n|t:|1683149936\n|move|p1b: Amoonguss|Protect|p1b: Amoonguss\n|-singleturn|p1b: Amoonguss|Protect\n|move|p2b: Arcanine|Flare Blitz|p1a: Ting-Lu\n|-supereffective|p1a: Ting-Lu\n|-damage|p1a: Ting-Lu|38\/100 slp\n|-damage|p2b: Arcanine|74\/100|[from] Recoil\n|-curestatus|p1a: Ting-Lu|slp|[msg]\n|move|p1a: Ting-Lu|Stone Edge|p2b: Arcanine\n|-supereffective|p2b: Arcanine\n|-damage|p2b: Arcanine|0 fnt\n|faint|p2b: Arcanine\n|move|p2a: Amoonguss|Spore|p1a: Ting-Lu\n|-immune|p1a: Ting-Lu\n|\n|-damage|p1b: Amoonguss|89\/100 brn|[from] brn\n|upkeep\n|\n|t:|1683149950\n|switch|p2b: Flutter Mane|Flutter Mane, L50|100\/100\n|turn|9\n|\n|t:|1683149964\n|move|p2b: Flutter Mane|Moonblast|p1a: Ting-Lu\n|-damage|p1a: Ting-Lu|14\/100\n|move|p1a: Ting-Lu|Heavy Slam|p2b: Flutter Mane\n|-supereffective|p2b: Flutter Mane\n|-damage|p2b: Flutter Mane|0 fnt\n|faint|p2b: Flutter Mane\n|-end|p2b: Flutter Mane|Protosynthesis|[silent]\n|move|p2a: Amoonguss|Spore|p1b: Amoonguss\n|-immune|p1b: Amoonguss\n|move|p1b: Amoonguss|Pollen Puff|p1a: Ting-Lu\n|-heal|p1a: Ting-Lu|64\/100\n|\n|-damage|p1b: Amoonguss|83\/100 brn|[from] brn\n|upkeep\n|-message|BrilliantAchilles forfeited.\n|\n|win|odctestingblablba\n|raw|odctestingblablba's rating: 1146 → 1169<\/strong> (+23 for winning)\n|raw|BrilliantAchilles's rating: 1118 → 1095<\/strong> (-23 for losing)\n|l|\u2606BrilliantAchilles\n","uploadtime":1683149974,"views":8,"p1id":"odctestingblablba","p2id":"brilliantachilles","formatid":"gen9vgc2023regulationc","rating":1095,"private":0,"password":""}