{"id":"gen9vgc2023regulationc-1852019901","p1":"Lewlo","p2":"PatuDucc","format":"[Gen 9] VGC 2023 Regulation C","log":"|j|\u2606Lewlo\n|j|\u2606PatuDucc\n|t:|1682517314\n|gametype|doubles\n|player|p1|Lewlo|pokemonbreeder-gen4|1223\n|player|p2|PatuDucc|169|1179\n|teamsize|p1|6\n|teamsize|p2|6\n|gen|9\n|tier|[Gen 9] VGC 2023 Regulation C\n|rated|\n|rule|Species Clause: Limit one of each Pok\u00e9mon\n|rule|Item Clause: Limit one of each item\n|clearpoke\n|poke|p1|Chien-Pao, L50|\n|poke|p1|Azumarill, L50, M|\n|poke|p1|Amoonguss, L50, F|\n|poke|p1|Flutter Mane, L50|\n|poke|p1|Arcanine, L50, M|\n|poke|p1|Klefki, L50, M|\n|poke|p2|Talonflame, L50, M|\n|poke|p2|Garchomp, L50, F|\n|poke|p2|Flutter Mane, L50|\n|poke|p2|Chi-Yu, L50|\n|poke|p2|Tsareena, L50, F|\n|poke|p2|Iron Bundle, L50|\n|teampreview|4\n|inactive|Battle timer is ON: inactive players will automatically lose when time's up. (requested by Lewlo)\nLewlo has agreed to open team sheets.\n|inactive|Lewlo has 60 seconds left.\n|\n|t:|1682517346\n|start\n|switch|p1a: Klefki|Klefki, L50, M|100\/100\n|switch|p1b: Azumarill|Azumarill, L50, M|100\/100\n|switch|p2a: Talonflame|Talonflame, L50, M|100\/100\n|switch|p2b: Garchomp|Garchomp, L50, F|100\/100\n|turn|1\n|inactive|PatuDucc has 30 seconds left.\n|\n|t:|1682517374\n|move|p2a: Talonflame|Quick Guard|p2a: Talonflame\n|-singleturn|p2a: Talonflame|Quick Guard\n|move|p1a: Klefki|Reflect|p1a: Klefki\n|-sidestart|p1: Lewlo|Reflect\n|move|p2b: Garchomp|Earthquake|p1a: Klefki|[spread] p1a,p1b\n|-immune|p2a: Talonflame\n|-supereffective|p1a: Klefki\n|-damage|p1a: Klefki|33\/100\n|-damage|p1b: Azumarill|59\/100\n|-damage|p2b: Garchomp|91\/100|[from] item: Life Orb\n|move|p1b: Azumarill|Ice Spinner|p2b: Garchomp\n|-supereffective|p2b: Garchomp\n|-damage|p2b: Garchomp|0 fnt\n|-damage|p1b: Azumarill|46\/100|[from] ability: Rough Skin|[of] p2b: Garchomp\n|faint|p2b: Garchomp\n|\n|upkeep\n|\n|t:|1682517394\n|switch|p2b: Iron Bundle|Iron Bundle, L50|100\/100\n|-enditem|p2b: Iron Bundle|Booster Energy\n|-activate|p2b: Iron Bundle|ability: Quark Drive|[fromitem]\n|-start|p2b: Iron Bundle|quarkdrivespe\n|turn|2\n|inactive|PatuDucc has 30 seconds left.\n|\n|t:|1682517424\n|move|p2a: Talonflame|Brave Bird|p1a: Klefki\n|-resisted|p1a: Klefki\n|-damage|p1a: Klefki|22\/100\n|-damage|p2a: Talonflame|97\/100|[from] Recoil\n|move|p1a: Klefki|Light Screen|p1a: Klefki\n|-sidestart|p1: Lewlo|move: Light Screen\n|move|p2b: Iron Bundle|Freeze-Dry|p1b: Azumarill\n|-supereffective|p1b: Azumarill\n|-damage|p1b: Azumarill|13\/100\n|move|p1b: Azumarill|Play Rough|p2b: Iron Bundle\n|-damage|p2b: Iron Bundle|35\/100\n|\n|upkeep\n|turn|3\n|inactive|PatuDucc has 30 seconds left.\n|\n|t:|1682517452\n|move|p2a: Talonflame|Quick Guard|p2a: Talonflame\n|-singleturn|p2a: Talonflame|Quick Guard\n|move|p1b: Azumarill|Aqua Jet|p2a: Talonflame\n|-activate|p2a: Talonflame|move: Quick Guard\n|move|p2b: Iron Bundle|Freeze-Dry|p1b: Azumarill\n|-supereffective|p1b: Azumarill\n|-damage|p1b: Azumarill|0 fnt\n|faint|p1b: Azumarill\n|move|p1a: Klefki|Dazzling Gleam|p2b: Iron Bundle|[spread] p2a,p2b\n|-resisted|p2a: Talonflame\n|-damage|p2a: Talonflame|85\/100\n|-damage|p2b: Iron Bundle|0 fnt\n|faint|p2b: Iron Bundle\n|-end|p2b: Iron Bundle|Quark Drive|[silent]\n|\n|upkeep\n|\n|t:|1682517473\n|switch|p2b: Tsareena|Tsareena, L50, F|100\/100\n|switch|p1b: Flutter Mane|Flutter Mane, L50|100\/100\n|-enditem|p1b: Flutter Mane|Booster Energy\n|-activate|p1b: Flutter Mane|ability: Protosynthesis|[fromitem]\n|-start|p1b: Flutter Mane|protosynthesisspa\n|turn|4\n|inactive|PatuDucc has 30 seconds left.\n|inactive|PatuDucc has 20 seconds left.\n|inactive|PatuDucc has 15 seconds left.\n|inactive|PatuDucc has 10 seconds left.\n|inactive|PatuDucc has 5 seconds left.\n|\n|t:|1682517523\n|move|p2b: Tsareena|Protect|p2b: Tsareena\n|-singleturn|p2b: Tsareena|Protect\n|move|p2a: Talonflame|Tailwind|p2a: Talonflame\n|-sidestart|p2: PatuDucc|move: Tailwind\n|move|p1b: Flutter Mane|Perish Song|p1b: Flutter Mane\n|-start|p1a: Klefki|perish3|[silent]\n|-start|p1b: Flutter Mane|perish3|[silent]\n|-start|p2a: Talonflame|perish3|[silent]\n|-start|p2b: Tsareena|perish3|[silent]\n|-fieldactivate|move: Perish Song\n|move|p1a: Klefki|Dazzling Gleam|p2b: Tsareena|[spread] p2a\n|-activate|p2b: Tsareena|move: Protect\n|-resisted|p2a: Talonflame\n|-damage|p2a: Talonflame|74\/100\n|\n|-start|p2a: Talonflame|perish3\n|-start|p2b: Tsareena|perish3\n|-start|p1b: Flutter Mane|perish3\n|-start|p1a: Klefki|perish3\n|upkeep\n|turn|5\n|\n|t:|1682517545\n|switch|p1a: Chien-Pao|Chien-Pao, L50|100\/100\n|-ability|p1a: Chien-Pao|Sword of Ruin\n|move|p1b: Flutter Mane|Protect|p1b: Flutter Mane\n|-singleturn|p1b: Flutter Mane|Protect\n|move|p2a: Talonflame|Brave Bird|p1b: Flutter Mane\n|-activate|p1b: Flutter Mane|move: Protect\n|move|p2b: Tsareena|Power Whip|p1b: Flutter Mane\n|-activate|p1b: Flutter Mane|move: Protect\n|\n|-start|p2a: Talonflame|perish2\n|-start|p2b: Tsareena|perish2\n|-start|p1b: Flutter Mane|perish2\n|upkeep\n|turn|6\n|\n|t:|1682517566\n|-end|p1b: Flutter Mane|Protosynthesis|[silent]\n|switch|p1b: Klefki|Klefki, L50, M|22\/100\n|move|p1a: Chien-Pao|Protect|p1a: Chien-Pao\n|-singleturn|p1a: Chien-Pao|Protect\n|move|p2a: Talonflame|Brave Bird|p1b: Klefki\n|-resisted|p1b: Klefki\n|-damage|p1b: Klefki|8\/100\n|-damage|p2a: Talonflame|70\/100|[from] Recoil\n|move|p2b: Tsareena|Power Whip|p1b: Klefki\n|-resisted|p1b: Klefki\n|-damage|p1b: Klefki|0 fnt\n|faint|p1b: Klefki\n|\n|-start|p2a: Talonflame|perish1\n|-start|p2b: Tsareena|perish1\n|upkeep\n|\n|t:|1682517578\n|switch|p1b: Flutter Mane|Flutter Mane, L50|100\/100\n|turn|7\n|l|\u2606PatuDucc\n|inactive|PatuDucc disconnected and has a minute to reconnect!\n|player|p2|\n|inactive|PatuDucc has 30 seconds left.\n|inactive|PatuDucc has 20 seconds left.\n|inactive|PatuDucc has 15 seconds left.\n|inactive|PatuDucc has 10 seconds left.\n|inactive|PatuDucc has 5 seconds left.\n|-message|PatuDucc lost due to inactivity.\n|\n|win|Lewlo\n|raw|Lewlo's rating: 1223 → 1245<\/strong> (+22 for winning)\n|raw|PatuDucc's rating: 1179 → 1157<\/strong> (-22 for losing)\n","uploadtime":1682517637,"views":4,"p1id":"lewlo","p2id":"patuducc","formatid":"gen9vgc2023regulationc","rating":1157,"private":0,"password":""}