{"id":"gen9vgc2023regulationc-1851305935","p1":"WillieDangerously","p2":"starterX","format":"[Gen 9] VGC 2023 Regulation C","log":"|j|\u2606WillieDangerously\n|j|\u2606starterX\n|t:|1682434357\n|gametype|doubles\n|player|p1|WillieDangerously|psychic-gen4|1110\n|player|p2|starterX|170|1115\n|teamsize|p1|6\n|teamsize|p2|6\n|gen|9\n|tier|[Gen 9] VGC 2023 Regulation C\n|rated|\n|rule|Species Clause: Limit one of each Pok\u00e9mon\n|rule|Item Clause: Limit one of each item\n|clearpoke\n|poke|p1|Espathra, L50, M|\n|poke|p1|Iron Bundle, L50|\n|poke|p1|Iron Valiant, L50|\n|poke|p1|Salamence, L50, F|\n|poke|p1|Scizor, L50, F|\n|poke|p1|Sandy Shocks, L50|\n|poke|p2|Ting-Lu, L50|\n|poke|p2|Dragonite, L50, M|\n|poke|p2|Chien-Pao, L50|\n|poke|p2|Dondozo, L50, M|\n|poke|p2|Flutter Mane, L50|\n|poke|p2|Amoonguss, L50, F|\n|teampreview|4\n|\n|t:|1682434425\n|start\n|switch|p1a: Sandy Shocks|Sandy Shocks, L50|100\/100\n|switch|p1b: Scizor|Scizor, L50, F|100\/100\n|switch|p2a: Chien-Pao|Chien-Pao, L50|100\/100\n|switch|p2b: Dragonite|Dragonite, L50, M|100\/100\n|-ability|p2a: Chien-Pao|Sword of Ruin\n|-enditem|p1a: Sandy Shocks|Booster Energy\n|-activate|p1a: Sandy Shocks|ability: Protosynthesis|[fromitem]\n|-start|p1a: Sandy Shocks|protosynthesisspe\n|turn|1\n|\n|t:|1682434466\n|switch|p2a: Ting-Lu|Ting-Lu, L50|100\/100\n|-ability|p2a: Ting-Lu|Vessel of Ruin\n|move|p1a: Sandy Shocks|Protect|p1a: Sandy Shocks\n|-singleturn|p1a: Sandy Shocks|Protect\n|move|p1b: Scizor|Bullet Punch|p2b: Dragonite\n|-damage|p2b: Dragonite|64\/100\n|move|p2b: Dragonite|Low Kick|p1b: Scizor\n|-damage|p1b: Scizor|42\/100\n|\n|upkeep\n|turn|2\n|\n|t:|1682434491\n|move|p1a: Sandy Shocks|Gravity|p1a: Sandy Shocks\n|-fieldstart|move: Gravity\n|move|p2b: Dragonite|Low Kick|p1a: Sandy Shocks\n|-damage|p1a: Sandy Shocks|52\/100\n|move|p1b: Scizor|Pounce|p2a: Ting-Lu\n|-supereffective|p2a: Ting-Lu\n|-damage|p2a: Ting-Lu|47\/100\n|move|p2a: Ting-Lu|Earthquake|p1b: Scizor|[spread] p2b,p1a,p1b\n|-supereffective|p1a: Sandy Shocks\n|-crit|p1a: Sandy Shocks\n|-damage|p2b: Dragonite|20\/100\n|-damage|p1a: Sandy Shocks|0 fnt\n|-damage|p1b: Scizor|0 fnt\n|faint|p1a: Sandy Shocks\n|-end|p1a: Sandy Shocks|Protosynthesis|[silent]\n|faint|p1b: Scizor\n|\n|upkeep\n|\n|t:|1682434502\n|switch|p1a: Espathra|Espathra, L50, M|100\/100\n|switch|p1b: Iron Bundle|Iron Bundle, L50|100\/100\n|turn|3\n|\n|t:|1682434523\n|move|p2a: Ting-Lu|Protect|p2a: Ting-Lu\n|-singleturn|p2a: Ting-Lu|Protect\n|move|p1b: Iron Bundle|Blizzard|p2a: Ting-Lu|[spread] p2b\n|-activate|p2a: Ting-Lu|move: Protect\n|-supereffective|p2b: Dragonite\n|-damage|p2b: Dragonite|0 fnt\n|faint|p2b: Dragonite\n|move|p1a: Espathra|Hypnosis|p2a: Ting-Lu\n|-activate|p2a: Ting-Lu|move: Protect\n|\n|-ability|p1a: Espathra|Speed Boost|boost\n|-boost|p1a: Espathra|spe|1\n|upkeep\n|\n|t:|1682434529\n|switch|p2b: Chien-Pao|Chien-Pao, L50|100\/100\n|-ability|p2b: Chien-Pao|Sword of Ruin\n|turn|4\n|\n|t:|1682434548\n|switch|p2a: Dondozo|Dondozo, L50, M|100\/100\n|move|p1a: Espathra|Hypnosis|p2b: Chien-Pao\n|-status|p2b: Chien-Pao|slp|[from] move: Hypnosis\n|move|p1b: Iron Bundle|Blizzard|p2a: Dondozo|[spread] p2a,p2b\n|-resisted|p2a: Dondozo\n|-resisted|p2b: Chien-Pao\n|-damage|p2a: Dondozo|86\/100\n|-damage|p2b: Chien-Pao|69\/100 slp\n|cant|p2b: Chien-Pao|slp\n|\n|-heal|p2a: Dondozo|93\/100|[from] item: Leftovers\n|-ability|p1a: Espathra|Speed Boost|boost\n|-boost|p1a: Espathra|spe|1\n|upkeep\n|turn|5\n|\n|t:|1682434567\n|move|p1a: Espathra|Hypnosis|p2a: Dondozo\n|-status|p2a: Dondozo|slp|[from] move: Hypnosis\n|move|p1b: Iron Bundle|Hydro Pump|p2b: Chien-Pao\n|-damage|p2b: Chien-Pao|0 fnt\n|faint|p2b: Chien-Pao\n|cant|p2a: Dondozo|slp\n|\n|-heal|p2a: Dondozo|99\/100 slp|[from] item: Leftovers\n|-ability|p1a: Espathra|Speed Boost|boost\n|-boost|p1a: Espathra|spe|1\n|upkeep\n|\n|t:|1682434572\n|switch|p2b: Ting-Lu|Ting-Lu, L50|47\/100\n|-ability|p2b: Ting-Lu|Vessel of Ruin\n|turn|6\n|\n|t:|1682434595\n|-terastallize|p1b: Iron Bundle|Ice\n|move|p2b: Ting-Lu|Protect|p2b: Ting-Lu\n|-singleturn|p2b: Ting-Lu|Protect\n|move|p1a: Espathra|Lumina Crash|p2a: Dondozo\n|-damage|p2a: Dondozo|82\/100 slp\n|-unboost|p2a: Dondozo|spd|2\n|move|p1b: Iron Bundle|Blizzard|p2a: Dondozo|[spread] p2a\n|-activate|p2b: Ting-Lu|move: Protect\n|-resisted|p2a: Dondozo\n|-damage|p2a: Dondozo|54\/100 slp\n|cant|p2a: Dondozo|slp\n|\n|-heal|p2a: Dondozo|60\/100 slp|[from] item: Leftovers\n|-fieldend|move: Gravity\n|-ability|p1a: Espathra|Speed Boost|boost\n|-boost|p1a: Espathra|spe|1\n|upkeep\n|turn|7\n|inactive|Battle timer is ON: inactive players will automatically lose when time's up. (requested by starterX)\n|\n|t:|1682434629\n|move|p1a: Espathra|Lumina Crash|p2a: Dondozo\n|-damage|p2a: Dondozo|30\/100 slp\n|-unboost|p2a: Dondozo|spd|2\n|move|p1b: Iron Bundle|Blizzard|p2a: Dondozo|[spread] p2a,p2b\n|-resisted|p2a: Dondozo\n|-supereffective|p2b: Ting-Lu\n|-damage|p2a: Dondozo|0 fnt\n|-damage|p2b: Ting-Lu|0 fnt\n|faint|p2a: Dondozo\n|faint|p2b: Ting-Lu\n|\n|win|WillieDangerously\n|raw|WillieDangerously's rating: 1110 → 1135<\/strong> (+25 for winning)\n|raw|starterX's rating: 1115 → 1090<\/strong> (-25 for losing)\n|l|\u2606starterX\n","uploadtime":1682434641,"views":10,"p1id":"williedangerously","p2id":"starterx","formatid":"gen9vgc2023regulationc","rating":1090,"private":0,"password":""}