{"id":"gen9vgc2023regulationc-1860907973","p1":"Silralisk","p2":"BlindMagneton","format":"[Gen 9] VGC 2023 Regulation C","log":"|j|\u2606Silralisk\n|j|\u2606BlindMagneton\n|t:|1683693955\n|gametype|doubles\n|player|p1|Silralisk|101|1299\n|player|p2|BlindMagneton|wattson|1386\n|teamsize|p1|6\n|teamsize|p2|6\n|gen|9\n|tier|[Gen 9] VGC 2023 Regulation C\n|rated|\n|rule|Species Clause: Limit one of each Pok\u00e9mon\n|rule|Item Clause: Limit one of each item\n|clearpoke\n|poke|p1|Wo-Chien, L50|\n|poke|p1|Grimmsnarl, L50, M|\n|poke|p1|Gholdengo, L50|\n|poke|p1|Arcanine, L50, M|\n|poke|p1|Rotom-Wash, L50|\n|poke|p1|Chien-Pao, L50|\n|poke|p2|Iron Bundle, L50|\n|poke|p2|Sandy Shocks, L50|\n|poke|p2|Pelipper, L50, F|\n|poke|p2|Scizor, L50, F|\n|poke|p2|Magnezone, L50|\n|poke|p2|Azumarill, L50, F|\n|teampreview|4\n|inactive|Battle timer is ON: inactive players will automatically lose when time's up. (requested by Silralisk)\n|inactive|Silralisk has 60 seconds left.\n|inactive|BlindMagneton has 60 seconds left.\n|inactive|Silralisk has 30 seconds left.\n|inactive|BlindMagneton has 30 seconds left.\n|inactive|BlindMagneton has 20 seconds left.\n|inactive|BlindMagneton has 15 seconds left.\n|inactive|BlindMagneton has 10 seconds left.\n|\n|t:|1683694039\n|start\n|switch|p1a: Grimmsnarl|Grimmsnarl, L50, M|100\/100\n|switch|p1b: Gholdengo|Gholdengo, L50|100\/100\n|switch|p2a: Scizor|Scizor, L50, F|100\/100\n|switch|p2b: Sandy Shocks|Sandy Shocks, L50|100\/100\n|-enditem|p2b: Sandy Shocks|Booster Energy\n|-activate|p2b: Sandy Shocks|ability: Protosynthesis|[fromitem]\n|-start|p2b: Sandy Shocks|protosynthesisspe\n|turn|1\n|inactive|Silralisk has 30 seconds left.\n|inactive|Silralisk has 20 seconds left.\n|inactive|Silralisk has 15 seconds left.\n|inactive|Silralisk has 10 seconds left.\n|inactive|Silralisk has 5 seconds left.\n|\n|t:|1683694092\n|move|p1a: Grimmsnarl|Fake Out|p2b: Sandy Shocks\n|-damage|p2b: Sandy Shocks|86\/100\n|move|p2a: Scizor|Bullet Punch|p1a: Grimmsnarl\n|-supereffective|p1a: Grimmsnarl\n|-crit|p1a: Grimmsnarl\n|-damage|p1a: Grimmsnarl|0 fnt\n|faint|p1a: Grimmsnarl\n|-damage|p2a: Scizor|91\/100|[from] item: Life Orb\n|cant|p2b: Sandy Shocks|flinch\n|move|p1b: Gholdengo|Shadow Ball|p2a: Scizor\n|-damage|p2a: Scizor|0 fnt\n|faint|p2a: Scizor\n|\n|upkeep\n|inactive|BlindMagneton has 30 seconds left.\n|\n|t:|1683694120\n|switch|p2a: Iron Bundle|Iron Bundle, L50|100\/100\n|switch|p1a: Wo-Chien|Wo-Chien, L50|100\/100\n|-ability|p1a: Wo-Chien|Tablets of Ruin\n|turn|2\n|inactive|BlindMagneton has 30 seconds left.\n|\n|t:|1683694154\n|switch|p1b: Rotom|Rotom-Wash, L50|100\/100\n|move|p2b: Sandy Shocks|Gravity|p2b: Sandy Shocks\n|-fieldstart|move: Gravity\n|move|p2a: Iron Bundle|Blizzard|p1a: Wo-Chien|[spread] p1a,p1b\n|-supereffective|p1a: Wo-Chien\n|-resisted|p1b: Rotom\n|-damage|p1a: Wo-Chien|41\/100\n|-damage|p1b: Rotom|70\/100\n|move|p1a: Wo-Chien|Giga Drain|p2a: Iron Bundle\n|-supereffective|p2a: Iron Bundle\n|-damage|p2a: Iron Bundle|0 fnt\n|-heal|p1a: Wo-Chien|75\/100|[from] drain|[of] p2a: Iron Bundle\n|faint|p2a: Iron Bundle\n|-end|p2a: Iron Bundle|Quark Drive|[silent]\n|\n|upkeep\n|\n|t:|1683694165\n|switch|p2a: Magnezone|Magnezone, L50|100\/100\n|turn|3\n|inactive|Silralisk has 30 seconds left.\n|\n|t:|1683694200\n|-terastallize|p2b: Sandy Shocks|Grass\n|move|p1b: Rotom|Protect|p1b: Rotom\n|-singleturn|p1b: Rotom|Protect\n|move|p2a: Magnezone|Protect|p2a: Magnezone\n|-singleturn|p2a: Magnezone|Protect\n|move|p2b: Sandy Shocks|Earth Power|p1b: Rotom\n|-activate|p1b: Rotom|move: Protect\n|move|p1a: Wo-Chien|Giga Drain|p2b: Sandy Shocks\n|-resisted|p2b: Sandy Shocks\n|-damage|p2b: Sandy Shocks|70\/100\n|-heal|p1a: Wo-Chien|84\/100|[from] drain|[of] p2b: Sandy Shocks\n|\n|upkeep\n|turn|4\n|inactive|Silralisk has 30 seconds left.\n|inactive|BlindMagneton has 30 seconds left.\n|inactive|Silralisk has 20 seconds left.\n|inactive|BlindMagneton has 20 seconds left.\n|inactive|Silralisk has 15 seconds left.\n|inactive|BlindMagneton has 15 seconds left.\n|inactive|Silralisk has 10 seconds left.\n|inactive|BlindMagneton has 10 seconds left.\n|\n|t:|1683694254\n|move|p2b: Sandy Shocks|Earth Power|p1b: Rotom\n|-supereffective|p1b: Rotom\n|-damage|p1b: Rotom|0 fnt\n|faint|p1b: Rotom\n|move|p1a: Wo-Chien|Ruination|p2a: Magnezone\n|-damage|p2a: Magnezone|51\/100\n|move|p2a: Magnezone|Flash Cannon|p1a: Wo-Chien\n|-damage|p1a: Wo-Chien|63\/100\n|\n|upkeep\n|\n|t:|1683694264\n|switch|p1b: Gholdengo|Gholdengo, L50|100\/100\n|turn|5\n|inactive|Silralisk has 30 seconds left.\n|\n|t:|1683694291\n|-terastallize|p1b: Gholdengo|Water\n|move|p2b: Sandy Shocks|Electric Terrain|p2b: Sandy Shocks\n|-fieldstart|move: Electric Terrain\n|move|p1b: Gholdengo|Make It Rain|p2b: Sandy Shocks|[spread] p2a,p2b\n|-resisted|p2a: Magnezone\n|-damage|p2a: Magnezone|32\/100\n|-damage|p2b: Sandy Shocks|4\/100\n|-unboost|p1b: Gholdengo|spa|1\n|move|p1a: Wo-Chien|Ruination|p2a: Magnezone\n|-damage|p2a: Magnezone|16\/100\n|move|p2a: Magnezone|Thunder|p1b: Gholdengo\n|-supereffective|p1b: Gholdengo\n|-crit|p1b: Gholdengo\n|-damage|p1b: Gholdengo|0 fnt\n|faint|p1b: Gholdengo\n|\n|upkeep\n|turn|6\n|inactive|Silralisk has 30 seconds left.\n|inactive|BlindMagneton has 30 seconds left.\n|\n|t:|1683694320\n|move|p2b: Sandy Shocks|Thunder|p1a: Wo-Chien\n|-resisted|p1a: Wo-Chien\n|-damage|p1a: Wo-Chien|50\/100\n|-status|p1a: Wo-Chien|par\n|move|p2a: Magnezone|Thunder|p1a: Wo-Chien\n|-resisted|p1a: Wo-Chien\n|-damage|p1a: Wo-Chien|32\/100 par\n|cant|p1a: Wo-Chien|par\n|\n|-fieldend|move: Gravity\n|upkeep\n|turn|7\n|\n|t:|1683694333\n|move|p2b: Sandy Shocks|Thunder|p1a: Wo-Chien\n|-resisted|p1a: Wo-Chien\n|-damage|p1a: Wo-Chien|19\/100 par\n|move|p2a: Magnezone|Flash Cannon|p1a: Wo-Chien\n|-damage|p1a: Wo-Chien|0 fnt\n|faint|p1a: Wo-Chien\n|\n|win|BlindMagneton\n|raw|Silralisk's rating: 1299 → 1280<\/strong> (-19 for losing)\n|raw|BlindMagneton's rating: 1386 → 1401<\/strong> (+15 for winning)\n|l|\u2606Silralisk\n","uploadtime":1683694384,"views":15,"p1id":"silralisk","p2id":"blindmagneton","formatid":"gen9vgc2023regulationc","rating":1280,"private":0,"password":""}