{"id":"gen9vgc2023regulationc-1859329578","p1":"BassedNuggz","p2":"BozoBrdBuddy","format":"[Gen 9] VGC 2023 Regulation C","log":"|j|\u2606BassedNuggz\n|j|\u2606BozoBrdBuddy\n|t:|1683435642\n|gametype|doubles\n|player|p1|BassedNuggz|guitarist-gen4|1134\n|player|p2|BozoBrdBuddy|102|1000\n|teamsize|p1|6\n|teamsize|p2|6\n|gen|9\n|tier|[Gen 9] VGC 2023 Regulation C\n|rated|\n|rule|Species Clause: Limit one of each Pok\u00e9mon\n|rule|Item Clause: Limit one of each item\n|clearpoke\n|poke|p1|Gastrodon-East, L50, F|\n|poke|p1|Gallade, L50, M|\n|poke|p1|Ceruledge, L50, M|\n|poke|p1|Bruxish, L50, F|\n|poke|p1|Brute Bonnet, L50|\n|poke|p1|Great Tusk, L50|\n|poke|p2|Talonflame, L50, F|\n|poke|p2|Sylveon, L50, M|\n|poke|p2|Gholdengo, L50|\n|poke|p2|Tyranitar, L50, F|\n|poke|p2|Houndstone, L50, M|\n|poke|p2|Amoonguss, L50, M|\n|teampreview|4\n|inactive|Battle timer is ON: inactive players will automatically lose when time's up. (requested by BozoBrdBuddy)\n|inactive|BassedNuggz has 60 seconds left.\n|\n|t:|1683435706\n|start\n|switch|p1a: Clyde|Brute Bonnet, L50|100\/100\n|switch|p1b: Blue Protoman|Ceruledge, L50, M|100\/100\n|switch|p2a: Talonflame|Talonflame, L50, F|100\/100\n|switch|p2b: Sylveon|Sylveon, L50, M|100\/100\n|turn|1\n|\n|t:|1683435726\n|-end|p1a: Clyde|Protosynthesis|[silent]\n|switch|p1a: Slay|Bruxish, L50, F|100\/100\n|-terastallize|p1b: Blue Protoman|Poison\n|move|p2a: Talonflame|Tailwind|p2a: Talonflame\n|-sidestart|p2: BozoBrdBuddy|move: Tailwind\n|move|p2b: Sylveon|Hyper Voice|p1b: Blue Protoman|[spread] p1a,p1b\n|-resisted|p1b: Blue Protoman\n|-damage|p1a: Slay|57\/100\n|-damage|p1b: Blue Protoman|78\/100\n|-enditem|p2b: Sylveon|Throat Spray\n|-boost|p2b: Sylveon|spa|1|[from] item: Throat Spray\n|move|p1b: Blue Protoman|Poison Jab|p2b: Sylveon\n|-supereffective|p2b: Sylveon\n|-damage|p2b: Sylveon|0 fnt\n|faint|p2b: Sylveon\n|\n|upkeep\n|\n|t:|1683435741\n|switch|p2b: Gholdengo|Gholdengo, L50|100\/100\n|turn|2\n|inactive|BozoBrdBuddy has 30 seconds left.\n|\n|t:|1683435770\n|move|p2a: Talonflame|Will-O-Wisp|p1a: Slay|[miss]\n|-miss|p2a: Talonflame|p1a: Slay\n|move|p2b: Gholdengo|Make It Rain|p1a: Slay|[spread] p1a,p1b\n|-resisted|p1a: Slay\n|-crit|p1b: Blue Protoman\n|-damage|p1a: Slay|20\/100\n|-damage|p1b: Blue Protoman|0 fnt\n|-unboost|p2b: Gholdengo|spa|1\n|faint|p1b: Blue Protoman\n|-damage|p2b: Gholdengo|91\/100|[from] item: Life Orb\n|move|p1a: Slay|Wave Crash|p2a: Talonflame\n|-supereffective|p2a: Talonflame\n|-damage|p2a: Talonflame|0 fnt\n|faint|p2a: Talonflame\n|-damage|p1a: Slay|0 fnt|[from] Recoil\n|faint|p1a: Slay\n|\n|upkeep\n|\n|t:|1683435788\n|switch|p2a: Houndstone|Houndstone, L50, M|100\/100\n|switch|p1b: Seto Kaiba|Gallade, L50, M, shiny|100\/100\n|switch|p1a: Clyde|Brute Bonnet, L50|100\/100\n|turn|3\n|inactive|BassedNuggz has 30 seconds left.\n|inactive|BassedNuggz has 20 seconds left.\n|inactive|BassedNuggz has 15 seconds left.\n|inactive|BassedNuggz has 10 seconds left.\n|inactive|BassedNuggz has 5 seconds left.\n|\n|t:|1683435841\n|-terastallize|p2a: Houndstone|Ghost\n|move|p2b: Gholdengo|Nasty Plot|p2b: Gholdengo\n|-boost|p2b: Gholdengo|spa|2\n|move|p2a: Houndstone|Last Respects|p1b: Seto Kaiba\n|-supereffective|p1b: Seto Kaiba\n|-damage|p1b: Seto Kaiba|0 fnt\n|faint|p1b: Seto Kaiba\n|move|p1a: Clyde|Spore|p2a: Houndstone\n|-status|p2a: Houndstone|slp|[from] move: Spore\n|\n|upkeep\n|turn|4\n|\n|t:|1683435861\n|move|p1a: Clyde|Sucker Punch|p2b: Gholdengo\n|-supereffective|p2b: Gholdengo\n|-damage|p2b: Gholdengo|26\/100\n|move|p2b: Gholdengo|Make It Rain|p1a: Clyde\n|-damage|p1a: Clyde|1\/100\n|-unboost|p2b: Gholdengo|spa|1\n|-damage|p2b: Gholdengo|17\/100|[from] item: Life Orb\n|cant|p2a: Houndstone|slp\n|\n|-sideend|p2: BozoBrdBuddy|move: Tailwind\n|upkeep\n|turn|5\n|\n|t:|1683435877\n|move|p1a: Clyde|Sucker Punch|p2b: Gholdengo\n|-supereffective|p2b: Gholdengo\n|-damage|p2b: Gholdengo|0 fnt\n|faint|p2b: Gholdengo\n|cant|p2a: Houndstone|slp\n|\n|upkeep\n|turn|6\n|\n|t:|1683435883\n|move|p1a: Clyde|Sucker Punch|p2a: Houndstone\n|-supereffective|p2a: Houndstone\n|-damage|p2a: Houndstone|31\/100 slp\n|cant|p2a: Houndstone|slp\n|\n|upkeep\n|turn|7\n|\n|t:|1683435890\n|move|p1a: Clyde|Sucker Punch|p2a: Houndstone\n|-supereffective|p2a: Houndstone\n|-damage|p2a: Houndstone|0 fnt\n|faint|p2a: Houndstone\n|\n|win|BassedNuggz\n|l|\u2606BozoBrdBuddy\n|raw|BassedNuggz's rating: 1134 → 1150<\/strong> (+16 for winning)\n|raw|BozoBrdBuddy's rating: 1000 → 1000<\/strong> (+0 for losing)\n||Ladder isn't responding, score probably updated but might not have (Request timeout).\n","uploadtime":1683436120,"views":16,"p1id":"bassednuggz","p2id":"bozobrdbuddy","formatid":"gen9vgc2023regulationc","rating":1000,"private":0,"password":""}