{"id":"gen9vgc2023regulationc-1861891811","p1":"CaptainEricVGC","p2":"Bynical","format":"[Gen 9] VGC 2023 Regulation C","log":"|j|\u2606CaptainEricVGC\n|j|\u2606Bynical\n|t:|1683818438\n|gametype|doubles\n|player|p1|CaptainEricVGC|2|1117\n|player|p2|Bynical|2|1131\n|teamsize|p1|6\n|teamsize|p2|6\n|gen|9\n|tier|[Gen 9] VGC 2023 Regulation C\n|rated|\n|rule|Species Clause: Limit one of each Pok\u00e9mon\n|rule|Item Clause: Limit one of each item\n|clearpoke\n|poke|p1|Arcanine, L50, F|\n|poke|p1|Baxcalibur, L50, M|\n|poke|p1|Brute Bonnet, L50|\n|poke|p1|Flutter Mane, L50|\n|poke|p1|Palafin, L50, M|\n|poke|p1|Ting-Lu, L50|\n|poke|p2|Amoonguss, L50, F|\n|poke|p2|Pelipper, L50, M|\n|poke|p2|Palafin, L50, F|\n|poke|p2|Barraskewda, L50, F|\n|poke|p2|Chien-Pao, L50|\n|poke|p2|Gholdengo, L50|\n|teampreview|4\n|inactive|Battle timer is ON: inactive players will automatically lose when time's up. (requested by Bynical)\n|\n|t:|1683818469\n|start\n|switch|p1a: Palafin|Palafin, L50, M|100\/100\n|switch|p1b: Ting-Lu|Ting-Lu, L50|100\/100\n|switch|p2a: Pelipper|Pelipper, L50, M|100\/100\n|switch|p2b: Palafin|Palafin, L50, F|100\/100\n|-weather|RainDance|[from] ability: Drizzle|[of] p2a: Pelipper\n|-ability|p1b: Ting-Lu|Vessel of Ruin\n|turn|1\n|inactive|CaptainEricVGC has 30 seconds left.\n|inactive|Bynical has 30 seconds left.\n|\n|t:|1683818502\n|detailschange|p2b: Palafin|Palafin-Hero, L50, F\n|switch|p2b: Chien-Pao|Chien-Pao, L50|100\/100\n|-ability|p2b: Chien-Pao|Sword of Ruin\n|detailschange|p1a: Palafin|Palafin-Hero, L50, M\n|switch|p1a: Brute Bonnet|Brute Bonnet, L50|100\/100\n|move|p2a: Pelipper|Hurricane|p1b: Ting-Lu\n|-damage|p1b: Ting-Lu|87\/100\n|move|p1b: Ting-Lu|Fissure|p2b: Chien-Pao|[miss]\n|-miss|p1b: Ting-Lu|p2b: Chien-Pao\n|\n|-weather|RainDance|[upkeep]\n|upkeep\n|turn|2\n|\n|t:|1683818527\n|move|p2a: Pelipper|Helping Hand|p2b: Chien-Pao\n|-singleturn|p2b: Chien-Pao|Helping Hand|[of] p2a: Pelipper\n|move|p1a: Brute Bonnet|Protect|p1a: Brute Bonnet\n|-singleturn|p1a: Brute Bonnet|Protect\n|move|p2b: Chien-Pao|Ice Spinner|p1a: Brute Bonnet\n|-activate|p1a: Brute Bonnet|move: Protect\n|move|p1b: Ting-Lu|Heavy Slam|p2b: Chien-Pao\n|-supereffective|p2b: Chien-Pao\n|-damage|p2b: Chien-Pao|0 fnt\n|faint|p2b: Chien-Pao\n|\n|-weather|RainDance|[upkeep]\n|upkeep\n|\n|t:|1683818536\n|switch|p2b: Palafin|Palafin-Hero, L50, F|100\/100\n|-activate|p2b: Palafin|ability: Zero to Hero\n|turn|3\n|\n|t:|1683818559\n|-terastallize|p1b: Ting-Lu|Poison\n|move|p2a: Pelipper|Helping Hand|p2b: Palafin\n|-singleturn|p2b: Palafin|Helping Hand|[of] p2a: Pelipper\n|move|p2b: Palafin|Ice Punch|p1a: Brute Bonnet\n|-supereffective|p1a: Brute Bonnet\n|-damage|p1a: Brute Bonnet|18\/100\n|-status|p1a: Brute Bonnet|frz\n|cant|p1a: Brute Bonnet|frz\n|move|p1b: Ting-Lu|Stomping Tantrum|p2b: Palafin\n|-damage|p2b: Palafin|68\/100\n|\n|-weather|RainDance|[upkeep]\n|upkeep\n|turn|4\n|\n|t:|1683818578\n|cant|p1a: Brute Bonnet|frz\n|move|p2b: Palafin|Wave Crash|p1b: Ting-Lu\n|-damage|p1b: Ting-Lu|0 fnt\n|faint|p1b: Ting-Lu\n|-damage|p2b: Palafin|34\/100|[from] Recoil\n|move|p2a: Pelipper|Hurricane|p1a: Brute Bonnet\n|-supereffective|p1a: Brute Bonnet\n|-damage|p1a: Brute Bonnet|0 fnt\n|faint|p1a: Brute Bonnet\n|-end|p1a: Brute Bonnet|Protosynthesis|[silent]\n|\n|-weather|RainDance|[upkeep]\n|upkeep\n|\n|t:|1683818582\n|switch|p1a: Palafin|Palafin-Hero, L50, M|100\/100\n|switch|p1b: Flutter Mane|Flutter Mane, L50|100\/100\n|-activate|p1a: Palafin|ability: Zero to Hero\n|-enditem|p1b: Flutter Mane|Booster Energy\n|-activate|p1b: Flutter Mane|ability: Protosynthesis|[fromitem]\n|-start|p1b: Flutter Mane|protosynthesisspa\n|turn|5\n|inactive|Bynical has 30 seconds left.\n|inactive|Bynical has 20 seconds left.\n|inactive|Bynical has 15 seconds left.\n|\n|t:|1683818623\n|move|p1b: Flutter Mane|Protect|p1b: Flutter Mane\n|-singleturn|p1b: Flutter Mane|Protect\n|move|p2a: Pelipper|Wide Guard|p2a: Pelipper\n|-singleturn|p2a: Pelipper|Wide Guard\n|move|p1a: Palafin|Jet Punch|p2b: Palafin\n|-resisted|p2b: Palafin\n|-damage|p2b: Palafin|0 fnt\n|faint|p2b: Palafin\n|\n|-weather|RainDance|[upkeep]\n|upkeep\n|\n|t:|1683818629\n|switch|p2b: Barraskewda|Barraskewda, L50, F|100\/100\n|turn|6\n|\n|t:|1683818642\n|-terastallize|p2b: Barraskewda|Electric\n|move|p1b: Flutter Mane|Protect|p1b: Flutter Mane\n|-singleturn|p1b: Flutter Mane|Protect\n|move|p1a: Palafin|Protect|p1a: Palafin\n|-singleturn|p1a: Palafin|Protect\n|move|p2b: Barraskewda|Tera Blast|p1a: Palafin\n|-activate|p1a: Palafin|move: Protect\n|move|p2a: Pelipper|Hurricane|p1a: Palafin\n|-activate|p1a: Palafin|move: Protect\n|\n|-weather|RainDance|[upkeep]\n|upkeep\n|turn|7\n|\n|t:|1683818665\n|move|p1a: Palafin|Jet Punch|p2b: Barraskewda\n|-enditem|p2b: Barraskewda|Focus Sash\n|-damage|p2b: Barraskewda|1\/100\n|move|p2b: Barraskewda|Tera Blast|p1a: Palafin\n|-supereffective|p1a: Palafin\n|-damage|p1a: Palafin|13\/100\n|move|p1b: Flutter Mane|Moonblast|p2b: Barraskewda\n|-damage|p2b: Barraskewda|0 fnt\n|faint|p2b: Barraskewda\n|move|p2a: Pelipper|Hurricane|p1b: Flutter Mane\n|-damage|p1b: Flutter Mane|62\/100\n|-start|p1b: Flutter Mane|confusion\n|\n|-weather|RainDance|[upkeep]\n|upkeep\n|turn|8\n|\n|t:|1683818681\n|move|p2a: Pelipper|Quick Attack|p1a: Palafin\n|-damage|p1a: Palafin|8\/100\n|-activate|p1b: Flutter Mane|confusion\n|move|p1b: Flutter Mane|Moonblast|p2a: Pelipper\n|-damage|p2a: Pelipper|14\/100\n|move|p1a: Palafin|Wave Crash|p2a: Pelipper\n|-resisted|p2a: Pelipper\n|-damage|p2a: Pelipper|0 fnt\n|faint|p2a: Pelipper\n|-damage|p1a: Palafin|4\/100|[from] Recoil\n|\n|win|CaptainEricVGC\n|raw|CaptainEricVGC's rating: 1117 → 1143<\/strong> (+26 for winning)\n|raw|Bynical's rating: 1131 → 1105<\/strong> (-26 for losing)\n|l|\u2606Bynical\n|c|\u2606CaptainEricVGC|gg\n","uploadtime":1683818694,"views":15,"p1id":"captainericvgc","p2id":"bynical","formatid":"gen9vgc2023regulationc","rating":1105,"private":0,"password":""}