{"id":"gen9vgc2023regulationc-1845147008","p1":"Daiji256","p2":"TheRandomAnt","format":"[Gen 9] VGC 2023 Regulation C","log":"|j|\u2606Daiji256\n|j|\u2606TheRandomAnt\n|t:|1681689145\n|gametype|doubles\n|player|p1|Daiji256|supernerd|1352\n|player|p2|TheRandomAnt|1|1366\n|teamsize|p1|6\n|teamsize|p2|6\n|gen|9\n|tier|[Gen 9] VGC 2023 Regulation C\n|rated|\n|rule|Species Clause: Limit one of each Pok\u00e9mon\n|rule|Item Clause: Limit one of each item\n|clearpoke\n|poke|p1|Glimmora, L50, M|\n|poke|p1|Dragonite, L50, M|\n|poke|p1|Dondozo, L50, M|\n|poke|p1|Tatsugiri-Stretchy, L50, F|\n|poke|p1|Flutter Mane, L50|\n|poke|p1|Chi-Yu, L50|\n|poke|p2|Palafin, L50, F|\n|poke|p2|Flutter Mane, L50|\n|poke|p2|Arcanine, L50, F|\n|poke|p2|Ting-Lu, L50|\n|poke|p2|Amoonguss, L50, M|\n|poke|p2|Kingambit, L50, M|\n|teampreview|4\n|inactive|Battle timer is ON: inactive players will automatically lose when time's up. (requested by Daiji256)\nTheRandomAnt has agreed to open team sheets.\n|inactive|Daiji256 has 60 seconds left.\n|inactive|TheRandomAnt has 60 seconds left.\n|inactive|Daiji256 has 30 seconds left.\n|inactive|Daiji256 has 20 seconds left.\n|inactive|Daiji256 has 15 seconds left.\n|inactive|Daiji256 has 10 seconds left.\n|inactive|Daiji256 has 5 seconds left.\n|\n|t:|1681689236\n|start\n|switch|p1a: Glimmora|Glimmora, L50, M|100\/100\n|switch|p1b: Dragonite|Dragonite, L50, M|100\/100\n|switch|p2a: Amoonguss|Amoonguss, L50, M|100\/100\n|switch|p2b: Palafin|Palafin, L50, F|100\/100\n|turn|1\n|inactive|TheRandomAnt has 30 seconds left.\n|\n|t:|1681689266\n|detailschange|p2b: Palafin|Palafin-Hero, L50, F\n|switch|p2b: Ting-Lu|Ting-Lu, L50|100\/100\n|-ability|p2b: Ting-Lu|Vessel of Ruin\n|move|p1a: Glimmora|Mortal Spin|p2a: Amoonguss|[spread] p2a,p2b\n|-resisted|p2b: Ting-Lu\n|-damage|p2a: Amoonguss|96\/100\n|-damage|p2b: Ting-Lu|99\/100\n|-status|p2a: Amoonguss|psn\n|-status|p2b: Ting-Lu|psn\n|-damage|p1a: Glimmora|84\/100|[from] item: Rocky Helmet|[of] p2a: Amoonguss\n|move|p1b: Dragonite|Dragon Claw|p2a: Amoonguss\n|-damage|p2a: Amoonguss|43\/100 psn\n|-damage|p1b: Dragonite|84\/100|[from] item: Rocky Helmet|[of] p2a: Amoonguss\n|move|p2a: Amoonguss|Spore|p1b: Dragonite\n|-status|p1b: Dragonite|slp|[from] move: Spore\n|\n|-damage|p2b: Ting-Lu|87\/100 psn|[from] psn\n|-damage|p2a: Amoonguss|30\/100 psn|[from] psn\n|upkeep\n|turn|2\n|inactive|TheRandomAnt has 30 seconds left.\n|inactive|TheRandomAnt has 20 seconds left.\n|inactive|TheRandomAnt has 15 seconds left.\n|inactive|TheRandomAnt has 10 seconds left.\n|inactive|TheRandomAnt has 5 seconds left.\n|\n|t:|1681689321\n|move|p1a: Glimmora|Spiky Shield|p1a: Glimmora\n|-singleturn|p1a: Glimmora|move: Protect\n|cant|p1b: Dragonite|slp\n|move|p2b: Ting-Lu|Stomping Tantrum|p1a: Glimmora\n|-activate|p1a: Glimmora|move: Protect\n|-damage|p2b: Ting-Lu|75\/100 psn|[from] Spiky Shield|[of] p1a: Glimmora\n|move|p2a: Amoonguss|Spore|p1a: Glimmora\n|-activate|p1a: Glimmora|move: Protect\n|\n|-damage|p2b: Ting-Lu|63\/100 psn|[from] psn\n|-damage|p2a: Amoonguss|18\/100 psn|[from] psn\n|upkeep\n|turn|3\n|\n|t:|1681689338\n|switch|p2a: Flutter Mane|Flutter Mane, L50|100\/100\n|-enditem|p2a: Flutter Mane|Booster Energy\n|-activate|p2a: Flutter Mane|ability: Protosynthesis|[fromitem]\n|-start|p2a: Flutter Mane|protosynthesisspa\n|-terastallize|p1a: Glimmora|Grass\n|move|p1a: Glimmora|Toxic Spikes|p2a: Flutter Mane\n|-sidestart|p2: TheRandomAnt|move: Toxic Spikes\n|cant|p1b: Dragonite|slp\n|move|p2b: Ting-Lu|Stomping Tantrum|p1a: Glimmora\n|-resisted|p1a: Glimmora\n|-damage|p1a: Glimmora|67\/100\n|\n|-damage|p2b: Ting-Lu|51\/100 psn|[from] psn\n|upkeep\n|turn|4\n|inactive|Daiji256 has 30 seconds left.\n|inactive|Daiji256 has 20 seconds left.\n|\n|t:|1681689373\n|switch|p1b: Dondozo|Dondozo, L50, M|100\/100\n|move|p2a: Flutter Mane|Dazzling Gleam|p1a: Glimmora|[spread] p1a,p1b\n|-damage|p1a: Glimmora|36\/100\n|-damage|p1b: Dondozo|75\/100\n|move|p1a: Glimmora|Sludge Bomb|p2a: Flutter Mane\n|-damage|p2a: Flutter Mane|68\/100\n|move|p2b: Ting-Lu|Heavy Slam|p1a: Glimmora\n|-damage|p1a: Glimmora|0 fnt\n|faint|p1a: Glimmora\n|\n|-heal|p1b: Dondozo|81\/100|[from] item: Leftovers\n|-damage|p2b: Ting-Lu|39\/100 psn|[from] psn\n|upkeep\n|\n|t:|1681689394\n|switch|p1a: Dragonite|Dragonite, L50, M|84\/100 slp\n|turn|5\n|inactive|TheRandomAnt has 30 seconds left.\n|\n|t:|1681689420\n|switch|p1a: Tatsugiri|Tatsugiri-Stretchy, L50, F|100\/100\n|-activate|p1a: Tatsugiri|ability: Commander|[of] p1b: Dondozo\n|-boost|p1b: Dondozo|atk|2\n|-boost|p1b: Dondozo|spa|2\n|-boost|p1b: Dondozo|spe|2\n|-boost|p1b: Dondozo|def|2\n|-boost|p1b: Dondozo|spd|2\n|-terastallize|p2a: Flutter Mane|Fairy\n|move|p2a: Flutter Mane|Dazzling Gleam|p1a: Tatsugiri|[spread] p1b\n|-miss|p2a: Flutter Mane|p1a: Tatsugiri\n|-damage|p1b: Dondozo|65\/100\n|move|p1b: Dondozo|Earthquake|p2a: Flutter Mane|[spread] p2a,p2b\n|-miss|p1b: Dondozo|p1a: Tatsugiri\n|-damage|p2a: Flutter Mane|0 fnt\n|-damage|p2b: Ting-Lu|12\/100 psn\n|faint|p2a: Flutter Mane\n|-end|p2a: Flutter Mane|Protosynthesis|[silent]\n|move|p2b: Ting-Lu|Stomping Tantrum|p1b: Dondozo\n|-damage|p1b: Dondozo|54\/100\n|\n|-heal|p1b: Dondozo|60\/100|[from] item: Leftovers\n|-damage|p2b: Ting-Lu|0 fnt|[from] psn\n|faint|p2b: Ting-Lu\n|upkeep\n|\n|t:|1681689440\n|switch|p2a: Palafin|Palafin-Hero, L50, F|100\/100\n|switch|p2b: Amoonguss|Amoonguss, L50, M|51\/100 psn\n|-status|p2a: Palafin|psn\n|-activate|p2a: Palafin|ability: Zero to Hero\n|-sideend|p2: TheRandomAnt|move: Toxic Spikes|[of] p2b: Amoonguss\n|turn|6\n|inactive|TheRandomAnt has 30 seconds left.\n|inactive|TheRandomAnt has 20 seconds left.\n|inactive|TheRandomAnt has 15 seconds left.\n|\n|t:|1681689485\n|move|p2a: Palafin|Protect|p2a: Palafin\n|-singleturn|p2a: Palafin|Protect\n|move|p1b: Dondozo|Earthquake|p2b: Amoonguss|[spread] p2b\n|-miss|p1b: Dondozo|p1a: Tatsugiri\n|-activate|p2a: Palafin|move: Protect\n|-damage|p2b: Amoonguss|16\/100 psn\n|move|p2b: Amoonguss|Spore|p1b: Dondozo\n|-status|p1b: Dondozo|slp|[from] move: Spore\n|\n|-heal|p1b: Dondozo|66\/100 slp|[from] item: Leftovers\n|-damage|p2a: Palafin|88\/100 psn|[from] psn\n|-damage|p2b: Amoonguss|3\/100 psn|[from] psn\n|upkeep\n|turn|7\n|inactive|TheRandomAnt has 30 seconds left.\n|inactive|TheRandomAnt has 20 seconds left.\n|c|\u2606TheRandomAnt|!data mortal spin\n|raw| Mortal Spin<\/a><\/span> <\/span> Power<\/em> 30<\/span> Accuracy<\/em> 100%<\/span> PP<\/em> 24<\/span> Poisons foes, frees user from hazards\/bind\/leech.<\/span> <\/li> <\/li><\/ul>\n\n|inactive|TheRandomAnt has 15 seconds left.\n|inactive|TheRandomAnt has 10 seconds left.\n|\n|t:|1681689533\n|cant|p1b: Dondozo|slp\n|move|p2a: Palafin|Wave Crash|p1b: Dondozo\n|-resisted|p1b: Dondozo\n|-damage|p1b: Dondozo|51\/100 slp\n|-damage|p2a: Palafin|83\/100 psn|[from] Recoil\n|move|p2b: Amoonguss|Pollen Puff|p2a: Palafin\n|-heal|p2a: Palafin|100\/100 psn\n|\n|-heal|p1b: Dondozo|57\/100 slp|[from] item: Leftovers\n|-damage|p2a: Palafin|88\/100 psn|[from] psn\n|-damage|p2b: Amoonguss|0 fnt|[from] psn\n|faint|p2b: Amoonguss\n|upkeep\n|turn|8\n|\n|t:|1681689548\n|cant|p1b: Dondozo|slp\n|move|p2a: Palafin|Wave Crash|p1b: Dondozo\n|-resisted|p1b: Dondozo\n|-damage|p1b: Dondozo|42\/100 slp\n|-damage|p2a: Palafin|83\/100 psn|[from] Recoil\n|\n|-heal|p1b: Dondozo|49\/100 slp|[from] item: Leftovers\n|-damage|p2a: Palafin|71\/100 psn|[from] psn\n|upkeep\n|turn|9\n|\n|t:|1681689570\n|cant|p1b: Dondozo|slp\n|move|p2a: Palafin|Wave Crash|p1b: Dondozo\n|-resisted|p1b: Dondozo\n|-damage|p1b: Dondozo|32\/100 slp\n|-damage|p2a: Palafin|64\/100 psn|[from] Recoil\n|\n|-heal|p1b: Dondozo|39\/100 slp|[from] item: Leftovers\n|-damage|p2a: Palafin|52\/100 psn|[from] psn\n|upkeep\n|turn|10\n|\n|t:|1681689578\n|-curestatus|p1b: Dondozo|slp|[msg]\n|move|p1b: Dondozo|Protect|p1b: Dondozo\n|-singleturn|p1b: Dondozo|Protect\n|move|p2a: Palafin|Wave Crash|p1b: Dondozo\n|-activate|p1b: Dondozo|move: Protect\n|\n|-heal|p1b: Dondozo|45\/100|[from] item: Leftovers\n|-damage|p2a: Palafin|40\/100 psn|[from] psn\n|upkeep\n|turn|11\n|\n|t:|1681689588\n|move|p1b: Dondozo|Earthquake|p2a: Palafin|[spread] p2a\n|-miss|p1b: Dondozo|p1a: Tatsugiri\n|-damage|p2a: Palafin|0 fnt\n|faint|p2a: Palafin\n|\n|win|Daiji256\n|raw|Daiji256's rating: 1352 → 1373<\/strong> (+21 for winning)\n|raw|TheRandomAnt's rating: 1366 → 1345<\/strong> (-21 for losing)\n|l|\u2606Daiji256\n","uploadtime":1681689593,"views":13,"p1id":"daiji256","p2id":"therandomant","formatid":"gen9vgc2023regulationc","rating":1345,"private":0,"password":""}