{"id":"gen9vgc2023regulationc-1852612611","p1":"Billydakid37","p2":"grass666","format":"[Gen 9] VGC 2023 Regulation C","log":"|j|\u2606Billydakid37\n|j|\u2606grass666\n|t:|1682585221\n|gametype|doubles\n|player|p1|Billydakid37|red|1103\n|player|p2|grass666|102|1142\n|teamsize|p1|6\n|teamsize|p2|6\n|gen|9\n|tier|[Gen 9] VGC 2023 Regulation C\n|rated|\n|rule|Species Clause: Limit one of each Pok\u00e9mon\n|rule|Item Clause: Limit one of each item\n|clearpoke\n|poke|p1|Chien-Pao, L50|\n|poke|p1|Dragapult, L50, F|\n|poke|p1|Palafin, L50, F|\n|poke|p1|Amoonguss, L50, F|\n|poke|p1|Flutter Mane, L50|\n|poke|p1|Arcanine, L50, F|\n|poke|p2|Palafin, L50, M|\n|poke|p2|Chien-Pao, L50|\n|poke|p2|Dragapult, L50, F|\n|poke|p2|Amoonguss, L50, M|\n|poke|p2|Arcanine, L50, M|\n|poke|p2|Flutter Mane, L50|\n|teampreview|4\n|\n|t:|1682585248\n|start\n|switch|p1a: Palafin|Palafin, L50, F|100\/100\n|switch|p1b: Amoonguss|Amoonguss, L50, F|100\/100\n|switch|p2a: Dozo|Palafin, L50, M|100\/100\n|switch|p2b: Bundle|Chien-Pao, L50|100\/100\n|-ability|p2b: Bundle|Sword of Ruin\n|turn|1\n|inactive|Battle timer is ON: inactive players will automatically lose when time's up. (requested by grass666)\n|\n|t:|1682585266\n|detailschange|p2a: Dozo|Palafin-Hero, L50, M\n|switch|p2a: ChiYu|Arcanine, L50, M|100\/100\n|-ability|p2a: ChiYu|Intimidate|boost\n|-unboost|p1a: Palafin|atk|1\n|-unboost|p1b: Amoonguss|atk|1\n|detailschange|p1a: Palafin|Palafin-Hero, L50, F\n|switch|p1a: Arcanine|Arcanine, L50, F|100\/100\n|-ability|p1a: Arcanine|Intimidate|boost\n|-unboost|p2a: ChiYu|atk|1\n|-unboost|p2b: Bundle|atk|1\n|move|p2b: Bundle|Protect|p2b: Bundle\n|-singleturn|p2b: Bundle|Protect\n|move|p1b: Amoonguss|Protect||[still]\n|-fail|p1b: Amoonguss\n|\n|upkeep\n|turn|2\n|inactive|Billydakid37 has 30 seconds left.\n|\n|t:|1682585292\n|move|p2b: Bundle|Ice Spinner|p1b: Amoonguss\n|-supereffective|p1b: Amoonguss\n|-damage|p1b: Amoonguss|35\/100\n|-enditem|p1b: Amoonguss|Sitrus Berry|[eat]\n|-heal|p1b: Amoonguss|60\/100|[from] item: Sitrus Berry\n|move|p2a: ChiYu|Flare Blitz|p1b: Amoonguss\n|-supereffective|p1b: Amoonguss\n|-damage|p1b: Amoonguss|0 fnt\n|faint|p1b: Amoonguss\n|-damage|p2a: ChiYu|78\/100|[from] Recoil\n|move|p1a: Arcanine|Will-O-Wisp|p2b: Bundle\n|-status|p2b: Bundle|brn\n|\n|-damage|p2b: Bundle|95\/100 brn|[from] brn\n|upkeep\n|\n|t:|1682585309\n|switch|p1b: Chien-Pao|Chien-Pao, L50|100\/100\n|-ability|p1b: Chien-Pao|Sword of Ruin\n|turn|3\n|\n|t:|1682585322\n|move|p1b: Chien-Pao|Protect|p1b: Chien-Pao\n|-singleturn|p1b: Chien-Pao|Protect\n|move|p2b: Bundle|Sucker Punch||[still]\n|-fail|p2b: Bundle\n|move|p1a: Arcanine|Will-O-Wisp|p2a: ChiYu\n|-immune|p2a: ChiYu\n|move|p2a: ChiYu|Will-O-Wisp|p1b: Chien-Pao\n|-activate|p1b: Chien-Pao|move: Protect\n|\n|-damage|p2b: Bundle|89\/100 brn|[from] brn\n|upkeep\n|turn|4\n|inactive|Billydakid37 has 30 seconds left.\n|\n|t:|1682585348\n|move|p1b: Chien-Pao|Sacred Sword|p2a: ChiYu\n|-damage|p2a: ChiYu|32\/100\n|move|p2b: Bundle|Sacred Sword|p1a: Arcanine\n|-damage|p1a: Arcanine|87\/100\n|move|p2a: ChiYu|Will-O-Wisp|p1b: Chien-Pao\n|-status|p1b: Chien-Pao|brn\n|move|p1a: Arcanine|Flare Blitz|p2b: Bundle\n|-supereffective|p2b: Bundle\n|-damage|p2b: Bundle|0 fnt\n|faint|p2b: Bundle\n|-damage|p1a: Arcanine|64\/100|[from] Recoil\n|\n|-damage|p1b: Chien-Pao|95\/100 brn|[from] brn\n|upkeep\n|\n|t:|1682585372\n|switch|p2b: Dozo|Palafin-Hero, L50, M|100\/100\n|-activate|p2b: Dozo|ability: Zero to Hero\n|turn|5\n|inactive|Billydakid37 has 30 seconds left.\n|\n|t:|1682585406\n|-terastallize|p1a: Arcanine|Flying\n|-terastallize|p2b: Dozo|Water\n|move|p1b: Chien-Pao|Protect|p1b: Chien-Pao\n|-singleturn|p1b: Chien-Pao|Protect\n|move|p2a: ChiYu|Extreme Speed|p1a: Arcanine\n|-damage|p1a: Arcanine|43\/100\n|move|p2b: Dozo|Jet Punch|p1a: Arcanine\n|-damage|p1a: Arcanine|0 fnt\n|faint|p1a: Arcanine\n|\n|-damage|p1b: Chien-Pao|89\/100 brn|[from] brn\n|upkeep\n|\n|t:|1682585422\n|switch|p1a: Palafin|Palafin-Hero, L50, F|100\/100\n|-activate|p1a: Palafin|ability: Zero to Hero\n|turn|6\n|\n|t:|1682585435\n|switch|p2a: Dnite|Dragapult, L50, F|100\/100\n|move|p1b: Chien-Pao|Sucker Punch|p2b: Dozo\n|-damage|p2b: Dozo|80\/100\n|move|p2b: Dozo|Wave Crash|p1b: Chien-Pao\n|-damage|p1b: Chien-Pao|0 fnt\n|faint|p1b: Chien-Pao\n|-damage|p2b: Dozo|58\/100|[from] Recoil\n|move|p1a: Palafin|Wave Crash|p2b: Dozo\n|-resisted|p2b: Dozo\n|-damage|p2b: Dozo|12\/100\n|-damage|p1a: Palafin|85\/100|[from] Recoil\n|\n|upkeep\n|turn|7\n|\n|t:|1682585452\n|switch|p2b: ChiYu|Arcanine, L50, M|32\/100\n|-ability|p2b: ChiYu|Intimidate|boost\n|-unboost|p1a: Palafin|atk|1\n|move|p1a: Palafin|Jet Punch|p2a: Dnite\n|-resisted|p2a: Dnite\n|-damage|p2a: Dnite|79\/100\n|move|p2a: Dnite|Dragon Darts|p1a: Palafin\n|-damage|p1a: Palafin|53\/100\n|-anim|p2a: Dnite|Dragon Darts|p1a: Palafin\n|-damage|p1a: Palafin|18\/100\n|\n|upkeep\n|turn|8\n|-message|Billydakid37 forfeited.\n|\n|win|grass666\n|raw|Billydakid37's rating: 1103 → 1081<\/strong> (-22 for losing)\n|raw|grass666's rating: 1142 → 1164<\/strong> (+22 for winning)\n|l|\u2606Billydakid37\n","uploadtime":1682585634,"views":14,"p1id":"billydakid37","p2id":"grass666","formatid":"gen9vgc2023regulationc","rating":1081,"private":0,"password":""}