{"id":"gen9vgc2023regulationc-1846399044","p1":"Mommys tendies","p2":"Hadrian1917","format":"[Gen 9] VGC 2023 Regulation C","log":"|j|\u2606Mommys tendies\n|j|\u2606Hadrian1917\n|t:|1681837745\n|gametype|doubles\n|player|p1|Mommys tendies|1|1348\n|player|p2|Hadrian1917|brock|1390\n|teamsize|p1|6\n|teamsize|p2|6\n|gen|9\n|tier|[Gen 9] VGC 2023 Regulation C\n|rated|\n|rule|Species Clause: Limit one of each Pok\u00e9mon\n|rule|Item Clause: Limit one of each item\n|clearpoke\n|poke|p1|Gastrodon, L50, F|\n|poke|p1|Rotom-Mow, L50|\n|poke|p1|Tauros-Paldea-Blaze, L50, M|\n|poke|p1|Chien-Pao, L50|\n|poke|p1|Scizor, L50, M|\n|poke|p1|Salamence, L50, F|\n|poke|p2|Flutter Mane, L50|\n|poke|p2|Arcanine, L50, F|\n|poke|p2|Baxcalibur, L50, M|\n|poke|p2|Ting-Lu, L50|\n|poke|p2|Gyarados, L50, M|\n|poke|p2|Amoonguss, L50, F|\n|teampreview|4\n|inactive|Battle timer is ON: inactive players will automatically lose when time's up. (requested by Hadrian1917)\n|\n|t:|1681837790\n|start\n|switch|p1a: Tauros|Tauros-Paldea-Blaze, L50, M|100\/100\n|switch|p1b: Scizor|Scizor, L50, M|100\/100\n|switch|p2a: Arcanine|Arcanine, L50, F|100\/100\n|switch|p2b: Baxcalibur|Baxcalibur, L50, M|100\/100\n|-ability|p1a: Tauros|Intimidate|boost\n|-unboost|p2a: Arcanine|atk|1\n|-fail|p2b: Baxcalibur|unboost|[from] item: Clear Amulet|[of] p2b: Baxcalibur\n|-ability|p2a: Arcanine|Intimidate|boost\n|-unboost|p1a: Tauros|atk|1\n|-fail|p1b: Scizor|unboost|[from] item: Clear Amulet|[of] p1b: Scizor\n|turn|1\n|inactive|Mommys tendies has 30 seconds left.\n|inactive|Hadrian1917 has 30 seconds left.\n|inactive|Mommys tendies has 20 seconds left.\n|inactive|Hadrian1917 has 20 seconds left.\n|inactive|Mommys tendies has 15 seconds left.\n|inactive|Hadrian1917 has 15 seconds left.\n|inactive|Hadrian1917 has 10 seconds left.\n|inactive|Hadrian1917 has 5 seconds left.\n|\n|t:|1681837841\n|-terastallize|p2b: Baxcalibur|Poison\n|move|p1b: Scizor|Bullet Punch|p2b: Baxcalibur\n|-damage|p2b: Baxcalibur|70\/100\n|move|p1a: Tauros|Close Combat|p2b: Baxcalibur\n|-resisted|p2b: Baxcalibur\n|-damage|p2b: Baxcalibur|55\/100\n|-unboost|p1a: Tauros|def|1\n|-unboost|p1a: Tauros|spd|1\n|move|p2a: Arcanine|Howl|p2a: Arcanine|[spread] p2a,p2b\n|-boost|p2a: Arcanine|atk|1\n|-boost|p2b: Baxcalibur|atk|1\n|move|p2b: Baxcalibur|Glaive Rush|p1b: Scizor\n|-resisted|p1b: Scizor\n|-damage|p1b: Scizor|48\/100\n|-singlemove|p2b: Baxcalibur|Glaive Rush|[silent]\n|\n|upkeep\n|turn|2\n|inactive|Mommys tendies has 30 seconds left.\n|\n|t:|1681837868\n|switch|p1a: Salamence|Salamence, L50, F|100\/100\n|move|p2b: Baxcalibur|Protect|p2b: Baxcalibur\n|-singleturn|p2b: Baxcalibur|Protect\n|move|p1b: Scizor|Bullet Punch|p2b: Baxcalibur\n|-activate|p2b: Baxcalibur|move: Protect\n|move|p2a: Arcanine|Howl|p2a: Arcanine|[spread] p2a,p2b\n|-boost|p2a: Arcanine|atk|1\n|-boost|p2b: Baxcalibur|atk|1\n|\n|upkeep\n|turn|3\n|inactive|Mommys tendies has 30 seconds left.\n|inactive|Hadrian1917 has 30 seconds left.\n|inactive|Mommys tendies has 20 seconds left.\n|inactive|Hadrian1917 has 20 seconds left.\n|inactive|Mommys tendies has 15 seconds left.\n|inactive|Hadrian1917 has 15 seconds left.\n|inactive|Hadrian1917 has 10 seconds left.\n|inactive|Hadrian1917 has 5 seconds left.\n|\n|t:|1681837921\n|switch|p2b: Gyarados|Gyarados, L50, M|100\/100\n|-ability|p2b: Gyarados|Intimidate|boost\n|-unboost|p1a: Salamence|atk|1\n|-fail|p1b: Scizor|unboost|[from] item: Clear Amulet|[of] p1b: Scizor\n|-terastallize|p1a: Salamence|Steel\n|move|p1b: Scizor|Bullet Punch|p2a: Arcanine\n|-resisted|p2a: Arcanine\n|-damage|p2a: Arcanine|82\/100\n|move|p1a: Salamence|Earthquake|p2a: Arcanine|[spread] p1b,p2a\n|-immune|p2b: Gyarados\n|-supereffective|p2a: Arcanine\n|-damage|p1b: Scizor|23\/100\n|-damage|p2a: Arcanine|31\/100\n|move|p2a: Arcanine|Flare Blitz|p1b: Scizor\n|-supereffective|p1b: Scizor\n|-damage|p1b: Scizor|0 fnt\n|faint|p1b: Scizor\n|-damage|p2a: Arcanine|25\/100|[from] Recoil\n|\n|upkeep\n|\n|t:|1681837940\n|switch|p1b: Tauros|Tauros-Paldea-Blaze, L50, M|100\/100\n|-ability|p1b: Tauros|Intimidate|boost\n|-unboost|p2a: Arcanine|atk|1\n|-unboost|p2b: Gyarados|atk|1\n|turn|4\n|\n|t:|1681837962\n|switch|p1a: Chien-Pao|Chien-Pao, L50|100\/100\n|-ability|p1a: Chien-Pao|Sword of Ruin\n|move|p1b: Tauros|Close Combat|p2a: Arcanine\n|-damage|p2a: Arcanine|0 fnt\n|-unboost|p1b: Tauros|def|1\n|-unboost|p1b: Tauros|spd|1\n|faint|p2a: Arcanine\n|move|p2b: Gyarados|Thunder Wave|p1b: Tauros\n|-status|p1b: Tauros|par\n|\n|upkeep\n|\n|t:|1681837984\n|switch|p2a: Flutter Mane|Flutter Mane, L50|100\/100\n|turn|5\n|\n|t:|1681837996\n|switch|p2b: Baxcalibur|Baxcalibur, L50, M, tera:Poison|55\/100\n|switch|p1b: Salamence|Salamence, L50, F, tera:Steel|100\/100\n|move|p1a: Chien-Pao|Protect|p1a: Chien-Pao\n|-singleturn|p1a: Chien-Pao|Protect\n|move|p2a: Flutter Mane|Dazzling Gleam|p1a: Chien-Pao|[spread] p1b\n|-activate|p1a: Chien-Pao|move: Protect\n|-resisted|p1b: Salamence\n|-damage|p1b: Salamence|76\/100\n|\n|upkeep\n|turn|6\n|inactive|Mommys tendies has 30 seconds left.\n|\n|t:|1681838025\n|-end|p2a: Flutter Mane|Protosynthesis|[silent]\n|switch|p2a: Gyarados|Gyarados, L50, M|100\/100\n|-ability|p2a: Gyarados|Intimidate|boost\n|-unboost|p1a: Chien-Pao|atk|1\n|-unboost|p1b: Salamence|atk|1\n|move|p1a: Chien-Pao|Sucker Punch||[still]\n|-fail|p1a: Chien-Pao\n|move|p1b: Salamence|Rock Slide|p2b: Baxcalibur|[spread] p2a,p2b\n|-supereffective|p2a: Gyarados\n|-damage|p2a: Gyarados|54\/100\n|-damage|p2b: Baxcalibur|33\/100\n|move|p2b: Baxcalibur|Icicle Crash|p1b: Salamence\n|-resisted|p1b: Salamence\n|-damage|p1b: Salamence|36\/100\n|\n|upkeep\n|turn|7\n|\n|t:|1681838046\n|switch|p2a: Flutter Mane|Flutter Mane, L50|100\/100\n|move|p1a: Chien-Pao|Sucker Punch||[still]\n|-fail|p1a: Chien-Pao\n|move|p2b: Baxcalibur|Ice Shard|p1b: Salamence\n|-resisted|p1b: Salamence\n|-damage|p1b: Salamence|16\/100\n|move|p1b: Salamence|Rock Slide|p2b: Baxcalibur|[spread] p2a,p2b\n|-damage|p2a: Flutter Mane|62\/100\n|-damage|p2b: Baxcalibur|11\/100\n|\n|upkeep\n|turn|8\n|inactive|Hadrian1917 has 30 seconds left.\n|\n|t:|1681838074\n|move|p2b: Baxcalibur|Protect|p2b: Baxcalibur\n|-singleturn|p2b: Baxcalibur|Protect\n|move|p1a: Chien-Pao|Ice Spinner|p2a: Flutter Mane\n|-damage|p2a: Flutter Mane|12\/100\n|move|p2a: Flutter Mane|Dazzling Gleam|p1b: Salamence|[spread] p1a,p1b\n|-supereffective|p1a: Chien-Pao\n|-resisted|p1b: Salamence\n|-enditem|p1a: Chien-Pao|Focus Sash\n|-damage|p1a: Chien-Pao|1\/100\n|-damage|p1b: Salamence|0 fnt\n|faint|p1b: Salamence\n|\n|upkeep\n|\n|t:|1681838085\n|switch|p1b: Tauros|Tauros-Paldea-Blaze, L50, M|100\/100 par\n|-ability|p1b: Tauros|Intimidate|boost\n|-unboost|p2a: Flutter Mane|atk|1\n|-fail|p2b: Baxcalibur|unboost|[from] item: Clear Amulet|[of] p2b: Baxcalibur\n|turn|9\n|\n|t:|1681838097\n|move|p1a: Chien-Pao|Sucker Punch|p2b: Baxcalibur\n|-damage|p2b: Baxcalibur|0 fnt\n|faint|p2b: Baxcalibur\n|move|p2a: Flutter Mane|Dazzling Gleam|p1a: Chien-Pao|[spread] p1a,p1b\n|-supereffective|p1a: Chien-Pao\n|-damage|p1a: Chien-Pao|0 fnt\n|-damage|p1b: Tauros|43\/100 par\n|faint|p1a: Chien-Pao\n|move|p1b: Tauros|Raging Bull|p2a: Flutter Mane\n|-damage|p2a: Flutter Mane|0 fnt\n|faint|p2a: Flutter Mane\n|-end|p2a: Flutter Mane|Protosynthesis|[silent]\n|\n|upkeep\n|\n|t:|1681838108\n|switch|p2b: Gyarados|Gyarados, L50, M|54\/100\n|-ability|p2b: Gyarados|Intimidate|boost\n|-unboost|p1b: Tauros|atk|1\n|turn|10\n|\n|t:|1681838117\n|move|p2b: Gyarados|Waterfall|p1b: Tauros\n|-supereffective|p1b: Tauros\n|-damage|p1b: Tauros|0 fnt\n|faint|p1b: Tauros\n|\n|win|Hadrian1917\n|raw|Mommys tendies's rating: 1348 → 1330<\/strong> (-18 for losing)\n|raw|Hadrian1917's rating: 1390 → 1408<\/strong> (+18 for winning)\n|l|\u2606Mommys tendies\n","uploadtime":1681838124,"views":4,"p1id":"mommystendies","p2id":"hadrian1917","formatid":"gen9vgc2023regulationc","rating":1330,"private":0,"password":""}