{"id":"gen9vgc2023regulationc-1855853722","p1":"768\u53f7\u6b66\u58ebmax","p2":"dltme xqiht","format":"[Gen 9] VGC 2023 Regulation C","log":"|j|\u2606768\u53f7\u6b66\u58ebmax\n|j|\u2606dltme xqiht\n|t:|1682992066\n|gametype|doubles\n|player|p1|768\u53f7\u6b66\u58ebmax|guzma|\n|player|p2|dltme xqiht|diantha-masters|\n|teamsize|p1|6\n|teamsize|p2|6\n|gen|9\n|tier|[Gen 9] VGC 2023 Regulation C\n|rule|Species Clause: Limit one of each Pok\u00e9mon\n|rule|Item Clause: Limit one of each item\n|clearpoke\n|poke|p1|Tyranitar, L50, M|\n|poke|p1|Lycanroc, L50, M|\n|poke|p1|Indeedee-F, L50, F|\n|poke|p1|Ting-Lu, L50|\n|poke|p1|Annihilape, L50, M|\n|poke|p1|Flutter Mane, L50|\n|poke|p2|Palafin, L50, M|\n|poke|p2|Chien-Pao, L50|\n|poke|p2|Dragapult, L50, F|\n|poke|p2|Amoonguss, L50, M|\n|poke|p2|Arcanine, L50, M|\n|poke|p2|Flutter Mane, L50|\n|teampreview|4\ndltme xqiht has agreed to open team sheets.\n768\u53f7\u6b66\u58ebmax has agreed to open team sheets.\n|\n|t:|1682992165\n|start\n|switch|p1a: Annihilape|Annihilape, L50, M, shiny|100\/100\n|switch|p1b: Indeedee|Indeedee-F, L50, F, shiny|100\/100\n|switch|p2a: Dnite|Dragapult, L50, F|100\/100\n|switch|p2b: Bundle|Chien-Pao, L50|100\/100\n|-ability|p2b: Bundle|Sword of Ruin\n|-fieldstart|move: Psychic Terrain|[from] ability: Psychic Surge|[of] p1b: Indeedee\n|turn|1\n|inactive|Battle timer is ON: inactive players will automatically lose when time's up. (requested by dltme xqiht)\n|\n|t:|1682992231\n|move|p1a: Annihilape|Protect|p1a: Annihilape\n|-singleturn|p1a: Annihilape|Protect\n|move|p2a: Dnite|Dragon Darts|p1b: Indeedee\n|-damage|p1b: Indeedee|43\/100\n|-anim|p2a: Dnite|Dragon Darts|p1b: Indeedee\n|-damage|p1b: Indeedee|0 fnt\n|faint|p1b: Indeedee\n|move|p2b: Bundle|Ice Spinner|p1a: Annihilape\n|-activate|p1a: Annihilape|move: Protect\n|\n|upkeep\n|\n|t:|1682992241\n|switch|p1b: Tyranitar|Tyranitar, L50, M, shiny|100\/100\n|-weather|Sandstorm|[from] ability: Sand Stream|[of] p1b: Tyranitar\n|turn|2\n|j| gewwge\n|inactive|768\u53f7\u6b66\u58ebmax has 30 seconds left.\n|c|\u2606dltme xqiht|\u683c\u7eb9\n|c|\u2606dltme xqiht|\u4f60\u6765\u5566\n|inactive|768\u53f7\u6b66\u58ebmax has 20 seconds left.\n|\n|t:|1682992281\n|-terastallize|p1b: Tyranitar|Flying\n|move|p2b: Bundle|Protect|p2b: Bundle\n|-singleturn|p2b: Bundle|Protect\n|move|p2a: Dnite|Dragon Darts|p1b: Tyranitar\n|-damage|p1b: Tyranitar|58\/100\n|-anim|p2a: Dnite|Dragon Darts|p1a: Annihilape\n|-damage|p1a: Annihilape|56\/100\n|move|p1a: Annihilape|Bulk Up|p1a: Annihilape\n|-boost|p1a: Annihilape|atk|1\n|-boost|p1a: Annihilape|def|1\n|move|p1b: Tyranitar|Rock Slide|p2a: Dnite|[spread] p2a\n|-activate|p2b: Bundle|move: Protect\n|-damage|p2a: Dnite|20\/100\n|\n|-weather|Sandstorm|[upkeep]\n|-damage|p2a: Dnite|14\/100|[from] Sandstorm\n|-damage|p2b: Bundle|95\/100|[from] Sandstorm\n|-damage|p1a: Annihilape|49\/100|[from] Sandstorm\n|-damage|p1b: Tyranitar|52\/100|[from] Sandstorm\n|-heal|p1a: Annihilape|56\/100|[from] item: Leftovers\n|upkeep\n|turn|3\n|c| gewwge|\u02ca_>\u02cb\n|\n|t:|1682992305\n|-terastallize|p2b: Bundle|Ghost\n|move|p1a: Annihilape|Protect|p1a: Annihilape\n|-singleturn|p1a: Annihilape|Protect\n|move|p2a: Dnite|Dragon Darts|p1b: Tyranitar\n|-damage|p1b: Tyranitar|12\/100\n|-anim|p2a: Dnite|Dragon Darts|p1b: Tyranitar\n|-damage|p1b: Tyranitar|0 fnt\n|faint|p1b: Tyranitar\n|move|p2b: Bundle|Ice Spinner|p1a: Annihilape\n|-activate|p1a: Annihilape|move: Protect\n|\n|-weather|Sandstorm|[upkeep]\n|-damage|p2a: Dnite|8\/100|[from] Sandstorm\n|-damage|p2b: Bundle|89\/100|[from] Sandstorm\n|-damage|p1a: Annihilape|49\/100|[from] Sandstorm\n|-heal|p1a: Annihilape|56\/100|[from] item: Leftovers\n|upkeep\n|\n|t:|1682992319\n|switch|p1b: Lycanroc|Lycanroc, L50, M|100\/100\n|turn|4\n|\n|t:|1682992336\n|move|p2b: Bundle|Protect|p2b: Bundle\n|-singleturn|p2b: Bundle|Protect\n|move|p1b: Lycanroc|Rock Slide|p2b: Bundle|[spread] p2a\n|-activate|p2b: Bundle|move: Protect\n|-damage|p2a: Dnite|0 fnt\n|faint|p2a: Dnite\n|move|p1a: Annihilape|Rage Fist|p2b: Bundle\n|-activate|p2b: Bundle|move: Protect\n|\n|-weather|Sandstorm|[upkeep]\n|-damage|p2b: Bundle|83\/100|[from] Sandstorm\n|-damage|p1a: Annihilape|49\/100|[from] Sandstorm\n|-heal|p1a: Annihilape|56\/100|[from] item: Leftovers\n|upkeep\n|\n|t:|1682992342\n|switch|p2a: Dozo|Palafin, L50, M|100\/100\n|turn|5\n|inactive|768\u53f7\u6b66\u58ebmax has 30 seconds left.\n|\n|t:|1682992376\n|detailschange|p2a: Dozo|Palafin-Hero, L50, M\n|switch|p2a: WoChien|Amoonguss, L50, M|100\/100\n|move|p1b: Lycanroc|Rock Slide|p2a: WoChien|[spread] p2a,p2b\n|-crit|p2a: WoChien\n|-damage|p2a: WoChien|50\/100\n|-damage|p2b: Bundle|43\/100\n|-enditem|p2a: WoChien|Sitrus Berry|[eat]\n|-heal|p2a: WoChien|75\/100|[from] item: Sitrus Berry\n|cant|p2b: Bundle|flinch\n|move|p1a: Annihilape|Rage Fist|p2b: Bundle\n|-supereffective|p2b: Bundle\n|-damage|p2b: Bundle|0 fnt\n|faint|p2b: Bundle\n|\n|-weather|Sandstorm|[upkeep]\n|-damage|p1a: Annihilape|49\/100|[from] Sandstorm\n|-damage|p2a: WoChien|69\/100|[from] Sandstorm\n|-heal|p1a: Annihilape|56\/100|[from] item: Leftovers\n|-fieldend|move: Psychic Terrain\n|upkeep\n|c|\u2606dltme xqiht|\u4f60\u5e72\u561b\n|\n|t:|1682992390\n|switch|p2b: Dozo|Palafin-Hero, L50, M|100\/100\n|-activate|p2b: Dozo|ability: Zero to Hero\n|turn|6\n|c|\u2606dltme xqiht|\u712f\n|inactive|768\u53f7\u6b66\u58ebmax has 30 seconds left.\n|inactive|768\u53f7\u6b66\u58ebmax has 20 seconds left.\n|inactive|768\u53f7\u6b66\u58ebmax has 15 seconds left.\n|inactive|768\u53f7\u6b66\u58ebmax has 10 seconds left.\n|\n|t:|1682992437\n|move|p2b: Dozo|Protect|p2b: Dozo\n|-singleturn|p2b: Dozo|Protect\n|move|p1b: Lycanroc|Rock Slide|p2a: WoChien|[spread] p2a\n|-activate|p2b: Dozo|move: Protect\n|-damage|p2a: WoChien|44\/100\n|move|p1a: Annihilape|Bulk Up|p1a: Annihilape\n|-boost|p1a: Annihilape|atk|1\n|-boost|p1a: Annihilape|def|1\n|cant|p2a: WoChien|flinch\n|\n|-weather|none\n|-heal|p1a: Annihilape|62\/100|[from] item: Leftovers\n|upkeep\n|turn|7\n|c| gewwge|\u7334\u5b50\u600e\u4e48\u8fd8\u4e0d\u6b7b\u554a\n|c|\u2606dltme xqiht|\uff1f\uff1f\uff1f\uff1f\n|c| gewwge|\u54e6vgc\n|c| gewwge|\u6b7b\u4e0d\u4e86\n|c| gewwge|lol\n|inactive|768\u53f7\u6b66\u58ebmax has 30 seconds left.\n|c| gewwge|gf\u7684\u5e73\u8861\u505a\u7684\u592a\u597d\u5566\n|\n|t:|1682992471\n|move|p2a: WoChien|Protect|p2a: WoChien\n|-singleturn|p2a: WoChien|Protect\n|move|p1b: Lycanroc|Endeavor|p2b: Dozo\n|-damage|p2b: Dozo|74\/100\n|move|p1a: Annihilape|Rage Fist|p2b: Dozo\n|-damage|p2b: Dozo|34\/100\n|move|p2b: Dozo|Haze|p2b: Dozo\n|-clearallboost\n|\n|-heal|p1a: Annihilape|68\/100|[from] item: Leftovers\n|upkeep\n|turn|8\n|inactive|768\u53f7\u6b66\u58ebmax has 30 seconds left.\n|inactive|dltme xqiht has 30 seconds left.\n|inactive|768\u53f7\u6b66\u58ebmax has 20 seconds left.\n|inactive|768\u53f7\u6b66\u58ebmax has 15 seconds left.\n|\n|t:|1682992515\n|move|p2a: WoChien|Rage Powder|p2a: WoChien\n|-singleturn|p2a: WoChien|move: Rage Powder\n|move|p1b: Lycanroc|Rock Slide|p2b: Dozo|[spread] p2a,p2b\n|-damage|p2a: WoChien|21\/100\n|-damage|p2b: Dozo|7\/100\n|move|p1a: Annihilape|Rage Fist|p2a: WoChien\n|-damage|p2a: WoChien|2\/100\n|move|p2b: Dozo|Wave Crash|p1a: Annihilape\n|-crit|p1a: Annihilape\n|-damage|p1a: Annihilape|0 fnt\n|faint|p1a: Annihilape\n|-damage|p2b: Dozo|0 fnt|[from] Recoil\n|faint|p2b: Dozo\n|\n|upkeep\n|turn|9\n|c|\u2606dltme xqiht|gg\n|\n|t:|1682992528\n|move|p1b: Lycanroc|Accelerock|p2a: WoChien\n|-damage|p2a: WoChien|0 fnt\n|faint|p2a: WoChien\n|\n|win|768\u53f7\u6b66\u58ebmax\n|c|\u2606768\u53f7\u6b66\u58ebmax|gg\n|l|\u2606768\u53f7\u6b66\u58ebmax\n","uploadtime":1682992802,"views":15,"p1id":"768max","p2id":"dltmexqiht","formatid":"gen9vgc2023regulationc","rating":0,"private":0,"password":""}