{"id":"gen9vgc2023regulationc-1858660305","p1":"MilyMystic","p2":"Raphaelcoelho15","format":"[Gen 9] VGC 2023 Regulation C","log":"|j|\u2606MilyMystic\n|j|\u2606Raphaelcoelho15\n|t:|1683338766\n|gametype|doubles\n|player|p1|MilyMystic|pokemonrangerf|\n|player|p2|Raphaelcoelho15|blaine|\n|teamsize|p1|6\n|teamsize|p2|6\n|gen|9\n|tier|[Gen 9] VGC 2023 Regulation C\n|rule|Species Clause: Limit one of each Pok\u00e9mon\n|rule|Item Clause: Limit one of each item\n|clearpoke\n|poke|p1|Ting-Lu, L50|\n|poke|p1|Roaring Moon, L50|\n|poke|p1|Wo-Chien, L50|\n|poke|p1|Amoonguss, L50, M|\n|poke|p1|Indeedee-F, L50, F|\n|poke|p1|Iron Bundle, L50|\n|poke|p2|Arcanine, L50, F|\n|poke|p2|Amoonguss, L50, F|\n|poke|p2|Palafin, L50, F|\n|poke|p2|Ting-Lu, L50|\n|poke|p2|Flutter Mane, L50|\n|poke|p2|Dragonite, L50, F|\n|teampreview|4\n|\n|t:|1683338787\n|start\n|switch|p1a: Iron Bundle|Iron Bundle, L50|100\/100\n|switch|p1b: Wo-Chien|Wo-Chien, L50|100\/100\n|switch|p2a: Palafin|Palafin, L50, F|100\/100\n|switch|p2b: Flutter Mane|Flutter Mane, L50|100\/100\n|-ability|p1b: Wo-Chien|Tablets of Ruin\n|-enditem|p1a: Iron Bundle|Booster Energy\n|-activate|p1a: Iron Bundle|ability: Quark Drive|[fromitem]\n|-start|p1a: Iron Bundle|quarkdrivespa\n|-enditem|p2b: Flutter Mane|Booster Energy\n|-activate|p2b: Flutter Mane|ability: Protosynthesis|[fromitem]\n|-start|p2b: Flutter Mane|protosynthesisspa\n|turn|1\n|\n|t:|1683338834\n|detailschange|p2a: Palafin|Palafin-Hero, L50, F\n|switch|p2a: Amoonguss|Amoonguss, L50, F|100\/100\n|-terastallize|p1b: Wo-Chien|Water\n|move|p1a: Iron Bundle|Protect|p1a: Iron Bundle\n|-singleturn|p1a: Iron Bundle|Protect\n|move|p2b: Flutter Mane|Moonblast|p1a: Iron Bundle\n|-activate|p1a: Iron Bundle|move: Protect\n|move|p1b: Wo-Chien|Ruination|p2b: Flutter Mane\n|-damage|p2b: Flutter Mane|51\/100\n|\n|upkeep\n|turn|2\n|\n|t:|1683338864\n|-end|p1a: Iron Bundle|Quark Drive|[silent]\n|switch|p1a: Amoonguss|Amoonguss, L50, M|100\/100\n|move|p2b: Flutter Mane|Protect|p2b: Flutter Mane\n|-singleturn|p2b: Flutter Mane|Protect\n|move|p1b: Wo-Chien|Leech Seed|p2b: Flutter Mane\n|-activate|p2b: Flutter Mane|move: Protect\n|move|p2a: Amoonguss|Pollen Puff|p2b: Flutter Mane\n|-activate|p2b: Flutter Mane|move: Protect\n|\n|upkeep\n|turn|3\n|\n|t:|1683338932\n|move|p2b: Flutter Mane|Shadow Ball|p1a: Amoonguss\n|-damage|p1a: Amoonguss|59\/100\n|move|p1b: Wo-Chien|Leech Seed|p2b: Flutter Mane\n|-start|p2b: Flutter Mane|move: Leech Seed\n|move|p2a: Amoonguss|Spore|p1b: Wo-Chien\n|-status|p1b: Wo-Chien|slp|[from] move: Spore\n|move|p1a: Amoonguss|Spore|p2b: Flutter Mane\n|-status|p2b: Flutter Mane|slp|[from] move: Spore\n|\n|-damage|p2b: Flutter Mane|39\/100 slp|[from] Leech Seed|[of] p1b: Wo-Chien\n|upkeep\n|turn|4\n|\n|t:|1683339005\n|cant|p2b: Flutter Mane|slp\n|cant|p1b: Wo-Chien|slp\n|move|p2a: Amoonguss|Pollen Puff|p1a: Amoonguss\n|-damage|p1a: Amoonguss|45\/100\n|move|p1a: Amoonguss|Pollen Puff|p2a: Amoonguss\n|-damage|p2a: Amoonguss|82\/100\n|\n|-damage|p2b: Flutter Mane|27\/100 slp|[from] Leech Seed|[of] p1b: Wo-Chien\n|upkeep\n|turn|5\n|\n|t:|1683339030\n|-curestatus|p2b: Flutter Mane|slp|[msg]\n|move|p2b: Flutter Mane|Shadow Ball|p1a: Amoonguss\n|-damage|p1a: Amoonguss|0 fnt\n|faint|p1a: Amoonguss\n|cant|p1b: Wo-Chien|slp\n|move|p2a: Amoonguss|Pollen Puff|p1b: Wo-Chien\n|-damage|p1b: Wo-Chien|87\/100 slp\n|\n|-damage|p2b: Flutter Mane|15\/100|[from] Leech Seed|[of] p1b: Wo-Chien\n|-heal|p1b: Wo-Chien|97\/100 slp|[silent]\n|upkeep\n|\n|t:|1683339047\n|switch|p1a: Ting-Lu|Ting-Lu, L50|100\/100\n|-ability|p1a: Ting-Lu|Vessel of Ruin\n|turn|6\n|\n|t:|1683339064\n|cant|p1b: Wo-Chien|slp\n|move|p2b: Flutter Mane|Moonblast|p1a: Ting-Lu\n|-supereffective|p1a: Ting-Lu\n|-enditem|p1a: Ting-Lu|Roseli Berry|[eat]\n|-enditem|p1a: Ting-Lu|Roseli Berry|[weaken]\n|-damage|p1a: Ting-Lu|65\/100\n|-unboost|p1a: Ting-Lu|spa|1\n|move|p2a: Amoonguss|Spore|p1a: Ting-Lu\n|-status|p1a: Ting-Lu|slp|[from] move: Spore\n|cant|p1a: Ting-Lu|slp\n|\n|-damage|p2b: Flutter Mane|3\/100|[from] Leech Seed|[of] p1b: Wo-Chien\n|-heal|p1b: Wo-Chien|100\/100 slp|[silent]\n|upkeep\n|turn|7\n|\n|t:|1683339094\n|move|p2b: Flutter Mane|Shadow Ball|p1a: Ting-Lu\n|-resisted|p1a: Ting-Lu\n|-damage|p1a: Ting-Lu|52\/100 slp\n|-curestatus|p1b: Wo-Chien|slp|[msg]\n|move|p1b: Wo-Chien|Ruination|p2a: Amoonguss\n|-damage|p2a: Amoonguss|41\/100\n|-enditem|p2a: Amoonguss|Sitrus Berry|[eat]\n|-heal|p2a: Amoonguss|66\/100|[from] item: Sitrus Berry\n|move|p2a: Amoonguss|Pollen Puff|p2b: Flutter Mane\n|-heal|p2b: Flutter Mane|53\/100\n|cant|p1a: Ting-Lu|slp\n|\n|-damage|p2b: Flutter Mane|41\/100|[from] Leech Seed|[of] p1b: Wo-Chien\n|upkeep\n|turn|8\n|\n|t:|1683339119\n|move|p2b: Flutter Mane|Moonblast|p1a: Ting-Lu\n|-supereffective|p1a: Ting-Lu\n|-damage|p1a: Ting-Lu|0 fnt\n|faint|p1a: Ting-Lu\n|move|p1b: Wo-Chien|Ruination|p2a: Amoonguss\n|-damage|p2a: Amoonguss|33\/100\n|move|p2a: Amoonguss|Pollen Puff|p2b: Flutter Mane\n|-heal|p2b: Flutter Mane|90\/100\n|\n|-damage|p2b: Flutter Mane|78\/100|[from] Leech Seed|[of] p1b: Wo-Chien\n|upkeep\n|\n|t:|1683339132\n|switch|p1a: Iron Bundle|Iron Bundle, L50|100\/100\n|turn|9\n|\n|t:|1683339170\n|move|p1a: Iron Bundle|Freeze-Dry|p2a: Amoonguss\n|-supereffective|p2a: Amoonguss\n|-damage|p2a: Amoonguss|0 fnt\n|faint|p2a: Amoonguss\n|move|p2b: Flutter Mane|Moonblast|p1a: Iron Bundle\n|-damage|p1a: Iron Bundle|0 fnt\n|faint|p1a: Iron Bundle\n|-end|p1a: Iron Bundle|Quark Drive|[silent]\n|move|p1b: Wo-Chien|Ruination|p2b: Flutter Mane\n|-damage|p2b: Flutter Mane|39\/100\n|\n|-damage|p2b: Flutter Mane|28\/100|[from] Leech Seed|[of] p1b: Wo-Chien\n|upkeep\n|\n|t:|1683339185\n|switch|p2a: Dragonite|Dragonite, L50, F|100\/100\n|turn|10\n|\n|t:|1683339197\n|-terastallize|p2a: Dragonite|Fire\n|move|p2b: Flutter Mane|Moonblast|p1b: Wo-Chien\n|-damage|p1b: Wo-Chien|54\/100\n|move|p2a: Dragonite|Tera Blast|p1b: Wo-Chien\n|-resisted|p1b: Wo-Chien\n|-damage|p1b: Wo-Chien|43\/100\n|move|p1b: Wo-Chien|Leech Seed|p2a: Dragonite\n|-start|p2a: Dragonite|move: Leech Seed\n|\n|-damage|p2b: Flutter Mane|16\/100|[from] Leech Seed|[of] p1b: Wo-Chien\n|-heal|p1b: Wo-Chien|53\/100|[silent]\n|-damage|p2a: Dragonite|88\/100|[from] Leech Seed|[of] p1b: Wo-Chien\n|-heal|p1b: Wo-Chien|65\/100|[silent]\n|upkeep\n|turn|11\n|\n|t:|1683339232\n|move|p1b: Wo-Chien|Protect|p1b: Wo-Chien\n|-singleturn|p1b: Wo-Chien|Protect\n|move|p2a: Dragonite|Extreme Speed|p1b: Wo-Chien\n|-activate|p1b: Wo-Chien|move: Protect\n|move|p2b: Flutter Mane|Moonblast|p1b: Wo-Chien\n|-activate|p1b: Wo-Chien|move: Protect\n|\n|-damage|p2b: Flutter Mane|4\/100|[from] Leech Seed|[of] p1b: Wo-Chien\n|-heal|p1b: Wo-Chien|75\/100|[silent]\n|-damage|p2a: Dragonite|76\/100|[from] Leech Seed|[of] p1b: Wo-Chien\n|-heal|p1b: Wo-Chien|87\/100|[silent]\n|upkeep\n|turn|12\n|\n|t:|1683339275\n|move|p2a: Dragonite|Extreme Speed|p1b: Wo-Chien\n|-damage|p1b: Wo-Chien|71\/100\n|move|p2b: Flutter Mane|Moonblast|p1b: Wo-Chien\n|-damage|p1b: Wo-Chien|24\/100\n|move|p1b: Wo-Chien|Ruination|p2a: Dragonite\n|-damage|p2a: Dragonite|38\/100\n|\n|-damage|p2b: Flutter Mane|0 fnt|[from] Leech Seed|[of] p1b: Wo-Chien\n|-heal|p1b: Wo-Chien|27\/100|[silent]\n|faint|p2b: Flutter Mane\n|-end|p2b: Flutter Mane|Protosynthesis|[silent]\n|-damage|p2a: Dragonite|26\/100|[from] Leech Seed|[of] p1b: Wo-Chien\n|-heal|p1b: Wo-Chien|40\/100|[silent]\n|upkeep\n|\n|t:|1683339289\n|switch|p2b: Palafin|Palafin-Hero, L50, F|100\/100\n|-activate|p2b: Palafin|ability: Zero to Hero\n|turn|13\n|\n|t:|1683339326\n|move|p1b: Wo-Chien|Protect|p1b: Wo-Chien\n|-singleturn|p1b: Wo-Chien|Protect\n|move|p2a: Dragonite|Extreme Speed|p1b: Wo-Chien\n|-activate|p1b: Wo-Chien|move: Protect\n|move|p2b: Palafin|Wave Crash|p1b: Wo-Chien\n|-activate|p1b: Wo-Chien|move: Protect\n|\n|-damage|p2a: Dragonite|13\/100|[from] Leech Seed|[of] p1b: Wo-Chien\n|-heal|p1b: Wo-Chien|52\/100|[silent]\n|upkeep\n|turn|14\n|\n|t:|1683339340\n|move|p2a: Dragonite|Extreme Speed|p1b: Wo-Chien\n|-damage|p1b: Wo-Chien|36\/100\n|move|p2b: Palafin|Wave Crash|p1b: Wo-Chien\n|-resisted|p1b: Wo-Chien\n|-damage|p1b: Wo-Chien|14\/100\n|-damage|p2b: Palafin|93\/100|[from] Recoil\n|move|p1b: Wo-Chien|Leech Seed|p2b: Palafin\n|-start|p2b: Palafin|move: Leech Seed\n|\n|-damage|p2b: Palafin|81\/100|[from] Leech Seed|[of] p1b: Wo-Chien\n|-heal|p1b: Wo-Chien|27\/100|[silent]\n|-damage|p2a: Dragonite|1\/100|[from] Leech Seed|[of] p1b: Wo-Chien\n|-heal|p1b: Wo-Chien|39\/100|[silent]\n|upkeep\n|turn|15\n|\n|t:|1683339357\n|move|p1b: Wo-Chien|Protect|p1b: Wo-Chien\n|-singleturn|p1b: Wo-Chien|Protect\n|move|p2a: Dragonite|Extreme Speed|p1b: Wo-Chien\n|-activate|p1b: Wo-Chien|move: Protect\n|move|p2b: Palafin|Wave Crash|p1b: Wo-Chien\n|-activate|p1b: Wo-Chien|move: Protect\n|\n|-damage|p2b: Palafin|69\/100|[from] Leech Seed|[of] p1b: Wo-Chien\n|-heal|p1b: Wo-Chien|52\/100|[silent]\n|-damage|p2a: Dragonite|0 fnt|[from] Leech Seed|[of] p1b: Wo-Chien\n|-heal|p1b: Wo-Chien|52\/100|[silent]\n|faint|p2a: Dragonite\n|upkeep\n|turn|16\n|\n|t:|1683339377\n|move|p2b: Palafin|Wave Crash|p1b: Wo-Chien\n|-resisted|p1b: Wo-Chien\n|-damage|p1b: Wo-Chien|28\/100\n|-damage|p2b: Palafin|61\/100|[from] Recoil\n|move|p1b: Wo-Chien|Ruination|p2b: Palafin\n|-damage|p2b: Palafin|31\/100\n|\n|-damage|p2b: Palafin|19\/100|[from] Leech Seed|[of] p1b: Wo-Chien\n|-heal|p1b: Wo-Chien|40\/100|[silent]\n|upkeep\n|turn|17\n|\n|t:|1683339389\n|move|p1b: Wo-Chien|Protect|p1b: Wo-Chien\n|-singleturn|p1b: Wo-Chien|Protect\n|move|p2b: Palafin|Wave Crash|p1b: Wo-Chien\n|-activate|p1b: Wo-Chien|move: Protect\n|\n|-damage|p2b: Palafin|7\/100|[from] Leech Seed|[of] p1b: Wo-Chien\n|-heal|p1b: Wo-Chien|53\/100|[silent]\n|upkeep\n|turn|18\n|\n|t:|1683339398\n|move|p2b: Palafin|Wave Crash|p1b: Wo-Chien\n|-resisted|p1b: Wo-Chien\n|-damage|p1b: Wo-Chien|30\/100\n|-damage|p2b: Palafin|0 fnt|[from] Recoil\n|faint|p2b: Palafin\n|\n|win|MilyMystic\n|l|\u2606MilyMystic\n","uploadtime":1683339428,"views":10,"p1id":"milymystic","p2id":"raphaelcoelho15","formatid":"gen9vgc2023regulationc","rating":0,"private":0,"password":""}