{"id":"gen9vgc2023regulationc-1862155705","p1":"IeroTenparansu","p2":"Wild248","format":"[Gen 9] VGC 2023 Regulation C","log":"|j|\u2606IeroTenparansu\n|j|\u2606Wild248\n|t:|1683843052\n|gametype|doubles\n|player|p1|IeroTenparansu|madame-gen4dp|1355\n|player|p2|Wild248|ltsurge|1361\n|teamsize|p1|6\n|teamsize|p2|6\n|gen|9\n|tier|[Gen 9] VGC 2023 Regulation C\n|rated|\n|rule|Species Clause: Limit one of each Pok\u00e9mon\n|rule|Item Clause: Limit one of each item\n|clearpoke\n|poke|p1|Dondozo, L50, M|\n|poke|p1|Tatsugiri, L50, F|\n|poke|p1|Chi-Yu, L50|\n|poke|p1|Iron Bundle, L50|\n|poke|p1|Flutter Mane, L50|\n|poke|p1|Glimmora, L50, M|\n|poke|p2|Tyranitar, L50, M|\n|poke|p2|Great Tusk, L50|\n|poke|p2|Flutter Mane, L50|\n|poke|p2|Talonflame, L50, M|\n|poke|p2|Gyarados, L50, M|\n|poke|p2|Lycanroc, L50, M|\n|teampreview|4\n|\n|t:|1683843121\n|start\n|switch|p1a: Iron Bundle|Iron Bundle, L50, shiny|100\/100\n|switch|p1b: Glimmora|Glimmora, L50, M, shiny|100\/100\n|switch|p2a: Tyranitar|Tyranitar, L50, M|100\/100\n|switch|p2b: Lycanroc|Lycanroc, L50, M|100\/100\n|-weather|Sandstorm|[from] ability: Sand Stream|[of] p2a: Tyranitar\n|-enditem|p1a: Iron Bundle|Booster Energy\n|-activate|p1a: Iron Bundle|ability: Quark Drive|[fromitem]\n|-start|p1a: Iron Bundle|quarkdrivespe\n|turn|1\n|\n|t:|1683843157\n|-terastallize|p1b: Glimmora|Grass\n|move|p2b: Lycanroc|Howl|p2b: Lycanroc|[spread] p2a,p2b\n|-boost|p2a: Tyranitar|atk|1\n|-boost|p2b: Lycanroc|atk|1\n|move|p1a: Iron Bundle|Icy Wind|p2a: Tyranitar|[spread] p2a,p2b\n|-damage|p2a: Tyranitar|91\/100\n|-damage|p2b: Lycanroc|78\/100\n|-unboost|p2a: Tyranitar|spe|1\n|-unboost|p2b: Lycanroc|spe|1\n|move|p1b: Glimmora|Mortal Spin|p2b: Lycanroc|[spread] p2a,p2b\n|-resisted|p2a: Tyranitar\n|-resisted|p2b: Lycanroc\n|-damage|p2a: Tyranitar|90\/100\n|-damage|p2b: Lycanroc|74\/100\n|-status|p2a: Tyranitar|psn\n|-status|p2b: Lycanroc|psn\n|move|p2a: Tyranitar|Rock Slide|p1b: Glimmora|[spread] p1a,p1b\n|-supereffective|p1a: Iron Bundle\n|-damage|p1a: Iron Bundle|0 fnt\n|-damage|p1b: Glimmora|66\/100\n|-activate|p1b: Glimmora|ability: Toxic Debris\n|-sidestart|p2: Wild248|move: Toxic Spikes\n|faint|p1a: Iron Bundle\n|-end|p1a: Iron Bundle|Quark Drive|[silent]\n|\n|-weather|Sandstorm|[upkeep]\n|-damage|p1b: Glimmora|60\/100|[from] Sandstorm\n|-damage|p2b: Lycanroc|62\/100 psn|[from] psn\n|-damage|p2a: Tyranitar|77\/100 psn|[from] psn\n|upkeep\n|\n|t:|1683843180\n|switch|p1a: Dondozo|Dondozo, L50, M|100\/100\n|turn|2\n|\n|t:|1683843188\n|switch|p2b: Gyarados|Gyarados, L50, M, shiny|100\/100\n|-ability|p2b: Gyarados|Intimidate|boost\n|-fail|p1a: Dondozo|unboost|Attack|[from] ability: Oblivious|[of] p1a: Dondozo\n|-unboost|p1b: Glimmora|atk|1\n|-terastallize|p2a: Tyranitar|Flying\n|move|p1a: Dondozo|Protect|p1a: Dondozo\n|-singleturn|p1a: Dondozo|Protect\n|move|p1b: Glimmora|Energy Ball|p2b: Gyarados\n|-damage|p2b: Gyarados|69\/100\n|move|p2a: Tyranitar|Rock Slide|p1a: Dondozo|[spread] p1b\n|-activate|p1a: Dondozo|move: Protect\n|-damage|p1b: Glimmora|25\/100\n|-activate|p1b: Glimmora|ability: Toxic Debris\n|-sidestart|p2: Wild248|move: Toxic Spikes\n|\n|-weather|Sandstorm|[upkeep]\n|-damage|p2b: Gyarados|63\/100|[from] Sandstorm\n|-damage|p1b: Glimmora|19\/100|[from] Sandstorm\n|-damage|p1a: Dondozo|94\/100|[from] Sandstorm\n|-damage|p2a: Tyranitar|71\/100 psn|[from] Sandstorm\n|-heal|p1a: Dondozo|100\/100|[from] item: Leftovers\n|-damage|p2a: Tyranitar|59\/100 psn|[from] psn\n|upkeep\n|turn|3\n|\n|t:|1683843219\n|switch|p1b: Tatsugiri|Tatsugiri, L50, F|100\/100\n|-activate|p1b: Tatsugiri|ability: Commander|[of] p1a: Dondozo\n|-boost|p1a: Dondozo|atk|2\n|-boost|p1a: Dondozo|spa|2\n|-boost|p1a: Dondozo|spe|2\n|-boost|p1a: Dondozo|def|2\n|-boost|p1a: Dondozo|spd|2\n|move|p1a: Dondozo|Tera Blast|p2b: Gyarados\n|-damage|p2b: Gyarados|44\/100\n|-enditem|p2b: Gyarados|Sitrus Berry|[eat]\n|-heal|p2b: Gyarados|69\/100|[from] item: Sitrus Berry\n|move|p2b: Gyarados|Thunder Wave|p1a: Dondozo\n|-status|p1a: Dondozo|par\n|move|p2a: Tyranitar|Rock Slide|p1b: Tatsugiri|[spread] p1a\n|-miss|p2a: Tyranitar|p1b: Tatsugiri\n|-damage|p1a: Dondozo|83\/100 par\n|\n|-weather|Sandstorm|[upkeep]\n|-damage|p1b: Tatsugiri|95\/100|[from] Sandstorm\n|-damage|p2b: Gyarados|63\/100|[from] Sandstorm\n|-damage|p1a: Dondozo|77\/100 par|[from] Sandstorm\n|-damage|p2a: Tyranitar|53\/100 psn|[from] Sandstorm\n|-heal|p1a: Dondozo|83\/100 par|[from] item: Leftovers\n|-damage|p2a: Tyranitar|40\/100 psn|[from] psn\n|upkeep\n|turn|4\n|\n|t:|1683843243\n|switch|p2a: Flutter Mane|Flutter Mane, L50|100\/100\n|-status|p2a: Flutter Mane|tox\n|move|p2b: Gyarados|Taunt|p1a: Dondozo\n|-immune|p1a: Dondozo|[from] ability: Oblivious\n|move|p1a: Dondozo|Wave Crash|p2a: Flutter Mane\n|-damage|p2a: Flutter Mane|0 fnt\n|faint|p2a: Flutter Mane\n|-end|p2a: Flutter Mane|Protosynthesis|[silent]\n|-damage|p1a: Dondozo|63\/100 par|[from] Recoil\n|\n|-weather|Sandstorm|[upkeep]\n|-damage|p1b: Tatsugiri|89\/100|[from] Sandstorm\n|-damage|p2b: Gyarados|57\/100|[from] Sandstorm\n|-damage|p1a: Dondozo|57\/100 par|[from] Sandstorm\n|-heal|p1a: Dondozo|63\/100 par|[from] item: Leftovers\n|upkeep\n|\n|t:|1683843253\n|switch|p2a: Tyranitar|Tyranitar, L50, M, tera:Flying|40\/100 psn\n|turn|5\n|\n|t:|1683843264\n|move|p2b: Gyarados|Waterfall|p1a: Dondozo\n|-resisted|p1a: Dondozo\n|-damage|p1a: Dondozo|57\/100 par\n|move|p2a: Tyranitar|Rock Slide|p1a: Dondozo|[spread] \n|-miss|p2a: Tyranitar|p1b: Tatsugiri\n|-miss|p2a: Tyranitar|p1a: Dondozo\n|move|p1a: Dondozo|Wave Crash|p2a: Tyranitar\n|-damage|p2a: Tyranitar|0 fnt\n|faint|p2a: Tyranitar\n|-damage|p1a: Dondozo|45\/100 par|[from] Recoil\n|\n|-weather|none\n|-heal|p1a: Dondozo|51\/100 par|[from] item: Leftovers\n|upkeep\n|\n|t:|1683843269\n|switch|p2a: Lycanroc|Lycanroc, L50, M|62\/100 psn\n|turn|6\n|\n|t:|1683843280\n|move|p2a: Lycanroc|Howl|p2a: Lycanroc|[spread] p2a,p2b\n|-boost|p2a: Lycanroc|atk|1\n|-boost|p2b: Gyarados|atk|1\n|move|p2b: Gyarados|Waterfall|p1a: Dondozo\n|-resisted|p1a: Dondozo\n|-damage|p1a: Dondozo|43\/100 par\n|move|p1a: Dondozo|Wave Crash|p2a: Lycanroc\n|-supereffective|p2a: Lycanroc\n|-damage|p2a: Lycanroc|0 fnt\n|faint|p2a: Lycanroc\n|-damage|p1a: Dondozo|29\/100 par|[from] Recoil\n|\n|-heal|p1a: Dondozo|35\/100 par|[from] item: Leftovers\n|upkeep\n|turn|7\n|-message|Wild248 forfeited.\n|\n|win|IeroTenparansu\n|raw|IeroTenparansu's rating: 1355 → 1375<\/strong> (+20 for winning)\n|raw|Wild248's rating: 1361 → 1341<\/strong> (-20 for losing)\n|l|\u2606Wild248\n","uploadtime":1683843297,"views":7,"p1id":"ierotenparansu","p2id":"wild248","formatid":"gen9vgc2023regulationc","rating":1341,"private":0,"password":""}