{"id":"gen9vgc2023regulationc-1860883618","p1":"bway","p2":"bentoboxkiller","format":"[Gen 9] VGC 2023 Regulation C","log":"|j|\u2606bway\n|j|\u2606bentoboxkiller\n|t:|1683690155\n|gametype|doubles\n|player|p1|bway|hilda|1147\n|player|p2|bentoboxkiller|266|1204\n|teamsize|p1|6\n|teamsize|p2|6\n|gen|9\n|tier|[Gen 9] VGC 2023 Regulation C\n|rated|\n|rule|Species Clause: Limit one of each Pok\u00e9mon\n|rule|Item Clause: Limit one of each item\n|clearpoke\n|poke|p1|Kingambit, L50, F|\n|poke|p1|Torkoal, L50, M|\n|poke|p1|Flutter Mane, L50|\n|poke|p1|Jumpluff, L50, M|\n|poke|p1|Great Tusk, L50|\n|poke|p1|Chien-Pao, L50|\n|poke|p2|Orthworm, L50, M|\n|poke|p2|Iron Bundle, L50|\n|poke|p2|Ting-Lu, L50|\n|poke|p2|Amoonguss, L50, M|\n|poke|p2|Roaring Moon, L50|\n|poke|p2|Talonflame, L50, F|\n|teampreview|4\n|inactive|Battle timer is ON: inactive players will automatically lose when time's up. (requested by bentoboxkiller)\nbway has agreed to open team sheets.\n|inactive|bway has 60 seconds left.\n|\n|t:|1683690202\n|start\n|switch|p1a: Jumpluff|Jumpluff, L50, M|100\/100\n|switch|p1b: Torkoal|Torkoal, L50, M|100\/100\n|switch|p2a: Talonflame|Talonflame, L50, F|100\/100\n|switch|p2b: Roaring Moon|Roaring Moon, L50|100\/100\n|-weather|SunnyDay|[from] ability: Drought|[of] p1b: Torkoal\n|-activate|p2b: Roaring Moon|ability: Protosynthesis\n|-start|p2b: Roaring Moon|protosynthesisatk\n|turn|1\n|inactive|bentoboxkiller has 30 seconds left.\n|\n|t:|1683690231\n|move|p2a: Talonflame|Tailwind|p2a: Talonflame\n|-sidestart|p2: bentoboxkiller|move: Tailwind\n|move|p2b: Roaring Moon|Throat Chop|p1a: Jumpluff\n|-damage|p1a: Jumpluff|31\/100\n|move|p1a: Jumpluff|Tailwind|p1a: Jumpluff\n|-sidestart|p1: bway|move: Tailwind\n|move|p1b: Torkoal|Fissure|p2b: Roaring Moon|[miss]\n|-miss|p1b: Torkoal|p2b: Roaring Moon\n|\n|-weather|SunnyDay|[upkeep]\n|upkeep\n|turn|2\n|inactive|bway has 30 seconds left.\n|\n|t:|1683690258\n|switch|p1a: Kingambit|Kingambit, L50, F|100\/100\n|move|p2a: Talonflame|Brave Bird|p1a: Kingambit\n|-resisted|p1a: Kingambit\n|-damage|p1a: Kingambit|75\/100\n|-damage|p2a: Talonflame|91\/100|[from] Recoil\n|move|p2b: Roaring Moon|Throat Chop|p1b: Torkoal\n|-damage|p1b: Torkoal|54\/100\n|-start|p1b: Torkoal|Throat Chop|[silent]\n|move|p1b: Torkoal|Overheat|p2a: Talonflame\n|-resisted|p2a: Talonflame\n|-damage|p2a: Talonflame|24\/100\n|-unboost|p1b: Torkoal|spa|2\n|-enditem|p1b: Torkoal|Eject Pack\n|\n|t:|1683690277\n|switch|p1b: Jumpluff|Jumpluff, L50, M|31\/100\n|\n|-weather|SunnyDay|[upkeep]\n|upkeep\n|turn|3\n|\n|t:|1683690296\n|-end|p2b: Roaring Moon|Protosynthesis|[silent]\n|switch|p2b: Orthworm|Orthworm, L50, M|100\/100\n|-terastallize|p1a: Kingambit|Fire\n|move|p1a: Kingambit|Sucker Punch||[still]\n|-fail|p1a: Kingambit\n|move|p1b: Jumpluff|Sleep Powder|p2b: Orthworm\n|-activate|p2b: Orthworm|item: Safety Goggles|Sleep Powder\n|move|p2a: Talonflame|Taunt|p1b: Jumpluff\n|-start|p1b: Jumpluff|move: Taunt\n|\n|-weather|SunnyDay|[upkeep]\n|upkeep\n|turn|4\n|\n|t:|1683690321\n|switch|p1b: Torkoal|Torkoal, L50, M|54\/100\n|move|p2a: Talonflame|Brave Bird|p1b: Torkoal\n|-damage|p1b: Torkoal|11\/100\n|-damage|p2a: Talonflame|8\/100|[from] Recoil\n|move|p2b: Orthworm|Iron Defense|p2b: Orthworm\n|-boost|p2b: Orthworm|def|2\n|move|p1a: Kingambit|Tera Blast|p2b: Orthworm\n|-supereffective|p2b: Orthworm\n|-damage|p2b: Orthworm|46\/100\n|\n|-weather|SunnyDay|[upkeep]\n|-sideend|p2: bentoboxkiller|move: Tailwind\n|-sideend|p1: bway|move: Tailwind\n|upkeep\n|turn|5\n|inactive|bway has 30 seconds left.\n|inactive|bway has 20 seconds left.\n|inactive|bway has 15 seconds left.\n|inactive|bway has 10 seconds left.\n|\n|t:|1683690370\n|move|p2b: Orthworm|Protect|p2b: Orthworm\n|-singleturn|p2b: Orthworm|Protect\n|move|p2a: Talonflame|Brave Bird|p1b: Torkoal\n|-damage|p1b: Torkoal|0 fnt\n|faint|p1b: Torkoal\n|-damage|p2a: Talonflame|4\/100|[from] Recoil\n|move|p1a: Kingambit|Kowtow Cleave|p2a: Talonflame\n|-damage|p2a: Talonflame|0 fnt\n|faint|p2a: Talonflame\n|\n|-weather|none\n|upkeep\n|\n|t:|1683690384\n|switch|p2a: Roaring Moon|Roaring Moon, L50|100\/100\n|switch|p1b: Jumpluff|Jumpluff, L50, M|31\/100\n|turn|6\n|\n|t:|1683690397\n|-terastallize|p2b: Orthworm|Fire\n|move|p2a: Roaring Moon|Earthquake|p1a: Kingambit|[spread] p1a\n|-heal|p2b: Orthworm|71\/100|[from] ability: Earth Eater|[of] p2a: Roaring Moon\n|-immune|p1b: Jumpluff\n|-supereffective|p1a: Kingambit\n|-damage|p1a: Kingambit|17\/100\n|move|p1b: Jumpluff|Tailwind|p1b: Jumpluff\n|-sidestart|p1: bway|move: Tailwind\n|move|p1a: Kingambit|Tera Blast|p2b: Orthworm\n|-resisted|p2b: Orthworm\n|-damage|p2b: Orthworm|63\/100\n|move|p2b: Orthworm|Iron Defense|p2b: Orthworm\n|-boost|p2b: Orthworm|def|2\n|\n|upkeep\n|turn|7\n|inactive|bway has 30 seconds left.\n|inactive|bway has 20 seconds left.\n|inactive|bway has 15 seconds left.\n|\n|t:|1683690442\n|move|p1b: Jumpluff|Sleep Powder|p2a: Roaring Moon\n|-status|p2a: Roaring Moon|slp|[from] move: Sleep Powder\n|cant|p2a: Roaring Moon|slp\n|move|p1a: Kingambit|Kowtow Cleave|p2b: Orthworm\n|-damage|p2b: Orthworm|49\/100\n|move|p2b: Orthworm|Body Press|p1b: Jumpluff\n|-resisted|p1b: Jumpluff\n|-damage|p1b: Jumpluff|0 fnt\n|faint|p1b: Jumpluff\n|\n|upkeep\n|\n|t:|1683690449\n|switch|p1b: Flutter Mane|Flutter Mane, L50|100\/100\n|turn|8\n|\n|t:|1683690463\n|-end|p2a: Roaring Moon|Protosynthesis|[silent]\n|switch|p2a: Ting-Lu|Ting-Lu, L50|100\/100\n|-ability|p2a: Ting-Lu|Vessel of Ruin\n|move|p2b: Orthworm|Protect|p2b: Orthworm\n|-singleturn|p2b: Orthworm|Protect\n|move|p1b: Flutter Mane|Dazzling Gleam|p2b: Orthworm|[spread] p2a\n|-activate|p2b: Orthworm|move: Protect\n|-supereffective|p2a: Ting-Lu\n|-damage|p2a: Ting-Lu|70\/100\n|move|p1a: Kingambit|Kowtow Cleave|p2b: Orthworm\n|-activate|p2b: Orthworm|move: Protect\n|\n|upkeep\n|turn|9\n|\n|t:|1683690477\n|move|p1b: Flutter Mane|Dazzling Gleam|p2a: Ting-Lu|[spread] p2a,p2b\n|-supereffective|p2a: Ting-Lu\n|-resisted|p2b: Orthworm\n|-damage|p2a: Ting-Lu|35\/100\n|-damage|p2b: Orthworm|30\/100\n|move|p1a: Kingambit|Kowtow Cleave|p2b: Orthworm\n|-damage|p2b: Orthworm|18\/100\n|move|p2b: Orthworm|Heavy Slam|p1b: Flutter Mane\n|-supereffective|p1b: Flutter Mane\n|-damage|p1b: Flutter Mane|0 fnt\n|faint|p1b: Flutter Mane\n|-end|p1b: Flutter Mane|Protosynthesis|[silent]\n|move|p2a: Ting-Lu|Earthquake|p1a: Kingambit|[spread] p1a\n|-heal|p2b: Orthworm|43\/100|[from] ability: Earth Eater|[of] p2a: Ting-Lu\n|-supereffective|p1a: Kingambit\n|-damage|p1a: Kingambit|0 fnt\n|faint|p1a: Kingambit\n|\n|win|bentoboxkiller\n|raw|bway's rating: 1147 → 1126<\/strong> (-21 for losing)\n|raw|bentoboxkiller's rating: 1204 → 1225<\/strong> (+21 for winning)\n|c|\u2606bentoboxkiller|gg\n|l|\u2606bentoboxkiller\n|c|\u2606bway|gg\n","uploadtime":1683690482,"views":13,"p1id":"bway","p2id":"bentoboxkiller","formatid":"gen9vgc2023regulationc","rating":1126,"private":0,"password":""}