{"id":"gen9vgc2023regulationc-1860520373","p1":"Asd4321","p2":"The Bolas","format":"[Gen 9] VGC 2023 Regulation C","log":"|j|\u2606Asd4321\n|j|\u2606The Bolas\n|t:|1683651218\n|gametype|doubles\n|player|p1|Asd4321|supernerd|1276\n|player|p2|The Bolas|169|1270\n|teamsize|p1|6\n|teamsize|p2|6\n|gen|9\n|tier|[Gen 9] VGC 2023 Regulation C\n|rated|\n|rule|Species Clause: Limit one of each Pok\u00e9mon\n|rule|Item Clause: Limit one of each item\n|clearpoke\n|poke|p1|Chi-Yu, L50|\n|poke|p1|Flutter Mane, L50|\n|poke|p1|Great Tusk, L50|\n|poke|p1|Corviknight, L50, F|\n|poke|p1|Palafin, L50, F|\n|poke|p1|Amoonguss, L50, F|\n|poke|p2|Palafin, L50, F|\n|poke|p2|Chien-Pao, L50|\n|poke|p2|Dragapult, L50, F|\n|poke|p2|Amoonguss, L50, M|\n|poke|p2|Arcanine, L50, M|\n|poke|p2|Flutter Mane, L50|\n|teampreview|4\n|inactive|Battle timer is ON: inactive players will automatically lose when time's up. (requested by The Bolas)\n|\n|t:|1683651236\n|start\n|switch|p1a: Corviknight|Corviknight, L50, F|100\/100\n|switch|p1b: Palafin|Palafin, L50, F|100\/100\n|switch|p2a: WoChien|Amoonguss, L50, M|100\/100\n|switch|p2b: Dnite|Dragapult, L50, F|100\/100\n|turn|1\n|\n|t:|1683651254\n|move|p1b: Palafin|Protect|p1b: Palafin\n|-singleturn|p1b: Palafin|Protect\n|move|p2b: Dnite|U-turn|p1b: Palafin\n|-activate|p1b: Palafin|move: Protect\n|move|p1a: Corviknight|Taunt|p2a: WoChien\n|-start|p2a: WoChien|move: Taunt\n|cant|p2a: WoChien|move: Taunt|Spore\n|\n|upkeep\n|turn|2\n|\n|t:|1683651269\n|switch|p2a: ChiYu|Arcanine, L50, M|100\/100\n|-ability|p2a: ChiYu|Intimidate|boost\n|-ability|p1a: Corviknight|Mirror Armor\n|-unboost|p2a: ChiYu|atk|1\n|-unboost|p1b: Palafin|atk|1\n|move|p2b: Dnite|U-turn|p1b: Palafin\n|-damage|p1b: Palafin|60\/100\n|\n|t:|1683651277\n|switch|p2b: WoChien|Amoonguss, L50, M|100\/100|[from] U-turn\n|move|p1b: Palafin|Wave Crash|p2b: WoChien\n|-resisted|p2b: WoChien\n|-damage|p2b: WoChien|84\/100\n|-damage|p1b: Palafin|54\/100|[from] Recoil\n|move|p1a: Corviknight|Tailwind|p1a: Corviknight\n|-sidestart|p1: Asd4321|move: Tailwind\n|\n|upkeep\n|turn|3\n|\n|t:|1683651293\n|move|p1b: Palafin|Protect|p1b: Palafin\n|-singleturn|p1b: Palafin|Protect\n|move|p1a: Corviknight|Taunt|p2b: WoChien\n|-start|p2b: WoChien|move: Taunt\n|move|p2a: ChiYu|Flare Blitz|p1a: Corviknight\n|-supereffective|p1a: Corviknight\n|-damage|p1a: Corviknight|54\/100\n|-damage|p2a: ChiYu|84\/100|[from] Recoil\n|cant|p2b: WoChien|move: Taunt|Spore\n|\n|upkeep\n|turn|4\n|\n|t:|1683651318\n|detailschange|p1b: Palafin|Palafin-Hero, L50, F\n|switch|p1b: Flutter Mane|Flutter Mane, L50|100\/100\n|move|p1a: Corviknight|Brave Bird|p2b: WoChien\n|-supereffective|p2b: WoChien\n|-damage|p2b: WoChien|21\/100\n|-enditem|p2b: WoChien|Sitrus Berry|[eat]\n|-heal|p2b: WoChien|46\/100|[from] item: Sitrus Berry\n|-damage|p1a: Corviknight|31\/100|[from] Recoil\n|-enditem|p1a: Corviknight|Sitrus Berry|[eat]\n|-heal|p1a: Corviknight|56\/100|[from] item: Sitrus Berry\n|move|p2a: ChiYu|Will-O-Wisp|p1a: Corviknight\n|-status|p1a: Corviknight|brn\n|move|p2b: WoChien|Pollen Puff|p2a: ChiYu\n|-heal|p2a: ChiYu|100\/100\n|\n|-damage|p1a: Corviknight|50\/100 brn|[from] brn\n|upkeep\n|turn|5\n|inactive|The Bolas has 30 seconds left.\n|\n|t:|1683651352\n|switch|p2b: Dnite|Dragapult, L50, F|100\/100\n|move|p2a: ChiYu|Protect|p2a: ChiYu\n|-singleturn|p2a: ChiYu|Protect\n|move|p1b: Flutter Mane|Shadow Ball|p2b: Dnite\n|-supereffective|p2b: Dnite\n|-damage|p2b: Dnite|0 fnt\n|faint|p2b: Dnite\n|-damage|p1b: Flutter Mane|91\/100|[from] item: Life Orb\n|move|p1a: Corviknight|Roost|p1a: Corviknight\n|-heal|p1a: Corviknight|100\/100 brn\n|-singleturn|p1a: Corviknight|move: Roost\n|\n|-damage|p1a: Corviknight|95\/100 brn|[from] brn\n|-sideend|p1: Asd4321|move: Tailwind\n|upkeep\n|\n|t:|1683651363\n|switch|p2b: WoChien|Amoonguss, L50, M|80\/100\n|turn|6\n|\n|t:|1683651373\n|move|p1b: Flutter Mane|Protect|p1b: Flutter Mane\n|-singleturn|p1b: Flutter Mane|Protect\n|move|p2b: WoChien|Protect|p2b: WoChien\n|-singleturn|p2b: WoChien|Protect\n|move|p2a: ChiYu|Flare Blitz|p1b: Flutter Mane\n|-activate|p1b: Flutter Mane|move: Protect\n|move|p1a: Corviknight|Tailwind|p1a: Corviknight\n|-sidestart|p1: Asd4321|move: Tailwind\n|\n|-damage|p1a: Corviknight|89\/100 brn|[from] brn\n|upkeep\n|turn|7\n|\n|t:|1683651387\n|-end|p1b: Flutter Mane|Protosynthesis|[silent]\n|switch|p1b: Palafin|Palafin-Hero, L50, F|54\/100\n|-activate|p1b: Palafin|ability: Zero to Hero\n|move|p1a: Corviknight|Taunt|p2b: WoChien\n|-start|p2b: WoChien|move: Taunt\n|move|p2a: ChiYu|Flare Blitz|p1b: Palafin\n|-resisted|p1b: Palafin\n|-damage|p1b: Palafin|40\/100\n|-damage|p2a: ChiYu|96\/100|[from] Recoil\n|cant|p2b: WoChien|move: Taunt|Spore\n|\n|-damage|p1a: Corviknight|83\/100 brn|[from] brn\n|upkeep\n|turn|8\n|\n|t:|1683651397\n|-terastallize|p1b: Palafin|Water\n|move|p2a: ChiYu|Extreme Speed|p1b: Palafin\n|-damage|p1b: Palafin|26\/100\n|move|p1b: Palafin|Wave Crash|p2a: ChiYu\n|-supereffective|p2a: ChiYu\n|-damage|p2a: ChiYu|0 fnt\n|faint|p2a: ChiYu\n|-damage|p1b: Palafin|0 fnt|[from] Recoil\n|faint|p1b: Palafin\n|move|p1a: Corviknight|Brave Bird|p2b: WoChien\n|-supereffective|p2b: WoChien\n|-damage|p2b: WoChien|48\/100\n|-damage|p1a: Corviknight|72\/100 brn|[from] Recoil\n|move|p2b: WoChien|Pollen Puff|p1a: Corviknight\n|-resisted|p1a: Corviknight\n|-damage|p1a: Corviknight|68\/100 brn\n|\n|-damage|p1a: Corviknight|62\/100 brn|[from] brn\n|upkeep\n|\n|t:|1683651414\n|switch|p2a: Mimi|Flutter Mane, L50|100\/100\n|switch|p1b: Flutter Mane|Flutter Mane, L50|91\/100\n|-enditem|p2a: Mimi|Booster Energy\n|-activate|p2a: Mimi|ability: Protosynthesis|[fromitem]\n|-start|p2a: Mimi|protosynthesisspa\n|turn|9\n|\n|t:|1683651427\n|-terastallize|p2a: Mimi|Fairy\n|move|p1b: Flutter Mane|Shadow Ball|p2a: Mimi\n|-damage|p2a: Mimi|42\/100\n|-damage|p1b: Flutter Mane|82\/100|[from] item: Life Orb\n|move|p1a: Corviknight|Brave Bird|p2b: WoChien\n|-supereffective|p2b: WoChien\n|-damage|p2b: WoChien|15\/100\n|-damage|p1a: Corviknight|51\/100 brn|[from] Recoil\n|move|p2a: Mimi|Shadow Ball|p1a: Corviknight\n|-damage|p1a: Corviknight|8\/100 brn\n|move|p2b: WoChien|Pollen Puff|p2a: Mimi\n|-heal|p2a: Mimi|92\/100\n|\n|-damage|p1a: Corviknight|2\/100 brn|[from] brn\n|-end|p2b: WoChien|move: Taunt\n|-sideend|p1: Asd4321|move: Tailwind\n|upkeep\n|turn|10\n|\n|t:|1683651441\n|move|p2a: Mimi|Dazzling Gleam|p1a: Corviknight|[spread] p1a,p1b\n|-resisted|p1a: Corviknight\n|-damage|p1a: Corviknight|0 fnt\n|-damage|p1b: Flutter Mane|35\/100\n|faint|p1a: Corviknight\n|move|p1b: Flutter Mane|Dazzling Gleam|p2b: WoChien|[spread] p2a,p2b\n|-resisted|p2b: WoChien\n|-damage|p2a: Mimi|52\/100\n|-damage|p2b: WoChien|0 fnt\n|faint|p2b: WoChien\n|-damage|p1b: Flutter Mane|25\/100|[from] item: Life Orb\n|\n|upkeep\n|\n|t:|1683651445\n|switch|p1a: Amoonguss|Amoonguss, L50, F|100\/100\n|turn|11\n|\n|t:|1683651453\n|move|p1b: Flutter Mane|Protect|p1b: Flutter Mane\n|-singleturn|p1b: Flutter Mane|Protect\n|move|p2a: Mimi|Dazzling Gleam|p1b: Flutter Mane|[spread] p1a\n|-activate|p1b: Flutter Mane|move: Protect\n|-resisted|p1a: Amoonguss\n|-damage|p1a: Amoonguss|83\/100\n|move|p1a: Amoonguss|Spore|p2a: Mimi\n|-status|p2a: Mimi|slp|[from] move: Spore\n|\n|upkeep\n|turn|12\n|\n|t:|1683651462\n|cant|p2a: Mimi|slp\n|move|p1b: Flutter Mane|Shadow Ball|p2a: Mimi\n|-damage|p2a: Mimi|0 fnt\n|faint|p2a: Mimi\n|-end|p2a: Mimi|Protosynthesis|[silent]\n|-damage|p1b: Flutter Mane|16\/100|[from] item: Life Orb\n|\n|win|Asd4321\n|raw|Asd4321's rating: 1276 → 1301<\/strong> (+25 for winning)\n|raw|The Bolas's rating: 1270 → 1245<\/strong> (-25 for losing)\n|l|\u2606The Bolas\n|c|\u2606Asd4321|ggez\n","uploadtime":1683651479,"views":6,"p1id":"asd4321","p2id":"thebolas","formatid":"gen9vgc2023regulationc","rating":1245,"private":0,"password":""}