{"id":"gen9vgc2023regulationc-1852382537","p1":"ghostyboyy97","p2":"aerhaqh","format":"[Gen 9] VGC 2023 Regulation C","log":"|j|\u2606ghostyboyy97\n|j|\u2606aerhaqh\n|t:|1682550761\n|gametype|doubles\n|player|p1|ghostyboyy97|cameraman|1174\n|player|p2|aerhaqh|102|1112\n|teamsize|p1|6\n|teamsize|p2|6\n|gen|9\n|tier|[Gen 9] VGC 2023 Regulation C\n|rated|\n|rule|Species Clause: Limit one of each Pok\u00e9mon\n|rule|Item Clause: Limit one of each item\n|clearpoke\n|poke|p1|Gastrodon, L50, M|\n|poke|p1|Ceruledge, L50, M|\n|poke|p1|Glimmora, L50, F|\n|poke|p1|Grimmsnarl, L50, M|\n|poke|p1|Iron Hands, L50|\n|poke|p1|Wo-Chien, L50|\n|poke|p2|Toxtricity-Low-Key, L50, M|\n|poke|p2|Sableye, L50, M|\n|poke|p2|Dragonite, L50, M|\n|poke|p2|Chien-Pao, L50|\n|poke|p2|Gyarados, L50, M|\n|poke|p2|Iron Bundle, L50|\n|teampreview|4\n|inactive|Battle timer is ON: inactive players will automatically lose when time's up. (requested by aerhaqh)\n|inactive|ghostyboyy97 also wants the timer to be on.\nghostyboyy97 has agreed to open team sheets.\n|c|\u2606ghostyboyy97|glhf\naerhaqh has agreed to open team sheets.\n|inactive|ghostyboyy97 has 60 seconds left.\n|\n|t:|1682550802\n|start\n|switch|p1a: Grimmsnarl|Grimmsnarl, L50, M|100\/100\n|switch|p1b: Glimmora|Glimmora, L50, F|100\/100\n|switch|p2a: Toxtricity|Toxtricity-Low-Key, L50, M, shiny|100\/100\n|switch|p2b: Sableye|Sableye, L50, M, shiny|100\/100\n|turn|1\n|inactive|ghostyboyy97 has 30 seconds left.\n|inactive|ghostyboyy97 has 20 seconds left.\n|\n|t:|1682550838\n|move|p2b: Sableye|Fake Out|p1b: Glimmora\n|-resisted|p1b: Glimmora\n|-damage|p1b: Glimmora|95\/100\n|move|p1a: Grimmsnarl|Light Screen|p1a: Grimmsnarl\n|-sidestart|p1: ghostyboyy97|move: Light Screen\n|cant|p1b: Glimmora|flinch\n|move|p2a: Toxtricity|Overdrive|p1a: Grimmsnarl|[spread] p1a,p1b\n|-damage|p1a: Grimmsnarl|64\/100\n|-damage|p1b: Glimmora|35\/100\n|\n|upkeep\n|turn|2\n|inactive|ghostyboyy97 has 30 seconds left.\n|inactive|ghostyboyy97 has 20 seconds left.\n|inactive|ghostyboyy97 has 15 seconds left.\n|\n|t:|1682550883\n|switch|p1b: Iron Hands|Iron Hands, L50|100\/100\n|switch|p1a: Gastrodon|Gastrodon, L50, M|100\/100\n|move|p2b: Sableye|Quash||[still]\n|-fail|p2b: Sableye\n|move|p2a: Toxtricity|Overdrive|p1a: Gastrodon|[spread] p1b\n|-immune|p1a: Gastrodon\n|-resisted|p1b: Iron Hands\n|-damage|p1b: Iron Hands|91\/100\n|\n|upkeep\n|turn|3\n|\n|t:|1682550906\n|switch|p2a: Iron Bundle|Iron Bundle, L50|100\/100\n|-enditem|p2a: Iron Bundle|Booster Energy\n|-activate|p2a: Iron Bundle|ability: Quark Drive|[fromitem]\n|-start|p2a: Iron Bundle|quarkdrivespe\n|move|p1b: Iron Hands|Fake Out|p2a: Iron Bundle\n|-damage|p2a: Iron Bundle|82\/100\n|move|p2b: Sableye|Will-O-Wisp|p1b: Iron Hands\n|-status|p1b: Iron Hands|brn\n|move|p1a: Gastrodon|Earth Power|p2a: Iron Bundle\n|-damage|p2a: Iron Bundle|17\/100\n|\n|-damage|p1b: Iron Hands|85\/100 brn|[from] brn\n|upkeep\n|turn|4\n|inactive|ghostyboyy97 has 30 seconds left.\n|\n|t:|1682550932\n|-terastallize|p1a: Gastrodon|Fire\n|move|p2b: Sableye|Encore|p1b: Iron Hands\n|-start|p1b: Iron Hands|Encore\n|move|p2a: Iron Bundle|Freeze-Dry|p1a: Gastrodon\n|-resisted|p1a: Gastrodon\n|-damage|p1a: Gastrodon|93\/100\n|move|p1b: Iron Hands|Fake Out||[still]\n|-hint|Fake Out only works on your first turn out.\n|-fail|p1b: Iron Hands\n|move|p1a: Gastrodon|Earth Power|p2b: Sableye\n|-damage|p2b: Sableye|72\/100\n|-unboost|p2b: Sableye|spd|1\n|\n|-damage|p1b: Iron Hands|79\/100 brn|[from] brn\n|upkeep\n|turn|5\n|\n|t:|1682550949\n|-end|p1b: Iron Hands|Quark Drive|[silent]\n|switch|p1b: Grimmsnarl|Grimmsnarl, L50, M|64\/100\n|switch|p2b: Chien-Pao|Chien-Pao, L50|100\/100\n|-ability|p2b: Chien-Pao|Sword of Ruin\n|move|p2a: Iron Bundle|Freeze-Dry|p1b: Grimmsnarl\n|-damage|p1b: Grimmsnarl|42\/100\n|move|p1a: Gastrodon|Earth Power|p2a: Iron Bundle\n|-damage|p2a: Iron Bundle|0 fnt\n|faint|p2a: Iron Bundle\n|-end|p2a: Iron Bundle|Quark Drive|[silent]\n|\n|upkeep\n|\n|t:|1682550960\n|switch|p2a: Sableye|Sableye, L50, M, shiny|72\/100\n|turn|6\n|\n|t:|1682550982\n|move|p1b: Grimmsnarl|Fake Out|p2b: Chien-Pao\n|-damage|p2b: Chien-Pao|86\/100\n|move|p2a: Sableye|Fake Out|p1a: Gastrodon\n|-damage|p1a: Gastrodon|82\/100\n|cant|p2b: Chien-Pao|flinch\n|cant|p1a: Gastrodon|flinch\n|\n|upkeep\n|turn|7\n|\n|t:|1682551007\n|switch|p2a: Toxtricity|Toxtricity-Low-Key, L50, M, shiny|100\/100\n|move|p2b: Chien-Pao|Ice Spinner|p1b: Grimmsnarl\n|-damage|p1b: Grimmsnarl|0 fnt\n|faint|p1b: Grimmsnarl\n|move|p1a: Gastrodon|Earth Power|p2b: Chien-Pao\n|-damage|p2b: Chien-Pao|40\/100\n|\n|upkeep\n|\n|t:|1682551021\n|switch|p1b: Glimmora|Glimmora, L50, F|35\/100\n|turn|8\n|\n|t:|1682551042\n|switch|p2a: Sableye|Sableye, L50, M, shiny|72\/100\n|move|p1b: Glimmora|Spiky Shield|p1b: Glimmora\n|-singleturn|p1b: Glimmora|move: Protect\n|move|p2b: Chien-Pao|Ice Spinner|p1b: Glimmora\n|-activate|p1b: Glimmora|move: Protect\n|-damage|p2b: Chien-Pao|28\/100|[from] Spiky Shield|[of] p1b: Glimmora\n|move|p1a: Gastrodon|Earth Power|p2b: Chien-Pao\n|-damage|p2b: Chien-Pao|0 fnt\n|faint|p2b: Chien-Pao\n|\n|-sideend|p1: ghostyboyy97|move: Light Screen\n|upkeep\n|\n|t:|1682551046\n|switch|p2b: Toxtricity|Toxtricity-Low-Key, L50, M, shiny|100\/100\n|turn|9\n|inactive|ghostyboyy97 has 30 seconds left.\n|inactive|ghostyboyy97 has 20 seconds left.\n|\n|t:|1682551085\n|switch|p1b: Iron Hands|Iron Hands, L50|79\/100 brn\n|-terastallize|p2b: Toxtricity|Normal\n|move|p2a: Sableye|Fake Out|p1b: Iron Hands\n|-damage|p1b: Iron Hands|74\/100 brn\n|move|p2b: Toxtricity|Boomburst|p1b: Iron Hands|[spread] p1a,p1b\n|-immune|p2a: Sableye\n|-damage|p1a: Gastrodon|13\/100\n|-damage|p1b: Iron Hands|22\/100 brn\n|move|p1a: Gastrodon|Earth Power|p2b: Toxtricity\n|-damage|p2b: Toxtricity|59\/100\n|\n|-damage|p1b: Iron Hands|16\/100 brn|[from] brn\n|upkeep\n|turn|10\n|inactive|ghostyboyy97 has 30 seconds left.\n|inactive|aerhaqh has 30 seconds left.\n|\n|t:|1682551113\n|move|p1b: Iron Hands|Fake Out|p2b: Toxtricity\n|-damage|p2b: Toxtricity|49\/100\n|move|p2a: Sableye|Quash|p1a: Gastrodon\n|-activate|p1a: Gastrodon|move: Quash\n|cant|p2b: Toxtricity|flinch\n|move|p1a: Gastrodon|Earth Power|p2b: Toxtricity\n|-damage|p2b: Toxtricity|12\/100\n|\n|-damage|p1b: Iron Hands|10\/100 brn|[from] brn\n|upkeep\n|turn|11\n|inactive|ghostyboyy97 has 30 seconds left.\n|inactive|ghostyboyy97 has 20 seconds left.\n|inactive|ghostyboyy97 has 15 seconds left.\n|\n|t:|1682551156\n|move|p2a: Sableye|Will-O-Wisp|p1a: Gastrodon\n|-immune|p1a: Gastrodon\n|move|p2b: Toxtricity|Boomburst|p1a: Gastrodon|[spread] p1a,p1b\n|-immune|p2a: Sableye\n|-damage|p1a: Gastrodon|0 fnt\n|-damage|p1b: Iron Hands|0 fnt\n|faint|p1a: Gastrodon\n|faint|p1b: Iron Hands\n|-end|p1b: Iron Hands|Quark Drive|[silent]\n|\n|upkeep\n|\n|t:|1682551167\n|switch|p1a: Glimmora|Glimmora, L50, F|35\/100\n|turn|12\n|\n|t:|1682551174\n|move|p2a: Sableye|Quash|p1a: Glimmora\n|-activate|p1a: Glimmora|move: Quash\n|move|p2b: Toxtricity|Boomburst|p1a: Glimmora|[spread] p1a\n|-immune|p2a: Sableye\n|-resisted|p1a: Glimmora\n|-damage|p1a: Glimmora|0 fnt\n|faint|p1a: Glimmora\n|\n|win|aerhaqh\n|raw|ghostyboyy97's rating: 1174 → 1145<\/strong> (-29 for losing)\n|raw|aerhaqh's rating: 1112 → 1141<\/strong> (+29 for winning)\n|c|\u2606ghostyboyy97|ggwp\n","uploadtime":1682551182,"views":15,"p1id":"ghostyboyy97","p2id":"aerhaqh","formatid":"gen9vgc2023regulationc","rating":1141,"private":0,"password":""}