{"id":"gen9vgc2023regulationc-1853274965","p1":"Stealyomunchlax","p2":"SlushiW","format":"[Gen 9] VGC 2023 Regulation C","log":"|j|\u2606Stealyomunchlax\n|j|\u2606SlushiW\n|t:|1682659100\n|gametype|doubles\n|player|p1|Stealyomunchlax|169|\n|player|p2|SlushiW|ethan-pokeathlon|\n|teamsize|p1|6\n|teamsize|p2|6\n|gen|9\n|tier|[Gen 9] VGC 2023 Regulation C\n|rated|Tournament battle\n|rule|Species Clause: Limit one of each Pok\u00e9mon\n|rule|Item Clause: Limit one of each item\n|clearpoke\n|poke|p1|Hippowdon, L50, M|\n|poke|p1|Garganacl, L50, F|\n|poke|p1|Gothitelle, L50, F|\n|poke|p1|Brute Bonnet, L50|\n|poke|p1|Gyarados, L50, F|\n|poke|p1|Arcanine, L50, M|\n|poke|p2|Chien-Pao, L50|\n|poke|p2|Dragonite, L50, M|\n|poke|p2|Palafin, L50, M|\n|poke|p2|Flutter Mane, L50|\n|poke|p2|Arcanine, L50, M|\n|poke|p2|Amoonguss, L50, M|\n|teampreview|4\n|raw| Open Team Sheet for Stealyomunchlax<\/summary>Hippowdon @ Leftovers Ability: Sand Stream Level: 50 Tera Type: Grass - Sand Tomb - Yawn - Slack Off - Protect Garganacl @ Rocky Helmet Ability: Purifying Salt Level: 50 Tera Type: Flying - Salt Cure - Body Press - Recover - Protect Gothitelle @ Kasib Berry Ability: Shadow Tag Level: 50 Tera Type: Fairy - Fake Out - Trick Room - Shadow Ball - Protect Brute Bonnet @ Loaded Dice Ability: Protosynthesis Level: 50 Tera Type: Dark - Spore - Bullet Seed - Sucker Punch - Protect Gyarados @ Life Orb Ability: Intimidate Level: 50 Tera Type: Ground - Earthquake - Thunder Wave - Waterfall - Protect Arcanine @ Safety Goggles Ability: Intimidate Level: 50 Tera Type: Normal - Flare Blitz - Will-O-Wisp - Extreme Speed - Protect <\/details><\/div> Open Team Sheet for SlushiW<\/summary>Frostbite (Chien-Pao) @ Focus Sash Ability: Sword of Ruin Level: 50 Tera Type: Ghost - Ice Spinner - Sucker Punch - Sacred Sword - Protect Comet (Dragonite) (M) @ Assault Vest Ability: Inner Focus Level: 50 Tera Type: Flying - Extreme Speed - Stomping Tantrum - Tera Blast - Low Kick Riptide (Palafin) (M) @ Mystic Water Ability: Zero to Hero Level: 50 Shiny: Yes Tera Type: Water - Wave Crash - Jet Punch - Substitute - Protect Flutter Mane @ Booster Energy Ability: Protosynthesis Level: 50 Tera Type: Fairy - Moonblast - Shadow Ball - Dazzling Gleam - Protect Wildfire (Arcanine) (M) @ Safety Goggles Ability: Intimidate Level: 50 Tera Type: Grass - Flare Blitz - Extreme Speed - Will-O-Wisp - Howl Eternal (Amoonguss) (M) @ Sitrus Berry Ability: Regenerator Level: 50 Shiny: Yes Tera Type: Water - Pollen Puff - Spore - Rage Powder - Clear Smog <\/details><\/div>\n|inactive|Battle timer is ON: inactive players will automatically lose when time's up. (requested by SlushiW)\n|inactive|Stealyomunchlax has 60 seconds left.\n|inactive|SlushiW has 60 seconds left.\n|\n|t:|1682659155\n|start\n|switch|p1a: Brute Bonnet|Brute Bonnet, L50|100\/100\n|switch|p1b: Arcanine|Arcanine, L50, M|100\/100\n|switch|p2a: Flutter Mane|Flutter Mane, L50|100\/100\n|switch|p2b: Comet|Dragonite, L50, M|100\/100\n|-ability|p1b: Arcanine|Intimidate|boost\n|-unboost|p2a: Flutter Mane|atk|1\n|-fail|p2b: Comet|unboost|Attack|[from] ability: Inner Focus|[of] p2b: Comet\n|-enditem|p2a: Flutter Mane|Booster Energy\n|-activate|p2a: Flutter Mane|ability: Protosynthesis|[fromitem]\n|-start|p2a: Flutter Mane|protosynthesisspa\n|turn|1\n|\n|t:|1682659179\n|switch|p2b: Wildfire|Arcanine, L50, M|100\/100\n|-ability|p2b: Wildfire|Intimidate|boost\n|-unboost|p1a: Brute Bonnet|atk|1\n|-unboost|p1b: Arcanine|atk|1\n|-terastallize|p1a: Brute Bonnet|Dark\n|move|p2a: Flutter Mane|Protect|p2a: Flutter Mane\n|-singleturn|p2a: Flutter Mane|Protect\n|move|p1b: Arcanine|Protect|p1b: Arcanine\n|-singleturn|p1b: Arcanine|Protect\n|move|p1a: Brute Bonnet|Sucker Punch||[still]\n|-fail|p1a: Brute Bonnet\n|\n|upkeep\n|turn|2\n|j| NatDex is bad\n|\n|t:|1682659202\n|-end|p1a: Brute Bonnet|Protosynthesis|[silent]\n|switch|p1a: Gyarados|Gyarados, L50, F|100\/100\n|-ability|p1a: Gyarados|Intimidate|boost\n|-unboost|p2a: Flutter Mane|atk|1\n|-unboost|p2b: Wildfire|atk|1\n|-terastallize|p2a: Flutter Mane|Fairy\n|move|p2a: Flutter Mane|Dazzling Gleam|p1b: Arcanine|[spread] p1a,p1b\n|-resisted|p1b: Arcanine\n|-damage|p1a: Gyarados|49\/100\n|-damage|p1b: Arcanine|71\/100\n|move|p2b: Wildfire|Flare Blitz|p1a: Gyarados\n|-resisted|p1a: Gyarados\n|-damage|p1a: Gyarados|33\/100\n|-damage|p2b: Wildfire|95\/100|[from] Recoil\n|move|p1b: Arcanine|Flare Blitz|p2a: Flutter Mane\n|-damage|p2a: Flutter Mane|46\/100\n|-damage|p1b: Arcanine|56\/100|[from] Recoil\n|\n|upkeep\n|turn|3\n|inactive|Stealyomunchlax has 30 seconds left.\n|\n|t:|1682659227\n|switch|p1b: Hippowdon|Hippowdon, L50, M|100\/100\n|-weather|Sandstorm|[from] ability: Sand Stream|[of] p1b: Hippowdon\n|move|p2a: Flutter Mane|Protect|p2a: Flutter Mane\n|-singleturn|p2a: Flutter Mane|Protect\n|move|p1a: Gyarados|Protect|p1a: Gyarados\n|-singleturn|p1a: Gyarados|Protect\n|move|p2b: Wildfire|Will-O-Wisp|p1a: Gyarados\n|-activate|p1a: Gyarados|move: Protect\n|\n|-weather|Sandstorm|[upkeep]\n|-damage|p2a: Flutter Mane|40\/100|[from] Sandstorm\n|-damage|p1a: Gyarados|27\/100|[from] Sandstorm\n|upkeep\n|turn|4\n|l| NatDex is bad\n|inactive|SlushiW has 30 seconds left.\n|\n|t:|1682659257\n|switch|p1a: Arcanine|Arcanine, L50, M|56\/100\n|-ability|p1a: Arcanine|Intimidate|boost\n|-unboost|p2a: Flutter Mane|atk|1\n|-unboost|p2b: Wildfire|atk|1\n|move|p2a: Flutter Mane|Moonblast|p1b: Hippowdon\n|-damage|p1b: Hippowdon|26\/100\n|move|p2b: Wildfire|Flare Blitz|p1b: Hippowdon\n|-damage|p1b: Hippowdon|10\/100\n|-damage|p2b: Wildfire|89\/100|[from] Recoil\n|move|p1b: Hippowdon|Sand Tomb|p2a: Flutter Mane\n|-damage|p2a: Flutter Mane|15\/100\n|-activate|p2a: Flutter Mane|move: Sand Tomb|[of] p1b: Hippowdon\n|\n|-weather|Sandstorm|[upkeep]\n|-damage|p2a: Flutter Mane|9\/100|[from] Sandstorm\n|-heal|p1b: Hippowdon|16\/100|[from] item: Leftovers\n|-damage|p2a: Flutter Mane|0 fnt|[from] move: Sand Tomb|[partiallytrapped]\n|faint|p2a: Flutter Mane\n|-end|p2a: Flutter Mane|Protosynthesis|[silent]\n|upkeep\n|\n|t:|1682659280\n|switch|p2a: Frostbite|Chien-Pao, L50|100\/100\n|-ability|p2a: Frostbite|Sword of Ruin\n|turn|5\n|inactive|Stealyomunchlax has 30 seconds left.\n|inactive|SlushiW has 30 seconds left.\n|inactive|Stealyomunchlax has 20 seconds left.\n|\n|t:|1682659318\n|move|p2a: Frostbite|Protect|p2a: Frostbite\n|-singleturn|p2a: Frostbite|Protect\n|move|p1b: Hippowdon|Protect|p1b: Hippowdon\n|-singleturn|p1b: Hippowdon|Protect\n|move|p2b: Wildfire|Flare Blitz|p1b: Hippowdon\n|-activate|p1b: Hippowdon|move: Protect\n|move|p1a: Arcanine|Flare Blitz|p2a: Frostbite\n|-activate|p2a: Frostbite|move: Protect\n|\n|-weather|Sandstorm|[upkeep]\n|-damage|p2a: Frostbite|95\/100|[from] Sandstorm\n|-heal|p1b: Hippowdon|22\/100|[from] item: Leftovers\n|upkeep\n|turn|6\n|inactive|Stealyomunchlax has 30 seconds left.\n|\n|t:|1682659349\n|switch|p2a: Comet|Dragonite, L50, M|100\/100\n|move|p2b: Wildfire|Howl|p2b: Wildfire|[spread] p2a,p2b\n|-boost|p2a: Comet|atk|1\n|-boost|p2b: Wildfire|atk|1\n|move|p1a: Arcanine|Flare Blitz|p2a: Comet\n|-resisted|p2a: Comet\n|-damage|p2a: Comet|76\/100\n|-damage|p1a: Arcanine|48\/100|[from] Recoil\n|move|p1b: Hippowdon|Slack Off|p1b: Hippowdon\n|-heal|p1b: Hippowdon|73\/100\n|\n|-weather|Sandstorm|[upkeep]\n|-damage|p2a: Comet|70\/100|[from] Sandstorm\n|-heal|p1b: Hippowdon|79\/100|[from] item: Leftovers\n|upkeep\n|turn|7\n|\n|t:|1682659373\n|move|p1a: Arcanine|Protect|p1a: Arcanine\n|-singleturn|p1a: Arcanine|Protect\n|move|p2a: Comet|Extreme Speed|p1a: Arcanine\n|-activate|p1a: Arcanine|move: Protect\n|move|p2b: Wildfire|Howl|p2b: Wildfire|[spread] p2a,p2b\n|-boost|p2a: Comet|atk|1\n|-boost|p2b: Wildfire|atk|1\n|move|p1b: Hippowdon|Sand Tomb|p2b: Wildfire\n|-supereffective|p2b: Wildfire\n|-damage|p2b: Wildfire|62\/100\n|-activate|p2b: Wildfire|move: Sand Tomb|[of] p1b: Hippowdon\n|\n|-weather|none\n|-heal|p1b: Hippowdon|85\/100|[from] item: Leftovers\n|-damage|p2b: Wildfire|50\/100|[from] move: Sand Tomb|[partiallytrapped]\n|upkeep\n|turn|8\n|c|\u2606SlushiW|its over\n|inactive|Stealyomunchlax has 30 seconds left.\n|\n|t:|1682659398\n|switch|p1b: Gyarados|Gyarados, L50, F|27\/100\n|-ability|p1b: Gyarados|Intimidate|boost\n|-fail|p2a: Comet|unboost|Attack|[from] ability: Inner Focus|[of] p2a: Comet\n|-unboost|p2b: Wildfire|atk|1\n|move|p2a: Comet|Extreme Speed|p1a: Arcanine\n|-damage|p1a: Arcanine|0 fnt\n|faint|p1a: Arcanine\n|move|p2b: Wildfire|Howl|p2b: Wildfire|[spread] p2a,p2b\n|-boost|p2a: Comet|atk|1\n|-boost|p2b: Wildfire|atk|1\n|\n|-end|p2b: Wildfire|Sand Tomb|[partiallytrapped]|[silent]\n|upkeep\n|\n|t:|1682659415\n|switch|p1a: Brute Bonnet|Brute Bonnet, L50, tera:Dark|100\/100\n|turn|9\n|inactive|Stealyomunchlax has 30 seconds left.\n|\n|t:|1682659441\n|move|p2a: Comet|Extreme Speed|p1b: Gyarados\n|-damage|p1b: Gyarados|0 fnt\n|faint|p1b: Gyarados\n|move|p1a: Brute Bonnet|Sucker Punch||[still]\n|-fail|p1a: Brute Bonnet\n|move|p2b: Wildfire|Flare Blitz|p1a: Brute Bonnet\n|-damage|p1a: Brute Bonnet|63\/100\n|-damage|p2b: Wildfire|36\/100|[from] Recoil\n|\n|upkeep\n|\n|t:|1682659449\n|switch|p1b: Hippowdon|Hippowdon, L50, M|85\/100\n|-weather|Sandstorm|[from] ability: Sand Stream|[of] p1b: Hippowdon\n|turn|10\n|\n|t:|1682659469\n|move|p1a: Brute Bonnet|Protect|p1a: Brute Bonnet\n|-singleturn|p1a: Brute Bonnet|Protect\n|move|p2a: Comet|Extreme Speed|p1a: Brute Bonnet\n|-activate|p1a: Brute Bonnet|move: Protect\n|move|p2b: Wildfire|Howl|p2b: Wildfire|[spread] p2a,p2b\n|-boost|p2a: Comet|atk|1\n|-boost|p2b: Wildfire|atk|1\n|move|p1b: Hippowdon|Yawn|p2a: Comet\n|-start|p2a: Comet|move: Yawn|[of] p1b: Hippowdon\n|\n|-weather|Sandstorm|[upkeep]\n|-damage|p2a: Comet|64\/100|[from] Sandstorm\n|-damage|p1a: Brute Bonnet|57\/100|[from] Sandstorm\n|-heal|p1b: Hippowdon|91\/100|[from] item: Leftovers\n|upkeep\n|turn|11\n|inactive|Stealyomunchlax has 30 seconds left.\n|\n|t:|1682659502\n|move|p1a: Brute Bonnet|Protect||[still]\n|-fail|p1a: Brute Bonnet\n|move|p1b: Hippowdon|Protect|p1b: Hippowdon\n|-singleturn|p1b: Hippowdon|Protect\n|move|p2a: Comet|Extreme Speed|p1a: Brute Bonnet\n|-damage|p1a: Brute Bonnet|0 fnt\n|faint|p1a: Brute Bonnet\n|-end|p1a: Brute Bonnet|Protosynthesis|[silent]\n|move|p2b: Wildfire|Flare Blitz|p1b: Hippowdon\n|-activate|p1b: Hippowdon|move: Protect\n|\n|-weather|Sandstorm|[upkeep]\n|-damage|p2a: Comet|58\/100|[from] Sandstorm\n|-heal|p1b: Hippowdon|97\/100|[from] item: Leftovers\n|-end|p2a: Comet|move: Yawn|[silent]\n|-status|p2a: Comet|slp\n|upkeep\n|turn|12\n|c|\u2606SlushiW|gg\n|c|\u2606SlushiW|i still have pao\n|\n|t:|1682659517\n|cant|p2a: Comet|slp\n|move|p2b: Wildfire|Flare Blitz|p1b: Hippowdon\n|-damage|p1b: Hippowdon|49\/100\n|-status|p1b: Hippowdon|brn\n|-damage|p2b: Wildfire|19\/100|[from] Recoil\n|move|p1b: Hippowdon|Sand Tomb|p2b: Wildfire\n|-supereffective|p2b: Wildfire\n|-damage|p2b: Wildfire|5\/100\n|-activate|p2b: Wildfire|move: Sand Tomb|[of] p1b: Hippowdon\n|\n|-weather|Sandstorm|[upkeep]\n|-damage|p2a: Comet|52\/100 slp|[from] Sandstorm\n|-heal|p1b: Hippowdon|55\/100 brn|[from] item: Leftovers\n|-damage|p1b: Hippowdon|49\/100 brn|[from] brn\n|-damage|p2b: Wildfire|0 fnt|[from] move: Sand Tomb|[partiallytrapped]\n|faint|p2b: Wildfire\n|upkeep\n|\n|t:|1682659531\n|switch|p2b: Frostbite|Chien-Pao, L50|95\/100\n|-ability|p2b: Frostbite|Sword of Ruin\n|turn|13\n|c|\u2606Stealyomunchlax|gg\n|\n|t:|1682659538\n|move|p2b: Frostbite|Protect|p2b: Frostbite\n|-singleturn|p2b: Frostbite|Protect\n|cant|p2a: Comet|slp\n|move|p1b: Hippowdon|Sand Tomb|p2b: Frostbite\n|-activate|p2b: Frostbite|move: Protect\n|\n|-weather|Sandstorm|[upkeep]\n|-damage|p2b: Frostbite|89\/100|[from] Sandstorm\n|-damage|p2a: Comet|46\/100 slp|[from] Sandstorm\n|-heal|p1b: Hippowdon|55\/100 brn|[from] item: Leftovers\n|-damage|p1b: Hippowdon|49\/100 brn|[from] brn\n|upkeep\n|turn|14\n|\n|t:|1682659547\n|move|p2b: Frostbite|Protect||[still]\n|-fail|p2b: Frostbite\n|cant|p2a: Comet|slp\n|move|p1b: Hippowdon|Sand Tomb|p2b: Frostbite\n|-damage|p2b: Frostbite|79\/100\n|-activate|p2b: Frostbite|move: Sand Tomb|[of] p1b: Hippowdon\n|\n|-weather|none\n|-heal|p1b: Hippowdon|55\/100 brn|[from] item: Leftovers\n|-damage|p1b: Hippowdon|49\/100 brn|[from] brn\n|-damage|p2b: Frostbite|67\/100|[from] move: Sand Tomb|[partiallytrapped]\n|upkeep\n|turn|15\n|\n|t:|1682659561\n|move|p2b: Frostbite|Protect|p2b: Frostbite\n|-singleturn|p2b: Frostbite|Protect\n|-curestatus|p2a: Comet|slp|[msg]\n|move|p2a: Comet|Extreme Speed|p1b: Hippowdon\n|-damage|p1b: Hippowdon|0 fnt\n|faint|p1b: Hippowdon\n|\n|win|SlushiW\n|n|\u2606Stealyomunchlax|stealyomunchlax\n|n|\u2606SlushiW|slushiw\n","uploadtime":1682659562,"views":11,"p1id":"stealyomunchlax","p2id":"slushiw","formatid":"gen9vgc2023regulationc","rating":0,"private":0,"password":""}