{"id":"gen9vgc2023regulationc-1863519080","p1":"wreckitregenald","p2":"9winsformepls","format":"[Gen 9] VGC 2023 Regulation C","log":"|j|\u2606wreckitregenald\n|j|\u26069winsformepls\n|t:|1684028500\n|gametype|doubles\n|player|p1|wreckitregenald|170|1093\n|player|p2|9winsformepls|bruno-gen1|1038\n|teamsize|p1|6\n|teamsize|p2|6\n|gen|9\n|tier|[Gen 9] VGC 2023 Regulation C\n|rated|\n|rule|Species Clause: Limit one of each Pok\u00e9mon\n|rule|Item Clause: Limit one of each item\n|clearpoke\n|poke|p1|Wo-Chien, L50|\n|poke|p1|Annihilape, L50, F|\n|poke|p1|Salamence, L50, F|\n|poke|p1|Altaria, L50, M|\n|poke|p1|Maushold-Four, L50|\n|poke|p1|Iron Bundle, L50|\n|poke|p2|Sylveon, L50, M|\n|poke|p2|Gholdengo, L50|\n|poke|p2|Amoonguss, L50, M|\n|poke|p2|Dragonite, L50, F|\n|poke|p2|Sableye, L50, M|\n|poke|p2|Iron Valiant, L50|\n|teampreview|4\n9winsformepls has agreed to open team sheets.\n|inactive|Battle timer is ON: inactive players will automatically lose when time's up. (requested by wreckitregenald)\n|c|\u2606wreckitregenald|ahh\n|\n|t:|1684028535\n|start\n|switch|p1a: Maushold|Maushold-Four, L50|100\/100\n|switch|p1b: Wo-Chien|Wo-Chien, L50|100\/100\n|switch|p2a: Dragonite|Dragonite, L50, F|100\/100\n|switch|p2b: Amoonguss|Amoonguss, L50, M|100\/100\n|-ability|p1b: Wo-Chien|Tablets of Ruin\n|turn|1\n|c|\u2606wreckitregenald|sorry, just saw\n|c|\u26069winsformepls|glhf\n|c|\u2606wreckitregenald|u2\n|\n|t:|1684028555\n|switch|p1b: Annihilape|Annihilape, L50, F|100\/100\n|-terastallize|p2a: Dragonite|Normal\n|move|p2a: Dragonite|Extreme Speed|p1a: Maushold\n|-damage|p1a: Maushold|24\/100\n|move|p2b: Amoonguss|Rage Powder|p2b: Amoonguss\n|-singleturn|p2b: Amoonguss|move: Rage Powder\n|move|p1a: Maushold|Beat Up|p1b: Annihilape\n|-damage|p1b: Annihilape|98\/100\n|-damage|p1b: Annihilape|95\/100\n|-damage|p1b: Annihilape|92\/100\n|-crit|p1b: Annihilape\n|-damage|p1b: Annihilape|89\/100\n|-hitcount|p1b: Annihilape|4\n|\n|upkeep\n|turn|2\n|inactive|wreckitregenald has 30 seconds left.\n|j| Lelandvgc\n|inactive|wreckitregenald has 20 seconds left.\n|\n|t:|1684028595\n|move|p1a: Maushold|Follow Me|p1a: Maushold\n|-singleturn|p1a: Maushold|move: Follow Me\n|move|p2a: Dragonite|Extreme Speed|p1a: Maushold\n|-damage|p1a: Maushold|0 fnt\n|faint|p1a: Maushold\n|move|p1b: Annihilape|Rage Fist|p2b: Amoonguss\n|-damage|p2b: Amoonguss|27\/100\n|-damage|p1b: Annihilape|72\/100|[from] item: Rocky Helmet|[of] p2b: Amoonguss\n|move|p2b: Amoonguss|Spore|p1b: Annihilape\n|-immune|p1b: Annihilape|[from] ability: Vital Spirit\n|\n|upkeep\n|j| Radio Free C-Side\n|\n|t:|1684028607\n|switch|p1a: Iron Bundle|Iron Bundle, L50|100\/100\n|-enditem|p1a: Iron Bundle|Booster Energy\n|-activate|p1a: Iron Bundle|ability: Quark Drive|[fromitem]\n|-start|p1a: Iron Bundle|quarkdrivespe\n|turn|3\n|\n|t:|1684028617\n|move|p2b: Amoonguss|Protect|p2b: Amoonguss\n|-singleturn|p2b: Amoonguss|Protect\n|move|p2a: Dragonite|Extreme Speed|p1a: Iron Bundle\n|-damage|p1a: Iron Bundle|34\/100\n|move|p1a: Iron Bundle|Freeze-Dry|p2a: Dragonite\n|-damage|p2a: Dragonite|63\/100\n|move|p1b: Annihilape|Rage Fist|p2b: Amoonguss\n|-activate|p2b: Amoonguss|move: Protect\n|\n|upkeep\n|turn|4\n|\n|t:|1684028629\n|move|p1a: Iron Bundle|Protect|p1a: Iron Bundle\n|-singleturn|p1a: Iron Bundle|Protect\n|move|p2a: Dragonite|Extreme Speed|p1a: Iron Bundle\n|-activate|p1a: Iron Bundle|move: Protect\n|move|p2b: Amoonguss|Rage Powder|p2b: Amoonguss\n|-singleturn|p2b: Amoonguss|move: Rage Powder\n|move|p1b: Annihilape|Rage Fist|p2b: Amoonguss\n|-damage|p2b: Amoonguss|0 fnt\n|-damage|p1b: Annihilape|55\/100|[from] item: Rocky Helmet|[of] p2b: Amoonguss\n|faint|p2b: Amoonguss\n|\n|upkeep\n|\n|t:|1684028635\n|switch|p2b: Sylveon|Sylveon, L50, M|100\/100\n|turn|5\n|j| sushimaster69\n|c|\u26069winsformepls|gg\n|\n|t:|1684028648\n|-end|p1a: Iron Bundle|Quark Drive|[silent]\n|switch|p1a: Wo-Chien|Wo-Chien, L50|100\/100\n|-ability|p1a: Wo-Chien|Tablets of Ruin\n|-terastallize|p1b: Annihilape|Ghost\n|move|p2a: Dragonite|Extreme Speed|p1a: Wo-Chien\n|-damage|p1a: Wo-Chien|69\/100\n|move|p1b: Annihilape|Rage Fist|p2b: Sylveon\n|-damage|p2b: Sylveon|0 fnt\n|faint|p2b: Sylveon\n|\n|-heal|p1a: Wo-Chien|75\/100|[from] item: Leftovers\n|upkeep\n|l| sushimaster69\n|\n|t:|1684028659\n|switch|p2b: Gholdengo|Gholdengo, L50|100\/100\n|turn|6\n|inactive|9winsformepls has 30 seconds left.\n|\n|t:|1684028689\n|move|p2a: Dragonite|Extreme Speed|p1a: Wo-Chien\n|-damage|p1a: Wo-Chien|42\/100\n|move|p1b: Annihilape|Rage Fist|p2b: Gholdengo\n|-supereffective|p2b: Gholdengo\n|-damage|p2b: Gholdengo|0 fnt\n|faint|p2b: Gholdengo\n|move|p1a: Wo-Chien|Leech Seed|p2a: Dragonite\n|-start|p2a: Dragonite|move: Leech Seed\n|\n|-heal|p1a: Wo-Chien|48\/100|[from] item: Leftovers\n|-damage|p2a: Dragonite|51\/100|[from] Leech Seed|[of] p1a: Wo-Chien\n|-heal|p1a: Wo-Chien|59\/100|[silent]\n|upkeep\n|turn|7\n|\n|t:|1684028704\n|switch|p1b: Iron Bundle|Iron Bundle, L50|34\/100\n|move|p2a: Dragonite|Earthquake|p1b: Iron Bundle|[spread] p1a,p1b\n|-resisted|p1a: Wo-Chien\n|-damage|p1a: Wo-Chien|50\/100\n|-damage|p1b: Iron Bundle|10\/100\n|move|p1a: Wo-Chien|Pollen Puff|p1b: Iron Bundle\n|-heal|p1b: Iron Bundle|59\/100\n|\n|-heal|p1a: Wo-Chien|57\/100|[from] item: Leftovers\n|-damage|p2a: Dragonite|39\/100|[from] Leech Seed|[of] p1a: Wo-Chien\n|-heal|p1a: Wo-Chien|67\/100|[silent]\n|upkeep\n|turn|8\n|c|\u26069winsformepls|was it sashed\n|c|\u2606wreckitregenald|gg\n|c|\u2606wreckitregenald|what?\n|c|\u26069winsformepls|the ape\n|l| Radio Free C-Side\n|inactive|wreckitregenald has 30 seconds left.\n|c|\u2606wreckitregenald|choice scarf\n|c|\u26069winsformepls|ok\n|inactive|wreckitregenald has 20 seconds left.\n|\n|t:|1684028741\n|move|p1b: Iron Bundle|Freeze-Dry|p2a: Dragonite\n|-damage|p2a: Dragonite|0 fnt\n|faint|p2a: Dragonite\n|\n|win|wreckitregenald\n|raw|wreckitregenald's rating: 1093 → 1115<\/strong> (+22 for winning)\n|raw|9winsformepls's rating: 1038 → 1025<\/strong> (-13 for losing)\n","uploadtime":1684028575,"views":8,"p1id":"wreckitregenald","p2id":"9winsformepls","formatid":"gen9vgc2023regulationc","rating":1025,"private":0,"password":""}