{"id":"gen9vgc2023regulationc-1851317519","p1":"Mattispr1","p2":"icedragonkid105","format":"[Gen 9] VGC 2023 Regulation C","log":"|j|\u2606Mattispr1\n|j|\u2606icedragonkid105\n|t:|1682435318\n|gametype|doubles\n|player|p1|Mattispr1|brock|1083\n|player|p2|icedragonkid105|101|1148\n|teamsize|p1|6\n|teamsize|p2|6\n|gen|9\n|tier|[Gen 9] VGC 2023 Regulation C\n|rated|\n|rule|Species Clause: Limit one of each Pok\u00e9mon\n|rule|Item Clause: Limit one of each item\n|clearpoke\n|poke|p1|Dragonite, L50, M|\n|poke|p1|Great Tusk, L50|\n|poke|p1|Chien-Pao, L50|\n|poke|p1|Torkoal, L50, M|\n|poke|p1|Lilligant, L50, F|\n|poke|p1|Flutter Mane, L50|\n|poke|p2|Baxcalibur, L50, M|\n|poke|p2|Flutter Mane, L50|\n|poke|p2|Chi-Yu, L50|\n|poke|p2|Gastrodon-East, L50, M|\n|poke|p2|Iron Bundle, L50|\n|poke|p2|Arcanine, L50, F|\n|teampreview|4\n|\n|t:|1682435355\n|start\n|switch|p1a: Great Tusk|Great Tusk, L50|100\/100\n|switch|p1b: Flutter Mane|Flutter Mane, L50|100\/100\n|switch|p2a: Glitch|Iron Bundle, L50|100\/100\n|switch|p2b: Glacius|Baxcalibur, L50, M|100\/100\n|turn|1\n|\n|t:|1682435384\n|move|p2b: Glacius|Protect|p2b: Glacius\n|-singleturn|p2b: Glacius|Protect\n|move|p1a: Great Tusk|Close Combat|p2a: Glitch\n|-supereffective|p2a: Glitch\n|-enditem|p2a: Glitch|Focus Sash\n|-damage|p2a: Glitch|1\/100\n|-unboost|p1a: Great Tusk|def|1\n|-unboost|p1a: Great Tusk|spd|1\n|move|p2a: Glitch|Icy Wind|p1b: Flutter Mane|[spread] p1a,p1b\n|-supereffective|p1a: Great Tusk\n|-damage|p1a: Great Tusk|9\/100\n|-damage|p1b: Flutter Mane|77\/100\n|-unboost|p1a: Great Tusk|spe|1\n|-unboost|p1b: Flutter Mane|spe|1\n|move|p1b: Flutter Mane|Moonblast|p2b: Glacius\n|-activate|p2b: Glacius|move: Protect\n|\n|upkeep\n|turn|2\n|\n|t:|1682435408\n|-terastallize|p2b: Glacius|Poison\n|move|p2a: Glitch|Icy Wind|p1a: Great Tusk|[spread] p1a,p1b\n|-supereffective|p1a: Great Tusk\n|-damage|p1a: Great Tusk|0 fnt\n|-damage|p1b: Flutter Mane|53\/100\n|-unboost|p1b: Flutter Mane|spe|1\n|faint|p1a: Great Tusk\n|-end|p1a: Great Tusk|Protosynthesis|[silent]\n|move|p2b: Glacius|Icicle Crash|p1b: Flutter Mane\n|-damage|p1b: Flutter Mane|0 fnt\n|faint|p1b: Flutter Mane\n|-end|p1b: Flutter Mane|Protosynthesis|[silent]\n|\n|upkeep\n|\n|t:|1682435420\n|switch|p1b: Lilligant|Lilligant, L50, F|100\/100\n|switch|p1a: Torkoal|Torkoal, L50, M|100\/100\n|-weather|SunnyDay|[from] ability: Drought|[of] p1a: Torkoal\n|turn|3\n|\n|t:|1682435430\n|-terastallize|p1a: Torkoal|Fire\n|move|p2a: Glitch|Protect|p2a: Glitch\n|-singleturn|p2a: Glitch|Protect\n|move|p2b: Glacius|Protect|p2b: Glacius\n|-singleturn|p2b: Glacius|Protect\n|move|p1b: Lilligant|After You|p1a: Torkoal\n|-activate|p1a: Torkoal|move: After You\n|move|p1a: Torkoal|Eruption|p2a: Glitch|[spread] \n|-activate|p2a: Glitch|move: Protect\n|-activate|p2b: Glacius|move: Protect\n|\n|-weather|SunnyDay|[upkeep]\n|upkeep\n|turn|4\n|\n|t:|1682435454\n|move|p2b: Glacius|Ice Shard|p1b: Lilligant\n|-supereffective|p1b: Lilligant\n|-damage|p1b: Lilligant|27\/100\n|move|p1b: Lilligant|After You|p1a: Torkoal\n|-activate|p1a: Torkoal|move: After You\n|move|p1a: Torkoal|Eruption|p2b: Glacius|[spread] p2a,p2b\n|-damage|p2a: Glitch|0 fnt\n|-damage|p2b: Glacius|6\/100\n|-ability|p2b: Glacius|Thermal Exchange|boost\n|-boost|p2b: Glacius|atk|1\n|faint|p2a: Glitch\n|-end|p2a: Glitch|Quark Drive|[silent]\n|\n|-weather|SunnyDay|[upkeep]\n|upkeep\n|\n|t:|1682435467\n|switch|p2a: K-9|Arcanine, L50, F|100\/100\n|-ability|p2a: K-9|Intimidate|boost\n|-unboost|p1a: Torkoal|atk|1\n|-unboost|p1b: Lilligant|atk|1\n|turn|5\n|\n|t:|1682435474\n|move|p1b: Lilligant|Protect|p1b: Lilligant\n|-singleturn|p1b: Lilligant|Protect\n|move|p2a: K-9|Extreme Speed|p1b: Lilligant\n|-activate|p1b: Lilligant|move: Protect\n|move|p2b: Glacius|Glaive Rush|p1a: Torkoal\n|-damage|p1a: Torkoal|23\/100\n|-singlemove|p2b: Glacius|Glaive Rush|[silent]\n|move|p1a: Torkoal|Eruption|p2a: K-9|[spread] p2a,p2b\n|-resisted|p2a: K-9\n|-damage|p2a: K-9|85\/100\n|-damage|p2b: Glacius|0 fnt\n|faint|p2b: Glacius\n|\n|-weather|SunnyDay|[upkeep]\n|upkeep\n|\n|t:|1682435490\n|switch|p2b: Rouge|Flutter Mane, L50, shiny|100\/100\n|-activate|p2b: Rouge|ability: Protosynthesis\n|-start|p2b: Rouge|protosynthesisspe\n|turn|6\n|\n|t:|1682435506\n|move|p2a: K-9|Extreme Speed|p1b: Lilligant\n|-damage|p1b: Lilligant|0 fnt\n|faint|p1b: Lilligant\n|move|p2b: Rouge|Dazzling Gleam|p1a: Torkoal\n|-resisted|p1a: Torkoal\n|-damage|p1a: Torkoal|0 fnt\n|faint|p1a: Torkoal\n|\n|win|icedragonkid105\n|raw|Mattispr1's rating: 1083 → 1065<\/strong> (-18 for losing)\n|raw|icedragonkid105's rating: 1148 → 1168<\/strong> (+20 for winning)\n|l|\u2606Mattispr1\n","uploadtime":1682435547,"views":13,"p1id":"mattispr1","p2id":"icedragonkid105","formatid":"gen9vgc2023regulationc","rating":1065,"private":0,"password":""}