{"id":"gen9vgc2023regulationc-1855525642","p1":"NachoIEF","p2":"VillagerZz","format":"[Gen 9] VGC 2023 Regulation C","log":"|j|\u2606NachoIEF\n|j|\u2606VillagerZz\n|t:|1682959174\n|gametype|doubles\n|player|p1|NachoIEF|2|1103\n|player|p2|VillagerZz|170|1025\n|teamsize|p1|6\n|teamsize|p2|6\n|gen|9\n|tier|[Gen 9] VGC 2023 Regulation C\n|rated|\n|rule|Species Clause: Limit one of each Pok\u00e9mon\n|rule|Item Clause: Limit one of each item\n|clearpoke\n|poke|p1|Chi-Yu, L50|\n|poke|p1|Wo-Chien, L50|\n|poke|p1|Flutter Mane, L50|\n|poke|p1|Great Tusk, L50|\n|poke|p1|Amoonguss, L50, F|\n|poke|p1|Indeedee-F, L50, F|\n|poke|p2|Sylveon, L50, F|\n|poke|p2|Heracross, L50, F|\n|poke|p2|Scream Tail, L50|\n|poke|p2|Dragonair, L50, F|\n|poke|p2|Jumpluff, L50, F|\n|poke|p2|Blissey, L50, F|\n|teampreview|4\n|inactive|Battle timer is ON: inactive players will automatically lose when time's up. (requested by NachoIEF)\n|inactive|NachoIEF has 60 seconds left.\n|inactive|VillagerZz has 60 seconds left.\n|\n|t:|1682959231\n|start\n|switch|p1a: Great Tusk|Great Tusk, L50|100\/100\n|switch|p1b: Indeedee|Indeedee-F, L50, F|100\/100\n|switch|p2a: Blissey|Blissey, L50, F|100\/100\n|switch|p2b: Jumpluff|Jumpluff, L50, F, shiny|100\/100\n|-fieldstart|move: Psychic Terrain|[from] ability: Psychic Surge|[of] p1b: Indeedee\n|turn|1\n|\n|t:|1682959248\n|move|p1b: Indeedee|Follow Me|p1b: Indeedee\n|-singleturn|p1b: Indeedee|move: Follow Me\n|move|p2b: Jumpluff|Tailwind|p2b: Jumpluff\n|-sidestart|p2: VillagerZz|move: Tailwind\n|move|p2a: Blissey|Gravity|p2a: Blissey\n|-fieldstart|move: Gravity\n|move|p1a: Great Tusk|Headlong Rush|p2a: Blissey\n|-damage|p2a: Blissey|47\/100\n|-unboost|p1a: Great Tusk|def|1\n|-unboost|p1a: Great Tusk|spd|1\n|\n|-heal|p2a: Blissey|54\/100|[from] item: Leftovers\n|upkeep\n|turn|2\n|\n|t:|1682959271\n|move|p1b: Indeedee|Follow Me|p1b: Indeedee\n|-singleturn|p1b: Indeedee|move: Follow Me\n|move|p2b: Jumpluff|Sleep Powder|p1b: Indeedee\n|-activate|p1b: Indeedee|item: Safety Goggles|Sleep Powder\n|move|p2a: Blissey|Sing|p1b: Indeedee\n|-status|p1b: Indeedee|slp|[from] move: Sing\n|move|p1a: Great Tusk|Close Combat|p2a: Blissey\n|-supereffective|p2a: Blissey\n|-damage|p2a: Blissey|0 fnt\n|-unboost|p1a: Great Tusk|def|1\n|-unboost|p1a: Great Tusk|spd|1\n|faint|p2a: Blissey\n|\n|upkeep\n|\n|t:|1682959287\n|switch|p2a: Dragonair|Dragonair, L50, F, shiny|100\/100\n|turn|3\n|\n|t:|1682959306\n|cant|p1b: Indeedee|slp\n|move|p2b: Jumpluff|Sleep Powder|p1a: Great Tusk\n|-status|p1a: Great Tusk|slp|[from] move: Sleep Powder\n|move|p2a: Dragonair|Wrap|p1b: Indeedee\n|-damage|p1b: Indeedee|96\/100 slp\n|-activate|p1b: Indeedee|move: Wrap|[of] p2a: Dragonair\n|cant|p1a: Great Tusk|slp\n|\n|-damage|p1b: Indeedee|84\/100 slp|[from] move: Wrap|[partiallytrapped]\n|upkeep\n|turn|4\n|\n|t:|1682959330\n|switch|p2b: Scream Tail|Scream Tail, L50, shiny|100\/100\n|-enditem|p2b: Scream Tail|Booster Energy\n|-activate|p2b: Scream Tail|ability: Protosynthesis|[fromitem]\n|-start|p2b: Scream Tail|protosynthesisspe\n|move|p2a: Dragonair|Wrap|p1a: Great Tusk\n|-damage|p1a: Great Tusk|96\/100 slp\n|-activate|p1a: Great Tusk|move: Wrap|[of] p2a: Dragonair\n|cant|p1a: Great Tusk|slp\n|-curestatus|p1b: Indeedee|slp|[msg]\n|move|p1b: Indeedee|Psychic|p2b: Scream Tail\n|-resisted|p2b: Scream Tail\n|-damage|p2b: Scream Tail|87\/100\n|-unboost|p2b: Scream Tail|spd|1\n|\n|-damage|p1a: Great Tusk|84\/100 slp|[from] move: Wrap|[partiallytrapped]\n|-damage|p1b: Indeedee|72\/100|[from] move: Wrap|[partiallytrapped]\n|-sideend|p2: VillagerZz|move: Tailwind\n|upkeep\n|turn|5\n|inactive|VillagerZz has 30 seconds left.\n|inactive|NachoIEF has 30 seconds left.\n|inactive|VillagerZz has 20 seconds left.\n|\n|t:|1682959368\n|move|p2b: Scream Tail|Perish Song|p2b: Scream Tail\n|-start|p1a: Great Tusk|perish3|[silent]\n|-start|p1b: Indeedee|perish3|[silent]\n|-start|p2a: Dragonair|perish3|[silent]\n|-start|p2b: Scream Tail|perish3|[silent]\n|-fieldactivate|move: Perish Song\n|cant|p1a: Great Tusk|slp\n|move|p1b: Indeedee|Psychic|p2a: Dragonair\n|-damage|p2a: Dragonair|70\/100\n|move|p2a: Dragonair|Outrage|p1b: Indeedee\n|-damage|p1b: Indeedee|28\/100\n|\n|-damage|p1a: Great Tusk|72\/100 slp|[from] move: Wrap|[partiallytrapped]\n|-damage|p1b: Indeedee|16\/100|[from] move: Wrap|[partiallytrapped]\n|-start|p2b: Scream Tail|perish3\n|-start|p1a: Great Tusk|perish3\n|-start|p1b: Indeedee|perish3\n|-start|p2a: Dragonair|perish3\n|-fieldend|move: Gravity\n|-fieldend|move: Psychic Terrain\n|upkeep\n|turn|6\n|inactive|NachoIEF has 30 seconds left.\n|inactive|VillagerZz has 30 seconds left.\n|\n|t:|1682959395\n|-end|p2b: Scream Tail|Protosynthesis|[silent]\n|switch|p2b: Jumpluff|Jumpluff, L50, F, shiny|100\/100\n|-curestatus|p1a: Great Tusk|slp|[msg]\n|move|p1a: Great Tusk|Headlong Rush|p2b: Jumpluff\n|-immune|p2b: Jumpluff\n|move|p1b: Indeedee|Psychic|p2a: Dragonair\n|-damage|p2a: Dragonair|48\/100\n|move|p2a: Dragonair|Outrage|p1a: Great Tusk|[from]lockedmove\n|-damage|p1a: Great Tusk|20\/100\n|\n|-damage|p1a: Great Tusk|8\/100|[from] move: Wrap|[partiallytrapped]\n|-damage|p1b: Indeedee|3\/100|[from] move: Wrap|[partiallytrapped]\n|-start|p1a: Great Tusk|perish2\n|-start|p1b: Indeedee|perish2\n|-start|p2a: Dragonair|perish2\n|upkeep\n|turn|7\n|inactive|VillagerZz has 30 seconds left.\n|\n|t:|1682959428\n|move|p1b: Indeedee|Follow Me|p1b: Indeedee\n|-singleturn|p1b: Indeedee|move: Follow Me\n|move|p2b: Jumpluff|Tailwind|p2b: Jumpluff\n|-sidestart|p2: VillagerZz|move: Tailwind\n|move|p2a: Dragonair|Outrage|p1b: Indeedee|[from]lockedmove\n|-damage|p1b: Indeedee|0 fnt\n|faint|p1b: Indeedee\n|-start|p2a: Dragonair|confusion|[fatigue]\n|move|p1a: Great Tusk|Ice Spinner|p2b: Jumpluff\n|-supereffective|p2b: Jumpluff\n|-enditem|p2b: Jumpluff|Focus Sash\n|-damage|p2b: Jumpluff|1\/100\n|\n|-damage|p1a: Great Tusk|0 fnt|[from] move: Wrap|[partiallytrapped]\n|faint|p1a: Great Tusk\n|-end|p1a: Great Tusk|Protosynthesis|[silent]\n|-start|p2a: Dragonair|perish1\n|upkeep\n|\n|t:|1682959443\n|switch|p1a: Flutter Mane|Flutter Mane, L50|100\/100\n|switch|p1b: Chi-Yu|Chi-Yu, L50|100\/100\n|-ability|p1b: Chi-Yu|Beads of Ruin\n|-enditem|p1a: Flutter Mane|Booster Energy\n|-activate|p1a: Flutter Mane|ability: Protosynthesis|[fromitem]\n|-start|p1a: Flutter Mane|protosynthesisspa\n|turn|8\n|\n|t:|1682959468\n|switch|p2a: Scream Tail|Scream Tail, L50, shiny|87\/100\n|move|p2b: Jumpluff|Protect|p2b: Jumpluff\n|-singleturn|p2b: Jumpluff|Protect\n|move|p1a: Flutter Mane|Protect|p1a: Flutter Mane\n|-singleturn|p1a: Flutter Mane|Protect\n|move|p1b: Chi-Yu|Heat Wave|p2a: Scream Tail|[spread] p2a\n|-activate|p2b: Jumpluff|move: Protect\n|-damage|p2a: Scream Tail|31\/100\n|-damage|p1b: Chi-Yu|91\/100|[from] item: Life Orb\n|\n|upkeep\n|turn|9\n|inactive|VillagerZz has 30 seconds left.\n|\n|t:|1682959496\n|-terastallize|p1a: Flutter Mane|Fairy\n|move|p2a: Scream Tail|Perish Song|p2a: Scream Tail\n|-start|p1a: Flutter Mane|perish3|[silent]\n|-start|p1b: Chi-Yu|perish3|[silent]\n|-start|p2a: Scream Tail|perish3|[silent]\n|-start|p2b: Jumpluff|perish3|[silent]\n|-fieldactivate|move: Perish Song\n|move|p2b: Jumpluff|Encore|p1a: Flutter Mane\n|-start|p1a: Flutter Mane|Encore\n|move|p1a: Flutter Mane|Protect||[still]\n|-fail|p1a: Flutter Mane\n|move|p1b: Chi-Yu|Heat Wave|p2a: Scream Tail|[spread] p2b\n|-miss|p1b: Chi-Yu|p2a: Scream Tail\n|-supereffective|p2b: Jumpluff\n|-damage|p2b: Jumpluff|0 fnt\n|faint|p2b: Jumpluff\n|-damage|p1b: Chi-Yu|81\/100|[from] item: Life Orb\n|\n|-start|p2a: Scream Tail|perish3\n|-start|p1a: Flutter Mane|perish3\n|-start|p1b: Chi-Yu|perish3\n|upkeep\n|\n|t:|1682959515\n|switch|p2b: Dragonair|Dragonair, L50, F, shiny|48\/100\n|turn|10\n|\n|t:|1682959531\n|move|p1a: Flutter Mane|Protect|p1a: Flutter Mane\n|-singleturn|p1a: Flutter Mane|Protect\n|move|p2a: Scream Tail|Disable|p1b: Chi-Yu\n|-start|p1b: Chi-Yu|Disable|Heat Wave\n|move|p2b: Dragonair|Rest|p2b: Dragonair\n|-status|p2b: Dragonair|slp|[from] move: Rest\n|-heal|p2b: Dragonair|100\/100 slp|[silent]\n|cant|p1b: Chi-Yu|Disable|Heat Wave\n|\n|-activate|p2b: Dragonair|ability: Shed Skin\n|-curestatus|p2b: Dragonair|slp|[msg]\n|-start|p2a: Scream Tail|perish2\n|-start|p1a: Flutter Mane|perish2\n|-start|p1b: Chi-Yu|perish2\n|-sideend|p2: VillagerZz|move: Tailwind\n|upkeep\n|turn|11\n|inactive|VillagerZz has 30 seconds left.\n|\n|t:|1682959558\n|move|p1a: Flutter Mane|Protect||[still]\n|-fail|p1a: Flutter Mane\n|move|p2a: Scream Tail|Encore|p1b: Chi-Yu\n|-start|p1b: Chi-Yu|Encore\n|cant|p1b: Chi-Yu|Disable|Heat Wave\n|move|p2b: Dragonair|Wrap|p1a: Flutter Mane\n|-damage|p1a: Flutter Mane|96\/100\n|-activate|p1a: Flutter Mane|move: Wrap|[of] p2b: Dragonair\n|\n|-damage|p1a: Flutter Mane|84\/100|[from] move: Wrap|[partiallytrapped]\n|-end|p1a: Flutter Mane|Encore\n|-start|p2a: Scream Tail|perish1\n|-start|p1a: Flutter Mane|perish1\n|-start|p1b: Chi-Yu|perish1\n|upkeep\n|turn|12\n|\n|t:|1682959580\n|move|p2a: Scream Tail|Encore|p1a: Flutter Mane\n|-start|p1a: Flutter Mane|Encore\n|move|p1a: Flutter Mane|Protect|p1a: Flutter Mane\n|-singleturn|p1a: Flutter Mane|Protect\n|-activate|p1b: Chi-Yu|move: Struggle\n|move|p1b: Chi-Yu|Struggle|p2a: Scream Tail\n|-damage|p2a: Scream Tail|23\/100\n|-damage|p1b: Chi-Yu|55\/100|[from] recoil\n|-damage|p1b: Chi-Yu|46\/100|[from] item: Life Orb\n|move|p2b: Dragonair|Wrap|p1b: Chi-Yu\n|-damage|p1b: Chi-Yu|40\/100\n|-activate|p1b: Chi-Yu|move: Wrap|[of] p2b: Dragonair\n|\n|-damage|p1a: Flutter Mane|71\/100|[from] move: Wrap|[partiallytrapped]\n|-damage|p1b: Chi-Yu|28\/100|[from] move: Wrap|[partiallytrapped]\n|-start|p2a: Scream Tail|perish0\n|-start|p1a: Flutter Mane|perish0\n|-start|p1b: Chi-Yu|perish0\n|faint|p2a: Scream Tail\n|-end|p2a: Scream Tail|Protosynthesis|[silent]\n|faint|p1a: Flutter Mane\n|-end|p1a: Flutter Mane|Protosynthesis|[silent]\n|faint|p1b: Chi-Yu\n|\n|win|VillagerZz\n|upkeep\n|raw|NachoIEF's rating: 1103 → 1072<\/strong> (-31 for losing)\n|raw|VillagerZz's rating: 1025 → 1069<\/strong> (+44 for winning)\n|l|\u2606NachoIEF\n","uploadtime":1682959826,"views":23,"p1id":"nachoief","p2id":"villagerzz","formatid":"gen9vgc2023regulationc","rating":1069,"private":0,"password":""}