{"id":"gen9vgc2023regulationc-1857208873","p1":"joetheGooVGC","p2":"Autumn0815","format":"[Gen 9] VGC 2023 Regulation C","log":"|j|\u2606joetheGooVGC\n|j|\u2606Autumn0815\n|t:|1683158230\n|gametype|doubles\n|player|p1|joetheGooVGC|169|\n|player|p2|Autumn0815|lady|\n|teamsize|p1|6\n|teamsize|p2|6\n|gen|9\n|tier|[Gen 9] VGC 2023 Regulation C\n|rule|Species Clause: Limit one of each Pok\u00e9mon\n|rule|Item Clause: Limit one of each item\n|clearpoke\n|poke|p1|Garganacl, L50, F|\n|poke|p1|Iron Hands, L50|\n|poke|p1|Iron Bundle, L50|\n|poke|p1|Flutter Mane, L50|\n|poke|p1|Espathra, L50, M|\n|poke|p1|Tyranitar, L50, M|\n|poke|p2|Indeedee-F, L50, F|\n|poke|p2|Armarouge, L50, F|\n|poke|p2|Farigiraf, L50, F|\n|poke|p2|Iron Hands, L50|\n|poke|p2|Torkoal, L50, F|\n|poke|p2|Slither Wing, L50|\n|teampreview|4\n|inactive|Battle timer is ON: inactive players will automatically lose when time's up. (requested by Autumn0815)\n|c|\u2606joetheGooVGC|Glhf!\n|c|\u2606joetheGooVGC|bo3?\njoetheGooVGC rejected open team sheets.\n|inactive|joetheGooVGC has 60 seconds left.\n|c|\u2606Autumn0815|Bo3? What does that mean?\n|c|\u2606joetheGooVGC|Best of 3\n|inactive|joetheGooVGC has 30 seconds left.\n|\n|t:|1683158297\n|start\n|switch|p1a: Flutter Mane|Flutter Mane, L50, shiny|100\/100\n|switch|p1b: Tyranitar|Tyranitar, L50, M|100\/100\n|switch|p2a: Indeedee|Indeedee-F, L50, F|100\/100\n|switch|p2b: Armarouge|Armarouge, L50, F|100\/100\n|-fieldstart|move: Psychic Terrain|[from] ability: Psychic Surge|[of] p2a: Indeedee\n|-enditem|p2a: Indeedee|Psychic Seed\n|-boost|p2a: Indeedee|spd|1|[from] item: Psychic Seed\n|-weather|Sandstorm|[from] ability: Sand Stream|[of] p1b: Tyranitar\n|turn|1\n|c|\u2606Autumn0815|I see; maybe not. My phone is @ 24% and Showdown drains my battery.\n|inactive|Autumn0815 has 30 seconds left.\n|\n|t:|1683158329\n|-terastallize|p2b: Armarouge|Grass\n|move|p2a: Indeedee|Follow Me|p2a: Indeedee\n|-singleturn|p2a: Indeedee|move: Follow Me\n|move|p1a: Flutter Mane|Dazzling Gleam|p2a: Indeedee|[spread] p2a,p2b\n|-damage|p2a: Indeedee|81\/100\n|-damage|p2b: Armarouge|48\/100\n|-damage|p1a: Flutter Mane|90\/100|[from] item: Life Orb\n|move|p1b: Tyranitar|Crunch|p2a: Indeedee\n|-supereffective|p2a: Indeedee\n|-crit|p2a: Indeedee\n|-damage|p2a: Indeedee|0 fnt\n|faint|p2a: Indeedee\n|move|p2b: Armarouge|Trick Room|p2b: Armarouge\n|-fieldstart|move: Trick Room|[of] p2b: Armarouge\n|\n|-weather|Sandstorm|[upkeep]\n|-damage|p2b: Armarouge|42\/100|[from] Sandstorm\n|-damage|p1a: Flutter Mane|84\/100|[from] Sandstorm\n|upkeep\n|\n|t:|1683158341\n|switch|p2a: Torkoal|Torkoal, L50, F|100\/100\n|-weather|SunnyDay|[from] ability: Drought|[of] p2a: Torkoal\n|-activate|p1a: Flutter Mane|ability: Protosynthesis\n|-start|p1a: Flutter Mane|protosynthesisspa\n|turn|2\n|\n|t:|1683158365\n|-terastallize|p1b: Tyranitar|Flying\n|move|p1a: Flutter Mane|Protect|p1a: Flutter Mane\n|-singleturn|p1a: Flutter Mane|Protect\n|move|p2a: Torkoal|Eruption|p1a: Flutter Mane|[spread] p1b\n|-activate|p1a: Flutter Mane|move: Protect\n|-damage|p1b: Tyranitar|35\/100\n|move|p1b: Tyranitar|Earthquake|p2b: Armarouge|[spread] p2a,p2b\n|-activate|p1a: Flutter Mane|move: Protect\n|-supereffective|p2a: Torkoal\n|-resisted|p2b: Armarouge\n|-damage|p2a: Torkoal|58\/100\n|-damage|p2b: Armarouge|29\/100\n|move|p2b: Armarouge|Energy Ball|p1b: Tyranitar\n|-resisted|p1b: Tyranitar\n|-damage|p1b: Tyranitar|10\/100\n|-unboost|p1b: Tyranitar|spd|1\n|-damage|p2b: Armarouge|19\/100|[from] item: Life Orb\n|\n|-weather|SunnyDay|[upkeep]\n|upkeep\n|turn|3\n|inactive|joetheGooVGC has 30 seconds left.\n|\n|t:|1683158394\n|-end|p1a: Flutter Mane|Protosynthesis|[silent]\n|switch|p1a: supa mario|Garganacl, L50, F, shiny|100\/100\n|move|p2a: Torkoal|Heat Wave|p1a: supa mario|[spread] p1a,p1b\n|-resisted|p1a: supa mario\n|-damage|p1a: supa mario|77\/100\n|-damage|p1b: Tyranitar|0 fnt\n|faint|p1b: Tyranitar\n|move|p2b: Armarouge|Expanding Force|p1a: supa mario\n|-damage|p1a: supa mario|0 fnt\n|faint|p1a: supa mario\n|-damage|p2b: Armarouge|9\/100|[from] item: Life Orb\n|\n|-weather|SunnyDay|[upkeep]\n|upkeep\n|\n|t:|1683158404\n|switch|p1a: Iron Hands|Iron Hands, L50|100\/100\n|switch|p1b: Flutter Mane|Flutter Mane, L50, shiny|84\/100\n|-activate|p1b: Flutter Mane|ability: Protosynthesis\n|-start|p1b: Flutter Mane|protosynthesisspa\n|-enditem|p1a: Iron Hands|Booster Energy\n|-activate|p1a: Iron Hands|ability: Quark Drive|[fromitem]\n|-start|p1a: Iron Hands|quarkdriveatk\n|turn|4\n|c|\u2606Autumn0815|GG. :)\n|\n|t:|1683158423\n|move|p1a: Iron Hands|Detect|p1a: Iron Hands\n|-singleturn|p1a: Iron Hands|Protect\n|move|p2a: Torkoal|Heat Wave|p1b: Flutter Mane|[spread] p1b\n|-activate|p1a: Iron Hands|move: Protect\n|-damage|p1b: Flutter Mane|26\/100\n|move|p2b: Armarouge|Expanding Force|p1b: Flutter Mane|[spread] p1b\n|-activate|p1a: Iron Hands|move: Protect\n|-damage|p1b: Flutter Mane|0 fnt\n|faint|p1b: Flutter Mane\n|-end|p1b: Flutter Mane|Protosynthesis|[silent]\n|-damage|p2b: Armarouge|0 fnt|[from] item: Life Orb\n|faint|p2b: Armarouge\n|\n|-weather|SunnyDay|[upkeep]\n|upkeep\n|\n|t:|1683158435\n|switch|p2b: Slither Wing|Slither Wing, L50|100\/100\n|-activate|p2b: Slither Wing|ability: Protosynthesis\n|-start|p2b: Slither Wing|protosynthesisatk\n|turn|5\n|\n|t:|1683158453\n|move|p2a: Torkoal|Heat Wave|p1a: Iron Hands\n|-damage|p1a: Iron Hands|29\/100\n|move|p1a: Iron Hands|Wild Charge|p2b: Slither Wing\n|-damage|p2b: Slither Wing|3\/100\n|-damage|p1a: Iron Hands|14\/100|[from] Recoil\n|move|p2b: Slither Wing|Flare Blitz|p1a: Iron Hands\n|-damage|p1a: Iron Hands|0 fnt\n|faint|p1a: Iron Hands\n|-end|p1a: Iron Hands|Quark Drive|[silent]\n|-damage|p2b: Slither Wing|0 fnt|[from] Recoil\n|faint|p2b: Slither Wing\n|-end|p2b: Slither Wing|Protosynthesis|[silent]\n|\n|win|Autumn0815\n|c|\u2606joetheGooVGC|Wp wp\n|l|\u2606joetheGooVGC\n","uploadtime":1683158470,"views":13,"p1id":"joethegoovgc","p2id":"autumn0815","formatid":"gen9vgc2023regulationc","rating":0,"private":0,"password":""}