{"id":"gen9vgc2023regulationc-1854934978","p1":"hujuku0","p2":"The Penguinari","format":"[Gen 9] VGC 2023 Regulation C","log":"|j|\u2606hujuku0\n|j|\u2606The Penguinari\n|t:|1682882473\n|gametype|doubles\n|player|p1|hujuku0|265|1324\n|player|p2|The Penguinari|grimsley|1300\n|teamsize|p1|6\n|teamsize|p2|6\n|gen|9\n|tier|[Gen 9] VGC 2023 Regulation C\n|rated|\n|rule|Species Clause: Limit one of each Pok\u00e9mon\n|rule|Item Clause: Limit one of each item\n|clearpoke\n|poke|p1|Tinkaton, L50, F|\n|poke|p1|Ceruledge, L50, F|\n|poke|p1|Iron Bundle, L50|\n|poke|p1|Volcarona, L50, F|\n|poke|p1|Amoonguss, L50, F|\n|poke|p1|Ting-Lu, L50|\n|poke|p2|Iron Bundle, L50|\n|poke|p2|Amoonguss, L50, F|\n|poke|p2|Chi-Yu, L50|\n|poke|p2|Corviknight, L50, F|\n|poke|p2|Flutter Mane, L50|\n|poke|p2|Iron Hands, L50|\n|teampreview|4\nThe Penguinari has agreed to open team sheets.\n|inactive|Battle timer is ON: inactive players will automatically lose when time's up. (requested by hujuku0)\n|inactive|The Penguinari has 60 seconds left.\n|\n|t:|1682882542\n|start\n|switch|p1a: Iron Bundle|Iron Bundle, L50|100\/100\n|switch|p1b: Tinkaton|Tinkaton, L50, F|100\/100\n|switch|p2a: Iron Hands|Iron Hands, L50|100\/100\n|switch|p2b: Flutter Mane|Flutter Mane, L50|100\/100\n|-ability|p1b: Tinkaton|Mold Breaker\n|-enditem|p1a: Iron Bundle|Booster Energy\n|-activate|p1a: Iron Bundle|ability: Quark Drive|[fromitem]\n|-start|p1a: Iron Bundle|quarkdrivespe\n|turn|1\n|inactive|The Penguinari has 30 seconds left.\n|\n|t:|1682882575\n|-end|p2a: Iron Hands|Quark Drive|[silent]\n|switch|p2a: Corviknight|Corviknight, L50, F|100\/100\n|-terastallize|p2b: Flutter Mane|Steel\n|move|p1a: Iron Bundle|Protect|p1a: Iron Bundle\n|-singleturn|p1a: Iron Bundle|Protect\n|move|p2b: Flutter Mane|Thunderbolt|p1a: Iron Bundle\n|-activate|p1a: Iron Bundle|move: Protect\n|move|p1b: Tinkaton|Gigaton Hammer|p2b: Flutter Mane\n|-resisted|p2b: Flutter Mane\n|-damage|p2b: Flutter Mane|43\/100\n|\n|upkeep\n|turn|2\n|inactive|hujuku0 has 30 seconds left.\n|\n|t:|1682882601\n|-end|p1a: Iron Bundle|Quark Drive|[silent]\n|switch|p1a: Ting-Lu|Ting-Lu, L50|100\/100\n|-ability|p1a: Ting-Lu|Vessel of Ruin\n|-end|p2b: Flutter Mane|Protosynthesis|[silent]\n|switch|p2b: Iron Hands|Iron Hands, L50|100\/100\n|move|p1b: Tinkaton|Play Rough|p2b: Iron Hands\n|-supereffective|p2b: Iron Hands\n|-damage|p2b: Iron Hands|63\/100\n|move|p2a: Corviknight|Tailwind|p2a: Corviknight\n|-sidestart|p2: The Penguinari|move: Tailwind\n|\n|upkeep\n|turn|3\n|\n|t:|1682882621\n|switch|p1a: Ceruledge|Ceruledge, L50, F|100\/100\n|move|p2a: Corviknight|Bulk Up|p2a: Corviknight\n|-boost|p2a: Corviknight|atk|1\n|-boost|p2a: Corviknight|def|1\n|move|p2b: Iron Hands|Drain Punch|p1a: Ceruledge\n|-immune|p1a: Ceruledge\n|move|p1b: Tinkaton|Play Rough|p2b: Iron Hands\n|-supereffective|p2b: Iron Hands\n|-damage|p2b: Iron Hands|25\/100\n|\n|upkeep\n|turn|4\n|\n|t:|1682882643\n|move|p2a: Corviknight|Brave Bird|p1a: Ceruledge\n|-damage|p1a: Ceruledge|27\/100\n|-damage|p2a: Corviknight|79\/100|[from] Recoil\n|move|p2b: Iron Hands|Wild Charge|p1a: Ceruledge\n|-damage|p1a: Ceruledge|0 fnt\n|faint|p1a: Ceruledge\n|-damage|p2b: Iron Hands|21\/100|[from] Recoil\n|move|p1b: Tinkaton|Play Rough|p2b: Iron Hands\n|-supereffective|p2b: Iron Hands\n|-damage|p2b: Iron Hands|0 fnt\n|faint|p2b: Iron Hands\n|-end|p2b: Iron Hands|Quark Drive|[silent]\n|\n|upkeep\n|\n|t:|1682882664\n|switch|p1a: Ting-Lu|Ting-Lu, L50|100\/100\n|switch|p2b: Flutter Mane|Flutter Mane, L50, tera:Steel|43\/100\n|-ability|p1a: Ting-Lu|Vessel of Ruin\n|turn|5\n|\n|t:|1682882678\n|move|p2b: Flutter Mane|Dazzling Gleam|p1a: Ting-Lu|[spread] p1a,p1b\n|-supereffective|p1a: Ting-Lu\n|-resisted|p1b: Tinkaton\n|-damage|p1a: Ting-Lu|38\/100\n|-damage|p1b: Tinkaton|91\/100\n|move|p2a: Corviknight|Brave Bird|p1a: Ting-Lu\n|-damage|p1a: Ting-Lu|4\/100\n|-damage|p2a: Corviknight|66\/100|[from] Recoil\n|move|p1b: Tinkaton|Gigaton Hammer|p2a: Corviknight\n|-resisted|p2a: Corviknight\n|-damage|p2a: Corviknight|53\/100\n|move|p1a: Ting-Lu|Stomping Tantrum|p2b: Flutter Mane\n|-supereffective|p2b: Flutter Mane\n|-damage|p2b: Flutter Mane|0 fnt\n|faint|p2b: Flutter Mane\n|-end|p2b: Flutter Mane|Protosynthesis|[silent]\n|-damage|p1a: Ting-Lu|0 fnt|[from] item: Life Orb\n|faint|p1a: Ting-Lu\n|\n|-sideend|p2: The Penguinari|move: Tailwind\n|upkeep\n|\n|t:|1682882693\n|switch|p2b: Iron Bundle|Iron Bundle, L50|100\/100\n|switch|p1a: Iron Bundle|Iron Bundle, L50|100\/100\n|-enditem|p2b: Iron Bundle|Booster Energy\n|-activate|p2b: Iron Bundle|ability: Quark Drive|[fromitem]\n|-start|p2b: Iron Bundle|quarkdrivespe\n|turn|6\n|\n|t:|1682882715\n|move|p2b: Iron Bundle|Hydro Pump|p1b: Tinkaton\n|-damage|p1b: Tinkaton|59\/100\n|move|p1a: Iron Bundle|Icy Wind|p2a: Corviknight|[spread] p2a,p2b\n|-resisted|p2b: Iron Bundle\n|-damage|p2a: Corviknight|37\/100\n|-damage|p2b: Iron Bundle|94\/100\n|-ability|p2a: Corviknight|Mirror Armor\n|-unboost|p1a: Iron Bundle|spe|1\n|-unboost|p2b: Iron Bundle|spe|1\n|move|p1b: Tinkaton|Play Rough|p2b: Iron Bundle\n|-damage|p2b: Iron Bundle|62\/100\n|move|p2a: Corviknight|Roost|p2a: Corviknight\n|-heal|p2a: Corviknight|87\/100\n|-singleturn|p2a: Corviknight|move: Roost\n|\n|upkeep\n|turn|7\n|inactive|The Penguinari has 30 seconds left.\n|\n|t:|1682882745\n|-terastallize|p1a: Iron Bundle|Ice\n|move|p2b: Iron Bundle|Protect|p2b: Iron Bundle\n|-singleturn|p2b: Iron Bundle|Protect\n|move|p1a: Iron Bundle|Freeze-Dry|p2a: Corviknight\n|-damage|p2a: Corviknight|51\/100\n|move|p1b: Tinkaton|Gigaton Hammer|p2a: Corviknight\n|-resisted|p2a: Corviknight\n|-damage|p2a: Corviknight|38\/100\n|move|p2a: Corviknight|Brave Bird|p1a: Iron Bundle\n|-damage|p1a: Iron Bundle|32\/100\n|-damage|p2a: Corviknight|20\/100|[from] Recoil\n|\n|upkeep\n|turn|8\n|inactive|hujuku0 has 30 seconds left.\n|inactive|The Penguinari has 30 seconds left.\n|\n|t:|1682882775\n|move|p1a: Iron Bundle|Protect|p1a: Iron Bundle\n|-singleturn|p1a: Iron Bundle|Protect\n|move|p2b: Iron Bundle|Hydro Pump|p1a: Iron Bundle\n|-activate|p1a: Iron Bundle|move: Protect\n|move|p1b: Tinkaton|Play Rough|p2a: Corviknight\n|-resisted|p2a: Corviknight\n|-damage|p2a: Corviknight|11\/100\n|move|p2a: Corviknight|Roost|p2a: Corviknight\n|-heal|p2a: Corviknight|61\/100\n|-singleturn|p2a: Corviknight|move: Roost\n|\n|upkeep\n|turn|9\n|\n|t:|1682882789\n|move|p2b: Iron Bundle|Protect|p2b: Iron Bundle\n|-singleturn|p2b: Iron Bundle|Protect\n|move|p1a: Iron Bundle|Encore|p2a: Corviknight\n|-start|p2a: Corviknight|Encore\n|move|p1b: Tinkaton|Gigaton Hammer|p2b: Iron Bundle\n|-activate|p2b: Iron Bundle|move: Protect\n|move|p2a: Corviknight|Roost|p2a: Corviknight\n|-heal|p2a: Corviknight|100\/100\n|-singleturn|p2a: Corviknight|move: Roost\n|\n|upkeep\n|turn|10\n|\n|t:|1682882806\n|move|p2b: Iron Bundle|Hydro Pump|p1b: Tinkaton\n|-damage|p1b: Tinkaton|27\/100\n|move|p1a: Iron Bundle|Freeze-Dry|p2b: Iron Bundle\n|-damage|p2b: Iron Bundle|0 fnt\n|faint|p2b: Iron Bundle\n|-end|p2b: Iron Bundle|Quark Drive|[silent]\n|move|p1b: Tinkaton|Play Rough|p2a: Corviknight\n|-resisted|p2a: Corviknight\n|-damage|p2a: Corviknight|93\/100\n|-unboost|p2a: Corviknight|atk|1\n|move|p2a: Corviknight|Roost|p2a: Corviknight\n|-heal|p2a: Corviknight|100\/100\n|-singleturn|p2a: Corviknight|move: Roost\n|\n|upkeep\n|turn|11\n|\n|t:|1682882817\n|move|p1a: Iron Bundle|Freeze-Dry|p2a: Corviknight\n|-damage|p2a: Corviknight|63\/100\n|move|p1b: Tinkaton|Play Rough|p2a: Corviknight\n|-resisted|p2a: Corviknight\n|-damage|p2a: Corviknight|56\/100\n|move|p2a: Corviknight|Roost|p2a: Corviknight\n|-heal|p2a: Corviknight|100\/100\n|-singleturn|p2a: Corviknight|move: Roost\n|\n|-end|p2a: Corviknight|Encore\n|upkeep\n|turn|12\n|\n|t:|1682882830\n|move|p1b: Tinkaton|Feint|p2a: Corviknight\n|-resisted|p2a: Corviknight\n|-damage|p2a: Corviknight|99\/100\n|move|p1a: Iron Bundle|Encore|p2a: Corviknight\n|-start|p2a: Corviknight|Encore\n|move|p2a: Corviknight|Roost|p2a: Corviknight\n|-heal|p2a: Corviknight|100\/100\n|-singleturn|p2a: Corviknight|move: Roost\n|\n|upkeep\n|turn|13\n|\n|t:|1682882843\n|move|p1a: Iron Bundle|Freeze-Dry|p2a: Corviknight\n|-damage|p2a: Corviknight|67\/100\n|move|p1b: Tinkaton|Play Rough|p2a: Corviknight\n|-resisted|p2a: Corviknight\n|-damage|p2a: Corviknight|60\/100\n|move|p2a: Corviknight|Roost|p2a: Corviknight\n|-heal|p2a: Corviknight|100\/100\n|-singleturn|p2a: Corviknight|move: Roost\n|\n|upkeep\n|turn|14\n|\n|t:|1682882853\n|move|p1a: Iron Bundle|Freeze-Dry|p2a: Corviknight\n|-damage|p2a: Corviknight|63\/100\n|move|p1b: Tinkaton|Play Rough|p2a: Corviknight\n|-resisted|p2a: Corviknight\n|-damage|p2a: Corviknight|55\/100\n|move|p2a: Corviknight|Roost|p2a: Corviknight\n|-heal|p2a: Corviknight|100\/100\n|-singleturn|p2a: Corviknight|move: Roost\n|\n|-end|p2a: Corviknight|Encore\n|upkeep\n|turn|15\n|\n|t:|1682882869\n|move|p1a: Iron Bundle|Encore||[still]\n|-fail|p1a: Iron Bundle\n|move|p1b: Tinkaton|Play Rough|p2a: Corviknight|[miss]\n|-miss|p1b: Tinkaton|p2a: Corviknight\n|move|p2a: Corviknight|Brave Bird|p1a: Iron Bundle\n|-damage|p1a: Iron Bundle|0 fnt\n|faint|p1a: Iron Bundle\n|-end|p1a: Iron Bundle|Quark Drive|[silent]\n|-damage|p2a: Corviknight|92\/100|[from] Recoil\n|\n|upkeep\n|turn|16\n|-message|hujuku0 forfeited.\n|\n|win|The Penguinari\n|raw|hujuku0's rating: 1324 → 1303<\/strong> (-21 for losing)\n|raw|The Penguinari's rating: 1300 → 1327<\/strong> (+27 for winning)\n|l|\u2606hujuku0\n","uploadtime":1682882878,"views":8,"p1id":"hujuku0","p2id":"thepenguinari","formatid":"gen9vgc2023regulationc","rating":1303,"private":0,"password":""}