{"id":"gen9vgc2023regulationc-1855700217","p1":"A_Wild_Ymir","p2":"Xavico","format":"[Gen 9] VGC 2023 Regulation C","log":"|j|\u2606A_Wild_Ymir\n|j|\u2606Xavico\n|t:|1682974543\n|gametype|doubles\n|player|p1|A_Wild_Ymir|pokemonbreeder-gen4|1109\n|player|p2|Xavico|roark|1006\n|teamsize|p1|6\n|teamsize|p2|6\n|gen|9\n|tier|[Gen 9] VGC 2023 Regulation C\n|rated|\n|rule|Species Clause: Limit one of each Pok\u00e9mon\n|rule|Item Clause: Limit one of each item\n|clearpoke\n|poke|p1|Farigiraf, L50, F|\n|poke|p1|Iron Hands, L50|\n|poke|p1|Arcanine, L50, F|\n|poke|p1|Amoonguss, L50, F|\n|poke|p1|Tinkaton, L50, F|\n|poke|p1|Scream Tail, L50|\n|poke|p2|Dugtrio, L50, M|\n|poke|p2|Camerupt, L50, M|\n|poke|p2|Ting-Lu, L50|\n|poke|p2|Garganacl, L50, F|\n|poke|p2|Chien-Pao, L50|\n|poke|p2|Kingambit, L50, M|\n|teampreview|4\n|inactive|Battle timer is ON: inactive players will automatically lose when time's up. (requested by A_Wild_Ymir)\n|inactive|A_Wild_Ymir has 60 seconds left.\n|\n|t:|1682974602\n|start\n|switch|p1a: Farigiraf|Farigiraf, L50, F|100\/100\n|switch|p1b: Arcanine|Arcanine, L50, F|100\/100\n|switch|p2a: Camerupt|Camerupt, L50, M|100\/100\n|switch|p2b: Ting-Lu|Ting-Lu, L50|100\/100\n|-ability|p1b: Arcanine|Intimidate|boost\n|-unboost|p2a: Camerupt|atk|1\n|-unboost|p2b: Ting-Lu|atk|1\n|-ability|p2b: Ting-Lu|Vessel of Ruin\n|turn|1\n|\n|t:|1682974623\n|move|p1b: Arcanine|Will-O-Wisp|p2b: Ting-Lu\n|-status|p2b: Ting-Lu|brn\n|move|p2b: Ting-Lu|Fissure|p1a: Farigiraf|[miss]\n|-miss|p2b: Ting-Lu|p1a: Farigiraf\n|move|p2a: Camerupt|Fissure|p1a: Farigiraf|[miss]\n|-miss|p2a: Camerupt|p1a: Farigiraf\n|move|p1a: Farigiraf|Hyper Voice|p2b: Ting-Lu|[spread] p2a,p2b\n|-damage|p2a: Camerupt|80\/100\n|-damage|p2b: Ting-Lu|79\/100 brn\n|-enditem|p1a: Farigiraf|Throat Spray\n|-boost|p1a: Farigiraf|spa|1|[from] item: Throat Spray\n|\n|-damage|p2b: Ting-Lu|73\/100 brn|[from] brn\n|upkeep\n|turn|2\n|\n|t:|1682974646\n|-terastallize|p1a: Farigiraf|Normal\n|move|p1b: Arcanine|Snarl|p2b: Ting-Lu|[spread] p2a,p2b\n|-resisted|p2b: Ting-Lu\n|-damage|p2a: Camerupt|73\/100\n|-damage|p2b: Ting-Lu|70\/100 brn\n|-unboost|p2a: Camerupt|spa|1\n|-unboost|p2b: Ting-Lu|spa|1\n|move|p2b: Ting-Lu|Fissure|p1a: Farigiraf|[miss]\n|-miss|p2b: Ting-Lu|p1a: Farigiraf\n|move|p2a: Camerupt|Fissure|p1a: Farigiraf\n|-damage|p1a: Farigiraf|0 fnt\n|faint|p1a: Farigiraf\n|-ohko\n|\n|-damage|p2b: Ting-Lu|63\/100 brn|[from] brn\n|upkeep\n|\n|t:|1682974660\n|switch|p1a: Iron Hands|Iron Hands, L50|100\/100\n|turn|3\n|\n|t:|1682974675\n|move|p1a: Iron Hands|Fake Out|p2a: Camerupt\n|-damage|p2a: Camerupt|54\/100\n|move|p1b: Arcanine|Howl|p1b: Arcanine|[spread] p1a,p1b\n|-boost|p1a: Iron Hands|atk|1\n|-boost|p1b: Arcanine|atk|1\n|move|p2b: Ting-Lu|Fissure|p1a: Iron Hands|[miss]\n|-miss|p2b: Ting-Lu|p1a: Iron Hands\n|cant|p2a: Camerupt|flinch\n|\n|-damage|p2b: Ting-Lu|57\/100 brn|[from] brn\n|upkeep\n|turn|4\n|c|\u2606A_Wild_Ymir|This fissure meta is such cancer man\n|\n|t:|1682974697\n|move|p1b: Arcanine|Howl|p1b: Arcanine|[spread] p1a,p1b\n|-boost|p1a: Iron Hands|atk|1\n|-boost|p1b: Arcanine|atk|1\n|move|p2b: Ting-Lu|Fissure|p1a: Iron Hands|[miss]\n|-miss|p2b: Ting-Lu|p1a: Iron Hands\n|move|p2a: Camerupt|Fissure|p1a: Iron Hands|[miss]\n|-miss|p2a: Camerupt|p1a: Iron Hands\n|move|p1a: Iron Hands|Drain Punch|p2b: Ting-Lu\n|-supereffective|p2b: Ting-Lu\n|-damage|p2b: Ting-Lu|0 fnt\n|faint|p2b: Ting-Lu\n|\n|upkeep\n|\n|t:|1682974709\n|switch|p2b: Garganacl|Garganacl, L50, F|100\/100\n|turn|5\n|\n|t:|1682974717\n|move|p1b: Arcanine|Howl|p1b: Arcanine|[spread] p1a,p1b\n|-boost|p1a: Iron Hands|atk|1\n|-boost|p1b: Arcanine|atk|1\n|move|p2a: Camerupt|Fissure|p1a: Iron Hands|[miss]\n|-miss|p2a: Camerupt|p1a: Iron Hands\n|move|p2b: Garganacl|Fissure|p1a: Iron Hands|[miss]\n|-miss|p2b: Garganacl|p1a: Iron Hands\n|move|p1a: Iron Hands|Drain Punch|p2a: Camerupt\n|-damage|p2a: Camerupt|0 fnt\n|faint|p2a: Camerupt\n|\n|upkeep\n|c|\u2606A_Wild_Ymir|bro xD\n|\n|t:|1682974728\n|switch|p2a: guy|Kingambit, L50, M|100\/100\n|turn|6\n|\n|t:|1682974736\n|move|p1b: Arcanine|Flare Blitz|p2a: guy\n|-supereffective|p2a: guy\n|-damage|p2a: guy|0 fnt\n|faint|p2a: guy\n|-damage|p1b: Arcanine|66\/100|[from] Recoil\n|move|p2b: Garganacl|Fissure|p1a: Iron Hands\n|-damage|p1a: Iron Hands|0 fnt\n|faint|p1a: Iron Hands\n|-end|p1a: Iron Hands|Quark Drive|[silent]\n|-ohko\n|\n|upkeep\n|\n|t:|1682974743\n|switch|p1a: Amoonguss|Amoonguss, L50, F|100\/100\n|turn|7\n|\n|t:|1682974765\n|move|p1a: Amoonguss|Rage Powder|p1a: Amoonguss\n|-singleturn|p1a: Amoonguss|move: Rage Powder\n|move|p1b: Arcanine|Flare Blitz|p2b: Garganacl\n|-resisted|p2b: Garganacl\n|-damage|p2b: Garganacl|67\/100\n|-damage|p1b: Arcanine|54\/100|[from] Recoil\n|move|p2b: Garganacl|Fissure|p1a: Amoonguss|[miss]\n|-miss|p2b: Garganacl|p1a: Amoonguss\n|\n|-heal|p2b: Garganacl|73\/100|[from] item: Leftovers\n|upkeep\n|turn|8\n|\n|t:|1682974776\n|move|p1a: Amoonguss|Rage Powder|p1a: Amoonguss\n|-singleturn|p1a: Amoonguss|move: Rage Powder\n|move|p1b: Arcanine|Howl|p1b: Arcanine|[spread] p1a,p1b\n|-boost|p1a: Amoonguss|atk|1\n|-boost|p1b: Arcanine|atk|1\n|move|p2b: Garganacl|Fissure|p1a: Amoonguss\n|-damage|p1a: Amoonguss|0 fnt\n|faint|p1a: Amoonguss\n|-ohko\n|\n|-heal|p2b: Garganacl|79\/100|[from] item: Leftovers\n|upkeep\n|turn|9\n|c|\u2606Xavico|100 pure skill!\n|\n|t:|1682974792\n|move|p1b: Arcanine|Flare Blitz|p2b: Garganacl\n|-resisted|p2b: Garganacl\n|-damage|p2b: Garganacl|37\/100\n|-damage|p1b: Arcanine|39\/100|[from] Recoil\n|move|p2b: Garganacl|Fissure|p1b: Arcanine\n|-damage|p1b: Arcanine|0 fnt\n|faint|p1b: Arcanine\n|-ohko\n|\n|win|Xavico\n|raw|A_Wild_Ymir's rating: 1109 → 1077<\/strong> (-32 for losing)\n|raw|Xavico's rating: 1006 → 1056<\/strong> (+50 for winning)\n|c|\u2606A_Wild_Ymir|.-.\n|c|\u2606A_Wild_Ymir|i hate this game\n|l|\u2606A_Wild_Ymir\n|c|\u2606Xavico|me 2\n","uploadtime":1682974813,"views":15,"p1id":"awildymir","p2id":"xavico","formatid":"gen9vgc2023regulationc","rating":1056,"private":0,"password":""}