{"id":"gen9vgc2023regulationc-1847192210","p1":"Hadrian1917","p2":"Maissofa","format":"[Gen 9] VGC 2023 Regulation C","log":"|j|\u2606Hadrian1917\n|j|\u2606Maissofa\n|t:|1681926606\n|gametype|doubles\n|player|p1|Hadrian1917|brock|1181\n|player|p2|Maissofa|170|1205\n|teamsize|p1|6\n|teamsize|p2|6\n|gen|9\n|tier|[Gen 9] VGC 2023 Regulation C\n|rated|\n|rule|Species Clause: Limit one of each Pok\u00e9mon\n|rule|Item Clause: Limit one of each item\n|clearpoke\n|poke|p1|Flutter Mane, L50|\n|poke|p1|Arcanine, L50, F|\n|poke|p1|Baxcalibur, L50, F|\n|poke|p1|Ting-Lu, L50|\n|poke|p1|Gyarados, L50, M|\n|poke|p1|Amoonguss, L50, F|\n|poke|p2|Iron Valiant, L50|\n|poke|p2|Gholdengo, L50|\n|poke|p2|Gyarados, L50, M|\n|poke|p2|Garchomp, L50, M|\n|poke|p2|Talonflame, L50, F|\n|poke|p2|Chien-Pao, L50|\n|teampreview|4\n|inactive|Battle timer is ON: inactive players will automatically lose when time's up. (requested by Maissofa)\n|inactive|Hadrian1917 has 60 seconds left.\n|inactive|Maissofa has 60 seconds left.\n|\n|t:|1681926664\n|start\n|switch|p1a: Arcanine|Arcanine, L50, F|100\/100\n|switch|p1b: Baxcalibur|Baxcalibur, L50, F|100\/100\n|switch|p2a: Talonflame|Talonflame, L50, F|100\/100\n|switch|p2b: Gyarados|Gyarados, L50, M|100\/100\n|-ability|p2b: Gyarados|Intimidate|boost\n|-unboost|p1a: Arcanine|atk|1\n|-fail|p1b: Baxcalibur|unboost|[from] item: Clear Amulet|[of] p1b: Baxcalibur\n|-ability|p1a: Arcanine|Intimidate|boost\n|-unboost|p2a: Talonflame|atk|1\n|-fail|p2b: Gyarados|unboost|[from] item: Clear Amulet|[of] p2b: Gyarados\n|turn|1\n|inactive|Hadrian1917 has 30 seconds left.\n|inactive|Hadrian1917 has 20 seconds left.\n|\n|t:|1681926700\n|switch|p1a: Gyarados|Gyarados, L50, M|100\/100\n|-ability|p1a: Gyarados|Intimidate|boost\n|-unboost|p2a: Talonflame|atk|1\n|-fail|p2b: Gyarados|unboost|[from] item: Clear Amulet|[of] p2b: Gyarados\n|move|p2b: Gyarados|Protect|p2b: Gyarados\n|-singleturn|p2b: Gyarados|Protect\n|move|p2a: Talonflame|Tailwind|p2a: Talonflame\n|-sidestart|p2: Maissofa|move: Tailwind\n|move|p1b: Baxcalibur|Icicle Crash|p2b: Gyarados\n|-activate|p2b: Gyarados|move: Protect\n|\n|upkeep\n|turn|2\n|inactive|Maissofa has 30 seconds left.\n|\n|t:|1681926731\n|switch|p2b: Gholdengo|Gholdengo, L50|100\/100\n|switch|p1a: Arcanine|Arcanine, L50, F|100\/100\n|-ability|p1a: Arcanine|Intimidate|boost\n|-unboost|p2a: Talonflame|atk|1\n|-unboost|p2b: Gholdengo|atk|1\n|move|p2a: Talonflame|Will-O-Wisp|p1a: Arcanine|[miss]\n|-miss|p2a: Talonflame|p1a: Arcanine\n|move|p1b: Baxcalibur|Icicle Crash|p2b: Gholdengo\n|-resisted|p2b: Gholdengo\n|-damage|p2b: Gholdengo|74\/100\n|\n|upkeep\n|turn|3\n|inactive|Maissofa has 30 seconds left.\n|\n|t:|1681926758\n|switch|p2a: Gyarados|Gyarados, L50, M|100\/100\n|-ability|p2a: Gyarados|Intimidate|boost\n|-unboost|p1a: Arcanine|atk|1\n|-fail|p1b: Baxcalibur|unboost|[from] item: Clear Amulet|[of] p1b: Baxcalibur\n|move|p1b: Baxcalibur|Protect|p1b: Baxcalibur\n|-singleturn|p1b: Baxcalibur|Protect\n|move|p2b: Gholdengo|Make It Rain|p1a: Arcanine|[spread] p1a\n|-activate|p1b: Baxcalibur|move: Protect\n|-resisted|p1a: Arcanine\n|-damage|p1a: Arcanine|67\/100\n|-unboost|p2b: Gholdengo|spa|1\n|-damage|p2b: Gholdengo|64\/100|[from] item: Life Orb\n|move|p1a: Arcanine|Howl|p1a: Arcanine|[spread] p1a,p1b\n|-boost|p1a: Arcanine|atk|1\n|-boost|p1b: Baxcalibur|atk|1\n|\n|upkeep\n|turn|4\n|inactive|Hadrian1917 has 30 seconds left.\n|inactive|Maissofa has 30 seconds left.\n|\n|t:|1681926789\n|-terastallize|p2b: Gholdengo|Steel\n|-terastallize|p1b: Baxcalibur|Poison\n|move|p2b: Gholdengo|Make It Rain|p1a: Arcanine|[spread] p1a,p1b\n|-resisted|p1a: Arcanine\n|-damage|p1a: Arcanine|38\/100\n|-damage|p1b: Baxcalibur|50\/100\n|-unboost|p2b: Gholdengo|spa|1\n|-damage|p2b: Gholdengo|54\/100|[from] item: Life Orb\n|move|p2a: Gyarados|Crunch|p1a: Arcanine\n|-damage|p1a: Arcanine|11\/100\n|move|p1a: Arcanine|Howl|p1a: Arcanine|[spread] p1a,p1b\n|-boost|p1a: Arcanine|atk|1\n|-boost|p1b: Baxcalibur|atk|1\n|move|p1b: Baxcalibur|Icicle Crash|p2b: Gholdengo\n|-resisted|p2b: Gholdengo\n|-crit|p2b: Gholdengo\n|-damage|p2b: Gholdengo|0 fnt\n|faint|p2b: Gholdengo\n|\n|-sideend|p2: Maissofa|move: Tailwind\n|upkeep\n|\n|t:|1681926814\n|switch|p2b: Talonflame|Talonflame, L50, F|100\/100\n|turn|5\n|\n|t:|1681926832\n|move|p1a: Arcanine|Extreme Speed|p2b: Talonflame\n|-damage|p2b: Talonflame|51\/100\n|move|p1b: Baxcalibur|Ice Shard|p2b: Talonflame\n|-damage|p2b: Talonflame|0 fnt\n|faint|p2b: Talonflame\n|move|p2a: Gyarados|Crunch|p1a: Arcanine\n|-damage|p1a: Arcanine|0 fnt\n|faint|p1a: Arcanine\n|\n|upkeep\n|\n|t:|1681926849\n|switch|p2b: Chien-Pao|Chien-Pao, L50|100\/100\n|switch|p1a: Flutter Mane|Flutter Mane, L50|100\/100\n|-ability|p2b: Chien-Pao|Sword of Ruin\n|turn|6\n|\n|t:|1681926872\n|-end|p1a: Flutter Mane|Protosynthesis|[silent]\n|switch|p1a: Gyarados|Gyarados, L50, M|100\/100\n|-ability|p1a: Gyarados|Intimidate|boost\n|-fail|p2a: Gyarados|unboost|[from] item: Clear Amulet|[of] p2a: Gyarados\n|-unboost|p2b: Chien-Pao|atk|1\n|move|p2b: Chien-Pao|Crunch|p1a: Gyarados\n|-crit|p1a: Gyarados\n|-damage|p1a: Gyarados|23\/100\n|-enditem|p1a: Gyarados|Sitrus Berry|[eat]\n|-heal|p1a: Gyarados|48\/100|[from] item: Sitrus Berry\n|move|p2a: Gyarados|Waterfall|p1b: Baxcalibur\n|-damage|p1b: Baxcalibur|2\/100\n|move|p1b: Baxcalibur|Icicle Crash|p2a: Gyarados\n|-damage|p2a: Gyarados|0 fnt\n|faint|p2a: Gyarados\n|\n|upkeep\n|turn|7\n|inactive|Hadrian1917 has 30 seconds left.\n|\n|t:|1681926901\n|move|p2b: Chien-Pao|Crunch|p1a: Gyarados\n|-damage|p1a: Gyarados|16\/100\n|move|p1b: Baxcalibur|Glaive Rush|p2b: Chien-Pao\n|-damage|p2b: Chien-Pao|0 fnt\n|-singlemove|p1b: Baxcalibur|Glaive Rush|[silent]\n|faint|p2b: Chien-Pao\n|\n|win|Hadrian1917\n|raw|Hadrian1917's rating: 1181 → 1208<\/strong> (+27 for winning)\n|raw|Maissofa's rating: 1205 → 1178<\/strong> (-27 for losing)\n","uploadtime":1681926912,"views":9,"p1id":"hadrian1917","p2id":"maissofa","formatid":"gen9vgc2023regulationc","rating":1178,"private":0,"password":""}