{"id":"gen9vgc2023regulationc-1855184299","p1":"hysaaron","p2":"bubbs1012","format":"[Gen 9] VGC 2023 Regulation C","log":"|j|\u2606hysaaron\n|j|\u2606bubbs1012\n|t:|1682911899\n|gametype|doubles\n|player|p1|hysaaron|101|1225\n|player|p2|bubbs1012|bruno|1204\n|teamsize|p1|6\n|teamsize|p2|6\n|gen|9\n|tier|[Gen 9] VGC 2023 Regulation C\n|rated|\n|rule|Species Clause: Limit one of each Pok\u00e9mon\n|rule|Item Clause: Limit one of each item\n|clearpoke\n|poke|p1|Talonflame, L50, M|\n|poke|p1|Great Tusk, L50|\n|poke|p1|Chi-Yu, L50|\n|poke|p1|Flutter Mane, L50|\n|poke|p1|Amoonguss, L50, F|\n|poke|p1|Gyarados, L50, M|\n|poke|p2|Dragonite, L50, M|\n|poke|p2|Chien-Pao, L50|\n|poke|p2|Murkrow, L50, F|\n|poke|p2|Chi-Yu, L50|\n|poke|p2|Amoonguss, L50, F|\n|poke|p2|Roaring Moon, L50|\n|teampreview|4\n|inactive|Battle timer is ON: inactive players will automatically lose when time's up. (requested by hysaaron)\n|\n|t:|1682911933\n|start\n|switch|p1a: Talonflame|Talonflame, L50, M, shiny|100\/100\n|switch|p1b: Great Tusk|Great Tusk, L50, shiny|100\/100\n|switch|p2a: Murkrow|Murkrow, L50, F|100\/100\n|switch|p2b: Chi-Yu|Chi-Yu, L50|100\/100\n|-ability|p2b: Chi-Yu|Beads of Ruin\n|turn|1\n|inactive|hysaaron has 30 seconds left.\n|\n|t:|1682911966\n|move|p1a: Talonflame|Tailwind|p1a: Talonflame\n|-sidestart|p1: hysaaron|move: Tailwind\n|move|p2a: Murkrow|Tailwind|p2a: Murkrow\n|-sidestart|p2: bubbs1012|move: Tailwind\n|move|p1b: Great Tusk|Rock Slide|p2a: Murkrow|[spread] p2a,p2b\n|-supereffective|p2a: Murkrow\n|-supereffective|p2b: Chi-Yu\n|-damage|p2a: Murkrow|39\/100\n|-damage|p2b: Chi-Yu|28\/100\n|move|p2b: Chi-Yu|Heat Wave|p1b: Great Tusk|[spread] p1a,p1b\n|-resisted|p1a: Talonflame\n|-damage|p1a: Talonflame|61\/100\n|-damage|p1b: Great Tusk|0 fnt\n|faint|p1b: Great Tusk\n|-end|p1b: Great Tusk|Protosynthesis|[silent]\n|\n|upkeep\n|inactive|hysaaron has 30 seconds left.\n|inactive|hysaaron has 20 seconds left.\n|inactive|hysaaron has 15 seconds left.\n|\n|t:|1682912009\n|switch|p1b: Gyarados|Gyarados, L50, M, shiny|100\/100\n|-ability|p1b: Gyarados|Intimidate|boost\n|-unboost|p2a: Murkrow|atk|1\n|-unboost|p2b: Chi-Yu|atk|1\n|turn|2\n|inactive|bubbs1012 has 30 seconds left.\n|\n|t:|1682912039\n|move|p2a: Murkrow|Quash|p1a: Talonflame\n|-activate|p1a: Talonflame|move: Quash\n|move|p2b: Chi-Yu|Heat Wave|p1a: Talonflame|[spread] p1a,p1b\n|-resisted|p1a: Talonflame\n|-resisted|p1b: Gyarados\n|-damage|p1a: Talonflame|22\/100\n|-damage|p1b: Gyarados|73\/100\n|move|p1b: Gyarados|Waterfall|p2b: Chi-Yu\n|-supereffective|p2b: Chi-Yu\n|-damage|p2b: Chi-Yu|0 fnt\n|faint|p2b: Chi-Yu\n|move|p1a: Talonflame|Brave Bird|p2a: Murkrow\n|-damage|p2a: Murkrow|0 fnt\n|faint|p2a: Murkrow\n|-damage|p1a: Talonflame|10\/100|[from] Recoil\n|\n|upkeep\n|\n|t:|1682912045\n|switch|p2b: Roaring Moon|Roaring Moon, L50|100\/100\n|switch|p2a: Amoonguss|Amoonguss, L50, F|100\/100\n|-enditem|p2b: Roaring Moon|Booster Energy\n|-activate|p2b: Roaring Moon|ability: Protosynthesis|[fromitem]\n|-start|p2b: Roaring Moon|protosynthesisatk\n|turn|3\n|\n|t:|1682912055\n|-terastallize|p2b: Roaring Moon|Flying\n|move|p2a: Amoonguss|Rage Powder|p2a: Amoonguss\n|-singleturn|p2a: Amoonguss|move: Rage Powder\n|move|p2b: Roaring Moon|Dragon Dance|p2b: Roaring Moon\n|-boost|p2b: Roaring Moon|atk|1\n|-boost|p2b: Roaring Moon|spe|1\n|move|p1a: Talonflame|Taunt|p2a: Amoonguss\n|-start|p2a: Amoonguss|move: Taunt\n|move|p1b: Gyarados|Thunder Wave|p2a: Amoonguss\n|-status|p2a: Amoonguss|par\n|\n|upkeep\n|turn|4\n|inactive|hysaaron has 30 seconds left.\n|\n|t:|1682912084\n|move|p2b: Roaring Moon|Acrobatics|p1b: Gyarados\n|-damage|p1b: Gyarados|0 fnt\n|faint|p1b: Gyarados\n|move|p1a: Talonflame|Will-O-Wisp|p2b: Roaring Moon\n|-status|p2b: Roaring Moon|brn\n|move|p2a: Amoonguss|Pollen Puff|p2b: Roaring Moon\n|-immune|p2b: Roaring Moon\n|\n|-damage|p2b: Roaring Moon|94\/100 brn|[from] brn\n|-sideend|p2: bubbs1012|move: Tailwind\n|-sideend|p1: hysaaron|move: Tailwind\n|upkeep\n|\n|t:|1682912098\n|switch|p1b: Flutter Mane|Flutter Mane, L50|100\/100\n|-enditem|p1b: Flutter Mane|Booster Energy\n|-activate|p1b: Flutter Mane|ability: Protosynthesis|[fromitem]\n|-start|p1b: Flutter Mane|protosynthesisspa\n|turn|5\n|\n|t:|1682912112\n|-terastallize|p1b: Flutter Mane|Steel\n|move|p2b: Roaring Moon|Acrobatics|p1b: Flutter Mane\n|-resisted|p1b: Flutter Mane\n|-damage|p1b: Flutter Mane|58\/100\n|move|p1b: Flutter Mane|Moonblast|p2b: Roaring Moon\n|-damage|p2b: Roaring Moon|30\/100 brn\n|-unboost|p2b: Roaring Moon|spa|1\n|move|p1a: Talonflame|Tailwind|p1a: Talonflame\n|-sidestart|p1: hysaaron|move: Tailwind\n|move|p2a: Amoonguss|Pollen Puff|p2b: Roaring Moon\n|-heal|p2b: Roaring Moon|80\/100 brn\n|\n|-damage|p2b: Roaring Moon|74\/100 brn|[from] brn\n|upkeep\n|turn|6\n|inactive|hysaaron has 30 seconds left.\n|inactive|hysaaron has 20 seconds left.\n|inactive|hysaaron has 15 seconds left.\n|inactive|hysaaron has 10 seconds left.\n|\n|t:|1682912160\n|move|p1b: Flutter Mane|Moonblast|p2b: Roaring Moon\n|-damage|p2b: Roaring Moon|15\/100 brn\n|-unboost|p2b: Roaring Moon|spa|1\n|move|p1a: Talonflame|Taunt||[still]\n|-fail|p1a: Talonflame\n|move|p2b: Roaring Moon|Crunch|p1b: Flutter Mane\n|-damage|p1b: Flutter Mane|0 fnt\n|faint|p1b: Flutter Mane\n|-end|p1b: Flutter Mane|Protosynthesis|[silent]\n|cant|p2a: Amoonguss|par\n|\n|-damage|p2b: Roaring Moon|9\/100 brn|[from] brn\n|-end|p2a: Amoonguss|move: Taunt\n|upkeep\n|turn|7\n|inactive|hysaaron has 30 seconds left.\n|\n|t:|1682912193\n|move|p2a: Amoonguss|Rage Powder|p2a: Amoonguss\n|-singleturn|p2a: Amoonguss|move: Rage Powder\n|move|p1a: Talonflame|Brave Bird|p2a: Amoonguss\n|-supereffective|p2a: Amoonguss\n|-damage|p2a: Amoonguss|14\/100 par\n|-enditem|p2a: Amoonguss|Aguav Berry|[eat]\n|-heal|p2a: Amoonguss|47\/100 par|[from] item: Aguav Berry\n|-damage|p1a: Talonflame|0 fnt|[from] Recoil\n|faint|p1a: Talonflame\n|\n|win|bubbs1012\n|raw|hysaaron's rating: 1225 → 1198<\/strong> (-27 for losing)\n|raw|bubbs1012's rating: 1204 → 1231<\/strong> (+27 for winning)\n","uploadtime":1682912210,"views":13,"p1id":"hysaaron","p2id":"bubbs1012","formatid":"gen9vgc2023regulationc","rating":1198,"private":0,"password":""}