{"id":"gen9vgc2023regulationc-1851830342","p1":"huoqiushu233","p2":"haha u rage quit","format":"[Gen 9] VGC 2023 Regulation C","log":"|j|\u2606huoqiushu233\n|j|\u2606haha u rage quit\n|t:|1682491484\n|gametype|doubles\n|player|p1|huoqiushu233|169|1357\n|player|p2|haha u rage quit|pokemaniac|1371\n|teamsize|p1|6\n|teamsize|p2|6\n|gen|9\n|tier|[Gen 9] VGC 2023 Regulation C\n|rated|\n|rule|Species Clause: Limit one of each Pok\u00e9mon\n|rule|Item Clause: Limit one of each item\n|clearpoke\n|poke|p1|Abomasnow, L50, M|\n|poke|p1|Cetitan, L50, F|\n|poke|p1|Maushold-Four, L50|\n|poke|p1|Glimmora, L50, F|\n|poke|p1|Gyarados, L50, M|\n|poke|p1|Roaring Moon, L50|\n|poke|p2|Glimmora, L50, M|\n|poke|p2|Iron Bundle, L50|\n|poke|p2|Dondozo, L50, M|\n|poke|p2|Dragonite, L50, M|\n|poke|p2|Tatsugiri-Droopy, L50, M|\n|poke|p2|Chi-Yu, L50|\n|teampreview|4\n|inactive|Battle timer is ON: inactive players will automatically lose when time's up. (requested by huoqiushu233)\n|\n|t:|1682491520\n|start\n|switch|p1a: Glimmora|Glimmora, L50, F|100\/100\n|switch|p1b: Roaring Moon|Roaring Moon, L50|100\/100\n|switch|p2a: Iron Bundle|Iron Bundle, L50, shiny|100\/100\n|switch|p2b: Chi-Yu|Chi-Yu, L50|100\/100\n|-ability|p2b: Chi-Yu|Beads of Ruin\n|-enditem|p2a: Iron Bundle|Booster Energy\n|-activate|p2a: Iron Bundle|ability: Quark Drive|[fromitem]\n|-start|p2a: Iron Bundle|quarkdrivespe\n|-enditem|p1b: Roaring Moon|Booster Energy\n|-activate|p1b: Roaring Moon|ability: Protosynthesis|[fromitem]\n|-start|p1b: Roaring Moon|protosynthesisspe\n|turn|1\n|inactive|haha u rage quit has 30 seconds left.\n|inactive|haha u rage quit has 20 seconds left.\n|inactive|haha u rage quit has 15 seconds left.\n|\n|t:|1682491561\n|move|p2a: Iron Bundle|Freeze-Dry|p1b: Roaring Moon\n|-supereffective|p1b: Roaring Moon\n|-damage|p1b: Roaring Moon|17\/100\n|move|p1b: Roaring Moon|Tailwind|p1b: Roaring Moon\n|-sidestart|p1: huoqiushu233|move: Tailwind\n|move|p1a: Glimmora|Power Gem|p2a: Iron Bundle\n|-supereffective|p2a: Iron Bundle\n|-damage|p2a: Iron Bundle|0 fnt\n|faint|p2a: Iron Bundle\n|-end|p2a: Iron Bundle|Quark Drive|[silent]\n|move|p2b: Chi-Yu|Dark Pulse|p1a: Glimmora\n|-damage|p1a: Glimmora|56\/100\n|\n|upkeep\n|\n|t:|1682491574\n|switch|p2a: Dondozo|Dondozo, L50, M|100\/100\n|turn|2\n|\n|t:|1682491584\n|switch|p2b: Tatsugiri|Tatsugiri-Droopy, L50, M|100\/100\n|-activate|p2b: Tatsugiri|ability: Commander|[of] p2a: Dondozo\n|-boost|p2a: Dondozo|atk|2\n|-boost|p2a: Dondozo|spa|2\n|-boost|p2a: Dondozo|spe|2\n|-boost|p2a: Dondozo|def|2\n|-boost|p2a: Dondozo|spd|2\n|move|p2a: Dondozo|Protect|p2a: Dondozo\n|-singleturn|p2a: Dondozo|Protect\n|move|p1b: Roaring Moon|Breaking Swipe|p2b: Tatsugiri|[spread] \n|-miss|p1b: Roaring Moon|p2b: Tatsugiri\n|-activate|p2a: Dondozo|move: Protect\n|move|p1a: Glimmora|Mortal Spin|p2a: Dondozo|[spread] \n|-miss|p1a: Glimmora|p2b: Tatsugiri\n|-activate|p2a: Dondozo|move: Protect\n|\n|upkeep\n|turn|3\n|\n|t:|1682491602\n|move|p1b: Roaring Moon|Breaking Swipe|p2b: Tatsugiri|[spread] p2a\n|-miss|p1b: Roaring Moon|p2b: Tatsugiri\n|-damage|p2a: Dondozo|93\/100\n|-unboost|p2a: Dondozo|atk|1\n|move|p1a: Glimmora|Mortal Spin|p2a: Dondozo|[spread] p2a\n|-miss|p1a: Glimmora|p2b: Tatsugiri\n|-damage|p2a: Dondozo|91\/100\n|-status|p2a: Dondozo|psn\n|move|p2a: Dondozo|Earthquake|p1b: Roaring Moon|[spread] p1a,p1b\n|-miss|p2a: Dondozo|p2b: Tatsugiri\n|-supereffective|p1a: Glimmora\n|-damage|p1a: Glimmora|0 fnt\n|-damage|p1b: Roaring Moon|0 fnt\n|-activate|p1a: Glimmora|ability: Toxic Debris\n|-sidestart|p2: haha u rage quit|move: Toxic Spikes\n|faint|p1a: Glimmora\n|faint|p1b: Roaring Moon\n|-end|p1b: Roaring Moon|Protosynthesis|[silent]\n|\n|-heal|p2a: Dondozo|97\/100 psn|[from] item: Leftovers\n|-damage|p2a: Dondozo|85\/100 psn|[from] psn\n|upkeep\n|\n|t:|1682491621\n|switch|p1b: Abomasnow|Abomasnow, L50, M|100\/100\n|switch|p1a: Gyarados|Gyarados, L50, M|100\/100\n|-ability|p1a: Gyarados|Intimidate|boost\n|-fail|p2a: Dondozo|unboost|Attack|[from] ability: Oblivious|[of] p2a: Dondozo\n|-unboost|p2b: Tatsugiri|atk|1\n|-weather|Snow|[from] ability: Snow Warning|[of] p1b: Abomasnow\n|turn|4\n|\n|t:|1682491637\n|move|p2a: Dondozo|Protect|p2a: Dondozo\n|-singleturn|p2a: Dondozo|Protect\n|move|p1a: Gyarados|Taunt|p2a: Dondozo\n|-activate|p2a: Dondozo|move: Protect\n|move|p1b: Abomasnow|Leaf Storm|p2a: Dondozo\n|-activate|p2a: Dondozo|move: Protect\n|\n|-weather|Snow|[upkeep]\n|-heal|p2a: Dondozo|91\/100 psn|[from] item: Leftovers\n|-damage|p2a: Dondozo|78\/100 psn|[from] psn\n|-sideend|p1: huoqiushu233|move: Tailwind\n|upkeep\n|turn|5\n|\n|t:|1682491657\n|-terastallize|p2a: Dondozo|Grass\n|move|p2a: Dondozo|Tera Blast|p1a: Gyarados\n|-damage|p1a: Gyarados|48\/100\n|move|p1a: Gyarados|Taunt|p2a: Dondozo\n|-immune|p2a: Dondozo|[from] ability: Oblivious\n|move|p1b: Abomasnow|Leaf Storm|p2a: Dondozo|[miss]\n|-miss|p1b: Abomasnow|p2a: Dondozo\n|\n|-weather|Snow|[upkeep]\n|-heal|p2a: Dondozo|85\/100 psn|[from] item: Leftovers\n|-damage|p2a: Dondozo|72\/100 psn|[from] psn\n|upkeep\n|turn|6\n|\n|t:|1682491673\n|move|p1a: Gyarados|Protect|p1a: Gyarados\n|-singleturn|p1a: Gyarados|Protect\n|move|p2a: Dondozo|Tera Blast|p1a: Gyarados\n|-activate|p1a: Gyarados|move: Protect\n|move|p1b: Abomasnow|Leaf Storm|p2a: Dondozo\n|-resisted|p2a: Dondozo\n|-damage|p2a: Dondozo|63\/100 psn\n|-unboost|p1b: Abomasnow|spa|2\n|\n|-weather|Snow|[upkeep]\n|-heal|p2a: Dondozo|70\/100 psn|[from] item: Leftovers\n|-damage|p2a: Dondozo|57\/100 psn|[from] psn\n|upkeep\n|turn|7\n|\n|t:|1682491686\n|move|p1a: Gyarados|Protect||[still]\n|-fail|p1a: Gyarados\n|move|p2a: Dondozo|Tera Blast|p1a: Gyarados\n|-damage|p1a: Gyarados|0 fnt\n|faint|p1a: Gyarados\n|move|p1b: Abomasnow|Blizzard|p2a: Dondozo|[spread] p2a\n|-miss|p1b: Abomasnow|p2b: Tatsugiri\n|-supereffective|p2a: Dondozo\n|-damage|p2a: Dondozo|46\/100 psn\n|\n|-weather|Snow|[upkeep]\n|-heal|p2a: Dondozo|52\/100 psn|[from] item: Leftovers\n|-damage|p2a: Dondozo|39\/100 psn|[from] psn\n|upkeep\n|turn|8\n|\n|t:|1682491700\n|move|p2a: Dondozo|Wave Crash|p1b: Abomasnow\n|-resisted|p1b: Abomasnow\n|-damage|p1b: Abomasnow|73\/100\n|-damage|p2a: Dondozo|31\/100 psn|[from] Recoil\n|move|p1b: Abomasnow|Blizzard|p2a: Dondozo|[spread] p2a\n|-miss|p1b: Abomasnow|p2b: Tatsugiri\n|-supereffective|p2a: Dondozo\n|-damage|p2a: Dondozo|21\/100 psn\n|\n|-weather|none\n|-heal|p2a: Dondozo|27\/100 psn|[from] item: Leftovers\n|-damage|p2a: Dondozo|15\/100 psn|[from] psn\n|upkeep\n|turn|9\n|-message|huoqiushu233 forfeited.\n|\n|win|haha u rage quit\n|raw|huoqiushu233's rating: 1357 → 1338<\/strong> (-19 for losing)\n|raw|haha u rage quit's rating: 1371 → 1390<\/strong> (+19 for winning)\n|l|\u2606huoqiushu233\n","uploadtime":1682491718,"views":15,"p1id":"huoqiushu233","p2id":"hahauragequit","formatid":"gen9vgc2023regulationc","rating":1338,"private":0,"password":""}