{"id":"gen9vgc2023regulationc-1849482054","p1":"Heliosan","p2":"Nosck","format":"[Gen 9] VGC 2023 Regulation C","log":"|j|\u2606Heliosan\n|j|\u2606Nosck\n|t:|1682203616\n|gametype|doubles\n|player|p1|Heliosan|steven|1220\n|player|p2|Nosck|ltsurge|1302\n|teamsize|p1|6\n|teamsize|p2|6\n|gen|9\n|tier|[Gen 9] VGC 2023 Regulation C\n|rated|\n|rule|Species Clause: Limit one of each Pok\u00e9mon\n|rule|Item Clause: Limit one of each item\n|clearpoke\n|poke|p1|Chien-Pao, L50|\n|poke|p1|Dragonite, L50, F|\n|poke|p1|Mimikyu, L50, M|\n|poke|p1|Glimmora, L50, M|\n|poke|p1|Dondozo, L50, M|\n|poke|p1|Tatsugiri, L50, M|\n|poke|p2|Tatsugiri, L50, F|\n|poke|p2|Mimikyu, L50, M|\n|poke|p2|Skeledirge, L50, F|\n|poke|p2|Meowscarada, L50, M|\n|poke|p2|Dondozo, L50, F|\n|poke|p2|Iron Hands, L50|\n|teampreview|4\n|inactive|Battle timer is ON: inactive players will automatically lose when time's up. (requested by Nosck)\n|inactive|Nosck has 60 seconds left.\n|\n|t:|1682203650\n|start\n|switch|p1a: Glimmora|Glimmora, L50, M|100\/100\n|switch|p1b: Mimikyu|Mimikyu, L50, M|100\/100\n|switch|p2a: Mimikyu|Mimikyu, L50, M|100\/100\n|switch|p2b: Iron Hands|Iron Hands, L50|100\/100\n|-enditem|p2b: Iron Hands|Booster Energy\n|-activate|p2b: Iron Hands|ability: Quark Drive|[fromitem]\n|-start|p2b: Iron Hands|quarkdriveatk\n|turn|1\n|inactive|Heliosan has 30 seconds left.\n|\n|t:|1682203675\n|move|p2a: Mimikyu|Shadow Sneak|p1b: Mimikyu\n|-activate|p1b: Mimikyu|ability: Disguise\n|-damage|p1b: Mimikyu|100\/100\n|detailschange|p1b: Mimikyu|Mimikyu-Busted, L50, M\n|-damage|p1b: Mimikyu|88\/100|[from] pokemon: Mimikyu-Busted\n|move|p1b: Mimikyu|Play Rough|p2b: Iron Hands\n|-supereffective|p2b: Iron Hands\n|-damage|p2b: Iron Hands|51\/100\n|move|p1a: Glimmora|Mortal Spin|p2b: Iron Hands|[spread] p2a,p2b\n|-activate|p2a: Mimikyu|ability: Disguise\n|-damage|p2a: Mimikyu|100\/100\n|-damage|p2b: Iron Hands|49\/100\n|-status|p2a: Mimikyu|psn\n|-status|p2b: Iron Hands|psn\n|detailschange|p2a: Mimikyu|Mimikyu-Busted, L50, M\n|-damage|p2a: Mimikyu|88\/100 psn|[from] pokemon: Mimikyu-Busted\n|move|p2b: Iron Hands|Iron Head|p1b: Mimikyu\n|-supereffective|p1b: Mimikyu\n|-damage|p1b: Mimikyu|0 fnt\n|faint|p1b: Mimikyu\n|\n|-damage|p2a: Mimikyu|76\/100 psn|[from] psn\n|-damage|p2b: Iron Hands|36\/100 psn|[from] psn\n|upkeep\n|inactive|Heliosan has 30 seconds left.\n|\n|t:|1682203701\n|switch|p1b: Tatsugiri|Tatsugiri, L50, M|100\/100\n|turn|2\n|\n|t:|1682203722\n|move|p1b: Tatsugiri|Muddy Water|p2a: Mimikyu|[spread] p2b\n|-miss|p1b: Tatsugiri|p2a: Mimikyu\n|-damage|p2b: Iron Hands|6\/100 psn\n|move|p1a: Glimmora|Venoshock|p2a: Mimikyu\n|-damage|p2a: Mimikyu|18\/100 psn\n|move|p2a: Mimikyu|Play Rough|p1b: Tatsugiri\n|-supereffective|p1b: Tatsugiri\n|-damage|p1b: Tatsugiri|0 fnt\n|faint|p1b: Tatsugiri\n|move|p2b: Iron Hands|Drain Punch|p1a: Glimmora\n|-damage|p1a: Glimmora|53\/100\n|-heal|p2b: Iron Hands|24\/100 psn|[from] drain|[of] p1a: Glimmora\n|-activate|p1a: Glimmora|ability: Toxic Debris\n|-sidestart|p2: Nosck|move: Toxic Spikes\n|\n|-damage|p2a: Mimikyu|6\/100 psn|[from] psn\n|-damage|p2b: Iron Hands|11\/100 psn|[from] psn\n|upkeep\n|\n|t:|1682203732\n|switch|p1b: Dondozo|Dondozo, L50, M|100\/100\n|turn|3\n|\n|t:|1682203751\n|move|p1b: Dondozo|Protect|p1b: Dondozo\n|-singleturn|p1b: Dondozo|Protect\n|move|p2a: Mimikyu|Shadow Sneak|p1a: Glimmora\n|-damage|p1a: Glimmora|38\/100\n|-activate|p1a: Glimmora|ability: Toxic Debris\n|-sidestart|p2: Nosck|move: Toxic Spikes\n|move|p1a: Glimmora|Earth Power|p2b: Iron Hands\n|-supereffective|p2b: Iron Hands\n|-damage|p2b: Iron Hands|0 fnt\n|faint|p2b: Iron Hands\n|-end|p2b: Iron Hands|Quark Drive|[silent]\n|\n|-damage|p2a: Mimikyu|0 fnt|[from] psn\n|faint|p2a: Mimikyu\n|upkeep\n|\n|t:|1682203761\n|switch|p2a: Meowscarada|Meowscarada, L50, M|100\/100\n|switch|p2b: Dondozo|Dondozo, L50, F|100\/100\n|-status|p2a: Meowscarada|tox\n|-status|p2b: Dondozo|tox\n|turn|4\n|inactive|Nosck has 30 seconds left.\n|\n|t:|1682203787\n|-terastallize|p1a: Glimmora|Grass\n|move|p2a: Meowscarada|Flower Trick|p1a: Glimmora\n|-start|p2a: Meowscarada|typechange|Grass|[from] ability: Protean\n|-resisted|p1a: Glimmora\n|-crit|p1a: Glimmora\n|-damage|p1a: Glimmora|9\/100\n|move|p1a: Glimmora|Venoshock|p2a: Meowscarada\n|-supereffective|p2a: Meowscarada\n|-damage|p2a: Meowscarada|0 fnt\n|faint|p2a: Meowscarada\n|move|p1b: Dondozo|Wave Crash|p2b: Dondozo\n|-resisted|p2b: Dondozo\n|-damage|p2b: Dondozo|84\/100 tox\n|-damage|p1b: Dondozo|94\/100|[from] Recoil\n|move|p2b: Dondozo|Order Up|p1b: Dondozo\n|-damage|p1b: Dondozo|77\/100\n|\n|-heal|p1b: Dondozo|83\/100|[from] item: Leftovers\n|-damage|p2b: Dondozo|78\/100 tox|[from] psn\n|upkeep\n|turn|5\n|-message|Nosck forfeited.\n|\n|win|Heliosan\n|raw|Heliosan's rating: 1220 → 1251<\/strong> (+31 for winning)\n|raw|Nosck's rating: 1302 → 1277<\/strong> (-25 for losing)\n|l|\u2606Nosck\n","uploadtime":1682203807,"views":3,"p1id":"heliosan","p2id":"nosck","formatid":"gen9vgc2023regulationc","rating":1251,"private":0,"password":""}