{"id":"gen9vgc2023regulationc-1853139093","p1":"Gadiel_VaStar","p2":"hasmafrehca","format":"[Gen 9] VGC 2023 Regulation C","log":"|j|\u2606Gadiel_VaStar\n|j|\u2606hasmafrehca\n|t:|1682639918\n|gametype|doubles\n|player|p1|Gadiel_VaStar|jasmine|1191\n|player|p2|hasmafrehca|102|1267\n|teamsize|p1|6\n|teamsize|p2|6\n|gen|9\n|tier|[Gen 9] VGC 2023 Regulation C\n|rated|\n|rule|Species Clause: Limit one of each Pok\u00e9mon\n|rule|Item Clause: Limit one of each item\n|clearpoke\n|poke|p1|Flamigo, L50, M|\n|poke|p1|Dondozo, L50, M|\n|poke|p1|Tatsugiri-Stretchy, L50, M|\n|poke|p1|Scream Tail, L50|\n|poke|p1|Wo-Chien, L50|\n|poke|p1|Cloyster, L50, M|\n|poke|p2|Gyarados, L50, M|\n|poke|p2|Wo-Chien, L50|\n|poke|p2|Ceruledge, L50, F|\n|poke|p2|Magneton, L50|\n|poke|p2|Glimmora, L50, M|\n|poke|p2|Iron Valiant, L50|\n|teampreview|4\n|\n|t:|1682640004\n|start\n|switch|p1a: Scream Tail|Scream Tail, L50|100\/100\n|switch|p1b: Tatsugiri|Tatsugiri-Stretchy, L50, M, shiny|100\/100\n|switch|p2a: Iron Valiant|Iron Valiant, L50|100\/100\n|switch|p2b: Magneton|Magneton, L50, shiny|100\/100\n|-enditem|p2a: Iron Valiant|Booster Energy\n|-activate|p2a: Iron Valiant|ability: Quark Drive|[fromitem]\n|-start|p2a: Iron Valiant|quarkdrivespe\n|-enditem|p1a: Scream Tail|Booster Energy\n|-activate|p1a: Scream Tail|ability: Protosynthesis|[fromitem]\n|-start|p1a: Scream Tail|protosynthesisspe\n|turn|1\n|\n|t:|1682640045\n|move|p1b: Tatsugiri|Protect|p1b: Tatsugiri\n|-singleturn|p1b: Tatsugiri|Protect\n|move|p2a: Iron Valiant|Wide Guard|p2a: Iron Valiant\n|-singleturn|p2a: Iron Valiant|Wide Guard\n|move|p1a: Scream Tail|Perish Song|p1a: Scream Tail\n|-start|p1a: Scream Tail|perish3|[silent]\n|-start|p1b: Tatsugiri|perish3|[silent]\n|-start|p2a: Iron Valiant|perish3|[silent]\n|-start|p2b: Magneton|perish3|[silent]\n|-fieldactivate|move: Perish Song\n|move|p2b: Magneton|Electroweb|p1a: Scream Tail|[spread] p1a\n|-activate|p1b: Tatsugiri|move: Protect\n|-damage|p1a: Scream Tail|87\/100\n|-unboost|p1a: Scream Tail|spe|1\n|\n|-start|p2a: Iron Valiant|perish3\n|-start|p1a: Scream Tail|perish3\n|-start|p1b: Tatsugiri|perish3\n|-start|p2b: Magneton|perish3\n|upkeep\n|turn|2\n|\n|t:|1682640112\n|-end|p2a: Iron Valiant|Quark Drive|[silent]\n|switch|p2a: Wo-Chien|Wo-Chien, L50|100\/100\n|-ability|p2a: Wo-Chien|Tablets of Ruin\n|switch|p2b: Gyarados|Gyarados, L50, M|100\/100\n|-ability|p2b: Gyarados|Intimidate|boost\n|-unboost|p1a: Scream Tail|atk|1\n|-unboost|p1b: Tatsugiri|atk|1\n|-terastallize|p1b: Tatsugiri|Normal\n|move|p1a: Scream Tail|Light Screen|p1a: Scream Tail\n|-sidestart|p1: Gadiel_VaStar|move: Light Screen\n|move|p1b: Tatsugiri|Hyper Beam|p2a: Wo-Chien\n|-damage|p2a: Wo-Chien|53\/100\n|-mustrecharge|p1b: Tatsugiri\n|\n|-heal|p2a: Wo-Chien|59\/100|[from] item: Leftovers\n|-start|p1a: Scream Tail|perish2\n|-start|p1b: Tatsugiri|perish2\n|upkeep\n|turn|3\n|\n|t:|1682640144\n|-end|p1a: Scream Tail|Protosynthesis|[silent]\n|switch|p1a: Dondozo|Dondozo, L50, M|100\/100\n|-activate|p1b: Tatsugiri|ability: Commander|[of] p1a: Dondozo\n|-boost|p1a: Dondozo|atk|2\n|-boost|p1a: Dondozo|spa|2\n|-boost|p1a: Dondozo|spe|2\n|-boost|p1a: Dondozo|def|2\n|-boost|p1a: Dondozo|spd|2\n|move|p2b: Gyarados|Taunt|p1a: Dondozo\n|-immune|p1a: Dondozo|[from] ability: Oblivious\n|move|p2a: Wo-Chien|Giga Drain|p1b: Tatsugiri|[miss]\n|-miss|p2a: Wo-Chien|p1b: Tatsugiri\n|\n|-heal|p2a: Wo-Chien|66\/100|[from] item: Leftovers\n|-start|p1b: Tatsugiri|perish1\n|upkeep\n|turn|4\n|\n|t:|1682640177\n|move|p1a: Dondozo|Protect|p1a: Dondozo\n|-singleturn|p1a: Dondozo|Protect\n|move|p2b: Gyarados|Thunder Wave|p1a: Dondozo\n|-activate|p1a: Dondozo|move: Protect\n|move|p2a: Wo-Chien|Leech Seed|p1a: Dondozo\n|-activate|p1a: Dondozo|move: Protect\n|\n|-heal|p2a: Wo-Chien|72\/100|[from] item: Leftovers\n|-start|p1b: Tatsugiri|perish0\n|faint|p1b: Tatsugiri\n|upkeep\n|\n|t:|1682640193\n|switch|p1b: Flamigo|Flamigo, L50, M, shiny|100\/100\n|-copyboost|p1b: Flamigo|p1a: Dondozo|[from] ability: Costar\n|turn|5\n|\n|t:|1682640248\n|-terastallize|p2a: Wo-Chien|Fire\n|move|p1b: Flamigo|Fling|p2b: Gyarados\n|-damage|p2b: Gyarados|84\/100\n|-enditem|p1b: Flamigo|King's Rock|[from] move: Fling\n|move|p1a: Dondozo|Order Up|p2b: Gyarados\n|-damage|p2b: Gyarados|40\/100\n|-enditem|p2b: Gyarados|Sitrus Berry|[eat]\n|-heal|p2b: Gyarados|65\/100|[from] item: Sitrus Berry\n|-boost|p1a: Dondozo|spe|1\n|cant|p2b: Gyarados|flinch\n|move|p2a: Wo-Chien|Leech Seed|p1a: Dondozo\n|-start|p1a: Dondozo|move: Leech Seed\n|\n|-heal|p2a: Wo-Chien|78\/100|[from] item: Leftovers\n|-damage|p1a: Dondozo|88\/100|[from] Leech Seed|[of] p2a: Wo-Chien\n|-heal|p2a: Wo-Chien|93\/100|[silent]\n|upkeep\n|turn|6\n|\n|t:|1682640304\n|switch|p2b: Iron Valiant|Iron Valiant, L50|100\/100\n|move|p2a: Wo-Chien|Protect|p2a: Wo-Chien\n|-singleturn|p2a: Wo-Chien|Protect\n|move|p1b: Flamigo|Acrobatics|p2b: Iron Valiant\n|-supereffective|p2b: Iron Valiant\n|-crit|p2b: Iron Valiant\n|-damage|p2b: Iron Valiant|0 fnt\n|faint|p2b: Iron Valiant\n|-end|p2b: Iron Valiant|Quark Drive|[silent]\n|move|p1a: Dondozo|Wave Crash|p2a: Wo-Chien\n|-activate|p2a: Wo-Chien|move: Protect\n|\n|-heal|p1a: Dondozo|94\/100|[from] item: Leftovers\n|-heal|p2a: Wo-Chien|99\/100|[from] item: Leftovers\n|-damage|p1a: Dondozo|82\/100|[from] Leech Seed|[of] p2a: Wo-Chien\n|-heal|p2a: Wo-Chien|100\/100|[silent]\n|-sideend|p1: Gadiel_VaStar|move: Light Screen\n|upkeep\n|\n|t:|1682640323\n|switch|p2b: Magneton|Magneton, L50, shiny|100\/100\n|turn|7\n|\n|t:|1682640339\n|switch|p2a: Gyarados|Gyarados, L50, M|65\/100\n|-ability|p2a: Gyarados|Intimidate|boost\n|-fail|p1a: Dondozo|unboost|Attack|[from] ability: Oblivious|[of] p1a: Dondozo\n|-unboost|p1b: Flamigo|atk|1\n|move|p1b: Flamigo|Close Combat|p2b: Magneton\n|-supereffective|p2b: Magneton\n|-damage|p2b: Magneton|0 fnt\n|-unboost|p1b: Flamigo|def|1\n|-unboost|p1b: Flamigo|spd|1\n|faint|p2b: Magneton\n|move|p1a: Dondozo|Wave Crash|p2a: Gyarados\n|-resisted|p2a: Gyarados\n|-damage|p2a: Gyarados|1\/100\n|-damage|p1a: Dondozo|65\/100|[from] Recoil\n|\n|-heal|p1a: Dondozo|71\/100|[from] item: Leftovers\n|-damage|p1a: Dondozo|59\/100|[from] Leech Seed|[of] p2a: Gyarados\n|-heal|p2a: Gyarados|16\/100|[silent]\n|upkeep\n|\n|t:|1682640355\n|switch|p2b: Wo-Chien|Wo-Chien, L50, tera:Fire|100\/100\n|-ability|p2b: Wo-Chien|Tablets of Ruin\n|turn|8\n|\n|t:|1682640382\n|move|p2a: Gyarados|Protect|p2a: Gyarados\n|-singleturn|p2a: Gyarados|Protect\n|move|p1b: Flamigo|Acrobatics|p2a: Gyarados\n|-activate|p2a: Gyarados|move: Protect\n|move|p1a: Dondozo|Wave Crash|p2b: Wo-Chien\n|-supereffective|p2b: Wo-Chien\n|-damage|p2b: Wo-Chien|0 fnt\n|faint|p2b: Wo-Chien\n|-damage|p1a: Dondozo|32\/100|[from] Recoil\n|\n|-heal|p1a: Dondozo|38\/100|[from] item: Leftovers\n|-damage|p1a: Dondozo|26\/100|[from] Leech Seed|[of] p2a: Gyarados\n|-heal|p2a: Gyarados|32\/100|[silent]\n|upkeep\n|turn|9\n|-message|hasmafrehca forfeited.\n|\n|win|Gadiel_VaStar\n|raw|Gadiel_VaStar's rating: 1191 → 1221<\/strong> (+30 for winning)\n|raw|hasmafrehca's rating: 1267 → 1237<\/strong> (-30 for losing)\n|l|\u2606hasmafrehca\n|l|\u2606Gadiel_VaStar\n|j|\u2606Gadiel_VaStar\n|player|p1|Gadiel_VaStar|jasmine\n","uploadtime":1682641030,"views":6,"p1id":"gadielvastar","p2id":"hasmafrehca","formatid":"gen9vgc2023regulationc","rating":1221,"private":0,"password":""}