{"id":"gen9vgc2023regulationc-1861748352","p1":"Karajony","p2":"BrilliantAchilles","format":"[Gen 9] VGC 2023 Regulation C","log":"|j|\u2606Karajony\n|j|\u2606BrilliantAchilles\n|t:|1683803932\n|gametype|doubles\n|player|p1|Karajony|worker-gen4|1351\n|player|p2|BrilliantAchilles|1|1250\n|teamsize|p1|6\n|teamsize|p2|6\n|gen|9\n|tier|[Gen 9] VGC 2023 Regulation C\n|rated|\n|rule|Species Clause: Limit one of each Pok\u00e9mon\n|rule|Item Clause: Limit one of each item\n|clearpoke\n|poke|p1|Baxcalibur, L50, F|\n|poke|p1|Corviknight, L50, F|\n|poke|p1|Iron Hands, L50|\n|poke|p1|Arcanine, L50, M|\n|poke|p1|Chi-Yu, L50|\n|poke|p1|Flutter Mane, L50|\n|poke|p2|Flutter Mane, L50|\n|poke|p2|Palafin, L50, M|\n|poke|p2|Arcanine, L50, F|\n|poke|p2|Amoonguss, L50, M|\n|poke|p2|Ting-Lu, L50|\n|poke|p2|Baxcalibur, L50, M|\n|teampreview|4\n|inactive|Battle timer is ON: inactive players will automatically lose when time's up. (requested by Karajony)\n|inactive|BrilliantAchilles has 60 seconds left.\n|\n|t:|1683803968\n|start\n|switch|p1a: Corviknight|Corviknight, L50, F|100\/100\n|switch|p1b: Arcanine|Arcanine, L50, M|100\/100\n|switch|p2a: Ting-Lu|Ting-Lu, L50|100\/100\n|switch|p2b: Palafin|Palafin, L50, M|100\/100\n|-ability|p1b: Arcanine|Intimidate|boost\n|-unboost|p2a: Ting-Lu|atk|1\n|-unboost|p2b: Palafin|atk|1\n|-ability|p2a: Ting-Lu|Vessel of Ruin\n|turn|1\n|\n|t:|1683803992\n|detailschange|p2b: Palafin|Palafin-Hero, L50, M\n|switch|p2b: Arcanine|Arcanine, L50, F|100\/100\n|-ability|p2b: Arcanine|Intimidate|boost\n|-ability|p1a: Corviknight|Mirror Armor\n|-unboost|p2b: Arcanine|atk|1\n|-unboost|p1b: Arcanine|atk|1\n|move|p1b: Arcanine|Will-O-Wisp|p2a: Ting-Lu|[miss]\n|-miss|p1b: Arcanine|p2a: Ting-Lu\n|move|p1a: Corviknight|Tailwind|p1a: Corviknight\n|-sidestart|p1: Karajony|move: Tailwind\n|move|p2a: Ting-Lu|Ruination|p1a: Corviknight\n|-damage|p1a: Corviknight|51\/100\n|\n|-heal|p1a: Corviknight|57\/100|[from] item: Leftovers\n|upkeep\n|turn|2\n|inactive|Karajony has 30 seconds left.\n|\n|t:|1683804019\n|-terastallize|p1a: Corviknight|Dragon\n|move|p1b: Arcanine|Will-O-Wisp|p2a: Ting-Lu\n|-status|p2a: Ting-Lu|brn\n|move|p1a: Corviknight|Bulk Up|p1a: Corviknight\n|-boost|p1a: Corviknight|atk|1\n|-boost|p1a: Corviknight|def|1\n|move|p2b: Arcanine|Will-O-Wisp|p1a: Corviknight\n|-status|p1a: Corviknight|brn\n|move|p2a: Ting-Lu|Stomping Tantrum|p1b: Arcanine\n|-supereffective|p1b: Arcanine\n|-damage|p1b: Arcanine|82\/100\n|\n|-heal|p1a: Corviknight|63\/100 brn|[from] item: Leftovers\n|-damage|p1a: Corviknight|57\/100 brn|[from] brn\n|-damage|p2a: Ting-Lu|94\/100 brn|[from] brn\n|upkeep\n|turn|3\n|inactive|Karajony has 30 seconds left.\n|inactive|BrilliantAchilles has 30 seconds left.\n|inactive|BrilliantAchilles has 20 seconds left.\n|inactive|BrilliantAchilles has 15 seconds left.\n|\n|t:|1683804060\n|move|p2b: Arcanine|Extreme Speed|p1b: Arcanine\n|-damage|p1b: Arcanine|69\/100\n|move|p1b: Arcanine|Howl|p1b: Arcanine|[spread] p1a,p1b\n|-boost|p1a: Corviknight|atk|1\n|-boost|p1b: Arcanine|atk|1\n|move|p1a: Corviknight|Brave Bird|p2b: Arcanine\n|-damage|p2b: Arcanine|51\/100\n|-damage|p1a: Corviknight|41\/100 brn|[from] Recoil\n|move|p2a: Ting-Lu|Fissure|p1a: Corviknight|[miss]\n|-miss|p2a: Ting-Lu|p1a: Corviknight\n|\n|-heal|p1a: Corviknight|47\/100 brn|[from] item: Leftovers\n|-damage|p1a: Corviknight|41\/100 brn|[from] brn\n|-damage|p2a: Ting-Lu|88\/100 brn|[from] brn\n|upkeep\n|turn|4\n|inactive|Karajony has 30 seconds left.\n|inactive|Karajony has 20 seconds left.\n|inactive|Karajony has 15 seconds left.\n|\n|t:|1683804102\n|move|p1b: Arcanine|Protect|p1b: Arcanine\n|-singleturn|p1b: Arcanine|Protect\n|move|p2b: Arcanine|Protect|p2b: Arcanine\n|-singleturn|p2b: Arcanine|Protect\n|move|p1a: Corviknight|Roost|p1a: Corviknight\n|-heal|p1a: Corviknight|92\/100 brn\n|move|p2a: Ting-Lu|Fissure|p1a: Corviknight|[miss]\n|-miss|p2a: Ting-Lu|p1a: Corviknight\n|\n|-heal|p1a: Corviknight|98\/100 brn|[from] item: Leftovers\n|-damage|p1a: Corviknight|92\/100 brn|[from] brn\n|-damage|p2a: Ting-Lu|82\/100 brn|[from] brn\n|-sideend|p1: Karajony|move: Tailwind\n|upkeep\n|turn|5\n|\n|t:|1683804122\n|switch|p2b: Flutter Mane|Flutter Mane, L50|100\/100\n|move|p1b: Arcanine|Flare Blitz|p2a: Ting-Lu\n|-damage|p2a: Ting-Lu|62\/100 brn\n|-damage|p1b: Arcanine|60\/100|[from] Recoil\n|move|p1a: Corviknight|Brave Bird|p2a: Ting-Lu\n|-damage|p2a: Ting-Lu|40\/100 brn\n|-damage|p1a: Corviknight|82\/100 brn|[from] Recoil\n|move|p2a: Ting-Lu|Fissure|p1a: Corviknight|[miss]\n|-miss|p2a: Ting-Lu|p1a: Corviknight\n|\n|-heal|p1a: Corviknight|88\/100 brn|[from] item: Leftovers\n|-damage|p1a: Corviknight|82\/100 brn|[from] brn\n|-damage|p2a: Ting-Lu|34\/100 brn|[from] brn\n|upkeep\n|turn|6\n|\n|t:|1683804146\n|switch|p2a: Arcanine|Arcanine, L50, F|51\/100\n|-ability|p2a: Arcanine|Intimidate|boost\n|-ability|p1a: Corviknight|Mirror Armor\n|-unboost|p2a: Arcanine|atk|1\n|-unboost|p1b: Arcanine|atk|1\n|move|p2b: Flutter Mane|Moonblast|p1a: Corviknight\n|-supereffective|p1a: Corviknight\n|-damage|p1a: Corviknight|0 fnt\n|faint|p1a: Corviknight\n|move|p1b: Arcanine|Flare Blitz|p2b: Flutter Mane\n|-damage|p2b: Flutter Mane|58\/100\n|-damage|p1b: Arcanine|50\/100|[from] Recoil\n|\n|upkeep\n|\n|t:|1683804163\n|switch|p1a: Baxcalibur|Baxcalibur, L50, F|100\/100\n|turn|7\n|\n|t:|1683804181\n|-end|p2b: Flutter Mane|Protosynthesis|[silent]\n|switch|p2b: Ting-Lu|Ting-Lu, L50|34\/100 brn\n|-ability|p2b: Ting-Lu|Vessel of Ruin\n|switch|p2a: Palafin|Palafin-Hero, L50, M|100\/100\n|-activate|p2a: Palafin|ability: Zero to Hero\n|move|p1a: Baxcalibur|Protect|p1a: Baxcalibur\n|-singleturn|p1a: Baxcalibur|Protect\n|move|p1b: Arcanine|Howl|p1b: Arcanine|[spread] p1a,p1b\n|-boost|p1a: Baxcalibur|atk|1\n|-boost|p1b: Arcanine|atk|1\n|\n|-damage|p2b: Ting-Lu|28\/100 brn|[from] brn\n|upkeep\n|turn|8\n|inactive|Karajony has 30 seconds left.\n|\n|t:|1683804208\n|switch|p1b: Iron Hands|Iron Hands, L50|100\/100\n|switch|p2b: Arcanine|Arcanine, L50, F|51\/100\n|-ability|p2b: Arcanine|Intimidate|boost\n|-fail|p1a: Baxcalibur|unboost|[from] item: Clear Amulet|[of] p1a: Baxcalibur\n|-unboost|p1b: Iron Hands|atk|1\n|move|p2a: Palafin|Jet Punch|p1b: Iron Hands\n|-damage|p1b: Iron Hands|70\/100\n|move|p1a: Baxcalibur|Glaive Rush|p2a: Palafin\n|-damage|p2a: Palafin|4\/100\n|-singlemove|p1a: Baxcalibur|Glaive Rush|[silent]\n|\n|upkeep\n|turn|9\n|inactive|BrilliantAchilles has 30 seconds left.\n|\n|t:|1683804235\n|switch|p2b: Flutter Mane|Flutter Mane, L50|58\/100\n|move|p2a: Palafin|Protect|p2a: Palafin\n|-singleturn|p2a: Palafin|Protect\n|move|p1a: Baxcalibur|Protect|p1a: Baxcalibur\n|-singleturn|p1a: Baxcalibur|Protect\n|move|p1b: Iron Hands|Fake Out|p2a: Palafin\n|-activate|p2a: Palafin|move: Protect\n|\n|upkeep\n|turn|10\n|\n|t:|1683804253\n|move|p1a: Baxcalibur|Ice Shard|p2b: Flutter Mane\n|-damage|p2b: Flutter Mane|10\/100\n|move|p2b: Flutter Mane|Shadow Ball|p1a: Baxcalibur\n|-damage|p1a: Baxcalibur|42\/100\n|move|p2a: Palafin|Haze|p2a: Palafin\n|-clearallboost\n|move|p1b: Iron Hands|Wild Charge|p2b: Flutter Mane\n|-damage|p2b: Flutter Mane|0 fnt\n|faint|p2b: Flutter Mane\n|-end|p2b: Flutter Mane|Protosynthesis|[silent]\n|-damage|p1b: Iron Hands|68\/100|[from] Recoil\n|\n|upkeep\n|\n|t:|1683804264\n|switch|p2b: Arcanine|Arcanine, L50, F|51\/100\n|-ability|p2b: Arcanine|Intimidate|boost\n|-fail|p1a: Baxcalibur|unboost|[from] item: Clear Amulet|[of] p1a: Baxcalibur\n|-unboost|p1b: Iron Hands|atk|1\n|turn|11\n|\n|t:|1683804274\n|-end|p1b: Iron Hands|Quark Drive|[silent]\n|switch|p1b: Arcanine|Arcanine, L50, M|50\/100\n|-ability|p1b: Arcanine|Intimidate|boost\n|-unboost|p2a: Palafin|atk|1\n|-unboost|p2b: Arcanine|atk|1\n|move|p2a: Palafin|Protect|p2a: Palafin\n|-singleturn|p2a: Palafin|Protect\n|move|p1a: Baxcalibur|Ice Shard|p2a: Palafin\n|-activate|p2a: Palafin|move: Protect\n|move|p2b: Arcanine|Will-O-Wisp|p1b: Arcanine\n|-immune|p1b: Arcanine\n|\n|upkeep\n|turn|12\n|-message|BrilliantAchilles forfeited.\n|\n|win|Karajony\n|raw|Karajony's rating: 1351 → 1365<\/strong> (+14 for winning)\n|raw|BrilliantAchilles's rating: 1250 → 1232<\/strong> (-18 for losing)\n|l|\u2606BrilliantAchilles\n","uploadtime":1683804290,"views":18,"p1id":"karajony","p2id":"brilliantachilles","formatid":"gen9vgc2023regulationc","rating":1232,"private":0,"password":""}