{"id":"gen9vgc2023regulationc-1860725745","p1":"Ciq108","p2":"Lumaris","format":"[Gen 9] VGC 2023 Regulation C","log":"|j|\u2606Ciq108\n|j|\u2606Lumaris\n|t:|1683670472\n|gametype|doubles\n|player|p1|Ciq108|170|\n|player|p2|Lumaris|brendan|\n|teamsize|p1|6\n|teamsize|p2|6\n|gen|9\n|tier|[Gen 9] VGC 2023 Regulation C\n|rule|Species Clause: Limit one of each Pok\u00e9mon\n|rule|Item Clause: Limit one of each item\n|clearpoke\n|poke|p1|Gengar, L50, F|\n|poke|p1|Rotom-Mow, L50|\n|poke|p1|Mudsdale, L50, F|\n|poke|p1|Azumarill, L50, F|\n|poke|p1|Bronzong, L50|\n|poke|p1|Crabominable, L50, M|\n|poke|p2|Hariyama, L50, M|\n|poke|p2|Krookodile, L50, F|\n|poke|p2|Espathra, L50, M|\n|poke|p2|Drifblim, L50, F|\n|poke|p2|Tinkaton, L50, F|\n|poke|p2|Gogoat, L50, F|\n|teampreview|4\n|c|\u2606Lumaris|G2\nLumaris rejected open team sheets.\n|c|\u2606Ciq108|Glhf\n|c|\u2606Ciq108|Did u get links btw\n|\n|t:|1683670876\n|start\n|switch|p1a: Gengar|Gengar, L50, F|100\/100\n|switch|p1b: Azumarill|Azumarill, L50, F|100\/100\n|switch|p2a: Hariyama|Hariyama, L50, M|100\/100\n|switch|p2b: Espathra|Espathra, L50, M|100\/100\n|turn|1\n|\n|t:|1683670902\n|-terastallize|p2a: Hariyama|Steel\n|move|p1a: Gengar|Shadow Ball|p2a: Hariyama\n|-damage|p2a: Hariyama|65\/100\n|-unboost|p2a: Hariyama|spd|1\n|move|p2b: Espathra|Light Screen|p2b: Espathra\n|-sidestart|p2: Lumaris|move: Light Screen\n|move|p1b: Azumarill|Liquidation|p2a: Hariyama\n|-damage|p2a: Hariyama|20\/100\n|-enditem|p2a: Hariyama|Sitrus Berry|[eat]\n|-heal|p2a: Hariyama|45\/100|[from] item: Sitrus Berry\n|move|p2a: Hariyama|Belly Drum||[still]\n|-fail|p2a: Hariyama\n|\n|upkeep\n|turn|2\n|\n|t:|1683670939\n|move|p2a: Hariyama|Bullet Punch|p1a: Gengar\n|-damage|p1a: Gengar|65\/100\n|move|p1a: Gengar|Encore|p2b: Espathra\n|-start|p2b: Espathra|Encore\n|move|p2b: Espathra|Light Screen||[still]\n|-fail|p2b: Espathra\n|move|p1b: Azumarill|Liquidation|p2a: Hariyama\n|-damage|p2a: Hariyama|0 fnt\n|faint|p2a: Hariyama\n|\n|upkeep\n|\n|t:|1683670946\n|switch|p2a: Krookodile|Krookodile, L50, F|100\/100\n|turn|3\n|\n|t:|1683670967\n|switch|p2b: Tinkaton|Tinkaton, L50, F|100\/100\n|move|p1a: Gengar|Protect|p1a: Gengar\n|-singleturn|p1a: Gengar|Protect\n|move|p2a: Krookodile|Protect|p2a: Krookodile\n|-singleturn|p2a: Krookodile|Protect\n|move|p1b: Azumarill|Liquidation|p2a: Krookodile\n|-activate|p2a: Krookodile|move: Protect\n|\n|upkeep\n|turn|4\n|\n|t:|1683670985\n|switch|p1a: Mudsdale|Mudsdale, L50, F|100\/100\n|move|p2a: Krookodile|Earthquake|p1a: Mudsdale|[spread] p2b,p1a,p1b\n|-supereffective|p2b: Tinkaton\n|-damage|p2b: Tinkaton|0 fnt\n|-damage|p1a: Mudsdale|58\/100\n|-damage|p1b: Azumarill|51\/100\n|faint|p2b: Tinkaton\n|-ability|p2a: Krookodile|Moxie|boost\n|-boost|p2a: Krookodile|atk|1\n|-damage|p2a: Krookodile|90\/100|[from] item: Life Orb\n|move|p1b: Azumarill|Liquidation|p2a: Krookodile\n|-supereffective|p2a: Krookodile\n|-damage|p2a: Krookodile|0 fnt\n|faint|p2a: Krookodile\n|\n|upkeep\n|\n|t:|1683670992\n|switch|p2a: Espathra|Espathra, L50, M|100\/100\n|turn|5\n|\n|t:|1683671004\n|move|p2a: Espathra|Lumina Crash|p1b: Azumarill\n|-damage|p1b: Azumarill|21\/100\n|move|p1b: Azumarill|Liquidation|p2a: Espathra\n|-damage|p2a: Espathra|23\/100\n|-unboost|p2a: Espathra|def|1\n|move|p1a: Mudsdale|High Horsepower|p2a: Espathra|[miss]\n|-miss|p1a: Mudsdale|p2a: Espathra\n|\n|upkeep\n|turn|6\n|\n|t:|1683671016\n|move|p1b: Azumarill|Aqua Jet|p2a: Espathra\n|-damage|p2a: Espathra|0 fnt\n|faint|p2a: Espathra\n|\n|win|Ciq108\n|c|\u2606Ciq108|Ggs\n|c|\u2606Lumaris|Gg\n","uploadtime":1683671024,"views":14,"p1id":"ciq108","p2id":"lumaris","formatid":"gen9vgc2023regulationc","rating":0,"private":0,"password":""}