{"id":"gen9vgc2023regulationc-1854982675","p1":"Jjenkinsp","p2":"Jelliefish","format":"[Gen 9] VGC 2023 Regulation C","log":"|j|\u2606Jjenkinsp\n|j|\u2606Jelliefish\n|t:|1682887603\n|gametype|doubles\n|player|p1|Jjenkinsp|flannery|1169\n|player|p2|Jelliefish|acetrainerf-gen4dp|1195\n|teamsize|p1|6\n|teamsize|p2|6\n|gen|9\n|tier|[Gen 9] VGC 2023 Regulation C\n|rated|\n|rule|Species Clause: Limit one of each Pok\u00e9mon\n|rule|Item Clause: Limit one of each item\n|clearpoke\n|poke|p1|Flutter Mane, L50|\n|poke|p1|Chi-Yu, L50|\n|poke|p1|Chien-Pao, L50|\n|poke|p1|Dragonite, L50, F|\n|poke|p1|Iron Bundle, L50|\n|poke|p1|Torkoal, L50, F|\n|poke|p2|Tauros-Paldea-Aqua, L50, M|\n|poke|p2|Amoonguss, L50, F|\n|poke|p2|Chien-Pao, L50|\n|poke|p2|Gholdengo, L50|\n|poke|p2|Dragapult, L50, F|\n|poke|p2|Corviknight, L50, F|\n|teampreview|4\n|\n|t:|1682887625\n|start\n|switch|p1a: Chi-Yu|Chi-Yu, L50|100\/100\n|switch|p1b: Torkoal|Torkoal, L50, F|100\/100\n|switch|p2a: Up n Running|Tauros-Paldea-Aqua, L50, M|100\/100\n|switch|p2b: Cheese Head|Gholdengo, L50|100\/100\n|-ability|p1a: Chi-Yu|Beads of Ruin\n|-ability|p2a: Up n Running|Intimidate|boost\n|-unboost|p1a: Chi-Yu|atk|1\n|-unboost|p1b: Torkoal|atk|1\n|-weather|SunnyDay|[from] ability: Drought|[of] p1b: Torkoal\n|turn|1\n|\n|t:|1682887670\n|-terastallize|p2b: Cheese Head|Water\n|move|p1a: Chi-Yu|Overheat|p2b: Cheese Head\n|-resisted|p2b: Cheese Head\n|-crit|p2b: Cheese Head\n|-damage|p2b: Cheese Head|0 fnt\n|-unboost|p1a: Chi-Yu|spa|2\n|faint|p2b: Cheese Head\n|move|p2a: Up n Running|Wave Crash|p1a: Chi-Yu\n|-supereffective|p1a: Chi-Yu\n|-damage|p1a: Chi-Yu|24\/100\n|-damage|p2a: Up n Running|80\/100|[from] Recoil\n|move|p1b: Torkoal|Heat Wave|p2a: Up n Running\n|-resisted|p2a: Up n Running\n|-damage|p2a: Up n Running|11\/100\n|\n|-weather|SunnyDay|[upkeep]\n|upkeep\n|\n|t:|1682887693\n|switch|p2b: Timothy|Chien-Pao, L50|100\/100\n|-ability|p2b: Timothy|Sword of Ruin\n|turn|2\n|\n|t:|1682887706\n|move|p2a: Up n Running|Aqua Jet|p1a: Chi-Yu\n|-supereffective|p1a: Chi-Yu\n|-damage|p1a: Chi-Yu|0 fnt\n|faint|p1a: Chi-Yu\n|move|p2b: Timothy|Throat Chop|p1b: Torkoal\n|-damage|p1b: Torkoal|62\/100\n|-start|p1b: Torkoal|Throat Chop|[silent]\n|move|p1b: Torkoal|Eruption|p2a: Up n Running|[spread] p2a,p2b\n|-resisted|p2a: Up n Running\n|-supereffective|p2b: Timothy\n|-damage|p2a: Up n Running|0 fnt\n|-enditem|p2b: Timothy|Focus Sash\n|-damage|p2b: Timothy|1\/100\n|faint|p2a: Up n Running\n|\n|-weather|SunnyDay|[upkeep]\n|upkeep\n|\n|t:|1682887722\n|switch|p2a: Diplocalus|Dragapult, L50, F|100\/100\n|switch|p1a: Dragonite|Dragonite, L50, F|100\/100\n|turn|3\n|\n|t:|1682887744\n|-terastallize|p1a: Dragonite|Normal\n|move|p2b: Timothy|Protect|p2b: Timothy\n|-singleturn|p2b: Timothy|Protect\n|move|p1a: Dragonite|Extreme Speed|p2b: Timothy\n|-activate|p2b: Timothy|move: Protect\n|move|p2a: Diplocalus|Dragon Darts|p1a: Dragonite\n|-damage|p1a: Dragonite|53\/100\n|-anim|p2a: Diplocalus|Dragon Darts|p1b: Torkoal\n|-damage|p1b: Torkoal|25\/100\n|-damage|p2a: Diplocalus|91\/100|[from] item: Life Orb\n|move|p1b: Torkoal|Eruption|p2a: Diplocalus|[spread] p2a\n|-activate|p2b: Timothy|move: Protect\n|-resisted|p2a: Diplocalus\n|-damage|p2a: Diplocalus|77\/100\n|\n|-weather|SunnyDay|[upkeep]\n|-end|p1b: Torkoal|Throat Chop|[silent]\n|upkeep\n|turn|4\n|\n|t:|1682887767\n|move|p1a: Dragonite|Extreme Speed|p2b: Timothy\n|-damage|p2b: Timothy|0 fnt\n|faint|p2b: Timothy\n|move|p2a: Diplocalus|Dragon Darts|p1a: Dragonite\n|-damage|p1a: Dragonite|16\/100\n|-anim|p2a: Diplocalus|Dragon Darts|p1b: Torkoal\n|-damage|p1b: Torkoal|0 fnt\n|faint|p1b: Torkoal\n|-damage|p2a: Diplocalus|68\/100|[from] item: Life Orb\n|\n|-weather|SunnyDay|[upkeep]\n|upkeep\n|\n|t:|1682887779\n|switch|p1b: Flutter Mane|Flutter Mane, L50|100\/100\n|-activate|p1b: Flutter Mane|ability: Protosynthesis\n|-start|p1b: Flutter Mane|protosynthesisspe\n|turn|5\n|\n|t:|1682887789\n|move|p1a: Dragonite|Extreme Speed|p2a: Diplocalus\n|-immune|p2a: Diplocalus\n|move|p1b: Flutter Mane|Moonblast|p2a: Diplocalus\n|-supereffective|p2a: Diplocalus\n|-damage|p2a: Diplocalus|0 fnt\n|faint|p2a: Diplocalus\n|\n|win|Jjenkinsp\n|raw|Jjenkinsp's rating: 1169 → 1196<\/strong> (+27 for winning)\n|raw|Jelliefish's rating: 1195 → 1168<\/strong> (-27 for losing)\n|l|\u2606Jelliefish\n","uploadtime":1682887799,"views":9,"p1id":"jjenkinsp","p2id":"jelliefish","formatid":"gen9vgc2023regulationc","rating":1168,"private":0,"password":""}