{"id":"gen9vgc2023regulationc-1861673869","p1":"Kinacha","p2":"Arcacagne","format":"[Gen 9] VGC 2023 Regulation C","log":"|j|\u2606Kinacha\n|j|\u2606Arcacagne\n|t:|1683792203\n|gametype|doubles\n|player|p1|Kinacha|170|1298\n|player|p2|Arcacagne|266|1395\n|teamsize|p1|6\n|teamsize|p2|6\n|gen|9\n|tier|[Gen 9] VGC 2023 Regulation C\n|rated|\n|rule|Species Clause: Limit one of each Pok\u00e9mon\n|rule|Item Clause: Limit one of each item\n|clearpoke\n|poke|p1|Kilowattrel, L50, M|\n|poke|p1|Talonflame, L50, F|\n|poke|p1|Dragalge, L50, M|\n|poke|p1|Baxcalibur, L50, F|\n|poke|p1|Flutter Mane, L50|\n|poke|p1|Chi-Yu, L50|\n|poke|p2|Chi-Yu, L50|\n|poke|p2|Flutter Mane, L50|\n|poke|p2|Amoonguss, L50, F|\n|poke|p2|Ting-Lu, L50|\n|poke|p2|Iron Hands, L50|\n|poke|p2|Gyarados, L50, F|\n|teampreview|4\n|\n|t:|1683792232\n|start\n|switch|p1a: Talonflame|Talonflame, L50, F|100\/100\n|switch|p1b: Kilowattrel|Kilowattrel, L50, M|100\/100\n|switch|p2a: Chi-Yu|Chi-Yu, L50|100\/100\n|switch|p2b: Iron Hands|Iron Hands, L50|100\/100\n|-ability|p2a: Chi-Yu|Beads of Ruin\n|turn|1\n|inactive|Battle timer is ON: inactive players will automatically lose when time's up. (requested by Arcacagne)\n|\n|t:|1683792261\n|move|p2b: Iron Hands|Fake Out|p1a: Talonflame\n|-damage|p1a: Talonflame|80\/100\n|-enditem|p1a: Talonflame|Red Card|[of] p2b: Iron Hands\n|-end|p2b: Iron Hands|Quark Drive|[silent]\n|drag|p2b: Amoonguss|Amoonguss, L50, F|100\/100\n|cant|p1a: Talonflame|flinch\n|move|p1b: Kilowattrel|Electro Ball|p2a: Chi-Yu\n|-damage|p2a: Chi-Yu|57\/100\n|move|p2a: Chi-Yu|Nasty Plot|p2a: Chi-Yu\n|-boost|p2a: Chi-Yu|spa|2\n|\n|upkeep\n|turn|2\n|inactive|Kinacha has 30 seconds left.\n|inactive|Kinacha has 20 seconds left.\n|\n|t:|1683792298\n|-terastallize|p1b: Kilowattrel|Electric\n|-terastallize|p2b: Amoonguss|Water\n|move|p2b: Amoonguss|Rage Powder|p2b: Amoonguss\n|-singleturn|p2b: Amoonguss|move: Rage Powder\n|move|p1a: Talonflame|Tailwind|p1a: Talonflame\n|-sidestart|p1: Kinacha|move: Tailwind\n|-start|p1b: Kilowattrel|Charge|Tailwind|[from] ability: Wind Power\n|move|p1b: Kilowattrel|Electro Ball|p2b: Amoonguss\n|-supereffective|p2b: Amoonguss\n|-damage|p2b: Amoonguss|0 fnt\n|faint|p2b: Amoonguss\n|-end|p1b: Kilowattrel|Charge|[silent]\n|move|p2a: Chi-Yu|Heat Wave|p1a: Talonflame|[spread] p1a,p1b\n|-resisted|p1a: Talonflame\n|-damage|p1a: Talonflame|4\/100\n|-damage|p1b: Kilowattrel|0 fnt\n|faint|p1b: Kilowattrel\n|\n|upkeep\n|inactive|Arcacagne has 30 seconds left.\n|\n|t:|1683792324\n|switch|p1b: Baxcalibur|Baxcalibur, L50, F|100\/100\n|switch|p2b: Iron Hands|Iron Hands, L50|100\/100\n|turn|3\n|\n|t:|1683792340\n|move|p2b: Iron Hands|Fake Out|p1a: Talonflame\n|-damage|p1a: Talonflame|0 fnt\n|faint|p1a: Talonflame\n|move|p1b: Baxcalibur|Glaive Rush|p2a: Chi-Yu\n|-damage|p2a: Chi-Yu|0 fnt\n|-singlemove|p1b: Baxcalibur|Glaive Rush|[silent]\n|faint|p2a: Chi-Yu\n|\n|upkeep\n|\n|t:|1683792348\n|switch|p1a: Chi-Yu|Chi-Yu, L50|100\/100\n|switch|p2a: Gyarados|Gyarados, L50, F|100\/100\n|-ability|p1a: Chi-Yu|Beads of Ruin\n|-ability|p2a: Gyarados|Intimidate|boost\n|-unboost|p1a: Chi-Yu|atk|1\n|-unboost|p1b: Baxcalibur|atk|1\n|turn|4\n|\n|t:|1683792372\n|move|p1a: Chi-Yu|Psychic|p2b: Iron Hands\n|-supereffective|p2b: Iron Hands\n|-damage|p2b: Iron Hands|47\/100\n|move|p1b: Baxcalibur|Glaive Rush|p2b: Iron Hands\n|-damage|p2b: Iron Hands|2\/100\n|-singlemove|p1b: Baxcalibur|Glaive Rush|[silent]\n|move|p2a: Gyarados|Thunder Wave|p1b: Baxcalibur\n|-status|p1b: Baxcalibur|par\n|move|p2b: Iron Hands|Swords Dance|p2b: Iron Hands\n|-boost|p2b: Iron Hands|atk|2\n|\n|upkeep\n|turn|5\n|\n|t:|1683792393\n|move|p1a: Chi-Yu|Dark Pulse|p2a: Gyarados\n|-damage|p2a: Gyarados|60\/100\n|move|p1b: Baxcalibur|Glaive Rush|p2b: Iron Hands\n|-damage|p2b: Iron Hands|0 fnt\n|-singlemove|p1b: Baxcalibur|Glaive Rush|[silent]\n|faint|p2b: Iron Hands\n|-end|p2b: Iron Hands|Quark Drive|[silent]\n|move|p2a: Gyarados|Waterfall|p1a: Chi-Yu\n|-supereffective|p1a: Chi-Yu\n|-enditem|p1a: Chi-Yu|Focus Sash\n|-damage|p1a: Chi-Yu|1\/100\n|\n|-sideend|p1: Kinacha|move: Tailwind\n|upkeep\n|turn|6\n|\n|t:|1683792410\n|move|p1a: Chi-Yu|Dark Pulse|p2a: Gyarados\n|-damage|p2a: Gyarados|19\/100\n|move|p2a: Gyarados|Waterfall|p1a: Chi-Yu\n|-supereffective|p1a: Chi-Yu\n|-damage|p1a: Chi-Yu|0 fnt\n|faint|p1a: Chi-Yu\n|move|p1b: Baxcalibur|Glaive Rush|p2a: Gyarados\n|-damage|p2a: Gyarados|0 fnt\n|-singlemove|p1b: Baxcalibur|Glaive Rush|[silent]\n|faint|p2a: Gyarados\n|\n|win|Kinacha\n|raw|Kinacha's rating: 1298 → 1330<\/strong> (+32 for winning)\n|raw|Arcacagne's rating: 1395 → 1370<\/strong> (-25 for losing)\n","uploadtime":1683792425,"views":19,"p1id":"kinacha","p2id":"arcacagne","formatid":"gen9vgc2023regulationc","rating":1330,"private":0,"password":""}