{"id":"gen9vgc2023regulationc-1852845550","p1":"playroughbulu","p2":"knight8512","format":"[Gen 9] VGC 2023 Regulation C","log":"|j|\u2606playroughbulu\n|j|\u2606knight8512\n|t:|1682611124\n|gametype|doubles\n|player|p1|playroughbulu|n-masters|1223\n|player|p2|knight8512|boarder|1260\n|teamsize|p1|6\n|teamsize|p2|6\n|gen|9\n|tier|[Gen 9] VGC 2023 Regulation C\n|rated|\n|rule|Species Clause: Limit one of each Pok\u00e9mon\n|rule|Item Clause: Limit one of each item\n|clearpoke\n|poke|p1|Iron Bundle, L50|\n|poke|p1|Farigiraf, L50, M|\n|poke|p1|Talonflame, L50, M|\n|poke|p1|Wo-Chien, L50|\n|poke|p1|Chi-Yu, L50|\n|poke|p1|Flutter Mane, L50|\n|poke|p2|Baxcalibur, L50, M|\n|poke|p2|Flutter Mane, L50|\n|poke|p2|Chi-Yu, L50|\n|poke|p2|Gyarados, L50, M|\n|poke|p2|Ting-Lu, L50|\n|poke|p2|Amoonguss, L50, M|\n|teampreview|4\nplayroughbulu has agreed to open team sheets.\n|inactive|Battle timer is ON: inactive players will automatically lose when time's up. (requested by knight8512)\n|\n|t:|1682611219\n|start\n|switch|p1a: Iron Bundle|Iron Bundle, L50|100\/100\n|switch|p1b: Flutter Mane|Flutter Mane, L50|100\/100\n|switch|p2a: Baxcalibur|Baxcalibur, L50, M|100\/100\n|switch|p2b: Ting-Lu|Ting-Lu, L50|100\/100\n|-ability|p2b: Ting-Lu|Vessel of Ruin\n|-enditem|p1b: Flutter Mane|Booster Energy\n|-activate|p1b: Flutter Mane|ability: Protosynthesis|[fromitem]\n|-start|p1b: Flutter Mane|protosynthesisspa\n|turn|1\n|inactive|knight8512 has 30 seconds left.\n|\n|t:|1682611252\n|move|p1b: Flutter Mane|Protect|p1b: Flutter Mane\n|-singleturn|p1b: Flutter Mane|Protect\n|move|p2a: Baxcalibur|Protect|p2a: Baxcalibur\n|-singleturn|p2a: Baxcalibur|Protect\n|move|p1a: Iron Bundle|Freeze-Dry|p2a: Baxcalibur\n|-activate|p2a: Baxcalibur|move: Protect\n|move|p2b: Ting-Lu|Heavy Slam|p1b: Flutter Mane\n|-activate|p1b: Flutter Mane|move: Protect\n|\n|upkeep\n|turn|2\n|\n|t:|1682611277\n|switch|p2a: Amoonguss|Amoonguss, L50, M, shiny|100\/100\n|move|p1a: Iron Bundle|Hydro Pump|p2b: Ting-Lu|[miss]\n|-miss|p1a: Iron Bundle|p2b: Ting-Lu\n|move|p1b: Flutter Mane|Dazzling Gleam|p2b: Ting-Lu|[spread] p2a,p2b\n|-resisted|p2a: Amoonguss\n|-supereffective|p2b: Ting-Lu\n|-damage|p2a: Amoonguss|88\/100\n|-damage|p2b: Ting-Lu|73\/100\n|move|p2b: Ting-Lu|Heavy Slam|p1b: Flutter Mane\n|-supereffective|p1b: Flutter Mane\n|-damage|p1b: Flutter Mane|0 fnt\n|faint|p1b: Flutter Mane\n|-end|p1b: Flutter Mane|Protosynthesis|[silent]\n|\n|upkeep\n|\n|t:|1682611289\n|switch|p1b: Chi-Yu|Chi-Yu, L50|100\/100\n|-ability|p1b: Chi-Yu|Beads of Ruin\n|turn|3\n|\n|t:|1682611310\n|switch|p1b: Wo-Chien|Wo-Chien, L50|100\/100\n|-ability|p1b: Wo-Chien|Tablets of Ruin\n|move|p2a: Amoonguss|Protect|p2a: Amoonguss\n|-singleturn|p2a: Amoonguss|Protect\n|move|p1a: Iron Bundle|Hydro Pump|p2b: Ting-Lu\n|-supereffective|p2b: Ting-Lu\n|-damage|p2b: Ting-Lu|41\/100\n|move|p2b: Ting-Lu|Stomping Tantrum|p1b: Wo-Chien\n|-resisted|p1b: Wo-Chien\n|-damage|p1b: Wo-Chien|91\/100\n|\n|-heal|p1b: Wo-Chien|97\/100|[from] item: Leftovers\n|upkeep\n|turn|4\n|inactive|playroughbulu has 30 seconds left.\n|\n|t:|1682611339\n|move|p1a: Iron Bundle|Hydro Pump|p2b: Ting-Lu\n|-supereffective|p2b: Ting-Lu\n|-damage|p2b: Ting-Lu|9\/100\n|move|p1b: Wo-Chien|Pollen Puff|p1a: Iron Bundle\n|-immune|p1a: Iron Bundle\n|move|p2b: Ting-Lu|Fissure|p1b: Wo-Chien\n|-damage|p1b: Wo-Chien|0 fnt\n|faint|p1b: Wo-Chien\n|-ohko\n|move|p2a: Amoonguss|Spore|p1a: Iron Bundle\n|-activate|p1a: Iron Bundle|item: Safety Goggles|Spore\n|\n|upkeep\n|\n|t:|1682611349\n|switch|p1b: Chi-Yu|Chi-Yu, L50|100\/100\n|-ability|p1b: Chi-Yu|Beads of Ruin\n|turn|5\n|c|\u2606knight8512|Funny button lol\n|c|\u2606playroughbulu|Ok\n|inactive|knight8512 has 30 seconds left.\n|\n|t:|1682611382\n|switch|p2a: Baxcalibur|Baxcalibur, L50, M|100\/100\n|move|p1a: Iron Bundle|Freeze-Dry|p2a: Baxcalibur\n|-damage|p2a: Baxcalibur|69\/100\n|move|p1b: Chi-Yu|Heat Wave|p2a: Baxcalibur|[spread] p2a,p2b\n|-damage|p2a: Baxcalibur|29\/100\n|-damage|p2b: Ting-Lu|0 fnt\n|-ability|p2a: Baxcalibur|Thermal Exchange|boost\n|-boost|p2a: Baxcalibur|atk|1\n|faint|p2b: Ting-Lu\n|\n|upkeep\n|\n|t:|1682611399\n|switch|p2b: Flutter Mane|Flutter Mane, L50|100\/100\n|-enditem|p2b: Flutter Mane|Booster Energy\n|-activate|p2b: Flutter Mane|ability: Protosynthesis|[fromitem]\n|-start|p2b: Flutter Mane|protosynthesisspe\n|turn|6\n|inactive|playroughbulu has 30 seconds left.\n|\n|t:|1682611431\n|-terastallize|p2a: Baxcalibur|Water\n|move|p1a: Iron Bundle|Protect|p1a: Iron Bundle\n|-singleturn|p1a: Iron Bundle|Protect\n|move|p2a: Baxcalibur|Protect|p2a: Baxcalibur\n|-singleturn|p2a: Baxcalibur|Protect\n|move|p2b: Flutter Mane|Dazzling Gleam|p1b: Chi-Yu|[spread] p1b\n|-activate|p1a: Iron Bundle|move: Protect\n|-damage|p1b: Chi-Yu|74\/100\n|move|p1b: Chi-Yu|Heat Wave|p2b: Flutter Mane|[spread] p2b\n|-activate|p2a: Baxcalibur|move: Protect\n|-damage|p2b: Flutter Mane|42\/100\n|\n|upkeep\n|turn|7\n|c|\u2606playroughbulu|Why tera and protect?\n|inactive|knight8512 has 30 seconds left.\n|\n|t:|1682611464\n|move|p2a: Baxcalibur|Ice Shard|p1a: Iron Bundle\n|-resisted|p1a: Iron Bundle\n|-damage|p1a: Iron Bundle|90\/100\n|move|p2b: Flutter Mane|Moonblast|p1b: Chi-Yu\n|-damage|p1b: Chi-Yu|32\/100\n|-unboost|p1b: Chi-Yu|spa|1\n|move|p1a: Iron Bundle|Freeze-Dry|p2a: Baxcalibur\n|-supereffective|p2a: Baxcalibur\n|-damage|p2a: Baxcalibur|0 fnt\n|faint|p2a: Baxcalibur\n|move|p1b: Chi-Yu|Heat Wave|p2b: Flutter Mane\n|-damage|p2b: Flutter Mane|0 fnt\n|faint|p2b: Flutter Mane\n|-end|p2b: Flutter Mane|Protosynthesis|[silent]\n|\n|upkeep\n|c|\u2606knight8512|Not sure\n|inactive|knight8512 has 30 seconds left.\n|c|\u2606knight8512|Still learng battling\n|\n|t:|1682611495\n|switch|p2b: Amoonguss|Amoonguss, L50, M, shiny|100\/100\n|turn|8\n|c|\u2606knight8512|Av on yourchi yu?\n|\n|t:|1682611514\n|move|p1a: Iron Bundle|Freeze-Dry|p2b: Amoonguss\n|-supereffective|p2b: Amoonguss\n|-damage|p2b: Amoonguss|29\/100\n|-enditem|p2b: Amoonguss|Sitrus Berry|[eat]\n|-heal|p2b: Amoonguss|54\/100|[from] item: Sitrus Berry\n|move|p1b: Chi-Yu|Heat Wave|p2b: Amoonguss\n|-supereffective|p2b: Amoonguss\n|-damage|p2b: Amoonguss|0 fnt\n|faint|p2b: Amoonguss\n|\n|win|playroughbulu\n|raw|playroughbulu's rating: 1223 → 1251<\/strong> (+28 for winning)\n|raw|knight8512's rating: 1260 → 1232<\/strong> (-28 for losing)\n|c|\u2606playroughbulu|Specs\n|c|\u2606playroughbulu|Gg\n|c|\u2606knight8512|Ggs\n","uploadtime":1682611536,"views":7,"p1id":"playroughbulu","p2id":"knight8512","formatid":"gen9vgc2023regulationc","rating":1232,"private":0,"password":""}