{"id":"gen9vgc2023regulationc-1846427426","p1":"Paladin Dawn","p2":"charlie0301","format":"[Gen 9] VGC 2023 Regulation C","log":"|j|\u2606Paladin Dawn\n|j|\u2606charlie0301\n|t:|1681840017\n|gametype|doubles\n|player|p1|Paladin Dawn|guitarist|\n|player|p2|charlie0301|265|\n|teamsize|p1|6\n|teamsize|p2|6\n|gen|9\n|tier|[Gen 9] VGC 2023 Regulation C\n|rule|Species Clause: Limit one of each Pok\u00e9mon\n|rule|Item Clause: Limit one of each item\n|clearpoke\n|poke|p1|Flutter Mane, L50|\n|poke|p1|Baxcalibur, L50, M|\n|poke|p1|Ting-Lu, L50|\n|poke|p1|Amoonguss, L50, F|\n|poke|p1|Arcanine, L50, F|\n|poke|p1|Palafin, L50, F|\n|poke|p2|Ting-Lu, L50|\n|poke|p2|Gothitelle, L50, F|\n|poke|p2|Flutter Mane, L50|\n|poke|p2|Amoonguss, L50, F|\n|poke|p2|Iron Hands, L50|\n|poke|p2|Arcanine, L50, M|\n|teampreview|4\n|inactive|Battle timer is ON: inactive players will automatically lose when time's up. (requested by charlie0301)\n|inactiveoff|Battle timer is now OFF.\ncharlie0301 has agreed to open team sheets.\nPaladin Dawn has agreed to open team sheets.\n|\n|t:|1681840085\n|start\n|switch|p1a: Flutter Mane|Flutter Mane, L50|100\/100\n|switch|p1b: Amoonguss|Amoonguss, L50, F|100\/100\n|switch|p2a: Void Fiend|Flutter Mane, L50|100\/100\n|switch|p2b: Rex|Ting-Lu, L50|100\/100\n|-ability|p2b: Rex|Vessel of Ruin\n|turn|1\n|\n|t:|1681840123\n|-end|p1a: Flutter Mane|Protosynthesis|[silent]\n|switch|p1a: Arcanine|Arcanine, L50, F, shiny|100\/100\n|-ability|p1a: Arcanine|Intimidate|boost\n|-unboost|p2a: Void Fiend|atk|1\n|-unboost|p2b: Rex|atk|1\n|switch|p2b: Engineer|Amoonguss, L50, F|100\/100\n|move|p2a: Void Fiend|Protect|p2a: Void Fiend\n|-singleturn|p2a: Void Fiend|Protect\n|move|p1b: Amoonguss|Spore|p2a: Void Fiend\n|-activate|p2a: Void Fiend|move: Protect\n|\n|upkeep\n|turn|2\n|\n|t:|1681840174\n|switch|p2b: Artificer|Gothitelle, L50, F|100\/100\n|move|p2a: Void Fiend|Perish Song|p2a: Void Fiend\n|-start|p1a: Arcanine|perish3|[silent]\n|-start|p1b: Amoonguss|perish3|[silent]\n|-start|p2a: Void Fiend|perish3|[silent]\n|-start|p2b: Artificer|perish3|[silent]\n|-fieldactivate|move: Perish Song\n|move|p1a: Arcanine|Flare Blitz|p2b: Artificer\n|-damage|p2b: Artificer|51\/100\n|-damage|p1a: Arcanine|86\/100|[from] Recoil\n|move|p1b: Amoonguss|Spore|p2a: Void Fiend\n|-status|p2a: Void Fiend|slp|[from] move: Spore\n|\n|-start|p2a: Void Fiend|perish3\n|-start|p1a: Arcanine|perish3\n|-start|p2b: Artificer|perish3\n|-start|p1b: Amoonguss|perish3\n|upkeep\n|turn|3\n|\n|t:|1681840230\n|move|p2b: Artificer|Fake Out|p1a: Arcanine\n|-damage|p1a: Arcanine|80\/100\n|cant|p2a: Void Fiend|slp\n|cant|p1a: Arcanine|flinch\n|move|p1b: Amoonguss|Pollen Puff|p2b: Artificer\n|-supereffective|p2b: Artificer\n|-damage|p2b: Artificer|21\/100\n|-enditem|p2b: Artificer|Sitrus Berry|[eat]\n|-heal|p2b: Artificer|46\/100|[from] item: Sitrus Berry\n|\n|-start|p2a: Void Fiend|perish2\n|-start|p1a: Arcanine|perish2\n|-start|p2b: Artificer|perish2\n|-start|p1b: Amoonguss|perish2\n|upkeep\n|turn|4\n|\n|t:|1681840256\n|-end|p2a: Void Fiend|Protosynthesis|[silent]\n|switch|p2a: Engineer|Amoonguss, L50, F|100\/100\n|move|p2b: Artificer|Protect|p2b: Artificer\n|-singleturn|p2b: Artificer|Protect\n|move|p1a: Arcanine|Flare Blitz|p2a: Engineer\n|-supereffective|p2a: Engineer\n|-damage|p2a: Engineer|12\/100\n|-damage|p1a: Arcanine|64\/100|[from] item: Rocky Helmet|[of] p2a: Engineer\n|-damage|p1a: Arcanine|31\/100|[from] Recoil\n|move|p1b: Amoonguss|Pollen Puff|p2a: Engineer\n|-damage|p2a: Engineer|0 fnt\n|faint|p2a: Engineer\n|\n|-start|p1a: Arcanine|perish1\n|-start|p2b: Artificer|perish1\n|-start|p1b: Amoonguss|perish1\n|upkeep\n|\n|t:|1681840290\n|switch|p2a: Void Fiend|Flutter Mane, L50|100\/100 slp\n|turn|5\n|\n|t:|1681840320\n|-curestatus|p2a: Void Fiend|slp|[msg]\n|move|p2a: Void Fiend|Protect|p2a: Void Fiend\n|-singleturn|p2a: Void Fiend|Protect\n|move|p2b: Artificer|Protect|p2b: Artificer\n|-singleturn|p2b: Artificer|Protect\n|move|p1a: Arcanine|Flare Blitz|p2a: Void Fiend\n|-activate|p2a: Void Fiend|move: Protect\n|move|p1b: Amoonguss|Pollen Puff|p2a: Void Fiend\n|-activate|p2a: Void Fiend|move: Protect\n|\n|-start|p1a: Arcanine|perish0\n|-start|p2b: Artificer|perish0\n|-start|p1b: Amoonguss|perish0\n|faint|p1a: Arcanine\n|faint|p2b: Artificer\n|faint|p1b: Amoonguss\n|upkeep\n|\n|t:|1681840335\n|switch|p1a: Flutter Mane|Flutter Mane, L50|100\/100\n|switch|p2b: Rex|Ting-Lu, L50|100\/100\n|switch|p1b: Baxcalibur|Baxcalibur, L50, M|100\/100\n|-ability|p2b: Rex|Vessel of Ruin\n|turn|6\n|\n|t:|1681840376\n|-terastallize|p1a: Flutter Mane|Water\n|-terastallize|p2b: Rex|Water\n|move|p2a: Void Fiend|Protect||[still]\n|-fail|p2a: Void Fiend\n|move|p1b: Baxcalibur|Ice Shard|p2a: Void Fiend\n|-crit|p2a: Void Fiend\n|-damage|p2a: Void Fiend|17\/100\n|move|p1a: Flutter Mane|Shadow Ball|p2a: Void Fiend\n|-supereffective|p2a: Void Fiend\n|-damage|p2a: Void Fiend|0 fnt\n|faint|p2a: Void Fiend\n|-end|p2a: Void Fiend|Protosynthesis|[silent]\n|move|p2b: Rex|Heavy Slam|p1a: Flutter Mane\n|-resisted|p1a: Flutter Mane\n|-damage|p1a: Flutter Mane|72\/100\n|\n|upkeep\n|turn|7\n|\n|t:|1681840394\n|move|p1a: Flutter Mane|Shadow Ball|p2b: Rex\n|-crit|p2b: Rex\n|-damage|p2b: Rex|49\/100\n|-unboost|p2b: Rex|spd|1\n|move|p1b: Baxcalibur|Glaive Rush|p2b: Rex\n|-damage|p2b: Rex|5\/100\n|-singlemove|p1b: Baxcalibur|Glaive Rush|[silent]\n|move|p2b: Rex|Heavy Slam|p1b: Baxcalibur\n|-supereffective|p1b: Baxcalibur\n|-damage|p1b: Baxcalibur|14\/100\n|\n|-heal|p2b: Rex|11\/100|[from] item: Leftovers\n|upkeep\n|turn|8\n|\n|t:|1681840407\n|move|p2b: Rex|Protect|p2b: Rex\n|-singleturn|p2b: Rex|Protect\n|move|p1b: Baxcalibur|Ice Shard|p2b: Rex\n|-activate|p2b: Rex|move: Protect\n|move|p1a: Flutter Mane|Shadow Ball|p2b: Rex\n|-activate|p2b: Rex|move: Protect\n|\n|-heal|p2b: Rex|17\/100|[from] item: Leftovers\n|upkeep\n|turn|9\n|\n|t:|1681840421\n|move|p1b: Baxcalibur|Ice Shard|p2b: Rex\n|-resisted|p2b: Rex\n|-damage|p2b: Rex|9\/100\n|move|p1a: Flutter Mane|Shadow Ball|p2b: Rex\n|-damage|p2b: Rex|0 fnt\n|faint|p2b: Rex\n|\n|win|Paladin Dawn\n|l|\u2606charlie0301\n","uploadtime":1681840431,"views":11,"p1id":"paladindawn","p2id":"charlie0301","formatid":"gen9vgc2023regulationc","rating":0,"private":0,"password":""}