{"id":"gen9vgc2023regulationc-1857112724","p1":"foxyman52","p2":"BIGHAXORUSFAN147","format":"[Gen 9] VGC 2023 Regulation C","log":"|j|\u2606foxyman52\n|j|\u2606BIGHAXORUSFAN147\n|t:|1683147047\n|gametype|doubles\n|player|p1|foxyman52|2|1399\n|player|p2|BIGHAXORUSFAN147|grimsley-masters|1440\n|teamsize|p1|6\n|teamsize|p2|6\n|gen|9\n|tier|[Gen 9] VGC 2023 Regulation C\n|rated|\n|rule|Species Clause: Limit one of each Pok\u00e9mon\n|rule|Item Clause: Limit one of each item\n|clearpoke\n|poke|p1|Vaporeon, L50, M|\n|poke|p1|Ting-Lu, L50|\n|poke|p1|Iron Bundle, L50|\n|poke|p1|Ceruledge, L50, M|\n|poke|p1|Gholdengo, L50|\n|poke|p1|Dragonite, L50, F|\n|poke|p2|Chien-Pao, L50|\n|poke|p2|Palafin, L50, M|\n|poke|p2|Dragonite, L50, F|\n|poke|p2|Amoonguss, L50, M|\n|poke|p2|Arcanine, L50, M|\n|poke|p2|Flutter Mane, L50|\n|teampreview|4\n|inactive|Battle timer is ON: inactive players will automatically lose when time's up. (requested by foxyman52)\nBIGHAXORUSFAN147 has agreed to open team sheets.\nfoxyman52 has agreed to open team sheets.\n|inactive|BIGHAXORUSFAN147 has 60 seconds left.\n|\n|t:|1683147102\n|start\n|switch|p1a: Dragonite|Dragonite, L50, F|100\/100\n|switch|p1b: Ting-Lu|Ting-Lu, L50|100\/100\n|switch|p2a: Evan|Amoonguss, L50, M|100\/100\n|switch|p2b: Adam|Arcanine, L50, M|100\/100\n|-ability|p2b: Adam|Intimidate|boost\n|-unboost|p1a: Dragonite|atk|1\n|-unboost|p1b: Ting-Lu|atk|1\n|-ability|p1b: Ting-Lu|Vessel of Ruin\n|turn|1\n|\n|t:|1683147123\n|switch|p1b: Gholdengo|Gholdengo, L50|100\/100\n|-item|p1b: Gholdengo|Air Balloon\n|move|p1a: Dragonite|Tailwind|p1a: Dragonite\n|-sidestart|p1: foxyman52|move: Tailwind\n|move|p2b: Adam|Will-O-Wisp|p1a: Dragonite\n|-status|p1a: Dragonite|brn\n|move|p2a: Evan|Spore|p1b: Gholdengo\n|-immune|p1b: Gholdengo|[from] ability: Good as Gold\n|\n|-damage|p1a: Dragonite|95\/100 brn|[from] brn\n|upkeep\n|turn|2\n|inactive|foxyman52 has 30 seconds left.\n|j| Hellfighters\n|inactive|foxyman52 has 20 seconds left.\n|inactive|foxyman52 has 15 seconds left.\n|inactive|foxyman52 has 10 seconds left.\n|inactive|foxyman52 has 5 seconds left.\n|\n|t:|1683147174\n|switch|p1b: Ceruledge|Ceruledge, L50, M|100\/100\n|move|p2a: Evan|Protect|p2a: Evan\n|-singleturn|p2a: Evan|Protect\n|move|p1a: Dragonite|Ice Spinner|p2b: Adam\n|-resisted|p2b: Adam\n|-crit|p2b: Adam\n|-damage|p2b: Adam|88\/100\n|move|p2b: Adam|Flare Blitz|p1b: Ceruledge\n|-start|p1b: Ceruledge|ability: Flash Fire\n|\n|-damage|p1a: Dragonite|89\/100 brn|[from] brn\n|upkeep\n|turn|3\n|l| Hellfighters\n|\n|t:|1683147198\n|-terastallize|p1b: Ceruledge|Grass\n|-terastallize|p2a: Evan|Water\n|move|p2b: Adam|Protect|p2b: Adam\n|-singleturn|p2b: Adam|Protect\n|move|p1a: Dragonite|Ice Spinner|p2a: Evan\n|-resisted|p2a: Evan\n|-damage|p2a: Evan|96\/100\n|move|p1b: Ceruledge|Bitter Blade|p2a: Evan\n|-resisted|p2a: Evan\n|-damage|p2a: Evan|59\/100\n|-damage|p1b: Ceruledge|91\/100|[from] item: Life Orb\n|move|p2a: Evan|Spore|p1b: Ceruledge\n|-immune|p1b: Ceruledge\n|\n|-damage|p1a: Dragonite|83\/100 brn|[from] brn\n|upkeep\n|turn|4\n|\n|t:|1683147221\n|switch|p2b: Avery|Dragonite, L50, F, shiny|100\/100\n|move|p2a: Evan|Protect|p2a: Evan\n|-singleturn|p2a: Evan|Protect\n|move|p1a: Dragonite|Extreme Speed|p2b: Avery\n|-damage|p2b: Avery|95\/100\n|move|p1b: Ceruledge|Bitter Blade|p2b: Avery\n|-resisted|p2b: Avery\n|-damage|p2b: Avery|47\/100\n|-heal|p1b: Ceruledge|100\/100|[from] drain|[of] p2b: Avery\n|-damage|p1b: Ceruledge|91\/100|[from] item: Life Orb\n|\n|-damage|p1a: Dragonite|77\/100 brn|[from] brn\n|-sideend|p1: foxyman52|move: Tailwind\n|upkeep\n|turn|5\n|inactive|foxyman52 has 30 seconds left.\n|inactive|BIGHAXORUSFAN147 has 30 seconds left.\n|\n|t:|1683147249\n|switch|p2b: Adam|Arcanine, L50, M|88\/100\n|-ability|p2b: Adam|Intimidate|boost\n|-unboost|p1a: Dragonite|atk|1\n|-unboost|p1b: Ceruledge|atk|1\n|move|p1a: Dragonite|Extreme Speed|p2b: Adam\n|-damage|p2b: Adam|80\/100\n|move|p1b: Ceruledge|Bitter Blade|p2b: Adam\n|-resisted|p2b: Adam\n|-damage|p2b: Adam|46\/100\n|-heal|p1b: Ceruledge|100\/100|[from] drain|[of] p2b: Adam\n|-damage|p1b: Ceruledge|91\/100|[from] item: Life Orb\n|move|p2a: Evan|Pollen Puff|p1b: Ceruledge\n|-supereffective|p1b: Ceruledge\n|-damage|p1b: Ceruledge|50\/100\n|\n|-damage|p1a: Dragonite|71\/100 brn|[from] brn\n|upkeep\n|turn|6\n|inactive|foxyman52 has 30 seconds left.\n|inactive|BIGHAXORUSFAN147 has 30 seconds left.\n|inactive|foxyman52 has 20 seconds left.\n|inactive|BIGHAXORUSFAN147 has 20 seconds left.\n|inactive|foxyman52 has 15 seconds left.\n|inactive|BIGHAXORUSFAN147 has 15 seconds left.\n|\n|t:|1683147292\n|-end|p1b: Ceruledge|ability: Flash Fire|[silent]\n|switch|p1b: Ting-Lu|Ting-Lu, L50|100\/100\n|-ability|p1b: Ting-Lu|Vessel of Ruin\n|move|p2b: Adam|Protect|p2b: Adam\n|-singleturn|p2b: Adam|Protect\n|move|p1a: Dragonite|Tailwind|p1a: Dragonite\n|-sidestart|p1: foxyman52|move: Tailwind\n|move|p2a: Evan|Pollen Puff|p1b: Ting-Lu\n|-supereffective|p1b: Ting-Lu\n|-damage|p1b: Ting-Lu|86\/100\n|\n|-damage|p1a: Dragonite|65\/100 brn|[from] brn\n|upkeep\n|turn|7\n|inactive|foxyman52 has 30 seconds left.\n|\n|t:|1683147320\n|switch|p1a: Gholdengo|Gholdengo, L50|100\/100\n|-item|p1a: Gholdengo|Air Balloon\n|move|p2a: Evan|Protect|p2a: Evan\n|-singleturn|p2a: Evan|Protect\n|move|p1b: Ting-Lu|Earthquake|p2b: Adam|[spread] p2b\n|-activate|p2a: Evan|move: Protect\n|-immune|p1a: Gholdengo\n|-supereffective|p2b: Adam\n|-damage|p2b: Adam|0 fnt\n|faint|p2b: Adam\n|\n|upkeep\n|\n|t:|1683147331\n|switch|p2b: Avery|Dragonite, L50, F, shiny|47\/100\n|turn|8\n|inactive|BIGHAXORUSFAN147 has 30 seconds left.\n|\n|t:|1683147359\n|move|p1a: Gholdengo|Protect|p1a: Gholdengo\n|-singleturn|p1a: Gholdengo|Protect\n|move|p1b: Ting-Lu|Ruination|p2b: Avery\n|-damage|p2b: Avery|24\/100\n|move|p2b: Avery|Iron Head|p1a: Gholdengo\n|-activate|p1a: Gholdengo|move: Protect\n|move|p2a: Evan|Spore|p1b: Ting-Lu\n|-status|p1b: Ting-Lu|slp|[from] move: Spore\n|\n|upkeep\n|turn|9\n|inactive|foxyman52 has 30 seconds left.\n|\n|t:|1683147387\n|move|p1a: Gholdengo|Thunderbolt|p2b: Avery\n|-damage|p2b: Avery|6\/100\n|cant|p1b: Ting-Lu|slp\n|move|p2b: Avery|Iron Head|p1a: Gholdengo\n|-resisted|p1a: Gholdengo\n|-damage|p1a: Gholdengo|84\/100\n|-enditem|p1a: Gholdengo|Air Balloon\n|move|p2a: Evan|Pollen Puff|p2b: Avery\n|-heal|p2b: Avery|55\/100\n|\n|-sideend|p1: foxyman52|move: Tailwind\n|upkeep\n|turn|10\n|\n|t:|1683147411\n|move|p2a: Evan|Protect|p2a: Evan\n|-singleturn|p2a: Evan|Protect\n|move|p1a: Gholdengo|Thunderbolt|p2a: Evan\n|-activate|p2a: Evan|move: Protect\n|move|p2b: Avery|Stomping Tantrum|p1a: Gholdengo\n|-supereffective|p1a: Gholdengo\n|-damage|p1a: Gholdengo|18\/100\n|cant|p1b: Ting-Lu|slp\n|\n|upkeep\n|turn|11\n|inactive|foxyman52 has 30 seconds left.\n|\n|t:|1683147437\n|move|p1a: Gholdengo|Thunderbolt|p2a: Evan\n|-supereffective|p2a: Evan\n|-damage|p2a: Evan|15\/100\n|-enditem|p2a: Evan|Sitrus Berry|[eat]\n|-heal|p2a: Evan|40\/100|[from] item: Sitrus Berry\n|move|p2b: Avery|Stomping Tantrum|p1a: Gholdengo\n|-supereffective|p1a: Gholdengo\n|-damage|p1a: Gholdengo|0 fnt\n|faint|p1a: Gholdengo\n|-curestatus|p1b: Ting-Lu|slp|[msg]\n|move|p1b: Ting-Lu|Earthquake|p2b: Avery|[spread] p2a\n|-immune|p2b: Avery\n|-damage|p2a: Evan|7\/100\n|move|p2a: Evan|Pollen Puff|p2b: Avery\n|-heal|p2b: Avery|100\/100\n|\n|upkeep\n|\n|t:|1683147450\n|switch|p1a: Dragonite|Dragonite, L50, F|65\/100 brn\n|turn|12\n|inactive|BIGHAXORUSFAN147 has 30 seconds left.\n|inactive|BIGHAXORUSFAN147 has 20 seconds left.\n|\n|t:|1683147487\n|move|p2a: Evan|Protect|p2a: Evan\n|-singleturn|p2a: Evan|Protect\n|move|p1a: Dragonite|Ice Spinner|p2a: Evan\n|-activate|p2a: Evan|move: Protect\n|move|p2b: Avery|Iron Head|p1a: Dragonite\n|-damage|p1a: Dragonite|30\/100 brn\n|-enditem|p1a: Dragonite|Sitrus Berry|[eat]\n|-heal|p1a: Dragonite|54\/100 brn|[from] item: Sitrus Berry\n|move|p1b: Ting-Lu|Ruination|p2b: Avery\n|-damage|p2b: Avery|51\/100\n|\n|-damage|p1a: Dragonite|48\/100 brn|[from] brn\n|upkeep\n|turn|13\n|inactive|foxyman52 has 30 seconds left.\n|inactive|BIGHAXORUSFAN147 has 30 seconds left.\n|\n|t:|1683147518\n|move|p2a: Evan|Rage Powder|p2a: Evan\n|-singleturn|p2a: Evan|move: Rage Powder\n|move|p1a: Dragonite|Ice Spinner|p2a: Evan\n|-resisted|p2a: Evan\n|-crit|p2a: Evan\n|-damage|p2a: Evan|0 fnt\n|faint|p2a: Evan\n|move|p2b: Avery|Iron Head|p1a: Dragonite\n|-damage|p1a: Dragonite|12\/100 brn\n|move|p1b: Ting-Lu|Heavy Slam|p2b: Avery\n|-damage|p2b: Avery|25\/100\n|\n|-damage|p1a: Dragonite|6\/100 brn|[from] brn\n|upkeep\n|\n|t:|1683147528\n|switch|p2a: Celeste|Flutter Mane, L50|100\/100\n|turn|14\n|\n|t:|1683147536\n|move|p2a: Celeste|Moonblast|p1b: Ting-Lu\n|-supereffective|p1b: Ting-Lu\n|-damage|p1b: Ting-Lu|25\/100\n|move|p1a: Dragonite|Ice Spinner|p2b: Avery\n|-supereffective|p2b: Avery\n|-damage|p2b: Avery|0 fnt\n|faint|p2b: Avery\n|move|p1b: Ting-Lu|Heavy Slam|p2a: Celeste\n|-supereffective|p2a: Celeste\n|-damage|p2a: Celeste|0 fnt\n|faint|p2a: Celeste\n|-end|p2a: Celeste|Protosynthesis|[silent]\n|\n|win|foxyman52\n|raw|foxyman52's rating: 1399 → 1421<\/strong> (+22 for winning)\n|raw|BIGHAXORUSFAN147's rating: 1440 → 1418<\/strong> (-22 for losing)\n|l|\u2606foxyman52\n|l|\u2606BIGHAXORUSFAN147\n|j|\u2606BIGHAXORUSFAN147\n|player|p2|BIGHAXORUSFAN147|grimsley-masters\n","uploadtime":1683147546,"views":7,"p1id":"foxyman52","p2id":"bighaxorusfan147","formatid":"gen9vgc2023regulationc","rating":1418,"private":0,"password":""}