{"id":"gen9vgc2023regulationc-1856990071","p1":"Jscoot12","p2":"spaccas","format":"[Gen 9] VGC 2023 Regulation C","log":"|j|\u2606Jscoot12\n|j|\u2606spaccas\n|t:|1683134137\n|gametype|doubles\n|player|p1|Jscoot12|102|1288\n|player|p2|spaccas|cynthia-gen4|1336\n|teamsize|p1|6\n|teamsize|p2|6\n|gen|9\n|tier|[Gen 9] VGC 2023 Regulation C\n|rated|\n|rule|Species Clause: Limit one of each Pok\u00e9mon\n|rule|Item Clause: Limit one of each item\n|clearpoke\n|poke|p1|Orthworm, L50, F|\n|poke|p1|Dragonite, L50, F|\n|poke|p1|Flutter Mane, L50|\n|poke|p1|Chi-Yu, L50|\n|poke|p1|Baxcalibur, L50, F|\n|poke|p1|Gyarados, L50, F|\n|poke|p2|Flutter Mane, L50|\n|poke|p2|Amoonguss, L50, F|\n|poke|p2|Arcanine, L50, F|\n|poke|p2|Palafin, L50, M|\n|poke|p2|Kingambit, L50, F|\n|poke|p2|Dragonite, L50, M|\n|teampreview|4\n|inactive|Battle timer is ON: inactive players will automatically lose when time's up. (requested by spaccas)\nJscoot12 has agreed to open team sheets.\n|\n|t:|1683134154\n|start\n|switch|p1a: Flutter Mane|Flutter Mane, L50|100\/100\n|switch|p1b: Chi-Yu|Chi-Yu, L50|100\/100\n|switch|p2a: Kingambit|Kingambit, L50, F|100\/100\n|switch|p2b: Palafin|Palafin, L50, M|100\/100\n|-ability|p1b: Chi-Yu|Beads of Ruin\n|-enditem|p1a: Flutter Mane|Booster Energy\n|-activate|p1a: Flutter Mane|ability: Protosynthesis|[fromitem]\n|-start|p1a: Flutter Mane|protosynthesisspe\n|turn|1\n|\n|t:|1683134176\n|detailschange|p2b: Palafin|Palafin-Hero, L50, M\n|switch|p2b: Arcanine|Arcanine, L50, F|100\/100\n|-ability|p2b: Arcanine|Intimidate|boost\n|-unboost|p1a: Flutter Mane|atk|1\n|-unboost|p1b: Chi-Yu|atk|1\n|-terastallize|p1b: Chi-Yu|Grass\n|move|p2a: Kingambit|Protect|p2a: Kingambit\n|-singleturn|p2a: Kingambit|Protect\n|move|p1a: Flutter Mane|Thunderbolt|p2b: Arcanine\n|-damage|p2b: Arcanine|70\/100\n|move|p1b: Chi-Yu|Heat Wave|p2b: Arcanine|[spread] p2b\n|-activate|p2a: Kingambit|move: Protect\n|-resisted|p2b: Arcanine\n|-damage|p2b: Arcanine|46\/100\n|-damage|p1b: Chi-Yu|91\/100|[from] item: Life Orb\n|\n|upkeep\n|turn|2\n|inactive|spaccas has 30 seconds left.\n|\n|t:|1683134205\n|-terastallize|p2a: Kingambit|Dark\n|move|p1b: Chi-Yu|Protect|p1b: Chi-Yu\n|-singleturn|p1b: Chi-Yu|Protect\n|move|p2a: Kingambit|Sucker Punch||[still]\n|-fail|p2a: Kingambit\n|move|p1a: Flutter Mane|Dazzling Gleam|p2b: Arcanine|[spread] p2a,p2b\n|-supereffective|p2a: Kingambit\n|-resisted|p2b: Arcanine\n|-damage|p2a: Kingambit|34\/100\n|-damage|p2b: Arcanine|32\/100\n|move|p2b: Arcanine|Howl|p2b: Arcanine|[spread] p2a,p2b\n|-boost|p2a: Kingambit|atk|1\n|-boost|p2b: Arcanine|atk|1\n|\n|upkeep\n|turn|3\n|inactive|Jscoot12 has 30 seconds left.\n|\n|t:|1683134231\n|move|p1a: Flutter Mane|Protect|p1a: Flutter Mane\n|-singleturn|p1a: Flutter Mane|Protect\n|move|p2a: Kingambit|Sucker Punch||[still]\n|-fail|p2a: Kingambit\n|move|p1b: Chi-Yu|Heat Wave|p2b: Arcanine|[spread] p2a,p2b\n|-resisted|p2b: Arcanine\n|-damage|p2a: Kingambit|0 fnt\n|-damage|p2b: Arcanine|6\/100\n|-enditem|p2b: Arcanine|Aguav Berry|[eat]\n|-heal|p2b: Arcanine|39\/100|[from] item: Aguav Berry\n|faint|p2a: Kingambit\n|-damage|p1b: Chi-Yu|81\/100|[from] item: Life Orb\n|move|p2b: Arcanine|Flare Blitz|p1b: Chi-Yu\n|-supereffective|p1b: Chi-Yu\n|-damage|p1b: Chi-Yu|0 fnt\n|faint|p1b: Chi-Yu\n|-damage|p2b: Arcanine|17\/100|[from] Recoil\n|\n|upkeep\n|\n|t:|1683134250\n|switch|p1b: Gyarados|Gyarados, L50, F|100\/100\n|switch|p2a: Palafin|Palafin-Hero, L50, M|100\/100\n|-activate|p2a: Palafin|ability: Zero to Hero\n|-ability|p1b: Gyarados|Intimidate|boost\n|-unboost|p2a: Palafin|atk|1\n|-unboost|p2b: Arcanine|atk|1\n|turn|4\n|\n|t:|1683134271\n|move|p1a: Flutter Mane|Thunderbolt|p2a: Palafin\n|-supereffective|p2a: Palafin\n|-damage|p2a: Palafin|46\/100\n|move|p2a: Palafin|Haze|p2a: Palafin\n|-clearallboost\n|move|p1b: Gyarados|Waterfall|p2b: Arcanine\n|-supereffective|p2b: Arcanine\n|-damage|p2b: Arcanine|0 fnt\n|faint|p2b: Arcanine\n|\n|upkeep\n|\n|t:|1683134274\n|switch|p2b: Dragonite|Dragonite, L50, M|100\/100\n|turn|5\n|\n|t:|1683134295\n|move|p1a: Flutter Mane|Protect|p1a: Flutter Mane\n|-singleturn|p1a: Flutter Mane|Protect\n|move|p2a: Palafin|Jet Punch|p1a: Flutter Mane\n|-activate|p1a: Flutter Mane|move: Protect\n|move|p1b: Gyarados|Thunder Wave|p2b: Dragonite\n|-status|p2b: Dragonite|par\n|move|p2b: Dragonite|Stomping Tantrum|p1a: Flutter Mane\n|-activate|p1a: Flutter Mane|move: Protect\n|\n|upkeep\n|turn|6\n|-message|spaccas forfeited.\n|\n|win|Jscoot12\n|raw|Jscoot12's rating: 1288 → 1316<\/strong> (+28 for winning)\n|raw|spaccas's rating: 1336 → 1313<\/strong> (-23 for losing)\n|l|\u2606spaccas\n","uploadtime":1683134355,"views":13,"p1id":"jscoot12","p2id":"spaccas","formatid":"gen9vgc2023regulationc","rating":1313,"private":0,"password":""}