{"id":"gen9vgc2023regulationc-1853391791","p1":"Rattoghiaccio","p2":"subChar","format":"[Gen 9] VGC 2023 Regulation C","log":"|j|\u2606Rattoghiaccio\n|j|\u2606subChar\n|t:|1682679096\n|gametype|doubles\n|player|p1|Rattoghiaccio|101|1075\n|player|p2|subChar|rosa|1148\n|teamsize|p1|6\n|teamsize|p2|5\n|gen|9\n|tier|[Gen 9] VGC 2023 Regulation C\n|rated|\n|rule|Species Clause: Limit one of each Pok\u00e9mon\n|rule|Item Clause: Limit one of each item\n|clearpoke\n|poke|p1|Haunter, L50, M|\n|poke|p1|Iron Hands, L50|\n|poke|p1|Arcanine, L50, M|\n|poke|p1|Gyarados, L50, M|\n|poke|p1|Ting-Lu, L50|\n|poke|p1|Abomasnow, L50, F|\n|poke|p2|Torkoal, L50, F|\n|poke|p2|Indeedee-F, L50, F|\n|poke|p2|Armarouge, L50, M|\n|poke|p2|Garganacl, L50, M|\n|poke|p2|Brute Bonnet, L50|\n|teampreview|4\n|inactive|Battle timer is ON: inactive players will automatically lose when time's up. (requested by subChar)\n|\n|t:|1682679133\n|start\n|switch|p1a: Ting-Lu|Ting-Lu, L50|100\/100\n|switch|p1b: Gyarados|Gyarados, L50, M|100\/100\n|switch|p2a: Indeedee|Indeedee-F, L50, F|100\/100\n|switch|p2b: Armarouge|Armarouge, L50, M|100\/100\n|-ability|p1b: Gyarados|Intimidate|boost\n|-unboost|p2a: Indeedee|atk|1\n|-unboost|p2b: Armarouge|atk|1\n|-fieldstart|move: Psychic Terrain|[from] ability: Psychic Surge|[of] p2a: Indeedee\n|-ability|p1a: Ting-Lu|Vessel of Ruin\n|turn|1\n|\n|t:|1682679156\n|move|p2a: Indeedee|Follow Me|p2a: Indeedee\n|-singleturn|p2a: Indeedee|move: Follow Me\n|move|p1b: Gyarados|Taunt|p2a: Indeedee\n|-start|p2a: Indeedee|move: Taunt\n|move|p1a: Ting-Lu|Snarl|p2b: Armarouge|[spread] p2a,p2b\n|-supereffective|p2a: Indeedee\n|-supereffective|p2b: Armarouge\n|-damage|p2a: Indeedee|84\/100\n|-damage|p2b: Armarouge|78\/100\n|-unboost|p2a: Indeedee|spa|1\n|-unboost|p2b: Armarouge|spa|1\n|move|p2b: Armarouge|Trick Room|p2b: Armarouge\n|-fieldstart|move: Trick Room|[of] p2b: Armarouge\n|\n|upkeep\n|turn|2\n|inactive|subChar has 30 seconds left.\n|\n|t:|1682679184\n|move|p1a: Ting-Lu|Snarl|p2a: Indeedee|[spread] p2a,p2b\n|-supereffective|p2a: Indeedee\n|-supereffective|p2b: Armarouge\n|-damage|p2a: Indeedee|67\/100\n|-damage|p2b: Armarouge|56\/100\n|-unboost|p2a: Indeedee|spa|1\n|-unboost|p2b: Armarouge|spa|1\n|move|p2b: Armarouge|Armor Cannon|p1a: Ting-Lu\n|-damage|p1a: Ting-Lu|82\/100\n|-unboost|p2b: Armarouge|def|1\n|-unboost|p2b: Armarouge|spd|1\n|move|p2a: Indeedee|Psychic|p1b: Gyarados\n|-damage|p1b: Gyarados|84\/100\n|move|p1b: Gyarados|Waterfall|p2a: Indeedee\n|-damage|p2a: Indeedee|17\/100\n|\n|-heal|p1a: Ting-Lu|88\/100|[from] item: Leftovers\n|upkeep\n|turn|3\n|\n|t:|1682679208\n|switch|p2b: Torkoal|Torkoal, L50, F|100\/100\n|-weather|SunnyDay|[from] ability: Drought|[of] p2b: Torkoal\n|switch|p2a: Brute Bonnet|Brute Bonnet, L50|100\/100\n|-activate|p2a: Brute Bonnet|ability: Protosynthesis\n|-start|p2a: Brute Bonnet|protosynthesisatk\n|move|p1a: Ting-Lu|Snarl|p2b: Torkoal|[spread] p2a,p2b\n|-resisted|p2a: Brute Bonnet\n|-crit|p2a: Brute Bonnet\n|-damage|p2a: Brute Bonnet|95\/100\n|-damage|p2b: Torkoal|89\/100\n|-unboost|p2a: Brute Bonnet|spa|1\n|-unboost|p2b: Torkoal|spa|1\n|move|p1b: Gyarados|Waterfall|p2b: Torkoal\n|-supereffective|p2b: Torkoal\n|-crit|p2b: Torkoal\n|-damage|p2b: Torkoal|51\/100\n|\n|-weather|SunnyDay|[upkeep]\n|-heal|p1a: Ting-Lu|94\/100|[from] item: Leftovers\n|upkeep\n|turn|4\n|inactive|Rattoghiaccio has 30 seconds left.\n|inactive|Rattoghiaccio has 20 seconds left.\n|\n|t:|1682679247\n|switch|p2b: Indeedee|Indeedee-F, L50, F|17\/100\n|switch|p1b: Abomasnow|Abomasnow, L50, F|100\/100\n|-weather|Snow|[from] ability: Snow Warning|[of] p1b: Abomasnow\n|-end|p2a: Brute Bonnet|Protosynthesis\n|move|p2a: Brute Bonnet|Seed Bomb|p1a: Ting-Lu\n|-supereffective|p1a: Ting-Lu\n|-damage|p1a: Ting-Lu|41\/100\n|move|p1a: Ting-Lu|Ruination|p2a: Brute Bonnet\n|-damage|p2a: Brute Bonnet|48\/100\n|\n|-weather|Snow|[upkeep]\n|-heal|p1a: Ting-Lu|47\/100|[from] item: Leftovers\n|upkeep\n|turn|5\n|\n|t:|1682679266\n|switch|p2b: Torkoal|Torkoal, L50, F|51\/100\n|-weather|SunnyDay|[from] ability: Drought|[of] p2b: Torkoal\n|-activate|p2a: Brute Bonnet|ability: Protosynthesis\n|-start|p2a: Brute Bonnet|protosynthesisatk\n|move|p1a: Ting-Lu|Protect|p1a: Ting-Lu\n|-singleturn|p1a: Ting-Lu|Protect\n|move|p2a: Brute Bonnet|Seed Bomb|p1a: Ting-Lu\n|-activate|p1a: Ting-Lu|move: Protect\n|move|p1b: Abomasnow|Blizzard|p2a: Brute Bonnet|[spread] p2a\n|-miss|p1b: Abomasnow|p2b: Torkoal\n|-supereffective|p2a: Brute Bonnet\n|-damage|p2a: Brute Bonnet|6\/100\n|\n|-weather|SunnyDay|[upkeep]\n|-heal|p1a: Ting-Lu|53\/100|[from] item: Leftovers\n|-fieldend|move: Trick Room\n|-fieldend|move: Psychic Terrain\n|upkeep\n|turn|6\n|inactive|Rattoghiaccio has 30 seconds left.\n|\n|t:|1682679295\n|-end|p2a: Brute Bonnet|Protosynthesis|[silent]\n|switch|p2a: Indeedee|Indeedee-F, L50, F|17\/100\n|-fieldstart|move: Psychic Terrain|[from] ability: Psychic Surge|[of] p2a: Indeedee\n|move|p1b: Abomasnow|Blizzard|p2b: Torkoal|[spread] p2a\n|-miss|p1b: Abomasnow|p2b: Torkoal\n|-damage|p2a: Indeedee|0 fnt\n|faint|p2a: Indeedee\n|move|p1a: Ting-Lu|Snarl|p2b: Torkoal\n|-damage|p2b: Torkoal|34\/100\n|-unboost|p2b: Torkoal|spa|1\n|move|p2b: Torkoal|Heat Wave|p1a: Ting-Lu|[spread] p1a,p1b\n|-supereffective|p1b: Abomasnow\n|-damage|p1a: Ting-Lu|36\/100\n|-enditem|p1b: Abomasnow|Focus Sash\n|-damage|p1b: Abomasnow|1\/100\n|-status|p1b: Abomasnow|brn\n|\n|-weather|SunnyDay|[upkeep]\n|-heal|p1a: Ting-Lu|42\/100|[from] item: Leftovers\n|-damage|p1b: Abomasnow|0 fnt|[from] brn\n|faint|p1b: Abomasnow\n|upkeep\n|\n|t:|1682679318\n|switch|p2a: Armarouge|Armarouge, L50, M|56\/100\n|switch|p1b: Gyarados|Gyarados, L50, M|84\/100\n|-ability|p1b: Gyarados|Intimidate|boost\n|-unboost|p2a: Armarouge|atk|1\n|-unboost|p2b: Torkoal|atk|1\n|turn|7\n|\n|t:|1682679337\n|move|p1a: Ting-Lu|Protect|p1a: Ting-Lu\n|-singleturn|p1a: Ting-Lu|Protect\n|move|p1b: Gyarados|Waterfall|p2a: Armarouge\n|-supereffective|p2a: Armarouge\n|-damage|p2a: Armarouge|23\/100\n|move|p2b: Torkoal|Heat Wave|p1b: Gyarados|[spread] p1b\n|-activate|p1a: Ting-Lu|move: Protect\n|-resisted|p1b: Gyarados\n|-damage|p1b: Gyarados|70\/100\n|cant|p2a: Armarouge|flinch\n|\n|-weather|SunnyDay|[upkeep]\n|-heal|p1a: Ting-Lu|48\/100|[from] item: Leftovers\n|upkeep\n|turn|8\n|inactive|Rattoghiaccio has 30 seconds left.\n|\n|t:|1682679366\n|move|p1b: Gyarados|Waterfall|p2a: Armarouge\n|-supereffective|p2a: Armarouge\n|-damage|p2a: Armarouge|0 fnt\n|faint|p2a: Armarouge\n|move|p1a: Ting-Lu|Stomping Tantrum|p2b: Torkoal\n|-supereffective|p2b: Torkoal\n|-damage|p2b: Torkoal|0 fnt\n|faint|p2b: Torkoal\n|\n|-weather|SunnyDay|[upkeep]\n|-heal|p1a: Ting-Lu|54\/100|[from] item: Leftovers\n|upkeep\n|\n|t:|1682679376\n|switch|p2b: Brute Bonnet|Brute Bonnet, L50|6\/100\n|-activate|p2b: Brute Bonnet|ability: Protosynthesis\n|-start|p2b: Brute Bonnet|protosynthesisatk\n|turn|9\n|\n|t:|1682679385\n|move|p1a: Ting-Lu|Protect|p1a: Ting-Lu\n|-singleturn|p1a: Ting-Lu|Protect\n|move|p2b: Brute Bonnet|Sucker Punch|p1b: Gyarados\n|-hint|Psychic Terrain doesn't affect Pok\u00e9mon immune to Ground.\n|-damage|p1b: Gyarados|15\/100\n|move|p1b: Gyarados|Icy Wind|p2b: Brute Bonnet\n|-supereffective|p2b: Brute Bonnet\n|-damage|p2b: Brute Bonnet|0 fnt\n|faint|p2b: Brute Bonnet\n|-end|p2b: Brute Bonnet|Protosynthesis|[silent]\n|\n|win|Rattoghiaccio\n|raw|Rattoghiaccio's rating: 1075 → 1110<\/strong> (+35 for winning)\n|raw|subChar's rating: 1148 → 1118<\/strong> (-30 for losing)\n|c|\u2606subChar|gg\n|l|\u2606Rattoghiaccio\n","uploadtime":1682679402,"views":11,"p1id":"rattoghiaccio","p2id":"subchar","formatid":"gen9vgc2023regulationc","rating":1110,"private":0,"password":""}