{"id":"gen9vgc2023regulationc-1846958483","p1":"Alaskan_fisher","p2":"GR3N1NJA1018","format":"[Gen 9] VGC 2023 Regulation C","log":"|j|\u2606Alaskan_fisher\n|j|\u2606GR3N1NJA1018\n|t:|1681906111\n|gametype|doubles\n|player|p1|Alaskan_fisher|fisherman-gen4|1130\n|player|p2|GR3N1NJA1018|266|1076\n|teamsize|p1|6\n|teamsize|p2|6\n|gen|9\n|tier|[Gen 9] VGC 2023 Regulation C\n|rated|\n|rule|Species Clause: Limit one of each Pok\u00e9mon\n|rule|Item Clause: Limit one of each item\n|clearpoke\n|poke|p1|Maushold-Four, L50|\n|poke|p1|Annihilape, L50, F|\n|poke|p1|Palafin, L50, F|\n|poke|p1|Ting-Lu, L50|\n|poke|p1|Flutter Mane, L50|\n|poke|p1|Arcanine, L50, F|\n|poke|p2|Chi-Yu, L50|\n|poke|p2|Dachsbun, L50, F|\n|poke|p2|Garganacl, L50, M|\n|poke|p2|Farigiraf, L50, F|\n|poke|p2|Sandy Shocks, L50|\n|poke|p2|Vaporeon, L50, F|\n|teampreview|4\nAlaskan_fisher has agreed to open team sheets.\n|\n|t:|1681906199\n|start\n|switch|p1a: Flutter Mane|Flutter Mane, L50|100\/100\n|switch|p1b: Maushold|Maushold-Four, L50|100\/100\n|switch|p2a: Chi-Yu|Chi-Yu, L50|100\/100\n|switch|p2b: Dachsbun|Dachsbun, L50, F|100\/100\n|-ability|p2a: Chi-Yu|Beads of Ruin\n|turn|1\n|\n|t:|1681906226\n|move|p1b: Maushold|Helping Hand|p1a: Flutter Mane\n|-singleturn|p1a: Flutter Mane|Helping Hand|[of] p1b: Maushold\n|move|p2a: Chi-Yu|Lava Plume|p1a: Flutter Mane|[spread] p1a,p1b\n|-ability|p2b: Dachsbun|Well-Baked Body|boost\n|-boost|p2b: Dachsbun|def|2\n|-crit|p1b: Maushold\n|-damage|p1a: Flutter Mane|68\/100\n|-damage|p1b: Maushold|9\/100\n|move|p1a: Flutter Mane|Shadow Ball|p2b: Dachsbun\n|-damage|p2b: Dachsbun|27\/100\n|-unboost|p2b: Dachsbun|spd|1\n|move|p2b: Dachsbun|Body Press|p1b: Maushold\n|-supereffective|p1b: Maushold\n|-damage|p1b: Maushold|0 fnt\n|faint|p1b: Maushold\n|\n|upkeep\n|\n|t:|1681906248\n|switch|p1b: Arcanine|Arcanine, L50, F|100\/100\n|-ability|p1b: Arcanine|Intimidate|boost\n|-unboost|p2a: Chi-Yu|atk|1\n|-unboost|p2b: Dachsbun|atk|1\n|turn|2\n|\n|t:|1681906260\n|-terastallize|p1b: Arcanine|Normal\n|move|p1b: Arcanine|Extreme Speed|p2a: Chi-Yu\n|-damage|p2a: Chi-Yu|0 fnt\n|faint|p2a: Chi-Yu\n|move|p1a: Flutter Mane|Shadow Ball|p2b: Dachsbun\n|-damage|p2b: Dachsbun|0 fnt\n|faint|p2b: Dachsbun\n|\n|upkeep\n|\n|t:|1681906274\n|switch|p2a: Vaporeon|Vaporeon, L50, F|100\/100\n|switch|p2b: Garganacl|Garganacl, L50, M|100\/100\n|turn|3\n|\n|t:|1681906306\n|move|p1b: Arcanine|Extreme Speed|p2a: Vaporeon\n|-crit|p2a: Vaporeon\n|-damage|p2a: Vaporeon|17\/100\n|move|p1a: Flutter Mane|Shadow Ball|p2a: Vaporeon\n|-damage|p2a: Vaporeon|0 fnt\n|faint|p2a: Vaporeon\n|move|p2b: Garganacl|Salt Cure|p1a: Flutter Mane\n|-crit|p1a: Flutter Mane\n|-damage|p1a: Flutter Mane|30\/100\n|-start|p1a: Flutter Mane|Salt Cure\n|\n|-damage|p1a: Flutter Mane|17\/100|[from] Salt Cure\n|upkeep\n|turn|4\n|\n|t:|1681906328\n|switch|p1b: Ting-Lu|Ting-Lu, L50|100\/100\n|-ability|p1b: Ting-Lu|Vessel of Ruin\n|move|p1a: Flutter Mane|Shadow Ball|p2b: Garganacl\n|-damage|p2b: Garganacl|87\/100\n|move|p2b: Garganacl|Iron Defense|p2b: Garganacl\n|-boost|p2b: Garganacl|def|2\n|\n|-heal|p2b: Garganacl|93\/100|[from] item: Leftovers\n|-damage|p1a: Flutter Mane|5\/100|[from] Salt Cure\n|upkeep\n|turn|5\n|\n|t:|1681906359\n|-end|p1a: Flutter Mane|Protosynthesis|[silent]\n|switch|p1a: Arcanine|Arcanine, L50, F, tera:Normal|100\/100\n|-ability|p1a: Arcanine|Intimidate|boost\n|-unboost|p2b: Garganacl|atk|1\n|move|p1b: Ting-Lu|Fissure|p2b: Garganacl|[miss]\n|-miss|p1b: Ting-Lu|p2b: Garganacl\n|move|p2b: Garganacl|Iron Defense|p2b: Garganacl\n|-boost|p2b: Garganacl|def|2\n|\n|-heal|p2b: Garganacl|99\/100|[from] item: Leftovers\n|upkeep\n|turn|6\n|\n|t:|1681906386\n|move|p1a: Arcanine|Flare Blitz|p2b: Garganacl\n|-resisted|p2b: Garganacl\n|-damage|p2b: Garganacl|88\/100\n|-damage|p1a: Arcanine|96\/100|[from] Recoil\n|move|p1b: Ting-Lu|Fissure|p2b: Garganacl|[miss]\n|-miss|p1b: Ting-Lu|p2b: Garganacl\n|move|p2b: Garganacl|Body Press|p1b: Ting-Lu\n|-supereffective|p1b: Ting-Lu\n|-damage|p1b: Ting-Lu|30\/100\n|\n|-heal|p2b: Garganacl|94\/100|[from] item: Leftovers\n|upkeep\n|turn|7\n|\n|t:|1681906415\n|switch|p1b: Flutter Mane|Flutter Mane, L50|5\/100\n|move|p1a: Arcanine|Flare Blitz|p2b: Garganacl\n|-resisted|p2b: Garganacl\n|-damage|p2b: Garganacl|83\/100\n|-damage|p1a: Arcanine|92\/100|[from] Recoil\n|move|p2b: Garganacl|Body Press|p1b: Flutter Mane\n|-immune|p1b: Flutter Mane\n|\n|-heal|p2b: Garganacl|88\/100|[from] item: Leftovers\n|upkeep\n|turn|8\n|\n|t:|1681906432\n|-terastallize|p2b: Garganacl|Ghost\n|move|p1b: Flutter Mane|Moonblast|p2b: Garganacl\n|-damage|p2b: Garganacl|44\/100\n|move|p1a: Arcanine|Flare Blitz|p2b: Garganacl\n|-damage|p2b: Garganacl|24\/100\n|-damage|p1a: Arcanine|85\/100|[from] Recoil\n|move|p2b: Garganacl|Salt Cure|p1b: Flutter Mane\n|-damage|p1b: Flutter Mane|0 fnt\n|faint|p1b: Flutter Mane\n|-end|p1b: Flutter Mane|Protosynthesis|[silent]\n|\n|-heal|p2b: Garganacl|30\/100|[from] item: Leftovers\n|upkeep\n|\n|t:|1681906442\n|switch|p1b: Ting-Lu|Ting-Lu, L50|30\/100\n|-ability|p1b: Ting-Lu|Vessel of Ruin\n|turn|9\n|\n|t:|1681906457\n|move|p1a: Arcanine|Flare Blitz|p2b: Garganacl\n|-damage|p2b: Garganacl|10\/100\n|-damage|p1a: Arcanine|78\/100|[from] Recoil\n|move|p1b: Ting-Lu|Stomping Tantrum|p2b: Garganacl\n|-damage|p2b: Garganacl|3\/100\n|move|p2b: Garganacl|Recover|p2b: Garganacl\n|-heal|p2b: Garganacl|54\/100\n|\n|-heal|p2b: Garganacl|59\/100|[from] item: Leftovers\n|upkeep\n|turn|10\n|\n|t:|1681906473\n|move|p1a: Arcanine|Flare Blitz|p2b: Garganacl\n|-damage|p2b: Garganacl|39\/100\n|-damage|p1a: Arcanine|71\/100|[from] Recoil\n|move|p1b: Ting-Lu|Fissure|p2b: Garganacl\n|-damage|p2b: Garganacl|0 fnt\n|faint|p2b: Garganacl\n|-ohko\n|\n|win|Alaskan_fisher\n|raw|Alaskan_fisher's rating: 1130 → 1151<\/strong> (+21 for winning)\n|raw|GR3N1NJA1018's rating: 1076 → 1058<\/strong> (-18 for losing)\n|c|\u2606GR3N1NJA1018|Nothing but luck\n|l|\u2606GR3N1NJA1018\n|c|\u2606Alaskan_fisher|looser\n","uploadtime":1681906487,"views":12,"p1id":"alaskanfisher","p2id":"gr3n1nja1018","formatid":"gen9vgc2023regulationc","rating":1058,"private":0,"password":""}