{"id":"gen9vgc2023regulationc-1861681171","p1":"LegendBtw","p2":"haviy","format":"[Gen 9] VGC 2023 Regulation C","log":"|j|\u2606LegendBtw\n|j|\u2606haviy\n|t:|1683793426\n|gametype|doubles\n|player|p1|LegendBtw|red-gen1|1290\n|player|p2|haviy|steven|1354\n|teamsize|p1|6\n|teamsize|p2|6\n|gen|9\n|tier|[Gen 9] VGC 2023 Regulation C\n|rated|\n|rule|Species Clause: Limit one of each Pok\u00e9mon\n|rule|Item Clause: Limit one of each item\n|clearpoke\n|poke|p1|Amoonguss, L50, F|\n|poke|p1|Ting-Lu, L50|\n|poke|p1|Arcanine, L50, M|\n|poke|p1|Palafin, L50, M|\n|poke|p1|Flutter Mane, L50|\n|poke|p1|Chien-Pao, L50|\n|poke|p2|Amoonguss, L50, F|\n|poke|p2|Palafin, L50, M|\n|poke|p2|Rotom-Heat, L50|\n|poke|p2|Chien-Pao, L50|\n|poke|p2|Dragonite, L50, M|\n|poke|p2|Iron Hands, L50|\n|teampreview|4\n|inactive|Battle timer is ON: inactive players will automatically lose when time's up. (requested by LegendBtw)\n|inactive|haviy has 60 seconds left.\n|\n|t:|1683793485\n|start\n|switch|p1a: Palafin|Palafin, L50, M|100\/100\n|switch|p1b: Chien-Pao|Chien-Pao, L50|100\/100\n|switch|p2a: \u5927\u4e54|Amoonguss, L50, F, shiny|100\/100\n|switch|p2b: Palafin|Palafin, L50, M, shiny|100\/100\n|-ability|p1b: Chien-Pao|Sword of Ruin\n|turn|1\n|inactive|LegendBtw has 30 seconds left.\n|inactive|LegendBtw has 20 seconds left.\n|\n|t:|1683793521\n|detailschange|p2b: Palafin|Palafin-Hero, L50, M, shiny\n|switch|p2b: Rotom|Rotom-Heat, L50, shiny|100\/100\n|move|p2a: \u5927\u4e54|Protect|p2a: \u5927\u4e54\n|-singleturn|p2a: \u5927\u4e54|Protect\n|move|p1a: Palafin|Jet Punch|p2a: \u5927\u4e54\n|-activate|p2a: \u5927\u4e54|move: Protect\n|move|p1b: Chien-Pao|Ice Spinner|p2a: \u5927\u4e54\n|-activate|p2a: \u5927\u4e54|move: Protect\n|\n|upkeep\n|turn|2\n|inactive|haviy has 30 seconds left.\n|\n|t:|1683793560\n|switch|p2a: Palafin|Palafin-Hero, L50, M, shiny|100\/100\n|-activate|p2a: Palafin|ability: Zero to Hero\n|-terastallize|p2b: Rotom|Water\n|move|p1a: Palafin|Jet Punch|p2b: Rotom\n|-resisted|p2b: Rotom\n|-damage|p2b: Rotom|83\/100\n|move|p1b: Chien-Pao|Sacred Sword|p2b: Rotom\n|-damage|p2b: Rotom|48\/100\n|move|p2b: Rotom|Overheat|p1b: Chien-Pao\n|-supereffective|p1b: Chien-Pao\n|-enditem|p1b: Chien-Pao|Focus Sash\n|-damage|p1b: Chien-Pao|1\/100\n|-unboost|p2b: Rotom|spa|2\n|-enditem|p2b: Rotom|Eject Pack\n|\n|t:|1683793576\n|switch|p2b: \u5927\u4e54|Amoonguss, L50, F, shiny|100\/100\n|\n|upkeep\n|turn|3\n|\n|t:|1683793597\n|switch|p1b: Amoonguss|Amoonguss, L50, F|100\/100\n|detailschange|p1a: Palafin|Palafin-Hero, L50, M\n|switch|p1a: Arcanine|Arcanine, L50, M|100\/100\n|-ability|p1a: Arcanine|Intimidate|boost\n|-unboost|p2a: Palafin|atk|1\n|-unboost|p2b: \u5927\u4e54|atk|1\n|switch|p2a: Rotom|Rotom-Heat, L50, shiny, tera:Water|48\/100\n|move|p2b: \u5927\u4e54|Pollen Puff|p2a: Rotom\n|-heal|p2a: Rotom|97\/100\n|\n|upkeep\n|turn|4\n|inactive|LegendBtw has 30 seconds left.\n|\n|t:|1683793624\n|move|p2a: Rotom|Protect|p2a: Rotom\n|-singleturn|p2a: Rotom|Protect\n|move|p2b: \u5927\u4e54|Protect|p2b: \u5927\u4e54\n|-singleturn|p2b: \u5927\u4e54|Protect\n|move|p1a: Arcanine|Will-O-Wisp|p2b: \u5927\u4e54\n|-activate|p2b: \u5927\u4e54|move: Protect\n|move|p1b: Amoonguss|Spore|p2a: Rotom\n|-activate|p2a: Rotom|move: Protect\n|\n|upkeep\n|turn|5\n|\n|t:|1683793645\n|move|p1a: Arcanine|Flare Blitz|p2b: \u5927\u4e54\n|-supereffective|p2b: \u5927\u4e54\n|-damage|p2b: \u5927\u4e54|11\/100\n|-damage|p1a: Arcanine|84\/100|[from] item: Rocky Helmet|[of] p2b: \u5927\u4e54\n|-damage|p1a: Arcanine|51\/100|[from] Recoil\n|move|p2a: Rotom|Overheat|p1b: Amoonguss\n|-supereffective|p1b: Amoonguss\n|-damage|p1b: Amoonguss|12\/100\n|-unboost|p2a: Rotom|spa|2\n|-enditem|p1b: Amoonguss|Sitrus Berry|[eat]\n|-heal|p1b: Amoonguss|37\/100|[from] item: Sitrus Berry\n|move|p1b: Amoonguss|Spore|p2a: Rotom\n|-status|p2a: Rotom|slp|[from] move: Spore\n|move|p2b: \u5927\u4e54|Spore|p1b: Amoonguss\n|-immune|p1b: Amoonguss\n|\n|upkeep\n|turn|6\n|inactive|LegendBtw has 30 seconds left.\n|\n|t:|1683793673\n|cant|p2a: Rotom|slp\n|move|p2b: \u5927\u4e54|Protect|p2b: \u5927\u4e54\n|-singleturn|p2b: \u5927\u4e54|Protect\n|move|p1a: Arcanine|Will-O-Wisp|p2b: \u5927\u4e54\n|-activate|p2b: \u5927\u4e54|move: Protect\n|move|p1b: Amoonguss|Pollen Puff|p1a: Arcanine\n|-heal|p1a: Arcanine|100\/100\n|\n|upkeep\n|turn|7\n|\n|t:|1683793704\n|switch|p2a: Palafin|Palafin-Hero, L50, M, shiny|100\/100\n|switch|p2b: Chien-Pao|Chien-Pao, L50|100\/100\n|-ability|p2b: Chien-Pao|Sword of Ruin\n|move|p1a: Arcanine|Will-O-Wisp|p2b: Chien-Pao\n|-status|p2b: Chien-Pao|brn\n|move|p1b: Amoonguss|Leaf Storm|p2a: Palafin\n|-supereffective|p2a: Palafin\n|-damage|p2a: Palafin|18\/100\n|-unboost|p1b: Amoonguss|spa|2\n|\n|-damage|p2b: Chien-Pao|95\/100 brn|[from] brn\n|upkeep\n|turn|8\n|inactive|haviy has 30 seconds left.\n|inactive|haviy has 20 seconds left.\n|\n|t:|1683793740\n|switch|p2a: \u5927\u4e54|Amoonguss, L50, F, shiny|44\/100\n|switch|p1b: Palafin|Palafin-Hero, L50, M|100\/100\n|-activate|p1b: Palafin|ability: Zero to Hero\n|move|p2b: Chien-Pao|Protect|p2b: Chien-Pao\n|-singleturn|p2b: Chien-Pao|Protect\n|move|p1a: Arcanine|Extreme Speed|p2a: \u5927\u4e54\n|-damage|p2a: \u5927\u4e54|16\/100\n|-damage|p1a: Arcanine|84\/100|[from] item: Rocky Helmet|[of] p2a: \u5927\u4e54\n|\n|-damage|p2b: Chien-Pao|89\/100 brn|[from] brn\n|upkeep\n|turn|9\n|inactive|LegendBtw has 30 seconds left.\n|\n|t:|1683793772\n|switch|p2a: Rotom|Rotom-Heat, L50, shiny, tera:Water|97\/100 slp\n|-terastallize|p1b: Palafin|Water\n|move|p1a: Arcanine|Extreme Speed|p2b: Chien-Pao\n|-damage|p2b: Chien-Pao|58\/100 brn\n|move|p2b: Chien-Pao|Throat Chop|p1a: Arcanine\n|-damage|p1a: Arcanine|57\/100\n|-start|p1a: Arcanine|Throat Chop|[silent]\n|move|p1b: Palafin|Wave Crash|p2b: Chien-Pao\n|-damage|p2b: Chien-Pao|0 fnt\n|faint|p2b: Chien-Pao\n|-damage|p1b: Palafin|86\/100|[from] Recoil\n|\n|upkeep\n|\n|t:|1683793787\n|switch|p2b: Palafin|Palafin-Hero, L50, M, shiny|18\/100\n|turn|10\n|\n|t:|1683793801\n|switch|p2b: \u5927\u4e54|Amoonguss, L50, F, shiny|49\/100\n|move|p1a: Arcanine|Protect|p1a: Arcanine\n|-singleturn|p1a: Arcanine|Protect\n|move|p1b: Palafin|Wave Crash|p2b: \u5927\u4e54\n|-resisted|p2b: \u5927\u4e54\n|-crit|p2b: \u5927\u4e54\n|-damage|p2b: \u5927\u4e54|0 fnt\n|-damage|p1b: Palafin|69\/100|[from] item: Rocky Helmet|[of] p2b: \u5927\u4e54\n|faint|p2b: \u5927\u4e54\n|-damage|p1b: Palafin|52\/100|[from] Recoil\n|cant|p2a: Rotom|slp\n|\n|-end|p1a: Arcanine|Throat Chop|[silent]\n|upkeep\n|\n|t:|1683793814\n|switch|p2b: Palafin|Palafin-Hero, L50, M, shiny|18\/100\n|turn|11\n|\n|t:|1683793825\n|switch|p1b: Amoonguss|Amoonguss, L50, F|70\/100\n|move|p1a: Arcanine|Extreme Speed|p2b: Palafin\n|-damage|p2b: Palafin|0 fnt\n|faint|p2b: Palafin\n|-curestatus|p2a: Rotom|slp|[msg]\n|move|p2a: Rotom|Volt Switch|p1b: Amoonguss\n|-resisted|p1b: Amoonguss\n|-damage|p1b: Amoonguss|58\/100\n|\n|upkeep\n|turn|12\n|-message|haviy forfeited.\n|\n|win|LegendBtw\n|raw|LegendBtw's rating: 1290 → 1320<\/strong> (+30 for winning)\n|raw|haviy's rating: 1354 → 1330<\/strong> (-24 for losing)\n|l|\u2606haviy\n","uploadtime":1683793837,"views":19,"p1id":"legendbtw","p2id":"haviy","formatid":"gen9vgc2023regulationc","rating":1320,"private":0,"password":""}