{"id":"gen9vgc2023regulationc-1862569699","p1":"leaveher","p2":"revocolombia","format":"[Gen 9] VGC 2023 Regulation C","log":"|j|\u2606leaveher\n|j|\u2606revocolombia\n|t:|1683901671\n|gametype|doubles\n|player|p1|leaveher|102|1295\n|player|p2|revocolombia|pokemonranger-gen4|1369\n|teamsize|p1|6\n|teamsize|p2|6\n|gen|9\n|tier|[Gen 9] VGC 2023 Regulation C\n|rated|\n|rule|Species Clause: Limit one of each Pok\u00e9mon\n|rule|Item Clause: Limit one of each item\n|clearpoke\n|poke|p1|Indeedee-F, L50, F|\n|poke|p1|Armarouge, L50, M|\n|poke|p1|Azumarill, L50, M|\n|poke|p1|Torkoal, L50, M|\n|poke|p1|Hatterene, L50, F|\n|poke|p1|Sylveon, L50, M|\n|poke|p2|Flutter Mane, L50|\n|poke|p2|Great Tusk, L50|\n|poke|p2|Dragonite, L50, M|\n|poke|p2|Chien-Pao, L50|\n|poke|p2|Murkrow, L50, M|\n|poke|p2|Gholdengo, L50|\n|teampreview|4\n|inactive|Battle timer is ON: inactive players will automatically lose when time's up. (requested by leaveher)\n|inactive|leaveher has 60 seconds left.\n|inactive|revocolombia has 60 seconds left.\n|inactive|leaveher has 30 seconds left.\n|inactive|leaveher has 20 seconds left.\n|\n|t:|1683901744\n|start\n|switch|p1a: Indeedee|Indeedee-F, L50, F|100\/100\n|switch|p1b: Sylveon|Sylveon, L50, M|100\/100\n|switch|p2a: Chien-Pao|Chien-Pao, L50|100\/100\n|switch|p2b: Great Tusk|Great Tusk, L50|100\/100\n|-ability|p2a: Chien-Pao|Sword of Ruin\n|-fieldstart|move: Psychic Terrain|[from] ability: Psychic Surge|[of] p1a: Indeedee\n|turn|1\n|inactive|leaveher has 30 seconds left.\n|inactive|revocolombia has 30 seconds left.\n|\n|t:|1683901775\n|move|p1b: Sylveon|Detect|p1b: Sylveon\n|-singleturn|p1b: Sylveon|Protect\n|move|p2a: Chien-Pao|Ice Spinner|p1a: Indeedee\n|-damage|p1a: Indeedee|46\/100\n|-fieldend|move: Psychic Terrain\n|move|p2b: Great Tusk|Rock Slide|p1a: Indeedee|[spread] p1a\n|-activate|p1b: Sylveon|move: Protect\n|-crit|p1a: Indeedee\n|-damage|p1a: Indeedee|8\/100\n|move|p1a: Indeedee|Trick Room|p1a: Indeedee\n|-fieldstart|move: Trick Room|[of] p1a: Indeedee\n|\n|upkeep\n|turn|2\n|inactive|leaveher has 30 seconds left.\n|inactive|revocolombia has 30 seconds left.\n|inactive|leaveher has 20 seconds left.\n|inactive|revocolombia has 20 seconds left.\n|inactive|leaveher has 15 seconds left.\n|\n|t:|1683901816\n|switch|p1a: Armarouge|Armarouge, L50, M|100\/100\n|move|p2b: Great Tusk|Protect|p2b: Great Tusk\n|-singleturn|p2b: Great Tusk|Protect\n|move|p2a: Chien-Pao|Ice Shard|p1b: Sylveon\n|-damage|p1b: Sylveon|64\/100\n|move|p1b: Sylveon|Hyper Voice|p2b: Great Tusk|[spread] p2a\n|-activate|p2b: Great Tusk|move: Protect\n|-supereffective|p2a: Chien-Pao\n|-enditem|p2a: Chien-Pao|Focus Sash\n|-damage|p2a: Chien-Pao|1\/100\n|-enditem|p1b: Sylveon|Throat Spray\n|-boost|p1b: Sylveon|spa|1|[from] item: Throat Spray\n|\n|upkeep\n|turn|3\n|inactive|leaveher has 30 seconds left.\n|inactive|revocolombia has 30 seconds left.\n|inactive|leaveher has 20 seconds left.\n|\n|t:|1683901855\n|-terastallize|p2b: Great Tusk|Fire\n|move|p2a: Chien-Pao|Sucker Punch|p1a: Armarouge\n|-supereffective|p1a: Armarouge\n|-damage|p1a: Armarouge|6\/100\n|move|p1b: Sylveon|Hyper Voice|p2a: Chien-Pao|[spread] p2a,p2b\n|-supereffective|p2a: Chien-Pao\n|-resisted|p2b: Great Tusk\n|-damage|p2a: Chien-Pao|0 fnt\n|-damage|p2b: Great Tusk|60\/100\n|faint|p2a: Chien-Pao\n|move|p1a: Armarouge|Expanding Force|p2b: Great Tusk\n|-damage|p2b: Great Tusk|0 fnt\n|faint|p2b: Great Tusk\n|-end|p2b: Great Tusk|Protosynthesis|[silent]\n|\n|upkeep\n|\n|t:|1683901873\n|switch|p2b: Gholdengo|Gholdengo, L50|100\/100\n|switch|p2a: Dragonite|Dragonite, L50, M|100\/100\n|turn|4\n|inactive|revocolombia has 30 seconds left.\n|\n|t:|1683901907\n|switch|p1a: Indeedee|Indeedee-F, L50, F|8\/100\n|-fieldstart|move: Psychic Terrain|[from] ability: Psychic Surge|[of] p1a: Indeedee\n|move|p1b: Sylveon|Hyper Voice|p2b: Gholdengo|[spread] p2a,p2b\n|-supereffective|p2a: Dragonite\n|-resisted|p2b: Gholdengo\n|-damage|p2a: Dragonite|36\/100\n|-damage|p2b: Gholdengo|69\/100\n|move|p2a: Dragonite|Thunder Punch|p1b: Sylveon\n|-damage|p1b: Sylveon|13\/100\n|-status|p1b: Sylveon|par\n|move|p2b: Gholdengo|Thunderbolt|p1a: Indeedee\n|-damage|p1a: Indeedee|0 fnt\n|faint|p1a: Indeedee\n|-damage|p2b: Gholdengo|59\/100|[from] item: Life Orb\n|\n|upkeep\n|inactive|leaveher has 30 seconds left.\n|\n|t:|1683901937\n|switch|p1a: Torkoal|Torkoal, L50, M|100\/100\n|-weather|SunnyDay|[from] ability: Drought|[of] p1a: Torkoal\n|turn|5\n|\n|t:|1683901949\n|move|p2b: Gholdengo|Protect|p2b: Gholdengo\n|-singleturn|p2b: Gholdengo|Protect\n|move|p1a: Torkoal|Eruption|p2a: Dragonite|[spread] p2a\n|-activate|p2b: Gholdengo|move: Protect\n|-resisted|p2a: Dragonite\n|-damage|p2a: Dragonite|0 fnt\n|faint|p2a: Dragonite\n|move|p1b: Sylveon|Hyper Voice|p2b: Gholdengo\n|-activate|p2b: Gholdengo|move: Protect\n|\n|-weather|SunnyDay|[upkeep]\n|-fieldend|move: Trick Room\n|upkeep\n|turn|6\n|\n|t:|1683901966\n|move|p1a: Torkoal|Protect|p1a: Torkoal\n|-singleturn|p1a: Torkoal|Protect\n|move|p2b: Gholdengo|Shadow Ball|p1a: Torkoal\n|-activate|p1a: Torkoal|move: Protect\n|move|p1b: Sylveon|Hyper Voice|p2b: Gholdengo\n|-resisted|p2b: Gholdengo\n|-crit|p2b: Gholdengo\n|-damage|p2b: Gholdengo|0 fnt\n|faint|p2b: Gholdengo\n|\n|win|leaveher\n|raw|leaveher's rating: 1295 → 1325<\/strong> (+30 for winning)\n|raw|revocolombia's rating: 1369 → 1345<\/strong> (-24 for losing)\n","uploadtime":1683901985,"views":11,"p1id":"leaveher","p2id":"revocolombia","formatid":"gen9vgc2023regulationc","rating":1325,"private":0,"password":""}