{"id":"gen9vgc2023regulationc-1858989905","p1":"TGH_sr","p2":"ivanfishy47","format":"[Gen 9] VGC 2023 Regulation C","log":"|j|\u2606TGH_sr\n|j|\u2606ivanfishy47\n|t:|1683391605\n|gametype|doubles\n|player|p1|TGH_sr|steven|1281\n|player|p2|ivanfishy47|hiker-gen4|1239\n|teamsize|p1|6\n|teamsize|p2|6\n|gen|9\n|tier|[Gen 9] VGC 2023 Regulation C\n|rated|\n|rule|Species Clause: Limit one of each Pok\u00e9mon\n|rule|Item Clause: Limit one of each item\n|clearpoke\n|poke|p1|Talonflame, L50, F|\n|poke|p1|Garchomp, L50, M|\n|poke|p1|Kingambit, L50, F|\n|poke|p1|Iron Bundle, L50|\n|poke|p1|Flutter Mane, L50|\n|poke|p1|Amoonguss, L50, M|\n|poke|p2|Chi-Yu, L50|\n|poke|p2|Flutter Mane, L50|\n|poke|p2|Torkoal, L50, M|\n|poke|p2|Lilligant, L50, F|\n|poke|p2|Ting-Lu, L50|\n|poke|p2|Dragonite, L50, M|\n|teampreview|4\nTGH_sr has agreed to open team sheets.\n|inactive|Battle timer is ON: inactive players will automatically lose when time's up. (requested by ivanfishy47)\nivanfishy47 has agreed to open team sheets.\n|inactive|TGH_sr has 60 seconds left.\n|\n|t:|1683391687\n|start\n|switch|p1a: Talonflame|Talonflame, L50, F|100\/100\n|switch|p1b: Garchomp|Garchomp, L50, M|100\/100\n|switch|p2a: Chi-Yu|Chi-Yu, L50|100\/100\n|switch|p2b: Flutter Mane|Flutter Mane, L50, shiny|100\/100\n|-ability|p2a: Chi-Yu|Beads of Ruin\n|turn|1\n|inactive|ivanfishy47 has 30 seconds left.\n|\n|t:|1683391712\n|-end|p2b: Flutter Mane|Protosynthesis|[silent]\n|switch|p2b: Dragonite|Dragonite, L50, M|100\/100\n|-terastallize|p1b: Garchomp|Ground\n|-terastallize|p2a: Chi-Yu|Grass\n|move|p1a: Talonflame|Tailwind|p1a: Talonflame\n|-sidestart|p1: TGH_sr|move: Tailwind\n|move|p1b: Garchomp|Earthquake|p2a: Chi-Yu|[spread] p2a\n|-immune|p1a: Talonflame\n|-immune|p2b: Dragonite\n|-resisted|p2a: Chi-Yu\n|-damage|p2a: Chi-Yu|65\/100\n|-damage|p1b: Garchomp|91\/100|[from] item: Life Orb\n|move|p2a: Chi-Yu|Will-O-Wisp|p1b: Garchomp|[miss]\n|-miss|p2a: Chi-Yu|p1b: Garchomp\n|\n|-heal|p2a: Chi-Yu|71\/100|[from] item: Leftovers\n|upkeep\n|turn|2\n|inactive|TGH_sr has 30 seconds left.\n|inactive|TGH_sr has 20 seconds left.\n|\n|t:|1683391748\n|move|p2b: Dragonite|Extreme Speed|p1a: Talonflame\n|-damage|p1a: Talonflame|58\/100\n|-damage|p2b: Dragonite|84\/100|[from] item: Rocky Helmet|[of] p1a: Talonflame\n|move|p1a: Talonflame|Brave Bird|p2a: Chi-Yu\n|-supereffective|p2a: Chi-Yu\n|-damage|p2a: Chi-Yu|2\/100\n|-damage|p1a: Talonflame|38\/100|[from] Recoil\n|move|p1b: Garchomp|Dragon Claw|p2b: Dragonite\n|-supereffective|p2b: Dragonite\n|-damage|p2b: Dragonite|0 fnt\n|faint|p2b: Dragonite\n|-damage|p1b: Garchomp|81\/100|[from] item: Life Orb\n|move|p2a: Chi-Yu|Snarl|p1a: Talonflame|[spread] p1a,p1b\n|-damage|p1a: Talonflame|6\/100\n|-damage|p1b: Garchomp|58\/100\n|-unboost|p1a: Talonflame|spa|1\n|-unboost|p1b: Garchomp|spa|1\n|\n|-heal|p2a: Chi-Yu|8\/100|[from] item: Leftovers\n|upkeep\n|\n|t:|1683391760\n|switch|p2b: Flutter Mane|Flutter Mane, L50, shiny|100\/100\n|turn|3\n|\n|t:|1683391776\n|-end|p2b: Flutter Mane|Protosynthesis|[silent]\n|switch|p2b: Ting-Lu|Ting-Lu, L50|100\/100\n|-ability|p2b: Ting-Lu|Vessel of Ruin\n|move|p2a: Chi-Yu|Protect|p2a: Chi-Yu\n|-singleturn|p2a: Chi-Yu|Protect\n|move|p1a: Talonflame|Brave Bird|p2a: Chi-Yu\n|-activate|p2a: Chi-Yu|move: Protect\n|move|p1b: Garchomp|Earthquake|p2a: Chi-Yu|[spread] p2b\n|-activate|p2a: Chi-Yu|move: Protect\n|-immune|p1a: Talonflame\n|-damage|p2b: Ting-Lu|70\/100\n|-damage|p1b: Garchomp|49\/100|[from] item: Life Orb\n|\n|-heal|p2a: Chi-Yu|13\/100|[from] item: Leftovers\n|upkeep\n|turn|4\n|\n|t:|1683391799\n|move|p2a: Chi-Yu|Protect|p2a: Chi-Yu\n|-singleturn|p2a: Chi-Yu|Protect\n|move|p1a: Talonflame|Will-O-Wisp|p2b: Ting-Lu\n|-status|p2b: Ting-Lu|brn\n|move|p1b: Garchomp|Earthquake|p2a: Chi-Yu|[spread] p2b\n|-activate|p2a: Chi-Yu|move: Protect\n|-immune|p1a: Talonflame\n|-damage|p2b: Ting-Lu|38\/100 brn\n|-damage|p1b: Garchomp|39\/100|[from] item: Life Orb\n|move|p2b: Ting-Lu|Throat Chop|p1b: Garchomp\n|-damage|p1b: Garchomp|25\/100\n|-start|p1b: Garchomp|Throat Chop|[silent]\n|-damage|p2b: Ting-Lu|26\/100 brn|[from] ability: Rough Skin|[of] p1b: Garchomp\n|\n|-heal|p2a: Chi-Yu|19\/100|[from] item: Leftovers\n|-damage|p2b: Ting-Lu|20\/100 brn|[from] brn\n|-sideend|p1: TGH_sr|move: Tailwind\n|upkeep\n|turn|5\n|inactive|TGH_sr has 30 seconds left.\n|\n|t:|1683391825\n|move|p2a: Chi-Yu|Protect||[still]\n|-fail|p2a: Chi-Yu\n|move|p1a: Talonflame|Tailwind|p1a: Talonflame\n|-sidestart|p1: TGH_sr|move: Tailwind\n|move|p1b: Garchomp|Earthquake|p2b: Ting-Lu|[spread] p2a,p2b\n|-immune|p1a: Talonflame\n|-resisted|p2a: Chi-Yu\n|-damage|p2a: Chi-Yu|0 fnt\n|-damage|p2b: Ting-Lu|0 fnt\n|faint|p2a: Chi-Yu\n|faint|p2b: Ting-Lu\n|-damage|p1b: Garchomp|16\/100|[from] item: Life Orb\n|\n|-end|p1b: Garchomp|Throat Chop|[silent]\n|upkeep\n|\n|t:|1683391832\n|switch|p2b: Flutter Mane|Flutter Mane, L50, shiny|100\/100\n|turn|6\n|\n|t:|1683391844\n|move|p1a: Talonflame|Brave Bird|p2b: Flutter Mane\n|-damage|p2b: Flutter Mane|49\/100\n|-damage|p1a: Talonflame|0 fnt|[from] Recoil\n|faint|p1a: Talonflame\n|move|p1b: Garchomp|Iron Head|p2b: Flutter Mane\n|-supereffective|p2b: Flutter Mane\n|-damage|p2b: Flutter Mane|0 fnt\n|faint|p2b: Flutter Mane\n|-end|p2b: Flutter Mane|Protosynthesis|[silent]\n|-damage|p1b: Garchomp|6\/100|[from] item: Life Orb\n|\n|win|TGH_sr\n|raw|TGH_sr's rating: 1281 → 1303<\/strong> (+22 for winning)\n|raw|ivanfishy47's rating: 1239 → 1217<\/strong> (-22 for losing)\n|l|\u2606ivanfishy47\n","uploadtime":1683391858,"views":11,"p1id":"tghsr","p2id":"ivanfishy47","formatid":"gen9vgc2023regulationc","rating":1217,"private":0,"password":""}