{"id":"gen9vgc2023regulationc-1844980192","p1":"UtrillaX","p2":"CoolSpot_VGC","format":"[Gen 9] VGC 2023 Regulation C","log":"|j|\u2606UtrillaX\n|j|\u2606CoolSpot_VGC\n|t:|1681670498\n|gametype|doubles\n|player|p1|UtrillaX|102|1308\n|player|p2|CoolSpot_VGC|bellelba|1312\n|teamsize|p1|6\n|teamsize|p2|6\n|gen|9\n|tier|[Gen 9] VGC 2023 Regulation C\n|rated|\n|rule|Species Clause: Limit one of each Pok\u00e9mon\n|rule|Item Clause: Limit one of each item\n|clearpoke\n|poke|p1|Annihilape, L50, M|\n|poke|p1|Palafin, L50, F|\n|poke|p1|Arcanine, L50, M|\n|poke|p1|Corviknight, L50, M|\n|poke|p1|Chien-Pao, L50|\n|poke|p1|Wo-Chien, L50|\n|poke|p2|Klefki, L50, F|\n|poke|p2|Chien-Pao, L50|\n|poke|p2|Tyranitar, L50, F|\n|poke|p2|Amoonguss, L50, F|\n|poke|p2|Flutter Mane, L50|\n|poke|p2|Gyarados, L50, M|\n|teampreview|4\nCoolSpot_VGC has agreed to open team sheets.\n|inactive|Battle timer is ON: inactive players will automatically lose when time's up. (requested by UtrillaX)\n|\n|t:|1681670561\n|start\n|switch|p1a: Annihilape|Annihilape, L50, M|100\/100\n|switch|p1b: Palafin|Palafin, L50, F|100\/100\n|switch|p2a: Klefki|Klefki, L50, F|100\/100\n|switch|p2b: Tyranitar|Tyranitar, L50, F|100\/100\n|-weather|Sandstorm|[from] ability: Sand Stream|[of] p2b: Tyranitar\n|turn|1\n|\n|t:|1681670572\n|detailschange|p1b: Palafin|Palafin-Hero, L50, F\n|switch|p1b: Wo-Chien|Wo-Chien, L50|100\/100\n|-ability|p1b: Wo-Chien|Tablets of Ruin\n|-terastallize|p2b: Tyranitar|Flying\n|move|p2a: Klefki|Reflect|p2a: Klefki\n|-sidestart|p2: CoolSpot_VGC|Reflect\n|move|p1a: Annihilape|Final Gambit|p2b: Tyranitar\n|-damage|p2b: Tyranitar|0 fnt\n|faint|p1a: Annihilape\n|faint|p2b: Tyranitar\n|\n|-weather|Sandstorm|[upkeep]\n|-damage|p1b: Wo-Chien|94\/100|[from] Sandstorm\n|-heal|p1b: Wo-Chien|100\/100|[from] item: Leftovers\n|upkeep\n|\n|t:|1681670591\n|switch|p1a: Corviknight|Corviknight, L50, M|100\/100\n|switch|p2b: Flutter Mane|Flutter Mane, L50|100\/100\n|-enditem|p2b: Flutter Mane|Booster Energy\n|-activate|p2b: Flutter Mane|ability: Protosynthesis|[fromitem]\n|-start|p2b: Flutter Mane|protosynthesisspa\n|turn|2\n|\n|t:|1681670606\n|-terastallize|p1b: Wo-Chien|Water\n|move|p2a: Klefki|Thunder Wave|p1a: Corviknight\n|-status|p1a: Corviknight|par\n|-enditem|p1a: Corviknight|Lum Berry|[eat]\n|-curestatus|p1a: Corviknight|par|[msg]\n|move|p2b: Flutter Mane|Hex|p1a: Corviknight\n|-damage|p1a: Corviknight|58\/100\n|move|p1b: Wo-Chien|Leech Seed|p2a: Klefki|[miss]\n|-miss|p1b: Wo-Chien|p2a: Klefki\n|move|p1a: Corviknight|Iron Head|p2b: Flutter Mane\n|-supereffective|p2b: Flutter Mane\n|-damage|p2b: Flutter Mane|62\/100\n|\n|-weather|Sandstorm|[upkeep]\n|-damage|p2b: Flutter Mane|56\/100|[from] Sandstorm\n|-damage|p1b: Wo-Chien|94\/100|[from] Sandstorm\n|-heal|p1b: Wo-Chien|100\/100|[from] item: Leftovers\n|upkeep\n|turn|3\n|inactive|CoolSpot_VGC has 30 seconds left.\n|\n|t:|1681670638\n|move|p2a: Klefki|Thunder Wave|p1a: Corviknight\n|-status|p1a: Corviknight|par\n|move|p2b: Flutter Mane|Hex|p1a: Corviknight\n|-damage|p1a: Corviknight|0 fnt\n|faint|p1a: Corviknight\n|move|p1b: Wo-Chien|Leech Seed|p2a: Klefki\n|-start|p2a: Klefki|move: Leech Seed\n|\n|-weather|Sandstorm|[upkeep]\n|-damage|p2b: Flutter Mane|50\/100|[from] Sandstorm\n|-damage|p1b: Wo-Chien|94\/100|[from] Sandstorm\n|-heal|p1b: Wo-Chien|100\/100|[from] item: Leftovers\n|-damage|p2a: Klefki|88\/100|[from] Leech Seed|[of] p1b: Wo-Chien\n|upkeep\n|\n|t:|1681670650\n|switch|p1a: Palafin|Palafin-Hero, L50, F|100\/100\n|-activate|p1a: Palafin|ability: Zero to Hero\n|turn|4\n|\n|t:|1681670661\n|switch|p2a: Amoonguss|Amoonguss, L50, F|100\/100\n|move|p2b: Flutter Mane|Protect|p2b: Flutter Mane\n|-singleturn|p2b: Flutter Mane|Protect\n|move|p1a: Palafin|Protect|p1a: Palafin\n|-singleturn|p1a: Palafin|Protect\n|move|p1b: Wo-Chien|Leech Seed|p2b: Flutter Mane\n|-activate|p2b: Flutter Mane|move: Protect\n|\n|-weather|Sandstorm|[upkeep]\n|-damage|p2b: Flutter Mane|44\/100|[from] Sandstorm\n|-damage|p1a: Palafin|95\/100|[from] Sandstorm\n|-damage|p1b: Wo-Chien|94\/100|[from] Sandstorm\n|-damage|p2a: Amoonguss|95\/100|[from] Sandstorm\n|-heal|p1b: Wo-Chien|100\/100|[from] item: Leftovers\n|upkeep\n|turn|5\n|\n|t:|1681670686\n|move|p1a: Palafin|Protect||[still]\n|-fail|p1a: Palafin\n|move|p2a: Amoonguss|Rage Powder|p2a: Amoonguss\n|-singleturn|p2a: Amoonguss|move: Rage Powder\n|move|p2b: Flutter Mane|Moonblast|p1a: Palafin\n|-damage|p1a: Palafin|39\/100\n|-unboost|p1a: Palafin|spa|1\n|move|p1b: Wo-Chien|Snarl|p2b: Flutter Mane|[spread] p2a,p2b\n|-damage|p2a: Amoonguss|82\/100\n|-damage|p2b: Flutter Mane|32\/100\n|-unboost|p2a: Amoonguss|spa|1\n|-unboost|p2b: Flutter Mane|spa|1\n|\n|-weather|none\n|upkeep\n|turn|6\n|\n|t:|1681670701\n|move|p2b: Flutter Mane|Protect|p2b: Flutter Mane\n|-singleturn|p2b: Flutter Mane|Protect\n|move|p1a: Palafin|Protect|p1a: Palafin\n|-singleturn|p1a: Palafin|Protect\n|move|p1b: Wo-Chien|Snarl|p2a: Amoonguss|[spread] p2a\n|-activate|p2b: Flutter Mane|move: Protect\n|-damage|p2a: Amoonguss|69\/100\n|-unboost|p2a: Amoonguss|spa|1\n|move|p2a: Amoonguss|Spore|p1a: Palafin\n|-activate|p1a: Palafin|move: Protect\n|\n|upkeep\n|turn|7\n|\n|t:|1681670715\n|move|p2a: Amoonguss|Rage Powder|p2a: Amoonguss\n|-singleturn|p2a: Amoonguss|move: Rage Powder\n|move|p2b: Flutter Mane|Moonblast|p1a: Palafin\n|-damage|p1a: Palafin|0 fnt\n|faint|p1a: Palafin\n|move|p1b: Wo-Chien|Snarl|p2a: Amoonguss|[spread] p2a,p2b\n|-damage|p2a: Amoonguss|58\/100\n|-damage|p2b: Flutter Mane|20\/100\n|-unboost|p2a: Amoonguss|spa|1\n|-unboost|p2b: Flutter Mane|spa|1\n|\n|upkeep\n|turn|8\n|\n|t:|1681670730\n|move|p2b: Flutter Mane|Protect|p2b: Flutter Mane\n|-singleturn|p2b: Flutter Mane|Protect\n|move|p1b: Wo-Chien|Leech Seed|p2b: Flutter Mane\n|-activate|p2b: Flutter Mane|move: Protect\n|move|p2a: Amoonguss|Spore|p1b: Wo-Chien\n|-status|p1b: Wo-Chien|slp|[from] move: Spore\n|\n|-sideend|p2: CoolSpot_VGC|Reflect\n|upkeep\n|turn|9\n|\n|t:|1681670739\n|move|p2b: Flutter Mane|Hex|p1b: Wo-Chien\n|-damage|p1b: Wo-Chien|72\/100 slp\n|cant|p1b: Wo-Chien|slp\n|move|p2a: Amoonguss|Pollen Puff|p2b: Flutter Mane\n|-heal|p2b: Flutter Mane|70\/100\n|\n|-heal|p1b: Wo-Chien|78\/100 slp|[from] item: Leftovers\n|upkeep\n|turn|10\n|-message|UtrillaX forfeited.\n|\n|win|CoolSpot_VGC\n|raw|UtrillaX's rating: 1308 → 1287<\/strong> (-21 for losing)\n|raw|CoolSpot_VGC's rating: 1294 → 1320<\/strong> (+26 for winning)\n|l|\u2606UtrillaX\n","uploadtime":1681670753,"views":8,"p1id":"utrillax","p2id":"coolspotvgc","formatid":"gen9vgc2023regulationc","rating":1287,"private":0,"password":""}