{"id":"gen9vgc2023regulationc-1850869326","p1":"Alexis_student","p2":"GOMEZ7296","format":"[Gen 9] VGC 2023 Regulation C","log":"|j|\u2606Alexis_student\n|j|\u2606GOMEZ7296\n|t:|1682376380\n|gametype|doubles\n|player|p1|Alexis_student|170|1272\n|player|p2|GOMEZ7296|102|1231\n|teamsize|p1|6\n|teamsize|p2|6\n|gen|9\n|tier|[Gen 9] VGC 2023 Regulation C\n|rated|\n|rule|Species Clause: Limit one of each Pok\u00e9mon\n|rule|Item Clause: Limit one of each item\n|clearpoke\n|poke|p1|Garchomp, L50, M|\n|poke|p1|Talonflame, L50, F|\n|poke|p1|Iron Bundle, L50|\n|poke|p1|Flutter Mane, L50|\n|poke|p1|Chi-Yu, L50|\n|poke|p1|Kingambit, L50, F|\n|poke|p2|Gholdengo, L50|\n|poke|p2|Garchomp, L50, M|\n|poke|p2|Talonflame, L50, M|\n|poke|p2|Iron Bundle, L50|\n|poke|p2|Chien-Pao, L50|\n|poke|p2|Dachsbun, L50, F|\n|teampreview|4\n|\n|t:|1682376419\n|start\n|switch|p1a: Talonflame|Talonflame, L50, F|100\/100\n|switch|p1b: Garchomp|Garchomp, L50, M|100\/100\n|switch|p2a: hola.|Talonflame, L50, M|100\/100\n|switch|p2b: Pajaropinto|Iron Bundle, L50|100\/100\n|-enditem|p2b: Pajaropinto|Booster Energy\n|-activate|p2b: Pajaropinto|ability: Quark Drive|[fromitem]\n|-start|p2b: Pajaropinto|quarkdrivespe\n|turn|1\n|\n|t:|1682376454\n|-terastallize|p1b: Garchomp|Dragon\n|move|p1a: Talonflame|Tailwind|p1a: Talonflame\n|-sidestart|p1: Alexis_student|move: Tailwind\n|move|p2a: hola.|Tailwind|p2a: hola.\n|-sidestart|p2: GOMEZ7296|move: Tailwind\n|move|p2b: Pajaropinto|Encore|p1a: Talonflame\n|-start|p1a: Talonflame|Encore\n|move|p1b: Garchomp|Rock Slide|p2a: hola.|[spread] p2a,p2b\n|-supereffective|p2a: hola.\n|-supereffective|p2b: Pajaropinto\n|-damage|p2a: hola.|0 fnt\n|-damage|p2b: Pajaropinto|35\/100\n|faint|p2a: hola.\n|-damage|p1b: Garchomp|91\/100|[from] item: Life Orb\n|\n|upkeep\n|\n|t:|1682376469\n|switch|p2a: Apetinitas|Dachsbun, L50, F|100\/100\n|turn|2\n|inactive|Battle timer is ON: inactive players will automatically lose when time's up. (requested by Alexis_student)\n|\n|t:|1682376513\n|switch|p1a: Kingambit|Kingambit, L50, F|100\/100\n|move|p2b: Pajaropinto|Hydro Pump|p1b: Garchomp\n|-resisted|p1b: Garchomp\n|-damage|p1b: Garchomp|63\/100\n|move|p1b: Garchomp|Rock Slide|p2b: Pajaropinto|[spread] p2a,p2b\n|-supereffective|p2b: Pajaropinto\n|-damage|p2a: Apetinitas|84\/100\n|-damage|p2b: Pajaropinto|0 fnt\n|faint|p2b: Pajaropinto\n|-end|p2b: Pajaropinto|Quark Drive|[silent]\n|-damage|p1b: Garchomp|53\/100|[from] item: Life Orb\n|move|p2a: Apetinitas|Yawn|p1b: Garchomp\n|-start|p1b: Garchomp|move: Yawn|[of] p2a: Apetinitas\n|\n|-heal|p2a: Apetinitas|90\/100|[from] item: Leftovers\n|upkeep\n|\n|t:|1682376528\n|switch|p2b: FLASH 2.0|Chien-Pao, L50|100\/100\n|-ability|p2b: FLASH 2.0|Sword of Ruin\n|turn|3\n|\n|t:|1682376549\n|switch|p1b: Talonflame|Talonflame, L50, F|100\/100\n|move|p2b: FLASH 2.0|Sacred Sword|p1a: Kingambit\n|-supereffective|p1a: Kingambit\n|-damage|p1a: Kingambit|0 fnt\n|faint|p1a: Kingambit\n|move|p2a: Apetinitas|Yawn|p1b: Talonflame\n|-start|p1b: Talonflame|move: Yawn|[of] p2a: Apetinitas\n|\n|-heal|p2a: Apetinitas|96\/100|[from] item: Leftovers\n|upkeep\n|\n|t:|1682376567\n|switch|p1a: Flutter Mane|Flutter Mane, L50|100\/100\n|turn|4\n|inactive|GOMEZ7296 has 30 seconds left.\n|inactive|GOMEZ7296 has 20 seconds left.\n|inactive|GOMEZ7296 has 15 seconds left.\n|inactive|GOMEZ7296 has 10 seconds left.\n|\n|t:|1682376615\n|-terastallize|p2b: FLASH 2.0|Dark\n|move|p2b: FLASH 2.0|Sucker Punch|p1a: Flutter Mane\n|-damage|p1a: Flutter Mane|0 fnt\n|faint|p1a: Flutter Mane\n|-end|p1a: Flutter Mane|Protosynthesis|[silent]\n|move|p1b: Talonflame|Taunt|p2a: Apetinitas\n|-start|p2a: Apetinitas|move: Taunt\n|move|p2a: Apetinitas|Play Rough|p1b: Talonflame\n|-resisted|p1b: Talonflame\n|-damage|p1b: Talonflame|77\/100\n|\n|-heal|p2a: Apetinitas|100\/100|[from] item: Leftovers\n|-end|p1b: Talonflame|move: Yawn|[silent]\n|-status|p1b: Talonflame|slp\n|-sideend|p2: GOMEZ7296|move: Tailwind\n|-sideend|p1: Alexis_student|move: Tailwind\n|upkeep\n|\n|t:|1682376632\n|switch|p1a: Garchomp|Garchomp, L50, M, tera:Dragon|53\/100\n|turn|5\n|\n|t:|1682376644\n|move|p2b: FLASH 2.0|Swords Dance|p2b: FLASH 2.0\n|-boost|p2b: FLASH 2.0|atk|2\n|cant|p1b: Talonflame|slp\n|move|p1a: Garchomp|Earthquake|p2a: Apetinitas|[spread] p2a,p2b\n|-immune|p1b: Talonflame\n|-damage|p2a: Apetinitas|47\/100\n|-damage|p2b: FLASH 2.0|34\/100\n|-damage|p1a: Garchomp|43\/100|[from] item: Life Orb\n|move|p2a: Apetinitas|Play Rough|p1a: Garchomp\n|-supereffective|p1a: Garchomp\n|-crit|p1a: Garchomp\n|-damage|p1a: Garchomp|0 fnt\n|-damage|p2a: Apetinitas|35\/100|[from] ability: Rough Skin|[of] p1a: Garchomp\n|faint|p1a: Garchomp\n|\n|-heal|p2a: Apetinitas|41\/100|[from] item: Leftovers\n|upkeep\n|turn|6\n|\n|t:|1682376668\n|move|p2b: FLASH 2.0|Ice Spinner|p2a: Apetinitas\n|-damage|p2a: Apetinitas|0 fnt\n|faint|p2a: Apetinitas\n|cant|p1b: Talonflame|slp\n|\n|upkeep\n|turn|7\n|\n|t:|1682376675\n|move|p2b: FLASH 2.0|Ice Spinner|p1b: Talonflame\n|-damage|p1b: Talonflame|0 fnt\n|faint|p1b: Talonflame\n|\n|win|GOMEZ7296\n|raw|Alexis_student's rating: 1272 → 1244<\/strong> (-28 for losing)\n|raw|GOMEZ7296's rating: 1231 → 1259<\/strong> (+28 for winning)\n|c|\u2606GOMEZ7296|XD\n","uploadtime":1682376682,"views":11,"p1id":"alexisstudent","p2id":"gomez7296","formatid":"gen9vgc2023regulationc","rating":1244,"private":0,"password":""}