{"id":"gen9vgc2023regulationc-1863886265","p1":"Pop593","p2":"Jnof","format":"[Gen 9] VGC 2023 Regulation C","log":"|j|\u2606Pop593\n|j|\u2606Jnof\n|t:|1684089471\n|gametype|doubles\n|player|p1|Pop593|hiker-gen4|1198\n|player|p2|Jnof|n|1125\n|teamsize|p1|6\n|teamsize|p2|6\n|gen|9\n|tier|[Gen 9] VGC 2023 Regulation C\n|rated|\n|rule|Species Clause: Limit one of each Pok\u00e9mon\n|rule|Item Clause: Limit one of each item\n|clearpoke\n|poke|p1|Ting-Lu, L50|\n|poke|p1|Flutter Mane, L50|\n|poke|p1|Amoonguss, L50, M|\n|poke|p1|Baxcalibur, L50, M|\n|poke|p1|Palafin, L50, F|\n|poke|p1|Arcanine, L50, F|\n|poke|p2|Hawlucha, L50, M|\n|poke|p2|Grafaiai, L50, M|\n|poke|p2|Flutter Mane, L50|\n|poke|p2|Chi-Yu, L50|\n|poke|p2|Iron Bundle, L50|\n|poke|p2|Dragapult, L50, M|\n|teampreview|4\n|j| caZISA\n|l| caZISA\n|\n|t:|1684089518\n|start\n|switch|p1a: Ting-Lu|Ting-Lu, L50|100\/100\n|switch|p1b: Amoonguss|Amoonguss, L50, M|100\/100\n|switch|p2a: Dragapult|Dragapult, L50, M|100\/100\n|switch|p2b: Grafaiai|Grafaiai, L50, M|100\/100\n|-ability|p1a: Ting-Lu|Vessel of Ruin\n|turn|1\n|inactive|Battle timer is ON: inactive players will automatically lose when time's up. (requested by Pop593)\n|inactive|Jnof has 60 seconds left.\n|\n|t:|1684089599\n|switch|p2b: Hawlucha|Hawlucha, L50, M|100\/100\n|move|p2a: Dragapult|Dragon Dance|p2a: Dragapult\n|-boost|p2a: Dragapult|atk|1\n|-boost|p2a: Dragapult|spe|1\n|move|p1a: Ting-Lu|Fissure|p2b: Hawlucha\n|-immune|p2b: Hawlucha\n|move|p1b: Amoonguss|Spore|p2a: Dragapult\n|-status|p2a: Dragapult|slp|[from] move: Spore\n|-enditem|p2a: Dragapult|Lum Berry|[eat]\n|-curestatus|p2a: Dragapult|slp|[msg]\n|\n|upkeep\n|turn|2\n|inactive|Pop593 has 30 seconds left.\n|inactive|Jnof has 30 seconds left.\n|\n|t:|1684089629\n|-terastallize|p2a: Dragapult|Fire\n|-terastallize|p1b: Amoonguss|Water\n|move|p2a: Dragapult|Tera Blast|p1b: Amoonguss\n|-resisted|p1b: Amoonguss\n|-damage|p1b: Amoonguss|74\/100\n|move|p2b: Hawlucha|Close Combat|p1a: Ting-Lu\n|-supereffective|p1a: Ting-Lu\n|-damage|p1a: Ting-Lu|33\/100\n|-unboost|p2b: Hawlucha|def|1\n|-unboost|p2b: Hawlucha|spd|1\n|move|p1a: Ting-Lu|Fissure|p2a: Dragapult|[miss]\n|-miss|p1a: Ting-Lu|p2a: Dragapult\n|move|p1b: Amoonguss|Spore|p2a: Dragapult\n|-status|p2a: Dragapult|slp|[from] move: Spore\n|\n|upkeep\n|turn|3\n|inactive|Pop593 has 30 seconds left.\n|\n|t:|1684089659\n|switch|p2a: Grafaiai|Grafaiai, L50, M|100\/100\n|switch|p1a: Baxcalibur|Baxcalibur, L50, M|100\/100\n|move|p2b: Hawlucha|Protect|p2b: Hawlucha\n|-singleturn|p2b: Hawlucha|Protect\n|move|p1b: Amoonguss|Spore|p2b: Hawlucha\n|-activate|p2b: Hawlucha|move: Protect\n|\n|upkeep\n|turn|4\n|inactive|Jnof has 30 seconds left.\n|\n|t:|1684089692\n|switch|p2b: Dragapult|Dragapult, L50, M, tera:Fire|100\/100 slp\n|move|p1a: Baxcalibur|Icicle Crash|p2b: Dragapult\n|-resisted|p2b: Dragapult\n|-damage|p2b: Dragapult|67\/100 slp\n|move|p2a: Grafaiai|Super Fang|p1a: Baxcalibur\n|-damage|p1a: Baxcalibur|51\/100\n|move|p1b: Amoonguss|Spore|p2a: Grafaiai\n|-status|p2a: Grafaiai|slp|[from] move: Spore\n|\n|upkeep\n|turn|5\n|inactive|Jnof has 30 seconds left.\n|\n|t:|1684089718\n|cant|p2b: Dragapult|slp\n|move|p1a: Baxcalibur|Glaive Rush|p2b: Dragapult\n|-damage|p2b: Dragapult|0 fnt\n|-singlemove|p1a: Baxcalibur|Glaive Rush|[silent]\n|faint|p2b: Dragapult\n|cant|p2a: Grafaiai|slp\n|move|p1b: Amoonguss|Pollen Puff|p1a: Baxcalibur\n|-heal|p1a: Baxcalibur|100\/100\n|\n|upkeep\n|\n|t:|1684089727\n|switch|p2b: Iron Bundle|Iron Bundle, L50|100\/100\n|-enditem|p2b: Iron Bundle|Booster Energy\n|-activate|p2b: Iron Bundle|ability: Quark Drive|[fromitem]\n|-start|p2b: Iron Bundle|quarkdrivespe\n|turn|6\n|inactive|Jnof has 30 seconds left.\n|\n|t:|1684089759\n|move|p1b: Amoonguss|Protect|p1b: Amoonguss\n|-singleturn|p1b: Amoonguss|Protect\n|move|p2b: Iron Bundle|Freeze-Dry|p1b: Amoonguss\n|-activate|p1b: Amoonguss|move: Protect\n|move|p1a: Baxcalibur|Glaive Rush|p2b: Iron Bundle\n|-damage|p2b: Iron Bundle|6\/100\n|-singlemove|p1a: Baxcalibur|Glaive Rush|[silent]\n|cant|p2a: Grafaiai|slp\n|\n|upkeep\n|turn|7\n|\n|t:|1684089774\n|move|p2b: Iron Bundle|Protect|p2b: Iron Bundle\n|-singleturn|p2b: Iron Bundle|Protect\n|move|p1a: Baxcalibur|Ice Shard|p2b: Iron Bundle\n|-activate|p2b: Iron Bundle|move: Protect\n|-curestatus|p2a: Grafaiai|slp|[msg]\n|move|p2a: Grafaiai|Encore|p1b: Amoonguss\n|-start|p1b: Amoonguss|Encore\n|move|p1b: Amoonguss|Protect||[still]\n|-fail|p1b: Amoonguss\n|\n|upkeep\n|turn|8\n|inactive|Jnof has 30 seconds left.\n|\n|t:|1684089806\n|switch|p1b: Flutter Mane|Flutter Mane, L50|100\/100\n|move|p1a: Baxcalibur|Ice Shard|p2b: Iron Bundle\n|-resisted|p2b: Iron Bundle\n|-damage|p2b: Iron Bundle|0 fnt\n|faint|p2b: Iron Bundle\n|-end|p2b: Iron Bundle|Quark Drive|[silent]\n|move|p2a: Grafaiai|Super Fang|p1a: Baxcalibur\n|-damage|p1a: Baxcalibur|51\/100\n|\n|upkeep\n|\n|t:|1684089810\n|switch|p2b: Hawlucha|Hawlucha, L50, M|100\/100\n|turn|9\n|inactive|Jnof has 30 seconds left.\n|\n|t:|1684089844\n|move|p2b: Hawlucha|Protect|p2b: Hawlucha\n|-singleturn|p2b: Hawlucha|Protect\n|move|p1a: Baxcalibur|Protect|p1a: Baxcalibur\n|-singleturn|p1a: Baxcalibur|Protect\n|move|p2a: Grafaiai|Swagger|p1b: Flutter Mane\n|-boost|p1b: Flutter Mane|atk|2\n|-enditem|p2b: Hawlucha|Mirror Herb\n|-boost|p2b: Hawlucha|atk|2|[from] item: Mirror Herb\n|-start|p1b: Flutter Mane|confusion\n|-activate|p1b: Flutter Mane|confusion\n|move|p1b: Flutter Mane|Thunderbolt|p2b: Hawlucha\n|-activate|p2b: Hawlucha|move: Protect\n|\n|upkeep\n|turn|10\n|inactive|Pop593 has 30 seconds left.\n|\n|t:|1684089876\n|switch|p1a: Amoonguss|Amoonguss, L50, M, tera:Water|100\/100\n|move|p2a: Grafaiai|Encore||[still]\n|-fail|p2a: Grafaiai\n|move|p2b: Hawlucha|Acrobatics|p1b: Flutter Mane\n|-damage|p1b: Flutter Mane|0 fnt\n|faint|p1b: Flutter Mane\n|-end|p1b: Flutter Mane|Protosynthesis|[silent]\n|\n|upkeep\n|\n|t:|1684089886\n|switch|p1b: Baxcalibur|Baxcalibur, L50, M|51\/100\n|turn|11\n|inactive|Pop593 has 30 seconds left.\n|inactive|Jnof has 30 seconds left.\n|inactive|Jnof has 20 seconds left.\n|\n|t:|1684089923\n|move|p2a: Grafaiai|Swagger|p1a: Amoonguss\n|-boost|p1a: Amoonguss|atk|2\n|-start|p1a: Amoonguss|confusion\n|move|p2b: Hawlucha|Rock Slide|p1a: Amoonguss|[spread] p1a,p1b\n|-supereffective|p1b: Baxcalibur\n|-damage|p1a: Amoonguss|71\/100\n|-damage|p1b: Baxcalibur|0 fnt\n|faint|p1b: Baxcalibur\n|-activate|p1a: Amoonguss|confusion\n|-damage|p1a: Amoonguss|59\/100|[from] confusion\n|\n|upkeep\n|\n|t:|1684089932\n|switch|p1b: Ting-Lu|Ting-Lu, L50|33\/100\n|-ability|p1b: Ting-Lu|Vessel of Ruin\n|turn|12\n|\n|t:|1684089945\n|move|p2b: Hawlucha|Acrobatics|p1b: Ting-Lu\n|-damage|p1b: Ting-Lu|0 fnt\n|faint|p1b: Ting-Lu\n|move|p2a: Grafaiai|Super Fang|p1a: Amoonguss\n|-damage|p1a: Amoonguss|30\/100\n|-enditem|p1a: Amoonguss|Sitrus Berry|[eat]\n|-heal|p1a: Amoonguss|55\/100|[from] item: Sitrus Berry\n|-end|p1a: Amoonguss|confusion\n|move|p1a: Amoonguss|Spore|p2b: Hawlucha\n|-status|p2b: Hawlucha|slp|[from] move: Spore\n|\n|upkeep\n|turn|13\n|\n|t:|1684089959\n|move|p2a: Grafaiai|Encore|p1a: Amoonguss\n|-start|p1a: Amoonguss|Encore\n|cant|p2b: Hawlucha|slp\n|move|p1a: Amoonguss|Spore|p2a: Grafaiai\n|-status|p2a: Grafaiai|slp|[from] move: Spore\n|\n|upkeep\n|turn|14\n|c|\u2606Jnof|gg\n|\n|t:|1684089973\n|cant|p2b: Hawlucha|slp\n|cant|p2a: Grafaiai|slp\n|move|p1a: Amoonguss|Spore|p2b: Hawlucha\n|-fail|p2b: Hawlucha|slp\n|\n|upkeep\n|turn|15\n|\n|t:|1684089985\n|-curestatus|p2b: Hawlucha|slp|[msg]\n|move|p2b: Hawlucha|Acrobatics|p1a: Amoonguss\n|-damage|p1a: Amoonguss|0 fnt\n|faint|p1a: Amoonguss\n|\n|win|Jnof\n|raw|Pop593's rating: 1198 → 1168<\/strong> (-30 for losing)\n|raw|Jnof's rating: 1125 → 1155<\/strong> (+30 for winning)\n|l|\u2606Pop593\n","uploadtime":1684090478,"views":9,"p1id":"pop593","p2id":"jnof","formatid":"gen9vgc2023regulationc","rating":1155,"private":0,"password":""}