{"id":"gen9vgc2023regulationc-1850513432","p1":"haha u rage quit","p2":"Yeehaw88","format":"[Gen 9] VGC 2023 Regulation C","log":"|j|\u2606haha u rage quit\n|j|\u2606Yeehaw88\n|t:|1682344627\n|gametype|doubles\n|player|p1|haha u rage quit|pokemaniac|1128\n|player|p2|Yeehaw88|cynthia-gen4|1192\n|teamsize|p1|6\n|teamsize|p2|6\n|gen|9\n|tier|[Gen 9] VGC 2023 Regulation C\n|rated|\n|rule|Species Clause: Limit one of each Pok\u00e9mon\n|rule|Item Clause: Limit one of each item\n|clearpoke\n|poke|p1|Torkoal, L50, M|\n|poke|p1|Dondozo, L50, M|\n|poke|p1|Indeedee-F, L50, F|\n|poke|p1|Kingambit, L50, M|\n|poke|p1|Hatterene, L50, F|\n|poke|p1|Armarouge, L50, M|\n|poke|p2|Breloom, L50, M|\n|poke|p2|Orthworm, L50, F|\n|poke|p2|Flutter Mane, L50|\n|poke|p2|Amoonguss, L50, M|\n|poke|p2|Tatsugiri-Droopy, L50, F|\n|poke|p2|Armarouge, L50, F|\n|teampreview|4\n|\n|t:|1682344672\n|start\n|switch|p1a: Indeedee|Indeedee-F, L50, F, shiny|100\/100\n|switch|p1b: Hatterene|Hatterene, L50, F|100\/100\n|switch|p2a: Armarouge|Armarouge, L50, F|100\/100\n|switch|p2b: Orthworm|Orthworm, L50, F|100\/100\n|-fieldstart|move: Psychic Terrain|[from] ability: Psychic Surge|[of] p1a: Indeedee\n|-enditem|p1a: Indeedee|Psychic Seed\n|-boost|p1a: Indeedee|spd|1|[from] item: Psychic Seed\n|turn|1\n|inactive|Battle timer is ON: inactive players will automatically lose when time's up. (requested by Yeehaw88)\n|inactive|haha u rage quit has 60 seconds left.\n|inactive|haha u rage quit has 30 seconds left.\n|inactive|haha u rage quit has 20 seconds left.\n|inactive|haha u rage quit has 15 seconds left.\n|inactive|haha u rage quit has 10 seconds left.\n|inactive|haha u rage quit has 5 seconds left.\n|\n|t:|1682344833\n|move|p1b: Hatterene|Protect|p1b: Hatterene\n|-singleturn|p1b: Hatterene|Protect\n|move|p2a: Armarouge|Armor Cannon|p1b: Hatterene\n|-activate|p1b: Hatterene|move: Protect\n|move|p2b: Orthworm|Shed Tail|p2b: Orthworm\n|-start|p2b: Orthworm|Substitute|[from] move: Shed Tail\n|-damage|p2b: Orthworm|50\/100\n|-enditem|p2b: Orthworm|Sitrus Berry|[eat]\n|-heal|p2b: Orthworm|75\/100|[from] item: Sitrus Berry\n|\n|t:|1682344843\n|switch|p2b: Breloom|Breloom, L50, M|100\/100|[from] Shed Tail\n|move|p1a: Indeedee|Trick Room|p1a: Indeedee\n|-fieldstart|move: Trick Room|[of] p1a: Indeedee\n|\n|-status|p2b: Breloom|tox|[from] item: Toxic Orb\n|upkeep\n|turn|2\n|inactive|haha u rage quit has 30 seconds left.\n|\n|t:|1682344869\n|switch|p1a: Kingambit|Kingambit, L50, M, shiny|100\/100\n|-singleturn|p2b: Breloom|move: Focus Punch\n|move|p1b: Hatterene|Dazzling Gleam|p2b: Breloom|[spread] p2a,p2b\n|-supereffective|p2b: Breloom\n|-end|p2b: Breloom|Substitute\n|-resisted|p2a: Armarouge\n|-damage|p2a: Armarouge|78\/100\n|-damage|p1b: Hatterene|91\/100|[from] item: Life Orb\n|move|p2a: Armarouge|Armor Cannon|p1b: Hatterene\n|-damage|p1b: Hatterene|30\/100\n|-unboost|p2a: Armarouge|def|1\n|-unboost|p2a: Armarouge|spd|1\n|move|p2b: Breloom|Focus Punch|p1a: Kingambit\n|-supereffective|p1a: Kingambit\n|-damage|p1a: Kingambit|0 fnt\n|faint|p1a: Kingambit\n|\n|upkeep\n|\n|t:|1682344890\n|switch|p1a: Torkoal|Torkoal, L50, M|100\/100\n|-weather|SunnyDay|[from] ability: Drought|[of] p1a: Torkoal\n|turn|3\n|\n|t:|1682344912\n|move|p2a: Armarouge|Wide Guard|p2a: Armarouge\n|-singleturn|p2a: Armarouge|Wide Guard\n|move|p1a: Torkoal|Earth Power|p2a: Armarouge\n|-supereffective|p2a: Armarouge\n|-damage|p2a: Armarouge|0 fnt\n|faint|p2a: Armarouge\n|move|p1b: Hatterene|Dazzling Gleam|p2b: Breloom\n|-activate|p2b: Breloom|move: Wide Guard\n|move|p2b: Breloom|Bulldoze|p1b: Hatterene|[spread] p1a,p1b\n|-supereffective|p1a: Torkoal\n|-damage|p1a: Torkoal|76\/100\n|-damage|p1b: Hatterene|11\/100\n|-unboost|p1a: Torkoal|spe|1\n|-unboost|p1b: Hatterene|spe|1\n|\n|-weather|SunnyDay|[upkeep]\n|upkeep\n|\n|t:|1682344925\n|switch|p2a: Orthworm|Orthworm, L50, F|75\/100\n|turn|4\n|\n|t:|1682344945\n|move|p1a: Torkoal|Eruption|p2b: Breloom|[spread] p2a,p2b\n|-supereffective|p2a: Orthworm\n|-supereffective|p2b: Breloom\n|-damage|p2a: Orthworm|0 fnt\n|-damage|p2b: Breloom|0 fnt\n|faint|p2a: Orthworm\n|faint|p2b: Breloom\n|move|p1b: Hatterene|Dazzling Gleam|p2: Orthworm|[notarget]\n|-fail|p1b: Hatterene\n|\n|-weather|SunnyDay|[upkeep]\n|upkeep\n|\n|t:|1682344950\n|switch|p2b: Flutter Mane|Flutter Mane, L50|100\/100\n|-activate|p2b: Flutter Mane|ability: Protosynthesis\n|-start|p2b: Flutter Mane|protosynthesisspe\n|turn|5\n|\n|t:|1682344959\n|switch|p1b: Indeedee|Indeedee-F, L50, F, shiny|100\/100\n|-terastallize|p2b: Flutter Mane|Fairy\n|move|p1a: Torkoal|Eruption|p2b: Flutter Mane\n|-damage|p2b: Flutter Mane|14\/100\n|move|p2b: Flutter Mane|Dazzling Gleam|p1a: Torkoal|[spread] p1a,p1b\n|-resisted|p1a: Torkoal\n|-damage|p1a: Torkoal|51\/100\n|-damage|p1b: Indeedee|72\/100\n|\n|-weather|SunnyDay|[upkeep]\n|-fieldend|move: Trick Room\n|-fieldend|move: Psychic Terrain\n|upkeep\n|turn|6\n|\n|t:|1682344977\n|move|p1b: Indeedee|Follow Me|p1b: Indeedee\n|-singleturn|p1b: Indeedee|move: Follow Me\n|move|p2b: Flutter Mane|Dazzling Gleam|p1b: Indeedee|[spread] p1a,p1b\n|-resisted|p1a: Torkoal\n|-damage|p1a: Torkoal|25\/100\n|-damage|p1b: Indeedee|47\/100\n|move|p1a: Torkoal|Heat Wave|p2b: Flutter Mane\n|-crit|p2b: Flutter Mane\n|-damage|p2b: Flutter Mane|0 fnt\n|faint|p2b: Flutter Mane\n|-end|p2b: Flutter Mane|Protosynthesis|[silent]\n|\n|win|haha u rage quit\n|raw|haha u rage quit's rating: 1128 → 1158<\/strong> (+30 for winning)\n|raw|Yeehaw88's rating: 1192 → 1162<\/strong> (-30 for losing)\n|l|\u2606Yeehaw88\n","uploadtime":1682344989,"views":22,"p1id":"hahauragequit","p2id":"yeehaw88","formatid":"gen9vgc2023regulationc","rating":1158,"private":0,"password":""}