{"id":"gen9vgc2023regulationc-1858019078","p1":"Smol Rain Time","p2":"Solerma","format":"[Gen 9] VGC 2023 Regulation C","log":"|j|\u2606Smol Rain Time\n|j|\u2606Solerma\n|t:|1683261208\n|gametype|doubles\n|player|p1|Smol Rain Time|penny|1051\n|player|p2|Solerma|backpacker|1104\n|teamsize|p1|6\n|teamsize|p2|6\n|gen|9\n|tier|[Gen 9] VGC 2023 Regulation C\n|rated|\n|rule|Species Clause: Limit one of each Pok\u00e9mon\n|rule|Item Clause: Limit one of each item\n|clearpoke\n|poke|p1|Pelipper, L50, M|\n|poke|p1|Iron Jugulis, L50|\n|poke|p1|Raichu, L50, F|\n|poke|p1|Palafin, L50, M|\n|poke|p1|Gyarados, L50, F|\n|poke|p1|Breloom, L50, F|\n|poke|p2|Chien-Pao, L50|\n|poke|p2|Gholdengo, L50|\n|poke|p2|Arcanine, L50, F|\n|poke|p2|Palafin, L50, F|\n|poke|p2|Flutter Mane, L50|\n|poke|p2|Amoonguss, L50, F|\n|teampreview|4\nSolerma has agreed to open team sheets.\n|\n|t:|1683261234\n|start\n|switch|p1a: Pelipper|Pelipper, L50, M|100\/100\n|switch|p1b: Iron Jugulis|Iron Jugulis, L50|100\/100\n|switch|p2a: Arcanine|Arcanine, L50, F|100\/100\n|switch|p2b: Amoonguss|Amoonguss, L50, F|100\/100\n|-ability|p2a: Arcanine|Intimidate|boost\n|-unboost|p1a: Pelipper|atk|1\n|-unboost|p1b: Iron Jugulis|atk|1\n|-weather|RainDance|[from] ability: Drizzle|[of] p1a: Pelipper\n|-enditem|p1b: Iron Jugulis|Booster Energy\n|-activate|p1b: Iron Jugulis|ability: Quark Drive|[fromitem]\n|-start|p1b: Iron Jugulis|quarkdrivespe\n|turn|1\n|\n|t:|1683261254\n|move|p1b: Iron Jugulis|Hurricane|p2b: Amoonguss\n|-supereffective|p2b: Amoonguss\n|-damage|p2b: Amoonguss|5\/100\n|-start|p2b: Amoonguss|confusion\n|move|p2a: Arcanine|Will-O-Wisp|p1b: Iron Jugulis\n|-status|p1b: Iron Jugulis|brn\n|move|p1a: Pelipper|Hurricane|p2b: Amoonguss\n|-supereffective|p2b: Amoonguss\n|-damage|p2b: Amoonguss|0 fnt\n|faint|p2b: Amoonguss\n|\n|-weather|RainDance|[upkeep]\n|-damage|p1b: Iron Jugulis|95\/100 brn|[from] brn\n|upkeep\n|\n|t:|1683261265\n|switch|p2b: Gholdengo|Gholdengo, L50|100\/100\n|turn|2\n|\n|t:|1683261277\n|-terastallize|p2b: Gholdengo|Water\n|move|p2a: Arcanine|Protect|p2a: Arcanine\n|-singleturn|p2a: Arcanine|Protect\n|move|p1a: Pelipper|Wide Guard|p1a: Pelipper\n|-singleturn|p1a: Pelipper|Wide Guard\n|move|p1b: Iron Jugulis|Dark Pulse|p2b: Gholdengo\n|-damage|p2b: Gholdengo|57\/100\n|move|p2b: Gholdengo|Thunderbolt|p1a: Pelipper\n|-supereffective|p1a: Pelipper\n|-enditem|p1a: Pelipper|Focus Sash\n|-damage|p1a: Pelipper|1\/100\n|\n|-weather|RainDance|[upkeep]\n|-damage|p1b: Iron Jugulis|89\/100 brn|[from] brn\n|upkeep\n|turn|3\n|\n|t:|1683261294\n|move|p1a: Pelipper|Protect|p1a: Pelipper\n|-singleturn|p1a: Pelipper|Protect\n|move|p2b: Gholdengo|Protect|p2b: Gholdengo\n|-singleturn|p2b: Gholdengo|Protect\n|move|p2a: Arcanine|Extreme Speed|p1a: Pelipper\n|-activate|p1a: Pelipper|move: Protect\n|move|p1b: Iron Jugulis|Hurricane|p2b: Gholdengo\n|-activate|p2b: Gholdengo|move: Protect\n|\n|-weather|RainDance|[upkeep]\n|-damage|p1b: Iron Jugulis|83\/100 brn|[from] brn\n|upkeep\n|turn|4\n|\n|t:|1683261312\n|switch|p1a: Breloom|Breloom, L50, F|100\/100\n|switch|p2b: Chien-Pao|Chien-Pao, L50|100\/100\n|-ability|p2b: Chien-Pao|Sword of Ruin\n|move|p1b: Iron Jugulis|Hurricane|p2b: Chien-Pao\n|-damage|p2b: Chien-Pao|13\/100\n|move|p2a: Arcanine|Flare Blitz|p1a: Breloom\n|-supereffective|p1a: Breloom\n|-damage|p1a: Breloom|28\/100\n|-damage|p2a: Arcanine|84\/100|[from] Recoil\n|\n|-weather|RainDance|[upkeep]\n|-damage|p1b: Iron Jugulis|77\/100 brn|[from] brn\n|-status|p1a: Breloom|tox|[from] item: Toxic Orb\n|upkeep\n|turn|5\n|\n|t:|1683261347\n|-terastallize|p1b: Iron Jugulis|Dark\n|move|p2b: Chien-Pao|Protect|p2b: Chien-Pao\n|-singleturn|p2b: Chien-Pao|Protect\n|move|p1a: Breloom|Protect|p1a: Breloom\n|-singleturn|p1a: Breloom|Protect\n|move|p1b: Iron Jugulis|Hydro Pump|p2a: Arcanine\n|-supereffective|p2a: Arcanine\n|-damage|p2a: Arcanine|0 fnt\n|faint|p2a: Arcanine\n|\n|-weather|none\n|-heal|p1a: Breloom|40\/100 tox|[from] ability: Poison Heal\n|-damage|p1b: Iron Jugulis|71\/100 brn|[from] brn\n|upkeep\n|\n|t:|1683261356\n|switch|p2a: Gholdengo|Gholdengo, L50, tera:Water|57\/100\n|turn|6\n|\n|t:|1683261380\n|switch|p1a: Pelipper|Pelipper, L50, M|1\/100\n|-weather|RainDance|[from] ability: Drizzle|[of] p1a: Pelipper\n|move|p2b: Chien-Pao|Sucker Punch||[still]\n|-fail|p2b: Chien-Pao\n|move|p1b: Iron Jugulis|Hurricane|p2a: Gholdengo\n|-damage|p2a: Gholdengo|0 fnt\n|faint|p2a: Gholdengo\n|\n|-weather|RainDance|[upkeep]\n|-damage|p1b: Iron Jugulis|65\/100 brn|[from] brn\n|upkeep\n|turn|7\n|\n|t:|1683261398\n|move|p2b: Chien-Pao|Sucker Punch||[still]\n|-fail|p2b: Chien-Pao\n|move|p1b: Iron Jugulis|Hurricane|p2b: Chien-Pao\n|-damage|p2b: Chien-Pao|0 fnt\n|faint|p2b: Chien-Pao\n|\n|win|Smol Rain Time\n|raw|Smol Rain Time's rating: 1051 → 1088<\/strong> (+37 for winning)\n|raw|Solerma's rating: 1104 → 1075<\/strong> (-29 for losing)\n|l|\u2606Solerma\n","uploadtime":1683261406,"views":6,"p1id":"smolraintime","p2id":"solerma","formatid":"gen9vgc2023regulationc","rating":1075,"private":0,"password":""}