{"id":"gen9vgc2023regulationc-1852411482","p1":"hancec","p2":"Rest9","format":"[Gen 9] VGC 2023 Regulation C","log":"|j|\u2606hancec\n|j|\u2606Rest9\n|t:|1682554332\n|gametype|doubles\n|player|p1|hancec|gentleman-gen4dp|1601\n|player|p2|Rest9|2|1540\n|teamsize|p1|6\n|teamsize|p2|6\n|gen|9\n|tier|[Gen 9] VGC 2023 Regulation C\n|rated|\n|rule|Species Clause: Limit one of each Pok\u00e9mon\n|rule|Item Clause: Limit one of each item\n|clearpoke\n|poke|p1|Ting-Lu, L50|\n|poke|p1|Amoonguss, L50, M|\n|poke|p1|Flutter Mane, L50|\n|poke|p1|Garganacl, L50, F|\n|poke|p1|Arcanine, L50, M|\n|poke|p1|Iron Bundle, L50|\n|poke|p2|Glimmora, L50, F|\n|poke|p2|Chi-Yu, L50|\n|poke|p2|Dondozo, L50, F|\n|poke|p2|Tatsugiri-Droopy, L50, F|\n|poke|p2|Iron Bundle, L50|\n|poke|p2|Scizor, L50, F|\n|teampreview|4\nhancec has agreed to open team sheets.\n|inactive|Battle timer is ON: inactive players will automatically lose when time's up. (requested by Rest9)\n|j| w2lnut\n|inactive|hancec has 60 seconds left.\n|inactive|Rest9 has 60 seconds left.\n|\n|t:|1682554377\n|start\n|switch|p1a: Arcanine|Arcanine, L50, M, shiny|100\/100\n|switch|p1b: Ting-Lu|Ting-Lu, L50|100\/100\n|switch|p2a: Scizor|Scizor, L50, F|100\/100\n|switch|p2b: Dondozo|Dondozo, L50, F|100\/100\n|-ability|p1a: Arcanine|Intimidate|boost\n|-unboost|p2a: Scizor|atk|1\n|-fail|p2b: Dondozo|unboost|[from] item: Clear Amulet|[of] p2b: Dondozo\n|-ability|p1b: Ting-Lu|Vessel of Ruin\n|turn|1\n|inactive|hancec has 30 seconds left.\n|inactive|hancec has 20 seconds left.\n|l|\u2606Rest9\n|inactive|Rest9 disconnected and has a minute to reconnect!\n|player|p2|\n|inactive|hancec has 15 seconds left.\n|\n|t:|1682554419\n|switch|p2a: Tatsugiri|Tatsugiri-Droopy, L50, F|100\/100\n|-activate|p2a: Tatsugiri|ability: Commander|[of] p2b: Dondozo\n|-boost|p2b: Dondozo|atk|2\n|-boost|p2b: Dondozo|spa|2\n|-boost|p2b: Dondozo|spe|2\n|-boost|p2b: Dondozo|def|2\n|-boost|p2b: Dondozo|spd|2\n|-terastallize|p2b: Dondozo|Fire\n|-terastallize|p1b: Ting-Lu|Poison\n|move|p2b: Dondozo|Wave Crash|p1b: Ting-Lu\n|-crit|p1b: Ting-Lu\n|-damage|p1b: Ting-Lu|13\/100\n|-damage|p2b: Dondozo|67\/100|[from] Recoil\n|move|p1a: Arcanine|Flare Blitz|p2a: Tatsugiri|[miss]\n|-miss|p1a: Arcanine|p2a: Tatsugiri\n|move|p1b: Ting-Lu|Ruination|p2b: Dondozo\n|-damage|p2b: Dondozo|34\/100\n|\n|upkeep\n|turn|2\n|j|\u2606Rest9\n|inactive|Rest9 reconnected and has 55 seconds left.\n|player|p2|Rest9|2\n|\n|t:|1682554433\n|switch|p1b: Amoonguss|Amoonguss, L50, M, shiny|100\/100\n|move|p1a: Arcanine|Protect|p1a: Arcanine\n|-singleturn|p1a: Arcanine|Protect\n|move|p2b: Dondozo|Earthquake|p1a: Arcanine|[spread] p1b\n|-miss|p2b: Dondozo|p2a: Tatsugiri\n|-activate|p1a: Arcanine|move: Protect\n|-damage|p1b: Amoonguss|62\/100\n|\n|upkeep\n|turn|3\n|\n|t:|1682554447\n|switch|p1a: Iron Bundle|Iron Bundle, L50, shiny|100\/100\n|move|p2b: Dondozo|Tera Blast|p1b: Amoonguss\n|-supereffective|p1b: Amoonguss\n|-damage|p1b: Amoonguss|0 fnt\n|faint|p1b: Amoonguss\n|\n|upkeep\n|\n|t:|1682554460\n|switch|p1b: Ting-Lu|Ting-Lu, L50, tera:Poison|13\/100\n|-ability|p1b: Ting-Lu|Vessel of Ruin\n|turn|4\n|\n|t:|1682554471\n|move|p1a: Iron Bundle|Hydro Pump|p2b: Dondozo\n|-supereffective|p2b: Dondozo\n|-damage|p2b: Dondozo|0 fnt\n|faint|p2b: Dondozo\n|move|p1b: Ting-Lu|Fissure|p2a: Tatsugiri|[miss]\n|-miss|p1b: Ting-Lu|p2a: Tatsugiri\n|\n|upkeep\n|\n|t:|1682554480\n|switch|p2b: Iron Bundle|Iron Bundle, L50, shiny|100\/100\n|-enditem|p2b: Iron Bundle|Booster Energy\n|-activate|p2b: Iron Bundle|ability: Quark Drive|[fromitem]\n|-start|p2b: Iron Bundle|quarkdrivespe\n|turn|5\n|\n|t:|1682554494\n|move|p2b: Iron Bundle|Freeze-Dry|p1a: Iron Bundle\n|-damage|p1a: Iron Bundle|47\/100\n|move|p2a: Tatsugiri|Muddy Water|p1a: Iron Bundle|[spread] p1a,p1b\n|-resisted|p1a: Iron Bundle\n|-damage|p1a: Iron Bundle|22\/100\n|-damage|p1b: Ting-Lu|1\/100\n|-unboost|p1b: Ting-Lu|accuracy|1\n|move|p1a: Iron Bundle|Freeze-Dry|p2a: Tatsugiri\n|-supereffective|p2a: Tatsugiri\n|-damage|p2a: Tatsugiri|0 fnt\n|faint|p2a: Tatsugiri\n|move|p1b: Ting-Lu|Stomping Tantrum|p2b: Iron Bundle\n|-damage|p2b: Iron Bundle|20\/100\n|\n|upkeep\n|\n|t:|1682554506\n|switch|p2a: Scizor|Scizor, L50, F|100\/100\n|turn|6\n|\n|t:|1682554522\n|move|p1a: Iron Bundle|Protect|p1a: Iron Bundle\n|-singleturn|p1a: Iron Bundle|Protect\n|move|p2a: Scizor|Bullet Punch|p1a: Iron Bundle\n|-activate|p1a: Iron Bundle|move: Protect\n|move|p2b: Iron Bundle|Freeze-Dry|p1b: Ting-Lu\n|-damage|p1b: Ting-Lu|0 fnt\n|faint|p1b: Ting-Lu\n|\n|upkeep\n|\n|t:|1682554528\n|switch|p1b: Arcanine|Arcanine, L50, M, shiny|100\/100\n|-ability|p1b: Arcanine|Intimidate|boost\n|-unboost|p2a: Scizor|atk|1\n|-unboost|p2b: Iron Bundle|atk|1\n|turn|7\n|\n|t:|1682554547\n|move|p1b: Arcanine|Extreme Speed|p2b: Iron Bundle\n|-damage|p2b: Iron Bundle|0 fnt\n|faint|p2b: Iron Bundle\n|-end|p2b: Iron Bundle|Quark Drive|[silent]\n|move|p2a: Scizor|Bullet Punch|p1a: Iron Bundle\n|-damage|p1a: Iron Bundle|0 fnt\n|faint|p1a: Iron Bundle\n|-end|p1a: Iron Bundle|Quark Drive|[silent]\n|\n|upkeep\n|turn|8\n|inactive|Rest9 has 30 seconds left.\n|-message|Rest9 forfeited.\n|\n|win|hancec\n|raw|hancec's rating: 1601 → 1618<\/strong> (+17 for winning)\n|raw|Rest9's rating: 1540 → 1523<\/strong> (-17 for losing)\n|l|\u2606Rest9\n|l| w2lnut\n","uploadtime":1682554581,"views":28,"p1id":"hancec","p2id":"rest9","formatid":"gen9vgc2023regulationc","rating":1523,"private":0,"password":""}