{"id":"gen9vgc2023regulationc-1864043558","p1":"Fake_pinkmilk","p2":"DiesTooMuch","format":"[Gen 9] VGC 2023 Regulation C","log":"|j|\u2606Fake_pinkmilk\n|j|\u2606DiesTooMuch\n|t:|1684109497\n|gametype|doubles\n|player|p1|Fake_pinkmilk|2|1061\n|player|p2|DiesTooMuch|266|1073\n|teamsize|p1|6\n|teamsize|p2|6\n|gen|9\n|tier|[Gen 9] VGC 2023 Regulation C\n|rated|\n|rule|Species Clause: Limit one of each Pok\u00e9mon\n|rule|Item Clause: Limit one of each item\n|clearpoke\n|poke|p1|Talonflame, L50, F|\n|poke|p1|Flutter Mane, L50|\n|poke|p1|Great Tusk, L50|\n|poke|p1|Roaring Moon, L50|\n|poke|p1|Arboliva, L50, M|\n|poke|p1|Chien-Pao, L50|\n|poke|p2|Indeedee-F, L50, F|\n|poke|p2|Armarouge, L50, F|\n|poke|p2|Tinkaton, L50, F|\n|poke|p2|Grimmsnarl, L50, M|\n|poke|p2|Kilowattrel, L50, F|\n|poke|p2|Ting-Lu, L50|\n|teampreview|4\n|l|\u2606Fake_pinkmilk\n|player|p1|\n|\n|t:|1684109571\n|start\n|switch|p1a: Arboliva|Arboliva, L50, M|100\/100\n|switch|p1b: Flutter Mane|Flutter Mane, L50|100\/100\n|switch|p2a: Indeedee|Indeedee-F, L50, F|100\/100\n|switch|p2b: Armarouge|Armarouge, L50, F|100\/100\n|-fieldstart|move: Psychic Terrain|[from] ability: Psychic Surge|[of] p2a: Indeedee\n|-enditem|p2a: Indeedee|Psychic Seed\n|-boost|p2a: Indeedee|spd|1|[from] item: Psychic Seed\n|turn|1\n|j|\u2606Fake_pinkmilk\n|player|p1|Fake_pinkmilk|2\n|\n|t:|1684109600\n|-terastallize|p1b: Flutter Mane|Steel\n|move|p2a: Indeedee|Helping Hand|p2b: Armarouge\n|-singleturn|p2b: Armarouge|Helping Hand|[of] p2a: Indeedee\n|move|p1b: Flutter Mane|Shadow Ball|p2b: Armarouge\n|-supereffective|p2b: Armarouge\n|-enditem|p2b: Armarouge|Focus Sash\n|-damage|p2b: Armarouge|1\/100\n|-unboost|p2b: Armarouge|spd|1\n|move|p2b: Armarouge|Expanding Force|p1b: Flutter Mane|[spread] p1a,p1b\n|-resisted|p1b: Flutter Mane\n|-damage|p1a: Arboliva|23\/100\n|-damage|p1b: Flutter Mane|60\/100\n|-enditem|p1a: Arboliva|Sitrus Berry|[eat]\n|-heal|p1a: Arboliva|48\/100|[from] item: Sitrus Berry\n|move|p1a: Arboliva|Sunny Day|p1a: Arboliva\n|-weather|SunnyDay\n|-activate|p1b: Flutter Mane|ability: Protosynthesis\n|-start|p1b: Flutter Mane|protosynthesisspa\n|\n|-weather|SunnyDay|[upkeep]\n|-heal|p1b: Flutter Mane|66\/100|[from] item: Leftovers\n|-item|p1a: Arboliva|Sitrus Berry|[from] ability: Harvest\n|upkeep\n|-enditem|p1a: Arboliva|Sitrus Berry|[eat]\n|-heal|p1a: Arboliva|72\/100|[from] item: Sitrus Berry\n|turn|2\n|\n|t:|1684109628\n|move|p2a: Indeedee|Follow Me|p2a: Indeedee\n|-singleturn|p2a: Indeedee|move: Follow Me\n|move|p1b: Flutter Mane|Dazzling Gleam|p2a: Indeedee|[spread] p2a,p2b\n|-resisted|p2b: Armarouge\n|-damage|p2a: Indeedee|77\/100\n|-damage|p2b: Armarouge|0 fnt\n|faint|p2b: Armarouge\n|move|p1a: Arboliva|Leech Seed|p2a: Indeedee|[miss]\n|-miss|p1a: Arboliva|p2a: Indeedee\n|\n|-weather|SunnyDay|[upkeep]\n|-heal|p1b: Flutter Mane|72\/100|[from] item: Leftovers\n|-item|p1a: Arboliva|Sitrus Berry|[from] ability: Harvest\n|upkeep\n|\n|t:|1684109650\n|switch|p2b: Kilowattrel|Kilowattrel, L50, F|100\/100\n|turn|3\n|\n|t:|1684109667\n|move|p1a: Arboliva|Protect|p1a: Arboliva\n|-singleturn|p1a: Arboliva|Protect\n|move|p2a: Indeedee|Follow Me|p2a: Indeedee\n|-singleturn|p2a: Indeedee|move: Follow Me\n|move|p2b: Kilowattrel|Tailwind|p2b: Kilowattrel\n|-sidestart|p2: DiesTooMuch|move: Tailwind\n|-start|p2b: Kilowattrel|Charge|Tailwind|[from] ability: Wind Power\n|move|p1b: Flutter Mane|Substitute|p1b: Flutter Mane\n|-start|p1b: Flutter Mane|Substitute\n|-damage|p1b: Flutter Mane|47\/100\n|\n|-weather|SunnyDay|[upkeep]\n|-heal|p1b: Flutter Mane|52\/100|[from] item: Leftovers\n|upkeep\n|turn|4\n|\n|t:|1684109685\n|switch|p2a: Ting-Lu|Ting-Lu, L50|100\/100\n|-ability|p2a: Ting-Lu|Vessel of Ruin\n|move|p2b: Kilowattrel|Discharge|p1a: Arboliva|[spread] p1a,p1b\n|-immune|p2a: Ting-Lu\n|-end|p1b: Flutter Mane|Substitute\n|-resisted|p1a: Arboliva\n|-damage|p1a: Arboliva|55\/100\n|-end|p2b: Kilowattrel|Charge|[silent]\n|move|p1b: Flutter Mane|Thunderbolt|p2b: Kilowattrel\n|-damage|p2b: Kilowattrel|39\/100\n|move|p1a: Arboliva|Leech Seed|p2a: Ting-Lu\n|-start|p2a: Ting-Lu|move: Leech Seed\n|\n|-weather|SunnyDay|[upkeep]\n|-heal|p1b: Flutter Mane|58\/100|[from] item: Leftovers\n|-damage|p2a: Ting-Lu|88\/100|[from] Leech Seed|[of] p1a: Arboliva\n|-heal|p1a: Arboliva|70\/100|[silent]\n|upkeep\n|turn|5\n|\n|t:|1684109710\n|-terastallize|p2a: Ting-Lu|Rock\n|move|p2b: Kilowattrel|Discharge|p1a: Arboliva|[spread] p2a,p1a,p1b\n|-resisted|p1a: Arboliva\n|-damage|p2a: Ting-Lu|70\/100\n|-damage|p1a: Arboliva|60\/100\n|-damage|p1b: Flutter Mane|41\/100\n|-status|p1b: Flutter Mane|par\n|move|p2a: Ting-Lu|Rock Slide|p1a: Arboliva|[spread] p1a,p1b\n|-resisted|p1b: Flutter Mane\n|-damage|p1a: Arboliva|30\/100\n|-damage|p1b: Flutter Mane|18\/100 par\n|-enditem|p1a: Arboliva|Sitrus Berry|[eat]\n|-heal|p1a: Arboliva|55\/100|[from] item: Sitrus Berry\n|-damage|p2a: Ting-Lu|60\/100|[from] item: Life Orb\n|cant|p1b: Flutter Mane|flinch\n|move|p1a: Arboliva|Solar Beam||[still]\n|-prepare|p1a: Arboliva|Solar Beam\n|-anim|p1a: Arboliva|Solar Beam|p2a: Ting-Lu\n|-supereffective|p2a: Ting-Lu\n|-damage|p2a: Ting-Lu|0 fnt\n|faint|p2a: Ting-Lu\n|\n|-weather|none\n|-end|p1b: Flutter Mane|Protosynthesis\n|-heal|p1b: Flutter Mane|24\/100 par|[from] item: Leftovers\n|-fieldend|move: Psychic Terrain\n|-item|p1a: Arboliva|Sitrus Berry|[from] ability: Harvest\n|upkeep\n|-message|DiesTooMuch forfeited.\n|\n|win|Fake_pinkmilk\n|raw|Fake_pinkmilk's rating: 1061 → 1093<\/strong> (+32 for winning)\n|raw|DiesTooMuch's rating: 1073 → 1051<\/strong> (-22 for losing)\n|l|\u2606DiesTooMuch\n","uploadtime":1684109748,"views":8,"p1id":"fakepinkmilk","p2id":"diestoomuch","formatid":"gen9vgc2023regulationc","rating":1051,"private":0,"password":""}