{"id":"gen9vgc2023regulationc-1863923743","p1":"AngelilloVGC","p2":"CBiard","format":"[Gen 9] VGC 2023 Regulation C","log":"|j|\u2606AngelilloVGC\n|j|\u203dCBiard\n|t:|1684093825\n|gametype|doubles\n|player|p1|AngelilloVGC|roughneck-gen4|1101\n|player|p2|CBiard|265|1135\n|teamsize|p1|6\n|teamsize|p2|6\n|gen|9\n|tier|[Gen 9] VGC 2023 Regulation C\n|rated|\n|rule|Species Clause: Limit one of each Pok\u00e9mon\n|rule|Item Clause: Limit one of each item\n|clearpoke\n|poke|p1|Amoonguss, L50, M|\n|poke|p1|Tyranitar, L50, F|\n|poke|p1|Rotom-Wash, L50|\n|poke|p1|Corviknight, L50, F|\n|poke|p1|Grimmsnarl, L50, M|\n|poke|p1|Arcanine, L50, M|\n|poke|p2|Chien-Pao, L50|\n|poke|p2|Flutter Mane, L50|\n|poke|p2|Gothitelle, L50, M|\n|poke|p2|Amoonguss, L50, F|\n|poke|p2|Palafin, L50, M|\n|poke|p2|Ting-Lu, L50|\n|teampreview|4\n|inactive|Battle timer is ON: inactive players will automatically lose when time's up. (requested by AngelilloVGC)\nCBiard has agreed to open team sheets.\n|\n|t:|1684093856\n|start\n|switch|p1a: Grimmsnarl|Grimmsnarl, L50, M, shiny|100\/100\n|switch|p1b: Corviknight|Corviknight, L50, F, shiny|100\/100\n|switch|p2a: Ting-Lu|Ting-Lu, L50|100\/100\n|switch|p2b: Palafin|Palafin, L50, M|100\/100\n|-ability|p2a: Ting-Lu|Vessel of Ruin\n|turn|1\n|\n|t:|1684093875\n|detailschange|p2b: Palafin|Palafin-Hero, L50, M\n|switch|p2b: Gothitelle|Gothitelle, L50, M|100\/100\n|move|p1a: Grimmsnarl|Reflect|p1a: Grimmsnarl\n|-sidestart|p1: AngelilloVGC|Reflect\n|move|p1b: Corviknight|Bulk Up|p1b: Corviknight\n|-boost|p1b: Corviknight|atk|1\n|-boost|p1b: Corviknight|def|1\n|move|p2a: Ting-Lu|Fissure|p1a: Grimmsnarl|[miss]\n|-miss|p2a: Ting-Lu|p1a: Grimmsnarl\n|\n|upkeep\n|turn|2\n|\n|t:|1684093896\n|move|p2b: Gothitelle|Fake Out|p1b: Corviknight\n|-resisted|p1b: Corviknight\n|-crit|p1b: Corviknight\n|-damage|p1b: Corviknight|97\/100\n|move|p1a: Grimmsnarl|Parting Shot|p2a: Ting-Lu\n|-hint|Since gen 7, Dark is immune to Prankster moves.\n|-immune|p2a: Ting-Lu\n|cant|p1b: Corviknight|flinch\n|move|p2a: Ting-Lu|Stomping Tantrum|p1a: Grimmsnarl\n|-damage|p1a: Grimmsnarl|62\/100\n|\n|-heal|p1b: Corviknight|100\/100|[from] item: Leftovers\n|upkeep\n|turn|3\n|\n|t:|1684093916\n|move|p2b: Gothitelle|Protect|p2b: Gothitelle\n|-singleturn|p2b: Gothitelle|Protect\n|move|p1a: Grimmsnarl|Parting Shot|p2b: Gothitelle\n|-activate|p2b: Gothitelle|move: Protect\n|move|p1b: Corviknight|Bulk Up|p1b: Corviknight\n|-boost|p1b: Corviknight|atk|1\n|-boost|p1b: Corviknight|def|1\n|move|p2a: Ting-Lu|Ruination|p1b: Corviknight\n|-damage|p1b: Corviknight|51\/100\n|\n|-heal|p1b: Corviknight|57\/100|[from] item: Leftovers\n|upkeep\n|turn|4\n|inactive|CBiard has 30 seconds left.\n|inactive|CBiard has 20 seconds left.\n|inactive|CBiard has 15 seconds left.\n|\n|t:|1684093958\n|switch|p2b: Chien-Pao|Chien-Pao, L50|100\/100\n|-ability|p2b: Chien-Pao|Sword of Ruin\n|move|p1a: Grimmsnarl|Parting Shot|p2b: Chien-Pao\n|-hint|Since gen 7, Dark is immune to Prankster moves.\n|-immune|p2b: Chien-Pao\n|move|p1b: Corviknight|Brave Bird|p2b: Chien-Pao\n|-damage|p2b: Chien-Pao|0 fnt\n|faint|p2b: Chien-Pao\n|-damage|p1b: Corviknight|32\/100|[from] Recoil\n|move|p2a: Ting-Lu|Ruination|p1b: Corviknight\n|-damage|p1b: Corviknight|16\/100\n|\n|-heal|p1b: Corviknight|22\/100|[from] item: Leftovers\n|upkeep\n|\n|t:|1684093976\n|switch|p2b: Palafin|Palafin-Hero, L50, M|100\/100\n|-activate|p2b: Palafin|ability: Zero to Hero\n|turn|5\n|\n|t:|1684093991\n|switch|p1b: Rotom|Rotom-Wash, L50|100\/100\n|move|p2b: Palafin|Protect|p2b: Palafin\n|-singleturn|p2b: Palafin|Protect\n|move|p1a: Grimmsnarl|Parting Shot|p2b: Palafin\n|-activate|p2b: Palafin|move: Protect\n|move|p2a: Ting-Lu|Stone Edge|p1b: Rotom|[miss]\n|-miss|p2a: Ting-Lu|p1b: Rotom\n|\n|upkeep\n|turn|6\n|inactive|CBiard has 30 seconds left.\n|inactive|CBiard has 20 seconds left.\n|\n|t:|1684094028\n|switch|p2a: Gothitelle|Gothitelle, L50, M|100\/100\n|-terastallize|p2b: Palafin|Water\n|move|p2b: Palafin|Jet Punch|p1a: Grimmsnarl\n|-damage|p1a: Grimmsnarl|15\/100\n|move|p1a: Grimmsnarl|Parting Shot|p2b: Palafin\n|-unboost|p2b: Palafin|atk|1\n|-unboost|p2b: Palafin|spa|1\n|\n|t:|1684094038\n|switch|p1a: Tyranitar|Tyranitar, L50, F, shiny|100\/100|[from] Parting Shot\n|-weather|Sandstorm|[from] ability: Sand Stream|[of] p1a: Tyranitar\n|move|p1b: Rotom|Nasty Plot|p1b: Rotom\n|-boost|p1b: Rotom|spa|2\n|\n|-weather|Sandstorm|[upkeep]\n|-damage|p2b: Palafin|95\/100|[from] Sandstorm\n|-damage|p1b: Rotom|95\/100|[from] Sandstorm\n|-damage|p2a: Gothitelle|94\/100|[from] Sandstorm\n|upkeep\n|turn|7\n|\n|t:|1684094056\n|switch|p2b: Ting-Lu|Ting-Lu, L50|100\/100\n|-ability|p2b: Ting-Lu|Vessel of Ruin\n|move|p2a: Gothitelle|Fake Out|p1b: Rotom\n|-damage|p1b: Rotom|90\/100\n|cant|p1b: Rotom|flinch\n|move|p1a: Tyranitar|Rock Slide|p2b: Ting-Lu|[spread] p2a,p2b\n|-resisted|p2b: Ting-Lu\n|-damage|p2a: Gothitelle|62\/100\n|-damage|p2b: Ting-Lu|91\/100\n|\n|-weather|Sandstorm|[upkeep]\n|-damage|p1b: Rotom|84\/100|[from] Sandstorm\n|-damage|p2a: Gothitelle|56\/100|[from] Sandstorm\n|upkeep\n|turn|8\n|inactive|CBiard has 30 seconds left.\n|\n|t:|1684094091\n|move|p1b: Rotom|Hydro Pump|p2b: Ting-Lu\n|-supereffective|p2b: Ting-Lu\n|-damage|p2b: Ting-Lu|27\/100\n|move|p2a: Gothitelle|Psychic|p1b: Rotom\n|-damage|p1b: Rotom|55\/100\n|move|p2b: Ting-Lu|Stone Edge|p1b: Rotom\n|-damage|p1b: Rotom|36\/100\n|-enditem|p1b: Rotom|Sitrus Berry|[eat]\n|-heal|p1b: Rotom|60\/100|[from] item: Sitrus Berry\n|move|p1a: Tyranitar|Avalanche|p2b: Ting-Lu\n|-supereffective|p2b: Ting-Lu\n|-damage|p2b: Ting-Lu|1\/100\n|\n|-weather|Sandstorm|[upkeep]\n|-damage|p1b: Rotom|55\/100|[from] Sandstorm\n|-damage|p2a: Gothitelle|50\/100|[from] Sandstorm\n|-enditem|p2a: Gothitelle|Sitrus Berry|[eat]\n|-heal|p2a: Gothitelle|75\/100|[from] item: Sitrus Berry\n|-sideend|p1: AngelilloVGC|Reflect\n|upkeep\n|turn|9\n|inactive|CBiard has 30 seconds left.\n|inactive|CBiard has 20 seconds left.\n|inactive|CBiard has 15 seconds left.\n|\n|t:|1684094134\n|move|p1a: Tyranitar|Protect|p1a: Tyranitar\n|-singleturn|p1a: Tyranitar|Protect\n|move|p1b: Rotom|Hydro Pump|p2b: Ting-Lu\n|-supereffective|p2b: Ting-Lu\n|-damage|p2b: Ting-Lu|0 fnt\n|faint|p2b: Ting-Lu\n|move|p2a: Gothitelle|Psychic|p1b: Rotom\n|-damage|p1b: Rotom|16\/100\n|\n|-weather|Sandstorm|[upkeep]\n|-damage|p1b: Rotom|10\/100|[from] Sandstorm\n|-damage|p2a: Gothitelle|68\/100|[from] Sandstorm\n|upkeep\n|\n|t:|1684094147\n|switch|p2b: Palafin|Palafin-Hero, L50, M, tera:Water|95\/100\n|turn|10\n|inactive|AngelilloVGC has 30 seconds left.\n|inactive|AngelilloVGC has 20 seconds left.\n|inactive|AngelilloVGC has 15 seconds left.\n|inactive|AngelilloVGC has 10 seconds left.\n|inactive|AngelilloVGC has 5 seconds left.\n|\n|t:|1684094202\n|move|p2b: Palafin|Protect|p2b: Palafin\n|-singleturn|p2b: Palafin|Protect\n|move|p1b: Rotom|Hydro Pump|p2a: Gothitelle\n|-damage|p2a: Gothitelle|0 fnt\n|faint|p2a: Gothitelle\n|move|p1a: Tyranitar|Rock Slide|p2b: Palafin\n|-activate|p2b: Palafin|move: Protect\n|\n|-weather|none\n|upkeep\n|turn|11\n|inactive|AngelilloVGC has 30 seconds left.\n|inactive|AngelilloVGC has 20 seconds left.\n|inactive|AngelilloVGC has 15 seconds left.\n|\n|t:|1684094243\n|move|p1a: Tyranitar|Protect|p1a: Tyranitar\n|-singleturn|p1a: Tyranitar|Protect\n|move|p2b: Palafin|Jet Punch|p1b: Rotom\n|-resisted|p1b: Rotom\n|-damage|p1b: Rotom|0 fnt\n|faint|p1b: Rotom\n|\n|upkeep\n|\n|t:|1684094248\n|switch|p1b: Grimmsnarl|Grimmsnarl, L50, M, shiny|15\/100\n|turn|12\n|\n|t:|1684094257\n|move|p2b: Palafin|Jet Punch|p1b: Grimmsnarl\n|-crit|p1b: Grimmsnarl\n|-damage|p1b: Grimmsnarl|0 fnt\n|faint|p1b: Grimmsnarl\n|move|p1a: Tyranitar|Rock Slide|p2b: Palafin\n|-damage|p2b: Palafin|57\/100\n|\n|upkeep\n|\n|t:|1684094260\n|switch|p1b: Corviknight|Corviknight, L50, F, shiny|22\/100\n|turn|13\n|\n|t:|1684094269\n|move|p2b: Palafin|Jet Punch|p1b: Corviknight\n|-damage|p1b: Corviknight|0 fnt\n|faint|p1b: Corviknight\n|move|p1a: Tyranitar|Rock Slide|p2b: Palafin\n|-damage|p2b: Palafin|14\/100\n|\n|upkeep\n|turn|14\n|\n|t:|1684094279\n|move|p2b: Palafin|Close Combat|p1a: Tyranitar\n|-supereffective|p1a: Tyranitar\n|-damage|p1a: Tyranitar|0 fnt\n|-unboost|p2b: Palafin|def|1\n|-unboost|p2b: Palafin|spd|1\n|faint|p1a: Tyranitar\n|\n|win|CBiard\n|raw|AngelilloVGC's rating: 1101 → 1078<\/strong> (-23 for losing)\n|raw|CBiard's rating: 1135 → 1158<\/strong> (+23 for winning)\n|l|\u2606AngelilloVGC\n","uploadtime":1684094290,"views":3,"p1id":"angelillovgc","p2id":"cbiard","formatid":"gen9vgc2023regulationc","rating":1078,"private":0,"password":""}