{"id":"gen9vgc2023regulationc-1849316532","p1":"Floorgle","p2":"Kirizoaro","format":"[Gen 9] VGC 2023 Regulation C","log":"|j|\u2606Floorgle\n|j|\u2606Kirizoaro\n|t:|1682185123\n|gametype|doubles\n|player|p1|Floorgle|hilda-masters3|1206\n|player|p2|Kirizoaro|lance|1257\n|teamsize|p1|6\n|teamsize|p2|6\n|gen|9\n|tier|[Gen 9] VGC 2023 Regulation C\n|rated|\n|rule|Species Clause: Limit one of each Pok\u00e9mon\n|rule|Item Clause: Limit one of each item\n|clearpoke\n|poke|p1|Ting-Lu, L50|\n|poke|p1|Roaring Moon, L50|\n|poke|p1|Amoonguss, L50, F|\n|poke|p1|Arcanine, L50, M|\n|poke|p1|Annihilape, L50, F|\n|poke|p1|Flutter Mane, L50|\n|poke|p2|Dondozo, L50, M|\n|poke|p2|Tatsugiri-Stretchy, L50, M|\n|poke|p2|Chi-Yu, L50|\n|poke|p2|Flutter Mane, L50|\n|poke|p2|Dragonite, L50, M|\n|poke|p2|Glimmora, L50, F|\n|teampreview|4\n|inactive|Battle timer is ON: inactive players will automatically lose when time's up. (requested by Floorgle)\n|inactive|Floorgle has 60 seconds left.\n|inactive|Kirizoaro has 60 seconds left.\n|\n|t:|1682185169\n|start\n|switch|p1a: Roaring Moon|Roaring Moon, L50|100\/100\n|switch|p1b: Flutter Mane|Flutter Mane, L50|100\/100\n|switch|p2a: Glimmora|Glimmora, L50, F|100\/100\n|switch|p2b: Dondozo|Dondozo, L50, M|100\/100\n|-enditem|p1a: Roaring Moon|Booster Energy\n|-activate|p1a: Roaring Moon|ability: Protosynthesis|[fromitem]\n|-start|p1a: Roaring Moon|protosynthesisspe\n|turn|1\n|\n|t:|1682185181\n|move|p1a: Roaring Moon|Breaking Swipe|p2a: Glimmora|[spread] p2a,p2b\n|-damage|p2a: Glimmora|72\/100\n|-damage|p2b: Dondozo|86\/100\n|-unboost|p2a: Glimmora|atk|1\n|-unboost|p2b: Dondozo|atk|1\n|-activate|p2a: Glimmora|ability: Toxic Debris\n|-sidestart|p1: Floorgle|move: Toxic Spikes\n|move|p1b: Flutter Mane|Shadow Ball|p2a: Glimmora\n|-damage|p2a: Glimmora|17\/100\n|move|p2a: Glimmora|Toxic|p1b: Flutter Mane\n|-status|p1b: Flutter Mane|tox\n|move|p2b: Dondozo|Yawn|p1a: Roaring Moon\n|-start|p1a: Roaring Moon|move: Yawn|[of] p2b: Dondozo\n|\n|-damage|p1b: Flutter Mane|94\/100 tox|[from] psn\n|upkeep\n|turn|2\n|\n|t:|1682185196\n|move|p2a: Glimmora|Spiky Shield|p2a: Glimmora\n|-singleturn|p2a: Glimmora|move: Protect\n|move|p2b: Dondozo|Protect|p2b: Dondozo\n|-singleturn|p2b: Dondozo|Protect\n|move|p1a: Roaring Moon|Tailwind|p1a: Roaring Moon\n|-sidestart|p1: Floorgle|move: Tailwind\n|move|p1b: Flutter Mane|Shadow Ball|p2a: Glimmora\n|-activate|p2a: Glimmora|move: Protect\n|\n|-damage|p1b: Flutter Mane|82\/100 tox|[from] psn\n|-end|p1a: Roaring Moon|move: Yawn|[silent]\n|-status|p1a: Roaring Moon|slp\n|upkeep\n|turn|3\n|\n|t:|1682185217\n|-end|p1a: Roaring Moon|Protosynthesis|[silent]\n|switch|p1a: Arcanine|Arcanine, L50, M|100\/100\n|-status|p1a: Arcanine|psn\n|-ability|p1a: Arcanine|Intimidate|boost\n|-unboost|p2a: Glimmora|atk|1\n|-unboost|p2b: Dondozo|atk|1\n|move|p1b: Flutter Mane|Moonblast|p2b: Dondozo\n|-damage|p2b: Dondozo|50\/100\n|-enditem|p2b: Dondozo|Sitrus Berry|[eat]\n|-heal|p2b: Dondozo|75\/100|[from] item: Sitrus Berry\n|move|p2a: Glimmora|Power Gem|p1a: Arcanine\n|-supereffective|p1a: Arcanine\n|-damage|p1a: Arcanine|15\/100 psn\n|move|p2b: Dondozo|Wave Crash|p1a: Arcanine\n|-supereffective|p1a: Arcanine\n|-damage|p1a: Arcanine|0 fnt\n|faint|p1a: Arcanine\n|-damage|p2b: Dondozo|71\/100|[from] Recoil\n|\n|-damage|p1b: Flutter Mane|64\/100 tox|[from] psn\n|upkeep\n|\n|t:|1682185228\n|switch|p1a: Ting-Lu|Ting-Lu, L50|100\/100\n|-status|p1a: Ting-Lu|psn\n|-ability|p1a: Ting-Lu|Vessel of Ruin\n|turn|4\n|\n|t:|1682185240\n|-terastallize|p1a: Ting-Lu|Poison\n|move|p2a: Glimmora|Spiky Shield|p2a: Glimmora\n|-singleturn|p2a: Glimmora|move: Protect\n|move|p2b: Dondozo|Protect|p2b: Dondozo\n|-singleturn|p2b: Dondozo|Protect\n|move|p1b: Flutter Mane|Shadow Ball|p2a: Glimmora\n|-activate|p2a: Glimmora|move: Protect\n|move|p1a: Ting-Lu|Ruination|p2b: Dondozo\n|-activate|p2b: Dondozo|move: Protect\n|\n|-damage|p1b: Flutter Mane|39\/100 tox|[from] psn\n|-damage|p1a: Ting-Lu|88\/100 psn|[from] psn\n|upkeep\n|turn|5\n|\n|t:|1682185264\n|move|p1b: Flutter Mane|Moonblast|p2b: Dondozo\n|-damage|p2b: Dondozo|43\/100\n|-unboost|p2b: Dondozo|spa|1\n|move|p2a: Glimmora|Earth Power|p1a: Ting-Lu\n|-supereffective|p1a: Ting-Lu\n|-damage|p1a: Ting-Lu|71\/100 psn\n|move|p1a: Ting-Lu|Ruination|p2b: Dondozo\n|-damage|p2b: Dondozo|22\/100\n|move|p2b: Dondozo|Wave Crash|p1a: Ting-Lu\n|-damage|p1a: Ting-Lu|60\/100 psn\n|-damage|p2b: Dondozo|18\/100|[from] Recoil\n|\n|-damage|p1b: Flutter Mane|8\/100 tox|[from] psn\n|-damage|p1a: Ting-Lu|48\/100 psn|[from] psn\n|-sideend|p1: Floorgle|move: Tailwind\n|upkeep\n|turn|6\n|\n|t:|1682185279\n|move|p2a: Glimmora|Spiky Shield|p2a: Glimmora\n|-singleturn|p2a: Glimmora|move: Protect\n|move|p2b: Dondozo|Protect|p2b: Dondozo\n|-singleturn|p2b: Dondozo|Protect\n|move|p1b: Flutter Mane|Moonblast|p2b: Dondozo\n|-activate|p2b: Dondozo|move: Protect\n|move|p1a: Ting-Lu|Stomping Tantrum|p2a: Glimmora\n|-activate|p2a: Glimmora|move: Protect\n|-damage|p1a: Ting-Lu|36\/100 psn|[from] Spiky Shield|[of] p2a: Glimmora\n|\n|-damage|p1b: Flutter Mane|0 fnt|[from] psn\n|faint|p1b: Flutter Mane\n|-end|p1b: Flutter Mane|Protosynthesis|[silent]\n|-damage|p1a: Ting-Lu|23\/100 psn|[from] psn\n|upkeep\n|\n|t:|1682185281\n|switch|p1b: Roaring Moon|Roaring Moon, L50|100\/100 slp\n|turn|7\n|\n|t:|1682185300\n|cant|p1b: Roaring Moon|slp\n|move|p2a: Glimmora|Power Gem|p1b: Roaring Moon\n|-damage|p1b: Roaring Moon|72\/100 slp\n|move|p2b: Dondozo|Bulldoze|p1a: Ting-Lu|[spread] p2a,p1a,p1b\n|-supereffective|p2a: Glimmora\n|-supereffective|p1a: Ting-Lu\n|-damage|p2a: Glimmora|0 fnt\n|-damage|p1a: Ting-Lu|18\/100 psn\n|-damage|p1b: Roaring Moon|66\/100 slp\n|-unboost|p1a: Ting-Lu|spe|1\n|-unboost|p1b: Roaring Moon|spe|1\n|-activate|p2a: Glimmora|ability: Toxic Debris\n|-sidestart|p1: Floorgle|move: Toxic Spikes\n|faint|p2a: Glimmora\n|move|p1a: Ting-Lu|Stomping Tantrum|p2b: Dondozo\n|-damage|p2b: Dondozo|2\/100\n|\n|-damage|p1a: Ting-Lu|6\/100 psn|[from] psn\n|upkeep\n|\n|t:|1682185313\n|switch|p2a: Flutter Mane|Flutter Mane, L50|100\/100\n|-enditem|p2a: Flutter Mane|Booster Energy\n|-activate|p2a: Flutter Mane|ability: Protosynthesis|[fromitem]\n|-start|p2a: Flutter Mane|protosynthesisspe\n|turn|8\n|\n|t:|1682185325\n|-terastallize|p2a: Flutter Mane|Steel\n|cant|p1b: Roaring Moon|slp\n|move|p2b: Dondozo|Protect|p2b: Dondozo\n|-singleturn|p2b: Dondozo|Protect\n|move|p2a: Flutter Mane|Moonblast|p1b: Roaring Moon\n|-supereffective|p1b: Roaring Moon\n|-damage|p1b: Roaring Moon|0 fnt\n|faint|p1b: Roaring Moon\n|-end|p1b: Roaring Moon|Protosynthesis|[silent]\n|move|p1a: Ting-Lu|Heavy Slam|p2a: Flutter Mane\n|-resisted|p2a: Flutter Mane\n|-damage|p2a: Flutter Mane|73\/100\n|\n|-damage|p1a: Ting-Lu|0 fnt|[from] psn\n|faint|p1a: Ting-Lu\n|\n|win|Kirizoaro\n|upkeep\n|raw|Floorgle's rating: 1206 → 1185<\/strong> (-21 for losing)\n|raw|Kirizoaro's rating: 1257 → 1278<\/strong> (+21 for winning)\n|c|\u2606Floorgle|gg\n|l|\u2606Floorgle\n","uploadtime":1682185342,"views":4,"p1id":"floorgle","p2id":"kirizoaro","formatid":"gen9vgc2023regulationc","rating":1185,"private":0,"password":""}