{"id":"gen9vgc2023regulationc-1848760770","p1":"Blazewing99","p2":"klGF","format":"[Gen 9] VGC 2023 Regulation C","log":"|j|\u2606Blazewing99\n|j|\u2606klGF\n|t:|1682107700\n|gametype|doubles\n|player|p1|Blazewing99|2|1177\n|player|p2|klGF|pokefan-gen4|1203\n|teamsize|p1|6\n|teamsize|p2|6\n|gen|9\n|tier|[Gen 9] VGC 2023 Regulation C\n|rated|\n|rule|Species Clause: Limit one of each Pok\u00e9mon\n|rule|Item Clause: Limit one of each item\n|clearpoke\n|poke|p1|Wo-Chien, L50|\n|poke|p1|Glimmora, L50, M|\n|poke|p1|Baxcalibur, L50, M|\n|poke|p1|Tinkaton, L50, F|\n|poke|p1|Talonflame, L50, F|\n|poke|p1|Flutter Mane, L50|\n|poke|p2|Chi-Yu, L50|\n|poke|p2|Flutter Mane, L50|\n|poke|p2|Indeedee-F, L50, F|\n|poke|p2|Armarouge, L50, F|\n|poke|p2|Torkoal, L50, M|\n|poke|p2|Annihilape, L50, F|\n|teampreview|4\n|inactive|Battle timer is ON: inactive players will automatically lose when time's up. (requested by klGF)\n|\n|t:|1682107728\n|start\n|switch|p1a: Glimmora|Glimmora, L50, M|100\/100\n|switch|p1b: Wo-Chien|Wo-Chien, L50|100\/100\n|switch|p2a: Indeedee|Indeedee-F, L50, F|100\/100\n|switch|p2b: Flutter Mane|Flutter Mane, L50|100\/100\n|-fieldstart|move: Psychic Terrain|[from] ability: Psychic Surge|[of] p2a: Indeedee\n|-enditem|p2a: Indeedee|Psychic Seed\n|-boost|p2a: Indeedee|spd|1|[from] item: Psychic Seed\n|-ability|p1b: Wo-Chien|Tablets of Ruin\n|turn|1\n|\n|t:|1682107743\n|move|p2a: Indeedee|Helping Hand|p2b: Flutter Mane\n|-singleturn|p2b: Flutter Mane|Helping Hand|[of] p2a: Indeedee\n|move|p2b: Flutter Mane|Dazzling Gleam|p1a: Glimmora|[spread] p1a,p1b\n|-resisted|p1a: Glimmora\n|-supereffective|p1b: Wo-Chien\n|-damage|p1a: Glimmora|52\/100\n|-damage|p1b: Wo-Chien|19\/100\n|move|p1a: Glimmora|Stealth Rock|p2a: Indeedee\n|-sidestart|p2: klGF|move: Stealth Rock\n|move|p1b: Wo-Chien|Leech Seed|p2a: Indeedee\n|-start|p2a: Indeedee|move: Leech Seed\n|\n|-heal|p1b: Wo-Chien|25\/100|[from] item: Leftovers\n|-damage|p2a: Indeedee|88\/100|[from] Leech Seed|[of] p1b: Wo-Chien\n|-heal|p1b: Wo-Chien|36\/100|[silent]\n|upkeep\n|turn|2\n|\n|t:|1682107755\n|move|p2a: Indeedee|Helping Hand|p2b: Flutter Mane\n|-singleturn|p2b: Flutter Mane|Helping Hand|[of] p2a: Indeedee\n|move|p1b: Wo-Chien|Protect|p1b: Wo-Chien\n|-singleturn|p1b: Wo-Chien|Protect\n|move|p2b: Flutter Mane|Dazzling Gleam|p1b: Wo-Chien|[spread] p1a\n|-activate|p1b: Wo-Chien|move: Protect\n|-resisted|p1a: Glimmora\n|-damage|p1a: Glimmora|7\/100\n|move|p1a: Glimmora|Sludge Bomb|p2b: Flutter Mane\n|-damage|p2b: Flutter Mane|50\/100\n|\n|-heal|p1b: Wo-Chien|42\/100|[from] item: Leftovers\n|-damage|p2a: Indeedee|75\/100|[from] Leech Seed|[of] p1b: Wo-Chien\n|-heal|p1b: Wo-Chien|53\/100|[silent]\n|upkeep\n|turn|3\n|inactive|Blazewing99 has 30 seconds left.\n|inactive|Blazewing99 has 20 seconds left.\n|inactive|Blazewing99 has 15 seconds left.\n|\n|t:|1682107796\n|-terastallize|p1b: Wo-Chien|Poison\n|move|p2a: Indeedee|Helping Hand|p2b: Flutter Mane\n|-singleturn|p2b: Flutter Mane|Helping Hand|[of] p2a: Indeedee\n|move|p2b: Flutter Mane|Dazzling Gleam|p1b: Wo-Chien|[spread] p1a,p1b\n|-resisted|p1a: Glimmora\n|-resisted|p1b: Wo-Chien\n|-damage|p1a: Glimmora|0 fnt\n|-damage|p1b: Wo-Chien|33\/100\n|faint|p1a: Glimmora\n|move|p1b: Wo-Chien|Giga Drain|p2b: Flutter Mane\n|-damage|p2b: Flutter Mane|22\/100\n|-heal|p1b: Wo-Chien|42\/100|[from] drain|[of] p2b: Flutter Mane\n|\n|-heal|p1b: Wo-Chien|48\/100|[from] item: Leftovers\n|-damage|p2a: Indeedee|63\/100|[from] Leech Seed|[of] p1b: Wo-Chien\n|-heal|p1b: Wo-Chien|60\/100|[silent]\n|upkeep\n|\n|t:|1682107800\n|switch|p1a: Flutter Mane|Flutter Mane, L50|100\/100\n|-enditem|p1a: Flutter Mane|Booster Energy\n|-activate|p1a: Flutter Mane|ability: Protosynthesis|[fromitem]\n|-start|p1a: Flutter Mane|protosynthesisspe\n|turn|4\n|\n|t:|1682107818\n|move|p1a: Flutter Mane|Dazzling Gleam|p2b: Flutter Mane|[spread] p2a,p2b\n|-damage|p2a: Indeedee|49\/100\n|-damage|p2b: Flutter Mane|0 fnt\n|faint|p2b: Flutter Mane\n|-end|p2b: Flutter Mane|Protosynthesis|[silent]\n|move|p1b: Wo-Chien|Giga Drain|p2a: Indeedee\n|-damage|p2a: Indeedee|37\/100\n|-heal|p1b: Wo-Chien|65\/100|[from] drain|[of] p2a: Indeedee\n|move|p2a: Indeedee|Trick Room|p2a: Indeedee\n|-fieldstart|move: Trick Room|[of] p2a: Indeedee\n|\n|-heal|p1b: Wo-Chien|71\/100|[from] item: Leftovers\n|-damage|p2a: Indeedee|24\/100|[from] Leech Seed|[of] p1b: Wo-Chien\n|-heal|p1b: Wo-Chien|83\/100|[silent]\n|upkeep\n|\n|t:|1682107828\n|switch|p2b: Torkoal|Torkoal, L50, M|100\/100\n|-damage|p2b: Torkoal|75\/100|[from] Stealth Rock\n|-weather|SunnyDay|[from] ability: Drought|[of] p2b: Torkoal\n|turn|5\n|\n|t:|1682107842\n|move|p2b: Torkoal|Eruption|p1b: Wo-Chien|[spread] p1a,p1b\n|-damage|p1a: Flutter Mane|29\/100\n|-damage|p1b: Wo-Chien|48\/100\n|move|p1b: Wo-Chien|Leech Seed|p2b: Torkoal\n|-start|p2b: Torkoal|move: Leech Seed\n|move|p2a: Indeedee|Dazzling Gleam|p1a: Flutter Mane|[spread] p1a,p1b\n|-resisted|p1b: Wo-Chien\n|-damage|p1a: Flutter Mane|14\/100\n|-damage|p1b: Wo-Chien|44\/100\n|move|p1a: Flutter Mane|Shadow Ball|p2b: Torkoal\n|-damage|p2b: Torkoal|20\/100\n|\n|-weather|SunnyDay|[upkeep]\n|-heal|p1b: Wo-Chien|50\/100|[from] item: Leftovers\n|-damage|p2b: Torkoal|8\/100|[from] Leech Seed|[of] p1b: Wo-Chien\n|-heal|p1b: Wo-Chien|62\/100|[silent]\n|-damage|p2a: Indeedee|12\/100|[from] Leech Seed|[of] p1b: Wo-Chien\n|-heal|p1b: Wo-Chien|73\/100|[silent]\n|-fieldend|move: Psychic Terrain\n|upkeep\n|turn|6\n|\n|t:|1682107855\n|move|p2a: Indeedee|Helping Hand|p2b: Torkoal\n|-singleturn|p2b: Torkoal|Helping Hand|[of] p2a: Indeedee\n|move|p1b: Wo-Chien|Protect|p1b: Wo-Chien\n|-singleturn|p1b: Wo-Chien|Protect\n|move|p1a: Flutter Mane|Protect|p1a: Flutter Mane\n|-singleturn|p1a: Flutter Mane|Protect\n|move|p2b: Torkoal|Earth Power|p1b: Wo-Chien\n|-activate|p1b: Wo-Chien|move: Protect\n|\n|-weather|SunnyDay|[upkeep]\n|-heal|p1b: Wo-Chien|79\/100|[from] item: Leftovers\n|-damage|p2b: Torkoal|0 fnt|[from] Leech Seed|[of] p1b: Wo-Chien\n|-heal|p1b: Wo-Chien|86\/100|[silent]\n|faint|p2b: Torkoal\n|-damage|p2a: Indeedee|0 fnt|[from] Leech Seed|[of] p1b: Wo-Chien\n|-heal|p1b: Wo-Chien|96\/100|[silent]\n|faint|p2a: Indeedee\n|upkeep\n|\n|t:|1682107860\n|switch|p2a: Armarouge|Armarouge, L50, F|100\/100\n|-damage|p2a: Armarouge|75\/100|[from] Stealth Rock\n|turn|7\n|\n|t:|1682107885\n|-terastallize|p2a: Armarouge|Psychic\n|move|p1b: Wo-Chien|Leech Seed|p2a: Armarouge\n|-start|p2a: Armarouge|move: Leech Seed\n|move|p2a: Armarouge|Expanding Force|p1b: Wo-Chien\n|-supereffective|p1b: Wo-Chien\n|-damage|p1b: Wo-Chien|1\/100\n|-damage|p2a: Armarouge|66\/100|[from] item: Life Orb\n|move|p1a: Flutter Mane|Shadow Ball|p2a: Armarouge\n|-supereffective|p2a: Armarouge\n|-crit|p2a: Armarouge\n|-damage|p2a: Armarouge|0 fnt\n|faint|p2a: Armarouge\n|\n|win|Blazewing99\n|raw|Blazewing99's rating: 1177 → 1204<\/strong> (+27 for winning)\n|raw|klGF's rating: 1203 → 1176<\/strong> (-27 for losing)\n|l|\u2606klGF\n","uploadtime":1682107921,"views":14,"p1id":"blazewing99","p2id":"klgf","formatid":"gen9vgc2023regulationc","rating":1176,"private":0,"password":""}