{"id":"gen9vgc2023regulationc-1863203136","p1":"Lefties Chi-Yu","p2":"Getmelit","format":"[Gen 9] VGC 2023 Regulation C","log":"|j|\u2606Lefties Chi-Yu\n|j|\u2606Getmelit\n|t:|1683987805\n|gametype|doubles\n|player|p1|Lefties Chi-Yu|acetrainer-gen6xy|\n|player|p2|Getmelit|101|\n|teamsize|p1|6\n|teamsize|p2|6\n|gen|9\n|tier|[Gen 9] VGC 2023 Regulation C\n|rule|Species Clause: Limit one of each Pok\u00e9mon\n|rule|Item Clause: Limit one of each item\n|clearpoke\n|poke|p1|Murkrow, L50, M|\n|poke|p1|Flutter Mane, L50|\n|poke|p1|Iron Bundle, L50|\n|poke|p1|Great Tusk, L50|\n|poke|p1|Gholdengo, L50|\n|poke|p1|Amoonguss, L50, M|\n|poke|p2|Murkrow, L50, M|\n|poke|p2|Great Tusk, L50|\n|poke|p2|Gyarados, L50, F|\n|poke|p2|Amoonguss, L50, F|\n|poke|p2|Flutter Mane, L50|\n|poke|p2|Chi-Yu, L50|\n|teampreview|4\nGetmelit has agreed to open team sheets.\nLefties Chi-Yu has agreed to open team sheets.\n|\n|t:|1683987851\n|start\n|switch|p1a: Great Tusk|Great Tusk, L50|100\/100\n|switch|p1b: Murkrow|Murkrow, L50, M|100\/100\n|switch|p2a: Murkrow|Murkrow, L50, M|100\/100\n|switch|p2b: Great Tusk|Great Tusk, L50|100\/100\n|turn|1\n|\n|t:|1683987884\n|-terastallize|p2b: Great Tusk|Ground\n|move|p1b: Murkrow|Tailwind|p1b: Murkrow\n|-sidestart|p1: Lefties Chi-Yu|move: Tailwind\n|move|p2a: Murkrow|Sunny Day|p2a: Murkrow\n|-weather|SunnyDay\n|-activate|p1a: Great Tusk|ability: Protosynthesis\n|-start|p1a: Great Tusk|protosynthesisatk\n|-activate|p2b: Great Tusk|ability: Protosynthesis\n|-start|p2b: Great Tusk|protosynthesisatk\n|move|p1a: Great Tusk|Close Combat|p2b: Great Tusk\n|-damage|p2b: Great Tusk|37\/100\n|-unboost|p1a: Great Tusk|def|1\n|-unboost|p1a: Great Tusk|spd|1\n|move|p2b: Great Tusk|Headlong Rush|p1a: Great Tusk\n|-damage|p1a: Great Tusk|0 fnt\n|-unboost|p2b: Great Tusk|def|1\n|-unboost|p2b: Great Tusk|spd|1\n|faint|p1a: Great Tusk\n|-end|p1a: Great Tusk|Protosynthesis|[silent]\n|\n|-weather|SunnyDay|[upkeep]\n|upkeep\n|\n|t:|1683987915\n|switch|p1a: Gholdengo|Gholdengo, L50|100\/100\n|turn|2\n|\n|t:|1683987930\n|-end|p2b: Great Tusk|Protosynthesis|[silent]\n|switch|p2b: Amoonguss|Amoonguss, L50, F|100\/100\n|-terastallize|p1a: Gholdengo|Water\n|move|p2a: Murkrow|Tailwind|p2a: Murkrow\n|-sidestart|p2: Getmelit|move: Tailwind\n|move|p1a: Gholdengo|Nasty Plot|p1a: Gholdengo\n|-boost|p1a: Gholdengo|spa|2\n|move|p1b: Murkrow|Foul Play|p2b: Amoonguss\n|-damage|p2b: Amoonguss|81\/100\n|-damage|p1b: Murkrow|84\/100|[from] item: Rocky Helmet|[of] p2b: Amoonguss\n|\n|-weather|SunnyDay|[upkeep]\n|upkeep\n|turn|3\n|\n|t:|1683987985\n|move|p2a: Murkrow|Haze|p2a: Murkrow\n|-clearallboost\n|move|p1a: Gholdengo|Make It Rain|p2b: Amoonguss|[spread] p2a,p2b\n|-damage|p2a: Murkrow|57\/100\n|-damage|p2b: Amoonguss|36\/100\n|-unboost|p1a: Gholdengo|spa|1\n|move|p1b: Murkrow|Foul Play|p2b: Amoonguss\n|-damage|p2b: Amoonguss|15\/100\n|-damage|p1b: Murkrow|68\/100|[from] item: Rocky Helmet|[of] p2b: Amoonguss\n|move|p2b: Amoonguss|Spore|p1b: Murkrow\n|-status|p1b: Murkrow|slp|[from] move: Spore\n|\n|-weather|SunnyDay|[upkeep]\n|upkeep\n|turn|4\n|\n|t:|1683988009\n|switch|p1b: Iron Bundle|Iron Bundle, L50|100\/100\n|-enditem|p1b: Iron Bundle|Booster Energy\n|-activate|p1b: Iron Bundle|ability: Quark Drive|[fromitem]\n|-start|p1b: Iron Bundle|quarkdrivespe\n|move|p1a: Gholdengo|Nasty Plot|p1a: Gholdengo\n|-boost|p1a: Gholdengo|spa|2\n|move|p2a: Murkrow|Foul Play|p1a: Gholdengo\n|-damage|p1a: Gholdengo|86\/100\n|move|p2b: Amoonguss|Pollen Puff|p2a: Murkrow\n|-heal|p2a: Murkrow|100\/100\n|\n|-weather|SunnyDay|[upkeep]\n|-sideend|p1: Lefties Chi-Yu|move: Tailwind\n|upkeep\n|turn|5\n|\n|t:|1683988076\n|move|p2b: Amoonguss|Protect|p2b: Amoonguss\n|-singleturn|p2b: Amoonguss|Protect\n|move|p2a: Murkrow|Haze|p2a: Murkrow\n|-clearallboost\n|move|p1b: Iron Bundle|Encore|p2a: Murkrow\n|-start|p2a: Murkrow|Encore\n|move|p1a: Gholdengo|Make It Rain|p2b: Amoonguss|[spread] p2a\n|-activate|p2b: Amoonguss|move: Protect\n|-damage|p2a: Murkrow|52\/100\n|-unboost|p1a: Gholdengo|spa|1\n|\n|-weather|none\n|-sideend|p2: Getmelit|move: Tailwind\n|upkeep\n|turn|6\n|\n|t:|1683988097\n|switch|p2a: Flutter Mane|Flutter Mane, L50|100\/100\n|move|p1b: Iron Bundle|Freeze-Dry|p2a: Flutter Mane\n|-damage|p2a: Flutter Mane|67\/100\n|-status|p2a: Flutter Mane|frz\n|move|p1a: Gholdengo|Make It Rain|p2a: Flutter Mane|[spread] p2a,p2b\n|-supereffective|p2a: Flutter Mane\n|-damage|p2a: Flutter Mane|0 fnt\n|-damage|p2b: Amoonguss|0 fnt\n|-unboost|p1a: Gholdengo|spa|1\n|faint|p2a: Flutter Mane\n|-end|p2a: Flutter Mane|Protosynthesis|[silent]\n|faint|p2b: Amoonguss\n|\n|upkeep\n|\n|t:|1683988106\n|switch|p2a: Great Tusk|Great Tusk, L50, tera:Ground|37\/100\n|switch|p2b: Murkrow|Murkrow, L50, M|52\/100\n|turn|7\n|\n|t:|1683988138\n|move|p1b: Iron Bundle|Protect|p1b: Iron Bundle\n|-singleturn|p1b: Iron Bundle|Protect\n|move|p1a: Gholdengo|Protect|p1a: Gholdengo\n|-singleturn|p1a: Gholdengo|Protect\n|move|p2b: Murkrow|Tailwind|p2b: Murkrow\n|-sidestart|p2: Getmelit|move: Tailwind\n|move|p2a: Great Tusk|Earthquake|p1a: Gholdengo|[spread] \n|-activate|p1a: Gholdengo|move: Protect\n|-activate|p1b: Iron Bundle|move: Protect\n|-immune|p2b: Murkrow\n|\n|upkeep\n|turn|8\n|\n|t:|1683988165\n|switch|p1a: Murkrow|Murkrow, L50, M|68\/100 slp\n|move|p2b: Murkrow|Sunny Day|p2b: Murkrow\n|-weather|SunnyDay\n|-activate|p2a: Great Tusk|ability: Protosynthesis\n|-start|p2a: Great Tusk|protosynthesisatk\n|move|p2a: Great Tusk|Earthquake|p1a: Murkrow|[spread] p1b\n|-immune|p2b: Murkrow\n|-immune|p1a: Murkrow\n|-damage|p1b: Iron Bundle|6\/100\n|move|p1b: Iron Bundle|Freeze-Dry|p2b: Murkrow\n|-supereffective|p2b: Murkrow\n|-damage|p2b: Murkrow|0 fnt\n|faint|p2b: Murkrow\n|\n|-weather|SunnyDay|[upkeep]\n|upkeep\n|turn|9\n|c|\u2606Lefties Chi-Yu|fg\n|c|\u2606Lefties Chi-Yu|gg\n|-message|Getmelit forfeited.\n|\n|win|Lefties Chi-Yu\n","uploadtime":1683988188,"views":8,"p1id":"leftieschiyu","p2id":"getmelit","formatid":"gen9vgc2023regulationc","rating":0,"private":0,"password":""}