{"id":"gen9vgc2023regulationc-1862915429","p1":"L0LZ4N0m4","p2":"neukorn","format":"[Gen 9] VGC 2023 Regulation C","log":"|j|\u2606L0LZ4N0m4\n|j|\u2606neukorn\n|t:|1683937865\n|gametype|doubles\n|player|p1|L0LZ4N0m4|aromalady|1351\n|player|p2|neukorn|flint|1291\n|teamsize|p1|6\n|teamsize|p2|6\n|gen|9\n|tier|[Gen 9] VGC 2023 Regulation C\n|rated|\n|rule|Species Clause: Limit one of each Pok\u00e9mon\n|rule|Item Clause: Limit one of each item\n|clearpoke\n|poke|p1|Tyranitar, L50, F|\n|poke|p1|Palafin, L50, F|\n|poke|p1|Kingambit, L50, M|\n|poke|p1|Flutter Mane, L50|\n|poke|p1|Arcanine, L50, M|\n|poke|p1|Amoonguss, L50, F|\n|poke|p2|Garchomp, L50, F|\n|poke|p2|Murkrow, L50, F|\n|poke|p2|Gholdengo, L50|\n|poke|p2|Annihilape, L50, M|\n|poke|p2|Maushold-Four, L50|\n|poke|p2|Glimmora, L50, F|\n|teampreview|4\n|inactive|Battle timer is ON: inactive players will automatically lose when time's up. (requested by L0LZ4N0m4)\n|inactive|L0LZ4N0m4 has 60 seconds left.\n|inactive|neukorn has 60 seconds left.\n|inactive|L0LZ4N0m4 has 30 seconds left.\n|\n|t:|1683937926\n|start\n|switch|p1a: Tyranitar|Tyranitar, L50, F|100\/100\n|switch|p1b: Flutter Mane|Flutter Mane, L50|100\/100\n|switch|p2a: Murkrow|Murkrow, L50, F|100\/100\n|switch|p2b: Gholdengo|Gholdengo, L50|100\/100\n|-weather|Sandstorm|[from] ability: Sand Stream|[of] p1a: Tyranitar\n|turn|1\n|\n|t:|1683937943\n|-end|p1b: Flutter Mane|Protosynthesis|[silent]\n|switch|p1b: Arcanine|Arcanine, L50, M|100\/100\n|-ability|p1b: Arcanine|Intimidate|boost\n|-unboost|p2a: Murkrow|atk|1\n|-unboost|p2b: Gholdengo|atk|1\n|move|p2a: Murkrow|Tailwind|p2a: Murkrow\n|-sidestart|p2: neukorn|move: Tailwind\n|move|p2b: Gholdengo|Make It Rain|p1b: Arcanine|[spread] p1a,p1b\n|-supereffective|p1a: Tyranitar\n|-resisted|p1b: Arcanine\n|-damage|p1a: Tyranitar|47\/100\n|-damage|p1b: Arcanine|63\/100\n|-unboost|p2b: Gholdengo|spa|1\n|move|p1a: Tyranitar|Rock Slide|p2a: Murkrow|[spread] p2a,p2b\n|-supereffective|p2a: Murkrow\n|-resisted|p2b: Gholdengo\n|-damage|p2a: Murkrow|0 fnt\n|-damage|p2b: Gholdengo|86\/100\n|faint|p2a: Murkrow\n|\n|-weather|Sandstorm|[upkeep]\n|upkeep\n|\n|t:|1683937961\n|switch|p2a: Glimmora|Glimmora, L50, F|100\/100\n|turn|2\n|inactive|L0LZ4N0m4 has 30 seconds left.\n|\n|t:|1683937987\n|switch|p2b: Garchomp|Garchomp, L50, F|100\/100\n|switch|p1a: Amoonguss|Amoonguss, L50, F|100\/100\n|move|p2a: Glimmora|Power Gem|p1b: Arcanine\n|-supereffective|p1b: Arcanine\n|-damage|p1b: Arcanine|0 fnt\n|faint|p1b: Arcanine\n|\n|-weather|Sandstorm|[upkeep]\n|-damage|p1a: Amoonguss|95\/100|[from] Sandstorm\n|upkeep\n|\n|t:|1683937996\n|switch|p1b: Tyranitar|Tyranitar, L50, F|47\/100\n|turn|3\n|\n|t:|1683938010\n|-terastallize|p1b: Tyranitar|Grass\n|move|p2a: Glimmora|Spiky Shield|p2a: Glimmora\n|-singleturn|p2a: Glimmora|move: Protect\n|move|p2b: Garchomp|Earthquake|p1a: Amoonguss|[spread] p1a,p1b\n|-activate|p2a: Glimmora|move: Protect\n|-resisted|p1b: Tyranitar\n|-damage|p1a: Amoonguss|64\/100\n|-damage|p1b: Tyranitar|31\/100\n|move|p1b: Tyranitar|Tera Blast|p2b: Garchomp\n|-damage|p2b: Garchomp|59\/100\n|move|p1a: Amoonguss|Pollen Puff|p1b: Tyranitar\n|-heal|p1b: Tyranitar|81\/100\n|\n|-weather|Sandstorm|[upkeep]\n|-damage|p1b: Tyranitar|75\/100|[from] Sandstorm\n|-damage|p1a: Amoonguss|58\/100|[from] Sandstorm\n|upkeep\n|turn|4\n|\n|t:|1683938032\n|-terastallize|p2b: Garchomp|Steel\n|move|p2a: Glimmora|Sludge Wave|p1b: Tyranitar|[spread] p1a,p1b\n|-immune|p2b: Garchomp\n|-supereffective|p1b: Tyranitar\n|-damage|p1a: Amoonguss|28\/100\n|-damage|p1b: Tyranitar|41\/100\n|-enditem|p1a: Amoonguss|Sitrus Berry|[eat]\n|-heal|p1a: Amoonguss|53\/100|[from] item: Sitrus Berry\n|move|p2b: Garchomp|Swords Dance|p2b: Garchomp\n|-boost|p2b: Garchomp|atk|2\n|move|p1b: Tyranitar|Tera Blast|p2b: Garchomp\n|-resisted|p2b: Garchomp\n|-damage|p2b: Garchomp|37\/100\n|move|p1a: Amoonguss|Spore|p2a: Glimmora\n|-status|p2a: Glimmora|slp|[from] move: Spore\n|\n|-weather|Sandstorm|[upkeep]\n|-damage|p1b: Tyranitar|35\/100|[from] Sandstorm\n|-damage|p1a: Amoonguss|47\/100|[from] Sandstorm\n|-sideend|p2: neukorn|move: Tailwind\n|upkeep\n|turn|5\n|inactive|L0LZ4N0m4 has 30 seconds left.\n|inactive|L0LZ4N0m4 has 20 seconds left.\n|inactive|L0LZ4N0m4 has 15 seconds left.\n|inactive|L0LZ4N0m4 has 10 seconds left.\n|\n|t:|1683938081\n|cant|p2a: Glimmora|slp\n|move|p2b: Garchomp|Rock Slide|p1b: Tyranitar|[spread] p1a,p1b\n|-damage|p1a: Amoonguss|17\/100\n|-damage|p1b: Tyranitar|3\/100\n|move|p1b: Tyranitar|Tera Blast|p2a: Glimmora\n|-damage|p2a: Glimmora|55\/100 slp\n|-activate|p2a: Glimmora|ability: Toxic Debris\n|-sidestart|p1: L0LZ4N0m4|move: Toxic Spikes\n|move|p1a: Amoonguss|Spore|p2b: Garchomp\n|-status|p2b: Garchomp|slp|[from] move: Spore\n|-enditem|p2b: Garchomp|Lum Berry|[eat]\n|-curestatus|p2b: Garchomp|slp|[msg]\n|\n|-weather|none\n|upkeep\n|turn|6\n|inactive|neukorn has 30 seconds left.\n|\n|t:|1683938106\n|-curestatus|p2a: Glimmora|slp|[msg]\n|move|p2a: Glimmora|Sludge Wave|p1a: Amoonguss|[spread] p1a,p1b\n|-immune|p2b: Garchomp\n|-supereffective|p1b: Tyranitar\n|-damage|p1a: Amoonguss|0 fnt\n|-damage|p1b: Tyranitar|0 fnt\n|faint|p1a: Amoonguss\n|faint|p1b: Tyranitar\n|move|p2b: Garchomp|Swords Dance|p2b: Garchomp\n|-boost|p2b: Garchomp|atk|2\n|\n|upkeep\n|\n|t:|1683938118\n|switch|p1b: Flutter Mane|Flutter Mane, L50|100\/100\n|-status|p1b: Flutter Mane|psn\n|turn|7\n|\n|t:|1683938129\n|move|p1b: Flutter Mane|Shadow Ball|p2b: Garchomp\n|-damage|p2b: Garchomp|0 fnt\n|faint|p2b: Garchomp\n|move|p2a: Glimmora|Sludge Wave|p1b: Flutter Mane\n|-damage|p1b: Flutter Mane|49\/100 psn\n|\n|-damage|p1b: Flutter Mane|37\/100 psn|[from] psn\n|upkeep\n|\n|t:|1683938137\n|switch|p2b: Gholdengo|Gholdengo, L50|86\/100\n|turn|8\n|\n|t:|1683938142\n|move|p1b: Flutter Mane|Shadow Ball|p2b: Gholdengo\n|-supereffective|p2b: Gholdengo\n|-damage|p2b: Gholdengo|0 fnt\n|faint|p2b: Gholdengo\n|move|p2a: Glimmora|Sludge Wave|p1b: Flutter Mane\n|-damage|p1b: Flutter Mane|0 fnt\n|faint|p1b: Flutter Mane\n|-end|p1b: Flutter Mane|Protosynthesis|[silent]\n|\n|win|neukorn\n|raw|L0LZ4N0m4's rating: 1351 → 1328<\/strong> (-23 for losing)\n|raw|neukorn's rating: 1291 → 1320<\/strong> (+29 for winning)\n","uploadtime":1683938152,"views":9,"p1id":"l0lz4n0m4","p2id":"neukorn","formatid":"gen9vgc2023regulationc","rating":1320,"private":0,"password":""}