{"id":"gen9vgc2023regulationc-1854529770","p1":"shbones","p2":"Santiago1995k","format":"[Gen 9] VGC 2023 Regulation C","log":"|j|\u2606shbones\n|j|\u2606Santiago1995k\n|t:|1682822842\n|gametype|doubles\n|player|p1|shbones|bugcatcher|1018\n|player|p2|Santiago1995k|lucas|1000\n|teamsize|p1|6\n|teamsize|p2|6\n|gen|9\n|tier|[Gen 9] VGC 2023 Regulation C\n|rated|\n|rule|Species Clause: Limit one of each Pok\u00e9mon\n|rule|Item Clause: Limit one of each item\n|clearpoke\n|poke|p1|Rabsca, L50, F|\n|poke|p1|Orthworm, L50, F|\n|poke|p1|Lurantis, L50, F|\n|poke|p1|Dudunsparce-*, L50, M|\n|poke|p1|Volcarona, L50, M|\n|poke|p1|Frosmoth, L50, M|\n|poke|p2|Slaking, L50, M|\n|poke|p2|Talonflame, L50, F|\n|poke|p2|Bellibolt, L50, M|\n|poke|p2|Gastrodon, L50, F|\n|poke|p2|Camerupt, L50, M|\n|poke|p2|Dachsbun, L50, F|\n|teampreview|4\n|\n|t:|1682822887\n|start\n|switch|p1a: Volcarona|Volcarona, L50, M|100\/100\n|switch|p1b: Frosmoth|Frosmoth, L50, M, shiny|100\/100\n|switch|p2a: Talonflame|Talonflame, L50, F|100\/100\n|switch|p2b: Bellibolt|Bellibolt, L50, M|100\/100\n|turn|1\n|inactive|Battle timer is ON: inactive players will automatically lose when time's up. (requested by shbones)\n|\n|t:|1682822905\n|move|p1a: Volcarona|Rage Powder|p1a: Volcarona\n|-singleturn|p1a: Volcarona|move: Rage Powder\n|move|p2a: Talonflame|Tailwind|p2a: Talonflame\n|-sidestart|p2: Santiago1995k|move: Tailwind\n|move|p2b: Bellibolt|Volt Switch|p1a: Volcarona\n|-damage|p1a: Volcarona|70\/100\n|\n|t:|1682822911\n|switch|p2b: Dachsbun|Dachsbun, L50, F|100\/100|[from] Volt Switch\n|move|p1b: Frosmoth|Quiver Dance|p1b: Frosmoth\n|-boost|p1b: Frosmoth|spa|1\n|-boost|p1b: Frosmoth|spd|1\n|-boost|p1b: Frosmoth|spe|1\n|\n|-heal|p1a: Volcarona|76\/100|[from] item: Leftovers\n|upkeep\n|turn|2\n|inactive|shbones has 30 seconds left.\n|\n|t:|1682822944\n|-terastallize|p1b: Frosmoth|Water\n|move|p2a: Talonflame|U-turn|p1b: Frosmoth\n|-damage|p1b: Frosmoth|77\/100\n|\n|t:|1682822949\n|switch|p2a: Bellibolt|Bellibolt, L50, M|100\/100|[from] U-turn\n|move|p2b: Dachsbun|Copycat|p2b: Dachsbun\n|move|p2b: Dachsbun|U-turn|p1b: Frosmoth|[from]move: Copycat\n|-damage|p1b: Frosmoth|58\/100\n|\n|t:|1682822960\n|switch|p2b: Talonflame|Talonflame, L50, F|100\/100|[from] U-turn\n|move|p1a: Volcarona|Quiver Dance|p1a: Volcarona\n|-boost|p1a: Volcarona|spa|1\n|-boost|p1a: Volcarona|spd|1\n|-boost|p1a: Volcarona|spe|1\n|move|p1b: Frosmoth|Tera Blast|p2a: Bellibolt\n|-damage|p2a: Bellibolt|23\/100\n|-start|p2a: Bellibolt|Charge|Tera Blast|[from] ability: Electromorphosis\n|-damage|p1b: Frosmoth|48\/100|[from] item: Life Orb\n|\n|-heal|p1a: Volcarona|82\/100|[from] item: Leftovers\n|upkeep\n|turn|3\n|inactive|shbones has 30 seconds left.\n|inactive|shbones has 20 seconds left.\n|\n|t:|1682822995\n|-terastallize|p2a: Bellibolt|Flying\n|move|p1b: Frosmoth|Protect|p1b: Frosmoth\n|-singleturn|p1b: Frosmoth|Protect\n|move|p2b: Talonflame|Quick Attack|p1a: Volcarona\n|-damage|p1a: Volcarona|71\/100\n|move|p1a: Volcarona|Heat Wave|p2a: Bellibolt|[spread] p2a,p2b\n|-resisted|p2b: Talonflame\n|-damage|p2a: Bellibolt|0 fnt\n|-damage|p2b: Talonflame|68\/100\n|faint|p2a: Bellibolt\n|\n|-heal|p1a: Volcarona|77\/100|[from] item: Leftovers\n|upkeep\n|\n|t:|1682823006\n|switch|p2a: Dachsbun|Dachsbun, L50, F|100\/100\n|turn|4\n|\n|t:|1682823028\n|move|p1a: Volcarona|Rage Powder|p1a: Volcarona\n|-singleturn|p1a: Volcarona|move: Rage Powder\n|move|p2b: Talonflame|Brave Bird|p1a: Volcarona\n|-supereffective|p1a: Volcarona\n|-damage|p1a: Volcarona|0 fnt\n|faint|p1a: Volcarona\n|-damage|p2b: Talonflame|37\/100|[from] Recoil\n|move|p2a: Dachsbun|Copycat|p2a: Dachsbun\n|move|p2a: Dachsbun|Brave Bird|p1b: Frosmoth|[from]move: Copycat\n|-damage|p1b: Frosmoth|18\/100\n|-damage|p2a: Dachsbun|92\/100|[from] Recoil\n|move|p1b: Frosmoth|Tera Blast|p2b: Talonflame\n|-supereffective|p2b: Talonflame\n|-damage|p2b: Talonflame|0 fnt\n|faint|p2b: Talonflame\n|-damage|p1b: Frosmoth|9\/100|[from] item: Life Orb\n|\n|-sideend|p2: Santiago1995k|move: Tailwind\n|upkeep\n|\n|t:|1682823052\n|switch|p2b: Camerupt|Camerupt, L50, M|100\/100\n|switch|p1a: Dudunsparce|Dudunsparce, L50, M|100\/100\n|turn|5\n|\n|t:|1682823071\n|move|p1b: Frosmoth|Tera Blast|p2b: Camerupt\n|-supereffective|p2b: Camerupt\n|-damage|p2b: Camerupt|0 fnt\n|faint|p2b: Camerupt\n|-damage|p1b: Frosmoth|0 fnt|[from] item: Life Orb\n|faint|p1b: Frosmoth\n|move|p2a: Dachsbun|Body Press|p1a: Dudunsparce\n|-supereffective|p1a: Dudunsparce\n|-damage|p1a: Dudunsparce|56\/100\n|-damage|p2a: Dachsbun|75\/100|[from] item: Rocky Helmet|[of] p1a: Dudunsparce\n|move|p1a: Dudunsparce|Tailwind|p1a: Dudunsparce\n|-sidestart|p1: shbones|move: Tailwind\n|\n|upkeep\n|\n|t:|1682823082\n|switch|p1b: Orthworm|Orthworm, L50, F|100\/100\n|turn|6\n|\n|t:|1682823102\n|move|p1a: Dudunsparce|Rock Slide|p2a: Dachsbun\n|-damage|p2a: Dachsbun|54\/100\n|move|p1b: Orthworm|Heavy Slam|p2a: Dachsbun\n|-supereffective|p2a: Dachsbun\n|-damage|p2a: Dachsbun|0 fnt\n|faint|p2a: Dachsbun\n|\n|win|shbones\n|raw|shbones's rating: 1018 → 1053<\/strong> (+35 for winning)\n|raw|Santiago1995k's rating: 1000 → 1000<\/strong> (+0 for losing)\n","uploadtime":1682823119,"views":14,"p1id":"shbones","p2id":"santiago1995k","formatid":"gen9vgc2023regulationc","rating":1000,"private":0,"password":""}