{"id":"gen9vgc2023regulationc-1857217407","p1":"leafyarrow","p2":"GigaChad_Hammer","format":"[Gen 9] VGC 2023 Regulation C","log":"|j|\u2606leafyarrow\n|j|\u2606GigaChad_Hammer\n|t:|1683159270\n|gametype|doubles\n|player|p1|leafyarrow|leaf-masters|1172\n|player|p2|GigaChad_Hammer|hiker-gen4|1169\n|teamsize|p1|6\n|teamsize|p2|6\n|gen|9\n|tier|[Gen 9] VGC 2023 Regulation C\n|rated|\n|rule|Species Clause: Limit one of each Pok\u00e9mon\n|rule|Item Clause: Limit one of each item\n|clearpoke\n|poke|p1|Flutter Mane, L50|\n|poke|p1|Palafin, L50, F|\n|poke|p1|Amoonguss, L50, F|\n|poke|p1|Ting-Lu, L50|\n|poke|p1|Arcanine, L50, F|\n|poke|p1|Kingambit, L50, M|\n|poke|p2|Iron Jugulis, L50|\n|poke|p2|Gholdengo, L50|\n|poke|p2|Great Tusk, L50|\n|poke|p2|Volcarona, L50, F|\n|poke|p2|Cyclizar, L50, F|\n|poke|p2|Iron Thorns, L50|\n|teampreview|4\nleafyarrow has agreed to open team sheets.\n|\n|t:|1683159346\n|start\n|switch|p1a: Arcanine|Arcanine, L50, F|100\/100\n|switch|p1b: Flutter Mane|Flutter Mane, L50|100\/100\n|switch|p2a: Iron Jugulis|Iron Jugulis, L50|100\/100\n|switch|p2b: Volcarona|Volcarona, L50, F|100\/100\n|-ability|p1a: Arcanine|Intimidate|boost\n|-unboost|p2a: Iron Jugulis|atk|1\n|-unboost|p2b: Volcarona|atk|1\n|turn|1\n|\n|t:|1683159391\n|switch|p2b: Great Tusk|Great Tusk, L50|100\/100\n|-enditem|p2b: Great Tusk|Booster Energy\n|-activate|p2b: Great Tusk|ability: Protosynthesis|[fromitem]\n|-start|p2b: Great Tusk|protosynthesisatk\n|-terastallize|p2a: Iron Jugulis|Fire\n|move|p1a: Arcanine|Extreme Speed|p2a: Iron Jugulis\n|-damage|p2a: Iron Jugulis|71\/100\n|move|p1b: Flutter Mane|Thunderbolt|p2a: Iron Jugulis\n|-damage|p2a: Iron Jugulis|11\/100\n|move|p2a: Iron Jugulis|Tailwind|p2a: Iron Jugulis\n|-sidestart|p2: GigaChad_Hammer|move: Tailwind\n|\n|upkeep\n|turn|2\n|\n|t:|1683159423\n|-end|p1b: Flutter Mane|Protosynthesis|[silent]\n|switch|p1b: Amoonguss|Amoonguss, L50, F|100\/100\n|-terastallize|p1a: Arcanine|Grass\n|move|p2a: Iron Jugulis|Heat Wave|p1b: Amoonguss|[spread] p1a,p1b\n|-supereffective|p1a: Arcanine\n|-supereffective|p1b: Amoonguss\n|-damage|p1a: Arcanine|1\/100\n|-damage|p1b: Amoonguss|19\/100\n|-enditem|p1b: Amoonguss|Sitrus Berry|[eat]\n|-heal|p1b: Amoonguss|44\/100|[from] item: Sitrus Berry\n|-damage|p2a: Iron Jugulis|2\/100|[from] item: Life Orb\n|move|p2b: Great Tusk|Headlong Rush|p1b: Amoonguss\n|-damage|p1b: Amoonguss|0 fnt\n|-unboost|p2b: Great Tusk|def|1\n|-unboost|p2b: Great Tusk|spd|1\n|faint|p1b: Amoonguss\n|move|p1a: Arcanine|Will-O-Wisp|p2b: Great Tusk\n|-status|p2b: Great Tusk|brn\n|\n|-damage|p2b: Great Tusk|95\/100 brn|[from] brn\n|upkeep\n|\n|t:|1683159442\n|switch|p1b: Ting-Lu|Ting-Lu, L50|100\/100\n|-ability|p1b: Ting-Lu|Vessel of Ruin\n|turn|3\n|\n|t:|1683159453\n|-end|p2b: Great Tusk|Protosynthesis|[silent]\n|switch|p2b: Volcarona|Volcarona, L50, F|100\/100\n|move|p1a: Arcanine|Protect|p1a: Arcanine\n|-singleturn|p1a: Arcanine|Protect\n|move|p2a: Iron Jugulis|Heat Wave|p1b: Ting-Lu|[spread] \n|-activate|p1a: Arcanine|move: Protect\n|-miss|p2a: Iron Jugulis|p1b: Ting-Lu\n|move|p1b: Ting-Lu|Stomping Tantrum|p2b: Volcarona\n|-damage|p2b: Volcarona|54\/100\n|\n|upkeep\n|turn|4\n|\n|t:|1683159482\n|move|p1a: Arcanine|Extreme Speed|p2b: Volcarona\n|-damage|p2b: Volcarona|13\/100\n|-enditem|p2b: Volcarona|Sitrus Berry|[eat]\n|-heal|p2b: Volcarona|38\/100|[from] item: Sitrus Berry\n|move|p2a: Iron Jugulis|Heat Wave|p1a: Arcanine|[spread] p1a\n|-miss|p2a: Iron Jugulis|p1b: Ting-Lu\n|-supereffective|p1a: Arcanine\n|-damage|p1a: Arcanine|0 fnt\n|faint|p1a: Arcanine\n|-damage|p2a: Iron Jugulis|0 fnt|[from] item: Life Orb\n|faint|p2a: Iron Jugulis\n|-end|p2a: Iron Jugulis|Quark Drive|[silent]\n|move|p2b: Volcarona|Quiver Dance|p2b: Volcarona\n|-boost|p2b: Volcarona|spa|1\n|-boost|p2b: Volcarona|spd|1\n|-boost|p2b: Volcarona|spe|1\n|move|p1b: Ting-Lu|Stomping Tantrum|p2b: Volcarona\n|-damage|p2b: Volcarona|0 fnt\n|faint|p2b: Volcarona\n|\n|-sideend|p2: GigaChad_Hammer|move: Tailwind\n|upkeep\n|\n|t:|1683159500\n|switch|p2a: Iron Thorns|Iron Thorns, L50|100\/100\n|switch|p2b: Great Tusk|Great Tusk, L50|95\/100 brn\n|switch|p1a: Flutter Mane|Flutter Mane, L50|100\/100\n|turn|5\n|\n|t:|1683159524\n|move|p2b: Great Tusk|Protect|p2b: Great Tusk\n|-singleturn|p2b: Great Tusk|Protect\n|move|p1a: Flutter Mane|Moonblast|p2b: Great Tusk\n|-activate|p2b: Great Tusk|move: Protect\n|move|p2a: Iron Thorns|Rock Blast|p1a: Flutter Mane\n|-damage|p1a: Flutter Mane|75\/100\n|-damage|p1a: Flutter Mane|48\/100\n|-crit|p1a: Flutter Mane\n|-damage|p1a: Flutter Mane|10\/100\n|-damage|p1a: Flutter Mane|0 fnt\n|faint|p1a: Flutter Mane\n|-end|p1a: Flutter Mane|Protosynthesis|[silent]\n|-hitcount|p1: Flutter Mane|4\n|move|p1b: Ting-Lu|Stomping Tantrum|p2a: Iron Thorns\n|-supereffective|p2a: Iron Thorns\n|-damage|p2a: Iron Thorns|8\/100\n|\n|-damage|p2b: Great Tusk|89\/100 brn|[from] brn\n|upkeep\n|turn|6\n|\n|t:|1683159545\n|move|p2a: Iron Thorns|Protect|p2a: Iron Thorns\n|-singleturn|p2a: Iron Thorns|Protect\n|move|p2b: Great Tusk|Close Combat|p1b: Ting-Lu\n|-supereffective|p1b: Ting-Lu\n|-damage|p1b: Ting-Lu|68\/100\n|-unboost|p2b: Great Tusk|def|1\n|-unboost|p2b: Great Tusk|spd|1\n|move|p1b: Ting-Lu|Stomping Tantrum|p2a: Iron Thorns\n|-activate|p2a: Iron Thorns|move: Protect\n|\n|-damage|p2b: Great Tusk|83\/100 brn|[from] brn\n|upkeep\n|turn|7\n|\n|t:|1683159557\n|move|p2b: Great Tusk|Close Combat|p1b: Ting-Lu\n|-supereffective|p1b: Ting-Lu\n|-damage|p1b: Ting-Lu|35\/100\n|-unboost|p2b: Great Tusk|def|1\n|-unboost|p2b: Great Tusk|spd|1\n|move|p2a: Iron Thorns|Pin Missile|p1b: Ting-Lu\n|-supereffective|p1b: Ting-Lu\n|-damage|p1b: Ting-Lu|25\/100\n|-supereffective|p1b: Ting-Lu\n|-damage|p1b: Ting-Lu|13\/100\n|-supereffective|p1b: Ting-Lu\n|-damage|p1b: Ting-Lu|2\/100\n|-supereffective|p1b: Ting-Lu\n|-damage|p1b: Ting-Lu|0 fnt\n|faint|p1b: Ting-Lu\n|-hitcount|p1: Ting-Lu|4\n|\n|win|GigaChad_Hammer\n|raw|leafyarrow's rating: 1172 → 1147<\/strong> (-25 for losing)\n|raw|GigaChad_Hammer's rating: 1169 → 1194<\/strong> (+25 for winning)\n","uploadtime":1683159563,"views":12,"p1id":"leafyarrow","p2id":"gigachadhammer","formatid":"gen9vgc2023regulationc","rating":1147,"private":0,"password":""}