{"id":"gen9vgc2023regulationc-1854503622","p1":"everycolour","p2":"Disobedient_vgc","format":"[Gen 9] VGC 2023 Regulation C","log":"|j|\u2606everycolour\n|j|\u2606Disobedient_vgc\n|t:|1682819417\n|gametype|doubles\n|player|p1|everycolour|swimmer|1282\n|player|p2|Disobedient_vgc|palmer|1256\n|teamsize|p1|6\n|teamsize|p2|6\n|gen|9\n|tier|[Gen 9] VGC 2023 Regulation C\n|rated|\n|rule|Species Clause: Limit one of each Pok\u00e9mon\n|rule|Item Clause: Limit one of each item\n|clearpoke\n|poke|p1|Dondozo, L50, M|\n|poke|p1|Tatsugiri-Droopy, L50, M|\n|poke|p1|Pelipper, L50, M|\n|poke|p1|Drednaw, L50, F|\n|poke|p1|Dragonite, L50, F|\n|poke|p1|Chien-Pao, L50|\n|poke|p2|Ting-Lu, L50|\n|poke|p2|Abomasnow, L50, M|\n|poke|p2|Flutter Mane, L50|\n|poke|p2|Iron Hands, L50|\n|poke|p2|Bronzong, L50|\n|poke|p2|Arcanine, L50, F|\n|teampreview|4\n|inactive|Battle timer is ON: inactive players will automatically lose when time's up. (requested by everycolour)\n|\n|t:|1682819442\n|start\n|switch|p1a: Pelipper|Pelipper, L50, M|100\/100\n|switch|p1b: Drednaw|Drednaw, L50, F|100\/100\n|switch|p2a: Bronzong|Bronzong, L50, shiny|100\/100\n|switch|p2b: Iron Hands|Iron Hands, L50, shiny|100\/100\n|-weather|RainDance|[from] ability: Drizzle|[of] p1a: Pelipper\n|turn|1\n|inactive|everycolour has 30 seconds left.\n|inactive|everycolour has 20 seconds left.\n|inactive|everycolour has 15 seconds left.\n|inactive|everycolour has 10 seconds left.\n|\n|t:|1682819487\n|-terastallize|p1a: Pelipper|Steel\n|move|p2b: Iron Hands|Fake Out|p1a: Pelipper\n|-resisted|p1a: Pelipper\n|-damage|p1a: Pelipper|93\/100\n|move|p1b: Drednaw|Waterfall|p2b: Iron Hands\n|-damage|p2b: Iron Hands|30\/100\n|cant|p1a: Pelipper|flinch\n|move|p2a: Bronzong|Trick Room|p2a: Bronzong\n|-fieldstart|move: Trick Room|[of] p2a: Bronzong\n|\n|-weather|RainDance|[upkeep]\n|upkeep\n|turn|2\n|inactive|Disobedient_vgc has 30 seconds left.\n|inactive|Disobedient_vgc has 20 seconds left.\n|\n|t:|1682819525\n|move|p2a: Bronzong|Gyro Ball|p1b: Drednaw\n|-damage|p1b: Drednaw|48\/100\n|move|p2b: Iron Hands|Close Combat|p1a: Pelipper\n|-supereffective|p1a: Pelipper\n|-damage|p1a: Pelipper|0 fnt\n|-unboost|p2b: Iron Hands|def|1\n|-unboost|p2b: Iron Hands|spd|1\n|faint|p1a: Pelipper\n|move|p1b: Drednaw|Waterfall|p2a: Bronzong\n|-damage|p2a: Bronzong|17\/100\n|\n|-weather|RainDance|[upkeep]\n|upkeep\n|\n|t:|1682819548\n|switch|p1a: Dondozo|Dondozo, L50, M|100\/100\n|turn|3\n|inactive|Disobedient_vgc has 30 seconds left.\n|\n|t:|1682819578\n|switch|p1b: Tatsugiri|Tatsugiri-Droopy, L50, M, shiny|100\/100\n|-activate|p1b: Tatsugiri|ability: Commander|[of] p1a: Dondozo\n|-boost|p1a: Dondozo|atk|2\n|-boost|p1a: Dondozo|spa|2\n|-boost|p1a: Dondozo|spe|2\n|-boost|p1a: Dondozo|def|2\n|-boost|p1a: Dondozo|spd|2\n|move|p2a: Bronzong|Gyro Ball|p1b: Tatsugiri|[miss]\n|-miss|p2a: Bronzong|p1b: Tatsugiri\n|move|p2b: Iron Hands|Wild Charge|p1a: Dondozo\n|-supereffective|p1a: Dondozo\n|-damage|p1a: Dondozo|58\/100\n|-damage|p2b: Iron Hands|20\/100|[from] Recoil\n|move|p1a: Dondozo|Surf|p2b: Iron Hands|[spread] p2a,p2b\n|-miss|p1a: Dondozo|p1b: Tatsugiri\n|-damage|p2a: Bronzong|0 fnt\n|-damage|p2b: Iron Hands|0 fnt\n|faint|p2a: Bronzong\n|faint|p2b: Iron Hands\n|-end|p2b: Iron Hands|Quark Drive|[silent]\n|-damage|p1a: Dondozo|48\/100|[from] item: Life Orb\n|\n|-weather|RainDance|[upkeep]\n|upkeep\n|\n|t:|1682819598\n|switch|p2a: Abomasnow|Abomasnow, L50, M, shiny|100\/100\n|switch|p2b: Ting-Lu|Ting-Lu, L50|100\/100\n|-ability|p2b: Ting-Lu|Vessel of Ruin\n|-weather|Snow|[from] ability: Snow Warning|[of] p2a: Abomasnow\n|turn|4\n|\n|t:|1682819613\n|-terastallize|p2b: Ting-Lu|Ground\n|move|p2b: Ting-Lu|Stomping Tantrum|p1a: Dondozo\n|-damage|p1a: Dondozo|16\/100\n|move|p2a: Abomasnow|Giga Drain|p1a: Dondozo\n|-supereffective|p1a: Dondozo\n|-damage|p1a: Dondozo|0 fnt\n|faint|p1a: Dondozo\n|\n|-weather|Snow|[upkeep]\n|upkeep\n|\n|t:|1682819621\n|switch|p1a: Drednaw|Drednaw, L50, F|48\/100\n|turn|5\n|\n|t:|1682819635\n|move|p2b: Ting-Lu|Stomping Tantrum|p1b: Tatsugiri\n|-damage|p1b: Tatsugiri|0 fnt\n|faint|p1b: Tatsugiri\n|move|p2a: Abomasnow|Giga Drain|p1a: Drednaw\n|-supereffective|p1a: Drednaw\n|-damage|p1a: Drednaw|0 fnt\n|faint|p1a: Drednaw\n|\n|win|Disobedient_vgc\n|raw|everycolour's rating: 1282 → 1255<\/strong> (-27 for losing)\n|raw|Disobedient_vgc's rating: 1256 → 1283<\/strong> (+27 for winning)\n|l|\u2606everycolour\n","uploadtime":1682820124,"views":18,"p1id":"everycolour","p2id":"disobedientvgc","formatid":"gen9vgc2023regulationc","rating":1255,"private":0,"password":""}