{"id":"gen9vgc2023regulationc-1851154508","p1":"MistressQueenM","p2":"IndieVGC","format":"[Gen 9] VGC 2023 Regulation C","log":"|j|\u2606MistressQueenM\n|j|\u2606IndieVGC\n|t:|1682418029\n|gametype|doubles\n|player|p1|MistressQueenM|veteranf|1205\n|player|p2|IndieVGC|cynthia|1221\n|teamsize|p1|6\n|teamsize|p2|6\n|gen|9\n|tier|[Gen 9] VGC 2023 Regulation C\n|rated|\n|rule|Species Clause: Limit one of each Pok\u00e9mon\n|rule|Item Clause: Limit one of each item\n|clearpoke\n|poke|p1|Wo-Chien, L50|\n|poke|p1|Torkoal, L50, M|\n|poke|p1|Garganacl, L50, M|\n|poke|p1|Great Tusk, L50|\n|poke|p1|Murkrow, L50, M|\n|poke|p1|Farigiraf, L50, F|\n|poke|p2|Arcanine, L50, F|\n|poke|p2|Amoonguss, L50, M|\n|poke|p2|Garganacl, L50, F|\n|poke|p2|Iron Bundle, L50|\n|poke|p2|Roaring Moon, L50|\n|poke|p2|Flutter Mane, L50|\n|teampreview|4\n|inactive|Battle timer is ON: inactive players will automatically lose when time's up. (requested by MistressQueenM)\nMistressQueenM rejected open team sheets.\n|\n|t:|1682418056\n|start\n|switch|p1a: Curvedbeast|Great Tusk, L50|100\/100\n|switch|p1b: Fool|Murkrow, L50, M|100\/100\n|switch|p2a: Garganacl|Garganacl, L50, F|100\/100\n|switch|p2b: Amoonguss|Amoonguss, L50, M, shiny|100\/100\n|turn|1\n|\n|t:|1682418077\n|-terastallize|p2a: Garganacl|Ghost\n|move|p1b: Fool|Taunt|p2b: Amoonguss\n|-start|p2b: Amoonguss|move: Taunt\n|move|p1a: Curvedbeast|Ice Spinner|p2b: Amoonguss\n|-supereffective|p2b: Amoonguss\n|-damage|p2b: Amoonguss|40\/100\n|-enditem|p2b: Amoonguss|Sitrus Berry|[eat]\n|-heal|p2b: Amoonguss|65\/100|[from] item: Sitrus Berry\n|-damage|p1a: Curvedbeast|90\/100|[from] item: Life Orb\n|move|p2a: Garganacl|Stealth Rock|p1b: Fool\n|-sidestart|p1: MistressQueenM|move: Stealth Rock\n|cant|p2b: Amoonguss|move: Taunt|Spore\n|\n|upkeep\n|turn|2\n|\n|t:|1682418100\n|switch|p2b: Flutter Mane|Flutter Mane, L50|100\/100\n|move|p1b: Fool|Thunder Wave|p2b: Flutter Mane\n|-status|p2b: Flutter Mane|par\n|move|p1a: Curvedbeast|Earthquake|p2b: Flutter Mane|[spread] p2a,p2b\n|-immune|p1b: Fool\n|-damage|p2a: Garganacl|76\/100\n|-damage|p2b: Flutter Mane|9\/100 par\n|-damage|p1a: Curvedbeast|80\/100|[from] item: Life Orb\n|move|p2a: Garganacl|Salt Cure|p1b: Fool\n|-supereffective|p1b: Fool\n|-damage|p1b: Fool|63\/100\n|-start|p1b: Fool|Salt Cure\n|\n|-heal|p2a: Garganacl|82\/100|[from] item: Leftovers\n|-damage|p1b: Fool|51\/100|[from] Salt Cure\n|upkeep\n|turn|3\n|\n|t:|1682418121\n|switch|p1b: CoffeeCube|Garganacl, L50, M, shiny|100\/100\n|-damage|p1b: CoffeeCube|88\/100|[from] Stealth Rock\n|move|p1a: Curvedbeast|Earthquake|p2a: Garganacl|[spread] p1b,p2a,p2b\n|-supereffective|p1b: CoffeeCube\n|-damage|p1b: CoffeeCube|15\/100\n|-damage|p2a: Garganacl|57\/100\n|-damage|p2b: Flutter Mane|0 fnt\n|faint|p2b: Flutter Mane\n|-end|p2b: Flutter Mane|Protosynthesis|[silent]\n|-damage|p1a: Curvedbeast|70\/100|[from] item: Life Orb\n|move|p2a: Garganacl|Salt Cure|p1a: Curvedbeast\n|-resisted|p1a: Curvedbeast\n|-damage|p1a: Curvedbeast|68\/100\n|-start|p1a: Curvedbeast|Salt Cure\n|\n|-heal|p2a: Garganacl|63\/100|[from] item: Leftovers\n|-heal|p1b: CoffeeCube|21\/100|[from] item: Leftovers\n|-damage|p1a: Curvedbeast|56\/100|[from] Salt Cure\n|upkeep\n|\n|t:|1682418145\n|switch|p2b: Roaring Moon|Roaring Moon, L50|100\/100\n|-enditem|p2b: Roaring Moon|Booster Energy\n|-activate|p2b: Roaring Moon|ability: Protosynthesis|[fromitem]\n|-start|p2b: Roaring Moon|protosynthesisspe\n|turn|4\n|\n|t:|1682418158\n|move|p2b: Roaring Moon|Acrobatics|p1a: Curvedbeast\n|-supereffective|p1a: Curvedbeast\n|-damage|p1a: Curvedbeast|0 fnt\n|faint|p1a: Curvedbeast\n|-end|p1a: Curvedbeast|Protosynthesis|[silent]\n|move|p2a: Garganacl|Salt Cure|p1b: CoffeeCube\n|-damage|p1b: CoffeeCube|11\/100\n|-start|p1b: CoffeeCube|Salt Cure\n|move|p1b: CoffeeCube|Recover|p1b: CoffeeCube\n|-heal|p1b: CoffeeCube|61\/100\n|\n|-heal|p1b: CoffeeCube|67\/100|[from] item: Leftovers\n|-heal|p2a: Garganacl|69\/100|[from] item: Leftovers\n|-damage|p1b: CoffeeCube|55\/100|[from] Salt Cure\n|upkeep\n|\n|t:|1682418161\n|switch|p1a: Fool|Murkrow, L50, M|51\/100\n|-damage|p1a: Fool|26\/100|[from] Stealth Rock\n|turn|5\n|\n|t:|1682418179\n|move|p2b: Roaring Moon|Protect|p2b: Roaring Moon\n|-singleturn|p2b: Roaring Moon|Protect\n|move|p1a: Fool|Tailwind|p1a: Fool\n|-sidestart|p1: MistressQueenM|move: Tailwind\n|move|p1b: CoffeeCube|Iron Defense|p1b: CoffeeCube\n|-boost|p1b: CoffeeCube|def|2\n|move|p2a: Garganacl|Salt Cure|p1a: Fool\n|-supereffective|p1a: Fool\n|-damage|p1a: Fool|0 fnt\n|faint|p1a: Fool\n|\n|-heal|p1b: CoffeeCube|61\/100|[from] item: Leftovers\n|-heal|p2a: Garganacl|74\/100|[from] item: Leftovers\n|-damage|p1b: CoffeeCube|49\/100|[from] Salt Cure\n|upkeep\n|inactive|MistressQueenM has 30 seconds left.\n|inactive|MistressQueenM has 20 seconds left.\n|inactive|MistressQueenM has 15 seconds left.\n|inactive|MistressQueenM has 10 seconds left.\n|inactive|MistressQueenM has 5 seconds left.\n|\n|t:|1682418234\n|switch|p1a: Abrams|Torkoal, L50, M, shiny|100\/100\n|-damage|p1a: Abrams|75\/100|[from] Stealth Rock\n|-weather|SunnyDay|[from] ability: Drought|[of] p1a: Abrams\n|turn|6\n|\n|t:|1682418249\n|move|p2b: Roaring Moon|Acrobatics|p1a: Abrams\n|-damage|p1a: Abrams|44\/100\n|move|p1b: CoffeeCube|Recover|p1b: CoffeeCube\n|-heal|p1b: CoffeeCube|99\/100\n|move|p1a: Abrams|Heat Wave|p2a: Garganacl|[spread] p2a,p2b\n|-resisted|p2b: Roaring Moon\n|-damage|p2a: Garganacl|19\/100\n|-damage|p2b: Roaring Moon|73\/100\n|move|p2a: Garganacl|Salt Cure|p1a: Abrams\n|-supereffective|p1a: Abrams\n|-damage|p1a: Abrams|20\/100\n|-start|p1a: Abrams|Salt Cure\n|\n|-weather|SunnyDay|[upkeep]\n|-heal|p1b: CoffeeCube|100\/100|[from] item: Leftovers\n|-heal|p2a: Garganacl|25\/100|[from] item: Leftovers\n|-damage|p1b: CoffeeCube|88\/100|[from] Salt Cure\n|-damage|p1a: Abrams|8\/100|[from] Salt Cure\n|upkeep\n|turn|7\n|inactive|IndieVGC has 30 seconds left.\n|\n|t:|1682418278\n|move|p2a: Garganacl|Protect|p2a: Garganacl\n|-singleturn|p2a: Garganacl|Protect\n|move|p2b: Roaring Moon|Acrobatics|p1a: Abrams\n|-damage|p1a: Abrams|0 fnt\n|faint|p1a: Abrams\n|move|p1b: CoffeeCube|Salt Cure|p2a: Garganacl\n|-activate|p2a: Garganacl|move: Protect\n|\n|-weather|SunnyDay|[upkeep]\n|-heal|p1b: CoffeeCube|94\/100|[from] item: Leftovers\n|-heal|p2a: Garganacl|30\/100|[from] item: Leftovers\n|-damage|p1b: CoffeeCube|82\/100|[from] Salt Cure\n|upkeep\n|turn|8\n|\n|t:|1682418297\n|move|p2b: Roaring Moon|Dragon Dance|p2b: Roaring Moon\n|-boost|p2b: Roaring Moon|atk|1\n|-boost|p2b: Roaring Moon|spe|1\n|move|p1b: CoffeeCube|Iron Defense|p1b: CoffeeCube\n|-boost|p1b: CoffeeCube|def|2\n|move|p2a: Garganacl|Recover|p2a: Garganacl\n|-heal|p2a: Garganacl|81\/100\n|\n|-weather|SunnyDay|[upkeep]\n|-heal|p1b: CoffeeCube|88\/100|[from] item: Leftovers\n|-heal|p2a: Garganacl|86\/100|[from] item: Leftovers\n|-damage|p1b: CoffeeCube|76\/100|[from] Salt Cure\n|-sideend|p1: MistressQueenM|move: Tailwind\n|upkeep\n|turn|9\n|inactive|IndieVGC has 30 seconds left.\n|\n|t:|1682418328\n|switch|p2a: Amoonguss|Amoonguss, L50, M, shiny|98\/100\n|move|p2b: Roaring Moon|Acrobatics|p1b: CoffeeCube\n|-resisted|p1b: CoffeeCube\n|-damage|p1b: CoffeeCube|69\/100\n|move|p1b: CoffeeCube|Salt Cure|p2b: Roaring Moon\n|-damage|p2b: Roaring Moon|55\/100\n|-start|p2b: Roaring Moon|Salt Cure\n|\n|-weather|SunnyDay|[upkeep]\n|-heal|p1b: CoffeeCube|74\/100|[from] item: Leftovers\n|-damage|p2b: Roaring Moon|42\/100|[from] Salt Cure\n|-damage|p1b: CoffeeCube|62\/100|[from] Salt Cure\n|upkeep\n|turn|10\n|c|\u2606MistressQueenM|yeah yeah you win\n|c|\u2606MistressQueenM|just play it out\n|\n|t:|1682418347\n|move|p2b: Roaring Moon|Acrobatics|p1b: CoffeeCube\n|-resisted|p1b: CoffeeCube\n|-damage|p1b: CoffeeCube|56\/100\n|move|p1b: CoffeeCube|Salt Cure|p2a: Amoonguss\n|-damage|p2a: Amoonguss|86\/100\n|-start|p2a: Amoonguss|Salt Cure\n|move|p2a: Amoonguss|Pollen Puff|p2b: Roaring Moon\n|-heal|p2b: Roaring Moon|92\/100\n|\n|-weather|none\n|-heal|p1b: CoffeeCube|62\/100|[from] item: Leftovers\n|-damage|p2b: Roaring Moon|80\/100|[from] Salt Cure\n|-damage|p1b: CoffeeCube|50\/100|[from] Salt Cure\n|-damage|p2a: Amoonguss|74\/100|[from] Salt Cure\n|upkeep\n|turn|11\n|inactive|IndieVGC has 30 seconds left.\n|\n|t:|1682418373\n|move|p2b: Roaring Moon|Acrobatics|p1b: CoffeeCube\n|-resisted|p1b: CoffeeCube\n|-damage|p1b: CoffeeCube|43\/100\n|move|p1b: CoffeeCube|Recover|p1b: CoffeeCube\n|-heal|p1b: CoffeeCube|93\/100\n|move|p2a: Amoonguss|Pollen Puff|p2b: Roaring Moon\n|-heal|p2b: Roaring Moon|100\/100\n|\n|-heal|p1b: CoffeeCube|99\/100|[from] item: Leftovers\n|-damage|p2b: Roaring Moon|88\/100|[from] Salt Cure\n|-damage|p1b: CoffeeCube|87\/100|[from] Salt Cure\n|-damage|p2a: Amoonguss|62\/100|[from] Salt Cure\n|upkeep\n|turn|12\n|\n|t:|1682418392\n|switch|p2a: Garganacl|Garganacl, L50, F, tera:Ghost|86\/100\n|move|p2b: Roaring Moon|Dragon Dance|p2b: Roaring Moon\n|-boost|p2b: Roaring Moon|atk|1\n|-boost|p2b: Roaring Moon|spe|1\n|move|p1b: CoffeeCube|Iron Defense|p1b: CoffeeCube\n|-boost|p1b: CoffeeCube|def|2\n|\n|-heal|p1b: CoffeeCube|93\/100|[from] item: Leftovers\n|-heal|p2a: Garganacl|92\/100|[from] item: Leftovers\n|-damage|p2b: Roaring Moon|75\/100|[from] Salt Cure\n|-damage|p1b: CoffeeCube|81\/100|[from] Salt Cure\n|upkeep\n|turn|13\n|\n|t:|1682418409\n|-end|p2b: Roaring Moon|Protosynthesis|[silent]\n|switch|p2b: Amoonguss|Amoonguss, L50, M, shiny|95\/100\n|move|p2a: Garganacl|Salt Cure|p1b: CoffeeCube\n|-damage|p1b: CoffeeCube|78\/100\n|move|p1b: CoffeeCube|Salt Cure|p2b: Amoonguss\n|-damage|p2b: Amoonguss|83\/100\n|-start|p2b: Amoonguss|Salt Cure\n|\n|-heal|p2a: Garganacl|98\/100|[from] item: Leftovers\n|-heal|p1b: CoffeeCube|84\/100|[from] item: Leftovers\n|-damage|p1b: CoffeeCube|72\/100|[from] Salt Cure\n|-damage|p2b: Amoonguss|71\/100|[from] Salt Cure\n|upkeep\n|turn|14\n|\n|t:|1682418428\n|switch|p2b: Roaring Moon|Roaring Moon, L50|75\/100\n|move|p1b: CoffeeCube|Salt Cure|p2a: Garganacl\n|-damage|p2a: Garganacl|90\/100\n|-start|p2a: Garganacl|Salt Cure\n|move|p2a: Garganacl|Salt Cure|p1b: CoffeeCube\n|-damage|p1b: CoffeeCube|69\/100\n|\n|-heal|p2a: Garganacl|96\/100|[from] item: Leftovers\n|-heal|p1b: CoffeeCube|74\/100|[from] item: Leftovers\n|-damage|p2a: Garganacl|84\/100|[from] Salt Cure\n|-damage|p1b: CoffeeCube|62\/100|[from] Salt Cure\n|upkeep\n|turn|15\n|\n|t:|1682418449\n|switch|p2a: Amoonguss|Amoonguss, L50, M, shiny|100\/100\n|move|p2b: Roaring Moon|Dragon Dance|p2b: Roaring Moon\n|-boost|p2b: Roaring Moon|atk|1\n|-boost|p2b: Roaring Moon|spe|1\n|move|p1b: CoffeeCube|Salt Cure|p2b: Roaring Moon\n|-damage|p2b: Roaring Moon|56\/100\n|-start|p2b: Roaring Moon|Salt Cure\n|\n|-heal|p1b: CoffeeCube|68\/100|[from] item: Leftovers\n|-damage|p2b: Roaring Moon|43\/100|[from] Salt Cure\n|-damage|p1b: CoffeeCube|56\/100|[from] Salt Cure\n|upkeep\n|turn|16\n|\n|t:|1682418465\n|move|p2b: Roaring Moon|Dragon Dance|p2b: Roaring Moon\n|-boost|p2b: Roaring Moon|atk|1\n|-boost|p2b: Roaring Moon|spe|1\n|move|p1b: CoffeeCube|Salt Cure|p2b: Roaring Moon\n|-damage|p2b: Roaring Moon|25\/100\n|move|p2a: Amoonguss|Pollen Puff|p2b: Roaring Moon\n|-heal|p2b: Roaring Moon|75\/100\n|\n|-heal|p1b: CoffeeCube|62\/100|[from] item: Leftovers\n|-damage|p2b: Roaring Moon|62\/100|[from] Salt Cure\n|-damage|p1b: CoffeeCube|50\/100|[from] Salt Cure\n|upkeep\n|turn|17\n|\n|t:|1682418482\n|move|p2b: Roaring Moon|Dragon Dance|p2b: Roaring Moon\n|-boost|p2b: Roaring Moon|atk|1\n|-boost|p2b: Roaring Moon|spe|1\n|move|p1b: CoffeeCube|Recover|p1b: CoffeeCube\n|-heal|p1b: CoffeeCube|99\/100\n|move|p2a: Amoonguss|Pollen Puff|p2b: Roaring Moon\n|-heal|p2b: Roaring Moon|100\/100\n|\n|-heal|p1b: CoffeeCube|100\/100|[from] item: Leftovers\n|-damage|p2b: Roaring Moon|88\/100|[from] Salt Cure\n|-damage|p1b: CoffeeCube|88\/100|[from] Salt Cure\n|upkeep\n|turn|18\n|\n|t:|1682418499\n|move|p2b: Roaring Moon|Dragon Dance|p2b: Roaring Moon\n|-boost|p2b: Roaring Moon|atk|1\n|-boost|p2b: Roaring Moon|spe|1\n|move|p1b: CoffeeCube|Salt Cure|p2a: Amoonguss\n|-damage|p2a: Amoonguss|88\/100\n|-start|p2a: Amoonguss|Salt Cure\n|move|p2a: Amoonguss|Pollen Puff|p2b: Roaring Moon\n|-heal|p2b: Roaring Moon|100\/100\n|\n|-heal|p1b: CoffeeCube|94\/100|[from] item: Leftovers\n|-damage|p2b: Roaring Moon|88\/100|[from] Salt Cure\n|-damage|p1b: CoffeeCube|82\/100|[from] Salt Cure\n|-damage|p2a: Amoonguss|76\/100|[from] Salt Cure\n|upkeep\n|turn|19\n|inactive|MistressQueenM has 30 seconds left.\n|inactive|MistressQueenM has 20 seconds left.\n|\n|t:|1682418535\n|switch|p2a: Garganacl|Garganacl, L50, F, tera:Ghost|84\/100\n|move|p2b: Roaring Moon|Dragon Dance|p2b: Roaring Moon\n|-boost|p2b: Roaring Moon|atk|1\n|-boost|p2b: Roaring Moon|spe|1\n|move|p1b: CoffeeCube|Salt Cure|p2b: Roaring Moon\n|-damage|p2b: Roaring Moon|68\/100\n|\n|-heal|p1b: CoffeeCube|88\/100|[from] item: Leftovers\n|-heal|p2a: Garganacl|90\/100|[from] item: Leftovers\n|-damage|p2b: Roaring Moon|56\/100|[from] Salt Cure\n|-damage|p1b: CoffeeCube|76\/100|[from] Salt Cure\n|upkeep\n|turn|20\n|\n|t:|1682418551\n|switch|p2a: Amoonguss|Amoonguss, L50, M, shiny|100\/100\n|move|p2b: Roaring Moon|Dragon Dance|p2b: Roaring Moon\n|-boost|p2b: Roaring Moon|atk|1\n|-boost|p2b: Roaring Moon|spe|1\n|move|p1b: CoffeeCube|Salt Cure|p2b: Roaring Moon\n|-damage|p2b: Roaring Moon|36\/100\n|\n|-heal|p1b: CoffeeCube|82\/100|[from] item: Leftovers\n|-damage|p2b: Roaring Moon|23\/100|[from] Salt Cure\n|-damage|p1b: CoffeeCube|70\/100|[from] Salt Cure\n|upkeep\n|turn|21\n|inactive|MistressQueenM has 30 seconds left.\n|\n|t:|1682418583\n|move|p2b: Roaring Moon|Acrobatics|p1b: CoffeeCube\n|-resisted|p1b: CoffeeCube\n|-damage|p1b: CoffeeCube|55\/100\n|move|p1b: CoffeeCube|Salt Cure|p2b: Roaring Moon\n|-crit|p2b: Roaring Moon\n|-damage|p2b: Roaring Moon|0 fnt\n|faint|p2b: Roaring Moon\n|-end|p2b: Roaring Moon|Protosynthesis|[silent]\n|move|p2a: Amoonguss|Pollen Puff|p2: Roaring Moon|[notarget]\n|-fail|p2a: Amoonguss\n|\n|-heal|p1b: CoffeeCube|61\/100|[from] item: Leftovers\n|-damage|p1b: CoffeeCube|49\/100|[from] Salt Cure\n|upkeep\n|inactive|IndieVGC has 30 seconds left.\n|c|\u2606MistressQueenM|if i win this\n|\n|t:|1682418596\n|switch|p2b: Garganacl|Garganacl, L50, F, tera:Ghost|90\/100\n|turn|22\n|inactive|IndieVGC has 25 seconds left this turn.\n|c|\u2606MistressQueenM|im gonna take the fattest shit\n|inactive|IndieVGC has 20 seconds left.\n|\n|t:|1682418604\n|move|p2b: Garganacl|Salt Cure|p1b: CoffeeCube\n|-damage|p1b: CoffeeCube|46\/100\n|move|p1b: CoffeeCube|Recover|p1b: CoffeeCube\n|-heal|p1b: CoffeeCube|96\/100\n|move|p2a: Amoonguss|Pollen Puff|p1b: CoffeeCube\n|-damage|p1b: CoffeeCube|85\/100\n|\n|-heal|p1b: CoffeeCube|90\/100|[from] item: Leftovers\n|-heal|p2b: Garganacl|96\/100|[from] item: Leftovers\n|-damage|p1b: CoffeeCube|78\/100|[from] Salt Cure\n|upkeep\n|turn|23\n|inactive|IndieVGC has 20 seconds left this turn.\n|inactive|IndieVGC has 15 seconds left.\n|inactive|IndieVGC has 10 seconds left.\n|inactive|IndieVGC has 5 seconds left.\n|\n|t:|1682418620\n|move|p2b: Garganacl|Recover|p2b: Garganacl\n|-heal|p2b: Garganacl|100\/100\n|move|p1b: CoffeeCube|Salt Cure|p2a: Amoonguss\n|-damage|p2a: Amoonguss|90\/100\n|-start|p2a: Amoonguss|Salt Cure\n|move|p2a: Amoonguss|Pollen Puff|p1b: CoffeeCube\n|-damage|p1b: CoffeeCube|66\/100\n|\n|-heal|p1b: CoffeeCube|72\/100|[from] item: Leftovers\n|-damage|p1b: CoffeeCube|60\/100|[from] Salt Cure\n|-damage|p2a: Amoonguss|77\/100|[from] Salt Cure\n|upkeep\n|turn|24\n|inactive|IndieVGC has 5 seconds left this turn.\n|-message|IndieVGC lost due to inactivity.\n|\n|win|MistressQueenM\n|raw|MistressQueenM's rating: 1205 → 1231<\/strong> (+26 for winning)\n|raw|IndieVGC's rating: 1221 → 1195<\/strong> (-26 for losing)\n","uploadtime":1682418630,"views":9,"p1id":"mistressqueenm","p2id":"indievgc","formatid":"gen9vgc2023regulationc","rating":1195,"private":0,"password":""}