{"id":"gen9vgc2023regulationc-1847497712","p1":"Eze_exe","p2":"Shit tier pro","format":"[Gen 9] VGC 2023 Regulation C","log":"|j|\u2606Eze_exe\n|j|\u2606Shit tier pro\n|t:|1681962828\n|gametype|doubles\n|player|p1|Eze_exe|ghetsis|1208\n|player|p2|Shit tier pro|169|1266\n|teamsize|p1|6\n|teamsize|p2|6\n|gen|9\n|tier|[Gen 9] VGC 2023 Regulation C\n|rated|\n|rule|Species Clause: Limit one of each Pok\u00e9mon\n|rule|Item Clause: Limit one of each item\n|clearpoke\n|poke|p1|Chi-Yu, L50|\n|poke|p1|Iron Jugulis, L50|\n|poke|p1|Iron Hands, L50|\n|poke|p1|Gothitelle, L50, F|\n|poke|p1|Azumarill, L50, M|\n|poke|p1|Amoonguss, L50, F|\n|poke|p2|Palafin, L50, M|\n|poke|p2|Arboliva, L50, M|\n|poke|p2|Tauros-Paldea-Blaze, L50, M|\n|poke|p2|Salamence, L50, F|\n|poke|p2|Grimmsnarl, L50, M|\n|poke|p2|Frosmoth, L50, M|\n|teampreview|4\n|inactive|Battle timer is ON: inactive players will automatically lose when time's up. (requested by Shit tier pro)\n|\n|t:|1681962848\n|start\n|switch|p1a: Azumarill|Azumarill, L50, M|100\/100\n|switch|p1b: Iron Jugulis|Iron Jugulis, L50|100\/100\n|switch|p2a: Grimmsnarl|Grimmsnarl, L50, M, shiny|100\/100\n|switch|p2b: Frosmoth|Frosmoth, L50, M|100\/100\n|-enditem|p1b: Iron Jugulis|Booster Energy\n|-activate|p1b: Iron Jugulis|ability: Quark Drive|[fromitem]\n|-start|p1b: Iron Jugulis|quarkdrivespe\n|turn|1\n|inactive|Shit tier pro has 30 seconds left.\n|\n|t:|1681962875\n|move|p2a: Grimmsnarl|Fake Out|p1a: Azumarill\n|-damage|p1a: Azumarill|89\/100\n|move|p1b: Iron Jugulis|Tailwind|p1b: Iron Jugulis\n|-sidestart|p1: Eze_exe|move: Tailwind\n|cant|p1a: Azumarill|flinch\n|move|p2b: Frosmoth|Quiver Dance|p2b: Frosmoth\n|-boost|p2b: Frosmoth|spa|1\n|-boost|p2b: Frosmoth|spd|1\n|-boost|p2b: Frosmoth|spe|1\n|\n|upkeep\n|turn|2\n|\n|t:|1681962890\n|-end|p1b: Iron Jugulis|Quark Drive|[silent]\n|switch|p1b: Chi-Yu|Chi-Yu, L50|100\/100\n|-ability|p1b: Chi-Yu|Beads of Ruin\n|move|p2a: Grimmsnarl|Taunt|p1a: Azumarill\n|-start|p1a: Azumarill|move: Taunt\n|move|p1a: Azumarill|Play Rough|p2a: Grimmsnarl\n|-supereffective|p2a: Grimmsnarl\n|-damage|p2a: Grimmsnarl|0 fnt\n|faint|p2a: Grimmsnarl\n|move|p2b: Frosmoth|Ice Beam|p1b: Chi-Yu\n|-resisted|p1b: Chi-Yu\n|-damage|p1b: Chi-Yu|72\/100\n|\n|upkeep\n|\n|t:|1681962901\n|switch|p2a: Palafin|Palafin, L50, M|100\/100\n|turn|3\n|\n|t:|1681962912\n|detailschange|p2a: Palafin|Palafin-Hero, L50, M\n|switch|p2a: Salamence|Salamence, L50, F|100\/100\n|-ability|p2a: Salamence|Intimidate|boost\n|-unboost|p1a: Azumarill|atk|1\n|-unboost|p1b: Chi-Yu|atk|1\n|-terastallize|p1b: Chi-Yu|Fire\n|-terastallize|p2b: Frosmoth|Water\n|move|p1b: Chi-Yu|Heat Wave|p2b: Frosmoth|[spread] p2a,p2b\n|-resisted|p2a: Salamence\n|-resisted|p2b: Frosmoth\n|-damage|p2a: Salamence|33\/100\n|-damage|p2b: Frosmoth|81\/100\n|move|p1a: Azumarill|Play Rough|p2b: Frosmoth\n|-damage|p2b: Frosmoth|43\/100\n|move|p2b: Frosmoth|Tera Blast|p1b: Chi-Yu\n|-supereffective|p1b: Chi-Yu\n|-damage|p1b: Chi-Yu|0 fnt\n|faint|p1b: Chi-Yu\n|\n|upkeep\n|\n|t:|1681962934\n|switch|p1b: Iron Jugulis|Iron Jugulis, L50|100\/100\n|turn|4\n|\n|t:|1681962949\n|move|p1b: Iron Jugulis|Snarl|p2a: Salamence|[spread] p2a,p2b\n|-damage|p2a: Salamence|6\/100\n|-damage|p2b: Frosmoth|36\/100\n|-unboost|p2a: Salamence|spa|1\n|-unboost|p2b: Frosmoth|spa|1\n|move|p2a: Salamence|Iron Head|p1a: Azumarill\n|-damage|p1a: Azumarill|59\/100\n|move|p1a: Azumarill|Superpower|p2b: Frosmoth\n|-damage|p2b: Frosmoth|2\/100\n|-unboost|p1a: Azumarill|atk|1\n|-unboost|p1a: Azumarill|def|1\n|-enditem|p2b: Frosmoth|Aguav Berry|[eat]\n|-heal|p2b: Frosmoth|35\/100|[from] item: Aguav Berry\n|move|p2b: Frosmoth|Ice Beam|p1b: Iron Jugulis\n|-supereffective|p1b: Iron Jugulis\n|-damage|p1b: Iron Jugulis|0 fnt\n|faint|p1b: Iron Jugulis\n|-end|p1b: Iron Jugulis|Quark Drive|[silent]\n|\n|-end|p1a: Azumarill|move: Taunt\n|-sideend|p1: Eze_exe|move: Tailwind\n|upkeep\n|\n|t:|1681962969\n|switch|p1b: Iron Hands|Iron Hands, L50|100\/100\n|turn|5\n|\n|t:|1681962992\n|move|p1b: Iron Hands|Fake Out|p2a: Salamence\n|-damage|p2a: Salamence|0 fnt\n|faint|p2a: Salamence\n|move|p2b: Frosmoth|Ice Beam|p1b: Iron Hands\n|-damage|p1b: Iron Hands|63\/100\n|-status|p1b: Iron Hands|frz\n|move|p1a: Azumarill|Play Rough|p2b: Frosmoth\n|-damage|p2b: Frosmoth|4\/100\n|\n|upkeep\n|\n|t:|1681962999\n|switch|p2a: Palafin|Palafin-Hero, L50, M|100\/100\n|-activate|p2a: Palafin|ability: Zero to Hero\n|turn|6\n|\n|t:|1681963019\n|move|p1a: Azumarill|Aqua Jet|p2b: Frosmoth\n|-resisted|p2b: Frosmoth\n|-damage|p2b: Frosmoth|0 fnt\n|faint|p2b: Frosmoth\n|move|p2a: Palafin|Close Combat|p1a: Azumarill\n|-resisted|p1a: Azumarill\n|-damage|p1a: Azumarill|21\/100\n|-unboost|p2a: Palafin|def|1\n|-unboost|p2a: Palafin|spd|1\n|-curestatus|p1b: Iron Hands|frz|[msg]\n|move|p1b: Iron Hands|Wild Charge|p2a: Palafin\n|-supereffective|p2a: Palafin\n|-damage|p2a: Palafin|0 fnt\n|faint|p2a: Palafin\n|-damage|p1b: Iron Hands|43\/100|[from] Recoil\n|\n|win|Eze_exe\n|raw|Eze_exe's rating: 1208 → 1237<\/strong> (+29 for winning)\n|raw|Shit tier pro's rating: 1266 → 1237<\/strong> (-29 for losing)\n","uploadtime":1681963038,"views":8,"p1id":"ezeexe","p2id":"shittierpro","formatid":"gen9vgc2023regulationc","rating":1237,"private":0,"password":""}