{"id":"gen9vgc2023regulationc-1845257734","p1":"pollinosis","p2":"BMKing1212","format":"[Gen 9] VGC 2023 Regulation C","log":"|j|\u2606pollinosis\n|j|\u2606BMKing1212\n|t:|1681703203\n|gametype|doubles\n|player|p1|pollinosis|candice|1217\n|player|p2|BMKing1212|101|1206\n|teamsize|p1|6\n|teamsize|p2|6\n|gen|9\n|tier|[Gen 9] VGC 2023 Regulation C\n|rated|\n|rule|Species Clause: Limit one of each Pok\u00e9mon\n|rule|Item Clause: Limit one of each item\n|clearpoke\n|poke|p1|Flutter Mane, L50|\n|poke|p1|Chi-Yu, L50|\n|poke|p1|Arcanine, L50, M|\n|poke|p1|Palafin, L50, M|\n|poke|p1|Maushold-Four, L50|\n|poke|p1|Tsareena, L50, F|\n|poke|p2|Ting-Lu, L50|\n|poke|p2|Flutter Mane, L50|\n|poke|p2|Amoonguss, L50, F|\n|poke|p2|Baxcalibur, L50, M|\n|poke|p2|Palafin, L50, F|\n|poke|p2|Tauros-Paldea-Blaze, L50, M|\n|teampreview|4\n|inactive|Battle timer is ON: inactive players will automatically lose when time's up. (requested by pollinosis)\n|\n|t:|1681703264\n|start\n|switch|p1a: Skyfall|Palafin, L50, M|100\/100\n|switch|p1b: Thunderball|Chi-Yu, L50|100\/100\n|switch|p2a: Ting-Lu|Ting-Lu, L50|100\/100\n|switch|p2b: Palafin|Palafin, L50, F|100\/100\n|-ability|p1b: Thunderball|Beads of Ruin\n|-ability|p2a: Ting-Lu|Vessel of Ruin\n|turn|1\n|inactive|BMKing1212 has 30 seconds left.\n|\n|t:|1681703290\n|-terastallize|p1b: Thunderball|Grass\n|-terastallize|p2a: Ting-Lu|Water\n|move|p2b: Palafin|Jet Punch|p1b: Thunderball\n|-resisted|p1b: Thunderball\n|-damage|p1b: Thunderball|80\/100\n|move|p1a: Skyfall|Jet Punch|p2a: Ting-Lu\n|-resisted|p2a: Ting-Lu\n|-damage|p2a: Ting-Lu|93\/100\n|move|p1b: Thunderball|Tera Blast|p2a: Ting-Lu\n|-supereffective|p2a: Ting-Lu\n|-damage|p2a: Ting-Lu|54\/100\n|move|p2a: Ting-Lu|Heavy Slam|p1a: Skyfall\n|-resisted|p1a: Skyfall\n|-damage|p1a: Skyfall|86\/100\n|\n|upkeep\n|turn|2\n|inactive|BMKing1212 has 30 seconds left.\n|\n|t:|1681703320\n|switch|p2a: Tauros|Tauros-Paldea-Blaze, L50, M|100\/100\n|-ability|p2a: Tauros|Intimidate|boost\n|-unboost|p1a: Skyfall|atk|1\n|-unboost|p1b: Thunderball|atk|1\n|move|p2b: Palafin|Jet Punch|p1a: Skyfall\n|-resisted|p1a: Skyfall\n|-damage|p1a: Skyfall|71\/100\n|move|p1b: Thunderball|Tera Blast|p2a: Tauros\n|-resisted|p2a: Tauros\n|-damage|p2a: Tauros|69\/100\n|move|p1a: Skyfall|Close Combat|p2a: Tauros\n|-damage|p2a: Tauros|50\/100\n|-unboost|p1a: Skyfall|def|1\n|-unboost|p1a: Skyfall|spd|1\n|\n|upkeep\n|turn|3\n|\n|t:|1681703346\n|move|p1b: Thunderball|Tera Blast|p2b: Palafin\n|-supereffective|p2b: Palafin\n|-damage|p2b: Palafin|0 fnt\n|faint|p2b: Palafin\n|move|p2a: Tauros|Raging Bull|p1b: Thunderball\n|-supereffective|p1b: Thunderball\n|-damage|p1b: Thunderball|0 fnt\n|faint|p1b: Thunderball\n|move|p1a: Skyfall|Wave Crash|p2a: Tauros\n|-supereffective|p2a: Tauros\n|-damage|p2a: Tauros|0 fnt\n|faint|p2a: Tauros\n|-damage|p1a: Skyfall|58\/100|[from] Recoil\n|\n|upkeep\n|\n|t:|1681703361\n|switch|p2b: Flutter Mane|Flutter Mane, L50|100\/100\n|switch|p1b: NoTimeToDie|Tsareena, L50, F|100\/100\n|switch|p2a: Ting-Lu|Ting-Lu, L50, tera:Water|54\/100\n|-ability|p2a: Ting-Lu|Vessel of Ruin\n|turn|4\n|\n|t:|1681703383\n|move|p1a: Skyfall|Protect|p1a: Skyfall\n|-singleturn|p1a: Skyfall|Protect\n|move|p2b: Flutter Mane|Moonblast|p1b: NoTimeToDie\n|-damage|p1b: NoTimeToDie|59\/100\n|move|p1b: NoTimeToDie|Trailblaze|p2a: Ting-Lu\n|-supereffective|p2a: Ting-Lu\n|-damage|p2a: Ting-Lu|27\/100\n|-boost|p1b: NoTimeToDie|spe|1\n|move|p2a: Ting-Lu|Heavy Slam|p1a: Skyfall\n|-activate|p1a: Skyfall|move: Protect\n|\n|upkeep\n|turn|5\n|\n|t:|1681703404\n|move|p1a: Skyfall|Jet Punch|p2a: Ting-Lu\n|-resisted|p2a: Ting-Lu\n|-damage|p2a: Ting-Lu|22\/100\n|move|p2b: Flutter Mane|Moonblast|p1b: NoTimeToDie\n|-damage|p1b: NoTimeToDie|16\/100\n|move|p1b: NoTimeToDie|Trailblaze|p2a: Ting-Lu\n|-supereffective|p2a: Ting-Lu\n|-damage|p2a: Ting-Lu|0 fnt\n|-boost|p1b: NoTimeToDie|spe|1\n|faint|p2a: Ting-Lu\n|\n|upkeep\n|turn|6\n|\n|t:|1681703426\n|detailschange|p1a: Skyfall|Palafin-Hero, L50, M\n|switch|p1a: Spectre|Flutter Mane, L50|100\/100\n|-enditem|p1a: Spectre|Booster Energy\n|-activate|p1a: Spectre|ability: Protosynthesis|[fromitem]\n|-start|p1a: Spectre|protosynthesisspa\n|move|p1b: NoTimeToDie|Power Whip|p2b: Flutter Mane\n|-damage|p2b: Flutter Mane|0 fnt\n|faint|p2b: Flutter Mane\n|-end|p2b: Flutter Mane|Protosynthesis|[silent]\n|\n|win|pollinosis\n|raw|pollinosis's rating: 1217 → 1241<\/strong> (+24 for winning)\n|raw|BMKing1212's rating: 1206 → 1182<\/strong> (-24 for losing)\n|l|\u2606BMKing1212\n","uploadtime":1681703448,"views":5,"p1id":"pollinosis","p2id":"bmking1212","formatid":"gen9vgc2023regulationc","rating":1182,"private":0,"password":""}