{"id":"gen9vgc2023regulationc-1862814476","p1":"GenericName3333","p2":"DaddyIce","format":"[Gen 9] VGC 2023 Regulation C","log":"|j|\u2606GenericName3333\n|j|\u2606DaddyIce\n|t:|1683924916\n|gametype|doubles\n|player|p1|GenericName3333|rosa-pokestar|\n|player|p2|DaddyIce|cheryl|\n|teamsize|p1|6\n|teamsize|p2|6\n|gen|9\n|tier|[Gen 9] VGC 2023 Regulation C\n|rule|Tera Type Preview: Tera Types are shown at Team Preview\n|rule|Species Clause: Limit one of each Pok\u00e9mon\n|rule|Item Clause: Limit one of each item\n|clearpoke\n|poke|p1|Gholdengo, L50|\n|poke|p1|Palafin, L50, M|\n|poke|p1|Mudsdale, L50, F|\n|poke|p1|Bellibolt, L50, M|\n|poke|p1|Foongus, L50, F|\n|poke|p1|Dragonite, L50, F|\n|poke|p2|Chien-Pao, L50|\n|poke|p2|Gholdengo, L50|\n|poke|p2|Dondozo, L50, F|\n|poke|p2|Tatsugiri, L50, M|\n|poke|p2|Glimmora, L50, M|\n|poke|p2|Corviknight, L50, M|\n|teampreview|4\n|raw|GenericName3333's Tera Types: \/ \/ \/ \/ \/ \n|raw|DaddyIce's Tera Types: \/ \/ \/ \/ \/ \n|c|\u2606GenericName3333|ok, g1\nGenericName3333 rejected open team sheets.\n|c|\u2606DaddyIce|ngl i didnt know this was a format lol glad you noticed\n|c|\u2606DaddyIce|Glhf friend\n|c|\u2606GenericName3333|yeah, nw lol, we also have to open all 3 games at the start so i sent u another challenge\n|c|\u2606DaddyIce|o gotchu\n|c|\u2606GenericName3333|glhf!\n|c|\u2606DaddyIce|glhf!\n|\n|t:|1683925119\n|start\n|switch|p1a: Palafin|Palafin, L50, M|100\/100\n|switch|p1b: Mudsdale|Mudsdale, L50, F|100\/100\n|switch|p2a: Sundance Kid|Gholdengo, L50|100\/100\n|switch|p2b: Willie Sutton|Corviknight, L50, M|100\/100\n|-ability|p2b: Willie Sutton|Pressure\n|turn|1\n|\n|t:|1683925210\n|detailschange|p1a: Palafin|Palafin-Hero, L50, M\n|switch|p1a: Foongus|Foongus, L50, F|100\/100\n|-terastallize|p1b: Mudsdale|Fire\n|move|p2a: Sundance Kid|Make It Rain|p1b: Mudsdale|[spread] p1a,p1b\n|-resisted|p1b: Mudsdale\n|-damage|p1a: Foongus|50\/100\n|-damage|p1b: Mudsdale|84\/100\n|-unboost|p2a: Sundance Kid|spa|1\n|-ability|p1b: Mudsdale|Stamina|boost\n|-boost|p1b: Mudsdale|def|1\n|move|p2b: Willie Sutton|Screech|p1b: Mudsdale\n|-unboost|p1b: Mudsdale|def|2\n|move|p1b: Mudsdale|Tera Blast|p2a: Sundance Kid\n|-supereffective|p2a: Sundance Kid\n|-damage|p2a: Sundance Kid|0 fnt\n|faint|p2a: Sundance Kid\n|\n|upkeep\n|\n|t:|1683925226\n|switch|p2a: Clyde Barrow|Tatsugiri, L50, M|100\/100\n|turn|2\n|\n|t:|1683925247\n|switch|p1a: Palafin|Palafin-Hero, L50, M|100\/100\n|-activate|p1a: Palafin|ability: Zero to Hero\n|move|p2a: Clyde Barrow|Muddy Water|p1a: Palafin|[spread] p1a,p1b\n|-resisted|p1a: Palafin\n|-supereffective|p1b: Mudsdale\n|-damage|p1a: Palafin|83\/100\n|-damage|p1b: Mudsdale|41\/100\n|-ability|p1b: Mudsdale|Stamina|boost\n|-boost|p1b: Mudsdale|def|1\n|move|p2b: Willie Sutton|Taunt|p1a: Palafin\n|-start|p1a: Palafin|move: Taunt\n|move|p1b: Mudsdale|Body Press|p2a: Clyde Barrow\n|-damage|p2a: Clyde Barrow|68\/100\n|\n|upkeep\n|turn|3\n|\n|t:|1683925299\n|switch|p1a: Gholdengo|Gholdengo, L50|100\/100\n|switch|p2a: Bonnie Parker|Dondozo, L50, F|100\/100\n|switch|p1b: Foongus|Foongus, L50, F|83\/100\n|move|p2b: Willie Sutton|Brave Bird|p1a: Gholdengo\n|-resisted|p1a: Gholdengo\n|-damage|p1a: Gholdengo|80\/100\n|-damage|p2b: Willie Sutton|94\/100|[from] Recoil\n|\n|upkeep\n|turn|4\n|\n|t:|1683925363\n|move|p2a: Bonnie Parker|Protect|p2a: Bonnie Parker\n|-singleturn|p2a: Bonnie Parker|Protect\n|move|p1a: Gholdengo|Thunderbolt|p2a: Bonnie Parker\n|-activate|p2a: Bonnie Parker|move: Protect\n|move|p2b: Willie Sutton|Taunt|p1b: Foongus\n|-start|p1b: Foongus|move: Taunt\n|cant|p1b: Foongus|move: Taunt|Spore\n|\n|upkeep\n|turn|5\n|\n|t:|1683925405\n|switch|p2b: Clyde Barrow|Tatsugiri, L50, M|68\/100\n|-activate|p2b: Clyde Barrow|ability: Commander|[of] p2a: Bonnie Parker\n|-boost|p2a: Bonnie Parker|atk|2\n|-boost|p2a: Bonnie Parker|spa|2\n|-boost|p2a: Bonnie Parker|spe|2\n|-boost|p2a: Bonnie Parker|def|2\n|-boost|p2a: Bonnie Parker|spd|2\n|move|p1a: Gholdengo|Thunderbolt|p2a: Bonnie Parker\n|-supereffective|p2a: Bonnie Parker\n|-damage|p2a: Bonnie Parker|71\/100\n|move|p2a: Bonnie Parker|Order Up|p1b: Foongus\n|-damage|p1b: Foongus|49\/100\n|-boost|p2a: Bonnie Parker|atk|1\n|move|p1b: Foongus|Clear Smog|p2a: Bonnie Parker\n|-damage|p2a: Bonnie Parker|65\/100\n|-clearboost|p2a: Bonnie Parker\n|\n|-heal|p2a: Bonnie Parker|71\/100|[from] item: Leftovers\n|upkeep\n|turn|6\n|\n|t:|1683925482\n|switch|p1b: Palafin|Palafin-Hero, L50, M|83\/100\n|move|p1a: Gholdengo|Thunderbolt|p2a: Bonnie Parker\n|-supereffective|p2a: Bonnie Parker\n|-damage|p2a: Bonnie Parker|13\/100\n|move|p2a: Bonnie Parker|Order Up|p1b: Palafin\n|-damage|p1b: Palafin|59\/100\n|-boost|p2a: Bonnie Parker|atk|1\n|\n|-heal|p2a: Bonnie Parker|19\/100|[from] item: Leftovers\n|upkeep\n|turn|7\n|c|\u2606DaddyIce|That looks like it for game 1 lol\n|c|\u2606DaddyIce|gg\n|\n|t:|1683925513\n|move|p1b: Palafin|Wave Crash|p2a: Bonnie Parker\n|-resisted|p2a: Bonnie Parker\n|-damage|p2a: Bonnie Parker|0 fnt\n|faint|p2a: Bonnie Parker\n|-damage|p1b: Palafin|50\/100|[from] Recoil\n|move|p1a: Gholdengo|Shadow Ball|p2b: Clyde Barrow\n|-damage|p2b: Clyde Barrow|9\/100\n|\n|upkeep\n|\n|t:|1683925519\n|switch|p2a: Willie Sutton|Corviknight, L50, M|94\/100\n|-ability|p2a: Willie Sutton|Pressure\n|turn|8\n|\n|t:|1683925531\n|move|p1b: Palafin|Jet Punch|p2b: Clyde Barrow\n|-resisted|p2b: Clyde Barrow\n|-damage|p2b: Clyde Barrow|0 fnt\n|faint|p2b: Clyde Barrow\n|move|p1a: Gholdengo|Thunderbolt|p2a: Willie Sutton\n|-supereffective|p2a: Willie Sutton\n|-damage|p2a: Willie Sutton|23\/100\n|move|p2a: Willie Sutton|Roost|p2a: Willie Sutton\n|-heal|p2a: Willie Sutton|73\/100\n|-singleturn|p2a: Willie Sutton|move: Roost\n|\n|upkeep\n|turn|9\n|c|\u2606GenericName3333|ggs\n|\n|t:|1683925549\n|move|p1b: Palafin|Jet Punch|p2a: Willie Sutton\n|-damage|p2a: Willie Sutton|41\/100\n|-damage|p1b: Palafin|34\/100|[from] item: Rocky Helmet|[of] p2a: Willie Sutton\n|move|p1a: Gholdengo|Thunderbolt|p2a: Willie Sutton\n|-supereffective|p2a: Willie Sutton\n|-damage|p2a: Willie Sutton|0 fnt\n|faint|p2a: Willie Sutton\n|\n|win|GenericName3333\n|l|\u2606DaddyIce\n","uploadtime":1683926296,"views":20,"p1id":"genericname3333","p2id":"daddyice","formatid":"gen9vgc2023regulationc","rating":0,"private":0,"password":""}