{"id":"gen9vgc2023regulationc-1854591486","p1":"fonzie17","p2":"Abugbog","format":"[Gen 9] VGC 2023 Regulation C","log":"|j|\u2606fonzie17\n|j|\u2606Abugbog\n|t:|1682832114\n|gametype|doubles\n|player|p1|fonzie17|265|1127\n|player|p2|Abugbog|170|1093\n|teamsize|p1|6\n|teamsize|p2|6\n|gen|9\n|tier|[Gen 9] VGC 2023 Regulation C\n|rated|\n|rule|Species Clause: Limit one of each Pok\u00e9mon\n|rule|Item Clause: Limit one of each item\n|clearpoke\n|poke|p1|Corviknight, L50, F|\n|poke|p1|Gholdengo, L50|\n|poke|p1|Great Tusk, L50|\n|poke|p1|Gastrodon-East, L50, M|\n|poke|p1|Sandy Shocks, L50|\n|poke|p1|Azumarill, L50, M|\n|poke|p2|Ting-Lu, L50|\n|poke|p2|Palafin, L50, M|\n|poke|p2|Arcanine, L50, M|\n|poke|p2|Flutter Mane, L50|\n|poke|p2|Amoonguss, L50, M|\n|poke|p2|Baxcalibur, L50, F|\n|teampreview|4\n|\n|t:|1682832193\n|start\n|switch|p1a: Azumarill|Azumarill, L50, M, shiny|100\/100\n|switch|p1b: Gastrodon|Gastrodon-East, L50, M|100\/100\n|switch|p2a: Ting-Lu|Ting-Lu, L50|100\/100\n|switch|p2b: Baxcalibur|Baxcalibur, L50, F|100\/100\n|-ability|p2a: Ting-Lu|Vessel of Ruin\n|turn|1\n|\n|t:|1682832233\n|move|p2b: Baxcalibur|Icicle Spear|p1b: Gastrodon\n|-damage|p1b: Gastrodon|80\/100\n|-damage|p1b: Gastrodon|57\/100\n|-damage|p1b: Gastrodon|33\/100\n|-hitcount|p1b: Gastrodon|3\n|-damage|p2b: Baxcalibur|91\/100|[from] item: Life Orb\n|move|p2a: Ting-Lu|Fissure|p1b: Gastrodon\n|-damage|p1b: Gastrodon|0 fnt\n|faint|p1b: Gastrodon\n|-ohko\n|move|p1a: Azumarill|Surf|p2b: Baxcalibur|[spread] p2a,p2b\n|-supereffective|p2a: Ting-Lu\n|-resisted|p2b: Baxcalibur\n|-damage|p2a: Ting-Lu|86\/100\n|-damage|p2b: Baxcalibur|82\/100\n|\n|upkeep\n|\n|t:|1682832249\n|switch|p1b: Great Tusk|Great Tusk, L50|100\/100\n|-enditem|p1b: Great Tusk|Booster Energy\n|-activate|p1b: Great Tusk|ability: Protosynthesis|[fromitem]\n|-start|p1b: Great Tusk|protosynthesisdef\n|turn|2\n|\n|t:|1682832270\n|-terastallize|p2a: Ting-Lu|Fairy\n|move|p2b: Baxcalibur|Ice Shard|p1b: Great Tusk\n|-supereffective|p1b: Great Tusk\n|-damage|p1b: Great Tusk|70\/100\n|-damage|p2b: Baxcalibur|72\/100|[from] item: Life Orb\n|move|p1b: Great Tusk|Body Press|p2a: Ting-Lu\n|-resisted|p2a: Ting-Lu\n|-damage|p2a: Ting-Lu|75\/100\n|move|p2a: Ting-Lu|Tera Blast|p1b: Great Tusk\n|-supereffective|p1b: Great Tusk\n|-damage|p1b: Great Tusk|42\/100\n|move|p1a: Azumarill|Draining Kiss|p2a: Ting-Lu\n|-damage|p2a: Ting-Lu|69\/100\n|\n|upkeep\n|turn|3\n|\n|t:|1682832315\n|move|p1b: Great Tusk|Protect|p1b: Great Tusk\n|-singleturn|p1b: Great Tusk|Protect\n|move|p2b: Baxcalibur|Icicle Spear|p1b: Great Tusk\n|-activate|p1b: Great Tusk|move: Protect\n|move|p2a: Ting-Lu|Heavy Slam|p1a: Azumarill\n|-damage|p1a: Azumarill|71\/100\n|move|p1a: Azumarill|Draining Kiss|p2b: Baxcalibur\n|-supereffective|p2b: Baxcalibur\n|-damage|p2b: Baxcalibur|48\/100\n|-heal|p1a: Azumarill|90\/100|[from] drain|[of] p2b: Baxcalibur\n|\n|upkeep\n|turn|4\n|\n|t:|1682832344\n|move|p2b: Baxcalibur|Icicle Spear|p1b: Great Tusk\n|-supereffective|p1b: Great Tusk\n|-damage|p1b: Great Tusk|24\/100\n|-supereffective|p1b: Great Tusk\n|-damage|p1b: Great Tusk|4\/100\n|-hitcount|p1b: Great Tusk|2\n|-damage|p2b: Baxcalibur|39\/100|[from] item: Life Orb\n|move|p1b: Great Tusk|Body Press|p2b: Baxcalibur\n|-supereffective|p2b: Baxcalibur\n|-damage|p2b: Baxcalibur|0 fnt\n|faint|p2b: Baxcalibur\n|move|p2a: Ting-Lu|Fissure|p1a: Azumarill\n|-damage|p1a: Azumarill|0 fnt\n|faint|p1a: Azumarill\n|-ohko\n|\n|upkeep\n|\n|t:|1682832364\n|switch|p2b: Flutter Mane|Flutter Mane, L50|100\/100\n|switch|p1a: Gholdengo|Gholdengo, L50|100\/100\n|turn|5\n|\n|t:|1682832397\n|-terastallize|p1a: Gholdengo|Steel\n|move|p1b: Great Tusk|Protect|p1b: Great Tusk\n|-singleturn|p1b: Great Tusk|Protect\n|move|p2b: Flutter Mane|Shadow Ball|p1a: Gholdengo\n|-damage|p1a: Gholdengo|65\/100\n|move|p1a: Gholdengo|Make It Rain|p2a: Ting-Lu|[spread] p2a,p2b\n|-supereffective|p2a: Ting-Lu\n|-supereffective|p2b: Flutter Mane\n|-damage|p2a: Ting-Lu|28\/100\n|-enditem|p2b: Flutter Mane|Focus Sash\n|-damage|p2b: Flutter Mane|1\/100\n|-unboost|p1a: Gholdengo|spa|1\n|move|p2a: Ting-Lu|Stomping Tantrum|p1a: Gholdengo\n|-supereffective|p1a: Gholdengo\n|-damage|p1a: Gholdengo|2\/100\n|\n|upkeep\n|turn|6\n|inactive|Battle timer is ON: inactive players will automatically lose when time's up. (requested by Abugbog)\n|\n|t:|1682832443\n|move|p2b: Flutter Mane|Dazzling Gleam|p1b: Great Tusk|[spread] p1a,p1b\n|-resisted|p1a: Gholdengo\n|-supereffective|p1b: Great Tusk\n|-damage|p1a: Gholdengo|0 fnt\n|-damage|p1b: Great Tusk|0 fnt\n|faint|p1a: Gholdengo\n|faint|p1b: Great Tusk\n|-end|p1b: Great Tusk|Protosynthesis|[silent]\n|\n|win|Abugbog\n|raw|fonzie17's rating: 1127 → 1100<\/strong> (-27 for losing)\n|raw|Abugbog's rating: 1093 → 1122<\/strong> (+29 for winning)\n","uploadtime":1682832453,"views":15,"p1id":"fonzie17","p2id":"abugbog","formatid":"gen9vgc2023regulationc","rating":1100,"private":0,"password":""}