{"id":"gen9vgc2023regulationc-1858591636","p1":"TO Chuan","p2":"neto123","format":"[Gen 9] VGC 2023 Regulation C","log":"|j|\u2606TO Chuan\n|j|\u2606neto123\n|t:|1683329398\n|gametype|doubles\n|player|p1|TO Chuan|cynthia|1253\n|player|p2|neto123|2|1310\n|teamsize|p1|6\n|teamsize|p2|6\n|gen|9\n|tier|[Gen 9] VGC 2023 Regulation C\n|rated|\n|rule|Species Clause: Limit one of each Pok\u00e9mon\n|rule|Item Clause: Limit one of each item\n|clearpoke\n|poke|p1|Dragapult, L50, M|\n|poke|p1|Indeedee-F, L50, F|\n|poke|p1|Chi-Yu, L50|\n|poke|p1|Iron Bundle, L50|\n|poke|p1|Amoonguss, L50, F|\n|poke|p1|Hydreigon, L50, F|\n|poke|p2|Torkoal, L50, M|\n|poke|p2|Maushold-Four, L50|\n|poke|p2|Iron Hands, L50|\n|poke|p2|Flutter Mane, L50|\n|poke|p2|Barraskewda, L50, M|\n|poke|p2|Lilligant, L50, F|\n|teampreview|4\n|inactive|Battle timer is ON: inactive players will automatically lose when time's up. (requested by neto123)\n|inactive|TO Chuan has 60 seconds left.\n|inactive|TO Chuan has 30 seconds left.\n|inactive|TO Chuan has 20 seconds left.\n|inactive|TO Chuan has 15 seconds left.\n|inactive|TO Chuan has 10 seconds left.\n|\n|t:|1683329479\n|start\n|switch|p1a: Chi-Yu|Chi-Yu, L50|100\/100\n|switch|p1b: Amoonguss|Amoonguss, L50, F|100\/100\n|switch|p2a: Barraskewda|Barraskewda, L50, M, shiny|100\/100\n|switch|p2b: Iron Hands|Iron Hands, L50|100\/100\n|-ability|p1a: Chi-Yu|Beads of Ruin\n|turn|1\n|inactive|neto123 has 30 seconds left.\n|inactive|neto123 has 20 seconds left.\n|inactive|neto123 has 15 seconds left.\n|inactive|neto123 has 10 seconds left.\n|inactive|neto123 has 5 seconds left.\n|\n|t:|1683329534\n|move|p1a: Chi-Yu|Protect|p1a: Chi-Yu\n|-singleturn|p1a: Chi-Yu|Protect\n|move|p2b: Iron Hands|Fake Out|p1b: Amoonguss\n|-damage|p1b: Amoonguss|89\/100\n|-damage|p2b: Iron Hands|84\/100|[from] item: Rocky Helmet|[of] p1b: Amoonguss\n|move|p2a: Barraskewda|Aqua Jet|p1a: Chi-Yu\n|-activate|p1a: Chi-Yu|move: Protect\n|cant|p1b: Amoonguss|flinch\n|\n|upkeep\n|turn|2\n|inactive|TO Chuan has 30 seconds left.\n|inactive|TO Chuan has 20 seconds left.\n|\n|t:|1683329573\n|switch|p2a: Maushold|Maushold-Four, L50|100\/100\n|switch|p1a: Dragapult|Dragapult, L50, M|100\/100\n|move|p2b: Iron Hands|Drain Punch|p1a: Dragapult\n|-immune|p1a: Dragapult\n|move|p1b: Amoonguss|Spore|p2a: Maushold\n|-status|p2a: Maushold|slp|[from] move: Spore\n|\n|upkeep\n|turn|3\n|\n|t:|1683329597\n|switch|p2a: Flutter Mane|Flutter Mane, L50|100\/100\n|-terastallize|p2b: Iron Hands|Grass\n|move|p1a: Dragapult|Dragon Darts|p2b: Iron Hands\n|-damage|p2b: Iron Hands|60\/100\n|-anim|p1a: Dragapult|Dragon Darts|p2b: Iron Hands\n|-damage|p2b: Iron Hands|37\/100\n|move|p2b: Iron Hands|Stomping Tantrum|p1b: Amoonguss\n|-damage|p1b: Amoonguss|46\/100\n|-damage|p2b: Iron Hands|20\/100|[from] item: Rocky Helmet|[of] p1b: Amoonguss\n|move|p1b: Amoonguss|Spore|p2b: Iron Hands\n|-immune|p2b: Iron Hands\n|\n|upkeep\n|turn|4\n|inactive|neto123 has 30 seconds left.\n|inactive|TO Chuan has 30 seconds left.\n|inactive|TO Chuan has 20 seconds left.\n|inactive|TO Chuan has 15 seconds left.\n|inactive|TO Chuan has 10 seconds left.\n|\n|t:|1683329656\n|switch|p1b: Chi-Yu|Chi-Yu, L50|100\/100\n|-ability|p1b: Chi-Yu|Beads of Ruin\n|-terastallize|p1a: Dragapult|Poison\n|move|p1a: Dragapult|Dragon Darts|p2b: Iron Hands\n|-damage|p2b: Iron Hands|0 fnt\n|faint|p2b: Iron Hands\n|-end|p2b: Iron Hands|Quark Drive|[silent]\n|move|p2a: Flutter Mane|Dazzling Gleam|p1a: Dragapult|[spread] p1a,p1b\n|-resisted|p1a: Dragapult\n|-crit|p1a: Dragapult\n|-damage|p1a: Dragapult|56\/100\n|-damage|p1b: Chi-Yu|64\/100\n|\n|upkeep\n|\n|t:|1683329668\n|switch|p2b: Barraskewda|Barraskewda, L50, M, shiny|100\/100\n|turn|5\n|\n|t:|1683329684\n|switch|p1a: Amoonguss|Amoonguss, L50, F|79\/100\n|move|p2b: Barraskewda|Aqua Jet|p1b: Chi-Yu\n|-supereffective|p1b: Chi-Yu\n|-damage|p1b: Chi-Yu|0 fnt\n|faint|p1b: Chi-Yu\n|move|p2a: Flutter Mane|Dazzling Gleam|p1a: Amoonguss\n|-resisted|p1a: Amoonguss\n|-damage|p1a: Amoonguss|58\/100\n|\n|upkeep\n|\n|t:|1683329700\n|switch|p1b: Iron Bundle|Iron Bundle, L50|100\/100\n|-enditem|p1b: Iron Bundle|Booster Energy\n|-activate|p1b: Iron Bundle|ability: Quark Drive|[fromitem]\n|-start|p1b: Iron Bundle|quarkdrivespe\n|turn|6\n|\n|t:|1683329715\n|switch|p2b: Maushold|Maushold-Four, L50|100\/100 slp\n|move|p1b: Iron Bundle|Protect|p1b: Iron Bundle\n|-singleturn|p1b: Iron Bundle|Protect\n|move|p2a: Flutter Mane|Thunderbolt|p1b: Iron Bundle\n|-activate|p1b: Iron Bundle|move: Protect\n|move|p1a: Amoonguss|Spore|p2a: Flutter Mane\n|-activate|p2a: Flutter Mane|item: Safety Goggles|Spore\n|\n|upkeep\n|turn|7\n|\n|t:|1683329737\n|switch|p1a: Dragapult|Dragapult, L50, M, tera:Poison|56\/100\n|move|p2a: Flutter Mane|Protect|p2a: Flutter Mane\n|-singleturn|p2a: Flutter Mane|Protect\n|move|p1b: Iron Bundle|Hydro Pump|p2a: Flutter Mane\n|-activate|p2a: Flutter Mane|move: Protect\n|cant|p2b: Maushold|slp\n|\n|upkeep\n|turn|8\n|\n|t:|1683329755\n|-end|p2a: Flutter Mane|Protosynthesis|[silent]\n|switch|p2a: Barraskewda|Barraskewda, L50, M, shiny|100\/100\n|move|p1b: Iron Bundle|Protect|p1b: Iron Bundle\n|-singleturn|p1b: Iron Bundle|Protect\n|move|p1a: Dragapult|Phantom Force||[still]\n|-prepare|p1a: Dragapult|Phantom Force\n|-curestatus|p2b: Maushold|slp|[msg]\n|move|p2b: Maushold|Super Fang|p1b: Iron Bundle\n|-activate|p1b: Iron Bundle|move: Protect\n|\n|upkeep\n|turn|9\n|inactive|neto123 has 30 seconds left.\n|\n|t:|1683329781\n|move|p1b: Iron Bundle|Freeze-Dry|p2a: Barraskewda\n|-supereffective|p2a: Barraskewda\n|-damage|p2a: Barraskewda|0 fnt\n|faint|p2a: Barraskewda\n|move|p1a: Dragapult|Phantom Force|p2b: Maushold|[from]lockedmove\n|-immune|p2b: Maushold\n|move|p2b: Maushold|Super Fang|p1b: Iron Bundle\n|-damage|p1b: Iron Bundle|51\/100\n|\n|upkeep\n|\n|t:|1683329790\n|switch|p2a: Flutter Mane|Flutter Mane, L50|100\/100\n|turn|10\n|\n|t:|1683329803\n|move|p1b: Iron Bundle|Protect|p1b: Iron Bundle\n|-singleturn|p1b: Iron Bundle|Protect\n|move|p2b: Maushold|Follow Me|p2b: Maushold\n|-singleturn|p2b: Maushold|move: Follow Me\n|move|p1a: Dragapult|Phantom Force||[still]\n|-prepare|p1a: Dragapult|Phantom Force\n|move|p2a: Flutter Mane|Thunderbolt|p1b: Iron Bundle\n|-activate|p1b: Iron Bundle|move: Protect\n|\n|upkeep\n|turn|11\n|\n|t:|1683329813\n|-end|p1b: Iron Bundle|Quark Drive|[silent]\n|switch|p1b: Amoonguss|Amoonguss, L50, F|91\/100\n|move|p2b: Maushold|Follow Me|p2b: Maushold\n|-singleturn|p2b: Maushold|move: Follow Me\n|move|p1a: Dragapult|Phantom Force|p2b: Maushold|[from]lockedmove\n|-immune|p2b: Maushold\n|move|p2a: Flutter Mane|Thunderbolt|p1b: Amoonguss\n|-resisted|p1b: Amoonguss\n|-damage|p1b: Amoonguss|76\/100\n|\n|upkeep\n|turn|12\n|\n|t:|1683329830\n|move|p1a: Dragapult|Phantom Force||[still]\n|-prepare|p1a: Dragapult|Phantom Force\n|move|p2a: Flutter Mane|Dazzling Gleam|p1b: Amoonguss|[spread] p1b\n|-miss|p2a: Flutter Mane|p1a: Dragapult\n|-resisted|p1b: Amoonguss\n|-damage|p1b: Amoonguss|59\/100\n|move|p2b: Maushold|Taunt|p1b: Amoonguss\n|-start|p1b: Amoonguss|move: Taunt\n|cant|p1b: Amoonguss|move: Taunt|Spore\n|\n|upkeep\n|turn|13\n|\n|t:|1683329847\n|move|p2b: Maushold|Follow Me|p2b: Maushold\n|-singleturn|p2b: Maushold|move: Follow Me\n|move|p1a: Dragapult|Phantom Force|p2b: Maushold|[from]lockedmove\n|-immune|p2b: Maushold\n|move|p2a: Flutter Mane|Shadow Ball|p1b: Amoonguss\n|-damage|p1b: Amoonguss|17\/100\n|-unboost|p1b: Amoonguss|spd|1\n|move|p1b: Amoonguss|Pollen Puff|p2b: Maushold\n|-damage|p2b: Maushold|78\/100\n|\n|upkeep\n|turn|14\n|inactive|neto123 has 30 seconds left.\n|\n|t:|1683329881\n|switch|p1a: Iron Bundle|Iron Bundle, L50|51\/100\n|move|p2b: Maushold|Follow Me|p2b: Maushold\n|-singleturn|p2b: Maushold|move: Follow Me\n|move|p2a: Flutter Mane|Dazzling Gleam|p1a: Iron Bundle|[spread] p1a,p1b\n|-resisted|p1b: Amoonguss\n|-damage|p1a: Iron Bundle|0 fnt\n|-damage|p1b: Amoonguss|0 fnt\n|faint|p1a: Iron Bundle\n|-end|p1a: Iron Bundle|Quark Drive|[silent]\n|faint|p1b: Amoonguss\n|\n|upkeep\n|\n|t:|1683329889\n|switch|p1a: Dragapult|Dragapult, L50, M, tera:Poison|56\/100\n|turn|15\n|\n|t:|1683329900\n|move|p2b: Maushold|Follow Me|p2b: Maushold\n|-singleturn|p2b: Maushold|move: Follow Me\n|move|p1a: Dragapult|Psychic Fangs|p2b: Maushold\n|-damage|p2b: Maushold|22\/100\n|-damage|p1a: Dragapult|40\/100|[from] item: Rocky Helmet|[of] p2b: Maushold\n|move|p2a: Flutter Mane|Shadow Ball|p1a: Dragapult\n|-damage|p1a: Dragapult|0 fnt\n|faint|p1a: Dragapult\n|\n|win|neto123\n|raw|TO Chuan's rating: 1253 → 1232<\/strong> (-21 for losing)\n|raw|neto123's rating: 1310 → 1327<\/strong> (+17 for winning)\n|l|\u2606TO Chuan\n|c|\u2606neto123|gg wp\n","uploadtime":1683329916,"views":2,"p1id":"tochuan","p2id":"neto123","formatid":"gen9vgc2023regulationc","rating":1232,"private":0,"password":""}