{"id":"gen9vgc2023regulationc-1858551882","p1":"PianginaPardo","p2":"Mycoplayer11","format":"[Gen 9] VGC 2023 Regulation C","log":"|j|\u2606PianginaPardo\n|j|\u2606Mycoplayer11\n|t:|1683324421\n|gametype|doubles\n|player|p1|PianginaPardo|169|1298\n|player|p2|Mycoplayer11|flannery|1299\n|teamsize|p1|6\n|teamsize|p2|6\n|gen|9\n|tier|[Gen 9] VGC 2023 Regulation C\n|rated|\n|rule|Species Clause: Limit one of each Pok\u00e9mon\n|rule|Item Clause: Limit one of each item\n|clearpoke\n|poke|p1|Iron Hands, L50|\n|poke|p1|Ting-Lu, L50|\n|poke|p1|Amoonguss, L50, M|\n|poke|p1|Gyarados, L50, M|\n|poke|p1|Iron Bundle, L50|\n|poke|p1|Flutter Mane, L50|\n|poke|p2|Flutter Mane, L50|\n|poke|p2|Chien-Pao, L50|\n|poke|p2|Coalossal, L50, F|\n|poke|p2|Marill, L50, F|\n|poke|p2|Flamigo, L50, F|\n|poke|p2|Ting-Lu, L50|\n|teampreview|4\nPianginaPardo has agreed to open team sheets.\n|inactive|Battle timer is ON: inactive players will automatically lose when time's up. (requested by Mycoplayer11)\n|\n|t:|1683324457\n|start\n|switch|p1a: Amoonguss|Amoonguss, L50, M|100\/100\n|switch|p1b: Flutter Mane|Flutter Mane, L50|100\/100\n|switch|p2a: Coalossal|Coalossal, L50, F|100\/100\n|switch|p2b: Marill|Marill, L50, F|100\/100\n|turn|1\n|inactive|PianginaPardo has 30 seconds left.\n|\n|t:|1683324485\n|-terastallize|p2a: Coalossal|Ground\n|-terastallize|p1a: Amoonguss|Water\n|move|p1a: Amoonguss|Rage Powder|p1a: Amoonguss\n|-singleturn|p1a: Amoonguss|move: Rage Powder\n|move|p2b: Marill|Aqua Jet|p1a: Amoonguss\n|-resisted|p1a: Amoonguss\n|-damage|p1a: Amoonguss|99\/100\n|move|p1b: Flutter Mane|Shadow Ball|p2a: Coalossal\n|-damage|p2a: Coalossal|42\/100\n|-unboost|p2a: Coalossal|spd|1\n|move|p2a: Coalossal|Earthquake|p1a: Amoonguss|[spread] p2b,p1a,p1b\n|-damage|p2b: Marill|67\/100\n|-damage|p1a: Amoonguss|72\/100\n|-damage|p1b: Flutter Mane|47\/100\n|\n|upkeep\n|turn|2\n|\n|t:|1683324512\n|move|p1a: Amoonguss|Rage Powder|p1a: Amoonguss\n|-singleturn|p1a: Amoonguss|move: Rage Powder\n|move|p1b: Flutter Mane|Shadow Ball|p2a: Coalossal\n|-damage|p2a: Coalossal|0 fnt\n|faint|p2a: Coalossal\n|move|p2b: Marill|Perish Song|p2b: Marill\n|-start|p1a: Amoonguss|perish3|[silent]\n|-start|p1b: Flutter Mane|perish3|[silent]\n|-start|p2b: Marill|perish3|[silent]\n|-fieldactivate|move: Perish Song\n|\n|-start|p1b: Flutter Mane|perish3\n|-start|p2b: Marill|perish3\n|-start|p1a: Amoonguss|perish3\n|upkeep\n|c|\u2606Mycoplayer11|...\n|\n|t:|1683324524\n|switch|p2a: Flamigo|Flamigo, L50, F|100\/100\n|-copyboost|p2a: Flamigo|p2b: Marill|[from] ability: Costar\n|turn|3\n|c|\u2606PianginaPardo|?\n|c|\u2606Mycoplayer11|you fuck up my strat\n|\n|t:|1683324547\n|move|p2b: Marill|Protect|p2b: Marill\n|-singleturn|p2b: Marill|Protect\n|move|p1a: Amoonguss|Rage Powder|p1a: Amoonguss\n|-singleturn|p1a: Amoonguss|move: Rage Powder\n|move|p1b: Flutter Mane|Shadow Ball|p2a: Flamigo\n|-damage|p2a: Flamigo|10\/100\n|move|p2a: Flamigo|Tailwind|p2a: Flamigo\n|-sidestart|p2: Mycoplayer11|move: Tailwind\n|\n|-start|p1b: Flutter Mane|perish2\n|-start|p2b: Marill|perish2\n|-start|p1a: Amoonguss|perish2\n|upkeep\n|turn|4\n|c|\u2606PianginaPardo|it's a bad start, easy to predict\n|c|\u2606Mycoplayer11|...\n|inactive|PianginaPardo has 30 seconds left.\n|inactive|PianginaPardo has 20 seconds left.\n|\n|t:|1683324586\n|move|p1a: Amoonguss|Rage Powder|p1a: Amoonguss\n|-singleturn|p1a: Amoonguss|move: Rage Powder\n|move|p2a: Flamigo|Acrobatics|p1a: Amoonguss\n|-damage|p1a: Amoonguss|51\/100\n|move|p1b: Flutter Mane|Shadow Ball|p2a: Flamigo\n|-damage|p2a: Flamigo|0 fnt\n|faint|p2a: Flamigo\n|move|p2b: Marill|Rest|p2b: Marill\n|-status|p2b: Marill|slp|[from] move: Rest\n|-heal|p2b: Marill|100\/100 slp|[silent]\n|\n|-start|p1b: Flutter Mane|perish1\n|-start|p2b: Marill|perish1\n|-start|p1a: Amoonguss|perish1\n|upkeep\n|\n|t:|1683324601\n|switch|p2a: Chien-Pao|Chien-Pao, L50|100\/100\n|-ability|p2a: Chien-Pao|Sword of Ruin\n|turn|5\n|inactive|Mycoplayer11 has 30 seconds left.\n|\n|t:|1683324629\n|-end|p1b: Flutter Mane|Protosynthesis|[silent]\n|switch|p1b: Ting-Lu|Ting-Lu, L50|100\/100\n|-ability|p1b: Ting-Lu|Vessel of Ruin\n|switch|p1a: Iron Bundle|Iron Bundle, L50|100\/100\n|-enditem|p1a: Iron Bundle|Booster Energy\n|-activate|p1a: Iron Bundle|ability: Quark Drive|[fromitem]\n|-start|p1a: Iron Bundle|quarkdrivespe\n|cant|p2b: Marill|slp\n|move|p2a: Chien-Pao|Crunch|p1b: Ting-Lu\n|-resisted|p1b: Ting-Lu\n|-damage|p1b: Ting-Lu|86\/100\n|\n|-start|p2b: Marill|perish0\n|faint|p2b: Marill\n|upkeep\n|turn|6\n|inactive|PianginaPardo has 30 seconds left.\n|\n|t:|1683324657\n|move|p2a: Chien-Pao|Swords Dance|p2a: Chien-Pao\n|-boost|p2a: Chien-Pao|atk|2\n|move|p1a: Iron Bundle|Encore|p2a: Chien-Pao\n|-start|p2a: Chien-Pao|Encore\n|move|p1b: Ting-Lu|Stomping Tantrum|p2a: Chien-Pao\n|-damage|p2a: Chien-Pao|54\/100\n|\n|-sideend|p2: Mycoplayer11|move: Tailwind\n|upkeep\n|turn|7\n|-message|Mycoplayer11 forfeited.\n|\n|win|PianginaPardo\n|raw|PianginaPardo's rating: 1298 → 1323<\/strong> (+25 for winning)\n|raw|Mycoplayer11's rating: 1299 → 1274<\/strong> (-25 for losing)\n|l|\u2606Mycoplayer11\n|c|\u2606PianginaPardo|gg ez\n","uploadtime":1683324546,"views":4,"p1id":"pianginapardo","p2id":"mycoplayer11","formatid":"gen9vgc2023regulationc","rating":1274,"private":0,"password":""}