{"id":"gen9vgc2023regulationc-1852382112","p1":"vivian20","p2":"Gioilele","format":"[Gen 9] VGC 2023 Regulation C","log":"|j|\u2606vivian20\n|j|\u2606Gioilele\n|t:|1682550710\n|gametype|doubles\n|player|p1|vivian20|170|\n|player|p2|Gioilele|pokemonbreeder-gen4|\n|teamsize|p1|6\n|teamsize|p2|6\n|gen|9\n|tier|[Gen 9] VGC 2023 Regulation C\n|rule|Species Clause: Limit one of each Pok\u00e9mon\n|rule|Item Clause: Limit one of each item\n|clearpoke\n|poke|p1|Glimmora, L50, F|\n|poke|p1|Flutter Mane, L50|\n|poke|p1|Tatsugiri, L50, F|\n|poke|p1|Dondozo, L50, M|\n|poke|p1|Arcanine, L50, F|\n|poke|p1|Wo-Chien, L50|\n|poke|p2|Murkrow, L50, F|\n|poke|p2|Garchomp, L50, F|\n|poke|p2|Flutter Mane, L50|\n|poke|p2|Arcanine, L50, M|\n|poke|p2|Amoonguss, L50, F|\n|poke|p2|Palafin, L50, M|\n|teampreview|4\nGioilele has agreed to open team sheets.\nvivian20 has agreed to open team sheets.\n|\n|t:|1682550853\n|start\n|switch|p1a: Tatsugiri|Tatsugiri, L50, F|100\/100\n|switch|p1b: Dondozo|Dondozo, L50, M|100\/100\n|switch|p2a: Garchomp|Garchomp, L50, F|100\/100\n|switch|p2b: Murkrow|Murkrow, L50, F|100\/100\n|-activate|p1a: Tatsugiri|ability: Commander|[of] p1b: Dondozo\n|-boost|p1b: Dondozo|atk|2\n|-boost|p1b: Dondozo|spa|2\n|-boost|p1b: Dondozo|spe|2\n|-boost|p1b: Dondozo|def|2\n|-boost|p1b: Dondozo|spd|2\n|turn|1\n|\n|t:|1682550868\n|move|p2a: Garchomp|Protect|p2a: Garchomp\n|-singleturn|p2a: Garchomp|Protect\n|move|p2b: Murkrow|Foul Play|p1b: Dondozo\n|-damage|p1b: Dondozo|85\/100\n|move|p1b: Dondozo|Wave Crash|p2b: Murkrow\n|-damage|p2b: Murkrow|0 fnt\n|faint|p2b: Murkrow\n|-damage|p1b: Dondozo|60\/100|[from] Recoil\n|\n|upkeep\n|\n|t:|1682550870\n|switch|p2b: Arcanine|Arcanine, L50, M|100\/100\n|-ability|p2b: Arcanine|Intimidate|boost\n|-unboost|p1a: Tatsugiri|atk|1\n|-unboost|p1b: Dondozo|atk|1\n|turn|2\n|\n|t:|1682550897\n|switch|p2b: Amoonguss|Amoonguss, L50, F|100\/100\n|move|p2a: Garchomp|Swords Dance|p2a: Garchomp\n|-boost|p2a: Garchomp|atk|2\n|move|p1b: Dondozo|Wave Crash|p2b: Amoonguss\n|-resisted|p2b: Amoonguss\n|-damage|p2b: Amoonguss|65\/100\n|-damage|p1b: Dondozo|49\/100|[from] Recoil\n|\n|upkeep\n|turn|3\n|\n|t:|1682550913\n|-terastallize|p1b: Dondozo|Grass\n|move|p2a: Garchomp|Protect|p2a: Garchomp\n|-singleturn|p2a: Garchomp|Protect\n|move|p1b: Dondozo|Earthquake|p2b: Amoonguss|[spread] p2b\n|-miss|p1b: Dondozo|p1a: Tatsugiri\n|-activate|p2a: Garchomp|move: Protect\n|-damage|p2b: Amoonguss|34\/100\n|-enditem|p2b: Amoonguss|Sitrus Berry|[eat]\n|-heal|p2b: Amoonguss|59\/100|[from] item: Sitrus Berry\n|move|p2b: Amoonguss|Spore|p1b: Dondozo\n|-immune|p1b: Dondozo\n|\n|upkeep\n|turn|4\n|\n|t:|1682550934\n|switch|p2b: Arcanine|Arcanine, L50, M|100\/100\n|-ability|p2b: Arcanine|Intimidate|boost\n|-unboost|p1a: Tatsugiri|atk|1\n|-unboost|p1b: Dondozo|atk|1\n|move|p2a: Garchomp|Rock Slide|p1a: Tatsugiri|[spread] p1b\n|-miss|p2a: Garchomp|p1a: Tatsugiri\n|-damage|p1b: Dondozo|42\/100\n|move|p1b: Dondozo|Earthquake|p2a: Garchomp|[spread] p2a,p2b\n|-miss|p1b: Dondozo|p1a: Tatsugiri\n|-supereffective|p2b: Arcanine\n|-damage|p2a: Garchomp|80\/100\n|-damage|p2b: Arcanine|50\/100\n|\n|upkeep\n|turn|5\n|\n|t:|1682550950\n|switch|p2b: Amoonguss|Amoonguss, L50, F|92\/100\n|move|p2a: Garchomp|Rock Slide|p1b: Dondozo|[spread] p1b\n|-miss|p2a: Garchomp|p1a: Tatsugiri\n|-damage|p1b: Dondozo|36\/100\n|move|p1b: Dondozo|Earthquake|p2a: Garchomp|[spread] p2a,p2b\n|-miss|p1b: Dondozo|p1a: Tatsugiri\n|-damage|p2a: Garchomp|60\/100\n|-damage|p2b: Amoonguss|71\/100\n|\n|upkeep\n|turn|6\n|\n|t:|1682550968\n|move|p2a: Garchomp|Rock Slide|p1b: Dondozo|[spread] p1b\n|-miss|p2a: Garchomp|p1a: Tatsugiri\n|-damage|p1b: Dondozo|29\/100\n|cant|p1b: Dondozo|flinch\n|move|p2b: Amoonguss|Pollen Puff|p2a: Garchomp\n|-heal|p2a: Garchomp|100\/100\n|\n|upkeep\n|turn|7\n|\n|t:|1682550985\n|switch|p2b: Arcanine|Arcanine, L50, M|50\/100\n|-ability|p2b: Arcanine|Intimidate|boost\n|-unboost|p1a: Tatsugiri|atk|1\n|-unboost|p1b: Dondozo|atk|1\n|move|p2a: Garchomp|Swords Dance|p2a: Garchomp\n|-boost|p2a: Garchomp|atk|2\n|move|p1b: Dondozo|Earthquake|p2a: Garchomp|[spread] p2a,p2b\n|-miss|p1b: Dondozo|p1a: Tatsugiri\n|-supereffective|p2b: Arcanine\n|-damage|p2a: Garchomp|88\/100\n|-damage|p2b: Arcanine|17\/100\n|\n|upkeep\n|turn|8\n|\n|t:|1682550999\n|move|p2a: Garchomp|Rock Slide|p1a: Tatsugiri|[spread] p1b\n|-miss|p2a: Garchomp|p1a: Tatsugiri\n|-damage|p1b: Dondozo|23\/100\n|-enditem|p1b: Dondozo|Aguav Berry|[eat]\n|-heal|p1b: Dondozo|56\/100|[from] item: Aguav Berry\n|move|p1b: Dondozo|Earthquake|p2b: Arcanine|[spread] p2a,p2b\n|-miss|p1b: Dondozo|p1a: Tatsugiri\n|-supereffective|p2b: Arcanine\n|-damage|p2a: Garchomp|74\/100\n|-damage|p2b: Arcanine|0 fnt\n|faint|p2b: Arcanine\n|\n|upkeep\n|\n|t:|1682551002\n|switch|p2b: Amoonguss|Amoonguss, L50, F|100\/100\n|turn|9\n|\n|t:|1682551016\n|move|p2b: Amoonguss|Protect|p2b: Amoonguss\n|-singleturn|p2b: Amoonguss|Protect\n|move|p2a: Garchomp|Earthquake|p1a: Tatsugiri|[spread] p1b\n|-miss|p2a: Garchomp|p1a: Tatsugiri\n|-activate|p2b: Amoonguss|move: Protect\n|-resisted|p1b: Dondozo\n|-damage|p1b: Dondozo|49\/100\n|move|p1b: Dondozo|Earthquake|p2b: Amoonguss|[spread] p2a\n|-miss|p1b: Dondozo|p1a: Tatsugiri\n|-activate|p2b: Amoonguss|move: Protect\n|-damage|p2a: Garchomp|60\/100\n|\n|upkeep\n|turn|10\n|\n|t:|1682551031\n|move|p2a: Garchomp|Rock Slide|p1a: Tatsugiri|[spread] p1b\n|-miss|p2a: Garchomp|p1a: Tatsugiri\n|-damage|p1b: Dondozo|43\/100\n|cant|p1b: Dondozo|flinch\n|move|p2b: Amoonguss|Pollen Puff|p2a: Garchomp\n|-heal|p2a: Garchomp|100\/100\n|\n|upkeep\n|turn|11\n|\n|t:|1682551041\n|move|p2a: Garchomp|Protect|p2a: Garchomp\n|-singleturn|p2a: Garchomp|Protect\n|move|p1b: Dondozo|Earthquake|p2b: Amoonguss|[spread] p2b\n|-miss|p1b: Dondozo|p1a: Tatsugiri\n|-activate|p2a: Garchomp|move: Protect\n|-crit|p2b: Amoonguss\n|-damage|p2b: Amoonguss|72\/100\n|move|p2b: Amoonguss|Pollen Puff|p1b: Dondozo\n|-supereffective|p1b: Dondozo\n|-damage|p1b: Dondozo|25\/100\n|\n|upkeep\n|turn|12\n|\n|t:|1682551054\n|move|p2a: Garchomp|Swords Dance|p2a: Garchomp\n|-boost|p2a: Garchomp|atk|2\n|move|p1b: Dondozo|Earthquake|p2b: Amoonguss|[spread] p2a,p2b\n|-miss|p1b: Dondozo|p1a: Tatsugiri\n|-damage|p2a: Garchomp|87\/100\n|-damage|p2b: Amoonguss|61\/100\n|move|p2b: Amoonguss|Pollen Puff|p1b: Dondozo\n|-supereffective|p1b: Dondozo\n|-damage|p1b: Dondozo|10\/100\n|\n|upkeep\n|turn|13\n|\n|t:|1682551067\n|move|p2a: Garchomp|Rock Slide|p1b: Dondozo|[spread] p1b\n|-miss|p2a: Garchomp|p1a: Tatsugiri\n|-damage|p1b: Dondozo|3\/100\n|cant|p1b: Dondozo|flinch\n|move|p2b: Amoonguss|Spore|p1a: Tatsugiri|[miss]\n|-miss|p2b: Amoonguss|p1a: Tatsugiri\n|\n|upkeep\n|turn|14\n|\n|t:|1682551077\n|move|p2a: Garchomp|Rock Slide|p1b: Dondozo|[spread] p1b\n|-miss|p2a: Garchomp|p1a: Tatsugiri\n|-damage|p1b: Dondozo|0 fnt\n|faint|p1b: Dondozo\n|move|p2b: Amoonguss|Spore|p1a: Tatsugiri\n|-status|p1a: Tatsugiri|slp|[from] move: Spore\n|\n|upkeep\n|\n|t:|1682551092\n|switch|p1b: Wo-Chien|Wo-Chien, L50|100\/100\n|-ability|p1b: Wo-Chien|Tablets of Ruin\n|turn|15\n|\n|t:|1682551103\n|move|p2b: Amoonguss|Protect|p2b: Amoonguss\n|-singleturn|p2b: Amoonguss|Protect\n|cant|p1a: Tatsugiri|slp\n|move|p1a: Tatsugiri|Sleep Talk|p1a: Tatsugiri\n|move|p1a: Tatsugiri|Muddy Water|p2a: Garchomp|[from]move: Sleep Talk|[spread] p2a\n|-activate|p2b: Amoonguss|move: Protect\n|-damage|p2a: Garchomp|56\/100\n|move|p2a: Garchomp|Earthquake|p1a: Tatsugiri|[spread] p1a,p1b\n|-activate|p2b: Amoonguss|move: Protect\n|-resisted|p1b: Wo-Chien\n|-damage|p1a: Tatsugiri|0 fnt\n|-damage|p1b: Wo-Chien|54\/100\n|faint|p1a: Tatsugiri\n|move|p1b: Wo-Chien|Leech Seed|p2a: Garchomp\n|-start|p2a: Garchomp|move: Leech Seed\n|\n|-heal|p1b: Wo-Chien|60\/100|[from] item: Leftovers\n|-damage|p2a: Garchomp|44\/100|[from] Leech Seed|[of] p1b: Wo-Chien\n|-heal|p1b: Wo-Chien|74\/100|[silent]\n|upkeep\n|\n|t:|1682551121\n|switch|p1a: Flutter Mane|Flutter Mane, L50|100\/100\n|turn|16\n|\n|t:|1682551142\n|move|p2a: Garchomp|Protect|p2a: Garchomp\n|-singleturn|p2a: Garchomp|Protect\n|move|p1a: Flutter Mane|Dazzling Gleam|p2a: Garchomp|[spread] p2b\n|-activate|p2a: Garchomp|move: Protect\n|-resisted|p2b: Amoonguss\n|-damage|p2b: Amoonguss|47\/100\n|move|p1b: Wo-Chien|Snarl|p2a: Garchomp|[spread] p2b\n|-activate|p2a: Garchomp|move: Protect\n|-damage|p2b: Amoonguss|34\/100\n|-unboost|p2b: Amoonguss|spa|1\n|move|p2b: Amoonguss|Spore|p1a: Flutter Mane\n|-status|p1a: Flutter Mane|slp|[from] move: Spore\n|\n|-heal|p1b: Wo-Chien|80\/100|[from] item: Leftovers\n|-damage|p2a: Garchomp|32\/100|[from] Leech Seed|[of] p1b: Wo-Chien\n|-heal|p1b: Wo-Chien|94\/100|[silent]\n|upkeep\n|turn|17\n|\n|t:|1682551173\n|cant|p1a: Flutter Mane|slp\n|move|p2a: Garchomp|Rock Slide|p1b: Wo-Chien|[spread] p1a,p1b\n|-enditem|p1a: Flutter Mane|Focus Sash\n|-damage|p1a: Flutter Mane|1\/100 slp\n|-damage|p1b: Wo-Chien|46\/100\n|move|p1b: Wo-Chien|Pollen Puff|p2a: Garchomp\n|-crit|p2a: Garchomp\n|-damage|p2a: Garchomp|5\/100\n|move|p2b: Amoonguss|Pollen Puff|p2a: Garchomp\n|-heal|p2a: Garchomp|54\/100\n|\n|-heal|p1b: Wo-Chien|53\/100|[from] item: Leftovers\n|-damage|p2a: Garchomp|42\/100|[from] Leech Seed|[of] p1b: Wo-Chien\n|-heal|p1b: Wo-Chien|66\/100|[silent]\n|upkeep\n|turn|18\n|\n|t:|1682551198\n|move|p1b: Wo-Chien|Protect|p1b: Wo-Chien\n|-singleturn|p1b: Wo-Chien|Protect\n|move|p2b: Amoonguss|Protect|p2b: Amoonguss\n|-singleturn|p2b: Amoonguss|Protect\n|cant|p1a: Flutter Mane|slp\n|move|p2a: Garchomp|Earthquake|p1b: Wo-Chien|[spread] p1a\n|-activate|p2b: Amoonguss|move: Protect\n|-activate|p1b: Wo-Chien|move: Protect\n|-damage|p1a: Flutter Mane|0 fnt\n|faint|p1a: Flutter Mane\n|-end|p1a: Flutter Mane|Protosynthesis|[silent]\n|\n|-heal|p1b: Wo-Chien|72\/100|[from] item: Leftovers\n|-damage|p2a: Garchomp|30\/100|[from] Leech Seed|[of] p1b: Wo-Chien\n|-heal|p1b: Wo-Chien|86\/100|[silent]\n|upkeep\n|turn|19\n|\n|t:|1682551217\n|move|p2a: Garchomp|Rock Slide|p1b: Wo-Chien\n|-crit|p1b: Wo-Chien\n|-damage|p1b: Wo-Chien|0 fnt\n|faint|p1b: Wo-Chien\n|\n|win|Gioilele\n|c|\u2606Gioilele|gg\n","uploadtime":1682551223,"views":15,"p1id":"vivian20","p2id":"gioilele","formatid":"gen9vgc2023regulationc","rating":0,"private":0,"password":""}