{"id":"gen9vgc2023regulationc-1845442666","p1":"Oorko","p2":"MistressQueenM","format":"[Gen 9] VGC 2023 Regulation C","log":"|j|\u2606Oorko\n|j|\u203dMistressQueenM\n|t:|1681733816\n|gametype|doubles\n|player|p1|Oorko|dragontamer|1256\n|player|p2|MistressQueenM|veteranf|1277\n|teamsize|p1|6\n|teamsize|p2|6\n|gen|9\n|tier|[Gen 9] VGC 2023 Regulation C\n|rated|\n|rule|Species Clause: Limit one of each Pok\u00e9mon\n|rule|Item Clause: Limit one of each item\n|clearpoke\n|poke|p1|Corviknight, L50, M|\n|poke|p1|Ting-Lu, L50|\n|poke|p1|Dragonite, L50, F|\n|poke|p1|Iron Bundle, L50|\n|poke|p1|Palafin, L50, F|\n|poke|p1|Arcanine, L50, M|\n|poke|p2|Wo-Chien, L50|\n|poke|p2|Torkoal, L50, M|\n|poke|p2|Garganacl, L50, M|\n|poke|p2|Great Tusk, L50|\n|poke|p2|Murkrow, L50, M|\n|poke|p2|Farigiraf, L50, F|\n|teampreview|4\n|inactive|Battle timer is ON: inactive players will automatically lose when time's up. (requested by Oorko)\nMistressQueenM rejected open team sheets.\n|inactive|Oorko has 60 seconds left.\n|\n|t:|1681733856\n|start\n|switch|p1a: Palafin|Palafin, L50, F|100\/100\n|switch|p1b: Iron Bundle|Iron Bundle, L50|100\/100\n|switch|p2a: Murkrow|Murkrow, L50, M|100\/100\n|switch|p2b: Farigiraf|Farigiraf, L50, F|100\/100\n|-enditem|p1b: Iron Bundle|Booster Energy\n|-activate|p1b: Iron Bundle|ability: Quark Drive|[fromitem]\n|-start|p1b: Iron Bundle|quarkdrivespe\n|turn|1\n|\n|t:|1681733875\n|detailschange|p1a: Palafin|Palafin-Hero, L50, F\n|switch|p1a: Corviknight|Corviknight, L50, M|100\/100\n|move|p2a: Murkrow|Thunder Wave|p1b: Iron Bundle\n|-status|p1b: Iron Bundle|par\n|cant|p1b: Iron Bundle|par\n|move|p2b: Farigiraf|Trick Room|p2b: Farigiraf\n|-fieldstart|move: Trick Room|[of] p2b: Farigiraf\n|\n|upkeep\n|turn|2\n|\n|t:|1681733890\n|move|p2a: Murkrow|Thunder Wave|p1a: Corviknight\n|-status|p1a: Corviknight|par\n|move|p1a: Corviknight|Bulk Up|p1a: Corviknight\n|-boost|p1a: Corviknight|atk|1\n|-boost|p1a: Corviknight|def|1\n|move|p2b: Farigiraf|Hyper Voice|p1b: Iron Bundle|[spread] p1a,p1b\n|-enditem|p2b: Farigiraf|Normal Gem|[from] gem\n|-resisted|p1a: Corviknight\n|-damage|p1a: Corviknight|85\/100 par\n|-damage|p1b: Iron Bundle|39\/100 par\n|move|p1b: Iron Bundle|Freeze-Dry|p2a: Murkrow\n|-supereffective|p2a: Murkrow\n|-damage|p2a: Murkrow|39\/100\n|\n|upkeep\n|turn|3\n|\n|t:|1681733914\n|-end|p1b: Iron Bundle|Quark Drive|[silent]\n|switch|p1b: Ting-Lu|Ting-Lu, L50|100\/100\n|-ability|p1b: Ting-Lu|Vessel of Ruin\n|cant|p1a: Corviknight|par\n|move|p2b: Farigiraf|Hyper Voice|p1a: Corviknight|[spread] p1a,p1b\n|-resisted|p1a: Corviknight\n|-damage|p1a: Corviknight|77\/100 par\n|-damage|p1b: Ting-Lu|92\/100\n|move|p2a: Murkrow|Foul Play|p1a: Corviknight\n|-damage|p1a: Corviknight|56\/100 par\n|-damage|p2a: Murkrow|23\/100|[from] item: Rocky Helmet|[of] p1a: Corviknight\n|\n|upkeep\n|turn|4\n|\n|t:|1681733935\n|move|p1a: Corviknight|Roost|p1a: Corviknight\n|-heal|p1a: Corviknight|100\/100 par\n|-singleturn|p1a: Corviknight|move: Roost\n|move|p1b: Ting-Lu|Rock Tomb|p2a: Murkrow\n|-supereffective|p2a: Murkrow\n|-damage|p2a: Murkrow|0 fnt\n|faint|p2a: Murkrow\n|move|p2b: Farigiraf|Foul Play|p1a: Corviknight\n|-damage|p1a: Corviknight|87\/100 par\n|-damage|p2b: Farigiraf|84\/100|[from] item: Rocky Helmet|[of] p1a: Corviknight\n|\n|upkeep\n|\n|t:|1681733944\n|switch|p2a: Torkoal|Torkoal, L50, M, shiny|100\/100\n|-weather|SunnyDay|[from] ability: Drought|[of] p2a: Torkoal\n|turn|5\n|\n|t:|1681733957\n|-terastallize|p2a: Torkoal|Fire\n|-terastallize|p1a: Corviknight|Dragon\n|move|p2a: Torkoal|Eruption|p1a: Corviknight|[spread] p1a,p1b\n|-resisted|p1a: Corviknight\n|-damage|p1a: Corviknight|48\/100 par\n|-damage|p1b: Ting-Lu|54\/100\n|cant|p1a: Corviknight|par\n|move|p1b: Ting-Lu|Stomping Tantrum|p2a: Torkoal\n|-supereffective|p2a: Torkoal\n|-damage|p2a: Torkoal|46\/100\n|move|p2b: Farigiraf|Hyper Voice|p1a: Corviknight|[spread] p1a,p1b\n|-damage|p1a: Corviknight|32\/100 par\n|-damage|p1b: Ting-Lu|44\/100\n|\n|-weather|SunnyDay|[upkeep]\n|-fieldend|move: Trick Room\n|upkeep\n|turn|6\n|inactive|Oorko has 30 seconds left.\n|\n|t:|1681733983\n|move|p2a: Torkoal|Protect|p2a: Torkoal\n|-singleturn|p2a: Torkoal|Protect\n|move|p1b: Ting-Lu|Stomping Tantrum|p2a: Torkoal\n|-activate|p2a: Torkoal|move: Protect\n|move|p1a: Corviknight|Roost|p1a: Corviknight\n|-heal|p1a: Corviknight|82\/100 par\n|move|p2b: Farigiraf|Trick Room|p2b: Farigiraf\n|-fieldstart|move: Trick Room|[of] p2b: Farigiraf\n|\n|-weather|SunnyDay|[upkeep]\n|upkeep\n|turn|7\n|\n|t:|1681733996\n|move|p2b: Farigiraf|Ally Switch|p2b: Farigiraf\n|swap|p2b: Farigiraf|0|[from] move: Ally Switch\n|move|p2b: Torkoal|Heat Wave|p1b: Ting-Lu|[spread] p1b\n|-miss|p2b: Torkoal|p1a: Corviknight\n|-damage|p1b: Ting-Lu|20\/100\n|move|p1a: Corviknight|Brave Bird|p2a: Farigiraf\n|-damage|p2a: Farigiraf|23\/100\n|-damage|p1a: Corviknight|60\/100 par|[from] Recoil\n|move|p1b: Ting-Lu|Ruination|p2b: Torkoal\n|-damage|p2b: Torkoal|23\/100\n|\n|-weather|SunnyDay|[upkeep]\n|upkeep\n|turn|8\n|inactive|Oorko has 30 seconds left.\n|\n|t:|1681734023\n|move|p2b: Torkoal|Heat Wave|p1a: Corviknight|[spread] p1a,p1b\n|-resisted|p1a: Corviknight\n|-crit|p1a: Corviknight\n|-damage|p1a: Corviknight|22\/100 par\n|-damage|p1b: Ting-Lu|0 fnt\n|faint|p1b: Ting-Lu\n|move|p1a: Corviknight|Tailwind|p1a: Corviknight\n|-sidestart|p1: Oorko|move: Tailwind\n|move|p2a: Farigiraf|Foul Play|p1a: Corviknight\n|-crit|p1a: Corviknight\n|-damage|p1a: Corviknight|0 fnt\n|-damage|p2a: Farigiraf|7\/100|[from] item: Rocky Helmet|[of] p1a: Corviknight\n|faint|p1a: Corviknight\n|\n|-weather|SunnyDay|[upkeep]\n|upkeep\n|\n|t:|1681734032\n|switch|p1b: Iron Bundle|Iron Bundle, L50|39\/100 par\n|switch|p1a: Palafin|Palafin-Hero, L50, F|100\/100\n|-activate|p1a: Palafin|ability: Zero to Hero\n|turn|9\n|\n|t:|1681734048\n|move|p1b: Iron Bundle|Protect|p1b: Iron Bundle\n|-singleturn|p1b: Iron Bundle|Protect\n|move|p2b: Torkoal|Heat Wave|p1b: Iron Bundle|[spread] p1a\n|-activate|p1b: Iron Bundle|move: Protect\n|-resisted|p1a: Palafin\n|-damage|p1a: Palafin|63\/100\n|move|p2a: Farigiraf|Foul Play|p1a: Palafin\n|-damage|p1a: Palafin|22\/100\n|move|p1a: Palafin|Wave Crash|p2a: Farigiraf\n|-damage|p2a: Farigiraf|0 fnt\n|faint|p2a: Farigiraf\n|-damage|p1a: Palafin|19\/100|[from] Recoil\n|\n|-weather|none\n|upkeep\n|\n|t:|1681734051\n|switch|p2a: Wo-Chien|Wo-Chien, L50|100\/100\n|-ability|p2a: Wo-Chien|Tablets of Ruin\n|turn|10\n|\n|t:|1681734071\n|move|p1a: Palafin|Jet Punch|p2b: Torkoal\n|-supereffective|p2b: Torkoal\n|-damage|p2b: Torkoal|0 fnt\n|faint|p2b: Torkoal\n|move|p2a: Wo-Chien|Giga Drain|p1b: Iron Bundle\n|-supereffective|p1b: Iron Bundle\n|-damage|p1b: Iron Bundle|0 fnt\n|faint|p1b: Iron Bundle\n|-end|p1b: Iron Bundle|Quark Drive|[silent]\n|\n|-fieldend|move: Trick Room\n|upkeep\n|turn|11\n|inactive|Oorko has 30 seconds left.\n|inactive|Oorko has 20 seconds left.\n|inactive|Oorko has 15 seconds left.\n|inactive|Oorko has 10 seconds left.\n|inactive|Oorko has 5 seconds left.\n|\n|t:|1681734126\n|move|p1a: Palafin|Wave Crash|p2a: Wo-Chien\n|-resisted|p2a: Wo-Chien\n|-damage|p2a: Wo-Chien|71\/100\n|-damage|p1a: Palafin|10\/100|[from] Recoil\n|move|p2a: Wo-Chien|Giga Drain|p1a: Palafin\n|-supereffective|p1a: Palafin\n|-damage|p1a: Palafin|0 fnt\n|-heal|p2a: Wo-Chien|75\/100|[from] drain|[of] p1a: Palafin\n|faint|p1a: Palafin\n|\n|win|MistressQueenM\n|raw|Oorko's rating: 1256 → 1233<\/strong> (-23 for losing)\n|raw|MistressQueenM's rating: 1277 → 1300<\/strong> (+23 for winning)\n","uploadtime":1681734141,"views":9,"p1id":"oorko","p2id":"mistressqueenm","formatid":"gen9vgc2023regulationc","rating":1233,"private":0,"password":""}