{"id":"gen9vgc2023regulationc-1861982900","p1":"rmnew72","p2":"Arcacagne","format":"[Gen 9] VGC 2023 Regulation C","log":"|j|\u2606rmnew72\n|j|\u2606Arcacagne\n|t:|1683826222\n|gametype|doubles\n|player|p1|rmnew72|265|1304\n|player|p2|Arcacagne|102|1334\n|teamsize|p1|6\n|teamsize|p2|6\n|gen|9\n|tier|[Gen 9] VGC 2023 Regulation C\n|rated|\n|rule|Species Clause: Limit one of each Pok\u00e9mon\n|rule|Item Clause: Limit one of each item\n|clearpoke\n|poke|p1|Iron Hands, L50|\n|poke|p1|Kingambit, L50, F|\n|poke|p1|Mimikyu, L50, F|\n|poke|p1|Clodsire, L50, M|\n|poke|p1|Torkoal, L50, F|\n|poke|p1|Chi-Yu, L50|\n|poke|p2|Chi-Yu, L50|\n|poke|p2|Flutter Mane, L50|\n|poke|p2|Amoonguss, L50, M|\n|poke|p2|Ting-Lu, L50|\n|poke|p2|Iron Hands, L50|\n|poke|p2|Gyarados, L50, F|\n|teampreview|4\n|\n|t:|1683826243\n|start\n|switch|p1a: Iron Hands|Iron Hands, L50|100\/100\n|switch|p1b: Mimikyu|Mimikyu, L50, F|100\/100\n|switch|p2a: Chi-Yu|Chi-Yu, L50|100\/100\n|switch|p2b: Flutter Mane|Flutter Mane, L50|100\/100\n|-ability|p2a: Chi-Yu|Beads of Ruin\n|-enditem|p2b: Flutter Mane|Booster Energy\n|-activate|p2b: Flutter Mane|ability: Protosynthesis|[fromitem]\n|-start|p2b: Flutter Mane|protosynthesisspe\n|turn|1\n|\n|t:|1683826279\n|-terastallize|p2a: Chi-Yu|Ghost\n|-terastallize|p1a: Iron Hands|Grass\n|move|p1b: Mimikyu|Shadow Sneak|p2a: Chi-Yu\n|-supereffective|p2a: Chi-Yu\n|-damage|p2a: Chi-Yu|46\/100\n|move|p2b: Flutter Mane|Dazzling Gleam|p1b: Mimikyu|[spread] p1a,p1b\n|-damage|p1a: Iron Hands|74\/100\n|-activate|p1b: Mimikyu|ability: Disguise\n|-damage|p1b: Mimikyu|100\/100\n|detailschange|p1b: Mimikyu|Mimikyu-Busted, L50, F\n|-damage|p1b: Mimikyu|88\/100|[from] pokemon: Mimikyu-Busted\n|move|p2a: Chi-Yu|Heat Wave|p1a: Iron Hands|[spread] p1a,p1b\n|-supereffective|p1a: Iron Hands\n|-damage|p1a: Iron Hands|4\/100\n|-damage|p1b: Mimikyu|31\/100\n|-enditem|p1a: Iron Hands|Sitrus Berry|[eat]\n|-heal|p1a: Iron Hands|29\/100|[from] item: Sitrus Berry\n|move|p1a: Iron Hands|Ice Punch|p2a: Chi-Yu\n|-damage|p2a: Chi-Yu|4\/100\n|-status|p2a: Chi-Yu|frz\n|\n|upkeep\n|turn|2\n|c|\u2606Arcacagne|nice\n|\n|t:|1683826307\n|cant|p2a: Chi-Yu|frz\n|move|p2b: Flutter Mane|Dazzling Gleam|p1a: Iron Hands|[spread] p1a,p1b\n|-damage|p1a: Iron Hands|3\/100\n|-damage|p1b: Mimikyu|0 fnt\n|faint|p1b: Mimikyu\n|move|p1a: Iron Hands|Ice Punch|p2b: Flutter Mane\n|-damage|p2b: Flutter Mane|60\/100\n|\n|upkeep\n|\n|t:|1683826316\n|switch|p1b: Chi-Yu|Chi-Yu, L50|100\/100\n|-ability|p1b: Chi-Yu|Beads of Ruin\n|turn|3\n|\n|t:|1683826338\n|-end|p1a: Iron Hands|Quark Drive|[silent]\n|switch|p1a: Torkoal|Torkoal, L50, F|100\/100\n|-weather|SunnyDay|[from] ability: Drought|[of] p1a: Torkoal\n|move|p2b: Flutter Mane|Icy Wind|p1a: Torkoal|[spread] p1a,p1b\n|-resisted|p1a: Torkoal\n|-resisted|p1b: Chi-Yu\n|-damage|p1a: Torkoal|89\/100\n|-damage|p1b: Chi-Yu|93\/100\n|-unboost|p1a: Torkoal|spe|1\n|-unboost|p1b: Chi-Yu|spe|1\n|cant|p2a: Chi-Yu|frz\n|move|p1b: Chi-Yu|Heat Wave|p2a: Chi-Yu|[spread] p2a,p2b\n|-crit|p2b: Flutter Mane\n|-damage|p2a: Chi-Yu|0 fnt\n|-damage|p2b: Flutter Mane|0 fnt\n|faint|p2a: Chi-Yu\n|faint|p2b: Flutter Mane\n|-end|p2b: Flutter Mane|Protosynthesis|[silent]\n|\n|-weather|SunnyDay|[upkeep]\n|upkeep\n|\n|t:|1683826354\n|switch|p2b: Iron Hands|Iron Hands, L50|100\/100\n|switch|p2a: Ting-Lu|Ting-Lu, L50|100\/100\n|-ability|p2a: Ting-Lu|Vessel of Ruin\n|turn|4\n|\n|t:|1683826368\n|switch|p1a: Iron Hands|Iron Hands, L50, tera:Grass|3\/100\n|move|p1b: Chi-Yu|Protect|p1b: Chi-Yu\n|-singleturn|p1b: Chi-Yu|Protect\n|move|p2b: Iron Hands|Fake Out|p1b: Chi-Yu\n|-activate|p1b: Chi-Yu|move: Protect\n|move|p2a: Ting-Lu|Stomping Tantrum|p1a: Iron Hands\n|-resisted|p1a: Iron Hands\n|-damage|p1a: Iron Hands|0 fnt\n|faint|p1a: Iron Hands\n|-end|p1a: Iron Hands|Quark Drive|[silent]\n|\n|-weather|SunnyDay|[upkeep]\n|upkeep\n|\n|t:|1683826377\n|switch|p1a: Torkoal|Torkoal, L50, F|89\/100\n|turn|5\n|\n|t:|1683826393\n|move|p1b: Chi-Yu|Heat Wave|p2a: Ting-Lu|[spread] p2a,p2b\n|-damage|p2a: Ting-Lu|59\/100\n|-damage|p2b: Iron Hands|60\/100\n|move|p2a: Ting-Lu|Stomping Tantrum|p1a: Torkoal\n|-supereffective|p1a: Torkoal\n|-damage|p1a: Torkoal|15\/100\n|move|p2b: Iron Hands|Drain Punch|p1b: Chi-Yu\n|-supereffective|p1b: Chi-Yu\n|-damage|p1b: Chi-Yu|0 fnt\n|-heal|p2b: Iron Hands|84\/100|[from] drain|[of] p1b: Chi-Yu\n|faint|p1b: Chi-Yu\n|move|p1a: Torkoal|Solar Beam||[still]\n|-prepare|p1a: Torkoal|Solar Beam\n|-anim|p1a: Torkoal|Solar Beam|p2a: Ting-Lu\n|-supereffective|p2a: Ting-Lu\n|-damage|p2a: Ting-Lu|0 fnt\n|faint|p2a: Ting-Lu\n|\n|-weather|SunnyDay|[upkeep]\n|upkeep\n|turn|6\n|c|\u2606rmnew72|gg\n|c|\u2606Arcacagne|easy with the freeze\n|\n|t:|1683826430\n|move|p2b: Iron Hands|Drain Punch|p1a: Torkoal\n|-crit|p1a: Torkoal\n|-damage|p1a: Torkoal|0 fnt\n|-heal|p2b: Iron Hands|89\/100|[from] drain|[of] p1a: Torkoal\n|faint|p1a: Torkoal\n|\n|win|Arcacagne\n|raw|rmnew72's rating: 1304 → 1286<\/strong> (-18 for losing)\n|raw|Arcacagne's rating: 1334 → 1352<\/strong> (+18 for winning)\n","uploadtime":1683826438,"views":9,"p1id":"rmnew72","p2id":"arcacagne","formatid":"gen9vgc2023regulationc","rating":1286,"private":0,"password":""}