{"id":"gen9vgc2023regulationc-1845939666","p1":"d_davex","p2":"KoramTrainer","format":"[Gen 9] VGC 2023 Regulation C","log":"|j|\u2606d_davex\n|j|\u2606KoramTrainer\n|t:|1681781647\n|gametype|doubles\n|player|p1|d_davex|cyclist-gen4|1221\n|player|p2|KoramTrainer|hilbert|1224\n|teamsize|p1|6\n|teamsize|p2|6\n|gen|9\n|tier|[Gen 9] VGC 2023 Regulation C\n|rated|\n|rule|Species Clause: Limit one of each Pok\u00e9mon\n|rule|Item Clause: Limit one of each item\n|clearpoke\n|poke|p1|Torkoal, L50, F|\n|poke|p1|Bronzong, L50|\n|poke|p1|Lilligant, L50, F|\n|poke|p1|Flutter Mane, L50|\n|poke|p1|Iron Hands, L50|\n|poke|p1|Roaring Moon, L50|\n|poke|p2|Corviknight, L50, F|\n|poke|p2|Rotom-Wash, L50|\n|poke|p2|Ting-Lu, L50|\n|poke|p2|Flutter Mane, L50|\n|poke|p2|Tatsugiri, L50, F|\n|poke|p2|Dondozo, L50, M|\n|teampreview|4\n|inactive|Battle timer is ON: inactive players will automatically lose when time's up. (requested by KoramTrainer)\n|inactive|d_davex has 60 seconds left.\n|inactive|KoramTrainer has 60 seconds left.\n|inactive|d_davex has 30 seconds left.\n|inactive|KoramTrainer has 30 seconds left.\n|inactive|d_davex has 20 seconds left.\n|inactive|KoramTrainer has 20 seconds left.\n|inactive|d_davex has 15 seconds left.\n|inactive|KoramTrainer has 15 seconds left.\n|inactive|d_davex has 10 seconds left.\n|inactive|KoramTrainer has 10 seconds left.\n|\n|t:|1681781732\n|start\n|switch|p1a: Roaring Moon|Roaring Moon, L50|100\/100\n|switch|p1b: Torkoal|Torkoal, L50, F|100\/100\n|switch|p2a: Ting-Lu|Ting-Lu, L50|100\/100\n|switch|p2b: Rotom|Rotom-Wash, L50|100\/100\n|-ability|p2a: Ting-Lu|Vessel of Ruin\n|-weather|SunnyDay|[from] ability: Drought|[of] p1b: Torkoal\n|-activate|p1a: Roaring Moon|ability: Protosynthesis\n|-start|p1a: Roaring Moon|protosynthesisspe\n|turn|1\n|inactive|d_davex has 30 seconds left.\n|\n|t:|1681781762\n|switch|p1b: Iron Hands|Iron Hands, L50|100\/100\n|-terastallize|p1a: Roaring Moon|Fire\n|move|p1a: Roaring Moon|Dragon Dance|p1a: Roaring Moon\n|-boost|p1a: Roaring Moon|atk|1\n|-boost|p1a: Roaring Moon|spe|1\n|move|p2b: Rotom|Light Screen|p2b: Rotom\n|-sidestart|p2: KoramTrainer|move: Light Screen\n|move|p2a: Ting-Lu|Stomping Tantrum|p1b: Iron Hands\n|-supereffective|p1b: Iron Hands\n|-damage|p1b: Iron Hands|54\/100\n|\n|-weather|SunnyDay|[upkeep]\n|upkeep\n|turn|2\n|inactive|KoramTrainer has 30 seconds left.\n|inactive|KoramTrainer has 20 seconds left.\n|\n|t:|1681781799\n|-terastallize|p2a: Ting-Lu|Poison\n|move|p1b: Iron Hands|Fake Out|p2a: Ting-Lu\n|-damage|p2a: Ting-Lu|91\/100\n|move|p1a: Roaring Moon|Throat Chop|p2b: Rotom\n|-damage|p2b: Rotom|28\/100\n|-start|p2b: Rotom|Throat Chop|[silent]\n|move|p2b: Rotom|Hydro Pump|p1a: Roaring Moon\n|-supereffective|p1a: Roaring Moon\n|-damage|p1a: Roaring Moon|66\/100\n|cant|p2a: Ting-Lu|flinch\n|\n|-weather|SunnyDay|[upkeep]\n|upkeep\n|turn|3\n|\n|t:|1681781816\n|move|p1a: Roaring Moon|Throat Chop|p2b: Rotom\n|-damage|p2b: Rotom|0 fnt\n|faint|p2b: Rotom\n|move|p2a: Ting-Lu|Stomping Tantrum|p1a: Roaring Moon\n|-supereffective|p1a: Roaring Moon\n|-damage|p1a: Roaring Moon|0 fnt\n|faint|p1a: Roaring Moon\n|-end|p1a: Roaring Moon|Protosynthesis|[silent]\n|move|p1b: Iron Hands|Swords Dance|p1b: Iron Hands\n|-boost|p1b: Iron Hands|atk|2\n|\n|-weather|SunnyDay|[upkeep]\n|upkeep\n|\n|t:|1681781826\n|switch|p1a: Bronzong|Bronzong, L50|100\/100\n|switch|p2b: Flutter Mane|Flutter Mane, L50|100\/100\n|-activate|p2b: Flutter Mane|ability: Protosynthesis\n|-start|p2b: Flutter Mane|protosynthesisspe\n|turn|4\n|\n|t:|1681781850\n|switch|p2a: Dondozo|Dondozo, L50, M|100\/100\n|-end|p1b: Iron Hands|Quark Drive|[silent]\n|switch|p1b: Torkoal|Torkoal, L50, F|100\/100\n|move|p2b: Flutter Mane|Moonblast|p1b: Torkoal\n|-resisted|p1b: Torkoal\n|-damage|p1b: Torkoal|66\/100\n|move|p1a: Bronzong|Gyro Ball|p2b: Flutter Mane\n|-supereffective|p2b: Flutter Mane\n|-damage|p2b: Flutter Mane|0 fnt\n|faint|p2b: Flutter Mane\n|-end|p2b: Flutter Mane|Protosynthesis|[silent]\n|\n|-weather|SunnyDay|[upkeep]\n|upkeep\n|\n|t:|1681781861\n|switch|p2b: Ting-Lu|Ting-Lu, L50, tera:Poison|91\/100\n|-ability|p2b: Ting-Lu|Vessel of Ruin\n|turn|5\n|\n|t:|1681781882\n|move|p2a: Dondozo|Wave Crash|p1a: Bronzong\n|-damage|p1a: Bronzong|81\/100\n|-damage|p2a: Dondozo|96\/100|[from] Recoil\n|move|p2b: Ting-Lu|Stomping Tantrum|p1b: Torkoal\n|-supereffective|p1b: Torkoal\n|-damage|p1b: Torkoal|12\/100\n|move|p1a: Bronzong|Iron Defense|p1a: Bronzong\n|-boost|p1a: Bronzong|def|2\n|move|p1b: Torkoal|Earth Power|p2b: Ting-Lu\n|-supereffective|p2b: Ting-Lu\n|-damage|p2b: Ting-Lu|77\/100\n|\n|-weather|none\n|-heal|p1a: Bronzong|87\/100|[from] item: Leftovers\n|upkeep\n|turn|6\n|inactive|KoramTrainer has 30 seconds left.\n|inactive|KoramTrainer has 20 seconds left.\n|\n|t:|1681781917\n|move|p1b: Torkoal|Protect|p1b: Torkoal\n|-singleturn|p1b: Torkoal|Protect\n|move|p2a: Dondozo|Wave Crash|p1a: Bronzong\n|-damage|p1a: Bronzong|48\/100\n|-damage|p2a: Dondozo|86\/100|[from] Recoil\n|move|p2b: Ting-Lu|Heavy Slam|p1a: Bronzong\n|-resisted|p1a: Bronzong\n|-damage|p1a: Bronzong|43\/100\n|move|p1a: Bronzong|Iron Defense|p1a: Bronzong\n|-boost|p1a: Bronzong|def|2\n|\n|-heal|p1a: Bronzong|49\/100|[from] item: Leftovers\n|upkeep\n|turn|7\n|inactive|d_davex has 30 seconds left.\n|inactive|d_davex has 20 seconds left.\n|inactive|d_davex has 15 seconds left.\n|inactive|d_davex has 10 seconds left.\n|\n|t:|1681781963\n|move|p2a: Dondozo|Wave Crash|p1a: Bronzong\n|-damage|p1a: Bronzong|14\/100\n|-damage|p2a: Dondozo|77\/100|[from] Recoil\n|move|p2b: Ting-Lu|Body Press|p1a: Bronzong\n|-damage|p1a: Bronzong|8\/100\n|move|p1b: Torkoal|Earth Power|p2b: Ting-Lu\n|-supereffective|p2b: Ting-Lu\n|-damage|p2b: Ting-Lu|64\/100\n|move|p1a: Bronzong|Trick Room|p1a: Bronzong\n|-fieldstart|move: Trick Room|[of] p1a: Bronzong\n|\n|-heal|p1a: Bronzong|14\/100|[from] item: Leftovers\n|upkeep\n|turn|8\n|\n|t:|1681781984\n|move|p1b: Torkoal|Protect|p1b: Torkoal\n|-singleturn|p1b: Torkoal|Protect\n|move|p1a: Bronzong|Body Press|p2a: Dondozo\n|-damage|p2a: Dondozo|59\/100\n|move|p2b: Ting-Lu|Stomping Tantrum|p1b: Torkoal\n|-activate|p1b: Torkoal|move: Protect\n|move|p2a: Dondozo|Wave Crash|p1a: Bronzong\n|-damage|p1a: Bronzong|0 fnt\n|faint|p1a: Bronzong\n|-damage|p2a: Dondozo|56\/100|[from] Recoil\n|\n|-sideend|p2: KoramTrainer|move: Light Screen\n|upkeep\n|\n|t:|1681781995\n|switch|p1a: Iron Hands|Iron Hands, L50|54\/100\n|turn|9\n|\n|t:|1681782008\n|move|p1a: Iron Hands|Fake Out|p2b: Ting-Lu\n|-damage|p2b: Ting-Lu|54\/100\n|move|p1b: Torkoal|Earth Power|p2b: Ting-Lu\n|-supereffective|p2b: Ting-Lu\n|-damage|p2b: Ting-Lu|34\/100\n|cant|p2b: Ting-Lu|flinch\n|move|p2a: Dondozo|Wave Crash|p1b: Torkoal\n|-supereffective|p1b: Torkoal\n|-damage|p1b: Torkoal|0 fnt\n|faint|p1b: Torkoal\n|-damage|p2a: Dondozo|53\/100|[from] Recoil\n|\n|upkeep\n|turn|10\n|\n|t:|1681782029\n|move|p2a: Dondozo|Protect|p2a: Dondozo\n|-singleturn|p2a: Dondozo|Protect\n|move|p1a: Iron Hands|Wild Charge|p2a: Dondozo\n|-activate|p2a: Dondozo|move: Protect\n|move|p2b: Ting-Lu|Stomping Tantrum|p1a: Iron Hands\n|-supereffective|p1a: Iron Hands\n|-damage|p1a: Iron Hands|0 fnt\n|faint|p1a: Iron Hands\n|-end|p1a: Iron Hands|Quark Drive|[silent]\n|\n|win|KoramTrainer\n|raw|d_davex's rating: 1221 → 1196<\/strong> (-25 for losing)\n|raw|KoramTrainer's rating: 1224 → 1249<\/strong> (+25 for winning)\n|l|\u2606d_davex\n","uploadtime":1681782044,"views":11,"p1id":"ddavex","p2id":"koramtrainer","formatid":"gen9vgc2023regulationc","rating":1196,"private":0,"password":""}