{"id":"gen9vgc2023regulationc-1852047510","p1":"Pelli69","p2":"BBnoCrit$","format":"[Gen 9] VGC 2023 Regulation C","log":"|j|\u2606Pelli69\n|j|\u203dBBnoCrit$\n|t:|1682519757\n|gametype|doubles\n|player|p1|Pelli69|2|1287\n|player|p2|BBnoCrit$|170|1358\n|teamsize|p1|6\n|teamsize|p2|6\n|gen|9\n|tier|[Gen 9] VGC 2023 Regulation C\n|rated|\n|rule|Species Clause: Limit one of each Pok\u00e9mon\n|rule|Item Clause: Limit one of each item\n|clearpoke\n|poke|p1|Garchomp, L50, M|\n|poke|p1|Talonflame, L50, F|\n|poke|p1|Flutter Mane, L50|\n|poke|p1|Chien-Pao, L50|\n|poke|p1|Rotom-Wash, L50|\n|poke|p1|Ceruledge, L50, F|\n|poke|p2|Glimmora, L50, F|\n|poke|p2|Kingambit, L50, F|\n|poke|p2|Talonflame, L50, M|\n|poke|p2|Rotom-Wash, L50|\n|poke|p2|Flutter Mane, L50|\n|poke|p2|Wo-Chien, L50|\n|teampreview|4\n|\n|t:|1682519808\n|start\n|switch|p1a: Talonflame|Talonflame, L50, F|100\/100\n|switch|p1b: Garchomp|Garchomp, L50, M|100\/100\n|switch|p2a: Glimmora|Glimmora, L50, F|100\/100\n|switch|p2b: Talonflame|Talonflame, L50, M|100\/100\n|turn|1\n|inactive|Battle timer is ON: inactive players will automatically lose when time's up. (requested by BBnoCrit$)\n|\n|t:|1682519852\n|move|p1a: Talonflame|Brave Bird|p2b: Talonflame\n|-damage|p2b: Talonflame|29\/100\n|-damage|p1a: Talonflame|75\/100|[from] Recoil\n|move|p2b: Talonflame|Tailwind|p2b: Talonflame\n|-sidestart|p2: BBnoCrit$|move: Tailwind\n|move|p2a: Glimmora|Power Gem|p1a: Talonflame\n|-supereffective|p1a: Talonflame\n|-damage|p1a: Talonflame|0 fnt\n|faint|p1a: Talonflame\n|move|p1b: Garchomp|Dragon Claw|p2a: Glimmora\n|-damage|p2a: Glimmora|48\/100\n|-activate|p2a: Glimmora|ability: Toxic Debris\n|-sidestart|p1: Pelli69|move: Toxic Spikes\n|\n|upkeep\n|\n|t:|1682519868\n|switch|p1a: Rotom|Rotom-Wash, L50|100\/100\n|turn|2\n|\n|t:|1682519885\n|move|p2b: Talonflame|Will-O-Wisp|p1b: Garchomp\n|-status|p1b: Garchomp|brn\n|move|p2a: Glimmora|Sludge Bomb|p1a: Rotom\n|-damage|p1a: Rotom|30\/100\n|-enditem|p1a: Rotom|Sitrus Berry|[eat]\n|-heal|p1a: Rotom|55\/100|[from] item: Sitrus Berry\n|move|p1b: Garchomp|Dragon Claw|p2a: Glimmora\n|-damage|p2a: Glimmora|21\/100\n|-activate|p2a: Glimmora|ability: Toxic Debris\n|-sidestart|p1: Pelli69|move: Toxic Spikes\n|move|p1a: Rotom|Thunderbolt|p2b: Talonflame\n|-supereffective|p2b: Talonflame\n|-damage|p2b: Talonflame|0 fnt\n|faint|p2b: Talonflame\n|\n|-damage|p1b: Garchomp|94\/100 brn|[from] brn\n|upkeep\n|\n|t:|1682519907\n|switch|p2b: Wo-Chien|Wo-Chien, L50|100\/100\n|-ability|p2b: Wo-Chien|Tablets of Ruin\n|turn|3\n|\n|t:|1682519918\n|move|p2a: Glimmora|Spiky Shield|p2a: Glimmora\n|-singleturn|p2a: Glimmora|move: Protect\n|move|p1b: Garchomp|Protect|p1b: Garchomp\n|-singleturn|p1b: Garchomp|Protect\n|move|p1a: Rotom|Protect|p1a: Rotom\n|-singleturn|p1a: Rotom|Protect\n|move|p2b: Wo-Chien|Leech Seed|p1a: Rotom\n|-activate|p1a: Rotom|move: Protect\n|\n|-damage|p1b: Garchomp|88\/100 brn|[from] brn\n|upkeep\n|turn|4\n|\n|t:|1682519943\n|move|p2a: Glimmora|Sludge Bomb|p1a: Rotom\n|-damage|p1a: Rotom|0 fnt\n|faint|p1a: Rotom\n|move|p2b: Wo-Chien|Leech Seed|p1b: Garchomp\n|-start|p1b: Garchomp|move: Leech Seed\n|move|p1b: Garchomp|Earthquake|p2a: Glimmora|[spread] p2a,p2b\n|-supereffective|p2a: Glimmora\n|-resisted|p2b: Wo-Chien\n|-damage|p2a: Glimmora|0 fnt\n|-damage|p2b: Wo-Chien|94\/100\n|faint|p2a: Glimmora\n|\n|-heal|p2b: Wo-Chien|100\/100|[from] item: Leftovers\n|-damage|p1b: Garchomp|76\/100 brn|[from] Leech Seed|[of] p2b: Wo-Chien\n|-damage|p1b: Garchomp|70\/100 brn|[from] brn\n|-sideend|p2: BBnoCrit$|move: Tailwind\n|upkeep\n|\n|t:|1682519956\n|switch|p1a: Ceruledge|Ceruledge, L50, F|100\/100\n|switch|p2a: Rotom|Rotom-Wash, L50|100\/100\n|-status|p1a: Ceruledge|tox\n|turn|5\n|\n|t:|1682519974\n|-terastallize|p1a: Ceruledge|Grass\n|move|p1b: Garchomp|Dragon Claw|p2a: Rotom\n|-damage|p2a: Rotom|80\/100\n|move|p2a: Rotom|Shadow Ball|p1a: Ceruledge\n|-damage|p1a: Ceruledge|72\/100 tox\n|move|p1a: Ceruledge|Bitter Blade|p2b: Wo-Chien\n|-supereffective|p2b: Wo-Chien\n|-damage|p2b: Wo-Chien|43\/100\n|-heal|p1a: Ceruledge|100\/100 tox|[from] drain|[of] p2b: Wo-Chien\n|move|p2b: Wo-Chien|Pollen Puff|p1a: Ceruledge\n|-supereffective|p1a: Ceruledge\n|-damage|p1a: Ceruledge|68\/100 tox\n|\n|-heal|p2b: Wo-Chien|49\/100|[from] item: Leftovers\n|-damage|p1b: Garchomp|58\/100 brn|[from] Leech Seed|[of] p2b: Wo-Chien\n|-heal|p2b: Wo-Chien|61\/100|[silent]\n|-damage|p1a: Ceruledge|62\/100 tox|[from] psn\n|-damage|p1b: Garchomp|52\/100 brn|[from] brn\n|upkeep\n|turn|6\n|n|\u203dBBnoCrit$|bbnocrit\n|n|\u203dBBnoCrit$|bbnocrit\n|n|\u203dBBnoCrit$|bbnocrit\n|inactive|Pelli69 has 30 seconds left.\n|inactive|BBnoCrit$ has 30 seconds left.\n|inactive|BBnoCrit$ has 20 seconds left.\n|inactive|BBnoCrit$ has 15 seconds left.\n|inactive|BBnoCrit$ has 10 seconds left.\n|inactive|BBnoCrit$ has 5 seconds left.\n|\n|t:|1682520025\n|move|p2b: Wo-Chien|Protect|p2b: Wo-Chien\n|-singleturn|p2b: Wo-Chien|Protect\n|move|p1b: Garchomp|Stomping Tantrum|p2b: Wo-Chien\n|-activate|p2b: Wo-Chien|move: Protect\n|move|p2a: Rotom|Shadow Ball|p1a: Ceruledge\n|-damage|p1a: Ceruledge|32\/100 tox\n|move|p1a: Ceruledge|Tera Blast|p2a: Rotom\n|-supereffective|p2a: Rotom\n|-crit|p2a: Rotom\n|-damage|p2a: Rotom|0 fnt\n|faint|p2a: Rotom\n|\n|-heal|p2b: Wo-Chien|67\/100|[from] item: Leftovers\n|-damage|p1b: Garchomp|40\/100 brn|[from] Leech Seed|[of] p2b: Wo-Chien\n|-heal|p2b: Wo-Chien|79\/100|[silent]\n|-damage|p1a: Ceruledge|20\/100 tox|[from] psn\n|-damage|p1b: Garchomp|34\/100 brn|[from] brn\n|upkeep\n|turn|7\n|\n|t:|1682520045\n|-terastallize|p2b: Wo-Chien|Poison\n|move|p1b: Garchomp|Dragon Claw|p2b: Wo-Chien\n|-damage|p2b: Wo-Chien|65\/100\n|move|p1a: Ceruledge|Bitter Blade|p2b: Wo-Chien\n|-damage|p2b: Wo-Chien|39\/100\n|-heal|p1a: Ceruledge|37\/100 tox|[from] drain|[of] p2b: Wo-Chien\n|move|p2b: Wo-Chien|Pollen Puff|p1a: Ceruledge\n|-supereffective|p1a: Ceruledge\n|-damage|p1a: Ceruledge|5\/100 tox\n|\n|-heal|p2b: Wo-Chien|45\/100|[from] item: Leftovers\n|-damage|p1b: Garchomp|22\/100 brn|[from] Leech Seed|[of] p2b: Wo-Chien\n|-heal|p2b: Wo-Chien|56\/100|[silent]\n|-damage|p1a: Ceruledge|0 fnt|[from] psn\n|faint|p1a: Ceruledge\n|-damage|p1b: Garchomp|16\/100 brn|[from] brn\n|upkeep\n|turn|8\n|\n|t:|1682520063\n|move|p2b: Wo-Chien|Protect|p2b: Wo-Chien\n|-singleturn|p2b: Wo-Chien|Protect\n|move|p1b: Garchomp|Earthquake|p2b: Wo-Chien\n|-activate|p2b: Wo-Chien|move: Protect\n|\n|-heal|p2b: Wo-Chien|62\/100|[from] item: Leftovers\n|-damage|p1b: Garchomp|4\/100 brn|[from] Leech Seed|[of] p2b: Wo-Chien\n|-heal|p2b: Wo-Chien|74\/100|[silent]\n|-damage|p1b: Garchomp|0 fnt|[from] brn\n|faint|p1b: Garchomp\n|\n|win|BBnoCrit$\n|upkeep\n|raw|Pelli69's rating: 1287 → 1267<\/strong> (-20 for losing)\n|raw|BBnoCrit$'s rating: 1358 → 1374<\/strong> (+16 for winning)\n|l|\u2606Pelli69\n","uploadtime":1682520079,"views":17,"p1id":"pelli69","p2id":"bbnocrit","formatid":"gen9vgc2023regulationc","rating":1267,"private":0,"password":""}