{"id":"gen9vgc2023regulationc-1855003391","p1":"haokaixi","p2":"CaliberChamp","format":"[Gen 9] VGC 2023 Regulation C","log":"|j|\u2606haokaixi\n|j|\u2606CaliberChamp\n|t:|1682889867\n|gametype|doubles\n|player|p1|haokaixi|102|1214\n|player|p2|CaliberChamp|red-masters|1278\n|teamsize|p1|6\n|teamsize|p2|6\n|gen|9\n|tier|[Gen 9] VGC 2023 Regulation C\n|rated|\n|rule|Species Clause: Limit one of each Pok\u00e9mon\n|rule|Item Clause: Limit one of each item\n|clearpoke\n|poke|p1|Chi-Yu, L50|\n|poke|p1|Murkrow, L50, M|\n|poke|p1|Flutter Mane, L50|\n|poke|p1|Indeedee-F, L50, F|\n|poke|p1|Corviknight, L50, M|\n|poke|p1|Great Tusk, L50|\n|poke|p2|Corviknight, L50, M|\n|poke|p2|Toxtricity-Low-Key, L50, F|\n|poke|p2|Grimmsnarl, L50, M|\n|poke|p2|Frosmoth, L50, F|\n|poke|p2|Quaquaval, L50, F|\n|poke|p2|Ceruledge, L50, F|\n|teampreview|4\n|inactive|Battle timer is ON: inactive players will automatically lose when time's up. (requested by CaliberChamp)\n|inactive|CaliberChamp has 60 seconds left.\n|\n|t:|1682889910\n|start\n|switch|p1a: Corviknight|Corviknight, L50, M|100\/100\n|switch|p1b: Great Tusk|Great Tusk, L50|100\/100\n|switch|p2a: Hyrok|Grimmsnarl, L50, M|100\/100\n|switch|p2b: Riffit|Toxtricity-Low-Key, L50, F|100\/100\n|turn|1\n|inactive|haokaixi has 30 seconds left.\n|\n|t:|1682889941\n|-terastallize|p2b: Riffit|Flying\n|move|p2a: Hyrok|Light Screen|p2a: Hyrok\n|-sidestart|p2: CaliberChamp|move: Light Screen\n|move|p1b: Great Tusk|Earthquake|p2b: Riffit|[spread] p2a\n|-immune|p1a: Corviknight\n|-immune|p2b: Riffit\n|-damage|p2a: Hyrok|67\/100\n|move|p2b: Riffit|Overdrive|p1b: Great Tusk|[spread] p1a\n|-immune|p1b: Great Tusk\n|-supereffective|p1a: Corviknight\n|-damage|p1a: Corviknight|27\/100\n|-enditem|p1a: Corviknight|Sitrus Berry|[eat]\n|-heal|p1a: Corviknight|52\/100|[from] item: Sitrus Berry\n|move|p1a: Corviknight|Roost|p1a: Corviknight\n|-heal|p1a: Corviknight|100\/100\n|-singleturn|p1a: Corviknight|move: Roost\n|\n|upkeep\n|turn|2\n|inactive|CaliberChamp has 30 seconds left.\n|inactive|CaliberChamp has 20 seconds left.\n|inactive|CaliberChamp has 15 seconds left.\n|\n|t:|1682889982\n|move|p2a: Hyrok|Reflect|p2a: Hyrok\n|-sidestart|p2: CaliberChamp|Reflect\n|move|p1b: Great Tusk|Earthquake|p2a: Hyrok|[spread] p2a\n|-immune|p1a: Corviknight\n|-immune|p2b: Riffit\n|-damage|p2a: Hyrok|44\/100\n|move|p2b: Riffit|Nuzzle|p1a: Corviknight\n|-supereffective|p1a: Corviknight\n|-damage|p1a: Corviknight|88\/100\n|-status|p1a: Corviknight|par\n|move|p1a: Corviknight|Brave Bird|p2b: Riffit\n|-damage|p2b: Riffit|51\/100\n|-damage|p1a: Corviknight|76\/100 par|[from] Recoil\n|\n|upkeep\n|turn|3\n|\n|t:|1682890006\n|move|p2a: Hyrok|Scary Face|p1b: Great Tusk\n|-unboost|p1b: Great Tusk|spe|2\n|move|p2b: Riffit|Overdrive|p1b: Great Tusk|[spread] p1a\n|-immune|p1b: Great Tusk\n|-supereffective|p1a: Corviknight\n|-damage|p1a: Corviknight|0 fnt\n|faint|p1a: Corviknight\n|move|p1b: Great Tusk|Earthquake|p2b: Riffit|[spread] p2a\n|-immune|p2b: Riffit\n|-damage|p2a: Hyrok|22\/100\n|\n|upkeep\n|\n|t:|1682890021\n|switch|p1a: Chi-Yu|Chi-Yu, L50|100\/100\n|-ability|p1a: Chi-Yu|Beads of Ruin\n|turn|4\n|\n|t:|1682890046\n|-end|p1b: Great Tusk|Protosynthesis|[silent]\n|switch|p1b: Indeedee|Indeedee-F, L50, F|100\/100\n|-fieldstart|move: Psychic Terrain|[from] ability: Psychic Surge|[of] p1b: Indeedee\n|-enditem|p1b: Indeedee|Psychic Seed\n|-boost|p1b: Indeedee|spd|1|[from] item: Psychic Seed\n|move|p1a: Chi-Yu|Heat Wave|p2b: Riffit|[spread] p2a\n|-miss|p1a: Chi-Yu|p2b: Riffit\n|-damage|p2a: Hyrok|0 fnt\n|faint|p2a: Hyrok\n|move|p2b: Riffit|Snarl|p1b: Indeedee|[spread] p1a,p1b\n|-resisted|p1a: Chi-Yu\n|-supereffective|p1b: Indeedee\n|-damage|p1a: Chi-Yu|90\/100\n|-damage|p1b: Indeedee|70\/100\n|-unboost|p1a: Chi-Yu|spa|1\n|-unboost|p1b: Indeedee|spa|1\n|\n|upkeep\n|\n|t:|1682890064\n|switch|p2a: Sylvanas|Quaquaval, L50, F|100\/100\n|turn|5\n|\n|t:|1682890083\n|move|p1a: Chi-Yu|Protect|p1a: Chi-Yu\n|-singleturn|p1a: Chi-Yu|Protect\n|move|p2b: Riffit|Snarl|p1b: Indeedee|[spread] p1b\n|-activate|p1a: Chi-Yu|move: Protect\n|-supereffective|p1b: Indeedee\n|-damage|p1b: Indeedee|37\/100\n|-unboost|p1b: Indeedee|spa|1\n|move|p2a: Sylvanas|Ice Spinner|p1b: Indeedee\n|-damage|p1b: Indeedee|11\/100\n|-fieldend|move: Psychic Terrain\n|move|p1b: Indeedee|Psychic|p2a: Sylvanas\n|-supereffective|p2a: Sylvanas\n|-damage|p2a: Sylvanas|71\/100\n|\n|upkeep\n|turn|6\n|inactive|haokaixi has 30 seconds left.\n|\n|t:|1682890108\n|move|p1b: Indeedee|Follow Me|p1b: Indeedee\n|-singleturn|p1b: Indeedee|move: Follow Me\n|move|p1a: Chi-Yu|Nasty Plot|p1a: Chi-Yu\n|-boost|p1a: Chi-Yu|spa|2\n|move|p2b: Riffit|Overdrive|p1a: Chi-Yu|[spread] p1a,p1b\n|-damage|p1a: Chi-Yu|44\/100\n|-damage|p1b: Indeedee|0 fnt\n|faint|p1b: Indeedee\n|move|p2a: Sylvanas|Aqua Step|p1a: Chi-Yu\n|-supereffective|p1a: Chi-Yu\n|-damage|p1a: Chi-Yu|0 fnt\n|-boost|p2a: Sylvanas|spe|1\n|faint|p1a: Chi-Yu\n|-ability|p2a: Sylvanas|Moxie|boost\n|-boost|p2a: Sylvanas|atk|1\n|\n|upkeep\n|-message|haokaixi forfeited.\n|\n|win|CaliberChamp\n|raw|haokaixi's rating: 1214 → 1194<\/strong> (-20 for losing)\n|raw|CaliberChamp's rating: 1278 → 1298<\/strong> (+20 for winning)\n|l|\u2606haokaixi\n","uploadtime":1682890134,"views":9,"p1id":"haokaixi","p2id":"caliberchamp","formatid":"gen9vgc2023regulationc","rating":1194,"private":0,"password":""}