{"id":"gen9vgc2023regulationc-1853466742","p1":"Flo51","p2":"ParadoxOfParadox","format":"[Gen 9] VGC 2023 Regulation C","log":"|j|\u2606Flo51\n|j|\u2606ParadoxOfParadox\n|t:|1682688090\n|gametype|doubles\n|player|p1|Flo51|170|1132\n|player|p2|ParadoxOfParadox|acetrainercouple|1163\n|teamsize|p1|6\n|teamsize|p2|6\n|gen|9\n|tier|[Gen 9] VGC 2023 Regulation C\n|rated|\n|rule|Species Clause: Limit one of each Pok\u00e9mon\n|rule|Item Clause: Limit one of each item\n|clearpoke\n|poke|p1|Talonflame, L50, F|\n|poke|p1|Wo-Chien, L50|\n|poke|p1|Baxcalibur, L50, F|\n|poke|p1|Gholdengo, L50|\n|poke|p1|Iron Bundle, L50|\n|poke|p1|Ting-Lu, L50|\n|poke|p2|Arcanine, L50, F|\n|poke|p2|Gyarados, L50, F|\n|poke|p2|Salamence, L50, M|\n|poke|p2|Krookodile, L50, F|\n|poke|p2|Luxray, L50, M|\n|poke|p2|Tauros-Paldea-Aqua, L50, M|\n|teampreview|4\n|inactive|Battle timer is ON: inactive players will automatically lose when time's up. (requested by ParadoxOfParadox)\n|inactive|Flo51 has 60 seconds left.\n|\n|t:|1682688153\n|start\n|switch|p1a: Talonflame|Talonflame, L50, F|100\/100\n|switch|p1b: Ting-Lu|Ting-Lu, L50|100\/100\n|switch|p2a: Gyarados|Gyarados, L50, F|100\/100\n|switch|p2b: Luxray|Luxray, L50, M|100\/100\n|-ability|p2a: Gyarados|Intimidate|boost\n|-unboost|p1a: Talonflame|atk|1\n|-unboost|p1b: Ting-Lu|atk|1\n|-ability|p1b: Ting-Lu|Vessel of Ruin\n|-ability|p2b: Luxray|Intimidate|boost\n|-unboost|p1a: Talonflame|atk|1\n|-unboost|p1b: Ting-Lu|atk|1\n|turn|1\n|inactive|Flo51 has 30 seconds left.\n|\n|t:|1682688184\n|move|p2a: Gyarados|Protect|p2a: Gyarados\n|-singleturn|p2a: Gyarados|Protect\n|move|p1a: Talonflame|Tailwind|p1a: Talonflame\n|-sidestart|p1: Flo51|move: Tailwind\n|move|p1b: Ting-Lu|Fissure|p2b: Luxray|[miss]\n|-miss|p1b: Ting-Lu|p2b: Luxray\n|move|p2b: Luxray|Thunder Wave|p1a: Talonflame\n|-status|p1a: Talonflame|par\n|\n|upkeep\n|turn|2\n|\n|t:|1682688204\n|move|p2b: Luxray|Protect|p2b: Luxray\n|-singleturn|p2b: Luxray|Protect\n|move|p1b: Ting-Lu|Fissure|p2b: Luxray\n|-activate|p2b: Luxray|move: Protect\n|cant|p1a: Talonflame|par\n|move|p2a: Gyarados|Dragon Dance|p2a: Gyarados\n|-boost|p2a: Gyarados|atk|1\n|-boost|p2a: Gyarados|spe|1\n|\n|upkeep\n|turn|3\n|inactive|ParadoxOfParadox has 30 seconds left.\n|\n|t:|1682688234\n|move|p2b: Luxray|Protect||[still]\n|-fail|p2b: Luxray\n|move|p1b: Ting-Lu|Rock Slide|p2a: Gyarados|[spread] p2a,p2b\n|-supereffective|p2a: Gyarados\n|-crit|p2b: Luxray\n|-damage|p2a: Gyarados|77\/100\n|-damage|p2b: Luxray|75\/100\n|cant|p2a: Gyarados|flinch\n|move|p1a: Talonflame|Will-O-Wisp|p2a: Gyarados\n|-status|p2a: Gyarados|brn\n|\n|-damage|p2a: Gyarados|71\/100 brn|[from] brn\n|upkeep\n|turn|4\n|inactive|Flo51 has 30 seconds left.\n|inactive|Flo51 has 20 seconds left.\n|inactive|Flo51 has 15 seconds left.\n|\n|t:|1682688274\n|move|p2b: Luxray|Helping Hand|p2a: Gyarados\n|-singleturn|p2a: Gyarados|Helping Hand|[of] p2b: Luxray\n|move|p1a: Talonflame|Air Cutter|p2a: Gyarados|[spread] p2a,p2b\n|-resisted|p2b: Luxray\n|-damage|p2a: Gyarados|62\/100 brn\n|-damage|p2b: Luxray|71\/100\n|move|p1b: Ting-Lu|Ruination|p2b: Luxray\n|-damage|p2b: Luxray|36\/100\n|move|p2a: Gyarados|Waterfall|p1a: Talonflame\n|-supereffective|p1a: Talonflame\n|-damage|p1a: Talonflame|0 fnt\n|faint|p1a: Talonflame\n|\n|-damage|p2a: Gyarados|56\/100 brn|[from] brn\n|-sideend|p1: Flo51|move: Tailwind\n|upkeep\n|\n|t:|1682688289\n|switch|p1a: Baxcalibur|Baxcalibur, L50, F|100\/100\n|turn|5\n|\n|t:|1682688306\n|switch|p2a: Salamence|Salamence, L50, M|100\/100\n|-ability|p2a: Salamence|Intimidate|boost\n|-unboost|p1a: Baxcalibur|atk|1\n|-unboost|p1b: Ting-Lu|atk|1\n|switch|p1b: Gholdengo|Gholdengo, L50|100\/100\n|move|p2b: Luxray|Protect|p2b: Luxray\n|-singleturn|p2b: Luxray|Protect\n|move|p1a: Baxcalibur|Icicle Spear|p2b: Luxray\n|-activate|p2b: Luxray|move: Protect\n|\n|upkeep\n|turn|6\n|\n|t:|1682688324\n|-terastallize|p2a: Salamence|Water\n|move|p2a: Salamence|Flamethrower|p1b: Gholdengo\n|-supereffective|p1b: Gholdengo\n|-damage|p1b: Gholdengo|42\/100\n|move|p1a: Baxcalibur|Icicle Spear|p2a: Salamence\n|-resisted|p2a: Salamence\n|-damage|p2a: Salamence|93\/100\n|-resisted|p2a: Salamence\n|-damage|p2a: Salamence|88\/100\n|-resisted|p2a: Salamence\n|-damage|p2a: Salamence|81\/100\n|-resisted|p2a: Salamence\n|-damage|p2a: Salamence|75\/100\n|-hitcount|p2a: Salamence|4\n|move|p1b: Gholdengo|Shadow Ball|p2b: Luxray\n|-damage|p2b: Luxray|0 fnt\n|faint|p2b: Luxray\n|\n|upkeep\n|\n|t:|1682688335\n|switch|p2b: Arcanine|Arcanine, L50, F|100\/100\n|-ability|p2b: Arcanine|Intimidate|boost\n|-unboost|p1a: Baxcalibur|atk|1\n|-unboost|p1b: Gholdengo|atk|1\n|turn|7\n|\n|t:|1682688358\n|switch|p1a: Ting-Lu|Ting-Lu, L50|100\/100\n|-ability|p1a: Ting-Lu|Vessel of Ruin\n|move|p2a: Salamence|Draco Meteor|p1a: Ting-Lu\n|-damage|p1a: Ting-Lu|73\/100\n|-unboost|p2a: Salamence|spa|2\n|move|p2b: Arcanine|Flare Blitz|p1b: Gholdengo\n|-supereffective|p1b: Gholdengo\n|-damage|p1b: Gholdengo|0 fnt\n|faint|p1b: Gholdengo\n|-damage|p2b: Arcanine|87\/100|[from] Recoil\n|\n|upkeep\n|\n|t:|1682688371\n|switch|p1b: Baxcalibur|Baxcalibur, L50, F|100\/100\n|turn|8\n|\n|t:|1682688392\n|switch|p2a: Gyarados|Gyarados, L50, F|56\/100 brn\n|-ability|p2a: Gyarados|Intimidate|boost\n|-unboost|p1a: Ting-Lu|atk|1\n|-unboost|p1b: Baxcalibur|atk|1\n|move|p2b: Arcanine|Will-O-Wisp|p1a: Ting-Lu\n|-status|p1a: Ting-Lu|brn\n|move|p1b: Baxcalibur|Glaive Rush|p2a: Gyarados\n|-damage|p2a: Gyarados|0 fnt\n|-singlemove|p1b: Baxcalibur|Glaive Rush|[silent]\n|faint|p2a: Gyarados\n|move|p1a: Ting-Lu|Rock Slide|p2b: Arcanine|[miss]\n|-miss|p1a: Ting-Lu|p2b: Arcanine\n|\n|-damage|p1a: Ting-Lu|67\/100 brn|[from] brn\n|upkeep\n|\n|t:|1682688399\n|switch|p2a: Salamence|Salamence, L50, M, tera:Water|75\/100\n|-ability|p2a: Salamence|Intimidate|boost\n|-unboost|p1a: Ting-Lu|atk|1\n|-unboost|p1b: Baxcalibur|atk|1\n|turn|9\n|inactive|Flo51 has 30 seconds left.\n|\n|t:|1682688426\n|move|p2a: Salamence|Draco Meteor|p1b: Baxcalibur\n|-supereffective|p1b: Baxcalibur\n|-crit|p1b: Baxcalibur\n|-damage|p1b: Baxcalibur|0 fnt\n|-unboost|p2a: Salamence|spa|2\n|faint|p1b: Baxcalibur\n|move|p2b: Arcanine|Flare Blitz|p1a: Ting-Lu\n|-damage|p1a: Ting-Lu|33\/100 brn\n|-damage|p2b: Arcanine|74\/100|[from] Recoil\n|move|p1a: Ting-Lu|Fissure|p2a: Salamence|[miss]\n|-miss|p1a: Ting-Lu|p2a: Salamence\n|\n|-damage|p1a: Ting-Lu|27\/100 brn|[from] brn\n|upkeep\n|turn|10\n|\n|t:|1682688443\n|move|p2a: Salamence|Draco Meteor|p1a: Ting-Lu\n|-damage|p1a: Ting-Lu|14\/100 brn\n|-unboost|p2a: Salamence|spa|2\n|move|p2b: Arcanine|Flare Blitz|p1a: Ting-Lu\n|-damage|p1a: Ting-Lu|0 fnt\n|faint|p1a: Ting-Lu\n|-damage|p2b: Arcanine|69\/100|[from] Recoil\n|\n|win|ParadoxOfParadox\n|raw|Flo51's rating: 1132 → 1109<\/strong> (-23 for losing)\n|raw|ParadoxOfParadox's rating: 1163 → 1186<\/strong> (+23 for winning)\n","uploadtime":1682688448,"views":12,"p1id":"flo51","p2id":"paradoxofparadox","formatid":"gen9vgc2023regulationc","rating":1109,"private":0,"password":""}