{"id":"gen9vgc2023regulationc-1864116965","p1":"wisdaze","p2":"Forgurble","format":"[Gen 9] VGC 2023 Regulation C","log":"|j|\u203dwisdaze\n|j|\u2606Forgurble\n|t:|1684119835\n|gametype|doubles\n|player|p1|wisdaze|rosa|1053\n|player|p2|Forgurble|wattson|1040\n|teamsize|p1|6\n|teamsize|p2|6\n|gen|9\n|tier|[Gen 9] VGC 2023 Regulation C\n|rated|\n|rule|Species Clause: Limit one of each Pok\u00e9mon\n|rule|Item Clause: Limit one of each item\n|clearpoke\n|poke|p1|Torkoal, L50, M|\n|poke|p1|Jumpluff, L50, F|\n|poke|p1|Flutter Mane, L50|\n|poke|p1|Great Tusk, L50|\n|poke|p1|Chien-Pao, L50|\n|poke|p1|Kingambit, L50, F|\n|poke|p2|Garganacl, L50, M|\n|poke|p2|Ting-Lu, L50|\n|poke|p2|Scizor, L50, F|\n|poke|p2|Iron Moth, L50|\n|poke|p2|Grimmsnarl, L50, M|\n|poke|p2|Amoonguss, L50, F|\n|teampreview|4\n|\n|t:|1684119847\n|start\n|switch|p1a: Torkoal|Torkoal, L50, M|100\/100\n|switch|p1b: Jumpluff|Jumpluff, L50, F|100\/100\n|switch|p2a: Gargalad|Garganacl, L50, M|100\/100\n|switch|p2b: BowlingMoose|Ting-Lu, L50|100\/100\n|-ability|p2b: BowlingMoose|Vessel of Ruin\n|-weather|SunnyDay|[from] ability: Drought|[of] p1a: Torkoal\n|turn|1\n|\n|t:|1684119873\n|move|p1b: Jumpluff|Sleep Powder|p2b: BowlingMoose|[miss]\n|-miss|p1b: Jumpluff|p2b: BowlingMoose\n|move|p2b: BowlingMoose|Sand Tomb|p1a: Torkoal\n|-supereffective|p1a: Torkoal\n|-damage|p1a: Torkoal|80\/100\n|-activate|p1a: Torkoal|move: Sand Tomb|[of] p2b: BowlingMoose\n|move|p2a: Gargalad|Salt Cure|p1a: Torkoal\n|-supereffective|p1a: Torkoal\n|-damage|p1a: Torkoal|56\/100\n|-start|p1a: Torkoal|Salt Cure\n|move|p1a: Torkoal|Stomping Tantrum|p2a: Gargalad\n|-supereffective|p2a: Gargalad\n|-damage|p2a: Gargalad|79\/100\n|\n|-weather|SunnyDay|[upkeep]\n|-heal|p2a: Gargalad|85\/100|[from] item: Leftovers\n|-damage|p1a: Torkoal|44\/100|[from] move: Sand Tomb|[partiallytrapped]\n|-damage|p1a: Torkoal|31\/100|[from] Salt Cure\n|upkeep\n|turn|2\n|\n|t:|1684119899\n|-terastallize|p2a: Gargalad|Ghost\n|move|p1b: Jumpluff|Sleep Powder|p2b: BowlingMoose\n|-status|p2b: BowlingMoose|slp|[from] move: Sleep Powder\n|cant|p2b: BowlingMoose|slp\n|move|p2a: Gargalad|Iron Defense|p2a: Gargalad\n|-boost|p2a: Gargalad|def|2\n|move|p1a: Torkoal|Overheat|p2a: Gargalad\n|-damage|p2a: Gargalad|50\/100\n|-unboost|p1a: Torkoal|spa|2\n|-enditem|p1a: Torkoal|Eject Pack\n|\n|t:|1684119917\n|switch|p1a: Flutter Mane|Flutter Mane, L50|100\/100\n|-activate|p1a: Flutter Mane|ability: Protosynthesis\n|-start|p1a: Flutter Mane|protosynthesisspe\n|\n|-weather|SunnyDay|[upkeep]\n|-heal|p2a: Gargalad|55\/100|[from] item: Leftovers\n|upkeep\n|turn|3\n|\n|t:|1684119938\n|switch|p2b: Safety|Scizor, L50, F, shiny|100\/100\n|move|p2a: Gargalad|Protect|p2a: Gargalad\n|-singleturn|p2a: Gargalad|Protect\n|move|p1b: Jumpluff|Sleep Powder|p2a: Gargalad\n|-activate|p2a: Gargalad|move: Protect\n|move|p1a: Flutter Mane|Moonblast|p2b: Safety\n|-resisted|p2b: Safety\n|-damage|p2b: Safety|47\/100\n|\n|-weather|SunnyDay|[upkeep]\n|-heal|p2a: Gargalad|61\/100|[from] item: Leftovers\n|upkeep\n|turn|4\n|\n|t:|1684119958\n|move|p2b: Safety|Bullet Punch|p1a: Flutter Mane\n|-supereffective|p1a: Flutter Mane\n|-damage|p1a: Flutter Mane|0 fnt\n|faint|p1a: Flutter Mane\n|-end|p1a: Flutter Mane|Protosynthesis|[silent]\n|move|p1b: Jumpluff|Sleep Powder|p2a: Gargalad\n|-immune|p2a: Gargalad|[from] ability: Purifying Salt\n|move|p2a: Gargalad|Recover|p2a: Gargalad\n|-heal|p2a: Gargalad|100\/100\n|\n|-weather|SunnyDay|[upkeep]\n|upkeep\n|\n|t:|1684119972\n|switch|p1a: Great Tusk|Great Tusk, L50|100\/100\n|-activate|p1a: Great Tusk|ability: Protosynthesis\n|-start|p1a: Great Tusk|protosynthesisatk\n|turn|5\n|\n|t:|1684120000\n|-terastallize|p1a: Great Tusk|Fire\n|move|p1b: Jumpluff|Encore|p2a: Gargalad\n|-start|p2a: Gargalad|Encore\n|move|p1a: Great Tusk|Earthquake|p2b: Safety|[spread] p2a,p2b\n|-immune|p1b: Jumpluff\n|-damage|p2a: Gargalad|85\/100\n|-damage|p2b: Safety|0 fnt\n|faint|p2b: Safety\n|move|p2a: Gargalad|Recover|p2a: Gargalad\n|-heal|p2a: Gargalad|100\/100\n|\n|-weather|none\n|-end|p1a: Great Tusk|Protosynthesis\n|upkeep\n|\n|t:|1684120016\n|switch|p2b: IM: Reloaded|Iron Moth, L50, shiny|100\/100\n|-enditem|p2b: IM: Reloaded|Booster Energy\n|-activate|p2b: IM: Reloaded|ability: Quark Drive|[fromitem]\n|-start|p2b: IM: Reloaded|quarkdrivespa\n|turn|6\n|\n|t:|1684120032\n|-end|p2b: IM: Reloaded|Quark Drive|[silent]\n|switch|p2b: BowlingMoose|Ting-Lu, L50|100\/100 slp\n|-ability|p2b: BowlingMoose|Vessel of Ruin\n|move|p1a: Great Tusk|Earthquake|p2a: Gargalad|[spread] p2a,p2b\n|-immune|p1b: Jumpluff\n|-damage|p2a: Gargalad|88\/100\n|-damage|p2b: BowlingMoose|82\/100 slp\n|move|p1b: Jumpluff|Tailwind|p1b: Jumpluff\n|-sidestart|p1: wisdaze|move: Tailwind\n|move|p2a: Gargalad|Recover|p2a: Gargalad\n|-heal|p2a: Gargalad|100\/100\n|\n|upkeep\n|turn|7\n|\n|t:|1684120052\n|move|p1a: Great Tusk|Earthquake|p2a: Gargalad|[spread] p2a,p2b\n|-immune|p1b: Jumpluff\n|-damage|p2a: Gargalad|87\/100\n|-damage|p2b: BowlingMoose|60\/100 slp\n|move|p1b: Jumpluff|Leaf Storm|p2b: BowlingMoose\n|-supereffective|p2b: BowlingMoose\n|-damage|p2b: BowlingMoose|43\/100 slp\n|-unboost|p1b: Jumpluff|spa|2\n|-curestatus|p2b: BowlingMoose|slp|[msg]\n|move|p2b: BowlingMoose|Stomping Tantrum|p1a: Great Tusk\n|-supereffective|p1a: Great Tusk\n|-damage|p1a: Great Tusk|56\/100\n|move|p2a: Gargalad|Recover|p2a: Gargalad\n|-heal|p2a: Gargalad|100\/100\n|\n|-end|p2a: Gargalad|Encore\n|upkeep\n|turn|8\n|\n|t:|1684120074\n|move|p1a: Great Tusk|Earthquake|p2b: BowlingMoose|[spread] p2a,p2b\n|-immune|p1b: Jumpluff\n|-crit|p2a: Gargalad\n|-damage|p2a: Gargalad|61\/100\n|-damage|p2b: BowlingMoose|24\/100\n|move|p1b: Jumpluff|Encore|p2a: Gargalad\n|-start|p2a: Gargalad|Encore\n|move|p2b: BowlingMoose|Heavy Slam|p1a: Great Tusk\n|-resisted|p1a: Great Tusk\n|-damage|p1a: Great Tusk|50\/100\n|move|p2a: Gargalad|Recover|p2a: Gargalad\n|-heal|p2a: Gargalad|100\/100\n|\n|upkeep\n|turn|9\n|\n|t:|1684120094\n|switch|p1b: Torkoal|Torkoal, L50, M|31\/100\n|-weather|SunnyDay|[from] ability: Drought|[of] p1b: Torkoal\n|-activate|p1a: Great Tusk|ability: Protosynthesis\n|-start|p1a: Great Tusk|protosynthesisatk\n|move|p1a: Great Tusk|Earthquake|p2a: Gargalad|[spread] p1b,p2a,p2b\n|-supereffective|p1b: Torkoal\n|-damage|p1b: Torkoal|0 fnt\n|-damage|p2a: Gargalad|84\/100\n|-damage|p2b: BowlingMoose|0 fnt\n|faint|p1b: Torkoal\n|faint|p2b: BowlingMoose\n|move|p2a: Gargalad|Recover|p2a: Gargalad\n|-heal|p2a: Gargalad|100\/100\n|\n|-weather|SunnyDay|[upkeep]\n|-sideend|p1: wisdaze|move: Tailwind\n|upkeep\n|\n|t:|1684120109\n|switch|p2b: IM: Reloaded|Iron Moth, L50, shiny|100\/100\n|switch|p1b: Jumpluff|Jumpluff, L50, F|100\/100\n|turn|10\n|\n|t:|1684120119\n|move|p1b: Jumpluff|Leaf Storm|p2b: IM: Reloaded\n|-resisted|p2b: IM: Reloaded\n|-damage|p2b: IM: Reloaded|93\/100\n|-unboost|p1b: Jumpluff|spa|2\n|move|p1a: Great Tusk|Earthquake|p2b: IM: Reloaded|[spread] p2a,p2b\n|-immune|p1b: Jumpluff\n|-supereffective|p2b: IM: Reloaded\n|-damage|p2a: Gargalad|85\/100\n|-damage|p2b: IM: Reloaded|0 fnt\n|faint|p2b: IM: Reloaded\n|-end|p2b: IM: Reloaded|Quark Drive|[silent]\n|move|p2a: Gargalad|Recover|p2a: Gargalad\n|-heal|p2a: Gargalad|100\/100\n|\n|-weather|SunnyDay|[upkeep]\n|-end|p2a: Gargalad|Encore\n|upkeep\n|turn|11\n|\n|t:|1684120137\n|move|p1b: Jumpluff|Encore|p2a: Gargalad\n|-start|p2a: Gargalad|Encore\n|move|p1a: Great Tusk|Earthquake|p2a: Gargalad|[spread] p2a\n|-immune|p1b: Jumpluff\n|-damage|p2a: Gargalad|85\/100\n|move|p2a: Gargalad|Recover|p2a: Gargalad\n|-heal|p2a: Gargalad|100\/100\n|\n|-weather|SunnyDay|[upkeep]\n|-end|p2a: Gargalad|Encore\n|upkeep\n|turn|12\n|\n|t:|1684120153\n|move|p1b: Jumpluff|Encore||[still]\n|-fail|p1b: Jumpluff\n|move|p1a: Great Tusk|Earthquake|p2a: Gargalad|[spread] p2a\n|-immune|p1b: Jumpluff\n|-damage|p2a: Gargalad|84\/100\n|move|p2a: Gargalad|Salt Cure|p1b: Jumpluff\n|-supereffective|p1b: Jumpluff\n|-damage|p1b: Jumpluff|66\/100\n|\n|-weather|SunnyDay|[upkeep]\n|-heal|p2a: Gargalad|90\/100|[from] item: Leftovers\n|upkeep\n|turn|13\n|\n|t:|1684120169\n|move|p1b: Jumpluff|Sleep Powder|p2a: Gargalad\n|-immune|p2a: Gargalad|[from] ability: Purifying Salt\n|move|p1a: Great Tusk|Earthquake|p2a: Gargalad|[spread] p2a\n|-immune|p1b: Jumpluff\n|-damage|p2a: Gargalad|74\/100\n|move|p2a: Gargalad|Salt Cure|p1a: Great Tusk\n|-supereffective|p1a: Great Tusk\n|-damage|p1a: Great Tusk|30\/100\n|-start|p1a: Great Tusk|Salt Cure\n|\n|-weather|none\n|-end|p1a: Great Tusk|Protosynthesis\n|-heal|p2a: Gargalad|80\/100|[from] item: Leftovers\n|-damage|p1a: Great Tusk|18\/100|[from] Salt Cure\n|upkeep\n|turn|14\n|\n|t:|1684120189\n|move|p2a: Gargalad|Protect|p2a: Gargalad\n|-singleturn|p2a: Gargalad|Protect\n|move|p1a: Great Tusk|Earthquake|p2a: Gargalad|[spread] \n|-activate|p2a: Gargalad|move: Protect\n|-immune|p1b: Jumpluff\n|move|p1b: Jumpluff|Encore|p2a: Gargalad\n|-activate|p2a: Gargalad|move: Protect\n|\n|-heal|p2a: Gargalad|85\/100|[from] item: Leftovers\n|-damage|p1a: Great Tusk|6\/100|[from] Salt Cure\n|upkeep\n|turn|15\n|\n|t:|1684120202\n|move|p1a: Great Tusk|Earthquake|p2a: Gargalad|[spread] p2a\n|-immune|p1b: Jumpluff\n|-damage|p2a: Gargalad|74\/100\n|move|p1b: Jumpluff|Encore|p2a: Gargalad\n|-start|p2a: Gargalad|Encore\n|move|p2a: Gargalad|Protect||[still]\n|-fail|p2a: Gargalad\n|\n|-heal|p2a: Gargalad|80\/100|[from] item: Leftovers\n|-damage|p1a: Great Tusk|0 fnt|[from] Salt Cure\n|faint|p1a: Great Tusk\n|-end|p1a: Great Tusk|Protosynthesis|[silent]\n|upkeep\n|turn|16\n|\n|t:|1684120219\n|move|p2a: Gargalad|Protect|p2a: Gargalad\n|-singleturn|p2a: Gargalad|Protect\n|move|p1b: Jumpluff|Leaf Storm|p2a: Gargalad\n|-activate|p2a: Gargalad|move: Protect\n|\n|-heal|p2a: Gargalad|85\/100|[from] item: Leftovers\n|upkeep\n|turn|17\n|\n|t:|1684120227\n|move|p2a: Gargalad|Protect||[still]\n|-fail|p2a: Gargalad\n|move|p1b: Jumpluff|Leaf Storm|p2a: Gargalad\n|-damage|p2a: Gargalad|74\/100\n|-unboost|p1b: Jumpluff|spa|2\n|\n|-heal|p2a: Gargalad|80\/100|[from] item: Leftovers\n|-end|p2a: Gargalad|Encore\n|upkeep\n|turn|18\n|\n|t:|1684120240\n|move|p1b: Jumpluff|Encore|p2a: Gargalad\n|-start|p2a: Gargalad|Encore\n|move|p2a: Gargalad|Protect||[still]\n|-fail|p2a: Gargalad\n|\n|-heal|p2a: Gargalad|85\/100|[from] item: Leftovers\n|upkeep\n|turn|19\n|\n|t:|1684120250\n|move|p2a: Gargalad|Protect|p2a: Gargalad\n|-singleturn|p2a: Gargalad|Protect\n|move|p1b: Jumpluff|Leaf Storm|p2a: Gargalad\n|-activate|p2a: Gargalad|move: Protect\n|\n|-heal|p2a: Gargalad|91\/100|[from] item: Leftovers\n|upkeep\n|turn|20\n|\n|t:|1684120264\n|move|p2a: Gargalad|Protect||[still]\n|-fail|p2a: Gargalad\n|move|p1b: Jumpluff|Leaf Storm|p2a: Gargalad\n|-damage|p2a: Gargalad|84\/100\n|-unboost|p1b: Jumpluff|spa|2\n|\n|-heal|p2a: Gargalad|90\/100|[from] item: Leftovers\n|-end|p2a: Gargalad|Encore\n|upkeep\n|turn|21\n|\n|t:|1684120275\n|move|p1b: Jumpluff|Encore|p2a: Gargalad\n|-start|p2a: Gargalad|Encore\n|move|p2a: Gargalad|Protect||[still]\n|-fail|p2a: Gargalad\n|\n|-heal|p2a: Gargalad|96\/100|[from] item: Leftovers\n|upkeep\n|turn|22\n|\n|t:|1684120283\n|move|p2a: Gargalad|Protect|p2a: Gargalad\n|-singleturn|p2a: Gargalad|Protect\n|move|p1b: Jumpluff|Tailwind|p1b: Jumpluff\n|-sidestart|p1: wisdaze|move: Tailwind\n|\n|-heal|p2a: Gargalad|100\/100|[from] item: Leftovers\n|upkeep\n|turn|23\n|\n|t:|1684120292\n|move|p2a: Gargalad|Protect|p2a: Gargalad\n|-singleturn|p2a: Gargalad|Protect\n|move|p1b: Jumpluff|Leaf Storm|p2a: Gargalad\n|-activate|p2a: Gargalad|move: Protect\n|\n|-end|p2a: Gargalad|Encore\n|upkeep\n|turn|24\n|\n|t:|1684120300\n|move|p1b: Jumpluff|Leaf Storm|p2a: Gargalad|[miss]\n|-miss|p1b: Jumpluff|p2a: Gargalad\n|move|p2a: Gargalad|Salt Cure|p1b: Jumpluff\n|-supereffective|p1b: Jumpluff\n|-damage|p1b: Jumpluff|35\/100\n|\n|upkeep\n|turn|25\n|\n|t:|1684120308\n|move|p1b: Jumpluff|Sleep Powder|p2a: Gargalad\n|-immune|p2a: Gargalad|[from] ability: Purifying Salt\n|move|p2a: Gargalad|Salt Cure|p1b: Jumpluff\n|-supereffective|p1b: Jumpluff\n|-crit|p1b: Jumpluff\n|-damage|p1b: Jumpluff|0 fnt\n|faint|p1b: Jumpluff\n|\n|win|Forgurble\n|raw|wisdaze's rating: 1053 → 1034<\/strong> (-19 for losing)\n|raw|Forgurble's rating: 1040 → 1075<\/strong> (+35 for winning)\n","uploadtime":1684120321,"views":10,"p1id":"wisdaze","p2id":"forgurble","formatid":"gen9vgc2023regulationc","rating":1034,"private":0,"password":""}