{"id":"gen9vgc2023regulationc-1856301370","p1":"lengsavage","p2":"Ricardo Randorez","format":"[Gen 9] VGC 2023 Regulation C","log":"|j|\u2606lengsavage\n|j|\u2606Ricardo Randorez\n|t:|1683048970\n|gametype|doubles\n|player|p1|lengsavage|lyra|1003\n|player|p2|Ricardo Randorez|169|1100\n|teamsize|p1|6\n|teamsize|p2|6\n|gen|9\n|tier|[Gen 9] VGC 2023 Regulation C\n|rated|\n|rule|Species Clause: Limit one of each Pok\u00e9mon\n|rule|Item Clause: Limit one of each item\n|clearpoke\n|poke|p1|Scream Tail, L50|\n|poke|p1|Chien-Pao, L50|\n|poke|p1|Dragonite, L50, F|\n|poke|p1|Sableye, L50, F|\n|poke|p1|Ceruledge, L50, F|\n|poke|p1|Gastrodon, L50, F|\n|poke|p2|Glimmora, L50, M|\n|poke|p2|Maushold-Four, L50|\n|poke|p2|Dondozo, L50, M|\n|poke|p2|Tatsugiri, L50, F|\n|poke|p2|Garganacl, L50, F|\n|poke|p2|Wo-Chien, L50|\n|teampreview|4\n|inactive|Battle timer is ON: inactive players will automatically lose when time's up. (requested by Ricardo Randorez)\n|\n|t:|1683049010\n|start\n|switch|p1a: Sableye|Sableye, L50, F|100\/100\n|switch|p1b: Gastrodon|Gastrodon, L50, F|100\/100\n|switch|p2a: Maushold|Maushold-Four, L50|100\/100\n|switch|p2b: Glimmora|Glimmora, L50, M, shiny|100\/100\n|turn|1\n|inactive|lengsavage has 30 seconds left.\n|inactive|Ricardo Randorez has 30 seconds left.\n|inactive|lengsavage has 20 seconds left.\n|\n|t:|1683049049\n|move|p2a: Maushold|Feint|p2b: Glimmora\n|-resisted|p2b: Glimmora\n|-damage|p2b: Glimmora|98\/100\n|-activate|p2b: Glimmora|ability: Toxic Debris\n|-sidestart|p1: lengsavage|move: Toxic Spikes\n|move|p1a: Sableye|Reflect|p1a: Sableye\n|-sidestart|p1: lengsavage|Reflect\n|move|p2b: Glimmora|Mortal Spin|p1b: Gastrodon|[spread] p1a,p1b\n|-resisted|p1a: Sableye\n|-resisted|p1b: Gastrodon\n|-damage|p1a: Sableye|99\/100\n|-damage|p1b: Gastrodon|99\/100\n|-status|p1a: Sableye|psn\n|move|p1b: Gastrodon|Ice Beam|p2b: Glimmora\n|-damage|p2b: Glimmora|87\/100\n|-status|p2b: Glimmora|frz\n|\n|-damage|p1a: Sableye|86\/100 psn|[from] psn\n|upkeep\n|turn|2\n|inactive|lengsavage has 30 seconds left.\n|inactive|Ricardo Randorez has 30 seconds left.\n|inactive|lengsavage has 20 seconds left.\n|inactive|lengsavage has 15 seconds left.\n|\n|t:|1683049093\n|move|p2a: Maushold|Feint|p2b: Glimmora\n|-resisted|p2b: Glimmora\n|-damage|p2b: Glimmora|85\/100 frz\n|-activate|p2b: Glimmora|ability: Toxic Debris\n|-sidestart|p1: lengsavage|move: Toxic Spikes\n|move|p1a: Sableye|Encore|p2a: Maushold\n|-start|p2a: Maushold|Encore\n|cant|p2b: Glimmora|frz\n|move|p1b: Gastrodon|Earth Power|p2b: Glimmora\n|-supereffective|p2b: Glimmora\n|-damage|p2b: Glimmora|17\/100 frz\n|\n|-damage|p1a: Sableye|74\/100 psn|[from] psn\n|upkeep\n|turn|3\n|inactive|Ricardo Randorez has 30 seconds left.\n|\n|t:|1683049121\n|switch|p2a: Wo-Chien|Wo-Chien, L50|100\/100\n|-ability|p2a: Wo-Chien|Tablets of Ruin\n|move|p1a: Sableye|Light Screen|p1a: Sableye\n|-sidestart|p1: lengsavage|move: Light Screen\n|cant|p2b: Glimmora|frz\n|move|p1b: Gastrodon|Earth Power|p2b: Glimmora\n|-supereffective|p2b: Glimmora\n|-damage|p2b: Glimmora|0 fnt\n|faint|p2b: Glimmora\n|\n|-damage|p1a: Sableye|62\/100 psn|[from] psn\n|upkeep\n|\n|t:|1683049136\n|switch|p2b: Maushold|Maushold-Four, L50|100\/100\n|turn|4\n|inactive|lengsavage has 30 seconds left.\n|inactive|lengsavage has 20 seconds left.\n|\n|t:|1683049175\n|move|p1a: Sableye|Encore||[still]\n|-fail|p1a: Sableye\n|move|p2b: Maushold|Super Fang|p1b: Gastrodon\n|-damage|p1b: Gastrodon|50\/100\n|move|p2a: Wo-Chien|Leech Seed|p1b: Gastrodon\n|-start|p1b: Gastrodon|move: Leech Seed\n|move|p1b: Gastrodon|Ice Beam|p2a: Wo-Chien\n|-supereffective|p2a: Wo-Chien\n|-damage|p2a: Wo-Chien|78\/100\n|-status|p2a: Wo-Chien|frz\n|\n|-heal|p2a: Wo-Chien|84\/100 frz|[from] item: Leftovers\n|-damage|p1b: Gastrodon|37\/100|[from] Leech Seed|[of] p2a: Wo-Chien\n|-heal|p2a: Wo-Chien|98\/100 frz|[silent]\n|-damage|p1a: Sableye|50\/100 psn|[from] psn\n|upkeep\n|turn|5\n|inactive|lengsavage has 30 seconds left.\n|inactive|Ricardo Randorez has 30 seconds left.\n|\n|t:|1683049209\n|move|p1a: Sableye|Disable|p2a: Wo-Chien\n|-hint|Since gen 7, Dark is immune to Prankster moves.\n|-immune|p2a: Wo-Chien\n|move|p2b: Maushold|Super Fang|p1b: Gastrodon\n|-damage|p1b: Gastrodon|19\/100\n|-curestatus|p2a: Wo-Chien|frz|[msg]\n|move|p2a: Wo-Chien|Snarl|p1b: Gastrodon|[spread] p1a,p1b\n|-damage|p1a: Sableye|39\/100 psn\n|-damage|p1b: Gastrodon|11\/100\n|-unboost|p1a: Sableye|spa|1\n|move|p1b: Gastrodon|Recover|p1b: Gastrodon\n|-heal|p1b: Gastrodon|61\/100\n|\n|-heal|p2a: Wo-Chien|100\/100|[from] item: Leftovers\n|-damage|p1b: Gastrodon|48\/100|[from] Leech Seed|[of] p2a: Wo-Chien\n|-damage|p1a: Sableye|27\/100 psn|[from] psn\n|-sideend|p1: lengsavage|Reflect\n|upkeep\n|turn|6\n|inactive|lengsavage has 30 seconds left.\n|inactive|Ricardo Randorez has 30 seconds left.\n|inactive|lengsavage has 20 seconds left.\n|\n|t:|1683049245\n|move|p1a: Sableye|Encore|p2a: Wo-Chien\n|-hint|Since gen 7, Dark is immune to Prankster moves.\n|-immune|p2a: Wo-Chien\n|move|p2b: Maushold|Super Fang|p1b: Gastrodon\n|-damage|p1b: Gastrodon|24\/100\n|move|p2a: Wo-Chien|Leech Seed|p1a: Sableye|[miss]\n|-miss|p2a: Wo-Chien|p1a: Sableye\n|move|p1b: Gastrodon|Ice Beam|p2a: Wo-Chien\n|-supereffective|p2a: Wo-Chien\n|-damage|p2a: Wo-Chien|76\/100\n|\n|-heal|p2a: Wo-Chien|82\/100|[from] item: Leftovers\n|-damage|p1b: Gastrodon|12\/100|[from] Leech Seed|[of] p2a: Wo-Chien\n|-heal|p2a: Wo-Chien|96\/100|[silent]\n|-damage|p1a: Sableye|15\/100 psn|[from] psn\n|upkeep\n|turn|7\n|inactive|lengsavage has 30 seconds left.\n|inactive|Ricardo Randorez has 30 seconds left.\n|inactive|lengsavage has 20 seconds left.\n|inactive|lengsavage has 15 seconds left.\n|inactive|Ricardo Randorez has 20 seconds left.\n|inactive|lengsavage has 10 seconds left.\n|inactive|lengsavage has 5 seconds left.\n|-message|lengsavage forfeited.\n|\n|win|Ricardo Randorez\n|raw|lengsavage's rating: 1003 → 1000<\/strong> (-3 for losing)\n|raw|Ricardo Randorez's rating: 1100 → 1118<\/strong> (+18 for winning)\n|l|\u2606lengsavage\n","uploadtime":1683049304,"views":11,"p1id":"lengsavage","p2id":"ricardorandorez","formatid":"gen9vgc2023regulationc","rating":1000,"private":0,"password":""}