{"id":"gen9vgc2023regulationc-1851813358","p1":"Darth_Nater59","p2":"12kdj","format":"[Gen 9] VGC 2023 Regulation C","log":"|j|\u2606Darth_Nater59\n|j|\u260612kdj\n|t:|1682488372\n|gametype|doubles\n|player|p1|Darth_Nater59|alder|1044\n|player|p2|12kdj|dawn|1140\n|teamsize|p1|6\n|teamsize|p2|6\n|gen|9\n|tier|[Gen 9] VGC 2023 Regulation C\n|rated|\n|rule|Species Clause: Limit one of each Pok\u00e9mon\n|rule|Item Clause: Limit one of each item\n|clearpoke\n|poke|p1|Torkoal, L50, M|\n|poke|p1|Grimmsnarl, L50, M|\n|poke|p1|Leafeon, L50, F|\n|poke|p1|Dragapult, L50, F|\n|poke|p1|Garganacl, L50, M|\n|poke|p1|Palafin, L50, F|\n|poke|p2|Lurantis, L50, M|\n|poke|p2|Grimmsnarl, L50, M|\n|poke|p2|Ting-Lu, L50|\n|poke|p2|Farigiraf, L50, F|\n|poke|p2|Talonflame, L50, M|\n|poke|p2|Palafin, L50, F|\n|teampreview|4\n|inactive|Battle timer is ON: inactive players will automatically lose when time's up. (requested by Darth_Nater59)\n|\n|t:|1682488425\n|start\n|switch|p1a: Torkoal|Torkoal, L50, M|100\/100\n|switch|p1b: Leafeon|Leafeon, L50, F|100\/100\n|switch|p2a: Grimmsnarl|Grimmsnarl, L50, M|100\/100\n|switch|p2b: Palafin|Palafin, L50, F|100\/100\n|-weather|SunnyDay|[from] ability: Drought|[of] p1a: Torkoal\n|turn|1\n|inactive|12kdj has 30 seconds left.\n|inactive|12kdj has 20 seconds left.\n|\n|t:|1682488464\n|detailschange|p2b: Palafin|Palafin-Hero, L50, F\n|switch|p2b: Lurantis|Lurantis, L50, M|100\/100\n|move|p2a: Grimmsnarl|Fake Out|p1a: Torkoal\n|-damage|p1a: Torkoal|93\/100\n|move|p1b: Leafeon|Leaf Blade|p2b: Lurantis\n|-resisted|p2b: Lurantis\n|-damage|p2b: Lurantis|74\/100\n|cant|p1a: Torkoal|flinch\n|\n|-weather|SunnyDay|[upkeep]\n|upkeep\n|turn|2\n|inactive|Darth_Nater59 has 30 seconds left.\n|\n|t:|1682488492\n|-terastallize|p2b: Lurantis|Fire\n|move|p2a: Grimmsnarl|Scary Face|p2b: Lurantis\n|-boost|p2b: Lurantis|spe|2\n|move|p1b: Leafeon|Leaf Blade|p2a: Grimmsnarl\n|-damage|p2a: Grimmsnarl|48\/100\n|move|p2b: Lurantis|Tera Blast|p1b: Leafeon\n|-supereffective|p1b: Leafeon\n|-damage|p1b: Leafeon|0 fnt\n|faint|p1b: Leafeon\n|move|p1a: Torkoal|Eruption|p2a: Grimmsnarl|[spread] p2a,p2b\n|-resisted|p2b: Lurantis\n|-damage|p2a: Grimmsnarl|0 fnt\n|-damage|p2b: Lurantis|48\/100\n|faint|p2a: Grimmsnarl\n|\n|-weather|SunnyDay|[upkeep]\n|upkeep\n|inactive|Darth_Nater59 has 30 seconds left.\n|\n|t:|1682488527\n|switch|p1b: Grimmsnarl|Grimmsnarl, L50, M|100\/100\n|switch|p2a: Palafin|Palafin-Hero, L50, F|100\/100\n|-activate|p2a: Palafin|ability: Zero to Hero\n|turn|3\n|inactive|12kdj has 30 seconds left.\n|\n|t:|1682488555\n|move|p1a: Torkoal|Protect|p1a: Torkoal\n|-singleturn|p1a: Torkoal|Protect\n|move|p1b: Grimmsnarl|Thunder Wave|p2b: Lurantis\n|-status|p2b: Lurantis|par\n|move|p2a: Palafin|Wave Crash|p1a: Torkoal\n|-activate|p1a: Torkoal|move: Protect\n|move|p2b: Lurantis|Giga Drain|p1b: Grimmsnarl\n|-damage|p1b: Grimmsnarl|65\/100\n|-heal|p2b: Lurantis|72\/100 par|[from] drain|[of] p1b: Grimmsnarl\n|\n|-weather|SunnyDay|[upkeep]\n|upkeep\n|turn|4\n|inactive|Darth_Nater59 has 30 seconds left.\n|inactive|12kdj has 30 seconds left.\n|inactive|Darth_Nater59 has 20 seconds left.\n|\n|t:|1682488593\n|-terastallize|p1a: Torkoal|Grass\n|move|p1b: Grimmsnarl|Thunder Wave|p2a: Palafin\n|-status|p2a: Palafin|par\n|move|p2b: Lurantis|Giga Drain|p1b: Grimmsnarl\n|-damage|p1b: Grimmsnarl|32\/100\n|-heal|p2b: Lurantis|94\/100 par|[from] drain|[of] p1b: Grimmsnarl\n|cant|p2a: Palafin|par\n|move|p1a: Torkoal|Clear Smog|p2b: Lurantis\n|-damage|p2b: Lurantis|82\/100 par\n|-clearboost|p2b: Lurantis\n|\n|-weather|SunnyDay|[upkeep]\n|upkeep\n|turn|5\n|inactive|Darth_Nater59 has 30 seconds left.\n|inactive|12kdj has 30 seconds left.\n|\n|t:|1682488629\n|switch|p1a: Dragapult|Dragapult, L50, F, shiny|100\/100\n|cant|p2a: Palafin|par\n|move|p1b: Grimmsnarl|Spirit Break|p2b: Lurantis\n|-resisted|p2b: Lurantis\n|-damage|p2b: Lurantis|55\/100 par\n|-boost|p2b: Lurantis|spa|1\n|cant|p2b: Lurantis|par\n|\n|-weather|none\n|upkeep\n|turn|6\n|inactive|12kdj has 30 seconds left.\n|inactive|12kdj has 20 seconds left.\n|inactive|12kdj has 15 seconds left.\n|\n|t:|1682488672\n|move|p1a: Dragapult|Dragon Darts|p2b: Lurantis\n|-damage|p2b: Lurantis|12\/100 par\n|-anim|p1a: Dragapult|Dragon Darts|p2a: Palafin\n|-damage|p2a: Palafin|69\/100 par\n|-damage|p1a: Dragapult|91\/100|[from] item: Life Orb\n|cant|p2a: Palafin|par\n|move|p1b: Grimmsnarl|False Surrender|p2b: Lurantis\n|-damage|p2b: Lurantis|0 fnt\n|faint|p2b: Lurantis\n|\n|upkeep\n|\n|t:|1682488684\n|switch|p2b: Ting-Lu|Ting-Lu, L50|100\/100\n|-ability|p2b: Ting-Lu|Vessel of Ruin\n|turn|7\n|c|\u2606Darth_Nater59|Dude these paras have been insane lol\n|inactive|Darth_Nater59 has 30 seconds left.\n|\n|t:|1682488713\n|move|p1a: Dragapult|U-turn|p2b: Ting-Lu\n|-supereffective|p2b: Ting-Lu\n|-damage|p2b: Ting-Lu|72\/100\n|-damage|p1a: Dragapult|81\/100|[from] item: Life Orb\n|\n|t:|1682488720\n|switch|p1a: Torkoal|Torkoal, L50, M, tera:Grass|93\/100|[from] U-turn\n|-weather|SunnyDay|[from] ability: Drought|[of] p1a: Torkoal\n|move|p2a: Palafin|Ice Punch|p1a: Torkoal\n|-supereffective|p1a: Torkoal\n|-damage|p1a: Torkoal|42\/100\n|-enditem|p1a: Torkoal|Weakness Policy\n|-boost|p1a: Torkoal|atk|2|[from] item: Weakness Policy\n|-boost|p1a: Torkoal|spa|2|[from] item: Weakness Policy\n|move|p1b: Grimmsnarl|False Surrender|p2a: Palafin\n|-damage|p2a: Palafin|24\/100 par\n|move|p2b: Ting-Lu|Stomping Tantrum|p1b: Grimmsnarl\n|-damage|p1b: Grimmsnarl|0 fnt\n|faint|p1b: Grimmsnarl\n|\n|-weather|SunnyDay|[upkeep]\n|-heal|p2b: Ting-Lu|78\/100|[from] item: Leftovers\n|upkeep\n|\n|t:|1682488736\n|switch|p1b: Dragapult|Dragapult, L50, F, shiny|81\/100\n|turn|8\n|inactive|12kdj has 30 seconds left.\n|\n|t:|1682488763\n|move|p1b: Dragapult|Dragon Darts|p2a: Palafin\n|-damage|p2a: Palafin|0 fnt\n|-anim|p1b: Dragapult|Dragon Darts|p2b: Ting-Lu\n|-damage|p2b: Ting-Lu|61\/100\n|faint|p2a: Palafin\n|-damage|p1b: Dragapult|71\/100|[from] item: Life Orb\n|move|p2b: Ting-Lu|Fissure|p1b: Dragapult|[miss]\n|-miss|p2b: Ting-Lu|p1b: Dragapult\n|move|p1a: Torkoal|Yawn|p2b: Ting-Lu\n|-start|p2b: Ting-Lu|move: Yawn|[of] p1a: Torkoal\n|\n|-weather|SunnyDay|[upkeep]\n|-heal|p2b: Ting-Lu|67\/100|[from] item: Leftovers\n|upkeep\n|turn|9\n|inactive|Darth_Nater59 has 30 seconds left.\n|\n|t:|1682488791\n|move|p1b: Dragapult|Dragon Darts|p2b: Ting-Lu\n|-crit|p2b: Ting-Lu\n|-damage|p2b: Ting-Lu|42\/100\n|-anim|p1b: Dragapult|Dragon Darts|p2b: Ting-Lu\n|-damage|p2b: Ting-Lu|27\/100\n|-damage|p1b: Dragapult|61\/100|[from] item: Life Orb\n|move|p2b: Ting-Lu|Fissure|p1b: Dragapult|[miss]\n|-miss|p2b: Ting-Lu|p1b: Dragapult\n|move|p1a: Torkoal|Eruption|p2b: Ting-Lu\n|-damage|p2b: Ting-Lu|0 fnt\n|faint|p2b: Ting-Lu\n|\n|win|Darth_Nater59\n|raw|Darth_Nater59's rating: 1044 → 1086<\/strong> (+42 for winning)\n|raw|12kdj's rating: 1140 → 1108<\/strong> (-32 for losing)\n|l|\u260612kdj\n|c|\u2606Darth_Nater59|gg\n","uploadtime":1682488836,"views":13,"p1id":"darthnater59","p2id":"12kdj","formatid":"gen9vgc2023regulationc","rating":1086,"private":0,"password":""}