{"id":"gen9vgc2023regulationc-1848357200","p1":"Livingsucks123","p2":"PooOnMeOften","format":"[Gen 9] VGC 2023 Regulation C","log":"|j|\u2606Livingsucks123\n|j|\u203dPooOnMeOften\n|t:|1682066091\n|gametype|doubles\n|player|p1|Livingsucks123|170|1115\n|player|p2|PooOnMeOften|265|1063\n|teamsize|p1|6\n|teamsize|p2|6\n|gen|9\n|tier|[Gen 9] VGC 2023 Regulation C\n|rated|\n|rule|Species Clause: Limit one of each Pok\u00e9mon\n|rule|Item Clause: Limit one of each item\n|clearpoke\n|poke|p1|Sableye, L50, F|\n|poke|p1|Scizor, L50, F|\n|poke|p1|Arcanine, L50, F|\n|poke|p1|Roaring Moon, L50|\n|poke|p1|Ting-Lu, L50|\n|poke|p1|Flutter Mane, L50|\n|poke|p2|Chien-Pao, L50|\n|poke|p2|Flutter Mane, L50|\n|poke|p2|Arcanine, L50, M|\n|poke|p2|Annihilape, L50, M|\n|poke|p2|Scizor, L50, M|\n|poke|p2|Palafin, L50, M|\n|teampreview|4\n|\n|t:|1682066115\n|start\n|switch|p1a: Sableye|Sableye, L50, F|100\/100\n|switch|p1b: Arcanine|Arcanine, L50, F|100\/100\n|switch|p2a: Flutter Mane|Flutter Mane, L50|100\/100\n|switch|p2b: Arcanine|Arcanine, L50, M|100\/100\n|-ability|p1b: Arcanine|Intimidate|boost\n|-unboost|p2a: Flutter Mane|atk|1\n|-unboost|p2b: Arcanine|atk|1\n|-ability|p2b: Arcanine|Intimidate|boost\n|-unboost|p1a: Sableye|atk|1\n|-unboost|p1b: Arcanine|atk|1\n|-enditem|p2a: Flutter Mane|Booster Energy\n|-activate|p2a: Flutter Mane|ability: Protosynthesis|[fromitem]\n|-start|p2a: Flutter Mane|protosynthesisspa\n|turn|1\n|\n|t:|1682066154\n|-terastallize|p1a: Sableye|Poison\n|move|p2b: Arcanine|Protect|p2b: Arcanine\n|-singleturn|p2b: Arcanine|Protect\n|move|p1a: Sableye|Sunny Day|p1a: Sableye\n|-weather|SunnyDay\n|move|p2a: Flutter Mane|Dazzling Gleam|p1a: Sableye|[spread] p1a,p1b\n|-resisted|p1a: Sableye\n|-resisted|p1b: Arcanine\n|-damage|p1a: Sableye|77\/100\n|-damage|p1b: Arcanine|82\/100\n|move|p1b: Arcanine|Snarl|p2a: Flutter Mane|[spread] p2a\n|-activate|p2b: Arcanine|move: Protect\n|-damage|p2a: Flutter Mane|94\/100\n|-unboost|p2a: Flutter Mane|spa|1\n|\n|-weather|SunnyDay|[upkeep]\n|-heal|p1a: Sableye|83\/100|[from] item: Leftovers\n|upkeep\n|turn|2\n|\n|t:|1682066185\n|-end|p2a: Flutter Mane|Protosynthesis|[silent]\n|switch|p2a: Annihilape|Annihilape, L50, M|100\/100\n|move|p1a: Sableye|Feint|p2a: Annihilape\n|-immune|p2a: Annihilape\n|move|p1b: Arcanine|Flare Blitz|p2a: Annihilape\n|-damage|p2a: Annihilape|59\/100\n|-damage|p1b: Arcanine|67\/100|[from] Recoil\n|move|p2b: Arcanine|Snarl|p1b: Arcanine|[spread] p1a,p1b\n|-damage|p1a: Sableye|72\/100\n|-damage|p1b: Arcanine|58\/100\n|-unboost|p1a: Sableye|spa|1\n|-unboost|p1b: Arcanine|spa|1\n|\n|-weather|SunnyDay|[upkeep]\n|-heal|p1a: Sableye|78\/100|[from] item: Leftovers\n|upkeep\n|turn|3\n|\n|t:|1682066235\n|switch|p2b: Flutter Mane|Flutter Mane, L50|94\/100\n|-activate|p2b: Flutter Mane|ability: Protosynthesis\n|-start|p2b: Flutter Mane|protosynthesisspa\n|move|p1b: Arcanine|Will-O-Wisp|p2a: Annihilape\n|-status|p2a: Annihilape|brn\n|move|p2a: Annihilape|Rage Fist|p1b: Arcanine\n|-damage|p1b: Arcanine|35\/100\n|move|p1a: Sableye|Foul Play|p2a: Annihilape\n|-damage|p2a: Annihilape|9\/100 brn\n|-enditem|p2a: Annihilape|Sitrus Berry|[eat]\n|-heal|p2a: Annihilape|34\/100 brn|[from] item: Sitrus Berry\n|\n|-weather|SunnyDay|[upkeep]\n|-heal|p1a: Sableye|83\/100|[from] item: Leftovers\n|-damage|p2a: Annihilape|28\/100 brn|[from] brn\n|upkeep\n|turn|4\n|\n|t:|1682066271\n|switch|p2a: Arcanine|Arcanine, L50, M|100\/100\n|-ability|p2a: Arcanine|Intimidate|boost\n|-unboost|p1a: Sableye|atk|1\n|-unboost|p1b: Arcanine|atk|1\n|move|p2b: Flutter Mane|Shadow Ball|p1b: Arcanine\n|-damage|p1b: Arcanine|0 fnt\n|faint|p1b: Arcanine\n|move|p1a: Sableye|Foul Play|p2b: Flutter Mane\n|-damage|p2b: Flutter Mane|67\/100\n|\n|-weather|SunnyDay|[upkeep]\n|-heal|p1a: Sableye|89\/100|[from] item: Leftovers\n|upkeep\n|\n|t:|1682066283\n|switch|p1b: Roaring Moon|Roaring Moon, L50|100\/100\n|-activate|p1b: Roaring Moon|ability: Protosynthesis\n|-start|p1b: Roaring Moon|protosynthesisatk\n|turn|5\n|\n|t:|1682066318\n|move|p2b: Flutter Mane|Dazzling Gleam|p1a: Sableye|[spread] p1a,p1b\n|-resisted|p1a: Sableye\n|-supereffective|p1b: Roaring Moon\n|-damage|p1a: Sableye|64\/100\n|-damage|p1b: Roaring Moon|0 fnt\n|faint|p1b: Roaring Moon\n|-end|p1b: Roaring Moon|Protosynthesis|[silent]\n|move|p2a: Arcanine|Will-O-Wisp|p1a: Sableye\n|-status|p1a: Sableye|brn\n|move|p1a: Sableye|Foul Play|p2a: Arcanine\n|-damage|p2a: Arcanine|82\/100\n|\n|-weather|none\n|-end|p2b: Flutter Mane|Protosynthesis\n|-heal|p2a: Arcanine|88\/100|[from] item: Leftovers\n|-heal|p1a: Sableye|69\/100 brn|[from] item: Leftovers\n|-damage|p1a: Sableye|64\/100 brn|[from] brn\n|upkeep\n|\n|t:|1682066332\n|switch|p1b: Scizor|Scizor, L50, F|100\/100\n|turn|6\n|\n|t:|1682066356\n|move|p2b: Flutter Mane|Protect|p2b: Flutter Mane\n|-singleturn|p2b: Flutter Mane|Protect\n|move|p1b: Scizor|Bullet Punch|p2b: Flutter Mane\n|-activate|p2b: Flutter Mane|move: Protect\n|move|p1a: Sableye|Recover|p1a: Sableye\n|-heal|p1a: Sableye|100\/100 brn\n|move|p2a: Arcanine|Heat Wave|p1b: Scizor|[spread] p1a,p1b\n|-supereffective|p1b: Scizor\n|-damage|p1a: Sableye|72\/100 brn\n|-damage|p1b: Scizor|0 fnt\n|faint|p1b: Scizor\n|\n|-heal|p2a: Arcanine|94\/100|[from] item: Leftovers\n|-heal|p1a: Sableye|78\/100 brn|[from] item: Leftovers\n|-damage|p1a: Sableye|72\/100 brn|[from] brn\n|upkeep\n|turn|7\n|\n|t:|1682066374\n|move|p2b: Flutter Mane|Moonblast|p1a: Sableye\n|-resisted|p1a: Sableye\n|-damage|p1a: Sableye|43\/100 brn\n|move|p2a: Arcanine|Heat Wave|p1a: Sableye\n|-damage|p1a: Sableye|8\/100 brn\n|move|p1a: Sableye|Foul Play|p2b: Flutter Mane\n|-crit|p2b: Flutter Mane\n|-damage|p2b: Flutter Mane|48\/100\n|\n|-heal|p2a: Arcanine|100\/100|[from] item: Leftovers\n|-heal|p1a: Sableye|13\/100 brn|[from] item: Leftovers\n|-damage|p1a: Sableye|8\/100 brn|[from] brn\n|upkeep\n|turn|8\n|\n|t:|1682066391\n|move|p2b: Flutter Mane|Shadow Ball|p1a: Sableye\n|-damage|p1a: Sableye|0 fnt\n|faint|p1a: Sableye\n|\n|win|PooOnMeOften\n|raw|Livingsucks123's rating: 1115 → 1086<\/strong> (-29 for losing)\n|raw|PooOnMeOften's rating: 1063 → 1098<\/strong> (+35 for winning)\n|l|\u2606Livingsucks123\n","uploadtime":1682066399,"views":7,"p1id":"livingsucks123","p2id":"pooonmeoften","formatid":"gen9vgc2023regulationc","rating":1086,"private":0,"password":""}