{"id":"gen9vgc2023regulationc-1863280187","p1":"winteredsoul","p2":"Pampey","format":"[Gen 9] VGC 2023 Regulation C","log":"|j|\u2606winteredsoul\n|j|\u2606Pampey\n|t:|1683997275\n|gametype|doubles\n|player|p1|winteredsoul|acetrainer-gen4dp|\n|player|p2|Pampey|pryce|\n|teamsize|p1|6\n|teamsize|p2|6\n|gen|9\n|tier|[Gen 9] VGC 2023 Regulation C\n|rule|Tera Type Preview: Tera Types are shown at Team Preview\n|rule|Species Clause: Limit one of each Pok\u00e9mon\n|rule|Item Clause: Limit one of each item\n|clearpoke\n|poke|p1|Iron Bundle, L50|\n|poke|p1|Glimmora, L50, F|\n|poke|p1|Tauros-Paldea-Blaze, L50, M|\n|poke|p1|Tsareena, L50, F|\n|poke|p1|Ting-Lu, L50|\n|poke|p1|Altaria, L50, F|\n|poke|p2|Iron Valiant, L50|\n|poke|p2|Ting-Lu, L50|\n|poke|p2|Amoonguss, L50, F|\n|poke|p2|Tatsugiri, L50, F|\n|poke|p2|Dondozo, L50, F|\n|poke|p2|Staraptor, L50, M|\n|teampreview|4\n|raw|winteredsoul's Tera Types: \/ \/ \/ \/ \/ \n|raw|Pampey's Tera Types: \/ \/ \/ \/ \/ \n|inactive|Battle timer is ON: inactive players will automatically lose when time's up. (requested by winteredsoul)\n|inactiveoff|Battle timer is now OFF.\n|j| tzarii\n|j| Ace98121212\n|c|\u2606Pampey|gl hf\n|c|\u2606winteredsoul|gl hf\n|\n|t:|1683997687\n|start\n|switch|p1a: Glimmora|Glimmora, L50, F|100\/100\n|switch|p1b: Iron Bundle|Iron Bundle, L50|100\/100\n|switch|p2a: Iron Valiant|Iron Valiant, L50|100\/100\n|switch|p2b: Amoonguss|Amoonguss, L50, F|100\/100\n|-enditem|p1b: Iron Bundle|Booster Energy\n|-activate|p1b: Iron Bundle|ability: Quark Drive|[fromitem]\n|-start|p1b: Iron Bundle|quarkdrivespe\n|-enditem|p2a: Iron Valiant|Booster Energy\n|-activate|p2a: Iron Valiant|ability: Quark Drive|[fromitem]\n|-start|p2a: Iron Valiant|quarkdrivespe\n|turn|1\n|l| Ace98121212\n|j| Ace98121212\n|\n|t:|1683997737\n|move|p1b: Iron Bundle|Protect|p1b: Iron Bundle\n|-singleturn|p1b: Iron Bundle|Protect\n|move|p2a: Iron Valiant|Protect|p2a: Iron Valiant\n|-singleturn|p2a: Iron Valiant|Protect\n|move|p1a: Glimmora|Protect|p1a: Glimmora\n|-singleturn|p1a: Glimmora|Protect\n|move|p2b: Amoonguss|Giga Drain|p1b: Iron Bundle\n|-activate|p1b: Iron Bundle|move: Protect\n|\n|upkeep\n|turn|2\n|j| LegendBtw\n|l| LegendBtw\n|j| LegendBtw\n|l| LegendBtw\n|l| Ace98121212\n|j| LegendBtw\n|\n|t:|1683997804\n|-end|p1b: Iron Bundle|Quark Drive|[silent]\n|switch|p1b: Tsareena|Tsareena, L50, F|100\/100\n|-terastallize|p1a: Glimmora|Grass\n|move|p2a: Iron Valiant|Moonblast|p1a: Glimmora\n|-damage|p1a: Glimmora|42\/100\n|move|p1a: Glimmora|Sludge Bomb|p2a: Iron Valiant\n|-supereffective|p2a: Iron Valiant\n|-damage|p2a: Iron Valiant|0 fnt\n|faint|p2a: Iron Valiant\n|-end|p2a: Iron Valiant|Quark Drive|[silent]\n|-damage|p1a: Glimmora|33\/100|[from] item: Life Orb\n|move|p2b: Amoonguss|Giga Drain|p1b: Tsareena\n|-resisted|p1b: Tsareena\n|-damage|p1b: Tsareena|90\/100\n|\n|upkeep\n|\n|t:|1683997811\n|switch|p2a: Tatsugiri|Tatsugiri, L50, F|100\/100\n|turn|3\n|l| LegendBtw\n|j| LegendBtw\n|\n|t:|1683997849\n|move|p2a: Tatsugiri|Icy Wind|p1a: Glimmora|[spread] p1a,p1b\n|-supereffective|p1a: Glimmora\n|-supereffective|p1b: Tsareena\n|-damage|p1a: Glimmora|0 fnt\n|-damage|p1b: Tsareena|70\/100\n|-unboost|p1b: Tsareena|spe|1\n|faint|p1a: Glimmora\n|move|p1b: Tsareena|Play Rough|p2a: Tatsugiri|[miss]\n|-miss|p1b: Tsareena|p2a: Tatsugiri\n|move|p2b: Amoonguss|Sludge Bomb|p1b: Tsareena\n|-supereffective|p1b: Tsareena\n|-damage|p1b: Tsareena|13\/100\n|\n|upkeep\n|\n|t:|1683997862\n|switch|p1a: Iron Bundle|Iron Bundle, L50|100\/100\n|turn|4\n|l| LegendBtw\n|j| LegendBtw\n|\n|t:|1683997880\n|move|p2a: Tatsugiri|Icy Wind|p1a: Iron Bundle|[spread] p1a,p1b\n|-resisted|p1a: Iron Bundle\n|-supereffective|p1b: Tsareena\n|-damage|p1a: Iron Bundle|94\/100\n|-damage|p1b: Tsareena|0 fnt\n|-unboost|p1a: Iron Bundle|spe|1\n|faint|p1b: Tsareena\n|move|p1a: Iron Bundle|Freeze-Dry|p2a: Tatsugiri\n|-supereffective|p2a: Tatsugiri\n|-damage|p2a: Tatsugiri|0 fnt\n|faint|p2a: Tatsugiri\n|move|p2b: Amoonguss|Giga Drain|p1a: Iron Bundle\n|-supereffective|p1a: Iron Bundle\n|-damage|p1a: Iron Bundle|0 fnt\n|faint|p1a: Iron Bundle\n|-end|p1a: Iron Bundle|Quark Drive|[silent]\n|\n|upkeep\n|c|\u2606winteredsoul|i'm gonna die actually\n|\n|t:|1683997901\n|switch|p1a: Altaria|Altaria, L50, F|100\/100\n|switch|p2a: Dondozo|Dondozo, L50, F|100\/100\n|turn|5\n|l| LegendBtw\n|c|\u2606winteredsoul|gg\n|j| LegendBtw\n|\n|t:|1683997920\n|move|p1a: Altaria|Haze|p1a: Altaria\n|-clearallboost\n|move|p2a: Dondozo|Ice Fang|p1a: Altaria\n|-supereffective|p1a: Altaria\n|-damage|p1a: Altaria|19\/100\n|move|p2b: Amoonguss|Sludge Bomb|p1a: Altaria\n|-damage|p1a: Altaria|0 fnt\n|faint|p1a: Altaria\n|\n|win|Pampey\n|c|\u2606Pampey|gg\n|c| LegendBtw|Go Pampey\n|c|\u2606winteredsoul|:((\n|l| tzarii\n|l|\u2606winteredsoul\n|l| LegendBtw\n|j| LegendBtw\n|l| LegendBtw\n|j|\u2606winteredsoul\n|player|p1|winteredsoul|acetrainer-gen4dp\n","uploadtime":1683997942,"views":12,"p1id":"winteredsoul","p2id":"pampey","formatid":"gen9vgc2023regulationc","rating":0,"private":0,"password":""}