{"id":"gen9vgc2023regulationc-1857455847","p1":"LarvestaLoca","p2":"Karajony","format":"[Gen 9] VGC 2023 Regulation C","log":"|j|\u2606LarvestaLoca\n|j|\u2606Karajony\n|t:|1683196000\n|gametype|doubles\n|player|p1|LarvestaLoca|2|1332\n|player|p2|Karajony|worker-gen4|1255\n|teamsize|p1|6\n|teamsize|p2|6\n|gen|9\n|tier|[Gen 9] VGC 2023 Regulation C\n|rated|\n|rule|Species Clause: Limit one of each Pok\u00e9mon\n|rule|Item Clause: Limit one of each item\n|clearpoke\n|poke|p1|Flutter Mane, L50|\n|poke|p1|Dragonite, L50, M|\n|poke|p1|Amoonguss, L50, M|\n|poke|p1|Kingambit, L50, F|\n|poke|p1|Iron Bundle, L50|\n|poke|p1|Arcanine, L50, M|\n|poke|p2|Flutter Mane, L50|\n|poke|p2|Iron Hands, L50|\n|poke|p2|Baxcalibur, L50, M|\n|poke|p2|Scream Tail, L50|\n|poke|p2|Arcanine, L50, F|\n|poke|p2|Kingambit, L50, F|\n|teampreview|4\n|inactive|Battle timer is ON: inactive players will automatically lose when time's up. (requested by Karajony)\nLarvestaLoca rejected open team sheets.\n|inactive|Karajony has 60 seconds left.\n|inactive|LarvestaLoca has 60 seconds left.\n|\n|t:|1683196050\n|start\n|switch|p1a: Dragonite|Dragonite, L50, M|100\/100\n|switch|p1b: Flutter Mane|Flutter Mane, L50|100\/100\n|switch|p2a: Iron Hands|Iron Hands, L50|100\/100\n|switch|p2b: Scream Tail|Scream Tail, L50|100\/100\n|turn|1\n|\n|t:|1683196069\n|-end|p1b: Flutter Mane|Protosynthesis|[silent]\n|switch|p1b: Arcanine|Arcanine, L50, M|100\/100\n|-ability|p1b: Arcanine|Intimidate|boost\n|-fail|p2a: Iron Hands|unboost|[from] item: Clear Amulet|[of] p2a: Iron Hands\n|-unboost|p2b: Scream Tail|atk|1\n|-terastallize|p1a: Dragonite|Flying\n|-terastallize|p2a: Iron Hands|Grass\n|move|p1a: Dragonite|Dragon Dance|p1a: Dragonite\n|-boost|p1a: Dragonite|atk|1\n|-boost|p1a: Dragonite|spe|1\n|move|p2a: Iron Hands|Swords Dance|p2a: Iron Hands\n|-boost|p2a: Iron Hands|atk|2\n|move|p2b: Scream Tail|Trick Room|p2b: Scream Tail\n|-fieldstart|move: Trick Room|[of] p2b: Scream Tail\n|\n|upkeep\n|turn|2\n|\n|t:|1683196090\n|move|p2a: Iron Hands|Drain Punch|p1b: Arcanine\n|-damage|p1b: Arcanine|9\/100\n|-enditem|p1b: Arcanine|Figy Berry|[eat]\n|-heal|p1b: Arcanine|42\/100|[from] item: Figy Berry\n|move|p2b: Scream Tail|Encore|p1a: Dragonite\n|-start|p1a: Dragonite|Encore\n|move|p1b: Arcanine|Howl|p1b: Arcanine|[spread] p1a,p1b\n|-boost|p1a: Dragonite|atk|1\n|-boost|p1b: Arcanine|atk|1\n|move|p1a: Dragonite|Dragon Dance|p1a: Dragonite\n|-boost|p1a: Dragonite|atk|1\n|-boost|p1a: Dragonite|spe|1\n|\n|upkeep\n|turn|3\n|\n|t:|1683196108\n|switch|p1a: Kingambit|Kingambit, L50, F|100\/100\n|move|p1b: Arcanine|Protect|p1b: Arcanine\n|-singleturn|p1b: Arcanine|Protect\n|move|p2a: Iron Hands|Drain Punch|p1b: Arcanine\n|-activate|p1b: Arcanine|move: Protect\n|move|p2b: Scream Tail|Stealth Rock|p1b: Arcanine\n|-sidestart|p1: LarvestaLoca|move: Stealth Rock\n|\n|upkeep\n|turn|4\n|inactive|LarvestaLoca has 30 seconds left.\n|\n|t:|1683196136\n|switch|p1a: Dragonite|Dragonite, L50, M, tera:Flying|100\/100\n|-damage|p1a: Dragonite|75\/100|[from] Stealth Rock\n|switch|p1b: Flutter Mane|Flutter Mane, L50|100\/100\n|-damage|p1b: Flutter Mane|88\/100|[from] Stealth Rock\n|move|p2a: Iron Hands|Drain Punch|p1a: Dragonite\n|-resisted|p1a: Dragonite\n|-damage|p1a: Dragonite|37\/100\n|move|p2b: Scream Tail|Encore||[still]\n|-fail|p2b: Scream Tail\n|\n|upkeep\n|turn|5\n|inactive|Karajony has 30 seconds left.\n|inactive|Karajony has 20 seconds left.\n|inactive|Karajony has 15 seconds left.\n|\n|t:|1683196178\n|-end|p1b: Flutter Mane|Protosynthesis|[silent]\n|switch|p1b: Arcanine|Arcanine, L50, M|42\/100\n|-damage|p1b: Arcanine|17\/100|[from] Stealth Rock\n|-ability|p1b: Arcanine|Intimidate|boost\n|-fail|p2a: Iron Hands|unboost|[from] item: Clear Amulet|[of] p2a: Iron Hands\n|-unboost|p2b: Scream Tail|atk|1\n|move|p1a: Dragonite|Protect|p1a: Dragonite\n|-singleturn|p1a: Dragonite|Protect\n|move|p2a: Iron Hands|Wild Charge|p1b: Arcanine\n|-damage|p1b: Arcanine|0 fnt\n|faint|p1b: Arcanine\n|-damage|p2a: Iron Hands|97\/100|[from] Recoil\n|move|p2b: Scream Tail|Disable|p1a: Dragonite\n|-activate|p1a: Dragonite|move: Protect\n|\n|-fieldend|move: Trick Room\n|upkeep\n|\n|t:|1683196193\n|switch|p1b: Flutter Mane|Flutter Mane, L50|88\/100\n|-damage|p1b: Flutter Mane|76\/100|[from] Stealth Rock\n|turn|6\n|\n|t:|1683196208\n|move|p2a: Iron Hands|Detect|p2a: Iron Hands\n|-singleturn|p2a: Iron Hands|Protect\n|move|p1b: Flutter Mane|Moonblast|p2b: Scream Tail\n|-damage|p2b: Scream Tail|56\/100\n|move|p1a: Dragonite|Tera Blast|p2a: Iron Hands\n|-activate|p2a: Iron Hands|move: Protect\n|move|p2b: Scream Tail|Trick Room|p2b: Scream Tail\n|-fieldstart|move: Trick Room|[of] p2b: Scream Tail\n|\n|upkeep\n|turn|7\n|\n|t:|1683196232\n|move|p2a: Iron Hands|Wild Charge|p1a: Dragonite\n|-supereffective|p1a: Dragonite\n|-damage|p1a: Dragonite|0 fnt\n|faint|p1a: Dragonite\n|-damage|p2a: Iron Hands|90\/100|[from] Recoil\n|move|p2b: Scream Tail|Encore|p1b: Flutter Mane\n|-start|p1b: Flutter Mane|Encore\n|move|p1b: Flutter Mane|Moonblast|p2b: Scream Tail\n|-damage|p2b: Scream Tail|12\/100\n|\n|upkeep\n|-message|LarvestaLoca forfeited.\n|\n|win|Karajony\n|raw|LarvestaLoca's rating: 1332 → 1308<\/strong> (-24 for losing)\n|raw|Karajony's rating: 1255 → 1285<\/strong> (+30 for winning)\n|l|\u2606LarvestaLoca\n","uploadtime":1683196269,"views":17,"p1id":"larvestaloca","p2id":"karajony","formatid":"gen9vgc2023regulationc","rating":1285,"private":0,"password":""}