{"id":"gen9vgc2023regulationc-1845283260","p1":"Cyberdevil","p2":"tecmovgc","format":"[Gen 9] VGC 2023 Regulation C","log":"|j|\u2606Cyberdevil\n|j|\u2606tecmovgc\n|t:|1681707363\n|gametype|doubles\n|player|p1|Cyberdevil|pokekid|1175\n|player|p2|tecmovgc|linebacker|1201\n|teamsize|p1|6\n|teamsize|p2|6\n|gen|9\n|tier|[Gen 9] VGC 2023 Regulation C\n|rated|\n|rule|Species Clause: Limit one of each Pok\u00e9mon\n|rule|Item Clause: Limit one of each item\n|clearpoke\n|poke|p1|Sableye, L50, F|\n|poke|p1|Ceruledge, L50, M|\n|poke|p1|Chien-Pao, L50|\n|poke|p1|Dragonite, L50, F|\n|poke|p1|Amoonguss, L50, F|\n|poke|p1|Flutter Mane, L50|\n|poke|p2|Pelipper, L50, F|\n|poke|p2|Palafin, L50, F|\n|poke|p2|Drednaw, L50, F|\n|poke|p2|Amoonguss, L50, M|\n|poke|p2|Chien-Pao, L50|\n|poke|p2|Flutter Mane, L50|\n|teampreview|4\n|inactive|Battle timer is ON: inactive players will automatically lose when time's up. (requested by tecmovgc)\n|inactive|tecmovgc has 60 seconds left.\n|\n|t:|1681707394\n|start\n|switch|p1a: Sableye|Sableye, L50, F|100\/100\n|switch|p1b: Ceruledge|Ceruledge, L50, M|100\/100\n|switch|p2a: Palafin|Palafin, L50, F|100\/100\n|switch|p2b: Pelipper|Pelipper, L50, F|100\/100\n|-weather|RainDance|[from] ability: Drizzle|[of] p2b: Pelipper\n|turn|1\n|\n|t:|1681707409\n|detailschange|p2a: Palafin|Palafin-Hero, L50, F\n|switch|p2a: Chien-Pao|Chien-Pao, L50|100\/100\n|-ability|p2a: Chien-Pao|Sword of Ruin\n|-terastallize|p1b: Ceruledge|Grass\n|move|p2b: Pelipper|Protect|p2b: Pelipper\n|-singleturn|p2b: Pelipper|Protect\n|move|p1a: Sableye|Reflect|p1a: Sableye\n|-sidestart|p1: Cyberdevil|Reflect\n|move|p1b: Ceruledge|Bulk Up|p1b: Ceruledge\n|-boost|p1b: Ceruledge|atk|1\n|-boost|p1b: Ceruledge|def|1\n|\n|-weather|RainDance|[upkeep]\n|upkeep\n|turn|2\n|\n|t:|1681707428\n|move|p1a: Sableye|Encore|p2b: Pelipper\n|-start|p2b: Pelipper|Encore\n|move|p2a: Chien-Pao|Ice Spinner|p1b: Ceruledge\n|-supereffective|p1b: Ceruledge\n|-damage|p1b: Ceruledge|51\/100\n|-ability|p1b: Ceruledge|Weak Armor|boost\n|-unboost|p1b: Ceruledge|def|1\n|-boost|p1b: Ceruledge|spe|2\n|move|p1b: Ceruledge|Bitter Blade|p2a: Chien-Pao\n|-supereffective|p2a: Chien-Pao\n|-damage|p2a: Chien-Pao|16\/100\n|-heal|p1b: Ceruledge|88\/100|[from] drain|[of] p2a: Chien-Pao\n|move|p2b: Pelipper|Protect||[still]\n|-fail|p2b: Pelipper\n|\n|-weather|RainDance|[upkeep]\n|-heal|p1b: Ceruledge|94\/100|[from] item: Leftovers\n|upkeep\n|turn|3\n|inactive|Cyberdevil has 30 seconds left.\n|inactive|tecmovgc has 30 seconds left.\n|\n|t:|1681707460\n|switch|p2b: Palafin|Palafin-Hero, L50, F|100\/100\n|-activate|p2b: Palafin|ability: Zero to Hero\n|switch|p1a: Amoonguss|Amoonguss, L50, F|100\/100\n|move|p1b: Ceruledge|Bitter Blade|p2a: Chien-Pao\n|-supereffective|p2a: Chien-Pao\n|-damage|p2a: Chien-Pao|0 fnt\n|-heal|p1b: Ceruledge|100\/100|[from] drain|[of] p2a: Chien-Pao\n|faint|p2a: Chien-Pao\n|\n|-weather|RainDance|[upkeep]\n|upkeep\n|\n|t:|1681707484\n|switch|p2a: Drednaw|Drednaw, L50, F|100\/100\n|turn|4\n|\n|t:|1681707500\n|switch|p2b: Pelipper|Pelipper, L50, F|100\/100\n|move|p1b: Ceruledge|Protect|p1b: Ceruledge\n|-singleturn|p1b: Ceruledge|Protect\n|move|p2a: Drednaw|Rock Slide|p1b: Ceruledge|[spread] p1a\n|-activate|p1b: Ceruledge|move: Protect\n|-damage|p1a: Amoonguss|82\/100\n|-damage|p2a: Drednaw|91\/100|[from] item: Life Orb\n|move|p1a: Amoonguss|Spore|p2b: Pelipper\n|-status|p2b: Pelipper|slp|[from] move: Spore\n|\n|-weather|RainDance|[upkeep]\n|upkeep\n|turn|5\n|\n|t:|1681707522\n|move|p1b: Ceruledge|Shadow Sneak|p2a: Drednaw\n|-damage|p2a: Drednaw|57\/100\n|move|p2a: Drednaw|Rock Slide|p1b: Ceruledge|[spread] p1a,p1b\n|-damage|p1a: Amoonguss|64\/100\n|-damage|p1b: Ceruledge|73\/100\n|-ability|p1b: Ceruledge|Weak Armor|boost\n|-unboost|p1b: Ceruledge|def|1\n|-boost|p1b: Ceruledge|spe|2\n|-damage|p2a: Drednaw|47\/100|[from] item: Life Orb\n|cant|p2b: Pelipper|slp\n|cant|p1a: Amoonguss|flinch\n|\n|-weather|RainDance|[upkeep]\n|-heal|p1b: Ceruledge|80\/100|[from] item: Leftovers\n|upkeep\n|turn|6\n|inactive|Cyberdevil has 30 seconds left.\n|\n|t:|1681707554\n|move|p2a: Drednaw|Protect|p2a: Drednaw\n|-singleturn|p2a: Drednaw|Protect\n|move|p1a: Amoonguss|Rage Powder|p1a: Amoonguss\n|-singleturn|p1a: Amoonguss|move: Rage Powder\n|move|p1b: Ceruledge|Shadow Sneak|p2a: Drednaw\n|-activate|p2a: Drednaw|move: Protect\n|cant|p2b: Pelipper|slp\n|\n|-weather|RainDance|[upkeep]\n|-heal|p1b: Ceruledge|86\/100|[from] item: Leftovers\n|upkeep\n|turn|7\n|\n|t:|1681707571\n|move|p1a: Amoonguss|Rage Powder|p1a: Amoonguss\n|-singleturn|p1a: Amoonguss|move: Rage Powder\n|move|p1b: Ceruledge|Shadow Sneak|p2a: Drednaw\n|-damage|p2a: Drednaw|14\/100\n|move|p2a: Drednaw|Rock Slide|p1b: Ceruledge|[spread] p1a\n|-miss|p2a: Drednaw|p1b: Ceruledge\n|-damage|p1a: Amoonguss|47\/100\n|-damage|p2a: Drednaw|4\/100|[from] item: Life Orb\n|-curestatus|p2b: Pelipper|slp|[msg]\n|move|p2b: Pelipper|Hurricane|p1a: Amoonguss\n|-supereffective|p1a: Amoonguss\n|-damage|p1a: Amoonguss|0 fnt\n|faint|p1a: Amoonguss\n|\n|-weather|RainDance|[upkeep]\n|-heal|p1b: Ceruledge|92\/100|[from] item: Leftovers\n|upkeep\n|\n|t:|1681707595\n|switch|p1a: Flutter Mane|Flutter Mane, L50|100\/100\n|turn|8\n|\n|t:|1681707605\n|move|p1b: Ceruledge|Shadow Sneak|p2a: Drednaw\n|-damage|p2a: Drednaw|0 fnt\n|faint|p2a: Drednaw\n|move|p1a: Flutter Mane|Dazzling Gleam|p2b: Pelipper\n|-damage|p2b: Pelipper|0 fnt\n|faint|p2b: Pelipper\n|\n|-weather|none\n|-heal|p1b: Ceruledge|98\/100|[from] item: Leftovers\n|-sideend|p1: Cyberdevil|Reflect\n|upkeep\n|\n|t:|1681707617\n|switch|p2b: Palafin|Palafin-Hero, L50, F|100\/100\n|turn|9\n|\n|t:|1681707636\n|-terastallize|p2b: Palafin|Water\n|move|p2b: Palafin|Jet Punch|p1a: Flutter Mane\n|-damage|p1a: Flutter Mane|24\/100\n|move|p1b: Ceruledge|Bitter Blade|p2b: Palafin\n|-resisted|p2b: Palafin\n|-damage|p2b: Palafin|68\/100\n|-heal|p1b: Ceruledge|100\/100|[from] drain|[of] p2b: Palafin\n|move|p1a: Flutter Mane|Dazzling Gleam|p2b: Palafin\n|-damage|p2b: Palafin|0 fnt\n|faint|p2b: Palafin\n|\n|win|Cyberdevil\n|raw|Cyberdevil's rating: 1175 → 1202<\/strong> (+27 for winning)\n|raw|tecmovgc's rating: 1201 → 1174<\/strong> (-27 for losing)\n","uploadtime":1681707649,"views":8,"p1id":"cyberdevil","p2id":"tecmovgc","formatid":"gen9vgc2023regulationc","rating":1174,"private":0,"password":""}