{"id":"gen9vgc2023regulationc-1849122387","p1":"lesleychow307","p2":"lucmazz","format":"[Gen 9] VGC 2023 Regulation C","log":"|j|\u2606lesleychow307\n|j|\u2606lucmazz\n|t:|1682159552\n|gametype|doubles\n|player|p1|lesleychow307|1|1165\n|player|p2|lucmazz|169|1094\n|teamsize|p1|6\n|teamsize|p2|6\n|gen|9\n|tier|[Gen 9] VGC 2023 Regulation C\n|rated|\n|rule|Species Clause: Limit one of each Pok\u00e9mon\n|rule|Item Clause: Limit one of each item\n|clearpoke\n|poke|p1|Ceruledge, L50, M|\n|poke|p1|Amoonguss, L50, F|\n|poke|p1|Sableye, L50, F|\n|poke|p1|Kingambit, L50, M|\n|poke|p1|Flutter Mane, L50|\n|poke|p1|Iron Bundle, L50|\n|poke|p2|Arcanine, L50, M|\n|poke|p2|Gyarados, L50, F|\n|poke|p2|Tyranitar, L50, M|\n|poke|p2|Skeledirge, L50, F|\n|poke|p2|Gastrodon-East, L50, F|\n|poke|p2|Grimmsnarl, L50, M|\n|teampreview|4\n|\n|t:|1682159575\n|start\n|switch|p1a: Ceruledge|Ceruledge, L50, M, shiny|100\/100\n|switch|p1b: Amoonguss|Amoonguss, L50, F, shiny|100\/100\n|switch|p2a: Skeledirge|Skeledirge, L50, F|100\/100\n|switch|p2b: Grimmsnarl|Grimmsnarl, L50, M|100\/100\n|turn|1\n|\n|t:|1682159596\n|-terastallize|p1a: Ceruledge|Grass\n|move|p2b: Grimmsnarl|Reflect|p2b: Grimmsnarl\n|-sidestart|p2: lucmazz|Reflect\n|move|p1a: Ceruledge|Bulk Up|p1a: Ceruledge\n|-boost|p1a: Ceruledge|atk|1\n|-boost|p1a: Ceruledge|def|1\n|move|p2a: Skeledirge|Torch Song|p1b: Amoonguss\n|-supereffective|p1b: Amoonguss\n|-damage|p1b: Amoonguss|48\/100\n|-boost|p2a: Skeledirge|spa|1\n|-enditem|p1b: Amoonguss|Sitrus Berry|[eat]\n|-heal|p1b: Amoonguss|73\/100|[from] item: Sitrus Berry\n|move|p1b: Amoonguss|Spore|p2a: Skeledirge\n|-status|p2a: Skeledirge|slp|[from] move: Spore\n|\n|upkeep\n|turn|2\n|\n|t:|1682159624\n|switch|p1b: Flutter Mane|Flutter Mane, L50|100\/100\n|move|p2b: Grimmsnarl|Parting Shot|p1a: Ceruledge\n|-fail|p1a: Ceruledge|unboost|[from] item: Clear Amulet|[of] p1a: Ceruledge\n|move|p1a: Ceruledge|Bitter Blade|p2b: Grimmsnarl\n|-damage|p2b: Grimmsnarl|55\/100\n|cant|p2a: Skeledirge|slp\n|\n|upkeep\n|turn|3\n|\n|t:|1682159639\n|move|p2b: Grimmsnarl|Light Screen|p2b: Grimmsnarl\n|-sidestart|p2: lucmazz|move: Light Screen\n|move|p1b: Flutter Mane|Shadow Ball|p2a: Skeledirge\n|-supereffective|p2a: Skeledirge\n|-damage|p2a: Skeledirge|56\/100 slp\n|-unboost|p2a: Skeledirge|spd|1\n|move|p1a: Ceruledge|Bitter Blade|p2a: Skeledirge\n|-resisted|p2a: Skeledirge\n|-damage|p2a: Skeledirge|42\/100 slp\n|cant|p2a: Skeledirge|slp\n|\n|upkeep\n|turn|4\n|\n|t:|1682159654\n|move|p2b: Grimmsnarl|Parting Shot|p1b: Flutter Mane\n|-unboost|p1b: Flutter Mane|atk|1\n|-unboost|p1b: Flutter Mane|spa|1\n|\n|t:|1682159657\n|switch|p2b: Arcanine|Arcanine, L50, M|100\/100|[from] Parting Shot\n|-ability|p2b: Arcanine|Intimidate|boost\n|-fail|p1a: Ceruledge|unboost|[from] item: Clear Amulet|[of] p1a: Ceruledge\n|-unboost|p1b: Flutter Mane|atk|1\n|move|p1b: Flutter Mane|Shadow Ball|p2a: Skeledirge\n|-supereffective|p2a: Skeledirge\n|-damage|p2a: Skeledirge|0 fnt\n|faint|p2a: Skeledirge\n|move|p1a: Ceruledge|Bulk Up|p1a: Ceruledge\n|-boost|p1a: Ceruledge|atk|1\n|-boost|p1a: Ceruledge|def|1\n|\n|upkeep\n|\n|t:|1682159669\n|switch|p2a: Tyranitar|Tyranitar, L50, M|100\/100\n|-weather|Sandstorm|[from] ability: Sand Stream|[of] p2a: Tyranitar\n|turn|5\n|\n|t:|1682159678\n|-end|p1b: Flutter Mane|Protosynthesis|[silent]\n|switch|p1b: Iron Bundle|Iron Bundle, L50|100\/100\n|-enditem|p1b: Iron Bundle|Booster Energy\n|-activate|p1b: Iron Bundle|ability: Quark Drive|[fromitem]\n|-start|p1b: Iron Bundle|quarkdrivespe\n|-terastallize|p2a: Tyranitar|Poison\n|move|p2b: Arcanine|Howl|p2b: Arcanine|[spread] p2a,p2b\n|-boost|p2a: Tyranitar|atk|1\n|-boost|p2b: Arcanine|atk|1\n|move|p2a: Tyranitar|Earthquake|p1a: Ceruledge|[spread] p2b,p1a,p1b\n|-supereffective|p2b: Arcanine\n|-resisted|p1a: Ceruledge\n|-damage|p2b: Arcanine|57\/100\n|-damage|p1a: Ceruledge|89\/100\n|-damage|p1b: Iron Bundle|55\/100\n|move|p1a: Ceruledge|Tera Blast|p2a: Tyranitar\n|-resisted|p2a: Tyranitar\n|-damage|p2a: Tyranitar|76\/100\n|\n|-weather|Sandstorm|[upkeep]\n|-damage|p1b: Iron Bundle|49\/100|[from] Sandstorm\n|-damage|p2a: Tyranitar|70\/100|[from] Sandstorm\n|-damage|p1a: Ceruledge|82\/100|[from] Sandstorm\n|upkeep\n|turn|6\n|\n|t:|1682159697\n|move|p1b: Iron Bundle|Icy Wind|p2a: Tyranitar|[spread] p2a,p2b\n|-resisted|p2b: Arcanine\n|-damage|p2a: Tyranitar|57\/100\n|-damage|p2b: Arcanine|50\/100\n|-unboost|p2b: Arcanine|spe|1\n|move|p2a: Tyranitar|Ice Punch|p1a: Ceruledge\n|-supereffective|p1a: Ceruledge\n|-damage|p1a: Ceruledge|38\/100\n|move|p1a: Ceruledge|Bitter Blade|p2a: Tyranitar\n|-crit|p2a: Tyranitar\n|-damage|p2a: Tyranitar|0 fnt\n|-heal|p1a: Ceruledge|71\/100|[from] drain|[of] p2a: Tyranitar\n|faint|p2a: Tyranitar\n|move|p2b: Arcanine|Flare Blitz|p1b: Iron Bundle\n|-damage|p1b: Iron Bundle|0 fnt\n|faint|p1b: Iron Bundle\n|-end|p1b: Iron Bundle|Quark Drive|[silent]\n|-damage|p2b: Arcanine|38\/100|[from] Recoil\n|\n|-weather|Sandstorm|[upkeep]\n|-damage|p1a: Ceruledge|64\/100|[from] Sandstorm\n|upkeep\n|\n|t:|1682159718\n|switch|p1b: Flutter Mane|Flutter Mane, L50|100\/100\n|switch|p2a: Grimmsnarl|Grimmsnarl, L50, M|55\/100\n|turn|7\n|-message|lucmazz forfeited.\n|\n|win|lesleychow307\n|raw|lesleychow307's rating: 1165 → 1185<\/strong> (+20 for winning)\n|raw|lucmazz's rating: 1094 → 1075<\/strong> (-19 for losing)\n|l|\u2606lucmazz\n","uploadtime":1682159724,"views":14,"p1id":"lesleychow307","p2id":"lucmazz","formatid":"gen9vgc2023regulationc","rating":1075,"private":0,"password":""}