{"id":"gen9vgc2023regulationc-1856293435","p1":"ScapegoatSkunk","p2":"Krib_Underscore","format":"[Gen 9] VGC 2023 Regulation C","log":"|j|\u2606ScapegoatSkunk\n|j|\u2606Krib_Underscore\n|t:|1683048290\n|gametype|doubles\n|player|p1|ScapegoatSkunk|101|1295\n|player|p2|Krib_Underscore|dancer|1207\n|teamsize|p1|6\n|teamsize|p2|6\n|gen|9\n|tier|[Gen 9] VGC 2023 Regulation C\n|rated|\n|rule|Species Clause: Limit one of each Pok\u00e9mon\n|rule|Item Clause: Limit one of each item\n|clearpoke\n|poke|p1|Flutter Mane, L50|\n|poke|p1|Arcanine, L50, M|\n|poke|p1|Dragapult, L50, M|\n|poke|p1|Chien-Pao, L50|\n|poke|p1|Palafin, L50, F|\n|poke|p1|Braviary, L50, M|\n|poke|p2|Armarouge, L50, M|\n|poke|p2|Indeedee-F, L50, F|\n|poke|p2|Great Tusk, L50|\n|poke|p2|Corviknight, L50, M|\n|poke|p2|Iron Bundle, L50|\n|poke|p2|Roaring Moon, L50|\n|teampreview|4\n|inactive|Battle timer is ON: inactive players will automatically lose when time's up. (requested by ScapegoatSkunk)\n|\n|t:|1683048327\n|start\n|switch|p1a: Chien-Pao|Chien-Pao, L50|100\/100\n|switch|p1b: Palafin|Palafin, L50, F|100\/100\n|switch|p2a: Taxi Service|Corviknight, L50, M, shiny|100\/100\n|switch|p2b: HoHoHomicide|Iron Bundle, L50|100\/100\n|-ability|p1a: Chien-Pao|Sword of Ruin\n|turn|1\n|inactive|ScapegoatSkunk has 30 seconds left.\n|inactive|ScapegoatSkunk has 20 seconds left.\n|\n|t:|1683048362\n|move|p1b: Palafin|Protect|p1b: Palafin\n|-singleturn|p1b: Palafin|Protect\n|move|p2b: HoHoHomicide|Hydro Pump|p1a: Chien-Pao|[miss]\n|-miss|p2b: HoHoHomicide|p1a: Chien-Pao\n|move|p1a: Chien-Pao|Sacred Sword|p2b: HoHoHomicide\n|-supereffective|p2b: HoHoHomicide\n|-enditem|p2b: HoHoHomicide|Focus Sash\n|-damage|p2b: HoHoHomicide|1\/100\n|move|p2a: Taxi Service|Tailwind|p2a: Taxi Service\n|-sidestart|p2: Krib_Underscore|move: Tailwind\n|\n|upkeep\n|turn|2\n|\n|t:|1683048380\n|move|p1b: Palafin|Jet Punch|p2b: HoHoHomicide\n|-resisted|p2b: HoHoHomicide\n|-damage|p2b: HoHoHomicide|0 fnt\n|faint|p2b: HoHoHomicide\n|-end|p2b: HoHoHomicide|Quark Drive|[silent]\n|move|p1a: Chien-Pao|Sacred Sword|p2a: Taxi Service\n|-damage|p2a: Taxi Service|74\/100\n|-damage|p1a: Chien-Pao|84\/100|[from] item: Rocky Helmet|[of] p2a: Taxi Service\n|move|p2a: Taxi Service|Iron Head|p1a: Chien-Pao\n|-supereffective|p1a: Chien-Pao\n|-damage|p1a: Chien-Pao|19\/100\n|\n|upkeep\n|\n|t:|1683048394\n|switch|p2b: Megaman|Armarouge, L50, M|100\/100\n|turn|3\n|\n|t:|1683048407\n|-terastallize|p2b: Megaman|Grass\n|-terastallize|p1b: Palafin|Water\n|move|p1a: Chien-Pao|Sucker Punch|p2a: Taxi Service\n|-damage|p2a: Taxi Service|43\/100\n|-damage|p1a: Chien-Pao|2\/100|[from] item: Rocky Helmet|[of] p2a: Taxi Service\n|move|p2a: Taxi Service|Iron Head|p1a: Chien-Pao\n|-supereffective|p1a: Chien-Pao\n|-damage|p1a: Chien-Pao|0 fnt\n|faint|p1a: Chien-Pao\n|move|p2b: Megaman|Energy Ball|p1b: Palafin\n|-supereffective|p1b: Palafin\n|-damage|p1b: Palafin|0 fnt\n|faint|p1b: Palafin\n|-damage|p2b: Megaman|91\/100|[from] item: Life Orb\n|\n|upkeep\n|\n|t:|1683048413\n|switch|p1a: Arcanine|Arcanine, L50, M|100\/100\n|switch|p1b: Dragapult|Dragapult, L50, M|100\/100\n|-ability|p1a: Arcanine|Intimidate|boost\n|-ability|p2a: Taxi Service|Mirror Armor\n|-unboost|p1a: Arcanine|atk|1\n|-unboost|p2b: Megaman|atk|1\n|turn|4\n|\n|t:|1683048431\n|move|p1b: Dragapult|Dragon Darts|p2b: Megaman\n|-damage|p2b: Megaman|53\/100\n|-anim|p1b: Dragapult|Dragon Darts|p2a: Taxi Service\n|-resisted|p2a: Taxi Service\n|-damage|p2a: Taxi Service|31\/100\n|move|p2a: Taxi Service|Tailwind||[still]\n|-fail|p2a: Taxi Service\n|move|p2b: Megaman|Expanding Force|p1a: Arcanine\n|-damage|p1a: Arcanine|25\/100\n|-damage|p2b: Megaman|43\/100|[from] item: Life Orb\n|move|p1a: Arcanine|Flare Blitz|p2a: Taxi Service\n|-supereffective|p2a: Taxi Service\n|-crit|p2a: Taxi Service\n|-damage|p2a: Taxi Service|0 fnt\n|-damage|p1a: Arcanine|8\/100|[from] item: Rocky Helmet|[of] p2a: Taxi Service\n|faint|p2a: Taxi Service\n|-damage|p1a: Arcanine|0 fnt|[from] Recoil\n|faint|p1a: Arcanine\n|\n|-sideend|p2: Krib_Underscore|move: Tailwind\n|upkeep\n|\n|t:|1683048445\n|switch|p2a: Big Horns|Great Tusk, L50|100\/100\n|turn|5\n|\n|t:|1683048456\n|move|p1b: Dragapult|Dragon Darts|p2a: Big Horns\n|-damage|p2a: Big Horns|75\/100\n|-anim|p1b: Dragapult|Dragon Darts|p2b: Megaman\n|-damage|p2b: Megaman|5\/100\n|move|p2a: Big Horns|Knock Off|p1b: Dragapult\n|-supereffective|p1b: Dragapult\n|-damage|p1b: Dragapult|18\/100\n|-enditem|p1b: Dragapult|Choice Band|[from] move: Knock Off|[of] p2a: Big Horns\n|move|p2b: Megaman|Expanding Force|p1b: Dragapult\n|-damage|p1b: Dragapult|0 fnt\n|faint|p1b: Dragapult\n|-damage|p2b: Megaman|0 fnt|[from] item: Life Orb\n|faint|p2b: Megaman\n|\n|win|Krib_Underscore\n|raw|ScapegoatSkunk's rating: 1295 → 1264<\/strong> (-31 for losing)\n|raw|Krib_Underscore's rating: 1207 → 1238<\/strong> (+31 for winning)\n|l|\u2606ScapegoatSkunk\n|c|\u2606Krib_Underscore|gg\n","uploadtime":1683048475,"views":17,"p1id":"scapegoatskunk","p2id":"kribunderscore","formatid":"gen9vgc2023regulationc","rating":1238,"private":0,"password":""}