{"id":"gen9vgc2023regulationc-1858563914","p1":"UnknownAwez","p2":"ELFEGONx","format":"[Gen 9] VGC 2023 Regulation C","log":"|j|\u2606UnknownAwez\n|j|\u2606ELFEGONx\n|t:|1683325872\n|gametype|doubles\n|player|p1|UnknownAwez|2|1038\n|player|p2|ELFEGONx|265|1077\n|teamsize|p1|6\n|teamsize|p2|6\n|gen|9\n|tier|[Gen 9] VGC 2023 Regulation C\n|rated|\n|rule|Species Clause: Limit one of each Pok\u00e9mon\n|rule|Item Clause: Limit one of each item\n|clearpoke\n|poke|p1|Slaking, L50, M|\n|poke|p1|Grafaiai, L50, M|\n|poke|p1|Arcanine, L50, M|\n|poke|p1|Dragonite, L50, M|\n|poke|p1|Annihilape, L50, M|\n|poke|p1|Ting-Lu, L50|\n|poke|p2|Flutter Mane, L50|\n|poke|p2|Chi-Yu, L50|\n|poke|p2|Baxcalibur, L50, M|\n|poke|p2|Amoonguss, L50, M|\n|poke|p2|Indeedee-F, L50, F|\n|poke|p2|Palafin, L50, F|\n|teampreview|4\nUnknownAwez rejected open team sheets.\n|\n|t:|1683325931\n|start\n|switch|p1a: Slaking|Slaking, L50, M|100\/100\n|switch|p1b: Grafaiai|Grafaiai, L50, M|100\/100\n|switch|p2a: Baxcalibur|Baxcalibur, L50, M|100\/100\n|switch|p2b: Indeedee|Indeedee-F, L50, F|100\/100\n|-fieldstart|move: Psychic Terrain|[from] ability: Psychic Surge|[of] p2b: Indeedee\n|-enditem|p2b: Indeedee|Psychic Seed\n|-boost|p2b: Indeedee|spd|1|[from] item: Psychic Seed\n|turn|1\n|\n|t:|1683325958\n|move|p1b: Grafaiai|Doodle|p2a: Baxcalibur\n|-activate|p2a: Baxcalibur|move: Psychic Terrain\n|move|p1a: Slaking|Drain Punch|p2a: Baxcalibur\n|-supereffective|p2a: Baxcalibur\n|-damage|p2a: Baxcalibur|41\/100\n|move|p2a: Baxcalibur|Dragon Dance|p2a: Baxcalibur\n|-boost|p2a: Baxcalibur|atk|1\n|-boost|p2a: Baxcalibur|spe|1\n|move|p2b: Indeedee|Psychic|p1b: Grafaiai\n|-supereffective|p1b: Grafaiai\n|-damage|p1b: Grafaiai|0 fnt\n|faint|p1b: Grafaiai\n|\n|upkeep\n|\n|t:|1683325976\n|switch|p1b: Arcanine|Arcanine, L50, M|100\/100\n|-ability|p1b: Arcanine|Intimidate|boost\n|-unboost|p2a: Baxcalibur|atk|1\n|-unboost|p2b: Indeedee|atk|1\n|turn|2\n|\n|t:|1683325994\n|move|p2b: Indeedee|Follow Me|p2b: Indeedee\n|-singleturn|p2b: Indeedee|move: Follow Me\n|move|p2a: Baxcalibur|Glaive Rush|p1a: Slaking\n|-damage|p1a: Slaking|35\/100\n|-singlemove|p2a: Baxcalibur|Glaive Rush|[silent]\n|-damage|p2a: Baxcalibur|31\/100|[from] item: Life Orb\n|cant|p1a: Slaking|ability: Truant\n|move|p1b: Arcanine|Flare Blitz|p2b: Indeedee\n|-damage|p2b: Indeedee|34\/100\n|-damage|p1b: Arcanine|81\/100|[from] Recoil\n|\n|upkeep\n|turn|3\n|\n|t:|1683326017\n|move|p1b: Arcanine|Protect|p1b: Arcanine\n|-singleturn|p1b: Arcanine|Protect\n|move|p1a: Slaking|Sucker Punch|p2a: Baxcalibur\n|-activate|p2a: Baxcalibur|move: Psychic Terrain\n|move|p2a: Baxcalibur|Glaive Rush|p1b: Arcanine\n|-activate|p1b: Arcanine|move: Protect\n|move|p2b: Indeedee|Psychic|p1a: Slaking\n|-damage|p1a: Slaking|0 fnt\n|faint|p1a: Slaking\n|\n|upkeep\n|\n|t:|1683326028\n|switch|p1a: Annihilape|Annihilape, L50, M|100\/100\n|turn|4\n|\n|t:|1683326049\n|move|p2b: Indeedee|Helping Hand|p2a: Baxcalibur\n|-singleturn|p2a: Baxcalibur|Helping Hand|[of] p2b: Indeedee\n|move|p1b: Arcanine|Protect||[still]\n|-fail|p1b: Arcanine\n|move|p1a: Annihilape|Earthquake|p2a: Baxcalibur|[spread] p1b,p2a,p2b\n|-supereffective|p1b: Arcanine\n|-damage|p1b: Arcanine|43\/100\n|-damage|p2a: Baxcalibur|7\/100\n|-damage|p2b: Indeedee|0 fnt\n|faint|p2b: Indeedee\n|move|p2a: Baxcalibur|Glaive Rush|p1a: Annihilape\n|-damage|p1a: Annihilape|0 fnt\n|-singlemove|p2a: Baxcalibur|Glaive Rush|[silent]\n|faint|p1a: Annihilape\n|-damage|p2a: Baxcalibur|0 fnt|[from] item: Life Orb\n|faint|p2a: Baxcalibur\n|\n|upkeep\n|\n|t:|1683326067\n|switch|p2a: Amoonguss|Amoonguss, L50, M|100\/100\n|switch|p2b: Flutter Mane|Flutter Mane, L50|100\/100\n|-enditem|p2b: Flutter Mane|Booster Energy\n|-activate|p2b: Flutter Mane|ability: Protosynthesis|[fromitem]\n|-start|p2b: Flutter Mane|protosynthesisspe\n|turn|5\n|\n|t:|1683326087\n|-terastallize|p2b: Flutter Mane|Normal\n|-terastallize|p1b: Arcanine|Fire\n|move|p2b: Flutter Mane|Shadow Ball|p1b: Arcanine\n|-damage|p1b: Arcanine|0 fnt\n|faint|p1b: Arcanine\n|\n|win|ELFEGONx\n|raw|UnknownAwez's rating: 1038 → 1024<\/strong> (-14 for losing)\n|raw|ELFEGONx's rating: 1077 → 1102<\/strong> (+25 for winning)\n|l|\u2606UnknownAwez\n","uploadtime":1683326099,"views":8,"p1id":"unknownawez","p2id":"elfegonx","formatid":"gen9vgc2023regulationc","rating":1024,"private":0,"password":""}