{"id":"gen9vgc2023regulationc-1862651202","p1":"Jamie4563","p2":"jchemmy","format":"[Gen 9] VGC 2023 Regulation C","log":"|j|\u2606Jamie4563\n|j|\u2606jchemmy\n|t:|1683908999\n|gametype|doubles\n|player|p1|Jamie4563|supernerd|1483\n|player|p2|jchemmy|brock|1435\n|teamsize|p1|6\n|teamsize|p2|6\n|gen|9\n|tier|[Gen 9] VGC 2023 Regulation C\n|rated|\n|rule|Species Clause: Limit one of each Pok\u00e9mon\n|rule|Item Clause: Limit one of each item\n|clearpoke\n|poke|p1|Arcanine, L50, F|\n|poke|p1|Chien-Pao, L50|\n|poke|p1|Amoonguss, L50, F|\n|poke|p1|Azumarill, L50, M|\n|poke|p1|Flutter Mane, L50|\n|poke|p1|Dragonite, L50, F|\n|poke|p2|Flutter Mane, L50|\n|poke|p2|Ting-Lu, L50|\n|poke|p2|Baxcalibur, L50, M|\n|poke|p2|Palafin, L50, M|\n|poke|p2|Arcanine, L50, F|\n|poke|p2|Amoonguss, L50, M|\n|teampreview|4\n|inactive|Battle timer is ON: inactive players will automatically lose when time's up. (requested by jchemmy)\njchemmy has agreed to open team sheets.\nJamie4563 has agreed to open team sheets.\n|inactive|Jamie4563 has 60 seconds left.\n|inactive|jchemmy has 60 seconds left.\n|inactive|jchemmy has 30 seconds left.\n|inactive|jchemmy has 20 seconds left.\n|inactive|jchemmy has 15 seconds left.\n|\n|t:|1683909077\n|start\n|switch|p1a: Flutter Mane|Flutter Mane, L50|100\/100\n|switch|p1b: Dragonite|Dragonite, L50, F|100\/100\n|switch|p2a: Palafin|Palafin, L50, M|100\/100\n|switch|p2b: Baxcalibur|Baxcalibur, L50, M|100\/100\n|turn|1\n|\n|t:|1683909098\n|detailschange|p2a: Palafin|Palafin-Hero, L50, M\n|switch|p2a: Arcanine|Arcanine, L50, F|100\/100\n|-ability|p2a: Arcanine|Intimidate|boost\n|-unboost|p1a: Flutter Mane|atk|1\n|-fail|p1b: Dragonite|unboost|Attack|[from] ability: Inner Focus|[of] p1b: Dragonite\n|switch|p1b: Arcanine|Arcanine, L50, F|100\/100\n|-ability|p1b: Arcanine|Intimidate|boost\n|-unboost|p2a: Arcanine|atk|1\n|-fail|p2b: Baxcalibur|unboost|[from] item: Clear Amulet|[of] p2b: Baxcalibur\n|-terastallize|p1a: Flutter Mane|Fairy\n|-terastallize|p2b: Baxcalibur|Poison\n|move|p1a: Flutter Mane|Dazzling Gleam|p2a: Arcanine|[spread] p2a,p2b\n|-resisted|p2a: Arcanine\n|-resisted|p2b: Baxcalibur\n|-damage|p2a: Arcanine|75\/100\n|-damage|p2b: Baxcalibur|73\/100\n|move|p2b: Baxcalibur|Glaive Rush|p1b: Arcanine\n|-damage|p1b: Arcanine|17\/100\n|-singlemove|p2b: Baxcalibur|Glaive Rush|[silent]\n|\n|upkeep\n|turn|2\n|inactive|jchemmy has 30 seconds left.\n|\n|t:|1683909129\n|-end|p1a: Flutter Mane|Protosynthesis|[silent]\n|switch|p1a: Chien-Pao|Chien-Pao, L50|100\/100\n|-ability|p1a: Chien-Pao|Sword of Ruin\n|move|p1b: Arcanine|Protect|p1b: Arcanine\n|-singleturn|p1b: Arcanine|Protect\n|move|p2b: Baxcalibur|Protect|p2b: Baxcalibur\n|-singleturn|p2b: Baxcalibur|Protect\n|move|p2a: Arcanine|Howl|p2a: Arcanine|[spread] p2a,p2b\n|-boost|p2a: Arcanine|atk|1\n|-boost|p2b: Baxcalibur|atk|1\n|\n|upkeep\n|turn|3\n|inactive|Jamie4563 has 30 seconds left.\n|inactive|Jamie4563 has 20 seconds left.\n|inactive|jchemmy has 30 seconds left.\n|inactive|Jamie4563 has 15 seconds left.\n|inactive|Jamie4563 has 10 seconds left.\n|inactive|Jamie4563 has 5 seconds left.\n|\n|t:|1683909184\n|move|p1b: Arcanine|Extreme Speed|p2a: Arcanine\n|-damage|p2a: Arcanine|44\/100\n|move|p1a: Chien-Pao|Ice Spinner|p2b: Baxcalibur\n|-damage|p2b: Baxcalibur|21\/100\n|move|p2a: Arcanine|Will-O-Wisp|p1a: Chien-Pao\n|-status|p1a: Chien-Pao|brn\n|move|p2b: Baxcalibur|Glaive Rush|p1b: Arcanine\n|-damage|p1b: Arcanine|0 fnt\n|-singlemove|p2b: Baxcalibur|Glaive Rush|[silent]\n|faint|p1b: Arcanine\n|\n|-damage|p1a: Chien-Pao|95\/100 brn|[from] brn\n|upkeep\n|\n|t:|1683909193\n|switch|p1b: Flutter Mane|Flutter Mane, L50, tera:Fairy|100\/100\n|turn|4\n|\n|t:|1683909202\n|switch|p2b: Palafin|Palafin-Hero, L50, M|100\/100\n|-activate|p2b: Palafin|ability: Zero to Hero\n|move|p1a: Chien-Pao|Sucker Punch||[still]\n|-fail|p1a: Chien-Pao\n|move|p1b: Flutter Mane|Shadow Ball|p2a: Arcanine\n|-crit|p2a: Arcanine\n|-damage|p2a: Arcanine|0 fnt\n|faint|p2a: Arcanine\n|\n|-damage|p1a: Chien-Pao|89\/100 brn|[from] brn\n|upkeep\n|j| ervf recf\n|\n|t:|1683909216\n|switch|p2a: Baxcalibur|Baxcalibur, L50, M, tera:Poison|21\/100\n|turn|5\n|inactive|Jamie4563 has 30 seconds left.\n|inactive|Jamie4563 has 20 seconds left.\n|\n|t:|1683909255\n|-end|p1b: Flutter Mane|Protosynthesis|[silent]\n|switch|p1b: Dragonite|Dragonite, L50, F|100\/100\n|switch|p2a: Flutter Mane|Flutter Mane, L50|100\/100\n|move|p1a: Chien-Pao|Sucker Punch|p2b: Palafin\n|-damage|p2b: Palafin|79\/100\n|move|p2b: Palafin|Jet Punch|p1b: Dragonite\n|-resisted|p1b: Dragonite\n|-damage|p1b: Dragonite|69\/100\n|\n|-damage|p1a: Chien-Pao|83\/100 brn|[from] brn\n|upkeep\n|turn|6\n|inactive|Jamie4563 has 30 seconds left.\n|\n|t:|1683909289\n|move|p1b: Dragonite|Extreme Speed|p2b: Palafin\n|-damage|p2b: Palafin|42\/100\n|move|p1a: Chien-Pao|Sucker Punch|p2b: Palafin\n|-damage|p2b: Palafin|20\/100\n|move|p2a: Flutter Mane|Dazzling Gleam|p1b: Dragonite|[spread] p1a,p1b\n|-supereffective|p1a: Chien-Pao\n|-supereffective|p1b: Dragonite\n|-damage|p1a: Chien-Pao|0 fnt\n|-damage|p1b: Dragonite|0 fnt\n|faint|p1a: Chien-Pao\n|faint|p1b: Dragonite\n|move|p2b: Palafin|Wave Crash|p1: Chien-Pao|[notarget]\n|-fail|p2b: Palafin\n|\n|upkeep\n|-message|Jamie4563 forfeited.\n|\n|win|jchemmy\n|raw|Jamie4563's rating: 1483 → 1460<\/strong> (-23 for losing)\n|raw|jchemmy's rating: 1435 → 1458<\/strong> (+23 for winning)\n|l|\u2606Jamie4563\n","uploadtime":1683909300,"views":15,"p1id":"jamie4563","p2id":"jchemmy","formatid":"gen9vgc2023regulationc","rating":1458,"private":0,"password":""}