{"id":"gen9vgc2023regulationc-1847258518","p1":"LookItsLook","p2":"pokemon_and_beer","format":"[Gen 9] VGC 2023 Regulation C","log":"|j|\u2606LookItsLook\n|j|\u2606pokemon_and_beer\n|t:|1681932227\n|gametype|doubles\n|player|p1|LookItsLook|falkner|1540\n|player|p2|pokemon_and_beer|pryce|1530\n|teamsize|p1|6\n|teamsize|p2|6\n|gen|9\n|tier|[Gen 9] VGC 2023 Regulation C\n|rated|\n|rule|Species Clause: Limit one of each Pok\u00e9mon\n|rule|Item Clause: Limit one of each item\n|clearpoke\n|poke|p1|Lycanroc-Dusk, L50, M|\n|poke|p1|Chien-Pao, L50|\n|poke|p1|Amoonguss, L50, M|\n|poke|p1|Arcanine, L50, M|\n|poke|p1|Ting-Lu, L50|\n|poke|p1|Gholdengo, L50|\n|poke|p2|Abomasnow, L50, M|\n|poke|p2|Iron Bundle, L50|\n|poke|p2|Chi-Yu, L50|\n|poke|p2|Azumarill, L50, M|\n|poke|p2|Dragonite, L50, M|\n|poke|p2|Annihilape, L50, M|\n|teampreview|4\n|inactive|Battle timer is ON: inactive players will automatically lose when time's up. (requested by LookItsLook)\n|c|\u2606pokemon_and_beer|gl hf\n|c|\u2606LookItsLook|u2\n|c|\u2606pokemon_and_beer|lycan dusk. very cool\n|inactive|LookItsLook has 60 seconds left.\n|inactive|pokemon_and_beer has 60 seconds left.\n|inactive|LookItsLook has 30 seconds left.\n|inactive|pokemon_and_beer has 30 seconds left.\n|j| jdarcan\n|inactive|LookItsLook has 20 seconds left.\n|inactive|pokemon_and_beer has 20 seconds left.\n|inactive|LookItsLook has 15 seconds left.\n|inactive|pokemon_and_beer has 15 seconds left.\n|\n|t:|1681932307\n|start\n|switch|p1a: Arcanine|Arcanine, L50, M|100\/100\n|switch|p1b: Ting-Lu|Ting-Lu, L50|100\/100\n|switch|p2a: Chi-Yu|Chi-Yu, L50|100\/100\n|switch|p2b: Annihilape|Annihilape, L50, M|100\/100\n|-ability|p2a: Chi-Yu|Beads of Ruin\n|-ability|p1a: Arcanine|Intimidate|boost\n|-unboost|p2a: Chi-Yu|atk|1\n|-unboost|p2b: Annihilape|atk|1\n|-ability|p2b: Annihilape|Defiant|boost\n|-boost|p2b: Annihilape|atk|2\n|-ability|p1b: Ting-Lu|Vessel of Ruin\n|turn|1\n|inactive|LookItsLook has 30 seconds left.\n|inactive|pokemon_and_beer has 30 seconds left.\n|\n|t:|1681932332\n|-terastallize|p1b: Ting-Lu|Water\n|move|p2a: Chi-Yu|Heat Wave|p1a: Arcanine|[spread] p1a,p1b\n|-resisted|p1a: Arcanine\n|-resisted|p1b: Ting-Lu\n|-damage|p1a: Arcanine|79\/100\n|-damage|p1b: Ting-Lu|91\/100\n|move|p2b: Annihilape|Drain Punch|p1a: Arcanine\n|-damage|p1a: Arcanine|28\/100\n|move|p1a: Arcanine|Howl|p1a: Arcanine|[spread] p1a,p1b\n|-boost|p1a: Arcanine|atk|1\n|-boost|p1b: Ting-Lu|atk|1\n|move|p1b: Ting-Lu|Stomping Tantrum|p2a: Chi-Yu\n|-supereffective|p2a: Chi-Yu\n|-damage|p2a: Chi-Yu|0 fnt\n|faint|p2a: Chi-Yu\n|\n|upkeep\n|\n|t:|1681932353\n|switch|p2a: Abomasnow|Abomasnow, L50, M|100\/100\n|-weather|Snow|[from] ability: Snow Warning|[of] p2a: Abomasnow\n|turn|2\n|inactive|LookItsLook has 30 seconds left.\n|inactive|pokemon_and_beer has 30 seconds left.\n|\n|t:|1681932381\n|switch|p1a: Gholdengo|Gholdengo, L50|100\/100\n|-terastallize|p2a: Abomasnow|Water\n|move|p2b: Annihilape|Bulk Up|p2b: Annihilape\n|-boost|p2b: Annihilape|atk|1\n|-boost|p2b: Annihilape|def|1\n|move|p2a: Abomasnow|Energy Ball|p1b: Ting-Lu\n|-supereffective|p1b: Ting-Lu\n|-damage|p1b: Ting-Lu|62\/100\n|move|p1b: Ting-Lu|Ruination|p2a: Abomasnow\n|-damage|p2a: Abomasnow|50\/100\n|\n|-weather|Snow|[upkeep]\n|upkeep\n|turn|3\n|inactive|LookItsLook has 30 seconds left.\n|inactive|pokemon_and_beer has 30 seconds left.\n|\n|t:|1681932412\n|switch|p1b: Amoonguss|Amoonguss, L50, M|100\/100\n|move|p1a: Gholdengo|Thunderbolt|p2a: Abomasnow\n|-supereffective|p2a: Abomasnow\n|-damage|p2a: Abomasnow|10\/100\n|move|p2b: Annihilape|Rage Fist|p1a: Gholdengo\n|-supereffective|p1a: Gholdengo\n|-damage|p1a: Gholdengo|8\/100\n|move|p2a: Abomasnow|Tera Blast|p1a: Gholdengo\n|-damage|p1a: Gholdengo|0 fnt\n|faint|p1a: Gholdengo\n|\n|-weather|Snow|[upkeep]\n|upkeep\n|l| jdarcan\n|\n|t:|1681932428\n|switch|p1a: Ting-Lu|Ting-Lu, L50, tera:Water|62\/100\n|-ability|p1a: Ting-Lu|Vessel of Ruin\n|turn|4\n|\n|t:|1681932444\n|switch|p2a: Iron Bundle|Iron Bundle, L50|100\/100\n|-enditem|p2a: Iron Bundle|Booster Energy\n|-activate|p2a: Iron Bundle|ability: Quark Drive|[fromitem]\n|-start|p2a: Iron Bundle|quarkdrivespe\n|move|p2b: Annihilape|Protect|p2b: Annihilape\n|-singleturn|p2b: Annihilape|Protect\n|move|p1a: Ting-Lu|Stomping Tantrum|p2a: Iron Bundle\n|-damage|p2a: Iron Bundle|72\/100\n|move|p1b: Amoonguss|Spore|p2b: Annihilape\n|-activate|p2b: Annihilape|move: Protect\n|\n|-weather|Snow|[upkeep]\n|upkeep\n|turn|5\n|inactive|pokemon_and_beer has 30 seconds left.\n|\n|t:|1681932475\n|move|p1b: Amoonguss|Protect|p1b: Amoonguss\n|-singleturn|p1b: Amoonguss|Protect\n|move|p2a: Iron Bundle|Blizzard|p1b: Amoonguss|[spread] p1a\n|-activate|p1b: Amoonguss|move: Protect\n|-resisted|p1a: Ting-Lu\n|-damage|p1a: Ting-Lu|55\/100\n|move|p2b: Annihilape|Rage Fist|p1b: Amoonguss\n|-activate|p1b: Amoonguss|move: Protect\n|move|p1a: Ting-Lu|Ruination|p2a: Iron Bundle\n|-damage|p2a: Iron Bundle|37\/100\n|\n|-weather|Snow|[upkeep]\n|upkeep\n|turn|6\n|j| Poketostorm\n|inactive|LookItsLook has 30 seconds left.\n|inactive|pokemon_and_beer has 30 seconds left.\n|inactive|LookItsLook has 20 seconds left.\n|inactive|pokemon_and_beer has 20 seconds left.\n|inactive|LookItsLook has 15 seconds left.\n|\n|t:|1681932516\n|move|p2a: Iron Bundle|Protect|p2a: Iron Bundle\n|-singleturn|p2a: Iron Bundle|Protect\n|move|p2b: Annihilape|Drain Punch|p1a: Ting-Lu\n|-damage|p1a: Ting-Lu|22\/100\n|move|p1a: Ting-Lu|Heavy Slam|p2a: Iron Bundle\n|-activate|p2a: Iron Bundle|move: Protect\n|move|p1b: Amoonguss|Pollen Puff|p1a: Ting-Lu\n|-heal|p1a: Ting-Lu|72\/100\n|\n|-weather|none\n|upkeep\n|turn|7\n|\n|t:|1681932541\n|-end|p2a: Iron Bundle|Quark Drive|[silent]\n|switch|p2a: Abomasnow|Abomasnow, L50, M, tera:Water|10\/100\n|-weather|Snow|[from] ability: Snow Warning|[of] p2a: Abomasnow\n|move|p2b: Annihilape|Protect|p2b: Annihilape\n|-singleturn|p2b: Annihilape|Protect\n|move|p1b: Amoonguss|Rage Powder|p1b: Amoonguss\n|-singleturn|p1b: Amoonguss|move: Rage Powder\n|move|p1a: Ting-Lu|Heavy Slam|p2a: Abomasnow\n|-resisted|p2a: Abomasnow\n|-damage|p2a: Abomasnow|0 fnt\n|faint|p2a: Abomasnow\n|\n|-weather|Snow|[upkeep]\n|upkeep\n|\n|t:|1681932552\n|switch|p2a: Iron Bundle|Iron Bundle, L50|37\/100\n|turn|8\n|\n|t:|1681932567\n|move|p2a: Iron Bundle|Blizzard|p1a: Ting-Lu|[spread] p1a,p1b\n|-resisted|p1a: Ting-Lu\n|-supereffective|p1b: Amoonguss\n|-crit|p1b: Amoonguss\n|-damage|p1a: Ting-Lu|65\/100\n|-damage|p1b: Amoonguss|15\/100\n|-enditem|p1b: Amoonguss|Sitrus Berry|[eat]\n|-heal|p1b: Amoonguss|40\/100|[from] item: Sitrus Berry\n|move|p2b: Annihilape|Drain Punch|p1a: Ting-Lu\n|-damage|p1a: Ting-Lu|30\/100\n|move|p1a: Ting-Lu|Heavy Slam|p2a: Iron Bundle\n|-damage|p2a: Iron Bundle|6\/100\n|move|p1b: Amoonguss|Spore|p2b: Annihilape\n|-status|p2b: Annihilape|slp|[from] move: Spore\n|\n|-weather|Snow|[upkeep]\n|upkeep\n|turn|9\n|\n|t:|1681932583\n|cant|p2b: Annihilape|slp\n|move|p2a: Iron Bundle|Blizzard|p1a: Ting-Lu|[spread] p1a,p1b\n|-resisted|p1a: Ting-Lu\n|-supereffective|p1b: Amoonguss\n|-damage|p1a: Ting-Lu|23\/100\n|-damage|p1b: Amoonguss|0 fnt\n|faint|p1b: Amoonguss\n|move|p1a: Ting-Lu|Ruination|p2b: Annihilape\n|-damage|p2b: Annihilape|50\/100 slp\n|\n|-weather|Snow|[upkeep]\n|-heal|p2b: Annihilape|57\/100 slp|[from] item: Leftovers\n|upkeep\n|\n|t:|1681932589\n|switch|p1b: Arcanine|Arcanine, L50, M|28\/100\n|-ability|p1b: Arcanine|Intimidate|boost\n|-unboost|p2a: Iron Bundle|atk|1\n|-unboost|p2b: Annihilape|atk|1\n|-ability|p2b: Annihilape|Defiant|boost\n|-boost|p2b: Annihilape|atk|2\n|turn|10\n|\n|t:|1681932600\n|move|p2a: Iron Bundle|Protect|p2a: Iron Bundle\n|-singleturn|p2a: Iron Bundle|Protect\n|move|p1b: Arcanine|Extreme Speed|p2a: Iron Bundle\n|-activate|p2a: Iron Bundle|move: Protect\n|cant|p2b: Annihilape|slp\n|move|p1a: Ting-Lu|Stomping Tantrum|p2b: Annihilape\n|-damage|p2b: Annihilape|30\/100 slp\n|\n|-weather|Snow|[upkeep]\n|-heal|p2b: Annihilape|36\/100 slp|[from] item: Leftovers\n|upkeep\n|turn|11\n|\n|t:|1681932620\n|move|p2a: Iron Bundle|Protect||[still]\n|-fail|p2a: Iron Bundle\n|move|p1b: Arcanine|Extreme Speed|p2a: Iron Bundle\n|-damage|p2a: Iron Bundle|0 fnt\n|faint|p2a: Iron Bundle\n|-end|p2a: Iron Bundle|Quark Drive|[silent]\n|-curestatus|p2b: Annihilape|slp|[msg]\n|move|p2b: Annihilape|Drain Punch|p1b: Arcanine\n|-damage|p1b: Arcanine|0 fnt\n|-heal|p2b: Annihilape|48\/100|[from] drain|[of] p1b: Arcanine\n|faint|p1b: Arcanine\n|move|p1a: Ting-Lu|Stomping Tantrum|p2b: Annihilape\n|-damage|p2b: Annihilape|25\/100\n|\n|-weather|none\n|-heal|p2b: Annihilape|32\/100|[from] item: Leftovers\n|upkeep\n|turn|12\n|\n|t:|1681932636\n|move|p2b: Annihilape|Protect|p2b: Annihilape\n|-singleturn|p2b: Annihilape|Protect\n|move|p1a: Ting-Lu|Stomping Tantrum|p2b: Annihilape\n|-activate|p2b: Annihilape|move: Protect\n|\n|-heal|p2b: Annihilape|38\/100|[from] item: Leftovers\n|upkeep\n|turn|13\n|\n|t:|1681932646\n|move|p2b: Annihilape|Rage Fist|p1a: Ting-Lu\n|-damage|p1a: Ting-Lu|0 fnt\n|faint|p1a: Ting-Lu\n|\n|win|pokemon_and_beer\n|raw|LookItsLook's rating: 1540 → 1519<\/strong> (-21 for losing)\n|raw|pokemon_and_beer's rating: 1530 → 1551<\/strong> (+21 for winning)\n|c|\u2606pokemon_and_beer|gg\n|c|\u2606LookItsLook|gg\n|l|\u2606LookItsLook\n","uploadtime":1681932661,"views":23,"p1id":"lookitslook","p2id":"pokemonandbeer","formatid":"gen9vgc2023regulationc","rating":1519,"private":0,"password":""}