{"id":"gen9vgc2023regulationc-1848631275","p1":"Francy03","p2":"Hadrian1917","format":"[Gen 9] VGC 2023 Regulation C","log":"|j|\u2606Francy03\n|j|\u2606Hadrian1917\n|t:|1682096048\n|gametype|doubles\n|player|p1|Francy03|volkner-masters|1302\n|player|p2|Hadrian1917|brock|1277\n|teamsize|p1|6\n|teamsize|p2|6\n|gen|9\n|tier|[Gen 9] VGC 2023 Regulation C\n|rated|\n|rule|Species Clause: Limit one of each Pok\u00e9mon\n|rule|Item Clause: Limit one of each item\n|clearpoke\n|poke|p1|Corviknight, L50, M|\n|poke|p1|Garchomp, L50, M|\n|poke|p1|Flutter Mane, L50|\n|poke|p1|Chi-Yu, L50|\n|poke|p1|Ting-Lu, L50|\n|poke|p1|Amoonguss, L50, M|\n|poke|p2|Flutter Mane, L50|\n|poke|p2|Arcanine, L50, M|\n|poke|p2|Baxcalibur, L50, F|\n|poke|p2|Ting-Lu, L50|\n|poke|p2|Gyarados, L50, M|\n|poke|p2|Amoonguss, L50, M|\n|teampreview|4\n|inactive|Battle timer is ON: inactive players will automatically lose when time's up. (requested by Francy03)\n|inactive|Francy03 has 60 seconds left.\n|inactive|Hadrian1917 has 60 seconds left.\n|\n|t:|1682096089\n|start\n|switch|p1a: Oberon|Amoonguss, L50, M, shiny|100\/100\n|switch|p1b: Jalter|Chi-Yu, L50|100\/100\n|switch|p2a: Baxcalibur|Baxcalibur, L50, F|100\/100\n|switch|p2b: Arcanine|Arcanine, L50, M|100\/100\n|-ability|p1b: Jalter|Beads of Ruin\n|-ability|p2b: Arcanine|Intimidate|boost\n|-unboost|p1a: Oberon|atk|1\n|-unboost|p1b: Jalter|atk|1\n|turn|1\n|inactive|Hadrian1917 has 30 seconds left.\n|inactive|Hadrian1917 has 20 seconds left.\n|inactive|Hadrian1917 has 15 seconds left.\n|inactive|Hadrian1917 has 10 seconds left.\n|inactive|Hadrian1917 has 5 seconds left.\n|\n|t:|1682096143\n|move|p1b: Jalter|Dark Pulse|p2b: Arcanine\n|-damage|p2b: Arcanine|9\/100\n|move|p2b: Arcanine|Howl|p2b: Arcanine|[spread] p2a,p2b\n|-boost|p2a: Baxcalibur|atk|1\n|-boost|p2b: Arcanine|atk|1\n|move|p2a: Baxcalibur|Icicle Crash|p1a: Oberon\n|-supereffective|p1a: Oberon\n|-damage|p1a: Oberon|0 fnt\n|faint|p1a: Oberon\n|\n|upkeep\n|\n|t:|1682096155\n|switch|p1a: Medea|Flutter Mane, L50, shiny|100\/100\n|turn|2\n|\n|t:|1682096175\n|-terastallize|p1b: Jalter|Ghost\n|-terastallize|p2a: Baxcalibur|Poison\n|move|p2b: Arcanine|Extreme Speed|p1b: Jalter\n|-immune|p1b: Jalter\n|move|p2a: Baxcalibur|Ice Shard|p1a: Medea\n|-crit|p1a: Medea\n|-enditem|p1a: Medea|Focus Sash\n|-damage|p1a: Medea|1\/100\n|move|p1a: Medea|Dazzling Gleam|p2b: Arcanine|[spread] p2a,p2b\n|-resisted|p2a: Baxcalibur\n|-resisted|p2b: Arcanine\n|-damage|p2a: Baxcalibur|78\/100\n|-damage|p2b: Arcanine|0 fnt\n|faint|p2b: Arcanine\n|move|p1b: Jalter|Dark Pulse|p2a: Baxcalibur\n|-damage|p2a: Baxcalibur|0 fnt\n|faint|p2a: Baxcalibur\n|\n|upkeep\n|\n|t:|1682096197\n|switch|p2b: Flutter Mane|Flutter Mane, L50|100\/100\n|switch|p2a: Gyarados|Gyarados, L50, M|100\/100\n|-ability|p2a: Gyarados|Intimidate|boost\n|-unboost|p1a: Medea|atk|1\n|-unboost|p1b: Jalter|atk|1\n|turn|3\n|\n|t:|1682096211\n|move|p2b: Flutter Mane|Dazzling Gleam|p1a: Medea|[spread] p1a,p1b\n|-damage|p1a: Medea|0 fnt\n|-damage|p1b: Jalter|54\/100\n|faint|p1a: Medea\n|-end|p1a: Medea|Protosynthesis|[silent]\n|move|p1b: Jalter|Dark Pulse|p2b: Flutter Mane\n|-damage|p2b: Flutter Mane|18\/100\n|move|p2a: Gyarados|Thunder Wave|p1b: Jalter\n|-status|p1b: Jalter|par\n|\n|upkeep\n|\n|t:|1682096222\n|switch|p1a: Lancelot|Corviknight, L50, M, shiny|100\/100\n|turn|4\n|\n|t:|1682096241\n|move|p2b: Flutter Mane|Dazzling Gleam|p1a: Lancelot|[spread] p1a,p1b\n|-resisted|p1a: Lancelot\n|-damage|p1a: Lancelot|78\/100\n|-damage|p1b: Jalter|7\/100 par\n|move|p2a: Gyarados|Waterfall|p1b: Jalter\n|-damage|p1b: Jalter|0 fnt\n|faint|p1b: Jalter\n|move|p1a: Lancelot|Iron Head|p2b: Flutter Mane\n|-supereffective|p2b: Flutter Mane\n|-damage|p2b: Flutter Mane|0 fnt\n|faint|p2b: Flutter Mane\n|-end|p2b: Flutter Mane|Protosynthesis|[silent]\n|\n|upkeep\n|turn|5\n|\n|t:|1682096257\n|move|p2a: Gyarados|Taunt|p1a: Lancelot\n|-start|p1a: Lancelot|move: Taunt\n|cant|p1a: Lancelot|move: Taunt|Bulk Up\n|\n|upkeep\n|turn|6\n|\n|t:|1682096264\n|move|p2a: Gyarados|Thunder Wave|p1a: Lancelot\n|-status|p1a: Lancelot|par\n|move|p1a: Lancelot|Brave Bird|p2a: Gyarados\n|-damage|p2a: Gyarados|59\/100\n|-damage|p1a: Lancelot|64\/100 par|[from] Recoil\n|\n|upkeep\n|turn|7\n|\n|t:|1682096273\n|move|p2a: Gyarados|Waterfall|p1a: Lancelot\n|-damage|p1a: Lancelot|35\/100 par\n|move|p1a: Lancelot|Iron Head|p2a: Gyarados\n|-resisted|p2a: Gyarados\n|-damage|p2a: Gyarados|46\/100\n|-enditem|p2a: Gyarados|Sitrus Berry|[eat]\n|-heal|p2a: Gyarados|71\/100|[from] item: Sitrus Berry\n|\n|-end|p1a: Lancelot|move: Taunt\n|upkeep\n|turn|8\n|-message|Francy03 forfeited.\n|\n|win|Hadrian1917\n|raw|Francy03's rating: 1302 → 1281<\/strong> (-21 for losing)\n|raw|Hadrian1917's rating: 1277 → 1304<\/strong> (+27 for winning)\n|l|\u2606Francy03\n","uploadtime":1682096304,"views":9,"p1id":"francy03","p2id":"hadrian1917","formatid":"gen9vgc2023regulationc","rating":1281,"private":0,"password":""}