{"id":"gen9vgc2023regulationc-1864070008","p1":"Jortrix","p2":"DuskDevoir","format":"[Gen 9] VGC 2023 Regulation C","log":"|j|\u2606Jortrix\n|j|\u2606DuskDevoir\n|t:|1684113163\n|gametype|doubles\n|player|p1|Jortrix|169|1154\n|player|p2|DuskDevoir|bellelba|1186\n|teamsize|p1|6\n|teamsize|p2|6\n|gen|9\n|tier|[Gen 9] VGC 2023 Regulation C\n|rated|\n|rule|Species Clause: Limit one of each Pok\u00e9mon\n|rule|Item Clause: Limit one of each item\n|clearpoke\n|poke|p1|Ting-Lu, L50|\n|poke|p1|Vivillon, L50, M|\n|poke|p1|Iron Bundle, L50|\n|poke|p1|Abomasnow, L50, M|\n|poke|p1|Annihilape, L50, F|\n|poke|p1|Chien-Pao, L50|\n|poke|p2|Scream Tail, L50|\n|poke|p2|Grimmsnarl, L50, M|\n|poke|p2|Gyarados, L50, M|\n|poke|p2|Tauros-Paldea-Blaze, L50, M|\n|poke|p2|Florges, L50, F|\n|poke|p2|Wo-Chien, L50|\n|teampreview|4\nJortrix rejected open team sheets.\n|\n|t:|1684113188\n|start\n|switch|p1a: Abomasnow|Abomasnow, L50, M|100\/100\n|switch|p1b: Iron Bundle|Iron Bundle, L50|100\/100\n|switch|p2a: Grimmsnarl|Grimmsnarl, L50, M|100\/100\n|switch|p2b: Tauros|Tauros-Paldea-Blaze, L50, M|100\/100\n|-ability|p2b: Tauros|Intimidate|boost\n|-unboost|p1a: Abomasnow|atk|1\n|-unboost|p1b: Iron Bundle|atk|1\n|-weather|Snow|[from] ability: Snow Warning|[of] p1a: Abomasnow\n|-enditem|p1b: Iron Bundle|Booster Energy\n|-activate|p1b: Iron Bundle|ability: Quark Drive|[fromitem]\n|-start|p1b: Iron Bundle|quarkdrivespe\n|turn|1\n|inactive|Battle timer is ON: inactive players will automatically lose when time's up. (requested by DuskDevoir)\n|\n|t:|1684113206\n|-terastallize|p1a: Abomasnow|Water\n|move|p2a: Grimmsnarl|Light Screen|p2a: Grimmsnarl\n|-sidestart|p2: DuskDevoir|move: Light Screen\n|move|p1b: Iron Bundle|Aurora Veil|p1b: Iron Bundle\n|-sidestart|p1: Jortrix|move: Aurora Veil\n|move|p2b: Tauros|Raging Bull|p1a: Abomasnow\n|-sideend|p1: Jortrix|move: Aurora Veil\n|-resisted|p1a: Abomasnow\n|-damage|p1a: Abomasnow|80\/100\n|move|p1a: Abomasnow|Blizzard|p2a: Grimmsnarl|[spread] p2a,p2b\n|-resisted|p2b: Tauros\n|-damage|p2a: Grimmsnarl|69\/100\n|-damage|p2b: Tauros|87\/100\n|-damage|p1a: Abomasnow|70\/100|[from] item: Life Orb\n|\n|-weather|Snow|[upkeep]\n|upkeep\n|turn|2\n|inactive|DuskDevoir has 30 seconds left.\n|\n|t:|1684113236\n|-end|p1b: Iron Bundle|Quark Drive|[silent]\n|switch|p1b: Ting-Lu|Ting-Lu, L50|100\/100\n|-ability|p1b: Ting-Lu|Vessel of Ruin\n|move|p2b: Tauros|Raging Bull|p1b: Ting-Lu\n|-damage|p1b: Ting-Lu|78\/100\n|move|p1a: Abomasnow|Blizzard|p2a: Grimmsnarl|[spread] p2a,p2b\n|-resisted|p2b: Tauros\n|-crit|p2b: Tauros\n|-damage|p2a: Grimmsnarl|48\/100\n|-damage|p2b: Tauros|64\/100\n|-damage|p1a: Abomasnow|61\/100|[from] item: Life Orb\n|move|p2a: Grimmsnarl|Spirit Break|p1a: Abomasnow\n|-damage|p1a: Abomasnow|24\/100\n|-unboost|p1a: Abomasnow|spa|1\n|\n|-weather|Snow|[upkeep]\n|upkeep\n|turn|3\n|inactive|DuskDevoir has 30 seconds left.\n|\n|t:|1684113263\n|move|p1a: Abomasnow|Helping Hand|p1b: Ting-Lu\n|-singleturn|p1b: Ting-Lu|Helping Hand|[of] p1a: Abomasnow\n|move|p2a: Grimmsnarl|Reflect|p2a: Grimmsnarl\n|-sidestart|p2: DuskDevoir|Reflect\n|move|p2b: Tauros|Close Combat|p1b: Ting-Lu\n|-supereffective|p1b: Ting-Lu\n|-damage|p1b: Ting-Lu|17\/100\n|-unboost|p2b: Tauros|def|1\n|-unboost|p2b: Tauros|spd|1\n|move|p1b: Ting-Lu|Earthquake|p2a: Grimmsnarl|[spread] p1a,p2a,p2b\n|-supereffective|p2b: Tauros\n|-damage|p1a: Abomasnow|0 fnt\n|-damage|p2a: Grimmsnarl|0 fnt\n|-damage|p2b: Tauros|0 fnt\n|faint|p1a: Abomasnow\n|faint|p2a: Grimmsnarl\n|faint|p2b: Tauros\n|\n|-weather|Snow|[upkeep]\n|upkeep\n|\n|t:|1684113276\n|switch|p2b: Florges|Florges, L50, F, shiny|100\/100\n|switch|p1a: Iron Bundle|Iron Bundle, L50|100\/100\n|switch|p2a: Wo-Chien|Wo-Chien, L50|100\/100\n|-ability|p2a: Wo-Chien|Tablets of Ruin\n|turn|4\n|\n|t:|1684113295\n|-terastallize|p2a: Wo-Chien|Water\n|move|p1a: Iron Bundle|Protect|p1a: Iron Bundle\n|-singleturn|p1a: Iron Bundle|Protect\n|move|p2b: Florges|Petal Blizzard|p1a: Iron Bundle|[spread] p2a,p1b\n|-activate|p1a: Iron Bundle|move: Protect\n|-supereffective|p2a: Wo-Chien\n|-supereffective|p1b: Ting-Lu\n|-damage|p2a: Wo-Chien|91\/100\n|-damage|p1b: Ting-Lu|8\/100\n|-enditem|p2a: Wo-Chien|Weakness Policy\n|-boost|p2a: Wo-Chien|atk|2|[from] item: Weakness Policy\n|-boost|p2a: Wo-Chien|spa|2|[from] item: Weakness Policy\n|-activate|p2b: Florges|ability: Symbiosis|Leftovers|[of] p2a: Wo-Chien\n|move|p2a: Wo-Chien|Giga Drain|p1a: Iron Bundle\n|-activate|p1a: Iron Bundle|move: Protect\n|move|p1b: Ting-Lu|Earthquake|p2a: Wo-Chien|[spread] p2a,p2b\n|-activate|p1a: Iron Bundle|move: Protect\n|-crit|p2b: Florges\n|-damage|p2a: Wo-Chien|66\/100\n|-damage|p2b: Florges|47\/100\n|\n|-weather|Snow|[upkeep]\n|-heal|p2a: Wo-Chien|72\/100|[from] item: Leftovers\n|upkeep\n|turn|5\n|c|\u2606Jortrix|!weakness fairy\n|c| Jortrix|\/raw Fairy: Weaknesses<\/span>: Poison, Steel Resistances<\/span>: Bug, Dark, Fighting Immunities<\/span>: Dragon<\/div>\n|\n|t:|1684113319\n|switch|p1b: Chien-Pao|Chien-Pao, L50|100\/100\n|-ability|p1b: Chien-Pao|Sword of Ruin\n|move|p1a: Iron Bundle|Aurora Veil|p1a: Iron Bundle\n|-sidestart|p1: Jortrix|move: Aurora Veil\n|move|p2b: Florges|Dazzling Gleam|p1a: Iron Bundle|[spread] p1a,p1b\n|-supereffective|p1b: Chien-Pao\n|-damage|p1a: Iron Bundle|79\/100\n|-damage|p1b: Chien-Pao|63\/100\n|move|p2a: Wo-Chien|Giga Drain|p1a: Iron Bundle\n|-supereffective|p1a: Iron Bundle\n|-damage|p1a: Iron Bundle|0 fnt\n|-heal|p2a: Wo-Chien|100\/100|[from] drain|[of] p1a: Iron Bundle\n|faint|p1a: Iron Bundle\n|-end|p1a: Iron Bundle|Quark Drive|[silent]\n|\n|-weather|none\n|upkeep\n|\n|t:|1684113329\n|switch|p1a: Ting-Lu|Ting-Lu, L50|8\/100\n|-ability|p1a: Ting-Lu|Vessel of Ruin\n|turn|6\n|\n|t:|1684113344\n|move|p1b: Chien-Pao|Haze|p1b: Chien-Pao\n|-clearallboost\n|move|p2b: Florges|Dazzling Gleam|p1b: Chien-Pao|[spread] p1a,p1b\n|-supereffective|p1a: Ting-Lu\n|-supereffective|p1b: Chien-Pao\n|-damage|p1a: Ting-Lu|0 fnt\n|-damage|p1b: Chien-Pao|35\/100\n|-enditem|p1b: Chien-Pao|Sitrus Berry|[eat]\n|-heal|p1b: Chien-Pao|60\/100|[from] item: Sitrus Berry\n|faint|p1a: Ting-Lu\n|move|p2a: Wo-Chien|Giga Drain|p1b: Chien-Pao\n|-damage|p1b: Chien-Pao|31\/100\n|\n|upkeep\n|turn|7\n|\n|t:|1684113357\n|move|p1b: Chien-Pao|Ice Spinner|p2b: Florges\n|-crit|p2b: Florges\n|-damage|p2b: Florges|1\/100\n|move|p2b: Florges|Dazzling Gleam|p1b: Chien-Pao\n|-supereffective|p1b: Chien-Pao\n|-damage|p1b: Chien-Pao|0 fnt\n|faint|p1b: Chien-Pao\n|\n|win|DuskDevoir\n|raw|Jortrix's rating: 1154 → 1131<\/strong> (-23 for losing)\n|raw|DuskDevoir's rating: 1186 → 1209<\/strong> (+23 for winning)\n|l|\u2606Jortrix\n","uploadtime":1684113429,"views":14,"p1id":"jortrix","p2id":"duskdevoir","formatid":"gen9vgc2023regulationc","rating":1131,"private":0,"password":""}