{"id":"gen9vgc2023regulationc-1845051450","p1":"fonzee3000","p2":"doctorblubblubs","format":"[Gen 9] VGC 2023 Regulation C","log":"|j|\u2606fonzee3000\n|j|\u2606doctorblubblubs\n|t:|1681678058\n|gametype|doubles\n|player|p1|fonzee3000|brycenman|1158\n|player|p2|doctorblubblubs|battlegirl-gen4|1071\n|teamsize|p1|6\n|teamsize|p2|6\n|gen|9\n|tier|[Gen 9] VGC 2023 Regulation C\n|rated|\n|rule|Species Clause: Limit one of each Pok\u00e9mon\n|rule|Item Clause: Limit one of each item\n|clearpoke\n|poke|p1|Farigiraf, L50, F|\n|poke|p1|Iron Hands, L50|\n|poke|p1|Flutter Mane, L50|\n|poke|p1|Dragonite, L50, M|\n|poke|p1|Torkoal, L50, F|\n|poke|p1|Chien-Pao, L50|\n|poke|p2|Grimmsnarl, L50, M|\n|poke|p2|Sylveon, L50, M|\n|poke|p2|Kingambit, L50, F|\n|poke|p2|Rotom-Wash, L50|\n|poke|p2|Iron Bundle, L50|\n|poke|p2|Skeledirge, L50, M|\n|teampreview|4\n|inactive|Battle timer is ON: inactive players will automatically lose when time's up. (requested by fonzee3000)\n|inactive|fonzee3000 has 60 seconds left.\n|inactive|doctorblubblubs has 60 seconds left.\n|\n|t:|1681678112\n|start\n|switch|p1a: Farigiraf|Farigiraf, L50, F, shiny|100\/100\n|switch|p1b: Torkoal|Torkoal, L50, F, shiny|100\/100\n|switch|p2a: Grimmsnarl|Grimmsnarl, L50, M|100\/100\n|switch|p2b: Skeledirge|Skeledirge, L50, M|100\/100\n|-weather|SunnyDay|[from] ability: Drought|[of] p1b: Torkoal\n|turn|1\n|inactive|doctorblubblubs has 30 seconds left.\n|\n|t:|1681678144\n|move|p2b: Skeledirge|Protect|p2b: Skeledirge\n|-singleturn|p2b: Skeledirge|Protect\n|move|p1b: Torkoal|Protect|p1b: Torkoal\n|-singleturn|p1b: Torkoal|Protect\n|move|p2a: Grimmsnarl|Light Screen|p2a: Grimmsnarl\n|-sidestart|p2: doctorblubblubs|move: Light Screen\n|move|p1a: Farigiraf|Trick Room|p1a: Farigiraf\n|-fieldstart|move: Trick Room|[of] p1a: Farigiraf\n|\n|-weather|SunnyDay|[upkeep]\n|upkeep\n|turn|2\n|\n|t:|1681678166\n|move|p2a: Grimmsnarl|Reflect|p2a: Grimmsnarl\n|-sidestart|p2: doctorblubblubs|Reflect\n|move|p1b: Torkoal|Earth Power|p2b: Skeledirge\n|-supereffective|p2b: Skeledirge\n|-damage|p2b: Skeledirge|65\/100\n|move|p1a: Farigiraf|Psyshock|p2b: Skeledirge\n|-damage|p2b: Skeledirge|49\/100\n|move|p2b: Skeledirge|Torch Song|p1a: Farigiraf\n|-damage|p1a: Farigiraf|45\/100\n|-boost|p2b: Skeledirge|spa|1\n|\n|-weather|SunnyDay|[upkeep]\n|-heal|p2b: Skeledirge|55\/100|[from] item: Leftovers\n|upkeep\n|turn|3\n|inactive|fonzee3000 has 30 seconds left.\n|\n|t:|1681678192\n|-terastallize|p1b: Torkoal|Fire\n|move|p1a: Farigiraf|Protect|p1a: Farigiraf\n|-singleturn|p1a: Farigiraf|Protect\n|move|p2b: Skeledirge|Protect|p2b: Skeledirge\n|-singleturn|p2b: Skeledirge|Protect\n|move|p1b: Torkoal|Eruption|p2b: Skeledirge|[spread] p2a\n|-activate|p2b: Skeledirge|move: Protect\n|-damage|p2a: Grimmsnarl|9\/100\n|move|p2a: Grimmsnarl|Spirit Break|p1a: Farigiraf\n|-activate|p1a: Farigiraf|move: Protect\n|\n|-weather|SunnyDay|[upkeep]\n|-heal|p2b: Skeledirge|61\/100|[from] item: Leftovers\n|upkeep\n|turn|4\n|\n|t:|1681678211\n|move|p1b: Torkoal|Eruption|p2a: Grimmsnarl|[spread] p2a,p2b\n|-crit|p2a: Grimmsnarl\n|-resisted|p2b: Skeledirge\n|-damage|p2a: Grimmsnarl|0 fnt\n|-damage|p2b: Skeledirge|18\/100\n|faint|p2a: Grimmsnarl\n|move|p1a: Farigiraf|Psyshock|p2b: Skeledirge\n|-damage|p2b: Skeledirge|0 fnt\n|faint|p2b: Skeledirge\n|\n|-weather|SunnyDay|[upkeep]\n|upkeep\n|\n|t:|1681678220\n|switch|p2a: Iron Bundle|Iron Bundle, L50|100\/100\n|switch|p2b: Kingambit|Kingambit, L50, F|100\/100\n|-enditem|p2a: Iron Bundle|Booster Energy\n|-activate|p2a: Iron Bundle|ability: Quark Drive|[fromitem]\n|-start|p2a: Iron Bundle|quarkdrivespe\n|turn|5\n|\n|t:|1681678239\n|-terastallize|p2b: Kingambit|Flying\n|move|p1b: Torkoal|Eruption|p2a: Iron Bundle|[spread] p2a,p2b\n|-damage|p2a: Iron Bundle|0 fnt\n|-damage|p2b: Kingambit|29\/100\n|faint|p2a: Iron Bundle\n|-end|p2a: Iron Bundle|Quark Drive|[silent]\n|move|p2b: Kingambit|Iron Head|p1a: Farigiraf\n|-damage|p1a: Farigiraf|5\/100\n|move|p1a: Farigiraf|Hyper Voice|p2b: Kingambit\n|-damage|p2b: Kingambit|7\/100\n|\n|-weather|none\n|-fieldend|move: Trick Room\n|upkeep\n|turn|6\n|-message|doctorblubblubs forfeited.\n|\n|win|fonzee3000\n|raw|fonzee3000's rating: 1158 → 1177<\/strong> (+19 for winning)\n|raw|doctorblubblubs's rating: 1071 → 1055<\/strong> (-16 for losing)\n|l|\u2606doctorblubblubs\n","uploadtime":1681678258,"views":12,"p1id":"fonzee3000","p2id":"doctorblubblubs","formatid":"gen9vgc2023regulationc","rating":1055,"private":0,"password":""}