{"id":"gen9vgc2023regulationc-1855607227","p1":"FuratBang","p2":"thejordanvgc","format":"[Gen 9] VGC 2023 Regulation C","log":"|j|\u2606FuratBang\n|j|\u2606thejordanvgc\n|t:|1682966043\n|gametype|doubles\n|player|p1|FuratBang|crasherwake|\n|player|p2|thejordanvgc|2|\n|teamsize|p1|6\n|teamsize|p2|6\n|gen|9\n|tier|[Gen 9] VGC 2023 Regulation C\n|rule|Species Clause: Limit one of each Pok\u00e9mon\n|rule|Item Clause: Limit one of each item\n|clearpoke\n|poke|p1|Iron Hands, L50|\n|poke|p1|Tauros-Paldea-Blaze, L50, M|\n|poke|p1|Rotom-Wash, L50|\n|poke|p1|Mimikyu, L50, F|\n|poke|p1|Goodra, L50, M|\n|poke|p1|Amoonguss, L50, M|\n|poke|p2|Floatzel, L50, M|\n|poke|p2|Garchomp, L50, M|\n|poke|p2|Toxicroak, L50, M|\n|poke|p2|Grumpig, L50, F|\n|poke|p2|Florges, L50, F|\n|poke|p2|Klefki, L50, M|\n|teampreview|4\n|c|\u2606thejordanvgc|g2\n|c|\u2606thejordanvgc|gl hf\n|\n|t:|1682966668\n|start\n|switch|p1a: Amoonguss|Amoonguss, L50, M|100\/100\n|switch|p1b: Mimikyu|Mimikyu, L50, F|100\/100\n|switch|p2a: Palafin's Cousin|Floatzel, L50, M|100\/100\n|switch|p2b: Gadget|Klefki, L50, M|100\/100\n|turn|1\n|\n|t:|1682966733\n|move|p1a: Amoonguss|Rage Powder|p1a: Amoonguss\n|-singleturn|p1a: Amoonguss|move: Rage Powder\n|move|p2b: Gadget|Imprison|p2b: Gadget\n|-start|p2b: Gadget|move: Imprison\n|move|p2a: Palafin's Cousin|Icy Wind|p1a: Amoonguss|[spread] p1a,p1b\n|-supereffective|p1a: Amoonguss\n|-damage|p1a: Amoonguss|91\/100\n|-activate|p1b: Mimikyu|ability: Disguise\n|-damage|p1b: Mimikyu|100\/100\n|-unboost|p1a: Amoonguss|spe|1\n|-unboost|p1b: Mimikyu|spe|1\n|detailschange|p1b: Mimikyu|Mimikyu-Busted, L50, F\n|-damage|p1b: Mimikyu|88\/100|[from] pokemon: Mimikyu-Busted\n|cant|p1b: Mimikyu|move: Imprison|Trick Room\n|\n|upkeep\n|turn|2\n|\n|t:|1682966797\n|switch|p1b: Iron Hands|Iron Hands, L50|100\/100\n|move|p1a: Amoonguss|Protect|p1a: Amoonguss\n|-singleturn|p1a: Amoonguss|Protect\n|move|p2a: Palafin's Cousin|Taunt|p1a: Amoonguss\n|-activate|p1a: Amoonguss|move: Protect\n|move|p2b: Gadget|Dazzling Gleam|p1b: Iron Hands|[spread] p1b\n|-activate|p1a: Amoonguss|move: Protect\n|-supereffective|p1b: Iron Hands\n|-damage|p1b: Iron Hands|78\/100\n|\n|upkeep\n|turn|3\n|\n|t:|1682966854\n|switch|p2a: Great Chomp|Garchomp, L50, M|100\/100\n|move|p1a: Amoonguss|Rage Powder|p1a: Amoonguss\n|-singleturn|p1a: Amoonguss|move: Rage Powder\n|move|p2b: Gadget|Reflect|p2b: Gadget\n|-sidestart|p2: thejordanvgc|Reflect\n|move|p1b: Iron Hands|Wild Charge|p2a: Great Chomp\n|-immune|p2a: Great Chomp\n|\n|upkeep\n|turn|4\n|c|\u2606FuratBang|i could not change my move so weird\n|c|\u2606thejordanvgc|imprison stuff is weird\n|\n|t:|1682966948\n|-terastallize|p1b: Iron Hands|Grass\n|move|p2a: Great Chomp|Stomping Tantrum|p1b: Iron Hands\n|-resisted|p1b: Iron Hands\n|-damage|p1b: Iron Hands|64\/100\n|move|p2b: Gadget|Dazzling Gleam|p1a: Amoonguss|[spread] p1a,p1b\n|-resisted|p1a: Amoonguss\n|-damage|p1a: Amoonguss|84\/100\n|-damage|p1b: Iron Hands|54\/100\n|move|p1b: Iron Hands|Ice Punch|p2a: Great Chomp\n|-supereffective|p2a: Great Chomp\n|-damage|p2a: Great Chomp|27\/100\n|-damage|p1b: Iron Hands|41\/100|[from] ability: Rough Skin|[of] p2a: Great Chomp\n|move|p1a: Amoonguss|Spore|p2b: Gadget\n|-status|p2b: Gadget|slp|[from] move: Spore\n|\n|upkeep\n|turn|5\n|\n|t:|1682967022\n|-end|p1b: Iron Hands|Quark Drive|[silent]\n|switch|p1b: Mimikyu|Mimikyu-Busted, L50, F|88\/100\n|move|p2a: Great Chomp|Protect|p2a: Great Chomp\n|-singleturn|p2a: Great Chomp|Protect\n|cant|p2b: Gadget|slp\n|move|p1a: Amoonguss|Spore|p2a: Great Chomp\n|-activate|p2a: Great Chomp|move: Protect\n|\n|upkeep\n|turn|6\n|c|\u2606FuratBang|in normal game you can see what is imprisoned\n|\n|t:|1682967076\n|move|p1a: Amoonguss|Rage Powder|p1a: Amoonguss\n|-singleturn|p1a: Amoonguss|move: Rage Powder\n|move|p2a: Great Chomp|Stomping Tantrum|p1b: Mimikyu\n|-damage|p1b: Mimikyu|36\/100\n|move|p1b: Mimikyu|Play Rough|p2a: Great Chomp\n|-supereffective|p2a: Great Chomp\n|-damage|p2a: Great Chomp|0 fnt\n|-damage|p1b: Mimikyu|24\/100|[from] ability: Rough Skin|[of] p2a: Great Chomp\n|faint|p2a: Great Chomp\n|-curestatus|p2b: Gadget|slp|[msg]\n|move|p2b: Gadget|Dazzling Gleam|p1b: Mimikyu|[spread] p1a,p1b\n|-resisted|p1a: Amoonguss\n|-damage|p1a: Amoonguss|77\/100\n|-damage|p1b: Mimikyu|5\/100\n|\n|upkeep\n|\n|t:|1682967101\n|switch|p2a: Flizzy J|Florges, L50, F|100\/100\n|turn|7\n|\n|t:|1682967167\n|switch|p1b: Iron Hands|Iron Hands, L50, tera:Grass|41\/100\n|-terastallize|p2a: Flizzy J|Grass\n|move|p2a: Flizzy J|Psychic|p1a: Amoonguss\n|-supereffective|p1a: Amoonguss\n|-damage|p1a: Amoonguss|23\/100\n|-damage|p2a: Flizzy J|91\/100|[from] item: Life Orb\n|move|p2b: Gadget|Dazzling Gleam|p1b: Iron Hands|[spread] p1a,p1b\n|-resisted|p1a: Amoonguss\n|-damage|p1a: Amoonguss|17\/100\n|-damage|p1b: Iron Hands|31\/100\n|move|p1a: Amoonguss|Spore|p2a: Flizzy J\n|-immune|p2a: Flizzy J\n|\n|-sideend|p2: thejordanvgc|Reflect\n|upkeep\n|turn|8\n|\n|t:|1682967234\n|switch|p1a: Goodra|Goodra, L50, M|100\/100\n|move|p2a: Flizzy J|Protect|p2a: Flizzy J\n|-singleturn|p2a: Flizzy J|Protect\n|move|p2b: Gadget|Dazzling Gleam|p1a: Goodra|[spread] p1a,p1b\n|-supereffective|p1a: Goodra\n|-damage|p1a: Goodra|78\/100\n|-damage|p1b: Iron Hands|21\/100\n|move|p1b: Iron Hands|Drain Punch|p2a: Flizzy J\n|-activate|p2a: Flizzy J|move: Protect\n|\n|-heal|p1a: Goodra|84\/100|[from] item: Leftovers\n|upkeep\n|turn|9\n|\n|t:|1682967326\n|-end|p1b: Iron Hands|Quark Drive|[silent]\n|switch|p1b: Mimikyu|Mimikyu-Busted, L50, F|5\/100\n|move|p2a: Flizzy J|Dazzling Gleam|p1b: Mimikyu|[spread] p1a,p1b\n|-supereffective|p1a: Goodra\n|-damage|p1a: Goodra|32\/100\n|-damage|p1b: Mimikyu|0 fnt\n|faint|p1b: Mimikyu\n|-damage|p2a: Flizzy J|81\/100|[from] item: Life Orb\n|move|p2b: Gadget|Dazzling Gleam|p1a: Goodra\n|-supereffective|p1a: Goodra\n|-damage|p1a: Goodra|0 fnt\n|faint|p1a: Goodra\n|\n|upkeep\n|\n|t:|1682967338\n|switch|p1b: Amoonguss|Amoonguss, L50, M|50\/100\n|switch|p1a: Iron Hands|Iron Hands, L50, tera:Grass|21\/100\n|turn|10\n|\n|t:|1682967399\n|move|p1a: Iron Hands|Fake Out|p2a: Flizzy J\n|-damage|p2a: Flizzy J|58\/100\n|cant|p2a: Flizzy J|flinch\n|move|p2b: Gadget|Dazzling Gleam|p1b: Amoonguss|[spread] p1a,p1b\n|-resisted|p1b: Amoonguss\n|-damage|p1a: Iron Hands|9\/100\n|-damage|p1b: Amoonguss|44\/100\n|move|p1b: Amoonguss|Pollen Puff|p1a: Iron Hands\n|-heal|p1a: Iron Hands|59\/100\n|\n|upkeep\n|turn|11\n|\n|t:|1682967458\n|move|p1b: Amoonguss|Protect|p1b: Amoonguss\n|-singleturn|p1b: Amoonguss|Protect\n|move|p2b: Gadget|Reflect|p2b: Gadget\n|-sidestart|p2: thejordanvgc|Reflect\n|move|p2a: Flizzy J|Psychic|p1b: Amoonguss\n|-activate|p1b: Amoonguss|move: Protect\n|move|p1a: Iron Hands|Drain Punch|p2a: Flizzy J\n|-damage|p2a: Flizzy J|12\/100\n|-heal|p1a: Iron Hands|74\/100|[from] drain|[of] p2a: Flizzy J\n|\n|upkeep\n|turn|12\n|\n|t:|1682967503\n|move|p1b: Amoonguss|Protect||[still]\n|-fail|p1b: Amoonguss\n|move|p2a: Flizzy J|Psychic|p1b: Amoonguss\n|-supereffective|p1b: Amoonguss\n|-damage|p1b: Amoonguss|0 fnt\n|faint|p1b: Amoonguss\n|-damage|p2a: Flizzy J|2\/100|[from] item: Life Orb\n|move|p2b: Gadget|Dazzling Gleam|p1a: Iron Hands\n|-damage|p1a: Iron Hands|60\/100\n|move|p1a: Iron Hands|Drain Punch|p2a: Flizzy J\n|-damage|p2a: Flizzy J|0 fnt\n|-heal|p1a: Iron Hands|61\/100|[from] drain|[of] p2a: Flizzy J\n|faint|p2a: Flizzy J\n|\n|upkeep\n|\n|t:|1682967513\n|switch|p2a: Palafin's Cousin|Floatzel, L50, M|100\/100\n|turn|13\n|\n|t:|1682967557\n|move|p2a: Palafin's Cousin|Ice Spinner|p1a: Iron Hands\n|-supereffective|p1a: Iron Hands\n|-damage|p1a: Iron Hands|31\/100\n|move|p2b: Gadget|Dazzling Gleam|p1a: Iron Hands\n|-damage|p1a: Iron Hands|15\/100\n|move|p1a: Iron Hands|Wild Charge|p2a: Palafin's Cousin\n|-supereffective|p2a: Palafin's Cousin\n|-damage|p2a: Palafin's Cousin|0 fnt\n|faint|p2a: Palafin's Cousin\n|-damage|p1a: Iron Hands|0 fnt|[from] Recoil\n|faint|p1a: Iron Hands\n|-end|p1a: Iron Hands|Quark Drive|[silent]\n|\n|win|thejordanvgc\n|c|\u2606FuratBang|ggs\n|c|\u2606thejordanvgc|ggs\n|c|\u2606FuratBang|maaan i should have ice punched thought drain punch gonna be enough\n|c|\u2606thejordanvgc|it was quite close, I understand your decision\n","uploadtime":1682967596,"views":26,"p1id":"furatbang","p2id":"thejordanvgc","formatid":"gen9vgc2023regulationc","rating":0,"private":0,"password":""}