{"id":"gen9vgc2023regulationc-1847026342","p1":"ACavalDonato1","p2":"GoldiVGC","format":"[Gen 9] VGC 2023 Regulation C","log":"|j|\u2606ACavalDonato1\n|j|\u2606GoldiVGC\n|t:|1681912856\n|gametype|doubles\n|player|p1|ACavalDonato1|1|1296\n|player|p2|GoldiVGC|170|1354\n|teamsize|p1|6\n|teamsize|p2|6\n|gen|9\n|tier|[Gen 9] VGC 2023 Regulation C\n|rated|\n|rule|Species Clause: Limit one of each Pok\u00e9mon\n|rule|Item Clause: Limit one of each item\n|clearpoke\n|poke|p1|Palafin, L50, F|\n|poke|p1|Chien-Pao, L50|\n|poke|p1|Dragapult, L50, F|\n|poke|p1|Amoonguss, L50, M|\n|poke|p1|Arcanine, L50, F|\n|poke|p1|Flutter Mane, L50|\n|poke|p2|Palafin, L50, F|\n|poke|p2|Gholdengo, L50|\n|poke|p2|Chien-Pao, L50|\n|poke|p2|Dragonite, L50, M|\n|poke|p2|Arcanine, L50, M|\n|poke|p2|Amoonguss, L50, F|\n|teampreview|4\n|inactive|Battle timer is ON: inactive players will automatically lose when time's up. (requested by GoldiVGC)\n|inactive|ACavalDonato1 has 60 seconds left.\n|inactive|ACavalDonato1 has 30 seconds left.\n|inactive|ACavalDonato1 has 20 seconds left.\n|inactive|ACavalDonato1 has 15 seconds left.\n|inactive|ACavalDonato1 has 10 seconds left.\n|\n|t:|1681912947\n|start\n|switch|p1a: Dozo|Palafin, L50, F|100\/100\n|switch|p1b: Bundle|Chien-Pao, L50|100\/100\n|switch|p2a: Palafin|Palafin, L50, F|100\/100\n|switch|p2b: Chien-Pao|Chien-Pao, L50|100\/100\n|-ability|p2b: Chien-Pao|Sword of Ruin\n|-ability|p1b: Bundle|Sword of Ruin\n|turn|1\n|\n|t:|1681912967\n|switch|p2b: Arcanine|Arcanine, L50, M|100\/100\n|-ability|p2b: Arcanine|Intimidate|boost\n|-unboost|p1a: Dozo|atk|1\n|-unboost|p1b: Bundle|atk|1\n|detailschange|p1a: Dozo|Palafin-Hero, L50, F\n|switch|p1a: ChiYu|Arcanine, L50, F|100\/100\n|-ability|p1a: ChiYu|Intimidate|boost\n|-unboost|p2a: Palafin|atk|1\n|-unboost|p2b: Arcanine|atk|1\n|move|p1b: Bundle|Sacred Sword|p2b: Arcanine\n|-damage|p2b: Arcanine|70\/100\n|move|p2a: Palafin|Wave Crash|p1a: ChiYu\n|-supereffective|p1a: ChiYu\n|-damage|p1a: ChiYu|0 fnt\n|faint|p1a: ChiYu\n|-damage|p2a: Palafin|69\/100|[from] Recoil\n|\n|upkeep\n|\n|t:|1681912986\n|switch|p1a: Mimi|Flutter Mane, L50|100\/100\n|-enditem|p1a: Mimi|Booster Energy\n|-activate|p1a: Mimi|ability: Protosynthesis|[fromitem]\n|-start|p1a: Mimi|protosynthesisspa\n|turn|2\n|inactive|ACavalDonato1 has 30 seconds left.\n|inactive|GoldiVGC has 30 seconds left.\n|\n|t:|1681913015\n|detailschange|p2a: Palafin|Palafin-Hero, L50, F\n|switch|p2a: Amoonguss|Amoonguss, L50, F|100\/100\n|move|p2b: Arcanine|Extreme Speed|p1b: Bundle\n|-damage|p1b: Bundle|79\/100\n|move|p1b: Bundle|Sacred Sword|p2b: Arcanine\n|-damage|p2b: Arcanine|39\/100\n|move|p1a: Mimi|Moonblast|p2a: Amoonguss\n|-resisted|p2a: Amoonguss\n|-damage|p2a: Amoonguss|73\/100\n|\n|upkeep\n|turn|3\n|inactive|GoldiVGC has 30 seconds left.\n|inactive|GoldiVGC has 20 seconds left.\n|inactive|GoldiVGC has 15 seconds left.\n|inactive|GoldiVGC has 10 seconds left.\n|inactive|GoldiVGC has 5 seconds left.\n|\n|t:|1681913066\n|switch|p2a: Palafin|Palafin-Hero, L50, F|69\/100\n|-activate|p2a: Palafin|ability: Zero to Hero\n|move|p2b: Arcanine|Protect|p2b: Arcanine\n|-singleturn|p2b: Arcanine|Protect\n|move|p1b: Bundle|Ice Spinner|p2a: Palafin\n|-resisted|p2a: Palafin\n|-damage|p2a: Palafin|53\/100\n|move|p1a: Mimi|Shadow Ball|p2b: Arcanine\n|-activate|p2b: Arcanine|move: Protect\n|\n|upkeep\n|turn|4\n|\n|t:|1681913089\n|switch|p2b: Amoonguss|Amoonguss, L50, F|100\/100\n|move|p2a: Palafin|Protect|p2a: Palafin\n|-singleturn|p2a: Palafin|Protect\n|move|p1b: Bundle|Sacred Sword|p2b: Amoonguss\n|-resisted|p2b: Amoonguss\n|-damage|p2b: Amoonguss|90\/100\n|move|p1a: Mimi|Moonblast|p2a: Palafin\n|-activate|p2a: Palafin|move: Protect\n|\n|upkeep\n|turn|5\n|\n|t:|1681913106\n|switch|p2b: Arcanine|Arcanine, L50, M|39\/100\n|-ability|p2b: Arcanine|Intimidate|boost\n|-unboost|p1a: Mimi|atk|1\n|-unboost|p1b: Bundle|atk|1\n|-terastallize|p2a: Palafin|Water\n|move|p2a: Palafin|Jet Punch|p1a: Mimi\n|-damage|p1a: Mimi|0 fnt\n|faint|p1a: Mimi\n|-end|p1a: Mimi|Protosynthesis|[silent]\n|move|p1b: Bundle|Ice Spinner|p2b: Arcanine\n|-resisted|p2b: Arcanine\n|-damage|p2b: Arcanine|26\/100\n|\n|upkeep\n|-message|ACavalDonato1 forfeited.\n|\n|win|GoldiVGC\n|raw|ACavalDonato1's rating: 1296 → 1275<\/strong> (-21 for losing)\n|raw|GoldiVGC's rating: 1354 → 1371<\/strong> (+17 for winning)\n|l|\u2606ACavalDonato1\n","uploadtime":1681913123,"views":15,"p1id":"acavaldonato1","p2id":"goldivgc","formatid":"gen9vgc2023regulationc","rating":1275,"private":0,"password":""}