{"id":"gen9vgc2023regulationc-1847427920","p1":"Tsutox","p2":"usuarionuevo12","format":"[Gen 9] VGC 2023 Regulation C","log":"|j|\u2606Tsutox\n|j|\u2606usuarionuevo12\n|t:|1681953895\n|gametype|doubles\n|player|p1|Tsutox|janine|1078\n|player|p2|usuarionuevo12|cyclistf|1102\n|teamsize|p1|6\n|teamsize|p2|6\n|gen|9\n|tier|[Gen 9] VGC 2023 Regulation C\n|rated|\n|rule|Species Clause: Limit one of each Pok\u00e9mon\n|rule|Item Clause: Limit one of each item\n|clearpoke\n|poke|p1|Gallade, L50, M|\n|poke|p1|Volcarona, L50, F|\n|poke|p1|Flutter Mane, L50|\n|poke|p1|Ting-Lu, L50|\n|poke|p1|Gyarados, L50, M|\n|poke|p1|Gholdengo, L50|\n|poke|p2|Flutter Mane, L50|\n|poke|p2|Glimmora, L50, M|\n|poke|p2|Wo-Chien, L50|\n|poke|p2|Gastrodon, L50, F|\n|poke|p2|Rotom-Heat, L50|\n|poke|p2|Corviknight, L50, F|\n|teampreview|4\n|inactive|Battle timer is ON: inactive players will automatically lose when time's up. (requested by usuarionuevo12)\n|inactive|Tsutox has 60 seconds left.\n|inactive|usuarionuevo12 has 60 seconds left.\n|\n|t:|1681953941\n|start\n|switch|p1a: Volcarona|Volcarona, L50, F, shiny|100\/100\n|switch|p1b: Gholdengo|Gholdengo, L50|100\/100\n|switch|p2a: Corviknight|Corviknight, L50, F|100\/100\n|switch|p2b: Rotom|Rotom-Heat, L50|100\/100\n|turn|1\n|inactive|usuarionuevo12 has 30 seconds left.\n|inactive|usuarionuevo12 has 20 seconds left.\n|\n|t:|1681953979\n|-terastallize|p2a: Corviknight|Fire\n|move|p1b: Gholdengo|Protect|p1b: Gholdengo\n|-singleturn|p1b: Gholdengo|Protect\n|move|p1a: Volcarona|Tailwind|p1a: Volcarona\n|-sidestart|p1: Tsutox|move: Tailwind\n|move|p2b: Rotom|Overheat|p1b: Gholdengo\n|-activate|p1b: Gholdengo|move: Protect\n|move|p2a: Corviknight|Brave Bird|p1a: Volcarona\n|-supereffective|p1a: Volcarona\n|-crit|p1a: Volcarona\n|-damage|p1a: Volcarona|0 fnt\n|faint|p1a: Volcarona\n|-damage|p2a: Corviknight|70\/100|[from] Recoil\n|\n|upkeep\n|\n|t:|1681953994\n|switch|p1a: Gallade|Gallade, L50, M, shiny|100\/100\n|turn|2\n|inactive|usuarionuevo12 has 30 seconds left.\n|\n|t:|1681954029\n|move|p1b: Gholdengo|Shadow Ball|p2b: Rotom\n|-damage|p2b: Rotom|53\/100\n|move|p1a: Gallade|Sacred Sword|p2b: Rotom\n|-damage|p2b: Rotom|0 fnt\n|faint|p2b: Rotom\n|move|p2a: Corviknight|Tailwind|p2a: Corviknight\n|-sidestart|p2: usuarionuevo12|move: Tailwind\n|\n|upkeep\n|\n|t:|1681954040\n|switch|p2b: Flutter Mane|Flutter Mane, L50, shiny|100\/100\n|-enditem|p2b: Flutter Mane|Booster Energy\n|-activate|p2b: Flutter Mane|ability: Protosynthesis|[fromitem]\n|-start|p2b: Flutter Mane|protosynthesisspa\n|turn|3\n|\n|t:|1681954058\n|-terastallize|p1a: Gallade|Ghost\n|move|p2b: Flutter Mane|Protect|p2b: Flutter Mane\n|-singleturn|p2b: Flutter Mane|Protect\n|move|p1a: Gallade|Shadow Sneak|p2b: Flutter Mane\n|-activate|p2b: Flutter Mane|move: Protect\n|move|p1b: Gholdengo|Make It Rain|p2a: Corviknight|[spread] p2a\n|-activate|p2b: Flutter Mane|move: Protect\n|-resisted|p2a: Corviknight\n|-damage|p2a: Corviknight|44\/100\n|-unboost|p1b: Gholdengo|spa|1\n|move|p2a: Corviknight|Brave Bird|p1a: Gallade\n|-damage|p1a: Gallade|31\/100\n|-damage|p2a: Corviknight|28\/100|[from] Recoil\n|\n|upkeep\n|turn|4\n|\n|t:|1681954081\n|move|p1a: Gallade|Shadow Sneak|p2b: Flutter Mane\n|-supereffective|p2b: Flutter Mane\n|-damage|p2b: Flutter Mane|28\/100\n|move|p2b: Flutter Mane|Dazzling Gleam|p1b: Gholdengo|[spread] p1a,p1b\n|-resisted|p1b: Gholdengo\n|-damage|p1a: Gallade|0 fnt\n|-damage|p1b: Gholdengo|78\/100\n|faint|p1a: Gallade\n|move|p1b: Gholdengo|Nasty Plot|p1b: Gholdengo\n|-boost|p1b: Gholdengo|spa|2\n|move|p2a: Corviknight|Roost|p2a: Corviknight\n|-heal|p2a: Corviknight|79\/100\n|\n|-sideend|p1: Tsutox|move: Tailwind\n|upkeep\n|\n|t:|1681954087\n|switch|p1a: Gyarados|Gyarados, L50, M, shiny|100\/100\n|-ability|p1a: Gyarados|Intimidate|boost\n|-ability|p2a: Corviknight|Mirror Armor\n|-unboost|p1a: Gyarados|atk|1\n|-unboost|p2b: Flutter Mane|atk|1\n|turn|5\n|\n|t:|1681954102\n|switch|p2a: Gastrodon|Gastrodon, L50, F, shiny|100\/100\n|move|p2b: Flutter Mane|Protect|p2b: Flutter Mane\n|-singleturn|p2b: Flutter Mane|Protect\n|move|p1b: Gholdengo|Protect|p1b: Gholdengo\n|-singleturn|p1b: Gholdengo|Protect\n|move|p1a: Gyarados|Dragon Dance|p1a: Gyarados\n|-boost|p1a: Gyarados|atk|1\n|-boost|p1a: Gyarados|spe|1\n|\n|-sideend|p2: usuarionuevo12|move: Tailwind\n|upkeep\n|turn|6\n|\n|t:|1681954124\n|move|p2b: Flutter Mane|Shadow Ball|p1b: Gholdengo\n|-supereffective|p1b: Gholdengo\n|-damage|p1b: Gholdengo|0 fnt\n|faint|p1b: Gholdengo\n|move|p1a: Gyarados|Dragon Dance|p1a: Gyarados\n|-boost|p1a: Gyarados|atk|1\n|-boost|p1a: Gyarados|spe|1\n|move|p2a: Gastrodon|Earth Power|p1a: Gyarados\n|-immune|p1a: Gyarados\n|\n|upkeep\n|turn|7\n|\n|t:|1681954141\n|move|p2b: Flutter Mane|Protect|p2b: Flutter Mane\n|-singleturn|p2b: Flutter Mane|Protect\n|move|p1a: Gyarados|Tera Blast|p2a: Gastrodon\n|-damage|p2a: Gastrodon|90\/100\n|move|p2a: Gastrodon|Ice Beam|p1a: Gyarados\n|-damage|p1a: Gyarados|79\/100\n|\n|-heal|p2a: Gastrodon|97\/100|[from] item: Leftovers\n|upkeep\n|turn|8\n|\n|t:|1681954151\n|move|p1a: Gyarados|Waterfall|p2a: Gastrodon\n|-activate|p2a: Gastrodon|ability: Storm Drain\n|-ability|p2a: Gastrodon|Storm Drain|boost\n|-boost|p2a: Gastrodon|spa|1\n|move|p2b: Flutter Mane|Moonblast|p1a: Gyarados\n|-damage|p1a: Gyarados|25\/100\n|move|p2a: Gastrodon|Ice Beam|p1a: Gyarados\n|-damage|p1a: Gyarados|0 fnt\n|faint|p1a: Gyarados\n|\n|win|usuarionuevo12\n|raw|Tsutox's rating: 1078 → 1058<\/strong> (-20 for losing)\n|raw|usuarionuevo12's rating: 1102 → 1125<\/strong> (+23 for winning)\n|l|\u2606Tsutox\n","uploadtime":1681954162,"views":9,"p1id":"tsutox","p2id":"usuarionuevo12","formatid":"gen9vgc2023regulationc","rating":1058,"private":0,"password":""}