{"id":"gen9vgc2023regulationc-1847579535","p1":"pietrino22","p2":"R3d_VGC","format":"[Gen 9] VGC 2023 Regulation C","log":"|j|\u2606pietrino22\n|j|\u2606R3d_VGC\n|t:|1681976728\n|gametype|doubles\n|player|p1|pietrino22|101|1297\n|player|p2|R3d_VGC|2|1253\n|teamsize|p1|6\n|teamsize|p2|6\n|gen|9\n|tier|[Gen 9] VGC 2023 Regulation C\n|rated|\n|rule|Species Clause: Limit one of each Pok\u00e9mon\n|rule|Item Clause: Limit one of each item\n|clearpoke\n|poke|p1|Volcarona, L50, F|\n|poke|p1|Gyarados, L50, M|\n|poke|p1|Dragapult, L50, M|\n|poke|p1|Ting-Lu, L50|\n|poke|p1|Gholdengo, L50|\n|poke|p1|Amoonguss, L50, M|\n|poke|p2|Ting-Lu, L50|\n|poke|p2|Palafin, L50, F|\n|poke|p2|Arcanine, L50, F|\n|poke|p2|Chien-Pao, L50|\n|poke|p2|Gholdengo, L50|\n|poke|p2|Amoonguss, L50, F|\n|teampreview|4\n|inactive|Battle timer is ON: inactive players will automatically lose when time's up. (requested by R3d_VGC)\n|\n|t:|1681976780\n|start\n|switch|p1a: Volcarona|Volcarona, L50, F|100\/100\n|switch|p1b: Dragapult|Dragapult, L50, M|100\/100\n|switch|p2a: Gholdengo|Gholdengo, L50|100\/100\n|switch|p2b: Amoonguss|Amoonguss, L50, F|100\/100\n|turn|1\n|\n|t:|1681976798\n|move|p2a: Gholdengo|Protect|p2a: Gholdengo\n|-singleturn|p2a: Gholdengo|Protect\n|move|p1b: Dragapult|U-turn|p2a: Gholdengo\n|-activate|p2a: Gholdengo|move: Protect\n|move|p1a: Volcarona|Heat Wave|p2b: Amoonguss|[spread] p2b\n|-activate|p2a: Gholdengo|move: Protect\n|-supereffective|p2b: Amoonguss\n|-damage|p2b: Amoonguss|40\/100\n|move|p2b: Amoonguss|Spore|p1a: Volcarona\n|-activate|p1a: Volcarona|item: Safety Goggles|Spore\n|\n|upkeep\n|turn|2\n|\n|t:|1681976814\n|switch|p2b: Arcanine|Arcanine, L50, F|100\/100\n|-ability|p2b: Arcanine|Intimidate|boost\n|-unboost|p1a: Volcarona|atk|1\n|-fail|p1b: Dragapult|unboost|[from] ability: Clear Body|[of] p1b: Dragapult\n|-terastallize|p2a: Gholdengo|Flying\n|move|p1b: Dragapult|U-turn|p2a: Gholdengo\n|-resisted|p2a: Gholdengo\n|-damage|p2a: Gholdengo|83\/100\n|\n|t:|1681976826\n|switch|p1b: Gyarados|Gyarados, L50, M|100\/100|[from] U-turn\n|-ability|p1b: Gyarados|Intimidate|boost\n|-unboost|p2a: Gholdengo|atk|1\n|-unboost|p2b: Arcanine|atk|1\n|move|p1a: Volcarona|Heat Wave|p2b: Arcanine|[spread] p2b\n|-miss|p1a: Volcarona|p2a: Gholdengo\n|-resisted|p2b: Arcanine\n|-damage|p2b: Arcanine|82\/100\n|move|p2a: Gholdengo|Nasty Plot|p2a: Gholdengo\n|-boost|p2a: Gholdengo|spa|2\n|\n|-heal|p2a: Gholdengo|90\/100|[from] item: Leftovers\n|upkeep\n|turn|3\n|inactive|pietrino22 has 30 seconds left.\n|\n|t:|1681976854\n|move|p2b: Arcanine|Will-O-Wisp|p1b: Gyarados\n|-status|p1b: Gyarados|brn\n|move|p1b: Gyarados|Waterfall|p2a: Gholdengo\n|-damage|p2a: Gholdengo|73\/100\n|move|p1a: Volcarona|Quiver Dance|p1a: Volcarona\n|-boost|p1a: Volcarona|spa|1\n|-boost|p1a: Volcarona|spd|1\n|-boost|p1a: Volcarona|spe|1\n|move|p2a: Gholdengo|Shadow Ball|p1b: Gyarados\n|-damage|p1b: Gyarados|6\/100 brn\n|-enditem|p1b: Gyarados|Sitrus Berry|[eat]\n|-heal|p1b: Gyarados|31\/100 brn|[from] item: Sitrus Berry\n|\n|-heal|p2a: Gholdengo|79\/100|[from] item: Leftovers\n|-damage|p1b: Gyarados|25\/100 brn|[from] brn\n|upkeep\n|turn|4\n|inactive|pietrino22 has 30 seconds left.\n|\n|t:|1681976884\n|move|p2a: Gholdengo|Protect|p2a: Gholdengo\n|-singleturn|p2a: Gholdengo|Protect\n|move|p1a: Volcarona|Heat Wave|p2a: Gholdengo|[spread] \n|-activate|p2a: Gholdengo|move: Protect\n|-miss|p1a: Volcarona|p2b: Arcanine\n|move|p2b: Arcanine|Snarl|p1a: Volcarona|[spread] p1a,p1b\n|-damage|p1a: Volcarona|95\/100\n|-damage|p1b: Gyarados|17\/100 brn\n|-unboost|p1a: Volcarona|spa|1\n|-unboost|p1b: Gyarados|spa|1\n|move|p1b: Gyarados|Waterfall|p2b: Arcanine\n|-supereffective|p2b: Arcanine\n|-damage|p2b: Arcanine|40\/100\n|-enditem|p2b: Arcanine|Sitrus Berry|[eat]\n|-heal|p2b: Arcanine|65\/100|[from] item: Sitrus Berry\n|\n|-heal|p2a: Gholdengo|85\/100|[from] item: Leftovers\n|-damage|p1b: Gyarados|11\/100 brn|[from] brn\n|upkeep\n|turn|5\n|\n|t:|1681976906\n|move|p2b: Arcanine|Extreme Speed|p1a: Volcarona\n|-damage|p1a: Volcarona|79\/100\n|move|p1a: Volcarona|Quiver Dance|p1a: Volcarona\n|-boost|p1a: Volcarona|spa|1\n|-boost|p1a: Volcarona|spd|1\n|-boost|p1a: Volcarona|spe|1\n|move|p1b: Gyarados|Waterfall|p2a: Gholdengo\n|-damage|p2a: Gholdengo|66\/100\n|cant|p2a: Gholdengo|flinch\n|\n|-heal|p2a: Gholdengo|73\/100|[from] item: Leftovers\n|-damage|p1b: Gyarados|5\/100 brn|[from] brn\n|upkeep\n|turn|6\n|\n|t:|1681976924\n|move|p1a: Volcarona|Heat Wave|p2b: Arcanine|[spread] p2a,p2b\n|-resisted|p2b: Arcanine\n|-damage|p2a: Gholdengo|17\/100\n|-damage|p2b: Arcanine|37\/100\n|move|p2b: Arcanine|Flare Blitz|p1a: Volcarona\n|-damage|p1a: Volcarona|39\/100\n|-damage|p2b: Arcanine|23\/100|[from] Recoil\n|move|p1b: Gyarados|Waterfall|p2b: Arcanine\n|-supereffective|p2b: Arcanine\n|-damage|p2b: Arcanine|0 fnt\n|faint|p2b: Arcanine\n|move|p2a: Gholdengo|Shadow Ball|p1a: Volcarona\n|-damage|p1a: Volcarona|0 fnt\n|faint|p1a: Volcarona\n|\n|-heal|p2a: Gholdengo|23\/100|[from] item: Leftovers\n|-damage|p1b: Gyarados|0 fnt|[from] brn\n|faint|p1b: Gyarados\n|upkeep\n|\n|t:|1681976940\n|switch|p2b: Amoonguss|Amoonguss, L50, F|40\/100\n|switch|p1b: Dragapult|Dragapult, L50, M|100\/100\n|switch|p1a: Amoonguss|Amoonguss, L50, M|100\/100\n|turn|7\n|inactive|pietrino22 has 30 seconds left.\n|\n|t:|1681976974\n|move|p2b: Amoonguss|Rage Powder|p2b: Amoonguss\n|-singleturn|p2b: Amoonguss|move: Rage Powder\n|move|p1b: Dragapult|Dragon Darts|p2b: Amoonguss\n|-damage|p2b: Amoonguss|10\/100\n|-anim|p1b: Dragapult|Dragon Darts|p2b: Amoonguss\n|-damage|p2b: Amoonguss|0 fnt\n|faint|p2b: Amoonguss\n|move|p2a: Gholdengo|Make It Rain|p1b: Dragapult|[spread] p1a,p1b\n|-damage|p1a: Amoonguss|15\/100\n|-damage|p1b: Dragapult|0 fnt\n|-unboost|p2a: Gholdengo|spa|1\n|faint|p1b: Dragapult\n|move|p1a: Amoonguss|Pollen Puff|p1: Dragapult|[notarget]\n|-fail|p1a: Amoonguss\n|\n|-heal|p2a: Gholdengo|29\/100|[from] item: Leftovers\n|upkeep\n|\n|t:|1681976978\n|switch|p2b: Chien-Pao|Chien-Pao, L50|100\/100\n|-ability|p2b: Chien-Pao|Sword of Ruin\n|turn|8\n|-message|pietrino22 forfeited.\n|\n|win|R3d_VGC\n|raw|pietrino22's rating: 1297 → 1269<\/strong> (-28 for losing)\n|raw|R3d_VGC's rating: 1253 → 1281<\/strong> (+28 for winning)\n|l|\u2606pietrino22\n|c|\u2606R3d_VGC|gg\n","uploadtime":1681976999,"views":8,"p1id":"pietrino22","p2id":"r3dvgc","formatid":"gen9vgc2023regulationc","rating":1269,"private":0,"password":""}