{"id":"gen9vgc2023regulationc-1853180026","p1":"Alexis_student","p2":"TiptopFlipflop","format":"[Gen 9] VGC 2023 Regulation C","log":"|j|\u2606Alexis_student\n|j|\u2606TiptopFlipflop\n|t:|1682645052\n|gametype|doubles\n|player|p1|Alexis_student|265|1060\n|player|p2|TiptopFlipflop|swimmer-gen4dp|1125\n|teamsize|p1|6\n|teamsize|p2|6\n|gen|9\n|tier|[Gen 9] VGC 2023 Regulation C\n|rated|\n|rule|Species Clause: Limit one of each Pok\u00e9mon\n|rule|Item Clause: Limit one of each item\n|clearpoke\n|poke|p1|Grimmsnarl, L50, M|\n|poke|p1|Gholdengo, L50|\n|poke|p1|Flutter Mane, L50|\n|poke|p1|Amoonguss, L50, F|\n|poke|p1|Iron Bundle, L50|\n|poke|p1|Chi-Yu, L50|\n|poke|p2|Skeledirge, L50, F|\n|poke|p2|Luxray, L50, F|\n|poke|p2|Farigiraf, L50, F|\n|poke|p2|Froslass, L50, F|\n|poke|p2|Tinkaton, L50, F|\n|poke|p2|Stantler, L50, M|\n|teampreview|4\n|\n|t:|1682645093\n|start\n|switch|p1a: Grimmsnarl|Grimmsnarl, L50, M|100\/100\n|switch|p1b: Chi-Yu|Chi-Yu, L50|100\/100\n|switch|p2a: Tinkaton|Tinkaton, L50, F|100\/100\n|switch|p2b: Froslass|Froslass, L50, F|100\/100\n|-ability|p1b: Chi-Yu|Beads of Ruin\n|-ability|p2a: Tinkaton|Mold Breaker\n|turn|1\n|\n|t:|1682645132\n|move|p1a: Grimmsnarl|Reflect|p1a: Grimmsnarl\n|-sidestart|p1: Alexis_student|Reflect\n|move|p2b: Froslass|Taunt|p1b: Chi-Yu\n|-start|p1b: Chi-Yu|move: Taunt\n|move|p1b: Chi-Yu|Heat Wave|p2b: Froslass|[spread] p2a,p2b\n|-supereffective|p2a: Tinkaton\n|-supereffective|p2b: Froslass\n|-damage|p2a: Tinkaton|37\/100\n|-enditem|p2b: Froslass|Focus Sash\n|-damage|p2b: Froslass|1\/100\n|-status|p2a: Tinkaton|brn\n|move|p2a: Tinkaton|Gigaton Hammer|p1a: Grimmsnarl\n|-supereffective|p1a: Grimmsnarl\n|-damage|p1a: Grimmsnarl|50\/100\n|\n|-damage|p2a: Tinkaton|31\/100 brn|[from] brn\n|upkeep\n|turn|2\n|\n|t:|1682645155\n|move|p1a: Grimmsnarl|Light Screen|p1a: Grimmsnarl\n|-sidestart|p1: Alexis_student|move: Light Screen\n|move|p2b: Froslass|Destiny Bond|p2b: Froslass\n|-singlemove|p2b: Froslass|Destiny Bond\n|move|p1b: Chi-Yu|Heat Wave|p2b: Froslass|[spread] p2a,p2b\n|-supereffective|p2a: Tinkaton\n|-supereffective|p2b: Froslass\n|-damage|p2a: Tinkaton|0 fnt\n|-damage|p2b: Froslass|0 fnt\n|faint|p2a: Tinkaton\n|faint|p2b: Froslass\n|-activate|p2b: Froslass|move: Destiny Bond\n|faint|p1b: Chi-Yu\n|\n|upkeep\n|\n|t:|1682645169\n|switch|p2b: Farigiraf|Farigiraf, L50, F|100\/100\n|switch|p1b: Gholdengo|Gholdengo, L50|100\/100\n|switch|p2a: Stantler|Stantler, L50, M, shiny|100\/100\n|-item|p1a: Grimmsnarl|Light Clay|[from] ability: Frisk|[of] p2a: Stantler|[identify]\n|-item|p1b: Gholdengo|Leftovers|[from] ability: Frisk|[of] p2a: Stantler|[identify]\n|turn|3\n|\n|t:|1682645194\n|-terastallize|p2a: Stantler|Ground\n|move|p1b: Gholdengo|Nasty Plot|p1b: Gholdengo\n|-boost|p1b: Gholdengo|spa|2\n|move|p2a: Stantler|Hypnosis|p1b: Gholdengo\n|-immune|p1b: Gholdengo|[from] ability: Good as Gold\n|move|p1a: Grimmsnarl|Spirit Break|p2b: Farigiraf\n|-damage|p2b: Farigiraf|65\/100\n|-unboost|p2b: Farigiraf|spa|1\n|move|p2b: Farigiraf|Trick Room|p2b: Farigiraf\n|-fieldstart|move: Trick Room|[of] p2b: Farigiraf\n|\n|upkeep\n|turn|4\n|\n|t:|1682645227\n|-terastallize|p1b: Gholdengo|Steel\n|move|p2b: Farigiraf|Thunderbolt|p1b: Gholdengo\n|-damage|p1b: Gholdengo|87\/100\n|move|p1a: Grimmsnarl|Spirit Break|p2b: Farigiraf\n|-damage|p2b: Farigiraf|30\/100\n|-unboost|p2b: Farigiraf|spa|1\n|move|p2a: Stantler|Tera Blast|p1b: Gholdengo\n|-supereffective|p1b: Gholdengo\n|-damage|p1b: Gholdengo|53\/100\n|move|p1b: Gholdengo|Make It Rain|p2a: Stantler|[spread] p2a,p2b\n|-damage|p2a: Stantler|27\/100\n|-damage|p2b: Farigiraf|0 fnt\n|-unboost|p1b: Gholdengo|spa|1\n|faint|p2b: Farigiraf\n|\n|-heal|p1b: Gholdengo|60\/100|[from] item: Leftovers\n|upkeep\n|turn|5\n|-message|TiptopFlipflop forfeited.\n|\n|win|Alexis_student\n|raw|Alexis_student's rating: 1060 → 1097<\/strong> (+37 for winning)\n|raw|TiptopFlipflop's rating: 1125 → 1095<\/strong> (-30 for losing)\n|l|\u2606TiptopFlipflop\n","uploadtime":1682645252,"views":5,"p1id":"alexisstudent","p2id":"tiptopflipflop","formatid":"gen9vgc2023regulationc","rating":1095,"private":0,"password":""}