{"id":"gen9vgc2023regulationc-1855557042","p1":"Broskander","p2":"queen_lel","format":"[Gen 9] VGC 2023 Regulation C","log":"|j|\u2606Broskander\n|j|\u2606queen_lel\n|t:|1682961808\n|gametype|doubles\n|player|p1|Broskander|102|1246\n|player|p2|queen_lel|2|1230\n|teamsize|p1|6\n|teamsize|p2|6\n|gen|9\n|tier|[Gen 9] VGC 2023 Regulation C\n|rated|\n|rule|Species Clause: Limit one of each Pok\u00e9mon\n|rule|Item Clause: Limit one of each item\n|clearpoke\n|poke|p1|Amoonguss, L50, F|\n|poke|p1|Palafin, L50, M|\n|poke|p1|Ting-Lu, L50|\n|poke|p1|Arcanine, L50, F|\n|poke|p1|Grimmsnarl, L50, M|\n|poke|p1|Annihilape, L50, F|\n|poke|p2|Gyarados, L50, F|\n|poke|p2|Dragapult, L50, M|\n|poke|p2|Chien-Pao, L50|\n|poke|p2|Iron Hands, L50|\n|poke|p2|Arcanine, L50, M|\n|poke|p2|Flutter Mane, L50|\n|teampreview|4\n|inactive|Battle timer is ON: inactive players will automatically lose when time's up. (requested by queen_lel)\n|\n|t:|1682961832\n|start\n|switch|p1a: Grimmsnarl|Grimmsnarl, L50, M|100\/100\n|switch|p1b: Palafin|Palafin, L50, M|100\/100\n|switch|p2a: Flutter Mane|Flutter Mane, L50|100\/100\n|switch|p2b: Dragapult|Dragapult, L50, M|100\/100\n|turn|1\n|\n|t:|1682961849\n|detailschange|p1b: Palafin|Palafin-Hero, L50, M\n|switch|p1b: Ting-Lu|Ting-Lu, L50|100\/100\n|-ability|p1b: Ting-Lu|Vessel of Ruin\n|move|p2b: Dragapult|Protect|p2b: Dragapult\n|-singleturn|p2b: Dragapult|Protect\n|move|p1a: Grimmsnarl|Light Screen|p1a: Grimmsnarl\n|-sidestart|p1: Broskander|move: Light Screen\n|move|p2a: Flutter Mane|Thunderbolt|p1b: Ting-Lu\n|-immune|p1b: Ting-Lu\n|\n|upkeep\n|turn|2\n|\n|t:|1682961862\n|-end|p2a: Flutter Mane|Protosynthesis|[silent]\n|switch|p2a: Arcanine|Arcanine, L50, M|100\/100\n|-ability|p2a: Arcanine|Intimidate|boost\n|-unboost|p1a: Grimmsnarl|atk|1\n|-unboost|p1b: Ting-Lu|atk|1\n|-terastallize|p2b: Dragapult|Steel\n|move|p1a: Grimmsnarl|Reflect|p1a: Grimmsnarl\n|-sidestart|p1: Broskander|Reflect\n|move|p2b: Dragapult|Tera Blast|p1a: Grimmsnarl\n|-supereffective|p1a: Grimmsnarl\n|-damage|p1a: Grimmsnarl|39\/100\n|move|p1b: Ting-Lu|Heavy Slam|p2a: Arcanine\n|-resisted|p2a: Arcanine\n|-damage|p2a: Arcanine|88\/100\n|\n|upkeep\n|turn|3\n|\n|t:|1682961886\n|switch|p1b: Annihilape|Annihilape, L50, F|100\/100\n|move|p1a: Grimmsnarl|Thunder Wave|p2b: Dragapult\n|-status|p2b: Dragapult|par\n|move|p2a: Arcanine|Howl|p2a: Arcanine|[spread] p2a,p2b\n|-boost|p2a: Arcanine|atk|1\n|-boost|p2b: Dragapult|atk|1\n|cant|p2b: Dragapult|par\n|\n|upkeep\n|turn|4\n|\n|t:|1682961904\n|-terastallize|p1b: Annihilape|Fire\n|move|p2b: Dragapult|Protect|p2b: Dragapult\n|-singleturn|p2b: Dragapult|Protect\n|move|p1a: Grimmsnarl|Thunder Wave|p2a: Arcanine\n|-status|p2a: Arcanine|par\n|move|p1b: Annihilape|Bulk Up|p1b: Annihilape\n|-boost|p1b: Annihilape|atk|1\n|-boost|p1b: Annihilape|def|1\n|cant|p2a: Arcanine|par\n|\n|upkeep\n|turn|5\n|\n|t:|1682961927\n|switch|p1a: Ting-Lu|Ting-Lu, L50|100\/100\n|-ability|p1a: Ting-Lu|Vessel of Ruin\n|move|p1b: Annihilape|Drain Punch|p2b: Dragapult\n|-supereffective|p2b: Dragapult\n|-damage|p2b: Dragapult|0 fnt\n|faint|p2b: Dragapult\n|move|p2a: Arcanine|Flare Blitz|p1a: Ting-Lu\n|-damage|p1a: Ting-Lu|70\/100\n|-damage|p2a: Arcanine|75\/100 par|[from] Recoil\n|\n|upkeep\n|\n|t:|1682961938\n|switch|p2b: Flutter Mane|Flutter Mane, L50|100\/100\n|turn|6\n|\n|t:|1682961958\n|switch|p2a: Iron Hands|Iron Hands, L50|100\/100\n|-enditem|p2a: Iron Hands|Booster Energy\n|-activate|p2a: Iron Hands|ability: Quark Drive|[fromitem]\n|-start|p2a: Iron Hands|quarkdriveatk\n|move|p2b: Flutter Mane|Dazzling Gleam|p1a: Ting-Lu|[spread] p1a,p1b\n|-supereffective|p1a: Ting-Lu\n|-resisted|p1b: Annihilape\n|-damage|p1a: Ting-Lu|49\/100\n|-damage|p1b: Annihilape|90\/100\n|move|p1b: Annihilape|Drain Punch|p2a: Iron Hands\n|-damage|p2a: Iron Hands|64\/100\n|-heal|p1b: Annihilape|100\/100|[from] drain|[of] p2a: Iron Hands\n|move|p1a: Ting-Lu|Heavy Slam|p2b: Flutter Mane\n|-supereffective|p2b: Flutter Mane\n|-damage|p2b: Flutter Mane|0 fnt\n|faint|p2b: Flutter Mane\n|-end|p2b: Flutter Mane|Protosynthesis|[silent]\n|\n|upkeep\n|-message|queen_lel forfeited.\n|\n|win|Broskander\n|raw|Broskander's rating: 1246 → 1270<\/strong> (+24 for winning)\n|raw|queen_lel's rating: 1230 → 1206<\/strong> (-24 for losing)\n|l|\u2606queen_lel\n|l|\u2606Broskander\n|j|\u2606Broskander\n|player|p1|Broskander|102\n","uploadtime":1682962046,"views":22,"p1id":"broskander","p2id":"queenlel","formatid":"gen9vgc2023regulationc","rating":1206,"private":0,"password":""}