{"id":"gen9vgc2023regulationc-1858703370","p1":"MAJOLION","p2":"WillieDangerously","format":"[Gen 9] VGC 2023 Regulation C","log":"|j|\u2606MAJOLION\n|j|\u2606WillieDangerously\n|t:|1683345048\n|gametype|doubles\n|player|p1|MAJOLION|1|1140\n|player|p2|WillieDangerously|psychic-gen4|1109\n|teamsize|p1|6\n|teamsize|p2|6\n|gen|9\n|tier|[Gen 9] VGC 2023 Regulation C\n|rated|\n|rule|Species Clause: Limit one of each Pok\u00e9mon\n|rule|Item Clause: Limit one of each item\n|clearpoke\n|poke|p1|Palafin, L50, F|\n|poke|p1|Amoonguss, L50, F|\n|poke|p1|Arcanine, L50, M|\n|poke|p1|Flutter Mane, L50|\n|poke|p1|Ting-Lu, L50|\n|poke|p1|Torkoal, L50, F|\n|poke|p2|Iron Treads, L50|\n|poke|p2|Jumpluff, L50, M|\n|poke|p2|Flutter Mane, L50|\n|poke|p2|Roaring Moon, L50|\n|poke|p2|Rotom-Wash, L50|\n|poke|p2|Torkoal, L50, M|\n|teampreview|4\n|inactive|Battle timer is ON: inactive players will automatically lose when time's up. (requested by MAJOLION)\n|\n|t:|1683345084\n|start\n|switch|p1a: Arcanine|Arcanine, L50, M|100\/100\n|switch|p1b: Palafin|Palafin, L50, F|100\/100\n|switch|p2a: Jumpluff|Jumpluff, L50, M|100\/100\n|switch|p2b: Flutter Mane|Flutter Mane, L50|100\/100\n|-ability|p1a: Arcanine|Intimidate|boost\n|-unboost|p2a: Jumpluff|atk|1\n|-unboost|p2b: Flutter Mane|atk|1\n|turn|1\n|\n|t:|1683345108\n|switch|p2a: Rotom|Rotom-Wash, L50|100\/100\n|detailschange|p1b: Palafin|Palafin-Hero, L50, F\n|switch|p1b: Torkoal|Torkoal, L50, F|100\/100\n|-weather|SunnyDay|[from] ability: Drought|[of] p1b: Torkoal\n|-activate|p2b: Flutter Mane|ability: Protosynthesis\n|-start|p2b: Flutter Mane|protosynthesisspe\n|move|p2b: Flutter Mane|Shadow Ball|p1a: Arcanine\n|-damage|p1a: Arcanine|29\/100\n|-damage|p2b: Flutter Mane|91\/100|[from] item: Life Orb\n|move|p1a: Arcanine|Heat Wave|p2a: Rotom|[spread] p2a,p2b\n|-resisted|p2a: Rotom\n|-damage|p2a: Rotom|62\/100\n|-damage|p2b: Flutter Mane|17\/100\n|\n|-weather|SunnyDay|[upkeep]\n|upkeep\n|turn|2\n|inactive|WillieDangerously has 30 seconds left.\n|inactive|WillieDangerously has 20 seconds left.\n|inactive|WillieDangerously has 15 seconds left.\n|\n|t:|1683345148\n|move|p2b: Flutter Mane|Shadow Ball|p1b: Torkoal\n|-damage|p1b: Torkoal|41\/100\n|-damage|p2b: Flutter Mane|7\/100|[from] item: Life Orb\n|move|p1a: Arcanine|Heat Wave|p2b: Flutter Mane|[spread] p2a,p2b\n|-resisted|p2a: Rotom\n|-damage|p2a: Rotom|23\/100\n|-damage|p2b: Flutter Mane|0 fnt\n|-enditem|p2a: Rotom|Sitrus Berry|[eat]\n|-heal|p2a: Rotom|48\/100|[from] item: Sitrus Berry\n|faint|p2b: Flutter Mane\n|-end|p2b: Flutter Mane|Protosynthesis|[silent]\n|move|p2a: Rotom|Thunderbolt|p1a: Arcanine\n|-damage|p1a: Arcanine|0 fnt\n|faint|p1a: Arcanine\n|move|p1b: Torkoal|Overheat|p2a: Rotom\n|-resisted|p2a: Rotom\n|-damage|p2a: Rotom|19\/100\n|-unboost|p1b: Torkoal|spa|2\n|-enditem|p1b: Torkoal|Eject Pack\n|\n|t:|1683345159\n|switch|p1b: Flutter Mane|Flutter Mane, L50|100\/100\n|-activate|p1b: Flutter Mane|ability: Protosynthesis\n|-start|p1b: Flutter Mane|protosynthesisspe\n|\n|-weather|SunnyDay|[upkeep]\n|upkeep\n|\n|t:|1683345166\n|switch|p2b: Jumpluff|Jumpluff, L50, M|100\/100\n|switch|p1a: Palafin|Palafin-Hero, L50, F|100\/100\n|-activate|p1a: Palafin|ability: Zero to Hero\n|turn|3\n|inactive|WillieDangerously has 30 seconds left.\n|\n|t:|1683345198\n|-terastallize|p1a: Palafin|Normal\n|move|p2b: Jumpluff|Tailwind|p2b: Jumpluff\n|-sidestart|p2: WillieDangerously|move: Tailwind\n|move|p1b: Flutter Mane|Phantom Force||[still]\n|-prepare|p1b: Flutter Mane|Phantom Force\n|move|p2a: Rotom|Thunderbolt|p1a: Palafin\n|-damage|p1a: Palafin|52\/100\n|move|p1a: Palafin|Boomburst|p2a: Rotom|[spread] p2a,p2b\n|-miss|p1a: Palafin|p1b: Flutter Mane\n|-damage|p2a: Rotom|0 fnt\n|-damage|p2b: Jumpluff|55\/100\n|faint|p2a: Rotom\n|-enditem|p1a: Palafin|Throat Spray\n|-boost|p1a: Palafin|spa|1|[from] item: Throat Spray\n|\n|-weather|SunnyDay|[upkeep]\n|upkeep\n|\n|t:|1683345216\n|switch|p2a: Iron Treads|Iron Treads, L50|100\/100\n|turn|4\n|\n|t:|1683345241\n|-terastallize|p2a: Iron Treads|Ground\n|move|p2b: Jumpluff|U-turn|p1a: Palafin\n|-damage|p1a: Palafin|42\/100\n|move|p2a: Iron Treads|Earthquake|p1a: Palafin|[spread] p1a\n|-miss|p2a: Iron Treads|p1b: Flutter Mane\n|-immune|p2b: Jumpluff\n|-damage|p1a: Palafin|0 fnt\n|faint|p1a: Palafin\n|move|p1b: Flutter Mane|Phantom Force|p2a: Iron Treads|[from]lockedmove\n|-damage|p2a: Iron Treads|55\/100\n|\n|-weather|SunnyDay|[upkeep]\n|upkeep\n|inactive|MAJOLION has 30 seconds left.\n|inactive|MAJOLION has 20 seconds left.\n|\n|t:|1683345279\n|switch|p1a: Torkoal|Torkoal, L50, F|41\/100\n|turn|5\n|\n|t:|1683345290\n|move|p2b: Jumpluff|Leaf Storm|p1b: Flutter Mane\n|-damage|p1b: Flutter Mane|70\/100\n|-unboost|p2b: Jumpluff|spa|2\n|move|p2a: Iron Treads|Earthquake|p1a: Torkoal|[spread] p1a,p1b\n|-immune|p2b: Jumpluff\n|-supereffective|p1a: Torkoal\n|-damage|p1a: Torkoal|0 fnt\n|-damage|p1b: Flutter Mane|0 fnt\n|faint|p1a: Torkoal\n|faint|p1b: Flutter Mane\n|-end|p1b: Flutter Mane|Protosynthesis|[silent]\n|\n|win|WillieDangerously\n|raw|MAJOLION's rating: 1140 → 1113<\/strong> (-27 for losing)\n|raw|WillieDangerously's rating: 1109 → 1136<\/strong> (+27 for winning)\n","uploadtime":1683345303,"views":11,"p1id":"majolion","p2id":"williedangerously","formatid":"gen9vgc2023regulationc","rating":1113,"private":0,"password":""}