{"id":"gen9vgc2023regulationc-1861310871","p1":"Local Nomad","p2":"MarcyNoDay","format":"[Gen 9] VGC 2023 Regulation C","log":"|j|\u2606Local Nomad\n|j|\u2606MarcyNoDay\n|t:|1683744732\n|gametype|doubles\n|player|p1|Local Nomad|cynthia|1189\n|player|p2|MarcyNoDay|rocketgruntf|1215\n|teamsize|p1|6\n|teamsize|p2|6\n|gen|9\n|tier|[Gen 9] VGC 2023 Regulation C\n|rated|\n|rule|Species Clause: Limit one of each Pok\u00e9mon\n|rule|Item Clause: Limit one of each item\n|clearpoke\n|poke|p1|Flutter Mane, L50|\n|poke|p1|Palafin, L50, F|\n|poke|p1|Talonflame, L50, M|\n|poke|p1|Arcanine, L50, M|\n|poke|p1|Amoonguss, L50, M|\n|poke|p1|Garganacl, L50, M|\n|poke|p2|Chi-Yu, L50|\n|poke|p2|Gyarados, L50, F|\n|poke|p2|Iron Hands, L50|\n|poke|p2|Flutter Mane, L50|\n|poke|p2|Ting-Lu, L50|\n|poke|p2|Gholdengo, L50|\n|teampreview|4\nLocal Nomad has agreed to open team sheets.\n|inactive|Battle timer is ON: inactive players will automatically lose when time's up. (requested by MarcyNoDay)\n|\n|t:|1683744781\n|start\n|switch|p1a: Flutter Mane|Flutter Mane, L50|100\/100\n|switch|p1b: Arcanine|Arcanine, L50, M|100\/100\n|switch|p2a: Gyarados|Gyarados, L50, F, shiny|100\/100\n|switch|p2b: Flutter Mane|Flutter Mane, L50|100\/100\n|-ability|p1b: Arcanine|Intimidate|boost\n|-unboost|p2a: Gyarados|atk|1\n|-unboost|p2b: Flutter Mane|atk|1\n|-ability|p2a: Gyarados|Intimidate|boost\n|-unboost|p1a: Flutter Mane|atk|1\n|-unboost|p1b: Arcanine|atk|1\n|-enditem|p2b: Flutter Mane|Booster Energy\n|-activate|p2b: Flutter Mane|ability: Protosynthesis|[fromitem]\n|-start|p2b: Flutter Mane|protosynthesisspa\n|turn|1\n|inactive|MarcyNoDay has 30 seconds left.\n|\n|t:|1683744813\n|-terastallize|p1a: Flutter Mane|Water\n|-terastallize|p2b: Flutter Mane|Fairy\n|move|p1a: Flutter Mane|Thunderbolt|p2a: Gyarados\n|-supereffective|p2a: Gyarados\n|-damage|p2a: Gyarados|0 fnt\n|faint|p2a: Gyarados\n|move|p2b: Flutter Mane|Shadow Ball|p1a: Flutter Mane\n|-damage|p1a: Flutter Mane|56\/100\n|move|p1b: Arcanine|Flare Blitz|p2b: Flutter Mane\n|-damage|p2b: Flutter Mane|58\/100\n|-damage|p1b: Arcanine|90\/100|[from] Recoil\n|\n|upkeep\n|\n|t:|1683744828\n|switch|p2a: Ting-Lu|Ting-Lu, L50|100\/100\n|-ability|p2a: Ting-Lu|Vessel of Ruin\n|turn|2\n|\n|t:|1683744840\n|-end|p1a: Flutter Mane|Protosynthesis|[silent]\n|switch|p1a: Amoonguss|Amoonguss, L50, M|100\/100\n|move|p2b: Flutter Mane|Protect|p2b: Flutter Mane\n|-singleturn|p2b: Flutter Mane|Protect\n|move|p1b: Arcanine|Protect|p1b: Arcanine\n|-singleturn|p1b: Arcanine|Protect\n|move|p2a: Ting-Lu|Stomping Tantrum|p1b: Arcanine\n|-activate|p1b: Arcanine|move: Protect\n|\n|upkeep\n|turn|3\n|\n|t:|1683744858\n|switch|p1b: Palafin|Palafin, L50, F|100\/100\n|move|p1a: Amoonguss|Rage Powder|p1a: Amoonguss\n|-singleturn|p1a: Amoonguss|move: Rage Powder\n|move|p2b: Flutter Mane|Shadow Ball|p1a: Amoonguss\n|-damage|p1a: Amoonguss|70\/100\n|-unboost|p1a: Amoonguss|spd|1\n|move|p2a: Ting-Lu|Fissure|p1a: Amoonguss|[miss]\n|-miss|p2a: Ting-Lu|p1a: Amoonguss\n|\n|upkeep\n|turn|4\n|\n|t:|1683744873\n|detailschange|p1b: Palafin|Palafin-Hero, L50, F\n|switch|p1b: Arcanine|Arcanine, L50, M|90\/100\n|-ability|p1b: Arcanine|Intimidate|boost\n|-unboost|p2a: Ting-Lu|atk|1\n|-unboost|p2b: Flutter Mane|atk|1\n|move|p2b: Flutter Mane|Protect|p2b: Flutter Mane\n|-singleturn|p2b: Flutter Mane|Protect\n|move|p2a: Ting-Lu|Stomping Tantrum|p1b: Arcanine\n|-supereffective|p1b: Arcanine\n|-damage|p1b: Arcanine|0 fnt\n|faint|p1b: Arcanine\n|move|p1a: Amoonguss|Spore|p2a: Ting-Lu\n|-status|p2a: Ting-Lu|slp|[from] move: Spore\n|\n|upkeep\n|\n|t:|1683744881\n|switch|p1b: Palafin|Palafin-Hero, L50, F|100\/100\n|-activate|p1b: Palafin|ability: Zero to Hero\n|turn|5\n|\n|t:|1683744893\n|move|p1b: Palafin|Jet Punch|p2b: Flutter Mane\n|-damage|p2b: Flutter Mane|0 fnt\n|faint|p2b: Flutter Mane\n|-end|p2b: Flutter Mane|Protosynthesis|[silent]\n|cant|p2a: Ting-Lu|slp\n|move|p1a: Amoonguss|Spore|p2a: Ting-Lu\n|-fail|p2a: Ting-Lu|slp\n|\n|upkeep\n|\n|t:|1683744900\n|switch|p2b: Gholdengo|Gholdengo, L50|100\/100\n|turn|6\n|\n|t:|1683744916\n|move|p1a: Amoonguss|Rage Powder|p1a: Amoonguss\n|-singleturn|p1a: Amoonguss|move: Rage Powder\n|move|p1b: Palafin|Wave Crash|p2a: Ting-Lu\n|-supereffective|p2a: Ting-Lu\n|-damage|p2a: Ting-Lu|0 fnt\n|faint|p2a: Ting-Lu\n|-damage|p1b: Palafin|61\/100|[from] Recoil\n|move|p2b: Gholdengo|Make It Rain|p1b: Palafin|[spread] p1a,p1b\n|-resisted|p1b: Palafin\n|-damage|p1a: Amoonguss|3\/100\n|-damage|p1b: Palafin|29\/100\n|-unboost|p2b: Gholdengo|spa|1\n|-damage|p2b: Gholdengo|91\/100|[from] item: Life Orb\n|\n|upkeep\n|turn|7\n|\n|t:|1683744933\n|move|p2b: Gholdengo|Protect|p2b: Gholdengo\n|-singleturn|p2b: Gholdengo|Protect\n|move|p1a: Amoonguss|Protect|p1a: Amoonguss\n|-singleturn|p1a: Amoonguss|Protect\n|move|p1b: Palafin|Jet Punch|p2b: Gholdengo\n|-activate|p2b: Gholdengo|move: Protect\n|\n|upkeep\n|turn|8\n|\n|t:|1683744943\n|move|p1b: Palafin|Jet Punch|p2b: Gholdengo\n|-damage|p2b: Gholdengo|49\/100\n|move|p2b: Gholdengo|Make It Rain|p1a: Amoonguss|[spread] p1a,p1b\n|-resisted|p1b: Palafin\n|-damage|p1a: Amoonguss|0 fnt\n|-damage|p1b: Palafin|8\/100\n|-unboost|p2b: Gholdengo|spa|1\n|faint|p1a: Amoonguss\n|-damage|p2b: Gholdengo|39\/100|[from] item: Life Orb\n|\n|upkeep\n|\n|t:|1683744947\n|switch|p1a: Flutter Mane|Flutter Mane, L50, tera:Water|56\/100\n|turn|9\n|\n|t:|1683744959\n|move|p1b: Palafin|Jet Punch|p2b: Gholdengo\n|-damage|p2b: Gholdengo|3\/100\n|move|p1a: Flutter Mane|Shadow Ball|p2b: Gholdengo\n|-supereffective|p2b: Gholdengo\n|-damage|p2b: Gholdengo|0 fnt\n|faint|p2b: Gholdengo\n|\n|win|Local Nomad\n|raw|Local Nomad's rating: 1189 → 1216<\/strong> (+27 for winning)\n|raw|MarcyNoDay's rating: 1215 → 1188<\/strong> (-27 for losing)\n|l|\u2606Local Nomad\n","uploadtime":1683744970,"views":8,"p1id":"localnomad","p2id":"marcynoday","formatid":"gen9vgc2023regulationc","rating":1188,"private":0,"password":""}