{"id":"gen9vgc2023regulationc-1850412478","p1":"Extreme_Riot 06","p2":"HydraHugs","format":"[Gen 9] VGC 2023 Regulation C","log":"|j|\u2606Extreme_Riot 06\n|j|\u2606HydraHugs\n|t:|1682333081\n|gametype|doubles\n|player|p1|Extreme_Riot 06|ingo|1071\n|player|p2|HydraHugs|wallace|1120\n|teamsize|p1|6\n|teamsize|p2|6\n|gen|9\n|tier|[Gen 9] VGC 2023 Regulation C\n|rated|\n|rule|Species Clause: Limit one of each Pok\u00e9mon\n|rule|Item Clause: Limit one of each item\n|clearpoke\n|poke|p1|Talonflame, L50, M|\n|poke|p1|Garchomp, L50, M|\n|poke|p1|Rotom-Mow, L50|\n|poke|p1|Maushold-Four, L50|\n|poke|p1|Gyarados, L50, M|\n|poke|p1|Gholdengo, L50|\n|poke|p2|Ting-Lu, L50|\n|poke|p2|Slowbro, L50, M|\n|poke|p2|Scizor, L50, M|\n|poke|p2|Indeedee-F, L50, F|\n|poke|p2|Chi-Yu, L50|\n|poke|p2|Garchomp, L50, M|\n|teampreview|4\n|\n|t:|1682333100\n|start\n|switch|p1a: Talonflame|Talonflame, L50, M|100\/100\n|switch|p1b: Gyarados|Gyarados, L50, M|100\/100\n|switch|p2a: Ting-Lu|Ting-Lu, L50|100\/100\n|switch|p2b: Slowbro|Slowbro, L50, M|100\/100\n|-ability|p1b: Gyarados|Intimidate|boost\n|-unboost|p2a: Ting-Lu|atk|1\n|-unboost|p2b: Slowbro|atk|1\n|-ability|p2a: Ting-Lu|Vessel of Ruin\n|turn|1\n|\n|t:|1682333135\n|move|p2a: Ting-Lu|Protect|p2a: Ting-Lu\n|-singleturn|p2a: Ting-Lu|Protect\n|move|p1a: Talonflame|Tailwind|p1a: Talonflame\n|-sidestart|p1: Extreme_Riot 06|move: Tailwind\n|move|p1b: Gyarados|Crunch|p2b: Slowbro\n|-supereffective|p2b: Slowbro\n|-damage|p2b: Slowbro|64\/100\n|-unboost|p2b: Slowbro|def|1\n|move|p2b: Slowbro|Trick Room|p2b: Slowbro\n|-fieldstart|move: Trick Room|[of] p2b: Slowbro\n|\n|-heal|p2b: Slowbro|70\/100|[from] item: Leftovers\n|upkeep\n|turn|2\n|\n|t:|1682333168\n|switch|p2a: Scizor|Scizor, L50, M|100\/100\n|switch|p1a: Rotom|Rotom-Mow, L50|100\/100\n|move|p2b: Slowbro|Iron Defense|p2b: Slowbro\n|-boost|p2b: Slowbro|def|2\n|move|p1b: Gyarados|Crunch|p2b: Slowbro\n|-supereffective|p2b: Slowbro\n|-damage|p2b: Slowbro|47\/100\n|\n|-heal|p2b: Slowbro|53\/100|[from] item: Leftovers\n|upkeep\n|turn|3\n|\n|t:|1682333208\n|move|p2b: Slowbro|Slack Off|p2b: Slowbro\n|-heal|p2b: Slowbro|100\/100\n|move|p2a: Scizor|Swords Dance|p2a: Scizor\n|-boost|p2a: Scizor|atk|2\n|move|p1a: Rotom|Will-O-Wisp|p2a: Scizor\n|-status|p2a: Scizor|brn\n|move|p1b: Gyarados|Crunch|p2b: Slowbro\n|-supereffective|p2b: Slowbro\n|-damage|p2b: Slowbro|75\/100\n|\n|-heal|p2b: Slowbro|81\/100|[from] item: Leftovers\n|-damage|p2a: Scizor|94\/100 brn|[from] brn\n|upkeep\n|turn|4\n|\n|t:|1682333276\n|move|p2b: Slowbro|Iron Defense|p2b: Slowbro\n|-boost|p2b: Slowbro|def|2\n|move|p2a: Scizor|Close Combat|p1b: Gyarados\n|-resisted|p1b: Gyarados\n|-damage|p1b: Gyarados|56\/100\n|-unboost|p2a: Scizor|def|1\n|-unboost|p2a: Scizor|spd|1\n|-damage|p2a: Scizor|85\/100 brn|[from] item: Life Orb\n|move|p1a: Rotom|Thunderbolt|p2b: Slowbro\n|-supereffective|p2b: Slowbro\n|-damage|p2b: Slowbro|21\/100\n|move|p1b: Gyarados|Earthquake|p2a: Scizor|[spread] p2a,p2b\n|-immune|p1a: Rotom|[from] ability: Levitate\n|-damage|p2a: Scizor|43\/100 brn\n|-damage|p2b: Slowbro|15\/100\n|\n|-heal|p2b: Slowbro|21\/100|[from] item: Leftovers\n|-damage|p2a: Scizor|37\/100 brn|[from] brn\n|-sideend|p1: Extreme_Riot 06|move: Tailwind\n|upkeep\n|turn|5\n|\n|t:|1682333304\n|move|p2b: Slowbro|Slack Off|p2b: Slowbro\n|-heal|p2b: Slowbro|71\/100\n|move|p2a: Scizor|U-turn|p1a: Rotom\n|-supereffective|p1a: Rotom\n|-damage|p1a: Rotom|0 fnt\n|faint|p1a: Rotom\n|-damage|p2a: Scizor|27\/100 brn|[from] item: Life Orb\n|\n|t:|1682333314\n|switch|p2a: Ting-Lu|Ting-Lu, L50|100\/100|[from] U-turn\n|-ability|p2a: Ting-Lu|Vessel of Ruin\n|move|p1b: Gyarados|Earthquake|p2a: Ting-Lu|[spread] p2a,p2b\n|-damage|p2a: Ting-Lu|84\/100\n|-damage|p2b: Slowbro|64\/100\n|\n|-heal|p2b: Slowbro|70\/100|[from] item: Leftovers\n|-fieldend|move: Trick Room\n|upkeep\n|\n|t:|1682333321\n|switch|p1a: Maushold|Maushold-Four, L50|100\/100\n|turn|6\n|\n|t:|1682333336\n|move|p2a: Ting-Lu|Protect|p2a: Ting-Lu\n|-singleturn|p2a: Ting-Lu|Protect\n|move|p1a: Maushold|Super Fang|p2b: Slowbro\n|-damage|p2b: Slowbro|36\/100\n|move|p1b: Gyarados|Waterfall|p2a: Ting-Lu\n|-activate|p2a: Ting-Lu|move: Protect\n|move|p2b: Slowbro|Trick Room|p2b: Slowbro\n|-fieldstart|move: Trick Room|[of] p2b: Slowbro\n|\n|-heal|p2b: Slowbro|42\/100|[from] item: Leftovers\n|upkeep\n|turn|7\n|\n|t:|1682333366\n|move|p1a: Maushold|Helping Hand|p1b: Gyarados\n|-singleturn|p1b: Gyarados|Helping Hand|[of] p1a: Maushold\n|move|p2b: Slowbro|Slack Off|p2b: Slowbro\n|-heal|p2b: Slowbro|92\/100\n|move|p2a: Ting-Lu|Heavy Slam|p1a: Maushold\n|-damage|p1a: Maushold|44\/100\n|move|p1b: Gyarados|Waterfall|p2a: Ting-Lu\n|-supereffective|p2a: Ting-Lu\n|-damage|p2a: Ting-Lu|7\/100\n|\n|-heal|p2b: Slowbro|98\/100|[from] item: Leftovers\n|upkeep\n|turn|8\n|\n|t:|1682333398\n|move|p1a: Maushold|Protect|p1a: Maushold\n|-singleturn|p1a: Maushold|Protect\n|move|p2b: Slowbro|Heal Pulse|p2a: Ting-Lu\n|-heal|p2a: Ting-Lu|57\/100\n|move|p2a: Ting-Lu|Heavy Slam|p1a: Maushold\n|-activate|p1a: Maushold|move: Protect\n|move|p1b: Gyarados|Crunch|p2b: Slowbro\n|-supereffective|p2b: Slowbro\n|-damage|p2b: Slowbro|82\/100\n|\n|-heal|p2b: Slowbro|88\/100|[from] item: Leftovers\n|upkeep\n|turn|9\n|\n|t:|1682333419\n|-terastallize|p1b: Gyarados|Grass\n|move|p1a: Maushold|Helping Hand|p1b: Gyarados\n|-singleturn|p1b: Gyarados|Helping Hand|[of] p1a: Maushold\n|move|p2b: Slowbro|Heal Pulse|p2a: Ting-Lu\n|-heal|p2a: Ting-Lu|100\/100\n|move|p2a: Ting-Lu|Heavy Slam|p1a: Maushold\n|-damage|p1a: Maushold|0 fnt\n|faint|p1a: Maushold\n|move|p1b: Gyarados|Tera Blast|p2b: Slowbro\n|-supereffective|p2b: Slowbro\n|-damage|p2b: Slowbro|58\/100\n|\n|-heal|p2b: Slowbro|64\/100|[from] item: Leftovers\n|upkeep\n|\n|t:|1682333427\n|switch|p1a: Talonflame|Talonflame, L50, M|100\/100\n|turn|10\n|-message|Extreme_Riot 06 forfeited.\n|\n|win|HydraHugs\n|raw|Extreme_Riot 06's rating: 1071 → 1053<\/strong> (-18 for losing)\n|raw|HydraHugs's rating: 1120 → 1141<\/strong> (+21 for winning)\n|l|\u2606Extreme_Riot 06\n","uploadtime":1682333437,"views":67,"p1id":"extremeriot06","p2id":"hydrahugs","formatid":"gen9vgc2023regulationc","rating":1053,"private":0,"password":""}