{"id":"gen9vgc2023regulationc-1857926758","p1":"Yassooooo","p2":"KennyJ","format":"[Gen 9] VGC 2023 Regulation C","log":"|j|\u2606Yassooooo\n|j|\u2606KennyJ\n|t:|1683248263\n|gametype|doubles\n|player|p1|Yassooooo|102|1568\n|player|p2|KennyJ|bianca-pwt|1457\n|teamsize|p1|6\n|teamsize|p2|6\n|gen|9\n|tier|[Gen 9] VGC 2023 Regulation C\n|rated|\n|rule|Species Clause: Limit one of each Pok\u00e9mon\n|rule|Item Clause: Limit one of each item\n|clearpoke\n|poke|p1|Tatsugiri-Stretchy, L50, M|\n|poke|p1|Dondozo, L50, M|\n|poke|p1|Flutter Mane, L50|\n|poke|p1|Iron Moth, L50|\n|poke|p1|Flamigo, L50, M|\n|poke|p1|Murkrow, L50, F|\n|poke|p2|Dragonite, L50, F|\n|poke|p2|Scream Tail, L50|\n|poke|p2|Ting-Lu, L50|\n|poke|p2|Arcanine, L50, M|\n|poke|p2|Iron Bundle, L50|\n|poke|p2|Gholdengo, L50|\n|teampreview|4\nKennyJ has agreed to open team sheets.\nYassooooo rejected open team sheets.\n|inactive|Battle timer is ON: inactive players will automatically lose when time's up. (requested by Yassooooo)\n|\n|t:|1683248311\n|start\n|switch|p1a: Tatsugiri|Tatsugiri-Stretchy, L50, M|100\/100\n|switch|p1b: Murkrow|Murkrow, L50, F|100\/100\n|switch|p2a: Scream Tail|Scream Tail, L50|100\/100\n|switch|p2b: Dragonite|Dragonite, L50, F|100\/100\n|-enditem|p2a: Scream Tail|Booster Energy\n|-activate|p2a: Scream Tail|ability: Protosynthesis|[fromitem]\n|-start|p2a: Scream Tail|protosynthesisspe\n|turn|1\n|inactive|Yassooooo has 30 seconds left.\n|inactive|KennyJ has 30 seconds left.\n|inactive|KennyJ has 20 seconds left.\n|inactive|KennyJ has 15 seconds left.\n|inactive|KennyJ has 10 seconds left.\n|inactive|KennyJ has 5 seconds left.\n|\n|t:|1683248365\n|-terastallize|p2b: Dragonite|Flying\n|move|p1a: Tatsugiri|Protect|p1a: Tatsugiri\n|-singleturn|p1a: Tatsugiri|Protect\n|move|p1b: Murkrow|Perish Song|p1b: Murkrow\n|-start|p1a: Tatsugiri|perish3|[silent]\n|-start|p1b: Murkrow|perish3|[silent]\n|-start|p2a: Scream Tail|perish3|[silent]\n|-start|p2b: Dragonite|perish3|[silent]\n|-fieldactivate|move: Perish Song\n|move|p2a: Scream Tail|Play Rough|p1b: Murkrow\n|-supereffective|p1b: Murkrow\n|-damage|p1b: Murkrow|33\/100\n|-unboost|p1b: Murkrow|atk|1\n|move|p2b: Dragonite|Tera Blast|p1b: Murkrow\n|-damage|p1b: Murkrow|0 fnt\n|faint|p1b: Murkrow\n|\n|-start|p2a: Scream Tail|perish3\n|-start|p2b: Dragonite|perish3\n|-start|p1a: Tatsugiri|perish3\n|upkeep\n|\n|t:|1683248376\n|switch|p1b: Dondozo|Dondozo, L50, M, shiny|100\/100\n|-activate|p1a: Tatsugiri|ability: Commander|[of] p1b: Dondozo\n|-boost|p1b: Dondozo|atk|2\n|-boost|p1b: Dondozo|spa|2\n|-boost|p1b: Dondozo|spe|2\n|-boost|p1b: Dondozo|def|2\n|-boost|p1b: Dondozo|spd|2\n|turn|2\n|\n|t:|1683248386\n|switch|p2b: Arcanine|Arcanine, L50, M|100\/100\n|-ability|p2b: Arcanine|Intimidate|boost\n|-unboost|p1a: Tatsugiri|atk|1\n|-fail|p1b: Dondozo|unboost|Attack|[from] ability: Oblivious|[of] p1b: Dondozo\n|move|p2a: Scream Tail|Thunder Wave|p1b: Dondozo\n|-status|p1b: Dondozo|par\n|move|p1b: Dondozo|Rock Slide|p2b: Arcanine|[spread] p2a,p2b\n|-supereffective|p2b: Arcanine\n|-crit|p2b: Arcanine\n|-damage|p2a: Scream Tail|77\/100\n|-damage|p2b: Arcanine|8\/100\n|\n|-start|p2a: Scream Tail|perish2\n|-start|p1a: Tatsugiri|perish2\n|upkeep\n|turn|3\n|inactive|KennyJ has 30 seconds left.\n|inactive|KennyJ has 20 seconds left.\n|inactive|KennyJ has 15 seconds left.\n|\n|t:|1683248430\n|move|p2a: Scream Tail|Howl|p2a: Scream Tail|[spread] p2a,p2b\n|-boost|p2a: Scream Tail|atk|1\n|-boost|p2b: Arcanine|atk|1\n|move|p2b: Arcanine|Flare Blitz|p1b: Dondozo\n|-resisted|p1b: Dondozo\n|-damage|p1b: Dondozo|87\/100 par\n|-damage|p2b: Arcanine|3\/100|[from] Recoil\n|move|p1b: Dondozo|Rock Slide|p2b: Arcanine|[spread] p2a,p2b\n|-supereffective|p2b: Arcanine\n|-damage|p2a: Scream Tail|52\/100\n|-damage|p2b: Arcanine|0 fnt\n|faint|p2b: Arcanine\n|\n|-heal|p1b: Dondozo|93\/100 par|[from] item: Leftovers\n|-start|p2a: Scream Tail|perish1\n|-start|p1a: Tatsugiri|perish1\n|upkeep\n|\n|t:|1683248453\n|switch|p2b: Dragonite|Dragonite, L50, F, tera:Flying|100\/100\n|turn|4\n|\n|t:|1683248461\n|move|p2a: Scream Tail|Howl|p2a: Scream Tail|[spread] p2a,p2b\n|-boost|p2a: Scream Tail|atk|1\n|-boost|p2b: Dragonite|atk|1\n|move|p2b: Dragonite|Dragon Dance|p2b: Dragonite\n|-boost|p2b: Dragonite|atk|1\n|-boost|p2b: Dragonite|spe|1\n|cant|p1b: Dondozo|par\n|\n|-heal|p1b: Dondozo|99\/100 par|[from] item: Leftovers\n|-start|p2a: Scream Tail|perish0\n|-start|p1a: Tatsugiri|perish0\n|upkeep\n|faint|p2a: Scream Tail\n|-end|p2a: Scream Tail|Protosynthesis|[silent]\n|faint|p1a: Tatsugiri\n|\n|t:|1683248473\n|switch|p2a: Iron Bundle|Iron Bundle, L50|100\/100\n|switch|p1a: Flamigo|Flamigo, L50, M|100\/100\n|-copyboost|p1a: Flamigo|p1b: Dondozo|[from] ability: Costar\n|turn|5\n|inactive|KennyJ has 30 seconds left.\n|\n|t:|1683248502\n|-terastallize|p1b: Dondozo|Steel\n|move|p1a: Flamigo|Protect|p1a: Flamigo\n|-singleturn|p1a: Flamigo|Protect\n|move|p2a: Iron Bundle|Hydro Pump|p1a: Flamigo\n|-activate|p1a: Flamigo|move: Protect\n|move|p2b: Dragonite|Low Kick|p1a: Flamigo\n|-activate|p1a: Flamigo|move: Protect\n|cant|p1b: Dondozo|par\n|\n|-heal|p1b: Dondozo|100\/100 par|[from] item: Leftovers\n|upkeep\n|turn|6\n|\n|t:|1683248517\n|move|p2a: Iron Bundle|Protect|p2a: Iron Bundle\n|-singleturn|p2a: Iron Bundle|Protect\n|move|p1a: Flamigo|Close Combat|p2a: Iron Bundle\n|-activate|p2a: Iron Bundle|move: Protect\n|move|p2b: Dragonite|Tera Blast|p1a: Flamigo\n|-supereffective|p1a: Flamigo\n|-damage|p1a: Flamigo|0 fnt\n|faint|p1a: Flamigo\n|move|p1b: Dondozo|Rock Slide|p2b: Dragonite|[spread] p2b\n|-activate|p2a: Iron Bundle|move: Protect\n|-supereffective|p2b: Dragonite\n|-damage|p2b: Dragonite|69\/100\n|\n|upkeep\n|turn|7\n|\n|t:|1683248535\n|move|p2a: Iron Bundle|Hydro Pump|p1b: Dondozo\n|-damage|p1b: Dondozo|72\/100 par\n|move|p2b: Dragonite|Low Kick|p1b: Dondozo\n|-supereffective|p1b: Dondozo\n|-damage|p1b: Dondozo|4\/100 par\n|move|p1b: Dondozo|Rock Slide|p2b: Dragonite|[spread] p2a,p2b\n|-supereffective|p2a: Iron Bundle\n|-supereffective|p2b: Dragonite\n|-damage|p2a: Iron Bundle|20\/100\n|-damage|p2b: Dragonite|6\/100\n|\n|-heal|p1b: Dondozo|10\/100 par|[from] item: Leftovers\n|upkeep\n|turn|8\n|-message|Yassooooo forfeited.\n|\n|win|KennyJ\n|raw|Yassooooo's rating: 1568 → 1542<\/strong> (-26 for losing)\n|raw|KennyJ's rating: 1457 → 1483<\/strong> (+26 for winning)\n|l|\u2606Yassooooo\n","uploadtime":1683248579,"views":5,"p1id":"yassooooo","p2id":"kennyj","formatid":"gen9vgc2023regulationc","rating":1483,"private":0,"password":""}