{"id":"gen9vgc2023regulationc-1861197858","p1":"head 0f the table","p2":"Ciq108","format":"[Gen 9] VGC 2023 Regulation C","log":"|j|\u2606head 0f the table\n|j|\u2606Ciq108\n|t:|1683735088\n|gametype|doubles\n|player|p1|head 0f the table|cynthia-gen4|\n|player|p2|Ciq108|2|\n|teamsize|p1|6\n|teamsize|p2|6\n|gen|9\n|tier|[Gen 9] VGC 2023 Regulation C\n|rule|Tera Type Preview: Tera Types are shown at Team Preview\n|rule|Species Clause: Limit one of each Pok\u00e9mon\n|rule|Item Clause: Limit one of each item\n|clearpoke\n|poke|p1|Palafin, L50, F|\n|poke|p1|Arcanine, L50, M|\n|poke|p1|Baxcalibur, L50, F|\n|poke|p1|Indeedee-F, L50, F|\n|poke|p1|Hatterene, L50, F|\n|poke|p1|Eelektross, L50, M|\n|poke|p2|Talonflame, L50, F|\n|poke|p2|Garchomp, L50, F|\n|poke|p2|Garganacl, L50, F|\n|poke|p2|Gholdengo, L50|\n|poke|p2|Rotom-Mow, L50|\n|poke|p2|Tatsugiri, L50, M|\n|teampreview|4\n|raw|head 0f the table's Tera Types: \/ \/ \/ \/ \/ \n|raw|Ciq108's Tera Types: \/ \/ \/ \/ \/ \n|c|\u2606Ciq108|G2\nCiq108 rejected open team sheets.\n|j| sejuntest\n|j| THO Plexiglass\n|c|\u2606Ciq108|Glhf\n|c| sejuntest|g2 is here\n|\n|t:|1683735676\n|start\n|switch|p1a: Palafin|Palafin, L50, F|100\/100\n|switch|p1b: Arcanine|Arcanine, L50, M|100\/100\n|switch|p2a: where dozo? boi|Tatsugiri, L50, M|100\/100\n|switch|p2b: da cheesy boi|Gholdengo, L50|100\/100\n|-ability|p1b: Arcanine|Intimidate|boost\n|-unboost|p2a: where dozo? boi|atk|1\n|-unboost|p2b: da cheesy boi|atk|1\n|turn|1\n|\n|t:|1683735696\n|-terastallize|p2b: da cheesy boi|Water\n|move|p1a: Palafin|Protect|p1a: Palafin\n|-singleturn|p1a: Palafin|Protect\n|move|p1b: Arcanine|Snarl|p2a: where dozo? boi|[spread] p2a,p2b\n|-damage|p2a: where dozo? boi|89\/100\n|-damage|p2b: da cheesy boi|92\/100\n|-unboost|p2a: where dozo? boi|spa|1\n|-unboost|p2b: da cheesy boi|spa|1\n|move|p2a: where dozo? boi|Muddy Water|p1a: Palafin|[spread] p1b\n|-activate|p1a: Palafin|move: Protect\n|-supereffective|p1b: Arcanine\n|-damage|p1b: Arcanine|9\/100\n|-unboost|p1b: Arcanine|accuracy|1\n|-enditem|p1b: Arcanine|Figy Berry|[eat]\n|-heal|p1b: Arcanine|42\/100|[from] item: Figy Berry\n|move|p2b: da cheesy boi|Nasty Plot|p2b: da cheesy boi\n|-boost|p2b: da cheesy boi|spa|2\n|\n|upkeep\n|turn|2\n|j| Ace98121212\n|c| sejuntest|why is Arcanine faster than Tatsu\n|\n|t:|1683735721\n|detailschange|p1a: Palafin|Palafin-Hero, L50, F\n|switch|p1a: Eelektross|Eelektross, L50, M|100\/100\n|move|p1b: Arcanine|Flare Blitz|p2b: da cheesy boi|[miss]\n|-miss|p1b: Arcanine|p2b: da cheesy boi\n|move|p2a: where dozo? boi|Muddy Water|p1a: Eelektross|[spread] p1a,p1b\n|-supereffective|p1b: Arcanine\n|-damage|p1a: Eelektross|69\/100\n|-damage|p1b: Arcanine|0 fnt\n|faint|p1b: Arcanine\n|move|p2b: da cheesy boi|Make It Rain|p1a: Eelektross\n|-resisted|p1a: Eelektross\n|-damage|p1a: Eelektross|19\/100\n|-unboost|p2b: da cheesy boi|spa|1\n|-damage|p2b: da cheesy boi|82\/100|[from] item: Life Orb\n|\n|upkeep\n|\n|t:|1683735734\n|switch|p1b: Palafin|Palafin-Hero, L50, F|100\/100\n|-activate|p1b: Palafin|ability: Zero to Hero\n|turn|3\n|l| Ace98121212\n|\n|t:|1683735759\n|switch|p1b: Indeedee|Indeedee-F, L50, F|100\/100\n|-fieldstart|move: Psychic Terrain|[from] ability: Psychic Surge|[of] p1b: Indeedee\n|-enditem|p1b: Indeedee|Psychic Seed\n|-boost|p1b: Indeedee|spd|1|[from] item: Psychic Seed\n|move|p2a: where dozo? boi|Muddy Water|p1a: Eelektross|[spread] p1a,p1b\n|-damage|p1a: Eelektross|0 fnt\n|-damage|p1b: Indeedee|76\/100\n|faint|p1a: Eelektross\n|move|p2b: da cheesy boi|Nasty Plot|p2b: da cheesy boi\n|-boost|p2b: da cheesy boi|spa|2\n|\n|upkeep\n|\n|t:|1683735769\n|switch|p1a: Palafin|Palafin-Hero, L50, F|100\/100\n|turn|4\n|\n|t:|1683735776\n|move|p1b: Indeedee|Helping Hand|p1a: Palafin\n|-singleturn|p1a: Palafin|Helping Hand|[of] p1b: Indeedee\n|move|p1a: Palafin|Wave Crash|p2a: where dozo? boi\n|-activate|p2a: where dozo? boi|ability: Storm Drain\n|-ability|p2a: where dozo? boi|Storm Drain|boost\n|-boost|p2a: where dozo? boi|spa|1\n|move|p2a: where dozo? boi|Muddy Water|p1b: Indeedee|[spread] p1a,p1b\n|-resisted|p1a: Palafin\n|-damage|p1a: Palafin|73\/100\n|-damage|p1b: Indeedee|39\/100\n|-unboost|p1b: Indeedee|accuracy|1\n|move|p2b: da cheesy boi|Make It Rain|p1a: Palafin|[spread] p1a,p1b\n|-resisted|p1a: Palafin\n|-damage|p1a: Palafin|17\/100\n|-damage|p1b: Indeedee|0 fnt\n|-unboost|p2b: da cheesy boi|spa|1\n|faint|p1b: Indeedee\n|-damage|p2b: da cheesy boi|73\/100|[from] item: Life Orb\n|\n|upkeep\n|turn|5\n|j| Ace98121212\n|c| sejuntest|that's gg\n|c| sejuntest|solo tatsu goes CRAZY\n|c|\u2606head 0f the table|gg wp\n|c|\u2606Ciq108|Gg\n|\n|t:|1683735795\n|move|p1a: Palafin|Wave Crash|p2a: where dozo? boi\n|-ability|p2a: where dozo? boi|Storm Drain|boost\n|-boost|p2a: where dozo? boi|spa|1\n|move|p2a: where dozo? boi|Muddy Water|p1a: Palafin\n|-resisted|p1a: Palafin\n|-damage|p1a: Palafin|0 fnt\n|faint|p1a: Palafin\n|\n|win|Ciq108\n|c| Ace98121212|Gg\n|l| sejuntest\n","uploadtime":1683735805,"views":21,"p1id":"head0fthetable","p2id":"ciq108","formatid":"gen9vgc2023regulationc","rating":0,"private":0,"password":""}