{"id":"gen9vgc2023regulationc-1863832977","p1":"The ting goes BRRR","p2":"Luminetor","format":"[Gen 9] VGC 2023 Regulation C","log":"|j|\u2606The ting goes BRRR\n|j|\u2606Luminetor\n|t:|1684083222\n|gametype|doubles\n|player|p1|The ting goes BRRR|medium|\n|player|p2|Luminetor|265|\n|teamsize|p1|6\n|teamsize|p2|6\n|gen|9\n|tier|[Gen 9] VGC 2023 Regulation C\n|rule|Species Clause: Limit one of each Pok\u00e9mon\n|rule|Item Clause: Limit one of each item\n|clearpoke\n|poke|p1|Kingambit, L50, M|\n|poke|p1|Flutter Mane, L50|\n|poke|p1|Iron Hands, L50|\n|poke|p1|Gothitelle, L50, F|\n|poke|p1|Amoonguss, L50, F|\n|poke|p1|Dragonite, L50, M|\n|poke|p2|Tatsugiri, L50, F|\n|poke|p2|Dondozo, L50, M|\n|poke|p2|Glimmora, L50, M|\n|poke|p2|Flutter Mane, L50|\n|poke|p2|Chi-Yu, L50|\n|poke|p2|Iron Bundle, L50|\n|teampreview|4\n|c|\u2606Luminetor|G2\n|c|\u2606The ting goes BRRR|G2\nLuminetor has agreed to open team sheets.\nThe ting goes BRRR has agreed to open team sheets.\n|c|\u2606Luminetor|Are you here?\n|c|\u2606The ting goes BRRR|WE START HERE NOW\n|\n|t:|1684083530\n|start\n|switch|p1a: Flutter Mane|Flutter Mane, L50|100\/100\n|switch|p1b: Bro what am i?|Gothitelle, L50, F|100\/100\n|switch|p2a: Dondozo|Dondozo, L50, M|100\/100\n|switch|p2b: Flutter Mane|Flutter Mane, L50|100\/100\n|turn|1\n|inactive|Battle timer is ON: inactive players will automatically lose when time's up. (requested by The ting goes BRRR)\n|inactive|The ting goes BRRR has 60 seconds left.\n|\n|t:|1684083583\n|-terastallize|p1a: Flutter Mane|Ghost\n|move|p1b: Bro what am i?|Fake Out|p2a: Dondozo\n|-damage|p2a: Dondozo|96\/100\n|move|p1a: Flutter Mane|Shadow Ball|p2b: Flutter Mane\n|-supereffective|p2b: Flutter Mane\n|-crit|p2b: Flutter Mane\n|-damage|p2b: Flutter Mane|0 fnt\n|faint|p2b: Flutter Mane\n|-end|p2b: Flutter Mane|Protosynthesis|[silent]\n|cant|p2a: Dondozo|flinch\n|\n|-heal|p2a: Dondozo|100\/100|[from] item: Leftovers\n|upkeep\n|\n|t:|1684083598\n|switch|p2b: Tatsugiri|Tatsugiri, L50, F|100\/100\n|-activate|p2b: Tatsugiri|ability: Commander|[of] p2a: Dondozo\n|-boost|p2a: Dondozo|atk|2\n|-boost|p2a: Dondozo|spa|2\n|-boost|p2a: Dondozo|spe|2\n|-boost|p2a: Dondozo|def|2\n|-boost|p2a: Dondozo|spd|2\n|turn|2\n|\n|t:|1684083608\n|switch|p1b: Amoonguss|Amoonguss, L50, F|100\/100\n|move|p1a: Flutter Mane|Perish Song|p1a: Flutter Mane\n|-start|p1a: Flutter Mane|perish3|[silent]\n|-start|p1b: Amoonguss|perish3|[silent]\n|-start|p2a: Dondozo|perish3|[silent]\n|-miss|p1a: Flutter Mane|p2b: Tatsugiri\n|-fieldactivate|move: Perish Song\n|move|p2a: Dondozo|Earthquake|p1b: Amoonguss|[spread] p1a,p1b\n|-miss|p2a: Dondozo|p2b: Tatsugiri\n|-damage|p1a: Flutter Mane|12\/100\n|-damage|p1b: Amoonguss|68\/100\n|\n|-start|p1a: Flutter Mane|perish3\n|-start|p2a: Dondozo|perish3\n|-start|p1b: Amoonguss|perish3\n|upkeep\n|turn|3\n|\n|t:|1684083627\n|-end|p1a: Flutter Mane|Protosynthesis|[silent]\n|switch|p1a: Bro what am i?|Gothitelle, L50, F|100\/100\n|-terastallize|p2a: Dondozo|Grass\n|move|p2a: Dondozo|Earthquake|p1a: Bro what am i?|[spread] p1a,p1b\n|-miss|p2a: Dondozo|p2b: Tatsugiri\n|-crit|p1a: Bro what am i?\n|-damage|p1a: Bro what am i?|46\/100\n|-damage|p1b: Amoonguss|32\/100\n|-enditem|p1b: Amoonguss|Sitrus Berry|[eat]\n|-heal|p1b: Amoonguss|57\/100|[from] item: Sitrus Berry\n|move|p1b: Amoonguss|Pollen Puff|p1a: Bro what am i?\n|-heal|p1a: Bro what am i?|95\/100\n|\n|-start|p2a: Dondozo|perish2\n|-start|p1b: Amoonguss|perish2\n|upkeep\n|turn|4\n|\n|t:|1684083639\n|switch|p1b: Iron Hands|Iron Hands, L50|100\/100\n|move|p1a: Bro what am i?|Fake Out|p2a: Dondozo\n|-damage|p2a: Dondozo|98\/100\n|cant|p2a: Dondozo|flinch\n|\n|-heal|p2a: Dondozo|100\/100|[from] item: Leftovers\n|-start|p2a: Dondozo|perish1\n|upkeep\n|turn|5\n|c|\u2606Luminetor|gg\n|-message|Luminetor forfeited.\n|\n|win|The ting goes BRRR\n","uploadtime":1684083653,"views":5,"p1id":"thetinggoesbrrr","p2id":"luminetor","formatid":"gen9vgc2023regulationc","rating":0,"private":0,"password":""}