{"id":"gen9vgc2023regulationc-1848081067","p1":"Post GC2 testing","p2":"Matyel","format":"[Gen 9] VGC 2023 Regulation C","log":"|j|\u2606Post GC2 testing\n|j|\u2606Matyel\n|t:|1682027500\n|gametype|doubles\n|player|p1|Post GC2 testing|colress|1420\n|player|p2|Matyel|leon|1384\n|teamsize|p1|6\n|teamsize|p2|6\n|gen|9\n|tier|[Gen 9] VGC 2023 Regulation C\n|rated|\n|rule|Species Clause: Limit one of each Pok\u00e9mon\n|rule|Item Clause: Limit one of each item\n|clearpoke\n|poke|p1|Dondozo, L50, F|\n|poke|p1|Tatsugiri-Stretchy, L50, M|\n|poke|p1|Pelipper, L50, M|\n|poke|p1|Toedscruel, L50, M|\n|poke|p1|Annihilape, L50, M|\n|poke|p1|Maushold-Four, L50|\n|poke|p2|Umbreon, L50, M|\n|poke|p2|Vivillon-Fancy, L50, F|\n|poke|p2|Armarouge, L50, F|\n|poke|p2|Iron Hands, L50|\n|poke|p2|Flutter Mane, L50|\n|poke|p2|Indeedee-F, L50, F|\n|teampreview|4\n|\n|t:|1682027519\n|start\n|switch|p1a: Monsoon|Pelipper, L50, M, shiny|100\/100\n|switch|p1b: Big Bertha|Dondozo, L50, F, shiny|100\/100\n|switch|p2a: ferropalmas|Iron Hands, L50|100\/100\n|switch|p2b: Umbreon|Umbreon, L50, M|100\/100\n|-weather|RainDance|[from] ability: Drizzle|[of] p1a: Monsoon\n|turn|1\n|\n|t:|1682027537\n|move|p1b: Big Bertha|Protect|p1b: Big Bertha\n|-singleturn|p1b: Big Bertha|Protect\n|move|p2a: ferropalmas|Fake Out|p1a: Monsoon\n|-damage|p1a: Monsoon|81\/100\n|cant|p1a: Monsoon|flinch\n|move|p2b: Umbreon|Skill Swap|p1b: Big Bertha\n|-activate|p1b: Big Bertha|move: Protect\n|\n|-weather|RainDance|[upkeep]\n|upkeep\n|turn|2\n|\n|t:|1682027554\n|switch|p1b: Weirdo|Toedscruel, L50, M, shiny|100\/100\n|move|p1a: Monsoon|Hydro Pump|p2b: Umbreon\n|-damage|p2b: Umbreon|46\/100\n|move|p2b: Umbreon|Skill Swap|p1b: Weirdo\n|-activate|p2b: Umbreon|move: Skill Swap|Mycelium Might|Inner Focus|[of] p1b: Weirdo\n|move|p2a: ferropalmas|Wild Charge|p1a: Monsoon\n|-supereffective|p1a: Monsoon\n|-damage|p1a: Monsoon|0 fnt\n|faint|p1a: Monsoon\n|-damage|p2a: ferropalmas|89\/100|[from] Recoil\n|\n|-weather|RainDance|[upkeep]\n|upkeep\n|\n|t:|1682027565\n|switch|p1a: Bulkward|Tatsugiri-Stretchy, L50, M|100\/100\n|turn|3\n|\n|t:|1682027585\n|-end|p2a: ferropalmas|Quark Drive|[silent]\n|switch|p2a: Vivillon|Vivillon-Fancy, L50, F|100\/100\n|move|p1a: Bulkward|Draco Meteor|p2b: Umbreon\n|-damage|p2b: Umbreon|2\/100\n|-unboost|p1a: Bulkward|spa|2\n|move|p1b: Weirdo|Spore|p2a: Vivillon\n|-status|p2a: Vivillon|slp|[from] move: Spore\n|move|p2b: Umbreon|Snarl|p1b: Weirdo|[spread] p1a,p1b\n|-damage|p1a: Bulkward|88\/100\n|-damage|p1b: Weirdo|90\/100\n|-unboost|p1a: Bulkward|spa|1\n|\n|-weather|RainDance|[upkeep]\n|upkeep\n|turn|4\n|\n|t:|1682027607\n|move|p1a: Bulkward|Draco Meteor|p2a: Vivillon\n|-damage|p2a: Vivillon|56\/100 slp\n|-unboost|p1a: Bulkward|spa|2\n|cant|p2a: Vivillon|slp\n|move|p1b: Weirdo|Giga Drain|p2b: Umbreon\n|-damage|p2b: Umbreon|0 fnt\n|-heal|p1b: Weirdo|92\/100|[from] drain|[of] p2b: Umbreon\n|faint|p2b: Umbreon\n|\n|-weather|RainDance|[upkeep]\n|upkeep\n|\n|t:|1682027622\n|switch|p2b: ferropalmas|Iron Hands, L50|89\/100\n|turn|5\n|\n|t:|1682027634\n|-terastallize|p2b: ferropalmas|Grass\n|move|p1a: Bulkward|Draco Meteor|p2a: Vivillon\n|-damage|p2a: Vivillon|25\/100 slp\n|-unboost|p1a: Bulkward|spa|1\n|cant|p2a: Vivillon|slp\n|move|p1b: Weirdo|Spore|p2b: ferropalmas\n|-immune|p2b: ferropalmas\n|move|p2b: ferropalmas|Drain Punch|p1a: Bulkward\n|-damage|p1a: Bulkward|3\/100\n|-heal|p2b: ferropalmas|100\/100|[from] drain|[of] p1a: Bulkward\n|\n|-weather|RainDance|[upkeep]\n|upkeep\n|turn|6\n|\n|t:|1682027660\n|switch|p1a: Big Bertha|Dondozo, L50, F, shiny|100\/100\n|-end|p2b: ferropalmas|Quark Drive|[silent]\n|switch|p2b: Armarouge|Armarouge, L50, F|100\/100\n|move|p1b: Weirdo|Protect|p1b: Weirdo\n|-singleturn|p1b: Weirdo|Protect\n|-curestatus|p2a: Vivillon|slp|[msg]\n|move|p2a: Vivillon|Tailwind|p2a: Vivillon\n|-sidestart|p2: Matyel|move: Tailwind\n|\n|-weather|RainDance|[upkeep]\n|upkeep\n|turn|7\n|\n|t:|1682027683\n|switch|p2b: ferropalmas|Iron Hands, L50, tera:Grass|100\/100\n|move|p1a: Big Bertha|Protect|p1a: Big Bertha\n|-singleturn|p1a: Big Bertha|Protect\n|move|p2a: Vivillon|Sleep Powder|p1a: Big Bertha\n|-activate|p1a: Big Bertha|move: Protect\n|move|p1b: Weirdo|Spore|p2a: Vivillon\n|-status|p2a: Vivillon|slp|[from] move: Spore\n|\n|-weather|RainDance|[upkeep]\n|upkeep\n|turn|8\n|\n|t:|1682027703\n|switch|p2a: Armarouge|Armarouge, L50, F|100\/100\n|switch|p1b: Bulkward|Tatsugiri-Stretchy, L50, M|3\/100\n|-activate|p1b: Bulkward|ability: Commander|[of] p1a: Big Bertha\n|-boost|p1a: Big Bertha|atk|2\n|-boost|p1a: Big Bertha|spa|2\n|-boost|p1a: Big Bertha|spe|2\n|-boost|p1a: Big Bertha|def|2\n|-boost|p1a: Big Bertha|spd|2\n|-terastallize|p1a: Big Bertha|Water\n|move|p1a: Big Bertha|Surf|p2b: ferropalmas|[spread] p2a,p2b\n|-miss|p1a: Big Bertha|p1b: Bulkward\n|-supereffective|p2a: Armarouge\n|-resisted|p2b: ferropalmas\n|-damage|p2a: Armarouge|0 fnt\n|-damage|p2b: ferropalmas|68\/100\n|faint|p2a: Armarouge\n|-damage|p1a: Big Bertha|91\/100|[from] item: Life Orb\n|move|p2b: ferropalmas|Wild Charge|p1a: Big Bertha\n|-supereffective|p1a: Big Bertha\n|-damage|p1a: Big Bertha|51\/100\n|-damage|p2b: ferropalmas|58\/100|[from] Recoil\n|\n|-weather|none\n|upkeep\n|\n|t:|1682027726\n|switch|p2a: Vivillon|Vivillon-Fancy, L50, F|25\/100 slp\n|turn|9\n|\n|t:|1682027733\n|cant|p2a: Vivillon|slp\n|move|p1a: Big Bertha|Surf|p2b: ferropalmas|[spread] p2a,p2b\n|-miss|p1a: Big Bertha|p1b: Bulkward\n|-resisted|p2b: ferropalmas\n|-crit|p2b: ferropalmas\n|-damage|p2a: Vivillon|0 fnt\n|-damage|p2b: ferropalmas|27\/100\n|faint|p2a: Vivillon\n|-damage|p1a: Big Bertha|41\/100|[from] item: Life Orb\n|move|p2b: ferropalmas|Wild Charge|p1a: Big Bertha\n|-supereffective|p1a: Big Bertha\n|-damage|p1a: Big Bertha|1\/100\n|-damage|p2b: ferropalmas|17\/100|[from] Recoil\n|\n|-sideend|p2: Matyel|move: Tailwind\n|upkeep\n|turn|10\n|\n|t:|1682027747\n|move|p1a: Big Bertha|Surf|p2b: ferropalmas|[spread] p2b\n|-miss|p1a: Big Bertha|p1b: Bulkward\n|-resisted|p2b: ferropalmas\n|-damage|p2b: ferropalmas|0 fnt\n|faint|p2b: ferropalmas\n|-end|p2b: ferropalmas|Quark Drive|[silent]\n|-damage|p1a: Big Bertha|0 fnt|[from] item: Life Orb\n|faint|p1a: Big Bertha\n|\n|win|Post GC2 testing\n|raw|Post GC2 testing's rating: 1420 → 1438<\/strong> (+18 for winning)\n|raw|Matyel's rating: 1384 → 1366<\/strong> (-18 for losing)\n|l|\u2606Matyel\n","uploadtime":1682027770,"views":4,"p1id":"postgc2testing","p2id":"matyel","formatid":"gen9vgc2023regulationc","rating":1366,"private":0,"password":""}