{"id":"gen9vgc2023regulationc-1844845616","p1":"BlindMagneton","p2":"Siwis2","format":"[Gen 9] VGC 2023 Regulation C","log":"|j|\u2606BlindMagneton\n|j|\u2606Siwis2\n|t:|1681655761\n|gametype|doubles\n|player|p1|BlindMagneton|wattson|1178\n|player|p2|Siwis2|aaron|1147\n|teamsize|p1|6\n|teamsize|p2|6\n|gen|9\n|tier|[Gen 9] VGC 2023 Regulation C\n|rated|\n|rule|Species Clause: Limit one of each Pok\u00e9mon\n|rule|Item Clause: Limit one of each item\n|clearpoke\n|poke|p1|Iron Bundle, L50|\n|poke|p1|Palafin, L50, F|\n|poke|p1|Ceruledge, L50, M|\n|poke|p1|Grimmsnarl, L50, M|\n|poke|p1|Avalugg, L50, M|\n|poke|p1|Dragapult, L50, F|\n|poke|p2|Altaria, L50, F|\n|poke|p2|Iron Hands, L50|\n|poke|p2|Iron Bundle, L50|\n|poke|p2|Kingambit, L50, M|\n|poke|p2|Gothitelle, L50, F|\n|poke|p2|Palafin, L50, M|\n|teampreview|4\n|inactive|Battle timer is ON: inactive players will automatically lose when time's up. (requested by Siwis2)\nSiwis2 has agreed to open team sheets.\n|inactive|BlindMagneton has 60 seconds left.\n|inactive|Siwis2 has 60 seconds left.\n|\n|t:|1681655818\n|start\n|switch|p1a: Grimmsnarl|Grimmsnarl, L50, M|100\/100\n|switch|p1b: Dragapult|Dragapult, L50, F|100\/100\n|switch|p2a: Cloud Bird|Altaria, L50, F|100\/100\n|switch|p2b: Bargaining|Iron Hands, L50|100\/100\n|-ability|p2a: Cloud Bird|Cloud Nine\n|turn|1\n|inactive|BlindMagneton has 30 seconds left.\n|\n|t:|1681655852\n|-terastallize|p2a: Cloud Bird|Steel\n|move|p1a: Grimmsnarl|Fake Out|p2b: Bargaining\n|-damage|p2b: Bargaining|89\/100\n|move|p1b: Dragapult|Phantom Force||[still]\n|-prepare|p1b: Dragapult|Phantom Force\n|move|p2a: Cloud Bird|Will-O-Wisp|p1b: Dragapult|[miss]\n|-miss|p2a: Cloud Bird|p1b: Dragapult\n|cant|p2b: Bargaining|flinch\n|\n|upkeep\n|turn|2\n|\n|t:|1681655870\n|-end|p2b: Bargaining|Quark Drive|[silent]\n|switch|p2b: FG Annihilape|Kingambit, L50, M|100\/100\n|move|p1a: Grimmsnarl|Swagger|p2a: Cloud Bird\n|-boost|p2a: Cloud Bird|atk|2\n|-enditem|p1b: Dragapult|Mirror Herb\n|-boost|p1b: Dragapult|atk|2|[from] item: Mirror Herb\n|-start|p2a: Cloud Bird|confusion\n|move|p1b: Dragapult|Phantom Force|p2a: Cloud Bird|[from]lockedmove\n|-damage|p2a: Cloud Bird|3\/100\n|-activate|p2a: Cloud Bird|confusion\n|move|p2a: Cloud Bird|Will-O-Wisp|p1b: Dragapult|[miss]\n|-miss|p2a: Cloud Bird|p1b: Dragapult\n|\n|-heal|p2a: Cloud Bird|9\/100|[from] item: Leftovers\n|upkeep\n|turn|3\n|inactive|BlindMagneton has 30 seconds left.\n|inactive|Siwis2 has 30 seconds left.\n|inactive|BlindMagneton has 20 seconds left.\n|inactive|BlindMagneton has 15 seconds left.\n|\n|t:|1681655913\n|move|p1a: Grimmsnarl|Thunder Wave|p2a: Cloud Bird\n|-status|p2a: Cloud Bird|par\n|move|p2b: FG Annihilape|Sucker Punch||[still]\n|-fail|p2b: FG Annihilape\n|move|p1b: Dragapult|Will-O-Wisp|p2b: FG Annihilape\n|-status|p2b: FG Annihilape|brn\n|-enditem|p2b: FG Annihilape|Lum Berry|[eat]\n|-curestatus|p2b: FG Annihilape|brn|[msg]\n|-activate|p2a: Cloud Bird|confusion\n|cant|p2a: Cloud Bird|par\n|\n|-heal|p2a: Cloud Bird|15\/100 par|[from] item: Leftovers\n|upkeep\n|turn|4\n|inactive|BlindMagneton has 30 seconds left.\n|inactive|BlindMagneton has 20 seconds left.\n|inactive|BlindMagneton has 15 seconds left.\n|inactive|BlindMagneton has 10 seconds left.\n|inactive|BlindMagneton has 5 seconds left.\n|\n|t:|1681655968\n|switch|p2b: CS Delibird|Iron Bundle, L50|100\/100\n|-enditem|p2b: CS Delibird|Booster Energy\n|-activate|p2b: CS Delibird|ability: Quark Drive|[fromitem]\n|-start|p2b: CS Delibird|quarkdrivespe\n|move|p1a: Grimmsnarl|Swagger|p2b: CS Delibird|[miss]\n|-miss|p1a: Grimmsnarl|p2b: CS Delibird\n|move|p1b: Dragapult|Acrobatics|p2a: Cloud Bird\n|-resisted|p2a: Cloud Bird\n|-damage|p2a: Cloud Bird|0 fnt\n|faint|p2a: Cloud Bird\n|\n|upkeep\n|\n|t:|1681655980\n|switch|p2a: FG Annihilape|Kingambit, L50, M|100\/100\n|turn|5\n|\n|t:|1681655995\n|-terastallize|p1b: Dragapult|Dark\n|move|p1a: Grimmsnarl|Thunder Wave|p2b: CS Delibird\n|-status|p2b: CS Delibird|par\n|move|p2a: FG Annihilape|Sucker Punch||[still]\n|-fail|p2a: FG Annihilape\n|move|p1b: Dragapult|Will-O-Wisp|p2a: FG Annihilape\n|-status|p2a: FG Annihilape|brn\n|move|p2b: CS Delibird|Freeze-Dry|p1b: Dragapult\n|-damage|p1b: Dragapult|54\/100\n|\n|-damage|p2a: FG Annihilape|95\/100 brn|[from] brn\n|upkeep\n|turn|6\n|inactive|BlindMagneton has 30 seconds left.\n|\n|t:|1681656026\n|move|p1a: Grimmsnarl|Sucker Punch|p2a: FG Annihilape\n|-resisted|p2a: FG Annihilape\n|-damage|p2a: FG Annihilape|79\/100 brn\n|move|p1b: Dragapult|Phantom Force||[still]\n|-prepare|p1b: Dragapult|Phantom Force\n|move|p2b: CS Delibird|Freeze-Dry|p1b: Dragapult|[miss]\n|-miss|p2b: CS Delibird|p1b: Dragapult\n|move|p2a: FG Annihilape|Iron Head|p1b: Dragapult|[miss]\n|-miss|p2a: FG Annihilape|p1b: Dragapult\n|\n|-damage|p2a: FG Annihilape|73\/100 brn|[from] brn\n|upkeep\n|turn|7\n|inactive|BlindMagneton has 30 seconds left.\n|\n|t:|1681656055\n|switch|p1a: Ceruledge|Ceruledge, L50, M|100\/100\n|move|p1b: Dragapult|Phantom Force|p2b: CS Delibird|[from]lockedmove\n|-damage|p2b: CS Delibird|0 fnt\n|faint|p2b: CS Delibird\n|-end|p2b: CS Delibird|Quark Drive|[silent]\n|move|p2a: FG Annihilape|Kowtow Cleave|p1b: Dragapult\n|-resisted|p1b: Dragapult\n|-damage|p1b: Dragapult|39\/100\n|\n|-damage|p2a: FG Annihilape|67\/100 brn|[from] brn\n|upkeep\n|-message|Siwis2 forfeited.\n|\n|win|BlindMagneton\n|raw|BlindMagneton's rating: 1178 → 1201<\/strong> (+23 for winning)\n|raw|Siwis2's rating: 1147 → 1124<\/strong> (-23 for losing)\n|l|\u2606Siwis2\n","uploadtime":1681656069,"views":12,"p1id":"blindmagneton","p2id":"siwis2","formatid":"gen9vgc2023regulationc","rating":1124,"private":0,"password":""}