{"id":"gen9vgc2023regulationc-1856661160","p1":"Char7ine","p2":"iStockphoto","format":"[Gen 9] VGC 2023 Regulation C","log":"|j|\u2606Char7ine\n|j|\u2606iStockphoto\n|t:|1683089909\n|gametype|doubles\n|player|p1|Char7ine|170|1214\n|player|p2|iStockphoto|266|1129\n|teamsize|p1|6\n|teamsize|p2|6\n|gen|9\n|tier|[Gen 9] VGC 2023 Regulation C\n|rated|\n|rule|Species Clause: Limit one of each Pok\u00e9mon\n|rule|Item Clause: Limit one of each item\n|clearpoke\n|poke|p1|Torkoal, L50, M|\n|poke|p1|Flutter Mane, L50|\n|poke|p1|Great Tusk, L50|\n|poke|p1|Roaring Moon, L50|\n|poke|p1|Slither Wing, L50|\n|poke|p1|Pawmot, L50, M|\n|poke|p2|Abomasnow, L50, M|\n|poke|p2|Baxcalibur, L50, M|\n|poke|p2|Ting-Lu, L50|\n|poke|p2|Maushold, L50|\n|poke|p2|Wo-Chien, L50|\n|poke|p2|Gholdengo, L50|\n|teampreview|4\n|\n|t:|1683089934\n|start\n|switch|p1a: Flutter|Flutter Mane, L50|100\/100\n|switch|p1b: Mediocre Tusk|Great Tusk, L50|100\/100\n|switch|p2a: Abomasnow|Abomasnow, L50, M|100\/100\n|switch|p2b: Baxcalibur|Baxcalibur, L50, M|100\/100\n|-weather|Snow|[from] ability: Snow Warning|[of] p2a: Abomasnow\n|turn|1\n|\n|t:|1683089969\n|-end|p1b: Mediocre Tusk|Protosynthesis|[silent]\n|switch|p1b: Lame Tortoise|Torkoal, L50, M|100\/100\n|-weather|SunnyDay|[from] ability: Drought|[of] p1b: Lame Tortoise\n|-activate|p1a: Flutter|ability: Protosynthesis\n|-start|p1a: Flutter|protosynthesisspe\n|switch|p2a: Maushold|Maushold, L50|100\/100\n|move|p1a: Flutter|Dazzling Gleam|p2b: Baxcalibur|[spread] p2a,p2b\n|-supereffective|p2b: Baxcalibur\n|-damage|p2a: Maushold|47\/100\n|-damage|p2b: Baxcalibur|32\/100\n|move|p2b: Baxcalibur|Dragon Dance|p2b: Baxcalibur\n|-boost|p2b: Baxcalibur|atk|1\n|-boost|p2b: Baxcalibur|spe|1\n|\n|-weather|SunnyDay|[upkeep]\n|upkeep\n|turn|2\n|\n|t:|1683089991\n|switch|p2a: Abomasnow|Abomasnow, L50, M|100\/100\n|-weather|Snow|[from] ability: Snow Warning|[of] p2a: Abomasnow\n|-end|p1a: Flutter|Protosynthesis\n|-terastallize|p2b: Baxcalibur|Ice\n|move|p1b: Lame Tortoise|Helping Hand|p1a: Flutter\n|-singleturn|p1a: Flutter|Helping Hand|[of] p1b: Lame Tortoise\n|move|p2b: Baxcalibur|Ice Shard|p1a: Flutter\n|-damage|p1a: Flutter|0 fnt\n|faint|p1a: Flutter\n|-end|p1a: Flutter|Protosynthesis|[silent]\n|-damage|p2b: Baxcalibur|22\/100|[from] item: Life Orb\n|\n|-weather|Snow|[upkeep]\n|upkeep\n|\n|t:|1683090005\n|switch|p1a: Mediocre Tusk|Great Tusk, L50|100\/100\n|turn|3\n|\n|t:|1683090023\n|switch|p2a: Wo-Chien|Wo-Chien, L50|100\/100\n|-ability|p2a: Wo-Chien|Tablets of Ruin\n|switch|p1b: cheeseburger|Pawmot, L50, M, shiny|100\/100\n|-terastallize|p1a: Mediocre Tusk|Fighting\n|move|p2b: Baxcalibur|Icicle Crash|p1a: Mediocre Tusk\n|-damage|p1a: Mediocre Tusk|20\/100\n|-damage|p2b: Baxcalibur|12\/100|[from] item: Life Orb\n|move|p1a: Mediocre Tusk|Close Combat|p2a: Wo-Chien\n|-supereffective|p2a: Wo-Chien\n|-damage|p2a: Wo-Chien|0 fnt\n|-unboost|p1a: Mediocre Tusk|def|1\n|-unboost|p1a: Mediocre Tusk|spd|1\n|-enditem|p1a: Mediocre Tusk|White Herb\n|-clearnegativeboost|p1a: Mediocre Tusk|[silent]\n|faint|p2a: Wo-Chien\n|\n|-weather|Snow|[upkeep]\n|upkeep\n|\n|t:|1683090044\n|switch|p2a: Maushold|Maushold, L50|47\/100\n|turn|4\n|\n|t:|1683090091\n|move|p2a: Maushold|Follow Me|p2a: Maushold\n|-singleturn|p2a: Maushold|move: Follow Me\n|move|p1b: cheeseburger|Mach Punch|p2a: Maushold\n|-supereffective|p2a: Maushold\n|-damage|p2a: Maushold|0 fnt\n|faint|p2a: Maushold\n|move|p2b: Baxcalibur|Earthquake|p1b: cheeseburger|[spread] p1a,p1b\n|-supereffective|p1b: cheeseburger\n|-damage|p1a: Mediocre Tusk|0 fnt\n|-damage|p1b: cheeseburger|0 fnt\n|faint|p1a: Mediocre Tusk\n|-end|p1a: Mediocre Tusk|Protosynthesis|[silent]\n|faint|p1b: cheeseburger\n|-damage|p2b: Baxcalibur|2\/100|[from] item: Life Orb\n|\n|-weather|Snow|[upkeep]\n|upkeep\n|\n|t:|1683090111\n|switch|p2a: Abomasnow|Abomasnow, L50, M|100\/100\n|switch|p1b: Lame Tortoise|Torkoal, L50, M|100\/100\n|-weather|SunnyDay|[from] ability: Drought|[of] p1b: Lame Tortoise\n|turn|5\n|inactive|Battle timer is ON: inactive players will automatically lose when time's up. (requested by Char7ine)\n|\n|t:|1683090123\n|move|p2a: Abomasnow|Protect|p2a: Abomasnow\n|-singleturn|p2a: Abomasnow|Protect\n|move|p2b: Baxcalibur|Earthquake|p1b: Lame Tortoise|[spread] p1b\n|-activate|p2a: Abomasnow|move: Protect\n|-supereffective|p1b: Lame Tortoise\n|-damage|p1b: Lame Tortoise|5\/100\n|-damage|p2b: Baxcalibur|0 fnt|[from] item: Life Orb\n|faint|p2b: Baxcalibur\n|move|p1b: Lame Tortoise|Flamethrower|p2a: Abomasnow\n|-activate|p2a: Abomasnow|move: Protect\n|\n|-weather|SunnyDay|[upkeep]\n|upkeep\n|turn|6\n|\n|t:|1683090138\n|move|p2a: Abomasnow|Icy Wind|p1b: Lame Tortoise\n|-resisted|p1b: Lame Tortoise\n|-damage|p1b: Lame Tortoise|0 fnt\n|faint|p1b: Lame Tortoise\n|\n|win|iStockphoto\n|raw|Char7ine's rating: 1214 → 1183<\/strong> (-31 for losing)\n|raw|iStockphoto's rating: 1129 → 1160<\/strong> (+31 for winning)\n|c|\u2606Char7ine|gg\n|l|\u2606Char7ine\n|c|\u2606iStockphoto|gg!\n","uploadtime":1683090144,"views":4,"p1id":"char7ine","p2id":"istockphoto","formatid":"gen9vgc2023regulationc","rating":1160,"private":0,"password":""}