{"id":"gen9vgc2023regulationc-1855065248","p1":"Maelstrom309","p2":"RagnaC","format":"[Gen 9] VGC 2023 Regulation C","log":"|j|\u2606Maelstrom309\n|j|\u2606RagnaC\n|t:|1682897063\n|gametype|doubles\n|player|p1|Maelstrom309|hilbert|\n|player|p2|RagnaC|red|\n|teamsize|p1|6\n|teamsize|p2|6\n|gen|9\n|tier|[Gen 9] VGC 2023 Regulation C\n|rule|Species Clause: Limit one of each Pok\u00e9mon\n|rule|Item Clause: Limit one of each item\n|clearpoke\n|poke|p1|Ting-Lu, L50|\n|poke|p1|Torkoal, L50, M|\n|poke|p1|Farigiraf, L50, F|\n|poke|p1|Hariyama, L50, M|\n|poke|p1|Lilligant, L50, F|\n|poke|p1|Heracross, L50, M|\n|poke|p2|Iron Hands, L50|\n|poke|p2|Brute Bonnet, L50|\n|poke|p2|Ting-Lu, L50|\n|poke|p2|Bronzong, L50|\n|poke|p2|Gastrodon, L50, M|\n|poke|p2|Dragalge, L50, M|\n|teampreview|4\n|inactive|Battle timer is ON: inactive players will automatically lose when time's up. (requested by RagnaC)\n|inactive|Maelstrom309 has 60 seconds left.\n|inactive|RagnaC has 60 seconds left.\n|\n|t:|1682897101\n|start\n|switch|p1a: Heracross|Heracross, L50, M|100\/100\n|switch|p1b: Hariyama|Hariyama, L50, M|100\/100\n|switch|p2a: Iron Hands|Iron Hands, L50|100\/100\n|switch|p2b: Bronzong|Bronzong, L50|100\/100\n|turn|1\n|\n|t:|1682897118\n|move|p1a: Heracross|Protect|p1a: Heracross\n|-singleturn|p1a: Heracross|Protect\n|move|p1b: Hariyama|Protect|p1b: Hariyama\n|-singleturn|p1b: Hariyama|Protect\n|move|p2a: Iron Hands|Swords Dance|p2a: Iron Hands\n|-boost|p2a: Iron Hands|atk|2\n|move|p2b: Bronzong|Trick Room|p2b: Bronzong\n|-fieldstart|move: Trick Room|[of] p2b: Bronzong\n|\n|-status|p1b: Hariyama|brn|[from] item: Flame Orb\n|-status|p1a: Heracross|tox|[from] item: Toxic Orb\n|upkeep\n|turn|2\n|inactive|Maelstrom309 has 30 seconds left.\n|inactive|RagnaC has 30 seconds left.\n|inactive|RagnaC has 20 seconds left.\n|inactive|RagnaC has 15 seconds left.\n|inactive|RagnaC has 10 seconds left.\n|inactive|RagnaC has 5 seconds left.\n|\n|t:|1682897171\n|switch|p2b: Gastrodon|Gastrodon, L50, M|100\/100\n|switch|p1a: Torkoal|Torkoal, L50, M|100\/100\n|-weather|SunnyDay|[from] ability: Drought|[of] p1a: Torkoal\n|move|p2a: Iron Hands|Wild Charge|p1a: Torkoal\n|-damage|p1a: Torkoal|16\/100\n|-damage|p2a: Iron Hands|86\/100|[from] Recoil\n|move|p1b: Hariyama|Headlong Rush|p2a: Iron Hands\n|-supereffective|p2a: Iron Hands\n|-crit|p2a: Iron Hands\n|-damage|p2a: Iron Hands|0 fnt\n|-unboost|p1b: Hariyama|def|1\n|-unboost|p1b: Hariyama|spd|1\n|faint|p2a: Iron Hands\n|-end|p2a: Iron Hands|Quark Drive|[silent]\n|\n|-weather|SunnyDay|[upkeep]\n|-damage|p1b: Hariyama|94\/100 brn|[from] brn\n|upkeep\n|inactive|RagnaC has 30 seconds left.\n|\n|t:|1682897200\n|switch|p2a: Ting-Lu|Ting-Lu, L50|100\/100\n|-ability|p2a: Ting-Lu|Vessel of Ruin\n|turn|3\n|inactive|Maelstrom309 has 30 seconds left.\n|inactive|RagnaC has 30 seconds left.\n|inactive|Maelstrom309 has 20 seconds left.\n|inactive|Maelstrom309 has 15 seconds left.\n|inactive|Maelstrom309 has 10 seconds left.\n|inactive|Maelstrom309 has 5 seconds left.\n|\n|t:|1682897251\n|switch|p1b: Lilligant|Lilligant, L50, F|100\/100\n|-terastallize|p2a: Ting-Lu|Poison\n|move|p1a: Torkoal|Protect|p1a: Torkoal\n|-singleturn|p1a: Torkoal|Protect\n|move|p2b: Gastrodon|Earth Power|p1b: Lilligant\n|-resisted|p1b: Lilligant\n|-damage|p1b: Lilligant|79\/100\n|move|p2a: Ting-Lu|Stomping Tantrum|p1b: Lilligant\n|-resisted|p1b: Lilligant\n|-damage|p1b: Lilligant|53\/100\n|\n|-weather|SunnyDay|[upkeep]\n|upkeep\n|turn|4\n|inactive|Maelstrom309 has 30 seconds left.\n|inactive|RagnaC has 30 seconds left.\n|\n|t:|1682897287\n|move|p2b: Gastrodon|Protect|p2b: Gastrodon\n|-singleturn|p2b: Gastrodon|Protect\n|move|p1a: Torkoal|Earth Power|p2a: Ting-Lu\n|-supereffective|p2a: Ting-Lu\n|-damage|p2a: Ting-Lu|71\/100\n|move|p2a: Ting-Lu|Stomping Tantrum|p1a: Torkoal\n|-supereffective|p1a: Torkoal\n|-damage|p1a: Torkoal|0 fnt\n|faint|p1a: Torkoal\n|move|p1b: Lilligant|After You|p1: Torkoal|[notarget]\n|-fail|p1b: Lilligant\n|\n|-weather|SunnyDay|[upkeep]\n|-heal|p2a: Ting-Lu|78\/100|[from] item: Leftovers\n|upkeep\n|\n|t:|1682897310\n|switch|p1a: Hariyama|Hariyama, L50, M|94\/100 brn\n|turn|5\n|inactive|Maelstrom309 has 30 seconds left.\n|inactive|Maelstrom309 has 20 seconds left.\n|\n|t:|1682897350\n|switch|p2b: Bronzong|Bronzong, L50|100\/100\n|move|p1a: Hariyama|Fake Out|p2a: Ting-Lu\n|-damage|p2a: Ting-Lu|67\/100\n|cant|p2a: Ting-Lu|flinch\n|move|p1b: Lilligant|Leaf Storm|p2b: Bronzong\n|-resisted|p2b: Bronzong\n|-damage|p2b: Bronzong|80\/100\n|-unboost|p1b: Lilligant|spa|2\n|\n|-weather|SunnyDay|[upkeep]\n|-heal|p2a: Ting-Lu|73\/100|[from] item: Leftovers\n|-damage|p1a: Hariyama|88\/100 brn|[from] brn\n|-fieldend|move: Trick Room\n|upkeep\n|turn|6\n|inactive|Maelstrom309 has 30 seconds left.\n|inactive|RagnaC has 30 seconds left.\n|inactive|Maelstrom309 has 20 seconds left.\n|inactive|Maelstrom309 has 15 seconds left.\n|\n|t:|1682897391\n|move|p1b: Lilligant|Pollen Puff|p1a: Hariyama\n|-heal|p1a: Hariyama|100\/100 brn\n|move|p2a: Ting-Lu|Fissure|p1a: Hariyama|[miss]\n|-miss|p2a: Ting-Lu|p1a: Hariyama\n|move|p1a: Hariyama|Headlong Rush|p2b: Bronzong\n|-immune|p2b: Bronzong|[from] ability: Levitate\n|move|p2b: Bronzong|Trick Room|p2b: Bronzong\n|-fieldstart|move: Trick Room|[of] p2b: Bronzong\n|\n|-weather|none\n|-heal|p2a: Ting-Lu|80\/100|[from] item: Leftovers\n|-damage|p1a: Hariyama|94\/100 brn|[from] brn\n|upkeep\n|turn|7\n|inactive|Maelstrom309 has 30 seconds left.\n|inactive|Maelstrom309 has 20 seconds left.\n|inactive|Maelstrom309 has 15 seconds left.\n|\n|t:|1682897431\n|move|p2b: Bronzong|Body Press|p1b: Lilligant\n|-damage|p1b: Lilligant|9\/100\n|move|p1a: Hariyama|Headlong Rush|p2a: Ting-Lu\n|-supereffective|p2a: Ting-Lu\n|-damage|p2a: Ting-Lu|24\/100\n|-unboost|p1a: Hariyama|def|1\n|-unboost|p1a: Hariyama|spd|1\n|move|p2a: Ting-Lu|Stomping Tantrum|p1b: Lilligant\n|-resisted|p1b: Lilligant\n|-damage|p1b: Lilligant|0 fnt\n|faint|p1b: Lilligant\n|\n|-heal|p2a: Ting-Lu|30\/100|[from] item: Leftovers\n|-damage|p1a: Hariyama|88\/100 brn|[from] brn\n|upkeep\n|\n|t:|1682897444\n|switch|p1b: Heracross|Heracross, L50, M|100\/100 tox\n|turn|8\n|\n|t:|1682897469\n|move|p2a: Ting-Lu|Protect|p2a: Ting-Lu\n|-singleturn|p2a: Ting-Lu|Protect\n|move|p1b: Heracross|Protect|p1b: Heracross\n|-singleturn|p1b: Heracross|Protect\n|move|p2b: Bronzong|Iron Defense|p2b: Bronzong\n|-boost|p2b: Bronzong|def|2\n|move|p1a: Hariyama|Headlong Rush|p2a: Ting-Lu\n|-activate|p2a: Ting-Lu|move: Protect\n|\n|-heal|p2a: Ting-Lu|36\/100|[from] item: Leftovers\n|-damage|p1b: Heracross|94\/100 tox|[from] psn\n|-damage|p1a: Hariyama|82\/100 brn|[from] brn\n|upkeep\n|turn|9\n|\n|t:|1682897492\n|-terastallize|p1b: Heracross|Normal\n|move|p2b: Bronzong|Body Press|p1a: Hariyama\n|-damage|p1a: Hariyama|9\/100 brn\n|move|p1a: Hariyama|Headlong Rush|p2a: Ting-Lu\n|-supereffective|p2a: Ting-Lu\n|-damage|p2a: Ting-Lu|0 fnt\n|-unboost|p1a: Hariyama|def|1\n|-unboost|p1a: Hariyama|spd|1\n|faint|p2a: Ting-Lu\n|move|p1b: Heracross|Facade|p2b: Bronzong\n|-resisted|p2b: Bronzong\n|-damage|p2b: Bronzong|61\/100\n|\n|-damage|p1b: Heracross|82\/100 tox|[from] psn\n|-damage|p1a: Hariyama|3\/100 brn|[from] brn\n|upkeep\n|\n|t:|1682897498\n|switch|p2a: Gastrodon|Gastrodon, L50, M|100\/100\n|turn|10\n|inactive|Maelstrom309 has 30 seconds left.\n|inactive|Maelstrom309 has 20 seconds left.\n|inactive|Maelstrom309 has 15 seconds left.\n|inactive|Maelstrom309 has 10 seconds left.\n|\n|t:|1682897547\n|move|p1a: Hariyama|Protect|p1a: Hariyama\n|-singleturn|p1a: Hariyama|Protect\n|move|p2b: Bronzong|Body Press|p1b: Heracross\n|-supereffective|p1b: Heracross\n|-damage|p1b: Heracross|0 fnt\n|faint|p1b: Heracross\n|move|p2a: Gastrodon|Earth Power|p1a: Hariyama\n|-activate|p1a: Hariyama|move: Protect\n|\n|-damage|p1a: Hariyama|0 fnt|[from] brn\n|faint|p1a: Hariyama\n|\n|win|RagnaC\n|upkeep\n|c|\u2606RagnaC|gg\n|c|\u2606Maelstrom309|gg\n","uploadtime":1682897598,"views":13,"p1id":"maelstrom309","p2id":"ragnac","formatid":"gen9vgc2023regulationc","rating":0,"private":0,"password":""}