{"id":"gen9vgc2023regulationc-1852520996","p1":"Gengar HDL","p2":"DiabloPS","format":"[Gen 9] VGC 2023 Regulation C","log":"|j|\u2606Gengar HDL\n|j|\u2606DiabloPS\n|t:|1682569053\n|gametype|doubles\n|player|p1|Gengar HDL|bertha|1342\n|player|p2|DiabloPS|170|1263\n|teamsize|p1|6\n|teamsize|p2|6\n|gen|9\n|tier|[Gen 9] VGC 2023 Regulation C\n|rated|\n|rule|Species Clause: Limit one of each Pok\u00e9mon\n|rule|Item Clause: Limit one of each item\n|clearpoke\n|poke|p1|Ting-Lu, L50|\n|poke|p1|Iron Bundle, L50|\n|poke|p1|Dragonite, L50, F|\n|poke|p1|Gholdengo, L50|\n|poke|p1|Dondozo, L50, F|\n|poke|p1|Flutter Mane, L50|\n|poke|p2|Ting-Lu, L50|\n|poke|p2|Annihilape, L50, M|\n|poke|p2|Arcanine, L50, F|\n|poke|p2|Amoonguss, L50, F|\n|poke|p2|Maushold-Four, L50|\n|poke|p2|Gholdengo, L50|\n|teampreview|4\n|\n|t:|1682569088\n|start\n|switch|p1a: Gholdengo|Gholdengo, L50|100\/100\n|switch|p1b: Ting-Lu|Ting-Lu, L50|100\/100\n|switch|p2a: Mr. And Ms.|Maushold-Four, L50|100\/100\n|switch|p2b: Midas|Gholdengo, L50|100\/100\n|-ability|p1b: Ting-Lu|Vessel of Ruin\n|turn|1\n|\n|t:|1682569114\n|-terastallize|p2b: Midas|Steel\n|move|p1a: Gholdengo|Trick|p2a: Mr. And Ms.\n|-activate|p1a: Gholdengo|move: Trick|[of] p2a: Mr. And Ms.\n|-item|p2a: Mr. And Ms.|Choice Specs|[from] move: Trick\n|-item|p1a: Gholdengo|Rocky Helmet|[from] move: Trick\n|move|p2a: Mr. And Ms.|Super Fang|p1b: Ting-Lu\n|-damage|p1b: Ting-Lu|50\/100\n|move|p2b: Midas|Shadow Ball|p1a: Gholdengo\n|-supereffective|p1a: Gholdengo\n|-damage|p1a: Gholdengo|10\/100\n|-damage|p2b: Midas|91\/100|[from] item: Life Orb\n|move|p1b: Ting-Lu|Stealth Rock|p2b: Midas\n|-sidestart|p2: DiabloPS|move: Stealth Rock\n|\n|upkeep\n|turn|2\n|\n|t:|1682569157\n|move|p1a: Gholdengo|Make It Rain|p2b: Midas|[spread] p2a,p2b\n|-resisted|p2b: Midas\n|-damage|p2a: Mr. And Ms.|67\/100\n|-damage|p2b: Midas|78\/100\n|-unboost|p1a: Gholdengo|spa|1\n|move|p2a: Mr. And Ms.|Super Fang|p1b: Ting-Lu\n|-damage|p1b: Ting-Lu|25\/100\n|move|p2b: Midas|Make It Rain|p1a: Gholdengo|[spread] p1a,p1b\n|-resisted|p1a: Gholdengo\n|-damage|p1a: Gholdengo|0 fnt\n|-damage|p1b: Ting-Lu|0 fnt\n|-unboost|p2b: Midas|spa|1\n|faint|p1a: Gholdengo\n|faint|p1b: Ting-Lu\n|-damage|p2b: Midas|69\/100|[from] item: Life Orb\n|\n|upkeep\n|\n|t:|1682569169\n|switch|p1a: Dondozo|Dondozo, L50, F|100\/100\n|switch|p1b: Dragonite|Dragonite, L50, F|100\/100\n|turn|3\n|inactive|Battle timer is ON: inactive players will automatically lose when time's up. (requested by DiabloPS)\n|\n|t:|1682569241\n|-terastallize|p1b: Dragonite|Flying\n|move|p1b: Dragonite|Tera Blast|p2a: Mr. And Ms.\n|-damage|p2a: Mr. And Ms.|0 fnt\n|faint|p2a: Mr. And Ms.\n|move|p2b: Midas|Shadow Ball|p1a: Dondozo\n|-damage|p1a: Dondozo|73\/100\n|-damage|p2b: Midas|59\/100|[from] item: Life Orb\n|move|p1a: Dondozo|Liquidation|p2b: Midas\n|-damage|p2b: Midas|26\/100\n|\n|-heal|p1a: Dondozo|79\/100|[from] item: Leftovers\n|upkeep\n|\n|t:|1682569258\n|switch|p2a: Cheap Trick|Ting-Lu, L50|100\/100\n|-damage|p2a: Cheap Trick|95\/100|[from] Stealth Rock\n|-ability|p2a: Cheap Trick|Vessel of Ruin\n|turn|4\n|inactive|Gengar HDL has 30 seconds left.\n|\n|t:|1682569289\n|move|p1b: Dragonite|Tera Blast|p2a: Cheap Trick\n|-damage|p2a: Cheap Trick|47\/100\n|move|p2b: Midas|Make It Rain|p1b: Dragonite|[spread] p1a,p1b\n|-resisted|p1a: Dondozo\n|-damage|p1a: Dondozo|63\/100\n|-damage|p1b: Dragonite|80\/100\n|-unboost|p2b: Midas|spa|1\n|-damage|p2b: Midas|16\/100|[from] item: Life Orb\n|move|p2a: Cheap Trick|Ruination|p1b: Dragonite\n|-damage|p1b: Dragonite|40\/100\n|move|p1a: Dondozo|Liquidation|p2a: Cheap Trick\n|-supereffective|p2a: Cheap Trick\n|-damage|p2a: Cheap Trick|7\/100\n|\n|-heal|p1a: Dondozo|70\/100|[from] item: Leftovers\n|upkeep\n|turn|5\n|inactive|Gengar HDL has 30 seconds left.\n|inactive|DiabloPS has 30 seconds left.\n|\n|t:|1682569319\n|move|p1b: Dragonite|Tera Blast|p2a: Cheap Trick\n|-damage|p2a: Cheap Trick|0 fnt\n|faint|p2a: Cheap Trick\n|move|p2b: Midas|Make It Rain|p1b: Dragonite|[spread] p1a,p1b\n|-resisted|p1a: Dondozo\n|-crit|p1b: Dragonite\n|-damage|p1a: Dondozo|53\/100\n|-damage|p1b: Dragonite|0 fnt\n|-unboost|p2b: Midas|spa|1\n|faint|p1b: Dragonite\n|-damage|p2b: Midas|7\/100|[from] item: Life Orb\n|move|p1a: Dondozo|Liquidation|p2b: Midas\n|-crit|p2b: Midas\n|-damage|p2b: Midas|0 fnt\n|faint|p2b: Midas\n|\n|-heal|p1a: Dondozo|60\/100|[from] item: Leftovers\n|upkeep\n|\n|t:|1682569344\n|switch|p2a: Amogus|Amoonguss, L50, F, shiny|100\/100\n|-damage|p2a: Amogus|88\/100|[from] Stealth Rock\n|turn|6\n|\n|t:|1682569353\n|move|p1a: Dondozo|Yawn|p2a: Amogus\n|-start|p2a: Amogus|move: Yawn|[of] p1a: Dondozo\n|move|p2a: Amogus|Spore|p1a: Dondozo\n|-status|p1a: Dondozo|slp|[from] move: Spore\n|\n|-heal|p1a: Dondozo|66\/100 slp|[from] item: Leftovers\n|upkeep\n|turn|7\n|\n|t:|1682569372\n|cant|p1a: Dondozo|slp\n|move|p2a: Amogus|Pollen Puff|p1a: Dondozo\n|-damage|p1a: Dondozo|51\/100 slp\n|\n|-heal|p1a: Dondozo|58\/100 slp|[from] item: Leftovers\n|-end|p2a: Amogus|move: Yawn|[silent]\n|-status|p2a: Amogus|slp\n|upkeep\n|turn|8\n|\n|t:|1682569384\n|-curestatus|p1a: Dondozo|slp|[msg]\n|move|p1a: Dondozo|Liquidation|p2a: Amogus\n|-resisted|p2a: Amogus\n|-damage|p2a: Amogus|75\/100 slp\n|cant|p2a: Amogus|slp\n|\n|-heal|p1a: Dondozo|64\/100|[from] item: Leftovers\n|upkeep\n|turn|9\n|\n|t:|1682569398\n|move|p1a: Dondozo|Liquidation|p2a: Amogus\n|-resisted|p2a: Amogus\n|-damage|p2a: Amogus|60\/100 slp\n|-curestatus|p2a: Amogus|slp|[msg]\n|move|p2a: Amogus|Pollen Puff|p1a: Dondozo\n|-damage|p1a: Dondozo|50\/100\n|\n|-heal|p1a: Dondozo|57\/100|[from] item: Leftovers\n|upkeep\n|turn|10\n|\n|t:|1682569411\n|move|p1a: Dondozo|Yawn|p2a: Amogus\n|-start|p2a: Amogus|move: Yawn|[of] p1a: Dondozo\n|move|p2a: Amogus|Spore|p1a: Dondozo\n|-status|p1a: Dondozo|slp|[from] move: Spore\n|\n|-heal|p1a: Dondozo|63\/100 slp|[from] item: Leftovers\n|upkeep\n|turn|11\n|\n|t:|1682569421\n|cant|p1a: Dondozo|slp\n|move|p2a: Amogus|Pollen Puff|p1a: Dondozo\n|-damage|p1a: Dondozo|48\/100 slp\n|\n|-heal|p1a: Dondozo|54\/100 slp|[from] item: Leftovers\n|-end|p2a: Amogus|move: Yawn|[silent]\n|-status|p2a: Amogus|slp\n|upkeep\n|turn|12\n|\n|t:|1682569434\n|-curestatus|p1a: Dondozo|slp|[msg]\n|move|p1a: Dondozo|Liquidation|p2a: Amogus\n|-resisted|p2a: Amogus\n|-damage|p2a: Amogus|47\/100 slp\n|-enditem|p2a: Amogus|Sitrus Berry|[eat]\n|-heal|p2a: Amogus|72\/100 slp|[from] item: Sitrus Berry\n|cant|p2a: Amogus|slp\n|\n|-heal|p1a: Dondozo|60\/100|[from] item: Leftovers\n|upkeep\n|turn|13\n|c|\u2606Gengar HDL|we both gotta play to our outs\n|\n|t:|1682569450\n|move|p1a: Dondozo|Liquidation|p2a: Amogus\n|-resisted|p2a: Amogus\n|-damage|p2a: Amogus|58\/100 slp\n|cant|p2a: Amogus|slp\n|\n|-heal|p1a: Dondozo|67\/100|[from] item: Leftovers\n|upkeep\n|turn|14\n|\n|t:|1682569459\n|move|p1a: Dondozo|Liquidation|p2a: Amogus\n|-resisted|p2a: Amogus\n|-damage|p2a: Amogus|43\/100 slp\n|-curestatus|p2a: Amogus|slp|[msg]\n|move|p2a: Amogus|Spore|p1a: Dondozo\n|-status|p1a: Dondozo|slp|[from] move: Spore\n|\n|-heal|p1a: Dondozo|73\/100 slp|[from] item: Leftovers\n|upkeep\n|turn|15\n|\n|t:|1682569470\n|cant|p1a: Dondozo|slp\n|move|p2a: Amogus|Pollen Puff|p1a: Dondozo\n|-damage|p1a: Dondozo|59\/100 slp\n|\n|-heal|p1a: Dondozo|65\/100 slp|[from] item: Leftovers\n|upkeep\n|turn|16\n|\n|t:|1682569480\n|cant|p1a: Dondozo|slp\n|move|p2a: Amogus|Pollen Puff|p1a: Dondozo\n|-damage|p1a: Dondozo|50\/100 slp\n|\n|-heal|p1a: Dondozo|57\/100 slp|[from] item: Leftovers\n|upkeep\n|turn|17\n|\n|t:|1682569484\n|-curestatus|p1a: Dondozo|slp|[msg]\n|move|p1a: Dondozo|Yawn|p2a: Amogus\n|-start|p2a: Amogus|move: Yawn|[of] p1a: Dondozo\n|move|p2a: Amogus|Pollen Puff|p1a: Dondozo\n|-damage|p1a: Dondozo|43\/100\n|\n|-heal|p1a: Dondozo|50\/100|[from] item: Leftovers\n|upkeep\n|turn|18\n|\n|t:|1682569493\n|move|p1a: Dondozo|Protect|p1a: Dondozo\n|-singleturn|p1a: Dondozo|Protect\n|move|p2a: Amogus|Spore|p1a: Dondozo\n|-activate|p1a: Dondozo|move: Protect\n|\n|-heal|p1a: Dondozo|56\/100|[from] item: Leftovers\n|-end|p2a: Amogus|move: Yawn|[silent]\n|-status|p2a: Amogus|slp\n|upkeep\n|turn|19\n|\n|t:|1682569514\n|move|p1a: Dondozo|Liquidation|p2a: Amogus\n|-resisted|p2a: Amogus\n|-damage|p2a: Amogus|29\/100 slp\n|cant|p2a: Amogus|slp\n|\n|-heal|p1a: Dondozo|62\/100|[from] item: Leftovers\n|upkeep\n|turn|20\n|\n|t:|1682569521\n|move|p1a: Dondozo|Liquidation|p2a: Amogus\n|-resisted|p2a: Amogus\n|-damage|p2a: Amogus|15\/100 slp\n|-curestatus|p2a: Amogus|slp|[msg]\n|move|p2a: Amogus|Spore|p1a: Dondozo\n|-status|p1a: Dondozo|slp|[from] move: Spore\n|\n|-heal|p1a: Dondozo|68\/100 slp|[from] item: Leftovers\n|upkeep\n|turn|21\n|\n|t:|1682569527\n|cant|p1a: Dondozo|slp\n|move|p2a: Amogus|Pollen Puff|p1a: Dondozo\n|-damage|p1a: Dondozo|53\/100 slp\n|\n|-heal|p1a: Dondozo|60\/100 slp|[from] item: Leftovers\n|upkeep\n|turn|22\n|\n|t:|1682569536\n|cant|p1a: Dondozo|slp\n|move|p2a: Amogus|Pollen Puff|p1a: Dondozo\n|-damage|p1a: Dondozo|46\/100 slp\n|\n|-heal|p1a: Dondozo|52\/100 slp|[from] item: Leftovers\n|upkeep\n|turn|23\n|\n|t:|1682569546\n|-curestatus|p1a: Dondozo|slp|[msg]\n|move|p1a: Dondozo|Yawn|p2a: Amogus\n|-start|p2a: Amogus|move: Yawn|[of] p1a: Dondozo\n|move|p2a: Amogus|Pollen Puff|p1a: Dondozo\n|-damage|p1a: Dondozo|37\/100\n|\n|-heal|p1a: Dondozo|43\/100|[from] item: Leftovers\n|upkeep\n|turn|24\n|\n|t:|1682569558\n|move|p1a: Dondozo|Protect|p1a: Dondozo\n|-singleturn|p1a: Dondozo|Protect\n|move|p2a: Amogus|Spore|p1a: Dondozo\n|-activate|p1a: Dondozo|move: Protect\n|\n|-heal|p1a: Dondozo|50\/100|[from] item: Leftovers\n|-end|p2a: Amogus|move: Yawn|[silent]\n|-status|p2a: Amogus|slp\n|upkeep\n|turn|25\n|\n|t:|1682569562\n|move|p1a: Dondozo|Liquidation|p2a: Amogus\n|-resisted|p2a: Amogus\n|-damage|p2a: Amogus|0 fnt\n|faint|p2a: Amogus\n|\n|win|Gengar HDL\n|raw|Gengar HDL's rating: 1342 → 1358<\/strong> (+16 for winning)\n|raw|DiabloPS's rating: 1263 → 1244<\/strong> (-19 for losing)\n|c|\u2606Gengar HDL|ggwp\n|c|\u2606DiabloPS|K\n|l|\u2606DiabloPS\n|c|\u2606Gengar HDL|utube salt\n|c|\u2606Gengar HDL|i was fishing hard for a def drop\n|c|\u2606Gengar HDL|in should have just heavy slammed the whole time\n|c|\u2606Gengar HDL|that caused twice as many turns in this game\n","uploadtime":1682569575,"views":13,"p1id":"gengarhdl","p2id":"diablops","formatid":"gen9vgc2023regulationc","rating":1244,"private":0,"password":""}