{"id":"gen9vgc2023regulationc-1854182519","p1":"Samax2599","p2":"Raymond935","format":"[Gen 9] VGC 2023 Regulation C","log":"|j|\u2606Samax2599\n|j|\u2606Raymond935\n|t:|1682780784\n|gametype|doubles\n|player|p1|Samax2599|102|\n|player|p2|Raymond935|169|\n|teamsize|p1|6\n|teamsize|p2|6\n|gen|9\n|tier|[Gen 9] VGC 2023 Regulation C\n|rule|Species Clause: Limit one of each Pok\u00e9mon\n|rule|Item Clause: Limit one of each item\n|clearpoke\n|poke|p1|Medicham, L50, F|\n|poke|p1|Gengar, L50, F|\n|poke|p1|Arcanine, L50, F|\n|poke|p1|Roaring Moon, L50|\n|poke|p1|Sylveon, L50, F|\n|poke|p1|Scatterbug, L50, F|\n|poke|p2|Iron Treads, L50|\n|poke|p2|Wigglytuff, L50, F|\n|poke|p2|Dragonite, L50, F|\n|poke|p2|Chien-Pao, L50|\n|poke|p2|Ceruledge, L50, M|\n|poke|p2|Slowbro, L50, F|\n|teampreview|4\n|c|\u2606Samax2599|can i post live links?\n|c|\u2606Raymond935|G1\nSamax2599 rejected open team sheets.\n|c|\u2606Raymond935|Gl hf\n|c|\u2606Raymond935|Yea go for it1\n|c|\u2606Raymond935|big scatterbug\n|j| Heaven64\n|c|\u2606Samax2599|glhf!\n|c|\u2606Raymond935|Gl hf!\n|\n|t:|1682780943\n|start\n|switch|p1a: Vaatu|Gengar, L50, F|100\/100\n|switch|p1b: Iroh|Arcanine, L50, F|100\/100\n|switch|p2a: Iron Treads|Iron Treads, L50|100\/100\n|switch|p2b: Ceruledge|Ceruledge, L50, M|100\/100\n|-ability|p1b: Iroh|Intimidate|boost\n|-unboost|p2a: Iron Treads|atk|1\n|-unboost|p2b: Ceruledge|atk|1\n|-enditem|p2a: Iron Treads|Booster Energy\n|-activate|p2a: Iron Treads|ability: Quark Drive|[fromitem]\n|-start|p2a: Iron Treads|quarkdrivespe\n|turn|1\n|\n|t:|1682781040\n|move|p2a: Iron Treads|Protect|p2a: Iron Treads\n|-singleturn|p2a: Iron Treads|Protect\n|move|p2b: Ceruledge|Shadow Sneak|p1a: Vaatu\n|-supereffective|p1a: Vaatu\n|-damage|p1a: Vaatu|29\/100\n|move|p1a: Vaatu|Shadow Ball|p2b: Ceruledge\n|-supereffective|p2b: Ceruledge\n|-damage|p2b: Ceruledge|0 fnt\n|faint|p2b: Ceruledge\n|move|p1b: Iroh|Flare Blitz|p2a: Iron Treads\n|-activate|p2a: Iron Treads|move: Protect\n|\n|upkeep\n|\n|t:|1682781060\n|switch|p2b: Chien-Pao|Chien-Pao, L50|100\/100\n|-ability|p2b: Chien-Pao|Sword of Ruin\n|turn|2\n|j| sucabaVGC\n|j| deathdragon25o\n|\n|t:|1682781122\n|switch|p2b: Dragonite|Dragonite, L50, F|100\/100\n|move|p1b: Iroh|Protect|p1b: Iroh\n|-singleturn|p1b: Iroh|Protect\n|move|p2a: Iron Treads|Bulldoze|p1b: Iroh|[spread] p1a\n|-activate|p1b: Iroh|move: Protect\n|-immune|p2b: Dragonite\n|-supereffective|p1a: Vaatu\n|-damage|p1a: Vaatu|0 fnt\n|-start|p2a: Iron Treads|Disable|Bulldoze|[from] ability: Cursed Body|[of] p1a: Vaatu\n|faint|p1a: Vaatu\n|\n|upkeep\n|\n|t:|1682781131\n|switch|p1a: Ty Lee|Medicham, L50, F|100\/100\n|turn|3\n|\n|t:|1682781166\n|-end|p2a: Iron Treads|Quark Drive|[silent]\n|switch|p2a: Chien-Pao|Chien-Pao, L50|100\/100\n|-ability|p2a: Chien-Pao|Sword of Ruin\n|-terastallize|p2b: Dragonite|Flying\n|-terastallize|p1b: Iroh|Ghost\n|move|p1a: Ty Lee|Fake Out|p2a: Chien-Pao\n|-damage|p2a: Chien-Pao|79\/100\n|move|p2b: Dragonite|Tera Blast|p1a: Ty Lee\n|-supereffective|p1a: Ty Lee\n|-damage|p1a: Ty Lee|0 fnt\n|faint|p1a: Ty Lee\n|move|p1b: Iroh|Will-O-Wisp|p2a: Chien-Pao\n|-status|p2a: Chien-Pao|brn\n|\n|-damage|p2a: Chien-Pao|74\/100 brn|[from] brn\n|upkeep\n|\n|t:|1682781181\n|switch|p1a: Yue|Roaring Moon, L50|100\/100\n|-enditem|p1a: Yue|Booster Energy\n|-activate|p1a: Yue|ability: Protosynthesis|[fromitem]\n|-start|p1a: Yue|protosynthesisatk\n|turn|4\n|l| deathdragon25o\n|\n|t:|1682781264\n|move|p2a: Chien-Pao|Icy Wind|p1b: Iroh|[spread] p1a,p1b\n|-supereffective|p1a: Yue\n|-damage|p1a: Yue|78\/100\n|-damage|p1b: Iroh|87\/100\n|-unboost|p1a: Yue|spe|1\n|-unboost|p1b: Iroh|spe|1\n|move|p2b: Dragonite|Tera Blast|p1a: Yue\n|-damage|p1a: Yue|0 fnt\n|faint|p1a: Yue\n|-end|p1a: Yue|Protosynthesis|[silent]\n|move|p1b: Iroh|Will-O-Wisp|p2b: Dragonite\n|-status|p2b: Dragonite|brn\n|\n|-damage|p2a: Chien-Pao|68\/100 brn|[from] brn\n|-damage|p2b: Dragonite|94\/100 brn|[from] brn\n|upkeep\n|turn|5\n|\n|t:|1682781281\n|move|p1b: Iroh|Protect|p1b: Iroh\n|-singleturn|p1b: Iroh|Protect\n|move|p2a: Chien-Pao|Throat Chop|p1b: Iroh\n|-activate|p1b: Iroh|move: Protect\n|move|p2b: Dragonite|Tera Blast|p1b: Iroh\n|-activate|p1b: Iroh|move: Protect\n|\n|-damage|p2a: Chien-Pao|62\/100 brn|[from] brn\n|-damage|p2b: Dragonite|88\/100 brn|[from] brn\n|upkeep\n|turn|6\n|\n|t:|1682781291\n|move|p2a: Chien-Pao|Throat Chop|p1b: Iroh\n|-supereffective|p1b: Iroh\n|-damage|p1b: Iroh|30\/100\n|-start|p1b: Iroh|Throat Chop|[silent]\n|-enditem|p1b: Iroh|Sitrus Berry|[eat]\n|-heal|p1b: Iroh|55\/100|[from] item: Sitrus Berry\n|move|p2b: Dragonite|Tera Blast|p1b: Iroh\n|-crit|p1b: Iroh\n|-damage|p1b: Iroh|0 fnt\n|faint|p1b: Iroh\n|\n|win|Raymond935\n|c|\u2606Raymond935|Gg\n|c|\u2606Samax2599|gg\n|l| Heaven64\n|j| smsy\n|l| smsy\n","uploadtime":1682781356,"views":37,"p1id":"samax2599","p2id":"raymond935","formatid":"gen9vgc2023regulationc","rating":0,"private":0,"password":""}