{"id":"gen9vgc2023regulationc-1864414904","p1":"Gridvgc","p2":"Insertable194","format":"[Gen 9] VGC 2023 Regulation C","log":"|j|\u2606Gridvgc\n|j|\u2606Insertable194\n|t:|1684164625\n|gametype|doubles\n|player|p1|Gridvgc|boarder|1330\n|player|p2|Insertable194|hilbert-wonderlauncher|1400\n|teamsize|p1|6\n|teamsize|p2|6\n|gen|9\n|tier|[Gen 9] VGC 2023 Regulation C\n|rated|\n|rule|Species Clause: Limit one of each Pok\u00e9mon\n|rule|Item Clause: Limit one of each item\n|clearpoke\n|poke|p1|Annihilape, L50, F|\n|poke|p1|Farigiraf, L50, M|\n|poke|p1|Torkoal, L50, M|\n|poke|p1|Amoonguss, L50, M|\n|poke|p1|Ting-Lu, L50|\n|poke|p1|Flutter Mane, L50|\n|poke|p2|Ting-Lu, L50|\n|poke|p2|Palafin, L50, M|\n|poke|p2|Amoonguss, L50, M|\n|poke|p2|Arcanine, L50, M|\n|poke|p2|Flutter Mane, L50|\n|poke|p2|Iron Hands, L50|\n|teampreview|4\nInsertable194 has agreed to open team sheets.\nGridvgc has agreed to open team sheets.\n|inactive|Battle timer is ON: inactive players will automatically lose when time's up. (requested by Gridvgc)\n|\n|t:|1684164669\n|start\n|switch|p1a: Farigiraf|Farigiraf, L50, M|100\/100\n|switch|p1b: Annihilape|Annihilape, L50, F|100\/100\n|switch|p2a: Palafin|Palafin, L50, M, shiny|100\/100\n|switch|p2b: Amoonguss|Amoonguss, L50, M|100\/100\n|turn|1\n|inactive|Gridvgc has 30 seconds left.\n|\n|t:|1684164698\n|move|p2a: Palafin|Protect|p2a: Palafin\n|-singleturn|p2a: Palafin|Protect\n|move|p1b: Annihilape|Final Gambit|p2a: Palafin\n|-activate|p2a: Palafin|move: Protect\n|move|p2b: Amoonguss|Spore|p1b: Annihilape\n|-status|p1b: Annihilape|slp|[from] move: Spore\n|move|p1a: Farigiraf|Trick Room|p1a: Farigiraf\n|-fieldstart|move: Trick Room|[of] p1a: Farigiraf\n|\n|upkeep\n|turn|2\n|inactive|Insertable194 has 30 seconds left.\n|\n|t:|1684164727\n|detailschange|p2a: Palafin|Palafin-Hero, L50, M, shiny\n|switch|p2a: Ting-Lu|Ting-Lu, L50|100\/100\n|-ability|p2a: Ting-Lu|Vessel of Ruin\n|move|p2b: Amoonguss|Spore|p1b: Annihilape\n|-fail|p1b: Annihilape|slp\n|move|p1a: Farigiraf|Hyper Voice|p2a: Ting-Lu|[spread] p2a,p2b\n|-damage|p2a: Ting-Lu|91\/100\n|-damage|p2b: Amoonguss|82\/100\n|cant|p1b: Annihilape|slp\n|\n|upkeep\n|turn|3\n|\n|t:|1684164750\n|move|p2b: Amoonguss|Pollen Puff|p1a: Farigiraf\n|-supereffective|p1a: Farigiraf\n|-damage|p1a: Farigiraf|75\/100\n|move|p1a: Farigiraf|Hyper Voice|p2b: Amoonguss|[spread] p2a,p2b\n|-damage|p2a: Ting-Lu|81\/100\n|-damage|p2b: Amoonguss|63\/100\n|move|p2a: Ting-Lu|Sand Tomb|p1b: Annihilape\n|-damage|p1b: Annihilape|85\/100 slp\n|-activate|p1b: Annihilape|move: Sand Tomb|[of] p2a: Ting-Lu\n|cant|p1b: Annihilape|slp\n|\n|-damage|p1b: Annihilape|72\/100 slp|[from] move: Sand Tomb|[partiallytrapped]\n|upkeep\n|turn|4\n|inactive|Insertable194 has 30 seconds left.\n|inactive|Gridvgc has 30 seconds left.\n|\n|t:|1684164780\n|switch|p2b: Iron Hands|Iron Hands, L50|100\/100\n|move|p1a: Farigiraf|Hyper Voice|p2b: Iron Hands|[spread] p2a,p2b\n|-damage|p2a: Ting-Lu|70\/100\n|-damage|p2b: Iron Hands|81\/100\n|move|p2a: Ting-Lu|Stomping Tantrum|p1b: Annihilape\n|-damage|p1b: Annihilape|40\/100 slp\n|cant|p1b: Annihilape|slp\n|\n|-damage|p1b: Annihilape|28\/100 slp|[from] move: Sand Tomb|[partiallytrapped]\n|upkeep\n|turn|5\n|inactive|Insertable194 has 30 seconds left.\n|\n|t:|1684164812\n|switch|p2a: Amoonguss|Amoonguss, L50, M|96\/100\n|switch|p1b: Amoonguss|Amoonguss, L50, M|100\/100\n|move|p1a: Farigiraf|Hyper Voice|p2a: Amoonguss|[spread] p2a,p2b\n|-damage|p2a: Amoonguss|70\/100\n|-damage|p2b: Iron Hands|56\/100\n|move|p2b: Iron Hands|Swords Dance|p2b: Iron Hands\n|-boost|p2b: Iron Hands|atk|2\n|\n|-fieldend|move: Trick Room\n|upkeep\n|turn|6\n|inactive|Gridvgc has 30 seconds left.\n|inactive|Insertable194 has 30 seconds left.\n|\n|t:|1684164844\n|switch|p2a: Ting-Lu|Ting-Lu, L50|70\/100\n|-ability|p2a: Ting-Lu|Vessel of Ruin\n|move|p1b: Amoonguss|Rage Powder|p1b: Amoonguss\n|-singleturn|p1b: Amoonguss|move: Rage Powder\n|move|p2b: Iron Hands|Drain Punch|p1a: Farigiraf\n|-damage|p1a: Farigiraf|0 fnt\n|-heal|p2b: Iron Hands|91\/100|[from] drain|[of] p1a: Farigiraf\n|faint|p1a: Farigiraf\n|\n|upkeep\n|\n|t:|1684164855\n|switch|p1a: Annihilape|Annihilape, L50, F|28\/100 slp\n|turn|7\n|\n|t:|1684164871\n|switch|p2a: Amoonguss|Amoonguss, L50, M|100\/100\n|-curestatus|p1a: Annihilape|slp|[msg]\n|move|p1a: Annihilape|Close Combat|p2b: Iron Hands\n|-damage|p2b: Iron Hands|51\/100\n|-unboost|p1a: Annihilape|def|1\n|-unboost|p1a: Annihilape|spd|1\n|move|p2b: Iron Hands|Thunder Punch|p1a: Annihilape\n|-damage|p1a: Annihilape|0 fnt\n|faint|p1a: Annihilape\n|move|p1b: Amoonguss|Spore|p2a: Amoonguss\n|-immune|p2a: Amoonguss\n|\n|upkeep\n|\n|t:|1684164873\n|switch|p1a: Torkoal|Torkoal, L50, M|100\/100\n|-weather|SunnyDay|[from] ability: Drought|[of] p1a: Torkoal\n|turn|8\n|-message|Gridvgc forfeited.\n|\n|win|Insertable194\n|raw|Gridvgc's rating: 1330 → 1314<\/strong> (-16 for losing)\n|raw|Insertable194's rating: 1400 → 1416<\/strong> (+16 for winning)\n|l|\u2606Gridvgc\n","uploadtime":1684164892,"views":3,"p1id":"gridvgc","p2id":"insertable194","formatid":"gen9vgc2023regulationc","rating":1314,"private":0,"password":""}