{"id":"gen9vgc2023regulationc-1863825166","p1":"Chi Chi Chi-Yu","p2":"lmfaowhy","format":"[Gen 9] VGC 2023 Regulation C","log":"|j|\u2606Chi Chi Chi-Yu\n|j|\u2606lmfaowhy\n|t:|1684082293\n|gametype|doubles\n|player|p1|Chi Chi Chi-Yu|giovanni|1385\n|player|p2|lmfaowhy|veteran|1390\n|teamsize|p1|6\n|teamsize|p2|6\n|gen|9\n|tier|[Gen 9] VGC 2023 Regulation C\n|rated|\n|rule|Species Clause: Limit one of each Pok\u00e9mon\n|rule|Item Clause: Limit one of each item\n|clearpoke\n|poke|p1|Flutter Mane, L50|\n|poke|p1|Amoonguss, L50, F|\n|poke|p1|Corviknight, L50, F|\n|poke|p1|Chi-Yu, L50|\n|poke|p1|Baxcalibur, L50, M|\n|poke|p1|Gyarados, L50, F|\n|poke|p2|Iron Jugulis, L50|\n|poke|p2|Ting-Lu, L50|\n|poke|p2|Arcanine, L50, F|\n|poke|p2|Iron Bundle, L50|\n|poke|p2|Flutter Mane, L50|\n|poke|p2|Gholdengo, L50|\n|teampreview|4\nChi Chi Chi-Yu has agreed to open team sheets.\nlmfaowhy has agreed to open team sheets.\n|\n|t:|1684082349\n|start\n|switch|p1a: Baxcalibur|Baxcalibur, L50, M|100\/100\n|switch|p1b: Corviknight|Corviknight, L50, F, shiny|100\/100\n|switch|p2a: Iron Jugulis|Iron Jugulis, L50|100\/100\n|switch|p2b: Ting-Lu|Ting-Lu, L50|100\/100\n|-ability|p2b: Ting-Lu|Vessel of Ruin\n|-enditem|p2a: Iron Jugulis|Booster Energy\n|-activate|p2a: Iron Jugulis|ability: Quark Drive|[fromitem]\n|-start|p2a: Iron Jugulis|quarkdrivespe\n|turn|1\n|c|\u2606lmfaowhy|shiny corv sprite is fire\n|\n|t:|1684082382\n|move|p2a: Iron Jugulis|Tailwind|p2a: Iron Jugulis\n|-sidestart|p2: lmfaowhy|move: Tailwind\n|move|p2b: Ting-Lu|Heavy Slam|p1a: Baxcalibur\n|-supereffective|p1a: Baxcalibur\n|-damage|p1a: Baxcalibur|52\/100\n|move|p1a: Baxcalibur|Icicle Crash|p2a: Iron Jugulis|[miss]\n|-miss|p1a: Baxcalibur|p2a: Iron Jugulis\n|move|p1b: Corviknight|Brave Bird|p2a: Iron Jugulis\n|-damage|p2a: Iron Jugulis|60\/100\n|-damage|p1b: Corviknight|87\/100|[from] Recoil\n|\n|-heal|p1b: Corviknight|93\/100|[from] item: Leftovers\n|upkeep\n|turn|2\n|c|\u2606Chi Chi Chi-Yu|I can\u2019t land that move lmao\n|c|\u2606lmfaowhy|yh that was not it tbf\n|\n|t:|1684082449\n|switch|p1a: Gyarados|Gyarados, L50, F|100\/100\n|-ability|p1a: Gyarados|Intimidate|boost\n|-unboost|p2a: Iron Jugulis|atk|1\n|-unboost|p2b: Ting-Lu|atk|1\n|move|p2a: Iron Jugulis|Taunt|p1b: Corviknight\n|-start|p1b: Corviknight|move: Taunt\n|move|p2b: Ting-Lu|Ruination|p1b: Corviknight|[miss]\n|-miss|p2b: Ting-Lu|p1b: Corviknight\n|move|p1b: Corviknight|Brave Bird|p2a: Iron Jugulis\n|-damage|p2a: Iron Jugulis|18\/100\n|-damage|p1b: Corviknight|80\/100|[from] Recoil\n|\n|-heal|p1b: Corviknight|85\/100|[from] item: Leftovers\n|upkeep\n|turn|3\n|\n|t:|1684082480\n|-end|p2a: Iron Jugulis|Quark Drive|[silent]\n|switch|p2a: Gholdengo|Gholdengo, L50|100\/100\n|switch|p1b: Baxcalibur|Baxcalibur, L50, M|52\/100\n|move|p2b: Ting-Lu|Ruination|p1b: Baxcalibur\n|-damage|p1b: Baxcalibur|26\/100\n|move|p1a: Gyarados|Waterfall|p2a: Gholdengo\n|-damage|p2a: Gholdengo|60\/100\n|\n|-heal|p2a: Gholdengo|66\/100|[from] item: Leftovers\n|upkeep\n|turn|4\n|\n|t:|1684082510\n|switch|p1b: Corviknight|Corviknight, L50, F, shiny|85\/100\n|-terastallize|p2a: Gholdengo|Water\n|move|p2a: Gholdengo|Nasty Plot|p2a: Gholdengo\n|-boost|p2a: Gholdengo|spa|2\n|move|p2b: Ting-Lu|Ruination|p1a: Gyarados|[miss]\n|-miss|p2b: Ting-Lu|p1a: Gyarados\n|move|p1a: Gyarados|Dragon Dance|p1a: Gyarados\n|-boost|p1a: Gyarados|atk|1\n|-boost|p1a: Gyarados|spe|1\n|\n|-heal|p2a: Gholdengo|72\/100|[from] item: Leftovers\n|-heal|p1b: Corviknight|91\/100|[from] item: Leftovers\n|-sideend|p2: lmfaowhy|move: Tailwind\n|upkeep\n|turn|5\n|c|\u2606lmfaowhy|this is definitely bc of the icicle crash miss\n|c|\u2606Chi Chi Chi-Yu|No 90% accurate moves allowed apparently\n|c|\u2606lmfaowhy|thats 2 ruinations now haha\n|c|\u2606lmfaowhy|God giveth and taketh\n|\n|t:|1684082564\n|move|p1a: Gyarados|Waterfall|p2a: Gholdengo\n|-resisted|p2a: Gholdengo\n|-damage|p2a: Gholdengo|41\/100\n|move|p2a: Gholdengo|Shadow Ball|p1a: Gyarados\n|-damage|p1a: Gyarados|40\/100\n|move|p1b: Corviknight|Tailwind|p1b: Corviknight\n|-sidestart|p1: Chi Chi Chi-Yu|move: Tailwind\n|move|p2b: Ting-Lu|Ruination|p1b: Corviknight\n|-damage|p1b: Corviknight|46\/100\n|\n|-heal|p1b: Corviknight|52\/100|[from] item: Leftovers\n|-heal|p2a: Gholdengo|47\/100|[from] item: Leftovers\n|upkeep\n|turn|6\n|\n|t:|1684082593\n|switch|p2b: Iron Jugulis|Iron Jugulis, L50|18\/100\n|move|p1a: Gyarados|Waterfall|p2b: Iron Jugulis\n|-damage|p2b: Iron Jugulis|0 fnt\n|faint|p2b: Iron Jugulis\n|-end|p2b: Iron Jugulis|Quark Drive|[silent]\n|move|p1b: Corviknight|Brave Bird|p2a: Gholdengo\n|-damage|p2a: Gholdengo|10\/100\n|-damage|p1b: Corviknight|40\/100|[from] Recoil\n|move|p2a: Gholdengo|Shadow Ball|p1a: Gyarados\n|-damage|p1a: Gyarados|0 fnt\n|faint|p1a: Gyarados\n|\n|-heal|p1b: Corviknight|46\/100|[from] item: Leftovers\n|-heal|p2a: Gholdengo|16\/100|[from] item: Leftovers\n|upkeep\n|c|\u2606lmfaowhy|flinch wouldn\u2019t be appreciate\n|\n|t:|1684082610\n|switch|p2b: Ting-Lu|Ting-Lu, L50|100\/100\n|switch|p1a: Baxcalibur|Baxcalibur, L50, M|26\/100\n|-ability|p2b: Ting-Lu|Vessel of Ruin\n|turn|7\n|\n|t:|1684082623\n|move|p2a: Gholdengo|Protect|p2a: Gholdengo\n|-singleturn|p2a: Gholdengo|Protect\n|move|p1a: Baxcalibur|Earthquake|p2b: Ting-Lu|[spread] p2b\n|-activate|p2a: Gholdengo|move: Protect\n|-immune|p1b: Corviknight\n|-damage|p2b: Ting-Lu|84\/100\n|move|p1b: Corviknight|Roost|p1b: Corviknight\n|-heal|p1b: Corviknight|96\/100\n|-singleturn|p1b: Corviknight|move: Roost\n|move|p2b: Ting-Lu|Heavy Slam|p1a: Baxcalibur\n|-supereffective|p1a: Baxcalibur\n|-damage|p1a: Baxcalibur|0 fnt\n|faint|p1a: Baxcalibur\n|\n|-heal|p1b: Corviknight|100\/100|[from] item: Leftovers\n|-heal|p2a: Gholdengo|22\/100|[from] item: Leftovers\n|upkeep\n|\n|t:|1684082636\n|switch|p1a: Chi-Yu|Chi-Yu, L50|100\/100\n|-ability|p1a: Chi-Yu|Beads of Ruin\n|turn|8\n|\n|t:|1684082649\n|-terastallize|p1a: Chi-Yu|Water\n|move|p1a: Chi-Yu|Dark Pulse|p2a: Gholdengo\n|-damage|p2a: Gholdengo|0 fnt\n|faint|p2a: Gholdengo\n|move|p1b: Corviknight|Bulk Up|p1b: Corviknight\n|-boost|p1b: Corviknight|atk|1\n|-boost|p1b: Corviknight|def|1\n|move|p2b: Ting-Lu|Stomping Tantrum|p1a: Chi-Yu\n|-damage|p1a: Chi-Yu|50\/100\n|\n|-sideend|p1: Chi Chi Chi-Yu|move: Tailwind\n|upkeep\n|\n|t:|1684082656\n|switch|p2a: Flutter Mane|Flutter Mane, L50|100\/100\n|turn|9\n|\n|t:|1684082671\n|move|p1a: Chi-Yu|Protect|p1a: Chi-Yu\n|-singleturn|p1a: Chi-Yu|Protect\n|move|p2a: Flutter Mane|Shadow Ball|p1b: Corviknight\n|-damage|p1b: Corviknight|40\/100\n|move|p1b: Corviknight|Tailwind|p1b: Corviknight\n|-sidestart|p1: Chi Chi Chi-Yu|move: Tailwind\n|move|p2b: Ting-Lu|Ruination|p1b: Corviknight\n|-damage|p1b: Corviknight|20\/100\n|\n|-heal|p1b: Corviknight|26\/100|[from] item: Leftovers\n|upkeep\n|turn|10\n|c|\u2606lmfaowhy|corv just sits on ting\n|c|\u2606lmfaowhy|like genuinely that\u2019s reason enough to play it it\u2019s so gd\n|c|\u2606lmfaowhy|like such a bad mu for it\n|\n|t:|1684082719\n|move|p1a: Chi-Yu|Heat Wave|p2a: Flutter Mane|[spread] p2a,p2b\n|-damage|p2a: Flutter Mane|60\/100\n|-damage|p2b: Ting-Lu|63\/100\n|move|p1b: Corviknight|Roost|p1b: Corviknight\n|-heal|p1b: Corviknight|77\/100\n|-singleturn|p1b: Corviknight|move: Roost\n|move|p2a: Flutter Mane|Shadow Ball|p1b: Corviknight\n|-damage|p1b: Corviknight|9\/100\n|move|p2b: Ting-Lu|Stomping Tantrum|p1a: Chi-Yu\n|-damage|p1a: Chi-Yu|0 fnt\n|faint|p1a: Chi-Yu\n|\n|-heal|p1b: Corviknight|15\/100|[from] item: Leftovers\n|upkeep\n|turn|11\n|c|\u2606Chi Chi Chi-Yu|Yeah I love Corv\n|c|\u2606lmfaowhy|yea it\u2019s sick\n|\n|t:|1684082747\n|move|p1b: Corviknight|Brave Bird|p2a: Flutter Mane\n|-damage|p2a: Flutter Mane|0 fnt\n|faint|p2a: Flutter Mane\n|-end|p2a: Flutter Mane|Protosynthesis|[silent]\n|-damage|p1b: Corviknight|2\/100|[from] Recoil\n|move|p2b: Ting-Lu|Stomping Tantrum|p1b: Corviknight\n|-immune|p1b: Corviknight\n|\n|-heal|p1b: Corviknight|8\/100|[from] item: Leftovers\n|upkeep\n|turn|12\n|\n|t:|1684082760\n|move|p1b: Corviknight|Roost|p1b: Corviknight\n|-heal|p1b: Corviknight|58\/100\n|-singleturn|p1b: Corviknight|move: Roost\n|move|p2b: Ting-Lu|Stomping Tantrum|p1b: Corviknight\n|-supereffective|p1b: Corviknight\n|-damage|p1b: Corviknight|0 fnt\n|faint|p1b: Corviknight\n|\n|win|lmfaowhy\n|raw|Chi Chi Chi-Yu's rating: 1385 → 1365<\/strong> (-20 for losing)\n|raw|lmfaowhy's rating: 1390 → 1410<\/strong> (+20 for winning)\n|c|\u2606Chi Chi Chi-Yu|Omg the fail\n|c|\u2606Chi Chi Chi-Yu|i forgot about that\n|c|\u2606lmfaowhy|yeah\n|c|\u2606Chi Chi Chi-Yu|gg\n|c|\u2606lmfaowhy|figured that might do it\n|c|\u2606lmfaowhy|ggs\n|l|\u2606Chi Chi Chi-Yu\n","uploadtime":1684082798,"views":11,"p1id":"chichichiyu","p2id":"lmfaowhy","formatid":"gen9vgc2023regulationc","rating":1365,"private":0,"password":""}