{"id":"gen9vgc2023regulationc-1864120501","p1":"Atloy","p2":"Firemc gg","format":"[Gen 9] VGC 2023 Regulation C","log":"|j|\u2606Atloy\n|j|\u2606Firemc gg\n|t:|1684120372\n|gametype|doubles\n|player|p1|Atloy|gambler|1075\n|player|p2|Firemc gg|169|1000\n|teamsize|p1|6\n|teamsize|p2|6\n|gen|9\n|tier|[Gen 9] VGC 2023 Regulation C\n|rated|\n|rule|Species Clause: Limit one of each Pok\u00e9mon\n|rule|Item Clause: Limit one of each item\n|clearpoke\n|poke|p1|Volcarona, L50, M|\n|poke|p1|Klefki, L50, F|\n|poke|p1|Corviknight, L50, F|\n|poke|p1|Garchomp, L50, F|\n|poke|p1|Gyarados, L50, F|\n|poke|p1|Annihilape, L50, M|\n|poke|p2|Palafin, L50, M|\n|poke|p2|Dragonite, L50, M|\n|poke|p2|Chien-Pao, L50|\n|poke|p2|Chi-Yu, L50|\n|poke|p2|Iron Bundle, L50|\n|poke|p2|Flutter Mane, L50|\n|teampreview|4\n|inactive|Battle timer is ON: inactive players will automatically lose when time's up. (requested by Atloy)\n|inactive|Atloy has 60 seconds left.\n|\n|t:|1684120428\n|start\n|switch|p1a: Corviknight|Corviknight, L50, F|100\/100\n|switch|p1b: Klefki|Klefki, L50, F|100\/100\n|switch|p2a: Palafin|Palafin, L50, M|100\/100\n|switch|p2b: Chi-Yu|Chi-Yu, L50|100\/100\n|-ability|p2b: Chi-Yu|Beads of Ruin\n|turn|1\n|inactive|Firemc gg has 30 seconds left.\n|\n|t:|1684120459\n|detailschange|p2a: Palafin|Palafin-Hero, L50, M\n|switch|p2a: Dragonite|Dragonite, L50, M|100\/100\n|move|p1b: Klefki|Light Screen|p1b: Klefki\n|-sidestart|p1: Atloy|move: Light Screen\n|move|p2b: Chi-Yu|Heat Wave|p1a: Corviknight|[spread] p1a,p1b\n|-supereffective|p1a: Corviknight\n|-supereffective|p1b: Klefki\n|-damage|p1a: Corviknight|40\/100\n|-damage|p1b: Klefki|41\/100\n|move|p1a: Corviknight|Bulk Up|p1a: Corviknight\n|-boost|p1a: Corviknight|atk|1\n|-boost|p1a: Corviknight|def|1\n|\n|upkeep\n|turn|2\n|inactive|Atloy has 30 seconds left.\n|inactive|Atloy has 20 seconds left.\n|\n|t:|1684120497\n|move|p1b: Klefki|Thunder Wave|p2b: Chi-Yu\n|-hint|Since gen 7, Dark is immune to Prankster moves.\n|-immune|p2b: Chi-Yu\n|move|p2b: Chi-Yu|Heat Wave|p1a: Corviknight|[spread] p1a,p1b\n|-supereffective|p1a: Corviknight\n|-supereffective|p1b: Klefki\n|-damage|p1a: Corviknight|0 fnt\n|-damage|p1b: Klefki|0 fnt\n|faint|p1a: Corviknight\n|faint|p1b: Klefki\n|move|p2a: Dragonite|Tailwind|p2a: Dragonite\n|-sidestart|p2: Firemc gg|move: Tailwind\n|\n|upkeep\n|\n|t:|1684120510\n|switch|p1b: Volcarona|Volcarona, L50, M|100\/100\n|switch|p1a: Annihilape|Annihilape, L50, M|100\/100\n|turn|3\n|inactive|Atloy has 30 seconds left.\n|inactive|Firemc gg has 30 seconds left.\n|inactive|Atloy has 20 seconds left.\n|\n|t:|1684120549\n|switch|p2b: Palafin|Palafin-Hero, L50, M|100\/100\n|-activate|p2b: Palafin|ability: Zero to Hero\n|move|p2a: Dragonite|Rain Dance|p2a: Dragonite\n|-weather|RainDance\n|move|p1b: Volcarona|Fiery Dance|p2a: Dragonite\n|-resisted|p2a: Dragonite\n|-damage|p2a: Dragonite|96\/100\n|move|p1a: Annihilape|Drain Punch|p2b: Palafin\n|-crit|p2b: Palafin\n|-damage|p2b: Palafin|47\/100\n|-enditem|p2b: Palafin|Sitrus Berry|[eat]\n|-heal|p2b: Palafin|72\/100|[from] item: Sitrus Berry\n|\n|-weather|RainDance|[upkeep]\n|upkeep\n|turn|4\n|inactive|Atloy has 30 seconds left.\n|inactive|Firemc gg has 30 seconds left.\n|\n|t:|1684120582\n|-terastallize|p1b: Volcarona|Grass\n|move|p2b: Palafin|Wave Crash|p1b: Volcarona\n|-resisted|p1b: Volcarona\n|-damage|p1b: Volcarona|36\/100\n|-damage|p2b: Palafin|52\/100|[from] Recoil\n|move|p2a: Dragonite|Draco Meteor|p1a: Annihilape\n|-damage|p1a: Annihilape|85\/100\n|-unboost|p2a: Dragonite|spa|2\n|move|p1b: Volcarona|Giga Drain|p2b: Palafin\n|-supereffective|p2b: Palafin\n|-damage|p2b: Palafin|0 fnt\n|-heal|p1b: Volcarona|65\/100|[from] drain|[of] p2b: Palafin\n|faint|p2b: Palafin\n|move|p1a: Annihilape|Drain Punch|p2a: Dragonite\n|-resisted|p2a: Dragonite\n|-damage|p2a: Dragonite|81\/100\n|-heal|p1a: Annihilape|92\/100|[from] drain|[of] p2a: Dragonite\n|\n|-weather|RainDance|[upkeep]\n|-heal|p1b: Volcarona|70\/100|[from] item: Leftovers\n|upkeep\n|\n|t:|1684120604\n|switch|p2b: Iron Bundle|Iron Bundle, L50|100\/100\n|-enditem|p2b: Iron Bundle|Booster Energy\n|-activate|p2b: Iron Bundle|ability: Quark Drive|[fromitem]\n|-start|p2b: Iron Bundle|quarkdrivespe\n|turn|5\n|inactive|Atloy has 30 seconds left.\n|\n|t:|1684120631\n|switch|p2a: Chi-Yu|Chi-Yu, L50|100\/100\n|-ability|p2a: Chi-Yu|Beads of Ruin\n|move|p1b: Volcarona|Protect|p1b: Volcarona\n|-singleturn|p1b: Volcarona|Protect\n|move|p2b: Iron Bundle|Freeze-Dry|p1b: Volcarona\n|-activate|p1b: Volcarona|move: Protect\n|move|p1a: Annihilape|Rage Fist|p2b: Iron Bundle\n|-damage|p2b: Iron Bundle|56\/100\n|\n|-weather|RainDance|[upkeep]\n|-heal|p1b: Volcarona|76\/100|[from] item: Leftovers\n|-sideend|p2: Firemc gg|move: Tailwind\n|upkeep\n|turn|6\n|\n|t:|1684120653\n|move|p2b: Iron Bundle|Freeze-Dry|p1b: Volcarona\n|-supereffective|p1b: Volcarona\n|-damage|p1b: Volcarona|33\/100\n|move|p2a: Chi-Yu|Dark Pulse|p1a: Annihilape\n|-damage|p1a: Annihilape|67\/100\n|move|p1b: Volcarona|Giga Drain|p2b: Iron Bundle\n|-supereffective|p2b: Iron Bundle\n|-damage|p2b: Iron Bundle|0 fnt\n|-heal|p1b: Volcarona|57\/100|[from] drain|[of] p2b: Iron Bundle\n|faint|p2b: Iron Bundle\n|-end|p2b: Iron Bundle|Quark Drive|[silent]\n|move|p1a: Annihilape|Drain Punch|p2a: Chi-Yu\n|-supereffective|p2a: Chi-Yu\n|-damage|p2a: Chi-Yu|0 fnt\n|-heal|p1a: Annihilape|97\/100|[from] drain|[of] p2a: Chi-Yu\n|faint|p2a: Chi-Yu\n|\n|-weather|RainDance|[upkeep]\n|-heal|p1b: Volcarona|63\/100|[from] item: Leftovers\n|upkeep\n|\n|t:|1684120674\n|switch|p2a: Dragonite|Dragonite, L50, M|81\/100\n|turn|7\n|\n|t:|1684120696\n|-terastallize|p2a: Dragonite|Normal\n|move|p1b: Volcarona|Protect|p1b: Volcarona\n|-singleturn|p1b: Volcarona|Protect\n|move|p2a: Dragonite|Extreme Speed|p1b: Volcarona\n|-activate|p1b: Volcarona|move: Protect\n|move|p1a: Annihilape|Final Gambit|p2a: Dragonite\n|-damage|p2a: Dragonite|0 fnt\n|faint|p1a: Annihilape\n|faint|p2a: Dragonite\n|\n|win|Atloy\n|raw|Atloy's rating: 1075 → 1098<\/strong> (+23 for winning)\n|raw|Firemc gg's rating: 1000 → 1000<\/strong> (+0 for losing)\n","uploadtime":1684120708,"views":10,"p1id":"atloy","p2id":"firemcgg","formatid":"gen9vgc2023regulationc","rating":1000,"private":0,"password":""}