{"id":"gen9vgc2023regulationc-1861873678","p1":"saltyground","p2":"revocolombia","format":"[Gen 9] VGC 2023 Regulation C","log":"|j|\u2606saltyground\n|j|\u2606revocolombia\n|t:|1683816871\n|gametype|doubles\n|player|p1|saltyground|unknownf|1343\n|player|p2|revocolombia|pokemonranger-gen4|1355\n|teamsize|p1|6\n|teamsize|p2|6\n|gen|9\n|tier|[Gen 9] VGC 2023 Regulation C\n|rated|\n|rule|Species Clause: Limit one of each Pok\u00e9mon\n|rule|Item Clause: Limit one of each item\n|clearpoke\n|poke|p1|Iron Hands, L50|\n|poke|p1|Iron Jugulis, L50|\n|poke|p1|Iron Valiant, L50|\n|poke|p1|Iron Bundle, L50|\n|poke|p1|Iron Moth, L50|\n|poke|p1|Iron Thorns, L50|\n|poke|p2|Flutter Mane, L50|\n|poke|p2|Great Tusk, L50|\n|poke|p2|Gholdengo, L50|\n|poke|p2|Chien-Pao, L50|\n|poke|p2|Murkrow, L50, M|\n|poke|p2|Baxcalibur, L50, M|\n|teampreview|4\n|\n|t:|1683816897\n|start\n|switch|p1a: Deliborg|Iron Bundle, L50|100\/100\n|switch|p1b: Iron Judge|Iron Valiant, L50|100\/100\n|switch|p2a: Flutter Mane|Flutter Mane, L50|100\/100\n|switch|p2b: Murkrow|Murkrow, L50, M|100\/100\n|-enditem|p1a: Deliborg|Booster Energy\n|-activate|p1a: Deliborg|ability: Quark Drive|[fromitem]\n|-start|p1a: Deliborg|quarkdrivespe\n|-enditem|p2a: Flutter Mane|Booster Energy\n|-activate|p2a: Flutter Mane|ability: Protosynthesis|[fromitem]\n|-start|p2a: Flutter Mane|protosynthesisspa\n|turn|1\n|\n|t:|1683816916\n|move|p1b: Iron Judge|Wide Guard|p1b: Iron Judge\n|-singleturn|p1b: Iron Judge|Wide Guard\n|move|p2b: Murkrow|Tailwind|p2b: Murkrow\n|-sidestart|p2: revocolombia|move: Tailwind\n|move|p2a: Flutter Mane|Dazzling Gleam|p1b: Iron Judge|[spread] \n|-activate|p1a: Deliborg|move: Wide Guard\n|-activate|p1b: Iron Judge|move: Wide Guard\n|move|p1a: Deliborg|Icy Wind|p2b: Murkrow|[spread] p2a,p2b\n|-supereffective|p2b: Murkrow\n|-damage|p2a: Flutter Mane|79\/100\n|-damage|p2b: Murkrow|57\/100\n|-unboost|p2a: Flutter Mane|spe|1\n|-unboost|p2b: Murkrow|spe|1\n|\n|upkeep\n|turn|2\n|\n|t:|1683816935\n|move|p2b: Murkrow|Haze|p2b: Murkrow\n|-clearallboost\n|move|p2a: Flutter Mane|Dazzling Gleam|p1b: Iron Judge|[spread] p1a,p1b\n|-supereffective|p1b: Iron Judge\n|-damage|p1a: Deliborg|0 fnt\n|-enditem|p1b: Iron Judge|Focus Sash\n|-damage|p1b: Iron Judge|1\/100\n|faint|p1a: Deliborg\n|-end|p1a: Deliborg|Quark Drive|[silent]\n|move|p1b: Iron Judge|Spirit Break|p2a: Flutter Mane\n|-damage|p2a: Flutter Mane|5\/100\n|-unboost|p2a: Flutter Mane|spa|1\n|\n|upkeep\n|\n|t:|1683816949\n|switch|p1a: Iron Neck|Iron Jugulis, L50|100\/100\n|turn|3\n|\n|t:|1683816959\n|switch|p2b: Chien-Pao|Chien-Pao, L50|100\/100\n|-ability|p2b: Chien-Pao|Sword of Ruin\n|move|p1b: Iron Judge|Wide Guard|p1b: Iron Judge\n|-singleturn|p1b: Iron Judge|Wide Guard\n|move|p2a: Flutter Mane|Thunderbolt|p1a: Iron Neck\n|-supereffective|p1a: Iron Neck\n|-damage|p1a: Iron Neck|20\/100\n|move|p1a: Iron Neck|Snarl|p2a: Flutter Mane|[spread] p2a,p2b\n|-resisted|p2b: Chien-Pao\n|-damage|p2a: Flutter Mane|0 fnt\n|-damage|p2b: Chien-Pao|87\/100\n|-unboost|p2b: Chien-Pao|spa|1\n|faint|p2a: Flutter Mane\n|-end|p2a: Flutter Mane|Protosynthesis|[silent]\n|\n|upkeep\n|\n|t:|1683816978\n|switch|p2a: Great Tusk|Great Tusk, L50|100\/100\n|turn|4\n|\n|t:|1683816992\n|move|p2a: Great Tusk|Protect|p2a: Great Tusk\n|-singleturn|p2a: Great Tusk|Protect\n|move|p1a: Iron Neck|Protect|p1a: Iron Neck\n|-singleturn|p1a: Iron Neck|Protect\n|move|p1b: Iron Judge|Wide Guard|p1b: Iron Judge\n|-singleturn|p1b: Iron Judge|Wide Guard\n|move|p2b: Chien-Pao|Ice Shard|p1a: Iron Neck\n|-activate|p1a: Iron Neck|move: Protect\n|\n|-sideend|p2: revocolombia|move: Tailwind\n|upkeep\n|turn|5\n|\n|t:|1683817011\n|-terastallize|p1a: Iron Neck|Steel\n|move|p2b: Chien-Pao|Ice Shard|p1a: Iron Neck\n|-resisted|p1a: Iron Neck\n|-damage|p1a: Iron Neck|3\/100\n|move|p1b: Iron Judge|Spirit Break|p2b: Chien-Pao\n|-supereffective|p2b: Chien-Pao\n|-damage|p2b: Chien-Pao|0 fnt\n|faint|p2b: Chien-Pao\n|move|p1a: Iron Neck|Air Slash|p2a: Great Tusk\n|-supereffective|p2a: Great Tusk\n|-damage|p2a: Great Tusk|0 fnt\n|faint|p2a: Great Tusk\n|-end|p2a: Great Tusk|Protosynthesis|[silent]\n|\n|upkeep\n|\n|t:|1683817034\n|switch|p2b: Murkrow|Murkrow, L50, M|57\/100\n|turn|6\n|\n|t:|1683817042\n|move|p2b: Murkrow|Tailwind|p2b: Murkrow\n|-sidestart|p2: revocolombia|move: Tailwind\n|move|p1b: Iron Judge|Spirit Break|p2b: Murkrow\n|-supereffective|p2b: Murkrow\n|-damage|p2b: Murkrow|0 fnt\n|faint|p2b: Murkrow\n|\n|win|saltyground\n|raw|saltyground's rating: 1343 → 1364<\/strong> (+21 for winning)\n|raw|revocolombia's rating: 1355 → 1334<\/strong> (-21 for losing)\n|l|\u2606saltyground\n","uploadtime":1683817069,"views":9,"p1id":"saltyground","p2id":"revocolombia","formatid":"gen9vgc2023regulationc","rating":1334,"private":0,"password":""}