{"id":"gen9vgc2023regulationc-1859201111","p1":"Mizore Te","p2":"blfuller_4","format":"[Gen 9] VGC 2023 Regulation C","log":"|j|\u2606Mizore Te\n|j|\u2606blfuller_4\n|t:|1683417150\n|gametype|doubles\n|player|p1|Mizore Te|penny|1291\n|player|p2|blfuller_4|cynthia-gen4|1325\n|teamsize|p1|6\n|teamsize|p2|6\n|gen|9\n|tier|[Gen 9] VGC 2023 Regulation C\n|rated|\n|rule|Species Clause: Limit one of each Pok\u00e9mon\n|rule|Item Clause: Limit one of each item\n|clearpoke\n|poke|p1|Amoonguss, L50, M|\n|poke|p1|Flutter Mane, L50|\n|poke|p1|Baxcalibur, L50, M|\n|poke|p1|Ting-Lu, L50|\n|poke|p1|Gyarados, L50, M|\n|poke|p1|Corviknight, L50, M|\n|poke|p2|Flutter Mane, L50|\n|poke|p2|Palafin, L50, M|\n|poke|p2|Amoonguss, L50, F|\n|poke|p2|Arcanine, L50, F|\n|poke|p2|Baxcalibur, L50, M|\n|poke|p2|Kingambit, L50, F|\n|teampreview|4\nblfuller_4 has agreed to open team sheets.\nMizore Te has agreed to open team sheets.\n|\n|t:|1683417221\n|start\n|switch|p1a: Gyarados|Gyarados, L50, M|100\/100\n|switch|p1b: Corviknight|Corviknight, L50, M|100\/100\n|switch|p2a: Amoonguss|Amoonguss, L50, F|100\/100\n|switch|p2b: Kingambit|Kingambit, L50, F|100\/100\n|-ability|p1a: Gyarados|Intimidate|boost\n|-unboost|p2a: Amoonguss|atk|1\n|-unboost|p2b: Kingambit|atk|1\n|-ability|p2b: Kingambit|Defiant|boost\n|-boost|p2b: Kingambit|atk|2\n|turn|1\n|\n|t:|1683417252\n|switch|p2a: Arcanine|Arcanine, L50, F|100\/100\n|-ability|p2a: Arcanine|Intimidate|boost\n|-unboost|p1a: Gyarados|atk|1\n|-ability|p1b: Corviknight|Mirror Armor\n|-unboost|p2a: Arcanine|atk|1\n|-terastallize|p2b: Kingambit|Flying\n|move|p1a: Gyarados|Thunder Wave|p2b: Kingambit\n|-status|p2b: Kingambit|par\n|move|p1b: Corviknight|Bulk Up|p1b: Corviknight\n|-boost|p1b: Corviknight|atk|1\n|-boost|p1b: Corviknight|def|1\n|cant|p2b: Kingambit|par\n|\n|upkeep\n|turn|2\n|\n|t:|1683417279\n|move|p2a: Arcanine|Will-O-Wisp|p1b: Corviknight\n|-status|p1b: Corviknight|brn\n|move|p1a: Gyarados|Thunder Wave|p2a: Arcanine\n|-status|p2a: Arcanine|par\n|move|p1b: Corviknight|Bulk Up|p1b: Corviknight\n|-boost|p1b: Corviknight|atk|1\n|-boost|p1b: Corviknight|def|1\n|move|p2b: Kingambit|Tera Blast|p1a: Gyarados\n|-damage|p1a: Gyarados|29\/100\n|-enditem|p1a: Gyarados|Sitrus Berry|[eat]\n|-heal|p1a: Gyarados|53\/100|[from] item: Sitrus Berry\n|\n|-damage|p1b: Corviknight|95\/100 brn|[from] brn\n|upkeep\n|turn|3\n|\n|t:|1683417305\n|move|p1a: Gyarados|Waterfall|p2a: Arcanine\n|-supereffective|p2a: Arcanine\n|-damage|p2a: Arcanine|61\/100 par\n|move|p1b: Corviknight|Tailwind|p1b: Corviknight\n|-sidestart|p1: Mizore Te|move: Tailwind\n|move|p2a: Arcanine|Howl|p2a: Arcanine|[spread] p2a,p2b\n|-boost|p2a: Arcanine|atk|1\n|-boost|p2b: Kingambit|atk|1\n|move|p2b: Kingambit|Tera Blast|p1a: Gyarados\n|-damage|p1a: Gyarados|0 fnt\n|faint|p1a: Gyarados\n|\n|-heal|p1b: Corviknight|100\/100 brn|[from] item: Leftovers\n|-damage|p1b: Corviknight|95\/100 brn|[from] brn\n|upkeep\n|\n|t:|1683417316\n|switch|p1a: Baxcalibur|Baxcalibur, L50, M|100\/100\n|turn|4\n|\n|t:|1683417335\n|move|p2a: Arcanine|Protect|p2a: Arcanine\n|-singleturn|p2a: Arcanine|Protect\n|move|p1a: Baxcalibur|Icicle Crash|p2b: Kingambit\n|-supereffective|p2b: Kingambit\n|-damage|p2b: Kingambit|31\/100 par\n|move|p1b: Corviknight|Brave Bird|p2b: Kingambit\n|-crit|p2b: Kingambit\n|-damage|p2b: Kingambit|0 fnt\n|faint|p2b: Kingambit\n|-damage|p1b: Corviknight|84\/100 brn|[from] Recoil\n|\n|-heal|p1b: Corviknight|90\/100 brn|[from] item: Leftovers\n|-damage|p1b: Corviknight|84\/100 brn|[from] brn\n|upkeep\n|\n|t:|1683417350\n|switch|p2b: Amoonguss|Amoonguss, L50, F|100\/100\n|turn|5\n|\n|t:|1683417362\n|move|p1a: Baxcalibur|Protect|p1a: Baxcalibur\n|-singleturn|p1a: Baxcalibur|Protect\n|move|p1b: Corviknight|Brave Bird|p2b: Amoonguss\n|-supereffective|p2b: Amoonguss\n|-damage|p2b: Amoonguss|27\/100\n|-damage|p1b: Corviknight|68\/100 brn|[from] item: Rocky Helmet|[of] p2b: Amoonguss\n|-damage|p1b: Corviknight|41\/100 brn|[from] Recoil\n|cant|p2a: Arcanine|par\n|move|p2b: Amoonguss|Spore|p1a: Baxcalibur\n|-activate|p1a: Baxcalibur|move: Protect\n|\n|-heal|p1b: Corviknight|47\/100 brn|[from] item: Leftovers\n|-damage|p1b: Corviknight|41\/100 brn|[from] brn\n|upkeep\n|turn|6\n|\n|t:|1683417389\n|move|p1a: Baxcalibur|Ice Shard|p2b: Amoonguss\n|-supereffective|p2b: Amoonguss\n|-damage|p2b: Amoonguss|0 fnt\n|faint|p2b: Amoonguss\n|move|p1b: Corviknight|Brave Bird|p2a: Arcanine\n|-damage|p2a: Arcanine|13\/100 par\n|-damage|p1b: Corviknight|26\/100 brn|[from] Recoil\n|move|p2a: Arcanine|Flare Blitz|p1b: Corviknight\n|-supereffective|p1b: Corviknight\n|-damage|p1b: Corviknight|0 fnt\n|faint|p1b: Corviknight\n|-damage|p2a: Arcanine|5\/100 par|[from] Recoil\n|\n|-sideend|p1: Mizore Te|move: Tailwind\n|upkeep\n|\n|t:|1683417399\n|switch|p1b: Ting-Lu|Ting-Lu, L50|100\/100\n|switch|p2b: Flutter Mane|Flutter Mane, L50|100\/100\n|-ability|p1b: Ting-Lu|Vessel of Ruin\n|-enditem|p2b: Flutter Mane|Booster Energy\n|-activate|p2b: Flutter Mane|ability: Protosynthesis|[fromitem]\n|-start|p2b: Flutter Mane|protosynthesisspe\n|turn|7\n|\n|t:|1683417422\n|-terastallize|p1a: Baxcalibur|Poison\n|move|p2b: Flutter Mane|Protect|p2b: Flutter Mane\n|-singleturn|p2b: Flutter Mane|Protect\n|move|p2a: Arcanine|Protect|p2a: Arcanine\n|-singleturn|p2a: Arcanine|Protect\n|move|p1a: Baxcalibur|Ice Shard|p2a: Arcanine\n|-activate|p2a: Arcanine|move: Protect\n|move|p1b: Ting-Lu|Heavy Slam|p2b: Flutter Mane\n|-activate|p2b: Flutter Mane|move: Protect\n|\n|upkeep\n|turn|8\n|\n|t:|1683417438\n|move|p1a: Baxcalibur|Ice Shard|p2a: Arcanine\n|-resisted|p2a: Arcanine\n|-damage|p2a: Arcanine|0 fnt\n|faint|p2a: Arcanine\n|move|p2b: Flutter Mane|Moonblast|p1b: Ting-Lu\n|-supereffective|p1b: Ting-Lu\n|-damage|p1b: Ting-Lu|68\/100\n|move|p1b: Ting-Lu|Heavy Slam|p2b: Flutter Mane\n|-supereffective|p2b: Flutter Mane\n|-damage|p2b: Flutter Mane|0 fnt\n|faint|p2b: Flutter Mane\n|-end|p2b: Flutter Mane|Protosynthesis|[silent]\n|\n|win|Mizore Te\n|raw|Mizore Te's rating: 1291 → 1318<\/strong> (+27 for winning)\n|raw|blfuller_4's rating: 1325 → 1303<\/strong> (-22 for losing)\n|l|\u2606blfuller_4\n","uploadtime":1683417450,"views":9,"p1id":"mizorete","p2id":"blfuller4","formatid":"gen9vgc2023regulationc","rating":1303,"private":0,"password":""}