{"id":"gen9vgc2023regulationc-1847177476","p1":"elgervax","p2":"TacoIsBad","format":"[Gen 9] VGC 2023 Regulation C","log":"|j|\u2606elgervax\n|j|\u2606TacoIsBad\n|t:|1681925417\n|gametype|doubles\n|player|p1|elgervax|102|1236\n|player|p2|TacoIsBad|2|1237\n|teamsize|p1|6\n|teamsize|p2|6\n|gen|9\n|tier|[Gen 9] VGC 2023 Regulation C\n|rated|\n|rule|Species Clause: Limit one of each Pok\u00e9mon\n|rule|Item Clause: Limit one of each item\n|clearpoke\n|poke|p1|Palafin, L50, F|\n|poke|p1|Flutter Mane, L50|\n|poke|p1|Arcanine, L50, F|\n|poke|p1|Amoonguss, L50, F|\n|poke|p1|Ting-Lu, L50|\n|poke|p1|Roaring Moon, L50|\n|poke|p2|Tatsugiri, L50, F|\n|poke|p2|Glimmora, L50, F|\n|poke|p2|Dragonite, L50, F|\n|poke|p2|Iron Bundle, L50|\n|poke|p2|Dondozo, L50, M|\n|poke|p2|Chi-Yu, L50|\n|teampreview|4\n|inactive|Battle timer is ON: inactive players will automatically lose when time's up. (requested by elgervax)\n|inactive|elgervax has 60 seconds left.\n|inactive|TacoIsBad has 60 seconds left.\n|\n|t:|1681925466\n|start\n|switch|p1a: Palafin|Palafin, L50, F|100\/100\n|switch|p1b: Flutter Mane|Flutter Mane, L50|100\/100\n|switch|p2a: Glimmora|Glimmora, L50, F|100\/100\n|switch|p2b: Dragonite|Dragonite, L50, F|100\/100\n|turn|1\n|\n|t:|1681925489\n|move|p1b: Flutter Mane|Dazzling Gleam|p2a: Glimmora|[spread] p2a,p2b\n|-resisted|p2a: Glimmora\n|-supereffective|p2b: Dragonite\n|-damage|p2a: Glimmora|86\/100\n|-damage|p2b: Dragonite|48\/100\n|move|p1a: Palafin|Wave Crash|p2a: Glimmora\n|-supereffective|p2a: Glimmora\n|-damage|p2a: Glimmora|1\/100\n|-activate|p2a: Glimmora|ability: Toxic Debris\n|-sidestart|p1: elgervax|move: Toxic Spikes\n|-damage|p1a: Palafin|70\/100|[from] Recoil\n|move|p2b: Dragonite|Ice Spinner|p1b: Flutter Mane\n|-damage|p1b: Flutter Mane|26\/100\n|move|p2a: Glimmora|Mortal Spin|p1b: Flutter Mane|[spread] p1a,p1b\n|-damage|p1a: Palafin|65\/100\n|-damage|p1b: Flutter Mane|16\/100\n|-status|p1a: Palafin|psn\n|-status|p1b: Flutter Mane|psn\n|\n|-damage|p1b: Flutter Mane|4\/100 psn|[from] psn\n|-damage|p1a: Palafin|53\/100 psn|[from] psn\n|upkeep\n|turn|2\n|inactive|TacoIsBad has 30 seconds left.\n|\n|t:|1681925518\n|detailschange|p1a: Palafin|Palafin-Hero, L50, F\n|switch|p1a: Amoonguss|Amoonguss, L50, F|100\/100\n|-sideend|p1: elgervax|move: Toxic Spikes|[of] p1a: Amoonguss\n|move|p2b: Dragonite|Protect|p2b: Dragonite\n|-singleturn|p2b: Dragonite|Protect\n|move|p1b: Flutter Mane|Dazzling Gleam|p2b: Dragonite|[spread] p2a\n|-activate|p2b: Dragonite|move: Protect\n|-resisted|p2a: Glimmora\n|-damage|p2a: Glimmora|0 fnt\n|faint|p2a: Glimmora\n|\n|-damage|p1b: Flutter Mane|0 fnt|[from] psn\n|faint|p1b: Flutter Mane\n|-end|p1b: Flutter Mane|Protosynthesis|[silent]\n|upkeep\n|\n|t:|1681925534\n|switch|p1b: Palafin|Palafin-Hero, L50, F|53\/100 psn\n|switch|p2a: Dondozo|Dondozo, L50, M|100\/100\n|-activate|p1b: Palafin|ability: Zero to Hero\n|turn|3\n|\n|t:|1681925551\n|switch|p2b: Tatsugiri|Tatsugiri, L50, F|100\/100\n|-activate|p2b: Tatsugiri|ability: Commander|[of] p2a: Dondozo\n|-boost|p2a: Dondozo|atk|2\n|-boost|p2a: Dondozo|spa|2\n|-boost|p2a: Dondozo|spe|2\n|-boost|p2a: Dondozo|def|2\n|-boost|p2a: Dondozo|spd|2\n|-terastallize|p1b: Palafin|Water\n|-terastallize|p2a: Dondozo|Grass\n|move|p2a: Dondozo|Tera Blast|p1b: Palafin\n|-supereffective|p1b: Palafin\n|-damage|p1b: Palafin|0 fnt\n|faint|p1b: Palafin\n|move|p1a: Amoonguss|Spore|p2a: Dondozo\n|-immune|p2a: Dondozo\n|\n|upkeep\n|\n|t:|1681925568\n|switch|p1b: Arcanine|Arcanine, L50, F|100\/100\n|-ability|p1b: Arcanine|Intimidate|boost\n|-unboost|p2a: Dondozo|atk|1\n|-unboost|p2b: Tatsugiri|atk|1\n|turn|4\n|\n|t:|1681925580\n|move|p2a: Dondozo|Protect|p2a: Dondozo\n|-singleturn|p2a: Dondozo|Protect\n|move|p1a: Amoonguss|Rage Powder|p1a: Amoonguss\n|-singleturn|p1a: Amoonguss|move: Rage Powder\n|move|p1b: Arcanine|Will-O-Wisp|p2a: Dondozo\n|-activate|p2a: Dondozo|move: Protect\n|\n|upkeep\n|turn|5\n|\n|t:|1681925590\n|move|p2a: Dondozo|Earthquake|p1b: Arcanine|[spread] p1a,p1b\n|-miss|p2a: Dondozo|p2b: Tatsugiri\n|-supereffective|p1b: Arcanine\n|-damage|p1a: Amoonguss|67\/100\n|-damage|p1b: Arcanine|38\/100\n|move|p1b: Arcanine|Will-O-Wisp|p2a: Dondozo\n|-status|p2a: Dondozo|brn\n|move|p1a: Amoonguss|Pollen Puff|p2a: Dondozo\n|-supereffective|p2a: Dondozo\n|-damage|p2a: Dondozo|83\/100 brn\n|\n|-heal|p2a: Dondozo|89\/100 brn|[from] item: Leftovers\n|-damage|p2a: Dondozo|83\/100 brn|[from] brn\n|upkeep\n|turn|6\n|inactive|elgervax has 30 seconds left.\n|\n|t:|1681925618\n|move|p1b: Arcanine|Protect|p1b: Arcanine\n|-singleturn|p1b: Arcanine|Protect\n|move|p2a: Dondozo|Earthquake|p1b: Arcanine|[spread] p1a\n|-miss|p2a: Dondozo|p2b: Tatsugiri\n|-activate|p1b: Arcanine|move: Protect\n|-damage|p1a: Amoonguss|51\/100\n|move|p1a: Amoonguss|Pollen Puff|p1b: Arcanine\n|-activate|p1b: Arcanine|move: Protect\n|\n|-heal|p2a: Dondozo|89\/100 brn|[from] item: Leftovers\n|-damage|p2a: Dondozo|83\/100 brn|[from] brn\n|upkeep\n|turn|7\n|c|\u2606elgervax|Uwu\n|inactive|elgervax has 30 seconds left.\n|\n|t:|1681925648\n|move|p1b: Arcanine|Extreme Speed|p2a: Dondozo\n|-damage|p2a: Dondozo|77\/100 brn\n|move|p2a: Dondozo|Earthquake|p1a: Amoonguss|[spread] p1a,p1b\n|-miss|p2a: Dondozo|p2b: Tatsugiri\n|-supereffective|p1b: Arcanine\n|-damage|p1a: Amoonguss|35\/100\n|-damage|p1b: Arcanine|4\/100\n|-enditem|p1a: Amoonguss|Sitrus Berry|[eat]\n|-heal|p1a: Amoonguss|60\/100|[from] item: Sitrus Berry\n|move|p1a: Amoonguss|Pollen Puff|p1b: Arcanine\n|-heal|p1b: Arcanine|54\/100\n|\n|-heal|p2a: Dondozo|83\/100 brn|[from] item: Leftovers\n|-damage|p2a: Dondozo|77\/100 brn|[from] brn\n|upkeep\n|turn|8\n|\n|t:|1681925667\n|move|p2a: Dondozo|Earthquake|p1a: Amoonguss|[spread] p1a,p1b\n|-miss|p2a: Dondozo|p2b: Tatsugiri\n|-crit|p1a: Amoonguss\n|-supereffective|p1b: Arcanine\n|-damage|p1a: Amoonguss|34\/100\n|-damage|p1b: Arcanine|19\/100\n|move|p1b: Arcanine|Flare Blitz|p2a: Dondozo\n|-supereffective|p2a: Dondozo\n|-damage|p2a: Dondozo|45\/100 brn\n|-damage|p1b: Arcanine|7\/100|[from] Recoil\n|move|p1a: Amoonguss|Pollen Puff|p1b: Arcanine\n|-heal|p1b: Arcanine|57\/100\n|\n|-heal|p2a: Dondozo|51\/100 brn|[from] item: Leftovers\n|-damage|p2a: Dondozo|45\/100 brn|[from] brn\n|upkeep\n|turn|9\n|inactive|elgervax has 30 seconds left.\n|\n|t:|1681925693\n|move|p2a: Dondozo|Wave Crash|p1b: Arcanine\n|-supereffective|p1b: Arcanine\n|-damage|p1b: Arcanine|0 fnt\n|faint|p1b: Arcanine\n|-damage|p2a: Dondozo|28\/100 brn|[from] Recoil\n|move|p1a: Amoonguss|Pollen Puff|p1: Arcanine|[notarget]\n|-fail|p1a: Amoonguss\n|\n|-heal|p2a: Dondozo|35\/100 brn|[from] item: Leftovers\n|-damage|p2a: Dondozo|28\/100 brn|[from] brn\n|upkeep\n|turn|10\n|\n|t:|1681925700\n|move|p2a: Dondozo|Earthquake|p1a: Amoonguss|[spread] p1a\n|-miss|p2a: Dondozo|p2b: Tatsugiri\n|-damage|p1a: Amoonguss|16\/100\n|move|p1a: Amoonguss|Pollen Puff|p2a: Dondozo\n|-supereffective|p2a: Dondozo\n|-damage|p2a: Dondozo|10\/100 brn\n|\n|-heal|p2a: Dondozo|16\/100 brn|[from] item: Leftovers\n|-damage|p2a: Dondozo|10\/100 brn|[from] brn\n|upkeep\n|turn|11\n|\n|t:|1681925717\n|move|p2a: Dondozo|Wave Crash|p1a: Amoonguss\n|-resisted|p1a: Amoonguss\n|-crit|p1a: Amoonguss\n|-damage|p1a: Amoonguss|0 fnt\n|faint|p1a: Amoonguss\n|-damage|p2a: Dondozo|4\/100 brn|[from] Recoil\n|\n|win|TacoIsBad\n|raw|elgervax's rating: 1236 → 1211<\/strong> (-25 for losing)\n|raw|TacoIsBad's rating: 1237 → 1262<\/strong> (+25 for winning)\n|l|\u2606TacoIsBad\n","uploadtime":1681925736,"views":13,"p1id":"elgervax","p2id":"tacoisbad","formatid":"gen9vgc2023regulationc","rating":1211,"private":0,"password":""}