{"id":"gen9vgc2023regulationc-1850919746","p1":"Jhinting","p2":"AceTrainerNite","format":"[Gen 9] VGC 2023 Regulation C","log":"|j|\u2606Jhinting\n|j|\u2606AceTrainerNite\n|t:|1682382348\n|gametype|doubles\n|player|p1|Jhinting|marnie-masters3|1181\n|player|p2|AceTrainerNite|benga|1207\n|teamsize|p1|6\n|teamsize|p2|6\n|gen|9\n|tier|[Gen 9] VGC 2023 Regulation C\n|rated|\n|rule|Species Clause: Limit one of each Pok\u00e9mon\n|rule|Item Clause: Limit one of each item\n|clearpoke\n|poke|p1|Scizor, L50, F|\n|poke|p1|Espathra, L50, F|\n|poke|p1|Sandy Shocks, L50|\n|poke|p1|Wo-Chien, L50|\n|poke|p1|Gyarados, L50, M|\n|poke|p1|Mimikyu, L50, M|\n|poke|p2|Scream Tail, L50|\n|poke|p2|Dragapult, L50, F|\n|poke|p2|Arcanine, L50, M|\n|poke|p2|Breloom, L50, F|\n|poke|p2|Ting-Lu, L50|\n|poke|p2|Gyarados, L50, F|\n|teampreview|4\n|inactive|Battle timer is ON: inactive players will automatically lose when time's up. (requested by Jhinting)\n|inactive|Jhinting has 60 seconds left.\n|inactive|AceTrainerNite has 60 seconds left.\n|\n|t:|1682382394\n|start\n|switch|p1a: Irina Shidou|Wo-Chien, L50|100\/100\n|switch|p1b: Ravel Phenex|Espathra, L50, F|100\/100\n|switch|p2a: Breloom|Breloom, L50, F|100\/100\n|switch|p2b: Scream Tail|Scream Tail, L50|100\/100\n|-ability|p1a: Irina Shidou|Tablets of Ruin\n|-enditem|p2b: Scream Tail|Booster Energy\n|-activate|p2b: Scream Tail|ability: Protosynthesis|[fromitem]\n|-start|p2b: Scream Tail|protosynthesisspe\n|turn|1\n|\n|t:|1682382411\n|-terastallize|p2a: Breloom|Steel\n|move|p2b: Scream Tail|Howl|p2b: Scream Tail|[spread] p2a,p2b\n|-boost|p2a: Breloom|atk|1\n|-boost|p2b: Scream Tail|atk|1\n|move|p1b: Ravel Phenex|Lumina Crash|p2a: Breloom\n|-resisted|p2a: Breloom\n|-damage|p2a: Breloom|70\/100\n|-unboost|p2a: Breloom|spd|2\n|move|p2a: Breloom|Bullet Seed|p1b: Ravel Phenex\n|-crit|p1b: Ravel Phenex\n|-damage|p1b: Ravel Phenex|45\/100\n|-damage|p1b: Ravel Phenex|8\/100\n|-damage|p1b: Ravel Phenex|0 fnt\n|faint|p1b: Ravel Phenex\n|-hitcount|p1: Ravel Phenex|3\n|move|p1a: Irina Shidou|Leech Seed|p2b: Scream Tail\n|-start|p2b: Scream Tail|move: Leech Seed\n|\n|-damage|p2b: Scream Tail|88\/100|[from] Leech Seed|[of] p1a: Irina Shidou\n|upkeep\n|inactive|Jhinting has 30 seconds left.\n|\n|t:|1682382438\n|switch|p1b: Issei Hyoudou|Gyarados, L50, M, shiny|100\/100\n|-ability|p1b: Issei Hyoudou|Intimidate|boost\n|-unboost|p2a: Breloom|atk|1\n|-unboost|p2b: Scream Tail|atk|1\n|turn|2\n|\n|t:|1682382448\n|-end|p2b: Scream Tail|Protosynthesis|[silent]\n|switch|p2b: Ting-Lu|Ting-Lu, L50|100\/100\n|-ability|p2b: Ting-Lu|Vessel of Ruin\n|move|p2a: Breloom|Protect|p2a: Breloom\n|-singleturn|p2a: Breloom|Protect\n|move|p1b: Issei Hyoudou|Dragon Dance|p1b: Issei Hyoudou\n|-boost|p1b: Issei Hyoudou|atk|1\n|-boost|p1b: Issei Hyoudou|spe|1\n|move|p1a: Irina Shidou|Leech Seed|p2a: Breloom\n|-activate|p2a: Breloom|move: Protect\n|\n|upkeep\n|turn|3\n|inactive|AceTrainerNite has 30 seconds left.\n|\n|t:|1682382482\n|switch|p2a: Scream Tail|Scream Tail, L50|88\/100\n|move|p1b: Issei Hyoudou|Waterfall|p2a: Scream Tail\n|-damage|p2a: Scream Tail|53\/100\n|move|p1a: Irina Shidou|Leech Seed|p2b: Ting-Lu\n|-start|p2b: Ting-Lu|move: Leech Seed\n|move|p2b: Ting-Lu|Stone Edge|p1b: Issei Hyoudou\n|-supereffective|p1b: Issei Hyoudou\n|-damage|p1b: Issei Hyoudou|46\/100\n|\n|-damage|p2b: Ting-Lu|88\/100|[from] Leech Seed|[of] p1a: Irina Shidou\n|upkeep\n|turn|4\n|inactive|AceTrainerNite has 30 seconds left.\n|inactive|AceTrainerNite has 20 seconds left.\n|\n|t:|1682382518\n|switch|p2b: Dragapult|Dragapult, L50, F|100\/100\n|move|p1b: Issei Hyoudou|Waterfall|p2b: Dragapult\n|-resisted|p2b: Dragapult\n|-damage|p2b: Dragapult|69\/100\n|move|p2a: Scream Tail|Play Rough|p1b: Issei Hyoudou\n|-damage|p1b: Issei Hyoudou|24\/100\n|move|p1a: Irina Shidou|Pollen Puff|p1b: Issei Hyoudou\n|-heal|p1b: Issei Hyoudou|74\/100\n|\n|upkeep\n|turn|5\n|inactive|AceTrainerNite has 30 seconds left.\n|\n|t:|1682382552\n|move|p2b: Dragapult|Phantom Force||[still]\n|-prepare|p2b: Dragapult|Phantom Force\n|move|p1b: Issei Hyoudou|Dragon Dance|p1b: Issei Hyoudou\n|-boost|p1b: Issei Hyoudou|atk|1\n|-boost|p1b: Issei Hyoudou|spe|1\n|move|p2a: Scream Tail|Perish Song|p2a: Scream Tail\n|-start|p1a: Irina Shidou|perish3|[silent]\n|-start|p1b: Issei Hyoudou|perish3|[silent]\n|-start|p2a: Scream Tail|perish3|[silent]\n|-miss|p2a: Scream Tail|p2b: Dragapult\n|-fieldactivate|move: Perish Song\n|move|p1a: Irina Shidou|Pollen Puff|p1b: Issei Hyoudou\n|-heal|p1b: Issei Hyoudou|100\/100\n|\n|-start|p1b: Issei Hyoudou|perish3\n|-start|p2a: Scream Tail|perish3\n|-start|p1a: Irina Shidou|perish3\n|upkeep\n|turn|6\n|\n|t:|1682382575\n|move|p2a: Scream Tail|Protect|p2a: Scream Tail\n|-singleturn|p2a: Scream Tail|Protect\n|move|p1b: Issei Hyoudou|Waterfall|p2a: Scream Tail\n|-activate|p2a: Scream Tail|move: Protect\n|move|p2b: Dragapult|Phantom Force|p1b: Issei Hyoudou|[from]lockedmove\n|-damage|p1b: Issei Hyoudou|50\/100\n|move|p1a: Irina Shidou|Leech Seed|p2a: Scream Tail\n|-activate|p2a: Scream Tail|move: Protect\n|\n|-start|p1b: Issei Hyoudou|perish2\n|-start|p2a: Scream Tail|perish2\n|-start|p1a: Irina Shidou|perish2\n|upkeep\n|turn|7\n|inactive|AceTrainerNite has 30 seconds left.\n|inactive|AceTrainerNite has 20 seconds left.\n|\n|t:|1682382613\n|-end|p2a: Scream Tail|Protosynthesis|[silent]\n|switch|p2a: Ting-Lu|Ting-Lu, L50|88\/100\n|-ability|p2a: Ting-Lu|Vessel of Ruin\n|switch|p1a: Gasper Bloody|Mimikyu, L50, M, shiny|100\/100\n|-terastallize|p1b: Issei Hyoudou|Flying\n|move|p1b: Issei Hyoudou|Tera Blast|p2b: Dragapult\n|-damage|p2b: Dragapult|0 fnt\n|faint|p2b: Dragapult\n|\n|-start|p1b: Issei Hyoudou|perish1\n|upkeep\n|\n|t:|1682382627\n|switch|p2b: Scream Tail|Scream Tail, L50|53\/100\n|turn|8\n|\n|t:|1682382641\n|switch|p1b: Irina Shidou|Wo-Chien, L50|100\/100\n|-ability|p1b: Irina Shidou|Tablets of Ruin\n|move|p2b: Scream Tail|Play Rough|p1a: Gasper Bloody|[miss]\n|-miss|p2b: Scream Tail|p1a: Gasper Bloody\n|move|p1a: Gasper Bloody|Curse|p2a: Ting-Lu\n|-start|p2a: Ting-Lu|Curse|[of] p1a: Gasper Bloody\n|-damage|p1a: Gasper Bloody|51\/100\n|move|p2a: Ting-Lu|Heavy Slam|p1a: Gasper Bloody\n|-activate|p1a: Gasper Bloody|ability: Disguise\n|-damage|p1a: Gasper Bloody|51\/100\n|detailschange|p1a: Gasper Bloody|Mimikyu-Busted, L50, M, shiny\n|-damage|p1a: Gasper Bloody|39\/100|[from] pokemon: Mimikyu-Busted\n|\n|-damage|p2a: Ting-Lu|64\/100|[from] Curse\n|upkeep\n|turn|9\n|\n|t:|1682382663\n|switch|p1a: Issei Hyoudou|Gyarados, L50, M, shiny, tera:Flying|50\/100\n|-ability|p1a: Issei Hyoudou|Intimidate|boost\n|-unboost|p2a: Ting-Lu|atk|1\n|-unboost|p2b: Scream Tail|atk|1\n|switch|p2a: Breloom|Breloom, L50, F, tera:Steel|70\/100\n|move|p2b: Scream Tail|Play Rough|p1a: Issei Hyoudou\n|-damage|p1a: Issei Hyoudou|37\/100\n|move|p1b: Irina Shidou|Pollen Puff|p1a: Issei Hyoudou\n|-heal|p1a: Issei Hyoudou|86\/100\n|\n|upkeep\n|turn|10\n|\n|t:|1682382690\n|move|p2b: Scream Tail|Howl|p2b: Scream Tail|[spread] p2a,p2b\n|-boost|p2a: Breloom|atk|1\n|-boost|p2b: Scream Tail|atk|1\n|move|p1a: Issei Hyoudou|Waterfall|p2a: Breloom\n|-damage|p2a: Breloom|25\/100\n|move|p2a: Breloom|Bullet Seed|p1a: Issei Hyoudou\n|-resisted|p1a: Issei Hyoudou\n|-damage|p1a: Issei Hyoudou|74\/100\n|-resisted|p1a: Issei Hyoudou\n|-damage|p1a: Issei Hyoudou|61\/100\n|-resisted|p1a: Issei Hyoudou\n|-damage|p1a: Issei Hyoudou|47\/100\n|-resisted|p1a: Issei Hyoudou\n|-damage|p1a: Issei Hyoudou|33\/100\n|-hitcount|p1a: Issei Hyoudou|4\n|move|p1b: Irina Shidou|Leech Seed|p2a: Breloom\n|-start|p2a: Breloom|move: Leech Seed\n|\n|-damage|p2a: Breloom|13\/100|[from] Leech Seed|[of] p1b: Irina Shidou\n|upkeep\n|turn|11\n|\n|t:|1682382714\n|switch|p2a: Ting-Lu|Ting-Lu, L50|64\/100\n|-ability|p2a: Ting-Lu|Vessel of Ruin\n|move|p2b: Scream Tail|Play Rough|p1a: Issei Hyoudou\n|-damage|p1a: Issei Hyoudou|11\/100\n|move|p1a: Issei Hyoudou|Waterfall|p2a: Ting-Lu\n|-supereffective|p2a: Ting-Lu\n|-damage|p2a: Ting-Lu|28\/100\n|move|p1b: Irina Shidou|Pollen Puff|p1a: Issei Hyoudou\n|-heal|p1a: Issei Hyoudou|61\/100\n|\n|upkeep\n|turn|12\n|\n|t:|1682382735\n|move|p2b: Scream Tail|Play Rough|p1b: Irina Shidou\n|-supereffective|p1b: Irina Shidou\n|-damage|p1b: Irina Shidou|71\/100\n|move|p1a: Issei Hyoudou|Waterfall|p2a: Ting-Lu\n|-supereffective|p2a: Ting-Lu\n|-damage|p2a: Ting-Lu|0 fnt\n|faint|p2a: Ting-Lu\n|move|p1b: Irina Shidou|Pollen Puff|p1a: Issei Hyoudou\n|-heal|p1a: Issei Hyoudou|100\/100\n|\n|upkeep\n|\n|t:|1682382741\n|switch|p2a: Breloom|Breloom, L50, F, tera:Steel|13\/100\n|turn|13\n|-message|AceTrainerNite forfeited.\n|\n|win|Jhinting\n|raw|Jhinting's rating: 1181 → 1208<\/strong> (+27 for winning)\n|raw|AceTrainerNite's rating: 1207 → 1180<\/strong> (-27 for losing)\n|l|\u2606AceTrainerNite\n","uploadtime":1682382761,"views":8,"p1id":"jhinting","p2id":"acetrainernite","formatid":"gen9vgc2023regulationc","rating":1180,"private":0,"password":""}