{"id":"gen9vgc2023regulationc-1855737957","p1":"WindaGaming","p2":"Arceus's Bard","format":"[Gen 9] VGC 2023 Regulation C","log":"|j|\u2606WindaGaming\n|j|\u2606Arceus's Bard\n|t:|1682978470\n|gametype|doubles\n|player|p1|WindaGaming|jasmine|\n|player|p2|Arceus's Bard|colress|\n|teamsize|p1|6\n|teamsize|p2|6\n|gen|9\n|tier|[Gen 9] VGC 2023 Regulation C\n|rule|Species Clause: Limit one of each Pok\u00e9mon\n|rule|Item Clause: Limit one of each item\n|clearpoke\n|poke|p1|Hatterene, L50, F|\n|poke|p1|Houndstone, L50, F|\n|poke|p1|Iron Bundle, L50|\n|poke|p1|Medicham, L50, M|\n|poke|p1|Volcarona, L50, M|\n|poke|p1|Tyranitar, L50, F|\n|poke|p2|Roaring Moon, L50|\n|poke|p2|Hydreigon, L50, F|\n|poke|p2|Wo-Chien, L50|\n|poke|p2|Magnezone, L50|\n|poke|p2|Toxapex, L50, M|\n|poke|p2|Leafeon, L50, F|\n|teampreview|4\n|c|\u2606WindaGaming|glhf\n|c|\u2606Arceus's Bard|Glhf\n|j| GIANT OSHAWOTT\n|\n|t:|1682978555\n|start\n|switch|p1a: Volcarona|Volcarona, L50, M|100\/100\n|switch|p1b: Iron Bundle|Iron Bundle, L50|100\/100\n|switch|p2a: Evergreen|Leafeon, L50, F|100\/100\n|switch|p2b: Wo-Chien|Wo-Chien, L50|100\/100\n|-ability|p2b: Wo-Chien|Tablets of Ruin\n|turn|1\n|j| FinalGambitVGC\n|\n|t:|1682978618\n|-terastallize|p1b: Iron Bundle|Ice\n|-terastallize|p2b: Wo-Chien|Dark\n|move|p1b: Iron Bundle|Freeze-Dry|p2a: Evergreen\n|-supereffective|p2a: Evergreen\n|-damage|p2a: Evergreen|0 fnt\n|faint|p2a: Evergreen\n|move|p1a: Volcarona|Bug Buzz|p2b: Wo-Chien\n|-supereffective|p2b: Wo-Chien\n|-damage|p2b: Wo-Chien|40\/100\n|move|p2b: Wo-Chien|Knock Off|p1b: Iron Bundle\n|-damage|p1b: Iron Bundle|65\/100\n|-enditem|p1b: Iron Bundle|Choice Specs|[from] move: Knock Off|[of] p2b: Wo-Chien\n|\n|upkeep\n|\n|t:|1682978639\n|switch|p2a: Balerion|Roaring Moon, L50|100\/100\n|-enditem|p2a: Balerion|Booster Energy\n|-activate|p2a: Balerion|ability: Protosynthesis|[fromitem]\n|-start|p2a: Balerion|protosynthesisspe\n|turn|2\n|\n|t:|1682978655\n|move|p1a: Volcarona|Rage Powder|p1a: Volcarona\n|-singleturn|p1a: Volcarona|move: Rage Powder\n|move|p2a: Balerion|Acrobatics|p1a: Volcarona\n|-supereffective|p1a: Volcarona\n|-damage|p1a: Volcarona|24\/100\n|-status|p2a: Balerion|brn|[from] ability: Flame Body|[of] p1a: Volcarona\n|-enditem|p1a: Volcarona|Sitrus Berry|[eat]\n|-heal|p1a: Volcarona|49\/100|[from] item: Sitrus Berry\n|move|p1b: Iron Bundle|Ice Beam|p2a: Balerion\n|-supereffective|p2a: Balerion\n|-damage|p2a: Balerion|0 fnt\n|faint|p2a: Balerion\n|-end|p2a: Balerion|Protosynthesis|[silent]\n|move|p2b: Wo-Chien|Leech Seed|p1a: Volcarona\n|-start|p1a: Volcarona|move: Leech Seed\n|\n|-damage|p1a: Volcarona|37\/100|[from] Leech Seed|[of] p2b: Wo-Chien\n|-heal|p2b: Wo-Chien|56\/100|[silent]\n|upkeep\n|\n|t:|1682978669\n|switch|p2a: Toxapex|Toxapex, L50, M|100\/100\n|turn|3\n|\n|t:|1682978683\n|move|p1b: Iron Bundle|Freeze-Dry|p2a: Toxapex\n|-supereffective|p2a: Toxapex\n|-damage|p2a: Toxapex|22\/100\n|move|p1a: Volcarona|Bug Buzz|p2b: Wo-Chien\n|-supereffective|p2b: Wo-Chien\n|-damage|p2b: Wo-Chien|3\/100\n|move|p2b: Wo-Chien|Ruination|p1b: Iron Bundle|[miss]\n|-miss|p2b: Wo-Chien|p1b: Iron Bundle\n|move|p2a: Toxapex|Toxic Spikes|p1b: Iron Bundle\n|-sidestart|p1: WindaGaming|move: Toxic Spikes\n|\n|-heal|p2a: Toxapex|27\/100|[from] item: Black Sludge\n|-damage|p1a: Volcarona|24\/100|[from] Leech Seed|[of] p2b: Wo-Chien\n|-heal|p2b: Wo-Chien|19\/100|[silent]\n|upkeep\n|turn|4\n|\n|t:|1682978711\n|move|p2a: Toxapex|Baneful Bunker|p2a: Toxapex\n|-singleturn|p2a: Toxapex|move: Protect\n|move|p1b: Iron Bundle|Freeze-Dry|p2a: Toxapex\n|-activate|p2a: Toxapex|move: Protect\n|move|p1a: Volcarona|Bug Buzz|p2b: Wo-Chien\n|-supereffective|p2b: Wo-Chien\n|-damage|p2b: Wo-Chien|0 fnt\n|faint|p2b: Wo-Chien\n|\n|-heal|p2a: Toxapex|33\/100|[from] item: Black Sludge\n|upkeep\n|turn|5\n|\n|t:|1682978727\n|move|p1b: Iron Bundle|Freeze-Dry|p2a: Toxapex\n|-supereffective|p2a: Toxapex\n|-damage|p2a: Toxapex|0 fnt\n|faint|p2a: Toxapex\n|\n|win|WindaGaming\n|c|\u2606WindaGaming|gg\n","uploadtime":1682978733,"views":14,"p1id":"windagaming","p2id":"arceussbard","formatid":"gen9vgc2023regulationc","rating":0,"private":0,"password":""}