{"id":"gen9vgc2023regulationc-1850538015","p1":"Kenepa21","p2":"DannoT36","format":"[Gen 9] VGC 2023 Regulation C","log":"|j|\u2606Kenepa21\n|j|\u2606DannoT36\n|t:|1682346809\n|gametype|doubles\n|player|p1|Kenepa21|170|1461\n|player|p2|DannoT36|riley|1480\n|teamsize|p1|6\n|teamsize|p2|6\n|gen|9\n|tier|[Gen 9] VGC 2023 Regulation C\n|rated|\n|rule|Species Clause: Limit one of each Pok\u00e9mon\n|rule|Item Clause: Limit one of each item\n|clearpoke\n|poke|p1|Garganacl, L50, M|\n|poke|p1|Dondozo, L50, F|\n|poke|p1|Tatsugiri, L50, F|\n|poke|p1|Flutter Mane, L50|\n|poke|p1|Pawmot, L50, F|\n|poke|p1|Gothitelle, L50, M|\n|poke|p2|Roaring Moon, L50|\n|poke|p2|Annihilape, L50, M|\n|poke|p2|Corviknight, L50, M|\n|poke|p2|Iron Hands, L50|\n|poke|p2|Gyarados, L50, M|\n|poke|p2|Chi-Yu, L50|\n|teampreview|4\n|inactive|Battle timer is ON: inactive players will automatically lose when time's up. (requested by DannoT36)\nKenepa21 has agreed to open team sheets.\nDannoT36 has agreed to open team sheets.\n|inactive|Kenepa21 has 60 seconds left.\n|inactive|DannoT36 has 60 seconds left.\n|inactive|DannoT36 has 30 seconds left.\n|inactive|DannoT36 has 20 seconds left.\n|inactive|DannoT36 has 15 seconds left.\n|inactive|DannoT36 has 10 seconds left.\n|inactive|DannoT36 has 5 seconds left.\n|\n|t:|1682346899\n|start\n|switch|p1a: Flutter Mane|Flutter Mane, L50|100\/100\n|switch|p1b: Tatsugiri|Tatsugiri, L50, F|100\/100\n|switch|p2a: Moon Knight|Roaring Moon, L50, shiny|100\/100\n|switch|p2b: Annihilape|Annihilape, L50, M|100\/100\n|-enditem|p1a: Flutter Mane|Booster Energy\n|-activate|p1a: Flutter Mane|ability: Protosynthesis|[fromitem]\n|-start|p1a: Flutter Mane|protosynthesisspe\n|-enditem|p2a: Moon Knight|Booster Energy\n|-activate|p2a: Moon Knight|ability: Protosynthesis|[fromitem]\n|-start|p2a: Moon Knight|protosynthesisspe\n|turn|1\n|inactive|DannoT36 has 30 seconds left.\n|\n|t:|1682346924\n|move|p1b: Tatsugiri|Protect|p1b: Tatsugiri\n|-singleturn|p1b: Tatsugiri|Protect\n|move|p1a: Flutter Mane|Perish Song|p1a: Flutter Mane\n|-start|p1a: Flutter Mane|perish3|[silent]\n|-start|p1b: Tatsugiri|perish3|[silent]\n|-start|p2a: Moon Knight|perish3|[silent]\n|-start|p2b: Annihilape|perish3|[silent]\n|-fieldactivate|move: Perish Song\n|move|p2a: Moon Knight|Tailwind|p2a: Moon Knight\n|-sidestart|p2: DannoT36|move: Tailwind\n|move|p2b: Annihilape|Bulk Up|p2b: Annihilape\n|-boost|p2b: Annihilape|atk|1\n|-boost|p2b: Annihilape|def|1\n|\n|-start|p2a: Moon Knight|perish3\n|-start|p1a: Flutter Mane|perish3\n|-start|p2b: Annihilape|perish3\n|-start|p1b: Tatsugiri|perish3\n|upkeep\n|turn|2\n|inactive|Kenepa21 has 30 seconds left.\n|\n|t:|1682346953\n|switch|p1b: Garganacl|Garganacl, L50, M|100\/100\n|move|p2a: Moon Knight|Breaking Swipe|p1a: Flutter Mane|[spread] p1b\n|-immune|p1a: Flutter Mane\n|-damage|p1b: Garganacl|85\/100\n|-unboost|p1b: Garganacl|atk|1\n|move|p1a: Flutter Mane|Moonblast|p2a: Moon Knight\n|-supereffective|p2a: Moon Knight\n|-damage|p2a: Moon Knight|0 fnt\n|faint|p2a: Moon Knight\n|-end|p2a: Moon Knight|Protosynthesis|[silent]\n|move|p2b: Annihilape|Rage Fist|p1a: Flutter Mane\n|-supereffective|p1a: Flutter Mane\n|-damage|p1a: Flutter Mane|0 fnt\n|faint|p1a: Flutter Mane\n|-end|p1a: Flutter Mane|Protosynthesis|[silent]\n|\n|-heal|p1b: Garganacl|90\/100|[from] item: Leftovers\n|-start|p2b: Annihilape|perish2\n|upkeep\n|\n|t:|1682346971\n|switch|p1a: Dondozo|Dondozo, L50, F|100\/100\n|switch|p2a: Super Hans|Iron Hands, L50|100\/100\n|turn|3\n|\n|t:|1682346983\n|move|p1a: Dondozo|Protect|p1a: Dondozo\n|-singleturn|p1a: Dondozo|Protect\n|move|p1b: Garganacl|Protect|p1b: Garganacl\n|-singleturn|p1b: Garganacl|Protect\n|move|p2a: Super Hans|Fake Out|p1a: Dondozo\n|-activate|p1a: Dondozo|move: Protect\n|move|p2b: Annihilape|Drain Punch|p1b: Garganacl\n|-activate|p1b: Garganacl|move: Protect\n|\n|-heal|p1b: Garganacl|96\/100|[from] item: Leftovers\n|-start|p2b: Annihilape|perish1\n|upkeep\n|turn|4\n|inactive|Kenepa21 has 30 seconds left.\n|\n|t:|1682347015\n|switch|p2b: Bloodwing|Corviknight, L50, M|100\/100\n|switch|p1b: Tatsugiri|Tatsugiri, L50, F|100\/100\n|-activate|p1b: Tatsugiri|ability: Commander|[of] p1a: Dondozo\n|-boost|p1a: Dondozo|atk|2\n|-boost|p1a: Dondozo|spa|2\n|-boost|p1a: Dondozo|spe|2\n|-boost|p1a: Dondozo|def|2\n|-boost|p1a: Dondozo|spd|2\n|-terastallize|p1a: Dondozo|Grass\n|move|p1a: Dondozo|Earthquake|p2a: Super Hans|[spread] p2a\n|-miss|p1a: Dondozo|p1b: Tatsugiri\n|-immune|p2b: Bloodwing\n|-supereffective|p2a: Super Hans\n|-damage|p2a: Super Hans|39\/100\n|move|p2a: Super Hans|Wild Charge|p1a: Dondozo\n|-resisted|p1a: Dondozo\n|-damage|p1a: Dondozo|92\/100\n|-damage|p2a: Super Hans|37\/100|[from] Recoil\n|\n|-sideend|p2: DannoT36|move: Tailwind\n|upkeep\n|turn|5\n|inactive|DannoT36 has 30 seconds left.\n|\n|t:|1682347041\n|move|p1a: Dondozo|Wave Crash|p2a: Super Hans\n|-damage|p2a: Super Hans|0 fnt\n|faint|p2a: Super Hans\n|-end|p2a: Super Hans|Quark Drive|[silent]\n|-damage|p1a: Dondozo|79\/100|[from] Recoil\n|move|p2b: Bloodwing|Bulk Up|p2b: Bloodwing\n|-boost|p2b: Bloodwing|atk|1\n|-boost|p2b: Bloodwing|def|1\n|\n|upkeep\n|\n|t:|1682347049\n|switch|p2a: Annihilape|Annihilape, L50, M|100\/100\n|turn|6\n|inactive|DannoT36 has 30 seconds left.\n|inactive|DannoT36 has 20 seconds left.\n|\n|t:|1682347085\n|-terastallize|p2a: Annihilape|Water\n|move|p1a: Dondozo|Wave Crash|p2a: Annihilape\n|-resisted|p2a: Annihilape\n|-damage|p2a: Annihilape|51\/100\n|-damage|p1a: Dondozo|64\/100|[from] Recoil\n|move|p2a: Annihilape|Bulk Up|p2a: Annihilape\n|-boost|p2a: Annihilape|atk|1\n|-boost|p2a: Annihilape|def|1\n|move|p2b: Bloodwing|Bulk Up|p2b: Bloodwing\n|-boost|p2b: Bloodwing|atk|1\n|-boost|p2b: Bloodwing|def|1\n|\n|upkeep\n|turn|7\n|\n|t:|1682347099\n|move|p2a: Annihilape|Protect|p2a: Annihilape\n|-singleturn|p2a: Annihilape|Protect\n|move|p1a: Dondozo|Tera Blast|p2a: Annihilape\n|-activate|p2a: Annihilape|move: Protect\n|move|p2b: Bloodwing|Brave Bird|p1a: Dondozo\n|-supereffective|p1a: Dondozo\n|-damage|p1a: Dondozo|18\/100\n|-damage|p2b: Bloodwing|83\/100|[from] Recoil\n|\n|-heal|p2b: Bloodwing|89\/100|[from] item: Leftovers\n|upkeep\n|turn|8\n|\n|t:|1682347117\n|move|p2a: Annihilape|Protect||[still]\n|-fail|p2a: Annihilape\n|move|p1a: Dondozo|Tera Blast|p2a: Annihilape\n|-supereffective|p2a: Annihilape\n|-damage|p2a: Annihilape|0 fnt\n|faint|p2a: Annihilape\n|move|p2b: Bloodwing|Brave Bird|p1a: Dondozo\n|-supereffective|p1a: Dondozo\n|-damage|p1a: Dondozo|0 fnt\n|faint|p1a: Dondozo\n|-damage|p2b: Bloodwing|82\/100|[from] Recoil\n|\n|-heal|p2b: Bloodwing|88\/100|[from] item: Leftovers\n|upkeep\n|\n|t:|1682347122\n|switch|p1a: Garganacl|Garganacl, L50, M|96\/100\n|turn|9\n|\n|t:|1682347137\n|move|p1b: Tatsugiri|Muddy Water|p2b: Bloodwing\n|-damage|p2b: Bloodwing|46\/100\n|-ability|p2b: Bloodwing|Mirror Armor\n|-unboost|p1b: Tatsugiri|accuracy|1\n|-damage|p1b: Tatsugiri|91\/100|[from] item: Life Orb\n|move|p2b: Bloodwing|Iron Head|p1a: Garganacl\n|-supereffective|p1a: Garganacl\n|-damage|p1a: Garganacl|27\/100\n|move|p1a: Garganacl|Salt Cure|p2b: Bloodwing\n|-damage|p2b: Bloodwing|39\/100\n|-start|p2b: Bloodwing|Salt Cure\n|\n|-heal|p2b: Bloodwing|45\/100|[from] item: Leftovers\n|-heal|p1a: Garganacl|32\/100|[from] item: Leftovers\n|-damage|p2b: Bloodwing|20\/100|[from] Salt Cure\n|upkeep\n|turn|10\n|\n|t:|1682347155\n|move|p1b: Tatsugiri|Muddy Water|p2b: Bloodwing\n|-damage|p2b: Bloodwing|0 fnt\n|faint|p2b: Bloodwing\n|-damage|p1b: Tatsugiri|81\/100|[from] item: Life Orb\n|\n|win|Kenepa21\n|raw|Kenepa21's rating: 1461 → 1482<\/strong> (+21 for winning)\n|raw|DannoT36's rating: 1480 → 1459<\/strong> (-21 for losing)\n|l|\u2606DannoT36\n","uploadtime":1682347162,"views":25,"p1id":"kenepa21","p2id":"dannot36","formatid":"gen9vgc2023regulationc","rating":1459,"private":0,"password":""}