{"id":"gen9vgc2023regulationc-1857183143","p1":"NicoHaxVGC","p2":"Slithy","format":"[Gen 9] VGC 2023 Regulation C","log":"|j|\u2606NicoHaxVGC\n|j|\u2606Slithy\n|t:|1683155068\n|gametype|doubles\n|player|p1|NicoHaxVGC|red|1350\n|player|p2|Slithy|palmer|1280\n|teamsize|p1|6\n|teamsize|p2|6\n|gen|9\n|tier|[Gen 9] VGC 2023 Regulation C\n|rated|\n|rule|Species Clause: Limit one of each Pok\u00e9mon\n|rule|Item Clause: Limit one of each item\n|clearpoke\n|poke|p1|Corviknight, L50, F|\n|poke|p1|Ting-Lu, L50|\n|poke|p1|Annihilape, L50, M|\n|poke|p1|Maushold, L50|\n|poke|p1|Iron Bundle, L50|\n|poke|p1|Flutter Mane, L50|\n|poke|p2|Gastrodon-East, L50, M|\n|poke|p2|Flutter Mane, L50|\n|poke|p2|Chi-Yu, L50|\n|poke|p2|Lurantis, L50, F|\n|poke|p2|Grimmsnarl, L50, M|\n|poke|p2|Scizor, L50, M|\n|teampreview|4\n|inactive|Battle timer is ON: inactive players will automatically lose when time's up. (requested by NicoHaxVGC)\n|inactive|Slithy has 60 seconds left.\n|\n|t:|1683155101\n|start\n|switch|p1a: Raven|Corviknight, L50, F|100\/100\n|switch|p1b: Beast boy|Ting-Lu, L50|100\/100\n|switch|p2a: Scizor|Scizor, L50, M|100\/100\n|switch|p2b: Flutter Mane|Flutter Mane, L50|100\/100\n|-ability|p1b: Beast boy|Vessel of Ruin\n|turn|1\n|\n|t:|1683155125\n|-terastallize|p1a: Raven|Fire\n|move|p2b: Flutter Mane|Protect|p2b: Flutter Mane\n|-singleturn|p2b: Flutter Mane|Protect\n|move|p1a: Raven|Iron Head|p2b: Flutter Mane\n|-activate|p2b: Flutter Mane|move: Protect\n|move|p2a: Scizor|Swords Dance|p2a: Scizor\n|-boost|p2a: Scizor|atk|2\n|move|p1b: Beast boy|Ruination|p2a: Scizor\n|-damage|p2a: Scizor|51\/100\n|\n|upkeep\n|turn|2\n|\n|t:|1683155147\n|-end|p2b: Flutter Mane|Protosynthesis|[silent]\n|switch|p2b: Chi-Yu|Chi-Yu, L50|100\/100\n|-ability|p2b: Chi-Yu|Beads of Ruin\n|move|p1a: Raven|Brave Bird|p2a: Scizor\n|-damage|p2a: Scizor|8\/100\n|-damage|p1a: Raven|88\/100|[from] Recoil\n|move|p2a: Scizor|Close Combat|p1b: Beast boy\n|-supereffective|p1b: Beast boy\n|-damage|p1b: Beast boy|0 fnt\n|-unboost|p2a: Scizor|def|1\n|-unboost|p2a: Scizor|spd|1\n|faint|p1b: Beast boy\n|\n|upkeep\n|\n|t:|1683155162\n|switch|p1b: Cyborg|Iron Bundle, L50|100\/100\n|-enditem|p1b: Cyborg|Booster Energy\n|-activate|p1b: Cyborg|ability: Quark Drive|[fromitem]\n|-start|p1b: Cyborg|quarkdrivespe\n|turn|3\n|\n|t:|1683155178\n|move|p2a: Scizor|Protect|p2a: Scizor\n|-singleturn|p2a: Scizor|Protect\n|move|p1b: Cyborg|Icy Wind|p2a: Scizor|[spread] p2b\n|-activate|p2a: Scizor|move: Protect\n|-resisted|p2b: Chi-Yu\n|-damage|p2b: Chi-Yu|92\/100\n|-unboost|p2b: Chi-Yu|spe|1\n|move|p1a: Raven|Brave Bird|p2b: Chi-Yu\n|-damage|p2b: Chi-Yu|42\/100\n|-damage|p1a: Raven|75\/100|[from] Recoil\n|move|p2b: Chi-Yu|Nasty Plot|p2b: Chi-Yu\n|-boost|p2b: Chi-Yu|spa|2\n|\n|upkeep\n|turn|4\n|\n|t:|1683155202\n|move|p2a: Scizor|Bullet Punch|p1b: Cyborg\n|-damage|p1b: Cyborg|27\/100\n|move|p1b: Cyborg|Hydro Pump|p2b: Chi-Yu\n|-supereffective|p2b: Chi-Yu\n|-damage|p2b: Chi-Yu|0 fnt\n|faint|p2b: Chi-Yu\n|move|p1a: Raven|Brave Bird|p2a: Scizor\n|-damage|p2a: Scizor|0 fnt\n|faint|p2a: Scizor\n|-damage|p1a: Raven|72\/100|[from] Recoil\n|\n|upkeep\n|\n|t:|1683155215\n|switch|p2b: Lurantis|Lurantis, L50, F|100\/100\n|switch|p2a: Flutter Mane|Flutter Mane, L50|100\/100\n|turn|5\n|\n|t:|1683155235\n|-terastallize|p2b: Lurantis|Water\n|move|p1b: Cyborg|Protect|p1b: Cyborg\n|-singleturn|p1b: Cyborg|Protect\n|move|p2a: Flutter Mane|Shadow Ball|p1a: Raven\n|-damage|p1a: Raven|26\/100\n|-damage|p2a: Flutter Mane|91\/100|[from] item: Life Orb\n|move|p1a: Raven|Tailwind|p1a: Raven\n|-sidestart|p1: NicoHaxVGC|move: Tailwind\n|move|p2b: Lurantis|Leaf Storm|p1b: Cyborg\n|-activate|p1b: Cyborg|move: Protect\n|\n|upkeep\n|turn|6\n|\n|t:|1683155253\n|move|p1b: Cyborg|Freeze-Dry|p2b: Lurantis\n|-supereffective|p2b: Lurantis\n|-damage|p2b: Lurantis|28\/100\n|move|p1a: Raven|Iron Head|p2a: Flutter Mane\n|-supereffective|p2a: Flutter Mane\n|-damage|p2a: Flutter Mane|7\/100\n|move|p2a: Flutter Mane|Shadow Ball|p1a: Raven\n|-damage|p1a: Raven|0 fnt\n|faint|p1a: Raven\n|-damage|p2a: Flutter Mane|0 fnt|[from] item: Life Orb\n|faint|p2a: Flutter Mane\n|-end|p2a: Flutter Mane|Protosynthesis|[silent]\n|move|p2b: Lurantis|Leaf Storm|p1b: Cyborg\n|-supereffective|p1b: Cyborg\n|-damage|p1b: Cyborg|0 fnt\n|-boost|p2b: Lurantis|spa|2\n|faint|p1b: Cyborg\n|-end|p1b: Cyborg|Quark Drive|[silent]\n|\n|-heal|p2b: Lurantis|34\/100|[from] item: Leftovers\n|upkeep\n|\n|t:|1683155263\n|switch|p1a: Star fire|Flutter Mane, L50|100\/100\n|turn|7\n|\n|t:|1683155277\n|move|p2b: Lurantis|Protect|p2b: Lurantis\n|-singleturn|p2b: Lurantis|Protect\n|move|p1a: Star fire|Moonblast|p2b: Lurantis\n|-activate|p2b: Lurantis|move: Protect\n|\n|-heal|p2b: Lurantis|40\/100|[from] item: Leftovers\n|upkeep\n|turn|8\n|\n|t:|1683155286\n|move|p1a: Star fire|Moonblast|p2b: Lurantis\n|-damage|p2b: Lurantis|0 fnt\n|faint|p2b: Lurantis\n|\n|win|NicoHaxVGC\n|raw|NicoHaxVGC's rating: 1350 → 1366<\/strong> (+16 for winning)\n|raw|Slithy's rating: 1280 → 1260<\/strong> (-20 for losing)\n|l|\u2606Slithy\n","uploadtime":1683155292,"views":10,"p1id":"nicohaxvgc","p2id":"slithy","formatid":"gen9vgc2023regulationc","rating":1260,"private":0,"password":""}