{"id":"gen9vgc2023regulationc-1845161055","p1":"Polon10","p2":"Jimbertini","format":"[Gen 9] VGC 2023 Regulation C","log":"|j|\u2606Polon10\n|j|\u2606Jimbertini\n|t:|1681690861\n|gametype|doubles\n|player|p1|Polon10|101|1364\n|player|p2|Jimbertini|265|1386\n|teamsize|p1|6\n|teamsize|p2|6\n|gen|9\n|tier|[Gen 9] VGC 2023 Regulation C\n|rated|\n|rule|Species Clause: Limit one of each Pok\u00e9mon\n|rule|Item Clause: Limit one of each item\n|clearpoke\n|poke|p1|Lilligant, L50, F|\n|poke|p1|Torkoal, L50, F|\n|poke|p1|Flutter Mane, L50|\n|poke|p1|Oranguru, L50, F|\n|poke|p1|Dragonite, L50, F|\n|poke|p1|Ting-Lu, L50|\n|poke|p2|Amoonguss, L50, F|\n|poke|p2|Flutter Mane, L50|\n|poke|p2|Murkrow, L50, M|\n|poke|p2|Chi-Yu, L50|\n|poke|p2|Great Tusk, L50|\n|poke|p2|Arcanine, L50, M|\n|teampreview|4\n|inactive|Battle timer is ON: inactive players will automatically lose when time's up. (requested by Polon10)\n|inactive|Jimbertini has 60 seconds left.\n|inactive|Jimbertini has 30 seconds left.\n|inactive|Jimbertini has 20 seconds left.\n|inactive|Jimbertini has 15 seconds left.\n|\n|t:|1681690943\n|start\n|switch|p1a: Breakthrough|Torkoal, L50, F, shiny|100\/100\n|switch|p1b: Fragi|Lilligant, L50, F, shiny|100\/100\n|switch|p2a: Nick|Murkrow, L50, M, shiny|100\/100\n|switch|p2b: Albert|Chi-Yu, L50|100\/100\n|-ability|p2b: Albert|Beads of Ruin\n|-weather|SunnyDay|[from] ability: Drought|[of] p1a: Breakthrough\n|turn|1\n|inactive|Polon10 has 30 seconds left.\n|inactive|Jimbertini has 30 seconds left.\n|inactive|Polon10 has 20 seconds left.\n|inactive|Polon10 has 15 seconds left.\n|inactive|Polon10 has 10 seconds left.\n|\n|t:|1681690991\n|move|p2a: Nick|Tailwind|p2a: Nick\n|-sidestart|p2: Jimbertini|move: Tailwind\n|move|p1b: Fragi|Sleep Powder|p2b: Albert|[miss]\n|-miss|p1b: Fragi|p2b: Albert\n|move|p2b: Albert|Heat Wave|p1a: Breakthrough|[spread] p1a,p1b\n|-resisted|p1a: Breakthrough\n|-supereffective|p1b: Fragi\n|-damage|p1a: Breakthrough|30\/100\n|-enditem|p1b: Fragi|Focus Sash\n|-damage|p1b: Fragi|1\/100\n|-damage|p2b: Albert|91\/100|[from] item: Life Orb\n|move|p1a: Breakthrough|Eruption|p2b: Albert|[spread] p2a,p2b\n|-resisted|p2b: Albert\n|-damage|p2a: Nick|60\/100\n|-damage|p2b: Albert|77\/100\n|\n|-weather|SunnyDay|[upkeep]\n|upkeep\n|turn|2\n|inactive|Polon10 has 30 seconds left.\n|inactive|Jimbertini has 30 seconds left.\n|inactive|Polon10 has 20 seconds left.\n|inactive|Polon10 has 15 seconds left.\n|inactive|Polon10 has 10 seconds left.\n|\n|t:|1681691041\n|move|p2b: Albert|Protect|p2b: Albert\n|-singleturn|p2b: Albert|Protect\n|move|p1b: Fragi|After You|p1a: Breakthrough\n|-activate|p1a: Breakthrough|move: After You\n|move|p1a: Breakthrough|Earth Power|p2b: Albert\n|-activate|p2b: Albert|move: Protect\n|move|p2a: Nick|Foul Play|p1b: Fragi\n|-damage|p1b: Fragi|0 fnt\n|faint|p1b: Fragi\n|\n|-weather|SunnyDay|[upkeep]\n|upkeep\n|\n|t:|1681691066\n|switch|p1b: Ting-Lu|Ting-Lu, L50|100\/100\n|-ability|p1b: Ting-Lu|Vessel of Ruin\n|turn|3\n|inactive|Polon10 has 30 seconds left.\n|inactive|Polon10 has 20 seconds left.\n|\n|t:|1681691105\n|move|p1b: Ting-Lu|Protect|p1b: Ting-Lu\n|-singleturn|p1b: Ting-Lu|Protect\n|move|p2b: Albert|Heat Wave|p1a: Breakthrough|[spread] p1a\n|-activate|p1b: Ting-Lu|move: Protect\n|-resisted|p1a: Breakthrough\n|-crit|p1a: Breakthrough\n|-damage|p1a: Breakthrough|0 fnt\n|faint|p1a: Breakthrough\n|-damage|p2b: Albert|67\/100|[from] item: Life Orb\n|move|p2a: Nick|Foul Play|p1b: Ting-Lu\n|-activate|p1b: Ting-Lu|move: Protect\n|\n|-weather|SunnyDay|[upkeep]\n|upkeep\n|\n|t:|1681691121\n|switch|p1a: Flutter|Flutter Mane, L50, shiny|100\/100\n|-activate|p1a: Flutter|ability: Protosynthesis\n|-start|p1a: Flutter|protosynthesisspe\n|turn|4\n|inactive|Polon10 has 30 seconds left.\n|inactive|Jimbertini has 30 seconds left.\n|inactive|Polon10 has 20 seconds left.\n|inactive|Jimbertini has 20 seconds left.\n|inactive|Jimbertini has 15 seconds left.\n|inactive|Jimbertini has 10 seconds left.\n|inactive|Jimbertini has 5 seconds left.\n|\n|t:|1681691174\n|switch|p2b: Karen O|Arcanine, L50, M, shiny|100\/100\n|-ability|p2b: Karen O|Intimidate|boost\n|-unboost|p1a: Flutter|atk|1\n|-unboost|p1b: Ting-Lu|atk|1\n|-terastallize|p1a: Flutter|Fairy\n|move|p1a: Flutter|Dazzling Gleam|p2b: Karen O|[spread] p2a,p2b\n|-supereffective|p2a: Nick\n|-resisted|p2b: Karen O\n|-damage|p2a: Nick|0 fnt\n|-damage|p2b: Karen O|79\/100\n|faint|p2a: Nick\n|move|p1b: Ting-Lu|Heavy Slam|p2b: Karen O\n|-resisted|p2b: Karen O\n|-damage|p2b: Karen O|71\/100\n|\n|-weather|SunnyDay|[upkeep]\n|-sideend|p2: Jimbertini|move: Tailwind\n|upkeep\n|\n|t:|1681691195\n|switch|p2a: Nikolai|Great Tusk, L50, shiny|100\/100\n|-activate|p2a: Nikolai|ability: Protosynthesis\n|-start|p2a: Nikolai|protosynthesisatk\n|turn|5\n|\n|t:|1681691210\n|-terastallize|p2a: Nikolai|Ground\n|move|p2b: Karen O|Extreme Speed|p1a: Flutter\n|-damage|p1a: Flutter|60\/100\n|move|p1a: Flutter|Dazzling Gleam|p2b: Karen O|[spread] p2a,p2b\n|-resisted|p2b: Karen O\n|-damage|p2a: Nikolai|24\/100\n|-damage|p2b: Karen O|50\/100\n|move|p2a: Nikolai|Headlong Rush|p1a: Flutter\n|-damage|p1a: Flutter|0 fnt\n|-unboost|p2a: Nikolai|def|1\n|-unboost|p2a: Nikolai|spd|1\n|faint|p1a: Flutter\n|-end|p1a: Flutter|Protosynthesis|[silent]\n|move|p1b: Ting-Lu|Heavy Slam|p2a: Nikolai\n|-damage|p2a: Nikolai|12\/100\n|\n|-weather|none\n|-end|p2a: Nikolai|Protosynthesis\n|upkeep\n|turn|6\n|\n|t:|1681691233\n|move|p2a: Nikolai|Headlong Rush|p1b: Ting-Lu\n|-damage|p1b: Ting-Lu|59\/100\n|-unboost|p2a: Nikolai|def|1\n|-unboost|p2a: Nikolai|spd|1\n|move|p2b: Karen O|Will-O-Wisp|p1b: Ting-Lu|[miss]\n|-miss|p2b: Karen O|p1b: Ting-Lu\n|move|p1b: Ting-Lu|Earthquake|p2a: Nikolai|[spread] p2a,p2b\n|-supereffective|p2b: Karen O\n|-damage|p2a: Nikolai|0 fnt\n|-damage|p2b: Karen O|16\/100\n|faint|p2a: Nikolai\n|-end|p2a: Nikolai|Protosynthesis|[silent]\n|\n|-heal|p1b: Ting-Lu|65\/100|[from] item: Leftovers\n|upkeep\n|\n|t:|1681691244\n|switch|p2a: Albert|Chi-Yu, L50|67\/100\n|-ability|p2a: Albert|Beads of Ruin\n|turn|7\n|\n|t:|1681691263\n|move|p2a: Albert|Protect|p2a: Albert\n|-singleturn|p2a: Albert|Protect\n|move|p1b: Ting-Lu|Protect|p1b: Ting-Lu\n|-singleturn|p1b: Ting-Lu|Protect\n|move|p2b: Karen O|Will-O-Wisp|p1b: Ting-Lu\n|-activate|p1b: Ting-Lu|move: Protect\n|\n|-heal|p1b: Ting-Lu|71\/100|[from] item: Leftovers\n|upkeep\n|turn|8\n|\n|t:|1681691283\n|move|p2a: Albert|Heat Wave|p1b: Ting-Lu\n|-crit|p1b: Ting-Lu\n|-damage|p1b: Ting-Lu|3\/100\n|-damage|p2a: Albert|57\/100|[from] item: Life Orb\n|move|p2b: Karen O|Will-O-Wisp|p1b: Ting-Lu\n|-status|p1b: Ting-Lu|brn\n|move|p1b: Ting-Lu|Earthquake|p2a: Albert|[spread] p2a,p2b\n|-supereffective|p2a: Albert\n|-supereffective|p2b: Karen O\n|-damage|p2a: Albert|25\/100\n|-damage|p2b: Karen O|0 fnt\n|faint|p2b: Karen O\n|\n|-heal|p1b: Ting-Lu|9\/100 brn|[from] item: Leftovers\n|-damage|p1b: Ting-Lu|3\/100 brn|[from] brn\n|upkeep\n|turn|9\n|\n|t:|1681691301\n|move|p2a: Albert|Dark Pulse|p1b: Ting-Lu\n|-resisted|p1b: Ting-Lu\n|-damage|p1b: Ting-Lu|0 fnt\n|faint|p1b: Ting-Lu\n|-damage|p2a: Albert|15\/100|[from] item: Life Orb\n|\n|win|Jimbertini\n|raw|Polon10's rating: 1364 → 1345<\/strong> (-19 for losing)\n|raw|Jimbertini's rating: 1386 → 1405<\/strong> (+19 for winning)\n|c|\u2606Polon10|qu'une chatte\n|l|\u2606Polon10\n","uploadtime":1681691367,"views":14,"p1id":"polon10","p2id":"jimbertini","formatid":"gen9vgc2023regulationc","rating":1345,"private":0,"password":""}