{"id":"gen9vgc2023regulationc-1857804397","p1":"seismattersCORNER","p2":"Mycoplayer11","format":"[Gen 9] VGC 2023 Regulation C","log":"|j|\u2606seismattersCORNER\n|j|\u2606Mycoplayer11\n|t:|1683233502\n|gametype|doubles\n|player|p1|seismattersCORNER|emmet|1182\n|player|p2|Mycoplayer11|brassius|1279\n|teamsize|p1|6\n|teamsize|p2|6\n|gen|9\n|tier|[Gen 9] VGC 2023 Regulation C\n|rated|\n|rule|Species Clause: Limit one of each Pok\u00e9mon\n|rule|Item Clause: Limit one of each item\n|clearpoke\n|poke|p1|Palafin, L50, F|\n|poke|p1|Arcanine, L50, M|\n|poke|p1|Amoonguss, L50, M|\n|poke|p1|Flutter Mane, L50|\n|poke|p1|Baxcalibur, L50, M|\n|poke|p1|Kingambit, L50, M|\n|poke|p2|Chi-Yu, L50|\n|poke|p2|Dachsbun, L50, M|\n|poke|p2|Iron Bundle, L50|\n|poke|p2|Scizor, L50, F|\n|poke|p2|Dragapult, L50, M|\n|poke|p2|Amoonguss, L50, M|\n|teampreview|4\nseismattersCORNER has agreed to open team sheets.\n|inactive|Battle timer is ON: inactive players will automatically lose when time's up. (requested by seismattersCORNER)\n|\n|t:|1683233529\n|start\n|switch|p1a: Palafin|Palafin, L50, F, shiny|100\/100\n|switch|p1b: Kingambit|Kingambit, L50, M|100\/100\n|switch|p2a: Santa Clause|Iron Bundle, L50|100\/100\n|switch|p2b: Cleaver|Scizor, L50, F|100\/100\n|-enditem|p2a: Santa Clause|Booster Energy\n|-activate|p2a: Santa Clause|ability: Quark Drive|[fromitem]\n|-start|p2a: Santa Clause|quarkdrivespe\n|turn|1\n|\n|t:|1683233547\n|detailschange|p1a: Palafin|Palafin-Hero, L50, F, shiny\n|switch|p1a: Arcanine|Arcanine, L50, M|100\/100\n|-ability|p1a: Arcanine|Intimidate|boost\n|-unboost|p2a: Santa Clause|atk|1\n|-fail|p2b: Cleaver|unboost|[from] item: Clear Amulet|[of] p2b: Cleaver\n|move|p2a: Santa Clause|Freeze-Dry|p1a: Arcanine\n|-resisted|p1a: Arcanine\n|-damage|p1a: Arcanine|81\/100\n|move|p2b: Cleaver|Brick Break|p1b: Kingambit\n|-supereffective|p1b: Kingambit\n|-damage|p1b: Kingambit|20\/100\n|move|p1b: Kingambit|Swords Dance|p1b: Kingambit\n|-boost|p1b: Kingambit|atk|2\n|\n|upkeep\n|turn|2\n|inactive|seismattersCORNER has 30 seconds left.\n|\n|t:|1683233578\n|-terastallize|p1a: Arcanine|Flying\n|move|p2a: Santa Clause|Protect|p2a: Santa Clause\n|-singleturn|p2a: Santa Clause|Protect\n|move|p2b: Cleaver|Bullet Punch|p1b: Kingambit\n|-resisted|p1b: Kingambit\n|-damage|p1b: Kingambit|12\/100\n|move|p1b: Kingambit|Sucker Punch||[still]\n|-fail|p1b: Kingambit\n|move|p1a: Arcanine|Flare Blitz|p2b: Cleaver\n|-supereffective|p2b: Cleaver\n|-damage|p2b: Cleaver|0 fnt\n|faint|p2b: Cleaver\n|-damage|p1a: Arcanine|49\/100|[from] Recoil\n|\n|upkeep\n|\n|t:|1683233597\n|switch|p2b: Bubulle|Chi-Yu, L50|100\/100\n|-ability|p2b: Bubulle|Beads of Ruin\n|turn|3\n|inactive|seismattersCORNER has 30 seconds left.\n|\n|t:|1683233623\n|move|p2b: Bubulle|Protect|p2b: Bubulle\n|-singleturn|p2b: Bubulle|Protect\n|move|p1b: Kingambit|Protect|p1b: Kingambit\n|-singleturn|p1b: Kingambit|Protect\n|move|p1a: Arcanine|Extreme Speed|p2b: Bubulle\n|-activate|p2b: Bubulle|move: Protect\n|move|p2a: Santa Clause|Icy Wind|p1a: Arcanine|[spread] p1a\n|-activate|p1b: Kingambit|move: Protect\n|-supereffective|p1a: Arcanine\n|-damage|p1a: Arcanine|0 fnt\n|faint|p1a: Arcanine\n|\n|upkeep\n|\n|t:|1683233639\n|switch|p1a: Palafin|Palafin-Hero, L50, F, shiny|100\/100\n|-activate|p1a: Palafin|ability: Zero to Hero\n|turn|4\n|\n|t:|1683233653\n|move|p1a: Palafin|Jet Punch|p2b: Bubulle\n|-supereffective|p2b: Bubulle\n|-enditem|p2b: Bubulle|Focus Sash\n|-damage|p2b: Bubulle|1\/100\n|move|p1b: Kingambit|Sucker Punch|p2a: Santa Clause\n|-damage|p2a: Santa Clause|0 fnt\n|faint|p2a: Santa Clause\n|-end|p2a: Santa Clause|Quark Drive|[silent]\n|move|p2b: Bubulle|Flamethrower|p1b: Kingambit\n|-supereffective|p1b: Kingambit\n|-damage|p1b: Kingambit|0 fnt\n|faint|p1b: Kingambit\n|\n|upkeep\n|\n|t:|1683233664\n|switch|p2a: Le Pain des Pisses|Dachsbun, L50, M|100\/100\n|switch|p1b: Flutter Mane|Flutter Mane, L50, shiny|100\/100\n|-enditem|p1b: Flutter Mane|Booster Energy\n|-activate|p1b: Flutter Mane|ability: Protosynthesis|[fromitem]\n|-start|p1b: Flutter Mane|protosynthesisspa\n|turn|5\n|\n|t:|1683233679\n|-terastallize|p2a: Le Pain des Pisses|Steel\n|move|p2b: Bubulle|Protect|p2b: Bubulle\n|-singleturn|p2b: Bubulle|Protect\n|move|p1a: Palafin|Jet Punch|p2b: Bubulle\n|-activate|p2b: Bubulle|move: Protect\n|move|p1b: Flutter Mane|Moonblast|p2a: Le Pain des Pisses\n|-resisted|p2a: Le Pain des Pisses\n|-damage|p2a: Le Pain des Pisses|70\/100\n|move|p2a: Le Pain des Pisses|Tera Blast|p1b: Flutter Mane\n|-supereffective|p1b: Flutter Mane\n|-damage|p1b: Flutter Mane|13\/100\n|\n|upkeep\n|turn|6\n|inactive|Mycoplayer11 has 30 seconds left.\n|\n|t:|1683233706\n|move|p1a: Palafin|Jet Punch|p2b: Bubulle\n|-supereffective|p2b: Bubulle\n|-damage|p2b: Bubulle|0 fnt\n|faint|p2b: Bubulle\n|move|p1b: Flutter Mane|Shadow Ball|p2a: Le Pain des Pisses\n|-damage|p2a: Le Pain des Pisses|35\/100\n|move|p2a: Le Pain des Pisses|Tera Blast|p1b: Flutter Mane\n|-supereffective|p1b: Flutter Mane\n|-damage|p1b: Flutter Mane|0 fnt\n|faint|p1b: Flutter Mane\n|-end|p1b: Flutter Mane|Protosynthesis|[silent]\n|\n|upkeep\n|turn|7\n|\n|t:|1683233724\n|move|p1a: Palafin|Wave Crash|p2a: Le Pain des Pisses\n|-damage|p2a: Le Pain des Pisses|0 fnt\n|faint|p2a: Le Pain des Pisses\n|-damage|p1a: Palafin|91\/100|[from] Recoil\n|\n|win|seismattersCORNER\n|raw|seismattersCORNER's rating: 1182 → 1214<\/strong> (+32 for winning)\n|raw|Mycoplayer11's rating: 1279 → 1247<\/strong> (-32 for losing)\n","uploadtime":1683233728,"views":10,"p1id":"seismatterscorner","p2id":"mycoplayer11","formatid":"gen9vgc2023regulationc","rating":1214,"private":0,"password":""}