{"id":"gen9vgc2023regulationc-1862614138","p1":"skuchi4","p2":"Flurrage","format":"[Gen 9] VGC 2023 Regulation C","log":"|j|\u2606skuchi4\n|j|\u2606Flurrage\n|t:|1683905715\n|gametype|doubles\n|player|p1|skuchi4|clair|1200\n|player|p2|Flurrage|caitlin|1183\n|teamsize|p1|6\n|teamsize|p2|6\n|gen|9\n|tier|[Gen 9] VGC 2023 Regulation C\n|rated|\n|rule|Species Clause: Limit one of each Pok\u00e9mon\n|rule|Item Clause: Limit one of each item\n|clearpoke\n|poke|p1|Amoonguss, L50, F|\n|poke|p1|Arcanine, L50, M|\n|poke|p1|Palafin, L50, F|\n|poke|p1|Magnezone, L50|\n|poke|p1|Annihilape, L50, M|\n|poke|p1|Armarouge, L50, M|\n|poke|p2|Altaria, L50, M|\n|poke|p2|Chi-Yu, L50|\n|poke|p2|Gothitelle, L50, M|\n|poke|p2|Scizor, L50, M|\n|poke|p2|Azumarill, L50, F|\n|poke|p2|Amoonguss, L50, F|\n|teampreview|4\n|\n|t:|1683905763\n|start\n|switch|p1a: Magnezone|Magnezone, L50|100\/100\n|switch|p1b: Annihilape|Annihilape, L50, M|100\/100\n|switch|p2a: Altaria|Altaria, L50, M|100\/100\n|switch|p2b: Amoonguss|Amoonguss, L50, F|100\/100\n|-ability|p2a: Altaria|Cloud Nine\n|turn|1\n|\n|t:|1683905787\n|-terastallize|p1a: Magnezone|Flying\n|move|p1b: Annihilape|Rage Fist|p2a: Altaria\n|-damage|p2a: Altaria|71\/100\n|move|p2a: Altaria|Will-O-Wisp|p1b: Annihilape\n|-status|p1b: Annihilape|brn\n|move|p1a: Magnezone|Tera Blast|p2b: Amoonguss\n|-supereffective|p2b: Amoonguss\n|-damage|p2b: Amoonguss|29\/100\n|move|p2b: Amoonguss|Spore|p1a: Magnezone\n|-status|p1a: Magnezone|slp|[from] move: Spore\n|\n|-heal|p2b: Amoonguss|35\/100|[from] item: Black Sludge\n|-damage|p1b: Annihilape|95\/100 brn|[from] brn\n|upkeep\n|turn|2\n|\n|t:|1683905807\n|switch|p2b: Gothitelle|Gothitelle, L50, M|100\/100\n|move|p1b: Annihilape|Fire Punch|p2b: Gothitelle\n|-damage|p2b: Gothitelle|89\/100\n|move|p2a: Altaria|Perish Song|p2a: Altaria\n|-start|p1a: Magnezone|perish3|[silent]\n|-start|p1b: Annihilape|perish3|[silent]\n|-start|p2a: Altaria|perish3|[silent]\n|-start|p2b: Gothitelle|perish3|[silent]\n|-fieldactivate|move: Perish Song\n|cant|p1a: Magnezone|slp\n|\n|-damage|p1b: Annihilape|89\/100 brn|[from] brn\n|-start|p1b: Annihilape|perish3\n|-start|p2a: Altaria|perish3\n|-start|p2b: Gothitelle|perish3\n|-start|p1a: Magnezone|perish3\n|upkeep\n|turn|3\n|\n|t:|1683905838\n|move|p1b: Annihilape|Rage Fist|p2b: Gothitelle\n|-supereffective|p2b: Gothitelle\n|-damage|p2b: Gothitelle|68\/100\n|move|p2a: Altaria|Roost|p2a: Altaria\n|-heal|p2a: Altaria|100\/100\n|-singleturn|p2a: Altaria|move: Roost\n|move|p2b: Gothitelle|Psychic|p1a: Magnezone\n|-damage|p1a: Magnezone|68\/100 slp\n|cant|p1a: Magnezone|slp\n|\n|-damage|p1b: Annihilape|83\/100 brn|[from] brn\n|-start|p1b: Annihilape|perish2\n|-start|p2a: Altaria|perish2\n|-start|p2b: Gothitelle|perish2\n|-start|p1a: Magnezone|perish2\n|upkeep\n|turn|4\n|\n|t:|1683905880\n|move|p1b: Annihilape|Protect|p1b: Annihilape\n|-singleturn|p1b: Annihilape|Protect\n|move|p2b: Gothitelle|Protect|p2b: Gothitelle\n|-singleturn|p2b: Gothitelle|Protect\n|move|p2a: Altaria|Will-O-Wisp||[still]\n|-fail|p2a: Altaria\n|cant|p1a: Magnezone|slp\n|\n|-damage|p1b: Annihilape|77\/100 brn|[from] brn\n|-start|p1b: Annihilape|perish1\n|-start|p2a: Altaria|perish1\n|-start|p2b: Gothitelle|perish1\n|-start|p1a: Magnezone|perish1\n|upkeep\n|turn|5\n|\n|t:|1683905904\n|switch|p1b: Armarouge|Armarouge, L50, M|100\/100\n|switch|p2a: Amoonguss|Amoonguss, L50, F|68\/100\n|switch|p2b: Azumarill|Azumarill, L50, F|100\/100\n|-curestatus|p1a: Magnezone|slp|[msg]\n|move|p1a: Magnezone|Flash Cannon|p2b: Azumarill\n|-damage|p2b: Azumarill|61\/100\n|\n|-heal|p2a: Amoonguss|74\/100|[from] item: Black Sludge\n|-start|p1a: Magnezone|perish0\n|upkeep\n|faint|p1a: Magnezone\n|\n|t:|1683905918\n|switch|p1a: Annihilape|Annihilape, L50, M|77\/100 brn\n|turn|6\n|\n|t:|1683905946\n|move|p2a: Amoonguss|Protect|p2a: Amoonguss\n|-singleturn|p2a: Amoonguss|Protect\n|move|p1a: Annihilape|Fire Punch|p2a: Amoonguss\n|-activate|p2a: Amoonguss|move: Protect\n|move|p1b: Armarouge|Energy Ball|p2b: Azumarill\n|-ability|p2b: Azumarill|Sap Sipper|boost\n|-boost|p2b: Azumarill|atk|1\n|move|p2b: Azumarill|Soak|p1a: Annihilape\n|-start|p1a: Annihilape|typechange|Water\n|\n|-heal|p2a: Amoonguss|80\/100|[from] item: Black Sludge\n|-damage|p1a: Annihilape|71\/100 brn|[from] brn\n|upkeep\n|turn|7\n|\n|t:|1683905967\n|switch|p2a: Gothitelle|Gothitelle, L50, M|68\/100\n|move|p1a: Annihilape|Fire Punch|p2a: Gothitelle\n|-damage|p2a: Gothitelle|57\/100\n|move|p1b: Armarouge|Armor Cannon|p2a: Gothitelle\n|-damage|p2a: Gothitelle|6\/100\n|-unboost|p1b: Armarouge|def|1\n|-unboost|p1b: Armarouge|spd|1\n|-enditem|p2a: Gothitelle|Wiki Berry|[eat]\n|-heal|p2a: Gothitelle|39\/100|[from] item: Wiki Berry\n|move|p2b: Azumarill|Perish Song|p2b: Azumarill\n|-start|p1a: Annihilape|perish3|[silent]\n|-start|p1b: Armarouge|perish3|[silent]\n|-start|p2a: Gothitelle|perish3|[silent]\n|-start|p2b: Azumarill|perish3|[silent]\n|-fieldactivate|move: Perish Song\n|\n|-damage|p1a: Annihilape|65\/100 brn|[from] brn\n|-start|p1a: Annihilape|perish3\n|-start|p1b: Armarouge|perish3\n|-start|p2a: Gothitelle|perish3\n|-start|p2b: Azumarill|perish3\n|upkeep\n|turn|8\n|\n|t:|1683906003\n|move|p2a: Gothitelle|Fake Out|p1b: Armarouge\n|-damage|p1b: Armarouge|93\/100\n|move|p1a: Annihilape|Rage Fist|p2a: Gothitelle\n|-supereffective|p2a: Gothitelle\n|-damage|p2a: Gothitelle|23\/100\n|cant|p1b: Armarouge|flinch\n|move|p2b: Azumarill|Dig||[still]\n|-prepare|p2b: Azumarill|Dig\n|\n|-damage|p1a: Annihilape|59\/100 brn|[from] brn\n|-start|p1a: Annihilape|perish2\n|-start|p1b: Armarouge|perish2\n|-start|p2a: Gothitelle|perish2\n|-start|p2b: Azumarill|perish2\n|upkeep\n|turn|9\n|\n|t:|1683906032\n|move|p2a: Gothitelle|Protect|p2a: Gothitelle\n|-singleturn|p2a: Gothitelle|Protect\n|move|p1a: Annihilape|Rage Fist|p2a: Gothitelle\n|-activate|p2a: Gothitelle|move: Protect\n|move|p1b: Armarouge|Armor Cannon|p2a: Gothitelle\n|-activate|p2a: Gothitelle|move: Protect\n|move|p2b: Azumarill|Dig|p1b: Armarouge|[from]lockedmove\n|-supereffective|p1b: Armarouge\n|-damage|p1b: Armarouge|44\/100\n|\n|-damage|p1a: Annihilape|53\/100 brn|[from] brn\n|-start|p1a: Annihilape|perish1\n|-start|p1b: Armarouge|perish1\n|-start|p2a: Gothitelle|perish1\n|-start|p2b: Azumarill|perish1\n|upkeep\n|turn|10\n|\n|t:|1683906059\n|switch|p2a: Altaria|Altaria, L50, M|100\/100\n|-ability|p2a: Altaria|Cloud Nine\n|switch|p2b: Amoonguss|Amoonguss, L50, F|100\/100\n|move|p1a: Annihilape|Rage Fist|p2a: Altaria\n|-damage|p2a: Altaria|91\/100\n|move|p1b: Armarouge|Armor Cannon|p2b: Amoonguss\n|-supereffective|p2b: Amoonguss\n|-damage|p2b: Amoonguss|0 fnt\n|-unboost|p1b: Armarouge|def|1\n|-unboost|p1b: Armarouge|spd|1\n|faint|p2b: Amoonguss\n|\n|-damage|p1a: Annihilape|47\/100 brn|[from] brn\n|-start|p1a: Annihilape|perish0\n|-start|p1b: Armarouge|perish0\n|upkeep\n|faint|p1a: Annihilape\n|faint|p1b: Armarouge\n|\n|t:|1683906082\n|switch|p1b: Arcanine|Arcanine, L50, M|100\/100\n|switch|p2b: Gothitelle|Gothitelle, L50, M|23\/100\n|-ability|p1b: Arcanine|Intimidate|boost\n|-unboost|p2a: Altaria|atk|1\n|-unboost|p2b: Gothitelle|atk|1\n|turn|11\n|\n|t:|1683906089\n|move|p2b: Gothitelle|Fake Out|p1b: Arcanine\n|-damage|p1b: Arcanine|97\/100\n|cant|p1b: Arcanine|flinch\n|move|p2a: Altaria|Perish Song|p2a: Altaria\n|-start|p1b: Arcanine|perish3|[silent]\n|-start|p2a: Altaria|perish3|[silent]\n|-start|p2b: Gothitelle|perish3|[silent]\n|-fieldactivate|move: Perish Song\n|\n|-start|p1b: Arcanine|perish3\n|-start|p2a: Altaria|perish3\n|-start|p2b: Gothitelle|perish3\n|upkeep\n|turn|12\n|\n|t:|1683906113\n|move|p1b: Arcanine|Protect|p1b: Arcanine\n|-singleturn|p1b: Arcanine|Protect\n|move|p2a: Altaria|Protect|p2a: Altaria\n|-singleturn|p2a: Altaria|Protect\n|move|p2b: Gothitelle|Protect||[still]\n|-fail|p2b: Gothitelle\n|\n|-start|p1b: Arcanine|perish2\n|-start|p2a: Altaria|perish2\n|-start|p2b: Gothitelle|perish2\n|upkeep\n|turn|13\n|\n|t:|1683906127\n|switch|p2b: Azumarill|Azumarill, L50, F|61\/100\n|move|p1b: Arcanine|Extreme Speed|p2b: Azumarill\n|-damage|p2b: Azumarill|35\/100\n|-enditem|p2b: Azumarill|Sitrus Berry|[eat]\n|-heal|p2b: Azumarill|60\/100|[from] item: Sitrus Berry\n|move|p2a: Altaria|Roost|p2a: Altaria\n|-heal|p2a: Altaria|100\/100\n|-singleturn|p2a: Altaria|move: Roost\n|\n|-start|p1b: Arcanine|perish1\n|-start|p2a: Altaria|perish1\n|upkeep\n|turn|14\n|\n|t:|1683906143\n|move|p2a: Altaria|Protect|p2a: Altaria\n|-singleturn|p2a: Altaria|Protect\n|move|p1b: Arcanine|Extreme Speed|p2b: Azumarill\n|-damage|p2b: Azumarill|37\/100\n|move|p2b: Azumarill|Dig||[still]\n|-prepare|p2b: Azumarill|Dig\n|\n|-start|p1b: Arcanine|perish0\n|-start|p2a: Altaria|perish0\n|faint|p1b: Arcanine\n|faint|p2a: Altaria\n|\n|win|Flurrage\n|upkeep\n|raw|skuchi4's rating: 1200 → 1174<\/strong> (-26 for losing)\n|raw|Flurrage's rating: 1183 → 1209<\/strong> (+26 for winning)\n","uploadtime":1683906154,"views":10,"p1id":"skuchi4","p2id":"flurrage","formatid":"gen9vgc2023regulationc","rating":1174,"private":0,"password":""}