{"id":"gen9vgc2023regulationc-1856385562","p1":"mike3092","p2":"R3quiemVGC","format":"[Gen 9] VGC 2023 Regulation C","log":"|j|\u2606mike3092\n|j|\u203dR3quiemVGC\n|t:|1683056424\n|gametype|doubles\n|player|p1|mike3092|101|\n|player|p2|R3quiemVGC|1|\n|teamsize|p1|6\n|teamsize|p2|6\n|gen|9\n|tier|[Gen 9] VGC 2023 Regulation C\n|rule|Species Clause: Limit one of each Pok\u00e9mon\n|rule|Item Clause: Limit one of each item\n|clearpoke\n|poke|p1|Garganacl, L50, M|\n|poke|p1|Amoonguss, L50, M|\n|poke|p1|Roaring Moon, L50|\n|poke|p1|Arcanine, L50, M|\n|poke|p1|Ting-Lu, L50|\n|poke|p1|Iron Bundle, L50|\n|poke|p2|Glimmora, L50, F|\n|poke|p2|Wo-Chien, L50|\n|poke|p2|Flutter Mane, L50|\n|poke|p2|Dondozo, L50, F|\n|poke|p2|Tatsugiri, L50, M|\n|poke|p2|Chi-Yu, L50|\n|teampreview|4\n|\n|t:|1683056464\n|start\n|switch|p1a: Ting-Lu|Ting-Lu, L50|100\/100\n|switch|p1b: Iron Bundle|Iron Bundle, L50|100\/100\n|switch|p2a: Wo-Chien|Wo-Chien, L50|100\/100\n|switch|p2b: Glimmora|Glimmora, L50, F|100\/100\n|-ability|p2a: Wo-Chien|Tablets of Ruin\n|-ability|p1a: Ting-Lu|Vessel of Ruin\n|turn|1\n|\n|t:|1683056517\n|-terastallize|p1a: Ting-Lu|Poison\n|move|p1b: Iron Bundle|Protect|p1b: Iron Bundle\n|-singleturn|p1b: Iron Bundle|Protect\n|move|p2a: Wo-Chien|Protect|p2a: Wo-Chien\n|-singleturn|p2a: Wo-Chien|Protect\n|move|p2b: Glimmora|Mortal Spin|p1a: Ting-Lu|[spread] p1a\n|-activate|p1b: Iron Bundle|move: Protect\n|-resisted|p1a: Ting-Lu\n|-crit|p1a: Ting-Lu\n|-damage|p1a: Ting-Lu|99\/100\n|move|p1a: Ting-Lu|Earthquake|p2a: Wo-Chien|[spread] p2b\n|-activate|p1b: Iron Bundle|move: Protect\n|-activate|p2a: Wo-Chien|move: Protect\n|-supereffective|p2b: Glimmora\n|-damage|p2b: Glimmora|16\/100\n|-activate|p2b: Glimmora|ability: Toxic Debris\n|-sidestart|p1: mike3092|move: Toxic Spikes\n|\n|upkeep\n|turn|2\n|\n|t:|1683056551\n|switch|p1a: Garganacl|Garganacl, L50, M, shiny|100\/100\n|move|p1b: Iron Bundle|Hydro Pump|p2b: Glimmora\n|-supereffective|p2b: Glimmora\n|-damage|p2b: Glimmora|0 fnt\n|faint|p2b: Glimmora\n|move|p2a: Wo-Chien|Ruination|p1a: Garganacl\n|-damage|p1a: Garganacl|51\/100\n|\n|-heal|p1a: Garganacl|57\/100|[from] item: Leftovers\n|upkeep\n|\n|t:|1683056562\n|switch|p2b: Dondozo|Dondozo, L50, F|100\/100\n|turn|3\n|\n|t:|1683056578\n|move|p1a: Garganacl|Protect|p1a: Garganacl\n|-singleturn|p1a: Garganacl|Protect\n|move|p1b: Iron Bundle|Freeze-Dry|p2b: Dondozo\n|-supereffective|p2b: Dondozo\n|-damage|p2b: Dondozo|36\/100\n|move|p2a: Wo-Chien|Ruination|p1b: Iron Bundle\n|-damage|p1b: Iron Bundle|50\/100\n|move|p2b: Dondozo|Yawn|p1a: Garganacl\n|-activate|p1a: Garganacl|move: Protect\n|\n|-heal|p2b: Dondozo|43\/100|[from] item: Leftovers\n|-heal|p1a: Garganacl|62\/100|[from] item: Leftovers\n|upkeep\n|turn|4\n|\n|t:|1683056615\n|switch|p1a: Ting-Lu|Ting-Lu, L50, tera:Poison|99\/100\n|-sideend|p1: mike3092|move: Toxic Spikes|[of] p1a: Ting-Lu\n|-ability|p1a: Ting-Lu|Vessel of Ruin\n|move|p1b: Iron Bundle|Protect|p1b: Iron Bundle\n|-singleturn|p1b: Iron Bundle|Protect\n|move|p2a: Wo-Chien|Ruination|p1a: Ting-Lu\n|-damage|p1a: Ting-Lu|50\/100\n|move|p2b: Dondozo|Earthquake|p1b: Iron Bundle|[spread] p2a,p1a\n|-activate|p1b: Iron Bundle|move: Protect\n|-resisted|p2a: Wo-Chien\n|-supereffective|p1a: Ting-Lu\n|-damage|p2a: Wo-Chien|93\/100\n|-damage|p1a: Ting-Lu|31\/100\n|\n|-heal|p2b: Dondozo|49\/100|[from] item: Leftovers\n|upkeep\n|turn|5\n|\n|t:|1683056656\n|move|p2b: Dondozo|Protect|p2b: Dondozo\n|-singleturn|p2b: Dondozo|Protect\n|move|p1b: Iron Bundle|Icy Wind|p2a: Wo-Chien|[spread] p2a\n|-activate|p2b: Dondozo|move: Protect\n|-supereffective|p2a: Wo-Chien\n|-damage|p2a: Wo-Chien|73\/100\n|-unboost|p2a: Wo-Chien|spe|1\n|move|p1a: Ting-Lu|Fissure|p2a: Wo-Chien|[miss]\n|-miss|p1a: Ting-Lu|p2a: Wo-Chien\n|move|p2a: Wo-Chien|Giga Drain|p1b: Iron Bundle\n|-supereffective|p1b: Iron Bundle\n|-damage|p1b: Iron Bundle|0 fnt\n|-heal|p2a: Wo-Chien|90\/100|[from] drain|[of] p1b: Iron Bundle\n|faint|p1b: Iron Bundle\n|-end|p1b: Iron Bundle|Quark Drive|[silent]\n|\n|-heal|p2b: Dondozo|55\/100|[from] item: Leftovers\n|upkeep\n|\n|t:|1683056674\n|switch|p1b: Garganacl|Garganacl, L50, M, shiny|62\/100\n|turn|6\n|\n|t:|1683056707\n|-terastallize|p2b: Dondozo|Flying\n|move|p1b: Garganacl|Protect|p1b: Garganacl\n|-singleturn|p1b: Garganacl|Protect\n|move|p2b: Dondozo|Earthquake|p1b: Garganacl|[spread] p2a,p1a\n|-activate|p1b: Garganacl|move: Protect\n|-resisted|p2a: Wo-Chien\n|-supereffective|p1a: Ting-Lu\n|-damage|p2a: Wo-Chien|84\/100\n|-damage|p1a: Ting-Lu|14\/100\n|move|p1a: Ting-Lu|Fissure|p2b: Dondozo\n|-immune|p2b: Dondozo\n|move|p2a: Wo-Chien|Ruination|p1b: Garganacl\n|-activate|p1b: Garganacl|move: Protect\n|\n|-heal|p2b: Dondozo|61\/100|[from] item: Leftovers\n|-heal|p1b: Garganacl|68\/100|[from] item: Leftovers\n|upkeep\n|turn|7\n|\n|t:|1683056726\n|move|p2b: Dondozo|Wave Crash|p1a: Ting-Lu\n|-damage|p1a: Ting-Lu|0 fnt\n|faint|p1a: Ting-Lu\n|-damage|p2b: Dondozo|56\/100|[from] Recoil\n|move|p2a: Wo-Chien|Ruination|p1b: Garganacl\n|-damage|p1b: Garganacl|34\/100\n|move|p1b: Garganacl|Salt Cure|p2b: Dondozo\n|-supereffective|p2b: Dondozo\n|-damage|p2b: Dondozo|42\/100\n|-start|p2b: Dondozo|Salt Cure\n|\n|-heal|p2b: Dondozo|48\/100|[from] item: Leftovers\n|-heal|p1b: Garganacl|40\/100|[from] item: Leftovers\n|-damage|p2b: Dondozo|36\/100|[from] Salt Cure\n|upkeep\n|\n|t:|1683056739\n|switch|p1a: Roaring Moon|Roaring Moon, L50|100\/100\n|-enditem|p1a: Roaring Moon|Booster Energy\n|-activate|p1a: Roaring Moon|ability: Protosynthesis|[fromitem]\n|-start|p1a: Roaring Moon|protosynthesisatk\n|turn|8\n|\n|t:|1683056776\n|switch|p2a: Tatsugiri|Tatsugiri, L50, M|100\/100\n|-activate|p2a: Tatsugiri|ability: Commander|[of] p2b: Dondozo\n|-boost|p2b: Dondozo|atk|2\n|-boost|p2b: Dondozo|spa|2\n|-boost|p2b: Dondozo|spe|2\n|-boost|p2b: Dondozo|def|2\n|-boost|p2b: Dondozo|spd|2\n|move|p1b: Garganacl|Protect|p1b: Garganacl\n|-singleturn|p1b: Garganacl|Protect\n|move|p2b: Dondozo|Earthquake|p1a: Roaring Moon|[spread] p1a\n|-miss|p2b: Dondozo|p2a: Tatsugiri\n|-activate|p1b: Garganacl|move: Protect\n|-damage|p1a: Roaring Moon|54\/100\n|move|p1a: Roaring Moon|Tailwind|p1a: Roaring Moon\n|-sidestart|p1: mike3092|move: Tailwind\n|\n|-heal|p2b: Dondozo|42\/100|[from] item: Leftovers\n|-heal|p1b: Garganacl|46\/100|[from] item: Leftovers\n|-damage|p2b: Dondozo|30\/100|[from] Salt Cure\n|upkeep\n|turn|9\n|\n|t:|1683056805\n|move|p1a: Roaring Moon|Breaking Swipe|p2a: Tatsugiri|[spread] p2b\n|-miss|p1a: Roaring Moon|p2a: Tatsugiri\n|-damage|p2b: Dondozo|17\/100\n|-unboost|p2b: Dondozo|atk|1\n|move|p2b: Dondozo|Wave Crash|p1b: Garganacl\n|-supereffective|p1b: Garganacl\n|-damage|p1b: Garganacl|0 fnt\n|faint|p1b: Garganacl\n|-damage|p2b: Dondozo|3\/100|[from] Recoil\n|\n|-heal|p2b: Dondozo|9\/100|[from] item: Leftovers\n|-damage|p2b: Dondozo|0 fnt|[from] Salt Cure\n|faint|p2b: Dondozo\n|upkeep\n|\n|t:|1683056818\n|switch|p2b: Wo-Chien|Wo-Chien, L50|84\/100\n|-ability|p2b: Wo-Chien|Tablets of Ruin\n|turn|10\n|\n|t:|1683056827\n|move|p1a: Roaring Moon|Breaking Swipe|p2b: Wo-Chien|[spread] p2a,p2b\n|-supereffective|p2a: Tatsugiri\n|-damage|p2a: Tatsugiri|0 fnt\n|-damage|p2b: Wo-Chien|63\/100\n|-unboost|p2b: Wo-Chien|atk|1\n|faint|p2a: Tatsugiri\n|move|p2b: Wo-Chien|Leech Seed|p1a: Roaring Moon\n|-start|p1a: Roaring Moon|move: Leech Seed\n|\n|-damage|p1a: Roaring Moon|42\/100|[from] Leech Seed|[of] p2b: Wo-Chien\n|-heal|p2b: Wo-Chien|76\/100|[silent]\n|upkeep\n|turn|11\n|\n|t:|1683056838\n|move|p2b: Wo-Chien|Protect|p2b: Wo-Chien\n|-singleturn|p2b: Wo-Chien|Protect\n|move|p1a: Roaring Moon|Acrobatics|p2b: Wo-Chien\n|-activate|p2b: Wo-Chien|move: Protect\n|\n|-damage|p1a: Roaring Moon|30\/100|[from] Leech Seed|[of] p2b: Wo-Chien\n|-heal|p2b: Wo-Chien|89\/100|[silent]\n|-sideend|p1: mike3092|move: Tailwind\n|upkeep\n|turn|12\n|\n|t:|1683056850\n|move|p1a: Roaring Moon|Acrobatics|p2b: Wo-Chien\n|-supereffective|p2b: Wo-Chien\n|-damage|p2b: Wo-Chien|13\/100\n|-enditem|p2b: Wo-Chien|Sitrus Berry|[eat]\n|-heal|p2b: Wo-Chien|38\/100|[from] item: Sitrus Berry\n|move|p2b: Wo-Chien|Ruination|p1a: Roaring Moon\n|-damage|p1a: Roaring Moon|15\/100\n|\n|-damage|p1a: Roaring Moon|3\/100|[from] Leech Seed|[of] p2b: Wo-Chien\n|-heal|p2b: Wo-Chien|51\/100|[silent]\n|upkeep\n|turn|13\n|\n|t:|1683056861\n|move|p2b: Wo-Chien|Protect|p2b: Wo-Chien\n|-singleturn|p2b: Wo-Chien|Protect\n|move|p1a: Roaring Moon|Acrobatics|p2b: Wo-Chien\n|-activate|p2b: Wo-Chien|move: Protect\n|\n|-damage|p1a: Roaring Moon|0 fnt|[from] Leech Seed|[of] p2b: Wo-Chien\n|-heal|p2b: Wo-Chien|54\/100|[silent]\n|faint|p1a: Roaring Moon\n|-end|p1a: Roaring Moon|Protosynthesis|[silent]\n|\n|win|R3quiemVGC\n|upkeep\n","uploadtime":1683056988,"views":10,"p1id":"mike3092","p2id":"r3quiemvgc","formatid":"gen9vgc2023regulationc","rating":0,"private":0,"password":""}