{"id":"gen9vgc2023regulationc-1860519468","p1":"littensalt","p2":"Chrisovitch7282","format":"[Gen 9] VGC 2023 Regulation C","log":"|j|\u2606littensalt\n|j|\u2606Chrisovitch7282\n|t:|1683651144\n|gametype|doubles\n|player|p1|littensalt|hugh|1080\n|player|p2|Chrisovitch7282|lance|1008\n|teamsize|p1|6\n|teamsize|p2|6\n|gen|9\n|tier|[Gen 9] VGC 2023 Regulation C\n|rated|\n|rule|Species Clause: Limit one of each Pok\u00e9mon\n|rule|Item Clause: Limit one of each item\n|clearpoke\n|poke|p1|Indeedee-F, L50, F|\n|poke|p1|Armarouge, L50, F|\n|poke|p1|Gholdengo, L50|\n|poke|p1|Murkrow, L50, F|\n|poke|p1|Meowscarada, L50, F|\n|poke|p1|Great Tusk, L50|\n|poke|p2|Tatsugiri, L50, M|\n|poke|p2|Dondozo, L50, M|\n|poke|p2|Meowscarada, L50, F|\n|poke|p2|Dragonite, L50, M|\n|poke|p2|Gholdengo, L50|\n|poke|p2|Arcanine, L50, M|\n|teampreview|4\nChrisovitch7282 rejected open team sheets.\n|\n|t:|1683651178\n|start\n|switch|p1a: Murkrow|Murkrow, L50, F|100\/100\n|switch|p1b: Gholdengo|Gholdengo, L50|100\/100\n|switch|p2a: Tatsugiri|Tatsugiri, L50, M|100\/100\n|switch|p2b: Dondozo|Dondozo, L50, M|100\/100\n|turn|1\n|\n|t:|1683651195\n|move|p1a: Murkrow|Tailwind|p1a: Murkrow\n|-sidestart|p1: littensalt|move: Tailwind\n|move|p1b: Gholdengo|Shadow Ball|p2a: Tatsugiri\n|-damage|p2a: Tatsugiri|43\/100\n|move|p2a: Tatsugiri|Muddy Water|p1b: Gholdengo|[spread] p1a,p1b\n|-damage|p1a: Murkrow|75\/100\n|-damage|p1b: Gholdengo|61\/100\n|move|p2b: Dondozo|Yawn|p1a: Murkrow\n|-start|p1a: Murkrow|move: Yawn|[of] p2b: Dondozo\n|\n|-heal|p1b: Gholdengo|67\/100|[from] item: Leftovers\n|upkeep\n|turn|2\n|\n|t:|1683651216\n|switch|p2a: Gholdengo|Gholdengo, L50|100\/100\n|move|p1b: Gholdengo|Make It Rain|p2b: Dondozo|[spread] p2a,p2b\n|-resisted|p2a: Gholdengo\n|-resisted|p2b: Dondozo\n|-damage|p2a: Gholdengo|73\/100\n|-damage|p2b: Dondozo|79\/100\n|-unboost|p1b: Gholdengo|spa|1\n|move|p1a: Murkrow|U-turn|p2a: Gholdengo\n|-resisted|p2a: Gholdengo\n|-damage|p2a: Gholdengo|69\/100\n|\n|t:|1683651227\n|switch|p1a: Meowscarada|Meowscarada, L50, F|100\/100|[from] U-turn\n|move|p2b: Dondozo|Yawn|p1b: Gholdengo\n|-immune|p1b: Gholdengo|[from] ability: Good as Gold\n|\n|-heal|p1b: Gholdengo|73\/100|[from] item: Leftovers\n|-heal|p2b: Dondozo|86\/100|[from] item: Leftovers\n|upkeep\n|turn|3\n|\n|t:|1683651249\n|-terastallize|p2b: Dondozo|Grass\n|move|p1b: Gholdengo|Protect|p1b: Gholdengo\n|-singleturn|p1b: Gholdengo|Protect\n|move|p1a: Meowscarada|Flower Trick|p2b: Dondozo\n|-resisted|p2b: Dondozo\n|-crit|p2b: Dondozo\n|-damage|p2b: Dondozo|67\/100\n|move|p2a: Gholdengo|Make It Rain|p1b: Gholdengo|[spread] p1a\n|-activate|p1b: Gholdengo|move: Protect\n|-damage|p1a: Meowscarada|0 fnt\n|-unboost|p2a: Gholdengo|spa|1\n|faint|p1a: Meowscarada\n|move|p2b: Dondozo|Avalanche|p1b: Gholdengo\n|-activate|p1b: Gholdengo|move: Protect\n|\n|-heal|p1b: Gholdengo|80\/100|[from] item: Leftovers\n|-heal|p2b: Dondozo|74\/100|[from] item: Leftovers\n|upkeep\n|\n|t:|1683651261\n|switch|p1a: Murkrow|Murkrow, L50, F|75\/100\n|turn|4\n|\n|t:|1683651272\n|move|p1a: Murkrow|Haze|p1a: Murkrow\n|-clearallboost\n|move|p1b: Gholdengo|Shadow Ball|p2a: Gholdengo\n|-supereffective|p2a: Gholdengo\n|-damage|p2a: Gholdengo|0 fnt\n|faint|p2a: Gholdengo\n|move|p2b: Dondozo|Avalanche|p1a: Murkrow\n|-supereffective|p1a: Murkrow\n|-damage|p1a: Murkrow|33\/100\n|\n|-heal|p1b: Gholdengo|86\/100|[from] item: Leftovers\n|-heal|p2b: Dondozo|80\/100|[from] item: Leftovers\n|-sideend|p1: littensalt|move: Tailwind\n|upkeep\n|\n|t:|1683651286\n|switch|p2a: Tatsugiri|Tatsugiri, L50, M|43\/100\n|turn|5\n|\n|t:|1683651316\n|-terastallize|p1b: Gholdengo|Steel\n|move|p1a: Murkrow|Tailwind|p1a: Murkrow\n|-sidestart|p1: littensalt|move: Tailwind\n|move|p1b: Gholdengo|Make It Rain|p2a: Tatsugiri|[spread] p2a,p2b\n|-resisted|p2a: Tatsugiri\n|-damage|p2a: Tatsugiri|5\/100\n|-damage|p2b: Dondozo|15\/100\n|-unboost|p1b: Gholdengo|spa|1\n|move|p2a: Tatsugiri|Draco Meteor|p1b: Gholdengo|[miss]\n|-miss|p2a: Tatsugiri|p1b: Gholdengo\n|move|p2b: Dondozo|Wave Crash|p2a: Tatsugiri\n|-ability|p2a: Tatsugiri|Storm Drain|boost\n|-boost|p2a: Tatsugiri|spa|1\n|\n|-heal|p1b: Gholdengo|92\/100|[from] item: Leftovers\n|-heal|p2b: Dondozo|22\/100|[from] item: Leftovers\n|upkeep\n|turn|6\n|-message|Chrisovitch7282 forfeited.\n|\n|win|littensalt\n|raw|littensalt's rating: 1080 → 1102<\/strong> (+22 for winning)\n|raw|Chrisovitch7282's rating: 1008 → 1000<\/strong> (-8 for losing)\n|l|\u2606Chrisovitch7282\n","uploadtime":1683651339,"views":12,"p1id":"littensalt","p2id":"chrisovitch7282","formatid":"gen9vgc2023regulationc","rating":1000,"private":0,"password":""}