{"id":"gen9vgc2023regulationc-1849425643","p1":"darlingtonia","p2":"duff72","format":"[Gen 9] VGC 2023 Regulation C","log":"|j|\u2606darlingtonia\n|j|\u2606duff72\n|t:|1682197081\n|gametype|doubles\n|player|p1|darlingtonia|proton|1112\n|player|p2|duff72|102|1003\n|teamsize|p1|6\n|teamsize|p2|6\n|gen|9\n|tier|[Gen 9] VGC 2023 Regulation C\n|rated|\n|rule|Species Clause: Limit one of each Pok\u00e9mon\n|rule|Item Clause: Limit one of each item\n|clearpoke\n|poke|p1|Chi-Yu, L50|\n|poke|p1|Palafin, L50, F|\n|poke|p1|Amoonguss, L50, F|\n|poke|p1|Glimmora, L50, F|\n|poke|p1|Flutter Mane, L50|\n|poke|p1|Scizor, L50, F|\n|poke|p2|Spidops, L50, F|\n|poke|p2|Krookodile, L50, M|\n|poke|p2|Pincurchin, L50, F|\n|poke|p2|Iron Thorns, L50|\n|poke|p2|Iron Moth, L50|\n|poke|p2|Goodra, L50, F|\n|teampreview|4\ndarlingtonia has agreed to open team sheets.\n|\n|t:|1682197130\n|start\n|switch|p1a: Chi-Yu|Chi-Yu, L50|100\/100\n|switch|p1b: Palafin|Palafin, L50, F|100\/100\n|switch|p2a: Pincurchin|Pincurchin, L50, F|100\/100\n|switch|p2b: Spidops|Spidops, L50, F|100\/100\n|-ability|p1a: Chi-Yu|Beads of Ruin\n|-fieldstart|move: Electric Terrain|[from] ability: Electric Surge|[of] p2a: Pincurchin\n|turn|1\n|\n|t:|1682197158\n|detailschange|p1b: Palafin|Palafin-Hero, L50, F\n|switch|p1b: Scizor|Scizor, L50, F|100\/100\n|move|p1a: Chi-Yu|Dark Pulse|p2b: Spidops\n|-damage|p2b: Spidops|18\/100\n|move|p2a: Pincurchin|Spikes|p1a: Chi-Yu\n|-sidestart|p1: darlingtonia|Spikes\n|move|p2b: Spidops|Circle Throw|p1a: Chi-Yu\n|-supereffective|p1a: Chi-Yu\n|-damage|p1a: Chi-Yu|49\/100\n|drag|p1a: Palafin|Palafin-Hero, L50, F|100\/100\n|-damage|p1a: Palafin|88\/100|[from] Spikes\n|-activate|p1a: Palafin|ability: Zero to Hero\n|\n|upkeep\n|turn|2\n|\n|t:|1682197178\n|move|p2b: Spidops|Silk Trap|p2b: Spidops\n|-singleturn|p2b: Spidops|Protect\n|move|p1a: Palafin|Jet Punch|p2b: Spidops\n|-activate|p2b: Spidops|move: Protect\n|-unboost|p1a: Palafin|spe|1\n|move|p1b: Scizor|U-turn|p2a: Pincurchin\n|-damage|p2a: Pincurchin|54\/100\n|\n|t:|1682197187\n|switch|p1b: Chi-Yu|Chi-Yu, L50|49\/100|[from] U-turn\n|-damage|p1b: Chi-Yu|36\/100|[from] Spikes\n|-ability|p1b: Chi-Yu|Beads of Ruin\n|move|p2a: Pincurchin|Zing Zap|p1a: Palafin\n|-supereffective|p1a: Palafin\n|-damage|p1a: Palafin|0 fnt\n|faint|p1a: Palafin\n|\n|upkeep\n|\n|t:|1682197197\n|switch|p1a: Scizor|Scizor, L50, F|100\/100\n|-damage|p1a: Scizor|88\/100|[from] Spikes\n|turn|3\n|\n|t:|1682197215\n|-terastallize|p1a: Scizor|Fire\n|move|p2b: Spidops|Sucker Punch|p1a: Scizor\n|-damage|p1a: Scizor|68\/100\n|move|p1b: Chi-Yu|Snarl|p2a: Pincurchin|[spread] p2a,p2b\n|-damage|p2a: Pincurchin|9\/100\n|-damage|p2b: Spidops|0 fnt\n|-unboost|p2a: Pincurchin|spa|1\n|faint|p2b: Spidops\n|move|p1a: Scizor|Tera Blast|p2a: Pincurchin\n|-damage|p2a: Pincurchin|0 fnt\n|faint|p2a: Pincurchin\n|\n|upkeep\n|\n|t:|1682197228\n|switch|p2b: Iron Thorns|Iron Thorns, L50|100\/100\n|switch|p2a: Iron Moth|Iron Moth, L50|100\/100\n|-activate|p2a: Iron Moth|ability: Quark Drive\n|-start|p2a: Iron Moth|quarkdrivespe\n|-activate|p2b: Iron Thorns|ability: Quark Drive\n|-start|p2b: Iron Thorns|quarkdriveatk\n|turn|4\n|\n|t:|1682197275\n|-terastallize|p2b: Iron Thorns|Flying\n|move|p2a: Iron Moth|Protect|p2a: Iron Moth\n|-singleturn|p2a: Iron Moth|Protect\n|move|p1a: Scizor|Bullet Punch|p2b: Iron Thorns\n|-damage|p2b: Iron Thorns|73\/100\n|-damage|p1a: Scizor|52\/100|[from] item: Rocky Helmet|[of] p2b: Iron Thorns\n|move|p1b: Chi-Yu|Snarl|p2a: Iron Moth|[spread] p2b\n|-activate|p2a: Iron Moth|move: Protect\n|-damage|p2b: Iron Thorns|38\/100\n|-unboost|p2b: Iron Thorns|spa|1\n|move|p2b: Iron Thorns|Rock Slide|p1a: Scizor|[spread] p1a,p1b\n|-supereffective|p1a: Scizor\n|-supereffective|p1b: Chi-Yu\n|-damage|p1a: Scizor|0 fnt\n|-damage|p1b: Chi-Yu|0 fnt\n|faint|p1a: Scizor\n|faint|p1b: Chi-Yu\n|\n|upkeep\n|\n|t:|1682197292\n|switch|p1b: Glimmora|Glimmora, L50, F|100\/100\n|-damage|p1b: Glimmora|89\/100|[from] Spikes\n|turn|5\n|\n|t:|1682197310\n|move|p1b: Glimmora|Spiky Shield|p1b: Glimmora\n|-singleturn|p1b: Glimmora|move: Protect\n|move|p2a: Iron Moth|Fiery Dance|p1b: Glimmora\n|-activate|p1b: Glimmora|move: Protect\n|move|p2b: Iron Thorns|Thunder Punch|p1b: Glimmora\n|-activate|p1b: Glimmora|move: Protect\n|-damage|p2b: Iron Thorns|26\/100|[from] Spiky Shield|[of] p1b: Glimmora\n|\n|upkeep\n|turn|6\n|\n|t:|1682197323\n|move|p2a: Iron Moth|Fiery Dance|p1b: Glimmora\n|-resisted|p1b: Glimmora\n|-damage|p1b: Glimmora|65\/100\n|move|p1b: Glimmora|Earth Power|p2a: Iron Moth\n|-supereffective|p2a: Iron Moth\n|-enditem|p2a: Iron Moth|Shuca Berry|[eat]\n|-enditem|p2a: Iron Moth|Shuca Berry|[weaken]\n|-damage|p2a: Iron Moth|42\/100\n|move|p2b: Iron Thorns|Thunder Punch|p1b: Glimmora\n|-damage|p1b: Glimmora|0 fnt\n|-activate|p1b: Glimmora|ability: Toxic Debris\n|-sidestart|p2: duff72|move: Toxic Spikes\n|faint|p1b: Glimmora\n|\n|win|duff72\n|raw|darlingtonia's rating: 1112 → 1079<\/strong> (-33 for losing)\n|raw|duff72's rating: 1003 → 1055<\/strong> (+52 for winning)\n|l|\u2606duff72\n","uploadtime":1682197345,"views":15,"p1id":"darlingtonia","p2id":"duff72","formatid":"gen9vgc2023regulationc","rating":1055,"private":0,"password":""}