{"id":"gen9vgc2023regulationc-1859782397","p1":"superseriousboi","p2":"BodaciousBulbasaur","format":"[Gen 9] VGC 2023 Regulation C","log":"|j|\u2606superseriousboi\n|j|\u2606BodaciousBulbasaur\n|t:|1683564126\n|gametype|doubles\n|player|p1|superseriousboi|101|1170\n|player|p2|BodaciousBulbasaur|acetrainerf-gen4dp|1106\n|teamsize|p1|6\n|teamsize|p2|6\n|gen|9\n|tier|[Gen 9] VGC 2023 Regulation C\n|rated|\n|rule|Species Clause: Limit one of each Pok\u00e9mon\n|rule|Item Clause: Limit one of each item\n|clearpoke\n|poke|p1|Kilowattrel, L50, M|\n|poke|p1|Murkrow, L50, F|\n|poke|p1|Scizor, L50, M|\n|poke|p1|Ting-Lu, L50|\n|poke|p1|Maushold, L50|\n|poke|p1|Annihilape, L50, M|\n|poke|p2|Scream Tail, L50|\n|poke|p2|Sandy Shocks, L50|\n|poke|p2|Pelipper, L50, M|\n|poke|p2|Floatzel, L50, F|\n|poke|p2|Vivillon-Fancy, L50, M|\n|poke|p2|Arboliva, L50, M|\n|teampreview|4\n|\n|t:|1683564157\n|start\n|switch|p1a: Murkrow|Murkrow, L50, F|100\/100\n|switch|p1b: Scizor|Scizor, L50, M|100\/100\n|switch|p2a: Sandy Shocks|Sandy Shocks, L50|100\/100\n|switch|p2b: Vivillon|Vivillon-Fancy, L50, M|100\/100\n|turn|1\n|\n|t:|1683564181\n|move|p1a: Murkrow|Tailwind|p1a: Murkrow\n|-sidestart|p1: superseriousboi|move: Tailwind\n|move|p1b: Scizor|Trailblaze|p2a: Sandy Shocks\n|-supereffective|p2a: Sandy Shocks\n|-damage|p2a: Sandy Shocks|27\/100\n|-boost|p1b: Scizor|spe|1\n|move|p2a: Sandy Shocks|Gravity|p2a: Sandy Shocks\n|-fieldstart|move: Gravity\n|move|p2b: Vivillon|Sleep Powder|p1b: Scizor\n|-status|p1b: Scizor|slp|[from] move: Sleep Powder\n|\n|upkeep\n|turn|2\n|\n|t:|1683564200\n|cant|p1b: Scizor|slp\n|move|p1a: Murkrow|Foul Play|p2b: Vivillon\n|-damage|p2b: Vivillon|74\/100\n|move|p2a: Sandy Shocks|Thunder|p1b: Scizor\n|-damage|p1b: Scizor|9\/100 slp\n|-damage|p2a: Sandy Shocks|17\/100|[from] item: Life Orb\n|move|p2b: Vivillon|Sleep Powder|p1a: Murkrow\n|-status|p1a: Murkrow|slp|[from] move: Sleep Powder\n|\n|upkeep\n|turn|3\n|\n|t:|1683564220\n|-terastallize|p2b: Vivillon|Steel\n|move|p2b: Vivillon|Rage Powder|p2b: Vivillon\n|-singleturn|p2b: Vivillon|move: Rage Powder\n|cant|p1b: Scizor|slp\n|cant|p1a: Murkrow|slp\n|move|p2a: Sandy Shocks|Thunder|p1a: Murkrow\n|-supereffective|p1a: Murkrow\n|-damage|p1a: Murkrow|0 fnt\n|faint|p1a: Murkrow\n|-damage|p2a: Sandy Shocks|7\/100|[from] item: Life Orb\n|\n|upkeep\n|\n|t:|1683564241\n|switch|p1a: Annihilape|Annihilape, L50, M|100\/100\n|turn|4\n|\n|t:|1683564248\n|move|p1a: Annihilape|Protect|p1a: Annihilape\n|-singleturn|p1a: Annihilape|Protect\n|move|p2a: Sandy Shocks|Protect|p2a: Sandy Shocks\n|-singleturn|p2a: Sandy Shocks|Protect\n|-curestatus|p1b: Scizor|slp|[msg]\n|move|p1b: Scizor|Trailblaze|p2a: Sandy Shocks\n|-activate|p2a: Sandy Shocks|move: Protect\n|move|p2b: Vivillon|Sleep Powder|p1a: Annihilape\n|-activate|p1a: Annihilape|move: Protect\n|\n|-sideend|p1: superseriousboi|move: Tailwind\n|upkeep\n|turn|5\n|\n|t:|1683564275\n|move|p2b: Vivillon|Rage Powder|p2b: Vivillon\n|-singleturn|p2b: Vivillon|move: Rage Powder\n|move|p2a: Sandy Shocks|Thunder|p1a: Annihilape\n|-damage|p1a: Annihilape|41\/100\n|-damage|p2a: Sandy Shocks|0 fnt|[from] item: Life Orb\n|faint|p2a: Sandy Shocks\n|-end|p2a: Sandy Shocks|Protosynthesis|[silent]\n|move|p1b: Scizor|Trailblaze|p2b: Vivillon\n|-resisted|p2b: Vivillon\n|-damage|p2b: Vivillon|30\/100\n|-boost|p1b: Scizor|spe|1\n|move|p1a: Annihilape|Bulk Up|p1a: Annihilape\n|-boost|p1a: Annihilape|atk|1\n|-boost|p1a: Annihilape|def|1\n|\n|-heal|p1a: Annihilape|47\/100|[from] item: Leftovers\n|-fieldend|move: Gravity\n|upkeep\n|\n|t:|1683564290\n|switch|p2a: Arboliva|Arboliva, L50, M|100\/100\n|turn|6\n|\n|t:|1683564319\n|switch|p1b: Maushold|Maushold, L50|100\/100\n|move|p1a: Annihilape|Drain Punch|p2b: Vivillon\n|-supereffective|p2b: Vivillon\n|-damage|p2b: Vivillon|0 fnt\n|-heal|p1a: Annihilape|57\/100|[from] drain|[of] p2b: Vivillon\n|faint|p2b: Vivillon\n|move|p2a: Arboliva|Pollen Puff|p2: Vivillon|[notarget]\n|-fail|p2a: Arboliva\n|\n|-heal|p1a: Annihilape|63\/100|[from] item: Leftovers\n|upkeep\n|\n|t:|1683564329\n|switch|p2b: Scream Tail|Scream Tail, L50|100\/100\n|-enditem|p2b: Scream Tail|Booster Energy\n|-activate|p2b: Scream Tail|ability: Protosynthesis|[fromitem]\n|-start|p2b: Scream Tail|protosynthesisspe\n|turn|7\n|\n|t:|1683564351\n|-terastallize|p1a: Annihilape|Fire\n|move|p2b: Scream Tail|Encore|p1a: Annihilape\n|-start|p1a: Annihilape|Encore\n|move|p1b: Maushold|Beat Up|p1a: Annihilape\n|-damage|p1a: Annihilape|61\/100\n|-damage|p1a: Annihilape|60\/100\n|-damage|p1a: Annihilape|59\/100\n|-hitcount|p1a: Annihilape|3\n|move|p1a: Annihilape|Drain Punch|p2a: Arboliva\n|-supereffective|p2a: Arboliva\n|-damage|p2a: Arboliva|31\/100\n|-heal|p1a: Annihilape|88\/100|[from] drain|[of] p2a: Arboliva\n|-fieldstart|move: Grassy Terrain|[from] ability: Seed Sower|[of] p2a: Arboliva\n|move|p2a: Arboliva|Energy Ball|p1a: Annihilape\n|-resisted|p1a: Annihilape\n|-damage|p1a: Annihilape|70\/100\n|\n|-heal|p1a: Annihilape|76\/100|[from] Grassy Terrain\n|-heal|p1a: Annihilape|82\/100|[from] item: Leftovers\n|-heal|p2a: Arboliva|37\/100|[from] Grassy Terrain\n|upkeep\n|turn|8\n|\n|t:|1683564379\n|move|p2b: Scream Tail|Disable|p1a: Annihilape\n|-start|p1a: Annihilape|Disable|Drain Punch\n|move|p1b: Maushold|Super Fang|p2b: Scream Tail\n|-damage|p2b: Scream Tail|50\/100\n|cant|p1a: Annihilape|Disable|Drain Punch\n|move|p2a: Arboliva|Earth Power|p1a: Annihilape\n|-supereffective|p1a: Annihilape\n|-damage|p1a: Annihilape|48\/100\n|\n|-heal|p2b: Scream Tail|56\/100|[from] Grassy Terrain\n|-heal|p1a: Annihilape|53\/100|[from] Grassy Terrain\n|-heal|p1a: Annihilape|59\/100|[from] item: Leftovers\n|-heal|p2a: Arboliva|43\/100|[from] Grassy Terrain\n|upkeep\n|turn|9\n|\n|t:|1683564408\n|switch|p1a: Scizor|Scizor, L50, M|9\/100\n|move|p2b: Scream Tail|Disable|p1b: Maushold\n|-start|p1b: Maushold|Disable|Super Fang\n|cant|p1b: Maushold|Disable|Super Fang\n|move|p2a: Arboliva|Earth Power|p1a: Scizor\n|-damage|p1a: Scizor|0 fnt\n|faint|p1a: Scizor\n|\n|-heal|p2b: Scream Tail|62\/100|[from] Grassy Terrain\n|-heal|p2a: Arboliva|49\/100|[from] Grassy Terrain\n|upkeep\n|\n|t:|1683564423\n|switch|p1a: Annihilape|Annihilape, L50, M, tera:Fire|59\/100\n|turn|10\n|\n|t:|1683564442\n|move|p2b: Scream Tail|Protect|p2b: Scream Tail\n|-singleturn|p2b: Scream Tail|Protect\n|move|p1b: Maushold|Follow Me|p1b: Maushold\n|-singleturn|p1b: Maushold|move: Follow Me\n|move|p1a: Annihilape|Rage Fist|p2b: Scream Tail\n|-activate|p2b: Scream Tail|move: Protect\n|move|p2a: Arboliva|Earth Power|p1b: Maushold\n|-damage|p1b: Maushold|66\/100\n|\n|-heal|p2b: Scream Tail|68\/100|[from] Grassy Terrain\n|-heal|p1b: Maushold|72\/100|[from] Grassy Terrain\n|-heal|p1a: Annihilape|65\/100|[from] Grassy Terrain\n|-heal|p1a: Annihilape|71\/100|[from] item: Leftovers\n|-heal|p2a: Arboliva|55\/100|[from] Grassy Terrain\n|upkeep\n|turn|11\n|\n|t:|1683564467\n|move|p1b: Maushold|Follow Me|p1b: Maushold\n|-singleturn|p1b: Maushold|move: Follow Me\n|move|p2b: Scream Tail|Sing|p1b: Maushold|[miss]\n|-miss|p2b: Scream Tail|p1b: Maushold\n|move|p1a: Annihilape|Rage Fist|p2b: Scream Tail\n|-supereffective|p2b: Scream Tail\n|-damage|p2b: Scream Tail|0 fnt\n|faint|p2b: Scream Tail\n|-end|p2b: Scream Tail|Protosynthesis|[silent]\n|move|p2a: Arboliva|Earth Power|p1b: Maushold\n|-crit|p1b: Maushold\n|-damage|p1b: Maushold|18\/100\n|\n|-heal|p1b: Maushold|24\/100|[from] Grassy Terrain\n|-heal|p1a: Annihilape|77\/100|[from] Grassy Terrain\n|-heal|p1a: Annihilape|83\/100|[from] item: Leftovers\n|-heal|p2a: Arboliva|61\/100|[from] Grassy Terrain\n|-fieldend|move: Grassy Terrain\n|upkeep\n|turn|12\n|-message|BodaciousBulbasaur forfeited.\n|\n|win|superseriousboi\n|raw|superseriousboi's rating: 1170 → 1190<\/strong> (+20 for winning)\n|raw|BodaciousBulbasaur's rating: 1106 → 1086<\/strong> (-20 for losing)\n|l|\u2606BodaciousBulbasaur\n|l|\u2606superseriousboi\n|j|\u2606superseriousboi\n|player|p1|superseriousboi|101\n","uploadtime":1683564500,"views":9,"p1id":"superseriousboi","p2id":"bodaciousbulbasaur","formatid":"gen9vgc2023regulationc","rating":1086,"private":0,"password":""}