{"id":"gen9vgc2023regulationc-1859899767","p1":"LobsterLiveGaming","p2":"Nielssie","format":"[Gen 9] VGC 2023 Regulation C","log":"|j|\u2606LobsterLiveGaming\n|j|\u2606Nielssie\n|t:|1683574016\n|gametype|doubles\n|player|p1|LobsterLiveGaming|darach-caitlin|1097\n|player|p2|Nielssie|266|1194\n|teamsize|p1|6\n|teamsize|p2|6\n|gen|9\n|tier|[Gen 9] VGC 2023 Regulation C\n|rated|\n|rule|Species Clause: Limit one of each Pok\u00e9mon\n|rule|Item Clause: Limit one of each item\n|clearpoke\n|poke|p1|Gastrodon-East, L50, F|\n|poke|p1|Chi-Yu, L50|\n|poke|p1|Drednaw, L50, F|\n|poke|p1|Pelipper, L50, M|\n|poke|p1|Flutter Mane, L50|\n|poke|p1|Amoonguss, L50, F|\n|poke|p2|Gholdengo, L50|\n|poke|p2|Wo-Chien, L50|\n|poke|p2|Maushold, L50|\n|poke|p2|Gengar, L50, M|\n|poke|p2|Dragonite, L50, M|\n|poke|p2|Rotom-Heat, L50|\n|teampreview|4\n|inactive|Battle timer is ON: inactive players will automatically lose when time's up. (requested by LobsterLiveGaming)\n|inactive|Nielssie has 60 seconds left.\n|inactive|Nielssie has 30 seconds left.\n|inactive|Nielssie has 20 seconds left.\n|inactive|Nielssie has 15 seconds left.\n|\n|t:|1683574093\n|start\n|switch|p1a: Drednaw|Drednaw, L50, F|100\/100\n|switch|p1b: Pelipper|Pelipper, L50, M|100\/100\n|switch|p2a: Maushold|Maushold, L50|100\/100\n|switch|p2b: Gholdengo|Gholdengo, L50|100\/100\n|-weather|RainDance|[from] ability: Drizzle|[of] p1b: Pelipper\n|turn|1\n|\n|t:|1683574115\n|-terastallize|p2b: Gholdengo|Water\n|move|p1a: Drednaw|Protect|p1a: Drednaw\n|-singleturn|p1a: Drednaw|Protect\n|move|p2a: Maushold|Taunt|p1b: Pelipper\n|-start|p1b: Pelipper|move: Taunt\n|move|p2b: Gholdengo|Shadow Ball|p1a: Drednaw\n|-activate|p1a: Drednaw|move: Protect\n|move|p1b: Pelipper|Hurricane|p2a: Maushold\n|-crit|p2a: Maushold\n|-damage|p2a: Maushold|10\/100\n|-enditem|p2a: Maushold|Sitrus Berry|[eat]\n|-heal|p2a: Maushold|35\/100|[from] item: Sitrus Berry\n|\n|-weather|RainDance|[upkeep]\n|upkeep\n|turn|2\n|inactive|Nielssie has 30 seconds left.\n|inactive|Nielssie has 20 seconds left.\n|\n|t:|1683574154\n|move|p1a: Drednaw|Rock Slide|p2a: Maushold|[spread] p2a,p2b\n|-damage|p2a: Maushold|0 fnt\n|-damage|p2b: Gholdengo|76\/100\n|faint|p2a: Maushold\n|move|p2b: Gholdengo|Shadow Ball|p1a: Drednaw\n|-damage|p1a: Drednaw|42\/100\n|move|p1b: Pelipper|Hurricane|p2b: Gholdengo\n|-damage|p2b: Gholdengo|30\/100\n|\n|-weather|RainDance|[upkeep]\n|-heal|p2b: Gholdengo|36\/100|[from] item: Leftovers\n|upkeep\n|\n|t:|1683574167\n|switch|p2a: Wo-Chien|Wo-Chien, L50|100\/100\n|-ability|p2a: Wo-Chien|Tablets of Ruin\n|turn|3\n|inactive|Nielssie has 30 seconds left.\n|\n|t:|1683574198\n|move|p1a: Drednaw|Protect|p1a: Drednaw\n|-singleturn|p1a: Drednaw|Protect\n|move|p2b: Gholdengo|Protect|p2b: Gholdengo\n|-singleturn|p2b: Gholdengo|Protect\n|move|p2a: Wo-Chien|Giga Drain|p1a: Drednaw\n|-activate|p1a: Drednaw|move: Protect\n|move|p1b: Pelipper|Hurricane|p2a: Wo-Chien\n|-supereffective|p2a: Wo-Chien\n|-damage|p2a: Wo-Chien|33\/100\n|\n|-weather|RainDance|[upkeep]\n|-heal|p2b: Gholdengo|42\/100|[from] item: Leftovers\n|-end|p1b: Pelipper|move: Taunt\n|upkeep\n|turn|4\n|\n|t:|1683574222\n|move|p2b: Gholdengo|Protect|p2b: Gholdengo\n|-singleturn|p2b: Gholdengo|Protect\n|move|p1a: Drednaw|Rock Slide|p2a: Wo-Chien|[spread] p2a\n|-activate|p2b: Gholdengo|move: Protect\n|-crit|p2a: Wo-Chien\n|-damage|p2a: Wo-Chien|9\/100\n|-enditem|p2a: Wo-Chien|Aguav Berry|[eat]\n|-heal|p2a: Wo-Chien|43\/100|[from] item: Aguav Berry\n|cant|p2a: Wo-Chien|flinch\n|move|p1b: Pelipper|Hurricane|p2b: Gholdengo\n|-activate|p2b: Gholdengo|move: Protect\n|\n|-weather|RainDance|[upkeep]\n|-heal|p2b: Gholdengo|48\/100|[from] item: Leftovers\n|upkeep\n|turn|5\n|c|\u2606LobsterLiveGaming|lol\n|inactive|Nielssie has 30 seconds left.\n|inactive|Nielssie has 20 seconds left.\n|inactive|Nielssie has 15 seconds left.\n|\n|t:|1683574266\n|move|p1a: Drednaw|Rock Slide|p2b: Gholdengo|[spread] p2a\n|-miss|p1a: Drednaw|p2b: Gholdengo\n|-damage|p2a: Wo-Chien|26\/100\n|move|p2b: Gholdengo|Shadow Ball|p1a: Drednaw\n|-damage|p1a: Drednaw|0 fnt\n|faint|p1a: Drednaw\n|cant|p2a: Wo-Chien|flinch\n|move|p1b: Pelipper|Hurricane|p2b: Gholdengo\n|-damage|p2b: Gholdengo|0 fnt\n|faint|p2b: Gholdengo\n|\n|-weather|RainDance|[upkeep]\n|upkeep\n|\n|t:|1683574280\n|switch|p2b: Dragonite|Dragonite, L50, M|100\/100\n|switch|p1a: Flutter Mane|Flutter Mane, L50|100\/100\n|-enditem|p1a: Flutter Mane|Booster Energy\n|-activate|p1a: Flutter Mane|ability: Protosynthesis|[fromitem]\n|-start|p1a: Flutter Mane|protosynthesisspa\n|turn|6\n|inactive|Nielssie has 30 seconds left.\n|\n|t:|1683574314\n|move|p1b: Pelipper|Helping Hand|p1a: Flutter Mane\n|-singleturn|p1a: Flutter Mane|Helping Hand|[of] p1b: Pelipper\n|move|p1a: Flutter Mane|Dazzling Gleam|p2a: Wo-Chien|[spread] p2a,p2b\n|-supereffective|p2a: Wo-Chien\n|-supereffective|p2b: Dragonite\n|-damage|p2a: Wo-Chien|0 fnt\n|-damage|p2b: Dragonite|56\/100\n|faint|p2a: Wo-Chien\n|move|p2b: Dragonite|Aerial Ace|p1a: Flutter Mane\n|-damage|p1a: Flutter Mane|24\/100\n|\n|-weather|RainDance|[upkeep]\n|upkeep\n|turn|7\n|\n|t:|1683574327\n|move|p1a: Flutter Mane|Thunder|p2b: Dragonite\n|-damage|p2b: Dragonite|18\/100\n|move|p2b: Dragonite|Aerial Ace|p1a: Flutter Mane\n|-damage|p1a: Flutter Mane|0 fnt\n|faint|p1a: Flutter Mane\n|-end|p1a: Flutter Mane|Protosynthesis|[silent]\n|move|p1b: Pelipper|Hurricane|p2b: Dragonite\n|-damage|p2b: Dragonite|0 fnt\n|faint|p2b: Dragonite\n|\n|win|LobsterLiveGaming\n|raw|LobsterLiveGaming's rating: 1097 → 1129<\/strong> (+32 for winning)\n|raw|Nielssie's rating: 1194 → 1162<\/strong> (-32 for losing)\n|l|\u2606Nielssie\n","uploadtime":1683574350,"views":9,"p1id":"lobsterlivegaming","p2id":"nielssie","formatid":"gen9vgc2023regulationc","rating":1129,"private":0,"password":""}