{"id":"gen9vgc2023regulationc-1858085744","p1":"kirans","p2":"Roopydoopy","format":"[Gen 9] VGC 2023 Regulation C","log":"|j|\u2606kirans\n|j|\u2606Roopydoopy\n|t:|1683273163\n|gametype|doubles\n|player|p1|kirans|rood|\n|player|p2|Roopydoopy|170|\n|teamsize|p1|6\n|teamsize|p2|6\n|gen|9\n|tier|[Gen 9] VGC 2023 Regulation C\n|rule|Species Clause: Limit one of each Pok\u00e9mon\n|rule|Item Clause: Limit one of each item\n|clearpoke\n|poke|p1|Iron Hands, L50|\n|poke|p1|Iron Moth, L50|\n|poke|p1|Corviknight, L50, F|\n|poke|p1|Dragonite, L50, M|\n|poke|p1|Abomasnow, L50, F|\n|poke|p1|Quaquaval, L50, M|\n|poke|p2|Wigglytuff, L50, M|\n|poke|p2|Lucario, L50, F|\n|poke|p2|Wo-Chien, L50|\n|poke|p2|Basculin, L50, M|\n|poke|p2|Gothorita, L50, F|\n|poke|p2|Arcanine, L50, F|\n|teampreview|4\n|j| Mattando97\n|\n|t:|1683273199\n|start\n|switch|p1a: Abomasnow|Abomasnow, L50, F|100\/100\n|switch|p1b: Dragonite|Dragonite, L50, M|100\/100\n|switch|p2a: Wo-Chien|Wo-Chien, L50|100\/100\n|switch|p2b: Gothorita|Gothorita, L50, F|100\/100\n|-weather|Snow|[from] ability: Snow Warning|[of] p1a: Abomasnow\n|-ability|p2a: Wo-Chien|Tablets of Ruin\n|turn|1\n|inactive|Battle timer is ON: inactive players will automatically lose when time's up. (requested by kirans)\n|\n|t:|1683273221\n|-terastallize|p1b: Dragonite|Flying\n|-terastallize|p2a: Wo-Chien|Fairy\n|move|p2b: Gothorita|Fake Out|p1a: Abomasnow\n|-damage|p1a: Abomasnow|97\/100\n|cant|p1a: Abomasnow|flinch\n|move|p1b: Dragonite|Tera Blast|p2b: Gothorita\n|-damage|p2b: Gothorita|54\/100\n|move|p2a: Wo-Chien|Leech Seed|p1b: Dragonite\n|-start|p1b: Dragonite|move: Leech Seed\n|\n|-weather|Snow|[upkeep]\n|-damage|p1b: Dragonite|88\/100|[from] Leech Seed|[of] p2a: Wo-Chien\n|upkeep\n|turn|2\n|\n|t:|1683273244\n|switch|p2b: Arcanine|Arcanine, L50, F|100\/100\n|-ability|p2b: Arcanine|Intimidate|boost\n|-unboost|p1a: Abomasnow|atk|1\n|-fail|p1b: Dragonite|unboost|Attack|[from] ability: Inner Focus|[of] p1b: Dragonite\n|move|p1a: Abomasnow|Blizzard|p2a: Wo-Chien|[spread] p2a,p2b\n|-resisted|p2b: Arcanine\n|-damage|p2a: Wo-Chien|80\/100\n|-damage|p2b: Arcanine|79\/100\n|move|p1b: Dragonite|Tera Blast|p2a: Wo-Chien\n|-damage|p2a: Wo-Chien|28\/100\n|move|p2a: Wo-Chien|Knock Off|p1a: Abomasnow\n|-damage|p1a: Abomasnow|68\/100\n|-enditem|p1a: Abomasnow|Focus Sash|[from] move: Knock Off|[of] p2a: Wo-Chien\n|\n|-weather|Snow|[upkeep]\n|-heal|p2a: Wo-Chien|34\/100|[from] item: Leftovers\n|-damage|p1b: Dragonite|76\/100|[from] Leech Seed|[of] p2a: Wo-Chien\n|-heal|p2a: Wo-Chien|46\/100|[silent]\n|upkeep\n|turn|3\n|inactive|kirans has 30 seconds left.\n|inactive|Roopydoopy has 30 seconds left.\n|inactive|kirans has 20 seconds left.\n|\n|t:|1683273280\n|move|p2a: Wo-Chien|Protect|p2a: Wo-Chien\n|-singleturn|p2a: Wo-Chien|Protect\n|move|p2b: Arcanine|Flare Blitz|p1a: Abomasnow\n|-supereffective|p1a: Abomasnow\n|-damage|p1a: Abomasnow|0 fnt\n|faint|p1a: Abomasnow\n|-damage|p2b: Arcanine|57\/100|[from] Recoil\n|move|p1b: Dragonite|Tera Blast|p2b: Arcanine\n|-damage|p2b: Arcanine|0 fnt\n|faint|p2b: Arcanine\n|\n|-weather|Snow|[upkeep]\n|-heal|p2a: Wo-Chien|53\/100|[from] item: Leftovers\n|-damage|p1b: Dragonite|64\/100|[from] Leech Seed|[of] p2a: Wo-Chien\n|-heal|p2a: Wo-Chien|65\/100|[silent]\n|upkeep\n|\n|t:|1683273293\n|switch|p2b: Gothorita|Gothorita, L50, F|54\/100\n|switch|p1a: Iron Moth|Iron Moth, L50|100\/100\n|-enditem|p1a: Iron Moth|Booster Energy\n|-activate|p1a: Iron Moth|ability: Quark Drive|[fromitem]\n|-start|p1a: Iron Moth|quarkdrivespa\n|turn|4\n|\n|t:|1683273304\n|move|p2b: Gothorita|Fake Out|p1a: Iron Moth\n|-damage|p1a: Iron Moth|94\/100\n|cant|p1a: Iron Moth|flinch\n|move|p1b: Dragonite|Tera Blast|p2b: Gothorita\n|-damage|p2b: Gothorita|5\/100\n|move|p2a: Wo-Chien|Leech Seed|p1a: Iron Moth\n|-start|p1a: Iron Moth|move: Leech Seed\n|\n|-weather|Snow|[upkeep]\n|-heal|p2a: Wo-Chien|71\/100|[from] item: Leftovers\n|-damage|p1a: Iron Moth|82\/100|[from] Leech Seed|[of] p2a: Wo-Chien\n|-heal|p2a: Wo-Chien|82\/100|[silent]\n|-damage|p1b: Dragonite|52\/100|[from] Leech Seed|[of] p2a: Wo-Chien\n|-heal|p2a: Wo-Chien|94\/100|[silent]\n|upkeep\n|turn|5\n|\n|t:|1683273325\n|move|p2a: Wo-Chien|Protect|p2a: Wo-Chien\n|-singleturn|p2a: Wo-Chien|Protect\n|move|p2b: Gothorita|Protect|p2b: Gothorita\n|-singleturn|p2b: Gothorita|Protect\n|move|p1a: Iron Moth|Fiery Dance|p2a: Wo-Chien\n|-activate|p2a: Wo-Chien|move: Protect\n|move|p1b: Dragonite|Tera Blast|p2b: Gothorita\n|-activate|p2b: Gothorita|move: Protect\n|\n|-weather|none\n|-heal|p2a: Wo-Chien|100\/100|[from] item: Leftovers\n|-damage|p1a: Iron Moth|69\/100|[from] Leech Seed|[of] p2a: Wo-Chien\n|-damage|p1b: Dragonite|40\/100|[from] Leech Seed|[of] p2a: Wo-Chien\n|upkeep\n|turn|6\n|inactive|kirans has 30 seconds left.\n|inactive|Roopydoopy has 30 seconds left.\n|\n|t:|1683273351\n|switch|p2a: Basculin|Basculin, L50, M|100\/100\n|move|p2b: Gothorita|Protect|p2b: Gothorita\n|-singleturn|p2b: Gothorita|Protect\n|move|p1a: Iron Moth|Fiery Dance|p2a: Basculin\n|-resisted|p2a: Basculin\n|-damage|p2a: Basculin|46\/100\n|-boost|p1a: Iron Moth|spa|1\n|move|p1b: Dragonite|Tera Blast|p2b: Gothorita\n|-activate|p2b: Gothorita|move: Protect\n|\n|-damage|p1a: Iron Moth|57\/100|[from] Leech Seed|[of] p2a: Basculin\n|-heal|p2a: Basculin|60\/100|[silent]\n|-damage|p1b: Dragonite|28\/100|[from] Leech Seed|[of] p2a: Basculin\n|-heal|p2a: Basculin|76\/100|[silent]\n|upkeep\n|turn|7\n|\n|t:|1683273371\n|switch|p2b: Wo-Chien|Wo-Chien, L50, tera:Fairy|100\/100\n|-ability|p2b: Wo-Chien|Tablets of Ruin\n|move|p1a: Iron Moth|Protect|p1a: Iron Moth\n|-singleturn|p1a: Iron Moth|Protect\n|move|p2a: Basculin|Aqua Jet|p1a: Iron Moth\n|-activate|p1a: Iron Moth|move: Protect\n|move|p1b: Dragonite|Tera Blast|p2b: Wo-Chien\n|-damage|p2b: Wo-Chien|50\/100\n|\n|-heal|p2b: Wo-Chien|57\/100|[from] item: Leftovers\n|-damage|p1a: Iron Moth|44\/100|[from] Leech Seed|[of] p2a: Basculin\n|-heal|p2a: Basculin|90\/100|[silent]\n|-damage|p1b: Dragonite|16\/100|[from] Leech Seed|[of] p2a: Basculin\n|-heal|p2a: Basculin|100\/100|[silent]\n|upkeep\n|turn|8\n|\n|t:|1683273391\n|-end|p1a: Iron Moth|Quark Drive|[silent]\n|switch|p1a: Quaquaval|Quaquaval, L50, M|100\/100\n|move|p1b: Dragonite|Extreme Speed|p2a: Basculin\n|-damage|p2a: Basculin|58\/100\n|move|p2a: Basculin|Aqua Jet|p1a: Quaquaval\n|-resisted|p1a: Quaquaval\n|-damage|p1a: Quaquaval|89\/100\n|move|p2b: Wo-Chien|Pollen Puff|p2a: Basculin\n|-heal|p2a: Basculin|100\/100\n|\n|-heal|p2b: Wo-Chien|63\/100|[from] item: Leftovers\n|-damage|p1b: Dragonite|4\/100|[from] Leech Seed|[of] p2a: Basculin\n|upkeep\n|turn|9\n|inactive|Roopydoopy has 30 seconds left.\n|\n|t:|1683273416\n|switch|p2a: Gothorita|Gothorita, L50, F|5\/100\n|move|p1a: Quaquaval|Close Combat|p2a: Gothorita\n|-resisted|p2a: Gothorita\n|-damage|p2a: Gothorita|0 fnt\n|-unboost|p1a: Quaquaval|def|1\n|-unboost|p1a: Quaquaval|spd|1\n|faint|p2a: Gothorita\n|move|p1b: Dragonite|Tera Blast|p2b: Wo-Chien\n|-damage|p2b: Wo-Chien|15\/100\n|move|p2b: Wo-Chien|Leech Seed|p1a: Quaquaval\n|-start|p1a: Quaquaval|move: Leech Seed\n|\n|-heal|p2b: Wo-Chien|21\/100|[from] item: Leftovers\n|-damage|p1a: Quaquaval|76\/100|[from] Leech Seed|[of] p2b: Wo-Chien\n|-heal|p2b: Wo-Chien|34\/100|[silent]\n|upkeep\n|\n|t:|1683273430\n|switch|p2a: Basculin|Basculin, L50, M|100\/100\n|turn|10\n|\n|t:|1683273449\n|switch|p1a: Iron Moth|Iron Moth, L50|44\/100\n|move|p2a: Basculin|Protect|p2a: Basculin\n|-singleturn|p2a: Basculin|Protect\n|move|p2b: Wo-Chien|Protect|p2b: Wo-Chien\n|-singleturn|p2b: Wo-Chien|Protect\n|move|p1b: Dragonite|Extreme Speed|p2a: Basculin\n|-activate|p2a: Basculin|move: Protect\n|\n|-heal|p2b: Wo-Chien|40\/100|[from] item: Leftovers\n|-damage|p1b: Dragonite|0 fnt|[from] Leech Seed|[of] p2a: Basculin\n|faint|p1b: Dragonite\n|upkeep\n|\n|t:|1683273455\n|switch|p1b: Quaquaval|Quaquaval, L50, M|76\/100\n|turn|11\n|\n|t:|1683273470\n|move|p1a: Iron Moth|Protect|p1a: Iron Moth\n|-singleturn|p1a: Iron Moth|Protect\n|move|p2a: Basculin|Rain Dance|p2a: Basculin\n|-weather|RainDance\n|move|p1b: Quaquaval|Close Combat|p2a: Basculin\n|-damage|p2a: Basculin|19\/100\n|-unboost|p1b: Quaquaval|def|1\n|-unboost|p1b: Quaquaval|spd|1\n|move|p2b: Wo-Chien|Leech Seed|p1a: Iron Moth\n|-activate|p1a: Iron Moth|move: Protect\n|\n|-weather|RainDance|[upkeep]\n|-heal|p2b: Wo-Chien|46\/100|[from] item: Leftovers\n|upkeep\n|turn|12\n|\n|t:|1683273483\n|move|p2a: Basculin|Aqua Jet|p1a: Iron Moth\n|-supereffective|p1a: Iron Moth\n|-damage|p1a: Iron Moth|0 fnt\n|faint|p1a: Iron Moth\n|-end|p1a: Iron Moth|Quark Drive|[silent]\n|move|p1b: Quaquaval|Aqua Jet|p2a: Basculin\n|-resisted|p2a: Basculin\n|-damage|p2a: Basculin|0 fnt\n|faint|p2a: Basculin\n|move|p2b: Wo-Chien|Leech Seed|p1b: Quaquaval\n|-start|p1b: Quaquaval|move: Leech Seed\n|\n|-weather|RainDance|[upkeep]\n|-heal|p2b: Wo-Chien|53\/100|[from] item: Leftovers\n|-damage|p1b: Quaquaval|64\/100|[from] Leech Seed|[of] p2b: Wo-Chien\n|-heal|p2b: Wo-Chien|65\/100|[silent]\n|upkeep\n|turn|13\n|\n|t:|1683273496\n|move|p2b: Wo-Chien|Protect|p2b: Wo-Chien\n|-singleturn|p2b: Wo-Chien|Protect\n|move|p1b: Quaquaval|Aqua Step|p2b: Wo-Chien\n|-activate|p2b: Wo-Chien|move: Protect\n|\n|-weather|RainDance|[upkeep]\n|-heal|p2b: Wo-Chien|71\/100|[from] item: Leftovers\n|-damage|p1b: Quaquaval|51\/100|[from] Leech Seed|[of] p2b: Wo-Chien\n|-heal|p2b: Wo-Chien|84\/100|[silent]\n|upkeep\n|turn|14\n|\n|t:|1683273507\n|move|p1b: Quaquaval|Aqua Step|p2b: Wo-Chien\n|-damage|p2b: Wo-Chien|43\/100\n|-boost|p1b: Quaquaval|spe|1\n|move|p2b: Wo-Chien|Knock Off|p1b: Quaquaval\n|-resisted|p1b: Quaquaval\n|-damage|p1b: Quaquaval|27\/100\n|-enditem|p1b: Quaquaval|Assault Vest|[from] move: Knock Off|[of] p2b: Wo-Chien\n|\n|-weather|RainDance|[upkeep]\n|-heal|p2b: Wo-Chien|49\/100|[from] item: Leftovers\n|-damage|p1b: Quaquaval|15\/100|[from] Leech Seed|[of] p2b: Wo-Chien\n|-heal|p2b: Wo-Chien|61\/100|[silent]\n|upkeep\n|turn|15\n|\n|t:|1683273518\n|move|p2b: Wo-Chien|Protect|p2b: Wo-Chien\n|-singleturn|p2b: Wo-Chien|Protect\n|move|p1b: Quaquaval|Aqua Step|p2b: Wo-Chien\n|-activate|p2b: Wo-Chien|move: Protect\n|\n|-weather|none\n|-heal|p2b: Wo-Chien|68\/100|[from] item: Leftovers\n|-damage|p1b: Quaquaval|2\/100|[from] Leech Seed|[of] p2b: Wo-Chien\n|-heal|p2b: Wo-Chien|80\/100|[silent]\n|upkeep\n|turn|16\n|\n|t:|1683273530\n|move|p1b: Quaquaval|Aqua Step|p2b: Wo-Chien\n|-crit|p2b: Wo-Chien\n|-damage|p2b: Wo-Chien|20\/100\n|-boost|p1b: Quaquaval|spe|1\n|move|p2b: Wo-Chien|Pollen Puff|p1b: Quaquaval\n|-resisted|p1b: Quaquaval\n|-crit|p1b: Quaquaval\n|-damage|p1b: Quaquaval|0 fnt\n|faint|p1b: Quaquaval\n|\n|win|Roopydoopy\n|c|\u2606Roopydoopy|gg\n","uploadtime":1683273541,"views":16,"p1id":"kirans","p2id":"roopydoopy","formatid":"gen9vgc2023regulationc","rating":0,"private":0,"password":""}