{"id":"gen9vgc2023regulationc-1855608649","p1":"geekaleek","p2":"mattnot3","format":"[Gen 9] VGC 2023 Regulation C","log":"|j|\u2606geekaleek\n|j|\u2606mattnot3\n|t:|1682966165\n|gametype|doubles\n|player|p1|geekaleek|101|1610\n|player|p2|mattnot3|101|1572\n|teamsize|p1|6\n|teamsize|p2|6\n|gen|9\n|tier|[Gen 9] VGC 2023 Regulation C\n|rated|\n|rule|Species Clause: Limit one of each Pok\u00e9mon\n|rule|Item Clause: Limit one of each item\n|clearpoke\n|poke|p1|Dondozo, L50, F|\n|poke|p1|Tatsugiri, L50, F|\n|poke|p1|Pelipper, L50, M|\n|poke|p1|Drednaw, L50, M|\n|poke|p1|Dragonite, L50, F|\n|poke|p1|Chien-Pao, L50|\n|poke|p2|Chi-Yu, L50|\n|poke|p2|Flutter Mane, L50|\n|poke|p2|Scizor, L50, F|\n|poke|p2|Wo-Chien, L50|\n|poke|p2|Gyarados, L50, F|\n|poke|p2|Glimmora, L50, M|\n|teampreview|4\n|inactive|Battle timer is ON: inactive players will automatically lose when time's up. (requested by geekaleek)\n|inactive|mattnot3 has 60 seconds left.\n|\n|t:|1682966199\n|start\n|switch|p1a: Pelipper|Pelipper, L50, M|100\/100\n|switch|p1b: Dondozo|Dondozo, L50, F|100\/100\n|switch|p2a: Wo-Chien|Wo-Chien, L50|100\/100\n|switch|p2b: Glimmora|Glimmora, L50, M|100\/100\n|-ability|p2a: Wo-Chien|Tablets of Ruin\n|-weather|RainDance|[from] ability: Drizzle|[of] p1a: Pelipper\n|turn|1\n|inactive|geekaleek has 30 seconds left.\n|inactive|mattnot3 has 30 seconds left.\n|inactive|geekaleek has 20 seconds left.\n|inactive|geekaleek has 15 seconds left.\n|inactive|geekaleek has 10 seconds left.\n|\n|t:|1682966246\n|move|p1b: Dondozo|Protect|p1b: Dondozo\n|-singleturn|p1b: Dondozo|Protect\n|move|p2b: Glimmora|Mortal Spin|p1b: Dondozo|[spread] p1a\n|-activate|p1b: Dondozo|move: Protect\n|-damage|p1a: Pelipper|97\/100\n|-status|p1a: Pelipper|psn\n|move|p2a: Wo-Chien|Leech Seed|p1b: Dondozo\n|-activate|p1b: Dondozo|move: Protect\n|move|p1a: Pelipper|Hurricane|p2a: Wo-Chien\n|-supereffective|p2a: Wo-Chien\n|-crit|p2a: Wo-Chien\n|-damage|p2a: Wo-Chien|12\/100\n|\n|-weather|RainDance|[upkeep]\n|-heal|p2a: Wo-Chien|18\/100|[from] item: Leftovers\n|-damage|p1a: Pelipper|85\/100 psn|[from] psn\n|upkeep\n|turn|2\n|\n|t:|1682966264\n|switch|p1a: Tatsugiri|Tatsugiri, L50, F, shiny|100\/100\n|-activate|p1a: Tatsugiri|ability: Commander|[of] p1b: Dondozo\n|-boost|p1b: Dondozo|atk|2\n|-boost|p1b: Dondozo|spa|2\n|-boost|p1b: Dondozo|spe|2\n|-boost|p1b: Dondozo|def|2\n|-boost|p1b: Dondozo|spd|2\n|-terastallize|p1b: Dondozo|Water\n|move|p2a: Wo-Chien|Protect|p2a: Wo-Chien\n|-singleturn|p2a: Wo-Chien|Protect\n|move|p1b: Dondozo|Surf|p2a: Wo-Chien|[spread] p2b\n|-miss|p1b: Dondozo|p1a: Tatsugiri\n|-activate|p2a: Wo-Chien|move: Protect\n|-supereffective|p2b: Glimmora\n|-damage|p2b: Glimmora|0 fnt\n|faint|p2b: Glimmora\n|-damage|p1b: Dondozo|91\/100|[from] item: Life Orb\n|\n|-weather|RainDance|[upkeep]\n|-heal|p2a: Wo-Chien|24\/100|[from] item: Leftovers\n|upkeep\n|\n|t:|1682966288\n|switch|p2b: Flutter Mane|Flutter Mane, L50|100\/100\n|-enditem|p2b: Flutter Mane|Booster Energy\n|-activate|p2b: Flutter Mane|ability: Protosynthesis|[fromitem]\n|-start|p2b: Flutter Mane|protosynthesisspa\n|turn|3\n|\n|t:|1682966292\n|switch|p2a: Gyarados|Gyarados, L50, F|100\/100\n|-ability|p2a: Gyarados|Intimidate|boost\n|-unboost|p1a: Tatsugiri|atk|1\n|-unboost|p1b: Dondozo|atk|1\n|move|p2b: Flutter Mane|Protect|p2b: Flutter Mane\n|-singleturn|p2b: Flutter Mane|Protect\n|move|p1b: Dondozo|Surf|p2b: Flutter Mane|[spread] p2a\n|-miss|p1b: Dondozo|p1a: Tatsugiri\n|-activate|p2b: Flutter Mane|move: Protect\n|-resisted|p2a: Gyarados\n|-damage|p2a: Gyarados|62\/100\n|-damage|p1b: Dondozo|81\/100|[from] item: Life Orb\n|\n|-weather|RainDance|[upkeep]\n|upkeep\n|turn|4\n|\n|t:|1682966300\n|move|p1b: Dondozo|Surf|p2a: Gyarados|[spread] p2a,p2b\n|-miss|p1b: Dondozo|p1a: Tatsugiri\n|-resisted|p2a: Gyarados\n|-damage|p2a: Gyarados|21\/100\n|-damage|p2b: Flutter Mane|0 fnt\n|-enditem|p2a: Gyarados|Sitrus Berry|[eat]\n|-heal|p2a: Gyarados|46\/100|[from] item: Sitrus Berry\n|faint|p2b: Flutter Mane\n|-end|p2b: Flutter Mane|Protosynthesis|[silent]\n|-damage|p1b: Dondozo|71\/100|[from] item: Life Orb\n|move|p2a: Gyarados|Thunder Wave|p1b: Dondozo|[miss]\n|-miss|p2a: Gyarados|p1b: Dondozo\n|\n|-weather|RainDance|[upkeep]\n|upkeep\n|\n|t:|1682966306\n|switch|p2b: Wo-Chien|Wo-Chien, L50|24\/100\n|-ability|p2b: Wo-Chien|Tablets of Ruin\n|turn|5\n|\n|t:|1682966322\n|move|p2b: Wo-Chien|Protect|p2b: Wo-Chien\n|-singleturn|p2b: Wo-Chien|Protect\n|move|p1b: Dondozo|Surf|p2b: Wo-Chien|[spread] p2a\n|-miss|p1b: Dondozo|p1a: Tatsugiri\n|-activate|p2b: Wo-Chien|move: Protect\n|-resisted|p2a: Gyarados\n|-damage|p2a: Gyarados|4\/100\n|-damage|p1b: Dondozo|62\/100|[from] item: Life Orb\n|move|p2a: Gyarados|Thunder Wave|p1b: Dondozo\n|-status|p1b: Dondozo|par\n|\n|-weather|RainDance|[upkeep]\n|-heal|p2b: Wo-Chien|31\/100|[from] item: Leftovers\n|upkeep\n|turn|6\n|\n|t:|1682966346\n|move|p2a: Gyarados|Taunt|p1b: Dondozo\n|-start|p1b: Dondozo|move: Taunt\n|move|p1b: Dondozo|Surf|p2b: Wo-Chien|[spread] p2a,p2b\n|-miss|p1b: Dondozo|p1a: Tatsugiri\n|-resisted|p2a: Gyarados\n|-resisted|p2b: Wo-Chien\n|-damage|p2a: Gyarados|0 fnt\n|-damage|p2b: Wo-Chien|0 fnt\n|faint|p2a: Gyarados\n|faint|p2b: Wo-Chien\n|-damage|p1b: Dondozo|52\/100 par|[from] item: Life Orb\n|\n|win|geekaleek\n|raw|geekaleek's rating: 1610 → 1628<\/strong> (+18 for winning)\n|raw|mattnot3's rating: 1572 → 1554<\/strong> (-18 for losing)\n|l|\u2606geekaleek\n","uploadtime":1682966402,"views":17,"p1id":"geekaleek","p2id":"mattnot3","formatid":"gen9vgc2023regulationc","rating":1554,"private":0,"password":""}