{"id":"gen9vgc2023regulationc-1846689690","p1":"vivian20","p2":"MegaMachado","format":"[Gen 9] VGC 2023 Regulation C","log":"|j|\u2606vivian20\n|j|\u2606MegaMachado\n|t:|1681866207\n|gametype|doubles\n|player|p1|vivian20|1|\n|player|p2|MegaMachado|blackbelt-gen4dp|\n|teamsize|p1|6\n|teamsize|p2|6\n|gen|9\n|tier|[Gen 9] VGC 2023 Regulation C\n|rule|Species Clause: Limit one of each Pok\u00e9mon\n|rule|Item Clause: Limit one of each item\n|clearpoke\n|poke|p1|Glimmora, L50, M|\n|poke|p1|Flutter Mane, L50|\n|poke|p1|Tatsugiri, L50, M|\n|poke|p1|Dondozo, L50, F|\n|poke|p1|Arcanine, L50, F|\n|poke|p1|Wo-Chien, L50|\n|poke|p2|Torkoal, L50, M|\n|poke|p2|Jumpluff, L50, F|\n|poke|p2|Flutter Mane, L50|\n|poke|p2|Great Tusk, L50|\n|poke|p2|Chien-Pao, L50|\n|poke|p2|Kingambit, L50, M|\n|teampreview|4\nvivian20 has agreed to open team sheets.\nMegaMachado has agreed to open team sheets.\n|\n|t:|1681866297\n|start\n|switch|p1a: Glimmora|Glimmora, L50, M|100\/100\n|switch|p1b: Flutter Mane|Flutter Mane, L50|100\/100\n|switch|p2a: Torkoal|Torkoal, L50, M|100\/100\n|switch|p2b: Jumpluff|Jumpluff, L50, F|100\/100\n|-weather|SunnyDay|[from] ability: Drought|[of] p2a: Torkoal\n|-activate|p1b: Flutter Mane|ability: Protosynthesis\n|-start|p1b: Flutter Mane|protosynthesisspe\n|turn|1\n|inactive|Battle timer is ON: inactive players will automatically lose when time's up. (requested by vivian20)\n|inactive|vivian20 has 60 seconds left.\n|inactive|MegaMachado has 60 seconds left.\n|\n|t:|1681866344\n|move|p2b: Jumpluff|Tailwind|p2b: Jumpluff\n|-sidestart|p2: MegaMachado|move: Tailwind\n|move|p1b: Flutter Mane|Moonblast|p2b: Jumpluff\n|-damage|p2b: Jumpluff|46\/100\n|move|p1a: Glimmora|Power Gem|p2b: Jumpluff\n|-supereffective|p2b: Jumpluff\n|-damage|p2b: Jumpluff|0 fnt\n|faint|p2b: Jumpluff\n|move|p2a: Torkoal|Yawn|p1a: Glimmora\n|-start|p1a: Glimmora|move: Yawn|[of] p2a: Torkoal\n|\n|-weather|SunnyDay|[upkeep]\n|upkeep\n|\n|t:|1681866358\n|switch|p2b: Flutter Mane|Flutter Mane, L50|100\/100\n|-activate|p2b: Flutter Mane|ability: Protosynthesis\n|-start|p2b: Flutter Mane|protosynthesisspe\n|turn|2\n|inactive|MegaMachado has 30 seconds left.\n|inactive|MegaMachado has 20 seconds left.\n|inactive|MegaMachado has 15 seconds left.\n|inactive|MegaMachado has 10 seconds left.\n|\n|t:|1681866404\n|-end|p1b: Flutter Mane|Protosynthesis|[silent]\n|switch|p1b: Tatsugiri|Tatsugiri, L50, M|100\/100\n|switch|p1a: Dondozo|Dondozo, L50, F|100\/100\n|-activate|p1b: Tatsugiri|ability: Commander|[of] p1a: Dondozo\n|-boost|p1a: Dondozo|atk|2\n|-boost|p1a: Dondozo|spa|2\n|-boost|p1a: Dondozo|spe|2\n|-boost|p1a: Dondozo|def|2\n|-boost|p1a: Dondozo|spd|2\n|move|p2a: Torkoal|Helping Hand|p2b: Flutter Mane\n|-singleturn|p2b: Flutter Mane|Helping Hand|[of] p2a: Torkoal\n|move|p2b: Flutter Mane|Shadow Ball|p1b: Tatsugiri|[miss]\n|-miss|p2b: Flutter Mane|p1b: Tatsugiri\n|\n|-weather|SunnyDay|[upkeep]\n|upkeep\n|turn|3\n|\n|t:|1681866426\n|move|p2b: Flutter Mane|Shadow Ball|p1a: Dondozo\n|-damage|p1a: Dondozo|71\/100\n|move|p1a: Dondozo|Earthquake|p2b: Flutter Mane|[spread] p2a,p2b\n|-miss|p1a: Dondozo|p1b: Tatsugiri\n|-supereffective|p2a: Torkoal\n|-damage|p2a: Torkoal|36\/100\n|-damage|p2b: Flutter Mane|23\/100\n|move|p2a: Torkoal|Yawn|p1a: Dondozo\n|-start|p1a: Dondozo|move: Yawn|[of] p2a: Torkoal\n|\n|-weather|SunnyDay|[upkeep]\n|upkeep\n|turn|4\n|\n|t:|1681866447\n|move|p2a: Torkoal|Helping Hand|p2b: Flutter Mane\n|-singleturn|p2b: Flutter Mane|Helping Hand|[of] p2a: Torkoal\n|move|p2b: Flutter Mane|Shadow Ball|p1a: Dondozo\n|-damage|p1a: Dondozo|31\/100\n|move|p1a: Dondozo|Earthquake|p2b: Flutter Mane|[spread] p2a,p2b\n|-miss|p1a: Dondozo|p1b: Tatsugiri\n|-supereffective|p2a: Torkoal\n|-damage|p2a: Torkoal|0 fnt\n|-damage|p2b: Flutter Mane|0 fnt\n|faint|p2a: Torkoal\n|faint|p2b: Flutter Mane\n|-end|p2b: Flutter Mane|Protosynthesis|[silent]\n|\n|-weather|SunnyDay|[upkeep]\n|-end|p1a: Dondozo|move: Yawn|[silent]\n|-status|p1a: Dondozo|slp\n|-sideend|p2: MegaMachado|move: Tailwind\n|upkeep\n|\n|t:|1681866465\n|switch|p2b: Great Tusk|Great Tusk, L50|100\/100\n|-activate|p2b: Great Tusk|ability: Protosynthesis\n|-start|p2b: Great Tusk|protosynthesisatk\n|turn|5\n|\n|t:|1681866488\n|-terastallize|p2b: Great Tusk|Fire\n|-terastallize|p1a: Dondozo|Flying\n|move|p2b: Great Tusk|Earthquake|p1a: Dondozo|[spread] \n|-miss|p2b: Great Tusk|p1b: Tatsugiri\n|-immune|p1a: Dondozo\n|cant|p1a: Dondozo|slp\n|\n|-weather|none\n|-end|p2b: Great Tusk|Protosynthesis\n|upkeep\n|turn|6\n|c|\u2606vivian20|hehehe\n|\n|t:|1681866508\n|move|p2b: Great Tusk|Earthquake|p1a: Dondozo|[spread] \n|-miss|p2b: Great Tusk|p1b: Tatsugiri\n|-immune|p1a: Dondozo\n|-curestatus|p1a: Dondozo|slp|[msg]\n|move|p1a: Dondozo|Wave Crash|p2b: Great Tusk\n|-supereffective|p2b: Great Tusk\n|-damage|p2b: Great Tusk|0 fnt\n|faint|p2b: Great Tusk\n|-end|p2b: Great Tusk|Protosynthesis|[silent]\n|-damage|p1a: Dondozo|3\/100|[from] Recoil\n|-enditem|p1a: Dondozo|Aguav Berry|[eat]\n|-heal|p1a: Dondozo|36\/100|[from] item: Aguav Berry\n|\n|win|vivian20\n","uploadtime":1681866524,"views":9,"p1id":"vivian20","p2id":"megamachado","formatid":"gen9vgc2023regulationc","rating":0,"private":0,"password":""}