{"id":"gen9vgc2023regulationc-1862632151","p1":"gassy george","p2":"PiuPiuMOOD","format":"[Gen 9] VGC 2023 Regulation C","log":"|j|\u2606gassy george\n|j|\u2606PiuPiuMOOD\n|t:|1683907308\n|gametype|doubles\n|player|p1|gassy george|rosa-masters|1425\n|player|p2|PiuPiuMOOD|169|1515\n|teamsize|p1|6\n|teamsize|p2|6\n|gen|9\n|tier|[Gen 9] VGC 2023 Regulation C\n|rated|\n|rule|Species Clause: Limit one of each Pok\u00e9mon\n|rule|Item Clause: Limit one of each item\n|clearpoke\n|poke|p1|Flutter Mane, L50|\n|poke|p1|Chi-Yu, L50|\n|poke|p1|Dachsbun, L50, F|\n|poke|p1|Azumarill, L50, M|\n|poke|p1|Iron Bundle, L50|\n|poke|p1|Ting-Lu, L50|\n|poke|p2|Dondozo, L50, F|\n|poke|p2|Tatsugiri, L50, F|\n|poke|p2|Iron Hands, L50|\n|poke|p2|Flutter Mane, L50|\n|poke|p2|Chi-Yu, L50|\n|poke|p2|Dragonite, L50, M|\n|teampreview|4\n|inactive|Battle timer is ON: inactive players will automatically lose when time's up. (requested by gassy george)\nPiuPiuMOOD has agreed to open team sheets.\ngassy george has agreed to open team sheets.\n|inactive|PiuPiuMOOD has 60 seconds left.\n|\n|t:|1683907351\n|start\n|switch|p1a: Vriska|Chi-Yu, L50|100\/100\n|switch|p1b: Terezi|Dachsbun, L50, F|100\/100\n|switch|p2a: Dondozo|Dondozo, L50, F|100\/100\n|switch|p2b: Dragonite|Dragonite, L50, M, shiny|100\/100\n|-ability|p1a: Vriska|Beads of Ruin\n|turn|1\n|inactive|gassy george has 30 seconds left.\n|\n|t:|1683907377\n|-terastallize|p1a: Vriska|Ghost\n|-terastallize|p2b: Dragonite|Normal\n|move|p2a: Dondozo|Protect|p2a: Dondozo\n|-singleturn|p2a: Dondozo|Protect\n|move|p2b: Dragonite|Extreme Speed|p1b: Terezi\n|-damage|p1b: Terezi|44\/100\n|move|p1a: Vriska|Lava Plume|p2b: Dragonite|[spread] p2b\n|-activate|p2a: Dondozo|move: Protect\n|-ability|p1b: Terezi|Well-Baked Body|boost\n|-boost|p1b: Terezi|def|2\n|-damage|p2b: Dragonite|82\/100\n|-status|p2b: Dragonite|brn\n|move|p1b: Terezi|Yawn||[still]\n|-fail|p1b: Terezi\n|\n|-damage|p2b: Dragonite|76\/100 brn|[from] brn\n|upkeep\n|turn|2\n|\n|t:|1683907391\n|switch|p2b: Tatsugiri|Tatsugiri, L50, F|100\/100\n|-activate|p2b: Tatsugiri|ability: Commander|[of] p2a: Dondozo\n|-boost|p2a: Dondozo|atk|2\n|-boost|p2a: Dondozo|spa|2\n|-boost|p2a: Dondozo|spe|2\n|-boost|p2a: Dondozo|def|2\n|-boost|p2a: Dondozo|spd|2\n|move|p1a: Vriska|Lava Plume|p2a: Dondozo|[spread] p2a\n|-miss|p1a: Vriska|p2b: Tatsugiri\n|-ability|p1b: Terezi|Well-Baked Body|boost\n|-boost|p1b: Terezi|def|2\n|-resisted|p2a: Dondozo\n|-damage|p2a: Dondozo|91\/100\n|move|p2a: Dondozo|Earthquake|p1a: Vriska|[spread] p1a,p1b\n|-miss|p2a: Dondozo|p2b: Tatsugiri\n|-damage|p1a: Vriska|47\/100\n|-damage|p1b: Terezi|11\/100\n|move|p1b: Terezi|Wish|p1b: Terezi\n|\n|-heal|p2a: Dondozo|97\/100|[from] item: Leftovers\n|upkeep\n|turn|3\n|\n|t:|1683907414\n|switch|p1a: March Eridan|Azumarill, L50, M|100\/100\n|move|p1b: Terezi|Protect|p1b: Terezi\n|-singleturn|p1b: Terezi|Protect\n|move|p2a: Dondozo|Earthquake|p1a: March Eridan|[spread] p1a\n|-miss|p2a: Dondozo|p2b: Tatsugiri\n|-activate|p1b: Terezi|move: Protect\n|-damage|p1a: March Eridan|55\/100\n|\n|-heal|p1b: Terezi|61\/100|[from] move: Wish|[wisher] Terezi\n|-heal|p2a: Dondozo|100\/100|[from] item: Leftovers\n|upkeep\n|turn|4\n|\n|t:|1683907423\n|move|p2a: Dondozo|Heavy Slam|p1b: Terezi\n|-supereffective|p1b: Terezi\n|-damage|p1b: Terezi|0 fnt\n|faint|p1b: Terezi\n|move|p1a: March Eridan|Perish Song|p1a: March Eridan\n|-start|p1a: March Eridan|perish3|[silent]\n|-start|p2a: Dondozo|perish3|[silent]\n|-miss|p1a: March Eridan|p2b: Tatsugiri\n|-fieldactivate|move: Perish Song\n|\n|-start|p2a: Dondozo|perish3\n|-start|p1a: March Eridan|perish3\n|upkeep\n|\n|t:|1683907430\n|switch|p1b: Gamzee|Iron Bundle, L50|100\/100\n|-enditem|p1b: Gamzee|Booster Energy\n|-activate|p1b: Gamzee|ability: Quark Drive|[fromitem]\n|-start|p1b: Gamzee|quarkdrivespe\n|turn|5\n|\n|t:|1683907438\n|move|p1b: Gamzee|Protect|p1b: Gamzee\n|-singleturn|p1b: Gamzee|Protect\n|move|p1a: March Eridan|Protect|p1a: March Eridan\n|-singleturn|p1a: March Eridan|Protect\n|move|p2a: Dondozo|Heavy Slam|p1b: Gamzee\n|-activate|p1b: Gamzee|move: Protect\n|\n|-start|p2a: Dondozo|perish2\n|-start|p1a: March Eridan|perish2\n|upkeep\n|turn|6\n|\n|t:|1683907456\n|-end|p1b: Gamzee|Quark Drive|[silent]\n|switch|p1b: Vriska|Chi-Yu, L50, tera:Ghost|47\/100\n|-ability|p1b: Vriska|Beads of Ruin\n|move|p2a: Dondozo|Heavy Slam|p1b: Vriska\n|-damage|p1b: Vriska|0 fnt\n|faint|p1b: Vriska\n|move|p1a: March Eridan|Liquidation|p2a: Dondozo\n|-resisted|p2a: Dondozo\n|-damage|p2a: Dondozo|89\/100\n|-unboost|p2a: Dondozo|def|1\n|\n|-heal|p2a: Dondozo|95\/100|[from] item: Leftovers\n|-start|p2a: Dondozo|perish1\n|-start|p1a: March Eridan|perish1\n|upkeep\n|\n|t:|1683907461\n|switch|p1b: Gamzee|Iron Bundle, L50|100\/100\n|turn|7\n|-message|gassy george forfeited.\n|\n|win|PiuPiuMOOD\n|raw|gassy george's rating: 1425 → 1410<\/strong> (-15 for losing)\n|raw|PiuPiuMOOD's rating: 1515 → 1530<\/strong> (+15 for winning)\n|l|\u2606gassy george\n","uploadtime":1683907484,"views":13,"p1id":"gassygeorge","p2id":"piupiumood","formatid":"gen9vgc2023regulationc","rating":1410,"private":0,"password":""}