{"id":"gen9vgc2023regulationc-1862756061","p1":"TonnyDolfing","p2":"zepp chase","format":"[Gen 9] VGC 2023 Regulation C","log":"|j|\u2606TonnyDolfing\n|j|\u2606zepp chase\n|t:|1683918674\n|gametype|doubles\n|player|p1|TonnyDolfing|lucas-gen4pt|1068\n|player|p2|zepp chase|1|1099\n|teamsize|p1|6\n|teamsize|p2|6\n|gen|9\n|tier|[Gen 9] VGC 2023 Regulation C\n|rated|\n|rule|Species Clause: Limit one of each Pok\u00e9mon\n|rule|Item Clause: Limit one of each item\n|clearpoke\n|poke|p1|Abomasnow, L50, M|\n|poke|p1|Chien-Pao, L50|\n|poke|p1|Kingambit, L50, M|\n|poke|p1|Dondozo, L50, M|\n|poke|p1|Garganacl, L50, M|\n|poke|p1|Ting-Lu, L50|\n|poke|p2|Annihilape, L50, F|\n|poke|p2|Maushold-Four, L50|\n|poke|p2|Palafin, L50, M|\n|poke|p2|Armarouge, L50, M|\n|poke|p2|Indeedee, L50, M|\n|poke|p2|Pelipper, L50, M|\n|teampreview|4\n|inactive|Battle timer is ON: inactive players will automatically lose when time's up. (requested by TonnyDolfing)\n|\n|t:|1683918698\n|start\n|switch|p1a: Abomasnow|Abomasnow, L50, M|100\/100\n|switch|p1b: Chien-Pao|Chien-Pao, L50|100\/100\n|switch|p2a: Armarouge|Armarouge, L50, M|100\/100\n|switch|p2b: Annihilape|Annihilape, L50, F|100\/100\n|-ability|p1b: Chien-Pao|Sword of Ruin\n|-weather|Snow|[from] ability: Snow Warning|[of] p1a: Abomasnow\n|turn|1\n|inactive|zepp chase has 30 seconds left.\n|\n|t:|1683918732\n|-terastallize|p2b: Annihilape|Steel\n|move|p1b: Chien-Pao|Sucker Punch|p2a: Armarouge\n|-supereffective|p2a: Armarouge\n|-damage|p2a: Armarouge|22\/100\n|-ability|p2a: Armarouge|Weak Armor|boost\n|-unboost|p2a: Armarouge|def|1\n|-boost|p2a: Armarouge|spe|2\n|-enditem|p2a: Armarouge|Weakness Policy\n|-boost|p2a: Armarouge|atk|2|[from] item: Weakness Policy\n|-boost|p2a: Armarouge|spa|2|[from] item: Weakness Policy\n|move|p2a: Armarouge|Armor Cannon|p1a: Abomasnow\n|-supereffective|p1a: Abomasnow\n|-damage|p1a: Abomasnow|0 fnt\n|-unboost|p2a: Armarouge|def|1\n|-unboost|p2a: Armarouge|spd|1\n|faint|p1a: Abomasnow\n|move|p2b: Annihilape|Drain Punch|p1b: Chien-Pao\n|-supereffective|p1b: Chien-Pao\n|-damage|p1b: Chien-Pao|0 fnt\n|faint|p1b: Chien-Pao\n|\n|-weather|Snow|[upkeep]\n|upkeep\n|\n|t:|1683918751\n|switch|p1b: Ting-Lu|Ting-Lu, L50|100\/100\n|switch|p1a: Garganacl|Garganacl, L50, M|100\/100\n|-ability|p1b: Ting-Lu|Vessel of Ruin\n|turn|2\n|inactive|zepp chase has 30 seconds left.\n|\n|t:|1683918777\n|-terastallize|p1b: Ting-Lu|Poison\n|move|p2a: Armarouge|Aura Sphere|p1b: Ting-Lu\n|-resisted|p1b: Ting-Lu\n|-damage|p1b: Ting-Lu|88\/100\n|move|p2b: Annihilape|U-turn|p1b: Ting-Lu\n|-resisted|p1b: Ting-Lu\n|-damage|p1b: Ting-Lu|82\/100\n|\n|t:|1683918784\n|switch|p2b: Palafin|Palafin, L50, M|100\/100|[from] U-turn\n|move|p1b: Ting-Lu|Rock Slide|p2b: Palafin|[spread] p2a\n|-miss|p1b: Ting-Lu|p2b: Palafin\n|-supereffective|p2a: Armarouge\n|-damage|p2a: Armarouge|0 fnt\n|faint|p2a: Armarouge\n|move|p1a: Garganacl|Salt Cure|p2b: Palafin\n|-damage|p2b: Palafin|83\/100\n|-start|p2b: Palafin|Salt Cure\n|\n|-weather|Snow|[upkeep]\n|-heal|p1b: Ting-Lu|88\/100|[from] item: Leftovers\n|-damage|p2b: Palafin|59\/100|[from] Salt Cure\n|upkeep\n|\n|t:|1683918798\n|switch|p2a: Annihilape|Annihilape, L50, F, tera:Steel|100\/100\n|turn|3\n|\n|t:|1683918815\n|move|p2b: Palafin|Flip Turn|p1b: Ting-Lu\n|-damage|p1b: Ting-Lu|72\/100\n|\n|t:|1683918818\n|detailschange|p2b: Palafin|Palafin-Hero, L50, M\n|switch|p2b: Pelipper|Pelipper, L50, M|100\/100|[from] Flip Turn\n|-weather|RainDance|[from] ability: Drizzle|[of] p2b: Pelipper\n|move|p2a: Annihilape|Rage Fist|p1b: Ting-Lu\n|-damage|p1b: Ting-Lu|56\/100\n|move|p1b: Ting-Lu|Fissure|p2a: Annihilape|[miss]\n|-miss|p1b: Ting-Lu|p2a: Annihilape\n|move|p1a: Garganacl|Fissure|p2a: Annihilape|[miss]\n|-miss|p1a: Garganacl|p2a: Annihilape\n|\n|-weather|RainDance|[upkeep]\n|-heal|p1b: Ting-Lu|62\/100|[from] item: Leftovers\n|upkeep\n|turn|4\n|\n|t:|1683918834\n|move|p1b: Ting-Lu|Protect|p1b: Ting-Lu\n|-singleturn|p1b: Ting-Lu|Protect\n|move|p2a: Annihilape|Rage Fist|p1b: Ting-Lu\n|-activate|p1b: Ting-Lu|move: Protect\n|move|p2b: Pelipper|Hydro Pump|p1a: Garganacl\n|-supereffective|p1a: Garganacl\n|-damage|p1a: Garganacl|18\/100\n|-enditem|p1a: Garganacl|Sitrus Berry|[eat]\n|-heal|p1a: Garganacl|43\/100|[from] item: Sitrus Berry\n|move|p1a: Garganacl|Salt Cure|p2b: Pelipper\n|-supereffective|p2b: Pelipper\n|-crit|p2b: Pelipper\n|-damage|p2b: Pelipper|56\/100\n|-start|p2b: Pelipper|Salt Cure\n|\n|-weather|RainDance|[upkeep]\n|-heal|p1b: Ting-Lu|68\/100|[from] item: Leftovers\n|-damage|p2b: Pelipper|32\/100|[from] Salt Cure\n|upkeep\n|turn|5\n|inactive|TonnyDolfing has 30 seconds left.\n|\n|t:|1683918867\n|move|p1a: Garganacl|Protect|p1a: Garganacl\n|-singleturn|p1a: Garganacl|Protect\n|move|p2a: Annihilape|Rage Fist|p1b: Ting-Lu\n|-damage|p1b: Ting-Lu|54\/100\n|move|p2b: Pelipper|Hydro Pump|p1a: Garganacl\n|-activate|p1a: Garganacl|move: Protect\n|move|p1b: Ting-Lu|Fissure|p2a: Annihilape|[miss]\n|-miss|p1b: Ting-Lu|p2a: Annihilape\n|\n|-weather|RainDance|[upkeep]\n|-heal|p1b: Ting-Lu|60\/100|[from] item: Leftovers\n|-damage|p2b: Pelipper|7\/100|[from] Salt Cure\n|upkeep\n|turn|6\n|\n|t:|1683918890\n|move|p2a: Annihilape|Rage Fist|p1b: Ting-Lu\n|-damage|p1b: Ting-Lu|45\/100\n|move|p2b: Pelipper|Hydro Pump|p1a: Garganacl\n|-supereffective|p1a: Garganacl\n|-damage|p1a: Garganacl|0 fnt\n|faint|p1a: Garganacl\n|move|p1b: Ting-Lu|Fissure|p2a: Annihilape|[miss]\n|-miss|p1b: Ting-Lu|p2a: Annihilape\n|\n|-weather|RainDance|[upkeep]\n|-heal|p1b: Ting-Lu|51\/100|[from] item: Leftovers\n|-damage|p2b: Pelipper|0 fnt|[from] Salt Cure\n|faint|p2b: Pelipper\n|upkeep\n|inactive|zepp chase has 30 seconds left.\n|\n|t:|1683918916\n|switch|p2b: Palafin|Palafin-Hero, L50, M|59\/100\n|-activate|p2b: Palafin|ability: Zero to Hero\n|turn|7\n|\n|t:|1683918925\n|move|p2b: Palafin|Wave Crash|p1b: Ting-Lu\n|-damage|p1b: Ting-Lu|0 fnt\n|faint|p1b: Ting-Lu\n|-damage|p2b: Palafin|34\/100|[from] Recoil\n|\n|win|zepp chase\n|raw|TonnyDolfing's rating: 1068 → 1050<\/strong> (-18 for losing)\n|raw|zepp chase's rating: 1099 → 1122<\/strong> (+23 for winning)\n|l|\u2606zepp chase\n","uploadtime":1683918936,"views":8,"p1id":"tonnydolfing","p2id":"zeppchase","formatid":"gen9vgc2023regulationc","rating":1050,"private":0,"password":""}