{"id":"gen9vgc2023regulationc-1858217115","p1":"LunesMoon","p2":"Bailey3253","format":"[Gen 9] VGC 2023 Regulation C","log":"|j|\u2606LunesMoon\n|j|\u2606Bailey3253\n|t:|1683292107\n|gametype|doubles\n|player|p1|LunesMoon|guitarist|1297\n|player|p2|Bailey3253|pokemaniac|1268\n|teamsize|p1|6\n|teamsize|p2|6\n|gen|9\n|tier|[Gen 9] VGC 2023 Regulation C\n|rated|\n|rule|Species Clause: Limit one of each Pok\u00e9mon\n|rule|Item Clause: Limit one of each item\n|clearpoke\n|poke|p1|Sylveon, L50, F|\n|poke|p1|Amoonguss, L50, F|\n|poke|p1|Ting-Lu, L50|\n|poke|p1|Annihilape, L50, F|\n|poke|p1|Maushold, L50|\n|poke|p1|Iron Bundle, L50|\n|poke|p2|Squawkabilly, L50, F|\n|poke|p2|Palafin, L50, M|\n|poke|p2|Amoonguss, L50, F|\n|poke|p2|Flutter Mane, L50|\n|poke|p2|Great Tusk, L50|\n|poke|p2|Kingambit, L50, F|\n|teampreview|4\n|\n|t:|1683292157\n|start\n|switch|p1a: Annihilape|Annihilape, L50, F, shiny|100\/100\n|switch|p1b: Maushold|Maushold, L50|100\/100\n|switch|p2a: Flutter Man|Flutter Mane, L50|100\/100\n|switch|p2b: SaltyDolphin|Palafin, L50, M|100\/100\n|turn|1\n|\n|t:|1683292188\n|-terastallize|p1a: Annihilape|Fire\n|move|p2a: Flutter Man|Moonblast|p1a: Annihilape\n|-resisted|p1a: Annihilape\n|-damage|p1a: Annihilape|83\/100\n|-unboost|p1a: Annihilape|spa|1\n|-ability|p1a: Annihilape|Defiant|boost\n|-boost|p1a: Annihilape|atk|2\n|move|p1b: Maushold|Super Fang|p2b: SaltyDolphin\n|-damage|p2b: SaltyDolphin|51\/100\n|move|p2b: SaltyDolphin|Wave Crash|p1a: Annihilape\n|-supereffective|p1a: Annihilape\n|-damage|p1a: Annihilape|5\/100\n|-damage|p2b: SaltyDolphin|22\/100|[from] Recoil\n|move|p1a: Annihilape|Rage Fist|p2a: Flutter Man\n|-supereffective|p2a: Flutter Man\n|-damage|p2a: Flutter Man|0 fnt\n|faint|p2a: Flutter Man\n|-end|p2a: Flutter Man|Protosynthesis|[silent]\n|\n|upkeep\n|\n|t:|1683292205\n|switch|p2a: Fun-guy|Amoonguss, L50, F|100\/100\n|turn|2\n|\n|t:|1683292225\n|move|p2a: Fun-guy|Protect|p2a: Fun-guy\n|-singleturn|p2a: Fun-guy|Protect\n|move|p1b: Maushold|Follow Me|p1b: Maushold\n|-singleturn|p1b: Maushold|move: Follow Me\n|move|p2b: SaltyDolphin|Jet Punch|p1b: Maushold\n|-damage|p1b: Maushold|68\/100\n|move|p1a: Annihilape|Rage Fist|p2b: SaltyDolphin\n|-damage|p2b: SaltyDolphin|0 fnt\n|faint|p2b: SaltyDolphin\n|\n|upkeep\n|\n|t:|1683292235\n|switch|p2b: Kingambit|Kingambit, L50, F|100\/100\n|turn|3\n|\n|t:|1683292246\n|-terastallize|p2b: Kingambit|Flying\n|move|p1b: Maushold|Follow Me|p1b: Maushold\n|-singleturn|p1b: Maushold|move: Follow Me\n|move|p1a: Annihilape|Drain Punch|p2b: Kingambit\n|-resisted|p2b: Kingambit\n|-damage|p2b: Kingambit|76\/100\n|-heal|p1a: Annihilape|16\/100|[from] drain|[of] p2b: Kingambit\n|move|p2b: Kingambit|Tera Blast|p1b: Maushold\n|-damage|p1b: Maushold|12\/100\n|move|p2a: Fun-guy|Pollen Puff|p1b: Maushold\n|-damage|p1b: Maushold|0 fnt\n|faint|p1b: Maushold\n|\n|upkeep\n|\n|t:|1683292271\n|switch|p1b: Iron Bundle|Iron Bundle, L50|100\/100\n|-enditem|p1b: Iron Bundle|Booster Energy\n|-activate|p1b: Iron Bundle|ability: Quark Drive|[fromitem]\n|-start|p1b: Iron Bundle|quarkdrivespe\n|turn|4\n|\n|t:|1683292284\n|move|p1a: Annihilape|Protect|p1a: Annihilape\n|-singleturn|p1a: Annihilape|Protect\n|move|p2b: Kingambit|Sucker Punch||[still]\n|-fail|p2b: Kingambit\n|move|p1b: Iron Bundle|Freeze-Dry|p2b: Kingambit\n|-supereffective|p2b: Kingambit\n|-damage|p2b: Kingambit|28\/100\n|move|p2a: Fun-guy|Spore|p1b: Iron Bundle\n|-status|p1b: Iron Bundle|slp|[from] move: Spore\n|\n|upkeep\n|turn|5\n|\n|t:|1683292304\n|switch|p1a: Amoonguss|Amoonguss, L50, F|100\/100\n|move|p2b: Kingambit|Sucker Punch||[still]\n|-fail|p2b: Kingambit\n|cant|p1b: Iron Bundle|slp\n|move|p2a: Fun-guy|Pollen Puff|p2b: Kingambit\n|-heal|p2b: Kingambit|78\/100\n|\n|upkeep\n|turn|6\n|\n|t:|1683292324\n|-curestatus|p1b: Iron Bundle|slp|[msg]\n|move|p1b: Iron Bundle|Freeze-Dry|p2b: Kingambit\n|-supereffective|p2b: Kingambit\n|-damage|p2b: Kingambit|33\/100\n|move|p2b: Kingambit|Tera Blast|p1a: Amoonguss\n|-supereffective|p1a: Amoonguss\n|-damage|p1a: Amoonguss|18\/100\n|-enditem|p1a: Amoonguss|Aguav Berry|[eat]\n|-heal|p1a: Amoonguss|51\/100|[from] item: Aguav Berry\n|move|p1a: Amoonguss|Spore|p2b: Kingambit\n|-status|p2b: Kingambit|slp|[from] move: Spore\n|move|p2a: Fun-guy|Pollen Puff|p2b: Kingambit\n|-heal|p2b: Kingambit|82\/100 slp\n|\n|upkeep\n|turn|7\n|\n|t:|1683292360\n|switch|p1a: Annihilape|Annihilape, L50, F, shiny, tera:Fire|16\/100\n|move|p1b: Iron Bundle|Freeze-Dry|p2b: Kingambit\n|-supereffective|p2b: Kingambit\n|-damage|p2b: Kingambit|33\/100 slp\n|cant|p2b: Kingambit|slp\n|move|p2a: Fun-guy|Pollen Puff|p2b: Kingambit\n|-heal|p2b: Kingambit|83\/100 slp\n|\n|upkeep\n|turn|8\n|\n|t:|1683292375\n|cant|p2b: Kingambit|slp\n|move|p1b: Iron Bundle|Freeze-Dry|p2b: Kingambit\n|-supereffective|p2b: Kingambit\n|-damage|p2b: Kingambit|34\/100 slp\n|move|p1a: Annihilape|Rage Fist|p2b: Kingambit\n|-damage|p2b: Kingambit|0 fnt\n|faint|p2b: Kingambit\n|move|p2a: Fun-guy|Pollen Puff|p2: Kingambit|[notarget]\n|-fail|p2a: Fun-guy\n|\n|upkeep\n|turn|9\n|-message|Bailey3253 forfeited.\n|\n|win|LunesMoon\n|raw|LunesMoon's rating: 1297 → 1320<\/strong> (+23 for winning)\n|raw|Bailey3253's rating: 1268 → 1245<\/strong> (-23 for losing)\n|l|\u2606Bailey3253\n","uploadtime":1683293517,"views":10,"p1id":"lunesmoon","p2id":"bailey3253","formatid":"gen9vgc2023regulationc","rating":1245,"private":0,"password":""}