{"id":"gen9vgc2023regulationc-1845246350","p1":"fake_pinkmilk","p2":"dyno HCl","format":"[Gen 9] VGC 2023 Regulation C","log":"|j|\u2606fake_pinkmilk\n|j|\u2606dyno HCl\n|t:|1681701551\n|gametype|doubles\n|player|p1|fake_pinkmilk|preschooler|1014\n|player|p2|dyno HCl|266|1000\n|teamsize|p1|6\n|teamsize|p2|6\n|gen|9\n|tier|[Gen 9] VGC 2023 Regulation C\n|rated|\n|rule|Species Clause: Limit one of each Pok\u00e9mon\n|rule|Item Clause: Limit one of each item\n|clearpoke\n|poke|p1|Orthworm, L50, F|\n|poke|p1|Scizor, L50, F|\n|poke|p1|Flutter Mane, L50|\n|poke|p1|Brute Bonnet, L50|\n|poke|p1|Sylveon, L50, F|\n|poke|p1|Tauros-Paldea-Aqua, L50, M|\n|poke|p2|Armarouge, L50, M|\n|poke|p2|Indeedee-F, L50, F|\n|poke|p2|Ting-Lu, L50|\n|poke|p2|Palafin, L50, M|\n|poke|p2|Flutter Mane, L50|\n|poke|p2|Chi-Yu, L50|\n|teampreview|4\n|inactive|Battle timer is ON: inactive players will automatically lose when time's up. (requested by dyno HCl)\n|c|\u2606fake_pinkmilk|peepee\n|inactive|dyno HCl has 60 seconds left.\n|\n|t:|1681701589\n|start\n|switch|p1a: Brute Bonnet|Brute Bonnet, L50|100\/100\n|switch|p1b: Tauros|Tauros-Paldea-Aqua, L50, M|100\/100\n|switch|p2a: Armarouge|Armarouge, L50, M|100\/100\n|switch|p2b: Indeedee|Indeedee-F, L50, F|100\/100\n|-ability|p1b: Tauros|Intimidate|boost\n|-unboost|p2a: Armarouge|atk|1\n|-unboost|p2b: Indeedee|atk|1\n|-fieldstart|move: Psychic Terrain|[from] ability: Psychic Surge|[of] p2b: Indeedee\n|turn|1\n|inactive|fake_pinkmilk has 30 seconds left.\n|\n|t:|1681701617\n|move|p2a: Armarouge|Protect|p2a: Armarouge\n|-singleturn|p2a: Armarouge|Protect\n|move|p1b: Tauros|Raging Bull|p2a: Armarouge\n|-activate|p2a: Armarouge|move: Protect\n|move|p1a: Brute Bonnet|Crunch|p2b: Indeedee\n|-supereffective|p2b: Indeedee\n|-enditem|p2b: Indeedee|Colbur Berry|[eat]\n|-enditem|p2b: Indeedee|Colbur Berry|[weaken]\n|-damage|p2b: Indeedee|37\/100\n|move|p2b: Indeedee|Trick Room|p2b: Indeedee\n|-fieldstart|move: Trick Room|[of] p2b: Indeedee\n|\n|upkeep\n|turn|2\n|inactive|fake_pinkmilk has 30 seconds left.\n|inactive|dyno HCl has 30 seconds left.\n|\n|t:|1681701648\n|-terastallize|p2a: Armarouge|Psychic\n|move|p1a: Brute Bonnet|Protect|p1a: Brute Bonnet\n|-singleturn|p1a: Brute Bonnet|Protect\n|move|p2b: Indeedee|Psychic|p1b: Tauros\n|-supereffective|p1b: Tauros\n|-damage|p1b: Tauros|27\/100\n|move|p2a: Armarouge|Armor Cannon|p1a: Brute Bonnet\n|-activate|p1a: Brute Bonnet|move: Protect\n|move|p1b: Tauros|Raging Bull|p2a: Armarouge\n|-damage|p2a: Armarouge|67\/100\n|\n|-heal|p2a: Armarouge|73\/100|[from] item: Leftovers\n|-heal|p1b: Tauros|33\/100|[from] item: Leftovers\n|upkeep\n|turn|3\n|inactive|dyno HCl has 30 seconds left.\n|\n|t:|1681701676\n|move|p1b: Tauros|Protect|p1b: Tauros\n|-singleturn|p1b: Tauros|Protect\n|move|p1a: Brute Bonnet|Crunch|p2a: Armarouge\n|-supereffective|p2a: Armarouge\n|-damage|p2a: Armarouge|0 fnt\n|faint|p2a: Armarouge\n|move|p2b: Indeedee|Psychic|p1b: Tauros\n|-activate|p1b: Tauros|move: Protect\n|\n|-heal|p1b: Tauros|39\/100|[from] item: Leftovers\n|upkeep\n|\n|t:|1681701693\n|switch|p2a: Ting-Lu|Ting-Lu, L50|100\/100\n|-ability|p2a: Ting-Lu|Vessel of Ruin\n|turn|4\n|\n|t:|1681701708\n|move|p2a: Ting-Lu|Fissure|p1a: Brute Bonnet|[miss]\n|-miss|p2a: Ting-Lu|p1a: Brute Bonnet\n|move|p1a: Brute Bonnet|Spore|p2a: Ting-Lu\n|-status|p2a: Ting-Lu|slp|[from] move: Spore\n|move|p2b: Indeedee|Psychic|p1b: Tauros\n|-supereffective|p1b: Tauros\n|-damage|p1b: Tauros|0 fnt\n|faint|p1b: Tauros\n|\n|upkeep\n|\n|t:|1681701717\n|switch|p1b: Sylveon|Sylveon, L50, F|100\/100\n|turn|5\n|\n|t:|1681701736\n|move|p2b: Indeedee|Protect|p2b: Indeedee\n|-singleturn|p2b: Indeedee|Protect\n|cant|p2a: Ting-Lu|slp\n|move|p1a: Brute Bonnet|Crunch|p2b: Indeedee\n|-activate|p2b: Indeedee|move: Protect\n|move|p1b: Sylveon|Hyper Voice|p2b: Indeedee|[spread] p2a\n|-activate|p2b: Indeedee|move: Protect\n|-supereffective|p2a: Ting-Lu\n|-damage|p2a: Ting-Lu|53\/100 slp\n|\n|-fieldend|move: Trick Room\n|-fieldend|move: Psychic Terrain\n|upkeep\n|turn|6\n|inactive|dyno HCl has 30 seconds left.\n|\n|t:|1681701763\n|move|p2b: Indeedee|Helping Hand|p2a: Ting-Lu\n|-singleturn|p2a: Ting-Lu|Helping Hand|[of] p2b: Indeedee\n|move|p1b: Sylveon|Hyper Voice|p2a: Ting-Lu|[spread] p2a,p2b\n|-supereffective|p2a: Ting-Lu\n|-damage|p2a: Ting-Lu|0 fnt\n|-damage|p2b: Indeedee|0 fnt\n|faint|p2a: Ting-Lu\n|faint|p2b: Indeedee\n|move|p1a: Brute Bonnet|Crunch|p2: Ting-Lu|[notarget]\n|-fail|p1a: Brute Bonnet\n|\n|upkeep\n|-message|dyno HCl forfeited.\n|\n|win|fake_pinkmilk\n|raw|fake_pinkmilk's rating: 1014 → 1050<\/strong> (+36 for winning)\n|raw|dyno HCl's rating: 1000 → 1000<\/strong> (+0 for losing)\n|l|\u2606dyno HCl\n","uploadtime":1681701792,"views":7,"p1id":"fakepinkmilk","p2id":"dynohcl","formatid":"gen9vgc2023regulationc","rating":1000,"private":0,"password":""}