{"id":"gen9vgc2023regulationc-1848583094","p1":"That_Leek","p2":"Seniorhydra","format":"[Gen 9] VGC 2023 Regulation C","log":"|j|\u2606That_Leek\n|j|\u2606Seniorhydra\n|t:|1682091952\n|gametype|doubles\n|player|p1|That_Leek|blue-masters|1231\n|player|p2|Seniorhydra|169|1357\n|teamsize|p1|6\n|teamsize|p2|6\n|gen|9\n|tier|[Gen 9] VGC 2023 Regulation C\n|rated|\n|rule|Species Clause: Limit one of each Pok\u00e9mon\n|rule|Item Clause: Limit one of each item\n|clearpoke\n|poke|p1|Gholdengo, L50|\n|poke|p1|Gyarados, L50, M|\n|poke|p1|Tyranitar, L50, M|\n|poke|p1|Maushold-Four, L50|\n|poke|p1|Annihilape, L50, M|\n|poke|p1|Volcarona, L50, F|\n|poke|p2|Baxcalibur, L50, F|\n|poke|p2|Great Tusk, L50|\n|poke|p2|Gyarados, L50, F|\n|poke|p2|Murkrow, L50, F|\n|poke|p2|Iron Moth, L50|\n|poke|p2|Flutter Mane, L50|\n|teampreview|4\n|inactive|Battle timer is ON: inactive players will automatically lose when time's up. (requested by Seniorhydra)\n|\n|t:|1682091977\n|start\n|switch|p1a: Tyranitar|Tyranitar, L50, M|100\/100\n|switch|p1b: Annihilape|Annihilape, L50, M|100\/100\n|switch|p2a: Flutter Mane|Flutter Mane, L50|100\/100\n|switch|p2b: Iron Moth|Iron Moth, L50|100\/100\n|-weather|Sandstorm|[from] ability: Sand Stream|[of] p1a: Tyranitar\n|-enditem|p2b: Iron Moth|Booster Energy\n|-activate|p2b: Iron Moth|ability: Quark Drive|[fromitem]\n|-start|p2b: Iron Moth|quarkdrivespa\n|turn|1\n|\n|t:|1682091997\n|-terastallize|p1a: Tyranitar|Flying\n|move|p2b: Iron Moth|Acid Spray|p1a: Tyranitar\n|-damage|p1a: Tyranitar|84\/100\n|-unboost|p1a: Tyranitar|spd|2\n|move|p2a: Flutter Mane|Moonblast|p1a: Tyranitar\n|-damage|p1a: Tyranitar|25\/100\n|move|p1b: Annihilape|Bulk Up|p1b: Annihilape\n|-boost|p1b: Annihilape|atk|1\n|-boost|p1b: Annihilape|def|1\n|move|p1a: Tyranitar|Rock Slide|p2b: Iron Moth|[spread] p2a,p2b\n|-supereffective|p2b: Iron Moth\n|-damage|p2a: Flutter Mane|57\/100\n|-damage|p2b: Iron Moth|2\/100\n|\n|-weather|Sandstorm|[upkeep]\n|-damage|p2b: Iron Moth|0 fnt|[from] Sandstorm\n|-damage|p2a: Flutter Mane|51\/100|[from] Sandstorm\n|-damage|p1b: Annihilape|94\/100|[from] Sandstorm\n|-damage|p1a: Tyranitar|19\/100|[from] Sandstorm\n|faint|p2b: Iron Moth\n|-end|p2b: Iron Moth|Quark Drive|[silent]\n|-heal|p2a: Flutter Mane|57\/100|[from] item: Leftovers\n|-heal|p1b: Annihilape|100\/100|[from] item: Leftovers\n|upkeep\n|\n|t:|1682092008\n|switch|p2b: Murkrow|Murkrow, L50, F|100\/100\n|turn|2\n|inactive|That_Leek has 30 seconds left.\n|\n|t:|1682092043\n|move|p2a: Flutter Mane|Protect|p2a: Flutter Mane\n|-singleturn|p2a: Flutter Mane|Protect\n|move|p2b: Murkrow|Foul Play|p1a: Tyranitar\n|-damage|p1a: Tyranitar|0 fnt\n|faint|p1a: Tyranitar\n|move|p1b: Annihilape|Rage Fist|p2a: Flutter Mane\n|-activate|p2a: Flutter Mane|move: Protect\n|\n|-weather|Sandstorm|[upkeep]\n|-damage|p2a: Flutter Mane|51\/100|[from] Sandstorm\n|-damage|p2b: Murkrow|95\/100|[from] Sandstorm\n|-damage|p1b: Annihilape|94\/100|[from] Sandstorm\n|-heal|p2a: Flutter Mane|57\/100|[from] item: Leftovers\n|-heal|p1b: Annihilape|100\/100|[from] item: Leftovers\n|upkeep\n|\n|t:|1682092045\n|switch|p1a: Gholdengo|Gholdengo, L50|100\/100\n|turn|3\n|\n|t:|1682092059\n|-terastallize|p2a: Flutter Mane|Steel\n|move|p1b: Annihilape|Protect|p1b: Annihilape\n|-singleturn|p1b: Annihilape|Protect\n|move|p2b: Murkrow|Sunny Day|p2b: Murkrow\n|-weather|SunnyDay\n|-activate|p2a: Flutter Mane|ability: Protosynthesis\n|-start|p2a: Flutter Mane|protosynthesisspa\n|move|p2a: Flutter Mane|Moonblast|p1b: Annihilape\n|-activate|p1b: Annihilape|move: Protect\n|move|p1a: Gholdengo|Make It Rain|p2a: Flutter Mane|[spread] p2a,p2b\n|-resisted|p2a: Flutter Mane\n|-damage|p2a: Flutter Mane|27\/100\n|-damage|p2b: Murkrow|33\/100\n|-unboost|p1a: Gholdengo|spa|1\n|-damage|p1a: Gholdengo|91\/100|[from] item: Life Orb\n|\n|-weather|SunnyDay|[upkeep]\n|-heal|p2a: Flutter Mane|33\/100|[from] item: Leftovers\n|upkeep\n|turn|4\n|\n|t:|1682092078\n|move|p2b: Murkrow|Tailwind|p2b: Murkrow\n|-sidestart|p2: Seniorhydra|move: Tailwind\n|move|p2a: Flutter Mane|Moonblast|p1b: Annihilape\n|-supereffective|p1b: Annihilape\n|-damage|p1b: Annihilape|0 fnt\n|faint|p1b: Annihilape\n|move|p1a: Gholdengo|Shadow Ball|p2a: Flutter Mane\n|-damage|p2a: Flutter Mane|0 fnt\n|faint|p2a: Flutter Mane\n|-end|p2a: Flutter Mane|Protosynthesis|[silent]\n|-damage|p1a: Gholdengo|81\/100|[from] item: Life Orb\n|\n|-weather|SunnyDay|[upkeep]\n|upkeep\n|\n|t:|1682092085\n|switch|p2a: Great Tusk|Great Tusk, L50|100\/100\n|switch|p1b: Gyarados|Gyarados, L50, M|100\/100\n|-activate|p2a: Great Tusk|ability: Protosynthesis\n|-start|p2a: Great Tusk|protosynthesisatk\n|-ability|p1b: Gyarados|Intimidate|boost\n|-unboost|p2a: Great Tusk|atk|1\n|-unboost|p2b: Murkrow|atk|1\n|turn|5\n|\n|t:|1682092099\n|move|p2a: Great Tusk|Protect|p2a: Great Tusk\n|-singleturn|p2a: Great Tusk|Protect\n|move|p2b: Murkrow|Foul Play|p1b: Gyarados\n|-damage|p1b: Gyarados|43\/100\n|-enditem|p1b: Gyarados|Sitrus Berry|[eat]\n|-heal|p1b: Gyarados|68\/100|[from] item: Sitrus Berry\n|move|p1a: Gholdengo|Make It Rain|p2b: Murkrow|[spread] p2b\n|-activate|p2a: Great Tusk|move: Protect\n|-damage|p2b: Murkrow|0 fnt\n|-unboost|p1a: Gholdengo|spa|1\n|faint|p2b: Murkrow\n|-damage|p1a: Gholdengo|72\/100|[from] item: Life Orb\n|move|p1b: Gyarados|Waterfall|p2a: Great Tusk\n|-activate|p2a: Great Tusk|move: Protect\n|\n|-weather|SunnyDay|[upkeep]\n|upkeep\n|turn|6\n|\n|t:|1682092114\n|move|p2a: Great Tusk|Earthquake|p1b: Gyarados|[spread] p1a\n|-immune|p1b: Gyarados\n|-supereffective|p1a: Gholdengo\n|-damage|p1a: Gholdengo|0 fnt\n|faint|p1a: Gholdengo\n|-damage|p2a: Great Tusk|90\/100|[from] item: Life Orb\n|move|p1b: Gyarados|Waterfall|p2a: Great Tusk\n|-supereffective|p2a: Great Tusk\n|-damage|p2a: Great Tusk|56\/100\n|\n|-weather|SunnyDay|[upkeep]\n|upkeep\n|turn|7\n|\n|t:|1682092121\n|move|p1b: Gyarados|Protect|p1b: Gyarados\n|-singleturn|p1b: Gyarados|Protect\n|move|p2a: Great Tusk|Close Combat|p1b: Gyarados\n|-activate|p1b: Gyarados|move: Protect\n|\n|-weather|none\n|-end|p2a: Great Tusk|Protosynthesis\n|-sideend|p2: Seniorhydra|move: Tailwind\n|upkeep\n|turn|8\n|\n|t:|1682092127\n|move|p2a: Great Tusk|Close Combat|p1b: Gyarados\n|-resisted|p1b: Gyarados\n|-damage|p1b: Gyarados|38\/100\n|-unboost|p2a: Great Tusk|def|1\n|-unboost|p2a: Great Tusk|spd|1\n|-damage|p2a: Great Tusk|46\/100|[from] item: Life Orb\n|move|p1b: Gyarados|Waterfall|p2a: Great Tusk\n|-supereffective|p2a: Great Tusk\n|-damage|p2a: Great Tusk|0 fnt\n|faint|p2a: Great Tusk\n|-end|p2a: Great Tusk|Protosynthesis|[silent]\n|\n|win|That_Leek\n|raw|That_Leek's rating: 1231 → 1265<\/strong> (+34 for winning)\n|raw|Seniorhydra's rating: 1357 → 1330<\/strong> (-27 for losing)\n|l|\u2606Seniorhydra\n","uploadtime":1682092137,"views":8,"p1id":"thatleek","p2id":"seniorhydra","formatid":"gen9vgc2023regulationc","rating":1265,"private":0,"password":""}