{"id":"gen9vgc2023regulationc-1853122402","p1":"Jelly Jars","p2":"RADIO4CTIVE","format":"[Gen 9] VGC 2023 Regulation C","log":"|j|\u2606Jelly Jars\n|j|\u2606RADIO4CTIVE\n|t:|1682637852\n|gametype|doubles\n|player|p1|Jelly Jars|crasherwake|1087\n|player|p2|RADIO4CTIVE|depotagent|1186\n|teamsize|p1|6\n|teamsize|p2|6\n|gen|9\n|tier|[Gen 9] VGC 2023 Regulation C\n|rated|\n|rule|Species Clause: Limit one of each Pok\u00e9mon\n|rule|Item Clause: Limit one of each item\n|clearpoke\n|poke|p1|Salazzle, L50, F|\n|poke|p1|Roaring Moon, L50|\n|poke|p1|Flutter Mane, L50|\n|poke|p1|Iron Bundle, L50|\n|poke|p1|Lokix, L50, F|\n|poke|p1|Baxcalibur, L50, F|\n|poke|p2|Maushold-Four, L50|\n|poke|p2|Annihilape, L50, F|\n|poke|p2|Flutter Mane, L50|\n|poke|p2|Ting-Lu, L50|\n|poke|p2|Amoonguss, L50, M|\n|poke|p2|Great Tusk, L50|\n|teampreview|4\n|\n|t:|1682637863\n|start\n|switch|p1a: Salazzle|Salazzle, L50, F|100\/100\n|switch|p1b: Lokix|Lokix, L50, F|100\/100\n|switch|p2a: Maushold|Maushold-Four, L50|100\/100\n|switch|p2b: Annihilape|Annihilape, L50, F|100\/100\n|turn|1\n|\n|t:|1682637881\n|-terastallize|p2b: Annihilape|Fire\n|move|p1a: Salazzle|Fake Out|p2a: Maushold\n|-crit|p2a: Maushold\n|-damage|p2a: Maushold|88\/100\n|cant|p2a: Maushold|flinch\n|move|p1b: Lokix|Axe Kick|p2a: Maushold\n|-supereffective|p2a: Maushold\n|-damage|p2a: Maushold|0 fnt\n|faint|p2a: Maushold\n|-damage|p1b: Lokix|91\/100|[from] item: Life Orb\n|move|p2b: Annihilape|Rage Fist|p1a: Salazzle\n|-damage|p1a: Salazzle|47\/100\n|\n|upkeep\n|\n|t:|1682637895\n|switch|p2a: Ting-Lu|Ting-Lu, L50|100\/100\n|-ability|p2a: Ting-Lu|Vessel of Ruin\n|turn|2\n|\n|t:|1682637914\n|move|p1a: Salazzle|Protect|p1a: Salazzle\n|-singleturn|p1a: Salazzle|Protect\n|move|p1b: Lokix|Leech Life|p2a: Ting-Lu\n|-supereffective|p2a: Ting-Lu\n|-damage|p2a: Ting-Lu|37\/100\n|-heal|p1b: Lokix|100\/100|[from] drain|[of] p2a: Ting-Lu\n|-damage|p1b: Lokix|91\/100|[from] item: Life Orb\n|move|p2b: Annihilape|Bulk Up|p2b: Annihilape\n|-boost|p2b: Annihilape|atk|1\n|-boost|p2b: Annihilape|def|1\n|move|p2a: Ting-Lu|Stomping Tantrum|p1a: Salazzle\n|-activate|p1a: Salazzle|move: Protect\n|\n|upkeep\n|turn|3\n|\n|t:|1682637938\n|move|p1a: Salazzle|Overheat|p2b: Annihilape\n|-resisted|p2b: Annihilape\n|-damage|p2b: Annihilape|81\/100\n|-unboost|p1a: Salazzle|spa|2\n|-enditem|p1a: Salazzle|Eject Pack\n|\n|t:|1682637941\n|switch|p1a: Flutter Mane|Flutter Mane, L50|100\/100\n|move|p1b: Lokix|Leech Life|p2a: Ting-Lu\n|-supereffective|p2a: Ting-Lu\n|-damage|p2a: Ting-Lu|0 fnt\n|-heal|p1b: Lokix|100\/100|[from] drain|[of] p2a: Ting-Lu\n|faint|p2a: Ting-Lu\n|-damage|p1b: Lokix|91\/100|[from] item: Life Orb\n|move|p2b: Annihilape|Drain Punch|p1b: Lokix\n|-damage|p1b: Lokix|13\/100\n|-heal|p2b: Annihilape|100\/100|[from] drain|[of] p1b: Lokix\n|\n|upkeep\n|\n|t:|1682637948\n|switch|p2a: Flutter Mane|Flutter Mane, L50|100\/100\n|-enditem|p2a: Flutter Mane|Booster Energy\n|-activate|p2a: Flutter Mane|ability: Protosynthesis|[fromitem]\n|-start|p2a: Flutter Mane|protosynthesisspa\n|turn|4\n|\n|t:|1682637967\n|-terastallize|p1a: Flutter Mane|Ghost\n|move|p1a: Flutter Mane|Shadow Ball|p2a: Flutter Mane\n|-supereffective|p2a: Flutter Mane\n|-damage|p2a: Flutter Mane|0 fnt\n|faint|p2a: Flutter Mane\n|-end|p2a: Flutter Mane|Protosynthesis|[silent]\n|move|p1b: Lokix|Leech Life|p2b: Annihilape\n|-resisted|p2b: Annihilape\n|-damage|p2b: Annihilape|67\/100\n|-heal|p1b: Lokix|38\/100|[from] drain|[of] p2b: Annihilape\n|-damage|p1b: Lokix|28\/100|[from] item: Life Orb\n|move|p2b: Annihilape|Rage Fist|p1a: Flutter Mane\n|-supereffective|p1a: Flutter Mane\n|-damage|p1a: Flutter Mane|0 fnt\n|faint|p1a: Flutter Mane\n|-end|p1a: Flutter Mane|Protosynthesis|[silent]\n|\n|-heal|p2b: Annihilape|73\/100|[from] item: Leftovers\n|upkeep\n|\n|t:|1682637972\n|switch|p1a: Roaring Moon|Roaring Moon, L50|100\/100\n|-enditem|p1a: Roaring Moon|Booster Energy\n|-activate|p1a: Roaring Moon|ability: Protosynthesis|[fromitem]\n|-start|p1a: Roaring Moon|protosynthesisatk\n|turn|5\n|\n|t:|1682637980\n|move|p1a: Roaring Moon|Acrobatics|p2b: Annihilape\n|-damage|p2b: Annihilape|34\/100\n|move|p1b: Lokix|Leech Life|p2b: Annihilape\n|-resisted|p2b: Annihilape\n|-damage|p2b: Annihilape|4\/100\n|-heal|p1b: Lokix|51\/100|[from] drain|[of] p2b: Annihilape\n|-damage|p1b: Lokix|41\/100|[from] item: Life Orb\n|move|p2b: Annihilape|Drain Punch|p1a: Roaring Moon\n|-supereffective|p1a: Roaring Moon\n|-damage|p1a: Roaring Moon|0 fnt\n|-heal|p2b: Annihilape|46\/100|[from] drain|[of] p1a: Roaring Moon\n|faint|p1a: Roaring Moon\n|-end|p1a: Roaring Moon|Protosynthesis|[silent]\n|\n|-heal|p2b: Annihilape|52\/100|[from] item: Leftovers\n|upkeep\n|\n|t:|1682637983\n|switch|p1a: Salazzle|Salazzle, L50, F|47\/100\n|turn|6\n|\n|t:|1682637995\n|move|p1a: Salazzle|Fake Out|p2b: Annihilape\n|-damage|p2b: Annihilape|48\/100\n|move|p1b: Lokix|Axe Kick|p2b: Annihilape\n|-damage|p2b: Annihilape|16\/100\n|-damage|p1b: Lokix|32\/100|[from] item: Life Orb\n|cant|p2b: Annihilape|flinch\n|\n|-heal|p2b: Annihilape|22\/100|[from] item: Leftovers\n|upkeep\n|turn|7\n|\n|t:|1682638004\n|move|p1a: Salazzle|Sludge Bomb|p2b: Annihilape\n|-damage|p2b: Annihilape|0 fnt\n|faint|p2b: Annihilape\n|\n|win|Jelly Jars\n|raw|Jelly Jars's rating: 1087 → 1121<\/strong> (+34 for winning)\n|raw|RADIO4CTIVE's rating: 1186 → 1154<\/strong> (-32 for losing)\n|l|\u2606RADIO4CTIVE\n","uploadtime":1682638008,"views":13,"p1id":"jellyjars","p2id":"radio4ctive","formatid":"gen9vgc2023regulationc","rating":1121,"private":0,"password":""}