{"id":"gen9vgc2023regulationc-1864187082","p1":"rodjilius","p2":"linl_ps2","format":"[Gen 9] VGC 2023 Regulation C","log":"|j|\u2606rodjilius\n|j|\u2606linl_ps2\n|t:|1684132717\n|gametype|doubles\n|player|p1|rodjilius|265|1414\n|player|p2|linl_ps2|lass-gen4dp|1420\n|teamsize|p1|6\n|teamsize|p2|6\n|gen|9\n|tier|[Gen 9] VGC 2023 Regulation C\n|rated|\n|rule|Species Clause: Limit one of each Pok\u00e9mon\n|rule|Item Clause: Limit one of each item\n|clearpoke\n|poke|p1|Corviknight, L50, M|\n|poke|p1|Gholdengo, L50|\n|poke|p1|Chi-Yu, L50|\n|poke|p1|Iron Bundle, L50|\n|poke|p1|Glimmora, L50, F|\n|poke|p1|Grimmsnarl, L50, M|\n|poke|p2|Amoonguss, L50, F|\n|poke|p2|Annihilape, L50, F|\n|poke|p2|Grimmsnarl, L50, M|\n|poke|p2|Maushold-Four, L50|\n|poke|p2|Iron Moth, L50|\n|poke|p2|Gholdengo, L50|\n|teampreview|4\n|inactive|Battle timer is ON: inactive players will automatically lose when time's up. (requested by linl_ps2)\n|inactive|rodjilius has 60 seconds left.\n|inactive|linl_ps2 has 60 seconds left.\n|\n|t:|1684132767\n|start\n|switch|p1a: Grimmsnarl|Grimmsnarl, L50, M|100\/100\n|switch|p1b: Glimmora|Glimmora, L50, F|100\/100\n|switch|p2a: Grimmsnarl|Grimmsnarl, L50, M|100\/100\n|switch|p2b: Iron Moth|Iron Moth, L50|100\/100\n|-enditem|p2b: Iron Moth|Booster Energy\n|-activate|p2b: Iron Moth|ability: Quark Drive|[fromitem]\n|-start|p2b: Iron Moth|quarkdrivespe\n|turn|1\n|\n|t:|1684132786\n|move|p1a: Grimmsnarl|Fake Out|p2b: Iron Moth\n|-damage|p2b: Iron Moth|86\/100\n|move|p2a: Grimmsnarl|Parting Shot|p1b: Glimmora\n|-unboost|p1b: Glimmora|atk|1\n|-unboost|p1b: Glimmora|spa|1\n|\n|t:|1684132791\n|switch|p2a: Amoonguss|Amoonguss, L50, F|100\/100|[from] Parting Shot\n|cant|p2b: Iron Moth|flinch\n|move|p1b: Glimmora|Mortal Spin|p2b: Iron Moth|[spread] p2a,p2b\n|-resisted|p2b: Iron Moth\n|-damage|p2a: Amoonguss|99\/100\n|-damage|p2b: Iron Moth|84\/100\n|\n|upkeep\n|turn|2\n|\n|t:|1684132808\n|move|p1a: Grimmsnarl|Light Screen|p1a: Grimmsnarl\n|-sidestart|p1: rodjilius|move: Light Screen\n|move|p2b: Iron Moth|Struggle Bug|p1b: Glimmora|[spread] p1a,p1b\n|-resisted|p1b: Glimmora\n|-damage|p1a: Grimmsnarl|93\/100\n|-damage|p1b: Glimmora|96\/100\n|-unboost|p1a: Grimmsnarl|spa|1\n|-unboost|p1b: Glimmora|spa|1\n|move|p1b: Glimmora|Earth Power|p2b: Iron Moth\n|-supereffective|p2b: Iron Moth\n|-damage|p2b: Iron Moth|33\/100\n|move|p2a: Amoonguss|Spore|p1a: Grimmsnarl\n|-activate|p1a: Grimmsnarl|item: Safety Goggles|Spore\n|\n|upkeep\n|turn|3\n|inactive|rodjilius has 30 seconds left.\n|inactive|rodjilius has 20 seconds left.\n|\n|t:|1684132844\n|switch|p1b: Gholdengo|Gholdengo, L50|100\/100\n|move|p2b: Iron Moth|Morning Sun|p2b: Iron Moth\n|-heal|p2b: Iron Moth|83\/100\n|move|p1a: Grimmsnarl|Spirit Break|p2b: Iron Moth\n|-resisted|p2b: Iron Moth\n|-damage|p2b: Iron Moth|74\/100\n|-unboost|p2b: Iron Moth|spa|1\n|move|p2a: Amoonguss|Spore|p1b: Gholdengo\n|-immune|p1b: Gholdengo|[from] ability: Good as Gold\n|\n|upkeep\n|turn|4\n|\n|t:|1684132866\n|switch|p2a: Annihilape|Annihilape, L50, F|100\/100\n|move|p2b: Iron Moth|Struggle Bug|p1a: Grimmsnarl|[spread] p1a,p1b\n|-resisted|p1b: Gholdengo\n|-damage|p1a: Grimmsnarl|88\/100\n|-damage|p1b: Gholdengo|99\/100\n|-unboost|p1a: Grimmsnarl|spa|1\n|-unboost|p1b: Gholdengo|spa|1\n|move|p1b: Gholdengo|Trick|p2a: Annihilape\n|-activate|p1b: Gholdengo|move: Trick|[of] p2a: Annihilape\n|-item|p2a: Annihilape|Choice Scarf|[from] move: Trick\n|-item|p1b: Gholdengo|Leftovers|[from] move: Trick\n|move|p1a: Grimmsnarl|Spirit Break|p2b: Iron Moth\n|-resisted|p2b: Iron Moth\n|-damage|p2b: Iron Moth|65\/100\n|-unboost|p2b: Iron Moth|spa|1\n|\n|-heal|p1b: Gholdengo|100\/100|[from] item: Leftovers\n|upkeep\n|turn|5\n|inactive|linl_ps2 has 30 seconds left.\n|inactive|linl_ps2 has 20 seconds left.\n|\n|t:|1684132904\n|switch|p1b: Glimmora|Glimmora, L50, F|96\/100\n|move|p1a: Grimmsnarl|Reflect|p1a: Grimmsnarl\n|-sidestart|p1: rodjilius|Reflect\n|move|p2b: Iron Moth|Struggle Bug|p1b: Glimmora|[spread] p1a,p1b\n|-resisted|p1b: Glimmora\n|-damage|p1a: Grimmsnarl|85\/100\n|-damage|p1b: Glimmora|94\/100\n|-unboost|p1a: Grimmsnarl|spa|1\n|-unboost|p1b: Glimmora|spa|1\n|move|p2a: Annihilape|Rage Fist|p1b: Glimmora\n|-damage|p1b: Glimmora|78\/100\n|-activate|p1b: Glimmora|ability: Toxic Debris\n|-sidestart|p2: linl_ps2|move: Toxic Spikes\n|\n|upkeep\n|turn|6\n|\n|t:|1684132929\n|switch|p2a: Amoonguss|Amoonguss, L50, F|100\/100\n|-sideend|p2: linl_ps2|move: Toxic Spikes|[of] p2a: Amoonguss\n|switch|p1a: Corviknight|Corviknight, L50, M|100\/100\n|move|p2b: Iron Moth|Morning Sun|p2b: Iron Moth\n|-heal|p2b: Iron Moth|100\/100\n|move|p1b: Glimmora|Mortal Spin|p2b: Iron Moth|[spread] p2a,p2b\n|-resisted|p2b: Iron Moth\n|-damage|p2a: Amoonguss|96\/100\n|-damage|p2b: Iron Moth|98\/100\n|\n|-sideend|p1: rodjilius|move: Light Screen\n|upkeep\n|turn|7\n|\n|t:|1684132947\n|-end|p2b: Iron Moth|Quark Drive|[silent]\n|switch|p2b: Grimmsnarl|Grimmsnarl, L50, M|100\/100\n|move|p2a: Amoonguss|Protect|p2a: Amoonguss\n|-singleturn|p2a: Amoonguss|Protect\n|move|p1b: Glimmora|Power Gem|p2a: Amoonguss\n|-activate|p2a: Amoonguss|move: Protect\n|move|p1a: Corviknight|Brave Bird|p2a: Amoonguss\n|-activate|p2a: Amoonguss|move: Protect\n|\n|upkeep\n|turn|8\n|inactive|rodjilius has 30 seconds left.\n|\n|t:|1684132975\n|move|p1a: Corviknight|Protect|p1a: Corviknight\n|-singleturn|p1a: Corviknight|Protect\n|move|p2b: Grimmsnarl|Reflect|p2b: Grimmsnarl\n|-sidestart|p2: linl_ps2|Reflect\n|move|p1b: Glimmora|Mortal Spin|p2b: Grimmsnarl|[spread] p2a,p2b\n|-supereffective|p2b: Grimmsnarl\n|-damage|p2a: Amoonguss|94\/100\n|-damage|p2b: Grimmsnarl|94\/100\n|-status|p2b: Grimmsnarl|psn\n|move|p2a: Amoonguss|Spore|p1a: Corviknight\n|-activate|p1a: Corviknight|move: Protect\n|\n|-damage|p2b: Grimmsnarl|82\/100 psn|[from] psn\n|upkeep\n|turn|9\n|\n|t:|1684132997\n|switch|p1b: Grimmsnarl|Grimmsnarl, L50, M|85\/100\n|switch|p1a: Gholdengo|Gholdengo, L50|100\/100\n|move|p2b: Grimmsnarl|Light Screen|p2b: Grimmsnarl\n|-sidestart|p2: linl_ps2|move: Light Screen\n|move|p2a: Amoonguss|Spore|p1b: Grimmsnarl\n|-activate|p1b: Grimmsnarl|item: Safety Goggles|Spore\n|\n|-damage|p2b: Grimmsnarl|69\/100 psn|[from] psn\n|-sideend|p1: rodjilius|Reflect\n|upkeep\n|turn|10\n|inactive|rodjilius has 30 seconds left.\n|\n|t:|1684133029\n|switch|p2b: Annihilape|Annihilape, L50, F|100\/100\n|move|p1a: Gholdengo|Trick|p2a: Amoonguss\n|-activate|p1a: Gholdengo|move: Trick|[of] p2a: Amoonguss\n|-item|p2a: Amoonguss|Leftovers|[from] move: Trick\n|-item|p1a: Gholdengo|Mental Herb|[from] move: Trick\n|move|p1b: Grimmsnarl|Spirit Break|p2b: Annihilape\n|-supereffective|p2b: Annihilape\n|-crit|p2b: Annihilape\n|-damage|p2b: Annihilape|8\/100\n|-unboost|p2b: Annihilape|spa|1\n|-ability|p2b: Annihilape|Defiant|boost\n|-boost|p2b: Annihilape|atk|2\n|move|p2a: Amoonguss|Clear Smog|p2b: Annihilape\n|-resisted|p2b: Annihilape\n|-damage|p2b: Annihilape|3\/100\n|-clearboost|p2b: Annihilape\n|\n|-heal|p2a: Amoonguss|99\/100|[from] item: Leftovers\n|upkeep\n|turn|11\n|inactive|rodjilius has 30 seconds left.\n|inactive|linl_ps2 has 30 seconds left.\n|\n|t:|1684133061\n|move|p1b: Grimmsnarl|Light Screen|p1b: Grimmsnarl\n|-sidestart|p1: rodjilius|move: Light Screen\n|move|p2b: Annihilape|Rage Fist|p1a: Gholdengo\n|-supereffective|p1a: Gholdengo\n|-damage|p1a: Gholdengo|0 fnt\n|faint|p1a: Gholdengo\n|move|p2a: Amoonguss|Pollen Puff|p2b: Annihilape\n|-heal|p2b: Annihilape|53\/100\n|\n|-heal|p2a: Amoonguss|100\/100|[from] item: Leftovers\n|upkeep\n|\n|t:|1684133078\n|switch|p1a: Corviknight|Corviknight, L50, M|100\/100\n|turn|12\n|\n|t:|1684133099\n|-terastallize|p2b: Annihilape|Fire\n|move|p1a: Corviknight|Protect|p1a: Corviknight\n|-singleturn|p1a: Corviknight|Protect\n|move|p2b: Annihilape|Rage Fist|p1a: Corviknight\n|-activate|p1a: Corviknight|move: Protect\n|move|p1b: Grimmsnarl|Spirit Break|p2b: Annihilape\n|-resisted|p2b: Annihilape\n|-damage|p2b: Annihilape|44\/100\n|-unboost|p2b: Annihilape|spa|1\n|-ability|p2b: Annihilape|Defiant|boost\n|-boost|p2b: Annihilape|atk|2\n|move|p2a: Amoonguss|Pollen Puff|p2b: Annihilape\n|-heal|p2b: Annihilape|94\/100\n|\n|upkeep\n|turn|13\n|j| deyond1207\n|inactive|rodjilius has 30 seconds left.\n|\n|t:|1684133132\n|move|p1b: Grimmsnarl|Reflect|p1b: Grimmsnarl\n|-sidestart|p1: rodjilius|Reflect\n|move|p2b: Annihilape|Rage Fist|p1a: Corviknight\n|-crit|p1a: Corviknight\n|-damage|p1a: Corviknight|0 fnt\n|faint|p1a: Corviknight\n|move|p2a: Amoonguss|Pollen Puff|p2b: Annihilape\n|-heal|p2b: Annihilape|100\/100\n|\n|upkeep\n|c|\u2606rodjilius|gg\n|j| Znivs\n|c|\u2606rodjilius|one mistake cost me the game\n|-message|rodjilius forfeited.\n|\n|win|linl_ps2\n|raw|rodjilius's rating: 1414 → 1394<\/strong> (-20 for losing)\n|raw|linl_ps2's rating: 1420 → 1440<\/strong> (+20 for winning)\n|l|\u2606linl_ps2\n|l|\u2606rodjilius\n|l| Znivs\n|l| deyond1207\n|j|\u2606rodjilius\n|player|p1|rodjilius|265\n","uploadtime":1684133643,"views":10,"p1id":"rodjilius","p2id":"linlps2","formatid":"gen9vgc2023regulationc","rating":1394,"private":0,"password":""}