{"id":"gen9vgc2023regulationc-1849454068","p1":"jchemmy","p2":"NotGoodTeambuilder","format":"[Gen 9] VGC 2023 Regulation C","log":"|j|\u2606jchemmy\n|j|\u2606NotGoodTeambuilder\n|t:|1682200292\n|gametype|doubles\n|player|p1|jchemmy|brock|1322\n|player|p2|NotGoodTeambuilder|266|1257\n|teamsize|p1|6\n|teamsize|p2|6\n|gen|9\n|tier|[Gen 9] VGC 2023 Regulation C\n|rated|\n|rule|Species Clause: Limit one of each Pok\u00e9mon\n|rule|Item Clause: Limit one of each item\n|clearpoke\n|poke|p1|Arcanine, L50, M|\n|poke|p1|Palafin, L50, F|\n|poke|p1|Flutter Mane, L50|\n|poke|p1|Ting-Lu, L50|\n|poke|p1|Amoonguss, L50, F|\n|poke|p1|Baxcalibur, L50, M|\n|poke|p2|Wo-Chien, L50|\n|poke|p2|Flutter Mane, L50|\n|poke|p2|Arcanine, L50, M|\n|poke|p2|Glimmora, L50, F|\n|poke|p2|Gastrodon, L50, M|\n|poke|p2|Garganacl, L50, M|\n|teampreview|4\n|inactive|Battle timer is ON: inactive players will automatically lose when time's up. (requested by jchemmy)\njchemmy has agreed to open team sheets.\n|inactive|jchemmy has 60 seconds left.\n|\n|t:|1682200328\n|start\n|switch|p1a: Arcanine|Arcanine, L50, M|100\/100\n|switch|p1b: Ting-Lu|Ting-Lu, L50|100\/100\n|switch|p2a: Glimmora|Glimmora, L50, F, shiny|100\/100\n|switch|p2b: Arcanine|Arcanine, L50, M|100\/100\n|-ability|p1a: Arcanine|Intimidate|boost\n|-unboost|p2a: Glimmora|atk|1\n|-unboost|p2b: Arcanine|atk|1\n|-ability|p2b: Arcanine|Intimidate|boost\n|-unboost|p1a: Arcanine|atk|1\n|-unboost|p1b: Ting-Lu|atk|1\n|-ability|p1b: Ting-Lu|Vessel of Ruin\n|turn|1\n|inactive|NotGoodTeambuilder has 30 seconds left.\n|\n|t:|1682200355\n|-terastallize|p2a: Glimmora|Grass\n|move|p1a: Arcanine|Snarl|p2a: Glimmora|[spread] p2a,p2b\n|-damage|p2a: Glimmora|96\/100\n|-damage|p2b: Arcanine|95\/100\n|-unboost|p2a: Glimmora|spa|1\n|-unboost|p2b: Arcanine|spa|1\n|move|p2b: Arcanine|Flare Blitz|p1b: Ting-Lu\n|-damage|p1b: Ting-Lu|83\/100\n|-damage|p2b: Arcanine|88\/100|[from] Recoil\n|move|p2a: Glimmora|Mortal Spin|p1a: Arcanine|[spread] p1a,p1b\n|-resisted|p1b: Ting-Lu\n|-damage|p1a: Arcanine|97\/100\n|-damage|p1b: Ting-Lu|82\/100\n|-status|p1a: Arcanine|psn\n|-status|p1b: Ting-Lu|psn\n|move|p1b: Ting-Lu|Stomping Tantrum|p2a: Glimmora\n|-resisted|p2a: Glimmora\n|-damage|p2a: Glimmora|84\/100\n|-activate|p2a: Glimmora|ability: Toxic Debris\n|-sidestart|p1: jchemmy|move: Toxic Spikes\n|\n|-damage|p1a: Arcanine|85\/100 psn|[from] psn\n|-damage|p1b: Ting-Lu|70\/100 psn|[from] psn\n|upkeep\n|turn|2\n|inactive|NotGoodTeambuilder has 30 seconds left.\n|\n|t:|1682200385\n|switch|p2b: Gastrodon|Gastrodon, L50, M|100\/100\n|switch|p2a: Garganacl|Garganacl, L50, M, shiny|100\/100\n|move|p1a: Arcanine|Flare Blitz|p2a: Garganacl\n|-resisted|p2a: Garganacl\n|-damage|p2a: Garganacl|91\/100\n|-damage|p1a: Arcanine|82\/100 psn|[from] Recoil\n|move|p1b: Ting-Lu|Stomping Tantrum|p2b: Gastrodon\n|-damage|p2b: Gastrodon|76\/100\n|\n|-damage|p1a: Arcanine|70\/100 psn|[from] psn\n|-damage|p1b: Ting-Lu|57\/100 psn|[from] psn\n|upkeep\n|turn|3\n|\n|t:|1682200402\n|switch|p1a: Amoonguss|Amoonguss, L50, F|100\/100\n|-sideend|p1: jchemmy|move: Toxic Spikes|[of] p1a: Amoonguss\n|move|p2a: Garganacl|Protect|p2a: Garganacl\n|-singleturn|p2a: Garganacl|Protect\n|move|p1b: Ting-Lu|Fissure|p2a: Garganacl\n|-activate|p2a: Garganacl|move: Protect\n|move|p2b: Gastrodon|Muddy Water|p1a: Amoonguss|[spread] p1a,p1b\n|-resisted|p1a: Amoonguss\n|-supereffective|p1b: Ting-Lu\n|-damage|p1a: Amoonguss|91\/100\n|-damage|p1b: Ting-Lu|40\/100 psn\n|-unboost|p1b: Ting-Lu|accuracy|1\n|\n|-damage|p1b: Ting-Lu|28\/100 psn|[from] psn\n|upkeep\n|turn|4\n|\n|t:|1682200419\n|switch|p1b: Flutter Mane|Flutter Mane, L50|100\/100\n|switch|p2a: Arcanine|Arcanine, L50, M|88\/100\n|-ability|p2a: Arcanine|Intimidate|boost\n|-unboost|p1a: Amoonguss|atk|1\n|-unboost|p1b: Flutter Mane|atk|1\n|move|p2b: Gastrodon|Muddy Water|p1a: Amoonguss|[spread] p1a,p1b\n|-resisted|p1a: Amoonguss\n|-damage|p1a: Amoonguss|79\/100\n|-damage|p1b: Flutter Mane|71\/100\n|move|p1a: Amoonguss|Spore|p2b: Gastrodon\n|-status|p2b: Gastrodon|slp|[from] move: Spore\n|\n|upkeep\n|turn|5\n|inactive|jchemmy has 30 seconds left.\n|\n|t:|1682200446\n|switch|p1a: Arcanine|Arcanine, L50, M|70\/100 psn\n|-ability|p1a: Arcanine|Intimidate|boost\n|-unboost|p2a: Arcanine|atk|1\n|-unboost|p2b: Gastrodon|atk|1\n|move|p1b: Flutter Mane|Shadow Ball|p2b: Gastrodon\n|-damage|p2b: Gastrodon|21\/100 slp\n|-enditem|p2b: Gastrodon|Sitrus Berry|[eat]\n|-heal|p2b: Gastrodon|46\/100 slp|[from] item: Sitrus Berry\n|move|p2a: Arcanine|Flare Blitz|p1a: Arcanine\n|-resisted|p1a: Arcanine\n|-damage|p1a: Arcanine|54\/100 psn\n|-damage|p2a: Arcanine|83\/100|[from] Recoil\n|cant|p2b: Gastrodon|slp\n|\n|-damage|p1a: Arcanine|42\/100 psn|[from] psn\n|upkeep\n|turn|6\n|\n|t:|1682200466\n|move|p1b: Flutter Mane|Shadow Ball|p2a: Arcanine\n|-damage|p2a: Arcanine|37\/100\n|move|p1a: Arcanine|Snarl|p2b: Gastrodon|[spread] p2a,p2b\n|-crit|p2b: Gastrodon\n|-damage|p2a: Arcanine|30\/100\n|-damage|p2b: Gastrodon|34\/100 slp\n|-unboost|p2a: Arcanine|spa|1\n|-unboost|p2b: Gastrodon|spa|1\n|move|p2a: Arcanine|Snarl|p1a: Arcanine|[spread] p1a,p1b\n|-damage|p1a: Arcanine|36\/100 psn\n|-damage|p1b: Flutter Mane|64\/100\n|-unboost|p1a: Arcanine|spa|1\n|-unboost|p1b: Flutter Mane|spa|1\n|cant|p2b: Gastrodon|slp\n|\n|-damage|p1a: Arcanine|24\/100 psn|[from] psn\n|upkeep\n|turn|7\n|\n|t:|1682200481\n|move|p1b: Flutter Mane|Shadow Ball|p2b: Gastrodon\n|-damage|p2b: Gastrodon|0 fnt\n|faint|p2b: Gastrodon\n|move|p1a: Arcanine|Snarl|p2a: Arcanine\n|-damage|p2a: Arcanine|23\/100\n|-unboost|p2a: Arcanine|spa|1\n|move|p2a: Arcanine|Snarl|p1b: Flutter Mane|[spread] p1a,p1b\n|-damage|p1a: Arcanine|18\/100 psn\n|-damage|p1b: Flutter Mane|59\/100\n|-unboost|p1a: Arcanine|spa|1\n|-unboost|p1b: Flutter Mane|spa|1\n|\n|-damage|p1a: Arcanine|6\/100 psn|[from] psn\n|upkeep\n|\n|t:|1682200494\n|switch|p2b: Garganacl|Garganacl, L50, M, shiny|91\/100\n|turn|8\n|\n|t:|1682200516\n|-end|p1b: Flutter Mane|Protosynthesis|[silent]\n|switch|p1b: Ting-Lu|Ting-Lu, L50|28\/100 psn\n|-ability|p1b: Ting-Lu|Vessel of Ruin\n|switch|p1a: Amoonguss|Amoonguss, L50, F|100\/100\n|switch|p2a: Glimmora|Glimmora, L50, F, shiny, tera:Grass|84\/100\n|move|p2b: Garganacl|Salt Cure|p1b: Ting-Lu\n|-resisted|p1b: Ting-Lu\n|-damage|p1b: Ting-Lu|23\/100 psn\n|-start|p1b: Ting-Lu|Salt Cure\n|\n|-damage|p1b: Ting-Lu|11\/100 psn|[from] psn\n|-damage|p1b: Ting-Lu|0 fnt|[from] Salt Cure\n|faint|p1b: Ting-Lu\n|upkeep\n|\n|t:|1682200520\n|switch|p1b: Arcanine|Arcanine, L50, M|6\/100 psn\n|-ability|p1b: Arcanine|Intimidate|boost\n|-unboost|p2a: Glimmora|atk|1\n|-unboost|p2b: Garganacl|atk|1\n|turn|9\n|\n|t:|1682200538\n|switch|p2a: Arcanine|Arcanine, L50, M|23\/100\n|-ability|p2a: Arcanine|Intimidate|boost\n|-unboost|p1a: Amoonguss|atk|1\n|-unboost|p1b: Arcanine|atk|1\n|move|p1b: Arcanine|Snarl|p2b: Garganacl|[spread] p2a,p2b\n|-damage|p2a: Arcanine|17\/100\n|-damage|p2b: Garganacl|86\/100\n|-unboost|p2a: Arcanine|spa|1\n|-unboost|p2b: Garganacl|spa|1\n|move|p2b: Garganacl|Salt Cure|p1a: Amoonguss\n|-damage|p1a: Amoonguss|92\/100\n|-start|p1a: Amoonguss|Salt Cure\n|move|p1a: Amoonguss|Pollen Puff|p1b: Arcanine\n|-heal|p1b: Arcanine|56\/100 psn\n|\n|-damage|p1b: Arcanine|44\/100 psn|[from] psn\n|-damage|p1a: Amoonguss|80\/100|[from] Salt Cure\n|upkeep\n|turn|10\n|\n|t:|1682200559\n|switch|p1a: Flutter Mane|Flutter Mane, L50|59\/100\n|move|p1b: Arcanine|Flare Blitz|p2a: Arcanine\n|-resisted|p2a: Arcanine\n|-damage|p2a: Arcanine|2\/100\n|-damage|p1b: Arcanine|39\/100 psn|[from] Recoil\n|move|p2a: Arcanine|Flare Blitz|p1a: Flutter Mane\n|-damage|p1a: Flutter Mane|0 fnt\n|faint|p1a: Flutter Mane\n|-end|p1a: Flutter Mane|Protosynthesis|[silent]\n|-damage|p2a: Arcanine|0 fnt|[from] Recoil\n|faint|p2a: Arcanine\n|move|p2b: Garganacl|Salt Cure|p1b: Arcanine\n|-supereffective|p1b: Arcanine\n|-crit|p1b: Arcanine\n|-damage|p1b: Arcanine|0 fnt\n|faint|p1b: Arcanine\n|\n|upkeep\n|-message|jchemmy forfeited.\n|\n|win|NotGoodTeambuilder\n|raw|jchemmy's rating: 1322 → 1298<\/strong> (-24 for losing)\n|raw|NotGoodTeambuilder's rating: 1257 → 1287<\/strong> (+30 for winning)\n","uploadtime":1682200572,"views":6,"p1id":"jchemmy","p2id":"notgoodteambuilder","formatid":"gen9vgc2023regulationc","rating":1287,"private":0,"password":""}