{"id":"gen9vgc2023regulationc-1850846539","p1":"Tribbly","p2":"captantan","format":"[Gen 9] VGC 2023 Regulation C","log":"|j|\u2606Tribbly\n|j|\u2606captantan\n|t:|1682373816\n|gametype|doubles\n|player|p1|Tribbly|youngster|1176\n|player|p2|captantan|2|1103\n|teamsize|p1|6\n|teamsize|p2|6\n|gen|9\n|tier|[Gen 9] VGC 2023 Regulation C\n|rated|\n|rule|Species Clause: Limit one of each Pok\u00e9mon\n|rule|Item Clause: Limit one of each item\n|clearpoke\n|poke|p1|Iron Bundle, L50|\n|poke|p1|Klefki, L50, M|\n|poke|p1|Espathra, L50, M|\n|poke|p1|Sandy Shocks, L50|\n|poke|p1|Pelipper, L50, F|\n|poke|p1|Arcanine, L50, F|\n|poke|p2|Ting-Lu, L50|\n|poke|p2|Roaring Moon, L50|\n|poke|p2|Amoonguss, L50, F|\n|poke|p2|Arcanine, L50, F|\n|poke|p2|Garganacl, L50, F|\n|poke|p2|Iron Bundle, L50|\n|teampreview|4\n|\n|t:|1682373856\n|start\n|switch|p1a: Pelipper|Pelipper, L50, F|100\/100\n|switch|p1b: Sandy Shocks|Sandy Shocks, L50|100\/100\n|switch|p2a: Garganacl|Garganacl, L50, F|100\/100\n|switch|p2b: Iron Bundle|Iron Bundle, L50|100\/100\n|-weather|RainDance|[from] ability: Drizzle|[of] p1a: Pelipper\n|turn|1\n|inactive|Battle timer is ON: inactive players will automatically lose when time's up. (requested by captantan)\n|inactive|Tribbly has 60 seconds left.\n|\n|t:|1682373891\n|move|p2b: Iron Bundle|Protect|p2b: Iron Bundle\n|-singleturn|p2b: Iron Bundle|Protect\n|move|p1b: Sandy Shocks|Protect|p1b: Sandy Shocks\n|-singleturn|p1b: Sandy Shocks|Protect\n|move|p1a: Pelipper|Protect|p1a: Pelipper\n|-singleturn|p1a: Pelipper|Protect\n|move|p2a: Garganacl|Salt Cure|p1a: Pelipper\n|-activate|p1a: Pelipper|move: Protect\n|\n|-weather|RainDance|[upkeep]\n|upkeep\n|turn|2\n|inactive|captantan has 30 seconds left.\n|\n|t:|1682373923\n|switch|p1a: Arcanine|Arcanine, L50, F|100\/100\n|-ability|p1a: Arcanine|Intimidate|boost\n|-unboost|p2a: Garganacl|atk|1\n|-unboost|p2b: Iron Bundle|atk|1\n|-terastallize|p2a: Garganacl|Ghost\n|move|p2b: Iron Bundle|Freeze-Dry|p1b: Sandy Shocks\n|-supereffective|p1b: Sandy Shocks\n|-damage|p1b: Sandy Shocks|6\/100\n|-enditem|p1b: Sandy Shocks|Sitrus Berry|[eat]\n|-heal|p1b: Sandy Shocks|31\/100|[from] item: Sitrus Berry\n|move|p1b: Sandy Shocks|Thunder|p2b: Iron Bundle\n|-supereffective|p2b: Iron Bundle\n|-enditem|p2b: Iron Bundle|Focus Sash\n|-damage|p2b: Iron Bundle|1\/100\n|move|p2a: Garganacl|Salt Cure|p1a: Arcanine\n|-supereffective|p1a: Arcanine\n|-damage|p1a: Arcanine|79\/100\n|-start|p1a: Arcanine|Salt Cure\n|\n|-weather|RainDance|[upkeep]\n|-damage|p1a: Arcanine|67\/100|[from] Salt Cure\n|upkeep\n|turn|3\n|inactive|Tribbly has 30 seconds left.\n|inactive|captantan has 30 seconds left.\n|inactive|Tribbly has 20 seconds left.\n|inactive|Tribbly has 15 seconds left.\n|inactive|captantan has 20 seconds left.\n|\n|t:|1682373967\n|move|p2b: Iron Bundle|Protect|p2b: Iron Bundle\n|-singleturn|p2b: Iron Bundle|Protect\n|move|p1a: Arcanine|Extreme Speed|p2b: Iron Bundle\n|-activate|p2b: Iron Bundle|move: Protect\n|move|p1b: Sandy Shocks|Thunder|p2a: Garganacl\n|-damage|p2a: Garganacl|61\/100\n|move|p2a: Garganacl|Salt Cure|p1b: Sandy Shocks\n|-resisted|p1b: Sandy Shocks\n|-damage|p1b: Sandy Shocks|25\/100\n|-start|p1b: Sandy Shocks|Salt Cure\n|\n|-weather|RainDance|[upkeep]\n|-heal|p2a: Garganacl|67\/100|[from] item: Leftovers\n|-damage|p1b: Sandy Shocks|13\/100|[from] Salt Cure\n|-damage|p1a: Arcanine|55\/100|[from] Salt Cure\n|upkeep\n|turn|4\n|inactive|captantan has 30 seconds left.\n|\n|t:|1682373993\n|-end|p2b: Iron Bundle|Quark Drive|[silent]\n|switch|p2b: Ting-Lu|Ting-Lu, L50|100\/100\n|-ability|p2b: Ting-Lu|Vessel of Ruin\n|move|p1a: Arcanine|Extreme Speed|p2b: Ting-Lu\n|-damage|p2b: Ting-Lu|89\/100\n|move|p1b: Sandy Shocks|Thunder|p2a: Garganacl\n|-damage|p2a: Garganacl|38\/100\n|move|p2a: Garganacl|Stealth Rock|p1b: Sandy Shocks\n|-sidestart|p1: Tribbly|move: Stealth Rock\n|\n|-weather|RainDance|[upkeep]\n|-heal|p2a: Garganacl|43\/100|[from] item: Leftovers\n|-damage|p1b: Sandy Shocks|0 fnt|[from] Salt Cure\n|faint|p1b: Sandy Shocks\n|-end|p1b: Sandy Shocks|Protosynthesis|[silent]\n|-damage|p1a: Arcanine|43\/100|[from] Salt Cure\n|upkeep\n|\n|t:|1682374011\n|switch|p1b: Pelipper|Pelipper, L50, F|100\/100\n|-damage|p1b: Pelipper|76\/100|[from] Stealth Rock\n|turn|5\n|\n|t:|1682374026\n|move|p1a: Arcanine|Will-O-Wisp|p2b: Ting-Lu\n|-status|p2b: Ting-Lu|brn\n|move|p1b: Pelipper|Tailwind|p1b: Pelipper\n|-sidestart|p1: Tribbly|move: Tailwind\n|move|p2b: Ting-Lu|Sand Tomb|p1a: Arcanine|[miss]\n|-miss|p2b: Ting-Lu|p1a: Arcanine\n|move|p2a: Garganacl|Recover|p2a: Garganacl\n|-heal|p2a: Garganacl|94\/100\n|\n|-weather|none\n|-heal|p2a: Garganacl|99\/100|[from] item: Leftovers\n|-damage|p2b: Ting-Lu|83\/100 brn|[from] brn\n|-damage|p1a: Arcanine|30\/100|[from] Salt Cure\n|upkeep\n|turn|6\n|inactive|Tribbly has 30 seconds left.\n|inactive|captantan has 30 seconds left.\n|\n|t:|1682374054\n|switch|p1a: Iron Bundle|Iron Bundle, L50|100\/100\n|-enditem|p1a: Iron Bundle|Booster Energy\n|-activate|p1a: Iron Bundle|ability: Quark Drive|[fromitem]\n|-start|p1a: Iron Bundle|quarkdrivespe\n|-damage|p1a: Iron Bundle|76\/100|[from] Stealth Rock\n|move|p1b: Pelipper|Icy Wind|p2a: Garganacl|[spread] p2a,p2b\n|-crit|p2a: Garganacl\n|-supereffective|p2b: Ting-Lu\n|-damage|p2a: Garganacl|93\/100\n|-damage|p2b: Ting-Lu|76\/100 brn\n|-unboost|p2a: Garganacl|spe|1\n|-unboost|p2b: Ting-Lu|spe|1\n|move|p2b: Ting-Lu|Stomping Tantrum|p1a: Iron Bundle\n|-damage|p1a: Iron Bundle|33\/100\n|move|p2a: Garganacl|Salt Cure|p1b: Pelipper\n|-supereffective|p1b: Pelipper\n|-damage|p1b: Pelipper|62\/100\n|-start|p1b: Pelipper|Salt Cure\n|\n|-heal|p2a: Garganacl|99\/100|[from] item: Leftovers\n|-damage|p2b: Ting-Lu|70\/100 brn|[from] brn\n|-damage|p1b: Pelipper|37\/100|[from] Salt Cure\n|upkeep\n|turn|7\n|inactive|Tribbly has 30 seconds left.\n|inactive|captantan has 30 seconds left.\n|inactive|Tribbly has 20 seconds left.\n|\n|t:|1682374090\n|move|p1a: Iron Bundle|Hydro Pump|p2a: Garganacl\n|-damage|p2a: Garganacl|71\/100\n|move|p1b: Pelipper|Hurricane|p2a: Garganacl\n|-damage|p2a: Garganacl|52\/100\n|-start|p2a: Garganacl|confusion\n|move|p2b: Ting-Lu|Sand Tomb|p1a: Iron Bundle\n|-damage|p1a: Iron Bundle|22\/100\n|-activate|p1a: Iron Bundle|move: Sand Tomb|[of] p2b: Ting-Lu\n|-activate|p2a: Garganacl|confusion\n|-damage|p2a: Garganacl|47\/100|[from] confusion\n|\n|-heal|p2a: Garganacl|53\/100|[from] item: Leftovers\n|-damage|p2b: Ting-Lu|64\/100 brn|[from] brn\n|-damage|p1a: Iron Bundle|10\/100|[from] move: Sand Tomb|[partiallytrapped]\n|-damage|p1b: Pelipper|12\/100|[from] Salt Cure\n|upkeep\n|turn|8\n|inactive|Tribbly has 30 seconds left.\n|inactive|captantan has 30 seconds left.\n|\n|t:|1682374124\n|-activate|p2a: Garganacl|confusion\n|-damage|p2a: Garganacl|48\/100|[from] confusion\n|move|p1a: Iron Bundle|Freeze-Dry|p2b: Ting-Lu\n|-supereffective|p2b: Ting-Lu\n|-damage|p2b: Ting-Lu|39\/100 brn\n|move|p1b: Pelipper|Icy Wind|p2a: Garganacl|[spread] p2a,p2b\n|-supereffective|p2b: Ting-Lu\n|-damage|p2a: Garganacl|43\/100\n|-damage|p2b: Ting-Lu|32\/100 brn\n|-unboost|p2a: Garganacl|spe|1\n|-unboost|p2b: Ting-Lu|spe|1\n|move|p2b: Ting-Lu|Stomping Tantrum|p1a: Iron Bundle\n|-damage|p1a: Iron Bundle|0 fnt\n|faint|p1a: Iron Bundle\n|-end|p1a: Iron Bundle|Quark Drive|[silent]\n|\n|-heal|p2a: Garganacl|49\/100|[from] item: Leftovers\n|-damage|p2b: Ting-Lu|26\/100 brn|[from] brn\n|-damage|p1b: Pelipper|0 fnt|[from] Salt Cure\n|faint|p1b: Pelipper\n|-sideend|p1: Tribbly|move: Tailwind\n|upkeep\n|-message|Tribbly forfeited.\n|\n|win|captantan\n|raw|Tribbly's rating: 1176 → 1146<\/strong> (-30 for losing)\n|raw|captantan's rating: 1103 → 1133<\/strong> (+30 for winning)\n|l|\u2606Tribbly\n","uploadtime":1682374148,"views":11,"p1id":"tribbly","p2id":"captantan","formatid":"gen9vgc2023regulationc","rating":1133,"private":0,"password":""}