{"id":"gen9vgc2023regulationc-1848136150","p1":"Vivixification","p2":"Yuni Sensei","format":"[Gen 9] VGC 2023 Regulation C","log":"|j|\u2606Vivixification\n|j|\u2606Yuni Sensei\n|t:|1682033903\n|gametype|doubles\n|player|p1|Vivixification|backersf|1367\n|player|p2|Yuni Sensei|ninjaboy|1448\n|teamsize|p1|6\n|teamsize|p2|6\n|gen|9\n|tier|[Gen 9] VGC 2023 Regulation C\n|rated|\n|rule|Species Clause: Limit one of each Pok\u00e9mon\n|rule|Item Clause: Limit one of each item\n|clearpoke\n|poke|p1|Palafin, L50, F|\n|poke|p1|Pelipper, L50, M|\n|poke|p1|Dondozo, L50, F|\n|poke|p1|Tatsugiri-Stretchy, L50, F|\n|poke|p1|Flutter Mane, L50|\n|poke|p1|Iron Bundle, L50|\n|poke|p2|Gyarados, L50, F|\n|poke|p2|Flutter Mane, L50|\n|poke|p2|Garchomp, L50, F|\n|poke|p2|Chien-Pao, L50|\n|poke|p2|Amoonguss, L50, M|\n|poke|p2|Iron Hands, L50|\n|teampreview|4\n|inactive|Battle timer is ON: inactive players will automatically lose when time's up. (requested by Vivixification)\nVivixification has agreed to open team sheets.\nYuni Sensei has agreed to open team sheets.\n|inactive|Yuni Sensei has 60 seconds left.\n|\n|t:|1682033941\n|start\n|switch|p1a: Pelipper|Pelipper, L50, M|100\/100\n|switch|p1b: Gen3WaterLegendary|Dondozo, L50, F|100\/100\n|switch|p2a: Garchomp|Garchomp, L50, F|100\/100\n|switch|p2b: Chien-Pao|Chien-Pao, L50|100\/100\n|-ability|p2b: Chien-Pao|Sword of Ruin\n|-weather|RainDance|[from] ability: Drizzle|[of] p1a: Pelipper\n|turn|1\n|inactive|Yuni Sensei has 30 seconds left.\n|inactive|Yuni Sensei has 20 seconds left.\n|\n|t:|1682033978\n|switch|p2b: Gyarados|Gyarados, L50, F|100\/100\n|-ability|p2b: Gyarados|Intimidate|boost\n|-unboost|p1a: Pelipper|atk|1\n|-unboost|p1b: Gen3WaterLegendary|atk|1\n|move|p1b: Gen3WaterLegendary|Protect|p1b: Gen3WaterLegendary\n|-singleturn|p1b: Gen3WaterLegendary|Protect\n|move|p1a: Pelipper|Quick Attack|p2b: Gyarados\n|-damage|p2b: Gyarados|96\/100\n|move|p2a: Garchomp|Rock Slide|p1b: Gen3WaterLegendary|[spread] p1a\n|-activate|p1b: Gen3WaterLegendary|move: Protect\n|-supereffective|p1a: Pelipper\n|-damage|p1a: Pelipper|57\/100\n|-damage|p2a: Garchomp|91\/100|[from] item: Life Orb\n|\n|-weather|RainDance|[upkeep]\n|upkeep\n|turn|2\n|\n|t:|1682033994\n|switch|p1a: Tatsugiri|Tatsugiri-Stretchy, L50, F, shiny|100\/100\n|-activate|p1a: Tatsugiri|ability: Commander|[of] p1b: Gen3WaterLegendary\n|-boost|p1b: Gen3WaterLegendary|atk|2\n|-boost|p1b: Gen3WaterLegendary|spa|2\n|-boost|p1b: Gen3WaterLegendary|spe|2\n|-boost|p1b: Gen3WaterLegendary|def|2\n|-boost|p1b: Gen3WaterLegendary|spd|2\n|-terastallize|p1b: Gen3WaterLegendary|Water\n|move|p1b: Gen3WaterLegendary|Surf|p2b: Gyarados|[spread] p2a,p2b\n|-miss|p1b: Gen3WaterLegendary|p1a: Tatsugiri\n|-resisted|p2b: Gyarados\n|-damage|p2a: Garchomp|0 fnt\n|-damage|p2b: Gyarados|39\/100\n|faint|p2a: Garchomp\n|-damage|p1b: Gen3WaterLegendary|91\/100|[from] item: Life Orb\n|move|p2b: Gyarados|Thunder Wave|p1b: Gen3WaterLegendary\n|-status|p1b: Gen3WaterLegendary|par\n|\n|-weather|RainDance|[upkeep]\n|upkeep\n|\n|t:|1682034012\n|switch|p2a: Amoonguss|Amoonguss, L50, M|100\/100\n|turn|3\n|\n|t:|1682034020\n|move|p2b: Gyarados|Waterfall|p1b: Gen3WaterLegendary\n|-resisted|p1b: Gen3WaterLegendary\n|-damage|p1b: Gen3WaterLegendary|80\/100 par\n|cant|p1b: Gen3WaterLegendary|flinch\n|move|p2a: Amoonguss|Pollen Puff|p2b: Gyarados\n|-heal|p2b: Gyarados|89\/100\n|\n|-weather|RainDance|[upkeep]\n|upkeep\n|turn|4\n|\n|t:|1682034038\n|move|p2b: Gyarados|Waterfall|p1b: Gen3WaterLegendary\n|-resisted|p1b: Gen3WaterLegendary\n|-damage|p1b: Gen3WaterLegendary|68\/100 par\n|move|p1b: Gen3WaterLegendary|Surf|p2b: Gyarados|[spread] p2a,p2b\n|-miss|p1b: Gen3WaterLegendary|p1a: Tatsugiri\n|-resisted|p2a: Amoonguss\n|-resisted|p2b: Gyarados\n|-damage|p2a: Amoonguss|48\/100\n|-damage|p2b: Gyarados|30\/100\n|-enditem|p2a: Amoonguss|Sitrus Berry|[eat]\n|-heal|p2a: Amoonguss|73\/100|[from] item: Sitrus Berry\n|-damage|p1b: Gen3WaterLegendary|58\/100 par|[from] item: Life Orb\n|move|p2a: Amoonguss|Pollen Puff|p2b: Gyarados\n|-heal|p2b: Gyarados|80\/100\n|\n|-weather|RainDance|[upkeep]\n|upkeep\n|turn|5\n|inactive|Yuni Sensei has 30 seconds left.\n|\n|t:|1682034069\n|switch|p2a: Chien-Pao|Chien-Pao, L50|100\/100\n|-ability|p2a: Chien-Pao|Sword of Ruin\n|move|p2b: Gyarados|Waterfall|p1b: Gen3WaterLegendary\n|-resisted|p1b: Gen3WaterLegendary\n|-damage|p1b: Gen3WaterLegendary|42\/100 par\n|cant|p1b: Gen3WaterLegendary|flinch\n|\n|-weather|RainDance|[upkeep]\n|upkeep\n|turn|6\n|\n|t:|1682034083\n|move|p2a: Chien-Pao|Haze|p2a: Chien-Pao\n|-clearallboost\n|move|p2b: Gyarados|Waterfall|p1b: Gen3WaterLegendary\n|-resisted|p1b: Gen3WaterLegendary\n|-damage|p1b: Gen3WaterLegendary|12\/100 par\n|cant|p1b: Gen3WaterLegendary|par\n|\n|-weather|RainDance|[upkeep]\n|upkeep\n|turn|7\n|\n|t:|1682034101\n|move|p1b: Gen3WaterLegendary|Protect|p1b: Gen3WaterLegendary\n|-singleturn|p1b: Gen3WaterLegendary|Protect\n|move|p2a: Chien-Pao|Ice Spinner|p1b: Gen3WaterLegendary\n|-activate|p1b: Gen3WaterLegendary|move: Protect\n|move|p2b: Gyarados|Thunder Wave|p1a: Tatsugiri|[miss]\n|-miss|p2b: Gyarados|p1a: Tatsugiri\n|\n|-weather|RainDance|[upkeep]\n|upkeep\n|turn|8\n|\n|t:|1682034117\n|move|p2a: Chien-Pao|Ice Spinner|p1b: Gen3WaterLegendary\n|-resisted|p1b: Gen3WaterLegendary\n|-damage|p1b: Gen3WaterLegendary|0 fnt\n|faint|p1b: Gen3WaterLegendary\n|move|p2b: Gyarados|Thunder Wave|p1a: Tatsugiri|[miss]\n|-miss|p2b: Gyarados|p1a: Tatsugiri\n|\n|-weather|none\n|upkeep\n|\n|t:|1682034122\n|switch|p1b: Iron Bundle|Iron Bundle, L50|100\/100\n|turn|9\n|\n|t:|1682034137\n|-end|p1b: Iron Bundle|Quark Drive|[silent]\n|switch|p1b: Pelipper|Pelipper, L50, M|57\/100\n|-weather|RainDance|[from] ability: Drizzle|[of] p1b: Pelipper\n|-terastallize|p2b: Gyarados|Steel\n|move|p2a: Chien-Pao|Protect|p2a: Chien-Pao\n|-singleturn|p2a: Chien-Pao|Protect\n|move|p1a: Tatsugiri|Muddy Water|p2b: Gyarados|[spread] p2b\n|-activate|p2a: Chien-Pao|move: Protect\n|-damage|p2b: Gyarados|38\/100\n|move|p2b: Gyarados|Thunder Wave|p1b: Pelipper\n|-status|p1b: Pelipper|par\n|\n|-weather|RainDance|[upkeep]\n|upkeep\n|turn|10\n|\n|t:|1682034160\n|move|p1b: Pelipper|Quick Attack|p2a: Chien-Pao\n|-crit|p2a: Chien-Pao\n|-damage|p2a: Chien-Pao|90\/100\n|move|p1a: Tatsugiri|Muddy Water|p2b: Gyarados|[spread] p2a,p2b\n|-damage|p2a: Chien-Pao|18\/100\n|-damage|p2b: Gyarados|0 fnt\n|faint|p2b: Gyarados\n|move|p2a: Chien-Pao|Ice Spinner|p1b: Pelipper\n|-damage|p1b: Pelipper|9\/100 par\n|\n|-weather|RainDance|[upkeep]\n|upkeep\n|\n|t:|1682034169\n|switch|p2b: Amoonguss|Amoonguss, L50, M|100\/100\n|turn|11\n|\n|t:|1682034188\n|move|p2a: Chien-Pao|Sucker Punch|p1a: Tatsugiri\n|-damage|p1a: Tatsugiri|10\/100\n|move|p1a: Tatsugiri|Muddy Water|p2b: Amoonguss|[spread] p2a,p2b\n|-resisted|p2b: Amoonguss\n|-damage|p2a: Chien-Pao|0 fnt\n|-damage|p2b: Amoonguss|81\/100\n|-unboost|p2b: Amoonguss|accuracy|1\n|faint|p2a: Chien-Pao\n|move|p2b: Amoonguss|Pollen Puff|p2: Chien-Pao|[notarget]\n|-fail|p2b: Amoonguss\n|move|p1b: Pelipper|Hurricane|p2b: Amoonguss\n|-supereffective|p2b: Amoonguss\n|-damage|p2b: Amoonguss|0 fnt\n|faint|p2b: Amoonguss\n|\n|win|Vivixification\n|raw|Vivixification's rating: 1367 → 1392<\/strong> (+25 for winning)\n|raw|Yuni Sensei's rating: 1448 → 1423<\/strong> (-25 for losing)\n","uploadtime":1682034194,"views":4,"p1id":"vivixification","p2id":"yunisensei","formatid":"gen9vgc2023regulationc","rating":1392,"private":0,"password":""}