{"id":"gen9vgc2023regulationc-1847836194","p1":"bombermc99","p2":"Alexis_student","format":"[Gen 9] VGC 2023 Regulation C","log":"|j|\u2606bombermc99\n|j|\u2606Alexis_student\n|t:|1682005941\n|gametype|doubles\n|player|p1|bombermc99|170|1249\n|player|p2|Alexis_student|1|1228\n|teamsize|p1|6\n|teamsize|p2|6\n|gen|9\n|tier|[Gen 9] VGC 2023 Regulation C\n|rated|\n|rule|Species Clause: Limit one of each Pok\u00e9mon\n|rule|Item Clause: Limit one of each item\n|clearpoke\n|poke|p1|Tatsugiri-Droopy, L50, F|\n|poke|p1|Dragonite, L50, M|\n|poke|p1|Chien-Pao, L50|\n|poke|p1|Dondozo, L50, F|\n|poke|p1|Tyranitar, L50, F|\n|poke|p1|Lycanroc, L50, M|\n|poke|p2|Amoonguss, L50, F|\n|poke|p2|Palafin, L50, F|\n|poke|p2|Arcanine, L50, F|\n|poke|p2|Flutter Mane, L50|\n|poke|p2|Roaring Moon, L50|\n|poke|p2|Ting-Lu, L50|\n|teampreview|4\n|\n|t:|1682005968\n|start\n|switch|p1a: Tyranitar|Tyranitar, L50, F|100\/100\n|switch|p1b: Lycanroc|Lycanroc, L50, M, shiny|100\/100\n|switch|p2a: Palafin|Palafin, L50, F|100\/100\n|switch|p2b: Amoonguss|Amoonguss, L50, F|100\/100\n|-weather|Sandstorm|[from] ability: Sand Stream|[of] p1a: Tyranitar\n|turn|1\n|\n|t:|1682006000\n|detailschange|p2a: Palafin|Palafin-Hero, L50, F\n|switch|p2a: Arcanine|Arcanine, L50, F|100\/100\n|-ability|p2a: Arcanine|Intimidate|boost\n|-unboost|p1a: Tyranitar|atk|1\n|-unboost|p1b: Lycanroc|atk|1\n|-terastallize|p1a: Tyranitar|Ice\n|-terastallize|p2b: Amoonguss|Water\n|move|p1b: Lycanroc|Rock Slide|p2b: Amoonguss|[spread] p2a,p2b\n|-supereffective|p2a: Arcanine\n|-damage|p2a: Arcanine|64\/100\n|-damage|p2b: Amoonguss|85\/100\n|move|p1a: Tyranitar|Ice Punch|p2b: Amoonguss\n|-resisted|p2b: Amoonguss\n|-damage|p2b: Amoonguss|74\/100\n|cant|p2b: Amoonguss|flinch\n|\n|-weather|Sandstorm|[upkeep]\n|-damage|p1a: Tyranitar|95\/100|[from] Sandstorm\n|-damage|p2b: Amoonguss|68\/100|[from] Sandstorm\n|upkeep\n|turn|2\n|\n|t:|1682006030\n|move|p1b: Lycanroc|Rock Slide|p2b: Amoonguss|[spread] p2a,p2b\n|-supereffective|p2a: Arcanine\n|-damage|p2a: Arcanine|24\/100\n|-damage|p2b: Amoonguss|52\/100\n|move|p1a: Tyranitar|Ice Punch|p2b: Amoonguss\n|-resisted|p2b: Amoonguss\n|-damage|p2b: Amoonguss|42\/100\n|-enditem|p2b: Amoonguss|Sitrus Berry|[eat]\n|-heal|p2b: Amoonguss|67\/100|[from] item: Sitrus Berry\n|move|p2a: Arcanine|Will-O-Wisp|p1a: Tyranitar\n|-status|p1a: Tyranitar|brn\n|move|p2b: Amoonguss|Spore|p1b: Lycanroc\n|-status|p1b: Lycanroc|slp|[from] move: Spore\n|\n|-weather|Sandstorm|[upkeep]\n|-damage|p1a: Tyranitar|89\/100 brn|[from] Sandstorm\n|-damage|p2b: Amoonguss|61\/100|[from] Sandstorm\n|-damage|p1a: Tyranitar|83\/100 brn|[from] brn\n|upkeep\n|turn|3\n|\n|t:|1682006055\n|switch|p1b: Tatsugiri|Tatsugiri-Droopy, L50, F, shiny|100\/100\n|switch|p1a: Dondozo|Dondozo, L50, F|100\/100\n|-activate|p1b: Tatsugiri|ability: Commander|[of] p1a: Dondozo\n|-boost|p1a: Dondozo|atk|2\n|-boost|p1a: Dondozo|spa|2\n|-boost|p1a: Dondozo|spe|2\n|-boost|p1a: Dondozo|def|2\n|-boost|p1a: Dondozo|spd|2\n|switch|p2a: Palafin|Palafin-Hero, L50, F|100\/100\n|-activate|p2a: Palafin|ability: Zero to Hero\n|move|p2b: Amoonguss|Pollen Puff|p1b: Tatsugiri|[miss]\n|-miss|p2b: Amoonguss|p1b: Tatsugiri\n|\n|-weather|Sandstorm|[upkeep]\n|-damage|p1a: Dondozo|94\/100|[from] Sandstorm\n|-damage|p1b: Tatsugiri|94\/100|[from] Sandstorm\n|-damage|p2a: Palafin|95\/100|[from] Sandstorm\n|-damage|p2b: Amoonguss|55\/100|[from] Sandstorm\n|upkeep\n|turn|4\n|\n|t:|1682006083\n|move|p1a: Dondozo|Surf|p2a: Palafin|[spread] p2a,p2b\n|-miss|p1a: Dondozo|p1b: Tatsugiri\n|-resisted|p2a: Palafin\n|-resisted|p2b: Amoonguss\n|-damage|p2a: Palafin|68\/100\n|-damage|p2b: Amoonguss|32\/100\n|move|p2a: Palafin|Haze|p2a: Palafin\n|-clearallboost\n|move|p2b: Amoonguss|Pollen Puff|p2a: Palafin\n|-heal|p2a: Palafin|100\/100\n|\n|-weather|Sandstorm|[upkeep]\n|-damage|p1b: Tatsugiri|88\/100|[from] Sandstorm\n|-damage|p2a: Palafin|95\/100|[from] Sandstorm\n|-damage|p1a: Dondozo|88\/100|[from] Sandstorm\n|-damage|p2b: Amoonguss|27\/100|[from] Sandstorm\n|upkeep\n|turn|5\n|\n|t:|1682006105\n|switch|p2b: Arcanine|Arcanine, L50, F|24\/100\n|-ability|p2b: Arcanine|Intimidate|boost\n|-unboost|p1a: Dondozo|atk|1\n|-unboost|p1b: Tatsugiri|atk|1\n|move|p2a: Palafin|Wave Crash|p1a: Dondozo\n|-resisted|p1a: Dondozo\n|-damage|p1a: Dondozo|49\/100\n|-damage|p2a: Palafin|81\/100|[from] Recoil\n|move|p1a: Dondozo|Wave Crash|p2b: Arcanine\n|-supereffective|p2b: Arcanine\n|-damage|p2b: Arcanine|0 fnt\n|faint|p2b: Arcanine\n|-damage|p1a: Dondozo|43\/100|[from] Recoil\n|\n|-weather|none\n|upkeep\n|\n|t:|1682006123\n|switch|p2b: Flutter Mane|Flutter Mane, L50|100\/100\n|turn|6\n|\n|t:|1682006136\n|move|p2a: Palafin|Jet Punch|p1a: Dondozo\n|-resisted|p1a: Dondozo\n|-damage|p1a: Dondozo|23\/100\n|move|p2b: Flutter Mane|Thunderbolt|p1a: Dondozo\n|-supereffective|p1a: Dondozo\n|-damage|p1a: Dondozo|0 fnt\n|faint|p1a: Dondozo\n|\n|upkeep\n|\n|t:|1682006146\n|switch|p1a: Tyranitar|Tyranitar, L50, F, tera:Ice|83\/100 brn\n|-weather|Sandstorm|[from] ability: Sand Stream|[of] p1a: Tyranitar\n|turn|7\n|\n|t:|1682006168\n|-end|p2b: Flutter Mane|Protosynthesis|[silent]\n|switch|p2b: Amoonguss|Amoonguss, L50, F, tera:Water|60\/100\n|move|p1a: Tyranitar|Assurance|p2a: Palafin\n|-damage|p2a: Palafin|67\/100\n|move|p1b: Tatsugiri|Muddy Water|p2a: Palafin|[spread] p2a,p2b\n|-resisted|p2a: Palafin\n|-resisted|p2b: Amoonguss\n|-damage|p2a: Palafin|41\/100\n|-damage|p2b: Amoonguss|39\/100\n|move|p2a: Palafin|Wave Crash|p1b: Tatsugiri\n|-resisted|p1b: Tatsugiri\n|-damage|p1b: Tatsugiri|41\/100\n|-damage|p2a: Palafin|30\/100|[from] Recoil\n|\n|-weather|Sandstorm|[upkeep]\n|-damage|p1a: Tyranitar|78\/100 brn|[from] Sandstorm\n|-damage|p1b: Tatsugiri|35\/100|[from] Sandstorm\n|-damage|p2a: Palafin|24\/100|[from] Sandstorm\n|-damage|p2b: Amoonguss|33\/100|[from] Sandstorm\n|-damage|p1a: Tyranitar|72\/100 brn|[from] brn\n|upkeep\n|turn|8\n|\n|t:|1682006193\n|move|p2a: Palafin|Jet Punch|p1b: Tatsugiri\n|-resisted|p1b: Tatsugiri\n|-damage|p1b: Tatsugiri|14\/100\n|move|p1a: Tyranitar|Assurance|p2a: Palafin\n|-damage|p2a: Palafin|10\/100\n|move|p1b: Tatsugiri|Muddy Water|p2a: Palafin|[spread] p2a,p2b\n|-resisted|p2a: Palafin\n|-resisted|p2b: Amoonguss\n|-damage|p2a: Palafin|0 fnt\n|-damage|p2b: Amoonguss|12\/100\n|faint|p2a: Palafin\n|move|p2b: Amoonguss|Pollen Puff|p2: Palafin|[notarget]\n|-fail|p2b: Amoonguss\n|\n|-weather|Sandstorm|[upkeep]\n|-damage|p1a: Tyranitar|66\/100 brn|[from] Sandstorm\n|-damage|p1b: Tatsugiri|8\/100|[from] Sandstorm\n|-damage|p2b: Amoonguss|6\/100|[from] Sandstorm\n|-damage|p1a: Tyranitar|60\/100 brn|[from] brn\n|upkeep\n|\n|t:|1682006209\n|switch|p2a: Flutter Mane|Flutter Mane, L50|100\/100\n|turn|9\n|\n|t:|1682006223\n|switch|p1b: Lycanroc|Lycanroc, L50, M, shiny|100\/100 slp\n|move|p2b: Amoonguss|Protect|p2b: Amoonguss\n|-singleturn|p2b: Amoonguss|Protect\n|move|p1a: Tyranitar|Assurance|p2b: Amoonguss\n|-activate|p2b: Amoonguss|move: Protect\n|move|p2a: Flutter Mane|Dazzling Gleam|p1a: Tyranitar|[spread] p1a,p1b\n|-damage|p1a: Tyranitar|11\/100 brn\n|-damage|p1b: Lycanroc|52\/100 slp\n|\n|-weather|Sandstorm|[upkeep]\n|-damage|p1a: Tyranitar|5\/100 brn|[from] Sandstorm\n|-damage|p2a: Flutter Mane|95\/100|[from] Sandstorm\n|-damage|p2b: Amoonguss|0 fnt|[from] Sandstorm\n|faint|p2b: Amoonguss\n|-damage|p1a: Tyranitar|0 fnt|[from] brn\n|faint|p1a: Tyranitar\n|upkeep\n|\n|t:|1682006237\n|switch|p1a: Tatsugiri|Tatsugiri-Droopy, L50, F, shiny|8\/100\n|turn|10\n|\n|t:|1682006247\n|cant|p1b: Lycanroc|slp\n|move|p2a: Flutter Mane|Dazzling Gleam|p1a: Tatsugiri|[spread] p1a,p1b\n|-supereffective|p1a: Tatsugiri\n|-damage|p1a: Tatsugiri|0 fnt\n|-damage|p1b: Lycanroc|3\/100 slp\n|faint|p1a: Tatsugiri\n|\n|-weather|Sandstorm|[upkeep]\n|-damage|p2a: Flutter Mane|89\/100|[from] Sandstorm\n|upkeep\n|turn|11\n|\n|t:|1682006257\n|cant|p1b: Lycanroc|slp\n|move|p2a: Flutter Mane|Dazzling Gleam|p1b: Lycanroc\n|-damage|p1b: Lycanroc|0 fnt\n|faint|p1b: Lycanroc\n|\n|win|Alexis_student\n|raw|bombermc99's rating: 1249 → 1222<\/strong> (-27 for losing)\n|raw|Alexis_student's rating: 1228 → 1255<\/strong> (+27 for winning)\n|c|\u2606bombermc99|rip\n","uploadtime":1682006269,"views":7,"p1id":"bombermc99","p2id":"alexisstudent","formatid":"gen9vgc2023regulationc","rating":1222,"private":0,"password":""}