{"id":"gen9vgc2023regulationc-1853171341","p1":"anthonynn","p2":"Memebasedgod","format":"[Gen 9] VGC 2023 Regulation C","log":"|j|\u2606anthonynn\n|j|\u2606Memebasedgod\n|t:|1682643948\n|gametype|doubles\n|player|p1|anthonynn|1|\n|player|p2|Memebasedgod|nemona-v|\n|teamsize|p1|6\n|teamsize|p2|6\n|gen|9\n|tier|[Gen 9] VGC 2023 Regulation C\n|rule|Species Clause: Limit one of each Pok\u00e9mon\n|rule|Item Clause: Limit one of each item\n|clearpoke\n|poke|p1|Torkoal, L50, F|\n|poke|p1|Lilligant, L50, F|\n|poke|p1|Dachsbun, L50, M|\n|poke|p1|Palafin, L50, F|\n|poke|p1|Farigiraf, L50, M|\n|poke|p1|Eelektross, L50, M|\n|poke|p2|Skeledirge, L50, F|\n|poke|p2|Arboliva, L50, F|\n|poke|p2|Pikachu, L50, F|\n|poke|p2|Klefki, L50, F|\n|poke|p2|Floatzel, L50, F|\n|poke|p2|Heracross, L50, F|\n|teampreview|4\nanthonynn rejected open team sheets.\n|c|\u2606Memebasedgod|glhfilysmuwulmwpls\n|c|\u2606anthonynn|ilysmiylmwigyu\n|\n|t:|1682644012\n|start\n|switch|p1a: Palafin|Palafin, L50, F|100\/100\n|switch|p1b: Torkoal|Torkoal, L50, F|100\/100\n|switch|p2a: Jingles|Klefki, L50, F|100\/100\n|switch|p2b: Un Poco Loco|Skeledirge, L50, F|100\/100\n|-weather|SunnyDay|[from] ability: Drought|[of] p1b: Torkoal\n|turn|1\n|\n|t:|1682644032\n|detailschange|p1a: Palafin|Palafin-Hero, L50, F\n|switch|p1a: Farigiraf|Farigiraf, L50, M|100\/100\n|move|p1b: Torkoal|Protect|p1b: Torkoal\n|-singleturn|p1b: Torkoal|Protect\n|move|p2a: Jingles|Light Screen|p2a: Jingles\n|-sidestart|p2: Memebasedgod|move: Light Screen\n|move|p2b: Un Poco Loco|Torch Song|p1a: Farigiraf\n|-damage|p1a: Farigiraf|41\/100\n|-boost|p2b: Un Poco Loco|spa|1\n|-enditem|p1a: Farigiraf|Sitrus Berry|[eat]\n|-heal|p1a: Farigiraf|66\/100|[from] item: Sitrus Berry\n|\n|-weather|SunnyDay|[upkeep]\n|upkeep\n|turn|2\n|\n|t:|1682644086\n|switch|p2a: Free Weed|Arboliva, L50, F|100\/100\n|-terastallize|p1b: Torkoal|Fire\n|move|p1a: Farigiraf|Ally Switch|p1a: Farigiraf\n|swap|p1a: Farigiraf|1|[from] move: Ally Switch\n|move|p2b: Un Poco Loco|Shadow Ball|p1b: Farigiraf\n|-immune|p1b: Farigiraf\n|move|p1a: Torkoal|Eruption|p2b: Un Poco Loco|[spread] p2a,p2b\n|-supereffective|p2a: Free Weed\n|-resisted|p2b: Un Poco Loco\n|-damage|p2a: Free Weed|0 fnt\n|-damage|p2b: Un Poco Loco|69\/100\n|-fieldstart|move: Grassy Terrain|[from] ability: Seed Sower|[of] p2a: Free Weed\n|faint|p2a: Free Weed\n|\n|-weather|SunnyDay|[upkeep]\n|-heal|p2b: Un Poco Loco|75\/100|[from] Grassy Terrain\n|-heal|p1b: Farigiraf|72\/100|[from] Grassy Terrain\n|upkeep\n|\n|t:|1682644106\n|switch|p2a: Live Laugh Love|Heracross, L50, F, shiny|100\/100\n|turn|3\n|\n|t:|1682644152\n|move|p2a: Live Laugh Love|Pin Missile|p1b: Farigiraf\n|-supereffective|p1b: Farigiraf\n|-damage|p1b: Farigiraf|42\/100\n|-supereffective|p1b: Farigiraf\n|-damage|p1b: Farigiraf|15\/100\n|-supereffective|p1b: Farigiraf\n|-damage|p1b: Farigiraf|0 fnt\n|faint|p1b: Farigiraf\n|-ability|p2a: Live Laugh Love|Moxie|boost\n|-boost|p2a: Live Laugh Love|atk|1\n|-hitcount|p1: Farigiraf|3\n|move|p2b: Un Poco Loco|Shadow Ball|p1a: Torkoal\n|-damage|p1a: Torkoal|31\/100\n|move|p1a: Torkoal|Eruption|p2a: Live Laugh Love|[spread] p2a,p2b\n|-supereffective|p2a: Live Laugh Love\n|-resisted|p2b: Un Poco Loco\n|-damage|p2a: Live Laugh Love|42\/100\n|-damage|p2b: Un Poco Loco|65\/100\n|\n|-weather|SunnyDay|[upkeep]\n|-heal|p2a: Live Laugh Love|48\/100|[from] Grassy Terrain\n|-heal|p2b: Un Poco Loco|71\/100|[from] Grassy Terrain\n|-heal|p1a: Torkoal|37\/100|[from] Grassy Terrain\n|upkeep\n|\n|t:|1682644159\n|switch|p1b: Eelektross|Eelektross, L50, M|100\/100\n|turn|4\n|\n|t:|1682644183\n|move|p1a: Torkoal|Protect|p1a: Torkoal\n|-singleturn|p1a: Torkoal|Protect\n|move|p2a: Live Laugh Love|Rock Blast|p1a: Torkoal\n|-activate|p1a: Torkoal|move: Protect\n|move|p2b: Un Poco Loco|Torch Song|p1b: Eelektross\n|-damage|p1b: Eelektross|9\/100\n|-boost|p2b: Un Poco Loco|spa|1\n|move|p1b: Eelektross|Flamethrower|p2a: Live Laugh Love\n|-supereffective|p2a: Live Laugh Love\n|-damage|p2a: Live Laugh Love|0 fnt\n|faint|p2a: Live Laugh Love\n|-damage|p1b: Eelektross|0 fnt|[from] item: Life Orb\n|faint|p1b: Eelektross\n|\n|-weather|SunnyDay|[upkeep]\n|-heal|p2b: Un Poco Loco|78\/100|[from] Grassy Terrain\n|-heal|p1a: Torkoal|43\/100|[from] Grassy Terrain\n|upkeep\n|\n|t:|1682644193\n|switch|p2a: Jingles|Klefki, L50, F|100\/100\n|switch|p1b: Palafin|Palafin-Hero, L50, F|100\/100\n|-activate|p1b: Palafin|ability: Zero to Hero\n|turn|5\n|\n|t:|1682644232\n|-terastallize|p2b: Un Poco Loco|Grass\n|move|p1b: Palafin|Protect|p1b: Palafin\n|-singleturn|p1b: Palafin|Protect\n|move|p1a: Torkoal|Protect|p1a: Torkoal\n|-singleturn|p1a: Torkoal|Protect\n|move|p2a: Jingles|Reflect|p2a: Jingles\n|-sidestart|p2: Memebasedgod|Reflect\n|move|p2b: Un Poco Loco|Shadow Ball|p1a: Torkoal\n|-activate|p1a: Torkoal|move: Protect\n|\n|-weather|none\n|-heal|p2b: Un Poco Loco|84\/100|[from] Grassy Terrain\n|-heal|p1a: Torkoal|49\/100|[from] Grassy Terrain\n|upkeep\n|turn|6\n|\n|t:|1682644261\n|move|p2a: Jingles|Thunder Wave|p1b: Palafin\n|-status|p1b: Palafin|par\n|-enditem|p1b: Palafin|Lum Berry|[eat]\n|-curestatus|p1b: Palafin|par|[msg]\n|move|p1b: Palafin|Wave Crash|p2a: Jingles\n|-damage|p2a: Jingles|55\/100\n|-damage|p1b: Palafin|87\/100|[from] Recoil\n|move|p2b: Un Poco Loco|Shadow Ball|p1a: Torkoal\n|-damage|p1a: Torkoal|0 fnt\n|faint|p1a: Torkoal\n|\n|-heal|p1b: Palafin|93\/100|[from] Grassy Terrain\n|-heal|p2a: Jingles|61\/100|[from] Grassy Terrain\n|-heal|p2b: Un Poco Loco|90\/100|[from] Grassy Terrain\n|-fieldend|move: Grassy Terrain\n|upkeep\n|turn|7\n|c|\u2606anthonynn|gg\n|\n|t:|1682644283\n|move|p2a: Jingles|Thunder Wave|p1b: Palafin\n|-status|p1b: Palafin|par\n|move|p2b: Un Poco Loco|Shadow Ball|p1b: Palafin\n|-damage|p1b: Palafin|17\/100 par\n|-unboost|p1b: Palafin|spd|1\n|move|p1b: Palafin|Drain Punch|p2a: Jingles\n|-damage|p2a: Jingles|40\/100\n|-heal|p1b: Palafin|27\/100 par|[from] drain|[of] p2a: Jingles\n|\n|upkeep\n|turn|8\n|\n|t:|1682644296\n|move|p2a: Jingles|Rain Dance|p2a: Jingles\n|-weather|RainDance\n|move|p1b: Palafin|Jet Punch|p2a: Jingles\n|-damage|p2a: Jingles|5\/100\n|move|p2b: Un Poco Loco|Shadow Ball|p1b: Palafin\n|-damage|p1b: Palafin|0 fnt\n|faint|p1b: Palafin\n|\n|win|Memebasedgod\n|c|\u2606Memebasedgod|ggs\n","uploadtime":1682644304,"views":9,"p1id":"anthonynn","p2id":"memebasedgod","formatid":"gen9vgc2023regulationc","rating":0,"private":0,"password":""}