{"id":"gen9vgc2023regulationc-1859215709","p1":"shadowgodvgc","p2":"reeeeeeloluwuwhi","format":"[Gen 9] VGC 2023 Regulation C","log":"|j|\u2606shadowgodvgc\n|j|\u2606reeeeeeloluwuwhi\n|t:|1683419129\n|gametype|doubles\n|player|p1|shadowgodvgc|266|1026\n|player|p2|reeeeeeloluwuwhi|266|1096\n|teamsize|p1|6\n|teamsize|p2|6\n|gen|9\n|tier|[Gen 9] VGC 2023 Regulation C\n|rated|\n|rule|Species Clause: Limit one of each Pok\u00e9mon\n|rule|Item Clause: Limit one of each item\n|clearpoke\n|poke|p1|Annihilape, L50, F|\n|poke|p1|Gyarados, L50, M|\n|poke|p1|Talonflame, L50, F|\n|poke|p1|Brute Bonnet, L50|\n|poke|p1|Cetitan, L50, F|\n|poke|p1|Abomasnow, L50, M|\n|poke|p2|Garchomp, L50, M|\n|poke|p2|Murkrow, L50, F|\n|poke|p2|Palafin, L50, M|\n|poke|p2|Muk, L50, F|\n|poke|p2|Rabsca, L50, M|\n|poke|p2|Chansey, L50, F|\n|teampreview|4\n|\n|t:|1683419160\n|start\n|switch|p1a: Talonflame|Talonflame, L50, F|100\/100\n|switch|p1b: Annihilape|Annihilape, L50, F|100\/100\n|switch|p2a: Muk|Muk, L50, F|100\/100\n|switch|p2b: Matcha|Chansey, L50, F, shiny|100\/100\n|turn|1\n|\n|t:|1683419212\n|move|p1a: Talonflame|Will-O-Wisp|p2a: Muk|[miss]\n|-miss|p1a: Talonflame|p2a: Muk\n|move|p1b: Annihilape|Bulk Up|p1b: Annihilape\n|-boost|p1b: Annihilape|atk|1\n|-boost|p1b: Annihilape|def|1\n|move|p2a: Muk|Minimize|p2a: Muk\n|-boost|p2a: Muk|evasion|2\n|move|p2b: Matcha|Life Dew||[still]|[still]|[spread] \n|-fail|p2a: Muk|heal\n|-fail|p2b: Matcha|heal\n|\n|upkeep\n|turn|2\n|\n|t:|1683419232\n|move|p1a: Talonflame|Brave Bird|p2b: Matcha\n|-crit|p2b: Matcha\n|-damage|p2b: Matcha|58\/100\n|-damage|p1a: Talonflame|68\/100|[from] Recoil\n|move|p1b: Annihilape|Drain Punch|p2b: Matcha\n|-supereffective|p2b: Matcha\n|-damage|p2b: Matcha|0 fnt\n|faint|p2b: Matcha\n|move|p2a: Muk|Minimize|p2a: Muk\n|-boost|p2a: Muk|evasion|2\n|\n|upkeep\n|\n|t:|1683419246\n|switch|p2b: Rabsca|Rabsca, L50, M|100\/100\n|turn|3\n|\n|t:|1683419288\n|-terastallize|p2b: Rabsca|Fairy\n|move|p1a: Talonflame|Flare Blitz|p2b: Rabsca\n|-damage|p2b: Rabsca|53\/100\n|-damage|p1a: Talonflame|49\/100|[from] Recoil\n|move|p1b: Annihilape|Bulk Up|p1b: Annihilape\n|-boost|p1b: Annihilape|atk|1\n|-boost|p1b: Annihilape|def|1\n|move|p2a: Muk|Minimize|p2a: Muk\n|-boost|p2a: Muk|evasion|2\n|move|p2b: Rabsca|Revival Blessing|p2b: Rabsca\n|\n|t:|1683419299\n|-heal|p2: Matcha|50\/100|[from] move: Revival Blessing\n|\n|-heal|p2b: Rabsca|59\/100|[from] item: Leftovers\n|upkeep\n|turn|4\n|\n|t:|1683419345\n|switch|p2b: Matcha|Chansey, L50, F, shiny|50\/100\n|move|p1a: Talonflame|Will-O-Wisp|p2a: Muk\n|-status|p2a: Muk|brn\n|move|p1b: Annihilape|Rage Fist|p2b: Matcha\n|-immune|p2b: Matcha\n|move|p2a: Muk|Stockpile|p2a: Muk\n|-start|p2a: Muk|stockpile1\n|-boost|p2a: Muk|def|1\n|-boost|p2a: Muk|spd|1\n|\n|-damage|p2a: Muk|94\/100 brn|[from] brn\n|upkeep\n|turn|5\n|\n|t:|1683419372\n|move|p2b: Matcha|Protect|p2b: Matcha\n|-singleturn|p2b: Matcha|Protect\n|move|p1a: Talonflame|Flare Blitz|p2a: Muk|[miss]\n|-miss|p1a: Talonflame|p2a: Muk\n|move|p1b: Annihilape|Drain Punch|p2b: Matcha\n|-activate|p2b: Matcha|move: Protect\n|move|p2a: Muk|Stockpile|p2a: Muk\n|-start|p2a: Muk|stockpile2\n|-boost|p2a: Muk|def|1\n|-boost|p2a: Muk|spd|1\n|\n|-heal|p2a: Muk|100\/100 brn|[from] item: Black Sludge\n|-damage|p2a: Muk|94\/100 brn|[from] brn\n|upkeep\n|turn|6\n|\n|t:|1683419399\n|switch|p2b: Ube|Palafin, L50, M, shiny|100\/100\n|move|p1a: Talonflame|Brave Bird|p2a: Muk|[miss]\n|-miss|p1a: Talonflame|p2a: Muk\n|move|p1b: Annihilape|Drain Punch|p2a: Muk|[miss]\n|-miss|p1b: Annihilape|p2a: Muk\n|move|p2a: Muk|Stockpile|p2a: Muk\n|-start|p2a: Muk|stockpile3\n|-boost|p2a: Muk|def|1\n|-boost|p2a: Muk|spd|1\n|\n|-heal|p2a: Muk|100\/100 brn|[from] item: Black Sludge\n|-damage|p2a: Muk|94\/100 brn|[from] brn\n|upkeep\n|turn|7\n|\n|t:|1683419436\n|detailschange|p2b: Ube|Palafin-Hero, L50, M, shiny\n|switch|p2b: Rabsca|Rabsca, L50, M, tera:Fairy|59\/100\n|move|p1a: Talonflame|Will-O-Wisp|p2b: Rabsca\n|-status|p2b: Rabsca|brn\n|move|p1b: Annihilape|Drain Punch|p2b: Rabsca\n|-resisted|p2b: Rabsca\n|-damage|p2b: Rabsca|21\/100 brn\n|move|p2a: Muk|Gunk Shot|p1b: Annihilape\n|-resisted|p1b: Annihilape\n|-damage|p1b: Annihilape|95\/100\n|\n|-heal|p1b: Annihilape|100\/100|[from] item: Leftovers\n|-heal|p2a: Muk|100\/100 brn|[from] item: Black Sludge\n|-heal|p2b: Rabsca|27\/100 brn|[from] item: Leftovers\n|-damage|p2a: Muk|94\/100 brn|[from] brn\n|-damage|p2b: Rabsca|21\/100 brn|[from] brn\n|upkeep\n|turn|8\n|\n|t:|1683419472\n|move|p1a: Talonflame|Tailwind|p1a: Talonflame\n|-sidestart|p1: shadowgodvgc|move: Tailwind\n|move|p1b: Annihilape|Drain Punch|p2b: Rabsca\n|-resisted|p2b: Rabsca\n|-damage|p2b: Rabsca|0 fnt\n|faint|p2b: Rabsca\n|move|p2a: Muk|Gunk Shot|p1a: Talonflame\n|-damage|p1a: Talonflame|15\/100\n|\n|-heal|p2a: Muk|100\/100 brn|[from] item: Black Sludge\n|-damage|p2a: Muk|94\/100 brn|[from] brn\n|upkeep\n|\n|t:|1683419486\n|switch|p2b: Ube|Palafin-Hero, L50, M, shiny|100\/100\n|-activate|p2b: Ube|ability: Zero to Hero\n|turn|9\n|\n|t:|1683419500\n|move|p2b: Ube|Protect|p2b: Ube\n|-singleturn|p2b: Ube|Protect\n|move|p1a: Talonflame|Will-O-Wisp|p2b: Ube\n|-activate|p2b: Ube|move: Protect\n|move|p1b: Annihilape|Drain Punch|p2b: Ube\n|-activate|p2b: Ube|move: Protect\n|move|p2a: Muk|Gunk Shot|p1a: Talonflame\n|-damage|p1a: Talonflame|0 fnt\n|faint|p1a: Talonflame\n|\n|-heal|p2a: Muk|100\/100 brn|[from] item: Black Sludge\n|-damage|p2a: Muk|94\/100 brn|[from] brn\n|upkeep\n|\n|t:|1683419524\n|switch|p1a: Abomasnow|Abomasnow, L50, M|100\/100\n|-weather|Snow|[from] ability: Snow Warning|[of] p1a: Abomasnow\n|turn|10\n|\n|t:|1683419545\n|-terastallize|p1a: Abomasnow|Ice\n|move|p1a: Abomasnow|Blizzard|p2a: Muk|[spread] p2a,p2b\n|-resisted|p2b: Ube\n|-damage|p2a: Muk|79\/100 brn\n|-damage|p2b: Ube|76\/100\n|move|p1b: Annihilape|Drain Punch|p2b: Ube\n|-damage|p2b: Ube|7\/100\n|-enditem|p2b: Ube|Figy Berry|[eat]\n|-heal|p2b: Ube|41\/100|[from] item: Figy Berry\n|move|p2b: Ube|Drain Punch|p1a: Abomasnow\n|-supereffective|p1a: Abomasnow\n|-damage|p1a: Abomasnow|37\/100\n|-heal|p2b: Ube|66\/100|[from] drain|[of] p1a: Abomasnow\n|move|p2a: Muk|Gunk Shot|p1b: Annihilape\n|-resisted|p1b: Annihilape\n|-damage|p1b: Annihilape|95\/100\n|\n|-weather|Snow|[upkeep]\n|-heal|p1b: Annihilape|100\/100|[from] item: Leftovers\n|-heal|p2a: Muk|85\/100 brn|[from] item: Black Sludge\n|-damage|p2a: Muk|79\/100 brn|[from] brn\n|upkeep\n|turn|11\n|\n|t:|1683419578\n|move|p2b: Ube|Protect|p2b: Ube\n|-singleturn|p2b: Ube|Protect\n|move|p1a: Abomasnow|Blizzard|p2b: Ube|[spread] p2a\n|-activate|p2b: Ube|move: Protect\n|-damage|p2a: Muk|62\/100 brn\n|move|p1b: Annihilape|Rage Fist|p2b: Ube\n|-activate|p2b: Ube|move: Protect\n|move|p2a: Muk|Drain Punch|p1a: Abomasnow\n|-supereffective|p1a: Abomasnow\n|-damage|p1a: Abomasnow|20\/100\n|-heal|p2a: Muk|69\/100 brn|[from] drain|[of] p1a: Abomasnow\n|-status|p1a: Abomasnow|psn|[from] ability: Poison Touch|[of] p2a: Muk\n|\n|-weather|Snow|[upkeep]\n|-heal|p2a: Muk|75\/100 brn|[from] item: Black Sludge\n|-damage|p1a: Abomasnow|8\/100 psn|[from] psn\n|-damage|p2a: Muk|69\/100 brn|[from] brn\n|-sideend|p1: shadowgodvgc|move: Tailwind\n|upkeep\n|turn|12\n|\n|t:|1683419601\n|switch|p2b: Matcha|Chansey, L50, F, shiny|50\/100\n|move|p1a: Abomasnow|Blizzard|p2b: Matcha|[spread] p2a,p2b\n|-damage|p2a: Muk|54\/100 brn\n|-damage|p2b: Matcha|36\/100\n|-status|p2b: Matcha|frz\n|move|p1b: Annihilape|Drain Punch|p2b: Matcha\n|-supereffective|p2b: Matcha\n|-damage|p2b: Matcha|0 fnt\n|faint|p2b: Matcha\n|move|p2a: Muk|Drain Punch|p1a: Abomasnow\n|-supereffective|p1a: Abomasnow\n|-damage|p1a: Abomasnow|0 fnt\n|-heal|p2a: Muk|56\/100 brn|[from] drain|[of] p1a: Abomasnow\n|faint|p1a: Abomasnow\n|\n|-weather|Snow|[upkeep]\n|-heal|p2a: Muk|63\/100 brn|[from] item: Black Sludge\n|-damage|p2a: Muk|56\/100 brn|[from] brn\n|upkeep\n|\n|t:|1683419619\n|switch|p1a: Cetitan|Cetitan, L50, F|100\/100\n|switch|p2b: Ube|Palafin-Hero, L50, M, shiny|66\/100\n|turn|13\n|\n|t:|1683419638\n|move|p2b: Ube|Protect|p2b: Ube\n|-singleturn|p2b: Ube|Protect\n|move|p1a: Cetitan|Ice Spinner|p2a: Muk\n|-damage|p2a: Muk|41\/100 brn\n|move|p1b: Annihilape|Rage Fist|p2a: Muk|[miss]\n|-miss|p1b: Annihilape|p2a: Muk\n|move|p2a: Muk|Gunk Shot|p1a: Cetitan\n|-damage|p1a: Cetitan|87\/100\n|\n|-weather|Snow|[upkeep]\n|-heal|p2a: Muk|47\/100 brn|[from] item: Black Sludge\n|-damage|p2a: Muk|41\/100 brn|[from] brn\n|upkeep\n|turn|14\n|\n|t:|1683419662\n|move|p1a: Cetitan|Ice Spinner|p2a: Muk\n|-damage|p2a: Muk|25\/100 brn\n|move|p2b: Ube|Drain Punch|p1a: Cetitan\n|-supereffective|p1a: Cetitan\n|-damage|p1a: Cetitan|50\/100\n|-heal|p2b: Ube|91\/100|[from] drain|[of] p1a: Cetitan\n|move|p1b: Annihilape|Drain Punch|p2a: Muk|[miss]\n|-miss|p1b: Annihilape|p2a: Muk\n|move|p2a: Muk|Drain Punch|p1a: Cetitan\n|-supereffective|p1a: Cetitan\n|-damage|p1a: Cetitan|38\/100\n|-heal|p2a: Muk|33\/100 brn|[from] drain|[of] p1a: Cetitan\n|\n|-weather|none\n|-heal|p2a: Muk|39\/100 brn|[from] item: Black Sludge\n|-damage|p2a: Muk|33\/100 brn|[from] brn\n|upkeep\n|turn|15\n|\n|t:|1683419691\n|move|p2b: Ube|Drain Punch|p1a: Cetitan\n|-supereffective|p1a: Cetitan\n|-damage|p1a: Cetitan|0 fnt\n|-heal|p2b: Ube|100\/100|[from] drain|[of] p1a: Cetitan\n|faint|p1a: Cetitan\n|move|p1b: Annihilape|Rage Fist|p2a: Muk|[miss]\n|-miss|p1b: Annihilape|p2a: Muk\n|move|p2a: Muk|Drain Punch|p1b: Annihilape\n|-immune|p1b: Annihilape\n|\n|-heal|p2a: Muk|39\/100 brn|[from] item: Black Sludge\n|-damage|p2a: Muk|33\/100 brn|[from] brn\n|upkeep\n|turn|16\n|\n|t:|1683419707\n|move|p2b: Ube|Wave Crash|p1b: Annihilape\n|-damage|p1b: Annihilape|63\/100\n|-damage|p2b: Ube|87\/100|[from] Recoil\n|move|p1b: Annihilape|Drain Punch|p2a: Muk|[miss]\n|-miss|p1b: Annihilape|p2a: Muk\n|move|p2a: Muk|Gunk Shot|p1b: Annihilape\n|-resisted|p1b: Annihilape\n|-damage|p1b: Annihilape|57\/100\n|\n|-heal|p1b: Annihilape|63\/100|[from] item: Leftovers\n|-heal|p2a: Muk|39\/100 brn|[from] item: Black Sludge\n|-damage|p2a: Muk|33\/100 brn|[from] brn\n|upkeep\n|turn|17\n|\n|t:|1683419729\n|move|p1b: Annihilape|Protect|p1b: Annihilape\n|-singleturn|p1b: Annihilape|Protect\n|move|p2b: Ube|Wave Crash|p1b: Annihilape\n|-activate|p1b: Annihilape|move: Protect\n|move|p2a: Muk|Gunk Shot|p1b: Annihilape\n|-activate|p1b: Annihilape|move: Protect\n|\n|-heal|p1b: Annihilape|69\/100|[from] item: Leftovers\n|-heal|p2a: Muk|39\/100 brn|[from] item: Black Sludge\n|-damage|p2a: Muk|33\/100 brn|[from] brn\n|upkeep\n|turn|18\n|\n|t:|1683419745\n|move|p2b: Ube|Wave Crash|p1b: Annihilape\n|-damage|p1b: Annihilape|29\/100\n|-damage|p2b: Ube|73\/100|[from] Recoil\n|move|p1b: Annihilape|Drain Punch|p2a: Muk|[miss]\n|-miss|p1b: Annihilape|p2a: Muk\n|move|p2a: Muk|Gunk Shot|p1b: Annihilape\n|-resisted|p1b: Annihilape\n|-damage|p1b: Annihilape|23\/100\n|\n|-heal|p1b: Annihilape|29\/100|[from] item: Leftovers\n|-heal|p2a: Muk|39\/100 brn|[from] item: Black Sludge\n|-damage|p2a: Muk|33\/100 brn|[from] brn\n|upkeep\n|turn|19\n|\n|t:|1683419761\n|move|p1b: Annihilape|Protect|p1b: Annihilape\n|-singleturn|p1b: Annihilape|Protect\n|move|p2b: Ube|Wave Crash|p1b: Annihilape\n|-activate|p1b: Annihilape|move: Protect\n|move|p2a: Muk|Drain Punch|p1b: Annihilape\n|-activate|p1b: Annihilape|move: Protect\n|\n|-heal|p1b: Annihilape|35\/100|[from] item: Leftovers\n|-heal|p2a: Muk|39\/100 brn|[from] item: Black Sludge\n|-damage|p2a: Muk|33\/100 brn|[from] brn\n|upkeep\n|turn|20\n|\n|t:|1683419779\n|move|p2b: Ube|Wave Crash|p1b: Annihilape\n|-damage|p1b: Annihilape|0 fnt\n|faint|p1b: Annihilape\n|-damage|p2b: Ube|62\/100|[from] Recoil\n|\n|win|reeeeeeloluwuwhi\n|raw|shadowgodvgc's rating: 1026 → 1015<\/strong> (-11 for losing)\n|raw|reeeeeeloluwuwhi's rating: 1096 → 1117<\/strong> (+21 for winning)\n","uploadtime":1683419787,"views":10,"p1id":"shadowgodvgc","p2id":"reeeeeeloluwuwhi","formatid":"gen9vgc2023regulationc","rating":1015,"private":0,"password":""}