{"id":"gen9vgc2023regulationc-1860878070","p1":"GB Seraphix","p2":"bway","format":"[Gen 9] VGC 2023 Regulation C","log":"|j|\u2606GB Seraphix\n|j|\u2606bway\n|t:|1683689340\n|gametype|doubles\n|player|p1|GB Seraphix|rosa|1158\n|player|p2|bway|hilda|1119\n|teamsize|p1|6\n|teamsize|p2|6\n|gen|9\n|tier|[Gen 9] VGC 2023 Regulation C\n|rated|\n|rule|Species Clause: Limit one of each Pok\u00e9mon\n|rule|Item Clause: Limit one of each item\n|clearpoke\n|poke|p1|Wo-Chien, L50|\n|poke|p1|Glimmora, L50, M|\n|poke|p1|Maushold, L50|\n|poke|p1|Annihilape, L50, M|\n|poke|p1|Flutter Mane, L50|\n|poke|p1|Iron Moth, L50|\n|poke|p2|Kingambit, L50, F|\n|poke|p2|Torkoal, L50, M|\n|poke|p2|Flutter Mane, L50|\n|poke|p2|Jumpluff, L50, F|\n|poke|p2|Great Tusk, L50|\n|poke|p2|Chien-Pao, L50|\n|teampreview|4\nbway has agreed to open team sheets.\n|\n|t:|1683689371\n|start\n|switch|p1a: Maushold|Maushold, L50|100\/100\n|switch|p1b: Annihilape|Annihilape, L50, M|100\/100\n|switch|p2a: Jumpluff|Jumpluff, L50, F|100\/100\n|switch|p2b: Torkoal|Torkoal, L50, M|100\/100\n|-weather|SunnyDay|[from] ability: Drought|[of] p2b: Torkoal\n|turn|1\n|\n|t:|1683689394\n|-terastallize|p1b: Annihilape|Fire\n|move|p1a: Maushold|Protect|p1a: Maushold\n|-singleturn|p1a: Maushold|Protect\n|move|p2a: Jumpluff|Tailwind|p2a: Jumpluff\n|-sidestart|p2: bway|move: Tailwind\n|move|p1b: Annihilape|Drain Punch|p2b: Torkoal\n|-damage|p2b: Torkoal|70\/100\n|move|p2b: Torkoal|Overheat|p1a: Maushold\n|-activate|p1a: Maushold|move: Protect\n|\n|-weather|SunnyDay|[upkeep]\n|upkeep\n|turn|2\n|\n|t:|1683689421\n|move|p2a: Jumpluff|Sleep Powder|p1b: Annihilape\n|-status|p1b: Annihilape|slp|[from] move: Sleep Powder\n|move|p1a: Maushold|Beat Up|p1b: Annihilape\n|-damage|p1b: Annihilape|99\/100 slp\n|-damage|p1b: Annihilape|97\/100 slp\n|-damage|p1b: Annihilape|95\/100 slp\n|-hitcount|p1b: Annihilape|3\n|cant|p1b: Annihilape|slp\n|move|p2b: Torkoal|Overheat|p1a: Maushold\n|-crit|p1a: Maushold\n|-damage|p1a: Maushold|0 fnt\n|-unboost|p2b: Torkoal|spa|2\n|-enditem|p2b: Torkoal|Eject Pack\n|faint|p1a: Maushold\n|\n|t:|1683689430\n|switch|p2b: Great Tusk|Great Tusk, L50|100\/100\n|-activate|p2b: Great Tusk|ability: Protosynthesis\n|-start|p2b: Great Tusk|protosynthesisatk\n|\n|-weather|SunnyDay|[upkeep]\n|upkeep\n|\n|t:|1683689440\n|switch|p1a: Wo-Chien|Wo-Chien, L50|100\/100\n|-ability|p1a: Wo-Chien|Tablets of Ruin\n|turn|3\n|inactive|Battle timer is ON: inactive players will automatically lose when time's up. (requested by GB Seraphix)\n|\n|t:|1683689474\n|switch|p2a: Flutter Mane|Flutter Mane, L50|100\/100\n|-activate|p2a: Flutter Mane|ability: Protosynthesis\n|-start|p2a: Flutter Mane|protosynthesisspe\n|-terastallize|p2b: Great Tusk|Fire\n|cant|p1b: Annihilape|slp\n|move|p2b: Great Tusk|Earthquake|p1a: Wo-Chien|[spread] p2a,p1a,p1b\n|-resisted|p1a: Wo-Chien\n|-supereffective|p1b: Annihilape\n|-damage|p2a: Flutter Mane|10\/100\n|-damage|p1a: Wo-Chien|85\/100\n|-damage|p1b: Annihilape|20\/100 slp\n|-enditem|p1b: Annihilape|Sitrus Berry|[eat]\n|-heal|p1b: Annihilape|45\/100 slp|[from] item: Sitrus Berry\n|move|p1a: Wo-Chien|Leech Seed|p2b: Great Tusk|[miss]\n|-miss|p1a: Wo-Chien|p2b: Great Tusk\n|\n|-weather|SunnyDay|[upkeep]\n|-heal|p1a: Wo-Chien|91\/100|[from] item: Leftovers\n|upkeep\n|turn|4\n|inactive|bway has 30 seconds left.\n|l|\u2606GB Seraphix\n|inactive|GB Seraphix disconnected and has a minute to reconnect!\n|player|p1|\n|\n|t:|1683689504\n|-end|p2a: Flutter Mane|Protosynthesis|[silent]\n|switch|p2a: Jumpluff|Jumpluff, L50, F|100\/100\n|cant|p1b: Annihilape|slp\n|move|p2b: Great Tusk|Earthquake|p1b: Annihilape|[spread] p1a,p1b\n|-immune|p2a: Jumpluff\n|-resisted|p1a: Wo-Chien\n|-supereffective|p1b: Annihilape\n|-damage|p1a: Wo-Chien|76\/100\n|-damage|p1b: Annihilape|0 fnt\n|faint|p1b: Annihilape\n|move|p1a: Wo-Chien|Leech Seed|p2b: Great Tusk\n|-start|p2b: Great Tusk|move: Leech Seed\n|\n|-weather|SunnyDay|[upkeep]\n|-heal|p1a: Wo-Chien|82\/100|[from] item: Leftovers\n|-damage|p2b: Great Tusk|88\/100|[from] Leech Seed|[of] p1a: Wo-Chien\n|-heal|p1a: Wo-Chien|94\/100|[silent]\n|-sideend|p2: bway|move: Tailwind\n|upkeep\n|j|\u2606GB Seraphix\n|inactive|GB Seraphix reconnected and has 35 seconds left.\n|player|p1|GB Seraphix|rosa\n|inactive|GB Seraphix has 30 seconds left.\n|\n|t:|1683689532\n|switch|p1b: Glimmora|Glimmora, L50, M|100\/100\n|turn|5\n|\n|t:|1683689553\n|move|p2a: Jumpluff|Encore|p1a: Wo-Chien\n|-start|p1a: Wo-Chien|Encore\n|move|p2b: Great Tusk|Earthquake|p1a: Wo-Chien|[spread] p1a,p1b\n|-immune|p2a: Jumpluff\n|-resisted|p1a: Wo-Chien\n|-supereffective|p1b: Glimmora\n|-damage|p1a: Wo-Chien|78\/100\n|-damage|p1b: Glimmora|0 fnt\n|-activate|p1b: Glimmora|ability: Toxic Debris\n|-sidestart|p2: bway|move: Toxic Spikes\n|faint|p1b: Glimmora\n|move|p1a: Wo-Chien|Leech Seed|p2a: Jumpluff\n|-immune|p2a: Jumpluff\n|\n|-weather|none\n|-end|p2b: Great Tusk|Protosynthesis\n|-heal|p1a: Wo-Chien|84\/100|[from] item: Leftovers\n|-damage|p2b: Great Tusk|76\/100|[from] Leech Seed|[of] p1a: Wo-Chien\n|-heal|p1a: Wo-Chien|96\/100|[silent]\n|upkeep\n|turn|6\n|inactive|bway has 30 seconds left.\n|\n|t:|1683689578\n|move|p2b: Great Tusk|Earthquake|p1a: Wo-Chien|[spread] p1a\n|-immune|p2a: Jumpluff\n|-resisted|p1a: Wo-Chien\n|-damage|p1a: Wo-Chien|84\/100\n|move|p2a: Jumpluff|Leaf Storm|p1a: Wo-Chien\n|-resisted|p1a: Wo-Chien\n|-damage|p1a: Wo-Chien|74\/100\n|-unboost|p2a: Jumpluff|spa|2\n|move|p1a: Wo-Chien|Leech Seed||[still]\n|-fail|p1a: Wo-Chien\n|\n|-heal|p1a: Wo-Chien|81\/100|[from] item: Leftovers\n|-damage|p2b: Great Tusk|64\/100|[from] Leech Seed|[of] p1a: Wo-Chien\n|-heal|p1a: Wo-Chien|93\/100|[silent]\n|upkeep\n|turn|7\n|\n|t:|1683689599\n|-end|p2b: Great Tusk|Protosynthesis|[silent]\n|switch|p2b: Torkoal|Torkoal, L50, M|70\/100\n|-status|p2b: Torkoal|psn\n|-weather|SunnyDay|[from] ability: Drought|[of] p2b: Torkoal\n|move|p2a: Jumpluff|Leaf Storm|p1a: Wo-Chien\n|-resisted|p1a: Wo-Chien\n|-damage|p1a: Wo-Chien|88\/100\n|-unboost|p2a: Jumpluff|spa|2\n|move|p1a: Wo-Chien|Leech Seed|p2b: Torkoal\n|-start|p2b: Torkoal|move: Leech Seed\n|\n|-weather|SunnyDay|[upkeep]\n|-heal|p1a: Wo-Chien|94\/100|[from] item: Leftovers\n|-damage|p2b: Torkoal|58\/100 psn|[from] Leech Seed|[of] p1a: Wo-Chien\n|-heal|p1a: Wo-Chien|100\/100|[silent]\n|-damage|p2b: Torkoal|45\/100 psn|[from] psn\n|-end|p1a: Wo-Chien|Encore\n|upkeep\n|turn|8\n|inactive|GB Seraphix has 30 seconds left.\n|inactive|bway has 30 seconds left.\n|\n|t:|1683689626\n|switch|p2b: Great Tusk|Great Tusk, L50, tera:Fire|64\/100\n|-status|p2b: Great Tusk|psn\n|-activate|p2b: Great Tusk|ability: Protosynthesis\n|-start|p2b: Great Tusk|protosynthesisatk\n|move|p2a: Jumpluff|Leaf Storm|p1a: Wo-Chien|[miss]\n|-miss|p2a: Jumpluff|p1a: Wo-Chien\n|move|p1a: Wo-Chien|Leech Seed|p2a: Jumpluff\n|-immune|p2a: Jumpluff\n|\n|-weather|SunnyDay|[upkeep]\n|-damage|p2b: Great Tusk|52\/100 psn|[from] psn\n|upkeep\n|turn|9\n|\n|t:|1683689648\n|move|p1a: Wo-Chien|Protect|p1a: Wo-Chien\n|-singleturn|p1a: Wo-Chien|Protect\n|move|p2a: Jumpluff|Encore|p1a: Wo-Chien\n|-activate|p1a: Wo-Chien|move: Protect\n|move|p2b: Great Tusk|Close Combat|p1a: Wo-Chien\n|-activate|p1a: Wo-Chien|move: Protect\n|\n|-weather|SunnyDay|[upkeep]\n|-damage|p2b: Great Tusk|40\/100 psn|[from] psn\n|upkeep\n|turn|10\n|\n|t:|1683689662\n|move|p1a: Wo-Chien|Protect||[still]\n|-fail|p1a: Wo-Chien\n|move|p2a: Jumpluff|Encore|p1a: Wo-Chien\n|-start|p1a: Wo-Chien|Encore\n|move|p2b: Great Tusk|Close Combat|p1a: Wo-Chien\n|-supereffective|p1a: Wo-Chien\n|-damage|p1a: Wo-Chien|3\/100\n|-unboost|p2b: Great Tusk|def|1\n|-unboost|p2b: Great Tusk|spd|1\n|\n|-weather|SunnyDay|[upkeep]\n|-heal|p1a: Wo-Chien|9\/100|[from] item: Leftovers\n|-damage|p2b: Great Tusk|28\/100 psn|[from] psn\n|upkeep\n|turn|11\n|\n|t:|1683689674\n|move|p1a: Wo-Chien|Protect|p1a: Wo-Chien\n|-singleturn|p1a: Wo-Chien|Protect\n|move|p2a: Jumpluff|Leaf Storm|p1a: Wo-Chien\n|-activate|p1a: Wo-Chien|move: Protect\n|move|p2b: Great Tusk|Close Combat|p1a: Wo-Chien\n|-activate|p1a: Wo-Chien|move: Protect\n|\n|-weather|none\n|-end|p2b: Great Tusk|Protosynthesis\n|-heal|p1a: Wo-Chien|15\/100|[from] item: Leftovers\n|-damage|p2b: Great Tusk|16\/100 psn|[from] psn\n|upkeep\n|turn|12\n|\n|t:|1683689685\n|move|p1a: Wo-Chien|Protect|p1a: Wo-Chien\n|-singleturn|p1a: Wo-Chien|Protect\n|move|p2b: Great Tusk|Close Combat|p1a: Wo-Chien\n|-activate|p1a: Wo-Chien|move: Protect\n|move|p2a: Jumpluff|Leaf Storm|p1a: Wo-Chien\n|-activate|p1a: Wo-Chien|move: Protect\n|\n|-heal|p1a: Wo-Chien|21\/100|[from] item: Leftovers\n|-damage|p2b: Great Tusk|4\/100 psn|[from] psn\n|upkeep\n|turn|13\n|\n|t:|1683689695\n|move|p1a: Wo-Chien|Protect||[still]\n|-fail|p1a: Wo-Chien\n|move|p2b: Great Tusk|Close Combat|p1a: Wo-Chien\n|-supereffective|p1a: Wo-Chien\n|-crit|p1a: Wo-Chien\n|-damage|p1a: Wo-Chien|0 fnt\n|-unboost|p2b: Great Tusk|def|1\n|-unboost|p2b: Great Tusk|spd|1\n|faint|p1a: Wo-Chien\n|\n|win|bway\n|raw|GB Seraphix's rating: 1158 → 1130<\/strong> (-28 for losing)\n|raw|bway's rating: 1119 → 1147<\/strong> (+28 for winning)\n|l|\u2606GB Seraphix\n","uploadtime":1683689701,"views":16,"p1id":"gbseraphix","p2id":"bway","formatid":"gen9vgc2023regulationc","rating":1130,"private":0,"password":""}