{"id":"gen9vgc2023regulationc-1851785651","p1":"T0pAz777","p2":"anshar_training","format":"[Gen 9] VGC 2023 Regulation C","log":"|j|\u2606T0pAz777\n|j|\u2606anshar_training\n|t:|1682483350\n|gametype|doubles\n|player|p1|T0pAz777|265|1204\n|player|p2|anshar_training|pokemaniac|1103\n|teamsize|p1|6\n|teamsize|p2|6\n|gen|9\n|tier|[Gen 9] VGC 2023 Regulation C\n|rated|\n|rule|Species Clause: Limit one of each Pok\u00e9mon\n|rule|Item Clause: Limit one of each item\n|clearpoke\n|poke|p1|Flutter Mane, L50|\n|poke|p1|Chien-Pao, L50|\n|poke|p1|Magnezone, L50|\n|poke|p1|Amoonguss, L50, F|\n|poke|p1|Ceruledge, L50, M|\n|poke|p1|Scream Tail, L50|\n|poke|p2|Dragapult, L50, F|\n|poke|p2|Amoonguss, L50, M|\n|poke|p2|Chien-Pao, L50|\n|poke|p2|Arcanine, L50, M|\n|poke|p2|Flutter Mane, L50|\n|poke|p2|Palafin, L50, M|\n|teampreview|4\n|\n|t:|1682483378\n|start\n|switch|p1a: Flutter Mane|Flutter Mane, L50, shiny|100\/100\n|switch|p1b: Chien-Pao|Chien-Pao, L50|100\/100\n|switch|p2a: Dogordito|Arcanine, L50, M|100\/100\n|switch|p2b: PlusUltra|Palafin, L50, M|100\/100\n|-ability|p1b: Chien-Pao|Sword of Ruin\n|-ability|p2a: Dogordito|Intimidate|boost\n|-unboost|p1a: Flutter Mane|atk|1\n|-unboost|p1b: Chien-Pao|atk|1\n|turn|1\n|\n|t:|1682483414\n|detailschange|p2b: PlusUltra|Palafin-Hero, L50, M\n|switch|p2b: Maverick|Dragapult, L50, F|100\/100\n|-terastallize|p1a: Flutter Mane|Water\n|move|p1b: Chien-Pao|Protect|p1b: Chien-Pao\n|-singleturn|p1b: Chien-Pao|Protect\n|move|p1a: Flutter Mane|Tera Blast|p2a: Dogordito\n|-supereffective|p2a: Dogordito\n|-damage|p2a: Dogordito|5\/100\n|move|p2a: Dogordito|Flare Blitz|p1b: Chien-Pao\n|-activate|p1b: Chien-Pao|move: Protect\n|\n|upkeep\n|turn|2\n|inactive|Battle timer is ON: inactive players will automatically lose when time's up. (requested by anshar_training)\n|\n|t:|1682483470\n|move|p2a: Dogordito|Extreme Speed|p1a: Flutter Mane\n|-crit|p1a: Flutter Mane\n|-damage|p1a: Flutter Mane|31\/100\n|move|p2b: Maverick|U-turn|p1a: Flutter Mane\n|-damage|p1a: Flutter Mane|0 fnt\n|faint|p1a: Flutter Mane\n|-end|p1a: Flutter Mane|Protosynthesis|[silent]\n|\n|t:|1682483485\n|switch|p2b: Elena|Flutter Mane, L50|100\/100|[from] U-turn\n|-enditem|p2b: Elena|Booster Energy\n|-activate|p2b: Elena|ability: Protosynthesis|[fromitem]\n|-start|p2b: Elena|protosynthesisspe\n|move|p1b: Chien-Pao|Ice Spinner|p2b: Elena\n|-damage|p2b: Elena|22\/100\n|\n|upkeep\n|\n|t:|1682483499\n|switch|p1a: Amoonguss|Amoonguss, L50, F, shiny|100\/100\n|turn|3\n|\n|t:|1682483513\n|move|p1b: Chien-Pao|Protect|p1b: Chien-Pao\n|-singleturn|p1b: Chien-Pao|Protect\n|move|p2b: Elena|Dazzling Gleam|p1a: Amoonguss|[spread] p1a\n|-activate|p1b: Chien-Pao|move: Protect\n|-resisted|p1a: Amoonguss\n|-damage|p1a: Amoonguss|87\/100\n|move|p2a: Dogordito|Flare Blitz|p1b: Chien-Pao\n|-activate|p1b: Chien-Pao|move: Protect\n|move|p1a: Amoonguss|Clear Smog|p2a: Dogordito\n|-damage|p2a: Dogordito|0 fnt\n|-clearboost|p2a: Dogordito\n|faint|p2a: Dogordito\n|\n|upkeep\n|\n|t:|1682483531\n|switch|p2a: PlusUltra|Palafin-Hero, L50, M|100\/100\n|-activate|p2a: PlusUltra|ability: Zero to Hero\n|turn|4\n|\n|t:|1682483551\n|move|p1b: Chien-Pao|Sucker Punch|p2b: Elena\n|-damage|p2b: Elena|0 fnt\n|faint|p2b: Elena\n|-end|p2b: Elena|Protosynthesis|[silent]\n|move|p2a: PlusUltra|Jet Punch|p1b: Chien-Pao\n|-damage|p1b: Chien-Pao|43\/100\n|move|p1a: Amoonguss|Spore|p2a: PlusUltra\n|-status|p2a: PlusUltra|slp|[from] move: Spore\n|\n|upkeep\n|\n|t:|1682483561\n|switch|p2b: Maverick|Dragapult, L50, F|100\/100\n|turn|5\n|\n|t:|1682483580\n|-terastallize|p2b: Maverick|Steel\n|move|p1b: Chien-Pao|Protect|p1b: Chien-Pao\n|-singleturn|p1b: Chien-Pao|Protect\n|cant|p2a: PlusUltra|slp\n|move|p2b: Maverick|Dragon Darts|p1a: Amoonguss\n|-damage|p1a: Amoonguss|49\/100\n|-enditem|p1a: Amoonguss|Sitrus Berry|[eat]\n|-heal|p1a: Amoonguss|74\/100|[from] item: Sitrus Berry\n|-anim|p2b: Maverick|Dragon Darts|p1a: Amoonguss\n|-damage|p1a: Amoonguss|34\/100\n|move|p1a: Amoonguss|Spore|p2b: Maverick\n|-status|p2b: Maverick|slp|[from] move: Spore\n|\n|upkeep\n|turn|6\n|inactive|T0pAz777 has 30 seconds left.\n|\n|t:|1682483611\n|cant|p2a: PlusUltra|slp\n|cant|p2b: Maverick|slp\n|move|p1b: Chien-Pao|Sacred Sword|p2b: Maverick\n|-supereffective|p2b: Maverick\n|-damage|p2b: Maverick|20\/100 slp\n|move|p1a: Amoonguss|Pollen Puff|p1b: Chien-Pao\n|-heal|p1b: Chien-Pao|93\/100\n|\n|upkeep\n|turn|7\n|\n|t:|1682483632\n|-curestatus|p2a: PlusUltra|slp|[msg]\n|move|p2a: PlusUltra|Jet Punch|p1b: Chien-Pao\n|-damage|p1b: Chien-Pao|31\/100\n|-curestatus|p2b: Maverick|slp|[msg]\n|move|p2b: Maverick|Dragon Darts|p1b: Chien-Pao\n|-damage|p1b: Chien-Pao|0 fnt\n|-anim|p2b: Maverick|Dragon Darts|p1a: Amoonguss\n|-damage|p1a: Amoonguss|1\/100\n|faint|p1b: Chien-Pao\n|move|p1a: Amoonguss|Pollen Puff|p1: Chien-Pao|[notarget]\n|-fail|p1a: Amoonguss\n|\n|upkeep\n|\n|t:|1682483646\n|switch|p1b: Magnezone|Magnezone, L50, shiny|100\/100\n|turn|8\n|\n|t:|1682483662\n|move|p2a: PlusUltra|Protect|p2a: PlusUltra\n|-singleturn|p2a: PlusUltra|Protect\n|move|p2b: Maverick|Dragon Darts|p1b: Magnezone\n|-resisted|p1b: Magnezone\n|-damage|p1b: Magnezone|84\/100\n|-anim|p2b: Maverick|Dragon Darts|p1a: Amoonguss\n|-crit|p1a: Amoonguss\n|-damage|p1a: Amoonguss|0 fnt\n|faint|p1a: Amoonguss\n|move|p1b: Magnezone|Thunderbolt|p2a: PlusUltra\n|-activate|p2a: PlusUltra|move: Protect\n|\n|upkeep\n|turn|9\n|\n|t:|1682483679\n|move|p2a: PlusUltra|Jet Punch|p1b: Magnezone\n|-damage|p1b: Magnezone|43\/100\n|move|p2b: Maverick|Dragon Darts|p1b: Magnezone\n|-resisted|p1b: Magnezone\n|-damage|p1b: Magnezone|26\/100\n|-anim|p2b: Maverick|Dragon Darts|p1b: Magnezone\n|-resisted|p1b: Magnezone\n|-damage|p1b: Magnezone|9\/100\n|move|p1b: Magnezone|Thunderbolt|p2a: PlusUltra\n|-supereffective|p2a: PlusUltra\n|-damage|p2a: PlusUltra|0 fnt\n|faint|p2a: PlusUltra\n|\n|upkeep\n|turn|10\n|\n|t:|1682483698\n|move|p2b: Maverick|Dragon Darts|p1b: Magnezone\n|-resisted|p1b: Magnezone\n|-damage|p1b: Magnezone|0 fnt\n|faint|p1b: Magnezone\n|\n|win|anshar_training\n|raw|T0pAz777's rating: 1204 → 1172<\/strong> (-32 for losing)\n|raw|anshar_training's rating: 1103 → 1135<\/strong> (+32 for winning)\n|l|\u2606T0pAz777\n","uploadtime":1682483707,"views":9,"p1id":"t0paz777","p2id":"anshartraining","formatid":"gen9vgc2023regulationc","rating":1135,"private":0,"password":""}