{"id":"gen9vgc2023regulationc-1847771205","p1":"Kaibar","p2":"ROSSIFIORI9898","format":"[Gen 9] VGC 2023 Regulation C","log":"|j|\u2606Kaibar\n|j|\u2606ROSSIFIORI9898\n|t:|1682000588\n|gametype|doubles\n|player|p1|Kaibar|blackbelt-gen4dp|1113\n|player|p2|ROSSIFIORI9898|youngster-gen4dp|1091\n|teamsize|p1|6\n|teamsize|p2|6\n|gen|9\n|tier|[Gen 9] VGC 2023 Regulation C\n|rated|\n|rule|Species Clause: Limit one of each Pok\u00e9mon\n|rule|Item Clause: Limit one of each item\n|clearpoke\n|poke|p1|Arcanine, L50, F|\n|poke|p1|Amoonguss, L50, M|\n|poke|p1|Kingambit, L50, F|\n|poke|p1|Flutter Mane, L50|\n|poke|p1|Dragonite, L50, M|\n|poke|p1|Palafin, L50, F|\n|poke|p2|Tyranitar, L50, F|\n|poke|p2|Meowscarada, L50, M|\n|poke|p2|Iron Bundle, L50|\n|poke|p2|Amoonguss, L50, F|\n|poke|p2|Ting-Lu, L50|\n|poke|p2|Chi-Yu, L50|\n|teampreview|4\nKaibar has agreed to open team sheets.\nROSSIFIORI9898 has agreed to open team sheets.\n|\n|t:|1682000650\n|start\n|switch|p1a: Windy|Arcanine, L50, F, shiny|100\/100\n|switch|p1b: Dragonite|Dragonite, L50, M|100\/100\n|switch|p2a: Chi-Yu|Chi-Yu, L50|100\/100\n|switch|p2b: Amoonguss|Amoonguss, L50, F|100\/100\n|-ability|p2a: Chi-Yu|Beads of Ruin\n|-ability|p1a: Windy|Intimidate|boost\n|-unboost|p2a: Chi-Yu|atk|1\n|-unboost|p2b: Amoonguss|atk|1\n|turn|1\n|\n|t:|1682000691\n|move|p2a: Chi-Yu|Dark Pulse|p1a: Windy\n|-damage|p1a: Windy|39\/100\n|move|p1a: Windy|Howl|p1a: Windy|[spread] p1a,p1b\n|-boost|p1a: Windy|atk|1\n|-boost|p1b: Dragonite|atk|1\n|move|p1b: Dragonite|Earthquake|p2a: Chi-Yu|[spread] p1a,p2a,p2b\n|-supereffective|p1a: Windy\n|-supereffective|p2a: Chi-Yu\n|-damage|p1a: Windy|0 fnt\n|-damage|p2a: Chi-Yu|0 fnt\n|-damage|p2b: Amoonguss|51\/100\n|faint|p1a: Windy\n|faint|p2a: Chi-Yu\n|move|p2b: Amoonguss|Spore|p1b: Dragonite\n|-status|p1b: Dragonite|slp|[from] move: Spore\n|\n|-heal|p2b: Amoonguss|57\/100|[from] item: Leftovers\n|upkeep\n|\n|t:|1682000722\n|switch|p2a: Iron Bundle|Iron Bundle, L50|100\/100\n|switch|p1a: Kingambit|Kingambit, L50, F|100\/100\n|-enditem|p2a: Iron Bundle|Booster Energy\n|-activate|p2a: Iron Bundle|ability: Quark Drive|[fromitem]\n|-start|p2a: Iron Bundle|quarkdrivespe\n|turn|2\n|\n|t:|1682000756\n|switch|p1b: Amoonguss|Amoonguss, L50, M|100\/100\n|-terastallize|p2a: Iron Bundle|Water\n|move|p2a: Iron Bundle|Freeze-Dry|p1b: Amoonguss\n|-supereffective|p1b: Amoonguss\n|-damage|p1b: Amoonguss|46\/100\n|-enditem|p1b: Amoonguss|Sitrus Berry|[eat]\n|-heal|p1b: Amoonguss|71\/100|[from] item: Sitrus Berry\n|move|p1a: Kingambit|Swords Dance|p1a: Kingambit\n|-boost|p1a: Kingambit|atk|2\n|move|p2b: Amoonguss|Spore|p1a: Kingambit\n|-status|p1a: Kingambit|slp|[from] move: Spore\n|-enditem|p1a: Kingambit|Lum Berry|[eat]\n|-curestatus|p1a: Kingambit|slp|[msg]\n|\n|-heal|p2b: Amoonguss|62\/100|[from] item: Leftovers\n|upkeep\n|turn|3\n|\n|t:|1682000793\n|move|p2b: Amoonguss|Rage Powder|p2b: Amoonguss\n|-singleturn|p2b: Amoonguss|move: Rage Powder\n|move|p2a: Iron Bundle|Freeze-Dry|p1b: Amoonguss\n|-supereffective|p1b: Amoonguss\n|-damage|p1b: Amoonguss|20\/100\n|move|p1a: Kingambit|Kowtow Cleave|p2b: Amoonguss\n|-damage|p2b: Amoonguss|0 fnt\n|faint|p2b: Amoonguss\n|move|p1b: Amoonguss|Clear Smog|p2a: Iron Bundle\n|-damage|p2a: Iron Bundle|70\/100\n|-clearboost|p2a: Iron Bundle\n|\n|upkeep\n|\n|t:|1682000805\n|switch|p2b: Meowscarada|Meowscarada, L50, M|100\/100\n|turn|4\n|\n|t:|1682000830\n|move|p2a: Iron Bundle|Hydro Pump|p1a: Kingambit\n|-damage|p1a: Kingambit|25\/100\n|move|p2b: Meowscarada|U-turn|p1b: Amoonguss\n|-start|p2b: Meowscarada|typechange|Bug|[from] ability: Protean\n|-damage|p1b: Amoonguss|0 fnt\n|faint|p1b: Amoonguss\n|move|p1a: Kingambit|Kowtow Cleave|p2a: Iron Bundle\n|-damage|p2a: Iron Bundle|0 fnt\n|faint|p2a: Iron Bundle\n|-end|p2a: Iron Bundle|Quark Drive|[silent]\n|\n|upkeep\n|\n|t:|1682000841\n|switch|p1b: Dragonite|Dragonite, L50, M|100\/100 slp\n|turn|5\n|\n|t:|1682000854\n|-terastallize|p1b: Dragonite|Flying\n|move|p1a: Kingambit|Sucker Punch|p2b: Meowscarada\n|-damage|p2b: Meowscarada|0 fnt\n|faint|p2b: Meowscarada\n|\n|win|Kaibar\n|raw|Kaibar's rating: 1113 → 1136<\/strong> (+23 for winning)\n|raw|ROSSIFIORI9898's rating: 1091 → 1069<\/strong> (-22 for losing)\n|l|\u2606ROSSIFIORI9898\n","uploadtime":1682000861,"views":6,"p1id":"kaibar","p2id":"rossifiori9898","formatid":"gen9vgc2023regulationc","rating":1069,"private":0,"password":""}