{"id":"gen9vgc2023regulationc-1856204532","p1":"Evil Azumarills","p2":"BloomingSakuraFE","format":"[Gen 9] VGC 2023 Regulation C","log":"|j|\u2606Evil Azumarills\n|j|\u2606BloomingSakuraFE\n|t:|1683040490\n|gametype|doubles\n|player|p1|Evil Azumarills|morty|1077\n|player|p2|BloomingSakuraFE|cynthia-gen4|1128\n|teamsize|p1|6\n|teamsize|p2|6\n|gen|9\n|tier|[Gen 9] VGC 2023 Regulation C\n|rated|\n|rule|Species Clause: Limit one of each Pok\u00e9mon\n|rule|Item Clause: Limit one of each item\n|clearpoke\n|poke|p1|Pelipper, L50, F|\n|poke|p1|Palafin, L50, F|\n|poke|p1|Iron Jugulis, L50|\n|poke|p1|Amoonguss, L50, M|\n|poke|p1|Gholdengo, L50|\n|poke|p1|Chi-Yu, L50|\n|poke|p2|Corviknight, L50, M|\n|poke|p2|Lycanroc, L50, M|\n|poke|p2|Dragapult, L50, M|\n|poke|p2|Tyranitar, L50, M|\n|poke|p2|Iron Bundle, L50|\n|poke|p2|Amoonguss, L50, F|\n|teampreview|4\n|inactive|Battle timer is ON: inactive players will automatically lose when time's up. (requested by BloomingSakuraFE)\nEvil Azumarills has agreed to open team sheets.\n|\n|t:|1683040510\n|start\n|switch|p1a: Pelipper|Pelipper, L50, F|100\/100\n|switch|p1b: Palafin|Palafin, L50, F|100\/100\n|switch|p2a: Dragapult|Dragapult, L50, M|100\/100\n|switch|p2b: Lycanroc|Lycanroc, L50, M|100\/100\n|-weather|RainDance|[from] ability: Drizzle|[of] p1a: Pelipper\n|turn|1\n|\n|t:|1683040528\n|move|p1a: Pelipper|Wide Guard|p1a: Pelipper\n|-singleturn|p1a: Pelipper|Wide Guard\n|move|p1b: Palafin|Jet Punch|p2b: Lycanroc\n|-supereffective|p2b: Lycanroc\n|-enditem|p2b: Lycanroc|Focus Sash\n|-damage|p2b: Lycanroc|1\/100\n|move|p2a: Dragapult|U-turn|p1a: Pelipper\n|-resisted|p1a: Pelipper\n|-damage|p1a: Pelipper|78\/100\n|\n|t:|1683040534\n|switch|p2a: Tyranitar|Tyranitar, L50, M|100\/100|[from] U-turn\n|-weather|Sandstorm|[from] ability: Sand Stream|[of] p2a: Tyranitar\n|move|p2b: Lycanroc|Rock Slide|p1a: Pelipper|[spread] \n|-activate|p1a: Pelipper|move: Wide Guard\n|-activate|p1b: Palafin|move: Wide Guard\n|\n|-weather|Sandstorm|[upkeep]\n|-damage|p1b: Palafin|95\/100|[from] Sandstorm\n|-damage|p1a: Pelipper|72\/100|[from] Sandstorm\n|upkeep\n|turn|2\n|\n|t:|1683040552\n|move|p2b: Lycanroc|Endure|p2b: Lycanroc\n|-singleturn|p2b: Lycanroc|move: Endure\n|move|p1b: Palafin|Jet Punch|p2b: Lycanroc\n|-supereffective|p2b: Lycanroc\n|-activate|p2b: Lycanroc|move: Endure\n|-damage|p2b: Lycanroc|1\/100\n|move|p1a: Pelipper|Tailwind|p1a: Pelipper\n|-sidestart|p1: Evil Azumarills|move: Tailwind\n|move|p2a: Tyranitar|Assurance|p1a: Pelipper\n|-damage|p1a: Pelipper|25\/100\n|\n|-weather|Sandstorm|[upkeep]\n|-damage|p1b: Palafin|89\/100|[from] Sandstorm\n|-damage|p1a: Pelipper|19\/100|[from] Sandstorm\n|upkeep\n|turn|3\n|inactive|Evil Azumarills has 30 seconds left.\n|\n|t:|1683040582\n|switch|p2b: Iron Bundle|Iron Bundle, L50|100\/100\n|-enditem|p2b: Iron Bundle|Booster Energy\n|-activate|p2b: Iron Bundle|ability: Quark Drive|[fromitem]\n|-start|p2b: Iron Bundle|quarkdrivespe\n|detailschange|p1b: Palafin|Palafin-Hero, L50, F\n|switch|p1b: Gholdengo|Gholdengo, L50|100\/100\n|move|p1a: Pelipper|Icy Wind|p2b: Iron Bundle|[spread] p2b\n|-miss|p1a: Pelipper|p2a: Tyranitar\n|-resisted|p2b: Iron Bundle\n|-damage|p2b: Iron Bundle|94\/100\n|-unboost|p2b: Iron Bundle|spe|1\n|move|p2a: Tyranitar|Rock Slide|p1b: Gholdengo|[spread] p1a,p1b\n|-supereffective|p1a: Pelipper\n|-resisted|p1b: Gholdengo\n|-damage|p1a: Pelipper|0 fnt\n|-damage|p1b: Gholdengo|85\/100\n|faint|p1a: Pelipper\n|\n|-weather|Sandstorm|[upkeep]\n|-damage|p2b: Iron Bundle|88\/100|[from] Sandstorm\n|upkeep\n|\n|t:|1683040600\n|switch|p1a: Palafin|Palafin-Hero, L50, F|89\/100\n|-activate|p1a: Palafin|ability: Zero to Hero\n|turn|4\n|\n|t:|1683040625\n|-terastallize|p1a: Palafin|Water\n|move|p1a: Palafin|Wave Crash|p2a: Tyranitar\n|-supereffective|p2a: Tyranitar\n|-damage|p2a: Tyranitar|0 fnt\n|faint|p2a: Tyranitar\n|-damage|p1a: Palafin|55\/100|[from] Recoil\n|move|p1b: Gholdengo|Make It Rain|p2b: Iron Bundle\n|-damage|p2b: Iron Bundle|0 fnt\n|-unboost|p1b: Gholdengo|spa|1\n|faint|p2b: Iron Bundle\n|-end|p2b: Iron Bundle|Quark Drive|[silent]\n|\n|-weather|Sandstorm|[upkeep]\n|-damage|p1a: Palafin|49\/100|[from] Sandstorm\n|upkeep\n|\n|t:|1683040640\n|switch|p2b: Dragapult|Dragapult, L50, M|100\/100\n|switch|p2a: Lycanroc|Lycanroc, L50, M|1\/100\n|turn|5\n|inactive|Evil Azumarills has 30 seconds left.\n|\n|t:|1683040666\n|-terastallize|p2b: Dragapult|Dragon\n|move|p2a: Lycanroc|Endure|p2a: Lycanroc\n|-singleturn|p2a: Lycanroc|move: Endure\n|move|p1a: Palafin|Wave Crash|p2b: Dragapult\n|-resisted|p2b: Dragapult\n|-damage|p2b: Dragapult|11\/100\n|-damage|p1a: Palafin|25\/100|[from] Recoil\n|move|p1b: Gholdengo|Make It Rain|p2b: Dragapult|[spread] p2a,p2b\n|-supereffective|p2a: Lycanroc\n|-activate|p2a: Lycanroc|move: Endure\n|-damage|p2a: Lycanroc|1\/100\n|-damage|p2b: Dragapult|0 fnt\n|-unboost|p1b: Gholdengo|spa|1\n|faint|p2b: Dragapult\n|\n|-weather|none\n|-sideend|p1: Evil Azumarills|move: Tailwind\n|upkeep\n|turn|6\n|-message|BloomingSakuraFE forfeited.\n|\n|win|Evil Azumarills\n|raw|Evil Azumarills's rating: 1077 → 1110<\/strong> (+33 for winning)\n|raw|BloomingSakuraFE's rating: 1128 → 1099<\/strong> (-29 for losing)\n|l|\u2606BloomingSakuraFE\n|c|\u2606Evil Azumarills|gg\n","uploadtime":1683040745,"views":12,"p1id":"evilazumarills","p2id":"bloomingsakurafe","formatid":"gen9vgc2023regulationc","rating":1099,"private":0,"password":""}