{"id":"gen9vgc2023regulationc-1855930999","p1":"littlemagpie2","p2":"Stache_Official","format":"[Gen 9] VGC 2023 Regulation C","log":"|j|\u2606littlemagpie2\n|j|\u2606Stache_Official\n|t:|1683002436\n|gametype|doubles\n|player|p1|littlemagpie2|workerice|1132\n|player|p2|Stache_Official|170|1164\n|teamsize|p1|6\n|teamsize|p2|6\n|gen|9\n|tier|[Gen 9] VGC 2023 Regulation C\n|rated|\n|rule|Species Clause: Limit one of each Pok\u00e9mon\n|rule|Item Clause: Limit one of each item\n|clearpoke\n|poke|p1|Tyranitar, L50, M|\n|poke|p1|Garchomp, L50, F|\n|poke|p1|Houndstone, L50, F|\n|poke|p1|Gholdengo, L50|\n|poke|p1|Amoonguss, L50, F|\n|poke|p1|Toxapex, L50, M|\n|poke|p2|Garganacl, L50, F|\n|poke|p2|Arcanine, L50, F|\n|poke|p2|Grimmsnarl, L50, M|\n|poke|p2|Wo-Chien, L50|\n|poke|p2|Gastrodon, L50, F|\n|poke|p2|Annihilape, L50, M|\n|teampreview|4\n|\n|t:|1683002467\n|start\n|switch|p1a: Tyranitar|Tyranitar, L50, M|100\/100\n|switch|p1b: Garchomp|Garchomp, L50, F|100\/100\n|switch|p2a: Arcanine|Arcanine, L50, F|100\/100\n|switch|p2b: Grimmsnarl|Grimmsnarl, L50, M|100\/100\n|-ability|p2a: Arcanine|Intimidate|boost\n|-unboost|p1a: Tyranitar|atk|1\n|-unboost|p1b: Garchomp|atk|1\n|-weather|Sandstorm|[from] ability: Sand Stream|[of] p1a: Tyranitar\n|turn|1\n|\n|t:|1683002482\n|switch|p1b: Amoonguss|Amoonguss, L50, F|100\/100\n|-terastallize|p2a: Arcanine|Water\n|move|p2b: Grimmsnarl|Reflect|p2b: Grimmsnarl\n|-sidestart|p2: Stache_Official|Reflect\n|move|p2a: Arcanine|Will-O-Wisp|p1b: Amoonguss|[miss]\n|-miss|p2a: Arcanine|p1b: Amoonguss\n|move|p1a: Tyranitar|Rock Slide|p2a: Arcanine|[spread] p2a,p2b\n|-damage|p2a: Arcanine|85\/100\n|-damage|p2b: Grimmsnarl|87\/100\n|\n|-weather|Sandstorm|[upkeep]\n|-damage|p2a: Arcanine|79\/100|[from] Sandstorm\n|-damage|p2b: Grimmsnarl|81\/100|[from] Sandstorm\n|-damage|p1b: Amoonguss|95\/100|[from] Sandstorm\n|upkeep\n|turn|2\n|\n|t:|1683002505\n|switch|p1a: Garchomp|Garchomp, L50, F|100\/100\n|switch|p2b: Garganacl|Garganacl, L50, F|100\/100\n|move|p2a: Arcanine|Will-O-Wisp|p1a: Garchomp\n|-status|p1a: Garchomp|brn\n|move|p1b: Amoonguss|Spore|p2a: Arcanine\n|-status|p2a: Arcanine|slp|[from] move: Spore\n|\n|-weather|Sandstorm|[upkeep]\n|-damage|p2a: Arcanine|73\/100 slp|[from] Sandstorm\n|-damage|p1b: Amoonguss|89\/100|[from] Sandstorm\n|-damage|p1a: Garchomp|94\/100 brn|[from] brn\n|upkeep\n|turn|3\n|\n|t:|1683002530\n|switch|p2a: Grimmsnarl|Grimmsnarl, L50, M|81\/100\n|move|p2b: Garganacl|Wide Guard|p2b: Garganacl\n|-singleturn|p2b: Garganacl|Wide Guard\n|move|p1a: Garchomp|Stomping Tantrum|p2b: Garganacl\n|-supereffective|p2b: Garganacl\n|-damage|p2b: Garganacl|76\/100\n|-damage|p1a: Garchomp|85\/100 brn|[from] item: Life Orb\n|move|p1b: Amoonguss|Spore|p2a: Grimmsnarl\n|-status|p2a: Grimmsnarl|slp|[from] move: Spore\n|\n|-weather|Sandstorm|[upkeep]\n|-damage|p2a: Grimmsnarl|75\/100 slp|[from] Sandstorm\n|-damage|p1b: Amoonguss|83\/100|[from] Sandstorm\n|-damage|p1a: Garchomp|79\/100 brn|[from] brn\n|upkeep\n|turn|4\n|\n|t:|1683002548\n|switch|p2a: Arcanine|Arcanine, L50, F, tera:Water|73\/100 slp\n|-ability|p2a: Arcanine|Intimidate|boost\n|-unboost|p1a: Garchomp|atk|1\n|-unboost|p1b: Amoonguss|atk|1\n|move|p1a: Garchomp|Stomping Tantrum|p2b: Garganacl\n|-supereffective|p2b: Garganacl\n|-damage|p2b: Garganacl|58\/100\n|-damage|p1a: Garchomp|69\/100 brn|[from] item: Life Orb\n|move|p2b: Garganacl|Salt Cure|p1a: Garchomp\n|-resisted|p1a: Garchomp\n|-damage|p1a: Garchomp|62\/100 brn\n|-start|p1a: Garchomp|Salt Cure\n|move|p1b: Amoonguss|Pollen Puff|p1a: Garchomp\n|-heal|p1a: Garchomp|100\/100 brn\n|\n|-weather|Sandstorm|[upkeep]\n|-damage|p2a: Arcanine|67\/100 slp|[from] Sandstorm\n|-damage|p1b: Amoonguss|77\/100|[from] Sandstorm\n|-damage|p1a: Garchomp|94\/100 brn|[from] brn\n|-damage|p1a: Garchomp|82\/100 brn|[from] Salt Cure\n|upkeep\n|turn|5\n|\n|t:|1683002573\n|switch|p1a: Tyranitar|Tyranitar, L50, M|100\/100\n|cant|p2a: Arcanine|slp\n|move|p2b: Garganacl|Recover|p2b: Garganacl\n|-heal|p2b: Garganacl|100\/100\n|move|p1b: Amoonguss|Pollen Puff|p2a: Arcanine\n|-damage|p2a: Arcanine|51\/100 slp\n|\n|-weather|Sandstorm|[upkeep]\n|-damage|p2a: Arcanine|45\/100 slp|[from] Sandstorm\n|-damage|p1b: Amoonguss|71\/100|[from] Sandstorm\n|-enditem|p2a: Arcanine|Sitrus Berry|[eat]\n|-heal|p2a: Arcanine|70\/100 slp|[from] item: Sitrus Berry\n|upkeep\n|turn|6\n|\n|t:|1683002594\n|cant|p2a: Arcanine|slp\n|move|p1a: Tyranitar|Rock Slide|p2a: Arcanine|[spread] p2a,p2b\n|-crit|p2a: Arcanine\n|-damage|p2a: Arcanine|22\/100 slp\n|-damage|p2b: Garganacl|85\/100\n|move|p2b: Garganacl|Salt Cure|p1b: Amoonguss\n|-damage|p1b: Amoonguss|56\/100\n|-start|p1b: Amoonguss|Salt Cure\n|move|p1b: Amoonguss|Spore|p2a: Arcanine\n|-fail|p2a: Arcanine|slp\n|\n|-weather|Sandstorm|[upkeep]\n|-damage|p2a: Arcanine|16\/100 slp|[from] Sandstorm\n|-damage|p1b: Amoonguss|50\/100|[from] Sandstorm\n|-damage|p1b: Amoonguss|38\/100|[from] Salt Cure\n|upkeep\n|turn|7\n|\n|t:|1683002624\n|switch|p1b: Garchomp|Garchomp, L50, F|82\/100 brn\n|move|p2b: Garganacl|Wide Guard|p2b: Garganacl\n|-singleturn|p2b: Garganacl|Wide Guard\n|cant|p2a: Arcanine|slp\n|move|p1a: Tyranitar|Rock Slide|p2a: Arcanine|[spread] \n|-activate|p2a: Arcanine|move: Wide Guard\n|-activate|p2b: Garganacl|move: Wide Guard\n|\n|-weather|Sandstorm|[upkeep]\n|-damage|p2a: Arcanine|10\/100 slp|[from] Sandstorm\n|-damage|p1b: Garchomp|76\/100 brn|[from] brn\n|upkeep\n|turn|8\n|\n|t:|1683002642\n|switch|p2a: Grimmsnarl|Grimmsnarl, L50, M|75\/100 slp\n|move|p1b: Garchomp|Stomping Tantrum|p2a: Grimmsnarl\n|-damage|p2a: Grimmsnarl|57\/100 slp\n|-damage|p1b: Garchomp|67\/100 brn|[from] item: Life Orb\n|move|p1a: Tyranitar|Assurance|p2b: Garganacl\n|-damage|p2b: Garganacl|69\/100\n|move|p2b: Garganacl|Salt Cure|p1b: Garchomp\n|-resisted|p1b: Garchomp\n|-damage|p1b: Garchomp|59\/100 brn\n|-start|p1b: Garchomp|Salt Cure\n|\n|-weather|none\n|-damage|p1b: Garchomp|53\/100 brn|[from] brn\n|-damage|p1b: Garchomp|41\/100 brn|[from] Salt Cure\n|-sideend|p2: Stache_Official|Reflect\n|upkeep\n|turn|9\n|\n|t:|1683002662\n|cant|p2a: Grimmsnarl|slp\n|move|p1b: Garchomp|Stomping Tantrum|p2b: Garganacl\n|-supereffective|p2b: Garganacl\n|-damage|p2b: Garganacl|34\/100\n|-damage|p1b: Garchomp|31\/100 brn|[from] item: Life Orb\n|move|p1a: Tyranitar|Assurance|p2b: Garganacl\n|-damage|p2b: Garganacl|0 fnt\n|faint|p2b: Garganacl\n|\n|-damage|p1b: Garchomp|25\/100 brn|[from] brn\n|-damage|p1b: Garchomp|13\/100 brn|[from] Salt Cure\n|upkeep\n|\n|t:|1683002674\n|switch|p2b: Arcanine|Arcanine, L50, F, tera:Water|10\/100 slp\n|-ability|p2b: Arcanine|Intimidate|boost\n|-unboost|p1a: Tyranitar|atk|1\n|-unboost|p1b: Garchomp|atk|1\n|turn|10\n|\n|t:|1683002684\n|-curestatus|p2b: Arcanine|slp|[msg]\n|move|p2b: Arcanine|Protect|p2b: Arcanine\n|-singleturn|p2b: Arcanine|Protect\n|-curestatus|p2a: Grimmsnarl|slp|[msg]\n|move|p2a: Grimmsnarl|Reflect|p2a: Grimmsnarl\n|-sidestart|p2: Stache_Official|Reflect\n|move|p1b: Garchomp|Stomping Tantrum|p2a: Grimmsnarl\n|-damage|p2a: Grimmsnarl|45\/100\n|-damage|p1b: Garchomp|3\/100 brn|[from] item: Life Orb\n|move|p1a: Tyranitar|Rock Slide|p2a: Grimmsnarl|[spread] p2a\n|-activate|p2b: Arcanine|move: Protect\n|-damage|p2a: Grimmsnarl|30\/100\n|\n|-damage|p1b: Garchomp|0 fnt|[from] brn\n|faint|p1b: Garchomp\n|upkeep\n|\n|t:|1683002699\n|switch|p1b: Amoonguss|Amoonguss, L50, F|71\/100\n|turn|11\n|\n|t:|1683002713\n|move|p1b: Amoonguss|Protect|p1b: Amoonguss\n|-singleturn|p1b: Amoonguss|Protect\n|move|p2b: Arcanine|Flare Blitz|p1b: Amoonguss\n|-activate|p1b: Amoonguss|move: Protect\n|move|p1a: Tyranitar|Rock Slide|p2a: Grimmsnarl|[spread] p2a,p2b\n|-damage|p2a: Grimmsnarl|16\/100\n|-damage|p2b: Arcanine|0 fnt\n|faint|p2b: Arcanine\n|cant|p2a: Grimmsnarl|flinch\n|\n|upkeep\n|\n|t:|1683002715\n|switch|p2b: Annihilape|Annihilape, L50, M|100\/100\n|turn|12\n|\n|t:|1683002741\n|move|p2b: Annihilape|Rage Fist|p1b: Amoonguss\n|-damage|p1b: Amoonguss|48\/100\n|move|p1a: Tyranitar|Tera Blast|p2a: Grimmsnarl\n|-damage|p2a: Grimmsnarl|0 fnt\n|faint|p2a: Grimmsnarl\n|move|p1b: Amoonguss|Spore|p2b: Annihilape\n|-status|p2b: Annihilape|slp|[from] move: Spore\n|\n|upkeep\n|turn|13\n|-message|Stache_Official forfeited.\n|\n|win|littlemagpie2\n|raw|littlemagpie2's rating: 1132 → 1159<\/strong> (+27 for winning)\n|raw|Stache_Official's rating: 1164 → 1137<\/strong> (-27 for losing)\n|l|\u2606Stache_Official\n|c|\u2606littlemagpie2|gg\n","uploadtime":1683002753,"views":10,"p1id":"littlemagpie2","p2id":"stacheofficial","formatid":"gen9vgc2023regulationc","rating":1137,"private":0,"password":""}