{"id":"gen9vgc2023regulationc-1845981677","p1":"The old cobba","p2":"uhoh I poopd","format":"[Gen 9] VGC 2023 Regulation C","log":"|j|\u2606The old cobba\n|j|\u2606uhoh I poopd\n|t:|1681786917\n|gametype|doubles\n|player|p1|The old cobba|266|1310\n|player|p2|uhoh I poopd|colress|1342\n|teamsize|p1|6\n|teamsize|p2|6\n|gen|9\n|tier|[Gen 9] VGC 2023 Regulation C\n|rated|\n|rule|Species Clause: Limit one of each Pok\u00e9mon\n|rule|Item Clause: Limit one of each item\n|clearpoke\n|poke|p1|Lycanroc, L50, M|\n|poke|p1|Tyranitar, L50, F|\n|poke|p1|Indeedee-F, L50, F|\n|poke|p1|Armarouge, L50, M|\n|poke|p1|Annihilape, L50, F|\n|poke|p1|Amoonguss, L50, F|\n|poke|p2|Masquerain, L50, F|\n|poke|p2|Coalossal, L50, M|\n|poke|p2|Amoonguss, L50, M|\n|poke|p2|Arcanine, L50, M|\n|poke|p2|Palafin, L50, M|\n|poke|p2|Annihilape, L50, M|\n|teampreview|4\n|inactive|Battle timer is ON: inactive players will automatically lose when time's up. (requested by The old cobba)\n|\n|t:|1681786937\n|start\n|switch|p1a: Lycanroc|Lycanroc, L50, M|100\/100\n|switch|p1b: Tyranitar|Tyranitar, L50, F|100\/100\n|switch|p2a: Angy|Annihilape, L50, M|100\/100\n|switch|p2b: Palafin|Palafin, L50, M|100\/100\n|-weather|Sandstorm|[from] ability: Sand Stream|[of] p1b: Tyranitar\n|turn|1\n|\n|t:|1681786959\n|switch|p1a: Indeedee|Indeedee-F, L50, F|100\/100\n|-fieldstart|move: Psychic Terrain|[from] ability: Psychic Surge|[of] p1a: Indeedee\n|detailschange|p2b: Palafin|Palafin-Hero, L50, M\n|switch|p2b: Toad|Amoonguss, L50, M|100\/100\n|-terastallize|p1b: Tyranitar|Flying\n|move|p2a: Angy|Bulk Up|p2a: Angy\n|-boost|p2a: Angy|atk|1\n|-boost|p2a: Angy|def|1\n|move|p1b: Tyranitar|Tera Blast|p2a: Angy\n|-supereffective|p2a: Angy\n|-damage|p2a: Angy|26\/100\n|\n|-weather|Sandstorm|[upkeep]\n|-damage|p2a: Angy|20\/100|[from] Sandstorm\n|-damage|p1b: Tyranitar|95\/100|[from] Sandstorm\n|-damage|p2b: Toad|95\/100|[from] Sandstorm\n|-heal|p2a: Angy|26\/100|[from] item: Leftovers\n|upkeep\n|turn|2\n|\n|t:|1681786984\n|move|p2a: Angy|Protect|p2a: Angy\n|-singleturn|p2a: Angy|Protect\n|move|p1b: Tyranitar|Tera Blast|p2b: Toad\n|-supereffective|p2b: Toad\n|-damage|p2b: Toad|0 fnt\n|faint|p2b: Toad\n|move|p1a: Indeedee|Psychic|p2a: Angy\n|-activate|p2a: Angy|move: Protect\n|\n|-weather|Sandstorm|[upkeep]\n|-damage|p2a: Angy|20\/100|[from] Sandstorm\n|-damage|p1b: Tyranitar|89\/100|[from] Sandstorm\n|-heal|p2a: Angy|26\/100|[from] item: Leftovers\n|upkeep\n|\n|t:|1681786989\n|switch|p2b: Palafin|Palafin-Hero, L50, M|100\/100\n|-activate|p2b: Palafin|ability: Zero to Hero\n|turn|3\n|inactive|The old cobba has 30 seconds left.\n|\n|t:|1681787017\n|-terastallize|p2b: Palafin|Water\n|move|p1a: Indeedee|Follow Me|p1a: Indeedee\n|-singleturn|p1a: Indeedee|move: Follow Me\n|move|p2b: Palafin|Wave Crash|p1a: Indeedee\n|-damage|p1a: Indeedee|0 fnt\n|faint|p1a: Indeedee\n|-damage|p2b: Palafin|72\/100|[from] Recoil\n|move|p2a: Angy|Rage Fist|p1b: Tyranitar\n|-damage|p1b: Tyranitar|29\/100\n|move|p1b: Tyranitar|Tera Blast|p2a: Angy\n|-supereffective|p2a: Angy\n|-damage|p2a: Angy|0 fnt\n|faint|p2a: Angy\n|\n|-weather|Sandstorm|[upkeep]\n|-damage|p2b: Palafin|67\/100|[from] Sandstorm\n|-damage|p1b: Tyranitar|23\/100|[from] Sandstorm\n|upkeep\n|\n|t:|1681787042\n|switch|p2a: Brutus|Arcanine, L50, M, shiny|100\/100\n|switch|p1a: Lycanroc|Lycanroc, L50, M|100\/100\n|-ability|p2a: Brutus|Intimidate|boost\n|-unboost|p1a: Lycanroc|atk|1\n|-unboost|p1b: Tyranitar|atk|1\n|turn|4\n|\n|t:|1681787057\n|move|p2b: Palafin|Jet Punch|p1b: Tyranitar\n|-hint|Psychic Terrain doesn't affect Pok\u00e9mon immune to Ground.\n|-damage|p1b: Tyranitar|0 fnt\n|faint|p1b: Tyranitar\n|move|p1a: Lycanroc|Bulldoze|p2a: Brutus|[spread] p2a,p2b\n|-supereffective|p2a: Brutus\n|-damage|p2a: Brutus|79\/100\n|-damage|p2b: Palafin|57\/100\n|-unboost|p2a: Brutus|spe|1\n|-unboost|p2b: Palafin|spe|1\n|move|p2a: Brutus|Will-O-Wisp|p1a: Lycanroc|[miss]\n|-miss|p2a: Brutus|p1a: Lycanroc\n|\n|-weather|Sandstorm|[upkeep]\n|-damage|p2b: Palafin|51\/100|[from] Sandstorm\n|-damage|p2a: Brutus|73\/100|[from] Sandstorm\n|upkeep\n|\n|t:|1681787071\n|switch|p1b: Annihilape|Annihilape, L50, F|100\/100\n|turn|5\n|\n|t:|1681787083\n|move|p2b: Palafin|Protect|p2b: Palafin\n|-singleturn|p2b: Palafin|Protect\n|move|p2a: Brutus|Protect|p2a: Brutus\n|-singleturn|p2a: Brutus|Protect\n|move|p1a: Lycanroc|Rock Slide|p2a: Brutus|[spread] \n|-activate|p2a: Brutus|move: Protect\n|-activate|p2b: Palafin|move: Protect\n|move|p1b: Annihilape|Drain Punch|p2a: Brutus\n|-activate|p2a: Brutus|move: Protect\n|\n|-weather|none\n|-fieldend|move: Psychic Terrain\n|upkeep\n|turn|6\n|\n|t:|1681787096\n|move|p1b: Annihilape|Protect|p1b: Annihilape\n|-singleturn|p1b: Annihilape|Protect\n|move|p1a: Lycanroc|Endeavor|p2b: Palafin\n|-immune|p2b: Palafin\n|move|p2b: Palafin|Wave Crash|p1b: Annihilape\n|-activate|p1b: Annihilape|move: Protect\n|move|p2a: Brutus|Will-O-Wisp|p1b: Annihilape\n|-activate|p1b: Annihilape|move: Protect\n|\n|upkeep\n|turn|7\n|\n|t:|1681787113\n|move|p2b: Palafin|Protect|p2b: Palafin\n|-singleturn|p2b: Palafin|Protect\n|move|p1a: Lycanroc|Rock Slide|p2b: Palafin|[spread] p2a\n|-activate|p2b: Palafin|move: Protect\n|-supereffective|p2a: Brutus\n|-damage|p2a: Brutus|30\/100\n|-enditem|p2a: Brutus|Sitrus Berry|[eat]\n|-heal|p2a: Brutus|55\/100|[from] item: Sitrus Berry\n|move|p1b: Annihilape|Drain Punch|p2a: Brutus\n|-damage|p2a: Brutus|17\/100\n|move|p2a: Brutus|Will-O-Wisp|p1b: Annihilape\n|-status|p1b: Annihilape|brn\n|\n|-damage|p1b: Annihilape|95\/100 brn|[from] brn\n|upkeep\n|turn|8\n|inactive|The old cobba has 30 seconds left.\n|\n|t:|1681787139\n|move|p2a: Brutus|Extreme Speed|p1a: Lycanroc\n|-resisted|p1a: Lycanroc\n|-damage|p1a: Lycanroc|82\/100\n|move|p2b: Palafin|Jet Punch|p1a: Lycanroc\n|-supereffective|p1a: Lycanroc\n|-damage|p1a: Lycanroc|0 fnt\n|faint|p1a: Lycanroc\n|move|p1b: Annihilape|Bulk Up|p1b: Annihilape\n|-boost|p1b: Annihilape|atk|1\n|-boost|p1b: Annihilape|def|1\n|\n|-heal|p1b: Annihilape|100\/100 brn|[from] item: Leftovers\n|-damage|p1b: Annihilape|95\/100 brn|[from] brn\n|upkeep\n|turn|9\n|\n|t:|1681787154\n|move|p2a: Brutus|Protect|p2a: Brutus\n|-singleturn|p2a: Brutus|Protect\n|move|p1b: Annihilape|Drain Punch|p2b: Palafin\n|-damage|p2b: Palafin|27\/100\n|-heal|p1b: Annihilape|100\/100 brn|[from] drain|[of] p2b: Palafin\n|move|p2b: Palafin|Haze|p2b: Palafin\n|-clearallboost\n|\n|-damage|p1b: Annihilape|95\/100 brn|[from] brn\n|upkeep\n|turn|10\n|\n|t:|1681787172\n|move|p2b: Palafin|Wave Crash|p1b: Annihilape\n|-damage|p1b: Annihilape|0 fnt\n|faint|p1b: Annihilape\n|-damage|p2b: Palafin|0 fnt|[from] Recoil\n|faint|p2b: Palafin\n|\n|win|uhoh I poopd\n|raw|The old cobba's rating: 1310 → 1292<\/strong> (-18 for losing)\n|raw|uhoh I poopd's rating: 1342 → 1360<\/strong> (+18 for winning)\n|c|\u2606uhoh I poopd|Gg\n|l|\u2606The old cobba\n","uploadtime":1681787202,"views":3,"p1id":"theoldcobba","p2id":"uhohipoopd","formatid":"gen9vgc2023regulationc","rating":1292,"private":0,"password":""}