{"id":"gen9vgc2023regulationc-1853534817","p1":"icedragonkid105","p2":"pxzr","format":"[Gen 9] VGC 2023 Regulation C","log":"|j|\u2606icedragonkid105\n|j|\u2606pxzr\n|t:|1682694203\n|gametype|doubles\n|player|p1|icedragonkid105|101|1275\n|player|p2|pxzr|hugh|1302\n|teamsize|p1|6\n|teamsize|p2|6\n|gen|9\n|tier|[Gen 9] VGC 2023 Regulation C\n|rated|\n|rule|Species Clause: Limit one of each Pok\u00e9mon\n|rule|Item Clause: Limit one of each item\n|clearpoke\n|poke|p1|Baxcalibur, L50, M|\n|poke|p1|Flutter Mane, L50|\n|poke|p1|Chi-Yu, L50|\n|poke|p1|Iron Hands, L50|\n|poke|p1|Iron Bundle, L50|\n|poke|p1|Arcanine, L50, M|\n|poke|p2|Flutter Mane, L50|\n|poke|p2|Amoonguss, L50, M|\n|poke|p2|Chien-Pao, L50|\n|poke|p2|Dragonite, L50, M|\n|poke|p2|Palafin, L50, F|\n|poke|p2|Arcanine, L50, M|\n|teampreview|4\n|\n|t:|1682694224\n|start\n|switch|p1a: Glacius|Baxcalibur, L50, M|100\/100\n|switch|p1b: K-9|Arcanine, L50, M|100\/100\n|switch|p2a: Palafin|Palafin, L50, F, shiny|100\/100\n|switch|p2b: Dragonite|Dragonite, L50, M|100\/100\n|-ability|p1b: K-9|Intimidate|boost\n|-unboost|p2a: Palafin|atk|1\n|-fail|p2b: Dragonite|unboost|[from] item: Clear Amulet|[of] p2b: Dragonite\n|turn|1\n|\n|t:|1682694246\n|detailschange|p2a: Palafin|Palafin-Hero, L50, F, shiny\n|switch|p2a: Chien-Pao|Chien-Pao, L50|100\/100\n|-ability|p2a: Chien-Pao|Sword of Ruin\n|-terastallize|p1a: Glacius|Poison\n|-terastallize|p2b: Dragonite|Flying\n|move|p1b: K-9|Howl|p1b: K-9|[spread] p1a,p1b\n|-boost|p1a: Glacius|atk|1\n|-boost|p1b: K-9|atk|1\n|move|p1a: Glacius|Icicle Crash|p2b: Dragonite\n|-supereffective|p2b: Dragonite\n|-damage|p2b: Dragonite|0 fnt\n|faint|p2b: Dragonite\n|\n|upkeep\n|\n|t:|1682694264\n|switch|p2b: Palafin|Palafin-Hero, L50, F, shiny|100\/100\n|-activate|p2b: Palafin|ability: Zero to Hero\n|turn|2\n|\n|t:|1682694278\n|switch|p1b: Dom|Iron Hands, L50|100\/100\n|move|p1a: Glacius|Protect|p1a: Glacius\n|-singleturn|p1a: Glacius|Protect\n|move|p2a: Chien-Pao|Ice Spinner|p1a: Glacius\n|-activate|p1a: Glacius|move: Protect\n|move|p2b: Palafin|Wave Crash|p1a: Glacius\n|-activate|p1a: Glacius|move: Protect\n|\n|upkeep\n|turn|3\n|\n|t:|1682694294\n|move|p2a: Chien-Pao|Protect|p2a: Chien-Pao\n|-singleturn|p2a: Chien-Pao|Protect\n|move|p2b: Palafin|Protect|p2b: Palafin\n|-singleturn|p2b: Palafin|Protect\n|move|p1b: Dom|Fake Out|p2a: Chien-Pao\n|-activate|p2a: Chien-Pao|move: Protect\n|move|p1a: Glacius|Glaive Rush|p2b: Palafin\n|-activate|p2b: Palafin|move: Protect\n|\n|upkeep\n|turn|4\n|\n|t:|1682694325\n|switch|p2a: Flutter Mane|Flutter Mane, L50|100\/100\n|-enditem|p2a: Flutter Mane|Booster Energy\n|-activate|p2a: Flutter Mane|ability: Protosynthesis|[fromitem]\n|-start|p2a: Flutter Mane|protosynthesisspa\n|move|p1a: Glacius|Ice Shard|p2a: Flutter Mane\n|-damage|p2a: Flutter Mane|43\/100\n|move|p2b: Palafin|Wave Crash|p1a: Glacius\n|-damage|p1a: Glacius|23\/100\n|-damage|p2b: Palafin|68\/100|[from] Recoil\n|move|p1b: Dom|Drain Punch|p2a: Flutter Mane\n|-immune|p2a: Flutter Mane\n|\n|upkeep\n|turn|5\n|\n|t:|1682694357\n|move|p1a: Glacius|Protect|p1a: Glacius\n|-singleturn|p1a: Glacius|Protect\n|move|p2b: Palafin|Jet Punch|p1a: Glacius\n|-activate|p1a: Glacius|move: Protect\n|move|p2a: Flutter Mane|Shadow Ball|p1b: Dom\n|-damage|p1b: Dom|66\/100\n|move|p1b: Dom|Volt Switch|p2a: Flutter Mane\n|-damage|p2a: Flutter Mane|30\/100\n|\n|t:|1682694368\n|-end|p1b: Dom|Quark Drive|[silent]\n|switch|p1b: K-9|Arcanine, L50, M|100\/100|[from] Volt Switch\n|-ability|p1b: K-9|Intimidate|boost\n|-unboost|p2a: Flutter Mane|atk|1\n|-unboost|p2b: Palafin|atk|1\n|\n|upkeep\n|turn|6\n|\n|t:|1682694392\n|move|p2a: Flutter Mane|Protect|p2a: Flutter Mane\n|-singleturn|p2a: Flutter Mane|Protect\n|move|p1b: K-9|Extreme Speed|p2b: Palafin\n|-damage|p2b: Palafin|38\/100\n|move|p1a: Glacius|Ice Shard|p2a: Flutter Mane\n|-activate|p2a: Flutter Mane|move: Protect\n|move|p2b: Palafin|Wave Crash|p1a: Glacius\n|-damage|p1a: Glacius|0 fnt\n|faint|p1a: Glacius\n|-damage|p2b: Palafin|29\/100|[from] Recoil\n|\n|upkeep\n|\n|t:|1682694412\n|switch|p1a: Dom|Iron Hands, L50|66\/100\n|turn|7\n|\n|t:|1682694431\n|move|p2b: Palafin|Protect|p2b: Palafin\n|-singleturn|p2b: Palafin|Protect\n|move|p1a: Dom|Fake Out|p2b: Palafin\n|-activate|p2b: Palafin|move: Protect\n|move|p2a: Flutter Mane|Moonblast|p1a: Dom\n|-supereffective|p1a: Dom\n|-damage|p1a: Dom|0 fnt\n|faint|p1a: Dom\n|-end|p1a: Dom|Quark Drive|[silent]\n|move|p1b: K-9|Flare Blitz|p2a: Flutter Mane\n|-damage|p2a: Flutter Mane|0 fnt\n|faint|p2a: Flutter Mane\n|-end|p2a: Flutter Mane|Protosynthesis|[silent]\n|-damage|p1b: K-9|93\/100|[from] Recoil\n|\n|upkeep\n|\n|t:|1682694447\n|switch|p2a: Chien-Pao|Chien-Pao, L50|100\/100\n|switch|p1a: Glitch|Iron Bundle, L50, shiny|100\/100\n|-ability|p2a: Chien-Pao|Sword of Ruin\n|turn|8\n|\n|t:|1682694457\n|move|p1a: Glitch|Protect|p1a: Glitch\n|-singleturn|p1a: Glitch|Protect\n|move|p2a: Chien-Pao|Protect|p2a: Chien-Pao\n|-singleturn|p2a: Chien-Pao|Protect\n|move|p1b: K-9|Extreme Speed|p2b: Palafin\n|-damage|p2b: Palafin|0 fnt\n|faint|p2b: Palafin\n|\n|upkeep\n|turn|9\n|\n|t:|1682694475\n|move|p1b: K-9|Extreme Speed|p2a: Chien-Pao\n|-damage|p2a: Chien-Pao|66\/100\n|move|p1a: Glitch|Encore|p2a: Chien-Pao\n|-start|p2a: Chien-Pao|Encore\n|move|p2a: Chien-Pao|Protect||[still]\n|-fail|p2a: Chien-Pao\n|\n|upkeep\n|turn|10\n|-message|pxzr forfeited.\n|\n|win|icedragonkid105\n|raw|icedragonkid105's rating: 1275 → 1302<\/strong> (+27 for winning)\n|raw|pxzr's rating: 1302 → 1280<\/strong> (-22 for losing)\n|l|\u2606pxzr\n","uploadtime":1682694497,"views":10,"p1id":"icedragonkid105","p2id":"pxzr","formatid":"gen9vgc2023regulationc","rating":1280,"private":0,"password":""}