{"id":"gen9vgc2023regulationc-1855352873","p1":"JumpluffGoodCopium","p2":"Polentino","format":"[Gen 9] VGC 2023 Regulation C","log":"|j|\u2606JumpluffGoodCopium\n|j|\u2606Polentino\n|t:|1682941818\n|gametype|doubles\n|player|p1|JumpluffGoodCopium|dawn-gen4pt|1130\n|player|p2|Polentino|169|1051\n|teamsize|p1|6\n|teamsize|p2|6\n|gen|9\n|tier|[Gen 9] VGC 2023 Regulation C\n|rated|\n|rule|Species Clause: Limit one of each Pok\u00e9mon\n|rule|Item Clause: Limit one of each item\n|clearpoke\n|poke|p1|Jumpluff, L50, M|\n|poke|p1|Torkoal, L50, F|\n|poke|p1|Flutter Mane, L50|\n|poke|p1|Amoonguss, L50, F|\n|poke|p1|Garganacl, L50, F|\n|poke|p1|Chi-Yu, L50|\n|poke|p2|Armarouge, L50, M|\n|poke|p2|Indeedee-F, L50, F|\n|poke|p2|Magnezone, L50|\n|poke|p2|Scizor, L50, M|\n|poke|p2|Altaria, L50, M|\n|poke|p2|Lokix, L50, M|\n|teampreview|4\nJumpluffGoodCopium has agreed to open team sheets.\n|inactive|Battle timer is ON: inactive players will automatically lose when time's up. (requested by JumpluffGoodCopium)\n|\n|t:|1682941854\n|start\n|switch|p1a: Torkoal|Torkoal, L50, F|100\/100\n|switch|p1b: Garganacl|Garganacl, L50, F|100\/100\n|switch|p2a: Scizor|Scizor, L50, M|100\/100\n|switch|p2b: Lokix|Lokix, L50, M|100\/100\n|-weather|SunnyDay|[from] ability: Drought|[of] p1a: Torkoal\n|turn|1\n|\n|t:|1682941870\n|switch|p2a: Altaria|Altaria, L50, M|100\/100\n|-ability|p2a: Altaria|Cloud Nine\n|move|p2b: Lokix|Axe Kick|p1b: Garganacl\n|-supereffective|p1b: Garganacl\n|-damage|p1b: Garganacl|65\/100\n|-start|p1b: Garganacl|confusion\n|move|p1a: Torkoal|Heat Wave|p2b: Lokix|[spread] p2b\n|-miss|p1a: Torkoal|p2a: Altaria\n|-supereffective|p2b: Lokix\n|-damage|p2b: Lokix|0 fnt\n|faint|p2b: Lokix\n|-activate|p1b: Garganacl|confusion\n|move|p1b: Garganacl|Salt Cure|p2a: Altaria\n|-supereffective|p2a: Altaria\n|-damage|p2a: Altaria|76\/100\n|-start|p2a: Altaria|Salt Cure\n|\n|-weather|SunnyDay|[upkeep]\n|-heal|p1b: Garganacl|71\/100|[from] item: Leftovers\n|-damage|p2a: Altaria|64\/100|[from] Salt Cure\n|upkeep\n|\n|t:|1682941880\n|switch|p2b: Armarouge|Armarouge, L50, M, shiny|100\/100\n|turn|2\n|\n|t:|1682941894\n|-terastallize|p2b: Armarouge|Bug\n|move|p1a: Torkoal|Heat Wave|p2a: Altaria|[spread] p2a\n|-start|p2b: Armarouge|ability: Flash Fire\n|-resisted|p2a: Altaria\n|-damage|p2a: Altaria|51\/100\n|-status|p2a: Altaria|brn\n|move|p2a: Altaria|Dragon Claw|p1b: Garganacl\n|-damage|p1b: Garganacl|65\/100\n|move|p2b: Armarouge|Expanding Force|p1a: Torkoal\n|-damage|p1a: Torkoal|40\/100\n|-activate|p1b: Garganacl|confusion\n|move|p1b: Garganacl|Salt Cure|p2b: Armarouge\n|-supereffective|p2b: Armarouge\n|-damage|p2b: Armarouge|75\/100\n|-start|p2b: Armarouge|Salt Cure\n|\n|-weather|SunnyDay|[upkeep]\n|-heal|p1b: Garganacl|71\/100|[from] item: Leftovers\n|-damage|p2a: Altaria|45\/100 brn|[from] brn\n|-damage|p2a: Altaria|33\/100 brn|[from] Salt Cure\n|-damage|p2b: Armarouge|63\/100|[from] Salt Cure\n|upkeep\n|turn|3\n|\n|t:|1682941914\n|move|p1a: Torkoal|Heat Wave|p2a: Altaria|[spread] p2a\n|-immune|p2b: Armarouge|[from] ability: Flash Fire\n|-resisted|p2a: Altaria\n|-damage|p2a: Altaria|20\/100 brn\n|move|p2a: Altaria|Haze|p2a: Altaria\n|-clearallboost\n|move|p2b: Armarouge|Expanding Force|p1a: Torkoal\n|-damage|p1a: Torkoal|0 fnt\n|faint|p1a: Torkoal\n|-activate|p1b: Garganacl|confusion\n|-damage|p1b: Garganacl|66\/100|[from] confusion\n|\n|-weather|SunnyDay|[upkeep]\n|-heal|p1b: Garganacl|72\/100|[from] item: Leftovers\n|-damage|p2a: Altaria|14\/100 brn|[from] brn\n|-damage|p2a: Altaria|2\/100 brn|[from] Salt Cure\n|-damage|p2b: Armarouge|50\/100|[from] Salt Cure\n|upkeep\n|\n|t:|1682941925\n|switch|p1a: Chi-Yu|Chi-Yu, L50|100\/100\n|-ability|p1a: Chi-Yu|Beads of Ruin\n|turn|4\n|\n|t:|1682941939\n|move|p1a: Chi-Yu|Dark Pulse|p2b: Armarouge\n|-damage|p2b: Armarouge|0 fnt\n|faint|p2b: Armarouge\n|move|p2a: Altaria|Defog|p1a: Chi-Yu\n|-unboost|p1a: Chi-Yu|evasion|1\n|-activate|p1b: Garganacl|confusion\n|-damage|p1b: Garganacl|66\/100|[from] confusion\n|\n|-weather|SunnyDay|[upkeep]\n|-heal|p1b: Garganacl|72\/100|[from] item: Leftovers\n|-damage|p2a: Altaria|0 fnt|[from] brn\n|faint|p2a: Altaria\n|upkeep\n|\n|t:|1682941942\n|switch|p2b: Scizor|Scizor, L50, M|100\/100\n|turn|5\n|\n|t:|1682941953\n|move|p1a: Chi-Yu|Dark Pulse|p2b: Scizor\n|-damage|p2b: Scizor|5\/100\n|move|p2b: Scizor|U-turn|p1a: Chi-Yu\n|-damage|p1a: Chi-Yu|40\/100\n|-end|p1b: Garganacl|confusion\n|move|p1b: Garganacl|Salt Cure|p2b: Scizor\n|-damage|p2b: Scizor|0 fnt\n|faint|p2b: Scizor\n|\n|win|JumpluffGoodCopium\n|raw|JumpluffGoodCopium's rating: 1130 → 1149<\/strong> (+19 for winning)\n|raw|Polentino's rating: 1051 → 1037<\/strong> (-14 for losing)\n","uploadtime":1682941962,"views":25,"p1id":"jumpluffgoodcopium","p2id":"polentino","formatid":"gen9vgc2023regulationc","rating":1037,"private":0,"password":""}