{"id":"gen9vgc2023regulationc-1860447717","p1":"mgthrn","p2":"Alekso","format":"[Gen 9] VGC 2023 Regulation C","log":"|j|\u2606mgthrn\n|j|\u2606Alekso\n|t:|1683645072\n|gametype|doubles\n|player|p1|mgthrn|#stt4toxicboys|\n|player|p2|Alekso|lucas|\n|teamsize|p1|6\n|teamsize|p2|6\n|gen|9\n|tier|[Gen 9] VGC 2023 Regulation C\n|rule|Species Clause: Limit one of each Pok\u00e9mon\n|rule|Item Clause: Limit one of each item\n|clearpoke\n|poke|p1|Dondozo, L50, M|\n|poke|p1|Tatsugiri, L50, F|\n|poke|p1|Chi-Yu, L50|\n|poke|p1|Iron Bundle, L50|\n|poke|p1|Flutter Mane, L50|\n|poke|p1|Glimmora, L50, M|\n|poke|p2|Flutter Mane, L50|\n|poke|p2|Amoonguss, L50, F|\n|poke|p2|Palafin, L50, F|\n|poke|p2|Ting-Lu, L50|\n|poke|p2|Arcanine, L50, M|\n|poke|p2|Forretress, L50, F|\n|teampreview|4\nmgthrn has agreed to open team sheets.\n|c|\u2606mgthrn|2\n|j| Nineveh\n|j| UULT21z St3ve\n|j| zS\n|j| Brayz\nAlekso has agreed to open team sheets.\n|j| Otark\n|j| cielau origine \u266b\n|j| exp ln x\n|j| Elyoss\n|\n|t:|1683645635\n|start\n|switch|p1a: Iron Bundle|Iron Bundle, L50, shiny|100\/100\n|switch|p1b: Glimmora|Glimmora, L50, M, shiny|100\/100\n|switch|p2a: Flutter Mane|Flutter Mane, L50, shiny|100\/100\n|switch|p2b: Palafin|Palafin, L50, F, shiny|100\/100\n|-enditem|p1a: Iron Bundle|Booster Energy\n|-activate|p1a: Iron Bundle|ability: Quark Drive|[fromitem]\n|-start|p1a: Iron Bundle|quarkdrivespe\n|turn|1\n|j| Sharow\n|j| abbehzt\n|j| RoiDadadou\n|j| Futtoka\n|j| StrikofNeos\n|j| Zenadark\n|j| God died tonight\n|j| frol1\n|l| exp ln x\n|j| Ryuji-Sensei\n|j| exp ln x\n|l| Zenadark\n|j| LLLiolae\n|j| kyogref4n\n|\n|t:|1683645744\n|-terastallize|p1b: Glimmora|Grass\n|move|p1a: Iron Bundle|Protect|p1a: Iron Bundle\n|-singleturn|p1a: Iron Bundle|Protect\n|move|p2a: Flutter Mane|Moonblast|p1a: Iron Bundle\n|-activate|p1a: Iron Bundle|move: Protect\n|move|p2b: Palafin|Wave Crash|p1b: Glimmora\n|-resisted|p1b: Glimmora\n|-damage|p1b: Glimmora|78\/100\n|-activate|p1b: Glimmora|ability: Toxic Debris\n|-sidestart|p2: Alekso|move: Toxic Spikes\n|-damage|p2b: Palafin|94\/100|[from] Recoil\n|move|p1b: Glimmora|Mortal Spin|p2a: Flutter Mane|[spread] p2a,p2b\n|-damage|p2a: Flutter Mane|94\/100\n|-damage|p2b: Palafin|89\/100\n|-status|p2a: Flutter Mane|psn\n|-status|p2b: Palafin|psn\n|\n|-damage|p2a: Flutter Mane|82\/100 psn|[from] psn\n|-damage|p2b: Palafin|77\/100 psn|[from] psn\n|upkeep\n|turn|2\n|j| Moutonation\n|j| Micciu\n|l| Elyoss\n|j| Masskeauuu\n|l| Moutonation\n|l| exp ln x\n|l| Ryuji-Sensei\n|j| Zenadark\n|\n|t:|1683645801\n|detailschange|p2b: Palafin|Palafin-Hero, L50, F, shiny\n|switch|p2b: Forretress|Forretress, L50, F, shiny|100\/100\n|move|p1a: Iron Bundle|Hydro Pump|p2a: Flutter Mane|[miss]\n|-miss|p1a: Iron Bundle|p2a: Flutter Mane\n|move|p2a: Flutter Mane|Moonblast|p1a: Iron Bundle\n|-damage|p1a: Iron Bundle|0 fnt\n|faint|p1a: Iron Bundle\n|-end|p1a: Iron Bundle|Quark Drive|[silent]\n|move|p1b: Glimmora|Power Gem|p2a: Flutter Mane\n|-damage|p2a: Flutter Mane|49\/100 psn\n|\n|-damage|p2a: Flutter Mane|36\/100 psn|[from] psn\n|upkeep\n|l| LLLiolae\n|l| Zenadark\n|\n|t:|1683645823\n|switch|p1a: Tatsugiri|Tatsugiri, L50, F|100\/100\n|turn|3\n|j| Tryharder No0\n|j| Moutonation\n|c| Futtoka|Never luckoat\n|j| astrothunder39\n|j| Zenadark\n|c| Sharow|futto tu joues quand\n|l| Moutonation\n|c| Futtoka|Juste apr\u00e8s\n|l| Tryharder No0\n|c| Sharow|brayz c vrai que t'avais pas capt\u00e9 qui \u00e9tait carmin\n|c| kyogref4n|oh oh\n|\n|t:|1683645863\n|move|p1a: Tatsugiri|Muddy Water|p2a: Flutter Mane|[spread] p2a,p2b\n|-damage|p2a: Flutter Mane|6\/100 psn\n|-damage|p2b: Forretress|71\/100\n|-unboost|p2a: Flutter Mane|accuracy|1\n|move|p2a: Flutter Mane|Moonblast|p1a: Tatsugiri\n|-supereffective|p1a: Tatsugiri\n|-damage|p1a: Tatsugiri|0 fnt\n|faint|p1a: Tatsugiri\n|move|p1b: Glimmora|Power Gem|p2b: Forretress\n|-damage|p2b: Forretress|39\/100\n|move|p2b: Forretress|Iron Defense|p2b: Forretress\n|-boost|p2b: Forretress|def|2\n|\n|-heal|p2b: Forretress|45\/100|[from] item: Leftovers\n|-damage|p2a: Flutter Mane|0 fnt|[from] psn\n|faint|p2a: Flutter Mane\n|-end|p2a: Flutter Mane|Protosynthesis|[silent]\n|upkeep\n|l| Zenadark\n|c|\u2606mgthrn|pain\n|j| Zenadark\n|c| Brayz|bah comment je pouvais savoir aussi :x\n|j| Elyoss\n|j| LLLiolae\n|c| Brayz|jamais vu sa t\u00eate avant\n|\n|t:|1683645892\n|switch|p2a: Ting-Lu|Ting-Lu, L50|100\/100\n|switch|p1a: Flutter Mane|Flutter Mane, L50, shiny|100\/100\n|-status|p2a: Ting-Lu|psn\n|-ability|p2a: Ting-Lu|Vessel of Ruin\n|turn|4\n|j| TeamTrentenaireXD\n|l| Zenadark\n|j| Nael222\n|j| Zenadark\n|j| Tryharder No0\n|l| Zenadark\n|\n|t:|1683645952\n|-terastallize|p2a: Ting-Lu|Poison\n|move|p1a: Flutter Mane|Dazzling Gleam|p2a: Ting-Lu|[spread] p2a,p2b\n|-resisted|p2a: Ting-Lu\n|-resisted|p2b: Forretress\n|-damage|p2a: Ting-Lu|92\/100 psn\n|-damage|p2b: Forretress|28\/100\n|move|p1b: Glimmora|Power Gem|p2b: Forretress\n|-damage|p2b: Forretress|4\/100\n|move|p2a: Ting-Lu|Heavy Slam|p1a: Flutter Mane\n|-supereffective|p1a: Flutter Mane\n|-damage|p1a: Flutter Mane|0 fnt\n|faint|p1a: Flutter Mane\n|-end|p1a: Flutter Mane|Protosynthesis|[silent]\n|move|p2b: Forretress|Body Press|p1b: Glimmora\n|-damage|p1b: Glimmora|42\/100\n|-activate|p1b: Glimmora|ability: Toxic Debris\n|-sidestart|p2: Alekso|move: Toxic Spikes\n|\n|-heal|p2b: Forretress|10\/100|[from] item: Leftovers\n|-damage|p2a: Ting-Lu|80\/100 psn|[from] psn\n|upkeep\n|turn|5\n|c| zS|32->24\n|c| zS|le vgc c'est le lc enft\n|j| Zenadark\n|c| LLLiolae|Qui est chez qui\n|j| CaoJie Plays RU\n|c| zS|megabien est chez nous\n|\n|t:|1683646001\n|move|p1b: Glimmora|Power Gem|p2b: Forretress\n|-damage|p2b: Forretress|0 fnt\n|faint|p2b: Forretress\n|move|p2a: Ting-Lu|Heavy Slam|p1b: Glimmora\n|-damage|p1b: Glimmora|10\/100\n|\n|-damage|p2a: Ting-Lu|68\/100 psn|[from] psn\n|upkeep\n|c| Nineveh|zs\n|\n|t:|1683646004\n|switch|p2b: Palafin|Palafin-Hero, L50, F, shiny|77\/100 psn\n|-activate|p2b: Palafin|ability: Zero to Hero\n|turn|6\n|l| astrothunder39\n|c| Nineveh|y a eu un tinglu entre temps\n|\n|t:|1683646008\n|move|p2b: Palafin|Jet Punch|p1b: Glimmora\n|-resisted|p1b: Glimmora\n|-damage|p1b: Glimmora|0 fnt\n|faint|p1b: Glimmora\n|\n|win|Alekso\n|c|\u2606Alekso|gg mec\n|c|\u2606mgthrn|ggs\n|c| zS|aaaah\n|l| Sharow\n|l| Brayz\n|c| zS|bien vu\n|l| LLLiolae\n|l| Zenadark\n|l| Elyoss\n|l| TeamTrentenaireXD\n|l| Micciu\n|l| Tryharder No0\n|l| kyogref4n\n|c| zS|je me disais que c'\u00e9tait zard comme roll\n|l| Otark\n|c| zS|mdrrr\n|c| Nineveh|MDR\n|l| Masskeauuu\n|l| Nineveh\n|l| Futtoka\n|l| Nael222\n|l| zS\n|l|\u2606Alekso\n","uploadtime":1683646049,"views":17,"p1id":"mgthrn","p2id":"alekso","formatid":"gen9vgc2023regulationc","rating":0,"private":0,"password":""}