{"id":"gen9vgc2023regulationc-1848500826","p1":"ApplinFan773","p2":"xxKlb7xx","format":"[Gen 9] VGC 2023 Regulation C","log":"|j|\u2606ApplinFan773\n|j|\u2606xxKlb7xx\n|t:|1682084898\n|gametype|doubles\n|player|p1|ApplinFan773|cilan|1144\n|player|p2|xxKlb7xx|101|1074\n|teamsize|p1|6\n|teamsize|p2|6\n|gen|9\n|tier|[Gen 9] VGC 2023 Regulation C\n|rated|\n|rule|Species Clause: Limit one of each Pok\u00e9mon\n|rule|Item Clause: Limit one of each item\n|clearpoke\n|poke|p1|Maushold-Four, L50|\n|poke|p1|Flutter Mane, L50|\n|poke|p1|Scream Tail, L50|\n|poke|p1|Arboliva, L50, F|\n|poke|p1|Ceruledge, L50, M|\n|poke|p1|Salamence, L50, M|\n|poke|p2|Coalossal, L50, F|\n|poke|p2|Espeon, L50, F|\n|poke|p2|Flamigo, L50, F|\n|poke|p2|Iron Bundle, L50|\n|poke|p2|Flutter Mane, L50|\n|poke|p2|Breloom, L50, M|\n|teampreview|4\n|inactive|Battle timer is ON: inactive players will automatically lose when time's up. (requested by ApplinFan773)\n|c|\u2606ApplinFan773|Glhf, cool team\n|inactive|ApplinFan773 has 60 seconds left.\n|\n|t:|1682084937\n|start\n|switch|p1a: Salami|Salamence, L50, M, shiny|100\/100\n|switch|p1b: Grim Shady|Ceruledge, L50, M|100\/100\n|switch|p2a: Coalossal|Coalossal, L50, F|100\/100\n|switch|p2b: Iron Bundle|Iron Bundle, L50|100\/100\n|-ability|p1a: Salami|Intimidate|boost\n|-unboost|p2a: Coalossal|atk|1\n|-unboost|p2b: Iron Bundle|atk|1\n|-enditem|p2b: Iron Bundle|Booster Energy\n|-activate|p2b: Iron Bundle|ability: Quark Drive|[fromitem]\n|-start|p2b: Iron Bundle|quarkdrivespe\n|turn|1\n|inactive|xxKlb7xx has 30 seconds left.\n|inactive|xxKlb7xx has 20 seconds left.\n|inactive|xxKlb7xx has 15 seconds left.\n|inactive|xxKlb7xx has 10 seconds left.\n|\n|t:|1682084983\n|-terastallize|p1b: Grim Shady|Grass\n|move|p1a: Salami|Protect|p1a: Salami\n|-singleturn|p1a: Salami|Protect\n|move|p2b: Iron Bundle|Flip Turn|p2a: Coalossal\n|-supereffective|p2a: Coalossal\n|-damage|p2a: Coalossal|55\/100\n|-ability|p2a: Coalossal|Steam Engine|boost\n|-boost|p2a: Coalossal|spe|6\n|-enditem|p1a: Salami|Mirror Herb\n|-boost|p1a: Salami|spe|6|[from] item: Mirror Herb\n|-enditem|p2a: Coalossal|Weakness Policy\n|-boost|p2a: Coalossal|atk|2|[from] item: Weakness Policy\n|-boost|p2a: Coalossal|spa|2|[from] item: Weakness Policy\n|\n|t:|1682084995\n|-end|p2b: Iron Bundle|Quark Drive|[silent]\n|switch|p2b: Flutter Mane|Flutter Mane, L50|100\/100|[from] Flip Turn\n|move|p2a: Coalossal|Sunny Day|p2a: Coalossal\n|-weather|SunnyDay\n|-activate|p2b: Flutter Mane|ability: Protosynthesis\n|-start|p2b: Flutter Mane|protosynthesisspa\n|move|p1b: Grim Shady|Tera Blast|p2b: Flutter Mane\n|-damage|p2b: Flutter Mane|5\/100\n|\n|-weather|SunnyDay|[upkeep]\n|upkeep\n|turn|2\n|inactive|xxKlb7xx has 30 seconds left.\n|inactive|xxKlb7xx has 20 seconds left.\n|inactive|xxKlb7xx has 15 seconds left.\n|inactive|xxKlb7xx has 10 seconds left.\n|\n|t:|1682085043\n|move|p1b: Grim Shady|Shadow Sneak|p2b: Flutter Mane\n|-supereffective|p2b: Flutter Mane\n|-damage|p2b: Flutter Mane|0 fnt\n|faint|p2b: Flutter Mane\n|-end|p2b: Flutter Mane|Protosynthesis|[silent]\n|move|p1a: Salami|Brick Break|p2a: Coalossal\n|-supereffective|p2a: Coalossal\n|-damage|p2a: Coalossal|11\/100\n|move|p2a: Coalossal|Rock Slide|p1a: Salami|[spread] p1a,p1b\n|-supereffective|p1a: Salami\n|-damage|p1a: Salami|35\/100\n|-damage|p1b: Grim Shady|63\/100\n|\n|-weather|SunnyDay|[upkeep]\n|upkeep\n|\n|t:|1682085064\n|switch|p2b: Flamigo|Flamigo, L50, F|100\/100\n|-copyboost|p2b: Flamigo|p2a: Coalossal|[from] ability: Costar\n|turn|3\n|inactive|ApplinFan773 has 30 seconds left.\n|inactive|xxKlb7xx has 30 seconds left.\n|inactive|ApplinFan773 has 20 seconds left.\n|inactive|xxKlb7xx has 20 seconds left.\n|inactive|ApplinFan773 has 15 seconds left.\n|inactive|ApplinFan773 has 10 seconds left.\n|\n|t:|1682085110\n|move|p2b: Flamigo|Quick Guard|p2b: Flamigo\n|-singleturn|p2b: Flamigo|Quick Guard\n|move|p1b: Grim Shady|Shadow Sneak|p2a: Coalossal\n|-activate|p2a: Coalossal|move: Quick Guard\n|move|p1a: Salami|Dual Wingbeat|p2b: Flamigo\n|-supereffective|p2b: Flamigo\n|-damage|p2b: Flamigo|50\/100\n|-supereffective|p2b: Flamigo\n|-damage|p2b: Flamigo|1\/100\n|-hitcount|p2b: Flamigo|2\n|move|p2a: Coalossal|Rock Slide|p1a: Salami|[spread] p1a,p1b\n|-supereffective|p1a: Salami\n|-damage|p1a: Salami|0 fnt\n|-damage|p1b: Grim Shady|27\/100\n|faint|p1a: Salami\n|\n|-weather|SunnyDay|[upkeep]\n|upkeep\n|\n|t:|1682085124\n|switch|p1a: Persephone|Scream Tail, L50, shiny|100\/100\n|-activate|p1a: Persephone|ability: Protosynthesis\n|-start|p1a: Persephone|protosynthesisspe\n|turn|4\n|inactive|ApplinFan773 has 30 seconds left.\n|\n|t:|1682085151\n|move|p2b: Flamigo|Quick Guard|p2b: Flamigo\n|-singleturn|p2b: Flamigo|Quick Guard\n|move|p1a: Persephone|Disable|p2b: Flamigo\n|-start|p2b: Flamigo|Disable|Quick Guard\n|move|p2a: Coalossal|Earthquake|p1a: Persephone|[spread] p1a,p1b\n|-immune|p2b: Flamigo\n|-resisted|p1b: Grim Shady\n|-damage|p1a: Persephone|77\/100\n|-damage|p1b: Grim Shady|11\/100\n|move|p1b: Grim Shady|Tera Blast|p2a: Coalossal\n|-damage|p2a: Coalossal|0 fnt\n|faint|p2a: Coalossal\n|\n|-weather|SunnyDay|[upkeep]\n|upkeep\n|\n|t:|1682085167\n|switch|p2a: Iron Bundle|Iron Bundle, L50|100\/100\n|turn|5\n|\n|t:|1682085184\n|move|p2b: Flamigo|Liquidation|p1a: Persephone\n|-damage|p1a: Persephone|62\/100\n|move|p1a: Persephone|Play Rough|p2b: Flamigo\n|-supereffective|p2b: Flamigo\n|-damage|p2b: Flamigo|0 fnt\n|faint|p2b: Flamigo\n|move|p2a: Iron Bundle|Freeze-Dry|p1b: Grim Shady\n|-supereffective|p1b: Grim Shady\n|-damage|p1b: Grim Shady|0 fnt\n|faint|p1b: Grim Shady\n|\n|-weather|none\n|-end|p1a: Persephone|Protosynthesis\n|upkeep\n|-enditem|p1a: Persephone|Booster Energy\n|-activate|p1a: Persephone|ability: Protosynthesis|[fromitem]\n|-start|p1a: Persephone|protosynthesisspe\n|\n|t:|1682085193\n|switch|p1b: Myrtle|Flutter Mane, L50, shiny|100\/100\n|turn|6\n|l|\u2606xxKlb7xx\n|inactive|xxKlb7xx disconnected and has a minute to reconnect!\n|player|p2|\n|inactive|xxKlb7xx has 30 seconds left.\n|inactive|xxKlb7xx has 20 seconds left.\n|inactive|xxKlb7xx has 15 seconds left.\n|inactive|xxKlb7xx has 10 seconds left.\n|inactive|xxKlb7xx has 5 seconds left.\n|-message|xxKlb7xx lost due to inactivity.\n|\n|win|ApplinFan773\n|raw|ApplinFan773's rating: 1144 → 1164<\/strong> (+20 for winning)\n|raw|xxKlb7xx's rating: 1074 → 1057<\/strong> (-17 for losing)\n","uploadtime":1682085255,"views":9,"p1id":"applinfan773","p2id":"xxklb7xx","formatid":"gen9vgc2023regulationc","rating":1057,"private":0,"password":""}