{"id":"gen9vgc2023regulationc-1847505342","p1":"shm0406","p2":"Pantsuit","format":"[Gen 9] VGC 2023 Regulation C","log":"|j|\u2606shm0406\n|j|\u2606Pantsuit\n|t:|1681963995\n|gametype|doubles\n|player|p1|shm0406|n|1333\n|player|p2|Pantsuit|101|1405\n|teamsize|p1|6\n|teamsize|p2|6\n|gen|9\n|tier|[Gen 9] VGC 2023 Regulation C\n|rated|\n|rule|Species Clause: Limit one of each Pok\u00e9mon\n|rule|Item Clause: Limit one of each item\n|clearpoke\n|poke|p1|Dondozo, L50, F|\n|poke|p1|Tatsugiri-Stretchy, L50, F|\n|poke|p1|Garganacl, L50, M|\n|poke|p1|Flamigo, L50, F|\n|poke|p1|Murkrow, L50, M|\n|poke|p1|Amoonguss, L50, M|\n|poke|p2|Great Tusk, L50|\n|poke|p2|Chien-Pao, L50|\n|poke|p2|Flutter Mane, L50|\n|poke|p2|Kingambit, L50, M|\n|poke|p2|Jumpluff, L50, M|\n|poke|p2|Torkoal, L50, F|\n|teampreview|4\n|\n|t:|1681964034\n|start\n|switch|p1a: Tatsugiri|Tatsugiri-Stretchy, L50, F|100\/100\n|switch|p1b: Garganacl|Garganacl, L50, M|100\/100\n|switch|p2a: Kingambit|Kingambit, L50, M|100\/100\n|switch|p2b: Jumpluff|Jumpluff, L50, M, shiny|100\/100\n|turn|1\n|\n|t:|1681964071\n|move|p1a: Tatsugiri|Endure|p1a: Tatsugiri\n|-singleturn|p1a: Tatsugiri|move: Endure\n|move|p2b: Jumpluff|Leaf Storm|p1b: Garganacl|[miss]\n|-miss|p2b: Jumpluff|p1b: Garganacl\n|move|p2a: Kingambit|Iron Head|p1b: Garganacl\n|-supereffective|p1b: Garganacl\n|-damage|p1b: Garganacl|33\/100\n|cant|p1b: Garganacl|flinch\n|\n|-status|p1a: Tatsugiri|tox|[from] item: Toxic Orb\n|upkeep\n|turn|2\n|j| chacaad\n|\n|t:|1681964089\n|move|p1a: Tatsugiri|Endure|p1a: Tatsugiri\n|-singleturn|p1a: Tatsugiri|move: Endure\n|move|p2b: Jumpluff|Encore|p1a: Tatsugiri\n|-start|p1a: Tatsugiri|Encore\n|move|p2a: Kingambit|Iron Head|p1b: Garganacl\n|-supereffective|p1b: Garganacl\n|-damage|p1b: Garganacl|0 fnt\n|faint|p1b: Garganacl\n|\n|-damage|p1a: Tatsugiri|95\/100 tox|[from] psn\n|upkeep\n|\n|t:|1681964098\n|switch|p1b: Dondozo|Dondozo, L50, F|100\/100\n|-activate|p1a: Tatsugiri|ability: Commander|[of] p1b: Dondozo\n|-boost|p1b: Dondozo|atk|2\n|-boost|p1b: Dondozo|spa|2\n|-boost|p1b: Dondozo|spe|2\n|-boost|p1b: Dondozo|def|2\n|-boost|p1b: Dondozo|spd|2\n|turn|3\n|\n|t:|1681964108\n|switch|p2a: Torkoal|Torkoal, L50, F|100\/100\n|-weather|SunnyDay|[from] ability: Drought|[of] p2a: Torkoal\n|move|p2b: Jumpluff|Sleep Powder|p1b: Dondozo\n|-status|p1b: Dondozo|slp|[from] move: Sleep Powder\n|cant|p1b: Dondozo|slp\n|\n|-weather|SunnyDay|[upkeep]\n|-damage|p1a: Tatsugiri|84\/100 tox|[from] psn\n|upkeep\n|turn|4\n|\n|t:|1681964124\n|-terastallize|p1b: Dondozo|Fire\n|move|p2a: Torkoal|Helping Hand|p2b: Jumpluff\n|-singleturn|p2b: Jumpluff|Helping Hand|[of] p2a: Torkoal\n|move|p2b: Jumpluff|Leaf Storm|p1b: Dondozo\n|-resisted|p1b: Dondozo\n|-damage|p1b: Dondozo|90\/100 slp\n|-unboost|p2b: Jumpluff|spa|2\n|-curestatus|p1b: Dondozo|slp|[msg]\n|move|p1b: Dondozo|Order Up|p2a: Torkoal\n|-damage|p2a: Torkoal|73\/100\n|-boost|p1b: Dondozo|spe|1\n|\n|-weather|SunnyDay|[upkeep]\n|-heal|p1b: Dondozo|96\/100|[from] item: Leftovers\n|-damage|p1a: Tatsugiri|67\/100 tox|[from] psn\n|upkeep\n|turn|5\n|\n|t:|1681964142\n|switch|p2a: Flutter Mane|Flutter Mane, L50|100\/100\n|-activate|p2a: Flutter Mane|ability: Protosynthesis\n|-start|p2a: Flutter Mane|protosynthesisspa\n|move|p2b: Jumpluff|Encore|p1b: Dondozo\n|-start|p1b: Dondozo|Encore\n|move|p1b: Dondozo|Order Up|p2b: Jumpluff\n|-damage|p2b: Jumpluff|56\/100\n|-boost|p1b: Dondozo|spe|1\n|\n|-weather|SunnyDay|[upkeep]\n|-heal|p1b: Dondozo|100\/100|[from] item: Leftovers\n|-damage|p1a: Tatsugiri|45\/100 tox|[from] psn\n|-end|p1a: Tatsugiri|Encore\n|upkeep\n|turn|6\n|\n|t:|1681964163\n|move|p2b: Jumpluff|Sleep Powder|p1b: Dondozo\n|-status|p1b: Dondozo|slp|[from] move: Sleep Powder\n|cant|p1b: Dondozo|slp\n|move|p2a: Flutter Mane|Shadow Ball|p1b: Dondozo\n|-damage|p1b: Dondozo|67\/100 slp\n|\n|-weather|SunnyDay|[upkeep]\n|-heal|p1b: Dondozo|72\/100 slp|[from] item: Leftovers\n|-damage|p1a: Tatsugiri|17\/100 tox|[from] psn\n|upkeep\n|turn|7\n|\n|t:|1681964181\n|move|p2b: Jumpluff|Tailwind|p2b: Jumpluff\n|-sidestart|p2: Pantsuit|move: Tailwind\n|move|p2a: Flutter Mane|Shadow Ball|p1b: Dondozo\n|-damage|p1b: Dondozo|37\/100 slp\n|-unboost|p1b: Dondozo|spd|1\n|-curestatus|p1b: Dondozo|slp|[msg]\n|move|p1b: Dondozo|Order Up|p2b: Jumpluff\n|-damage|p2b: Jumpluff|10\/100\n|-boost|p1b: Dondozo|spe|1\n|\n|-weather|none\n|-end|p2a: Flutter Mane|Protosynthesis\n|-heal|p1b: Dondozo|43\/100|[from] item: Leftovers\n|-damage|p1a: Tatsugiri|0 fnt|[from] psn\n|faint|p1a: Tatsugiri\n|-end|p1b: Dondozo|Encore\n|upkeep\n|\n|t:|1681964199\n|switch|p1a: Flamigo|Flamigo, L50, F|100\/100\n|-copyboost|p1a: Flamigo|p1b: Dondozo|[from] ability: Costar\n|turn|8\n|\n|t:|1681964217\n|move|p1a: Flamigo|Liquidation|p2a: Flutter Mane\n|-damage|p2a: Flutter Mane|0 fnt\n|faint|p2a: Flutter Mane\n|-end|p2a: Flutter Mane|Protosynthesis|[silent]\n|-damage|p1a: Flamigo|91\/100|[from] item: Life Orb\n|move|p2b: Jumpluff|Sleep Powder|p1b: Dondozo\n|-status|p1b: Dondozo|slp|[from] move: Sleep Powder\n|cant|p1b: Dondozo|slp\n|\n|-heal|p1b: Dondozo|49\/100 slp|[from] item: Leftovers\n|upkeep\n|\n|t:|1681964237\n|switch|p2a: Torkoal|Torkoal, L50, F|73\/100\n|-weather|SunnyDay|[from] ability: Drought|[of] p2a: Torkoal\n|turn|9\n|\n|t:|1681964255\n|move|p2b: Jumpluff|Sleep Powder|p1a: Flamigo\n|-status|p1a: Flamigo|slp|[from] move: Sleep Powder\n|cant|p1a: Flamigo|slp\n|cant|p1b: Dondozo|slp\n|move|p2a: Torkoal|Overheat|p1a: Flamigo\n|-damage|p1a: Flamigo|22\/100 slp\n|-unboost|p2a: Torkoal|spa|2\n|-enditem|p2a: Torkoal|Eject Pack\n|\n|t:|1681964264\n|switch|p2a: Kingambit|Kingambit, L50, M|100\/100\n|\n|-weather|SunnyDay|[upkeep]\n|-heal|p1b: Dondozo|54\/100 slp|[from] item: Leftovers\n|upkeep\n|turn|10\n|\n|t:|1681964287\n|-terastallize|p2a: Kingambit|Fire\n|-curestatus|p1a: Flamigo|slp|[msg]\n|move|p1a: Flamigo|Protect|p1a: Flamigo\n|-singleturn|p1a: Flamigo|Protect\n|move|p2b: Jumpluff|Encore|p1b: Dondozo\n|-start|p1b: Dondozo|Encore\n|-curestatus|p1b: Dondozo|slp|[msg]\n|move|p1b: Dondozo|Order Up|p2a: Kingambit\n|-damage|p2a: Kingambit|74\/100\n|-boost|p1b: Dondozo|spe|1\n|move|p2a: Kingambit|Tera Blast|p1a: Flamigo\n|-activate|p1a: Flamigo|move: Protect\n|\n|-weather|SunnyDay|[upkeep]\n|-heal|p1b: Dondozo|60\/100|[from] item: Leftovers\n|-sideend|p2: Pantsuit|move: Tailwind\n|upkeep\n|turn|11\n|\n|t:|1681964319\n|move|p1a: Flamigo|Close Combat|p2a: Kingambit\n|-crit|p2a: Kingambit\n|-damage|p2a: Kingambit|0 fnt\n|-unboost|p1a: Flamigo|def|1\n|-unboost|p1a: Flamigo|spd|1\n|faint|p2a: Kingambit\n|-damage|p1a: Flamigo|13\/100|[from] item: Life Orb\n|move|p1b: Dondozo|Order Up|p2b: Jumpluff\n|-damage|p2b: Jumpluff|0 fnt\n|faint|p2b: Jumpluff\n|-boost|p1b: Dondozo|spe|0\n|\n|-weather|SunnyDay|[upkeep]\n|-heal|p1b: Dondozo|66\/100|[from] item: Leftovers\n|upkeep\n|-message|Pantsuit forfeited.\n|\n|win|shm0406\n|raw|shm0406's rating: 1333 → 1357<\/strong> (+24 for winning)\n|raw|Pantsuit's rating: 1405 → 1381<\/strong> (-24 for losing)\n|l|\u2606Pantsuit\n","uploadtime":1681964342,"views":18,"p1id":"shm0406","p2id":"pantsuit","formatid":"gen9vgc2023regulationc","rating":1357,"private":0,"password":""}