{"id":"gen9vgc2023regulationc-1863036514","p1":"chicagocubsfan87","p2":"chipndip","format":"[Gen 9] VGC 2023 Regulation C","log":"|j|\u2606chicagocubsfan87\n|j|\u2606chipndip\n|t:|1683956581\n|gametype|doubles\n|player|p1|chicagocubsfan87|crasherwake|\n|player|p2|chipndip|marlon|\n|teamsize|p1|6\n|teamsize|p2|6\n|gen|9\n|tier|[Gen 9] VGC 2023 Regulation C\n|rule|Species Clause: Limit one of each Pok\u00e9mon\n|rule|Item Clause: Limit one of each item\n|clearpoke\n|poke|p1|Iron Hands, L50|\n|poke|p1|Amoonguss, L50, F|\n|poke|p1|Pelipper, L50, F|\n|poke|p1|Palafin, L50, F|\n|poke|p1|Baxcalibur, L50, F|\n|poke|p1|Dragonite, L50, F|\n|poke|p2|Annihilape, L50, M|\n|poke|p2|Amoonguss, L50, F|\n|poke|p2|Sylveon, L50, F|\n|poke|p2|Iron Moth, L50|\n|poke|p2|Tauros-Paldea-Aqua, L50, M|\n|poke|p2|Chien-Pao, L50|\n|teampreview|4\nchipndip has agreed to open team sheets.\n|c|\u2606chipndip|Open team sheets or no?\nchicagocubsfan87 has agreed to open team sheets.\n|c|\u2606chipndip|Ah\n|inactive|Battle timer is ON: inactive players will automatically lose when time's up. (requested by chipndip)\n|\n|t:|1683956668\n|start\n|switch|p1a: Amoonguss|Amoonguss, L50, F|100\/100\n|switch|p1b: Palafin|Palafin, L50, F|100\/100\n|switch|p2a: Amoonguss|Amoonguss, L50, F|100\/100\n|switch|p2b: Sylveon|Sylveon, L50, F|100\/100\n|turn|1\n|inactive|chicagocubsfan87 has 30 seconds left.\n|inactive|chipndip has 30 seconds left.\n|inactive|chicagocubsfan87 has 20 seconds left.\n|\n|t:|1683956705\n|detailschange|p1b: Palafin|Palafin-Hero, L50, F\n|switch|p1b: Iron Hands|Iron Hands, L50, shiny|100\/100\n|move|p2b: Sylveon|Hyper Voice|p1b: Iron Hands|[spread] p1a,p1b\n|-resisted|p1a: Amoonguss\n|-supereffective|p1b: Iron Hands\n|-damage|p1a: Amoonguss|87\/100\n|-damage|p1b: Iron Hands|63\/100\n|-enditem|p2b: Sylveon|Throat Spray\n|-boost|p2b: Sylveon|spa|1|[from] item: Throat Spray\n|move|p2a: Amoonguss|Spore|p1b: Iron Hands\n|-status|p1b: Iron Hands|slp|[from] move: Spore\n|move|p1a: Amoonguss|Spore|p2b: Sylveon\n|-status|p2b: Sylveon|slp|[from] move: Spore\n|\n|upkeep\n|turn|2\n|inactive|chicagocubsfan87 has 30 seconds left.\n|inactive|chipndip has 30 seconds left.\n|inactive|chicagocubsfan87 has 20 seconds left.\n|inactive|chicagocubsfan87 has 15 seconds left.\n|\n|t:|1683956749\n|cant|p2b: Sylveon|slp\n|cant|p1b: Iron Hands|slp\n|move|p2a: Amoonguss|Spore|p1b: Iron Hands\n|-fail|p1b: Iron Hands|slp\n|move|p1a: Amoonguss|Pollen Puff|p1b: Iron Hands\n|-heal|p1b: Iron Hands|100\/100 slp\n|\n|upkeep\n|turn|3\n|\n|t:|1683956769\n|-curestatus|p2b: Sylveon|slp|[msg]\n|move|p2b: Sylveon|Hyper Voice|p1b: Iron Hands|[spread] p1a,p1b\n|-resisted|p1a: Amoonguss\n|-supereffective|p1b: Iron Hands\n|-damage|p1a: Amoonguss|63\/100\n|-damage|p1b: Iron Hands|40\/100 slp\n|cant|p1b: Iron Hands|slp\n|move|p2a: Amoonguss|Spore|p1b: Iron Hands\n|-fail|p1b: Iron Hands|slp\n|move|p1a: Amoonguss|Spore|p2b: Sylveon\n|-status|p2b: Sylveon|slp|[from] move: Spore\n|\n|upkeep\n|turn|4\n|inactive|chicagocubsfan87 has 30 seconds left.\n|inactive|chicagocubsfan87 has 20 seconds left.\n|c|\u2606chipndip|This is an experience we're having together\n|inactive|chicagocubsfan87 has 15 seconds left.\n|c|\u2606chicagocubsfan87|it sure is\n|\n|t:|1683956812\n|move|p1a: Amoonguss|Rage Powder|p1a: Amoonguss\n|-singleturn|p1a: Amoonguss|move: Rage Powder\n|cant|p2b: Sylveon|slp\n|-curestatus|p1b: Iron Hands|slp|[msg]\n|move|p1b: Iron Hands|Volt Switch|p2b: Sylveon\n|-damage|p2b: Sylveon|90\/100 slp\n|c|\u2606chicagocubsfan87|we both have amoonguss\n|c|\u2606chicagocubsfan87|neither of us want to switch into spore\n|\n|t:|1683956830\n|-end|p1b: Iron Hands|Quark Drive|[silent]\n|switch|p1b: Baxcalibur|Baxcalibur, L50, F|100\/100|[from] Volt Switch\n|move|p2a: Amoonguss|Spore|p1b: Baxcalibur\n|-status|p1b: Baxcalibur|slp|[from] move: Spore\n|\n|upkeep\n|turn|5\n|inactive|chicagocubsfan87 has 30 seconds left.\n|\n|t:|1683956863\n|cant|p1b: Baxcalibur|slp\n|-curestatus|p2b: Sylveon|slp|[msg]\n|move|p2b: Sylveon|Hyper Voice|p1a: Amoonguss|[spread] p1a,p1b\n|-resisted|p1a: Amoonguss\n|-supereffective|p1b: Baxcalibur\n|-damage|p1a: Amoonguss|43\/100\n|-damage|p1b: Baxcalibur|2\/100 slp\n|-enditem|p1a: Amoonguss|Sitrus Berry|[eat]\n|-heal|p1a: Amoonguss|68\/100|[from] item: Sitrus Berry\n|move|p2a: Amoonguss|Clear Smog|p1b: Baxcalibur\n|-damage|p1b: Baxcalibur|0 fnt\n|-clearboost|p1b: Baxcalibur\n|faint|p1b: Baxcalibur\n|move|p1a: Amoonguss|Spore|p2b: Sylveon\n|-status|p2b: Sylveon|slp|[from] move: Spore\n|\n|upkeep\n|inactive|chicagocubsfan87 has 30 seconds left.\n|\n|t:|1683956890\n|switch|p1b: Palafin|Palafin-Hero, L50, F|100\/100\n|-activate|p1b: Palafin|ability: Zero to Hero\n|turn|6\n|\n|t:|1683956902\n|switch|p2b: Tauros|Tauros-Paldea-Aqua, L50, M|100\/100\n|-ability|p2b: Tauros|Intimidate|boost\n|-unboost|p1a: Amoonguss|atk|1\n|-unboost|p1b: Palafin|atk|1\n|move|p1b: Palafin|Wave Crash|p2b: Tauros\n|-resisted|p2b: Tauros\n|-damage|p2b: Tauros|63\/100\n|-damage|p1b: Palafin|91\/100|[from] Recoil\n|move|p2a: Amoonguss|Spore|p1b: Palafin\n|-status|p1b: Palafin|slp|[from] move: Spore\n|move|p1a: Amoonguss|Spore|p2b: Tauros\n|-status|p2b: Tauros|slp|[from] move: Spore\n|\n|upkeep\n|turn|7\n|inactive|chicagocubsfan87 has 30 seconds left.\n|c|\u2606chicagocubsfan87|this really is one of the games of all time\n|inactive|chicagocubsfan87 has 20 seconds left.\n|c|\u2606chicagocubsfan87|plenty of sleep for everyone\n|inactive|chicagocubsfan87 has 15 seconds left.\n|inactive|chicagocubsfan87 has 10 seconds left.\n|inactive|chicagocubsfan87 has 5 seconds left.\n|c|\u2606chipndip|Better than Genshin Impact tbf\n|\n|t:|1683956957\n|switch|p2b: Sylveon|Sylveon, L50, F|90\/100 slp\n|cant|p1b: Palafin|slp\n|move|p2a: Amoonguss|Clear Smog|p1b: Palafin\n|-damage|p1b: Palafin|77\/100 slp\n|-clearboost|p1b: Palafin\n|move|p1a: Amoonguss|Spore|p2a: Amoonguss\n|-immune|p2a: Amoonguss\n|\n|upkeep\n|turn|8\n|c|\u2606chipndip|Ah fuck I played myself\n|inactive|chicagocubsfan87 has 30 seconds left.\n|\n|t:|1683956985\n|move|p2a: Amoonguss|Rage Powder|p2a: Amoonguss\n|-singleturn|p2a: Amoonguss|move: Rage Powder\n|cant|p1b: Palafin|slp\n|cant|p2b: Sylveon|slp\n|move|p1a: Amoonguss|Pollen Puff|p1b: Palafin\n|-heal|p1b: Palafin|100\/100 slp\n|\n|upkeep\n|turn|9\n|inactive|chicagocubsfan87 has 30 seconds left.\n|\n|t:|1683957018\n|move|p2a: Amoonguss|Rage Powder|p2a: Amoonguss\n|-singleturn|p2a: Amoonguss|move: Rage Powder\n|-curestatus|p1b: Palafin|slp|[msg]\n|move|p1b: Palafin|Wave Crash|p2a: Amoonguss\n|-resisted|p2a: Amoonguss\n|-damage|p2a: Amoonguss|59\/100\n|-damage|p1b: Palafin|84\/100|[from] item: Rocky Helmet|[of] p2a: Amoonguss\n|-damage|p1b: Palafin|70\/100|[from] Recoil\n|cant|p2b: Sylveon|slp\n|move|p1a: Amoonguss|Spore|p2b: Sylveon\n|-fail|p2b: Sylveon|slp\n|\n|upkeep\n|turn|10\n|\n|t:|1683957042\n|switch|p2b: Tauros|Tauros-Paldea-Aqua, L50, M|63\/100 slp\n|-ability|p2b: Tauros|Intimidate|boost\n|-unboost|p1a: Amoonguss|atk|1\n|-unboost|p1b: Palafin|atk|1\n|move|p1b: Palafin|Wave Crash|p2b: Tauros\n|-resisted|p2b: Tauros\n|-damage|p2b: Tauros|27\/100 slp\n|-damage|p1b: Palafin|61\/100|[from] Recoil\n|move|p2a: Amoonguss|Spore|p1b: Palafin\n|-status|p1b: Palafin|slp|[from] move: Spore\n|move|p1a: Amoonguss|Spore|p2b: Tauros\n|-fail|p2b: Tauros|slp\n|\n|upkeep\n|turn|11\n|inactive|chicagocubsfan87 has 30 seconds left.\n|\n|t:|1683957067\n|cant|p2b: Tauros|slp\n|cant|p1b: Palafin|slp\n|move|p2a: Amoonguss|Clear Smog|p1a: Amoonguss\n|-damage|p1a: Amoonguss|56\/100\n|-clearboost|p1a: Amoonguss\n|move|p1a: Amoonguss|Pollen Puff|p1b: Palafin\n|-heal|p1b: Palafin|100\/100 slp\n|\n|upkeep\n|turn|12\n|inactive|chipndip has 30 seconds left.\n|inactive|chicagocubsfan87 has 30 seconds left.\n|\n|t:|1683957102\n|switch|p1a: Iron Hands|Iron Hands, L50, shiny|40\/100\n|cant|p2b: Tauros|slp\n|cant|p1b: Palafin|slp\n|move|p2a: Amoonguss|Clear Smog|p1a: Iron Hands\n|-damage|p1a: Iron Hands|32\/100\n|-clearboost|p1a: Iron Hands\n|\n|upkeep\n|turn|13\n|inactive|chicagocubsfan87 has 30 seconds left this turn.\n|inactive|chicagocubsfan87 has 20 seconds left.\n|inactive|chicagocubsfan87 has 15 seconds left.\n|inactive|chicagocubsfan87 has 10 seconds left.\n|inactive|chicagocubsfan87 has 5 seconds left.\n|inactive|chipndip has 30 seconds left.\n|\n|t:|1683957134\n|move|p2a: Amoonguss|Protect|p2a: Amoonguss\n|-singleturn|p2a: Amoonguss|Protect\n|move|p1a: Iron Hands|Fake Out|p2a: Amoonguss\n|-activate|p2a: Amoonguss|move: Protect\n|-curestatus|p2b: Tauros|slp|[msg]\n|move|p2b: Tauros|Close Combat|p1a: Iron Hands\n|-damage|p1a: Iron Hands|0 fnt\n|-unboost|p2b: Tauros|def|1\n|-unboost|p2b: Tauros|spd|1\n|faint|p1a: Iron Hands\n|-end|p1a: Iron Hands|Quark Drive|[silent]\n|cant|p1b: Palafin|slp\n|\n|upkeep\n|inactive|chicagocubsfan87 has 5 seconds left this turn.\n|\n|t:|1683957139\n|switch|p1a: Amoonguss|Amoonguss, L50, F|89\/100\n|turn|14\n|inactive|chicagocubsfan87 has 5 seconds left this turn.\n|-message|chicagocubsfan87 lost due to inactivity.\n|\n|win|chipndip\n|c|\u2606chicagocubsfan87|dude wtf is this time limit\n|c|\u2606chipndip|GG game 1\n|c|\u2606chipndip|It's not similar to the in game one\n|c|\u2606chipndip|IIRC\n|c|\u2606chicagocubsfan87|yeah it's not similar to the singles one either\n|c|\u2606chipndip|But VGC is normally done on a time limit, which is why I put it on\n|c|\u2606chicagocubsfan87|what the fuck\n|l|\u2606chicagocubsfan87\n","uploadtime":1683957197,"views":7,"p1id":"chicagocubsfan87","p2id":"chipndip","formatid":"gen9vgc2023regulationc","rating":0,"private":0,"password":""}