{"id":"gen9vgc2023regulationc-1853226162","p1":"john0627","p2":"Nate22222222","format":"[Gen 9] VGC 2023 Regulation C","log":"|j|\u2606john0627\n|j|\u2606Nate22222222\n|t:|1682651240\n|gametype|doubles\n|player|p1|john0627|101|1098\n|player|p2|Nate22222222|nate|1000\n|teamsize|p1|6\n|teamsize|p2|6\n|gen|9\n|tier|[Gen 9] VGC 2023 Regulation C\n|rated|\n|rule|Species Clause: Limit one of each Pok\u00e9mon\n|rule|Item Clause: Limit one of each item\n|clearpoke\n|poke|p1|Arcanine, L50, F|\n|poke|p1|Chien-Pao, L50|\n|poke|p1|Chi-Yu, L50|\n|poke|p1|Sableye, L50, M|\n|poke|p1|Gastrodon, L50, F|\n|poke|p1|Braviary, L50, M|\n|poke|p2|Iron Bundle, L50|\n|poke|p2|Arcanine, L50, M|\n|poke|p2|Armarouge, L50, M|\n|poke|p2|Indeedee-F, L50, F|\n|poke|p2|Dragalge, L50, M|\n|poke|p2|Maushold-Four, L50|\n|teampreview|4\n|\n|t:|1682651266\n|start\n|switch|p1a: Braviary|Braviary, L50, M|100\/100\n|switch|p1b: Chi-Yu|Chi-Yu, L50|100\/100\n|switch|p2a: Iron Bundle|Iron Bundle, L50, shiny|100\/100\n|switch|p2b: Arcanine|Arcanine, L50, M|100\/100\n|-ability|p2b: Arcanine|Intimidate|boost\n|-unboost|p1a: Braviary|atk|1\n|-unboost|p1b: Chi-Yu|atk|1\n|-ability|p1b: Chi-Yu|Beads of Ruin\n|-enditem|p2a: Iron Bundle|Booster Energy\n|-activate|p2a: Iron Bundle|ability: Quark Drive|[fromitem]\n|-start|p2a: Iron Bundle|quarkdrivespe\n|turn|1\n|\n|t:|1682651301\n|switch|p1b: Sableye|Sableye, L50, M|100\/100\n|move|p2a: Iron Bundle|Hydro Pump|p1b: Sableye\n|-crit|p1b: Sableye\n|-damage|p1b: Sableye|0 fnt\n|faint|p1b: Sableye\n|move|p2b: Arcanine|Will-O-Wisp|p1a: Braviary\n|-status|p1a: Braviary|brn\n|move|p1a: Braviary|Tailwind|p1a: Braviary\n|-sidestart|p1: john0627|move: Tailwind\n|\n|-damage|p1a: Braviary|94\/100 brn|[from] brn\n|upkeep\n|\n|t:|1682651317\n|switch|p1b: Chien-Pao|Chien-Pao, L50|100\/100\n|-ability|p1b: Chien-Pao|Sword of Ruin\n|turn|2\n|\n|t:|1682651343\n|move|p1b: Chien-Pao|Protect|p1b: Chien-Pao\n|-singleturn|p1b: Chien-Pao|Protect\n|move|p2a: Iron Bundle|Icy Wind|p1b: Chien-Pao|[spread] p1a\n|-activate|p1b: Chien-Pao|move: Protect\n|-supereffective|p1a: Braviary\n|-damage|p1a: Braviary|49\/100 brn\n|-unboost|p1a: Braviary|spe|1\n|move|p1a: Braviary|Body Slam|p2a: Iron Bundle\n|-damage|p2a: Iron Bundle|58\/100\n|move|p2b: Arcanine|Flare Blitz|p1b: Chien-Pao\n|-activate|p1b: Chien-Pao|move: Protect\n|\n|-damage|p1a: Braviary|43\/100 brn|[from] brn\n|upkeep\n|turn|3\n|\n|t:|1682651367\n|move|p1b: Chien-Pao|Sacred Sword|p2a: Iron Bundle\n|-supereffective|p2a: Iron Bundle\n|-damage|p2a: Iron Bundle|0 fnt\n|faint|p2a: Iron Bundle\n|-end|p2a: Iron Bundle|Quark Drive|[silent]\n|move|p1a: Braviary|Body Slam|p2b: Arcanine\n|-damage|p2b: Arcanine|54\/100\n|move|p2b: Arcanine|Flare Blitz|p1b: Chien-Pao\n|-supereffective|p1b: Chien-Pao\n|-enditem|p1b: Chien-Pao|Focus Sash\n|-damage|p1b: Chien-Pao|1\/100\n|-damage|p2b: Arcanine|23\/100|[from] Recoil\n|-enditem|p2b: Arcanine|Aguav Berry|[eat]\n|-heal|p2b: Arcanine|57\/100|[from] item: Aguav Berry\n|\n|-damage|p1a: Braviary|37\/100 brn|[from] brn\n|upkeep\n|\n|t:|1682651384\n|switch|p2a: Indeedee|Indeedee-F, L50, F|100\/100\n|-fieldstart|move: Psychic Terrain|[from] ability: Psychic Surge|[of] p2a: Indeedee\n|turn|4\n|\n|t:|1682651406\n|-terastallize|p2b: Arcanine|Normal\n|move|p2a: Indeedee|Fake Out|p1b: Chien-Pao\n|-activate|p1b: Chien-Pao|move: Psychic Terrain\n|move|p2b: Arcanine|Extreme Speed|p1a: Braviary\n|-hint|Psychic Terrain doesn't affect Pok\u00e9mon immune to Ground.\n|-damage|p1a: Braviary|0 fnt\n|faint|p1a: Braviary\n|move|p1b: Chien-Pao|Sacred Sword|p2b: Arcanine\n|-supereffective|p2b: Arcanine\n|-damage|p2b: Arcanine|0 fnt\n|faint|p2b: Arcanine\n|\n|-sideend|p1: john0627|move: Tailwind\n|upkeep\n|\n|t:|1682651420\n|switch|p2b: Armarouge|Armarouge, L50, M, shiny|100\/100\n|switch|p1a: Chi-Yu|Chi-Yu, L50|100\/100\n|-ability|p1a: Chi-Yu|Beads of Ruin\n|turn|5\n|\n|t:|1682651443\n|move|p2a: Indeedee|Protect|p2a: Indeedee\n|-singleturn|p2a: Indeedee|Protect\n|move|p1b: Chien-Pao|Ice Spinner|p2b: Armarouge\n|-resisted|p2b: Armarouge\n|-damage|p2b: Armarouge|76\/100\n|-fieldend|move: Psychic Terrain\n|move|p1a: Chi-Yu|Dark Pulse|p2b: Armarouge\n|-supereffective|p2b: Armarouge\n|-damage|p2b: Armarouge|0 fnt\n|faint|p2b: Armarouge\n|\n|upkeep\n|turn|6\n|-message|Nate22222222 forfeited.\n|\n|win|john0627\n|raw|john0627's rating: 1098 → 1116<\/strong> (+18 for winning)\n|raw|Nate22222222's rating: 1000 → 1000<\/strong> (+0 for losing)\n|l|\u2606Nate22222222\n","uploadtime":1682651459,"views":10,"p1id":"john0627","p2id":"nate22222222","formatid":"gen9vgc2023regulationc","rating":1000,"private":0,"password":""}