{"id":"gen9vgc2023regulationc-1856539286","p1":"Quanxi_irl","p2":"IxLAMPxI","format":"[Gen 9] VGC 2023 Regulation C","log":"|j|\u2606Quanxi_irl\n|j|\u2606IxLAMPxI\n|t:|1683073289\n|gametype|doubles\n|player|p1|Quanxi_irl|iris-gen5bw2|1134\n|player|p2|IxLAMPxI|backpacker|1205\n|teamsize|p1|6\n|teamsize|p2|6\n|gen|9\n|tier|[Gen 9] VGC 2023 Regulation C\n|rated|\n|rule|Species Clause: Limit one of each Pok\u00e9mon\n|rule|Item Clause: Limit one of each item\n|clearpoke\n|poke|p1|Chi-Yu, L50|\n|poke|p1|Dachsbun, L50, F|\n|poke|p1|Gholdengo, L50|\n|poke|p1|Iron Hands, L50|\n|poke|p1|Slowking, L50, F|\n|poke|p1|Tsareena, L50, F|\n|poke|p2|Ting-Lu, L50|\n|poke|p2|Abomasnow, L50, F|\n|poke|p2|Iron Bundle, L50|\n|poke|p2|Vivillon-Ocean, L50, F|\n|poke|p2|Bronzong, L50|\n|poke|p2|Rotom-Heat, L50|\n|teampreview|4\n|\n|t:|1683073327\n|start\n|switch|p1a: Chi-Yu|Chi-Yu, L50|100\/100\n|switch|p1b: Dachsbun|Dachsbun, L50, F|100\/100\n|switch|p2a: Ting-Lu|Ting-Lu, L50|100\/100\n|switch|p2b: Bronzong|Bronzong, L50, shiny|100\/100\n|-ability|p1a: Chi-Yu|Beads of Ruin\n|-ability|p2a: Ting-Lu|Vessel of Ruin\n|turn|1\n|\n|t:|1683073369\n|-terastallize|p1b: Dachsbun|Steel\n|-terastallize|p2b: Bronzong|Fire\n|move|p1a: Chi-Yu|Lava Plume|p2a: Ting-Lu|[spread] p2a,p2b\n|-ability|p1b: Dachsbun|Well-Baked Body|boost\n|-boost|p1b: Dachsbun|def|2\n|-resisted|p2b: Bronzong\n|-damage|p2a: Ting-Lu|68\/100\n|-damage|p2b: Bronzong|85\/100\n|-damage|p1a: Chi-Yu|90\/100|[from] item: Life Orb\n|move|p1b: Dachsbun|Body Press|p2a: Ting-Lu\n|-supereffective|p2a: Ting-Lu\n|-damage|p2a: Ting-Lu|15\/100\n|move|p2a: Ting-Lu|Earthquake|p1b: Dachsbun|[spread] p1a,p1b\n|-immune|p2b: Bronzong|[from] ability: Levitate\n|-supereffective|p1a: Chi-Yu\n|-supereffective|p1b: Dachsbun\n|-damage|p1a: Chi-Yu|0 fnt\n|-damage|p1b: Dachsbun|52\/100\n|faint|p1a: Chi-Yu\n|move|p2b: Bronzong|Trick Room|p2b: Bronzong\n|-fieldstart|move: Trick Room|[of] p2b: Bronzong\n|\n|upkeep\n|\n|t:|1683073390\n|switch|p1a: Tsareena|Tsareena, L50, F, shiny|100\/100\n|turn|2\n|\n|t:|1683073402\n|move|p1b: Dachsbun|Protect|p1b: Dachsbun\n|-singleturn|p1b: Dachsbun|Protect\n|move|p2b: Bronzong|Gyro Ball|p1a: Tsareena\n|-damage|p1a: Tsareena|83\/100\n|move|p2a: Ting-Lu|Earthquake|p1b: Dachsbun|[spread] p1a\n|-activate|p1b: Dachsbun|move: Protect\n|-immune|p2b: Bronzong|[from] ability: Levitate\n|-resisted|p1a: Tsareena\n|-damage|p1a: Tsareena|54\/100\n|move|p1a: Tsareena|High Jump Kick|p2a: Ting-Lu\n|-supereffective|p2a: Ting-Lu\n|-damage|p2a: Ting-Lu|0 fnt\n|faint|p2a: Ting-Lu\n|\n|upkeep\n|\n|t:|1683073424\n|switch|p2a: Abomasnow|Abomasnow, L50, F, shiny|100\/100\n|-weather|Snow|[from] ability: Snow Warning|[of] p2a: Abomasnow\n|turn|3\n|\n|t:|1683073439\n|move|p1a: Tsareena|High Jump Kick|p2a: Abomasnow\n|-supereffective|p2a: Abomasnow\n|-damage|p2a: Abomasnow|35\/100\n|-enditem|p2a: Abomasnow|Weakness Policy\n|-boost|p2a: Abomasnow|atk|2|[from] item: Weakness Policy\n|-boost|p2a: Abomasnow|spa|2|[from] item: Weakness Policy\n|move|p2a: Abomasnow|Blizzard|p1a: Tsareena|[spread] p1a,p1b\n|-supereffective|p1a: Tsareena\n|-resisted|p1b: Dachsbun\n|-damage|p1a: Tsareena|0 fnt\n|-damage|p1b: Dachsbun|20\/100\n|-status|p1b: Dachsbun|frz\n|faint|p1a: Tsareena\n|cant|p1b: Dachsbun|frz\n|move|p2b: Bronzong|Trick Room|p2b: Bronzong\n|-fieldend|move: Trick Room\n|\n|-weather|Snow|[upkeep]\n|upkeep\n|\n|t:|1683073456\n|switch|p1a: Slowking|Slowking, L50, F|100\/100\n|turn|4\n|\n|t:|1683073466\n|switch|p2b: Iron Bundle|Iron Bundle, L50|100\/100\n|-enditem|p2b: Iron Bundle|Booster Energy\n|-activate|p2b: Iron Bundle|ability: Quark Drive|[fromitem]\n|-start|p2b: Iron Bundle|quarkdrivespe\n|cant|p1b: Dachsbun|frz\n|move|p2a: Abomasnow|Giga Drain|p1a: Slowking\n|-supereffective|p1a: Slowking\n|-damage|p1a: Slowking|4\/100\n|-heal|p2a: Abomasnow|86\/100|[from] drain|[of] p1a: Slowking\n|-enditem|p1a: Slowking|Sitrus Berry|[eat]\n|-heal|p1a: Slowking|29\/100|[from] item: Sitrus Berry\n|move|p1a: Slowking|Heal Pulse|p1b: Dachsbun\n|-heal|p1b: Dachsbun|70\/100 frz\n|\n|-weather|Snow|[upkeep]\n|upkeep\n|turn|5\n|\n|t:|1683073497\n|move|p2b: Iron Bundle|Aurora Veil|p2b: Iron Bundle\n|-sidestart|p2: IxLAMPxI|move: Aurora Veil\n|cant|p1b: Dachsbun|frz\n|move|p2a: Abomasnow|Blizzard|p1b: Dachsbun|[spread] p1a,p1b\n|-resisted|p1a: Slowking\n|-resisted|p1b: Dachsbun\n|-damage|p1a: Slowking|4\/100\n|-damage|p1b: Dachsbun|35\/100 frz\n|move|p1a: Slowking|Trick Room|p1a: Slowking\n|-fieldstart|move: Trick Room|[of] p1a: Slowking\n|\n|-weather|Snow|[upkeep]\n|upkeep\n|turn|6\n|c|\u2606Quanxi_irl|I hate it here\n|\n|t:|1683073517\n|move|p1a: Slowking|Heal Pulse|p1b: Dachsbun\n|-heal|p1b: Dachsbun|85\/100 frz\n|move|p2a: Abomasnow|Giga Drain|p1a: Slowking\n|-supereffective|p1a: Slowking\n|-damage|p1a: Slowking|0 fnt\n|-heal|p2a: Abomasnow|88\/100|[from] drain|[of] p1a: Slowking\n|faint|p1a: Slowking\n|-curestatus|p1b: Dachsbun|frz|[msg]\n|move|p1b: Dachsbun|Body Press|p2a: Abomasnow\n|-supereffective|p2a: Abomasnow\n|-damage|p2a: Abomasnow|44\/100\n|move|p2b: Iron Bundle|Blizzard|p1b: Dachsbun\n|-resisted|p1b: Dachsbun\n|-damage|p1b: Dachsbun|61\/100\n|\n|-weather|Snow|[upkeep]\n|upkeep\n|turn|7\n|\n|t:|1683073549\n|switch|p2a: Bronzong|Bronzong, L50, shiny, tera:Fire|85\/100\n|move|p1b: Dachsbun|Body Press|p2a: Bronzong\n|-damage|p2a: Bronzong|64\/100\n|move|p2b: Iron Bundle|Blizzard|p1b: Dachsbun\n|-resisted|p1b: Dachsbun\n|-damage|p1b: Dachsbun|36\/100\n|\n|-weather|none\n|upkeep\n|turn|8\n|\n|t:|1683073572\n|switch|p2a: Abomasnow|Abomasnow, L50, F, shiny|44\/100\n|-weather|Snow|[from] ability: Snow Warning|[of] p2a: Abomasnow\n|move|p1b: Dachsbun|Body Press|p2b: Iron Bundle\n|-supereffective|p2b: Iron Bundle\n|-damage|p2b: Iron Bundle|50\/100\n|move|p2b: Iron Bundle|Blizzard|p1b: Dachsbun\n|-resisted|p1b: Dachsbun\n|-damage|p1b: Dachsbun|11\/100\n|\n|-weather|Snow|[upkeep]\n|upkeep\n|turn|9\n|\n|t:|1683073585\n|move|p2a: Abomasnow|Blizzard|p1b: Dachsbun\n|-resisted|p1b: Dachsbun\n|-damage|p1b: Dachsbun|0 fnt\n|faint|p1b: Dachsbun\n|\n|win|IxLAMPxI\n|raw|Quanxi_irl's rating: 1134 → 1114<\/strong> (-20 for losing)\n|raw|IxLAMPxI's rating: 1205 → 1225<\/strong> (+20 for winning)\n","uploadtime":1683073591,"views":13,"p1id":"quanxiirl","p2id":"ixlampxi","formatid":"gen9vgc2023regulationc","rating":1114,"private":0,"password":""}