{"id":"gen9vgc2023regulationc-1850261957","p1":"Shit tier pro","p2":"johnny99ep","format":"[Gen 9] VGC 2023 Regulation C","log":"|j|\u2606Shit tier pro\n|j|\u2606johnny99ep\n|t:|1682307435\n|gametype|doubles\n|player|p1|Shit tier pro|170|1062\n|player|p2|johnny99ep|artist-gen4|1105\n|teamsize|p1|6\n|teamsize|p2|6\n|gen|9\n|tier|[Gen 9] VGC 2023 Regulation C\n|rated|\n|rule|Species Clause: Limit one of each Pok\u00e9mon\n|rule|Item Clause: Limit one of each item\n|clearpoke\n|poke|p1|Palafin, L50, M|\n|poke|p1|Arboliva, L50, F|\n|poke|p1|Tauros-Paldea-Blaze, L50, M|\n|poke|p1|Salamence, L50, M|\n|poke|p1|Grimmsnarl, L50, M|\n|poke|p1|Garganacl, L50, M|\n|poke|p2|Gothitelle, L50, M|\n|poke|p2|Scream Tail, L50|\n|poke|p2|Flutter Mane, L50|\n|poke|p2|Arcanine, L50, M|\n|poke|p2|Palafin, L50, F|\n|poke|p2|Amoonguss, L50, M|\n|teampreview|4\n|inactive|Battle timer is ON: inactive players will automatically lose when time's up. (requested by johnny99ep)\nShit tier pro has agreed to open team sheets.\n|inactive|johnny99ep has 60 seconds left.\n|\n|t:|1682307472\n|start\n|switch|p1a: Grimmsnarl|Grimmsnarl, L50, M, shiny|100\/100\n|switch|p1b: Tauros|Tauros-Paldea-Blaze, L50, M|100\/100\n|switch|p2a: Addams|Gothitelle, L50, M|100\/100\n|switch|p2b: LaPetiteMort|Scream Tail, L50, shiny|100\/100\n|-ability|p1b: Tauros|Intimidate|boost\n|-unboost|p2a: Addams|atk|1\n|-unboost|p2b: LaPetiteMort|atk|1\n|-enditem|p2b: LaPetiteMort|Booster Energy\n|-activate|p2b: LaPetiteMort|ability: Protosynthesis|[fromitem]\n|-start|p2b: LaPetiteMort|protosynthesisspe\n|turn|1\n|inactive|Shit tier pro has 30 seconds left.\n|\n|t:|1682307498\n|move|p2a: Addams|Fake Out|p1a: Grimmsnarl\n|-damage|p1a: Grimmsnarl|96\/100\n|move|p1a: Grimmsnarl|Taunt|p2b: LaPetiteMort\n|-start|p2b: LaPetiteMort|move: Taunt\n|move|p2b: LaPetiteMort|Play Rough|p1b: Tauros\n|-damage|p1b: Tauros|84\/100\n|move|p1b: Tauros|Raging Bull|p2b: LaPetiteMort\n|-damage|p2b: LaPetiteMort|69\/100\n|\n|upkeep\n|turn|2\n|\n|t:|1682307515\n|-end|p2b: LaPetiteMort|Protosynthesis|[silent]\n|switch|p2b: Bonnie Tyler|Palafin, L50, F|100\/100\n|move|p1a: Grimmsnarl|Taunt|p2a: Addams\n|-start|p2a: Addams|move: Taunt\n|move|p1b: Tauros|Will-O-Wisp|p2b: Bonnie Tyler\n|-status|p2b: Bonnie Tyler|brn\n|move|p2a: Addams|Psychic|p1b: Tauros\n|-supereffective|p1b: Tauros\n|-damage|p1b: Tauros|0 fnt\n|faint|p1b: Tauros\n|\n|-damage|p2b: Bonnie Tyler|95\/100 brn|[from] brn\n|upkeep\n|\n|t:|1682307526\n|switch|p1b: Garganacl|Garganacl, L50, M|100\/100\n|turn|3\n|\n|t:|1682307542\n|switch|p2a: LaPetiteMort|Scream Tail, L50, shiny|69\/100\n|-terastallize|p1b: Garganacl|Grass\n|move|p2b: Bonnie Tyler|Wave Crash|p1b: Garganacl\n|-resisted|p1b: Garganacl\n|-damage|p1b: Garganacl|91\/100\n|-enditem|p1b: Garganacl|Luminous Moss\n|-boost|p1b: Garganacl|spd|1|[from] item: Luminous Moss\n|-damage|p2b: Bonnie Tyler|92\/100 brn|[from] Recoil\n|move|p1a: Grimmsnarl|Spirit Break|p2a: LaPetiteMort\n|-damage|p2a: LaPetiteMort|46\/100\n|-unboost|p2a: LaPetiteMort|spa|1\n|move|p1b: Garganacl|Block|p2b: Bonnie Tyler\n|-activate|p2b: Bonnie Tyler|trapped\n|\n|-damage|p2b: Bonnie Tyler|86\/100 brn|[from] brn\n|upkeep\n|turn|4\n|\n|t:|1682307566\n|move|p2b: Bonnie Tyler|Protect|p2b: Bonnie Tyler\n|-singleturn|p2b: Bonnie Tyler|Protect\n|move|p1a: Grimmsnarl|Taunt|p2a: LaPetiteMort\n|-start|p2a: LaPetiteMort|move: Taunt\n|cant|p2a: LaPetiteMort|move: Taunt|Perish Song\n|move|p1b: Garganacl|Salt Cure|p2b: Bonnie Tyler\n|-activate|p2b: Bonnie Tyler|move: Protect\n|\n|-damage|p2b: Bonnie Tyler|80\/100 brn|[from] brn\n|upkeep\n|turn|5\n|-message|johnny99ep forfeited.\n|\n|win|Shit tier pro\n|raw|Shit tier pro's rating: 1062 → 1096<\/strong> (+34 for winning)\n|raw|johnny99ep's rating: 1105 → 1077<\/strong> (-28 for losing)\n|l|\u2606johnny99ep\n","uploadtime":1682307583,"views":19,"p1id":"shittierpro","p2id":"johnny99ep","formatid":"gen9vgc2023regulationc","rating":1077,"private":0,"password":""}