{"id":"gen9vgc2023regulationc-1864103742","p1":"revocolombia","p2":"GlowieSlayer777","format":"[Gen 9] VGC 2023 Regulation C","log":"|j|\u2606revocolombia\n|j|\u2606GlowieSlayer777\n|t:|1684117894\n|gametype|doubles\n|player|p1|revocolombia|pokemonranger-gen4|1497\n|player|p2|GlowieSlayer777|veteran|1477\n|teamsize|p1|6\n|teamsize|p2|6\n|gen|9\n|tier|[Gen 9] VGC 2023 Regulation C\n|rated|\n|rule|Species Clause: Limit one of each Pok\u00e9mon\n|rule|Item Clause: Limit one of each item\n|clearpoke\n|poke|p1|Flutter Mane, L50|\n|poke|p1|Annihilape, L50, M|\n|poke|p1|Dragonite, L50, F|\n|poke|p1|Chien-Pao, L50|\n|poke|p1|Murkrow, L50, F|\n|poke|p1|Gholdengo, L50|\n|poke|p2|Murkrow, L50, M|\n|poke|p2|Flutter Mane, L50|\n|poke|p2|Chi-Yu, L50|\n|poke|p2|Corviknight, L50, M|\n|poke|p2|Great Tusk, L50|\n|poke|p2|Tsareena, L50, F|\n|teampreview|4\n|inactive|Battle timer is ON: inactive players will automatically lose when time's up. (requested by GlowieSlayer777)\n|\n|t:|1684117930\n|start\n|switch|p1a: Annihilape|Annihilape, L50, M|100\/100\n|switch|p1b: Chien-Pao|Chien-Pao, L50|100\/100\n|switch|p2a: Big guy|Murkrow, L50, M|100\/100\n|switch|p2b: For you|Great Tusk, L50|100\/100\n|-ability|p1b: Chien-Pao|Sword of Ruin\n|turn|1\n|\n|t:|1684117955\n|-terastallize|p2b: For you|Ground\n|move|p2a: Big guy|Tailwind|p2a: Big guy\n|-sidestart|p2: GlowieSlayer777|move: Tailwind\n|move|p2b: For you|Earthquake|p1a: Annihilape|[spread] p1a,p1b\n|-immune|p2a: Big guy\n|-damage|p1a: Annihilape|26\/100\n|-damage|p1b: Chien-Pao|33\/100\n|move|p1b: Chien-Pao|Ice Spinner|p2b: For you\n|-supereffective|p2b: For you\n|-damage|p2b: For you|11\/100\n|move|p1a: Annihilape|Bulk Up|p1a: Annihilape\n|-boost|p1a: Annihilape|atk|1\n|-boost|p1a: Annihilape|def|1\n|\n|-heal|p1a: Annihilape|33\/100|[from] item: Leftovers\n|upkeep\n|turn|2\n|inactive|revocolombia has 30 seconds left.\n|\n|t:|1684117981\n|switch|p2a: Tsareena|Tsareena, L50, F|100\/100\n|move|p1b: Chien-Pao|Ice Shard||[still]\n|cant|p2a: Tsareena|ability: Queenly Majesty|Ice Shard|[of] p1b: Chien-Pao\n|move|p2b: For you|Earthquake|p1a: Annihilape|[spread] p2a,p1a,p1b\n|-resisted|p2a: Tsareena\n|-damage|p2a: Tsareena|63\/100\n|-damage|p1a: Annihilape|0 fnt\n|-damage|p1b: Chien-Pao|0 fnt\n|faint|p1a: Annihilape\n|faint|p1b: Chien-Pao\n|\n|upkeep\n|\n|t:|1684117994\n|switch|p1b: Dragonite|Dragonite, L50, F|100\/100\n|switch|p1a: Flutter Mane|Flutter Mane, L50|100\/100\n|-enditem|p1a: Flutter Mane|Booster Energy\n|-activate|p1a: Flutter Mane|ability: Protosynthesis|[fromitem]\n|-start|p1a: Flutter Mane|protosynthesisspe\n|turn|3\n|inactive|GlowieSlayer777 has 30 seconds left.\n|\n|t:|1684118028\n|move|p2b: For you|Earthquake|p1b: Dragonite|[spread] p2a,p1a\n|-immune|p1b: Dragonite\n|-resisted|p2a: Tsareena\n|-damage|p2a: Tsareena|33\/100\n|-damage|p1a: Flutter Mane|0 fnt\n|faint|p1a: Flutter Mane\n|-end|p1a: Flutter Mane|Protosynthesis|[silent]\n|move|p2a: Tsareena|Bullet Seed|p1b: Dragonite\n|-resisted|p1b: Dragonite\n|-damage|p1b: Dragonite|99\/100\n|-resisted|p1b: Dragonite\n|-damage|p1b: Dragonite|96\/100\n|-resisted|p1b: Dragonite\n|-damage|p1b: Dragonite|93\/100\n|-resisted|p1b: Dragonite\n|-damage|p1b: Dragonite|90\/100\n|-hitcount|p1b: Dragonite|4\n|move|p1b: Dragonite|Dragon Dance|p1b: Dragonite\n|-boost|p1b: Dragonite|atk|1\n|-boost|p1b: Dragonite|spe|1\n|\n|upkeep\n|turn|4\n|inactive|revocolombia has 30 seconds left.\n|inactive|GlowieSlayer777 has 30 seconds left.\n|inactive|GlowieSlayer777 has 20 seconds left.\n|\n|t:|1684118065\n|-end|p2b: For you|Protosynthesis|[silent]\n|switch|p2b: Flutter Mane|Flutter Mane, L50|100\/100\n|switch|p2a: Big guy|Murkrow, L50, M|100\/100\n|move|p1b: Dragonite|Thunder Punch|p2a: Big guy\n|-supereffective|p2a: Big guy\n|-damage|p2a: Big guy|0 fnt\n|faint|p2a: Big guy\n|\n|-sideend|p2: GlowieSlayer777|move: Tailwind\n|upkeep\n|\n|t:|1684118075\n|switch|p2a: For you|Great Tusk, L50, tera:Ground|11\/100\n|turn|5\n|inactive|revocolombia has 30 seconds left.\n|\n|t:|1684118103\n|-terastallize|p1b: Dragonite|Normal\n|move|p2a: For you|Rock Slide|p1b: Dragonite\n|-damage|p1b: Dragonite|60\/100\n|move|p1b: Dragonite|Thunder Punch|p2b: Flutter Mane\n|-damage|p2b: Flutter Mane|27\/100\n|move|p2b: Flutter Mane|Moonblast|p1b: Dragonite\n|-damage|p1b: Dragonite|0 fnt\n|faint|p1b: Dragonite\n|\n|win|GlowieSlayer777\n|raw|revocolombia's rating: 1497 → 1476<\/strong> (-21 for losing)\n|raw|GlowieSlayer777's rating: 1477 → 1498<\/strong> (+21 for winning)\n|l|\u2606GlowieSlayer777\n","uploadtime":1684118126,"views":11,"p1id":"revocolombia","p2id":"glowieslayer777","formatid":"gen9vgc2023regulationc","rating":1476,"private":0,"password":""}