{"id":"gen9vgc2023regulationc-1856692050","p1":"eepy eeper","p2":"rhysp1eces","format":"[Gen 9] VGC 2023 Regulation C","log":"|j|\u2606eepy eeper\n|j|\u2606rhysp1eces\n|t:|1683095463\n|gametype|doubles\n|player|p1|eepy eeper|pokemonbreederf-gen4|1131\n|player|p2|rhysp1eces|marlon|1077\n|teamsize|p1|6\n|teamsize|p2|6\n|gen|9\n|tier|[Gen 9] VGC 2023 Regulation C\n|rated|\n|rule|Species Clause: Limit one of each Pok\u00e9mon\n|rule|Item Clause: Limit one of each item\n|clearpoke\n|poke|p1|Chi-Yu, L50|\n|poke|p1|Iron Bundle, L50|\n|poke|p1|Flutter Mane, L50|\n|poke|p1|Ting-Lu, L50|\n|poke|p1|Palafin, L50, M|\n|poke|p1|Wo-Chien, L50|\n|poke|p2|Ting-Lu, L50|\n|poke|p2|Vivillon-Fancy, L50, M|\n|poke|p2|Iron Bundle, L50|\n|poke|p2|Abomasnow, L50, M|\n|poke|p2|Annihilape, L50, M|\n|poke|p2|Chien-Pao, L50|\n|teampreview|4\n|inactive|Battle timer is ON: inactive players will automatically lose when time's up. (requested by rhysp1eces)\n|inactive|eepy eeper also wants the timer to be on.\n|\n|t:|1683095488\n|start\n|switch|p1a: Incineroar 13|Chi-Yu, L50|100\/100\n|switch|p1b: Iron Ballsack|Iron Bundle, L50|100\/100\n|switch|p2a: Iron Bundle|Iron Bundle, L50|100\/100\n|switch|p2b: Abomasnow|Abomasnow, L50, M|100\/100\n|-ability|p1a: Incineroar 13|Beads of Ruin\n|-weather|Snow|[from] ability: Snow Warning|[of] p2b: Abomasnow\n|-enditem|p1b: Iron Ballsack|Booster Energy\n|-activate|p1b: Iron Ballsack|ability: Quark Drive|[fromitem]\n|-start|p1b: Iron Ballsack|quarkdrivespe\n|-enditem|p2a: Iron Bundle|Booster Energy\n|-activate|p2a: Iron Bundle|ability: Quark Drive|[fromitem]\n|-start|p2a: Iron Bundle|quarkdrivespe\n|turn|1\n|inactive|rhysp1eces has 30 seconds left.\n|\n|t:|1683095517\n|-terastallize|p2b: Abomasnow|Water\n|move|p1a: Incineroar 13|Protect|p1a: Incineroar 13\n|-singleturn|p1a: Incineroar 13|Protect\n|move|p1b: Iron Ballsack|Freeze-Dry|p2b: Abomasnow\n|-supereffective|p2b: Abomasnow\n|-damage|p2b: Abomasnow|0 fnt\n|faint|p2b: Abomasnow\n|move|p2a: Iron Bundle|Aurora Veil|p2a: Iron Bundle\n|-sidestart|p2: rhysp1eces|move: Aurora Veil\n|\n|-weather|Snow|[upkeep]\n|upkeep\n|\n|t:|1683095532\n|switch|p2b: Vivillon|Vivillon-Fancy, L50, M|100\/100\n|turn|2\n|\n|t:|1683095545\n|switch|p1a: Wo-Chien|Wo-Chien, L50|100\/100\n|-ability|p1a: Wo-Chien|Tablets of Ruin\n|move|p2b: Vivillon|Protect|p2b: Vivillon\n|-singleturn|p2b: Vivillon|Protect\n|move|p1b: Iron Ballsack|Icy Wind|p2b: Vivillon|[spread] p2a\n|-activate|p2b: Vivillon|move: Protect\n|-resisted|p2a: Iron Bundle\n|-damage|p2a: Iron Bundle|96\/100\n|-unboost|p2a: Iron Bundle|spe|1\n|move|p2a: Iron Bundle|Hydro Pump|p1a: Wo-Chien\n|-resisted|p1a: Wo-Chien\n|-damage|p1a: Wo-Chien|86\/100\n|\n|-weather|Snow|[upkeep]\n|-heal|p1a: Wo-Chien|93\/100|[from] item: Leftovers\n|upkeep\n|turn|3\n|inactive|eepy eeper has 30 seconds left.\n|\n|t:|1683095572\n|move|p1a: Wo-Chien|Protect|p1a: Wo-Chien\n|-singleturn|p1a: Wo-Chien|Protect\n|move|p1b: Iron Ballsack|Icy Wind|p2a: Iron Bundle|[spread] p2a,p2b\n|-resisted|p2a: Iron Bundle\n|-supereffective|p2b: Vivillon\n|-damage|p2a: Iron Bundle|92\/100\n|-damage|p2b: Vivillon|44\/100\n|-unboost|p2a: Iron Bundle|spe|1\n|-unboost|p2b: Vivillon|spe|1\n|move|p2a: Iron Bundle|Blizzard|p1a: Wo-Chien|[spread] p1b\n|-activate|p1a: Wo-Chien|move: Protect\n|-resisted|p1b: Iron Ballsack\n|-damage|p1b: Iron Ballsack|82\/100\n|move|p2b: Vivillon|Pollen Puff|p1a: Wo-Chien\n|-activate|p1a: Wo-Chien|move: Protect\n|\n|-weather|Snow|[upkeep]\n|-heal|p1a: Wo-Chien|99\/100|[from] item: Leftovers\n|upkeep\n|turn|4\n|\n|t:|1683095586\n|switch|p1a: Incineroar 13|Chi-Yu, L50|100\/100\n|-ability|p1a: Incineroar 13|Beads of Ruin\n|move|p1b: Iron Ballsack|Icy Wind|p2b: Vivillon|[spread] p2a,p2b\n|-resisted|p2a: Iron Bundle\n|-supereffective|p2b: Vivillon\n|-damage|p2a: Iron Bundle|87\/100\n|-damage|p2b: Vivillon|0 fnt\n|-unboost|p2a: Iron Bundle|spe|1\n|faint|p2b: Vivillon\n|move|p2a: Iron Bundle|Blizzard|p1b: Iron Ballsack|[spread] p1a,p1b\n|-resisted|p1a: Incineroar 13\n|-resisted|p1b: Iron Ballsack\n|-damage|p1a: Incineroar 13|83\/100\n|-damage|p1b: Iron Ballsack|54\/100\n|\n|-weather|Snow|[upkeep]\n|upkeep\n|\n|t:|1683095592\n|switch|p2b: Annihilape|Annihilape, L50, M|100\/100\n|turn|5\n|-message|rhysp1eces forfeited.\n|\n|win|eepy eeper\n|raw|eepy eeper's rating: 1131 → 1152<\/strong> (+21 for winning)\n|raw|rhysp1eces's rating: 1077 → 1059<\/strong> (-18 for losing)\n|l|\u2606rhysp1eces\n","uploadtime":1683095608,"views":11,"p1id":"eepyeeper","p2id":"rhysp1eces","formatid":"gen9vgc2023regulationc","rating":1059,"private":0,"password":""}