{"id":"gen9vgc2023regulationc-1848899655","p1":"ThePokemonProfesor","p2":"Ricardo Randorez","format":"[Gen 9] VGC 2023 Regulation C","log":"|j|\u2606ThePokemonProfesor\n|j|\u2606Ricardo Randorez\n|t:|1682123639\n|gametype|doubles\n|player|p1|ThePokemonProfesor|169|1012\n|player|p2|Ricardo Randorez|2|1100\n|teamsize|p1|6\n|teamsize|p2|6\n|gen|9\n|tier|[Gen 9] VGC 2023 Regulation C\n|rated|\n|rule|Species Clause: Limit one of each Pok\u00e9mon\n|rule|Item Clause: Limit one of each item\n|clearpoke\n|poke|p1|Dudunsparce-*, L50, F|\n|poke|p1|Armarouge, L50, F|\n|poke|p1|Indeedee-F, L50, F|\n|poke|p1|Amoonguss, L50, M|\n|poke|p1|Abomasnow, L50, M|\n|poke|p1|Clodsire, L50, M|\n|poke|p2|Pachirisu, L50, F|\n|poke|p2|Gholdengo, L50|\n|poke|p2|Azumarill, L50, M|\n|poke|p2|Chien-Pao, L50|\n|poke|p2|Dragonite, L50, F|\n|poke|p2|Brute Bonnet, L50|\n|teampreview|4\nThePokemonProfesor has agreed to open team sheets.\n|\n|t:|1682123670\n|start\n|switch|p1a: Armarouge|Armarouge, L50, F|100\/100\n|switch|p1b: Indeedee|Indeedee-F, L50, F|100\/100\n|switch|p2a: Dragonite|Dragonite, L50, F|100\/100\n|switch|p2b: Brute Bonnet|Brute Bonnet, L50|100\/100\n|-fieldstart|move: Psychic Terrain|[from] ability: Psychic Surge|[of] p1b: Indeedee\n|turn|1\n|inactive|Battle timer is ON: inactive players will automatically lose when time's up. (requested by Ricardo Randorez)\n|c|\u2606ThePokemonProfesor|WORLD CHAMPION PACHIRISU??\n|\n|t:|1682123699\n|move|p2a: Dragonite|Iron Head|p1a: Armarouge\n|-resisted|p1a: Armarouge\n|-damage|p1a: Armarouge|82\/100\n|-damage|p2a: Dragonite|91\/100|[from] item: Life Orb\n|move|p2b: Brute Bonnet|Spore|p1a: Armarouge\n|-status|p1a: Armarouge|slp|[from] move: Spore\n|cant|p1a: Armarouge|slp\n|move|p1b: Indeedee|Trick Room|p1b: Indeedee\n|-fieldstart|move: Trick Room|[of] p1b: Indeedee\n|\n|upkeep\n|turn|2\n|inactive|ThePokemonProfesor has 30 seconds left.\n|inactive|Ricardo Randorez has 30 seconds left.\n|inactive|ThePokemonProfesor has 20 seconds left.\n|\n|t:|1682123735\n|switch|p1a: Amoonguss|Amoonguss, L50, M|100\/100\n|move|p2b: Brute Bonnet|Spore|p1b: Indeedee\n|-status|p1b: Indeedee|slp|[from] move: Spore\n|cant|p1b: Indeedee|slp\n|move|p2a: Dragonite|Iron Head|p1a: Amoonguss\n|-damage|p1a: Amoonguss|53\/100\n|-status|p2a: Dragonite|psn|[from] ability: Effect Spore|[of] p1a: Amoonguss\n|-damage|p2a: Dragonite|81\/100 psn|[from] item: Life Orb\n|\n|-heal|p1a: Amoonguss|58\/100|[from] item: Black Sludge\n|-damage|p2a: Dragonite|69\/100 psn|[from] psn\n|upkeep\n|turn|3\n|inactive|ThePokemonProfesor has 30 seconds left.\n|inactive|ThePokemonProfesor has 20 seconds left.\n|inactive|ThePokemonProfesor has 15 seconds left.\n|\n|t:|1682123779\n|move|p1a: Amoonguss|Toxic|p2b: Brute Bonnet\n|-status|p2b: Brute Bonnet|tox\n|move|p2b: Brute Bonnet|Seed Bomb|p1b: Indeedee\n|-damage|p1b: Indeedee|37\/100 slp\n|cant|p1b: Indeedee|slp\n|move|p2a: Dragonite|Iron Head|p1a: Amoonguss\n|-damage|p1a: Amoonguss|16\/100\n|-damage|p2a: Dragonite|59\/100 psn|[from] item: Life Orb\n|\n|-heal|p1a: Amoonguss|22\/100|[from] item: Black Sludge\n|-damage|p2b: Brute Bonnet|94\/100 tox|[from] psn\n|-damage|p2a: Dragonite|47\/100 psn|[from] psn\n|upkeep\n|turn|4\n|\n|t:|1682123800\n|move|p1a: Amoonguss|Pollen Puff|p1b: Indeedee\n|-heal|p1b: Indeedee|87\/100 slp\n|move|p2b: Brute Bonnet|Seed Bomb|p1b: Indeedee\n|-crit|p1b: Indeedee\n|-damage|p1b: Indeedee|2\/100 slp\n|cant|p1b: Indeedee|slp\n|move|p2a: Dragonite|Iron Head|p1a: Amoonguss\n|-damage|p1a: Amoonguss|0 fnt\n|faint|p1a: Amoonguss\n|-damage|p2a: Dragonite|37\/100 psn|[from] item: Life Orb\n|\n|-damage|p2b: Brute Bonnet|82\/100 tox|[from] psn\n|-damage|p2a: Dragonite|25\/100 psn|[from] psn\n|upkeep\n|\n|t:|1682123815\n|switch|p1a: Abomasnow|Abomasnow, L50, M|100\/100\n|-weather|Snow|[from] ability: Snow Warning|[of] p1a: Abomasnow\n|turn|5\n|inactive|ThePokemonProfesor has 30 seconds left.\n|inactive|Ricardo Randorez has 30 seconds left.\n|\n|t:|1682123848\n|-terastallize|p2b: Brute Bonnet|Fire\n|-curestatus|p1b: Indeedee|slp|[msg]\n|move|p1b: Indeedee|Helping Hand|p1a: Abomasnow\n|-singleturn|p1a: Abomasnow|Helping Hand|[of] p1b: Indeedee\n|move|p1a: Abomasnow|Blizzard|p2b: Brute Bonnet|[spread] p2a,p2b\n|-supereffective|p2a: Dragonite\n|-crit|p2a: Dragonite\n|-resisted|p2b: Brute Bonnet\n|-damage|p2a: Dragonite|0 fnt\n|-damage|p2b: Brute Bonnet|52\/100 tox\n|faint|p2a: Dragonite\n|-damage|p1a: Abomasnow|91\/100|[from] item: Life Orb\n|move|p2b: Brute Bonnet|Close Combat|p1a: Abomasnow\n|-supereffective|p1a: Abomasnow\n|-damage|p1a: Abomasnow|24\/100\n|-unboost|p2b: Brute Bonnet|def|1\n|-unboost|p2b: Brute Bonnet|spd|1\n|\n|-weather|Snow|[upkeep]\n|-damage|p2b: Brute Bonnet|34\/100 tox|[from] psn\n|-fieldend|move: Trick Room\n|-fieldend|move: Psychic Terrain\n|upkeep\n|inactive|Ricardo Randorez has 30 seconds left.\n|\n|t:|1682123875\n|switch|p2a: Gholdengo|Gholdengo, L50|100\/100\n|turn|6\n|\n|t:|1682123892\n|-end|p2b: Brute Bonnet|Protosynthesis|[silent]\n|switch|p2b: Azumarill|Azumarill, L50, M|100\/100\n|move|p2a: Gholdengo|Make It Rain|p1b: Indeedee|[spread] p1a,p1b\n|-supereffective|p1a: Abomasnow\n|-damage|p1a: Abomasnow|0 fnt\n|-damage|p1b: Indeedee|0 fnt\n|-unboost|p2a: Gholdengo|spa|1\n|faint|p1a: Abomasnow\n|faint|p1b: Indeedee\n|\n|-weather|Snow|[upkeep]\n|upkeep\n|\n|t:|1682123907\n|switch|p1a: Armarouge|Armarouge, L50, F|82\/100 slp\n|turn|7\n|\n|t:|1682123913\n|move|p2a: Gholdengo|Shadow Ball|p1a: Armarouge\n|-supereffective|p1a: Armarouge\n|-damage|p1a: Armarouge|25\/100 slp\n|-curestatus|p1a: Armarouge|slp|[msg]\n|move|p1a: Armarouge|Armor Cannon|p2a: Gholdengo\n|-supereffective|p2a: Gholdengo\n|-damage|p2a: Gholdengo|0 fnt\n|-unboost|p1a: Armarouge|def|1\n|-unboost|p1a: Armarouge|spd|1\n|faint|p2a: Gholdengo\n|move|p2b: Azumarill|Liquidation|p1a: Armarouge\n|-supereffective|p1a: Armarouge\n|-damage|p1a: Armarouge|0 fnt\n|faint|p1a: Armarouge\n|\n|win|Ricardo Randorez\n|raw|ThePokemonProfesor's rating: 1012 → 1003<\/strong> (-9 for losing)\n|raw|Ricardo Randorez's rating: 1100 → 1119<\/strong> (+19 for winning)\n|l|\u2606ThePokemonProfesor\n","uploadtime":1682123929,"views":7,"p1id":"thepokemonprofesor","p2id":"ricardorandorez","formatid":"gen9vgc2023regulationc","rating":1003,"private":0,"password":""}