{"id":"gen9vgc2023regulationc-1852112435","p1":"djman346688","p2":"penghong","format":"[Gen 9] VGC 2023 Regulation C","log":"|j|\u2606djman346688\n|j|\u2606penghong\n|t:|1682525135\n|gametype|doubles\n|player|p1|djman346688|proton|1276\n|player|p2|penghong|169|1232\n|teamsize|p1|6\n|teamsize|p2|6\n|gen|9\n|tier|[Gen 9] VGC 2023 Regulation C\n|rated|\n|rule|Species Clause: Limit one of each Pok\u00e9mon\n|rule|Item Clause: Limit one of each item\n|clearpoke\n|poke|p1|Hatterene, L50, F|\n|poke|p1|Farigiraf, L50, F|\n|poke|p1|Garganacl, L50, M|\n|poke|p1|Honchkrow, L50, F|\n|poke|p1|Scizor, L50, F|\n|poke|p1|Clawitzer, L50, M|\n|poke|p2|Arcanine, L50, F|\n|poke|p2|Corviknight, L50, M|\n|poke|p2|Flutter Mane, L50|\n|poke|p2|Palafin, L50, M|\n|poke|p2|Amoonguss, L50, M|\n|poke|p2|Ting-Lu, L50|\n|teampreview|4\n|inactive|Battle timer is ON: inactive players will automatically lose when time's up. (requested by penghong)\n|inactive|djman346688 also wants the timer to be on.\npenghong has agreed to open team sheets.\n|c|\u2606penghong|glhf\n|inactive|penghong has 60 seconds left.\ndjman346688 rejected open team sheets.\n|inactive|penghong has 30 seconds left.\n|inactive|penghong has 20 seconds left.\n|inactive|penghong has 15 seconds left.\n|\n|t:|1682525211\n|start\n|switch|p1a: Kimiko|Hatterene, L50, F, shiny|100\/100\n|switch|p1b: Seafood|Clawitzer, L50, M, shiny|100\/100\n|switch|p2a: Ting-Lu|Ting-Lu, L50|100\/100\n|switch|p2b: Flutter Mane|Flutter Mane, L50|100\/100\n|-ability|p2a: Ting-Lu|Vessel of Ruin\n|turn|1\n|inactive|djman346688 has 30 seconds left.\n|inactive|penghong has 30 seconds left.\n|\n|t:|1682525238\n|-terastallize|p1a: Kimiko|Water\n|move|p2b: Flutter Mane|Moonblast|p1b: Seafood\n|-damage|p1b: Seafood|66\/100\n|-unboost|p1b: Seafood|spa|1\n|-damage|p2b: Flutter Mane|91\/100|[from] item: Life Orb\n|move|p2a: Ting-Lu|Heavy Slam|p1a: Kimiko\n|-resisted|p1a: Kimiko\n|-damage|p1a: Kimiko|79\/100\n|move|p1b: Seafood|Muddy Water|p2a: Ting-Lu|[spread] p2a,p2b\n|-supereffective|p2a: Ting-Lu\n|-damage|p2a: Ting-Lu|82\/100\n|-damage|p2b: Flutter Mane|75\/100\n|move|p1a: Kimiko|Trick Room|p1a: Kimiko\n|-fieldstart|move: Trick Room|[of] p1a: Kimiko\n|\n|upkeep\n|turn|2\n|inactive|penghong has 30 seconds left.\n|inactive|penghong has 20 seconds left.\n|inactive|penghong has 15 seconds left.\n|\n|t:|1682525279\n|switch|p1b: Red|Scizor, L50, F|100\/100\n|move|p2b: Flutter Mane|Protect|p2b: Flutter Mane\n|-singleturn|p2b: Flutter Mane|Protect\n|move|p1a: Kimiko|Draining Kiss|p2a: Ting-Lu\n|-supereffective|p2a: Ting-Lu\n|-damage|p2a: Ting-Lu|61\/100\n|-heal|p1a: Kimiko|100\/100|[from] drain|[of] p2a: Ting-Lu\n|move|p2a: Ting-Lu|Fissure|p1b: Red\n|-damage|p1b: Red|0 fnt\n|faint|p1b: Red\n|-ohko\n|\n|upkeep\n|\n|t:|1682525294\n|switch|p1b: Seafood|Clawitzer, L50, M, shiny|66\/100\n|turn|3\n|\n|t:|1682525313\n|move|p1a: Kimiko|Draining Kiss|p2a: Ting-Lu\n|-supereffective|p2a: Ting-Lu\n|-damage|p2a: Ting-Lu|42\/100\n|move|p1b: Seafood|Muddy Water|p2b: Flutter Mane|[spread] p2a,p2b\n|-supereffective|p2a: Ting-Lu\n|-damage|p2a: Ting-Lu|18\/100\n|-damage|p2b: Flutter Mane|52\/100\n|move|p2a: Ting-Lu|Fissure|p1b: Seafood|[miss]\n|-miss|p2a: Ting-Lu|p1b: Seafood\n|move|p2b: Flutter Mane|Moonblast|p1b: Seafood\n|-damage|p1b: Seafood|31\/100\n|-damage|p2b: Flutter Mane|43\/100|[from] item: Life Orb\n|\n|upkeep\n|turn|4\n|inactive|penghong has 30 seconds left.\n|inactive|penghong has 20 seconds left.\n|inactive|penghong has 15 seconds left.\n|\n|t:|1682525355\n|-terastallize|p2a: Ting-Lu|Poison\n|move|p2b: Flutter Mane|Protect|p2b: Flutter Mane\n|-singleturn|p2b: Flutter Mane|Protect\n|move|p1a: Kimiko|Psychic|p2b: Flutter Mane\n|-activate|p2b: Flutter Mane|move: Protect\n|move|p1b: Seafood|Muddy Water|p2b: Flutter Mane|[spread] p2a\n|-activate|p2b: Flutter Mane|move: Protect\n|-damage|p2a: Ting-Lu|5\/100\n|move|p2a: Ting-Lu|Stomping Tantrum|p1b: Seafood\n|-damage|p1b: Seafood|0 fnt\n|faint|p1b: Seafood\n|\n|upkeep\n|\n|t:|1682525358\n|switch|p1b: McPuffin|Garganacl, L50, M|100\/100\n|turn|5\n|inactive|penghong has 30 seconds left.\n|\n|t:|1682525388\n|switch|p2a: Amoonguss|Amoonguss, L50, M|100\/100\n|move|p1a: Kimiko|Psychic|p2b: Flutter Mane\n|-damage|p2b: Flutter Mane|0 fnt\n|faint|p2b: Flutter Mane\n|-end|p2b: Flutter Mane|Protosynthesis|[silent]\n|move|p1b: McPuffin|Salt Cure|p2a: Amoonguss\n|-damage|p2a: Amoonguss|85\/100\n|-start|p2a: Amoonguss|Salt Cure\n|\n|-damage|p2a: Amoonguss|73\/100|[from] Salt Cure\n|-fieldend|move: Trick Room\n|upkeep\n|\n|t:|1682525402\n|switch|p2b: Ting-Lu|Ting-Lu, L50, tera:Poison|5\/100\n|-ability|p2b: Ting-Lu|Vessel of Ruin\n|turn|6\n|inactive|penghong has 30 seconds left.\n|\n|t:|1682525428\n|move|p2b: Ting-Lu|Fissure|p1b: McPuffin|[miss]\n|-miss|p2b: Ting-Lu|p1b: McPuffin\n|move|p2a: Amoonguss|Spore|p1a: Kimiko\n|move|p1a: Kimiko|Spore|p2a: Amoonguss|[from]ability: Magic Bounce\n|-immune|p2a: Amoonguss\n|move|p1b: McPuffin|Salt Cure|p2b: Ting-Lu\n|-damage|p2b: Ting-Lu|0 fnt\n|faint|p2b: Ting-Lu\n|move|p1a: Kimiko|Trick Room|p1a: Kimiko\n|-fieldstart|move: Trick Room|[of] p1a: Kimiko\n|\n|-damage|p2a: Amoonguss|60\/100|[from] Salt Cure\n|upkeep\n|\n|t:|1682525438\n|switch|p2b: Corviknight|Corviknight, L50, M, shiny|100\/100\n|turn|7\n|\n|t:|1682525455\n|move|p1a: Kimiko|Psychic|p2a: Amoonguss\n|-supereffective|p2a: Amoonguss\n|-damage|p2a: Amoonguss|0 fnt\n|faint|p2a: Amoonguss\n|move|p1b: McPuffin|Salt Cure|p2b: Corviknight\n|-damage|p2b: Corviknight|87\/100\n|-start|p2b: Corviknight|Salt Cure\n|move|p2b: Corviknight|Body Press|p1b: McPuffin\n|-supereffective|p1b: McPuffin\n|-damage|p1b: McPuffin|66\/100\n|\n|-heal|p1b: McPuffin|72\/100|[from] item: Leftovers\n|-damage|p2b: Corviknight|62\/100|[from] Salt Cure\n|upkeep\n|turn|8\n|\n|t:|1682525472\n|move|p1a: Kimiko|Psychic|p2b: Corviknight\n|-resisted|p2b: Corviknight\n|-damage|p2b: Corviknight|39\/100\n|move|p1b: McPuffin|Brick Break|p2b: Corviknight\n|-damage|p2b: Corviknight|22\/100\n|-enditem|p2b: Corviknight|Iapapa Berry|[eat]\n|-heal|p2b: Corviknight|55\/100|[from] item: Iapapa Berry\n|move|p2b: Corviknight|Body Press|p1b: McPuffin\n|-supereffective|p1b: McPuffin\n|-damage|p1b: McPuffin|41\/100\n|\n|-heal|p1b: McPuffin|47\/100|[from] item: Leftovers\n|-damage|p2b: Corviknight|30\/100|[from] Salt Cure\n|upkeep\n|turn|9\n|\n|t:|1682525482\n|move|p1a: Kimiko|Mystical Fire|p2b: Corviknight\n|-supereffective|p2b: Corviknight\n|-damage|p2b: Corviknight|0 fnt\n|faint|p2b: Corviknight\n|\n|win|djman346688\n|raw|djman346688's rating: 1276 → 1298<\/strong> (+22 for winning)\n|raw|penghong's rating: 1232 → 1210<\/strong> (-22 for losing)\n|l|\u2606djman346688\n","uploadtime":1682525492,"views":10,"p1id":"djman346688","p2id":"penghong","formatid":"gen9vgc2023regulationc","rating":1210,"private":0,"password":""}