{"id":"gen9vgc2023regulationc-1850042140","p1":"Heaven64","p2":"PurpleStyle","format":"[Gen 9] VGC 2023 Regulation C","log":"|j|\u2606Heaven64\n|j|\u2606PurpleStyle\n|t:|1682280947\n|gametype|doubles\n|player|p1|Heaven64|leaf-masters|\n|player|p2|PurpleStyle|pokefan|\n|teamsize|p1|6\n|teamsize|p2|6\n|gen|9\n|tier|[Gen 9] VGC 2023 Regulation C\n|rule|Species Clause: Limit one of each Pok\u00e9mon\n|rule|Item Clause: Limit one of each item\n|clearpoke\n|poke|p1|Gholdengo, L50|\n|poke|p1|Grimmsnarl, L50, M|\n|poke|p1|Noivern, L50, M|\n|poke|p1|Tauros-Paldea-Aqua, L50, M|\n|poke|p1|Veluza, L50, M|\n|poke|p1|Zangoose, L50, M|\n|poke|p2|Flutter Mane, L50|\n|poke|p2|Crocalor, L50, M|\n|poke|p2|Donphan, L50, F|\n|poke|p2|Hydreigon, L50, M|\n|poke|p2|Azumarill, L50, M|\n|poke|p2|Venonat, L50, M|\n|teampreview|4\n|c|\u2606Heaven64|G2\nPurpleStyle rejected open team sheets.\n|\n|t:|1682281379\n|start\n|switch|p1a: 2019 Hater|Noivern, L50, M, shiny|100\/100\n|switch|p1b: Ficello|Gholdengo, L50|100\/100\n|switch|p2a: Flutter Mane|Flutter Mane, L50|100\/100\n|switch|p2b: Azumarill|Azumarill, L50, M|100\/100\n|-item|p2a: Flutter Mane|Leftovers|[from] ability: Frisk|[of] p1a: 2019 Hater|[identify]\n|-item|p2b: Azumarill|Expert Belt|[from] ability: Frisk|[of] p1a: 2019 Hater|[identify]\n|turn|1\n|\n|t:|1682281413\n|-terastallize|p2a: Flutter Mane|Steel\n|-terastallize|p1b: Ficello|Fairy\n|move|p2b: Azumarill|Aqua Jet|p1a: 2019 Hater\n|-resisted|p1a: 2019 Hater\n|-damage|p1a: 2019 Hater|82\/100\n|move|p2a: Flutter Mane|Moonblast|p1a: 2019 Hater\n|-supereffective|p1a: 2019 Hater\n|-damage|p1a: 2019 Hater|0 fnt\n|faint|p1a: 2019 Hater\n|move|p1b: Ficello|Shadow Ball|p2a: Flutter Mane\n|-damage|p2a: Flutter Mane|64\/100\n|-unboost|p2a: Flutter Mane|spd|1\n|\n|-heal|p2a: Flutter Mane|70\/100|[from] item: Leftovers\n|upkeep\n|\n|t:|1682281451\n|switch|p1a: High on Fumes|Zangoose, L50, M, shiny|100\/100\n|turn|2\n|\n|t:|1682281467\n|-end|p2a: Flutter Mane|Protosynthesis|[silent]\n|switch|p2a: Crocalor|Crocalor, L50, M|100\/100\n|move|p1a: High on Fumes|Protect|p1a: High on Fumes\n|-singleturn|p1a: High on Fumes|Protect\n|move|p1b: Ficello|Shadow Ball|p2a: Crocalor\n|-damage|p2a: Crocalor|73\/100\n|move|p2b: Azumarill|Brick Break|p1a: High on Fumes\n|-activate|p1a: High on Fumes|move: Protect\n|\n|-status|p1a: High on Fumes|tox|[from] item: Toxic Orb\n|upkeep\n|turn|3\n|\n|t:|1682281492\n|move|p1a: High on Fumes|Facade|p2b: Azumarill\n|-damage|p2b: Azumarill|0 fnt\n|faint|p2b: Azumarill\n|move|p1b: Ficello|Make It Rain|p2a: Crocalor\n|-resisted|p2a: Crocalor\n|-damage|p2a: Crocalor|51\/100\n|-unboost|p1b: Ficello|spa|1\n|move|p2a: Crocalor|Snarl|p1b: Ficello|[spread] p1a,p1b\n|-resisted|p1b: Ficello\n|-damage|p1a: High on Fumes|89\/100 tox\n|-damage|p1b: Ficello|98\/100\n|-unboost|p1a: High on Fumes|spa|1\n|-unboost|p1b: Ficello|spa|1\n|\n|-damage|p1a: High on Fumes|83\/100 tox|[from] psn\n|upkeep\n|\n|t:|1682281506\n|switch|p2b: Flutter Mane|Flutter Mane, L50, tera:Steel|70\/100\n|turn|4\n|\n|t:|1682281531\n|switch|p1b: Fish Gallade|Veluza, L50, M|100\/100\n|move|p2b: Flutter Mane|Protect|p2b: Flutter Mane\n|-singleturn|p2b: Flutter Mane|Protect\n|move|p1a: High on Fumes|Facade|p2b: Flutter Mane\n|-activate|p2b: Flutter Mane|move: Protect\n|move|p2a: Crocalor|Slack Off|p2a: Crocalor\n|-heal|p2a: Crocalor|100\/100\n|\n|-heal|p2b: Flutter Mane|77\/100|[from] item: Leftovers\n|-damage|p1a: High on Fumes|70\/100 tox|[from] psn\n|upkeep\n|turn|5\n|\n|t:|1682281565\n|move|p2b: Flutter Mane|Shadow Ball|p1b: Fish Gallade\n|-supereffective|p1b: Fish Gallade\n|-damage|p1b: Fish Gallade|14\/100\n|move|p1b: Fish Gallade|Final Gambit|p2b: Flutter Mane\n|-damage|p2b: Flutter Mane|60\/100\n|faint|p1b: Fish Gallade\n|move|p1a: High on Fumes|Facade|p2b: Flutter Mane\n|-resisted|p2b: Flutter Mane\n|-damage|p2b: Flutter Mane|0 fnt\n|faint|p2b: Flutter Mane\n|-end|p2b: Flutter Mane|Protosynthesis|[silent]\n|move|p2a: Crocalor|Flamethrower|p1a: High on Fumes\n|-damage|p1a: High on Fumes|30\/100 tox\n|\n|-damage|p1a: High on Fumes|12\/100 tox|[from] psn\n|upkeep\n|\n|t:|1682281576\n|switch|p2b: Hydreigon|Hydreigon, L50, M|100\/100\n|switch|p1b: Ficello|Gholdengo, L50, tera:Fairy|98\/100\n|turn|6\n|\n|t:|1682281591\n|move|p2b: Hydreigon|Protect|p2b: Hydreigon\n|-singleturn|p2b: Hydreigon|Protect\n|move|p1a: High on Fumes|Facade|p2a: Crocalor\n|-damage|p2a: Crocalor|21\/100\n|move|p1b: Ficello|Shadow Ball|p2a: Crocalor\n|-damage|p2a: Crocalor|0 fnt\n|faint|p2a: Crocalor\n|\n|-damage|p1a: High on Fumes|0 fnt|[from] psn\n|faint|p1a: High on Fumes\n|upkeep\n|turn|7\n|\n|t:|1682281604\n|move|p2b: Hydreigon|Flash Cannon|p1b: Ficello\n|-supereffective|p1b: Ficello\n|-damage|p1b: Ficello|60\/100\n|move|p1b: Ficello|Dazzling Gleam|p2b: Hydreigon\n|-supereffective|p2b: Hydreigon\n|-damage|p2b: Hydreigon|0 fnt\n|faint|p2b: Hydreigon\n|\n|win|Heaven64\n|c|\u2606Heaven64|gg\n|c|\u2606PurpleStyle|gg\n|l|\u2606Heaven64\n","uploadtime":1682282032,"views":7,"p1id":"heaven64","p2id":"purplestyle","formatid":"gen9vgc2023regulationc","rating":0,"private":0,"password":""}