{"id":"gen9vgc2023regulationc-1846691485","p1":"Kevin1012","p2":"elyk1987","format":"[Gen 9] VGC 2023 Regulation C","log":"|j|\u2606Kevin1012\n|j|\u2606elyk1987\n|t:|1681866422\n|gametype|doubles\n|player|p1|Kevin1012|gardenia|\n|player|p2|elyk1987|266|\n|teamsize|p1|6\n|teamsize|p2|6\n|gen|9\n|tier|[Gen 9] VGC 2023 Regulation C\n|rule|Species Clause: Limit one of each Pok\u00e9mon\n|rule|Item Clause: Limit one of each item\n|clearpoke\n|poke|p1|Lucario, L50, F|\n|poke|p1|Salamence, L50, F|\n|poke|p1|Kingambit, L50, F|\n|poke|p1|Eiscue, L50, M|\n|poke|p1|Ampharos, L50, F|\n|poke|p1|Iron Thorns, L50|\n|poke|p2|Iron Bundle, L50|\n|poke|p2|Dudunsparce-*, L50, F|\n|poke|p2|Pelipper, L50, F|\n|poke|p2|Arcanine, L50, M|\n|poke|p2|Toxtricity, L50, M|\n|poke|p2|Golduck, L50, M|\n|teampreview|4\n|j| cadenguy\n|j| vFrostii\n|\n|t:|1681866501\n|start\n|switch|p1a: AElffaed Singh|Lucario, L50, F, shiny|100\/100\n|switch|p1b: Bihotz Hirschel|Iron Thorns, L50|100\/100\n|switch|p2a: Partha|Iron Bundle, L50|100\/100\n|switch|p2b: Ron Marvin Sr|Dudunsparce-Three-Segment, L50, F|100\/100\n|turn|1\n|j| GoldenKurama\n|\n|t:|1681866553\n|-terastallize|p1b: Bihotz Hirschel|Fighting\n|move|p2a: Partha|Hydro Pump|p1b: Bihotz Hirschel\n|-damage|p1b: Bihotz Hirschel|38\/100\n|move|p1b: Bihotz Hirschel|Brick Break|p2b: Ron Marvin Sr\n|-supereffective|p2b: Ron Marvin Sr\n|-damage|p2b: Ron Marvin Sr|14\/100\n|move|p2b: Ron Marvin Sr|Glare|p1a: AElffaed Singh\n|-status|p1a: AElffaed Singh|par\n|move|p1a: AElffaed Singh|Circle Throw|p2a: Partha|[miss]\n|-miss|p1a: AElffaed Singh|p2a: Partha\n|\n|upkeep\n|turn|2\n|\n|t:|1681866600\n|move|p2a: Partha|Hydro Pump|p1b: Bihotz Hirschel\n|-damage|p1b: Bihotz Hirschel|0 fnt\n|faint|p1b: Bihotz Hirschel\n|-end|p1b: Bihotz Hirschel|Quark Drive|[silent]\n|cant|p1a: AElffaed Singh|par\n|move|p2b: Ron Marvin Sr|Thunder|p1a: AElffaed Singh|[miss]\n|-miss|p2b: Ron Marvin Sr|p1a: AElffaed Singh\n|\n|upkeep\n|\n|t:|1681866610\n|switch|p1b: Arnie Reed|Eiscue, L50, M, shiny|100\/100\n|turn|3\n|\n|t:|1681866632\n|move|p2a: Partha|U-turn|p1b: Arnie Reed\n|-activate|p1b: Arnie Reed|ability: Ice Face\n|-damage|p1b: Arnie Reed|100\/100\n|detailschange|p1b: Arnie Reed|Eiscue-Noice, L50, M, shiny\n|\n|t:|1681866637\n|-end|p2a: Partha|Quark Drive|[silent]\n|switch|p2a: Aur\u00e9lia|Pelipper, L50, F|100\/100|[from] U-turn\n|-weather|RainDance|[from] ability: Drizzle|[of] p2a: Aur\u00e9lia\n|move|p1b: Arnie Reed|Reversal|p2a: Aur\u00e9lia\n|-resisted|p2a: Aur\u00e9lia\n|-damage|p2a: Aur\u00e9lia|98\/100\n|cant|p1a: AElffaed Singh|par\n|move|p2b: Ron Marvin Sr|Thunder|p1a: AElffaed Singh\n|-damage|p1a: AElffaed Singh|68\/100 par\n|\n|-weather|RainDance|[upkeep]\n|upkeep\n|turn|4\n|\n|t:|1681866685\n|move|p1b: Arnie Reed|Reversal|p2b: Ron Marvin Sr\n|-supereffective|p2b: Ron Marvin Sr\n|-damage|p2b: Ron Marvin Sr|4\/100\n|cant|p1a: AElffaed Singh|par\n|move|p2a: Aur\u00e9lia|Body Slam|p1b: Arnie Reed\n|-damage|p1b: Arnie Reed|86\/100\n|move|p2b: Ron Marvin Sr|Outrage|p1b: Arnie Reed\n|-damage|p1b: Arnie Reed|40\/100\n|\n|-weather|RainDance|[upkeep]\n|upkeep\n|turn|5\n|\n|t:|1681866707\n|move|p1b: Arnie Reed|Reversal|p2a: Aur\u00e9lia\n|-resisted|p2a: Aur\u00e9lia\n|-damage|p2a: Aur\u00e9lia|91\/100\n|move|p1a: AElffaed Singh|Rock Smash|p2b: Ron Marvin Sr\n|-supereffective|p2b: Ron Marvin Sr\n|-damage|p2b: Ron Marvin Sr|0 fnt\n|faint|p2b: Ron Marvin Sr\n|move|p2a: Aur\u00e9lia|Ice Beam|p1a: AElffaed Singh\n|-resisted|p1a: AElffaed Singh\n|-damage|p1a: AElffaed Singh|45\/100 par\n|\n|-weather|RainDance|[upkeep]\n|upkeep\n|\n|t:|1681866729\n|switch|p2b: Partha|Iron Bundle, L50|100\/100\n|turn|6\n|\n|t:|1681866763\n|move|p2b: Partha|Hydro Pump|p1b: Arnie Reed\n|-damage|p1b: Arnie Reed|0 fnt\n|faint|p1b: Arnie Reed\n|move|p1a: AElffaed Singh|Rock Smash|p2b: Partha\n|-supereffective|p2b: Partha\n|-damage|p2b: Partha|58\/100\n|move|p2a: Aur\u00e9lia|Ice Beam|p1a: AElffaed Singh\n|-resisted|p1a: AElffaed Singh\n|-damage|p1a: AElffaed Singh|21\/100 par\n|\n|-weather|RainDance|[upkeep]\n|upkeep\n|\n|t:|1681866772\n|switch|p1b: Evangeline Sherman|Kingambit, L50, F, shiny|100\/100\n|-ability|p1b: Evangeline Sherman|Pressure\n|turn|7\n|\n|t:|1681866790\n|move|p2b: Partha|Hydro Pump|p1a: AElffaed Singh\n|-damage|p1a: AElffaed Singh|0 fnt\n|faint|p1a: AElffaed Singh\n|move|p2a: Aur\u00e9lia|Ice Beam|p1b: Evangeline Sherman\n|-resisted|p1b: Evangeline Sherman\n|-damage|p1b: Evangeline Sherman|88\/100\n|move|p1b: Evangeline Sherman|Grass Knot|p2b: Partha\n|-supereffective|p2b: Partha\n|-damage|p2b: Partha|32\/100\n|\n|-weather|none\n|upkeep\n|turn|8\n|\n|t:|1681866807\n|move|p2b: Partha|Hydro Pump|p1b: Evangeline Sherman|[miss]\n|-miss|p2b: Partha|p1b: Evangeline Sherman\n|move|p2a: Aur\u00e9lia|Ice Beam|p1b: Evangeline Sherman\n|-resisted|p1b: Evangeline Sherman\n|-damage|p1b: Evangeline Sherman|74\/100\n|move|p1b: Evangeline Sherman|X-Scissor|p2b: Partha\n|-damage|p2b: Partha|0 fnt\n|faint|p2b: Partha\n|-end|p2b: Partha|Quark Drive|[silent]\n|\n|upkeep\n|\n|t:|1681866816\n|switch|p2b: Peio|Arcanine, L50, M|100\/100\n|turn|9\n|\n|t:|1681866855\n|move|p2b: Peio|Flamethrower|p1b: Evangeline Sherman\n|-supereffective|p1b: Evangeline Sherman\n|-damage|p1b: Evangeline Sherman|16\/100\n|move|p2a: Aur\u00e9lia|Ice Beam|p1b: Evangeline Sherman\n|-resisted|p1b: Evangeline Sherman\n|-damage|p1b: Evangeline Sherman|3\/100\n|move|p1b: Evangeline Sherman|Grass Knot|p2a: Aur\u00e9lia\n|-damage|p2a: Aur\u00e9lia|76\/100\n|\n|upkeep\n|turn|10\n|\n|t:|1681866867\n|move|p2b: Peio|Flare Blitz|p1b: Evangeline Sherman\n|-supereffective|p1b: Evangeline Sherman\n|-damage|p1b: Evangeline Sherman|0 fnt\n|faint|p1b: Evangeline Sherman\n|-damage|p2b: Peio|99\/100|[from] Recoil\n|\n|win|elyk1987\n|l| vFrostii\n|l|\u2606Kevin1012\n","uploadtime":1681866879,"views":17,"p1id":"kevin1012","p2id":"elyk1987","formatid":"gen9vgc2023regulationc","rating":0,"private":0,"password":""}