{"id":"gen9vgc2023regulationc-1847475592","p1":"Ricardo Randorez","p2":"tml600198","format":"[Gen 9] VGC 2023 Regulation C","log":"|j|\u2606Ricardo Randorez\n|j|\u2606tml600198\n|t:|1681959764\n|gametype|doubles\n|player|p1|Ricardo Randorez|265|1163\n|player|p2|tml600198|dawn|1051\n|teamsize|p1|6\n|teamsize|p2|6\n|gen|9\n|tier|[Gen 9] VGC 2023 Regulation C\n|rated|\n|rule|Species Clause: Limit one of each Pok\u00e9mon\n|rule|Item Clause: Limit one of each item\n|clearpoke\n|poke|p1|Iron Jugulis, L50|\n|poke|p1|Amoonguss, L50, F|\n|poke|p1|Chi-Yu, L50|\n|poke|p1|Palafin, L50, F|\n|poke|p1|Flutter Mane, L50|\n|poke|p1|Iron Hands, L50|\n|poke|p2|Florges, L50, F|\n|poke|p2|Lurantis, L50, M|\n|poke|p2|Revavroom, L50, F|\n|poke|p2|Noivern, L50, M|\n|poke|p2|Salamence, L50, M|\n|poke|p2|Iron Treads, L50|\n|teampreview|4\n|inactive|Battle timer is ON: inactive players will automatically lose when time's up. (requested by Ricardo Randorez)\n|\n|t:|1681959802\n|start\n|switch|p1a: Palafin|Palafin, L50, F|100\/100\n|switch|p1b: Iron Hands|Iron Hands, L50|100\/100\n|switch|p2a: Noivern|Noivern, L50, M, shiny|100\/100\n|switch|p2b: Iron Treads|Iron Treads, L50, shiny|100\/100\n|-item|p1a: Palafin|Mystic Water|[from] ability: Frisk|[of] p2a: Noivern|[identify]\n|-item|p1b: Iron Hands|Assault Vest|[from] ability: Frisk|[of] p2a: Noivern|[identify]\n|-enditem|p2b: Iron Treads|Booster Energy\n|-activate|p2b: Iron Treads|ability: Quark Drive|[fromitem]\n|-start|p2b: Iron Treads|quarkdriveatk\n|turn|1\n|inactive|Ricardo Randorez has 30 seconds left.\n|inactive|Ricardo Randorez has 20 seconds left.\n|\n|t:|1681959840\n|detailschange|p1a: Palafin|Palafin-Hero, L50, F\n|switch|p1a: Flutter Mane|Flutter Mane, L50|100\/100\n|-terastallize|p2b: Iron Treads|Ice\n|move|p1b: Iron Hands|Fake Out|p2b: Iron Treads\n|-damage|p2b: Iron Treads|87\/100\n|move|p2a: Noivern|Draco Meteor|p1b: Iron Hands\n|-damage|p1b: Iron Hands|75\/100\n|-unboost|p2a: Noivern|spa|2\n|cant|p2b: Iron Treads|flinch\n|\n|upkeep\n|turn|2\n|inactive|Ricardo Randorez has 30 seconds left.\n|\n|t:|1681959870\n|switch|p2a: Revavroom|Revavroom, L50, F, shiny|100\/100\n|-end|p1b: Iron Hands|Quark Drive|[silent]\n|switch|p1b: Chi-Yu|Chi-Yu, L50|100\/100\n|-ability|p1b: Chi-Yu|Beads of Ruin\n|move|p1a: Flutter Mane|Dazzling Gleam|p2b: Iron Treads|[spread] p2a,p2b\n|-resisted|p2a: Revavroom\n|-damage|p2a: Revavroom|81\/100\n|-damage|p2b: Iron Treads|9\/100\n|-damage|p1a: Flutter Mane|91\/100|[from] item: Life Orb\n|move|p2b: Iron Treads|Iron Head|p1a: Flutter Mane\n|-supereffective|p1a: Flutter Mane\n|-damage|p1a: Flutter Mane|0 fnt\n|faint|p1a: Flutter Mane\n|-end|p1a: Flutter Mane|Protosynthesis|[silent]\n|\n|upkeep\n|\n|t:|1681959888\n|switch|p1a: Iron Hands|Iron Hands, L50|75\/100\n|turn|3\n|\n|t:|1681959896\n|switch|p2a: Noivern|Noivern, L50, M, shiny|100\/100\n|-item|p1a: Iron Hands|Assault Vest|[from] ability: Frisk|[of] p2a: Noivern|[identify]\n|-item|p1b: Chi-Yu|Choice Specs|[from] ability: Frisk|[of] p2a: Noivern|[identify]\n|move|p1a: Iron Hands|Fake Out|p2b: Iron Treads\n|-damage|p2b: Iron Treads|0 fnt\n|faint|p2b: Iron Treads\n|-end|p2b: Iron Treads|Quark Drive|[silent]\n|move|p1b: Chi-Yu|Heat Wave|p2a: Noivern\n|-resisted|p2a: Noivern\n|-damage|p2a: Noivern|48\/100\n|-enditem|p2a: Noivern|Sitrus Berry|[eat]\n|-heal|p2a: Noivern|73\/100|[from] item: Sitrus Berry\n|\n|upkeep\n|\n|t:|1681959904\n|switch|p2b: Revavroom|Revavroom, L50, F, shiny|81\/100\n|turn|4\n|\n|t:|1681959926\n|move|p2a: Noivern|Draco Meteor|p1b: Chi-Yu\n|-damage|p1b: Chi-Yu|46\/100\n|-unboost|p2a: Noivern|spa|2\n|move|p1b: Chi-Yu|Heat Wave|p2b: Revavroom|[spread] p2b\n|-miss|p1b: Chi-Yu|p2a: Noivern\n|-supereffective|p2b: Revavroom\n|-damage|p2b: Revavroom|0 fnt\n|faint|p2b: Revavroom\n|move|p1a: Iron Hands|Drain Punch|p2a: Noivern\n|-resisted|p2a: Noivern\n|-damage|p2a: Noivern|50\/100\n|-heal|p1a: Iron Hands|84\/100|[from] drain|[of] p2a: Noivern\n|\n|upkeep\n|\n|t:|1681959929\n|switch|p2b: Lurantis|Lurantis, L50, M, shiny|100\/100\n|turn|5\n|-message|tml600198 forfeited.\n|\n|win|Ricardo Randorez\n|raw|Ricardo Randorez's rating: 1163 → 1180<\/strong> (+17 for winning)\n|raw|tml600198's rating: 1051 → 1039<\/strong> (-12 for losing)\n|l|\u2606tml600198\n","uploadtime":1681959945,"views":8,"p1id":"ricardorandorez","p2id":"tml600198","formatid":"gen9vgc2023regulationc","rating":1039,"private":0,"password":""}