{"id":"gen9vgc2023regulationc-1858247549","p1":"hegoi6","p2":"tiucfs\u9e21","format":"[Gen 9] VGC 2023 Regulation C","log":"|j|\u2606hegoi6\n|j|\u2606tiucfs\u9e21\n|t:|1683295051\n|gametype|doubles\n|player|p1|hegoi6|2|1098\n|player|p2|tiucfs\u9e21|ghetsis-gen5bw|1000\n|teamsize|p1|6\n|teamsize|p2|6\n|gen|9\n|tier|[Gen 9] VGC 2023 Regulation C\n|rated|\n|rule|Species Clause: Limit one of each Pok\u00e9mon\n|rule|Item Clause: Limit one of each item\n|clearpoke\n|poke|p1|Flutter Mane, L50|\n|poke|p1|Kingambit, L50, F|\n|poke|p1|Iron Bundle, L50|\n|poke|p1|Arcanine, L50, M|\n|poke|p1|Great Tusk, L50|\n|poke|p1|Corviknight, L50, M|\n|poke|p2|Chien-Pao, L50|\n|poke|p2|Annihilape, L50, F|\n|poke|p2|Ting-Lu, L50|\n|poke|p2|Dragonite, L50, M|\n|poke|p2|Flutter Mane, L50|\n|poke|p2|Wo-Chien, L50|\n|teampreview|4\n|inactive|Battle timer is ON: inactive players will automatically lose when time's up. (requested by hegoi6)\n|inactive|tiucfs\u9e21 has 60 seconds left.\n|\n|t:|1683295120\n|start\n|switch|p1a: Captain Holt|Corviknight, L50, M, shiny|100\/100\n|switch|p1b: Cheddar|Arcanine, L50, M|100\/100\n|switch|p2a: \u516b\u516b\u5915\u5915\u529b\u4e09|Flutter Mane, L50|100\/100\n|switch|p2b: Ting-\u829d\u58eb\u7350\u5b50|Ting-Lu, L50|100\/100\n|-ability|p1b: Cheddar|Intimidate|boost\n|-unboost|p2a: \u516b\u516b\u5915\u5915\u529b\u4e09|atk|1\n|-unboost|p2b: Ting-\u829d\u58eb\u7350\u5b50|atk|1\n|-ability|p2b: Ting-\u829d\u58eb\u7350\u5b50|Vessel of Ruin\n|turn|1\n|\n|t:|1683295132\n|move|p1b: Cheddar|Protect|p1b: Cheddar\n|-singleturn|p1b: Cheddar|Protect\n|move|p2a: \u516b\u516b\u5915\u5915\u529b\u4e09|Thunderbolt|p1a: Captain Holt\n|-supereffective|p1a: Captain Holt\n|-crit|p1a: Captain Holt\n|-damage|p1a: Captain Holt|38\/100\n|-status|p1a: Captain Holt|par\n|move|p2b: Ting-\u829d\u58eb\u7350\u5b50|Sand Tomb|p1b: Cheddar\n|-activate|p1b: Cheddar|move: Protect\n|move|p1a: Captain Holt|Tailwind|p1a: Captain Holt\n|-sidestart|p1: hegoi6|move: Tailwind\n|\n|upkeep\n|turn|2\n|inactive|hegoi6 has 30 seconds left.\n|\n|t:|1683295159\n|switch|p1a: Peralta|Kingambit, L50, F, shiny|100\/100\n|move|p1b: Cheddar|Snarl|p2a: \u516b\u516b\u5915\u5915\u529b\u4e09|[spread] p2a,p2b\n|-resisted|p2b: Ting-\u829d\u58eb\u7350\u5b50\n|-damage|p2a: \u516b\u516b\u5915\u5915\u529b\u4e09|94\/100\n|-damage|p2b: Ting-\u829d\u58eb\u7350\u5b50|99\/100\n|-unboost|p2a: \u516b\u516b\u5915\u5915\u529b\u4e09|spa|1\n|-unboost|p2b: Ting-\u829d\u58eb\u7350\u5b50|spa|1\n|move|p2a: \u516b\u516b\u5915\u5915\u529b\u4e09|Thunderbolt|p1a: Peralta\n|-damage|p1a: Peralta|90\/100\n|-status|p1a: Peralta|par\n|move|p2b: Ting-\u829d\u58eb\u7350\u5b50|Sand Tomb|p1b: Cheddar|[miss]\n|-miss|p2b: Ting-\u829d\u58eb\u7350\u5b50|p1b: Cheddar\n|\n|upkeep\n|turn|3\n|\n|t:|1683295178\n|-end|p2a: \u516b\u516b\u5915\u5915\u529b\u4e09|Protosynthesis|[silent]\n|switch|p2a: \u6162\u9f99|Dragonite, L50, M|100\/100\n|move|p1a: Peralta|Sucker Punch||[still]\n|-fail|p1a: Peralta\n|move|p1b: Cheddar|Will-O-Wisp|p2b: Ting-\u829d\u58eb\u7350\u5b50\n|-status|p2b: Ting-\u829d\u58eb\u7350\u5b50|brn\n|move|p2b: Ting-\u829d\u58eb\u7350\u5b50|Body Press|p1a: Peralta\n|-supereffective|p1a: Peralta\n|-damage|p1a: Peralta|49\/100 par\n|\n|-damage|p2b: Ting-\u829d\u58eb\u7350\u5b50|92\/100 brn|[from] brn\n|upkeep\n|turn|4\n|\n|t:|1683295200\n|switch|p1b: Captain Holt|Corviknight, L50, M, shiny|38\/100 par\n|move|p2a: \u6162\u9f99|Substitute|p2a: \u6162\u9f99\n|-start|p2a: \u6162\u9f99|Substitute\n|-damage|p2a: \u6162\u9f99|76\/100\n|move|p1a: Peralta|Low Kick|p2b: Ting-\u829d\u58eb\u7350\u5b50\n|-supereffective|p2b: Ting-\u829d\u58eb\u7350\u5b50\n|-damage|p2b: Ting-\u829d\u58eb\u7350\u5b50|44\/100 brn\n|move|p2b: Ting-\u829d\u58eb\u7350\u5b50|Sand Tomb|p1a: Peralta\n|-supereffective|p1a: Peralta\n|-damage|p1a: Peralta|41\/100 par\n|-activate|p1a: Peralta|move: Sand Tomb|[of] p2b: Ting-\u829d\u58eb\u7350\u5b50\n|\n|-damage|p2b: Ting-\u829d\u58eb\u7350\u5b50|38\/100 brn|[from] brn\n|-damage|p1a: Peralta|29\/100 par|[from] move: Sand Tomb|[partiallytrapped]\n|-sideend|p1: hegoi6|move: Tailwind\n|upkeep\n|turn|5\n|\n|t:|1683295222\n|move|p2b: Ting-\u829d\u58eb\u7350\u5b50|Body Press|p1a: Peralta\n|-supereffective|p1a: Peralta\n|-damage|p1a: Peralta|0 fnt\n|faint|p1a: Peralta\n|move|p1b: Captain Holt|Tailwind|p1b: Captain Holt\n|-sidestart|p1: hegoi6|move: Tailwind\n|move|p2a: \u6162\u9f99|Dragon Tail|p1b: Captain Holt\n|-resisted|p1b: Captain Holt\n|-damage|p1b: Captain Holt|24\/100 par\n|drag|p1b: Cheddar|Arcanine, L50, M|100\/100\n|-ability|p1b: Cheddar|Intimidate|boost\n|-immune|p2a: \u6162\u9f99\n|-unboost|p2b: Ting-\u829d\u58eb\u7350\u5b50|atk|1\n|\n|-damage|p2b: Ting-\u829d\u58eb\u7350\u5b50|32\/100 brn|[from] brn\n|upkeep\n|\n|t:|1683295238\n|switch|p1a: Boyle|Iron Bundle, L50|100\/100\n|-enditem|p1a: Boyle|Booster Energy\n|-activate|p1a: Boyle|ability: Quark Drive|[fromitem]\n|-start|p1a: Boyle|quarkdrivespe\n|turn|6\n|\n|t:|1683295256\n|-terastallize|p2b: Ting-\u829d\u58eb\u7350\u5b50|Water\n|move|p1a: Boyle|Protect|p1a: Boyle\n|-singleturn|p1a: Boyle|Protect\n|move|p1b: Cheddar|Flare Blitz|p2a: \u6162\u9f99\n|-resisted|p2a: \u6162\u9f99\n|-activate|p2a: \u6162\u9f99|move: Substitute|[damage]\n|-damage|p1b: Cheddar|93\/100|[from] Recoil|[of] p2a: \u6162\u9f99\n|move|p2a: \u6162\u9f99|Earthquake|p1a: Boyle|[spread] p2b,p1b\n|-activate|p1a: Boyle|move: Protect\n|-supereffective|p1b: Cheddar\n|-damage|p2b: Ting-\u829d\u58eb\u7350\u5b50|17\/100 brn\n|-damage|p1b: Cheddar|33\/100\n|-enditem|p1b: Cheddar|Sitrus Berry|[eat]\n|-heal|p1b: Cheddar|58\/100|[from] item: Sitrus Berry\n|move|p2b: Ting-\u829d\u58eb\u7350\u5b50|Sand Tomb|p1a: Boyle\n|-activate|p1a: Boyle|move: Protect\n|\n|-damage|p2b: Ting-\u829d\u58eb\u7350\u5b50|11\/100 brn|[from] brn\n|upkeep\n|turn|7\n|inactive|hegoi6 has 30 seconds left.\n|\n|t:|1683295282\n|-end|p1a: Boyle|Quark Drive|[silent]\n|switch|p1a: Captain Holt|Corviknight, L50, M, shiny|24\/100 par\n|move|p1b: Cheddar|Flare Blitz|p2a: \u6162\u9f99\n|-resisted|p2a: \u6162\u9f99\n|-end|p2a: \u6162\u9f99|Substitute\n|-damage|p1b: Cheddar|56\/100|[from] Recoil|[of] p2a: \u6162\u9f99\n|move|p2a: \u6162\u9f99|Earthquake|p1b: Cheddar|[spread] p2b,p1b\n|-immune|p1a: Captain Holt\n|-supereffective|p1b: Cheddar\n|-crit|p1b: Cheddar\n|-damage|p2b: Ting-\u829d\u58eb\u7350\u5b50|0 fnt\n|-damage|p1b: Cheddar|0 fnt\n|faint|p2b: Ting-\u829d\u58eb\u7350\u5b50\n|faint|p1b: Cheddar\n|\n|upkeep\n|\n|t:|1683295300\n|switch|p1b: Boyle|Iron Bundle, L50|100\/100\n|switch|p2b: \u829d\u58eb\u96ea\u8c79|Chien-Pao, L50|100\/100\n|-ability|p2b: \u829d\u58eb\u96ea\u8c79|Sword of Ruin\n|turn|8\n|\n|t:|1683295318\n|move|p1b: Boyle|Protect|p1b: Boyle\n|-singleturn|p1b: Boyle|Protect\n|move|p2b: \u829d\u58eb\u96ea\u8c79|Sucker Punch||[still]\n|-fail|p2b: \u829d\u58eb\u96ea\u8c79\n|move|p1a: Captain Holt|Brave Bird|p2b: \u829d\u58eb\u96ea\u8c79\n|-damage|p2b: \u829d\u58eb\u96ea\u8c79|42\/100\n|-damage|p1a: Captain Holt|8\/100 par|[from] Recoil\n|move|p2a: \u6162\u9f99|Dragon Tail|p1a: Captain Holt\n|-resisted|p1a: Captain Holt\n|-damage|p1a: Captain Holt|0 fnt\n|faint|p1a: Captain Holt\n|\n|-sideend|p1: hegoi6|move: Tailwind\n|upkeep\n|turn|9\n|l|\u2606hegoi6\n|inactive|hegoi6 disconnected and has a minute to reconnect!\n|player|p1|\n|inactive|hegoi6 has 30 seconds left.\n|inactive|hegoi6 has 20 seconds left.\n|inactive|hegoi6 has 15 seconds left.\n|inactive|hegoi6 has 10 seconds left.\n|inactive|hegoi6 has 5 seconds left.\n|-message|hegoi6 lost due to inactivity.\n|\n|win|tiucfs\u9e21\n|raw|hegoi6's rating: 1098 → 1067<\/strong> (-31 for losing)\n|raw|tiucfs\u9e21's rating: 1000 → 1051<\/strong> (+51 for winning)\n","uploadtime":1683295381,"views":3,"p1id":"hegoi6","p2id":"tiucfs","formatid":"gen9vgc2023regulationc","rating":1051,"private":0,"password":""}