{"id":"gen9vgc2023regulationc-1854634154","p1":"1tch1go","p2":"qscfthhn","format":"[Gen 9] VGC 2023 Regulation C","log":"|j|\u26061tch1go\n|j|\u2606qscfthhn\n|t:|1682840202\n|gametype|doubles\n|player|p1|1tch1go|101|1000\n|player|p2|qscfthhn|falkner|1077\n|teamsize|p1|6\n|teamsize|p2|6\n|gen|9\n|tier|[Gen 9] VGC 2023 Regulation C\n|rated|\n|rule|Species Clause: Limit one of each Pok\u00e9mon\n|rule|Item Clause: Limit one of each item\n|clearpoke\n|poke|p1|Murkrow, L50, M|\n|poke|p1|Garchomp, L50, M|\n|poke|p1|Tyranitar, L50, M|\n|poke|p1|Amoonguss, L50, F|\n|poke|p1|Goodra, L50, M|\n|poke|p1|Wo-Chien, L50|\n|poke|p2|Baxcalibur, L50, F|\n|poke|p2|Amoonguss, L50, F|\n|poke|p2|Palafin, L50, F|\n|poke|p2|Arcanine, L50, F|\n|poke|p2|Ting-Lu, L50|\n|poke|p2|Riolu, L50, F|\n|teampreview|4\n|inactive|Battle timer is ON: inactive players will automatically lose when time's up. (requested by qscfthhn)\n|\n|t:|1682840225\n|start\n|switch|p1a: Murkrow|Murkrow, L50, M, shiny|100\/100\n|switch|p1b: Amoonguss|Amoonguss, L50, F|100\/100\n|switch|p2a: Baxcalibur|Baxcalibur, L50, F|100\/100\n|switch|p2b: Palafin|Palafin, L50, F|100\/100\n|turn|1\n|inactive|qscfthhn has 30 seconds left.\n|inactive|qscfthhn has 20 seconds left.\n|inactive|qscfthhn has 15 seconds left.\n|\n|t:|1682840270\n|detailschange|p2b: Palafin|Palafin-Hero, L50, F\n|switch|p2b: Arcanine|Arcanine, L50, F|100\/100\n|-ability|p2b: Arcanine|Intimidate|boost\n|-unboost|p1a: Murkrow|atk|1\n|-unboost|p1b: Amoonguss|atk|1\n|move|p1a: Murkrow|Thunder Wave|p2a: Baxcalibur\n|-status|p2a: Baxcalibur|par\n|cant|p2a: Baxcalibur|par\n|move|p1b: Amoonguss|Spore|p2b: Arcanine\n|-activate|p2b: Arcanine|item: Safety Goggles|Spore\n|\n|upkeep\n|turn|2\n|inactive|1tch1go has 30 seconds left.\n|\n|t:|1682840298\n|switch|p1b: Goodra|Goodra, L50, M, shiny|100\/100\n|move|p1a: Murkrow|Thunder Wave|p2b: Arcanine|[miss]\n|-miss|p1a: Murkrow|p2b: Arcanine\n|move|p2b: Arcanine|Howl|p2b: Arcanine|[spread] p2a,p2b\n|-boost|p2a: Baxcalibur|atk|1\n|-boost|p2b: Arcanine|atk|1\n|cant|p2a: Baxcalibur|par\n|\n|upkeep\n|turn|3\n|\n|t:|1682840322\n|switch|p2b: Ting-Lu|Ting-Lu, L50|100\/100\n|-ability|p2b: Ting-Lu|Vessel of Ruin\n|-terastallize|p1b: Goodra|Flying\n|move|p1a: Murkrow|Thunder Wave|p2b: Ting-Lu\n|-immune|p2b: Ting-Lu\n|move|p1b: Goodra|Earthquake|p2b: Ting-Lu|[spread] p2a,p2b\n|-immune|p1a: Murkrow\n|-damage|p2a: Baxcalibur|77\/100 par\n|-damage|p2b: Ting-Lu|85\/100\n|cant|p2a: Baxcalibur|par\n|\n|upkeep\n|turn|4\n|\n|t:|1682840341\n|switch|p1a: Wo-Chien|Wo-Chien, L50|100\/100\n|-ability|p1a: Wo-Chien|Tablets of Ruin\n|move|p1b: Goodra|Power Whip|p2b: Ting-Lu\n|-supereffective|p2b: Ting-Lu\n|-damage|p2b: Ting-Lu|44\/100\n|cant|p2a: Baxcalibur|par\n|move|p2b: Ting-Lu|Rock Slide|p1b: Goodra|[spread] p1a,p1b\n|-supereffective|p1b: Goodra\n|-damage|p1a: Wo-Chien|85\/100\n|-damage|p1b: Goodra|63\/100\n|\n|-heal|p1b: Goodra|69\/100|[from] item: Leftovers\n|upkeep\n|turn|5\n|inactive|qscfthhn has 30 seconds left.\n|inactive|qscfthhn has 20 seconds left.\n|inactive|qscfthhn has 15 seconds left.\n|\n|t:|1682840381\n|switch|p2b: Arcanine|Arcanine, L50, F|100\/100\n|-ability|p2b: Arcanine|Intimidate|boost\n|-unboost|p1a: Wo-Chien|atk|1\n|-unboost|p1b: Goodra|atk|1\n|move|p1b: Goodra|Power Whip|p2b: Arcanine\n|-resisted|p2b: Arcanine\n|-damage|p2b: Arcanine|92\/100\n|move|p1a: Wo-Chien|Giga Drain|p2b: Arcanine\n|-resisted|p2b: Arcanine\n|-damage|p2b: Arcanine|74\/100\n|-heal|p1a: Wo-Chien|96\/100|[from] drain|[of] p2b: Arcanine\n|cant|p2a: Baxcalibur|par\n|\n|-heal|p1b: Goodra|75\/100|[from] item: Leftovers\n|upkeep\n|turn|6\n|\n|t:|1682840398\n|move|p1a: Wo-Chien|Protect|p1a: Wo-Chien\n|-singleturn|p1a: Wo-Chien|Protect\n|move|p2b: Arcanine|Flare Blitz|p1a: Wo-Chien\n|-activate|p1a: Wo-Chien|move: Protect\n|cant|p2a: Baxcalibur|par\n|move|p1b: Goodra|Dragon Tail|p2b: Arcanine\n|-damage|p2b: Arcanine|62\/100\n|drag|p2b: Palafin|Palafin-Hero, L50, F|100\/100\n|-activate|p2b: Palafin|ability: Zero to Hero\n|\n|-heal|p1b: Goodra|81\/100|[from] item: Leftovers\n|upkeep\n|turn|7\n|\n|t:|1682840417\n|switch|p2b: Arcanine|Arcanine, L50, F|62\/100\n|-ability|p2b: Arcanine|Intimidate|boost\n|-unboost|p1a: Wo-Chien|atk|1\n|-unboost|p1b: Goodra|atk|1\n|switch|p1b: Murkrow|Murkrow, L50, M, shiny|100\/100\n|move|p1a: Wo-Chien|Knock Off|p2b: Arcanine\n|-damage|p2b: Arcanine|50\/100\n|-enditem|p2b: Arcanine|Safety Goggles|[from] move: Knock Off|[of] p1a: Wo-Chien\n|move|p2a: Baxcalibur|Icicle Spear|p1a: Wo-Chien\n|-supereffective|p1a: Wo-Chien\n|-damage|p1a: Wo-Chien|60\/100\n|-supereffective|p1a: Wo-Chien\n|-damage|p1a: Wo-Chien|27\/100\n|-supereffective|p1a: Wo-Chien\n|-damage|p1a: Wo-Chien|0 fnt\n|faint|p1a: Wo-Chien\n|-hitcount|p1: Wo-Chien|3\n|\n|upkeep\n|\n|t:|1682840433\n|switch|p1a: Amoonguss|Amoonguss, L50, F|100\/100\n|turn|8\n|\n|t:|1682840446\n|switch|p1b: Goodra|Goodra, L50, M, shiny, tera:Flying|81\/100\n|move|p2b: Arcanine|Flare Blitz|p1a: Amoonguss\n|-supereffective|p1a: Amoonguss\n|-damage|p1a: Amoonguss|33\/100\n|-damage|p2b: Arcanine|24\/100|[from] Recoil\n|move|p2a: Baxcalibur|Icicle Spear|p1b: Goodra\n|-supereffective|p1b: Goodra\n|-damage|p1b: Goodra|20\/100\n|-supereffective|p1b: Goodra\n|-crit|p1b: Goodra\n|-damage|p1b: Goodra|0 fnt\n|faint|p1b: Goodra\n|-hitcount|p1: Goodra|2\n|move|p1a: Amoonguss|Spore|p2b: Arcanine\n|-status|p2b: Arcanine|slp|[from] move: Spore\n|\n|-heal|p1a: Amoonguss|39\/100|[from] item: Black Sludge\n|upkeep\n|\n|t:|1682840461\n|switch|p1b: Murkrow|Murkrow, L50, M, shiny|100\/100\n|turn|9\n|-message|1tch1go forfeited.\n|\n|win|qscfthhn\n|raw|1tch1go's rating: 1000 → 1000<\/strong> (+0 for losing)\n|raw|qscfthhn's rating: 1077 → 1099<\/strong> (+22 for winning)\n|l|\u26061tch1go\n","uploadtime":1682840534,"views":17,"p1id":"1tch1go","p2id":"qscfthhn","formatid":"gen9vgc2023regulationc","rating":1000,"private":0,"password":""}