{"id":"gen9vgc2023regulationc-1858751472","p1":"gorilnx","p2":"sk1191212","format":"[Gen 9] VGC 2023 Regulation C","log":"|j|\u2606gorilnx\n|j|\u2606sk1191212\n|t:|1683353791\n|gametype|doubles\n|player|p1|gorilnx|dawn-gen4pt|1320\n|player|p2|sk1191212|1|1264\n|teamsize|p1|6\n|teamsize|p2|6\n|gen|9\n|tier|[Gen 9] VGC 2023 Regulation C\n|rated|\n|rule|Species Clause: Limit one of each Pok\u00e9mon\n|rule|Item Clause: Limit one of each item\n|clearpoke\n|poke|p1|Palafin, L50, F|\n|poke|p1|Amoonguss, L50, M|\n|poke|p1|Flutter Mane, L50|\n|poke|p1|Arcanine, L50, F|\n|poke|p1|Ting-Lu, L50|\n|poke|p1|Baxcalibur, L50, F|\n|poke|p2|Scream Tail, L50|\n|poke|p2|Arcanine, L50, M|\n|poke|p2|Flutter Mane, L50|\n|poke|p2|Clawitzer, L50, M|\n|poke|p2|Scizor, L50, M|\n|poke|p2|Amoonguss, L50, F|\n|teampreview|4\n|inactive|Battle timer is ON: inactive players will automatically lose when time's up. (requested by gorilnx)\n|inactive|gorilnx has 60 seconds left.\n|\n|t:|1683353834\n|start\n|switch|p1a: Ting-Lu|Ting-Lu, L50|100\/100\n|switch|p1b: Palafin|Palafin, L50, F|100\/100\n|switch|p2a: Scream Tail|Scream Tail, L50|100\/100\n|switch|p2b: Scizor|Scizor, L50, M|100\/100\n|-ability|p1a: Ting-Lu|Vessel of Ruin\n|turn|1\n|\n|t:|1683353848\n|detailschange|p1b: Palafin|Palafin-Hero, L50, F\n|switch|p1b: Arcanine|Arcanine, L50, F|100\/100\n|-ability|p1b: Arcanine|Intimidate|boost\n|-unboost|p2a: Scream Tail|atk|1\n|-fail|p2b: Scizor|unboost|[from] item: Clear Amulet|[of] p2b: Scizor\n|move|p2a: Scream Tail|Howl|p2a: Scream Tail|[spread] p2a,p2b\n|-boost|p2a: Scream Tail|atk|1\n|-boost|p2b: Scizor|atk|1\n|move|p2b: Scizor|Tailwind|p2b: Scizor\n|-sidestart|p2: sk1191212|move: Tailwind\n|move|p1a: Ting-Lu|Fissure|p2a: Scream Tail|[miss]\n|-miss|p1a: Ting-Lu|p2a: Scream Tail\n|\n|upkeep\n|turn|2\n|inactive|sk1191212 has 30 seconds left.\n|inactive|gorilnx has 30 seconds left.\n|\n|t:|1683353878\n|switch|p1a: Amoonguss|Amoonguss, L50, M|100\/100\n|-terastallize|p2b: Scizor|Water\n|move|p2a: Scream Tail|Howl|p2a: Scream Tail|[spread] p2a,p2b\n|-boost|p2a: Scream Tail|atk|1\n|-boost|p2b: Scizor|atk|1\n|move|p2b: Scizor|Close Combat|p1a: Amoonguss\n|-resisted|p1a: Amoonguss\n|-damage|p1a: Amoonguss|69\/100\n|-unboost|p2b: Scizor|def|1\n|-unboost|p2b: Scizor|spd|1\n|move|p1b: Arcanine|Flare Blitz|p2b: Scizor\n|-resisted|p2b: Scizor\n|-damage|p2b: Scizor|60\/100\n|-damage|p1b: Arcanine|88\/100|[from] Recoil\n|\n|upkeep\n|turn|3\n|inactive|gorilnx has 30 seconds left.\n|\n|t:|1683353907\n|move|p2a: Scream Tail|Thunder Wave|p1b: Arcanine\n|-status|p1b: Arcanine|par\n|move|p2b: Scizor|Aerial Ace|p1a: Amoonguss\n|-supereffective|p1a: Amoonguss\n|-damage|p1a: Amoonguss|0 fnt\n|faint|p1a: Amoonguss\n|move|p1b: Arcanine|Will-O-Wisp|p2b: Scizor\n|-status|p2b: Scizor|brn\n|\n|-damage|p2b: Scizor|54\/100 brn|[from] brn\n|upkeep\n|\n|t:|1683353922\n|switch|p1a: Ting-Lu|Ting-Lu, L50|100\/100\n|-ability|p1a: Ting-Lu|Vessel of Ruin\n|turn|4\n|\n|t:|1683353935\n|cant|p1b: Arcanine|par\n|move|p2a: Scream Tail|Zen Headbutt|p1b: Arcanine\n|-damage|p1b: Arcanine|51\/100 par\n|move|p2b: Scizor|Close Combat|p1b: Arcanine\n|-damage|p1b: Arcanine|9\/100 par\n|-unboost|p2b: Scizor|def|1\n|-unboost|p2b: Scizor|spd|1\n|move|p1a: Ting-Lu|Heavy Slam|p2a: Scream Tail\n|-supereffective|p2a: Scream Tail\n|-damage|p2a: Scream Tail|40\/100\n|\n|-heal|p2a: Scream Tail|46\/100|[from] item: Leftovers\n|-damage|p2b: Scizor|47\/100 brn|[from] brn\n|-sideend|p2: sk1191212|move: Tailwind\n|upkeep\n|turn|5\n|inactive|gorilnx has 30 seconds left.\n|\n|t:|1683353962\n|cant|p1b: Arcanine|par\n|move|p2a: Scream Tail|Play Rough|p1a: Ting-Lu\n|-supereffective|p1a: Ting-Lu\n|-damage|p1a: Ting-Lu|50\/100\n|move|p2b: Scizor|Close Combat|p1a: Ting-Lu\n|-supereffective|p1a: Ting-Lu\n|-damage|p1a: Ting-Lu|8\/100\n|-unboost|p2b: Scizor|def|1\n|-unboost|p2b: Scizor|spd|1\n|move|p1a: Ting-Lu|Stomping Tantrum|p2b: Scizor\n|-damage|p2b: Scizor|0 fnt\n|faint|p2b: Scizor\n|\n|-heal|p2a: Scream Tail|52\/100|[from] item: Leftovers\n|upkeep\n|\n|t:|1683353983\n|switch|p2b: Flutter Mane|Flutter Mane, L50|100\/100\n|-enditem|p2b: Flutter Mane|Booster Energy\n|-activate|p2b: Flutter Mane|ability: Protosynthesis|[fromitem]\n|-start|p2b: Flutter Mane|protosynthesisspa\n|turn|6\n|\n|t:|1683353993\n|move|p2b: Flutter Mane|Icy Wind|p1b: Arcanine|[spread] p1a,p1b\n|-supereffective|p1a: Ting-Lu\n|-resisted|p1b: Arcanine\n|-damage|p1a: Ting-Lu|0 fnt\n|-damage|p1b: Arcanine|0 fnt\n|faint|p1a: Ting-Lu\n|faint|p1b: Arcanine\n|move|p2a: Scream Tail|Howl|p2a: Scream Tail|[spread] p2a,p2b\n|-boost|p2a: Scream Tail|atk|1\n|-boost|p2b: Flutter Mane|atk|1\n|\n|-heal|p2a: Scream Tail|58\/100|[from] item: Leftovers\n|upkeep\n|\n|t:|1683353997\n|switch|p1a: Palafin|Palafin-Hero, L50, F|100\/100\n|-activate|p1a: Palafin|ability: Zero to Hero\n|turn|7\n|\n|t:|1683354011\n|-terastallize|p1a: Palafin|Water\n|move|p1a: Palafin|Jet Punch|p2a: Scream Tail\n|-damage|p2a: Scream Tail|4\/100\n|move|p2b: Flutter Mane|Moonblast|p1a: Palafin\n|-damage|p1a: Palafin|26\/100\n|move|p2a: Scream Tail|Thunder Wave|p1a: Palafin\n|-status|p1a: Palafin|par\n|\n|-heal|p2a: Scream Tail|10\/100|[from] item: Leftovers\n|upkeep\n|turn|8\n|-message|gorilnx forfeited.\n|\n|win|sk1191212\n|raw|gorilnx's rating: 1320 → 1297<\/strong> (-23 for losing)\n|raw|sk1191212's rating: 1264 → 1293<\/strong> (+29 for winning)\n|l|\u2606gorilnx\n","uploadtime":1683354023,"views":8,"p1id":"gorilnx","p2id":"sk1191212","formatid":"gen9vgc2023regulationc","rating":1293,"private":0,"password":""}