{"id":"gen9vgc2023regulationc-1856629137","p1":"BLiiNDProdiigy","p2":"LasermanZ111","format":"[Gen 9] VGC 2023 Regulation C","log":"|j|\u2606BLiiNDProdiigy\n|j|\u2606LasermanZ111\n|t:|1683084805\n|gametype|doubles\n|player|p1|BLiiNDProdiigy|acetrainer|1370\n|player|p2|LasermanZ111|ash|1346\n|teamsize|p1|6\n|teamsize|p2|6\n|gen|9\n|tier|[Gen 9] VGC 2023 Regulation C\n|rated|\n|rule|Species Clause: Limit one of each Pok\u00e9mon\n|rule|Item Clause: Limit one of each item\n|clearpoke\n|poke|p1|Torkoal, L50, F|\n|poke|p1|Farigiraf, L50, F|\n|poke|p1|Medicham, L50, M|\n|poke|p1|Flutter Mane, L50|\n|poke|p1|Tropius, L50, M|\n|poke|p1|Maushold-Four, L50|\n|poke|p2|Chi-Yu, L50|\n|poke|p2|Amoonguss, L50, M|\n|poke|p2|Flutter Mane, L50|\n|poke|p2|Corviknight, L50, M|\n|poke|p2|Tauros-Paldea-Aqua, L50, M|\n|poke|p2|Ting-Lu, L50|\n|teampreview|4\nLasermanZ111 has agreed to open team sheets.\nBLiiNDProdiigy has agreed to open team sheets.\n|inactive|Battle timer is ON: inactive players will automatically lose when time's up. (requested by BLiiNDProdiigy)\n|inactive|LasermanZ111 has 60 seconds left.\n|inactive|LasermanZ111 has 30 seconds left.\n|\n|t:|1683084927\n|start\n|switch|p1a: Farigiraf|Farigiraf, L50, F, shiny|100\/100\n|switch|p1b: Medicham|Medicham, L50, M, shiny|100\/100\n|switch|p2a: Chi-Yu|Chi-Yu, L50|100\/100\n|switch|p2b: Corviknight|Corviknight, L50, M|100\/100\n|-ability|p2a: Chi-Yu|Beads of Ruin\n|turn|1\n|inactive|LasermanZ111 has 30 seconds left.\n|\n|t:|1683084955\n|move|p2a: Chi-Yu|Protect|p2a: Chi-Yu\n|-singleturn|p2a: Chi-Yu|Protect\n|move|p1a: Farigiraf|Protect|p1a: Farigiraf\n|-singleturn|p1a: Farigiraf|Protect\n|move|p2b: Corviknight|Brave Bird|p1b: Medicham\n|-supereffective|p1b: Medicham\n|-enditem|p1b: Medicham|Focus Sash\n|-damage|p1b: Medicham|1\/100\n|-damage|p2b: Corviknight|77\/100|[from] Recoil\n|move|p1b: Medicham|Trick Room|p1b: Medicham\n|-fieldstart|move: Trick Room|[of] p1b: Medicham\n|\n|upkeep\n|turn|2\n|\n|t:|1683084976\n|switch|p2a: Amoonguss|Amoonguss, L50, M|100\/100\n|move|p1a: Farigiraf|Hyper Voice|p2a: Amoonguss|[spread] p2a,p2b\n|-resisted|p2b: Corviknight\n|-damage|p2a: Amoonguss|77\/100\n|-damage|p2b: Corviknight|63\/100\n|-enditem|p1a: Farigiraf|Throat Spray\n|-boost|p1a: Farigiraf|spa|1|[from] item: Throat Spray\n|move|p1b: Medicham|Close Combat|p2a: Amoonguss\n|-resisted|p2a: Amoonguss\n|-damage|p2a: Amoonguss|43\/100\n|-unboost|p1b: Medicham|def|1\n|-unboost|p1b: Medicham|spd|1\n|-enditem|p2a: Amoonguss|Sitrus Berry|[eat]\n|-heal|p2a: Amoonguss|67\/100|[from] item: Sitrus Berry\n|move|p2b: Corviknight|Brave Bird|p1b: Medicham\n|-supereffective|p1b: Medicham\n|-damage|p1b: Medicham|0 fnt\n|faint|p1b: Medicham\n|-damage|p2b: Corviknight|62\/100|[from] Recoil\n|\n|upkeep\n|\n|t:|1683084996\n|switch|p1b: Torkoal|Torkoal, L50, F, shiny|100\/100\n|-weather|SunnyDay|[from] ability: Drought|[of] p1b: Torkoal\n|turn|3\n|\n|t:|1683085016\n|switch|p2b: Ting-Lu|Ting-Lu, L50|100\/100\n|-ability|p2b: Ting-Lu|Vessel of Ruin\n|-terastallize|p1b: Torkoal|Fire\n|-terastallize|p2a: Amoonguss|Water\n|move|p1b: Torkoal|Eruption|p2a: Amoonguss|[spread] p2a,p2b\n|-resisted|p2a: Amoonguss\n|-damage|p2a: Amoonguss|30\/100\n|-damage|p2b: Ting-Lu|61\/100\n|move|p2a: Amoonguss|Spore|p1b: Torkoal\n|-status|p1b: Torkoal|slp|[from] move: Spore\n|move|p1a: Farigiraf|Hyper Voice|p2a: Amoonguss|[spread] p2a,p2b\n|-damage|p2a: Amoonguss|0 fnt\n|-damage|p2b: Ting-Lu|47\/100\n|faint|p2a: Amoonguss\n|\n|-weather|SunnyDay|[upkeep]\n|upkeep\n|\n|t:|1683085040\n|switch|p2a: Corviknight|Corviknight, L50, M|62\/100\n|turn|4\n|\n|t:|1683085055\n|cant|p1b: Torkoal|slp\n|move|p1a: Farigiraf|Hyper Voice|p2b: Ting-Lu|[spread] p2a,p2b\n|-resisted|p2a: Corviknight\n|-damage|p2a: Corviknight|46\/100\n|-damage|p2b: Ting-Lu|31\/100\n|move|p2b: Ting-Lu|Earthquake|p1a: Farigiraf|[spread] p1a,p1b\n|-immune|p2a: Corviknight\n|-supereffective|p1b: Torkoal\n|-damage|p1a: Farigiraf|61\/100\n|-damage|p1b: Torkoal|41\/100 slp\n|move|p2a: Corviknight|Brave Bird|p1a: Farigiraf\n|-damage|p1a: Farigiraf|14\/100\n|-damage|p2a: Corviknight|31\/100|[from] Recoil\n|\n|-weather|SunnyDay|[upkeep]\n|upkeep\n|turn|5\n|\n|t:|1683085071\n|cant|p1b: Torkoal|slp\n|move|p1a: Farigiraf|Hyper Voice|p2b: Ting-Lu|[spread] p2a,p2b\n|-resisted|p2a: Corviknight\n|-damage|p2a: Corviknight|14\/100\n|-damage|p2b: Ting-Lu|14\/100\n|move|p2b: Ting-Lu|Earthquake|p1a: Farigiraf|[spread] p1a,p1b\n|-immune|p2a: Corviknight\n|-supereffective|p1b: Torkoal\n|-damage|p1a: Farigiraf|0 fnt\n|-damage|p1b: Torkoal|0 fnt\n|faint|p1a: Farigiraf\n|faint|p1b: Torkoal\n|move|p2a: Corviknight|Roost|p2a: Corviknight\n|-heal|p2a: Corviknight|64\/100\n|-singleturn|p2a: Corviknight|move: Roost\n|\n|-weather|SunnyDay|[upkeep]\n|-fieldend|move: Trick Room\n|upkeep\n|\n|t:|1683085089\n|switch|p1b: Tropius|Tropius, L50, M, shiny|100\/100\n|turn|6\n|\n|t:|1683085103\n|move|p2a: Corviknight|Brave Bird|p1b: Tropius\n|-supereffective|p1b: Tropius\n|-damage|p1b: Tropius|25\/100\n|-enditem|p1b: Tropius|Sitrus Berry|[eat]\n|-heal|p1b: Tropius|50\/100|[from] item: Sitrus Berry\n|-damage|p2a: Corviknight|41\/100|[from] Recoil\n|move|p1b: Tropius|Leech Seed|p2a: Corviknight\n|-start|p2a: Corviknight|move: Leech Seed\n|move|p2b: Ting-Lu|Ruination|p1b: Tropius\n|-damage|p1b: Tropius|25\/100\n|\n|-weather|SunnyDay|[upkeep]\n|-damage|p2a: Corviknight|29\/100|[from] Leech Seed|[of] p1b: Tropius\n|-heal|p1b: Tropius|38\/100|[silent]\n|-item|p1b: Tropius|Sitrus Berry|[from] ability: Harvest\n|upkeep\n|-enditem|p1b: Tropius|Sitrus Berry|[eat]\n|-heal|p1b: Tropius|63\/100|[from] item: Sitrus Berry\n|turn|7\n|inactive|BLiiNDProdiigy has 30 seconds left.\n|\n|t:|1683085133\n|move|p2a: Corviknight|Brave Bird|p1b: Tropius\n|-supereffective|p1b: Tropius\n|-damage|p1b: Tropius|0 fnt\n|faint|p1b: Tropius\n|-damage|p2a: Corviknight|10\/100|[from] Recoil\n|\n|win|LasermanZ111\n|raw|BLiiNDProdiigy's rating: 1370 → 1349<\/strong> (-21 for losing)\n|raw|LasermanZ111's rating: 1346 → 1367<\/strong> (+21 for winning)\n|l|\u2606BLiiNDProdiigy\n","uploadtime":1683085150,"views":4,"p1id":"bliindprodiigy","p2id":"lasermanz111","formatid":"gen9vgc2023regulationc","rating":1349,"private":0,"password":""}