{"id":"gen9vgc2023regulationc-1847430567","p1":"GB Seraphix","p2":"Devonpl","format":"[Gen 9] VGC 2023 Regulation C","log":"|j|\u2606GB Seraphix\n|j|\u2606Devonpl\n|t:|1681954204\n|gametype|doubles\n|player|p1|GB Seraphix|rosa|1236\n|player|p2|Devonpl|1|1167\n|teamsize|p1|6\n|teamsize|p2|6\n|gen|9\n|tier|[Gen 9] VGC 2023 Regulation C\n|rated|\n|rule|Species Clause: Limit one of each Pok\u00e9mon\n|rule|Item Clause: Limit one of each item\n|clearpoke\n|poke|p1|Chi-Yu, L50|\n|poke|p1|Dachsbun, L50, F|\n|poke|p1|Flutter Mane, L50|\n|poke|p1|Baxcalibur, L50, M|\n|poke|p1|Amoonguss, L50, M|\n|poke|p1|Rotom-Wash, L50|\n|poke|p2|Tyranitar, L50, M|\n|poke|p2|Lycanroc, L50, M|\n|poke|p2|Abomasnow, L50, F|\n|poke|p2|Iron Bundle, L50|\n|poke|p2|Chi-Yu, L50|\n|poke|p2|Dachsbun, L50, F|\n|teampreview|4\n|\n|t:|1681954236\n|start\n|switch|p1a: Nemo|Chi-Yu, L50|100\/100\n|switch|p1b: Chocnut|Dachsbun, L50, F|100\/100\n|switch|p2a: Lycanroc|Lycanroc, L50, M, shiny|100\/100\n|switch|p2b: Tyranitar|Tyranitar, L50, M|100\/100\n|-ability|p1a: Nemo|Beads of Ruin\n|-weather|Sandstorm|[from] ability: Sand Stream|[of] p2b: Tyranitar\n|turn|1\n|\n|t:|1681954256\n|-terastallize|p1a: Nemo|Ghost\n|move|p2a: Lycanroc|Rock Slide|p1a: Nemo|[spread] p1a,p1b\n|-damage|p1a: Nemo|53\/100\n|-damage|p1b: Chocnut|74\/100\n|move|p1a: Nemo|Lava Plume|p2a: Lycanroc|[spread] p2a,p2b\n|-ability|p1b: Chocnut|Well-Baked Body|boost\n|-boost|p1b: Chocnut|def|2\n|-resisted|p2a: Lycanroc\n|-resisted|p2b: Tyranitar\n|-damage|p2a: Lycanroc|76\/100\n|-damage|p2b: Tyranitar|92\/100\n|-status|p2b: Tyranitar|brn\n|cant|p1b: Chocnut|flinch\n|move|p2b: Tyranitar|Rock Slide|p1b: Chocnut|[spread] p1a,p1b\n|-damage|p1a: Nemo|27\/100\n|-damage|p1b: Chocnut|67\/100\n|\n|-weather|Sandstorm|[upkeep]\n|-damage|p1a: Nemo|21\/100|[from] Sandstorm\n|-damage|p1b: Chocnut|61\/100|[from] Sandstorm\n|-heal|p1b: Chocnut|67\/100|[from] item: Leftovers\n|-damage|p2b: Tyranitar|86\/100 brn|[from] brn\n|upkeep\n|turn|2\n|\n|t:|1681954285\n|move|p2a: Lycanroc|Rock Slide|p1b: Chocnut|[spread] p1a,p1b\n|-damage|p1a: Nemo|0 fnt\n|-damage|p1b: Chocnut|52\/100\n|faint|p1a: Nemo\n|cant|p1b: Chocnut|flinch\n|move|p2b: Tyranitar|Heavy Slam|p1b: Chocnut\n|-supereffective|p1b: Chocnut\n|-damage|p1b: Chocnut|30\/100\n|\n|-weather|Sandstorm|[upkeep]\n|-damage|p1b: Chocnut|24\/100|[from] Sandstorm\n|-heal|p1b: Chocnut|30\/100|[from] item: Leftovers\n|-damage|p2b: Tyranitar|80\/100 brn|[from] brn\n|upkeep\n|\n|t:|1681954299\n|switch|p1a: Hanabishi|Rotom-Wash, L50|100\/100\n|turn|3\n|\n|t:|1681954310\n|move|p1a: Hanabishi|Protect|p1a: Hanabishi\n|-singleturn|p1a: Hanabishi|Protect\n|move|p2a: Lycanroc|Rock Slide|p1b: Chocnut|[spread] \n|-activate|p1a: Hanabishi|move: Protect\n|-miss|p2a: Lycanroc|p1b: Chocnut\n|move|p1b: Chocnut|Body Press|p2a: Lycanroc\n|-supereffective|p2a: Lycanroc\n|-damage|p2a: Lycanroc|0 fnt\n|faint|p2a: Lycanroc\n|move|p2b: Tyranitar|Rock Slide|p1b: Chocnut|[spread] p1b\n|-activate|p1a: Hanabishi|move: Protect\n|-damage|p1b: Chocnut|22\/100\n|\n|-weather|Sandstorm|[upkeep]\n|-damage|p1b: Chocnut|16\/100|[from] Sandstorm\n|-damage|p1a: Hanabishi|95\/100|[from] Sandstorm\n|-heal|p1b: Chocnut|22\/100|[from] item: Leftovers\n|-damage|p2b: Tyranitar|74\/100 brn|[from] brn\n|upkeep\n|\n|t:|1681954335\n|switch|p2a: Dachsbun|Dachsbun, L50, F|100\/100\n|turn|4\n|\n|t:|1681954348\n|move|p1b: Chocnut|Protect|p1b: Chocnut\n|-singleturn|p1b: Chocnut|Protect\n|move|p1a: Hanabishi|Hydro Pump|p2b: Tyranitar|[miss]\n|-miss|p1a: Hanabishi|p2b: Tyranitar\n|move|p2a: Dachsbun|Wish|p2a: Dachsbun\n|move|p2b: Tyranitar|Rock Slide|p1b: Chocnut|[spread] p1a\n|-activate|p1b: Chocnut|move: Protect\n|-damage|p1a: Hanabishi|78\/100\n|\n|-weather|Sandstorm|[upkeep]\n|-damage|p1a: Hanabishi|72\/100|[from] Sandstorm\n|-damage|p1b: Chocnut|16\/100|[from] Sandstorm\n|-damage|p2a: Dachsbun|94\/100|[from] Sandstorm\n|-heal|p1b: Chocnut|22\/100|[from] item: Leftovers\n|-heal|p2a: Dachsbun|100\/100|[from] item: Leftovers\n|-damage|p2b: Tyranitar|69\/100 brn|[from] brn\n|upkeep\n|turn|5\n|\n|t:|1681954378\n|move|p1b: Chocnut|Yawn|p2a: Dachsbun\n|-start|p2a: Dachsbun|move: Yawn|[of] p1b: Chocnut\n|move|p1a: Hanabishi|Hydro Pump|p2b: Tyranitar\n|-supereffective|p2b: Tyranitar\n|-crit|p2b: Tyranitar\n|-damage|p2b: Tyranitar|7\/100 brn\n|move|p2a: Dachsbun|Yawn|p1b: Chocnut\n|-start|p1b: Chocnut|move: Yawn|[of] p2a: Dachsbun\n|move|p2b: Tyranitar|Heavy Slam|p1b: Chocnut\n|-supereffective|p1b: Chocnut\n|-damage|p1b: Chocnut|0 fnt\n|faint|p1b: Chocnut\n|\n|-weather|none\n|-damage|p2b: Tyranitar|1\/100 brn|[from] brn\n|upkeep\n|\n|t:|1681954392\n|switch|p1b: Riko|Baxcalibur, L50, M|100\/100\n|turn|6\n|\n|t:|1681954411\n|switch|p2a: Chi-Yu|Chi-Yu, L50|100\/100\n|-ability|p2a: Chi-Yu|Beads of Ruin\n|move|p1b: Riko|Ice Shard|p2b: Tyranitar\n|-damage|p2b: Tyranitar|0 fnt\n|faint|p2b: Tyranitar\n|move|p1a: Hanabishi|Hydro Pump|p2a: Chi-Yu|[miss]\n|-miss|p1a: Hanabishi|p2a: Chi-Yu\n|\n|upkeep\n|\n|t:|1681954422\n|switch|p2b: Dachsbun|Dachsbun, L50, F|100\/100\n|turn|7\n|\n|t:|1681954439\n|move|p2a: Chi-Yu|Lava Plume|p1a: Hanabishi|[spread] p1a,p1b\n|-ability|p2b: Dachsbun|Well-Baked Body|boost\n|-boost|p2b: Dachsbun|def|2\n|-resisted|p1a: Hanabishi\n|-damage|p1a: Hanabishi|50\/100\n|-damage|p1b: Riko|74\/100\n|-status|p1a: Hanabishi|brn\n|-ability|p1b: Riko|Thermal Exchange|boost\n|-boost|p1b: Riko|atk|1\n|-enditem|p1a: Hanabishi|Sitrus Berry|[eat]\n|-heal|p1a: Hanabishi|74\/100 brn|[from] item: Sitrus Berry\n|move|p1a: Hanabishi|Hydro Pump|p2a: Chi-Yu\n|-supereffective|p2a: Chi-Yu\n|-damage|p2a: Chi-Yu|0 fnt\n|faint|p2a: Chi-Yu\n|move|p2b: Dachsbun|Body Press|p1a: Hanabishi\n|-damage|p1a: Hanabishi|18\/100 brn\n|move|p1b: Riko|Stomping Tantrum|p2b: Dachsbun\n|-damage|p2b: Dachsbun|85\/100\n|\n|-heal|p2b: Dachsbun|91\/100|[from] item: Leftovers\n|-damage|p1a: Hanabishi|13\/100 brn|[from] brn\n|upkeep\n|turn|8\n|\n|t:|1681954467\n|move|p2b: Dachsbun|Protect|p2b: Dachsbun\n|-singleturn|p2b: Dachsbun|Protect\n|move|p1a: Hanabishi|Hydro Pump|p2b: Dachsbun\n|-activate|p2b: Dachsbun|move: Protect\n|move|p1b: Riko|Icicle Crash|p2b: Dachsbun\n|-activate|p2b: Dachsbun|move: Protect\n|\n|-heal|p2b: Dachsbun|97\/100|[from] item: Leftovers\n|-damage|p1a: Hanabishi|7\/100 brn|[from] brn\n|upkeep\n|turn|9\n|l|\u2606GB Seraphix\n|player|p1|\n|j|\u2606GB Seraphix\n|player|p1|GB Seraphix|rosa\n|\n|t:|1681954531\n|move|p1a: Hanabishi|Hydro Pump|p2b: Dachsbun\n|-damage|p2b: Dachsbun|29\/100\n|move|p2b: Dachsbun|Yawn|p1b: Riko\n|-start|p1b: Riko|move: Yawn|[of] p2b: Dachsbun\n|move|p1b: Riko|Icicle Crash|p2b: Dachsbun\n|-damage|p2b: Dachsbun|0 fnt\n|faint|p2b: Dachsbun\n|\n|win|GB Seraphix\n|raw|GB Seraphix's rating: 1236 → 1256<\/strong> (+20 for winning)\n|raw|Devonpl's rating: 1167 → 1147<\/strong> (-20 for losing)\n|l|\u2606Devonpl\n","uploadtime":1681954629,"views":15,"p1id":"gbseraphix","p2id":"devonpl","formatid":"gen9vgc2023regulationc","rating":1147,"private":0,"password":""}