{"id":"gen9vgc2023regulationc-1860482341","p1":"boat emoji","p2":"tezminator","format":"[Gen 9] VGC 2023 Regulation C","log":"|j|\u203dboat emoji\n|j|\u2606tezminator\n|t:|1683648033\n|gametype|doubles\n|player|p1|boat emoji|caitlin|1115\n|player|p2|tezminator|170|1027\n|teamsize|p1|6\n|teamsize|p2|6\n|gen|9\n|tier|[Gen 9] VGC 2023 Regulation C\n|rated|\n|rule|Species Clause: Limit one of each Pok\u00e9mon\n|rule|Item Clause: Limit one of each item\n|clearpoke\n|poke|p1|Kingambit, L50, F|\n|poke|p1|Flutter Mane, L50|\n|poke|p1|Jumpluff, L50, F|\n|poke|p1|Torkoal, L50, F|\n|poke|p1|Chien-Pao, L50|\n|poke|p1|Great Tusk, L50|\n|poke|p2|Florges, L50, F|\n|poke|p2|Gogoat, L50, F|\n|poke|p2|Goodra, L50, M|\n|poke|p2|Pachirisu, L50, F|\n|poke|p2|Corviknight, L50, F|\n|poke|p2|Iron Treads, L50|\n|teampreview|4\n|inactive|Battle timer is ON: inactive players will automatically lose when time's up. (requested by tezminator)\n|inactive|boat emoji also wants the timer to be on.\n|inactive|boat emoji has 60 seconds left.\n|inactive|tezminator has 60 seconds left.\ntezminator has agreed to open team sheets.\nboat emoji has agreed to open team sheets.\n|\n|t:|1683648088\n|start\n|switch|p1a: Torkoal|Torkoal, L50, F, shiny|100\/100\n|switch|p1b: Jumpluff|Jumpluff, L50, F, shiny|100\/100\n|switch|p2a: Florges|Florges, L50, F|100\/100\n|switch|p2b: Goodra|Goodra, L50, M|100\/100\n|-weather|SunnyDay|[from] ability: Drought|[of] p1a: Torkoal\n|turn|1\n|inactive|boat emoji has 30 seconds left.\n|inactive|boat emoji has 20 seconds left.\n|inactive|boat emoji has 15 seconds left.\n|inactive|boat emoji has 10 seconds left.\n|inactive|tezminator has 30 seconds left.\n|inactive|boat emoji has 5 seconds left.\n|\n|t:|1683648143\n|move|p1b: Jumpluff|Tailwind|p1b: Jumpluff\n|-sidestart|p1: boat emoji|move: Tailwind\n|move|p2b: Goodra|Dragon Claw|p1a: Torkoal\n|-damage|p1a: Torkoal|76\/100\n|move|p2a: Florges|Skill Swap|p1b: Jumpluff\n|-activate|p2a: Florges|move: Skill Swap|Chlorophyll|Flower Veil|[of] p1b: Jumpluff\n|move|p1a: Torkoal|Overheat|p2a: Florges\n|-crit|p2a: Florges\n|-damage|p2a: Florges|11\/100\n|-unboost|p1a: Torkoal|spa|2\n|-enditem|p1a: Torkoal|Eject Pack\n|-enditem|p2a: Florges|Sitrus Berry|[eat]\n|-heal|p2a: Florges|36\/100|[from] item: Sitrus Berry\n|\n|t:|1683648156\n|switch|p1a: Flutter Mane|Flutter Mane, L50, shiny|100\/100\n|-activate|p1a: Flutter Mane|ability: Protosynthesis\n|-start|p1a: Flutter Mane|protosynthesisspa\n|\n|-weather|SunnyDay|[upkeep]\n|upkeep\n|turn|2\n|inactive|boat emoji has 30 seconds left.\n|\n|t:|1683648190\n|-terastallize|p2b: Goodra|Grass\n|move|p1a: Flutter Mane|Dazzling Gleam|p2b: Goodra|[spread] p2a,p2b\n|-damage|p2a: Florges|0 fnt\n|-damage|p2b: Goodra|59\/100\n|faint|p2a: Florges\n|move|p1b: Jumpluff|Leaf Storm|p2b: Goodra\n|-ability|p2b: Goodra|Sap Sipper|boost\n|-boost|p2b: Goodra|atk|1\n|move|p2b: Goodra|Power Whip|p1a: Flutter Mane\n|-crit|p1a: Flutter Mane\n|-damage|p1a: Flutter Mane|0 fnt\n|faint|p1a: Flutter Mane\n|-end|p1a: Flutter Mane|Protosynthesis|[silent]\n|\n|-weather|SunnyDay|[upkeep]\n|upkeep\n|\n|t:|1683648203\n|switch|p1a: Torkoal|Torkoal, L50, F, shiny|76\/100\n|switch|p2a: Pachirisu|Pachirisu, L50, F|100\/100\n|turn|3\n|\n|t:|1683648212\n|move|p1b: Jumpluff|Encore|p2b: Goodra\n|-start|p2b: Goodra|Encore\n|move|p2a: Pachirisu|Nuzzle|p1b: Jumpluff\n|-damage|p1b: Jumpluff|96\/100\n|move|p2b: Goodra|Power Whip|p1b: Jumpluff\n|-resisted|p1b: Jumpluff\n|-damage|p1b: Jumpluff|72\/100\n|move|p1a: Torkoal|Overheat|p2b: Goodra\n|-supereffective|p2b: Goodra\n|-damage|p2b: Goodra|0 fnt\n|-unboost|p1a: Torkoal|spa|2\n|faint|p2b: Goodra\n|\n|-weather|SunnyDay|[upkeep]\n|upkeep\n|c|\u2606tezminator|that crit on the beginning, right?\n|\n|t:|1683648231\n|switch|p2b: Gogoat|Gogoat, L50, F|100\/100\n|turn|4\n|\n|t:|1683648241\n|move|p1b: Jumpluff|Sleep Powder|p2a: Pachirisu\n|-activate|p2a: Pachirisu|item: Safety Goggles|Sleep Powder\n|move|p2a: Pachirisu|Super Fang|p1a: Torkoal|[miss]\n|-miss|p2a: Pachirisu|p1a: Torkoal\n|move|p2b: Gogoat|Rock Slide|p1b: Jumpluff|[spread] p1a,p1b\n|-supereffective|p1a: Torkoal\n|-supereffective|p1b: Jumpluff\n|-damage|p1a: Torkoal|49\/100\n|-damage|p1b: Jumpluff|31\/100\n|move|p1a: Torkoal|Overheat|p2b: Gogoat\n|-supereffective|p2b: Gogoat\n|-damage|p2b: Gogoat|52\/100\n|-unboost|p1a: Torkoal|spa|2\n|\n|-weather|SunnyDay|[upkeep]\n|-sideend|p1: boat emoji|move: Tailwind\n|upkeep\n|turn|5\n|c|\u2606tezminator|and that miss\n|c|\u2606tezminator|:\/\n|\n|t:|1683648260\n|move|p1b: Jumpluff|Tailwind|p1b: Jumpluff\n|-sidestart|p1: boat emoji|move: Tailwind\n|move|p2a: Pachirisu|Nuzzle|p1b: Jumpluff\n|-damage|p1b: Jumpluff|26\/100\n|move|p2b: Gogoat|Rock Slide|p1a: Torkoal|[spread] p1a,p1b\n|-supereffective|p1a: Torkoal\n|-supereffective|p1b: Jumpluff\n|-crit|p1b: Jumpluff\n|-damage|p1a: Torkoal|24\/100\n|-damage|p1b: Jumpluff|0 fnt\n|faint|p1b: Jumpluff\n|move|p1a: Torkoal|Overheat|p2b: Gogoat\n|-supereffective|p2b: Gogoat\n|-damage|p2b: Gogoat|18\/100\n|-unboost|p1a: Torkoal|spa|2\n|\n|-weather|none\n|upkeep\n|\n|t:|1683648270\n|switch|p1b: Chien-Pao|Chien-Pao, L50|100\/100\n|-ability|p1b: Chien-Pao|Sword of Ruin\n|turn|6\n|\n|t:|1683648283\n|-terastallize|p1b: Chien-Pao|Flying\n|move|p2a: Pachirisu|Follow Me|p2a: Pachirisu\n|-singleturn|p2a: Pachirisu|move: Follow Me\n|move|p1b: Chien-Pao|Ice Spinner|p2a: Pachirisu\n|-damage|p2a: Pachirisu|23\/100\n|move|p2b: Gogoat|Horn Leech|p1b: Chien-Pao\n|-resisted|p1b: Chien-Pao\n|-damage|p1b: Chien-Pao|77\/100\n|-heal|p2b: Gogoat|27\/100|[from] drain|[of] p1b: Chien-Pao\n|move|p1a: Torkoal|Overheat|p2a: Pachirisu\n|-damage|p2a: Pachirisu|2\/100\n|\n|upkeep\n|turn|7\n|inactive|boat emoji has 30 seconds left.\n|\n|t:|1683648316\n|move|p2a: Pachirisu|Follow Me|p2a: Pachirisu\n|-singleturn|p2a: Pachirisu|move: Follow Me\n|move|p1b: Chien-Pao|Ice Spinner|p2a: Pachirisu\n|-damage|p2a: Pachirisu|0 fnt\n|faint|p2a: Pachirisu\n|move|p2b: Gogoat|Rock Slide|p1a: Torkoal|[spread] p1a,p1b\n|-supereffective|p1a: Torkoal\n|-supereffective|p1b: Chien-Pao\n|-damage|p1a: Torkoal|0 fnt\n|-damage|p1b: Chien-Pao|34\/100\n|faint|p1a: Torkoal\n|\n|upkeep\n|turn|8\n|c|\u2606tezminator|gg\n|\n|t:|1683648328\n|move|p1b: Chien-Pao|Ice Spinner|p2b: Gogoat\n|-supereffective|p2b: Gogoat\n|-damage|p2b: Gogoat|0 fnt\n|faint|p2b: Gogoat\n|\n|win|boat emoji\n|raw|boat emoji's rating: 1115 → 1134<\/strong> (+19 for winning)\n|raw|tezminator's rating: 1027 → 1016<\/strong> (-11 for losing)\n|l|\u2606tezminator\n","uploadtime":1683648334,"views":5,"p1id":"boatemoji","p2id":"tezminator","formatid":"gen9vgc2023regulationc","rating":1016,"private":0,"password":""}