{"id":"gen9vgc2023regulationc-1849093402","p1":"teriso169","p2":"clout Jesus","format":"[Gen 9] VGC 2023 Regulation C","log":"|j|\u2606teriso169\n|j|\u2606clout Jesus\n|t:|1682154017\n|gametype|doubles\n|player|p1|teriso169|hiker-gen4|1296\n|player|p2|clout Jesus|ethan|1398\n|teamsize|p1|6\n|teamsize|p2|6\n|gen|9\n|tier|[Gen 9] VGC 2023 Regulation C\n|rated|\n|rule|Species Clause: Limit one of each Pok\u00e9mon\n|rule|Item Clause: Limit one of each item\n|clearpoke\n|poke|p1|Brute Bonnet, L50|\n|poke|p1|Chien-Pao, L50|\n|poke|p1|Great Tusk, L50|\n|poke|p1|Iron Bundle, L50|\n|poke|p1|Sandy Shocks, L50|\n|poke|p1|Ceruledge, L50, M|\n|poke|p2|Tyranitar, L50, F|\n|poke|p2|Ting-Lu, L50|\n|poke|p2|Scizor, L50, F|\n|poke|p2|Rotom-Wash, L50|\n|poke|p2|Chien-Pao, L50|\n|poke|p2|Sylveon, L50, F|\n|teampreview|4\n|inactive|Battle timer is ON: inactive players will automatically lose when time's up. (requested by teriso169)\n|\n|t:|1682154049\n|start\n|switch|p1a: Bukit batok|Great Tusk, L50, shiny|100\/100\n|switch|p1b: King dice|Ceruledge, L50, M, shiny|100\/100\n|switch|p2a: Sylveon|Sylveon, L50, F|100\/100\n|switch|p2b: Scizor|Scizor, L50, F|100\/100\n|turn|1\n|\n|t:|1682154063\n|move|p2b: Scizor|Protect|p2b: Scizor\n|-singleturn|p2b: Scizor|Protect\n|move|p1a: Bukit batok|Headlong Rush|p2a: Sylveon\n|-damage|p2a: Sylveon|4\/100\n|-unboost|p1a: Bukit batok|def|1\n|-unboost|p1a: Bukit batok|spd|1\n|-damage|p1a: Bukit batok|90\/100|[from] item: Life Orb\n|move|p1b: King dice|Bitter Blade|p2b: Scizor\n|-activate|p2b: Scizor|move: Protect\n|move|p2a: Sylveon|Hyper Voice|p1b: King dice|[spread] p1a,p1b\n|-supereffective|p1a: Bukit batok\n|-resisted|p1b: King dice\n|-damage|p1a: Bukit batok|0 fnt\n|-damage|p1b: King dice|81\/100\n|faint|p1a: Bukit batok\n|-end|p1a: Bukit batok|Protosynthesis|[silent]\n|-enditem|p2a: Sylveon|Throat Spray\n|-boost|p2a: Sylveon|spa|1|[from] item: Throat Spray\n|\n|upkeep\n|\n|t:|1682154085\n|switch|p1a: Frankie heffley|Chien-Pao, L50|100\/100\n|-ability|p1a: Frankie heffley|Sword of Ruin\n|turn|2\n|\n|t:|1682154098\n|move|p1a: Frankie heffley|Protect|p1a: Frankie heffley\n|-singleturn|p1a: Frankie heffley|Protect\n|move|p2a: Sylveon|Protect|p2a: Sylveon\n|-singleturn|p2a: Sylveon|Protect\n|move|p2b: Scizor|Bullet Punch|p1a: Frankie heffley\n|-activate|p1a: Frankie heffley|move: Protect\n|move|p1b: King dice|Bitter Blade|p2b: Scizor\n|-supereffective|p2b: Scizor\n|-damage|p2b: Scizor|0 fnt\n|-heal|p1b: King dice|100\/100|[from] drain|[of] p2b: Scizor\n|faint|p2b: Scizor\n|\n|upkeep\n|\n|t:|1682154103\n|switch|p2b: Tyranitar|Tyranitar, L50, F|100\/100\n|-weather|Sandstorm|[from] ability: Sand Stream|[of] p2b: Tyranitar\n|turn|3\n|\n|t:|1682154113\n|-terastallize|p2b: Tyranitar|Flying\n|move|p1b: King dice|Shadow Sneak|p2a: Sylveon\n|-damage|p2a: Sylveon|0 fnt\n|faint|p2a: Sylveon\n|move|p1a: Frankie heffley|Ice Spinner|p2b: Tyranitar\n|-supereffective|p2b: Tyranitar\n|-damage|p2b: Tyranitar|17\/100\n|move|p2b: Tyranitar|Rock Slide|p1a: Frankie heffley|[spread] p1a,p1b\n|-supereffective|p1a: Frankie heffley\n|-supereffective|p1b: King dice\n|-damage|p1a: Frankie heffley|19\/100\n|-damage|p1b: King dice|7\/100\n|\n|-weather|Sandstorm|[upkeep]\n|-damage|p1a: Frankie heffley|13\/100|[from] Sandstorm\n|-damage|p1b: King dice|1\/100|[from] Sandstorm\n|-damage|p2b: Tyranitar|11\/100|[from] Sandstorm\n|upkeep\n|\n|t:|1682154126\n|switch|p2a: Chien-Pao|Chien-Pao, L50|100\/100\n|-ability|p2a: Chien-Pao|Sword of Ruin\n|turn|4\n|l|\u2606teriso169\n|inactive|teriso169 disconnected and has a minute to reconnect!\n|player|p1|\n|j|\u2606teriso169\n|inactive|teriso169 reconnected and has 35 seconds left.\n|player|p1|teriso169|hiker-gen4\n|inactive|teriso169 has 30 seconds left.\n|\n|t:|1682154154\n|move|p2a: Chien-Pao|Protect|p2a: Chien-Pao\n|-singleturn|p2a: Chien-Pao|Protect\n|move|p1b: King dice|Shadow Sneak|p2b: Tyranitar\n|-damage|p2b: Tyranitar|0 fnt\n|faint|p2b: Tyranitar\n|move|p1a: Frankie heffley|Ice Spinner|p2a: Chien-Pao\n|-activate|p2a: Chien-Pao|move: Protect\n|\n|-weather|Sandstorm|[upkeep]\n|-damage|p2a: Chien-Pao|95\/100|[from] Sandstorm\n|-damage|p1a: Frankie heffley|8\/100|[from] Sandstorm\n|-damage|p1b: King dice|0 fnt|[from] Sandstorm\n|faint|p1b: King dice\n|upkeep\n|\n|t:|1682154159\n|switch|p1b: Mr Ressal|Brute Bonnet, L50, shiny|100\/100\n|turn|5\n|\n|t:|1682154177\n|-terastallize|p1b: Mr Ressal|Poison\n|move|p1a: Frankie heffley|Ice Spinner|p2a: Chien-Pao\n|-resisted|p2a: Chien-Pao\n|-damage|p2a: Chien-Pao|69\/100\n|move|p2a: Chien-Pao|Ice Spinner|p1a: Frankie heffley\n|-resisted|p1a: Frankie heffley\n|-damage|p1a: Frankie heffley|0 fnt\n|faint|p1a: Frankie heffley\n|move|p1b: Mr Ressal|Bullet Seed|p2a: Chien-Pao\n|-damage|p2a: Chien-Pao|49\/100\n|-damage|p2a: Chien-Pao|29\/100\n|-damage|p2a: Chien-Pao|9\/100\n|-damage|p2a: Chien-Pao|0 fnt\n|faint|p2a: Chien-Pao\n|-hitcount|p2: Chien-Pao|4\n|\n|win|teriso169\n|raw|teriso169's rating: 1296 → 1328<\/strong> (+32 for winning)\n|raw|clout Jesus's rating: 1398 → 1372<\/strong> (-26 for losing)\n","uploadtime":1682154179,"views":7,"p1id":"teriso169","p2id":"cloutjesus","formatid":"gen9vgc2023regulationc","rating":1328,"private":0,"password":""}