{"id":"gen9vgc2023regulationc-1856855767","p1":"RamonTheKiller","p2":"Rateder","format":"[Gen 9] VGC 2023 Regulation C","log":"|j|\u2606RamonTheKiller\n|j|\u2606Rateder\n|t:|1683119826\n|gametype|doubles\n|player|p1|RamonTheKiller|palmer|1222\n|player|p2|Rateder|ethan|1227\n|teamsize|p1|6\n|teamsize|p2|6\n|gen|9\n|tier|[Gen 9] VGC 2023 Regulation C\n|rated|\n|rule|Species Clause: Limit one of each Pok\u00e9mon\n|rule|Item Clause: Limit one of each item\n|clearpoke\n|poke|p1|Flutter Mane, L50|\n|poke|p1|Palafin, L50, F|\n|poke|p1|Amoonguss, L50, F|\n|poke|p1|Arcanine, L50, M|\n|poke|p1|Ting-Lu, L50|\n|poke|p1|Iron Hands, L50|\n|poke|p2|Flutter Mane, L50|\n|poke|p2|Amoonguss, L50, F|\n|poke|p2|Gastrodon, L50, M|\n|poke|p2|Orthworm, L50, M|\n|poke|p2|Maushold-Four, L50|\n|poke|p2|Annihilape, L50, F|\n|teampreview|4\n|inactive|Battle timer is ON: inactive players will automatically lose when time's up. (requested by Rateder)\nRateder rejected open team sheets.\n|inactive|RamonTheKiller has 60 seconds left.\n|\n|t:|1683119857\n|start\n|switch|p1a: Flutter Mane|Flutter Mane, L50|100\/100\n|switch|p1b: Palafin|Palafin, L50, F, shiny|100\/100\n|switch|p2a: Annihilape|Annihilape, L50, F|100\/100\n|switch|p2b: Maushold|Maushold-Four, L50|100\/100\n|-enditem|p1a: Flutter Mane|Booster Energy\n|-activate|p1a: Flutter Mane|ability: Protosynthesis|[fromitem]\n|-start|p1a: Flutter Mane|protosynthesisspe\n|turn|1\n|inactive|Rateder has 30 seconds left.\n|inactive|Rateder has 20 seconds left.\n|\n|t:|1683119897\n|-terastallize|p2a: Annihilape|Water\n|move|p1b: Palafin|Protect|p1b: Palafin\n|-singleturn|p1b: Palafin|Protect\n|move|p1a: Flutter Mane|Dazzling Gleam|p2a: Annihilape|[spread] p2a,p2b\n|-damage|p2a: Annihilape|81\/100\n|-damage|p2b: Maushold|60\/100\n|move|p2b: Maushold|Beat Up|p2a: Annihilape\n|-damage|p2a: Annihilape|79\/100\n|-damage|p2a: Annihilape|77\/100\n|-damage|p2a: Annihilape|75\/100\n|-damage|p2a: Annihilape|73\/100\n|-hitcount|p2a: Annihilape|4\n|move|p2a: Annihilape|Bulk Up|p2a: Annihilape\n|-boost|p2a: Annihilape|atk|1\n|-boost|p2a: Annihilape|def|1\n|\n|-heal|p2a: Annihilape|79\/100|[from] item: Leftovers\n|upkeep\n|turn|2\n|inactive|RamonTheKiller has 30 seconds left.\n|\n|t:|1683119923\n|switch|p2b: Orthworm|Orthworm, L50, M|100\/100\n|move|p2a: Annihilape|Protect|p2a: Annihilape\n|-singleturn|p2a: Annihilape|Protect\n|move|p1a: Flutter Mane|Energy Ball|p2a: Annihilape\n|-activate|p2a: Annihilape|move: Protect\n|move|p1b: Palafin|Haze|p1b: Palafin\n|-clearallboost\n|\n|-heal|p2a: Annihilape|85\/100|[from] item: Leftovers\n|upkeep\n|turn|3\n|inactive|Rateder has 30 seconds left.\n|inactive|Rateder has 20 seconds left.\n|\n|t:|1683119961\n|detailschange|p1b: Palafin|Palafin-Hero, L50, F, shiny\n|switch|p1b: Arcanine|Arcanine, L50, M|100\/100\n|-ability|p1b: Arcanine|Intimidate|boost\n|-unboost|p2a: Annihilape|atk|1\n|-ability|p2a: Annihilape|Defiant|boost\n|-boost|p2a: Annihilape|atk|2\n|-unboost|p2b: Orthworm|atk|1\n|move|p1a: Flutter Mane|Energy Ball|p2a: Annihilape\n|-supereffective|p2a: Annihilape\n|-damage|p2a: Annihilape|35\/100\n|move|p2a: Annihilape|Rage Fist|p1a: Flutter Mane\n|-supereffective|p1a: Flutter Mane\n|-damage|p1a: Flutter Mane|0 fnt\n|faint|p1a: Flutter Mane\n|-end|p1a: Flutter Mane|Protosynthesis|[silent]\n|move|p2b: Orthworm|Iron Defense|p2b: Orthworm\n|-boost|p2b: Orthworm|def|2\n|\n|-heal|p2a: Annihilape|41\/100|[from] item: Leftovers\n|upkeep\n|\n|t:|1683119982\n|switch|p1a: Palafin|Palafin-Hero, L50, F, shiny|100\/100\n|-activate|p1a: Palafin|ability: Zero to Hero\n|turn|4\n|\n|t:|1683120001\n|switch|p2b: Gastrodon|Gastrodon, L50, M|100\/100\n|move|p1a: Palafin|Haze|p1a: Palafin\n|-clearallboost\n|move|p1b: Arcanine|Flare Blitz|p2b: Gastrodon\n|-resisted|p2b: Gastrodon\n|-damage|p2b: Gastrodon|70\/100\n|-damage|p1b: Arcanine|90\/100|[from] Recoil\n|move|p2a: Annihilape|Rage Fist|p1a: Palafin\n|-damage|p1a: Palafin|0 fnt\n|faint|p1a: Palafin\n|\n|-heal|p2a: Annihilape|47\/100|[from] item: Leftovers\n|upkeep\n|\n|t:|1683120017\n|switch|p1a: Amoonguss|Amoonguss, L50, F|100\/100\n|turn|5\n|\n|t:|1683120032\n|move|p1b: Arcanine|Flare Blitz|p2a: Annihilape\n|-resisted|p2a: Annihilape\n|-damage|p2a: Annihilape|22\/100\n|-damage|p1b: Arcanine|80\/100|[from] Recoil\n|move|p2a: Annihilape|Rage Fist|p1a: Amoonguss\n|-damage|p1a: Amoonguss|0 fnt\n|faint|p1a: Amoonguss\n|move|p2b: Gastrodon|Earth Power|p1b: Arcanine\n|-supereffective|p1b: Arcanine\n|-crit|p1b: Arcanine\n|-damage|p1b: Arcanine|0 fnt\n|faint|p1b: Arcanine\n|\n|win|Rateder\n|raw|RamonTheKiller's rating: 1222 → 1197<\/strong> (-25 for losing)\n|raw|Rateder's rating: 1227 → 1252<\/strong> (+25 for winning)\n","uploadtime":1683120048,"views":12,"p1id":"ramonthekiller","p2id":"rateder","formatid":"gen9vgc2023regulationc","rating":1197,"private":0,"password":""}