{"id":"gen9vgc2023regulationc-1846509032","p1":"BodaciousBulbasaur","p2":"Maerrff","format":"[Gen 9] VGC 2023 Regulation C","log":"|j|\u2606BodaciousBulbasaur\n|j|\u2606Maerrff\n|t:|1681846923\n|gametype|doubles\n|player|p1|BodaciousBulbasaur|acetrainerf-gen4dp|1223\n|player|p2|Maerrff|palmer|1213\n|teamsize|p1|6\n|teamsize|p2|6\n|gen|9\n|tier|[Gen 9] VGC 2023 Regulation C\n|rated|\n|rule|Species Clause: Limit one of each Pok\u00e9mon\n|rule|Item Clause: Limit one of each item\n|clearpoke\n|poke|p1|Scream Tail, L50|\n|poke|p1|Dragapult, L50, M|\n|poke|p1|Arcanine, L50, M|\n|poke|p1|Flutter Mane, L50|\n|poke|p1|Gastrodon-East, L50, F|\n|poke|p1|Tauros-Paldea-Aqua, L50, M|\n|poke|p2|Amoonguss, L50, M|\n|poke|p2|Palafin, L50, F|\n|poke|p2|Arcanine, L50, M|\n|poke|p2|Flutter Mane, L50|\n|poke|p2|Roaring Moon, L50|\n|poke|p2|Ting-Lu, L50|\n|teampreview|4\n|inactive|Battle timer is ON: inactive players will automatically lose when time's up. (requested by Maerrff)\n|inactive|Maerrff has 60 seconds left.\n|\n|t:|1681846959\n|start\n|switch|p1a: Scream Tail|Scream Tail, L50|100\/100\n|switch|p1b: Dragapult|Dragapult, L50, M|100\/100\n|switch|p2a: Amoonguss|Amoonguss, L50, M|100\/100\n|switch|p2b: Palafin|Palafin, L50, F|100\/100\n|-enditem|p1a: Scream Tail|Booster Energy\n|-activate|p1a: Scream Tail|ability: Protosynthesis|[fromitem]\n|-start|p1a: Scream Tail|protosynthesisspe\n|turn|1\n|\n|t:|1681846982\n|detailschange|p2b: Palafin|Palafin-Hero, L50, F\n|switch|p2b: Ting-Lu|Ting-Lu, L50|100\/100\n|-ability|p2b: Ting-Lu|Vessel of Ruin\n|move|p1a: Scream Tail|Howl|p1a: Scream Tail|[spread] p1a,p1b\n|-boost|p1a: Scream Tail|atk|1\n|-boost|p1b: Dragapult|atk|1\n|move|p1b: Dragapult|Phantom Force||[still]\n|-prepare|p1b: Dragapult|Phantom Force\n|move|p2a: Amoonguss|Spore|p1b: Dragapult|[miss]\n|-miss|p2a: Amoonguss|p1b: Dragapult\n|\n|upkeep\n|turn|2\n|\n|t:|1681847000\n|move|p1a: Scream Tail|Disable|p2a: Amoonguss\n|-start|p2a: Amoonguss|Disable|Spore\n|move|p1b: Dragapult|Phantom Force|p2a: Amoonguss|[from]lockedmove\n|-damage|p2a: Amoonguss|25\/100\n|-enditem|p2a: Amoonguss|Sitrus Berry|[eat]\n|-heal|p2a: Amoonguss|49\/100|[from] item: Sitrus Berry\n|move|p2b: Ting-Lu|Ruination|p1a: Scream Tail\n|-damage|p1a: Scream Tail|50\/100\n|cant|p2a: Amoonguss|Disable|Spore\n|\n|upkeep\n|turn|3\n|\n|t:|1681847019\n|move|p2a: Amoonguss|Protect|p2a: Amoonguss\n|-singleturn|p2a: Amoonguss|Protect\n|move|p1a: Scream Tail|Encore|p2b: Ting-Lu\n|-start|p2b: Ting-Lu|Encore\n|move|p1b: Dragapult|Phantom Force||[still]\n|-prepare|p1b: Dragapult|Phantom Force\n|move|p2b: Ting-Lu|Ruination|p1b: Dragapult|[miss]\n|-miss|p2b: Ting-Lu|p1b: Dragapult\n|\n|upkeep\n|turn|4\n|\n|t:|1681847035\n|move|p2a: Amoonguss|Protect|p2a: Amoonguss\n|-singleturn|p2a: Amoonguss|Protect\n|move|p1a: Scream Tail|Play Rough|p2b: Ting-Lu\n|-supereffective|p2b: Ting-Lu\n|-damage|p2b: Ting-Lu|59\/100\n|move|p1b: Dragapult|Phantom Force|p2a: Amoonguss|[from]lockedmove\n|-activate|p2a: Amoonguss|move: Phantom Force|[broken]\n|-damage|p2a: Amoonguss|0 fnt\n|faint|p2a: Amoonguss\n|move|p2b: Ting-Lu|Ruination|p1a: Scream Tail\n|-damage|p1a: Scream Tail|26\/100\n|\n|upkeep\n|\n|t:|1681847047\n|switch|p2a: Palafin|Palafin-Hero, L50, F|100\/100\n|-activate|p2a: Palafin|ability: Zero to Hero\n|turn|5\n|\n|t:|1681847054\n|-end|p1a: Scream Tail|Protosynthesis|[silent]\n|switch|p1a: Gastrodon|Gastrodon-East, L50, F|100\/100\n|move|p2a: Palafin|Jet Punch|p1a: Gastrodon\n|-ability|p1a: Gastrodon|Storm Drain|boost\n|-boost|p1a: Gastrodon|spa|1\n|move|p1b: Dragapult|Phantom Force||[still]\n|-prepare|p1b: Dragapult|Phantom Force\n|move|p2b: Ting-Lu|Ruination|p1b: Dragapult|[miss]\n|-miss|p2b: Ting-Lu|p1b: Dragapult\n|\n|-end|p2b: Ting-Lu|Encore\n|upkeep\n|turn|6\n|\n|t:|1681847065\n|move|p2a: Palafin|Protect|p2a: Palafin\n|-singleturn|p2a: Palafin|Protect\n|move|p1b: Dragapult|Phantom Force|p2a: Palafin|[from]lockedmove\n|-activate|p2a: Palafin|move: Phantom Force|[broken]\n|-damage|p2a: Palafin|15\/100\n|move|p2b: Ting-Lu|Ruination|p1b: Dragapult\n|-damage|p1b: Dragapult|50\/100\n|move|p1a: Gastrodon|Muddy Water|p2b: Ting-Lu|[spread] p2a,p2b\n|-resisted|p2a: Palafin\n|-supereffective|p2b: Ting-Lu\n|-damage|p2a: Palafin|2\/100\n|-damage|p2b: Ting-Lu|33\/100\n|\n|upkeep\n|turn|7\n|\n|t:|1681847083\n|switch|p2a: Flutter Mane|Flutter Mane, L50|100\/100\n|move|p1b: Dragapult|Phantom Force||[still]\n|-prepare|p1b: Dragapult|Phantom Force\n|move|p2b: Ting-Lu|Stomping Tantrum|p1b: Dragapult|[miss]\n|-miss|p2b: Ting-Lu|p1b: Dragapult\n|move|p1a: Gastrodon|Muddy Water|p2a: Flutter Mane|[spread] p2a,p2b\n|-supereffective|p2b: Ting-Lu\n|-damage|p2a: Flutter Mane|77\/100\n|-damage|p2b: Ting-Lu|10\/100\n|\n|upkeep\n|turn|8\n|\n|t:|1681847104\n|-terastallize|p2a: Flutter Mane|Fairy\n|-terastallize|p1a: Gastrodon|Fire\n|move|p1b: Dragapult|Phantom Force|p2a: Flutter Mane|[from]lockedmove\n|-damage|p2a: Flutter Mane|0 fnt\n|faint|p2a: Flutter Mane\n|-end|p2a: Flutter Mane|Protosynthesis|[silent]\n|move|p2b: Ting-Lu|Ruination|p1a: Gastrodon\n|-damage|p1a: Gastrodon|50\/100\n|move|p1a: Gastrodon|Recover|p1a: Gastrodon\n|-heal|p1a: Gastrodon|100\/100\n|\n|upkeep\n|\n|t:|1681847111\n|switch|p2a: Palafin|Palafin-Hero, L50, F|2\/100\n|turn|9\n|-message|Maerrff forfeited.\n|\n|win|BodaciousBulbasaur\n|raw|BodaciousBulbasaur's rating: 1223 → 1247<\/strong> (+24 for winning)\n|raw|Maerrff's rating: 1213 → 1189<\/strong> (-24 for losing)\n|l|\u2606Maerrff\n|c|\u2606BodaciousBulbasaur|GG\n","uploadtime":1681847127,"views":7,"p1id":"bodaciousbulbasaur","p2id":"maerrff","formatid":"gen9vgc2023regulationc","rating":1189,"private":0,"password":""}