{"id":"gen9vgc2023regulationc-1859711981","p1":"SeaWolfMikess","p2":"Wow_Yangg","format":"[Gen 9] VGC 2023 Regulation C","log":"|j|\u2606SeaWolfMikess\n|j|\u2606Wow_Yangg\n|t:|1683558247\n|gametype|doubles\n|player|p1|SeaWolfMikess|hugh|1402\n|player|p2|Wow_Yangg|fisherman-gen4|1322\n|teamsize|p1|6\n|teamsize|p2|6\n|gen|9\n|tier|[Gen 9] VGC 2023 Regulation C\n|rated|\n|rule|Species Clause: Limit one of each Pok\u00e9mon\n|rule|Item Clause: Limit one of each item\n|clearpoke\n|poke|p1|Roaring Moon, L50|\n|poke|p1|Gholdengo, L50|\n|poke|p1|Flutter Mane, L50|\n|poke|p1|Amoonguss, L50, F|\n|poke|p1|Iron Hands, L50|\n|poke|p1|Palafin, L50, M|\n|poke|p2|Bellibolt, L50, F|\n|poke|p2|Scizor, L50, F|\n|poke|p2|Flutter Mane, L50|\n|poke|p2|Wo-Chien, L50|\n|poke|p2|Arcanine, L50, F|\n|poke|p2|Baxcalibur, L50, F|\n|teampreview|4\n|j| ampboy\n|inactive|Battle timer is ON: inactive players will automatically lose when time's up. (requested by Wow_Yangg)\n|\n|t:|1683558296\n|start\n|switch|p1a: Roaring Moon|Roaring Moon, L50|100\/100\n|switch|p1b: Flutter Mane|Flutter Mane, L50|100\/100\n|switch|p2a: Arcanine|Arcanine, L50, F|100\/100\n|switch|p2b: Bellibolt|Bellibolt, L50, F|100\/100\n|-ability|p2a: Arcanine|Intimidate|boost\n|-unboost|p1a: Roaring Moon|atk|1\n|-unboost|p1b: Flutter Mane|atk|1\n|-enditem|p1a: Roaring Moon|Booster Energy\n|-activate|p1a: Roaring Moon|ability: Protosynthesis|[fromitem]\n|-start|p1a: Roaring Moon|protosynthesisspe\n|turn|1\n|\n|t:|1683558310\n|move|p2a: Arcanine|Protect|p2a: Arcanine\n|-singleturn|p2a: Arcanine|Protect\n|move|p1a: Roaring Moon|Tailwind|p1a: Roaring Moon\n|-sidestart|p1: SeaWolfMikess|move: Tailwind\n|move|p1b: Flutter Mane|Shadow Ball|p2a: Arcanine\n|-activate|p2a: Arcanine|move: Protect\n|move|p2b: Bellibolt|Parabolic Charge|p1a: Roaring Moon|[spread] p1a,p1b\n|-activate|p2a: Arcanine|move: Protect\n|-resisted|p1a: Roaring Moon\n|-damage|p1a: Roaring Moon|90\/100\n|-damage|p1b: Flutter Mane|79\/100\n|\n|upkeep\n|turn|2\n|inactive|SeaWolfMikess has 30 seconds left.\n|\n|t:|1683558341\n|-end|p1b: Flutter Mane|Protosynthesis|[silent]\n|switch|p1b: Iron Hands|Iron Hands, L50|100\/100\n|switch|p2a: Wo-Chien|Wo-Chien, L50|100\/100\n|-ability|p2a: Wo-Chien|Tablets of Ruin\n|move|p1a: Roaring Moon|Acrobatics|p2a: Wo-Chien\n|-supereffective|p2a: Wo-Chien\n|-damage|p2a: Wo-Chien|65\/100\n|move|p2b: Bellibolt|Parabolic Charge|p1b: Iron Hands|[spread] p2a,p1a,p1b\n|-resisted|p2a: Wo-Chien\n|-resisted|p1a: Roaring Moon\n|-crit|p1a: Roaring Moon\n|-resisted|p1b: Iron Hands\n|-damage|p2a: Wo-Chien|57\/100\n|-damage|p1a: Roaring Moon|73\/100\n|-damage|p1b: Iron Hands|94\/100\n|\n|-heal|p2a: Wo-Chien|64\/100|[from] item: Leftovers\n|upkeep\n|turn|3\n|\n|t:|1683558360\n|-end|p1a: Roaring Moon|Protosynthesis|[silent]\n|switch|p1a: Amoonguss|Amoonguss, L50, F|100\/100\n|move|p2a: Wo-Chien|Protect|p2a: Wo-Chien\n|-singleturn|p2a: Wo-Chien|Protect\n|move|p1b: Iron Hands|Drain Punch|p2a: Wo-Chien\n|-activate|p2a: Wo-Chien|move: Protect\n|move|p2b: Bellibolt|Parabolic Charge|p1b: Iron Hands|[spread] p1a,p1b\n|-activate|p2a: Wo-Chien|move: Protect\n|-resisted|p1a: Amoonguss\n|-resisted|p1b: Iron Hands\n|-damage|p1a: Amoonguss|92\/100\n|-damage|p1b: Iron Hands|87\/100\n|\n|-heal|p2a: Wo-Chien|70\/100|[from] item: Leftovers\n|upkeep\n|turn|4\n|\n|t:|1683558377\n|switch|p2a: Arcanine|Arcanine, L50, F|100\/100\n|-ability|p2a: Arcanine|Intimidate|boost\n|-unboost|p1a: Amoonguss|atk|1\n|-unboost|p1b: Iron Hands|atk|1\n|move|p1b: Iron Hands|Drain Punch|p2a: Arcanine\n|-damage|p2a: Arcanine|60\/100\n|-heal|p1b: Iron Hands|99\/100|[from] drain|[of] p2a: Arcanine\n|move|p1a: Amoonguss|Spore|p2b: Bellibolt\n|-status|p2b: Bellibolt|slp|[from] move: Spore\n|cant|p2b: Bellibolt|slp\n|\n|-sideend|p1: SeaWolfMikess|move: Tailwind\n|upkeep\n|turn|5\n|inactive|SeaWolfMikess has 30 seconds left.\n|\n|t:|1683558406\n|switch|p1a: Roaring Moon|Roaring Moon, L50|73\/100\n|move|p2a: Arcanine|Will-O-Wisp|p1b: Iron Hands\n|-status|p1b: Iron Hands|brn\n|move|p1b: Iron Hands|Volt Switch|p2a: Arcanine\n|-damage|p2a: Arcanine|42\/100\n|\n|t:|1683558416\n|-end|p1b: Iron Hands|Quark Drive|[silent]\n|switch|p1b: Flutter Mane|Flutter Mane, L50|79\/100|[from] Volt Switch\n|cant|p2b: Bellibolt|slp\n|\n|upkeep\n|turn|6\n|\n|t:|1683558438\n|-terastallize|p1b: Flutter Mane|Fairy\n|move|p2a: Arcanine|Protect|p2a: Arcanine\n|-singleturn|p2a: Arcanine|Protect\n|move|p1a: Roaring Moon|Acrobatics|p2a: Arcanine\n|-activate|p2a: Arcanine|move: Protect\n|move|p1b: Flutter Mane|Moonblast|p2b: Bellibolt\n|-damage|p2b: Bellibolt|31\/100 slp\n|-start|p2b: Bellibolt|Charge|Moonblast|[from] ability: Electromorphosis\n|-curestatus|p2b: Bellibolt|slp|[msg]\n|move|p2b: Bellibolt|Parabolic Charge|p1a: Roaring Moon|[spread] p1a,p1b\n|-activate|p2a: Arcanine|move: Protect\n|-resisted|p1a: Roaring Moon\n|-damage|p1a: Roaring Moon|54\/100\n|-heal|p2b: Bellibolt|40\/100|[from] drain|[of] p1a: Roaring Moon\n|-damage|p1b: Flutter Mane|44\/100\n|-heal|p2b: Bellibolt|53\/100|[from] drain|[of] p1b: Flutter Mane\n|-end|p2b: Bellibolt|Charge|[silent]\n|\n|upkeep\n|turn|7\n|\n|t:|1683558461\n|move|p2a: Arcanine|Extreme Speed|p1b: Flutter Mane\n|-damage|p1b: Flutter Mane|7\/100\n|move|p2b: Bellibolt|Sucker Punch|p1b: Flutter Mane\n|-resisted|p1b: Flutter Mane\n|-damage|p1b: Flutter Mane|0 fnt\n|faint|p1b: Flutter Mane\n|-end|p1b: Flutter Mane|Protosynthesis|[silent]\n|move|p1a: Roaring Moon|Acrobatics|p2a: Arcanine\n|-damage|p2a: Arcanine|0 fnt\n|faint|p2a: Arcanine\n|\n|upkeep\n|\n|t:|1683558474\n|switch|p2a: Baxcalibur|Baxcalibur, L50, F|100\/100\n|switch|p1b: Amoonguss|Amoonguss, L50, F|100\/100\n|turn|8\n|\n|t:|1683558481\n|-end|p1a: Roaring Moon|Protosynthesis|[silent]\n|switch|p1a: Iron Hands|Iron Hands, L50|99\/100 brn\n|move|p2a: Baxcalibur|Protect|p2a: Baxcalibur\n|-singleturn|p2a: Baxcalibur|Protect\n|move|p2b: Bellibolt|Parabolic Charge|p1b: Amoonguss|[spread] p1a,p1b\n|-activate|p2a: Baxcalibur|move: Protect\n|-resisted|p1a: Iron Hands\n|-resisted|p1b: Amoonguss\n|-damage|p1a: Iron Hands|94\/100 brn\n|-heal|p2b: Bellibolt|57\/100|[from] drain|[of] p1a: Iron Hands\n|-damage|p1b: Amoonguss|92\/100\n|-heal|p2b: Bellibolt|62\/100|[from] drain|[of] p1b: Amoonguss\n|move|p1b: Amoonguss|Spore|p2b: Bellibolt\n|-status|p2b: Bellibolt|slp|[from] move: Spore\n|\n|-damage|p1a: Iron Hands|88\/100 brn|[from] brn\n|upkeep\n|turn|9\n|\n|t:|1683558502\n|switch|p2a: Wo-Chien|Wo-Chien, L50|70\/100\n|-ability|p2a: Wo-Chien|Tablets of Ruin\n|move|p1a: Iron Hands|Drain Punch|p2a: Wo-Chien\n|-supereffective|p2a: Wo-Chien\n|-damage|p2a: Wo-Chien|42\/100\n|-heal|p1a: Iron Hands|99\/100 brn|[from] drain|[of] p2a: Wo-Chien\n|cant|p2b: Bellibolt|slp\n|move|p1b: Amoonguss|Spore|p2a: Wo-Chien\n|-immune|p2a: Wo-Chien\n|\n|-heal|p2a: Wo-Chien|48\/100|[from] item: Leftovers\n|-damage|p1a: Iron Hands|93\/100 brn|[from] brn\n|upkeep\n|turn|10\n|\n|t:|1683558516\n|move|p2a: Wo-Chien|Protect|p2a: Wo-Chien\n|-singleturn|p2a: Wo-Chien|Protect\n|move|p1a: Iron Hands|Drain Punch|p2a: Wo-Chien\n|-activate|p2a: Wo-Chien|move: Protect\n|-curestatus|p2b: Bellibolt|slp|[msg]\n|move|p2b: Bellibolt|Parabolic Charge|p1b: Amoonguss|[spread] p1a,p1b\n|-activate|p2a: Wo-Chien|move: Protect\n|-resisted|p1a: Iron Hands\n|-resisted|p1b: Amoonguss\n|-damage|p1a: Iron Hands|87\/100 brn\n|-heal|p2b: Bellibolt|66\/100|[from] drain|[of] p1a: Iron Hands\n|-damage|p1b: Amoonguss|84\/100\n|-heal|p2b: Bellibolt|70\/100|[from] drain|[of] p1b: Amoonguss\n|move|p1b: Amoonguss|Pollen Puff|p2a: Wo-Chien\n|-activate|p2a: Wo-Chien|move: Protect\n|\n|-heal|p2a: Wo-Chien|54\/100|[from] item: Leftovers\n|-damage|p1a: Iron Hands|81\/100 brn|[from] brn\n|upkeep\n|turn|11\n|\n|t:|1683558539\n|-terastallize|p2a: Wo-Chien|Poison\n|move|p2a: Wo-Chien|Leech Seed|p1a: Iron Hands\n|-start|p1a: Iron Hands|move: Leech Seed\n|move|p1a: Iron Hands|Drain Punch|p2a: Wo-Chien\n|-resisted|p2a: Wo-Chien\n|-damage|p2a: Wo-Chien|47\/100\n|-heal|p1a: Iron Hands|84\/100 brn|[from] drain|[of] p2a: Wo-Chien\n|move|p2b: Bellibolt|Parabolic Charge|p1a: Iron Hands|[spread] p2a,p1a,p1b\n|-resisted|p1a: Iron Hands\n|-resisted|p1b: Amoonguss\n|-damage|p2a: Wo-Chien|33\/100\n|-heal|p2b: Bellibolt|77\/100|[from] drain|[of] p2a: Wo-Chien\n|-damage|p1a: Iron Hands|76\/100 brn\n|-heal|p2b: Bellibolt|81\/100|[from] drain|[of] p1a: Iron Hands\n|-damage|p1b: Amoonguss|75\/100\n|-heal|p2b: Bellibolt|86\/100|[from] drain|[of] p1b: Amoonguss\n|move|p1b: Amoonguss|Spore|p2b: Bellibolt\n|-status|p2b: Bellibolt|slp|[from] move: Spore\n|\n|-heal|p2a: Wo-Chien|39\/100|[from] item: Leftovers\n|-damage|p1a: Iron Hands|64\/100 brn|[from] Leech Seed|[of] p2a: Wo-Chien\n|-heal|p2a: Wo-Chien|55\/100|[silent]\n|-damage|p1a: Iron Hands|58\/100 brn|[from] brn\n|upkeep\n|turn|12\n|inactive|SeaWolfMikess has 30 seconds left.\n|inactive|Wow_Yangg has 30 seconds left.\n|\n|t:|1683558573\n|move|p2a: Wo-Chien|Leech Seed||[still]\n|-fail|p2a: Wo-Chien\n|move|p1a: Iron Hands|Wild Charge|p2a: Wo-Chien\n|-damage|p2a: Wo-Chien|37\/100\n|-damage|p1a: Iron Hands|55\/100 brn|[from] Recoil\n|cant|p2b: Bellibolt|slp\n|move|p1b: Amoonguss|Pollen Puff|p1a: Iron Hands\n|-heal|p1a: Iron Hands|100\/100 brn\n|\n|-heal|p2a: Wo-Chien|44\/100|[from] item: Leftovers\n|-damage|p1a: Iron Hands|88\/100 brn|[from] Leech Seed|[of] p2a: Wo-Chien\n|-heal|p2a: Wo-Chien|60\/100|[silent]\n|-damage|p1a: Iron Hands|82\/100 brn|[from] brn\n|upkeep\n|turn|13\n|\n|t:|1683558591\n|-end|p1a: Iron Hands|Quark Drive|[silent]\n|switch|p1a: Roaring Moon|Roaring Moon, L50|54\/100\n|move|p2a: Wo-Chien|Protect|p2a: Wo-Chien\n|-singleturn|p2a: Wo-Chien|Protect\n|cant|p2b: Bellibolt|slp\n|move|p1b: Amoonguss|Pollen Puff|p1a: Roaring Moon\n|-heal|p1a: Roaring Moon|100\/100\n|\n|-heal|p2a: Wo-Chien|66\/100|[from] item: Leftovers\n|upkeep\n|turn|14\n|inactive|SeaWolfMikess has 30 seconds left.\n|\n|t:|1683558618\n|switch|p2b: Baxcalibur|Baxcalibur, L50, F|100\/100\n|move|p1a: Roaring Moon|Acrobatics|p2a: Wo-Chien\n|-damage|p2a: Wo-Chien|43\/100\n|move|p2a: Wo-Chien|Leech Seed|p1a: Roaring Moon\n|-start|p1a: Roaring Moon|move: Leech Seed\n|move|p1b: Amoonguss|Spore|p2a: Wo-Chien\n|-status|p2a: Wo-Chien|slp|[from] move: Spore\n|\n|-heal|p2a: Wo-Chien|49\/100 slp|[from] item: Leftovers\n|-damage|p1a: Roaring Moon|88\/100|[from] Leech Seed|[of] p2a: Wo-Chien\n|-heal|p2a: Wo-Chien|61\/100 slp|[silent]\n|upkeep\n|turn|15\n|\n|t:|1683558640\n|move|p1a: Roaring Moon|Breaking Swipe|p2a: Wo-Chien|[spread] p2a,p2b\n|-supereffective|p2b: Baxcalibur\n|-damage|p2a: Wo-Chien|47\/100 slp\n|-damage|p2b: Baxcalibur|72\/100\n|-unboost|p2a: Wo-Chien|atk|1\n|-unboost|p2b: Baxcalibur|atk|1\n|move|p2b: Baxcalibur|Icicle Spear|p1b: Amoonguss\n|-supereffective|p1b: Amoonguss\n|-damage|p1b: Amoonguss|61\/100\n|-supereffective|p1b: Amoonguss\n|-damage|p1b: Amoonguss|47\/100\n|-enditem|p1b: Amoonguss|Sitrus Berry|[eat]\n|-heal|p1b: Amoonguss|72\/100|[from] item: Sitrus Berry\n|-supereffective|p1b: Amoonguss\n|-damage|p1b: Amoonguss|59\/100\n|-supereffective|p1b: Amoonguss\n|-damage|p1b: Amoonguss|44\/100\n|-hitcount|p1b: Amoonguss|4\n|cant|p2a: Wo-Chien|slp\n|move|p1b: Amoonguss|Spore|p2b: Baxcalibur\n|-status|p2b: Baxcalibur|slp|[from] move: Spore\n|\n|-heal|p2a: Wo-Chien|54\/100 slp|[from] item: Leftovers\n|-damage|p1a: Roaring Moon|75\/100|[from] Leech Seed|[of] p2a: Wo-Chien\n|-heal|p2a: Wo-Chien|66\/100 slp|[silent]\n|upkeep\n|turn|16\n|inactive|SeaWolfMikess has 30 seconds left.\n|\n|t:|1683558669\n|-end|p1a: Roaring Moon|Protosynthesis|[silent]\n|switch|p1a: Iron Hands|Iron Hands, L50|82\/100 brn\n|switch|p2b: Bellibolt|Bellibolt, L50, F|86\/100 slp\n|cant|p2a: Wo-Chien|slp\n|move|p1b: Amoonguss|Pollen Puff|p2b: Bellibolt\n|-damage|p2b: Bellibolt|73\/100 slp\n|-start|p2b: Bellibolt|Charge|Pollen Puff|[from] ability: Electromorphosis\n|\n|-heal|p2a: Wo-Chien|72\/100 slp|[from] item: Leftovers\n|-damage|p1a: Iron Hands|76\/100 brn|[from] brn\n|upkeep\n|turn|17\n|\n|t:|1683558682\n|switch|p1b: Roaring Moon|Roaring Moon, L50|75\/100\n|-curestatus|p2a: Wo-Chien|slp|[msg]\n|move|p2a: Wo-Chien|Leech Seed|p1a: Iron Hands\n|-start|p1a: Iron Hands|move: Leech Seed\n|move|p1a: Iron Hands|Drain Punch|p2b: Bellibolt\n|-damage|p2b: Bellibolt|59\/100 slp\n|-heal|p1a: Iron Hands|82\/100 brn|[from] drain|[of] p2b: Bellibolt\n|-start|p2b: Bellibolt|Charge|Drain Punch|[from] ability: Electromorphosis\n|cant|p2b: Bellibolt|slp\n|-end|p2b: Bellibolt|Charge|[silent]\n|\n|-heal|p2a: Wo-Chien|78\/100|[from] item: Leftovers\n|-damage|p1a: Iron Hands|70\/100 brn|[from] Leech Seed|[of] p2a: Wo-Chien\n|-heal|p2a: Wo-Chien|94\/100|[silent]\n|-damage|p1a: Iron Hands|64\/100 brn|[from] brn\n|upkeep\n|turn|18\n|\n|t:|1683558696\n|switch|p2a: Baxcalibur|Baxcalibur, L50, F|72\/100 slp\n|-end|p1a: Iron Hands|Quark Drive|[silent]\n|switch|p1a: Amoonguss|Amoonguss, L50, F|77\/100\n|move|p1b: Roaring Moon|Acrobatics|p2a: Baxcalibur\n|-damage|p2a: Baxcalibur|39\/100 slp\n|-curestatus|p2b: Bellibolt|slp|[msg]\n|move|p2b: Bellibolt|Parabolic Charge|p1a: Amoonguss|[spread] p2a,p1a,p1b\n|-resisted|p2a: Baxcalibur\n|-resisted|p1a: Amoonguss\n|-resisted|p1b: Roaring Moon\n|-damage|p2a: Baxcalibur|29\/100 slp\n|-heal|p2b: Bellibolt|64\/100|[from] drain|[of] p2a: Baxcalibur\n|-damage|p1a: Amoonguss|69\/100\n|-heal|p2b: Bellibolt|69\/100|[from] drain|[of] p1a: Amoonguss\n|-damage|p1b: Roaring Moon|66\/100\n|-heal|p2b: Bellibolt|73\/100|[from] drain|[of] p1b: Roaring Moon\n|\n|upkeep\n|turn|19\n|\n|t:|1683558718\n|switch|p2a: Wo-Chien|Wo-Chien, L50, tera:Poison|94\/100\n|-ability|p2a: Wo-Chien|Tablets of Ruin\n|move|p1b: Roaring Moon|Acrobatics|p2a: Wo-Chien\n|-damage|p2a: Wo-Chien|69\/100\n|move|p2b: Bellibolt|Muddy Water|p1a: Amoonguss|[spread] p1a,p1b\n|-resisted|p1a: Amoonguss\n|-resisted|p1b: Roaring Moon\n|-damage|p1a: Amoonguss|60\/100\n|-damage|p1b: Roaring Moon|55\/100\n|-unboost|p1b: Roaring Moon|accuracy|1\n|move|p1a: Amoonguss|Spore|p2b: Bellibolt\n|-status|p2b: Bellibolt|slp|[from] move: Spore\n|\n|-heal|p2a: Wo-Chien|75\/100|[from] item: Leftovers\n|upkeep\n|turn|20\n|inactive|SeaWolfMikess has 30 seconds left.\n|inactive|SeaWolfMikess has 20 seconds left.\n|\n|t:|1683558755\n|move|p1b: Roaring Moon|Protect|p1b: Roaring Moon\n|-singleturn|p1b: Roaring Moon|Protect\n|move|p2a: Wo-Chien|Leech Seed|p1b: Roaring Moon\n|-activate|p1b: Roaring Moon|move: Protect\n|cant|p2b: Bellibolt|slp\n|move|p1a: Amoonguss|Spore|p2a: Wo-Chien\n|-status|p2a: Wo-Chien|slp|[from] move: Spore\n|\n|-heal|p2a: Wo-Chien|81\/100 slp|[from] item: Leftovers\n|upkeep\n|turn|21\n|\n|t:|1683558768\n|-end|p1b: Roaring Moon|Protosynthesis|[silent]\n|switch|p1b: Iron Hands|Iron Hands, L50|64\/100 brn\n|cant|p2a: Wo-Chien|slp\n|cant|p2b: Bellibolt|slp\n|move|p1a: Amoonguss|Pollen Puff|p1b: Iron Hands\n|-heal|p1b: Iron Hands|100\/100 brn\n|\n|-heal|p2a: Wo-Chien|87\/100 slp|[from] item: Leftovers\n|-damage|p1b: Iron Hands|95\/100 brn|[from] brn\n|upkeep\n|turn|22\n|\n|t:|1683558786\n|cant|p2a: Wo-Chien|slp\n|move|p1b: Iron Hands|Drain Punch|p2b: Bellibolt\n|-damage|p2b: Bellibolt|60\/100 slp\n|-heal|p1b: Iron Hands|99\/100 brn|[from] drain|[of] p2b: Bellibolt\n|-start|p2b: Bellibolt|Charge|Drain Punch|[from] ability: Electromorphosis\n|-curestatus|p2b: Bellibolt|slp|[msg]\n|move|p2b: Bellibolt|Parabolic Charge|p1a: Amoonguss|[spread] p2a,p1a,p1b\n|-resisted|p1a: Amoonguss\n|-resisted|p1b: Iron Hands\n|-damage|p2a: Wo-Chien|61\/100 slp\n|-heal|p2b: Bellibolt|73\/100|[from] drain|[of] p2a: Wo-Chien\n|-damage|p1a: Amoonguss|43\/100\n|-heal|p2b: Bellibolt|82\/100|[from] drain|[of] p1a: Amoonguss\n|-damage|p1b: Iron Hands|86\/100 brn\n|-heal|p2b: Bellibolt|91\/100|[from] drain|[of] p1b: Iron Hands\n|-end|p2b: Bellibolt|Charge|[silent]\n|move|p1a: Amoonguss|Pollen Puff|p2b: Bellibolt\n|-damage|p2b: Bellibolt|79\/100\n|-start|p2b: Bellibolt|Charge|Pollen Puff|[from] ability: Electromorphosis\n|\n|-heal|p2a: Wo-Chien|67\/100 slp|[from] item: Leftovers\n|-damage|p1b: Iron Hands|80\/100 brn|[from] brn\n|upkeep\n|turn|23\n|inactive|SeaWolfMikess has 30 seconds left.\n|inactive|SeaWolfMikess has 20 seconds left.\n|\n|t:|1683558806\n|switch|p1a: Roaring Moon|Roaring Moon, L50|55\/100\n|-curestatus|p2a: Wo-Chien|slp|[msg]\n|move|p2a: Wo-Chien|Leech Seed|p1b: Iron Hands|[miss]\n|-miss|p2a: Wo-Chien|p1b: Iron Hands\n|move|p1b: Iron Hands|Volt Switch|p2b: Bellibolt\n|-resisted|p2b: Bellibolt\n|-damage|p2b: Bellibolt|74\/100\n|-start|p2b: Bellibolt|Charge|Volt Switch|[from] ability: Electromorphosis\n|inactive|SeaWolfMikess has 20 seconds left this turn.\n|inactive|SeaWolfMikess has 15 seconds left.\n|\n|t:|1683558813\n|-end|p1b: Iron Hands|Quark Drive|[silent]\n|switch|p1b: Amoonguss|Amoonguss, L50, F|76\/100|[from] Volt Switch\n|move|p2b: Bellibolt|Muddy Water|p1b: Amoonguss|[spread] p1a,p1b\n|-resisted|p1a: Roaring Moon\n|-resisted|p1b: Amoonguss\n|-damage|p1a: Roaring Moon|46\/100\n|-damage|p1b: Amoonguss|68\/100\n|\n|-heal|p2a: Wo-Chien|73\/100|[from] item: Leftovers\n|upkeep\n|turn|24\n|inactive|SeaWolfMikess has 15 seconds left this turn.\n|inactive|SeaWolfMikess has 10 seconds left.\n|inactive|SeaWolfMikess has 5 seconds left.\n|\n|t:|1683558825\n|move|p1a: Roaring Moon|Acrobatics|p2a: Wo-Chien\n|-damage|p2a: Wo-Chien|49\/100\n|move|p2a: Wo-Chien|Pollen Puff|p1b: Amoonguss\n|-damage|p1b: Amoonguss|53\/100\n|move|p2b: Bellibolt|Muddy Water|p1b: Amoonguss|[spread] p1b\n|-miss|p2b: Bellibolt|p1a: Roaring Moon\n|-resisted|p1b: Amoonguss\n|-damage|p1b: Amoonguss|45\/100\n|move|p1b: Amoonguss|Pollen Puff|p1a: Roaring Moon\n|-heal|p1a: Roaring Moon|96\/100\n|\n|-heal|p2a: Wo-Chien|55\/100|[from] item: Leftovers\n|upkeep\n|turn|25\n|inactive|SeaWolfMikess has 5 seconds left this turn.\n|-message|SeaWolfMikess lost due to inactivity.\n|\n|win|Wow_Yangg\n|raw|SeaWolfMikess's rating: 1402 → 1377<\/strong> (-25 for losing)\n|raw|Wow_Yangg's rating: 1322 → 1347<\/strong> (+25 for winning)\n|l|\u2606SeaWolfMikess\n","uploadtime":1683558840,"views":17,"p1id":"seawolfmikess","p2id":"wowyangg","formatid":"gen9vgc2023regulationc","rating":1347,"private":0,"password":""}