{"id":"gen9vgc2023regulationc-1857735441","p1":"izsingIV","p2":"Autumn0815","format":"[Gen 9] VGC 2023 Regulation C","log":"|j|\u2606izsingIV\n|j|\u2606Autumn0815\n|t:|1683226829\n|gametype|doubles\n|player|p1|izsingIV|giovanni|1144\n|player|p2|Autumn0815|lady|1177\n|teamsize|p1|6\n|teamsize|p2|6\n|gen|9\n|tier|[Gen 9] VGC 2023 Regulation C\n|rated|\n|rule|Species Clause: Limit one of each Pok\u00e9mon\n|rule|Item Clause: Limit one of each item\n|clearpoke\n|poke|p1|Flutter Mane, L50|\n|poke|p1|Chi-Yu, L50|\n|poke|p1|Roaring Moon, L50|\n|poke|p1|Wo-Chien, L50|\n|poke|p1|Torkoal, L50, M|\n|poke|p1|Jumpluff, L50, F|\n|poke|p2|Indeedee-F, L50, F|\n|poke|p2|Armarouge, L50, F|\n|poke|p2|Farigiraf, L50, F|\n|poke|p2|Iron Hands, L50|\n|poke|p2|Torkoal, L50, F|\n|poke|p2|Slither Wing, L50|\n|teampreview|4\n|inactive|Battle timer is ON: inactive players will automatically lose when time's up. (requested by Autumn0815)\nizsingIV rejected open team sheets.\n|c|\u2606Autumn0815|Good luck and have fun!\n|inactive|izsingIV has 60 seconds left.\n|\n|t:|1683226874\n|start\n|switch|p1a: Moonlight|Roaring Moon, L50|100\/100\n|switch|p1b: Mellow|Jumpluff, L50, F|100\/100\n|switch|p2a: Farigiraf|Farigiraf, L50, F|100\/100\n|switch|p2b: Iron Hands|Iron Hands, L50|100\/100\n|turn|1\n|c|\u2606izsingIV|good luck have\n|c|\u2606izsingIV|fun\n|inactive|izsingIV has 30 seconds left.\n|\n|t:|1683226906\n|-terastallize|p1a: Moonlight|Ground\n|move|p1b: Mellow|Protect|p1b: Mellow\n|-singleturn|p1b: Mellow|Protect\n|move|p2b: Iron Hands|Fake Out|p1a: Moonlight\n|-damage|p1a: Moonlight|79\/100\n|cant|p1a: Moonlight|flinch\n|move|p2a: Farigiraf|Trick Room|p2a: Farigiraf\n|-fieldstart|move: Trick Room|[of] p2a: Farigiraf\n|\n|upkeep\n|turn|2\n|\n|t:|1683226928\n|move|p2b: Iron Hands|Heavy Slam|p1b: Mellow\n|-damage|p1b: Mellow|38\/100\n|move|p2a: Farigiraf|Nasty Plot|p2a: Farigiraf\n|-boost|p2a: Farigiraf|spa|2\n|move|p1a: Moonlight|Earthquake|p2b: Iron Hands|[spread] p2a,p2b\n|-immune|p1b: Mellow\n|-supereffective|p2b: Iron Hands\n|-damage|p2a: Farigiraf|57\/100\n|-damage|p2b: Iron Hands|40\/100\n|move|p1b: Mellow|Absorb|p1a: Moonlight\n|-supereffective|p1a: Moonlight\n|-damage|p1a: Moonlight|70\/100\n|-heal|p1b: Mellow|43\/100|[from] drain|[of] p1a: Moonlight\n|-enditem|p1a: Moonlight|Weakness Policy\n|-boost|p1a: Moonlight|atk|2|[from] item: Weakness Policy\n|-boost|p1a: Moonlight|spa|2|[from] item: Weakness Policy\n|\n|upkeep\n|turn|3\n|\n|t:|1683226951\n|move|p1b: Mellow|Rage Powder|p1b: Mellow\n|-singleturn|p1b: Mellow|move: Rage Powder\n|move|p2b: Iron Hands|Heavy Slam|p1b: Mellow\n|-damage|p1b: Mellow|0 fnt\n|faint|p1b: Mellow\n|move|p2a: Farigiraf|Twin Beam|p1a: Moonlight\n|-damage|p1a: Moonlight|32\/100\n|-damage|p1a: Moonlight|0 fnt\n|faint|p1a: Moonlight\n|-end|p1a: Moonlight|Protosynthesis|[silent]\n|-hitcount|p1: Moonlight|2\n|\n|upkeep\n|\n|t:|1683226965\n|switch|p1a: Butterfly|Flutter Mane, L50|100\/100\n|switch|p1b: Fire Man|Torkoal, L50, M|100\/100\n|-weather|SunnyDay|[from] ability: Drought|[of] p1b: Fire Man\n|-activate|p1a: Butterfly|ability: Protosynthesis\n|-start|p1a: Butterfly|protosynthesisspa\n|turn|4\n|\n|t:|1683226978\n|move|p1b: Fire Man|Eruption|p2b: Iron Hands|[spread] p2a,p2b\n|-damage|p2a: Farigiraf|0 fnt\n|-damage|p2b: Iron Hands|0 fnt\n|faint|p2a: Farigiraf\n|faint|p2b: Iron Hands\n|-end|p2b: Iron Hands|Quark Drive|[silent]\n|move|p1a: Butterfly|Shadow Ball|p2: Farigiraf|[notarget]\n|-fail|p1a: Butterfly\n|\n|-weather|SunnyDay|[upkeep]\n|upkeep\n|\n|t:|1683226983\n|switch|p2b: Slither Wing|Slither Wing, L50|100\/100\n|switch|p2a: Torkoal|Torkoal, L50, F|100\/100\n|-activate|p2b: Slither Wing|ability: Protosynthesis\n|-start|p2b: Slither Wing|protosynthesisatk\n|turn|5\n|\n|t:|1683227001\n|-terastallize|p2b: Slither Wing|Fire\n|move|p2b: Slither Wing|First Impression|p1b: Fire Man\n|-resisted|p1b: Fire Man\n|-damage|p1b: Fire Man|73\/100\n|move|p2a: Torkoal|Eruption|p1b: Fire Man|[spread] p1a,p1b\n|-resisted|p1b: Fire Man\n|-damage|p1a: Butterfly|24\/100\n|-damage|p1b: Fire Man|13\/100\n|move|p1b: Fire Man|Eruption|p2b: Slither Wing|[spread] p2a,p2b\n|-resisted|p2a: Torkoal\n|-resisted|p2b: Slither Wing\n|-damage|p2a: Torkoal|92\/100\n|-damage|p2b: Slither Wing|94\/100\n|move|p1a: Butterfly|Dazzling Gleam|p2b: Slither Wing|[spread] p2a,p2b\n|-resisted|p2a: Torkoal\n|-resisted|p2b: Slither Wing\n|-damage|p2a: Torkoal|70\/100\n|-damage|p2b: Slither Wing|80\/100\n|\n|-weather|SunnyDay|[upkeep]\n|-fieldend|move: Trick Room\n|upkeep\n|turn|6\n|inactive|izsingIV has 30 seconds left.\n|c|\u2606Autumn0815|GG!\n|-message|izsingIV forfeited.\n|\n|win|Autumn0815\n|raw|izsingIV's rating: 1144 → 1121<\/strong> (-23 for losing)\n|raw|Autumn0815's rating: 1177 → 1200<\/strong> (+23 for winning)\n|l|\u2606izsingIV\n","uploadtime":1683227041,"views":12,"p1id":"izsingiv","p2id":"autumn0815","formatid":"gen9vgc2023regulationc","rating":1121,"private":0,"password":""}