{"id":"gen9vgc2023regulationc-1862545286","p1":"Bardo52","p2":"Broskander","format":"[Gen 9] VGC 2023 Regulation C","log":"|j|\u2606Bardo52\n|j|\u2606Broskander\n|t:|1683899404\n|gametype|doubles\n|player|p1|Bardo52|brycenman|1462\n|player|p2|Broskander|1|1377\n|teamsize|p1|6\n|teamsize|p2|6\n|gen|9\n|tier|[Gen 9] VGC 2023 Regulation C\n|rated|\n|rule|Species Clause: Limit one of each Pok\u00e9mon\n|rule|Item Clause: Limit one of each item\n|clearpoke\n|poke|p1|Great Tusk, L50|\n|poke|p1|Talonflame, L50, M|\n|poke|p1|Iron Bundle, L50|\n|poke|p1|Chi-Yu, L50|\n|poke|p1|Tyranitar, L50, F|\n|poke|p1|Amoonguss, L50, M|\n|poke|p2|Gyarados, L50, F|\n|poke|p2|Arcanine, L50, M|\n|poke|p2|Amoonguss, L50, F|\n|poke|p2|Flutter Mane, L50|\n|poke|p2|Ting-Lu, L50|\n|poke|p2|Kingambit, L50, M|\n|teampreview|4\n|inactive|Battle timer is ON: inactive players will automatically lose when time's up. (requested by Bardo52)\n|\n|t:|1683899442\n|start\n|switch|p1a: RobotChicken|Iron Bundle, L50|100\/100\n|switch|p1b: Smiles Back|Chi-Yu, L50|100\/100\n|switch|p2a: Gyarados|Gyarados, L50, F|100\/100\n|switch|p2b: Kingambit|Kingambit, L50, M|100\/100\n|-ability|p1b: Smiles Back|Beads of Ruin\n|-ability|p2a: Gyarados|Intimidate|boost\n|-unboost|p1a: RobotChicken|atk|1\n|-unboost|p1b: Smiles Back|atk|1\n|-enditem|p1a: RobotChicken|Booster Energy\n|-activate|p1a: RobotChicken|ability: Quark Drive|[fromitem]\n|-start|p1a: RobotChicken|quarkdrivespe\n|turn|1\n|inactive|Broskander has 30 seconds left.\n|\n|t:|1683899468\n|switch|p2a: Ting-Lu|Ting-Lu, L50|100\/100\n|-ability|p2a: Ting-Lu|Vessel of Ruin\n|-terastallize|p2b: Kingambit|Flying\n|move|p1a: RobotChicken|Freeze-Dry|p2a: Ting-Lu\n|-supereffective|p2a: Ting-Lu\n|-damage|p2a: Ting-Lu|67\/100\n|move|p1b: Smiles Back|Flamethrower|p2b: Kingambit\n|-damage|p2b: Kingambit|36\/100\n|move|p2b: Kingambit|Iron Head|p1a: RobotChicken\n|-damage|p1a: RobotChicken|48\/100\n|\n|upkeep\n|turn|2\n|inactive|Bardo52 has 30 seconds left.\n|inactive|Bardo52 has 20 seconds left.\n|inactive|Bardo52 has 15 seconds left.\n|inactive|Bardo52 has 10 seconds left.\n|\n|t:|1683899515\n|move|p2b: Kingambit|Sucker Punch|p1a: RobotChicken\n|-damage|p1a: RobotChicken|0 fnt\n|faint|p1a: RobotChicken\n|-end|p1a: RobotChicken|Quark Drive|[silent]\n|move|p1b: Smiles Back|Flamethrower|p2b: Kingambit\n|-damage|p2b: Kingambit|0 fnt\n|faint|p2b: Kingambit\n|move|p2a: Ting-Lu|Earthquake|p1b: Smiles Back\n|-supereffective|p1b: Smiles Back\n|-crit|p1b: Smiles Back\n|-damage|p1b: Smiles Back|0 fnt\n|faint|p1b: Smiles Back\n|\n|upkeep\n|\n|t:|1683899531\n|switch|p1a: Tuskar|Great Tusk, L50|100\/100\n|switch|p1b: The Thing|Tyranitar, L50, F|100\/100\n|switch|p2b: Arcanine|Arcanine, L50, M|100\/100\n|-ability|p2b: Arcanine|Intimidate|boost\n|-unboost|p1a: Tuskar|atk|1\n|-unboost|p1b: The Thing|atk|1\n|-weather|Sandstorm|[from] ability: Sand Stream|[of] p1b: The Thing\n|turn|3\n|inactive|Bardo52 has 30 seconds left.\n|\n|t:|1683899560\n|switch|p2a: Gyarados|Gyarados, L50, F|100\/100\n|-ability|p2a: Gyarados|Intimidate|boost\n|-unboost|p1a: Tuskar|atk|1\n|-unboost|p1b: The Thing|atk|1\n|-terastallize|p1b: The Thing|Flying\n|move|p1a: Tuskar|Headlong Rush|p2b: Arcanine\n|-supereffective|p2b: Arcanine\n|-damage|p2b: Arcanine|19\/100\n|-unboost|p1a: Tuskar|def|1\n|-unboost|p1a: Tuskar|spd|1\n|move|p2b: Arcanine|Will-O-Wisp|p1a: Tuskar\n|-status|p1a: Tuskar|brn\n|move|p1b: The Thing|Low Kick|p2a: Gyarados\n|-resisted|p2a: Gyarados\n|-damage|p2a: Gyarados|89\/100\n|\n|-weather|Sandstorm|[upkeep]\n|-damage|p2b: Arcanine|13\/100|[from] Sandstorm\n|-damage|p1b: The Thing|95\/100|[from] Sandstorm\n|-damage|p1a: Tuskar|94\/100 brn|[from] brn\n|upkeep\n|turn|4\n|inactive|Broskander has 30 seconds left.\n|\n|t:|1683899586\n|switch|p2b: Ting-Lu|Ting-Lu, L50|67\/100\n|-ability|p2b: Ting-Lu|Vessel of Ruin\n|move|p1a: Tuskar|Headlong Rush|p2b: Ting-Lu\n|-damage|p2b: Ting-Lu|55\/100\n|-unboost|p1a: Tuskar|def|1\n|-unboost|p1a: Tuskar|spd|1\n|move|p2a: Gyarados|Waterfall|p1a: Tuskar\n|-supereffective|p1a: Tuskar\n|-damage|p1a: Tuskar|0 fnt\n|faint|p1a: Tuskar\n|-end|p1a: Tuskar|Protosynthesis|[silent]\n|move|p1b: The Thing|Rock Slide|p2b: Ting-Lu|[spread] p2a,p2b\n|-supereffective|p2a: Gyarados\n|-crit|p2a: Gyarados\n|-resisted|p2b: Ting-Lu\n|-damage|p2a: Gyarados|0 fnt\n|-damage|p2b: Ting-Lu|50\/100\n|faint|p2a: Gyarados\n|\n|-weather|Sandstorm|[upkeep]\n|-damage|p1b: The Thing|89\/100|[from] Sandstorm\n|upkeep\n|\n|t:|1683899607\n|switch|p2a: Arcanine|Arcanine, L50, M|13\/100\n|-ability|p2a: Arcanine|Intimidate|boost\n|-unboost|p1b: The Thing|atk|1\n|turn|5\n|\n|t:|1683899624\n|move|p2a: Arcanine|Howl|p2a: Arcanine|[spread] p2a,p2b\n|-boost|p2a: Arcanine|atk|1\n|-boost|p2b: Ting-Lu|atk|1\n|move|p1b: The Thing|Crunch|p2a: Arcanine\n|-damage|p2a: Arcanine|0 fnt\n|faint|p2a: Arcanine\n|move|p2b: Ting-Lu|Payback|p1b: The Thing\n|-damage|p1b: The Thing|26\/100\n|\n|-weather|Sandstorm|[upkeep]\n|-damage|p1b: The Thing|20\/100|[from] Sandstorm\n|upkeep\n|turn|6\n|\n|t:|1683899639\n|move|p1b: The Thing|Low Kick|p2b: Ting-Lu\n|-supereffective|p2b: Ting-Lu\n|-damage|p2b: Ting-Lu|27\/100\n|move|p2b: Ting-Lu|Payback|p1b: The Thing\n|-damage|p1b: The Thing|0 fnt\n|faint|p1b: The Thing\n|\n|win|Broskander\n|raw|Bardo52's rating: 1462 → 1437<\/strong> (-25 for losing)\n|raw|Broskander's rating: 1377 → 1402<\/strong> (+25 for winning)\n|c|\u2606Broskander|Gg\n|l|\u2606Bardo52\n|l|\u2606Broskander\n|j|\u2606Broskander\n|player|p2|Broskander|1\n","uploadtime":1683899733,"views":11,"p1id":"bardo52","p2id":"broskander","formatid":"gen9vgc2023regulationc","rating":1402,"private":0,"password":""}