{"id":"gen9vgc2023regulationc-1847549009","p1":"loew","p2":"GB Seraphix","format":"[Gen 9] VGC 2023 Regulation C","log":"|j|\u2606loew\n|j|\u2606GB Seraphix\n|t:|1681971532\n|gametype|doubles\n|player|p1|loew|iris-gen5bw2|1202\n|player|p2|GB Seraphix|rosa|1162\n|teamsize|p1|6\n|teamsize|p2|6\n|gen|9\n|tier|[Gen 9] VGC 2023 Regulation C\n|rated|\n|rule|Species Clause: Limit one of each Pok\u00e9mon\n|rule|Item Clause: Limit one of each item\n|clearpoke\n|poke|p1|Magnezone, L50|\n|poke|p1|Wo-Chien, L50|\n|poke|p1|Flutter Mane, L50|\n|poke|p1|Iron Hands, L50|\n|poke|p1|Ting-Lu, L50|\n|poke|p1|Gyarados, L50, M|\n|poke|p2|Chi-Yu, L50|\n|poke|p2|Dachsbun, L50, F|\n|poke|p2|Flutter Mane, L50|\n|poke|p2|Baxcalibur, L50, M|\n|poke|p2|Amoonguss, L50, M|\n|poke|p2|Rotom-Wash, L50|\n|teampreview|4\n|\n|t:|1681971567\n|start\n|switch|p1a: Ting-Lu|Ting-Lu, L50|100\/100\n|switch|p1b: Iron Hands|Iron Hands, L50|100\/100\n|switch|p2a: Nemo|Chi-Yu, L50|100\/100\n|switch|p2b: Gardenia|Dachsbun, L50, F|100\/100\n|-ability|p2a: Nemo|Beads of Ruin\n|-ability|p1a: Ting-Lu|Vessel of Ruin\n|turn|1\n|\n|t:|1681971585\n|move|p2a: Nemo|Lava Plume|p1b: Iron Hands|[spread] p1a,p1b\n|-ability|p2b: Gardenia|Well-Baked Body|boost\n|-boost|p2b: Gardenia|def|2\n|-damage|p1a: Ting-Lu|81\/100\n|-damage|p1b: Iron Hands|84\/100\n|-status|p1b: Iron Hands|brn\n|move|p2b: Gardenia|Body Press|p1a: Ting-Lu\n|-supereffective|p1a: Ting-Lu\n|-damage|p1a: Ting-Lu|37\/100\n|-damage|p2b: Gardenia|84\/100|[from] item: Rocky Helmet|[of] p1a: Ting-Lu\n|move|p1b: Iron Hands|Thunder Punch|p2a: Nemo\n|-damage|p2a: Nemo|67\/100\n|move|p1a: Ting-Lu|Heavy Slam|p2b: Gardenia\n|-supereffective|p2b: Gardenia\n|-damage|p2b: Gardenia|52\/100\n|\n|-heal|p2b: Gardenia|58\/100|[from] item: Leftovers\n|-damage|p1b: Iron Hands|78\/100 brn|[from] brn\n|upkeep\n|turn|2\n|\n|t:|1681971610\n|-terastallize|p2b: Gardenia|Steel\n|move|p2a: Nemo|Lava Plume|p1a: Ting-Lu|[spread] p1a,p1b\n|-ability|p2b: Gardenia|Well-Baked Body|boost\n|-boost|p2b: Gardenia|def|2\n|-damage|p1a: Ting-Lu|16\/100\n|-damage|p1b: Iron Hands|62\/100 brn\n|move|p2b: Gardenia|Body Press|p1a: Ting-Lu\n|-supereffective|p1a: Ting-Lu\n|-damage|p1a: Ting-Lu|0 fnt\n|-damage|p2b: Gardenia|42\/100|[from] item: Rocky Helmet|[of] p1a: Ting-Lu\n|faint|p1a: Ting-Lu\n|move|p1b: Iron Hands|Drain Punch|p2a: Nemo\n|-supereffective|p2a: Nemo\n|-damage|p2a: Nemo|0 fnt\n|-heal|p1b: Iron Hands|81\/100 brn|[from] drain|[of] p2a: Nemo\n|faint|p2a: Nemo\n|\n|-heal|p2b: Gardenia|48\/100|[from] item: Leftovers\n|-damage|p1b: Iron Hands|75\/100 brn|[from] brn\n|upkeep\n|\n|t:|1681971633\n|switch|p2a: BB|Flutter Mane, L50|100\/100\n|switch|p1a: Wo-Chien|Wo-Chien, L50|100\/100\n|-ability|p1a: Wo-Chien|Tablets of Ruin\n|-enditem|p2a: BB|Booster Energy\n|-activate|p2a: BB|ability: Protosynthesis|[fromitem]\n|-start|p2a: BB|protosynthesisspe\n|turn|3\n|\n|t:|1681971652\n|move|p2a: BB|Moonblast|p1b: Iron Hands\n|-supereffective|p1b: Iron Hands\n|-damage|p1b: Iron Hands|23\/100 brn\n|move|p2b: Gardenia|Substitute|p2b: Gardenia\n|-start|p2b: Gardenia|Substitute\n|-damage|p2b: Gardenia|23\/100\n|move|p1a: Wo-Chien|Knock Off|p2a: BB\n|-damage|p2a: BB|62\/100\n|move|p1b: Iron Hands|Drain Punch|p2b: Gardenia\n|-supereffective|p2b: Gardenia\n|-activate|p2b: Gardenia|move: Substitute|[damage]\n|-heal|p1b: Iron Hands|27\/100 brn|[from] drain|[of] p2b: Gardenia\n|\n|-heal|p2b: Gardenia|29\/100|[from] item: Leftovers\n|-damage|p1b: Iron Hands|21\/100 brn|[from] brn\n|upkeep\n|turn|4\n|\n|t:|1681971675\n|move|p2a: BB|Moonblast|p1a: Wo-Chien\n|-supereffective|p1a: Wo-Chien\n|-damage|p1a: Wo-Chien|41\/100\n|-enditem|p1a: Wo-Chien|Sitrus Berry|[eat]\n|-heal|p1a: Wo-Chien|65\/100|[from] item: Sitrus Berry\n|move|p2b: Gardenia|Body Press|p1a: Wo-Chien\n|-supereffective|p1a: Wo-Chien\n|-damage|p1a: Wo-Chien|0 fnt\n|faint|p1a: Wo-Chien\n|move|p1b: Iron Hands|Thunder Punch|p2a: BB\n|-damage|p2a: BB|18\/100\n|\n|-heal|p2b: Gardenia|35\/100|[from] item: Leftovers\n|-damage|p1b: Iron Hands|15\/100 brn|[from] brn\n|upkeep\n|\n|t:|1681971687\n|switch|p1a: Magnezone|Magnezone, L50|100\/100\n|turn|5\n|\n|t:|1681971704\n|-terastallize|p1a: Magnezone|Flying\n|move|p2a: BB|Moonblast|p1b: Iron Hands\n|-supereffective|p1b: Iron Hands\n|-damage|p1b: Iron Hands|0 fnt\n|faint|p1b: Iron Hands\n|-end|p1b: Iron Hands|Quark Drive|[silent]\n|move|p2b: Gardenia|Body Press|p1a: Magnezone\n|-resisted|p1a: Magnezone\n|-damage|p1a: Magnezone|74\/100\n|move|p1a: Magnezone|Flash Cannon|p2a: BB\n|-supereffective|p2a: BB\n|-damage|p2a: BB|0 fnt\n|faint|p2a: BB\n|-end|p2a: BB|Protosynthesis|[silent]\n|\n|-heal|p2b: Gardenia|41\/100|[from] item: Leftovers\n|-heal|p1a: Magnezone|80\/100|[from] item: Leftovers\n|upkeep\n|l|\u2606GB Seraphix\n|player|p2|\n|j|\u2606GB Seraphix\n|player|p2|GB Seraphix|rosa\n|\n|t:|1681971740\n|switch|p2a: Hanabishi|Rotom-Wash, L50|100\/100\n|turn|6\n|\n|t:|1681971754\n|move|p2b: Gardenia|Yawn|p1a: Magnezone\n|-start|p1a: Magnezone|move: Yawn|[of] p2b: Gardenia\n|move|p2a: Hanabishi|Thunderbolt|p1a: Magnezone\n|-supereffective|p1a: Magnezone\n|-damage|p1a: Magnezone|0 fnt\n|faint|p1a: Magnezone\n|\n|win|GB Seraphix\n|raw|loew's rating: 1202 → 1174<\/strong> (-28 for losing)\n|raw|GB Seraphix's rating: 1162 → 1190<\/strong> (+28 for winning)\n|l|\u2606loew\n","uploadtime":1681971765,"views":8,"p1id":"loew","p2id":"gbseraphix","formatid":"gen9vgc2023regulationc","rating":1174,"private":0,"password":""}