{"id":"gen9vgc2023regulationc-1854351946","p1":"jdanhyde","p2":"zjhann","format":"[Gen 9] VGC 2023 Regulation C","log":"|j|\u2606jdanhyde\n|j|\u2606zjhann\n|t:|1682800302\n|gametype|doubles\n|player|p1|jdanhyde|steven|1194\n|player|p2|zjhann|265|1101\n|teamsize|p1|6\n|teamsize|p2|6\n|gen|9\n|tier|[Gen 9] VGC 2023 Regulation C\n|rated|\n|rule|Species Clause: Limit one of each Pok\u00e9mon\n|rule|Item Clause: Limit one of each item\n|clearpoke\n|poke|p1|Chien-Pao, L50|\n|poke|p1|Azumarill, L50, M|\n|poke|p1|Arcanine, L50, F|\n|poke|p1|Amoonguss, L50, M|\n|poke|p1|Corviknight, L50, M|\n|poke|p1|Farigiraf, L50, M|\n|poke|p2|Chi-Yu, L50|\n|poke|p2|Dachsbun, L50, F|\n|poke|p2|Dragonite, L50, F|\n|poke|p2|Flutter Mane, L50|\n|poke|p2|Azumarill, L50, M|\n|poke|p2|Chien-Pao, L50|\n|teampreview|4\n|inactive|Battle timer is ON: inactive players will automatically lose when time's up. (requested by jdanhyde)\n|\n|t:|1682800338\n|start\n|switch|p1a: Corviknight|Corviknight, L50, M|100\/100\n|switch|p1b: Farigiraf|Farigiraf, L50, M|100\/100\n|switch|p2a: Chi-Yu|Chi-Yu, L50|100\/100\n|switch|p2b: Dachsbun|Dachsbun, L50, F|100\/100\n|-ability|p2a: Chi-Yu|Beads of Ruin\n|turn|1\n|inactive|zjhann has 30 seconds left.\n|\n|t:|1682800371\n|-terastallize|p1b: Farigiraf|Fairy\n|move|p2a: Chi-Yu|Lava Plume|p1a: Corviknight|[spread] p1a,p1b\n|-ability|p2b: Dachsbun|Well-Baked Body|boost\n|-boost|p2b: Dachsbun|def|2\n|-supereffective|p1a: Corviknight\n|-crit|p1a: Corviknight\n|-damage|p1a: Corviknight|0 fnt\n|-damage|p1b: Farigiraf|53\/100\n|faint|p1a: Corviknight\n|move|p2b: Dachsbun|Yawn|p1b: Farigiraf\n|-start|p1b: Farigiraf|move: Yawn|[of] p2b: Dachsbun\n|move|p1b: Farigiraf|Calm Mind|p1b: Farigiraf\n|-boost|p1b: Farigiraf|spa|1\n|-boost|p1b: Farigiraf|spd|1\n|\n|upkeep\n|\n|t:|1682800382\n|switch|p1a: Azumarill|Azumarill, L50, M|100\/100\n|turn|2\n|\n|t:|1682800393\n|move|p1a: Azumarill|Aqua Jet|p2a: Chi-Yu\n|-supereffective|p2a: Chi-Yu\n|-damage|p2a: Chi-Yu|0 fnt\n|faint|p2a: Chi-Yu\n|-damage|p1a: Azumarill|91\/100|[from] item: Life Orb\n|move|p2b: Dachsbun|Yawn|p1a: Azumarill\n|-start|p1a: Azumarill|move: Yawn|[of] p2b: Dachsbun\n|move|p1b: Farigiraf|Hyper Voice|p2b: Dachsbun\n|-damage|p2b: Dachsbun|38\/100\n|\n|-heal|p2b: Dachsbun|44\/100|[from] item: Leftovers\n|-end|p1b: Farigiraf|move: Yawn|[silent]\n|-status|p1b: Farigiraf|slp\n|upkeep\n|\n|t:|1682800410\n|switch|p2a: Chien-Pao|Chien-Pao, L50|100\/100\n|-ability|p2a: Chien-Pao|Sword of Ruin\n|turn|3\n|\n|t:|1682800433\n|move|p2a: Chien-Pao|Throat Chop|p1a: Azumarill\n|-resisted|p1a: Azumarill\n|-damage|p1a: Azumarill|64\/100\n|-start|p1a: Azumarill|Throat Chop|[silent]\n|move|p2b: Dachsbun|Wish|p2b: Dachsbun\n|move|p1a: Azumarill|Brick Break|p2a: Chien-Pao\n|-supereffective|p2a: Chien-Pao\n|-enditem|p2a: Chien-Pao|Focus Sash\n|-damage|p2a: Chien-Pao|1\/100\n|-damage|p1a: Azumarill|55\/100|[from] item: Life Orb\n|cant|p1b: Farigiraf|slp\n|\n|-heal|p2b: Dachsbun|50\/100|[from] item: Leftovers\n|-end|p1a: Azumarill|move: Yawn|[silent]\n|-status|p1a: Azumarill|slp\n|upkeep\n|turn|4\n|inactive|zjhann has 30 seconds left.\n|inactive|zjhann has 20 seconds left.\n|inactive|zjhann has 15 seconds left.\n|inactive|zjhann has 10 seconds left.\n|inactive|zjhann has 5 seconds left.\n|\n|t:|1682800486\n|cant|p1a: Azumarill|slp\n|move|p2a: Chien-Pao|Throat Chop|p1a: Azumarill\n|-resisted|p1a: Azumarill\n|-damage|p1a: Azumarill|28\/100 slp\n|move|p2b: Dachsbun|Body Press|p1a: Azumarill\n|-resisted|p1a: Azumarill\n|-damage|p1a: Azumarill|0 fnt\n|faint|p1a: Azumarill\n|cant|p1b: Farigiraf|slp\n|\n|-heal|p2b: Dachsbun|100\/100|[from] move: Wish|[wisher] Dachsbun\n|upkeep\n|\n|t:|1682800496\n|switch|p1a: Chien-Pao|Chien-Pao, L50|100\/100\n|-ability|p1a: Chien-Pao|Sword of Ruin\n|turn|5\n|\n|t:|1682800514\n|move|p1a: Chien-Pao|Sucker Punch|p2a: Chien-Pao\n|-resisted|p2a: Chien-Pao\n|-damage|p2a: Chien-Pao|0 fnt\n|faint|p2a: Chien-Pao\n|move|p2b: Dachsbun|Body Press|p1a: Chien-Pao\n|-supereffective|p1a: Chien-Pao\n|-enditem|p1a: Chien-Pao|Focus Sash\n|-damage|p1a: Chien-Pao|1\/100\n|-curestatus|p1b: Farigiraf|slp|[msg]\n|move|p1b: Farigiraf|Calm Mind|p1b: Farigiraf\n|-boost|p1b: Farigiraf|spa|1\n|-boost|p1b: Farigiraf|spd|1\n|\n|upkeep\n|\n|t:|1682800536\n|switch|p2a: Flutter Mane|Flutter Mane, L50|100\/100\n|-enditem|p2a: Flutter Mane|Booster Energy\n|-activate|p2a: Flutter Mane|ability: Protosynthesis|[fromitem]\n|-start|p2a: Flutter Mane|protosynthesisspe\n|turn|6\n|\n|t:|1682800552\n|-terastallize|p2a: Flutter Mane|Fairy\n|move|p1a: Chien-Pao|Protect|p1a: Chien-Pao\n|-singleturn|p1a: Chien-Pao|Protect\n|move|p2a: Flutter Mane|Dazzling Gleam|p1b: Farigiraf|[spread] p1b\n|-activate|p1a: Chien-Pao|move: Protect\n|-damage|p1b: Farigiraf|31\/100\n|-enditem|p1b: Farigiraf|Sitrus Berry|[eat]\n|-heal|p1b: Farigiraf|56\/100|[from] item: Sitrus Berry\n|move|p2b: Dachsbun|Body Press|p1b: Farigiraf\n|-resisted|p1b: Farigiraf\n|-damage|p1b: Farigiraf|26\/100\n|move|p1b: Farigiraf|Hyper Voice|p2a: Flutter Mane|[spread] p2a,p2b\n|-damage|p2a: Flutter Mane|34\/100\n|-damage|p2b: Dachsbun|44\/100\n|\n|-heal|p2b: Dachsbun|50\/100|[from] item: Leftovers\n|upkeep\n|turn|7\n|\n|t:|1682800573\n|move|p1a: Chien-Pao|Sucker Punch|p2a: Flutter Mane\n|-resisted|p2a: Flutter Mane\n|-damage|p2a: Flutter Mane|0 fnt\n|faint|p2a: Flutter Mane\n|-end|p2a: Flutter Mane|Protosynthesis|[silent]\n|move|p2b: Dachsbun|Body Press|p1a: Chien-Pao\n|-supereffective|p1a: Chien-Pao\n|-damage|p1a: Chien-Pao|0 fnt\n|faint|p1a: Chien-Pao\n|move|p1b: Farigiraf|Psychic|p2b: Dachsbun\n|-damage|p2b: Dachsbun|0 fnt\n|faint|p2b: Dachsbun\n|\n|win|jdanhyde\n|raw|jdanhyde's rating: 1194 → 1212<\/strong> (+18 for winning)\n|raw|zjhann's rating: 1101 → 1083<\/strong> (-18 for losing)\n|l|\u2606zjhann\n|l|\u2606jdanhyde\n|j|\u2606jdanhyde\n|player|p1|jdanhyde|steven\n","uploadtime":1682800629,"views":22,"p1id":"jdanhyde","p2id":"zjhann","formatid":"gen9vgc2023regulationc","rating":1083,"private":0,"password":""}