{"id":"gen9vgc2023regulationc-1850812675","p1":"BattlelegendRyan","p2":"HDZActs","format":"[Gen 9] VGC 2023 Regulation C","log":"|j|\u2606BattlelegendRyan\n|j|\u2606HDZActs\n|t:|1682370232\n|gametype|doubles\n|player|p1|BattlelegendRyan|palmer|\n|player|p2|HDZActs|101|\n|teamsize|p1|6\n|teamsize|p2|6\n|gen|9\n|tier|[Gen 9] VGC 2023 Regulation C\n|rule|Species Clause: Limit one of each Pok\u00e9mon\n|rule|Item Clause: Limit one of each item\n|clearpoke\n|poke|p1|Chansey, L50, F|\n|poke|p1|Roaring Moon, L50|\n|poke|p1|Kingambit, L50, M|\n|poke|p1|Maushold-Four, L50|\n|poke|p1|Gengar, L50, M|\n|poke|p1|Gothitelle, L50, M|\n|poke|p2|Gengar, L50, M|\n|poke|p2|Iron Hands, L50|\n|poke|p2|Pelipper, L50, F|\n|poke|p2|Hatterene, L50, F|\n|poke|p2|Gholdengo, L50|\n|poke|p2|Arcanine, L50, M|\n|teampreview|4\n|inactive|Battle timer is ON: inactive players will automatically lose when time's up. (requested by BattlelegendRyan)\n|\n|t:|1682370245\n|start\n|switch|p1a: no.|Gothitelle, L50, M|100\/100\n|switch|p1b: bye bye|Gengar, L50, M|100\/100\n|switch|p2a: Gengar|Gengar, L50, M, shiny|100\/100\n|switch|p2b: Iron Hands|Iron Hands, L50|100\/100\n|-enditem|p2b: Iron Hands|Booster Energy\n|-activate|p2b: Iron Hands|ability: Quark Drive|[fromitem]\n|-start|p2b: Iron Hands|quarkdriveatk\n|turn|1\n|\n|t:|1682370264\n|move|p1a: no.|Fake Out|p2a: Gengar\n|-immune|p2a: Gengar\n|move|p2a: Gengar|Shadow Ball|p1b: bye bye\n|-supereffective|p1b: bye bye\n|-enditem|p1b: bye bye|Focus Sash\n|-damage|p1b: bye bye|1\/100\n|-start|p2a: Gengar|Disable|Shadow Ball|[from] ability: Cursed Body|[of] p1b: bye bye\n|move|p1b: bye bye|Perish Song|p1b: bye bye\n|-start|p1a: no.|perish3|[silent]\n|-start|p1b: bye bye|perish3|[silent]\n|-start|p2a: Gengar|perish3|[silent]\n|-start|p2b: Iron Hands|perish3|[silent]\n|-fieldactivate|move: Perish Song\n|move|p2b: Iron Hands|Drain Punch|p1a: no.\n|-resisted|p1a: no.\n|-damage|p1a: no.|67\/100\n|-damage|p2b: Iron Hands|84\/100|[from] item: Rocky Helmet|[of] p1a: no.\n|\n|-start|p2a: Gengar|perish3\n|-start|p1b: bye bye|perish3\n|-start|p1a: no.|perish3\n|-start|p2b: Iron Hands|perish3\n|upkeep\n|turn|2\n|inactive|HDZActs has 30 seconds left.\n|\n|t:|1682370294\n|move|p1b: bye bye|Protect|p1b: bye bye\n|-singleturn|p1b: bye bye|Protect\n|move|p1a: no.|Protect|p1a: no.\n|-singleturn|p1a: no.|Protect\n|move|p2a: Gengar|Toxic|p1a: no.\n|-activate|p1a: no.|move: Protect\n|move|p2b: Iron Hands|Drain Punch|p1a: no.\n|-activate|p1a: no.|move: Protect\n|\n|-start|p2a: Gengar|perish2\n|-start|p1b: bye bye|perish2\n|-start|p1a: no.|perish2\n|-start|p2b: Iron Hands|perish2\n|upkeep\n|turn|3\n|\n|t:|1682370318\n|switch|p1b: big fella|Chansey, L50, F|100\/100\n|move|p2a: Gengar|Toxic Spikes|p1b: big fella\n|-sidestart|p1: BattlelegendRyan|move: Toxic Spikes\n|move|p1a: no.|Substitute|p1a: no.\n|-start|p1a: no.|Substitute\n|-damage|p1a: no.|43\/100\n|move|p2b: Iron Hands|Drain Punch|p1a: no.\n|-resisted|p1a: no.\n|-end|p1a: no.|Substitute\n|-heal|p2b: Iron Hands|91\/100|[from] drain|[of] p1a: no.\n|\n|-start|p2a: Gengar|perish1\n|-start|p1a: no.|perish1\n|-start|p2b: Iron Hands|perish1\n|upkeep\n|turn|4\n|\n|t:|1682370339\n|move|p1a: no.|Protect|p1a: no.\n|-singleturn|p1a: no.|Protect\n|move|p1b: big fella|Protect|p1b: big fella\n|-singleturn|p1b: big fella|Protect\n|move|p2a: Gengar|Toxic|p1a: no.\n|-activate|p1a: no.|move: Protect\n|move|p2b: Iron Hands|Swords Dance|p2b: Iron Hands\n|-boost|p2b: Iron Hands|atk|2\n|\n|-end|p2a: Gengar|Disable\n|-start|p2a: Gengar|perish0\n|-start|p1a: no.|perish0\n|-start|p2b: Iron Hands|perish0\n|faint|p2a: Gengar\n|faint|p1a: no.\n|faint|p2b: Iron Hands\n|-end|p2b: Iron Hands|Quark Drive|[silent]\n|upkeep\n|\n|t:|1682370357\n|switch|p2a: Gholdengo|Gholdengo, L50|100\/100\n|switch|p1a: bye bye|Gengar, L50, M|1\/100\n|switch|p2b: Pelipper|Pelipper, L50, F, shiny|100\/100\n|-sideend|p1: BattlelegendRyan|move: Toxic Spikes|[of] p1a: bye bye\n|-weather|RainDance|[from] ability: Drizzle|[of] p2b: Pelipper\n|turn|5\n|\n|t:|1682370371\n|-terastallize|p2a: Gholdengo|Steel\n|move|p1a: bye bye|Perish Song|p1a: bye bye\n|-start|p1a: bye bye|perish3|[silent]\n|-start|p1b: big fella|perish3|[silent]\n|-immune|p2a: Gholdengo|[from] ability: Good as Gold\n|-start|p2b: Pelipper|perish3|[silent]\n|-fieldactivate|move: Perish Song\n|move|p2b: Pelipper|Tailwind|p2b: Pelipper\n|-sidestart|p2: HDZActs|move: Tailwind\n|move|p2a: Gholdengo|Make It Rain|p1b: big fella|[spread] p1a,p1b\n|-damage|p1a: bye bye|0 fnt\n|-damage|p1b: big fella|66\/100\n|-unboost|p2a: Gholdengo|spa|1\n|faint|p1a: bye bye\n|-damage|p2a: Gholdengo|91\/100|[from] item: Life Orb\n|move|p1b: big fella|Rock Slide|p2a: Gholdengo|[spread] p2a,p2b\n|-resisted|p2a: Gholdengo\n|-supereffective|p2b: Pelipper\n|-damage|p2a: Gholdengo|89\/100\n|-damage|p2b: Pelipper|93\/100\n|\n|-weather|RainDance|[upkeep]\n|-start|p2b: Pelipper|perish3\n|-start|p1b: big fella|perish3\n|upkeep\n|\n|t:|1682370388\n|switch|p1a: nuh uh|Kingambit, L50, M|100\/100\n|-activate|p1a: nuh uh|ability: Supreme Overlord\n|-start|p1a: nuh uh|fallen2|[silent]\n|turn|6\n|\n|t:|1682370406\n|-terastallize|p1a: nuh uh|Dark\n|move|p1b: big fella|Protect|p1b: big fella\n|-singleturn|p1b: big fella|Protect\n|move|p1a: nuh uh|Sucker Punch|p2a: Gholdengo\n|-damage|p2a: Gholdengo|24\/100\n|move|p2b: Pelipper|Hydro Pump|p1b: big fella\n|-activate|p1b: big fella|move: Protect\n|move|p2a: Gholdengo|Make It Rain|p1b: big fella|[spread] p1a\n|-activate|p1b: big fella|move: Protect\n|-damage|p1a: nuh uh|53\/100\n|-unboost|p2a: Gholdengo|spa|1\n|-damage|p2a: Gholdengo|15\/100|[from] item: Life Orb\n|\n|-weather|RainDance|[upkeep]\n|-start|p2b: Pelipper|perish2\n|-start|p1b: big fella|perish2\n|upkeep\n|turn|7\n|inactive|HDZActs has 30 seconds left.\n|\n|t:|1682370432\n|move|p1a: nuh uh|Sucker Punch|p2a: Gholdengo\n|-damage|p2a: Gholdengo|0 fnt\n|faint|p2a: Gholdengo\n|move|p2b: Pelipper|Hydro Pump|p1a: nuh uh\n|-damage|p1a: nuh uh|5\/100\n|move|p1b: big fella|Heal Pulse|p1a: nuh uh\n|-heal|p1a: nuh uh|55\/100\n|\n|-weather|RainDance|[upkeep]\n|-start|p2b: Pelipper|perish1\n|-start|p1b: big fella|perish1\n|upkeep\n|turn|8\n|\n|t:|1682370452\n|move|p1a: nuh uh|Sucker Punch|p2b: Pelipper\n|-damage|p2b: Pelipper|1\/100\n|move|p2b: Pelipper|Hydro Pump|p1a: nuh uh\n|-damage|p1a: nuh uh|6\/100\n|move|p1b: big fella|Heal Pulse|p1a: nuh uh\n|-heal|p1a: nuh uh|56\/100\n|\n|-weather|RainDance|[upkeep]\n|-start|p2b: Pelipper|perish0\n|-start|p1b: big fella|perish0\n|-sideend|p2: HDZActs|move: Tailwind\n|upkeep\n|faint|p2b: Pelipper\n|faint|p1b: big fella\n|\n|win|BattlelegendRyan\n|l|\u2606HDZActs\n","uploadtime":1682370723,"views":18,"p1id":"battlelegendryan","p2id":"hdzacts","formatid":"gen9vgc2023regulationc","rating":0,"private":0,"password":""}