{"id":"gen9vgc2023regulationc-1856505355","p1":"AmongusMAster5678","p2":"JeyK05","format":"[Gen 9] VGC 2023 Regulation C","log":"|j|\u2606AmongusMAster5678\n|j|\u2606JeyK05\n|t:|1683069186\n|gametype|doubles\n|player|p1|AmongusMAster5678|101|\n|player|p2|JeyK05|2|\n|teamsize|p1|6\n|teamsize|p2|6\n|gen|9\n|tier|[Gen 9] VGC 2023 Regulation C\n|rated|Tournament battle\n|rule|Species Clause: Limit one of each Pok\u00e9mon\n|rule|Item Clause: Limit one of each item\n|clearpoke\n|poke|p1|Glimmora, L50, F|\n|poke|p1|Amoonguss, L50, F|\n|poke|p1|Dondozo, L50, M|\n|poke|p1|Tatsugiri, L50, F|\n|poke|p1|Flutter Mane, L50|\n|poke|p1|Arcanine, L50, M|\n|poke|p2|Slaking, L50, M|\n|poke|p2|Grafaiai, L50, M|\n|poke|p2|Dragapult, L50, M|\n|poke|p2|Murkrow, L50, M|\n|poke|p2|Palafin, L50, F|\n|poke|p2|Gholdengo, L50|\n|teampreview|4\n|raw| Open Team Sheet for AmongusMAster5678<\/summary>Glimmora @ Assault Vest Ability: Corrosion Level: 50 Tera Type: Grass - Mortal Spin - Energy Ball - Power Gem - Sludge Bomb Amoonguss @ Sitrus Berry Ability: Regenerator Level: 50 Tera Type: Water - Rage Powder - Protect - Leaf Storm - Pollen Puff Donbozo (Dondozo) @ Leftovers Ability: Oblivious Level: 50 Tera Type: Grass - Tera Blast - Earthquake - Wave Crash - Protect Tatsugiri @ Choice Scarf Ability: Commander Level: 50 Tera Type: Steel - Draco Meteor - Surf - Icy Wind - Chilling Water Flutter Mane @ Booster Energy Ability: Protosynthesis Level: 50 Shiny: Yes Tera Type: Water - Protect - Perish Song - Shadow Ball - Dazzling Gleam Arcanine @ Safety Goggles Ability: Intimidate Level: 50 Tera Type: Water - Protect - Extreme Speed - Flare Blitz - Will-O-Wisp <\/details><\/div> Open Team Sheet for JeyK05<\/summary>Slaking @ Aguav Berry Ability: Truant Level: 50 Tera Type: Electric - Sucker Punch - Body Slam - Wild Charge - Trailblaze Grafaiai @ Focus Sash Ability: Prankster Level: 50 Tera Type: Poison - Toxic - Doodle - Poison Jab - Swagger Dragapult @ Persim Berry Ability: Cursed Body Level: 50 Tera Type: Steel - Dragon Tail - Phantom Force - Tera Blast - Sucker Punch Murkrow @ Eviolite Ability: Prankster Level: 50 Tera Type: Dark - Tailwind - Foul Play - Haze - Perish Song Palafin @ Mystic Water Ability: Zero to Hero Level: 50 Tera Type: Steel - Flip Turn - Jet Punch - Close Combat - Iron Head Gholdengo @ Rocky Helmet Ability: Good as Gold Level: 50 Tera Type: Steel - Make It Rain - Nasty Plot - Recover - Shadow Ball <\/details><\/div>\n|inactive|Battle timer is ON: inactive players will automatically lose when time's up. (requested by AmongusMAster5678)\n|inactive|AmongusMAster5678 has 60 seconds left.\n|\n|t:|1683069235\n|start\n|switch|p1a: Glimmora|Glimmora, L50, F|100\/100\n|switch|p1b: Donbozo|Dondozo, L50, M|100\/100\n|switch|p2a: Murkrow|Murkrow, L50, M|100\/100\n|switch|p2b: Palafin|Palafin, L50, F|100\/100\n|turn|1\n|inactive|JeyK05 has 30 seconds left.\n|j| dman12352\n|inactive|JeyK05 has 20 seconds left.\n|\n|t:|1683069271\n|switch|p1b: Amoonguss|Amoonguss, L50, F|100\/100\n|-terastallize|p1a: Glimmora|Grass\n|move|p2a: Murkrow|Tailwind|p2a: Murkrow\n|-sidestart|p2: JeyK05|move: Tailwind\n|move|p2b: Palafin|Flip Turn|p1a: Glimmora\n|-resisted|p1a: Glimmora\n|-damage|p1a: Glimmora|89\/100\n|\n|t:|1683069294\n|detailschange|p2b: Palafin|Palafin-Hero, L50, F\n|switch|p2b: Grafaiai|Grafaiai, L50, M|100\/100|[from] Flip Turn\n|move|p1a: Glimmora|Mortal Spin|p2b: Grafaiai|[spread] p2a,p2b\n|-resisted|p2b: Grafaiai\n|-crit|p2b: Grafaiai\n|-damage|p2a: Murkrow|95\/100\n|-damage|p2b: Grafaiai|96\/100\n|-status|p2a: Murkrow|psn\n|-status|p2b: Grafaiai|psn\n|\n|-damage|p2b: Grafaiai|83\/100 psn|[from] psn\n|-damage|p2a: Murkrow|83\/100 psn|[from] psn\n|upkeep\n|turn|2\n|inactive|AmongusMAster5678 has 30 seconds left.\n|inactive|JeyK05 has 30 seconds left.\n|inactive|JeyK05 has 20 seconds left.\n|inactive|JeyK05 has 15 seconds left.\n|inactive|AmongusMAster5678 has 20 seconds left.\n|inactive|JeyK05 has 10 seconds left.\n|inactive|AmongusMAster5678 has 15 seconds left.\n|\n|t:|1683069346\n|move|p2a: Murkrow|Perish Song|p2a: Murkrow\n|-start|p1a: Glimmora|perish3|[silent]\n|-start|p1b: Amoonguss|perish3|[silent]\n|-start|p2a: Murkrow|perish3|[silent]\n|-start|p2b: Grafaiai|perish3|[silent]\n|-fieldactivate|move: Perish Song\n|move|p2b: Grafaiai|Poison Jab|p1b: Amoonguss\n|-damage|p1b: Amoonguss|75\/100\n|move|p1a: Glimmora|Power Gem|p2a: Murkrow\n|-supereffective|p2a: Murkrow\n|-damage|p2a: Murkrow|7\/100 psn\n|move|p1b: Amoonguss|Leaf Storm|p2a: Murkrow\n|-resisted|p2a: Murkrow\n|-damage|p2a: Murkrow|0 fnt\n|-unboost|p1b: Amoonguss|spa|2\n|faint|p2a: Murkrow\n|\n|-damage|p2b: Grafaiai|71\/100 psn|[from] psn\n|-start|p2b: Grafaiai|perish3\n|-start|p1a: Glimmora|perish3\n|-start|p1b: Amoonguss|perish3\n|upkeep\n|\n|t:|1683069362\n|switch|p2a: Slaking|Slaking, L50, M|100\/100\n|turn|3\n|\n|t:|1683069375\n|move|p1b: Amoonguss|Rage Powder|p1b: Amoonguss\n|-singleturn|p1b: Amoonguss|move: Rage Powder\n|move|p2b: Grafaiai|Doodle|p1b: Amoonguss\n|-endability|p2a: Slaking|Truant|[from] move: Doodle\n|-ability|p2a: Slaking|Regenerator|[from] move: Doodle\n|-endability|p2b: Grafaiai|Prankster|[from] move: Doodle\n|-ability|p2b: Grafaiai|Regenerator|[from] move: Doodle\n|move|p2a: Slaking|Body Slam|p1b: Amoonguss\n|-damage|p1b: Amoonguss|32\/100\n|-enditem|p1b: Amoonguss|Sitrus Berry|[eat]\n|-heal|p1b: Amoonguss|57\/100|[from] item: Sitrus Berry\n|move|p1a: Glimmora|Mortal Spin|p2b: Grafaiai|[spread] p2a,p2b\n|-resisted|p2b: Grafaiai\n|-damage|p2a: Slaking|96\/100\n|-damage|p2b: Grafaiai|68\/100 psn\n|-status|p2a: Slaking|psn\n|\n|-damage|p2a: Slaking|84\/100 psn|[from] psn\n|-damage|p2b: Grafaiai|55\/100 psn|[from] psn\n|-start|p2b: Grafaiai|perish2\n|-start|p1a: Glimmora|perish2\n|-start|p1b: Amoonguss|perish2\n|upkeep\n|turn|4\n|inactive|JeyK05 has 30 seconds left.\n|\n|t:|1683069403\n|switch|p2b: Palafin|Palafin-Hero, L50, F|100\/100\n|-activate|p2b: Palafin|ability: Zero to Hero\n|switch|p1a: Flutter Mane|Flutter Mane, L50, shiny|100\/100\n|-enditem|p1a: Flutter Mane|Booster Energy\n|-activate|p1a: Flutter Mane|ability: Protosynthesis|[fromitem]\n|-start|p1a: Flutter Mane|protosynthesisspa\n|move|p1b: Amoonguss|Rage Powder|p1b: Amoonguss\n|-singleturn|p1b: Amoonguss|move: Rage Powder\n|move|p2a: Slaking|Body Slam|p1b: Amoonguss\n|-damage|p1b: Amoonguss|14\/100\n|\n|-damage|p2a: Slaking|72\/100 psn|[from] psn\n|-start|p1b: Amoonguss|perish1\n|-sideend|p2: JeyK05|move: Tailwind\n|upkeep\n|turn|5\n|inactive|JeyK05 has 30 seconds left.\n|\n|t:|1683069431\n|switch|p1b: Donbozo|Dondozo, L50, M|100\/100\n|move|p1a: Flutter Mane|Protect|p1a: Flutter Mane\n|-singleturn|p1a: Flutter Mane|Protect\n|move|p2a: Slaking|Sucker Punch||[still]\n|-fail|p2a: Slaking\n|move|p2b: Palafin|Jet Punch|p1a: Flutter Mane\n|-activate|p1a: Flutter Mane|move: Protect\n|\n|-damage|p2a: Slaking|59\/100 psn|[from] psn\n|upkeep\n|turn|6\n|\n|t:|1683069456\n|move|p1a: Flutter Mane|Shadow Ball|p2b: Palafin\n|-damage|p2b: Palafin|39\/100\n|-unboost|p2b: Palafin|spd|1\n|move|p2b: Palafin|Iron Head|p1a: Flutter Mane\n|-supereffective|p1a: Flutter Mane\n|-damage|p1a: Flutter Mane|0 fnt\n|faint|p1a: Flutter Mane\n|-end|p1a: Flutter Mane|Protosynthesis|[silent]\n|move|p2a: Slaking|Wild Charge|p1b: Donbozo\n|-supereffective|p1b: Donbozo\n|-damage|p1b: Donbozo|53\/100\n|-damage|p2a: Slaking|47\/100 psn|[from] Recoil\n|move|p1b: Donbozo|Wave Crash|p2b: Palafin\n|-resisted|p2b: Palafin\n|-damage|p2b: Palafin|15\/100\n|-damage|p1b: Donbozo|47\/100|[from] Recoil\n|\n|-heal|p1b: Donbozo|53\/100|[from] item: Leftovers\n|-damage|p2a: Slaking|34\/100 psn|[from] psn\n|upkeep\n|\n|t:|1683069476\n|switch|p1a: Amoonguss|Amoonguss, L50, F|47\/100\n|turn|7\n|\n|t:|1683069497\n|switch|p1a: Glimmora|Glimmora, L50, F, tera:Grass|89\/100\n|move|p1b: Donbozo|Protect|p1b: Donbozo\n|-singleturn|p1b: Donbozo|Protect\n|move|p2a: Slaking|Wild Charge|p1b: Donbozo\n|-activate|p1b: Donbozo|move: Protect\n|move|p2b: Palafin|Flip Turn|p1a: Glimmora\n|-resisted|p1a: Glimmora\n|-damage|p1a: Glimmora|68\/100\n|\n|t:|1683069506\n|switch|p2b: Grafaiai|Grafaiai, L50, M|88\/100 psn|[from] Flip Turn\n|\n|-heal|p1b: Donbozo|59\/100|[from] item: Leftovers\n|-damage|p2a: Slaking|22\/100 psn|[from] psn\n|-damage|p2b: Grafaiai|76\/100 psn|[from] psn\n|upkeep\n|-enditem|p2a: Slaking|Aguav Berry|[eat]\n|-heal|p2a: Slaking|55\/100 psn|[from] item: Aguav Berry\n|turn|8\n|\n|t:|1683069525\n|switch|p1b: Amoonguss|Amoonguss, L50, F|80\/100\n|move|p2b: Grafaiai|Toxic|p1b: Amoonguss\n|-immune|p1b: Amoonguss\n|move|p2a: Slaking|Body Slam|p1a: Glimmora\n|-damage|p1a: Glimmora|24\/100\n|-status|p1a: Glimmora|par\n|move|p1a: Glimmora|Energy Ball|p2a: Slaking\n|-damage|p2a: Slaking|6\/100 psn\n|\n|-damage|p2a: Slaking|0 fnt|[from] psn\n|faint|p2a: Slaking\n|-damage|p2b: Grafaiai|63\/100 psn|[from] psn\n|upkeep\n|\n|t:|1683069539\n|switch|p2a: Palafin|Palafin-Hero, L50, F|15\/100\n|turn|9\n|\n|t:|1683069552\n|move|p1b: Amoonguss|Rage Powder|p1b: Amoonguss\n|-singleturn|p1b: Amoonguss|move: Rage Powder\n|move|p2a: Palafin|Jet Punch|p1b: Amoonguss\n|-resisted|p1b: Amoonguss\n|-damage|p1b: Amoonguss|62\/100\n|move|p2b: Grafaiai|Poison Jab|p1b: Amoonguss\n|-damage|p1b: Amoonguss|37\/100\n|move|p1a: Glimmora|Energy Ball|p2a: Palafin\n|-supereffective|p2a: Palafin\n|-damage|p2a: Palafin|0 fnt\n|faint|p2a: Palafin\n|\n|-damage|p2b: Grafaiai|51\/100 psn|[from] psn\n|upkeep\n|turn|10\n|l| dman12352\n|\n|t:|1683069566\n|switch|p1b: Donbozo|Dondozo, L50, M|59\/100\n|move|p2b: Grafaiai|Poison Jab|p1b: Donbozo\n|-damage|p1b: Donbozo|40\/100\n|move|p1a: Glimmora|Power Gem|p2b: Grafaiai\n|-damage|p2b: Grafaiai|13\/100 psn\n|\n|-heal|p1b: Donbozo|46\/100|[from] item: Leftovers\n|-damage|p2b: Grafaiai|1\/100 psn|[from] psn\n|upkeep\n|turn|11\n|\n|t:|1683069578\n|move|p1b: Donbozo|Protect|p1b: Donbozo\n|-singleturn|p1b: Donbozo|Protect\n|move|p2b: Grafaiai|Poison Jab|p1a: Glimmora\n|-supereffective|p1a: Glimmora\n|-damage|p1a: Glimmora|0 fnt\n|faint|p1a: Glimmora\n|\n|-heal|p1b: Donbozo|52\/100|[from] item: Leftovers\n|-damage|p2b: Grafaiai|0 fnt|[from] psn\n|faint|p2b: Grafaiai\n|\n|win|AmongusMAster5678\n|upkeep\n|n|\u2606AmongusMAster5678|amongusmaster5678\n|n|\u2606JeyK05|jeyk05\n|l|\u2606JeyK05\n","uploadtime":1683071278,"views":10,"p1id":"amongusmaster5678","p2id":"jeyk05","formatid":"gen9vgc2023regulationc","rating":0,"private":0,"password":""}