{"id":"gen9vgc2023regulationc-1851274934","p1":"Tronplex","p2":"BakedAlfredo","format":"[Gen 9] VGC 2023 Regulation C","log":"|j|\u2606Tronplex\n|j|\u2606BakedAlfredo\n|t:|1682431745\n|gametype|doubles\n|player|p1|Tronplex|2|1139\n|player|p2|BakedAlfredo|hilbert|1238\n|teamsize|p1|6\n|teamsize|p2|6\n|gen|9\n|tier|[Gen 9] VGC 2023 Regulation C\n|rated|\n|rule|Species Clause: Limit one of each Pok\u00e9mon\n|rule|Item Clause: Limit one of each item\n|clearpoke\n|poke|p1|Chi-Yu, L50|\n|poke|p1|Magnezone, L50|\n|poke|p1|Gyarados, L50, F|\n|poke|p1|Hydreigon, L50, F|\n|poke|p1|Great Tusk, L50|\n|poke|p1|Brambleghast, L50, M|\n|poke|p2|Hatterene, L50, F|\n|poke|p2|Wo-Chien, L50|\n|poke|p2|Gastrodon, L50, F|\n|poke|p2|Maushold, L50|\n|poke|p2|Ting-Lu, L50|\n|poke|p2|Ceruledge, L50, M|\n|teampreview|4\n|inactive|Battle timer is ON: inactive players will automatically lose when time's up. (requested by BakedAlfredo)\n|inactive|Tronplex has 60 seconds left.\n|inactive|BakedAlfredo has 60 seconds left.\n|inactive|BakedAlfredo has 30 seconds left.\n|inactive|BakedAlfredo has 20 seconds left.\n|inactive|BakedAlfredo has 15 seconds left.\n|inactive|BakedAlfredo has 10 seconds left.\n|\n|t:|1682431832\n|start\n|switch|p1a: Magnezone|Magnezone, L50|100\/100\n|switch|p1b: Hydreigon|Hydreigon, L50, F|100\/100\n|switch|p2a: Hatterene|Hatterene, L50, F, shiny|100\/100\n|switch|p2b: Wo-Chien|Wo-Chien, L50|100\/100\n|-ability|p2b: Wo-Chien|Tablets of Ruin\n|turn|1\n|inactive|BakedAlfredo has 30 seconds left.\n|inactive|BakedAlfredo has 20 seconds left.\n|\n|t:|1682431870\n|switch|p2b: Gastrodon|Gastrodon, L50, F, shiny|100\/100\n|switch|p2a: Cereal|Ting-Lu, L50|100\/100\n|-ability|p2a: Cereal|Vessel of Ruin\n|move|p1b: Hydreigon|Dark Pulse|p2a: Cereal\n|-resisted|p2a: Cereal\n|-damage|p2a: Cereal|93\/100\n|move|p1a: Magnezone|Flash Cannon|p2a: Cereal\n|-damage|p2a: Cereal|78\/100\n|\n|upkeep\n|turn|2\n|inactive|BakedAlfredo has 30 seconds left.\n|inactive|BakedAlfredo has 20 seconds left.\n|inactive|BakedAlfredo has 15 seconds left.\n|inactive|BakedAlfredo has 10 seconds left.\n|\n|t:|1682431919\n|move|p1b: Hydreigon|Tailwind|p1b: Hydreigon\n|-sidestart|p1: Tronplex|move: Tailwind\n|move|p1a: Magnezone|Light Screen|p1a: Magnezone\n|-sidestart|p1: Tronplex|move: Light Screen\n|move|p2b: Gastrodon|Earth Power|p1a: Magnezone\n|-supereffective|p1a: Magnezone\n|-ability|p1a: Magnezone|Sturdy\n|-damage|p1a: Magnezone|1\/100\n|-unboost|p1a: Magnezone|spd|1\n|-damage|p2b: Gastrodon|90\/100|[from] item: Life Orb\n|move|p2a: Cereal|Heavy Slam|p1b: Hydreigon\n|-crit|p1b: Hydreigon\n|-damage|p1b: Hydreigon|48\/100\n|\n|upkeep\n|turn|3\n|inactive|Tronplex has 30 seconds left.\n|inactive|Tronplex has 20 seconds left.\n|\n|t:|1682431956\n|move|p1b: Hydreigon|Protect|p1b: Hydreigon\n|-singleturn|p1b: Hydreigon|Protect\n|move|p1a: Magnezone|Flash Cannon|p2a: Cereal\n|-damage|p2a: Cereal|63\/100\n|move|p2b: Gastrodon|Sludge Bomb|p1b: Hydreigon\n|-activate|p1b: Hydreigon|move: Protect\n|move|p2a: Cereal|Stomping Tantrum|p1a: Magnezone\n|-supereffective|p1a: Magnezone\n|-damage|p1a: Magnezone|0 fnt\n|faint|p1a: Magnezone\n|\n|upkeep\n|\n|t:|1682431974\n|switch|p1a: Brambleghast|Brambleghast, L50, M|100\/100\n|-ability|p1a: Brambleghast|Wind Rider|boost\n|-boost|p1a: Brambleghast|atk|1\n|turn|4\n|\n|t:|1682431989\n|switch|p2b: Wo-Chien|Wo-Chien, L50|100\/100\n|-ability|p2b: Wo-Chien|Tablets of Ruin\n|move|p1b: Hydreigon|Draco Meteor|p2b: Wo-Chien\n|-damage|p2b: Wo-Chien|64\/100\n|-unboost|p1b: Hydreigon|spa|2\n|move|p1a: Brambleghast|Power Whip|p2a: Cereal\n|-supereffective|p2a: Cereal\n|-damage|p2a: Cereal|0 fnt\n|faint|p2a: Cereal\n|\n|-heal|p2b: Wo-Chien|70\/100|[from] item: Leftovers\n|upkeep\n|\n|t:|1682432004\n|switch|p2a: Hatterene|Hatterene, L50, F, shiny|100\/100\n|turn|5\n|inactive|BakedAlfredo has 30 seconds left.\n|\n|t:|1682432030\n|move|p1b: Hydreigon|Protect|p1b: Hydreigon\n|-singleturn|p1b: Hydreigon|Protect\n|move|p1a: Brambleghast|Power Whip|p2a: Hatterene\n|-damage|p2a: Hatterene|23\/100\n|move|p2b: Wo-Chien|Ruination|p1a: Brambleghast\n|-damage|p1a: Brambleghast|50\/100\n|move|p2a: Hatterene|Trick Room|p2a: Hatterene\n|-fieldstart|move: Trick Room|[of] p2a: Hatterene\n|\n|-heal|p2b: Wo-Chien|76\/100|[from] item: Leftovers\n|-sideend|p1: Tronplex|move: Tailwind\n|upkeep\n|turn|6\n|inactive|Tronplex has 30 seconds left.\n|inactive|BakedAlfredo has 30 seconds left.\n|inactive|Tronplex has 20 seconds left.\n|inactive|Tronplex has 15 seconds left.\n|\n|t:|1682432075\n|switch|p1b: Great Tusk|Great Tusk, L50|100\/100\n|move|p1a: Brambleghast|Shadow Sneak|p2a: Hatterene\n|-supereffective|p2a: Hatterene\n|-damage|p2a: Hatterene|0 fnt\n|faint|p2a: Hatterene\n|move|p2b: Wo-Chien|Pollen Puff|p2: Hatterene|[notarget]\n|-fail|p2b: Wo-Chien\n|\n|-heal|p2b: Wo-Chien|82\/100|[from] item: Leftovers\n|-sideend|p1: Tronplex|move: Light Screen\n|upkeep\n|\n|t:|1682432087\n|switch|p2a: Gastrodon|Gastrodon, L50, F, shiny|90\/100\n|turn|7\n|\n|t:|1682432109\n|move|p1a: Brambleghast|Protect|p1a: Brambleghast\n|-singleturn|p1a: Brambleghast|Protect\n|move|p1b: Great Tusk|Protect|p1b: Great Tusk\n|-singleturn|p1b: Great Tusk|Protect\n|move|p2a: Gastrodon|Hydro Pump|p1b: Great Tusk\n|-activate|p1b: Great Tusk|move: Protect\n|move|p2b: Wo-Chien|Ruination|p1a: Brambleghast\n|-activate|p1a: Brambleghast|move: Protect\n|\n|-heal|p2b: Wo-Chien|88\/100|[from] item: Leftovers\n|upkeep\n|turn|8\n|\n|t:|1682432133\n|-end|p1b: Great Tusk|Protosynthesis|[silent]\n|switch|p1b: Hydreigon|Hydreigon, L50, F|48\/100\n|-terastallize|p2b: Wo-Chien|Poison\n|move|p2a: Gastrodon|Sludge Bomb|p1a: Brambleghast\n|-damage|p1a: Brambleghast|0 fnt\n|faint|p1a: Brambleghast\n|-damage|p2a: Gastrodon|80\/100|[from] item: Life Orb\n|move|p2b: Wo-Chien|Leech Seed|p1b: Hydreigon\n|-start|p1b: Hydreigon|move: Leech Seed\n|\n|-heal|p2b: Wo-Chien|94\/100|[from] item: Leftovers\n|-damage|p1b: Hydreigon|36\/100|[from] Leech Seed|[of] p2b: Wo-Chien\n|-heal|p2b: Wo-Chien|100\/100|[silent]\n|upkeep\n|\n|t:|1682432148\n|switch|p1a: Great Tusk|Great Tusk, L50|100\/100\n|turn|9\n|inactive|BakedAlfredo has 30 seconds left.\n|\n|t:|1682432177\n|move|p1a: Great Tusk|Protect|p1a: Great Tusk\n|-singleturn|p1a: Great Tusk|Protect\n|move|p2a: Gastrodon|Hydro Pump|p1a: Great Tusk\n|-activate|p1a: Great Tusk|move: Protect\n|move|p2b: Wo-Chien|Pollen Puff|p2a: Gastrodon\n|-heal|p2a: Gastrodon|100\/100\n|move|p1b: Hydreigon|Draco Meteor|p2a: Gastrodon\n|-damage|p2a: Gastrodon|31\/100\n|-unboost|p1b: Hydreigon|spa|2\n|\n|-damage|p1b: Hydreigon|24\/100|[from] Leech Seed|[of] p2b: Wo-Chien\n|-fieldend|move: Trick Room\n|upkeep\n|turn|10\n|inactive|Tronplex has 30 seconds left.\n|inactive|BakedAlfredo has 30 seconds left.\n|\n|t:|1682432205\n|-terastallize|p1a: Great Tusk|Ground\n|move|p1b: Hydreigon|Dark Pulse|p2a: Gastrodon\n|-damage|p2a: Gastrodon|10\/100\n|move|p1a: Great Tusk|Earthquake|p2a: Gastrodon|[spread] p2a,p2b\n|-immune|p1b: Hydreigon|[from] ability: Levitate\n|-supereffective|p2b: Wo-Chien\n|-damage|p2a: Gastrodon|0 fnt\n|-damage|p2b: Wo-Chien|43\/100\n|faint|p2a: Gastrodon\n|move|p2b: Wo-Chien|Leech Seed|p1a: Great Tusk\n|-start|p1a: Great Tusk|move: Leech Seed\n|\n|-heal|p2b: Wo-Chien|49\/100|[from] item: Leftovers\n|-damage|p1b: Hydreigon|12\/100|[from] Leech Seed|[of] p2b: Wo-Chien\n|-heal|p2b: Wo-Chien|60\/100|[silent]\n|-damage|p1a: Great Tusk|88\/100|[from] Leech Seed|[of] p2b: Wo-Chien\n|-heal|p2b: Wo-Chien|73\/100|[silent]\n|upkeep\n|turn|11\n|\n|t:|1682432227\n|move|p1b: Hydreigon|Dark Pulse|p2b: Wo-Chien\n|-damage|p2b: Wo-Chien|59\/100\n|move|p1a: Great Tusk|Earthquake|p2b: Wo-Chien|[spread] p2b\n|-immune|p1b: Hydreigon|[from] ability: Levitate\n|-supereffective|p2b: Wo-Chien\n|-damage|p2b: Wo-Chien|5\/100\n|move|p2b: Wo-Chien|Ruination|p1a: Great Tusk\n|-damage|p1a: Great Tusk|45\/100\n|\n|-heal|p2b: Wo-Chien|12\/100|[from] item: Leftovers\n|-damage|p1b: Hydreigon|0 fnt|[from] Leech Seed|[of] p2b: Wo-Chien\n|-heal|p2b: Wo-Chien|22\/100|[silent]\n|faint|p1b: Hydreigon\n|-damage|p1a: Great Tusk|33\/100|[from] Leech Seed|[of] p2b: Wo-Chien\n|-heal|p2b: Wo-Chien|35\/100|[silent]\n|upkeep\n|turn|12\n|\n|t:|1682432249\n|move|p2b: Wo-Chien|Protect|p2b: Wo-Chien\n|-singleturn|p2b: Wo-Chien|Protect\n|move|p1a: Great Tusk|Earthquake|p2b: Wo-Chien\n|-activate|p2b: Wo-Chien|move: Protect\n|\n|-heal|p2b: Wo-Chien|41\/100|[from] item: Leftovers\n|-damage|p1a: Great Tusk|20\/100|[from] Leech Seed|[of] p2b: Wo-Chien\n|-heal|p2b: Wo-Chien|54\/100|[silent]\n|upkeep\n|turn|13\n|\n|t:|1682432268\n|move|p1a: Great Tusk|Earthquake|p2b: Wo-Chien\n|-supereffective|p2b: Wo-Chien\n|-damage|p2b: Wo-Chien|0 fnt\n|faint|p2b: Wo-Chien\n|\n|win|Tronplex\n|raw|Tronplex's rating: 1139 → 1171<\/strong> (+32 for winning)\n|raw|BakedAlfredo's rating: 1238 → 1206<\/strong> (-32 for losing)\n|l|\u2606BakedAlfredo\n","uploadtime":1682432274,"views":18,"p1id":"tronplex","p2id":"bakedalfredo","formatid":"gen9vgc2023regulationc","rating":1171,"private":0,"password":""}